市场代码,合约代码,时间,最新,持仓,增仓,成交额,成交量,开仓,平仓,成交类型,方向,买一价,买二价,买三价,买四价,买五价,卖一价,卖二价,卖三价,卖四价,卖五价,买一量,买二量,买三量,买四量,买五量,卖一量,卖二量,卖三量,卖四量,卖五量
SF,IH2103,2020-10-16 09:29:00.100,3326.6000,8154,0,3991920.000,4.000,-,-,-,-,3325.0000,3320.6000,3318.8000,3318.0000,3317.2000,3327.8000,3329.0000,3329.4000,3330.0000,3331.0000,1,1,1,1,1,4,21,1,20,20
SF,IH2103,2020-10-16 09:30:00.100,3327.8000,8157,3,6986940.000,3,3,0,双开,S,3325.0000,3320.6000,3318.8000,3318.0000,3317.2000,3327.8000,3329.0000,3329.4000,3330.0000,3331.0000,1,1,1,1,1,1,21,1,20,20
SF,IH2103,2020-10-16 09:30:00.600,3325.2000,8156,-1,7984500.000,1,0,1,双平,S,3325.2000,3325.0000,3318.0000,3317.2000,3316.4000,3327.6000,3329.0000,3330.0000,3331.0000,3332.0000,2,1,1,1,1,1,21,20,20,20
SF,IH2103,2020-10-16 09:30:01.100,3327.6000,8155,-1,9981060.000,2,0,2,多平,S,3325.4000,3325.2000,3325.0000,3318.0000,3317.2000,3329.0000,3330.0000,3331.0000,3332.0000,3333.0000,1,2,2,1,1,21,20,20,20,25
SF,IH2103,2020-10-16 09:30:01.600,3327.6000,8155,0,9981060.000,0,-,-,-,-,3327.6000,3326.2000,3325.8000,3325.6000,3325.4000,3328.8000,3329.0000,3330.0000,3331.0000,3332.0000,1,3,6,4,1,1,21,20,20,20
SF,IH2103,2020-10-16 09:30:02.100,3329.0000,8154,-1,10979760.000,1,0,1,双平,S,3328.8000,3328.0000,3327.8000,3327.6000,3325.6000,3329.0000,3330.0000,3331.0000,3332.0000,3333.0000,2,6,3,1,2,20,20,20,20,25
SF,IH2103,2020-10-16 09:30:02.600,3329.0000,8144,-10,20966580.000,10,0,10,双平,S,3327.8000,3327.6000,3325.6000,3325.0000,3318.0000,3329.0000,3330.0000,3331.0000,3332.0000,3333.0000,1,1,1,2,1,13,20,20,20,25
SF,IH2103,2020-10-16 09:30:03.100,3329.0000,8141,-3,25960080.000,5,1,4,多平,S,3328.0000,3327.6000,3325.6000,3325.2000,3325.0000,3329.0000,3330.0000,3331.0000,3332.0000,3333.0000,7,1,1,1,1,9,20,20,20,25
SF,IH2103,2020-10-16 09:30:03.600,3329.0000,8136,-5,36943200.000,11,3,8,多平,S,3325.6000,3325.2000,3325.0000,3318.0000,3317.2000,3329.0000,3330.0000,3331.0000,3332.0000,3333.0000,1,1,1,1,1,7,20,20,20,25
SF,IH2103,2020-10-16 09:30:04.100,3329.0000,8135,-1,37941900.000,1,0,1,双平,S,3328.2000,3325.8000,3325.6000,3325.2000,3325.0000,3328.8000,3329.0000,3330.0000,3331.0000,3332.0000,4,2,1,1,1,1,8,20,20,20
SF,IH2103,2020-10-16 09:30:04.600,3329.0000,8135,0,37941900.000,0,-,-,-,-,3328.4000,3326.0000,3325.6000,3325.2000,3325.0000,3328.8000,3329.0000,3330.0000,3331.0000,3332.0000,2,1,1,1,1,2,8,20,20,20
SF,IH2103,2020-10-16 09:30:05.100,3329.0000,8135,0,38940600.000,1,0,1,多换,S,3328.6000,3328.4000,3326.0000,3325.6000,3325.2000,3328.8000,3329.0000,3330.0000,3331.0000,3332.0000,5,1,1,1,1,1,8,20,20,20
SF,IH2103,2020-10-16 09:30:05.600,3329.0000,8133,-2,40937940.000,2,0,2,双平,S,3328.8000,3328.6000,3328.4000,3326.0000,3325.6000,3329.0000,3330.0000,3331.0000,3332.0000,3333.0000,2,1,1,1,1,7,20,20,20,25
SF,IH2103,2020-10-16 09:30:06.100,3330.0000,8122,-11,51924120.000,11,0,11,双平,S,3329.4000,3328.6000,3326.0000,3325.6000,3325.2000,3330.0000,3331.0000,3332.0000,3333.0000,3334.0000,1,1,1,1,1,18,20,20,25,20
SF,IH2103,2020-10-16 09:30:06.600,3330.0000,8118,-4,55919880.000,4,0,4,双平,S,3329.4000,3328.6000,3326.0000,3325.6000,3325.2000,3330.0000,3331.0000,3332.0000,3333.0000,3334.0000,1,1,1,1,1,16,20,20,25,20
SF,IH2103,2020-10-16 09:30:07.100,3330.0000,8115,-3,58916880.000,3,0,3,双平,S,3329.6000,3328.6000,3326.0000,3325.6000,3325.2000,3330.0000,3331.0000,3332.0000,3333.0000,3334.0000,3,1,1,1,1,13,20,20,25,20
SF,IH2103,2020-10-16 09:30:07.600,3330.0000,8113,-2,60914760.000,2,0,2,双平,S,3326.0000,3325.2000,3325.0000,3318.0000,3317.2000,3330.0000,3331.0000,3332.0000,3333.0000,3334.0000,1,1,1,1,1,12,20,20,25,20
SF,IH2103,2020-10-16 09:30:08.100,3329.0000,8112,-1,61913460.000,1,0,1,双平,S,3326.4000,3326.2000,3326.0000,3325.2000,3325.0000,3329.8000,3330.0000,3331.0000,3332.0000,3333.0000,4,2,1,1,1,2,12,20,20,25
SF,IH2103,2020-10-16 09:30:08.600,3329.8000,8110,-2,63911340.000,2,0,2,双平,S,3329.8000,3327.4000,3327.0000,3326.6000,3326.4000,3330.0000,3331.0000,3332.0000,3333.0000,3334.0000,1,3,4,2,4,12,20,20,25,20
SF,IH2103,2020-10-16 09:30:09.100,3330.0000,8103,-7,70904340.000,7,0,7,双平,S,3327.0000,3326.6000,3326.4000,3326.2000,3326.0000,3329.4000,3330.0000,3331.0000,3332.0000,3333.0000,4,2,4,1,1,2,5,20,20,25
SF,IH2103,2020-10-16 09:30:09.600,3330.0000,8102,-1,72902160.000,2,0,2,多平,S,3327.2000,3326.4000,3326.2000,3326.0000,3325.2000,3330.0000,3331.0000,3332.0000,3333.0000,3334.0000,2,4,1,1,1,4,20,20,25,20
SF,IH2103,2020-10-16 09:30:10.100,3328.6000,8098,-4,78896040.000,6,1,5,多平,S,3328.6000,3327.4000,3327.2000,3326.4000,3326.2000,3331.0000,3332.0000,3333.0000,3334.0000,3335.0000,2,4,2,4,1,19,20,25,20,20
SF,IH2103,2020-10-16 09:30:10.600,3331.0000,8092,-6,84889320.000,6,0,6,双平,S,3328.8000,3327.4000,3326.4000,3326.2000,3326.0000,3331.0000,3332.0000,3333.0000,3334.0000,3335.0000,2,6,4,1,1,18,20,25,20,20
SF,IH2103,2020-10-16 09:30:11.100,3331.0000,8092,0,84889320.000,0,-,-,-,-,3329.0000,3328.8000,3327.4000,3326.4000,3326.2000,3330.8000,3331.0000,3332.0000,3333.0000,3334.0000,1,3,5,4,1,1,18,20,25,20
SF,IH2103,2020-10-16 09:30:11.600,3331.0000,8092,0,84889320.000,0,-,-,-,-,3330.6000,3329.2000,3329.0000,3328.8000,3327.4000,3331.0000,3332.0000,3333.0000,3334.0000,3335.0000,2,1,1,1,5,18,20,25,20,20
SF,IH2103,2020-10-16 09:30:12.100,3329.0000,8089,-3,87885960.000,3,0,3,双平,S,3329.4000,3329.2000,3327.4000,3326.4000,3326.2000,3331.0000,3332.0000,3333.0000,3334.0000,3335.0000,2,1,1,4,1,18,20,25,20,20
SF,IH2103,2020-10-16 09:30:12.600,3329.2000,8085,-4,91881000.000,4,0,4,双平,S,3327.4000,3326.4000,3326.2000,3326.0000,3325.2000,3330.8000,3331.0000,3332.0000,3333.0000,3334.0000,1,4,1,1,1,1,18,20,25,20
SF,IH2103,2020-10-16 09:30:13.100,3330.8000,8085,0,92880240.000,1,0,1,多换,S,3327.6000,3327.4000,3326.4000,3326.2000,3326.0000,3329.8000,3331.0000,3332.0000,3333.0000,3334.0000,2,5,4,1,1,1,18,20,25,20
SF,IH2103,2020-10-16 09:30:13.600,3329.8000,8083,-2,94878120.000,2,0,2,双平,S,3328.8000,3327.6000,3327.4000,3326.4000,3326.2000,3331.0000,3332.0000,3333.0000,3334.0000,3335.0000,3,2,1,4,1,18,20,25,20,20
SF,IH2103,2020-10-16 09:30:14.100,3331.0000,8081,-2,96876660.000,2,0,2,双平,S,3329.0000,3328.8000,3327.4000,3326.4000,3326.2000,3331.0000,3332.0000,3333.0000,3334.0000,3335.0000,2,3,1,4,1,17,20,25,20,20
SF,IH2103,2020-10-16 09:30:14.600,3331.0000,8081,0,96876660.000,0,-,-,-,-,3329.6000,3329.0000,3327.4000,3326.4000,3326.2000,3331.0000,3332.0000,3333.0000,3334.0000,3335.0000,1,2,1,4,1,17,20,25,20,20
SF,IH2103,2020-10-16 09:30:15.100,3329.6000,8079,-2,100872240.000,4,1,3,多平,S,3329.8000,3329.0000,3327.4000,3326.4000,3326.2000,3331.0000,3332.0000,3333.0000,3334.0000,3335.0000,1,1,1,4,1,17,20,25,20,20
SF,IH2103,2020-10-16 09:30:15.600,3329.8000,8078,-1,102870120.000,2,0,2,多平,S,3330.0000,3329.0000,3327.4000,3326.4000,3326.2000,3330.8000,3331.0000,3332.0000,3333.0000,3334.0000,1,1,1,4,1,1,17,20,25,20
SF,IH2103,2020-10-16 09:30:16.100,3330.0000,8078,0,103869120.000,1,0,1,多换,S,3329.0000,3327.4000,3326.4000,3326.2000,3326.0000,3330.0000,3330.8000,3331.0000,3332.0000,3333.0000,1,1,4,1,1,1,1,17,20,25
SF,IH2103,2020-10-16 09:30:16.600,3330.0000,8078,0,103869120.000,0,-,-,-,-,3329.2000,3327.4000,3326.4000,3326.2000,3326.0000,3330.0000,3330.8000,3331.0000,3332.0000,3333.0000,1,1,4,1,1,2,1,17,20,25
SF,IH2103,2020-10-16 09:30:17.100,3330.0000,8078,0,103869120.000,0,-,-,-,-,3329.2000,3327.4000,3326.4000,3326.2000,3326.0000,3330.0000,3330.8000,3331.0000,3332.0000,3333.0000,1,1,4,1,1,1,1,17,20,25
SF,IH2103,2020-10-16 09:30:17.600,3330.0000,8078,0,104868120.000,1,0,1,多换,S,3329.2000,3327.4000,3326.4000,3326.2000,3326.0000,3330.0000,3330.8000,3331.0000,3332.0000,3333.0000,1,1,4,1,1,1,1,17,20,25
SF,IH2103,2020-10-16 09:30:18.100,3330.0000,8078,0,104868120.000,0,-,-,-,-,3329.2000,3327.4000,3326.4000,3326.0000,3325.2000,3330.0000,3330.8000,3331.0000,3332.0000,3333.0000,1,1,4,1,1,1,1,17,20,25
SF,IH2103,2020-10-16 09:30:18.600,3330.0000,8078,0,105867120.000,1,0,1,多换,S,3329.2000,3327.4000,3326.4000,3326.0000,3325.2000,3330.8000,3331.0000,3332.0000,3333.0000,3334.0000,1,1,4,1,1,1,17,20,25,20
SF,IH2103,2020-10-16 09:30:19.100,3330.0000,8078,0,105867120.000,0,-,-,-,-,3329.2000,3327.4000,3326.4000,3326.0000,3325.2000,3330.8000,3331.0000,3331.2000,3332.0000,3333.0000,1,1,4,1,1,1,17,1,20,25
SF,IH2103,2020-10-16 09:30:19.600,3331.0000,8077,-1,107865660.000,2,0,2,多平,S,3329.2000,3327.4000,3326.4000,3326.0000,3325.2000,3331.0000,3331.2000,3332.0000,3333.0000,3334.0000,1,1,4,1,1,16,1,20,25,20
SF,IH2103,2020-10-16 09:30:20.100,3331.0000,8075,-2,109864260.000,2,0,2,双平,S,3329.4000,3329.2000,3329.0000,3327.4000,3326.4000,3331.0000,3331.2000,3332.0000,3333.0000,3334.0000,1,1,1,1,4,15,1,20,25,20
SF,IH2103,2020-10-16 09:30:20.600,3331.0000,8073,-2,112861800.000,3,0,3,多平,S,3329.8000,3329.6000,3329.4000,3329.0000,3327.4000,3331.0000,3331.2000,3332.0000,3333.0000,3334.0000,1,1,1,1,1,13,1,20,25,20
SF,IH2103,2020-10-16 09:30:21.100,3330.0000,8071,-2,115859040.000,3,0,3,多平,S,3329.4000,3329.0000,3327.4000,3326.4000,3326.0000,3330.2000,3331.0000,3331.2000,3332.0000,3333.0000,1,1,1,4,1,1,12,1,20,25
SF,IH2103,2020-10-16 09:30:21.600,3329.6000,8070,-1,116857920.000,1,0,1,双平,S,3329.0000,3327.4000,3326.4000,3326.0000,3325.2000,3330.2000,3331.0000,3331.2000,3332.0000,3333.0000,1,1,4,1,1,1,12,1,20,25
SF,IH2103,2020-10-16 09:30:22.100,3329.0000,8070,0,117856620.000,1,0,1,多换,S,3327.4000,3326.4000,3326.0000,3325.2000,3325.0000,3330.0000,3330.2000,3331.0000,3331.2000,3332.0000,1,4,1,1,1,1,1,12,1,20
SF,IH2103,2020-10-16 09:30:22.600,3329.0000,8070,0,117856620.000,0,-,-,-,-,3327.6000,3327.4000,3326.4000,3326.0000,3325.2000,3329.8000,3330.0000,3330.2000,3331.0000,3331.2000,1,1,4,1,1,1,1,1,12,1
SF,IH2103,2020-10-16 09:30:23.100,3329.0000,8070,0,117856620.000,0,-,-,-,-,3327.6000,3327.4000,3326.0000,3325.2000,3325.0000,3329.6000,3329.8000,3330.2000,3331.0000,3331.2000,1,1,1,1,1,1,1,1,12,1
SF,IH2103,2020-10-16 09:30:23.600,3329.0000,8070,0,117856620.000,0,-,-,-,-,3327.6000,3327.4000,3326.0000,3325.2000,3325.0000,3329.4000,3329.6000,3330.2000,3331.0000,3331.2000,1,1,1,1,1,1,1,1,12,1
SF,IH2103,2020-10-16 09:30:24.100,3329.0000,8070,0,117856620.000,0,-,-,-,-,3327.6000,3327.4000,3326.0000,3325.2000,3325.0000,3329.2000,3329.4000,3330.2000,3331.0000,3331.2000,1,1,1,1,1,1,1,1,12,1
SF,IH2103,2020-10-16 09:30:25.600,3329.0000,8070,0,117856620.000,0,-,-,-,-,3327.6000,3327.4000,3326.0000,3325.2000,3325.0000,3329.2000,3329.4000,3330.2000,3331.0000,3331.2000,1,1,1,1,1,1,1,1,12,1
SF,IH2103,2020-10-16 09:30:26.100,3329.0000,8070,0,117856620.000,0,-,-,-,-,3327.4000,3326.0000,3325.2000,3325.0000,3318.0000,3329.2000,3329.4000,3330.2000,3331.0000,3331.2000,1,1,1,1,1,1,1,1,12,1
SF,IH2103,2020-10-16 09:30:26.600,3327.4000,8069,-1,118854840.000,1,0,1,双平,S,3326.0000,3325.2000,3325.0000,3318.0000,3317.2000,3329.0000,3329.2000,3330.2000,3331.0000,3331.2000,1,1,1,1,1,1,1,1,12,1
SF,IH2103,2020-10-16 09:30:27.100,3327.4000,8069,0,118854840.000,0,-,-,-,-,3326.2000,3326.0000,3325.2000,3325.0000,3318.0000,3328.8000,3329.0000,3330.2000,3331.0000,3331.2000,2,5,1,1,1,1,1,1,12,1
SF,IH2103,2020-10-16 09:30:27.600,3328.6000,8068,-1,119853420.000,1,0,1,双平,S,3326.4000,3326.2000,3326.0000,3325.2000,3325.0000,3328.8000,3330.2000,3331.0000,3331.2000,3332.0000,1,2,5,1,1,1,1,12,1,20
SF,IH2103,2020-10-16 09:30:28.100,3328.8000,8067,-1,120852060.000,1,0,1,双平,S,3328.0000,3326.6000,3326.4000,3326.0000,3325.2000,3330.2000,3331.0000,3331.2000,3332.0000,3333.0000,1,1,1,5,1,1,12,1,20,25
SF,IH2103,2020-10-16 09:30:28.600,3328.8000,8067,0,120852060.000,0,-,-,-,-,3328.2000,3328.0000,3327.0000,3326.0000,3325.2000,3330.0000,3330.2000,3331.0000,3331.2000,3332.0000,2,1,1,5,1,1,1,12,1,20
SF,IH2103,2020-10-16 09:30:29.100,3328.8000,8067,0,120852060.000,0,-,-,-,-,3328.4000,3328.2000,3327.0000,3326.0000,3325.2000,3330.0000,3330.2000,3331.0000,3331.2000,3332.0000,3,2,1,5,1,1,1,12,1,20
SF,IH2103,2020-10-16 09:30:29.600,3328.8000,8067,0,120852060.000,0,-,-,-,-,3328.6000,3328.4000,3328.2000,3327.0000,3326.0000,3330.2000,3331.0000,3331.2000,3332.0000,3333.0000,1,3,1,1,5,1,12,1,20,25
SF,IH2103,2020-10-16 09:30:30.100,3328.8000,8067,0,120852060.000,0,-,-,-,-,3328.6000,3328.2000,3326.0000,3325.2000,3325.0000,3330.2000,3331.0000,3331.2000,3332.0000,3333.0000,1,1,5,1,1,1,12,1,20,25
SF,IH2103,2020-10-16 09:30:30.600,3330.2000,8066,-1,121851120.000,1,0,1,双平,S,3330.4000,3330.2000,3328.6000,3328.2000,3326.0000,3331.0000,3331.2000,3332.0000,3333.0000,3334.0000,2,1,1,1,5,12,1,20,25,20
SF,IH2103,2020-10-16 09:30:31.100,3331.0000,8060,-6,128846220.000,7,0,7,多平,S,3330.4000,3330.2000,3329.2000,3328.6000,3328.2000,3331.0000,3331.2000,3332.0000,3333.0000,3334.0000,2,1,1,1,1,5,1,20,25,20
SF,IH2103,2020-10-16 09:30:31.600,3331.2000,8053,-7,135841380.000,7,0,7,双平,S,3330.6000,3330.4000,3330.2000,3329.2000,3328.2000,3332.0000,3333.0000,3334.0000,3335.0000,3336.0000,1,2,1,1,1,20,25,20,20,20
SF,IH2103,2020-10-16 09:30:32.100,3330.6000,8052,-1,136840560.000,1,0,1,双平,S,3330.4000,3330.2000,3329.2000,3328.2000,3326.0000,3331.8000,3332.0000,3333.0000,3334.0000,3335.0000,2,1,1,1,5,1,20,25,20,20
SF,IH2103,2020-10-16 09:30:32.600,3330.6000,8052,0,136840560.000,0,-,-,-,-,3330.6000,3330.4000,3330.2000,3329.2000,3328.2000,3331.8000,3332.0000,3333.0000,3334.0000,3335.0000,1,2,2,1,1,1,20,25,20,20
SF,IH2103,2020-10-16 09:30:33.100,3330.6000,8052,0,136840560.000,0,-,-,-,-,3331.8000,3330.6000,3330.4000,3330.2000,3329.2000,3332.0000,3333.0000,3334.0000,3335.0000,3336.0000,2,1,2,2,1,20,25,20,20,20
SF,IH2103,2020-10-16 09:30:33.600,3332.0000,8049,-3,139839240.000,3,0,3,双平,S,3330.6000,3330.4000,3330.2000,3329.2000,3328.2000,3332.0000,3333.0000,3334.0000,3335.0000,3336.0000,1,2,2,1,1,20,25,20,20,20
SF,IH2103,2020-10-16 09:30:34.100,3332.0000,8047,-2,143837640.000,4,1,3,多平,S,3330.6000,3330.4000,3330.2000,3329.2000,3328.2000,3332.0000,3333.0000,3334.0000,3335.0000,3336.0000,1,2,2,1,1,16,25,20,20,20
SF,IH2103,2020-10-16 09:30:34.600,3332.0000,8046,-1,144837240.000,1,0,1,双平,S,3330.6000,3330.4000,3330.2000,3329.2000,3328.2000,3332.0000,3333.0000,3334.0000,3335.0000,3336.0000,1,2,2,1,1,15,25,20,20,20
SF,IH2103,2020-10-16 09:30:35.100,3332.0000,8046,0,144837240.000,0,-,-,-,-,3330.6000,3330.4000,3330.2000,3329.2000,3328.2000,3332.0000,3333.0000,3333.8000,3334.0000,3335.0000,1,2,2,1,1,15,25,1,20,20
SF,IH2103,2020-10-16 09:30:35.600,3332.0000,8046,0,145836840.000,1,0,1,多换,S,3330.8000,3330.6000,3330.4000,3330.2000,3329.2000,3332.0000,3333.0000,3333.8000,3334.0000,3335.0000,1,1,2,2,1,15,25,1,20,20
SF,IH2103,2020-10-16 09:30:36.100,3332.0000,8046,0,145836840.000,0,-,-,-,-,3331.0000,3330.8000,3330.4000,3330.2000,3329.2000,3332.0000,3333.0000,3333.8000,3334.0000,3335.0000,1,1,2,2,1,15,25,1,20,20
SF,IH2103,2020-10-16 09:30:36.600,3332.0000,8046,0,145836840.000,0,-,-,-,-,3331.0000,3330.8000,3330.4000,3330.2000,3329.4000,3332.0000,3333.0000,3333.8000,3334.0000,3335.0000,1,1,2,2,2,15,25,1,20,20
SF,IH2103,2020-10-16 09:30:37.600,3332.0000,8046,0,145836840.000,0,-,-,-,-,3331.2000,3331.0000,3330.4000,3330.2000,3329.4000,3332.0000,3333.0000,3333.8000,3334.0000,3335.0000,1,1,2,2,2,15,25,1,20,20
SF,IH2103,2020-10-16 09:30:38.100,3332.0000,8041,-5,151834440.000,6,0,6,多平,S,3331.4000,3331.2000,3330.4000,3330.2000,3329.4000,3332.0000,3333.0000,3333.8000,3334.0000,3335.0000,1,1,2,2,2,9,25,1,20,20
SF,IH2103,2020-10-16 09:30:38.600,3332.0000,8036,-5,158831640.000,7,1,6,多平,S,3331.4000,3331.2000,3330.4000,3330.2000,3329.4000,3332.0000,3333.0000,3333.8000,3334.0000,3335.0000,1,1,2,1,2,2,25,1,20,20
SF,IH2103,2020-10-16 09:30:39.100,3332.0000,8033,-3,162829380.000,4,0,4,多平,S,3330.4000,3330.2000,3329.4000,3329.2000,3328.2000,3332.0000,3333.0000,3333.8000,3334.0000,3335.0000,2,1,2,1,1,1,25,1,20,20
SF,IH2103,2020-10-16 09:30:39.600,3332.0000,8032,-1,163828980.000,1,0,1,双平,S,3330.6000,3330.4000,3330.2000,3329.4000,3329.2000,3332.0000,3333.0000,3333.8000,3334.0000,3335.0000,1,2,1,2,1,1,25,1,20,20
SF,IH2103,2020-10-16 09:30:40.100,3331.8000,8030,-2,165827700.000,2,0,2,双平,S,3330.2000,3329.4000,3329.2000,3328.2000,3326.0000,3332.0000,3333.0000,3333.8000,3334.0000,3335.0000,1,2,1,1,5,1,25,1,20,20
SF,IH2103,2020-10-16 09:30:40.600,3331.8000,8030,0,165827700.000,0,-,-,-,-,3330.4000,3329.4000,3329.2000,3326.0000,3325.0000,3331.8000,3332.0000,3333.0000,3333.8000,3334.0000,2,2,1,5,1,1,1,25,1,20
SF,IH2103,2020-10-16 09:30:41.600,3330.4000,8028,-2,167825940.000,2,0,2,双平,S,3329.4000,3329.2000,3326.0000,3325.0000,3321.8000,3330.2000,3331.8000,3332.0000,3333.0000,3333.8000,2,1,5,1,1,1,1,1,25,1
SF,IH2103,2020-10-16 09:30:42.600,3329.4000,8028,0,169823580.000,2,1,1,多换,S,3329.2000,3326.0000,3325.0000,3321.8000,3318.0000,3330.2000,3331.8000,3332.0000,3333.0000,3333.8000,1,5,1,1,1,1,1,1,25,1
SF,IH2103,2020-10-16 09:30:43.100,3329.2000,8028,0,170822340.000,1,0,1,多换,S,3326.0000,3325.0000,3321.8000,3318.0000,3317.2000,3329.2000,3330.0000,3332.0000,3333.0000,3333.8000,5,1,1,1,1,1,1,1,25,1
SF,IH2103,2020-10-16 09:30:43.600,3329.2000,8028,0,170822340.000,0,-,-,-,-,3326.4000,3326.2000,3326.0000,3325.0000,3321.8000,3329.0000,3329.2000,3332.0000,3333.0000,3333.8000,4,1,5,1,1,2,1,1,25,1
SF,IH2103,2020-10-16 09:30:44.100,3329.2000,8027,-1,171821100.000,1,0,1,双平,S,3326.6000,3326.0000,3325.0000,3321.8000,3318.0000,3329.0000,3329.2000,3332.0000,3333.0000,3333.8000,1,5,1,1,1,1,1,1,25,1
SF,IH2103,2020-10-16 09:30:44.600,3329.0000,8026,-1,172819800.000,1,0,1,双平,S,3327.0000,3326.6000,3326.0000,3325.0000,3321.8000,3329.0000,3329.2000,3332.0000,3333.0000,3333.8000,4,1,5,1,1,1,1,1,25,1
SF,IH2103,2020-10-16 09:30:45.100,3329.0000,8026,0,172819800.000,0,-,-,-,-,3327.2000,3327.0000,3326.0000,3325.0000,3321.8000,3329.0000,3329.2000,3332.0000,3333.0000,3333.8000,1,4,5,1,1,1,1,1,25,1
SF,IH2103,2020-10-16 09:30:45.600,3329.0000,8026,0,172819800.000,0,-,-,-,-,3328.2000,3327.2000,3326.0000,3325.0000,3321.8000,3329.0000,3329.2000,3332.0000,3333.0000,3333.8000,1,1,5,1,1,1,1,1,25,1
SF,IH2103,2020-10-16 09:30:46.100,3329.0000,8026,0,172819800.000,0,-,-,-,-,3329.2000,3329.0000,3328.4000,3328.2000,3326.0000,3332.0000,3333.0000,3333.8000,3334.0000,3335.0000,1,1,1,1,5,1,25,1,20,20
SF,IH2103,2020-10-16 09:30:46.600,3329.0000,8026,0,172819800.000,0,-,-,-,-,3329.4000,3329.2000,3329.0000,3328.2000,3326.0000,3331.8000,3332.0000,3333.0000,3333.8000,3334.0000,1,1,1,1,5,2,1,25,1,20
SF,IH2103,2020-10-16 09:30:47.100,3331.6000,8026,0,173819280.000,1,0,1,多换,S,3329.4000,3329.2000,3329.0000,3326.0000,3325.0000,3331.8000,3332.0000,3333.0000,3333.8000,3334.0000,2,1,1,5,1,2,1,25,1,20
SF,IH2103,2020-10-16 09:30:47.600,3331.8000,8025,-1,174818820.000,1,0,1,双平,S,3329.8000,3329.6000,3329.4000,3329.2000,3329.0000,3331.8000,3332.0000,3333.0000,3333.8000,3334.0000,1,1,1,1,1,1,1,25,1,20
SF,IH2103,2020-10-16 09:30:48.100,3331.8000,8025,0,174818820.000,0,-,-,-,-,3330.0000,3329.8000,3329.2000,3329.0000,3326.0000,3332.0000,3333.0000,3333.8000,3334.0000,3335.0000,2,1,1,1,5,1,25,1,20,20
SF,IH2103,2020-10-16 09:30:49.100,3331.8000,8025,0,174818820.000,0,-,-,-,-,3330.0000,3329.8000,3329.2000,3329.0000,3327.2000,3332.0000,3333.0000,3333.8000,3334.0000,3335.0000,2,1,1,1,1,1,25,1,20,20
SF,IH2103,2020-10-16 09:30:49.600,3332.0000,8024,-1,175818420.000,1,0,1,双平,S,3330.2000,3330.0000,3329.8000,3329.2000,3329.0000,3333.0000,3333.8000,3334.0000,3335.0000,3336.0000,3,2,1,1,1,25,1,20,20,20
SF,IH2103,2020-10-16 09:30:50.100,3332.0000,8024,0,175818420.000,0,-,-,-,-,3330.4000,3330.2000,3329.8000,3329.2000,3329.0000,3332.8000,3333.0000,3333.8000,3334.0000,3335.0000,2,3,1,1,1,1,25,1,20,20
SF,IH2103,2020-10-16 09:30:50.600,3332.0000,8024,0,175818420.000,0,-,-,-,-,3330.8000,3330.4000,3330.2000,3329.8000,3329.2000,3332.8000,3333.0000,3333.8000,3334.0000,3335.0000,1,2,3,1,1,1,25,1,20,20
SF,IH2103,2020-10-16 09:30:51.100,3333.0000,8023,-1,176818320.000,1,0,1,双平,S,3331.0000,3330.8000,3330.2000,3329.8000,3329.2000,3333.0000,3333.8000,3334.0000,3335.0000,3336.0000,2,1,3,1,1,24,1,20,20,20
SF,IH2103,2020-10-16 09:30:51.600,3333.0000,8023,0,176818320.000,0,-,-,-,-,3331.2000,3331.0000,3330.8000,3330.2000,3329.8000,3333.0000,3333.8000,3334.0000,3335.0000,3336.0000,1,2,1,3,1,24,1,20,20,20
SF,IH2103,2020-10-16 09:30:52.100,3333.0000,8023,0,176818320.000,0,-,-,-,-,3331.4000,3331.2000,3330.8000,3330.2000,3329.8000,3333.0000,3333.8000,3334.0000,3335.0000,3336.0000,2,6,1,2,1,24,1,20,20,20
SF,IH2103,2020-10-16 09:30:52.600,3333.0000,8023,0,176818320.000,0,-,-,-,-,3331.4000,3331.2000,3330.8000,3329.8000,3329.2000,3333.0000,3333.8000,3334.0000,3335.0000,3336.0000,2,6,1,1,1,24,1,20,20,20
SF,IH2103,2020-10-16 09:30:53.100,3333.0000,8023,0,176818320.000,0,-,-,-,-,3331.6000,3331.4000,3331.2000,3329.8000,3329.2000,3333.0000,3333.8000,3334.0000,3335.0000,3336.0000,1,2,2,1,1,24,1,20,20,20
SF,IH2103,2020-10-16 09:30:53.600,3331.4000,8020,-3,179816700.000,3,0,3,双平,S,3332.0000,3331.2000,3329.8000,3329.0000,3327.6000,3333.0000,3333.8000,3334.0000,3335.0000,3336.0000,1,2,1,1,1,24,1,20,20,20
SF,IH2103,2020-10-16 09:30:54.100,3332.0000,8020,0,180816300.000,1,0,1,多换,S,3331.2000,3329.8000,3329.0000,3327.6000,3327.2000,3331.4000,3331.8000,3332.8000,3333.0000,3333.8000,1,1,1,1,1,1,1,1,24,1
SF,IH2103,2020-10-16 09:30:54.600,3332.8000,8016,-4,184814460.000,4,0,4,双平,S,3329.8000,3329.0000,3327.6000,3327.2000,3326.0000,3333.0000,3333.8000,3334.0000,3335.0000,3336.0000,1,1,1,1,5,24,1,20,20,20
SF,IH2103,2020-10-16 09:30:55.100,3332.8000,8016,0,184814460.000,0,-,-,-,-,3330.0000,3329.8000,3329.0000,3327.6000,3327.2000,3332.8000,3333.0000,3333.8000,3334.0000,3335.0000,1,1,1,1,1,2,24,1,20,20
SF,IH2103,2020-10-16 09:30:55.600,3332.8000,8016,0,184814460.000,0,-,-,-,-,3330.0000,3329.0000,3327.6000,3327.2000,3326.0000,3332.8000,3333.0000,3333.8000,3334.0000,3335.0000,1,1,1,1,5,2,24,1,20,20
SF,IH2103,2020-10-16 09:30:56.100,3332.8000,8016,0,184814460.000,0,-,-,-,-,3330.6000,3330.0000,3329.0000,3327.6000,3327.2000,3332.8000,3333.0000,3333.8000,3334.0000,3335.0000,1,1,1,1,1,2,24,1,20,20
SF,IH2103,2020-10-16 09:30:56.600,3332.8000,8016,0,184814460.000,0,-,-,-,-,3330.8000,3330.6000,3330.2000,3329.0000,3327.6000,3332.8000,3333.0000,3333.8000,3334.0000,3335.0000,1,1,1,1,1,2,24,1,20,20
SF,IH2103,2020-10-16 09:30:57.600,3332.8000,8016,0,184814460.000,0,-,-,-,-,3331.2000,3330.8000,3330.2000,3329.0000,3327.6000,3332.8000,3333.0000,3333.8000,3334.0000,3335.0000,1,1,1,1,1,2,24,1,20,20
SF,IH2103,2020-10-16 09:30:58.100,3332.8000,8016,0,184814460.000,0,-,-,-,-,3331.4000,3331.2000,3329.0000,3327.6000,3327.2000,3333.0000,3333.8000,3334.0000,3335.0000,3336.0000,1,1,1,1,1,24,1,20,20,20
SF,IH2103,2020-10-16 09:30:58.600,3332.8000,8016,0,184814460.000,0,-,-,-,-,3332.6000,3331.4000,3331.2000,3329.0000,3327.6000,3333.0000,3333.8000,3334.0000,3335.0000,3336.0000,4,1,1,1,1,24,1,20,20,20
SF,IH2103,2020-10-16 09:30:59.100,3332.6000,8013,-3,189813360.000,5,1,4,多平,S,3331.8000,3329.0000,3327.6000,3327.2000,3326.0000,3333.0000,3333.8000,3334.0000,3335.0000,3336.0000,1,1,1,1,5,24,1,20,20,20
SF,IH2103,2020-10-16 09:30:59.600,3332.6000,8013,0,189813360.000,0,-,-,-,-,3332.6000,3332.0000,3331.8000,3329.0000,3327.6000,3333.0000,3333.8000,3334.0000,3335.0000,3336.0000,4,1,1,1,1,24,1,20,20,20
SF,IH2103,2020-10-16 09:31:00.100,3332.6000,8013,0,189813360.000,0,-,-,-,-,3332.0000,3331.8000,3330.8000,3329.0000,3327.6000,3333.0000,3333.8000,3334.0000,3335.0000,3336.0000,1,1,1,1,1,24,1,20,20,20
SF,IH2103,2020-10-16 09:31:00.600,3332.6000,8013,0,189813360.000,0,-,-,-,-,3332.4000,3332.0000,3331.8000,3330.8000,3329.0000,3333.0000,3333.8000,3334.0000,3335.0000,3336.0000,4,1,1,1,1,24,1,20,20,20
SF,IH2103,2020-10-16 09:31:01.100,3333.0000,7992,-21,210811260.000,21,0,21,双平,S,3332.8000,3332.6000,3331.8000,3330.8000,3329.0000,3333.0000,3333.8000,3334.0000,3335.0000,3336.0000,2,1,1,1,1,3,1,20,20,20
SF,IH2103,2020-10-16 09:31:01.600,3333.0000,7990,-2,213810960.000,3,0,3,多平,S,3333.4000,3333.0000,3331.8000,3330.8000,3329.0000,3333.8000,3334.0000,3335.0000,3336.0000,3337.0000,1,2,1,1,1,1,20,20,20,20
SF,IH2103,2020-10-16 09:31:02.100,3334.0000,7986,-4,219811560.000,6,1,5,多平,S,3333.6000,3333.0000,3330.8000,3329.0000,3327.6000,3334.0000,3335.0000,3336.0000,3337.0000,3337.4000,2,1,1,1,1,18,20,20,20,1
SF,IH2103,2020-10-16 09:31:02.600,3334.0000,7977,-9,231813960.000,12,1,11,多平,S,3333.0000,3330.8000,3329.0000,3327.6000,3327.2000,3334.0000,3335.0000,3336.0000,3337.0000,3337.4000,2,1,1,1,1,7,20,20,20,1
SF,IH2103,2020-10-16 09:31:03.100,3334.0000,7973,-4,238815360.000,7,1,6,多平,S,3334.0000,3333.2000,3333.0000,3330.8000,3329.0000,3335.0000,3336.0000,3337.0000,3337.4000,3339.0000,1,5,6,1,1,20,20,20,1,1
SF,IH2103,2020-10-16 09:31:03.600,3335.0000,7972,-1,240816360.000,2,0,2,多平,S,3334.6000,3334.2000,3333.2000,3333.0000,3332.4000,3335.0000,3336.0000,3337.0000,3337.4000,3339.0000,3,1,4,5,1,18,20,20,1,1
SF,IH2103,2020-10-16 09:31:04.100,3335.0000,7970,-2,247819860.000,7,2,5,多平,S,3334.2000,3333.2000,3333.0000,3332.4000,3330.8000,3335.0000,3336.0000,3337.0000,3337.4000,3339.0000,1,4,5,1,1,11,20,20,1,1
SF,IH2103,2020-10-16 09:31:04.600,3335.0000,7965,-5,256824180.000,9,2,7,多平,S,3334.2000,3333.2000,3333.0000,3332.4000,3330.8000,3335.0000,3336.0000,3337.0000,3337.4000,3339.0000,1,4,5,1,1,3,20,20,1,1
SF,IH2103,2020-10-16 09:31:05.100,3335.0000,7965,0,258825180.000,2,1,1,多换,S,3334.8000,3334.2000,3333.2000,3333.0000,3332.4000,3335.0000,3336.0000,3337.0000,3337.4000,3339.0000,3,1,4,5,1,1,20,20,1,1
SF,IH2103,2020-10-16 09:31:05.600,3336.0000,7962,-3,261826980.000,3,0,3,双平,S,3335.8000,3335.4000,3334.2000,3333.2000,3333.0000,3336.0000,3337.0000,3337.4000,3339.0000,3339.8000,1,3,1,4,5,19,20,1,1,2
SF,IH2103,2020-10-16 09:31:06.100,3335.8000,7961,-1,266830500.000,5,2,3,多平,S,3334.2000,3333.2000,3333.0000,3332.4000,3330.8000,3334.6000,3336.0000,3337.0000,3337.4000,3339.0000,1,4,5,1,1,1,18,20,1,1
SF,IH2103,2020-10-16 09:31:06.600,3336.0000,7958,-3,271834080.000,5,1,4,多平,S,3335.2000,3334.8000,3334.6000,3334.2000,3333.2000,3336.0000,3337.0000,3337.4000,3339.0000,3339.8000,2,2,2,1,4,14,20,1,1,2
SF,IH2103,2020-10-16 09:31:07.100,3335.8000,7957,-1,273835560.000,2,0,2,多平,S,3334.8000,3334.6000,3334.2000,3334.0000,3333.2000,3335.2000,3336.0000,3337.0000,3337.4000,3339.0000,2,1,1,1,4,1,14,20,1,1
SF,IH2103,2020-10-16 09:31:07.600,3336.0000,7955,-2,275837100.000,2,0,2,双平,S,3335.0000,3334.8000,3334.6000,3334.2000,3334.0000,3336.0000,3337.0000,3337.4000,3339.0000,3339.8000,1,2,1,1,1,13,20,1,1,2
SF,IH2103,2020-10-16 09:31:08.100,3335.0000,7954,-1,276837600.000,1,0,1,双平,S,3334.8000,3334.6000,3334.2000,3334.0000,3333.2000,3335.8000,3336.0000,3337.0000,3337.4000,3339.0000,2,1,1,1,5,1,13,20,1,1
SF,IH2103,2020-10-16 09:31:08.600,3334.6000,7952,-2,279838800.000,3,0,3,多平,S,3334.2000,3334.0000,3333.2000,3333.0000,3332.4000,3335.8000,3336.0000,3337.0000,3337.4000,3339.0000,1,1,5,5,1,1,14,20,1,1
SF,IH2103,2020-10-16 09:31:09.100,3334.0000,7951,-1,281839260.000,2,0,2,多平,S,3333.2000,3333.0000,3332.4000,3330.0000,3327.6000,3335.8000,3336.0000,3337.0000,3337.4000,3339.0000,1,5,2,2,1,1,15,20,1,1
SF,IH2103,2020-10-16 09:31:09.600,3333.0000,7947,-4,289838700.000,8,2,6,多平,S,3332.4000,3331.4000,3330.0000,3327.6000,3327.2000,3335.4000,3335.6000,3335.8000,3336.0000,3337.0000,2,1,2,1,1,1,2,1,14,20
SF,IH2103,2020-10-16 09:31:10.100,3335.2000,7948,1,290839260.000,1,1,0,双开,S,3332.4000,3331.4000,3330.0000,3327.6000,3327.2000,3335.2000,3335.4000,3336.0000,3337.0000,3337.4000,1,1,2,1,1,3,1,14,20,1
SF,IH2103,2020-10-16 09:31:10.600,3335.2000,7948,0,290839260.000,0,-,-,-,-,3332.6000,3332.4000,3331.4000,3330.0000,3327.6000,3335.0000,3335.2000,3335.4000,3336.0000,3337.0000,1,1,1,2,1,2,3,1,14,20
SF,IH2103,2020-10-16 09:31:11.100,3335.2000,7948,0,290839260.000,0,-,-,-,-,3333.0000,3332.4000,3331.4000,3330.0000,3327.6000,3334.6000,3334.8000,3335.0000,3336.0000,3337.0000,1,1,1,2,1,1,3,2,14,20
SF,IH2103,2020-10-16 09:31:11.600,3333.0000,7949,1,291839160.000,1,1,0,双开,S,3332.4000,3331.4000,3330.0000,3327.6000,3327.2000,3333.0000,3334.4000,3334.6000,3334.8000,3335.0000,1,1,2,1,1,2,2,1,1,2
SF,IH2103,2020-10-16 09:31:12.100,3332.4000,7949,0,292838880.000,1,0,1,多换,S,3331.4000,3330.0000,3327.6000,3327.2000,3326.0000,3332.8000,3333.0000,3334.4000,3334.6000,3334.8000,1,2,1,1,1,1,2,1,2,1
SF,IH2103,2020-10-16 09:31:12.600,3332.4000,7949,0,292838880.000,0,-,-,-,-,3332.4000,3331.4000,3330.0000,3327.6000,3327.2000,3332.8000,3333.0000,3333.4000,3334.4000,3334.6000,1,1,3,1,1,1,2,1,1,2
SF,IH2103,2020-10-16 09:31:13.100,3334.4000,7950,1,298838580.000,6,3,3,空开,S,3331.4000,3330.0000,3327.6000,3327.2000,3326.0000,3334.6000,3334.8000,3335.0000,3336.0000,3337.0000,1,2,1,1,1,2,1,3,13,20
SF,IH2103,2020-10-16 09:31:13.600,3334.4000,7950,0,298838580.000,0,-,-,-,-,3331.6000,3331.4000,3330.0000,3327.6000,3327.2000,3334.4000,3334.6000,3335.0000,3336.0000,3337.0000,1,1,3,1,1,2,2,3,14,20
SF,IH2103,2020-10-16 09:31:14.100,3334.4000,7950,0,298838580.000,0,-,-,-,-,3332.0000,3331.6000,3331.4000,3330.0000,3327.6000,3334.4000,3334.6000,3335.0000,3336.0000,3337.0000,1,5,1,3,1,2,1,3,14,20
SF,IH2103,2020-10-16 09:31:14.600,3334.4000,7950,0,298838580.000,0,-,-,-,-,3332.8000,3332.2000,3332.0000,3331.6000,3331.4000,3334.0000,3334.4000,3334.6000,3335.0000,3336.0000,1,1,1,4,1,1,2,1,3,14
SF,IH2103,2020-10-16 09:31:15.100,3334.0000,7950,0,299838780.000,1,0,1,多换,S,3333.0000,3332.8000,3332.0000,3331.6000,3331.4000,3334.4000,3334.6000,3335.0000,3336.0000,3337.0000,1,1,1,4,1,2,1,3,14,20
SF,IH2103,2020-10-16 09:31:15.600,3334.0000,7950,0,299838780.000,0,-,-,-,-,3333.0000,3332.8000,3332.0000,3331.6000,3331.4000,3334.4000,3334.6000,3335.0000,3336.0000,3337.0000,1,1,2,4,1,2,1,3,14,20
SF,IH2103,2020-10-16 09:31:16.100,3334.0000,7950,0,299838780.000,0,-,-,-,-,3334.0000,3332.8000,3332.0000,3331.6000,3331.4000,3334.4000,3334.6000,3335.0000,3336.0000,3337.0000,1,1,2,4,1,2,1,3,14,20
SF,IH2103,2020-10-16 09:31:16.600,3334.0000,7950,0,300838980.000,1,0,1,多换,S,3332.8000,3332.0000,3331.6000,3330.0000,3327.6000,3334.0000,3334.4000,3334.6000,3335.0000,3336.0000,1,2,4,2,1,1,1,1,3,14
SF,IH2103,2020-10-16 09:31:17.100,3334.0000,7950,0,300838980.000,0,-,-,-,-,3332.8000,3332.0000,3331.6000,3330.0000,3327.6000,3333.8000,3334.0000,3334.6000,3335.0000,3336.0000,1,1,4,2,1,1,1,1,3,14
SF,IH2103,2020-10-16 09:31:17.600,3332.8000,7950,0,301838820.000,1,0,1,多换,S,3332.0000,3331.6000,3330.0000,3327.6000,3327.2000,3332.8000,3333.8000,3334.0000,3334.6000,3335.0000,1,4,2,1,1,1,1,1,1,3
SF,IH2103,2020-10-16 09:31:18.100,3332.0000,7950,0,302838420.000,1,0,1,多换,S,3331.6000,3330.0000,3327.6000,3327.2000,3326.0000,3332.8000,3333.8000,3334.0000,3334.6000,3335.0000,4,2,1,1,1,1,1,1,1,3
SF,IH2103,2020-10-16 09:31:18.600,3332.0000,7950,0,302838420.000,0,-,-,-,-,3330.0000,3327.6000,3327.2000,3326.0000,3325.0000,3332.6000,3332.8000,3334.0000,3334.6000,3335.0000,2,1,1,1,1,1,1,1,1,3
SF,IH2103,2020-10-16 09:31:19.100,3332.0000,7950,0,302838420.000,0,-,-,-,-,3330.4000,3330.2000,3330.0000,3327.6000,3327.2000,3332.4000,3332.6000,3332.8000,3334.0000,3334.6000,4,1,2,1,1,1,1,1,1,1
SF,IH2103,2020-10-16 09:31:19.600,3332.0000,7950,0,302838420.000,0,-,-,-,-,3330.6000,3330.4000,3330.0000,3327.6000,3327.2000,3332.2000,3332.4000,3332.8000,3334.0000,3334.6000,1,4,2,1,1,1,1,1,1,1
SF,IH2103,2020-10-16 09:31:20.100,3332.2000,7949,-1,303838080.000,1,0,1,双平,S,3330.6000,3330.0000,3327.6000,3327.2000,3326.0000,3332.4000,3332.8000,3334.0000,3335.0000,3336.0000,4,2,1,1,1,1,1,1,3,13
SF,IH2103,2020-10-16 09:31:20.600,3332.2000,7949,0,303838080.000,0,-,-,-,-,3331.0000,3330.6000,3330.0000,3327.6000,3327.2000,3332.2000,3332.4000,3332.8000,3334.0000,3335.0000,1,8,2,1,1,1,1,1,1,3
SF,IH2103,2020-10-16 09:31:21.100,3332.2000,7949,0,303838080.000,0,-,-,-,-,3331.4000,3331.2000,3331.0000,3330.6000,3330.0000,3332.4000,3332.8000,3334.0000,3335.0000,3336.0000,3,1,2,4,2,1,1,1,3,13
SF,IH2103,2020-10-16 09:31:21.600,3332.2000,7949,0,303838080.000,0,-,-,-,-,3332.4000,3332.2000,3331.4000,3331.2000,3331.0000,3332.8000,3334.0000,3335.0000,3336.0000,3337.0000,1,1,3,1,2,1,1,3,13,20
SF,IH2103,2020-10-16 09:31:22.100,3332.4000,7948,-1,304837800.000,1,0,1,双平,S,3331.4000,3331.2000,3331.0000,3330.6000,3330.0000,3332.6000,3332.8000,3334.0000,3335.0000,3336.0000,3,1,1,4,2,1,1,1,3,13
SF,IH2103,2020-10-16 09:31:22.600,3332.4000,7948,0,304837800.000,0,-,-,-,-,3332.2000,3331.4000,3331.2000,3331.0000,3330.6000,3332.6000,3332.8000,3334.0000,3335.0000,3336.0000,1,3,1,1,4,1,1,1,3,13
SF,IH2103,2020-10-16 09:31:23.100,3332.4000,7948,0,304837800.000,0,-,-,-,-,3332.2000,3331.4000,3331.2000,3331.0000,3330.6000,3332.6000,3332.8000,3334.0000,3335.0000,3336.0000,1,3,1,1,4,1,1,1,3,13
SF,IH2103,2020-10-16 09:31:23.600,3332.4000,7948,0,304837800.000,0,-,-,-,-,3332.4000,3332.2000,3331.4000,3331.2000,3331.0000,3332.6000,3332.8000,3334.0000,3335.0000,3336.0000,1,1,3,1,1,1,1,1,3,13
SF,IH2103,2020-10-16 09:31:24.100,3332.6000,7947,-1,305837580.000,1,0,1,双平,S,3332.8000,3332.6000,3332.4000,3332.2000,3331.4000,3334.0000,3335.0000,3336.0000,3337.0000,3337.4000,1,2,1,1,3,1,3,13,20,1
SF,IH2103,2020-10-16 09:31:24.600,3332.6000,7947,0,305837580.000,0,-,-,-,-,3333.0000,3332.8000,3332.6000,3331.4000,3331.0000,3333.8000,3334.0000,3335.0000,3336.0000,3337.0000,1,1,2,1,1,1,1,3,13,20
SF,IH2103,2020-10-16 09:31:25.100,3332.6000,7947,0,305837580.000,0,-,-,-,-,3333.0000,3332.8000,3332.6000,3331.4000,3331.0000,3333.8000,3334.0000,3335.0000,3336.0000,3337.0000,1,1,2,1,1,1,1,3,13,20
SF,IH2103,2020-10-16 09:31:25.600,3332.6000,7947,0,305837580.000,0,-,-,-,-,3333.0000,3332.8000,3332.6000,3331.4000,3331.0000,3333.8000,3334.0000,3335.0000,3336.0000,3337.0000,1,1,2,1,1,1,1,3,13,20
SF,IH2103,2020-10-16 09:31:26.100,3332.6000,7947,0,305837580.000,0,-,-,-,-,3333.2000,3333.0000,3332.8000,3332.6000,3331.4000,3334.0000,3335.0000,3336.0000,3337.0000,3337.4000,1,1,1,2,1,1,3,13,20,1
SF,IH2103,2020-10-16 09:31:26.600,3332.6000,7947,0,305837580.000,0,-,-,-,-,3333.4000,3333.2000,3333.0000,3332.8000,3332.6000,3335.0000,3336.0000,3337.0000,3337.4000,3339.0000,1,1,1,1,2,3,13,20,1,1
SF,IH2103,2020-10-16 09:31:27.100,3332.6000,7947,0,305837580.000,0,-,-,-,-,3333.6000,3333.0000,3332.8000,3332.6000,3331.4000,3334.8000,3335.0000,3336.0000,3337.0000,3337.4000,2,1,1,2,1,1,3,13,20,1
SF,IH2103,2020-10-16 09:31:27.600,3332.6000,7947,0,305837580.000,0,-,-,-,-,3333.6000,3332.8000,3332.6000,3331.4000,3330.0000,3334.8000,3335.0000,3336.0000,3337.0000,3337.4000,1,1,2,1,2,1,3,13,20,1
SF,IH2103,2020-10-16 09:31:28.100,3332.6000,7947,0,305837580.000,0,-,-,-,-,3333.6000,3332.8000,3332.6000,3331.4000,3330.0000,3334.8000,3335.0000,3336.0000,3337.0000,3337.4000,1,1,2,1,2,1,3,14,20,1
SF,IH2103,2020-10-16 09:31:28.600,3332.6000,7947,0,305837580.000,0,-,-,-,-,3334.2000,3333.8000,3332.8000,3332.6000,3331.4000,3334.8000,3335.0000,3336.0000,3337.0000,3337.4000,1,1,1,2,1,1,3,14,20,1
SF,IH2103,2020-10-16 09:31:29.100,3334.2000,7947,0,306837840.000,1,0,1,多换,S,3333.8000,3332.8000,3332.6000,3330.0000,3327.6000,3334.2000,3335.0000,3336.0000,3337.0000,3337.4000,1,1,2,2,1,1,3,14,20,1
SF,IH2103,2020-10-16 09:31:29.600,3334.2000,7947,0,306837840.000,0,-,-,-,-,3334.8000,3333.8000,3333.0000,3332.8000,3332.6000,3335.0000,3336.0000,3337.0000,3337.4000,3339.0000,1,1,1,1,2,3,13,20,1,1
SF,IH2103,2020-10-16 09:31:30.100,3334.8000,7947,0,307838280.000,1,0,1,多换,S,3333.8000,3333.0000,3332.8000,3332.6000,3330.0000,3334.8000,3335.0000,3336.0000,3337.0000,3337.4000,1,1,1,2,2,1,3,13,20,1
SF,IH2103,2020-10-16 09:31:31.600,3334.8000,7947,0,308838720.000,1,0,1,多换,S,3333.8000,3333.0000,3332.8000,3332.6000,3330.0000,3335.0000,3336.0000,3337.0000,3337.4000,3339.0000,1,1,1,2,2,3,13,20,1,1
SF,IH2103,2020-10-16 09:31:32.100,3334.8000,7947,0,308838720.000,0,-,-,-,-,3333.8000,3333.0000,3332.8000,3332.6000,3330.0000,3335.0000,3336.0000,3337.0000,3337.4000,3339.0000,1,1,1,2,2,3,13,20,1,1
SF,IH2103,2020-10-16 09:31:32.600,3334.8000,7947,0,308838720.000,0,-,-,-,-,3333.8000,3333.2000,3333.0000,3332.8000,3332.6000,3335.0000,3336.0000,3337.0000,3337.4000,3339.0000,1,1,1,1,2,3,13,20,1,1
SF,IH2103,2020-10-16 09:31:33.100,3334.8000,7947,0,308838720.000,0,-,-,-,-,3334.0000,3333.8000,3333.2000,3333.0000,3332.8000,3335.0000,3336.0000,3337.0000,3337.4000,3339.0000,1,1,1,1,1,3,13,20,1,1
SF,IH2103,2020-10-16 09:31:33.600,3335.0000,7946,-1,310839720.000,2,0,2,多平,S,3334.2000,3334.0000,3333.2000,3333.0000,3332.8000,3335.0000,3336.0000,3337.0000,3337.4000,3339.0000,1,1,1,1,1,1,13,20,1,1
SF,IH2103,2020-10-16 09:31:34.100,3335.0000,7946,0,310839720.000,0,-,-,-,-,3334.2000,3333.2000,3333.0000,3332.8000,3332.6000,3335.0000,3336.0000,3337.0000,3337.4000,3339.0000,1,1,1,1,2,1,13,20,1,1
SF,IH2103,2020-10-16 09:31:34.600,3335.0000,7946,0,310839720.000,0,-,-,-,-,3334.4000,3334.2000,3333.2000,3333.0000,3332.8000,3335.0000,3336.0000,3337.0000,3337.4000,3339.0000,1,1,1,1,1,1,13,20,1,1
SF,IH2103,2020-10-16 09:31:35.100,3335.0000,7947,1,312840540.000,2,1,1,空开,S,3334.2000,3333.2000,3333.0000,3332.8000,3332.6000,3336.0000,3337.0000,3337.4000,3339.0000,3339.8000,1,1,1,1,2,13,20,1,1,2
SF,IH2103,2020-10-16 09:31:35.600,3335.0000,7947,0,312840540.000,0,-,-,-,-,3334.4000,3334.2000,3333.2000,3333.0000,3332.8000,3335.8000,3336.0000,3337.0000,3337.4000,3339.0000,1,1,1,1,1,1,13,20,1,1
SF,IH2103,2020-10-16 09:31:36.100,3335.0000,7947,0,312840540.000,0,-,-,-,-,3334.6000,3334.4000,3333.2000,3333.0000,3332.8000,3335.8000,3336.0000,3337.0000,3337.4000,3339.0000,1,1,1,1,1,1,13,20,1,1
SF,IH2103,2020-10-16 09:31:36.600,3335.6000,7946,-1,314841600.000,2,0,2,多平,S,3334.4000,3333.2000,3333.0000,3332.8000,3332.6000,3335.8000,3336.0000,3337.0000,3337.4000,3339.0000,1,1,1,1,2,1,13,20,1,1
SF,IH2103,2020-10-16 09:31:37.100,3335.6000,7946,0,314841600.000,0,-,-,-,-,3334.4000,3333.2000,3333.0000,3332.8000,3332.6000,3335.8000,3336.0000,3337.0000,3337.4000,3339.0000,1,1,1,1,2,1,13,20,1,1
SF,IH2103,2020-10-16 09:31:37.600,3335.6000,7946,0,314841600.000,0,-,-,-,-,3333.2000,3333.0000,3332.8000,3332.6000,3330.0000,3335.8000,3336.0000,3337.0000,3337.4000,3339.0000,1,1,1,2,2,1,13,20,1,1
SF,IH2103,2020-10-16 09:31:38.100,3335.6000,7946,0,314841600.000,0,-,-,-,-,3333.4000,3333.2000,3333.0000,3332.8000,3332.6000,3335.6000,3335.8000,3336.0000,3337.0000,3337.4000,1,1,1,1,2,1,1,13,20,1
SF,IH2103,2020-10-16 09:31:38.600,3335.6000,7945,-1,315842280.000,1,0,1,双平,S,3333.4000,3333.2000,3333.0000,3332.8000,3332.6000,3335.6000,3336.0000,3337.0000,3337.4000,3339.0000,1,1,1,1,2,1,13,20,1,1
SF,IH2103,2020-10-16 09:31:39.100,3335.6000,7945,0,315842280.000,0,-,-,-,-,3333.4000,3333.2000,3333.0000,3332.8000,3332.6000,3335.4000,3335.6000,3336.0000,3337.0000,3337.4000,1,1,1,1,2,1,1,13,20,1
SF,IH2103,2020-10-16 09:31:39.600,3335.6000,7945,0,315842280.000,0,-,-,-,-,3333.6000,3333.4000,3333.2000,3333.0000,3332.8000,3335.4000,3336.0000,3337.0000,3337.4000,3339.0000,1,2,1,1,1,1,13,20,1,1
SF,IH2103,2020-10-16 09:31:40.100,3335.6000,7945,0,315842280.000,0,-,-,-,-,3333.8000,3333.6000,3333.2000,3333.0000,3332.8000,3335.4000,3336.0000,3337.0000,3337.4000,3339.0000,1,1,1,1,1,1,13,20,1,1
SF,IH2103,2020-10-16 09:31:40.600,3335.6000,7945,0,315842280.000,0,-,-,-,-,3333.8000,3333.6000,3333.2000,3333.0000,3332.8000,3335.4000,3336.0000,3337.0000,3337.4000,3339.0000,1,1,1,1,1,1,13,20,1,1
SF,IH2103,2020-10-16 09:31:42.600,3335.6000,7945,0,315842280.000,0,-,-,-,-,3333.8000,3333.6000,3333.2000,3333.0000,3332.8000,3335.4000,3336.0000,3337.0000,3337.4000,3339.0000,1,1,1,1,1,1,13,20,1,1
SF,IH2103,2020-10-16 09:31:43.100,3333.6000,7944,-1,317842500.000,2,0,2,多平,S,3333.2000,3333.0000,3332.8000,3332.6000,3332.4000,3335.4000,3336.0000,3337.0000,3337.4000,3339.0000,1,1,1,2,1,1,13,20,1,1
SF,IH2103,2020-10-16 09:31:43.600,3333.6000,7944,0,317842500.000,0,-,-,-,-,3333.4000,3333.2000,3333.0000,3332.8000,3332.6000,3335.2000,3335.4000,3336.0000,3337.0000,3337.4000,1,1,1,1,2,1,1,13,20,1
SF,IH2103,2020-10-16 09:31:44.100,3333.6000,7944,0,317842500.000,0,-,-,-,-,3333.2000,3333.0000,3332.8000,3332.6000,3332.4000,3335.0000,3335.2000,3336.0000,3337.0000,3337.4000,1,1,1,2,1,1,1,13,20,1
SF,IH2103,2020-10-16 09:31:44.600,3333.6000,7944,0,317842500.000,0,-,-,-,-,3333.4000,3333.2000,3333.0000,3332.8000,3332.6000,3334.8000,3335.0000,3336.0000,3337.0000,3337.4000,1,1,1,1,2,1,1,13,20,1
SF,IH2103,2020-10-16 09:31:45.100,3334.6000,7943,-1,318842880.000,1,0,1,双平,S,3333.4000,3333.2000,3333.0000,3332.8000,3332.6000,3334.8000,3336.0000,3337.0000,3337.4000,3339.0000,1,1,1,1,2,1,13,20,1,1
SF,IH2103,2020-10-16 09:31:46.600,3334.6000,7943,0,318842880.000,0,-,-,-,-,3333.4000,3333.2000,3333.0000,3332.6000,3332.4000,3334.8000,3336.0000,3337.0000,3337.4000,3339.0000,1,1,1,2,1,1,13,20,1,1
SF,IH2103,2020-10-16 09:31:48.100,3334.8000,7943,0,319843320.000,1,0,1,多换,S,3333.4000,3333.2000,3333.0000,3332.6000,3332.4000,3336.0000,3337.0000,3337.4000,3339.0000,3339.8000,1,1,1,2,1,13,20,1,1,1
SF,IH2103,2020-10-16 09:31:48.600,3334.8000,7943,0,319843320.000,0,-,-,-,-,3334.6000,3333.4000,3333.2000,3333.0000,3332.6000,3335.8000,3336.0000,3337.0000,3337.4000,3339.0000,1,1,1,1,2,2,13,20,1,1
SF,IH2103,2020-10-16 09:31:49.100,3334.8000,7943,0,319843320.000,0,-,-,-,-,3334.8000,3334.6000,3333.2000,3333.0000,3332.6000,3335.8000,3336.0000,3337.0000,3337.4000,3339.0000,1,4,1,1,2,1,13,20,1,1
SF,IH2103,2020-10-16 09:31:49.600,3334.8000,7943,0,319843320.000,0,-,-,-,-,3334.8000,3334.6000,3333.2000,3333.0000,3332.6000,3336.0000,3337.0000,3337.4000,3339.0000,3339.8000,1,4,1,1,2,13,20,1,1,1
SF,IH2103,2020-10-16 09:31:50.100,3334.8000,7943,0,319843320.000,0,-,-,-,-,3334.8000,3334.6000,3333.2000,3333.0000,3332.6000,3336.0000,3337.0000,3337.4000,3339.0000,3339.8000,1,4,1,1,2,13,20,1,1,1
SF,IH2103,2020-10-16 09:31:51.600,3334.8000,7943,0,320843760.000,1,0,1,多换,S,3334.6000,3333.6000,3333.2000,3333.0000,3332.6000,3336.0000,3337.0000,3337.4000,3337.6000,3339.0000,4,1,1,1,2,13,20,1,1,1
SF,IH2103,2020-10-16 09:31:52.100,3334.8000,7943,0,320843760.000,0,-,-,-,-,3334.8000,3334.6000,3333.6000,3333.2000,3333.0000,3336.0000,3337.0000,3337.4000,3337.6000,3339.0000,1,4,1,1,1,13,20,1,1,1
SF,IH2103,2020-10-16 09:31:52.600,3334.8000,7943,0,320843760.000,0,-,-,-,-,3334.8000,3333.6000,3333.2000,3333.0000,3332.6000,3336.0000,3337.0000,3337.4000,3337.6000,3339.0000,1,1,1,1,2,13,20,1,1,1
SF,IH2103,2020-10-16 09:31:54.100,3334.8000,7942,-1,321844200.000,1,0,1,双平,S,3333.2000,3333.0000,3332.6000,3332.4000,3330.0000,3336.0000,3337.0000,3337.4000,3337.6000,3339.0000,1,1,2,1,2,13,20,1,1,1
SF,IH2103,2020-10-16 09:31:54.600,3334.8000,7942,0,321844200.000,0,-,-,-,-,3334.0000,3333.4000,3333.2000,3333.0000,3332.6000,3335.8000,3336.0000,3337.0000,3337.4000,3337.6000,7,1,1,1,2,2,13,20,1,1
SF,IH2103,2020-10-16 09:31:55.100,3334.8000,7942,0,321844200.000,0,-,-,-,-,3334.0000,3333.4000,3333.2000,3333.0000,3332.6000,3335.8000,3336.0000,3337.0000,3337.4000,3337.6000,7,1,1,1,2,2,13,20,1,1
SF,IH2103,2020-10-16 09:31:55.600,3334.8000,7942,0,321844200.000,0,-,-,-,-,3334.2000,3333.2000,3333.0000,3332.6000,3332.4000,3335.8000,3336.0000,3337.0000,3337.4000,3337.6000,1,1,1,3,1,2,13,20,1,1
SF,IH2103,2020-10-16 09:31:56.100,3334.8000,7942,0,321844200.000,0,-,-,-,-,3333.2000,3333.0000,3332.6000,3332.4000,3330.0000,3335.8000,3336.0000,3337.0000,3337.4000,3337.6000,1,1,3,1,2,2,13,20,1,1
SF,IH2103,2020-10-16 09:31:56.600,3334.8000,7942,0,321844200.000,0,-,-,-,-,3333.4000,3333.2000,3333.0000,3332.6000,3332.4000,3335.8000,3336.0000,3337.0000,3337.4000,3337.6000,1,2,1,3,1,2,13,20,1,1
SF,IH2103,2020-10-16 09:31:57.100,3334.8000,7942,0,321844200.000,0,-,-,-,-,3333.4000,3333.2000,3333.0000,3332.6000,3332.4000,3335.8000,3336.0000,3337.0000,3337.4000,3337.6000,1,2,1,3,1,2,13,20,1,1
SF,IH2103,2020-10-16 09:31:58.100,3334.8000,7942,0,321844200.000,0,-,-,-,-,3333.4000,3333.2000,3333.0000,3332.6000,3332.4000,3335.6000,3335.8000,3336.0000,3337.0000,3337.4000,1,2,1,2,1,1,2,13,20,1
SF,IH2103,2020-10-16 09:31:58.600,3334.8000,7942,0,321844200.000,0,-,-,-,-,3333.4000,3333.2000,3333.0000,3332.6000,3332.4000,3335.4000,3335.6000,3336.0000,3337.0000,3337.4000,1,2,1,2,1,2,1,13,20,1
SF,IH2103,2020-10-16 09:31:59.600,3335.4000,7941,-1,322844820.000,1,0,1,双平,S,3333.4000,3333.2000,3333.0000,3332.6000,3332.4000,3335.4000,3335.6000,3336.0000,3337.0000,3337.4000,1,1,1,2,1,1,1,13,20,1
SF,IH2103,2020-10-16 09:32:00.100,3335.4000,7941,0,322844820.000,0,-,-,-,-,3334.0000,3333.4000,3333.2000,3333.0000,3332.6000,3335.2000,3335.4000,3335.6000,3336.0000,3337.0000,1,1,1,1,2,1,1,1,13,20
SF,IH2103,2020-10-16 09:32:00.600,3335.4000,7941,0,322844820.000,0,-,-,-,-,3334.2000,3333.2000,3333.0000,3332.6000,3332.4000,3335.2000,3335.4000,3336.0000,3337.0000,3337.4000,1,1,1,2,1,1,1,13,20,1
SF,IH2103,2020-10-16 09:32:01.100,3335.4000,7941,0,322844820.000,0,-,-,-,-,3335.2000,3334.2000,3333.2000,3333.0000,3332.6000,3336.0000,3337.0000,3337.4000,3337.6000,3339.0000,1,1,1,1,2,13,20,1,1,1
SF,IH2103,2020-10-16 09:32:01.600,3336.0000,7941,0,323845620.000,1,0,1,多换,S,3335.2000,3334.2000,3333.2000,3333.0000,3332.4000,3336.0000,3337.0000,3337.4000,3337.6000,3339.0000,1,1,1,1,1,12,20,1,1,1
SF,IH2103,2020-10-16 09:32:02.100,3336.0000,7941,0,323845620.000,0,-,-,-,-,3335.4000,3335.2000,3333.6000,3333.2000,3333.0000,3336.0000,3337.0000,3337.4000,3337.6000,3339.0000,1,1,1,1,1,12,20,1,1,1
SF,IH2103,2020-10-16 09:32:02.600,3335.4000,7940,-1,324846240.000,1,0,1,双平,S,3335.2000,3333.6000,3333.2000,3333.0000,3332.4000,3336.0000,3337.0000,3337.4000,3337.6000,3339.0000,1,1,1,1,1,12,20,1,1,1
SF,IH2103,2020-10-16 09:32:04.600,3335.4000,7940,0,324846240.000,0,-,-,-,-,3333.6000,3333.2000,3333.0000,3332.4000,3330.0000,3336.0000,3337.0000,3337.4000,3337.6000,3339.0000,1,1,1,1,2,12,20,1,1,1
SF,IH2103,2020-10-16 09:32:05.100,3335.4000,7940,0,324846240.000,0,-,-,-,-,3334.2000,3333.8000,3333.6000,3333.2000,3333.0000,3335.8000,3336.0000,3337.0000,3337.4000,3337.6000,1,3,1,1,1,1,12,20,1,1
SF,IH2103,2020-10-16 09:32:05.600,3336.0000,7938,-2,326847780.000,2,0,2,双平,S,3333.8000,3333.6000,3333.2000,3333.0000,3332.4000,3336.0000,3337.0000,3337.4000,3337.6000,3339.0000,2,1,1,1,1,11,20,1,1,1
SF,IH2103,2020-10-16 09:32:06.100,3336.0000,7938,0,326847780.000,0,-,-,-,-,3334.0000,3333.8000,3333.6000,3333.2000,3333.0000,3335.8000,3336.0000,3337.0000,3337.4000,3337.6000,1,2,1,1,1,1,11,20,1,1
SF,IH2103,2020-10-16 09:32:06.600,3336.0000,7938,0,326847780.000,0,-,-,-,-,3334.2000,3333.6000,3333.2000,3333.0000,3332.4000,3335.6000,3335.8000,3336.0000,3337.0000,3337.4000,1,1,1,1,1,1,1,11,20,1
SF,IH2103,2020-10-16 09:32:07.100,3336.0000,7938,0,326847780.000,0,-,-,-,-,3334.2000,3333.6000,3333.2000,3333.0000,3332.4000,3335.2000,3335.4000,3335.6000,3336.0000,3337.0000,1,1,1,1,1,1,1,1,11,20
SF,IH2103,2020-10-16 09:32:07.600,3336.0000,7938,0,326847780.000,0,-,-,-,-,3333.6000,3333.2000,3333.0000,3332.4000,3332.2000,3335.0000,3335.2000,3335.6000,3336.0000,3337.0000,1,1,1,1,1,1,1,1,11,20
SF,IH2103,2020-10-16 09:32:08.600,3336.0000,7938,0,326847780.000,0,-,-,-,-,3333.6000,3333.2000,3333.0000,3332.4000,3332.2000,3335.0000,3335.2000,3335.6000,3335.8000,3336.0000,1,1,1,1,1,1,1,1,1,11
SF,IH2103,2020-10-16 09:32:09.100,3336.0000,7938,0,326847780.000,0,-,-,-,-,3333.8000,3333.6000,3333.2000,3333.0000,3332.4000,3335.0000,3335.2000,3335.6000,3335.8000,3336.0000,1,1,1,1,1,1,1,1,1,11
SF,IH2103,2020-10-16 09:32:09.600,3336.0000,7938,0,326847780.000,0,-,-,-,-,3333.6000,3333.2000,3333.0000,3332.4000,3332.2000,3335.0000,3335.2000,3335.6000,3335.8000,3336.0000,1,1,1,1,1,1,1,1,2,11
SF,IH2103,2020-10-16 09:32:10.100,3336.0000,7938,0,326847780.000,0,-,-,-,-,3333.8000,3333.6000,3333.2000,3333.0000,3332.4000,3335.0000,3335.2000,3335.6000,3335.8000,3336.0000,1,1,1,1,1,1,1,1,1,11
SF,IH2103,2020-10-16 09:32:10.600,3336.0000,7938,0,326847780.000,0,-,-,-,-,3333.6000,3333.2000,3333.0000,3332.4000,3332.2000,3335.0000,3335.2000,3335.6000,3335.8000,3336.0000,1,1,1,1,1,1,1,1,1,11
SF,IH2103,2020-10-16 09:32:12.100,3336.0000,7938,0,326847780.000,0,-,-,-,-,3333.6000,3333.2000,3333.0000,3332.4000,3332.2000,3335.0000,3335.2000,3335.6000,3335.8000,3336.0000,1,1,1,1,1,1,1,1,1,11
SF,IH2103,2020-10-16 09:32:12.600,3336.0000,7938,0,326847780.000,0,-,-,-,-,3333.8000,3333.6000,3333.2000,3333.0000,3332.4000,3335.0000,3335.2000,3335.6000,3335.8000,3336.0000,1,1,1,1,1,1,1,1,1,11
SF,IH2103,2020-10-16 09:32:13.100,3335.0000,7937,-1,327848280.000,1,0,1,双平,S,3333.8000,3333.6000,3333.2000,3333.0000,3332.4000,3335.2000,3335.6000,3335.8000,3336.0000,3337.0000,1,1,1,1,1,1,1,1,11,20
SF,IH2103,2020-10-16 09:32:13.600,3335.0000,7937,0,327848280.000,0,-,-,-,-,3333.8000,3333.6000,3333.2000,3333.0000,3332.4000,3335.2000,3335.6000,3335.8000,3336.0000,3337.0000,1,1,1,1,1,1,1,1,11,20
SF,IH2103,2020-10-16 09:32:14.100,3335.0000,7937,0,327848280.000,0,-,-,-,-,3333.8000,3333.6000,3333.2000,3333.0000,3332.4000,3335.0000,3335.2000,3335.6000,3335.8000,3336.0000,1,1,1,1,1,1,1,1,1,11
SF,IH2103,2020-10-16 09:32:14.600,3335.0000,7937,0,327848280.000,0,-,-,-,-,3334.6000,3334.0000,3333.8000,3333.6000,3333.2000,3335.0000,3335.2000,3335.8000,3336.0000,3337.0000,1,2,2,1,1,1,1,1,11,20
SF,IH2103,2020-10-16 09:32:15.100,3335.0000,7937,0,327848280.000,0,-,-,-,-,3334.0000,3333.8000,3333.6000,3333.2000,3333.0000,3335.0000,3335.2000,3335.8000,3336.0000,3337.0000,2,1,1,1,1,1,1,1,11,20
SF,IH2103,2020-10-16 09:32:15.600,3335.0000,7937,0,327848280.000,0,-,-,-,-,3334.2000,3334.0000,3333.6000,3333.2000,3333.0000,3335.2000,3336.0000,3337.0000,3337.4000,3339.0000,1,2,1,1,1,1,11,20,1,1
SF,IH2103,2020-10-16 09:32:16.100,3335.0000,7937,0,327848280.000,0,-,-,-,-,3334.2000,3334.0000,3333.6000,3333.2000,3333.0000,3335.2000,3336.0000,3337.0000,3337.4000,3339.0000,1,2,1,1,1,1,11,20,1,1
SF,IH2103,2020-10-16 09:32:16.600,3335.0000,7937,0,327848280.000,0,-,-,-,-,3334.2000,3333.6000,3333.2000,3333.0000,3332.4000,3335.2000,3336.0000,3337.0000,3337.4000,3339.0000,1,1,1,1,1,1,11,20,1,1
SF,IH2103,2020-10-16 09:32:17.100,3335.0000,7937,0,327848280.000,0,-,-,-,-,3334.2000,3333.6000,3333.2000,3333.0000,3332.4000,3335.0000,3335.2000,3336.0000,3337.0000,3337.4000,1,1,1,1,1,1,1,11,20,1
SF,IH2103,2020-10-16 09:32:18.100,3334.2000,7936,-1,328848540.000,1,0,1,双平,S,3333.6000,3333.2000,3333.0000,3332.4000,3332.2000,3335.0000,3335.2000,3336.0000,3337.0000,3337.4000,1,1,1,1,2,1,1,11,20,1
SF,IH2103,2020-10-16 09:32:18.600,3334.2000,7936,0,328848540.000,0,-,-,-,-,3333.8000,3333.6000,3333.2000,3333.0000,3332.4000,3334.8000,3335.0000,3335.2000,3336.0000,3337.0000,1,1,1,1,1,1,1,1,11,20
SF,IH2103,2020-10-16 09:32:19.100,3334.2000,7936,0,328848540.000,0,-,-,-,-,3333.6000,3333.2000,3333.0000,3332.4000,3332.2000,3334.8000,3335.0000,3335.2000,3336.0000,3337.0000,1,1,1,1,2,1,1,1,11,20
SF,IH2103,2020-10-16 09:32:19.600,3334.2000,7936,0,328848540.000,0,-,-,-,-,3333.2000,3333.0000,3332.4000,3332.2000,3331.0000,3334.6000,3334.8000,3335.2000,3336.0000,3337.0000,1,1,1,2,1,1,1,1,11,20
SF,IH2103,2020-10-16 09:32:20.100,3334.2000,7936,0,328848540.000,0,-,-,-,-,3333.8000,3333.2000,3333.0000,3332.4000,3332.2000,3334.4000,3334.6000,3335.2000,3336.0000,3337.0000,1,1,1,1,2,1,1,1,11,20
SF,IH2103,2020-10-16 09:32:20.600,3333.8000,7935,-1,329848680.000,1,0,1,双平,S,3333.2000,3333.0000,3332.4000,3332.2000,3331.0000,3334.4000,3334.6000,3335.2000,3336.0000,3337.0000,1,1,1,2,1,1,1,1,11,20
SF,IH2103,2020-10-16 09:32:21.100,3333.8000,7935,0,329848680.000,0,-,-,-,-,3333.2000,3333.0000,3332.4000,3332.2000,3331.0000,3334.4000,3335.2000,3336.0000,3337.0000,3337.4000,1,1,1,2,1,1,1,11,20,1
SF,IH2103,2020-10-16 09:32:21.600,3333.8000,7935,0,329848680.000,0,-,-,-,-,3333.4000,3333.2000,3333.0000,3332.4000,3332.2000,3334.2000,3334.4000,3335.2000,3336.0000,3337.0000,1,1,1,1,2,1,1,1,11,20
SF,IH2103,2020-10-16 09:32:22.100,3333.2000,7934,-1,331848660.000,2,0,2,多平,S,3333.0000,3332.4000,3332.2000,3331.0000,3330.0000,3334.0000,3334.2000,3335.2000,3336.0000,3337.0000,1,1,2,1,2,1,1,1,11,20
SF,IH2103,2020-10-16 09:32:22.600,3333.2000,7934,0,331848660.000,0,-,-,-,-,3333.0000,3332.4000,3332.2000,3331.0000,3330.0000,3334.0000,3334.2000,3335.2000,3336.0000,3337.0000,1,1,2,2,2,1,1,1,11,20
SF,IH2103,2020-10-16 09:32:23.100,3333.0000,7934,0,332848560.000,1,0,1,多换,S,3332.4000,3332.2000,3331.0000,3330.0000,3327.6000,3333.8000,3334.0000,3335.2000,3336.0000,3337.0000,1,1,2,2,1,1,1,1,11,20
SF,IH2103,2020-10-16 09:32:23.600,3333.0000,7934,0,332848560.000,0,-,-,-,-,3332.6000,3332.4000,3332.2000,3331.0000,3330.0000,3333.6000,3333.8000,3335.2000,3336.0000,3337.0000,1,1,1,2,2,1,1,1,11,20
SF,IH2103,2020-10-16 09:32:24.100,3333.0000,7934,0,332848560.000,0,-,-,-,-,3333.0000,3332.4000,3332.2000,3331.0000,3330.0000,3333.6000,3333.8000,3335.2000,3336.0000,3337.0000,1,1,1,2,2,1,1,1,11,20
SF,IH2103,2020-10-16 09:32:24.600,3333.0000,7934,0,333848460.000,1,0,1,多换,S,3332.4000,3332.2000,3331.0000,3330.0000,3327.6000,3333.0000,3333.4000,3333.6000,3335.2000,3336.0000,1,1,2,2,1,1,1,1,1,11
SF,IH2103,2020-10-16 09:32:25.100,3332.4000,7933,-1,334848180.000,1,0,1,双平,S,3332.2000,3331.0000,3330.0000,3327.6000,3321.8000,3332.8000,3333.4000,3335.2000,3336.0000,3337.0000,1,2,2,1,1,1,1,1,11,20
SF,IH2103,2020-10-16 09:32:25.600,3332.4000,7933,0,334848180.000,0,-,-,-,-,3331.0000,3330.0000,3327.6000,3321.8000,3318.0000,3332.2000,3332.8000,3333.4000,3335.2000,3336.0000,2,2,1,1,1,1,2,1,1,11
SF,IH2103,2020-10-16 09:32:26.100,3332.4000,7933,0,334848180.000,0,-,-,-,-,3331.0000,3330.0000,3327.6000,3321.8000,3318.0000,3332.0000,3332.8000,3333.4000,3334.4000,3335.2000,2,3,1,1,1,1,1,1,1,1
SF,IH2103,2020-10-16 09:32:26.600,3332.4000,7933,0,334848180.000,0,-,-,-,-,3331.2000,3331.0000,3330.0000,3329.0000,3327.6000,3332.8000,3333.4000,3334.4000,3335.2000,3336.0000,1,2,3,1,1,1,1,1,1,11
SF,IH2103,2020-10-16 09:32:27.100,3332.4000,7933,0,334848180.000,0,-,-,-,-,3331.2000,3331.0000,3330.0000,3329.0000,3327.6000,3332.6000,3332.8000,3333.4000,3334.4000,3335.2000,1,2,3,1,1,1,1,1,1,1
SF,IH2103,2020-10-16 09:32:27.600,3332.4000,7932,-1,335847900.000,1,0,1,双平,S,3331.2000,3331.0000,3330.0000,3329.0000,3327.6000,3332.6000,3332.8000,3333.4000,3334.4000,3335.2000,1,2,3,1,1,1,1,1,1,1
SF,IH2103,2020-10-16 09:32:28.100,3332.4000,7932,0,335847900.000,0,-,-,-,-,3331.0000,3330.0000,3329.0000,3327.6000,3321.8000,3332.6000,3332.8000,3333.4000,3334.4000,3335.2000,2,3,1,1,1,1,1,1,1,1
SF,IH2103,2020-10-16 09:32:28.600,3332.4000,7932,0,335847900.000,0,-,-,-,-,3331.0000,3330.0000,3329.0000,3327.6000,3321.8000,3332.6000,3332.8000,3334.4000,3335.2000,3336.0000,2,3,1,1,1,1,1,1,1,11
SF,IH2103,2020-10-16 09:32:29.100,3332.4000,7932,0,335847900.000,0,-,-,-,-,3331.0000,3330.0000,3329.0000,3327.6000,3327.4000,3332.6000,3332.8000,3334.4000,3335.2000,3336.0000,2,3,1,1,1,1,1,1,1,11
SF,IH2103,2020-10-16 09:32:29.600,3332.4000,7932,0,335847900.000,0,-,-,-,-,3331.2000,3331.0000,3330.0000,3329.0000,3327.6000,3332.4000,3332.6000,3332.8000,3335.2000,3336.0000,1,2,3,1,1,1,1,1,1,11
SF,IH2103,2020-10-16 09:32:30.100,3332.8000,7932,0,337847460.000,2,1,1,多换,S,3331.2000,3331.0000,3330.0000,3329.0000,3327.6000,3335.2000,3336.0000,3337.0000,3337.4000,3339.0000,1,2,3,1,1,1,11,20,1,1
SF,IH2103,2020-10-16 09:32:30.600,3332.8000,7932,0,337847460.000,0,-,-,-,-,3331.2000,3331.0000,3330.0000,3329.0000,3327.6000,3334.8000,3335.0000,3335.2000,3336.0000,3337.0000,1,2,3,1,1,1,2,1,11,20
SF,IH2103,2020-10-16 09:32:31.100,3332.8000,7932,0,337847460.000,0,-,-,-,-,3331.2000,3331.0000,3330.0000,3329.0000,3327.6000,3334.4000,3334.6000,3335.2000,3336.0000,3337.0000,1,2,3,1,1,1,3,1,11,20
SF,IH2103,2020-10-16 09:32:31.600,3332.8000,7932,0,337847460.000,0,-,-,-,-,3331.2000,3331.0000,3330.0000,3329.4000,3329.0000,3334.0000,3334.2000,3335.2000,3336.0000,3337.0000,1,2,3,1,1,1,4,1,11,20
SF,IH2103,2020-10-16 09:32:32.100,3332.8000,7932,0,337847460.000,0,-,-,-,-,3332.6000,3331.4000,3331.2000,3331.0000,3330.0000,3333.8000,3334.2000,3335.2000,3336.0000,3337.0000,1,3,1,2,3,3,2,1,11,20
SF,IH2103,2020-10-16 09:32:32.600,3332.8000,7932,0,337847460.000,0,-,-,-,-,3332.6000,3331.4000,3331.2000,3331.0000,3330.0000,3333.8000,3334.2000,3335.2000,3336.0000,3337.0000,1,2,1,2,2,1,1,1,11,20
SF,IH2103,2020-10-16 09:32:33.100,3332.8000,7932,0,337847460.000,0,-,-,-,-,3332.6000,3331.4000,3331.2000,3331.0000,3330.0000,3333.4000,3333.6000,3333.8000,3335.2000,3336.0000,1,2,1,2,2,1,2,1,1,11
SF,IH2103,2020-10-16 09:32:34.100,3332.6000,7932,0,338847240.000,1,0,1,多换,S,3331.4000,3331.2000,3331.0000,3330.0000,3329.4000,3333.4000,3333.6000,3333.8000,3335.2000,3336.0000,2,1,2,2,1,1,2,1,1,11
SF,IH2103,2020-10-16 09:32:34.600,3333.2000,7931,-1,341847120.000,3,1,2,多平,S,3332.6000,3331.6000,3331.0000,3330.8000,3330.0000,3333.2000,3333.4000,3333.6000,3335.2000,3336.0000,2,1,2,1,2,2,1,2,1,11
SF,IH2103,2020-10-16 09:32:35.100,3333.2000,7931,0,341847120.000,0,-,-,-,-,3331.6000,3331.0000,3330.8000,3330.0000,3329.4000,3333.2000,3333.4000,3335.2000,3336.0000,3337.0000,1,2,1,2,1,2,1,1,11,20
SF,IH2103,2020-10-16 09:32:35.600,3333.2000,7931,0,341847120.000,0,-,-,-,-,3331.6000,3331.2000,3331.0000,3330.8000,3330.0000,3333.2000,3333.4000,3335.2000,3335.4000,3336.0000,1,2,2,1,2,2,1,1,1,11
SF,IH2103,2020-10-16 09:32:36.600,3333.2000,7931,0,341847120.000,0,-,-,-,-,3331.6000,3331.0000,3330.8000,3330.0000,3329.4000,3333.0000,3333.2000,3335.2000,3335.4000,3336.0000,1,2,1,2,1,1,2,1,1,11
SF,IH2103,2020-10-16 09:32:37.100,3333.2000,7931,0,341847120.000,0,-,-,-,-,3331.6000,3331.0000,3330.8000,3330.0000,3329.4000,3332.8000,3333.0000,3334.0000,3335.2000,3335.4000,3,2,1,2,1,2,1,1,1,1
SF,IH2103,2020-10-16 09:32:37.600,3333.2000,7931,0,341847120.000,0,-,-,-,-,3331.6000,3331.0000,3330.8000,3330.0000,3329.4000,3332.8000,3333.0000,3334.0000,3335.2000,3335.4000,1,2,1,2,1,2,1,1,1,1
SF,IH2103,2020-10-16 09:32:38.100,3332.8000,7931,0,342846960.000,1,0,1,多换,S,3331.6000,3331.0000,3330.8000,3330.0000,3329.6000,3332.6000,3332.8000,3334.0000,3335.2000,3335.4000,1,2,1,2,1,1,1,1,1,1
SF,IH2103,2020-10-16 09:32:38.600,3332.8000,7931,0,342846960.000,0,-,-,-,-,3331.6000,3331.0000,3330.8000,3330.2000,3330.0000,3332.6000,3332.8000,3334.0000,3335.2000,3335.4000,1,2,1,2,2,1,1,1,1,1
SF,IH2103,2020-10-16 09:32:39.100,3332.8000,7931,0,342846960.000,0,-,-,-,-,3331.6000,3331.0000,3330.8000,3330.2000,3330.0000,3332.6000,3334.0000,3335.2000,3335.4000,3336.0000,1,2,1,2,2,1,1,1,1,11
SF,IH2103,2020-10-16 09:32:39.600,3331.6000,7930,-1,343846440.000,1,0,1,双平,S,3331.0000,3330.2000,3330.0000,3329.6000,3329.4000,3332.4000,3332.6000,3334.0000,3335.2000,3335.4000,2,2,2,1,1,2,1,1,1,1
SF,IH2103,2020-10-16 09:32:40.100,3331.6000,7930,0,343846440.000,0,-,-,-,-,3331.2000,3331.0000,3330.0000,3329.6000,3329.4000,3332.4000,3332.6000,3334.0000,3335.2000,3335.4000,1,2,2,1,1,2,1,1,1,1
SF,IH2103,2020-10-16 09:32:40.600,3331.6000,7930,0,343846440.000,0,-,-,-,-,3331.0000,3330.0000,3329.6000,3329.4000,3327.6000,3332.0000,3332.4000,3334.0000,3335.2000,3335.4000,2,2,1,1,1,1,2,1,1,1
SF,IH2103,2020-10-16 09:32:41.100,3331.6000,7930,0,343846440.000,0,-,-,-,-,3331.2000,3331.0000,3330.0000,3329.6000,3329.4000,3332.0000,3332.4000,3334.0000,3335.2000,3335.4000,1,2,2,1,1,1,2,1,1,1
SF,IH2103,2020-10-16 09:32:42.600,3331.6000,7930,0,343846440.000,0,-,-,-,-,3331.2000,3331.0000,3330.0000,3329.6000,3329.4000,3332.0000,3332.4000,3334.0000,3335.2000,3335.4000,1,2,2,1,1,1,2,1,1,1
SF,IH2103,2020-10-16 09:32:43.100,3331.6000,7930,0,343846440.000,0,-,-,-,-,3331.0000,3330.0000,3329.6000,3329.4000,3327.6000,3331.8000,3332.0000,3332.4000,3334.0000,3335.2000,2,2,1,1,1,1,1,1,1,1
SF,IH2103,2020-10-16 09:32:43.600,3331.6000,7930,0,343846440.000,0,-,-,-,-,3331.0000,3330.0000,3329.6000,3329.4000,3327.6000,3331.8000,3332.0000,3332.4000,3334.0000,3335.2000,1,2,1,1,1,1,1,1,1,1
SF,IH2103,2020-10-16 09:32:44.100,3331.0000,7930,0,344845740.000,1,0,1,多换,S,3330.0000,3329.6000,3328.4000,3327.6000,3321.8000,3331.2000,3331.6000,3331.8000,3332.4000,3334.0000,2,1,2,1,1,1,1,1,1,1
SF,IH2103,2020-10-16 09:32:44.600,3331.0000,7930,0,344845740.000,0,-,-,-,-,3330.0000,3329.6000,3328.4000,3327.6000,3321.8000,3331.0000,3331.2000,3331.4000,3331.6000,3332.4000,2,1,3,1,1,1,1,1,2,2
SF,IH2103,2020-10-16 09:32:45.100,3331.0000,7930,0,344845740.000,0,-,-,-,-,3330.0000,3329.6000,3328.4000,3327.6000,3327.2000,3330.8000,3331.0000,3331.2000,3331.6000,3332.4000,2,1,3,1,1,1,1,1,1,2
SF,IH2103,2020-10-16 09:32:45.600,3331.0000,7930,0,344845740.000,0,-,-,-,-,3330.0000,3329.6000,3328.4000,3327.6000,3327.2000,3330.4000,3330.6000,3330.8000,3331.2000,3331.6000,2,1,1,1,1,5,1,2,1,1
SF,IH2103,2020-10-16 09:32:46.100,3330.0000,7931,1,346843860.000,2,1,1,空开,S,3330.0000,3329.6000,3328.4000,3327.6000,3327.2000,3330.6000,3330.8000,3331.2000,3331.6000,3332.4000,1,1,1,1,1,1,1,1,1,1
SF,IH2103,2020-10-16 09:32:46.600,3330.0000,7930,-1,347842860.000,1,0,1,双平,S,3330.0000,3329.6000,3328.4000,3327.6000,3327.2000,3331.2000,3332.4000,3333.0000,3336.0000,3337.0000,1,1,1,1,1,1,1,1,11,20
SF,IH2103,2020-10-16 09:32:47.100,3330.0000,7930,0,347842860.000,0,-,-,-,-,3330.0000,3329.6000,3328.4000,3327.6000,3327.2000,3331.0000,3331.2000,3332.4000,3333.0000,3336.0000,1,1,1,1,1,1,1,1,1,11
SF,IH2103,2020-10-16 09:32:48.600,3331.2000,7928,-2,349841520.000,2,0,2,双平,S,3330.0000,3329.6000,3329.4000,3328.4000,3327.6000,3332.4000,3333.0000,3336.0000,3337.0000,3337.4000,1,1,1,1,1,1,1,11,20,1
SF,IH2103,2020-10-16 09:32:49.100,3331.2000,7928,0,349841520.000,0,-,-,-,-,3330.2000,3330.0000,3329.6000,3329.4000,3328.4000,3332.2000,3332.4000,3333.0000,3336.0000,3337.0000,2,1,1,1,1,2,1,1,11,20
SF,IH2103,2020-10-16 09:32:49.600,3331.2000,7928,0,349841520.000,0,-,-,-,-,3330.2000,3330.0000,3329.6000,3329.4000,3328.4000,3332.2000,3332.4000,3333.0000,3336.0000,3337.0000,1,1,1,1,1,2,1,1,11,20
SF,IH2103,2020-10-16 09:32:50.100,3331.2000,7928,0,349841520.000,0,-,-,-,-,3330.4000,3330.2000,3330.0000,3329.6000,3329.4000,3332.2000,3332.4000,3333.0000,3336.0000,3337.0000,1,1,1,1,1,1,1,1,11,20
SF,IH2103,2020-10-16 09:32:50.600,3331.2000,7928,0,349841520.000,0,-,-,-,-,3330.6000,3330.4000,3330.0000,3329.6000,3329.4000,3332.2000,3332.4000,3333.0000,3336.0000,3337.0000,1,1,1,1,1,1,1,1,11,20
SF,IH2103,2020-10-16 09:32:53.100,3332.2000,7927,-1,350841180.000,1,0,1,双平,S,3330.6000,3330.4000,3330.0000,3329.6000,3329.4000,3331.8000,3332.4000,3333.0000,3336.0000,3337.0000,1,1,1,1,1,1,1,1,11,20
SF,IH2103,2020-10-16 09:32:54.100,3332.2000,7927,0,350841180.000,0,-,-,-,-,3330.6000,3330.4000,3330.0000,3329.6000,3329.4000,3332.4000,3333.0000,3336.0000,3337.0000,3337.4000,1,1,1,1,1,1,1,11,20,1
SF,IH2103,2020-10-16 09:32:54.600,3332.2000,7927,0,350841180.000,0,-,-,-,-,3330.8000,3330.6000,3330.0000,3329.6000,3329.4000,3332.2000,3332.4000,3333.0000,3336.0000,3337.0000,1,1,1,1,1,1,1,1,11,20
SF,IH2103,2020-10-16 09:32:55.100,3332.2000,7927,0,350841180.000,0,-,-,-,-,3331.0000,3330.8000,3330.0000,3329.6000,3329.4000,3332.4000,3333.0000,3336.0000,3337.0000,3337.4000,1,1,1,1,1,1,1,11,20,1
SF,IH2103,2020-10-16 09:33:00.100,3332.2000,7927,0,350841180.000,0,-,-,-,-,3331.0000,3330.8000,3330.0000,3329.6000,3329.4000,3332.2000,3332.4000,3333.0000,3336.0000,3337.0000,1,1,1,1,1,1,1,1,11,20
SF,IH2103,2020-10-16 09:33:00.600,3332.2000,7927,0,350841180.000,0,-,-,-,-,3331.2000,3331.0000,3330.8000,3330.0000,3329.6000,3332.2000,3332.4000,3333.0000,3336.0000,3337.0000,1,1,1,1,1,1,1,1,11,20
SF,IH2103,2020-10-16 09:33:01.100,3332.2000,7927,0,350841180.000,0,-,-,-,-,3331.4000,3331.2000,3330.8000,3330.0000,3329.6000,3332.4000,3333.0000,3336.0000,3337.0000,3337.4000,1,1,1,1,1,1,1,11,20,1
SF,IH2103,2020-10-16 09:33:01.600,3332.2000,7927,0,350841180.000,0,-,-,-,-,3331.4000,3331.2000,3330.8000,3330.0000,3329.8000,3332.4000,3333.0000,3336.0000,3337.0000,3337.4000,1,1,1,1,2,1,1,11,20,1
SF,IH2103,2020-10-16 09:33:02.100,3332.2000,7927,0,350841180.000,0,-,-,-,-,3331.4000,3331.2000,3330.0000,3329.8000,3329.6000,3332.4000,3333.0000,3336.0000,3337.0000,3337.4000,1,1,1,2,1,1,1,11,20,1
SF,IH2103,2020-10-16 09:33:02.600,3332.2000,7927,0,350841180.000,0,-,-,-,-,3331.4000,3331.2000,3330.0000,3329.8000,3329.6000,3332.4000,3333.0000,3336.0000,3337.0000,3337.4000,2,1,1,2,1,1,1,11,20,1
SF,IH2103,2020-10-16 09:33:03.600,3332.2000,7927,0,350841180.000,0,-,-,-,-,3331.4000,3330.0000,3329.6000,3327.6000,3327.2000,3332.4000,3333.0000,3336.0000,3337.0000,3337.4000,2,1,1,1,1,1,1,11,20,1
SF,IH2103,2020-10-16 09:33:04.100,3332.2000,7927,0,350841180.000,0,-,-,-,-,3331.4000,3330.0000,3329.6000,3327.6000,3327.2000,3332.0000,3332.4000,3333.0000,3336.0000,3337.0000,2,1,1,1,1,1,1,1,11,20
SF,IH2103,2020-10-16 09:33:04.600,3332.2000,7927,0,350841180.000,0,-,-,-,-,3331.4000,3330.0000,3329.6000,3328.2000,3327.6000,3332.0000,3332.4000,3333.0000,3336.0000,3337.0000,1,1,1,2,1,1,1,1,11,20
SF,IH2103,2020-10-16 09:33:05.100,3331.4000,7926,-1,351840600.000,1,0,1,双平,S,3330.0000,3329.6000,3328.2000,3327.6000,3327.2000,3331.4000,3331.6000,3331.8000,3332.0000,3332.4000,1,1,2,1,1,2,4,1,2,1
SF,IH2103,2020-10-16 09:33:05.600,3331.4000,7926,0,351840600.000,0,-,-,-,-,3330.2000,3330.0000,3329.6000,3328.4000,3328.2000,3331.2000,3331.4000,3331.8000,3332.0000,3332.4000,1,1,1,1,2,1,1,1,1,1
SF,IH2103,2020-10-16 09:33:06.100,3331.4000,7926,0,351840600.000,0,-,-,-,-,3330.2000,3330.0000,3329.6000,3328.4000,3327.6000,3331.2000,3331.4000,3332.0000,3332.4000,3333.0000,1,1,1,1,1,1,1,1,1,1
SF,IH2103,2020-10-16 09:33:06.600,3331.4000,7926,0,351840600.000,0,-,-,-,-,3331.2000,3330.2000,3330.0000,3329.6000,3328.4000,3332.0000,3332.4000,3333.0000,3336.0000,3337.0000,1,1,1,1,1,1,1,1,11,20
SF,IH2103,2020-10-16 09:33:07.100,3331.4000,7926,0,351840600.000,0,-,-,-,-,3330.2000,3330.0000,3329.6000,3327.6000,3321.8000,3332.0000,3332.4000,3333.0000,3336.0000,3337.0000,1,1,1,1,1,1,1,1,11,20
SF,IH2103,2020-10-16 09:33:07.600,3331.4000,7926,0,351840600.000,0,-,-,-,-,3330.4000,3330.2000,3330.0000,3329.6000,3328.4000,3332.0000,3332.4000,3333.0000,3336.0000,3337.0000,1,1,1,1,1,1,1,1,11,20
SF,IH2103,2020-10-16 09:33:08.100,3331.4000,7926,0,351840600.000,0,-,-,-,-,3330.6000,3330.4000,3330.0000,3329.6000,3328.4000,3332.0000,3332.4000,3333.0000,3336.0000,3337.0000,1,1,1,1,1,1,1,1,11,20
SF,IH2103,2020-10-16 09:33:08.600,3331.4000,7926,0,351840600.000,0,-,-,-,-,3330.6000,3330.0000,3329.6000,3328.4000,3327.6000,3332.0000,3332.4000,3333.0000,3336.0000,3337.0000,1,1,1,1,1,1,1,1,11,20
SF,IH2103,2020-10-16 09:33:09.100,3331.4000,7926,0,351840600.000,0,-,-,-,-,3330.6000,3330.0000,3329.6000,3328.4000,3327.6000,3332.0000,3332.4000,3336.0000,3337.0000,3337.4000,1,1,1,1,1,1,2,11,20,1
SF,IH2103,2020-10-16 09:33:14.100,3332.0000,7925,-1,352840200.000,1,0,1,双平,S,3330.6000,3330.0000,3329.6000,3328.4000,3327.6000,3332.4000,3336.0000,3337.0000,3337.4000,3339.0000,1,1,1,1,1,2,11,20,1,1
SF,IH2103,2020-10-16 09:33:14.600,3330.8000,7925,0,354839100.000,2,1,1,多换,S,3330.8000,3330.6000,3330.0000,3329.6000,3328.4000,3332.4000,3336.0000,3337.0000,3337.4000,3339.0000,1,1,1,1,1,2,11,20,1,1
SF,IH2103,2020-10-16 09:33:15.100,3332.4000,7923,-2,356838540.000,2,0,2,双平,S,3331.0000,3330.8000,3330.0000,3329.6000,3327.6000,3336.0000,3337.0000,3337.4000,3339.0000,3339.8000,1,1,1,1,1,11,20,1,1,1
SF,IH2103,2020-10-16 09:33:15.600,3332.4000,7923,0,356838540.000,0,-,-,-,-,3331.2000,3331.0000,3330.0000,3329.6000,3327.6000,3335.8000,3336.0000,3337.0000,3337.4000,3339.0000,1,1,1,1,1,1,11,20,1,1
SF,IH2103,2020-10-16 09:33:16.100,3332.4000,7923,0,356838540.000,0,-,-,-,-,3331.4000,3331.2000,3330.0000,3329.6000,3327.6000,3334.0000,3335.8000,3336.0000,3337.0000,3337.4000,1,1,1,1,1,1,1,11,20,1
SF,IH2103,2020-10-16 09:33:16.600,3332.4000,7923,0,356838540.000,0,-,-,-,-,3331.6000,3331.4000,3330.0000,3329.6000,3327.6000,3333.8000,3334.0000,3334.6000,3336.0000,3337.0000,1,1,1,1,1,1,1,1,11,20
SF,IH2103,2020-10-16 09:33:17.100,3332.4000,7923,0,356838540.000,0,-,-,-,-,3331.8000,3331.6000,3330.0000,3329.6000,3327.6000,3333.8000,3334.0000,3334.6000,3336.0000,3337.0000,1,1,1,1,1,1,1,1,11,20
SF,IH2103,2020-10-16 09:33:17.600,3332.4000,7923,0,356838540.000,0,-,-,-,-,3332.0000,3331.8000,3330.0000,3329.6000,3327.6000,3333.8000,3334.0000,3334.6000,3336.0000,3337.0000,1,1,1,1,1,1,1,1,11,20
SF,IH2103,2020-10-16 09:33:18.100,3332.4000,7923,0,356838540.000,0,-,-,-,-,3332.2000,3332.0000,3330.0000,3327.6000,3321.8000,3333.8000,3334.6000,3336.0000,3337.0000,3337.4000,1,1,1,1,1,1,1,11,20,1
SF,IH2103,2020-10-16 09:33:18.600,3332.2000,7922,-1,357838200.000,1,0,1,双平,S,3332.0000,3330.0000,3327.6000,3321.8000,3318.0000,3333.4000,3333.6000,3333.8000,3336.0000,3337.0000,1,1,1,1,1,2,1,1,11,20
SF,IH2103,2020-10-16 09:33:19.100,3332.2000,7922,0,357838200.000,0,-,-,-,-,3332.2000,3332.0000,3330.0000,3327.6000,3321.8000,3333.2000,3333.4000,3336.0000,3337.0000,3337.4000,1,1,1,1,1,1,1,11,20,1
SF,IH2103,2020-10-16 09:33:19.600,3332.2000,7922,0,357838200.000,0,-,-,-,-,3332.2000,3330.0000,3327.6000,3321.8000,3318.0000,3333.2000,3336.0000,3337.0000,3337.4000,3339.0000,1,1,1,1,1,1,11,20,1,1
SF,IH2103,2020-10-16 09:33:23.600,3333.2000,7921,-1,358838160.000,1,0,1,双平,S,3333.2000,3332.2000,3330.0000,3327.6000,3321.8000,3336.0000,3337.0000,3337.4000,3339.0000,3339.8000,1,1,1,1,1,11,20,1,1,1
SF,IH2103,2020-10-16 09:33:24.100,3333.2000,7921,0,358838160.000,0,-,-,-,-,3333.4000,3333.2000,3331.4000,3330.0000,3327.6000,3335.2000,3335.8000,3336.0000,3337.0000,3337.4000,2,1,1,1,1,1,2,11,20,1
SF,IH2103,2020-10-16 09:33:24.600,3333.2000,7920,-1,359838120.000,1,0,1,双平,S,3333.4000,3333.2000,3331.4000,3330.0000,3327.6000,3335.0000,3336.0000,3337.0000,3337.4000,3339.0000,1,1,1,1,1,1,11,20,1,1
SF,IH2103,2020-10-16 09:33:25.100,3333.4000,7920,0,361838160.000,2,1,1,多换,S,3333.2000,3331.4000,3330.8000,3330.0000,3327.6000,3335.0000,3336.0000,3337.0000,3337.4000,3339.0000,1,1,1,1,1,1,11,20,1,1
SF,IH2103,2020-10-16 09:33:25.600,3333.4000,7920,0,361838160.000,0,-,-,-,-,3331.4000,3330.8000,3330.0000,3327.6000,3321.8000,3334.8000,3335.0000,3336.0000,3337.0000,3337.4000,1,1,1,1,1,1,1,11,20,1
SF,IH2103,2020-10-16 09:33:26.100,3333.4000,7920,0,361838160.000,0,-,-,-,-,3331.8000,3331.6000,3331.4000,3330.8000,3330.0000,3333.8000,3334.6000,3334.8000,3336.0000,3337.0000,1,1,1,1,1,1,1,2,11,20
SF,IH2103,2020-10-16 09:33:26.600,3333.4000,7920,0,361838160.000,0,-,-,-,-,3332.0000,3331.4000,3330.8000,3330.0000,3329.6000,3333.6000,3334.8000,3336.0000,3337.0000,3337.4000,1,1,1,1,1,2,1,11,20,1
SF,IH2103,2020-10-16 09:33:27.100,3333.6000,7920,0,362838240.000,1,0,1,多换,S,3332.0000,3331.4000,3330.8000,3330.0000,3327.6000,3336.0000,3337.0000,3337.4000,3339.0000,3339.8000,1,1,1,1,1,11,20,1,1,1
SF,IH2103,2020-10-16 09:33:27.600,3333.6000,7920,0,362838240.000,0,-,-,-,-,3332.2000,3332.0000,3331.4000,3330.8000,3330.0000,3335.8000,3336.0000,3337.0000,3337.4000,3339.0000,1,1,1,1,1,1,11,20,1,1
SF,IH2103,2020-10-16 09:33:28.100,3333.6000,7920,0,362838240.000,0,-,-,-,-,3332.6000,3332.4000,3332.2000,3331.4000,3330.0000,3335.2000,3335.4000,3335.8000,3336.0000,3337.0000,1,2,1,1,1,1,1,1,11,20
SF,IH2103,2020-10-16 09:33:28.600,3333.6000,7920,0,362838240.000,0,-,-,-,-,3332.8000,3332.4000,3331.4000,3330.0000,3327.6000,3335.0000,3335.2000,3335.4000,3336.0000,3337.0000,2,2,1,1,1,1,2,1,11,20
SF,IH2103,2020-10-16 09:33:29.600,3333.6000,7920,0,362838240.000,0,-,-,-,-,3333.2000,3332.8000,3332.4000,3331.4000,3330.0000,3335.0000,3335.2000,3336.0000,3337.0000,3337.4000,1,2,2,1,1,1,2,11,20,1
SF,IH2103,2020-10-16 09:33:30.100,3335.0000,7919,-1,363838740.000,1,0,1,双平,S,3333.4000,3333.0000,3332.4000,3331.4000,3330.0000,3335.2000,3336.0000,3337.0000,3337.4000,3339.0000,2,1,2,1,1,2,11,20,1,1
SF,IH2103,2020-10-16 09:33:30.600,3333.4000,7918,-1,365838780.000,2,0,2,多平,S,3333.0000,3332.4000,3331.4000,3330.0000,3327.6000,3335.0000,3335.2000,3336.0000,3337.0000,3337.4000,1,2,1,1,1,1,1,11,20,1
SF,IH2103,2020-10-16 09:33:31.100,3333.4000,7918,0,365838780.000,0,-,-,-,-,3333.2000,3333.0000,3332.4000,3331.4000,3330.0000,3335.0000,3335.2000,3336.0000,3337.0000,3337.4000,2,1,2,1,1,1,1,11,20,1
SF,IH2103,2020-10-16 09:33:31.600,3333.4000,7918,0,365838780.000,0,-,-,-,-,3333.2000,3333.0000,3332.4000,3331.4000,3330.0000,3335.0000,3335.2000,3336.0000,3337.0000,3337.4000,2,1,2,1,1,1,1,11,20,1
SF,IH2103,2020-10-16 09:33:32.100,3335.0000,7917,-1,366839280.000,1,0,1,双平,S,3333.2000,3332.4000,3331.4000,3330.0000,3327.6000,3335.2000,3336.0000,3337.0000,3337.4000,3339.0000,2,2,1,1,1,1,11,20,1,1
SF,IH2103,2020-10-16 09:33:32.600,3335.0000,7917,0,366839280.000,0,-,-,-,-,3333.2000,3332.4000,3331.4000,3330.0000,3327.6000,3335.0000,3335.2000,3336.0000,3337.0000,3337.4000,2,2,1,1,1,1,1,11,20,1
SF,IH2103,2020-10-16 09:33:33.100,3335.0000,7917,0,366839280.000,0,-,-,-,-,3333.2000,3332.4000,3331.4000,3330.0000,3327.6000,3335.0000,3336.0000,3337.0000,3337.4000,3339.0000,1,2,1,1,1,1,11,20,1,1
SF,IH2103,2020-10-16 09:33:33.600,3335.0000,7917,0,366839280.000,0,-,-,-,-,3333.4000,3333.2000,3332.4000,3331.4000,3330.0000,3334.6000,3335.0000,3336.0000,3337.0000,3337.4000,1,1,1,1,1,1,1,11,20,1
SF,IH2103,2020-10-16 09:33:34.100,3335.0000,7917,0,366839280.000,0,-,-,-,-,3333.4000,3333.2000,3332.4000,3331.4000,3330.0000,3334.4000,3334.6000,3336.0000,3337.0000,3337.4000,1,1,1,1,1,1,1,11,20,1
SF,IH2103,2020-10-16 09:33:34.600,3335.0000,7917,0,366839280.000,0,-,-,-,-,3333.4000,3332.4000,3331.4000,3330.0000,3327.6000,3334.4000,3334.6000,3336.0000,3337.0000,3337.4000,1,1,1,1,1,1,1,11,20,1
SF,IH2103,2020-10-16 09:33:35.100,3335.0000,7917,0,366839280.000,0,-,-,-,-,3332.4000,3331.4000,3330.0000,3327.6000,3321.8000,3334.4000,3334.6000,3336.0000,3337.0000,3337.4000,1,1,1,1,1,2,1,11,20,1
SF,IH2103,2020-10-16 09:33:35.600,3334.4000,7916,-1,368839920.000,2,0,2,多平,S,3332.6000,3332.4000,3331.4000,3330.0000,3327.6000,3334.6000,3336.0000,3337.0000,3337.4000,3339.0000,2,1,1,1,1,1,11,20,1,1
SF,IH2103,2020-10-16 09:33:36.100,3334.4000,7916,0,368839920.000,0,-,-,-,-,3332.6000,3332.4000,3331.4000,3330.0000,3327.6000,3334.4000,3334.6000,3336.0000,3337.0000,3337.4000,2,1,1,1,1,1,1,11,20,1
SF,IH2103,2020-10-16 09:33:36.600,3334.4000,7916,0,368839920.000,0,-,-,-,-,3332.6000,3332.4000,3331.4000,3330.0000,3327.6000,3334.6000,3336.0000,3337.0000,3337.4000,3339.0000,2,1,1,1,1,1,11,20,1,1
SF,IH2103,2020-10-16 09:33:37.100,3334.4000,7916,0,368839920.000,0,-,-,-,-,3332.6000,3332.4000,3332.0000,3331.4000,3330.0000,3334.4000,3334.6000,3336.0000,3337.0000,3337.4000,2,1,1,1,1,1,1,11,20,1
SF,IH2103,2020-10-16 09:33:37.600,3334.4000,7916,0,368839920.000,0,-,-,-,-,3332.6000,3332.4000,3332.0000,3331.4000,3330.0000,3334.6000,3336.0000,3337.0000,3337.4000,3339.0000,2,1,1,1,1,1,11,20,1,1
SF,IH2103,2020-10-16 09:33:38.100,3334.4000,7916,0,368839920.000,0,-,-,-,-,3332.6000,3332.4000,3332.0000,3331.4000,3330.0000,3334.4000,3336.0000,3337.0000,3337.4000,3339.0000,2,1,1,1,1,1,11,20,1,1
SF,IH2103,2020-10-16 09:33:38.600,3334.4000,7916,0,368839920.000,0,-,-,-,-,3332.6000,3332.4000,3332.0000,3331.4000,3330.0000,3334.2000,3336.0000,3337.0000,3337.4000,3339.0000,2,1,1,1,1,1,11,20,1,1
SF,IH2103,2020-10-16 09:33:43.100,3334.4000,7916,0,368839920.000,0,-,-,-,-,3332.8000,3332.6000,3332.4000,3332.0000,3331.4000,3336.0000,3337.0000,3337.4000,3339.0000,3339.6000,1,2,1,1,1,11,20,1,1,1
SF,IH2103,2020-10-16 09:33:43.600,3334.4000,7916,0,368839920.000,0,-,-,-,-,3333.0000,3332.8000,3332.4000,3332.0000,3331.4000,3333.6000,3335.6000,3335.8000,3336.0000,3337.0000,1,1,1,1,1,1,5,2,11,20
SF,IH2103,2020-10-16 09:33:44.100,3333.0000,7915,-1,369839820.000,1,0,1,双平,S,3332.8000,3332.4000,3332.0000,3331.4000,3330.0000,3333.6000,3335.6000,3335.8000,3336.0000,3337.0000,1,1,1,1,1,1,4,2,11,20
SF,IH2103,2020-10-16 09:33:44.600,3332.8000,7914,-1,370839660.000,1,0,1,双平,S,3332.4000,3332.0000,3331.4000,3330.0000,3327.6000,3332.8000,3333.4000,3333.6000,3335.2000,3335.4000,1,1,1,1,1,1,1,1,1,1
SF,IH2103,2020-10-16 09:33:45.100,3332.8000,7913,-1,371839500.000,1,0,1,双平,S,3332.4000,3332.0000,3331.4000,3330.0000,3327.6000,3333.4000,3335.2000,3335.4000,3335.6000,3335.8000,1,1,1,1,1,1,1,1,4,1
SF,IH2103,2020-10-16 09:33:45.600,3332.4000,7912,-1,372839220.000,1,0,1,双平,S,3332.0000,3331.4000,3330.0000,3327.6000,3321.8000,3333.4000,3335.2000,3335.4000,3335.6000,3335.8000,1,1,1,1,1,1,2,1,4,1
SF,IH2103,2020-10-16 09:33:46.100,3332.4000,7912,0,372839220.000,0,-,-,-,-,3332.2000,3332.0000,3331.4000,3331.0000,3330.0000,3332.8000,3333.4000,3334.4000,3335.2000,3335.4000,1,1,1,2,1,1,1,1,2,1
SF,IH2103,2020-10-16 09:33:46.600,3332.8000,7911,-1,373839060.000,1,0,1,双平,S,3332.2000,3332.0000,3331.4000,3331.0000,3330.0000,3333.4000,3334.4000,3335.2000,3335.4000,3335.6000,1,1,1,2,1,1,1,2,1,4
SF,IH2103,2020-10-16 09:33:47.600,3332.8000,7911,0,373839060.000,0,-,-,-,-,3332.8000,3332.2000,3332.0000,3331.4000,3331.0000,3333.4000,3334.4000,3335.2000,3335.4000,3335.6000,2,1,1,1,2,1,1,2,1,4
SF,IH2103,2020-10-16 09:33:48.100,3332.8000,7911,0,375838740.000,2,1,1,多换,S,3332.0000,3331.4000,3331.0000,3330.0000,3327.6000,3333.4000,3334.4000,3335.2000,3335.4000,3335.6000,1,1,2,1,1,1,1,2,1,4
SF,IH2103,2020-10-16 09:33:48.600,3332.8000,7911,0,375838740.000,0,-,-,-,-,3332.2000,3332.0000,3331.4000,3331.0000,3330.0000,3333.4000,3334.4000,3335.2000,3335.4000,3335.6000,1,1,1,2,1,1,1,2,1,4
SF,IH2103,2020-10-16 09:33:49.100,3332.8000,7911,0,375838740.000,0,-,-,-,-,3332.2000,3332.0000,3331.4000,3331.0000,3330.0000,3333.2000,3333.4000,3334.4000,3335.2000,3335.4000,1,1,1,2,1,1,1,1,1,1
SF,IH2103,2020-10-16 09:33:49.600,3333.4000,7909,-2,377838720.000,2,0,2,双平,S,3332.2000,3332.0000,3331.4000,3331.0000,3330.0000,3333.0000,3335.4000,3335.6000,3335.8000,3336.0000,1,1,1,2,1,1,1,4,1,11
SF,IH2103,2020-10-16 09:33:50.100,3333.0000,7908,-1,378838620.000,1,0,1,双平,S,3332.2000,3332.0000,3331.4000,3331.0000,3330.0000,3335.4000,3335.6000,3335.8000,3336.0000,3337.0000,1,1,1,2,1,1,4,1,11,20
SF,IH2103,2020-10-16 09:33:50.600,3333.0000,7908,0,378838620.000,0,-,-,-,-,3332.4000,3332.2000,3332.0000,3331.4000,3331.0000,3335.0000,3335.2000,3335.4000,3336.0000,3337.0000,1,1,1,1,2,1,5,1,11,20
SF,IH2103,2020-10-16 09:33:51.100,3333.0000,7908,0,378838620.000,0,-,-,-,-,3332.6000,3332.4000,3332.0000,3331.4000,3331.0000,3334.6000,3334.8000,3335.4000,3336.0000,3337.0000,1,1,1,1,2,1,8,1,11,20
SF,IH2103,2020-10-16 09:33:51.600,3333.0000,7908,0,378838620.000,0,-,-,-,-,3332.8000,3332.6000,3332.0000,3331.4000,3331.0000,3334.4000,3334.6000,3334.8000,3335.4000,3336.0000,1,1,1,1,2,1,1,4,1,11
SF,IH2103,2020-10-16 09:33:52.100,3333.0000,7908,0,378838620.000,0,-,-,-,-,3333.0000,3332.8000,3332.0000,3331.4000,3331.0000,3334.4000,3334.6000,3334.8000,3336.0000,3337.0000,1,1,1,1,2,1,1,2,11,20
SF,IH2103,2020-10-16 09:33:52.600,3333.0000,7908,0,378838620.000,0,-,-,-,-,3332.8000,3332.0000,3331.4000,3331.0000,3330.0000,3334.0000,3334.2000,3334.4000,3334.8000,3336.0000,1,1,1,2,1,4,1,1,2,11
SF,IH2103,2020-10-16 09:33:53.100,3333.0000,7908,0,378838620.000,0,-,-,-,-,3333.0000,3332.0000,3331.4000,3331.0000,3330.0000,3334.2000,3334.4000,3334.8000,3335.2000,3336.0000,1,1,1,2,1,1,1,2,1,11
SF,IH2103,2020-10-16 09:33:53.600,3333.0000,7908,0,378838620.000,0,-,-,-,-,3333.0000,3332.0000,3331.4000,3330.0000,3327.6000,3334.2000,3334.4000,3334.8000,3335.2000,3336.0000,1,1,1,1,1,1,1,2,1,11
SF,IH2103,2020-10-16 09:33:54.100,3333.0000,7908,0,378838620.000,0,-,-,-,-,3333.0000,3332.0000,3331.4000,3330.0000,3327.6000,3334.2000,3335.2000,3336.0000,3337.0000,3337.4000,1,1,1,1,1,1,1,11,20,1
SF,IH2103,2020-10-16 09:33:55.100,3333.0000,7908,0,378838620.000,0,-,-,-,-,3333.0000,3332.0000,3331.4000,3330.0000,3327.6000,3334.2000,3335.2000,3336.0000,3337.0000,3337.4000,1,1,1,1,1,1,1,11,20,1
SF,IH2103,2020-10-16 09:33:55.600,3333.0000,7908,0,378838620.000,0,-,-,-,-,3333.0000,3332.0000,3331.4000,3330.0000,3327.6000,3335.2000,3336.0000,3337.0000,3337.4000,3339.0000,1,1,1,1,1,1,11,20,1,1
SF,IH2103,2020-10-16 09:33:56.100,3333.0000,7908,0,378838620.000,0,-,-,-,-,3333.0000,3332.0000,3331.4000,3330.0000,3327.6000,3335.0000,3335.2000,3336.0000,3337.0000,3337.4000,1,1,1,1,1,2,1,11,20,1
SF,IH2103,2020-10-16 09:33:57.100,3333.0000,7908,0,378838620.000,0,-,-,-,-,3333.0000,3332.0000,3331.4000,3330.0000,3327.6000,3334.8000,3335.0000,3336.0000,3337.0000,3337.4000,1,1,1,1,1,1,2,11,20,1
SF,IH2103,2020-10-16 09:33:57.600,3333.0000,7908,0,378838620.000,0,-,-,-,-,3333.0000,3332.4000,3332.0000,3331.8000,3331.4000,3334.6000,3334.8000,3336.0000,3337.0000,3337.4000,1,1,1,1,1,1,1,11,20,1
SF,IH2103,2020-10-16 09:33:58.600,3333.0000,7908,0,378838620.000,0,-,-,-,-,3333.0000,3332.4000,3332.0000,3331.8000,3331.4000,3334.6000,3336.0000,3337.0000,3337.4000,3339.0000,1,1,1,1,1,1,11,20,1,1
SF,IH2103,2020-10-16 09:34:00.100,3333.0000,7908,0,378838620.000,0,-,-,-,-,3333.0000,3332.4000,3332.0000,3331.8000,3331.4000,3334.6000,3335.8000,3336.0000,3337.0000,3337.4000,1,1,1,1,1,1,1,11,20,1
SF,IH2103,2020-10-16 09:34:01.100,3333.0000,7908,0,378838620.000,0,-,-,-,-,3333.2000,3333.0000,3332.4000,3332.0000,3331.8000,3334.6000,3335.8000,3336.0000,3337.0000,3337.4000,1,1,1,1,1,1,1,11,20,1
SF,IH2103,2020-10-16 09:34:01.600,3334.6000,7908,0,379839000.000,1,0,1,多换,S,3333.4000,3333.2000,3332.4000,3332.0000,3331.8000,3335.8000,3336.0000,3337.0000,3337.4000,3339.0000,2,1,1,1,1,1,11,20,1,1
SF,IH2103,2020-10-16 09:34:02.100,3334.6000,7908,0,379839000.000,0,-,-,-,-,3334.6000,3333.6000,3333.4000,3333.2000,3332.4000,3335.8000,3336.0000,3337.0000,3337.4000,3339.0000,1,2,4,1,1,1,11,20,1,1
SF,IH2103,2020-10-16 09:34:02.600,3334.6000,7906,-2,381839760.000,2,0,2,双平,S,3333.6000,3333.4000,3333.2000,3332.4000,3332.0000,3336.0000,3337.0000,3337.4000,3339.0000,3339.4000,1,3,1,1,1,11,20,1,1,1
SF,IH2103,2020-10-16 09:34:03.100,3333.8000,7907,1,382839900.000,1,1,0,双开,S,3333.8000,3333.6000,3333.4000,3333.2000,3332.4000,3335.8000,3336.0000,3337.0000,3337.4000,3339.0000,1,1,3,1,1,1,11,20,1,1
SF,IH2103,2020-10-16 09:34:03.600,3333.8000,7907,0,382839900.000,0,-,-,-,-,3334.0000,3333.8000,3333.4000,3333.2000,3332.4000,3335.8000,3336.0000,3337.0000,3337.4000,3339.0000,1,1,1,1,1,1,11,20,1,1
SF,IH2103,2020-10-16 09:34:04.100,3333.8000,7907,0,382839900.000,0,-,-,-,-,3334.4000,3334.2000,3334.0000,3333.6000,3333.2000,3336.0000,3337.0000,3337.4000,3339.0000,3339.4000,1,1,2,1,1,11,20,1,1,1
SF,IH2103,2020-10-16 09:34:04.600,3333.8000,7907,0,382839900.000,0,-,-,-,-,3334.6000,3334.4000,3334.0000,3333.6000,3333.2000,3336.0000,3337.0000,3337.4000,3339.0000,3339.4000,1,1,1,1,1,11,20,1,1,1
SF,IH2103,2020-10-16 09:34:05.100,3335.8000,7906,-1,383840640.000,1,0,1,双平,S,3334.6000,3334.4000,3334.0000,3333.2000,3332.4000,3336.0000,3337.0000,3337.4000,3339.0000,3339.4000,1,1,1,1,1,11,20,1,1,1
SF,IH2103,2020-10-16 09:34:05.600,3335.8000,7906,0,383840640.000,0,-,-,-,-,3334.6000,3334.0000,3333.2000,3332.4000,3332.0000,3336.0000,3337.0000,3337.4000,3339.0000,3339.4000,1,1,1,1,1,11,20,1,1,1
SF,IH2103,2020-10-16 09:34:06.600,3335.8000,7906,0,383840640.000,0,-,-,-,-,3334.6000,3334.2000,3334.0000,3333.2000,3332.4000,3336.0000,3337.0000,3337.4000,3339.0000,3339.4000,1,1,1,1,1,11,20,1,1,1
SF,IH2103,2020-10-16 09:34:07.100,3335.8000,7906,0,383840640.000,0,-,-,-,-,3334.6000,3334.2000,3334.0000,3333.2000,3332.4000,3335.8000,3336.0000,3337.0000,3337.4000,3339.0000,1,1,1,1,1,1,11,20,1,1
SF,IH2103,2020-10-16 09:34:08.100,3335.8000,7906,0,383840640.000,0,-,-,-,-,3334.6000,3334.2000,3334.0000,3332.4000,3332.0000,3336.0000,3337.0000,3337.4000,3339.0000,3339.4000,1,1,1,1,1,11,20,1,1,1
SF,IH2103,2020-10-16 09:34:08.600,3335.8000,7906,0,383840640.000,0,-,-,-,-,3334.8000,3334.6000,3334.2000,3334.0000,3332.0000,3336.0000,3337.0000,3337.4000,3339.0000,3339.4000,2,1,1,1,1,11,20,1,1,1
SF,IH2103,2020-10-16 09:34:09.100,3335.8000,7906,0,383840640.000,0,-,-,-,-,3335.0000,3334.8000,3334.0000,3332.0000,3330.0000,3336.0000,3337.0000,3337.4000,3339.0000,3339.4000,1,2,1,1,1,11,20,1,1,1
SF,IH2103,2020-10-16 09:34:10.100,3336.0000,7905,-1,384841440.000,1,0,1,双平,S,3335.0000,3334.8000,3334.0000,3332.0000,3330.0000,3336.0000,3337.0000,3337.4000,3339.0000,3339.4000,1,2,1,1,1,10,20,1,1,1
SF,IH2103,2020-10-16 09:34:10.600,3336.0000,7905,0,384841440.000,0,-,-,-,-,3335.0000,3334.8000,3334.0000,3333.6000,3332.0000,3336.0000,3337.0000,3337.4000,3339.0000,3339.4000,1,1,1,1,1,10,20,1,1,1
SF,IH2103,2020-10-16 09:34:11.100,3335.0000,7904,-1,385841940.000,1,0,1,双平,S,3334.8000,3334.0000,3333.6000,3332.0000,3330.0000,3336.0000,3337.0000,3337.4000,3339.0000,3339.4000,1,1,1,1,1,10,20,1,1,1
SF,IH2103,2020-10-16 09:34:11.600,3334.8000,7903,-1,386842380.000,1,0,1,双平,S,3334.0000,3332.0000,3330.0000,3327.6000,3321.8000,3335.8000,3336.0000,3337.0000,3337.4000,3339.0000,1,1,1,1,1,2,10,20,1,1
SF,IH2103,2020-10-16 09:34:12.100,3335.6000,7904,1,388843260.000,2,1,1,空开,S,3332.0000,3330.0000,3327.6000,3321.8000,3318.0000,3335.8000,3336.0000,3337.0000,3337.4000,3339.0000,1,1,1,1,1,3,10,20,1,1
SF,IH2103,2020-10-16 09:34:12.600,3335.6000,7904,0,388843260.000,0,-,-,-,-,3332.6000,3332.4000,3332.2000,3332.0000,3330.0000,3335.4000,3335.8000,3336.0000,3337.0000,3337.4000,1,1,2,1,1,2,3,10,20,1
SF,IH2103,2020-10-16 09:34:13.100,3335.6000,7904,0,388843260.000,0,-,-,-,-,3332.8000,3332.6000,3332.0000,3331.8000,3330.0000,3335.2000,3335.8000,3336.0000,3337.0000,3337.4000,2,1,1,2,1,3,2,10,20,1
SF,IH2103,2020-10-16 09:34:13.600,3335.6000,7904,0,388843260.000,0,-,-,-,-,3333.0000,3332.8000,3332.6000,3332.0000,3331.8000,3335.2000,3335.8000,3336.0000,3337.0000,3337.4000,1,2,1,1,2,1,1,10,20,1
SF,IH2103,2020-10-16 09:34:14.100,3335.6000,7904,0,388843260.000,0,-,-,-,-,3333.2000,3333.0000,3332.6000,3332.0000,3331.8000,3335.0000,3335.2000,3335.6000,3335.8000,3336.0000,2,1,1,1,2,1,1,1,1,10
SF,IH2103,2020-10-16 09:34:14.600,3335.6000,7904,0,388843260.000,0,-,-,-,-,3333.2000,3333.0000,3332.6000,3332.4000,3332.0000,3334.8000,3335.0000,3335.6000,3335.8000,3336.0000,2,1,1,1,1,1,1,1,1,10
SF,IH2103,2020-10-16 09:34:15.100,3335.6000,7904,0,388843260.000,0,-,-,-,-,3333.2000,3333.0000,3332.6000,3332.4000,3332.0000,3335.6000,3335.8000,3336.0000,3337.0000,3337.4000,2,1,1,1,1,1,1,10,20,1
SF,IH2103,2020-10-16 09:34:15.600,3335.6000,7904,0,388843260.000,0,-,-,-,-,3333.2000,3333.0000,3332.4000,3332.0000,3331.8000,3335.4000,3335.6000,3335.8000,3336.0000,3337.0000,2,1,1,1,2,1,1,1,10,20
SF,IH2103,2020-10-16 09:34:16.100,3335.6000,7904,0,388843260.000,0,-,-,-,-,3333.4000,3333.2000,3333.0000,3332.4000,3332.0000,3335.4000,3335.6000,3335.8000,3336.0000,3337.0000,1,2,1,1,1,1,1,1,10,20
SF,IH2103,2020-10-16 09:34:16.600,3335.6000,7904,0,388843260.000,0,-,-,-,-,3333.6000,3333.4000,3333.0000,3332.4000,3332.0000,3335.4000,3335.6000,3335.8000,3336.0000,3337.0000,2,1,1,1,1,1,1,1,10,20
SF,IH2103,2020-10-16 09:34:17.100,3335.4000,7903,-1,389843880.000,1,0,1,双平,S,3333.6000,3333.0000,3332.4000,3332.0000,3330.0000,3335.6000,3335.8000,3336.0000,3337.0000,3337.4000,2,1,1,1,1,1,1,10,20,1
SF,IH2103,2020-10-16 09:34:17.600,3335.4000,7903,0,389843880.000,0,-,-,-,-,3334.0000,3333.6000,3333.0000,3332.4000,3332.0000,3335.4000,3336.0000,3337.0000,3337.4000,3339.0000,1,2,1,1,1,1,10,20,1,1
SF,IH2103,2020-10-16 09:34:18.100,3335.4000,7903,0,389843880.000,0,-,-,-,-,3334.2000,3334.0000,3333.6000,3333.0000,3332.4000,3335.8000,3336.0000,3337.0000,3337.4000,3339.0000,1,1,1,1,1,2,10,20,1,1
SF,IH2103,2020-10-16 09:34:18.600,3335.4000,7903,0,389843880.000,0,-,-,-,-,3334.2000,3334.0000,3333.6000,3333.0000,3332.4000,3335.6000,3335.8000,3336.0000,3337.0000,3337.4000,1,1,1,1,1,1,1,10,20,1
SF,IH2103,2020-10-16 09:34:23.600,3334.2000,7902,-1,390844140.000,1,0,1,双平,S,3334.0000,3333.6000,3333.0000,3332.4000,3332.0000,3335.6000,3335.8000,3336.0000,3337.0000,3337.4000,1,1,1,1,1,1,1,10,21,1
SF,IH2103,2020-10-16 09:34:24.100,3334.2000,7902,0,390844140.000,0,-,-,-,-,3333.6000,3333.0000,3332.4000,3332.0000,3330.0000,3335.4000,3335.6000,3335.8000,3336.0000,3337.0000,1,1,1,1,1,1,1,1,10,21
SF,IH2103,2020-10-16 09:34:24.600,3334.2000,7902,0,390844140.000,0,-,-,-,-,3333.6000,3333.0000,3332.4000,3332.0000,3330.0000,3335.2000,3335.4000,3336.0000,3337.0000,3337.4000,1,1,1,1,1,1,2,10,21,1
SF,IH2103,2020-10-16 09:34:25.100,3334.2000,7902,0,390844140.000,0,-,-,-,-,3333.6000,3333.0000,3332.0000,3330.0000,3327.6000,3335.2000,3335.4000,3336.0000,3337.0000,3337.4000,1,1,1,1,1,1,2,10,21,1
SF,IH2103,2020-10-16 09:34:25.600,3334.2000,7902,0,390844140.000,0,-,-,-,-,3333.0000,3332.0000,3330.0000,3327.6000,3321.8000,3335.0000,3335.2000,3335.4000,3336.0000,3337.0000,1,1,1,1,1,1,1,1,10,21
SF,IH2103,2020-10-16 09:34:26.100,3334.2000,7902,0,390844140.000,0,-,-,-,-,3333.2000,3333.0000,3332.0000,3330.0000,3327.6000,3334.8000,3335.0000,3335.4000,3336.0000,3337.0000,1,1,1,1,1,2,1,1,10,21
SF,IH2103,2020-10-16 09:34:28.600,3334.8000,7901,-1,392845020.000,2,0,2,多平,S,3333.2000,3333.0000,3332.0000,3330.0000,3327.6000,3335.4000,3336.0000,3337.0000,3337.4000,3339.0000,1,1,1,1,1,1,10,21,1,1
SF,IH2103,2020-10-16 09:34:29.100,3334.8000,7901,0,392845020.000,0,-,-,-,-,3333.6000,3333.4000,3333.2000,3333.0000,3332.0000,3335.4000,3336.0000,3337.0000,3337.4000,3339.0000,1,1,1,1,1,1,10,21,1,1
SF,IH2103,2020-10-16 09:34:29.600,3334.8000,7901,0,392845020.000,0,-,-,-,-,3333.8000,3333.0000,3332.0000,3330.0000,3327.6000,3335.4000,3336.0000,3337.0000,3337.4000,3339.0000,2,1,1,1,1,1,10,21,1,1
SF,IH2103,2020-10-16 09:34:30.100,3334.8000,7901,0,392845020.000,0,-,-,-,-,3333.8000,3333.0000,3332.0000,3330.0000,3327.6000,3335.2000,3336.0000,3337.0000,3337.4000,3339.0000,2,1,1,1,1,1,10,21,1,1
SF,IH2103,2020-10-16 09:34:30.600,3335.2000,7900,-1,393845580.000,1,0,1,双平,S,3334.0000,3333.8000,3333.0000,3332.0000,3330.0000,3335.0000,3336.0000,3337.0000,3337.4000,3339.0000,1,2,1,1,1,1,10,21,1,1
SF,IH2103,2020-10-16 09:34:31.100,3335.0000,7901,1,394846080.000,1,1,0,双开,S,3334.2000,3334.0000,3333.0000,3332.0000,3330.0000,3335.6000,3336.0000,3337.0000,3337.4000,3339.0000,2,1,1,1,1,1,10,21,1,1
SF,IH2103,2020-10-16 09:34:31.600,3335.0000,7901,0,394846080.000,0,-,-,-,-,3334.2000,3333.0000,3332.0000,3330.0000,3327.6000,3336.0000,3337.0000,3337.4000,3339.0000,3339.4000,1,1,1,1,1,10,21,1,1,1
SF,IH2103,2020-10-16 09:34:32.100,3336.0000,7900,-1,395846880.000,1,0,1,双平,S,3334.6000,3334.4000,3334.2000,3333.0000,3332.0000,3336.0000,3337.0000,3337.4000,3339.0000,3339.4000,1,1,1,1,1,9,21,1,1,1
SF,IH2103,2020-10-16 09:34:32.600,3336.0000,7900,0,395846880.000,0,-,-,-,-,3334.8000,3334.6000,3334.4000,3333.0000,3332.0000,3336.0000,3337.0000,3337.4000,3339.0000,3339.4000,1,1,1,2,1,9,21,1,1,1
SF,IH2103,2020-10-16 09:34:33.100,3334.8000,7899,-1,396847320.000,1,0,1,双平,S,3334.6000,3334.4000,3333.0000,3332.0000,3330.0000,3336.0000,3337.0000,3337.4000,3339.0000,3339.4000,1,1,2,1,1,9,21,1,1,1
SF,IH2103,2020-10-16 09:34:33.600,3334.8000,7899,0,396847320.000,0,-,-,-,-,3334.8000,3334.6000,3334.4000,3333.0000,3332.0000,3335.8000,3336.0000,3337.0000,3337.4000,3339.0000,1,1,1,2,1,1,9,21,1,1
SF,IH2103,2020-10-16 09:34:34.100,3334.8000,7899,0,396847320.000,0,-,-,-,-,3334.4000,3333.0000,3332.0000,3330.0000,3327.6000,3335.8000,3336.0000,3337.0000,3337.4000,3339.0000,1,2,1,1,1,1,9,21,1,1
SF,IH2103,2020-10-16 09:34:34.600,3334.8000,7899,0,396847320.000,0,-,-,-,-,3334.6000,3334.4000,3333.0000,3332.0000,3330.0000,3335.8000,3336.0000,3337.0000,3337.4000,3339.0000,2,1,2,1,1,2,9,21,1,1
SF,IH2103,2020-10-16 09:34:37.100,3334.8000,7899,0,396847320.000,0,-,-,-,-,3334.6000,3334.4000,3333.0000,3332.0000,3330.0000,3335.8000,3336.0000,3337.0000,3339.0000,3339.4000,2,1,2,1,1,1,9,21,1,1
SF,IH2103,2020-10-16 09:34:37.600,3334.8000,7899,0,396847320.000,0,-,-,-,-,3334.6000,3334.4000,3334.2000,3333.0000,3332.0000,3336.0000,3337.0000,3339.0000,3339.4000,3339.6000,2,1,1,1,1,9,21,1,1,2
SF,IH2103,2020-10-16 09:34:38.100,3336.0000,7898,-1,397848120.000,1,0,1,双平,S,3334.8000,3334.6000,3334.4000,3334.2000,3332.0000,3336.0000,3337.0000,3339.0000,3339.4000,3339.6000,1,2,1,1,1,8,21,1,1,2
SF,IH2103,2020-10-16 09:34:38.600,3336.0000,7893,-5,402852120.000,5,0,5,双平,S,3335.0000,3334.6000,3334.4000,3334.2000,3332.0000,3336.0000,3337.0000,3339.0000,3339.4000,3339.6000,1,1,1,1,1,3,21,1,1,2
SF,IH2103,2020-10-16 09:34:39.100,3336.0000,7890,-3,405854520.000,3,0,3,双平,S,3335.0000,3334.6000,3334.4000,3334.2000,3332.0000,3337.0000,3339.0000,3339.4000,3339.6000,3339.8000,1,1,1,1,1,21,1,1,2,1
SF,IH2103,2020-10-16 09:34:39.600,3336.0000,7890,0,405854520.000,0,-,-,-,-,3335.2000,3335.0000,3334.6000,3334.2000,3332.0000,3336.8000,3337.0000,3339.0000,3339.4000,3339.6000,1,1,1,1,1,1,21,1,1,2
SF,IH2103,2020-10-16 09:34:40.100,3335.4000,7888,-2,407855760.000,2,0,2,双平,S,3335.2000,3334.8000,3334.2000,3332.0000,3330.0000,3336.8000,3337.0000,3339.0000,3339.4000,3339.6000,1,1,1,1,1,1,21,1,1,2
SF,IH2103,2020-10-16 09:34:40.600,3334.8000,7887,-1,409856760.000,2,0,2,多平,S,3334.2000,3332.0000,3330.0000,3327.6000,3321.8000,3336.8000,3337.0000,3339.0000,3339.4000,3339.6000,1,1,1,1,1,1,21,1,1,2
SF,IH2103,2020-10-16 09:34:41.100,3334.8000,7887,0,409856760.000,0,-,-,-,-,3334.6000,3334.4000,3332.0000,3330.0000,3327.6000,3336.4000,3336.6000,3336.8000,3337.0000,3339.0000,1,2,1,1,1,1,1,1,21,1
SF,IH2103,2020-10-16 09:34:41.600,3334.8000,7887,0,409856760.000,0,-,-,-,-,3334.8000,3334.6000,3332.0000,3330.0000,3327.6000,3336.2000,3336.4000,3336.6000,3336.8000,3337.0000,1,1,1,1,1,1,1,1,1,21
SF,IH2103,2020-10-16 09:34:42.100,3334.8000,7887,0,409856760.000,0,-,-,-,-,3334.8000,3334.6000,3332.0000,3330.0000,3327.6000,3336.2000,3336.6000,3336.8000,3337.0000,3339.0000,1,1,1,1,1,1,1,1,21,1
SF,IH2103,2020-10-16 09:34:43.600,3334.8000,7887,0,409856760.000,0,-,-,-,-,3334.8000,3334.6000,3332.0000,3330.0000,3327.6000,3336.2000,3336.6000,3336.8000,3337.0000,3339.0000,1,1,1,1,1,1,1,2,21,1
SF,IH2103,2020-10-16 09:34:44.600,3334.8000,7887,0,409856760.000,0,-,-,-,-,3334.8000,3334.6000,3332.0000,3330.0000,3327.6000,3336.2000,3336.6000,3336.8000,3337.0000,3339.0000,1,1,1,1,1,1,1,2,21,1
SF,IH2103,2020-10-16 09:34:45.600,3336.2000,7886,-1,410857620.000,1,0,1,双平,S,3335.0000,3334.8000,3334.6000,3332.0000,3330.0000,3336.6000,3336.8000,3337.0000,3339.0000,3339.4000,1,1,1,1,1,1,2,21,1,2
SF,IH2103,2020-10-16 09:34:46.100,3336.2000,7886,0,410857620.000,0,-,-,-,-,3335.2000,3335.0000,3334.8000,3332.0000,3330.0000,3336.4000,3336.6000,3336.8000,3337.0000,3339.0000,1,1,1,1,2,1,1,2,21,1
SF,IH2103,2020-10-16 09:34:48.100,3335.0000,7885,-1,412858680.000,2,0,2,多平,S,3335.4000,3334.8000,3332.0000,3330.0000,3327.6000,3336.4000,3336.6000,3336.8000,3337.0000,3339.0000,1,1,1,2,1,1,1,2,21,1
SF,IH2103,2020-10-16 09:34:48.600,3335.2000,7885,0,413859240.000,1,0,1,多换,S,3332.0000,3330.0000,3327.6000,3321.8000,3318.0000,3336.2000,3336.4000,3336.6000,3336.8000,3337.0000,1,2,1,1,1,1,1,1,2,21
SF,IH2103,2020-10-16 09:34:49.100,3335.2000,7885,0,413859240.000,0,-,-,-,-,3333.4000,3332.2000,3332.0000,3330.0000,3327.6000,3336.0000,3336.2000,3336.6000,3336.8000,3337.0000,1,1,1,2,1,2,1,1,2,21
SF,IH2103,2020-10-16 09:34:49.600,3335.2000,7885,0,413859240.000,0,-,-,-,-,3335.0000,3333.6000,3333.4000,3332.0000,3330.0000,3336.0000,3336.2000,3336.6000,3336.8000,3337.0000,1,1,1,1,2,2,1,1,2,21
SF,IH2103,2020-10-16 09:34:50.100,3335.0000,7884,-1,414859740.000,1,0,1,双平,S,3333.6000,3333.4000,3332.0000,3330.0000,3327.6000,3336.0000,3336.2000,3336.6000,3336.8000,3337.0000,1,1,1,2,1,1,1,1,2,21
SF,IH2103,2020-10-16 09:34:50.600,3335.0000,7884,0,414859740.000,0,-,-,-,-,3333.8000,3333.6000,3333.4000,3332.0000,3330.0000,3335.8000,3336.0000,3336.2000,3336.6000,3336.8000,1,1,1,1,2,1,1,1,1,2
SF,IH2103,2020-10-16 09:34:51.100,3335.0000,7884,0,414859740.000,0,-,-,-,-,3334.0000,3333.8000,3332.0000,3330.0000,3327.6000,3335.6000,3335.8000,3336.2000,3336.6000,3336.8000,1,1,1,2,1,1,1,1,1,2
SF,IH2103,2020-10-16 09:34:51.600,3335.0000,7884,0,414859740.000,0,-,-,-,-,3334.4000,3334.0000,3333.8000,3332.0000,3330.0000,3335.6000,3335.8000,3336.2000,3336.6000,3336.8000,1,1,1,1,2,2,1,1,1,1
SF,IH2103,2020-10-16 09:34:54.100,3335.0000,7884,0,414859740.000,0,-,-,-,-,3334.4000,3334.0000,3333.8000,3332.0000,3330.0000,3335.6000,3335.8000,3336.2000,3336.6000,3336.8000,1,1,1,1,2,2,1,1,1,1
SF,IH2103,2020-10-16 09:34:54.600,3335.6000,7882,-2,416861100.000,2,0,2,双平,S,3334.6000,3334.4000,3333.8000,3332.0000,3330.0000,3335.8000,3336.2000,3336.6000,3336.8000,3337.0000,1,1,1,1,2,1,1,1,1,21
SF,IH2103,2020-10-16 09:34:55.100,3335.8000,7882,0,417861840.000,1,0,1,多换,S,3334.6000,3334.4000,3332.0000,3330.0000,3327.6000,3336.2000,3336.6000,3336.8000,3337.0000,3339.0000,1,1,1,2,1,1,1,1,21,1
SF,IH2103,2020-10-16 09:34:55.600,3335.8000,7882,0,417861840.000,0,-,-,-,-,3335.0000,3334.6000,3334.4000,3332.0000,3330.0000,3336.2000,3336.6000,3336.8000,3337.0000,3339.0000,1,1,1,1,2,1,1,1,21,1
SF,IH2103,2020-10-16 09:34:56.100,3335.8000,7882,0,417861840.000,0,-,-,-,-,3335.2000,3332.0000,3330.0000,3327.6000,3321.8000,3336.2000,3336.6000,3336.8000,3337.0000,3339.0000,1,1,2,1,1,1,1,1,21,1
SF,IH2103,2020-10-16 09:34:56.600,3335.8000,7882,0,417861840.000,0,-,-,-,-,3335.8000,3335.2000,3332.0000,3330.0000,3327.6000,3336.2000,3336.6000,3336.8000,3337.0000,3339.0000,1,1,1,2,1,1,1,1,21,1
SF,IH2103,2020-10-16 09:34:57.100,3335.8000,7882,0,418862580.000,1,0,1,多换,S,3335.2000,3332.0000,3330.0000,3327.6000,3321.8000,3336.2000,3336.6000,3336.8000,3337.0000,3339.0000,1,1,2,1,1,1,1,1,21,1
SF,IH2103,2020-10-16 09:34:57.600,3335.8000,7882,0,418862580.000,0,-,-,-,-,3335.6000,3335.2000,3332.0000,3330.0000,3327.6000,3336.2000,3336.6000,3336.8000,3337.0000,3339.0000,1,1,1,2,1,1,1,1,21,1
SF,IH2103,2020-10-16 09:34:58.100,3335.8000,7882,0,418862580.000,0,-,-,-,-,3335.6000,3335.2000,3332.0000,3330.0000,3327.6000,3336.2000,3336.6000,3336.8000,3337.0000,3339.0000,2,1,1,2,1,1,1,1,21,1
SF,IH2103,2020-10-16 09:34:58.600,3335.8000,7882,0,418862580.000,0,-,-,-,-,3335.6000,3335.2000,3332.0000,3330.0000,3327.6000,3336.2000,3336.6000,3336.8000,3337.0000,3339.0000,1,1,1,2,1,1,1,1,21,1
SF,IH2103,2020-10-16 09:34:59.100,3335.8000,7882,0,418862580.000,0,-,-,-,-,3335.6000,3335.2000,3333.4000,3332.0000,3330.0000,3336.2000,3336.6000,3336.8000,3337.0000,3339.0000,1,1,1,1,2,1,1,1,21,1
SF,IH2103,2020-10-16 09:35:00.100,3335.6000,7882,0,419863260.000,1,0,1,多换,S,3335.2000,3333.4000,3332.0000,3330.0000,3327.6000,3336.2000,3336.6000,3336.8000,3337.0000,3339.0000,1,1,1,2,1,1,1,1,21,1
SF,IH2103,2020-10-16 09:35:00.600,3335.6000,7882,0,419863260.000,0,-,-,-,-,3335.2000,3333.4000,3332.0000,3330.0000,3327.6000,3336.0000,3336.2000,3336.6000,3336.8000,3337.0000,1,1,1,2,1,1,1,1,1,21
SF,IH2103,2020-10-16 09:35:01.100,3335.6000,7882,0,419863260.000,0,-,-,-,-,3335.2000,3333.4000,3332.0000,3330.0000,3327.6000,3336.2000,3336.6000,3336.8000,3337.0000,3339.0000,1,1,1,2,1,1,1,1,21,1
SF,IH2103,2020-10-16 09:35:01.600,3336.2000,7881,-1,420864120.000,1,0,1,双平,S,3335.2000,3333.4000,3332.0000,3330.0000,3327.6000,3336.6000,3336.8000,3337.0000,3339.0000,3339.4000,1,1,1,2,1,1,1,21,1,1
SF,IH2103,2020-10-16 09:35:03.100,3336.2000,7881,0,420864120.000,0,-,-,-,-,3335.8000,3335.2000,3333.4000,3332.0000,3330.0000,3336.6000,3337.0000,3339.0000,3339.4000,3339.6000,1,1,1,1,2,1,21,1,1,2
SF,IH2103,2020-10-16 09:35:03.600,3336.2000,7881,0,420864120.000,0,-,-,-,-,3335.2000,3333.4000,3332.0000,3330.0000,3327.6000,3336.6000,3337.0000,3339.0000,3339.4000,3339.6000,1,1,1,2,1,1,21,1,1,2
SF,IH2103,2020-10-16 09:35:04.600,3336.0000,7881,0,421864920.000,1,0,1,多换,S,3335.2000,3333.4000,3332.0000,3330.0000,3327.6000,3336.6000,3337.0000,3339.0000,3339.4000,3339.6000,1,1,1,2,1,1,21,1,1,2
SF,IH2103,2020-10-16 09:35:05.100,3336.0000,7881,0,421864920.000,0,-,-,-,-,3335.4000,3335.2000,3333.4000,3332.0000,3330.0000,3336.6000,3337.0000,3339.0000,3339.4000,3339.6000,1,1,1,1,2,1,21,1,1,2
SF,IH2103,2020-10-16 09:35:05.600,3336.6000,7880,-1,422865900.000,1,0,1,双平,S,3335.6000,3333.4000,3332.0000,3330.0000,3327.6000,3337.0000,3339.0000,3339.4000,3339.6000,3339.8000,1,1,1,2,1,21,1,1,2,1
SF,IH2103,2020-10-16 09:35:06.600,3336.6000,7880,0,422865900.000,0,-,-,-,-,3336.0000,3335.6000,3333.4000,3332.0000,3330.0000,3337.0000,3339.0000,3339.4000,3339.6000,3339.8000,1,1,1,1,2,21,1,1,2,1
SF,IH2103,2020-10-16 09:35:07.100,3336.6000,7880,0,422865900.000,0,-,-,-,-,3336.0000,3335.8000,3335.6000,3333.4000,3332.0000,3337.0000,3339.0000,3339.4000,3339.6000,3339.8000,1,1,1,1,1,21,1,1,2,1
SF,IH2103,2020-10-16 09:35:07.600,3336.6000,7880,0,422865900.000,0,-,-,-,-,3336.2000,3336.0000,3335.8000,3333.4000,3332.0000,3337.0000,3339.0000,3339.4000,3339.6000,3339.8000,1,1,1,1,1,21,1,1,2,1
SF,IH2103,2020-10-16 09:35:08.100,3336.6000,7880,0,422865900.000,0,-,-,-,-,3336.2000,3336.0000,3333.4000,3332.0000,3330.0000,3337.0000,3339.0000,3339.4000,3339.6000,3339.8000,1,1,1,1,2,21,1,1,2,1
SF,IH2103,2020-10-16 09:35:08.600,3336.6000,7880,0,422865900.000,0,-,-,-,-,3336.6000,3336.2000,3336.0000,3333.4000,3332.0000,3337.0000,3339.0000,3339.4000,3339.6000,3339.8000,1,1,1,1,1,21,1,1,2,1
SF,IH2103,2020-10-16 09:35:09.100,3337.0000,7877,-3,425869200.000,3,0,3,双平,S,3336.6000,3336.2000,3336.0000,3333.4000,3332.0000,3337.0000,3339.0000,3339.4000,3339.6000,3339.8000,1,1,1,1,1,18,1,1,2,1
SF,IH2103,2020-10-16 09:35:09.600,3337.0000,7873,-4,431875800.000,6,1,5,多平,S,3336.6000,3336.2000,3336.0000,3333.4000,3332.0000,3337.0000,3339.0000,3339.4000,3339.6000,3339.8000,1,1,1,1,1,12,1,1,2,1
