市场代码,合约代码,时间,最新,持仓,增仓,成交额,成交量,开仓,平仓,成交类型,方向,买一价,买二价,买三价,买四价,买五价,卖一价,卖二价,卖三价,卖四价,卖五价,买一量,买二量,买三量,买四量,买五量,卖一量,卖二量,卖三量,卖四量,卖五量
SF,IH2103,2020-08-21 09:29:00.000,3259.8000,3199,0,977940.000,1.000,-,-,-,-,3257.0000,3254.0000,3250.4000,3248.2000,3246.8000,3264.0000,3266.2000,3266.6000,3266.8000,3267.2000,1,1,4,1,1,11,1,1,1,1
SF,IH2103,2020-08-21 09:30:00.500,3257.0000,3199,0,1955040.000,1,0,1,多换,S,3246.8000,3240.4000,3236.0000,3231.8000,3228.2000,3261.2000,3264.0000,3266.2000,3266.6000,3267.2000,1,1,1,2,2,3,11,1,1,1
SF,IH2103,2020-08-21 09:30:01.000,3257.0000,3199,0,1955040.000,0,-,-,-,-,3248.2000,3247.0000,3246.8000,3240.4000,3236.0000,3261.0000,3261.2000,3264.0000,3266.2000,3266.6000,1,7,1,1,1,4,2,11,1,1
SF,IH2103,2020-08-21 09:30:01.500,3257.0000,3199,0,1955040.000,0,-,-,-,-,3248.4000,3247.0000,3246.8000,3240.4000,3236.0000,3261.0000,3261.2000,3264.0000,3266.2000,3266.6000,3,1,1,1,1,4,2,11,1,1
SF,IH2103,2020-08-21 09:30:02.000,3257.0000,3199,0,1955040.000,0,-,-,-,-,3250.6000,3248.4000,3247.0000,3240.4000,3236.0000,3261.0000,3261.2000,3264.0000,3266.6000,3267.2000,1,3,1,1,1,4,2,11,1,1
SF,IH2103,2020-08-21 09:30:02.500,3257.0000,3199,0,1955040.000,0,-,-,-,-,3250.8000,3248.4000,3247.0000,3240.4000,3236.0000,3260.8000,3261.0000,3261.2000,3264.0000,3266.6000,3,1,1,1,1,1,4,2,11,1
SF,IH2103,2020-08-21 09:30:03.000,3257.0000,3199,0,1955040.000,0,-,-,-,-,3251.8000,3250.8000,3248.4000,3247.0000,3240.4000,3260.6000,3260.8000,3261.0000,3261.2000,3264.0000,1,2,1,1,1,3,1,3,2,11
SF,IH2103,2020-08-21 09:30:03.500,3257.0000,3199,0,1955040.000,0,-,-,-,-,3252.0000,3251.8000,3250.8000,3248.4000,3247.0000,3260.6000,3261.0000,3261.2000,3264.0000,3266.6000,3,1,1,1,1,3,3,2,11,1
SF,IH2103,2020-08-21 09:30:04.000,3257.0000,3199,0,1955040.000,0,-,-,-,-,3252.0000,3251.8000,3250.8000,3248.4000,3247.0000,3260.6000,3261.0000,3261.2000,3264.0000,3266.6000,3,1,1,1,1,3,3,2,11,1
SF,IH2103,2020-08-21 09:30:04.500,3257.0000,3199,0,1955040.000,0,-,-,-,-,3252.0000,3250.8000,3248.4000,3247.0000,3240.4000,3260.0000,3260.6000,3261.0000,3261.2000,3264.0000,3,1,1,1,1,1,3,3,2,11
SF,IH2103,2020-08-21 09:30:05.000,3257.0000,3199,0,1955040.000,0,-,-,-,-,3252.0000,3250.8000,3248.4000,3247.0000,3240.4000,3259.8000,3260.0000,3260.6000,3261.0000,3261.2000,3,1,1,1,1,4,1,2,3,2
SF,IH2103,2020-08-21 09:30:06.500,3257.0000,3199,0,1955040.000,0,-,-,-,-,3252.0000,3250.8000,3248.4000,3247.0000,3240.4000,3259.8000,3260.0000,3260.6000,3261.0000,3261.2000,3,1,1,1,1,4,1,2,3,2
SF,IH2103,2020-08-21 09:30:07.000,3257.0000,3199,0,1955040.000,0,-,-,-,-,3252.0000,3250.8000,3248.4000,3247.0000,3240.4000,3259.8000,3260.0000,3260.6000,3261.0000,3261.2000,3,1,1,1,1,5,1,2,3,2
SF,IH2103,2020-08-21 09:30:07.500,3257.0000,3199,0,1955040.000,0,-,-,-,-,3252.0000,3250.8000,3248.4000,3247.0000,3240.4000,3259.8000,3260.0000,3260.6000,3261.0000,3261.2000,3,1,1,1,1,5,1,2,3,2
SF,IH2103,2020-08-21 09:30:08.500,3257.0000,3199,0,1955040.000,0,-,-,-,-,3252.0000,3251.0000,3250.8000,3248.4000,3247.0000,3259.8000,3260.0000,3260.6000,3261.0000,3261.2000,3,2,1,1,1,5,1,2,3,2
SF,IH2103,2020-08-21 09:30:09.000,3257.0000,3199,0,1955040.000,0,-,-,-,-,3252.2000,3252.0000,3251.0000,3250.8000,3248.4000,3259.8000,3260.6000,3261.0000,3261.2000,3263.6000,1,3,2,1,1,5,2,3,2,1
SF,IH2103,2020-08-21 09:30:09.500,3257.0000,3199,0,1955040.000,0,-,-,-,-,3252.4000,3252.2000,3252.0000,3251.0000,3250.8000,3259.8000,3260.6000,3261.0000,3261.2000,3263.6000,3,1,1,2,1,5,2,3,2,1
SF,IH2103,2020-08-21 09:30:10.000,3257.0000,3199,0,1955040.000,0,-,-,-,-,3252.4000,3252.0000,3251.0000,3250.8000,3248.4000,3259.8000,3260.6000,3261.0000,3261.2000,3263.6000,3,1,2,1,1,5,2,3,2,1
SF,IH2103,2020-08-21 09:30:10.500,3257.0000,3199,0,1955040.000,0,-,-,-,-,3252.4000,3252.0000,3251.0000,3250.8000,3248.4000,3259.6000,3259.8000,3260.6000,3261.0000,3261.2000,2,1,2,1,1,1,5,2,3,2
SF,IH2103,2020-08-21 09:30:11.000,3257.0000,3199,0,1955040.000,0,-,-,-,-,3252.4000,3252.0000,3251.0000,3250.8000,3248.4000,3259.4000,3259.6000,3259.8000,3260.6000,3261.0000,2,1,2,1,1,2,2,3,2,3
SF,IH2103,2020-08-21 09:30:11.500,3252.4000,3198,-1,3906480.000,2,0,2,多平,S,3251.0000,3250.8000,3248.4000,3247.0000,3236.0000,3259.2000,3259.4000,3259.6000,3259.8000,3260.6000,2,1,1,1,1,2,2,1,3,2
SF,IH2103,2020-08-21 09:30:12.000,3252.4000,3198,0,3906480.000,0,-,-,-,-,3251.0000,3248.4000,3247.0000,3245.2000,3236.0000,3259.0000,3259.2000,3259.4000,3259.6000,3259.8000,2,1,1,1,1,2,3,1,1,3
SF,IH2103,2020-08-21 09:30:12.500,3252.4000,3198,0,3906480.000,0,-,-,-,-,3251.2000,3251.0000,3248.4000,3247.0000,3245.2000,3258.8000,3259.0000,3259.2000,3259.4000,3259.6000,1,2,1,1,1,1,3,1,1,1
SF,IH2103,2020-08-21 09:30:13.000,3252.4000,3198,0,3906480.000,0,-,-,-,-,3251.0000,3248.4000,3247.0000,3245.2000,3236.0000,3258.6000,3258.8000,3259.0000,3259.2000,3259.4000,2,1,1,1,1,4,2,1,1,1
SF,IH2103,2020-08-21 09:30:13.500,3251.0000,3198,0,4881780.000,1,0,1,多换,S,3251.0000,3247.0000,3245.2000,3236.0000,3228.2000,3258.4000,3258.6000,3259.0000,3259.4000,3259.6000,1,1,1,1,2,1,4,1,1,1
SF,IH2103,2020-08-21 09:30:14.000,3251.0000,3198,0,5857080.000,1,0,1,多换,S,3247.0000,3245.2000,3236.0000,3228.2000,3228.0000,3258.2000,3258.4000,3258.6000,3259.0000,3259.4000,1,1,1,2,1,2,2,3,2,1
SF,IH2103,2020-08-21 09:30:14.500,3251.0000,3198,0,5857080.000,0,-,-,-,-,3247.2000,3247.0000,3245.2000,3236.0000,3228.2000,3258.0000,3258.2000,3258.6000,3259.0000,3259.4000,2,1,1,1,2,1,3,3,2,1
SF,IH2103,2020-08-21 09:30:15.000,3251.0000,3198,0,5857080.000,0,-,-,-,-,3247.2000,3247.0000,3245.2000,3236.0000,3228.2000,3257.2000,3257.8000,3258.0000,3258.2000,3258.6000,2,1,1,1,2,1,3,2,1,3
SF,IH2103,2020-08-21 09:30:15.500,3251.0000,3198,0,5857080.000,0,-,-,-,-,3247.2000,3247.0000,3245.2000,3236.0000,3228.2000,3255.0000,3257.0000,3257.2000,3257.8000,3258.2000,2,1,1,1,2,1,3,2,2,1
SF,IH2103,2020-08-21 09:30:16.000,3251.0000,3198,0,5857080.000,0,-,-,-,-,3247.2000,3247.0000,3245.2000,3236.0000,3228.2000,3254.8000,3255.0000,3257.0000,3257.8000,3258.2000,2,1,1,1,2,4,1,1,2,1
SF,IH2103,2020-08-21 09:30:16.500,3251.0000,3198,0,5857080.000,0,-,-,-,-,3247.2000,3247.0000,3245.2000,3236.0000,3228.2000,3254.8000,3257.0000,3257.8000,3258.2000,3258.6000,2,1,1,1,2,6,1,2,1,3
SF,IH2103,2020-08-21 09:30:17.000,3251.0000,3198,0,5857080.000,0,-,-,-,-,3247.2000,3247.0000,3245.2000,3236.0000,3228.2000,3254.8000,3257.0000,3257.8000,3258.2000,3258.6000,2,1,1,1,2,6,1,2,1,3
SF,IH2103,2020-08-21 09:30:17.500,3251.0000,3198,0,5857080.000,0,-,-,-,-,3247.2000,3247.0000,3245.2000,3236.0000,3228.2000,3253.8000,3254.8000,3257.0000,3257.8000,3258.2000,2,1,1,1,2,1,6,1,2,1
SF,IH2103,2020-08-21 09:30:18.000,3251.0000,3198,0,5857080.000,0,-,-,-,-,3247.2000,3247.0000,3245.2000,3236.0000,3228.2000,3253.6000,3253.8000,3254.8000,3257.0000,3257.8000,2,1,1,1,2,5,3,2,1,2
SF,IH2103,2020-08-21 09:30:18.500,3251.0000,3198,0,5857080.000,0,-,-,-,-,3247.2000,3247.0000,3245.2000,3236.0000,3228.2000,3253.4000,3253.6000,3253.8000,3254.8000,3257.0000,2,1,1,1,2,1,7,1,2,1
SF,IH2103,2020-08-21 09:30:19.000,3251.0000,3198,0,5857080.000,0,-,-,-,-,3247.2000,3247.0000,3245.2000,3236.0000,3228.2000,3253.2000,3253.4000,3253.6000,3253.8000,3254.8000,2,1,1,1,2,5,3,3,1,2
SF,IH2103,2020-08-21 09:30:19.500,3251.0000,3198,0,5857080.000,0,-,-,-,-,3247.2000,3247.0000,3245.2000,3236.0000,3228.2000,3253.2000,3253.4000,3253.6000,3253.8000,3254.8000,2,1,1,1,2,7,1,3,1,2
SF,IH2103,2020-08-21 09:30:20.000,3251.0000,3198,0,5857080.000,0,-,-,-,-,3247.2000,3247.0000,3245.2000,3228.2000,3228.0000,3253.2000,3253.4000,3253.6000,3254.8000,3257.0000,2,1,1,2,1,7,1,3,2,1
SF,IH2103,2020-08-21 09:30:20.500,3251.0000,3198,0,5857080.000,0,-,-,-,-,3247.2000,3247.0000,3245.2000,3228.2000,3228.0000,3252.8000,3253.2000,3253.4000,3253.6000,3254.8000,2,1,1,2,1,1,7,1,3,2
SF,IH2103,2020-08-21 09:30:21.000,3251.0000,3198,0,5857080.000,0,-,-,-,-,3247.2000,3247.0000,3245.2000,3228.2000,3228.0000,3252.6000,3252.8000,3253.2000,3253.4000,3253.6000,2,1,1,2,1,2,3,3,1,3
SF,IH2103,2020-08-21 09:30:21.500,3251.0000,3198,0,5857080.000,0,-,-,-,-,3247.2000,3247.0000,3245.2000,3228.2000,3228.0000,3252.6000,3252.8000,3254.8000,3257.0000,3257.8000,2,1,1,2,1,3,1,2,1,2
SF,IH2103,2020-08-21 09:30:22.000,3251.0000,3198,0,5857080.000,0,-,-,-,-,3247.2000,3247.0000,3245.2000,3228.2000,3228.0000,3252.6000,3254.8000,3257.0000,3257.8000,3258.2000,2,1,1,2,1,3,2,1,2,1
SF,IH2103,2020-08-21 09:30:23.500,3252.6000,3196,-2,8784420.000,3,0,3,多平,S,3247.4000,3247.2000,3247.0000,3245.2000,3228.2000,3257.0000,3257.8000,3258.2000,3258.6000,3259.0000,1,2,1,1,2,1,2,1,3,2
SF,IH2103,2020-08-21 09:30:24.000,3252.6000,3196,0,8784420.000,0,-,-,-,-,3248.2000,3247.6000,3247.4000,3247.2000,3247.0000,3256.8000,3257.0000,3257.8000,3258.2000,3258.6000,1,3,1,1,1,4,1,2,1,3
SF,IH2103,2020-08-21 09:30:24.500,3252.6000,3196,0,8784420.000,0,-,-,-,-,3248.4000,3248.2000,3247.6000,3247.2000,3247.0000,3256.8000,3257.0000,3257.8000,3258.2000,3258.6000,3,1,2,1,1,4,1,2,1,3
SF,IH2103,2020-08-21 09:30:25.000,3252.6000,3196,0,8784420.000,0,-,-,-,-,3248.4000,3248.2000,3247.6000,3247.2000,3247.0000,3255.6000,3256.8000,3257.0000,3257.8000,3258.2000,3,1,2,1,1,1,4,1,2,1
SF,IH2103,2020-08-21 09:30:25.500,3252.6000,3196,0,8784420.000,0,-,-,-,-,3248.6000,3248.4000,3248.2000,3247.6000,3247.2000,3255.6000,3257.8000,3258.2000,3258.6000,3259.0000,1,3,1,2,1,1,2,1,3,2
SF,IH2103,2020-08-21 09:30:26.000,3252.6000,3196,0,8784420.000,0,-,-,-,-,3248.8000,3248.6000,3248.4000,3248.2000,3247.6000,3255.6000,3257.8000,3258.2000,3258.6000,3259.0000,3,1,1,1,2,1,2,1,3,2
SF,IH2103,2020-08-21 09:30:26.500,3252.6000,3196,0,8784420.000,0,-,-,-,-,3248.8000,3248.6000,3248.4000,3248.2000,3247.6000,3255.4000,3257.8000,3258.2000,3258.6000,3259.0000,3,1,1,1,2,1,2,1,3,2
SF,IH2103,2020-08-21 09:30:28.000,3252.6000,3196,0,8784420.000,0,-,-,-,-,3248.8000,3248.6000,3248.4000,3248.2000,3247.6000,3255.2000,3255.4000,3257.8000,3258.2000,3258.6000,3,1,1,1,2,1,1,2,1,3
SF,IH2103,2020-08-21 09:30:28.500,3252.6000,3196,0,8784420.000,0,-,-,-,-,3248.8000,3248.6000,3248.4000,3248.2000,3247.6000,3255.0000,3255.2000,3257.8000,3258.2000,3258.6000,2,1,1,1,2,1,1,2,1,3
SF,IH2103,2020-08-21 09:30:29.000,3252.6000,3196,0,8784420.000,0,-,-,-,-,3248.8000,3248.4000,3248.2000,3247.6000,3247.2000,3254.8000,3255.0000,3255.2000,3257.8000,3258.2000,2,1,1,2,1,1,1,1,2,1
SF,IH2103,2020-08-21 09:30:29.500,3252.6000,3196,0,8784420.000,0,-,-,-,-,3249.0000,3248.8000,3248.4000,3248.2000,3247.6000,3254.8000,3255.2000,3257.8000,3258.2000,3258.6000,1,2,1,1,2,1,1,2,1,3
SF,IH2103,2020-08-21 09:30:30.000,3252.6000,3196,0,8784420.000,0,-,-,-,-,3249.2000,3249.0000,3248.8000,3248.4000,3248.2000,3254.8000,3257.8000,3258.2000,3258.6000,3259.0000,2,1,1,1,1,1,2,1,3,2
SF,IH2103,2020-08-21 09:30:30.500,3252.6000,3196,0,8784420.000,0,-,-,-,-,3249.4000,3249.2000,3248.8000,3248.4000,3248.2000,3254.8000,3257.8000,3258.2000,3258.6000,3259.0000,1,2,1,1,1,1,2,1,3,2
SF,IH2103,2020-08-21 09:30:31.000,3252.6000,3196,0,8784420.000,0,-,-,-,-,3249.6000,3249.4000,3249.2000,3248.8000,3248.4000,3254.8000,3257.8000,3258.2000,3258.6000,3259.0000,2,1,1,1,1,1,2,1,3,2
SF,IH2103,2020-08-21 09:30:31.500,3252.6000,3196,0,8784420.000,0,-,-,-,-,3249.8000,3249.6000,3249.2000,3248.8000,3248.4000,3257.8000,3258.2000,3258.6000,3259.0000,3259.4000,1,2,1,1,1,2,1,3,2,1
SF,IH2103,2020-08-21 09:30:32.000,3252.6000,3196,0,8784420.000,0,-,-,-,-,3250.0000,3249.8000,3249.6000,3249.2000,3248.8000,3257.6000,3257.8000,3258.2000,3258.6000,3259.0000,2,1,1,1,1,2,2,1,3,2
SF,IH2103,2020-08-21 09:30:32.500,3252.6000,3196,0,8784420.000,0,-,-,-,-,3250.2000,3250.0000,3249.6000,3249.2000,3248.8000,3257.6000,3257.8000,3258.2000,3258.6000,3259.0000,1,2,1,1,1,2,2,1,3,2
SF,IH2103,2020-08-21 09:30:33.000,3252.6000,3196,0,8784420.000,0,-,-,-,-,3250.4000,3250.2000,3250.0000,3249.6000,3249.2000,3256.6000,3257.6000,3257.8000,3258.2000,3258.6000,2,1,1,1,1,1,2,2,1,3
SF,IH2103,2020-08-21 09:30:33.500,3252.6000,3196,0,8784420.000,0,-,-,-,-,3250.4000,3250.0000,3249.6000,3249.2000,3248.8000,3256.4000,3256.6000,3257.6000,3257.8000,3258.2000,2,1,1,1,1,3,1,1,2,1
SF,IH2103,2020-08-21 09:30:34.000,3252.6000,3196,0,8784420.000,0,-,-,-,-,3250.4000,3250.0000,3249.6000,3249.2000,3248.8000,3256.4000,3256.6000,3257.6000,3257.8000,3258.2000,2,1,1,1,1,3,1,1,2,1
SF,IH2103,2020-08-21 09:30:34.500,3252.6000,3196,0,8784420.000,0,-,-,-,-,3250.4000,3250.0000,3249.6000,3249.2000,3248.8000,3256.4000,3256.6000,3257.6000,3257.8000,3258.2000,2,1,1,1,1,3,1,1,2,1
SF,IH2103,2020-08-21 09:30:35.000,3252.6000,3196,0,8784420.000,0,-,-,-,-,3250.0000,3249.6000,3249.2000,3248.8000,3248.4000,3256.4000,3256.6000,3257.6000,3257.8000,3258.2000,1,1,1,1,1,3,1,1,2,1
SF,IH2103,2020-08-21 09:30:35.500,3252.6000,3196,0,8784420.000,0,-,-,-,-,3250.0000,3249.6000,3249.2000,3248.8000,3248.4000,3256.4000,3256.6000,3257.6000,3257.8000,3258.2000,1,1,1,1,1,3,1,1,2,1
SF,IH2103,2020-08-21 09:30:36.000,3252.6000,3196,0,8784420.000,0,-,-,-,-,3250.2000,3250.0000,3249.6000,3249.2000,3248.8000,3256.4000,3256.6000,3257.6000,3257.8000,3258.2000,1,1,1,1,1,3,2,1,2,1
SF,IH2103,2020-08-21 09:30:36.500,3252.6000,3196,0,8784420.000,0,-,-,-,-,3250.4000,3250.2000,3250.0000,3249.6000,3249.2000,3256.4000,3256.6000,3257.6000,3257.8000,3258.2000,1,1,1,1,1,3,2,1,2,1
SF,IH2103,2020-08-21 09:30:37.000,3252.6000,3196,0,8784420.000,0,-,-,-,-,3250.6000,3250.4000,3250.0000,3249.6000,3249.2000,3256.4000,3256.6000,3257.6000,3257.8000,3258.2000,1,1,1,1,1,3,2,1,2,1
SF,IH2103,2020-08-21 09:30:37.500,3252.6000,3196,0,8784420.000,0,-,-,-,-,3250.8000,3250.4000,3250.0000,3249.6000,3249.2000,3256.4000,3256.6000,3257.6000,3257.8000,3258.2000,1,1,1,1,1,3,2,1,2,1
SF,IH2103,2020-08-21 09:30:38.000,3252.6000,3196,0,8784420.000,0,-,-,-,-,3251.0000,3250.8000,3250.4000,3250.0000,3249.6000,3256.4000,3256.6000,3257.6000,3257.8000,3258.2000,1,1,1,1,1,3,2,1,2,1
SF,IH2103,2020-08-21 09:30:38.500,3252.6000,3196,0,8784420.000,0,-,-,-,-,3250.0000,3249.6000,3249.2000,3248.8000,3248.4000,3256.4000,3256.6000,3257.6000,3257.8000,3258.2000,1,1,1,1,1,3,1,1,2,1
SF,IH2103,2020-08-21 09:30:39.000,3252.6000,3196,0,8784420.000,0,-,-,-,-,3250.2000,3250.0000,3249.6000,3249.2000,3248.8000,3250.6000,3256.4000,3256.6000,3257.6000,3257.8000,2,1,1,1,1,1,3,1,1,2
SF,IH2103,2020-08-21 09:30:39.500,3250.6000,3195,-1,9759600.000,1,0,1,双平,S,3250.8000,3250.6000,3248.8000,3248.4000,3247.6000,3256.0000,3256.4000,3256.6000,3257.6000,3257.8000,1,1,1,1,2,1,1,1,1,2
SF,IH2103,2020-08-21 09:30:40.000,3250.6000,3195,0,10734780.000,1,0,1,多换,S,3250.6000,3248.8000,3248.4000,3247.6000,3247.2000,3255.8000,3256.0000,3256.4000,3256.6000,3257.6000,1,1,1,2,1,3,1,1,1,1
SF,IH2103,2020-08-21 09:30:40.500,3250.6000,3195,0,10734780.000,0,-,-,-,-,3248.4000,3247.6000,3247.2000,3247.0000,3245.2000,3255.6000,3255.8000,3256.0000,3256.4000,3256.6000,1,2,1,1,1,1,3,1,1,1
SF,IH2103,2020-08-21 09:30:41.000,3250.6000,3195,0,10734780.000,0,-,-,-,-,3248.6000,3248.4000,3247.6000,3247.2000,3247.0000,3255.4000,3255.6000,3255.8000,3256.0000,3256.4000,2,1,2,1,1,5,1,1,1,1
SF,IH2103,2020-08-21 09:30:41.500,3250.6000,3195,0,10734780.000,0,-,-,-,-,3248.6000,3248.4000,3247.6000,3247.2000,3247.0000,3254.8000,3255.4000,3255.6000,3255.8000,3256.4000,2,1,2,1,1,1,5,1,1,1
SF,IH2103,2020-08-21 09:30:42.000,3250.6000,3195,0,10734780.000,0,-,-,-,-,3248.6000,3248.4000,3247.6000,3247.2000,3247.0000,3254.6000,3254.8000,3255.4000,3255.6000,3255.8000,1,1,2,1,1,3,1,3,1,1
SF,IH2103,2020-08-21 09:30:44.000,3250.6000,3195,0,10734780.000,0,-,-,-,-,3248.6000,3247.6000,3247.2000,3247.0000,3245.2000,3254.6000,3254.8000,3255.4000,3255.6000,3255.8000,1,2,1,1,1,3,1,3,1,1
SF,IH2103,2020-08-21 09:30:44.500,3250.6000,3195,0,10734780.000,0,-,-,-,-,3248.8000,3248.6000,3247.6000,3247.2000,3247.0000,3254.6000,3254.8000,3255.4000,3255.6000,3255.8000,1,1,2,1,1,2,1,3,1,1
SF,IH2103,2020-08-21 09:30:45.000,3250.6000,3195,0,10734780.000,0,-,-,-,-,3249.0000,3248.8000,3247.6000,3247.2000,3247.0000,3254.6000,3254.8000,3255.4000,3255.6000,3255.8000,1,1,2,1,1,2,1,3,1,1
SF,IH2103,2020-08-21 09:30:45.500,3250.6000,3195,0,10734780.000,0,-,-,-,-,3249.2000,3249.0000,3247.6000,3247.2000,3247.0000,3254.6000,3254.8000,3255.4000,3255.8000,3256.4000,1,1,2,1,1,2,1,3,1,1
SF,IH2103,2020-08-21 09:30:46.000,3250.6000,3195,0,10734780.000,0,-,-,-,-,3249.4000,3249.2000,3247.6000,3247.2000,3247.0000,3254.6000,3254.8000,3255.4000,3255.8000,3256.4000,1,1,2,1,1,2,1,3,1,1
SF,IH2103,2020-08-21 09:30:46.500,3254.6000,3195,0,12687480.000,2,1,1,多换,S,3249.6000,3249.4000,3247.6000,3247.2000,3247.0000,3254.6000,3254.8000,3255.4000,3255.8000,3256.4000,1,1,2,1,1,1,1,3,1,1
SF,IH2103,2020-08-21 09:30:47.000,3254.6000,3195,0,12687480.000,0,-,-,-,-,3249.8000,3249.6000,3247.6000,3247.2000,3247.0000,3254.4000,3254.6000,3255.4000,3255.8000,3256.4000,1,1,2,1,1,1,1,3,1,1
SF,IH2103,2020-08-21 09:30:47.500,3254.6000,3195,0,12687480.000,0,-,-,-,-,3250.0000,3249.8000,3247.6000,3247.2000,3247.0000,3254.2000,3254.4000,3254.6000,3255.4000,3255.8000,1,1,2,1,1,3,1,1,3,1
SF,IH2103,2020-08-21 09:30:48.000,3254.6000,3195,0,12687480.000,0,-,-,-,-,3250.2000,3250.0000,3247.6000,3247.2000,3247.0000,3254.2000,3254.4000,3254.6000,3255.4000,3255.8000,1,1,2,1,1,3,1,1,3,1
SF,IH2103,2020-08-21 09:30:48.500,3254.6000,3195,0,12687480.000,0,-,-,-,-,3250.4000,3250.2000,3247.6000,3247.2000,3247.0000,3252.8000,3254.2000,3254.4000,3254.6000,3255.4000,1,1,2,1,1,1,3,1,1,3
SF,IH2103,2020-08-21 09:30:49.000,3254.6000,3195,0,12687480.000,0,-,-,-,-,3250.6000,3247.6000,3247.2000,3247.0000,3245.2000,3252.6000,3252.8000,3254.2000,3254.4000,3254.6000,1,2,1,1,1,1,1,3,1,1
SF,IH2103,2020-08-21 09:30:49.500,3250.6000,3194,-1,13662660.000,1,0,1,双平,S,3247.6000,3247.2000,3247.0000,3245.2000,3232.0000,3252.8000,3254.2000,3254.6000,3255.4000,3255.8000,2,1,1,1,1,1,2,1,3,1
SF,IH2103,2020-08-21 09:30:50.000,3250.6000,3194,0,13662660.000,0,-,-,-,-,3247.8000,3247.6000,3247.2000,3247.0000,3245.2000,3252.8000,3254.2000,3254.6000,3255.4000,3255.8000,3,2,1,1,1,1,2,1,3,1
SF,IH2103,2020-08-21 09:30:50.500,3250.6000,3194,0,13662660.000,0,-,-,-,-,3247.8000,3247.6000,3247.2000,3247.0000,3245.2000,3252.6000,3252.8000,3254.2000,3254.6000,3255.4000,3,2,1,1,1,3,1,2,1,3
SF,IH2103,2020-08-21 09:30:51.000,3250.6000,3194,0,13662660.000,0,-,-,-,-,3247.8000,3247.6000,3247.2000,3247.0000,3245.2000,3252.6000,3252.8000,3254.2000,3254.6000,3255.4000,3,2,1,1,1,3,1,2,1,3
SF,IH2103,2020-08-21 09:30:51.500,3250.6000,3194,0,13662660.000,0,-,-,-,-,3247.8000,3247.6000,3247.2000,3247.0000,3245.2000,3252.8000,3254.2000,3254.6000,3255.4000,3255.8000,3,2,1,1,1,1,2,1,3,1
SF,IH2103,2020-08-21 09:30:52.000,3250.6000,3194,0,13662660.000,0,-,-,-,-,3247.8000,3247.6000,3247.2000,3247.0000,3245.2000,3252.6000,3252.8000,3254.2000,3254.6000,3255.4000,3,2,1,1,1,2,1,2,1,3
SF,IH2103,2020-08-21 09:30:52.500,3250.6000,3194,0,13662660.000,0,-,-,-,-,3247.8000,3247.6000,3247.2000,3247.0000,3245.2000,3252.6000,3252.8000,3254.2000,3254.6000,3255.4000,3,2,1,1,1,2,1,2,1,3
SF,IH2103,2020-08-21 09:30:54.000,3250.6000,3194,0,13662660.000,0,-,-,-,-,3247.8000,3247.6000,3247.2000,3247.0000,3245.2000,3252.6000,3252.8000,3254.2000,3254.6000,3255.4000,3,2,1,1,1,2,1,2,1,3
SF,IH2103,2020-08-21 09:30:54.500,3250.6000,3194,0,13662660.000,0,-,-,-,-,3247.8000,3247.6000,3247.2000,3247.0000,3245.2000,3252.6000,3252.8000,3254.2000,3254.6000,3255.4000,3,2,1,1,1,1,1,2,1,3
SF,IH2103,2020-08-21 09:30:55.000,3250.6000,3194,0,13662660.000,0,-,-,-,-,3247.8000,3247.6000,3247.2000,3247.0000,3245.2000,3252.8000,3254.2000,3254.6000,3255.4000,3255.8000,3,2,1,1,1,1,2,1,3,1
SF,IH2103,2020-08-21 09:30:55.500,3250.6000,3194,0,13662660.000,0,-,-,-,-,3247.8000,3247.6000,3247.2000,3247.0000,3245.2000,3252.8000,3254.2000,3254.6000,3255.4000,3255.8000,3,2,1,1,1,1,2,1,3,1
SF,IH2103,2020-08-21 09:30:56.000,3250.6000,3194,0,13662660.000,0,-,-,-,-,3247.8000,3247.6000,3247.2000,3247.0000,3245.2000,3252.6000,3252.8000,3254.2000,3254.6000,3255.4000,3,2,1,1,1,1,1,2,1,3
SF,IH2103,2020-08-21 09:31:00.000,3252.6000,3193,-1,14638440.000,1,0,1,双平,S,3247.8000,3247.6000,3247.2000,3247.0000,3245.2000,3252.8000,3254.2000,3254.6000,3255.4000,3255.8000,3,2,1,1,1,1,2,1,3,1
SF,IH2103,2020-08-21 09:31:00.500,3252.6000,3193,0,14638440.000,0,-,-,-,-,3248.0000,3247.8000,3247.6000,3247.2000,3247.0000,3252.8000,3254.2000,3254.6000,3255.4000,3255.8000,1,3,2,1,1,1,2,1,3,1
SF,IH2103,2020-08-21 09:31:01.000,3252.6000,3193,0,14638440.000,0,-,-,-,-,3248.2000,3248.0000,3247.8000,3247.6000,3247.2000,3252.8000,3255.4000,3255.8000,3256.4000,3256.6000,2,1,1,2,1,1,3,1,1,1
SF,IH2103,2020-08-21 09:31:01.500,3252.8000,3192,-1,15614280.000,1,0,1,双平,S,3248.6000,3248.2000,3247.8000,3247.6000,3247.2000,3255.4000,3255.8000,3256.4000,3256.6000,3257.6000,1,2,1,2,1,3,1,1,1,1
SF,IH2103,2020-08-21 09:31:02.000,3252.8000,3192,0,15614280.000,0,-,-,-,-,3248.8000,3248.6000,3248.2000,3247.8000,3247.6000,3255.2000,3255.4000,3255.8000,3256.4000,3256.6000,2,1,1,1,2,2,3,1,1,1
SF,IH2103,2020-08-21 09:31:03.500,3252.8000,3192,0,15614280.000,0,-,-,-,-,3248.8000,3248.6000,3248.2000,3247.8000,3247.6000,3255.8000,3256.4000,3256.6000,3257.6000,3257.8000,2,1,1,1,2,1,1,1,1,2
SF,IH2103,2020-08-21 09:31:04.000,3252.8000,3192,0,15614280.000,0,-,-,-,-,3248.8000,3248.6000,3248.2000,3247.8000,3247.6000,3255.8000,3256.4000,3256.6000,3257.6000,3257.8000,2,1,1,1,2,1,1,1,1,2
SF,IH2103,2020-08-21 09:31:04.500,3252.8000,3192,0,15614280.000,0,-,-,-,-,3249.6000,3248.8000,3248.2000,3247.8000,3247.6000,3256.4000,3256.6000,3257.6000,3257.8000,3258.2000,1,2,1,1,2,1,1,1,2,1
SF,IH2103,2020-08-21 09:31:05.000,3252.8000,3192,0,15614280.000,0,-,-,-,-,3249.8000,3249.6000,3248.8000,3248.2000,3247.8000,3256.4000,3256.6000,3257.6000,3257.8000,3258.2000,2,1,1,1,1,1,1,1,2,1
SF,IH2103,2020-08-21 09:31:05.500,3252.8000,3192,0,15614280.000,0,-,-,-,-,3249.8000,3249.6000,3248.8000,3248.2000,3247.8000,3256.6000,3257.6000,3257.8000,3258.2000,3258.6000,2,1,1,1,1,1,1,2,1,3
SF,IH2103,2020-08-21 09:31:06.000,3252.8000,3192,0,15614280.000,0,-,-,-,-,3249.8000,3249.6000,3248.8000,3248.2000,3247.8000,3256.6000,3257.6000,3257.8000,3258.2000,3258.6000,2,1,1,1,1,1,1,2,1,3
SF,IH2103,2020-08-21 09:31:06.500,3252.8000,3192,0,15614280.000,0,-,-,-,-,3249.8000,3249.6000,3248.8000,3248.2000,3247.8000,3256.6000,3257.6000,3257.8000,3258.2000,3258.6000,2,1,1,1,1,1,1,2,1,3
SF,IH2103,2020-08-21 09:31:07.000,3252.8000,3192,0,15614280.000,0,-,-,-,-,3249.8000,3249.6000,3248.8000,3248.2000,3247.8000,3256.6000,3257.6000,3257.8000,3258.2000,3258.6000,2,1,1,1,1,1,1,2,1,3
SF,IH2103,2020-08-21 09:31:07.500,3252.8000,3192,0,15614280.000,0,-,-,-,-,3250.6000,3249.8000,3248.8000,3248.2000,3247.8000,3256.6000,3257.6000,3257.8000,3258.2000,3258.6000,1,2,1,1,1,1,1,2,1,3
SF,IH2103,2020-08-21 09:31:08.000,3252.8000,3192,0,15614280.000,0,-,-,-,-,3250.8000,3250.6000,3249.8000,3248.8000,3248.2000,3256.4000,3256.6000,3257.6000,3257.8000,3258.2000,2,2,1,1,1,4,1,1,2,1
SF,IH2103,2020-08-21 09:31:09.000,3252.8000,3192,0,15614280.000,0,-,-,-,-,3250.8000,3249.8000,3248.8000,3248.2000,3247.8000,3256.4000,3256.6000,3257.6000,3257.8000,3258.2000,2,1,1,1,1,1,1,1,2,1
SF,IH2103,2020-08-21 09:31:09.500,3252.8000,3192,0,15614280.000,0,-,-,-,-,3250.8000,3249.8000,3248.8000,3248.2000,3247.8000,3256.4000,3256.6000,3257.6000,3257.8000,3258.2000,2,1,1,1,1,1,1,1,2,1
SF,IH2103,2020-08-21 09:31:10.000,3252.8000,3192,0,15614280.000,0,-,-,-,-,3250.8000,3249.8000,3248.8000,3248.2000,3247.8000,3256.4000,3256.6000,3257.6000,3257.8000,3258.2000,2,1,1,1,1,1,1,1,2,1
SF,IH2103,2020-08-21 09:31:12.000,3252.8000,3192,0,15614280.000,0,-,-,-,-,3250.8000,3249.8000,3248.8000,3248.2000,3247.8000,3256.4000,3256.6000,3257.6000,3257.8000,3258.2000,2,1,1,1,1,1,1,1,2,1
SF,IH2103,2020-08-21 09:31:12.500,3252.8000,3192,0,15614280.000,0,-,-,-,-,3250.8000,3249.8000,3248.8000,3248.2000,3247.8000,3256.2000,3256.4000,3256.6000,3257.6000,3257.8000,2,1,1,1,1,3,1,1,1,2
SF,IH2103,2020-08-21 09:31:13.000,3252.8000,3192,0,15614280.000,0,-,-,-,-,3250.8000,3249.8000,3248.8000,3248.2000,3247.8000,3255.0000,3256.0000,3256.2000,3256.4000,3256.6000,2,1,1,1,1,1,1,3,1,1
SF,IH2103,2020-08-21 09:31:13.500,3252.8000,3192,0,15614280.000,0,-,-,-,-,3250.8000,3249.8000,3248.8000,3248.2000,3247.8000,3256.0000,3256.2000,3256.6000,3257.6000,3257.8000,2,1,1,1,1,2,3,1,1,2
SF,IH2103,2020-08-21 09:31:14.000,3252.8000,3192,0,15614280.000,0,-,-,-,-,3250.8000,3249.8000,3248.8000,3248.2000,3247.8000,3255.8000,3256.0000,3256.2000,3256.6000,3257.6000,2,1,1,1,1,2,2,3,1,1
SF,IH2103,2020-08-21 09:31:14.500,3252.8000,3192,0,15614280.000,0,-,-,-,-,3250.8000,3249.8000,3248.8000,3248.2000,3247.8000,3255.8000,3256.0000,3256.2000,3256.6000,3257.6000,2,1,1,1,1,2,1,3,1,1
SF,IH2103,2020-08-21 09:31:15.000,3252.8000,3192,0,15614280.000,0,-,-,-,-,3250.8000,3249.8000,3248.8000,3248.2000,3247.8000,3255.0000,3255.8000,3256.0000,3256.2000,3256.6000,1,1,1,1,1,1,2,2,3,1
SF,IH2103,2020-08-21 09:31:15.500,3252.8000,3192,0,15614280.000,0,-,-,-,-,3250.8000,3249.8000,3248.8000,3248.2000,3247.8000,3254.8000,3255.0000,3255.8000,3256.0000,3256.2000,1,1,1,1,1,3,1,2,2,3
SF,IH2103,2020-08-21 09:31:16.000,3252.8000,3192,0,15614280.000,0,-,-,-,-,3250.8000,3248.8000,3248.2000,3247.8000,3247.6000,3254.8000,3255.0000,3255.8000,3256.0000,3256.2000,1,1,1,1,2,3,1,2,2,3
SF,IH2103,2020-08-21 09:31:16.500,3252.8000,3192,0,15614280.000,0,-,-,-,-,3250.8000,3248.8000,3248.2000,3247.8000,3247.6000,3254.8000,3255.0000,3255.8000,3256.0000,3256.2000,1,1,1,1,2,3,1,2,2,3
SF,IH2103,2020-08-21 09:31:17.000,3250.8000,3191,-1,16589520.000,1,0,1,双平,S,3248.8000,3248.2000,3247.8000,3247.6000,3247.2000,3254.6000,3254.8000,3255.0000,3255.8000,3256.0000,1,1,1,2,1,1,3,1,2,2
SF,IH2103,2020-08-21 09:31:17.500,3250.8000,3191,0,16589520.000,0,-,-,-,-,3248.8000,3248.2000,3247.8000,3247.6000,3247.2000,3254.4000,3254.6000,3254.8000,3255.0000,3255.8000,1,1,1,2,1,1,1,3,1,2
SF,IH2103,2020-08-21 09:31:18.000,3250.8000,3191,0,16589520.000,0,-,-,-,-,3248.2000,3247.8000,3247.6000,3247.2000,3247.0000,3254.0000,3254.2000,3254.4000,3254.8000,3255.0000,1,1,2,1,1,1,1,1,3,1
SF,IH2103,2020-08-21 09:31:18.500,3250.8000,3191,0,16589520.000,0,-,-,-,-,3248.2000,3247.8000,3247.6000,3247.2000,3247.0000,3253.8000,3254.0000,3254.4000,3254.8000,3255.0000,1,1,2,1,1,4,1,1,3,1
SF,IH2103,2020-08-21 09:31:19.000,3250.8000,3191,0,16589520.000,0,-,-,-,-,3247.8000,3247.6000,3247.2000,3247.0000,3245.2000,3253.8000,3254.0000,3254.4000,3254.8000,3255.0000,1,2,1,1,1,4,1,1,3,1
SF,IH2103,2020-08-21 09:31:19.500,3250.8000,3191,0,16589520.000,0,-,-,-,-,3247.6000,3247.2000,3247.0000,3245.2000,3245.0000,3253.8000,3254.0000,3254.4000,3254.8000,3255.0000,1,1,1,1,1,4,1,1,3,1
SF,IH2103,2020-08-21 09:31:20.000,3250.8000,3191,0,16589520.000,0,-,-,-,-,3247.8000,3247.6000,3247.2000,3247.0000,3245.2000,3253.8000,3254.0000,3254.4000,3254.8000,3255.0000,1,1,1,1,1,4,1,1,3,1
SF,IH2103,2020-08-21 09:31:20.500,3250.8000,3191,0,16589520.000,0,-,-,-,-,3247.6000,3247.2000,3247.0000,3245.2000,3245.0000,3253.8000,3254.0000,3254.4000,3254.8000,3255.0000,1,1,1,1,1,4,1,1,3,1
SF,IH2103,2020-08-21 09:31:21.000,3250.8000,3191,0,16589520.000,0,-,-,-,-,3247.6000,3247.2000,3247.0000,3245.2000,3245.0000,3253.8000,3254.0000,3254.4000,3254.8000,3255.0000,1,1,1,1,1,4,1,1,3,1
SF,IH2103,2020-08-21 09:31:21.500,3250.8000,3191,0,16589520.000,0,-,-,-,-,3247.6000,3245.2000,3245.0000,3228.0000,3225.0000,3253.8000,3254.0000,3254.4000,3254.8000,3255.0000,1,1,1,1,1,4,1,1,3,1
SF,IH2103,2020-08-21 09:31:22.000,3250.8000,3191,0,16589520.000,0,-,-,-,-,3247.6000,3245.2000,3245.0000,3228.0000,3225.0000,3253.6000,3253.8000,3254.0000,3254.4000,3254.8000,1,1,1,1,1,1,4,1,1,3
SF,IH2103,2020-08-21 09:31:22.500,3250.8000,3191,0,16589520.000,0,-,-,-,-,3247.6000,3245.2000,3245.0000,3228.0000,3225.0000,3253.4000,3253.6000,3253.8000,3254.4000,3254.8000,1,1,1,1,1,4,2,3,1,3
SF,IH2103,2020-08-21 09:31:23.000,3250.8000,3191,0,16589520.000,0,-,-,-,-,3247.6000,3245.2000,3245.0000,3228.0000,3225.0000,3253.4000,3253.6000,3253.8000,3254.4000,3254.8000,1,1,1,1,1,4,2,3,1,3
SF,IH2103,2020-08-21 09:31:23.500,3250.8000,3191,0,16589520.000,0,-,-,-,-,3247.6000,3245.2000,3245.0000,3228.0000,3225.0000,3253.0000,3253.2000,3253.4000,3253.6000,3253.8000,1,1,1,1,1,1,1,4,1,3
SF,IH2103,2020-08-21 09:31:24.000,3250.8000,3191,0,16589520.000,0,-,-,-,-,3247.6000,3245.2000,3245.0000,3228.0000,3225.0000,3252.8000,3253.0000,3253.2000,3253.4000,3253.6000,1,1,1,1,1,3,1,1,3,1
SF,IH2103,2020-08-21 09:31:24.500,3250.8000,3191,0,16589520.000,0,-,-,-,-,3247.6000,3245.2000,3245.0000,3228.0000,3225.0000,3252.8000,3253.0000,3253.2000,3253.4000,3253.6000,1,1,1,1,1,3,1,1,3,1
SF,IH2103,2020-08-21 09:31:25.000,3250.8000,3191,0,16589520.000,0,-,-,-,-,3247.6000,3245.2000,3245.0000,3228.0000,3225.0000,3252.8000,3253.0000,3253.2000,3253.4000,3253.6000,1,1,1,1,1,3,1,1,3,1
SF,IH2103,2020-08-21 09:31:25.500,3250.8000,3191,0,16589520.000,0,-,-,-,-,3247.6000,3245.2000,3245.0000,3228.0000,3225.0000,3252.8000,3253.0000,3253.2000,3253.4000,3253.6000,1,1,1,1,1,3,1,1,3,1
SF,IH2103,2020-08-21 09:31:26.000,3250.8000,3191,0,16589520.000,0,-,-,-,-,3247.6000,3245.2000,3245.0000,3228.0000,3225.0000,3252.8000,3253.0000,3253.2000,3253.4000,3253.6000,1,1,1,1,1,3,1,1,3,1
SF,IH2103,2020-08-21 09:31:26.500,3250.8000,3191,0,16589520.000,0,-,-,-,-,3247.6000,3245.2000,3245.0000,3228.0000,3225.0000,3252.8000,3253.0000,3253.4000,3253.6000,3253.8000,1,1,1,1,1,3,1,3,1,3
SF,IH2103,2020-08-21 09:31:27.000,3250.8000,3191,0,16589520.000,0,-,-,-,-,3247.6000,3245.2000,3245.0000,3228.0000,3225.0000,3252.8000,3253.0000,3253.4000,3253.6000,3253.8000,1,1,1,1,1,3,1,3,1,3
SF,IH2103,2020-08-21 09:31:27.500,3250.8000,3191,0,16589520.000,0,-,-,-,-,3247.6000,3245.2000,3245.0000,3228.0000,3225.0000,3252.0000,3252.8000,3253.4000,3253.6000,3253.8000,1,1,1,1,1,1,3,3,1,3
SF,IH2103,2020-08-21 09:31:28.000,3250.8000,3191,0,16589520.000,0,-,-,-,-,3247.6000,3245.2000,3245.0000,3228.0000,3225.0000,3251.8000,3252.0000,3252.8000,3253.4000,3253.6000,1,1,1,1,1,2,1,1,3,1
SF,IH2103,2020-08-21 09:31:28.500,3250.8000,3191,0,16589520.000,0,-,-,-,-,3247.6000,3245.2000,3245.0000,3228.0000,3225.0000,3251.6000,3251.8000,3252.0000,3252.8000,3253.4000,1,1,1,1,1,1,2,1,1,3
SF,IH2103,2020-08-21 09:31:29.000,3247.6000,3191,0,17563800.000,1,0,1,多换,S,3245.2000,3245.0000,3228.0000,3225.0000,3211.0000,3251.4000,3251.6000,3251.8000,3252.0000,3252.8000,1,1,1,1,8,3,1,1,1,1
SF,IH2103,2020-08-21 09:31:29.500,3247.6000,3191,0,17563800.000,0,-,-,-,-,3245.2000,3245.0000,3228.0000,3225.0000,3211.0000,3251.4000,3251.6000,3251.8000,3252.0000,3252.8000,1,1,1,1,8,3,1,1,1,1
SF,IH2103,2020-08-21 09:31:30.000,3247.6000,3191,0,17563800.000,0,-,-,-,-,3245.2000,3245.0000,3228.0000,3225.0000,3211.0000,3251.2000,3251.4000,3251.6000,3251.8000,3252.0000,1,1,1,1,8,1,3,1,1,1
SF,IH2103,2020-08-21 09:31:30.500,3247.6000,3191,0,17563800.000,0,-,-,-,-,3245.2000,3245.0000,3228.0000,3225.0000,3211.0000,3251.0000,3251.2000,3251.4000,3251.8000,3252.0000,1,1,1,1,8,4,1,2,1,1
SF,IH2103,2020-08-21 09:31:31.000,3247.6000,3191,0,17563800.000,0,-,-,-,-,3245.2000,3245.0000,3228.0000,3225.0000,3211.0000,3251.0000,3251.2000,3251.4000,3251.8000,3252.8000,1,1,1,1,8,5,1,2,1,1
SF,IH2103,2020-08-21 09:31:31.500,3247.6000,3191,0,17563800.000,0,-,-,-,-,3245.2000,3245.0000,3228.0000,3225.0000,3211.0000,3251.0000,3251.2000,3251.4000,3251.8000,3252.8000,1,1,1,1,8,5,1,2,1,1
SF,IH2103,2020-08-21 09:31:32.000,3247.6000,3191,0,17563800.000,0,-,-,-,-,3245.2000,3245.0000,3228.0000,3225.0000,3211.0000,3251.0000,3251.2000,3251.4000,3251.8000,3252.8000,1,1,1,1,8,5,1,2,1,1
SF,IH2103,2020-08-21 09:31:32.500,3247.6000,3191,0,17563800.000,0,-,-,-,-,3245.2000,3245.0000,3228.0000,3225.0000,3211.0000,3251.0000,3251.2000,3251.4000,3251.8000,3252.8000,1,1,1,1,8,5,1,2,1,1
SF,IH2103,2020-08-21 09:31:33.000,3247.6000,3191,0,17563800.000,0,-,-,-,-,3245.2000,3245.0000,3228.0000,3225.0000,3211.0000,3251.0000,3251.2000,3251.4000,3251.8000,3252.8000,1,1,1,1,8,5,1,2,1,1
SF,IH2103,2020-08-21 09:31:33.500,3247.6000,3191,0,17563800.000,0,-,-,-,-,3245.2000,3245.0000,3228.0000,3225.0000,3211.0000,3251.0000,3251.2000,3251.4000,3251.8000,3252.8000,1,1,1,1,8,5,1,2,1,1
SF,IH2103,2020-08-21 09:31:34.000,3247.6000,3191,0,17563800.000,0,-,-,-,-,3245.2000,3245.0000,3228.0000,3225.0000,3211.0000,3251.0000,3251.2000,3251.4000,3251.8000,3252.8000,1,1,1,1,8,5,1,2,1,1
SF,IH2103,2020-08-21 09:31:34.500,3247.6000,3191,0,17563800.000,0,-,-,-,-,3245.4000,3245.2000,3245.0000,3228.0000,3225.0000,3251.0000,3251.2000,3251.4000,3251.8000,3252.8000,1,1,1,1,1,4,1,2,1,1
SF,IH2103,2020-08-21 09:31:35.000,3247.6000,3191,0,17563800.000,0,-,-,-,-,3245.4000,3245.2000,3245.0000,3228.0000,3225.0000,3251.0000,3251.2000,3251.4000,3251.8000,3252.8000,1,1,1,1,1,4,1,2,1,1
SF,IH2103,2020-08-21 09:31:35.500,3247.6000,3191,0,17563800.000,0,-,-,-,-,3245.4000,3245.2000,3245.0000,3228.0000,3225.0000,3251.0000,3251.2000,3251.4000,3251.8000,3252.6000,1,1,1,1,1,4,1,2,1,1
SF,IH2103,2020-08-21 09:31:36.000,3247.6000,3191,0,17563800.000,0,-,-,-,-,3245.4000,3245.2000,3245.0000,3228.0000,3225.0000,3251.0000,3251.2000,3251.4000,3251.8000,3252.6000,1,1,1,1,1,4,1,2,1,1
SF,IH2103,2020-08-21 09:31:36.500,3247.6000,3191,0,17563800.000,0,-,-,-,-,3245.4000,3245.2000,3245.0000,3228.0000,3225.0000,3251.0000,3251.2000,3251.4000,3251.8000,3252.6000,1,1,1,1,1,4,1,2,1,1
SF,IH2103,2020-08-21 09:31:37.000,3247.6000,3191,0,17563800.000,0,-,-,-,-,3245.4000,3245.2000,3245.0000,3228.0000,3225.0000,3251.0000,3251.2000,3251.4000,3251.8000,3252.6000,1,1,1,1,1,4,1,2,1,1
SF,IH2103,2020-08-21 09:31:37.500,3247.6000,3191,0,17563800.000,0,-,-,-,-,3245.4000,3245.2000,3245.0000,3241.0000,3228.0000,3251.0000,3251.2000,3251.4000,3251.8000,3252.6000,1,1,1,1,1,4,1,2,1,1
SF,IH2103,2020-08-21 09:31:38.000,3247.6000,3191,0,17563800.000,0,-,-,-,-,3245.4000,3245.2000,3245.0000,3241.0000,3228.0000,3251.0000,3251.2000,3251.4000,3251.8000,3252.6000,1,1,1,1,1,4,1,2,1,1
SF,IH2103,2020-08-21 09:31:38.500,3247.6000,3191,0,17563800.000,0,-,-,-,-,3245.4000,3245.2000,3245.0000,3241.0000,3228.0000,3251.0000,3251.4000,3251.8000,3252.6000,3252.8000,1,1,1,1,1,4,2,1,1,1
SF,IH2103,2020-08-21 09:31:39.000,3247.6000,3191,0,17563800.000,0,-,-,-,-,3245.4000,3245.2000,3245.0000,3241.0000,3228.0000,3250.8000,3251.0000,3251.4000,3251.8000,3252.6000,1,1,1,1,1,1,4,2,1,1
SF,IH2103,2020-08-21 09:31:39.500,3247.6000,3191,0,17563800.000,0,-,-,-,-,3245.2000,3245.0000,3241.0000,3228.0000,3225.0000,3250.6000,3250.8000,3251.0000,3251.4000,3251.8000,1,1,1,1,1,2,1,4,2,1
SF,IH2103,2020-08-21 09:31:40.000,3247.6000,3191,0,17563800.000,0,-,-,-,-,3245.2000,3245.0000,3241.0000,3228.0000,3225.0000,3250.0000,3250.6000,3250.8000,3251.0000,3251.4000,1,1,1,1,1,1,2,1,3,2
SF,IH2103,2020-08-21 09:31:40.500,3247.6000,3191,0,17563800.000,0,-,-,-,-,3245.4000,3245.2000,3245.0000,3241.0000,3228.0000,3249.8000,3250.0000,3250.6000,3250.8000,3251.0000,1,1,1,1,1,1,1,1,1,3
SF,IH2103,2020-08-21 09:31:41.000,3247.6000,3191,0,17563800.000,0,-,-,-,-,3245.4000,3245.2000,3245.0000,3241.0000,3228.0000,3249.8000,3250.0000,3250.6000,3250.8000,3251.0000,1,1,1,1,1,1,1,1,1,3
SF,IH2103,2020-08-21 09:31:41.500,3247.6000,3191,0,17563800.000,0,-,-,-,-,3245.4000,3245.2000,3245.0000,3241.0000,3228.0000,3249.6000,3249.8000,3250.0000,3250.6000,3250.8000,1,1,1,1,1,1,1,1,1,1
SF,IH2103,2020-08-21 09:31:42.000,3247.6000,3191,0,17563800.000,0,-,-,-,-,3245.4000,3245.2000,3245.0000,3241.0000,3228.0000,3249.4000,3249.8000,3250.0000,3250.6000,3250.8000,1,1,1,1,1,1,1,1,1,1
SF,IH2103,2020-08-21 09:31:42.500,3247.6000,3191,0,17563800.000,0,-,-,-,-,3245.4000,3245.2000,3245.0000,3241.0000,3228.0000,3249.0000,3249.4000,3249.8000,3250.6000,3250.8000,1,1,1,1,1,1,1,1,1,1
SF,IH2103,2020-08-21 09:31:43.000,3247.6000,3191,0,17563800.000,0,-,-,-,-,3245.4000,3245.2000,3245.0000,3241.0000,3228.0000,3248.8000,3249.0000,3249.4000,3249.8000,3250.6000,1,1,1,1,1,3,1,1,1,1
SF,IH2103,2020-08-21 09:31:44.000,3247.6000,3191,0,17563800.000,0,-,-,-,-,3245.4000,3245.2000,3245.0000,3241.0000,3228.0000,3249.0000,3249.4000,3249.8000,3250.6000,3250.8000,1,1,1,1,1,1,1,1,1,1
SF,IH2103,2020-08-21 09:31:44.500,3247.6000,3191,0,17563800.000,0,-,-,-,-,3245.4000,3245.2000,3245.0000,3241.0000,3228.0000,3248.8000,3249.0000,3249.4000,3249.8000,3250.6000,1,1,1,1,1,1,1,1,1,1
SF,IH2103,2020-08-21 09:31:45.000,3247.6000,3191,0,17563800.000,0,-,-,-,-,3245.4000,3245.2000,3245.0000,3241.0000,3228.0000,3249.0000,3249.4000,3249.8000,3250.6000,3250.8000,1,1,1,1,1,1,1,1,1,1
SF,IH2103,2020-08-21 09:31:45.500,3247.6000,3191,0,17563800.000,0,-,-,-,-,3245.2000,3245.0000,3241.0000,3228.0000,3225.0000,3248.8000,3249.0000,3249.4000,3249.8000,3250.6000,1,1,1,1,1,1,1,1,1,1
SF,IH2103,2020-08-21 09:31:46.000,3247.6000,3191,0,17563800.000,0,-,-,-,-,3245.2000,3245.0000,3241.0000,3228.0000,3225.0000,3249.0000,3249.4000,3249.8000,3250.6000,3250.8000,1,1,1,1,1,1,1,1,1,1
SF,IH2103,2020-08-21 09:31:46.500,3247.6000,3191,0,17563800.000,0,-,-,-,-,3245.4000,3245.2000,3245.0000,3241.0000,3228.0000,3248.8000,3249.0000,3249.4000,3249.8000,3250.6000,1,1,1,1,1,1,1,1,1,1
SF,IH2103,2020-08-21 09:31:47.000,3247.6000,3191,0,17563800.000,0,-,-,-,-,3245.6000,3245.2000,3245.0000,3241.0000,3228.0000,3248.8000,3249.0000,3249.4000,3249.8000,3250.6000,1,1,1,1,1,1,1,1,1,1
SF,IH2103,2020-08-21 09:31:47.500,3247.6000,3191,0,17563800.000,0,-,-,-,-,3245.6000,3245.2000,3245.0000,3241.0000,3228.0000,3249.0000,3249.4000,3249.8000,3250.6000,3250.8000,1,1,1,1,1,1,1,1,1,2
SF,IH2103,2020-08-21 09:31:48.000,3247.6000,3191,0,17563800.000,0,-,-,-,-,3245.6000,3245.2000,3245.0000,3241.0000,3228.0000,3249.0000,3249.4000,3249.8000,3250.6000,3250.8000,1,1,1,1,1,1,1,1,1,2
SF,IH2103,2020-08-21 09:31:49.000,3247.6000,3191,0,17563800.000,0,-,-,-,-,3245.6000,3245.2000,3245.0000,3241.0000,3228.0000,3250.6000,3250.8000,3251.0000,3251.4000,3251.8000,1,1,1,1,1,1,2,3,2,1
SF,IH2103,2020-08-21 09:31:49.500,3247.6000,3191,0,17563800.000,0,-,-,-,-,3245.6000,3245.2000,3245.0000,3241.0000,3228.0000,3250.4000,3250.6000,3250.8000,3251.0000,3251.4000,1,1,1,1,1,4,1,2,3,2
SF,IH2103,2020-08-21 09:31:50.000,3247.6000,3191,0,17563800.000,0,-,-,-,-,3245.8000,3245.6000,3245.2000,3245.0000,3241.0000,3250.0000,3250.4000,3250.6000,3250.8000,3251.0000,1,1,1,1,1,1,4,1,2,3
SF,IH2103,2020-08-21 09:31:50.500,3247.6000,3191,0,17563800.000,0,-,-,-,-,3246.0000,3245.2000,3245.0000,3241.0000,3228.0000,3249.8000,3250.0000,3250.4000,3250.6000,3250.8000,1,1,1,1,1,4,1,2,1,2
SF,IH2103,2020-08-21 09:31:51.000,3247.6000,3191,0,17563800.000,0,-,-,-,-,3246.0000,3245.2000,3245.0000,3241.0000,3228.0000,3249.8000,3250.0000,3250.4000,3250.6000,3250.8000,1,1,1,1,1,4,1,2,1,2
SF,IH2103,2020-08-21 09:31:51.500,3247.6000,3191,0,17563800.000,0,-,-,-,-,3245.2000,3245.0000,3241.0000,3228.0000,3225.0000,3249.8000,3250.0000,3250.4000,3250.6000,3250.8000,1,1,1,1,1,4,1,2,1,2
SF,IH2103,2020-08-21 09:31:52.000,3247.6000,3191,0,17563800.000,0,-,-,-,-,3245.4000,3245.2000,3245.0000,3241.0000,3228.0000,3249.8000,3250.0000,3250.4000,3250.6000,3250.8000,1,1,1,1,1,4,1,2,1,2
SF,IH2103,2020-08-21 09:31:52.500,3247.6000,3191,0,17563800.000,0,-,-,-,-,3245.4000,3245.2000,3245.0000,3241.0000,3228.0000,3249.6000,3249.8000,3250.4000,3250.6000,3250.8000,1,1,1,1,1,1,4,2,1,2
SF,IH2103,2020-08-21 09:31:53.000,3247.6000,3191,0,17563800.000,0,-,-,-,-,3245.4000,3245.2000,3245.0000,3241.0000,3228.0000,3249.4000,3249.6000,3249.8000,3250.4000,3250.6000,1,1,1,1,1,3,1,2,2,1
SF,IH2103,2020-08-21 09:31:53.500,3247.6000,3191,0,17563800.000,0,-,-,-,-,3245.4000,3245.2000,3245.0000,3241.0000,3228.0000,3249.4000,3249.6000,3249.8000,3250.4000,3250.6000,1,1,1,1,1,3,1,2,2,1
SF,IH2103,2020-08-21 09:31:54.000,3249.4000,3191,0,20488140.000,3,1,2,多换,S,3245.4000,3245.2000,3245.0000,3241.0000,3228.0000,3249.4000,3249.6000,3249.8000,3250.4000,3250.6000,1,1,1,1,1,2,1,2,2,1
SF,IH2103,2020-08-21 09:31:54.500,3249.4000,3191,0,20488140.000,0,-,-,-,-,3245.4000,3245.2000,3245.0000,3241.0000,3228.0000,3249.4000,3249.6000,3249.8000,3250.4000,3250.6000,1,1,1,1,1,2,1,2,2,1
SF,IH2103,2020-08-21 09:31:56.000,3249.4000,3191,0,20488140.000,0,-,-,-,-,3245.4000,3245.2000,3245.0000,3241.0000,3228.0000,3249.2000,3249.4000,3249.8000,3250.4000,3250.6000,1,1,1,1,1,1,2,2,2,1
SF,IH2103,2020-08-21 09:31:56.500,3249.4000,3191,0,20488140.000,0,-,-,-,-,3245.4000,3245.2000,3245.0000,3241.0000,3228.0000,3249.0000,3249.2000,3249.8000,3250.4000,3250.6000,1,1,1,1,1,1,1,2,2,1
SF,IH2103,2020-08-21 09:31:57.500,3249.4000,3191,0,20488140.000,0,-,-,-,-,3245.4000,3245.2000,3245.0000,3241.0000,3228.0000,3249.0000,3249.2000,3249.8000,3250.4000,3250.6000,1,1,1,1,1,2,1,2,2,1
SF,IH2103,2020-08-21 09:31:58.000,3249.4000,3191,0,20488140.000,0,-,-,-,-,3245.4000,3245.2000,3245.0000,3241.0000,3228.0000,3249.0000,3249.8000,3250.4000,3250.6000,3250.8000,1,1,1,1,1,1,2,2,1,1
SF,IH2103,2020-08-21 09:31:58.500,3249.4000,3191,0,20488140.000,0,-,-,-,-,3245.6000,3245.4000,3245.2000,3245.0000,3241.0000,3249.0000,3249.8000,3250.4000,3250.6000,3250.8000,1,1,1,1,1,1,2,2,1,1
SF,IH2103,2020-08-21 09:31:59.000,3249.4000,3191,0,20488140.000,0,-,-,-,-,3245.8000,3245.2000,3245.0000,3241.0000,3228.0000,3249.0000,3249.8000,3250.4000,3250.6000,3250.8000,1,1,1,1,1,1,2,2,1,1
SF,IH2103,2020-08-21 09:31:59.500,3249.4000,3191,0,20488140.000,0,-,-,-,-,3246.0000,3245.8000,3245.2000,3245.0000,3241.0000,3249.0000,3250.4000,3250.6000,3250.8000,3251.0000,1,1,1,1,1,1,2,1,1,3
SF,IH2103,2020-08-21 09:32:00.000,3249.4000,3191,0,20488140.000,0,-,-,-,-,3246.2000,3246.0000,3245.2000,3245.0000,3241.0000,3249.0000,3250.4000,3250.6000,3250.8000,3251.0000,1,1,1,1,1,1,2,1,1,3
SF,IH2103,2020-08-21 09:32:00.500,3249.0000,3191,0,21462840.000,1,0,1,多换,S,3246.4000,3246.2000,3246.0000,3245.2000,3245.0000,3250.4000,3250.6000,3250.8000,3251.0000,3251.4000,1,1,1,1,1,2,1,1,3,2
SF,IH2103,2020-08-21 09:32:01.000,3249.0000,3191,0,21462840.000,0,-,-,-,-,3246.6000,3246.0000,3245.2000,3245.0000,3241.0000,3250.2000,3250.4000,3250.6000,3250.8000,3251.0000,2,1,1,1,1,2,2,1,1,3
SF,IH2103,2020-08-21 09:32:01.500,3249.0000,3191,0,21462840.000,0,-,-,-,-,3247.0000,3246.8000,3246.6000,3246.0000,3245.8000,3250.6000,3250.8000,3251.0000,3251.4000,3251.8000,1,1,2,1,1,1,1,3,2,1
SF,IH2103,2020-08-21 09:32:02.000,3250.6000,3191,0,22438020.000,1,0,1,多换,S,3247.4000,3247.2000,3246.8000,3246.6000,3246.0000,3250.8000,3251.4000,3251.8000,3252.8000,3253.4000,1,1,1,1,1,1,2,1,1,3
SF,IH2103,2020-08-21 09:32:02.500,3250.6000,3191,0,22438020.000,0,-,-,-,-,3247.6000,3247.4000,3247.2000,3246.8000,3246.6000,3250.8000,3252.8000,3253.4000,3253.8000,3254.4000,1,1,1,1,1,1,1,3,3,1
SF,IH2103,2020-08-21 09:32:03.000,3250.6000,3191,0,22438020.000,0,-,-,-,-,3248.0000,3247.8000,3247.6000,3247.2000,3246.8000,3250.8000,3252.8000,3253.4000,3253.8000,3254.4000,1,1,1,1,1,1,1,3,3,1
SF,IH2103,2020-08-21 09:32:03.500,3250.8000,3190,-1,23413260.000,1,0,1,双平,S,3248.2000,3247.8000,3247.2000,3246.8000,3246.6000,3252.8000,3253.4000,3253.8000,3254.4000,3254.8000,3,1,1,1,1,1,3,3,1,3
SF,IH2103,2020-08-21 09:32:04.000,3250.8000,3190,0,23413260.000,0,-,-,-,-,3248.4000,3248.2000,3247.8000,3247.2000,3246.8000,3253.4000,3253.8000,3254.4000,3254.8000,3255.8000,1,3,1,1,1,3,3,1,3,2
SF,IH2103,2020-08-21 09:32:04.500,3250.8000,3190,0,23413260.000,0,-,-,-,-,3248.6000,3248.4000,3248.2000,3247.8000,3247.2000,3253.2000,3253.4000,3253.8000,3254.4000,3254.8000,2,1,2,1,1,3,3,3,1,3
SF,IH2103,2020-08-21 09:32:05.000,3250.8000,3190,0,23413260.000,0,-,-,-,-,3248.8000,3248.6000,3248.2000,3247.8000,3247.2000,3253.2000,3253.4000,3253.8000,3254.4000,3254.8000,1,2,2,1,1,3,3,3,1,3
SF,IH2103,2020-08-21 09:32:05.500,3250.8000,3190,0,23413260.000,0,-,-,-,-,3249.0000,3248.8000,3248.6000,3248.2000,3247.8000,3253.2000,3253.4000,3253.8000,3254.4000,3254.8000,1,1,1,1,1,2,3,3,1,3
SF,IH2103,2020-08-21 09:32:06.000,3250.8000,3190,0,23413260.000,0,-,-,-,-,3249.2000,3249.0000,3248.6000,3248.2000,3247.8000,3253.4000,3253.8000,3254.4000,3254.8000,3255.8000,3,1,1,1,1,3,3,1,3,2
SF,IH2103,2020-08-21 09:32:06.500,3250.8000,3190,0,23413260.000,0,-,-,-,-,3249.4000,3249.2000,3248.6000,3248.2000,3247.8000,3253.2000,3253.8000,3254.4000,3254.8000,3255.8000,1,3,1,1,1,1,3,1,3,2
SF,IH2103,2020-08-21 09:32:07.000,3250.8000,3190,0,23413260.000,0,-,-,-,-,3249.6000,3249.4000,3249.2000,3248.6000,3248.2000,3253.0000,3253.8000,3254.4000,3254.8000,3255.8000,1,1,2,1,1,1,3,1,3,2
SF,IH2103,2020-08-21 09:32:07.500,3250.8000,3190,0,23413260.000,0,-,-,-,-,3249.8000,3249.6000,3248.6000,3248.2000,3247.8000,3252.8000,3253.8000,3254.4000,3254.8000,3255.8000,1,1,1,1,1,1,3,1,3,2
SF,IH2103,2020-08-21 09:32:08.000,3250.8000,3190,0,23413260.000,0,-,-,-,-,3248.6000,3248.2000,3247.8000,3247.2000,3246.8000,3252.8000,3253.8000,3254.4000,3254.8000,3255.8000,1,1,1,1,1,1,3,1,3,2
SF,IH2103,2020-08-21 09:32:08.500,3250.8000,3190,0,23413260.000,0,-,-,-,-,3248.8000,3248.6000,3248.2000,3247.8000,3247.2000,3252.6000,3252.8000,3253.8000,3254.4000,3254.8000,1,1,1,1,1,1,1,3,1,3
SF,IH2103,2020-08-21 09:32:09.000,3250.8000,3190,0,23413260.000,0,-,-,-,-,3248.8000,3248.6000,3248.2000,3247.8000,3247.2000,3252.6000,3253.8000,3254.4000,3254.8000,3255.8000,1,1,1,1,1,1,3,1,3,2
SF,IH2103,2020-08-21 09:32:09.500,3250.8000,3190,0,23413260.000,0,-,-,-,-,3248.8000,3248.2000,3247.8000,3247.2000,3246.8000,3252.4000,3252.6000,3253.8000,3254.4000,3254.8000,1,1,1,1,1,1,1,3,1,3
SF,IH2103,2020-08-21 09:32:10.000,3250.8000,3190,0,23413260.000,0,-,-,-,-,3248.8000,3248.2000,3247.8000,3247.2000,3246.8000,3252.0000,3252.6000,3253.8000,3254.4000,3254.8000,1,1,1,1,1,1,1,3,1,3
SF,IH2103,2020-08-21 09:32:10.500,3250.8000,3190,0,23413260.000,0,-,-,-,-,3249.2000,3248.8000,3248.2000,3247.8000,3247.2000,3252.6000,3253.8000,3254.4000,3254.8000,3255.8000,1,1,1,1,1,1,3,1,3,2
SF,IH2103,2020-08-21 09:32:11.000,3250.8000,3190,0,23413260.000,0,-,-,-,-,3249.2000,3248.8000,3248.2000,3247.8000,3247.2000,3252.4000,3252.6000,3253.8000,3254.4000,3254.8000,1,1,1,1,1,1,1,3,1,3
SF,IH2103,2020-08-21 09:32:11.500,3250.8000,3190,0,23413260.000,0,-,-,-,-,3249.4000,3248.2000,3247.8000,3247.2000,3246.8000,3252.0000,3252.6000,3253.8000,3254.4000,3254.8000,1,1,1,1,1,1,1,3,1,3
SF,IH2103,2020-08-21 09:32:12.000,3250.8000,3190,0,23413260.000,0,-,-,-,-,3249.4000,3248.2000,3247.8000,3247.2000,3246.8000,3252.0000,3253.8000,3254.4000,3254.8000,3255.8000,1,1,1,1,1,1,3,1,3,2
SF,IH2103,2020-08-21 09:32:12.500,3250.8000,3190,0,23413260.000,0,-,-,-,-,3247.8000,3247.2000,3246.8000,3246.0000,3245.8000,3251.8000,3252.0000,3253.8000,3254.4000,3254.8000,1,1,1,1,1,3,1,3,1,3
SF,IH2103,2020-08-21 09:32:13.000,3250.8000,3190,0,23413260.000,0,-,-,-,-,3248.0000,3247.8000,3247.2000,3246.8000,3246.0000,3251.6000,3253.8000,3254.4000,3254.8000,3255.8000,3,1,1,1,1,1,3,1,3,2
SF,IH2103,2020-08-21 09:32:13.500,3250.8000,3190,0,23413260.000,0,-,-,-,-,3248.4000,3248.0000,3247.8000,3247.2000,3246.8000,3251.6000,3253.8000,3254.4000,3254.8000,3255.8000,1,3,1,1,1,1,3,1,3,2
SF,IH2103,2020-08-21 09:32:14.000,3250.8000,3190,0,23413260.000,0,-,-,-,-,3248.8000,3248.6000,3248.0000,3247.8000,3247.2000,3253.8000,3254.4000,3254.8000,3255.8000,3256.0000,1,2,2,1,1,3,1,3,2,1
SF,IH2103,2020-08-21 09:32:14.500,3250.8000,3190,0,23413260.000,0,-,-,-,-,3248.0000,3247.8000,3247.2000,3246.8000,3246.0000,3253.6000,3253.8000,3254.4000,3254.8000,3255.8000,2,1,1,1,1,4,3,1,3,2
SF,IH2103,2020-08-21 09:32:15.000,3250.8000,3190,0,23413260.000,0,-,-,-,-,3248.2000,3248.0000,3247.8000,3247.2000,3246.8000,3249.0000,3253.6000,3253.8000,3254.4000,3254.8000,3,2,1,1,1,1,4,3,1,3
SF,IH2103,2020-08-21 09:32:15.500,3249.0000,3189,-1,24387960.000,1,0,1,双平,S,3249.2000,3248.4000,3248.2000,3248.0000,3247.8000,3253.6000,3253.8000,3254.4000,3254.8000,3255.8000,2,1,2,2,1,2,3,1,3,2
SF,IH2103,2020-08-21 09:32:16.000,3249.0000,3189,0,24387960.000,0,-,-,-,-,3249.2000,3248.4000,3248.2000,3248.0000,3247.8000,3253.4000,3253.6000,3253.8000,3254.4000,3254.8000,2,1,2,2,1,2,2,3,1,3
SF,IH2103,2020-08-21 09:32:16.500,3249.0000,3189,0,24387960.000,0,-,-,-,-,3249.4000,3249.2000,3248.4000,3248.2000,3248.0000,3253.2000,3253.4000,3253.6000,3253.8000,3254.4000,1,2,1,2,2,2,2,2,3,1
SF,IH2103,2020-08-21 09:32:17.000,3249.0000,3189,0,24387960.000,0,-,-,-,-,3249.6000,3249.4000,3249.2000,3248.4000,3248.2000,3253.0000,3253.2000,3253.6000,3253.8000,3254.4000,1,1,2,1,2,1,2,2,3,1
SF,IH2103,2020-08-21 09:32:17.500,3253.6000,3190,1,25364040.000,1,1,0,双开,S,3251.6000,3249.8000,3249.6000,3249.2000,3248.4000,3253.6000,3253.8000,3254.4000,3254.8000,3255.8000,1,2,1,2,1,1,3,1,3,2
SF,IH2103,2020-08-21 09:32:18.000,3251.6000,3190,0,26339520.000,1,0,1,多换,S,3249.8000,3248.4000,3248.2000,3248.0000,3247.8000,3253.4000,3253.8000,3254.4000,3254.8000,3255.8000,1,1,2,2,1,2,3,1,3,2
SF,IH2103,2020-08-21 09:32:18.500,3251.6000,3190,0,26339520.000,0,-,-,-,-,3250.2000,3250.0000,3248.4000,3248.2000,3248.0000,3253.4000,3253.8000,3254.4000,3254.8000,3255.8000,1,1,1,2,2,1,3,1,3,2
SF,IH2103,2020-08-21 09:32:19.000,3251.6000,3190,0,26339520.000,0,-,-,-,-,3250.4000,3248.4000,3248.2000,3248.0000,3247.8000,3253.0000,3254.4000,3254.8000,3255.8000,3256.0000,4,1,2,2,1,1,1,3,2,1
SF,IH2103,2020-08-21 09:32:19.500,3251.6000,3190,0,26339520.000,0,-,-,-,-,3250.4000,3248.4000,3248.2000,3248.0000,3247.8000,3253.0000,3254.4000,3254.8000,3255.8000,3256.0000,4,1,2,2,1,1,1,3,2,1
SF,IH2103,2020-08-21 09:32:20.000,3251.6000,3190,0,26339520.000,0,-,-,-,-,3250.4000,3248.4000,3248.2000,3248.0000,3247.8000,3254.4000,3254.8000,3255.8000,3256.0000,3256.2000,4,1,2,2,1,1,3,2,1,4
SF,IH2103,2020-08-21 09:32:20.500,3251.6000,3190,0,26339520.000,0,-,-,-,-,3250.6000,3250.4000,3248.4000,3248.2000,3248.0000,3254.2000,3254.8000,3255.8000,3256.0000,3256.2000,1,4,1,2,2,1,3,2,1,3
SF,IH2103,2020-08-21 09:32:21.000,3251.6000,3190,0,26339520.000,0,-,-,-,-,3250.8000,3250.6000,3250.4000,3248.4000,3248.2000,3253.8000,3254.0000,3254.2000,3254.8000,3255.8000,1,1,3,1,2,1,1,1,3,2
SF,IH2103,2020-08-21 09:32:21.500,3251.6000,3190,0,26339520.000,0,-,-,-,-,3250.8000,3250.4000,3248.4000,3248.2000,3248.0000,3253.6000,3253.8000,3254.8000,3255.8000,3256.0000,1,3,1,2,2,1,1,3,2,1
SF,IH2103,2020-08-21 09:32:22.000,3251.6000,3190,0,26339520.000,0,-,-,-,-,3248.4000,3248.2000,3248.0000,3247.8000,3247.2000,3253.4000,3253.6000,3254.8000,3255.8000,3256.0000,1,2,2,1,1,1,1,3,2,1
SF,IH2103,2020-08-21 09:32:22.500,3251.6000,3190,0,26339520.000,0,-,-,-,-,3248.6000,3248.4000,3248.2000,3248.0000,3247.8000,3253.2000,3254.8000,3255.8000,3256.0000,3256.2000,2,1,2,2,1,1,3,2,1,3
SF,IH2103,2020-08-21 09:32:26.000,3251.6000,3190,0,26339520.000,0,-,-,-,-,3248.6000,3248.4000,3248.2000,3248.0000,3247.8000,3253.0000,3253.2000,3254.8000,3255.8000,3256.0000,2,1,2,2,1,1,1,3,2,1
SF,IH2103,2020-08-21 09:32:26.500,3251.6000,3190,0,26339520.000,0,-,-,-,-,3248.6000,3248.4000,3248.2000,3248.0000,3247.8000,3252.8000,3254.8000,3255.8000,3256.0000,3256.2000,2,1,2,2,1,1,3,2,1,3
SF,IH2103,2020-08-21 09:32:31.500,3251.6000,3190,0,26339520.000,0,-,-,-,-,3248.6000,3248.4000,3248.2000,3248.0000,3247.8000,3252.8000,3254.8000,3255.8000,3256.0000,3256.2000,1,1,2,2,1,1,3,2,1,3
SF,IH2103,2020-08-21 09:32:32.000,3251.6000,3190,0,26339520.000,0,-,-,-,-,3248.4000,3248.2000,3248.0000,3247.8000,3247.2000,3252.6000,3252.8000,3254.8000,3255.8000,3256.0000,1,2,2,1,1,1,1,3,2,1
SF,IH2103,2020-08-21 09:32:32.500,3251.6000,3190,0,26339520.000,0,-,-,-,-,3248.6000,3248.4000,3248.2000,3248.0000,3247.8000,3252.4000,3252.6000,3254.8000,3255.8000,3256.0000,2,1,2,2,1,1,1,3,2,1
SF,IH2103,2020-08-21 09:32:33.000,3251.6000,3190,0,26339520.000,0,-,-,-,-,3248.6000,3248.4000,3248.2000,3248.0000,3247.8000,3252.2000,3252.4000,3254.8000,3255.8000,3256.0000,2,1,2,2,1,1,1,3,2,1
SF,IH2103,2020-08-21 09:32:33.500,3251.6000,3190,0,26339520.000,0,-,-,-,-,3248.6000,3248.4000,3248.2000,3248.0000,3247.8000,3252.2000,3252.4000,3254.8000,3255.8000,3256.0000,2,1,2,2,1,1,1,3,2,1
SF,IH2103,2020-08-21 09:32:34.000,3251.6000,3190,0,26339520.000,0,-,-,-,-,3248.6000,3248.4000,3248.2000,3248.0000,3247.8000,3252.2000,3252.4000,3254.8000,3255.8000,3256.0000,2,1,2,2,1,1,1,3,2,1
SF,IH2103,2020-08-21 09:32:34.500,3251.6000,3190,0,26339520.000,0,-,-,-,-,3248.6000,3248.4000,3248.2000,3248.0000,3247.8000,3251.8000,3252.2000,3252.4000,3254.8000,3255.8000,2,1,2,2,1,1,1,1,3,2
SF,IH2103,2020-08-21 09:32:35.000,3251.6000,3190,0,26339520.000,0,-,-,-,-,3248.6000,3248.4000,3248.2000,3248.0000,3247.8000,3251.4000,3251.6000,3252.4000,3254.8000,3255.8000,1,1,2,2,1,1,1,1,3,2
SF,IH2103,2020-08-21 09:32:35.500,3251.6000,3190,0,26339520.000,0,-,-,-,-,3248.8000,3248.6000,3248.4000,3248.2000,3248.0000,3251.6000,3252.4000,3254.8000,3255.8000,3256.0000,2,1,1,2,2,1,1,3,2,1
SF,IH2103,2020-08-21 09:32:36.000,3251.6000,3190,0,26339520.000,0,-,-,-,-,3249.0000,3248.8000,3248.4000,3248.2000,3248.0000,3251.4000,3251.6000,3252.4000,3254.8000,3255.8000,1,1,1,2,2,1,1,1,3,2
SF,IH2103,2020-08-21 09:32:36.500,3251.6000,3190,0,26339520.000,0,-,-,-,-,3249.2000,3249.0000,3248.8000,3248.4000,3248.2000,3252.4000,3254.8000,3255.8000,3256.0000,3256.2000,4,1,1,1,2,1,3,2,1,3
SF,IH2103,2020-08-21 09:32:37.000,3251.6000,3190,0,26339520.000,0,-,-,-,-,3249.2000,3248.8000,3248.4000,3248.2000,3248.0000,3252.0000,3252.2000,3254.8000,3255.8000,3256.0000,3,1,1,2,2,1,1,3,2,1
SF,IH2103,2020-08-21 09:32:37.500,3251.6000,3190,0,26339520.000,0,-,-,-,-,3249.4000,3248.8000,3248.4000,3248.2000,3248.0000,3254.8000,3255.8000,3256.0000,3256.2000,3256.6000,2,1,1,2,2,3,2,1,3,1
SF,IH2103,2020-08-21 09:32:38.000,3251.6000,3190,0,26339520.000,0,-,-,-,-,3248.8000,3248.4000,3248.2000,3248.0000,3247.8000,3254.6000,3254.8000,3255.8000,3256.0000,3256.2000,1,1,2,2,1,5,3,2,1,3
SF,IH2103,2020-08-21 09:32:38.500,3251.6000,3190,0,26339520.000,0,-,-,-,-,3249.0000,3248.8000,3248.4000,3248.2000,3248.0000,3254.6000,3254.8000,3255.8000,3256.0000,3256.2000,1,1,1,2,2,5,3,2,1,3
SF,IH2103,2020-08-21 09:32:39.500,3251.6000,3190,0,26339520.000,0,-,-,-,-,3249.2000,3249.0000,3248.8000,3248.4000,3248.2000,3254.6000,3254.8000,3255.8000,3256.0000,3256.2000,1,1,1,1,2,5,3,2,1,3
SF,IH2103,2020-08-21 09:32:40.000,3251.6000,3190,0,26339520.000,0,-,-,-,-,3249.4000,3249.2000,3248.8000,3248.2000,3248.0000,3254.6000,3254.8000,3255.8000,3256.0000,3256.2000,1,1,1,2,2,5,3,2,1,3
SF,IH2103,2020-08-21 09:32:40.500,3251.6000,3190,0,26339520.000,0,-,-,-,-,3249.4000,3249.2000,3248.8000,3248.2000,3248.0000,3254.6000,3254.8000,3255.8000,3256.0000,3256.2000,1,1,1,2,2,5,3,2,1,3
SF,IH2103,2020-08-21 09:32:41.000,3251.6000,3190,0,26339520.000,0,-,-,-,-,3249.6000,3249.4000,3249.2000,3248.8000,3248.2000,3254.6000,3254.8000,3255.8000,3256.0000,3256.2000,1,1,1,1,2,5,3,2,1,3
SF,IH2103,2020-08-21 09:32:41.500,3251.6000,3190,0,26339520.000,0,-,-,-,-,3249.8000,3249.6000,3249.2000,3248.8000,3248.2000,3254.6000,3254.8000,3255.8000,3256.0000,3256.2000,1,1,1,1,2,5,3,2,1,3
SF,IH2103,2020-08-21 09:32:42.000,3251.6000,3190,0,26339520.000,0,-,-,-,-,3250.0000,3249.8000,3249.6000,3249.2000,3248.8000,3254.6000,3254.8000,3255.8000,3256.0000,3256.2000,1,1,1,1,1,5,3,2,1,3
SF,IH2103,2020-08-21 09:32:42.500,3251.6000,3190,0,26339520.000,0,-,-,-,-,3250.2000,3250.0000,3249.6000,3249.2000,3248.8000,3254.6000,3254.8000,3255.8000,3256.0000,3256.2000,2,1,1,1,1,4,3,2,1,3
SF,IH2103,2020-08-21 09:32:43.500,3251.6000,3190,0,26339520.000,0,-,-,-,-,3250.4000,3250.2000,3250.0000,3249.6000,3249.2000,3254.6000,3254.8000,3255.8000,3256.0000,3256.2000,3,2,1,1,1,4,3,2,1,3
SF,IH2103,2020-08-21 09:32:44.000,3251.6000,3190,0,26339520.000,0,-,-,-,-,3250.6000,3250.0000,3249.6000,3249.2000,3248.8000,3254.6000,3254.8000,3255.8000,3256.0000,3256.2000,2,1,1,1,1,4,3,2,1,3
SF,IH2103,2020-08-21 09:32:44.500,3251.6000,3190,0,26339520.000,0,-,-,-,-,3250.8000,3250.6000,3250.0000,3249.6000,3249.2000,3254.6000,3254.8000,3255.8000,3256.0000,3256.2000,1,1,1,1,1,4,3,2,1,3
SF,IH2103,2020-08-21 09:32:45.000,3251.6000,3190,0,26339520.000,0,-,-,-,-,3251.0000,3250.8000,3250.0000,3249.6000,3249.2000,3254.4000,3254.6000,3254.8000,3255.8000,3256.0000,1,1,1,1,1,2,4,3,2,1
SF,IH2103,2020-08-21 09:32:45.500,3251.6000,3190,0,26339520.000,0,-,-,-,-,3251.2000,3251.0000,3250.8000,3250.0000,3249.6000,3254.4000,3254.6000,3254.8000,3255.8000,3256.0000,1,1,1,1,1,2,3,3,2,1
SF,IH2103,2020-08-21 09:32:46.000,3251.6000,3190,0,26339520.000,0,-,-,-,-,3251.6000,3251.4000,3251.2000,3250.8000,3250.0000,3254.4000,3254.8000,3255.8000,3256.0000,3256.2000,1,1,1,1,1,1,3,2,1,3
SF,IH2103,2020-08-21 09:32:46.500,3251.6000,3190,0,26339520.000,0,-,-,-,-,3251.8000,3251.2000,3250.8000,3250.0000,3249.6000,3254.4000,3255.8000,3256.0000,3256.2000,3256.6000,2,1,1,1,1,1,2,1,3,1
SF,IH2103,2020-08-21 09:32:47.000,3251.6000,3190,0,27315000.000,1,0,1,多换,S,3251.8000,3251.2000,3250.8000,3250.0000,3249.6000,3254.4000,3255.8000,3256.0000,3256.2000,3256.6000,2,1,1,1,1,1,2,1,3,1
SF,IH2103,2020-08-21 09:32:47.500,3251.6000,3190,0,27315000.000,0,-,-,-,-,3251.8000,3251.2000,3250.8000,3250.0000,3249.6000,3254.4000,3255.8000,3256.0000,3256.2000,3256.6000,2,1,1,1,1,1,2,1,3,1
SF,IH2103,2020-08-21 09:32:48.000,3251.6000,3190,0,27315000.000,0,-,-,-,-,3251.8000,3251.2000,3250.8000,3250.0000,3249.6000,3256.0000,3256.6000,3257.6000,3257.8000,3258.2000,2,1,1,1,1,1,1,1,2,1
SF,IH2103,2020-08-21 09:32:48.500,3251.6000,3190,0,27315000.000,0,-,-,-,-,3252.0000,3251.8000,3251.2000,3250.8000,3250.0000,3255.8000,3256.0000,3256.6000,3257.6000,3257.8000,1,2,1,1,1,2,1,1,1,2
SF,IH2103,2020-08-21 09:32:49.000,3251.6000,3190,0,27315000.000,0,-,-,-,-,3252.2000,3252.0000,3251.8000,3251.2000,3250.8000,3255.8000,3256.0000,3256.6000,3257.6000,3257.8000,1,1,1,1,1,1,1,1,1,2
SF,IH2103,2020-08-21 09:32:49.500,3251.6000,3190,0,27315000.000,0,-,-,-,-,3252.6000,3252.4000,3252.2000,3252.0000,3251.2000,3256.0000,3256.6000,3257.6000,3257.8000,3258.2000,1,2,1,1,1,1,1,1,2,1
SF,IH2103,2020-08-21 09:32:50.000,3251.6000,3190,0,27315000.000,0,-,-,-,-,3252.8000,3252.6000,3252.0000,3251.2000,3250.8000,3255.8000,3256.0000,3256.6000,3257.6000,3257.8000,1,1,1,1,1,1,1,1,1,2
SF,IH2103,2020-08-21 09:32:50.500,3251.6000,3190,0,27315000.000,0,-,-,-,-,3252.6000,3252.0000,3251.2000,3250.8000,3250.0000,3255.8000,3256.0000,3256.6000,3257.6000,3257.8000,1,1,1,1,2,1,1,1,1,2
SF,IH2103,2020-08-21 09:32:51.000,3251.6000,3190,0,27315000.000,0,-,-,-,-,3253.0000,3252.8000,3252.0000,3251.2000,3250.8000,3255.8000,3256.0000,3256.6000,3257.6000,3257.8000,1,2,1,1,1,1,1,1,1,2
SF,IH2103,2020-08-21 09:32:51.500,3251.6000,3190,0,27315000.000,0,-,-,-,-,3252.8000,3252.0000,3251.2000,3250.8000,3250.0000,3255.6000,3255.8000,3256.0000,3256.6000,3257.6000,1,1,1,1,2,1,1,1,1,1
SF,IH2103,2020-08-21 09:32:52.000,3251.6000,3190,0,27315000.000,0,-,-,-,-,3252.0000,3251.2000,3250.8000,3250.0000,3249.6000,3255.4000,3256.0000,3256.6000,3257.6000,3257.8000,1,1,1,2,1,2,1,1,1,2
SF,IH2103,2020-08-21 09:32:52.500,3251.6000,3190,0,27315000.000,0,-,-,-,-,3252.2000,3252.0000,3251.2000,3250.8000,3250.0000,3255.4000,3256.0000,3256.6000,3257.6000,3257.8000,3,1,1,1,2,1,1,1,1,2
SF,IH2103,2020-08-21 09:32:53.000,3251.6000,3190,0,27315000.000,0,-,-,-,-,3252.6000,3252.2000,3252.0000,3251.2000,3250.8000,3256.0000,3256.6000,3257.6000,3257.8000,3258.2000,1,1,1,1,1,1,1,1,2,1
SF,IH2103,2020-08-21 09:32:53.500,3251.6000,3190,0,27315000.000,0,-,-,-,-,3252.0000,3250.8000,3250.0000,3249.6000,3249.2000,3255.8000,3256.6000,3257.6000,3257.8000,3258.2000,1,1,2,1,1,1,1,1,2,1
SF,IH2103,2020-08-21 09:32:54.000,3251.6000,3190,0,27315000.000,0,-,-,-,-,3250.0000,3249.6000,3249.2000,3248.8000,3248.2000,3255.6000,3255.8000,3256.6000,3257.6000,3257.8000,2,1,1,1,2,4,1,1,1,2
SF,IH2103,2020-08-21 09:32:54.500,3251.6000,3190,0,27315000.000,0,-,-,-,-,3250.2000,3250.0000,3249.6000,3249.2000,3248.8000,3255.4000,3255.6000,3256.6000,3257.6000,3257.8000,3,2,1,1,1,1,4,1,1,2
SF,IH2103,2020-08-21 09:32:55.000,3251.6000,3190,0,27315000.000,0,-,-,-,-,3250.2000,3250.0000,3249.6000,3249.2000,3248.8000,3255.2000,3255.4000,3255.6000,3256.6000,3257.6000,3,2,1,1,1,3,1,3,1,1
SF,IH2103,2020-08-21 09:32:55.500,3251.6000,3190,0,27315000.000,0,-,-,-,-,3250.2000,3250.0000,3249.2000,3248.8000,3248.2000,3255.0000,3255.2000,3255.6000,3256.6000,3257.6000,1,1,1,1,2,1,3,3,1,1
SF,IH2103,2020-08-21 09:32:56.000,3251.6000,3190,0,27315000.000,0,-,-,-,-,3250.2000,3250.0000,3249.2000,3248.8000,3248.2000,3254.8000,3255.0000,3255.2000,3255.6000,3256.6000,1,1,1,1,2,2,1,2,3,1
SF,IH2103,2020-08-21 09:32:56.500,3251.6000,3190,0,27315000.000,0,-,-,-,-,3250.4000,3250.2000,3250.0000,3249.2000,3248.8000,3254.8000,3256.6000,3257.6000,3257.8000,3258.2000,1,1,1,1,1,1,1,1,2,1
SF,IH2103,2020-08-21 09:32:57.000,3251.6000,3190,0,27315000.000,0,-,-,-,-,3250.6000,3250.4000,3250.0000,3249.2000,3248.8000,3254.8000,3256.6000,3257.6000,3257.8000,3258.2000,1,1,1,1,1,1,1,1,2,1
SF,IH2103,2020-08-21 09:32:57.500,3251.6000,3190,0,27315000.000,0,-,-,-,-,3250.6000,3250.0000,3249.2000,3248.8000,3248.2000,3254.8000,3256.6000,3257.6000,3257.8000,3258.2000,1,1,1,1,2,1,1,1,2,1
SF,IH2103,2020-08-21 09:32:58.000,3251.6000,3190,0,27315000.000,0,-,-,-,-,3250.8000,3250.6000,3250.0000,3249.2000,3248.8000,3254.8000,3256.6000,3257.6000,3257.8000,3258.2000,2,1,1,1,1,1,1,1,2,1
SF,IH2103,2020-08-21 09:32:58.500,3251.6000,3190,0,27315000.000,0,-,-,-,-,3251.0000,3250.0000,3249.2000,3248.8000,3248.2000,3254.6000,3254.8000,3256.6000,3257.6000,3257.8000,1,1,1,1,2,1,1,1,1,2
SF,IH2103,2020-08-21 09:32:59.000,3251.6000,3190,0,27315000.000,0,-,-,-,-,3251.4000,3251.2000,3251.0000,3250.0000,3249.2000,3254.8000,3256.6000,3257.6000,3257.8000,3258.2000,1,1,1,1,1,1,1,1,2,1
SF,IH2103,2020-08-21 09:32:59.500,3251.6000,3190,0,27315000.000,0,-,-,-,-,3251.6000,3251.4000,3251.2000,3250.0000,3249.2000,3254.8000,3256.6000,3257.6000,3257.8000,3258.2000,2,1,1,1,1,1,1,1,2,1
SF,IH2103,2020-08-21 09:33:00.000,3251.6000,3190,0,27315000.000,0,-,-,-,-,3251.6000,3251.2000,3250.0000,3249.2000,3248.8000,3256.6000,3257.6000,3257.8000,3258.2000,3258.6000,2,1,1,1,1,1,1,2,1,3
SF,IH2103,2020-08-21 09:33:00.500,3251.6000,3190,0,27315000.000,0,-,-,-,-,3251.6000,3251.2000,3250.0000,3249.2000,3248.8000,3256.4000,3256.6000,3257.6000,3257.8000,3258.2000,2,1,1,1,1,5,1,1,2,1
SF,IH2103,2020-08-21 09:33:02.500,3251.6000,3190,0,27315000.000,0,-,-,-,-,3251.6000,3251.2000,3250.0000,3249.2000,3248.8000,3256.2000,3256.4000,3256.6000,3257.6000,3257.8000,1,1,1,1,1,1,5,1,1,2
SF,IH2103,2020-08-21 09:33:03.000,3251.6000,3190,0,27315000.000,0,-,-,-,-,3250.0000,3249.2000,3248.8000,3248.2000,3248.0000,3256.0000,3256.2000,3256.4000,3256.6000,3257.6000,1,1,1,2,2,5,1,3,1,1
SF,IH2103,2020-08-21 09:33:03.500,3251.6000,3190,0,27315000.000,0,-,-,-,-,3250.2000,3250.0000,3249.2000,3248.8000,3248.2000,3256.0000,3256.2000,3256.4000,3256.6000,3257.6000,2,1,1,1,2,2,1,3,1,1
SF,IH2103,2020-08-21 09:33:04.000,3251.6000,3190,0,27315000.000,0,-,-,-,-,3250.2000,3250.0000,3249.2000,3248.8000,3248.2000,3255.8000,3256.0000,3256.2000,3256.4000,3256.6000,2,1,1,1,2,2,2,1,3,1
SF,IH2103,2020-08-21 09:33:04.500,3251.6000,3190,0,27315000.000,0,-,-,-,-,3250.2000,3250.0000,3249.2000,3248.8000,3248.2000,3255.6000,3255.8000,3256.2000,3256.4000,3256.6000,2,1,1,1,2,2,2,1,3,1
SF,IH2103,2020-08-21 09:33:05.000,3251.6000,3190,0,27315000.000,0,-,-,-,-,3250.2000,3250.0000,3249.2000,3248.8000,3248.2000,3255.4000,3255.6000,3255.8000,3256.2000,3256.4000,2,1,1,1,2,1,2,2,1,3
SF,IH2103,2020-08-21 09:33:05.500,3251.6000,3190,0,27315000.000,0,-,-,-,-,3250.2000,3250.0000,3249.2000,3248.8000,3248.2000,3255.2000,3255.4000,3255.8000,3256.2000,3256.4000,2,1,1,1,2,2,1,2,1,3
SF,IH2103,2020-08-21 09:33:06.000,3255.0000,3191,1,28291500.000,1,1,0,双开,S,3250.2000,3250.0000,3249.2000,3248.8000,3248.2000,3255.2000,3255.4000,3255.8000,3256.2000,3256.4000,1,1,1,1,2,2,1,2,1,3
SF,IH2103,2020-08-21 09:33:06.500,3255.0000,3191,0,28291500.000,0,-,-,-,-,3250.4000,3250.0000,3249.2000,3248.8000,3248.2000,3255.0000,3255.2000,3255.4000,3255.8000,3256.2000,1,1,1,1,2,2,2,1,2,1
SF,IH2103,2020-08-21 09:33:07.000,3255.0000,3191,0,28291500.000,0,-,-,-,-,3250.0000,3249.2000,3248.8000,3248.2000,3248.0000,3254.8000,3255.0000,3255.4000,3255.8000,3256.2000,1,1,1,2,2,3,2,1,2,1
SF,IH2103,2020-08-21 09:33:07.500,3255.0000,3191,0,28291500.000,0,-,-,-,-,3250.2000,3250.0000,3249.2000,3248.8000,3248.2000,3254.6000,3254.8000,3255.0000,3255.4000,3255.8000,1,1,1,1,2,1,3,2,1,2
SF,IH2103,2020-08-21 09:33:08.000,3255.0000,3191,0,28291500.000,0,-,-,-,-,3250.4000,3250.2000,3250.0000,3249.2000,3248.8000,3254.4000,3254.6000,3254.8000,3255.0000,3255.4000,1,1,1,1,1,2,1,1,2,1
SF,IH2103,2020-08-21 09:33:08.500,3255.0000,3191,0,28291500.000,0,-,-,-,-,3250.6000,3250.0000,3249.2000,3248.8000,3248.2000,3254.2000,3254.4000,3254.6000,3254.8000,3255.0000,1,1,1,1,2,1,2,1,1,2
SF,IH2103,2020-08-21 09:33:09.000,3255.0000,3191,0,28291500.000,0,-,-,-,-,3250.6000,3250.0000,3249.2000,3248.8000,3248.2000,3253.8000,3254.0000,3254.2000,3254.4000,3254.6000,1,1,1,1,2,1,1,1,1,1
SF,IH2103,2020-08-21 09:33:09.500,3255.0000,3191,0,28291500.000,0,-,-,-,-,3250.6000,3250.0000,3249.2000,3248.8000,3248.2000,3254.0000,3254.4000,3255.4000,3255.8000,3256.2000,1,1,1,1,2,1,1,1,2,1
SF,IH2103,2020-08-21 09:33:10.500,3255.0000,3191,0,28291500.000,0,-,-,-,-,3250.8000,3250.6000,3250.0000,3249.2000,3248.8000,3253.8000,3254.0000,3254.4000,3255.4000,3255.8000,1,1,1,1,1,1,1,1,1,2
SF,IH2103,2020-08-21 09:33:11.000,3255.0000,3191,0,28291500.000,0,-,-,-,-,3251.0000,3250.0000,3249.2000,3248.8000,3248.2000,3253.8000,3254.4000,3254.8000,3255.4000,3255.8000,1,1,1,1,2,1,1,1,1,2
SF,IH2103,2020-08-21 09:33:11.500,3255.0000,3191,0,28291500.000,0,-,-,-,-,3251.2000,3251.0000,3250.0000,3249.2000,3248.8000,3253.6000,3253.8000,3254.4000,3254.8000,3255.4000,1,1,1,1,1,1,1,1,1,1
SF,IH2103,2020-08-21 09:33:12.000,3255.0000,3191,0,28291500.000,0,-,-,-,-,3251.4000,3250.0000,3249.2000,3248.8000,3248.2000,3253.4000,3253.8000,3254.8000,3255.4000,3255.8000,1,1,1,1,2,1,1,1,1,2
SF,IH2103,2020-08-21 09:33:12.500,3251.6000,3190,-1,29266980.000,1,0,1,双平,S,3250.0000,3249.2000,3248.8000,3248.2000,3248.0000,3251.4000,3253.4000,3254.8000,3255.4000,3255.8000,1,1,1,2,2,1,3,1,1,2
SF,IH2103,2020-08-21 09:33:13.000,3251.6000,3190,0,29266980.000,0,-,-,-,-,3250.2000,3250.0000,3249.2000,3248.8000,3248.2000,3251.4000,3253.4000,3254.8000,3255.4000,3255.8000,1,1,1,1,2,1,3,1,1,2
SF,IH2103,2020-08-21 09:33:13.500,3251.6000,3190,0,29266980.000,0,-,-,-,-,3250.0000,3248.2000,3248.0000,3247.8000,3247.4000,3251.4000,3253.4000,3254.6000,3255.4000,3255.8000,1,2,2,1,1,1,3,1,1,2
SF,IH2103,2020-08-21 09:33:14.000,3251.6000,3190,0,29266980.000,0,-,-,-,-,3250.0000,3248.2000,3248.0000,3247.8000,3247.4000,3251.4000,3253.4000,3254.6000,3255.4000,3255.8000,1,2,2,1,1,1,4,1,1,2
SF,IH2103,2020-08-21 09:33:15.500,3250.0000,3190,0,30241980.000,1,0,1,多换,S,3248.2000,3248.0000,3247.8000,3247.4000,3247.2000,3251.4000,3253.4000,3254.6000,3255.4000,3255.8000,2,2,1,1,1,1,4,1,1,2
SF,IH2103,2020-08-21 09:33:16.000,3250.0000,3190,0,30241980.000,0,-,-,-,-,3248.4000,3248.2000,3248.0000,3247.8000,3247.4000,3251.0000,3251.4000,3253.4000,3254.6000,3255.4000,3,2,2,1,1,2,1,4,1,1
SF,IH2103,2020-08-21 09:33:16.500,3250.0000,3190,0,30241980.000,0,-,-,-,-,3248.4000,3247.4000,3247.2000,3246.8000,3246.0000,3251.0000,3251.4000,3253.4000,3254.6000,3255.4000,1,1,1,1,1,2,1,3,1,1
SF,IH2103,2020-08-21 09:33:20.500,3250.0000,3190,0,30241980.000,0,-,-,-,-,3248.4000,3247.4000,3247.2000,3246.8000,3246.0000,3251.4000,3253.4000,3254.6000,3255.4000,3255.8000,1,1,1,1,1,1,3,1,1,3
SF,IH2103,2020-08-21 09:33:22.500,3250.0000,3190,0,30241980.000,0,-,-,-,-,3248.4000,3247.4000,3247.2000,3246.8000,3246.0000,3251.2000,3251.4000,3253.4000,3254.6000,3255.4000,1,1,1,1,1,3,1,3,1,1
SF,IH2103,2020-08-21 09:33:23.000,3250.0000,3190,0,30241980.000,0,-,-,-,-,3247.4000,3246.8000,3246.0000,3245.0000,3241.0000,3251.0000,3251.4000,3253.4000,3254.6000,3255.4000,1,1,1,1,1,3,1,3,1,1
SF,IH2103,2020-08-21 09:33:23.500,3250.0000,3190,0,30241980.000,0,-,-,-,-,3247.4000,3246.0000,3245.0000,3241.0000,3228.0000,3250.6000,3250.8000,3251.0000,3251.4000,3253.4000,1,1,1,1,1,2,3,1,1,3
SF,IH2103,2020-08-21 09:33:24.000,3250.0000,3190,0,30241980.000,0,-,-,-,-,3247.6000,3247.4000,3246.0000,3245.0000,3241.0000,3250.4000,3251.4000,3253.4000,3254.6000,3255.4000,1,1,1,1,1,1,1,3,1,1
SF,IH2103,2020-08-21 09:33:24.500,3250.0000,3190,0,30241980.000,0,-,-,-,-,3247.8000,3247.6000,3247.4000,3246.0000,3245.0000,3251.4000,3253.4000,3254.6000,3255.4000,3255.8000,2,1,1,1,1,1,3,1,1,3
SF,IH2103,2020-08-21 09:33:25.000,3250.0000,3190,0,30241980.000,0,-,-,-,-,3248.0000,3247.4000,3246.0000,3245.0000,3241.0000,3251.0000,3251.4000,3253.4000,3254.6000,3255.4000,1,1,1,1,1,2,1,3,1,1
SF,IH2103,2020-08-21 09:33:25.500,3250.0000,3190,0,30241980.000,0,-,-,-,-,3247.4000,3246.0000,3245.0000,3241.0000,3228.0000,3250.8000,3251.4000,3253.4000,3254.6000,3255.4000,1,1,1,1,1,1,1,3,1,1
SF,IH2103,2020-08-21 09:33:26.500,3250.0000,3190,0,30241980.000,0,-,-,-,-,3247.4000,3246.0000,3245.0000,3241.0000,3228.0000,3250.8000,3251.4000,3253.4000,3255.4000,3255.8000,1,1,1,1,1,1,1,3,1,3
SF,IH2103,2020-08-21 09:33:27.000,3250.0000,3190,0,30241980.000,0,-,-,-,-,3247.6000,3247.4000,3246.0000,3245.0000,3241.0000,3250.8000,3251.4000,3253.4000,3255.4000,3255.8000,3,1,1,1,1,1,1,3,1,3
SF,IH2103,2020-08-21 09:33:27.500,3250.0000,3190,0,30241980.000,0,-,-,-,-,3247.6000,3247.4000,3246.0000,3245.0000,3241.0000,3251.4000,3253.4000,3255.4000,3255.8000,3256.2000,3,1,1,1,1,1,3,1,3,1
SF,IH2103,2020-08-21 09:33:28.000,3250.0000,3190,0,30241980.000,0,-,-,-,-,3247.8000,3247.6000,3247.4000,3246.0000,3245.0000,3251.4000,3253.4000,3255.4000,3255.8000,3256.2000,1,3,1,1,1,1,3,1,3,1
SF,IH2103,2020-08-21 09:33:28.500,3250.0000,3190,0,30241980.000,0,-,-,-,-,3248.0000,3247.8000,3247.6000,3247.4000,3246.0000,3251.4000,3253.4000,3255.4000,3255.8000,3256.2000,2,1,2,1,1,1,3,1,3,1
SF,IH2103,2020-08-21 09:33:29.000,3250.0000,3190,0,30241980.000,0,-,-,-,-,3248.0000,3247.8000,3247.6000,3247.4000,3246.0000,3251.4000,3253.4000,3255.4000,3255.8000,3256.2000,2,1,2,1,1,1,3,1,3,1
SF,IH2103,2020-08-21 09:33:29.500,3250.0000,3190,0,30241980.000,0,-,-,-,-,3248.0000,3247.8000,3247.6000,3247.4000,3246.0000,3251.2000,3251.4000,3253.4000,3255.4000,3255.8000,2,1,2,1,1,1,1,3,1,3
SF,IH2103,2020-08-21 09:33:30.000,3250.0000,3190,0,30241980.000,0,-,-,-,-,3248.0000,3247.8000,3247.6000,3247.4000,3246.0000,3251.4000,3253.4000,3255.4000,3255.8000,3256.2000,2,1,2,1,1,1,3,1,3,1
SF,IH2103,2020-08-21 09:33:35.000,3250.0000,3190,0,30241980.000,0,-,-,-,-,3248.2000,3248.0000,3247.8000,3247.6000,3247.4000,3251.4000,3253.4000,3255.4000,3255.8000,3256.2000,1,2,1,2,1,1,3,1,3,1
SF,IH2103,2020-08-21 09:33:35.500,3250.0000,3190,0,30241980.000,0,-,-,-,-,3248.4000,3248.2000,3248.0000,3247.8000,3247.6000,3251.4000,3253.4000,3255.4000,3255.8000,3256.4000,2,1,1,1,2,1,3,1,3,3
SF,IH2103,2020-08-21 09:33:36.000,3250.0000,3190,0,30241980.000,0,-,-,-,-,3248.4000,3248.2000,3248.0000,3247.8000,3247.6000,3251.4000,3253.4000,3255.4000,3255.8000,3256.4000,2,1,1,1,2,1,3,1,3,3
SF,IH2103,2020-08-21 09:33:36.500,3250.0000,3190,0,30241980.000,0,-,-,-,-,3248.4000,3248.2000,3248.0000,3247.8000,3247.6000,3251.4000,3253.4000,3255.4000,3255.8000,3256.4000,2,1,1,1,2,1,3,1,3,3
SF,IH2103,2020-08-21 09:33:37.000,3250.0000,3190,0,30241980.000,0,-,-,-,-,3248.4000,3248.0000,3247.6000,3247.4000,3246.0000,3251.4000,3253.4000,3255.4000,3255.8000,3256.4000,2,1,2,1,1,1,3,1,3,3
SF,IH2103,2020-08-21 09:33:37.500,3250.0000,3190,0,30241980.000,0,-,-,-,-,3248.4000,3248.0000,3247.6000,3247.4000,3246.0000,3251.2000,3251.4000,3253.4000,3255.4000,3255.8000,2,1,2,1,1,1,1,3,1,3
SF,IH2103,2020-08-21 09:33:38.000,3250.0000,3190,0,30241980.000,0,-,-,-,-,3248.4000,3248.0000,3247.6000,3247.4000,3246.0000,3251.0000,3251.4000,3253.4000,3255.4000,3255.8000,2,1,2,1,1,1,1,3,1,3
SF,IH2103,2020-08-21 09:33:38.500,3251.0000,3190,0,31217280.000,1,0,1,多换,S,3248.4000,3248.0000,3247.6000,3247.4000,3246.0000,3251.4000,3253.4000,3255.4000,3255.8000,3256.4000,2,1,2,1,1,1,3,1,3,3
SF,IH2103,2020-08-21 09:33:39.000,3251.0000,3190,0,31217280.000,0,-,-,-,-,3248.4000,3248.0000,3247.6000,3247.4000,3246.0000,3251.4000,3253.4000,3255.4000,3255.8000,3256.4000,2,1,2,1,1,1,3,1,3,3
SF,IH2103,2020-08-21 09:33:39.500,3251.0000,3190,0,31217280.000,0,-,-,-,-,3248.4000,3248.0000,3247.6000,3247.4000,3246.0000,3251.4000,3253.4000,3255.4000,3255.8000,3256.4000,2,1,2,1,1,1,3,1,3,3
SF,IH2103,2020-08-21 09:33:42.500,3251.0000,3190,0,31217280.000,0,-,-,-,-,3248.4000,3248.0000,3247.6000,3247.4000,3246.0000,3251.4000,3253.4000,3255.4000,3255.8000,3256.4000,1,1,2,1,1,1,3,1,3,3
SF,IH2103,2020-08-21 09:33:43.000,3251.0000,3190,0,31217280.000,0,-,-,-,-,3248.6000,3248.4000,3248.0000,3247.6000,3247.4000,3251.2000,3251.4000,3253.4000,3255.4000,3255.8000,1,1,1,2,1,1,1,3,1,3
SF,IH2103,2020-08-21 09:33:43.500,3251.0000,3190,0,31217280.000,0,-,-,-,-,3248.8000,3248.6000,3248.0000,3247.6000,3247.4000,3251.4000,3253.4000,3255.4000,3255.8000,3256.4000,1,1,1,2,1,1,3,1,3,3
SF,IH2103,2020-08-21 09:33:44.000,3251.0000,3190,0,31217280.000,0,-,-,-,-,3249.0000,3248.6000,3248.0000,3247.6000,3247.4000,3251.2000,3251.4000,3253.4000,3255.4000,3255.8000,1,1,1,2,1,1,1,3,1,3
SF,IH2103,2020-08-21 09:33:44.500,3251.0000,3190,0,31217280.000,0,-,-,-,-,3249.0000,3248.6000,3248.0000,3247.6000,3247.4000,3251.4000,3253.4000,3255.4000,3255.8000,3256.4000,1,1,1,2,1,1,3,1,3,3
SF,IH2103,2020-08-21 09:33:45.000,3251.0000,3190,0,31217280.000,0,-,-,-,-,3249.2000,3249.0000,3248.6000,3248.0000,3247.6000,3251.4000,3253.4000,3255.4000,3255.8000,3256.4000,2,1,1,1,2,1,3,1,3,3
SF,IH2103,2020-08-21 09:33:45.500,3251.0000,3190,0,31217280.000,0,-,-,-,-,3249.4000,3249.2000,3249.0000,3248.6000,3248.0000,3251.4000,3253.4000,3255.4000,3255.8000,3256.4000,3,2,1,1,1,1,3,1,3,3
SF,IH2103,2020-08-21 09:33:46.000,3251.0000,3190,0,31217280.000,0,-,-,-,-,3249.6000,3249.4000,3249.0000,3248.6000,3248.0000,3251.4000,3253.4000,3255.4000,3255.8000,3256.4000,2,3,1,1,1,1,3,1,3,3
SF,IH2103,2020-08-21 09:33:46.500,3251.0000,3190,0,31217280.000,0,-,-,-,-,3249.8000,3249.6000,3249.4000,3249.0000,3248.6000,3251.4000,3253.4000,3255.4000,3255.8000,3256.4000,2,2,3,1,1,1,3,1,3,3
SF,IH2103,2020-08-21 09:33:47.000,3251.0000,3190,0,31217280.000,0,-,-,-,-,3250.0000,3249.8000,3249.4000,3249.0000,3248.6000,3253.4000,3255.4000,3255.8000,3256.4000,3257.6000,1,2,3,1,1,3,1,3,3,1
SF,IH2103,2020-08-21 09:33:47.500,3251.0000,3190,0,31217280.000,0,-,-,-,-,3249.8000,3249.4000,3249.0000,3248.6000,3248.0000,3253.2000,3253.4000,3255.4000,3255.8000,3256.4000,2,3,1,1,1,1,3,1,3,3
SF,IH2103,2020-08-21 09:33:51.000,3251.0000,3190,0,31217280.000,0,-,-,-,-,3249.8000,3249.4000,3249.0000,3248.6000,3248.0000,3253.2000,3255.4000,3255.8000,3256.4000,3257.6000,2,3,1,1,1,1,1,3,3,1
SF,IH2103,2020-08-21 09:33:51.500,3251.0000,3190,0,31217280.000,0,-,-,-,-,3250.0000,3249.8000,3249.4000,3249.0000,3248.6000,3253.2000,3255.4000,3255.8000,3256.4000,3257.6000,1,2,3,1,1,1,1,3,3,1
SF,IH2103,2020-08-21 09:33:52.000,3251.0000,3190,0,31217280.000,0,-,-,-,-,3250.4000,3249.8000,3249.4000,3249.0000,3248.6000,3252.8000,3253.2000,3255.4000,3255.8000,3256.4000,1,2,3,1,1,1,1,1,3,3
SF,IH2103,2020-08-21 09:33:52.500,3251.0000,3190,0,31217280.000,0,-,-,-,-,3249.8000,3249.4000,3249.0000,3248.6000,3248.0000,3252.6000,3252.8000,3255.4000,3255.8000,3256.4000,2,3,1,1,1,1,1,1,3,3
SF,IH2103,2020-08-21 09:33:53.000,3251.0000,3190,0,31217280.000,0,-,-,-,-,3249.8000,3249.4000,3249.0000,3248.6000,3248.0000,3252.4000,3252.6000,3255.4000,3255.8000,3256.4000,2,3,1,1,1,1,1,1,3,3
SF,IH2103,2020-08-21 09:33:53.500,3251.0000,3190,0,31217280.000,0,-,-,-,-,3248.6000,3248.0000,3247.6000,3247.4000,3246.0000,3252.2000,3252.4000,3255.4000,3255.8000,3256.4000,1,1,2,1,1,1,1,1,3,3
SF,IH2103,2020-08-21 09:33:54.000,3251.0000,3190,0,31217280.000,0,-,-,-,-,3248.8000,3248.6000,3248.0000,3247.6000,3247.4000,3252.2000,3255.4000,3255.8000,3256.4000,3257.6000,2,1,1,2,1,1,1,3,3,1
SF,IH2103,2020-08-21 09:33:54.500,3251.0000,3190,0,31217280.000,0,-,-,-,-,3248.8000,3248.6000,3248.0000,3247.6000,3247.4000,3255.4000,3255.8000,3256.4000,3257.6000,3257.8000,1,1,1,2,1,1,3,3,1,2
SF,IH2103,2020-08-21 09:33:55.000,3251.0000,3190,0,31217280.000,0,-,-,-,-,3249.0000,3248.6000,3248.0000,3247.6000,3247.4000,3255.2000,3255.4000,3255.8000,3256.4000,3257.6000,3,1,1,2,1,2,1,3,3,1
SF,IH2103,2020-08-21 09:33:55.500,3251.0000,3190,0,31217280.000,0,-,-,-,-,3249.2000,3249.0000,3248.6000,3248.0000,3247.6000,3255.2000,3255.4000,3255.8000,3256.4000,3257.6000,1,3,1,1,2,2,1,3,3,1
SF,IH2103,2020-08-21 09:33:56.000,3251.0000,3190,0,31217280.000,0,-,-,-,-,3249.4000,3249.2000,3249.0000,3248.6000,3248.0000,3255.2000,3255.4000,3255.8000,3256.4000,3257.6000,2,1,2,1,1,2,1,3,3,1
SF,IH2103,2020-08-21 09:33:56.500,3251.0000,3190,0,31217280.000,0,-,-,-,-,3249.6000,3249.4000,3249.0000,3248.6000,3248.0000,3255.2000,3255.4000,3255.8000,3256.4000,3257.6000,1,2,2,1,1,2,1,3,3,1
SF,IH2103,2020-08-21 09:33:57.000,3251.0000,3190,0,31217280.000,0,-,-,-,-,3249.8000,3249.6000,3249.4000,3249.0000,3248.6000,3255.2000,3255.4000,3255.8000,3256.4000,3257.6000,4,1,1,2,1,2,1,3,3,1
SF,IH2103,2020-08-21 09:33:57.500,3251.0000,3190,0,31217280.000,0,-,-,-,-,3249.8000,3249.4000,3249.0000,3248.6000,3248.0000,3255.0000,3255.2000,3255.4000,3255.8000,3256.4000,1,1,2,1,1,1,2,1,3,3
SF,IH2103,2020-08-21 09:33:58.000,3251.0000,3190,0,31217280.000,0,-,-,-,-,3249.8000,3248.6000,3248.0000,3247.6000,3247.4000,3254.8000,3255.0000,3255.2000,3255.4000,3255.8000,1,1,1,2,1,2,1,1,1,3
SF,IH2103,2020-08-21 09:33:58.500,3251.0000,3190,0,31217280.000,0,-,-,-,-,3249.8000,3248.6000,3248.0000,3247.6000,3247.4000,3254.8000,3255.0000,3255.2000,3255.4000,3255.8000,1,1,1,2,1,2,1,1,1,3
SF,IH2103,2020-08-21 09:33:59.000,3251.0000,3190,0,31217280.000,0,-,-,-,-,3249.8000,3248.6000,3248.0000,3247.6000,3247.4000,3254.8000,3255.0000,3255.2000,3255.4000,3255.8000,1,1,1,2,1,2,1,1,1,3
SF,IH2103,2020-08-21 09:33:59.500,3251.0000,3190,0,31217280.000,0,-,-,-,-,3249.8000,3248.6000,3248.0000,3247.6000,3247.4000,3254.4000,3254.8000,3255.2000,3255.4000,3255.8000,1,1,1,2,1,1,2,1,1,3
SF,IH2103,2020-08-21 09:34:00.000,3251.0000,3190,0,31217280.000,0,-,-,-,-,3250.0000,3249.8000,3248.6000,3248.0000,3247.6000,3254.2000,3254.4000,3254.8000,3255.2000,3255.4000,1,1,1,1,2,4,1,1,1,1
SF,IH2103,2020-08-21 09:34:00.500,3251.0000,3190,0,31217280.000,0,-,-,-,-,3250.2000,3250.0000,3248.6000,3248.0000,3247.6000,3254.2000,3254.8000,3255.2000,3255.4000,3255.8000,1,1,1,1,2,4,1,1,1,3
SF,IH2103,2020-08-21 09:34:01.000,3251.0000,3190,0,31217280.000,0,-,-,-,-,3250.4000,3250.2000,3248.6000,3248.0000,3247.6000,3254.2000,3254.8000,3255.2000,3255.4000,3255.8000,1,1,1,1,2,4,1,1,1,3
SF,IH2103,2020-08-21 09:34:01.500,3251.0000,3190,0,31217280.000,0,-,-,-,-,3250.6000,3250.4000,3248.6000,3248.0000,3247.6000,3254.8000,3255.2000,3255.4000,3255.8000,3256.4000,1,1,1,1,2,1,1,1,3,3
SF,IH2103,2020-08-21 09:34:02.000,3251.0000,3190,0,31217280.000,0,-,-,-,-,3250.8000,3250.6000,3248.6000,3248.0000,3247.6000,3254.8000,3255.2000,3255.4000,3255.8000,3256.4000,2,1,1,1,2,1,1,1,3,3
SF,IH2103,2020-08-21 09:34:02.500,3251.0000,3190,0,31217280.000,0,-,-,-,-,3251.0000,3250.8000,3248.6000,3248.0000,3247.6000,3254.6000,3254.8000,3255.2000,3255.4000,3255.8000,1,1,1,1,2,2,1,1,1,3
SF,IH2103,2020-08-21 09:34:03.000,3251.0000,3190,0,31217280.000,0,-,-,-,-,3251.0000,3250.8000,3248.6000,3248.0000,3247.6000,3254.2000,3254.6000,3254.8000,3255.2000,3255.4000,1,1,1,1,2,1,2,1,1,1
SF,IH2103,2020-08-21 09:34:03.500,3251.0000,3190,0,31217280.000,0,-,-,-,-,3250.8000,3248.6000,3248.0000,3247.6000,3247.4000,3254.6000,3254.8000,3255.2000,3255.4000,3255.8000,1,1,1,2,1,2,1,1,1,3
SF,IH2103,2020-08-21 09:34:04.000,3251.0000,3190,0,31217280.000,0,-,-,-,-,3248.6000,3248.0000,3247.6000,3247.4000,3246.0000,3254.4000,3254.6000,3254.8000,3255.2000,3255.4000,1,1,2,1,1,1,2,1,1,1
SF,IH2103,2020-08-21 09:34:04.500,3251.0000,3190,0,31217280.000,0,-,-,-,-,3248.8000,3248.6000,3248.0000,3247.6000,3247.4000,3254.2000,3254.4000,3254.6000,3254.8000,3255.2000,2,1,1,2,1,2,1,1,1,1
SF,IH2103,2020-08-21 09:34:05.000,3251.0000,3190,0,31217280.000,0,-,-,-,-,3248.8000,3248.6000,3248.0000,3247.6000,3247.4000,3254.0000,3254.2000,3254.6000,3254.8000,3255.2000,2,1,1,2,1,1,2,1,1,1
SF,IH2103,2020-08-21 09:34:05.500,3251.0000,3190,0,31217280.000,0,-,-,-,-,3248.8000,3248.6000,3248.0000,3247.6000,3247.4000,3253.8000,3254.0000,3254.2000,3254.6000,3254.8000,2,1,1,2,1,1,1,1,1,1
SF,IH2103,2020-08-21 09:34:06.000,3251.0000,3190,0,31217280.000,0,-,-,-,-,3248.8000,3248.6000,3248.0000,3247.6000,3247.4000,3253.6000,3253.8000,3254.2000,3254.6000,3254.8000,2,1,1,2,1,1,1,1,1,1
SF,IH2103,2020-08-21 09:34:06.500,3251.0000,3190,0,31217280.000,0,-,-,-,-,3248.8000,3248.6000,3248.0000,3247.6000,3247.4000,3253.4000,3253.6000,3254.2000,3254.6000,3254.8000,2,1,1,2,1,1,1,1,1,1
SF,IH2103,2020-08-21 09:34:07.000,3251.0000,3190,0,31217280.000,0,-,-,-,-,3248.8000,3248.6000,3248.0000,3247.6000,3247.4000,3253.2000,3254.2000,3254.6000,3254.8000,3255.2000,2,1,1,2,1,1,1,1,1,1
SF,IH2103,2020-08-21 09:34:07.500,3251.0000,3190,0,31217280.000,0,-,-,-,-,3249.0000,3248.8000,3248.6000,3248.0000,3247.6000,3253.2000,3254.8000,3255.2000,3255.4000,3255.8000,1,2,1,1,2,1,1,1,1,3
SF,IH2103,2020-08-21 09:34:08.000,3251.0000,3190,0,31217280.000,0,-,-,-,-,3249.2000,3249.0000,3248.8000,3248.6000,3248.0000,3253.2000,3254.8000,3255.2000,3255.4000,3255.8000,2,1,1,1,1,1,1,1,1,3
SF,IH2103,2020-08-21 09:34:08.500,3251.0000,3190,0,31217280.000,0,-,-,-,-,3249.2000,3249.0000,3248.8000,3248.6000,3248.0000,3253.0000,3253.2000,3254.8000,3255.2000,3255.4000,2,1,1,1,1,1,1,1,1,1
SF,IH2103,2020-08-21 09:34:09.000,3251.0000,3190,0,31217280.000,0,-,-,-,-,3249.4000,3249.2000,3248.8000,3248.6000,3248.0000,3252.8000,3253.0000,3254.8000,3255.2000,3255.4000,1,2,1,1,1,1,1,1,1,1
SF,IH2103,2020-08-21 09:34:09.500,3251.0000,3190,0,31217280.000,0,-,-,-,-,3249.6000,3249.4000,3249.2000,3248.8000,3248.6000,3252.6000,3252.8000,3254.8000,3255.2000,3255.4000,2,1,1,1,1,1,1,1,1,1
SF,IH2103,2020-08-21 09:34:10.000,3251.0000,3190,0,31217280.000,0,-,-,-,-,3249.6000,3249.4000,3249.2000,3248.8000,3248.6000,3254.8000,3255.2000,3255.4000,3255.8000,3256.4000,2,1,1,1,1,1,1,1,3,3
SF,IH2103,2020-08-21 09:34:10.500,3251.0000,3190,0,31217280.000,0,-,-,-,-,3249.6000,3249.4000,3249.2000,3248.8000,3248.6000,3254.6000,3254.8000,3255.2000,3255.4000,3255.8000,1,1,1,1,1,5,1,1,1,3
SF,IH2103,2020-08-21 09:34:11.500,3251.0000,3190,0,31217280.000,0,-,-,-,-,3249.4000,3248.8000,3248.6000,3248.0000,3247.6000,3254.6000,3254.8000,3255.2000,3255.4000,3255.8000,1,1,1,1,2,5,1,1,1,3
SF,IH2103,2020-08-21 09:34:12.000,3251.0000,3190,0,31217280.000,0,-,-,-,-,3249.6000,3249.0000,3248.8000,3248.6000,3248.0000,3254.6000,3254.8000,3255.2000,3255.4000,3255.8000,2,1,1,1,1,5,1,1,1,3
SF,IH2103,2020-08-21 09:34:12.500,3251.0000,3190,0,31217280.000,0,-,-,-,-,3249.6000,3249.0000,3248.8000,3248.6000,3248.0000,3254.6000,3254.8000,3255.2000,3255.4000,3255.8000,1,1,1,1,1,5,1,1,1,3
SF,IH2103,2020-08-21 09:34:13.000,3251.0000,3190,0,31217280.000,0,-,-,-,-,3249.0000,3248.8000,3248.6000,3248.0000,3247.6000,3254.6000,3254.8000,3255.2000,3255.4000,3255.8000,1,1,1,1,2,5,1,1,1,3
SF,IH2103,2020-08-21 09:34:13.500,3251.0000,3190,0,31217280.000,0,-,-,-,-,3249.2000,3249.0000,3248.8000,3248.6000,3248.0000,3254.4000,3254.6000,3254.8000,3255.2000,3255.4000,1,1,1,1,1,1,5,1,1,1
SF,IH2103,2020-08-21 09:34:14.000,3251.0000,3190,0,31217280.000,0,-,-,-,-,3249.2000,3249.0000,3248.6000,3248.0000,3247.6000,3254.2000,3254.4000,3254.6000,3254.8000,3255.2000,1,1,1,1,2,5,1,3,1,1
SF,IH2103,2020-08-21 09:34:14.500,3251.0000,3190,0,31217280.000,0,-,-,-,-,3249.4000,3249.2000,3249.0000,3248.6000,3248.0000,3254.2000,3254.4000,3254.6000,3254.8000,3255.2000,1,1,1,1,1,5,1,3,1,1
SF,IH2103,2020-08-21 09:34:15.000,3251.0000,3190,0,31217280.000,0,-,-,-,-,3249.6000,3249.4000,3249.0000,3248.6000,3248.0000,3254.2000,3254.4000,3254.6000,3254.8000,3255.2000,1,1,1,1,1,5,1,3,1,1
SF,IH2103,2020-08-21 09:34:15.500,3251.0000,3190,0,31217280.000,0,-,-,-,-,3249.0000,3248.6000,3248.0000,3247.6000,3246.0000,3254.2000,3254.4000,3254.6000,3254.8000,3255.2000,1,1,1,2,1,5,1,3,1,1
SF,IH2103,2020-08-21 09:34:16.000,3251.0000,3190,0,31217280.000,0,-,-,-,-,3249.2000,3248.8000,3248.6000,3248.0000,3247.6000,3254.2000,3254.4000,3254.6000,3254.8000,3255.2000,1,1,1,1,2,5,1,3,1,1
SF,IH2103,2020-08-21 09:34:16.500,3251.0000,3190,0,31217280.000,0,-,-,-,-,3248.8000,3248.6000,3248.0000,3247.6000,3246.0000,3254.2000,3254.4000,3254.6000,3254.8000,3255.2000,1,1,1,2,1,5,1,3,1,1
SF,IH2103,2020-08-21 09:34:17.000,3251.0000,3190,0,31217280.000,0,-,-,-,-,3249.0000,3248.8000,3248.6000,3248.0000,3247.6000,3254.2000,3254.4000,3254.6000,3254.8000,3255.2000,2,1,1,1,2,5,1,3,1,1
SF,IH2103,2020-08-21 09:34:17.500,3251.0000,3190,0,31217280.000,0,-,-,-,-,3249.0000,3248.8000,3248.6000,3248.0000,3247.6000,3254.2000,3254.4000,3254.6000,3254.8000,3255.2000,1,1,1,1,2,5,1,3,1,1
SF,IH2103,2020-08-21 09:34:18.000,3251.0000,3190,0,31217280.000,0,-,-,-,-,3249.2000,3249.0000,3248.8000,3248.6000,3248.0000,3254.2000,3254.4000,3254.6000,3254.8000,3255.2000,1,1,1,1,1,5,1,3,1,1
SF,IH2103,2020-08-21 09:34:18.500,3251.0000,3190,0,31217280.000,0,-,-,-,-,3249.4000,3248.8000,3248.6000,3248.0000,3247.6000,3254.2000,3254.4000,3254.6000,3254.8000,3255.2000,2,1,1,1,2,4,1,3,1,1
SF,IH2103,2020-08-21 09:34:19.000,3251.0000,3190,0,31217280.000,0,-,-,-,-,3249.4000,3248.8000,3248.6000,3248.0000,3247.6000,3254.2000,3254.6000,3254.8000,3255.2000,3255.4000,2,1,1,1,2,4,3,1,1,1
SF,IH2103,2020-08-21 09:34:23.000,3251.0000,3190,0,31217280.000,0,-,-,-,-,3249.6000,3249.4000,3248.8000,3248.6000,3248.0000,3254.2000,3254.6000,3254.8000,3255.2000,3255.4000,1,2,1,1,1,4,3,1,1,1
SF,IH2103,2020-08-21 09:34:23.500,3251.0000,3190,0,31217280.000,0,-,-,-,-,3249.8000,3249.6000,3248.6000,3248.0000,3247.6000,3254.2000,3254.6000,3254.8000,3255.2000,3255.4000,2,1,1,1,2,3,3,1,1,1
SF,IH2103,2020-08-21 09:34:24.000,3251.0000,3190,0,31217280.000,0,-,-,-,-,3249.8000,3249.6000,3248.6000,3248.0000,3247.6000,3254.2000,3254.6000,3254.8000,3255.2000,3255.4000,2,1,1,1,2,3,3,1,1,1
SF,IH2103,2020-08-21 09:34:24.500,3251.0000,3190,0,31217280.000,0,-,-,-,-,3250.0000,3249.8000,3249.6000,3248.6000,3248.0000,3254.0000,3254.2000,3254.6000,3254.8000,3255.2000,1,2,1,1,1,1,3,3,1,1
SF,IH2103,2020-08-21 09:34:25.000,3251.0000,3190,0,31217280.000,0,-,-,-,-,3250.2000,3250.0000,3249.6000,3248.6000,3248.0000,3254.2000,3254.6000,3254.8000,3255.2000,3255.4000,2,1,1,1,1,3,3,1,1,1
SF,IH2103,2020-08-21 09:34:25.500,3251.0000,3190,0,31217280.000,0,-,-,-,-,3250.2000,3250.0000,3249.6000,3248.6000,3248.0000,3254.0000,3254.2000,3254.6000,3254.8000,3255.2000,2,1,1,1,1,2,3,3,1,1
SF,IH2103,2020-08-21 09:34:26.000,3251.0000,3190,0,31217280.000,0,-,-,-,-,3250.4000,3250.2000,3250.0000,3249.6000,3248.6000,3254.2000,3254.6000,3254.8000,3255.2000,3255.4000,2,2,1,1,1,3,3,1,1,1
SF,IH2103,2020-08-21 09:34:26.500,3251.0000,3190,0,31217280.000,0,-,-,-,-,3250.6000,3250.4000,3250.0000,3249.6000,3248.6000,3254.2000,3254.6000,3254.8000,3255.2000,3255.4000,2,2,1,1,1,3,3,1,1,1
SF,IH2103,2020-08-21 09:34:27.000,3251.0000,3190,0,31217280.000,0,-,-,-,-,3251.0000,3250.8000,3250.6000,3250.4000,3250.0000,3254.6000,3254.8000,3255.2000,3255.4000,3255.8000,1,1,2,2,1,3,1,1,1,3
SF,IH2103,2020-08-21 09:34:27.500,3251.0000,3190,0,31217280.000,0,-,-,-,-,3251.4000,3251.2000,3250.8000,3250.6000,3250.4000,3254.8000,3255.2000,3255.4000,3255.8000,3256.4000,1,1,1,1,2,1,1,1,3,3
SF,IH2103,2020-08-21 09:34:28.000,3251.0000,3190,0,31217280.000,0,-,-,-,-,3251.6000,3251.4000,3250.8000,3250.6000,3250.4000,3254.6000,3255.2000,3255.4000,3255.8000,3256.4000,1,1,1,1,2,1,1,1,3,3
SF,IH2103,2020-08-21 09:34:28.500,3251.0000,3190,0,31217280.000,0,-,-,-,-,3251.6000,3251.4000,3250.8000,3250.6000,3250.4000,3255.2000,3255.4000,3255.8000,3256.4000,3257.6000,1,1,1,1,2,1,1,3,3,1
SF,IH2103,2020-08-21 09:34:29.000,3251.0000,3190,0,31217280.000,0,-,-,-,-,3250.8000,3250.6000,3250.4000,3250.0000,3249.6000,3254.8000,3255.0000,3255.2000,3255.4000,3255.8000,1,1,2,1,1,1,2,1,1,3
SF,IH2103,2020-08-21 09:34:29.500,3251.0000,3190,0,31217280.000,0,-,-,-,-,3251.0000,3250.8000,3250.4000,3250.0000,3249.6000,3254.6000,3255.0000,3255.2000,3255.4000,3255.8000,2,1,2,1,1,2,1,1,1,3
SF,IH2103,2020-08-21 09:34:30.000,3251.0000,3190,0,31217280.000,0,-,-,-,-,3251.4000,3251.0000,3250.4000,3250.0000,3249.6000,3254.6000,3255.0000,3255.2000,3255.4000,3255.8000,1,2,2,1,1,2,1,1,1,3
SF,IH2103,2020-08-21 09:34:30.500,3251.0000,3190,0,31217280.000,0,-,-,-,-,3250.0000,3249.6000,3248.6000,3248.0000,3247.8000,3254.2000,3254.6000,3255.0000,3255.2000,3255.4000,1,1,1,1,1,1,2,1,1,1
SF,IH2103,2020-08-21 09:34:31.000,3251.0000,3190,0,31217280.000,0,-,-,-,-,3250.2000,3250.0000,3249.6000,3248.6000,3248.0000,3254.0000,3254.2000,3255.0000,3255.2000,3255.4000,2,1,1,1,1,1,1,1,1,1
SF,IH2103,2020-08-21 09:34:31.500,3251.0000,3190,0,31217280.000,0,-,-,-,-,3250.2000,3250.0000,3249.6000,3248.6000,3248.0000,3254.0000,3254.2000,3255.0000,3255.2000,3255.4000,2,1,1,1,1,1,1,1,1,1
SF,IH2103,2020-08-21 09:34:32.000,3251.0000,3190,0,31217280.000,0,-,-,-,-,3250.2000,3250.0000,3249.6000,3248.6000,3248.0000,3254.0000,3254.2000,3255.0000,3255.2000,3255.4000,2,1,1,1,1,1,1,1,1,1
SF,IH2103,2020-08-21 09:34:32.500,3251.0000,3190,0,31217280.000,0,-,-,-,-,3250.2000,3250.0000,3249.6000,3248.6000,3248.0000,3254.0000,3254.2000,3255.2000,3255.4000,3255.8000,2,1,1,1,1,1,1,1,1,2
SF,IH2103,2020-08-21 09:34:33.000,3251.0000,3190,0,31217280.000,0,-,-,-,-,3250.2000,3250.0000,3249.6000,3248.6000,3248.0000,3254.0000,3255.2000,3255.4000,3255.8000,3256.4000,2,1,1,1,1,1,1,1,2,3
SF,IH2103,2020-08-21 09:34:33.500,3251.0000,3190,0,31217280.000,0,-,-,-,-,3250.2000,3250.0000,3249.6000,3248.6000,3248.0000,3254.0000,3255.2000,3255.4000,3255.8000,3256.4000,2,1,1,1,1,1,1,1,2,3
SF,IH2103,2020-08-21 09:34:35.500,3251.0000,3190,0,31217280.000,0,-,-,-,-,3250.6000,3250.2000,3250.0000,3249.6000,3248.6000,3254.0000,3255.8000,3256.4000,3257.6000,3257.8000,1,2,1,1,1,1,2,3,1,2
SF,IH2103,2020-08-21 09:34:36.000,3251.0000,3190,0,31217280.000,0,-,-,-,-,3251.0000,3250.8000,3250.2000,3250.0000,3249.6000,3256.4000,3257.6000,3257.8000,3258.2000,3258.6000,1,4,1,1,1,3,1,2,1,3
SF,IH2103,2020-08-21 09:34:36.500,3251.0000,3190,0,31217280.000,0,-,-,-,-,3251.2000,3251.0000,3250.8000,3250.2000,3250.0000,3256.2000,3256.4000,3257.6000,3257.8000,3258.2000,3,1,3,1,1,3,3,1,2,1
SF,IH2103,2020-08-21 09:34:37.000,3251.0000,3190,0,31217280.000,0,-,-,-,-,3251.2000,3251.0000,3250.8000,3250.2000,3250.0000,3256.4000,3257.6000,3257.8000,3258.2000,3258.6000,3,1,3,1,1,3,1,2,1,3
SF,IH2103,2020-08-21 09:34:37.500,3251.0000,3190,0,31217280.000,0,-,-,-,-,3251.2000,3250.8000,3250.2000,3250.0000,3249.6000,3256.2000,3256.4000,3257.6000,3257.8000,3258.2000,3,3,1,1,1,1,3,1,2,1
SF,IH2103,2020-08-21 09:34:38.500,3251.0000,3190,0,31217280.000,0,-,-,-,-,3251.2000,3250.8000,3250.2000,3250.0000,3249.6000,3256.2000,3257.6000,3257.8000,3258.2000,3258.6000,3,3,1,1,1,1,1,2,1,3
SF,IH2103,2020-08-21 09:34:39.000,3251.0000,3190,0,31217280.000,0,-,-,-,-,3251.2000,3250.8000,3250.2000,3250.0000,3249.6000,3257.6000,3257.8000,3258.2000,3258.6000,3259.0000,3,3,1,1,1,1,2,1,3,2
SF,IH2103,2020-08-21 09:34:39.500,3251.0000,3190,0,31217280.000,0,-,-,-,-,3251.2000,3250.8000,3250.2000,3250.0000,3249.6000,3257.4000,3257.6000,3257.8000,3258.2000,3258.6000,3,3,1,1,1,2,1,2,1,3
SF,IH2103,2020-08-21 09:34:40.500,3251.0000,3190,0,31217280.000,0,-,-,-,-,3251.6000,3251.2000,3250.8000,3250.2000,3250.0000,3257.4000,3257.6000,3257.8000,3258.2000,3258.6000,1,3,3,1,1,2,1,2,1,3
SF,IH2103,2020-08-21 09:34:41.000,3251.0000,3190,0,31217280.000,0,-,-,-,-,3251.8000,3251.6000,3251.2000,3250.8000,3250.2000,3257.4000,3257.6000,3257.8000,3258.2000,3258.6000,3,1,1,3,1,2,1,2,1,3
SF,IH2103,2020-08-21 09:34:42.000,3251.0000,3190,0,31217280.000,0,-,-,-,-,3251.8000,3251.6000,3251.2000,3250.8000,3250.2000,3257.4000,3257.6000,3257.8000,3258.2000,3258.6000,2,1,1,3,1,2,1,2,1,3
SF,IH2103,2020-08-21 09:34:42.500,3251.0000,3190,0,31217280.000,0,-,-,-,-,3251.8000,3251.2000,3250.8000,3250.2000,3250.0000,3257.4000,3257.6000,3257.8000,3258.2000,3258.6000,1,1,3,1,1,2,1,2,1,3
SF,IH2103,2020-08-21 09:34:43.000,3251.0000,3190,0,31217280.000,0,-,-,-,-,3251.2000,3250.8000,3250.2000,3250.0000,3249.6000,3257.2000,3257.4000,3257.6000,3257.8000,3258.2000,1,3,1,1,1,1,2,1,2,1
SF,IH2103,2020-08-21 09:34:43.500,3251.0000,3190,0,31217280.000,0,-,-,-,-,3251.4000,3251.2000,3250.8000,3250.2000,3250.0000,3257.0000,3257.2000,3257.4000,3257.6000,3257.8000,4,1,3,1,1,2,1,1,1,2
SF,IH2103,2020-08-21 09:34:44.000,3251.0000,3190,0,31217280.000,0,-,-,-,-,3251.4000,3251.2000,3250.8000,3250.2000,3250.0000,3256.8000,3257.0000,3257.4000,3257.6000,3257.8000,4,1,3,1,1,1,2,1,1,2
SF,IH2103,2020-08-21 09:34:44.500,3251.0000,3190,0,31217280.000,0,-,-,-,-,3251.4000,3251.2000,3250.8000,3250.2000,3250.0000,3256.6000,3256.8000,3257.0000,3257.4000,3257.6000,4,1,3,1,1,2,1,1,1,1
SF,IH2103,2020-08-21 09:34:45.000,3251.0000,3190,0,31217280.000,0,-,-,-,-,3251.4000,3251.2000,3250.8000,3250.2000,3250.0000,3256.4000,3256.6000,3257.0000,3257.4000,3257.6000,4,1,3,1,1,1,2,1,1,1
SF,IH2103,2020-08-21 09:34:45.500,3251.0000,3190,0,31217280.000,0,-,-,-,-,3251.4000,3251.2000,3250.8000,3250.2000,3250.0000,3256.2000,3256.4000,3256.6000,3257.0000,3257.4000,4,1,3,1,1,2,1,1,1,1
SF,IH2103,2020-08-21 09:34:46.000,3251.0000,3190,0,31217280.000,0,-,-,-,-,3251.4000,3251.2000,3250.8000,3250.2000,3250.0000,3256.0000,3256.2000,3256.6000,3257.0000,3257.4000,4,1,3,1,1,1,2,1,1,1
SF,IH2103,2020-08-21 09:34:46.500,3251.0000,3190,0,31217280.000,0,-,-,-,-,3251.4000,3251.2000,3250.8000,3250.2000,3250.0000,3255.8000,3256.0000,3256.2000,3256.6000,3257.0000,3,1,3,1,1,4,1,1,1,1
SF,IH2103,2020-08-21 09:34:47.000,3251.0000,3190,0,31217280.000,0,-,-,-,-,3251.6000,3250.2000,3250.0000,3249.6000,3248.6000,3255.6000,3255.8000,3256.2000,3256.6000,3257.0000,1,1,1,1,1,1,4,1,1,1
SF,IH2103,2020-08-21 09:34:47.500,3251.0000,3190,0,31217280.000,0,-,-,-,-,3251.6000,3250.2000,3250.0000,3249.6000,3248.6000,3255.4000,3255.6000,3255.8000,3256.2000,3256.6000,1,1,1,1,1,2,1,3,1,1
SF,IH2103,2020-08-21 09:34:48.000,3251.0000,3190,0,31217280.000,0,-,-,-,-,3251.6000,3250.2000,3250.0000,3249.6000,3248.6000,3255.2000,3255.4000,3255.8000,3256.2000,3256.6000,1,1,1,1,1,1,2,3,1,1
SF,IH2103,2020-08-21 09:34:48.500,3251.0000,3190,0,31217280.000,0,-,-,-,-,3252.0000,3250.2000,3250.0000,3249.6000,3248.6000,3255.0000,3255.2000,3255.4000,3255.8000,3256.2000,1,1,1,1,1,2,1,1,3,1
SF,IH2103,2020-08-21 09:34:49.000,3251.0000,3190,0,31217280.000,0,-,-,-,-,3252.0000,3250.2000,3250.0000,3249.6000,3248.6000,3255.0000,3255.4000,3255.8000,3256.2000,3256.6000,1,1,1,1,1,2,1,3,1,1
SF,IH2103,2020-08-21 09:34:50.000,3251.0000,3190,0,31217280.000,0,-,-,-,-,3252.0000,3249.6000,3248.6000,3248.0000,3247.8000,3255.0000,3255.4000,3255.8000,3256.2000,3256.6000,1,1,1,1,1,2,1,3,1,1
SF,IH2103,2020-08-21 09:34:50.500,3251.0000,3190,0,31217280.000,0,-,-,-,-,3252.0000,3249.6000,3248.6000,3248.0000,3247.8000,3255.0000,3255.4000,3255.8000,3256.2000,3256.6000,1,1,1,1,1,2,1,3,1,1
SF,IH2103,2020-08-21 09:34:52.500,3251.0000,3190,0,31217280.000,0,-,-,-,-,3252.0000,3249.6000,3248.6000,3248.0000,3247.8000,3255.0000,3255.4000,3255.8000,3256.2000,3256.6000,1,1,1,1,1,2,1,3,1,1
SF,IH2103,2020-08-21 09:34:57.500,3251.0000,3190,0,31217280.000,0,-,-,-,-,3252.0000,3249.6000,3248.6000,3248.0000,3247.8000,3255.0000,3255.4000,3255.8000,3256.2000,3256.6000,1,1,1,1,1,1,1,3,1,1
SF,IH2103,2020-08-21 09:34:58.000,3251.0000,3190,0,31217280.000,0,-,-,-,-,3252.2000,3252.0000,3249.6000,3248.6000,3248.0000,3255.8000,3256.2000,3256.6000,3257.0000,3257.4000,2,1,1,1,1,3,1,1,1,1
SF,IH2103,2020-08-21 09:34:58.500,3251.0000,3190,0,31217280.000,0,-,-,-,-,3252.6000,3252.2000,3249.6000,3248.6000,3248.0000,3255.6000,3256.6000,3257.0000,3257.4000,3257.6000,1,2,1,1,1,1,1,1,1,1
SF,IH2103,2020-08-21 09:34:59.000,3251.0000,3190,0,31217280.000,0,-,-,-,-,3252.6000,3252.2000,3249.6000,3248.6000,3248.0000,3255.6000,3256.6000,3257.0000,3257.4000,3257.6000,1,1,1,1,1,1,1,1,1,1
SF,IH2103,2020-08-21 09:34:59.500,3251.0000,3190,0,31217280.000,0,-,-,-,-,3252.6000,3249.6000,3248.6000,3248.0000,3247.8000,3255.6000,3256.6000,3257.0000,3257.4000,3257.6000,1,1,1,1,1,1,1,1,1,1
SF,IH2103,2020-08-21 09:35:04.000,3251.0000,3190,0,31217280.000,0,-,-,-,-,3252.6000,3249.6000,3248.6000,3248.0000,3247.8000,3255.4000,3255.6000,3256.6000,3257.0000,3257.4000,1,1,1,1,1,1,1,1,1,1
SF,IH2103,2020-08-21 09:35:04.500,3251.0000,3190,0,31217280.000,0,-,-,-,-,3249.6000,3248.6000,3248.0000,3247.8000,3247.6000,3255.2000,3255.4000,3256.6000,3257.0000,3257.4000,1,1,1,1,2,2,1,1,1,1
SF,IH2103,2020-08-21 09:35:05.000,3251.0000,3190,0,31217280.000,0,-,-,-,-,3249.8000,3249.6000,3248.6000,3248.0000,3247.8000,3255.4000,3256.6000,3257.0000,3257.4000,3257.6000,5,1,1,1,1,1,1,1,1,1
SF,IH2103,2020-08-21 09:35:05.500,3251.0000,3190,0,31217280.000,0,-,-,-,-,3249.8000,3249.6000,3248.6000,3248.0000,3247.8000,3255.2000,3255.4000,3256.6000,3257.0000,3257.4000,5,1,1,1,1,1,1,1,1,1
SF,IH2103,2020-08-21 09:35:06.000,3251.0000,3190,0,31217280.000,0,-,-,-,-,3249.8000,3249.6000,3248.6000,3248.0000,3247.8000,3255.2000,3255.4000,3256.6000,3257.0000,3257.4000,5,1,1,1,1,1,1,1,1,1
SF,IH2103,2020-08-21 09:35:06.500,3251.0000,3190,0,31217280.000,0,-,-,-,-,3249.8000,3249.6000,3248.6000,3248.0000,3247.8000,3255.0000,3255.2000,3255.4000,3256.6000,3257.0000,4,1,1,1,1,1,1,1,1,1
SF,IH2103,2020-08-21 09:35:07.000,3251.0000,3190,0,31217280.000,0,-,-,-,-,3249.8000,3249.6000,3248.6000,3248.0000,3247.8000,3254.8000,3255.0000,3255.4000,3256.6000,3257.0000,4,1,1,1,1,4,1,1,1,1
SF,IH2103,2020-08-21 09:35:07.500,3251.0000,3190,0,31217280.000,0,-,-,-,-,3249.8000,3249.6000,3248.6000,3248.0000,3247.8000,3254.6000,3255.4000,3256.6000,3257.0000,3257.4000,4,1,1,1,1,1,1,1,1,1
SF,IH2103,2020-08-21 09:35:08.000,3251.0000,3190,0,31217280.000,0,-,-,-,-,3249.8000,3249.6000,3248.6000,3248.0000,3247.8000,3254.6000,3256.6000,3257.0000,3257.4000,3257.6000,4,1,1,1,1,1,1,1,1,1
SF,IH2103,2020-08-21 09:35:08.500,3251.0000,3190,0,31217280.000,0,-,-,-,-,3250.0000,3249.8000,3249.6000,3248.6000,3248.0000,3256.6000,3257.0000,3257.4000,3257.6000,3257.8000,1,3,1,1,1,1,1,1,1,2
SF,IH2103,2020-08-21 09:35:09.000,3251.0000,3190,0,31217280.000,0,-,-,-,-,3250.2000,3250.0000,3249.8000,3249.6000,3248.6000,3256.4000,3256.6000,3257.0000,3257.4000,3257.6000,4,1,2,1,1,3,1,1,1,1
SF,IH2103,2020-08-21 09:35:09.500,3251.0000,3190,0,31217280.000,0,-,-,-,-,3250.2000,3249.8000,3249.6000,3248.6000,3248.0000,3256.2000,3256.4000,3256.6000,3257.0000,3257.4000,4,2,1,1,1,1,3,1,1,1
SF,IH2103,2020-08-21 09:35:10.000,3251.0000,3190,0,31217280.000,0,-,-,-,-,3250.2000,3249.8000,3249.6000,3248.6000,3248.0000,3256.0000,3256.2000,3256.4000,3256.6000,3257.0000,4,2,1,1,1,3,1,1,1,1
SF,IH2103,2020-08-21 09:35:10.500,3251.0000,3190,0,31217280.000,0,-,-,-,-,3250.2000,3249.8000,3249.6000,3248.6000,3248.0000,3255.8000,3256.0000,3256.4000,3256.6000,3257.0000,4,2,1,1,1,1,3,1,1,1
SF,IH2103,2020-08-21 09:35:11.000,3251.0000,3190,0,31217280.000,0,-,-,-,-,3250.2000,3248.6000,3248.0000,3247.8000,3247.6000,3255.6000,3255.8000,3256.0000,3256.4000,3256.6000,1,1,1,1,2,4,1,1,1,1
SF,IH2103,2020-08-21 09:35:11.500,3251.0000,3190,0,31217280.000,0,-,-,-,-,3250.4000,3250.2000,3248.6000,3248.0000,3247.8000,3255.4000,3255.6000,3256.0000,3256.4000,3256.6000,1,1,1,1,1,1,4,1,1,1
SF,IH2103,2020-08-21 09:35:12.000,3251.0000,3190,0,31217280.000,0,-,-,-,-,3248.6000,3248.0000,3247.8000,3247.6000,3246.0000,3255.2000,3255.4000,3255.6000,3256.0000,3256.4000,1,1,1,2,1,2,1,2,1,1
SF,IH2103,2020-08-21 09:35:12.500,3251.0000,3190,0,31217280.000,0,-,-,-,-,3248.8000,3248.6000,3248.0000,3247.8000,3247.6000,3255.0000,3255.2000,3255.6000,3256.0000,3256.4000,2,1,1,1,2,1,2,2,1,1
SF,IH2103,2020-08-21 09:35:13.000,3251.0000,3190,0,31217280.000,0,-,-,-,-,3248.8000,3248.6000,3248.0000,3247.8000,3247.6000,3254.8000,3255.0000,3255.2000,3255.6000,3256.0000,2,1,1,1,2,2,1,1,2,1
SF,IH2103,2020-08-21 09:35:13.500,3251.0000,3190,0,31217280.000,0,-,-,-,-,3248.8000,3248.6000,3248.0000,3247.8000,3247.6000,3254.6000,3254.8000,3255.2000,3255.6000,3256.0000,2,1,1,1,2,1,2,1,2,1
SF,IH2103,2020-08-21 09:35:14.000,3251.0000,3190,0,31217280.000,0,-,-,-,-,3248.8000,3248.6000,3248.0000,3247.8000,3247.6000,3254.4000,3254.6000,3254.8000,3255.2000,3255.6000,1,1,1,1,2,4,1,1,1,2
SF,IH2103,2020-08-21 09:35:14.500,3251.0000,3190,0,31217280.000,0,-,-,-,-,3248.0000,3247.8000,3247.6000,3246.0000,3245.0000,3254.2000,3254.4000,3254.8000,3255.2000,3255.6000,1,1,2,1,1,1,4,1,1,2
SF,IH2103,2020-08-21 09:35:15.000,3251.0000,3190,0,31217280.000,0,-,-,-,-,3248.2000,3248.0000,3247.8000,3247.6000,3246.0000,3254.0000,3254.2000,3254.4000,3254.8000,3255.2000,4,1,1,2,1,5,1,3,1,1
