市场代码,合约代码,时间,最新,持仓,增仓,成交额,成交量,开仓,平仓,成交类型,方向,买一价,买二价,买三价,买四价,买五价,卖一价,卖二价,卖三价,卖四价,卖五价,买一量,买二量,买三量,买四量,买五量,卖一量,卖二量,卖三量,卖四量,卖五量
SF,IH2103,2020-09-16 09:29:00.400,3242.0000,5699,0,972600.000,1.000,-,-,-,-,3240.2000,3238.4000,3238.0000,3237.4000,3237.0000,3244.0000,3244.2000,3246.0000,3248.0000,3252.0000,1,1,2,4,2,1,1,2,1,1
SF,IH2103,2020-09-16 09:30:00.400,3240.2000,5699,0,1944660.000,1,0,1,多换,S,3238.4000,3238.0000,3237.0000,3236.0000,3233.2000,3244.0000,3244.2000,3246.0000,3248.0000,3252.0000,1,2,2,1,1,1,1,2,1,1
SF,IH2103,2020-09-16 09:30:00.900,3240.2000,5699,0,1944660.000,0,-,-,-,-,3238.6000,3238.0000,3237.0000,3230.2000,3221.2000,3244.0000,3246.0000,3248.0000,3252.0000,3256.6000,1,1,1,1,1,1,2,1,1,1
SF,IH2103,2020-09-16 09:30:01.400,3240.2000,5699,0,1944660.000,0,-,-,-,-,3239.6000,3238.6000,3238.0000,3230.2000,3221.2000,3242.2000,3243.8000,3244.0000,3246.0000,3248.0000,1,1,1,1,1,3,1,1,2,1
SF,IH2103,2020-09-16 09:30:01.900,3240.2000,5699,0,1944660.000,0,-,-,-,-,3239.8000,3239.6000,3238.0000,3230.2000,3221.2000,3244.0000,3246.0000,3248.0000,3252.0000,3258.0000,1,1,1,1,1,1,2,1,1,1
SF,IH2103,2020-09-16 09:30:02.400,3240.2000,5699,0,1944660.000,0,-,-,-,-,3240.0000,3239.8000,3239.6000,3238.0000,3230.2000,3244.0000,3246.0000,3248.0000,3252.0000,3258.0000,1,1,1,1,1,1,2,1,1,1
SF,IH2103,2020-09-16 09:30:02.900,3240.2000,5699,0,1944660.000,0,-,-,-,-,3240.2000,3240.0000,3239.0000,3238.0000,3230.2000,3244.0000,3246.0000,3248.0000,3258.0000,3260.0000,1,1,1,1,1,1,2,1,1,1
SF,IH2103,2020-09-16 09:30:03.400,3240.2000,5699,0,1944660.000,0,-,-,-,-,3240.2000,3239.0000,3238.0000,3230.2000,3221.2000,3243.8000,3244.0000,3246.0000,3248.0000,3258.0000,1,1,1,1,1,1,1,2,1,1
SF,IH2103,2020-09-16 09:30:03.900,3240.2000,5699,0,1944660.000,0,-,-,-,-,3239.0000,3238.0000,3230.2000,3221.2000,3220.4000,3243.8000,3244.0000,3246.0000,3248.0000,3258.0000,1,1,1,1,2,1,1,2,1,1
SF,IH2103,2020-09-16 09:30:04.400,3240.2000,5699,0,1944660.000,0,-,-,-,-,3239.0000,3238.0000,3230.2000,3221.2000,3220.4000,3242.8000,3243.6000,3243.8000,3244.0000,3246.0000,1,1,1,1,2,3,1,1,1,2
SF,IH2103,2020-09-16 09:30:04.900,3239.0000,5699,0,2916360.000,1,0,1,多换,S,3238.0000,3230.2000,3221.2000,3220.4000,3201.2000,3242.2000,3242.6000,3242.8000,3244.0000,3246.0000,1,1,1,2,1,1,1,3,1,2
SF,IH2103,2020-09-16 09:30:05.400,3239.0000,5699,0,2916360.000,0,-,-,-,-,3238.0000,3230.2000,3221.2000,3220.4000,3201.2000,3242.0000,3242.8000,3244.0000,3246.0000,3248.0000,1,1,1,2,1,1,3,1,2,1
SF,IH2103,2020-09-16 09:30:05.900,3239.0000,5699,0,2916360.000,0,-,-,-,-,3238.0000,3230.2000,3221.2000,3220.4000,3201.2000,3242.0000,3242.2000,3244.0000,3246.0000,3248.0000,1,1,1,2,1,1,1,1,2,1
SF,IH2103,2020-09-16 09:30:06.400,3239.0000,5699,0,2916360.000,0,-,-,-,-,3238.0000,3230.2000,3221.2000,3220.4000,3201.2000,3242.0000,3242.2000,3244.0000,3246.0000,3248.0000,1,1,1,2,1,1,1,1,2,1
SF,IH2103,2020-09-16 09:30:06.900,3239.0000,5699,0,2916360.000,0,-,-,-,-,3238.0000,3230.2000,3221.2000,3220.4000,3201.2000,3242.0000,3242.2000,3244.0000,3246.0000,3248.0000,1,1,1,2,1,1,1,1,2,1
SF,IH2103,2020-09-16 09:30:07.400,3239.0000,5699,0,2916360.000,0,-,-,-,-,3238.0000,3230.2000,3221.2000,3220.4000,3201.2000,3242.0000,3244.0000,3246.0000,3248.0000,3258.0000,1,1,1,2,1,1,1,2,1,1
SF,IH2103,2020-09-16 09:30:07.900,3239.0000,5699,0,2916360.000,0,-,-,-,-,3238.0000,3230.2000,3221.2000,3220.4000,3201.2000,3242.0000,3244.0000,3246.0000,3248.0000,3258.0000,1,1,1,2,1,1,1,2,1,1
SF,IH2103,2020-09-16 09:30:08.400,3239.0000,5699,0,2916360.000,0,-,-,-,-,3238.0000,3230.2000,3221.2000,3220.4000,3201.2000,3242.0000,3242.2000,3244.0000,3246.0000,3248.0000,1,1,1,2,1,1,1,1,2,1
SF,IH2103,2020-09-16 09:30:08.900,3239.0000,5699,0,2916360.000,0,-,-,-,-,3238.0000,3230.2000,3221.2000,3220.4000,3201.2000,3242.0000,3242.2000,3244.0000,3246.0000,3248.0000,1,1,1,2,1,1,1,1,2,1
SF,IH2103,2020-09-16 09:30:09.400,3239.0000,5699,0,2916360.000,0,-,-,-,-,3238.0000,3230.2000,3221.2000,3220.4000,3201.2000,3242.0000,3242.2000,3244.0000,3246.0000,3248.0000,1,1,1,2,1,1,1,1,2,1
SF,IH2103,2020-09-16 09:30:09.900,3239.0000,5699,0,2916360.000,0,-,-,-,-,3238.2000,3238.0000,3230.2000,3221.2000,3220.4000,3244.0000,3246.0000,3248.0000,3258.0000,3260.0000,1,1,1,1,2,1,2,1,1,1
SF,IH2103,2020-09-16 09:30:11.400,3239.0000,5699,0,2916360.000,0,-,-,-,-,3238.2000,3238.0000,3230.2000,3221.2000,3220.4000,3244.0000,3246.0000,3248.0000,3258.0000,3260.0000,1,1,1,1,2,1,2,1,1,1
SF,IH2103,2020-09-16 09:30:12.400,3239.0000,5699,0,2916360.000,0,-,-,-,-,3239.6000,3238.2000,3238.0000,3230.2000,3221.2000,3244.0000,3246.0000,3248.0000,3258.0000,3260.0000,1,1,1,1,1,1,2,1,1,1
SF,IH2103,2020-09-16 09:30:12.900,3239.0000,5699,0,2916360.000,0,-,-,-,-,3239.8000,3238.0000,3230.2000,3221.2000,3220.4000,3244.0000,3246.0000,3248.0000,3258.0000,3260.0000,1,1,1,1,2,1,2,1,1,1
SF,IH2103,2020-09-16 09:30:13.400,3239.0000,5699,0,2916360.000,0,-,-,-,-,3239.8000,3239.6000,3238.0000,3230.2000,3221.2000,3244.0000,3246.0000,3248.0000,3258.0000,3260.0000,1,1,1,1,1,1,2,1,1,1
SF,IH2103,2020-09-16 09:30:14.400,3239.8000,5698,-1,3888300.000,1,0,1,双平,S,3239.6000,3238.0000,3230.2000,3221.2000,3220.4000,3243.8000,3244.0000,3246.0000,3248.0000,3258.0000,1,1,1,1,2,1,1,2,1,1
SF,IH2103,2020-09-16 09:30:14.900,3239.6000,5697,-1,4860180.000,1,0,1,双平,S,3238.0000,3230.2000,3221.2000,3220.4000,3201.2000,3243.8000,3244.0000,3246.0000,3248.0000,3258.0000,2,1,1,2,1,1,1,2,1,1
SF,IH2103,2020-09-16 09:30:16.400,3239.6000,5697,0,4860180.000,0,-,-,-,-,3238.8000,3238.0000,3230.2000,3221.2000,3220.4000,3243.8000,3244.0000,3246.0000,3248.0000,3258.0000,1,2,1,1,2,1,1,2,1,1
SF,IH2103,2020-09-16 09:30:16.900,3239.6000,5697,0,4860180.000,0,-,-,-,-,3238.8000,3238.4000,3238.0000,3230.2000,3221.2000,3243.8000,3244.0000,3246.0000,3248.0000,3258.0000,1,1,2,1,1,1,1,2,1,1
SF,IH2103,2020-09-16 09:30:17.400,3239.6000,5697,0,4860180.000,0,-,-,-,-,3240.0000,3238.8000,3238.4000,3238.0000,3230.2000,3243.8000,3244.0000,3246.0000,3248.0000,3258.0000,3,1,1,2,1,1,1,2,1,1
SF,IH2103,2020-09-16 09:30:17.900,3239.6000,5697,0,4860180.000,0,-,-,-,-,3238.4000,3238.0000,3230.2000,3221.2000,3220.4000,3243.8000,3244.0000,3246.0000,3248.0000,3258.0000,1,2,1,1,2,1,1,2,1,1
SF,IH2103,2020-09-16 09:30:18.400,3239.6000,5697,0,4860180.000,0,-,-,-,-,3238.4000,3238.0000,3230.2000,3221.2000,3220.4000,3243.8000,3244.0000,3246.0000,3248.0000,3260.0000,1,2,1,1,2,1,1,2,1,1
SF,IH2103,2020-09-16 09:30:18.900,3239.6000,5697,0,4860180.000,0,-,-,-,-,3239.4000,3238.4000,3238.0000,3230.2000,3221.2000,3243.8000,3244.0000,3246.0000,3248.0000,3260.0000,3,1,2,1,1,1,1,2,1,1
SF,IH2103,2020-09-16 09:30:19.400,3239.6000,5697,0,4860180.000,0,-,-,-,-,3239.4000,3238.6000,3238.4000,3238.0000,3230.2000,3243.8000,3244.0000,3246.0000,3248.0000,3260.0000,3,1,1,2,1,1,1,2,1,1
SF,IH2103,2020-09-16 09:30:19.900,3239.6000,5697,0,4860180.000,0,-,-,-,-,3238.6000,3238.4000,3238.0000,3230.2000,3221.2000,3243.8000,3244.0000,3246.0000,3248.0000,3260.0000,1,1,2,1,1,1,1,2,1,1
SF,IH2103,2020-09-16 09:30:20.400,3239.6000,5697,0,4860180.000,0,-,-,-,-,3239.0000,3238.6000,3238.4000,3238.0000,3230.2000,3243.8000,3244.0000,3246.0000,3248.0000,3260.0000,3,1,1,2,1,1,1,2,1,1
SF,IH2103,2020-09-16 09:30:21.400,3239.6000,5697,0,4860180.000,0,-,-,-,-,3238.6000,3238.4000,3238.0000,3230.2000,3221.2000,3243.8000,3244.0000,3246.0000,3248.0000,3260.0000,1,1,2,1,1,1,1,2,1,1
SF,IH2103,2020-09-16 09:30:22.400,3239.6000,5697,0,4860180.000,0,-,-,-,-,3238.6000,3238.0000,3230.2000,3221.2000,3220.4000,3243.8000,3244.0000,3246.0000,3248.0000,3260.0000,1,2,1,1,2,1,1,2,1,1
SF,IH2103,2020-09-16 09:30:23.400,3239.6000,5697,0,4860180.000,0,-,-,-,-,3239.2000,3238.6000,3238.0000,3230.2000,3221.2000,3243.8000,3244.0000,3246.0000,3248.0000,3260.0000,3,1,2,1,1,1,1,2,1,1
SF,IH2103,2020-09-16 09:30:24.400,3239.6000,5697,0,4860180.000,0,-,-,-,-,3238.8000,3238.6000,3238.0000,3230.2000,3221.2000,3243.8000,3244.0000,3246.0000,3248.0000,3260.0000,1,1,2,1,1,1,1,2,1,1
SF,IH2103,2020-09-16 09:30:25.900,3239.6000,5697,0,4860180.000,0,-,-,-,-,3239.2000,3239.0000,3238.8000,3238.6000,3238.0000,3243.8000,3244.0000,3246.0000,3248.0000,3260.0000,1,1,1,1,2,1,1,2,1,1
SF,IH2103,2020-09-16 09:30:26.400,3239.6000,5697,0,4860180.000,0,-,-,-,-,3239.2000,3239.0000,3238.8000,3238.6000,3238.0000,3243.8000,3244.0000,3246.0000,3248.0000,3260.0000,1,1,1,1,2,1,1,2,1,1
SF,IH2103,2020-09-16 09:30:26.900,3239.6000,5697,0,4860180.000,0,-,-,-,-,3239.6000,3239.2000,3239.0000,3238.8000,3238.6000,3243.8000,3244.0000,3246.0000,3248.0000,3260.0000,3,1,1,1,1,1,1,2,1,1
SF,IH2103,2020-09-16 09:30:27.900,3239.6000,5697,0,4860180.000,0,-,-,-,-,3239.6000,3239.0000,3238.8000,3238.6000,3238.0000,3243.8000,3244.0000,3246.0000,3248.0000,3260.0000,3,1,1,1,2,1,1,2,1,1
SF,IH2103,2020-09-16 09:30:28.400,3239.6000,5697,0,4860180.000,0,-,-,-,-,3239.0000,3238.8000,3238.6000,3238.0000,3230.2000,3243.8000,3244.0000,3246.0000,3248.0000,3260.0000,1,1,1,2,1,1,1,2,1,1
SF,IH2103,2020-09-16 09:30:28.900,3239.6000,5697,0,4860180.000,0,-,-,-,-,3239.0000,3238.8000,3238.6000,3238.0000,3230.2000,3242.2000,3243.8000,3244.0000,3246.0000,3248.0000,1,1,1,2,1,1,1,1,2,1
SF,IH2103,2020-09-16 09:30:29.400,3239.6000,5697,0,4860180.000,0,-,-,-,-,3238.8000,3238.6000,3238.0000,3230.2000,3221.2000,3242.0000,3244.0000,3246.0000,3248.0000,3260.0000,1,1,2,1,1,1,1,2,1,1
SF,IH2103,2020-09-16 09:30:29.900,3239.6000,5697,0,4860180.000,0,-,-,-,-,3238.8000,3238.6000,3238.0000,3230.2000,3221.2000,3242.0000,3242.2000,3244.0000,3246.0000,3248.0000,2,1,2,1,1,1,1,1,2,1
SF,IH2103,2020-09-16 09:30:30.400,3239.6000,5697,0,4860180.000,0,-,-,-,-,3238.8000,3238.6000,3238.0000,3230.2000,3221.2000,3242.0000,3242.2000,3244.0000,3246.0000,3248.0000,1,1,2,1,1,1,1,1,2,1
SF,IH2103,2020-09-16 09:30:30.900,3239.6000,5697,0,4860180.000,0,-,-,-,-,3238.8000,3238.6000,3238.0000,3230.2000,3221.2000,3242.0000,3244.0000,3246.0000,3248.0000,3260.0000,1,1,2,1,1,1,1,2,1,1
SF,IH2103,2020-09-16 09:30:31.400,3239.6000,5697,0,4860180.000,0,-,-,-,-,3238.8000,3238.6000,3238.0000,3230.2000,3221.2000,3242.0000,3244.0000,3246.0000,3248.0000,3260.0000,1,1,2,1,1,1,1,2,1,1
SF,IH2103,2020-09-16 09:30:31.900,3239.6000,5697,0,4860180.000,0,-,-,-,-,3239.2000,3238.8000,3238.6000,3238.0000,3230.2000,3242.0000,3242.2000,3244.0000,3246.0000,3248.0000,3,1,1,2,1,1,1,1,2,1
SF,IH2103,2020-09-16 09:30:32.400,3239.6000,5697,0,4860180.000,0,-,-,-,-,3238.8000,3238.6000,3238.0000,3230.2000,3221.2000,3242.0000,3244.0000,3246.0000,3248.0000,3260.0000,1,1,2,1,1,1,1,2,1,1
SF,IH2103,2020-09-16 09:30:32.900,3239.6000,5697,0,4860180.000,0,-,-,-,-,3239.8000,3238.8000,3238.6000,3238.0000,3230.2000,3242.0000,3244.0000,3246.0000,3248.0000,3260.0000,3,1,1,2,1,1,1,2,1,1
SF,IH2103,2020-09-16 09:30:33.400,3239.6000,5697,0,4860180.000,0,-,-,-,-,3238.8000,3238.6000,3238.0000,3230.2000,3221.2000,3242.0000,3244.0000,3246.0000,3248.0000,3260.0000,1,1,2,1,1,1,1,2,1,1
SF,IH2103,2020-09-16 09:30:34.400,3239.6000,5697,0,4860180.000,0,-,-,-,-,3239.4000,3238.6000,3238.0000,3230.2000,3221.2000,3242.0000,3244.0000,3246.0000,3248.0000,3260.0000,3,1,2,1,1,1,1,2,1,1
SF,IH2103,2020-09-16 09:30:34.900,3239.6000,5697,0,4860180.000,0,-,-,-,-,3239.4000,3238.6000,3238.4000,3238.0000,3230.2000,3242.0000,3244.0000,3246.0000,3248.0000,3260.0000,3,1,1,2,1,1,1,2,1,1
SF,IH2103,2020-09-16 09:30:35.400,3239.6000,5697,0,4860180.000,0,-,-,-,-,3238.6000,3238.4000,3238.0000,3230.2000,3221.2000,3242.0000,3244.0000,3246.0000,3248.0000,3260.0000,1,1,2,1,1,1,1,2,1,1
SF,IH2103,2020-09-16 09:30:35.900,3239.6000,5697,0,4860180.000,0,-,-,-,-,3239.8000,3239.6000,3238.6000,3238.4000,3238.0000,3242.0000,3244.0000,3246.0000,3248.0000,3260.0000,1,3,1,1,2,1,1,2,1,1
SF,IH2103,2020-09-16 09:30:36.400,3239.6000,5697,0,4860180.000,0,-,-,-,-,3238.6000,3238.4000,3238.0000,3230.2000,3221.2000,3242.0000,3242.2000,3244.0000,3246.0000,3248.0000,1,1,2,1,1,1,1,1,2,1
SF,IH2103,2020-09-16 09:30:36.900,3239.6000,5697,0,4860180.000,0,-,-,-,-,3239.0000,3238.6000,3238.4000,3238.0000,3230.2000,3242.0000,3242.2000,3244.0000,3246.0000,3248.0000,1,1,1,2,1,1,1,1,2,1
SF,IH2103,2020-09-16 09:30:37.400,3239.6000,5697,0,4860180.000,0,-,-,-,-,3239.0000,3238.6000,3238.4000,3238.0000,3230.2000,3242.0000,3244.0000,3246.0000,3248.0000,3260.0000,1,1,1,2,1,1,1,2,1,1
SF,IH2103,2020-09-16 09:30:37.900,3239.6000,5697,0,4860180.000,0,-,-,-,-,3239.0000,3238.6000,3238.4000,3238.0000,3230.2000,3242.0000,3242.2000,3244.0000,3246.0000,3248.0000,1,1,1,2,1,1,1,1,2,1
SF,IH2103,2020-09-16 09:30:38.400,3239.6000,5697,0,4860180.000,0,-,-,-,-,3239.0000,3238.6000,3238.4000,3238.0000,3230.2000,3242.0000,3242.2000,3244.0000,3246.0000,3248.0000,1,1,1,2,1,1,1,1,2,1
SF,IH2103,2020-09-16 09:30:38.900,3239.0000,5696,-1,5831880.000,1,0,1,双平,S,3238.6000,3238.0000,3230.2000,3221.2000,3220.4000,3239.0000,3242.0000,3242.2000,3244.0000,3246.0000,1,2,1,1,2,2,1,1,1,2
SF,IH2103,2020-09-16 09:30:39.400,3239.0000,5694,-2,7775280.000,2,0,2,双平,S,3238.6000,3238.0000,3230.2000,3221.2000,3220.4000,3242.0000,3242.2000,3244.0000,3246.0000,3248.0000,1,2,1,1,2,1,1,1,2,1
SF,IH2103,2020-09-16 09:30:40.400,3239.0000,5694,0,7775280.000,0,-,-,-,-,3238.6000,3238.0000,3230.2000,3221.2000,3220.4000,3242.0000,3242.2000,3244.0000,3246.0000,3248.0000,1,3,1,1,2,1,1,1,2,1
SF,IH2103,2020-09-16 09:30:41.400,3239.0000,5694,0,7775280.000,0,-,-,-,-,3239.0000,3238.8000,3238.6000,3238.0000,3230.2000,3241.8000,3242.0000,3242.2000,3244.0000,3246.0000,3,1,1,3,1,1,1,1,1,2
SF,IH2103,2020-09-16 09:30:41.900,3239.0000,5694,0,7775280.000,0,-,-,-,-,3239.0000,3238.8000,3238.6000,3238.0000,3230.2000,3241.6000,3241.8000,3242.2000,3244.0000,3246.0000,3,1,1,3,1,1,1,1,1,2
SF,IH2103,2020-09-16 09:30:42.400,3239.0000,5694,0,7775280.000,0,-,-,-,-,3239.6000,3238.8000,3238.6000,3238.0000,3230.2000,3241.6000,3241.8000,3242.2000,3244.0000,3246.0000,1,1,1,3,1,1,1,1,1,2
SF,IH2103,2020-09-16 09:30:42.900,3239.0000,5694,0,7775280.000,0,-,-,-,-,3239.8000,3239.6000,3239.2000,3238.8000,3238.6000,3241.6000,3241.8000,3242.2000,3244.0000,3246.0000,1,1,3,1,1,1,1,1,1,2
SF,IH2103,2020-09-16 09:30:43.400,3239.0000,5694,0,7775280.000,0,-,-,-,-,3239.8000,3239.2000,3238.8000,3238.6000,3238.0000,3241.6000,3241.8000,3244.0000,3246.0000,3248.0000,1,3,1,1,3,1,1,1,2,1
SF,IH2103,2020-09-16 09:30:43.900,3239.0000,5694,0,7775280.000,0,-,-,-,-,3239.8000,3239.2000,3238.8000,3238.6000,3238.0000,3241.6000,3241.8000,3244.0000,3246.0000,3248.0000,1,3,1,1,2,1,1,1,2,1
SF,IH2103,2020-09-16 09:30:44.400,3239.0000,5694,0,7775280.000,0,-,-,-,-,3239.8000,3239.6000,3239.2000,3238.8000,3238.6000,3241.6000,3241.8000,3244.0000,3246.0000,3248.0000,1,1,3,1,1,1,1,1,2,1
SF,IH2103,2020-09-16 09:30:44.900,3239.0000,5694,0,7775280.000,0,-,-,-,-,3239.8000,3239.2000,3238.8000,3238.6000,3238.0000,3241.6000,3241.8000,3244.0000,3246.0000,3248.0000,1,3,1,1,1,1,1,1,2,1
SF,IH2103,2020-09-16 09:30:45.400,3239.0000,5694,0,7775280.000,0,-,-,-,-,3240.0000,3239.8000,3239.2000,3238.8000,3238.6000,3241.6000,3241.8000,3244.0000,3246.0000,3248.0000,2,1,3,1,1,1,1,1,2,1
SF,IH2103,2020-09-16 09:30:45.900,3239.0000,5694,0,7775280.000,0,-,-,-,-,3240.0000,3239.8000,3239.4000,3238.8000,3238.6000,3241.6000,3241.8000,3244.0000,3246.0000,3248.0000,2,1,1,1,1,1,1,1,2,1
SF,IH2103,2020-09-16 09:30:46.400,3241.8000,5693,-1,9720300.000,2,0,2,多平,S,3240.0000,3239.8000,3239.4000,3238.8000,3238.6000,3244.0000,3246.0000,3248.0000,3257.0000,3258.8000,2,1,1,1,1,1,2,1,3,1
SF,IH2103,2020-09-16 09:30:46.900,3241.8000,5693,0,9720300.000,0,-,-,-,-,3241.6000,3240.2000,3240.0000,3239.8000,3239.4000,3244.0000,3246.0000,3248.0000,3257.0000,3258.8000,1,1,2,1,1,1,2,1,3,1
SF,IH2103,2020-09-16 09:30:47.400,3241.8000,5693,0,9720300.000,0,-,-,-,-,3241.8000,3241.6000,3240.0000,3239.8000,3239.4000,3244.0000,3246.0000,3248.0000,3257.0000,3258.8000,2,1,2,1,1,1,2,1,3,1
SF,IH2103,2020-09-16 09:30:47.900,3244.0000,5693,0,10693500.000,1,0,1,多换,S,3241.8000,3241.6000,3240.0000,3239.8000,3239.4000,3246.0000,3248.0000,3257.0000,3258.8000,3260.0000,2,1,2,1,1,2,1,3,1,1
SF,IH2103,2020-09-16 09:30:48.400,3244.0000,5693,0,10693500.000,0,-,-,-,-,3241.8000,3241.6000,3240.0000,3239.8000,3238.8000,3246.0000,3248.0000,3257.0000,3258.8000,3260.0000,2,1,2,1,1,2,1,3,1,1
SF,IH2103,2020-09-16 09:30:48.900,3244.0000,5693,0,10693500.000,0,-,-,-,-,3241.8000,3241.6000,3240.0000,3239.8000,3239.0000,3246.0000,3248.0000,3257.0000,3258.8000,3260.0000,2,1,2,1,1,2,1,3,1,1
SF,IH2103,2020-09-16 09:30:49.400,3244.0000,5693,0,10693500.000,0,-,-,-,-,3241.8000,3241.6000,3240.0000,3239.8000,3239.0000,3246.0000,3248.0000,3257.0000,3258.8000,3260.0000,2,1,2,1,1,2,1,3,1,1
SF,IH2103,2020-09-16 09:30:49.900,3244.0000,5693,0,10693500.000,0,-,-,-,-,3242.2000,3241.8000,3241.6000,3240.0000,3239.8000,3246.0000,3248.0000,3257.0000,3258.8000,3260.0000,1,2,1,1,1,2,1,3,1,1
SF,IH2103,2020-09-16 09:30:50.400,3244.0000,5693,0,10693500.000,0,-,-,-,-,3242.8000,3242.6000,3242.4000,3242.2000,3241.6000,3246.0000,3248.0000,3257.0000,3258.8000,3260.0000,1,3,2,1,1,2,1,3,1,1
SF,IH2103,2020-09-16 09:30:50.900,3244.0000,5693,0,10693500.000,0,-,-,-,-,3243.0000,3242.8000,3242.6000,3242.2000,3242.0000,3246.0000,3248.0000,3257.0000,3258.8000,3260.0000,2,1,3,1,1,2,1,3,1,1
SF,IH2103,2020-09-16 09:30:51.400,3244.0000,5693,0,10693500.000,0,-,-,-,-,3243.0000,3242.2000,3242.0000,3241.6000,3241.2000,3246.0000,3248.0000,3257.0000,3258.8000,3260.0000,2,1,1,1,1,2,1,3,1,1
SF,IH2103,2020-09-16 09:30:51.900,3244.0000,5693,0,10693500.000,0,-,-,-,-,3243.0000,3242.2000,3242.0000,3241.6000,3241.2000,3245.8000,3246.0000,3248.0000,3257.0000,3258.8000,1,1,1,1,1,1,2,1,3,1
SF,IH2103,2020-09-16 09:30:52.400,3244.0000,5693,0,10693500.000,0,-,-,-,-,3243.0000,3242.2000,3242.0000,3241.6000,3240.0000,3245.8000,3246.0000,3248.0000,3257.0000,3258.8000,1,1,1,1,1,1,2,1,3,1
SF,IH2103,2020-09-16 09:30:52.900,3244.0000,5693,0,10693500.000,0,-,-,-,-,3243.2000,3243.0000,3242.2000,3242.0000,3241.6000,3246.0000,3248.0000,3257.0000,3258.8000,3260.0000,1,1,1,1,1,2,1,3,1,1
SF,IH2103,2020-09-16 09:30:53.400,3244.0000,5693,0,10693500.000,0,-,-,-,-,3243.4000,3243.2000,3242.2000,3242.0000,3241.6000,3246.0000,3248.0000,3257.0000,3258.8000,3260.0000,1,1,1,1,1,2,1,3,1,1
SF,IH2103,2020-09-16 09:30:53.900,3244.0000,5693,0,10693500.000,0,-,-,-,-,3243.6000,3243.4000,3242.2000,3242.0000,3241.6000,3246.0000,3248.0000,3257.0000,3258.8000,3260.0000,1,1,1,1,1,2,1,3,1,1
SF,IH2103,2020-09-16 09:30:54.400,3244.0000,5693,0,10693500.000,0,-,-,-,-,3243.8000,3243.6000,3242.2000,3242.0000,3241.6000,3246.0000,3248.0000,3257.0000,3258.8000,3260.0000,1,1,1,1,1,2,1,3,1,1
SF,IH2103,2020-09-16 09:30:54.900,3244.0000,5693,0,10693500.000,0,-,-,-,-,3244.0000,3243.8000,3242.2000,3242.0000,3241.6000,3246.0000,3248.0000,3257.0000,3258.8000,3260.0000,1,1,1,1,1,2,1,3,1,1
SF,IH2103,2020-09-16 09:30:55.400,3244.0000,5693,0,10693500.000,0,-,-,-,-,3244.2000,3244.0000,3242.2000,3242.0000,3241.6000,3246.0000,3248.0000,3257.0000,3258.8000,3260.0000,1,1,1,1,1,2,1,3,1,1
SF,IH2103,2020-09-16 09:30:55.900,3244.0000,5693,0,10693500.000,0,-,-,-,-,3244.2000,3244.0000,3242.2000,3242.0000,3241.6000,3246.0000,3248.0000,3257.0000,3258.8000,3260.0000,4,1,1,1,1,2,1,3,1,1
SF,IH2103,2020-09-16 09:30:56.400,3244.0000,5693,0,10693500.000,0,-,-,-,-,3244.2000,3244.0000,3242.2000,3242.0000,3239.0000,3246.0000,3248.0000,3257.0000,3258.8000,3260.0000,1,1,1,1,1,2,1,3,1,1
SF,IH2103,2020-09-16 09:30:56.900,3246.0000,5693,0,11667300.000,1,0,1,多换,S,3244.2000,3244.0000,3242.2000,3242.0000,3239.0000,3246.0000,3248.0000,3257.0000,3258.8000,3260.0000,1,1,1,1,1,1,1,3,1,1
SF,IH2103,2020-09-16 09:30:58.400,3246.0000,5693,0,11667300.000,0,-,-,-,-,3244.4000,3244.2000,3244.0000,3242.2000,3242.0000,3246.0000,3248.0000,3257.0000,3258.8000,3260.0000,1,1,1,1,1,1,1,3,1,1
SF,IH2103,2020-09-16 09:30:58.900,3246.0000,5693,0,11667300.000,0,-,-,-,-,3244.4000,3244.0000,3242.2000,3242.0000,3239.0000,3246.0000,3248.0000,3257.0000,3258.8000,3260.0000,1,1,1,1,1,1,1,3,1,1
SF,IH2103,2020-09-16 09:30:59.400,3244.4000,5692,-1,12640620.000,1,0,1,双平,S,3242.2000,3242.0000,3239.0000,3238.6000,3238.0000,3246.0000,3248.0000,3257.0000,3258.8000,3260.0000,1,1,1,1,1,1,1,3,1,1
SF,IH2103,2020-09-16 09:30:59.900,3244.4000,5692,0,12640620.000,0,-,-,-,-,3242.2000,3242.0000,3239.0000,3238.6000,3238.0000,3245.8000,3246.0000,3248.0000,3257.0000,3258.8000,1,1,1,1,1,1,1,1,3,1
SF,IH2103,2020-09-16 09:31:00.400,3244.4000,5692,0,12640620.000,0,-,-,-,-,3242.2000,3242.0000,3239.0000,3238.6000,3238.0000,3245.8000,3246.0000,3248.0000,3257.0000,3258.8000,1,1,1,1,1,1,1,1,3,1
SF,IH2103,2020-09-16 09:31:00.900,3244.4000,5692,0,12640620.000,0,-,-,-,-,3242.2000,3242.0000,3239.0000,3238.6000,3238.0000,3245.8000,3246.0000,3248.0000,3257.0000,3258.8000,1,1,1,1,1,1,1,1,3,1
SF,IH2103,2020-09-16 09:31:01.400,3244.4000,5692,0,12640620.000,0,-,-,-,-,3242.4000,3242.2000,3242.0000,3239.0000,3238.6000,3245.6000,3245.8000,3246.0000,3248.0000,3257.0000,2,1,1,1,1,1,1,1,1,3
SF,IH2103,2020-09-16 09:31:01.900,3244.4000,5692,0,12640620.000,0,-,-,-,-,3242.6000,3242.4000,3242.2000,3242.0000,3239.0000,3245.6000,3246.0000,3248.0000,3257.0000,3258.8000,1,1,1,1,1,1,1,1,3,1
SF,IH2103,2020-09-16 09:31:02.400,3244.4000,5692,0,12640620.000,0,-,-,-,-,3242.8000,3242.6000,3242.0000,3239.0000,3238.6000,3245.6000,3246.0000,3248.0000,3257.0000,3258.8000,1,1,1,1,1,1,1,1,3,1
SF,IH2103,2020-09-16 09:31:02.900,3244.4000,5692,0,12640620.000,0,-,-,-,-,3243.0000,3242.8000,3242.0000,3239.0000,3238.6000,3245.6000,3246.0000,3248.0000,3257.0000,3258.8000,1,1,1,1,1,1,1,1,3,1
SF,IH2103,2020-09-16 09:31:03.400,3244.4000,5692,0,12640620.000,0,-,-,-,-,3243.2000,3243.0000,3242.0000,3239.0000,3238.6000,3245.6000,3246.0000,3248.0000,3257.0000,3258.8000,1,1,1,1,1,1,1,1,3,1
SF,IH2103,2020-09-16 09:31:03.900,3245.6000,5691,-1,13614300.000,1,0,1,双平,S,3243.4000,3243.2000,3242.0000,3239.0000,3238.6000,3246.0000,3248.0000,3257.0000,3258.8000,3260.0000,1,1,1,1,1,1,1,3,1,1
SF,IH2103,2020-09-16 09:31:04.400,3245.6000,5691,0,13614300.000,0,-,-,-,-,3243.6000,3243.4000,3242.0000,3239.0000,3238.6000,3245.8000,3246.0000,3248.0000,3257.0000,3258.8000,1,1,1,1,1,1,1,1,3,1
SF,IH2103,2020-09-16 09:31:04.900,3245.6000,5691,0,13614300.000,0,-,-,-,-,3243.8000,3243.6000,3242.0000,3239.0000,3238.6000,3245.8000,3246.0000,3248.0000,3257.0000,3258.8000,1,1,1,1,1,1,1,1,3,1
SF,IH2103,2020-09-16 09:31:05.400,3245.6000,5691,0,13614300.000,0,-,-,-,-,3244.0000,3243.8000,3242.0000,3239.0000,3238.6000,3246.0000,3248.0000,3257.0000,3258.8000,3260.0000,1,1,1,1,1,1,1,3,1,1
SF,IH2103,2020-09-16 09:31:05.900,3245.6000,5691,0,13614300.000,0,-,-,-,-,3244.2000,3244.0000,3242.0000,3239.0000,3238.6000,3246.0000,3248.0000,3257.0000,3258.8000,3260.0000,1,1,1,1,1,1,1,3,1,1
SF,IH2103,2020-09-16 09:31:06.400,3245.6000,5691,0,13614300.000,0,-,-,-,-,3244.4000,3244.2000,3242.0000,3239.0000,3238.6000,3246.0000,3248.0000,3257.0000,3258.8000,3260.0000,1,1,1,1,1,1,1,3,1,1
SF,IH2103,2020-09-16 09:31:07.400,3245.6000,5691,0,13614300.000,0,-,-,-,-,3244.4000,3244.2000,3242.0000,3238.6000,3238.0000,3246.0000,3248.0000,3257.0000,3258.8000,3260.0000,1,1,1,1,1,1,1,3,1,1
SF,IH2103,2020-09-16 09:31:07.900,3245.6000,5691,0,13614300.000,0,-,-,-,-,3244.4000,3244.2000,3242.0000,3238.6000,3238.0000,3246.0000,3248.0000,3257.0000,3258.8000,3260.0000,1,1,2,1,1,1,1,3,1,1
SF,IH2103,2020-09-16 09:31:08.400,3245.6000,5691,0,13614300.000,0,-,-,-,-,3244.4000,3244.2000,3242.0000,3238.6000,3238.0000,3246.0000,3248.0000,3257.0000,3258.8000,3260.0000,1,1,1,1,1,1,1,3,1,1
SF,IH2103,2020-09-16 09:31:08.900,3246.0000,5690,-1,14588100.000,1,0,1,双平,S,3244.4000,3244.2000,3242.0000,3238.6000,3238.0000,3248.0000,3257.0000,3258.8000,3260.0000,3261.8000,1,1,1,1,1,1,3,1,1,1
SF,IH2103,2020-09-16 09:31:09.400,3246.0000,5690,0,14588100.000,0,-,-,-,-,3244.6000,3244.4000,3242.0000,3238.6000,3238.0000,3247.4000,3247.8000,3248.0000,3257.0000,3258.8000,1,1,1,1,1,1,1,1,3,1
SF,IH2103,2020-09-16 09:31:09.900,3246.0000,5690,0,14588100.000,0,-,-,-,-,3244.8000,3244.6000,3242.0000,3238.6000,3238.0000,3247.2000,3247.4000,3248.0000,3257.0000,3258.8000,1,1,1,1,1,1,1,1,3,1
SF,IH2103,2020-09-16 09:31:10.400,3246.0000,5690,0,14588100.000,0,-,-,-,-,3245.0000,3244.8000,3242.0000,3238.6000,3238.0000,3247.2000,3247.4000,3248.0000,3257.0000,3258.8000,1,1,1,1,1,1,1,1,3,1
SF,IH2103,2020-09-16 09:31:10.900,3246.0000,5690,0,14588100.000,0,-,-,-,-,3245.2000,3245.0000,3242.0000,3238.6000,3238.0000,3247.2000,3247.4000,3248.0000,3257.0000,3258.8000,1,1,1,1,1,1,1,1,3,1
SF,IH2103,2020-09-16 09:31:11.400,3246.0000,5690,0,14588100.000,0,-,-,-,-,3245.4000,3245.2000,3242.0000,3238.6000,3238.0000,3247.2000,3247.4000,3248.0000,3257.0000,3258.8000,1,1,1,1,1,1,1,1,3,1
SF,IH2103,2020-09-16 09:31:16.900,3245.4000,5689,-1,15561720.000,1,0,1,双平,S,3245.2000,3242.0000,3238.6000,3238.0000,3231.6000,3245.4000,3247.2000,3247.4000,3248.0000,3257.0000,1,1,1,1,2,1,1,1,1,3
SF,IH2103,2020-09-16 09:31:17.400,3245.2000,5687,-2,17508900.000,2,0,2,双平,S,3242.0000,3238.6000,3238.0000,3233.0000,3231.6000,3247.2000,3247.4000,3248.0000,3257.0000,3258.8000,1,1,1,1,2,2,1,1,3,1
SF,IH2103,2020-09-16 09:31:17.900,3245.2000,5687,0,17508900.000,0,-,-,-,-,3244.2000,3244.0000,3243.4000,3242.2000,3242.0000,3247.0000,3247.2000,3247.4000,3248.0000,3249.0000,1,3,2,1,1,1,2,1,1,1
SF,IH2103,2020-09-16 09:31:18.400,3245.2000,5687,0,17508900.000,0,-,-,-,-,3244.4000,3242.0000,3238.6000,3238.0000,3233.0000,3246.8000,3247.0000,3247.2000,3247.4000,3248.0000,1,1,1,1,1,1,1,1,1,1
SF,IH2103,2020-09-16 09:31:18.900,3245.2000,5687,0,17508900.000,0,-,-,-,-,3242.0000,3238.6000,3238.0000,3233.0000,3231.6000,3246.6000,3246.8000,3247.2000,3247.4000,3248.0000,1,1,1,1,2,1,1,1,1,1
SF,IH2103,2020-09-16 09:31:19.400,3245.2000,5687,0,17508900.000,0,-,-,-,-,3242.4000,3242.2000,3242.0000,3238.6000,3238.0000,3246.0000,3246.4000,3246.6000,3247.2000,3247.4000,1,1,1,1,1,1,1,1,1,1
SF,IH2103,2020-09-16 09:31:19.900,3245.2000,5687,0,17508900.000,0,-,-,-,-,3242.6000,3242.4000,3242.0000,3238.6000,3238.0000,3245.8000,3246.0000,3247.2000,3247.4000,3248.0000,1,1,1,1,1,2,1,1,1,1
SF,IH2103,2020-09-16 09:31:20.400,3245.2000,5687,0,17508900.000,0,-,-,-,-,3243.0000,3242.6000,3242.4000,3242.0000,3238.6000,3245.8000,3246.0000,3247.2000,3247.4000,3248.0000,1,1,1,1,1,2,1,1,1,1
SF,IH2103,2020-09-16 09:31:20.900,3245.2000,5687,0,17508900.000,0,-,-,-,-,3243.2000,3243.0000,3242.4000,3242.0000,3238.6000,3245.8000,3246.0000,3247.2000,3247.4000,3248.0000,1,1,1,1,1,2,1,1,1,1
SF,IH2103,2020-09-16 09:31:21.400,3245.2000,5687,0,17508900.000,0,-,-,-,-,3243.2000,3243.0000,3242.4000,3242.0000,3238.6000,3244.8000,3245.8000,3246.0000,3247.2000,3248.0000,1,1,1,1,1,1,2,1,1,1
SF,IH2103,2020-09-16 09:31:21.900,3245.2000,5687,0,17508900.000,0,-,-,-,-,3243.2000,3242.4000,3242.0000,3238.6000,3238.0000,3245.8000,3246.0000,3248.0000,3257.0000,3258.8000,1,1,1,1,1,2,1,1,3,1
SF,IH2103,2020-09-16 09:31:22.400,3245.2000,5687,0,17508900.000,0,-,-,-,-,3243.2000,3242.0000,3238.6000,3238.0000,3233.0000,3245.8000,3246.0000,3248.0000,3257.0000,3258.8000,1,1,1,1,1,2,1,1,3,1
SF,IH2103,2020-09-16 09:31:23.900,3245.2000,5687,0,17508900.000,0,-,-,-,-,3243.2000,3242.0000,3238.6000,3238.0000,3233.0000,3244.8000,3245.8000,3246.0000,3248.0000,3257.0000,1,1,1,1,1,1,2,1,1,3
SF,IH2103,2020-09-16 09:31:24.400,3245.2000,5687,0,17508900.000,0,-,-,-,-,3242.0000,3238.6000,3238.0000,3233.0000,3231.6000,3243.2000,3244.6000,3245.8000,3246.0000,3248.0000,1,1,1,1,2,1,1,1,1,1
SF,IH2103,2020-09-16 09:31:24.900,3243.2000,5686,-1,18481860.000,1,0,1,双平,S,3242.0000,3238.6000,3238.0000,3233.0000,3231.6000,3244.6000,3245.8000,3246.0000,3248.0000,3257.0000,1,1,1,1,2,1,1,1,1,3
SF,IH2103,2020-09-16 09:31:25.400,3243.2000,5686,0,18481860.000,0,-,-,-,-,3242.2000,3242.0000,3238.6000,3238.0000,3233.0000,3244.4000,3244.6000,3246.0000,3248.0000,3257.0000,1,1,1,1,1,1,1,1,1,3
SF,IH2103,2020-09-16 09:31:25.900,3243.2000,5686,0,18481860.000,0,-,-,-,-,3242.2000,3242.0000,3238.6000,3238.0000,3233.0000,3244.2000,3244.4000,3246.0000,3248.0000,3257.0000,1,2,1,1,1,1,1,1,1,3
SF,IH2103,2020-09-16 09:31:26.400,3243.2000,5686,0,18481860.000,0,-,-,-,-,3242.2000,3242.0000,3238.6000,3238.0000,3233.0000,3244.0000,3244.2000,3246.0000,3248.0000,3257.0000,1,2,1,1,1,1,1,1,1,3
SF,IH2103,2020-09-16 09:31:26.900,3243.2000,5686,0,18481860.000,0,-,-,-,-,3242.2000,3242.0000,3239.2000,3238.6000,3238.0000,3243.8000,3244.0000,3246.0000,3248.0000,3257.0000,1,2,1,1,1,1,1,1,1,3
SF,IH2103,2020-09-16 09:31:27.400,3243.2000,5686,0,18481860.000,0,-,-,-,-,3242.0000,3239.2000,3238.6000,3238.0000,3233.0000,3243.8000,3244.0000,3246.0000,3248.0000,3257.0000,2,1,1,1,1,1,1,1,1,3
SF,IH2103,2020-09-16 09:31:27.900,3243.2000,5686,0,18481860.000,0,-,-,-,-,3242.0000,3239.2000,3238.6000,3238.0000,3233.0000,3243.8000,3244.0000,3246.0000,3248.0000,3257.0000,2,1,1,1,1,1,1,1,1,3
SF,IH2103,2020-09-16 09:31:29.400,3243.2000,5686,0,18481860.000,0,-,-,-,-,3242.2000,3242.0000,3239.2000,3238.6000,3238.0000,3243.8000,3244.0000,3246.0000,3248.0000,3257.0000,3,2,1,1,1,1,1,1,1,3
SF,IH2103,2020-09-16 09:31:29.900,3243.2000,5686,0,18481860.000,0,-,-,-,-,3242.4000,3242.2000,3242.0000,3239.2000,3238.6000,3244.0000,3246.0000,3248.0000,3257.0000,3258.8000,1,3,2,1,1,1,1,1,3,1
SF,IH2103,2020-09-16 09:31:30.400,3244.0000,5685,-1,19455060.000,1,0,1,双平,S,3242.4000,3242.2000,3242.0000,3239.2000,3238.6000,3246.0000,3248.0000,3257.0000,3258.8000,3260.0000,1,3,2,1,1,1,1,3,1,1
SF,IH2103,2020-09-16 09:31:30.900,3244.0000,5685,0,19455060.000,0,-,-,-,-,3242.4000,3242.2000,3242.0000,3239.2000,3238.6000,3244.8000,3245.8000,3246.0000,3248.0000,3257.0000,1,3,2,1,1,1,2,1,1,3
SF,IH2103,2020-09-16 09:31:31.400,3244.0000,5685,0,19455060.000,0,-,-,-,-,3242.4000,3242.2000,3242.0000,3239.2000,3238.6000,3244.6000,3244.8000,3246.0000,3248.0000,3257.0000,1,3,2,1,1,2,1,1,1,3
SF,IH2103,2020-09-16 09:31:32.400,3244.0000,5685,0,19455060.000,0,-,-,-,-,3242.4000,3242.2000,3242.0000,3239.2000,3238.6000,3244.6000,3246.0000,3248.0000,3257.0000,3258.8000,1,3,2,1,1,2,1,1,3,1
SF,IH2103,2020-09-16 09:31:32.900,3244.0000,5685,0,19455060.000,0,-,-,-,-,3242.4000,3242.2000,3242.0000,3239.2000,3238.6000,3244.6000,3246.0000,3248.0000,3257.0000,3258.8000,1,3,2,1,1,2,1,1,3,1
SF,IH2103,2020-09-16 09:31:33.900,3244.0000,5685,0,19455060.000,0,-,-,-,-,3242.6000,3242.4000,3242.2000,3242.0000,3239.2000,3244.6000,3246.0000,3248.0000,3257.0000,3258.8000,1,1,3,2,1,2,1,1,3,1
SF,IH2103,2020-09-16 09:31:34.400,3244.0000,5685,0,19455060.000,0,-,-,-,-,3242.6000,3242.4000,3242.2000,3242.0000,3239.2000,3244.2000,3244.6000,3246.0000,3248.0000,3257.0000,1,1,3,2,1,1,2,1,1,3
SF,IH2103,2020-09-16 09:31:34.900,3244.0000,5685,0,19455060.000,0,-,-,-,-,3242.6000,3242.4000,3242.2000,3242.0000,3239.2000,3244.0000,3244.2000,3244.6000,3246.0000,3248.0000,1,1,3,2,1,1,1,1,1,1
SF,IH2103,2020-09-16 09:31:36.400,3244.0000,5685,0,19455060.000,0,-,-,-,-,3242.6000,3242.4000,3242.2000,3242.0000,3239.2000,3244.0000,3244.2000,3244.6000,3246.0000,3248.0000,1,1,3,2,1,1,1,1,1,1
SF,IH2103,2020-09-16 09:31:36.900,3244.0000,5685,0,19455060.000,0,-,-,-,-,3242.4000,3242.2000,3242.0000,3239.2000,3238.6000,3244.0000,3244.2000,3244.6000,3246.0000,3248.0000,1,3,2,1,1,1,1,1,1,1
SF,IH2103,2020-09-16 09:31:38.400,3244.0000,5685,0,19455060.000,0,-,-,-,-,3242.4000,3242.2000,3242.0000,3238.6000,3238.0000,3244.0000,3244.2000,3244.6000,3246.0000,3248.0000,1,3,2,1,1,1,1,1,1,1
SF,IH2103,2020-09-16 09:31:39.400,3244.0000,5685,0,19455060.000,0,-,-,-,-,3242.4000,3242.2000,3242.0000,3238.6000,3238.0000,3244.0000,3244.2000,3244.6000,3246.0000,3248.0000,1,3,1,1,1,1,1,1,1,1
SF,IH2103,2020-09-16 09:31:39.900,3244.0000,5685,0,19455060.000,0,-,-,-,-,3242.4000,3242.2000,3242.0000,3238.6000,3238.0000,3244.0000,3244.2000,3244.6000,3246.0000,3248.0000,2,3,1,1,1,1,1,1,1,1
SF,IH2103,2020-09-16 09:31:44.900,3244.2000,5683,-2,21401520.000,2,0,2,双平,S,3242.4000,3242.2000,3242.0000,3238.6000,3238.0000,3244.6000,3246.0000,3248.0000,3257.0000,3258.8000,2,3,1,1,1,1,1,1,3,1
SF,IH2103,2020-09-16 09:31:45.400,3244.2000,5683,0,21401520.000,0,-,-,-,-,3242.4000,3242.2000,3242.0000,3238.6000,3238.0000,3244.6000,3246.0000,3248.0000,3257.0000,3258.8000,2,3,1,1,1,1,1,1,3,1
SF,IH2103,2020-09-16 09:31:45.900,3244.2000,5683,0,21401520.000,0,-,-,-,-,3242.6000,3242.4000,3242.2000,3242.0000,3238.6000,3244.6000,3246.0000,3248.0000,3257.0000,3258.8000,1,2,3,1,1,1,1,1,3,1
SF,IH2103,2020-09-16 09:31:46.400,3244.2000,5683,0,21401520.000,0,-,-,-,-,3242.8000,3242.4000,3242.2000,3242.0000,3238.6000,3244.6000,3246.0000,3248.0000,3257.0000,3258.8000,1,1,3,1,1,1,1,1,3,1
SF,IH2103,2020-09-16 09:31:46.900,3244.2000,5683,0,21401520.000,0,-,-,-,-,3242.8000,3242.4000,3242.2000,3242.0000,3238.6000,3244.6000,3246.0000,3248.0000,3257.0000,3258.8000,1,1,3,1,1,1,1,1,3,1
SF,IH2103,2020-09-16 09:31:49.900,3244.2000,5683,0,21401520.000,0,-,-,-,-,3244.0000,3242.8000,3242.4000,3242.2000,3242.0000,3244.6000,3246.0000,3248.0000,3257.0000,3258.8000,1,1,1,3,1,1,1,1,3,1
SF,IH2103,2020-09-16 09:31:50.400,3244.2000,5683,0,21401520.000,0,-,-,-,-,3244.0000,3242.8000,3242.4000,3242.2000,3242.0000,3246.0000,3248.0000,3257.0000,3258.8000,3260.0000,1,1,1,3,1,1,1,3,1,1
SF,IH2103,2020-09-16 09:31:50.900,3244.2000,5683,0,21401520.000,0,-,-,-,-,3244.0000,3242.8000,3242.4000,3242.2000,3242.0000,3244.8000,3245.8000,3246.0000,3248.0000,3257.0000,1,1,1,3,1,1,1,1,1,3
SF,IH2103,2020-09-16 09:31:51.900,3244.0000,5683,0,22374720.000,1,0,1,多换,S,3242.8000,3242.4000,3242.2000,3242.0000,3238.6000,3244.8000,3245.8000,3246.0000,3248.0000,3257.0000,1,1,3,1,1,1,1,1,1,3
SF,IH2103,2020-09-16 09:31:52.400,3244.0000,5683,0,22374720.000,0,-,-,-,-,3243.0000,3242.8000,3242.4000,3242.2000,3242.0000,3244.8000,3246.0000,3248.0000,3257.0000,3258.8000,1,1,1,3,1,1,1,1,3,1
SF,IH2103,2020-09-16 09:31:52.900,3244.0000,5683,0,22374720.000,0,-,-,-,-,3243.2000,3243.0000,3242.4000,3242.2000,3242.0000,3244.8000,3246.0000,3248.0000,3257.0000,3258.8000,1,1,1,3,1,1,1,1,3,1
SF,IH2103,2020-09-16 09:31:53.400,3244.0000,5683,0,22374720.000,0,-,-,-,-,3243.2000,3243.0000,3242.4000,3242.2000,3242.0000,3244.8000,3246.0000,3248.0000,3257.0000,3258.8000,1,1,1,3,1,1,1,1,3,1
SF,IH2103,2020-09-16 09:31:55.900,3244.0000,5683,0,22374720.000,0,-,-,-,-,3243.4000,3243.2000,3243.0000,3242.4000,3242.0000,3244.8000,3246.0000,3248.0000,3257.0000,3258.8000,3,1,1,1,1,1,1,1,3,1
SF,IH2103,2020-09-16 09:31:56.400,3244.0000,5683,0,22374720.000,0,-,-,-,-,3243.6000,3243.4000,3243.0000,3242.4000,3242.0000,3244.8000,3246.0000,3248.0000,3257.0000,3258.8000,1,3,1,1,1,1,1,1,3,1
SF,IH2103,2020-09-16 09:31:56.900,3244.0000,5683,0,22374720.000,0,-,-,-,-,3243.6000,3243.4000,3243.0000,3242.4000,3242.0000,3244.8000,3246.0000,3248.0000,3257.0000,3258.8000,1,3,1,1,1,1,1,1,3,1
SF,IH2103,2020-09-16 09:31:57.400,3244.0000,5683,0,22374720.000,0,-,-,-,-,3243.6000,3243.4000,3243.0000,3242.4000,3242.0000,3244.8000,3246.0000,3248.0000,3257.0000,3258.8000,1,3,1,1,1,1,1,1,3,1
SF,IH2103,2020-09-16 09:31:57.900,3244.0000,5683,0,22374720.000,0,-,-,-,-,3243.6000,3243.4000,3243.0000,3242.4000,3242.0000,3244.8000,3246.0000,3248.0000,3257.0000,3258.8000,1,3,1,1,1,1,1,1,3,1
SF,IH2103,2020-09-16 09:31:58.400,3244.0000,5683,0,22374720.000,0,-,-,-,-,3243.6000,3243.4000,3242.4000,3242.0000,3238.6000,3244.8000,3246.0000,3248.0000,3257.0000,3258.8000,1,3,1,1,1,1,1,1,3,1
SF,IH2103,2020-09-16 09:31:59.400,3244.0000,5683,0,22374720.000,0,-,-,-,-,3243.8000,3243.6000,3242.4000,3242.0000,3238.6000,3244.8000,3246.0000,3248.0000,3257.0000,3258.8000,3,1,1,1,1,1,1,1,3,1
SF,IH2103,2020-09-16 09:32:00.400,3243.6000,5682,-1,26267220.000,4,1,3,多平,S,3242.4000,3242.0000,3238.6000,3238.0000,3237.0000,3244.8000,3246.0000,3248.0000,3257.0000,3258.8000,1,1,1,1,1,1,1,1,3,1
SF,IH2103,2020-09-16 09:32:00.900,3243.6000,5682,0,26267220.000,0,-,-,-,-,3242.4000,3242.0000,3238.6000,3238.0000,3237.0000,3244.4000,3244.6000,3244.8000,3246.0000,3248.0000,1,1,1,1,1,1,2,1,1,1
SF,IH2103,2020-09-16 09:32:01.400,3243.6000,5682,0,26267220.000,0,-,-,-,-,3242.4000,3242.0000,3238.6000,3238.0000,3237.0000,3244.2000,3244.6000,3244.8000,3246.0000,3248.0000,1,1,1,1,1,2,1,1,1,1
SF,IH2103,2020-09-16 09:32:01.900,3242.4000,5682,0,27239940.000,1,0,1,多换,S,3242.0000,3238.6000,3238.0000,3237.0000,3233.0000,3244.0000,3244.2000,3244.8000,3246.0000,3248.0000,1,1,1,1,1,1,2,1,1,1
SF,IH2103,2020-09-16 09:32:02.400,3242.0000,5682,0,28212540.000,1,0,1,多换,S,3238.6000,3238.0000,3237.0000,3233.0000,3231.6000,3243.8000,3244.0000,3244.8000,3246.0000,3248.0000,1,1,1,1,2,2,1,1,1,1
SF,IH2103,2020-09-16 09:32:02.900,3242.0000,5682,0,28212540.000,0,-,-,-,-,3239.6000,3238.8000,3238.6000,3238.0000,3237.0000,3242.2000,3243.6000,3243.8000,3246.0000,3248.0000,1,1,1,1,1,1,1,1,1,1
SF,IH2103,2020-09-16 09:32:03.400,3242.0000,5682,0,28212540.000,0,-,-,-,-,3239.8000,3239.6000,3238.6000,3238.0000,3237.0000,3242.0000,3242.2000,3243.6000,3246.0000,3248.0000,1,1,1,1,1,1,1,1,1,1
SF,IH2103,2020-09-16 09:32:03.900,3242.0000,5682,0,28212540.000,0,-,-,-,-,3239.8000,3239.6000,3239.0000,3238.6000,3238.0000,3242.0000,3242.2000,3243.6000,3246.0000,3248.0000,1,1,1,1,1,1,1,1,1,1
SF,IH2103,2020-09-16 09:32:04.400,3242.0000,5682,0,28212540.000,0,-,-,-,-,3239.8000,3239.6000,3238.6000,3238.0000,3237.0000,3242.0000,3242.2000,3243.6000,3246.0000,3248.0000,1,1,1,1,1,1,1,1,1,1
SF,IH2103,2020-09-16 09:32:04.900,3242.0000,5682,0,28212540.000,0,-,-,-,-,3239.8000,3239.6000,3238.6000,3238.0000,3237.0000,3242.0000,3242.2000,3243.6000,3246.0000,3248.0000,1,2,1,1,1,1,1,1,1,1
SF,IH2103,2020-09-16 09:32:05.400,3242.0000,5682,0,28212540.000,0,-,-,-,-,3240.0000,3239.8000,3239.6000,3238.6000,3238.0000,3242.0000,3242.2000,3243.6000,3246.0000,3248.0000,1,1,2,1,1,1,1,1,1,1
SF,IH2103,2020-09-16 09:32:05.900,3242.0000,5682,0,28212540.000,0,-,-,-,-,3240.2000,3240.0000,3239.8000,3239.6000,3238.6000,3242.0000,3242.2000,3243.6000,3246.0000,3248.0000,1,1,1,1,1,1,1,1,1,1
SF,IH2103,2020-09-16 09:32:06.400,3242.0000,5682,0,28212540.000,0,-,-,-,-,3240.0000,3239.8000,3239.6000,3238.6000,3238.0000,3242.0000,3242.2000,3243.6000,3246.0000,3248.0000,1,1,1,1,1,1,1,1,1,1
SF,IH2103,2020-09-16 09:32:06.900,3242.0000,5682,0,28212540.000,0,-,-,-,-,3240.0000,3239.6000,3238.6000,3238.0000,3237.0000,3241.8000,3242.0000,3242.2000,3246.0000,3248.0000,1,1,1,1,1,2,1,1,1,1
SF,IH2103,2020-09-16 09:32:07.900,3242.0000,5682,0,28212540.000,0,-,-,-,-,3240.0000,3238.6000,3238.0000,3237.0000,3233.0000,3241.8000,3242.0000,3242.2000,3246.0000,3248.0000,1,1,1,1,1,2,1,1,1,1
SF,IH2103,2020-09-16 09:32:08.400,3242.0000,5682,0,28212540.000,0,-,-,-,-,3238.6000,3238.0000,3237.0000,3233.0000,3231.6000,3241.8000,3242.0000,3242.2000,3246.0000,3248.0000,1,1,1,1,2,2,1,1,1,1
SF,IH2103,2020-09-16 09:32:08.900,3242.0000,5682,0,28212540.000,0,-,-,-,-,3239.0000,3238.8000,3238.6000,3238.0000,3237.0000,3241.6000,3241.8000,3242.2000,3246.0000,3248.0000,1,1,1,1,1,1,1,1,1,1
SF,IH2103,2020-09-16 09:32:09.400,3242.0000,5682,0,28212540.000,0,-,-,-,-,3239.2000,3239.0000,3238.6000,3238.0000,3237.0000,3241.4000,3241.6000,3242.2000,3246.0000,3248.0000,1,1,1,1,1,1,1,1,1,1
SF,IH2103,2020-09-16 09:32:09.900,3242.0000,5682,0,28212540.000,0,-,-,-,-,3239.2000,3238.6000,3238.0000,3237.0000,3233.0000,3241.2000,3241.4000,3242.2000,3246.0000,3248.0000,1,1,1,1,1,1,1,1,1,1
SF,IH2103,2020-09-16 09:32:10.400,3242.0000,5682,0,28212540.000,0,-,-,-,-,3239.2000,3238.6000,3238.0000,3237.0000,3233.0000,3241.0000,3241.2000,3241.4000,3242.2000,3246.0000,1,1,1,1,1,1,1,1,1,1
SF,IH2103,2020-09-16 09:32:17.400,3242.0000,5682,0,28212540.000,0,-,-,-,-,3239.2000,3238.6000,3238.0000,3237.0000,3233.0000,3241.2000,3241.4000,3242.2000,3246.0000,3248.0000,1,1,1,1,1,1,1,1,1,1
SF,IH2103,2020-09-16 09:32:17.900,3242.0000,5682,0,28212540.000,0,-,-,-,-,3239.4000,3238.6000,3238.0000,3237.0000,3233.0000,3241.0000,3242.2000,3246.0000,3248.0000,3257.0000,2,1,1,1,1,1,1,1,1,3
SF,IH2103,2020-09-16 09:32:18.400,3241.0000,5681,-1,29184840.000,1,0,1,双平,S,3241.2000,3241.0000,3239.6000,3239.4000,3238.6000,3242.2000,3246.0000,3248.0000,3257.0000,3258.8000,2,1,1,1,1,1,1,1,3,1
SF,IH2103,2020-09-16 09:32:18.900,3241.0000,5681,0,29184840.000,0,-,-,-,-,3241.2000,3241.0000,3239.4000,3238.6000,3238.0000,3242.2000,3246.0000,3248.0000,3257.0000,3258.8000,2,1,1,1,1,1,1,1,3,1
SF,IH2103,2020-09-16 09:32:19.400,3241.0000,5681,0,29184840.000,0,-,-,-,-,3241.2000,3241.0000,3239.4000,3238.6000,3238.0000,3242.2000,3246.0000,3248.0000,3257.0000,3258.8000,2,1,2,1,1,1,1,1,3,1
SF,IH2103,2020-09-16 09:32:19.900,3241.0000,5681,0,29184840.000,0,-,-,-,-,3241.2000,3241.0000,3239.4000,3238.6000,3238.0000,3242.2000,3246.0000,3248.0000,3257.0000,3258.8000,2,1,1,1,1,1,1,1,3,1
SF,IH2103,2020-09-16 09:32:20.400,3242.2000,5680,-1,30157500.000,1,0,1,双平,S,3242.2000,3241.2000,3241.0000,3239.4000,3238.6000,3246.0000,3248.0000,3257.0000,3258.8000,3260.0000,1,2,1,1,1,1,1,3,1,1
SF,IH2103,2020-09-16 09:32:20.900,3242.2000,5680,0,30157500.000,0,-,-,-,-,3242.2000,3241.2000,3241.0000,3238.6000,3238.0000,3243.6000,3243.8000,3244.8000,3245.6000,3245.8000,1,2,1,1,1,2,4,1,1,2
SF,IH2103,2020-09-16 09:32:21.400,3242.2000,5680,0,30157500.000,0,-,-,-,-,3241.2000,3241.0000,3238.6000,3238.0000,3237.0000,3243.6000,3243.8000,3244.8000,3245.6000,3245.8000,2,1,1,1,1,2,4,1,1,2
SF,IH2103,2020-09-16 09:32:21.900,3242.2000,5680,0,30157500.000,0,-,-,-,-,3241.2000,3241.0000,3238.6000,3238.0000,3237.0000,3243.2000,3243.4000,3243.6000,3243.8000,3244.8000,2,1,1,1,1,1,2,2,4,1
SF,IH2103,2020-09-16 09:32:22.400,3242.2000,5680,0,30157500.000,0,-,-,-,-,3241.4000,3241.2000,3241.0000,3238.6000,3238.0000,3243.6000,3244.8000,3246.0000,3248.0000,3257.0000,3,2,1,1,1,2,1,1,1,3
SF,IH2103,2020-09-16 09:32:22.900,3242.2000,5680,0,30157500.000,0,-,-,-,-,3241.4000,3241.2000,3241.0000,3238.6000,3238.0000,3244.8000,3246.0000,3248.0000,3257.0000,3258.8000,3,2,1,1,1,1,1,1,3,1
SF,IH2103,2020-09-16 09:32:23.400,3242.2000,5680,0,30157500.000,0,-,-,-,-,3241.4000,3241.2000,3241.0000,3238.6000,3238.0000,3246.0000,3248.0000,3257.0000,3258.8000,3260.0000,2,2,1,1,1,1,1,3,1,1
SF,IH2103,2020-09-16 09:32:23.900,3242.2000,5680,0,30157500.000,0,-,-,-,-,3241.4000,3241.2000,3241.0000,3238.6000,3238.0000,3245.8000,3246.0000,3248.0000,3257.0000,3258.8000,2,2,1,1,1,1,1,1,3,1
SF,IH2103,2020-09-16 09:32:24.400,3242.2000,5680,0,30157500.000,0,-,-,-,-,3241.4000,3241.2000,3241.0000,3238.6000,3238.0000,3244.2000,3244.8000,3245.8000,3246.0000,3248.0000,2,2,1,1,1,2,1,1,1,1
SF,IH2103,2020-09-16 09:32:24.900,3242.2000,5680,0,30157500.000,0,-,-,-,-,3241.8000,3241.4000,3241.2000,3241.0000,3240.0000,3244.2000,3245.8000,3246.0000,3248.0000,3257.0000,1,2,2,1,1,2,1,1,1,3
SF,IH2103,2020-09-16 09:32:25.400,3242.2000,5680,0,30157500.000,0,-,-,-,-,3242.2000,3242.0000,3241.2000,3241.0000,3240.0000,3244.2000,3245.8000,3246.0000,3248.0000,3257.0000,1,2,2,1,1,2,1,1,1,3
SF,IH2103,2020-09-16 09:32:25.900,3242.2000,5680,0,30157500.000,0,-,-,-,-,3242.4000,3241.2000,3241.0000,3240.0000,3238.6000,3245.8000,3246.0000,3248.0000,3257.0000,3258.8000,3,2,1,1,1,1,1,1,3,1
SF,IH2103,2020-09-16 09:32:26.400,3242.2000,5680,0,30157500.000,0,-,-,-,-,3242.4000,3241.2000,3241.0000,3240.0000,3238.6000,3245.8000,3246.0000,3248.0000,3257.0000,3258.8000,2,2,1,1,1,1,1,1,3,1
SF,IH2103,2020-09-16 09:32:26.900,3242.2000,5680,0,30157500.000,0,-,-,-,-,3242.4000,3241.2000,3241.0000,3240.0000,3238.6000,3245.2000,3245.8000,3246.0000,3248.0000,3257.0000,2,2,1,1,1,3,1,1,1,3
SF,IH2103,2020-09-16 09:32:27.400,3242.2000,5680,0,30157500.000,0,-,-,-,-,3242.4000,3241.2000,3241.0000,3240.0000,3238.6000,3244.8000,3245.0000,3245.2000,3246.0000,3248.0000,2,2,1,1,1,1,1,3,1,1
SF,IH2103,2020-09-16 09:32:27.900,3244.4000,5679,-1,31130820.000,1,0,1,双平,S,3242.4000,3241.2000,3241.0000,3240.0000,3238.6000,3244.6000,3245.2000,3246.0000,3248.0000,3257.0000,2,2,1,1,1,1,3,1,1,3
SF,IH2103,2020-09-16 09:32:28.400,3244.4000,5679,0,31130820.000,0,-,-,-,-,3241.2000,3241.0000,3240.0000,3238.6000,3238.0000,3244.4000,3244.6000,3246.0000,3248.0000,3257.0000,2,1,1,1,1,1,1,1,1,3
SF,IH2103,2020-09-16 09:32:28.900,3244.4000,5679,0,31130820.000,0,-,-,-,-,3241.4000,3241.2000,3241.0000,3240.0000,3238.6000,3243.2000,3244.2000,3244.4000,3246.0000,3248.0000,1,2,1,1,1,3,1,1,1,1
SF,IH2103,2020-09-16 09:32:29.400,3241.4000,5678,-1,32103240.000,1,0,1,双平,S,3241.2000,3241.0000,3240.0000,3238.6000,3238.0000,3243.0000,3244.2000,3244.4000,3246.0000,3248.0000,2,1,1,1,1,6,1,1,1,1
SF,IH2103,2020-09-16 09:32:29.900,3241.4000,5678,0,32103240.000,0,-,-,-,-,3241.2000,3241.0000,3240.0000,3238.6000,3238.0000,3244.2000,3244.4000,3246.0000,3248.0000,3257.0000,2,1,1,1,1,1,1,1,1,3
SF,IH2103,2020-09-16 09:32:30.400,3241.4000,5678,0,32103240.000,0,-,-,-,-,3241.2000,3241.0000,3240.0000,3238.6000,3238.0000,3244.0000,3244.2000,3246.0000,3248.0000,3257.0000,2,1,1,1,1,1,1,1,1,3
SF,IH2103,2020-09-16 09:32:30.900,3241.4000,5678,0,32103240.000,0,-,-,-,-,3241.2000,3241.0000,3240.0000,3238.6000,3238.0000,3243.6000,3243.8000,3244.0000,3246.0000,3248.0000,2,1,1,1,1,3,1,7,1,1
SF,IH2103,2020-09-16 09:32:31.400,3241.4000,5678,0,32103240.000,0,-,-,-,-,3241.2000,3241.0000,3240.0000,3238.6000,3238.0000,3243.4000,3243.6000,3244.0000,3246.0000,3248.0000,2,1,1,1,1,2,3,6,1,1
SF,IH2103,2020-09-16 09:32:31.900,3241.4000,5678,0,32103240.000,0,-,-,-,-,3241.2000,3241.0000,3240.0000,3238.6000,3238.0000,3243.4000,3244.0000,3246.0000,3248.0000,3257.0000,2,1,1,1,1,2,6,1,1,3
SF,IH2103,2020-09-16 09:32:32.400,3241.4000,5678,0,32103240.000,0,-,-,-,-,3241.0000,3240.0000,3238.6000,3238.0000,3237.0000,3243.4000,3244.0000,3246.0000,3248.0000,3257.0000,1,1,1,1,1,2,6,1,1,3
SF,IH2103,2020-09-16 09:32:32.900,3241.4000,5678,0,32103240.000,0,-,-,-,-,3241.0000,3240.0000,3238.6000,3238.0000,3237.0000,3243.0000,3243.2000,3243.4000,3246.0000,3248.0000,1,1,1,1,1,3,6,2,1,1
SF,IH2103,2020-09-16 09:32:33.400,3241.0000,5677,-1,33075540.000,1,0,1,双平,S,3240.0000,3238.6000,3238.0000,3237.0000,3233.0000,3242.2000,3242.8000,3243.0000,3243.2000,3246.0000,1,1,1,1,1,1,2,3,7,1
SF,IH2103,2020-09-16 09:32:33.900,3241.0000,5677,0,33075540.000,0,-,-,-,-,3240.2000,3240.0000,3238.6000,3238.0000,3237.0000,3242.0000,3242.8000,3243.0000,3243.2000,3246.0000,1,1,1,1,1,1,1,3,7,1
SF,IH2103,2020-09-16 09:32:34.400,3241.0000,5677,0,33075540.000,0,-,-,-,-,3240.2000,3240.0000,3238.6000,3238.0000,3237.0000,3242.0000,3242.8000,3243.2000,3246.0000,3248.0000,1,1,1,1,1,1,1,7,1,1
SF,IH2103,2020-09-16 09:32:34.900,3241.0000,5677,0,33075540.000,0,-,-,-,-,3240.6000,3240.2000,3240.0000,3238.6000,3238.0000,3242.0000,3242.8000,3243.2000,3246.0000,3248.0000,1,1,1,1,1,1,1,7,1,1
SF,IH2103,2020-09-16 09:32:35.400,3241.0000,5677,0,33075540.000,0,-,-,-,-,3240.6000,3240.2000,3240.0000,3238.6000,3238.0000,3242.8000,3243.2000,3246.0000,3248.0000,3257.0000,1,1,1,1,1,1,7,1,1,3
SF,IH2103,2020-09-16 09:32:35.900,3241.0000,5677,0,33075540.000,0,-,-,-,-,3240.6000,3240.2000,3240.0000,3238.6000,3238.0000,3242.6000,3242.8000,3243.2000,3246.0000,3248.0000,1,1,1,1,1,1,1,7,1,1
SF,IH2103,2020-09-16 09:32:36.400,3241.0000,5677,0,33075540.000,0,-,-,-,-,3240.8000,3240.2000,3240.0000,3238.6000,3238.0000,3242.6000,3242.8000,3243.2000,3246.0000,3248.0000,2,1,1,1,1,1,1,7,1,1
SF,IH2103,2020-09-16 09:32:37.400,3241.0000,5677,0,33075540.000,0,-,-,-,-,3240.2000,3240.0000,3238.6000,3238.0000,3237.0000,3242.6000,3242.8000,3243.2000,3246.0000,3248.0000,1,1,1,1,1,1,1,7,1,1
SF,IH2103,2020-09-16 09:32:37.900,3241.0000,5677,0,33075540.000,0,-,-,-,-,3240.6000,3240.2000,3240.0000,3238.6000,3238.0000,3242.4000,3242.6000,3243.2000,3246.0000,3248.0000,1,1,1,1,1,1,1,7,1,1
SF,IH2103,2020-09-16 09:32:38.400,3241.0000,5677,0,33075540.000,0,-,-,-,-,3240.0000,3238.6000,3238.0000,3237.0000,3233.0000,3242.4000,3242.6000,3243.2000,3246.0000,3248.0000,1,1,1,1,1,1,1,7,1,1
SF,IH2103,2020-09-16 09:32:38.900,3241.0000,5677,0,33075540.000,0,-,-,-,-,3240.4000,3240.0000,3238.6000,3238.0000,3237.0000,3242.2000,3242.4000,3243.2000,3246.0000,3248.0000,1,1,1,1,1,1,1,7,1,1
SF,IH2103,2020-09-16 09:32:39.400,3241.0000,5677,0,33075540.000,0,-,-,-,-,3240.0000,3238.6000,3238.0000,3237.0000,3233.0000,3242.2000,3242.4000,3243.2000,3246.0000,3248.0000,1,1,1,1,1,1,1,7,1,1
SF,IH2103,2020-09-16 09:32:39.900,3241.0000,5677,0,33075540.000,0,-,-,-,-,3240.0000,3238.6000,3238.0000,3237.0000,3233.0000,3242.0000,3242.2000,3243.2000,3246.0000,3248.0000,1,1,1,1,1,1,1,7,1,1
SF,IH2103,2020-09-16 09:32:40.400,3241.0000,5677,0,33075540.000,0,-,-,-,-,3240.0000,3238.6000,3238.0000,3237.0000,3233.0000,3241.8000,3242.0000,3243.2000,3246.0000,3248.0000,1,1,1,1,1,1,2,7,1,1
SF,IH2103,2020-09-16 09:32:41.400,3241.0000,5677,0,33075540.000,0,-,-,-,-,3240.0000,3238.6000,3238.0000,3237.0000,3233.0000,3241.8000,3242.0000,3243.2000,3246.0000,3248.0000,1,1,1,1,1,1,1,7,1,1
SF,IH2103,2020-09-16 09:32:42.400,3241.0000,5677,0,33075540.000,0,-,-,-,-,3240.0000,3238.6000,3238.0000,3237.0000,3233.0000,3241.6000,3241.8000,3242.0000,3243.2000,3246.0000,1,1,1,1,1,2,1,1,7,1
SF,IH2103,2020-09-16 09:32:43.400,3241.0000,5677,0,33075540.000,0,-,-,-,-,3240.2000,3240.0000,3238.6000,3238.0000,3237.0000,3241.6000,3241.8000,3242.0000,3243.2000,3246.0000,2,1,1,1,1,2,1,1,7,1
SF,IH2103,2020-09-16 09:32:43.900,3241.0000,5677,0,33075540.000,0,-,-,-,-,3240.2000,3240.0000,3238.6000,3238.0000,3237.0000,3240.8000,3241.6000,3241.8000,3242.0000,3243.2000,2,1,1,1,1,1,2,1,1,7
SF,IH2103,2020-09-16 09:32:44.400,3240.8000,5676,-1,34047780.000,1,0,1,双平,S,3240.8000,3240.2000,3240.0000,3238.6000,3238.0000,3241.6000,3241.8000,3242.0000,3243.2000,3246.0000,1,2,1,1,1,2,1,1,7,1
SF,IH2103,2020-09-16 09:32:44.900,3240.8000,5676,0,34047780.000,0,-,-,-,-,3240.8000,3240.0000,3239.4000,3238.6000,3238.0000,3241.6000,3242.0000,3243.2000,3246.0000,3248.0000,1,1,1,1,1,2,1,7,1,1
SF,IH2103,2020-09-16 09:32:45.400,3240.8000,5676,0,34047780.000,0,-,-,-,-,3240.8000,3240.0000,3239.4000,3238.6000,3238.2000,3241.6000,3242.0000,3243.2000,3246.0000,3248.0000,1,1,1,1,1,2,1,7,1,1
SF,IH2103,2020-09-16 09:32:46.400,3240.8000,5676,0,34047780.000,0,-,-,-,-,3240.8000,3240.0000,3239.4000,3238.6000,3238.2000,3241.6000,3242.0000,3243.2000,3246.0000,3248.0000,1,1,1,1,1,2,1,6,1,1
SF,IH2103,2020-09-16 09:32:46.900,3240.8000,5676,0,34047780.000,0,-,-,-,-,3240.8000,3240.0000,3239.4000,3238.6000,3238.2000,3241.4000,3241.6000,3242.0000,3243.2000,3246.0000,1,1,1,1,1,1,2,1,6,1
SF,IH2103,2020-09-16 09:32:47.900,3240.8000,5676,0,34047780.000,0,-,-,-,-,3240.0000,3239.4000,3238.6000,3238.2000,3238.0000,3241.4000,3241.6000,3242.0000,3243.2000,3246.0000,1,1,1,1,1,1,2,1,6,1
SF,IH2103,2020-09-16 09:32:48.400,3240.8000,5676,0,34047780.000,0,-,-,-,-,3240.0000,3239.4000,3238.6000,3238.2000,3238.0000,3241.4000,3241.6000,3242.0000,3243.2000,3246.0000,1,1,2,1,1,1,2,1,6,1
SF,IH2103,2020-09-16 09:32:50.900,3240.0000,5676,0,35019780.000,1,0,1,多换,S,3239.4000,3238.6000,3238.2000,3238.0000,3233.0000,3241.4000,3241.6000,3242.0000,3243.2000,3246.0000,1,2,1,2,1,1,2,1,6,1
SF,IH2103,2020-09-16 09:32:51.400,3240.0000,5676,0,35019780.000,0,-,-,-,-,3239.6000,3239.4000,3238.6000,3238.2000,3238.0000,3241.2000,3241.4000,3241.6000,3243.2000,3246.0000,1,1,2,1,2,1,1,2,6,1
SF,IH2103,2020-09-16 09:32:53.400,3240.0000,5676,0,35019780.000,0,-,-,-,-,3239.6000,3239.4000,3238.6000,3238.2000,3238.0000,3241.0000,3241.2000,3241.4000,3241.6000,3243.2000,1,1,2,1,2,1,1,1,1,6
SF,IH2103,2020-09-16 09:32:53.900,3240.0000,5676,0,35019780.000,0,-,-,-,-,3239.4000,3238.6000,3238.2000,3238.0000,3233.0000,3241.0000,3241.2000,3241.4000,3241.6000,3243.2000,1,2,1,2,1,1,1,1,1,6
SF,IH2103,2020-09-16 09:32:54.900,3240.0000,5676,0,35019780.000,0,-,-,-,-,3239.6000,3239.4000,3238.6000,3238.2000,3238.0000,3241.0000,3241.2000,3241.4000,3241.6000,3243.2000,2,1,2,1,2,1,1,1,1,6
SF,IH2103,2020-09-16 09:32:55.400,3240.0000,5676,0,35019780.000,0,-,-,-,-,3239.4000,3238.6000,3238.2000,3238.0000,3233.0000,3241.2000,3241.4000,3241.6000,3243.2000,3246.0000,1,2,1,2,1,1,1,1,6,1
SF,IH2103,2020-09-16 09:32:55.900,3240.0000,5676,0,35019780.000,0,-,-,-,-,3239.8000,3239.4000,3238.6000,3238.2000,3238.0000,3241.4000,3241.6000,3243.2000,3246.0000,3248.0000,1,1,2,1,2,1,1,6,1,1
SF,IH2103,2020-09-16 09:32:56.400,3240.0000,5676,0,35019780.000,0,-,-,-,-,3239.4000,3238.6000,3238.2000,3238.0000,3233.0000,3241.6000,3243.2000,3246.0000,3248.0000,3257.0000,1,2,1,2,1,1,6,1,1,3
SF,IH2103,2020-09-16 09:32:56.900,3240.0000,5676,0,35019780.000,0,-,-,-,-,3239.6000,3239.4000,3238.6000,3238.2000,3238.0000,3241.6000,3243.2000,3246.0000,3248.0000,3257.0000,2,1,2,1,2,1,6,1,1,3
SF,IH2103,2020-09-16 09:32:57.400,3240.0000,5676,0,35019780.000,0,-,-,-,-,3239.8000,3239.6000,3239.4000,3238.6000,3238.2000,3241.4000,3241.6000,3243.2000,3246.0000,3248.0000,2,2,1,2,1,1,1,6,1,1
SF,IH2103,2020-09-16 09:32:58.400,3240.0000,5676,0,35019780.000,0,-,-,-,-,3239.6000,3239.4000,3238.6000,3238.2000,3238.0000,3241.4000,3241.6000,3243.2000,3246.0000,3248.0000,2,1,2,1,2,1,1,6,1,1
SF,IH2103,2020-09-16 09:33:03.400,3240.0000,5676,0,35019780.000,0,-,-,-,-,3240.0000,3239.6000,3239.4000,3238.6000,3238.2000,3241.4000,3241.6000,3243.2000,3246.0000,3248.0000,1,2,1,2,1,1,1,6,1,1
SF,IH2103,2020-09-16 09:33:03.900,3239.6000,5672,-4,38907540.000,4,0,4,双平,S,3239.4000,3238.6000,3238.2000,3238.0000,3233.0000,3239.6000,3241.4000,3241.6000,3243.2000,3246.0000,1,2,1,2,1,2,1,1,6,1
SF,IH2103,2020-09-16 09:33:04.400,3239.6000,5670,-2,40851300.000,2,0,2,双平,S,3239.4000,3238.6000,3238.2000,3238.0000,3233.0000,3241.4000,3241.6000,3243.2000,3246.0000,3248.0000,1,2,1,2,1,1,1,6,1,1
SF,IH2103,2020-09-16 09:33:04.900,3239.6000,5670,0,40851300.000,0,-,-,-,-,3239.4000,3238.6000,3238.2000,3238.0000,3233.0000,3241.2000,3241.6000,3243.2000,3246.0000,3248.0000,1,2,1,2,1,3,1,6,1,1
SF,IH2103,2020-09-16 09:33:05.900,3239.6000,5670,0,40851300.000,0,-,-,-,-,3239.4000,3238.6000,3238.2000,3238.0000,3233.0000,3241.2000,3241.6000,3242.0000,3243.2000,3246.0000,1,2,1,2,1,3,1,1,6,1
SF,IH2103,2020-09-16 09:33:06.900,3239.6000,5670,0,40851300.000,0,-,-,-,-,3239.4000,3238.6000,3238.2000,3238.0000,3233.0000,3241.2000,3241.6000,3242.0000,3243.2000,3246.0000,1,2,1,2,1,2,1,1,6,1
SF,IH2103,2020-09-16 09:33:07.400,3241.2000,5668,-2,42796020.000,2,0,2,双平,S,3241.2000,3239.4000,3238.6000,3238.2000,3238.0000,3241.6000,3242.0000,3243.2000,3246.0000,3248.0000,1,1,2,1,2,1,1,6,1,1
SF,IH2103,2020-09-16 09:33:07.900,3241.2000,5667,-1,43768380.000,1,0,1,双平,S,3239.4000,3238.6000,3238.2000,3238.0000,3233.0000,3241.6000,3242.0000,3243.2000,3246.0000,3248.0000,1,1,1,2,1,1,1,6,1,1
SF,IH2103,2020-09-16 09:33:08.400,3241.2000,5667,0,43768380.000,0,-,-,-,-,3239.6000,3239.4000,3238.6000,3238.2000,3238.0000,3241.6000,3242.0000,3243.2000,3246.0000,3248.0000,2,1,1,2,2,1,1,6,1,1
SF,IH2103,2020-09-16 09:33:08.900,3241.2000,5667,0,43768380.000,0,-,-,-,-,3239.8000,3239.6000,3239.4000,3238.6000,3238.2000,3241.6000,3242.0000,3243.2000,3246.0000,3248.0000,1,2,1,1,2,1,1,6,1,1
SF,IH2103,2020-09-16 09:33:09.400,3241.6000,5667,0,44740860.000,1,0,1,多换,S,3241.6000,3240.0000,3239.8000,3239.6000,3239.4000,3242.0000,3243.2000,3246.0000,3248.0000,3257.0000,1,1,1,1,1,1,6,1,1,3
SF,IH2103,2020-09-16 09:33:09.900,3242.0000,5666,-1,45713460.000,1,0,1,双平,S,3242.0000,3241.6000,3240.0000,3239.6000,3239.4000,3243.2000,3246.0000,3248.0000,3257.0000,3258.8000,1,1,1,1,1,6,1,1,3,1
SF,IH2103,2020-09-16 09:33:10.400,3242.0000,5666,0,45713460.000,0,-,-,-,-,3242.0000,3241.6000,3240.0000,3239.6000,3238.6000,3243.2000,3246.0000,3248.0000,3257.0000,3258.8000,1,1,1,1,1,6,1,1,3,1
SF,IH2103,2020-09-16 09:33:10.900,3242.0000,5666,0,45713460.000,0,-,-,-,-,3242.0000,3241.6000,3240.4000,3240.0000,3239.6000,3243.2000,3243.4000,3246.0000,3248.0000,3257.0000,1,1,1,1,1,6,1,1,1,3
SF,IH2103,2020-09-16 09:33:11.900,3242.0000,5666,0,45713460.000,0,-,-,-,-,3241.6000,3240.4000,3240.0000,3239.6000,3238.6000,3246.0000,3248.0000,3257.0000,3258.8000,3260.0000,1,1,1,1,1,1,1,3,1,1
SF,IH2103,2020-09-16 09:33:12.400,3242.0000,5666,0,45713460.000,0,-,-,-,-,3241.8000,3241.6000,3240.4000,3240.0000,3238.6000,3244.4000,3244.8000,3245.8000,3246.0000,3248.0000,1,1,1,1,1,3,1,2,1,1
SF,IH2103,2020-09-16 09:33:12.900,3242.0000,5666,0,45713460.000,0,-,-,-,-,3241.8000,3241.6000,3240.4000,3240.0000,3238.6000,3244.2000,3244.8000,3245.8000,3246.0000,3248.0000,1,1,1,1,1,1,1,1,1,1
SF,IH2103,2020-09-16 09:33:13.400,3242.0000,5666,0,45713460.000,0,-,-,-,-,3241.8000,3241.6000,3240.4000,3240.0000,3238.6000,3242.0000,3243.8000,3244.0000,3244.2000,3244.8000,1,1,1,1,1,3,4,1,7,1
SF,IH2103,2020-09-16 09:33:13.900,3241.8000,5665,-1,46686000.000,1,0,1,双平,S,3240.4000,3240.0000,3238.6000,3238.2000,3238.0000,3241.6000,3242.0000,3243.8000,3244.0000,3244.2000,1,1,1,1,2,1,3,3,1,7
SF,IH2103,2020-09-16 09:33:14.400,3241.8000,5665,0,46686000.000,0,-,-,-,-,3240.4000,3240.0000,3238.8000,3238.6000,3238.2000,3241.6000,3242.0000,3243.2000,3243.8000,3244.2000,1,1,1,1,1,1,3,1,3,7
SF,IH2103,2020-09-16 09:33:14.900,3241.8000,5665,0,46686000.000,0,-,-,-,-,3240.0000,3238.8000,3238.6000,3238.2000,3238.0000,3241.6000,3242.0000,3243.2000,3244.2000,3244.8000,1,1,1,1,2,1,3,1,7,1
SF,IH2103,2020-09-16 09:33:15.400,3241.8000,5665,0,46686000.000,0,-,-,-,-,3240.0000,3238.8000,3238.6000,3238.2000,3238.0000,3241.4000,3241.6000,3242.0000,3243.2000,3244.2000,1,1,1,1,2,1,1,3,1,7
SF,IH2103,2020-09-16 09:33:15.900,3241.8000,5665,0,46686000.000,0,-,-,-,-,3240.0000,3238.8000,3238.6000,3238.2000,3238.0000,3241.4000,3241.6000,3242.0000,3243.2000,3244.2000,1,1,1,1,2,1,1,3,1,7
SF,IH2103,2020-09-16 09:33:16.900,3241.6000,5665,0,48630960.000,2,1,1,多换,S,3241.6000,3240.0000,3238.8000,3238.6000,3238.2000,3242.0000,3243.2000,3244.2000,3245.8000,3246.0000,2,1,1,1,1,4,1,7,1,1
SF,IH2103,2020-09-16 09:33:17.400,3241.6000,5665,0,50575920.000,2,1,1,多换,S,3240.0000,3238.6000,3238.2000,3238.0000,3233.0000,3241.6000,3242.0000,3243.2000,3244.2000,3245.8000,1,1,1,2,1,1,4,1,7,1
SF,IH2103,2020-09-16 09:33:17.900,3241.6000,5665,0,50575920.000,0,-,-,-,-,3240.2000,3240.0000,3238.6000,3238.2000,3238.0000,3242.0000,3243.2000,3244.2000,3245.8000,3246.0000,2,1,1,1,2,3,1,7,1,1
SF,IH2103,2020-09-16 09:33:18.400,3241.6000,5665,0,50575920.000,0,-,-,-,-,3240.4000,3240.2000,3238.6000,3238.2000,3238.0000,3242.0000,3243.2000,3244.2000,3245.8000,3246.0000,1,2,1,1,2,3,1,7,1,1
SF,IH2103,2020-09-16 09:33:18.900,3241.6000,5665,0,50575920.000,0,-,-,-,-,3240.6000,3240.4000,3238.6000,3238.2000,3238.0000,3242.0000,3243.2000,3244.2000,3245.8000,3246.0000,2,1,1,1,2,3,1,7,1,1
SF,IH2103,2020-09-16 09:33:19.900,3242.0000,5665,0,51548520.000,1,0,1,多换,S,3240.6000,3240.4000,3238.6000,3238.2000,3238.0000,3242.0000,3243.2000,3244.2000,3245.8000,3246.0000,2,1,1,1,2,2,1,7,1,1
SF,IH2103,2020-09-16 09:33:20.900,3242.0000,5665,0,51548520.000,0,-,-,-,-,3240.4000,3238.6000,3238.2000,3238.0000,3233.0000,3242.0000,3243.2000,3244.2000,3245.8000,3246.0000,1,1,1,2,1,2,1,7,1,1
SF,IH2103,2020-09-16 09:33:21.400,3242.0000,5665,0,51548520.000,0,-,-,-,-,3240.6000,3240.4000,3238.6000,3238.2000,3238.0000,3242.0000,3243.2000,3244.2000,3245.8000,3246.0000,1,1,1,1,2,2,1,7,1,1
SF,IH2103,2020-09-16 09:33:22.900,3242.0000,5665,0,51548520.000,0,-,-,-,-,3240.4000,3238.6000,3238.2000,3238.0000,3233.0000,3242.0000,3243.2000,3244.2000,3245.8000,3246.0000,1,1,1,2,1,2,1,7,1,1
SF,IH2103,2020-09-16 09:33:23.400,3240.4000,5664,-1,52520640.000,1,0,1,双平,S,3238.6000,3238.2000,3238.0000,3233.0000,3231.6000,3241.8000,3242.0000,3242.4000,3243.2000,3244.2000,1,1,2,1,2,1,2,1,1,6
SF,IH2103,2020-09-16 09:33:23.900,3240.4000,5664,0,52520640.000,0,-,-,-,-,3240.8000,3238.6000,3238.2000,3238.0000,3233.0000,3241.6000,3241.8000,3242.0000,3242.4000,3243.2000,1,1,1,2,1,1,1,2,1,1
SF,IH2103,2020-09-16 09:33:24.400,3240.8000,5664,0,53492880.000,1,0,1,多换,S,3238.6000,3238.2000,3238.0000,3233.0000,3231.6000,3240.8000,3242.0000,3242.4000,3243.2000,3244.2000,1,1,2,1,2,1,2,1,1,6
SF,IH2103,2020-09-16 09:33:24.900,3240.8000,5664,0,53492880.000,0,-,-,-,-,3238.6000,3238.2000,3238.0000,3233.0000,3231.6000,3240.6000,3242.0000,3244.2000,3245.8000,3246.0000,1,1,2,1,2,1,2,6,1,1
SF,IH2103,2020-09-16 09:33:25.400,3240.8000,5664,0,53492880.000,0,-,-,-,-,3238.6000,3238.2000,3238.0000,3233.0000,3231.6000,3240.4000,3240.6000,3242.0000,3244.2000,3245.8000,1,1,2,1,2,1,1,2,6,1
SF,IH2103,2020-09-16 09:33:25.900,3240.8000,5664,0,53492880.000,0,-,-,-,-,3238.6000,3238.2000,3238.0000,3233.0000,3231.6000,3240.4000,3240.6000,3241.2000,3242.0000,3244.2000,1,1,2,1,2,1,1,1,2,6
SF,IH2103,2020-09-16 09:33:26.400,3238.6000,5664,0,54464460.000,1,0,1,多换,S,3238.2000,3238.0000,3233.0000,3231.6000,3230.2000,3240.4000,3240.6000,3241.2000,3242.0000,3244.2000,1,2,1,2,1,1,1,1,2,6
SF,IH2103,2020-09-16 09:33:26.900,3238.6000,5664,0,54464460.000,0,-,-,-,-,3238.2000,3238.0000,3233.0000,3231.6000,3230.2000,3240.2000,3240.4000,3242.0000,3244.2000,3245.8000,1,2,1,2,1,1,1,2,6,1
SF,IH2103,2020-09-16 09:33:27.400,3238.6000,5664,0,54464460.000,0,-,-,-,-,3238.2000,3238.0000,3233.0000,3231.6000,3230.2000,3240.0000,3240.2000,3242.0000,3244.2000,3245.8000,1,2,1,2,1,2,1,2,6,1
SF,IH2103,2020-09-16 09:33:28.900,3238.6000,5664,0,54464460.000,0,-,-,-,-,3238.2000,3238.0000,3233.0000,3231.6000,3230.2000,3240.0000,3240.2000,3242.0000,3244.2000,3245.8000,1,2,1,2,1,1,1,2,6,1
SF,IH2103,2020-09-16 09:33:29.400,3238.6000,5664,0,54464460.000,0,-,-,-,-,3238.6000,3238.2000,3238.0000,3233.0000,3231.6000,3240.0000,3240.2000,3242.0000,3244.2000,3245.8000,1,1,2,1,2,1,1,2,6,1
SF,IH2103,2020-09-16 09:33:29.900,3238.6000,5664,0,54464460.000,0,-,-,-,-,3238.6000,3238.2000,3238.0000,3233.0000,3231.6000,3239.6000,3240.2000,3242.0000,3244.2000,3245.8000,1,1,2,1,2,1,1,2,6,1
SF,IH2103,2020-09-16 09:33:30.400,3239.6000,5663,-1,55436340.000,1,0,1,双平,S,3239.8000,3238.6000,3238.2000,3238.0000,3233.0000,3240.2000,3242.0000,3244.2000,3245.8000,3246.0000,1,1,1,2,1,1,2,6,1,1
SF,IH2103,2020-09-16 09:33:30.900,3239.8000,5661,-2,57380340.000,2,0,2,双平,S,3238.2000,3238.0000,3233.0000,3231.6000,3230.2000,3242.0000,3244.2000,3245.8000,3246.0000,3248.0000,1,2,1,2,1,2,6,1,1,1
SF,IH2103,2020-09-16 09:33:31.400,3239.8000,5661,0,57380340.000,0,-,-,-,-,3238.4000,3238.2000,3238.0000,3233.0000,3231.6000,3241.8000,3242.0000,3244.2000,3245.8000,3246.0000,2,1,2,1,2,2,2,6,1,1
SF,IH2103,2020-09-16 09:33:31.900,3239.8000,5661,0,57380340.000,0,-,-,-,-,3238.4000,3238.2000,3238.0000,3233.0000,3231.6000,3241.6000,3241.8000,3242.0000,3244.2000,3245.8000,2,1,2,1,2,3,2,2,6,1
SF,IH2103,2020-09-16 09:33:32.400,3239.8000,5661,0,57380340.000,0,-,-,-,-,3238.8000,3238.4000,3238.2000,3238.0000,3233.0000,3241.4000,3241.6000,3242.0000,3244.2000,3245.8000,2,2,1,2,1,2,3,2,6,1
SF,IH2103,2020-09-16 09:33:32.900,3239.8000,5661,0,57380340.000,0,-,-,-,-,3239.0000,3238.8000,3238.2000,3238.0000,3233.0000,3241.4000,3241.6000,3242.0000,3244.2000,3245.8000,1,2,1,2,1,1,3,2,6,1
SF,IH2103,2020-09-16 09:33:33.400,3239.8000,5661,0,57380340.000,0,-,-,-,-,3239.8000,3239.4000,3239.0000,3238.2000,3238.0000,3241.4000,3242.0000,3244.2000,3245.8000,3248.0000,1,2,1,1,2,1,2,6,1,1
SF,IH2103,2020-09-16 09:33:33.900,3239.8000,5661,0,57380340.000,0,-,-,-,-,3240.0000,3239.8000,3238.2000,3238.0000,3233.0000,3242.0000,3244.2000,3245.8000,3248.0000,3257.0000,3,1,1,2,1,2,6,1,1,3
SF,IH2103,2020-09-16 09:33:34.400,3239.8000,5661,0,57380340.000,0,-,-,-,-,3240.2000,3238.2000,3238.0000,3233.0000,3231.6000,3241.8000,3242.0000,3244.2000,3245.8000,3248.0000,1,1,2,1,2,1,2,6,1,1
SF,IH2103,2020-09-16 09:33:36.400,3239.8000,5661,0,57380340.000,0,-,-,-,-,3240.2000,3238.2000,3238.0000,3233.0000,3231.6000,3241.6000,3241.8000,3242.0000,3244.2000,3245.8000,1,1,2,1,2,1,1,2,6,1
SF,IH2103,2020-09-16 09:33:36.900,3239.8000,5661,0,57380340.000,0,-,-,-,-,3240.4000,3238.2000,3238.0000,3233.0000,3231.6000,3241.6000,3241.8000,3242.0000,3244.2000,3245.8000,1,1,2,1,2,1,1,2,6,1
SF,IH2103,2020-09-16 09:33:39.900,3239.8000,5661,0,57380340.000,0,-,-,-,-,3240.4000,3238.2000,3238.0000,3233.0000,3231.6000,3241.8000,3242.0000,3244.2000,3245.8000,3248.0000,1,1,2,1,2,1,2,6,1,1
SF,IH2103,2020-09-16 09:33:40.400,3239.8000,5661,0,57380340.000,0,-,-,-,-,3240.8000,3238.2000,3238.0000,3233.0000,3231.6000,3241.8000,3242.0000,3244.2000,3245.8000,3248.0000,1,1,2,1,2,1,2,6,1,1
SF,IH2103,2020-09-16 09:33:40.900,3240.8000,5660,-1,58352580.000,1,0,1,双平,S,3238.2000,3238.0000,3233.0000,3231.6000,3230.2000,3240.6000,3240.8000,3241.8000,3242.0000,3244.2000,1,2,1,2,1,1,1,1,2,6
SF,IH2103,2020-09-16 09:33:41.400,3240.6000,5659,-1,59324760.000,1,0,1,双平,S,3239.2000,3238.6000,3238.4000,3238.2000,3238.0000,3240.8000,3242.0000,3242.8000,3244.2000,3245.8000,1,1,2,1,2,1,2,1,6,1
SF,IH2103,2020-09-16 09:33:41.900,3240.6000,5659,0,59324760.000,0,-,-,-,-,3239.2000,3238.4000,3238.2000,3238.0000,3233.0000,3240.8000,3242.0000,3242.8000,3244.2000,3245.8000,1,2,1,2,1,1,2,1,6,1
SF,IH2103,2020-09-16 09:33:42.400,3240.6000,5659,0,59324760.000,0,-,-,-,-,3239.4000,3239.2000,3238.4000,3238.2000,3238.0000,3240.6000,3240.8000,3242.0000,3242.8000,3244.2000,1,1,2,1,2,1,1,2,1,6
SF,IH2103,2020-09-16 09:33:42.900,3240.6000,5658,-1,60296940.000,1,0,1,双平,S,3239.6000,3239.2000,3238.4000,3238.2000,3238.0000,3240.8000,3242.0000,3242.8000,3244.2000,3245.8000,1,1,1,1,2,1,2,1,6,1
SF,IH2103,2020-09-16 09:33:43.400,3240.8000,5658,0,61269180.000,1,0,1,多换,S,3239.6000,3239.2000,3238.8000,3238.4000,3238.2000,3242.0000,3242.8000,3244.2000,3245.8000,3248.0000,1,1,1,1,1,2,1,6,1,1
SF,IH2103,2020-09-16 09:33:43.900,3240.8000,5658,0,61269180.000,0,-,-,-,-,3239.6000,3239.2000,3238.8000,3238.2000,3238.0000,3241.8000,3242.0000,3242.8000,3244.2000,3245.8000,1,1,1,1,2,2,2,1,6,1
SF,IH2103,2020-09-16 09:33:47.900,3240.8000,5658,0,61269180.000,0,-,-,-,-,3239.6000,3239.2000,3238.8000,3238.2000,3238.0000,3241.8000,3242.0000,3242.8000,3243.6000,3244.2000,1,1,1,1,2,2,2,1,1,6
SF,IH2103,2020-09-16 09:33:49.900,3240.8000,5658,0,61269180.000,0,-,-,-,-,3240.0000,3239.6000,3239.2000,3238.8000,3238.2000,3241.8000,3242.0000,3242.8000,3243.6000,3244.2000,1,1,1,1,1,2,2,1,1,6
SF,IH2103,2020-09-16 09:33:52.900,3240.0000,5658,0,62241180.000,1,0,1,多换,S,3239.6000,3239.2000,3238.8000,3238.2000,3238.0000,3241.8000,3242.0000,3242.8000,3243.6000,3244.2000,1,1,1,1,2,2,2,1,1,6
SF,IH2103,2020-09-16 09:33:53.400,3240.0000,5658,0,62241180.000,0,-,-,-,-,3239.2000,3238.8000,3238.2000,3238.0000,3233.0000,3241.8000,3242.0000,3242.8000,3243.6000,3244.2000,1,1,1,2,1,2,2,1,1,6
SF,IH2103,2020-09-16 09:33:53.900,3240.0000,5658,0,62241180.000,0,-,-,-,-,3238.8000,3238.2000,3238.0000,3233.0000,3231.6000,3241.8000,3242.0000,3242.8000,3243.6000,3244.2000,1,1,2,1,2,2,2,1,1,6
SF,IH2103,2020-09-16 09:33:56.400,3240.0000,5658,0,62241180.000,0,-,-,-,-,3239.4000,3238.8000,3238.2000,3238.0000,3233.0000,3241.8000,3242.0000,3242.8000,3243.6000,3244.2000,1,1,1,2,1,2,2,1,1,6
SF,IH2103,2020-09-16 09:33:56.900,3240.0000,5658,0,62241180.000,0,-,-,-,-,3239.6000,3238.8000,3238.2000,3238.0000,3233.0000,3241.8000,3242.0000,3242.8000,3243.6000,3244.2000,3,1,1,2,1,1,2,1,1,6
SF,IH2103,2020-09-16 09:33:59.400,3241.8000,5658,0,63213720.000,1,0,1,多换,S,3239.6000,3238.8000,3238.2000,3238.0000,3233.0000,3242.0000,3242.8000,3243.6000,3244.2000,3245.8000,3,1,1,2,1,2,1,1,6,1
SF,IH2103,2020-09-16 09:33:59.900,3241.8000,5658,0,63213720.000,0,-,-,-,-,3239.6000,3238.8000,3238.2000,3238.0000,3233.0000,3242.0000,3242.8000,3243.6000,3244.2000,3245.8000,2,1,1,2,1,2,1,1,6,1
SF,IH2103,2020-09-16 09:34:00.400,3241.8000,5658,0,63213720.000,0,-,-,-,-,3239.6000,3238.8000,3238.2000,3238.0000,3233.0000,3241.8000,3242.0000,3242.8000,3243.6000,3244.2000,2,1,1,2,1,1,2,1,1,6
SF,IH2103,2020-09-16 09:34:00.900,3241.8000,5658,0,63213720.000,0,-,-,-,-,3239.6000,3238.8000,3238.2000,3238.0000,3233.0000,3241.6000,3241.8000,3242.0000,3242.8000,3243.6000,1,1,1,2,1,1,1,2,1,1
SF,IH2103,2020-09-16 09:34:01.400,3241.8000,5658,0,63213720.000,0,-,-,-,-,3239.8000,3239.6000,3238.8000,3238.2000,3238.0000,3241.4000,3241.6000,3241.8000,3242.0000,3242.8000,1,1,1,1,2,1,1,1,2,1
SF,IH2103,2020-09-16 09:34:01.900,3241.8000,5658,0,63213720.000,0,-,-,-,-,3240.0000,3238.8000,3238.2000,3238.0000,3233.0000,3241.4000,3241.6000,3241.8000,3242.0000,3242.8000,3,1,1,2,1,1,1,1,2,1
SF,IH2103,2020-09-16 09:34:02.400,3241.8000,5658,0,63213720.000,0,-,-,-,-,3240.0000,3238.8000,3238.2000,3238.0000,3233.0000,3241.6000,3241.8000,3242.0000,3242.8000,3243.6000,3,1,1,2,1,1,1,2,1,1
SF,IH2103,2020-09-16 09:34:02.900,3241.8000,5658,0,63213720.000,0,-,-,-,-,3241.6000,3240.2000,3238.8000,3238.2000,3238.0000,3241.8000,3242.0000,3242.8000,3243.6000,3244.2000,1,2,2,1,2,1,2,1,1,6
SF,IH2103,2020-09-16 09:34:03.400,3241.8000,5657,-1,64186260.000,1,0,1,双平,S,3241.8000,3241.6000,3238.8000,3238.2000,3238.0000,3242.0000,3242.8000,3243.6000,3244.2000,3245.8000,1,1,2,1,2,2,1,1,6,1
SF,IH2103,2020-09-16 09:34:03.900,3242.0000,5655,-2,66131460.000,2,0,2,双平,S,3241.6000,3240.4000,3238.8000,3238.2000,3238.0000,3242.8000,3243.6000,3244.0000,3244.2000,3245.8000,1,1,2,1,2,1,1,1,6,1
SF,IH2103,2020-09-16 09:34:07.400,3242.0000,5655,0,66131460.000,0,-,-,-,-,3240.4000,3238.8000,3238.2000,3238.0000,3233.0000,3242.8000,3243.6000,3244.0000,3244.2000,3245.8000,1,2,1,2,1,1,1,1,6,1
SF,IH2103,2020-09-16 09:34:07.900,3242.0000,5655,0,66131460.000,0,-,-,-,-,3240.8000,3240.6000,3240.4000,3239.2000,3238.8000,3242.8000,3243.6000,3244.0000,3244.2000,3245.8000,2,1,1,1,2,1,1,1,6,1
SF,IH2103,2020-09-16 09:34:08.400,3242.0000,5655,0,66131460.000,0,-,-,-,-,3241.0000,3240.4000,3239.2000,3238.8000,3238.2000,3242.8000,3243.6000,3244.0000,3244.2000,3245.8000,2,1,1,2,1,1,1,1,6,1
SF,IH2103,2020-09-16 09:34:10.400,3241.0000,5653,-2,68076060.000,2,0,2,双平,S,3240.4000,3239.2000,3238.8000,3238.2000,3238.0000,3241.0000,3242.8000,3243.6000,3244.0000,3244.2000,1,1,2,1,2,1,1,1,1,6
SF,IH2103,2020-09-16 09:34:10.900,3241.0000,5652,-1,69048360.000,1,0,1,双平,S,3240.4000,3239.2000,3238.8000,3238.2000,3238.0000,3242.8000,3243.6000,3244.2000,3245.8000,3248.0000,1,1,2,1,2,1,1,6,1,1
SF,IH2103,2020-09-16 09:34:11.400,3241.0000,5652,0,69048360.000,0,-,-,-,-,3240.4000,3239.2000,3238.8000,3238.2000,3238.0000,3242.6000,3242.8000,3243.6000,3244.2000,3245.8000,1,1,2,1,2,3,1,1,7,1
SF,IH2103,2020-09-16 09:34:11.900,3241.0000,5652,0,69048360.000,0,-,-,-,-,3240.4000,3239.2000,3238.8000,3238.2000,3238.0000,3242.6000,3242.8000,3243.6000,3244.2000,3245.8000,1,1,2,1,2,2,1,1,7,1
SF,IH2103,2020-09-16 09:34:12.400,3241.0000,5652,0,69048360.000,0,-,-,-,-,3240.8000,3240.6000,3240.4000,3239.2000,3238.8000,3242.6000,3242.8000,3243.6000,3244.2000,3248.0000,2,1,1,1,2,1,1,1,7,1
SF,IH2103,2020-09-16 09:34:12.900,3241.0000,5652,0,69048360.000,0,-,-,-,-,3241.0000,3240.8000,3240.4000,3239.2000,3238.8000,3242.6000,3242.8000,3243.6000,3244.2000,3248.0000,1,2,1,1,2,1,1,1,7,1
SF,IH2103,2020-09-16 09:34:13.400,3241.0000,5652,0,69048360.000,0,-,-,-,-,3241.0000,3240.4000,3239.2000,3238.8000,3238.2000,3242.6000,3242.8000,3243.6000,3244.2000,3248.0000,1,1,1,2,1,1,1,1,7,1
SF,IH2103,2020-09-16 09:34:14.400,3241.0000,5652,0,69048360.000,0,-,-,-,-,3241.2000,3241.0000,3240.4000,3239.2000,3238.8000,3242.6000,3242.8000,3243.6000,3244.2000,3248.0000,1,1,1,1,2,1,1,1,7,1
SF,IH2103,2020-09-16 09:34:14.900,3241.0000,5652,0,69048360.000,0,-,-,-,-,3240.4000,3239.2000,3238.8000,3238.0000,3233.0000,3242.4000,3242.8000,3243.6000,3244.2000,3248.0000,1,1,2,2,1,1,1,1,7,1
SF,IH2103,2020-09-16 09:34:15.400,3241.0000,5652,0,69048360.000,0,-,-,-,-,3240.4000,3239.2000,3238.8000,3238.0000,3233.0000,3242.2000,3242.4000,3242.8000,3243.6000,3244.2000,1,1,2,2,1,1,1,1,1,7
SF,IH2103,2020-09-16 09:34:15.900,3241.0000,5652,0,69048360.000,0,-,-,-,-,3240.4000,3239.2000,3238.8000,3238.0000,3233.0000,3242.0000,3242.2000,3242.8000,3243.6000,3244.2000,1,1,2,2,1,1,1,1,1,7
SF,IH2103,2020-09-16 09:34:16.900,3241.0000,5652,0,69048360.000,0,-,-,-,-,3240.4000,3239.2000,3238.8000,3238.0000,3233.0000,3241.2000,3242.0000,3242.2000,3242.8000,3243.6000,1,1,2,2,1,1,1,1,1,1
SF,IH2103,2020-09-16 09:34:17.400,3241.0000,5652,0,69048360.000,0,-,-,-,-,3240.4000,3239.2000,3238.8000,3238.0000,3233.0000,3241.2000,3242.0000,3242.2000,3242.8000,3243.6000,1,1,2,2,1,1,1,1,1,1
SF,IH2103,2020-09-16 09:34:17.900,3241.0000,5652,0,69048360.000,0,-,-,-,-,3240.4000,3239.2000,3238.8000,3238.0000,3233.0000,3242.0000,3242.2000,3242.8000,3243.6000,3244.2000,1,1,2,2,1,1,1,1,1,6
SF,IH2103,2020-09-16 09:34:18.400,3241.0000,5652,0,69048360.000,0,-,-,-,-,3240.4000,3239.2000,3238.8000,3238.0000,3233.0000,3242.0000,3242.2000,3242.8000,3243.6000,3244.0000,1,1,2,2,1,1,1,1,1,1
SF,IH2103,2020-09-16 09:34:19.400,3241.0000,5652,0,69048360.000,0,-,-,-,-,3240.4000,3239.2000,3238.8000,3238.0000,3233.0000,3242.0000,3242.2000,3242.8000,3243.6000,3244.0000,1,1,2,2,1,1,1,2,1,1
SF,IH2103,2020-09-16 09:34:21.900,3240.4000,5651,-1,70020480.000,1,0,1,双平,S,3239.2000,3238.8000,3238.0000,3237.6000,3233.0000,3242.0000,3242.2000,3242.8000,3243.6000,3244.0000,1,2,2,1,1,1,1,2,1,1
SF,IH2103,2020-09-16 09:34:22.400,3240.4000,5651,0,70020480.000,0,-,-,-,-,3239.6000,3239.4000,3239.2000,3238.8000,3238.0000,3241.8000,3242.0000,3242.8000,3243.6000,3244.0000,2,1,1,2,2,2,1,2,1,1
SF,IH2103,2020-09-16 09:34:22.900,3240.4000,5651,0,70020480.000,0,-,-,-,-,3239.6000,3239.4000,3239.2000,3238.8000,3238.0000,3241.6000,3241.8000,3242.8000,3243.6000,3244.0000,2,1,1,2,2,1,2,2,1,1
SF,IH2103,2020-09-16 09:34:23.400,3240.4000,5651,0,70020480.000,0,-,-,-,-,3240.0000,3239.8000,3239.2000,3238.8000,3238.0000,3241.4000,3241.8000,3242.8000,3243.6000,3244.2000,1,3,1,2,2,1,1,2,1,6
SF,IH2103,2020-09-16 09:34:23.900,3240.4000,5651,0,70020480.000,0,-,-,-,-,3240.0000,3239.8000,3239.2000,3238.8000,3238.0000,3241.8000,3242.8000,3243.6000,3244.2000,3248.0000,1,3,1,2,2,1,2,1,6,1
SF,IH2103,2020-09-16 09:34:24.900,3240.4000,5651,0,70020480.000,0,-,-,-,-,3239.8000,3239.2000,3238.8000,3238.0000,3233.0000,3241.8000,3242.8000,3243.6000,3244.2000,3248.0000,3,1,2,2,1,1,2,1,6,1
SF,IH2103,2020-09-16 09:34:25.400,3240.4000,5651,0,70020480.000,0,-,-,-,-,3240.0000,3239.8000,3239.2000,3238.8000,3238.0000,3241.6000,3241.8000,3242.8000,3243.6000,3244.2000,2,1,1,2,2,1,1,2,1,6
SF,IH2103,2020-09-16 09:34:25.900,3240.4000,5651,0,70020480.000,0,-,-,-,-,3239.8000,3239.2000,3238.8000,3238.0000,3233.0000,3241.6000,3241.8000,3242.8000,3243.6000,3244.2000,1,1,2,2,1,1,1,2,1,6
SF,IH2103,2020-09-16 09:34:26.400,3240.4000,5651,0,70020480.000,0,-,-,-,-,3240.2000,3239.2000,3238.8000,3238.0000,3233.0000,3241.6000,3241.8000,3242.8000,3243.6000,3244.2000,1,1,2,2,1,1,1,2,1,6
SF,IH2103,2020-09-16 09:34:26.900,3240.4000,5651,0,70020480.000,0,-,-,-,-,3240.2000,3239.2000,3238.8000,3238.0000,3233.0000,3241.8000,3242.8000,3243.6000,3244.2000,3248.0000,1,1,2,2,1,1,2,1,6,1
SF,IH2103,2020-09-16 09:34:27.400,3240.4000,5651,0,70020480.000,0,-,-,-,-,3240.4000,3239.2000,3238.8000,3238.0000,3233.0000,3241.8000,3242.8000,3243.6000,3244.2000,3248.0000,2,1,2,2,1,1,2,1,6,1
SF,IH2103,2020-09-16 09:34:28.900,3241.8000,5650,-1,70993020.000,1,0,1,双平,S,3241.8000,3240.4000,3239.2000,3238.8000,3238.0000,3242.8000,3243.6000,3244.2000,3248.0000,3257.0000,1,2,1,2,2,2,1,6,1,3
SF,IH2103,2020-09-16 09:34:29.400,3241.8000,5650,0,70993020.000,0,-,-,-,-,3238.8000,3238.0000,3233.0000,3231.6000,3230.2000,3242.8000,3243.6000,3244.2000,3248.0000,3257.0000,2,2,1,2,2,2,1,6,1,3
SF,IH2103,2020-09-16 09:34:29.900,3241.8000,5650,0,70993020.000,0,-,-,-,-,3240.0000,3239.8000,3239.0000,3238.8000,3238.0000,3242.6000,3242.8000,3243.6000,3244.2000,3248.0000,1,2,1,2,2,2,2,1,6,1
SF,IH2103,2020-09-16 09:34:30.400,3241.8000,5650,0,70993020.000,0,-,-,-,-,3240.2000,3240.0000,3239.8000,3238.8000,3238.0000,3242.6000,3242.8000,3243.6000,3244.2000,3248.0000,1,1,1,2,2,3,2,1,6,1
SF,IH2103,2020-09-16 09:34:30.900,3241.8000,5650,0,70993020.000,0,-,-,-,-,3240.2000,3240.0000,3238.8000,3238.0000,3233.0000,3242.6000,3242.8000,3243.6000,3244.2000,3248.0000,1,1,2,2,1,3,2,1,6,1
SF,IH2103,2020-09-16 09:34:31.400,3241.8000,5650,0,70993020.000,0,-,-,-,-,3240.2000,3240.0000,3238.8000,3238.0000,3233.0000,3242.4000,3242.6000,3242.8000,3243.6000,3244.2000,1,1,2,2,1,1,2,2,1,6
SF,IH2103,2020-09-16 09:34:31.900,3241.8000,5650,0,70993020.000,0,-,-,-,-,3240.2000,3240.0000,3238.8000,3238.0000,3233.0000,3242.2000,3242.4000,3242.6000,3242.8000,3243.6000,1,1,2,2,1,1,1,1,2,1
SF,IH2103,2020-09-16 09:34:32.900,3241.8000,5650,0,70993020.000,0,-,-,-,-,3240.2000,3238.8000,3238.0000,3233.0000,3231.6000,3242.2000,3242.4000,3242.6000,3242.8000,3243.6000,1,2,2,1,2,1,1,1,2,1
SF,IH2103,2020-09-16 09:34:33.400,3241.8000,5650,0,70993020.000,0,-,-,-,-,3238.8000,3238.0000,3233.0000,3231.6000,3230.2000,3242.0000,3242.2000,3242.4000,3242.8000,3243.6000,2,2,1,2,2,1,1,1,2,1
SF,IH2103,2020-09-16 09:34:33.900,3241.8000,5650,0,70993020.000,0,-,-,-,-,3239.2000,3239.0000,3238.8000,3238.0000,3233.0000,3241.8000,3242.0000,3242.4000,3242.8000,3243.6000,3,2,2,2,1,1,1,1,2,1
SF,IH2103,2020-09-16 09:34:34.400,3241.8000,5650,0,70993020.000,0,-,-,-,-,3239.4000,3239.2000,3239.0000,3238.8000,3238.0000,3241.8000,3242.0000,3242.4000,3242.8000,3243.6000,1,3,1,2,2,1,1,1,2,1
SF,IH2103,2020-09-16 09:34:34.900,3241.8000,5650,0,70993020.000,0,-,-,-,-,3239.8000,3239.4000,3239.2000,3238.8000,3238.0000,3241.8000,3242.0000,3242.4000,3242.8000,3243.6000,2,1,1,2,2,1,1,1,2,1
SF,IH2103,2020-09-16 09:34:35.400,3241.8000,5650,0,70993020.000,0,-,-,-,-,3240.0000,3239.4000,3239.2000,3238.8000,3238.0000,3241.8000,3242.0000,3242.4000,3242.8000,3243.6000,2,1,1,2,2,1,1,1,2,1
SF,IH2103,2020-09-16 09:34:35.900,3241.8000,5650,0,70993020.000,0,-,-,-,-,3240.0000,3239.4000,3238.8000,3238.0000,3233.0000,3241.8000,3242.0000,3242.4000,3242.8000,3243.6000,2,1,2,2,1,1,1,1,2,1
SF,IH2103,2020-09-16 09:34:36.400,3241.8000,5650,0,70993020.000,0,-,-,-,-,3240.2000,3240.0000,3238.8000,3238.0000,3233.0000,3241.8000,3242.4000,3242.8000,3243.6000,3244.2000,1,2,2,2,1,1,1,2,1,6
SF,IH2103,2020-09-16 09:34:36.900,3241.8000,5650,0,70993020.000,0,-,-,-,-,3240.2000,3238.8000,3238.0000,3233.0000,3231.6000,3241.8000,3242.4000,3242.8000,3243.6000,3244.2000,1,2,2,1,2,1,1,2,1,6
SF,IH2103,2020-09-16 09:34:37.400,3241.8000,5650,0,70993020.000,0,-,-,-,-,3240.4000,3240.2000,3238.8000,3238.0000,3233.0000,3241.8000,3242.4000,3242.8000,3243.6000,3244.2000,2,1,2,2,1,1,1,2,1,6
SF,IH2103,2020-09-16 09:34:37.900,3241.8000,5650,0,70993020.000,0,-,-,-,-,3240.4000,3240.2000,3238.8000,3238.0000,3233.0000,3242.8000,3243.6000,3244.2000,3248.0000,3257.0000,2,1,2,2,1,2,1,6,1,3
SF,IH2103,2020-09-16 09:34:38.400,3241.8000,5650,0,70993020.000,0,-,-,-,-,3238.8000,3238.0000,3233.0000,3231.6000,3230.2000,3242.2000,3242.4000,3242.6000,3242.8000,3243.6000,2,2,1,2,2,1,1,2,2,1
SF,IH2103,2020-09-16 09:34:38.900,3241.8000,5650,0,70993020.000,0,-,-,-,-,3239.6000,3239.4000,3239.0000,3238.8000,3238.0000,3242.0000,3242.2000,3242.4000,3242.8000,3243.6000,1,2,1,2,2,2,1,1,2,1
SF,IH2103,2020-09-16 09:34:39.400,3241.8000,5650,0,70993020.000,0,-,-,-,-,3239.8000,3239.6000,3239.4000,3238.8000,3238.0000,3242.0000,3242.2000,3242.4000,3242.8000,3243.6000,1,1,1,2,2,2,1,1,2,1
SF,IH2103,2020-09-16 09:34:39.900,3241.8000,5650,0,70993020.000,0,-,-,-,-,3239.4000,3238.8000,3238.0000,3233.0000,3231.6000,3242.0000,3242.2000,3242.4000,3242.8000,3243.6000,1,2,2,1,2,2,1,1,2,1
SF,IH2103,2020-09-16 09:34:40.400,3241.8000,5650,0,70993020.000,0,-,-,-,-,3238.8000,3238.0000,3233.0000,3231.6000,3230.2000,3242.0000,3242.2000,3242.4000,3242.8000,3243.6000,2,2,1,2,2,2,1,1,2,1
SF,IH2103,2020-09-16 09:34:40.900,3241.8000,5650,0,70993020.000,0,-,-,-,-,3239.0000,3238.8000,3238.0000,3233.0000,3231.6000,3241.8000,3242.0000,3242.2000,3242.4000,3242.8000,1,2,2,1,2,1,2,1,1,2
SF,IH2103,2020-09-16 09:34:41.400,3241.8000,5650,0,70993020.000,0,-,-,-,-,3239.0000,3238.8000,3238.0000,3233.0000,3231.6000,3241.6000,3241.8000,3242.2000,3242.8000,3243.6000,1,2,2,1,2,2,1,1,2,1
SF,IH2103,2020-09-16 09:34:41.900,3241.8000,5650,0,70993020.000,0,-,-,-,-,3239.2000,3239.0000,3238.8000,3238.0000,3233.0000,3241.6000,3241.8000,3242.2000,3242.8000,3243.6000,1,1,2,2,1,2,1,1,2,1
SF,IH2103,2020-09-16 09:34:42.400,3241.8000,5650,0,70993020.000,0,-,-,-,-,3239.4000,3238.8000,3238.0000,3233.0000,3231.6000,3241.6000,3241.8000,3242.2000,3242.8000,3243.6000,1,2,2,1,2,2,1,1,2,1
SF,IH2103,2020-09-16 09:34:43.400,3241.8000,5650,0,70993020.000,0,-,-,-,-,3239.4000,3238.8000,3238.0000,3233.0000,3231.6000,3241.6000,3241.8000,3242.2000,3242.8000,3243.6000,1,2,2,1,2,2,1,1,2,1
SF,IH2103,2020-09-16 09:34:43.900,3241.8000,5650,0,70993020.000,0,-,-,-,-,3238.8000,3238.0000,3233.0000,3231.6000,3230.2000,3241.4000,3241.6000,3242.2000,3242.8000,3243.6000,2,2,1,2,2,1,2,1,2,1
SF,IH2103,2020-09-16 09:34:44.400,3241.8000,5650,0,70993020.000,0,-,-,-,-,3239.2000,3239.0000,3238.8000,3238.0000,3233.0000,3241.2000,3241.4000,3241.6000,3242.2000,3242.8000,1,2,2,2,1,1,1,1,1,2
SF,IH2103,2020-09-16 09:34:44.900,3241.8000,5650,0,70993020.000,0,-,-,-,-,3239.4000,3239.0000,3238.8000,3238.0000,3233.0000,3241.2000,3241.4000,3241.6000,3242.2000,3242.8000,1,1,2,2,1,1,1,1,1,2
SF,IH2103,2020-09-16 09:34:49.900,3241.8000,5650,0,70993020.000,0,-,-,-,-,3239.4000,3239.0000,3238.8000,3238.0000,3233.0000,3241.2000,3241.6000,3242.2000,3242.8000,3243.6000,1,1,2,2,1,1,1,1,2,1
SF,IH2103,2020-09-16 09:34:54.900,3241.8000,5650,0,70993020.000,0,-,-,-,-,3239.4000,3239.0000,3238.8000,3238.0000,3233.0000,3241.0000,3241.2000,3241.6000,3242.2000,3242.8000,1,1,2,2,1,1,1,1,1,2
SF,IH2103,2020-09-16 09:34:55.400,3241.8000,5650,0,70993020.000,0,-,-,-,-,3238.8000,3238.0000,3233.0000,3231.6000,3230.2000,3240.8000,3241.0000,3241.2000,3242.2000,3242.8000,2,2,1,2,2,1,1,1,1,2
SF,IH2103,2020-09-16 09:34:55.900,3241.8000,5650,0,70993020.000,0,-,-,-,-,3238.8000,3238.0000,3233.0000,3231.6000,3230.2000,3240.6000,3240.8000,3241.0000,3242.2000,3242.8000,2,2,1,2,2,1,1,1,1,2
SF,IH2103,2020-09-16 09:34:56.400,3241.8000,5650,0,70993020.000,0,-,-,-,-,3239.0000,3238.8000,3238.0000,3233.0000,3231.6000,3240.6000,3240.8000,3241.0000,3242.2000,3242.8000,1,2,2,1,2,1,1,2,1,2
SF,IH2103,2020-09-16 09:34:57.400,3241.8000,5650,0,70993020.000,0,-,-,-,-,3238.8000,3238.0000,3233.0000,3231.6000,3230.2000,3240.6000,3240.8000,3241.0000,3242.2000,3242.8000,2,2,1,2,2,1,1,2,1,2
SF,IH2103,2020-09-16 09:34:57.900,3241.8000,5650,0,70993020.000,0,-,-,-,-,3239.2000,3238.8000,3238.0000,3233.0000,3231.6000,3240.6000,3240.8000,3241.0000,3242.2000,3242.8000,2,2,2,1,2,1,1,2,1,2
SF,IH2103,2020-09-16 09:34:58.400,3241.8000,5650,0,70993020.000,0,-,-,-,-,3239.2000,3238.8000,3238.0000,3233.0000,3231.6000,3240.8000,3241.0000,3242.2000,3242.8000,3243.6000,2,2,2,1,2,1,1,1,2,1
SF,IH2103,2020-09-16 09:34:58.900,3241.8000,5650,0,70993020.000,0,-,-,-,-,3239.4000,3238.8000,3238.0000,3233.0000,3231.6000,3240.8000,3241.0000,3242.2000,3242.8000,3243.6000,2,2,2,1,2,1,1,1,2,1
SF,IH2103,2020-09-16 09:35:00.900,3239.4000,5649,-1,71964840.000,1,0,1,双平,S,3239.4000,3238.8000,3238.0000,3233.0000,3231.6000,3240.8000,3241.0000,3242.2000,3242.8000,3243.6000,1,2,2,1,2,1,1,1,2,1
SF,IH2103,2020-09-16 09:35:02.900,3239.4000,5649,0,71964840.000,0,-,-,-,-,3238.8000,3238.0000,3233.0000,3231.6000,3230.2000,3240.8000,3241.0000,3242.2000,3242.8000,3243.6000,2,2,1,2,2,1,1,1,2,1
SF,IH2103,2020-09-16 09:35:03.400,3239.4000,5649,0,71964840.000,0,-,-,-,-,3239.0000,3238.8000,3238.0000,3233.0000,3231.6000,3240.6000,3240.8000,3241.0000,3242.2000,3242.8000,1,2,2,1,2,1,1,1,1,2
SF,IH2103,2020-09-16 09:35:03.900,3239.4000,5649,0,71964840.000,0,-,-,-,-,3238.8000,3238.0000,3233.0000,3231.6000,3230.2000,3240.6000,3240.8000,3241.0000,3242.2000,3242.8000,2,2,1,2,2,1,1,1,1,2
SF,IH2103,2020-09-16 09:35:04.400,3239.4000,5649,0,71964840.000,0,-,-,-,-,3238.8000,3238.0000,3233.0000,3231.6000,3230.2000,3240.4000,3240.6000,3241.0000,3242.2000,3242.8000,2,2,1,2,2,1,1,1,1,2
SF,IH2103,2020-09-16 09:35:04.900,3239.4000,5649,0,71964840.000,0,-,-,-,-,3238.8000,3238.0000,3233.0000,3231.6000,3230.2000,3240.2000,3240.4000,3240.6000,3242.2000,3242.8000,2,2,1,2,2,1,1,1,1,1
SF,IH2103,2020-09-16 09:35:05.400,3239.4000,5649,0,71964840.000,0,-,-,-,-,3238.8000,3238.0000,3233.0000,3231.6000,3230.2000,3240.0000,3240.2000,3240.4000,3240.6000,3242.2000,2,2,1,2,2,1,1,1,1,1
SF,IH2103,2020-09-16 09:35:05.900,3239.4000,5649,0,71964840.000,0,-,-,-,-,3238.8000,3238.0000,3233.0000,3231.6000,3230.2000,3240.0000,3240.4000,3240.6000,3242.2000,3242.8000,2,2,1,2,2,1,1,1,1,1
SF,IH2103,2020-09-16 09:35:08.400,3238.8000,5648,-1,73908120.000,2,0,2,多平,S,3238.0000,3233.0000,3231.6000,3230.2000,3230.0000,3238.8000,3240.0000,3240.4000,3240.6000,3242.2000,2,1,2,2,1,1,1,1,1,1
SF,IH2103,2020-09-16 09:35:08.900,3238.8000,5648,0,73908120.000,0,-,-,-,-,3238.0000,3233.0000,3231.6000,3230.2000,3230.0000,3238.8000,3240.0000,3240.4000,3240.6000,3242.2000,2,1,2,2,1,1,2,1,1,1
SF,IH2103,2020-09-16 09:35:09.400,3238.0000,5648,0,75850920.000,2,1,1,多换,S,3233.0000,3231.6000,3230.2000,3230.0000,3221.2000,3238.8000,3240.0000,3240.4000,3240.6000,3242.2000,1,2,2,1,1,1,2,1,1,1
SF,IH2103,2020-09-16 09:35:09.900,3238.0000,5648,0,75850920.000,0,-,-,-,-,3236.2000,3236.0000,3235.2000,3234.6000,3233.2000,3238.6000,3238.8000,3240.0000,3242.8000,3243.6000,3,1,1,3,1,1,1,2,1,1
SF,IH2103,2020-09-16 09:35:10.400,3238.0000,5648,0,75850920.000,0,-,-,-,-,3236.6000,3236.4000,3236.2000,3236.0000,3235.2000,3238.6000,3238.8000,3240.0000,3242.8000,3243.6000,1,1,3,1,1,1,1,2,1,1
SF,IH2103,2020-09-16 09:35:10.900,3238.0000,5648,0,75850920.000,0,-,-,-,-,3236.4000,3235.2000,3233.0000,3231.6000,3230.2000,3238.4000,3238.6000,3238.8000,3240.0000,3242.8000,1,1,1,2,2,1,1,1,2,1
SF,IH2103,2020-09-16 09:35:11.400,3238.0000,5648,0,75850920.000,0,-,-,-,-,3236.4000,3235.2000,3233.0000,3231.6000,3230.2000,3238.2000,3238.4000,3238.8000,3240.0000,3242.8000,1,1,1,2,2,1,1,1,2,1
SF,IH2103,2020-09-16 09:35:11.900,3238.0000,5648,0,75850920.000,0,-,-,-,-,3235.2000,3233.0000,3231.6000,3230.2000,3230.0000,3238.2000,3238.4000,3238.8000,3240.0000,3242.8000,1,1,2,2,1,1,1,1,2,1
SF,IH2103,2020-09-16 09:35:12.400,3238.0000,5648,0,75850920.000,0,-,-,-,-,3235.8000,3235.4000,3235.2000,3233.0000,3231.6000,3238.2000,3238.4000,3238.8000,3240.0000,3242.8000,1,1,1,1,2,1,1,1,2,1
SF,IH2103,2020-09-16 09:35:12.900,3238.0000,5648,0,75850920.000,0,-,-,-,-,3236.2000,3235.8000,3235.4000,3235.2000,3233.0000,3238.0000,3238.2000,3238.8000,3240.0000,3242.8000,1,1,1,1,1,1,1,1,2,1
SF,IH2103,2020-09-16 09:35:13.900,3238.0000,5648,0,75850920.000,0,-,-,-,-,3235.8000,3235.4000,3235.2000,3233.0000,3231.6000,3238.0000,3238.2000,3238.8000,3240.0000,3242.8000,1,1,1,1,2,1,1,1,2,1
SF,IH2103,2020-09-16 09:35:14.400,3238.0000,5648,0,75850920.000,0,-,-,-,-,3235.8000,3235.4000,3235.2000,3233.0000,3231.6000,3237.8000,3238.0000,3238.8000,3240.0000,3242.8000,1,1,1,1,2,1,1,1,2,1
SF,IH2103,2020-09-16 09:35:14.900,3238.0000,5648,0,75850920.000,0,-,-,-,-,3236.0000,3235.8000,3235.2000,3233.0000,3231.6000,3237.8000,3238.0000,3238.8000,3240.0000,3242.8000,2,1,1,1,2,1,1,1,2,1
SF,IH2103,2020-09-16 09:35:15.900,3238.0000,5648,0,75850920.000,0,-,-,-,-,3236.2000,3236.0000,3235.8000,3235.2000,3233.0000,3237.8000,3238.0000,3238.8000,3240.0000,3242.8000,3,2,1,1,1,1,1,1,2,1
SF,IH2103,2020-09-16 09:35:16.400,3237.8000,5646,-2,77793600.000,2,0,2,双平,S,3236.2000,3236.0000,3235.2000,3233.0000,3231.6000,3238.8000,3240.0000,3242.8000,3243.6000,3244.2000,3,1,1,1,2,1,2,1,1,6
SF,IH2103,2020-09-16 09:35:16.900,3237.8000,5646,0,77793600.000,0,-,-,-,-,3236.6000,3236.4000,3236.2000,3235.2000,3233.0000,3238.8000,3240.0000,3242.8000,3243.6000,3244.2000,2,2,3,1,1,1,2,1,1,6
SF,IH2103,2020-09-16 09:35:17.400,3237.8000,5646,0,77793600.000,0,-,-,-,-,3236.8000,3236.6000,3236.2000,3235.2000,3233.0000,3238.8000,3240.0000,3242.8000,3243.6000,3244.2000,2,2,3,1,1,1,2,1,1,6
SF,IH2103,2020-09-16 09:35:17.900,3237.8000,5646,0,77793600.000,0,-,-,-,-,3237.0000,3236.8000,3236.6000,3235.2000,3233.0000,3238.8000,3240.0000,3242.8000,3243.6000,3244.2000,2,2,1,1,1,1,1,1,1,6
SF,IH2103,2020-09-16 09:35:18.400,3237.8000,5646,0,77793600.000,0,-,-,-,-,3238.8000,3237.2000,3237.0000,3236.8000,3233.0000,3240.0000,3242.8000,3243.6000,3244.2000,3245.0000,3,1,2,1,1,1,1,1,6,1
SF,IH2103,2020-09-16 09:35:18.900,3238.8000,5646,0,80708520.000,3,1,2,多换,S,3236.8000,3233.0000,3231.6000,3230.2000,3230.0000,3239.6000,3240.0000,3242.8000,3243.6000,3244.2000,1,1,2,2,1,2,1,1,1,6
SF,IH2103,2020-09-16 09:35:19.400,3238.8000,5646,0,80708520.000,0,-,-,-,-,3237.0000,3236.8000,3233.0000,3231.6000,3230.2000,3239.6000,3240.0000,3242.8000,3243.6000,3244.2000,1,1,1,2,2,2,1,1,1,6
SF,IH2103,2020-09-16 09:35:19.900,3238.8000,5646,0,80708520.000,0,-,-,-,-,3237.2000,3237.0000,3233.0000,3231.6000,3230.2000,3239.6000,3240.0000,3242.8000,3243.6000,3244.2000,1,1,1,2,2,2,1,1,1,6
SF,IH2103,2020-09-16 09:35:20.400,3238.8000,5646,0,80708520.000,0,-,-,-,-,3237.4000,3237.2000,3233.0000,3231.6000,3230.2000,3239.6000,3240.0000,3242.8000,3243.6000,3244.2000,1,1,1,2,2,2,1,1,1,6
SF,IH2103,2020-09-16 09:35:20.900,3238.8000,5646,0,80708520.000,0,-,-,-,-,3237.6000,3237.4000,3233.0000,3231.6000,3230.2000,3239.6000,3240.0000,3242.8000,3243.6000,3244.2000,1,1,1,2,2,2,1,1,1,6
SF,IH2103,2020-09-16 09:35:21.400,3238.8000,5646,0,80708520.000,0,-,-,-,-,3237.8000,3237.6000,3236.0000,3233.0000,3231.6000,3239.6000,3240.0000,3242.8000,3243.6000,3244.2000,1,1,1,1,2,2,1,1,1,6
SF,IH2103,2020-09-16 09:35:22.900,3238.2000,5645,-1,81679980.000,1,0,1,双平,S,3237.8000,3237.6000,3236.0000,3233.0000,3231.6000,3240.0000,3242.8000,3243.6000,3244.2000,3245.0000,1,1,1,1,2,1,1,1,6,1
SF,IH2103,2020-09-16 09:35:23.400,3238.2000,5645,0,81679980.000,0,-,-,-,-,3237.8000,3236.0000,3233.0000,3231.6000,3230.2000,3239.8000,3240.0000,3241.8000,3242.8000,3243.6000,1,1,1,2,2,1,1,1,1,1
SF,IH2103,2020-09-16 09:35:23.900,3238.2000,5645,0,81679980.000,0,-,-,-,-,3237.8000,3236.0000,3233.0000,3231.6000,3230.2000,3239.6000,3239.8000,3240.0000,3241.8000,3242.8000,1,1,1,2,2,1,1,1,1,1
SF,IH2103,2020-09-16 09:35:24.400,3238.2000,5645,0,81679980.000,0,-,-,-,-,3237.8000,3236.0000,3233.0000,3231.6000,3230.2000,3239.6000,3239.8000,3240.0000,3241.8000,3243.6000,1,1,1,2,2,1,1,1,1,1
SF,IH2103,2020-09-16 09:35:26.900,3238.2000,5645,0,81679980.000,0,-,-,-,-,3237.8000,3236.0000,3233.0000,3231.6000,3230.2000,3239.2000,3239.6000,3239.8000,3240.0000,3241.8000,1,1,1,2,2,1,1,1,1,1
SF,IH2103,2020-09-16 09:35:27.400,3238.2000,5645,0,81679980.000,0,-,-,-,-,3237.8000,3236.0000,3233.0000,3231.6000,3230.2000,3239.6000,3239.8000,3240.0000,3243.6000,3244.2000,1,1,1,2,2,1,1,1,1,6
SF,IH2103,2020-09-16 09:35:27.900,3238.2000,5645,0,81679980.000,0,-,-,-,-,3237.8000,3236.0000,3233.0000,3231.6000,3230.2000,3239.6000,3239.8000,3240.0000,3241.6000,3243.6000,1,1,1,2,2,1,1,1,1,1
SF,IH2103,2020-09-16 09:35:28.400,3238.2000,5645,0,81679980.000,0,-,-,-,-,3237.8000,3236.0000,3233.0000,3231.6000,3230.2000,3239.8000,3240.0000,3241.6000,3243.6000,3244.2000,1,1,1,2,2,1,1,1,1,6
SF,IH2103,2020-09-16 09:35:28.900,3238.2000,5645,0,81679980.000,0,-,-,-,-,3238.0000,3237.8000,3236.0000,3233.0000,3231.6000,3240.0000,3241.6000,3243.6000,3244.2000,3245.0000,1,1,1,1,2,1,1,1,6,1
SF,IH2103,2020-09-16 09:35:29.400,3238.2000,5645,0,81679980.000,0,-,-,-,-,3238.2000,3238.0000,3236.0000,3233.0000,3231.6000,3239.8000,3240.0000,3241.6000,3243.6000,3244.2000,1,1,1,1,2,1,1,1,1,6
SF,IH2103,2020-09-16 09:35:29.900,3238.2000,5645,0,81679980.000,0,-,-,-,-,3238.2000,3238.0000,3236.0000,3233.0000,3231.6000,3240.0000,3241.6000,3243.6000,3244.2000,3245.0000,1,1,1,1,2,1,1,1,6,1
SF,IH2103,2020-09-16 09:35:31.400,3238.2000,5645,0,81679980.000,0,-,-,-,-,3238.2000,3238.0000,3236.0000,3233.0000,3231.6000,3239.6000,3240.0000,3241.6000,3243.6000,3244.2000,1,1,1,1,2,1,1,1,1,6
SF,IH2103,2020-09-16 09:35:31.900,3238.2000,5645,0,81679980.000,0,-,-,-,-,3238.2000,3238.0000,3236.0000,3233.0000,3231.6000,3240.0000,3241.6000,3243.6000,3244.2000,3245.0000,1,1,1,1,2,1,1,1,6,1
SF,IH2103,2020-09-16 09:35:32.400,3238.2000,5645,0,81679980.000,0,-,-,-,-,3238.2000,3238.0000,3236.0000,3233.0000,3231.6000,3240.0000,3241.6000,3243.6000,3244.2000,3245.0000,1,1,1,1,2,2,1,1,6,1
SF,IH2103,2020-09-16 09:35:33.400,3238.2000,5645,0,81679980.000,0,-,-,-,-,3238.2000,3238.0000,3233.0000,3231.6000,3230.2000,3240.0000,3241.6000,3243.6000,3244.2000,3245.0000,1,1,1,2,2,2,1,1,6,1
SF,IH2103,2020-09-16 09:35:35.900,3238.2000,5645,0,82651440.000,1,0,1,多换,S,3238.0000,3233.0000,3231.6000,3230.2000,3230.0000,3240.0000,3241.6000,3243.6000,3244.2000,3245.0000,1,1,2,1,1,2,1,1,6,1
SF,IH2103,2020-09-16 09:35:36.400,3238.2000,5645,0,82651440.000,0,-,-,-,-,3238.4000,3238.0000,3233.0000,3231.6000,3230.2000,3239.8000,3240.0000,3241.6000,3243.6000,3244.2000,1,1,1,2,1,1,2,1,1,6
SF,IH2103,2020-09-16 09:35:36.900,3238.2000,5645,0,82651440.000,0,-,-,-,-,3238.4000,3238.0000,3233.0000,3231.6000,3230.2000,3240.0000,3241.6000,3243.6000,3244.2000,3245.0000,1,1,1,2,1,2,1,1,6,1
SF,IH2103,2020-09-16 09:35:37.400,3238.2000,5645,0,82651440.000,0,-,-,-,-,3238.6000,3238.4000,3238.0000,3233.0000,3231.6000,3240.0000,3241.6000,3243.6000,3244.2000,3245.0000,1,1,1,1,2,2,1,1,6,1
SF,IH2103,2020-09-16 09:35:38.400,3240.0000,5644,-1,83623440.000,1,0,1,双平,S,3238.6000,3238.4000,3238.0000,3233.0000,3231.6000,3241.6000,3243.4000,3243.6000,3244.2000,3245.0000,1,1,1,1,2,1,1,1,6,1
SF,IH2103,2020-09-16 09:35:38.900,3240.0000,5644,0,83623440.000,0,-,-,-,-,3238.8000,3238.4000,3233.0000,3231.6000,3230.2000,3241.0000,3241.4000,3241.6000,3243.4000,3243.6000,2,1,1,2,1,1,1,1,1,1
SF,IH2103,2020-09-16 09:35:39.400,3240.0000,5644,0,83623440.000,0,-,-,-,-,3238.8000,3238.4000,3233.0000,3231.6000,3230.2000,3241.4000,3241.6000,3243.6000,3244.2000,3245.0000,2,1,1,2,1,1,1,1,6,1
SF,IH2103,2020-09-16 09:35:39.900,3240.0000,5644,0,83623440.000,0,-,-,-,-,3238.8000,3238.4000,3233.0000,3231.6000,3230.2000,3241.4000,3241.6000,3243.6000,3244.2000,3245.0000,2,1,1,2,1,1,1,1,6,1
SF,IH2103,2020-09-16 09:35:40.400,3240.0000,5644,0,83623440.000,0,-,-,-,-,3238.8000,3238.4000,3233.0000,3231.6000,3230.2000,3241.4000,3241.6000,3243.6000,3244.2000,3245.0000,2,1,1,2,1,1,1,1,6,1
SF,IH2103,2020-09-16 09:35:40.900,3240.0000,5644,0,83623440.000,0,-,-,-,-,3238.8000,3233.0000,3231.6000,3230.2000,3230.0000,3241.0000,3241.4000,3241.6000,3243.6000,3244.2000,1,1,2,1,1,1,1,1,1,6
SF,IH2103,2020-09-16 09:35:41.400,3240.0000,5644,0,83623440.000,0,-,-,-,-,3238.8000,3233.0000,3231.6000,3230.2000,3230.0000,3240.8000,3241.0000,3241.6000,3243.6000,3244.2000,1,1,2,1,1,1,1,1,1,6
SF,IH2103,2020-09-16 09:35:41.900,3238.8000,5643,-1,84595080.000,1,0,1,双平,S,3233.0000,3231.6000,3230.2000,3230.0000,3221.2000,3238.8000,3240.6000,3240.8000,3241.0000,3241.6000,1,2,1,1,1,1,2,1,1,1
SF,IH2103,2020-09-16 09:35:42.400,3238.8000,5643,0,84595080.000,0,-,-,-,-,3236.6000,3236.0000,3233.2000,3233.0000,3231.6000,3238.6000,3238.8000,3243.6000,3244.2000,3245.0000,1,1,1,1,2,1,1,1,6,1
SF,IH2103,2020-09-16 09:35:42.900,3238.6000,5641,-2,86538240.000,2,0,2,双平,S,3236.8000,3236.6000,3236.0000,3233.0000,3231.6000,3238.8000,3243.6000,3244.2000,3245.0000,3248.0000,3,2,1,1,2,1,1,6,1,1
SF,IH2103,2020-09-16 09:35:43.400,3238.8000,5640,-1,87509880.000,1,0,1,双平,S,3237.0000,3236.8000,3236.6000,3233.0000,3231.6000,3243.6000,3244.2000,3245.0000,3248.0000,3257.0000,1,2,2,1,2,1,6,1,1,3
SF,IH2103,2020-09-16 09:35:43.900,3238.8000,5640,0,87509880.000,0,-,-,-,-,3237.4000,3237.2000,3236.6000,3233.0000,3231.6000,3241.2000,3242.2000,3243.4000,3243.6000,3244.2000,1,2,2,1,2,1,1,4,1,6
SF,IH2103,2020-09-16 09:35:44.400,3238.8000,5640,0,87509880.000,0,-,-,-,-,3237.6000,3237.4000,3236.6000,3233.0000,3231.6000,3240.8000,3241.0000,3241.2000,3242.2000,3243.4000,2,1,2,1,2,3,1,1,1,3
SF,IH2103,2020-09-16 09:35:44.900,3238.8000,5640,0,87509880.000,0,-,-,-,-,3238.0000,3237.6000,3236.6000,3233.0000,3231.6000,3240.6000,3242.2000,3243.4000,3243.6000,3244.2000,1,2,2,1,2,1,1,3,1,6
SF,IH2103,2020-09-16 09:35:45.400,3238.8000,5640,0,87509880.000,0,-,-,-,-,3238.4000,3238.2000,3238.0000,3236.6000,3233.0000,3242.2000,3243.4000,3243.6000,3244.2000,3245.0000,1,2,1,2,1,1,1,1,6,1
SF,IH2103,2020-09-16 09:35:45.900,3238.8000,5640,0,87509880.000,0,-,-,-,-,3238.6000,3236.6000,3233.0000,3231.6000,3230.2000,3241.8000,3242.0000,3242.2000,3243.4000,3243.6000,2,1,1,2,1,4,1,1,1,1
SF,IH2103,2020-09-16 09:35:46.400,3238.8000,5640,0,87509880.000,0,-,-,-,-,3238.8000,3238.6000,3236.6000,3233.0000,3231.6000,3241.6000,3241.8000,3242.2000,3243.4000,3243.6000,1,2,1,1,2,1,5,1,1,1
SF,IH2103,2020-09-16 09:35:46.900,3238.8000,5640,0,87509880.000,0,-,-,-,-,3239.2000,3239.0000,3238.8000,3236.6000,3233.0000,3241.6000,3241.8000,3242.2000,3243.4000,3243.6000,1,2,1,1,1,1,5,1,1,1
SF,IH2103,2020-09-16 09:35:47.400,3238.8000,5640,0,87509880.000,0,-,-,-,-,3239.4000,3239.0000,3238.8000,3236.6000,3233.0000,3241.2000,3241.6000,3241.8000,3242.2000,3243.4000,1,1,1,1,1,1,2,5,1,1
SF,IH2103,2020-09-16 09:35:47.900,3238.8000,5640,0,87509880.000,0,-,-,-,-,3239.4000,3239.0000,3236.6000,3233.0000,3231.6000,3241.0000,3241.2000,3241.6000,3241.8000,3242.2000,1,1,1,1,2,1,1,1,5,1
SF,IH2103,2020-09-16 09:35:48.400,3238.8000,5640,0,87509880.000,0,-,-,-,-,3239.4000,3239.0000,3236.6000,3233.0000,3231.6000,3240.8000,3241.0000,3241.6000,3241.8000,3242.2000,1,1,1,1,2,1,1,1,4,1
SF,IH2103,2020-09-16 09:35:48.900,3238.8000,5640,0,87509880.000,0,-,-,-,-,3239.0000,3236.6000,3233.0000,3231.6000,3230.2000,3240.8000,3241.0000,3241.6000,3241.8000,3242.2000,1,1,1,2,1,1,1,1,4,1
SF,IH2103,2020-09-16 09:35:51.400,3238.8000,5640,0,87509880.000,0,-,-,-,-,3239.0000,3236.6000,3233.0000,3231.6000,3230.2000,3241.0000,3241.6000,3241.8000,3242.2000,3243.4000,1,1,1,2,1,1,1,4,1,1
SF,IH2103,2020-09-16 09:35:51.900,3238.8000,5640,0,87509880.000,0,-,-,-,-,3239.6000,3239.2000,3239.0000,3236.6000,3233.0000,3241.6000,3241.8000,3242.2000,3243.4000,3243.6000,1,3,1,1,1,1,1,1,1,1
SF,IH2103,2020-09-16 09:35:52.400,3238.8000,5640,0,87509880.000,0,-,-,-,-,3239.8000,3239.6000,3239.2000,3239.0000,3236.6000,3241.4000,3241.6000,3241.8000,3242.2000,3243.4000,1,1,1,1,1,1,1,1,1,1
SF,IH2103,2020-09-16 09:35:52.900,3238.8000,5640,0,87509880.000,0,-,-,-,-,3240.0000,3239.8000,3239.0000,3236.6000,3233.0000,3241.6000,3241.8000,3243.6000,3244.2000,3245.0000,1,1,1,1,1,1,1,1,6,1
SF,IH2103,2020-09-16 09:35:53.400,3238.8000,5640,0,87509880.000,0,-,-,-,-,3240.2000,3239.8000,3239.0000,3236.6000,3233.0000,3241.6000,3241.8000,3243.6000,3244.2000,3245.0000,1,1,1,1,1,1,1,1,6,1
SF,IH2103,2020-09-16 09:35:55.900,3238.8000,5640,0,87509880.000,0,-,-,-,-,3239.8000,3239.0000,3236.6000,3233.0000,3231.6000,3241.6000,3241.8000,3243.6000,3244.2000,3245.0000,1,1,1,1,2,1,1,1,6,1
SF,IH2103,2020-09-16 09:35:56.400,3238.8000,5640,0,87509880.000,0,-,-,-,-,3239.8000,3239.0000,3236.6000,3233.0000,3231.6000,3241.4000,3241.6000,3241.8000,3243.6000,3244.2000,1,1,1,1,2,1,1,1,1,6
SF,IH2103,2020-09-16 09:35:56.900,3238.8000,5640,0,87509880.000,0,-,-,-,-,3239.8000,3239.0000,3236.6000,3233.0000,3231.6000,3241.2000,3241.4000,3241.6000,3241.8000,3243.6000,1,1,1,1,2,1,1,1,1,1
SF,IH2103,2020-09-16 09:35:57.400,3238.8000,5640,0,87509880.000,0,-,-,-,-,3239.0000,3236.6000,3233.0000,3231.6000,3230.2000,3241.2000,3241.4000,3241.6000,3241.8000,3243.6000,1,1,1,2,1,1,1,1,1,1
SF,IH2103,2020-09-16 09:35:57.900,3238.8000,5640,0,87509880.000,0,-,-,-,-,3239.2000,3239.0000,3236.6000,3233.0000,3231.6000,3241.4000,3241.6000,3241.8000,3243.6000,3244.2000,2,1,1,1,2,1,1,1,1,6
SF,IH2103,2020-09-16 09:35:58.400,3238.8000,5640,0,87509880.000,0,-,-,-,-,3239.4000,3239.2000,3236.6000,3233.0000,3231.6000,3241.6000,3241.8000,3243.6000,3244.2000,3245.0000,1,2,1,1,2,1,1,1,6,1
SF,IH2103,2020-09-16 09:35:58.900,3238.8000,5640,0,87509880.000,0,-,-,-,-,3239.6000,3239.4000,3239.2000,3236.6000,3233.0000,3241.6000,3241.8000,3243.6000,3244.2000,3245.0000,1,2,1,1,1,1,1,1,6,1
SF,IH2103,2020-09-16 09:35:59.400,3238.8000,5640,0,87509880.000,0,-,-,-,-,3239.6000,3239.4000,3239.2000,3236.6000,3233.0000,3241.4000,3241.6000,3241.8000,3243.6000,3244.2000,1,2,1,1,1,1,1,1,1,6
SF,IH2103,2020-09-16 09:35:59.900,3238.8000,5640,0,87509880.000,0,-,-,-,-,3239.8000,3239.6000,3236.6000,3233.0000,3231.6000,3241.4000,3241.6000,3241.8000,3243.6000,3244.2000,1,1,1,1,2,1,1,1,1,6
SF,IH2103,2020-09-16 09:36:00.400,3238.8000,5640,0,87509880.000,0,-,-,-,-,3239.6000,3236.6000,3233.0000,3231.6000,3230.2000,3241.6000,3241.8000,3243.6000,3244.2000,3245.0000,1,1,1,2,1,1,1,1,6,1
SF,IH2103,2020-09-16 09:36:00.900,3238.8000,5640,0,87509880.000,0,-,-,-,-,3239.6000,3236.6000,3233.0000,3231.6000,3230.2000,3241.4000,3241.6000,3241.8000,3243.6000,3244.2000,1,1,1,2,1,1,1,1,1,6
SF,IH2103,2020-09-16 09:36:01.400,3238.8000,5640,0,87509880.000,0,-,-,-,-,3239.8000,3239.6000,3236.6000,3233.0000,3231.6000,3241.4000,3241.6000,3241.8000,3243.6000,3244.2000,1,1,1,1,2,1,1,1,1,6
SF,IH2103,2020-09-16 09:36:01.900,3241.2000,5639,-1,88482240.000,1,0,1,双平,S,3239.6000,3236.6000,3233.0000,3231.6000,3230.2000,3241.4000,3241.6000,3241.8000,3243.6000,3244.2000,1,1,1,2,1,1,1,1,1,6
