市场代码,合约代码,时间,最新,持仓,增仓,成交额,成交量,开仓,平仓,成交类型,方向,买一价,买二价,买三价,买四价,买五价,卖一价,卖二价,卖三价,卖四价,卖五价,买一量,买二量,买三量,买四量,买五量,卖一量,卖二量,卖三量,卖四量,卖五量
SF,IH2103,2020-10-20 09:29:00.200,3305.4000,9149,0,1983240.000,2.000,-,-,-,-,3305.2000,3301.4000,3300.0000,3298.0000,3294.0000,3306.6000,3307.4000,3309.0000,3310.4000,3313.2000,1,1,1,1,1,1,1,11,1,1
SF,IH2103,2020-10-20 09:30:00.200,3300.0000,9150,1,4955220.000,3,2,1,空开,S,3298.0000,3294.0000,3293.6000,3292.0000,3291.2000,3300.0000,3302.2000,3303.0000,3304.0000,3304.2000,1,1,1,1,1,1,1,1,2,3
SF,IH2103,2020-10-20 09:30:00.700,3300.0000,9150,0,5945220.000,1,0,1,多换,S,3298.4000,3298.2000,3298.0000,3293.6000,3291.2000,3300.0000,3301.4000,3303.0000,3304.0000,3304.2000,6,1,2,1,1,3,3,6,2,3
SF,IH2103,2020-10-20 09:30:01.200,3300.0000,9150,0,5945220.000,0,-,-,-,-,3298.6000,3298.4000,3298.0000,3291.2000,3290.0000,3304.0000,3304.2000,3304.8000,3305.0000,3305.2000,1,6,1,1,1,2,3,1,1,2
SF,IH2103,2020-10-20 09:30:01.700,3300.0000,9150,0,5945220.000,0,-,-,-,-,3298.8000,3298.6000,3298.4000,3298.0000,3291.2000,3303.4000,3303.6000,3303.8000,3304.0000,3304.2000,2,1,6,1,1,1,6,1,1,3
SF,IH2103,2020-10-20 09:30:02.200,3300.0000,9150,0,5945220.000,0,-,-,-,-,3299.0000,3298.8000,3298.6000,3298.4000,3298.0000,3300.8000,3303.0000,3303.2000,3303.4000,3303.8000,1,2,1,5,1,3,1,1,1,1
SF,IH2103,2020-10-20 09:30:02.700,3300.0000,9150,0,6935220.000,1,0,1,多换,S,3301.0000,3300.8000,3299.8000,3299.4000,3299.2000,3303.0000,3303.4000,3303.8000,3304.0000,3305.2000,1,1,2,7,2,1,1,1,1,1
SF,IH2103,2020-10-20 09:30:03.200,3301.0000,9148,-2,8915820.000,2,0,2,双平,S,3301.2000,3300.8000,3299.4000,3299.0000,3298.6000,3301.8000,3302.6000,3302.8000,3303.0000,3303.4000,1,1,7,1,1,1,1,1,1,1
SF,IH2103,2020-10-20 09:30:03.700,3302.8000,9146,-2,10897200.000,2,0,2,双平,S,3302.0000,3301.8000,3301.6000,3301.2000,3300.8000,3303.4000,3303.8000,3305.0000,3305.2000,3306.4000,2,1,7,1,1,1,1,1,1,1
SF,IH2103,2020-10-20 09:30:04.200,3303.4000,9145,-1,11888220.000,1,0,1,双平,S,3302.2000,3302.0000,3301.8000,3300.8000,3299.4000,3303.8000,3305.0000,3305.2000,3306.4000,3306.6000,2,2,1,1,2,1,1,1,1,1
SF,IH2103,2020-10-20 09:30:04.700,3302.4000,9145,0,12878940.000,1,0,1,多换,S,3302.2000,3302.0000,3301.8000,3300.8000,3299.4000,3305.0000,3305.2000,3306.4000,3306.6000,3309.0000,1,2,1,1,1,1,1,1,1,8
SF,IH2103,2020-10-20 09:30:05.200,3302.4000,9145,0,13869660.000,1,0,1,多换,S,3303.8000,3302.4000,3302.2000,3302.0000,3301.8000,3305.0000,3305.2000,3306.4000,3306.6000,3309.0000,1,2,1,2,1,1,1,1,1,8
SF,IH2103,2020-10-20 09:30:05.700,3303.8000,9145,0,14860800.000,1,0,1,多换,S,3304.0000,3302.4000,3302.0000,3301.8000,3299.4000,3305.0000,3305.2000,3306.4000,3306.6000,3309.0000,1,2,2,1,1,1,1,1,1,8
SF,IH2103,2020-10-20 09:30:06.200,3305.0000,9144,-1,15852300.000,1,0,1,双平,S,3304.0000,3302.4000,3302.0000,3301.8000,3299.4000,3305.2000,3306.4000,3306.6000,3309.0000,3314.4000,1,2,2,1,1,1,1,1,8,4
SF,IH2103,2020-10-20 09:30:06.700,3305.0000,9144,0,15852300.000,0,-,-,-,-,3304.0000,3302.4000,3302.0000,3301.8000,3299.4000,3305.2000,3306.4000,3306.6000,3309.0000,3314.4000,1,2,2,1,1,1,1,1,8,4
SF,IH2103,2020-10-20 09:30:07.200,3305.0000,9144,0,15852300.000,0,-,-,-,-,3304.0000,3302.4000,3302.0000,3301.8000,3301.0000,3305.2000,3306.4000,3306.6000,3309.0000,3314.4000,1,2,2,1,1,1,1,2,8,4
SF,IH2103,2020-10-20 09:30:07.700,3305.2000,9143,-1,16843860.000,1,0,1,双平,S,3304.0000,3302.4000,3302.0000,3301.8000,3301.0000,3306.4000,3306.6000,3309.0000,3314.4000,3318.0000,1,2,2,1,1,1,2,8,4,1
SF,IH2103,2020-10-20 09:30:08.200,3305.2000,9143,0,16843860.000,0,-,-,-,-,3304.2000,3304.0000,3302.4000,3302.0000,3301.8000,3305.8000,3306.2000,3306.4000,3306.6000,3309.0000,1,1,1,2,1,1,1,1,2,8
SF,IH2103,2020-10-20 09:30:08.700,3304.0000,9142,-1,18826320.000,2,0,2,多平,S,3302.4000,3302.0000,3301.0000,3300.8000,3299.4000,3304.0000,3305.8000,3306.2000,3306.4000,3306.6000,1,2,1,1,1,1,1,1,1,2
SF,IH2103,2020-10-20 09:30:09.200,3304.0000,9142,0,18826320.000,0,-,-,-,-,3302.6000,3302.0000,3301.0000,3300.8000,3299.4000,3304.0000,3305.8000,3306.2000,3306.4000,3306.6000,1,2,1,1,1,1,1,1,1,2
SF,IH2103,2020-10-20 09:30:09.700,3304.0000,9142,0,18826320.000,0,-,-,-,-,3302.6000,3302.0000,3301.0000,3299.4000,3298.6000,3304.0000,3305.8000,3306.2000,3306.4000,3306.6000,1,2,1,1,1,1,1,1,1,2
SF,IH2103,2020-10-20 09:30:10.200,3304.0000,9142,0,18826320.000,0,-,-,-,-,3302.6000,3302.0000,3301.0000,3299.4000,3298.6000,3304.0000,3305.8000,3306.2000,3306.4000,3306.6000,1,2,1,1,1,2,1,1,1,2
SF,IH2103,2020-10-20 09:30:10.700,3302.6000,9140,-2,20807940.000,2,0,2,双平,S,3302.0000,3301.0000,3299.4000,3298.6000,3298.0000,3304.0000,3305.8000,3306.2000,3306.4000,3306.6000,2,1,1,1,1,2,1,1,1,2
SF,IH2103,2020-10-20 09:30:11.200,3302.6000,9140,0,20807940.000,0,-,-,-,-,3302.0000,3301.0000,3299.4000,3298.6000,3298.0000,3303.8000,3304.0000,3305.8000,3306.2000,3306.4000,2,1,1,1,1,1,2,1,1,1
SF,IH2103,2020-10-20 09:30:12.200,3302.6000,9140,0,20807940.000,0,-,-,-,-,3301.0000,3299.4000,3298.6000,3298.0000,3291.2000,3303.8000,3304.0000,3305.8000,3306.2000,3306.4000,1,1,1,1,1,1,2,1,1,1
SF,IH2103,2020-10-20 09:30:12.700,3302.6000,9140,0,20807940.000,0,-,-,-,-,3301.4000,3301.0000,3299.4000,3298.6000,3298.0000,3303.8000,3304.0000,3305.8000,3306.2000,3306.4000,1,1,1,1,1,1,2,1,1,1
SF,IH2103,2020-10-20 09:30:13.200,3302.6000,9140,0,20807940.000,0,-,-,-,-,3301.0000,3299.4000,3298.6000,3298.0000,3291.2000,3303.8000,3304.0000,3305.8000,3306.2000,3306.4000,1,1,1,1,1,1,2,1,1,1
SF,IH2103,2020-10-20 09:30:13.700,3302.6000,9140,0,20807940.000,0,-,-,-,-,3301.4000,3301.0000,3299.4000,3298.6000,3298.0000,3303.8000,3304.0000,3305.8000,3306.2000,3306.4000,1,1,1,1,1,1,2,1,1,1
SF,IH2103,2020-10-20 09:30:14.200,3302.6000,9140,0,20807940.000,0,-,-,-,-,3301.0000,3299.4000,3298.6000,3298.0000,3291.2000,3303.8000,3304.0000,3305.8000,3306.2000,3306.4000,1,1,1,1,1,1,2,1,1,1
SF,IH2103,2020-10-20 09:30:15.200,3302.6000,9140,0,20807940.000,0,-,-,-,-,3301.0000,3299.4000,3298.6000,3298.0000,3291.2000,3303.8000,3304.0000,3305.8000,3306.2000,3306.4000,1,1,1,1,1,1,2,1,1,1
SF,IH2103,2020-10-20 09:30:15.700,3302.6000,9140,0,20807940.000,0,-,-,-,-,3301.2000,3301.0000,3299.4000,3298.6000,3298.0000,3303.8000,3304.0000,3305.8000,3306.2000,3306.4000,1,1,1,1,1,1,2,1,1,1
SF,IH2103,2020-10-20 09:30:16.200,3303.8000,9140,0,21799080.000,1,0,1,多换,S,3301.0000,3299.4000,3298.6000,3291.2000,3290.8000,3304.0000,3305.8000,3306.2000,3306.4000,3306.6000,1,1,1,1,5,9,1,1,1,3
SF,IH2103,2020-10-20 09:30:16.700,3303.8000,9140,0,21799080.000,0,-,-,-,-,3301.0000,3299.4000,3298.6000,3291.2000,3290.8000,3303.8000,3304.0000,3305.8000,3306.2000,3306.4000,1,1,1,1,5,1,11,1,1,1
SF,IH2103,2020-10-20 09:30:17.200,3303.8000,9140,0,21799080.000,0,-,-,-,-,3301.0000,3300.2000,3299.4000,3298.6000,3291.2000,3303.8000,3304.0000,3305.8000,3306.2000,3306.4000,1,1,1,1,1,2,9,1,1,1
SF,IH2103,2020-10-20 09:30:19.200,3303.8000,9140,0,21799080.000,0,-,-,-,-,3301.0000,3300.2000,3299.4000,3298.6000,3291.2000,3303.6000,3303.8000,3304.0000,3305.8000,3306.2000,1,1,1,1,1,1,2,9,1,1
SF,IH2103,2020-10-20 09:30:19.700,3303.8000,9140,0,21799080.000,0,-,-,-,-,3301.0000,3300.2000,3299.4000,3298.6000,3291.2000,3303.4000,3303.6000,3304.0000,3305.0000,3305.8000,1,1,1,1,1,1,2,9,1,1
SF,IH2103,2020-10-20 09:30:20.200,3303.8000,9140,0,21799080.000,0,-,-,-,-,3301.0000,3300.2000,3299.4000,3298.6000,3291.2000,3303.4000,3303.6000,3304.0000,3305.0000,3305.8000,1,1,1,1,1,2,1,9,1,1
SF,IH2103,2020-10-20 09:30:20.700,3303.8000,9140,0,21799080.000,0,-,-,-,-,3301.0000,3300.2000,3299.4000,3298.6000,3291.2000,3303.4000,3304.0000,3305.0000,3305.8000,3306.2000,1,1,1,1,1,2,9,1,1,1
SF,IH2103,2020-10-20 09:30:22.200,3303.8000,9140,0,21799080.000,0,-,-,-,-,3301.0000,3299.4000,3298.6000,3291.2000,3290.8000,3303.0000,3303.4000,3304.0000,3305.0000,3305.8000,2,1,1,1,5,1,2,9,1,1
SF,IH2103,2020-10-20 09:30:22.700,3301.0000,9140,0,22789380.000,1,0,1,多换,S,3301.0000,3299.4000,3298.6000,3291.2000,3290.8000,3302.6000,3302.8000,3303.0000,3304.0000,3305.0000,1,1,1,1,5,1,1,2,9,1
SF,IH2103,2020-10-20 09:30:23.200,3301.0000,9139,-1,23779680.000,1,0,1,双平,S,3298.6000,3291.2000,3290.8000,3290.0000,3288.0000,3302.6000,3302.8000,3303.0000,3303.8000,3304.0000,1,1,5,1,1,2,1,1,1,9
SF,IH2103,2020-10-20 09:30:23.700,3301.0000,9139,0,23779680.000,0,-,-,-,-,3300.0000,3299.4000,3299.2000,3299.0000,3298.8000,3302.4000,3302.6000,3303.0000,3303.8000,3304.0000,1,1,1,8,1,1,2,1,1,9
SF,IH2103,2020-10-20 09:30:24.200,3301.0000,9139,0,23779680.000,0,-,-,-,-,3301.2000,3300.2000,3299.4000,3299.0000,3298.8000,3302.4000,3302.6000,3303.0000,3303.8000,3304.0000,1,1,1,3,1,2,1,1,1,9
SF,IH2103,2020-10-20 09:30:24.700,3301.0000,9139,0,23779680.000,0,-,-,-,-,3301.2000,3299.4000,3299.0000,3298.8000,3298.6000,3302.4000,3302.6000,3303.0000,3303.8000,3304.0000,1,1,3,1,1,1,1,1,1,9
SF,IH2103,2020-10-20 09:30:26.200,3301.2000,9139,0,24770040.000,1,0,1,多换,S,3299.4000,3298.8000,3298.6000,3291.2000,3290.8000,3302.4000,3302.6000,3303.0000,3303.8000,3304.0000,1,1,1,1,5,1,1,1,1,9
SF,IH2103,2020-10-20 09:30:26.700,3301.2000,9139,0,24770040.000,0,-,-,-,-,3300.0000,3299.6000,3299.4000,3298.8000,3298.6000,3302.4000,3302.6000,3303.0000,3303.8000,3304.0000,1,1,1,1,1,1,1,1,1,9
SF,IH2103,2020-10-20 09:30:27.200,3301.2000,9139,0,24770040.000,0,-,-,-,-,3300.6000,3300.2000,3300.0000,3299.4000,3298.8000,3302.4000,3302.6000,3303.8000,3304.0000,3304.8000,1,2,1,1,1,1,1,1,9,1
SF,IH2103,2020-10-20 09:30:27.700,3301.2000,9139,0,24770040.000,0,-,-,-,-,3300.8000,3300.2000,3299.4000,3298.8000,3291.2000,3302.2000,3302.4000,3303.8000,3304.0000,3304.8000,1,1,1,1,1,1,1,1,9,1
SF,IH2103,2020-10-20 09:30:28.200,3301.2000,9139,0,24770040.000,0,-,-,-,-,3300.8000,3300.2000,3299.4000,3298.8000,3291.2000,3302.2000,3303.8000,3304.0000,3304.8000,3305.0000,1,1,1,1,1,2,1,9,1,1
SF,IH2103,2020-10-20 09:30:28.700,3302.2000,9138,-1,26751360.000,2,0,2,多平,S,3302.2000,3301.0000,3300.2000,3299.4000,3298.8000,3303.8000,3304.0000,3304.8000,3305.0000,3306.4000,1,1,2,1,1,1,9,1,1,1
SF,IH2103,2020-10-20 09:30:29.200,3302.2000,9138,0,26751360.000,0,-,-,-,-,3301.0000,3300.2000,3299.4000,3298.8000,3291.2000,3303.8000,3304.0000,3304.8000,3305.0000,3306.4000,1,2,1,1,1,1,9,1,1,1
SF,IH2103,2020-10-20 09:30:29.700,3302.2000,9138,0,26751360.000,0,-,-,-,-,3301.2000,3300.2000,3299.4000,3298.8000,3291.2000,3303.8000,3304.0000,3304.8000,3305.0000,3306.4000,2,2,1,1,1,1,9,1,1,1
SF,IH2103,2020-10-20 09:30:30.200,3302.2000,9138,0,26751360.000,0,-,-,-,-,3301.2000,3300.2000,3299.4000,3298.8000,3291.2000,3303.8000,3304.0000,3304.8000,3305.0000,3306.4000,1,2,1,1,1,1,9,1,1,1
SF,IH2103,2020-10-20 09:30:31.700,3302.2000,9138,0,26751360.000,0,-,-,-,-,3301.4000,3301.2000,3300.2000,3299.4000,3298.8000,3303.8000,3304.0000,3304.8000,3305.0000,3306.4000,1,1,2,1,1,1,9,1,1,1
SF,IH2103,2020-10-20 09:30:32.200,3302.2000,9138,0,26751360.000,0,-,-,-,-,3301.6000,3301.4000,3300.2000,3299.4000,3298.8000,3304.0000,3304.8000,3305.0000,3306.4000,3306.6000,1,1,2,1,1,9,1,1,1,3
SF,IH2103,2020-10-20 09:30:32.700,3302.2000,9138,0,26751360.000,0,-,-,-,-,3301.6000,3301.4000,3300.2000,3299.4000,3298.8000,3304.0000,3304.8000,3305.0000,3306.4000,3306.6000,1,1,2,1,1,9,1,1,1,3
SF,IH2103,2020-10-20 09:30:33.200,3302.2000,9138,0,26751360.000,0,-,-,-,-,3301.6000,3301.4000,3300.2000,3299.4000,3298.8000,3304.0000,3304.8000,3305.0000,3306.4000,3306.6000,1,1,2,1,1,9,1,1,1,3
SF,IH2103,2020-10-20 09:30:34.700,3302.2000,9138,0,26751360.000,0,-,-,-,-,3301.6000,3300.2000,3299.4000,3298.8000,3291.2000,3304.0000,3304.8000,3305.0000,3306.4000,3306.6000,1,2,1,1,1,9,1,1,1,3
SF,IH2103,2020-10-20 09:30:35.200,3302.2000,9138,0,26751360.000,0,-,-,-,-,3301.8000,3301.6000,3300.2000,3299.4000,3298.8000,3304.0000,3304.8000,3305.0000,3306.4000,3306.6000,1,1,1,1,1,9,1,1,1,3
SF,IH2103,2020-10-20 09:30:35.700,3302.0000,9138,0,27741960.000,1,0,1,多换,S,3301.8000,3300.2000,3299.4000,3298.8000,3291.2000,3303.8000,3304.0000,3304.8000,3305.0000,3306.4000,1,1,1,1,1,1,9,1,1,1
SF,IH2103,2020-10-20 09:30:36.700,3302.0000,9138,0,27741960.000,0,-,-,-,-,3301.8000,3300.2000,3299.4000,3298.8000,3291.2000,3303.8000,3304.0000,3304.8000,3305.0000,3306.4000,1,1,1,1,1,1,9,1,1,1
SF,IH2103,2020-10-20 09:30:37.200,3302.0000,9138,0,27741960.000,0,-,-,-,-,3301.8000,3300.2000,3299.4000,3298.8000,3291.2000,3302.0000,3303.8000,3304.0000,3304.8000,3305.0000,1,1,1,1,1,1,1,9,1,1
SF,IH2103,2020-10-20 09:30:37.700,3302.0000,9138,0,28732560.000,1,0,1,多换,S,3302.2000,3301.8000,3300.2000,3299.4000,3298.8000,3303.8000,3304.0000,3304.8000,3305.0000,3306.4000,2,1,1,1,1,1,9,1,1,1
SF,IH2103,2020-10-20 09:30:38.200,3302.0000,9138,0,28732560.000,0,-,-,-,-,3300.2000,3299.4000,3298.8000,3291.2000,3290.8000,3303.0000,3303.8000,3304.0000,3304.8000,3305.0000,1,1,1,1,5,1,1,9,1,1
SF,IH2103,2020-10-20 09:30:38.700,3302.0000,9138,0,28732560.000,0,-,-,-,-,3300.8000,3300.6000,3300.2000,3299.4000,3298.8000,3302.8000,3304.0000,3304.8000,3305.0000,3306.0000,1,1,1,1,1,1,9,1,1,1
SF,IH2103,2020-10-20 09:30:39.200,3302.0000,9138,0,28732560.000,0,-,-,-,-,3301.0000,3300.6000,3300.4000,3300.2000,3299.4000,3302.8000,3304.0000,3304.8000,3305.0000,3306.0000,1,1,1,1,1,1,9,1,1,1
SF,IH2103,2020-10-20 09:30:39.700,3302.0000,9138,0,28732560.000,0,-,-,-,-,3301.0000,3300.6000,3300.4000,3300.2000,3299.4000,3302.8000,3304.0000,3304.8000,3305.0000,3306.0000,1,1,2,1,1,1,9,1,1,1
SF,IH2103,2020-10-20 09:30:40.200,3302.0000,9138,0,28732560.000,0,-,-,-,-,3301.0000,3300.6000,3300.4000,3300.2000,3299.4000,3302.8000,3304.0000,3304.8000,3305.0000,3306.0000,1,1,1,1,1,1,9,1,1,1
SF,IH2103,2020-10-20 09:30:40.700,3302.0000,9138,0,28732560.000,0,-,-,-,-,3301.2000,3301.0000,3300.6000,3300.4000,3300.2000,3302.8000,3304.0000,3304.8000,3305.0000,3306.0000,1,1,1,1,1,1,9,1,1,1
SF,IH2103,2020-10-20 09:30:41.200,3302.0000,9138,0,28732560.000,0,-,-,-,-,3301.0000,3300.6000,3300.4000,3300.2000,3299.4000,3302.8000,3304.0000,3304.8000,3305.0000,3306.0000,1,1,1,1,1,1,9,1,1,1
SF,IH2103,2020-10-20 09:30:41.700,3302.0000,9138,0,28732560.000,0,-,-,-,-,3302.0000,3301.4000,3300.6000,3300.4000,3300.2000,3302.8000,3304.0000,3304.8000,3305.0000,3306.0000,1,1,1,1,1,1,9,1,1,1
SF,IH2103,2020-10-20 09:30:42.200,3302.0000,9138,0,29723160.000,1,0,1,多换,S,3301.4000,3300.6000,3300.4000,3300.2000,3299.4000,3304.0000,3304.8000,3305.0000,3306.0000,3306.4000,1,1,1,1,1,9,1,1,1,1
SF,IH2103,2020-10-20 09:30:42.700,3302.0000,9138,0,29723160.000,0,-,-,-,-,3301.4000,3300.6000,3300.4000,3300.2000,3299.4000,3303.8000,3304.0000,3304.8000,3305.0000,3306.0000,1,1,1,1,1,1,9,1,1,1
SF,IH2103,2020-10-20 09:30:43.200,3302.0000,9138,0,29723160.000,0,-,-,-,-,3301.8000,3301.4000,3300.6000,3300.4000,3300.2000,3303.8000,3304.0000,3304.8000,3305.0000,3306.0000,1,1,1,1,1,1,9,1,1,1
SF,IH2103,2020-10-20 09:30:43.700,3302.0000,9138,0,29723160.000,0,-,-,-,-,3301.8000,3301.4000,3300.6000,3300.4000,3300.2000,3303.8000,3304.0000,3304.8000,3305.0000,3306.0000,1,1,1,1,1,1,9,1,1,1
SF,IH2103,2020-10-20 09:30:44.200,3302.0000,9138,0,29723160.000,0,-,-,-,-,3301.8000,3301.4000,3300.4000,3300.2000,3299.4000,3303.8000,3304.0000,3304.8000,3305.0000,3306.0000,1,1,1,1,1,1,9,1,1,1
SF,IH2103,2020-10-20 09:30:45.200,3301.8000,9138,0,30713700.000,1,0,1,多换,S,3300.4000,3300.2000,3299.4000,3298.8000,3291.2000,3302.4000,3302.8000,3303.2000,3303.8000,3304.0000,1,1,1,1,1,1,1,3,1,9
SF,IH2103,2020-10-20 09:30:45.700,3301.8000,9138,0,30713700.000,0,-,-,-,-,3300.6000,3300.4000,3299.4000,3298.8000,3291.2000,3302.2000,3303.2000,3303.8000,3304.0000,3304.8000,1,1,1,1,1,1,3,1,9,1
SF,IH2103,2020-10-20 09:30:47.700,3301.8000,9138,0,30713700.000,0,-,-,-,-,3300.8000,3300.4000,3299.4000,3298.8000,3291.2000,3302.2000,3303.2000,3303.8000,3304.0000,3304.8000,1,1,1,1,1,1,3,1,9,1
SF,IH2103,2020-10-20 09:30:48.200,3301.8000,9138,0,30713700.000,0,-,-,-,-,3300.4000,3299.4000,3298.8000,3291.2000,3290.8000,3302.2000,3303.2000,3303.8000,3304.0000,3304.8000,1,1,1,1,5,1,3,1,9,1
SF,IH2103,2020-10-20 09:30:48.700,3301.8000,9138,0,30713700.000,0,-,-,-,-,3300.6000,3300.4000,3299.4000,3298.8000,3291.2000,3302.2000,3303.2000,3303.8000,3304.0000,3304.8000,1,1,1,1,1,1,3,1,9,1
SF,IH2103,2020-10-20 09:30:49.200,3301.8000,9138,0,30713700.000,0,-,-,-,-,3300.6000,3300.4000,3299.4000,3298.8000,3291.2000,3302.2000,3303.2000,3303.8000,3304.0000,3304.8000,1,1,1,1,1,1,3,1,9,1
SF,IH2103,2020-10-20 09:30:49.700,3301.8000,9138,0,30713700.000,0,-,-,-,-,3300.6000,3300.4000,3299.4000,3298.8000,3291.2000,3302.2000,3303.8000,3304.0000,3304.8000,3305.0000,1,1,1,1,1,1,1,9,1,1
SF,IH2103,2020-10-20 09:30:50.200,3301.8000,9138,0,30713700.000,0,-,-,-,-,3300.4000,3299.4000,3298.8000,3291.2000,3290.8000,3302.2000,3303.8000,3304.0000,3304.8000,3305.0000,1,1,1,1,5,1,1,9,1,1
SF,IH2103,2020-10-20 09:30:50.700,3301.8000,9138,0,30713700.000,0,-,-,-,-,3300.4000,3299.4000,3298.8000,3291.2000,3290.8000,3302.2000,3303.8000,3304.0000,3304.8000,3305.0000,1,1,1,1,5,1,1,9,1,1
SF,IH2103,2020-10-20 09:30:51.200,3301.8000,9138,0,30713700.000,0,-,-,-,-,3300.4000,3299.4000,3298.8000,3291.2000,3290.8000,3302.2000,3303.8000,3304.0000,3304.8000,3305.0000,2,1,1,1,5,1,1,9,1,1
SF,IH2103,2020-10-20 09:30:51.700,3301.8000,9138,0,30713700.000,0,-,-,-,-,3300.4000,3299.4000,3298.8000,3291.2000,3290.8000,3302.2000,3303.8000,3304.0000,3304.8000,3305.0000,2,1,1,1,5,1,1,9,1,1
SF,IH2103,2020-10-20 09:30:52.200,3301.8000,9138,0,30713700.000,0,-,-,-,-,3300.4000,3299.4000,3298.8000,3291.2000,3290.8000,3302.2000,3303.8000,3304.0000,3304.8000,3305.0000,2,1,1,1,5,1,1,9,1,1
SF,IH2103,2020-10-20 09:30:54.200,3301.8000,9138,0,30713700.000,0,-,-,-,-,3300.4000,3299.4000,3298.8000,3291.2000,3290.8000,3302.2000,3303.8000,3304.0000,3304.8000,3305.0000,1,1,1,1,5,1,1,9,1,1
SF,IH2103,2020-10-20 09:30:54.700,3300.4000,9138,0,31703820.000,1,0,1,多换,S,3299.4000,3298.8000,3291.2000,3290.8000,3290.0000,3302.0000,3302.2000,3303.8000,3304.0000,3304.8000,1,1,1,5,1,1,1,1,9,1
SF,IH2103,2020-10-20 09:30:55.200,3300.4000,9138,0,31703820.000,0,-,-,-,-,3299.4000,3298.8000,3291.2000,3290.8000,3290.0000,3301.8000,3302.0000,3303.8000,3304.0000,3304.8000,1,1,1,5,1,1,1,1,9,1
SF,IH2103,2020-10-20 09:30:55.700,3300.4000,9138,0,31703820.000,0,-,-,-,-,3300.4000,3299.4000,3298.8000,3291.2000,3290.8000,3301.8000,3302.0000,3303.8000,3304.0000,3304.8000,1,1,1,1,5,1,1,1,2,1
SF,IH2103,2020-10-20 09:30:56.200,3300.4000,9138,0,31703820.000,0,-,-,-,-,3300.4000,3299.4000,3298.8000,3291.2000,3290.8000,3302.0000,3303.8000,3304.0000,3304.8000,3305.0000,1,1,1,1,5,1,1,2,1,1
SF,IH2103,2020-10-20 09:30:56.700,3300.4000,9138,0,31703820.000,0,-,-,-,-,3300.4000,3299.4000,3298.8000,3291.2000,3290.8000,3302.0000,3303.8000,3304.0000,3304.8000,3305.0000,1,1,1,1,5,2,1,2,1,1
SF,IH2103,2020-10-20 09:30:57.200,3300.4000,9138,0,31703820.000,0,-,-,-,-,3300.4000,3299.4000,3298.8000,3291.2000,3290.8000,3302.0000,3303.8000,3304.0000,3304.8000,3305.0000,1,1,1,1,5,2,1,2,1,1
SF,IH2103,2020-10-20 09:30:57.700,3300.4000,9138,0,31703820.000,0,-,-,-,-,3300.4000,3299.4000,3298.8000,3291.2000,3290.8000,3302.0000,3303.8000,3304.0000,3304.8000,3305.0000,2,1,1,1,5,2,1,2,1,1
SF,IH2103,2020-10-20 09:30:58.200,3300.4000,9138,0,31703820.000,0,-,-,-,-,3300.4000,3299.4000,3298.8000,3291.2000,3290.8000,3302.0000,3303.8000,3304.0000,3304.8000,3305.0000,1,1,1,1,5,2,1,2,1,1
SF,IH2103,2020-10-20 09:30:58.700,3300.4000,9138,0,31703820.000,0,-,-,-,-,3300.6000,3300.4000,3299.4000,3298.8000,3291.2000,3302.0000,3303.8000,3304.0000,3304.8000,3305.0000,1,1,1,1,1,2,1,2,1,1
SF,IH2103,2020-10-20 09:30:59.200,3300.4000,9138,0,31703820.000,0,-,-,-,-,3300.4000,3299.4000,3298.8000,3291.2000,3290.8000,3302.0000,3303.8000,3304.0000,3304.8000,3305.0000,1,1,1,1,5,2,1,2,1,1
SF,IH2103,2020-10-20 09:30:59.700,3300.4000,9138,0,31703820.000,0,-,-,-,-,3300.4000,3299.4000,3298.8000,3291.2000,3290.8000,3302.0000,3303.8000,3304.0000,3304.8000,3305.0000,1,1,1,1,5,2,1,2,1,1
SF,IH2103,2020-10-20 09:31:00.200,3300.4000,9138,0,31703820.000,0,-,-,-,-,3300.4000,3299.4000,3298.8000,3291.2000,3290.8000,3302.0000,3303.8000,3304.0000,3304.8000,3305.0000,1,1,1,1,5,2,1,2,1,1
SF,IH2103,2020-10-20 09:31:00.700,3300.4000,9138,0,31703820.000,0,-,-,-,-,3300.4000,3299.4000,3298.8000,3291.2000,3290.8000,3302.0000,3303.8000,3304.0000,3304.8000,3305.0000,2,1,1,1,5,2,1,2,1,1
SF,IH2103,2020-10-20 09:31:02.200,3300.4000,9138,0,31703820.000,0,-,-,-,-,3300.4000,3300.0000,3299.4000,3298.8000,3291.2000,3302.0000,3303.8000,3304.0000,3304.8000,3305.0000,1,1,1,1,1,2,1,2,1,1
SF,IH2103,2020-10-20 09:31:02.700,3300.4000,9138,0,31703820.000,0,-,-,-,-,3300.8000,3300.4000,3300.0000,3299.4000,3298.8000,3302.0000,3303.8000,3304.0000,3304.8000,3305.0000,1,1,1,1,1,2,1,2,1,1
SF,IH2103,2020-10-20 09:31:03.200,3300.4000,9138,0,31703820.000,0,-,-,-,-,3300.8000,3300.6000,3300.4000,3300.0000,3299.4000,3302.0000,3303.8000,3304.0000,3304.8000,3305.0000,1,1,1,1,1,2,1,2,1,1
SF,IH2103,2020-10-20 09:31:03.700,3300.4000,9138,0,31703820.000,0,-,-,-,-,3300.8000,3300.4000,3300.0000,3291.2000,3290.8000,3302.0000,3303.8000,3304.0000,3304.8000,3305.0000,1,1,1,1,5,2,1,2,1,1
SF,IH2103,2020-10-20 09:31:04.200,3300.4000,9138,0,31703820.000,0,-,-,-,-,3300.8000,3300.4000,3300.0000,3291.2000,3290.8000,3301.8000,3302.0000,3303.8000,3304.0000,3304.8000,1,1,1,1,5,1,2,1,2,1
SF,IH2103,2020-10-20 09:31:04.700,3300.8000,9138,0,32694060.000,1,0,1,多换,S,3300.4000,3300.0000,3291.2000,3290.8000,3290.2000,3301.8000,3302.0000,3303.8000,3304.0000,3304.8000,1,1,1,5,1,1,2,1,2,1
SF,IH2103,2020-10-20 09:31:05.200,3300.8000,9138,0,32694060.000,0,-,-,-,-,3300.4000,3300.0000,3291.2000,3290.8000,3290.2000,3302.0000,3303.8000,3304.0000,3304.8000,3306.0000,1,1,1,5,1,2,1,2,1,1
SF,IH2103,2020-10-20 09:31:05.700,3300.8000,9138,0,32694060.000,0,-,-,-,-,3300.4000,3300.0000,3291.2000,3290.8000,3290.2000,3301.8000,3302.0000,3303.8000,3304.0000,3304.8000,1,1,1,5,1,1,2,1,2,1
SF,IH2103,2020-10-20 09:31:06.200,3300.4000,9138,0,33684180.000,1,0,1,多换,S,3300.0000,3291.2000,3290.8000,3290.2000,3290.0000,3301.4000,3301.8000,3302.0000,3303.8000,3304.0000,1,1,5,1,1,1,1,2,1,2
SF,IH2103,2020-10-20 09:31:06.700,3300.4000,9138,0,33684180.000,0,-,-,-,-,3300.0000,3291.2000,3290.8000,3290.2000,3290.0000,3301.0000,3301.4000,3301.8000,3302.0000,3303.8000,1,1,5,1,1,1,1,1,2,1
SF,IH2103,2020-10-20 09:31:07.200,3300.0000,9138,0,34674180.000,1,0,1,多换,S,3291.2000,3290.8000,3290.2000,3290.0000,3288.0000,3300.8000,3301.0000,3301.4000,3302.0000,3303.8000,1,5,1,1,1,1,1,1,2,1
SF,IH2103,2020-10-20 09:31:07.700,3300.0000,9138,0,34674180.000,0,-,-,-,-,3299.4000,3298.0000,3297.8000,3297.6000,3297.0000,3301.0000,3301.4000,3302.0000,3303.8000,3304.0000,1,1,1,1,1,1,1,2,1,1
SF,IH2103,2020-10-20 09:31:08.200,3300.0000,9138,0,34674180.000,0,-,-,-,-,3300.4000,3298.0000,3297.8000,3297.6000,3297.0000,3300.8000,3301.0000,3301.4000,3302.0000,3303.8000,1,1,1,1,1,1,1,1,2,1
SF,IH2103,2020-10-20 09:31:08.700,3300.4000,9138,0,35664300.000,1,0,1,多换,S,3298.0000,3297.8000,3297.6000,3297.0000,3291.8000,3301.0000,3301.4000,3302.0000,3303.8000,3304.0000,1,1,1,1,2,1,1,2,1,1
SF,IH2103,2020-10-20 09:31:09.200,3300.4000,9138,0,35664300.000,0,-,-,-,-,3299.6000,3298.6000,3298.4000,3298.2000,3298.0000,3301.0000,3301.4000,3302.0000,3303.8000,3304.0000,1,1,6,2,1,1,1,2,1,1
SF,IH2103,2020-10-20 09:31:09.700,3300.4000,9138,0,35664300.000,0,-,-,-,-,3299.8000,3298.6000,3298.4000,3298.2000,3298.0000,3301.0000,3301.4000,3302.0000,3303.8000,3304.0000,1,1,6,2,1,1,1,2,1,1
SF,IH2103,2020-10-20 09:31:10.700,3301.0000,9137,-1,36654600.000,1,0,1,双平,S,3299.8000,3298.6000,3298.4000,3298.2000,3298.0000,3302.0000,3303.8000,3304.0000,3304.8000,3306.0000,1,1,6,2,1,2,1,1,1,1
SF,IH2103,2020-10-20 09:31:11.200,3301.0000,9137,0,36654600.000,0,-,-,-,-,3300.0000,3299.8000,3298.6000,3298.4000,3298.2000,3301.8000,3302.0000,3303.8000,3304.0000,3304.8000,1,1,1,6,1,1,2,1,1,1
SF,IH2103,2020-10-20 09:31:11.700,3301.0000,9137,0,36654600.000,0,-,-,-,-,3300.2000,3300.0000,3298.6000,3298.4000,3298.2000,3302.0000,3303.8000,3304.0000,3304.8000,3306.0000,1,2,1,6,1,2,1,1,1,1
SF,IH2103,2020-10-20 09:31:12.200,3301.0000,9137,0,36654600.000,0,-,-,-,-,3300.4000,3300.2000,3300.0000,3298.6000,3298.4000,3302.0000,3303.8000,3304.0000,3304.8000,3306.0000,1,1,1,1,6,2,1,1,1,1
SF,IH2103,2020-10-20 09:31:12.700,3302.0000,9136,-1,37645200.000,1,0,1,双平,S,3300.6000,3300.4000,3300.0000,3298.6000,3298.4000,3301.0000,3302.0000,3303.8000,3304.0000,3304.8000,1,1,1,1,6,1,1,1,1,1
SF,IH2103,2020-10-20 09:31:13.200,3301.0000,9136,0,38635500.000,1,0,1,多换,S,3301.0000,3300.0000,3298.6000,3298.4000,3298.2000,3302.0000,3303.8000,3304.0000,3304.8000,3306.0000,1,1,1,6,1,1,1,1,1,1
SF,IH2103,2020-10-20 09:31:13.700,3301.0000,9136,0,38635500.000,0,-,-,-,-,3301.0000,3300.0000,3298.6000,3298.4000,3298.0000,3302.0000,3303.8000,3304.0000,3304.8000,3306.0000,1,1,1,6,1,1,1,1,1,1
SF,IH2103,2020-10-20 09:31:14.200,3302.0000,9135,-1,39626100.000,1,0,1,双平,S,3301.0000,3300.0000,3298.6000,3298.4000,3298.0000,3303.8000,3304.0000,3304.8000,3306.0000,3306.4000,1,1,1,6,1,1,1,1,1,1
SF,IH2103,2020-10-20 09:31:14.700,3301.2000,9134,-1,40616460.000,1,0,1,双平,S,3301.0000,3300.0000,3298.6000,3298.4000,3298.0000,3303.6000,3303.8000,3304.0000,3304.8000,3306.0000,1,1,1,6,1,2,1,1,1,1
SF,IH2103,2020-10-20 09:31:15.200,3301.2000,9134,0,40616460.000,0,-,-,-,-,3301.2000,3301.0000,3300.0000,3298.6000,3298.4000,3303.6000,3303.8000,3304.0000,3304.8000,3306.0000,1,1,1,1,6,2,1,1,1,1
SF,IH2103,2020-10-20 09:31:15.700,3301.2000,9134,0,40616460.000,0,-,-,-,-,3301.2000,3301.0000,3300.0000,3298.6000,3298.4000,3303.6000,3303.8000,3304.0000,3304.8000,3306.0000,1,1,1,1,6,2,1,1,1,1
SF,IH2103,2020-10-20 09:31:17.700,3303.6000,9134,0,41607540.000,1,0,1,多换,S,3301.4000,3301.2000,3301.0000,3300.0000,3298.6000,3303.6000,3303.8000,3304.0000,3304.8000,3306.0000,1,1,1,1,1,1,1,1,1,1
SF,IH2103,2020-10-20 09:31:18.200,3303.6000,9134,0,41607540.000,0,-,-,-,-,3301.6000,3301.0000,3300.0000,3298.6000,3298.4000,3303.6000,3303.8000,3304.0000,3304.8000,3306.0000,1,1,1,1,6,1,1,1,1,1
SF,IH2103,2020-10-20 09:31:19.700,3301.6000,9134,0,42598020.000,1,0,1,多换,S,3301.0000,3300.0000,3298.6000,3298.4000,3297.0000,3303.6000,3303.8000,3304.0000,3304.8000,3306.0000,1,1,1,6,1,1,1,1,1,1
SF,IH2103,2020-10-20 09:31:20.200,3301.6000,9134,0,42598020.000,0,-,-,-,-,3301.8000,3301.4000,3301.2000,3301.0000,3300.0000,3303.6000,3303.8000,3304.0000,3304.8000,3306.0000,1,2,1,1,1,1,1,1,1,1
SF,IH2103,2020-10-20 09:31:20.700,3301.6000,9134,0,42598020.000,0,-,-,-,-,3301.8000,3301.4000,3301.2000,3301.0000,3300.0000,3303.6000,3303.8000,3304.0000,3304.8000,3306.0000,1,2,1,1,1,1,1,1,1,1
SF,IH2103,2020-10-20 09:31:21.200,3301.6000,9134,0,42598020.000,0,-,-,-,-,3302.0000,3301.8000,3301.2000,3301.0000,3300.0000,3303.6000,3303.8000,3304.0000,3304.8000,3306.0000,2,1,1,1,1,1,1,1,1,1
SF,IH2103,2020-10-20 09:31:21.700,3301.6000,9134,0,42598020.000,0,-,-,-,-,3302.2000,3301.8000,3301.2000,3301.0000,3300.0000,3303.6000,3303.8000,3304.0000,3304.8000,3306.0000,3,1,1,1,1,1,1,1,1,1
SF,IH2103,2020-10-20 09:31:22.200,3301.6000,9134,0,42598020.000,0,-,-,-,-,3302.2000,3301.8000,3301.2000,3301.0000,3300.0000,3303.6000,3303.8000,3304.0000,3304.8000,3306.0000,1,1,1,1,1,1,1,1,1,1
SF,IH2103,2020-10-20 09:31:22.700,3301.6000,9134,0,42598020.000,0,-,-,-,-,3301.8000,3301.2000,3301.0000,3300.0000,3297.0000,3303.6000,3303.8000,3304.0000,3304.8000,3306.0000,1,1,1,1,1,1,1,1,1,1
SF,IH2103,2020-10-20 09:31:23.200,3301.6000,9134,0,42598020.000,0,-,-,-,-,3302.0000,3301.8000,3301.2000,3301.0000,3300.0000,3303.6000,3303.8000,3304.0000,3304.8000,3306.0000,3,1,1,1,1,1,1,1,1,1
SF,IH2103,2020-10-20 09:31:23.700,3301.6000,9134,0,42598020.000,0,-,-,-,-,3302.0000,3301.2000,3301.0000,3300.0000,3297.0000,3303.6000,3303.8000,3304.0000,3304.8000,3306.0000,1,1,1,1,1,1,1,1,1,1
SF,IH2103,2020-10-20 09:31:24.200,3301.6000,9134,0,42598020.000,0,-,-,-,-,3302.2000,3302.0000,3301.2000,3301.0000,3300.0000,3303.6000,3303.8000,3304.0000,3304.8000,3306.0000,1,1,1,1,1,1,1,1,1,1
SF,IH2103,2020-10-20 09:31:24.700,3301.6000,9134,0,42598020.000,0,-,-,-,-,3302.4000,3301.2000,3301.0000,3300.0000,3297.0000,3303.6000,3303.8000,3304.0000,3304.8000,3306.0000,1,1,1,1,1,1,1,1,1,1
SF,IH2103,2020-10-20 09:31:25.200,3301.6000,9134,0,42598020.000,0,-,-,-,-,3302.4000,3301.2000,3301.0000,3300.0000,3297.0000,3303.8000,3304.0000,3304.8000,3306.0000,3306.4000,2,1,1,1,1,1,1,1,1,1
SF,IH2103,2020-10-20 09:31:25.700,3301.6000,9134,0,42598020.000,0,-,-,-,-,3302.4000,3301.2000,3301.0000,3300.0000,3298.8000,3303.8000,3304.0000,3304.8000,3306.0000,3306.4000,1,1,1,1,1,1,1,1,1,1
SF,IH2103,2020-10-20 09:31:26.200,3301.6000,9134,0,42598020.000,0,-,-,-,-,3301.2000,3301.0000,3300.0000,3298.8000,3297.0000,3303.6000,3304.0000,3304.8000,3306.0000,3306.4000,1,1,1,1,1,1,1,1,1,1
SF,IH2103,2020-10-20 09:31:26.700,3301.6000,9134,0,42598020.000,0,-,-,-,-,3302.4000,3301.8000,3301.4000,3301.2000,3301.0000,3303.4000,3304.0000,3304.8000,3306.0000,3306.4000,1,2,3,2,1,1,1,1,1,1
SF,IH2103,2020-10-20 09:31:27.200,3301.6000,9134,0,42598020.000,0,-,-,-,-,3301.8000,3301.4000,3301.2000,3301.0000,3300.0000,3304.0000,3304.8000,3306.0000,3306.4000,3306.6000,3,2,2,1,1,1,1,1,1,2
SF,IH2103,2020-10-20 09:31:27.700,3301.6000,9134,0,42598020.000,0,-,-,-,-,3302.2000,3302.0000,3301.8000,3301.4000,3301.2000,3303.8000,3304.0000,3304.8000,3306.0000,3306.4000,2,1,1,1,2,1,1,1,1,1
SF,IH2103,2020-10-20 09:31:28.200,3301.6000,9134,0,42598020.000,0,-,-,-,-,3301.4000,3301.2000,3301.0000,3300.0000,3298.8000,3303.8000,3304.0000,3304.8000,3306.0000,3306.4000,1,2,1,1,1,1,1,1,1,1
SF,IH2103,2020-10-20 09:31:28.700,3301.6000,9134,0,42598020.000,0,-,-,-,-,3301.6000,3301.2000,3301.0000,3300.0000,3298.8000,3303.6000,3303.8000,3304.0000,3304.8000,3306.0000,2,1,1,1,1,1,1,1,1,1
SF,IH2103,2020-10-20 09:31:29.200,3301.6000,9134,0,42598020.000,0,-,-,-,-,3301.2000,3301.0000,3300.0000,3298.8000,3297.0000,3303.4000,3303.6000,3304.0000,3304.8000,3305.0000,1,1,1,1,1,1,1,1,1,1
SF,IH2103,2020-10-20 09:31:29.700,3301.6000,9134,0,42598020.000,0,-,-,-,-,3301.2000,3301.0000,3300.0000,3298.8000,3297.0000,3303.2000,3303.4000,3304.0000,3304.8000,3305.0000,1,1,1,1,1,1,1,1,1,1
SF,IH2103,2020-10-20 09:31:30.200,3303.0000,9133,-1,43588920.000,1,0,1,双平,S,3301.2000,3301.0000,3300.0000,3298.8000,3297.0000,3301.6000,3303.2000,3304.0000,3304.8000,3305.0000,1,1,1,1,1,1,1,1,1,1
SF,IH2103,2020-10-20 09:31:30.700,3301.6000,9133,0,44579400.000,1,0,1,多换,S,3301.6000,3301.4000,3301.2000,3301.0000,3300.0000,3304.0000,3304.8000,3305.0000,3306.0000,3306.4000,3,1,1,1,1,1,1,1,1,1
SF,IH2103,2020-10-20 09:31:31.200,3301.6000,9133,0,44579400.000,0,-,-,-,-,3301.6000,3301.2000,3301.0000,3300.0000,3299.8000,3303.8000,3304.0000,3304.8000,3305.0000,3306.0000,2,1,1,1,1,2,1,1,1,1
SF,IH2103,2020-10-20 09:31:31.700,3301.6000,9133,0,44579400.000,0,-,-,-,-,3301.8000,3301.6000,3301.2000,3301.0000,3300.0000,3303.8000,3304.0000,3304.8000,3305.0000,3306.0000,1,2,1,1,1,3,1,1,1,1
SF,IH2103,2020-10-20 09:31:34.200,3301.6000,9133,0,44579400.000,0,-,-,-,-,3301.8000,3301.6000,3301.2000,3301.0000,3300.0000,3303.8000,3304.0000,3304.8000,3305.0000,3306.0000,1,2,1,1,1,3,1,1,1,1
SF,IH2103,2020-10-20 09:31:34.700,3301.6000,9133,0,44579400.000,0,-,-,-,-,3301.6000,3301.2000,3301.0000,3300.0000,3299.8000,3303.6000,3303.8000,3304.0000,3304.8000,3305.0000,2,1,1,1,1,1,3,1,1,1
SF,IH2103,2020-10-20 09:31:35.200,3301.6000,9133,0,44579400.000,0,-,-,-,-,3301.6000,3301.2000,3301.0000,3300.0000,3299.8000,3303.4000,3303.6000,3303.8000,3304.0000,3304.8000,2,1,1,1,1,2,1,1,1,1
SF,IH2103,2020-10-20 09:31:35.700,3301.6000,9133,0,44579400.000,0,-,-,-,-,3301.6000,3301.2000,3301.0000,3300.0000,3299.8000,3303.4000,3303.8000,3304.0000,3304.8000,3305.0000,2,2,1,1,1,2,1,1,1,1
SF,IH2103,2020-10-20 09:31:40.200,3301.6000,9133,0,44579400.000,0,-,-,-,-,3301.8000,3301.6000,3301.2000,3301.0000,3300.0000,3303.4000,3303.8000,3304.0000,3304.8000,3305.0000,1,2,2,1,1,2,1,1,1,1
SF,IH2103,2020-10-20 09:31:40.700,3301.6000,9133,0,44579400.000,0,-,-,-,-,3301.8000,3301.6000,3301.2000,3301.0000,3300.0000,3303.4000,3304.0000,3304.8000,3305.0000,3306.0000,1,2,2,1,1,2,1,1,1,1
SF,IH2103,2020-10-20 09:31:43.700,3301.6000,9133,0,44579400.000,0,-,-,-,-,3301.8000,3301.6000,3301.2000,3301.0000,3300.0000,3303.4000,3304.8000,3305.0000,3306.0000,3306.4000,1,2,2,1,1,2,1,1,1,1
SF,IH2103,2020-10-20 09:31:45.200,3301.6000,9133,0,44579400.000,0,-,-,-,-,3301.8000,3301.6000,3301.2000,3301.0000,3300.0000,3303.4000,3304.8000,3305.0000,3306.0000,3306.4000,2,3,2,1,1,2,1,1,1,1
SF,IH2103,2020-10-20 09:31:45.700,3301.6000,9133,0,44579400.000,0,-,-,-,-,3302.0000,3301.8000,3301.6000,3301.2000,3301.0000,3303.4000,3304.8000,3305.0000,3306.0000,3306.4000,2,2,3,2,1,2,1,1,1,1
SF,IH2103,2020-10-20 09:31:46.200,3301.6000,9133,0,44579400.000,0,-,-,-,-,3302.2000,3301.8000,3301.6000,3301.2000,3301.0000,3303.4000,3304.8000,3305.0000,3306.0000,3306.4000,2,2,3,2,1,1,1,1,1,1
SF,IH2103,2020-10-20 09:31:46.700,3301.6000,9133,0,44579400.000,0,-,-,-,-,3302.2000,3301.8000,3301.6000,3301.2000,3301.0000,3304.8000,3305.0000,3306.0000,3306.4000,3306.6000,2,1,3,2,1,1,1,1,1,2
SF,IH2103,2020-10-20 09:31:47.200,3301.6000,9133,0,44579400.000,0,-,-,-,-,3302.4000,3301.8000,3301.6000,3301.2000,3301.0000,3304.0000,3304.4000,3304.6000,3304.8000,3305.0000,3,1,3,2,1,1,1,1,2,1
SF,IH2103,2020-10-20 09:31:47.700,3301.6000,9133,0,44579400.000,0,-,-,-,-,3302.4000,3301.8000,3301.6000,3301.2000,3301.0000,3304.0000,3304.4000,3304.6000,3304.8000,3305.0000,3,1,3,2,1,1,1,2,2,1
SF,IH2103,2020-10-20 09:31:48.200,3301.6000,9133,0,44579400.000,0,-,-,-,-,3302.4000,3301.8000,3301.6000,3301.2000,3301.0000,3304.0000,3304.4000,3304.6000,3304.8000,3305.0000,1,1,3,2,1,1,1,2,2,1
SF,IH2103,2020-10-20 09:31:48.700,3301.6000,9133,0,44579400.000,0,-,-,-,-,3302.4000,3301.8000,3301.6000,3301.2000,3301.0000,3303.0000,3303.4000,3303.8000,3304.4000,3304.6000,1,1,3,2,1,1,1,3,1,1
SF,IH2103,2020-10-20 09:31:49.200,3303.0000,9132,-1,45570300.000,1,0,1,双平,S,3301.8000,3301.6000,3301.2000,3301.0000,3300.0000,3304.4000,3304.6000,3304.8000,3305.0000,3306.0000,1,3,2,1,1,1,1,2,1,1
SF,IH2103,2020-10-20 09:31:49.700,3303.0000,9132,0,45570300.000,0,-,-,-,-,3302.4000,3302.0000,3301.8000,3301.6000,3301.2000,3304.6000,3304.8000,3305.0000,3306.0000,3306.4000,2,2,1,3,2,1,1,1,1,1
SF,IH2103,2020-10-20 09:31:50.200,3303.0000,9132,0,45570300.000,0,-,-,-,-,3302.6000,3301.8000,3301.6000,3301.2000,3301.0000,3304.6000,3304.8000,3305.0000,3306.0000,3306.4000,4,1,3,2,1,1,1,1,1,1
SF,IH2103,2020-10-20 09:31:50.700,3303.0000,9132,0,45570300.000,0,-,-,-,-,3302.6000,3301.8000,3301.6000,3301.2000,3301.0000,3304.6000,3304.8000,3305.0000,3306.0000,3306.4000,4,1,3,2,1,2,1,1,1,1
SF,IH2103,2020-10-20 09:31:52.200,3303.0000,9132,0,45570300.000,0,-,-,-,-,3302.6000,3301.8000,3301.6000,3301.2000,3301.0000,3304.6000,3304.8000,3305.0000,3306.0000,3306.4000,4,1,3,2,1,2,1,1,1,1
SF,IH2103,2020-10-20 09:31:52.700,3303.0000,9132,0,45570300.000,0,-,-,-,-,3302.8000,3302.6000,3301.8000,3301.6000,3301.2000,3304.6000,3304.8000,3305.0000,3306.0000,3306.4000,2,2,1,3,2,1,1,1,1,1
SF,IH2103,2020-10-20 09:31:53.200,3303.0000,9132,0,45570300.000,0,-,-,-,-,3303.0000,3302.6000,3301.8000,3301.6000,3301.2000,3304.2000,3304.6000,3304.8000,3305.0000,3306.0000,1,1,1,3,2,1,1,1,1,1
SF,IH2103,2020-10-20 09:31:53.700,3303.0000,9132,0,45570300.000,0,-,-,-,-,3301.8000,3301.6000,3301.2000,3301.0000,3300.0000,3304.2000,3304.6000,3304.8000,3305.0000,3306.0000,1,3,2,1,1,1,1,1,1,1
SF,IH2103,2020-10-20 09:31:54.200,3303.0000,9132,0,45570300.000,0,-,-,-,-,3303.4000,3302.4000,3302.0000,3301.8000,3301.6000,3304.0000,3304.2000,3304.6000,3304.8000,3305.0000,3,2,1,1,3,1,1,1,1,1
SF,IH2103,2020-10-20 09:31:54.700,3303.4000,9129,-3,48543360.000,3,0,3,双平,S,3301.8000,3301.6000,3301.2000,3301.0000,3300.0000,3303.4000,3304.2000,3304.8000,3305.0000,3306.0000,1,3,2,1,1,1,1,1,1,1
SF,IH2103,2020-10-20 09:31:55.200,3303.4000,9129,0,48543360.000,0,-,-,-,-,3302.2000,3301.8000,3301.6000,3301.2000,3301.0000,3303.4000,3304.2000,3304.8000,3305.0000,3305.2000,2,1,3,2,1,1,1,1,1,1
SF,IH2103,2020-10-20 09:31:55.700,3303.4000,9129,0,48543360.000,0,-,-,-,-,3302.4000,3302.2000,3301.8000,3301.6000,3301.2000,3303.4000,3304.2000,3304.8000,3305.0000,3305.2000,1,2,1,3,2,1,1,1,1,1
SF,IH2103,2020-10-20 09:31:57.200,3303.4000,9129,0,48543360.000,0,-,-,-,-,3302.4000,3302.2000,3301.8000,3301.6000,3301.2000,3303.4000,3304.2000,3304.8000,3305.0000,3305.2000,1,2,1,3,2,1,1,1,1,1
SF,IH2103,2020-10-20 09:31:57.700,3303.4000,9129,0,48543360.000,0,-,-,-,-,3302.4000,3301.8000,3301.6000,3301.2000,3301.0000,3303.4000,3304.2000,3304.8000,3305.0000,3305.2000,1,1,3,2,1,1,1,1,1,1
SF,IH2103,2020-10-20 09:31:59.700,3302.4000,9128,-1,49534080.000,1,0,1,双平,S,3301.8000,3301.6000,3301.2000,3301.0000,3300.0000,3303.4000,3304.2000,3304.8000,3305.0000,3305.2000,1,3,2,1,1,1,1,1,1,1
SF,IH2103,2020-10-20 09:32:00.200,3302.4000,9128,0,49534080.000,0,-,-,-,-,3301.8000,3301.6000,3301.2000,3301.0000,3300.0000,3302.4000,3303.2000,3303.4000,3304.2000,3304.8000,1,3,2,1,1,1,1,1,1,1
SF,IH2103,2020-10-20 09:32:00.700,3302.4000,9128,0,49534080.000,0,-,-,-,-,3301.8000,3301.6000,3301.2000,3301.0000,3300.0000,3302.4000,3303.2000,3303.4000,3304.2000,3304.8000,1,3,2,1,1,1,1,1,1,1
SF,IH2103,2020-10-20 09:32:01.200,3301.8000,9128,0,50524620.000,1,0,1,多换,S,3301.6000,3301.2000,3301.0000,3300.0000,3299.8000,3302.4000,3303.2000,3303.4000,3304.8000,3305.0000,3,2,1,1,1,1,1,1,1,1
SF,IH2103,2020-10-20 09:32:01.700,3301.8000,9128,0,50524620.000,0,-,-,-,-,3301.6000,3301.2000,3301.0000,3300.2000,3300.0000,3302.4000,3303.2000,3303.4000,3304.8000,3305.0000,3,2,1,1,1,1,1,1,1,1
SF,IH2103,2020-10-20 09:32:02.200,3301.8000,9128,0,50524620.000,0,-,-,-,-,3301.6000,3301.2000,3301.0000,3300.2000,3300.0000,3302.4000,3303.2000,3303.4000,3304.8000,3305.0000,3,1,1,1,1,1,1,1,1,1
SF,IH2103,2020-10-20 09:32:02.700,3301.6000,9128,0,51515100.000,1,0,1,多换,S,3301.2000,3301.0000,3300.2000,3300.0000,3299.8000,3302.2000,3302.4000,3303.2000,3303.4000,3304.8000,1,1,1,1,1,1,1,1,1,1
SF,IH2103,2020-10-20 09:32:03.200,3301.6000,9128,0,51515100.000,0,-,-,-,-,3301.2000,3301.0000,3300.2000,3300.0000,3299.8000,3302.2000,3302.4000,3303.2000,3303.4000,3304.8000,1,1,1,1,1,1,1,1,1,1
SF,IH2103,2020-10-20 09:32:03.700,3301.0000,9126,-2,53495760.000,2,0,2,双平,S,3300.2000,3300.0000,3299.8000,3297.0000,3296.8000,3302.2000,3302.4000,3303.2000,3303.4000,3304.8000,1,1,1,1,1,1,1,1,1,1
SF,IH2103,2020-10-20 09:32:04.200,3301.0000,9126,0,53495760.000,0,-,-,-,-,3300.6000,3300.4000,3300.2000,3300.0000,3299.8000,3302.0000,3302.2000,3302.4000,3303.4000,3304.8000,2,1,1,1,1,1,1,1,1,1
SF,IH2103,2020-10-20 09:32:04.700,3301.0000,9126,0,53495760.000,0,-,-,-,-,3300.8000,3300.4000,3300.2000,3300.0000,3299.0000,3302.2000,3302.4000,3303.4000,3304.8000,3305.0000,2,1,1,1,1,1,1,1,1,1
SF,IH2103,2020-10-20 09:32:05.200,3301.0000,9126,0,53495760.000,0,-,-,-,-,3300.8000,3300.4000,3300.2000,3300.0000,3299.0000,3302.2000,3302.4000,3303.4000,3304.8000,3305.0000,2,1,1,2,1,1,1,1,1,1
SF,IH2103,2020-10-20 09:32:05.700,3301.0000,9126,0,53495760.000,0,-,-,-,-,3300.4000,3300.2000,3300.0000,3299.0000,3297.0000,3302.0000,3302.2000,3302.4000,3303.4000,3304.8000,1,1,2,1,1,1,2,1,1,1
SF,IH2103,2020-10-20 09:32:06.200,3301.0000,9126,0,53495760.000,0,-,-,-,-,3300.4000,3300.2000,3300.0000,3299.0000,3297.0000,3302.0000,3302.2000,3302.4000,3303.4000,3304.8000,1,1,2,1,1,1,1,1,1,1
SF,IH2103,2020-10-20 09:32:06.700,3301.0000,9126,0,53495760.000,0,-,-,-,-,3300.4000,3300.2000,3300.0000,3299.0000,3297.0000,3301.2000,3302.0000,3302.2000,3302.4000,3303.4000,1,1,2,1,1,1,1,1,1,1
SF,IH2103,2020-10-20 09:32:07.200,3301.0000,9126,0,53495760.000,0,-,-,-,-,3300.2000,3300.0000,3299.0000,3297.0000,3296.8000,3302.0000,3302.4000,3303.4000,3304.8000,3305.0000,1,2,1,1,1,1,1,1,1,1
SF,IH2103,2020-10-20 09:32:07.700,3300.2000,9124,-2,55475880.000,2,0,2,双平,S,3300.0000,3299.0000,3297.0000,3296.8000,3295.2000,3301.4000,3301.8000,3302.0000,3302.4000,3303.4000,2,1,1,1,2,1,1,1,1,1
SF,IH2103,2020-10-20 09:32:08.200,3300.0000,9124,0,56465880.000,1,0,1,多换,S,3300.0000,3299.0000,3297.0000,3296.8000,3295.2000,3301.2000,3301.4000,3301.8000,3302.4000,3303.4000,1,1,1,1,2,1,1,4,1,1
SF,IH2103,2020-10-20 09:32:08.700,3300.0000,9124,0,57455880.000,1,0,1,多换,S,3299.0000,3297.0000,3296.8000,3295.2000,3291.8000,3301.2000,3301.4000,3301.8000,3302.4000,3303.4000,1,1,1,2,1,1,1,4,1,1
SF,IH2103,2020-10-20 09:32:09.200,3300.0000,9124,0,57455880.000,0,-,-,-,-,3299.0000,3297.6000,3297.0000,3296.8000,3295.2000,3300.8000,3301.0000,3301.2000,3301.4000,3302.4000,1,1,1,1,2,1,1,1,1,1
SF,IH2103,2020-10-20 09:32:09.700,3300.0000,9124,0,57455880.000,0,-,-,-,-,3299.0000,3297.6000,3296.8000,3295.2000,3291.8000,3300.6000,3302.4000,3304.8000,3305.0000,3306.0000,1,1,1,2,1,2,1,1,1,1
SF,IH2103,2020-10-20 09:32:10.200,3300.0000,9124,0,57455880.000,0,-,-,-,-,3299.0000,3297.6000,3296.8000,3295.2000,3291.8000,3299.8000,3300.4000,3300.6000,3300.8000,3302.4000,1,1,1,2,1,1,1,3,1,1
SF,IH2103,2020-10-20 09:32:10.700,3299.0000,9123,-1,58445580.000,1,0,1,双平,S,3297.6000,3296.8000,3296.2000,3295.2000,3291.8000,3300.4000,3300.6000,3300.8000,3304.8000,3305.0000,1,1,1,2,1,1,2,1,1,1
SF,IH2103,2020-10-20 09:32:11.200,3299.0000,9123,0,58445580.000,0,-,-,-,-,3297.8000,3297.6000,3296.8000,3296.2000,3295.2000,3300.2000,3300.4000,3300.8000,3304.8000,3305.0000,3,1,1,1,2,3,1,1,1,1
SF,IH2103,2020-10-20 09:32:11.700,3299.0000,9123,0,58445580.000,0,-,-,-,-,3298.0000,3297.8000,3297.6000,3296.8000,3296.2000,3300.0000,3300.2000,3304.8000,3305.0000,3306.0000,2,1,1,1,1,2,2,1,1,1
SF,IH2103,2020-10-20 09:32:12.200,3299.0000,9123,0,58445580.000,0,-,-,-,-,3297.6000,3296.8000,3296.2000,3295.2000,3293.2000,3299.6000,3299.8000,3300.0000,3304.8000,3305.0000,1,1,1,2,3,4,2,1,1,1
SF,IH2103,2020-10-20 09:32:12.700,3299.0000,9123,0,58445580.000,0,-,-,-,-,3297.6000,3296.8000,3296.2000,3295.2000,3293.2000,3299.4000,3299.6000,3300.0000,3304.8000,3305.0000,1,1,1,2,3,2,4,1,1,1
SF,IH2103,2020-10-20 09:32:13.200,3299.0000,9123,0,58445580.000,0,-,-,-,-,3297.6000,3296.8000,3296.2000,3295.2000,3293.2000,3299.4000,3299.6000,3300.0000,3304.8000,3305.0000,1,1,1,2,3,2,3,1,1,1
SF,IH2103,2020-10-20 09:32:13.700,3299.0000,9123,0,58445580.000,0,-,-,-,-,3297.6000,3296.8000,3296.2000,3295.2000,3293.2000,3299.2000,3299.4000,3299.6000,3300.0000,3304.8000,1,1,1,2,3,1,2,3,1,1
SF,IH2103,2020-10-20 09:32:14.200,3299.0000,9123,0,58445580.000,0,-,-,-,-,3297.6000,3296.8000,3296.2000,3295.2000,3293.2000,3299.0000,3299.2000,3299.4000,3299.6000,3300.0000,1,1,1,2,3,1,1,1,3,1
SF,IH2103,2020-10-20 09:32:14.700,3299.0000,9123,0,58445580.000,0,-,-,-,-,3297.6000,3296.8000,3296.2000,3295.2000,3293.2000,3299.0000,3299.2000,3299.4000,3299.6000,3300.0000,1,1,1,2,3,1,1,1,3,1
SF,IH2103,2020-10-20 09:32:15.200,3299.0000,9123,0,58445580.000,0,-,-,-,-,3297.6000,3296.8000,3296.2000,3295.2000,3293.2000,3299.0000,3299.2000,3299.4000,3299.6000,3300.0000,1,1,1,2,3,1,1,1,3,1
SF,IH2103,2020-10-20 09:32:15.700,3299.0000,9123,0,58445580.000,0,-,-,-,-,3297.6000,3296.8000,3296.2000,3295.2000,3293.2000,3299.0000,3299.2000,3299.4000,3299.6000,3300.0000,1,1,1,2,3,1,1,1,3,1
SF,IH2103,2020-10-20 09:32:16.200,3299.0000,9123,0,58445580.000,0,-,-,-,-,3297.6000,3296.8000,3296.2000,3295.2000,3293.2000,3298.2000,3299.0000,3299.2000,3299.4000,3300.0000,1,1,1,2,3,1,1,1,1,1
SF,IH2103,2020-10-20 09:32:16.700,3298.2000,9122,-1,59435040.000,1,0,1,双平,S,3298.2000,3297.8000,3297.6000,3296.8000,3296.2000,3299.2000,3299.4000,3300.0000,3304.8000,3305.0000,2,1,1,1,1,1,1,1,1,1
SF,IH2103,2020-10-20 09:32:17.200,3298.2000,9121,-1,60424500.000,1,0,1,双平,S,3297.6000,3296.8000,3296.2000,3295.2000,3293.2000,3299.0000,3299.2000,3300.0000,3304.8000,3305.0000,1,1,1,2,3,1,2,1,1,1
SF,IH2103,2020-10-20 09:32:17.700,3298.2000,9121,0,60424500.000,0,-,-,-,-,3297.6000,3296.8000,3296.2000,3295.2000,3293.2000,3299.2000,3300.0000,3304.8000,3305.0000,3306.0000,1,1,1,2,3,1,1,1,1,1
SF,IH2103,2020-10-20 09:32:19.200,3298.2000,9121,0,60424500.000,0,-,-,-,-,3297.8000,3297.6000,3296.8000,3296.2000,3295.2000,3299.2000,3300.0000,3304.8000,3305.0000,3306.0000,2,1,1,1,2,1,1,1,1,1
SF,IH2103,2020-10-20 09:32:19.700,3298.2000,9121,0,60424500.000,0,-,-,-,-,3298.0000,3297.6000,3296.8000,3296.2000,3295.2000,3298.4000,3298.8000,3299.2000,3300.0000,3304.8000,3,1,1,1,2,1,3,1,1,1
SF,IH2103,2020-10-20 09:32:20.200,3298.4000,9120,-1,61414020.000,1,0,1,双平,S,3298.0000,3297.6000,3296.8000,3296.2000,3295.2000,3299.2000,3300.0000,3304.8000,3305.0000,3306.0000,1,1,1,1,2,1,1,1,1,1
SF,IH2103,2020-10-20 09:32:20.700,3298.4000,9120,0,61414020.000,0,-,-,-,-,3298.0000,3297.6000,3296.8000,3296.2000,3295.2000,3299.2000,3300.0000,3304.8000,3305.0000,3306.0000,1,1,2,1,2,1,1,1,1,1
SF,IH2103,2020-10-20 09:32:21.700,3298.4000,9120,0,61414020.000,0,-,-,-,-,3298.2000,3298.0000,3297.6000,3296.8000,3296.2000,3299.2000,3300.0000,3304.8000,3305.0000,3306.0000,2,1,1,2,1,1,1,1,1,1
SF,IH2103,2020-10-20 09:32:22.200,3299.2000,9119,-1,62403780.000,1,0,1,双平,S,3298.4000,3297.6000,3296.8000,3296.2000,3295.2000,3304.8000,3305.0000,3306.0000,3306.4000,3306.6000,3,1,2,1,2,1,1,1,1,2
SF,IH2103,2020-10-20 09:32:22.700,3299.2000,9119,0,62403780.000,0,-,-,-,-,3298.8000,3297.6000,3296.8000,3296.2000,3295.2000,3300.0000,3300.4000,3300.8000,3301.0000,3301.2000,2,1,2,1,2,1,3,1,1,1
SF,IH2103,2020-10-20 09:32:23.200,3299.2000,9119,0,62403780.000,0,-,-,-,-,3297.6000,3296.8000,3295.2000,3293.2000,3291.8000,3300.4000,3301.2000,3301.4000,3302.2000,3304.0000,1,2,2,3,1,3,1,1,1,1
SF,IH2103,2020-10-20 09:32:23.700,3298.2000,9119,0,63393240.000,1,0,1,多换,S,3298.2000,3297.8000,3297.6000,3296.8000,3296.0000,3300.2000,3301.2000,3301.4000,3302.2000,3304.0000,1,1,1,2,1,2,1,1,1,1
SF,IH2103,2020-10-20 09:32:24.200,3298.2000,9119,0,63393240.000,0,-,-,-,-,3298.6000,3297.8000,3297.6000,3296.8000,3296.0000,3300.2000,3301.4000,3302.2000,3304.0000,3304.4000,1,1,1,2,1,2,1,1,1,7
SF,IH2103,2020-10-20 09:32:24.700,3298.2000,9119,0,63393240.000,0,-,-,-,-,3298.6000,3297.8000,3297.6000,3296.8000,3295.2000,3300.2000,3301.4000,3302.2000,3303.0000,3304.0000,1,1,1,2,2,2,1,1,1,1
SF,IH2103,2020-10-20 09:32:25.200,3298.2000,9119,0,63393240.000,0,-,-,-,-,3298.6000,3297.8000,3297.6000,3296.8000,3295.2000,3300.2000,3301.4000,3302.2000,3303.0000,3304.0000,1,1,1,2,2,1,1,1,1,1
SF,IH2103,2020-10-20 09:32:25.700,3298.2000,9119,0,63393240.000,0,-,-,-,-,3297.8000,3297.6000,3296.8000,3295.2000,3293.2000,3300.2000,3301.4000,3302.2000,3303.0000,3304.0000,1,1,2,2,3,1,1,1,1,1
SF,IH2103,2020-10-20 09:32:26.200,3298.2000,9119,0,63393240.000,0,-,-,-,-,3298.2000,3297.8000,3297.6000,3296.8000,3296.0000,3300.0000,3300.2000,3301.4000,3303.0000,3304.0000,1,1,1,2,1,3,1,1,1,1
SF,IH2103,2020-10-20 09:32:26.700,3298.2000,9119,0,63393240.000,0,-,-,-,-,3298.2000,3297.8000,3297.6000,3296.8000,3296.0000,3299.8000,3300.0000,3301.4000,3303.0000,3304.0000,1,1,1,2,1,1,3,1,1,1
SF,IH2103,2020-10-20 09:32:27.200,3298.2000,9119,0,63393240.000,0,-,-,-,-,3298.4000,3297.8000,3297.6000,3296.8000,3296.0000,3299.8000,3301.4000,3303.0000,3304.0000,3304.4000,1,1,1,2,1,4,1,1,1,7
SF,IH2103,2020-10-20 09:32:27.700,3298.2000,9119,0,63393240.000,0,-,-,-,-,3298.4000,3297.8000,3297.6000,3296.8000,3295.2000,3299.8000,3301.4000,3303.0000,3304.0000,3304.4000,1,1,1,2,2,4,1,1,1,7
SF,IH2103,2020-10-20 09:32:28.200,3298.2000,9119,0,63393240.000,0,-,-,-,-,3297.8000,3297.6000,3296.8000,3295.2000,3293.2000,3299.8000,3301.4000,3303.0000,3304.0000,3304.4000,1,1,2,2,3,4,1,1,1,7
SF,IH2103,2020-10-20 09:32:28.700,3298.2000,9119,0,63393240.000,0,-,-,-,-,3297.6000,3296.8000,3296.0000,3295.2000,3293.2000,3299.6000,3299.8000,3301.4000,3303.0000,3304.0000,1,2,1,2,3,1,1,1,1,1
SF,IH2103,2020-10-20 09:32:29.200,3298.2000,9119,0,63393240.000,0,-,-,-,-,3297.6000,3296.8000,3296.0000,3295.2000,3293.2000,3299.0000,3299.4000,3299.6000,3301.4000,3303.0000,1,2,1,2,3,3,1,1,1,1
SF,IH2103,2020-10-20 09:32:29.700,3298.2000,9119,0,63393240.000,0,-,-,-,-,3296.8000,3296.0000,3295.2000,3293.2000,3291.8000,3298.8000,3299.0000,3299.4000,3301.4000,3303.0000,1,1,2,3,1,1,3,1,1,1
SF,IH2103,2020-10-20 09:32:30.200,3298.2000,9119,0,63393240.000,0,-,-,-,-,3298.2000,3297.2000,3297.0000,3296.8000,3296.0000,3298.6000,3299.0000,3301.4000,3303.0000,3304.0000,1,1,1,1,1,1,3,1,1,1
SF,IH2103,2020-10-20 09:32:30.700,3298.2000,9118,-1,64382700.000,1,0,1,双平,S,3297.2000,3297.0000,3296.8000,3296.0000,3295.2000,3298.2000,3298.6000,3299.0000,3301.4000,3303.0000,1,1,1,1,2,1,1,3,1,1
SF,IH2103,2020-10-20 09:32:31.200,3298.2000,9118,0,64382700.000,0,-,-,-,-,3296.8000,3296.0000,3295.2000,3293.2000,3291.8000,3297.8000,3298.2000,3298.6000,3299.0000,3299.8000,1,1,2,3,1,1,1,1,3,1
SF,IH2103,2020-10-20 09:32:31.700,3298.2000,9118,0,64382700.000,0,-,-,-,-,3296.8000,3296.0000,3295.2000,3293.2000,3291.8000,3297.8000,3298.2000,3298.6000,3299.0000,3299.8000,1,1,2,3,1,1,1,1,3,1
SF,IH2103,2020-10-20 09:32:32.200,3298.2000,9118,0,64382700.000,0,-,-,-,-,3296.8000,3296.0000,3295.2000,3293.2000,3291.8000,3298.2000,3298.6000,3299.8000,3303.0000,3304.0000,1,1,2,3,1,1,1,1,1,1
SF,IH2103,2020-10-20 09:32:33.200,3298.2000,9118,0,64382700.000,0,-,-,-,-,3296.8000,3296.0000,3295.2000,3293.2000,3291.8000,3297.8000,3298.2000,3299.8000,3303.0000,3304.0000,1,1,2,3,1,3,1,1,1,1
SF,IH2103,2020-10-20 09:32:33.700,3298.2000,9118,0,64382700.000,0,-,-,-,-,3296.8000,3296.0000,3295.2000,3293.2000,3291.8000,3298.2000,3299.8000,3303.0000,3304.0000,3304.4000,1,1,2,3,1,1,1,1,1,7
SF,IH2103,2020-10-20 09:32:34.200,3298.2000,9118,0,64382700.000,0,-,-,-,-,3296.8000,3296.0000,3295.2000,3293.2000,3291.8000,3297.6000,3297.8000,3298.0000,3298.2000,3299.8000,1,1,2,3,1,1,4,1,1,1
SF,IH2103,2020-10-20 09:32:34.700,3296.8000,9118,0,65371740.000,1,0,1,多换,S,3296.0000,3295.2000,3293.2000,3291.8000,3291.4000,3297.8000,3298.0000,3298.2000,3299.8000,3303.0000,1,2,3,1,1,4,3,1,1,1
SF,IH2103,2020-10-20 09:32:35.200,3296.8000,9118,0,65371740.000,0,-,-,-,-,3296.4000,3296.0000,3295.2000,3294.4000,3293.2000,3297.6000,3297.8000,3298.0000,3298.2000,3299.8000,1,1,2,1,3,1,3,2,1,1
SF,IH2103,2020-10-20 09:32:35.700,3296.8000,9118,0,65371740.000,0,-,-,-,-,3296.0000,3295.2000,3294.4000,3293.2000,3291.8000,3297.8000,3298.0000,3298.2000,3299.8000,3303.0000,1,2,1,3,1,3,2,1,1,1
SF,IH2103,2020-10-20 09:32:36.200,3296.8000,9118,0,65371740.000,0,-,-,-,-,3296.0000,3295.2000,3294.4000,3293.2000,3291.8000,3297.6000,3297.8000,3298.0000,3298.2000,3299.8000,1,2,1,3,1,2,4,2,1,1
SF,IH2103,2020-10-20 09:32:36.700,3296.8000,9118,0,65371740.000,0,-,-,-,-,3296.0000,3295.2000,3294.4000,3293.2000,3291.8000,3297.6000,3297.8000,3298.0000,3298.2000,3299.8000,1,2,1,3,1,2,4,2,1,1
SF,IH2103,2020-10-20 09:32:37.200,3297.4000,9117,-1,66360960.000,1,0,1,双平,S,3296.0000,3295.2000,3294.4000,3293.2000,3291.8000,3297.6000,3297.8000,3298.0000,3298.2000,3299.8000,1,2,1,3,1,2,4,2,1,1
SF,IH2103,2020-10-20 09:32:37.700,3296.0000,9117,0,67349760.000,1,0,1,多换,S,3295.2000,3294.4000,3293.2000,3291.8000,3291.4000,3296.0000,3297.6000,3297.8000,3298.0000,3298.2000,2,1,3,1,1,1,2,4,2,1
SF,IH2103,2020-10-20 09:32:38.200,3296.0000,9117,0,68338560.000,1,0,1,多换,S,3295.2000,3294.4000,3293.2000,3291.8000,3291.4000,3297.6000,3297.8000,3298.0000,3298.2000,3301.4000,2,1,3,1,1,2,4,2,1,1
SF,IH2103,2020-10-20 09:32:38.700,3296.0000,9117,0,68338560.000,0,-,-,-,-,3296.0000,3295.4000,3295.2000,3294.4000,3293.2000,3297.4000,3297.6000,3297.8000,3298.0000,3298.2000,1,1,2,1,3,1,2,4,2,1
SF,IH2103,2020-10-20 09:32:39.200,3296.0000,9117,0,68338560.000,0,-,-,-,-,3296.0000,3295.4000,3295.2000,3294.4000,3293.2000,3296.8000,3297.2000,3297.6000,3297.8000,3298.0000,1,1,2,1,3,1,1,1,4,2
SF,IH2103,2020-10-20 09:32:39.700,3296.0000,9117,0,68338560.000,0,-,-,-,-,3296.0000,3295.4000,3295.2000,3294.4000,3293.2000,3297.2000,3297.6000,3297.8000,3298.0000,3298.2000,1,1,2,1,3,1,1,4,2,1
SF,IH2103,2020-10-20 09:32:40.200,3296.0000,9117,0,68338560.000,0,-,-,-,-,3296.0000,3295.4000,3295.2000,3294.4000,3293.2000,3297.2000,3297.6000,3297.8000,3298.0000,3298.2000,1,1,2,1,3,1,1,4,2,1
SF,IH2103,2020-10-20 09:32:40.700,3296.0000,9117,0,69327360.000,1,0,1,多换,S,3295.4000,3295.2000,3294.4000,3293.2000,3291.8000,3296.6000,3297.2000,3297.6000,3297.8000,3298.0000,1,2,1,3,1,1,1,1,4,2
SF,IH2103,2020-10-20 09:32:41.200,3296.0000,9117,0,69327360.000,0,-,-,-,-,3295.2000,3294.4000,3293.2000,3291.8000,3291.4000,3297.2000,3297.6000,3297.8000,3298.0000,3298.2000,2,1,3,1,1,1,1,4,2,1
SF,IH2103,2020-10-20 09:32:41.700,3296.0000,9117,0,69327360.000,0,-,-,-,-,3295.4000,3295.2000,3294.4000,3293.2000,3291.8000,3297.0000,3297.2000,3297.8000,3298.0000,3298.2000,1,2,1,3,1,2,1,4,2,1
SF,IH2103,2020-10-20 09:32:42.200,3296.0000,9117,0,69327360.000,0,-,-,-,-,3295.4000,3295.2000,3294.4000,3293.2000,3291.8000,3297.0000,3297.8000,3298.0000,3298.2000,3301.4000,1,2,1,3,1,3,1,2,1,1
SF,IH2103,2020-10-20 09:32:42.700,3296.0000,9117,0,69327360.000,0,-,-,-,-,3295.4000,3295.2000,3294.4000,3293.2000,3291.8000,3296.0000,3297.0000,3297.8000,3298.0000,3298.2000,1,2,1,3,1,3,1,1,2,1
SF,IH2103,2020-10-20 09:32:43.200,3296.0000,9116,-1,70316160.000,1,0,1,双平,S,3295.4000,3295.2000,3294.4000,3293.2000,3291.8000,3297.0000,3297.8000,3298.0000,3298.2000,3301.4000,1,2,1,3,1,1,1,2,1,1
SF,IH2103,2020-10-20 09:32:43.700,3296.0000,9116,0,70316160.000,0,-,-,-,-,3295.6000,3295.2000,3294.4000,3293.2000,3291.8000,3296.8000,3297.0000,3297.8000,3298.0000,3298.2000,1,2,1,3,1,1,2,1,2,1
SF,IH2103,2020-10-20 09:32:44.200,3295.6000,9115,-1,71304840.000,1,0,1,双平,S,3295.2000,3294.4000,3293.2000,3291.8000,3291.4000,3295.4000,3296.2000,3296.8000,3297.0000,3297.8000,2,1,3,1,1,1,1,4,2,1
SF,IH2103,2020-10-20 09:32:44.700,3295.4000,9114,-1,73282020.000,2,0,2,多平,S,3295.2000,3294.4000,3293.2000,3291.8000,3291.4000,3296.8000,3297.0000,3297.8000,3298.0000,3301.4000,1,1,3,1,1,4,2,1,2,1
SF,IH2103,2020-10-20 09:32:45.200,3295.2000,9113,-1,74270580.000,1,0,1,双平,S,3294.4000,3293.2000,3291.8000,3291.4000,3291.2000,3295.6000,3295.8000,3296.4000,3296.8000,3297.0000,1,3,1,1,1,2,1,6,3,2
SF,IH2103,2020-10-20 09:32:45.700,3295.2000,9113,0,74270580.000,0,-,-,-,-,3294.4000,3293.2000,3293.0000,3291.8000,3291.4000,3297.0000,3298.0000,3301.4000,3304.4000,3304.6000,1,3,1,1,1,2,2,1,1,1
SF,IH2103,2020-10-20 09:32:46.200,3295.2000,9113,0,74270580.000,0,-,-,-,-,3294.4000,3293.2000,3293.0000,3291.8000,3291.4000,3295.6000,3295.8000,3296.6000,3296.8000,3297.0000,1,3,1,1,1,1,3,2,1,2
SF,IH2103,2020-10-20 09:32:46.700,3295.2000,9113,0,74270580.000,0,-,-,-,-,3294.4000,3293.2000,3293.0000,3291.8000,3291.4000,3295.4000,3296.6000,3296.8000,3297.0000,3297.8000,1,3,1,1,1,1,1,2,2,1
SF,IH2103,2020-10-20 09:32:47.200,3295.2000,9113,0,74270580.000,0,-,-,-,-,3294.4000,3293.2000,3293.0000,3291.8000,3291.4000,3296.6000,3296.8000,3297.0000,3297.8000,3298.0000,1,3,1,1,1,1,2,2,1,2
SF,IH2103,2020-10-20 09:32:47.700,3295.2000,9113,0,74270580.000,0,-,-,-,-,3294.4000,3293.2000,3293.0000,3291.8000,3291.4000,3295.2000,3295.6000,3296.2000,3296.4000,3296.6000,1,3,1,1,1,1,1,5,2,1
SF,IH2103,2020-10-20 09:32:48.200,3295.2000,9113,0,74270580.000,0,-,-,-,-,3294.4000,3293.2000,3293.0000,3291.8000,3291.4000,3295.6000,3296.2000,3296.4000,3296.6000,3297.0000,1,3,1,1,1,1,4,3,1,1
SF,IH2103,2020-10-20 09:32:48.700,3295.2000,9113,0,74270580.000,0,-,-,-,-,3294.4000,3293.2000,3293.0000,3291.8000,3291.4000,3295.4000,3295.6000,3296.2000,3296.4000,3296.6000,1,3,1,1,1,1,1,1,2,1
SF,IH2103,2020-10-20 09:32:49.200,3295.2000,9113,0,74270580.000,0,-,-,-,-,3294.4000,3293.2000,3293.0000,3291.8000,3291.4000,3295.0000,3295.4000,3295.6000,3296.2000,3296.4000,1,3,1,1,1,1,4,1,1,2
SF,IH2103,2020-10-20 09:32:49.700,3295.2000,9113,0,74270580.000,0,-,-,-,-,3294.4000,3293.2000,3293.0000,3291.8000,3291.4000,3295.0000,3295.2000,3295.4000,3295.6000,3296.2000,1,3,1,1,1,1,1,4,1,1
SF,IH2103,2020-10-20 09:32:50.200,3295.2000,9113,0,74270580.000,0,-,-,-,-,3294.4000,3293.2000,3293.0000,3291.8000,3291.4000,3295.0000,3295.4000,3295.6000,3296.2000,3296.4000,1,3,1,1,1,2,4,1,1,1
SF,IH2103,2020-10-20 09:32:50.700,3295.2000,9113,0,74270580.000,0,-,-,-,-,3293.2000,3293.0000,3291.8000,3291.4000,3291.2000,3295.0000,3295.4000,3295.6000,3296.2000,3296.4000,3,1,1,1,1,1,4,1,1,1
SF,IH2103,2020-10-20 09:32:51.200,3295.2000,9113,0,74270580.000,0,-,-,-,-,3293.4000,3293.2000,3293.0000,3291.8000,3291.4000,3294.6000,3294.8000,3295.4000,3295.6000,3296.2000,1,3,1,2,1,2,1,1,1,1
SF,IH2103,2020-10-20 09:32:51.700,3295.0000,9113,0,75259080.000,1,0,1,多换,S,3293.2000,3293.0000,3291.8000,3291.4000,3291.2000,3294.8000,3295.4000,3295.6000,3296.2000,3296.6000,3,1,2,1,1,1,1,1,1,1
SF,IH2103,2020-10-20 09:32:52.200,3293.2000,9112,-1,77235060.000,2,0,2,多平,S,3293.2000,3293.0000,3291.8000,3291.4000,3291.2000,3294.8000,3296.2000,3296.6000,3297.0000,3297.8000,2,1,2,1,1,1,1,1,1,1
SF,IH2103,2020-10-20 09:32:52.700,3294.8000,9111,-1,78223500.000,1,0,1,双平,S,3293.2000,3293.0000,3291.8000,3291.4000,3291.2000,3296.2000,3296.6000,3297.0000,3297.8000,3298.0000,2,1,2,1,1,1,1,1,1,2
SF,IH2103,2020-10-20 09:32:53.200,3294.8000,9111,0,78223500.000,0,-,-,-,-,3293.2000,3293.0000,3291.8000,3291.4000,3291.2000,3295.6000,3296.0000,3296.2000,3296.6000,3297.0000,2,1,2,1,1,4,2,1,1,1
SF,IH2103,2020-10-20 09:32:53.700,3294.8000,9111,0,78223500.000,0,-,-,-,-,3293.4000,3293.2000,3293.0000,3291.8000,3291.4000,3295.4000,3296.0000,3296.2000,3296.6000,3297.0000,2,2,1,2,1,2,1,1,1,1
SF,IH2103,2020-10-20 09:32:54.200,3294.8000,9111,0,78223500.000,0,-,-,-,-,3293.4000,3293.2000,3293.0000,3291.8000,3291.4000,3295.4000,3296.2000,3296.6000,3297.0000,3297.8000,2,2,1,2,1,2,1,1,1,1
SF,IH2103,2020-10-20 09:32:54.700,3294.8000,9111,0,78223500.000,0,-,-,-,-,3293.4000,3293.2000,3293.0000,3291.8000,3291.4000,3295.4000,3296.2000,3296.6000,3297.0000,3297.8000,1,2,1,2,1,2,1,1,1,1
SF,IH2103,2020-10-20 09:32:56.200,3293.4000,9111,0,79211520.000,1,0,1,多换,S,3293.2000,3293.0000,3291.8000,3291.4000,3291.2000,3295.4000,3296.2000,3296.6000,3297.0000,3297.8000,2,1,2,1,1,2,1,1,1,1
SF,IH2103,2020-10-20 09:32:56.700,3293.4000,9111,0,79211520.000,0,-,-,-,-,3293.2000,3293.0000,3291.8000,3291.4000,3291.2000,3295.4000,3296.2000,3296.6000,3297.0000,3298.0000,2,1,2,1,1,2,1,1,1,2
SF,IH2103,2020-10-20 09:32:57.200,3293.4000,9111,0,79211520.000,0,-,-,-,-,3293.2000,3293.0000,3291.8000,3291.4000,3291.2000,3295.4000,3296.2000,3296.6000,3297.0000,3300.0000,2,1,2,1,1,2,1,1,1,1
SF,IH2103,2020-10-20 09:32:57.700,3293.4000,9111,0,79211520.000,0,-,-,-,-,3293.2000,3293.0000,3291.8000,3291.4000,3291.2000,3295.4000,3296.2000,3296.6000,3297.0000,3300.0000,2,1,2,1,1,2,1,1,1,1
SF,IH2103,2020-10-20 09:32:58.200,3293.4000,9111,0,79211520.000,0,-,-,-,-,3293.6000,3293.4000,3293.2000,3293.0000,3291.8000,3295.4000,3296.2000,3296.6000,3297.0000,3300.0000,1,1,2,1,2,1,1,1,1,1
SF,IH2103,2020-10-20 09:32:58.700,3293.4000,9111,0,79211520.000,0,-,-,-,-,3293.8000,3293.6000,3293.2000,3293.0000,3291.8000,3295.4000,3297.0000,3300.0000,3301.4000,3304.4000,2,1,2,1,2,1,1,1,1,1
SF,IH2103,2020-10-20 09:32:59.200,3293.4000,9111,0,79211520.000,0,-,-,-,-,3293.8000,3293.2000,3293.0000,3291.8000,3291.4000,3297.0000,3300.0000,3301.4000,3304.4000,3304.6000,2,2,1,2,1,1,1,1,1,1
SF,IH2103,2020-10-20 09:32:59.700,3293.4000,9111,0,79211520.000,0,-,-,-,-,3294.2000,3294.0000,3293.8000,3293.2000,3293.0000,3295.8000,3296.6000,3296.8000,3297.0000,3300.0000,1,1,2,2,1,3,2,1,1,1
SF,IH2103,2020-10-20 09:33:00.200,3293.4000,9109,-2,81187560.000,2,0,2,双平,S,3294.2000,3294.0000,3293.8000,3293.2000,3293.0000,3295.8000,3296.6000,3296.8000,3297.0000,3300.0000,1,1,2,2,1,3,1,2,1,1
SF,IH2103,2020-10-20 09:33:00.700,3293.4000,9109,0,81187560.000,0,-,-,-,-,3293.8000,3293.2000,3293.0000,3291.8000,3291.4000,3295.6000,3295.8000,3296.6000,3296.8000,3297.0000,2,2,1,1,1,1,3,1,1,1
SF,IH2103,2020-10-20 09:33:01.200,3293.4000,9109,0,81187560.000,0,-,-,-,-,3293.8000,3293.2000,3293.0000,3291.8000,3291.4000,3295.6000,3296.6000,3296.8000,3297.0000,3300.0000,2,2,1,1,1,1,1,1,1,1
SF,IH2103,2020-10-20 09:33:01.700,3293.4000,9109,0,81187560.000,0,-,-,-,-,3293.8000,3293.2000,3293.0000,3291.8000,3291.4000,3295.6000,3296.8000,3297.0000,3300.0000,3301.4000,2,2,1,1,1,1,1,1,1,1
SF,IH2103,2020-10-20 09:33:02.200,3293.4000,9109,0,81187560.000,0,-,-,-,-,3294.2000,3293.8000,3293.2000,3293.0000,3291.8000,3295.6000,3296.8000,3300.0000,3301.4000,3304.4000,1,2,2,1,1,1,1,1,1,1
SF,IH2103,2020-10-20 09:33:02.700,3295.6000,9108,-1,82176240.000,1,0,1,双平,S,3294.6000,3294.2000,3293.8000,3293.2000,3293.0000,3300.0000,3301.4000,3304.4000,3304.6000,3304.8000,1,1,2,2,1,1,1,1,1,1
SF,IH2103,2020-10-20 09:33:03.200,3295.6000,9108,0,82176240.000,0,-,-,-,-,3294.8000,3294.6000,3294.2000,3293.8000,3293.2000,3295.0000,3296.2000,3296.8000,3297.8000,3298.0000,1,1,1,1,2,2,3,1,2,1
SF,IH2103,2020-10-20 09:33:03.700,3295.0000,9108,0,84153300.000,2,1,1,多换,S,3295.0000,3294.6000,3294.2000,3293.8000,3293.0000,3297.8000,3298.0000,3299.4000,3299.6000,3299.8000,1,1,1,2,1,1,1,1,7,4
SF,IH2103,2020-10-20 09:33:04.200,3295.0000,9108,0,84153300.000,0,-,-,-,-,3295.2000,3295.0000,3294.6000,3294.2000,3293.8000,3297.4000,3297.6000,3297.8000,3298.0000,3299.4000,1,1,1,1,2,5,2,1,1,2
SF,IH2103,2020-10-20 09:33:04.700,3295.0000,9108,0,84153300.000,0,-,-,-,-,3295.2000,3295.0000,3294.6000,3294.2000,3293.8000,3297.2000,3297.4000,3297.8000,3298.0000,3299.0000,1,1,1,1,2,1,5,1,1,1
SF,IH2103,2020-10-20 09:33:05.200,3295.0000,9108,0,84153300.000,0,-,-,-,-,3295.4000,3295.2000,3295.0000,3294.6000,3294.2000,3297.2000,3297.4000,3297.8000,3298.0000,3299.0000,2,1,1,1,1,1,5,1,1,1
SF,IH2103,2020-10-20 09:33:05.700,3295.0000,9108,0,84153300.000,0,-,-,-,-,3295.6000,3295.4000,3295.0000,3294.6000,3294.2000,3297.4000,3297.8000,3298.0000,3299.0000,3299.4000,1,2,1,1,1,5,1,1,1,2
SF,IH2103,2020-10-20 09:33:06.200,3295.0000,9108,0,84153300.000,0,-,-,-,-,3295.6000,3295.4000,3295.0000,3294.6000,3294.2000,3297.2000,3297.4000,3298.0000,3299.0000,3299.4000,1,2,1,1,1,1,3,1,1,2
SF,IH2103,2020-10-20 09:33:06.700,3297.2000,9107,-1,85142460.000,1,0,1,双平,S,3295.6000,3295.4000,3295.0000,3294.6000,3294.2000,3298.0000,3299.0000,3299.4000,3299.6000,3299.8000,1,1,1,1,1,1,1,2,7,1
SF,IH2103,2020-10-20 09:33:07.200,3297.2000,9107,0,85142460.000,0,-,-,-,-,3295.8000,3295.4000,3295.0000,3294.6000,3294.2000,3297.8000,3299.0000,3299.4000,3299.6000,3299.8000,2,1,1,1,1,1,1,2,6,1
SF,IH2103,2020-10-20 09:33:07.700,3297.2000,9107,0,85142460.000,0,-,-,-,-,3295.8000,3295.4000,3295.0000,3294.6000,3294.2000,3297.8000,3299.0000,3299.4000,3299.6000,3299.8000,1,1,1,1,1,2,1,2,6,1
SF,IH2103,2020-10-20 09:33:08.200,3297.2000,9107,0,85142460.000,0,-,-,-,-,3295.8000,3295.4000,3295.0000,3294.6000,3294.2000,3297.8000,3299.0000,3299.4000,3299.6000,3299.8000,1,1,1,1,1,1,1,2,6,1
SF,IH2103,2020-10-20 09:33:08.700,3296.2000,9108,1,86131320.000,1,1,0,双开,S,3295.8000,3295.4000,3295.0000,3294.2000,3293.8000,3297.8000,3299.0000,3299.4000,3299.6000,3299.8000,1,1,1,1,1,1,1,2,6,1
SF,IH2103,2020-10-20 09:33:09.200,3296.2000,9108,0,86131320.000,0,-,-,-,-,3295.8000,3295.4000,3295.0000,3294.2000,3293.8000,3297.8000,3299.0000,3299.4000,3299.6000,3299.8000,1,1,1,1,1,1,1,1,6,1
SF,IH2103,2020-10-20 09:33:09.700,3297.8000,9107,-1,87120660.000,1,0,1,双平,S,3296.0000,3295.4000,3293.8000,3291.8000,3291.2000,3299.0000,3299.6000,3300.0000,3301.4000,3304.8000,2,1,1,1,1,1,1,1,1,1
SF,IH2103,2020-10-20 09:33:10.200,3297.8000,9107,0,87120660.000,0,-,-,-,-,3296.6000,3296.4000,3296.2000,3296.0000,3295.4000,3300.0000,3301.4000,3304.8000,3305.0000,3306.0000,1,2,1,2,1,1,1,1,1,1
SF,IH2103,2020-10-20 09:33:10.700,3297.8000,9107,0,87120660.000,0,-,-,-,-,3297.0000,3296.8000,3296.6000,3296.4000,3293.8000,3298.2000,3299.2000,3299.4000,3299.6000,3299.8000,1,2,1,2,1,1,1,2,5,2
SF,IH2103,2020-10-20 09:33:11.200,3297.8000,9107,0,87120660.000,0,-,-,-,-,3297.2000,3296.8000,3296.4000,3293.8000,3291.2000,3299.4000,3299.8000,3300.0000,3301.4000,3304.8000,1,1,1,1,1,1,1,2,1,1
SF,IH2103,2020-10-20 09:33:11.700,3297.8000,9107,0,87120660.000,0,-,-,-,-,3297.4000,3297.2000,3296.4000,3293.8000,3291.2000,3298.8000,3299.0000,3299.2000,3299.8000,3300.0000,1,1,1,1,1,1,1,3,1,2
SF,IH2103,2020-10-20 09:33:12.200,3297.8000,9107,0,87120660.000,0,-,-,-,-,3297.6000,3297.4000,3296.4000,3293.8000,3291.2000,3298.6000,3299.0000,3299.2000,3299.8000,3300.0000,1,1,1,1,1,1,1,3,1,2
SF,IH2103,2020-10-20 09:33:12.700,3297.8000,9107,0,87120660.000,0,-,-,-,-,3297.6000,3296.4000,3293.8000,3291.2000,3290.8000,3299.0000,3299.2000,3299.8000,3300.0000,3301.4000,1,1,1,1,5,1,3,1,2,1
SF,IH2103,2020-10-20 09:33:13.200,3297.8000,9107,0,87120660.000,0,-,-,-,-,3297.6000,3296.4000,3293.8000,3291.2000,3290.8000,3298.4000,3298.8000,3299.0000,3299.2000,3299.8000,1,1,1,1,5,1,1,1,3,1
SF,IH2103,2020-10-20 09:33:13.700,3298.4000,9106,-1,88110180.000,1,0,1,双平,S,3298.4000,3296.4000,3293.8000,3291.2000,3290.8000,3298.8000,3299.2000,3300.0000,3301.4000,3304.8000,1,1,1,1,5,1,3,2,1,1
SF,IH2103,2020-10-20 09:33:14.200,3298.4000,9105,-1,89099700.000,1,0,1,双平,S,3296.4000,3293.8000,3291.2000,3290.8000,3290.2000,3298.4000,3299.2000,3300.0000,3301.4000,3304.8000,1,1,1,5,1,1,3,2,1,1
SF,IH2103,2020-10-20 09:33:14.700,3298.4000,9104,-1,90089220.000,1,0,1,双平,S,3296.6000,3296.4000,3293.8000,3291.2000,3290.8000,3300.0000,3300.2000,3301.4000,3304.8000,3305.0000,1,1,1,1,5,1,1,1,1,1
SF,IH2103,2020-10-20 09:33:15.200,3298.4000,9104,0,90089220.000,0,-,-,-,-,3297.0000,3296.8000,3296.6000,3296.4000,3293.8000,3299.4000,3299.8000,3300.0000,3300.2000,3301.4000,2,1,2,1,1,4,1,1,1,1
SF,IH2103,2020-10-20 09:33:15.700,3298.4000,9104,0,90089220.000,0,-,-,-,-,3297.2000,3297.0000,3293.8000,3291.2000,3290.8000,3299.2000,3300.0000,3300.2000,3301.4000,3304.8000,1,1,1,1,5,3,1,1,1,1
SF,IH2103,2020-10-20 09:33:16.200,3298.4000,9104,0,90089220.000,0,-,-,-,-,3297.2000,3293.8000,3291.2000,3290.8000,3290.2000,3298.8000,3299.2000,3300.0000,3300.2000,3301.4000,1,1,1,5,1,1,1,1,1,1
SF,IH2103,2020-10-20 09:33:16.700,3297.2000,9103,-1,91078380.000,1,0,1,双平,S,3293.8000,3291.2000,3290.8000,3290.2000,3290.0000,3298.4000,3300.0000,3300.2000,3301.4000,3304.8000,1,1,5,1,1,1,1,1,1,1
SF,IH2103,2020-10-20 09:33:17.200,3297.2000,9103,0,91078380.000,0,-,-,-,-,3295.4000,3294.6000,3294.2000,3294.0000,3293.8000,3298.0000,3298.2000,3300.0000,3300.2000,3301.4000,1,1,7,2,1,1,1,1,1,1
SF,IH2103,2020-10-20 09:33:17.700,3297.2000,9103,0,91078380.000,0,-,-,-,-,3295.8000,3295.6000,3295.4000,3294.0000,3293.8000,3297.8000,3298.0000,3300.0000,3300.2000,3301.4000,1,1,1,1,1,2,1,1,1,1
SF,IH2103,2020-10-20 09:33:18.200,3297.2000,9103,0,91078380.000,0,-,-,-,-,3295.8000,3295.4000,3293.8000,3291.2000,3290.8000,3297.8000,3298.0000,3300.0000,3301.4000,3304.8000,1,1,1,1,5,3,1,1,1,1
SF,IH2103,2020-10-20 09:33:18.700,3297.2000,9103,0,91078380.000,0,-,-,-,-,3293.8000,3291.2000,3290.2000,3290.0000,3289.2000,3297.6000,3297.8000,3300.0000,3301.4000,3304.8000,1,1,1,1,3,1,3,1,1,1
SF,IH2103,2020-10-20 09:33:19.200,3297.2000,9103,0,91078380.000,0,-,-,-,-,3294.6000,3294.2000,3294.0000,3293.8000,3291.2000,3297.4000,3297.8000,3300.0000,3301.4000,3304.8000,1,1,2,1,1,2,1,1,1,1
SF,IH2103,2020-10-20 09:33:19.700,3297.2000,9103,0,91078380.000,0,-,-,-,-,3295.0000,3294.8000,3294.6000,3294.2000,3294.0000,3297.4000,3300.0000,3301.4000,3304.8000,3305.0000,1,2,2,1,2,1,1,1,1,1
SF,IH2103,2020-10-20 09:33:20.200,3297.2000,9103,0,91078380.000,0,-,-,-,-,3295.4000,3295.2000,3295.0000,3294.6000,3294.2000,3297.4000,3300.0000,3301.4000,3304.8000,3305.0000,1,1,1,1,1,1,1,1,1,1
SF,IH2103,2020-10-20 09:33:20.700,3297.2000,9103,0,91078380.000,0,-,-,-,-,3295.6000,3295.4000,3295.0000,3294.6000,3294.2000,3297.4000,3300.0000,3301.4000,3304.8000,3305.0000,1,1,1,1,1,1,1,1,1,1
SF,IH2103,2020-10-20 09:33:21.700,3297.2000,9103,0,91078380.000,0,-,-,-,-,3295.6000,3295.4000,3295.0000,3294.6000,3294.2000,3297.4000,3300.0000,3301.4000,3304.8000,3305.0000,1,1,1,1,1,1,1,1,1,1
SF,IH2103,2020-10-20 09:33:22.200,3297.2000,9103,0,91078380.000,0,-,-,-,-,3295.6000,3295.4000,3295.0000,3294.6000,3294.2000,3297.4000,3300.0000,3301.4000,3304.8000,3305.0000,1,1,1,1,1,1,1,1,1,1
SF,IH2103,2020-10-20 09:33:24.700,3297.2000,9103,0,91078380.000,0,-,-,-,-,3295.8000,3295.6000,3295.4000,3295.0000,3294.6000,3297.4000,3300.0000,3301.4000,3304.8000,3305.0000,1,1,1,1,1,1,1,1,1,1
SF,IH2103,2020-10-20 09:33:25.700,3297.2000,9103,0,91078380.000,0,-,-,-,-,3295.6000,3295.4000,3295.0000,3294.6000,3294.2000,3297.4000,3300.0000,3301.4000,3304.8000,3305.0000,1,1,1,1,1,1,1,1,1,1
SF,IH2103,2020-10-20 09:33:26.200,3297.2000,9103,0,91078380.000,0,-,-,-,-,3295.4000,3295.0000,3294.6000,3294.2000,3293.8000,3297.2000,3297.4000,3300.0000,3301.4000,3304.8000,1,1,1,1,1,2,1,1,1,1
SF,IH2103,2020-10-20 09:33:26.700,3297.2000,9103,0,91078380.000,0,-,-,-,-,3295.8000,3295.4000,3295.0000,3294.6000,3294.2000,3297.0000,3297.2000,3300.0000,3301.4000,3304.8000,1,1,1,1,1,1,1,1,1,1
SF,IH2103,2020-10-20 09:33:27.200,3297.2000,9103,0,91078380.000,0,-,-,-,-,3295.8000,3295.4000,3295.0000,3294.6000,3294.2000,3297.4000,3300.0000,3301.4000,3304.8000,3305.0000,1,1,1,1,1,1,1,1,1,1
SF,IH2103,2020-10-20 09:33:27.700,3297.2000,9103,0,91078380.000,0,-,-,-,-,3295.8000,3295.6000,3295.4000,3295.0000,3294.6000,3297.4000,3300.0000,3301.4000,3304.8000,3305.0000,1,1,1,1,1,1,1,1,1,1
SF,IH2103,2020-10-20 09:33:29.700,3297.2000,9103,0,91078380.000,0,-,-,-,-,3295.6000,3295.4000,3295.0000,3294.6000,3294.2000,3297.4000,3300.0000,3301.4000,3304.8000,3305.0000,1,1,1,1,1,1,1,1,1,1
SF,IH2103,2020-10-20 09:33:30.200,3297.2000,9103,0,91078380.000,0,-,-,-,-,3295.8000,3295.6000,3295.4000,3295.0000,3294.6000,3297.2000,3297.4000,3300.0000,3301.4000,3304.8000,2,1,1,1,1,1,1,1,1,1
SF,IH2103,2020-10-20 09:33:30.700,3297.2000,9102,-1,92067540.000,1,0,1,双平,S,3295.8000,3295.6000,3295.4000,3295.0000,3294.6000,3297.4000,3300.0000,3301.4000,3304.8000,3305.0000,2,1,1,1,1,1,1,1,1,1
SF,IH2103,2020-10-20 09:33:31.200,3297.2000,9102,0,92067540.000,0,-,-,-,-,3296.0000,3295.8000,3295.6000,3295.4000,3295.0000,3297.4000,3300.0000,3301.4000,3304.8000,3305.0000,1,2,1,1,1,1,1,1,1,1
SF,IH2103,2020-10-20 09:33:31.700,3297.4000,9102,0,93056760.000,1,0,1,多换,S,3296.2000,3296.0000,3295.8000,3295.6000,3295.4000,3300.0000,3301.4000,3304.8000,3305.0000,3306.0000,1,1,1,1,1,1,1,1,1,1
SF,IH2103,2020-10-20 09:33:32.200,3297.4000,9102,0,93056760.000,0,-,-,-,-,3296.6000,3296.4000,3296.2000,3296.0000,3295.8000,3298.0000,3299.0000,3299.2000,3299.4000,3299.6000,1,1,1,1,1,1,1,3,2,7
SF,IH2103,2020-10-20 09:33:32.700,3298.0000,9101,-1,94046160.000,1,0,1,双平,S,3297.0000,3296.8000,3296.6000,3296.4000,3295.8000,3299.4000,3299.8000,3300.0000,3301.4000,3305.0000,1,1,1,1,1,1,1,2,1,1
SF,IH2103,2020-10-20 09:33:33.200,3298.0000,9101,0,94046160.000,0,-,-,-,-,3297.2000,3297.0000,3296.6000,3295.8000,3295.6000,3299.2000,3299.4000,3300.0000,3301.4000,3305.0000,3,1,1,1,1,1,1,2,1,1
SF,IH2103,2020-10-20 09:33:33.700,3298.0000,9101,0,94046160.000,0,-,-,-,-,3297.2000,3297.0000,3296.6000,3295.8000,3295.6000,3299.2000,3300.0000,3301.4000,3305.0000,3306.0000,2,1,1,1,1,1,2,1,1,1
SF,IH2103,2020-10-20 09:33:37.700,3297.2000,9101,0,96024480.000,2,1,1,多换,S,3297.0000,3296.6000,3295.8000,3295.6000,3294.6000,3299.0000,3299.2000,3300.0000,3301.4000,3305.0000,1,1,1,1,1,1,1,2,1,1
SF,IH2103,2020-10-20 09:33:38.200,3297.0000,9100,-1,97013580.000,1,0,1,双平,S,3296.6000,3295.8000,3295.6000,3294.6000,3293.8000,3298.6000,3299.0000,3300.0000,3301.4000,3305.0000,1,1,1,1,1,1,1,2,1,1
SF,IH2103,2020-10-20 09:33:38.700,3297.0000,9100,0,97013580.000,0,-,-,-,-,3296.6000,3295.8000,3295.6000,3294.6000,3293.8000,3298.4000,3300.0000,3301.4000,3305.0000,3306.0000,1,1,1,1,1,2,2,1,1,1
SF,IH2103,2020-10-20 09:33:44.200,3297.0000,9100,0,97013580.000,0,-,-,-,-,3296.6000,3295.8000,3295.6000,3294.6000,3293.8000,3298.4000,3300.0000,3301.4000,3305.0000,3306.0000,1,1,1,1,1,2,2,1,1,1
SF,IH2103,2020-10-20 09:33:44.700,3297.0000,9100,0,97013580.000,0,-,-,-,-,3296.6000,3295.8000,3295.6000,3294.6000,3293.8000,3298.2000,3298.4000,3300.0000,3301.4000,3305.0000,1,1,1,1,1,1,2,2,1,1
SF,IH2103,2020-10-20 09:33:45.200,3297.0000,9100,0,97013580.000,0,-,-,-,-,3296.6000,3295.8000,3295.6000,3294.6000,3293.8000,3298.0000,3298.4000,3300.0000,3301.4000,3305.0000,2,1,1,1,1,1,1,2,1,1
SF,IH2103,2020-10-20 09:33:45.700,3297.0000,9100,0,97013580.000,0,-,-,-,-,3296.6000,3295.8000,3295.6000,3294.6000,3293.8000,3298.0000,3298.4000,3300.0000,3301.4000,3305.0000,1,1,1,1,1,1,1,2,1,1
SF,IH2103,2020-10-20 09:33:47.700,3296.6000,9099,-1,98002560.000,1,0,1,双平,S,3295.8000,3295.6000,3294.6000,3293.8000,3291.2000,3298.0000,3298.4000,3300.0000,3301.4000,3305.0000,1,1,1,1,1,2,1,2,1,1
SF,IH2103,2020-10-20 09:33:48.200,3296.6000,9099,0,98002560.000,0,-,-,-,-,3295.8000,3295.6000,3294.6000,3293.8000,3291.2000,3297.6000,3297.8000,3298.0000,3300.0000,3301.4000,1,1,1,1,1,1,3,2,1,1
SF,IH2103,2020-10-20 09:33:48.700,3296.6000,9099,0,98002560.000,0,-,-,-,-,3295.8000,3295.6000,3293.8000,3291.2000,3290.2000,3297.4000,3297.6000,3297.8000,3298.0000,3300.0000,1,1,1,1,1,2,1,1,1,1
SF,IH2103,2020-10-20 09:33:49.200,3296.6000,9099,0,98002560.000,0,-,-,-,-,3295.8000,3295.6000,3293.8000,3291.2000,3290.2000,3297.4000,3297.8000,3298.0000,3300.0000,3301.4000,1,1,1,1,1,2,1,1,1,1
SF,IH2103,2020-10-20 09:33:49.700,3296.6000,9099,0,98002560.000,0,-,-,-,-,3295.8000,3295.6000,3293.8000,3291.2000,3290.2000,3297.4000,3298.0000,3300.0000,3301.4000,3305.0000,1,1,1,1,1,1,1,1,1,1
SF,IH2103,2020-10-20 09:33:50.200,3296.6000,9099,0,98002560.000,0,-,-,-,-,3296.0000,3295.8000,3295.6000,3293.8000,3291.2000,3298.0000,3300.0000,3301.4000,3305.0000,3306.0000,1,2,1,1,1,1,1,1,1,1
SF,IH2103,2020-10-20 09:33:50.700,3296.6000,9099,0,98002560.000,0,-,-,-,-,3296.2000,3296.0000,3295.8000,3295.6000,3293.8000,3300.0000,3301.4000,3305.0000,3306.0000,3306.4000,1,1,2,1,1,1,1,1,1,1
SF,IH2103,2020-10-20 09:33:51.200,3296.6000,9099,0,98002560.000,0,-,-,-,-,3296.2000,3295.8000,3295.6000,3293.8000,3291.2000,3298.8000,3299.4000,3299.6000,3299.8000,3300.0000,1,2,1,1,1,1,4,10,1,2
SF,IH2103,2020-10-20 09:33:51.700,3296.6000,9099,0,98002560.000,0,-,-,-,-,3296.2000,3295.8000,3295.6000,3293.8000,3291.2000,3298.6000,3298.8000,3299.4000,3299.6000,3299.8000,1,2,1,1,1,4,1,1,9,1
SF,IH2103,2020-10-20 09:33:52.200,3296.6000,9099,0,98002560.000,0,-,-,-,-,3296.2000,3295.8000,3295.6000,3293.8000,3291.2000,3298.6000,3299.4000,3299.6000,3299.8000,3300.0000,1,2,1,1,1,4,1,9,1,2
SF,IH2103,2020-10-20 09:33:52.700,3296.6000,9099,0,98002560.000,0,-,-,-,-,3296.4000,3296.2000,3295.8000,3295.6000,3293.8000,3298.6000,3299.4000,3299.6000,3299.8000,3300.0000,1,1,2,1,1,1,1,9,1,2
SF,IH2103,2020-10-20 09:33:53.200,3296.6000,9099,0,98002560.000,0,-,-,-,-,3296.6000,3296.4000,3295.8000,3295.6000,3293.8000,3298.4000,3298.6000,3299.4000,3299.6000,3299.8000,1,1,2,1,1,1,1,1,9,1
SF,IH2103,2020-10-20 09:33:53.700,3296.6000,9099,0,98002560.000,0,-,-,-,-,3296.6000,3296.4000,3295.8000,3295.6000,3293.8000,3298.4000,3298.6000,3299.4000,3299.6000,3299.8000,1,1,2,1,1,1,1,1,9,1
SF,IH2103,2020-10-20 09:33:54.200,3296.6000,9099,0,98002560.000,0,-,-,-,-,3296.6000,3296.4000,3295.8000,3295.6000,3293.8000,3298.6000,3299.6000,3299.8000,3300.0000,3301.4000,1,1,2,1,1,1,9,1,2,1
SF,IH2103,2020-10-20 09:33:54.700,3296.6000,9099,0,98002560.000,0,-,-,-,-,3296.6000,3295.8000,3295.6000,3293.8000,3291.2000,3298.6000,3299.6000,3299.8000,3300.0000,3301.4000,1,2,1,1,1,1,9,1,2,1
SF,IH2103,2020-10-20 09:33:55.200,3296.6000,9099,0,98002560.000,0,-,-,-,-,3296.8000,3296.6000,3296.0000,3295.8000,3295.6000,3298.6000,3299.6000,3299.8000,3300.0000,3301.4000,1,1,1,2,1,1,5,1,2,1
SF,IH2103,2020-10-20 09:33:55.700,3296.6000,9099,0,98002560.000,0,-,-,-,-,3297.0000,3296.8000,3296.0000,3295.8000,3295.6000,3299.6000,3299.8000,3300.0000,3301.4000,3305.0000,1,1,1,2,1,4,1,2,1,1
SF,IH2103,2020-10-20 09:33:56.200,3296.6000,9099,0,98002560.000,0,-,-,-,-,3297.2000,3297.0000,3296.0000,3295.8000,3295.6000,3299.4000,3299.6000,3299.8000,3300.0000,3301.4000,1,1,1,2,1,1,3,1,2,1
SF,IH2103,2020-10-20 09:33:56.700,3296.6000,9099,0,98002560.000,0,-,-,-,-,3297.6000,3297.4000,3297.2000,3296.0000,3295.8000,3299.6000,3299.8000,3300.0000,3301.4000,3305.0000,1,1,1,1,2,3,1,2,1,1
SF,IH2103,2020-10-20 09:33:57.200,3296.6000,9099,0,98002560.000,0,-,-,-,-,3297.8000,3297.2000,3296.0000,3295.8000,3295.6000,3299.4000,3299.6000,3299.8000,3300.0000,3301.4000,1,1,1,1,1,1,3,1,2,1
SF,IH2103,2020-10-20 09:33:57.700,3296.6000,9099,0,98002560.000,0,-,-,-,-,3297.8000,3297.6000,3296.0000,3295.8000,3295.6000,3299.4000,3300.0000,3301.4000,3305.0000,3306.0000,1,1,1,1,1,1,2,1,1,1
SF,IH2103,2020-10-20 09:33:59.200,3296.6000,9099,0,98002560.000,0,-,-,-,-,3297.8000,3296.0000,3295.8000,3295.6000,3293.8000,3299.4000,3300.0000,3301.4000,3305.0000,3306.0000,1,1,1,1,1,1,2,1,1,1
SF,IH2103,2020-10-20 09:34:02.700,3296.6000,9099,0,98002560.000,0,-,-,-,-,3297.8000,3296.0000,3295.8000,3295.6000,3293.8000,3299.2000,3299.4000,3300.0000,3301.4000,3305.0000,1,1,1,1,1,3,1,2,1,1
SF,IH2103,2020-10-20 09:34:03.200,3296.6000,9099,0,98002560.000,0,-,-,-,-,3297.8000,3296.0000,3295.8000,3295.6000,3293.8000,3299.0000,3299.2000,3300.0000,3301.4000,3305.0000,1,1,1,1,1,1,3,2,1,1
SF,IH2103,2020-10-20 09:34:03.700,3296.6000,9099,0,98002560.000,0,-,-,-,-,3296.0000,3295.8000,3295.6000,3293.8000,3291.2000,3299.0000,3299.2000,3300.0000,3301.4000,3305.0000,1,1,1,1,1,1,3,2,1,1
SF,IH2103,2020-10-20 09:34:04.200,3296.6000,9099,0,98002560.000,0,-,-,-,-,3296.2000,3296.0000,3295.8000,3295.6000,3293.8000,3298.8000,3299.0000,3300.0000,3301.4000,3305.0000,2,1,1,1,1,5,1,2,1,1
SF,IH2103,2020-10-20 09:34:04.700,3296.6000,9099,0,98002560.000,0,-,-,-,-,3296.2000,3296.0000,3295.8000,3295.6000,3293.8000,3298.6000,3298.8000,3300.0000,3301.4000,3305.0000,3,1,1,1,1,1,1,2,1,1
SF,IH2103,2020-10-20 09:34:05.200,3296.6000,9099,0,98002560.000,0,-,-,-,-,3296.4000,3296.2000,3296.0000,3295.8000,3295.6000,3298.4000,3298.6000,3300.0000,3301.4000,3305.0000,1,1,1,1,1,2,1,2,1,1
SF,IH2103,2020-10-20 09:34:05.700,3296.6000,9099,0,98002560.000,0,-,-,-,-,3296.2000,3296.0000,3295.8000,3295.6000,3293.8000,3298.2000,3298.4000,3300.0000,3301.4000,3305.0000,1,1,1,1,1,1,2,2,1,1
SF,IH2103,2020-10-20 09:34:06.200,3296.6000,9099,0,98002560.000,0,-,-,-,-,3296.2000,3296.0000,3295.8000,3295.6000,3293.8000,3298.0000,3298.2000,3298.4000,3300.0000,3301.4000,1,1,1,1,1,1,1,1,2,1
SF,IH2103,2020-10-20 09:34:06.700,3296.6000,9099,0,98002560.000,0,-,-,-,-,3296.0000,3295.8000,3295.6000,3293.8000,3291.2000,3297.8000,3298.0000,3300.0000,3301.4000,3305.0000,1,1,1,1,1,2,2,1,1,1
SF,IH2103,2020-10-20 09:34:07.200,3296.6000,9099,0,98002560.000,0,-,-,-,-,3296.0000,3295.8000,3295.6000,3293.8000,3291.2000,3297.6000,3297.8000,3298.0000,3300.0000,3301.4000,1,1,1,1,1,1,2,1,1,1
SF,IH2103,2020-10-20 09:34:07.700,3296.6000,9099,0,98002560.000,0,-,-,-,-,3296.2000,3296.0000,3295.8000,3295.6000,3293.8000,3297.6000,3297.8000,3300.0000,3301.4000,3305.0000,1,1,1,1,1,1,1,1,1,1
SF,IH2103,2020-10-20 09:34:08.200,3296.6000,9099,0,98002560.000,0,-,-,-,-,3296.4000,3296.2000,3296.0000,3295.8000,3295.6000,3297.6000,3300.0000,3301.4000,3305.0000,3306.0000,1,1,1,1,1,1,1,1,1,1
SF,IH2103,2020-10-20 09:34:08.700,3296.6000,9099,0,98002560.000,0,-,-,-,-,3296.4000,3296.2000,3296.0000,3295.8000,3295.6000,3300.0000,3301.4000,3305.0000,3306.0000,3306.4000,1,1,1,1,1,1,1,1,1,1
SF,IH2103,2020-10-20 09:34:09.200,3296.6000,9099,0,98002560.000,0,-,-,-,-,3296.2000,3296.0000,3295.8000,3295.6000,3293.8000,3299.2000,3299.4000,3299.6000,3299.8000,3300.0000,1,1,1,1,1,1,5,7,3,2
SF,IH2103,2020-10-20 09:34:09.700,3296.6000,9099,0,98002560.000,0,-,-,-,-,3296.4000,3296.2000,3296.0000,3295.8000,3295.6000,3298.6000,3299.0000,3299.2000,3299.4000,3299.6000,1,1,1,1,1,3,2,1,2,3
SF,IH2103,2020-10-20 09:34:10.200,3296.6000,9099,0,98002560.000,0,-,-,-,-,3296.0000,3295.8000,3295.6000,3293.8000,3291.2000,3298.2000,3298.4000,3299.4000,3299.6000,3299.8000,1,1,1,1,1,3,5,2,2,1
SF,IH2103,2020-10-20 09:34:10.700,3296.6000,9099,0,98002560.000,0,-,-,-,-,3296.2000,3296.0000,3295.8000,3295.6000,3293.8000,3298.0000,3298.4000,3299.4000,3299.6000,3299.8000,1,1,1,1,1,1,4,2,2,1
SF,IH2103,2020-10-20 09:34:11.200,3296.6000,9099,0,98002560.000,0,-,-,-,-,3296.2000,3296.0000,3295.8000,3295.6000,3293.8000,3298.0000,3298.4000,3299.4000,3299.6000,3299.8000,2,1,1,1,1,1,1,2,2,1
SF,IH2103,2020-10-20 09:34:11.700,3296.6000,9099,0,98002560.000,0,-,-,-,-,3296.2000,3296.0000,3295.8000,3295.6000,3293.8000,3298.0000,3299.4000,3299.6000,3299.8000,3300.0000,2,1,1,1,1,1,2,2,1,2
SF,IH2103,2020-10-20 09:34:12.200,3298.0000,9098,-1,98991960.000,1,0,1,双平,S,3296.4000,3296.2000,3296.0000,3295.8000,3295.6000,3300.0000,3301.4000,3305.0000,3306.0000,3306.4000,2,2,1,1,1,2,1,1,1,1
SF,IH2103,2020-10-20 09:34:12.700,3298.0000,9098,0,98991960.000,0,-,-,-,-,3296.8000,3296.6000,3296.4000,3296.0000,3295.8000,3299.4000,3299.8000,3300.0000,3301.4000,3305.0000,1,1,2,1,1,4,4,2,1,1
SF,IH2103,2020-10-20 09:34:13.200,3298.0000,9098,0,98991960.000,0,-,-,-,-,3297.0000,3296.8000,3296.4000,3296.0000,3295.8000,3299.2000,3299.8000,3300.0000,3301.4000,3305.0000,2,1,1,1,1,4,3,2,1,1
SF,IH2103,2020-10-20 09:34:14.200,3298.0000,9098,0,98991960.000,0,-,-,-,-,3297.0000,3296.8000,3296.4000,3296.0000,3295.8000,3299.2000,3299.8000,3300.0000,3301.4000,3305.0000,2,1,1,1,1,1,3,2,1,1
SF,IH2103,2020-10-20 09:34:14.700,3298.0000,9098,0,98991960.000,0,-,-,-,-,3297.0000,3296.8000,3296.4000,3296.0000,3295.8000,3299.2000,3299.8000,3300.0000,3301.4000,3305.0000,2,1,1,1,1,1,3,2,1,1
SF,IH2103,2020-10-20 09:34:15.700,3299.2000,9098,0,99981720.000,1,0,1,多换,S,3297.0000,3296.8000,3296.4000,3296.0000,3295.8000,3299.8000,3300.0000,3301.4000,3305.0000,3306.0000,2,1,1,1,1,3,2,1,1,1
SF,IH2103,2020-10-20 09:34:16.200,3299.2000,9098,0,99981720.000,0,-,-,-,-,3297.0000,3296.4000,3296.0000,3295.8000,3295.6000,3299.4000,3299.6000,3299.8000,3300.0000,3301.4000,2,1,1,1,1,3,1,3,2,1
SF,IH2103,2020-10-20 09:34:16.700,3299.2000,9098,0,99981720.000,0,-,-,-,-,3297.2000,3297.0000,3296.4000,3296.0000,3295.8000,3299.2000,3299.8000,3300.0000,3301.4000,3305.0000,1,2,1,1,1,3,3,2,1,1
SF,IH2103,2020-10-20 09:34:17.200,3299.2000,9098,0,99981720.000,0,-,-,-,-,3297.4000,3296.4000,3296.0000,3295.8000,3295.6000,3299.8000,3300.0000,3301.4000,3305.0000,3306.0000,2,1,1,1,1,3,2,1,1,1
SF,IH2103,2020-10-20 09:34:17.700,3299.2000,9098,0,99981720.000,0,-,-,-,-,3297.6000,3297.4000,3296.4000,3296.0000,3295.8000,3299.8000,3300.0000,3301.4000,3305.0000,3306.0000,1,2,1,1,1,3,2,1,1,1
SF,IH2103,2020-10-20 09:34:18.200,3299.2000,9098,0,99981720.000,0,-,-,-,-,3297.8000,3297.6000,3296.4000,3296.0000,3295.8000,3299.8000,3300.0000,3301.4000,3305.0000,3306.0000,2,1,1,1,1,3,1,1,1,1
SF,IH2103,2020-10-20 09:34:19.200,3299.2000,9098,0,99981720.000,0,-,-,-,-,3297.8000,3296.4000,3296.0000,3295.8000,3295.6000,3299.8000,3300.0000,3301.4000,3305.0000,3306.0000,2,1,1,1,1,3,1,1,1,1
SF,IH2103,2020-10-20 09:34:20.700,3299.2000,9098,0,99981720.000,0,-,-,-,-,3297.8000,3296.4000,3296.0000,3295.8000,3295.6000,3299.8000,3300.0000,3301.4000,3305.0000,3306.0000,2,1,1,1,1,3,1,1,1,1
SF,IH2103,2020-10-20 09:34:21.200,3299.2000,9098,0,99981720.000,0,-,-,-,-,3297.8000,3296.0000,3295.8000,3295.6000,3293.8000,3299.8000,3300.0000,3301.4000,3305.0000,3306.0000,2,1,1,1,1,3,1,1,1,1
SF,IH2103,2020-10-20 09:34:21.700,3299.2000,9098,0,99981720.000,0,-,-,-,-,3298.0000,3297.8000,3296.0000,3295.8000,3295.6000,3300.0000,3301.4000,3305.0000,3306.0000,3306.4000,1,2,1,1,1,1,1,1,1,1
SF,IH2103,2020-10-20 09:34:22.200,3300.0000,9097,-1,100971720.000,1,0,1,双平,S,3298.2000,3298.0000,3296.0000,3295.8000,3295.6000,3301.4000,3305.0000,3306.0000,3306.4000,3306.6000,1,1,1,1,1,1,1,1,1,1
SF,IH2103,2020-10-20 09:34:22.700,3300.0000,9097,0,100971720.000,0,-,-,-,-,3298.4000,3298.2000,3298.0000,3296.0000,3295.8000,3301.2000,3301.4000,3305.0000,3306.0000,3306.4000,1,1,1,1,1,7,2,1,1,1
SF,IH2103,2020-10-20 09:34:23.200,3300.0000,9097,0,100971720.000,0,-,-,-,-,3298.6000,3298.4000,3296.0000,3295.8000,3295.6000,3301.0000,3301.2000,3301.4000,3305.0000,3306.0000,2,1,1,1,1,3,4,2,1,1
SF,IH2103,2020-10-20 09:34:23.700,3300.0000,9097,0,100971720.000,0,-,-,-,-,3298.6000,3296.0000,3295.8000,3295.6000,3293.8000,3300.8000,3301.2000,3301.4000,3305.0000,3306.0000,1,1,1,1,1,5,3,2,1,1
SF,IH2103,2020-10-20 09:34:24.200,3300.0000,9097,0,100971720.000,0,-,-,-,-,3298.6000,3296.0000,3295.8000,3295.6000,3293.8000,3300.6000,3300.8000,3301.2000,3301.4000,3305.0000,1,1,1,1,1,3,2,3,2,1
SF,IH2103,2020-10-20 09:34:24.700,3300.0000,9097,0,100971720.000,0,-,-,-,-,3298.6000,3296.0000,3295.8000,3295.6000,3293.8000,3300.4000,3301.2000,3301.4000,3305.0000,3306.0000,1,1,1,1,1,4,3,2,1,1
SF,IH2103,2020-10-20 09:34:25.200,3300.0000,9097,0,100971720.000,0,-,-,-,-,3298.6000,3296.0000,3295.8000,3295.6000,3293.8000,3300.4000,3301.2000,3301.4000,3305.0000,3306.0000,1,1,1,1,1,4,3,2,1,1
SF,IH2103,2020-10-20 09:34:25.700,3300.0000,9097,0,100971720.000,0,-,-,-,-,3298.6000,3296.0000,3295.8000,3295.6000,3293.8000,3300.2000,3300.4000,3301.2000,3301.4000,3305.0000,1,1,1,1,1,2,2,3,2,1
SF,IH2103,2020-10-20 09:34:26.200,3300.4000,9097,0,101961840.000,1,0,1,多换,S,3298.6000,3296.0000,3295.8000,3295.6000,3293.8000,3300.4000,3301.2000,3301.4000,3305.0000,3306.0000,1,1,1,1,1,1,3,2,1,1
SF,IH2103,2020-10-20 09:34:26.700,3300.4000,9097,0,101961840.000,0,-,-,-,-,3298.8000,3298.6000,3296.0000,3295.8000,3295.6000,3300.2000,3301.4000,3305.0000,3306.0000,3306.4000,1,1,1,1,1,3,2,1,1,1
SF,IH2103,2020-10-20 09:34:27.200,3300.4000,9097,0,101961840.000,0,-,-,-,-,3298.8000,3298.6000,3296.0000,3295.8000,3295.6000,3301.4000,3305.0000,3306.0000,3306.4000,3306.6000,1,1,1,1,1,2,1,1,1,1
SF,IH2103,2020-10-20 09:34:27.700,3300.4000,9097,0,101961840.000,0,-,-,-,-,3299.0000,3298.8000,3296.0000,3295.8000,3295.6000,3300.8000,3301.0000,3301.2000,3301.4000,3305.0000,1,1,1,1,1,4,10,2,2,1
SF,IH2103,2020-10-20 09:34:28.200,3299.0000,9096,-1,102951540.000,1,0,1,双平,S,3298.8000,3296.0000,3295.8000,3295.6000,3293.8000,3300.2000,3300.8000,3301.0000,3301.2000,3301.4000,1,1,1,1,1,3,1,5,2,2
SF,IH2103,2020-10-20 09:34:28.700,3298.8000,9095,-1,103941180.000,1,0,1,双平,S,3296.0000,3295.8000,3295.6000,3293.8000,3293.0000,3298.8000,3300.0000,3300.8000,3301.0000,3301.2000,1,1,1,1,1,1,3,1,5,2
SF,IH2103,2020-10-20 09:34:29.200,3298.8000,9095,0,104930820.000,1,0,1,多换,S,3296.2000,3296.0000,3295.8000,3295.6000,3295.0000,3300.0000,3300.8000,3301.0000,3301.2000,3301.4000,3,1,1,1,1,3,1,5,1,2
SF,IH2103,2020-10-20 09:34:29.700,3298.8000,9095,0,104930820.000,0,-,-,-,-,3296.6000,3296.4000,3296.2000,3296.0000,3295.8000,3300.0000,3300.8000,3301.0000,3301.2000,3301.4000,1,1,3,1,1,3,1,4,1,2
SF,IH2103,2020-10-20 09:34:30.200,3298.8000,9095,0,104930820.000,0,-,-,-,-,3297.0000,3296.8000,3296.2000,3296.0000,3295.8000,3300.0000,3300.8000,3301.0000,3301.2000,3301.4000,1,2,1,1,1,3,1,4,1,2
SF,IH2103,2020-10-20 09:34:30.700,3298.8000,9095,0,104930820.000,0,-,-,-,-,3297.2000,3297.0000,3296.2000,3296.0000,3295.8000,3300.0000,3300.8000,3301.0000,3301.2000,3301.4000,2,1,1,1,1,3,1,4,1,2
SF,IH2103,2020-10-20 09:34:31.200,3298.8000,9095,0,104930820.000,0,-,-,-,-,3297.4000,3297.2000,3297.0000,3296.2000,3296.0000,3300.8000,3301.0000,3301.2000,3301.4000,3305.0000,2,3,1,1,1,1,4,1,2,1
SF,IH2103,2020-10-20 09:34:31.700,3298.8000,9095,0,104930820.000,0,-,-,-,-,3297.6000,3297.4000,3296.2000,3296.0000,3295.6000,3300.2000,3300.6000,3300.8000,3301.0000,3301.2000,2,2,1,1,1,3,1,1,4,1
SF,IH2103,2020-10-20 09:34:32.200,3298.8000,9095,0,104930820.000,0,-,-,-,-,3297.6000,3297.4000,3296.2000,3296.0000,3295.6000,3300.0000,3300.2000,3300.8000,3301.0000,3301.2000,2,2,1,1,1,2,3,1,4,1
SF,IH2103,2020-10-20 09:34:32.700,3298.8000,9095,0,104930820.000,0,-,-,-,-,3297.6000,3297.4000,3296.2000,3296.0000,3295.6000,3300.0000,3300.2000,3300.8000,3301.0000,3301.2000,2,1,1,1,1,2,3,1,4,1
SF,IH2103,2020-10-20 09:34:33.200,3298.8000,9095,0,104930820.000,0,-,-,-,-,3297.6000,3297.4000,3296.2000,3296.0000,3295.6000,3300.0000,3300.2000,3300.8000,3301.0000,3301.2000,2,1,1,1,1,2,3,1,1,1
SF,IH2103,2020-10-20 09:34:33.700,3298.8000,9095,0,104930820.000,0,-,-,-,-,3297.8000,3297.6000,3297.4000,3296.0000,3295.6000,3299.8000,3300.0000,3300.2000,3300.8000,3301.0000,1,1,1,1,1,1,3,3,1,1
SF,IH2103,2020-10-20 09:34:34.200,3298.8000,9095,0,104930820.000,0,-,-,-,-,3298.0000,3297.4000,3296.0000,3295.6000,3295.0000,3299.6000,3299.8000,3300.0000,3300.2000,3300.8000,1,1,1,1,1,1,1,2,3,1
SF,IH2103,2020-10-20 09:34:34.700,3298.8000,9095,0,104930820.000,0,-,-,-,-,3298.0000,3297.4000,3296.0000,3295.6000,3295.0000,3299.4000,3299.6000,3300.0000,3300.8000,3301.0000,1,1,1,1,1,4,1,1,1,1
SF,IH2103,2020-10-20 09:34:35.200,3298.8000,9095,0,104930820.000,0,-,-,-,-,3298.0000,3297.4000,3296.0000,3295.6000,3295.0000,3299.4000,3299.6000,3300.8000,3301.0000,3301.2000,1,1,1,1,1,4,1,1,1,1
SF,IH2103,2020-10-20 09:34:36.700,3298.8000,9095,0,104930820.000,0,-,-,-,-,3298.0000,3297.4000,3296.0000,3295.6000,3295.0000,3299.4000,3299.6000,3300.8000,3301.0000,3301.2000,1,1,1,1,1,1,1,1,1,1
SF,IH2103,2020-10-20 09:34:37.700,3298.8000,9095,0,104930820.000,0,-,-,-,-,3298.0000,3297.4000,3296.0000,3295.6000,3295.0000,3299.2000,3299.4000,3299.6000,3300.8000,3301.0000,1,1,1,1,1,3,1,1,1,1
SF,IH2103,2020-10-20 09:34:38.200,3298.8000,9095,0,104930820.000,0,-,-,-,-,3297.4000,3296.0000,3295.6000,3295.0000,3293.8000,3298.8000,3299.0000,3299.2000,3299.4000,3300.8000,1,1,1,1,1,1,3,1,1,1
SF,IH2103,2020-10-20 09:34:38.700,3298.8000,9095,0,104930820.000,0,-,-,-,-,3297.4000,3296.6000,3296.0000,3295.6000,3295.0000,3298.8000,3299.0000,3299.2000,3299.4000,3300.8000,1,1,1,1,1,1,3,1,1,1
SF,IH2103,2020-10-20 09:34:39.200,3298.8000,9095,0,104930820.000,0,-,-,-,-,3297.6000,3297.4000,3296.6000,3296.0000,3295.6000,3298.8000,3299.0000,3299.2000,3299.4000,3300.8000,1,1,1,1,1,1,3,1,1,1
SF,IH2103,2020-10-20 09:34:39.700,3298.8000,9094,-1,105920460.000,1,0,1,双平,S,3298.8000,3297.6000,3296.6000,3296.0000,3295.6000,3299.0000,3299.2000,3299.4000,3300.8000,3301.0000,1,1,1,1,1,1,1,1,1,1
SF,IH2103,2020-10-20 09:34:40.200,3298.8000,9093,-1,106910100.000,1,0,1,双平,S,3297.6000,3296.6000,3296.0000,3295.6000,3295.0000,3298.8000,3299.0000,3299.4000,3300.8000,3301.0000,1,1,1,1,1,2,1,1,1,1
SF,IH2103,2020-10-20 09:34:40.700,3298.8000,9093,0,106910100.000,0,-,-,-,-,3297.6000,3296.6000,3296.0000,3295.6000,3295.0000,3298.8000,3300.8000,3301.0000,3301.2000,3301.4000,1,1,1,1,1,1,2,1,1,2
SF,IH2103,2020-10-20 09:34:42.200,3298.8000,9093,0,106910100.000,0,-,-,-,-,3297.6000,3296.6000,3296.0000,3295.6000,3295.0000,3298.8000,3300.8000,3301.0000,3301.2000,3301.4000,1,1,1,1,1,1,2,1,1,2
SF,IH2103,2020-10-20 09:34:46.200,3298.8000,9093,0,106910100.000,0,-,-,-,-,3297.6000,3296.6000,3296.0000,3295.6000,3295.0000,3300.8000,3301.0000,3301.2000,3301.4000,3305.0000,1,1,1,1,1,2,1,1,2,1
SF,IH2103,2020-10-20 09:34:46.700,3298.8000,9093,0,106910100.000,0,-,-,-,-,3297.8000,3297.6000,3296.6000,3296.0000,3295.6000,3299.8000,3300.0000,3300.2000,3300.4000,3300.6000,1,1,1,1,1,3,1,4,2,1
SF,IH2103,2020-10-20 09:34:47.200,3298.8000,9093,0,106910100.000,0,-,-,-,-,3297.8000,3297.6000,3296.6000,3296.0000,3295.6000,3299.2000,3299.8000,3300.0000,3300.2000,3300.6000,1,1,1,1,1,3,3,1,1,1
SF,IH2103,2020-10-20 09:34:48.200,3299.2000,9094,1,108889620.000,2,1,1,空开,S,3297.8000,3297.6000,3296.6000,3296.0000,3295.6000,3299.2000,3299.8000,3300.0000,3300.2000,3300.6000,1,1,1,1,1,1,3,1,1,1
SF,IH2103,2020-10-20 09:34:48.700,3299.2000,9094,0,108889620.000,0,-,-,-,-,3298.0000,3297.8000,3297.6000,3296.6000,3296.0000,3299.2000,3299.8000,3300.0000,3300.2000,3300.6000,1,1,1,1,1,1,3,1,1,1
SF,IH2103,2020-10-20 09:34:49.200,3299.2000,9094,0,108889620.000,0,-,-,-,-,3298.0000,3297.8000,3296.6000,3296.0000,3295.6000,3300.2000,3300.6000,3300.8000,3301.0000,3301.2000,1,1,1,1,1,1,1,1,1,1
SF,IH2103,2020-10-20 09:34:49.700,3299.2000,9094,0,108889620.000,0,-,-,-,-,3298.2000,3298.0000,3296.6000,3296.0000,3295.6000,3299.6000,3300.0000,3300.2000,3300.8000,3301.0000,2,1,1,1,1,1,2,1,1,1
SF,IH2103,2020-10-20 09:34:50.200,3299.2000,9094,0,108889620.000,0,-,-,-,-,3298.2000,3298.0000,3296.6000,3296.0000,3295.6000,3299.4000,3300.0000,3300.2000,3300.8000,3301.0000,2,1,1,1,1,1,2,1,1,1
SF,IH2103,2020-10-20 09:34:50.700,3299.2000,9094,0,108889620.000,0,-,-,-,-,3298.2000,3296.6000,3296.0000,3295.6000,3295.0000,3299.4000,3300.0000,3300.2000,3300.8000,3301.0000,1,1,1,1,1,1,2,1,1,1
SF,IH2103,2020-10-20 09:34:53.200,3299.2000,9094,0,108889620.000,0,-,-,-,-,3298.2000,3296.6000,3296.0000,3295.6000,3295.0000,3300.0000,3300.2000,3300.8000,3301.0000,3301.2000,1,1,1,1,1,2,1,1,1,1
SF,IH2103,2020-10-20 09:34:53.700,3299.2000,9094,0,108889620.000,0,-,-,-,-,3298.4000,3298.2000,3296.6000,3296.0000,3295.6000,3299.6000,3300.2000,3300.8000,3301.0000,3301.2000,3,1,1,1,1,1,1,1,1,1
SF,IH2103,2020-10-20 09:34:54.200,3299.6000,9093,-1,109879500.000,1,0,1,双平,S,3298.4000,3296.6000,3296.0000,3295.6000,3295.0000,3300.8000,3301.0000,3301.2000,3301.4000,3305.0000,2,1,1,1,1,1,1,1,2,1
SF,IH2103,2020-10-20 09:34:54.700,3299.6000,9093,0,109879500.000,0,-,-,-,-,3298.6000,3298.4000,3296.6000,3296.0000,3295.6000,3300.8000,3301.0000,3301.4000,3302.4000,3305.0000,2,2,1,1,1,1,1,2,1,1
SF,IH2103,2020-10-20 09:34:55.200,3299.6000,9093,0,109879500.000,0,-,-,-,-,3299.0000,3298.8000,3298.6000,3298.4000,3296.6000,3300.8000,3301.0000,3301.4000,3302.4000,3305.0000,1,2,1,1,1,1,1,1,1,1
SF,IH2103,2020-10-20 09:34:55.700,3299.6000,9093,0,109879500.000,0,-,-,-,-,3299.2000,3298.8000,3298.4000,3296.6000,3296.0000,3300.8000,3301.0000,3301.4000,3302.4000,3305.0000,2,1,1,1,1,1,1,1,1,1
SF,IH2103,2020-10-20 09:34:56.200,3299.6000,9093,0,109879500.000,0,-,-,-,-,3299.2000,3298.8000,3298.4000,3296.6000,3296.0000,3300.8000,3301.4000,3302.4000,3305.0000,3306.0000,2,1,1,1,1,1,1,1,1,1
SF,IH2103,2020-10-20 09:34:59.700,3300.8000,9092,-1,110869740.000,1,0,1,双平,S,3299.2000,3298.8000,3298.4000,3296.6000,3296.0000,3301.4000,3302.4000,3305.0000,3306.0000,3306.4000,2,1,1,1,1,1,1,1,1,1
SF,IH2103,2020-10-20 09:35:00.200,3300.8000,9092,0,110869740.000,0,-,-,-,-,3299.2000,3298.8000,3298.4000,3296.6000,3296.0000,3301.0000,3301.2000,3301.4000,3302.4000,3305.0000,2,1,1,1,1,1,2,2,1,1
SF,IH2103,2020-10-20 09:35:00.700,3300.8000,9092,0,110869740.000,0,-,-,-,-,3299.2000,3298.8000,3298.4000,3296.6000,3296.0000,3301.0000,3301.2000,3301.4000,3302.4000,3305.0000,2,1,1,1,1,1,3,2,1,1
SF,IH2103,2020-10-20 09:35:02.200,3300.8000,9092,0,110869740.000,0,-,-,-,-,3299.2000,3298.8000,3298.4000,3296.6000,3296.0000,3301.2000,3301.4000,3302.4000,3305.0000,3306.0000,2,1,1,1,1,3,2,1,1,1
SF,IH2103,2020-10-20 09:35:02.700,3300.8000,9092,0,110869740.000,0,-,-,-,-,3299.2000,3298.4000,3296.6000,3296.0000,3295.6000,3301.0000,3301.2000,3301.4000,3302.4000,3305.0000,1,1,1,1,1,2,3,2,1,1
SF,IH2103,2020-10-20 09:35:03.200,3300.8000,9092,0,110869740.000,0,-,-,-,-,3299.2000,3298.4000,3296.6000,3296.0000,3295.6000,3300.8000,3301.0000,3301.2000,3301.4000,3302.4000,1,1,1,1,1,1,2,2,2,1
SF,IH2103,2020-10-20 09:35:03.700,3300.8000,9092,0,110869740.000,0,-,-,-,-,3299.2000,3298.4000,3296.6000,3296.0000,3295.6000,3300.8000,3301.0000,3301.2000,3301.4000,3302.4000,1,1,1,1,1,2,2,2,2,1
SF,IH2103,2020-10-20 09:35:05.200,3300.8000,9092,0,111859980.000,1,0,1,多换,S,3299.2000,3298.4000,3296.6000,3296.0000,3295.6000,3300.8000,3301.0000,3301.2000,3301.4000,3302.4000,1,1,1,1,1,1,2,2,2,1
SF,IH2103,2020-10-20 09:35:05.700,3300.8000,9092,0,111859980.000,0,-,-,-,-,3299.4000,3299.2000,3298.4000,3296.6000,3296.0000,3301.0000,3301.2000,3301.4000,3302.4000,3305.0000,1,1,1,1,1,1,2,2,1,1
SF,IH2103,2020-10-20 09:35:06.200,3300.8000,9092,0,111859980.000,0,-,-,-,-,3299.4000,3299.2000,3298.4000,3296.6000,3296.0000,3301.2000,3301.4000,3302.4000,3305.0000,3306.0000,1,1,1,1,1,1,2,1,1,1
SF,IH2103,2020-10-20 09:35:06.700,3300.8000,9092,0,111859980.000,0,-,-,-,-,3299.6000,3299.4000,3298.4000,3296.6000,3296.0000,3301.4000,3302.4000,3305.0000,3306.0000,3306.4000,1,1,1,1,1,2,1,1,1,1
SF,IH2103,2020-10-20 09:35:07.200,3300.8000,9092,0,111859980.000,0,-,-,-,-,3299.8000,3299.6000,3298.8000,3298.4000,3296.6000,3301.4000,3302.4000,3305.0000,3305.2000,3306.0000,1,1,1,1,1,2,1,1,1,1
SF,IH2103,2020-10-20 09:35:09.700,3300.8000,9092,0,111859980.000,0,-,-,-,-,3299.8000,3299.6000,3298.8000,3298.4000,3296.6000,3301.4000,3302.4000,3305.0000,3305.2000,3306.0000,1,1,1,1,1,1,1,1,1,1
SF,IH2103,2020-10-20 09:35:15.200,3300.8000,9092,0,111859980.000,0,-,-,-,-,3299.8000,3299.6000,3298.8000,3298.4000,3296.6000,3301.4000,3302.4000,3305.0000,3305.2000,3306.0000,1,1,1,1,1,2,1,1,1,1
SF,IH2103,2020-10-20 09:35:16.200,3300.8000,9092,0,111859980.000,0,-,-,-,-,3299.8000,3299.6000,3298.8000,3298.4000,3296.6000,3301.2000,3301.4000,3302.4000,3305.0000,3305.2000,1,1,1,1,1,1,1,1,1,1
SF,IH2103,2020-10-20 09:35:16.700,3300.8000,9092,0,111859980.000,0,-,-,-,-,3299.8000,3299.6000,3298.8000,3298.4000,3296.6000,3301.2000,3301.4000,3302.4000,3305.0000,3305.2000,1,1,1,1,1,1,1,1,1,1
SF,IH2103,2020-10-20 09:35:18.200,3300.8000,9092,0,111859980.000,0,-,-,-,-,3299.8000,3299.6000,3298.8000,3298.4000,3296.6000,3301.0000,3301.2000,3301.4000,3302.4000,3305.0000,1,1,1,1,1,1,1,1,1,1
SF,IH2103,2020-10-20 09:35:18.700,3299.8000,9091,-1,112849920.000,1,0,1,双平,S,3299.6000,3298.8000,3298.4000,3296.6000,3296.0000,3299.8000,3300.8000,3301.0000,3301.2000,3301.4000,1,1,1,1,1,1,2,1,1,1
SF,IH2103,2020-10-20 09:35:19.200,3299.6000,9088,-3,115819620.000,3,0,3,双平,S,3298.8000,3298.4000,3296.6000,3296.0000,3295.6000,3300.8000,3301.0000,3301.2000,3301.4000,3305.0000,1,1,1,1,1,2,1,1,1,1
SF,IH2103,2020-10-20 09:35:19.700,3299.6000,9088,0,115819620.000,0,-,-,-,-,3298.8000,3298.4000,3296.6000,3296.0000,3295.6000,3300.6000,3300.8000,3301.2000,3301.4000,3305.0000,1,1,1,1,1,2,2,1,1,1
SF,IH2103,2020-10-20 09:35:20.700,3299.6000,9088,0,115819620.000,0,-,-,-,-,3298.8000,3298.4000,3296.6000,3296.0000,3295.6000,3300.6000,3300.8000,3301.2000,3301.4000,3305.0000,1,1,1,1,1,2,1,1,1,1
SF,IH2103,2020-10-20 09:35:21.200,3299.6000,9088,0,115819620.000,0,-,-,-,-,3299.0000,3298.8000,3298.4000,3296.6000,3296.0000,3300.6000,3301.2000,3301.4000,3305.0000,3305.2000,1,1,1,1,1,1,1,1,1,1
SF,IH2103,2020-10-20 09:35:22.200,3299.0000,9087,-1,116809320.000,1,0,1,双平,S,3298.8000,3298.4000,3296.6000,3296.0000,3295.6000,3300.6000,3301.2000,3301.4000,3305.0000,3305.2000,1,1,1,1,1,1,1,1,1,1
SF,IH2103,2020-10-20 09:35:22.700,3299.0000,9087,0,116809320.000,0,-,-,-,-,3298.8000,3298.4000,3296.6000,3296.0000,3295.6000,3300.4000,3300.6000,3301.2000,3301.4000,3305.0000,1,1,1,1,1,1,1,1,1,1
SF,IH2103,2020-10-20 09:35:25.700,3300.4000,9086,-1,117799440.000,1,0,1,双平,S,3298.8000,3298.4000,3296.6000,3296.0000,3295.6000,3300.6000,3301.2000,3301.4000,3305.0000,3305.2000,1,1,1,1,1,1,1,1,1,1
SF,IH2103,2020-10-20 09:35:26.200,3300.6000,9085,-1,118789620.000,1,0,1,双平,S,3300.6000,3299.0000,3298.8000,3298.4000,3296.6000,3301.2000,3301.4000,3305.0000,3305.2000,3306.0000,1,2,1,1,1,1,1,1,1,1
SF,IH2103,2020-10-20 09:35:26.700,3300.6000,9085,0,118789620.000,0,-,-,-,-,3299.0000,3298.8000,3298.4000,3296.6000,3296.0000,3301.4000,3305.0000,3305.2000,3306.0000,3306.4000,2,1,1,1,1,1,1,1,1,1
SF,IH2103,2020-10-20 09:35:27.200,3300.6000,9085,0,118789620.000,0,-,-,-,-,3299.4000,3299.0000,3298.8000,3298.4000,3296.6000,3301.2000,3301.4000,3305.0000,3305.2000,3306.0000,1,2,1,1,1,1,1,1,1,1
SF,IH2103,2020-10-20 09:35:27.700,3300.6000,9085,0,118789620.000,0,-,-,-,-,3299.6000,3299.4000,3299.2000,3299.0000,3298.8000,3301.2000,3301.4000,3305.0000,3305.2000,3306.0000,1,1,1,1,1,1,1,1,1,1
SF,IH2103,2020-10-20 09:35:28.700,3300.6000,9085,0,118789620.000,0,-,-,-,-,3299.6000,3299.4000,3299.0000,3298.8000,3298.4000,3301.2000,3301.4000,3305.0000,3305.2000,3306.0000,1,1,1,1,1,1,1,1,1,1
SF,IH2103,2020-10-20 09:35:29.200,3300.6000,9085,0,118789620.000,0,-,-,-,-,3299.6000,3299.4000,3299.0000,3298.8000,3298.4000,3301.2000,3301.4000,3305.0000,3305.2000,3306.0000,1,1,1,1,1,1,1,1,1,1
SF,IH2103,2020-10-20 09:35:29.700,3300.6000,9085,0,118789620.000,0,-,-,-,-,3299.6000,3299.4000,3299.0000,3298.8000,3298.4000,3301.2000,3301.4000,3305.0000,3305.2000,3306.0000,1,1,1,1,1,1,1,1,1,1
SF,IH2103,2020-10-20 09:35:33.200,3300.6000,9085,0,118789620.000,0,-,-,-,-,3299.6000,3299.4000,3299.0000,3298.8000,3298.4000,3300.2000,3301.2000,3301.4000,3305.0000,3305.2000,1,1,1,1,1,1,1,1,1,1
SF,IH2103,2020-10-20 09:35:33.700,3300.4000,9084,-1,119779740.000,1,0,1,双平,S,3300.4000,3300.2000,3299.8000,3299.4000,3298.8000,3301.2000,3301.4000,3305.0000,3305.2000,3306.0000,1,1,1,1,1,1,1,1,1,1
SF,IH2103,2020-10-20 09:35:34.200,3300.4000,9084,0,119779740.000,0,-,-,-,-,3300.6000,3300.4000,3300.2000,3299.8000,3299.4000,3301.4000,3305.0000,3305.2000,3306.0000,3306.4000,1,1,1,1,1,1,1,1,1,1
SF,IH2103,2020-10-20 09:35:34.700,3301.4000,9083,-1,120770160.000,1,0,1,双平,S,3300.6000,3300.2000,3299.8000,3299.4000,3298.8000,3305.0000,3305.2000,3306.0000,3306.4000,3306.6000,1,1,1,1,1,1,1,1,1,1
