市场代码,合约代码,时间,最新,持仓,增仓,成交额,成交量,开仓,平仓,成交类型,方向,买一价,买二价,买三价,买四价,买五价,卖一价,卖二价,卖三价,卖四价,卖五价,买一量,买二量,买三量,买四量,买五量,卖一量,卖二量,卖三量,卖四量,卖五量
SF,IH2103,2020-09-30 09:29:00.100,3211.0000,7148,0,9633000.000,10.000,-,-,-,-,3208.0000,3205.0000,3203.0000,3200.0000,3198.0000,3211.8000,3217.4000,3219.0000,3219.2000,3219.8000,1,1,1,1,1,1,1,1,1,2
SF,IH2103,2020-09-30 09:30:00.100,3208.4000,7148,0,10595520.000,1,0,1,多换,S,3208.0000,3205.0000,3203.0000,3201.2000,3200.0000,3210.2000,3211.8000,3212.0000,3212.8000,3216.2000,1,1,3,2,1,1,1,1,1,1
SF,IH2103,2020-09-30 09:30:00.600,3208.4000,7148,0,10595520.000,0,-,-,-,-,3208.6000,3208.2000,3208.0000,3205.0000,3203.0000,3210.2000,3211.8000,3212.0000,3212.8000,3214.6000,1,4,1,1,3,1,1,1,1,1
SF,IH2103,2020-09-30 09:30:01.100,3208.6000,7146,-2,12520680.000,2,0,2,双平,S,3209.0000,3208.6000,3208.2000,3208.0000,3205.0000,3210.2000,3211.8000,3212.0000,3212.8000,3214.6000,1,3,2,1,1,1,1,1,1,1
SF,IH2103,2020-09-30 09:30:01.600,3208.6000,7146,0,12520680.000,0,-,-,-,-,3209.0000,3208.6000,3208.2000,3208.0000,3205.0000,3210.2000,3211.8000,3212.0000,3212.8000,3214.6000,1,1,2,1,1,1,1,1,1,1
SF,IH2103,2020-09-30 09:30:02.100,3209.0000,7145,-1,13483380.000,1,0,1,双平,S,3208.6000,3208.2000,3208.0000,3205.8000,3205.0000,3210.2000,3211.8000,3212.0000,3212.8000,3214.6000,1,2,1,1,1,1,1,1,1,1
SF,IH2103,2020-09-30 09:30:02.600,3208.6000,7144,-1,14445960.000,1,0,1,双平,S,3208.2000,3208.0000,3205.8000,3205.0000,3203.0000,3209.0000,3210.2000,3211.0000,3211.8000,3212.0000,2,1,1,1,1,1,1,2,1,1
SF,IH2103,2020-09-30 09:30:03.100,3209.0000,7143,-1,15408660.000,1,0,1,双平,S,3209.2000,3208.4000,3208.2000,3208.0000,3205.8000,3210.2000,3211.0000,3211.8000,3212.0000,3212.8000,1,2,2,1,1,1,2,1,1,1
SF,IH2103,2020-09-30 09:30:03.600,3210.2000,7142,-1,16371720.000,1,0,1,双平,S,3209.2000,3208.4000,3208.2000,3208.0000,3205.8000,3211.0000,3211.8000,3212.0000,3212.8000,3214.6000,1,2,2,1,1,2,1,1,1,1
SF,IH2103,2020-09-30 09:30:04.100,3210.2000,7142,0,16371720.000,0,-,-,-,-,3209.4000,3209.2000,3208.2000,3208.0000,3205.8000,3211.0000,3211.8000,3212.0000,3212.8000,3213.8000,1,1,2,1,1,2,2,1,1,3
SF,IH2103,2020-09-30 09:30:04.600,3210.2000,7142,0,16371720.000,0,-,-,-,-,3209.4000,3209.2000,3208.2000,3208.0000,3205.8000,3211.0000,3211.8000,3212.0000,3212.8000,3213.8000,1,1,2,1,1,2,2,1,1,3
SF,IH2103,2020-09-30 09:30:05.100,3210.2000,7142,0,16371720.000,0,-,-,-,-,3209.4000,3209.2000,3208.2000,3208.0000,3205.8000,3211.0000,3211.8000,3212.0000,3212.8000,3213.8000,1,1,2,1,1,2,2,2,1,3
SF,IH2103,2020-09-30 09:30:05.600,3209.4000,7141,-1,17334540.000,1,0,1,双平,S,3209.2000,3208.2000,3208.0000,3205.8000,3205.0000,3211.0000,3211.8000,3212.0000,3212.8000,3213.8000,1,2,1,1,1,2,2,2,1,3
SF,IH2103,2020-09-30 09:30:06.100,3209.4000,7141,0,17334540.000,0,-,-,-,-,3209.2000,3208.2000,3208.0000,3205.8000,3205.0000,3210.4000,3211.0000,3211.8000,3212.0000,3212.8000,1,2,1,1,1,3,3,2,2,1
SF,IH2103,2020-09-30 09:30:06.600,3210.4000,7139,-2,19260780.000,2,0,2,双平,S,3209.2000,3208.2000,3208.0000,3205.8000,3205.0000,3210.4000,3211.0000,3211.8000,3212.0000,3212.8000,1,2,1,1,1,1,2,2,2,1
SF,IH2103,2020-09-30 09:30:07.100,3210.4000,7139,0,19260780.000,0,-,-,-,-,3209.2000,3208.2000,3208.0000,3205.8000,3205.0000,3210.4000,3211.0000,3211.8000,3212.0000,3212.8000,1,2,1,1,1,1,2,2,2,1
SF,IH2103,2020-09-30 09:30:07.600,3210.4000,7139,0,19260780.000,0,-,-,-,-,3209.2000,3208.2000,3208.0000,3205.8000,3205.0000,3210.4000,3211.0000,3211.8000,3212.0000,3212.8000,1,2,1,1,1,1,2,2,2,1
SF,IH2103,2020-09-30 09:30:08.100,3210.4000,7138,-1,20223900.000,1,0,1,双平,S,3209.2000,3208.2000,3208.0000,3205.8000,3205.0000,3211.0000,3211.8000,3212.0000,3212.8000,3213.8000,1,2,1,1,1,2,2,2,1,3
SF,IH2103,2020-09-30 09:30:10.100,3211.0000,7137,-1,21187200.000,1,0,1,双平,S,3209.2000,3208.2000,3208.0000,3205.8000,3205.0000,3211.0000,3211.8000,3212.0000,3212.8000,3213.8000,1,2,1,1,1,1,2,2,1,3
SF,IH2103,2020-09-30 09:30:10.600,3211.0000,7137,0,21187200.000,0,-,-,-,-,3209.4000,3209.2000,3208.2000,3208.0000,3205.8000,3210.8000,3211.0000,3211.8000,3212.0000,3212.8000,1,1,2,1,1,1,1,2,2,1
SF,IH2103,2020-09-30 09:30:11.100,3209.4000,7136,-1,22150020.000,1,0,1,双平,S,3208.2000,3208.0000,3205.8000,3205.0000,3203.0000,3209.4000,3210.8000,3211.0000,3211.8000,3212.0000,2,1,1,1,1,1,1,3,2,2
SF,IH2103,2020-09-30 09:30:11.600,3208.2000,7134,-2,24074940.000,2,0,2,双平,S,3208.0000,3205.8000,3205.0000,3203.0000,3200.0000,3209.4000,3211.0000,3211.8000,3212.0000,3212.8000,1,1,1,1,1,1,3,2,2,1
SF,IH2103,2020-09-30 09:30:12.100,3208.2000,7134,0,24074940.000,0,-,-,-,-,3208.2000,3208.0000,3205.8000,3205.0000,3203.0000,3209.2000,3209.4000,3211.0000,3211.8000,3212.0000,2,1,1,1,1,1,1,3,2,2
SF,IH2103,2020-09-30 09:30:12.600,3209.2000,7133,-1,25037700.000,1,0,1,双平,S,3208.2000,3208.0000,3205.8000,3205.0000,3203.0000,3209.4000,3211.0000,3211.8000,3212.0000,3212.8000,2,1,1,1,1,1,3,2,2,1
SF,IH2103,2020-09-30 09:30:13.100,3209.2000,7133,0,25037700.000,0,-,-,-,-,3208.4000,3208.2000,3208.0000,3205.8000,3205.0000,3209.2000,3211.0000,3211.8000,3212.0000,3212.8000,1,2,1,1,1,2,2,2,2,1
SF,IH2103,2020-09-30 09:30:13.600,3208.6000,7130,-3,27925800.000,3,0,3,双平,S,3209.8000,3208.4000,3208.2000,3208.0000,3205.8000,3210.4000,3211.0000,3211.8000,3212.0000,3212.8000,1,1,2,1,1,1,2,2,2,1
SF,IH2103,2020-09-30 09:30:14.100,3209.8000,7130,0,28888740.000,1,0,1,多换,S,3208.4000,3208.2000,3208.0000,3205.8000,3205.0000,3210.4000,3211.0000,3211.8000,3212.0000,3212.8000,1,1,1,1,1,1,2,2,2,1
SF,IH2103,2020-09-30 09:30:14.600,3209.8000,7130,0,28888740.000,0,-,-,-,-,3208.0000,3205.8000,3205.0000,3203.0000,3200.0000,3210.2000,3210.4000,3211.0000,3211.8000,3212.0000,1,1,1,1,1,1,1,2,2,2
SF,IH2103,2020-09-30 09:30:15.100,3209.8000,7130,0,28888740.000,0,-,-,-,-,3208.2000,3208.0000,3205.8000,3205.0000,3203.0000,3210.2000,3210.4000,3211.0000,3211.8000,3212.0000,1,1,1,1,1,1,1,2,2,2
SF,IH2103,2020-09-30 09:30:15.600,3208.2000,7130,0,30813660.000,2,1,1,多换,S,3208.0000,3205.8000,3205.0000,3203.0000,3200.0000,3210.2000,3210.4000,3211.0000,3211.8000,3212.0000,1,1,1,1,1,1,1,2,2,2
SF,IH2103,2020-09-30 09:30:16.100,3208.2000,7130,0,30813660.000,0,-,-,-,-,3208.2000,3208.0000,3205.8000,3205.0000,3203.0000,3210.2000,3210.4000,3211.0000,3211.8000,3212.0000,2,1,1,1,1,1,1,2,2,2
SF,IH2103,2020-09-30 09:30:16.600,3208.2000,7130,0,30813660.000,0,-,-,-,-,3209.8000,3208.2000,3208.0000,3205.8000,3205.0000,3210.2000,3210.4000,3211.0000,3211.8000,3212.0000,1,2,1,1,1,1,1,2,2,2
SF,IH2103,2020-09-30 09:30:17.100,3208.4000,7128,-2,32739000.000,2,0,2,双平,S,3208.2000,3208.0000,3205.8000,3205.0000,3203.0000,3210.4000,3211.0000,3211.8000,3212.0000,3212.8000,2,1,1,1,1,1,2,2,2,1
SF,IH2103,2020-09-30 09:30:17.600,3208.4000,7128,0,32739000.000,0,-,-,-,-,3208.2000,3208.0000,3205.8000,3205.0000,3203.0000,3210.2000,3210.4000,3211.0000,3211.8000,3212.0000,2,1,1,1,1,1,1,2,2,2
SF,IH2103,2020-09-30 09:30:18.600,3208.4000,7128,0,32739000.000,0,-,-,-,-,3208.2000,3208.0000,3205.8000,3205.0000,3203.0000,3210.2000,3210.4000,3211.0000,3211.8000,3212.0000,2,1,1,1,1,1,1,2,1,2
SF,IH2103,2020-09-30 09:30:19.100,3208.4000,7128,0,32739000.000,0,-,-,-,-,3208.4000,3208.2000,3208.0000,3205.8000,3205.0000,3210.2000,3210.4000,3211.0000,3211.8000,3212.0000,1,2,1,1,1,2,1,2,1,2
SF,IH2103,2020-09-30 09:30:19.600,3210.2000,7128,0,33702060.000,1,0,1,多换,S,3208.6000,3208.4000,3208.0000,3205.0000,3203.0000,3210.2000,3210.4000,3211.0000,3211.8000,3212.0000,4,1,1,1,1,1,1,2,1,2
SF,IH2103,2020-09-30 09:30:20.100,3210.2000,7128,0,33702060.000,0,-,-,-,-,3208.8000,3208.6000,3208.4000,3208.0000,3205.0000,3210.2000,3210.4000,3211.0000,3211.8000,3212.0000,1,4,1,1,1,1,1,2,1,2
SF,IH2103,2020-09-30 09:30:20.600,3210.2000,7128,0,33702060.000,0,-,-,-,-,3208.8000,3208.6000,3208.4000,3208.0000,3207.8000,3210.2000,3210.4000,3211.0000,3211.8000,3212.0000,1,4,1,1,1,1,1,2,1,2
SF,IH2103,2020-09-30 09:30:21.100,3210.2000,7128,0,33702060.000,0,-,-,-,-,3208.8000,3208.6000,3208.4000,3208.0000,3207.8000,3210.2000,3210.4000,3211.0000,3211.8000,3212.0000,1,4,1,1,1,1,1,2,1,2
SF,IH2103,2020-09-30 09:30:21.600,3210.2000,7128,0,33702060.000,0,-,-,-,-,3208.6000,3208.4000,3208.0000,3207.8000,3205.0000,3210.2000,3210.4000,3211.0000,3211.8000,3212.0000,2,1,1,1,1,1,1,2,1,2
SF,IH2103,2020-09-30 09:30:22.100,3208.6000,7127,-1,34664640.000,1,0,1,双平,S,3208.4000,3208.0000,3207.8000,3205.0000,3203.0000,3208.6000,3210.2000,3210.4000,3211.0000,3211.8000,1,1,1,1,1,1,1,1,2,1
SF,IH2103,2020-09-30 09:30:22.600,3208.6000,7126,-1,35627220.000,1,0,1,双平,S,3208.6000,3208.0000,3207.8000,3205.0000,3203.0000,3210.2000,3210.4000,3211.0000,3211.8000,3212.0000,2,1,1,1,1,1,1,2,1,2
SF,IH2103,2020-09-30 09:30:23.100,3208.6000,7126,0,35627220.000,0,-,-,-,-,3208.6000,3208.4000,3208.0000,3207.8000,3205.0000,3210.2000,3210.4000,3211.0000,3211.8000,3212.0000,1,1,1,1,1,1,1,2,1,2
SF,IH2103,2020-09-30 09:30:23.600,3208.6000,7126,0,35627220.000,0,-,-,-,-,3208.6000,3208.4000,3208.0000,3207.8000,3205.0000,3210.2000,3210.4000,3211.0000,3211.8000,3212.0000,1,1,1,1,1,1,1,2,1,2
SF,IH2103,2020-09-30 09:30:24.100,3208.6000,7126,0,35627220.000,0,-,-,-,-,3208.6000,3208.0000,3207.8000,3205.0000,3203.0000,3210.2000,3210.4000,3211.0000,3211.8000,3212.0000,1,1,1,1,1,1,1,2,1,2
SF,IH2103,2020-09-30 09:30:24.600,3208.6000,7126,0,35627220.000,0,-,-,-,-,3208.6000,3208.0000,3207.8000,3205.0000,3203.0000,3210.0000,3210.2000,3210.4000,3211.0000,3211.8000,1,1,1,1,1,1,1,1,2,1
SF,IH2103,2020-09-30 09:30:25.100,3209.8000,7125,-1,37552740.000,2,0,2,多平,S,3208.4000,3208.0000,3207.8000,3205.0000,3203.0000,3210.2000,3210.4000,3211.0000,3211.8000,3212.0000,1,1,1,1,1,1,1,2,1,2
SF,IH2103,2020-09-30 09:30:25.600,3208.0000,7123,-2,40440180.000,3,0,3,多平,S,3207.8000,3205.0000,3203.0000,3200.0000,3198.0000,3209.8000,3210.0000,3210.2000,3210.4000,3211.0000,1,1,1,1,1,1,3,1,1,2
SF,IH2103,2020-09-30 09:30:26.100,3207.8000,7122,-1,41402520.000,1,0,1,双平,S,3205.0000,3203.0000,3200.0000,3198.0000,3197.0000,3207.8000,3209.4000,3209.6000,3209.8000,3210.2000,1,1,1,1,2,1,2,1,1,1
SF,IH2103,2020-09-30 09:30:26.600,3207.8000,7122,0,41402520.000,0,-,-,-,-,3205.2000,3205.0000,3203.0000,3200.0000,3198.0000,3207.6000,3207.8000,3209.4000,3209.8000,3210.2000,3,1,1,1,1,1,1,2,1,1
SF,IH2103,2020-09-30 09:30:27.600,3207.6000,7121,-1,42364800.000,1,0,1,双平,S,3205.2000,3205.0000,3203.0000,3200.0000,3198.0000,3207.8000,3209.4000,3209.8000,3210.0000,3210.2000,3,1,1,1,1,1,2,1,1,1
SF,IH2103,2020-09-30 09:30:28.100,3207.6000,7121,0,42364800.000,0,-,-,-,-,3205.0000,3203.0000,3200.0000,3198.0000,3197.0000,3207.6000,3207.8000,3209.4000,3209.8000,3210.0000,1,1,1,1,2,1,1,2,1,1
SF,IH2103,2020-09-30 09:30:28.600,3207.6000,7121,0,42364800.000,0,-,-,-,-,3205.4000,3205.0000,3203.0000,3200.0000,3198.0000,3207.6000,3207.8000,3209.4000,3209.8000,3210.2000,1,1,1,1,1,1,1,2,2,1
SF,IH2103,2020-09-30 09:30:29.100,3207.6000,7121,0,42364800.000,0,-,-,-,-,3205.4000,3205.0000,3203.0000,3200.0000,3198.0000,3207.6000,3207.8000,3209.4000,3209.8000,3210.2000,1,1,1,1,1,1,1,2,2,1
SF,IH2103,2020-09-30 09:30:29.600,3205.4000,7121,0,43326420.000,1,0,1,多换,S,3205.0000,3203.0000,3200.0000,3198.0000,3197.0000,3207.6000,3207.8000,3209.4000,3209.6000,3209.8000,1,1,1,1,2,1,1,2,1,1
SF,IH2103,2020-09-30 09:30:30.100,3205.4000,7121,0,43326420.000,0,-,-,-,-,3205.2000,3205.0000,3203.0000,3200.0000,3198.0000,3207.6000,3207.8000,3209.4000,3209.6000,3209.8000,1,1,1,1,1,1,1,2,1,1
SF,IH2103,2020-09-30 09:30:33.100,3205.4000,7121,0,43326420.000,0,-,-,-,-,3205.2000,3205.0000,3203.0000,3200.0000,3198.0000,3207.6000,3207.8000,3209.4000,3209.6000,3209.8000,1,1,1,1,1,1,1,2,1,1
SF,IH2103,2020-09-30 09:30:33.600,3205.4000,7121,0,43326420.000,0,-,-,-,-,3205.2000,3205.0000,3203.0000,3200.0000,3198.0000,3207.6000,3207.8000,3209.4000,3209.6000,3209.8000,1,1,1,1,1,1,1,2,1,1
SF,IH2103,2020-09-30 09:30:35.600,3205.4000,7121,0,43326420.000,0,-,-,-,-,3205.2000,3205.0000,3203.0000,3200.0000,3198.0000,3207.6000,3207.8000,3209.4000,3209.6000,3209.8000,2,1,1,1,1,1,1,2,1,1
SF,IH2103,2020-09-30 09:30:36.100,3205.4000,7121,0,43326420.000,0,-,-,-,-,3205.4000,3205.2000,3205.0000,3203.0000,3200.0000,3207.6000,3207.8000,3209.4000,3209.6000,3209.8000,2,2,1,1,1,1,1,2,1,1
SF,IH2103,2020-09-30 09:30:36.600,3205.4000,7121,0,43326420.000,0,-,-,-,-,3205.6000,3205.4000,3205.2000,3205.0000,3203.0000,3207.6000,3207.8000,3209.4000,3209.6000,3209.8000,1,1,1,1,1,1,1,2,1,1
SF,IH2103,2020-09-30 09:30:37.600,3205.4000,7121,0,43326420.000,0,-,-,-,-,3205.8000,3205.6000,3205.4000,3205.0000,3203.0000,3207.6000,3207.8000,3209.4000,3209.6000,3209.8000,1,1,1,1,1,1,1,2,1,1
SF,IH2103,2020-09-30 09:30:38.100,3205.4000,7121,0,43326420.000,0,-,-,-,-,3205.8000,3205.6000,3205.4000,3205.0000,3203.0000,3207.6000,3207.8000,3209.4000,3209.6000,3209.8000,2,1,1,1,1,1,1,2,1,1
SF,IH2103,2020-09-30 09:30:38.600,3205.4000,7121,0,43326420.000,0,-,-,-,-,3205.8000,3205.6000,3205.0000,3203.0000,3200.0000,3207.6000,3207.8000,3209.4000,3209.6000,3209.8000,1,1,1,1,1,1,1,2,1,1
SF,IH2103,2020-09-30 09:30:39.100,3207.4000,7122,1,44288640.000,1,1,0,双开,S,3205.8000,3205.6000,3205.0000,3203.0000,3200.0000,3207.2000,3207.4000,3207.6000,3207.8000,3209.6000,1,1,1,1,1,1,1,1,1,1
SF,IH2103,2020-09-30 09:30:39.600,3207.4000,7122,0,44288640.000,0,-,-,-,-,3205.8000,3205.6000,3205.0000,3203.0000,3200.0000,3207.2000,3207.4000,3207.6000,3207.8000,3209.6000,1,1,1,1,1,1,1,1,1,1
SF,IH2103,2020-09-30 09:30:41.100,3207.4000,7122,0,44288640.000,0,-,-,-,-,3205.8000,3205.6000,3205.0000,3203.0000,3200.0000,3207.0000,3207.2000,3207.6000,3207.8000,3209.6000,1,1,1,1,1,1,1,1,1,1
SF,IH2103,2020-09-30 09:30:41.600,3207.4000,7122,0,44288640.000,0,-,-,-,-,3205.8000,3205.6000,3205.0000,3203.0000,3200.0000,3206.8000,3207.0000,3207.6000,3207.8000,3209.6000,1,1,1,1,1,1,1,1,1,1
SF,IH2103,2020-09-30 09:30:42.100,3207.4000,7122,0,44288640.000,0,-,-,-,-,3205.8000,3205.0000,3203.0000,3200.0000,3198.0000,3206.8000,3207.0000,3207.6000,3207.8000,3209.6000,1,1,1,1,1,1,1,1,1,1
SF,IH2103,2020-09-30 09:30:42.600,3205.8000,7121,-1,45250380.000,1,0,1,双平,S,3205.0000,3203.0000,3200.0000,3198.0000,3197.0000,3206.8000,3207.0000,3207.6000,3207.8000,3209.6000,1,1,1,1,2,1,1,1,1,1
SF,IH2103,2020-09-30 09:30:43.100,3205.0000,7121,0,46211880.000,1,0,1,多换,S,3203.0000,3200.0000,3198.0000,3197.0000,3195.0000,3205.0000,3206.6000,3206.8000,3207.8000,3209.6000,1,1,1,2,1,1,3,1,1,1
SF,IH2103,2020-09-30 09:30:43.600,3205.0000,7120,-1,47173380.000,1,0,1,双平,S,3203.4000,3203.2000,3203.0000,3200.0000,3198.0000,3206.6000,3206.8000,3209.6000,3210.2000,3210.4000,1,5,1,1,1,2,1,1,1,2
SF,IH2103,2020-09-30 09:30:44.100,3205.0000,7120,0,47173380.000,0,-,-,-,-,3203.6000,3203.4000,3203.2000,3203.0000,3200.0000,3206.4000,3206.6000,3209.6000,3210.2000,3210.4000,4,1,4,1,1,1,2,1,1,2
SF,IH2103,2020-09-30 09:30:45.100,3205.0000,7120,0,47173380.000,0,-,-,-,-,3203.6000,3203.4000,3203.2000,3203.0000,3200.0000,3206.4000,3206.6000,3209.6000,3210.2000,3210.4000,4,1,4,1,1,1,2,1,1,2
SF,IH2103,2020-09-30 09:30:46.100,3205.0000,7120,0,47173380.000,0,-,-,-,-,3203.8000,3203.6000,3203.4000,3203.2000,3203.0000,3206.4000,3206.6000,3209.6000,3210.2000,3210.4000,1,4,1,3,1,1,2,1,1,2
SF,IH2103,2020-09-30 09:30:46.600,3205.0000,7120,0,47173380.000,0,-,-,-,-,3204.0000,3203.8000,3203.6000,3203.4000,3203.2000,3206.4000,3206.6000,3209.6000,3210.2000,3210.4000,2,1,3,1,3,1,2,1,1,2
SF,IH2103,2020-09-30 09:30:47.600,3206.6000,7118,-2,50059260.000,3,0,3,多平,S,3204.6000,3204.2000,3204.0000,3203.8000,3203.6000,3209.6000,3210.2000,3210.4000,3211.0000,3211.8000,1,1,2,1,3,1,1,2,2,1
SF,IH2103,2020-09-30 09:30:48.100,3206.6000,7118,0,50059260.000,0,-,-,-,-,3205.0000,3204.8000,3204.2000,3204.0000,3203.8000,3209.0000,3209.4000,3210.2000,3210.4000,3211.0000,1,2,2,1,1,2,1,1,2,2
SF,IH2103,2020-09-30 09:30:48.600,3206.6000,7118,0,50059260.000,0,-,-,-,-,3205.2000,3204.8000,3204.2000,3204.0000,3203.6000,3208.6000,3209.0000,3209.4000,3210.2000,3210.4000,2,1,2,1,3,1,2,1,1,2
SF,IH2103,2020-09-30 09:30:49.100,3206.6000,7118,0,50059260.000,0,-,-,-,-,3205.4000,3205.2000,3204.8000,3204.2000,3204.0000,3208.6000,3209.0000,3209.4000,3210.2000,3210.4000,1,1,1,2,1,2,2,1,1,2
SF,IH2103,2020-09-30 09:30:49.600,3206.6000,7118,0,50059260.000,0,-,-,-,-,3205.6000,3205.4000,3204.8000,3204.2000,3204.0000,3208.6000,3209.0000,3209.4000,3210.2000,3210.4000,2,1,1,2,1,1,2,1,1,2
SF,IH2103,2020-09-30 09:30:50.100,3206.6000,7118,0,50059260.000,0,-,-,-,-,3205.6000,3205.4000,3204.2000,3204.0000,3203.4000,3208.6000,3209.0000,3209.4000,3210.2000,3210.4000,2,1,1,1,1,1,2,1,1,2
SF,IH2103,2020-09-30 09:30:51.100,3206.6000,7118,0,50059260.000,0,-,-,-,-,3206.0000,3205.6000,3205.4000,3204.2000,3204.0000,3208.6000,3209.0000,3209.4000,3210.2000,3210.4000,2,1,1,1,1,1,2,1,1,2
SF,IH2103,2020-09-30 09:30:51.600,3206.6000,7118,0,50059260.000,0,-,-,-,-,3206.2000,3206.0000,3205.4000,3205.0000,3204.2000,3208.6000,3209.0000,3209.4000,3210.2000,3210.4000,2,2,1,1,1,1,2,1,1,2
SF,IH2103,2020-09-30 09:30:52.100,3206.6000,7118,0,50059260.000,0,-,-,-,-,3206.4000,3206.2000,3206.0000,3205.4000,3205.0000,3208.6000,3209.0000,3209.4000,3210.2000,3210.4000,1,2,2,1,1,1,2,1,1,2
SF,IH2103,2020-09-30 09:30:52.600,3206.6000,7118,0,50059260.000,0,-,-,-,-,3207.0000,3206.6000,3206.4000,3206.2000,3206.0000,3208.6000,3209.0000,3209.4000,3210.2000,3210.4000,1,1,1,1,1,1,2,1,1,2
SF,IH2103,2020-09-30 09:30:53.100,3208.6000,7117,-1,51021840.000,1,0,1,双平,S,3208.6000,3207.0000,3206.6000,3206.4000,3206.2000,3209.0000,3209.4000,3210.2000,3210.4000,3211.0000,1,1,1,1,1,2,1,1,2,2
SF,IH2103,2020-09-30 09:30:53.600,3208.6000,7116,-1,51984420.000,1,0,1,双平,S,3207.0000,3206.6000,3206.4000,3206.2000,3206.0000,3208.6000,3209.0000,3209.4000,3210.2000,3210.4000,1,1,1,1,1,1,2,1,1,2
SF,IH2103,2020-09-30 09:30:54.100,3208.6000,7116,0,51984420.000,0,-,-,-,-,3207.0000,3206.6000,3206.2000,3206.0000,3205.4000,3208.6000,3209.0000,3210.2000,3210.4000,3211.0000,1,1,1,1,1,1,1,1,2,2
SF,IH2103,2020-09-30 09:30:56.600,3208.6000,7115,-1,52947000.000,1,0,1,双平,S,3206.6000,3206.2000,3206.0000,3205.4000,3205.0000,3209.0000,3210.2000,3210.4000,3211.0000,3211.8000,1,1,1,1,1,1,1,2,2,1
SF,IH2103,2020-09-30 09:31:00.600,3208.6000,7115,0,52947000.000,0,-,-,-,-,3206.6000,3206.2000,3206.0000,3205.4000,3205.0000,3209.0000,3210.2000,3210.4000,3211.0000,3211.8000,1,1,1,1,1,1,1,2,2,1
SF,IH2103,2020-09-30 09:31:01.100,3208.6000,7115,0,52947000.000,0,-,-,-,-,3206.8000,3206.6000,3206.2000,3206.0000,3205.4000,3208.8000,3209.0000,3210.0000,3210.2000,3210.4000,1,1,1,1,1,1,1,1,1,2
SF,IH2103,2020-09-30 09:31:01.600,3208.6000,7115,0,52947000.000,0,-,-,-,-,3207.0000,3206.2000,3206.0000,3205.4000,3205.0000,3208.8000,3209.0000,3210.0000,3210.2000,3210.4000,1,1,1,1,1,1,1,1,1,2
SF,IH2103,2020-09-30 09:31:02.100,3208.6000,7115,0,52947000.000,0,-,-,-,-,3207.0000,3206.0000,3205.4000,3205.0000,3204.2000,3208.4000,3208.8000,3209.0000,3210.0000,3210.2000,1,1,1,1,1,1,1,1,1,1
SF,IH2103,2020-09-30 09:31:02.600,3208.6000,7115,0,52947000.000,0,-,-,-,-,3207.0000,3206.0000,3205.4000,3205.0000,3204.2000,3208.2000,3208.4000,3209.0000,3210.0000,3210.2000,1,1,1,1,1,1,1,1,1,1
SF,IH2103,2020-09-30 09:31:03.100,3208.6000,7115,0,52947000.000,0,-,-,-,-,3205.4000,3205.0000,3204.2000,3203.4000,3203.0000,3208.2000,3208.4000,3209.0000,3210.0000,3210.2000,1,1,1,1,1,1,1,1,1,1
SF,IH2103,2020-09-30 09:31:03.600,3208.6000,7115,0,52947000.000,0,-,-,-,-,3208.0000,3206.0000,3205.6000,3205.0000,3204.2000,3208.2000,3208.4000,3209.0000,3210.0000,3210.2000,1,2,5,1,1,1,1,1,1,1
SF,IH2103,2020-09-30 09:31:04.100,3208.0000,7115,0,53909400.000,1,0,1,多换,S,3206.0000,3205.6000,3205.0000,3204.2000,3203.4000,3208.0000,3208.4000,3209.0000,3210.0000,3210.2000,1,3,1,1,1,2,1,1,1,1
SF,IH2103,2020-09-30 09:31:04.600,3208.0000,7114,-1,54871800.000,1,0,1,双平,S,3206.6000,3206.2000,3205.6000,3205.0000,3204.2000,3207.8000,3208.4000,3209.0000,3209.4000,3210.0000,1,3,1,1,1,1,1,1,1,1
SF,IH2103,2020-09-30 09:31:05.100,3207.8000,7113,-1,55834140.000,1,0,1,双平,S,3207.8000,3206.8000,3206.2000,3205.6000,3205.0000,3208.4000,3209.0000,3209.4000,3210.0000,3210.2000,2,1,3,1,1,1,1,1,1,1
SF,IH2103,2020-09-30 09:31:05.600,3207.8000,7112,-1,56796480.000,1,0,1,双平,S,3206.2000,3205.6000,3205.0000,3204.2000,3203.4000,3208.4000,3209.0000,3209.4000,3210.0000,3210.2000,3,1,1,1,1,1,1,1,1,1
SF,IH2103,2020-09-30 09:31:06.100,3207.8000,7112,0,56796480.000,0,-,-,-,-,3206.8000,3206.2000,3205.6000,3205.0000,3204.2000,3208.2000,3208.4000,3209.0000,3209.4000,3210.0000,1,3,1,1,1,1,1,1,1,1
SF,IH2103,2020-09-30 09:31:06.600,3207.8000,7112,0,56796480.000,0,-,-,-,-,3206.8000,3206.2000,3205.0000,3204.2000,3203.4000,3208.2000,3208.4000,3209.0000,3209.4000,3210.0000,1,3,1,1,1,1,1,1,1,1
SF,IH2103,2020-09-30 09:31:07.100,3207.8000,7112,0,56796480.000,0,-,-,-,-,3206.8000,3206.2000,3205.0000,3204.2000,3203.4000,3208.2000,3208.4000,3209.0000,3209.4000,3210.0000,1,3,1,1,1,1,1,1,1,1
SF,IH2103,2020-09-30 09:31:07.600,3207.8000,7112,0,56796480.000,0,-,-,-,-,3207.0000,3206.8000,3206.2000,3205.0000,3204.2000,3208.4000,3209.0000,3209.4000,3210.0000,3210.2000,1,1,2,1,1,1,1,1,1,1
SF,IH2103,2020-09-30 09:31:08.100,3207.8000,7112,0,56796480.000,0,-,-,-,-,3207.0000,3206.2000,3205.0000,3204.2000,3203.4000,3208.4000,3209.0000,3209.4000,3210.0000,3210.2000,1,2,1,1,1,1,1,1,1,1
SF,IH2103,2020-09-30 09:31:08.600,3207.8000,7112,0,56796480.000,0,-,-,-,-,3207.0000,3206.2000,3205.0000,3204.2000,3203.4000,3208.2000,3208.4000,3209.0000,3209.4000,3210.0000,1,2,1,1,1,1,1,1,1,1
SF,IH2103,2020-09-30 09:31:09.100,3207.8000,7112,0,56796480.000,0,-,-,-,-,3207.0000,3206.2000,3205.0000,3204.2000,3203.4000,3208.2000,3208.4000,3209.0000,3209.4000,3210.0000,1,2,1,1,1,1,1,1,1,1
SF,IH2103,2020-09-30 09:31:10.100,3207.8000,7112,0,56796480.000,0,-,-,-,-,3208.2000,3207.2000,3207.0000,3206.2000,3205.0000,3208.4000,3209.0000,3209.4000,3210.0000,3210.4000,1,1,1,2,1,1,1,1,1,1
SF,IH2103,2020-09-30 09:31:10.600,3208.4000,7110,-2,58721520.000,2,0,2,双平,S,3208.2000,3207.2000,3207.0000,3206.8000,3206.2000,3208.8000,3209.4000,3210.0000,3210.4000,3211.0000,1,1,1,1,2,1,1,1,1,2
SF,IH2103,2020-09-30 09:31:11.100,3208.8000,7109,-1,59684160.000,1,0,1,双平,S,3208.2000,3207.2000,3207.0000,3206.8000,3206.2000,3209.4000,3210.0000,3210.4000,3211.0000,3211.8000,1,1,1,1,2,1,1,2,2,1
SF,IH2103,2020-09-30 09:31:11.600,3208.8000,7109,0,59684160.000,0,-,-,-,-,3208.2000,3207.2000,3207.0000,3206.8000,3206.2000,3209.4000,3210.0000,3210.4000,3211.0000,3211.4000,1,1,1,1,2,1,1,2,2,1
SF,IH2103,2020-09-30 09:31:13.600,3209.4000,7109,0,60646980.000,1,0,1,多换,S,3208.2000,3208.0000,3207.2000,3207.0000,3206.8000,3210.0000,3210.4000,3211.0000,3211.4000,3211.8000,1,1,1,1,1,1,2,2,1,1
SF,IH2103,2020-09-30 09:31:14.100,3209.4000,7109,0,60646980.000,0,-,-,-,-,3208.4000,3208.2000,3208.0000,3207.2000,3207.0000,3209.2000,3209.8000,3210.0000,3210.4000,3211.0000,1,1,1,1,1,1,1,1,2,2
SF,IH2103,2020-09-30 09:31:14.600,3209.4000,7109,0,60646980.000,0,-,-,-,-,3208.2000,3208.0000,3207.2000,3207.0000,3206.8000,3209.2000,3209.8000,3210.0000,3210.4000,3211.0000,1,1,1,1,1,1,1,1,2,2
SF,IH2103,2020-09-30 09:31:15.600,3209.2000,7108,-1,61609740.000,1,0,1,双平,S,3208.2000,3208.0000,3207.2000,3207.0000,3206.8000,3209.8000,3210.0000,3210.4000,3211.0000,3211.4000,1,1,1,1,1,1,1,2,2,1
SF,IH2103,2020-09-30 09:31:16.100,3208.4000,7107,-1,62572260.000,1,0,1,双平,S,3208.2000,3208.0000,3207.2000,3206.8000,3206.2000,3209.8000,3210.0000,3210.4000,3211.0000,3211.4000,1,1,1,1,1,1,1,2,2,1
SF,IH2103,2020-09-30 09:31:16.600,3208.4000,7107,0,62572260.000,0,-,-,-,-,3208.2000,3208.0000,3207.2000,3206.8000,3206.2000,3209.6000,3209.8000,3210.0000,3210.4000,3211.0000,1,1,1,1,1,1,1,1,2,2
SF,IH2103,2020-09-30 09:31:17.100,3208.4000,7107,0,62572260.000,0,-,-,-,-,3208.2000,3208.0000,3207.2000,3206.8000,3206.2000,3209.4000,3209.6000,3210.0000,3210.4000,3211.0000,1,1,1,1,1,1,1,1,2,2
SF,IH2103,2020-09-30 09:31:18.600,3208.4000,7107,0,62572260.000,0,-,-,-,-,3208.2000,3208.0000,3207.2000,3206.8000,3206.2000,3209.4000,3210.0000,3210.4000,3211.0000,3211.4000,1,1,1,1,1,1,1,2,2,1
SF,IH2103,2020-09-30 09:31:20.100,3208.4000,7107,0,62572260.000,0,-,-,-,-,3208.2000,3208.0000,3207.2000,3206.8000,3206.2000,3209.2000,3209.4000,3210.0000,3210.4000,3211.0000,1,1,1,1,1,1,1,1,2,2
SF,IH2103,2020-09-30 09:31:20.600,3209.0000,7107,0,63534960.000,1,0,1,多换,S,3208.2000,3208.0000,3207.2000,3206.8000,3206.2000,3209.0000,3209.2000,3210.0000,3210.4000,3211.0000,1,1,1,1,1,1,1,1,2,2
SF,IH2103,2020-09-30 09:31:21.100,3209.0000,7107,0,63534960.000,0,-,-,-,-,3208.0000,3207.2000,3206.8000,3206.2000,3205.0000,3209.0000,3209.2000,3210.0000,3210.4000,3211.0000,1,1,1,1,1,1,1,1,2,2
SF,IH2103,2020-09-30 09:31:22.100,3208.0000,7107,0,64497360.000,1,0,1,多换,S,3206.8000,3206.2000,3205.0000,3204.2000,3203.4000,3208.0000,3208.8000,3209.0000,3209.2000,3210.0000,1,1,1,1,1,1,1,1,1,1
SF,IH2103,2020-09-30 09:31:22.600,3208.0000,7107,0,64497360.000,0,-,-,-,-,3206.8000,3206.2000,3205.0000,3204.2000,3203.4000,3207.8000,3208.0000,3208.8000,3209.2000,3210.0000,1,1,1,1,1,1,1,1,1,1
SF,IH2103,2020-09-30 09:31:23.100,3208.0000,7107,0,64497360.000,0,-,-,-,-,3206.2000,3205.0000,3204.2000,3203.4000,3203.0000,3207.8000,3208.0000,3208.8000,3209.2000,3210.0000,1,1,1,1,1,1,1,1,1,1
SF,IH2103,2020-09-30 09:31:23.600,3208.0000,7107,0,64497360.000,0,-,-,-,-,3205.0000,3204.2000,3203.4000,3203.0000,3200.0000,3207.8000,3208.0000,3208.8000,3209.2000,3210.0000,1,1,1,1,1,1,1,1,1,1
SF,IH2103,2020-09-30 09:31:24.100,3208.0000,7107,0,64497360.000,0,-,-,-,-,3205.6000,3205.2000,3205.0000,3204.2000,3203.4000,3207.8000,3208.0000,3209.2000,3210.0000,3210.4000,2,2,1,1,1,1,1,1,1,1
SF,IH2103,2020-09-30 09:31:24.600,3208.0000,7107,0,64497360.000,0,-,-,-,-,3206.2000,3205.8000,3205.6000,3205.0000,3203.4000,3207.8000,3208.0000,3209.2000,3209.6000,3210.0000,1,3,1,1,1,1,1,1,1,1
SF,IH2103,2020-09-30 09:31:25.100,3208.0000,7107,0,64497360.000,0,-,-,-,-,3206.6000,3205.8000,3205.0000,3203.4000,3203.0000,3207.8000,3208.0000,3209.2000,3209.6000,3210.0000,2,3,1,1,1,1,1,1,1,1
SF,IH2103,2020-09-30 09:31:25.600,3207.8000,7106,-1,65459700.000,1,0,1,双平,S,3205.8000,3205.0000,3203.4000,3203.0000,3200.0000,3208.0000,3209.2000,3209.6000,3210.0000,3210.4000,3,1,1,1,1,1,1,1,1,1
SF,IH2103,2020-09-30 09:31:26.100,3207.8000,7106,0,65459700.000,0,-,-,-,-,3206.4000,3206.2000,3205.8000,3205.0000,3203.4000,3207.8000,3208.0000,3209.2000,3209.6000,3210.0000,1,1,3,1,1,1,1,1,1,1
SF,IH2103,2020-09-30 09:31:26.600,3207.8000,7106,0,65459700.000,0,-,-,-,-,3206.2000,3205.8000,3205.0000,3203.4000,3203.0000,3207.6000,3207.8000,3208.0000,3209.2000,3209.6000,1,3,1,1,1,1,1,1,1,1
SF,IH2103,2020-09-30 09:31:27.100,3207.8000,7106,0,65459700.000,0,-,-,-,-,3205.8000,3205.0000,3203.4000,3203.0000,3200.0000,3207.4000,3207.6000,3208.0000,3209.2000,3209.6000,3,1,1,1,1,1,1,1,1,1
SF,IH2103,2020-09-30 09:31:27.600,3207.8000,7106,0,65459700.000,0,-,-,-,-,3206.0000,3205.8000,3205.0000,3203.4000,3203.0000,3207.4000,3207.6000,3208.0000,3209.2000,3209.6000,2,3,1,1,1,1,1,1,1,1
SF,IH2103,2020-09-30 09:31:28.100,3207.8000,7106,0,65459700.000,0,-,-,-,-,3206.0000,3205.8000,3205.0000,3203.4000,3203.0000,3207.4000,3207.6000,3208.0000,3209.2000,3209.6000,2,2,1,1,1,1,1,1,1,1
SF,IH2103,2020-09-30 09:31:29.600,3207.8000,7106,0,65459700.000,0,-,-,-,-,3206.0000,3205.8000,3205.0000,3203.4000,3203.0000,3207.4000,3208.0000,3209.2000,3209.6000,3210.0000,2,2,1,1,1,1,1,1,1,1
SF,IH2103,2020-09-30 09:31:31.100,3207.8000,7106,0,65459700.000,0,-,-,-,-,3206.0000,3205.8000,3205.0000,3203.4000,3203.0000,3207.4000,3208.0000,3209.0000,3209.2000,3209.6000,2,2,1,1,1,1,1,1,1,1
SF,IH2103,2020-09-30 09:31:32.600,3207.8000,7106,0,65459700.000,0,-,-,-,-,3206.2000,3206.0000,3205.8000,3205.0000,3203.4000,3207.4000,3208.0000,3209.0000,3209.2000,3209.6000,1,1,2,1,1,1,1,1,1,1
SF,IH2103,2020-09-30 09:31:33.600,3207.8000,7106,0,65459700.000,0,-,-,-,-,3206.0000,3205.8000,3205.0000,3203.4000,3203.0000,3207.4000,3208.0000,3209.0000,3209.2000,3209.6000,1,2,1,1,1,1,1,1,1,1
SF,IH2103,2020-09-30 09:31:34.600,3207.8000,7106,0,65459700.000,0,-,-,-,-,3206.2000,3206.0000,3205.8000,3205.0000,3203.4000,3207.4000,3208.0000,3209.0000,3209.2000,3209.6000,1,1,2,1,1,1,1,1,1,1
SF,IH2103,2020-09-30 09:31:35.600,3207.8000,7106,0,65459700.000,0,-,-,-,-,3206.0000,3205.8000,3205.0000,3203.4000,3203.0000,3207.4000,3208.0000,3209.0000,3209.2000,3209.6000,1,2,1,1,1,1,1,1,1,1
SF,IH2103,2020-09-30 09:31:36.600,3207.8000,7106,0,65459700.000,0,-,-,-,-,3205.8000,3205.0000,3203.4000,3203.0000,3200.0000,3207.4000,3208.0000,3209.0000,3209.2000,3209.6000,2,1,1,1,1,1,1,1,1,1
SF,IH2103,2020-09-30 09:31:37.100,3207.4000,7105,-1,66421920.000,1,0,1,双平,S,3205.8000,3205.0000,3203.4000,3203.0000,3200.0000,3208.0000,3209.0000,3209.2000,3209.6000,3210.0000,2,1,1,1,1,1,1,1,1,1
SF,IH2103,2020-09-30 09:31:37.600,3207.4000,7105,0,66421920.000,0,-,-,-,-,3205.8000,3205.0000,3203.4000,3203.0000,3200.0000,3207.8000,3208.0000,3209.0000,3209.2000,3209.6000,2,1,1,1,1,1,1,1,1,1
SF,IH2103,2020-09-30 09:31:38.100,3207.4000,7105,0,66421920.000,0,-,-,-,-,3205.8000,3205.0000,3203.4000,3203.0000,3200.0000,3207.8000,3208.0000,3209.0000,3209.2000,3209.6000,2,1,1,1,1,1,1,1,1,1
SF,IH2103,2020-09-30 09:31:38.600,3207.4000,7105,0,66421920.000,0,-,-,-,-,3205.8000,3205.0000,3203.4000,3203.0000,3200.0000,3207.6000,3207.8000,3208.0000,3209.0000,3209.2000,2,1,1,1,1,1,1,1,1,1
SF,IH2103,2020-09-30 09:31:39.100,3207.4000,7105,0,66421920.000,0,-,-,-,-,3205.8000,3205.0000,3203.4000,3203.0000,3200.0000,3207.4000,3207.6000,3208.0000,3209.0000,3209.2000,2,1,1,1,1,1,1,1,1,1
SF,IH2103,2020-09-30 09:31:39.600,3207.4000,7105,0,66421920.000,0,-,-,-,-,3205.8000,3205.0000,3203.4000,3203.0000,3200.0000,3207.6000,3208.0000,3209.0000,3209.2000,3209.6000,2,1,1,1,1,1,1,1,1,1
SF,IH2103,2020-09-30 09:31:43.100,3207.4000,7105,0,66421920.000,0,-,-,-,-,3205.8000,3205.0000,3203.4000,3203.0000,3200.0000,3207.4000,3207.6000,3208.0000,3209.0000,3209.2000,2,1,1,1,1,1,1,1,1,1
SF,IH2103,2020-09-30 09:31:43.600,3207.4000,7105,0,66421920.000,0,-,-,-,-,3205.8000,3205.0000,3203.4000,3203.0000,3200.0000,3207.4000,3208.0000,3209.0000,3209.2000,3209.6000,2,1,1,1,1,1,1,1,1,1
SF,IH2103,2020-09-30 09:31:44.600,3207.4000,7105,0,66421920.000,0,-,-,-,-,3205.8000,3205.0000,3203.4000,3203.0000,3200.0000,3207.4000,3208.0000,3209.0000,3209.2000,3209.6000,2,1,1,1,1,2,1,1,1,1
SF,IH2103,2020-09-30 09:31:45.600,3207.4000,7105,0,66421920.000,0,-,-,-,-,3205.8000,3205.0000,3203.4000,3203.0000,3200.0000,3207.4000,3208.0000,3209.0000,3209.2000,3209.6000,2,1,1,1,1,1,1,1,1,1
SF,IH2103,2020-09-30 09:31:46.600,3207.4000,7105,0,66421920.000,0,-,-,-,-,3205.8000,3205.0000,3203.4000,3203.0000,3200.0000,3207.4000,3208.0000,3209.0000,3209.2000,3209.6000,2,1,1,1,1,2,1,1,1,1
SF,IH2103,2020-09-30 09:31:47.600,3207.4000,7105,0,66421920.000,0,-,-,-,-,3205.8000,3205.0000,3203.4000,3203.0000,3200.0000,3207.4000,3208.0000,3209.0000,3209.2000,3209.6000,2,1,1,1,1,1,1,1,1,1
SF,IH2103,2020-09-30 09:31:48.100,3207.4000,7105,0,66421920.000,0,-,-,-,-,3205.8000,3205.0000,3203.4000,3203.0000,3200.0000,3207.4000,3208.0000,3209.0000,3209.2000,3209.6000,2,1,1,1,1,2,1,1,1,1
SF,IH2103,2020-09-30 09:31:48.600,3207.4000,7105,0,66421920.000,0,-,-,-,-,3205.8000,3205.0000,3203.4000,3203.0000,3200.0000,3207.4000,3208.0000,3209.0000,3209.2000,3209.6000,2,1,1,1,1,2,1,1,1,1
SF,IH2103,2020-09-30 09:31:49.100,3207.4000,7105,0,66421920.000,0,-,-,-,-,3205.8000,3205.0000,3203.4000,3203.0000,3200.0000,3207.4000,3208.0000,3209.0000,3209.2000,3209.6000,2,1,1,1,1,1,1,1,1,1
SF,IH2103,2020-09-30 09:31:49.600,3207.4000,7104,-1,67384140.000,1,0,1,双平,S,3205.8000,3205.0000,3203.4000,3203.0000,3200.0000,3207.4000,3208.0000,3209.0000,3209.2000,3209.6000,2,1,1,1,1,1,1,1,1,1
SF,IH2103,2020-09-30 09:31:50.100,3207.4000,7104,0,67384140.000,0,-,-,-,-,3205.8000,3205.0000,3203.4000,3203.0000,3200.0000,3207.0000,3207.4000,3208.0000,3209.0000,3209.2000,2,1,1,1,1,1,1,1,1,1
SF,IH2103,2020-09-30 09:31:50.600,3207.4000,7104,0,67384140.000,0,-,-,-,-,3205.8000,3205.0000,3203.4000,3203.0000,3200.0000,3207.0000,3208.0000,3209.0000,3209.2000,3210.0000,1,1,1,1,1,1,1,1,1,1
SF,IH2103,2020-09-30 09:31:51.100,3207.4000,7104,0,67384140.000,0,-,-,-,-,3205.8000,3205.0000,3203.4000,3203.0000,3200.0000,3207.0000,3207.4000,3208.0000,3209.0000,3209.2000,1,1,1,1,1,1,1,1,1,1
SF,IH2103,2020-09-30 09:31:52.100,3205.8000,7103,-1,68345880.000,1,0,1,双平,S,3205.0000,3203.4000,3203.0000,3200.0000,3198.0000,3207.0000,3207.4000,3208.0000,3209.0000,3209.2000,1,1,1,1,1,1,1,1,1,1
SF,IH2103,2020-09-30 09:31:52.600,3205.8000,7103,0,68345880.000,0,-,-,-,-,3205.2000,3205.0000,3203.4000,3203.0000,3200.0000,3206.8000,3207.0000,3207.4000,3208.0000,3209.0000,2,1,1,1,1,1,1,1,1,1
SF,IH2103,2020-09-30 09:31:53.100,3205.8000,7103,0,68345880.000,0,-,-,-,-,3205.2000,3205.0000,3203.4000,3203.0000,3200.0000,3205.8000,3206.8000,3207.0000,3208.0000,3209.0000,3,1,1,1,1,1,1,1,1,1
SF,IH2103,2020-09-30 09:31:53.600,3205.8000,7102,-1,69307620.000,1,0,1,双平,S,3206.0000,3205.8000,3205.4000,3205.2000,3205.0000,3206.8000,3207.0000,3208.0000,3209.0000,3209.2000,1,1,2,2,1,1,1,1,1,1
SF,IH2103,2020-09-30 09:31:54.100,3205.8000,7102,0,69307620.000,0,-,-,-,-,3206.0000,3205.8000,3205.2000,3205.0000,3204.2000,3206.8000,3207.0000,3208.0000,3209.0000,3209.2000,1,1,2,1,1,1,1,1,1,1
SF,IH2103,2020-09-30 09:31:56.100,3205.8000,7102,0,69307620.000,0,-,-,-,-,3205.8000,3205.2000,3205.0000,3204.2000,3203.4000,3206.8000,3207.0000,3208.0000,3209.0000,3209.2000,1,2,1,1,1,1,1,1,1,1
SF,IH2103,2020-09-30 09:31:56.600,3205.8000,7102,0,69307620.000,0,-,-,-,-,3205.8000,3205.2000,3205.0000,3204.2000,3203.4000,3207.0000,3208.0000,3209.0000,3209.2000,3210.0000,1,2,1,1,1,1,1,1,1,1
SF,IH2103,2020-09-30 09:31:57.100,3205.8000,7102,0,69307620.000,0,-,-,-,-,3205.8000,3205.2000,3205.0000,3204.2000,3203.4000,3207.0000,3208.0000,3209.0000,3209.2000,3210.0000,1,2,1,1,1,1,1,2,1,1
SF,IH2103,2020-09-30 09:31:57.600,3205.8000,7102,0,69307620.000,0,-,-,-,-,3205.2000,3205.0000,3204.2000,3203.4000,3203.0000,3207.0000,3208.0000,3209.0000,3209.2000,3210.0000,2,1,1,1,1,1,1,2,1,1
SF,IH2103,2020-09-30 09:31:58.100,3205.8000,7102,0,69307620.000,0,-,-,-,-,3205.4000,3205.2000,3205.0000,3204.2000,3203.4000,3206.8000,3207.0000,3208.0000,3209.0000,3209.2000,1,2,1,1,1,1,1,1,2,1
SF,IH2103,2020-09-30 09:31:58.600,3205.8000,7102,0,69307620.000,0,-,-,-,-,3205.4000,3205.2000,3205.0000,3204.2000,3203.4000,3206.6000,3206.8000,3207.0000,3208.0000,3209.0000,1,2,1,1,1,1,1,1,1,2
SF,IH2103,2020-09-30 09:31:59.100,3205.2000,7101,-1,71230740.000,2,0,2,多平,S,3205.0000,3204.2000,3203.4000,3203.2000,3203.0000,3206.4000,3206.6000,3207.0000,3208.0000,3209.0000,1,1,1,1,1,1,1,1,1,1
SF,IH2103,2020-09-30 09:31:59.600,3205.0000,7101,0,73154160.000,2,1,1,多换,S,3204.2000,3203.4000,3203.2000,3203.0000,3200.0000,3206.2000,3206.6000,3207.0000,3208.0000,3209.0000,1,1,1,1,1,2,1,1,1,1
SF,IH2103,2020-09-30 09:32:00.100,3205.0000,7101,0,73154160.000,0,-,-,-,-,3204.4000,3204.2000,3203.4000,3203.2000,3203.0000,3206.2000,3206.6000,3207.0000,3208.0000,3209.0000,2,1,1,1,1,2,1,1,1,1
SF,IH2103,2020-09-30 09:32:00.600,3205.0000,7101,0,73154160.000,0,-,-,-,-,3204.4000,3204.2000,3203.4000,3203.2000,3203.0000,3206.0000,3206.2000,3206.6000,3207.0000,3208.0000,2,1,1,1,1,2,2,1,1,1
SF,IH2103,2020-09-30 09:32:01.100,3205.0000,7101,0,73154160.000,0,-,-,-,-,3204.4000,3204.2000,3203.4000,3203.2000,3203.0000,3205.8000,3206.0000,3206.2000,3206.6000,3207.0000,2,1,1,1,1,1,1,1,1,1
SF,IH2103,2020-09-30 09:32:02.600,3205.8000,7101,0,74115900.000,1,0,1,多换,S,3204.4000,3204.2000,3203.4000,3203.2000,3203.0000,3206.0000,3206.2000,3207.0000,3208.0000,3209.0000,2,1,1,1,1,1,1,1,1,1
SF,IH2103,2020-09-30 09:32:03.100,3205.8000,7101,0,74115900.000,0,-,-,-,-,3204.4000,3204.2000,3203.4000,3203.2000,3203.0000,3206.0000,3207.0000,3208.0000,3209.0000,3209.2000,2,1,1,1,1,1,1,1,1,1
SF,IH2103,2020-09-30 09:32:04.100,3205.8000,7101,0,74115900.000,0,-,-,-,-,3204.4000,3204.2000,3203.4000,3203.2000,3203.0000,3205.8000,3206.0000,3207.0000,3208.0000,3209.0000,2,1,1,1,1,1,1,1,1,1
SF,IH2103,2020-09-30 09:32:05.600,3205.8000,7101,0,74115900.000,0,-,-,-,-,3204.4000,3204.2000,3203.4000,3203.2000,3203.0000,3205.8000,3206.0000,3208.0000,3209.0000,3210.4000,2,1,1,1,1,1,1,1,1,1
SF,IH2103,2020-09-30 09:32:08.100,3205.8000,7101,0,74115900.000,0,-,-,-,-,3204.6000,3204.4000,3204.2000,3203.4000,3203.2000,3205.8000,3206.0000,3208.0000,3210.4000,3210.6000,1,2,2,1,1,1,1,1,1,1
SF,IH2103,2020-09-30 09:32:08.600,3205.8000,7101,0,74115900.000,0,-,-,-,-,3204.8000,3204.4000,3204.2000,3203.4000,3203.2000,3205.8000,3206.0000,3208.0000,3210.4000,3210.6000,2,1,2,1,1,1,1,1,1,1
SF,IH2103,2020-09-30 09:32:09.100,3206.0000,7099,-2,76039440.000,2,0,2,双平,S,3205.0000,3204.8000,3204.4000,3204.2000,3203.4000,3207.6000,3208.0000,3210.4000,3210.6000,3211.0000,2,1,1,2,1,1,1,1,1,1
SF,IH2103,2020-09-30 09:32:09.600,3206.0000,7099,0,76039440.000,0,-,-,-,-,3205.2000,3205.0000,3204.2000,3203.4000,3203.2000,3207.2000,3207.4000,3207.6000,3208.0000,3209.2000,3,1,2,1,1,1,1,1,1,1
SF,IH2103,2020-09-30 09:32:10.100,3205.2000,7098,-1,77001000.000,1,0,1,双平,S,3205.2000,3204.2000,3203.4000,3203.2000,3203.0000,3207.0000,3207.2000,3207.6000,3208.0000,3209.2000,1,2,1,1,1,5,1,1,1,1
SF,IH2103,2020-09-30 09:32:13.100,3205.2000,7098,0,77001000.000,0,-,-,-,-,3205.2000,3204.2000,3203.4000,3203.2000,3203.0000,3206.8000,3207.0000,3207.2000,3207.6000,3208.0000,1,2,1,1,1,1,5,1,1,1
SF,IH2103,2020-09-30 09:32:13.600,3205.2000,7098,0,77001000.000,0,-,-,-,-,3205.2000,3204.2000,3203.4000,3203.2000,3203.0000,3207.0000,3207.2000,3207.6000,3208.0000,3210.4000,1,2,1,1,1,4,1,1,1,1
SF,IH2103,2020-09-30 09:32:14.600,3205.2000,7098,0,77001000.000,0,-,-,-,-,3205.2000,3204.2000,3203.4000,3203.2000,3203.0000,3207.0000,3207.6000,3208.0000,3210.4000,3210.6000,1,2,1,1,1,4,1,1,1,1
SF,IH2103,2020-09-30 09:32:15.600,3205.2000,7098,0,77001000.000,0,-,-,-,-,3205.2000,3204.2000,3203.4000,3203.2000,3203.0000,3207.0000,3207.6000,3208.0000,3210.4000,3210.6000,1,2,1,1,1,2,1,1,1,1
SF,IH2103,2020-09-30 09:32:17.600,3205.2000,7098,0,77001000.000,0,-,-,-,-,3205.4000,3205.2000,3204.2000,3203.4000,3203.2000,3207.0000,3207.6000,3208.0000,3210.4000,3210.6000,1,1,2,1,1,2,1,1,1,1
SF,IH2103,2020-09-30 09:32:18.100,3205.2000,7098,0,77001000.000,0,-,-,-,-,3205.6000,3205.4000,3204.2000,3203.4000,3203.2000,3207.6000,3208.0000,3210.4000,3210.6000,3211.0000,1,1,2,1,1,1,1,1,1,1
SF,IH2103,2020-09-30 09:32:18.600,3205.2000,7098,0,77001000.000,0,-,-,-,-,3205.6000,3205.4000,3204.2000,3203.4000,3203.0000,3207.4000,3207.6000,3208.0000,3210.4000,3210.6000,1,1,2,1,1,4,1,1,1,1
SF,IH2103,2020-09-30 09:32:19.100,3205.2000,7098,0,77001000.000,0,-,-,-,-,3205.6000,3205.4000,3204.2000,3203.4000,3203.0000,3207.4000,3207.6000,3208.0000,3210.4000,3210.6000,1,1,2,1,1,4,1,1,1,1
SF,IH2103,2020-09-30 09:32:21.100,3205.2000,7098,0,77001000.000,0,-,-,-,-,3205.8000,3205.6000,3204.2000,3203.4000,3203.0000,3207.4000,3207.6000,3208.0000,3210.4000,3210.6000,1,1,2,1,1,4,1,1,1,1
SF,IH2103,2020-09-30 09:32:21.600,3205.2000,7098,0,77001000.000,0,-,-,-,-,3206.0000,3205.8000,3204.2000,3203.4000,3203.0000,3207.6000,3208.0000,3210.4000,3210.6000,3211.0000,1,1,2,1,1,1,1,1,1,1
SF,IH2103,2020-09-30 09:32:22.600,3205.2000,7098,0,77001000.000,0,-,-,-,-,3206.2000,3206.0000,3204.2000,3203.4000,3203.0000,3207.6000,3208.0000,3210.4000,3210.6000,3211.0000,1,1,2,1,1,1,1,1,1,1
SF,IH2103,2020-09-30 09:32:23.100,3205.2000,7098,0,77001000.000,0,-,-,-,-,3206.4000,3206.2000,3204.2000,3203.4000,3203.0000,3207.6000,3208.0000,3210.4000,3210.6000,3211.0000,1,1,2,1,1,1,1,1,1,1
SF,IH2103,2020-09-30 09:32:24.600,3205.2000,7098,0,77001000.000,0,-,-,-,-,3206.4000,3206.2000,3204.2000,3203.4000,3203.0000,3207.4000,3207.6000,3208.0000,3210.4000,3210.6000,1,1,2,1,1,1,1,1,1,1
SF,IH2103,2020-09-30 09:32:25.100,3205.2000,7098,0,77001000.000,0,-,-,-,-,3206.4000,3206.2000,3204.2000,3203.4000,3203.0000,3207.2000,3207.4000,3207.6000,3208.0000,3209.4000,1,1,2,1,1,1,1,1,1,1
SF,IH2103,2020-09-30 09:32:25.600,3207.2000,7097,-1,77963160.000,1,0,1,双平,S,3206.4000,3204.2000,3203.4000,3203.0000,3200.0000,3207.4000,3207.6000,3208.0000,3209.4000,3210.4000,1,2,1,1,2,1,1,1,1,1
SF,IH2103,2020-09-30 09:32:26.100,3207.6000,7095,-2,79887660.000,2,0,2,双平,S,3206.4000,3204.2000,3203.4000,3203.0000,3200.0000,3208.0000,3209.4000,3210.4000,3210.6000,3211.0000,1,2,1,1,2,1,1,1,1,1
SF,IH2103,2020-09-30 09:32:28.600,3207.6000,7095,0,79887660.000,0,-,-,-,-,3206.4000,3204.2000,3203.4000,3203.0000,3200.0000,3209.4000,3210.4000,3210.6000,3211.0000,3211.8000,1,2,1,1,2,1,1,1,1,1
SF,IH2103,2020-09-30 09:32:29.100,3207.6000,7095,0,79887660.000,0,-,-,-,-,3206.6000,3206.4000,3204.2000,3203.4000,3203.0000,3208.4000,3209.2000,3209.4000,3210.4000,3210.6000,1,1,2,1,1,1,2,1,1,1
SF,IH2103,2020-09-30 09:32:29.600,3207.6000,7095,0,79887660.000,0,-,-,-,-,3206.8000,3206.6000,3204.2000,3203.4000,3203.0000,3208.2000,3208.4000,3209.2000,3209.4000,3210.4000,2,1,1,1,1,1,1,1,1,1
SF,IH2103,2020-09-30 09:32:30.100,3208.2000,7094,-1,80850120.000,1,0,1,双平,S,3208.4000,3207.0000,3206.8000,3204.2000,3203.4000,3209.2000,3209.4000,3210.4000,3210.6000,3211.0000,1,1,2,1,1,1,1,1,1,1
SF,IH2103,2020-09-30 09:32:30.600,3208.2000,7094,0,80850120.000,0,-,-,-,-,3207.0000,3206.8000,3204.2000,3203.4000,3203.0000,3208.4000,3209.2000,3209.4000,3210.4000,3210.6000,1,1,1,1,1,1,1,1,1,1
SF,IH2103,2020-09-30 09:32:31.100,3208.2000,7094,0,80850120.000,0,-,-,-,-,3207.2000,3207.0000,3204.2000,3203.4000,3203.0000,3208.4000,3209.2000,3209.4000,3210.4000,3210.6000,2,1,1,1,1,1,1,1,1,1
SF,IH2103,2020-09-30 09:32:31.600,3208.2000,7094,0,80850120.000,0,-,-,-,-,3207.2000,3204.2000,3203.4000,3203.0000,3200.0000,3209.2000,3209.4000,3210.4000,3210.6000,3211.0000,2,1,1,1,2,1,1,1,1,1
SF,IH2103,2020-09-30 09:32:32.100,3208.2000,7094,0,80850120.000,0,-,-,-,-,3207.4000,3207.2000,3204.2000,3203.4000,3203.0000,3209.2000,3209.4000,3210.4000,3210.6000,3210.8000,1,2,1,1,1,1,1,1,1,1
SF,IH2103,2020-09-30 09:32:32.600,3208.2000,7094,0,80850120.000,0,-,-,-,-,3207.6000,3207.4000,3207.2000,3204.2000,3203.4000,3209.4000,3210.4000,3210.6000,3210.8000,3211.0000,1,1,1,1,1,1,1,1,1,1
SF,IH2103,2020-09-30 09:32:33.100,3208.2000,7094,0,80850120.000,0,-,-,-,-,3207.8000,3207.6000,3207.2000,3204.2000,3203.4000,3209.4000,3210.4000,3210.6000,3210.8000,3211.0000,1,1,1,1,1,1,1,1,1,1
SF,IH2103,2020-09-30 09:32:33.600,3208.2000,7094,0,80850120.000,0,-,-,-,-,3208.0000,3207.8000,3207.2000,3204.2000,3203.4000,3209.4000,3210.4000,3210.6000,3210.8000,3211.0000,1,1,1,1,1,1,1,1,1,1
SF,IH2103,2020-09-30 09:32:34.100,3208.2000,7094,0,80850120.000,0,-,-,-,-,3208.2000,3208.0000,3207.8000,3204.2000,3203.4000,3209.4000,3210.4000,3210.6000,3210.8000,3211.0000,1,1,1,1,1,1,1,1,1,1
SF,IH2103,2020-09-30 09:32:34.600,3208.2000,7094,0,80850120.000,0,-,-,-,-,3208.4000,3208.2000,3207.8000,3204.2000,3203.4000,3209.4000,3210.4000,3210.6000,3210.8000,3211.0000,1,1,1,1,1,1,1,1,1,1
SF,IH2103,2020-09-30 09:32:35.100,3208.2000,7092,-2,82775100.000,2,0,2,双平,S,3207.8000,3204.2000,3203.4000,3203.0000,3200.0000,3209.4000,3210.4000,3210.6000,3210.8000,3211.0000,1,1,1,1,2,1,1,1,1,1
SF,IH2103,2020-09-30 09:32:35.600,3208.2000,7092,0,82775100.000,0,-,-,-,-,3207.8000,3204.2000,3203.4000,3203.0000,3200.0000,3209.2000,3209.4000,3210.4000,3210.6000,3210.8000,1,1,1,1,2,1,1,1,1,1
SF,IH2103,2020-09-30 09:32:36.100,3207.8000,7091,-1,83737440.000,1,0,1,双平,S,3204.2000,3203.4000,3203.0000,3200.0000,3198.0000,3209.0000,3209.2000,3209.4000,3210.4000,3210.6000,1,1,1,2,1,1,1,1,1,1
SF,IH2103,2020-09-30 09:32:36.600,3207.8000,7091,0,83737440.000,0,-,-,-,-,3204.8000,3204.4000,3204.2000,3203.4000,3203.0000,3208.8000,3209.0000,3209.4000,3210.4000,3210.6000,3,2,1,1,1,2,1,1,1,1
SF,IH2103,2020-09-30 09:32:37.100,3207.8000,7091,0,83737440.000,0,-,-,-,-,3205.4000,3205.0000,3204.8000,3204.4000,3204.2000,3208.4000,3208.8000,3209.0000,3209.4000,3210.4000,2,2,2,1,1,1,2,1,1,1
SF,IH2103,2020-09-30 09:32:37.600,3207.8000,7091,0,83737440.000,0,-,-,-,-,3206.0000,3205.8000,3205.6000,3205.4000,3205.0000,3208.2000,3209.4000,3210.4000,3210.6000,3211.0000,3,1,2,1,1,2,1,1,1,1
SF,IH2103,2020-09-30 09:32:38.100,3207.8000,7091,0,83737440.000,0,-,-,-,-,3206.6000,3206.2000,3206.0000,3205.8000,3205.6000,3208.2000,3209.4000,3210.4000,3210.6000,3211.0000,1,2,2,1,1,2,1,1,1,1
SF,IH2103,2020-09-30 09:32:38.600,3207.8000,7091,0,83737440.000,0,-,-,-,-,3207.0000,3206.8000,3206.2000,3205.8000,3205.6000,3208.2000,3209.4000,3210.4000,3210.6000,3211.0000,1,4,1,1,1,2,1,1,1,1
SF,IH2103,2020-09-30 09:32:39.100,3207.8000,7091,0,83737440.000,0,-,-,-,-,3208.2000,3207.2000,3207.0000,3206.8000,3206.2000,3209.4000,3210.4000,3210.6000,3211.0000,3211.8000,1,1,1,3,1,1,1,1,1,1
SF,IH2103,2020-09-30 09:32:39.600,3208.2000,7090,-1,84699900.000,1,0,1,双平,S,3207.2000,3207.0000,3206.8000,3206.2000,3205.8000,3208.2000,3209.2000,3209.4000,3210.4000,3210.6000,1,1,3,1,1,1,1,1,1,1
SF,IH2103,2020-09-30 09:32:40.100,3208.2000,7090,0,84699900.000,0,-,-,-,-,3207.2000,3207.0000,3206.8000,3206.2000,3205.8000,3208.2000,3209.2000,3209.4000,3209.8000,3210.4000,1,1,3,1,1,1,1,1,1,1
SF,IH2103,2020-09-30 09:32:43.600,3208.2000,7090,0,84699900.000,0,-,-,-,-,3208.2000,3207.2000,3207.0000,3206.8000,3206.2000,3209.2000,3209.4000,3209.8000,3210.4000,3210.6000,1,1,1,3,1,1,1,1,1,1
SF,IH2103,2020-09-30 09:32:44.100,3208.2000,7090,0,84699900.000,0,-,-,-,-,3208.2000,3207.2000,3207.0000,3206.8000,3206.2000,3209.2000,3209.4000,3209.8000,3210.4000,3210.6000,1,1,1,4,1,1,1,1,1,1
SF,IH2103,2020-09-30 09:32:44.600,3208.2000,7090,0,84699900.000,0,-,-,-,-,3208.4000,3208.2000,3207.2000,3207.0000,3206.8000,3209.2000,3209.4000,3209.8000,3210.4000,3210.6000,1,1,1,1,4,1,1,1,1,1
SF,IH2103,2020-09-30 09:32:45.100,3209.2000,7089,-1,85662660.000,1,0,1,双平,S,3208.4000,3208.2000,3207.2000,3207.0000,3206.8000,3209.4000,3209.8000,3210.4000,3210.6000,3210.8000,1,1,1,1,4,1,1,1,1,1
SF,IH2103,2020-09-30 09:32:45.600,3208.2000,7088,-1,86625120.000,1,0,1,双平,S,3207.2000,3207.0000,3206.8000,3206.2000,3205.8000,3209.4000,3209.8000,3210.4000,3210.6000,3210.8000,1,1,4,1,2,1,1,1,1,1
SF,IH2103,2020-09-30 09:32:46.100,3208.2000,7088,0,86625120.000,0,-,-,-,-,3207.6000,3207.4000,3207.2000,3206.8000,3206.2000,3209.2000,3209.4000,3209.8000,3210.4000,3210.6000,2,2,1,2,1,1,1,1,1,1
SF,IH2103,2020-09-30 09:32:46.600,3208.2000,7088,0,86625120.000,0,-,-,-,-,3207.8000,3207.6000,3207.4000,3206.8000,3206.2000,3209.2000,3209.4000,3209.8000,3210.4000,3210.6000,1,1,2,2,1,1,1,1,1,1
SF,IH2103,2020-09-30 09:32:47.100,3208.2000,7088,0,86625120.000,0,-,-,-,-,3207.8000,3207.4000,3206.8000,3206.2000,3205.8000,3208.4000,3209.2000,3209.4000,3209.8000,3210.4000,1,1,2,1,2,1,1,1,1,1
SF,IH2103,2020-09-30 09:32:47.600,3208.2000,7088,0,86625120.000,0,-,-,-,-,3207.8000,3206.8000,3206.2000,3205.8000,3205.4000,3209.4000,3209.8000,3210.4000,3210.6000,3211.0000,1,2,1,2,1,1,1,1,1,1
SF,IH2103,2020-09-30 09:32:48.100,3208.2000,7088,0,86625120.000,0,-,-,-,-,3207.8000,3206.8000,3206.2000,3205.8000,3205.4000,3209.4000,3209.8000,3210.4000,3210.6000,3211.0000,1,1,1,2,1,1,1,1,2,1
SF,IH2103,2020-09-30 09:32:48.600,3208.2000,7088,0,86625120.000,0,-,-,-,-,3207.8000,3206.8000,3206.2000,3205.8000,3205.4000,3209.4000,3209.8000,3210.4000,3210.6000,3211.0000,1,1,1,2,1,1,1,1,2,1
SF,IH2103,2020-09-30 09:32:49.100,3208.2000,7088,0,86625120.000,0,-,-,-,-,3207.8000,3206.8000,3206.2000,3205.8000,3205.4000,3209.0000,3209.4000,3209.8000,3210.4000,3210.6000,1,1,1,2,1,1,1,1,1,2
SF,IH2103,2020-09-30 09:32:49.600,3208.2000,7088,0,86625120.000,0,-,-,-,-,3208.0000,3207.8000,3206.8000,3206.2000,3205.8000,3209.0000,3209.4000,3209.8000,3210.4000,3210.6000,1,1,1,1,2,1,1,1,1,2
SF,IH2103,2020-09-30 09:32:50.100,3208.2000,7088,0,86625120.000,0,-,-,-,-,3208.2000,3208.0000,3206.8000,3206.2000,3205.8000,3209.0000,3209.4000,3209.8000,3210.4000,3210.6000,1,1,1,1,2,1,1,1,1,2
SF,IH2103,2020-09-30 09:32:50.600,3208.2000,7088,0,86625120.000,0,-,-,-,-,3208.2000,3208.0000,3206.8000,3206.2000,3205.8000,3209.0000,3209.4000,3209.8000,3210.4000,3210.6000,1,1,1,1,1,1,1,1,1,2
SF,IH2103,2020-09-30 09:32:51.100,3208.2000,7088,0,86625120.000,0,-,-,-,-,3208.2000,3206.8000,3206.2000,3205.8000,3205.4000,3209.0000,3209.4000,3209.8000,3210.4000,3210.6000,1,1,1,1,1,1,1,1,1,2
SF,IH2103,2020-09-30 09:32:54.600,3208.2000,7087,-1,87587580.000,1,0,1,双平,S,3206.8000,3206.2000,3205.8000,3205.4000,3205.0000,3209.0000,3209.4000,3209.8000,3210.4000,3210.6000,1,1,1,1,1,1,1,1,1,2
SF,IH2103,2020-09-30 09:32:55.100,3208.8000,7086,-1,88550220.000,1,0,1,双平,S,3207.4000,3207.2000,3207.0000,3206.8000,3206.2000,3209.0000,3209.4000,3209.8000,3210.4000,3210.6000,1,2,2,1,1,1,1,1,1,2
SF,IH2103,2020-09-30 09:32:55.600,3208.8000,7086,0,88550220.000,0,-,-,-,-,3207.6000,3207.4000,3207.2000,3207.0000,3206.8000,3208.2000,3209.0000,3209.4000,3209.8000,3210.4000,1,1,2,1,1,1,1,1,1,1
SF,IH2103,2020-09-30 09:32:56.100,3207.6000,7085,-1,89512500.000,1,0,1,双平,S,3207.2000,3206.8000,3206.2000,3205.8000,3205.6000,3208.2000,3209.0000,3209.4000,3209.8000,3210.4000,1,1,1,1,1,1,1,1,1,1
SF,IH2103,2020-09-30 09:32:56.600,3207.6000,7085,0,89512500.000,0,-,-,-,-,3206.8000,3206.2000,3205.8000,3205.6000,3205.4000,3207.2000,3208.2000,3208.4000,3209.0000,3209.4000,1,1,1,1,1,1,1,1,1,1
SF,IH2103,2020-09-30 09:32:57.100,3207.2000,7084,-1,90474660.000,1,0,1,双平,S,3205.8000,3205.6000,3205.4000,3205.0000,3204.2000,3208.2000,3209.0000,3209.4000,3209.8000,3210.4000,1,1,1,1,1,1,1,1,1,1
SF,IH2103,2020-09-30 09:32:57.600,3207.2000,7084,0,90474660.000,0,-,-,-,-,3206.2000,3206.0000,3205.8000,3205.6000,3205.4000,3208.0000,3208.2000,3208.4000,3209.0000,3209.4000,2,1,1,1,1,4,1,1,1,1
SF,IH2103,2020-09-30 09:32:58.100,3207.2000,7084,0,90474660.000,0,-,-,-,-,3206.2000,3206.0000,3205.6000,3205.0000,3204.8000,3207.8000,3208.0000,3208.2000,3208.4000,3209.0000,1,1,1,1,1,1,4,1,1,1
SF,IH2103,2020-09-30 09:32:58.600,3206.2000,7084,0,91436520.000,1,0,1,多换,S,3206.0000,3205.6000,3205.0000,3204.8000,3204.2000,3207.6000,3207.8000,3208.0000,3208.2000,3208.4000,1,1,1,1,1,1,1,2,1,1
SF,IH2103,2020-09-30 09:32:59.100,3206.0000,7083,-1,92398320.000,1,0,1,双平,S,3205.6000,3205.0000,3204.8000,3204.2000,3203.0000,3207.4000,3207.6000,3207.8000,3208.0000,3208.2000,1,1,1,1,1,1,1,1,2,1
SF,IH2103,2020-09-30 09:32:59.600,3205.6000,7082,-1,93360000.000,1,0,1,双平,S,3204.8000,3204.2000,3203.0000,3200.0000,3198.0000,3207.2000,3207.4000,3207.8000,3208.0000,3208.2000,1,1,1,2,1,2,1,1,1,1
SF,IH2103,2020-09-30 09:33:00.100,3205.6000,7082,0,93360000.000,0,-,-,-,-,3205.2000,3205.0000,3204.8000,3204.2000,3203.0000,3207.0000,3207.2000,3207.4000,3207.8000,3208.0000,1,1,1,1,2,1,2,1,1,1
SF,IH2103,2020-09-30 09:33:00.600,3205.6000,7082,0,93360000.000,0,-,-,-,-,3206.0000,3205.4000,3205.2000,3204.8000,3204.2000,3206.8000,3207.0000,3207.4000,3207.8000,3208.2000,1,2,1,1,1,1,1,1,1,1
SF,IH2103,2020-09-30 09:33:01.100,3206.0000,7082,0,94321800.000,1,0,1,多换,S,3205.4000,3205.2000,3204.8000,3204.2000,3203.0000,3206.8000,3207.8000,3208.2000,3208.4000,3209.0000,2,1,1,1,1,1,1,1,1,1
SF,IH2103,2020-09-30 09:33:01.600,3206.8000,7081,-1,95283840.000,1,0,1,双平,S,3205.8000,3205.6000,3205.4000,3204.8000,3204.2000,3207.8000,3208.2000,3208.4000,3209.0000,3209.8000,2,1,2,1,1,1,1,1,1,1
SF,IH2103,2020-09-30 09:33:02.100,3206.8000,7081,0,95283840.000,0,-,-,-,-,3206.0000,3205.8000,3205.6000,3204.8000,3204.2000,3207.6000,3208.2000,3208.4000,3209.0000,3209.8000,2,2,1,1,1,2,1,1,1,1
SF,IH2103,2020-09-30 09:33:02.600,3206.8000,7081,0,95283840.000,0,-,-,-,-,3206.0000,3205.8000,3205.6000,3204.8000,3204.2000,3207.6000,3208.2000,3208.4000,3209.0000,3209.8000,1,1,1,1,1,1,1,1,1,1
SF,IH2103,2020-09-30 09:33:03.100,3206.8000,7081,0,95283840.000,0,-,-,-,-,3206.0000,3204.8000,3204.2000,3203.0000,3200.0000,3207.4000,3207.6000,3208.2000,3208.4000,3209.0000,1,1,1,1,2,1,1,1,1,1
SF,IH2103,2020-09-30 09:33:03.600,3206.8000,7081,0,95283840.000,0,-,-,-,-,3206.0000,3204.8000,3204.2000,3203.0000,3200.0000,3207.2000,3207.4000,3208.2000,3208.4000,3209.0000,1,1,1,1,2,1,1,1,1,1
SF,IH2103,2020-09-30 09:33:04.100,3206.8000,7081,0,95283840.000,0,-,-,-,-,3204.8000,3204.2000,3203.0000,3200.0000,3198.0000,3207.2000,3208.2000,3208.4000,3209.0000,3209.8000,1,1,1,2,1,1,1,1,1,1
SF,IH2103,2020-09-30 09:33:04.600,3206.8000,7081,0,95283840.000,0,-,-,-,-,3205.0000,3204.8000,3204.2000,3203.4000,3203.0000,3207.2000,3208.2000,3208.4000,3209.0000,3209.8000,5,1,1,1,1,1,1,1,1,1
SF,IH2103,2020-09-30 09:33:05.100,3207.2000,7080,-1,96246000.000,1,0,1,双平,S,3205.0000,3204.8000,3204.2000,3203.4000,3203.0000,3207.0000,3208.2000,3208.4000,3209.0000,3209.2000,5,1,1,1,1,1,1,1,1,1
SF,IH2103,2020-09-30 09:33:05.600,3207.0000,7079,-1,97208100.000,1,0,1,双平,S,3205.2000,3205.0000,3204.8000,3204.2000,3203.4000,3207.0000,3208.2000,3208.4000,3209.0000,3209.2000,1,5,1,1,1,1,1,1,1,1
SF,IH2103,2020-09-30 09:33:06.100,3207.0000,7079,0,98170200.000,1,0,1,多换,S,3205.8000,3205.4000,3205.2000,3205.0000,3204.8000,3208.2000,3208.4000,3209.0000,3209.2000,3209.8000,2,3,1,1,1,1,1,1,1,1
SF,IH2103,2020-09-30 09:33:06.600,3207.0000,7079,0,98170200.000,0,-,-,-,-,3206.0000,3205.8000,3205.4000,3205.0000,3204.8000,3208.2000,3209.0000,3209.2000,3209.8000,3210.4000,3,2,1,1,1,1,1,1,1,1
SF,IH2103,2020-09-30 09:33:07.100,3207.0000,7079,0,98170200.000,0,-,-,-,-,3206.4000,3206.0000,3205.4000,3205.0000,3204.8000,3208.2000,3208.4000,3209.0000,3209.2000,3209.8000,2,3,1,1,1,1,1,1,1,1
SF,IH2103,2020-09-30 09:33:07.600,3207.0000,7079,0,98170200.000,0,-,-,-,-,3206.6000,3206.4000,3206.0000,3205.4000,3205.0000,3208.2000,3209.0000,3209.2000,3209.8000,3210.4000,2,2,1,1,1,1,1,1,1,1
SF,IH2103,2020-09-30 09:33:08.100,3207.0000,7079,0,98170200.000,0,-,-,-,-,3206.6000,3205.4000,3205.0000,3204.8000,3204.2000,3208.2000,3208.4000,3209.0000,3209.2000,3209.8000,2,1,1,1,1,1,1,1,1,1
SF,IH2103,2020-09-30 09:33:08.600,3207.0000,7079,0,98170200.000,0,-,-,-,-,3206.6000,3205.4000,3204.8000,3204.2000,3203.0000,3208.0000,3208.2000,3208.4000,3209.0000,3209.2000,2,1,1,1,1,1,1,1,1,1
SF,IH2103,2020-09-30 09:33:09.100,3207.0000,7079,0,98170200.000,0,-,-,-,-,3206.6000,3204.8000,3204.2000,3203.0000,3200.0000,3208.0000,3208.2000,3208.4000,3209.0000,3209.2000,2,1,1,1,2,1,1,1,1,1
SF,IH2103,2020-09-30 09:33:09.600,3207.0000,7079,0,98170200.000,0,-,-,-,-,3206.6000,3204.8000,3204.2000,3203.0000,3200.0000,3207.8000,3208.0000,3208.2000,3208.4000,3209.0000,2,1,1,1,2,1,1,1,1,1
SF,IH2103,2020-09-30 09:33:10.100,3207.0000,7079,0,98170200.000,0,-,-,-,-,3206.6000,3206.0000,3204.8000,3204.2000,3203.0000,3207.8000,3208.0000,3208.2000,3208.4000,3209.0000,1,1,1,1,1,1,1,1,1,1
SF,IH2103,2020-09-30 09:33:10.600,3207.0000,7079,0,98170200.000,0,-,-,-,-,3206.6000,3206.0000,3204.8000,3204.2000,3203.0000,3208.0000,3208.2000,3208.4000,3209.0000,3209.2000,1,1,1,1,1,1,1,1,1,1
SF,IH2103,2020-09-30 09:33:11.100,3207.0000,7079,0,98170200.000,0,-,-,-,-,3206.6000,3206.0000,3204.8000,3204.2000,3203.0000,3208.2000,3208.4000,3209.0000,3209.2000,3209.8000,1,1,1,1,1,1,1,1,1,1
SF,IH2103,2020-09-30 09:33:15.600,3207.0000,7079,0,98170200.000,0,-,-,-,-,3206.6000,3204.8000,3204.2000,3203.0000,3200.0000,3208.2000,3208.4000,3209.0000,3209.2000,3209.8000,1,1,1,1,2,1,1,1,1,1
SF,IH2103,2020-09-30 09:33:16.100,3207.0000,7079,0,98170200.000,0,-,-,-,-,3206.6000,3204.8000,3204.2000,3203.0000,3200.0000,3208.0000,3208.2000,3208.4000,3209.0000,3209.2000,1,1,1,1,2,1,1,1,1,1
SF,IH2103,2020-09-30 09:33:17.100,3206.6000,7078,-1,99132180.000,1,0,1,双平,S,3204.8000,3204.2000,3203.0000,3200.0000,3198.0000,3208.0000,3208.2000,3208.4000,3209.0000,3209.2000,1,1,1,2,1,1,1,1,1,1
SF,IH2103,2020-09-30 09:33:17.600,3206.6000,7078,0,99132180.000,0,-,-,-,-,3205.4000,3205.2000,3205.0000,3204.8000,3204.2000,3207.8000,3208.2000,3208.4000,3209.0000,3209.2000,1,2,2,1,1,1,1,1,1,1
SF,IH2103,2020-09-30 09:33:18.100,3206.6000,7078,0,99132180.000,0,-,-,-,-,3205.6000,3205.4000,3204.8000,3204.2000,3203.0000,3207.6000,3207.8000,3208.2000,3208.4000,3209.0000,3,1,1,1,1,1,1,1,1,1
SF,IH2103,2020-09-30 09:33:18.600,3206.6000,7078,0,99132180.000,0,-,-,-,-,3205.6000,3205.4000,3204.8000,3204.2000,3203.0000,3207.4000,3207.6000,3207.8000,3208.2000,3208.4000,2,1,1,1,1,1,1,1,1,1
SF,IH2103,2020-09-30 09:33:19.100,3206.6000,7078,0,99132180.000,0,-,-,-,-,3205.6000,3205.4000,3204.8000,3204.2000,3203.0000,3207.2000,3207.4000,3207.6000,3208.2000,3208.4000,2,1,1,1,1,2,1,1,1,1
SF,IH2103,2020-09-30 09:33:20.100,3206.6000,7078,0,99132180.000,0,-,-,-,-,3205.6000,3205.4000,3204.8000,3204.2000,3203.0000,3207.2000,3207.6000,3208.2000,3208.4000,3209.0000,2,1,1,1,1,2,1,1,1,1
SF,IH2103,2020-09-30 09:33:20.600,3206.6000,7078,0,99132180.000,0,-,-,-,-,3205.6000,3204.8000,3204.2000,3203.0000,3200.0000,3207.2000,3207.6000,3208.2000,3208.4000,3209.0000,2,1,1,1,2,2,1,1,1,1
SF,IH2103,2020-09-30 09:33:23.600,3206.6000,7078,0,99132180.000,0,-,-,-,-,3205.6000,3204.8000,3204.2000,3203.0000,3200.0000,3207.0000,3207.2000,3207.6000,3208.2000,3208.4000,2,1,1,1,2,1,2,1,1,1
SF,IH2103,2020-09-30 09:33:24.100,3206.6000,7078,0,99132180.000,0,-,-,-,-,3204.8000,3204.2000,3203.0000,3200.0000,3198.0000,3206.8000,3207.0000,3207.2000,3208.2000,3208.4000,1,1,1,2,1,2,1,1,1,1
SF,IH2103,2020-09-30 09:33:24.600,3206.6000,7078,0,99132180.000,0,-,-,-,-,3205.0000,3204.8000,3204.2000,3203.2000,3203.0000,3206.6000,3206.8000,3207.2000,3208.2000,3208.4000,1,1,1,1,1,5,2,1,1,1
SF,IH2103,2020-09-30 09:33:25.100,3206.6000,7078,0,99132180.000,0,-,-,-,-,3205.2000,3205.0000,3204.8000,3204.2000,3203.2000,3206.4000,3206.6000,3206.8000,3207.2000,3208.2000,2,1,1,1,1,1,4,1,1,1
SF,IH2103,2020-09-30 09:33:25.600,3206.6000,7078,0,99132180.000,0,-,-,-,-,3205.4000,3205.2000,3204.8000,3204.2000,3203.2000,3206.6000,3206.8000,3207.2000,3208.2000,3208.4000,1,2,1,1,1,1,1,1,1,1
SF,IH2103,2020-09-30 09:33:26.100,3206.6000,7078,0,99132180.000,0,-,-,-,-,3205.4000,3205.2000,3204.8000,3204.2000,3203.2000,3205.8000,3207.2000,3208.2000,3208.4000,3208.8000,1,2,1,1,1,3,1,1,1,1
SF,IH2103,2020-09-30 09:33:26.600,3205.8000,7076,-2,101055660.000,2,0,2,双平,S,3205.8000,3205.4000,3205.2000,3204.8000,3204.2000,3207.2000,3208.2000,3208.4000,3208.8000,3209.0000,1,1,2,1,1,1,1,1,1,1
SF,IH2103,2020-09-30 09:33:27.100,3205.8000,7076,0,101055660.000,0,-,-,-,-,3206.6000,3205.4000,3205.2000,3204.8000,3204.2000,3206.8000,3207.0000,3207.2000,3208.2000,3208.4000,1,1,2,1,1,1,1,1,1,1
SF,IH2103,2020-09-30 09:33:27.600,3206.6000,7075,-1,102017640.000,1,0,1,双平,S,3205.4000,3205.2000,3204.8000,3204.2000,3203.0000,3207.0000,3207.2000,3208.2000,3208.4000,3208.8000,1,2,1,1,1,1,1,1,1,1
SF,IH2103,2020-09-30 09:33:28.100,3206.6000,7075,0,102017640.000,0,-,-,-,-,3205.6000,3205.4000,3204.8000,3204.2000,3203.6000,3207.0000,3207.2000,3208.2000,3208.4000,3208.8000,2,1,1,1,1,1,1,1,1,1
SF,IH2103,2020-09-30 09:33:29.100,3206.6000,7075,0,102017640.000,0,-,-,-,-,3205.6000,3205.4000,3204.8000,3204.2000,3203.6000,3206.8000,3207.0000,3207.2000,3208.2000,3208.4000,2,1,1,1,1,1,1,1,1,1
SF,IH2103,2020-09-30 09:33:31.100,3206.6000,7075,0,102017640.000,0,-,-,-,-,3205.6000,3205.4000,3204.8000,3204.2000,3203.6000,3207.0000,3207.2000,3208.2000,3208.4000,3208.8000,2,1,1,1,1,1,1,1,1,1
SF,IH2103,2020-09-30 09:33:31.600,3206.6000,7075,0,102017640.000,0,-,-,-,-,3205.4000,3204.8000,3204.2000,3203.6000,3203.0000,3207.0000,3207.2000,3208.2000,3208.4000,3208.8000,1,1,1,1,1,1,1,1,1,1
SF,IH2103,2020-09-30 09:33:32.100,3206.6000,7075,0,102017640.000,0,-,-,-,-,3205.4000,3204.8000,3204.2000,3203.6000,3203.0000,3205.6000,3207.0000,3207.2000,3208.2000,3208.4000,1,1,1,1,1,1,1,1,1,1
SF,IH2103,2020-09-30 09:33:32.600,3205.8000,7074,-1,102979380.000,1,0,1,双平,S,3205.4000,3204.8000,3204.2000,3203.6000,3203.0000,3206.8000,3207.0000,3207.2000,3208.2000,3208.4000,1,1,1,1,1,1,1,1,1,1
SF,IH2103,2020-09-30 09:33:33.600,3205.8000,7074,0,102979380.000,0,-,-,-,-,3205.4000,3204.8000,3204.2000,3203.6000,3203.0000,3206.6000,3207.0000,3207.2000,3208.2000,3208.4000,1,1,1,1,1,1,1,1,1,1
SF,IH2103,2020-09-30 09:33:34.600,3206.6000,7073,-1,103941360.000,1,0,1,双平,S,3205.4000,3204.8000,3204.2000,3203.6000,3203.0000,3207.0000,3207.2000,3208.2000,3208.4000,3208.8000,1,1,1,1,1,1,1,1,1,1
SF,IH2103,2020-09-30 09:33:35.100,3206.6000,7073,0,103941360.000,0,-,-,-,-,3205.6000,3205.4000,3204.8000,3204.2000,3203.6000,3207.0000,3207.2000,3208.2000,3208.4000,3208.8000,3,1,1,1,1,1,1,1,1,1
SF,IH2103,2020-09-30 09:33:35.600,3207.0000,7072,-1,104903460.000,1,0,1,双平,S,3207.0000,3205.8000,3205.6000,3204.8000,3204.2000,3207.2000,3208.2000,3208.4000,3208.8000,3209.0000,1,1,3,1,1,1,1,1,1,1
SF,IH2103,2020-09-30 09:33:36.100,3207.2000,7070,-2,106827720.000,2,0,2,双平,S,3205.8000,3205.6000,3204.8000,3204.2000,3203.0000,3208.2000,3208.4000,3208.8000,3209.0000,3209.2000,1,3,1,1,1,1,1,1,1,1
SF,IH2103,2020-09-30 09:33:36.600,3207.2000,7070,0,106827720.000,0,-,-,-,-,3206.0000,3205.8000,3205.6000,3204.8000,3204.2000,3208.0000,3208.2000,3208.4000,3208.8000,3209.0000,2,1,1,1,1,2,1,1,1,1
SF,IH2103,2020-09-30 09:33:37.100,3207.2000,7070,0,106827720.000,0,-,-,-,-,3206.2000,3206.0000,3205.6000,3204.8000,3204.2000,3207.6000,3207.8000,3208.0000,3208.2000,3208.4000,2,2,1,1,1,1,1,2,1,1
SF,IH2103,2020-09-30 09:33:37.600,3207.2000,7070,0,106827720.000,0,-,-,-,-,3206.4000,3206.2000,3206.0000,3205.6000,3204.8000,3207.6000,3208.0000,3208.2000,3208.4000,3208.8000,1,2,2,1,1,1,1,1,1,1
SF,IH2103,2020-09-30 09:33:38.100,3207.2000,7070,0,106827720.000,0,-,-,-,-,3206.6000,3206.4000,3206.0000,3205.6000,3204.8000,3208.0000,3208.2000,3208.4000,3208.8000,3209.0000,1,1,2,1,1,1,1,1,1,1
SF,IH2103,2020-09-30 09:33:39.100,3207.2000,7070,0,106827720.000,0,-,-,-,-,3206.6000,3206.4000,3206.0000,3204.8000,3204.2000,3208.0000,3208.2000,3208.4000,3208.8000,3209.0000,1,1,2,1,1,1,1,1,1,1
SF,IH2103,2020-09-30 09:33:39.600,3207.2000,7070,0,106827720.000,0,-,-,-,-,3206.6000,3206.0000,3204.8000,3204.2000,3203.0000,3208.0000,3208.2000,3208.4000,3208.8000,3209.0000,1,2,1,1,1,1,1,1,1,1
SF,IH2103,2020-09-30 09:33:41.600,3208.0000,7069,-1,107790120.000,1,0,1,双平,S,3206.6000,3206.0000,3204.8000,3204.2000,3203.0000,3208.2000,3208.4000,3208.8000,3209.0000,3209.2000,1,2,1,1,1,1,1,1,1,1
SF,IH2103,2020-09-30 09:33:42.100,3208.0000,7069,0,107790120.000,0,-,-,-,-,3206.8000,3206.6000,3206.0000,3204.8000,3204.2000,3208.2000,3208.8000,3209.0000,3209.2000,3209.8000,1,1,2,1,1,1,1,1,1,1
SF,IH2103,2020-09-30 09:33:42.600,3208.0000,7069,0,107790120.000,0,-,-,-,-,3207.0000,3206.8000,3206.0000,3204.8000,3204.2000,3208.2000,3208.8000,3209.0000,3209.2000,3209.8000,1,1,2,1,1,1,1,1,1,1
SF,IH2103,2020-09-30 09:33:43.100,3208.0000,7069,0,107790120.000,0,-,-,-,-,3207.0000,3206.0000,3204.8000,3204.2000,3203.0000,3208.2000,3208.4000,3208.8000,3209.0000,3209.2000,1,2,1,1,1,1,1,1,1,1
SF,IH2103,2020-09-30 09:33:43.600,3208.0000,7069,0,107790120.000,0,-,-,-,-,3207.0000,3206.0000,3204.8000,3204.2000,3203.0000,3208.0000,3208.2000,3208.4000,3208.8000,3209.0000,1,2,1,1,1,1,1,1,1,1
SF,IH2103,2020-09-30 09:33:45.100,3208.0000,7069,0,107790120.000,0,-,-,-,-,3207.0000,3206.0000,3204.8000,3204.2000,3203.0000,3208.2000,3208.4000,3208.8000,3209.0000,3209.2000,1,2,1,1,1,1,1,1,1,1
SF,IH2103,2020-09-30 09:33:45.600,3208.0000,7069,0,107790120.000,0,-,-,-,-,3207.0000,3206.0000,3204.8000,3204.2000,3203.0000,3208.2000,3208.8000,3209.0000,3209.2000,3209.8000,1,2,1,1,1,1,1,1,1,1
SF,IH2103,2020-09-30 09:33:46.600,3208.0000,7069,0,107790120.000,0,-,-,-,-,3207.0000,3206.0000,3204.8000,3204.2000,3203.0000,3208.2000,3208.4000,3208.8000,3209.0000,3209.2000,1,2,1,1,1,1,1,1,1,1
SF,IH2103,2020-09-30 09:33:47.600,3208.0000,7069,0,107790120.000,0,-,-,-,-,3207.0000,3206.0000,3204.8000,3204.2000,3203.0000,3208.2000,3208.4000,3208.8000,3209.0000,3209.2000,1,2,1,1,1,1,1,1,1,1
SF,IH2103,2020-09-30 09:33:49.600,3208.0000,7069,0,107790120.000,0,-,-,-,-,3207.0000,3206.0000,3204.8000,3204.2000,3203.0000,3208.2000,3208.4000,3208.8000,3209.0000,3209.2000,1,1,1,1,1,1,1,1,1,1
SF,IH2103,2020-09-30 09:33:50.100,3208.0000,7069,0,107790120.000,0,-,-,-,-,3207.0000,3206.0000,3204.8000,3204.2000,3203.0000,3208.0000,3208.2000,3208.4000,3208.8000,3209.0000,1,1,1,1,1,2,1,1,1,1
SF,IH2103,2020-09-30 09:33:50.600,3208.0000,7069,0,107790120.000,0,-,-,-,-,3207.0000,3204.8000,3204.2000,3203.0000,3200.0000,3207.8000,3208.0000,3208.2000,3208.4000,3208.8000,1,1,1,1,2,1,2,1,1,1
SF,IH2103,2020-09-30 09:33:51.100,3207.0000,7068,-1,108752220.000,1,0,1,双平,S,3204.8000,3204.2000,3203.0000,3200.0000,3198.0000,3207.8000,3208.0000,3208.2000,3208.4000,3208.8000,1,1,1,2,1,1,2,1,1,1
SF,IH2103,2020-09-30 09:33:51.600,3207.0000,7068,0,108752220.000,0,-,-,-,-,3205.4000,3205.0000,3204.8000,3204.2000,3203.0000,3207.6000,3207.8000,3208.0000,3208.2000,3208.4000,2,3,1,1,1,2,1,2,1,1
SF,IH2103,2020-09-30 09:33:52.100,3207.0000,7068,0,108752220.000,0,-,-,-,-,3206.0000,3205.8000,3205.6000,3205.4000,3205.0000,3207.6000,3208.2000,3208.4000,3208.8000,3209.0000,1,1,3,2,1,2,1,1,1,1
SF,IH2103,2020-09-30 09:33:52.600,3207.0000,7068,0,108752220.000,0,-,-,-,-,3206.2000,3206.0000,3205.8000,3205.6000,3205.4000,3207.6000,3208.2000,3208.4000,3208.8000,3209.0000,1,1,1,2,1,2,1,1,1,1
SF,IH2103,2020-09-30 09:33:53.100,3207.0000,7068,0,108752220.000,0,-,-,-,-,3206.4000,3206.2000,3205.8000,3205.6000,3205.0000,3207.6000,3208.2000,3208.4000,3208.8000,3209.0000,2,1,1,2,1,2,1,1,1,1
SF,IH2103,2020-09-30 09:33:53.600,3207.0000,7068,0,108752220.000,0,-,-,-,-,3206.6000,3206.4000,3205.8000,3205.6000,3205.0000,3207.6000,3208.2000,3208.4000,3208.8000,3209.0000,1,2,1,1,1,1,1,1,1,1
SF,IH2103,2020-09-30 09:33:54.100,3207.0000,7068,0,108752220.000,0,-,-,-,-,3205.6000,3205.0000,3204.8000,3204.2000,3203.0000,3207.6000,3208.2000,3208.4000,3208.8000,3209.0000,1,1,1,1,1,1,1,1,1,1
SF,IH2103,2020-09-30 09:33:54.600,3207.0000,7068,0,108752220.000,0,-,-,-,-,3205.8000,3205.6000,3205.0000,3204.8000,3204.2000,3207.4000,3207.6000,3208.2000,3208.4000,3208.8000,1,1,1,1,1,2,1,1,1,1
SF,IH2103,2020-09-30 09:33:55.100,3207.0000,7068,0,108752220.000,0,-,-,-,-,3205.8000,3205.6000,3205.0000,3204.8000,3204.2000,3207.4000,3207.6000,3208.2000,3208.4000,3208.8000,1,1,1,1,1,1,1,1,1,1
SF,IH2103,2020-09-30 09:33:55.600,3207.0000,7068,0,108752220.000,0,-,-,-,-,3205.8000,3205.6000,3205.0000,3204.8000,3204.2000,3207.2000,3207.4000,3207.6000,3208.2000,3208.4000,1,1,1,1,1,1,1,1,1,1
SF,IH2103,2020-09-30 09:33:56.100,3205.8000,7067,-1,109713960.000,1,0,1,双平,S,3205.6000,3205.0000,3204.8000,3204.2000,3203.0000,3207.4000,3207.6000,3208.2000,3208.4000,3208.8000,1,1,1,1,1,1,1,1,1,1
SF,IH2103,2020-09-30 09:33:56.600,3205.8000,7067,0,109713960.000,0,-,-,-,-,3205.6000,3205.0000,3204.8000,3204.2000,3203.0000,3207.0000,3207.4000,3208.2000,3208.4000,3208.8000,1,1,1,1,1,1,1,1,1,1
SF,IH2103,2020-09-30 09:33:57.100,3205.8000,7067,0,109713960.000,0,-,-,-,-,3205.6000,3205.0000,3204.8000,3204.2000,3203.0000,3206.8000,3207.0000,3208.2000,3208.4000,3208.8000,1,1,1,1,1,1,1,1,1,1
SF,IH2103,2020-09-30 09:33:57.600,3205.8000,7067,0,109713960.000,0,-,-,-,-,3205.0000,3204.8000,3204.2000,3203.0000,3200.0000,3206.8000,3207.0000,3208.2000,3208.4000,3208.8000,1,1,1,1,2,1,1,1,1,1
SF,IH2103,2020-09-30 09:33:58.100,3205.8000,7067,0,109713960.000,0,-,-,-,-,3205.6000,3205.4000,3205.2000,3205.0000,3204.8000,3206.8000,3207.0000,3208.2000,3208.4000,3208.8000,1,1,3,1,1,1,1,1,1,1
SF,IH2103,2020-09-30 09:33:59.100,3205.8000,7067,0,109713960.000,0,-,-,-,-,3205.6000,3205.4000,3205.2000,3205.0000,3204.8000,3206.4000,3206.8000,3208.2000,3208.4000,3208.8000,1,1,3,1,1,1,1,1,1,1
SF,IH2103,2020-09-30 09:33:59.600,3206.4000,7066,-1,110675880.000,1,0,1,双平,S,3206.4000,3205.6000,3205.4000,3205.2000,3205.0000,3206.8000,3208.2000,3208.4000,3208.8000,3209.2000,1,1,1,2,1,1,1,1,1,1
SF,IH2103,2020-09-30 09:34:00.100,3206.4000,7066,0,110675880.000,0,-,-,-,-,3205.6000,3205.4000,3205.2000,3205.0000,3204.8000,3206.8000,3208.2000,3208.4000,3208.8000,3209.2000,1,1,1,1,1,1,1,1,1,1
SF,IH2103,2020-09-30 09:34:00.600,3206.4000,7066,0,110675880.000,0,-,-,-,-,3205.8000,3205.6000,3205.2000,3205.0000,3204.8000,3206.8000,3208.2000,3208.4000,3208.8000,3209.2000,2,1,1,1,1,1,1,1,1,1
SF,IH2103,2020-09-30 09:34:01.100,3206.8000,7065,-1,111637920.000,1,0,1,双平,S,3206.0000,3205.8000,3205.2000,3205.0000,3204.8000,3208.2000,3208.4000,3208.8000,3209.2000,3209.8000,1,2,1,1,1,1,1,1,1,1
SF,IH2103,2020-09-30 09:34:01.600,3206.8000,7065,0,111637920.000,0,-,-,-,-,3206.2000,3206.0000,3205.8000,3205.0000,3204.8000,3208.0000,3208.2000,3208.4000,3208.8000,3209.2000,2,1,2,1,1,3,1,1,1,1
SF,IH2103,2020-09-30 09:34:02.100,3206.8000,7065,0,111637920.000,0,-,-,-,-,3206.4000,3206.2000,3206.0000,3205.8000,3205.0000,3208.0000,3208.2000,3208.4000,3208.8000,3209.2000,1,2,1,1,1,2,1,1,1,1
SF,IH2103,2020-09-30 09:34:03.100,3206.8000,7065,0,111637920.000,0,-,-,-,-,3206.6000,3206.4000,3206.2000,3205.0000,3204.8000,3208.0000,3208.2000,3208.4000,3208.8000,3209.2000,3,1,2,1,1,1,1,1,1,1
SF,IH2103,2020-09-30 09:34:03.600,3206.8000,7065,0,111637920.000,0,-,-,-,-,3206.8000,3206.6000,3206.4000,3206.2000,3205.0000,3208.2000,3208.8000,3209.2000,3209.8000,3210.4000,2,3,1,1,1,1,1,1,1,1
SF,IH2103,2020-09-30 09:34:04.100,3206.8000,7065,0,111637920.000,0,-,-,-,-,3207.0000,3206.8000,3206.6000,3206.4000,3206.2000,3208.2000,3208.8000,3209.2000,3209.8000,3210.4000,1,2,2,1,1,1,1,1,1,1
SF,IH2103,2020-09-30 09:34:04.600,3206.8000,7065,0,111637920.000,0,-,-,-,-,3207.2000,3207.0000,3206.8000,3206.6000,3206.4000,3208.2000,3208.8000,3209.2000,3209.8000,3210.4000,1,1,1,2,1,1,1,1,1,1
SF,IH2103,2020-09-30 09:34:05.100,3206.8000,7065,0,111637920.000,0,-,-,-,-,3207.2000,3207.0000,3206.6000,3206.4000,3206.2000,3208.2000,3208.8000,3209.2000,3209.8000,3210.4000,1,1,1,1,1,1,1,1,1,1
SF,IH2103,2020-09-30 09:34:06.600,3207.0000,7063,-2,113562180.000,2,0,2,双平,S,3206.6000,3206.4000,3206.2000,3205.0000,3204.2000,3208.2000,3208.8000,3209.2000,3209.8000,3210.4000,1,1,1,1,1,1,1,1,1,1
SF,IH2103,2020-09-30 09:34:07.100,3207.0000,7063,0,113562180.000,0,-,-,-,-,3206.2000,3205.0000,3204.2000,3203.0000,3200.0000,3207.2000,3208.0000,3208.2000,3208.4000,3208.8000,1,1,1,1,2,2,2,1,1,1
SF,IH2103,2020-09-30 09:34:07.600,3207.0000,7063,0,113562180.000,0,-,-,-,-,3205.0000,3204.2000,3203.0000,3200.0000,3198.0000,3207.0000,3207.2000,3208.0000,3208.2000,3208.4000,1,1,1,2,1,1,2,1,1,2
SF,IH2103,2020-09-30 09:34:08.100,3207.0000,7063,0,113562180.000,0,-,-,-,-,3205.6000,3205.4000,3205.2000,3205.0000,3204.2000,3207.0000,3207.2000,3208.0000,3208.2000,3208.4000,1,1,3,1,1,1,2,1,1,2
SF,IH2103,2020-09-30 09:34:14.100,3207.0000,7063,0,113562180.000,0,-,-,-,-,3205.6000,3205.4000,3205.2000,3205.0000,3204.2000,3207.0000,3207.2000,3208.0000,3208.2000,3208.4000,1,1,3,1,1,1,2,1,1,2
SF,IH2103,2020-09-30 09:34:16.100,3207.0000,7063,0,113562180.000,0,-,-,-,-,3205.6000,3205.4000,3205.2000,3205.0000,3204.2000,3207.0000,3207.2000,3208.0000,3208.2000,3208.4000,1,1,3,1,1,1,2,1,1,2
SF,IH2103,2020-09-30 09:34:16.600,3207.0000,7063,0,113562180.000,0,-,-,-,-,3205.6000,3205.4000,3205.2000,3205.0000,3204.2000,3207.0000,3207.2000,3208.2000,3208.4000,3208.6000,1,1,3,1,1,1,2,1,2,1
SF,IH2103,2020-09-30 09:34:17.100,3205.8000,7064,1,114523920.000,1,1,0,双开,S,3205.6000,3205.4000,3205.2000,3205.0000,3204.2000,3207.0000,3207.2000,3208.2000,3208.4000,3208.6000,1,1,3,1,1,1,2,1,2,1
SF,IH2103,2020-09-30 09:34:17.600,3205.8000,7064,0,114523920.000,0,-,-,-,-,3205.6000,3205.4000,3205.2000,3205.0000,3204.2000,3207.0000,3207.2000,3208.2000,3208.4000,3208.6000,1,1,3,1,1,1,2,1,2,1
SF,IH2103,2020-09-30 09:34:19.100,3207.0000,7063,-1,115486020.000,1,0,1,双平,S,3205.6000,3205.4000,3205.2000,3205.0000,3204.2000,3208.2000,3208.4000,3208.6000,3208.8000,3209.8000,1,1,3,1,1,1,2,1,1,1
SF,IH2103,2020-09-30 09:34:19.600,3207.0000,7063,0,115486020.000,0,-,-,-,-,3205.8000,3205.6000,3205.4000,3205.2000,3205.0000,3208.0000,3208.2000,3208.4000,3208.6000,3208.8000,3,1,1,1,1,1,1,2,1,1
SF,IH2103,2020-09-30 09:34:20.100,3207.0000,7063,0,115486020.000,0,-,-,-,-,3206.2000,3205.8000,3205.0000,3204.2000,3203.0000,3208.0000,3208.2000,3208.4000,3208.6000,3208.8000,1,3,1,1,1,1,1,2,1,1
SF,IH2103,2020-09-30 09:34:20.600,3207.0000,7063,0,115486020.000,0,-,-,-,-,3206.4000,3206.2000,3205.8000,3205.0000,3204.2000,3207.8000,3208.0000,3208.2000,3208.4000,3208.6000,2,1,1,1,1,1,1,1,2,1
SF,IH2103,2020-09-30 09:34:21.100,3207.0000,7063,0,115486020.000,0,-,-,-,-,3206.4000,3206.2000,3205.8000,3205.0000,3204.2000,3207.6000,3207.8000,3208.2000,3208.4000,3208.6000,2,1,1,1,1,1,1,1,2,1
SF,IH2103,2020-09-30 09:34:21.600,3207.0000,7063,0,115486020.000,0,-,-,-,-,3206.4000,3206.2000,3205.8000,3205.0000,3204.2000,3207.6000,3207.8000,3208.2000,3208.4000,3208.6000,1,1,1,1,1,1,1,1,2,1
SF,IH2103,2020-09-30 09:34:22.100,3207.0000,7063,0,115486020.000,0,-,-,-,-,3206.4000,3206.2000,3205.8000,3205.0000,3204.2000,3207.6000,3207.8000,3208.2000,3208.4000,3208.6000,1,1,1,1,1,1,1,1,2,1
SF,IH2103,2020-09-30 09:34:23.600,3207.0000,7063,0,115486020.000,0,-,-,-,-,3206.4000,3206.2000,3205.8000,3205.0000,3204.2000,3207.6000,3208.2000,3208.4000,3208.6000,3208.8000,1,1,1,1,1,1,1,2,1,1
SF,IH2103,2020-09-30 09:34:24.100,3207.0000,7063,0,115486020.000,0,-,-,-,-,3206.6000,3206.4000,3205.8000,3205.0000,3204.2000,3207.6000,3208.2000,3208.4000,3208.6000,3208.8000,1,1,1,1,1,1,1,1,1,1
SF,IH2103,2020-09-30 09:34:24.600,3207.6000,7062,-1,116448300.000,1,0,1,双平,S,3206.6000,3206.4000,3205.8000,3205.0000,3204.2000,3208.2000,3208.4000,3208.6000,3208.8000,3209.8000,1,1,1,1,1,1,1,1,1,2
SF,IH2103,2020-09-30 09:34:25.100,3207.6000,7062,0,116448300.000,0,-,-,-,-,3206.8000,3206.6000,3205.8000,3205.0000,3204.2000,3208.2000,3208.4000,3208.6000,3208.8000,3209.8000,1,1,1,1,1,1,1,1,1,2
SF,IH2103,2020-09-30 09:34:27.600,3208.2000,7062,0,117410760.000,1,0,1,多换,S,3208.2000,3206.8000,3206.6000,3205.8000,3205.0000,3208.6000,3208.8000,3209.8000,3210.4000,3210.6000,1,1,1,1,1,1,1,2,1,1
SF,IH2103,2020-09-30 09:34:28.100,3208.8000,7060,-2,119335980.000,2,0,2,双平,S,3208.2000,3206.8000,3206.6000,3205.8000,3205.0000,3209.8000,3210.4000,3211.0000,3211.8000,3212.2000,1,1,1,1,1,2,1,1,1,1
SF,IH2103,2020-09-30 09:34:28.600,3208.8000,7060,0,119335980.000,0,-,-,-,-,3208.4000,3208.2000,3206.6000,3205.8000,3205.0000,3209.8000,3210.4000,3210.8000,3211.0000,3211.8000,1,1,1,1,1,2,1,1,1,1
SF,IH2103,2020-09-30 09:34:32.100,3208.4000,7059,-1,120298500.000,1,0,1,双平,S,3206.6000,3205.8000,3205.0000,3204.2000,3203.0000,3209.8000,3210.4000,3210.8000,3211.0000,3211.8000,1,1,1,1,1,2,1,1,1,1
SF,IH2103,2020-09-30 09:34:32.600,3208.4000,7059,0,120298500.000,0,-,-,-,-,3207.2000,3207.0000,3206.8000,3206.6000,3205.8000,3209.6000,3209.8000,3210.4000,3210.8000,3211.0000,1,1,2,1,1,1,2,1,1,1
SF,IH2103,2020-09-30 09:34:33.100,3208.4000,7059,0,120298500.000,0,-,-,-,-,3207.4000,3207.2000,3206.6000,3205.8000,3205.0000,3209.4000,3209.6000,3209.8000,3210.4000,3210.8000,1,1,1,1,1,1,1,2,1,1
SF,IH2103,2020-09-30 09:34:33.600,3208.4000,7059,0,120298500.000,0,-,-,-,-,3207.6000,3207.4000,3207.2000,3206.6000,3205.8000,3209.8000,3210.4000,3210.8000,3211.0000,3211.8000,2,1,1,1,1,2,1,1,1,1
SF,IH2103,2020-09-30 09:34:34.100,3208.4000,7059,0,120298500.000,0,-,-,-,-,3207.8000,3207.6000,3207.2000,3206.6000,3205.8000,3209.6000,3209.8000,3210.4000,3210.8000,3211.0000,1,1,1,1,1,2,2,1,1,1
SF,IH2103,2020-09-30 09:34:34.600,3208.4000,7059,0,120298500.000,0,-,-,-,-,3207.8000,3207.2000,3206.6000,3205.8000,3205.0000,3209.6000,3209.8000,3210.4000,3210.8000,3211.0000,1,1,1,1,1,2,2,1,1,1
SF,IH2103,2020-09-30 09:34:35.100,3208.4000,7059,0,120298500.000,0,-,-,-,-,3208.0000,3207.8000,3207.2000,3206.6000,3205.8000,3209.6000,3209.8000,3210.4000,3210.8000,3211.0000,1,1,1,1,1,1,2,1,1,1
SF,IH2103,2020-09-30 09:34:36.600,3208.4000,7059,0,120298500.000,0,-,-,-,-,3208.0000,3207.8000,3206.6000,3205.8000,3205.0000,3209.6000,3209.8000,3210.4000,3210.8000,3211.0000,1,1,1,1,1,1,2,1,1,1
SF,IH2103,2020-09-30 09:34:37.100,3208.0000,7058,-1,121260900.000,1,0,1,双平,S,3207.8000,3206.6000,3205.8000,3205.0000,3204.2000,3209.4000,3209.6000,3209.8000,3210.4000,3210.8000,1,1,1,1,1,1,1,2,1,1
SF,IH2103,2020-09-30 09:34:37.600,3208.0000,7058,0,121260900.000,0,-,-,-,-,3207.8000,3206.6000,3205.8000,3205.0000,3204.2000,3209.4000,3209.8000,3210.4000,3210.8000,3211.0000,1,1,1,1,1,1,2,1,1,1
SF,IH2103,2020-09-30 09:34:38.100,3208.0000,7058,0,121260900.000,0,-,-,-,-,3207.8000,3206.6000,3205.8000,3205.0000,3204.2000,3209.2000,3209.4000,3209.8000,3210.4000,3210.8000,1,1,1,1,1,1,1,2,1,1
SF,IH2103,2020-09-30 09:34:40.100,3207.8000,7057,-1,122223240.000,1,0,1,双平,S,3206.6000,3205.8000,3205.0000,3204.2000,3203.0000,3209.2000,3209.4000,3209.8000,3210.4000,3210.8000,1,1,1,1,1,1,1,2,1,1
SF,IH2103,2020-09-30 09:34:40.600,3207.8000,7057,0,122223240.000,0,-,-,-,-,3206.8000,3206.6000,3205.8000,3205.0000,3204.2000,3209.0000,3209.2000,3209.4000,3209.8000,3210.4000,1,1,1,1,1,1,1,1,2,1
SF,IH2103,2020-09-30 09:34:41.100,3207.8000,7057,0,122223240.000,0,-,-,-,-,3207.2000,3205.8000,3205.0000,3204.2000,3203.0000,3209.0000,3209.4000,3209.8000,3210.4000,3210.8000,1,1,1,1,1,1,1,2,1,1
SF,IH2103,2020-09-30 09:34:41.600,3207.8000,7057,0,122223240.000,0,-,-,-,-,3205.8000,3205.0000,3204.2000,3203.0000,3200.0000,3208.8000,3209.0000,3209.4000,3209.8000,3210.4000,1,1,1,1,2,1,1,1,2,1
SF,IH2103,2020-09-30 09:34:42.100,3207.8000,7057,0,122223240.000,0,-,-,-,-,3206.4000,3206.0000,3205.8000,3205.0000,3204.2000,3208.6000,3208.8000,3209.8000,3210.4000,3210.8000,2,1,1,1,1,1,1,2,1,1
SF,IH2103,2020-09-30 09:34:42.600,3207.8000,7057,0,122223240.000,0,-,-,-,-,3206.6000,3206.4000,3205.8000,3204.2000,3203.0000,3208.6000,3209.8000,3210.4000,3210.8000,3211.0000,1,2,1,1,1,1,2,1,1,1
SF,IH2103,2020-09-30 09:34:43.100,3207.8000,7057,0,122223240.000,0,-,-,-,-,3207.0000,3206.8000,3206.6000,3206.4000,3205.8000,3208.4000,3208.6000,3209.8000,3210.4000,3210.8000,1,1,1,1,1,1,1,2,1,1
SF,IH2103,2020-09-30 09:34:43.600,3207.8000,7057,0,122223240.000,0,-,-,-,-,3207.0000,3206.8000,3206.6000,3205.8000,3204.2000,3208.4000,3208.6000,3209.8000,3210.4000,3211.0000,1,1,1,1,1,1,1,2,1,1
SF,IH2103,2020-09-30 09:34:47.100,3207.8000,7057,0,122223240.000,0,-,-,-,-,3206.8000,3205.8000,3204.2000,3203.0000,3200.0000,3208.4000,3208.6000,3209.8000,3210.4000,3211.0000,1,1,1,1,2,2,1,2,1,1
SF,IH2103,2020-09-30 09:34:47.600,3207.8000,7057,0,122223240.000,0,-,-,-,-,3205.8000,3204.2000,3203.0000,3200.0000,3198.0000,3208.4000,3208.6000,3209.8000,3210.4000,3211.0000,1,1,1,2,1,1,1,2,1,1
SF,IH2103,2020-09-30 09:34:48.100,3207.8000,7057,0,122223240.000,0,-,-,-,-,3206.4000,3205.8000,3204.2000,3203.0000,3200.0000,3208.2000,3208.4000,3209.8000,3210.4000,3211.0000,2,1,1,1,2,2,1,2,1,1
SF,IH2103,2020-09-30 09:34:48.600,3207.8000,7057,0,122223240.000,0,-,-,-,-,3206.4000,3205.8000,3204.2000,3203.0000,3200.0000,3208.2000,3209.8000,3210.4000,3211.0000,3211.8000,2,1,1,1,2,2,2,1,1,1
SF,IH2103,2020-09-30 09:34:49.100,3207.8000,7057,0,122223240.000,0,-,-,-,-,3206.4000,3205.8000,3204.2000,3203.0000,3200.0000,3208.0000,3208.2000,3209.8000,3210.4000,3211.0000,2,1,1,1,2,1,2,2,1,1
SF,IH2103,2020-09-30 09:34:49.600,3207.8000,7057,0,122223240.000,0,-,-,-,-,3206.4000,3205.8000,3204.2000,3203.0000,3200.0000,3208.0000,3208.2000,3209.8000,3210.4000,3211.0000,2,1,1,1,2,1,1,2,1,1
SF,IH2103,2020-09-30 09:34:50.100,3207.8000,7057,0,122223240.000,0,-,-,-,-,3206.4000,3205.8000,3204.2000,3203.0000,3200.0000,3208.0000,3208.2000,3209.8000,3210.4000,3211.0000,1,1,1,1,2,1,1,2,1,1
SF,IH2103,2020-09-30 09:34:51.100,3207.8000,7057,0,122223240.000,0,-,-,-,-,3206.4000,3205.8000,3204.2000,3203.0000,3200.0000,3208.0000,3208.2000,3209.8000,3210.4000,3211.0000,1,1,1,1,2,1,1,2,1,1
SF,IH2103,2020-09-30 09:34:51.600,3207.8000,7057,0,122223240.000,0,-,-,-,-,3206.6000,3206.4000,3205.8000,3204.2000,3203.0000,3208.0000,3208.2000,3209.8000,3210.4000,3211.0000,1,1,1,1,1,1,1,2,1,1
SF,IH2103,2020-09-30 09:34:52.100,3207.8000,7057,0,122223240.000,0,-,-,-,-,3206.8000,3206.6000,3205.8000,3204.2000,3203.0000,3208.0000,3208.2000,3209.8000,3210.4000,3211.0000,1,1,1,1,1,1,1,2,1,1
SF,IH2103,2020-09-30 09:34:52.600,3207.8000,7057,0,122223240.000,0,-,-,-,-,3205.8000,3204.2000,3203.0000,3200.0000,3198.0000,3208.0000,3208.2000,3209.8000,3210.4000,3211.0000,1,1,1,2,1,1,1,2,1,1
SF,IH2103,2020-09-30 09:34:53.100,3207.8000,7057,0,122223240.000,0,-,-,-,-,3206.4000,3206.0000,3205.8000,3204.2000,3203.0000,3207.8000,3208.0000,3209.8000,3210.4000,3211.0000,1,1,1,1,1,2,1,2,1,1
SF,IH2103,2020-09-30 09:34:53.600,3206.4000,7056,-1,123185160.000,1,0,1,双平,S,3205.8000,3204.2000,3203.0000,3200.0000,3198.0000,3207.8000,3209.8000,3210.4000,3211.0000,3211.8000,1,1,1,2,1,2,2,1,1,1
SF,IH2103,2020-09-30 09:34:54.100,3206.4000,7056,0,123185160.000,0,-,-,-,-,3204.2000,3203.0000,3200.0000,3198.0000,3197.0000,3207.6000,3207.8000,3209.8000,3210.4000,3211.0000,1,1,2,1,2,2,2,2,1,1
SF,IH2103,2020-09-30 09:34:54.600,3206.4000,7056,0,123185160.000,0,-,-,-,-,3205.0000,3204.2000,3203.0000,3200.0000,3198.0000,3207.4000,3207.6000,3207.8000,3209.8000,3210.4000,1,1,1,2,1,2,2,1,2,1
SF,IH2103,2020-09-30 09:34:55.100,3206.4000,7056,0,123185160.000,0,-,-,-,-,3205.0000,3204.2000,3203.0000,3200.0000,3198.0000,3207.2000,3207.4000,3207.8000,3209.8000,3210.4000,1,1,1,2,1,1,2,1,1,1
SF,IH2103,2020-09-30 09:34:55.600,3206.4000,7056,0,123185160.000,0,-,-,-,-,3205.0000,3204.2000,3203.0000,3200.0000,3198.0000,3207.0000,3207.2000,3207.4000,3207.8000,3209.8000,1,1,1,2,1,3,1,1,1,1
SF,IH2103,2020-09-30 09:34:56.100,3206.4000,7056,0,123185160.000,0,-,-,-,-,3205.0000,3204.2000,3203.0000,3200.0000,3198.0000,3206.8000,3207.0000,3207.4000,3207.8000,3209.8000,1,1,1,2,1,1,3,1,1,1
SF,IH2103,2020-09-30 09:34:56.600,3206.4000,7056,0,123185160.000,0,-,-,-,-,3205.0000,3204.2000,3203.0000,3200.0000,3198.0000,3206.6000,3206.8000,3207.0000,3207.4000,3207.8000,1,1,1,2,1,1,1,1,1,1
SF,IH2103,2020-09-30 09:34:57.100,3206.4000,7056,0,123185160.000,0,-,-,-,-,3205.0000,3204.2000,3203.0000,3200.0000,3198.0000,3206.4000,3206.6000,3207.0000,3207.4000,3207.8000,1,1,1,2,1,1,1,1,1,1
SF,IH2103,2020-09-30 09:34:57.600,3206.4000,7056,0,123185160.000,0,-,-,-,-,3204.2000,3203.0000,3200.0000,3198.0000,3197.0000,3206.4000,3206.6000,3207.0000,3207.4000,3207.8000,1,1,2,1,2,1,1,1,1,1
SF,IH2103,2020-09-30 09:34:58.100,3206.4000,7056,0,123185160.000,0,-,-,-,-,3204.4000,3204.2000,3203.0000,3200.0000,3198.0000,3206.2000,3206.4000,3207.0000,3207.4000,3207.8000,1,1,1,2,1,1,1,1,1,1
SF,IH2103,2020-09-30 09:34:58.600,3206.4000,7056,0,123185160.000,0,-,-,-,-,3204.4000,3204.2000,3203.0000,3200.0000,3198.0000,3206.2000,3207.0000,3207.4000,3207.8000,3209.0000,1,1,1,2,1,1,1,1,1,1
SF,IH2103,2020-09-30 09:34:59.100,3206.4000,7056,0,123185160.000,0,-,-,-,-,3204.4000,3204.2000,3203.0000,3200.0000,3198.0000,3206.0000,3206.2000,3207.0000,3207.4000,3207.8000,1,1,1,2,1,1,1,1,1,1
SF,IH2103,2020-09-30 09:35:00.100,3206.4000,7056,0,123185160.000,0,-,-,-,-,3204.4000,3204.2000,3203.0000,3200.0000,3198.0000,3206.0000,3206.2000,3207.0000,3207.4000,3207.8000,1,1,1,2,1,1,1,1,1,1
SF,IH2103,2020-09-30 09:35:00.600,3206.4000,7056,0,123185160.000,0,-,-,-,-,3204.4000,3204.2000,3203.0000,3200.0000,3198.0000,3206.0000,3206.2000,3207.0000,3207.4000,3207.8000,1,1,1,2,1,2,1,1,1,1
SF,IH2103,2020-09-30 09:35:02.100,3206.4000,7056,0,123185160.000,0,-,-,-,-,3204.4000,3204.2000,3203.0000,3200.0000,3198.0000,3206.0000,3206.2000,3207.0000,3207.4000,3207.8000,1,1,1,2,1,2,1,1,1,1
SF,IH2103,2020-09-30 09:35:02.600,3206.4000,7056,0,123185160.000,0,-,-,-,-,3204.4000,3204.2000,3203.0000,3200.0000,3198.0000,3206.0000,3206.2000,3207.0000,3207.4000,3207.8000,1,1,1,2,1,2,1,1,1,1
SF,IH2103,2020-09-30 09:35:03.100,3206.4000,7056,0,123185160.000,0,-,-,-,-,3204.4000,3204.2000,3203.0000,3200.0000,3198.0000,3206.0000,3206.2000,3207.0000,3207.4000,3207.8000,1,1,1,2,1,2,1,1,1,1
SF,IH2103,2020-09-30 09:35:03.600,3206.4000,7056,0,123185160.000,0,-,-,-,-,3204.4000,3204.2000,3203.0000,3200.0000,3198.0000,3206.0000,3206.2000,3207.0000,3207.4000,3207.8000,1,1,1,2,1,2,1,1,1,1
SF,IH2103,2020-09-30 09:35:04.100,3206.4000,7056,0,123185160.000,0,-,-,-,-,3204.2000,3203.0000,3200.0000,3198.0000,3197.0000,3206.0000,3206.2000,3207.0000,3207.4000,3207.8000,1,1,2,1,2,2,1,1,1,1
SF,IH2103,2020-09-30 09:35:04.600,3206.4000,7056,0,123185160.000,0,-,-,-,-,3204.2000,3203.0000,3200.0000,3198.0000,3197.0000,3204.8000,3205.8000,3206.0000,3207.0000,3207.4000,1,1,2,1,2,1,1,1,1,1
SF,IH2103,2020-09-30 09:35:05.100,3204.8000,7055,-1,124146600.000,1,0,1,双平,S,3204.4000,3204.2000,3203.0000,3200.0000,3198.0000,3205.8000,3206.0000,3207.0000,3207.4000,3208.8000,1,1,1,2,1,1,1,1,1,1
SF,IH2103,2020-09-30 09:35:05.600,3204.8000,7055,0,124146600.000,0,-,-,-,-,3204.4000,3204.2000,3203.0000,3200.0000,3198.0000,3205.8000,3207.0000,3207.4000,3208.8000,3209.0000,1,1,1,2,1,1,1,1,1,1
SF,IH2103,2020-09-30 09:35:06.100,3204.8000,7055,0,124146600.000,0,-,-,-,-,3204.4000,3204.2000,3203.0000,3200.0000,3198.0000,3205.6000,3205.8000,3207.0000,3208.8000,3209.0000,1,1,1,2,1,1,1,1,1,1
SF,IH2103,2020-09-30 09:35:06.600,3205.8000,7053,-2,126070020.000,2,0,2,双平,S,3204.6000,3204.4000,3204.2000,3203.0000,3200.0000,3208.8000,3209.0000,3209.8000,3211.0000,3211.8000,1,1,1,1,2,1,1,2,1,1
SF,IH2103,2020-09-30 09:35:07.100,3205.8000,7053,0,126070020.000,0,-,-,-,-,3204.8000,3204.6000,3204.4000,3203.0000,3200.0000,3207.6000,3208.2000,3208.4000,3208.6000,3208.8000,1,1,1,1,2,1,1,1,2,1
SF,IH2103,2020-09-30 09:35:07.600,3205.8000,7053,0,126070020.000,0,-,-,-,-,3205.0000,3204.8000,3204.6000,3204.4000,3203.0000,3207.4000,3207.6000,3208.2000,3208.4000,3208.6000,1,1,1,1,1,1,1,1,1,2
SF,IH2103,2020-09-30 09:35:08.100,3205.8000,7053,0,126070020.000,0,-,-,-,-,3205.2000,3204.6000,3204.0000,3203.0000,3200.0000,3207.4000,3207.6000,3208.2000,3208.4000,3208.6000,1,1,2,1,2,1,1,1,1,2
SF,IH2103,2020-09-30 09:35:08.600,3205.8000,7053,0,126070020.000,0,-,-,-,-,3205.2000,3204.6000,3204.0000,3203.0000,3200.0000,3207.2000,3207.4000,3207.6000,3208.2000,3208.4000,1,1,2,1,2,1,1,1,1,1
SF,IH2103,2020-09-30 09:35:09.100,3205.8000,7053,0,126070020.000,0,-,-,-,-,3205.4000,3205.2000,3204.0000,3203.0000,3200.0000,3206.6000,3207.2000,3207.4000,3207.6000,3208.4000,1,1,2,1,2,1,1,1,1,1
SF,IH2103,2020-09-30 09:35:09.600,3205.8000,7053,0,126070020.000,0,-,-,-,-,3205.2000,3204.0000,3203.0000,3200.0000,3198.0000,3206.6000,3207.2000,3207.4000,3208.4000,3208.6000,1,2,1,2,1,1,1,1,1,2
SF,IH2103,2020-09-30 09:35:11.100,3205.8000,7053,0,126070020.000,0,-,-,-,-,3205.2000,3204.0000,3203.0000,3200.0000,3198.0000,3206.6000,3207.2000,3207.4000,3208.4000,3208.6000,1,2,1,2,1,1,1,1,1,2
SF,IH2103,2020-09-30 09:35:13.600,3205.8000,7053,0,126070020.000,0,-,-,-,-,3205.2000,3203.0000,3201.6000,3200.0000,3198.0000,3206.6000,3207.2000,3207.4000,3208.4000,3208.6000,1,1,2,2,1,1,1,1,1,2
SF,IH2103,2020-09-30 09:35:14.100,3205.8000,7053,0,126070020.000,0,-,-,-,-,3205.2000,3203.0000,3201.6000,3200.0000,3198.0000,3207.2000,3207.4000,3208.4000,3208.6000,3208.8000,1,1,2,2,1,1,1,1,1,1
SF,IH2103,2020-09-30 09:35:14.600,3205.8000,7053,0,126070020.000,0,-,-,-,-,3205.8000,3205.4000,3205.2000,3203.0000,3201.6000,3208.4000,3208.6000,3208.8000,3209.0000,3209.8000,1,2,1,1,2,1,1,1,1,2
SF,IH2103,2020-09-30 09:35:15.100,3205.8000,7053,0,126070020.000,0,-,-,-,-,3206.0000,3205.4000,3203.0000,3201.6000,3200.0000,3208.2000,3208.4000,3208.6000,3208.8000,3209.0000,2,1,1,2,2,1,1,1,1,1
SF,IH2103,2020-09-30 09:35:15.600,3205.8000,7053,0,126070020.000,0,-,-,-,-,3206.0000,3205.4000,3203.0000,3201.6000,3200.0000,3207.8000,3208.0000,3208.2000,3208.4000,3208.6000,2,1,1,2,2,1,2,1,1,1
SF,IH2103,2020-09-30 09:35:16.100,3205.8000,7053,0,126070020.000,0,-,-,-,-,3206.2000,3206.0000,3205.4000,3203.0000,3201.6000,3207.6000,3207.8000,3208.2000,3208.4000,3208.6000,1,2,1,1,2,1,1,1,1,1
SF,IH2103,2020-09-30 09:35:16.600,3206.2000,7052,-1,127031880.000,1,0,1,双平,S,3206.0000,3205.4000,3203.0000,3201.6000,3200.0000,3207.4000,3207.6000,3207.8000,3208.2000,3208.4000,1,1,1,2,2,1,1,1,1,1
SF,IH2103,2020-09-30 09:35:17.100,3206.0000,7051,-1,127993680.000,1,0,1,双平,S,3205.4000,3203.0000,3201.6000,3200.0000,3198.0000,3207.2000,3207.4000,3207.8000,3208.2000,3208.4000,1,1,2,2,1,1,1,1,1,1
SF,IH2103,2020-09-30 09:35:17.600,3206.0000,7051,0,127993680.000,0,-,-,-,-,3205.6000,3205.4000,3203.0000,3201.6000,3200.0000,3207.2000,3207.4000,3207.8000,3208.2000,3208.4000,1,1,1,2,2,1,1,1,1,1
SF,IH2103,2020-09-30 09:35:18.100,3206.0000,7051,0,127993680.000,0,-,-,-,-,3205.6000,3203.0000,3202.6000,3201.6000,3200.0000,3207.2000,3207.4000,3207.8000,3208.2000,3208.4000,1,1,1,2,2,1,1,1,1,1
SF,IH2103,2020-09-30 09:35:18.600,3206.0000,7051,0,127993680.000,0,-,-,-,-,3205.6000,3203.0000,3202.6000,3201.6000,3200.0000,3206.6000,3207.2000,3207.4000,3207.8000,3208.4000,1,1,1,2,2,1,1,1,1,1
SF,IH2103,2020-09-30 09:35:19.100,3206.0000,7051,0,127993680.000,0,-,-,-,-,3203.0000,3202.6000,3201.6000,3200.0000,3198.0000,3207.2000,3207.8000,3208.4000,3208.6000,3208.8000,1,1,2,2,1,1,1,1,1,1
SF,IH2103,2020-09-30 09:35:19.600,3206.0000,7051,0,127993680.000,0,-,-,-,-,3205.0000,3203.4000,3203.2000,3203.0000,3202.6000,3207.2000,3207.8000,3208.4000,3208.6000,3208.8000,1,1,6,1,1,1,1,1,1,1
SF,IH2103,2020-09-30 09:35:20.100,3206.0000,7051,0,127993680.000,0,-,-,-,-,3205.2000,3205.0000,3203.4000,3203.2000,3203.0000,3207.2000,3207.8000,3208.4000,3208.6000,3208.8000,3,1,1,4,1,1,1,1,1,1
SF,IH2103,2020-09-30 09:35:20.600,3206.0000,7051,0,127993680.000,0,-,-,-,-,3205.4000,3205.2000,3205.0000,3203.4000,3203.2000,3207.2000,3207.8000,3208.4000,3208.6000,3208.8000,1,3,1,1,2,1,1,1,1,1
SF,IH2103,2020-09-30 09:35:21.100,3206.0000,7051,0,127993680.000,0,-,-,-,-,3205.6000,3205.4000,3205.2000,3203.4000,3203.2000,3207.2000,3207.8000,3208.4000,3208.6000,3208.8000,2,1,1,1,2,1,1,1,1,1
SF,IH2103,2020-09-30 09:35:21.600,3206.0000,7051,0,127993680.000,0,-,-,-,-,3205.6000,3203.4000,3203.2000,3203.0000,3202.6000,3207.0000,3207.2000,3207.8000,3208.4000,3208.6000,1,1,1,1,1,1,1,1,1,1
SF,IH2103,2020-09-30 09:35:22.100,3206.0000,7051,0,127993680.000,0,-,-,-,-,3205.6000,3203.4000,3203.0000,3202.6000,3201.6000,3206.8000,3207.0000,3207.8000,3208.4000,3208.6000,1,1,1,1,2,1,1,1,1,1
SF,IH2103,2020-09-30 09:35:22.600,3206.0000,7051,0,127993680.000,0,-,-,-,-,3203.4000,3203.0000,3202.6000,3201.6000,3200.0000,3206.8000,3207.0000,3207.8000,3208.4000,3208.6000,1,1,1,2,2,1,1,1,1,1
SF,IH2103,2020-09-30 09:35:23.100,3206.0000,7051,0,127993680.000,0,-,-,-,-,3204.8000,3203.8000,3203.6000,3203.4000,3203.0000,3206.6000,3206.8000,3207.8000,3208.4000,3208.6000,1,1,3,1,1,3,1,1,1,1
SF,IH2103,2020-09-30 09:35:23.600,3206.0000,7051,0,127993680.000,0,-,-,-,-,3204.8000,3203.8000,3203.6000,3203.4000,3203.0000,3206.4000,3206.6000,3207.8000,3208.4000,3208.6000,1,1,3,1,1,1,3,1,1,1
SF,IH2103,2020-09-30 09:35:25.100,3206.0000,7051,0,127993680.000,0,-,-,-,-,3204.8000,3203.8000,3203.6000,3203.4000,3203.0000,3206.4000,3206.6000,3207.8000,3208.4000,3208.6000,1,1,3,1,1,1,2,1,1,1
SF,IH2103,2020-09-30 09:35:29.100,3206.0000,7051,0,127993680.000,0,-,-,-,-,3204.8000,3203.8000,3203.6000,3203.4000,3203.0000,3206.4000,3206.6000,3207.8000,3208.4000,3208.6000,1,1,3,1,1,1,1,1,1,1
SF,IH2103,2020-09-30 09:35:29.600,3206.0000,7051,0,127993680.000,0,-,-,-,-,3204.8000,3203.6000,3203.4000,3203.0000,3202.6000,3206.4000,3206.6000,3207.8000,3208.4000,3208.6000,1,3,1,1,1,1,1,1,1,1
SF,IH2103,2020-09-30 09:35:32.600,3206.0000,7051,0,127993680.000,0,-,-,-,-,3205.0000,3204.8000,3203.6000,3203.4000,3203.0000,3206.4000,3206.6000,3207.8000,3208.4000,3208.6000,2,1,3,1,1,1,1,1,1,1
SF,IH2103,2020-09-30 09:35:33.100,3206.0000,7051,0,127993680.000,0,-,-,-,-,3205.0000,3204.8000,3203.6000,3203.4000,3203.0000,3206.4000,3206.6000,3207.8000,3208.4000,3208.6000,2,1,3,1,1,1,1,1,1,1
SF,IH2103,2020-09-30 09:35:35.600,3206.4000,7050,-1,128955600.000,1,0,1,双平,S,3205.0000,3204.8000,3203.6000,3203.4000,3203.0000,3206.6000,3207.8000,3208.4000,3208.6000,3208.8000,2,1,3,1,1,1,1,1,1,1
SF,IH2103,2020-09-30 09:35:36.100,3206.4000,7050,0,128955600.000,0,-,-,-,-,3205.2000,3205.0000,3204.8000,3203.6000,3203.4000,3206.6000,3207.8000,3208.4000,3208.6000,3208.8000,2,2,1,2,1,1,1,1,1,1
SF,IH2103,2020-09-30 09:35:36.600,3206.4000,7050,0,128955600.000,0,-,-,-,-,3205.2000,3205.0000,3203.6000,3203.4000,3203.0000,3206.6000,3207.8000,3208.4000,3208.6000,3208.8000,2,1,2,1,1,1,1,1,1,1
SF,IH2103,2020-09-30 09:35:37.100,3206.4000,7050,0,128955600.000,0,-,-,-,-,3205.2000,3205.0000,3203.6000,3203.4000,3203.0000,3206.6000,3207.8000,3208.4000,3208.6000,3208.8000,2,1,2,1,1,1,1,1,1,1
SF,IH2103,2020-09-30 09:35:37.600,3206.4000,7050,0,128955600.000,0,-,-,-,-,3205.2000,3205.0000,3203.6000,3203.4000,3203.0000,3206.6000,3207.8000,3208.4000,3208.6000,3208.8000,2,1,2,1,1,1,1,1,1,1
SF,IH2103,2020-09-30 09:35:38.100,3206.4000,7050,0,128955600.000,0,-,-,-,-,3205.2000,3205.0000,3203.6000,3203.4000,3203.0000,3207.8000,3208.4000,3208.6000,3208.8000,3209.0000,2,1,2,1,1,1,1,1,1,1
SF,IH2103,2020-09-30 09:35:38.600,3206.4000,7050,0,128955600.000,0,-,-,-,-,3205.4000,3205.2000,3205.0000,3203.6000,3203.4000,3207.4000,3207.6000,3207.8000,3208.4000,3208.6000,1,1,1,2,1,1,1,1,1,1
SF,IH2103,2020-09-30 09:35:39.100,3206.4000,7050,0,128955600.000,0,-,-,-,-,3205.6000,3205.4000,3205.0000,3203.6000,3203.4000,3207.2000,3207.4000,3207.8000,3208.4000,3208.6000,2,1,1,2,1,2,1,1,1,1
SF,IH2103,2020-09-30 09:35:39.600,3206.4000,7050,0,128955600.000,0,-,-,-,-,3205.6000,3205.4000,3205.0000,3203.4000,3203.0000,3207.2000,3207.4000,3207.8000,3208.4000,3208.6000,2,1,1,1,1,1,1,1,1,1
SF,IH2103,2020-09-30 09:35:40.600,3206.4000,7050,0,128955600.000,0,-,-,-,-,3205.6000,3205.4000,3205.0000,3203.4000,3203.0000,3207.2000,3207.4000,3207.8000,3208.4000,3208.6000,1,1,1,1,1,1,1,1,1,1
SF,IH2103,2020-09-30 09:35:42.600,3206.4000,7050,0,128955600.000,0,-,-,-,-,3205.6000,3205.4000,3203.4000,3203.0000,3202.6000,3207.2000,3207.4000,3207.8000,3208.4000,3208.6000,1,1,1,1,1,1,1,1,1,1
SF,IH2103,2020-09-30 09:35:43.100,3206.4000,7050,0,128955600.000,0,-,-,-,-,3205.6000,3203.4000,3203.0000,3202.6000,3201.6000,3207.2000,3207.4000,3207.8000,3208.4000,3208.6000,1,1,1,1,2,1,1,1,1,1
SF,IH2103,2020-09-30 09:35:48.600,3207.2000,7049,-1,129917760.000,1,0,1,双平,S,3205.6000,3203.4000,3203.0000,3202.6000,3201.6000,3207.4000,3207.8000,3208.4000,3208.6000,3208.8000,1,1,1,1,2,1,1,1,1,1
SF,IH2103,2020-09-30 09:35:49.100,3207.2000,7049,0,129917760.000,0,-,-,-,-,3205.8000,3205.6000,3203.4000,3203.0000,3202.6000,3207.2000,3207.4000,3207.8000,3208.4000,3208.6000,1,1,1,1,1,2,1,1,1,1
SF,IH2103,2020-09-30 09:35:49.600,3207.2000,7049,0,129917760.000,0,-,-,-,-,3206.0000,3205.8000,3203.4000,3203.0000,3202.6000,3207.2000,3207.4000,3207.8000,3208.4000,3208.6000,1,1,1,1,1,2,1,1,1,1
SF,IH2103,2020-09-30 09:35:50.100,3207.2000,7049,0,129917760.000,0,-,-,-,-,3206.0000,3205.8000,3203.4000,3203.0000,3202.6000,3207.4000,3207.8000,3208.4000,3208.6000,3208.8000,1,1,1,1,1,1,1,1,1,1
SF,IH2103,2020-09-30 09:35:51.600,3206.0000,7048,-1,130879560.000,1,0,1,双平,S,3205.8000,3203.4000,3203.0000,3202.6000,3201.6000,3207.4000,3207.8000,3208.4000,3208.6000,3208.8000,1,1,1,1,2,1,1,1,1,1
SF,IH2103,2020-09-30 09:35:52.100,3206.0000,7048,0,130879560.000,0,-,-,-,-,3203.6000,3203.4000,3203.0000,3202.6000,3201.6000,3207.2000,3207.4000,3207.8000,3208.4000,3208.6000,1,1,1,1,2,1,1,1,1,1
SF,IH2103,2020-09-30 09:35:52.600,3206.0000,7048,0,130879560.000,0,-,-,-,-,3204.2000,3204.0000,3203.8000,3203.6000,3203.4000,3207.0000,3207.2000,3207.4000,3207.8000,3208.4000,1,1,4,1,1,1,1,1,1,1
SF,IH2103,2020-09-30 09:35:53.100,3206.0000,7048,0,130879560.000,0,-,-,-,-,3204.4000,3204.2000,3203.8000,3203.6000,3203.4000,3206.8000,3207.0000,3207.4000,3207.8000,3208.4000,2,1,3,1,1,1,1,1,1,1
SF,IH2103,2020-09-30 09:35:53.600,3206.0000,7048,0,130879560.000,0,-,-,-,-,3204.6000,3204.4000,3204.2000,3203.8000,3203.6000,3206.6000,3206.8000,3207.4000,3207.8000,3208.4000,1,1,1,3,1,1,1,1,1,1
SF,IH2103,2020-09-30 09:35:54.100,3206.0000,7048,0,130879560.000,0,-,-,-,-,3204.8000,3204.2000,3203.8000,3203.6000,3203.4000,3206.6000,3206.8000,3207.4000,3207.8000,3208.4000,3,1,3,1,1,1,1,1,1,1
SF,IH2103,2020-09-30 09:35:54.600,3206.0000,7048,0,130879560.000,0,-,-,-,-,3204.8000,3204.2000,3203.8000,3203.6000,3203.4000,3206.6000,3206.8000,3207.4000,3207.8000,3208.4000,3,1,3,1,1,1,1,1,1,1
SF,IH2103,2020-09-30 09:35:57.100,3206.0000,7048,0,130879560.000,0,-,-,-,-,3205.2000,3204.8000,3204.2000,3203.8000,3203.6000,3206.6000,3206.8000,3207.2000,3207.4000,3207.8000,1,3,1,3,1,1,1,1,1,1
SF,IH2103,2020-09-30 09:35:57.600,3206.0000,7048,0,130879560.000,0,-,-,-,-,3205.4000,3205.2000,3204.8000,3203.8000,3203.4000,3206.6000,3206.8000,3207.2000,3207.4000,3207.8000,1,1,2,3,1,1,1,1,1,1
SF,IH2103,2020-09-30 09:35:58.100,3206.8000,7047,-1,131841600.000,1,0,1,双平,S,3205.4000,3205.2000,3204.8000,3203.8000,3203.4000,3207.2000,3207.4000,3207.8000,3208.4000,3208.6000,1,1,1,3,1,1,1,1,1,1
SF,IH2103,2020-09-30 09:35:58.600,3206.8000,7047,0,131841600.000,0,-,-,-,-,3205.6000,3205.4000,3205.2000,3204.8000,3203.8000,3207.0000,3207.2000,3207.4000,3207.8000,3208.4000,1,1,1,1,3,1,1,1,1,1
SF,IH2103,2020-09-30 09:35:59.100,3206.8000,7047,0,131841600.000,0,-,-,-,-,3205.8000,3205.6000,3205.2000,3204.8000,3203.8000,3207.0000,3207.2000,3207.4000,3207.8000,3208.4000,1,1,1,1,3,1,1,1,1,1
SF,IH2103,2020-09-30 09:35:59.600,3206.8000,7047,0,131841600.000,0,-,-,-,-,3205.8000,3205.6000,3205.2000,3204.8000,3203.8000,3207.2000,3207.4000,3207.8000,3208.4000,3208.6000,1,1,1,1,2,1,1,1,1,1
SF,IH2103,2020-09-30 09:36:00.600,3206.8000,7047,0,131841600.000,0,-,-,-,-,3205.8000,3205.6000,3205.2000,3204.8000,3203.8000,3207.2000,3207.4000,3207.8000,3208.4000,3208.6000,1,1,1,1,1,1,1,1,1,1
SF,IH2103,2020-09-30 09:36:01.100,3206.8000,7047,0,131841600.000,0,-,-,-,-,3205.8000,3205.6000,3205.2000,3203.8000,3203.4000,3207.2000,3207.4000,3207.8000,3208.4000,3208.6000,1,1,1,1,1,1,1,1,1,1
SF,IH2103,2020-09-30 09:36:02.100,3206.8000,7047,0,131841600.000,0,-,-,-,-,3205.8000,3205.2000,3203.8000,3203.4000,3203.0000,3207.2000,3207.4000,3207.8000,3208.4000,3208.6000,1,1,1,1,1,1,1,1,1,1
SF,IH2103,2020-09-30 09:36:03.600,3206.8000,7047,0,131841600.000,0,-,-,-,-,3205.8000,3203.8000,3203.4000,3203.0000,3202.6000,3207.2000,3207.4000,3207.8000,3208.4000,3208.6000,1,1,1,1,1,1,1,1,1,1
SF,IH2103,2020-09-30 09:36:04.100,3206.8000,7047,0,131841600.000,0,-,-,-,-,3206.0000,3205.8000,3203.8000,3203.4000,3203.0000,3207.2000,3207.8000,3208.6000,3208.8000,3209.0000,1,1,1,1,1,1,1,1,1,1
SF,IH2103,2020-09-30 09:36:04.600,3207.2000,7046,-1,132803760.000,1,0,1,双平,S,3206.2000,3206.0000,3203.8000,3203.4000,3203.0000,3208.8000,3209.0000,3209.8000,3210.0000,3211.0000,2,1,1,1,1,1,1,2,1,1
SF,IH2103,2020-09-30 09:36:05.100,3207.2000,7046,0,132803760.000,0,-,-,-,-,3206.4000,3206.2000,3206.0000,3203.8000,3203.4000,3208.6000,3208.8000,3209.0000,3209.8000,3210.0000,2,2,1,1,1,1,1,1,1,1
SF,IH2103,2020-09-30 09:36:05.600,3207.2000,7046,0,132803760.000,0,-,-,-,-,3206.6000,3206.4000,3206.2000,3206.0000,3203.8000,3208.8000,3209.0000,3209.8000,3210.0000,3211.0000,1,2,1,1,1,1,1,1,1,1
SF,IH2103,2020-09-30 09:36:06.100,3207.2000,7046,0,132803760.000,0,-,-,-,-,3206.8000,3206.6000,3206.4000,3206.2000,3206.0000,3208.6000,3208.8000,3209.0000,3209.8000,3210.0000,1,1,1,1,1,1,1,1,1,1
SF,IH2103,2020-09-30 09:36:06.600,3207.2000,7046,0,132803760.000,0,-,-,-,-,3207.0000,3206.8000,3206.4000,3206.0000,3203.8000,3208.6000,3208.8000,3209.0000,3209.8000,3210.0000,1,1,1,1,1,1,1,1,1,1
SF,IH2103,2020-09-30 09:36:07.100,3207.2000,7046,0,132803760.000,0,-,-,-,-,3207.0000,3206.8000,3206.4000,3203.8000,3203.4000,3208.6000,3208.8000,3209.0000,3209.8000,3210.0000,1,1,1,1,1,1,1,1,1,1
SF,IH2103,2020-09-30 09:36:07.600,3207.2000,7046,0,132803760.000,0,-,-,-,-,3207.0000,3206.8000,3203.8000,3203.4000,3203.0000,3208.6000,3208.8000,3209.0000,3209.8000,3210.0000,1,1,1,1,1,1,1,1,1,1
SF,IH2103,2020-09-30 09:36:08.100,3207.0000,7045,-1,133765860.000,1,0,1,双平,S,3206.8000,3203.8000,3203.4000,3203.0000,3202.6000,3208.2000,3208.6000,3208.8000,3209.0000,3209.8000,1,1,1,1,1,1,1,1,1,1
SF,IH2103,2020-09-30 09:36:09.600,3207.0000,7045,0,133765860.000,0,-,-,-,-,3207.0000,3206.8000,3203.8000,3203.4000,3203.0000,3208.6000,3208.8000,3209.0000,3209.8000,3210.0000,1,1,1,1,1,1,1,1,1,1
SF,IH2103,2020-09-30 09:36:10.100,3207.0000,7045,0,133765860.000,0,-,-,-,-,3207.2000,3207.0000,3206.8000,3203.8000,3203.4000,3208.6000,3208.8000,3209.0000,3209.8000,3210.0000,1,1,1,1,1,1,1,1,1,2
SF,IH2103,2020-09-30 09:36:13.100,3207.0000,7045,0,133765860.000,0,-,-,-,-,3207.4000,3207.2000,3206.8000,3203.8000,3203.4000,3208.6000,3208.8000,3209.0000,3209.8000,3210.0000,1,1,1,1,1,1,1,1,1,2
SF,IH2103,2020-09-30 09:36:13.600,3207.0000,7045,0,133765860.000,0,-,-,-,-,3207.6000,3207.4000,3206.8000,3203.8000,3203.4000,3208.8000,3209.0000,3209.8000,3210.0000,3211.0000,1,1,1,1,1,1,1,1,2,1
SF,IH2103,2020-09-30 09:36:15.600,3207.6000,7044,-1,134728140.000,1,0,1,双平,S,3206.8000,3203.8000,3203.4000,3203.0000,3202.6000,3208.8000,3209.0000,3209.8000,3210.0000,3211.0000,1,1,1,1,1,1,1,1,2,1
