市场代码,合约代码,时间,最新,持仓,增仓,成交额,成交量,开仓,平仓,成交类型,方向,买一价,买二价,买三价,买四价,买五价,卖一价,卖二价,卖三价,卖四价,卖五价,买一量,买二量,买三量,买四量,买五量,卖一量,卖二量,卖三量,卖四量,卖五量
SF,IH2103,2020-08-04 09:29:00.100,3264.0000,1945,0,979200.000,1.000,-,-,-,-,3263.8000,3260.8000,3258.4000,3257.6000,3250.2000,3266.8000,3269.8000,3272.8000,3274.0000,3275.8000,1,4,1,1,1,1,1,1,1,1
SF,IH2103,2020-08-04 09:30:00.100,3264.0000,1945,0,979200.000,0,-,-,-,-,3264.2000,3260.8000,3258.4000,3257.6000,3250.2000,3266.8000,3269.8000,3272.8000,3274.0000,3275.8000,1,4,1,1,1,1,1,1,1,1
SF,IH2103,2020-08-04 09:30:00.600,3266.8000,1946,1,1959240.000,1,1,0,双开,S,3266.8000,3265.0000,3264.6000,3264.2000,3250.2000,3269.8000,3272.8000,3274.0000,3275.8000,3278.8000,1,1,1,1,1,1,1,1,1,1
SF,IH2103,2020-08-04 09:30:01.100,3266.8000,1946,0,1959240.000,0,-,-,-,-,3267.4000,3267.0000,3266.8000,3265.0000,3264.6000,3269.8000,3272.8000,3274.0000,3275.8000,3278.8000,1,1,1,1,1,1,1,1,1,1
SF,IH2103,2020-08-04 09:30:01.600,3266.8000,1946,0,1959240.000,0,-,-,-,-,3267.6000,3267.4000,3267.2000,3266.8000,3264.6000,3269.8000,3272.8000,3274.0000,3275.8000,3278.8000,1,1,1,1,1,1,1,1,1,1
SF,IH2103,2020-08-04 09:30:02.100,3269.8000,1947,1,2940180.000,1,1,0,双开,S,3267.2000,3266.8000,3264.6000,3264.4000,3264.2000,3272.8000,3274.0000,3275.8000,3278.8000,3284.0000,1,1,1,1,2,1,1,1,1,1
SF,IH2103,2020-08-04 09:30:02.600,3269.8000,1947,0,2940180.000,0,-,-,-,-,3270.4000,3269.8000,3268.8000,3267.4000,3266.8000,3272.4000,3272.6000,3272.8000,3274.0000,3275.8000,1,3,1,1,1,1,1,1,1,1
SF,IH2103,2020-08-04 09:30:03.100,3269.8000,1944,-3,6863940.000,4,0,4,多平,S,3268.8000,3264.6000,3264.4000,3264.2000,3250.2000,3272.2000,3272.4000,3272.6000,3272.8000,3274.0000,1,1,1,2,1,3,1,1,1,1
SF,IH2103,2020-08-04 09:30:03.600,3268.8000,1943,-1,7844580.000,1,0,1,双平,S,3264.6000,3264.4000,3264.2000,3250.2000,3250.0000,3271.8000,3272.2000,3272.6000,3272.8000,3274.0000,1,1,2,1,1,1,3,1,1,1
SF,IH2103,2020-08-04 09:30:04.100,3268.8000,1943,0,7844580.000,0,-,-,-,-,3265.0000,3264.8000,3264.6000,3264.2000,3250.2000,3271.6000,3271.8000,3272.2000,3272.6000,3272.8000,1,1,1,1,1,1,1,2,1,1
SF,IH2103,2020-08-04 09:30:04.600,3268.8000,1943,0,7844580.000,0,-,-,-,-,3265.4000,3265.2000,3265.0000,3250.2000,3250.0000,3271.2000,3271.6000,3272.2000,3272.6000,3272.8000,1,1,1,1,1,1,1,2,1,1
SF,IH2103,2020-08-04 09:30:05.100,3268.8000,1943,0,7844580.000,0,-,-,-,-,3265.4000,3265.0000,3250.2000,3250.0000,3201.0000,3271.0000,3271.2000,3272.6000,3272.8000,3275.8000,1,1,1,1,1,2,1,1,1,1
SF,IH2103,2020-08-04 09:30:05.600,3268.8000,1943,0,7844580.000,0,-,-,-,-,3265.4000,3265.0000,3250.2000,3250.0000,3201.0000,3271.0000,3271.2000,3272.6000,3272.8000,3275.8000,1,1,1,1,1,4,1,1,1,1
SF,IH2103,2020-08-04 09:30:06.100,3268.8000,1943,0,7844580.000,0,-,-,-,-,3265.4000,3265.0000,3250.2000,3250.0000,3201.0000,3270.8000,3271.0000,3272.6000,3272.8000,3275.8000,1,1,1,1,1,1,4,1,1,1
SF,IH2103,2020-08-04 09:30:06.600,3268.8000,1943,0,7844580.000,0,-,-,-,-,3265.0000,3250.2000,3250.0000,3201.0000,3192.2000,3270.6000,3270.8000,3271.0000,3272.8000,3275.8000,1,1,1,1,1,3,2,2,1,1
SF,IH2103,2020-08-04 09:30:07.100,3265.0000,1943,0,8824080.000,1,0,1,多换,S,3250.0000,3201.0000,3192.2000,3170.0000,3156.0000,3270.2000,3270.6000,3271.0000,3272.8000,3275.8000,1,1,1,1,4,2,3,2,1,1
SF,IH2103,2020-08-04 09:30:07.600,3265.0000,1943,0,8824080.000,0,-,-,-,-,3255.6000,3252.4000,3250.4000,3250.2000,3250.0000,3270.0000,3270.2000,3271.0000,3272.8000,3275.8000,1,5,1,2,1,1,2,2,1,1
SF,IH2103,2020-08-04 09:30:08.100,3265.0000,1943,0,8824080.000,0,-,-,-,-,3256.0000,3255.8000,3252.4000,3250.2000,3250.0000,3269.6000,3269.8000,3270.0000,3272.8000,3275.8000,1,1,4,1,1,2,2,2,1,1
SF,IH2103,2020-08-04 09:30:08.600,3265.0000,1943,0,8824080.000,0,-,-,-,-,3256.8000,3256.6000,3256.2000,3256.0000,3252.4000,3269.4000,3269.6000,3269.8000,3272.8000,3275.8000,1,1,1,1,4,1,3,2,1,1
SF,IH2103,2020-08-04 09:30:09.100,3265.0000,1943,0,8824080.000,0,-,-,-,-,3258.6000,3257.2000,3257.0000,3256.8000,3256.6000,3269.0000,3269.4000,3269.8000,3272.8000,3275.8000,1,1,1,1,1,2,2,2,1,1
SF,IH2103,2020-08-04 09:30:09.600,3265.0000,1943,0,8824080.000,0,-,-,-,-,3259.0000,3258.8000,3258.6000,3256.8000,3252.4000,3268.8000,3269.0000,3269.8000,3272.8000,3275.8000,2,1,1,1,4,1,3,2,1,1
SF,IH2103,2020-08-04 09:30:10.100,3265.0000,1943,0,8824080.000,0,-,-,-,-,3259.2000,3259.0000,3258.6000,3256.8000,3252.4000,3268.4000,3268.8000,3269.8000,3272.8000,3275.8000,1,2,1,1,4,2,2,2,1,1
SF,IH2103,2020-08-04 09:30:10.600,3265.0000,1943,0,8824080.000,0,-,-,-,-,3259.8000,3259.6000,3259.2000,3259.0000,3258.8000,3268.2000,3268.4000,3269.8000,3272.8000,3275.8000,1,1,1,1,1,2,3,2,1,1
SF,IH2103,2020-08-04 09:30:11.100,3265.0000,1943,0,8824080.000,0,-,-,-,-,3260.2000,3260.0000,3259.8000,3258.8000,3252.4000,3267.8000,3268.2000,3269.8000,3272.8000,3275.8000,1,1,1,1,4,2,3,2,1,1
SF,IH2103,2020-08-04 09:30:11.600,3265.0000,1943,0,8824080.000,0,-,-,-,-,3260.2000,3259.8000,3258.8000,3252.4000,3250.2000,3267.6000,3267.8000,3269.8000,3272.8000,3275.8000,1,1,1,4,1,2,3,2,1,1
SF,IH2103,2020-08-04 09:30:12.100,3265.0000,1943,0,8824080.000,0,-,-,-,-,3260.2000,3259.8000,3252.4000,3250.2000,3250.0000,3267.2000,3267.4000,3267.6000,3269.8000,3272.8000,1,1,4,1,1,2,1,3,2,1
SF,IH2103,2020-08-04 09:30:12.600,3265.0000,1943,0,8824080.000,0,-,-,-,-,3260.8000,3260.4000,3260.2000,3259.8000,3252.4000,3267.0000,3267.2000,3267.4000,3269.8000,3272.8000,1,1,1,1,4,1,3,1,2,1
SF,IH2103,2020-08-04 09:30:13.100,3265.0000,1943,0,8824080.000,0,-,-,-,-,3260.8000,3260.2000,3259.8000,3250.2000,3250.0000,3266.6000,3266.8000,3267.0000,3267.4000,3269.8000,1,1,1,1,1,2,1,2,1,2
SF,IH2103,2020-08-04 09:30:13.600,3265.0000,1943,0,8824080.000,0,-,-,-,-,3260.8000,3260.2000,3259.8000,3250.2000,3250.0000,3266.4000,3266.6000,3267.4000,3269.8000,3272.8000,1,1,1,1,1,2,3,1,2,1
SF,IH2103,2020-08-04 09:30:14.100,3265.0000,1943,0,8824080.000,0,-,-,-,-,3260.8000,3260.2000,3259.8000,3250.2000,3250.0000,3266.0000,3266.4000,3267.4000,3269.8000,3272.8000,1,1,1,1,1,2,3,1,2,1
SF,IH2103,2020-08-04 09:30:14.600,3265.0000,1943,0,8824080.000,0,-,-,-,-,3260.8000,3260.2000,3250.2000,3250.0000,3201.0000,3265.8000,3266.0000,3266.4000,3267.4000,3269.8000,1,1,1,1,1,1,3,1,1,2
SF,IH2103,2020-08-04 09:30:15.100,3265.0000,1943,0,8824080.000,0,-,-,-,-,3260.8000,3260.2000,3250.2000,3250.0000,3201.0000,3265.4000,3265.6000,3265.8000,3266.4000,3267.4000,1,1,1,1,1,1,1,2,1,1
SF,IH2103,2020-08-04 09:30:15.600,3265.0000,1943,0,8824080.000,0,-,-,-,-,3260.8000,3260.2000,3250.2000,3250.0000,3201.0000,3265.2000,3265.4000,3266.4000,3267.4000,3269.8000,1,1,1,1,1,2,2,1,1,2
SF,IH2103,2020-08-04 09:30:16.100,3265.2000,1946,3,12742260.000,4,3,1,空开,S,3265.4000,3260.8000,3260.2000,3250.2000,3250.0000,3266.4000,3267.4000,3269.8000,3272.8000,3275.8000,1,1,1,1,1,1,1,2,1,1
SF,IH2103,2020-08-04 09:30:16.600,3265.2000,1946,0,13721820.000,1,0,1,多换,S,3265.4000,3260.2000,3250.2000,3250.0000,3226.0000,3267.4000,3269.8000,3272.8000,3275.8000,3278.8000,5,1,1,1,8,1,2,1,1,1
SF,IH2103,2020-08-04 09:30:17.100,3265.4000,1947,1,18619920.000,5,3,2,空开,S,3260.2000,3250.2000,3250.0000,3226.0000,3201.0000,3267.4000,3269.8000,3272.8000,3275.8000,3278.8000,1,1,1,8,1,1,2,1,1,1
SF,IH2103,2020-08-04 09:30:17.600,3265.4000,1947,0,18619920.000,0,-,-,-,-,3260.4000,3250.2000,3250.0000,3226.0000,3201.0000,3267.2000,3269.8000,3272.8000,3275.8000,3278.8000,1,1,1,8,1,1,2,1,1,1
SF,IH2103,2020-08-04 09:30:18.100,3265.4000,1947,0,18619920.000,0,-,-,-,-,3260.4000,3250.2000,3250.0000,3226.0000,3201.0000,3267.0000,3267.2000,3269.8000,3272.8000,3275.8000,1,1,1,8,1,1,1,2,1,1
SF,IH2103,2020-08-04 09:30:18.600,3265.4000,1947,0,18619920.000,0,-,-,-,-,3250.2000,3250.0000,3226.0000,3201.0000,3192.2000,3266.8000,3267.0000,3269.8000,3272.8000,3275.8000,1,1,8,1,1,2,1,2,1,1
SF,IH2103,2020-08-04 09:30:19.100,3265.4000,1947,0,18619920.000,0,-,-,-,-,3255.6000,3252.4000,3250.6000,3250.4000,3250.2000,3266.6000,3266.8000,3269.8000,3272.8000,3275.8000,1,1,2,1,1,1,3,3,1,1
SF,IH2103,2020-08-04 09:30:19.600,3265.4000,1947,0,18619920.000,0,-,-,-,-,3256.0000,3255.8000,3250.6000,3250.2000,3250.0000,3266.4000,3266.6000,3266.8000,3269.8000,3272.8000,1,1,1,1,1,1,1,2,3,1
SF,IH2103,2020-08-04 09:30:20.100,3265.4000,1947,0,18619920.000,0,-,-,-,-,3256.2000,3256.0000,3250.6000,3250.2000,3250.0000,3266.0000,3266.4000,3266.6000,3269.8000,3272.8000,1,2,1,1,1,1,1,1,3,1
SF,IH2103,2020-08-04 09:30:20.600,3265.4000,1947,0,18619920.000,0,-,-,-,-,3256.2000,3256.0000,3250.6000,3250.2000,3250.0000,3265.8000,3266.0000,3266.6000,3269.8000,3272.8000,1,2,1,1,1,2,1,1,3,1
SF,IH2103,2020-08-04 09:30:21.100,3265.4000,1947,0,18619920.000,0,-,-,-,-,3258.0000,3256.4000,3256.2000,3256.0000,3250.6000,3265.8000,3266.0000,3266.6000,3269.8000,3272.8000,1,1,1,1,1,2,1,1,3,1
SF,IH2103,2020-08-04 09:30:21.600,3265.4000,1947,0,18619920.000,0,-,-,-,-,3258.2000,3258.0000,3256.4000,3256.0000,3250.6000,3264.8000,3265.8000,3266.6000,3269.8000,3272.8000,1,1,1,1,1,1,2,1,3,1
SF,IH2103,2020-08-04 09:30:22.100,3265.4000,1947,0,18619920.000,0,-,-,-,-,3258.2000,3258.0000,3256.4000,3250.6000,3250.2000,3264.6000,3269.8000,3272.8000,3275.8000,3278.8000,1,1,1,1,1,1,3,1,1,1
SF,IH2103,2020-08-04 09:30:22.600,3265.4000,1947,0,18619920.000,0,-,-,-,-,3258.2000,3256.4000,3250.6000,3250.2000,3250.0000,3264.6000,3269.8000,3272.8000,3275.8000,3278.8000,1,1,1,1,1,1,3,1,1,1
SF,IH2103,2020-08-04 09:30:23.100,3265.4000,1947,0,18619920.000,0,-,-,-,-,3259.8000,3258.4000,3258.2000,3250.6000,3250.2000,3264.6000,3269.8000,3272.8000,3275.8000,3278.8000,1,2,1,1,1,1,3,1,1,1
SF,IH2103,2020-08-04 09:30:23.600,3265.4000,1947,0,18619920.000,0,-,-,-,-,3260.0000,3259.8000,3258.4000,3250.6000,3250.2000,3269.8000,3272.8000,3275.8000,3278.8000,3286.0000,1,1,2,1,1,3,1,1,1,1
SF,IH2103,2020-08-04 09:30:24.100,3265.4000,1947,0,18619920.000,0,-,-,-,-,3260.0000,3259.8000,3258.4000,3250.6000,3250.2000,3269.6000,3269.8000,3272.8000,3275.8000,3278.8000,1,1,2,1,1,3,3,1,1,1
SF,IH2103,2020-08-04 09:30:24.600,3265.4000,1947,0,18619920.000,0,-,-,-,-,3259.8000,3258.4000,3250.6000,3250.2000,3250.0000,3268.0000,3269.6000,3269.8000,3272.8000,3275.8000,1,1,1,1,1,1,3,3,1,1
SF,IH2103,2020-08-04 09:30:25.100,3265.4000,1947,0,18619920.000,0,-,-,-,-,3260.0000,3259.8000,3258.4000,3250.6000,3250.2000,3267.8000,3268.0000,3268.2000,3269.6000,3269.8000,1,1,1,1,1,1,2,1,1,3
SF,IH2103,2020-08-04 09:30:25.600,3265.4000,1947,0,18619920.000,0,-,-,-,-,3260.0000,3259.8000,3258.4000,3250.6000,3250.2000,3266.8000,3267.6000,3267.8000,3268.0000,3269.6000,1,1,1,1,1,1,1,1,2,1
SF,IH2103,2020-08-04 09:30:26.100,3265.4000,1947,0,18619920.000,0,-,-,-,-,3260.0000,3258.4000,3250.6000,3250.2000,3250.0000,3266.6000,3266.8000,3267.0000,3268.0000,3269.8000,1,1,1,1,1,2,1,1,1,3
SF,IH2103,2020-08-04 09:30:26.600,3265.4000,1947,0,18619920.000,0,-,-,-,-,3261.2000,3260.0000,3258.4000,3250.6000,3250.2000,3266.6000,3267.0000,3268.0000,3269.8000,3272.8000,1,1,1,1,1,2,1,1,3,1
SF,IH2103,2020-08-04 09:30:27.100,3261.4000,1947,0,19598340.000,1,0,1,多换,S,3261.2000,3258.4000,3250.6000,3250.2000,3250.0000,3266.6000,3268.0000,3269.8000,3272.8000,3275.8000,1,1,1,1,1,2,1,3,1,1
SF,IH2103,2020-08-04 09:30:27.600,3261.4000,1947,0,19598340.000,0,-,-,-,-,3261.2000,3258.4000,3250.6000,3250.2000,3250.0000,3266.6000,3268.0000,3269.8000,3272.8000,3275.8000,1,1,1,1,1,2,1,3,1,1
SF,IH2103,2020-08-04 09:30:28.100,3261.4000,1947,0,19598340.000,0,-,-,-,-,3261.2000,3258.4000,3250.6000,3250.2000,3250.0000,3266.6000,3268.0000,3269.8000,3272.8000,3275.8000,1,1,1,1,1,2,1,3,1,1
SF,IH2103,2020-08-04 09:30:29.600,3261.4000,1947,0,19598340.000,0,-,-,-,-,3261.2000,3259.8000,3258.4000,3250.6000,3250.2000,3266.6000,3268.0000,3269.8000,3272.8000,3275.8000,1,1,1,1,1,2,1,3,1,1
SF,IH2103,2020-08-04 09:30:30.100,3261.4000,1947,0,19598340.000,0,-,-,-,-,3261.2000,3259.8000,3258.4000,3250.6000,3250.2000,3266.6000,3268.0000,3269.8000,3272.8000,3275.8000,1,1,1,1,1,2,1,3,1,1
SF,IH2103,2020-08-04 09:30:32.600,3261.4000,1947,0,19598340.000,0,-,-,-,-,3261.4000,3261.2000,3259.8000,3250.6000,3250.2000,3266.6000,3268.0000,3269.8000,3272.8000,3275.8000,1,1,1,1,1,2,1,3,1,1
SF,IH2103,2020-08-04 09:30:33.100,3261.4000,1947,0,19598340.000,0,-,-,-,-,3262.0000,3261.6000,3261.4000,3261.2000,3261.0000,3266.6000,3268.0000,3269.8000,3272.8000,3275.8000,1,1,1,1,1,1,1,3,1,1
SF,IH2103,2020-08-04 09:30:33.600,3261.4000,1947,0,19598340.000,0,-,-,-,-,3262.0000,3261.6000,3261.4000,3261.2000,3261.0000,3266.4000,3268.0000,3269.8000,3272.8000,3275.8000,1,1,1,1,1,1,1,3,1,1
SF,IH2103,2020-08-04 09:30:34.100,3261.4000,1947,0,19598340.000,0,-,-,-,-,3262.0000,3261.6000,3261.4000,3261.0000,3259.8000,3266.4000,3268.0000,3269.8000,3272.8000,3275.8000,1,1,1,1,1,1,1,3,1,1
SF,IH2103,2020-08-04 09:30:34.600,3261.4000,1947,0,19598340.000,0,-,-,-,-,3262.0000,3261.4000,3261.0000,3259.8000,3250.6000,3266.4000,3268.0000,3269.8000,3272.8000,3275.8000,1,1,1,1,1,1,1,3,1,1
SF,IH2103,2020-08-04 09:30:35.100,3261.4000,1947,0,19598340.000,0,-,-,-,-,3262.2000,3262.0000,3261.4000,3261.0000,3259.8000,3266.4000,3268.0000,3269.8000,3272.8000,3275.8000,1,1,1,1,1,1,1,3,1,1
SF,IH2103,2020-08-04 09:30:35.600,3261.4000,1947,0,19598340.000,0,-,-,-,-,3262.2000,3262.0000,3261.4000,3261.0000,3259.8000,3266.4000,3268.0000,3269.8000,3272.8000,3275.8000,1,1,1,1,1,1,1,3,1,1
SF,IH2103,2020-08-04 09:30:36.100,3261.4000,1947,0,19598340.000,0,-,-,-,-,3262.8000,3261.4000,3261.0000,3259.8000,3250.6000,3266.4000,3268.0000,3269.8000,3272.8000,3275.8000,1,1,1,1,1,1,1,3,1,1
SF,IH2103,2020-08-04 09:30:36.600,3261.4000,1947,0,19598340.000,0,-,-,-,-,3262.8000,3262.4000,3261.0000,3259.8000,3250.6000,3266.4000,3266.8000,3268.0000,3269.8000,3272.8000,1,1,1,1,1,1,1,1,3,1
SF,IH2103,2020-08-04 09:30:37.100,3261.4000,1947,0,19598340.000,0,-,-,-,-,3262.8000,3262.4000,3261.0000,3259.8000,3250.6000,3266.4000,3266.8000,3268.0000,3269.8000,3272.8000,1,1,1,1,1,1,1,1,3,1
SF,IH2103,2020-08-04 09:30:39.100,3261.4000,1947,0,19598340.000,0,-,-,-,-,3263.0000,3262.8000,3262.4000,3261.0000,3259.8000,3266.4000,3266.8000,3268.0000,3269.8000,3272.8000,1,1,1,1,1,1,1,1,3,1
SF,IH2103,2020-08-04 09:30:39.600,3261.4000,1947,0,19598340.000,0,-,-,-,-,3263.0000,3262.8000,3262.4000,3261.0000,3259.8000,3266.4000,3266.8000,3268.0000,3269.8000,3272.8000,1,1,1,1,1,1,1,1,3,1
SF,IH2103,2020-08-04 09:30:40.100,3261.4000,1947,0,19598340.000,0,-,-,-,-,3263.0000,3262.8000,3262.4000,3261.0000,3259.8000,3266.4000,3266.8000,3268.0000,3269.8000,3272.8000,1,1,1,1,1,1,1,1,3,1
SF,IH2103,2020-08-04 09:30:40.600,3261.4000,1947,0,19598340.000,0,-,-,-,-,3262.8000,3262.4000,3261.0000,3259.8000,3250.6000,3266.4000,3266.8000,3268.0000,3269.8000,3272.8000,1,1,1,1,1,1,1,1,3,1
SF,IH2103,2020-08-04 09:30:41.100,3266.2000,1947,0,20578200.000,1,0,1,多换,S,3262.8000,3262.4000,3261.0000,3259.8000,3250.6000,3266.4000,3266.8000,3268.0000,3269.8000,3272.8000,1,1,1,1,1,1,1,1,3,1
SF,IH2103,2020-08-04 09:30:41.600,3266.2000,1947,0,20578200.000,0,-,-,-,-,3262.4000,3261.0000,3259.8000,3250.6000,3250.2000,3266.4000,3266.8000,3268.0000,3269.8000,3272.8000,1,1,1,1,1,1,1,1,3,1
SF,IH2103,2020-08-04 09:30:42.100,3266.2000,1947,0,20578200.000,0,-,-,-,-,3261.0000,3259.8000,3250.6000,3250.2000,3250.0000,3266.4000,3266.8000,3268.0000,3269.8000,3272.8000,1,1,1,1,1,1,1,1,3,1
SF,IH2103,2020-08-04 09:30:42.600,3266.2000,1947,0,20578200.000,0,-,-,-,-,3261.2000,3261.0000,3259.8000,3250.6000,3250.2000,3266.2000,3266.4000,3266.8000,3268.0000,3269.8000,1,1,1,1,1,1,1,1,1,3
SF,IH2103,2020-08-04 09:30:43.100,3266.2000,1947,0,20578200.000,0,-,-,-,-,3261.2000,3259.8000,3250.6000,3250.2000,3250.0000,3266.0000,3266.2000,3266.8000,3268.0000,3269.8000,1,1,1,1,1,1,1,1,1,3
SF,IH2103,2020-08-04 09:30:43.600,3266.2000,1947,0,20578200.000,0,-,-,-,-,3261.6000,3259.8000,3250.6000,3250.2000,3250.0000,3266.0000,3266.2000,3266.8000,3268.0000,3269.8000,1,1,1,1,1,1,1,1,1,3
SF,IH2103,2020-08-04 09:30:44.100,3266.2000,1947,0,20578200.000,0,-,-,-,-,3261.6000,3259.8000,3250.6000,3250.2000,3250.0000,3265.8000,3266.0000,3266.8000,3268.0000,3269.8000,1,1,1,1,1,1,1,1,1,3
SF,IH2103,2020-08-04 09:30:44.600,3266.2000,1947,0,20578200.000,0,-,-,-,-,3259.8000,3250.6000,3250.2000,3250.0000,3226.0000,3265.6000,3265.8000,3266.8000,3268.0000,3269.8000,1,1,1,1,8,1,1,1,1,3
SF,IH2103,2020-08-04 09:30:45.100,3266.2000,1947,0,20578200.000,0,-,-,-,-,3259.8000,3250.6000,3250.2000,3250.0000,3226.0000,3265.2000,3265.4000,3265.6000,3266.8000,3268.0000,1,1,1,1,8,1,1,1,1,1
SF,IH2103,2020-08-04 09:30:45.600,3266.2000,1947,0,20578200.000,0,-,-,-,-,3259.8000,3250.6000,3250.2000,3250.0000,3226.0000,3265.0000,3265.2000,3266.8000,3268.0000,3269.8000,1,1,1,1,8,2,1,1,1,3
SF,IH2103,2020-08-04 09:30:46.100,3266.2000,1947,0,20578200.000,0,-,-,-,-,3259.8000,3250.6000,3250.2000,3250.0000,3226.0000,3264.6000,3265.0000,3266.8000,3268.0000,3269.8000,1,1,1,2,8,1,2,1,1,3
SF,IH2103,2020-08-04 09:30:46.600,3266.2000,1947,0,20578200.000,0,-,-,-,-,3259.8000,3250.6000,3250.2000,3250.0000,3226.0000,3264.4000,3264.6000,3265.0000,3266.8000,3268.0000,1,1,1,2,8,1,1,1,1,1
SF,IH2103,2020-08-04 09:30:47.100,3266.2000,1947,0,20578200.000,0,-,-,-,-,3259.8000,3250.6000,3250.2000,3250.0000,3226.0000,3264.0000,3264.4000,3265.0000,3266.8000,3268.0000,1,1,1,2,8,1,1,1,1,1
SF,IH2103,2020-08-04 09:30:47.600,3266.2000,1947,0,20578200.000,0,-,-,-,-,3259.8000,3250.6000,3250.2000,3250.0000,3226.0000,3263.8000,3264.0000,3265.0000,3266.8000,3268.0000,1,1,1,2,8,1,1,1,1,1
SF,IH2103,2020-08-04 09:30:48.100,3266.2000,1947,0,20578200.000,0,-,-,-,-,3259.8000,3250.6000,3250.2000,3250.0000,3226.0000,3263.4000,3263.8000,3265.0000,3266.8000,3268.0000,1,1,1,2,8,1,1,1,1,1
SF,IH2103,2020-08-04 09:30:48.600,3266.2000,1947,0,20578200.000,0,-,-,-,-,3259.8000,3250.6000,3250.2000,3250.0000,3226.0000,3263.2000,3263.4000,3265.0000,3266.8000,3268.0000,1,1,1,2,8,1,1,1,1,1
SF,IH2103,2020-08-04 09:30:50.100,3266.2000,1947,0,20578200.000,0,-,-,-,-,3259.8000,3250.6000,3250.2000,3250.0000,3226.0000,3263.0000,3263.2000,3265.0000,3266.8000,3268.0000,1,1,1,2,8,1,1,1,1,1
SF,IH2103,2020-08-04 09:30:50.600,3266.2000,1947,0,20578200.000,0,-,-,-,-,3259.8000,3250.6000,3250.2000,3250.0000,3226.0000,3262.8000,3263.0000,3265.0000,3266.8000,3268.0000,1,1,1,2,8,1,1,1,1,1
SF,IH2103,2020-08-04 09:30:51.100,3266.2000,1947,0,20578200.000,0,-,-,-,-,3259.8000,3250.6000,3250.2000,3250.0000,3226.0000,3262.6000,3262.8000,3265.0000,3266.8000,3268.0000,1,1,1,2,8,1,1,1,1,1
SF,IH2103,2020-08-04 09:30:51.600,3263.0000,1948,1,21557100.000,1,1,0,双开,S,3259.8000,3250.6000,3250.2000,3250.0000,3226.0000,3262.6000,3265.0000,3266.8000,3268.0000,3269.8000,1,1,1,2,8,1,1,1,1,3
SF,IH2103,2020-08-04 09:30:52.100,3263.0000,1948,0,21557100.000,0,-,-,-,-,3259.8000,3250.6000,3250.2000,3250.0000,3226.0000,3262.4000,3262.6000,3265.0000,3266.8000,3268.0000,1,1,1,2,8,1,1,1,1,1
SF,IH2103,2020-08-04 09:30:52.600,3263.0000,1948,0,21557100.000,0,-,-,-,-,3259.8000,3250.6000,3250.2000,3250.0000,3226.0000,3262.0000,3262.4000,3265.0000,3266.8000,3268.0000,1,1,1,2,8,1,1,1,1,1
SF,IH2103,2020-08-04 09:30:53.100,3263.0000,1948,0,21557100.000,0,-,-,-,-,3259.8000,3250.6000,3250.2000,3250.0000,3226.0000,3262.0000,3262.4000,3265.0000,3265.6000,3266.8000,1,1,1,2,8,1,1,1,1,1
SF,IH2103,2020-08-04 09:30:53.600,3263.0000,1948,0,21557100.000,0,-,-,-,-,3261.0000,3259.8000,3250.6000,3250.2000,3250.0000,3262.0000,3262.4000,3265.0000,3265.6000,3266.8000,1,1,1,1,2,1,1,1,1,1
SF,IH2103,2020-08-04 09:30:54.100,3262.0000,1948,0,22535700.000,1,0,1,多换,S,3261.0000,3259.8000,3250.6000,3250.2000,3250.0000,3262.0000,3262.4000,3265.6000,3266.8000,3268.0000,1,1,1,1,2,1,1,1,1,1
SF,IH2103,2020-08-04 09:30:54.600,3262.0000,1948,0,22535700.000,0,-,-,-,-,3261.0000,3259.8000,3250.6000,3250.2000,3250.0000,3262.0000,3262.4000,3265.6000,3266.8000,3268.0000,1,1,1,1,2,1,1,1,1,1
SF,IH2103,2020-08-04 09:30:55.100,3261.0000,1949,1,23514000.000,1,1,0,双开,S,3259.8000,3250.6000,3250.2000,3250.0000,3226.0000,3262.0000,3262.4000,3265.6000,3266.8000,3268.0000,1,1,1,2,8,1,1,1,1,1
SF,IH2103,2020-08-04 09:30:55.600,3261.0000,1949,0,23514000.000,0,-,-,-,-,3259.8000,3250.6000,3250.2000,3250.0000,3226.0000,3261.8000,3262.0000,3265.6000,3266.8000,3268.0000,1,1,1,2,8,1,1,1,1,1
SF,IH2103,2020-08-04 09:30:56.100,3261.0000,1949,0,23514000.000,0,-,-,-,-,3259.8000,3250.6000,3250.2000,3250.0000,3226.0000,3261.4000,3261.8000,3265.6000,3266.8000,3268.0000,1,1,1,2,8,1,1,1,1,1
SF,IH2103,2020-08-04 09:30:56.600,3259.8000,1950,1,24491940.000,1,1,0,双开,S,3250.6000,3250.2000,3250.0000,3226.0000,3201.0000,3261.2000,3261.4000,3265.6000,3266.8000,3268.0000,1,1,2,8,1,1,1,1,1,1
SF,IH2103,2020-08-04 09:30:57.100,3259.8000,1950,0,24491940.000,0,-,-,-,-,3253.2000,3251.0000,3250.8000,3250.6000,3250.2000,3260.8000,3261.0000,3265.6000,3266.8000,3268.0000,1,2,1,1,1,1,1,1,1,1
SF,IH2103,2020-08-04 09:30:57.600,3259.8000,1950,0,24491940.000,0,-,-,-,-,3253.6000,3253.4000,3253.2000,3251.0000,3250.2000,3260.6000,3260.8000,3265.6000,3266.8000,3268.0000,1,2,1,1,1,2,1,1,1,1
SF,IH2103,2020-08-04 09:30:58.100,3259.8000,1950,0,24491940.000,0,-,-,-,-,3253.8000,3253.6000,3253.4000,3253.2000,3251.0000,3260.2000,3260.6000,3265.6000,3266.8000,3268.0000,1,1,1,1,1,1,2,1,1,1
SF,IH2103,2020-08-04 09:30:58.600,3260.0000,1950,0,25469940.000,1,0,1,多换,S,3255.4000,3254.2000,3253.8000,3253.4000,3251.0000,3260.2000,3260.6000,3265.6000,3266.8000,3268.0000,1,1,1,1,1,1,1,1,1,1
SF,IH2103,2020-08-04 09:30:59.100,3260.0000,1950,0,25469940.000,0,-,-,-,-,3255.6000,3255.4000,3254.2000,3253.4000,3251.0000,3260.2000,3260.6000,3265.6000,3266.8000,3268.0000,1,1,1,1,1,1,1,1,1,1
SF,IH2103,2020-08-04 09:30:59.600,3260.0000,1950,0,25469940.000,0,-,-,-,-,3255.6000,3255.4000,3254.2000,3253.4000,3251.0000,3260.2000,3265.6000,3266.8000,3268.0000,3269.8000,1,1,1,1,1,1,1,1,1,1
SF,IH2103,2020-08-04 09:31:00.100,3260.0000,1950,0,25469940.000,0,-,-,-,-,3255.6000,3255.4000,3254.2000,3253.4000,3251.0000,3260.2000,3265.6000,3266.8000,3268.0000,3269.8000,1,1,1,1,1,1,1,1,1,1
SF,IH2103,2020-08-04 09:31:00.600,3260.0000,1950,0,25469940.000,0,-,-,-,-,3255.6000,3254.2000,3253.4000,3251.0000,3250.2000,3260.2000,3265.6000,3266.8000,3268.0000,3269.8000,1,1,1,1,1,1,1,1,1,1
SF,IH2103,2020-08-04 09:31:03.600,3260.0000,1950,0,25469940.000,0,-,-,-,-,3255.6000,3254.2000,3253.4000,3251.0000,3250.2000,3260.2000,3265.6000,3266.8000,3268.0000,3269.8000,1,1,1,1,1,1,1,1,1,1
SF,IH2103,2020-08-04 09:31:04.100,3260.2000,1951,1,26448000.000,1,1,0,双开,S,3256.0000,3255.6000,3254.2000,3253.4000,3251.0000,3265.6000,3266.8000,3268.0000,3269.8000,3272.8000,1,1,1,1,1,1,1,1,1,1
SF,IH2103,2020-08-04 09:31:04.600,3260.2000,1951,0,26448000.000,0,-,-,-,-,3256.2000,3256.0000,3254.2000,3253.4000,3251.0000,3265.4000,3265.6000,3266.8000,3268.0000,3269.8000,1,1,1,1,1,1,1,1,1,1
SF,IH2103,2020-08-04 09:31:05.100,3260.2000,1951,0,26448000.000,0,-,-,-,-,3256.4000,3256.2000,3256.0000,3253.4000,3251.0000,3265.2000,3265.6000,3266.8000,3268.0000,3269.8000,2,2,1,1,1,1,1,1,1,1
SF,IH2103,2020-08-04 09:31:05.600,3260.2000,1951,0,26448000.000,0,-,-,-,-,3257.4000,3256.8000,3256.6000,3256.4000,3256.0000,3265.2000,3265.6000,3266.8000,3268.0000,3269.8000,1,1,2,2,1,1,1,1,1,1
SF,IH2103,2020-08-04 09:31:06.100,3260.2000,1951,0,26448000.000,0,-,-,-,-,3257.8000,3257.6000,3257.4000,3256.8000,3256.6000,3265.6000,3266.8000,3268.0000,3269.8000,3272.8000,2,2,1,1,1,1,1,1,1,1
SF,IH2103,2020-08-04 09:31:06.600,3260.2000,1951,0,26448000.000,0,-,-,-,-,3259.0000,3258.4000,3258.0000,3257.8000,3256.8000,3265.6000,3266.8000,3268.0000,3269.8000,3272.8000,1,1,2,2,1,1,1,1,1,1
SF,IH2103,2020-08-04 09:31:07.100,3260.2000,1951,0,26448000.000,0,-,-,-,-,3259.2000,3259.0000,3258.4000,3257.8000,3256.8000,3265.6000,3266.8000,3268.0000,3269.8000,3272.8000,2,1,1,2,1,1,1,1,1,1
SF,IH2103,2020-08-04 09:31:07.600,3260.2000,1951,0,26448000.000,0,-,-,-,-,3260.6000,3259.2000,3259.0000,3258.4000,3257.8000,3265.4000,3265.6000,3266.8000,3268.0000,3269.8000,1,2,1,1,2,1,1,1,1,1
SF,IH2103,2020-08-04 09:31:09.100,3260.2000,1951,0,26448000.000,0,-,-,-,-,3260.6000,3259.2000,3259.0000,3258.4000,3257.8000,3265.4000,3266.8000,3268.0000,3269.8000,3272.8000,1,2,1,1,2,1,1,1,1,1
SF,IH2103,2020-08-04 09:31:09.600,3260.2000,1951,0,26448000.000,0,-,-,-,-,3260.6000,3259.2000,3259.0000,3258.4000,3257.8000,3265.4000,3266.8000,3268.0000,3269.8000,3272.8000,1,2,1,1,2,1,1,1,1,1
SF,IH2103,2020-08-04 09:31:10.100,3260.2000,1951,0,26448000.000,0,-,-,-,-,3260.8000,3260.6000,3259.2000,3259.0000,3258.4000,3266.8000,3268.0000,3269.8000,3272.8000,3275.8000,1,1,1,1,1,1,1,1,1,1
SF,IH2103,2020-08-04 09:31:10.600,3260.2000,1951,0,26448000.000,0,-,-,-,-,3261.0000,3260.8000,3260.6000,3259.0000,3258.4000,3266.6000,3266.8000,3268.0000,3269.8000,3272.8000,1,1,1,1,1,1,1,1,1,1
SF,IH2103,2020-08-04 09:31:11.100,3260.2000,1951,0,26448000.000,0,-,-,-,-,3261.2000,3261.0000,3260.6000,3259.0000,3258.4000,3266.6000,3266.8000,3268.0000,3269.8000,3272.8000,1,1,1,1,1,1,1,1,1,1
SF,IH2103,2020-08-04 09:31:11.600,3260.2000,1951,0,26448000.000,0,-,-,-,-,3261.4000,3261.2000,3260.6000,3259.0000,3258.4000,3266.6000,3266.8000,3268.0000,3269.8000,3272.8000,1,1,1,1,1,1,1,1,1,1
SF,IH2103,2020-08-04 09:31:12.100,3260.2000,1951,0,26448000.000,0,-,-,-,-,3261.6000,3261.4000,3259.0000,3258.4000,3257.8000,3266.8000,3268.0000,3269.8000,3272.8000,3275.8000,1,1,1,1,2,1,1,1,1,1
SF,IH2103,2020-08-04 09:31:12.600,3260.2000,1951,0,26448000.000,0,-,-,-,-,3261.6000,3261.4000,3259.0000,3258.4000,3256.8000,3266.8000,3268.0000,3269.8000,3272.8000,3275.8000,3,1,1,1,1,1,1,1,1,1
SF,IH2103,2020-08-04 09:31:13.100,3260.2000,1951,0,26448000.000,0,-,-,-,-,3261.8000,3261.6000,3259.0000,3258.4000,3256.8000,3266.8000,3268.0000,3269.8000,3272.8000,3275.8000,1,3,1,1,1,1,1,1,1,1
SF,IH2103,2020-08-04 09:31:13.600,3260.2000,1951,0,26448000.000,0,-,-,-,-,3262.2000,3262.0000,3261.8000,3259.0000,3258.4000,3266.8000,3268.0000,3269.8000,3272.8000,3275.8000,2,1,1,1,1,1,1,1,1,1
SF,IH2103,2020-08-04 09:31:14.100,3260.2000,1951,0,26448000.000,0,-,-,-,-,3262.4000,3262.2000,3261.8000,3259.0000,3258.4000,3266.8000,3268.0000,3269.8000,3272.8000,3275.8000,2,2,1,1,1,1,1,1,1,1
SF,IH2103,2020-08-04 09:31:14.600,3260.2000,1951,0,26448000.000,0,-,-,-,-,3262.8000,3262.6000,3262.4000,3261.8000,3259.0000,3266.8000,3268.0000,3269.8000,3272.8000,3275.8000,1,1,2,1,1,1,1,1,1,1
SF,IH2103,2020-08-04 09:31:15.100,3260.2000,1951,0,26448000.000,0,-,-,-,-,3263.0000,3262.8000,3262.4000,3261.8000,3259.0000,3266.8000,3268.0000,3269.8000,3272.8000,3275.8000,2,1,1,1,1,1,1,1,1,1
SF,IH2103,2020-08-04 09:31:15.600,3266.8000,1950,-1,27428040.000,1,0,1,双平,S,3263.4000,3263.0000,3262.4000,3261.8000,3259.0000,3268.0000,3269.8000,3272.8000,3275.8000,3278.8000,1,2,1,1,1,1,1,1,1,1
SF,IH2103,2020-08-04 09:31:16.100,3266.8000,1950,0,27428040.000,0,-,-,-,-,3263.6000,3263.4000,3263.0000,3262.4000,3261.8000,3267.8000,3268.0000,3269.8000,3272.8000,3275.8000,1,1,1,1,1,1,1,1,1,1
SF,IH2103,2020-08-04 09:31:17.100,3266.8000,1950,0,27428040.000,0,-,-,-,-,3263.6000,3263.4000,3263.0000,3262.4000,3261.8000,3267.8000,3268.0000,3269.8000,3272.8000,3275.8000,1,1,1,1,1,1,1,1,1,1
SF,IH2103,2020-08-04 09:31:18.600,3266.8000,1950,0,27428040.000,0,-,-,-,-,3263.8000,3263.6000,3263.0000,3262.4000,3261.8000,3267.8000,3268.0000,3269.8000,3272.8000,3275.8000,1,1,1,1,1,1,1,1,1,1
SF,IH2103,2020-08-04 09:31:20.600,3266.8000,1950,0,27428040.000,0,-,-,-,-,3263.8000,3263.6000,3263.0000,3262.4000,3261.8000,3266.8000,3267.8000,3268.0000,3269.8000,3272.8000,1,1,1,1,1,1,1,1,1,1
SF,IH2103,2020-08-04 09:31:21.600,3263.8000,1950,0,28407180.000,1,0,1,多换,S,3263.6000,3263.0000,3262.4000,3261.8000,3258.4000,3266.8000,3267.8000,3268.0000,3269.8000,3272.8000,1,1,1,1,1,1,1,1,1,1
SF,IH2103,2020-08-04 09:31:22.100,3263.8000,1950,0,28407180.000,0,-,-,-,-,3263.6000,3263.0000,3262.4000,3258.4000,3256.8000,3266.8000,3267.8000,3268.0000,3269.8000,3272.8000,1,1,1,1,1,1,1,1,1,1
SF,IH2103,2020-08-04 09:31:23.100,3263.8000,1950,0,28407180.000,0,-,-,-,-,3263.6000,3263.0000,3262.4000,3256.8000,3251.0000,3266.8000,3267.8000,3268.0000,3269.8000,3272.8000,1,1,1,1,1,1,1,1,1,1
SF,IH2103,2020-08-04 09:31:23.600,3263.8000,1950,0,28407180.000,0,-,-,-,-,3263.8000,3263.6000,3262.4000,3256.8000,3251.0000,3266.8000,3268.0000,3269.8000,3272.8000,3275.8000,3,1,1,1,1,1,1,1,1,1
SF,IH2103,2020-08-04 09:31:24.100,3263.8000,1950,0,28407180.000,0,-,-,-,-,3264.2000,3263.8000,3262.4000,3256.8000,3251.0000,3266.8000,3268.0000,3269.8000,3272.8000,3275.8000,1,3,1,1,1,1,1,1,1,1
SF,IH2103,2020-08-04 09:31:24.600,3263.8000,1950,0,28407180.000,0,-,-,-,-,3264.4000,3264.2000,3263.8000,3256.8000,3251.0000,3266.8000,3268.0000,3269.8000,3272.8000,3275.8000,1,1,2,1,1,1,1,1,1,1
SF,IH2103,2020-08-04 09:31:25.100,3263.8000,1950,0,28407180.000,0,-,-,-,-,3264.6000,3264.4000,3263.8000,3256.8000,3251.0000,3266.8000,3268.0000,3269.8000,3272.8000,3275.8000,2,3,1,1,1,1,1,1,1,1
SF,IH2103,2020-08-04 09:31:26.100,3263.8000,1950,0,28407180.000,0,-,-,-,-,3264.6000,3264.4000,3263.8000,3256.8000,3251.0000,3266.8000,3268.0000,3269.8000,3272.8000,3275.8000,2,2,1,1,1,1,1,1,1,1
SF,IH2103,2020-08-04 09:31:27.100,3266.8000,1950,0,30367260.000,2,1,1,多换,S,3264.6000,3264.4000,3263.8000,3256.8000,3251.0000,3268.0000,3269.8000,3272.8000,3275.8000,3278.8000,2,2,1,1,1,1,1,1,1,1
SF,IH2103,2020-08-04 09:31:27.600,3266.8000,1950,0,30367260.000,0,-,-,-,-,3264.6000,3264.4000,3263.8000,3256.8000,3251.0000,3268.0000,3269.8000,3272.8000,3275.8000,3278.8000,1,2,1,1,1,1,1,1,1,1
SF,IH2103,2020-08-04 09:31:28.600,3266.8000,1950,0,30367260.000,0,-,-,-,-,3265.0000,3264.6000,3264.4000,3263.8000,3256.8000,3268.0000,3269.8000,3272.8000,3275.8000,3278.8000,1,1,2,1,1,1,1,1,1,1
SF,IH2103,2020-08-04 09:31:29.100,3266.8000,1950,0,30367260.000,0,-,-,-,-,3265.4000,3265.2000,3265.0000,3264.4000,3263.8000,3268.0000,3269.8000,3272.8000,3275.8000,3278.8000,1,1,1,1,1,1,1,1,1,1
SF,IH2103,2020-08-04 09:31:30.100,3266.8000,1950,0,30367260.000,0,-,-,-,-,3265.4000,3265.2000,3264.4000,3263.8000,3262.8000,3268.0000,3269.8000,3272.8000,3275.8000,3278.8000,1,1,1,1,1,1,1,1,1,1
SF,IH2103,2020-08-04 09:31:33.600,3265.2000,1952,2,32326440.000,2,2,0,双开,S,3264.4000,3263.8000,3262.8000,3256.8000,3251.0000,3268.0000,3269.8000,3272.8000,3275.8000,3278.8000,1,1,1,1,1,1,1,1,1,1
SF,IH2103,2020-08-04 09:31:34.100,3265.2000,1952,0,32326440.000,0,-,-,-,-,3264.4000,3263.8000,3262.8000,3256.8000,3251.0000,3267.8000,3268.0000,3269.8000,3272.8000,3275.8000,1,1,1,1,1,1,1,1,1,1
SF,IH2103,2020-08-04 09:31:34.600,3265.2000,1952,0,32326440.000,0,-,-,-,-,3264.4000,3263.8000,3262.8000,3256.8000,3251.0000,3267.6000,3267.8000,3268.0000,3269.8000,3272.8000,1,1,1,1,1,1,1,1,1,1
SF,IH2103,2020-08-04 09:31:35.100,3264.4000,1953,1,33305760.000,1,1,0,双开,S,3263.8000,3262.8000,3256.8000,3251.0000,3250.2000,3267.6000,3268.0000,3269.8000,3272.8000,3275.8000,1,1,1,1,1,1,1,1,1,1
SF,IH2103,2020-08-04 09:31:35.600,3264.4000,1953,0,33305760.000,0,-,-,-,-,3263.8000,3262.8000,3256.8000,3251.0000,3250.2000,3267.4000,3267.6000,3268.0000,3269.8000,3272.8000,1,1,1,1,1,2,1,1,1,1
SF,IH2103,2020-08-04 09:31:36.100,3263.8000,1954,1,34284900.000,1,1,0,双开,S,3262.8000,3256.8000,3251.0000,3250.2000,3250.0000,3267.2000,3267.4000,3267.6000,3268.0000,3269.8000,1,1,1,1,2,1,1,1,1,1
SF,IH2103,2020-08-04 09:31:36.600,3263.8000,1954,0,34284900.000,0,-,-,-,-,3262.8000,3256.8000,3251.0000,3250.2000,3250.0000,3266.8000,3267.0000,3267.2000,3267.6000,3268.0000,1,1,1,1,2,1,1,2,1,1
SF,IH2103,2020-08-04 09:31:37.100,3262.8000,1955,1,35263740.000,1,1,0,双开,S,3256.8000,3251.0000,3250.2000,3250.0000,3226.0000,3266.4000,3266.8000,3267.2000,3267.6000,3268.0000,1,1,1,2,8,1,1,1,1,1
SF,IH2103,2020-08-04 09:31:37.600,3262.8000,1955,0,35263740.000,0,-,-,-,-,3260.2000,3257.2000,3257.0000,3256.8000,3250.2000,3266.0000,3266.2000,3266.4000,3267.2000,3267.6000,2,1,1,1,1,1,1,1,1,1
SF,IH2103,2020-08-04 09:31:38.100,3262.8000,1955,0,35263740.000,0,-,-,-,-,3260.4000,3260.2000,3257.2000,3256.8000,3250.2000,3265.6000,3265.8000,3266.0000,3266.2000,3267.2000,1,2,1,1,1,1,1,1,1,1
SF,IH2103,2020-08-04 09:31:38.600,3262.8000,1955,0,35263740.000,0,-,-,-,-,3260.4000,3260.2000,3257.2000,3256.8000,3250.2000,3265.2000,3265.6000,3265.8000,3267.2000,3267.6000,1,2,1,1,1,1,1,1,1,1
SF,IH2103,2020-08-04 09:31:39.100,3260.4000,1955,0,36241860.000,1,0,1,多换,S,3260.2000,3257.2000,3256.8000,3250.2000,3250.0000,3260.4000,3264.8000,3265.2000,3265.8000,3267.2000,2,1,1,1,2,4,1,1,1,1
SF,IH2103,2020-08-04 09:31:39.600,3260.2000,1952,-3,41132400.000,5,1,4,多平,S,3260.4000,3260.2000,3257.2000,3256.8000,3250.0000,3264.8000,3265.2000,3265.8000,3267.2000,3267.6000,1,1,1,1,2,1,1,1,1,1
SF,IH2103,2020-08-04 09:31:40.100,3260.4000,1953,1,42110520.000,1,1,0,双开,S,3260.2000,3257.2000,3256.8000,3250.0000,3226.0000,3264.4000,3264.6000,3264.8000,3265.8000,3267.2000,1,1,1,2,8,1,2,1,1,1
SF,IH2103,2020-08-04 09:31:40.600,3260.2000,1952,-1,43088580.000,1,0,1,双平,S,3257.2000,3256.8000,3250.0000,3226.0000,3201.0000,3264.0000,3264.2000,3264.4000,3264.6000,3265.8000,1,1,2,8,1,1,1,1,2,1
SF,IH2103,2020-08-04 09:31:41.100,3260.2000,1952,0,43088580.000,0,-,-,-,-,3256.8000,3250.0000,3226.0000,3201.0000,3192.2000,3263.6000,3263.8000,3264.0000,3264.6000,3267.2000,1,2,8,1,1,1,2,1,2,1
SF,IH2103,2020-08-04 09:31:41.600,3260.2000,1952,0,43088580.000,0,-,-,-,-,3250.0000,3226.0000,3201.0000,3192.2000,3170.0000,3263.2000,3263.4000,3263.6000,3264.6000,3267.2000,2,8,1,1,1,1,2,1,2,1
SF,IH2103,2020-08-04 09:31:42.100,3260.2000,1952,0,43088580.000,0,-,-,-,-,3251.0000,3250.4000,3250.2000,3250.0000,3226.0000,3262.8000,3263.0000,3263.2000,3264.6000,3267.2000,1,2,1,2,8,1,1,1,2,1
SF,IH2103,2020-08-04 09:31:42.600,3260.2000,1952,0,43088580.000,0,-,-,-,-,3251.4000,3251.2000,3251.0000,3250.2000,3250.0000,3262.4000,3262.6000,3262.8000,3264.6000,3267.2000,2,1,1,1,2,1,1,1,2,1
SF,IH2103,2020-08-04 09:31:43.100,3260.2000,1952,0,43088580.000,0,-,-,-,-,3251.6000,3251.4000,3250.0000,3226.0000,3201.0000,3262.0000,3262.2000,3262.4000,3264.6000,3267.2000,1,2,2,8,1,1,1,1,1,1
SF,IH2103,2020-08-04 09:31:43.600,3260.2000,1952,0,43088580.000,0,-,-,-,-,3252.0000,3251.6000,3251.4000,3250.0000,3226.0000,3261.6000,3261.8000,3262.0000,3264.6000,3267.2000,1,1,1,2,8,1,2,1,1,1
SF,IH2103,2020-08-04 09:31:44.100,3260.2000,1952,0,43088580.000,0,-,-,-,-,3252.2000,3252.0000,3250.0000,3226.0000,3201.0000,3261.2000,3261.4000,3261.6000,3264.6000,3267.2000,2,1,2,8,1,1,1,1,1,1
SF,IH2103,2020-08-04 09:31:44.600,3260.2000,1952,0,43088580.000,0,-,-,-,-,3252.6000,3252.2000,3250.0000,3226.0000,3201.0000,3260.8000,3261.0000,3261.2000,3264.6000,3267.2000,1,2,2,8,1,1,1,1,1,1
SF,IH2103,2020-08-04 09:31:45.100,3260.2000,1952,0,43088580.000,0,-,-,-,-,3252.8000,3252.6000,3252.2000,3250.0000,3226.0000,3260.4000,3260.8000,3264.6000,3267.2000,3267.6000,2,1,1,2,8,1,1,1,1,1
SF,IH2103,2020-08-04 09:31:45.600,3260.2000,1952,0,43088580.000,0,-,-,-,-,3253.2000,3252.8000,3252.2000,3250.0000,3226.0000,3260.0000,3260.4000,3264.6000,3267.2000,3267.6000,1,2,1,2,8,1,1,1,1,1
SF,IH2103,2020-08-04 09:31:46.100,3260.2000,1952,0,43088580.000,0,-,-,-,-,3256.2000,3253.4000,3253.2000,3252.2000,3250.0000,3259.6000,3259.8000,3260.0000,3264.6000,3267.2000,2,1,1,1,2,1,1,1,1,1
SF,IH2103,2020-08-04 09:31:46.600,3260.2000,1952,0,43088580.000,0,-,-,-,-,3256.2000,3253.4000,3253.2000,3252.2000,3250.0000,3259.6000,3260.0000,3264.6000,3267.2000,3267.6000,2,1,1,1,2,1,1,1,1,1
SF,IH2103,2020-08-04 09:31:47.100,3260.2000,1952,0,43088580.000,0,-,-,-,-,3256.4000,3256.2000,3253.2000,3252.2000,3250.0000,3259.6000,3260.0000,3264.6000,3267.2000,3267.6000,1,2,1,1,2,1,1,1,1,1
SF,IH2103,2020-08-04 09:31:47.600,3259.6000,1953,1,44066460.000,1,1,0,双开,S,3256.4000,3256.2000,3253.2000,3252.2000,3250.0000,3260.0000,3264.6000,3267.2000,3267.6000,3268.0000,1,2,1,1,2,1,1,1,1,1
SF,IH2103,2020-08-04 09:31:48.100,3260.0000,1954,1,45044460.000,1,1,0,双开,S,3257.0000,3256.4000,3253.2000,3252.2000,3250.0000,3264.6000,3267.2000,3268.0000,3269.8000,3272.8000,2,1,1,1,2,1,1,1,1,1
SF,IH2103,2020-08-04 09:31:48.600,3260.0000,1954,0,45044460.000,0,-,-,-,-,3257.2000,3257.0000,3253.2000,3252.2000,3250.0000,3264.6000,3267.2000,3268.0000,3269.8000,3272.8000,4,2,1,1,2,1,1,1,1,1
SF,IH2103,2020-08-04 09:31:49.100,3260.0000,1954,0,45044460.000,0,-,-,-,-,3258.8000,3257.2000,3253.2000,3252.2000,3250.0000,3264.6000,3267.2000,3268.0000,3269.8000,3272.8000,2,4,1,1,2,1,1,1,1,1
SF,IH2103,2020-08-04 09:31:49.600,3260.0000,1954,0,45044460.000,0,-,-,-,-,3259.0000,3258.8000,3257.4000,3257.2000,3252.2000,3263.2000,3264.6000,3267.2000,3268.0000,3269.8000,3,2,1,1,1,1,1,1,1,1
SF,IH2103,2020-08-04 09:31:50.100,3260.0000,1954,0,45044460.000,0,-,-,-,-,3259.8000,3259.0000,3257.4000,3252.2000,3250.0000,3264.6000,3268.0000,3269.8000,3272.8000,3275.8000,2,3,1,1,2,1,1,1,1,1
SF,IH2103,2020-08-04 09:31:50.600,3260.0000,1954,0,45044460.000,0,-,-,-,-,3260.0000,3259.8000,3259.0000,3257.4000,3252.2000,3264.6000,3268.0000,3269.8000,3272.8000,3275.8000,1,2,2,1,1,1,1,1,1,1
SF,IH2103,2020-08-04 09:31:51.600,3260.0000,1954,0,45044460.000,0,-,-,-,-,3260.4000,3260.0000,3259.0000,3257.4000,3252.2000,3264.4000,3264.6000,3268.0000,3269.8000,3272.8000,2,1,2,1,1,1,1,1,1,1
SF,IH2103,2020-08-04 09:31:52.100,3260.0000,1954,0,45044460.000,0,-,-,-,-,3260.6000,3260.4000,3259.0000,3257.4000,3252.2000,3264.4000,3264.6000,3268.0000,3269.8000,3272.8000,1,2,2,1,1,1,1,1,1,1
SF,IH2103,2020-08-04 09:31:53.600,3260.0000,1954,0,45044460.000,0,-,-,-,-,3261.0000,3260.6000,3259.0000,3257.4000,3252.2000,3264.6000,3268.0000,3269.8000,3272.8000,3275.8000,2,1,2,1,1,1,1,1,1,1
SF,IH2103,2020-08-04 09:31:54.100,3260.0000,1954,0,45044460.000,0,-,-,-,-,3261.2000,3261.0000,3259.0000,3257.4000,3252.2000,3264.6000,3268.0000,3269.8000,3272.8000,3275.8000,1,2,2,1,1,1,1,1,1,1
SF,IH2103,2020-08-04 09:31:54.600,3260.0000,1954,0,45044460.000,0,-,-,-,-,3259.0000,3257.4000,3252.2000,3250.0000,3226.0000,3264.6000,3268.0000,3269.8000,3272.8000,3275.8000,2,1,1,2,8,1,1,1,1,1
SF,IH2103,2020-08-04 09:31:55.100,3260.0000,1954,0,45044460.000,0,-,-,-,-,3259.2000,3259.0000,3257.4000,3252.2000,3250.0000,3264.4000,3268.0000,3269.8000,3272.8000,3275.8000,1,2,1,1,2,1,1,1,1,1
SF,IH2103,2020-08-04 09:31:55.600,3260.0000,1954,0,45044460.000,0,-,-,-,-,3259.6000,3259.2000,3257.4000,3252.2000,3250.0000,3264.4000,3268.0000,3269.8000,3272.8000,3275.8000,2,1,1,1,2,1,1,1,1,1
SF,IH2103,2020-08-04 09:31:56.100,3260.0000,1954,0,45044460.000,0,-,-,-,-,3259.8000,3259.6000,3259.4000,3252.2000,3250.0000,3268.0000,3269.8000,3272.8000,3275.8000,3278.8000,1,2,1,1,2,1,1,1,1,1
SF,IH2103,2020-08-04 09:31:56.600,3260.0000,1954,0,45044460.000,0,-,-,-,-,3260.2000,3260.0000,3259.8000,3259.4000,3252.2000,3267.8000,3268.0000,3269.8000,3272.8000,3275.8000,2,1,1,1,1,1,1,1,1,1
SF,IH2103,2020-08-04 09:31:57.100,3260.0000,1954,0,45044460.000,0,-,-,-,-,3260.4000,3260.2000,3259.4000,3252.2000,3250.0000,3267.8000,3268.0000,3269.8000,3272.8000,3275.8000,2,2,1,1,2,1,1,1,1,1
SF,IH2103,2020-08-04 09:31:57.600,3260.0000,1954,0,45044460.000,0,-,-,-,-,3260.4000,3260.2000,3259.4000,3252.2000,3250.0000,3267.2000,3267.6000,3267.8000,3268.0000,3269.8000,3,2,1,1,2,1,1,1,1,1
SF,IH2103,2020-08-04 09:31:58.100,3260.0000,1954,0,45044460.000,0,-,-,-,-,3260.4000,3260.2000,3259.4000,3252.2000,3250.0000,3267.0000,3267.2000,3268.0000,3269.8000,3272.8000,3,2,1,1,2,1,1,1,1,1
SF,IH2103,2020-08-04 09:31:58.600,3260.0000,1954,0,45044460.000,0,-,-,-,-,3260.6000,3260.4000,3260.2000,3259.4000,3252.2000,3266.6000,3268.0000,3269.8000,3272.8000,3275.8000,1,3,1,1,1,1,1,1,1,1
SF,IH2103,2020-08-04 09:31:59.100,3260.0000,1954,0,45044460.000,0,-,-,-,-,3260.8000,3260.6000,3260.2000,3259.4000,3252.2000,3266.6000,3268.0000,3269.8000,3272.8000,3275.8000,2,1,1,1,1,2,1,1,1,1
SF,IH2103,2020-08-04 09:31:59.600,3260.0000,1954,0,45044460.000,0,-,-,-,-,3261.0000,3260.8000,3259.4000,3252.2000,3250.0000,3266.6000,3268.0000,3269.8000,3272.8000,3275.8000,1,4,1,1,2,2,1,1,1,1
SF,IH2103,2020-08-04 09:32:00.100,3260.0000,1954,0,45044460.000,0,-,-,-,-,3261.2000,3261.0000,3260.8000,3259.4000,3252.2000,3266.6000,3268.0000,3269.8000,3272.8000,3275.8000,3,1,1,1,1,2,1,1,1,1
SF,IH2103,2020-08-04 09:32:00.600,3260.0000,1954,0,45044460.000,0,-,-,-,-,3261.6000,3261.2000,3259.4000,3252.2000,3250.0000,3266.6000,3268.0000,3269.8000,3272.8000,3275.8000,1,3,1,1,2,2,1,1,1,1
SF,IH2103,2020-08-04 09:32:01.100,3260.0000,1954,0,45044460.000,0,-,-,-,-,3262.0000,3261.8000,3261.6000,3261.2000,3259.4000,3266.6000,3268.0000,3269.8000,3272.8000,3275.8000,1,1,2,1,1,1,1,1,1,1
SF,IH2103,2020-08-04 09:32:01.600,3260.0000,1954,0,45044460.000,0,-,-,-,-,3262.4000,3262.2000,3262.0000,3261.2000,3259.4000,3266.6000,3268.0000,3269.8000,3272.8000,3275.8000,1,1,1,1,1,1,1,1,1,1
SF,IH2103,2020-08-04 09:32:02.100,3260.0000,1954,0,45044460.000,0,-,-,-,-,3262.8000,3262.6000,3262.4000,3262.2000,3261.2000,3266.6000,3268.0000,3269.8000,3272.8000,3275.8000,1,1,1,1,1,1,1,1,1,1
SF,IH2103,2020-08-04 09:32:02.600,3260.0000,1954,0,45044460.000,0,-,-,-,-,3263.0000,3262.8000,3261.2000,3259.4000,3252.2000,3266.6000,3268.0000,3269.8000,3272.8000,3275.8000,2,1,1,1,1,1,1,1,1,1
SF,IH2103,2020-08-04 09:32:04.600,3260.0000,1954,0,45044460.000,0,-,-,-,-,3263.0000,3261.2000,3259.4000,3252.2000,3250.0000,3266.6000,3268.0000,3269.8000,3272.8000,3275.8000,1,1,1,1,2,1,1,1,1,1
SF,IH2103,2020-08-04 09:32:09.600,3263.0000,1955,1,46023360.000,1,1,0,双开,S,3261.2000,3259.4000,3252.2000,3250.0000,3226.0000,3266.6000,3268.0000,3269.8000,3272.8000,3275.8000,1,1,1,2,8,1,1,1,1,1
SF,IH2103,2020-08-04 09:32:10.100,3263.0000,1955,0,46023360.000,0,-,-,-,-,3261.6000,3261.4000,3261.2000,3259.4000,3252.2000,3266.6000,3268.0000,3269.8000,3272.8000,3275.8000,1,2,1,1,1,1,1,1,1,1
SF,IH2103,2020-08-04 09:32:10.600,3263.0000,1955,0,46023360.000,0,-,-,-,-,3261.8000,3261.6000,3261.4000,3261.2000,3259.4000,3266.6000,3268.0000,3269.8000,3272.8000,3275.8000,2,1,1,1,1,1,1,1,1,1
SF,IH2103,2020-08-04 09:32:11.100,3263.0000,1955,0,46023360.000,0,-,-,-,-,3261.8000,3261.6000,3261.2000,3259.4000,3252.2000,3266.4000,3266.6000,3268.0000,3269.8000,3272.8000,1,1,1,1,1,1,1,1,1,1
SF,IH2103,2020-08-04 09:32:11.600,3263.0000,1955,0,46023360.000,0,-,-,-,-,3261.6000,3261.2000,3259.4000,3252.2000,3250.0000,3266.4000,3268.0000,3269.8000,3272.8000,3275.8000,1,1,1,1,2,1,1,1,1,1
SF,IH2103,2020-08-04 09:32:12.100,3263.0000,1955,0,46023360.000,0,-,-,-,-,3261.2000,3259.4000,3252.2000,3250.0000,3226.0000,3266.0000,3266.4000,3268.0000,3269.8000,3272.8000,1,1,1,2,8,1,1,1,1,1
SF,IH2103,2020-08-04 09:32:12.600,3263.0000,1955,0,46023360.000,0,-,-,-,-,3259.4000,3252.2000,3250.0000,3226.0000,3201.0000,3265.8000,3266.0000,3268.0000,3269.8000,3272.8000,1,1,2,8,1,1,1,1,1,1
SF,IH2103,2020-08-04 09:32:13.100,3263.0000,1955,0,46023360.000,0,-,-,-,-,3252.2000,3250.0000,3226.0000,3201.0000,3192.2000,3265.6000,3265.8000,3266.0000,3268.0000,3269.8000,1,2,8,1,1,2,1,1,1,1
SF,IH2103,2020-08-04 09:32:13.600,3263.0000,1955,0,46023360.000,0,-,-,-,-,3254.6000,3252.6000,3252.4000,3252.2000,3250.0000,3265.6000,3268.0000,3269.8000,3272.8000,3275.8000,1,3,1,1,2,2,1,1,1,1
SF,IH2103,2020-08-04 09:32:14.100,3263.0000,1955,0,46023360.000,0,-,-,-,-,3255.0000,3254.8000,3253.0000,3250.0000,3226.0000,3265.2000,3265.4000,3265.6000,3268.0000,3269.8000,4,1,1,2,8,1,1,2,1,1
SF,IH2103,2020-08-04 09:32:14.600,3263.0000,1955,0,46023360.000,0,-,-,-,-,3255.2000,3255.0000,3250.0000,3226.0000,3201.0000,3265.0000,3265.2000,3265.6000,3268.0000,3269.8000,1,4,2,8,1,2,1,1,1,1
SF,IH2103,2020-08-04 09:32:15.100,3263.0000,1955,0,46023360.000,0,-,-,-,-,3255.6000,3255.2000,3250.0000,3226.0000,3201.0000,3265.0000,3265.2000,3265.6000,3268.0000,3269.8000,5,1,2,8,1,2,1,1,1,1
SF,IH2103,2020-08-04 09:32:15.600,3263.0000,1955,0,46023360.000,0,-,-,-,-,3255.8000,3255.6000,3250.0000,3226.0000,3201.0000,3265.0000,3265.6000,3268.0000,3269.8000,3272.8000,2,5,2,8,1,1,1,1,1,1
SF,IH2103,2020-08-04 09:32:16.100,3263.0000,1955,0,46023360.000,0,-,-,-,-,3256.2000,3255.8000,3255.6000,3250.0000,3226.0000,3264.6000,3265.0000,3265.6000,3268.0000,3269.8000,3,2,1,2,8,1,1,1,1,1
SF,IH2103,2020-08-04 09:32:16.600,3263.0000,1955,0,46023360.000,0,-,-,-,-,3256.4000,3256.2000,3255.6000,3250.0000,3226.0000,3264.4000,3264.6000,3265.6000,3268.0000,3269.8000,2,4,1,2,8,1,1,1,1,1
SF,IH2103,2020-08-04 09:32:17.100,3263.0000,1955,0,46023360.000,0,-,-,-,-,3257.4000,3256.8000,3256.4000,3256.2000,3255.6000,3264.4000,3265.6000,3268.0000,3269.8000,3272.8000,2,2,2,1,1,1,1,1,1,1
SF,IH2103,2020-08-04 09:32:17.600,3263.0000,1955,0,46023360.000,0,-,-,-,-,3257.4000,3256.8000,3256.4000,3255.6000,3250.0000,3264.0000,3264.2000,3264.4000,3265.6000,3268.0000,2,3,1,1,2,1,1,1,1,1
SF,IH2103,2020-08-04 09:32:18.100,3263.0000,1955,0,46023360.000,0,-,-,-,-,3257.6000,3257.4000,3256.8000,3255.6000,3250.0000,3263.8000,3264.0000,3265.6000,3268.0000,3269.8000,1,2,2,1,2,2,1,1,1,1
SF,IH2103,2020-08-04 09:32:18.600,3263.0000,1955,0,46023360.000,0,-,-,-,-,3257.6000,3257.4000,3255.6000,3250.0000,3226.0000,3263.8000,3268.0000,3269.8000,3272.8000,3275.8000,4,2,1,2,8,2,1,1,1,1
SF,IH2103,2020-08-04 09:32:19.100,3263.0000,1955,0,46023360.000,0,-,-,-,-,3257.8000,3257.6000,3257.4000,3255.6000,3250.0000,3263.4000,3263.8000,3268.0000,3269.8000,3272.8000,1,4,2,1,2,1,1,1,1,1
SF,IH2103,2020-08-04 09:32:19.600,3263.0000,1955,0,46023360.000,0,-,-,-,-,3258.2000,3258.0000,3257.8000,3257.6000,3257.4000,3263.2000,3263.4000,3268.0000,3269.8000,3272.8000,2,2,1,1,2,1,1,1,1,1
SF,IH2103,2020-08-04 09:32:20.100,3263.0000,1955,0,46023360.000,0,-,-,-,-,3258.4000,3258.2000,3257.8000,3257.6000,3257.4000,3263.2000,3263.4000,3268.0000,3269.8000,3272.8000,2,2,1,1,2,1,1,1,1,1
SF,IH2103,2020-08-04 09:32:20.600,3263.0000,1955,0,46023360.000,0,-,-,-,-,3258.8000,3258.6000,3258.4000,3257.8000,3257.4000,3268.0000,3269.8000,3272.8000,3275.8000,3278.8000,2,1,2,1,2,1,1,1,1,1
SF,IH2103,2020-08-04 09:32:21.100,3263.0000,1955,0,46023360.000,0,-,-,-,-,3259.0000,3258.8000,3258.4000,3257.8000,3257.4000,3267.8000,3268.0000,3269.8000,3272.8000,3275.8000,1,2,1,1,2,2,1,1,1,1
SF,IH2103,2020-08-04 09:32:21.600,3263.0000,1955,0,46023360.000,0,-,-,-,-,3259.6000,3259.4000,3259.2000,3259.0000,3255.6000,3267.4000,3267.6000,3267.8000,3268.0000,3269.8000,1,2,2,2,1,1,1,2,1,1
SF,IH2103,2020-08-04 09:32:22.100,3263.0000,1955,0,46023360.000,0,-,-,-,-,3260.0000,3259.8000,3259.6000,3259.0000,3255.6000,3267.2000,3267.4000,3267.6000,3267.8000,3268.0000,2,1,1,1,1,1,1,1,1,1
SF,IH2103,2020-08-04 09:32:22.600,3263.0000,1955,0,46023360.000,0,-,-,-,-,3260.2000,3260.0000,3259.8000,3259.6000,3259.0000,3267.0000,3267.2000,3267.6000,3267.8000,3268.0000,2,2,1,1,1,1,1,1,1,1
SF,IH2103,2020-08-04 09:32:23.100,3263.0000,1955,0,46023360.000,0,-,-,-,-,3260.6000,3260.4000,3260.2000,3259.8000,3259.0000,3266.8000,3267.0000,3267.6000,3267.8000,3268.0000,2,1,1,1,1,1,1,1,1,1
SF,IH2103,2020-08-04 09:32:23.600,3263.0000,1955,0,46023360.000,0,-,-,-,-,3260.8000,3260.6000,3260.4000,3259.0000,3255.6000,3266.6000,3266.8000,3267.0000,3267.6000,3267.8000,2,2,2,1,1,1,1,1,1,1
SF,IH2103,2020-08-04 09:32:24.100,3263.0000,1955,0,46023360.000,0,-,-,-,-,3261.0000,3260.8000,3260.6000,3259.0000,3255.6000,3266.4000,3266.6000,3267.0000,3267.6000,3268.0000,1,2,1,1,1,1,1,1,1,1
SF,IH2103,2020-08-04 09:32:24.600,3263.0000,1955,0,46023360.000,0,-,-,-,-,3261.2000,3261.0000,3260.8000,3259.0000,3255.6000,3266.4000,3267.0000,3267.6000,3268.0000,3269.8000,1,2,1,1,1,1,1,1,1,1
SF,IH2103,2020-08-04 09:32:25.100,3263.0000,1955,0,46023360.000,0,-,-,-,-,3261.4000,3261.2000,3261.0000,3260.8000,3259.0000,3266.0000,3266.4000,3267.0000,3267.6000,3268.0000,1,1,2,1,1,1,1,1,1,1
SF,IH2103,2020-08-04 09:32:25.600,3263.0000,1955,0,46023360.000,0,-,-,-,-,3261.0000,3260.8000,3259.0000,3255.6000,3250.0000,3265.8000,3266.0000,3267.0000,3267.6000,3268.0000,2,1,1,1,2,1,1,1,1,1
SF,IH2103,2020-08-04 09:32:26.100,3263.0000,1955,0,46023360.000,0,-,-,-,-,3261.2000,3259.0000,3255.6000,3250.0000,3226.0000,3265.8000,3266.0000,3267.0000,3267.6000,3268.0000,1,1,1,2,8,1,1,1,1,1
SF,IH2103,2020-08-04 09:32:26.600,3263.0000,1955,0,46023360.000,0,-,-,-,-,3259.0000,3255.6000,3250.0000,3226.0000,3201.0000,3265.4000,3265.6000,3265.8000,3267.0000,3267.6000,1,1,2,8,1,1,1,1,1,1
SF,IH2103,2020-08-04 09:32:27.100,3263.0000,1955,0,46023360.000,0,-,-,-,-,3259.2000,3255.6000,3250.0000,3226.0000,3201.0000,3265.2000,3265.4000,3265.6000,3267.0000,3267.6000,1,1,2,8,1,2,1,1,1,1
SF,IH2103,2020-08-04 09:32:27.600,3263.0000,1955,0,46023360.000,0,-,-,-,-,3259.2000,3255.6000,3250.0000,3226.0000,3201.0000,3265.2000,3265.6000,3267.0000,3267.6000,3268.0000,1,1,2,8,1,2,1,1,1,1
SF,IH2103,2020-08-04 09:32:28.100,3263.0000,1955,0,46023360.000,0,-,-,-,-,3259.2000,3255.6000,3250.0000,3226.0000,3201.0000,3264.8000,3265.2000,3265.6000,3267.0000,3267.6000,1,1,2,8,1,1,2,1,1,1
SF,IH2103,2020-08-04 09:32:28.600,3263.0000,1955,0,46023360.000,0,-,-,-,-,3259.2000,3255.6000,3250.0000,3226.0000,3201.0000,3264.6000,3264.8000,3265.6000,3267.0000,3267.6000,1,1,2,8,1,2,1,1,1,1
SF,IH2103,2020-08-04 09:32:29.100,3263.0000,1955,0,46023360.000,0,-,-,-,-,3259.2000,3255.6000,3250.0000,3226.0000,3201.0000,3264.6000,3264.8000,3265.6000,3267.0000,3267.6000,1,1,2,8,1,2,1,1,1,1
SF,IH2103,2020-08-04 09:32:29.600,3263.0000,1955,0,46023360.000,0,-,-,-,-,3255.6000,3250.0000,3226.0000,3201.0000,3192.2000,3264.6000,3265.6000,3267.0000,3267.6000,3268.0000,1,2,8,1,1,2,1,1,1,1
SF,IH2103,2020-08-04 09:32:30.100,3263.0000,1955,0,46023360.000,0,-,-,-,-,3255.8000,3250.0000,3226.0000,3201.0000,3192.2000,3264.2000,3264.6000,3265.6000,3267.0000,3267.6000,1,2,8,1,1,1,2,1,1,1
SF,IH2103,2020-08-04 09:32:30.600,3263.0000,1955,0,46023360.000,0,-,-,-,-,3256.0000,3255.8000,3250.0000,3226.0000,3201.0000,3264.0000,3264.2000,3265.6000,3267.0000,3268.0000,1,1,2,8,1,2,1,1,1,1
SF,IH2103,2020-08-04 09:32:31.100,3263.0000,1955,0,46023360.000,0,-,-,-,-,3256.2000,3256.0000,3250.0000,3226.0000,3201.0000,3264.0000,3265.6000,3268.0000,3269.8000,3272.8000,1,1,2,8,1,2,1,1,1,1
SF,IH2103,2020-08-04 09:32:31.600,3263.0000,1955,0,46023360.000,0,-,-,-,-,3256.2000,3250.0000,3226.0000,3201.0000,3192.2000,3263.6000,3264.0000,3268.0000,3269.8000,3272.8000,1,2,8,1,1,1,2,1,1,1
SF,IH2103,2020-08-04 09:32:32.100,3263.0000,1955,0,46023360.000,0,-,-,-,-,3256.8000,3256.4000,3256.2000,3250.0000,3226.0000,3263.4000,3263.6000,3268.0000,3269.8000,3272.8000,1,1,1,2,8,1,1,1,1,1
SF,IH2103,2020-08-04 09:32:32.600,3263.0000,1955,0,46023360.000,0,-,-,-,-,3257.0000,3256.8000,3250.0000,3226.0000,3201.0000,3268.0000,3269.8000,3272.8000,3275.8000,3278.8000,2,1,2,8,1,1,1,1,1,1
SF,IH2103,2020-08-04 09:32:33.100,3263.0000,1955,0,46023360.000,0,-,-,-,-,3257.0000,3256.8000,3250.0000,3226.0000,3201.0000,3267.8000,3268.0000,3269.8000,3272.8000,3275.8000,1,1,2,8,1,2,1,1,1,1
SF,IH2103,2020-08-04 09:32:33.600,3263.0000,1955,0,46023360.000,0,-,-,-,-,3257.2000,3257.0000,3250.0000,3226.0000,3201.0000,3263.2000,3267.6000,3267.8000,3268.0000,3269.8000,1,1,2,8,1,1,1,2,1,1
SF,IH2103,2020-08-04 09:32:34.100,3263.0000,1955,0,46023360.000,0,-,-,-,-,3257.4000,3257.2000,3250.0000,3226.0000,3201.0000,3263.2000,3267.6000,3267.8000,3268.0000,3269.8000,2,1,2,8,1,1,1,1,1,1
SF,IH2103,2020-08-04 09:32:34.600,3263.0000,1955,0,46023360.000,0,-,-,-,-,3257.6000,3257.4000,3250.0000,3226.0000,3201.0000,3263.2000,3267.6000,3267.8000,3268.0000,3269.8000,1,2,2,8,1,1,1,1,1,1
SF,IH2103,2020-08-04 09:32:35.100,3263.0000,1955,0,46023360.000,0,-,-,-,-,3257.8000,3257.6000,3250.0000,3226.0000,3201.0000,3263.2000,3267.6000,3267.8000,3268.0000,3269.8000,1,1,2,8,1,1,1,1,1,1
SF,IH2103,2020-08-04 09:32:35.600,3263.0000,1955,0,46023360.000,0,-,-,-,-,3258.0000,3257.8000,3250.0000,3226.0000,3201.0000,3263.0000,3263.2000,3267.6000,3268.0000,3269.8000,2,1,2,8,1,1,1,1,1,1
SF,IH2103,2020-08-04 09:32:36.100,3263.0000,1955,0,46023360.000,0,-,-,-,-,3258.0000,3257.8000,3250.0000,3226.0000,3201.0000,3263.0000,3267.6000,3268.0000,3269.8000,3272.8000,2,1,2,8,1,1,1,1,1,1
SF,IH2103,2020-08-04 09:32:36.600,3263.0000,1955,0,46023360.000,0,-,-,-,-,3258.0000,3257.8000,3250.0000,3226.0000,3201.0000,3262.8000,3263.0000,3267.6000,3268.0000,3269.8000,2,1,2,8,1,1,1,1,1,1
SF,IH2103,2020-08-04 09:32:37.100,3263.0000,1955,0,46023360.000,0,-,-,-,-,3258.0000,3250.0000,3226.0000,3201.0000,3192.2000,3262.6000,3262.8000,3267.6000,3268.0000,3269.8000,1,2,8,1,1,1,1,1,1,1
SF,IH2103,2020-08-04 09:32:37.600,3258.0000,1954,-1,47000760.000,1,0,1,双平,S,3250.0000,3226.0000,3201.0000,3192.2000,3170.0000,3262.6000,3267.6000,3268.0000,3269.8000,3272.8000,2,8,1,1,1,1,1,1,1,1
SF,IH2103,2020-08-04 09:32:38.100,3258.0000,1954,0,47000760.000,0,-,-,-,-,3253.6000,3250.4000,3250.2000,3250.0000,3226.0000,3261.0000,3262.4000,3268.0000,3269.8000,3272.8000,1,3,4,2,8,1,1,1,1,1
SF,IH2103,2020-08-04 09:32:38.600,3258.0000,1954,0,47000760.000,0,-,-,-,-,3258.2000,3253.8000,3253.6000,3250.4000,3250.2000,3260.8000,3261.0000,3268.0000,3269.8000,3272.8000,1,1,1,3,3,1,1,1,1,1
SF,IH2103,2020-08-04 09:32:39.100,3258.0000,1954,0,47000760.000,0,-,-,-,-,3258.4000,3258.2000,3253.6000,3250.4000,3250.2000,3261.0000,3268.0000,3269.8000,3272.8000,3275.8000,1,1,1,3,2,1,1,1,1,1
SF,IH2103,2020-08-04 09:32:39.600,3258.0000,1954,0,47000760.000,0,-,-,-,-,3258.4000,3258.2000,3253.6000,3250.4000,3250.2000,3268.0000,3269.8000,3272.8000,3275.8000,3278.8000,1,1,1,3,2,1,1,1,1,1
SF,IH2103,2020-08-04 09:32:40.100,3258.0000,1954,0,47000760.000,0,-,-,-,-,3258.2000,3253.6000,3250.4000,3250.2000,3250.0000,3260.4000,3267.8000,3268.0000,3269.8000,3272.8000,1,1,3,2,2,1,3,1,1,1
SF,IH2103,2020-08-04 09:32:40.600,3260.4000,1953,-1,47978880.000,1,0,1,双平,S,3260.4000,3258.2000,3253.6000,3250.4000,3250.2000,3267.8000,3268.0000,3269.8000,3272.8000,3275.8000,1,1,1,3,2,2,1,1,1,1
SF,IH2103,2020-08-04 09:32:41.100,3260.4000,1953,0,48957000.000,1,0,1,多换,S,3258.2000,3250.4000,3250.2000,3250.0000,3226.0000,3263.4000,3267.6000,3267.8000,3268.0000,3269.8000,1,3,2,2,8,1,2,1,1,1
SF,IH2103,2020-08-04 09:32:41.600,3260.4000,1953,0,48957000.000,0,-,-,-,-,3258.2000,3250.4000,3250.2000,3250.0000,3226.0000,3263.2000,3263.4000,3267.0000,3267.6000,3267.8000,1,3,2,2,8,1,1,1,1,1
SF,IH2103,2020-08-04 09:32:42.100,3260.4000,1953,0,48957000.000,0,-,-,-,-,3258.2000,3250.4000,3250.2000,3250.0000,3226.0000,3262.8000,3263.2000,3267.6000,3267.8000,3268.0000,1,3,2,2,8,1,1,1,1,1
SF,IH2103,2020-08-04 09:32:42.600,3260.4000,1953,0,48957000.000,0,-,-,-,-,3258.2000,3250.4000,3250.2000,3250.0000,3226.0000,3262.6000,3262.8000,3267.6000,3267.8000,3268.0000,1,3,2,2,8,2,2,1,1,1
SF,IH2103,2020-08-04 09:32:43.100,3260.4000,1953,0,48957000.000,0,-,-,-,-,3258.2000,3250.4000,3250.2000,3250.0000,3226.0000,3262.6000,3262.8000,3267.6000,3267.8000,3268.0000,1,3,2,2,8,2,1,1,1,1
SF,IH2103,2020-08-04 09:32:43.600,3260.4000,1953,0,48957000.000,0,-,-,-,-,3258.2000,3250.4000,3250.2000,3250.0000,3226.0000,3262.2000,3262.6000,3267.6000,3267.8000,3268.0000,1,3,2,2,8,2,2,1,1,1
SF,IH2103,2020-08-04 09:32:44.100,3260.4000,1953,0,48957000.000,0,-,-,-,-,3258.4000,3258.2000,3250.4000,3250.2000,3250.0000,3262.2000,3262.4000,3262.6000,3267.6000,3267.8000,1,1,3,2,2,2,1,2,1,1
SF,IH2103,2020-08-04 09:32:44.600,3260.4000,1953,0,48957000.000,0,-,-,-,-,3258.4000,3258.2000,3250.4000,3250.2000,3250.0000,3262.2000,3262.4000,3267.6000,3267.8000,3268.0000,1,1,3,2,2,2,1,1,1,1
SF,IH2103,2020-08-04 09:32:46.100,3260.4000,1953,0,48957000.000,0,-,-,-,-,3258.4000,3258.2000,3250.4000,3250.2000,3250.0000,3262.2000,3267.0000,3267.6000,3267.8000,3268.0000,1,1,3,2,2,2,1,1,1,1
SF,IH2103,2020-08-04 09:32:46.600,3260.4000,1953,0,48957000.000,0,-,-,-,-,3258.6000,3258.4000,3258.2000,3250.4000,3250.2000,3262.2000,3267.0000,3267.6000,3267.8000,3268.0000,1,1,1,3,2,1,1,1,1,1
SF,IH2103,2020-08-04 09:32:47.100,3260.4000,1953,0,48957000.000,0,-,-,-,-,3258.8000,3258.2000,3250.4000,3250.2000,3250.0000,3262.2000,3267.0000,3267.6000,3267.8000,3268.0000,1,1,3,2,2,1,1,1,1,1
SF,IH2103,2020-08-04 09:32:48.600,3260.4000,1953,0,48957000.000,0,-,-,-,-,3258.8000,3257.4000,3250.4000,3250.2000,3250.0000,3262.2000,3267.0000,3267.6000,3267.8000,3268.0000,1,1,3,2,2,1,1,1,1,1
SF,IH2103,2020-08-04 09:32:49.100,3260.4000,1953,0,48957000.000,0,-,-,-,-,3258.8000,3257.4000,3250.4000,3250.2000,3250.0000,3262.2000,3267.0000,3268.0000,3269.8000,3272.8000,1,1,3,2,2,1,1,1,1,1
SF,IH2103,2020-08-04 09:32:49.600,3260.4000,1953,0,48957000.000,0,-,-,-,-,3258.8000,3257.4000,3250.4000,3250.2000,3250.0000,3262.2000,3267.0000,3268.0000,3269.8000,3272.8000,1,1,3,2,2,1,1,1,1,1
SF,IH2103,2020-08-04 09:32:50.100,3262.2000,1953,0,49935660.000,1,0,1,多换,S,3257.4000,3250.4000,3250.2000,3250.0000,3226.0000,3267.0000,3268.0000,3269.8000,3272.8000,3275.8000,1,3,2,2,8,1,1,1,1,1
SF,IH2103,2020-08-04 09:32:50.600,3262.2000,1953,0,49935660.000,0,-,-,-,-,3259.8000,3257.6000,3257.4000,3250.4000,3250.2000,3266.8000,3267.0000,3268.0000,3269.8000,3272.8000,1,2,1,3,2,2,1,1,1,1
SF,IH2103,2020-08-04 09:32:51.100,3262.2000,1953,0,49935660.000,0,-,-,-,-,3260.0000,3259.8000,3257.4000,3250.4000,3250.2000,3266.4000,3266.8000,3267.0000,3268.0000,3269.8000,2,1,1,3,2,1,2,1,1,1
SF,IH2103,2020-08-04 09:32:51.600,3262.2000,1953,0,49935660.000,0,-,-,-,-,3260.0000,3257.4000,3250.4000,3250.2000,3250.0000,3265.2000,3266.2000,3266.4000,3266.8000,3268.0000,2,1,3,2,2,1,1,1,1,1
SF,IH2103,2020-08-04 09:32:52.100,3262.2000,1953,0,49935660.000,0,-,-,-,-,3260.0000,3257.4000,3250.4000,3250.2000,3250.0000,3265.0000,3265.2000,3266.2000,3266.4000,3266.8000,2,1,3,2,2,2,1,1,1,1
SF,IH2103,2020-08-04 09:32:52.600,3262.2000,1953,0,49935660.000,0,-,-,-,-,3260.6000,3260.0000,3257.4000,3250.4000,3250.2000,3264.8000,3265.0000,3265.2000,3266.2000,3266.4000,1,2,1,3,2,1,1,1,1,1
SF,IH2103,2020-08-04 09:32:53.100,3262.2000,1953,0,49935660.000,0,-,-,-,-,3260.0000,3257.4000,3250.4000,3250.2000,3250.0000,3264.6000,3264.8000,3265.0000,3266.2000,3266.4000,1,1,3,2,2,3,1,1,1,1
SF,IH2103,2020-08-04 09:32:53.600,3262.2000,1953,0,49935660.000,0,-,-,-,-,3257.4000,3250.4000,3250.2000,3250.0000,3226.0000,3264.6000,3264.8000,3265.0000,3266.2000,3266.4000,1,3,2,2,8,3,1,1,1,1
SF,IH2103,2020-08-04 09:32:54.100,3262.2000,1953,0,49935660.000,0,-,-,-,-,3257.6000,3257.4000,3250.4000,3250.2000,3250.0000,3264.2000,3264.6000,3265.0000,3266.2000,3266.4000,2,1,3,2,2,1,1,1,1,1
SF,IH2103,2020-08-04 09:32:54.600,3262.2000,1953,0,49935660.000,0,-,-,-,-,3260.0000,3257.6000,3257.4000,3250.4000,3250.2000,3263.8000,3264.2000,3264.6000,3266.2000,3266.4000,1,2,1,3,2,1,1,1,1,1
SF,IH2103,2020-08-04 09:32:55.100,3262.2000,1953,0,49935660.000,0,-,-,-,-,3260.2000,3260.0000,3257.6000,3257.4000,3250.4000,3263.8000,3264.6000,3266.2000,3266.4000,3268.0000,1,1,1,1,3,1,1,1,1,1
SF,IH2103,2020-08-04 09:32:55.600,3262.2000,1953,0,49935660.000,0,-,-,-,-,3260.2000,3257.6000,3257.4000,3250.4000,3250.2000,3263.6000,3263.8000,3264.6000,3266.2000,3266.4000,1,1,1,3,2,1,1,1,1,1
SF,IH2103,2020-08-04 09:32:56.100,3262.2000,1953,0,49935660.000,0,-,-,-,-,3261.0000,3260.2000,3257.6000,3257.4000,3250.4000,3263.8000,3264.6000,3266.2000,3266.4000,3268.0000,1,1,1,1,3,1,1,1,1,1
SF,IH2103,2020-08-04 09:32:57.100,3262.2000,1953,0,49935660.000,0,-,-,-,-,3260.2000,3257.6000,3257.4000,3250.4000,3250.2000,3264.6000,3266.4000,3268.0000,3269.8000,3272.8000,1,1,1,3,2,1,1,1,1,1
SF,IH2103,2020-08-04 09:32:57.600,3262.2000,1953,0,49935660.000,0,-,-,-,-,3260.2000,3257.4000,3250.4000,3250.2000,3250.0000,3264.4000,3264.6000,3266.4000,3268.0000,3269.8000,1,1,3,2,2,1,1,1,1,1
SF,IH2103,2020-08-04 09:32:58.100,3262.2000,1953,0,49935660.000,0,-,-,-,-,3260.2000,3257.4000,3250.4000,3250.2000,3250.0000,3264.6000,3266.4000,3268.0000,3269.8000,3272.8000,1,1,3,2,2,1,1,1,1,1
SF,IH2103,2020-08-04 09:32:58.600,3262.2000,1953,0,49935660.000,0,-,-,-,-,3260.2000,3257.4000,3250.4000,3250.2000,3250.0000,3264.2000,3264.4000,3264.6000,3266.4000,3268.0000,1,1,3,2,2,1,1,1,1,1
SF,IH2103,2020-08-04 09:32:59.100,3262.2000,1953,0,49935660.000,0,-,-,-,-,3260.2000,3257.4000,3250.4000,3250.2000,3250.0000,3264.2000,3264.4000,3264.6000,3266.4000,3268.0000,1,1,3,2,2,1,1,1,1,1
SF,IH2103,2020-08-04 09:32:59.600,3262.2000,1953,0,49935660.000,0,-,-,-,-,3257.4000,3250.4000,3250.2000,3250.0000,3226.0000,3264.0000,3264.2000,3264.4000,3264.6000,3266.4000,1,3,2,2,8,1,1,1,1,1
SF,IH2103,2020-08-04 09:33:00.100,3262.2000,1953,0,49935660.000,0,-,-,-,-,3257.6000,3257.4000,3250.4000,3250.2000,3250.0000,3263.6000,3263.8000,3264.4000,3264.6000,3266.4000,1,1,3,2,2,1,1,1,1,1
SF,IH2103,2020-08-04 09:33:00.600,3262.2000,1953,0,49935660.000,0,-,-,-,-,3259.4000,3257.6000,3257.4000,3250.4000,3250.2000,3263.4000,3263.6000,3266.4000,3268.0000,3269.8000,1,1,1,3,2,1,1,1,1,1
SF,IH2103,2020-08-04 09:33:01.100,3262.2000,1953,0,49935660.000,0,-,-,-,-,3259.6000,3259.4000,3257.4000,3250.4000,3250.2000,3263.2000,3263.6000,3266.4000,3268.0000,3269.8000,1,1,1,3,2,1,1,1,1,1
SF,IH2103,2020-08-04 09:33:01.600,3262.2000,1953,0,49935660.000,0,-,-,-,-,3259.6000,3257.4000,3250.4000,3250.2000,3250.0000,3263.2000,3263.6000,3266.4000,3268.0000,3269.8000,1,1,3,2,2,1,1,1,1,1
SF,IH2103,2020-08-04 09:33:02.100,3262.2000,1953,0,49935660.000,0,-,-,-,-,3260.6000,3259.6000,3257.4000,3250.4000,3250.2000,3263.2000,3266.4000,3268.0000,3269.8000,3272.8000,1,1,1,3,2,1,1,1,1,1
SF,IH2103,2020-08-04 09:33:02.600,3263.2000,1953,0,50914620.000,1,0,1,多换,S,3260.8000,3260.6000,3257.4000,3250.4000,3250.2000,3266.4000,3268.0000,3269.8000,3272.8000,3275.8000,1,1,1,3,2,1,1,1,1,1
SF,IH2103,2020-08-04 09:33:03.100,3263.2000,1953,0,50914620.000,0,-,-,-,-,3261.0000,3260.8000,3257.4000,3250.4000,3250.2000,3266.4000,3268.0000,3269.8000,3272.8000,3275.8000,1,1,1,3,2,1,1,1,1,1
SF,IH2103,2020-08-04 09:33:03.600,3263.2000,1953,0,50914620.000,0,-,-,-,-,3261.8000,3261.2000,3261.0000,3257.4000,3250.4000,3266.4000,3268.0000,3269.8000,3272.8000,3275.8000,1,1,1,1,3,1,1,1,1,1
SF,IH2103,2020-08-04 09:33:04.100,3263.2000,1953,0,50914620.000,0,-,-,-,-,3262.0000,3261.8000,3261.0000,3257.4000,3250.4000,3266.4000,3268.0000,3269.8000,3272.8000,3275.8000,1,1,1,1,3,1,1,1,1,1
SF,IH2103,2020-08-04 09:33:05.100,3263.2000,1953,0,50914620.000,0,-,-,-,-,3262.0000,3261.0000,3257.4000,3250.4000,3250.2000,3266.4000,3268.0000,3269.8000,3272.8000,3275.8000,1,1,1,3,2,1,1,1,1,1
SF,IH2103,2020-08-04 09:33:05.600,3263.2000,1953,0,50914620.000,0,-,-,-,-,3262.4000,3262.0000,3261.0000,3257.4000,3250.4000,3266.4000,3268.0000,3269.8000,3272.8000,3275.8000,1,1,1,1,3,1,1,1,1,1
SF,IH2103,2020-08-04 09:33:06.100,3263.2000,1953,0,50914620.000,0,-,-,-,-,3262.6000,3262.4000,3261.0000,3257.4000,3250.4000,3266.4000,3268.0000,3269.8000,3272.8000,3275.8000,1,1,1,1,3,1,1,1,1,1
SF,IH2103,2020-08-04 09:33:06.600,3263.2000,1953,0,50914620.000,0,-,-,-,-,3262.6000,3261.0000,3257.4000,3250.4000,3250.2000,3266.4000,3268.0000,3269.8000,3272.8000,3275.8000,1,1,1,3,2,1,1,1,1,1
SF,IH2103,2020-08-04 09:33:07.100,3263.2000,1953,0,50914620.000,0,-,-,-,-,3262.6000,3261.0000,3257.4000,3250.4000,3250.2000,3266.4000,3268.0000,3269.8000,3272.8000,3275.8000,1,1,1,3,2,1,1,1,1,1
SF,IH2103,2020-08-04 09:33:07.600,3263.2000,1953,0,50914620.000,0,-,-,-,-,3262.8000,3262.6000,3261.0000,3257.4000,3250.4000,3266.4000,3268.0000,3269.8000,3272.8000,3275.8000,1,1,1,1,3,1,1,1,1,1
SF,IH2103,2020-08-04 09:33:08.100,3263.2000,1953,0,50914620.000,0,-,-,-,-,3263.0000,3262.8000,3261.0000,3257.4000,3250.4000,3266.4000,3268.0000,3269.8000,3272.8000,3275.8000,2,1,1,1,3,1,1,1,1,1
SF,IH2103,2020-08-04 09:33:08.600,3263.2000,1953,0,50914620.000,0,-,-,-,-,3263.2000,3263.0000,3262.8000,3261.0000,3257.4000,3266.4000,3268.0000,3269.8000,3272.8000,3275.8000,1,4,1,1,1,1,1,1,1,1
SF,IH2103,2020-08-04 09:33:09.100,3263.2000,1953,0,50914620.000,0,-,-,-,-,3263.4000,3263.2000,3262.8000,3261.0000,3257.4000,3266.4000,3268.0000,3269.8000,3272.8000,3275.8000,3,1,1,1,1,1,1,1,1,1
SF,IH2103,2020-08-04 09:33:12.100,3263.2000,1953,0,50914620.000,0,-,-,-,-,3263.4000,3263.2000,3262.8000,3261.0000,3257.4000,3266.2000,3266.4000,3268.0000,3269.8000,3272.8000,1,1,1,1,1,1,1,1,1,1
SF,IH2103,2020-08-04 09:33:12.600,3263.2000,1953,0,50914620.000,0,-,-,-,-,3263.4000,3263.2000,3261.0000,3257.4000,3250.4000,3266.2000,3266.4000,3268.0000,3269.8000,3272.8000,1,1,1,1,1,1,1,1,1,1
SF,IH2103,2020-08-04 09:33:13.100,3263.2000,1953,0,50914620.000,0,-,-,-,-,3263.4000,3261.0000,3257.4000,3250.4000,3250.2000,3266.2000,3266.4000,3268.0000,3269.8000,3272.8000,1,1,1,1,2,1,1,1,1,1
SF,IH2103,2020-08-04 09:33:15.100,3266.2000,1953,0,51894480.000,1,0,1,多换,S,3263.6000,3263.4000,3261.0000,3257.4000,3250.4000,3266.4000,3268.0000,3269.8000,3272.8000,3275.8000,1,1,1,1,1,1,1,1,1,1
SF,IH2103,2020-08-04 09:33:15.600,3266.2000,1953,0,51894480.000,0,-,-,-,-,3263.8000,3263.6000,3261.0000,3257.4000,3250.4000,3266.4000,3268.0000,3269.8000,3272.8000,3275.8000,1,1,1,1,1,1,1,1,1,1
SF,IH2103,2020-08-04 09:33:16.100,3266.2000,1953,0,51894480.000,0,-,-,-,-,3263.8000,3261.0000,3257.4000,3250.4000,3250.2000,3266.4000,3268.0000,3269.8000,3272.8000,3275.8000,1,1,1,1,2,1,1,1,1,1
SF,IH2103,2020-08-04 09:33:18.100,3266.2000,1953,0,51894480.000,0,-,-,-,-,3264.0000,3263.8000,3261.0000,3257.4000,3250.4000,3266.4000,3268.0000,3269.8000,3272.8000,3275.8000,1,1,1,1,1,1,1,1,1,1
SF,IH2103,2020-08-04 09:33:18.600,3266.2000,1953,0,51894480.000,0,-,-,-,-,3264.2000,3264.0000,3261.0000,3257.4000,3250.4000,3266.4000,3268.0000,3269.8000,3272.8000,3275.8000,1,1,1,1,1,1,1,1,1,1
SF,IH2103,2020-08-04 09:33:19.100,3266.2000,1953,0,51894480.000,0,-,-,-,-,3264.2000,3261.0000,3257.4000,3250.4000,3250.2000,3266.4000,3268.0000,3269.8000,3272.8000,3275.8000,1,1,1,1,2,1,1,1,1,1
SF,IH2103,2020-08-04 09:33:21.600,3264.2000,1954,1,52873740.000,1,1,0,双开,S,3261.0000,3257.4000,3250.4000,3250.2000,3250.0000,3266.4000,3268.0000,3269.8000,3272.8000,3275.8000,1,1,1,2,2,1,1,1,1,1
SF,IH2103,2020-08-04 09:33:22.100,3264.2000,1954,0,52873740.000,0,-,-,-,-,3261.4000,3261.2000,3257.4000,3250.4000,3250.2000,3266.2000,3266.4000,3268.0000,3269.8000,3272.8000,2,1,1,1,2,1,1,1,1,1
SF,IH2103,2020-08-04 09:33:22.600,3264.2000,1954,0,52873740.000,0,-,-,-,-,3262.4000,3261.6000,3261.4000,3257.4000,3250.4000,3266.0000,3266.4000,3268.0000,3269.8000,3272.8000,1,1,2,1,1,1,1,1,1,1
SF,IH2103,2020-08-04 09:33:23.100,3264.2000,1954,0,52873740.000,0,-,-,-,-,3262.6000,3262.4000,3261.4000,3257.4000,3250.4000,3266.4000,3268.0000,3269.8000,3272.8000,3275.8000,1,1,2,1,1,1,1,1,1,1
SF,IH2103,2020-08-04 09:33:23.600,3264.2000,1954,0,52873740.000,0,-,-,-,-,3262.6000,3261.4000,3257.4000,3250.4000,3250.2000,3266.4000,3268.0000,3269.8000,3272.8000,3275.8000,1,2,1,1,2,1,1,1,1,1
SF,IH2103,2020-08-04 09:33:24.100,3264.2000,1954,0,52873740.000,0,-,-,-,-,3263.0000,3262.6000,3261.4000,3257.4000,3250.4000,3266.4000,3268.0000,3269.8000,3272.8000,3275.8000,1,1,2,1,1,1,1,1,1,1
SF,IH2103,2020-08-04 09:33:24.600,3264.2000,1954,0,52873740.000,0,-,-,-,-,3263.0000,3262.6000,3261.4000,3257.4000,3250.4000,3266.4000,3268.0000,3269.8000,3272.8000,3275.8000,1,1,2,1,1,1,1,1,1,1
SF,IH2103,2020-08-04 09:33:25.100,3264.2000,1954,0,52873740.000,0,-,-,-,-,3263.2000,3263.0000,3261.4000,3257.4000,3250.4000,3266.4000,3268.0000,3269.8000,3272.8000,3275.8000,1,1,2,1,1,1,1,1,1,1
SF,IH2103,2020-08-04 09:33:25.600,3264.2000,1954,0,52873740.000,0,-,-,-,-,3263.2000,3261.4000,3257.4000,3250.4000,3250.2000,3266.4000,3268.0000,3269.8000,3272.8000,3275.8000,1,2,1,1,2,1,1,1,1,1
SF,IH2103,2020-08-04 09:33:26.100,3264.2000,1954,0,52873740.000,0,-,-,-,-,3263.4000,3263.2000,3261.4000,3257.4000,3250.4000,3266.4000,3268.0000,3269.8000,3272.8000,3275.8000,1,1,2,1,1,1,1,1,1,1
SF,IH2103,2020-08-04 09:33:26.600,3264.2000,1954,0,52873740.000,0,-,-,-,-,3263.6000,3263.4000,3261.4000,3257.4000,3250.4000,3266.4000,3268.0000,3269.8000,3272.8000,3275.8000,1,1,2,1,1,1,1,1,1,1
SF,IH2103,2020-08-04 09:33:27.100,3264.2000,1954,0,52873740.000,0,-,-,-,-,3263.6000,3261.4000,3257.4000,3250.4000,3250.2000,3266.4000,3268.0000,3269.8000,3272.8000,3275.8000,1,2,1,1,2,1,1,1,1,1
SF,IH2103,2020-08-04 09:33:27.600,3264.2000,1954,0,52873740.000,0,-,-,-,-,3263.8000,3263.6000,3261.4000,3257.4000,3250.4000,3266.4000,3268.0000,3269.8000,3272.8000,3275.8000,1,1,2,1,1,1,1,1,1,1
SF,IH2103,2020-08-04 09:33:29.600,3264.2000,1954,0,52873740.000,0,-,-,-,-,3263.6000,3261.4000,3257.4000,3250.4000,3250.2000,3266.4000,3268.0000,3269.8000,3272.8000,3275.8000,1,2,1,1,2,1,1,1,1,1
SF,IH2103,2020-08-04 09:33:30.100,3264.2000,1954,0,52873740.000,0,-,-,-,-,3261.4000,3250.4000,3250.2000,3250.0000,3226.0000,3266.2000,3266.4000,3268.0000,3269.8000,3272.8000,2,1,2,2,8,1,1,1,1,1
SF,IH2103,2020-08-04 09:33:30.600,3264.2000,1954,0,52873740.000,0,-,-,-,-,3261.6000,3261.4000,3250.4000,3250.2000,3250.0000,3266.4000,3268.0000,3269.8000,3272.8000,3275.8000,1,2,1,2,2,1,1,1,1,1
SF,IH2103,2020-08-04 09:33:31.100,3264.2000,1954,0,52873740.000,0,-,-,-,-,3262.8000,3261.6000,3261.4000,3250.4000,3250.2000,3266.2000,3266.4000,3268.0000,3269.8000,3272.8000,1,1,2,1,2,1,1,1,1,1
SF,IH2103,2020-08-04 09:33:31.600,3264.2000,1954,0,52873740.000,0,-,-,-,-,3261.4000,3250.4000,3250.2000,3250.0000,3226.0000,3266.0000,3266.2000,3266.4000,3268.0000,3269.8000,2,1,2,2,8,1,1,1,1,1
SF,IH2103,2020-08-04 09:33:32.100,3264.2000,1954,0,52873740.000,0,-,-,-,-,3261.6000,3250.4000,3250.2000,3250.0000,3226.0000,3266.0000,3266.2000,3266.4000,3268.0000,3269.8000,1,1,2,2,8,1,1,1,1,1
SF,IH2103,2020-08-04 09:33:32.600,3264.2000,1954,0,52873740.000,0,-,-,-,-,3263.6000,3261.6000,3250.4000,3250.2000,3250.0000,3266.0000,3266.4000,3268.0000,3269.8000,3272.8000,1,1,1,2,2,1,1,1,1,1
SF,IH2103,2020-08-04 09:33:33.100,3264.2000,1954,0,52873740.000,0,-,-,-,-,3250.4000,3250.2000,3250.0000,3226.0000,3201.0000,3265.8000,3266.0000,3266.4000,3268.0000,3269.8000,1,2,2,8,1,1,1,1,1,1
SF,IH2103,2020-08-04 09:33:33.600,3264.2000,1954,0,52873740.000,0,-,-,-,-,3255.4000,3252.2000,3250.8000,3250.6000,3250.4000,3266.4000,3268.0000,3269.8000,3272.8000,3275.8000,1,1,3,3,1,1,1,1,1,1
SF,IH2103,2020-08-04 09:33:34.100,3264.2000,1954,0,52873740.000,0,-,-,-,-,3263.8000,3255.8000,3255.6000,3255.4000,3252.2000,3266.4000,3268.0000,3269.8000,3272.8000,3275.8000,1,4,2,1,1,1,1,1,1,1
SF,IH2103,2020-08-04 09:33:34.600,3264.2000,1954,0,52873740.000,0,-,-,-,-,3263.8000,3255.8000,3255.6000,3250.2000,3250.0000,3266.2000,3266.4000,3268.0000,3269.8000,3272.8000,1,4,2,1,2,1,1,1,1,1
SF,IH2103,2020-08-04 09:33:37.600,3264.2000,1954,0,52873740.000,0,-,-,-,-,3255.8000,3255.6000,3250.2000,3250.0000,3226.0000,3266.2000,3266.4000,3268.0000,3269.8000,3272.8000,4,2,1,2,8,1,1,1,1,1
SF,IH2103,2020-08-04 09:33:38.100,3264.2000,1954,0,52873740.000,0,-,-,-,-,3256.0000,3255.8000,3250.2000,3250.0000,3226.0000,3266.4000,3268.0000,3269.8000,3272.8000,3275.8000,2,4,1,2,8,1,1,1,1,1
SF,IH2103,2020-08-04 09:33:38.600,3264.2000,1954,0,52873740.000,0,-,-,-,-,3263.2000,3256.4000,3256.2000,3256.0000,3250.2000,3266.4000,3268.0000,3269.8000,3272.8000,3275.8000,1,4,1,2,1,1,1,1,1,1
SF,IH2103,2020-08-04 09:33:39.100,3264.2000,1954,0,52873740.000,0,-,-,-,-,3263.2000,3256.4000,3256.0000,3250.2000,3250.0000,3266.2000,3266.4000,3268.0000,3269.8000,3272.8000,1,4,2,1,2,1,1,1,1,1
SF,IH2103,2020-08-04 09:33:40.100,3264.2000,1954,0,52873740.000,0,-,-,-,-,3263.2000,3258.0000,3256.4000,3256.0000,3250.2000,3266.2000,3266.4000,3268.0000,3269.8000,3272.8000,1,1,4,2,1,1,1,1,1,1
SF,IH2103,2020-08-04 09:33:40.600,3264.2000,1954,0,52873740.000,0,-,-,-,-,3263.2000,3258.0000,3256.4000,3256.0000,3250.2000,3266.2000,3266.4000,3268.0000,3269.8000,3272.8000,1,1,4,2,1,1,1,1,1,1
SF,IH2103,2020-08-04 09:33:41.100,3264.2000,1954,0,52873740.000,0,-,-,-,-,3263.4000,3263.2000,3258.0000,3256.4000,3256.0000,3266.4000,3268.0000,3269.8000,3272.8000,3275.8000,1,1,1,4,1,1,1,1,1,1
SF,IH2103,2020-08-04 09:33:41.600,3264.2000,1954,0,52873740.000,0,-,-,-,-,3263.4000,3258.0000,3256.4000,3256.0000,3250.2000,3266.4000,3268.0000,3269.8000,3272.8000,3275.8000,1,1,4,1,1,1,1,1,1,1
SF,IH2103,2020-08-04 09:33:42.100,3264.2000,1954,0,52873740.000,0,-,-,-,-,3266.0000,3263.4000,3256.4000,3256.0000,3250.2000,3266.4000,3268.0000,3269.8000,3272.8000,3275.8000,1,1,4,1,1,1,1,1,1,1
SF,IH2103,2020-08-04 09:33:42.600,3266.4000,1953,-1,54833460.000,2,0,2,多平,S,3266.6000,3263.4000,3256.4000,3256.0000,3250.2000,3268.0000,3269.8000,3272.8000,3275.8000,3278.8000,1,1,4,1,1,1,1,1,1,1
SF,IH2103,2020-08-04 09:33:43.100,3266.4000,1953,0,54833460.000,0,-,-,-,-,3256.4000,3256.0000,3250.2000,3250.0000,3226.0000,3267.8000,3268.0000,3269.8000,3272.8000,3275.8000,4,1,1,2,8,1,1,1,1,1
SF,IH2103,2020-08-04 09:33:43.600,3266.4000,1953,0,54833460.000,0,-,-,-,-,3258.2000,3256.6000,3256.4000,3250.2000,3250.0000,3268.0000,3269.8000,3272.8000,3275.8000,3278.8000,1,3,4,1,2,1,1,1,1,1
SF,IH2103,2020-08-04 09:33:44.100,3266.4000,1953,0,54833460.000,0,-,-,-,-,3258.6000,3258.4000,3258.2000,3257.4000,3256.6000,3268.0000,3269.8000,3272.8000,3275.8000,3278.8000,4,2,1,1,1,1,1,1,1,1
SF,IH2103,2020-08-04 09:33:44.600,3266.4000,1953,0,54833460.000,0,-,-,-,-,3259.2000,3258.8000,3258.6000,3258.2000,3256.6000,3268.0000,3269.8000,3272.8000,3275.8000,3278.8000,1,2,4,1,1,1,1,1,1,1
SF,IH2103,2020-08-04 09:33:45.100,3266.4000,1953,0,54833460.000,0,-,-,-,-,3259.6000,3259.4000,3259.2000,3258.2000,3256.6000,3267.8000,3268.0000,3269.8000,3272.8000,3275.8000,4,3,1,1,1,2,1,1,1,1
SF,IH2103,2020-08-04 09:33:45.600,3266.4000,1953,0,54833460.000,0,-,-,-,-,3259.8000,3259.6000,3259.2000,3250.2000,3250.0000,3267.8000,3268.0000,3269.8000,3272.8000,3275.8000,2,4,1,1,2,2,1,1,1,1
SF,IH2103,2020-08-04 09:33:46.100,3266.4000,1953,0,54833460.000,0,-,-,-,-,3260.2000,3259.8000,3259.2000,3250.2000,3250.0000,3267.8000,3268.0000,3269.8000,3272.8000,3275.8000,5,2,1,1,2,2,1,1,1,1
SF,IH2103,2020-08-04 09:33:46.600,3266.4000,1953,0,54833460.000,0,-,-,-,-,3260.4000,3260.2000,3250.2000,3250.0000,3226.0000,3267.8000,3268.0000,3269.8000,3272.8000,3275.8000,2,5,1,2,8,1,1,1,1,1
SF,IH2103,2020-08-04 09:33:47.100,3266.4000,1953,0,54833460.000,0,-,-,-,-,3260.8000,3260.4000,3260.2000,3250.2000,3250.0000,3267.8000,3268.0000,3269.8000,3272.8000,3275.8000,3,2,1,1,2,1,1,1,1,1
SF,IH2103,2020-08-04 09:33:47.600,3266.4000,1953,0,54833460.000,0,-,-,-,-,3261.0000,3260.8000,3260.2000,3250.2000,3250.0000,3267.6000,3267.8000,3268.0000,3269.8000,3272.8000,4,3,1,1,2,1,1,1,1,1
SF,IH2103,2020-08-04 09:33:48.100,3266.4000,1953,0,54833460.000,0,-,-,-,-,3261.4000,3261.0000,3260.2000,3250.2000,3250.0000,3268.0000,3269.8000,3272.8000,3275.8000,3278.8000,3,4,1,1,2,1,1,1,1,1
SF,IH2103,2020-08-04 09:33:48.600,3266.4000,1953,0,54833460.000,0,-,-,-,-,3261.6000,3261.4000,3261.0000,3260.2000,3250.2000,3268.0000,3269.8000,3272.8000,3275.8000,3278.8000,2,3,1,1,1,1,1,1,1,1
SF,IH2103,2020-08-04 09:33:49.100,3266.4000,1953,0,54833460.000,0,-,-,-,-,3262.6000,3262.0000,3261.6000,3260.2000,3250.2000,3268.0000,3269.8000,3272.8000,3275.8000,3278.8000,2,4,2,1,1,1,1,1,1,1
SF,IH2103,2020-08-04 09:33:49.600,3266.4000,1953,0,54833460.000,0,-,-,-,-,3263.0000,3262.8000,3262.6000,3262.0000,3260.2000,3267.8000,3268.0000,3269.8000,3272.8000,3275.8000,2,1,2,1,1,1,1,1,1,1
SF,IH2103,2020-08-04 09:33:50.100,3266.4000,1953,0,54833460.000,0,-,-,-,-,3263.0000,3262.8000,3262.6000,3262.0000,3260.2000,3267.6000,3268.0000,3269.8000,3272.8000,3275.8000,3,1,2,1,1,1,1,1,1,1
SF,IH2103,2020-08-04 09:33:50.600,3266.4000,1953,0,54833460.000,0,-,-,-,-,3263.0000,3262.8000,3262.6000,3262.0000,3260.2000,3267.6000,3268.0000,3269.8000,3272.8000,3275.8000,3,1,1,1,1,1,1,1,1,1
SF,IH2103,2020-08-04 09:33:51.100,3266.4000,1953,0,54833460.000,0,-,-,-,-,3263.0000,3262.6000,3262.0000,3260.2000,3250.2000,3267.6000,3268.0000,3269.8000,3272.8000,3275.8000,3,1,1,1,1,1,1,1,1,1
SF,IH2103,2020-08-04 09:33:51.600,3266.4000,1953,0,54833460.000,0,-,-,-,-,3263.0000,3262.6000,3262.0000,3260.2000,3250.2000,3267.4000,3267.6000,3268.0000,3269.8000,3272.8000,1,1,1,1,1,1,1,1,1,1
SF,IH2103,2020-08-04 09:33:52.100,3266.4000,1953,0,54833460.000,0,-,-,-,-,3263.0000,3262.0000,3260.2000,3250.2000,3250.0000,3267.2000,3267.4000,3268.0000,3269.8000,3272.8000,1,1,1,1,2,1,1,1,1,1
SF,IH2103,2020-08-04 09:33:52.600,3266.4000,1953,0,54833460.000,0,-,-,-,-,3263.0000,3262.0000,3260.2000,3250.2000,3250.0000,3267.2000,3268.0000,3269.8000,3272.8000,3275.8000,1,1,1,1,2,1,1,1,1,1
SF,IH2103,2020-08-04 09:33:53.100,3266.4000,1953,0,54833460.000,0,-,-,-,-,3263.2000,3263.0000,3262.0000,3260.2000,3250.2000,3267.2000,3268.0000,3269.8000,3272.8000,3275.8000,1,1,1,1,1,1,1,1,1,1
SF,IH2103,2020-08-04 09:33:53.600,3266.4000,1953,0,54833460.000,0,-,-,-,-,3263.2000,3262.0000,3260.2000,3250.2000,3250.0000,3268.0000,3269.8000,3272.8000,3275.8000,3278.8000,1,1,1,1,2,1,1,1,1,1
SF,IH2103,2020-08-04 09:33:54.100,3266.4000,1953,0,54833460.000,0,-,-,-,-,3263.2000,3262.0000,3260.2000,3250.2000,3250.0000,3267.8000,3268.0000,3269.8000,3272.8000,3275.8000,1,1,1,1,2,1,1,1,1,1
SF,IH2103,2020-08-04 09:33:54.600,3266.4000,1953,0,54833460.000,0,-,-,-,-,3262.0000,3260.2000,3250.2000,3250.0000,3226.0000,3267.6000,3267.8000,3268.0000,3269.8000,3272.8000,1,1,1,2,8,1,1,1,1,1
SF,IH2103,2020-08-04 09:33:55.100,3266.4000,1953,0,54833460.000,0,-,-,-,-,3260.2000,3250.2000,3250.0000,3226.0000,3201.0000,3267.4000,3267.6000,3268.0000,3269.8000,3272.8000,1,1,2,8,1,2,1,1,1,1
SF,IH2103,2020-08-04 09:33:55.600,3266.4000,1953,0,54833460.000,0,-,-,-,-,3262.2000,3260.4000,3250.2000,3250.0000,3226.0000,3267.4000,3268.0000,3269.8000,3272.8000,3275.8000,1,1,1,2,8,2,1,1,1,1
SF,IH2103,2020-08-04 09:33:56.100,3266.4000,1953,0,54833460.000,0,-,-,-,-,3250.2000,3250.0000,3226.0000,3201.0000,3192.2000,3267.2000,3267.4000,3268.0000,3269.8000,3272.8000,1,2,8,1,1,1,2,1,1,1
SF,IH2103,2020-08-04 09:33:56.600,3266.4000,1953,0,54833460.000,0,-,-,-,-,3262.4000,3255.4000,3252.2000,3250.6000,3250.4000,3267.0000,3267.2000,3268.0000,3269.8000,3272.8000,1,1,1,4,2,2,1,1,1,1
SF,IH2103,2020-08-04 09:33:57.100,3266.4000,1953,0,54833460.000,0,-,-,-,-,3256.2000,3255.4000,3252.2000,3250.6000,3250.4000,3267.0000,3268.0000,3269.8000,3272.8000,3275.8000,1,1,1,4,2,1,1,1,1,1
SF,IH2103,2020-08-04 09:33:57.600,3266.4000,1953,0,54833460.000,0,-,-,-,-,3256.6000,3256.4000,3256.2000,3255.4000,3252.2000,3266.6000,3266.8000,3268.0000,3269.8000,3272.8000,3,1,1,1,1,1,2,1,1,1
SF,IH2103,2020-08-04 09:33:58.100,3266.4000,1953,0,54833460.000,0,-,-,-,-,3257.0000,3256.8000,3256.6000,3256.4000,3256.2000,3266.4000,3266.6000,3266.8000,3268.0000,3269.8000,1,1,3,1,1,2,1,1,1,1
SF,IH2103,2020-08-04 09:33:58.600,3266.4000,1953,0,54833460.000,0,-,-,-,-,3257.4000,3257.2000,3257.0000,3256.4000,3256.2000,3266.4000,3266.8000,3268.0000,3269.8000,3272.8000,3,1,1,1,1,2,1,1,1,1
SF,IH2103,2020-08-04 09:33:59.100,3266.4000,1953,0,54833460.000,0,-,-,-,-,3257.6000,3257.4000,3256.4000,3256.2000,3250.2000,3266.0000,3266.2000,3266.4000,3268.0000,3269.8000,1,3,1,1,1,1,2,2,1,1
SF,IH2103,2020-08-04 09:33:59.600,3266.4000,1954,1,59733060.000,5,3,2,空开,S,3258.0000,3257.8000,3257.6000,3256.4000,3250.2000,3268.0000,3269.8000,3272.8000,3275.8000,3278.8000,4,1,1,1,1,1,1,1,1,1
SF,IH2103,2020-08-04 09:34:00.100,3266.4000,1954,0,59733060.000,0,-,-,-,-,3258.2000,3258.0000,3256.4000,3250.2000,3250.0000,3267.8000,3268.0000,3269.8000,3272.8000,3275.8000,2,4,1,1,2,1,1,1,1,1
SF,IH2103,2020-08-04 09:34:00.600,3266.4000,1954,0,59733060.000,0,-,-,-,-,3258.6000,3258.2000,3256.4000,3250.2000,3250.0000,3267.0000,3267.6000,3267.8000,3268.0000,3269.8000,3,2,1,1,2,1,1,1,1,1
SF,IH2103,2020-08-04 09:34:01.100,3266.4000,1954,0,59733060.000,0,-,-,-,-,3263.0000,3259.6000,3258.8000,3258.6000,3256.4000,3266.8000,3267.0000,3267.6000,3268.0000,3269.8000,1,1,2,3,1,1,1,1,1,1
SF,IH2103,2020-08-04 09:34:01.600,3266.4000,1954,0,59733060.000,0,-,-,-,-,3263.0000,3259.6000,3258.8000,3258.6000,3256.4000,3266.8000,3267.0000,3267.6000,3268.0000,3269.8000,1,1,2,3,1,1,1,1,1,1
SF,IH2103,2020-08-04 09:34:02.100,3266.4000,1954,0,59733060.000,0,-,-,-,-,3259.6000,3258.8000,3258.6000,3256.4000,3250.2000,3266.6000,3266.8000,3267.0000,3267.6000,3268.0000,1,2,3,1,1,1,1,1,1,1
SF,IH2103,2020-08-04 09:34:02.600,3266.4000,1954,0,59733060.000,0,-,-,-,-,3259.8000,3259.6000,3258.6000,3256.4000,3250.2000,3266.4000,3266.6000,3267.0000,3267.6000,3268.0000,4,1,1,1,1,1,1,1,1,1
SF,IH2103,2020-08-04 09:34:03.100,3266.4000,1954,0,59733060.000,0,-,-,-,-,3262.4000,3259.8000,3259.6000,3258.6000,3256.4000,3266.2000,3266.4000,3266.6000,3267.0000,3267.6000,1,4,1,1,1,1,1,1,1,1
SF,IH2103,2020-08-04 09:34:03.600,3266.4000,1954,0,59733060.000,0,-,-,-,-,3262.6000,3262.4000,3259.8000,3259.6000,3258.6000,3266.2000,3266.4000,3266.6000,3267.0000,3267.6000,1,1,3,1,1,1,1,1,1,1
SF,IH2103,2020-08-04 09:34:04.100,3266.4000,1954,0,59733060.000,0,-,-,-,-,3262.6000,3259.8000,3259.6000,3258.6000,3256.4000,3266.2000,3266.4000,3266.6000,3267.0000,3267.6000,1,3,1,1,1,1,1,1,1,1
SF,IH2103,2020-08-04 09:34:04.600,3266.4000,1954,0,59733060.000,0,-,-,-,-,3262.8000,3259.8000,3259.6000,3258.6000,3256.4000,3266.0000,3266.2000,3266.6000,3267.0000,3267.6000,1,3,1,1,1,1,1,1,1,1
SF,IH2103,2020-08-04 09:34:05.600,3266.4000,1954,0,59733060.000,0,-,-,-,-,3262.8000,3259.8000,3259.6000,3258.6000,3256.4000,3266.0000,3266.6000,3267.6000,3268.0000,3269.8000,1,3,1,1,1,1,1,1,1,1
SF,IH2103,2020-08-04 09:34:06.600,3266.4000,1954,0,59733060.000,0,-,-,-,-,3262.8000,3259.8000,3259.6000,3258.6000,3256.4000,3266.0000,3266.6000,3268.0000,3269.8000,3272.8000,1,3,1,1,1,1,1,1,1,1
SF,IH2103,2020-08-04 09:34:07.100,3266.4000,1954,0,59733060.000,0,-,-,-,-,3263.0000,3262.8000,3259.8000,3259.6000,3258.6000,3268.0000,3269.8000,3272.8000,3275.8000,3278.8000,1,1,3,1,1,1,1,1,1,1
SF,IH2103,2020-08-04 09:34:07.600,3266.4000,1954,0,59733060.000,0,-,-,-,-,3263.0000,3259.8000,3259.6000,3258.6000,3256.4000,3268.0000,3269.8000,3272.8000,3275.8000,3278.8000,1,3,1,1,1,1,1,1,1,1
SF,IH2103,2020-08-04 09:34:08.100,3266.4000,1954,0,59733060.000,0,-,-,-,-,3263.6000,3263.0000,3259.8000,3259.6000,3258.6000,3268.0000,3269.8000,3272.8000,3275.8000,3278.8000,1,1,3,1,1,1,1,1,1,1
SF,IH2103,2020-08-04 09:34:08.600,3266.4000,1954,0,59733060.000,0,-,-,-,-,3263.8000,3263.6000,3259.8000,3259.6000,3258.6000,3267.6000,3268.0000,3269.8000,3272.8000,3275.8000,1,1,3,1,1,1,1,1,1,1
SF,IH2103,2020-08-04 09:34:09.100,3266.4000,1954,0,59733060.000,0,-,-,-,-,3263.8000,3259.8000,3259.6000,3258.6000,3256.4000,3267.6000,3268.0000,3269.8000,3272.8000,3275.8000,1,3,1,1,1,1,1,1,1,1
SF,IH2103,2020-08-04 09:34:09.600,3266.4000,1954,0,59733060.000,0,-,-,-,-,3265.2000,3263.8000,3259.8000,3259.6000,3258.6000,3267.6000,3268.0000,3269.8000,3272.8000,3275.8000,1,1,3,1,1,1,1,1,1,1
SF,IH2103,2020-08-04 09:34:10.100,3266.4000,1954,0,59733060.000,0,-,-,-,-,3263.8000,3259.8000,3259.6000,3258.6000,3256.4000,3268.0000,3269.8000,3272.8000,3275.8000,3278.8000,1,3,1,1,1,1,1,1,1,1
SF,IH2103,2020-08-04 09:34:11.100,3266.4000,1954,0,59733060.000,0,-,-,-,-,3264.4000,3263.8000,3259.8000,3259.6000,3258.6000,3268.0000,3269.8000,3272.8000,3275.8000,3278.8000,1,1,3,1,1,1,1,1,1,1
SF,IH2103,2020-08-04 09:34:11.600,3266.4000,1954,0,59733060.000,0,-,-,-,-,3264.6000,3264.4000,3259.8000,3259.6000,3258.6000,3268.0000,3269.8000,3272.8000,3275.8000,3278.8000,1,1,3,1,1,1,1,1,1,1
SF,IH2103,2020-08-04 09:34:12.100,3266.4000,1954,0,59733060.000,0,-,-,-,-,3264.6000,3259.8000,3259.6000,3258.6000,3256.4000,3268.0000,3269.8000,3272.8000,3275.8000,3278.8000,1,3,1,1,1,1,1,1,1,1
SF,IH2103,2020-08-04 09:34:13.100,3266.4000,1954,0,59733060.000,0,-,-,-,-,3264.8000,3264.6000,3259.8000,3259.6000,3258.6000,3268.0000,3269.8000,3272.8000,3275.8000,3278.8000,1,1,3,1,1,1,1,1,1,1
SF,IH2103,2020-08-04 09:34:13.600,3266.4000,1954,0,59733060.000,0,-,-,-,-,3265.0000,3264.8000,3259.8000,3259.6000,3258.6000,3268.0000,3269.8000,3272.8000,3275.8000,3278.8000,1,1,3,1,1,1,1,1,1,1
SF,IH2103,2020-08-04 09:34:14.100,3266.4000,1954,0,59733060.000,0,-,-,-,-,3265.0000,3259.8000,3259.6000,3258.6000,3256.4000,3268.0000,3269.8000,3272.8000,3275.8000,3278.8000,1,3,1,1,1,1,1,1,1,1
SF,IH2103,2020-08-04 09:34:14.600,3266.4000,1954,0,59733060.000,0,-,-,-,-,3265.4000,3265.0000,3259.8000,3259.6000,3258.6000,3268.0000,3269.8000,3272.8000,3275.8000,3278.8000,2,1,3,1,1,1,1,1,1,1
SF,IH2103,2020-08-04 09:34:15.100,3266.4000,1954,0,59733060.000,0,-,-,-,-,3265.6000,3265.4000,3259.8000,3259.6000,3258.6000,3268.0000,3269.8000,3272.8000,3275.8000,3278.8000,1,1,3,1,1,1,1,1,1,1
SF,IH2103,2020-08-04 09:34:15.600,3265.4000,1953,-1,61692360.000,2,0,2,多平,S,3259.8000,3259.6000,3258.6000,3256.4000,3250.2000,3268.0000,3269.8000,3272.8000,3275.8000,3278.8000,3,1,1,1,1,1,1,1,1,1
SF,IH2103,2020-08-04 09:34:16.100,3265.4000,1953,0,61692360.000,0,-,-,-,-,3260.2000,3260.0000,3259.8000,3259.6000,3250.2000,3268.0000,3269.8000,3272.8000,3275.8000,3278.8000,2,1,3,1,1,1,1,1,1,1
SF,IH2103,2020-08-04 09:34:16.600,3265.4000,1953,0,61692360.000,0,-,-,-,-,3264.2000,3260.6000,3260.4000,3260.2000,3259.6000,3268.0000,3269.8000,3272.8000,3275.8000,3278.8000,1,2,3,2,1,1,1,1,1,1
SF,IH2103,2020-08-04 09:34:17.100,3265.4000,1953,0,61692360.000,0,-,-,-,-,3264.2000,3260.6000,3260.4000,3260.2000,3259.6000,3267.8000,3268.0000,3269.8000,3272.8000,3275.8000,1,2,3,2,1,1,1,1,1,1
SF,IH2103,2020-08-04 09:34:17.600,3265.4000,1953,0,61692360.000,0,-,-,-,-,3264.2000,3260.6000,3260.4000,3260.2000,3259.6000,3267.8000,3268.0000,3269.8000,3272.8000,3275.8000,1,2,3,2,1,1,1,1,1,1
SF,IH2103,2020-08-04 09:34:18.100,3265.4000,1953,0,61692360.000,0,-,-,-,-,3264.4000,3264.2000,3260.6000,3260.4000,3260.2000,3268.0000,3269.8000,3272.8000,3275.8000,3278.8000,1,1,2,2,2,1,1,1,1,1
SF,IH2103,2020-08-04 09:34:18.600,3265.4000,1953,0,61692360.000,0,-,-,-,-,3264.4000,3260.6000,3260.4000,3260.2000,3259.6000,3268.0000,3269.8000,3272.8000,3275.8000,3278.8000,1,2,2,2,1,1,1,1,1,1
SF,IH2103,2020-08-04 09:34:19.100,3265.4000,1953,0,61692360.000,0,-,-,-,-,3265.0000,3264.4000,3260.6000,3260.4000,3260.2000,3268.0000,3269.8000,3272.8000,3275.8000,3278.8000,1,1,2,2,2,1,1,1,1,1
SF,IH2103,2020-08-04 09:34:20.100,3265.4000,1953,0,61692360.000,0,-,-,-,-,3265.0000,3264.4000,3260.6000,3260.4000,3260.2000,3268.0000,3269.8000,3272.8000,3275.8000,3278.8000,1,1,2,1,2,1,1,1,1,1
SF,IH2103,2020-08-04 09:34:21.600,3265.4000,1953,0,61692360.000,0,-,-,-,-,3264.4000,3260.6000,3260.4000,3260.2000,3259.6000,3268.0000,3269.8000,3272.8000,3275.8000,3278.8000,1,2,1,2,1,1,1,1,1,1
SF,IH2103,2020-08-04 09:34:22.100,3265.4000,1953,0,61692360.000,0,-,-,-,-,3264.6000,3264.4000,3260.6000,3260.4000,3260.2000,3268.0000,3269.8000,3272.8000,3275.8000,3278.8000,1,1,1,1,2,1,1,1,1,1
SF,IH2103,2020-08-04 09:34:24.100,3265.4000,1953,0,61692360.000,0,-,-,-,-,3264.8000,3264.6000,3264.4000,3260.4000,3260.2000,3268.0000,3269.8000,3272.8000,3275.8000,3278.8000,1,1,1,1,2,1,1,1,1,1
SF,IH2103,2020-08-04 09:34:24.600,3265.4000,1953,0,61692360.000,0,-,-,-,-,3265.2000,3264.8000,3264.4000,3260.4000,3260.2000,3268.0000,3269.8000,3272.8000,3275.8000,3278.8000,1,1,1,1,2,1,1,1,1,1
SF,IH2103,2020-08-04 09:34:26.100,3265.4000,1953,0,61692360.000,0,-,-,-,-,3264.8000,3264.4000,3260.4000,3260.2000,3259.6000,3268.0000,3269.8000,3272.8000,3275.8000,3278.8000,1,1,1,2,1,1,1,1,1,1
SF,IH2103,2020-08-04 09:34:26.600,3265.4000,1953,0,61692360.000,0,-,-,-,-,3264.8000,3260.4000,3260.2000,3259.6000,3250.2000,3267.8000,3268.0000,3269.8000,3272.8000,3275.8000,1,1,2,1,1,1,1,1,1,1
SF,IH2103,2020-08-04 09:34:27.100,3264.8000,1954,1,62671800.000,1,1,0,双开,S,3260.4000,3260.2000,3259.6000,3250.2000,3250.0000,3267.8000,3268.0000,3269.8000,3272.8000,3275.8000,1,2,1,1,2,1,1,1,1,1
SF,IH2103,2020-08-04 09:34:27.600,3264.8000,1954,0,62671800.000,0,-,-,-,-,3260.8000,3260.6000,3260.4000,3259.6000,3250.2000,3267.8000,3268.0000,3269.8000,3272.8000,3275.8000,3,2,1,1,1,1,1,1,1,1
SF,IH2103,2020-08-04 09:34:28.100,3264.8000,1954,0,62671800.000,0,-,-,-,-,3263.6000,3261.0000,3260.8000,3260.6000,3259.6000,3267.4000,3267.8000,3268.0000,3269.8000,3272.8000,1,2,3,1,1,1,1,1,1,1
SF,IH2103,2020-08-04 09:34:28.600,3264.8000,1954,0,62671800.000,0,-,-,-,-,3263.8000,3263.6000,3261.0000,3260.8000,3260.6000,3267.2000,3267.4000,3268.0000,3269.8000,3272.8000,1,1,2,2,1,1,1,1,1,1
SF,IH2103,2020-08-04 09:34:29.100,3264.8000,1954,0,62671800.000,0,-,-,-,-,3263.8000,3261.0000,3260.8000,3260.6000,3259.6000,3267.2000,3267.4000,3268.0000,3269.8000,3272.8000,1,2,2,1,1,1,1,1,1,1
SF,IH2103,2020-08-04 09:34:29.600,3264.8000,1954,0,62671800.000,0,-,-,-,-,3263.8000,3261.0000,3260.8000,3260.6000,3259.6000,3267.4000,3268.0000,3269.8000,3272.8000,3275.8000,1,2,2,1,1,1,1,1,1,1
SF,IH2103,2020-08-04 09:34:30.100,3264.8000,1954,0,62671800.000,0,-,-,-,-,3264.4000,3264.0000,3263.8000,3261.0000,3260.8000,3268.0000,3269.8000,3272.8000,3275.8000,3278.8000,1,1,1,1,2,1,1,1,1,1
SF,IH2103,2020-08-04 09:34:30.600,3264.8000,1954,0,62671800.000,0,-,-,-,-,3264.6000,3264.4000,3264.0000,3261.0000,3260.8000,3268.0000,3269.8000,3272.8000,3275.8000,3278.8000,1,1,1,1,2,1,1,1,1,1
SF,IH2103,2020-08-04 09:34:31.100,3264.8000,1954,0,62671800.000,0,-,-,-,-,3264.6000,3264.0000,3261.0000,3260.8000,3259.6000,3267.8000,3268.0000,3269.8000,3272.8000,3275.8000,1,1,1,2,1,2,1,1,1,1
SF,IH2103,2020-08-04 09:34:34.100,3264.8000,1954,0,62671800.000,0,-,-,-,-,3264.0000,3261.0000,3260.8000,3259.6000,3250.2000,3267.8000,3268.0000,3269.8000,3272.8000,3275.8000,1,1,2,1,1,2,1,1,1,1
SF,IH2103,2020-08-04 09:34:34.600,3264.8000,1954,0,62671800.000,0,-,-,-,-,3261.0000,3260.8000,3259.6000,3250.2000,3250.0000,3267.6000,3267.8000,3268.0000,3269.8000,3272.8000,1,1,1,1,2,2,2,1,1,1
SF,IH2103,2020-08-04 09:34:35.100,3264.8000,1954,0,62671800.000,0,-,-,-,-,3261.2000,3261.0000,3260.8000,3259.6000,3250.2000,3267.6000,3267.8000,3268.0000,3269.8000,3272.8000,1,1,1,1,1,2,2,1,1,1
SF,IH2103,2020-08-04 09:34:35.600,3264.8000,1954,0,62671800.000,0,-,-,-,-,3262.4000,3261.4000,3261.2000,3260.8000,3259.6000,3267.6000,3267.8000,3268.0000,3269.8000,3272.8000,1,1,1,1,1,2,2,1,1,1
SF,IH2103,2020-08-04 09:34:36.100,3264.8000,1954,0,62671800.000,0,-,-,-,-,3262.4000,3261.4000,3261.2000,3260.8000,3259.6000,3267.4000,3267.6000,3267.8000,3268.0000,3269.8000,1,1,1,1,1,1,2,2,1,1
SF,IH2103,2020-08-04 09:34:36.600,3264.8000,1954,0,62671800.000,0,-,-,-,-,3262.4000,3261.4000,3261.2000,3260.8000,3259.6000,3267.2000,3267.6000,3267.8000,3268.0000,3269.8000,1,1,1,1,1,1,1,2,1,1
SF,IH2103,2020-08-04 09:34:37.100,3264.8000,1954,0,62671800.000,0,-,-,-,-,3262.4000,3261.4000,3261.2000,3260.8000,3259.6000,3267.2000,3267.6000,3267.8000,3268.0000,3269.8000,1,1,1,1,1,2,1,2,1,1
SF,IH2103,2020-08-04 09:34:37.600,3264.8000,1954,0,62671800.000,0,-,-,-,-,3262.4000,3261.4000,3261.2000,3260.8000,3259.6000,3266.6000,3267.2000,3267.8000,3268.0000,3269.8000,1,1,1,1,1,1,1,2,1,1
SF,IH2103,2020-08-04 09:34:38.100,3264.8000,1954,0,62671800.000,0,-,-,-,-,3262.6000,3262.4000,3261.4000,3260.8000,3259.6000,3266.6000,3267.2000,3267.8000,3268.0000,3269.8000,1,1,1,1,1,1,1,2,1,1
SF,IH2103,2020-08-04 09:34:38.600,3264.8000,1954,0,62671800.000,0,-,-,-,-,3262.6000,3261.4000,3260.8000,3259.6000,3250.2000,3266.6000,3267.2000,3267.8000,3268.0000,3269.8000,1,1,1,1,1,1,1,2,1,1
SF,IH2103,2020-08-04 09:34:39.100,3264.8000,1954,0,62671800.000,0,-,-,-,-,3263.0000,3262.6000,3261.4000,3260.8000,3259.6000,3266.6000,3267.2000,3267.8000,3268.0000,3269.8000,1,1,1,1,1,1,1,2,1,1
SF,IH2103,2020-08-04 09:34:40.100,3264.8000,1954,0,62671800.000,0,-,-,-,-,3262.6000,3261.4000,3260.8000,3259.6000,3250.2000,3266.6000,3267.2000,3267.8000,3268.0000,3269.8000,1,1,1,1,1,1,1,2,1,1
SF,IH2103,2020-08-04 09:34:40.600,3264.8000,1954,0,62671800.000,0,-,-,-,-,3262.6000,3261.4000,3260.8000,3259.6000,3250.2000,3266.4000,3266.6000,3267.8000,3268.0000,3269.8000,1,1,1,1,1,1,1,2,1,1
SF,IH2103,2020-08-04 09:34:41.100,3264.8000,1954,0,62671800.000,0,-,-,-,-,3262.8000,3262.6000,3261.4000,3260.8000,3259.6000,3266.4000,3266.6000,3267.8000,3268.0000,3269.8000,1,1,1,1,1,1,1,2,1,1
SF,IH2103,2020-08-04 09:34:42.100,3264.8000,1954,0,62671800.000,0,-,-,-,-,3262.6000,3261.4000,3260.8000,3259.6000,3250.2000,3266.4000,3266.6000,3267.8000,3268.0000,3269.8000,1,1,1,1,1,1,1,2,1,1
SF,IH2103,2020-08-04 09:34:42.600,3264.8000,1954,0,62671800.000,0,-,-,-,-,3262.6000,3261.4000,3260.8000,3259.6000,3250.2000,3266.6000,3267.8000,3268.0000,3269.8000,3272.8000,1,1,1,1,1,1,2,1,1,1
SF,IH2103,2020-08-04 09:34:43.100,3264.8000,1954,0,62671800.000,0,-,-,-,-,3263.4000,3262.6000,3261.4000,3260.8000,3259.6000,3266.6000,3267.8000,3268.0000,3269.8000,3272.8000,1,1,1,1,1,1,2,1,1,1
SF,IH2103,2020-08-04 09:34:43.600,3264.8000,1954,0,62671800.000,0,-,-,-,-,3262.6000,3261.4000,3260.8000,3259.6000,3250.2000,3266.6000,3267.8000,3268.0000,3269.8000,3272.8000,1,1,1,1,1,1,2,1,1,1
SF,IH2103,2020-08-04 09:34:44.100,3264.8000,1954,0,62671800.000,0,-,-,-,-,3262.6000,3261.4000,3260.8000,3259.6000,3250.2000,3267.8000,3268.0000,3269.8000,3272.8000,3275.8000,1,1,1,1,1,2,1,1,1,1
SF,IH2103,2020-08-04 09:34:44.600,3264.8000,1954,0,62671800.000,0,-,-,-,-,3263.4000,3262.6000,3261.4000,3260.8000,3259.6000,3267.6000,3267.8000,3268.0000,3269.8000,3272.8000,1,1,1,1,1,1,2,1,1,1
SF,IH2103,2020-08-04 09:34:47.100,3264.8000,1954,0,62671800.000,0,-,-,-,-,3263.4000,3262.6000,3261.4000,3260.8000,3259.6000,3267.6000,3267.8000,3268.0000,3269.8000,3272.8000,1,1,1,1,1,1,2,1,1,1
SF,IH2103,2020-08-04 09:34:47.600,3264.8000,1954,0,62671800.000,0,-,-,-,-,3263.6000,3263.4000,3261.4000,3260.8000,3259.6000,3267.8000,3268.0000,3269.8000,3272.8000,3275.8000,2,1,1,1,1,2,1,1,1,1
SF,IH2103,2020-08-04 09:34:48.100,3264.8000,1954,0,62671800.000,0,-,-,-,-,3263.6000,3261.4000,3260.8000,3259.6000,3250.2000,3267.8000,3268.0000,3269.8000,3272.8000,3275.8000,2,1,1,1,1,2,1,1,1,1
SF,IH2103,2020-08-04 09:34:48.600,3264.8000,1954,0,62671800.000,0,-,-,-,-,3265.6000,3263.8000,3263.6000,3261.4000,3259.6000,3267.8000,3268.0000,3269.8000,3272.8000,3275.8000,1,1,2,1,1,2,1,1,1,1
SF,IH2103,2020-08-04 09:34:50.600,3264.8000,1954,0,62671800.000,0,-,-,-,-,3263.8000,3263.6000,3261.4000,3259.6000,3250.2000,3267.8000,3268.0000,3269.8000,3272.8000,3275.8000,1,2,1,1,1,2,1,1,1,1
SF,IH2103,2020-08-04 09:34:51.100,3264.8000,1954,0,62671800.000,0,-,-,-,-,3264.0000,3261.4000,3259.6000,3250.2000,3250.0000,3268.0000,3269.8000,3272.8000,3275.8000,3278.8000,1,1,1,1,2,1,1,1,1,1
SF,IH2103,2020-08-04 09:34:51.600,3264.8000,1954,0,62671800.000,0,-,-,-,-,3261.4000,3259.6000,3250.2000,3250.0000,3244.8000,3267.8000,3268.0000,3269.8000,3271.0000,3272.8000,1,1,1,2,1,1,1,1,2,1
SF,IH2103,2020-08-04 09:34:52.100,3264.8000,1954,0,62671800.000,0,-,-,-,-,3261.6000,3261.4000,3259.6000,3250.2000,3250.0000,3267.8000,3268.0000,3269.8000,3271.0000,3272.8000,1,1,1,1,2,1,1,1,2,1
SF,IH2103,2020-08-04 09:34:52.600,3264.8000,1954,0,62671800.000,0,-,-,-,-,3263.6000,3261.8000,3261.6000,3259.6000,3250.2000,3267.8000,3268.0000,3269.8000,3271.0000,3272.8000,1,1,1,1,1,1,1,1,2,1
SF,IH2103,2020-08-04 09:34:54.100,3264.8000,1954,0,62671800.000,0,-,-,-,-,3263.6000,3261.8000,3261.6000,3250.2000,3250.0000,3267.8000,3268.0000,3269.8000,3271.0000,3272.8000,1,1,1,1,2,1,1,1,2,1
SF,IH2103,2020-08-04 09:34:54.600,3264.8000,1954,0,62671800.000,0,-,-,-,-,3263.8000,3263.6000,3261.8000,3250.2000,3250.0000,3268.0000,3269.8000,3271.0000,3272.8000,3275.8000,1,1,1,1,2,1,1,2,1,1
SF,IH2103,2020-08-04 09:34:55.100,3264.8000,1954,0,62671800.000,0,-,-,-,-,3263.8000,3261.8000,3250.2000,3250.0000,3244.8000,3268.0000,3269.8000,3271.0000,3272.8000,3275.8000,1,1,1,2,1,1,1,2,1,1
SF,IH2103,2020-08-04 09:34:55.600,3264.8000,1954,0,62671800.000,0,-,-,-,-,3265.6000,3263.8000,3261.8000,3250.2000,3250.0000,3268.0000,3269.8000,3271.0000,3272.8000,3275.8000,1,2,1,1,2,1,1,2,1,1
SF,IH2103,2020-08-04 09:34:56.100,3264.8000,1954,0,62671800.000,0,-,-,-,-,3263.8000,3261.8000,3250.2000,3250.0000,3244.8000,3267.8000,3268.0000,3269.8000,3271.0000,3272.8000,1,1,1,2,1,1,1,1,2,1
SF,IH2103,2020-08-04 09:34:57.100,3264.8000,1954,0,62671800.000,0,-,-,-,-,3265.8000,3263.8000,3261.8000,3250.2000,3250.0000,3267.8000,3268.0000,3269.8000,3271.0000,3272.8000,1,1,1,1,2,1,1,1,2,1
SF,IH2103,2020-08-04 09:34:57.600,3264.8000,1954,0,62671800.000,0,-,-,-,-,3263.8000,3261.8000,3250.2000,3250.0000,3244.8000,3267.8000,3268.0000,3269.8000,3271.0000,3272.8000,1,1,1,2,1,1,1,1,2,1
SF,IH2103,2020-08-04 09:34:58.100,3264.8000,1954,0,62671800.000,0,-,-,-,-,3264.0000,3263.8000,3261.8000,3250.2000,3250.0000,3268.0000,3269.8000,3271.0000,3272.8000,3275.8000,1,1,1,1,2,1,1,2,1,1
SF,IH2103,2020-08-04 09:34:58.600,3264.8000,1954,0,62671800.000,0,-,-,-,-,3265.2000,3264.0000,3263.8000,3261.8000,3250.2000,3268.0000,3269.8000,3271.0000,3272.8000,3275.8000,1,1,1,1,1,1,1,2,1,1
SF,IH2103,2020-08-04 09:35:04.600,3264.8000,1954,0,62671800.000,0,-,-,-,-,3264.0000,3263.8000,3261.8000,3250.2000,3250.0000,3268.0000,3269.8000,3271.0000,3272.8000,3275.8000,1,1,1,1,2,1,1,2,1,1
SF,IH2103,2020-08-04 09:35:05.100,3264.8000,1954,0,62671800.000,0,-,-,-,-,3265.4000,3264.0000,3263.8000,3261.8000,3250.2000,3268.0000,3269.8000,3271.0000,3272.8000,3275.8000,1,1,1,1,1,1,1,2,1,1
SF,IH2103,2020-08-04 09:35:05.600,3264.8000,1954,0,62671800.000,0,-,-,-,-,3261.8000,3250.2000,3250.0000,3244.8000,3226.0000,3267.8000,3268.0000,3269.8000,3271.0000,3272.8000,1,1,2,1,8,2,1,1,2,1
SF,IH2103,2020-08-04 09:35:06.100,3264.8000,1954,0,62671800.000,0,-,-,-,-,3262.2000,3262.0000,3261.8000,3250.2000,3250.0000,3267.8000,3268.0000,3269.8000,3271.0000,3272.8000,1,1,1,1,2,1,1,1,2,1
SF,IH2103,2020-08-04 09:35:06.600,3264.8000,1954,0,62671800.000,0,-,-,-,-,3264.6000,3262.4000,3262.2000,3250.2000,3250.0000,3267.8000,3268.0000,3269.8000,3271.0000,3272.8000,1,2,1,1,2,1,1,1,2,1
SF,IH2103,2020-08-04 09:35:07.600,3264.8000,1954,0,62671800.000,0,-,-,-,-,3264.6000,3262.4000,3262.2000,3250.2000,3250.0000,3268.0000,3269.8000,3271.0000,3272.8000,3275.8000,1,2,1,1,2,1,1,2,1,1
SF,IH2103,2020-08-04 09:35:08.100,3264.8000,1954,0,62671800.000,0,-,-,-,-,3264.8000,3264.6000,3262.4000,3262.2000,3250.2000,3268.0000,3269.8000,3271.0000,3272.8000,3275.8000,1,1,1,1,1,1,1,2,1,1
SF,IH2103,2020-08-04 09:35:08.600,3264.8000,1954,0,62671800.000,0,-,-,-,-,3267.8000,3264.8000,3264.6000,3262.4000,3262.2000,3268.0000,3269.8000,3271.0000,3272.8000,3275.8000,1,1,1,1,1,1,1,2,1,1
SF,IH2103,2020-08-04 09:35:09.100,3268.0000,1954,0,63652200.000,1,0,1,多换,S,3267.8000,3266.4000,3264.8000,3262.4000,3262.2000,3269.8000,3271.0000,3272.8000,3275.8000,3278.8000,1,1,1,1,1,1,2,1,1,1
SF,IH2103,2020-08-04 09:35:09.600,3268.0000,1954,0,63652200.000,0,-,-,-,-,3267.8000,3264.8000,3262.4000,3262.2000,3250.2000,3269.8000,3271.0000,3272.8000,3275.8000,3278.8000,1,1,1,1,1,1,2,1,1,1
SF,IH2103,2020-08-04 09:35:11.100,3268.0000,1954,0,63652200.000,0,-,-,-,-,3268.0000,3267.8000,3264.8000,3262.4000,3262.2000,3269.8000,3271.0000,3272.8000,3275.8000,3278.8000,1,1,1,1,1,1,2,1,1,1
SF,IH2103,2020-08-04 09:35:11.600,3268.0000,1954,0,63652200.000,0,-,-,-,-,3267.8000,3264.8000,3262.4000,3262.2000,3250.2000,3269.8000,3271.0000,3272.8000,3275.8000,3278.8000,1,1,1,1,1,1,2,1,1,1
SF,IH2103,2020-08-04 09:35:12.100,3268.0000,1954,0,63652200.000,0,-,-,-,-,3268.4000,3267.8000,3264.8000,3262.4000,3262.2000,3269.8000,3271.0000,3272.8000,3275.8000,3278.8000,1,1,1,1,1,1,2,1,1,1
SF,IH2103,2020-08-04 09:35:12.600,3268.0000,1954,0,63652200.000,0,-,-,-,-,3267.8000,3264.8000,3262.4000,3262.2000,3250.2000,3269.8000,3271.0000,3272.8000,3275.8000,3278.8000,1,1,1,1,1,1,2,1,1,1
SF,IH2103,2020-08-04 09:35:13.600,3268.0000,1954,0,64632600.000,1,0,1,多换,S,3264.8000,3262.4000,3262.2000,3250.2000,3250.0000,3269.8000,3271.0000,3272.8000,3275.8000,3278.8000,1,1,1,1,2,1,2,1,1,1
SF,IH2103,2020-08-04 09:35:14.100,3268.0000,1954,0,64632600.000,0,-,-,-,-,3265.2000,3265.0000,3264.8000,3262.4000,3250.2000,3269.8000,3271.0000,3272.8000,3275.8000,3278.8000,1,1,1,1,1,1,2,1,1,1
SF,IH2103,2020-08-04 09:35:14.600,3268.0000,1954,0,64632600.000,0,-,-,-,-,3265.4000,3265.2000,3265.0000,3262.4000,3250.2000,3269.8000,3271.0000,3272.8000,3275.8000,3278.8000,1,1,1,1,1,1,2,1,1,1
SF,IH2103,2020-08-04 09:35:15.100,3268.0000,1954,0,64632600.000,0,-,-,-,-,3265.6000,3265.4000,3265.0000,3262.4000,3250.2000,3269.8000,3271.0000,3272.8000,3275.8000,3278.8000,1,1,1,1,1,1,2,1,1,1
SF,IH2103,2020-08-04 09:35:15.600,3268.0000,1954,0,64632600.000,0,-,-,-,-,3265.8000,3265.6000,3265.0000,3262.4000,3250.2000,3269.8000,3271.0000,3272.8000,3275.8000,3278.8000,2,1,1,1,1,1,2,1,1,1
SF,IH2103,2020-08-04 09:35:18.100,3268.0000,1954,0,64632600.000,0,-,-,-,-,3266.0000,3265.8000,3265.0000,3262.4000,3250.2000,3269.8000,3271.0000,3272.8000,3275.8000,3278.8000,1,2,1,1,1,1,2,1,1,1
SF,IH2103,2020-08-04 09:35:18.600,3268.0000,1954,0,64632600.000,0,-,-,-,-,3266.2000,3266.0000,3265.0000,3262.4000,3250.2000,3269.6000,3269.8000,3271.0000,3272.8000,3275.8000,1,1,1,1,1,1,1,2,1,1
SF,IH2103,2020-08-04 09:35:19.100,3268.0000,1954,0,64632600.000,0,-,-,-,-,3266.2000,3266.0000,3265.0000,3262.4000,3250.2000,3269.8000,3271.0000,3272.8000,3275.8000,3278.8000,2,1,1,1,1,1,2,1,1,1
SF,IH2103,2020-08-04 09:35:20.100,3268.0000,1954,0,64632600.000,0,-,-,-,-,3266.2000,3266.0000,3265.0000,3262.4000,3250.2000,3269.8000,3271.0000,3272.8000,3275.8000,3278.8000,2,1,1,1,1,1,2,1,1,1
