市场代码,合约代码,时间,最新,持仓,增仓,成交额,成交量,开仓,平仓,成交类型,方向,买一价,买二价,买三价,买四价,买五价,卖一价,卖二价,卖三价,卖四价,卖五价,买一量,买二量,买三量,买四量,买五量,卖一量,卖二量,卖三量,卖四量,卖五量
SF,IH2103,2020-07-23 09:29:00.200,3244.6000,1115,0,973380.000,1.000,-,-,-,-,3241.0000,3240.0000,3239.0000,3238.0000,3237.0000,3244.8000,3249.6000,3252.8000,3253.6000,3262.2000,10,10,10,10,10,1,4,1,1,1
SF,IH2103,2020-07-23 09:30:00.200,3241.0000,1115,0,1945680.000,1,0,1,多换,S,3244.6000,3241.0000,3240.0000,3239.0000,3238.0000,3244.8000,3249.6000,3253.6000,3262.2000,3267.0000,1,9,10,10,10,1,4,1,1,1
SF,IH2103,2020-07-23 09:30:00.700,3241.0000,1115,0,1945680.000,0,-,-,-,-,3244.6000,3241.0000,3240.0000,3239.0000,3238.0000,3244.8000,3262.2000,3267.0000,3269.8000,3276.8000,1,9,10,10,10,1,1,1,1,1
SF,IH2103,2020-07-23 09:30:01.200,3244.6000,1115,0,2919060.000,1,0,1,多换,S,3241.0000,3240.0000,3239.0000,3238.0000,3237.0000,3244.6000,3244.8000,3262.2000,3267.0000,3269.8000,9,10,10,10,10,1,1,1,1,1
SF,IH2103,2020-07-23 09:30:01.700,3241.0000,1116,1,3891360.000,1,1,0,双开,S,3241.0000,3240.0000,3239.0000,3238.0000,3237.0000,3244.6000,3244.8000,3262.2000,3267.0000,3269.8000,8,10,10,10,10,1,1,1,1,1
SF,IH2103,2020-07-23 09:30:02.200,3241.0000,1116,0,4863660.000,1,0,1,多换,S,3241.0000,3240.0000,3239.0000,3238.0000,3237.0000,3244.8000,3262.2000,3267.0000,3269.8000,3276.8000,8,10,10,10,10,1,1,1,1,1
SF,IH2103,2020-07-23 09:30:02.700,3241.0000,1116,0,4863660.000,0,-,-,-,-,3241.2000,3241.0000,3240.0000,3239.0000,3238.0000,3244.8000,3262.2000,3267.0000,3269.8000,3276.8000,1,8,10,10,10,1,1,1,1,1
SF,IH2103,2020-07-23 09:30:03.200,3241.0000,1116,0,4863660.000,0,-,-,-,-,3241.4000,3241.2000,3241.0000,3240.0000,3239.0000,3244.8000,3262.2000,3267.0000,3269.8000,3276.8000,3,1,8,10,10,1,1,1,1,1
SF,IH2103,2020-07-23 09:30:03.700,3244.8000,1115,-1,5837100.000,1,0,1,双平,S,3241.6000,3241.0000,3240.0000,3239.0000,3238.0000,3262.2000,3267.0000,3269.8000,3276.8000,3306.8000,1,8,10,10,10,1,1,1,1,1
SF,IH2103,2020-07-23 09:30:04.200,3244.8000,1115,0,5837100.000,0,-,-,-,-,3241.8000,3241.6000,3241.0000,3240.0000,3239.0000,3255.4000,3255.8000,3262.0000,3262.2000,3267.0000,1,1,8,10,10,1,1,6,1,1
SF,IH2103,2020-07-23 09:30:04.700,3244.8000,1115,0,5837100.000,0,-,-,-,-,3242.0000,3241.8000,3241.0000,3240.0000,3239.0000,3255.0000,3255.8000,3262.2000,3267.0000,3269.8000,1,1,8,10,10,1,1,1,1,1
SF,IH2103,2020-07-23 09:30:05.200,3244.8000,1115,0,5837100.000,0,-,-,-,-,3242.2000,3242.0000,3241.0000,3240.0000,3239.0000,3255.0000,3255.8000,3262.2000,3267.0000,3269.8000,1,1,8,10,10,1,1,1,1,1
SF,IH2103,2020-07-23 09:30:05.700,3244.8000,1115,0,5837100.000,0,-,-,-,-,3242.4000,3242.2000,3241.0000,3240.0000,3239.0000,3253.4000,3254.0000,3255.0000,3255.8000,3262.2000,1,1,8,10,10,1,1,1,1,1
SF,IH2103,2020-07-23 09:30:06.200,3244.8000,1115,0,5837100.000,0,-,-,-,-,3242.6000,3242.4000,3241.0000,3240.0000,3239.0000,3253.0000,3253.4000,3254.0000,3255.8000,3262.2000,1,1,8,10,10,1,1,1,1,1
SF,IH2103,2020-07-23 09:30:06.700,3244.8000,1115,0,5837100.000,0,-,-,-,-,3242.8000,3242.6000,3241.0000,3240.0000,3239.0000,3253.0000,3253.4000,3254.0000,3255.8000,3262.2000,2,1,8,10,10,1,1,1,1,1
SF,IH2103,2020-07-23 09:30:07.200,3244.8000,1115,0,5837100.000,0,-,-,-,-,3243.0000,3242.8000,3241.0000,3240.0000,3239.0000,3253.0000,3253.4000,3255.8000,3267.0000,3269.8000,2,2,8,10,10,1,1,1,1,1
SF,IH2103,2020-07-23 09:30:07.700,3244.8000,1115,0,5837100.000,0,-,-,-,-,3243.2000,3243.0000,3241.0000,3240.0000,3239.0000,3253.0000,3253.4000,3255.8000,3267.0000,3269.8000,1,2,8,10,10,1,1,1,1,1
SF,IH2103,2020-07-23 09:30:08.200,3244.8000,1115,0,5837100.000,0,-,-,-,-,3243.4000,3243.2000,3243.0000,3241.0000,3240.0000,3253.0000,3253.4000,3255.8000,3267.0000,3269.8000,3,1,1,8,10,1,1,1,1,1
SF,IH2103,2020-07-23 09:30:08.700,3244.8000,1115,0,5837100.000,0,-,-,-,-,3243.6000,3243.4000,3243.0000,3241.0000,3240.0000,3253.0000,3255.8000,3267.0000,3269.8000,3276.8000,2,3,1,8,10,1,1,1,1,1
SF,IH2103,2020-07-23 09:30:09.200,3244.8000,1115,0,5837100.000,0,-,-,-,-,3243.8000,3243.6000,3243.4000,3243.0000,3241.0000,3253.0000,3255.8000,3267.0000,3269.8000,3276.8000,2,2,2,1,8,1,1,1,1,1
SF,IH2103,2020-07-23 09:30:09.700,3244.8000,1115,0,5837100.000,0,-,-,-,-,3244.2000,3244.0000,3243.8000,3243.4000,3243.0000,3253.0000,3255.8000,3267.0000,3269.8000,3276.8000,1,1,2,2,1,1,1,1,1,1
SF,IH2103,2020-07-23 09:30:10.200,3244.8000,1115,0,5837100.000,0,-,-,-,-,3244.4000,3244.2000,3243.8000,3243.4000,3243.0000,3253.0000,3255.8000,3267.0000,3269.8000,3276.8000,3,1,1,2,1,1,1,1,1,1
SF,IH2103,2020-07-23 09:30:10.700,3244.8000,1115,0,5837100.000,0,-,-,-,-,3244.8000,3244.4000,3243.8000,3243.4000,3243.0000,3253.0000,3255.8000,3267.0000,3269.8000,3276.8000,1,3,1,2,1,1,1,1,1,1
SF,IH2103,2020-07-23 09:30:11.200,3244.8000,1115,0,5837100.000,0,-,-,-,-,3245.0000,3244.8000,3244.4000,3243.8000,3243.4000,3253.0000,3255.8000,3267.0000,3269.8000,3276.8000,4,1,1,1,2,1,1,1,1,1
SF,IH2103,2020-07-23 09:30:11.700,3244.8000,1115,0,5837100.000,0,-,-,-,-,3245.4000,3245.0000,3244.4000,3243.8000,3243.4000,3253.0000,3255.8000,3267.0000,3269.8000,3276.8000,1,4,1,1,2,1,1,1,1,1
SF,IH2103,2020-07-23 09:30:12.200,3244.8000,1115,0,5837100.000,0,-,-,-,-,3245.6000,3245.4000,3245.0000,3244.4000,3243.8000,3253.0000,3255.8000,3267.0000,3269.8000,3276.8000,3,1,2,1,1,1,1,1,1,1
SF,IH2103,2020-07-23 09:30:12.700,3244.8000,1115,0,5837100.000,0,-,-,-,-,3246.0000,3245.6000,3245.0000,3244.4000,3243.8000,3253.0000,3255.8000,3267.0000,3267.2000,3269.8000,1,3,2,1,1,1,1,1,1,1
SF,IH2103,2020-07-23 09:30:13.200,3244.8000,1115,0,5837100.000,0,-,-,-,-,3246.2000,3246.0000,3245.6000,3245.0000,3244.4000,3253.0000,3255.8000,3267.0000,3267.2000,3269.8000,4,1,1,2,1,1,1,1,1,1
SF,IH2103,2020-07-23 09:30:13.700,3244.8000,1115,0,5837100.000,0,-,-,-,-,3247.0000,3246.6000,3246.2000,3245.6000,3245.0000,3253.0000,3255.8000,3267.0000,3267.2000,3269.8000,1,1,4,1,2,1,1,1,1,1
SF,IH2103,2020-07-23 09:30:14.200,3244.8000,1115,0,5837100.000,0,-,-,-,-,3247.4000,3247.2000,3247.0000,3246.2000,3245.6000,3253.0000,3255.8000,3267.0000,3267.2000,3269.8000,1,3,1,2,1,1,1,1,1,1
SF,IH2103,2020-07-23 09:30:14.700,3244.8000,1115,0,5837100.000,0,-,-,-,-,3247.6000,3247.4000,3247.2000,3247.0000,3246.2000,3253.0000,3255.8000,3267.0000,3267.2000,3269.8000,4,1,1,1,2,1,1,1,1,1
SF,IH2103,2020-07-23 09:30:15.200,3244.8000,1115,0,5837100.000,0,-,-,-,-,3248.0000,3247.8000,3247.6000,3247.2000,3246.2000,3253.0000,3255.8000,3267.0000,3267.2000,3269.8000,1,1,4,1,2,1,1,1,1,1
SF,IH2103,2020-07-23 09:30:15.700,3244.8000,1115,0,5837100.000,0,-,-,-,-,3248.2000,3248.0000,3247.8000,3247.2000,3246.2000,3253.0000,3255.8000,3267.0000,3267.2000,3269.8000,2,1,1,1,2,1,1,1,1,1
SF,IH2103,2020-07-23 09:30:16.200,3244.8000,1115,0,5837100.000,0,-,-,-,-,3248.2000,3248.0000,3247.2000,3241.0000,3240.0000,3253.0000,3255.8000,3267.0000,3267.2000,3269.8000,2,1,1,8,10,1,1,1,1,1
SF,IH2103,2020-07-23 09:30:16.700,3244.8000,1115,0,5837100.000,0,-,-,-,-,3248.4000,3248.2000,3247.2000,3241.0000,3240.0000,3252.8000,3253.0000,3255.8000,3267.0000,3267.2000,1,1,1,8,10,1,1,1,1,1
SF,IH2103,2020-07-23 09:30:17.200,3244.8000,1115,0,5837100.000,0,-,-,-,-,3248.6000,3248.4000,3247.2000,3241.0000,3240.0000,3252.4000,3252.8000,3255.8000,3267.0000,3267.2000,1,1,1,8,10,1,1,1,1,1
SF,IH2103,2020-07-23 09:30:17.700,3252.4000,1114,-1,6812820.000,1,0,1,双平,S,3248.8000,3248.6000,3247.2000,3241.0000,3240.0000,3255.8000,3267.0000,3267.2000,3269.8000,3276.8000,1,1,1,8,10,1,1,1,1,1
SF,IH2103,2020-07-23 09:30:18.200,3252.4000,1114,0,6812820.000,0,-,-,-,-,3249.0000,3248.8000,3247.2000,3241.0000,3240.0000,3255.8000,3267.0000,3267.2000,3269.8000,3276.8000,3,1,1,8,10,1,1,1,1,1
SF,IH2103,2020-07-23 09:30:18.700,3252.4000,1114,0,6812820.000,0,-,-,-,-,3249.4000,3249.0000,3247.2000,3241.0000,3240.0000,3255.8000,3267.0000,3267.2000,3269.8000,3276.8000,1,2,1,8,10,1,1,1,1,1
SF,IH2103,2020-07-23 09:30:19.200,3252.4000,1114,0,6812820.000,0,-,-,-,-,3249.6000,3249.4000,3241.0000,3240.0000,3239.0000,3255.6000,3255.8000,3267.0000,3267.2000,3269.8000,1,1,8,10,10,1,1,1,1,1
SF,IH2103,2020-07-23 09:30:19.700,3252.4000,1114,0,6812820.000,0,-,-,-,-,3249.6000,3241.0000,3240.0000,3239.0000,3238.0000,3255.6000,3255.8000,3267.0000,3267.2000,3269.8000,1,8,10,10,10,1,1,1,1,1
SF,IH2103,2020-07-23 09:30:21.200,3252.4000,1114,0,6812820.000,0,-,-,-,-,3250.0000,3249.6000,3241.0000,3240.0000,3239.0000,3255.6000,3255.8000,3267.0000,3267.2000,3269.8000,1,1,8,10,10,1,1,1,1,1
SF,IH2103,2020-07-23 09:30:21.700,3252.4000,1114,0,6812820.000,0,-,-,-,-,3250.2000,3250.0000,3241.0000,3240.0000,3239.0000,3255.8000,3267.0000,3267.2000,3269.8000,3276.8000,2,1,8,10,10,1,1,1,1,1
SF,IH2103,2020-07-23 09:30:22.200,3252.4000,1114,0,6812820.000,0,-,-,-,-,3250.2000,3241.0000,3240.0000,3239.0000,3238.0000,3255.8000,3267.0000,3267.2000,3269.8000,3276.8000,2,8,10,10,10,1,1,1,1,1
SF,IH2103,2020-07-23 09:30:22.700,3252.4000,1114,0,6812820.000,0,-,-,-,-,3250.4000,3250.2000,3241.0000,3240.0000,3239.0000,3255.8000,3267.0000,3267.2000,3269.8000,3276.8000,1,2,8,10,10,1,1,1,1,1
SF,IH2103,2020-07-23 09:30:23.200,3252.4000,1114,0,6812820.000,0,-,-,-,-,3250.6000,3250.4000,3241.0000,3240.0000,3239.0000,3255.8000,3267.0000,3267.2000,3269.8000,3276.8000,2,1,8,10,10,1,1,1,1,1
SF,IH2103,2020-07-23 09:30:23.700,3252.4000,1114,0,6812820.000,0,-,-,-,-,3251.0000,3250.6000,3241.0000,3240.0000,3239.0000,3255.8000,3267.0000,3267.2000,3269.8000,3276.8000,1,2,8,10,10,1,1,1,1,1
SF,IH2103,2020-07-23 09:30:24.200,3252.4000,1114,0,6812820.000,0,-,-,-,-,3251.2000,3251.0000,3241.0000,3240.0000,3239.0000,3255.8000,3267.0000,3267.2000,3269.8000,3276.8000,3,1,8,10,10,1,1,1,1,1
SF,IH2103,2020-07-23 09:30:24.700,3252.4000,1114,0,6812820.000,0,-,-,-,-,3251.6000,3251.2000,3241.0000,3240.0000,3239.0000,3255.8000,3267.0000,3269.8000,3276.8000,3290.6000,1,2,8,10,10,1,1,1,1,8
SF,IH2103,2020-07-23 09:30:25.200,3252.4000,1114,0,6812820.000,0,-,-,-,-,3251.8000,3251.6000,3251.2000,3241.0000,3240.0000,3255.8000,3267.0000,3269.8000,3276.8000,3278.6000,1,1,1,8,10,1,1,1,1,1
SF,IH2103,2020-07-23 09:30:25.700,3252.4000,1114,0,6812820.000,0,-,-,-,-,3252.2000,3251.8000,3251.2000,3241.0000,3240.0000,3255.8000,3267.0000,3269.8000,3276.8000,3278.6000,1,1,1,8,10,1,1,1,1,1
SF,IH2103,2020-07-23 09:30:26.200,3252.4000,1114,0,6812820.000,0,-,-,-,-,3252.4000,3251.2000,3241.0000,3240.0000,3239.0000,3255.8000,3267.0000,3269.8000,3276.8000,3278.6000,1,1,8,10,10,1,1,1,1,1
SF,IH2103,2020-07-23 09:30:31.200,3255.8000,1113,-1,7789560.000,1,0,1,双平,S,3252.4000,3251.2000,3241.0000,3240.0000,3239.0000,3267.0000,3269.8000,3276.8000,3278.6000,3290.6000,1,1,8,10,10,1,1,1,1,8
SF,IH2103,2020-07-23 09:30:31.700,3255.8000,1113,0,7789560.000,0,-,-,-,-,3252.4000,3241.0000,3240.0000,3239.0000,3238.0000,3265.2000,3265.4000,3266.4000,3266.6000,3266.8000,1,8,10,10,10,1,4,1,1,2
SF,IH2103,2020-07-23 09:30:32.200,3255.8000,1113,0,7789560.000,0,-,-,-,-,3252.4000,3241.0000,3240.0000,3239.0000,3238.0000,3264.8000,3265.0000,3265.2000,3265.4000,3266.8000,1,8,10,10,10,1,1,1,4,1
SF,IH2103,2020-07-23 09:30:32.700,3255.8000,1113,0,7789560.000,0,-,-,-,-,3252.4000,3241.0000,3240.0000,3239.0000,3238.0000,3264.6000,3264.8000,3265.2000,3265.4000,3266.8000,1,8,10,10,10,1,1,1,4,1
SF,IH2103,2020-07-23 09:30:33.200,3255.8000,1113,0,7789560.000,0,-,-,-,-,3252.4000,3241.0000,3240.0000,3239.0000,3238.0000,3258.4000,3261.8000,3262.4000,3264.2000,3264.6000,1,8,10,10,10,1,1,1,1,1
SF,IH2103,2020-07-23 09:30:33.700,3255.8000,1113,0,7789560.000,0,-,-,-,-,3252.4000,3241.0000,3240.0000,3239.0000,3238.0000,3258.0000,3258.2000,3258.4000,3261.8000,3262.4000,1,8,10,10,10,1,1,1,1,1
SF,IH2103,2020-07-23 09:30:34.200,3255.8000,1113,0,7789560.000,0,-,-,-,-,3252.4000,3241.0000,3240.0000,3239.0000,3238.0000,3257.8000,3258.0000,3258.4000,3261.8000,3266.8000,1,8,10,10,10,1,1,1,1,1
SF,IH2103,2020-07-23 09:30:34.700,3255.8000,1113,0,7789560.000,0,-,-,-,-,3252.4000,3241.0000,3240.0000,3239.0000,3238.0000,3256.8000,3257.4000,3257.8000,3266.8000,3267.0000,1,8,10,10,10,1,2,2,1,1
SF,IH2103,2020-07-23 09:30:35.200,3255.8000,1113,0,7789560.000,0,-,-,-,-,3252.4000,3241.0000,3240.0000,3239.0000,3238.0000,3256.4000,3256.8000,3257.4000,3257.8000,3266.8000,1,8,10,10,10,1,1,1,2,1
SF,IH2103,2020-07-23 09:30:35.700,3255.8000,1113,0,7789560.000,0,-,-,-,-,3252.4000,3241.0000,3240.0000,3239.0000,3238.0000,3256.4000,3256.8000,3257.8000,3266.8000,3267.0000,1,8,10,10,10,1,1,2,1,1
SF,IH2103,2020-07-23 09:30:37.700,3255.8000,1113,0,7789560.000,0,-,-,-,-,3252.4000,3241.0000,3240.0000,3239.0000,3238.0000,3256.4000,3257.8000,3266.8000,3267.0000,3269.8000,1,8,10,10,10,1,2,1,1,1
SF,IH2103,2020-07-23 09:30:38.200,3255.8000,1113,0,7789560.000,0,-,-,-,-,3252.4000,3241.0000,3240.0000,3239.0000,3238.0000,3256.4000,3257.8000,3266.8000,3267.0000,3269.8000,1,8,10,10,10,1,1,1,1,1
SF,IH2103,2020-07-23 09:30:38.700,3255.8000,1113,0,7789560.000,0,-,-,-,-,3252.4000,3241.0000,3240.0000,3239.0000,3238.0000,3257.8000,3266.8000,3267.0000,3269.8000,3276.8000,1,8,10,10,10,1,1,1,1,1
SF,IH2103,2020-07-23 09:30:39.200,3255.8000,1113,0,7789560.000,0,-,-,-,-,3252.6000,3252.4000,3241.0000,3240.0000,3239.0000,3257.4000,3266.8000,3267.0000,3269.8000,3276.8000,1,1,8,10,10,1,1,1,1,1
SF,IH2103,2020-07-23 09:30:39.700,3255.8000,1113,0,7789560.000,0,-,-,-,-,3253.0000,3252.8000,3252.6000,3241.0000,3240.0000,3257.4000,3266.8000,3267.0000,3269.8000,3276.8000,1,1,1,8,10,1,1,1,1,1
SF,IH2103,2020-07-23 09:30:40.200,3255.8000,1113,0,7789560.000,0,-,-,-,-,3253.2000,3253.0000,3252.6000,3241.0000,3240.0000,3257.4000,3266.8000,3267.0000,3269.8000,3276.8000,1,1,1,8,10,1,1,1,1,1
SF,IH2103,2020-07-23 09:30:40.700,3255.8000,1113,0,7789560.000,0,-,-,-,-,3253.4000,3253.2000,3252.6000,3241.0000,3240.0000,3257.0000,3257.4000,3266.8000,3267.0000,3269.8000,1,1,1,8,10,1,1,1,1,1
SF,IH2103,2020-07-23 09:30:41.200,3255.8000,1113,0,7789560.000,0,-,-,-,-,3253.6000,3252.6000,3241.0000,3240.0000,3239.0000,3257.0000,3266.8000,3267.0000,3269.8000,3276.8000,2,1,8,10,10,2,1,1,1,1
SF,IH2103,2020-07-23 09:30:41.700,3255.8000,1113,0,7789560.000,0,-,-,-,-,3253.8000,3253.6000,3252.6000,3241.0000,3240.0000,3257.0000,3266.8000,3267.0000,3269.8000,3276.8000,1,1,1,8,10,1,1,1,1,1
SF,IH2103,2020-07-23 09:30:42.200,3255.8000,1113,0,7789560.000,0,-,-,-,-,3254.0000,3253.8000,3252.6000,3241.0000,3240.0000,3257.0000,3266.8000,3267.0000,3269.8000,3276.8000,1,1,1,8,10,1,1,1,1,1
SF,IH2103,2020-07-23 09:30:42.700,3255.8000,1113,0,7789560.000,0,-,-,-,-,3254.4000,3254.0000,3252.6000,3241.0000,3240.0000,3257.0000,3266.8000,3267.0000,3269.8000,3276.8000,1,1,1,8,10,1,1,1,1,1
SF,IH2103,2020-07-23 09:30:43.200,3255.8000,1113,0,7789560.000,0,-,-,-,-,3254.6000,3254.4000,3252.6000,3241.0000,3240.0000,3257.0000,3266.8000,3267.0000,3269.8000,3276.8000,1,1,1,8,10,1,1,1,1,1
SF,IH2103,2020-07-23 09:30:43.700,3255.8000,1113,0,7789560.000,0,-,-,-,-,3254.8000,3254.6000,3252.6000,3241.0000,3240.0000,3257.0000,3266.8000,3267.0000,3269.8000,3276.8000,1,1,1,8,10,1,1,1,1,1
SF,IH2103,2020-07-23 09:30:44.200,3255.8000,1113,0,7789560.000,0,-,-,-,-,3255.0000,3252.6000,3241.0000,3240.0000,3239.0000,3257.0000,3266.8000,3267.0000,3269.8000,3276.8000,1,1,8,10,10,1,1,1,1,1
SF,IH2103,2020-07-23 09:30:44.700,3257.0000,1112,-1,8766660.000,1,0,1,双平,S,3255.0000,3252.6000,3241.0000,3240.0000,3239.0000,3266.8000,3267.0000,3269.8000,3276.8000,3278.6000,1,1,8,10,10,1,1,1,1,1
SF,IH2103,2020-07-23 09:30:45.200,3257.0000,1112,0,8766660.000,0,-,-,-,-,3255.2000,3255.0000,3241.0000,3240.0000,3239.0000,3266.4000,3266.8000,3267.0000,3269.8000,3276.8000,2,1,8,10,10,1,1,1,1,1
SF,IH2103,2020-07-23 09:30:45.700,3257.0000,1112,0,8766660.000,0,-,-,-,-,3255.6000,3255.4000,3255.2000,3241.0000,3240.0000,3266.4000,3266.8000,3267.0000,3269.8000,3276.8000,1,1,2,8,10,1,1,1,1,1
SF,IH2103,2020-07-23 09:30:46.200,3257.0000,1112,0,8766660.000,0,-,-,-,-,3256.0000,3255.8000,3255.6000,3241.0000,3240.0000,3266.4000,3267.0000,3269.8000,3276.8000,3278.6000,1,2,1,8,10,1,1,1,1,1
SF,IH2103,2020-07-23 09:30:46.700,3257.0000,1112,0,8766660.000,0,-,-,-,-,3256.4000,3256.2000,3256.0000,3241.0000,3240.0000,3266.4000,3267.0000,3269.8000,3276.8000,3278.6000,1,2,1,8,10,1,1,1,1,1
SF,IH2103,2020-07-23 09:30:47.200,3257.0000,1112,0,8766660.000,0,-,-,-,-,3256.8000,3256.6000,3241.0000,3240.0000,3239.0000,3266.0000,3266.4000,3267.0000,3269.8000,3276.8000,1,2,8,10,10,1,1,1,1,1
SF,IH2103,2020-07-23 09:30:47.700,3257.0000,1112,0,8766660.000,0,-,-,-,-,3257.0000,3241.0000,3240.0000,3239.0000,3238.0000,3265.6000,3266.0000,3267.0000,3269.8000,3276.8000,2,8,10,10,10,1,1,1,1,1
SF,IH2103,2020-07-23 09:30:48.200,3257.0000,1112,0,8766660.000,0,-,-,-,-,3257.0000,3241.0000,3240.0000,3239.0000,3238.0000,3265.6000,3266.0000,3267.0000,3269.8000,3276.8000,2,8,10,10,10,1,1,1,1,1
SF,IH2103,2020-07-23 09:30:48.700,3257.0000,1112,0,8766660.000,0,-,-,-,-,3257.0000,3241.0000,3240.0000,3239.0000,3238.0000,3265.6000,3266.0000,3267.0000,3269.8000,3276.8000,2,8,10,10,10,1,1,1,1,1
SF,IH2103,2020-07-23 09:30:49.200,3257.0000,1112,0,8766660.000,0,-,-,-,-,3257.0000,3241.0000,3240.0000,3239.0000,3238.0000,3262.8000,3265.4000,3265.6000,3266.0000,3267.0000,1,8,10,10,10,1,1,1,1,1
SF,IH2103,2020-07-23 09:30:49.700,3257.0000,1112,0,8766660.000,0,-,-,-,-,3257.0000,3241.0000,3240.0000,3239.0000,3238.0000,3262.4000,3262.6000,3262.8000,3266.0000,3267.0000,1,8,10,10,10,1,1,1,1,1
SF,IH2103,2020-07-23 09:30:50.200,3257.0000,1112,0,8766660.000,0,-,-,-,-,3257.0000,3241.0000,3240.0000,3239.0000,3238.0000,3262.2000,3262.4000,3262.8000,3266.0000,3267.0000,1,8,10,10,10,1,1,1,1,1
SF,IH2103,2020-07-23 09:30:50.700,3257.0000,1112,0,8766660.000,0,-,-,-,-,3257.0000,3241.0000,3240.0000,3239.0000,3238.0000,3261.8000,3262.0000,3262.2000,3266.0000,3267.0000,1,8,10,10,10,1,1,1,1,1
SF,IH2103,2020-07-23 09:30:51.200,3261.6000,1112,0,9745140.000,1,0,1,多换,S,3257.4000,3257.2000,3257.0000,3241.0000,3240.0000,3261.8000,3262.0000,3266.0000,3267.0000,3269.8000,1,1,1,8,10,1,1,1,1,1
SF,IH2103,2020-07-23 09:30:51.700,3261.6000,1112,0,9745140.000,0,-,-,-,-,3257.6000,3257.4000,3257.2000,3241.0000,3240.0000,3261.0000,3261.8000,3266.0000,3267.0000,3269.8000,2,1,1,8,10,1,1,1,1,1
SF,IH2103,2020-07-23 09:30:52.200,3261.6000,1112,0,9745140.000,0,-,-,-,-,3258.0000,3257.6000,3241.0000,3240.0000,3239.0000,3260.6000,3261.0000,3266.0000,3267.0000,3269.8000,1,1,8,10,10,1,1,1,1,1
SF,IH2103,2020-07-23 09:30:52.700,3261.6000,1112,0,9745140.000,0,-,-,-,-,3258.2000,3258.0000,3241.0000,3240.0000,3239.0000,3260.6000,3261.0000,3266.0000,3267.0000,3269.8000,1,1,8,10,10,1,1,1,1,1
SF,IH2103,2020-07-23 09:30:53.200,3261.6000,1112,0,9745140.000,0,-,-,-,-,3258.2000,3241.0000,3240.0000,3239.0000,3238.0000,3260.6000,3261.0000,3266.0000,3267.0000,3269.8000,1,8,10,10,10,1,1,1,1,1
SF,IH2103,2020-07-23 09:30:53.700,3258.2000,1111,-1,10722600.000,1,0,1,双平,S,3241.0000,3240.0000,3239.0000,3238.0000,3237.0000,3260.4000,3260.6000,3266.0000,3267.0000,3269.8000,8,10,10,10,10,1,1,1,1,1
SF,IH2103,2020-07-23 09:30:54.200,3258.2000,1111,0,10722600.000,0,-,-,-,-,3246.8000,3241.4000,3241.2000,3241.0000,3240.0000,3260.4000,3266.0000,3267.0000,3269.8000,3276.8000,1,2,6,8,10,1,1,1,1,1
SF,IH2103,2020-07-23 09:30:54.700,3258.2000,1111,0,10722600.000,0,-,-,-,-,3247.2000,3247.0000,3241.2000,3241.0000,3240.0000,3260.4000,3266.0000,3267.0000,3269.8000,3276.8000,2,2,2,8,10,2,1,1,1,1
SF,IH2103,2020-07-23 09:30:55.200,3258.2000,1111,0,10722600.000,0,-,-,-,-,3247.4000,3247.2000,3247.0000,3241.2000,3241.0000,3260.4000,3266.0000,3267.0000,3269.8000,3276.8000,3,2,1,2,8,2,1,1,1,1
SF,IH2103,2020-07-23 09:30:55.700,3258.2000,1111,0,10722600.000,0,-,-,-,-,3247.8000,3247.4000,3247.0000,3241.2000,3241.0000,3260.4000,3266.0000,3267.0000,3269.8000,3276.8000,2,3,1,2,8,2,1,1,1,1
SF,IH2103,2020-07-23 09:30:56.200,3258.2000,1111,0,10722600.000,0,-,-,-,-,3248.0000,3247.8000,3247.4000,3247.0000,3241.2000,3260.4000,3266.0000,3267.0000,3269.8000,3276.8000,2,2,2,1,1,2,1,1,1,1
SF,IH2103,2020-07-23 09:30:56.700,3258.2000,1111,0,10722600.000,0,-,-,-,-,3248.4000,3248.0000,3247.4000,3247.0000,3241.2000,3260.2000,3260.4000,3267.0000,3269.8000,3276.8000,2,2,2,1,1,1,2,1,1,1
SF,IH2103,2020-07-23 09:30:57.200,3258.2000,1111,0,10722600.000,0,-,-,-,-,3248.6000,3248.4000,3248.0000,3247.4000,3247.0000,3259.8000,3260.2000,3260.4000,3261.8000,3267.0000,4,2,1,2,1,1,1,1,1,1
SF,IH2103,2020-07-23 09:30:57.700,3258.2000,1111,0,10722600.000,0,-,-,-,-,3249.6000,3249.0000,3248.6000,3248.0000,3247.4000,3259.8000,3260.2000,3260.4000,3261.8000,3267.0000,1,2,4,1,2,1,1,1,1,1
SF,IH2103,2020-07-23 09:30:58.200,3258.2000,1111,0,10722600.000,0,-,-,-,-,3250.0000,3249.8000,3249.6000,3248.6000,3248.0000,3259.4000,3259.8000,3260.2000,3260.4000,3261.8000,2,2,1,3,1,1,1,1,1,1
SF,IH2103,2020-07-23 09:30:58.700,3258.2000,1111,0,10722600.000,0,-,-,-,-,3250.2000,3250.0000,3249.8000,3249.6000,3248.6000,3259.4000,3260.2000,3260.4000,3261.8000,3267.0000,2,2,1,1,3,1,1,1,1,1
SF,IH2103,2020-07-23 09:30:59.200,3258.2000,1111,0,10722600.000,0,-,-,-,-,3251.6000,3250.6000,3250.2000,3249.8000,3248.6000,3259.0000,3260.2000,3261.8000,3267.0000,3269.8000,1,2,2,1,3,1,1,1,1,1
SF,IH2103,2020-07-23 09:30:59.700,3258.2000,1111,0,10722600.000,0,-,-,-,-,3252.0000,3251.8000,3251.6000,3250.2000,3249.8000,3259.0000,3260.2000,3261.8000,3267.0000,3269.8000,2,3,1,1,1,1,1,1,1,1
SF,IH2103,2020-07-23 09:31:00.200,3258.2000,1111,0,10722600.000,0,-,-,-,-,3252.2000,3252.0000,3251.8000,3251.6000,3250.2000,3259.0000,3260.2000,3261.8000,3267.0000,3269.8000,4,2,2,1,1,1,1,1,1,1
SF,IH2103,2020-07-23 09:31:00.700,3258.2000,1111,0,10722600.000,0,-,-,-,-,3252.6000,3252.2000,3251.8000,3251.6000,3241.2000,3259.0000,3260.2000,3261.8000,3267.0000,3269.8000,2,4,2,1,1,1,1,1,1,1
SF,IH2103,2020-07-23 09:31:01.200,3258.2000,1111,0,10722600.000,0,-,-,-,-,3252.8000,3252.6000,3252.2000,3251.8000,3251.6000,3258.8000,3259.0000,3260.2000,3261.8000,3267.0000,4,2,3,2,1,1,1,1,1,1
SF,IH2103,2020-07-23 09:31:01.700,3258.2000,1111,0,10722600.000,0,-,-,-,-,3253.2000,3252.8000,3252.2000,3251.8000,3251.6000,3258.8000,3259.0000,3260.2000,3261.8000,3267.0000,2,5,3,2,1,1,1,1,1,1
SF,IH2103,2020-07-23 09:31:02.200,3258.2000,1111,0,10722600.000,0,-,-,-,-,3253.4000,3253.2000,3252.8000,3252.2000,3251.8000,3258.8000,3259.0000,3260.2000,3261.8000,3267.0000,2,2,2,3,2,1,1,1,1,1
SF,IH2103,2020-07-23 09:31:02.700,3258.2000,1111,0,10722600.000,0,-,-,-,-,3253.8000,3253.4000,3252.2000,3251.8000,3251.6000,3258.8000,3259.0000,3260.2000,3261.8000,3267.0000,2,2,3,2,1,1,1,1,1,1
SF,IH2103,2020-07-23 09:31:03.200,3258.2000,1111,0,10722600.000,0,-,-,-,-,3254.0000,3253.8000,3252.2000,3251.6000,3241.2000,3258.8000,3259.0000,3260.2000,3261.8000,3267.0000,2,2,3,1,1,2,1,1,1,1
SF,IH2103,2020-07-23 09:31:03.700,3258.2000,1111,0,10722600.000,0,-,-,-,-,3254.4000,3254.0000,3251.6000,3241.2000,3241.0000,3258.6000,3258.8000,3260.2000,3261.8000,3267.0000,2,1,1,1,8,1,2,1,1,1
SF,IH2103,2020-07-23 09:31:04.200,3258.2000,1111,0,10722600.000,0,-,-,-,-,3254.4000,3254.0000,3251.6000,3241.2000,3241.0000,3258.2000,3258.4000,3258.6000,3260.2000,3261.8000,2,1,1,1,8,1,1,1,1,1
SF,IH2103,2020-07-23 09:31:04.700,3254.4000,1111,0,11698920.000,1,0,1,多换,S,3251.6000,3241.2000,3241.0000,3240.0000,3239.0000,3257.8000,3258.0000,3258.2000,3258.6000,3261.8000,1,1,8,10,10,1,1,1,1,1
SF,IH2103,2020-07-23 09:31:05.200,3254.4000,1111,0,11698920.000,0,-,-,-,-,3252.0000,3251.8000,3251.6000,3241.2000,3241.0000,3257.4000,3257.6000,3257.8000,3258.6000,3261.8000,1,2,1,1,8,1,1,1,1,1
SF,IH2103,2020-07-23 09:31:05.700,3254.4000,1111,0,11698920.000,0,-,-,-,-,3252.2000,3252.0000,3247.0000,3241.2000,3241.0000,3257.0000,3257.2000,3257.4000,3258.6000,3261.8000,2,1,1,1,8,1,1,1,1,1
SF,IH2103,2020-07-23 09:31:06.200,3254.4000,1111,0,11698920.000,0,-,-,-,-,3252.6000,3252.2000,3247.0000,3241.2000,3241.0000,3256.8000,3257.0000,3258.6000,3267.0000,3269.8000,1,2,1,1,8,1,1,1,1,1
SF,IH2103,2020-07-23 09:31:06.700,3254.4000,1111,0,11698920.000,0,-,-,-,-,3252.8000,3252.6000,3252.2000,3247.0000,3241.2000,3256.4000,3256.6000,3256.8000,3257.8000,3258.6000,1,1,1,1,1,1,1,1,1,1
SF,IH2103,2020-07-23 09:31:07.200,3254.4000,1111,0,11698920.000,0,-,-,-,-,3253.0000,3252.8000,3247.0000,3241.2000,3241.0000,3256.2000,3257.8000,3258.6000,3267.0000,3269.8000,1,1,1,1,8,2,1,1,1,1
SF,IH2103,2020-07-23 09:31:07.700,3254.4000,1111,0,11698920.000,0,-,-,-,-,3253.2000,3253.0000,3247.0000,3241.2000,3241.0000,3256.2000,3257.8000,3258.6000,3267.0000,3269.8000,1,1,1,1,8,1,1,1,1,1
SF,IH2103,2020-07-23 09:31:08.200,3256.2000,1110,-1,12675780.000,1,0,1,双平,S,3253.4000,3253.2000,3247.0000,3241.2000,3241.0000,3256.0000,3257.8000,3267.0000,3269.8000,3278.6000,1,1,1,1,8,1,1,1,1,1
SF,IH2103,2020-07-23 09:31:08.700,3256.0000,1109,-1,13652580.000,1,0,1,双平,S,3253.6000,3253.4000,3247.0000,3241.2000,3241.0000,3257.8000,3267.0000,3269.8000,3278.6000,3290.6000,1,1,1,1,8,1,1,1,1,8
SF,IH2103,2020-07-23 09:31:09.200,3256.0000,1109,0,13652580.000,0,-,-,-,-,3254.0000,3253.6000,3247.0000,3241.2000,3241.0000,3257.6000,3257.8000,3267.0000,3269.8000,3278.6000,1,1,1,1,8,1,2,1,1,1
SF,IH2103,2020-07-23 09:31:09.700,3256.0000,1109,0,13652580.000,0,-,-,-,-,3254.2000,3254.0000,3247.0000,3241.2000,3241.0000,3257.8000,3267.0000,3269.8000,3278.6000,3290.6000,1,1,1,1,8,1,1,1,1,8
SF,IH2103,2020-07-23 09:31:10.200,3256.0000,1109,0,13652580.000,0,-,-,-,-,3254.6000,3254.2000,3247.0000,3241.2000,3241.0000,3267.0000,3269.8000,3278.6000,3290.6000,3317.2000,1,1,1,1,8,1,1,1,8,1
SF,IH2103,2020-07-23 09:31:10.700,3256.0000,1109,0,13652580.000,0,-,-,-,-,3254.8000,3254.6000,3247.0000,3241.2000,3241.0000,3266.6000,3266.8000,3267.0000,3269.8000,3278.6000,2,1,1,1,8,2,1,1,1,1
SF,IH2103,2020-07-23 09:31:11.200,3256.0000,1109,0,13652580.000,0,-,-,-,-,3255.2000,3254.8000,3247.0000,3241.2000,3241.0000,3266.4000,3266.6000,3267.0000,3269.8000,3278.6000,1,2,1,1,8,1,2,1,1,1
SF,IH2103,2020-07-23 09:31:11.700,3256.0000,1109,0,13652580.000,0,-,-,-,-,3255.4000,3255.2000,3247.0000,3241.2000,3241.0000,3263.4000,3266.0000,3266.4000,3267.0000,3269.8000,2,1,1,1,8,1,2,1,1,1
SF,IH2103,2020-07-23 09:31:12.200,3256.0000,1109,0,13652580.000,0,-,-,-,-,3255.8000,3255.4000,3247.0000,3241.2000,3241.0000,3263.0000,3263.2000,3263.4000,3267.0000,3269.8000,1,2,1,1,8,2,1,1,1,1
SF,IH2103,2020-07-23 09:31:12.700,3256.0000,1109,0,13652580.000,0,-,-,-,-,3256.0000,3255.8000,3247.0000,3241.2000,3241.0000,3262.8000,3263.0000,3263.4000,3267.0000,3269.8000,2,1,1,1,8,1,2,1,1,1
SF,IH2103,2020-07-23 09:31:13.200,3256.0000,1109,0,13652580.000,0,-,-,-,-,3256.4000,3256.0000,3247.0000,3241.2000,3241.0000,3262.4000,3262.8000,3267.0000,3269.8000,3278.6000,1,2,1,1,8,2,1,1,1,1
SF,IH2103,2020-07-23 09:31:13.700,3256.0000,1109,0,13652580.000,0,-,-,-,-,3256.6000,3247.0000,3241.2000,3241.0000,3240.0000,3262.2000,3262.4000,3267.0000,3269.8000,3278.6000,2,1,1,8,10,1,3,1,1,1
SF,IH2103,2020-07-23 09:31:14.200,3256.0000,1109,0,13652580.000,0,-,-,-,-,3256.6000,3247.0000,3241.2000,3241.0000,3240.0000,3261.8000,3262.2000,3262.4000,3267.0000,3269.8000,2,1,1,8,10,2,1,1,1,1
SF,IH2103,2020-07-23 09:31:14.700,3256.0000,1109,0,13652580.000,0,-,-,-,-,3256.6000,3247.0000,3241.2000,3241.0000,3240.0000,3261.6000,3261.8000,3262.4000,3267.0000,3269.8000,2,1,1,8,10,1,2,1,1,1
SF,IH2103,2020-07-23 09:31:15.200,3256.0000,1109,0,13652580.000,0,-,-,-,-,3256.6000,3247.0000,3241.2000,3241.0000,3240.0000,3261.2000,3261.6000,3262.4000,3267.0000,3269.8000,2,1,1,8,10,3,1,1,1,1
SF,IH2103,2020-07-23 09:31:15.700,3256.0000,1109,0,13652580.000,0,-,-,-,-,3256.6000,3247.0000,3241.2000,3241.0000,3240.0000,3261.0000,3261.2000,3262.4000,3267.0000,3269.8000,2,1,1,8,10,1,3,1,1,1
SF,IH2103,2020-07-23 09:31:16.200,3256.0000,1109,0,13652580.000,0,-,-,-,-,3257.0000,3256.6000,3247.0000,3241.2000,3241.0000,3260.6000,3261.0000,3261.2000,3262.4000,3267.0000,1,2,1,1,8,2,1,1,1,1
SF,IH2103,2020-07-23 09:31:16.700,3256.0000,1109,0,13652580.000,0,-,-,-,-,3257.2000,3257.0000,3247.0000,3241.2000,3241.0000,3260.4000,3260.6000,3262.4000,3267.0000,3269.8000,1,1,1,1,8,2,1,1,1,1
SF,IH2103,2020-07-23 09:31:17.200,3256.0000,1109,0,13652580.000,0,-,-,-,-,3257.2000,3257.0000,3247.0000,3241.2000,3241.0000,3260.0000,3260.4000,3262.4000,3267.0000,3269.8000,1,1,1,1,8,1,1,1,1,1
SF,IH2103,2020-07-23 09:31:17.700,3256.0000,1109,0,13652580.000,0,-,-,-,-,3257.4000,3257.2000,3247.0000,3241.2000,3241.0000,3260.4000,3262.4000,3267.0000,3269.8000,3278.6000,1,1,1,1,8,1,1,1,1,1
SF,IH2103,2020-07-23 09:31:18.200,3256.0000,1109,0,13652580.000,0,-,-,-,-,3257.6000,3257.4000,3247.0000,3241.2000,3241.0000,3262.4000,3267.0000,3269.8000,3278.6000,3290.6000,1,1,1,1,8,1,1,1,1,8
SF,IH2103,2020-07-23 09:31:18.700,3256.0000,1109,0,13652580.000,0,-,-,-,-,3258.0000,3257.8000,3257.6000,3247.0000,3241.2000,3262.0000,3262.2000,3262.4000,3267.0000,3269.8000,1,1,1,1,1,1,1,1,1,1
SF,IH2103,2020-07-23 09:31:19.200,3256.0000,1109,0,13652580.000,0,-,-,-,-,3258.2000,3258.0000,3247.0000,3241.2000,3241.0000,3261.8000,3262.0000,3262.4000,3267.0000,3269.8000,1,1,1,1,8,2,1,1,1,1
SF,IH2103,2020-07-23 09:31:19.700,3256.0000,1109,0,13652580.000,0,-,-,-,-,3258.4000,3258.2000,3247.0000,3241.2000,3241.0000,3261.8000,3262.4000,3267.0000,3269.8000,3278.6000,1,1,1,1,8,1,1,1,1,1
SF,IH2103,2020-07-23 09:31:20.200,3256.0000,1109,0,13652580.000,0,-,-,-,-,3258.6000,3258.4000,3247.0000,3241.2000,3241.0000,3262.4000,3267.0000,3269.8000,3278.6000,3290.6000,1,1,1,1,8,1,1,1,1,8
SF,IH2103,2020-07-23 09:31:20.700,3256.0000,1109,0,13652580.000,0,-,-,-,-,3259.0000,3258.6000,3241.2000,3241.0000,3240.0000,3262.2000,3267.0000,3269.8000,3278.6000,3290.6000,1,1,1,8,10,1,1,1,1,8
SF,IH2103,2020-07-23 09:31:21.200,3256.0000,1109,0,13652580.000,0,-,-,-,-,3259.2000,3259.0000,3241.2000,3241.0000,3240.0000,3267.0000,3269.8000,3278.6000,3290.6000,3317.2000,1,1,1,8,10,1,1,1,8,1
SF,IH2103,2020-07-23 09:31:21.700,3256.0000,1109,0,13652580.000,0,-,-,-,-,3259.6000,3259.4000,3259.2000,3241.2000,3241.0000,3266.6000,3266.8000,3267.0000,3269.8000,3278.6000,1,1,1,1,8,2,1,1,1,1
SF,IH2103,2020-07-23 09:31:22.200,3256.0000,1109,0,13652580.000,0,-,-,-,-,3259.8000,3259.6000,3241.2000,3241.0000,3240.0000,3265.4000,3266.4000,3266.6000,3267.0000,3269.8000,2,1,1,8,10,1,1,2,1,1
SF,IH2103,2020-07-23 09:31:22.700,3256.0000,1109,0,13652580.000,0,-,-,-,-,3260.2000,3259.8000,3241.2000,3241.0000,3240.0000,3265.0000,3265.2000,3265.4000,3267.0000,3269.8000,1,2,1,8,10,2,1,1,1,1
SF,IH2103,2020-07-23 09:31:23.200,3256.0000,1109,0,13652580.000,0,-,-,-,-,3260.4000,3241.2000,3241.0000,3240.0000,3239.0000,3264.8000,3265.0000,3265.4000,3267.0000,3269.8000,1,1,8,10,10,1,2,1,1,1
SF,IH2103,2020-07-23 09:31:23.700,3260.4000,1108,-1,14630700.000,1,0,1,双平,S,3241.2000,3241.0000,3240.0000,3239.0000,3238.0000,3264.4000,3264.8000,3267.0000,3269.8000,3278.6000,1,8,10,10,10,2,1,1,1,1
SF,IH2103,2020-07-23 09:31:24.200,3260.4000,1108,0,14630700.000,0,-,-,-,-,3245.6000,3241.6000,3241.4000,3241.2000,3241.0000,3264.2000,3264.4000,3267.0000,3269.8000,3278.6000,1,2,6,1,8,1,3,1,1,1
SF,IH2103,2020-07-23 09:31:24.700,3260.4000,1108,0,14630700.000,0,-,-,-,-,3246.0000,3245.8000,3241.4000,3241.2000,3241.0000,3263.8000,3264.2000,3264.4000,3267.0000,3269.8000,2,5,1,1,8,2,1,1,1,1
SF,IH2103,2020-07-23 09:31:25.200,3260.4000,1108,0,14630700.000,0,-,-,-,-,3246.2000,3246.0000,3245.8000,3241.4000,3241.2000,3263.6000,3263.8000,3264.4000,3267.0000,3269.8000,4,2,3,1,1,1,2,1,1,1
SF,IH2103,2020-07-23 09:31:25.700,3260.4000,1108,0,14630700.000,0,-,-,-,-,3252.4000,3251.8000,3246.6000,3246.2000,3245.8000,3263.2000,3263.6000,3264.4000,3267.0000,3269.8000,1,1,2,3,3,2,1,1,1,1
SF,IH2103,2020-07-23 09:31:26.200,3260.4000,1108,0,14630700.000,0,-,-,-,-,3252.8000,3252.6000,3252.4000,3251.8000,3241.4000,3263.0000,3263.2000,3264.4000,3267.0000,3269.8000,2,3,1,1,1,1,2,1,1,1
SF,IH2103,2020-07-23 09:31:26.700,3260.4000,1108,0,14630700.000,0,-,-,-,-,3253.0000,3252.8000,3252.6000,3252.4000,3241.4000,3262.6000,3263.0000,3264.4000,3267.0000,3269.8000,4,2,1,1,1,2,1,1,1,1
SF,IH2103,2020-07-23 09:31:27.200,3260.4000,1108,0,14630700.000,0,-,-,-,-,3254.8000,3253.4000,3253.0000,3252.6000,3241.2000,3262.4000,3262.6000,3264.4000,3267.0000,3269.8000,1,2,4,1,1,1,2,1,1,1
SF,IH2103,2020-07-23 09:31:27.700,3260.4000,1108,0,14630700.000,0,-,-,-,-,3255.2000,3255.0000,3254.8000,3253.0000,3241.2000,3262.0000,3262.4000,3263.0000,3267.0000,3269.8000,1,3,1,2,1,1,2,1,1,1
SF,IH2103,2020-07-23 09:31:28.200,3260.4000,1108,0,14630700.000,0,-,-,-,-,3255.4000,3255.2000,3255.0000,3254.8000,3241.2000,3261.8000,3263.0000,3267.0000,3269.8000,3278.6000,3,1,1,2,1,1,1,1,1,1
SF,IH2103,2020-07-23 09:31:28.700,3260.4000,1108,0,14630700.000,0,-,-,-,-,3255.8000,3255.4000,3255.0000,3254.8000,3241.2000,3261.8000,3263.0000,3267.0000,3269.8000,3278.6000,1,3,1,2,1,1,1,1,1,1
SF,IH2103,2020-07-23 09:31:29.200,3260.4000,1108,0,14630700.000,0,-,-,-,-,3256.0000,3255.8000,3255.4000,3255.0000,3254.8000,3263.0000,3267.0000,3269.8000,3278.6000,3290.6000,3,1,1,1,2,1,1,1,1,8
SF,IH2103,2020-07-23 09:31:29.700,3260.4000,1108,0,14630700.000,0,-,-,-,-,3256.8000,3256.4000,3256.0000,3255.4000,3255.0000,3262.8000,3263.0000,3267.0000,3269.8000,3278.6000,2,1,3,1,1,1,1,1,1,1
SF,IH2103,2020-07-23 09:31:30.200,3260.4000,1108,0,14630700.000,0,-,-,-,-,3257.2000,3257.0000,3256.8000,3256.0000,3255.8000,3262.8000,3267.0000,3269.8000,3278.6000,3290.6000,1,2,2,1,1,1,1,1,1,8
SF,IH2103,2020-07-23 09:31:30.700,3260.4000,1108,0,14630700.000,0,-,-,-,-,3257.4000,3257.2000,3256.8000,3256.0000,3255.8000,3262.8000,3267.0000,3269.8000,3278.6000,3290.6000,2,1,2,1,1,1,1,1,1,8
SF,IH2103,2020-07-23 09:31:31.200,3260.4000,1108,0,14630700.000,0,-,-,-,-,3257.8000,3257.4000,3256.0000,3255.8000,3254.8000,3262.8000,3267.0000,3269.8000,3278.6000,3290.6000,3,2,1,1,1,1,1,1,1,8
SF,IH2103,2020-07-23 09:31:31.700,3260.4000,1108,0,14630700.000,0,-,-,-,-,3258.0000,3257.8000,3255.8000,3254.8000,3241.2000,3262.2000,3262.8000,3267.0000,3269.8000,3278.6000,2,3,1,1,1,1,1,1,1,1
SF,IH2103,2020-07-23 09:31:32.200,3260.4000,1108,0,14630700.000,0,-,-,-,-,3258.4000,3258.0000,3257.8000,3255.8000,3254.8000,3262.0000,3267.0000,3269.8000,3278.6000,3290.6000,1,1,2,1,1,1,1,1,1,8
SF,IH2103,2020-07-23 09:31:32.700,3260.4000,1108,0,14630700.000,0,-,-,-,-,3258.6000,3258.4000,3257.8000,3255.8000,3254.8000,3267.0000,3269.8000,3278.6000,3290.6000,3317.2000,1,1,2,1,1,1,1,1,8,1
SF,IH2103,2020-07-23 09:31:33.200,3260.4000,1108,0,14630700.000,0,-,-,-,-,3259.0000,3258.6000,3257.8000,3255.8000,3254.8000,3266.4000,3266.6000,3266.8000,3267.0000,3269.8000,1,1,2,1,1,1,1,2,1,1
SF,IH2103,2020-07-23 09:31:33.700,3260.4000,1108,0,14630700.000,0,-,-,-,-,3259.2000,3259.0000,3255.8000,3254.8000,3241.2000,3266.0000,3266.2000,3266.4000,3267.0000,3269.8000,2,1,1,1,1,1,2,1,1,1
SF,IH2103,2020-07-23 09:31:34.200,3260.4000,1108,0,14630700.000,0,-,-,-,-,3259.6000,3259.2000,3255.8000,3254.8000,3241.2000,3265.4000,3265.8000,3266.0000,3266.2000,3267.0000,1,2,1,1,1,1,1,1,1,1
SF,IH2103,2020-07-23 09:31:34.700,3260.4000,1108,0,14630700.000,0,-,-,-,-,3259.8000,3259.6000,3255.8000,3254.8000,3241.2000,3265.0000,3265.2000,3265.4000,3267.0000,3269.8000,2,2,1,1,1,1,1,1,1,1
SF,IH2103,2020-07-23 09:31:35.200,3260.4000,1108,0,14630700.000,0,-,-,-,-,3260.2000,3259.8000,3259.6000,3255.8000,3254.8000,3264.8000,3267.0000,3269.8000,3278.6000,3290.6000,1,2,1,1,1,1,1,1,1,8
SF,IH2103,2020-07-23 09:31:35.700,3260.4000,1108,0,14630700.000,0,-,-,-,-,3260.4000,3260.2000,3259.8000,3259.6000,3255.8000,3264.8000,3267.0000,3269.8000,3278.6000,3290.6000,1,1,1,1,1,1,1,1,1,8
SF,IH2103,2020-07-23 09:31:36.200,3260.4000,1108,0,14630700.000,0,-,-,-,-,3260.8000,3260.4000,3259.8000,3259.6000,3255.8000,3264.8000,3267.0000,3269.8000,3278.6000,3290.6000,1,1,1,1,1,1,1,1,1,8
SF,IH2103,2020-07-23 09:31:36.700,3264.8000,1107,-1,15610140.000,1,0,1,双平,S,3261.0000,3260.8000,3259.8000,3255.8000,3254.8000,3267.0000,3269.8000,3278.6000,3290.6000,3317.2000,1,1,1,1,1,1,1,1,8,1
SF,IH2103,2020-07-23 09:31:37.200,3264.8000,1107,0,15610140.000,0,-,-,-,-,3261.4000,3261.2000,3261.0000,3255.8000,3254.8000,3266.8000,3267.0000,3269.8000,3278.6000,3290.6000,1,1,1,1,1,2,1,1,1,8
SF,IH2103,2020-07-23 09:31:37.700,3264.8000,1107,0,15610140.000,0,-,-,-,-,3261.6000,3261.4000,3255.8000,3254.8000,3241.2000,3266.8000,3267.0000,3269.8000,3278.6000,3290.6000,2,1,1,1,1,2,1,1,1,8
SF,IH2103,2020-07-23 09:31:38.200,3264.8000,1107,0,15610140.000,0,-,-,-,-,3262.0000,3261.8000,3261.6000,3254.8000,3241.2000,3266.8000,3267.0000,3269.8000,3278.6000,3290.6000,1,1,2,1,1,2,1,1,1,8
SF,IH2103,2020-07-23 09:31:38.700,3264.8000,1107,0,15610140.000,0,-,-,-,-,3262.2000,3262.0000,3261.8000,3254.8000,3241.2000,3266.8000,3267.0000,3269.8000,3278.6000,3290.6000,2,1,1,1,1,2,1,1,1,8
SF,IH2103,2020-07-23 09:31:39.200,3264.8000,1107,0,15610140.000,0,-,-,-,-,3262.6000,3262.2000,3261.8000,3254.8000,3241.2000,3266.8000,3267.0000,3269.8000,3278.6000,3290.6000,1,2,1,1,1,2,1,1,1,8
SF,IH2103,2020-07-23 09:31:39.700,3264.8000,1107,0,15610140.000,0,-,-,-,-,3262.8000,3262.6000,3262.2000,3261.8000,3254.8000,3266.8000,3267.0000,3269.8000,3278.6000,3290.6000,1,1,1,1,1,2,1,1,1,8
SF,IH2103,2020-07-23 09:31:40.200,3262.8000,1106,-1,16588980.000,1,0,1,双平,S,3262.2000,3261.8000,3254.8000,3241.2000,3241.0000,3266.4000,3266.8000,3267.0000,3269.8000,3278.6000,1,1,1,1,8,1,2,1,1,1
SF,IH2103,2020-07-23 09:31:40.700,3262.8000,1106,0,16588980.000,0,-,-,-,-,3262.4000,3254.8000,3241.2000,3241.0000,3240.0000,3265.8000,3266.2000,3266.4000,3267.0000,3269.8000,1,1,1,8,10,1,1,1,1,1
SF,IH2103,2020-07-23 09:31:41.200,3262.4000,1106,0,17567700.000,1,0,1,多换,S,3254.8000,3241.2000,3241.0000,3240.0000,3239.0000,3265.4000,3265.6000,3265.8000,3267.0000,3269.8000,1,1,8,10,10,1,2,1,1,1
SF,IH2103,2020-07-23 09:31:41.700,3262.4000,1106,0,17567700.000,0,-,-,-,-,3255.4000,3255.0000,3254.8000,3241.2000,3241.0000,3264.8000,3265.0000,3265.2000,3265.4000,3267.0000,1,4,1,1,8,1,1,2,1,1
SF,IH2103,2020-07-23 09:31:42.200,3262.4000,1106,0,17567700.000,0,-,-,-,-,3255.6000,3255.0000,3254.8000,3241.2000,3241.0000,3264.4000,3264.6000,3264.8000,3267.0000,3269.8000,4,3,1,1,8,2,2,1,1,1
SF,IH2103,2020-07-23 09:31:42.700,3262.4000,1106,0,17567700.000,0,-,-,-,-,3255.6000,3254.8000,3241.2000,3241.0000,3240.0000,3263.8000,3264.2000,3264.4000,3267.0000,3269.8000,1,1,1,8,10,1,2,2,1,1
SF,IH2103,2020-07-23 09:31:43.200,3262.4000,1106,0,17567700.000,0,-,-,-,-,3255.6000,3254.8000,3241.2000,3241.0000,3240.0000,3263.4000,3263.6000,3263.8000,3267.0000,3269.8000,1,1,1,8,10,2,2,1,1,1
SF,IH2103,2020-07-23 09:31:43.700,3262.4000,1106,0,17567700.000,0,-,-,-,-,3255.6000,3254.8000,3241.2000,3241.0000,3240.0000,3262.8000,3263.2000,3263.4000,3267.0000,3269.8000,1,1,1,8,10,1,2,2,1,1
SF,IH2103,2020-07-23 09:31:44.200,3262.4000,1106,0,17567700.000,0,-,-,-,-,3255.6000,3241.2000,3241.0000,3240.0000,3239.0000,3262.4000,3262.6000,3262.8000,3267.0000,3269.8000,1,1,8,10,10,2,3,1,1,1
SF,IH2103,2020-07-23 09:31:44.700,3262.4000,1106,0,17567700.000,0,-,-,-,-,3255.6000,3241.2000,3241.0000,3240.0000,3239.0000,3261.8000,3262.2000,3262.4000,3262.6000,3267.0000,1,1,8,10,10,1,2,2,1,1
SF,IH2103,2020-07-23 09:31:45.200,3262.4000,1106,0,17567700.000,0,-,-,-,-,3255.6000,3241.2000,3241.0000,3240.0000,3239.0000,3261.4000,3261.6000,3261.8000,3262.6000,3267.0000,1,1,8,10,10,2,2,1,1,1
SF,IH2103,2020-07-23 09:31:45.700,3262.4000,1106,0,17567700.000,0,-,-,-,-,3255.6000,3241.2000,3241.0000,3240.0000,3239.0000,3260.8000,3261.2000,3261.4000,3262.6000,3267.0000,1,1,8,10,10,1,2,2,1,1
SF,IH2103,2020-07-23 09:31:46.200,3262.4000,1106,0,17567700.000,0,-,-,-,-,3255.6000,3241.2000,3241.0000,3240.0000,3239.0000,3260.4000,3260.6000,3262.6000,3267.0000,3269.8000,1,1,8,10,10,2,2,1,1,1
SF,IH2103,2020-07-23 09:31:46.700,3262.4000,1106,0,17567700.000,0,-,-,-,-,3255.8000,3255.6000,3241.2000,3241.0000,3240.0000,3260.2000,3262.6000,3267.0000,3269.8000,3278.6000,1,1,1,8,10,2,1,1,1,1
SF,IH2103,2020-07-23 09:31:47.200,3262.4000,1106,0,17567700.000,0,-,-,-,-,3256.0000,3241.2000,3241.0000,3240.0000,3239.0000,3262.6000,3267.0000,3269.8000,3278.6000,3290.6000,1,1,8,10,10,1,1,1,1,8
SF,IH2103,2020-07-23 09:31:47.700,3262.4000,1106,0,17567700.000,0,-,-,-,-,3256.2000,3256.0000,3241.2000,3241.0000,3240.0000,3261.8000,3262.2000,3262.4000,3267.0000,3269.8000,1,1,1,8,10,1,2,1,1,1
SF,IH2103,2020-07-23 09:31:48.200,3262.4000,1106,0,17567700.000,0,-,-,-,-,3260.4000,3256.4000,3256.2000,3241.2000,3241.0000,3261.4000,3261.6000,3267.0000,3269.8000,3278.6000,1,1,1,1,8,1,1,1,1,1
SF,IH2103,2020-07-23 09:31:48.700,3260.4000,1106,0,18545820.000,1,0,1,多换,S,3256.4000,3256.2000,3241.2000,3241.0000,3240.0000,3261.6000,3267.0000,3269.8000,3278.6000,3290.6000,1,1,1,8,10,1,1,1,1,8
SF,IH2103,2020-07-23 09:31:49.200,3260.4000,1106,0,18545820.000,0,-,-,-,-,3256.6000,3256.4000,3241.2000,3241.0000,3240.0000,3267.0000,3269.8000,3278.6000,3290.6000,3317.2000,2,1,1,8,10,1,1,1,8,1
SF,IH2103,2020-07-23 09:31:49.700,3260.4000,1106,0,18545820.000,0,-,-,-,-,3256.8000,3256.6000,3241.2000,3241.0000,3240.0000,3266.2000,3266.6000,3266.8000,3267.0000,3269.8000,1,2,1,8,10,1,2,1,1,1
SF,IH2103,2020-07-23 09:31:50.200,3260.4000,1106,0,18545820.000,0,-,-,-,-,3257.0000,3256.8000,3256.6000,3241.2000,3241.0000,3265.8000,3266.0000,3266.2000,3267.0000,3269.8000,3,1,1,1,8,2,1,1,1,1
SF,IH2103,2020-07-23 09:31:50.700,3260.4000,1106,0,18545820.000,0,-,-,-,-,3257.2000,3257.0000,3256.6000,3241.2000,3241.0000,3265.0000,3265.6000,3265.8000,3267.0000,3269.8000,1,3,1,1,8,1,1,2,1,1
SF,IH2103,2020-07-23 09:31:51.200,3260.4000,1106,0,18545820.000,0,-,-,-,-,3257.4000,3257.2000,3257.0000,3256.6000,3241.2000,3264.6000,3264.8000,3267.0000,3269.8000,3278.6000,3,2,2,1,1,1,2,1,1,1
SF,IH2103,2020-07-23 09:31:51.700,3260.4000,1106,0,18545820.000,0,-,-,-,-,3257.6000,3257.4000,3257.0000,3256.6000,3241.2000,3264.4000,3264.6000,3267.0000,3269.8000,3278.6000,1,4,2,1,1,1,1,1,1,1
SF,IH2103,2020-07-23 09:31:52.200,3260.4000,1106,0,18545820.000,0,-,-,-,-,3257.8000,3257.6000,3257.4000,3257.0000,3256.6000,3264.4000,3264.6000,3267.0000,3269.8000,3278.6000,3,1,2,2,1,1,1,1,1,1
SF,IH2103,2020-07-23 09:31:52.700,3260.4000,1106,0,18545820.000,0,-,-,-,-,3258.0000,3257.8000,3257.4000,3257.0000,3256.6000,3264.4000,3264.6000,3267.0000,3269.8000,3278.6000,1,3,2,2,1,1,1,1,1,1
SF,IH2103,2020-07-23 09:31:53.200,3260.4000,1106,0,18545820.000,0,-,-,-,-,3258.2000,3258.0000,3257.8000,3257.4000,3257.0000,3264.4000,3267.0000,3269.8000,3278.6000,3290.6000,1,1,2,2,2,1,1,1,1,8
SF,IH2103,2020-07-23 09:31:53.700,3260.4000,1106,0,18545820.000,0,-,-,-,-,3258.4000,3258.2000,3257.8000,3257.4000,3257.0000,3264.4000,3267.0000,3269.8000,3278.6000,3290.6000,1,1,2,2,2,1,1,1,1,8
SF,IH2103,2020-07-23 09:31:54.200,3260.4000,1106,0,18545820.000,0,-,-,-,-,3258.6000,3258.4000,3257.8000,3257.4000,3257.0000,3264.4000,3267.0000,3269.8000,3278.6000,3290.6000,1,1,2,2,2,1,1,1,1,8
SF,IH2103,2020-07-23 09:31:54.700,3260.4000,1106,0,18545820.000,0,-,-,-,-,3258.8000,3258.6000,3257.8000,3257.4000,3257.0000,3264.4000,3267.0000,3269.8000,3278.6000,3290.6000,2,1,2,2,2,1,1,1,1,8
SF,IH2103,2020-07-23 09:31:55.200,3260.4000,1106,0,18545820.000,0,-,-,-,-,3259.0000,3258.8000,3257.8000,3257.4000,3257.0000,3264.2000,3264.4000,3267.0000,3269.8000,3278.6000,1,1,2,2,2,1,1,1,1,1
SF,IH2103,2020-07-23 09:31:55.700,3260.4000,1106,0,18545820.000,0,-,-,-,-,3259.2000,3259.0000,3257.8000,3257.4000,3250.8000,3264.0000,3264.2000,3267.0000,3269.8000,3278.6000,1,1,2,2,8,1,1,1,1,1
SF,IH2103,2020-07-23 09:31:56.200,3260.4000,1106,0,18545820.000,0,-,-,-,-,3259.2000,3257.4000,3250.8000,3241.2000,3241.0000,3263.6000,3263.8000,3264.0000,3267.0000,3269.8000,1,2,8,1,8,1,1,2,1,1
SF,IH2103,2020-07-23 09:31:56.700,3260.4000,1106,0,18545820.000,0,-,-,-,-,3250.8000,3241.2000,3241.0000,3240.0000,3239.0000,3263.2000,3263.4000,3263.6000,3263.8000,3267.0000,8,1,8,10,10,1,1,1,1,1
SF,IH2103,2020-07-23 09:31:57.200,3260.4000,1106,0,18545820.000,0,-,-,-,-,3251.6000,3251.0000,3250.8000,3241.2000,3241.0000,3262.8000,3263.0000,3263.2000,3267.0000,3269.8000,1,2,8,1,8,1,2,2,1,1
SF,IH2103,2020-07-23 09:31:57.700,3260.4000,1106,0,18545820.000,0,-,-,-,-,3251.8000,3251.6000,3251.0000,3250.8000,3241.2000,3262.4000,3262.6000,3262.8000,3267.0000,3269.8000,4,1,1,8,1,1,2,1,1,1
SF,IH2103,2020-07-23 09:31:58.200,3260.4000,1106,0,18545820.000,0,-,-,-,-,3252.6000,3251.8000,3251.0000,3250.8000,3241.2000,3262.0000,3262.2000,3262.4000,3267.0000,3269.8000,1,4,1,8,1,1,2,1,1,1
SF,IH2103,2020-07-23 09:31:58.700,3260.4000,1106,0,18545820.000,0,-,-,-,-,3252.8000,3252.6000,3251.8000,3251.0000,3250.8000,3261.8000,3262.0000,3267.0000,3269.8000,3278.6000,3,1,3,1,8,3,1,1,1,1
SF,IH2103,2020-07-23 09:31:59.200,3260.4000,1106,0,18545820.000,0,-,-,-,-,3253.6000,3252.8000,3251.8000,3251.0000,3250.8000,3261.4000,3261.8000,3267.0000,3269.8000,3278.6000,1,3,3,1,8,1,2,1,1,1
SF,IH2103,2020-07-23 09:31:59.700,3260.4000,1106,0,18545820.000,0,-,-,-,-,3253.8000,3253.6000,3252.8000,3251.8000,3250.8000,3261.2000,3261.4000,3267.0000,3269.8000,3278.6000,3,1,2,3,8,1,1,1,1,1
SF,IH2103,2020-07-23 09:32:00.200,3260.4000,1106,0,18545820.000,0,-,-,-,-,3253.8000,3252.8000,3250.8000,3241.2000,3241.0000,3260.8000,3261.2000,3267.0000,3269.8000,3278.6000,3,2,8,1,8,1,2,1,1,1
SF,IH2103,2020-07-23 09:32:00.700,3260.4000,1106,0,18545820.000,0,-,-,-,-,3254.0000,3253.8000,3252.8000,3250.8000,3241.2000,3260.6000,3260.8000,3267.0000,3269.8000,3278.6000,1,2,2,8,1,2,1,1,1,1
SF,IH2103,2020-07-23 09:32:01.200,3260.4000,1106,0,18545820.000,0,-,-,-,-,3254.2000,3253.8000,3252.8000,3250.8000,3241.2000,3260.2000,3260.6000,3267.0000,3269.8000,3278.6000,3,1,2,8,1,1,2,1,1,1
SF,IH2103,2020-07-23 09:32:01.700,3260.4000,1106,0,18545820.000,0,-,-,-,-,3254.2000,3253.8000,3252.8000,3250.8000,3241.2000,3260.0000,3267.0000,3269.8000,3278.6000,3290.6000,3,1,2,8,1,2,1,1,1,8
SF,IH2103,2020-07-23 09:32:02.200,3260.4000,1106,0,18545820.000,0,-,-,-,-,3254.2000,3253.8000,3252.8000,3250.8000,3241.2000,3260.0000,3267.0000,3269.8000,3278.6000,3290.6000,3,1,2,8,1,2,1,1,1,8
SF,IH2103,2020-07-23 09:32:02.700,3260.4000,1106,0,18545820.000,0,-,-,-,-,3254.2000,3253.8000,3252.8000,3250.8000,3241.2000,3260.0000,3267.0000,3269.8000,3278.6000,3290.6000,3,1,2,8,1,2,1,1,1,8
SF,IH2103,2020-07-23 09:32:03.200,3260.4000,1106,0,18545820.000,0,-,-,-,-,3254.2000,3253.8000,3252.8000,3250.8000,3241.2000,3260.0000,3267.0000,3269.8000,3278.6000,3290.6000,3,1,2,8,1,2,1,1,1,8
SF,IH2103,2020-07-23 09:32:03.700,3260.4000,1106,0,18545820.000,0,-,-,-,-,3254.2000,3253.8000,3252.8000,3250.8000,3241.2000,3260.0000,3267.0000,3269.8000,3278.6000,3290.6000,3,1,2,8,1,2,1,1,1,8
SF,IH2103,2020-07-23 09:32:04.200,3260.4000,1106,0,18545820.000,0,-,-,-,-,3254.2000,3253.8000,3252.8000,3250.8000,3241.2000,3260.0000,3267.0000,3269.8000,3278.6000,3290.6000,3,1,2,8,1,2,1,1,1,8
SF,IH2103,2020-07-23 09:32:04.700,3260.4000,1106,0,18545820.000,0,-,-,-,-,3257.4000,3254.2000,3253.8000,3252.8000,3250.8000,3260.0000,3267.0000,3269.8000,3278.6000,3290.6000,1,4,1,2,8,2,1,1,1,8
SF,IH2103,2020-07-23 09:32:05.200,3260.0000,1105,-1,19523820.000,1,0,1,双平,S,3257.6000,3257.4000,3250.8000,3241.2000,3241.0000,3267.0000,3269.8000,3278.6000,3290.6000,3317.2000,1,1,8,1,8,1,1,1,8,1
SF,IH2103,2020-07-23 09:32:05.700,3260.0000,1105,0,19523820.000,0,-,-,-,-,3257.8000,3257.6000,3257.4000,3250.8000,3241.2000,3266.2000,3266.6000,3266.8000,3267.0000,3269.8000,1,1,1,8,1,1,2,1,1,1
SF,IH2103,2020-07-23 09:32:06.200,3260.0000,1105,0,19523820.000,0,-,-,-,-,3258.0000,3257.8000,3257.4000,3250.8000,3241.2000,3265.8000,3266.0000,3266.2000,3267.0000,3269.8000,2,1,1,8,1,2,1,1,1,1
SF,IH2103,2020-07-23 09:32:06.700,3260.0000,1105,0,19523820.000,0,-,-,-,-,3258.2000,3258.0000,3257.4000,3250.8000,3241.2000,3265.6000,3265.8000,3267.0000,3269.8000,3278.6000,1,2,1,8,1,2,2,1,1,1
SF,IH2103,2020-07-23 09:32:07.200,3260.0000,1105,0,19523820.000,0,-,-,-,-,3258.4000,3258.2000,3258.0000,3257.4000,3250.8000,3265.2000,3265.6000,3267.0000,3269.8000,3278.6000,1,1,1,1,8,2,1,1,1,1
SF,IH2103,2020-07-23 09:32:07.700,3260.0000,1105,0,19523820.000,0,-,-,-,-,3258.6000,3258.4000,3258.0000,3257.4000,3250.8000,3265.0000,3265.2000,3267.0000,3269.8000,3278.6000,2,1,1,1,8,1,1,1,1,1
SF,IH2103,2020-07-23 09:32:08.200,3260.0000,1105,0,19523820.000,0,-,-,-,-,3258.8000,3258.6000,3258.0000,3257.4000,3250.8000,3264.6000,3265.0000,3267.0000,3269.8000,3278.6000,1,2,1,1,8,1,1,1,1,1
SF,IH2103,2020-07-23 09:32:08.700,3260.0000,1105,0,19523820.000,0,-,-,-,-,3259.0000,3258.8000,3258.6000,3258.0000,3257.4000,3264.4000,3264.6000,3267.0000,3269.8000,3278.6000,2,1,1,1,1,1,1,1,1,1
SF,IH2103,2020-07-23 09:32:09.200,3260.0000,1105,0,19523820.000,0,-,-,-,-,3259.2000,3259.0000,3258.6000,3258.0000,3257.4000,3264.4000,3264.6000,3267.0000,3269.8000,3278.6000,1,2,1,1,1,1,1,1,1,1
SF,IH2103,2020-07-23 09:32:09.700,3260.0000,1105,0,19523820.000,0,-,-,-,-,3259.4000,3259.2000,3259.0000,3258.6000,3258.0000,3264.4000,3264.6000,3267.0000,3269.8000,3278.6000,3,1,1,1,1,1,1,1,1,1
SF,IH2103,2020-07-23 09:32:10.200,3260.0000,1105,0,19523820.000,0,-,-,-,-,3259.6000,3259.4000,3259.0000,3258.6000,3258.0000,3264.4000,3264.6000,3267.0000,3269.8000,3278.6000,1,2,1,1,1,1,1,1,1,1
SF,IH2103,2020-07-23 09:32:10.700,3260.0000,1105,0,19523820.000,0,-,-,-,-,3259.8000,3259.6000,3259.0000,3258.6000,3258.0000,3264.4000,3267.0000,3269.8000,3278.6000,3290.6000,2,1,1,1,1,1,1,1,1,8
SF,IH2103,2020-07-23 09:32:11.200,3260.0000,1105,0,19523820.000,0,-,-,-,-,3260.0000,3259.8000,3259.0000,3258.6000,3258.0000,3264.4000,3267.0000,3269.8000,3278.6000,3290.6000,1,1,1,1,1,1,1,1,1,8
SF,IH2103,2020-07-23 09:32:11.700,3260.0000,1105,0,19523820.000,0,-,-,-,-,3260.0000,3259.8000,3258.6000,3257.4000,3250.8000,3264.2000,3264.4000,3267.0000,3269.8000,3278.6000,1,1,1,1,8,1,1,1,1,1
SF,IH2103,2020-07-23 09:32:12.200,3260.0000,1105,0,19523820.000,0,-,-,-,-,3260.0000,3259.8000,3257.4000,3250.8000,3247.8000,3263.8000,3264.0000,3264.2000,3267.0000,3269.8000,1,1,1,8,4,1,1,1,1,1
SF,IH2103,2020-07-23 09:32:12.700,3260.0000,1105,0,19523820.000,0,-,-,-,-,3260.0000,3257.4000,3250.8000,3247.8000,3241.2000,3263.4000,3263.6000,3263.8000,3267.0000,3269.8000,1,1,8,4,1,1,1,1,1,1
SF,IH2103,2020-07-23 09:32:13.200,3260.0000,1105,0,19523820.000,0,-,-,-,-,3257.4000,3250.8000,3247.8000,3241.2000,3241.0000,3263.2000,3263.4000,3267.0000,3269.8000,3278.6000,1,8,4,1,8,2,1,1,1,1
SF,IH2103,2020-07-23 09:32:13.700,3260.0000,1105,0,19523820.000,0,-,-,-,-,3257.6000,3257.4000,3254.0000,3250.8000,3247.8000,3262.8000,3263.0000,3263.2000,3267.0000,3269.8000,1,1,1,8,4,1,1,2,1,1
SF,IH2103,2020-07-23 09:32:14.200,3260.0000,1105,0,19523820.000,0,-,-,-,-,3257.6000,3257.4000,3254.0000,3250.8000,3247.8000,3262.6000,3262.8000,3263.2000,3267.0000,3269.8000,1,1,1,8,4,2,1,1,1,1
SF,IH2103,2020-07-23 09:32:14.700,3260.0000,1105,0,19523820.000,0,-,-,-,-,3257.6000,3257.4000,3254.0000,3250.8000,3247.8000,3262.2000,3262.4000,3262.6000,3267.0000,3269.8000,1,1,1,8,4,1,1,2,1,1
SF,IH2103,2020-07-23 09:32:15.200,3260.0000,1105,0,19523820.000,0,-,-,-,-,3257.6000,3257.4000,3254.0000,3250.8000,3247.8000,3262.0000,3262.2000,3262.6000,3267.0000,3269.8000,1,1,1,8,4,1,1,1,1,1
SF,IH2103,2020-07-23 09:32:15.700,3260.0000,1105,0,19523820.000,0,-,-,-,-,3257.6000,3257.4000,3254.0000,3250.8000,3247.8000,3261.6000,3262.0000,3262.6000,3267.0000,3269.8000,1,1,1,8,4,1,1,1,1,1
SF,IH2103,2020-07-23 09:32:16.200,3260.0000,1105,0,19523820.000,0,-,-,-,-,3257.6000,3257.4000,3254.0000,3250.8000,3247.8000,3261.2000,3261.4000,3262.6000,3267.0000,3269.8000,1,1,1,8,4,1,1,1,1,1
SF,IH2103,2020-07-23 09:32:16.700,3260.0000,1105,0,19523820.000,0,-,-,-,-,3257.6000,3257.4000,3254.0000,3250.8000,3247.8000,3261.0000,3262.6000,3267.0000,3269.8000,3278.6000,1,1,1,8,4,2,1,1,1,1
SF,IH2103,2020-07-23 09:32:17.200,3260.0000,1105,0,19523820.000,0,-,-,-,-,3257.6000,3257.4000,3254.0000,3250.8000,3247.8000,3261.0000,3262.6000,3267.0000,3269.8000,3278.6000,1,1,1,8,4,1,1,1,1,1
SF,IH2103,2020-07-23 09:32:17.700,3260.0000,1105,0,19523820.000,0,-,-,-,-,3257.6000,3257.4000,3254.0000,3250.8000,3247.8000,3260.8000,3261.0000,3262.6000,3267.0000,3269.8000,1,1,1,8,4,1,1,1,1,1
SF,IH2103,2020-07-23 09:32:18.200,3260.0000,1105,0,19523820.000,0,-,-,-,-,3257.6000,3257.4000,3254.0000,3250.8000,3247.8000,3260.6000,3260.8000,3262.6000,3267.0000,3269.8000,1,1,1,8,4,1,1,1,1,1
SF,IH2103,2020-07-23 09:32:18.700,3260.0000,1105,0,19523820.000,0,-,-,-,-,3257.6000,3257.4000,3254.0000,3250.8000,3247.8000,3260.4000,3260.6000,3262.6000,3267.0000,3269.8000,1,1,1,8,4,1,1,1,1,1
SF,IH2103,2020-07-23 09:32:19.200,3260.0000,1105,0,19523820.000,0,-,-,-,-,3257.6000,3257.4000,3254.0000,3250.8000,3247.8000,3260.6000,3262.6000,3267.0000,3269.8000,3278.6000,1,1,1,8,4,1,1,1,1,1
SF,IH2103,2020-07-23 09:32:19.700,3260.0000,1105,0,19523820.000,0,-,-,-,-,3257.6000,3257.4000,3254.0000,3250.8000,3247.8000,3262.6000,3267.0000,3269.8000,3278.6000,3282.0000,1,1,1,8,4,1,1,1,1,4
SF,IH2103,2020-07-23 09:32:20.200,3260.0000,1105,0,19523820.000,0,-,-,-,-,3257.6000,3257.4000,3254.0000,3250.8000,3247.8000,3262.2000,3262.4000,3262.6000,3267.0000,3269.8000,1,1,1,8,4,1,1,1,1,1
SF,IH2103,2020-07-23 09:32:20.700,3260.0000,1105,0,19523820.000,0,-,-,-,-,3257.8000,3257.6000,3257.4000,3254.0000,3250.8000,3262.2000,3262.6000,3267.0000,3269.8000,3278.6000,1,1,1,1,8,1,1,1,1,1
SF,IH2103,2020-07-23 09:32:21.200,3260.0000,1105,0,19523820.000,0,-,-,-,-,3258.0000,3257.4000,3254.0000,3250.8000,3247.8000,3262.0000,3262.6000,3267.0000,3269.8000,3278.6000,1,1,1,8,4,2,1,1,1,1
SF,IH2103,2020-07-23 09:32:21.700,3260.0000,1105,0,19523820.000,0,-,-,-,-,3258.0000,3257.4000,3254.0000,3250.8000,3247.8000,3262.6000,3267.0000,3269.8000,3278.6000,3282.0000,1,1,1,8,4,1,1,1,1,4
SF,IH2103,2020-07-23 09:32:22.200,3260.0000,1105,0,19523820.000,0,-,-,-,-,3258.0000,3257.4000,3254.0000,3250.8000,3247.8000,3262.4000,3262.6000,3267.0000,3269.8000,3278.6000,1,1,1,8,4,1,1,1,1,1
SF,IH2103,2020-07-23 09:32:22.700,3260.0000,1105,0,19523820.000,0,-,-,-,-,3258.0000,3257.4000,3254.0000,3250.8000,3247.8000,3262.0000,3262.4000,3262.6000,3267.0000,3269.8000,1,1,1,8,4,1,1,1,1,1
SF,IH2103,2020-07-23 09:32:23.200,3260.0000,1105,0,19523820.000,0,-,-,-,-,3258.0000,3257.4000,3250.8000,3247.8000,3241.2000,3261.8000,3262.6000,3267.0000,3269.8000,3278.6000,1,1,8,4,1,1,1,1,1,1
SF,IH2103,2020-07-23 09:32:23.700,3260.0000,1105,0,19523820.000,0,-,-,-,-,3258.0000,3257.4000,3250.8000,3247.8000,3241.2000,3261.4000,3261.8000,3262.6000,3267.0000,3269.8000,1,1,8,4,1,1,1,1,1,1
SF,IH2103,2020-07-23 09:32:24.200,3260.0000,1105,0,19523820.000,0,-,-,-,-,3258.0000,3257.4000,3250.8000,3247.8000,3241.2000,3261.2000,3262.6000,3267.0000,3269.8000,3278.6000,1,1,8,4,1,1,1,1,1,1
SF,IH2103,2020-07-23 09:32:25.200,3260.0000,1105,0,19523820.000,0,-,-,-,-,3258.0000,3257.4000,3250.8000,3247.8000,3241.2000,3261.0000,3261.2000,3262.6000,3267.0000,3269.8000,1,1,8,4,1,1,1,1,1,1
SF,IH2103,2020-07-23 09:32:25.700,3260.0000,1105,0,19523820.000,0,-,-,-,-,3258.0000,3250.8000,3247.8000,3241.2000,3241.0000,3260.8000,3261.0000,3262.6000,3267.0000,3269.8000,1,8,4,1,8,1,1,1,1,1
SF,IH2103,2020-07-23 09:32:26.200,3260.0000,1105,0,19523820.000,0,-,-,-,-,3250.8000,3247.8000,3241.2000,3241.0000,3240.0000,3260.4000,3260.8000,3262.6000,3267.0000,3269.8000,8,4,1,8,10,1,1,1,1,1
SF,IH2103,2020-07-23 09:32:26.700,3260.0000,1105,0,19523820.000,0,-,-,-,-,3251.6000,3251.0000,3250.8000,3247.8000,3241.2000,3260.2000,3260.4000,3267.0000,3269.8000,3278.6000,1,3,8,4,1,2,1,1,1,1
SF,IH2103,2020-07-23 09:32:27.200,3260.0000,1105,0,19523820.000,0,-,-,-,-,3251.8000,3251.6000,3251.0000,3250.8000,3247.8000,3259.8000,3260.2000,3267.0000,3269.8000,3278.6000,2,1,2,8,4,1,2,1,1,1
SF,IH2103,2020-07-23 09:32:27.700,3260.0000,1105,0,19523820.000,0,-,-,-,-,3252.6000,3251.8000,3251.0000,3250.8000,3247.8000,3259.6000,3259.8000,3267.0000,3269.8000,3278.6000,1,2,2,8,4,2,1,1,1,1
SF,IH2103,2020-07-23 09:32:28.200,3260.0000,1105,0,19523820.000,0,-,-,-,-,3252.8000,3251.8000,3251.0000,3250.8000,3247.8000,3259.2000,3259.6000,3267.0000,3269.8000,3278.6000,2,1,2,8,4,1,2,1,1,1
SF,IH2103,2020-07-23 09:32:28.700,3260.0000,1105,0,19523820.000,0,-,-,-,-,3252.8000,3251.8000,3251.0000,3250.8000,3247.8000,3259.0000,3259.2000,3267.0000,3269.8000,3278.6000,2,1,2,8,4,2,1,1,1,1
SF,IH2103,2020-07-23 09:32:29.200,3260.0000,1105,0,19523820.000,0,-,-,-,-,3253.2000,3252.8000,3251.8000,3251.0000,3250.8000,3258.6000,3259.0000,3267.0000,3269.8000,3278.6000,1,2,1,2,8,1,1,1,1,1
SF,IH2103,2020-07-23 09:32:29.700,3260.0000,1105,0,19523820.000,0,-,-,-,-,3253.4000,3253.2000,3252.8000,3251.8000,3250.8000,3258.4000,3267.0000,3269.8000,3278.6000,3282.0000,5,1,1,1,8,1,1,1,1,4
SF,IH2103,2020-07-23 09:32:30.200,3258.4000,1104,-1,20501340.000,1,0,1,双平,S,3253.6000,3253.4000,3252.8000,3251.8000,3247.8000,3267.0000,3269.8000,3278.6000,3282.0000,3290.6000,2,5,1,1,4,1,1,1,4,8
SF,IH2103,2020-07-23 09:32:30.700,3258.4000,1104,0,20501340.000,0,-,-,-,-,3254.4000,3253.8000,3253.6000,3253.4000,3252.8000,3266.2000,3266.6000,3266.8000,3267.0000,3269.8000,1,3,2,3,1,1,1,1,1,1
SF,IH2103,2020-07-23 09:32:31.200,3258.4000,1104,0,20501340.000,0,-,-,-,-,3254.6000,3254.4000,3253.8000,3253.4000,3252.8000,3265.8000,3266.0000,3266.2000,3267.0000,3269.8000,4,1,2,3,1,1,1,1,1,1
SF,IH2103,2020-07-23 09:32:31.700,3258.4000,1104,0,20501340.000,0,-,-,-,-,3255.4000,3254.6000,3253.8000,3253.4000,3252.8000,3265.0000,3265.6000,3265.8000,3267.0000,3269.8000,1,4,2,3,1,1,1,1,1,1
SF,IH2103,2020-07-23 09:32:32.200,3258.4000,1104,0,20501340.000,0,-,-,-,-,3255.6000,3254.6000,3253.8000,3247.8000,3242.6000,3264.6000,3264.8000,3265.0000,3267.0000,3269.8000,3,2,2,4,8,1,1,1,1,1
SF,IH2103,2020-07-23 09:32:32.700,3258.4000,1104,0,20501340.000,0,-,-,-,-,3255.6000,3254.6000,3253.8000,3247.8000,3242.6000,3263.8000,3264.4000,3264.6000,3267.0000,3269.8000,3,2,2,4,8,1,1,1,1,1
SF,IH2103,2020-07-23 09:32:33.200,3258.4000,1104,0,20501340.000,0,-,-,-,-,3255.6000,3254.6000,3253.8000,3247.8000,3242.6000,3263.4000,3263.6000,3263.8000,3267.0000,3269.8000,3,1,2,4,8,1,1,1,1,1
SF,IH2103,2020-07-23 09:32:33.700,3258.4000,1104,0,20501340.000,0,-,-,-,-,3255.6000,3254.6000,3253.8000,3247.8000,3242.6000,3262.6000,3263.2000,3263.4000,3267.0000,3269.8000,3,1,2,4,8,1,1,2,1,1
SF,IH2103,2020-07-23 09:32:34.200,3258.4000,1104,0,20501340.000,0,-,-,-,-,3255.6000,3254.6000,3253.8000,3247.8000,3242.6000,3262.2000,3262.4000,3262.6000,3263.4000,3267.0000,2,1,2,4,8,1,1,1,1,1
SF,IH2103,2020-07-23 09:32:34.700,3258.4000,1104,0,20501340.000,0,-,-,-,-,3255.6000,3254.6000,3253.8000,3247.8000,3242.6000,3262.0000,3262.2000,3267.0000,3269.8000,3278.6000,2,1,2,4,8,2,1,1,1,1
SF,IH2103,2020-07-23 09:32:35.200,3258.4000,1104,0,20501340.000,0,-,-,-,-,3255.6000,3254.6000,3253.8000,3247.8000,3242.6000,3261.6000,3262.0000,3267.0000,3269.8000,3278.6000,2,1,2,4,8,1,2,1,1,1
SF,IH2103,2020-07-23 09:32:35.700,3258.4000,1104,0,20501340.000,0,-,-,-,-,3255.6000,3254.6000,3253.8000,3247.8000,3242.6000,3261.4000,3261.6000,3267.0000,3269.8000,3278.6000,2,1,2,4,8,1,1,1,1,1
SF,IH2103,2020-07-23 09:32:36.200,3258.4000,1104,0,20501340.000,0,-,-,-,-,3255.6000,3254.6000,3253.8000,3247.8000,3242.6000,3261.0000,3261.4000,3267.0000,3269.8000,3278.6000,2,1,2,4,8,1,1,1,1,1
SF,IH2103,2020-07-23 09:32:36.700,3258.4000,1104,0,20501340.000,0,-,-,-,-,3255.6000,3254.6000,3253.8000,3247.8000,3242.6000,3260.8000,3261.0000,3267.0000,3269.8000,3278.6000,2,1,2,4,8,1,1,1,1,1
SF,IH2103,2020-07-23 09:32:37.200,3258.4000,1104,0,20501340.000,0,-,-,-,-,3255.6000,3254.6000,3253.8000,3247.8000,3242.6000,3260.4000,3260.8000,3267.0000,3269.8000,3278.6000,2,1,2,4,8,1,1,1,1,1
SF,IH2103,2020-07-23 09:32:37.700,3258.4000,1104,0,20501340.000,0,-,-,-,-,3255.6000,3254.6000,3253.8000,3247.8000,3242.6000,3260.2000,3260.4000,3267.0000,3269.8000,3278.6000,2,1,2,4,8,1,1,1,1,1
SF,IH2103,2020-07-23 09:32:38.200,3258.4000,1104,0,20501340.000,0,-,-,-,-,3255.6000,3254.6000,3253.8000,3247.8000,3242.6000,3259.8000,3260.2000,3267.0000,3269.8000,3278.6000,2,1,2,4,8,1,1,1,1,1
SF,IH2103,2020-07-23 09:32:38.700,3258.4000,1104,0,20501340.000,0,-,-,-,-,3255.6000,3254.6000,3253.8000,3247.8000,3242.6000,3259.8000,3267.0000,3269.8000,3278.6000,3282.0000,1,1,2,4,8,1,1,1,1,4
SF,IH2103,2020-07-23 09:32:39.200,3258.4000,1104,0,20501340.000,0,-,-,-,-,3255.6000,3254.6000,3253.8000,3247.8000,3242.6000,3259.8000,3267.0000,3269.8000,3278.6000,3282.0000,1,1,2,4,8,1,1,1,1,4
SF,IH2103,2020-07-23 09:32:39.700,3258.4000,1104,0,20501340.000,0,-,-,-,-,3255.6000,3254.6000,3253.8000,3247.8000,3242.6000,3267.0000,3269.8000,3278.6000,3282.0000,3290.6000,1,1,2,4,8,1,1,1,4,8
SF,IH2103,2020-07-23 09:32:40.200,3258.4000,1104,0,20501340.000,0,-,-,-,-,3255.8000,3255.6000,3254.6000,3253.8000,3247.8000,3266.2000,3266.6000,3266.8000,3267.0000,3269.8000,3,1,1,2,4,1,1,1,1,1
SF,IH2103,2020-07-23 09:32:40.700,3258.4000,1104,0,20501340.000,0,-,-,-,-,3256.0000,3255.8000,3254.6000,3247.8000,3242.6000,3265.8000,3266.0000,3266.2000,3267.0000,3269.8000,1,2,1,4,8,1,1,1,1,1
SF,IH2103,2020-07-23 09:32:41.200,3258.4000,1104,0,20501340.000,0,-,-,-,-,3256.2000,3256.0000,3255.8000,3254.6000,3247.8000,3265.0000,3265.6000,3265.8000,3267.0000,3269.8000,3,2,1,1,4,1,1,1,1,1
SF,IH2103,2020-07-23 09:32:41.700,3258.4000,1104,0,20501340.000,0,-,-,-,-,3256.4000,3256.2000,3254.6000,3247.8000,3242.6000,3264.6000,3264.8000,3265.0000,3267.0000,3269.8000,1,1,1,4,8,1,1,1,1,1
SF,IH2103,2020-07-23 09:32:42.200,3258.4000,1104,0,20501340.000,0,-,-,-,-,3256.6000,3256.4000,3254.6000,3247.8000,3242.6000,3263.8000,3264.4000,3264.6000,3267.0000,3269.8000,2,1,1,4,8,1,1,1,1,1
SF,IH2103,2020-07-23 09:32:42.700,3258.4000,1104,0,20501340.000,0,-,-,-,-,3256.8000,3256.6000,3247.8000,3242.8000,3242.6000,3263.4000,3263.6000,3263.8000,3267.0000,3269.8000,1,3,4,1,8,1,1,1,1,1
SF,IH2103,2020-07-23 09:32:43.200,3258.4000,1104,0,20501340.000,0,-,-,-,-,3257.0000,3256.8000,3256.6000,3247.8000,3242.8000,3263.0000,3263.2000,3263.4000,3267.0000,3269.8000,2,1,1,4,1,1,1,1,1,1
SF,IH2103,2020-07-23 09:32:43.700,3258.4000,1104,0,20501340.000,0,-,-,-,-,3257.6000,3257.2000,3257.0000,3256.6000,3247.8000,3262.6000,3262.8000,3267.0000,3269.8000,3278.6000,1,1,3,1,4,1,1,1,1,1
SF,IH2103,2020-07-23 09:32:44.200,3258.4000,1104,0,20501340.000,0,-,-,-,-,3257.8000,3257.6000,3257.0000,3256.6000,3247.8000,3262.4000,3262.6000,3267.0000,3269.8000,3278.6000,3,1,1,1,4,1,1,1,1,1
SF,IH2103,2020-07-23 09:32:44.700,3258.4000,1104,0,20501340.000,0,-,-,-,-,3257.8000,3257.6000,3257.0000,3256.6000,3256.0000,3262.0000,3262.4000,3267.0000,3269.8000,3278.6000,3,1,1,1,1,1,1,1,1,1
SF,IH2103,2020-07-23 09:32:45.200,3258.4000,1104,0,20501340.000,0,-,-,-,-,3257.8000,3257.6000,3257.0000,3256.6000,3256.0000,3261.8000,3262.0000,3267.0000,3269.8000,3278.6000,2,1,1,1,1,1,1,1,1,1
SF,IH2103,2020-07-23 09:32:45.700,3258.4000,1104,0,20501340.000,0,-,-,-,-,3258.0000,3257.8000,3256.6000,3256.0000,3247.8000,3261.4000,3261.8000,3267.0000,3269.8000,3278.6000,1,2,1,1,4,1,1,1,1,1
SF,IH2103,2020-07-23 09:32:46.200,3258.4000,1104,0,20501340.000,0,-,-,-,-,3258.2000,3257.8000,3256.6000,3256.0000,3247.8000,3261.4000,3267.0000,3269.8000,3278.6000,3282.0000,1,1,1,1,4,1,1,1,1,4
SF,IH2103,2020-07-23 09:32:46.700,3258.4000,1104,0,20501340.000,0,-,-,-,-,3258.2000,3257.8000,3256.6000,3256.0000,3247.8000,3261.4000,3267.0000,3269.8000,3278.6000,3282.0000,1,1,1,1,4,1,1,1,1,4
SF,IH2103,2020-07-23 09:32:47.200,3258.4000,1104,0,20501340.000,0,-,-,-,-,3258.4000,3258.2000,3256.6000,3256.0000,3247.8000,3267.0000,3269.8000,3278.6000,3282.0000,3290.6000,1,1,1,1,4,1,1,1,4,8
SF,IH2103,2020-07-23 09:32:47.700,3258.4000,1104,0,20501340.000,0,-,-,-,-,3258.6000,3256.6000,3256.0000,3247.8000,3242.8000,3266.2000,3266.6000,3266.8000,3267.0000,3269.8000,2,1,1,4,1,1,1,1,1,1
SF,IH2103,2020-07-23 09:32:48.200,3258.4000,1104,0,20501340.000,0,-,-,-,-,3258.6000,3256.0000,3247.8000,3242.8000,3242.6000,3265.8000,3266.0000,3266.2000,3267.0000,3269.8000,2,1,4,1,8,1,1,1,1,1
SF,IH2103,2020-07-23 09:32:48.700,3258.4000,1104,0,20501340.000,0,-,-,-,-,3258.6000,3256.0000,3247.8000,3242.8000,3242.6000,3265.0000,3265.6000,3265.8000,3267.0000,3269.8000,2,1,4,1,8,1,1,1,1,1
SF,IH2103,2020-07-23 09:32:49.200,3258.4000,1104,0,20501340.000,0,-,-,-,-,3258.6000,3256.0000,3247.8000,3242.8000,3242.6000,3264.6000,3264.8000,3265.0000,3267.0000,3269.8000,2,1,4,1,8,1,1,1,1,1
SF,IH2103,2020-07-23 09:32:49.700,3258.4000,1104,0,20501340.000,0,-,-,-,-,3258.6000,3256.0000,3247.8000,3242.8000,3242.6000,3263.8000,3264.4000,3264.6000,3267.0000,3269.8000,2,1,4,1,8,1,1,1,1,1
SF,IH2103,2020-07-23 09:32:50.200,3258.4000,1104,0,20501340.000,0,-,-,-,-,3258.6000,3256.0000,3247.8000,3242.8000,3242.6000,3263.4000,3263.6000,3263.8000,3267.0000,3269.8000,2,1,4,1,8,1,1,1,1,1
SF,IH2103,2020-07-23 09:32:50.700,3258.4000,1104,0,20501340.000,0,-,-,-,-,3258.6000,3256.0000,3247.8000,3242.8000,3242.6000,3263.2000,3263.4000,3267.0000,3269.8000,3278.6000,2,1,4,1,8,1,1,1,1,1
SF,IH2103,2020-07-23 09:32:51.200,3258.4000,1104,0,20501340.000,0,-,-,-,-,3258.6000,3256.0000,3247.8000,3242.8000,3242.6000,3262.8000,3263.0000,3263.2000,3267.0000,3269.8000,2,1,4,1,8,1,1,1,1,1
SF,IH2103,2020-07-23 09:32:51.700,3258.4000,1104,0,20501340.000,0,-,-,-,-,3258.6000,3256.0000,3247.8000,3242.8000,3242.6000,3262.6000,3262.8000,3267.0000,3269.8000,3278.6000,1,1,4,1,8,1,1,1,1,1
SF,IH2103,2020-07-23 09:32:52.200,3258.4000,1104,0,20501340.000,0,-,-,-,-,3258.6000,3256.0000,3247.8000,3242.8000,3242.6000,3262.2000,3262.6000,3267.0000,3269.8000,3278.6000,1,1,4,1,8,1,1,1,1,1
SF,IH2103,2020-07-23 09:32:52.700,3258.4000,1104,0,20501340.000,0,-,-,-,-,3258.6000,3256.0000,3247.8000,3242.8000,3242.6000,3262.2000,3267.0000,3269.8000,3278.6000,3282.0000,1,1,4,1,8,1,1,1,1,4
SF,IH2103,2020-07-23 09:32:53.200,3258.4000,1104,0,20501340.000,0,-,-,-,-,3258.6000,3256.0000,3247.8000,3242.8000,3242.6000,3262.2000,3267.0000,3269.8000,3278.6000,3282.0000,1,1,4,1,8,1,1,1,1,4
SF,IH2103,2020-07-23 09:32:56.200,3258.6000,1103,-1,21478920.000,1,0,1,双平,S,3256.0000,3247.8000,3242.8000,3242.6000,3241.2000,3262.2000,3267.0000,3269.8000,3278.6000,3282.0000,1,4,1,8,1,1,1,1,1,4
SF,IH2103,2020-07-23 09:32:56.700,3258.6000,1103,0,21478920.000,0,-,-,-,-,3256.2000,3256.0000,3247.8000,3242.8000,3242.6000,3261.8000,3262.0000,3262.2000,3267.0000,3269.8000,2,1,4,1,8,1,1,1,1,1
SF,IH2103,2020-07-23 09:32:57.200,3258.6000,1103,0,21478920.000,0,-,-,-,-,3256.2000,3256.0000,3247.8000,3242.8000,3242.6000,3261.4000,3261.6000,3261.8000,3267.0000,3269.8000,2,1,4,1,8,1,1,1,1,1
SF,IH2103,2020-07-23 09:32:57.700,3258.6000,1103,0,21478920.000,0,-,-,-,-,3256.2000,3256.0000,3247.8000,3242.8000,3242.6000,3261.0000,3261.2000,3261.4000,3267.0000,3269.8000,2,1,4,1,8,1,1,1,1,1
SF,IH2103,2020-07-23 09:32:58.200,3258.6000,1103,0,21478920.000,0,-,-,-,-,3256.2000,3256.0000,3247.8000,3242.8000,3242.6000,3260.6000,3260.8000,3261.0000,3267.0000,3269.8000,2,1,4,1,8,1,1,1,1,1
SF,IH2103,2020-07-23 09:32:58.700,3258.6000,1103,0,21478920.000,0,-,-,-,-,3256.2000,3256.0000,3247.8000,3242.8000,3242.6000,3260.4000,3260.6000,3267.0000,3269.8000,3278.6000,2,1,4,1,8,1,2,1,1,1
SF,IH2103,2020-07-23 09:32:59.200,3258.6000,1103,0,21478920.000,0,-,-,-,-,3256.2000,3256.0000,3247.8000,3242.8000,3242.6000,3260.0000,3260.4000,3267.0000,3269.8000,3278.6000,1,1,4,1,8,1,1,1,1,1
SF,IH2103,2020-07-23 09:32:59.700,3258.6000,1103,0,21478920.000,0,-,-,-,-,3256.2000,3256.0000,3247.8000,3242.8000,3242.6000,3259.8000,3260.0000,3267.0000,3269.8000,3278.6000,1,1,4,1,8,1,1,1,1,1
SF,IH2103,2020-07-23 09:33:00.200,3258.6000,1103,0,21478920.000,0,-,-,-,-,3256.2000,3256.0000,3247.8000,3242.8000,3242.6000,3259.4000,3269.8000,3278.6000,3282.0000,3285.8000,1,1,4,1,8,1,1,1,4,1
SF,IH2103,2020-07-23 09:33:00.700,3258.6000,1103,0,21478920.000,0,-,-,-,-,3256.2000,3256.0000,3247.8000,3242.8000,3242.6000,3259.4000,3269.8000,3278.6000,3282.0000,3285.8000,1,1,4,1,8,1,1,1,4,1
SF,IH2103,2020-07-23 09:33:01.200,3259.4000,1103,0,22456740.000,1,0,1,多换,S,3256.2000,3256.0000,3247.8000,3242.8000,3242.6000,3269.8000,3278.6000,3282.0000,3285.8000,3290.6000,1,1,4,1,8,1,1,4,1,8
SF,IH2103,2020-07-23 09:33:01.700,3259.4000,1103,0,22456740.000,0,-,-,-,-,3256.4000,3256.2000,3256.0000,3247.8000,3242.8000,3269.0000,3269.6000,3269.8000,3278.6000,3282.0000,1,1,1,4,1,1,2,1,1,4
SF,IH2103,2020-07-23 09:33:02.200,3259.4000,1103,0,22456740.000,0,-,-,-,-,3256.6000,3256.4000,3256.0000,3247.8000,3242.8000,3268.8000,3269.0000,3269.6000,3269.8000,3278.6000,1,1,1,4,1,1,1,1,1,1
SF,IH2103,2020-07-23 09:33:02.700,3259.4000,1103,0,22456740.000,0,-,-,-,-,3256.8000,3256.6000,3256.0000,3247.8000,3242.8000,3268.0000,3268.8000,3269.6000,3269.8000,3278.6000,1,1,1,4,1,1,1,1,1,1
SF,IH2103,2020-07-23 09:33:03.200,3259.4000,1103,0,22456740.000,0,-,-,-,-,3257.0000,3256.8000,3256.0000,3247.8000,3242.8000,3267.8000,3268.0000,3269.6000,3269.8000,3278.6000,1,1,1,4,1,1,1,1,1,1
SF,IH2103,2020-07-23 09:33:03.700,3259.4000,1103,0,22456740.000,0,-,-,-,-,3257.4000,3257.2000,3257.0000,3256.0000,3247.8000,3267.0000,3267.8000,3269.6000,3269.8000,3278.6000,1,1,1,1,4,1,1,1,1,1
SF,IH2103,2020-07-23 09:33:04.200,3259.4000,1103,0,22456740.000,0,-,-,-,-,3257.6000,3257.4000,3256.0000,3247.8000,3242.8000,3266.8000,3267.0000,3269.6000,3269.8000,3278.6000,2,1,1,4,1,1,1,1,1,1
SF,IH2103,2020-07-23 09:33:04.700,3259.4000,1103,0,22456740.000,0,-,-,-,-,3257.6000,3256.0000,3247.8000,3242.8000,3242.6000,3263.4000,3266.0000,3266.8000,3269.6000,3269.8000,2,1,4,1,8,1,1,1,1,1
SF,IH2103,2020-07-23 09:33:05.200,3259.4000,1103,0,22456740.000,0,-,-,-,-,3257.6000,3256.0000,3247.8000,3242.8000,3242.6000,3262.6000,3263.2000,3263.4000,3266.6000,3269.6000,2,1,4,1,8,1,1,1,1,1
SF,IH2103,2020-07-23 09:33:05.700,3259.4000,1103,0,22456740.000,0,-,-,-,-,3257.6000,3256.0000,3247.8000,3242.8000,3242.6000,3262.4000,3262.6000,3266.6000,3269.6000,3269.8000,2,1,4,1,8,1,1,1,1,1
SF,IH2103,2020-07-23 09:33:06.200,3259.4000,1103,0,22456740.000,0,-,-,-,-,3257.6000,3256.0000,3247.8000,3242.8000,3242.6000,3261.6000,3261.8000,3262.4000,3266.6000,3269.6000,2,1,4,1,8,1,1,1,1,1
SF,IH2103,2020-07-23 09:33:06.700,3259.4000,1103,0,22456740.000,0,-,-,-,-,3257.6000,3256.0000,3247.8000,3242.8000,3242.6000,3261.4000,3261.8000,3269.6000,3269.8000,3278.6000,1,1,4,1,8,1,1,1,1,1
SF,IH2103,2020-07-23 09:33:07.200,3259.4000,1103,0,22456740.000,0,-,-,-,-,3257.6000,3256.0000,3247.8000,3242.8000,3242.6000,3260.6000,3261.4000,3261.8000,3269.6000,3269.8000,1,1,4,1,8,1,1,1,1,1
SF,IH2103,2020-07-23 09:33:07.700,3259.4000,1103,0,22456740.000,0,-,-,-,-,3257.6000,3256.0000,3247.8000,3242.8000,3242.6000,3260.4000,3269.6000,3269.8000,3278.6000,3282.0000,1,1,4,1,8,1,1,1,1,4
SF,IH2103,2020-07-23 09:33:08.700,3259.4000,1103,0,22456740.000,0,-,-,-,-,3257.6000,3256.0000,3247.8000,3242.8000,3242.6000,3260.2000,3260.4000,3269.6000,3269.8000,3278.6000,1,1,4,1,8,1,1,1,1,1
SF,IH2103,2020-07-23 09:33:09.200,3259.4000,1103,0,22456740.000,0,-,-,-,-,3257.6000,3256.0000,3247.8000,3242.8000,3242.6000,3260.0000,3260.2000,3269.6000,3269.8000,3278.6000,1,1,4,1,8,1,1,1,1,1
SF,IH2103,2020-07-23 09:33:09.700,3259.4000,1103,0,22456740.000,0,-,-,-,-,3257.6000,3256.0000,3247.8000,3242.8000,3242.6000,3260.0000,3269.6000,3269.8000,3278.6000,3282.0000,1,1,4,1,8,1,1,1,1,4
SF,IH2103,2020-07-23 09:33:10.200,3259.4000,1103,0,22456740.000,0,-,-,-,-,3257.6000,3256.0000,3247.8000,3242.8000,3242.6000,3269.6000,3269.8000,3278.6000,3282.0000,3285.8000,1,1,4,1,8,1,1,1,4,1
SF,IH2103,2020-07-23 09:33:10.700,3259.4000,1103,0,22456740.000,0,-,-,-,-,3257.8000,3257.6000,3256.0000,3247.8000,3242.8000,3268.8000,3269.4000,3269.6000,3269.8000,3278.6000,1,1,1,4,1,1,1,1,1,1
SF,IH2103,2020-07-23 09:33:11.200,3259.4000,1103,0,22456740.000,0,-,-,-,-,3258.0000,3257.8000,3256.0000,3247.8000,3242.8000,3266.6000,3268.6000,3268.8000,3269.6000,3269.8000,1,1,1,4,1,1,1,1,1,1
SF,IH2103,2020-07-23 09:33:11.700,3259.4000,1103,0,22456740.000,0,-,-,-,-,3258.2000,3258.0000,3256.0000,3247.8000,3242.8000,3265.8000,3266.4000,3266.6000,3269.6000,3269.8000,1,1,1,4,1,1,1,1,1,1
SF,IH2103,2020-07-23 09:33:12.200,3259.4000,1103,0,22456740.000,0,-,-,-,-,3258.4000,3258.2000,3256.0000,3247.8000,3242.8000,3265.6000,3265.8000,3266.6000,3269.6000,3269.8000,1,1,1,4,1,1,1,1,1,1
SF,IH2103,2020-07-23 09:33:12.700,3259.4000,1103,0,22456740.000,0,-,-,-,-,3258.6000,3258.4000,3256.0000,3247.8000,3242.8000,3264.8000,3265.0000,3265.6000,3269.6000,3269.8000,1,1,1,4,1,1,1,1,1,1
SF,IH2103,2020-07-23 09:33:13.200,3259.4000,1103,0,22456740.000,0,-,-,-,-,3258.8000,3258.6000,3256.0000,3247.8000,3242.8000,3262.4000,3264.6000,3264.8000,3265.0000,3269.6000,1,1,1,4,1,1,1,1,1,1
SF,IH2103,2020-07-23 09:33:13.700,3258.8000,1102,-1,23434380.000,1,0,1,双平,S,3256.0000,3247.8000,3242.8000,3242.6000,3241.2000,3261.6000,3262.2000,3262.4000,3265.0000,3269.6000,1,4,1,8,1,1,1,1,1,1
SF,IH2103,2020-07-23 09:33:14.200,3258.8000,1102,0,23434380.000,0,-,-,-,-,3256.2000,3256.0000,3247.8000,3242.8000,3242.6000,3261.4000,3261.6000,3262.4000,3265.0000,3269.6000,2,1,4,1,8,1,1,1,1,1
SF,IH2103,2020-07-23 09:33:14.700,3258.8000,1102,0,23434380.000,0,-,-,-,-,3256.2000,3256.0000,3247.8000,3242.8000,3242.6000,3260.6000,3261.4000,3262.4000,3265.0000,3269.6000,2,1,4,1,8,1,1,1,1,1
SF,IH2103,2020-07-23 09:33:15.200,3258.8000,1102,0,23434380.000,0,-,-,-,-,3256.2000,3256.0000,3247.8000,3242.8000,3242.6000,3260.4000,3260.6000,3260.8000,3265.0000,3269.6000,1,1,4,1,8,1,1,1,1,1
SF,IH2103,2020-07-23 09:33:15.700,3258.8000,1102,0,23434380.000,0,-,-,-,-,3256.0000,3247.8000,3242.8000,3242.6000,3241.2000,3256.2000,3259.6000,3260.4000,3260.8000,3265.0000,1,4,1,8,1,1,1,1,1,1
SF,IH2103,2020-07-23 09:33:16.200,3256.0000,1101,-1,25388040.000,2,0,2,多平,S,3247.8000,3242.8000,3242.6000,3241.2000,3241.0000,3256.0000,3260.4000,3260.8000,3269.6000,3269.8000,4,1,8,1,8,1,1,1,1,1
SF,IH2103,2020-07-23 09:33:16.700,3256.0000,1101,0,25388040.000,0,-,-,-,-,3248.6000,3248.0000,3247.8000,3242.8000,3242.6000,3255.8000,3256.0000,3260.8000,3269.6000,3269.8000,1,3,4,1,8,1,1,1,1,1
SF,IH2103,2020-07-23 09:33:17.200,3256.0000,1101,0,25388040.000,0,-,-,-,-,3248.8000,3248.6000,3248.0000,3247.8000,3242.8000,3255.8000,3256.0000,3260.8000,3269.6000,3269.8000,4,1,1,4,1,1,1,1,1,1
SF,IH2103,2020-07-23 09:33:17.700,3256.0000,1101,0,25388040.000,0,-,-,-,-,3248.8000,3248.0000,3247.8000,3242.8000,3242.6000,3255.8000,3256.0000,3260.8000,3269.6000,3269.8000,4,1,4,1,8,1,1,1,1,1
SF,IH2103,2020-07-23 09:33:18.200,3256.0000,1101,0,25388040.000,0,-,-,-,-,3248.8000,3248.0000,3247.8000,3242.8000,3242.6000,3255.8000,3256.0000,3260.8000,3269.6000,3269.8000,4,1,4,1,8,1,1,1,1,1
SF,IH2103,2020-07-23 09:33:18.700,3256.0000,1101,0,25388040.000,0,-,-,-,-,3248.8000,3248.0000,3247.8000,3242.8000,3242.6000,3255.8000,3256.0000,3260.8000,3269.6000,3269.8000,4,1,4,1,8,1,1,1,1,1
SF,IH2103,2020-07-23 09:33:19.200,3256.0000,1101,0,25388040.000,0,-,-,-,-,3248.8000,3248.0000,3247.8000,3242.8000,3242.6000,3255.4000,3255.8000,3256.0000,3260.8000,3269.6000,4,1,4,1,8,1,1,1,1,1
SF,IH2103,2020-07-23 09:33:19.700,3248.8000,1100,-1,26362680.000,1,0,1,双平,S,3248.8000,3248.0000,3247.8000,3242.8000,3242.6000,3255.2000,3256.0000,3260.8000,3269.6000,3269.8000,1,1,4,1,8,2,1,1,1,1
SF,IH2103,2020-07-23 09:33:20.200,3248.8000,1100,0,26362680.000,0,-,-,-,-,3249.0000,3248.8000,3248.0000,3247.8000,3242.8000,3255.2000,3256.0000,3260.8000,3269.6000,3269.8000,3,1,1,4,1,2,1,1,1,1
SF,IH2103,2020-07-23 09:33:20.700,3248.8000,1100,0,26362680.000,0,-,-,-,-,3249.2000,3249.0000,3248.0000,3247.8000,3242.8000,3255.2000,3256.0000,3260.8000,3269.6000,3269.8000,2,3,1,4,1,1,1,1,1,1
SF,IH2103,2020-07-23 09:33:21.200,3248.8000,1100,0,26362680.000,0,-,-,-,-,3250.4000,3249.4000,3249.2000,3249.0000,3248.0000,3255.2000,3256.0000,3269.6000,3269.8000,3278.6000,1,3,2,3,1,1,1,1,1,1
SF,IH2103,2020-07-23 09:33:21.700,3248.8000,1100,0,26362680.000,0,-,-,-,-,3250.6000,3250.4000,3249.4000,3249.0000,3247.8000,3255.2000,3256.0000,3269.6000,3269.8000,3278.6000,2,1,3,3,4,1,1,1,1,1
SF,IH2103,2020-07-23 09:33:22.200,3250.6000,1100,0,27337860.000,1,0,1,多换,S,3250.4000,3249.4000,3249.0000,3247.8000,3242.8000,3255.2000,3256.0000,3269.6000,3269.8000,3278.6000,1,3,3,4,1,1,1,1,1,1
SF,IH2103,2020-07-23 09:33:22.700,3250.6000,1100,0,27337860.000,0,-,-,-,-,3250.6000,3250.4000,3249.4000,3249.0000,3247.8000,3255.0000,3255.2000,3256.0000,3269.6000,3269.8000,1,1,3,3,4,1,1,1,1,1
SF,IH2103,2020-07-23 09:33:23.200,3250.6000,1100,0,27337860.000,0,-,-,-,-,3250.6000,3249.4000,3249.0000,3247.8000,3242.8000,3254.8000,3255.0000,3256.0000,3269.6000,3269.8000,1,3,3,4,1,1,1,1,1,1
SF,IH2103,2020-07-23 09:33:23.700,3250.6000,1100,0,27337860.000,0,-,-,-,-,3250.8000,3250.6000,3249.4000,3249.0000,3247.8000,3254.8000,3255.0000,3256.0000,3269.6000,3269.8000,1,1,3,3,4,1,1,1,1,1
SF,IH2103,2020-07-23 09:33:24.200,3250.6000,1100,0,27337860.000,0,-,-,-,-,3249.4000,3249.0000,3242.8000,3242.6000,3241.8000,3254.8000,3256.0000,3269.6000,3269.8000,3278.6000,3,3,1,8,4,1,1,1,1,1
SF,IH2103,2020-07-23 09:33:24.700,3250.6000,1100,0,27337860.000,0,-,-,-,-,3249.6000,3249.4000,3249.0000,3242.8000,3242.6000,3254.8000,3256.0000,3269.6000,3269.8000,3278.6000,2,3,3,1,8,1,1,1,1,1
SF,IH2103,2020-07-23 09:33:25.200,3250.6000,1100,0,27337860.000,0,-,-,-,-,3249.6000,3249.4000,3249.0000,3242.8000,3242.6000,3254.8000,3256.0000,3269.6000,3269.8000,3278.6000,2,3,3,1,8,1,1,1,1,1
SF,IH2103,2020-07-23 09:33:25.700,3250.6000,1100,0,27337860.000,0,-,-,-,-,3249.6000,3249.4000,3249.0000,3242.8000,3242.6000,3254.8000,3256.0000,3269.6000,3269.8000,3278.6000,2,3,3,1,8,1,1,1,1,1
SF,IH2103,2020-07-23 09:33:26.200,3250.6000,1100,0,27337860.000,0,-,-,-,-,3249.6000,3242.8000,3242.6000,3241.8000,3241.2000,3254.8000,3256.0000,3269.6000,3269.8000,3278.6000,2,1,8,4,1,1,1,1,1,1
SF,IH2103,2020-07-23 09:33:26.700,3250.6000,1100,0,27337860.000,0,-,-,-,-,3249.6000,3242.8000,3242.6000,3241.8000,3241.2000,3254.4000,3254.6000,3254.8000,3256.0000,3269.6000,1,1,8,4,1,1,1,1,1,1
SF,IH2103,2020-07-23 09:33:27.200,3250.6000,1100,0,27337860.000,0,-,-,-,-,3242.8000,3242.6000,3241.8000,3241.2000,3241.0000,3254.2000,3254.4000,3256.0000,3269.6000,3269.8000,1,8,4,1,8,2,1,1,1,1
SF,IH2103,2020-07-23 09:33:27.700,3250.6000,1100,0,27337860.000,0,-,-,-,-,3243.6000,3243.0000,3242.8000,3242.6000,3241.8000,3254.2000,3256.0000,3269.6000,3269.8000,3278.6000,1,2,1,8,4,2,1,1,1,1
SF,IH2103,2020-07-23 09:33:28.200,3250.6000,1100,0,27337860.000,0,-,-,-,-,3243.8000,3243.6000,3243.0000,3242.8000,3242.6000,3254.2000,3256.0000,3269.6000,3269.8000,3278.6000,2,1,1,1,8,2,1,1,1,1
SF,IH2103,2020-07-23 09:33:28.700,3250.6000,1100,0,27337860.000,0,-,-,-,-,3246.8000,3244.6000,3243.8000,3243.0000,3242.8000,3254.2000,3256.0000,3269.6000,3269.8000,3278.6000,1,1,2,1,1,2,1,1,1,1
SF,IH2103,2020-07-23 09:33:29.200,3250.6000,1100,0,27337860.000,0,-,-,-,-,3247.6000,3247.0000,3246.8000,3242.8000,3242.6000,3254.2000,3256.0000,3269.6000,3269.8000,3278.6000,1,4,1,1,8,1,1,1,1,2
SF,IH2103,2020-07-23 09:33:29.700,3250.6000,1100,0,27337860.000,0,-,-,-,-,3247.8000,3247.6000,3247.0000,3246.8000,3242.8000,3254.2000,3256.0000,3269.6000,3269.8000,3278.6000,5,1,2,1,1,1,1,1,1,2
SF,IH2103,2020-07-23 09:33:30.200,3250.6000,1100,0,27337860.000,0,-,-,-,-,3248.6000,3247.8000,3247.0000,3246.8000,3242.8000,3254.2000,3256.0000,3269.6000,3269.8000,3278.6000,1,5,2,1,1,1,1,1,1,2
SF,IH2103,2020-07-23 09:33:30.700,3250.6000,1100,0,27337860.000,0,-,-,-,-,3248.8000,3248.6000,3248.2000,3247.8000,3247.0000,3254.2000,3256.0000,3269.6000,3269.8000,3278.6000,4,1,1,3,2,1,1,1,1,2
SF,IH2103,2020-07-23 09:33:31.200,3250.6000,1100,0,27337860.000,0,-,-,-,-,3249.4000,3248.8000,3248.2000,3247.8000,3247.0000,3254.2000,3256.0000,3269.6000,3269.8000,3278.6000,1,4,1,3,2,1,1,1,1,2
SF,IH2103,2020-07-23 09:33:31.700,3250.6000,1100,0,27337860.000,0,-,-,-,-,3249.6000,3248.8000,3248.2000,3247.8000,3242.8000,3254.2000,3256.0000,3269.6000,3269.8000,3278.6000,3,2,1,3,1,1,1,1,1,2
SF,IH2103,2020-07-23 09:33:33.200,3250.6000,1100,0,27337860.000,0,-,-,-,-,3249.6000,3248.8000,3247.8000,3242.8000,3242.6000,3254.2000,3256.0000,3269.6000,3269.8000,3278.6000,3,2,3,1,8,1,1,1,1,2
SF,IH2103,2020-07-23 09:33:34.200,3250.6000,1100,0,27337860.000,0,-,-,-,-,3249.6000,3248.8000,3247.8000,3242.8000,3242.6000,3254.2000,3256.0000,3269.6000,3269.8000,3278.6000,2,2,3,1,8,1,1,1,1,2
SF,IH2103,2020-07-23 09:33:35.200,3250.6000,1100,0,27337860.000,0,-,-,-,-,3249.8000,3249.6000,3248.8000,3247.8000,3242.8000,3254.2000,3256.0000,3269.6000,3269.8000,3278.6000,1,2,2,3,1,1,1,1,1,2
SF,IH2103,2020-07-23 09:33:35.700,3250.6000,1100,0,27337860.000,0,-,-,-,-,3250.0000,3249.8000,3249.6000,3248.8000,3242.8000,3254.2000,3256.0000,3269.6000,3269.8000,3278.6000,1,1,1,2,1,1,1,1,1,2
SF,IH2103,2020-07-23 09:33:37.200,3250.6000,1100,0,27337860.000,0,-,-,-,-,3250.2000,3250.0000,3249.6000,3248.8000,3242.8000,3254.2000,3256.0000,3269.6000,3269.8000,3278.6000,1,1,1,2,1,1,1,1,1,2
SF,IH2103,2020-07-23 09:33:37.700,3250.6000,1100,0,27337860.000,0,-,-,-,-,3250.4000,3250.2000,3249.6000,3248.8000,3242.8000,3254.2000,3256.0000,3269.6000,3269.8000,3278.6000,1,1,1,2,1,1,1,1,1,2
SF,IH2103,2020-07-23 09:33:39.200,3250.6000,1100,0,27337860.000,0,-,-,-,-,3250.6000,3250.4000,3250.2000,3249.6000,3248.8000,3254.2000,3256.0000,3269.6000,3269.8000,3278.6000,1,1,1,1,2,1,1,1,1,2
SF,IH2103,2020-07-23 09:33:39.700,3250.6000,1100,0,27337860.000,0,-,-,-,-,3250.8000,3250.6000,3250.2000,3249.6000,3248.8000,3256.0000,3269.6000,3269.8000,3278.6000,3282.0000,1,1,1,1,2,1,1,1,2,4
SF,IH2103,2020-07-23 09:33:40.200,3250.6000,1100,0,27337860.000,0,-,-,-,-,3251.0000,3250.8000,3250.6000,3250.2000,3242.8000,3255.8000,3256.0000,3269.6000,3269.8000,3278.6000,2,1,1,1,1,1,1,1,1,2
SF,IH2103,2020-07-23 09:33:40.700,3250.6000,1100,0,27337860.000,0,-,-,-,-,3251.2000,3251.0000,3250.6000,3250.2000,3242.8000,3255.8000,3256.0000,3269.6000,3269.8000,3278.6000,1,2,1,1,1,1,1,1,1,2
SF,IH2103,2020-07-23 09:33:41.200,3250.6000,1100,0,27337860.000,0,-,-,-,-,3251.4000,3251.2000,3251.0000,3250.6000,3250.2000,3255.8000,3256.0000,3269.6000,3269.8000,3278.6000,2,1,2,1,1,1,1,1,1,2
SF,IH2103,2020-07-23 09:33:41.700,3250.6000,1100,0,27337860.000,0,-,-,-,-,3251.8000,3251.6000,3251.4000,3251.0000,3250.6000,3255.8000,3256.0000,3269.6000,3269.8000,3278.6000,1,1,2,2,1,1,1,1,1,2
SF,IH2103,2020-07-23 09:33:42.200,3250.6000,1100,0,27337860.000,0,-,-,-,-,3252.0000,3251.8000,3251.4000,3251.0000,3250.6000,3255.8000,3256.0000,3269.6000,3269.8000,3278.6000,5,2,2,2,1,1,1,1,1,2
SF,IH2103,2020-07-23 09:33:42.700,3250.6000,1100,0,27337860.000,0,-,-,-,-,3252.0000,3251.8000,3251.4000,3251.0000,3250.6000,3255.8000,3256.0000,3269.6000,3269.8000,3278.6000,4,2,2,2,1,1,1,1,1,2
SF,IH2103,2020-07-23 09:33:43.200,3250.6000,1100,0,27337860.000,0,-,-,-,-,3252.0000,3251.8000,3251.4000,3251.0000,3250.6000,3255.8000,3256.0000,3269.6000,3269.8000,3278.6000,3,2,2,1,1,1,1,1,1,2
SF,IH2103,2020-07-23 09:33:43.700,3250.6000,1100,0,27337860.000,0,-,-,-,-,3251.8000,3251.4000,3251.0000,3250.6000,3242.8000,3255.8000,3256.0000,3269.6000,3269.8000,3278.6000,2,2,1,1,1,1,1,1,1,2
SF,IH2103,2020-07-23 09:33:44.200,3250.6000,1100,0,27337860.000,0,-,-,-,-,3251.8000,3250.6000,3242.8000,3242.6000,3241.8000,3255.8000,3256.0000,3269.6000,3269.8000,3278.6000,1,1,1,8,4,1,1,1,1,2
SF,IH2103,2020-07-23 09:33:44.700,3250.6000,1100,0,27337860.000,0,-,-,-,-,3250.6000,3242.8000,3242.6000,3241.8000,3241.2000,3255.8000,3256.0000,3269.6000,3269.8000,3278.6000,1,1,8,4,1,1,1,1,1,2
SF,IH2103,2020-07-23 09:33:45.200,3250.6000,1100,0,27337860.000,0,-,-,-,-,3250.8000,3250.6000,3242.8000,3242.6000,3241.8000,3255.6000,3255.8000,3256.0000,3269.6000,3269.8000,2,1,1,8,4,1,1,1,1,1
SF,IH2103,2020-07-23 09:33:45.700,3250.6000,1100,0,27337860.000,0,-,-,-,-,3250.8000,3250.6000,3242.8000,3242.6000,3241.8000,3255.4000,3255.6000,3256.0000,3269.6000,3269.8000,2,1,1,8,4,1,1,1,1,1
SF,IH2103,2020-07-23 09:33:46.200,3250.6000,1100,0,27337860.000,0,-,-,-,-,3251.0000,3250.8000,3250.6000,3242.8000,3242.6000,3255.4000,3255.6000,3256.0000,3269.6000,3269.8000,1,2,1,1,8,1,1,1,1,1
SF,IH2103,2020-07-23 09:33:46.700,3250.6000,1100,0,27337860.000,0,-,-,-,-,3251.2000,3251.0000,3250.8000,3250.6000,3242.8000,3255.4000,3255.6000,3256.0000,3269.6000,3269.8000,3,2,1,1,1,1,1,1,1,1
SF,IH2103,2020-07-23 09:33:47.200,3250.6000,1100,0,27337860.000,0,-,-,-,-,3251.2000,3251.0000,3250.8000,3250.6000,3242.8000,3255.4000,3255.6000,3256.0000,3269.6000,3269.8000,3,1,1,1,1,1,1,1,1,1
SF,IH2103,2020-07-23 09:33:47.700,3250.6000,1100,0,27337860.000,0,-,-,-,-,3251.8000,3251.6000,3251.2000,3250.8000,3250.6000,3255.4000,3255.6000,3256.0000,3269.6000,3269.8000,1,1,3,1,1,1,1,1,1,1
SF,IH2103,2020-07-23 09:33:48.200,3250.6000,1100,0,27337860.000,0,-,-,-,-,3252.0000,3251.8000,3251.2000,3250.8000,3250.6000,3255.4000,3256.0000,3269.6000,3269.8000,3278.6000,3,1,2,1,1,1,1,1,1,2
SF,IH2103,2020-07-23 09:33:48.700,3250.6000,1100,0,27337860.000,0,-,-,-,-,3252.0000,3251.8000,3251.2000,3250.8000,3250.6000,3255.4000,3256.0000,3269.6000,3269.8000,3278.6000,3,1,2,1,1,1,1,1,1,2
SF,IH2103,2020-07-23 09:33:49.200,3250.6000,1100,0,27337860.000,0,-,-,-,-,3252.0000,3251.8000,3251.2000,3250.8000,3250.6000,3255.4000,3256.0000,3269.6000,3269.8000,3278.6000,3,1,2,1,1,1,1,1,1,2
SF,IH2103,2020-07-23 09:33:49.700,3250.6000,1100,0,27337860.000,0,-,-,-,-,3252.0000,3251.8000,3251.2000,3250.8000,3250.6000,3255.4000,3256.0000,3269.6000,3269.8000,3278.6000,3,1,2,1,1,1,1,1,1,2
SF,IH2103,2020-07-23 09:33:50.200,3255.4000,1099,-1,28314480.000,1,0,1,双平,S,3252.0000,3251.8000,3251.2000,3250.8000,3250.6000,3256.0000,3269.6000,3269.8000,3278.6000,3282.0000,2,1,2,1,1,1,1,1,2,4
SF,IH2103,2020-07-23 09:33:50.700,3255.4000,1099,0,28314480.000,0,-,-,-,-,3252.2000,3252.0000,3251.8000,3251.2000,3250.8000,3255.8000,3256.0000,3269.6000,3269.8000,3278.6000,1,1,1,2,1,1,1,1,1,2
SF,IH2103,2020-07-23 09:33:51.200,3255.4000,1099,0,28314480.000,0,-,-,-,-,3252.4000,3252.2000,3252.0000,3251.8000,3251.2000,3255.8000,3256.0000,3269.6000,3269.8000,3278.6000,1,1,1,1,2,1,1,1,1,2
SF,IH2103,2020-07-23 09:33:51.700,3255.4000,1099,0,28314480.000,0,-,-,-,-,3252.6000,3252.4000,3252.0000,3251.8000,3251.2000,3255.8000,3256.0000,3269.6000,3269.8000,3278.6000,1,1,1,1,2,1,1,1,1,2
SF,IH2103,2020-07-23 09:33:52.200,3255.8000,1098,-1,29291220.000,1,0,1,双平,S,3252.8000,3252.6000,3252.4000,3252.0000,3251.8000,3256.0000,3269.6000,3269.8000,3278.6000,3282.0000,1,1,1,1,1,1,1,1,2,4
SF,IH2103,2020-07-23 09:33:52.700,3255.8000,1098,0,29291220.000,0,-,-,-,-,3253.0000,3252.8000,3252.4000,3252.0000,3251.8000,3269.6000,3269.8000,3278.6000,3282.0000,3290.6000,1,1,1,1,1,1,1,2,4,8
SF,IH2103,2020-07-23 09:33:53.200,3255.8000,1098,0,29291220.000,0,-,-,-,-,3253.2000,3253.0000,3252.8000,3252.4000,3252.0000,3268.8000,3269.4000,3269.6000,3269.8000,3278.6000,2,1,1,1,1,1,1,1,1,2
SF,IH2103,2020-07-23 09:33:53.700,3255.8000,1098,0,29291220.000,0,-,-,-,-,3253.4000,3253.2000,3252.8000,3252.4000,3252.0000,3268.6000,3268.8000,3269.6000,3269.8000,3278.6000,2,2,1,1,1,1,1,1,1,2
SF,IH2103,2020-07-23 09:33:54.200,3255.8000,1098,0,29291220.000,0,-,-,-,-,3253.6000,3253.4000,3253.2000,3252.8000,3252.4000,3267.8000,3268.6000,3269.6000,3269.8000,3278.6000,3,1,1,1,1,1,1,1,1,2
SF,IH2103,2020-07-23 09:33:54.700,3255.8000,1098,0,29291220.000,0,-,-,-,-,3253.8000,3253.6000,3253.2000,3252.8000,3252.4000,3267.6000,3267.8000,3269.6000,3269.8000,3278.6000,1,4,1,1,1,1,1,1,1,2
SF,IH2103,2020-07-23 09:33:55.200,3255.8000,1098,0,29291220.000,0,-,-,-,-,3254.0000,3253.8000,3253.6000,3253.2000,3252.8000,3266.8000,3267.6000,3269.6000,3269.8000,3278.6000,2,1,2,1,1,1,1,1,1,2
SF,IH2103,2020-07-23 09:33:55.700,3255.8000,1098,0,29291220.000,0,-,-,-,-,3254.2000,3254.0000,3253.6000,3253.2000,3252.8000,3263.6000,3266.6000,3266.8000,3269.6000,3269.8000,1,3,2,1,1,1,1,1,1,1
SF,IH2103,2020-07-23 09:33:56.200,3255.8000,1098,0,29291220.000,0,-,-,-,-,3254.4000,3254.2000,3254.0000,3253.6000,3253.2000,3262.8000,3263.4000,3263.6000,3269.6000,3269.8000,2,1,1,2,1,1,1,1,1,1
SF,IH2103,2020-07-23 09:33:56.700,3255.8000,1098,0,29291220.000,0,-,-,-,-,3254.6000,3254.4000,3254.0000,3253.6000,3253.2000,3262.6000,3262.8000,3263.6000,3269.6000,3269.8000,1,2,1,2,1,1,1,1,1,1
SF,IH2103,2020-07-23 09:33:57.200,3255.8000,1098,0,29291220.000,0,-,-,-,-,3254.8000,3254.6000,3254.4000,3254.0000,3253.6000,3261.8000,3262.6000,3263.6000,3269.6000,3269.8000,2,2,1,1,2,1,1,1,1,1
SF,IH2103,2020-07-23 09:33:57.700,3255.8000,1098,0,29291220.000,0,-,-,-,-,3255.0000,3254.8000,3254.4000,3254.0000,3253.6000,3261.6000,3261.8000,3263.6000,3269.6000,3269.8000,1,2,1,1,2,1,1,1,1,1
SF,IH2103,2020-07-23 09:33:58.200,3255.8000,1098,0,29291220.000,0,-,-,-,-,3255.2000,3255.0000,3254.8000,3254.4000,3254.0000,3261.6000,3263.6000,3269.6000,3269.8000,3278.6000,2,2,1,1,1,1,1,1,1,1
SF,IH2103,2020-07-23 09:33:58.700,3255.8000,1098,0,29291220.000,0,-,-,-,-,3255.4000,3255.2000,3254.8000,3254.4000,3254.0000,3261.6000,3263.6000,3269.6000,3269.8000,3278.6000,1,2,1,1,1,1,1,1,1,1
SF,IH2103,2020-07-23 09:33:59.200,3255.8000,1098,0,29291220.000,0,-,-,-,-,3255.6000,3255.4000,3255.2000,3254.8000,3254.4000,3261.6000,3263.6000,3269.6000,3269.8000,3278.6000,2,1,1,1,1,1,1,1,1,1
SF,IH2103,2020-07-23 09:33:59.700,3255.8000,1098,0,29291220.000,0,-,-,-,-,3255.8000,3255.6000,3255.2000,3254.8000,3254.4000,3261.6000,3263.6000,3269.6000,3269.8000,3278.6000,1,3,1,1,1,1,1,1,1,1
SF,IH2103,2020-07-23 09:34:00.200,3255.8000,1098,0,29291220.000,0,-,-,-,-,3256.0000,3255.8000,3255.6000,3255.2000,3254.8000,3261.6000,3263.6000,3269.6000,3269.8000,3278.6000,3,1,1,1,1,1,1,1,1,1
SF,IH2103,2020-07-23 09:34:00.700,3255.8000,1098,0,29291220.000,0,-,-,-,-,3256.2000,3256.0000,3255.6000,3255.2000,3254.8000,3269.6000,3269.8000,3278.6000,3282.0000,3287.2000,1,4,1,1,1,1,1,1,4,1
SF,IH2103,2020-07-23 09:34:01.200,3255.8000,1098,0,29291220.000,0,-,-,-,-,3256.4000,3256.2000,3256.0000,3255.6000,3255.2000,3268.8000,3269.4000,3269.6000,3269.8000,3278.6000,3,1,2,1,1,1,1,1,1,1
SF,IH2103,2020-07-23 09:34:01.700,3255.8000,1098,0,29291220.000,0,-,-,-,-,3256.6000,3256.4000,3256.0000,3255.6000,3255.2000,3268.6000,3268.8000,3269.6000,3269.8000,3278.6000,2,3,1,1,1,1,1,1,1,1
SF,IH2103,2020-07-23 09:34:02.200,3255.8000,1098,0,29291220.000,0,-,-,-,-,3257.0000,3256.8000,3256.6000,3256.4000,3256.0000,3267.8000,3268.6000,3269.8000,3278.6000,3282.0000,1,2,3,2,1,1,1,1,1,4
SF,IH2103,2020-07-23 09:34:02.700,3255.8000,1098,0,29291220.000,0,-,-,-,-,3257.2000,3256.8000,3256.6000,3256.4000,3256.0000,3267.6000,3267.8000,3269.8000,3278.6000,3282.0000,3,2,1,2,1,1,1,1,1,4
SF,IH2103,2020-07-23 09:34:03.200,3255.8000,1098,0,29291220.000,0,-,-,-,-,3257.2000,3256.8000,3256.6000,3256.4000,3256.0000,3266.8000,3267.6000,3269.8000,3278.6000,3282.0000,4,2,1,2,1,1,1,1,1,4
SF,IH2103,2020-07-23 09:34:03.700,3255.8000,1098,0,29291220.000,0,-,-,-,-,3257.2000,3256.8000,3256.6000,3256.4000,3256.0000,3266.6000,3266.8000,3269.8000,3278.6000,3282.0000,4,2,1,2,1,1,1,1,1,4
SF,IH2103,2020-07-23 09:34:04.200,3255.8000,1098,0,29291220.000,0,-,-,-,-,3257.2000,3256.8000,3256.6000,3256.4000,3256.0000,3265.8000,3266.6000,3269.8000,3278.6000,3282.0000,4,2,1,2,1,1,1,1,1,4
SF,IH2103,2020-07-23 09:34:04.700,3255.8000,1098,0,29291220.000,0,-,-,-,-,3257.2000,3256.8000,3256.6000,3256.4000,3256.0000,3265.6000,3265.8000,3269.8000,3278.6000,3282.0000,2,1,1,2,1,1,1,1,1,4
SF,IH2103,2020-07-23 09:34:05.200,3255.8000,1098,0,29291220.000,0,-,-,-,-,3257.8000,3257.2000,3256.4000,3256.0000,3255.6000,3264.8000,3265.4000,3265.6000,3269.8000,3278.6000,1,1,2,1,1,1,1,1,1,1
SF,IH2103,2020-07-23 09:34:05.700,3255.8000,1098,0,29291220.000,0,-,-,-,-,3258.0000,3257.8000,3256.4000,3256.0000,3242.8000,3264.6000,3264.8000,3269.8000,3278.6000,3282.0000,1,1,2,1,1,3,1,1,1,4
SF,IH2103,2020-07-23 09:34:06.200,3255.8000,1098,0,29291220.000,0,-,-,-,-,3258.0000,3257.8000,3242.8000,3242.6000,3241.8000,3263.8000,3264.6000,3269.8000,3278.6000,3282.0000,1,1,1,8,4,1,3,1,1,4
SF,IH2103,2020-07-23 09:34:06.700,3255.8000,1098,0,29291220.000,0,-,-,-,-,3258.0000,3242.8000,3242.6000,3241.8000,3241.2000,3263.6000,3263.8000,3264.6000,3269.8000,3278.6000,1,1,8,4,1,2,1,1,1,1
SF,IH2103,2020-07-23 09:34:07.200,3255.8000,1098,0,29291220.000,0,-,-,-,-,3258.0000,3242.8000,3242.6000,3241.8000,3241.2000,3262.8000,3263.2000,3263.6000,3269.8000,3278.6000,1,1,8,4,1,1,1,2,1,1
SF,IH2103,2020-07-23 09:34:07.700,3255.8000,1098,0,29291220.000,0,-,-,-,-,3258.0000,3242.8000,3242.6000,3241.8000,3241.2000,3262.6000,3262.8000,3263.2000,3269.8000,3278.6000,1,1,8,4,1,2,1,1,1,1
SF,IH2103,2020-07-23 09:34:08.200,3255.8000,1098,0,29291220.000,0,-,-,-,-,3258.0000,3242.8000,3242.6000,3241.8000,3241.2000,3261.8000,3262.6000,3263.2000,3269.8000,3278.6000,1,1,8,4,1,1,2,1,1,1
SF,IH2103,2020-07-23 09:34:08.700,3255.8000,1098,0,29291220.000,0,-,-,-,-,3258.0000,3242.8000,3242.6000,3241.8000,3241.2000,3261.6000,3261.8000,3262.6000,3263.2000,3269.8000,1,1,8,4,1,1,1,1,1,1
SF,IH2103,2020-07-23 09:34:09.200,3255.8000,1098,0,29291220.000,0,-,-,-,-,3258.0000,3242.8000,3242.6000,3241.8000,3241.2000,3261.6000,3262.6000,3269.8000,3278.6000,3282.0000,1,1,8,4,1,1,1,1,1,4
SF,IH2103,2020-07-23 09:34:09.700,3255.8000,1098,0,29291220.000,0,-,-,-,-,3258.0000,3242.8000,3242.6000,3241.8000,3241.2000,3262.6000,3269.8000,3278.6000,3282.0000,3287.2000,1,1,8,4,1,1,1,1,4,1
SF,IH2103,2020-07-23 09:34:10.200,3255.8000,1098,0,29291220.000,0,-,-,-,-,3258.0000,3242.8000,3242.6000,3241.8000,3241.2000,3262.4000,3262.6000,3269.8000,3278.6000,3282.0000,1,1,8,4,1,1,1,1,1,4
SF,IH2103,2020-07-23 09:34:10.700,3255.8000,1098,0,29291220.000,0,-,-,-,-,3258.2000,3258.0000,3242.8000,3242.6000,3241.8000,3262.4000,3262.6000,3269.8000,3278.6000,3282.0000,1,1,1,8,4,1,1,1,1,4
SF,IH2103,2020-07-23 09:34:11.200,3255.8000,1098,0,29291220.000,0,-,-,-,-,3258.4000,3258.2000,3242.8000,3242.6000,3241.8000,3262.4000,3262.6000,3269.8000,3278.6000,3282.0000,1,1,1,8,4,1,1,1,1,4
SF,IH2103,2020-07-23 09:34:11.700,3255.8000,1098,0,29291220.000,0,-,-,-,-,3258.4000,3258.2000,3242.8000,3242.6000,3241.8000,3269.8000,3278.6000,3282.0000,3287.2000,3290.6000,1,1,1,8,4,1,1,4,1,8
SF,IH2103,2020-07-23 09:34:12.200,3255.8000,1098,0,29291220.000,0,-,-,-,-,3258.6000,3258.4000,3258.2000,3242.8000,3242.6000,3269.0000,3269.6000,3269.8000,3278.6000,3282.0000,2,1,1,1,8,1,1,1,1,4
SF,IH2103,2020-07-23 09:34:12.700,3255.8000,1098,0,29291220.000,0,-,-,-,-,3258.8000,3258.6000,3258.2000,3242.8000,3242.6000,3268.8000,3269.0000,3269.8000,3278.6000,3282.0000,1,2,1,1,8,1,1,1,1,4
SF,IH2103,2020-07-23 09:34:13.200,3255.8000,1098,0,29291220.000,0,-,-,-,-,3259.0000,3258.8000,3258.6000,3258.2000,3242.8000,3268.0000,3268.8000,3269.8000,3278.6000,3282.0000,2,1,1,1,1,1,1,1,1,4
SF,IH2103,2020-07-23 09:34:13.700,3255.8000,1098,0,29291220.000,0,-,-,-,-,3259.2000,3259.0000,3258.6000,3258.2000,3242.8000,3267.8000,3268.0000,3269.8000,3278.6000,3282.0000,1,2,1,1,1,1,1,1,1,4
SF,IH2103,2020-07-23 09:34:14.200,3255.8000,1098,0,29291220.000,0,-,-,-,-,3259.6000,3259.4000,3259.2000,3258.6000,3258.2000,3267.0000,3267.8000,3269.8000,3278.6000,3282.0000,1,1,1,1,1,1,1,1,1,4
SF,IH2103,2020-07-23 09:34:14.700,3255.8000,1098,0,29291220.000,0,-,-,-,-,3259.8000,3259.6000,3258.2000,3242.8000,3242.6000,3266.8000,3267.0000,3269.8000,3278.6000,3282.0000,2,1,1,1,8,1,1,1,1,4
SF,IH2103,2020-07-23 09:34:15.200,3255.8000,1098,0,29291220.000,0,-,-,-,-,3260.2000,3259.8000,3258.2000,3242.8000,3242.6000,3266.0000,3266.4000,3266.6000,3266.8000,3269.8000,1,1,1,1,8,1,1,1,1,1
SF,IH2103,2020-07-23 09:34:15.700,3255.8000,1098,0,29291220.000,0,-,-,-,-,3260.4000,3260.2000,3258.2000,3242.8000,3242.6000,3265.6000,3265.8000,3266.0000,3269.8000,3278.6000,1,1,1,1,8,1,2,1,1,1
SF,IH2103,2020-07-23 09:34:16.200,3255.8000,1098,0,29291220.000,0,-,-,-,-,3260.8000,3260.4000,3258.2000,3242.8000,3242.6000,3264.8000,3265.4000,3265.6000,3269.8000,3278.6000,1,1,1,1,8,1,2,1,1,1
SF,IH2103,2020-07-23 09:34:16.700,3255.8000,1098,0,29291220.000,0,-,-,-,-,3261.0000,3260.8000,3258.2000,3242.8000,3242.6000,3264.6000,3264.8000,3265.4000,3265.6000,3269.8000,1,1,1,1,8,1,1,1,1,1
SF,IH2103,2020-07-23 09:34:17.200,3255.8000,1098,0,29291220.000,0,-,-,-,-,3261.2000,3258.2000,3242.8000,3242.6000,3241.8000,3264.4000,3264.6000,3265.4000,3269.8000,3278.6000,1,1,1,8,4,2,1,1,1,1
SF,IH2103,2020-07-23 09:34:17.700,3255.8000,1098,0,29291220.000,0,-,-,-,-,3258.2000,3242.8000,3242.6000,3241.8000,3241.0000,3264.2000,3264.4000,3269.8000,3278.6000,3282.0000,1,1,8,4,8,1,2,1,1,4
SF,IH2103,2020-07-23 09:34:18.200,3255.8000,1098,0,29291220.000,0,-,-,-,-,3258.6000,3258.4000,3258.2000,3242.8000,3242.6000,3263.8000,3264.0000,3264.2000,3269.8000,3278.6000,1,2,1,1,8,1,2,1,1,1
SF,IH2103,2020-07-23 09:34:18.700,3255.8000,1098,0,29291220.000,0,-,-,-,-,3258.8000,3258.6000,3258.2000,3242.8000,3242.6000,3263.6000,3263.8000,3269.8000,3278.6000,3282.0000,1,1,1,1,8,3,1,1,1,4
SF,IH2103,2020-07-23 09:34:19.200,3255.8000,1098,0,29291220.000,0,-,-,-,-,3259.2000,3258.8000,3258.2000,3242.8000,3242.6000,3263.4000,3263.6000,3269.8000,3278.6000,3282.0000,1,1,1,1,8,1,2,1,1,4
SF,IH2103,2020-07-23 09:34:19.700,3255.8000,1098,0,29291220.000,0,-,-,-,-,3259.4000,3259.2000,3258.2000,3242.8000,3242.6000,3263.2000,3263.6000,3269.8000,3278.6000,3282.0000,1,1,1,1,8,1,1,1,1,4
SF,IH2103,2020-07-23 09:34:20.200,3255.8000,1098,0,29291220.000,0,-,-,-,-,3259.8000,3259.4000,3258.2000,3242.8000,3242.6000,3263.2000,3269.8000,3278.6000,3282.0000,3287.2000,1,1,1,1,8,1,1,1,4,1
SF,IH2103,2020-07-23 09:34:20.700,3263.2000,1097,-1,30270180.000,1,0,1,双平,S,3263.4000,3260.0000,3259.8000,3258.2000,3242.8000,3269.8000,3278.6000,3282.0000,3287.2000,3290.6000,1,1,1,1,1,1,1,4,1,8
SF,IH2103,2020-07-23 09:34:21.200,3263.4000,1096,-1,31249200.000,1,0,1,双平,S,3260.0000,3259.8000,3258.2000,3242.8000,3242.6000,3269.0000,3269.4000,3269.6000,3269.8000,3278.6000,1,1,1,1,8,1,1,2,1,1
SF,IH2103,2020-07-23 09:34:21.700,3263.4000,1096,0,31249200.000,0,-,-,-,-,3260.4000,3260.2000,3260.0000,3258.2000,3242.8000,3268.6000,3268.8000,3269.0000,3269.8000,3278.6000,1,1,1,1,1,1,1,1,1,1
SF,IH2103,2020-07-23 09:34:22.200,3263.4000,1096,0,31249200.000,0,-,-,-,-,3260.6000,3260.4000,3258.2000,3242.8000,3242.6000,3267.8000,3268.4000,3268.6000,3269.8000,3278.6000,2,1,1,1,8,1,1,1,1,1
SF,IH2103,2020-07-23 09:34:22.700,3263.4000,1096,0,31249200.000,0,-,-,-,-,3261.0000,3260.6000,3258.2000,3242.8000,3242.6000,3267.2000,3267.4000,3267.6000,3267.8000,3269.8000,1,2,1,1,8,1,1,1,1,1
SF,IH2103,2020-07-23 09:34:23.200,3263.4000,1096,0,31249200.000,0,-,-,-,-,3261.2000,3261.0000,3258.2000,3242.8000,3242.6000,3266.4000,3266.8000,3267.0000,3267.2000,3269.8000,1,1,1,1,8,1,1,2,1,1
SF,IH2103,2020-07-23 09:34:23.700,3263.4000,1096,0,31249200.000,0,-,-,-,-,3261.4000,3261.2000,3258.2000,3242.8000,3242.6000,3266.0000,3266.2000,3266.4000,3267.2000,3269.8000,2,1,1,1,8,1,1,1,1,1
SF,IH2103,2020-07-23 09:34:24.200,3263.4000,1096,0,31249200.000,0,-,-,-,-,3261.6000,3261.4000,3258.2000,3242.8000,3242.6000,3265.2000,3265.8000,3266.0000,3267.2000,3269.8000,1,2,1,1,8,1,1,1,1,1
SF,IH2103,2020-07-23 09:34:24.700,3265.0000,1095,-1,32228700.000,1,0,1,双平,S,3261.8000,3261.6000,3258.2000,3242.8000,3242.6000,3265.2000,3266.0000,3269.8000,3278.6000,3282.0000,1,1,1,1,8,1,1,1,1,4
SF,IH2103,2020-07-23 09:34:25.200,3265.0000,1095,0,32228700.000,0,-,-,-,-,3262.0000,3261.8000,3258.2000,3242.8000,3242.6000,3265.2000,3266.0000,3269.8000,3278.6000,3282.0000,1,1,1,1,8,1,1,1,1,4
SF,IH2103,2020-07-23 09:34:26.700,3265.0000,1095,0,32228700.000,0,-,-,-,-,3262.0000,3258.2000,3242.8000,3242.6000,3241.8000,3265.2000,3269.8000,3278.6000,3282.0000,3287.2000,1,1,1,8,4,1,1,1,4,1
SF,IH2103,2020-07-23 09:34:27.200,3265.0000,1095,0,32228700.000,0,-,-,-,-,3262.0000,3258.2000,3242.8000,3242.6000,3241.8000,3269.8000,3278.6000,3282.0000,3287.2000,3290.6000,1,1,1,8,4,1,1,4,1,8
SF,IH2103,2020-07-23 09:34:27.700,3265.0000,1095,0,32228700.000,0,-,-,-,-,3262.0000,3258.2000,3242.8000,3242.6000,3241.8000,3269.0000,3269.6000,3269.8000,3278.6000,3282.0000,1,1,1,8,4,1,2,1,1,4
SF,IH2103,2020-07-23 09:34:28.200,3265.0000,1095,0,32228700.000,0,-,-,-,-,3262.0000,3258.2000,3242.8000,3242.6000,3241.8000,3268.8000,3269.0000,3269.8000,3278.6000,3282.0000,1,1,1,8,4,1,1,1,1,4
SF,IH2103,2020-07-23 09:34:28.700,3268.6000,1094,-1,35170260.000,3,1,2,多平,S,3262.0000,3258.2000,3242.8000,3242.6000,3241.8000,3268.6000,3268.8000,3269.8000,3278.6000,3282.0000,1,1,1,8,4,1,1,1,1,4
SF,IH2103,2020-07-23 09:34:29.200,3268.6000,1094,0,35170260.000,0,-,-,-,-,3262.0000,3258.2000,3242.8000,3242.6000,3241.8000,3268.4000,3268.6000,3269.8000,3278.6000,3282.0000,1,1,1,8,4,3,1,1,1,4
SF,IH2103,2020-07-23 09:34:29.700,3268.6000,1094,0,35170260.000,0,-,-,-,-,3262.0000,3258.2000,3242.8000,3242.6000,3241.8000,3268.0000,3268.4000,3269.8000,3278.6000,3282.0000,1,1,1,8,4,1,3,1,1,4
SF,IH2103,2020-07-23 09:34:30.200,3268.6000,1094,0,35170260.000,0,-,-,-,-,3262.0000,3258.2000,3242.8000,3242.6000,3241.8000,3267.8000,3268.0000,3268.4000,3269.8000,3278.6000,1,1,1,8,4,2,1,1,2,1
