市场代码,合约代码,时间,最新,持仓,增仓,成交额,成交量,开仓,平仓,成交类型,方向,买一价,买二价,买三价,买四价,买五价,卖一价,卖二价,卖三价,卖四价,卖五价,买一量,买二量,买三量,买四量,买五量,卖一量,卖二量,卖三量,卖四量,卖五量
SF,IH2103,2020-07-31 09:29:00.400,3214.6000,2027,0,1928760.000,2.000,-,-,-,-,3207.4000,3206.0000,3201.6000,3200.0000,3199.0000,3216.2000,3219.0000,3221.0000,3222.0000,3222.6000,1,1,1,1,4,1,4,1,1,1
SF,IH2103,2020-07-31 09:30:00.400,3214.6000,2027,0,1928760.000,0,-,-,-,-,3207.8000,3207.6000,3207.2000,3206.0000,3200.0000,3222.0000,3222.6000,3239.6000,3245.0000,3247.6000,1,1,1,1,1,1,1,2,1,3
SF,IH2103,2020-07-31 09:30:00.900,3214.6000,2027,0,1928760.000,0,-,-,-,-,3207.8000,3207.6000,3207.2000,3206.0000,3200.0000,3215.0000,3218.8000,3221.8000,3222.0000,3222.6000,1,1,1,1,1,1,1,4,1,1
SF,IH2103,2020-07-31 09:30:01.400,3215.0000,2025,-2,3857760.000,2,0,2,双平,S,3207.8000,3207.6000,3207.2000,3206.0000,3200.0000,3218.8000,3221.8000,3222.0000,3222.6000,3239.6000,1,1,1,1,1,1,3,1,1,2
SF,IH2103,2020-07-31 09:30:01.900,3215.0000,2025,0,3857760.000,0,-,-,-,-,3208.0000,3207.8000,3207.6000,3207.2000,3206.0000,3218.6000,3218.8000,3221.8000,3222.0000,3222.6000,1,1,1,1,1,3,1,3,1,1
SF,IH2103,2020-07-31 09:30:02.400,3215.0000,2025,0,3857760.000,0,-,-,-,-,3208.4000,3208.0000,3207.6000,3207.2000,3206.0000,3218.6000,3218.8000,3221.8000,3222.0000,3222.6000,1,1,1,1,1,3,1,3,1,1
SF,IH2103,2020-07-31 09:30:02.900,3218.6000,2024,-1,4823340.000,1,0,1,双平,S,3208.6000,3208.4000,3207.6000,3207.2000,3206.0000,3218.8000,3221.8000,3222.0000,3222.6000,3225.8000,2,1,1,1,1,1,3,1,1,1
SF,IH2103,2020-07-31 09:30:03.400,3218.6000,2024,0,4823340.000,0,-,-,-,-,3209.0000,3208.6000,3207.6000,3207.2000,3206.0000,3218.6000,3218.8000,3221.8000,3222.0000,3222.6000,1,2,1,1,1,3,1,3,1,1
SF,IH2103,2020-07-31 09:30:03.900,3218.6000,2024,0,4823340.000,0,-,-,-,-,3209.2000,3209.0000,3208.6000,3207.6000,3207.2000,3218.6000,3218.8000,3221.8000,3222.0000,3222.6000,2,1,1,1,1,3,1,3,1,1
SF,IH2103,2020-07-31 09:30:04.400,3218.6000,2024,0,4823340.000,0,-,-,-,-,3209.6000,3209.2000,3208.6000,3207.6000,3207.2000,3218.6000,3218.8000,3221.8000,3222.6000,3225.8000,1,2,1,1,1,3,1,3,1,1
SF,IH2103,2020-07-31 09:30:04.900,3218.6000,2024,0,4823340.000,0,-,-,-,-,3209.8000,3209.6000,3209.2000,3208.6000,3207.6000,3218.6000,3218.8000,3221.8000,3222.6000,3225.8000,2,1,1,1,1,3,1,3,1,1
SF,IH2103,2020-07-31 09:30:05.400,3218.6000,2024,0,4823340.000,0,-,-,-,-,3210.2000,3210.0000,3209.8000,3209.2000,3208.6000,3218.8000,3221.8000,3222.6000,3225.8000,3233.6000,1,1,2,1,1,1,3,1,1,1
SF,IH2103,2020-07-31 09:30:05.900,3218.6000,2024,0,4823340.000,0,-,-,-,-,3210.8000,3210.4000,3210.2000,3209.8000,3209.2000,3218.8000,3221.8000,3222.6000,3225.8000,3233.6000,1,2,1,1,1,1,3,1,1,1
SF,IH2103,2020-07-31 09:30:06.400,3218.6000,2024,0,4823340.000,0,-,-,-,-,3211.2000,3211.0000,3210.8000,3210.4000,3209.8000,3218.8000,3221.8000,3222.6000,3225.8000,3233.6000,1,2,1,1,1,1,3,1,1,1
SF,IH2103,2020-07-31 09:30:06.900,3218.6000,2024,0,4823340.000,0,-,-,-,-,3211.6000,3211.4000,3211.2000,3211.0000,3210.8000,3218.8000,3221.8000,3222.6000,3225.8000,3233.6000,1,2,1,1,1,1,3,1,1,1
SF,IH2103,2020-07-31 09:30:07.400,3218.6000,2024,0,4823340.000,0,-,-,-,-,3212.0000,3211.8000,3211.6000,3211.4000,3211.0000,3218.8000,3222.6000,3225.8000,3233.6000,3239.6000,1,2,1,1,1,1,1,1,1,2
SF,IH2103,2020-07-31 09:30:07.900,3218.6000,2024,0,4823340.000,0,-,-,-,-,3212.8000,3212.2000,3212.0000,3211.8000,3211.6000,3218.8000,3222.6000,3225.8000,3233.6000,3239.6000,1,2,1,1,1,1,1,1,1,2
SF,IH2103,2020-07-31 09:30:08.400,3218.6000,2024,0,4823340.000,0,-,-,-,-,3213.2000,3213.0000,3212.8000,3212.2000,3211.8000,3218.6000,3218.8000,3222.6000,3225.8000,3233.6000,1,1,1,1,1,1,1,1,1,1
SF,IH2103,2020-07-31 09:30:08.900,3218.6000,2024,0,4823340.000,0,-,-,-,-,3213.4000,3213.2000,3213.0000,3212.8000,3212.2000,3218.6000,3218.8000,3222.6000,3225.8000,3233.6000,1,1,1,1,1,1,1,1,1,1
SF,IH2103,2020-07-31 09:30:09.400,3218.6000,2024,0,4823340.000,0,-,-,-,-,3213.8000,3213.6000,3213.4000,3213.0000,3212.2000,3218.6000,3218.8000,3222.6000,3225.8000,3233.6000,1,1,1,1,1,1,1,1,1,1
SF,IH2103,2020-07-31 09:30:09.900,3218.6000,2024,0,4823340.000,0,-,-,-,-,3214.2000,3214.0000,3213.8000,3213.6000,3213.4000,3218.6000,3218.8000,3222.6000,3225.8000,3233.6000,1,1,1,1,1,1,1,1,1,1
SF,IH2103,2020-07-31 09:30:10.400,3218.8000,2023,-1,6754560.000,2,0,2,多平,S,3218.6000,3214.6000,3214.4000,3214.2000,3214.0000,3222.6000,3225.8000,3233.6000,3239.6000,3245.0000,1,1,2,1,1,1,1,1,2,1
SF,IH2103,2020-07-31 09:30:10.900,3218.8000,2023,0,6754560.000,0,-,-,-,-,3219.0000,3218.6000,3214.4000,3214.2000,3214.0000,3222.6000,3225.8000,3233.6000,3239.6000,3245.0000,1,1,2,1,1,1,1,1,2,1
SF,IH2103,2020-07-31 09:30:11.400,3218.8000,2023,0,6754560.000,0,-,-,-,-,3219.2000,3219.0000,3218.6000,3214.4000,3214.0000,3222.6000,3225.8000,3233.6000,3239.6000,3245.0000,1,1,1,2,1,1,1,1,2,1
SF,IH2103,2020-07-31 09:30:11.900,3218.8000,2023,0,6754560.000,0,-,-,-,-,3219.6000,3219.2000,3218.6000,3214.4000,3214.0000,3222.6000,3225.8000,3233.6000,3239.6000,3245.0000,1,1,1,2,1,1,1,1,2,1
SF,IH2103,2020-07-31 09:30:12.900,3218.8000,2023,0,6754560.000,0,-,-,-,-,3219.8000,3219.6000,3219.2000,3218.6000,3214.4000,3222.6000,3225.8000,3233.6000,3239.6000,3245.0000,1,1,1,1,2,1,1,1,2,1
SF,IH2103,2020-07-31 09:30:13.400,3222.6000,2022,-1,7721340.000,1,0,1,双平,S,3222.6000,3220.2000,3219.8000,3219.2000,3218.6000,3225.8000,3233.6000,3239.6000,3245.0000,3247.6000,1,1,1,1,1,1,1,2,1,3
SF,IH2103,2020-07-31 09:30:13.900,3222.6000,2021,-1,9654900.000,2,0,2,多平,S,3219.8000,3219.2000,3218.6000,3214.4000,3214.0000,3225.6000,3225.8000,3233.6000,3239.6000,3245.0000,1,1,1,2,1,1,1,1,2,1
SF,IH2103,2020-07-31 09:30:14.400,3222.6000,2021,0,9654900.000,0,-,-,-,-,3220.0000,3219.8000,3219.2000,3218.6000,3214.4000,3225.6000,3225.8000,3233.6000,3239.6000,3245.0000,1,1,1,1,1,1,1,1,2,1
SF,IH2103,2020-07-31 09:30:14.900,3222.6000,2021,0,9654900.000,0,-,-,-,-,3220.0000,3219.2000,3218.6000,3214.4000,3214.0000,3225.6000,3225.8000,3233.6000,3239.6000,3245.0000,1,1,1,1,1,1,1,1,2,1
SF,IH2103,2020-07-31 09:30:15.400,3222.6000,2021,0,9654900.000,0,-,-,-,-,3220.0000,3214.4000,3214.0000,3213.4000,3213.0000,3225.6000,3225.8000,3233.6000,3239.6000,3245.0000,1,1,1,1,1,1,1,1,2,1
SF,IH2103,2020-07-31 09:30:15.900,3222.6000,2021,0,9654900.000,0,-,-,-,-,3220.0000,3214.4000,3214.0000,3213.4000,3213.0000,3225.4000,3225.6000,3225.8000,3233.6000,3239.6000,1,1,1,1,1,1,1,1,1,2
SF,IH2103,2020-07-31 09:30:16.400,3222.6000,2021,0,9654900.000,0,-,-,-,-,3220.0000,3214.4000,3214.0000,3213.4000,3213.0000,3225.2000,3225.4000,3225.6000,3225.8000,3233.6000,1,1,1,1,1,1,1,1,1,1
SF,IH2103,2020-07-31 09:30:16.900,3222.6000,2021,0,9654900.000,0,-,-,-,-,3220.0000,3214.4000,3214.0000,3213.4000,3213.0000,3225.0000,3225.2000,3225.6000,3225.8000,3233.6000,1,1,1,1,1,1,1,1,1,1
SF,IH2103,2020-07-31 09:30:17.400,3224.8000,2021,0,10622340.000,1,0,1,多换,S,3220.0000,3214.4000,3214.0000,3213.4000,3213.0000,3224.8000,3225.0000,3225.2000,3225.6000,3225.8000,1,1,1,1,1,3,1,1,1,1
SF,IH2103,2020-07-31 09:30:17.900,3224.8000,2021,0,10622340.000,0,-,-,-,-,3220.0000,3214.4000,3214.0000,3213.4000,3213.0000,3224.6000,3224.8000,3225.2000,3225.6000,3225.8000,1,1,1,1,1,1,3,1,1,1
SF,IH2103,2020-07-31 09:30:18.400,3224.8000,2021,0,10622340.000,0,-,-,-,-,3220.0000,3214.4000,3214.0000,3213.4000,3213.0000,3224.4000,3224.6000,3224.8000,3225.2000,3225.6000,1,1,1,1,1,3,1,3,1,1
SF,IH2103,2020-07-31 09:30:18.900,3224.8000,2021,0,10622340.000,0,-,-,-,-,3220.0000,3214.4000,3214.0000,3213.4000,3213.0000,3224.0000,3224.4000,3224.8000,3225.2000,3225.6000,1,1,1,1,1,1,3,3,1,1
SF,IH2103,2020-07-31 09:30:19.400,3224.8000,2021,0,10622340.000,0,-,-,-,-,3220.0000,3214.4000,3214.0000,3213.4000,3213.0000,3223.8000,3224.0000,3224.4000,3224.8000,3225.2000,1,1,1,1,1,3,1,3,3,1
SF,IH2103,2020-07-31 09:30:19.900,3224.8000,2021,0,10622340.000,0,-,-,-,-,3220.0000,3214.4000,3214.0000,3213.4000,3213.0000,3223.6000,3223.8000,3224.4000,3224.8000,3225.2000,1,1,1,1,1,1,3,3,3,1
SF,IH2103,2020-07-31 09:30:20.400,3224.8000,2021,0,10622340.000,0,-,-,-,-,3214.4000,3214.0000,3213.4000,3213.0000,3212.2000,3223.4000,3223.6000,3223.8000,3224.4000,3224.8000,1,1,1,1,1,3,1,3,3,3
SF,IH2103,2020-07-31 09:30:20.900,3224.8000,2021,0,10622340.000,0,-,-,-,-,3214.6000,3214.4000,3214.0000,3213.4000,3213.0000,3223.0000,3223.2000,3223.4000,3223.8000,3224.4000,3,1,1,1,1,1,1,3,3,3
SF,IH2103,2020-07-31 09:30:21.400,3224.8000,2021,0,10622340.000,0,-,-,-,-,3214.6000,3214.4000,3214.0000,3213.4000,3213.0000,3222.8000,3223.0000,3223.2000,3223.4000,3223.8000,3,1,1,1,1,2,1,1,3,3
SF,IH2103,2020-07-31 09:30:23.900,3224.8000,2021,0,10622340.000,0,-,-,-,-,3214.6000,3214.4000,3214.0000,3213.4000,3213.0000,3222.6000,3222.8000,3223.2000,3223.4000,3223.8000,3,1,1,1,1,1,2,1,3,3
SF,IH2103,2020-07-31 09:30:24.400,3224.8000,2021,0,10622340.000,0,-,-,-,-,3214.6000,3214.4000,3214.0000,3213.4000,3213.0000,3222.4000,3222.6000,3222.8000,3223.4000,3223.8000,3,1,1,1,1,2,1,2,3,3
SF,IH2103,2020-07-31 09:30:24.900,3224.8000,2021,0,10622340.000,0,-,-,-,-,3214.6000,3214.4000,3214.0000,3213.4000,3213.0000,3222.8000,3223.4000,3223.8000,3224.4000,3224.8000,3,1,1,1,1,2,3,3,3,3
SF,IH2103,2020-07-31 09:30:25.400,3224.8000,2021,0,10622340.000,0,-,-,-,-,3214.8000,3214.6000,3214.4000,3214.0000,3213.4000,3223.4000,3223.8000,3224.4000,3224.8000,3225.2000,1,3,1,1,1,3,3,3,3,1
SF,IH2103,2020-07-31 09:30:25.900,3224.8000,2021,0,10622340.000,0,-,-,-,-,3215.0000,3214.8000,3214.6000,3214.4000,3214.0000,3223.4000,3223.8000,3224.4000,3224.8000,3225.2000,3,1,1,1,1,3,3,3,3,1
SF,IH2103,2020-07-31 09:30:26.400,3224.8000,2021,0,10622340.000,0,-,-,-,-,3215.0000,3214.8000,3214.6000,3214.4000,3214.0000,3223.2000,3223.4000,3223.8000,3224.4000,3224.8000,3,1,1,1,1,1,3,3,3,3
SF,IH2103,2020-07-31 09:30:26.900,3224.8000,2021,0,10622340.000,0,-,-,-,-,3215.6000,3215.0000,3214.8000,3214.6000,3214.4000,3223.8000,3224.4000,3224.8000,3225.2000,3225.6000,1,3,1,1,1,3,3,3,1,1
SF,IH2103,2020-07-31 09:30:27.400,3224.8000,2021,0,10622340.000,0,-,-,-,-,3215.8000,3215.6000,3215.0000,3214.8000,3214.6000,3224.4000,3224.8000,3225.2000,3225.6000,3225.8000,3,1,1,1,1,3,3,1,1,1
SF,IH2103,2020-07-31 09:30:27.900,3224.8000,2021,0,10622340.000,0,-,-,-,-,3215.8000,3215.6000,3215.0000,3214.8000,3214.6000,3224.8000,3225.2000,3225.6000,3225.8000,3233.6000,3,1,1,1,1,3,1,1,1,1
SF,IH2103,2020-07-31 09:30:28.400,3224.8000,2021,0,10622340.000,0,-,-,-,-,3216.4000,3215.8000,3215.0000,3214.8000,3214.6000,3225.8000,3233.6000,3239.6000,3245.0000,3247.6000,1,3,1,1,1,1,1,2,1,3
SF,IH2103,2020-07-31 09:30:28.900,3224.8000,2021,0,10622340.000,0,-,-,-,-,3216.6000,3216.4000,3215.8000,3215.0000,3214.6000,3225.6000,3225.8000,3233.6000,3239.6000,3245.0000,3,1,1,1,1,1,1,1,2,1
SF,IH2103,2020-07-31 09:30:31.900,3225.6000,2020,-1,11590020.000,1,0,1,双平,S,3217.2000,3216.6000,3215.8000,3215.0000,3214.6000,3225.8000,3233.6000,3239.6000,3245.0000,3247.6000,1,3,1,1,1,1,1,2,1,3
SF,IH2103,2020-07-31 09:30:32.400,3225.6000,2020,0,11590020.000,0,-,-,-,-,3217.4000,3217.2000,3216.6000,3215.8000,3215.0000,3225.8000,3233.6000,3239.6000,3245.0000,3247.6000,5,1,1,1,1,1,1,2,1,3
SF,IH2103,2020-07-31 09:30:32.900,3225.6000,2020,0,11590020.000,0,-,-,-,-,3217.4000,3217.2000,3216.6000,3215.8000,3215.0000,3225.8000,3233.6000,3239.6000,3245.0000,3247.6000,5,1,1,1,1,1,1,2,1,3
SF,IH2103,2020-07-31 09:30:33.400,3225.6000,2020,0,11590020.000,0,-,-,-,-,3217.4000,3217.2000,3216.6000,3215.8000,3215.0000,3225.8000,3233.6000,3239.6000,3245.0000,3247.6000,5,1,1,1,1,1,1,2,1,3
SF,IH2103,2020-07-31 09:30:33.900,3225.6000,2020,0,11590020.000,0,-,-,-,-,3218.4000,3217.8000,3217.4000,3216.6000,3215.8000,3225.8000,3233.6000,3239.6000,3245.0000,3247.6000,1,1,5,1,1,1,1,2,1,3
SF,IH2103,2020-07-31 09:30:34.400,3225.6000,2020,0,11590020.000,0,-,-,-,-,3218.6000,3218.4000,3217.4000,3216.6000,3215.8000,3225.8000,3233.6000,3239.6000,3245.0000,3247.6000,4,1,3,1,1,1,1,2,1,3
SF,IH2103,2020-07-31 09:30:34.900,3225.6000,2020,0,11590020.000,0,-,-,-,-,3218.6000,3218.4000,3217.4000,3216.6000,3215.8000,3225.8000,3233.6000,3239.6000,3245.0000,3247.6000,4,1,3,1,1,1,1,2,1,3
SF,IH2103,2020-07-31 09:30:35.400,3225.6000,2020,0,11590020.000,0,-,-,-,-,3218.6000,3218.4000,3217.4000,3216.6000,3215.8000,3225.8000,3233.6000,3239.6000,3245.0000,3247.6000,2,1,3,1,1,1,1,2,1,3
SF,IH2103,2020-07-31 09:30:35.900,3225.6000,2020,0,11590020.000,0,-,-,-,-,3218.8000,3218.6000,3217.4000,3216.6000,3215.8000,3225.8000,3229.8000,3233.6000,3239.6000,3245.0000,1,2,3,1,1,1,1,1,2,1
SF,IH2103,2020-07-31 09:30:36.400,3225.6000,2020,0,11590020.000,0,-,-,-,-,3219.4000,3219.0000,3218.8000,3217.4000,3216.6000,3225.8000,3229.8000,3233.6000,3239.6000,3245.0000,1,2,1,3,1,1,1,1,2,1
SF,IH2103,2020-07-31 09:30:36.900,3225.6000,2020,0,11590020.000,0,-,-,-,-,3219.6000,3219.4000,3218.8000,3217.4000,3216.6000,3225.8000,3229.8000,3233.6000,3239.6000,3245.0000,4,1,1,3,1,1,1,1,2,1
SF,IH2103,2020-07-31 09:30:37.400,3225.6000,2020,0,11590020.000,0,-,-,-,-,3219.6000,3218.8000,3217.4000,3216.6000,3215.8000,3225.8000,3229.8000,3233.6000,3239.6000,3245.0000,4,1,3,1,1,1,1,1,2,1
SF,IH2103,2020-07-31 09:30:37.900,3225.6000,2020,0,11590020.000,0,-,-,-,-,3219.6000,3218.8000,3217.4000,3216.6000,3215.8000,3225.8000,3229.8000,3233.6000,3239.6000,3245.0000,4,1,3,1,1,1,1,1,2,1
SF,IH2103,2020-07-31 09:30:38.400,3225.6000,2020,0,11590020.000,0,-,-,-,-,3219.6000,3218.8000,3217.4000,3216.6000,3215.8000,3225.8000,3229.8000,3233.6000,3239.6000,3245.0000,4,1,3,1,1,1,1,1,2,1
SF,IH2103,2020-07-31 09:30:38.900,3225.6000,2020,0,11590020.000,0,-,-,-,-,3219.6000,3218.8000,3217.4000,3216.6000,3215.8000,3225.6000,3225.8000,3229.8000,3233.6000,3239.6000,4,1,3,1,1,1,1,1,1,2
SF,IH2103,2020-07-31 09:30:39.400,3225.6000,2020,0,11590020.000,0,-,-,-,-,3219.6000,3219.0000,3218.8000,3217.4000,3216.6000,3225.6000,3225.8000,3229.8000,3233.6000,3239.6000,4,1,1,3,1,1,1,1,1,2
SF,IH2103,2020-07-31 09:30:39.900,3225.6000,2020,0,11590020.000,0,-,-,-,-,3219.6000,3219.0000,3218.8000,3217.4000,3216.6000,3225.6000,3225.8000,3229.8000,3233.6000,3239.6000,4,1,1,3,1,1,1,1,1,2
SF,IH2103,2020-07-31 09:30:40.400,3225.6000,2020,0,11590020.000,0,-,-,-,-,3219.6000,3219.0000,3218.8000,3217.4000,3216.6000,3225.6000,3225.8000,3229.8000,3233.6000,3239.6000,4,1,1,3,1,1,1,1,1,2
SF,IH2103,2020-07-31 09:30:40.900,3225.6000,2020,0,11590020.000,0,-,-,-,-,3219.6000,3219.0000,3218.8000,3217.4000,3216.6000,3225.6000,3225.8000,3229.8000,3233.6000,3239.6000,4,1,1,3,1,1,1,1,1,2
SF,IH2103,2020-07-31 09:30:41.400,3225.6000,2020,0,11590020.000,0,-,-,-,-,3219.6000,3219.0000,3218.8000,3217.4000,3216.6000,3225.6000,3225.8000,3229.8000,3233.6000,3239.6000,4,1,1,3,1,1,1,1,1,2
SF,IH2103,2020-07-31 09:30:41.900,3225.6000,2020,0,12557700.000,1,0,1,多换,S,3219.6000,3219.0000,3218.8000,3217.4000,3216.6000,3225.8000,3229.8000,3233.6000,3239.6000,3245.0000,4,1,1,3,1,1,1,1,2,1
SF,IH2103,2020-07-31 09:30:42.400,3225.6000,2020,0,12557700.000,0,-,-,-,-,3219.6000,3219.0000,3218.8000,3217.4000,3216.6000,3225.8000,3229.8000,3233.6000,3239.6000,3245.0000,4,1,1,3,1,1,1,1,2,1
SF,IH2103,2020-07-31 09:30:42.900,3225.6000,2020,0,12557700.000,0,-,-,-,-,3219.6000,3219.0000,3218.8000,3217.4000,3216.6000,3225.8000,3229.8000,3233.6000,3239.6000,3245.0000,4,1,1,3,1,1,1,1,2,1
SF,IH2103,2020-07-31 09:30:43.400,3225.6000,2020,0,12557700.000,0,-,-,-,-,3219.6000,3219.0000,3218.8000,3217.4000,3216.6000,3225.8000,3229.8000,3233.6000,3239.6000,3245.0000,4,1,1,2,1,1,1,1,2,1
SF,IH2103,2020-07-31 09:30:45.400,3225.6000,2020,0,12557700.000,0,-,-,-,-,3219.6000,3219.0000,3218.8000,3217.4000,3216.6000,3225.8000,3229.8000,3233.6000,3239.6000,3245.0000,4,1,1,2,1,1,1,1,2,1
SF,IH2103,2020-07-31 09:30:45.900,3225.6000,2020,0,12557700.000,0,-,-,-,-,3219.6000,3219.0000,3218.8000,3217.4000,3216.6000,3225.8000,3229.8000,3233.6000,3239.6000,3245.0000,4,1,1,2,1,1,1,1,2,1
SF,IH2103,2020-07-31 09:30:46.400,3225.6000,2020,0,12557700.000,0,-,-,-,-,3219.6000,3219.0000,3218.8000,3217.4000,3216.6000,3225.8000,3229.8000,3233.6000,3239.6000,3245.0000,4,1,1,2,1,1,1,1,2,1
SF,IH2103,2020-07-31 09:30:46.900,3225.6000,2020,0,12557700.000,0,-,-,-,-,3219.6000,3219.0000,3218.8000,3217.4000,3216.6000,3225.6000,3225.8000,3229.8000,3233.6000,3239.6000,4,1,1,2,1,1,1,1,1,2
SF,IH2103,2020-07-31 09:30:48.400,3225.6000,2020,0,12557700.000,0,-,-,-,-,3219.6000,3219.0000,3218.8000,3217.4000,3216.6000,3225.8000,3226.0000,3229.8000,3233.6000,3239.6000,4,1,1,2,1,1,1,1,1,2
SF,IH2103,2020-07-31 09:30:48.900,3225.6000,2020,0,12557700.000,0,-,-,-,-,3219.6000,3219.0000,3218.8000,3217.4000,3216.6000,3225.8000,3226.0000,3229.8000,3233.6000,3239.6000,4,1,1,2,1,1,1,1,1,2
SF,IH2103,2020-07-31 09:30:49.400,3225.6000,2020,0,12557700.000,0,-,-,-,-,3219.6000,3219.0000,3218.8000,3217.4000,3216.6000,3225.8000,3226.0000,3229.8000,3233.6000,3239.6000,4,1,1,2,1,1,1,1,1,2
SF,IH2103,2020-07-31 09:30:50.400,3225.6000,2020,0,12557700.000,0,-,-,-,-,3219.6000,3219.0000,3218.8000,3217.4000,3216.6000,3225.6000,3225.8000,3226.0000,3229.8000,3233.6000,4,1,1,2,1,1,1,1,1,1
SF,IH2103,2020-07-31 09:30:50.900,3225.6000,2020,0,12557700.000,0,-,-,-,-,3219.6000,3219.0000,3218.8000,3217.4000,3216.6000,3225.8000,3226.0000,3229.8000,3233.6000,3239.6000,4,1,1,2,1,1,1,1,1,2
SF,IH2103,2020-07-31 09:30:51.900,3225.6000,2020,0,12557700.000,0,-,-,-,-,3219.6000,3219.0000,3218.8000,3217.4000,3216.6000,3225.6000,3225.8000,3226.0000,3229.8000,3233.6000,4,1,1,2,1,2,1,1,1,1
SF,IH2103,2020-07-31 09:30:52.400,3225.6000,2020,0,12557700.000,0,-,-,-,-,3219.6000,3219.0000,3218.8000,3217.4000,3216.6000,3225.6000,3225.8000,3226.0000,3229.8000,3233.6000,4,1,1,2,1,2,1,1,1,1
SF,IH2103,2020-07-31 09:30:52.900,3225.6000,2020,0,12557700.000,0,-,-,-,-,3219.6000,3219.0000,3218.8000,3217.4000,3216.6000,3225.6000,3225.8000,3226.0000,3229.8000,3233.6000,4,1,1,2,1,2,1,1,1,1
SF,IH2103,2020-07-31 09:30:54.900,3225.6000,2020,0,12557700.000,0,-,-,-,-,3219.6000,3219.0000,3218.8000,3217.4000,3216.6000,3225.4000,3225.6000,3225.8000,3226.0000,3229.8000,2,1,1,2,1,1,2,1,1,1
SF,IH2103,2020-07-31 09:30:55.400,3225.6000,2020,0,12557700.000,0,-,-,-,-,3219.8000,3219.6000,3219.0000,3218.8000,3217.4000,3225.0000,3225.2000,3225.4000,3225.6000,3225.8000,1,2,1,1,2,1,2,1,2,2
SF,IH2103,2020-07-31 09:30:55.900,3225.6000,2020,0,12557700.000,0,-,-,-,-,3220.0000,3219.0000,3217.4000,3216.6000,3215.8000,3224.8000,3225.0000,3225.2000,3225.4000,3225.6000,1,1,2,1,1,1,1,2,1,2
SF,IH2103,2020-07-31 09:30:56.400,3225.6000,2020,0,12557700.000,0,-,-,-,-,3220.0000,3219.0000,3217.4000,3216.6000,3215.8000,3224.4000,3224.8000,3225.2000,3225.4000,3225.6000,1,1,2,1,1,1,1,2,1,2
SF,IH2103,2020-07-31 09:30:56.900,3225.6000,2020,0,12557700.000,0,-,-,-,-,3220.0000,3219.0000,3217.4000,3216.6000,3215.8000,3224.2000,3224.4000,3224.6000,3224.8000,3225.2000,1,1,2,1,1,2,1,1,1,2
SF,IH2103,2020-07-31 09:30:57.400,3225.6000,2020,0,12557700.000,0,-,-,-,-,3220.0000,3219.0000,3217.4000,3216.6000,3215.8000,3223.8000,3224.2000,3224.8000,3225.2000,3225.6000,1,1,2,1,1,1,2,1,2,2
SF,IH2103,2020-07-31 09:30:57.900,3225.6000,2020,0,12557700.000,0,-,-,-,-,3220.0000,3219.0000,3217.4000,3216.6000,3215.8000,3223.6000,3223.8000,3224.2000,3224.8000,3225.2000,1,1,2,1,1,2,1,2,1,2
SF,IH2103,2020-07-31 09:30:58.400,3225.6000,2020,0,12557700.000,0,-,-,-,-,3219.0000,3217.4000,3216.6000,3215.8000,3215.0000,3223.4000,3223.6000,3224.2000,3224.8000,3225.2000,1,2,1,1,1,1,2,2,1,2
SF,IH2103,2020-07-31 09:30:58.900,3225.6000,2020,0,12557700.000,0,-,-,-,-,3219.2000,3219.0000,3217.4000,3216.6000,3215.8000,3223.2000,3223.4000,3223.6000,3224.2000,3224.8000,2,1,2,1,1,1,1,2,2,1
SF,IH2103,2020-07-31 09:30:59.400,3225.6000,2020,0,12557700.000,0,-,-,-,-,3219.2000,3219.0000,3217.4000,3216.6000,3215.8000,3223.2000,3223.4000,3223.6000,3224.2000,3224.8000,1,1,2,1,1,1,1,2,2,1
SF,IH2103,2020-07-31 09:30:59.900,3225.6000,2020,0,12557700.000,0,-,-,-,-,3219.4000,3219.2000,3219.0000,3217.4000,3216.6000,3223.0000,3223.6000,3224.2000,3224.8000,3225.2000,3,1,1,2,1,1,1,2,1,2
SF,IH2103,2020-07-31 09:31:00.400,3225.6000,2020,0,12557700.000,0,-,-,-,-,3219.4000,3219.2000,3219.0000,3217.4000,3216.6000,3224.2000,3224.8000,3225.2000,3225.6000,3225.8000,3,1,1,2,1,2,1,2,2,2
SF,IH2103,2020-07-31 09:31:00.900,3225.6000,2020,0,12557700.000,0,-,-,-,-,3219.6000,3219.4000,3219.0000,3217.4000,3216.6000,3222.8000,3224.8000,3225.2000,3225.6000,3225.8000,1,3,1,2,1,1,1,2,2,2
SF,IH2103,2020-07-31 09:31:01.400,3225.6000,2020,0,12557700.000,0,-,-,-,-,3219.8000,3219.4000,3217.4000,3216.6000,3215.8000,3225.6000,3225.8000,3226.0000,3229.8000,3233.6000,2,2,2,1,1,2,2,1,1,1
SF,IH2103,2020-07-31 09:31:01.900,3225.6000,2020,0,12557700.000,0,-,-,-,-,3220.0000,3219.8000,3219.4000,3217.4000,3216.6000,3225.2000,3225.4000,3225.6000,3225.8000,3226.0000,1,2,2,2,1,1,4,2,2,1
SF,IH2103,2020-07-31 09:31:02.400,3225.6000,2020,0,12557700.000,0,-,-,-,-,3220.2000,3220.0000,3219.8000,3219.4000,3217.4000,3225.0000,3225.2000,3225.4000,3225.6000,3225.8000,2,1,1,2,2,3,1,3,2,2
SF,IH2103,2020-07-31 09:31:02.900,3225.6000,2020,0,12557700.000,0,-,-,-,-,3220.4000,3220.2000,3219.8000,3219.4000,3217.4000,3225.0000,3225.2000,3225.4000,3225.6000,3225.8000,1,2,1,2,2,3,1,3,2,2
SF,IH2103,2020-07-31 09:31:03.400,3225.6000,2020,0,12557700.000,0,-,-,-,-,3220.4000,3219.4000,3217.4000,3216.6000,3215.8000,3225.0000,3225.2000,3225.4000,3225.6000,3225.8000,1,2,2,1,1,3,1,3,2,2
SF,IH2103,2020-07-31 09:31:03.900,3225.6000,2020,0,12557700.000,0,-,-,-,-,3220.4000,3219.4000,3217.4000,3216.6000,3215.8000,3224.8000,3225.0000,3225.4000,3225.6000,3225.8000,1,2,2,1,1,1,3,3,2,2
SF,IH2103,2020-07-31 09:31:04.400,3225.6000,2020,0,12557700.000,0,-,-,-,-,3220.4000,3220.0000,3219.4000,3217.4000,3216.6000,3224.6000,3224.8000,3225.0000,3225.4000,3225.6000,1,1,2,2,1,2,1,2,3,2
SF,IH2103,2020-07-31 09:31:04.900,3225.6000,2020,0,12557700.000,0,-,-,-,-,3220.4000,3220.0000,3219.4000,3217.4000,3216.6000,3224.4000,3224.6000,3225.0000,3225.4000,3225.6000,1,1,2,2,1,1,2,2,3,2
SF,IH2103,2020-07-31 09:31:05.400,3225.6000,2020,0,12557700.000,0,-,-,-,-,3220.6000,3220.4000,3220.0000,3219.4000,3217.4000,3224.2000,3224.4000,3224.6000,3225.0000,3225.4000,1,1,1,2,2,2,1,1,2,3
SF,IH2103,2020-07-31 09:31:05.900,3225.6000,2020,0,12557700.000,0,-,-,-,-,3220.6000,3220.4000,3220.0000,3219.4000,3217.4000,3224.2000,3224.6000,3225.0000,3225.4000,3225.6000,1,1,1,2,2,5,1,2,3,2
SF,IH2103,2020-07-31 09:31:06.400,3225.6000,2020,0,12557700.000,0,-,-,-,-,3220.6000,3220.4000,3220.0000,3219.4000,3217.4000,3224.2000,3225.0000,3225.4000,3225.6000,3225.8000,1,1,1,2,2,2,2,3,2,2
SF,IH2103,2020-07-31 09:31:07.400,3225.6000,2020,0,12557700.000,0,-,-,-,-,3220.8000,3220.6000,3220.4000,3220.0000,3219.4000,3224.2000,3225.6000,3225.8000,3226.0000,3229.8000,1,1,1,1,2,2,2,2,1,1
SF,IH2103,2020-07-31 09:31:07.900,3225.6000,2020,0,12557700.000,0,-,-,-,-,3221.0000,3220.8000,3220.4000,3220.0000,3219.4000,3224.2000,3225.6000,3225.8000,3226.0000,3229.8000,1,1,1,1,2,1,2,2,1,1
SF,IH2103,2020-07-31 09:31:08.400,3225.6000,2020,0,12557700.000,0,-,-,-,-,3221.2000,3221.0000,3220.8000,3220.4000,3220.0000,3225.6000,3225.8000,3226.0000,3229.8000,3233.6000,1,1,1,1,1,2,2,1,1,1
SF,IH2103,2020-07-31 09:31:08.900,3225.6000,2020,0,12557700.000,0,-,-,-,-,3221.4000,3221.2000,3220.8000,3220.0000,3219.4000,3225.4000,3225.6000,3225.8000,3226.0000,3229.8000,2,1,1,1,2,2,2,2,1,1
SF,IH2103,2020-07-31 09:31:09.400,3225.6000,2020,0,12557700.000,0,-,-,-,-,3221.6000,3221.4000,3221.2000,3220.8000,3220.0000,3225.4000,3225.8000,3226.0000,3229.8000,3233.6000,1,2,1,1,1,1,2,1,1,1
SF,IH2103,2020-07-31 09:31:09.900,3225.6000,2020,0,12557700.000,0,-,-,-,-,3221.8000,3221.6000,3221.4000,3221.2000,3220.8000,3225.4000,3225.8000,3226.0000,3229.8000,3233.6000,1,1,1,1,1,1,2,1,1,1
SF,IH2103,2020-07-31 09:31:10.400,3225.6000,2020,0,12557700.000,0,-,-,-,-,3222.0000,3221.8000,3221.6000,3221.4000,3221.2000,3225.8000,3226.0000,3229.8000,3233.6000,3245.0000,2,1,1,1,1,2,1,1,1,1
SF,IH2103,2020-07-31 09:31:10.900,3225.6000,2020,0,12557700.000,0,-,-,-,-,3222.2000,3222.0000,3221.6000,3221.4000,3221.2000,3225.8000,3226.0000,3229.8000,3233.6000,3245.0000,1,2,1,1,1,2,1,1,1,1
SF,IH2103,2020-07-31 09:31:11.400,3225.8000,2019,-1,13525440.000,1,0,1,双平,S,3222.4000,3222.2000,3222.0000,3221.6000,3221.4000,3225.8000,3226.0000,3229.8000,3233.6000,3245.0000,2,1,2,1,1,1,1,1,1,1
SF,IH2103,2020-07-31 09:31:11.900,3225.8000,2019,0,13525440.000,0,-,-,-,-,3222.6000,3222.4000,3222.0000,3221.6000,3221.4000,3225.8000,3226.0000,3229.8000,3233.6000,3245.0000,1,2,2,1,1,1,1,1,1,1
SF,IH2103,2020-07-31 09:31:12.400,3225.8000,2019,0,13525440.000,0,-,-,-,-,3222.8000,3222.6000,3222.4000,3222.0000,3221.6000,3225.8000,3226.0000,3229.8000,3233.6000,3245.0000,2,1,2,2,1,1,1,1,1,1
SF,IH2103,2020-07-31 09:31:12.900,3225.8000,2019,0,13525440.000,0,-,-,-,-,3223.0000,3222.8000,3222.4000,3222.0000,3221.6000,3225.8000,3226.0000,3229.8000,3233.6000,3245.0000,1,2,2,2,1,1,1,1,1,1
SF,IH2103,2020-07-31 09:31:13.400,3225.8000,2019,0,13525440.000,0,-,-,-,-,3223.2000,3223.0000,3222.8000,3222.4000,3222.0000,3225.8000,3226.0000,3229.8000,3233.6000,3245.0000,2,1,2,2,2,1,1,1,1,1
SF,IH2103,2020-07-31 09:31:13.900,3225.8000,2019,0,13525440.000,0,-,-,-,-,3223.4000,3223.2000,3222.8000,3222.4000,3222.0000,3225.8000,3226.0000,3229.8000,3233.6000,3245.0000,1,2,2,2,2,1,1,1,1,1
SF,IH2103,2020-07-31 09:31:14.400,3225.8000,2019,0,13525440.000,0,-,-,-,-,3223.6000,3223.4000,3223.2000,3222.8000,3222.4000,3225.8000,3226.0000,3229.8000,3233.6000,3245.0000,2,1,2,2,2,1,1,1,1,1
SF,IH2103,2020-07-31 09:31:14.900,3226.0000,2017,-2,15460980.000,2,0,2,双平,S,3223.6000,3223.2000,3222.8000,3222.4000,3222.0000,3229.8000,3233.6000,3245.0000,3262.6000,3290.6000,2,2,2,2,2,1,1,1,8,1
SF,IH2103,2020-07-31 09:31:15.400,3226.0000,2017,0,15460980.000,0,-,-,-,-,3225.8000,3223.8000,3223.6000,3223.2000,3222.8000,3229.6000,3229.8000,3233.6000,3245.0000,3262.6000,1,4,2,2,2,1,1,1,1,8
SF,IH2103,2020-07-31 09:31:15.900,3226.0000,2017,0,15460980.000,0,-,-,-,-,3223.8000,3223.6000,3223.2000,3222.8000,3222.4000,3229.6000,3229.8000,3233.6000,3245.0000,3262.6000,4,2,2,2,2,1,1,1,1,8
SF,IH2103,2020-07-31 09:31:16.400,3226.0000,2017,0,15460980.000,0,-,-,-,-,3224.0000,3223.8000,3223.6000,3223.2000,3222.8000,3229.4000,3229.6000,3229.8000,3233.6000,3245.0000,2,4,2,2,2,1,1,1,1,1
SF,IH2103,2020-07-31 09:31:16.900,3226.0000,2017,0,15460980.000,0,-,-,-,-,3224.2000,3224.0000,3223.8000,3223.6000,3223.2000,3229.2000,3229.8000,3233.6000,3245.0000,3262.6000,3,2,2,2,2,1,1,1,1,8
SF,IH2103,2020-07-31 09:31:17.400,3226.0000,2017,0,15460980.000,0,-,-,-,-,3224.4000,3224.2000,3224.0000,3223.8000,3223.6000,3229.8000,3233.6000,3245.0000,3262.6000,3290.6000,2,3,2,2,2,1,1,1,8,1
SF,IH2103,2020-07-31 09:31:17.900,3226.0000,2017,0,15460980.000,0,-,-,-,-,3224.6000,3224.4000,3224.2000,3224.0000,3223.8000,3229.4000,3229.8000,3233.6000,3245.0000,3262.6000,2,2,1,2,2,1,1,1,1,8
SF,IH2103,2020-07-31 09:31:18.400,3226.0000,2017,0,15460980.000,0,-,-,-,-,3224.8000,3224.6000,3224.4000,3224.2000,3224.0000,3229.8000,3233.6000,3245.0000,3254.6000,3262.6000,1,2,2,1,2,1,1,1,1,8
SF,IH2103,2020-07-31 09:31:18.900,3226.0000,2017,0,15460980.000,0,-,-,-,-,3225.0000,3224.8000,3224.4000,3224.2000,3224.0000,3229.8000,3233.6000,3245.0000,3254.6000,3262.6000,2,1,2,1,2,1,1,1,1,8
SF,IH2103,2020-07-31 09:31:19.400,3226.0000,2017,0,15460980.000,0,-,-,-,-,3225.2000,3225.0000,3224.8000,3224.4000,3224.2000,3229.8000,3233.6000,3245.0000,3254.6000,3262.6000,2,2,1,2,1,1,1,1,1,8
SF,IH2103,2020-07-31 09:31:19.900,3226.0000,2017,0,15460980.000,0,-,-,-,-,3225.4000,3225.2000,3224.8000,3224.4000,3224.2000,3229.8000,3233.6000,3245.0000,3254.6000,3262.6000,2,2,1,2,1,1,1,1,1,8
SF,IH2103,2020-07-31 09:31:20.400,3226.0000,2017,0,15460980.000,0,-,-,-,-,3225.6000,3225.4000,3225.2000,3224.8000,3224.4000,3229.8000,3233.6000,3245.0000,3254.6000,3262.6000,2,2,2,1,2,1,1,1,1,8
SF,IH2103,2020-07-31 09:31:20.900,3226.0000,2017,0,15460980.000,0,-,-,-,-,3225.8000,3225.6000,3225.2000,3224.8000,3224.4000,3229.8000,3233.6000,3245.0000,3254.6000,3262.6000,2,2,2,1,2,1,1,1,1,8
SF,IH2103,2020-07-31 09:31:21.400,3226.0000,2017,0,15460980.000,0,-,-,-,-,3226.0000,3225.8000,3225.6000,3225.2000,3224.8000,3229.8000,3233.6000,3245.0000,3254.6000,3262.6000,2,2,2,2,1,1,1,1,1,8
SF,IH2103,2020-07-31 09:31:21.900,3226.0000,2017,0,15460980.000,0,-,-,-,-,3226.2000,3226.0000,3225.8000,3225.6000,3225.2000,3229.8000,3233.6000,3245.0000,3254.6000,3262.6000,1,2,1,2,2,1,1,1,1,8
SF,IH2103,2020-07-31 09:31:22.400,3226.0000,2017,0,15460980.000,0,-,-,-,-,3226.4000,3226.2000,3226.0000,3225.8000,3225.6000,3229.8000,3233.6000,3245.0000,3254.6000,3262.6000,1,1,2,1,2,1,1,1,1,8
SF,IH2103,2020-07-31 09:31:22.900,3229.8000,2016,-1,16429920.000,1,0,1,双平,S,3226.6000,3226.4000,3226.0000,3225.8000,3225.6000,3233.6000,3245.0000,3254.6000,3262.6000,3290.6000,1,1,2,1,2,1,1,1,8,1
SF,IH2103,2020-07-31 09:31:23.400,3229.8000,2016,0,16429920.000,0,-,-,-,-,3226.8000,3226.6000,3226.4000,3226.0000,3225.6000,3233.2000,3233.4000,3233.6000,3245.0000,3254.6000,3,1,1,2,2,1,4,1,1,1
SF,IH2103,2020-07-31 09:31:23.900,3229.8000,2016,0,16429920.000,0,-,-,-,-,3227.0000,3226.8000,3226.4000,3226.0000,3225.6000,3233.0000,3233.4000,3233.6000,3245.0000,3254.6000,1,3,1,2,2,4,3,1,1,1
SF,IH2103,2020-07-31 09:31:24.400,3229.8000,2016,0,16429920.000,0,-,-,-,-,3227.2000,3227.0000,3226.8000,3226.4000,3226.0000,3233.0000,3233.4000,3233.6000,3245.0000,3254.6000,2,1,2,1,2,4,3,1,1,1
SF,IH2103,2020-07-31 09:31:24.900,3229.8000,2016,0,16429920.000,0,-,-,-,-,3227.4000,3227.2000,3226.8000,3226.4000,3226.0000,3233.0000,3233.4000,3233.6000,3245.0000,3254.6000,1,2,2,1,2,4,3,1,1,1
SF,IH2103,2020-07-31 09:31:25.400,3229.8000,2016,0,16429920.000,0,-,-,-,-,3227.6000,3227.4000,3227.2000,3226.8000,3226.4000,3233.0000,3233.4000,3233.6000,3245.0000,3254.6000,1,1,1,2,1,4,3,1,1,1
SF,IH2103,2020-07-31 09:31:25.900,3229.8000,2016,0,16429920.000,0,-,-,-,-,3227.8000,3227.6000,3227.2000,3226.8000,3226.4000,3233.0000,3233.4000,3233.6000,3245.0000,3254.6000,1,1,1,2,1,4,3,1,1,1
SF,IH2103,2020-07-31 09:31:26.400,3229.8000,2016,0,16429920.000,0,-,-,-,-,3228.0000,3227.8000,3226.8000,3226.4000,3226.0000,3232.8000,3233.0000,3233.4000,3233.6000,3245.0000,1,1,2,1,2,1,4,3,1,1
SF,IH2103,2020-07-31 09:31:26.900,3229.8000,2016,0,16429920.000,0,-,-,-,-,3228.0000,3226.4000,3226.0000,3225.6000,3225.2000,3232.6000,3233.0000,3233.4000,3233.6000,3245.0000,1,1,2,2,2,4,3,3,1,1
SF,IH2103,2020-07-31 09:31:31.400,3229.8000,2016,0,16429920.000,0,-,-,-,-,3228.0000,3226.4000,3226.0000,3225.6000,3225.2000,3232.4000,3232.6000,3233.0000,3233.4000,3233.6000,1,1,2,2,2,1,4,3,3,1
SF,IH2103,2020-07-31 09:31:31.900,3229.8000,2016,0,16429920.000,0,-,-,-,-,3228.0000,3226.4000,3226.0000,3225.6000,3225.2000,3232.2000,3232.4000,3232.6000,3233.0000,3233.4000,1,1,2,2,2,3,2,3,3,3
SF,IH2103,2020-07-31 09:31:32.400,3229.8000,2016,0,16429920.000,0,-,-,-,-,3228.0000,3226.0000,3225.6000,3225.2000,3224.8000,3231.8000,3232.2000,3232.4000,3232.6000,3233.0000,1,2,2,2,1,1,3,1,3,3
SF,IH2103,2020-07-31 09:31:32.900,3229.8000,2016,0,16429920.000,0,-,-,-,-,3228.0000,3226.0000,3225.6000,3225.2000,3224.8000,3231.6000,3232.2000,3232.4000,3232.6000,3233.0000,1,2,2,2,1,2,2,1,3,3
SF,IH2103,2020-07-31 09:31:33.400,3229.8000,2016,0,16429920.000,0,-,-,-,-,3226.0000,3225.6000,3225.2000,3224.8000,3224.4000,3231.6000,3232.2000,3232.4000,3232.6000,3233.0000,2,2,2,1,2,2,2,1,3,3
SF,IH2103,2020-07-31 09:31:33.900,3229.8000,2016,0,16429920.000,0,-,-,-,-,3226.2000,3226.0000,3225.6000,3225.2000,3224.8000,3231.6000,3232.2000,3232.4000,3232.6000,3233.0000,3,2,2,2,1,2,2,1,3,3
SF,IH2103,2020-07-31 09:31:34.900,3229.8000,2016,0,16429920.000,0,-,-,-,-,3226.2000,3225.6000,3225.2000,3224.8000,3224.4000,3231.6000,3232.2000,3232.4000,3232.6000,3233.0000,2,2,2,1,2,2,2,1,3,3
SF,IH2103,2020-07-31 09:31:35.400,3229.8000,2016,0,16429920.000,0,-,-,-,-,3226.2000,3225.6000,3225.2000,3224.8000,3224.4000,3231.6000,3232.2000,3232.4000,3232.6000,3233.0000,2,2,2,1,2,2,2,1,3,3
SF,IH2103,2020-07-31 09:31:35.900,3229.8000,2016,0,16429920.000,0,-,-,-,-,3226.2000,3225.2000,3224.8000,3224.4000,3220.0000,3231.6000,3232.2000,3232.4000,3232.6000,3233.0000,2,2,1,2,1,2,2,1,3,3
SF,IH2103,2020-07-31 09:31:36.400,3229.8000,2016,0,16429920.000,0,-,-,-,-,3226.2000,3225.2000,3224.8000,3224.4000,3220.0000,3231.0000,3231.2000,3231.6000,3232.2000,3232.4000,2,2,1,2,1,1,1,2,2,1
SF,IH2103,2020-07-31 09:31:36.900,3229.8000,2016,0,16429920.000,0,-,-,-,-,3226.2000,3225.2000,3224.8000,3224.4000,3220.0000,3230.8000,3231.0000,3231.6000,3232.2000,3232.4000,2,2,1,2,1,2,1,1,2,1
SF,IH2103,2020-07-31 09:31:37.400,3229.8000,2016,0,16429920.000,0,-,-,-,-,3226.2000,3225.2000,3224.8000,3224.4000,3220.0000,3230.8000,3231.0000,3231.6000,3232.2000,3232.4000,2,2,1,2,1,2,1,1,2,1
SF,IH2103,2020-07-31 09:31:40.900,3229.8000,2016,0,16429920.000,0,-,-,-,-,3226.4000,3226.2000,3225.2000,3224.8000,3224.4000,3230.8000,3231.0000,3231.6000,3232.2000,3232.4000,2,2,2,1,2,2,1,1,2,1
SF,IH2103,2020-07-31 09:31:41.400,3229.8000,2016,0,16429920.000,0,-,-,-,-,3226.6000,3225.2000,3224.8000,3224.4000,3220.0000,3230.8000,3231.0000,3231.6000,3232.2000,3232.4000,2,2,1,2,1,2,1,1,2,1
SF,IH2103,2020-07-31 09:31:41.900,3229.8000,2016,0,16429920.000,0,-,-,-,-,3226.6000,3225.2000,3224.8000,3224.4000,3220.0000,3230.8000,3231.0000,3231.6000,3232.2000,3232.4000,2,2,1,2,1,2,1,1,2,1
SF,IH2103,2020-07-31 09:31:42.400,3229.8000,2016,0,16429920.000,0,-,-,-,-,3226.6000,3225.2000,3224.8000,3224.4000,3220.0000,3230.8000,3231.0000,3231.6000,3232.2000,3232.4000,2,2,1,2,1,1,1,1,2,1
SF,IH2103,2020-07-31 09:31:42.900,3229.8000,2016,0,16429920.000,0,-,-,-,-,3226.6000,3225.2000,3224.8000,3224.4000,3220.0000,3230.8000,3231.6000,3232.2000,3232.6000,3233.0000,2,2,1,2,1,1,1,2,3,3
SF,IH2103,2020-07-31 09:31:43.400,3229.8000,2016,0,16429920.000,0,-,-,-,-,3226.6000,3225.2000,3224.8000,3224.4000,3220.0000,3230.6000,3230.8000,3231.6000,3232.2000,3232.6000,2,2,1,2,1,2,1,1,2,3
SF,IH2103,2020-07-31 09:31:43.900,3229.8000,2016,0,16429920.000,0,-,-,-,-,3226.6000,3225.2000,3224.8000,3224.4000,3220.0000,3230.6000,3231.6000,3232.2000,3232.6000,3233.0000,2,2,1,2,1,2,1,2,3,3
SF,IH2103,2020-07-31 09:31:44.900,3229.8000,2016,0,16429920.000,0,-,-,-,-,3226.6000,3225.2000,3224.8000,3224.4000,3208.0000,3230.6000,3231.6000,3232.2000,3232.6000,3233.0000,2,2,1,2,1,2,1,2,3,3
SF,IH2103,2020-07-31 09:31:45.400,3229.8000,2016,0,16429920.000,0,-,-,-,-,3226.6000,3225.2000,3224.8000,3224.4000,3208.0000,3230.6000,3231.6000,3232.2000,3232.6000,3233.0000,2,2,1,2,1,2,1,2,3,3
SF,IH2103,2020-07-31 09:31:45.900,3229.8000,2016,0,16429920.000,0,-,-,-,-,3226.6000,3225.2000,3224.8000,3224.4000,3208.0000,3230.4000,3230.6000,3231.6000,3232.2000,3232.6000,2,2,1,2,1,1,2,1,2,3
SF,IH2103,2020-07-31 09:31:46.400,3229.8000,2016,0,16429920.000,0,-,-,-,-,3226.8000,3226.6000,3225.2000,3224.8000,3224.4000,3230.2000,3230.4000,3230.6000,3231.6000,3232.2000,1,2,2,1,2,1,1,1,1,2
SF,IH2103,2020-07-31 09:31:46.900,3229.8000,2016,0,16429920.000,0,-,-,-,-,3227.0000,3225.2000,3224.8000,3224.4000,3208.0000,3230.2000,3230.4000,3230.6000,3231.6000,3232.2000,1,2,1,2,1,1,1,1,1,2
SF,IH2103,2020-07-31 09:31:47.400,3229.8000,2016,0,16429920.000,0,-,-,-,-,3227.0000,3225.2000,3224.8000,3224.4000,3208.0000,3230.2000,3230.4000,3231.6000,3232.2000,3232.6000,1,2,1,2,1,1,1,1,2,3
SF,IH2103,2020-07-31 09:31:48.400,3229.8000,2016,0,16429920.000,0,-,-,-,-,3227.0000,3225.2000,3224.8000,3224.4000,3221.0000,3230.2000,3230.4000,3231.6000,3232.2000,3232.6000,1,2,1,2,1,1,1,1,2,3
SF,IH2103,2020-07-31 09:31:50.900,3229.8000,2016,0,16429920.000,0,-,-,-,-,3227.0000,3225.2000,3224.8000,3224.4000,3221.0000,3230.0000,3230.2000,3230.4000,3231.6000,3232.2000,1,2,1,2,1,1,1,1,1,2
SF,IH2103,2020-07-31 09:31:51.400,3229.8000,2016,0,16429920.000,0,-,-,-,-,3225.2000,3224.8000,3224.4000,3221.0000,3208.0000,3229.8000,3230.4000,3231.6000,3232.2000,3232.6000,2,1,2,1,1,1,2,1,2,3
SF,IH2103,2020-07-31 09:31:51.900,3229.8000,2016,0,16429920.000,0,-,-,-,-,3225.4000,3225.2000,3224.8000,3224.4000,3221.0000,3229.8000,3230.4000,3231.6000,3232.2000,3232.6000,3,2,1,2,1,1,2,1,2,3
SF,IH2103,2020-07-31 09:31:53.400,3229.8000,2016,0,16429920.000,0,-,-,-,-,3225.4000,3225.2000,3224.8000,3224.4000,3221.0000,3229.6000,3229.8000,3230.4000,3231.6000,3232.2000,3,2,1,2,1,1,1,2,1,2
SF,IH2103,2020-07-31 09:31:53.900,3229.8000,2016,0,16429920.000,0,-,-,-,-,3225.4000,3225.2000,3224.8000,3224.4000,3221.0000,3229.4000,3229.6000,3230.4000,3231.6000,3232.2000,2,2,1,2,1,1,1,2,1,2
SF,IH2103,2020-07-31 09:31:54.400,3229.8000,2016,0,16429920.000,0,-,-,-,-,3225.4000,3224.8000,3224.4000,3221.0000,3208.0000,3229.4000,3229.6000,3230.4000,3231.6000,3232.2000,2,1,2,1,1,1,1,2,1,2
SF,IH2103,2020-07-31 09:31:54.900,3229.8000,2016,0,16429920.000,0,-,-,-,-,3225.4000,3224.8000,3224.4000,3221.0000,3208.0000,3229.2000,3229.4000,3229.6000,3230.4000,3231.6000,1,1,2,1,1,1,1,1,2,1
SF,IH2103,2020-07-31 09:31:55.400,3229.8000,2016,0,16429920.000,0,-,-,-,-,3225.4000,3221.0000,3208.0000,3207.6000,3206.0000,3229.0000,3229.2000,3229.6000,3230.4000,3231.6000,1,1,1,1,1,1,1,1,2,1
SF,IH2103,2020-07-31 09:31:55.900,3229.8000,2016,0,16429920.000,0,-,-,-,-,3221.0000,3208.0000,3207.6000,3206.0000,3199.4000,3228.8000,3229.0000,3229.2000,3229.6000,3230.4000,1,1,1,1,1,2,1,1,1,1
SF,IH2103,2020-07-31 09:31:56.400,3229.8000,2016,0,16429920.000,0,-,-,-,-,3221.2000,3221.0000,3208.0000,3207.6000,3206.0000,3228.6000,3228.8000,3229.2000,3229.6000,3230.4000,3,1,1,1,1,1,2,1,1,1
SF,IH2103,2020-07-31 09:31:56.900,3229.8000,2016,0,16429920.000,0,-,-,-,-,3221.2000,3221.0000,3208.0000,3207.6000,3206.0000,3228.4000,3228.6000,3228.8000,3229.2000,3229.6000,3,1,1,1,1,1,1,2,1,1
SF,IH2103,2020-07-31 09:31:57.400,3229.8000,2016,0,16429920.000,0,-,-,-,-,3221.2000,3221.0000,3208.0000,3207.6000,3206.0000,3228.2000,3228.8000,3229.2000,3229.6000,3230.4000,3,1,1,1,1,1,2,1,1,1
SF,IH2103,2020-07-31 09:31:57.900,3229.8000,2016,0,16429920.000,0,-,-,-,-,3221.2000,3221.0000,3208.0000,3207.6000,3206.0000,3228.2000,3228.8000,3229.2000,3229.6000,3230.4000,3,1,1,1,1,5,2,1,1,1
SF,IH2103,2020-07-31 09:31:59.400,3229.8000,2016,0,16429920.000,0,-,-,-,-,3221.2000,3221.0000,3208.0000,3207.6000,3206.0000,3228.2000,3228.8000,3229.2000,3229.6000,3230.4000,3,1,1,1,1,2,2,1,1,1
SF,IH2103,2020-07-31 09:31:59.900,3229.8000,2016,0,16429920.000,0,-,-,-,-,3221.2000,3221.0000,3208.0000,3207.6000,3206.0000,3228.2000,3228.8000,3229.2000,3229.6000,3230.4000,3,1,1,1,1,2,2,1,1,1
SF,IH2103,2020-07-31 09:32:00.400,3229.8000,2016,0,16429920.000,0,-,-,-,-,3221.2000,3221.0000,3208.0000,3207.6000,3206.0000,3228.0000,3228.2000,3228.8000,3229.2000,3229.6000,3,1,1,1,1,2,2,2,1,1
SF,IH2103,2020-07-31 09:32:00.900,3229.8000,2016,0,16429920.000,0,-,-,-,-,3221.2000,3221.0000,3208.0000,3207.6000,3206.0000,3227.8000,3228.2000,3228.8000,3229.2000,3229.6000,3,1,1,1,1,1,1,2,1,1
SF,IH2103,2020-07-31 09:32:02.900,3229.8000,2016,0,16429920.000,0,-,-,-,-,3221.2000,3221.0000,3208.0000,3207.6000,3206.0000,3227.8000,3228.2000,3229.6000,3230.4000,3231.6000,3,1,1,1,1,1,1,1,1,1
SF,IH2103,2020-07-31 09:32:03.400,3229.8000,2016,0,16429920.000,0,-,-,-,-,3221.2000,3221.0000,3208.0000,3207.6000,3206.0000,3227.8000,3228.2000,3229.6000,3231.6000,3232.2000,3,1,1,1,1,1,1,1,1,2
SF,IH2103,2020-07-31 09:32:04.400,3229.8000,2016,0,16429920.000,0,-,-,-,-,3221.2000,3221.0000,3208.0000,3207.6000,3206.0000,3227.8000,3231.6000,3232.2000,3232.6000,3233.0000,3,1,1,1,1,1,1,2,3,3
SF,IH2103,2020-07-31 09:32:10.400,3227.8000,2016,0,17398260.000,1,0,1,多换,S,3221.2000,3221.0000,3208.0000,3207.6000,3206.0000,3231.6000,3232.2000,3232.6000,3233.0000,3233.4000,3,1,1,1,1,1,2,3,3,3
SF,IH2103,2020-07-31 09:32:10.900,3231.2000,2016,0,18367620.000,1,0,1,多换,S,3221.6000,3221.2000,3221.0000,3208.0000,3207.6000,3231.4000,3231.6000,3232.2000,3232.6000,3233.0000,1,3,1,1,1,4,1,2,3,3
SF,IH2103,2020-07-31 09:32:11.400,3231.2000,2016,0,18367620.000,0,-,-,-,-,3221.8000,3221.6000,3221.2000,3221.0000,3208.0000,3231.4000,3231.6000,3232.2000,3232.6000,3233.0000,3,1,1,1,1,4,1,2,3,3
SF,IH2103,2020-07-31 09:32:11.900,3231.2000,2016,0,18367620.000,0,-,-,-,-,3222.2000,3221.8000,3221.2000,3221.0000,3208.0000,3231.4000,3231.6000,3232.2000,3232.6000,3233.0000,1,3,1,1,1,4,1,2,3,3
SF,IH2103,2020-07-31 09:32:12.400,3231.2000,2016,0,18367620.000,0,-,-,-,-,3222.4000,3222.2000,3221.8000,3221.2000,3221.0000,3230.8000,3231.2000,3231.4000,3231.6000,3232.2000,3,1,1,1,1,1,1,4,1,2
SF,IH2103,2020-07-31 09:32:12.900,3231.2000,2016,0,18367620.000,0,-,-,-,-,3222.8000,3222.4000,3221.8000,3221.2000,3221.0000,3230.6000,3230.8000,3231.4000,3231.6000,3232.2000,1,3,1,1,1,4,1,3,1,2
SF,IH2103,2020-07-31 09:32:13.400,3231.2000,2016,0,18367620.000,0,-,-,-,-,3223.0000,3222.8000,3222.4000,3221.8000,3221.2000,3230.6000,3230.8000,3231.4000,3231.6000,3232.2000,4,1,1,1,1,4,1,3,1,2
SF,IH2103,2020-07-31 09:32:13.900,3231.2000,2016,0,18367620.000,0,-,-,-,-,3223.4000,3223.0000,3222.4000,3221.8000,3221.2000,3230.6000,3230.8000,3231.4000,3231.6000,3232.2000,1,4,1,1,1,4,1,3,1,2
SF,IH2103,2020-07-31 09:32:14.400,3231.2000,2016,0,18367620.000,0,-,-,-,-,3223.6000,3223.4000,3223.0000,3222.4000,3221.8000,3230.6000,3231.4000,3231.6000,3232.2000,3232.6000,3,1,2,1,1,4,3,1,2,3
SF,IH2103,2020-07-31 09:32:14.900,3231.2000,2016,0,18367620.000,0,-,-,-,-,3224.0000,3223.6000,3223.0000,3222.4000,3221.8000,3230.0000,3230.6000,3231.4000,3231.6000,3232.2000,1,3,2,1,1,1,4,3,1,2
SF,IH2103,2020-07-31 09:32:15.400,3231.2000,2016,0,18367620.000,0,-,-,-,-,3224.2000,3224.0000,3223.6000,3223.0000,3222.4000,3229.8000,3230.0000,3230.2000,3230.6000,3231.4000,4,1,1,2,1,2,1,1,3,3
SF,IH2103,2020-07-31 09:32:15.900,3231.2000,2016,0,18367620.000,0,-,-,-,-,3224.4000,3224.2000,3223.6000,3223.0000,3222.4000,3229.8000,3230.0000,3230.2000,3230.6000,3231.4000,1,4,1,2,1,2,1,1,3,3
SF,IH2103,2020-07-31 09:32:16.400,3231.2000,2016,0,18367620.000,0,-,-,-,-,3224.6000,3224.4000,3224.2000,3223.6000,3223.0000,3229.4000,3229.6000,3229.8000,3230.0000,3230.6000,3,1,2,1,2,1,1,2,1,2
SF,IH2103,2020-07-31 09:32:16.900,3231.2000,2016,0,18367620.000,0,-,-,-,-,3224.6000,3224.4000,3224.2000,3223.6000,3223.0000,3229.2000,3229.4000,3229.6000,3229.8000,3230.0000,3,1,2,1,2,1,1,1,1,1
SF,IH2103,2020-07-31 09:32:17.400,3231.2000,2016,0,18367620.000,0,-,-,-,-,3224.6000,3224.4000,3224.2000,3223.6000,3223.0000,3229.2000,3229.4000,3229.6000,3229.8000,3230.0000,3,1,2,1,2,1,1,1,1,1
SF,IH2103,2020-07-31 09:32:17.900,3231.2000,2016,0,18367620.000,0,-,-,-,-,3224.6000,3224.2000,3223.6000,3223.0000,3222.4000,3229.0000,3229.2000,3229.4000,3229.6000,3229.8000,3,2,1,2,1,3,1,1,1,1
SF,IH2103,2020-07-31 09:32:18.400,3231.2000,2016,0,18367620.000,0,-,-,-,-,3224.6000,3224.2000,3223.6000,3223.0000,3222.4000,3228.8000,3229.0000,3229.2000,3229.6000,3229.8000,2,2,1,2,1,1,3,1,1,1
SF,IH2103,2020-07-31 09:32:18.900,3231.2000,2016,0,18367620.000,0,-,-,-,-,3224.6000,3224.2000,3223.6000,3223.0000,3222.4000,3228.6000,3228.8000,3229.0000,3229.2000,3229.6000,2,2,1,2,1,1,1,3,1,1
SF,IH2103,2020-07-31 09:32:19.400,3231.2000,2016,0,18367620.000,0,-,-,-,-,3225.0000,3224.6000,3224.2000,3223.6000,3223.0000,3228.8000,3229.0000,3229.6000,3229.8000,3230.0000,1,2,2,1,2,1,3,1,1,1
SF,IH2103,2020-07-31 09:32:19.900,3231.2000,2016,0,18367620.000,0,-,-,-,-,3225.2000,3225.0000,3224.6000,3224.2000,3223.6000,3228.4000,3229.0000,3229.6000,3229.8000,3230.0000,1,1,1,2,1,1,3,1,1,1
SF,IH2103,2020-07-31 09:32:21.900,3231.2000,2016,0,18367620.000,0,-,-,-,-,3225.2000,3225.0000,3224.6000,3224.2000,3223.6000,3228.4000,3229.6000,3230.0000,3230.6000,3231.4000,1,1,1,2,1,1,1,1,2,3
SF,IH2103,2020-07-31 09:32:22.400,3231.2000,2016,0,18367620.000,0,-,-,-,-,3225.2000,3225.0000,3224.6000,3224.2000,3223.6000,3229.6000,3230.6000,3231.4000,3231.6000,3232.2000,1,1,1,2,1,1,2,3,1,2
SF,IH2103,2020-07-31 09:32:22.900,3231.2000,2016,0,18367620.000,0,-,-,-,-,3225.4000,3225.2000,3225.0000,3224.2000,3223.6000,3229.4000,3230.6000,3231.4000,3231.6000,3232.2000,2,1,1,2,1,1,2,3,1,2
SF,IH2103,2020-07-31 09:32:23.400,3231.2000,2016,0,18367620.000,0,-,-,-,-,3225.6000,3225.4000,3225.0000,3224.2000,3223.6000,3229.4000,3230.6000,3231.4000,3231.6000,3232.2000,1,2,1,2,1,1,2,3,1,2
SF,IH2103,2020-07-31 09:32:23.900,3231.2000,2016,0,18367620.000,0,-,-,-,-,3225.6000,3225.4000,3225.0000,3224.2000,3223.6000,3229.0000,3229.4000,3230.6000,3231.4000,3231.6000,1,1,1,2,1,1,1,2,3,1
SF,IH2103,2020-07-31 09:32:24.400,3231.2000,2016,0,18367620.000,0,-,-,-,-,3225.6000,3225.0000,3224.2000,3223.6000,3223.0000,3229.0000,3230.6000,3231.4000,3231.6000,3232.2000,1,1,2,1,2,1,2,3,1,2
SF,IH2103,2020-07-31 09:32:26.900,3231.2000,2016,0,18367620.000,0,-,-,-,-,3225.8000,3225.6000,3225.0000,3224.2000,3223.6000,3229.0000,3230.6000,3231.4000,3231.6000,3232.2000,1,1,1,2,1,1,2,3,1,2
SF,IH2103,2020-07-31 09:32:27.400,3231.2000,2016,0,18367620.000,0,-,-,-,-,3226.0000,3225.8000,3225.0000,3224.2000,3223.6000,3229.0000,3230.6000,3231.4000,3231.6000,3232.2000,1,3,1,2,1,1,2,3,1,2
SF,IH2103,2020-07-31 09:32:27.900,3231.2000,2016,0,18367620.000,0,-,-,-,-,3226.2000,3226.0000,3225.8000,3225.0000,3224.2000,3229.0000,3230.6000,3231.4000,3231.6000,3232.2000,1,1,3,1,2,1,2,2,1,2
SF,IH2103,2020-07-31 09:32:28.400,3231.2000,2016,0,18367620.000,0,-,-,-,-,3226.4000,3225.8000,3225.0000,3224.2000,3223.6000,3230.6000,3231.4000,3231.6000,3232.2000,3232.6000,1,3,1,2,1,2,2,1,2,3
SF,IH2103,2020-07-31 09:32:28.900,3231.2000,2016,0,18367620.000,0,-,-,-,-,3226.6000,3226.4000,3225.8000,3225.0000,3224.2000,3230.4000,3230.6000,3231.4000,3231.6000,3232.2000,1,1,3,1,2,2,2,2,1,2
SF,IH2103,2020-07-31 09:32:29.400,3231.2000,2016,0,18367620.000,0,-,-,-,-,3226.8000,3226.6000,3225.8000,3225.0000,3224.2000,3228.8000,3230.4000,3230.6000,3231.4000,3231.6000,1,1,3,1,2,1,2,2,2,1
SF,IH2103,2020-07-31 09:32:29.900,3231.2000,2016,0,18367620.000,0,-,-,-,-,3226.8000,3225.8000,3225.0000,3224.2000,3223.6000,3228.8000,3230.2000,3230.4000,3230.6000,3231.4000,1,3,1,2,1,1,1,1,2,2
SF,IH2103,2020-07-31 09:32:30.400,3231.2000,2016,0,18367620.000,0,-,-,-,-,3226.8000,3225.8000,3225.0000,3224.2000,3223.6000,3228.8000,3230.2000,3230.4000,3230.6000,3231.4000,1,1,1,2,1,1,1,1,2,2
SF,IH2103,2020-07-31 09:32:30.900,3228.8000,2015,-1,19336260.000,1,0,1,双平,S,3226.8000,3225.8000,3225.0000,3224.2000,3223.6000,3230.2000,3230.4000,3230.6000,3231.4000,3231.6000,1,1,1,2,1,1,1,2,2,1
SF,IH2103,2020-07-31 09:32:32.400,3228.8000,2015,0,19336260.000,0,-,-,-,-,3226.8000,3225.8000,3225.0000,3224.2000,3223.6000,3230.0000,3230.2000,3230.4000,3230.6000,3231.4000,1,1,1,2,1,1,1,1,2,2
SF,IH2103,2020-07-31 09:32:32.900,3228.8000,2015,0,19336260.000,0,-,-,-,-,3226.8000,3225.8000,3225.0000,3224.2000,3223.6000,3230.6000,3231.4000,3231.6000,3232.2000,3232.6000,1,1,1,2,1,2,2,1,2,3
SF,IH2103,2020-07-31 09:32:33.400,3228.8000,2015,0,19336260.000,0,-,-,-,-,3226.8000,3225.8000,3225.0000,3224.2000,3223.6000,3229.2000,3231.4000,3231.6000,3232.2000,3232.6000,1,1,1,2,1,1,2,1,2,3
SF,IH2103,2020-07-31 09:32:33.900,3228.8000,2015,0,19336260.000,0,-,-,-,-,3226.8000,3225.8000,3225.0000,3224.2000,3223.6000,3229.2000,3230.4000,3231.4000,3231.6000,3232.2000,1,1,1,2,1,1,1,2,1,2
SF,IH2103,2020-07-31 09:32:34.900,3228.8000,2015,0,19336260.000,0,-,-,-,-,3226.8000,3225.8000,3225.0000,3224.2000,3223.6000,3229.2000,3231.4000,3231.6000,3232.2000,3232.6000,1,1,1,2,1,1,2,1,2,3
SF,IH2103,2020-07-31 09:32:35.400,3228.8000,2015,0,19336260.000,0,-,-,-,-,3226.8000,3225.8000,3225.0000,3224.2000,3223.6000,3231.4000,3231.6000,3232.2000,3232.6000,3233.0000,1,1,1,2,1,2,1,2,3,3
SF,IH2103,2020-07-31 09:32:35.900,3228.8000,2015,0,19336260.000,0,-,-,-,-,3227.0000,3226.8000,3225.8000,3225.0000,3224.2000,3231.2000,3231.4000,3231.6000,3232.2000,3232.6000,1,1,1,1,2,3,2,1,2,3
SF,IH2103,2020-07-31 09:32:36.400,3228.8000,2015,0,19336260.000,0,-,-,-,-,3227.2000,3227.0000,3225.8000,3225.0000,3224.2000,3230.8000,3231.2000,3231.4000,3231.6000,3232.2000,1,1,1,1,2,1,3,2,1,2
SF,IH2103,2020-07-31 09:32:38.900,3228.8000,2015,0,19336260.000,0,-,-,-,-,3227.2000,3227.0000,3225.8000,3225.0000,3224.2000,3230.8000,3231.2000,3231.4000,3231.6000,3232.2000,1,1,1,1,2,1,2,2,1,2
SF,IH2103,2020-07-31 09:32:39.400,3228.8000,2015,0,19336260.000,0,-,-,-,-,3227.2000,3227.0000,3225.8000,3225.0000,3224.2000,3230.8000,3231.2000,3231.4000,3231.6000,3232.2000,1,1,1,1,2,1,2,2,1,2
SF,IH2103,2020-07-31 09:32:39.900,3228.8000,2015,0,19336260.000,0,-,-,-,-,3227.2000,3227.0000,3225.8000,3225.0000,3224.2000,3230.6000,3230.8000,3231.2000,3231.4000,3231.6000,1,1,1,1,2,1,1,1,2,1
SF,IH2103,2020-07-31 09:32:40.400,3228.8000,2015,0,19336260.000,0,-,-,-,-,3227.2000,3225.8000,3225.0000,3224.2000,3223.6000,3230.6000,3230.8000,3231.2000,3231.4000,3231.6000,1,1,1,2,1,1,1,1,2,1
SF,IH2103,2020-07-31 09:32:40.900,3228.8000,2015,0,19336260.000,0,-,-,-,-,3227.2000,3225.8000,3225.0000,3224.2000,3223.6000,3230.4000,3230.6000,3230.8000,3231.4000,3231.6000,1,1,1,2,1,2,1,1,2,1
SF,IH2103,2020-07-31 09:32:41.400,3228.8000,2015,0,19336260.000,0,-,-,-,-,3225.8000,3225.0000,3224.2000,3223.6000,3223.0000,3230.2000,3230.4000,3230.8000,3231.4000,3231.6000,1,1,2,1,2,1,5,1,2,1
SF,IH2103,2020-07-31 09:32:41.900,3228.8000,2015,0,19336260.000,0,-,-,-,-,3226.0000,3225.0000,3224.2000,3223.6000,3223.0000,3229.8000,3230.2000,3230.4000,3231.4000,3231.6000,3,1,2,1,2,1,1,2,2,1
SF,IH2103,2020-07-31 09:32:42.400,3228.8000,2015,0,19336260.000,0,-,-,-,-,3226.0000,3225.0000,3224.2000,3223.6000,3223.0000,3229.6000,3229.8000,3230.0000,3230.4000,3231.4000,2,1,2,1,2,1,1,3,2,2
SF,IH2103,2020-07-31 09:32:42.900,3228.8000,2015,0,19336260.000,0,-,-,-,-,3226.0000,3225.0000,3224.2000,3223.6000,3223.0000,3229.4000,3229.6000,3229.8000,3230.0000,3230.4000,1,1,2,1,2,2,3,1,3,1
SF,IH2103,2020-07-31 09:32:43.400,3228.8000,2015,0,19336260.000,0,-,-,-,-,3225.0000,3224.2000,3223.6000,3223.0000,3222.4000,3229.2000,3229.4000,3229.6000,3229.8000,3230.0000,1,2,1,2,1,3,2,3,1,3
SF,IH2103,2020-07-31 09:32:43.900,3228.8000,2015,0,19336260.000,0,-,-,-,-,3225.2000,3225.0000,3224.2000,3223.6000,3223.0000,3228.8000,3229.0000,3229.2000,3229.6000,3229.8000,2,1,2,1,2,1,1,3,3,1
SF,IH2103,2020-07-31 09:32:44.400,3228.8000,2015,0,19336260.000,0,-,-,-,-,3225.2000,3225.0000,3223.6000,3223.0000,3222.4000,3228.6000,3228.8000,3229.2000,3229.6000,3229.8000,1,1,1,2,1,2,1,3,3,1
SF,IH2103,2020-07-31 09:32:44.900,3228.8000,2015,0,19336260.000,0,-,-,-,-,3225.2000,3225.0000,3223.6000,3223.0000,3222.4000,3228.8000,3229.2000,3229.6000,3229.8000,3230.0000,1,1,1,2,1,1,3,3,1,3
SF,IH2103,2020-07-31 09:32:45.400,3228.8000,2015,0,19336260.000,0,-,-,-,-,3225.2000,3225.0000,3223.6000,3223.0000,3222.4000,3228.4000,3228.8000,3229.2000,3229.6000,3229.8000,1,1,1,2,1,2,1,3,3,1
SF,IH2103,2020-07-31 09:32:45.900,3228.8000,2015,0,19336260.000,0,-,-,-,-,3225.2000,3225.0000,3223.6000,3223.0000,3222.4000,3228.8000,3229.6000,3229.8000,3230.0000,3231.4000,1,1,1,2,1,1,1,1,3,2
SF,IH2103,2020-07-31 09:32:46.400,3228.8000,2015,0,19336260.000,0,-,-,-,-,3225.2000,3225.0000,3223.6000,3223.0000,3222.4000,3228.2000,3228.6000,3228.8000,3229.6000,3229.8000,1,1,1,2,1,3,1,1,1,1
SF,IH2103,2020-07-31 09:32:47.400,3228.8000,2015,0,19336260.000,0,-,-,-,-,3225.2000,3225.0000,3223.6000,3223.0000,3222.4000,3228.2000,3228.6000,3228.8000,3229.8000,3230.0000,1,1,1,2,1,3,1,1,1,3
SF,IH2103,2020-07-31 09:32:47.900,3228.8000,2015,0,19336260.000,0,-,-,-,-,3225.0000,3223.0000,3222.4000,3221.8000,3221.6000,3228.0000,3228.2000,3228.8000,3229.8000,3230.0000,1,2,1,1,1,2,3,1,1,3
SF,IH2103,2020-07-31 09:32:48.400,3225.0000,2015,0,20303760.000,1,0,1,多换,S,3222.4000,3221.8000,3221.6000,3221.2000,3208.0000,3227.8000,3228.0000,3228.2000,3228.8000,3230.0000,1,1,1,1,1,3,2,3,1,3
SF,IH2103,2020-07-31 09:32:48.900,3225.0000,2015,0,20303760.000,0,-,-,-,-,3222.8000,3222.6000,3222.4000,3221.8000,3221.6000,3227.8000,3228.0000,3228.2000,3228.8000,3230.0000,1,3,1,1,1,3,1,3,1,3
SF,IH2103,2020-07-31 09:32:49.400,3225.0000,2015,0,20303760.000,0,-,-,-,-,3223.0000,3222.4000,3221.8000,3221.6000,3221.2000,3227.4000,3227.6000,3227.8000,3228.0000,3228.2000,2,1,1,1,1,1,2,3,1,3
SF,IH2103,2020-07-31 09:32:49.900,3225.0000,2015,0,20303760.000,0,-,-,-,-,3223.0000,3222.4000,3221.8000,3221.6000,3221.2000,3227.2000,3227.4000,3227.6000,3227.8000,3228.2000,2,1,1,1,1,1,2,1,3,3
SF,IH2103,2020-07-31 09:32:50.400,3225.0000,2015,0,20303760.000,0,-,-,-,-,3223.0000,3222.4000,3221.8000,3221.6000,3221.2000,3227.4000,3227.6000,3228.2000,3230.0000,3231.4000,2,1,1,1,1,2,1,3,3,2
SF,IH2103,2020-07-31 09:32:50.900,3225.0000,2015,0,20303760.000,0,-,-,-,-,3223.0000,3222.4000,3221.8000,3221.6000,3221.2000,3227.4000,3227.6000,3228.2000,3230.0000,3231.4000,2,1,1,1,1,1,1,3,3,2
SF,IH2103,2020-07-31 09:32:51.400,3225.0000,2015,0,20303760.000,0,-,-,-,-,3223.0000,3221.8000,3221.6000,3221.2000,3208.0000,3227.2000,3227.4000,3227.6000,3228.2000,3230.0000,2,1,1,1,1,4,1,1,3,3
SF,IH2103,2020-07-31 09:32:51.900,3225.0000,2015,0,20303760.000,0,-,-,-,-,3223.2000,3223.0000,3221.8000,3221.6000,3221.2000,3227.4000,3227.6000,3228.2000,3230.0000,3231.4000,1,2,1,1,1,1,1,3,3,2
SF,IH2103,2020-07-31 09:32:52.400,3225.0000,2015,0,20303760.000,0,-,-,-,-,3223.4000,3221.8000,3221.6000,3221.2000,3208.0000,3228.2000,3230.0000,3231.4000,3231.6000,3232.2000,2,1,1,1,1,3,3,2,1,2
SF,IH2103,2020-07-31 09:32:52.900,3225.0000,2015,0,20303760.000,0,-,-,-,-,3223.4000,3221.8000,3221.6000,3221.2000,3208.0000,3226.8000,3228.0000,3230.0000,3231.4000,3231.6000,2,1,1,1,1,1,1,3,2,1
SF,IH2103,2020-07-31 09:32:53.400,3225.0000,2015,0,20303760.000,0,-,-,-,-,3223.4000,3221.8000,3221.6000,3221.2000,3208.0000,3226.8000,3230.0000,3231.4000,3231.6000,3232.2000,1,1,1,1,1,1,3,2,1,2
SF,IH2103,2020-07-31 09:32:54.400,3225.0000,2015,0,20303760.000,0,-,-,-,-,3223.6000,3223.4000,3221.8000,3221.6000,3221.2000,3226.8000,3230.0000,3231.4000,3231.6000,3232.2000,2,1,1,1,1,1,3,2,1,2
SF,IH2103,2020-07-31 09:32:54.900,3225.0000,2015,0,20303760.000,0,-,-,-,-,3223.8000,3223.6000,3221.8000,3221.6000,3221.2000,3226.8000,3230.0000,3231.4000,3231.6000,3232.2000,1,2,1,1,1,1,3,2,1,2
SF,IH2103,2020-07-31 09:32:55.400,3225.0000,2015,0,20303760.000,0,-,-,-,-,3224.0000,3223.8000,3223.6000,3221.8000,3221.6000,3226.8000,3230.0000,3231.4000,3231.6000,3232.2000,2,1,2,1,1,1,3,2,1,2
SF,IH2103,2020-07-31 09:32:55.900,3225.0000,2015,0,20303760.000,0,-,-,-,-,3224.2000,3224.0000,3223.6000,3221.8000,3221.6000,3226.8000,3230.0000,3231.4000,3231.6000,3232.2000,1,2,2,1,1,1,3,2,1,2
SF,IH2103,2020-07-31 09:32:56.400,3225.0000,2015,0,20303760.000,0,-,-,-,-,3224.4000,3224.2000,3224.0000,3223.6000,3221.8000,3226.8000,3230.0000,3231.4000,3231.6000,3232.2000,1,1,2,2,1,1,3,2,1,2
SF,IH2103,2020-07-31 09:32:56.900,3225.0000,2015,0,20303760.000,0,-,-,-,-,3224.6000,3223.6000,3221.8000,3221.6000,3221.2000,3226.8000,3230.0000,3231.4000,3231.6000,3232.2000,1,2,1,1,1,1,3,2,1,2
SF,IH2103,2020-07-31 09:32:59.900,3226.8000,2014,-1,21271800.000,1,0,1,双平,S,3224.6000,3223.6000,3221.8000,3221.6000,3221.2000,3230.0000,3231.4000,3231.6000,3232.2000,3232.6000,1,2,1,1,1,3,2,1,2,3
SF,IH2103,2020-07-31 09:33:00.400,3226.8000,2014,0,21271800.000,0,-,-,-,-,3226.8000,3224.8000,3224.6000,3223.6000,3221.8000,3229.8000,3230.0000,3231.4000,3231.6000,3232.2000,1,1,1,2,1,5,3,2,1,2
SF,IH2103,2020-07-31 09:33:00.900,3226.8000,2014,0,21271800.000,0,-,-,-,-,3226.8000,3224.8000,3224.6000,3223.6000,3221.8000,3229.8000,3230.0000,3231.4000,3231.6000,3232.2000,1,3,1,2,1,5,3,2,1,2
SF,IH2103,2020-07-31 09:33:01.400,3226.8000,2014,0,21271800.000,0,-,-,-,-,3227.0000,3226.8000,3224.8000,3223.6000,3221.8000,3229.8000,3230.0000,3231.4000,3231.6000,3232.2000,1,1,3,2,1,3,3,2,1,2
SF,IH2103,2020-07-31 09:33:01.900,3226.8000,2014,0,21271800.000,0,-,-,-,-,3227.0000,3226.8000,3224.8000,3223.6000,3221.8000,3231.4000,3231.6000,3232.2000,3232.6000,3233.0000,1,1,3,2,1,2,1,2,3,3
SF,IH2103,2020-07-31 09:33:02.400,3226.8000,2014,0,21271800.000,0,-,-,-,-,3227.2000,3227.0000,3226.8000,3224.8000,3223.6000,3231.0000,3231.2000,3231.4000,3231.6000,3232.2000,1,1,1,2,2,1,5,2,1,2
SF,IH2103,2020-07-31 09:33:02.900,3227.2000,2012,-2,23208120.000,2,0,2,双平,S,3224.8000,3223.6000,3221.8000,3221.6000,3221.2000,3230.8000,3231.0000,3231.2000,3231.4000,3231.6000,2,2,1,1,1,2,1,4,2,1
SF,IH2103,2020-07-31 09:33:03.400,3227.2000,2012,0,23208120.000,0,-,-,-,-,3225.0000,3224.8000,3223.6000,3221.8000,3221.6000,3230.4000,3230.6000,3230.8000,3231.2000,3231.4000,1,2,2,1,1,1,2,2,4,2
SF,IH2103,2020-07-31 09:33:03.900,3227.2000,2012,0,23208120.000,0,-,-,-,-,3223.6000,3221.8000,3221.6000,3221.2000,3208.0000,3230.2000,3230.4000,3230.6000,3230.8000,3231.2000,2,1,1,1,1,3,1,1,1,4
SF,IH2103,2020-07-31 09:33:04.400,3227.2000,2012,0,23208120.000,0,-,-,-,-,3223.8000,3223.6000,3221.8000,3221.6000,3221.2000,3229.8000,3230.2000,3230.6000,3230.8000,3231.2000,2,2,1,1,1,1,3,1,1,4
SF,IH2103,2020-07-31 09:33:04.900,3227.2000,2012,0,23208120.000,0,-,-,-,-,3223.8000,3223.6000,3221.8000,3221.6000,3221.2000,3229.6000,3229.8000,3230.2000,3230.6000,3230.8000,1,2,1,1,1,4,1,1,1,1
SF,IH2103,2020-07-31 09:33:05.400,3227.2000,2012,0,23208120.000,0,-,-,-,-,3224.0000,3223.8000,3223.6000,3221.8000,3221.6000,3229.2000,3229.6000,3230.2000,3230.6000,3230.8000,2,1,2,1,1,1,4,1,1,1
SF,IH2103,2020-07-31 09:33:05.900,3227.2000,2012,0,23208120.000,0,-,-,-,-,3224.2000,3224.0000,3223.6000,3221.8000,3221.6000,3229.0000,3229.2000,3229.6000,3230.2000,3230.8000,2,2,2,1,1,4,1,2,1,1
SF,IH2103,2020-07-31 09:33:06.400,3227.2000,2012,0,23208120.000,0,-,-,-,-,3224.4000,3224.2000,3224.0000,3223.6000,3221.8000,3228.8000,3230.8000,3231.2000,3231.4000,3231.6000,2,2,2,2,1,1,1,3,2,1
SF,IH2103,2020-07-31 09:33:06.900,3227.2000,2012,0,23208120.000,0,-,-,-,-,3224.6000,3224.4000,3224.0000,3223.6000,3221.8000,3230.8000,3231.2000,3231.4000,3231.6000,3232.2000,2,2,2,2,1,1,3,2,1,2
SF,IH2103,2020-07-31 09:33:07.400,3227.2000,2012,0,23208120.000,0,-,-,-,-,3224.8000,3224.6000,3224.4000,3224.0000,3223.6000,3230.4000,3230.6000,3230.8000,3231.2000,3231.4000,2,2,2,2,2,1,2,1,3,2
SF,IH2103,2020-07-31 09:33:07.900,3227.2000,2012,0,23208120.000,0,-,-,-,-,3225.0000,3224.8000,3224.4000,3224.0000,3223.6000,3230.2000,3230.4000,3230.6000,3230.8000,3231.2000,3,2,2,2,2,1,1,1,1,3
SF,IH2103,2020-07-31 09:33:08.400,3227.2000,2012,0,23208120.000,0,-,-,-,-,3225.2000,3225.0000,3224.8000,3224.4000,3224.0000,3230.4000,3230.6000,3230.8000,3231.2000,3231.4000,2,3,2,2,2,1,1,1,3,2
SF,IH2103,2020-07-31 09:33:08.900,3227.2000,2012,0,23208120.000,0,-,-,-,-,3225.4000,3225.2000,3225.0000,3224.8000,3224.4000,3230.2000,3230.4000,3230.6000,3230.8000,3231.2000,2,2,1,2,2,1,1,1,1,3
SF,IH2103,2020-07-31 09:33:09.400,3227.2000,2012,0,23208120.000,0,-,-,-,-,3225.4000,3225.0000,3224.8000,3224.4000,3224.0000,3229.8000,3230.0000,3230.2000,3230.6000,3230.8000,1,1,2,2,2,1,2,2,1,1
SF,IH2103,2020-07-31 09:33:09.900,3227.2000,2012,0,23208120.000,0,-,-,-,-,3225.0000,3224.4000,3224.0000,3223.6000,3221.8000,3229.6000,3229.8000,3230.0000,3230.2000,3230.6000,1,2,2,2,1,3,1,1,1,1
SF,IH2103,2020-07-31 09:33:10.400,3227.2000,2012,0,23208120.000,0,-,-,-,-,3225.2000,3224.4000,3224.0000,3223.6000,3221.8000,3229.2000,3229.4000,3229.6000,3230.0000,3230.2000,1,2,2,2,1,1,1,3,1,1
SF,IH2103,2020-07-31 09:33:10.900,3227.2000,2012,0,23208120.000,0,-,-,-,-,3225.2000,3224.4000,3224.0000,3223.6000,3221.8000,3229.0000,3229.2000,3229.4000,3229.6000,3230.0000,2,2,2,2,1,1,1,1,2,1
SF,IH2103,2020-07-31 09:33:11.400,3227.2000,2012,0,23208120.000,0,-,-,-,-,3225.2000,3224.0000,3223.6000,3221.8000,3221.6000,3228.6000,3229.0000,3229.4000,3229.6000,3230.0000,1,2,2,1,1,1,2,1,2,1
SF,IH2103,2020-07-31 09:33:11.900,3227.2000,2012,0,23208120.000,0,-,-,-,-,3225.2000,3224.0000,3223.6000,3221.8000,3221.6000,3228.4000,3228.6000,3229.0000,3229.4000,3229.6000,1,2,2,1,1,1,1,1,1,2
SF,IH2103,2020-07-31 09:33:12.400,3227.2000,2012,0,23208120.000,0,-,-,-,-,3225.2000,3224.0000,3223.6000,3221.8000,3221.6000,3228.4000,3228.6000,3229.6000,3230.2000,3230.6000,1,2,2,1,1,1,1,2,1,1
SF,IH2103,2020-07-31 09:33:12.900,3227.2000,2012,0,23208120.000,0,-,-,-,-,3225.4000,3225.2000,3224.0000,3223.6000,3221.8000,3229.6000,3230.2000,3230.6000,3230.8000,3231.2000,1,1,2,2,1,1,1,1,1,3
SF,IH2103,2020-07-31 09:33:13.400,3227.2000,2012,0,23208120.000,0,-,-,-,-,3225.6000,3225.4000,3224.0000,3223.6000,3221.8000,3229.4000,3229.6000,3230.2000,3230.6000,3230.8000,1,1,2,2,1,1,1,1,1,1
SF,IH2103,2020-07-31 09:33:13.900,3227.2000,2012,0,23208120.000,0,-,-,-,-,3225.6000,3224.0000,3223.6000,3221.8000,3221.6000,3229.4000,3229.6000,3230.2000,3230.6000,3230.8000,1,2,2,1,1,1,1,1,1,1
SF,IH2103,2020-07-31 09:33:14.900,3227.2000,2012,0,23208120.000,0,-,-,-,-,3225.6000,3224.0000,3223.6000,3222.0000,3221.8000,3229.4000,3229.6000,3230.2000,3230.6000,3230.8000,1,2,2,1,1,1,1,1,1,1
SF,IH2103,2020-07-31 09:33:15.400,3227.2000,2012,0,23208120.000,0,-,-,-,-,3224.0000,3223.6000,3222.0000,3221.8000,3221.6000,3229.4000,3229.6000,3230.2000,3230.6000,3230.8000,2,2,1,1,1,1,1,1,1,1
SF,IH2103,2020-07-31 09:33:15.900,3227.2000,2012,0,23208120.000,0,-,-,-,-,3224.2000,3224.0000,3223.6000,3222.0000,3221.8000,3229.2000,3229.4000,3230.2000,3230.6000,3230.8000,3,2,2,1,1,1,1,1,1,1
SF,IH2103,2020-07-31 09:33:16.400,3227.2000,2012,0,23208120.000,0,-,-,-,-,3224.2000,3224.0000,3223.6000,3222.0000,3221.8000,3229.0000,3229.2000,3230.2000,3230.6000,3230.8000,3,2,2,1,1,1,1,1,1,1
SF,IH2103,2020-07-31 09:33:16.900,3227.2000,2012,0,23208120.000,0,-,-,-,-,3224.2000,3224.0000,3223.6000,3222.0000,3221.8000,3228.8000,3229.0000,3230.2000,3230.6000,3230.8000,3,2,2,1,1,1,1,1,1,1
SF,IH2103,2020-07-31 09:33:17.400,3227.2000,2012,0,23208120.000,0,-,-,-,-,3224.2000,3224.0000,3223.6000,3222.0000,3221.8000,3228.6000,3228.8000,3230.2000,3230.6000,3230.8000,3,2,2,1,1,1,1,1,1,1
SF,IH2103,2020-07-31 09:33:17.900,3227.2000,2012,0,23208120.000,0,-,-,-,-,3224.2000,3224.0000,3223.6000,3222.0000,3221.8000,3228.4000,3230.2000,3230.6000,3230.8000,3231.2000,3,2,2,1,1,1,1,1,1,3
SF,IH2103,2020-07-31 09:33:18.400,3227.2000,2012,0,23208120.000,0,-,-,-,-,3224.4000,3224.2000,3224.0000,3223.6000,3222.0000,3230.2000,3230.6000,3230.8000,3231.2000,3231.4000,2,3,2,2,1,1,1,1,3,2
SF,IH2103,2020-07-31 09:33:18.900,3227.2000,2012,0,23208120.000,0,-,-,-,-,3224.6000,3224.4000,3224.2000,3224.0000,3223.6000,3229.8000,3230.0000,3230.2000,3230.6000,3230.8000,2,2,2,2,2,1,4,1,1,1
SF,IH2103,2020-07-31 09:33:19.400,3227.2000,2012,0,23208120.000,0,-,-,-,-,3224.8000,3224.6000,3224.4000,3224.2000,3224.0000,3229.6000,3229.8000,3230.0000,3230.2000,3230.6000,1,2,1,2,2,1,1,3,1,1
SF,IH2103,2020-07-31 09:33:19.900,3227.2000,2012,0,23208120.000,0,-,-,-,-,3225.0000,3224.8000,3224.6000,3224.4000,3224.2000,3229.6000,3229.8000,3230.0000,3230.2000,3230.6000,3,1,1,1,2,1,1,3,1,1
SF,IH2103,2020-07-31 09:33:20.400,3227.2000,2012,0,23208120.000,0,-,-,-,-,3225.2000,3225.0000,3224.6000,3224.4000,3224.2000,3229.6000,3229.8000,3230.0000,3230.2000,3230.6000,1,3,1,1,2,1,1,3,1,1
SF,IH2103,2020-07-31 09:33:20.900,3227.2000,2012,0,23208120.000,0,-,-,-,-,3225.4000,3225.2000,3225.0000,3224.6000,3224.4000,3229.8000,3230.2000,3230.6000,3230.8000,3231.2000,3,1,2,1,1,1,1,1,1,3
SF,IH2103,2020-07-31 09:33:21.400,3227.2000,2012,0,23208120.000,0,-,-,-,-,3225.6000,3225.4000,3225.0000,3224.6000,3224.2000,3230.8000,3231.2000,3231.4000,3231.6000,3232.2000,3,3,2,1,2,1,3,2,1,2
SF,IH2103,2020-07-31 09:33:21.900,3227.2000,2012,0,23208120.000,0,-,-,-,-,3225.8000,3225.6000,3225.4000,3225.0000,3224.6000,3231.2000,3231.4000,3231.6000,3232.2000,3232.6000,3,3,2,2,1,3,2,1,2,3
SF,IH2103,2020-07-31 09:33:22.400,3227.2000,2012,0,23208120.000,0,-,-,-,-,3226.2000,3226.0000,3225.8000,3225.6000,3225.4000,3231.0000,3231.6000,3232.2000,3232.6000,3233.0000,1,1,3,1,2,1,1,2,3,3
SF,IH2103,2020-07-31 09:33:22.900,3227.2000,2012,0,23208120.000,0,-,-,-,-,3226.4000,3226.2000,3225.8000,3225.6000,3225.4000,3231.0000,3231.6000,3232.2000,3232.6000,3233.0000,4,1,2,1,2,1,1,2,3,3
SF,IH2103,2020-07-31 09:33:23.400,3227.2000,2012,0,23208120.000,0,-,-,-,-,3226.6000,3226.4000,3225.8000,3225.6000,3225.4000,3231.0000,3231.6000,3232.2000,3232.6000,3233.0000,1,4,2,1,2,1,1,2,3,3
SF,IH2103,2020-07-31 09:33:23.900,3227.2000,2012,0,23208120.000,0,-,-,-,-,3226.8000,3226.6000,3226.4000,3225.8000,3225.6000,3231.0000,3231.6000,3232.2000,3232.6000,3233.0000,3,1,2,2,1,1,1,2,3,3
SF,IH2103,2020-07-31 09:33:24.400,3227.2000,2012,0,23208120.000,0,-,-,-,-,3227.0000,3226.8000,3226.4000,3225.8000,3225.6000,3231.0000,3231.6000,3232.2000,3232.6000,3233.0000,1,3,2,2,1,1,1,2,3,3
SF,IH2103,2020-07-31 09:33:24.900,3227.2000,2012,0,23208120.000,0,-,-,-,-,3227.2000,3227.0000,3226.8000,3226.4000,3225.8000,3232.2000,3232.6000,3233.0000,3233.4000,3233.6000,3,1,2,2,2,2,3,3,3,1
SF,IH2103,2020-07-31 09:33:25.400,3227.2000,2012,0,23208120.000,0,-,-,-,-,3227.4000,3227.0000,3226.4000,3225.8000,3225.4000,3231.8000,3232.0000,3232.2000,3232.6000,3233.0000,1,1,2,2,2,1,3,2,3,3
SF,IH2103,2020-07-31 09:33:25.900,3227.2000,2012,0,23208120.000,0,-,-,-,-,3227.4000,3227.0000,3225.8000,3225.4000,3225.0000,3231.6000,3231.8000,3232.0000,3232.2000,3232.6000,1,1,2,2,2,3,1,2,2,3
SF,IH2103,2020-07-31 09:33:26.400,3227.2000,2012,0,23208120.000,0,-,-,-,-,3227.0000,3225.8000,3225.4000,3225.0000,3224.6000,3231.4000,3231.6000,3232.0000,3232.2000,3232.6000,1,2,2,2,1,2,3,2,2,3
SF,IH2103,2020-07-31 09:33:26.900,3227.2000,2012,0,23208120.000,0,-,-,-,-,3225.8000,3225.4000,3225.0000,3224.6000,3224.2000,3231.2000,3231.4000,3231.6000,3232.0000,3232.2000,2,2,2,1,2,4,2,2,2,2
SF,IH2103,2020-07-31 09:33:27.400,3227.2000,2012,0,23208120.000,0,-,-,-,-,3225.4000,3225.0000,3224.6000,3224.2000,3224.0000,3230.8000,3231.0000,3231.2000,3231.6000,3232.0000,2,2,1,2,2,1,1,4,2,2
SF,IH2103,2020-07-31 09:33:27.900,3227.2000,2012,0,23208120.000,0,-,-,-,-,3225.6000,3224.0000,3223.6000,3222.0000,3221.8000,3230.6000,3230.8000,3231.2000,3231.6000,3232.0000,1,2,2,1,1,3,1,3,2,2
SF,IH2103,2020-07-31 09:33:28.400,3227.2000,2012,0,23208120.000,0,-,-,-,-,3225.6000,3224.0000,3223.6000,3222.0000,3221.8000,3230.4000,3230.6000,3231.2000,3231.6000,3232.0000,1,2,2,1,1,1,2,3,2,2
SF,IH2103,2020-07-31 09:33:28.900,3227.2000,2012,0,23208120.000,0,-,-,-,-,3225.8000,3225.6000,3224.0000,3223.6000,3222.0000,3230.2000,3230.4000,3231.2000,3231.6000,3232.0000,1,1,2,2,1,2,1,3,2,2
SF,IH2103,2020-07-31 09:33:29.400,3227.2000,2012,0,23208120.000,0,-,-,-,-,3226.0000,3224.0000,3223.6000,3222.0000,3221.8000,3230.2000,3230.4000,3231.2000,3231.6000,3232.0000,1,2,2,1,1,4,1,3,1,2
SF,IH2103,2020-07-31 09:33:29.900,3227.2000,2012,0,23208120.000,0,-,-,-,-,3226.0000,3224.0000,3223.6000,3222.0000,3221.8000,3230.2000,3231.2000,3231.6000,3232.0000,3232.2000,3,2,2,1,1,2,3,1,2,2
SF,IH2103,2020-07-31 09:33:30.400,3227.2000,2012,0,23208120.000,0,-,-,-,-,3226.0000,3224.0000,3223.6000,3222.0000,3221.8000,3230.2000,3231.2000,3231.6000,3232.0000,3232.2000,3,2,2,1,1,2,3,1,2,2
SF,IH2103,2020-07-31 09:33:30.900,3227.2000,2012,0,23208120.000,0,-,-,-,-,3226.2000,3226.0000,3224.0000,3223.6000,3222.0000,3230.2000,3231.2000,3231.6000,3232.0000,3232.2000,1,3,2,2,1,2,3,1,2,2
SF,IH2103,2020-07-31 09:33:31.400,3227.2000,2012,0,23208120.000,0,-,-,-,-,3226.4000,3226.2000,3226.0000,3224.0000,3223.6000,3230.2000,3231.6000,3232.0000,3232.2000,3232.6000,2,1,2,2,2,1,1,2,2,3
SF,IH2103,2020-07-31 09:33:31.900,3230.0000,2012,0,24177120.000,1,0,1,多换,S,3226.4000,3226.2000,3224.0000,3223.6000,3222.0000,3230.2000,3231.6000,3232.0000,3232.2000,3232.6000,1,1,2,2,1,1,1,2,2,3
SF,IH2103,2020-07-31 09:33:32.400,3230.0000,2012,0,24177120.000,0,-,-,-,-,3226.4000,3224.0000,3223.6000,3222.0000,3221.8000,3230.0000,3230.2000,3231.6000,3232.0000,3232.2000,1,2,2,1,1,1,1,1,2,2
SF,IH2103,2020-07-31 09:33:32.900,3230.0000,2012,0,24177120.000,0,-,-,-,-,3224.0000,3223.6000,3222.0000,3221.8000,3221.6000,3230.0000,3230.2000,3231.6000,3232.0000,3232.2000,2,2,1,1,1,1,1,1,2,2
SF,IH2103,2020-07-31 09:33:33.400,3230.0000,2012,0,24177120.000,0,-,-,-,-,3224.4000,3224.2000,3224.0000,3223.6000,3222.0000,3229.8000,3230.0000,3231.6000,3232.0000,3232.2000,1,3,2,2,1,1,1,1,2,2
SF,IH2103,2020-07-31 09:33:33.900,3230.0000,2012,0,24177120.000,0,-,-,-,-,3224.6000,3224.4000,3224.2000,3224.0000,3223.6000,3229.6000,3229.8000,3231.6000,3232.0000,3232.2000,3,1,2,2,2,1,1,1,2,2
SF,IH2103,2020-07-31 09:33:34.400,3230.0000,2012,0,24177120.000,0,-,-,-,-,3225.0000,3224.6000,3224.2000,3224.0000,3223.6000,3229.4000,3229.6000,3231.6000,3232.0000,3232.2000,1,3,2,2,2,1,1,1,2,2
SF,IH2103,2020-07-31 09:33:34.900,3230.0000,2012,0,24177120.000,0,-,-,-,-,3225.2000,3225.0000,3224.6000,3224.2000,3224.0000,3229.4000,3231.6000,3232.0000,3232.2000,3232.6000,3,1,2,2,2,1,1,2,2,3
SF,IH2103,2020-07-31 09:33:35.400,3230.0000,2012,0,24177120.000,0,-,-,-,-,3225.2000,3225.0000,3224.6000,3224.2000,3224.0000,3229.2000,3229.4000,3231.6000,3232.0000,3232.2000,3,1,2,2,2,1,1,1,2,2
SF,IH2103,2020-07-31 09:33:35.900,3230.0000,2012,0,24177120.000,0,-,-,-,-,3225.4000,3225.2000,3224.6000,3224.2000,3224.0000,3229.4000,3231.6000,3232.0000,3232.2000,3232.6000,1,3,2,2,2,1,1,2,2,3
SF,IH2103,2020-07-31 09:33:36.400,3230.0000,2012,0,24177120.000,0,-,-,-,-,3225.6000,3225.4000,3225.2000,3224.6000,3224.2000,3229.4000,3231.6000,3232.0000,3232.2000,3232.6000,2,1,2,2,2,1,1,2,2,3
SF,IH2103,2020-07-31 09:33:36.900,3230.0000,2012,0,24177120.000,0,-,-,-,-,3226.0000,3225.6000,3225.2000,3224.6000,3224.2000,3229.4000,3231.6000,3232.0000,3232.2000,3232.6000,1,2,2,2,2,1,1,2,2,3
SF,IH2103,2020-07-31 09:33:37.400,3230.0000,2012,0,24177120.000,0,-,-,-,-,3226.2000,3226.0000,3225.6000,3225.2000,3224.6000,3231.6000,3232.0000,3232.2000,3232.6000,3233.0000,3,1,1,2,2,1,2,2,3,3
SF,IH2103,2020-07-31 09:33:37.900,3230.0000,2012,0,24177120.000,0,-,-,-,-,3226.2000,3226.0000,3225.6000,3225.2000,3224.6000,3231.4000,3231.6000,3232.0000,3232.2000,3232.6000,1,1,1,2,2,3,1,2,2,3
SF,IH2103,2020-07-31 09:33:38.400,3230.0000,2012,0,24177120.000,0,-,-,-,-,3226.2000,3226.0000,3225.6000,3225.2000,3224.6000,3231.2000,3231.4000,3231.6000,3232.0000,3232.2000,1,1,1,2,2,1,3,1,2,2
SF,IH2103,2020-07-31 09:33:38.900,3230.0000,2012,0,24177120.000,0,-,-,-,-,3225.6000,3225.2000,3224.6000,3224.2000,3224.0000,3230.8000,3231.0000,3231.2000,3231.4000,3231.6000,1,2,2,2,2,1,5,1,1,1
SF,IH2103,2020-07-31 09:33:39.400,3230.0000,2012,0,24177120.000,0,-,-,-,-,3225.2000,3224.6000,3224.2000,3224.0000,3223.6000,3230.6000,3230.8000,3231.0000,3231.2000,3231.4000,2,2,2,2,2,5,1,3,1,1
SF,IH2103,2020-07-31 09:33:39.900,3230.0000,2012,0,24177120.000,0,-,-,-,-,3225.4000,3224.6000,3224.2000,3224.0000,3223.6000,3230.2000,3230.6000,3231.0000,3231.2000,3231.4000,1,2,2,2,2,1,5,3,1,1
SF,IH2103,2020-07-31 09:33:40.400,3230.0000,2012,0,24177120.000,0,-,-,-,-,3224.2000,3224.0000,3223.6000,3222.0000,3221.8000,3230.0000,3230.2000,3230.6000,3231.0000,3231.2000,2,2,2,1,1,3,1,3,3,1
SF,IH2103,2020-07-31 09:33:40.900,3230.0000,2012,0,24177120.000,0,-,-,-,-,3224.4000,3224.2000,3224.0000,3223.6000,3222.0000,3229.6000,3230.0000,3230.6000,3231.0000,3231.2000,1,2,2,2,1,1,3,3,3,1
SF,IH2103,2020-07-31 09:33:41.400,3230.0000,2012,0,24177120.000,0,-,-,-,-,3223.6000,3222.0000,3221.8000,3221.6000,3221.2000,3229.4000,3229.6000,3230.0000,3230.6000,3231.0000,2,1,1,1,1,3,1,1,3,3
SF,IH2103,2020-07-31 09:33:41.900,3230.0000,2012,0,24177120.000,0,-,-,-,-,3223.8000,3223.6000,3222.0000,3221.8000,3221.6000,3229.0000,3229.4000,3230.0000,3230.6000,3231.0000,1,2,1,1,1,1,3,1,3,3
SF,IH2103,2020-07-31 09:33:42.400,3230.0000,2012,0,24177120.000,0,-,-,-,-,3223.8000,3223.6000,3222.0000,3221.8000,3221.6000,3228.8000,3229.0000,3229.4000,3230.0000,3230.6000,1,2,1,1,1,4,1,1,1,3
SF,IH2103,2020-07-31 09:33:42.900,3230.0000,2012,0,24177120.000,0,-,-,-,-,3224.0000,3223.8000,3223.6000,3222.0000,3221.8000,3228.4000,3228.8000,3229.4000,3230.0000,3230.6000,1,1,2,1,1,1,4,1,1,3
SF,IH2103,2020-07-31 09:33:43.400,3230.0000,2012,0,24177120.000,0,-,-,-,-,3224.2000,3222.0000,3221.8000,3221.6000,3221.2000,3228.2000,3228.4000,3228.8000,3229.4000,3230.0000,1,1,1,1,1,4,1,2,1,1
SF,IH2103,2020-07-31 09:33:43.900,3230.0000,2012,0,24177120.000,0,-,-,-,-,3224.2000,3222.0000,3221.8000,3221.6000,3221.2000,3228.2000,3228.4000,3228.8000,3229.4000,3230.0000,1,1,1,1,1,4,1,2,1,1
SF,IH2103,2020-07-31 09:33:44.400,3230.0000,2012,0,24177120.000,0,-,-,-,-,3224.2000,3222.0000,3221.8000,3221.6000,3221.2000,3228.0000,3228.2000,3228.8000,3229.4000,3230.0000,1,1,1,1,1,1,4,2,1,1
SF,IH2103,2020-07-31 09:33:44.900,3230.0000,2012,0,24177120.000,0,-,-,-,-,3222.0000,3221.8000,3221.6000,3221.2000,3208.0000,3227.8000,3228.0000,3228.2000,3228.8000,3229.4000,1,1,1,1,1,2,1,3,2,1
SF,IH2103,2020-07-31 09:33:45.400,3230.0000,2012,0,24177120.000,0,-,-,-,-,3222.4000,3222.2000,3222.0000,3221.8000,3221.6000,3227.6000,3227.8000,3228.2000,3228.8000,3229.4000,1,3,1,1,1,1,2,2,2,1
SF,IH2103,2020-07-31 09:33:45.900,3230.0000,2012,0,24177120.000,0,-,-,-,-,3222.6000,3222.4000,3222.2000,3222.0000,3221.8000,3227.4000,3227.6000,3228.2000,3228.8000,3229.4000,3,1,2,1,1,1,1,2,2,1
SF,IH2103,2020-07-31 09:33:46.400,3230.0000,2012,0,24177120.000,0,-,-,-,-,3223.0000,3222.6000,3222.2000,3222.0000,3221.8000,3227.2000,3227.4000,3228.2000,3228.8000,3229.4000,1,3,2,1,1,1,1,2,2,1
SF,IH2103,2020-07-31 09:33:46.900,3230.0000,2012,0,24177120.000,0,-,-,-,-,3223.2000,3223.0000,3222.6000,3222.2000,3222.0000,3227.2000,3227.4000,3228.8000,3229.4000,3230.0000,3,1,2,2,1,1,1,2,1,1
SF,IH2103,2020-07-31 09:33:47.400,3230.0000,2012,0,24177120.000,0,-,-,-,-,3223.2000,3223.0000,3222.6000,3222.2000,3222.0000,3227.4000,3228.8000,3229.4000,3230.0000,3230.6000,3,1,2,2,1,1,2,1,1,3
SF,IH2103,2020-07-31 09:33:47.900,3230.0000,2012,0,24177120.000,0,-,-,-,-,3223.4000,3223.2000,3223.0000,3222.6000,3222.2000,3227.4000,3228.8000,3229.4000,3230.0000,3230.6000,1,3,1,2,2,1,2,1,1,3
SF,IH2103,2020-07-31 09:33:48.400,3230.0000,2012,0,24177120.000,0,-,-,-,-,3223.6000,3223.4000,3223.2000,3223.0000,3222.6000,3227.4000,3228.8000,3229.4000,3230.0000,3230.6000,1,1,2,1,2,1,2,1,1,3
SF,IH2103,2020-07-31 09:33:49.400,3230.0000,2012,0,24177120.000,0,-,-,-,-,3223.8000,3223.6000,3223.4000,3223.2000,3223.0000,3227.4000,3228.8000,3229.4000,3230.0000,3230.6000,1,1,1,2,1,1,2,1,1,3
SF,IH2103,2020-07-31 09:33:49.900,3230.0000,2012,0,24177120.000,0,-,-,-,-,3224.0000,3223.4000,3223.2000,3223.0000,3222.6000,3227.4000,3228.8000,3229.4000,3230.0000,3230.6000,1,1,2,1,2,1,2,1,1,3
SF,IH2103,2020-07-31 09:33:50.900,3230.0000,2012,0,24177120.000,0,-,-,-,-,3224.2000,3224.0000,3223.4000,3223.2000,3223.0000,3227.4000,3228.8000,3229.4000,3230.0000,3230.6000,1,1,1,2,1,1,2,1,1,3
SF,IH2103,2020-07-31 09:33:51.400,3230.0000,2012,0,24177120.000,0,-,-,-,-,3224.4000,3223.4000,3223.2000,3223.0000,3222.6000,3227.4000,3228.8000,3229.4000,3230.0000,3230.6000,1,1,2,1,2,1,2,1,1,3
SF,IH2103,2020-07-31 09:33:53.400,3230.0000,2012,0,24177120.000,0,-,-,-,-,3224.4000,3223.4000,3223.2000,3223.0000,3222.6000,3227.4000,3229.4000,3230.0000,3230.6000,3231.0000,1,1,2,1,2,1,1,1,3,3
SF,IH2103,2020-07-31 09:33:53.900,3230.0000,2012,0,24177120.000,0,-,-,-,-,3224.6000,3224.4000,3223.4000,3223.2000,3223.0000,3226.0000,3229.4000,3230.0000,3230.6000,3231.0000,1,1,1,2,1,1,1,1,3,3
SF,IH2103,2020-07-31 09:33:54.400,3230.0000,2012,0,24177120.000,0,-,-,-,-,3224.4000,3223.2000,3223.0000,3222.6000,3222.2000,3226.0000,3229.4000,3230.0000,3230.6000,3231.0000,1,2,1,2,2,1,1,1,3,3
SF,IH2103,2020-07-31 09:33:56.900,3230.0000,2012,0,24177120.000,0,-,-,-,-,3224.4000,3223.0000,3222.6000,3222.2000,3222.0000,3226.0000,3229.4000,3230.0000,3230.6000,3231.0000,1,1,2,2,1,1,1,1,3,3
SF,IH2103,2020-07-31 09:33:57.400,3230.0000,2012,0,24177120.000,0,-,-,-,-,3223.0000,3222.6000,3222.2000,3222.0000,3221.8000,3226.0000,3229.4000,3230.0000,3230.6000,3231.0000,1,2,2,1,1,1,1,1,3,3
SF,IH2103,2020-07-31 09:33:57.900,3230.0000,2012,0,24177120.000,0,-,-,-,-,3223.2000,3222.6000,3222.2000,3222.0000,3221.8000,3226.0000,3229.4000,3230.0000,3230.6000,3231.0000,1,2,2,1,1,1,1,1,3,3
SF,IH2103,2020-07-31 09:33:58.400,3230.0000,2012,0,24177120.000,0,-,-,-,-,3223.2000,3222.2000,3222.0000,3221.8000,3221.6000,3225.8000,3226.0000,3229.4000,3230.0000,3230.6000,1,2,1,1,1,1,1,1,1,3
SF,IH2103,2020-07-31 09:34:00.400,3226.0000,2010,-2,26112660.000,2,0,2,双平,S,3223.4000,3223.2000,3222.2000,3222.0000,3221.8000,3229.4000,3230.0000,3230.6000,3231.0000,3231.2000,1,1,2,1,1,1,1,3,3,1
SF,IH2103,2020-07-31 09:34:00.900,3226.0000,2010,0,26112660.000,0,-,-,-,-,3223.6000,3223.4000,3222.2000,3222.0000,3221.8000,3229.2000,3229.4000,3230.0000,3230.6000,3231.0000,2,1,2,1,1,5,1,1,3,3
SF,IH2103,2020-07-31 09:34:01.400,3226.0000,2010,0,26112660.000,0,-,-,-,-,3223.8000,3223.6000,3223.4000,3222.2000,3222.0000,3229.2000,3229.4000,3230.0000,3230.6000,3231.0000,1,2,1,2,1,3,1,1,3,3
SF,IH2103,2020-07-31 09:34:01.900,3226.0000,2010,0,26112660.000,0,-,-,-,-,3224.2000,3224.0000,3223.4000,3222.2000,3222.0000,3229.2000,3229.4000,3230.0000,3230.6000,3231.0000,1,1,1,2,1,3,1,1,3,3
SF,IH2103,2020-07-31 09:34:02.400,3226.0000,2010,0,26112660.000,0,-,-,-,-,3224.4000,3224.2000,3224.0000,3223.4000,3222.2000,3229.0000,3229.2000,3229.4000,3230.0000,3230.6000,1,1,1,1,2,3,3,1,1,3
SF,IH2103,2020-07-31 09:34:02.900,3226.0000,2010,0,26112660.000,0,-,-,-,-,3224.4000,3222.2000,3222.0000,3221.8000,3221.6000,3228.8000,3229.0000,3229.2000,3229.4000,3230.0000,1,2,1,1,1,2,3,1,1,1
SF,IH2103,2020-07-31 09:34:03.400,3226.0000,2010,0,26112660.000,0,-,-,-,-,3224.4000,3222.2000,3222.0000,3221.8000,3221.6000,3228.4000,3228.6000,3228.8000,3229.0000,3229.4000,1,2,1,1,1,1,3,2,3,1
SF,IH2103,2020-07-31 09:34:03.900,3226.0000,2010,0,26112660.000,0,-,-,-,-,3224.4000,3222.2000,3222.0000,3221.8000,3221.6000,3228.2000,3228.4000,3228.6000,3228.8000,3229.0000,1,2,1,1,1,4,1,3,1,3
SF,IH2103,2020-07-31 09:34:04.400,3226.0000,2010,0,26112660.000,0,-,-,-,-,3222.2000,3222.0000,3221.8000,3221.6000,3221.2000,3228.0000,3228.2000,3228.6000,3228.8000,3229.0000,2,1,1,1,1,1,4,3,1,3
SF,IH2103,2020-07-31 09:34:04.900,3226.0000,2010,0,26112660.000,0,-,-,-,-,3222.6000,3222.4000,3222.2000,3222.0000,3221.8000,3227.8000,3228.0000,3228.2000,3228.6000,3229.0000,1,3,2,1,1,5,1,3,3,3
SF,IH2103,2020-07-31 09:34:05.400,3226.0000,2010,0,26112660.000,0,-,-,-,-,3222.8000,3222.6000,3222.4000,3222.2000,3222.0000,3227.6000,3227.8000,3228.2000,3228.6000,3229.0000,1,1,2,2,1,1,5,3,3,3
SF,IH2103,2020-07-31 09:34:05.900,3226.0000,2010,0,26112660.000,0,-,-,-,-,3222.8000,3222.6000,3222.2000,3222.0000,3221.8000,3227.4000,3227.6000,3227.8000,3228.2000,3228.6000,1,1,2,1,1,5,1,3,3,3
SF,IH2103,2020-07-31 09:34:06.400,3226.0000,2010,0,26112660.000,0,-,-,-,-,3222.8000,3222.6000,3222.2000,3222.0000,3221.8000,3227.4000,3227.6000,3227.8000,3228.2000,3228.6000,1,1,2,1,1,5,1,3,3,3
SF,IH2103,2020-07-31 09:34:06.900,3226.0000,2010,0,26112660.000,0,-,-,-,-,3222.8000,3222.6000,3222.2000,3222.0000,3221.8000,3227.4000,3227.6000,3227.8000,3228.2000,3228.6000,1,1,2,1,1,4,1,3,3,3
SF,IH2103,2020-07-31 09:34:07.400,3226.0000,2010,0,26112660.000,0,-,-,-,-,3223.2000,3223.0000,3222.8000,3222.2000,3222.0000,3227.8000,3228.2000,3228.6000,3229.0000,3229.4000,1,3,1,2,1,3,3,3,3,1
SF,IH2103,2020-07-31 09:34:07.900,3226.0000,2010,0,26112660.000,0,-,-,-,-,3223.4000,3223.2000,3222.2000,3222.0000,3221.8000,3229.4000,3230.0000,3230.6000,3231.0000,3231.4000,2,1,2,1,1,1,1,2,3,1
SF,IH2103,2020-07-31 09:34:08.400,3226.0000,2010,0,26112660.000,0,-,-,-,-,3223.6000,3223.4000,3222.2000,3222.0000,3221.8000,3227.6000,3229.2000,3229.4000,3230.0000,3230.6000,1,2,2,1,1,1,3,1,1,2
SF,IH2103,2020-07-31 09:34:08.900,3226.0000,2010,0,26112660.000,0,-,-,-,-,3223.8000,3223.6000,3223.4000,3222.2000,3222.0000,3227.4000,3227.6000,3229.2000,3229.4000,3230.0000,1,1,1,2,1,1,1,2,1,1
SF,IH2103,2020-07-31 09:34:09.400,3226.0000,2010,0,26112660.000,0,-,-,-,-,3223.8000,3223.6000,3223.4000,3222.2000,3222.0000,3227.4000,3229.2000,3229.4000,3230.0000,3230.6000,2,1,1,2,1,1,1,1,1,2
SF,IH2103,2020-07-31 09:34:09.900,3226.0000,2010,0,26112660.000,0,-,-,-,-,3223.8000,3223.6000,3223.4000,3222.2000,3222.0000,3229.2000,3229.4000,3230.0000,3230.6000,3231.0000,1,1,1,2,1,1,1,1,2,3
SF,IH2103,2020-07-31 09:34:10.400,3226.0000,2010,0,26112660.000,0,-,-,-,-,3224.0000,3223.8000,3223.6000,3222.2000,3222.0000,3228.0000,3229.0000,3229.2000,3229.4000,3230.0000,1,1,1,2,1,1,5,1,1,1
SF,IH2103,2020-07-31 09:34:10.900,3226.0000,2010,0,26112660.000,0,-,-,-,-,3224.2000,3224.0000,3223.6000,3222.2000,3222.0000,3228.0000,3229.0000,3229.2000,3229.4000,3230.0000,1,1,1,2,1,1,5,1,1,1
SF,IH2103,2020-07-31 09:34:11.400,3226.0000,2010,0,26112660.000,0,-,-,-,-,3224.2000,3224.0000,3223.6000,3222.2000,3222.0000,3227.8000,3228.0000,3229.0000,3229.2000,3229.4000,1,1,1,2,1,1,1,5,1,1
SF,IH2103,2020-07-31 09:34:11.900,3226.0000,2010,0,26112660.000,0,-,-,-,-,3224.2000,3224.0000,3223.6000,3222.2000,3222.0000,3228.0000,3229.0000,3229.2000,3229.4000,3230.0000,1,1,1,2,1,1,4,1,1,1
SF,IH2103,2020-07-31 09:34:12.400,3226.0000,2010,0,26112660.000,0,-,-,-,-,3224.4000,3224.2000,3224.0000,3222.2000,3222.0000,3228.0000,3229.0000,3229.2000,3229.4000,3230.0000,1,1,1,2,1,1,3,1,1,1
SF,IH2103,2020-07-31 09:34:12.900,3226.0000,2010,0,26112660.000,0,-,-,-,-,3224.6000,3224.4000,3224.0000,3222.2000,3222.0000,3228.0000,3229.0000,3229.2000,3229.4000,3230.0000,1,2,1,2,1,1,3,1,1,1
SF,IH2103,2020-07-31 09:34:13.400,3228.0000,2010,0,27081060.000,1,0,1,多换,S,3224.8000,3224.6000,3224.4000,3224.0000,3222.2000,3229.0000,3229.2000,3229.4000,3230.0000,3230.6000,1,1,1,1,2,3,1,1,1,2
SF,IH2103,2020-07-31 09:34:13.900,3228.0000,2010,0,27081060.000,0,-,-,-,-,3225.0000,3224.8000,3222.2000,3222.0000,3221.8000,3228.8000,3229.0000,3229.4000,3230.0000,3230.6000,2,1,2,1,1,3,3,1,1,2
SF,IH2103,2020-07-31 09:34:14.400,3228.0000,2010,0,27081060.000,0,-,-,-,-,3225.0000,3224.8000,3222.2000,3222.0000,3221.8000,3228.8000,3229.0000,3229.4000,3230.0000,3230.6000,2,1,2,1,1,1,3,1,1,2
SF,IH2103,2020-07-31 09:34:14.900,3228.0000,2010,0,27081060.000,0,-,-,-,-,3225.0000,3224.8000,3222.2000,3222.0000,3221.8000,3230.0000,3230.6000,3231.0000,3231.4000,3231.6000,2,1,2,1,1,1,2,3,1,1
SF,IH2103,2020-07-31 09:34:15.400,3228.0000,2010,0,27081060.000,0,-,-,-,-,3225.0000,3222.2000,3222.0000,3221.8000,3221.6000,3229.8000,3230.0000,3230.6000,3231.0000,3231.4000,2,2,1,1,1,2,1,2,3,1
SF,IH2103,2020-07-31 09:34:15.900,3228.0000,2010,0,27081060.000,0,-,-,-,-,3225.0000,3222.2000,3222.0000,3221.8000,3221.6000,3229.8000,3230.0000,3230.6000,3231.0000,3231.4000,2,2,1,1,1,2,1,2,3,1
SF,IH2103,2020-07-31 09:34:16.400,3228.0000,2010,0,27081060.000,0,-,-,-,-,3225.0000,3222.2000,3222.0000,3221.8000,3221.6000,3229.6000,3229.8000,3230.0000,3230.6000,3231.0000,1,2,1,1,1,1,2,1,2,3
SF,IH2103,2020-07-31 09:34:16.900,3228.0000,2010,0,27081060.000,0,-,-,-,-,3225.0000,3222.2000,3222.0000,3221.8000,3221.6000,3229.4000,3229.6000,3229.8000,3230.0000,3230.6000,1,2,1,1,1,3,1,1,1,2
SF,IH2103,2020-07-31 09:34:17.400,3228.0000,2010,0,27081060.000,0,-,-,-,-,3225.0000,3222.2000,3222.0000,3221.8000,3221.6000,3229.2000,3229.4000,3229.8000,3230.0000,3230.6000,1,2,1,1,1,1,3,1,1,2
SF,IH2103,2020-07-31 09:34:18.400,3228.0000,2010,0,27081060.000,0,-,-,-,-,3225.2000,3225.0000,3222.2000,3222.0000,3221.8000,3229.2000,3229.4000,3229.8000,3230.0000,3230.6000,2,1,2,1,1,1,1,1,1,2
SF,IH2103,2020-07-31 09:34:18.900,3228.0000,2010,0,27081060.000,0,-,-,-,-,3225.4000,3222.2000,3222.0000,3221.8000,3221.6000,3229.2000,3229.8000,3230.0000,3230.6000,3231.0000,1,2,1,1,1,1,1,1,2,3
SF,IH2103,2020-07-31 09:34:20.900,3228.0000,2010,0,27081060.000,0,-,-,-,-,3225.6000,3225.4000,3222.2000,3222.0000,3221.8000,3229.2000,3229.8000,3230.0000,3230.6000,3231.0000,1,1,2,1,1,1,1,1,2,3
SF,IH2103,2020-07-31 09:34:21.400,3228.0000,2010,0,27081060.000,0,-,-,-,-,3225.8000,3222.2000,3222.0000,3221.8000,3221.2000,3229.8000,3230.0000,3230.6000,3231.0000,3231.4000,1,2,1,1,1,1,1,2,3,1
SF,IH2103,2020-07-31 09:34:21.900,3228.0000,2010,0,27081060.000,0,-,-,-,-,3225.8000,3222.2000,3222.0000,3221.8000,3221.2000,3230.0000,3230.6000,3231.0000,3231.4000,3231.6000,1,2,1,1,1,1,2,3,1,1
SF,IH2103,2020-07-31 09:34:22.400,3228.0000,2010,0,27081060.000,0,-,-,-,-,3226.0000,3225.8000,3222.2000,3222.0000,3221.8000,3230.0000,3230.6000,3231.0000,3231.4000,3231.6000,2,1,2,1,1,1,2,3,1,1
SF,IH2103,2020-07-31 09:34:22.900,3228.0000,2010,0,27081060.000,0,-,-,-,-,3226.2000,3226.0000,3222.2000,3222.0000,3221.8000,3230.0000,3230.6000,3231.0000,3231.4000,3231.6000,1,2,2,1,1,1,2,3,1,1
SF,IH2103,2020-07-31 09:34:23.400,3228.0000,2010,0,27081060.000,0,-,-,-,-,3226.2000,3226.0000,3222.2000,3222.0000,3221.8000,3230.6000,3231.0000,3231.4000,3231.6000,3232.0000,1,1,2,1,1,2,3,1,1,2
SF,IH2103,2020-07-31 09:34:23.900,3228.0000,2010,0,27081060.000,0,-,-,-,-,3226.4000,3226.2000,3222.2000,3222.0000,3221.8000,3230.4000,3230.6000,3231.0000,3231.4000,3231.6000,1,1,2,1,1,2,2,3,1,1
SF,IH2103,2020-07-31 09:34:24.400,3228.0000,2010,0,27081060.000,0,-,-,-,-,3226.6000,3226.4000,3222.2000,3222.0000,3221.8000,3230.4000,3230.6000,3231.0000,3231.4000,3231.6000,1,1,2,1,1,2,2,3,1,1
SF,IH2103,2020-07-31 09:34:25.400,3228.0000,2010,0,27081060.000,0,-,-,-,-,3226.6000,3226.4000,3222.2000,3222.0000,3221.8000,3230.4000,3230.6000,3231.0000,3231.4000,3231.6000,1,1,2,1,1,1,2,3,1,1
SF,IH2103,2020-07-31 09:34:25.900,3228.0000,2010,0,27081060.000,0,-,-,-,-,3226.6000,3226.4000,3222.2000,3222.0000,3221.8000,3230.6000,3231.0000,3231.4000,3231.6000,3232.0000,1,1,2,1,1,2,3,1,1,2
SF,IH2103,2020-07-31 09:34:26.900,3228.0000,2010,0,27081060.000,0,-,-,-,-,3226.8000,3226.6000,3226.4000,3222.2000,3222.0000,3231.0000,3231.4000,3231.6000,3232.0000,3232.2000,1,1,1,2,1,3,1,1,2,2
SF,IH2103,2020-07-31 09:34:27.400,3228.0000,2010,0,27081060.000,0,-,-,-,-,3227.0000,3226.8000,3222.2000,3222.0000,3221.8000,3231.4000,3231.6000,3232.0000,3232.2000,3232.6000,2,1,2,1,1,1,1,2,2,3
SF,IH2103,2020-07-31 09:34:27.900,3228.0000,2010,0,27081060.000,0,-,-,-,-,3227.0000,3226.8000,3222.2000,3222.0000,3221.8000,3231.2000,3231.4000,3231.6000,3232.0000,3232.2000,2,1,2,1,1,1,1,1,2,2
SF,IH2103,2020-07-31 09:34:28.900,3228.0000,2010,0,27081060.000,0,-,-,-,-,3230.0000,3227.0000,3226.8000,3222.2000,3222.0000,3231.4000,3231.6000,3232.0000,3232.2000,3232.6000,1,2,1,2,1,1,1,2,2,3
SF,IH2103,2020-07-31 09:34:29.400,3230.0000,2010,0,28050060.000,1,0,1,多换,S,3227.0000,3226.8000,3222.2000,3222.0000,3221.8000,3229.2000,3231.2000,3231.4000,3231.6000,3232.0000,2,1,2,1,1,2,1,1,1,2
SF,IH2103,2020-07-31 09:34:29.900,3229.2000,2009,-1,29018820.000,1,0,1,双平,S,3227.2000,3226.8000,3222.2000,3222.0000,3221.8000,3229.2000,3232.0000,3232.2000,3232.6000,3233.0000,1,1,2,1,1,1,2,2,3,3
SF,IH2103,2020-07-31 09:34:30.400,3229.2000,2009,0,29018820.000,0,-,-,-,-,3227.4000,3227.2000,3226.8000,3222.2000,3222.0000,3229.2000,3232.0000,3232.2000,3232.6000,3233.0000,1,1,1,2,1,1,2,2,3,3
SF,IH2103,2020-07-31 09:34:31.400,3229.2000,2009,0,29018820.000,0,-,-,-,-,3227.8000,3227.4000,3227.2000,3226.8000,3222.2000,3229.2000,3232.0000,3232.2000,3232.6000,3233.0000,1,1,1,1,2,1,2,2,3,3
SF,IH2103,2020-07-31 09:34:31.900,3229.2000,2009,0,29018820.000,0,-,-,-,-,3228.0000,3227.8000,3227.2000,3226.8000,3222.2000,3229.2000,3232.0000,3232.2000,3232.6000,3233.0000,1,1,1,1,2,1,2,2,3,3
SF,IH2103,2020-07-31 09:34:32.400,3228.2000,2007,-2,30956040.000,2,0,2,双平,S,3228.0000,3227.8000,3227.2000,3226.8000,3222.2000,3232.0000,3232.2000,3232.6000,3233.0000,3233.4000,1,1,1,1,2,2,2,3,3,3
SF,IH2103,2020-07-31 09:34:32.900,3228.2000,2007,0,30956040.000,0,-,-,-,-,3227.8000,3226.8000,3222.2000,3222.0000,3221.8000,3231.8000,3232.0000,3232.2000,3232.6000,3233.0000,1,1,2,1,1,3,2,2,3,3
SF,IH2103,2020-07-31 09:34:33.400,3228.2000,2007,0,30956040.000,0,-,-,-,-,3226.8000,3222.2000,3222.0000,3221.8000,3221.2000,3231.8000,3232.0000,3232.2000,3232.6000,3233.0000,1,2,1,1,1,3,2,2,3,3
SF,IH2103,2020-07-31 09:34:33.900,3228.2000,2007,0,30956040.000,0,-,-,-,-,3227.2000,3227.0000,3226.8000,3222.2000,3222.0000,3231.6000,3231.8000,3232.0000,3232.2000,3232.6000,1,1,1,2,1,1,3,2,2,3
SF,IH2103,2020-07-31 09:34:34.400,3228.2000,2007,0,30956040.000,0,-,-,-,-,3227.4000,3227.2000,3226.8000,3222.2000,3222.0000,3231.4000,3231.6000,3231.8000,3232.0000,3232.2000,1,1,1,2,1,1,1,2,2,2
SF,IH2103,2020-07-31 09:34:34.900,3228.2000,2007,0,30956040.000,0,-,-,-,-,3227.8000,3227.4000,3227.2000,3226.8000,3222.2000,3231.4000,3231.6000,3232.0000,3232.2000,3232.6000,1,2,1,1,2,1,1,2,2,3
SF,IH2103,2020-07-31 09:34:35.400,3228.2000,2007,0,30956040.000,0,-,-,-,-,3228.0000,3227.8000,3227.2000,3226.8000,3222.2000,3231.4000,3231.6000,3232.0000,3232.2000,3232.6000,1,1,1,1,2,1,1,2,2,3
SF,IH2103,2020-07-31 09:34:35.900,3228.2000,2007,0,30956040.000,0,-,-,-,-,3228.0000,3227.8000,3227.2000,3226.8000,3222.2000,3231.4000,3232.0000,3232.2000,3232.6000,3233.0000,2,1,1,1,2,1,2,2,3,3
SF,IH2103,2020-07-31 09:34:36.400,3228.2000,2007,0,30956040.000,0,-,-,-,-,3228.0000,3227.8000,3227.2000,3226.8000,3222.2000,3231.4000,3232.0000,3232.2000,3232.6000,3233.0000,1,1,1,1,2,1,2,2,3,3
SF,IH2103,2020-07-31 09:34:37.400,3231.4000,2006,-1,31925460.000,1,0,1,双平,S,3228.2000,3228.0000,3227.2000,3226.8000,3222.2000,3232.2000,3232.6000,3233.0000,3233.4000,3233.6000,1,1,1,1,2,2,3,3,3,1
SF,IH2103,2020-07-31 09:34:37.900,3231.4000,2006,0,31925460.000,0,-,-,-,-,3228.4000,3228.2000,3226.8000,3222.2000,3222.0000,3232.6000,3233.0000,3233.4000,3233.6000,3254.6000,2,1,1,2,1,3,3,3,1,1
SF,IH2103,2020-07-31 09:34:38.400,3231.4000,2006,0,31925460.000,0,-,-,-,-,3228.6000,3228.4000,3228.2000,3226.8000,3222.2000,3232.4000,3232.6000,3233.0000,3233.4000,3233.6000,1,1,1,1,2,1,3,3,3,1
SF,IH2103,2020-07-31 09:34:38.900,3231.4000,2006,0,31925460.000,0,-,-,-,-,3228.8000,3228.6000,3226.8000,3222.2000,3222.0000,3232.4000,3232.6000,3233.0000,3233.4000,3233.6000,1,1,1,2,1,1,3,3,3,1
SF,IH2103,2020-07-31 09:34:39.400,3231.4000,2006,0,31925460.000,0,-,-,-,-,3228.8000,3228.6000,3226.8000,3222.2000,3222.0000,3232.2000,3232.4000,3232.6000,3233.0000,3233.4000,1,1,1,2,1,1,1,3,3,3
SF,IH2103,2020-07-31 09:34:39.900,3231.4000,2006,0,31925460.000,0,-,-,-,-,3229.0000,3228.8000,3226.8000,3222.2000,3222.0000,3232.0000,3232.2000,3232.4000,3232.6000,3233.0000,1,1,1,2,1,1,1,1,3,3
SF,IH2103,2020-07-31 09:34:40.400,3231.4000,2006,0,31925460.000,0,-,-,-,-,3229.2000,3229.0000,3226.8000,3222.2000,3222.0000,3233.0000,3233.4000,3233.6000,3254.6000,3259.8000,1,1,1,2,1,3,3,1,1,1
SF,IH2103,2020-07-31 09:34:40.900,3231.4000,2006,0,31925460.000,0,-,-,-,-,3229.2000,3229.0000,3226.8000,3222.2000,3222.0000,3232.6000,3232.8000,3233.0000,3233.4000,3233.6000,1,1,1,2,1,1,1,3,3,1
SF,IH2103,2020-07-31 09:34:41.400,3231.4000,2006,0,31925460.000,0,-,-,-,-,3229.2000,3229.0000,3226.8000,3222.2000,3222.0000,3232.8000,3233.0000,3233.4000,3233.6000,3254.6000,1,1,1,2,1,1,3,3,1,1
SF,IH2103,2020-07-31 09:34:41.900,3231.4000,2006,0,31925460.000,0,-,-,-,-,3229.2000,3226.8000,3222.2000,3222.0000,3221.8000,3232.8000,3233.0000,3233.4000,3233.6000,3254.6000,1,1,2,1,1,1,3,3,1,1
SF,IH2103,2020-07-31 09:34:43.900,3232.8000,2006,0,32895300.000,1,0,1,多换,S,3229.2000,3226.8000,3222.2000,3222.0000,3221.8000,3233.0000,3233.4000,3233.6000,3254.6000,3259.8000,1,1,2,1,1,3,3,1,1,1
SF,IH2103,2020-07-31 09:34:44.400,3232.8000,2006,0,32895300.000,0,-,-,-,-,3229.8000,3229.2000,3226.8000,3222.2000,3222.0000,3232.6000,3233.0000,3233.4000,3233.6000,3254.6000,1,1,1,2,1,2,3,3,1,1
SF,IH2103,2020-07-31 09:34:44.900,3232.8000,2006,0,32895300.000,0,-,-,-,-,3230.0000,3229.8000,3226.8000,3222.2000,3222.0000,3232.6000,3233.0000,3233.4000,3233.6000,3246.4000,1,1,1,2,1,2,3,3,1,1
SF,IH2103,2020-07-31 09:34:45.900,3232.8000,2006,0,32895300.000,0,-,-,-,-,3230.8000,3230.0000,3226.8000,3222.2000,3222.0000,3233.0000,3233.4000,3233.6000,3246.4000,3254.6000,1,1,1,2,1,3,3,1,1,1
SF,IH2103,2020-07-31 09:34:46.400,3230.8000,2005,-1,34833840.000,2,0,2,多平,S,3226.8000,3222.2000,3222.0000,3221.8000,3221.2000,3232.8000,3233.0000,3233.4000,3233.6000,3246.4000,1,2,1,1,1,2,3,3,1,1
SF,IH2103,2020-07-31 09:34:46.900,3230.8000,2005,0,34833840.000,0,-,-,-,-,3227.2000,3227.0000,3226.8000,3222.2000,3222.0000,3232.8000,3233.0000,3233.4000,3233.6000,3246.4000,1,5,1,2,1,2,3,3,1,1
SF,IH2103,2020-07-31 09:34:47.400,3230.8000,2005,0,34833840.000,0,-,-,-,-,3227.4000,3227.2000,3227.0000,3226.8000,3222.2000,3233.4000,3233.6000,3246.4000,3254.6000,3259.8000,6,1,3,1,2,3,1,1,1,1
SF,IH2103,2020-07-31 09:34:47.900,3230.8000,2005,0,34833840.000,0,-,-,-,-,3227.4000,3227.2000,3227.0000,3226.8000,3222.2000,3233.2000,3233.4000,3233.6000,3246.4000,3254.6000,6,1,3,1,2,2,3,1,1,1
SF,IH2103,2020-07-31 09:34:48.400,3230.8000,2005,0,34833840.000,0,-,-,-,-,3227.8000,3227.4000,3227.0000,3226.8000,3222.2000,3233.0000,3233.4000,3233.6000,3246.4000,3254.6000,1,5,3,1,2,1,3,1,1,1
SF,IH2103,2020-07-31 09:34:48.900,3230.8000,2005,0,34833840.000,0,-,-,-,-,3228.0000,3227.8000,3227.4000,3227.0000,3226.8000,3233.0000,3233.4000,3233.6000,3246.4000,3254.6000,3,1,3,3,1,1,3,1,1,1
SF,IH2103,2020-07-31 09:34:49.400,3230.8000,2005,0,34833840.000,0,-,-,-,-,3228.0000,3227.4000,3227.0000,3226.8000,3222.2000,3232.8000,3233.0000,3233.4000,3233.6000,3246.4000,3,3,3,1,2,5,1,3,1,1
SF,IH2103,2020-07-31 09:34:49.900,3230.8000,2005,0,34833840.000,0,-,-,-,-,3228.0000,3227.0000,3226.8000,3222.2000,3222.0000,3232.6000,3232.8000,3233.4000,3233.6000,3246.4000,1,3,1,2,1,2,4,3,1,1
SF,IH2103,2020-07-31 09:34:50.400,3230.8000,2005,0,34833840.000,0,-,-,-,-,3228.0000,3227.0000,3226.8000,3222.2000,3222.0000,3232.4000,3232.6000,3232.8000,3233.4000,3233.6000,1,3,1,2,1,2,2,4,3,1
SF,IH2103,2020-07-31 09:34:50.900,3230.8000,2005,0,34833840.000,0,-,-,-,-,3228.2000,3228.0000,3227.0000,3226.8000,3222.2000,3232.2000,3232.4000,3232.8000,3233.4000,3233.6000,1,1,3,1,2,2,2,4,3,1
SF,IH2103,2020-07-31 09:34:51.400,3230.8000,2005,0,34833840.000,0,-,-,-,-,3228.4000,3228.2000,3227.0000,3226.8000,3222.2000,3232.2000,3232.4000,3232.8000,3233.4000,3233.6000,1,1,3,1,2,2,2,4,3,1
SF,IH2103,2020-07-31 09:34:51.900,3230.8000,2005,0,34833840.000,0,-,-,-,-,3227.0000,3226.8000,3222.2000,3222.0000,3221.8000,3232.2000,3232.4000,3232.8000,3233.4000,3233.6000,3,1,2,1,1,2,2,4,3,1
SF,IH2103,2020-07-31 09:34:52.400,3230.8000,2005,0,34833840.000,0,-,-,-,-,3227.2000,3227.0000,3226.8000,3222.2000,3222.0000,3232.0000,3232.2000,3232.4000,3232.8000,3233.4000,2,3,1,2,1,2,2,2,3,3
SF,IH2103,2020-07-31 09:34:52.900,3230.8000,2005,0,34833840.000,0,-,-,-,-,3227.2000,3227.0000,3226.8000,3222.2000,3222.0000,3231.8000,3232.0000,3232.4000,3232.8000,3233.4000,2,3,1,2,1,2,2,2,3,3
SF,IH2103,2020-07-31 09:34:53.400,3230.8000,2005,0,34833840.000,0,-,-,-,-,3227.2000,3227.0000,3226.8000,3222.2000,3222.0000,3231.6000,3231.8000,3232.0000,3232.4000,3232.8000,2,3,1,2,1,1,2,2,2,3
SF,IH2103,2020-07-31 09:34:53.900,3230.8000,2005,0,34833840.000,0,-,-,-,-,3227.2000,3227.0000,3226.8000,3222.2000,3222.0000,3231.4000,3232.0000,3232.4000,3232.8000,3233.4000,2,3,1,2,1,2,2,2,3,3
SF,IH2103,2020-07-31 09:34:56.900,3230.8000,2005,0,34833840.000,0,-,-,-,-,3227.2000,3222.2000,3222.0000,3221.8000,3221.2000,3231.2000,3231.4000,3232.0000,3232.4000,3232.8000,1,2,1,1,1,1,2,2,2,3
SF,IH2103,2020-07-31 09:34:57.400,3230.8000,2005,0,34833840.000,0,-,-,-,-,3222.2000,3222.0000,3221.8000,3221.2000,3208.0000,3231.0000,3231.2000,3231.4000,3232.0000,3232.4000,2,1,1,1,1,2,1,1,2,2
SF,IH2103,2020-07-31 09:34:57.900,3230.8000,2005,0,34833840.000,0,-,-,-,-,3222.6000,3222.4000,3222.2000,3222.0000,3221.8000,3230.8000,3231.0000,3231.2000,3232.0000,3232.4000,1,3,2,1,1,3,2,1,2,2
SF,IH2103,2020-07-31 09:34:58.400,3230.8000,2005,0,34833840.000,0,-,-,-,-,3222.8000,3222.6000,3222.4000,3222.2000,3222.0000,3230.4000,3230.6000,3230.8000,3231.0000,3231.2000,3,1,2,2,1,1,1,3,1,1
SF,IH2103,2020-07-31 09:34:58.900,3230.8000,2005,0,34833840.000,0,-,-,-,-,3223.2000,3222.8000,3222.4000,3222.2000,3222.0000,3230.2000,3230.4000,3230.8000,3231.0000,3231.2000,1,3,2,2,1,3,1,2,1,1
SF,IH2103,2020-07-31 09:34:59.400,3230.8000,2005,0,34833840.000,0,-,-,-,-,3223.4000,3223.2000,3222.8000,3222.4000,3222.2000,3229.8000,3230.0000,3230.2000,3230.8000,3231.0000,3,1,2,2,2,1,1,3,2,1
SF,IH2103,2020-07-31 09:34:59.900,3230.8000,2005,0,34833840.000,0,-,-,-,-,3223.8000,3223.4000,3222.8000,3222.4000,3222.2000,3229.6000,3229.8000,3230.0000,3230.2000,3230.8000,1,3,2,2,2,3,1,1,1,2
SF,IH2103,2020-07-31 09:35:00.400,3230.8000,2005,0,34833840.000,0,-,-,-,-,3224.0000,3223.8000,3223.4000,3222.8000,3222.4000,3229.6000,3229.8000,3230.0000,3230.2000,3230.8000,2,1,2,2,2,2,1,1,1,2
SF,IH2103,2020-07-31 09:35:00.900,3230.8000,2005,0,34833840.000,0,-,-,-,-,3224.4000,3224.0000,3223.4000,3222.8000,3222.4000,3229.6000,3229.8000,3230.0000,3230.2000,3230.8000,1,2,2,2,2,2,1,1,1,2
SF,IH2103,2020-07-31 09:35:01.400,3230.8000,2005,0,34833840.000,0,-,-,-,-,3224.6000,3224.4000,3224.0000,3223.4000,3222.8000,3229.6000,3229.8000,3230.0000,3230.2000,3230.8000,4,1,1,2,2,2,1,1,1,2
SF,IH2103,2020-07-31 09:35:01.900,3230.8000,2005,0,34833840.000,0,-,-,-,-,3225.0000,3224.8000,3224.6000,3224.0000,3223.4000,3229.6000,3230.0000,3230.2000,3230.8000,3231.0000,1,1,4,1,2,2,1,1,2,1
SF,IH2103,2020-07-31 09:35:02.400,3230.8000,2005,0,34833840.000,0,-,-,-,-,3225.2000,3225.0000,3224.8000,3224.6000,3224.0000,3229.6000,3230.0000,3230.2000,3230.8000,3231.0000,4,1,1,3,1,1,1,1,2,1
SF,IH2103,2020-07-31 09:35:02.900,3230.8000,2005,0,34833840.000,0,-,-,-,-,3225.6000,3225.2000,3224.8000,3224.6000,3224.0000,3229.6000,3230.0000,3230.8000,3231.0000,3231.2000,1,4,1,3,1,1,1,2,1,1
SF,IH2103,2020-07-31 09:35:03.400,3230.8000,2005,0,34833840.000,0,-,-,-,-,3225.8000,3225.6000,3225.2000,3224.8000,3224.6000,3229.6000,3230.0000,3230.8000,3231.0000,3231.2000,4,1,3,1,3,1,1,2,1,1
SF,IH2103,2020-07-31 09:35:03.900,3230.8000,2005,0,34833840.000,0,-,-,-,-,3226.2000,3225.8000,3225.2000,3224.8000,3224.6000,3229.6000,3230.0000,3230.8000,3231.0000,3231.2000,1,4,3,1,3,1,1,2,1,1
SF,IH2103,2020-07-31 09:35:04.400,3230.8000,2005,0,34833840.000,0,-,-,-,-,3226.4000,3226.2000,3225.8000,3225.2000,3224.8000,3230.0000,3230.8000,3231.0000,3231.2000,3232.0000,2,1,3,3,1,1,2,1,1,2
SF,IH2103,2020-07-31 09:35:04.900,3230.8000,2005,0,34833840.000,0,-,-,-,-,3225.8000,3225.2000,3224.8000,3224.6000,3224.0000,3229.8000,3230.0000,3230.8000,3231.0000,3231.2000,3,3,1,3,1,1,1,2,1,1
SF,IH2103,2020-07-31 09:35:05.400,3230.8000,2005,0,34833840.000,0,-,-,-,-,3225.2000,3224.8000,3224.6000,3224.0000,3223.4000,3229.8000,3230.0000,3230.8000,3231.0000,3231.2000,3,1,3,1,2,3,1,2,1,1
SF,IH2103,2020-07-31 09:35:05.900,3230.8000,2005,0,34833840.000,0,-,-,-,-,3224.8000,3224.6000,3224.0000,3223.4000,3222.8000,3229.4000,3229.6000,3229.8000,3230.0000,3230.8000,1,3,1,2,2,1,1,3,1,2
SF,IH2103,2020-07-31 09:35:06.400,3230.8000,2005,0,34833840.000,0,-,-,-,-,3224.8000,3224.0000,3223.4000,3222.8000,3222.4000,3229.2000,3229.4000,3229.8000,3230.0000,3230.8000,1,1,2,2,2,3,1,2,1,2
SF,IH2103,2020-07-31 09:35:06.900,3230.8000,2005,0,34833840.000,0,-,-,-,-,3224.8000,3222.8000,3222.4000,3222.2000,3222.0000,3228.8000,3229.2000,3229.8000,3230.0000,3230.8000,1,2,2,2,1,1,3,2,1,2
SF,IH2103,2020-07-31 09:35:07.400,3230.8000,2005,0,34833840.000,0,-,-,-,-,3224.8000,3222.4000,3222.2000,3222.0000,3221.8000,3228.6000,3228.8000,3229.2000,3229.8000,3230.0000,1,2,2,1,1,4,1,2,2,1
SF,IH2103,2020-07-31 09:35:07.900,3230.8000,2005,0,34833840.000,0,-,-,-,-,3224.8000,3222.4000,3222.2000,3222.0000,3221.8000,3228.2000,3228.6000,3229.2000,3229.8000,3230.0000,1,2,2,1,1,1,4,2,2,1
SF,IH2103,2020-07-31 09:35:08.400,3230.8000,2005,0,34833840.000,0,-,-,-,-,3224.8000,3222.4000,3222.2000,3222.0000,3221.8000,3228.0000,3228.2000,3228.6000,3229.2000,3229.8000,1,2,2,1,1,4,1,3,2,2
SF,IH2103,2020-07-31 09:35:09.400,3230.8000,2005,0,34833840.000,0,-,-,-,-,3224.8000,3222.4000,3222.2000,3222.0000,3221.8000,3228.0000,3228.6000,3229.2000,3229.8000,3230.0000,1,2,2,1,1,4,3,2,2,1
SF,IH2103,2020-07-31 09:35:09.900,3230.8000,2005,0,34833840.000,0,-,-,-,-,3225.0000,3224.8000,3222.4000,3222.2000,3222.0000,3228.0000,3228.6000,3229.2000,3229.8000,3230.0000,1,1,2,2,1,1,3,2,2,1
SF,IH2103,2020-07-31 09:35:11.900,3225.0000,2004,-1,35801340.000,1,0,1,双平,S,3224.8000,3222.4000,3222.2000,3222.0000,3221.8000,3227.8000,3228.0000,3228.6000,3229.2000,3229.8000,1,2,2,1,1,1,1,3,2,2
SF,IH2103,2020-07-31 09:35:12.400,3224.8000,2004,0,36768780.000,1,0,1,多换,S,3222.4000,3222.2000,3222.0000,3221.8000,3221.2000,3227.6000,3227.8000,3228.6000,3229.2000,3229.8000,2,2,1,1,1,2,1,3,2,2
SF,IH2103,2020-07-31 09:35:12.900,3227.4000,2005,1,37737000.000,1,1,0,双开,S,3222.6000,3222.4000,3222.2000,3222.0000,3221.8000,3227.4000,3227.6000,3227.8000,3228.6000,3229.2000,2,2,2,1,1,2,2,1,3,1
SF,IH2103,2020-07-31 09:35:13.400,3227.4000,2005,0,37737000.000,0,-,-,-,-,3222.4000,3222.2000,3222.0000,3221.8000,3221.2000,3227.0000,3227.2000,3227.4000,3227.8000,3228.6000,2,2,1,1,1,1,1,2,1,3
SF,IH2103,2020-07-31 09:35:13.900,3227.4000,2005,0,37737000.000,0,-,-,-,-,3222.0000,3221.8000,3221.2000,3208.0000,3207.6000,3226.8000,3227.0000,3227.4000,3227.8000,3228.6000,1,1,1,1,1,3,1,1,1,3
