市场代码,合约代码,时间,最新,持仓,增仓,成交额,成交量,开仓,平仓,成交类型,方向,买一价,买二价,买三价,买四价,买五价,卖一价,卖二价,卖三价,卖四价,卖五价,买一量,买二量,买三量,买四量,买五量,卖一量,卖二量,卖三量,卖四量,卖五量
SF,IH2103,2020-10-22 09:29:00.300,3322.8000,8985,0,0.000,0.000,-,-,-,-,3313.6000,3311.6000,3309.0000,3308.2000,3306.0000,3314.2000,3320.0000,3322.0000,3322.2000,3322.6000,1,1,1,1,1,1,10,4,1,1
SF,IH2103,2020-10-22 09:30:00.300,3313.6000,8986,1,994080.000,1,1,0,双开,S,3311.6000,3309.0000,3308.2000,3306.0000,3303.2000,3312.6000,3313.2000,3313.8000,3314.2000,3320.0000,1,1,1,1,1,1,1,2,1,10
SF,IH2103,2020-10-22 09:30:00.800,3312.2000,8985,-1,5962020.000,5,2,3,多平,S,3309.0000,3308.2000,3306.0000,3303.2000,3303.0000,3312.2000,3312.6000,3313.2000,3313.6000,3314.2000,1,1,1,1,1,1,1,1,4,1
SF,IH2103,2020-10-22 09:30:01.300,3309.2000,8984,-1,6954780.000,1,0,1,双平,S,3309.2000,3309.0000,3308.2000,3306.0000,3303.2000,3311.6000,3312.0000,3312.2000,3312.6000,3313.6000,1,1,1,1,1,1,1,1,1,1
SF,IH2103,2020-10-22 09:30:01.800,3309.2000,8984,0,6954780.000,0,-,-,-,-,3309.0000,3308.2000,3306.0000,3303.2000,3303.0000,3309.2000,3309.6000,3309.8000,3311.2000,3311.4000,1,1,1,1,1,1,1,1,2,1
SF,IH2103,2020-10-22 09:30:02.300,3308.2000,8983,-1,9932700.000,3,1,2,多平,S,3306.0000,3303.2000,3303.0000,3302.4000,3301.0000,3308.8000,3309.0000,3309.8000,3311.0000,3311.2000,1,1,1,1,1,1,2,1,1,1
SF,IH2103,2020-10-22 09:30:02.800,3306.8000,8979,-4,14895480.000,5,0,5,多平,S,3306.6000,3306.2000,3306.0000,3303.0000,3302.4000,3308.2000,3311.0000,3311.2000,3311.6000,3314.2000,1,1,1,1,1,1,1,1,1,1
SF,IH2103,2020-10-22 09:30:03.300,3308.2000,8978,-1,15887940.000,1,0,1,双平,S,3308.2000,3306.6000,3306.2000,3306.0000,3303.0000,3311.0000,3311.2000,3311.6000,3314.2000,3316.0000,1,1,1,1,1,1,1,1,1,1
SF,IH2103,2020-10-22 09:30:03.800,3308.2000,8978,0,15887940.000,0,-,-,-,-,3308.4000,3308.2000,3306.6000,3306.0000,3303.0000,3309.8000,3310.6000,3311.0000,3311.6000,3314.2000,1,1,1,1,1,1,1,4,1,1
SF,IH2103,2020-10-22 09:30:04.300,3308.2000,8978,0,15887940.000,0,-,-,-,-,3308.4000,3308.2000,3306.6000,3306.0000,3303.0000,3309.2000,3309.4000,3310.6000,3310.8000,3311.0000,1,1,1,1,1,1,2,1,3,3
SF,IH2103,2020-10-22 09:30:04.800,3309.4000,8975,-3,18866340.000,3,0,3,双平,S,3309.8000,3308.2000,3306.6000,3306.0000,3303.0000,3310.6000,3311.0000,3311.6000,3314.2000,3316.0000,1,1,2,1,1,1,3,1,1,1
SF,IH2103,2020-10-22 09:30:05.300,3309.8000,8974,-1,19859280.000,1,0,1,双平,S,3308.2000,3306.6000,3306.0000,3303.0000,3302.4000,3309.4000,3309.8000,3310.0000,3310.2000,3310.6000,1,2,1,1,1,1,3,1,1,1
SF,IH2103,2020-10-22 09:30:05.800,3309.8000,8974,0,19859280.000,0,-,-,-,-,3308.2000,3306.6000,3306.0000,3303.0000,3302.4000,3309.4000,3309.8000,3310.0000,3310.6000,3311.0000,1,2,1,1,1,1,1,1,1,3
SF,IH2103,2020-10-22 09:30:06.300,3309.4000,8973,-1,20852100.000,1,0,1,双平,S,3308.2000,3306.6000,3306.0000,3303.0000,3302.4000,3308.6000,3310.6000,3311.0000,3311.6000,3314.2000,1,2,1,1,1,1,1,3,1,1
SF,IH2103,2020-10-22 09:30:06.800,3308.6000,8972,-1,21844680.000,1,0,1,双平,S,3306.6000,3306.0000,3303.0000,3302.4000,3301.0000,3310.6000,3311.0000,3311.6000,3314.2000,3316.0000,2,1,1,1,1,1,2,1,1,1
SF,IH2103,2020-10-22 09:30:07.300,3308.6000,8972,0,21844680.000,0,-,-,-,-,3308.6000,3306.8000,3306.6000,3306.0000,3303.0000,3309.6000,3309.8000,3310.2000,3310.4000,3310.6000,1,2,2,1,1,1,1,1,1,1
SF,IH2103,2020-10-22 09:30:07.800,3308.6000,8971,-1,22837260.000,1,0,1,双平,S,3306.8000,3306.6000,3306.0000,3303.0000,3302.4000,3309.6000,3309.8000,3310.2000,3310.4000,3311.0000,1,2,1,1,1,2,1,1,1,2
SF,IH2103,2020-10-22 09:30:08.300,3308.6000,8971,0,22837260.000,0,-,-,-,-,3306.8000,3306.6000,3306.0000,3303.0000,3302.4000,3309.6000,3309.8000,3310.2000,3310.4000,3311.0000,2,3,1,1,1,1,1,1,1,2
SF,IH2103,2020-10-22 09:30:08.800,3308.6000,8971,0,22837260.000,0,-,-,-,-,3306.8000,3306.6000,3306.0000,3303.0000,3302.4000,3308.8000,3309.6000,3309.8000,3310.2000,3310.4000,2,2,1,1,1,1,1,1,1,1
SF,IH2103,2020-10-22 09:30:09.300,3308.6000,8971,0,22837260.000,0,-,-,-,-,3306.8000,3306.6000,3306.0000,3303.0000,3302.4000,3310.2000,3310.4000,3311.0000,3316.0000,3316.8000,2,2,1,1,1,1,1,1,1,5
SF,IH2103,2020-10-22 09:30:09.800,3308.6000,8971,0,22837260.000,0,-,-,-,-,3306.8000,3306.6000,3306.0000,3303.0000,3302.4000,3310.2000,3310.4000,3311.0000,3316.0000,3316.8000,2,2,1,1,1,1,1,1,1,5
SF,IH2103,2020-10-22 09:30:10.300,3308.6000,8971,0,22837260.000,0,-,-,-,-,3307.0000,3306.8000,3306.6000,3306.0000,3303.0000,3310.2000,3311.0000,3316.0000,3316.8000,3320.0000,6,2,2,1,1,1,1,1,5,10
SF,IH2103,2020-10-22 09:30:10.800,3308.6000,8971,0,22837260.000,0,-,-,-,-,3307.2000,3306.8000,3306.6000,3306.0000,3303.0000,3309.6000,3309.8000,3310.2000,3311.0000,3316.0000,1,1,2,1,1,1,1,1,1,1
SF,IH2103,2020-10-22 09:30:11.300,3308.6000,8971,0,22837260.000,0,-,-,-,-,3308.2000,3307.8000,3307.2000,3306.6000,3306.0000,3310.2000,3311.0000,3316.0000,3316.8000,3320.0000,2,1,1,2,1,1,1,1,5,10
SF,IH2103,2020-10-22 09:30:11.800,3308.6000,8971,0,22837260.000,0,-,-,-,-,3308.4000,3308.2000,3306.6000,3306.0000,3303.0000,3309.6000,3309.8000,3310.2000,3311.0000,3316.0000,1,1,2,1,1,1,2,1,1,1
SF,IH2103,2020-10-22 09:30:12.300,3308.6000,8971,0,22837260.000,0,-,-,-,-,3306.6000,3306.0000,3303.0000,3302.4000,3301.0000,3310.2000,3311.0000,3316.0000,3316.8000,3320.0000,2,1,1,1,1,1,1,1,5,10
SF,IH2103,2020-10-22 09:30:12.800,3308.6000,8971,0,22837260.000,0,-,-,-,-,3306.8000,3306.6000,3306.0000,3303.0000,3302.4000,3309.6000,3309.8000,3310.2000,3311.0000,3316.0000,2,2,1,1,1,1,2,1,1,1
SF,IH2103,2020-10-22 09:30:13.300,3308.6000,8971,0,22837260.000,0,-,-,-,-,3306.8000,3306.6000,3306.0000,3303.0000,3302.4000,3310.2000,3311.0000,3316.0000,3316.8000,3320.0000,2,2,1,1,1,1,1,1,5,10
SF,IH2103,2020-10-22 09:30:13.800,3308.2000,8972,1,23829720.000,1,1,0,双开,S,3306.8000,3306.6000,3306.0000,3303.0000,3302.4000,3308.2000,3310.2000,3311.0000,3316.0000,3316.8000,1,2,1,1,1,4,1,1,1,5
SF,IH2103,2020-10-22 09:30:14.300,3308.2000,8972,0,27799560.000,4,2,2,多换,S,3306.8000,3306.6000,3306.0000,3303.0000,3302.4000,3310.2000,3311.0000,3316.0000,3316.8000,3320.0000,2,2,1,1,1,1,1,1,5,10
SF,IH2103,2020-10-22 09:30:14.800,3308.2000,8972,0,27799560.000,0,-,-,-,-,3306.8000,3306.6000,3306.0000,3303.0000,3302.4000,3309.8000,3310.2000,3316.0000,3316.8000,3320.0000,2,2,1,1,1,1,1,1,5,10
SF,IH2103,2020-10-22 09:30:15.300,3308.2000,8972,0,27799560.000,0,-,-,-,-,3306.8000,3306.6000,3306.0000,3303.0000,3302.4000,3309.4000,3309.6000,3309.8000,3310.2000,3314.8000,2,2,1,1,1,1,1,1,1,5
SF,IH2103,2020-10-22 09:30:16.300,3308.2000,8972,0,27799560.000,0,-,-,-,-,3306.8000,3306.6000,3306.0000,3303.0000,3302.4000,3309.2000,3309.4000,3309.6000,3309.8000,3310.2000,2,2,1,1,1,6,1,1,1,1
SF,IH2103,2020-10-22 09:30:16.800,3308.2000,8972,0,27799560.000,0,-,-,-,-,3306.8000,3306.6000,3306.0000,3303.0000,3302.4000,3309.2000,3309.4000,3310.2000,3314.8000,3316.0000,2,2,1,1,1,6,1,1,5,1
SF,IH2103,2020-10-22 09:30:17.300,3308.2000,8972,0,27799560.000,0,-,-,-,-,3306.8000,3306.6000,3306.0000,3303.0000,3302.4000,3310.0000,3310.2000,3314.8000,3316.0000,3316.8000,2,2,1,1,1,1,1,5,1,5
SF,IH2103,2020-10-22 09:30:17.800,3308.2000,8972,0,27799560.000,0,-,-,-,-,3307.0000,3306.8000,3306.6000,3306.0000,3303.0000,3310.0000,3310.2000,3314.8000,3316.0000,3316.8000,3,2,2,1,1,1,1,5,1,5
SF,IH2103,2020-10-22 09:30:18.300,3308.2000,8972,0,27799560.000,0,-,-,-,-,3307.6000,3307.2000,3306.8000,3306.6000,3306.0000,3310.0000,3310.2000,3314.8000,3316.0000,3316.8000,3,1,1,3,1,1,1,5,1,5
SF,IH2103,2020-10-22 09:30:18.800,3308.2000,8972,0,27799560.000,0,-,-,-,-,3308.2000,3308.0000,3307.8000,3306.8000,3306.6000,3310.0000,3310.2000,3314.8000,3316.0000,3316.8000,1,4,1,1,3,1,1,5,1,5
SF,IH2103,2020-10-22 09:30:19.300,3308.2000,8972,0,27799560.000,0,-,-,-,-,3308.6000,3308.4000,3308.2000,3308.0000,3306.8000,3310.0000,3310.2000,3314.8000,3316.0000,3316.8000,3,1,1,1,1,1,1,5,1,5
SF,IH2103,2020-10-22 09:30:19.800,3310.2000,8970,-2,29785620.000,2,0,2,双平,S,3310.0000,3309.0000,3308.4000,3308.2000,3308.0000,3314.8000,3316.0000,3316.8000,3318.8000,3320.0000,1,3,1,1,1,5,1,5,5,10
SF,IH2103,2020-10-22 09:30:20.300,3310.2000,8970,0,29785620.000,0,-,-,-,-,3310.2000,3310.0000,3309.0000,3308.2000,3308.0000,3312.4000,3313.2000,3313.6000,3313.8000,3314.4000,2,1,3,1,1,2,1,1,3,1
SF,IH2103,2020-10-22 09:30:20.800,3310.2000,8968,-2,32765460.000,3,0,3,多平,S,3312.0000,3310.0000,3309.0000,3308.2000,3308.0000,3313.2000,3313.6000,3313.8000,3314.4000,3314.6000,1,1,3,1,1,1,1,3,1,5
SF,IH2103,2020-10-22 09:30:21.300,3312.0000,8967,-1,33759060.000,1,0,1,双平,S,3310.0000,3309.0000,3308.2000,3308.0000,3307.0000,3311.8000,3312.0000,3312.2000,3312.6000,3312.8000,1,3,1,1,2,6,1,1,1,1
SF,IH2103,2020-10-22 09:30:21.800,3312.0000,8967,0,33759060.000,0,-,-,-,-,3310.2000,3310.0000,3309.0000,3308.2000,3308.0000,3311.8000,3312.0000,3312.8000,3313.2000,3313.6000,1,1,3,1,1,6,1,1,1,1
SF,IH2103,2020-10-22 09:30:24.800,3312.0000,8967,0,33759060.000,0,-,-,-,-,3310.4000,3310.2000,3310.0000,3308.2000,3308.0000,3311.8000,3312.0000,3313.2000,3313.6000,3313.8000,3,1,1,1,1,5,1,1,1,3
SF,IH2103,2020-10-22 09:30:25.300,3310.4000,8965,-2,35745300.000,2,0,2,双平,S,3310.6000,3310.2000,3310.0000,3308.2000,3308.0000,3312.0000,3313.2000,3313.6000,3314.6000,3314.8000,1,1,1,1,1,1,1,1,5,5
SF,IH2103,2020-10-22 09:30:25.800,3310.4000,8965,0,35745300.000,0,-,-,-,-,3310.8000,3310.2000,3310.0000,3308.2000,3308.0000,3312.0000,3313.2000,3313.6000,3314.6000,3314.8000,1,1,1,1,1,1,1,1,2,5
SF,IH2103,2020-10-22 09:30:27.800,3310.4000,8965,0,35745300.000,0,-,-,-,-,3311.0000,3310.8000,3310.2000,3310.0000,3308.2000,3312.0000,3314.8000,3316.0000,3316.8000,3317.8000,1,1,1,1,1,1,5,1,5,5
SF,IH2103,2020-10-22 09:30:28.300,3310.4000,8965,0,35745300.000,0,-,-,-,-,3311.2000,3311.0000,3310.2000,3310.0000,3308.2000,3314.8000,3316.0000,3316.8000,3317.8000,3318.8000,1,1,1,1,1,5,1,5,5,5
SF,IH2103,2020-10-22 09:30:28.800,3310.4000,8965,0,35745300.000,0,-,-,-,-,3311.4000,3310.0000,3308.2000,3308.0000,3307.0000,3314.2000,3314.4000,3314.6000,3314.8000,3316.0000,3,1,1,1,2,1,1,1,5,1
SF,IH2103,2020-10-22 09:30:29.300,3310.4000,8965,0,35745300.000,0,-,-,-,-,3311.4000,3310.0000,3308.2000,3308.0000,3307.6000,3313.8000,3314.2000,3314.6000,3314.8000,3316.0000,2,1,1,1,1,1,1,1,5,1
SF,IH2103,2020-10-22 09:30:29.800,3310.4000,8965,0,35745300.000,0,-,-,-,-,3311.6000,3311.4000,3310.0000,3308.2000,3308.0000,3313.8000,3314.2000,3314.6000,3314.8000,3316.0000,1,2,1,1,1,1,1,1,5,1
SF,IH2103,2020-10-22 09:30:30.300,3310.4000,8965,0,35745300.000,0,-,-,-,-,3311.8000,3311.6000,3311.4000,3310.0000,3308.2000,3313.2000,3313.6000,3313.8000,3314.2000,3314.6000,1,1,1,1,1,1,1,1,1,1
SF,IH2103,2020-10-22 09:30:30.800,3310.4000,8965,0,35745300.000,0,-,-,-,-,3311.8000,3311.6000,3311.4000,3310.0000,3308.2000,3312.8000,3313.8000,3314.2000,3314.6000,3314.8000,1,1,1,1,1,1,1,1,1,5
SF,IH2103,2020-10-22 09:30:31.300,3310.4000,8965,0,35745300.000,0,-,-,-,-,3311.6000,3311.4000,3310.0000,3308.2000,3308.0000,3312.8000,3313.8000,3314.2000,3314.6000,3314.8000,1,1,1,1,1,1,1,1,1,5
SF,IH2103,2020-10-22 09:30:31.800,3310.4000,8965,0,35745300.000,0,-,-,-,-,3311.6000,3311.4000,3310.0000,3308.2000,3308.0000,3313.8000,3314.2000,3314.6000,3314.8000,3316.0000,1,1,1,1,1,1,1,1,5,1
SF,IH2103,2020-10-22 09:30:32.300,3310.4000,8965,0,35745300.000,0,-,-,-,-,3311.6000,3310.0000,3308.2000,3308.0000,3307.6000,3313.2000,3313.6000,3313.8000,3314.2000,3314.6000,1,1,1,1,1,1,8,1,1,1
SF,IH2103,2020-10-22 09:30:32.800,3310.4000,8965,0,35745300.000,0,-,-,-,-,3311.6000,3310.0000,3308.2000,3308.0000,3307.6000,3313.0000,3313.6000,3313.8000,3314.2000,3314.6000,1,1,1,1,1,1,7,1,1,1
SF,IH2103,2020-10-22 09:30:33.300,3310.4000,8965,0,35745300.000,0,-,-,-,-,3311.6000,3310.0000,3308.2000,3308.0000,3307.6000,3313.0000,3313.6000,3313.8000,3314.2000,3314.6000,1,1,1,1,1,1,6,2,1,1
SF,IH2103,2020-10-22 09:30:33.800,3310.4000,8965,0,35745300.000,0,-,-,-,-,3311.6000,3310.0000,3308.2000,3308.0000,3307.6000,3313.0000,3313.6000,3313.8000,3314.2000,3314.6000,1,1,1,1,1,1,6,2,1,1
SF,IH2103,2020-10-22 09:30:34.300,3310.4000,8965,0,35745300.000,0,-,-,-,-,3311.6000,3310.0000,3308.2000,3308.0000,3307.6000,3313.0000,3313.6000,3313.8000,3314.2000,3314.6000,1,1,1,1,1,1,6,2,1,1
SF,IH2103,2020-10-22 09:30:35.800,3311.6000,8964,-1,36738780.000,1,0,1,双平,S,3310.0000,3308.2000,3308.0000,3307.6000,3307.0000,3313.0000,3313.6000,3313.8000,3314.2000,3314.6000,1,1,1,1,2,1,6,1,1,1
SF,IH2103,2020-10-22 09:30:36.300,3311.6000,8964,0,36738780.000,0,-,-,-,-,3311.6000,3311.0000,3310.6000,3310.0000,3308.0000,3312.8000,3313.0000,3313.6000,3313.8000,3314.2000,1,1,2,1,1,1,1,5,1,1
SF,IH2103,2020-10-22 09:30:36.800,3311.6000,8964,0,36738780.000,0,-,-,-,-,3311.8000,3311.6000,3311.0000,3310.6000,3310.0000,3313.0000,3313.6000,3313.8000,3314.6000,3314.8000,1,1,1,1,1,1,5,1,1,5
SF,IH2103,2020-10-22 09:30:37.800,3311.6000,8964,0,36738780.000,0,-,-,-,-,3312.0000,3311.8000,3311.0000,3310.6000,3310.0000,3313.0000,3313.8000,3314.6000,3314.8000,3316.0000,1,1,1,1,1,1,1,1,5,1
SF,IH2103,2020-10-22 09:30:39.800,3313.0000,8963,-1,37732680.000,1,0,1,双平,S,3312.0000,3311.8000,3311.0000,3310.6000,3310.0000,3313.8000,3314.6000,3314.8000,3316.0000,3316.8000,1,1,1,1,1,1,1,5,1,5
SF,IH2103,2020-10-22 09:30:40.300,3313.0000,8963,0,37732680.000,0,-,-,-,-,3311.8000,3311.0000,3310.6000,3310.0000,3308.0000,3313.6000,3313.8000,3314.6000,3314.8000,3316.0000,1,1,1,1,1,1,1,1,5,1
SF,IH2103,2020-10-22 09:30:42.300,3311.8000,8962,-1,38726220.000,1,0,1,双平,S,3311.0000,3310.0000,3308.0000,3307.6000,3307.0000,3313.2000,3313.6000,3313.8000,3314.6000,3314.8000,1,1,1,1,2,2,2,1,1,5
SF,IH2103,2020-10-22 09:30:42.800,3311.8000,8962,0,38726220.000,0,-,-,-,-,3310.0000,3308.0000,3307.6000,3307.0000,3306.8000,3312.8000,3313.0000,3313.2000,3313.6000,3313.8000,1,1,1,2,1,1,2,2,1,1
SF,IH2103,2020-10-22 09:30:43.300,3311.8000,8962,0,38726220.000,0,-,-,-,-,3310.4000,3310.0000,3308.0000,3307.6000,3307.0000,3312.6000,3312.8000,3313.0000,3313.2000,3313.6000,1,1,1,1,2,1,1,1,2,1
SF,IH2103,2020-10-22 09:30:43.800,3311.8000,8962,0,38726220.000,0,-,-,-,-,3308.0000,3307.6000,3307.0000,3306.8000,3306.6000,3310.4000,3312.6000,3312.8000,3313.0000,3313.2000,1,1,2,1,3,1,1,1,1,2
SF,IH2103,2020-10-22 09:30:44.300,3310.4000,8960,-2,40712460.000,2,0,2,双平,S,3309.6000,3308.6000,3308.4000,3308.2000,3308.0000,3312.8000,3313.0000,3313.2000,3313.6000,3313.8000,1,1,10,3,1,1,1,2,1,1
SF,IH2103,2020-10-22 09:30:44.800,3310.4000,8960,0,40712460.000,0,-,-,-,-,3310.0000,3309.8000,3308.4000,3308.2000,3308.0000,3312.4000,3312.6000,3312.8000,3313.0000,3313.2000,2,1,4,2,1,2,1,1,1,1
SF,IH2103,2020-10-22 09:30:45.300,3310.4000,8960,0,40712460.000,0,-,-,-,-,3310.2000,3308.4000,3308.2000,3308.0000,3307.6000,3312.2000,3312.4000,3312.6000,3312.8000,3313.0000,1,4,2,1,1,1,1,1,1,1
SF,IH2103,2020-10-22 09:30:45.800,3310.4000,8960,0,40712460.000,0,-,-,-,-,3310.2000,3308.4000,3308.2000,3308.0000,3307.6000,3312.0000,3312.2000,3312.4000,3312.6000,3312.8000,1,4,2,1,1,1,1,1,1,1
SF,IH2103,2020-10-22 09:30:46.800,3310.4000,8960,0,40712460.000,0,-,-,-,-,3312.0000,3310.2000,3308.4000,3308.2000,3308.0000,3312.6000,3312.8000,3313.0000,3313.2000,3313.8000,1,1,4,2,1,1,1,1,1,1
SF,IH2103,2020-10-22 09:30:47.300,3311.4000,8960,0,41705880.000,1,0,1,多换,S,3310.2000,3308.4000,3308.2000,3308.0000,3307.6000,3312.0000,3312.4000,3312.6000,3312.8000,3313.0000,1,4,2,1,1,1,2,1,1,1
SF,IH2103,2020-10-22 09:30:47.800,3311.4000,8960,0,41705880.000,0,-,-,-,-,3310.2000,3308.4000,3308.2000,3308.0000,3307.6000,3312.0000,3312.6000,3312.8000,3313.0000,3313.2000,1,4,2,1,1,1,1,1,1,1
SF,IH2103,2020-10-22 09:30:50.300,3311.4000,8960,0,41705880.000,0,-,-,-,-,3310.4000,3310.2000,3308.4000,3308.2000,3308.0000,3312.0000,3312.8000,3313.0000,3313.2000,3313.8000,1,1,4,2,1,1,1,1,1,1
SF,IH2103,2020-10-22 09:30:50.800,3310.6000,8960,0,42699060.000,1,0,1,多换,S,3310.6000,3310.2000,3308.2000,3308.0000,3307.6000,3312.0000,3312.8000,3313.0000,3313.2000,3313.8000,1,1,2,1,1,1,1,1,1,1
SF,IH2103,2020-10-22 09:30:51.300,3310.6000,8960,0,42699060.000,0,-,-,-,-,3310.6000,3310.2000,3308.2000,3308.0000,3307.6000,3312.0000,3312.8000,3313.0000,3313.8000,3314.8000,1,1,2,1,1,1,1,1,1,5
SF,IH2103,2020-10-22 09:30:51.800,3312.0000,8959,-1,43692660.000,1,0,1,双平,S,3312.0000,3311.0000,3310.8000,3310.2000,3308.2000,3312.8000,3313.0000,3313.8000,3314.8000,3316.0000,1,1,1,1,2,1,1,1,5,1
SF,IH2103,2020-10-22 09:30:52.300,3312.8000,8957,-2,45680100.000,2,0,2,双平,S,3311.0000,3310.8000,3310.2000,3308.2000,3308.0000,3313.8000,3314.8000,3316.0000,3316.8000,3317.8000,1,1,1,1,1,1,5,1,5,5
SF,IH2103,2020-10-22 09:30:52.800,3312.8000,8957,0,45680100.000,0,-,-,-,-,3311.2000,3311.0000,3308.2000,3308.0000,3307.6000,3313.8000,3314.8000,3316.0000,3316.8000,3317.8000,2,1,1,1,1,1,5,1,5,5
SF,IH2103,2020-10-22 09:30:53.300,3312.8000,8957,0,45680100.000,0,-,-,-,-,3311.2000,3311.0000,3310.4000,3308.2000,3308.0000,3313.8000,3314.8000,3316.0000,3316.8000,3317.8000,2,1,1,1,1,1,5,1,5,5
SF,IH2103,2020-10-22 09:30:53.800,3312.8000,8957,0,45680100.000,0,-,-,-,-,3311.2000,3311.0000,3310.4000,3308.2000,3308.0000,3313.8000,3314.8000,3316.0000,3316.8000,3317.8000,2,1,1,1,1,1,5,1,5,5
SF,IH2103,2020-10-22 09:30:54.300,3312.8000,8957,0,45680100.000,0,-,-,-,-,3311.2000,3311.0000,3310.4000,3308.2000,3308.0000,3313.4000,3313.8000,3314.8000,3316.0000,3316.8000,1,1,1,1,1,1,1,5,1,5
SF,IH2103,2020-10-22 09:30:54.800,3312.8000,8957,0,45680100.000,0,-,-,-,-,3311.2000,3311.0000,3310.4000,3308.2000,3308.0000,3313.4000,3313.8000,3314.8000,3316.0000,3316.8000,1,1,1,1,1,1,1,5,1,5
SF,IH2103,2020-10-22 09:30:56.300,3312.8000,8957,0,45680100.000,0,-,-,-,-,3311.4000,3311.2000,3311.0000,3310.4000,3308.2000,3313.4000,3313.8000,3314.8000,3316.0000,3316.8000,1,1,1,1,1,1,1,5,1,5
SF,IH2103,2020-10-22 09:30:56.800,3312.8000,8957,0,45680100.000,0,-,-,-,-,3311.6000,3311.4000,3311.0000,3310.4000,3308.2000,3313.4000,3313.8000,3314.8000,3316.0000,3316.8000,2,1,1,1,1,1,1,5,1,5
SF,IH2103,2020-10-22 09:30:57.300,3312.8000,8957,0,45680100.000,0,-,-,-,-,3311.6000,3311.4000,3311.0000,3310.4000,3308.2000,3313.8000,3314.8000,3316.0000,3316.8000,3317.8000,2,1,1,1,1,1,5,1,5,5
SF,IH2103,2020-10-22 09:30:57.800,3312.8000,8957,0,45680100.000,0,-,-,-,-,3311.8000,3311.6000,3311.4000,3311.0000,3310.4000,3313.8000,3314.8000,3316.0000,3316.8000,3317.8000,1,2,1,1,1,1,5,1,5,5
SF,IH2103,2020-10-22 09:30:58.300,3312.8000,8957,0,45680100.000,0,-,-,-,-,3312.0000,3311.6000,3311.4000,3311.0000,3310.4000,3313.8000,3314.8000,3316.0000,3316.8000,3317.8000,1,1,1,1,1,1,5,1,5,5
SF,IH2103,2020-10-22 09:30:59.300,3312.8000,8957,0,45680100.000,0,-,-,-,-,3312.0000,3311.4000,3311.0000,3310.4000,3308.2000,3313.8000,3314.8000,3316.0000,3316.8000,3317.8000,1,1,1,1,1,1,5,1,5,5
SF,IH2103,2020-10-22 09:31:00.300,3312.0000,8956,-1,46673700.000,1,0,1,双平,S,3311.4000,3311.0000,3310.4000,3308.2000,3308.0000,3313.6000,3313.8000,3314.8000,3316.0000,3316.8000,1,1,1,1,1,1,1,5,1,5
SF,IH2103,2020-10-22 09:31:00.800,3312.0000,8956,0,46673700.000,0,-,-,-,-,3311.6000,3311.4000,3311.0000,3310.4000,3308.2000,3313.6000,3313.8000,3314.8000,3316.0000,3316.8000,1,1,1,1,1,1,1,5,1,5
SF,IH2103,2020-10-22 09:31:01.300,3312.0000,8956,0,46673700.000,0,-,-,-,-,3311.4000,3311.0000,3310.4000,3308.2000,3308.0000,3313.6000,3313.8000,3314.8000,3316.0000,3316.8000,1,1,1,1,1,1,1,5,1,5
SF,IH2103,2020-10-22 09:31:01.800,3312.0000,8956,0,46673700.000,0,-,-,-,-,3311.8000,3311.6000,3311.0000,3310.4000,3308.2000,3313.4000,3313.6000,3313.8000,3314.8000,3316.0000,1,3,1,1,1,1,1,1,5,1
SF,IH2103,2020-10-22 09:31:02.300,3312.0000,8956,0,46673700.000,0,-,-,-,-,3312.0000,3311.6000,3311.0000,3310.4000,3308.2000,3313.4000,3313.6000,3313.8000,3314.8000,3316.0000,1,3,1,1,1,1,1,1,5,1
SF,IH2103,2020-10-22 09:31:02.800,3312.0000,8956,0,46673700.000,0,-,-,-,-,3311.6000,3311.0000,3310.4000,3308.2000,3308.0000,3313.4000,3313.6000,3313.8000,3314.8000,3316.0000,3,1,1,1,1,1,1,1,5,1
SF,IH2103,2020-10-22 09:31:03.300,3312.0000,8956,0,46673700.000,0,-,-,-,-,3311.8000,3311.6000,3311.0000,3310.4000,3308.2000,3313.2000,3313.4000,3313.8000,3314.8000,3316.0000,1,3,1,1,1,1,1,1,5,1
SF,IH2103,2020-10-22 09:31:03.800,3312.0000,8956,0,46673700.000,0,-,-,-,-,3312.0000,3311.6000,3311.0000,3310.4000,3308.2000,3313.2000,3313.4000,3313.8000,3314.8000,3316.0000,1,3,1,1,1,2,1,2,5,1
SF,IH2103,2020-10-22 09:31:04.300,3312.0000,8956,0,46673700.000,0,-,-,-,-,3312.0000,3311.6000,3311.0000,3310.4000,3308.2000,3313.2000,3313.4000,3313.8000,3314.8000,3316.0000,1,3,1,1,1,1,1,2,5,1
SF,IH2103,2020-10-22 09:31:04.800,3312.0000,8956,0,46673700.000,0,-,-,-,-,3311.8000,3311.6000,3311.0000,3310.4000,3308.2000,3313.0000,3313.2000,3313.4000,3313.8000,3314.8000,1,2,1,1,1,1,1,1,2,5
SF,IH2103,2020-10-22 09:31:05.800,3311.8000,8955,-1,47667240.000,1,0,1,双平,S,3311.6000,3311.0000,3310.4000,3308.2000,3308.0000,3313.0000,3313.2000,3313.4000,3313.8000,3314.8000,2,1,1,1,1,1,1,1,2,5
SF,IH2103,2020-10-22 09:31:06.300,3311.8000,8955,0,47667240.000,0,-,-,-,-,3311.0000,3310.4000,3308.2000,3308.0000,3307.6000,3311.6000,3312.8000,3313.0000,3313.2000,3313.8000,1,1,1,1,1,1,1,1,1,2
SF,IH2103,2020-10-22 09:31:06.800,3311.8000,8955,0,47667240.000,0,-,-,-,-,3311.0000,3310.4000,3308.2000,3307.6000,3306.8000,3312.8000,3313.0000,3313.2000,3313.4000,3313.8000,1,1,1,1,1,1,2,1,1,2
SF,IH2103,2020-10-22 09:31:07.300,3311.8000,8955,0,47667240.000,0,-,-,-,-,3311.8000,3311.6000,3311.0000,3310.4000,3308.2000,3312.6000,3312.8000,3313.0000,3313.2000,3313.4000,1,1,1,1,1,1,1,2,2,1
SF,IH2103,2020-10-22 09:31:07.800,3311.8000,8955,0,47667240.000,0,-,-,-,-,3311.8000,3311.6000,3311.0000,3310.4000,3308.2000,3312.8000,3313.0000,3313.2000,3313.4000,3313.8000,1,1,1,1,1,1,2,2,1,2
SF,IH2103,2020-10-22 09:31:08.300,3311.8000,8955,0,47667240.000,0,-,-,-,-,3311.0000,3310.4000,3308.2000,3307.6000,3306.8000,3312.8000,3313.0000,3313.2000,3313.4000,3313.8000,1,1,1,1,1,1,2,2,1,2
SF,IH2103,2020-10-22 09:31:08.800,3311.8000,8955,0,47667240.000,0,-,-,-,-,3311.6000,3311.4000,3311.2000,3311.0000,3310.4000,3312.6000,3312.8000,3313.0000,3313.2000,3313.4000,1,1,1,2,1,2,1,2,2,1
SF,IH2103,2020-10-22 09:31:09.300,3311.8000,8955,0,47667240.000,0,-,-,-,-,3311.4000,3311.2000,3311.0000,3310.4000,3308.2000,3312.6000,3312.8000,3313.0000,3313.2000,3313.4000,1,1,2,1,1,1,1,2,2,1
SF,IH2103,2020-10-22 09:31:10.300,3311.8000,8955,0,47667240.000,0,-,-,-,-,3311.6000,3311.4000,3311.2000,3311.0000,3310.4000,3312.6000,3312.8000,3313.0000,3313.2000,3313.4000,1,1,1,2,1,1,1,2,2,1
SF,IH2103,2020-10-22 09:31:10.800,3311.8000,8955,0,47667240.000,0,-,-,-,-,3311.4000,3311.2000,3311.0000,3310.4000,3308.2000,3312.6000,3312.8000,3313.0000,3313.2000,3313.4000,1,1,2,1,1,1,1,2,2,1
SF,IH2103,2020-10-22 09:31:11.800,3311.8000,8955,0,47667240.000,0,-,-,-,-,3311.6000,3311.4000,3311.2000,3311.0000,3310.4000,3312.6000,3312.8000,3313.0000,3313.2000,3313.4000,1,1,1,2,1,1,1,2,2,1
SF,IH2103,2020-10-22 09:31:12.800,3311.8000,8955,0,47667240.000,0,-,-,-,-,3311.6000,3311.4000,3311.2000,3311.0000,3310.4000,3312.6000,3312.8000,3313.0000,3313.2000,3313.4000,1,1,1,2,1,1,1,2,2,1
SF,IH2103,2020-10-22 09:31:14.300,3311.8000,8955,0,47667240.000,0,-,-,-,-,3311.6000,3311.4000,3311.2000,3311.0000,3310.4000,3312.6000,3312.8000,3313.0000,3313.2000,3313.4000,1,1,1,3,1,1,1,2,2,1
SF,IH2103,2020-10-22 09:31:15.300,3311.8000,8955,0,47667240.000,0,-,-,-,-,3311.6000,3311.4000,3311.2000,3311.0000,3310.4000,3312.6000,3312.8000,3313.0000,3313.2000,3313.4000,1,1,1,3,1,1,1,1,2,1
SF,IH2103,2020-10-22 09:31:15.800,3311.8000,8955,0,47667240.000,0,-,-,-,-,3311.8000,3311.6000,3311.4000,3311.2000,3311.0000,3312.4000,3312.6000,3312.8000,3313.0000,3313.2000,1,1,1,1,3,1,1,1,1,2
SF,IH2103,2020-10-22 09:31:16.300,3312.6000,8953,-2,49654740.000,2,0,2,双平,S,3311.8000,3311.6000,3311.4000,3311.2000,3311.0000,3312.8000,3313.0000,3313.2000,3313.4000,3313.8000,1,1,1,1,3,1,1,2,1,2
SF,IH2103,2020-10-22 09:31:16.800,3312.6000,8953,0,49654740.000,0,-,-,-,-,3312.4000,3311.8000,3311.6000,3311.4000,3311.2000,3312.8000,3313.0000,3313.2000,3313.4000,3313.8000,1,1,1,1,1,1,1,2,1,2
SF,IH2103,2020-10-22 09:31:17.300,3312.8000,8952,-1,50648580.000,1,0,1,双平,S,3312.4000,3311.8000,3311.6000,3311.4000,3311.2000,3313.0000,3313.2000,3313.4000,3313.8000,3314.8000,1,1,1,1,1,1,2,1,2,6
SF,IH2103,2020-10-22 09:31:17.800,3313.2000,8949,-3,53630400.000,3,0,3,双平,S,3312.4000,3311.8000,3311.6000,3311.4000,3311.2000,3313.4000,3313.8000,3314.8000,3316.0000,3316.8000,1,1,1,1,1,1,2,6,1,5
SF,IH2103,2020-10-22 09:31:18.300,3313.2000,8949,0,53630400.000,0,-,-,-,-,3312.6000,3312.4000,3311.6000,3311.4000,3311.2000,3313.8000,3314.8000,3316.0000,3316.8000,3317.8000,1,1,1,1,1,2,6,1,5,5
SF,IH2103,2020-10-22 09:31:18.800,3313.2000,8949,0,53630400.000,0,-,-,-,-,3312.6000,3312.4000,3311.6000,3311.4000,3311.2000,3313.8000,3314.8000,3316.0000,3316.8000,3317.8000,1,1,1,1,1,2,6,1,5,5
SF,IH2103,2020-10-22 09:31:19.300,3313.2000,8949,0,53630400.000,0,-,-,-,-,3312.8000,3312.4000,3311.6000,3311.4000,3311.2000,3313.8000,3314.8000,3316.0000,3316.8000,3317.8000,1,1,1,1,1,2,6,1,5,5
SF,IH2103,2020-10-22 09:31:19.800,3313.2000,8949,0,53630400.000,0,-,-,-,-,3312.4000,3311.6000,3311.4000,3311.2000,3311.0000,3313.8000,3314.8000,3316.0000,3316.8000,3317.8000,1,1,1,1,2,2,6,1,5,5
SF,IH2103,2020-10-22 09:31:20.300,3313.2000,8949,0,53630400.000,0,-,-,-,-,3313.2000,3312.6000,3312.4000,3311.6000,3311.4000,3313.8000,3314.8000,3316.0000,3316.8000,3317.8000,1,1,1,1,1,2,6,1,5,5
SF,IH2103,2020-10-22 09:31:20.800,3313.2000,8948,-1,54624360.000,1,0,1,双平,S,3312.6000,3312.4000,3311.6000,3311.4000,3311.2000,3313.8000,3314.8000,3316.0000,3316.8000,3317.8000,1,1,1,1,1,2,6,1,5,5
SF,IH2103,2020-10-22 09:31:21.800,3313.2000,8948,0,54624360.000,0,-,-,-,-,3312.8000,3312.4000,3311.6000,3311.4000,3311.2000,3313.8000,3314.8000,3316.0000,3316.8000,3317.8000,1,1,1,1,1,2,6,1,5,5
SF,IH2103,2020-10-22 09:31:22.800,3313.2000,8948,0,54624360.000,0,-,-,-,-,3313.0000,3312.4000,3311.6000,3311.4000,3311.2000,3313.8000,3314.8000,3316.0000,3316.8000,3317.8000,1,1,1,1,1,2,6,1,5,5
SF,IH2103,2020-10-22 09:31:23.300,3313.2000,8948,0,54624360.000,0,-,-,-,-,3312.4000,3311.6000,3311.4000,3311.2000,3311.0000,3313.8000,3314.8000,3316.0000,3316.8000,3317.8000,1,1,1,1,2,2,6,1,5,5
SF,IH2103,2020-10-22 09:31:23.800,3313.2000,8948,0,54624360.000,0,-,-,-,-,3312.8000,3312.4000,3311.6000,3311.4000,3311.2000,3313.8000,3314.8000,3316.0000,3316.8000,3317.8000,1,1,1,1,1,2,6,1,5,5
SF,IH2103,2020-10-22 09:31:25.300,3313.2000,8948,0,54624360.000,0,-,-,-,-,3313.0000,3312.4000,3311.6000,3311.4000,3311.2000,3313.8000,3314.8000,3316.0000,3316.8000,3317.8000,1,1,1,1,1,2,6,1,5,5
SF,IH2103,2020-10-22 09:31:26.300,3313.2000,8948,0,54624360.000,0,-,-,-,-,3313.2000,3312.4000,3311.6000,3311.4000,3311.2000,3313.8000,3314.8000,3316.0000,3316.8000,3317.8000,1,1,1,1,1,2,6,1,5,5
SF,IH2103,2020-10-22 09:31:26.800,3313.8000,8946,-2,56612640.000,2,0,2,双平,S,3313.8000,3313.4000,3311.6000,3311.2000,3311.0000,3314.8000,3316.0000,3316.8000,3317.8000,3318.0000,2,1,1,1,2,6,1,5,5,1
SF,IH2103,2020-10-22 09:31:27.300,3313.8000,8945,-1,57606780.000,1,0,1,双平,S,3313.8000,3313.4000,3311.6000,3311.2000,3311.0000,3314.8000,3316.0000,3316.8000,3317.8000,3318.0000,1,1,1,1,2,6,2,5,5,1
SF,IH2103,2020-10-22 09:31:27.800,3314.8000,8945,0,58601220.000,1,0,1,多换,S,3313.8000,3313.4000,3311.6000,3311.2000,3311.0000,3314.8000,3316.0000,3316.8000,3317.8000,3318.0000,1,1,1,1,2,5,2,5,5,1
SF,IH2103,2020-10-22 09:31:28.300,3314.8000,8945,0,58601220.000,0,-,-,-,-,3314.2000,3313.8000,3313.4000,3311.6000,3311.2000,3314.8000,3316.0000,3316.8000,3317.8000,3318.0000,1,1,1,1,1,5,2,5,5,1
SF,IH2103,2020-10-22 09:31:28.800,3314.8000,8944,-1,59595660.000,1,0,1,双平,S,3313.8000,3313.4000,3311.6000,3311.2000,3311.0000,3314.8000,3316.0000,3316.8000,3317.8000,3318.0000,1,1,1,1,2,3,2,5,5,1
SF,IH2103,2020-10-22 09:31:29.300,3314.8000,8944,0,59595660.000,0,-,-,-,-,3314.0000,3313.8000,3311.6000,3311.0000,3310.4000,3314.8000,3316.0000,3316.8000,3317.8000,3318.0000,2,1,1,2,1,3,2,5,5,1
SF,IH2103,2020-10-22 09:31:29.800,3314.8000,8944,0,59595660.000,0,-,-,-,-,3314.2000,3314.0000,3313.8000,3311.6000,3311.0000,3314.8000,3316.0000,3316.8000,3317.8000,3318.0000,1,1,1,1,2,3,2,5,5,1
SF,IH2103,2020-10-22 09:31:30.300,3314.8000,8944,0,59595660.000,0,-,-,-,-,3314.2000,3314.0000,3313.8000,3311.6000,3311.0000,3314.8000,3316.0000,3316.8000,3317.8000,3318.0000,1,2,1,1,2,3,2,5,5,1
SF,IH2103,2020-10-22 09:31:30.800,3314.8000,8943,-1,61584540.000,2,0,2,多平,S,3314.4000,3314.0000,3311.0000,3310.4000,3308.2000,3314.8000,3316.0000,3316.8000,3317.8000,3318.0000,1,2,2,1,1,1,2,5,5,1
SF,IH2103,2020-10-22 09:31:31.300,3314.8000,8942,-1,62578980.000,1,0,1,双平,S,3314.4000,3314.0000,3311.0000,3310.4000,3308.2000,3316.0000,3316.8000,3317.8000,3318.0000,3318.8000,1,1,2,1,1,2,5,5,1,5
SF,IH2103,2020-10-22 09:31:31.800,3314.8000,8942,0,62578980.000,0,-,-,-,-,3314.4000,3314.0000,3311.0000,3310.4000,3308.2000,3315.8000,3316.0000,3316.8000,3317.2000,3317.8000,1,1,2,1,1,1,2,5,1,5
SF,IH2103,2020-10-22 09:31:32.300,3315.8000,8942,0,63573720.000,1,0,1,多换,S,3314.4000,3314.0000,3311.0000,3310.4000,3308.2000,3316.0000,3316.8000,3317.2000,3317.8000,3318.0000,1,1,2,1,1,2,5,1,5,1
SF,IH2103,2020-10-22 09:31:32.800,3315.8000,8942,0,63573720.000,0,-,-,-,-,3314.6000,3314.4000,3311.0000,3310.4000,3308.2000,3316.0000,3316.8000,3317.2000,3317.8000,3318.0000,2,1,2,1,1,2,5,1,5,1
SF,IH2103,2020-10-22 09:31:33.300,3315.8000,8942,0,63573720.000,0,-,-,-,-,3314.6000,3314.4000,3311.0000,3310.4000,3308.2000,3316.0000,3316.8000,3317.2000,3317.8000,3318.0000,1,1,2,1,1,2,5,1,5,1
SF,IH2103,2020-10-22 09:31:35.300,3314.6000,8941,-1,64568100.000,1,0,1,双平,S,3314.8000,3311.0000,3310.4000,3308.2000,3307.6000,3316.0000,3316.8000,3317.2000,3317.8000,3318.0000,1,2,1,1,1,2,5,1,5,1
SF,IH2103,2020-10-22 09:31:35.800,3314.8000,8940,-1,65562540.000,1,0,1,双平,S,3311.0000,3310.4000,3308.2000,3307.6000,3306.8000,3314.8000,3315.8000,3316.0000,3316.8000,3317.2000,2,1,1,1,1,1,1,2,5,1
SF,IH2103,2020-10-22 09:31:36.300,3314.8000,8940,0,65562540.000,0,-,-,-,-,3314.2000,3313.8000,3313.6000,3313.2000,3313.0000,3314.8000,3315.8000,3316.0000,3316.8000,3317.8000,1,1,1,1,2,1,1,2,5,5
SF,IH2103,2020-10-22 09:31:36.800,3314.2000,8940,0,66556800.000,1,0,1,多换,S,3313.2000,3312.4000,3312.0000,3311.6000,3311.4000,3314.0000,3314.8000,3315.8000,3316.0000,3316.8000,1,2,1,2,7,1,1,1,2,5
SF,IH2103,2020-10-22 09:31:37.300,3314.0000,8939,-1,67551000.000,1,0,1,双平,S,3312.4000,3311.6000,3311.4000,3311.2000,3311.0000,3314.8000,3315.8000,3316.0000,3316.8000,3317.8000,1,2,7,2,2,1,1,2,5,5
SF,IH2103,2020-10-22 09:31:37.800,3314.0000,8939,0,67551000.000,0,-,-,-,-,3313.0000,3312.6000,3312.4000,3311.6000,3311.0000,3314.6000,3314.8000,3316.0000,3316.8000,3317.8000,2,9,1,1,2,1,1,2,5,5
SF,IH2103,2020-10-22 09:31:38.300,3314.0000,8939,0,67551000.000,0,-,-,-,-,3313.4000,3313.2000,3313.0000,3312.6000,3311.0000,3314.6000,3314.8000,3316.0000,3316.8000,3317.8000,1,1,1,8,2,1,1,2,5,5
SF,IH2103,2020-10-22 09:31:38.800,3314.0000,8939,0,67551000.000,0,-,-,-,-,3313.2000,3312.6000,3311.0000,3310.4000,3307.6000,3314.6000,3314.8000,3316.0000,3316.8000,3317.8000,1,7,2,1,1,1,1,2,5,5
SF,IH2103,2020-10-22 09:31:39.300,3314.0000,8939,0,67551000.000,0,-,-,-,-,3313.2000,3312.6000,3311.0000,3310.4000,3307.6000,3314.6000,3314.8000,3316.0000,3316.8000,3317.8000,1,7,2,1,1,1,1,2,5,5
SF,IH2103,2020-10-22 09:31:41.300,3314.0000,8939,0,67551000.000,0,-,-,-,-,3313.4000,3313.2000,3312.6000,3311.0000,3310.4000,3314.6000,3314.8000,3316.0000,3316.8000,3317.8000,1,1,7,2,1,1,1,2,5,5
SF,IH2103,2020-10-22 09:31:41.800,3314.0000,8939,0,67551000.000,0,-,-,-,-,3313.6000,3312.6000,3311.0000,3310.4000,3307.6000,3314.8000,3316.0000,3316.8000,3317.8000,3318.0000,2,7,2,1,1,1,2,5,5,1
SF,IH2103,2020-10-22 09:31:42.800,3314.0000,8939,0,67551000.000,0,-,-,-,-,3313.8000,3313.6000,3313.4000,3312.6000,3311.0000,3316.0000,3316.8000,3317.8000,3318.0000,3318.8000,2,1,1,7,2,2,5,5,1,5
SF,IH2103,2020-10-22 09:31:43.300,3314.0000,8939,0,67551000.000,0,-,-,-,-,3314.2000,3314.0000,3313.8000,3313.4000,3312.6000,3315.8000,3316.0000,3316.8000,3317.4000,3317.8000,1,2,1,1,6,1,2,5,1,5
SF,IH2103,2020-10-22 09:31:43.800,3314.0000,8939,0,67551000.000,0,-,-,-,-,3314.4000,3314.0000,3313.8000,3313.4000,3312.6000,3315.8000,3316.0000,3316.8000,3317.4000,3317.8000,2,1,1,1,6,1,2,5,1,5
SF,IH2103,2020-10-22 09:31:44.300,3314.0000,8939,0,67551000.000,0,-,-,-,-,3314.4000,3314.0000,3313.8000,3313.4000,3312.6000,3315.8000,3316.0000,3316.8000,3317.4000,3317.8000,1,1,1,1,6,1,2,5,1,5
SF,IH2103,2020-10-22 09:31:45.800,3314.0000,8939,0,67551000.000,0,-,-,-,-,3314.6000,3314.4000,3314.0000,3313.4000,3312.6000,3315.8000,3316.0000,3316.8000,3317.4000,3317.8000,1,1,1,1,6,1,2,5,1,5
SF,IH2103,2020-10-22 09:31:46.800,3314.0000,8939,0,67551000.000,0,-,-,-,-,3314.4000,3314.0000,3313.4000,3312.6000,3311.0000,3315.8000,3316.0000,3316.8000,3317.4000,3317.8000,1,1,1,6,2,1,2,5,1,5
SF,IH2103,2020-10-22 09:31:47.300,3314.0000,8939,0,67551000.000,0,-,-,-,-,3314.4000,3314.0000,3313.4000,3312.6000,3311.0000,3315.8000,3316.0000,3316.8000,3317.4000,3317.8000,1,1,1,6,2,1,2,5,1,5
SF,IH2103,2020-10-22 09:31:48.300,3315.8000,8939,0,68545740.000,1,0,1,多换,S,3314.4000,3314.0000,3313.4000,3312.6000,3311.0000,3316.0000,3316.8000,3317.4000,3317.8000,3318.0000,1,1,1,6,2,2,5,1,5,1
SF,IH2103,2020-10-22 09:31:50.300,3315.8000,8939,0,68545740.000,0,-,-,-,-,3314.4000,3314.0000,3313.4000,3312.6000,3311.0000,3316.0000,3316.8000,3317.4000,3318.0000,3318.8000,1,1,1,6,2,2,5,1,1,5
SF,IH2103,2020-10-22 09:31:50.800,3315.8000,8939,0,68545740.000,0,-,-,-,-,3314.4000,3314.0000,3313.4000,3312.6000,3311.0000,3316.0000,3317.4000,3318.0000,3324.0000,3326.0000,1,1,1,6,2,2,1,1,1,1
SF,IH2103,2020-10-22 09:31:51.300,3315.8000,8939,0,68545740.000,0,-,-,-,-,3314.4000,3313.4000,3312.6000,3311.0000,3310.4000,3316.0000,3317.4000,3318.0000,3324.0000,3326.0000,1,1,6,2,1,2,1,1,1,1
SF,IH2103,2020-10-22 09:31:51.800,3315.8000,8939,0,68545740.000,0,-,-,-,-,3314.4000,3313.4000,3312.6000,3311.0000,3310.4000,3316.0000,3317.4000,3318.0000,3324.0000,3326.0000,1,1,6,2,1,2,1,1,1,1
SF,IH2103,2020-10-22 09:31:52.800,3315.8000,8939,0,68545740.000,0,-,-,-,-,3314.4000,3313.4000,3312.6000,3311.0000,3310.4000,3316.0000,3317.4000,3318.0000,3324.0000,3326.0000,1,1,6,2,1,2,1,1,1,1
SF,IH2103,2020-10-22 09:31:55.800,3315.8000,8939,0,68545740.000,0,-,-,-,-,3314.4000,3313.4000,3312.6000,3311.0000,3307.6000,3316.0000,3317.4000,3318.0000,3324.0000,3326.0000,1,1,6,2,1,2,1,1,1,1
SF,IH2103,2020-10-22 09:31:57.300,3315.8000,8939,0,68545740.000,0,-,-,-,-,3314.6000,3314.4000,3313.4000,3312.6000,3311.0000,3316.0000,3317.4000,3318.0000,3324.0000,3326.0000,1,1,1,6,2,2,1,1,1,1
SF,IH2103,2020-10-22 09:31:57.800,3315.8000,8939,0,68545740.000,0,-,-,-,-,3314.8000,3314.6000,3313.4000,3312.6000,3311.0000,3316.0000,3317.4000,3318.0000,3324.0000,3326.0000,1,1,1,6,2,2,1,1,1,1
SF,IH2103,2020-10-22 09:31:58.300,3315.8000,8939,0,68545740.000,0,-,-,-,-,3314.8000,3313.4000,3312.6000,3311.0000,3307.6000,3316.0000,3317.4000,3318.0000,3324.0000,3326.0000,1,1,6,2,1,2,1,1,1,1
SF,IH2103,2020-10-22 09:31:58.800,3315.8000,8939,0,68545740.000,0,-,-,-,-,3314.8000,3313.4000,3312.6000,3311.0000,3307.6000,3316.0000,3317.4000,3318.0000,3324.0000,3326.0000,1,1,6,2,1,2,1,1,1,1
SF,IH2103,2020-10-22 09:32:01.300,3314.8000,8938,-1,69540180.000,1,0,1,双平,S,3313.4000,3312.6000,3311.0000,3307.6000,3306.8000,3316.0000,3317.4000,3318.0000,3324.0000,3326.0000,1,6,2,1,1,2,1,1,1,1
SF,IH2103,2020-10-22 09:32:01.800,3314.8000,8938,0,69540180.000,0,-,-,-,-,3314.0000,3313.8000,3313.6000,3313.4000,3311.0000,3315.8000,3316.0000,3317.4000,3318.0000,3324.0000,1,1,8,1,2,1,2,1,1,1
SF,IH2103,2020-10-22 09:32:02.300,3314.8000,8938,0,69540180.000,0,-,-,-,-,3314.6000,3314.2000,3313.8000,3313.6000,3313.4000,3314.8000,3315.8000,3316.0000,3317.4000,3318.0000,1,2,1,6,1,1,1,2,1,1
SF,IH2103,2020-10-22 09:32:02.800,3314.8000,8938,0,70534620.000,1,0,1,多换,S,3314.8000,3314.6000,3314.2000,3313.8000,3313.6000,3315.8000,3316.0000,3318.0000,3324.0000,3326.0000,2,1,1,1,6,1,2,1,1,1
SF,IH2103,2020-10-22 09:32:03.300,3314.8000,8936,-2,72523500.000,2,0,2,双平,S,3314.6000,3314.2000,3313.8000,3313.6000,3313.4000,3315.8000,3316.0000,3317.6000,3318.0000,3324.0000,1,1,1,6,1,1,2,1,1,1
SF,IH2103,2020-10-22 09:32:03.800,3314.8000,8936,0,72523500.000,0,-,-,-,-,3314.8000,3314.2000,3313.8000,3313.6000,3313.4000,3315.8000,3316.0000,3317.6000,3318.0000,3324.0000,1,1,1,6,1,1,2,1,1,1
SF,IH2103,2020-10-22 09:32:05.800,3314.8000,8935,-1,73517940.000,1,0,1,双平,S,3314.2000,3313.8000,3313.6000,3313.4000,3313.2000,3315.8000,3316.0000,3317.6000,3318.0000,3324.0000,1,1,6,1,1,1,2,1,1,1
SF,IH2103,2020-10-22 09:32:08.300,3314.8000,8935,0,73517940.000,0,-,-,-,-,3314.6000,3314.2000,3313.8000,3313.6000,3313.4000,3315.8000,3316.0000,3317.6000,3318.0000,3324.0000,1,1,1,6,1,1,2,1,1,1
SF,IH2103,2020-10-22 09:32:13.800,3314.8000,8935,0,73517940.000,0,-,-,-,-,3314.6000,3314.2000,3313.8000,3313.6000,3313.4000,3315.8000,3316.0000,3317.6000,3318.0000,3324.0000,1,1,1,6,1,2,2,1,1,1
SF,IH2103,2020-10-22 09:32:14.300,3314.8000,8935,0,73517940.000,0,-,-,-,-,3314.6000,3314.2000,3313.8000,3313.6000,3313.4000,3315.8000,3316.0000,3317.6000,3318.0000,3324.0000,1,1,1,6,1,2,2,1,1,1
SF,IH2103,2020-10-22 09:32:15.300,3315.8000,8933,-2,75507420.000,2,0,2,双平,S,3314.6000,3314.2000,3313.8000,3313.6000,3313.4000,3316.0000,3317.6000,3318.0000,3324.0000,3326.0000,1,1,1,6,1,1,1,1,1,1
SF,IH2103,2020-10-22 09:32:15.800,3315.8000,8933,0,75507420.000,0,-,-,-,-,3314.8000,3314.6000,3313.8000,3313.6000,3313.4000,3316.0000,3317.6000,3318.0000,3324.0000,3326.0000,1,1,1,6,1,1,1,1,1,1
SF,IH2103,2020-10-22 09:32:16.300,3316.0000,8932,-1,76502220.000,1,0,1,双平,S,3315.4000,3314.8000,3314.6000,3313.6000,3313.4000,3317.6000,3318.0000,3324.0000,3326.0000,3328.8000,1,1,1,6,1,1,1,1,1,5
SF,IH2103,2020-10-22 09:32:16.800,3316.0000,8932,0,76502220.000,0,-,-,-,-,3315.6000,3315.4000,3314.6000,3313.6000,3313.4000,3317.4000,3317.6000,3318.0000,3319.0000,3324.0000,2,1,1,6,1,1,1,1,1,1
SF,IH2103,2020-10-22 09:32:17.300,3316.0000,8932,0,76502220.000,0,-,-,-,-,3315.6000,3315.4000,3314.6000,3313.6000,3313.4000,3317.4000,3317.6000,3318.0000,3319.0000,3324.0000,2,1,1,6,1,1,1,1,1,1
SF,IH2103,2020-10-22 09:32:17.800,3316.0000,8932,0,76502220.000,0,-,-,-,-,3315.6000,3315.4000,3314.6000,3314.4000,3313.6000,3317.4000,3317.6000,3318.0000,3319.0000,3324.0000,2,1,1,1,6,1,1,1,1,1
SF,IH2103,2020-10-22 09:32:18.300,3316.0000,8932,0,76502220.000,0,-,-,-,-,3315.6000,3315.4000,3314.6000,3314.4000,3313.6000,3317.4000,3317.6000,3318.0000,3319.0000,3324.0000,2,1,1,1,6,1,1,1,1,1
SF,IH2103,2020-10-22 09:32:20.300,3316.0000,8932,0,76502220.000,0,-,-,-,-,3315.6000,3315.4000,3314.6000,3314.4000,3313.6000,3317.4000,3317.6000,3318.0000,3319.0000,3324.0000,2,1,1,1,6,1,1,1,1,1
SF,IH2103,2020-10-22 09:32:21.800,3316.0000,8932,0,76502220.000,0,-,-,-,-,3315.6000,3315.4000,3314.6000,3314.4000,3313.6000,3317.4000,3317.6000,3318.0000,3319.0000,3324.0000,2,1,1,1,6,1,1,1,1,1
SF,IH2103,2020-10-22 09:32:22.300,3315.6000,8932,0,77496900.000,1,0,1,多换,S,3315.6000,3315.4000,3314.6000,3314.4000,3313.6000,3317.2000,3317.4000,3317.6000,3318.0000,3319.0000,1,1,1,1,6,1,1,1,1,1
SF,IH2103,2020-10-22 09:32:22.800,3315.6000,8932,0,77496900.000,0,-,-,-,-,3316.2000,3315.8000,3315.6000,3315.4000,3314.4000,3317.2000,3317.4000,3317.6000,3318.0000,3319.0000,1,1,1,1,1,1,1,1,1,1
SF,IH2103,2020-10-22 09:32:23.300,3315.6000,8932,0,77496900.000,0,-,-,-,-,3316.2000,3315.8000,3315.6000,3315.4000,3314.4000,3317.4000,3317.6000,3318.0000,3319.0000,3324.0000,1,1,1,1,1,1,1,1,1,1
SF,IH2103,2020-10-22 09:32:27.300,3315.6000,8932,0,77496900.000,0,-,-,-,-,3316.2000,3315.8000,3315.6000,3315.4000,3314.4000,3317.4000,3317.6000,3318.0000,3319.0000,3324.0000,1,1,1,1,1,1,1,1,1,1
SF,IH2103,2020-10-22 09:32:31.300,3315.6000,8932,0,77496900.000,0,-,-,-,-,3316.2000,3315.8000,3315.6000,3315.4000,3314.4000,3317.4000,3317.6000,3318.0000,3319.0000,3324.0000,1,1,1,1,1,1,1,1,1,1
SF,IH2103,2020-10-22 09:32:31.800,3315.6000,8932,0,77496900.000,0,-,-,-,-,3316.2000,3315.8000,3315.6000,3315.4000,3314.4000,3317.6000,3318.0000,3319.0000,3324.0000,3326.0000,1,1,1,1,1,1,1,1,1,1
SF,IH2103,2020-10-22 09:32:32.300,3315.6000,8932,0,77496900.000,0,-,-,-,-,3316.4000,3316.2000,3315.8000,3315.4000,3314.4000,3317.6000,3318.0000,3319.0000,3324.0000,3326.0000,1,1,1,1,1,1,1,1,1,1
SF,IH2103,2020-10-22 09:32:33.800,3315.6000,8932,0,77496900.000,0,-,-,-,-,3316.4000,3316.2000,3315.8000,3315.4000,3313.6000,3317.6000,3318.0000,3319.0000,3324.0000,3326.0000,1,2,1,1,6,1,1,1,1,1
SF,IH2103,2020-10-22 09:32:34.300,3315.6000,8932,0,77496900.000,0,-,-,-,-,3316.4000,3316.2000,3315.8000,3315.4000,3313.6000,3317.6000,3318.0000,3319.0000,3324.0000,3326.0000,1,2,1,1,6,1,1,1,1,1
SF,IH2103,2020-10-22 09:32:34.800,3315.6000,8932,0,77496900.000,0,-,-,-,-,3316.4000,3316.2000,3315.8000,3315.4000,3313.6000,3318.0000,3319.0000,3324.0000,3326.0000,3328.8000,1,2,1,1,6,1,1,1,1,5
SF,IH2103,2020-10-22 09:32:35.300,3315.6000,8932,0,77496900.000,0,-,-,-,-,3317.0000,3316.4000,3316.2000,3315.8000,3313.6000,3318.0000,3319.0000,3324.0000,3326.0000,3328.8000,1,1,2,1,6,1,1,1,1,5
SF,IH2103,2020-10-22 09:32:35.800,3315.6000,8932,0,77496900.000,0,-,-,-,-,3317.6000,3317.0000,3316.4000,3316.2000,3315.8000,3319.0000,3324.0000,3325.0000,3326.0000,3328.8000,1,1,1,2,1,1,1,1,1,5
SF,IH2103,2020-10-22 09:32:36.300,3319.0000,8932,0,78492600.000,1,0,1,多换,S,3317.6000,3317.0000,3316.4000,3316.2000,3315.8000,3324.0000,3325.0000,3326.0000,3328.8000,3329.6000,1,1,1,2,1,1,1,1,5,1
SF,IH2103,2020-10-22 09:32:36.800,3319.0000,8932,0,78492600.000,0,-,-,-,-,3317.8000,3317.6000,3317.0000,3316.2000,3315.8000,3319.2000,3319.6000,3319.8000,3320.2000,3320.8000,2,1,1,1,1,1,2,1,1,1
SF,IH2103,2020-10-22 09:32:37.300,3319.0000,8932,0,78492600.000,0,-,-,-,-,3317.8000,3317.6000,3317.0000,3316.2000,3315.8000,3319.8000,3320.2000,3320.8000,3321.2000,3321.8000,1,1,1,1,1,1,1,1,3,1
SF,IH2103,2020-10-22 09:32:37.800,3319.0000,8932,0,78492600.000,0,-,-,-,-,3317.8000,3317.6000,3317.0000,3316.2000,3315.8000,3319.6000,3319.8000,3320.2000,3320.8000,3321.2000,1,1,1,1,1,2,1,1,1,3
SF,IH2103,2020-10-22 09:32:38.300,3317.8000,8931,-1,79487940.000,1,0,1,双平,S,3317.6000,3317.0000,3316.2000,3315.8000,3313.6000,3319.6000,3319.8000,3320.2000,3320.8000,3321.8000,1,1,1,1,6,2,1,1,1,1
SF,IH2103,2020-10-22 09:32:38.800,3317.8000,8931,0,79487940.000,0,-,-,-,-,3317.6000,3317.0000,3316.2000,3315.8000,3313.6000,3319.2000,3319.6000,3319.8000,3320.2000,3320.8000,1,1,1,1,6,1,2,1,1,1
SF,IH2103,2020-10-22 09:32:39.300,3317.6000,8931,0,80483220.000,1,0,1,多换,S,3316.2000,3315.8000,3313.6000,3313.4000,3311.0000,3319.0000,3319.2000,3319.6000,3319.8000,3320.2000,1,1,6,1,2,1,1,1,1,1
SF,IH2103,2020-10-22 09:32:39.800,3317.6000,8931,0,80483220.000,0,-,-,-,-,3316.4000,3316.2000,3315.8000,3313.6000,3313.4000,3318.8000,3319.0000,3319.2000,3319.8000,3320.2000,1,1,1,6,1,2,1,1,1,1
SF,IH2103,2020-10-22 09:32:40.300,3317.6000,8931,0,80483220.000,0,-,-,-,-,3316.6000,3316.4000,3316.2000,3315.8000,3313.6000,3318.6000,3318.8000,3319.2000,3319.8000,3320.2000,1,1,1,1,6,1,1,1,1,1
SF,IH2103,2020-10-22 09:32:40.800,3317.6000,8931,0,80483220.000,0,-,-,-,-,3316.8000,3316.2000,3315.8000,3313.6000,3313.4000,3318.4000,3318.6000,3319.2000,3319.8000,3320.2000,1,1,1,6,1,1,1,1,1,1
SF,IH2103,2020-10-22 09:32:42.800,3317.6000,8931,0,80483220.000,0,-,-,-,-,3316.8000,3316.2000,3315.8000,3313.6000,3313.4000,3318.4000,3318.6000,3319.8000,3320.2000,3321.8000,1,1,1,6,1,1,1,1,1,1
SF,IH2103,2020-10-22 09:32:43.300,3317.6000,8931,0,80483220.000,0,-,-,-,-,3316.8000,3316.2000,3315.8000,3313.6000,3313.4000,3318.4000,3318.6000,3319.8000,3320.2000,3321.8000,1,1,1,6,1,1,1,1,1,1
SF,IH2103,2020-10-22 09:32:44.800,3317.6000,8931,0,80483220.000,0,-,-,-,-,3316.8000,3316.2000,3315.8000,3313.6000,3313.4000,3318.4000,3318.6000,3319.8000,3320.2000,3321.8000,1,1,1,6,1,1,1,1,1,1
SF,IH2103,2020-10-22 09:32:46.300,3317.6000,8931,0,80483220.000,0,-,-,-,-,3317.0000,3316.8000,3316.2000,3315.8000,3313.6000,3318.4000,3318.6000,3319.8000,3320.2000,3321.8000,1,1,1,1,6,1,1,1,1,1
SF,IH2103,2020-10-22 09:32:46.800,3317.6000,8931,0,80483220.000,0,-,-,-,-,3317.0000,3316.8000,3316.2000,3315.8000,3313.6000,3318.4000,3318.6000,3319.8000,3320.2000,3321.8000,1,1,1,1,6,1,1,1,1,1
SF,IH2103,2020-10-22 09:32:47.300,3318.4000,8930,-1,81478740.000,1,0,1,双平,S,3317.0000,3316.8000,3316.2000,3315.8000,3313.6000,3318.6000,3319.8000,3320.2000,3321.8000,3323.4000,1,1,1,1,6,1,1,1,1,1
SF,IH2103,2020-10-22 09:32:47.800,3318.4000,8930,0,81478740.000,0,-,-,-,-,3317.2000,3317.0000,3316.2000,3315.8000,3313.6000,3318.6000,3319.8000,3320.2000,3321.8000,3323.4000,1,1,1,1,6,1,1,1,1,1
SF,IH2103,2020-10-22 09:32:48.300,3318.4000,8930,0,81478740.000,0,-,-,-,-,3317.2000,3317.0000,3316.2000,3315.8000,3313.6000,3318.4000,3318.6000,3319.8000,3320.2000,3321.8000,1,1,1,1,6,1,1,1,1,1
SF,IH2103,2020-10-22 09:32:53.300,3318.4000,8930,0,81478740.000,0,-,-,-,-,3317.2000,3317.0000,3316.2000,3315.8000,3313.6000,3318.0000,3318.4000,3318.6000,3319.8000,3320.2000,1,1,1,1,6,1,1,1,1,1
SF,IH2103,2020-10-22 09:32:54.800,3318.0000,8929,-1,82474140.000,1,0,1,双平,S,3317.2000,3317.0000,3316.2000,3315.8000,3313.6000,3318.4000,3318.6000,3319.8000,3320.2000,3321.8000,1,1,1,1,6,1,1,1,1,1
SF,IH2103,2020-10-22 09:32:55.800,3318.4000,8929,0,83469660.000,1,0,1,多换,S,3317.2000,3317.0000,3316.2000,3315.8000,3313.6000,3318.6000,3319.8000,3320.2000,3321.8000,3323.4000,1,1,1,1,6,1,1,1,1,1
SF,IH2103,2020-10-22 09:32:58.800,3318.4000,8929,0,83469660.000,0,-,-,-,-,3317.2000,3317.0000,3316.2000,3315.8000,3313.6000,3318.6000,3319.8000,3320.2000,3321.8000,3323.4000,1,1,1,1,6,1,1,1,1,1
SF,IH2103,2020-10-22 09:32:59.300,3318.4000,8929,0,83469660.000,0,-,-,-,-,3317.2000,3316.2000,3315.8000,3313.6000,3313.4000,3318.6000,3319.8000,3320.2000,3321.8000,3323.4000,1,1,1,6,1,1,1,1,1,1
SF,IH2103,2020-10-22 09:33:01.800,3317.2000,8928,-1,84464820.000,1,0,1,双平,S,3316.2000,3315.8000,3313.6000,3313.4000,3311.0000,3317.2000,3318.6000,3319.8000,3320.2000,3321.8000,1,1,6,1,2,1,1,1,1,1
SF,IH2103,2020-10-22 09:33:02.300,3317.2000,8927,-1,85459980.000,1,0,1,双平,S,3316.2000,3313.6000,3313.4000,3311.0000,3309.8000,3318.6000,3318.8000,3319.8000,3320.2000,3321.8000,1,6,1,2,5,1,1,1,1,1
SF,IH2103,2020-10-22 09:33:02.800,3317.2000,8927,0,85459980.000,0,-,-,-,-,3316.4000,3316.2000,3313.4000,3311.0000,3309.8000,3318.4000,3318.6000,3318.8000,3319.8000,3320.2000,7,1,1,2,5,2,1,1,1,1
SF,IH2103,2020-10-22 09:33:03.300,3317.2000,8927,0,85459980.000,0,-,-,-,-,3316.4000,3316.2000,3313.4000,3311.0000,3309.8000,3318.2000,3318.4000,3318.8000,3319.8000,3320.2000,1,1,1,2,5,1,1,1,1,1
SF,IH2103,2020-10-22 09:33:03.800,3317.2000,8927,0,85459980.000,0,-,-,-,-,3316.4000,3316.2000,3313.4000,3311.0000,3309.8000,3318.0000,3318.2000,3318.8000,3319.8000,3320.2000,1,1,1,2,5,1,1,1,1,1
SF,IH2103,2020-10-22 09:33:04.300,3317.2000,8927,0,85459980.000,0,-,-,-,-,3316.6000,3316.4000,3316.2000,3313.4000,3311.0000,3317.8000,3318.0000,3318.8000,3319.8000,3320.2000,1,1,1,1,2,1,1,1,1,1
SF,IH2103,2020-10-22 09:33:04.800,3317.2000,8927,0,85459980.000,0,-,-,-,-,3316.6000,3316.4000,3316.2000,3313.4000,3311.0000,3317.8000,3318.0000,3318.8000,3319.8000,3320.2000,1,1,1,1,2,1,1,1,1,1
SF,IH2103,2020-10-22 09:33:07.300,3316.4000,8926,-1,87449880.000,2,0,2,多平,S,3316.2000,3313.4000,3311.0000,3309.8000,3307.6000,3316.4000,3317.8000,3318.0000,3318.8000,3319.8000,1,1,2,5,1,1,1,1,1,1
SF,IH2103,2020-10-22 09:33:07.800,3316.2000,8925,-1,88444740.000,1,0,1,双平,S,3313.4000,3311.0000,3309.8000,3307.6000,3306.8000,3316.2000,3317.8000,3318.0000,3319.8000,3320.2000,1,2,5,1,1,1,1,1,1,1
SF,IH2103,2020-10-22 09:33:08.300,3316.2000,8925,0,88444740.000,0,-,-,-,-,3315.2000,3315.0000,3313.8000,3313.6000,3313.4000,3316.0000,3316.2000,3317.8000,3319.8000,3320.2000,1,1,8,3,1,2,1,1,1,1
SF,IH2103,2020-10-22 09:33:08.800,3316.2000,8925,0,88444740.000,0,-,-,-,-,3313.8000,3313.6000,3313.4000,3311.0000,3309.8000,3316.0000,3316.2000,3317.8000,3319.8000,3320.2000,8,2,1,2,5,1,1,1,1,1
SF,IH2103,2020-10-22 09:33:09.300,3316.2000,8925,0,88444740.000,0,-,-,-,-,3314.2000,3314.0000,3313.8000,3313.6000,3313.4000,3315.8000,3316.0000,3316.2000,3317.8000,3319.8000,2,1,8,1,1,1,1,1,1,1
SF,IH2103,2020-10-22 09:33:09.800,3316.2000,8925,0,88444740.000,0,-,-,-,-,3314.6000,3314.2000,3314.0000,3313.8000,3313.4000,3315.6000,3315.8000,3316.2000,3317.8000,3319.8000,1,1,1,1,1,1,1,1,1,1
SF,IH2103,2020-10-22 09:33:10.300,3316.2000,8925,0,88444740.000,0,-,-,-,-,3314.6000,3314.2000,3314.0000,3313.8000,3313.4000,3315.6000,3316.2000,3317.8000,3319.8000,3320.2000,1,1,1,1,1,1,1,1,1,1
SF,IH2103,2020-10-22 09:33:12.300,3315.6000,8924,-1,89439420.000,1,0,1,双平,S,3314.6000,3314.2000,3314.0000,3313.8000,3313.4000,3316.2000,3317.8000,3320.2000,3323.4000,3323.6000,1,1,1,1,1,1,1,1,1,1
SF,IH2103,2020-10-22 09:33:12.800,3315.6000,8924,0,89439420.000,0,-,-,-,-,3315.0000,3314.8000,3314.6000,3314.2000,3313.8000,3317.8000,3320.2000,3323.4000,3323.6000,3323.8000,6,1,1,1,1,1,1,1,1,4
SF,IH2103,2020-10-22 09:33:13.300,3315.6000,8924,0,89439420.000,0,-,-,-,-,3315.4000,3315.2000,3315.0000,3314.6000,3314.2000,3317.6000,3317.8000,3319.4000,3320.2000,3323.4000,1,1,6,1,1,3,1,1,1,1
SF,IH2103,2020-10-22 09:33:13.800,3315.6000,8924,0,89439420.000,0,-,-,-,-,3315.6000,3315.4000,3314.6000,3314.2000,3313.4000,3317.6000,3317.8000,3319.4000,3320.2000,3323.4000,1,1,1,1,1,3,1,1,1,1
SF,IH2103,2020-10-22 09:33:14.300,3315.6000,8924,0,89439420.000,0,-,-,-,-,3315.8000,3314.6000,3314.2000,3313.4000,3311.0000,3317.6000,3317.8000,3319.4000,3320.2000,3323.4000,1,1,1,1,2,1,1,1,1,1
SF,IH2103,2020-10-22 09:33:14.800,3315.6000,8924,0,89439420.000,0,-,-,-,-,3315.8000,3314.6000,3314.2000,3313.4000,3311.0000,3317.6000,3317.8000,3319.4000,3320.2000,3323.4000,1,1,1,1,2,1,1,1,1,1
SF,IH2103,2020-10-22 09:33:15.300,3315.6000,8924,0,89439420.000,0,-,-,-,-,3315.8000,3314.6000,3314.2000,3313.4000,3311.0000,3317.6000,3317.8000,3319.4000,3320.2000,3323.4000,1,1,1,1,2,1,1,1,1,1
SF,IH2103,2020-10-22 09:33:15.800,3317.8000,8922,-2,91430040.000,2,0,2,双平,S,3315.8000,3314.6000,3314.2000,3313.4000,3311.0000,3319.4000,3320.2000,3321.0000,3323.4000,3323.6000,1,1,1,1,2,1,1,1,1,1
SF,IH2103,2020-10-22 09:33:16.300,3317.8000,8922,0,91430040.000,0,-,-,-,-,3316.0000,3315.8000,3314.6000,3313.4000,3311.0000,3317.6000,3318.4000,3319.0000,3319.2000,3319.4000,1,1,1,1,2,1,2,3,2,2
SF,IH2103,2020-10-22 09:33:16.800,3317.8000,8922,0,91430040.000,0,-,-,-,-,3316.0000,3315.8000,3314.6000,3313.4000,3311.0000,3317.4000,3317.6000,3318.4000,3319.0000,3319.2000,1,1,1,1,2,1,1,2,2,1
SF,IH2103,2020-10-22 09:33:17.300,3317.8000,8922,0,91430040.000,0,-,-,-,-,3316.0000,3315.8000,3314.6000,3313.4000,3312.2000,3317.4000,3318.4000,3319.0000,3319.4000,3320.2000,1,1,1,1,1,1,2,2,2,1
SF,IH2103,2020-10-22 09:33:17.800,3317.8000,8922,0,91430040.000,0,-,-,-,-,3316.0000,3315.8000,3314.6000,3313.4000,3312.2000,3319.0000,3319.4000,3320.2000,3323.4000,3323.8000,1,1,1,1,1,1,2,1,1,3
SF,IH2103,2020-10-22 09:33:18.300,3317.8000,8922,0,91430040.000,0,-,-,-,-,3316.2000,3316.0000,3314.6000,3313.4000,3312.2000,3318.6000,3318.8000,3319.0000,3319.4000,3320.2000,1,1,1,1,1,1,1,2,2,1
SF,IH2103,2020-10-22 09:33:18.800,3317.8000,8922,0,91430040.000,0,-,-,-,-,3316.4000,3316.2000,3314.6000,3313.4000,3312.2000,3318.4000,3318.6000,3319.0000,3319.4000,3320.2000,1,1,1,1,1,2,1,1,2,1
SF,IH2103,2020-10-22 09:33:19.300,3317.8000,8922,0,91430040.000,0,-,-,-,-,3316.4000,3314.6000,3313.4000,3312.2000,3311.0000,3318.2000,3318.4000,3318.6000,3319.0000,3319.4000,1,1,1,1,2,1,1,1,1,2
SF,IH2103,2020-10-22 09:33:19.800,3317.8000,8922,0,91430040.000,0,-,-,-,-,3314.6000,3313.4000,3312.2000,3311.0000,3309.8000,3317.8000,3318.0000,3318.2000,3318.6000,3319.0000,1,1,1,2,5,1,1,1,1,1
SF,IH2103,2020-10-22 09:33:20.300,3317.8000,8922,0,91430040.000,0,-,-,-,-,3314.8000,3314.6000,3313.4000,3312.2000,3311.0000,3317.6000,3317.8000,3318.6000,3319.0000,3319.4000,1,1,1,1,2,2,1,1,1,2
SF,IH2103,2020-10-22 09:33:21.800,3317.8000,8922,0,91430040.000,0,-,-,-,-,3315.0000,3314.8000,3314.6000,3313.4000,3312.2000,3317.6000,3317.8000,3318.6000,3319.0000,3319.4000,1,1,1,1,1,3,1,1,1,2
SF,IH2103,2020-10-22 09:33:22.300,3317.8000,8922,0,91430040.000,0,-,-,-,-,3315.2000,3315.0000,3314.6000,3313.4000,3312.2000,3317.6000,3317.8000,3318.6000,3319.0000,3319.4000,1,1,1,1,1,3,1,1,1,2
SF,IH2103,2020-10-22 09:33:22.800,3317.8000,8922,0,91430040.000,0,-,-,-,-,3315.2000,3314.6000,3313.4000,3312.2000,3311.0000,3317.6000,3317.8000,3318.6000,3319.0000,3319.4000,1,1,1,1,2,3,1,1,1,2
SF,IH2103,2020-10-22 09:33:23.300,3317.8000,8922,0,91430040.000,0,-,-,-,-,3315.2000,3313.4000,3312.2000,3311.0000,3309.8000,3317.0000,3317.4000,3317.6000,3317.8000,3319.4000,1,1,1,2,5,1,2,3,1,1
SF,IH2103,2020-10-22 09:33:23.800,3317.8000,8922,0,91430040.000,0,-,-,-,-,3313.4000,3312.2000,3311.0000,3307.6000,3306.8000,3316.8000,3317.0000,3317.4000,3317.6000,3317.8000,1,1,2,1,1,2,1,1,1,1
SF,IH2103,2020-10-22 09:33:24.300,3317.8000,8922,0,91430040.000,0,-,-,-,-,3313.6000,3313.4000,3312.2000,3311.0000,3307.6000,3316.2000,3316.8000,3317.0000,3317.4000,3317.6000,1,1,1,2,1,1,2,1,2,1
SF,IH2103,2020-10-22 09:33:24.800,3317.8000,8922,0,91430040.000,0,-,-,-,-,3313.8000,3313.6000,3313.4000,3312.2000,3311.0000,3316.0000,3317.0000,3317.4000,3317.6000,3323.8000,1,1,1,1,2,2,1,2,1,3
SF,IH2103,2020-10-22 09:33:25.300,3317.8000,8922,0,91430040.000,0,-,-,-,-,3314.0000,3313.8000,3313.4000,3312.2000,3311.0000,3316.0000,3317.0000,3317.4000,3317.6000,3323.8000,1,1,1,1,2,2,1,2,1,3
SF,IH2103,2020-10-22 09:33:27.800,3316.2000,8922,0,93419760.000,2,1,1,多换,S,3316.2000,3314.2000,3314.0000,3313.4000,3312.2000,3317.0000,3317.4000,3317.6000,3323.8000,3324.0000,3,1,1,1,1,1,2,1,3,1
SF,IH2103,2020-10-22 09:33:28.300,3316.2000,8922,0,96404340.000,3,1,2,多换,S,3314.2000,3314.0000,3313.4000,3312.2000,3311.0000,3316.2000,3316.4000,3316.6000,3316.8000,3317.0000,1,1,1,1,2,4,4,3,2,1
SF,IH2103,2020-10-22 09:33:28.800,3316.2000,8922,0,96404340.000,0,-,-,-,-,3314.4000,3314.2000,3313.4000,3312.2000,3311.0000,3316.0000,3316.2000,3317.0000,3317.4000,3317.6000,1,1,1,1,2,1,6,1,2,1
SF,IH2103,2020-10-22 09:33:29.300,3316.2000,8922,0,96404340.000,0,-,-,-,-,3314.4000,3314.2000,3313.4000,3312.2000,3311.0000,3316.0000,3316.2000,3317.0000,3317.4000,3317.6000,1,1,1,1,2,1,7,1,1,1
SF,IH2103,2020-10-22 09:33:29.800,3314.4000,8921,-1,97398660.000,1,0,1,双平,S,3314.2000,3312.2000,3311.0000,3307.6000,3306.8000,3316.0000,3316.2000,3317.0000,3317.4000,3317.6000,1,1,2,1,1,1,6,1,1,1
SF,IH2103,2020-10-22 09:33:30.300,3314.4000,8921,0,97398660.000,0,-,-,-,-,3314.2000,3312.2000,3311.0000,3307.6000,3306.8000,3316.0000,3316.2000,3317.0000,3317.4000,3317.6000,1,1,2,1,1,1,6,1,1,1
SF,IH2103,2020-10-22 09:33:30.800,3314.4000,8921,0,97398660.000,0,-,-,-,-,3314.2000,3312.2000,3311.0000,3307.6000,3306.8000,3316.0000,3316.2000,3317.0000,3317.4000,3317.6000,1,1,2,1,1,1,6,1,1,1
SF,IH2103,2020-10-22 09:33:31.300,3314.2000,8920,-1,98392920.000,1,0,1,双平,S,3312.2000,3311.0000,3307.6000,3306.8000,3306.0000,3315.4000,3315.8000,3316.0000,3316.2000,3317.6000,1,2,1,1,6,1,2,1,6,1
SF,IH2103,2020-10-22 09:33:31.800,3314.2000,8920,0,98392920.000,0,-,-,-,-,3312.6000,3312.4000,3312.2000,3311.0000,3307.6000,3314.2000,3315.2000,3315.4000,3315.8000,3316.2000,7,1,1,2,1,1,2,1,1,6
SF,IH2103,2020-10-22 09:33:32.300,3314.2000,8920,0,98392920.000,0,-,-,-,-,3312.8000,3312.2000,3311.0000,3307.6000,3306.8000,3314.2000,3315.2000,3315.4000,3315.8000,3316.2000,1,1,2,1,1,1,2,1,1,4
SF,IH2103,2020-10-22 09:33:33.800,3314.2000,8920,0,98392920.000,0,-,-,-,-,3313.0000,3312.8000,3312.2000,3311.0000,3307.6000,3314.2000,3315.2000,3315.4000,3315.8000,3316.2000,6,1,1,2,1,1,2,1,2,3
SF,IH2103,2020-10-22 09:33:34.300,3314.2000,8919,-1,99387180.000,1,0,1,双平,S,3313.2000,3313.0000,3312.2000,3311.0000,3307.6000,3315.2000,3315.8000,3316.2000,3317.6000,3323.8000,1,6,1,2,1,2,1,3,1,3
SF,IH2103,2020-10-22 09:33:34.800,3314.2000,8919,0,99387180.000,0,-,-,-,-,3313.2000,3313.0000,3312.2000,3311.0000,3308.0000,3315.2000,3315.8000,3316.2000,3317.6000,3323.8000,1,6,1,2,1,2,1,3,1,3
SF,IH2103,2020-10-22 09:33:35.300,3314.2000,8919,0,99387180.000,0,-,-,-,-,3313.2000,3312.2000,3311.0000,3308.0000,3307.6000,3315.2000,3315.8000,3316.2000,3317.6000,3323.8000,1,1,2,1,1,2,1,3,1,3
SF,IH2103,2020-10-22 09:33:35.800,3315.2000,8918,-1,100381740.000,1,0,1,双平,S,3313.4000,3313.2000,3312.2000,3311.0000,3308.0000,3315.2000,3316.4000,3323.8000,3324.0000,3325.0000,1,1,1,2,1,1,1,3,1,1
SF,IH2103,2020-10-22 09:33:36.300,3315.2000,8918,0,100381740.000,0,-,-,-,-,3313.6000,3313.4000,3312.2000,3311.0000,3308.0000,3315.2000,3316.4000,3323.8000,3324.0000,3325.0000,1,1,1,2,1,1,1,3,1,1
SF,IH2103,2020-10-22 09:33:36.800,3315.2000,8918,0,100381740.000,0,-,-,-,-,3313.6000,3313.4000,3312.2000,3311.0000,3308.0000,3315.2000,3316.4000,3323.8000,3324.0000,3325.0000,1,1,1,2,1,1,1,3,1,1
SF,IH2103,2020-10-22 09:33:37.300,3315.2000,8918,0,100381740.000,0,-,-,-,-,3313.6000,3313.4000,3312.2000,3311.0000,3308.0000,3315.2000,3316.4000,3323.8000,3324.0000,3325.0000,1,1,1,2,1,1,1,3,1,1
SF,IH2103,2020-10-22 09:33:38.800,3315.2000,8918,0,100381740.000,0,-,-,-,-,3313.6000,3313.4000,3312.2000,3311.0000,3308.0000,3315.0000,3315.2000,3315.6000,3323.8000,3324.0000,1,1,1,2,1,3,1,1,3,1
SF,IH2103,2020-10-22 09:33:39.300,3315.2000,8918,0,100381740.000,0,-,-,-,-,3313.6000,3313.4000,3312.2000,3311.0000,3308.0000,3315.0000,3315.2000,3315.6000,3323.8000,3324.0000,1,1,1,2,1,2,1,1,3,1
SF,IH2103,2020-10-22 09:33:39.800,3315.2000,8918,0,100381740.000,0,-,-,-,-,3313.6000,3313.4000,3312.2000,3311.0000,3308.0000,3315.0000,3315.2000,3315.6000,3323.8000,3324.0000,1,1,1,2,1,2,1,1,3,1
SF,IH2103,2020-10-22 09:33:40.300,3315.2000,8918,0,100381740.000,0,-,-,-,-,3313.6000,3313.4000,3312.2000,3311.0000,3308.0000,3315.0000,3315.2000,3315.6000,3323.8000,3324.0000,1,1,1,2,1,2,1,1,3,1
SF,IH2103,2020-10-22 09:33:40.800,3315.2000,8918,0,100381740.000,0,-,-,-,-,3313.6000,3313.4000,3312.2000,3311.0000,3308.0000,3314.4000,3315.0000,3315.2000,3315.6000,3323.8000,1,1,1,2,1,2,2,1,1,3
SF,IH2103,2020-10-22 09:33:41.300,3315.2000,8918,0,100381740.000,0,-,-,-,-,3313.6000,3312.2000,3311.0000,3308.0000,3307.6000,3315.0000,3315.2000,3315.6000,3323.8000,3324.0000,1,1,2,1,1,2,1,1,3,1
SF,IH2103,2020-10-22 09:33:41.800,3315.2000,8918,0,100381740.000,0,-,-,-,-,3312.2000,3311.0000,3308.0000,3307.6000,3306.8000,3314.8000,3315.0000,3315.6000,3323.8000,3324.0000,1,2,1,1,1,2,2,1,3,1
SF,IH2103,2020-10-22 09:33:42.300,3315.2000,8918,0,100381740.000,0,-,-,-,-,3312.4000,3312.2000,3311.0000,3308.0000,3307.6000,3314.8000,3315.0000,3315.6000,3323.8000,3324.0000,2,1,2,1,1,2,2,1,3,1
SF,IH2103,2020-10-22 09:33:42.800,3315.2000,8918,0,100381740.000,0,-,-,-,-,3312.4000,3312.2000,3311.0000,3308.0000,3307.6000,3314.6000,3314.8000,3315.0000,3315.6000,3323.8000,2,1,2,1,1,2,1,2,1,3
SF,IH2103,2020-10-22 09:33:43.300,3315.2000,8918,0,100381740.000,0,-,-,-,-,3312.4000,3312.2000,3311.0000,3308.0000,3307.6000,3314.4000,3314.6000,3315.0000,3315.6000,3323.8000,2,1,2,1,1,1,2,2,1,3
SF,IH2103,2020-10-22 09:33:43.800,3315.2000,8918,0,100381740.000,0,-,-,-,-,3312.4000,3312.2000,3311.0000,3308.0000,3307.6000,3314.4000,3314.6000,3315.0000,3315.6000,3323.8000,2,1,2,1,1,5,1,2,1,3
SF,IH2103,2020-10-22 09:33:45.800,3315.0000,8915,-3,103365240.000,3,0,3,双平,S,3312.4000,3312.2000,3311.0000,3308.0000,3307.6000,3314.4000,3314.6000,3315.0000,3315.6000,3323.8000,2,1,2,1,1,2,1,2,1,3
SF,IH2103,2020-10-22 09:33:46.300,3315.0000,8915,0,103365240.000,0,-,-,-,-,3312.4000,3312.2000,3311.0000,3308.0000,3307.6000,3314.2000,3314.4000,3314.6000,3315.0000,3315.6000,2,1,2,1,1,3,3,1,2,1
SF,IH2103,2020-10-22 09:33:47.300,3315.0000,8915,0,103365240.000,0,-,-,-,-,3312.4000,3312.2000,3311.0000,3308.0000,3307.6000,3314.2000,3314.4000,3314.6000,3315.0000,3323.8000,2,1,2,1,1,3,3,2,2,3
SF,IH2103,2020-10-22 09:33:48.300,3312.4000,8914,-1,104358960.000,1,0,1,双平,S,3312.4000,3312.2000,3311.0000,3308.0000,3307.6000,3314.0000,3314.2000,3314.4000,3314.6000,3315.0000,1,1,2,1,1,1,3,3,3,2
SF,IH2103,2020-10-22 09:33:48.800,3312.4000,8914,0,104358960.000,0,-,-,-,-,3312.4000,3312.2000,3311.0000,3308.0000,3307.6000,3313.8000,3314.0000,3314.4000,3314.6000,3315.0000,1,1,2,1,1,1,1,2,3,2
SF,IH2103,2020-10-22 09:33:49.300,3312.4000,8914,0,104358960.000,0,-,-,-,-,3312.4000,3312.2000,3311.0000,3308.0000,3307.6000,3313.8000,3314.0000,3314.4000,3314.6000,3315.0000,1,1,2,1,1,1,1,3,2,2
SF,IH2103,2020-10-22 09:33:49.800,3312.4000,8913,-1,105352680.000,1,0,1,双平,S,3312.2000,3311.0000,3308.0000,3307.6000,3306.8000,3313.8000,3314.0000,3314.4000,3314.6000,3315.0000,1,2,1,1,1,1,1,5,1,2
SF,IH2103,2020-10-22 09:33:50.300,3312.4000,8913,0,105352680.000,0,-,-,-,-,3312.2000,3311.0000,3308.0000,3307.6000,3306.8000,3313.8000,3314.0000,3314.4000,3314.6000,3315.0000,1,2,1,1,1,2,1,3,1,2
SF,IH2103,2020-10-22 09:33:50.800,3312.2000,8912,-1,106346340.000,1,0,1,双平,S,3311.0000,3308.0000,3307.6000,3306.8000,3306.0000,3313.6000,3313.8000,3314.0000,3314.4000,3314.6000,2,1,1,1,6,5,2,1,3,1
SF,IH2103,2020-10-22 09:33:51.300,3312.2000,8912,0,106346340.000,0,-,-,-,-,3311.2000,3311.0000,3308.0000,3307.6000,3306.8000,3313.0000,3313.4000,3313.6000,3313.8000,3314.0000,1,2,1,1,1,1,3,4,1,2
SF,IH2103,2020-10-22 09:33:51.800,3312.2000,8912,0,106346340.000,0,-,-,-,-,3311.0000,3308.0000,3307.6000,3306.8000,3306.0000,3312.8000,3313.0000,3313.4000,3313.6000,3313.8000,2,1,1,1,6,2,1,1,4,1
SF,IH2103,2020-10-22 09:33:52.300,3312.2000,8912,0,106346340.000,0,-,-,-,-,3312.0000,3311.2000,3311.0000,3308.0000,3307.6000,3312.8000,3313.0000,3313.4000,3313.6000,3313.8000,1,1,2,1,1,2,1,1,2,1
SF,IH2103,2020-10-22 09:33:52.800,3312.0000,8912,0,107339940.000,1,0,1,多换,S,3311.2000,3311.0000,3308.0000,3307.6000,3306.8000,3312.8000,3313.4000,3313.6000,3313.8000,3314.0000,1,2,1,1,1,1,1,2,1,2
SF,IH2103,2020-10-22 09:33:53.300,3311.2000,8911,-1,108333300.000,1,0,1,双平,S,3311.0000,3308.0000,3307.6000,3306.8000,3306.0000,3312.8000,3313.4000,3313.6000,3313.8000,3314.0000,2,1,1,1,6,1,1,2,1,2
SF,IH2103,2020-10-22 09:33:53.800,3311.2000,8911,0,108333300.000,0,-,-,-,-,3311.0000,3308.0000,3307.6000,3306.8000,3306.0000,3312.6000,3312.8000,3313.4000,3313.6000,3313.8000,2,1,1,1,6,1,1,1,2,2
SF,IH2103,2020-10-22 09:33:54.300,3311.0000,8911,0,109326600.000,1,0,1,多换,S,3311.0000,3308.0000,3307.6000,3306.8000,3306.0000,3312.4000,3312.6000,3313.4000,3313.6000,3313.8000,1,1,1,1,6,1,1,3,2,2
SF,IH2103,2020-10-22 09:33:54.800,3311.0000,8911,0,109326600.000,0,-,-,-,-,3311.0000,3308.0000,3307.6000,3306.8000,3306.0000,3312.4000,3312.6000,3313.4000,3313.6000,3313.8000,1,1,1,1,6,1,1,3,1,2
SF,IH2103,2020-10-22 09:33:55.800,3312.4000,8910,-1,110320320.000,1,0,1,双平,S,3311.0000,3308.0000,3307.6000,3306.8000,3306.0000,3312.6000,3313.4000,3313.6000,3313.8000,3315.0000,1,1,1,1,6,1,3,1,2,1
SF,IH2103,2020-10-22 09:33:56.300,3312.4000,8910,0,110320320.000,0,-,-,-,-,3311.0000,3308.0000,3307.6000,3306.8000,3306.0000,3312.4000,3312.6000,3313.4000,3313.6000,3313.8000,1,1,1,1,6,1,1,3,1,2
SF,IH2103,2020-10-22 09:33:56.800,3312.4000,8910,0,110320320.000,0,-,-,-,-,3311.0000,3308.0000,3307.6000,3306.8000,3306.0000,3312.4000,3312.6000,3313.4000,3313.6000,3313.8000,1,1,1,1,1,1,1,3,1,2
SF,IH2103,2020-10-22 09:33:57.300,3311.0000,8909,-1,111313620.000,1,0,1,双平,S,3308.0000,3307.6000,3306.8000,3306.0000,3305.0000,3311.0000,3312.2000,3312.4000,3312.6000,3313.4000,1,1,1,1,1,1,1,2,1,3
SF,IH2103,2020-10-22 09:33:57.800,3311.0000,8909,0,111313620.000,0,-,-,-,-,3308.8000,3308.4000,3308.2000,3308.0000,3307.6000,3310.8000,3311.0000,3312.2000,3312.4000,3312.8000,1,7,2,1,1,1,1,1,2,3
SF,IH2103,2020-10-22 09:33:58.300,3311.0000,8909,0,111313620.000,0,-,-,-,-,3309.0000,3308.8000,3308.2000,3308.0000,3307.6000,3310.8000,3311.0000,3312.2000,3312.4000,3312.8000,8,1,1,1,1,1,1,1,2,3
SF,IH2103,2020-10-22 09:33:58.800,3311.0000,8909,0,111313620.000,0,-,-,-,-,3309.0000,3308.2000,3308.0000,3307.6000,3306.8000,3310.8000,3311.0000,3312.2000,3312.4000,3312.8000,2,1,1,1,1,1,1,1,2,3
SF,IH2103,2020-10-22 09:33:59.800,3311.0000,8909,0,111313620.000,0,-,-,-,-,3309.0000,3308.2000,3308.0000,3307.6000,3306.8000,3310.8000,3311.0000,3312.2000,3312.4000,3312.8000,1,1,1,1,1,1,1,1,1,3
SF,IH2103,2020-10-22 09:34:00.300,3311.0000,8909,0,111313620.000,0,-,-,-,-,3309.0000,3308.2000,3308.0000,3307.6000,3306.8000,3310.6000,3310.8000,3311.0000,3312.2000,3312.8000,1,1,1,1,1,1,1,1,1,3
SF,IH2103,2020-10-22 09:34:00.800,3311.0000,8909,0,111313620.000,0,-,-,-,-,3309.2000,3308.2000,3308.0000,3307.6000,3306.8000,3310.6000,3310.8000,3311.0000,3312.2000,3312.8000,1,1,1,1,1,1,1,1,1,3
SF,IH2103,2020-10-22 09:34:01.300,3309.2000,8908,-1,112306380.000,1,0,1,双平,S,3308.2000,3308.0000,3307.6000,3306.8000,3306.0000,3309.0000,3310.6000,3310.8000,3311.0000,3311.8000,1,1,1,1,1,2,1,1,1,1
SF,IH2103,2020-10-22 09:34:01.800,3308.2000,8905,-3,115284240.000,3,0,3,双平,S,3308.0000,3307.6000,3306.8000,3306.0000,3305.0000,3310.6000,3310.8000,3311.0000,3311.8000,3312.2000,1,1,1,1,1,1,1,1,1,1
SF,IH2103,2020-10-22 09:34:02.300,3308.2000,8905,0,115284240.000,0,-,-,-,-,3308.2000,3308.0000,3307.6000,3306.8000,3306.0000,3310.2000,3310.4000,3310.6000,3311.0000,3311.8000,1,1,1,1,1,1,3,1,1,1
SF,IH2103,2020-10-22 09:34:02.800,3308.2000,8905,0,115284240.000,0,-,-,-,-,3308.2000,3308.0000,3307.6000,3306.8000,3306.0000,3310.0000,3311.0000,3311.8000,3312.2000,3312.8000,1,1,1,1,1,3,1,1,1,2
SF,IH2103,2020-10-22 09:34:03.300,3308.2000,8905,0,115284240.000,0,-,-,-,-,3308.2000,3308.0000,3307.6000,3306.8000,3306.0000,3309.8000,3310.0000,3311.0000,3311.8000,3312.2000,1,1,1,1,1,1,2,1,1,1
SF,IH2103,2020-10-22 09:34:03.800,3308.0000,8905,0,116276640.000,1,0,1,多换,S,3307.6000,3306.8000,3306.0000,3305.0000,3304.0000,3309.4000,3309.6000,3310.0000,3310.8000,3311.0000,1,1,1,1,1,1,1,1,1,1
SF,IH2103,2020-10-22 09:34:04.300,3307.6000,8904,-1,117268920.000,1,0,1,双平,S,3306.8000,3306.0000,3305.0000,3304.0000,3303.0000,3308.0000,3309.2000,3310.8000,3311.0000,3311.8000,1,1,1,1,1,1,3,1,1,1
SF,IH2103,2020-10-22 09:34:04.800,3306.8000,8903,-1,118260960.000,1,0,1,双平,S,3306.0000,3305.0000,3304.0000,3303.0000,3302.4000,3308.0000,3309.2000,3310.8000,3311.8000,3312.2000,1,1,1,1,1,1,3,1,1,1
SF,IH2103,2020-10-22 09:34:05.300,3306.8000,8903,0,118260960.000,0,-,-,-,-,3306.2000,3306.0000,3305.0000,3304.0000,3303.0000,3307.8000,3309.2000,3310.8000,3311.8000,3312.2000,1,1,1,1,1,2,1,1,1,1
SF,IH2103,2020-10-22 09:34:05.800,3306.2000,8902,-1,119252820.000,1,0,1,双平,S,3306.0000,3305.0000,3304.0000,3303.0000,3302.4000,3307.8000,3309.2000,3310.8000,3311.8000,3312.2000,1,1,1,1,1,2,1,1,1,1
SF,IH2103,2020-10-22 09:34:06.300,3306.2000,8902,0,119252820.000,0,-,-,-,-,3306.2000,3306.0000,3305.0000,3304.0000,3303.0000,3307.8000,3309.2000,3310.8000,3311.8000,3312.2000,1,1,1,1,1,1,1,1,1,1
SF,IH2103,2020-10-22 09:34:07.300,3306.2000,8902,0,119252820.000,0,-,-,-,-,3306.2000,3306.0000,3305.0000,3304.0000,3303.0000,3307.4000,3307.8000,3309.2000,3310.8000,3311.8000,1,1,1,1,1,5,1,1,1,1
SF,IH2103,2020-10-22 09:34:07.800,3307.4000,8897,-5,124213920.000,5,0,5,双平,S,3306.4000,3306.0000,3305.0000,3304.0000,3303.0000,3309.2000,3310.8000,3311.8000,3312.2000,3312.8000,1,1,1,1,1,1,1,1,1,2
SF,IH2103,2020-10-22 09:34:08.300,3307.4000,8897,0,124213920.000,0,-,-,-,-,3306.6000,3306.4000,3306.0000,3305.0000,3304.0000,3308.8000,3309.0000,3310.8000,3311.8000,3312.2000,1,1,1,1,1,1,2,1,1,1
SF,IH2103,2020-10-22 09:34:08.800,3307.4000,8897,0,124213920.000,0,-,-,-,-,3306.8000,3306.6000,3306.0000,3305.0000,3304.0000,3308.6000,3308.8000,3309.0000,3310.8000,3311.8000,1,1,1,1,1,1,1,1,1,1
SF,IH2103,2020-10-22 09:34:09.300,3307.4000,8897,0,124213920.000,0,-,-,-,-,3307.0000,3306.8000,3306.0000,3305.0000,3304.0000,3308.6000,3308.8000,3310.8000,3311.8000,3312.2000,1,1,1,1,1,1,1,1,1,1
SF,IH2103,2020-10-22 09:34:09.800,3307.4000,8897,0,124213920.000,0,-,-,-,-,3307.2000,3307.0000,3306.0000,3305.0000,3304.0000,3308.6000,3310.8000,3311.8000,3312.2000,3313.4000,1,1,1,1,1,2,1,1,1,1
SF,IH2103,2020-10-22 09:34:10.300,3308.6000,8895,-2,126199080.000,2,0,2,双平,S,3307.4000,3307.2000,3307.0000,3306.0000,3305.0000,3310.8000,3311.8000,3312.2000,3313.4000,3313.6000,1,1,1,1,1,1,1,1,1,1
SF,IH2103,2020-10-22 09:34:10.800,3308.6000,8895,0,126199080.000,0,-,-,-,-,3307.6000,3307.4000,3306.8000,3306.0000,3305.0000,3308.4000,3310.0000,3310.2000,3310.4000,3310.6000,2,1,1,1,1,1,3,1,1,2
SF,IH2103,2020-10-22 09:34:11.300,3308.4000,8894,-1,127191600.000,1,0,1,双平,S,3307.4000,3306.8000,3306.0000,3305.0000,3304.0000,3310.2000,3310.6000,3310.8000,3311.8000,3313.4000,1,1,1,1,1,1,2,1,1,1
SF,IH2103,2020-10-22 09:34:11.800,3308.4000,8894,0,127191600.000,0,-,-,-,-,3307.6000,3307.4000,3306.8000,3306.0000,3305.0000,3309.8000,3310.0000,3310.6000,3310.8000,3311.8000,9,1,1,1,1,1,1,1,1,1
SF,IH2103,2020-10-22 09:34:12.300,3308.4000,8894,0,127191600.000,0,-,-,-,-,3307.6000,3307.4000,3306.8000,3306.0000,3305.0000,3310.0000,3310.6000,3310.8000,3311.8000,3313.4000,9,1,1,1,1,1,1,1,1,1
SF,IH2103,2020-10-22 09:34:12.800,3310.0000,8893,-1,128184600.000,1,0,1,双平,S,3307.8000,3307.6000,3307.4000,3306.8000,3306.0000,3310.8000,3311.8000,3313.4000,3313.6000,3313.8000,2,8,1,1,1,1,1,1,1,1
SF,IH2103,2020-10-22 09:34:13.300,3310.0000,8893,0,128184600.000,0,-,-,-,-,3308.2000,3308.0000,3307.8000,3307.4000,3306.8000,3310.8000,3311.8000,3313.4000,3313.6000,3313.8000,7,2,1,1,1,1,1,1,1,1
SF,IH2103,2020-10-22 09:34:13.800,3310.0000,8893,0,128184600.000,0,-,-,-,-,3308.6000,3308.4000,3308.2000,3307.8000,3307.4000,3310.8000,3311.8000,3313.4000,3313.6000,3313.8000,1,2,6,1,1,1,1,1,1,1
SF,IH2103,2020-10-22 09:34:14.300,3310.0000,8893,0,128184600.000,0,-,-,-,-,3308.8000,3308.6000,3307.8000,3307.4000,3306.8000,3310.6000,3310.8000,3313.4000,3313.6000,3313.8000,2,1,1,1,1,2,1,1,1,1
SF,IH2103,2020-10-22 09:34:14.800,3310.0000,8893,0,128184600.000,0,-,-,-,-,3308.8000,3307.4000,3306.8000,3306.0000,3305.0000,3310.2000,3310.4000,3310.6000,3310.8000,3313.4000,2,1,1,1,1,1,1,1,1,1
SF,IH2103,2020-10-22 09:34:15.300,3308.8000,8891,-2,130169880.000,2,0,2,双平,S,3308.0000,3306.8000,3306.0000,3305.0000,3304.0000,3309.6000,3310.0000,3310.8000,3313.4000,3313.6000,1,1,1,1,1,1,1,1,1,1
SF,IH2103,2020-10-22 09:34:15.800,3308.8000,8891,0,130169880.000,0,-,-,-,-,3308.2000,3308.0000,3306.8000,3306.0000,3305.0000,3310.0000,3310.8000,3313.4000,3313.6000,3313.8000,7,1,1,1,1,1,1,1,1,1
SF,IH2103,2020-10-22 09:34:16.300,3308.8000,8891,0,130169880.000,0,-,-,-,-,3308.2000,3308.0000,3306.8000,3306.0000,3305.0000,3309.8000,3310.0000,3310.8000,3313.4000,3313.6000,7,1,1,1,1,1,1,1,1,1
SF,IH2103,2020-10-22 09:34:16.800,3308.8000,8891,0,130169880.000,0,-,-,-,-,3308.2000,3308.0000,3306.8000,3306.0000,3305.0000,3309.8000,3310.0000,3310.8000,3313.4000,3313.6000,1,1,1,1,1,1,1,1,1,1
SF,IH2103,2020-10-22 09:34:17.300,3309.8000,8890,-1,131162820.000,1,0,1,双平,S,3308.6000,3308.2000,3308.0000,3306.8000,3306.0000,3310.8000,3313.4000,3313.6000,3313.8000,3317.2000,6,1,1,1,1,1,1,1,1,1
SF,IH2103,2020-10-22 09:34:17.800,3309.8000,8890,0,131162820.000,0,-,-,-,-,3309.0000,3308.8000,3308.6000,3308.0000,3306.8000,3310.8000,3313.4000,3313.6000,3313.8000,3317.2000,1,2,6,1,1,1,1,1,1,1
SF,IH2103,2020-10-22 09:34:18.300,3309.8000,8890,0,131162820.000,0,-,-,-,-,3309.2000,3309.0000,3308.0000,3306.8000,3306.0000,3310.0000,3310.8000,3313.4000,3313.6000,3313.8000,8,1,1,1,1,1,1,1,1,1
SF,IH2103,2020-10-22 09:34:18.800,3310.0000,8889,-1,132155820.000,1,0,1,双平,S,3309.2000,3308.0000,3306.8000,3306.0000,3305.0000,3310.8000,3313.4000,3313.6000,3313.8000,3317.2000,7,1,1,1,1,1,1,1,1,1
SF,IH2103,2020-10-22 09:34:19.300,3310.0000,8889,0,132155820.000,0,-,-,-,-,3309.2000,3308.0000,3306.8000,3306.0000,3305.0000,3310.8000,3313.4000,3313.6000,3313.8000,3317.2000,1,1,1,1,1,1,1,1,1,1
SF,IH2103,2020-10-22 09:34:19.800,3310.0000,8889,0,132155820.000,0,-,-,-,-,3308.0000,3306.8000,3306.0000,3305.0000,3304.0000,3310.6000,3310.8000,3313.4000,3313.6000,3313.8000,1,1,1,1,1,2,1,1,1,1
SF,IH2103,2020-10-22 09:34:20.300,3310.0000,8889,0,132155820.000,0,-,-,-,-,3308.2000,3308.0000,3307.0000,3306.8000,3306.0000,3310.0000,3310.2000,3310.4000,3310.6000,3310.8000,1,1,1,1,1,1,1,1,1,1
SF,IH2103,2020-10-22 09:34:20.800,3310.0000,8889,0,132155820.000,0,-,-,-,-,3308.0000,3307.0000,3306.8000,3306.0000,3305.0000,3309.6000,3309.8000,3310.8000,3313.4000,3313.6000,1,1,1,1,1,1,2,1,1,1
SF,IH2103,2020-10-22 09:34:21.300,3310.0000,8889,0,132155820.000,0,-,-,-,-,3308.2000,3308.0000,3307.0000,3306.8000,3306.0000,3309.8000,3310.8000,3313.4000,3313.6000,3313.8000,1,1,1,1,1,2,1,1,1,1
SF,IH2103,2020-10-22 09:34:21.800,3310.0000,8889,0,132155820.000,0,-,-,-,-,3308.4000,3308.2000,3308.0000,3307.0000,3306.8000,3309.8000,3310.8000,3313.4000,3313.6000,3313.8000,6,1,1,1,1,1,1,1,1,1
SF,IH2103,2020-10-22 09:34:22.300,3310.0000,8889,0,132155820.000,0,-,-,-,-,3308.2000,3308.0000,3307.0000,3306.8000,3306.0000,3309.8000,3310.8000,3313.4000,3313.6000,3313.8000,1,1,1,1,1,1,1,1,1,1
SF,IH2103,2020-10-22 09:34:22.800,3310.0000,8889,0,132155820.000,0,-,-,-,-,3308.2000,3308.0000,3307.0000,3306.0000,3305.0000,3309.8000,3310.8000,3313.4000,3313.6000,3313.8000,1,1,1,1,1,1,1,1,1,1
SF,IH2103,2020-10-22 09:34:23.300,3310.0000,8889,0,132155820.000,0,-,-,-,-,3308.2000,3308.0000,3307.0000,3306.0000,3305.0000,3309.6000,3309.8000,3310.8000,3313.4000,3313.6000,1,1,1,1,1,1,1,1,1,1
SF,IH2103,2020-10-22 09:34:23.800,3308.2000,8888,-1,133148280.000,1,0,1,双平,S,3308.0000,3307.0000,3306.0000,3305.0000,3304.0000,3309.4000,3309.6000,3309.8000,3310.8000,3313.4000,1,1,1,1,1,1,1,1,1,1
SF,IH2103,2020-10-22 09:34:24.300,3308.0000,8888,0,134140680.000,1,0,1,多换,S,3307.0000,3306.0000,3305.0000,3304.0000,3303.0000,3309.2000,3309.8000,3310.8000,3313.4000,3313.6000,1,1,1,1,1,2,1,1,1,1
SF,IH2103,2020-10-22 09:34:24.800,3308.0000,8888,0,134140680.000,0,-,-,-,-,3307.2000,3307.0000,3306.0000,3305.0000,3304.0000,3308.6000,3308.8000,3309.0000,3309.2000,3310.8000,1,1,1,1,1,1,1,1,1,1
SF,IH2103,2020-10-22 09:34:25.300,3308.0000,8888,0,134140680.000,0,-,-,-,-,3307.2000,3307.0000,3306.0000,3305.0000,3304.0000,3308.6000,3309.0000,3309.2000,3310.8000,3313.4000,1,1,1,1,1,1,1,1,1,1
SF,IH2103,2020-10-22 09:34:25.800,3308.0000,8888,0,134140680.000,0,-,-,-,-,3307.2000,3307.0000,3306.0000,3305.0000,3304.0000,3308.4000,3309.0000,3309.2000,3310.8000,3313.4000,1,1,1,1,1,1,1,1,1,1
SF,IH2103,2020-10-22 09:34:26.300,3308.0000,8888,0,134140680.000,0,-,-,-,-,3307.6000,3307.2000,3307.0000,3306.0000,3305.0000,3309.0000,3309.2000,3310.8000,3313.4000,3313.6000,6,1,1,1,1,1,1,1,1,1
SF,IH2103,2020-10-22 09:34:26.800,3308.0000,8888,0,134140680.000,0,-,-,-,-,3307.2000,3307.0000,3306.0000,3305.0000,3304.0000,3309.0000,3309.2000,3310.8000,3313.4000,3313.6000,1,1,1,1,1,1,1,1,1,1
SF,IH2103,2020-10-22 09:34:27.300,3308.0000,8888,0,134140680.000,0,-,-,-,-,3307.4000,3307.2000,3307.0000,3306.0000,3305.0000,3308.8000,3310.8000,3313.4000,3313.6000,3313.8000,1,1,1,1,1,1,1,1,1,1
SF,IH2103,2020-10-22 09:34:28.800,3308.0000,8888,0,134140680.000,0,-,-,-,-,3307.4000,3307.2000,3307.0000,3306.0000,3305.0000,3308.6000,3308.8000,3310.8000,3313.4000,3313.6000,1,1,1,1,1,1,1,1,1,1
SF,IH2103,2020-10-22 09:34:29.300,3308.0000,8888,0,134140680.000,0,-,-,-,-,3307.0000,3306.0000,3305.0000,3304.0000,3303.0000,3308.4000,3310.8000,3313.4000,3313.6000,3313.8000,1,1,1,1,1,2,1,1,1,1
SF,IH2103,2020-10-22 09:34:29.800,3308.0000,8888,0,134140680.000,0,-,-,-,-,3307.0000,3306.0000,3305.0000,3304.0000,3303.0000,3308.2000,3308.4000,3310.8000,3313.4000,3313.6000,1,1,1,1,1,1,1,1,1,1
SF,IH2103,2020-10-22 09:34:30.300,3308.0000,8888,0,134140680.000,0,-,-,-,-,3307.0000,3306.0000,3305.0000,3304.0000,3303.0000,3308.4000,3310.8000,3313.4000,3313.6000,3313.8000,1,1,1,1,1,1,1,1,1,1
SF,IH2103,2020-10-22 09:34:31.300,3308.0000,8888,0,134140680.000,0,-,-,-,-,3307.0000,3306.0000,3305.0000,3304.0000,3303.0000,3308.4000,3310.8000,3313.4000,3313.6000,3313.8000,1,1,1,1,1,1,1,1,1,1
SF,IH2103,2020-10-22 09:34:32.300,3308.4000,8887,-1,135133200.000,1,0,1,双平,S,3307.0000,3306.0000,3305.0000,3304.0000,3303.0000,3310.8000,3313.4000,3313.6000,3313.8000,3317.2000,1,1,1,1,1,1,1,1,1,1
SF,IH2103,2020-10-22 09:34:32.800,3308.4000,8887,0,135133200.000,0,-,-,-,-,3307.2000,3307.0000,3306.0000,3305.0000,3304.0000,3310.2000,3310.4000,3310.6000,3310.8000,3313.6000,8,1,1,1,1,2,1,3,1,1
SF,IH2103,2020-10-22 09:34:33.300,3308.4000,8887,0,135133200.000,0,-,-,-,-,3307.6000,3307.4000,3307.2000,3307.0000,3306.0000,3309.8000,3310.0000,3310.2000,3310.6000,3310.8000,1,1,9,1,1,1,2,1,1,1
SF,IH2103,2020-10-22 09:34:33.800,3308.0000,8886,-1,137118540.000,2,0,2,多平,S,3307.8000,3307.4000,3307.2000,3307.0000,3306.0000,3310.0000,3310.2000,3310.6000,3310.8000,3313.6000,2,1,7,1,1,1,1,1,1,1
SF,IH2103,2020-10-22 09:34:34.300,3310.0000,8885,-1,138111540.000,1,0,1,双平,S,3308.2000,3307.8000,3307.4000,3307.2000,3307.0000,3310.2000,3310.8000,3313.6000,3313.8000,3316.0000,1,3,1,7,1,1,1,1,1,1
SF,IH2103,2020-10-22 09:34:34.800,3310.2000,8884,-1,139104600.000,1,0,1,双平,S,3310.2000,3308.8000,3308.6000,3308.4000,3308.2000,3310.8000,3313.6000,3313.8000,3316.0000,3317.2000,1,1,6,2,1,1,1,1,1,1
SF,IH2103,2020-10-22 09:34:35.300,3310.8000,8883,-1,140097840.000,1,0,1,双平,S,3310.8000,3310.2000,3308.8000,3308.6000,3308.4000,3313.6000,3313.8000,3316.0000,3317.2000,3323.8000,1,1,1,6,2,1,1,1,1,3
SF,IH2103,2020-10-22 09:34:35.800,3310.8000,8881,-2,142084320.000,2,0,2,双平,S,3310.2000,3308.8000,3308.6000,3308.4000,3308.2000,3312.2000,3313.0000,3313.2000,3313.4000,3313.6000,1,2,6,1,1,2,1,1,4,2
SF,IH2103,2020-10-22 09:34:36.300,3310.8000,8881,0,142084320.000,0,-,-,-,-,3308.8000,3308.6000,3308.4000,3308.2000,3307.8000,3312.0000,3312.2000,3313.0000,3313.2000,3313.4000,2,6,1,1,1,2,2,1,1,4
SF,IH2103,2020-10-22 09:34:36.800,3310.8000,8881,0,142084320.000,0,-,-,-,-,3309.0000,3308.8000,3308.2000,3307.8000,3307.4000,3311.4000,3311.6000,3312.0000,3312.2000,3313.2000,1,2,1,1,1,1,4,3,2,1
SF,IH2103,2020-10-22 09:34:37.300,3309.0000,8880,-1,143077020.000,1,0,1,双平,S,3308.8000,3308.2000,3307.4000,3307.2000,3307.0000,3311.0000,3311.2000,3311.4000,3311.6000,3312.0000,2,1,1,1,1,1,5,1,1,1
SF,IH2103,2020-10-22 09:34:37.800,3308.8000,8879,-1,144069660.000,1,0,1,双平,S,3307.4000,3307.2000,3307.0000,3306.8000,3306.0000,3310.6000,3310.8000,3311.0000,3311.4000,3311.6000,1,1,1,6,1,3,2,2,1,1
SF,IH2103,2020-10-22 09:34:38.300,3308.8000,8879,0,144069660.000,0,-,-,-,-,3307.6000,3307.4000,3307.2000,3307.0000,3306.8000,3310.2000,3310.4000,3310.6000,3311.0000,3311.4000,1,1,1,1,6,2,2,1,1,1
SF,IH2103,2020-10-22 09:34:38.800,3308.8000,8879,0,144069660.000,0,-,-,-,-,3307.6000,3307.4000,3307.2000,3307.0000,3306.8000,3310.0000,3310.2000,3310.6000,3311.0000,3311.4000,1,1,1,1,6,2,2,1,1,1
SF,IH2103,2020-10-22 09:34:39.300,3308.8000,8879,0,144069660.000,0,-,-,-,-,3308.4000,3307.6000,3307.4000,3307.2000,3307.0000,3310.0000,3310.6000,3311.0000,3311.4000,3311.6000,1,1,1,1,1,2,1,1,1,1
SF,IH2103,2020-10-22 09:34:39.800,3308.8000,8879,0,144069660.000,0,-,-,-,-,3308.6000,3308.4000,3307.4000,3307.2000,3307.0000,3310.0000,3311.4000,3311.6000,3312.0000,3313.4000,1,1,1,1,1,2,1,1,1,4
SF,IH2103,2020-10-22 09:34:42.800,3308.8000,8879,0,144069660.000,0,-,-,-,-,3308.6000,3307.4000,3307.2000,3307.0000,3306.8000,3310.0000,3311.4000,3311.6000,3312.0000,3313.4000,1,1,1,1,7,2,1,1,1,4
SF,IH2103,2020-10-22 09:34:43.300,3308.8000,8879,0,144069660.000,0,-,-,-,-,3309.0000,3308.6000,3307.4000,3307.2000,3307.0000,3310.0000,3311.4000,3311.6000,3312.0000,3313.4000,1,1,1,1,1,2,1,1,1,4
SF,IH2103,2020-10-22 09:34:43.800,3309.0000,8878,-1,145062360.000,1,0,1,双平,S,3308.6000,3307.4000,3307.2000,3307.0000,3306.8000,3310.0000,3311.4000,3311.6000,3312.0000,3313.4000,1,1,1,1,7,1,1,1,1,4
SF,IH2103,2020-10-22 09:34:45.300,3308.6000,8877,-1,146054940.000,1,0,1,双平,S,3307.4000,3307.2000,3307.0000,3306.8000,3306.0000,3310.0000,3311.4000,3311.6000,3312.0000,3313.4000,1,1,1,7,1,1,1,1,1,4
SF,IH2103,2020-10-22 09:34:45.800,3308.6000,8877,0,146054940.000,0,-,-,-,-,3307.6000,3307.4000,3307.2000,3307.0000,3306.8000,3309.8000,3310.0000,3311.4000,3311.6000,3312.0000,1,1,1,1,7,1,1,1,1,1
SF,IH2103,2020-10-22 09:34:46.300,3308.6000,8877,0,146054940.000,0,-,-,-,-,3307.6000,3307.4000,3307.2000,3307.0000,3306.8000,3309.6000,3309.8000,3311.4000,3311.6000,3312.0000,1,1,1,1,7,1,1,1,1,1
SF,IH2103,2020-10-22 09:34:46.800,3308.6000,8877,0,146054940.000,0,-,-,-,-,3307.6000,3307.4000,3307.2000,3307.0000,3306.8000,3309.4000,3309.6000,3311.4000,3311.6000,3312.0000,1,1,1,1,7,1,1,1,1,1
SF,IH2103,2020-10-22 09:34:47.300,3309.4000,8876,-1,147047760.000,1,0,1,双平,S,3308.2000,3308.0000,3307.8000,3307.6000,3307.4000,3309.6000,3311.4000,3311.6000,3312.0000,3313.4000,1,6,2,1,1,1,1,1,1,4
SF,IH2103,2020-10-22 09:34:47.800,3309.4000,8876,0,147047760.000,0,-,-,-,-,3308.4000,3308.2000,3308.0000,3307.8000,3307.4000,3311.4000,3313.4000,3313.6000,3313.8000,3316.0000,1,1,6,2,1,1,4,1,1,1
SF,IH2103,2020-10-22 09:34:48.300,3309.4000,8876,0,147047760.000,0,-,-,-,-,3308.6000,3308.4000,3308.2000,3307.8000,3307.4000,3311.0000,3311.2000,3311.4000,3313.4000,3313.6000,1,1,1,1,1,2,1,1,4,1
SF,IH2103,2020-10-22 09:34:48.800,3309.4000,8876,0,147047760.000,0,-,-,-,-,3308.6000,3308.2000,3307.8000,3307.4000,3307.2000,3309.8000,3310.8000,3311.0000,3311.4000,3313.4000,1,1,1,1,1,2,3,3,1,4
SF,IH2103,2020-10-22 09:34:49.300,3309.4000,8876,0,147047760.000,0,-,-,-,-,3308.2000,3307.8000,3307.4000,3307.2000,3307.0000,3309.6000,3311.0000,3311.4000,3313.4000,3313.6000,1,1,1,1,1,1,1,1,4,1
SF,IH2103,2020-10-22 09:34:50.300,3309.4000,8876,0,147047760.000,0,-,-,-,-,3307.4000,3307.2000,3307.0000,3306.8000,3306.0000,3308.4000,3309.6000,3310.4000,3311.0000,3311.4000,1,1,1,7,1,1,1,1,1,1
SF,IH2103,2020-10-22 09:34:50.800,3308.4000,8876,0,148040280.000,1,0,1,多换,S,3308.4000,3307.4000,3307.2000,3307.0000,3306.8000,3309.6000,3310.4000,3311.0000,3311.4000,3313.4000,1,1,1,1,7,1,1,1,1,4
SF,IH2103,2020-10-22 09:34:51.300,3308.4000,8876,0,148040280.000,0,-,-,-,-,3308.2000,3307.4000,3307.2000,3307.0000,3306.8000,3309.6000,3310.4000,3311.0000,3311.4000,3313.4000,1,1,1,1,7,1,1,1,1,4
SF,IH2103,2020-10-22 09:34:51.800,3308.4000,8876,0,148040280.000,0,-,-,-,-,3308.2000,3307.4000,3307.0000,3306.8000,3306.0000,3309.6000,3310.4000,3311.0000,3311.4000,3313.4000,1,1,1,7,1,1,1,1,1,4
SF,IH2103,2020-10-22 09:34:56.300,3308.4000,8876,0,148040280.000,0,-,-,-,-,3307.4000,3307.0000,3306.8000,3306.0000,3305.0000,3309.6000,3310.4000,3311.0000,3311.4000,3313.4000,1,1,7,1,1,1,1,1,1,4
SF,IH2103,2020-10-22 09:34:56.800,3308.4000,8876,0,148040280.000,0,-,-,-,-,3308.0000,3307.6000,3307.4000,3306.8000,3306.0000,3309.4000,3309.6000,3310.4000,3311.0000,3311.4000,1,1,1,7,1,1,1,1,1,1
SF,IH2103,2020-10-22 09:34:57.300,3308.0000,8875,-1,149032680.000,1,0,1,双平,S,3307.4000,3306.8000,3306.0000,3305.0000,3304.0000,3309.2000,3309.4000,3310.4000,3311.0000,3311.4000,1,7,1,1,1,1,1,1,1,1
SF,IH2103,2020-10-22 09:34:57.800,3308.0000,8875,0,149032680.000,0,-,-,-,-,3306.8000,3306.0000,3305.0000,3304.0000,3303.0000,3309.0000,3309.2000,3310.4000,3311.0000,3311.4000,7,1,1,1,1,1,1,1,1,1
SF,IH2103,2020-10-22 09:34:58.300,3308.0000,8875,0,149032680.000,0,-,-,-,-,3306.8000,3306.0000,3305.0000,3304.0000,3303.0000,3308.6000,3308.8000,3309.0000,3310.4000,3311.4000,7,1,2,1,2,1,2,1,1,1
SF,IH2103,2020-10-22 09:34:58.800,3308.0000,8875,0,149032680.000,0,-,-,-,-,3306.8000,3306.0000,3305.0000,3304.0000,3303.0000,3308.4000,3308.8000,3310.4000,3311.4000,3313.4000,7,1,2,1,2,2,1,1,1,4
SF,IH2103,2020-10-22 09:34:59.300,3308.0000,8875,0,149032680.000,0,-,-,-,-,3308.0000,3306.8000,3306.0000,3305.0000,3304.0000,3308.4000,3308.8000,3310.4000,3311.4000,3313.4000,1,7,1,2,1,2,1,1,1,4
SF,IH2103,2020-10-22 09:34:59.800,3308.0000,8875,0,150025080.000,1,0,1,多换,S,3306.8000,3306.0000,3305.0000,3304.0000,3303.0000,3308.4000,3308.8000,3310.4000,3311.4000,3313.4000,7,1,1,1,2,1,1,1,1,4
SF,IH2103,2020-10-22 09:35:00.300,3308.0000,8875,0,150025080.000,0,-,-,-,-,3306.8000,3306.0000,3305.0000,3304.0000,3303.0000,3308.4000,3308.8000,3310.4000,3311.4000,3313.4000,7,1,2,1,2,1,1,1,1,4
SF,IH2103,2020-10-22 09:35:00.800,3308.0000,8875,0,150025080.000,0,-,-,-,-,3306.8000,3306.0000,3305.0000,3304.0000,3303.0000,3308.4000,3308.8000,3310.4000,3311.4000,3313.4000,7,1,2,1,2,1,1,1,1,4
SF,IH2103,2020-10-22 09:35:01.300,3308.0000,8875,0,150025080.000,0,-,-,-,-,3306.8000,3306.0000,3305.0000,3304.0000,3303.0000,3308.2000,3308.4000,3308.8000,3310.4000,3311.4000,7,1,2,1,2,1,1,1,1,1
SF,IH2103,2020-10-22 09:35:01.800,3308.0000,8875,0,150025080.000,0,-,-,-,-,3306.8000,3306.0000,3305.0000,3304.0000,3303.0000,3308.4000,3310.4000,3311.4000,3313.4000,3313.6000,7,1,2,1,2,1,1,1,4,1
SF,IH2103,2020-10-22 09:35:02.300,3308.0000,8875,0,150025080.000,0,-,-,-,-,3307.0000,3306.8000,3306.0000,3305.0000,3304.0000,3308.4000,3310.4000,3311.4000,3313.4000,3313.6000,1,7,1,2,1,1,1,1,4,1
SF,IH2103,2020-10-22 09:35:02.800,3308.0000,8875,0,150025080.000,0,-,-,-,-,3307.0000,3306.8000,3306.0000,3305.0000,3304.0000,3308.4000,3310.4000,3311.4000,3313.4000,3313.6000,1,7,1,2,1,1,1,1,4,1
SF,IH2103,2020-10-22 09:35:04.300,3308.4000,8874,-1,151017600.000,1,0,1,双平,S,3307.0000,3306.8000,3306.0000,3305.0000,3304.0000,3310.4000,3311.4000,3313.4000,3313.6000,3316.0000,1,7,1,2,1,1,1,4,1,1
SF,IH2103,2020-10-22 09:35:04.800,3308.4000,8874,0,151017600.000,0,-,-,-,-,3307.4000,3307.0000,3306.8000,3306.0000,3305.0000,3309.6000,3310.2000,3310.4000,3311.4000,3313.4000,1,1,7,1,2,1,3,2,1,4
SF,IH2103,2020-10-22 09:35:05.300,3308.4000,8874,0,151017600.000,0,-,-,-,-,3307.6000,3307.4000,3306.8000,3306.0000,3305.0000,3309.4000,3310.2000,3310.4000,3311.4000,3313.4000,1,1,7,1,1,2,1,2,1,4
SF,IH2103,2020-10-22 09:35:06.300,3308.4000,8874,0,151017600.000,0,-,-,-,-,3307.6000,3307.4000,3306.8000,3306.0000,3305.0000,3309.4000,3310.4000,3311.4000,3313.4000,3313.6000,1,1,7,1,1,2,2,1,4,1
SF,IH2103,2020-10-22 09:35:07.300,3308.4000,8874,0,151017600.000,0,-,-,-,-,3307.6000,3307.4000,3306.8000,3306.0000,3305.0000,3309.4000,3309.6000,3310.4000,3311.4000,3313.4000,2,1,7,1,1,2,1,2,1,4
SF,IH2103,2020-10-22 09:35:07.800,3308.4000,8874,0,151017600.000,0,-,-,-,-,3307.6000,3307.4000,3307.0000,3306.8000,3306.0000,3309.4000,3309.6000,3310.4000,3311.4000,3313.4000,2,1,1,7,1,2,1,2,1,4
SF,IH2103,2020-10-22 09:35:08.800,3308.4000,8874,0,151017600.000,0,-,-,-,-,3307.8000,3307.6000,3307.4000,3307.0000,3306.8000,3309.4000,3309.6000,3310.4000,3311.4000,3313.4000,6,2,1,1,7,2,1,1,1,4
SF,IH2103,2020-10-22 09:35:09.300,3309.4000,8873,-1,152010420.000,1,0,1,双平,S,3308.2000,3308.0000,3307.6000,3307.4000,3307.0000,3309.4000,3309.6000,3310.4000,3311.4000,3313.4000,1,1,1,1,1,1,1,1,1,4
SF,IH2103,2020-10-22 09:35:09.800,3309.4000,8873,0,152010420.000,0,-,-,-,-,3308.2000,3308.0000,3307.6000,3307.4000,3307.0000,3309.6000,3310.4000,3311.4000,3313.4000,3313.6000,1,1,1,1,1,1,1,1,4,1
SF,IH2103,2020-10-22 09:35:10.300,3309.4000,8873,0,152010420.000,0,-,-,-,-,3308.0000,3307.6000,3307.4000,3307.0000,3306.8000,3309.4000,3309.6000,3310.4000,3311.4000,3313.4000,1,1,1,1,7,1,1,1,1,4
SF,IH2103,2020-10-22 09:35:10.800,3309.4000,8873,0,152010420.000,0,-,-,-,-,3307.6000,3307.4000,3307.0000,3306.8000,3306.0000,3309.4000,3309.6000,3310.4000,3311.4000,3313.4000,1,1,1,7,1,1,1,1,1,4
SF,IH2103,2020-10-22 09:35:11.300,3309.4000,8873,0,152010420.000,0,-,-,-,-,3307.8000,3307.6000,3307.4000,3307.0000,3306.8000,3309.4000,3309.6000,3310.4000,3311.4000,3313.4000,1,1,1,1,7,1,1,1,1,4
SF,IH2103,2020-10-22 09:35:13.300,3309.4000,8873,0,152010420.000,0,-,-,-,-,3307.8000,3307.6000,3307.0000,3306.8000,3306.0000,3308.8000,3309.4000,3309.6000,3310.4000,3311.4000,1,1,1,7,1,1,2,1,1,1
SF,IH2103,2020-10-22 09:35:13.800,3309.4000,8873,0,152010420.000,0,-,-,-,-,3307.6000,3307.0000,3306.8000,3306.0000,3305.0000,3309.4000,3309.6000,3310.4000,3311.4000,3313.4000,1,1,7,1,1,2,1,1,1,4
SF,IH2103,2020-10-22 09:35:14.300,3309.4000,8873,0,152010420.000,0,-,-,-,-,3307.8000,3307.6000,3307.0000,3306.8000,3306.0000,3309.4000,3309.6000,3310.4000,3311.4000,3313.4000,2,1,1,7,1,2,1,1,1,4
SF,IH2103,2020-10-22 09:35:14.800,3309.4000,8873,0,152010420.000,0,-,-,-,-,3307.8000,3307.6000,3307.0000,3306.8000,3306.0000,3309.4000,3309.6000,3310.4000,3311.4000,3313.4000,2,1,1,7,1,2,1,1,1,4
SF,IH2103,2020-10-22 09:35:15.300,3309.4000,8873,0,152010420.000,0,-,-,-,-,3307.8000,3307.6000,3307.0000,3306.8000,3306.0000,3309.4000,3309.6000,3310.4000,3311.4000,3313.4000,2,1,1,7,1,1,1,1,1,4
SF,IH2103,2020-10-22 09:35:15.800,3309.4000,8873,0,152010420.000,0,-,-,-,-,3307.8000,3307.6000,3307.0000,3306.8000,3306.0000,3309.4000,3309.6000,3310.4000,3311.4000,3313.4000,2,1,1,7,1,1,1,1,1,4
SF,IH2103,2020-10-22 09:35:16.300,3309.4000,8873,0,152010420.000,0,-,-,-,-,3307.8000,3307.6000,3307.0000,3306.8000,3306.0000,3309.6000,3310.4000,3311.4000,3313.4000,3313.6000,2,1,1,7,1,1,1,1,4,1
SF,IH2103,2020-10-22 09:35:16.800,3309.4000,8873,0,152010420.000,0,-,-,-,-,3308.2000,3307.8000,3307.6000,3307.0000,3306.8000,3309.6000,3310.4000,3311.4000,3313.4000,3313.6000,1,2,1,1,7,1,1,1,4,1
SF,IH2103,2020-10-22 09:35:18.300,3309.4000,8873,0,152010420.000,0,-,-,-,-,3308.2000,3307.8000,3307.6000,3307.0000,3306.8000,3309.6000,3310.4000,3311.4000,3313.4000,3313.6000,1,2,1,1,7,1,1,1,4,1
SF,IH2103,2020-10-22 09:35:18.800,3309.4000,8873,0,152010420.000,0,-,-,-,-,3307.8000,3307.6000,3307.0000,3306.8000,3306.0000,3309.6000,3310.4000,3311.4000,3313.4000,3313.6000,2,1,1,7,1,1,1,1,4,1
SF,IH2103,2020-10-22 09:35:19.300,3309.4000,8873,0,152010420.000,0,-,-,-,-,3307.8000,3307.6000,3307.0000,3306.8000,3306.0000,3309.4000,3309.6000,3310.4000,3311.4000,3313.4000,2,1,1,7,1,1,1,1,1,4
SF,IH2103,2020-10-22 09:35:23.300,3309.4000,8873,0,152010420.000,0,-,-,-,-,3308.0000,3307.8000,3307.0000,3306.8000,3306.0000,3309.4000,3309.6000,3310.4000,3311.4000,3313.4000,1,2,1,7,1,1,1,1,1,4
SF,IH2103,2020-10-22 09:35:23.800,3309.4000,8873,0,152010420.000,0,-,-,-,-,3308.0000,3307.8000,3307.0000,3306.8000,3306.0000,3309.4000,3309.6000,3310.4000,3311.4000,3313.4000,1,2,1,7,1,1,1,1,1,4
SF,IH2103,2020-10-22 09:35:26.300,3309.4000,8873,0,152010420.000,0,-,-,-,-,3308.0000,3307.8000,3307.0000,3306.8000,3306.0000,3309.2000,3309.4000,3309.6000,3310.4000,3311.4000,1,2,1,7,1,1,1,1,1,1
SF,IH2103,2020-10-22 09:35:27.300,3309.4000,8873,0,152010420.000,0,-,-,-,-,3308.0000,3307.8000,3307.0000,3306.8000,3306.0000,3309.2000,3309.4000,3309.6000,3310.4000,3311.4000,1,2,1,7,1,1,1,1,1,1
SF,IH2103,2020-10-22 09:35:28.300,3309.4000,8873,0,152010420.000,0,-,-,-,-,3307.8000,3307.0000,3306.8000,3306.0000,3305.0000,3309.2000,3309.4000,3309.6000,3310.4000,3311.4000,2,1,7,1,1,1,1,1,1,1
SF,IH2103,2020-10-22 09:35:28.800,3309.2000,8872,-1,153003180.000,1,0,1,双平,S,3307.8000,3307.0000,3306.8000,3306.0000,3305.0000,3309.4000,3309.6000,3310.4000,3311.4000,3313.4000,2,1,7,1,1,1,1,1,1,4
SF,IH2103,2020-10-22 09:35:32.800,3309.4000,8871,-1,153996000.000,1,0,1,双平,S,3307.8000,3307.0000,3306.8000,3306.0000,3305.0000,3309.6000,3310.4000,3311.4000,3313.4000,3313.6000,2,1,7,1,1,1,1,1,4,1
SF,IH2103,2020-10-22 09:35:33.300,3309.4000,8871,0,153996000.000,0,-,-,-,-,3308.0000,3307.8000,3307.0000,3306.8000,3306.0000,3309.6000,3310.4000,3311.4000,3313.4000,3313.6000,1,2,1,7,1,1,1,1,4,1
SF,IH2103,2020-10-22 09:35:33.800,3309.6000,8871,0,154988880.000,1,0,1,多换,S,3308.2000,3308.0000,3307.8000,3307.0000,3306.8000,3310.4000,3311.4000,3313.4000,3313.6000,3316.0000,2,1,1,1,7,1,1,4,1,1
SF,IH2103,2020-10-22 09:35:34.300,3309.6000,8871,0,154988880.000,0,-,-,-,-,3308.4000,3308.2000,3308.0000,3307.0000,3306.8000,3310.4000,3313.4000,3313.6000,3316.0000,3317.2000,1,2,1,1,7,1,4,1,1,1
SF,IH2103,2020-10-22 09:35:34.800,3309.6000,8871,0,154988880.000,0,-,-,-,-,3309.0000,3308.6000,3308.4000,3308.2000,3308.0000,3310.4000,3313.4000,3313.6000,3316.0000,3317.2000,1,1,1,1,1,1,4,1,1,1
SF,IH2103,2020-10-22 09:35:35.300,3309.6000,8871,0,154988880.000,0,-,-,-,-,3309.2000,3309.0000,3308.4000,3308.2000,3308.0000,3310.4000,3313.4000,3313.6000,3316.0000,3317.2000,1,1,1,1,1,1,4,1,1,1
SF,IH2103,2020-10-22 09:35:35.800,3309.6000,8871,0,154988880.000,0,-,-,-,-,3309.2000,3309.0000,3308.4000,3308.2000,3308.0000,3310.4000,3313.4000,3313.6000,3316.0000,3317.2000,1,1,1,1,1,1,4,1,1,1
SF,IH2103,2020-10-22 09:35:36.800,3309.6000,8871,0,154988880.000,0,-,-,-,-,3309.2000,3309.0000,3308.4000,3308.2000,3308.0000,3310.4000,3313.4000,3313.6000,3316.0000,3317.2000,1,1,1,1,1,1,4,1,1,1
SF,IH2103,2020-10-22 09:35:37.300,3309.6000,8871,0,154988880.000,0,-,-,-,-,3309.2000,3309.0000,3308.4000,3308.2000,3308.0000,3310.4000,3313.4000,3313.6000,3316.0000,3317.2000,1,1,1,1,1,1,4,1,1,1
SF,IH2103,2020-10-22 09:35:37.800,3309.6000,8871,0,154988880.000,0,-,-,-,-,3309.2000,3309.0000,3308.4000,3308.2000,3308.0000,3310.4000,3313.4000,3313.6000,3316.0000,3317.2000,1,1,1,1,2,1,4,1,1,1
SF,IH2103,2020-10-22 09:35:38.300,3309.6000,8871,0,154988880.000,0,-,-,-,-,3309.2000,3308.4000,3308.2000,3308.0000,3307.0000,3310.4000,3313.4000,3313.6000,3316.0000,3317.2000,1,1,1,2,1,1,4,1,1,1
SF,IH2103,2020-10-22 09:35:38.800,3309.6000,8871,0,154988880.000,0,-,-,-,-,3309.2000,3308.4000,3308.2000,3308.0000,3307.0000,3310.4000,3313.4000,3313.6000,3316.0000,3317.2000,1,1,1,2,1,3,4,1,1,1
SF,IH2103,2020-10-22 09:35:39.800,3309.6000,8871,0,154988880.000,0,-,-,-,-,3309.2000,3308.4000,3308.2000,3308.0000,3307.0000,3310.2000,3310.4000,3313.4000,3313.6000,3316.0000,1,1,1,2,1,1,1,4,1,1
SF,IH2103,2020-10-22 09:35:40.300,3309.6000,8871,0,154988880.000,0,-,-,-,-,3309.2000,3308.4000,3308.2000,3308.0000,3307.0000,3310.0000,3310.4000,3313.4000,3313.6000,3316.0000,1,1,1,2,1,1,1,4,1,1
SF,IH2103,2020-10-22 09:35:40.800,3308.4000,8869,-2,156974160.000,2,0,2,双平,S,3308.2000,3308.0000,3307.0000,3306.8000,3306.0000,3309.2000,3310.0000,3310.4000,3313.4000,3313.6000,1,2,1,5,1,1,1,1,4,1
SF,IH2103,2020-10-22 09:35:41.300,3308.2000,8868,-1,157966620.000,1,0,1,双平,S,3308.0000,3307.0000,3306.8000,3306.0000,3305.0000,3308.2000,3309.2000,3310.0000,3310.4000,3310.8000,2,1,5,1,1,1,1,1,1,1
SF,IH2103,2020-10-22 09:35:41.800,3308.0000,8868,0,159951420.000,2,1,1,多换,S,3307.0000,3306.8000,3306.0000,3305.0000,3304.0000,3308.2000,3309.2000,3310.0000,3310.4000,3313.4000,1,5,1,1,1,1,1,1,1,4
SF,IH2103,2020-10-22 09:35:42.300,3308.2000,8867,-1,160943880.000,1,0,1,双平,S,3307.4000,3307.0000,3306.8000,3306.0000,3305.0000,3309.2000,3310.0000,3310.4000,3310.6000,3313.4000,1,1,5,1,1,1,1,1,1,4
SF,IH2103,2020-10-22 09:35:42.800,3308.2000,8867,0,160943880.000,0,-,-,-,-,3307.4000,3307.0000,3306.8000,3306.0000,3305.0000,3309.0000,3309.2000,3310.0000,3310.4000,3310.6000,1,1,5,1,1,2,1,1,1,1
SF,IH2103,2020-10-22 09:35:43.300,3308.2000,8867,0,160943880.000,0,-,-,-,-,3307.4000,3307.0000,3306.8000,3306.0000,3305.0000,3309.0000,3309.2000,3310.0000,3310.4000,3310.6000,1,1,5,1,1,2,1,1,1,1
SF,IH2103,2020-10-22 09:35:43.800,3308.2000,8867,0,160943880.000,0,-,-,-,-,3307.6000,3307.4000,3307.0000,3306.8000,3306.0000,3309.0000,3309.2000,3310.0000,3310.4000,3310.6000,1,1,1,5,1,2,1,1,1,1
SF,IH2103,2020-10-22 09:35:45.300,3308.2000,8867,0,160943880.000,0,-,-,-,-,3307.6000,3307.4000,3307.0000,3306.8000,3306.0000,3308.8000,3309.0000,3309.2000,3310.0000,3310.6000,1,1,1,5,1,1,2,1,1,1
SF,IH2103,2020-10-22 09:35:45.800,3308.2000,8867,0,160943880.000,0,-,-,-,-,3307.4000,3307.0000,3306.8000,3306.0000,3305.0000,3309.0000,3309.2000,3310.0000,3310.6000,3313.4000,1,1,5,1,1,1,1,1,1,4
SF,IH2103,2020-10-22 09:35:48.300,3309.0000,8866,-1,161936580.000,1,0,1,双平,S,3309.0000,3307.4000,3307.0000,3306.8000,3306.0000,3309.2000,3310.0000,3310.6000,3313.4000,3313.6000,7,1,1,5,1,1,1,1,4,1
SF,IH2103,2020-10-22 09:35:48.800,3309.0000,8860,-6,168885480.000,7,0,7,多平,S,3307.4000,3307.0000,3306.8000,3306.0000,3305.0000,3309.0000,3309.2000,3310.0000,3310.6000,3313.4000,1,1,5,1,1,4,1,1,1,4
SF,IH2103,2020-10-22 09:35:49.300,3309.0000,8860,0,168885480.000,0,-,-,-,-,3307.6000,3307.4000,3307.0000,3306.8000,3306.0000,3309.2000,3310.0000,3310.6000,3313.4000,3313.6000,1,1,1,5,1,1,1,1,4,1
SF,IH2103,2020-10-22 09:35:50.800,3309.0000,8860,0,168885480.000,0,-,-,-,-,3307.6000,3307.4000,3307.0000,3306.8000,3306.0000,3310.0000,3310.6000,3313.4000,3313.6000,3316.0000,1,1,1,5,1,1,1,4,1,1
SF,IH2103,2020-10-22 09:35:51.300,3309.0000,8860,0,168885480.000,0,-,-,-,-,3308.0000,3307.8000,3307.6000,3307.4000,3307.0000,3310.0000,3310.6000,3313.4000,3313.6000,3316.0000,6,3,1,1,1,1,1,4,1,1
SF,IH2103,2020-10-22 09:35:51.800,3309.0000,8860,0,168885480.000,0,-,-,-,-,3308.2000,3308.0000,3307.8000,3307.4000,3307.0000,3310.0000,3310.6000,3313.4000,3313.6000,3316.0000,3,6,1,1,1,1,1,4,1,1
SF,IH2103,2020-10-22 09:35:52.300,3309.0000,8860,0,168885480.000,0,-,-,-,-,3308.2000,3307.8000,3307.4000,3307.0000,3306.8000,3310.0000,3310.6000,3313.4000,3313.6000,3316.0000,3,1,1,1,5,1,1,4,1,1
SF,IH2103,2020-10-22 09:35:52.800,3309.0000,8860,0,168885480.000,0,-,-,-,-,3308.2000,3307.8000,3307.4000,3307.0000,3306.8000,3310.0000,3310.6000,3313.4000,3313.6000,3316.0000,3,1,1,1,5,1,1,4,1,1
SF,IH2103,2020-10-22 09:35:55.800,3309.0000,8860,0,168885480.000,0,-,-,-,-,3308.2000,3307.8000,3307.4000,3307.0000,3306.8000,3310.0000,3310.6000,3313.4000,3313.6000,3316.0000,3,1,1,1,5,1,1,4,1,1
SF,IH2103,2020-10-22 09:35:56.300,3309.0000,8860,0,168885480.000,0,-,-,-,-,3308.4000,3308.2000,3307.8000,3307.4000,3307.0000,3310.0000,3310.6000,3313.4000,3313.6000,3316.0000,1,3,1,1,1,2,1,4,1,1
SF,IH2103,2020-10-22 09:35:56.800,3309.0000,8860,0,168885480.000,0,-,-,-,-,3309.0000,3308.6000,3308.4000,3308.2000,3307.8000,3310.0000,3310.6000,3313.4000,3313.6000,3316.0000,1,2,1,1,1,2,1,4,1,1
SF,IH2103,2020-10-22 09:35:57.300,3309.0000,8860,0,168885480.000,0,-,-,-,-,3309.0000,3308.6000,3308.4000,3308.2000,3307.8000,3310.0000,3310.6000,3313.4000,3313.6000,3316.0000,1,2,1,1,1,2,1,4,1,1
SF,IH2103,2020-10-22 09:35:58.300,3309.0000,8860,0,168885480.000,0,-,-,-,-,3309.0000,3308.6000,3308.4000,3308.2000,3307.8000,3310.0000,3310.6000,3313.4000,3313.6000,3316.0000,1,2,1,1,1,2,1,4,1,1
SF,IH2103,2020-10-22 09:35:58.800,3309.0000,8860,0,168885480.000,0,-,-,-,-,3309.0000,3308.6000,3308.4000,3307.8000,3307.0000,3310.0000,3310.6000,3313.4000,3313.6000,3316.0000,1,2,1,1,1,2,1,4,1,1
SF,IH2103,2020-10-22 09:35:59.300,3309.0000,8860,0,168885480.000,0,-,-,-,-,3308.6000,3308.4000,3307.8000,3307.0000,3306.8000,3309.6000,3310.0000,3310.6000,3313.4000,3313.6000,2,1,1,1,5,2,2,1,4,1
SF,IH2103,2020-10-22 09:35:59.800,3309.0000,8860,0,168885480.000,0,-,-,-,-,3308.6000,3308.4000,3307.8000,3307.0000,3306.8000,3309.4000,3310.0000,3310.6000,3313.4000,3313.6000,1,1,1,1,5,1,2,1,4,1
SF,IH2103,2020-10-22 09:36:00.300,3309.0000,8860,0,168885480.000,0,-,-,-,-,3308.6000,3307.8000,3307.0000,3306.8000,3306.0000,3309.8000,3310.0000,3310.6000,3313.4000,3313.6000,1,1,1,5,2,1,2,1,4,1
SF,IH2103,2020-10-22 09:36:00.800,3309.0000,8860,0,168885480.000,0,-,-,-,-,3307.8000,3307.0000,3306.8000,3306.0000,3305.0000,3309.2000,3309.8000,3310.0000,3310.6000,3313.4000,1,1,5,2,1,2,1,2,1,4
SF,IH2103,2020-10-22 09:36:01.300,3309.0000,8860,0,168885480.000,0,-,-,-,-,3308.0000,3307.0000,3306.8000,3306.0000,3305.0000,3309.8000,3310.0000,3310.6000,3313.4000,3313.6000,2,1,5,2,1,1,2,1,4,1
SF,IH2103,2020-10-22 09:36:01.800,3309.0000,8860,0,168885480.000,0,-,-,-,-,3308.0000,3307.0000,3306.8000,3306.0000,3305.0000,3309.6000,3309.8000,3310.0000,3310.6000,3313.4000,2,1,5,2,1,2,1,2,1,4
SF,IH2103,2020-10-22 09:36:02.800,3309.0000,8860,0,168885480.000,0,-,-,-,-,3308.0000,3307.0000,3306.8000,3306.0000,3305.0000,3309.6000,3309.8000,3310.0000,3310.6000,3313.4000,2,1,5,2,1,3,1,2,1,4
SF,IH2103,2020-10-22 09:36:03.300,3309.0000,8860,0,168885480.000,0,-,-,-,-,3308.0000,3307.0000,3306.8000,3306.0000,3305.0000,3308.8000,3309.4000,3309.6000,3310.0000,3310.6000,2,1,5,2,1,2,1,2,2,1
SF,IH2103,2020-10-22 09:36:03.800,3308.0000,8859,-1,169877880.000,1,0,1,双平,S,3307.0000,3306.8000,3306.0000,3305.0000,3304.0000,3308.8000,3309.4000,3309.6000,3310.0000,3310.6000,1,5,2,1,1,1,1,2,2,1
SF,IH2103,2020-10-22 09:36:04.300,3308.0000,8859,0,169877880.000,0,-,-,-,-,3307.2000,3307.0000,3306.8000,3306.0000,3305.0000,3308.6000,3308.8000,3309.4000,3310.0000,3310.6000,1,1,5,2,1,2,1,1,2,1
SF,IH2103,2020-10-22 09:36:04.800,3308.0000,8859,0,169877880.000,0,-,-,-,-,3307.2000,3307.0000,3306.8000,3306.0000,3305.0000,3308.0000,3308.6000,3308.8000,3309.4000,3310.0000,1,1,5,2,1,2,2,1,1,2
SF,IH2103,2020-10-22 09:36:05.300,3308.0000,8859,0,169877880.000,0,-,-,-,-,3307.2000,3307.0000,3306.8000,3306.0000,3305.0000,3308.0000,3308.6000,3308.8000,3309.4000,3310.0000,1,1,5,2,1,1,2,1,1,2
SF,IH2103,2020-10-22 09:36:05.800,3308.0000,8859,0,169877880.000,0,-,-,-,-,3307.0000,3306.8000,3306.0000,3305.0000,3304.0000,3308.0000,3308.6000,3308.8000,3309.4000,3310.0000,1,5,2,1,1,2,2,1,1,2
