市场代码,合约代码,时间,最新,持仓,增仓,成交额,成交量,开仓,平仓,成交类型,方向,买一价,买二价,买三价,买四价,买五价,卖一价,卖二价,卖三价,卖四价,卖五价,买一量,买二量,买三量,买四量,买五量,卖一量,卖二量,卖三量,卖四量,卖五量
SF,IH2103,2020-10-12 09:29:00.300,3230.8000,7606,0,5815440.000,6.000,-,-,-,-,3230.6000,3230.0000,3226.0000,3225.4000,3225.0000,3232.0000,3235.0000,3235.6000,3237.4000,3241.8000,1,1,3,1,1,1,1,1,1,1
SF,IH2103,2020-10-12 09:30:00.300,3232.0000,7605,-1,7754640.000,2,0,2,多平,S,3233.2000,3233.0000,3232.4000,3232.0000,3230.8000,3235.0000,3235.6000,3237.4000,3241.8000,3245.8000,1,1,1,4,2,1,1,1,1,3
SF,IH2103,2020-10-12 09:30:00.800,3232.0000,7604,-1,8724240.000,1,0,1,双平,S,3234.6000,3233.8000,3233.4000,3233.2000,3233.0000,3235.0000,3235.6000,3237.4000,3238.0000,3241.8000,1,1,1,1,2,1,1,1,1,1
SF,IH2103,2020-10-12 09:30:01.300,3232.0000,7603,-1,9693840.000,1,0,1,双平,S,3233.8000,3233.4000,3232.4000,3232.0000,3230.8000,3235.0000,3235.6000,3237.4000,3238.0000,3241.8000,1,1,1,4,3,1,1,1,1,1
SF,IH2103,2020-10-12 09:30:01.800,3234.8000,7605,2,11634720.000,2,2,0,双开,S,3234.2000,3234.0000,3233.8000,3232.4000,3232.0000,3235.0000,3235.6000,3237.4000,3238.0000,3241.8000,1,2,1,1,2,1,1,1,1,1
SF,IH2103,2020-10-12 09:30:02.300,3234.2000,7604,-1,12604980.000,1,0,1,双平,S,3234.4000,3234.0000,3233.8000,3232.4000,3232.0000,3235.0000,3235.6000,3237.4000,3238.0000,3241.8000,1,1,1,1,1,1,1,1,1,1
SF,IH2103,2020-10-12 09:30:02.800,3234.8000,7599,-5,18426000.000,6,0,6,多平,S,3232.4000,3232.0000,3230.8000,3230.6000,3230.0000,3235.0000,3235.6000,3237.4000,3238.0000,3241.8000,1,1,1,1,1,1,1,1,1,1
SF,IH2103,2020-10-12 09:30:03.300,3235.6000,7599,0,20367180.000,2,1,1,多换,S,3232.6000,3232.4000,3232.0000,3230.8000,3230.6000,3237.4000,3238.0000,3241.8000,3245.8000,3247.0000,1,1,1,1,1,1,1,1,3,1
SF,IH2103,2020-10-12 09:30:03.800,3235.6000,7599,0,20367180.000,0,-,-,-,-,3232.4000,3232.0000,3230.8000,3230.6000,3230.0000,3236.8000,3237.0000,3237.4000,3238.0000,3241.8000,1,1,1,1,1,1,1,1,1,1
SF,IH2103,2020-10-12 09:30:04.300,3235.6000,7599,0,20367180.000,0,-,-,-,-,3232.4000,3232.0000,3230.8000,3230.6000,3230.0000,3235.8000,3236.2000,3236.6000,3237.4000,3238.0000,1,1,1,1,1,1,1,2,1,1
SF,IH2103,2020-10-12 09:30:04.800,3235.6000,7599,0,20367180.000,0,-,-,-,-,3232.4000,3232.0000,3230.8000,3230.6000,3230.0000,3235.8000,3236.2000,3236.6000,3237.4000,3238.0000,1,1,1,1,1,1,1,2,1,1
SF,IH2103,2020-10-12 09:30:05.300,3235.6000,7599,0,20367180.000,0,-,-,-,-,3232.6000,3232.0000,3230.8000,3230.6000,3230.0000,3235.8000,3236.2000,3237.4000,3238.0000,3241.8000,1,1,1,1,1,1,1,1,1,1
SF,IH2103,2020-10-12 09:30:05.800,3232.6000,7597,-2,22307700.000,2,0,2,双平,S,3232.0000,3230.6000,3230.0000,3228.0000,3227.0000,3237.4000,3238.0000,3241.8000,3245.8000,3247.0000,1,1,1,1,3,1,1,1,3,1
SF,IH2103,2020-10-12 09:30:06.300,3232.6000,7597,0,22307700.000,0,-,-,-,-,3232.8000,3232.2000,3232.0000,3230.6000,3230.0000,3237.0000,3237.2000,3237.4000,3238.0000,3241.8000,1,3,1,1,1,1,1,1,1,1
SF,IH2103,2020-10-12 09:30:06.800,3232.6000,7597,0,22307700.000,0,-,-,-,-,3232.8000,3232.2000,3232.0000,3230.6000,3230.0000,3237.0000,3237.4000,3238.0000,3241.8000,3245.8000,1,3,1,1,1,1,1,1,1,3
SF,IH2103,2020-10-12 09:30:07.300,3232.6000,7597,0,22307700.000,0,-,-,-,-,3233.4000,3232.8000,3232.2000,3232.0000,3230.6000,3237.0000,3237.4000,3238.0000,3241.8000,3245.8000,1,1,3,1,1,1,1,1,1,3
SF,IH2103,2020-10-12 09:30:07.800,3232.6000,7597,0,22307700.000,0,-,-,-,-,3233.6000,3233.4000,3232.8000,3232.2000,3232.0000,3237.0000,3237.4000,3238.0000,3241.8000,3245.8000,1,1,1,3,1,1,1,1,1,3
SF,IH2103,2020-10-12 09:30:08.300,3232.6000,7597,0,22307700.000,0,-,-,-,-,3233.8000,3233.4000,3232.2000,3232.0000,3231.0000,3236.8000,3237.0000,3237.4000,3238.0000,3241.8000,1,1,3,1,1,1,1,1,1,1
SF,IH2103,2020-10-12 09:30:08.800,3232.6000,7597,0,22307700.000,0,-,-,-,-,3233.8000,3233.4000,3232.2000,3232.0000,3231.0000,3236.8000,3237.4000,3238.0000,3241.8000,3245.8000,1,1,3,1,1,1,1,1,1,3
SF,IH2103,2020-10-12 09:30:09.800,3232.6000,7597,0,22307700.000,0,-,-,-,-,3235.6000,3233.8000,3233.4000,3233.0000,3232.2000,3236.8000,3237.4000,3238.0000,3241.8000,3245.8000,1,1,1,1,3,1,1,1,1,3
SF,IH2103,2020-10-12 09:30:10.300,3235.4000,7597,0,23278320.000,1,0,1,多换,S,3234.0000,3233.8000,3233.4000,3233.0000,3232.0000,3236.8000,3237.4000,3238.0000,3241.8000,3245.8000,1,1,1,1,1,1,1,1,1,3
SF,IH2103,2020-10-12 09:30:10.800,3235.4000,7597,0,23278320.000,0,-,-,-,-,3234.2000,3233.4000,3232.0000,3231.0000,3230.6000,3235.6000,3236.8000,3237.4000,3238.0000,3241.8000,1,1,1,1,1,1,1,1,2,1
SF,IH2103,2020-10-12 09:30:11.300,3235.4000,7597,0,23278320.000,0,-,-,-,-,3234.2000,3233.4000,3232.0000,3231.0000,3230.6000,3235.6000,3237.4000,3238.0000,3241.8000,3245.8000,1,1,1,1,1,2,1,2,1,3
SF,IH2103,2020-10-12 09:30:11.800,3235.4000,7597,0,23278320.000,0,-,-,-,-,3234.2000,3233.4000,3232.0000,3230.6000,3230.0000,3235.6000,3237.4000,3238.0000,3241.8000,3245.8000,1,1,1,1,1,2,1,2,1,3
SF,IH2103,2020-10-12 09:30:12.300,3234.2000,7596,-1,24248580.000,1,0,1,双平,S,3233.4000,3232.0000,3230.6000,3230.0000,3228.0000,3235.6000,3237.4000,3238.0000,3241.8000,3245.8000,1,1,1,1,1,2,1,2,1,3
SF,IH2103,2020-10-12 09:30:12.800,3234.2000,7596,0,24248580.000,0,-,-,-,-,3233.4000,3232.0000,3230.6000,3230.0000,3228.0000,3235.4000,3235.6000,3236.0000,3237.4000,3238.0000,1,1,1,1,1,1,2,1,1,2
SF,IH2103,2020-10-12 09:30:13.300,3234.2000,7596,0,24248580.000,0,-,-,-,-,3233.4000,3232.0000,3230.6000,3230.0000,3228.0000,3235.4000,3235.6000,3236.0000,3237.4000,3238.0000,1,1,1,1,1,2,1,1,1,2
SF,IH2103,2020-10-12 09:30:13.800,3235.4000,7595,-1,25219200.000,1,0,1,双平,S,3233.6000,3232.0000,3230.6000,3230.0000,3228.0000,3235.4000,3235.6000,3236.0000,3237.4000,3238.0000,1,1,1,1,1,2,1,1,1,2
SF,IH2103,2020-10-12 09:30:14.300,3235.4000,7595,0,25219200.000,0,-,-,-,-,3232.0000,3230.6000,3230.0000,3228.0000,3227.0000,3235.2000,3235.4000,3235.6000,3236.0000,3237.4000,1,1,1,1,3,1,2,1,1,1
SF,IH2103,2020-10-12 09:30:14.800,3235.4000,7594,-1,26189820.000,1,0,1,双平,S,3233.8000,3232.2000,3232.0000,3230.6000,3230.0000,3235.2000,3235.4000,3235.6000,3236.0000,3237.4000,3,4,1,1,1,1,1,1,1,1
SF,IH2103,2020-10-12 09:30:15.300,3235.4000,7594,0,26189820.000,0,-,-,-,-,3232.2000,3232.0000,3230.6000,3230.0000,3228.0000,3235.2000,3235.4000,3235.6000,3236.0000,3237.4000,4,1,1,1,1,1,1,1,1,1
SF,IH2103,2020-10-12 09:30:15.800,3235.4000,7594,0,26189820.000,0,-,-,-,-,3232.4000,3232.2000,3232.0000,3230.6000,3230.0000,3235.2000,3235.4000,3235.6000,3236.0000,3237.4000,2,4,1,1,1,1,1,1,1,1
SF,IH2103,2020-10-12 09:30:16.300,3235.4000,7594,0,26189820.000,0,-,-,-,-,3232.6000,3232.4000,3232.2000,3232.0000,3230.6000,3235.2000,3235.4000,3235.6000,3236.0000,3237.4000,1,2,3,1,1,1,1,1,1,1
SF,IH2103,2020-10-12 09:30:16.800,3235.4000,7594,0,26189820.000,0,-,-,-,-,3232.8000,3232.6000,3232.4000,3232.2000,3232.0000,3235.2000,3235.4000,3235.6000,3236.0000,3237.4000,1,1,2,3,1,2,1,1,1,1
SF,IH2103,2020-10-12 09:30:17.300,3235.4000,7594,0,27160440.000,1,0,1,多换,S,3233.4000,3233.0000,3232.8000,3232.4000,3232.2000,3235.2000,3235.4000,3235.6000,3236.0000,3237.4000,1,1,1,2,3,1,1,1,2,1
SF,IH2103,2020-10-12 09:30:17.800,3235.4000,7594,0,27160440.000,0,-,-,-,-,3233.6000,3233.4000,3232.4000,3232.2000,3232.0000,3235.2000,3235.4000,3235.6000,3236.0000,3237.4000,1,1,2,3,1,1,1,1,2,1
SF,IH2103,2020-10-12 09:30:18.800,3235.2000,7595,1,28131000.000,1,1,0,双开,S,3233.6000,3233.4000,3232.4000,3232.2000,3232.0000,3235.4000,3235.6000,3236.0000,3237.4000,3238.0000,1,1,2,3,1,1,1,2,1,2
SF,IH2103,2020-10-12 09:30:19.300,3235.2000,7595,0,28131000.000,0,-,-,-,-,3235.2000,3233.6000,3233.4000,3232.4000,3232.2000,3235.4000,3235.6000,3236.0000,3237.4000,3238.0000,1,1,1,2,3,1,1,2,1,2
SF,IH2103,2020-10-12 09:30:19.800,3235.2000,7595,0,29101560.000,1,0,1,多换,S,3233.6000,3233.4000,3232.0000,3230.6000,3230.0000,3235.2000,3235.4000,3235.6000,3236.0000,3237.4000,1,1,1,1,1,1,1,1,2,1
SF,IH2103,2020-10-12 09:30:20.300,3235.2000,7595,0,29101560.000,0,-,-,-,-,3233.6000,3232.0000,3230.6000,3230.0000,3228.0000,3235.2000,3235.4000,3235.6000,3236.0000,3237.4000,1,1,1,1,1,1,1,1,2,1
SF,IH2103,2020-10-12 09:30:20.800,3235.2000,7595,0,29101560.000,0,-,-,-,-,3233.6000,3232.0000,3230.6000,3230.0000,3228.0000,3235.0000,3235.2000,3235.4000,3235.6000,3236.0000,1,1,1,1,2,1,1,1,1,2
SF,IH2103,2020-10-12 09:30:21.300,3235.2000,7595,0,29101560.000,0,-,-,-,-,3233.6000,3232.0000,3230.6000,3230.0000,3228.0000,3234.8000,3235.2000,3235.4000,3235.6000,3236.0000,1,1,1,1,2,1,1,1,1,2
SF,IH2103,2020-10-12 09:30:21.800,3235.2000,7595,0,29101560.000,0,-,-,-,-,3232.0000,3230.6000,3230.0000,3228.0000,3227.0000,3234.6000,3235.2000,3235.4000,3235.6000,3236.0000,1,1,1,2,3,1,2,1,1,2
SF,IH2103,2020-10-12 09:30:22.300,3235.2000,7595,0,29101560.000,0,-,-,-,-,3232.2000,3232.0000,3230.6000,3230.0000,3228.0000,3234.6000,3235.2000,3235.4000,3235.6000,3236.0000,2,1,1,1,2,1,2,1,1,2
SF,IH2103,2020-10-12 09:30:22.800,3235.2000,7595,0,29101560.000,0,-,-,-,-,3232.2000,3232.0000,3230.6000,3230.0000,3228.0000,3233.6000,3234.6000,3235.2000,3235.4000,3235.6000,2,1,1,1,2,1,1,2,1,1
SF,IH2103,2020-10-12 09:30:23.300,3234.6000,7594,-1,31042020.000,2,0,2,多平,S,3234.6000,3233.6000,3232.2000,3232.0000,3230.6000,3235.2000,3235.4000,3235.6000,3236.0000,3237.4000,5,1,2,1,1,2,1,1,2,1
SF,IH2103,2020-10-12 09:30:23.800,3234.6000,7594,0,35893920.000,5,2,3,多换,S,3233.6000,3232.2000,3232.0000,3230.6000,3230.0000,3234.6000,3235.0000,3235.2000,3235.4000,3235.6000,1,1,1,1,1,1,1,1,1,1
SF,IH2103,2020-10-12 09:30:24.300,3234.6000,7594,0,35893920.000,0,-,-,-,-,3232.2000,3232.0000,3230.6000,3230.0000,3228.0000,3235.0000,3235.2000,3235.4000,3235.6000,3236.0000,1,1,1,1,2,1,1,1,1,1
SF,IH2103,2020-10-12 09:30:24.800,3234.6000,7594,0,35893920.000,0,-,-,-,-,3233.0000,3232.2000,3232.0000,3230.6000,3230.0000,3234.4000,3234.6000,3235.0000,3235.2000,3235.4000,1,1,1,1,1,1,1,1,1,1
SF,IH2103,2020-10-12 09:30:25.300,3233.0000,7594,0,36863820.000,1,0,1,多换,S,3232.2000,3232.0000,3230.6000,3230.0000,3228.0000,3234.4000,3234.6000,3235.0000,3235.2000,3235.4000,1,1,1,1,2,1,1,1,1,1
SF,IH2103,2020-10-12 09:30:25.800,3233.0000,7594,0,36863820.000,0,-,-,-,-,3232.2000,3232.0000,3230.6000,3230.0000,3228.0000,3234.4000,3234.6000,3235.0000,3235.2000,3235.4000,1,1,1,1,2,1,1,2,1,1
SF,IH2103,2020-10-12 09:30:26.800,3233.0000,7594,0,36863820.000,0,-,-,-,-,3232.2000,3232.0000,3230.6000,3230.0000,3228.0000,3233.0000,3234.4000,3234.6000,3235.0000,3235.2000,1,1,1,1,2,2,1,1,2,1
SF,IH2103,2020-10-12 09:30:27.300,3233.0000,7592,-2,38803620.000,2,0,2,双平,S,3233.0000,3232.4000,3232.0000,3230.6000,3230.0000,3234.4000,3235.0000,3235.2000,3235.4000,3236.0000,1,1,1,1,1,1,2,1,1,1
SF,IH2103,2020-10-12 09:30:27.800,3233.0000,7591,-1,39773520.000,1,0,1,双平,S,3232.0000,3230.6000,3230.0000,3228.0000,3227.0000,3234.4000,3235.0000,3235.2000,3235.4000,3236.0000,1,1,1,2,3,1,2,1,1,1
SF,IH2103,2020-10-12 09:30:28.300,3233.0000,7591,0,39773520.000,0,-,-,-,-,3232.2000,3232.0000,3230.6000,3230.0000,3228.0000,3234.4000,3235.0000,3235.2000,3235.4000,3236.0000,3,1,1,1,2,1,3,1,1,1
SF,IH2103,2020-10-12 09:30:28.800,3233.0000,7591,0,39773520.000,0,-,-,-,-,3232.4000,3232.2000,3232.0000,3230.6000,3230.0000,3234.4000,3235.0000,3235.2000,3235.4000,3236.0000,4,2,1,1,1,1,3,1,1,1
SF,IH2103,2020-10-12 09:30:29.300,3234.4000,7592,1,40743840.000,1,1,0,双开,S,3232.6000,3232.4000,3232.2000,3232.0000,3230.6000,3235.0000,3235.2000,3235.4000,3236.0000,3238.0000,1,4,1,1,1,2,1,1,1,1
SF,IH2103,2020-10-12 09:30:29.800,3234.4000,7592,0,40743840.000,0,-,-,-,-,3232.6000,3232.4000,3232.2000,3232.0000,3230.6000,3234.8000,3235.0000,3235.2000,3235.4000,3236.0000,1,4,1,1,1,3,2,1,1,1
SF,IH2103,2020-10-12 09:30:30.300,3234.4000,7592,0,40743840.000,0,-,-,-,-,3232.8000,3232.6000,3232.4000,3232.2000,3232.0000,3234.6000,3234.8000,3235.0000,3235.2000,3235.4000,1,1,4,1,1,2,3,2,1,1
SF,IH2103,2020-10-12 09:30:30.800,3234.6000,7592,0,41714220.000,1,0,1,多换,S,3233.0000,3232.2000,3232.0000,3230.6000,3230.0000,3234.6000,3234.8000,3235.0000,3235.2000,3235.4000,1,1,1,1,1,1,3,2,1,1
SF,IH2103,2020-10-12 09:30:31.300,3234.8000,7590,-2,45595860.000,4,1,3,多平,S,3233.0000,3232.2000,3232.0000,3230.6000,3230.0000,3235.0000,3235.2000,3235.4000,3236.0000,3238.0000,3,1,1,1,1,3,1,1,1,1
SF,IH2103,2020-10-12 09:30:31.800,3235.0000,7591,1,46566360.000,1,1,0,双开,S,3234.6000,3233.0000,3232.2000,3232.0000,3230.6000,3235.0000,3235.2000,3235.4000,3236.0000,3238.0000,1,3,1,1,1,2,1,1,1,1
SF,IH2103,2020-10-12 09:30:32.300,3235.0000,7589,-2,48507360.000,2,0,2,双平,S,3235.0000,3234.6000,3234.2000,3233.0000,3232.8000,3235.2000,3235.4000,3236.0000,3238.0000,3241.8000,2,1,4,3,1,1,1,1,1,1
SF,IH2103,2020-10-12 09:30:32.800,3235.2000,7588,-1,49477920.000,1,0,1,双平,S,3235.2000,3235.0000,3234.6000,3233.0000,3232.8000,3235.4000,3236.0000,3238.0000,3241.8000,3243.6000,1,3,1,1,1,1,1,1,1,1
SF,IH2103,2020-10-12 09:30:33.300,3235.2000,7588,0,49477920.000,0,-,-,-,-,3235.2000,3235.0000,3234.6000,3233.0000,3232.8000,3235.4000,3236.0000,3238.0000,3241.8000,3243.6000,1,4,1,1,1,1,1,1,1,1
SF,IH2103,2020-10-12 09:30:33.800,3235.2000,7588,0,49477920.000,0,-,-,-,-,3235.0000,3234.6000,3233.0000,3232.8000,3232.0000,3235.2000,3235.4000,3236.0000,3238.0000,3241.8000,4,1,1,1,1,1,1,1,1,1
SF,IH2103,2020-10-12 09:30:34.300,3235.4000,7586,-2,51419100.000,2,0,2,双平,S,3235.0000,3234.6000,3233.0000,3232.8000,3232.0000,3236.0000,3238.0000,3241.8000,3243.6000,3247.0000,4,1,1,1,1,1,1,1,1,1
SF,IH2103,2020-10-12 09:30:34.800,3235.4000,7586,0,51419100.000,0,-,-,-,-,3235.2000,3235.0000,3234.6000,3233.0000,3232.0000,3236.0000,3238.0000,3241.8000,3243.6000,3247.0000,1,4,1,1,1,1,1,1,1,1
SF,IH2103,2020-10-12 09:30:35.300,3235.4000,7586,0,51419100.000,0,-,-,-,-,3235.2000,3235.0000,3234.6000,3233.0000,3232.0000,3236.0000,3238.0000,3241.8000,3243.6000,3247.0000,1,4,1,1,1,1,1,1,1,1
SF,IH2103,2020-10-12 09:30:35.800,3235.4000,7586,0,51419100.000,0,-,-,-,-,3235.2000,3235.0000,3234.6000,3233.0000,3232.0000,3236.0000,3238.0000,3241.8000,3243.6000,3247.0000,2,4,1,1,1,1,1,1,1,1
SF,IH2103,2020-10-12 09:30:36.300,3235.4000,7586,0,51419100.000,0,-,-,-,-,3235.2000,3235.0000,3234.6000,3233.0000,3232.0000,3236.0000,3241.8000,3243.6000,3247.0000,3257.0000,2,4,1,1,1,1,1,1,1,1
SF,IH2103,2020-10-12 09:30:36.800,3235.4000,7586,0,51419100.000,0,-,-,-,-,3235.2000,3235.0000,3234.6000,3233.0000,3232.0000,3236.0000,3241.8000,3243.6000,3247.0000,3257.0000,2,4,1,1,1,1,1,1,1,1
SF,IH2103,2020-10-12 09:30:37.300,3235.4000,7586,0,51419100.000,0,-,-,-,-,3235.2000,3235.0000,3234.6000,3233.0000,3232.0000,3236.0000,3241.8000,3243.6000,3247.0000,3257.0000,2,4,1,1,1,1,1,1,1,1
SF,IH2103,2020-10-12 09:30:37.800,3235.4000,7585,-1,52389720.000,1,0,1,双平,S,3235.2000,3235.0000,3234.6000,3233.0000,3232.0000,3236.0000,3241.8000,3243.6000,3247.0000,3257.0000,2,4,1,1,1,1,1,1,1,1
SF,IH2103,2020-10-12 09:30:38.300,3236.0000,7584,-1,53360520.000,1,0,1,双平,S,3236.0000,3235.2000,3235.0000,3234.6000,3233.0000,3241.8000,3243.6000,3257.0000,3258.8000,3260.0000,1,2,4,1,1,1,1,1,1,5
SF,IH2103,2020-10-12 09:30:38.800,3236.0000,7584,0,54331320.000,1,0,1,多换,S,3236.2000,3235.2000,3235.0000,3234.6000,3232.0000,3238.2000,3238.4000,3239.6000,3241.2000,3241.6000,1,2,4,1,1,1,1,1,1,1
SF,IH2103,2020-10-12 09:30:39.300,3236.2000,7582,-2,56272980.000,2,0,2,双平,S,3235.2000,3235.0000,3234.6000,3232.0000,3230.6000,3237.6000,3237.8000,3238.0000,3238.2000,3238.4000,2,4,1,1,1,1,1,1,1,1
SF,IH2103,2020-10-12 09:30:39.800,3236.2000,7582,0,56272980.000,0,-,-,-,-,3235.8000,3235.2000,3235.0000,3234.6000,3232.0000,3237.0000,3237.4000,3237.6000,3237.8000,3238.0000,4,2,5,1,1,1,2,1,1,1
SF,IH2103,2020-10-12 09:30:40.300,3235.8000,7582,0,59185200.000,3,1,2,多换,S,3235.2000,3235.0000,3234.6000,3232.0000,3230.6000,3236.4000,3237.0000,3237.4000,3237.8000,3238.0000,2,5,1,1,1,1,1,2,1,1
SF,IH2103,2020-10-12 09:30:40.800,3235.8000,7582,0,59185200.000,0,-,-,-,-,3235.2000,3235.0000,3234.6000,3232.0000,3230.6000,3235.8000,3236.2000,3236.4000,3237.0000,3237.4000,2,5,1,1,1,1,1,1,1,2
SF,IH2103,2020-10-12 09:30:41.300,3235.2000,7582,0,60155760.000,1,0,1,多换,S,3235.0000,3234.6000,3232.0000,3230.6000,3230.2000,3235.2000,3235.8000,3236.2000,3236.4000,3237.0000,5,1,1,1,1,1,1,1,1,1
SF,IH2103,2020-10-12 09:30:41.800,3235.0000,7581,-1,64037820.000,4,1,3,多平,S,3234.6000,3232.0000,3230.6000,3230.2000,3230.0000,3235.0000,3235.8000,3236.2000,3237.0000,3237.4000,1,1,1,1,2,1,1,1,1,2
SF,IH2103,2020-10-12 09:30:42.300,3235.0000,7580,-1,65008320.000,1,0,1,双平,S,3234.8000,3232.0000,3230.6000,3230.2000,3230.0000,3235.8000,3236.2000,3237.0000,3237.4000,3238.2000,1,1,1,1,2,1,1,1,2,1
SF,IH2103,2020-10-12 09:30:42.800,3234.8000,7580,0,66949200.000,2,1,1,多换,S,3232.0000,3230.6000,3230.2000,3230.0000,3228.0000,3236.2000,3237.0000,3237.4000,3238.2000,3239.6000,1,1,1,2,2,1,1,2,1,1
SF,IH2103,2020-10-12 09:30:43.300,3234.8000,7580,0,66949200.000,0,-,-,-,-,3235.2000,3232.2000,3232.0000,3230.6000,3230.2000,3235.8000,3236.0000,3236.2000,3237.0000,3238.2000,5,2,1,1,1,1,1,2,1,1
SF,IH2103,2020-10-12 09:30:43.800,3234.8000,7580,0,66949200.000,0,-,-,-,-,3235.2000,3232.2000,3232.0000,3230.6000,3230.2000,3235.8000,3236.2000,3237.0000,3238.2000,3238.6000,5,1,1,1,1,1,2,1,1,1
SF,IH2103,2020-10-12 09:30:44.300,3234.8000,7580,0,66949200.000,0,-,-,-,-,3235.2000,3232.2000,3232.0000,3230.6000,3230.2000,3235.8000,3236.2000,3237.0000,3238.6000,3239.6000,5,1,1,1,1,1,2,1,1,1
SF,IH2103,2020-10-12 09:30:44.800,3234.8000,7580,0,66949200.000,0,-,-,-,-,3235.2000,3232.2000,3232.0000,3231.4000,3230.6000,3236.2000,3237.0000,3238.6000,3239.6000,3241.8000,5,1,1,3,1,2,1,1,1,1
SF,IH2103,2020-10-12 09:30:45.800,3235.2000,7580,0,68890320.000,2,1,1,多换,S,3235.2000,3232.2000,3232.0000,3231.4000,3230.6000,3236.2000,3237.0000,3238.6000,3239.6000,3241.8000,3,1,1,3,1,2,1,1,1,1
SF,IH2103,2020-10-12 09:30:46.300,3235.2000,7580,0,68890320.000,0,-,-,-,-,3235.2000,3232.2000,3232.0000,3231.4000,3230.6000,3235.8000,3236.2000,3237.0000,3238.6000,3239.6000,3,1,1,3,1,1,2,1,1,1
SF,IH2103,2020-10-12 09:30:46.800,3235.2000,7580,0,68890320.000,0,-,-,-,-,3235.2000,3232.2000,3232.0000,3231.4000,3230.6000,3236.2000,3237.0000,3238.6000,3239.6000,3241.8000,3,1,1,3,1,2,1,1,1,1
SF,IH2103,2020-10-12 09:30:48.300,3235.2000,7580,0,68890320.000,0,-,-,-,-,3235.2000,3232.2000,3232.0000,3231.4000,3230.2000,3236.2000,3237.0000,3238.6000,3239.6000,3241.8000,3,1,1,3,1,2,1,1,1,1
SF,IH2103,2020-10-12 09:30:48.800,3235.2000,7580,0,68890320.000,0,-,-,-,-,3235.2000,3232.2000,3232.0000,3231.4000,3230.2000,3236.2000,3237.0000,3238.6000,3239.6000,3241.8000,3,1,1,3,1,2,1,1,1,1
SF,IH2103,2020-10-12 09:30:50.300,3235.2000,7580,0,68890320.000,0,-,-,-,-,3235.2000,3232.2000,3232.0000,3231.4000,3230.2000,3236.2000,3237.0000,3238.6000,3239.6000,3241.8000,3,1,2,3,1,2,1,1,1,1
SF,IH2103,2020-10-12 09:30:51.800,3235.2000,7580,0,68890320.000,0,-,-,-,-,3235.2000,3232.2000,3232.0000,3230.2000,3230.0000,3236.2000,3237.0000,3238.6000,3239.6000,3241.8000,3,1,2,1,2,2,1,1,1,1
SF,IH2103,2020-10-12 09:30:52.300,3235.2000,7580,0,68890320.000,0,-,-,-,-,3235.2000,3232.2000,3232.0000,3230.2000,3230.0000,3236.2000,3237.0000,3238.6000,3239.6000,3241.8000,3,1,2,1,2,3,1,1,1,1
SF,IH2103,2020-10-12 09:30:53.300,3235.2000,7580,0,68890320.000,0,-,-,-,-,3235.2000,3232.2000,3232.0000,3230.2000,3230.0000,3236.2000,3237.0000,3238.6000,3239.6000,3241.8000,4,1,2,1,2,3,1,1,1,1
SF,IH2103,2020-10-12 09:30:53.800,3235.2000,7580,0,68890320.000,0,-,-,-,-,3235.2000,3232.2000,3232.0000,3230.2000,3230.0000,3236.2000,3238.6000,3239.6000,3241.8000,3243.6000,4,1,2,1,2,2,1,1,1,1
SF,IH2103,2020-10-12 09:30:54.300,3236.2000,7579,-1,69861180.000,1,0,1,双平,S,3235.2000,3232.2000,3232.0000,3230.2000,3230.0000,3236.2000,3238.6000,3239.6000,3241.8000,3243.6000,4,1,2,1,2,1,1,2,1,1
SF,IH2103,2020-10-12 09:30:54.800,3236.2000,7578,-1,70832040.000,1,0,1,双平,S,3235.2000,3232.2000,3232.0000,3230.2000,3230.0000,3238.6000,3239.6000,3241.8000,3243.6000,3252.4000,4,1,2,1,2,1,2,1,1,3
SF,IH2103,2020-10-12 09:30:55.300,3236.2000,7578,0,70832040.000,0,-,-,-,-,3235.2000,3232.2000,3232.0000,3230.2000,3230.0000,3236.4000,3237.0000,3238.4000,3238.6000,3239.6000,4,1,2,1,2,1,1,2,1,2
SF,IH2103,2020-10-12 09:30:55.800,3236.2000,7578,0,70832040.000,0,-,-,-,-,3235.2000,3232.2000,3232.0000,3230.2000,3230.0000,3236.2000,3236.4000,3237.0000,3238.4000,3238.6000,4,1,2,1,2,1,1,1,1,1
SF,IH2103,2020-10-12 09:30:57.800,3236.2000,7578,0,70832040.000,0,-,-,-,-,3235.2000,3233.0000,3232.2000,3232.0000,3230.2000,3236.2000,3236.4000,3237.0000,3238.4000,3238.6000,4,3,1,2,1,1,1,1,1,1
SF,IH2103,2020-10-12 09:30:59.800,3236.2000,7578,0,70832040.000,0,-,-,-,-,3235.2000,3233.0000,3232.2000,3232.0000,3230.2000,3236.0000,3236.2000,3236.4000,3237.0000,3238.4000,4,3,1,2,1,1,1,1,1,1
SF,IH2103,2020-10-12 09:31:00.300,3236.2000,7578,0,70832040.000,0,-,-,-,-,3235.2000,3233.0000,3232.2000,3232.0000,3230.2000,3236.2000,3236.4000,3237.0000,3238.4000,3238.6000,4,3,1,2,1,1,1,1,1,1
SF,IH2103,2020-10-12 09:31:00.800,3235.2000,7578,0,71802600.000,1,0,1,多换,S,3235.2000,3233.0000,3232.2000,3232.0000,3230.2000,3236.2000,3236.4000,3237.0000,3238.4000,3238.6000,3,3,1,2,1,1,1,1,1,1
SF,IH2103,2020-10-12 09:31:01.300,3236.0000,7577,-1,72773400.000,1,0,1,双平,S,3235.2000,3233.0000,3232.2000,3232.0000,3230.2000,3236.2000,3236.4000,3237.0000,3238.4000,3238.6000,3,3,1,2,1,1,1,1,1,1
SF,IH2103,2020-10-12 09:31:01.800,3236.0000,7577,0,72773400.000,0,-,-,-,-,3235.2000,3233.0000,3232.2000,3232.0000,3230.2000,3236.4000,3237.0000,3238.4000,3238.6000,3239.6000,3,3,1,2,1,1,1,1,1,2
SF,IH2103,2020-10-12 09:31:02.300,3236.4000,7576,-1,73744320.000,1,0,1,双平,S,3235.2000,3233.0000,3232.2000,3232.0000,3230.2000,3237.0000,3238.4000,3238.6000,3239.6000,3241.8000,3,3,1,2,1,1,1,1,2,1
SF,IH2103,2020-10-12 09:31:02.800,3236.4000,7576,0,73744320.000,0,-,-,-,-,3235.2000,3233.0000,3232.2000,3232.0000,3230.2000,3236.6000,3236.8000,3237.0000,3238.6000,3239.6000,3,3,1,2,1,1,1,1,1,2
SF,IH2103,2020-10-12 09:31:03.800,3236.6000,7575,-1,74715300.000,1,0,1,双平,S,3235.2000,3233.0000,3232.2000,3232.0000,3230.2000,3236.8000,3237.0000,3238.6000,3239.6000,3241.8000,3,3,1,2,1,1,1,1,2,1
SF,IH2103,2020-10-12 09:31:05.800,3236.8000,7574,-1,75686340.000,1,0,1,双平,S,3235.2000,3233.0000,3232.2000,3232.0000,3230.2000,3237.0000,3238.6000,3239.6000,3241.8000,3243.6000,3,3,1,2,1,1,1,2,1,1
SF,IH2103,2020-10-12 09:31:06.300,3236.8000,7574,0,75686340.000,0,-,-,-,-,3237.0000,3235.4000,3235.2000,3233.0000,3232.2000,3238.6000,3239.6000,3241.8000,3243.6000,3252.4000,2,2,3,3,1,1,2,1,1,3
SF,IH2103,2020-10-12 09:31:06.800,3236.8000,7573,-1,76657380.000,1,0,1,双平,S,3237.0000,3236.8000,3235.4000,3235.2000,3233.0000,3238.2000,3238.6000,3239.6000,3241.8000,3243.6000,2,1,7,3,3,4,1,2,1,1
SF,IH2103,2020-10-12 09:31:07.300,3236.8000,7573,0,76657380.000,0,-,-,-,-,3237.0000,3236.8000,3235.4000,3235.2000,3233.0000,3238.2000,3238.6000,3239.6000,3241.8000,3243.6000,2,1,7,3,3,4,1,2,1,1
SF,IH2103,2020-10-12 09:31:07.800,3236.8000,7573,0,76657380.000,0,-,-,-,-,3237.0000,3236.8000,3235.4000,3235.2000,3233.0000,3238.6000,3239.6000,3241.8000,3243.6000,3252.4000,2,1,3,3,3,1,2,1,1,3
SF,IH2103,2020-10-12 09:31:10.300,3236.8000,7573,0,76657380.000,0,-,-,-,-,3237.0000,3236.8000,3235.4000,3235.2000,3233.0000,3238.6000,3239.6000,3241.8000,3243.6000,3252.4000,2,1,3,3,3,1,2,1,1,3
SF,IH2103,2020-10-12 09:31:10.800,3238.6000,7572,-1,77628960.000,1,0,1,双平,S,3238.6000,3237.2000,3237.0000,3236.8000,3235.4000,3239.6000,3241.8000,3243.6000,3252.4000,3257.0000,1,1,2,1,2,2,1,1,3,1
SF,IH2103,2020-10-12 09:31:11.300,3238.6000,7572,0,77628960.000,0,-,-,-,-,3238.6000,3237.2000,3237.0000,3236.8000,3235.4000,3239.6000,3241.8000,3243.6000,3252.4000,3257.0000,1,1,2,1,1,3,1,1,3,1
SF,IH2103,2020-10-12 09:31:11.800,3238.6000,7572,0,77628960.000,0,-,-,-,-,3238.6000,3237.2000,3237.0000,3236.8000,3235.4000,3239.6000,3241.8000,3243.6000,3252.4000,3257.0000,1,1,2,1,1,3,1,1,3,1
SF,IH2103,2020-10-12 09:31:12.300,3239.6000,7570,-2,79572720.000,2,0,2,双平,S,3239.6000,3238.6000,3237.2000,3237.0000,3236.8000,3241.8000,3243.6000,3252.4000,3257.0000,3258.8000,1,1,1,2,1,1,1,3,1,1
SF,IH2103,2020-10-12 09:31:12.800,3239.6000,7570,0,79572720.000,0,-,-,-,-,3239.8000,3239.6000,3238.6000,3237.2000,3236.8000,3240.2000,3241.6000,3241.8000,3243.6000,3252.4000,1,4,1,1,1,3,1,1,1,3
SF,IH2103,2020-10-12 09:31:13.300,3240.0000,7567,-3,83460900.000,4,0,4,多平,S,3239.6000,3238.6000,3237.2000,3236.8000,3235.2000,3241.6000,3241.8000,3243.6000,3252.4000,3257.0000,4,1,1,1,3,1,1,1,3,1
SF,IH2103,2020-10-12 09:31:13.800,3240.0000,7567,0,83460900.000,0,-,-,-,-,3240.2000,3239.8000,3239.6000,3238.6000,3236.8000,3241.2000,3241.6000,3241.8000,3243.6000,3252.4000,2,2,3,1,1,2,1,1,1,3
SF,IH2103,2020-10-12 09:31:14.300,3240.0000,7567,0,83460900.000,0,-,-,-,-,3240.2000,3239.8000,3239.6000,3238.6000,3236.8000,3241.2000,3241.6000,3241.8000,3243.6000,3252.4000,2,2,3,1,1,2,1,1,1,3
SF,IH2103,2020-10-12 09:31:14.800,3240.0000,7567,0,83460900.000,0,-,-,-,-,3240.2000,3239.8000,3239.6000,3238.6000,3236.8000,3241.2000,3241.6000,3241.8000,3243.6000,3252.4000,2,2,3,1,1,2,1,1,1,3
SF,IH2103,2020-10-12 09:31:15.300,3240.0000,7567,0,83460900.000,0,-,-,-,-,3240.2000,3239.8000,3239.6000,3238.6000,3235.2000,3241.2000,3241.6000,3241.8000,3243.6000,3252.4000,2,2,3,1,3,2,1,1,1,3
SF,IH2103,2020-10-12 09:31:15.800,3240.0000,7567,0,83460900.000,0,-,-,-,-,3240.2000,3239.8000,3239.6000,3238.6000,3235.2000,3241.2000,3241.6000,3241.8000,3243.6000,3252.4000,2,1,3,1,3,2,1,1,1,3
SF,IH2103,2020-10-12 09:31:16.300,3240.0000,7567,0,83460900.000,0,-,-,-,-,3240.2000,3239.8000,3239.6000,3238.6000,3235.2000,3241.2000,3241.6000,3241.8000,3243.6000,3252.4000,2,1,3,1,3,2,1,1,1,3
SF,IH2103,2020-10-12 09:31:16.800,3241.2000,7567,0,84433260.000,1,0,1,多换,S,3240.2000,3239.8000,3239.6000,3238.6000,3235.2000,3241.2000,3241.6000,3241.8000,3243.6000,3252.4000,2,1,3,1,3,1,1,1,1,3
SF,IH2103,2020-10-12 09:31:17.300,3241.2000,7567,0,84433260.000,0,-,-,-,-,3239.6000,3238.6000,3235.2000,3233.0000,3232.2000,3241.6000,3241.8000,3243.6000,3252.4000,3257.0000,3,1,3,3,1,1,1,1,3,1
SF,IH2103,2020-10-12 09:31:17.800,3241.2000,7567,0,84433260.000,0,-,-,-,-,3241.2000,3239.6000,3238.6000,3235.2000,3233.0000,3241.4000,3241.6000,3241.8000,3243.6000,3252.4000,1,3,1,3,3,2,1,1,1,3
SF,IH2103,2020-10-12 09:31:18.300,3241.2000,7567,0,85405620.000,1,0,1,多换,S,3239.6000,3235.2000,3233.0000,3232.2000,3232.0000,3241.0000,3241.4000,3241.6000,3241.8000,3243.6000,3,3,3,1,2,2,1,1,1,1
SF,IH2103,2020-10-12 09:31:18.800,3241.0000,7565,-2,87350220.000,2,0,2,双平,S,3239.6000,3238.6000,3235.2000,3233.0000,3232.2000,3241.4000,3241.6000,3241.8000,3242.4000,3243.6000,3,1,3,3,1,1,1,1,1,1
SF,IH2103,2020-10-12 09:31:19.300,3241.6000,7565,0,88322700.000,1,0,1,多换,S,3239.8000,3239.6000,3238.6000,3235.2000,3233.0000,3241.8000,3242.4000,3243.6000,3252.4000,3257.0000,2,3,1,3,3,1,1,1,3,1
SF,IH2103,2020-10-12 09:31:19.800,3241.6000,7565,0,88322700.000,0,-,-,-,-,3239.8000,3239.6000,3238.6000,3235.2000,3233.0000,3241.8000,3242.4000,3243.6000,3243.8000,3252.4000,2,3,1,3,3,1,1,1,1,3
SF,IH2103,2020-10-12 09:31:20.300,3241.6000,7565,0,88322700.000,0,-,-,-,-,3239.8000,3239.6000,3238.6000,3235.2000,3233.0000,3241.2000,3241.6000,3241.8000,3242.4000,3243.6000,2,3,1,3,3,1,1,1,1,1
SF,IH2103,2020-10-12 09:31:20.800,3241.6000,7565,0,88322700.000,0,-,-,-,-,3239.8000,3239.6000,3238.6000,3235.2000,3233.0000,3241.6000,3241.8000,3242.4000,3243.6000,3252.4000,2,3,1,3,3,1,1,1,1,3
SF,IH2103,2020-10-12 09:31:21.300,3241.6000,7565,0,88322700.000,0,-,-,-,-,3239.8000,3239.6000,3238.6000,3235.2000,3233.0000,3241.6000,3241.8000,3242.4000,3243.6000,3247.6000,2,3,1,3,3,1,1,1,1,1
SF,IH2103,2020-10-12 09:31:21.800,3241.6000,7565,0,88322700.000,0,-,-,-,-,3240.2000,3239.8000,3239.6000,3238.6000,3235.2000,3241.6000,3241.8000,3242.4000,3243.6000,3247.6000,1,2,3,1,3,1,1,1,1,1
SF,IH2103,2020-10-12 09:31:22.300,3241.6000,7565,0,88322700.000,0,-,-,-,-,3240.4000,3240.2000,3239.8000,3239.6000,3238.6000,3241.8000,3242.4000,3243.6000,3247.6000,3252.4000,1,1,1,3,1,1,1,1,1,3
SF,IH2103,2020-10-12 09:31:22.800,3241.8000,7564,-1,89295240.000,1,0,1,双平,S,3240.4000,3240.2000,3239.8000,3239.6000,3238.6000,3242.4000,3243.6000,3247.6000,3252.4000,3257.0000,1,1,1,3,1,1,1,1,3,1
SF,IH2103,2020-10-12 09:31:23.300,3241.8000,7564,0,89295240.000,0,-,-,-,-,3241.0000,3240.6000,3240.4000,3240.2000,3240.0000,3242.4000,3243.6000,3244.0000,3247.6000,3252.4000,1,2,1,1,1,1,1,1,1,3
SF,IH2103,2020-10-12 09:31:23.800,3241.8000,7564,0,89295240.000,0,-,-,-,-,3241.2000,3241.0000,3240.6000,3240.2000,3240.0000,3243.6000,3244.0000,3247.6000,3252.4000,3257.0000,1,1,2,1,2,1,1,1,3,1
SF,IH2103,2020-10-12 09:31:24.300,3241.8000,7564,0,89295240.000,0,-,-,-,-,3242.4000,3241.8000,3241.4000,3241.2000,3241.0000,3243.0000,3243.4000,3243.6000,3244.0000,3247.6000,1,1,1,1,1,1,1,1,1,1
SF,IH2103,2020-10-12 09:31:24.800,3241.8000,7564,0,89295240.000,0,-,-,-,-,3242.4000,3241.8000,3241.4000,3241.2000,3241.0000,3243.0000,3243.4000,3243.6000,3244.0000,3247.6000,1,1,1,1,1,1,1,1,1,1
SF,IH2103,2020-10-12 09:31:25.300,3243.0000,7563,-1,90268140.000,1,0,1,双平,S,3243.0000,3241.8000,3241.4000,3241.2000,3241.0000,3243.4000,3243.6000,3244.0000,3247.6000,3252.4000,1,1,1,1,1,1,1,1,1,3
SF,IH2103,2020-10-12 09:31:25.800,3243.0000,7562,-1,92214060.000,2,0,2,多平,S,3241.8000,3241.4000,3241.2000,3241.0000,3240.8000,3243.0000,3243.6000,3244.0000,3247.6000,3252.4000,1,1,1,1,1,2,1,1,1,3
SF,IH2103,2020-10-12 09:31:26.300,3243.0000,7562,0,92214060.000,0,-,-,-,-,3242.4000,3242.0000,3241.8000,3241.0000,3240.8000,3242.6000,3243.0000,3243.6000,3244.0000,3247.6000,1,1,1,1,1,2,3,1,1,1
SF,IH2103,2020-10-12 09:31:26.800,3243.0000,7562,0,92214060.000,0,-,-,-,-,3242.2000,3242.0000,3241.8000,3241.0000,3240.8000,3242.4000,3242.6000,3243.0000,3243.6000,3244.0000,1,1,1,1,1,1,2,3,1,1
SF,IH2103,2020-10-12 09:31:27.300,3243.0000,7562,0,92214060.000,0,-,-,-,-,3242.6000,3242.4000,3242.0000,3241.8000,3241.0000,3243.0000,3243.6000,3244.0000,3247.6000,3252.4000,1,1,1,1,1,3,1,1,1,3
SF,IH2103,2020-10-12 09:31:27.800,3242.8000,7560,-2,94159740.000,2,0,2,双平,S,3242.4000,3242.0000,3241.8000,3241.0000,3240.8000,3243.0000,3243.6000,3244.0000,3247.6000,3252.4000,1,1,1,1,1,3,1,1,1,3
SF,IH2103,2020-10-12 09:31:28.800,3242.4000,7559,-1,95132460.000,1,0,1,双平,S,3242.0000,3241.8000,3241.0000,3240.8000,3240.6000,3243.0000,3243.6000,3244.0000,3247.6000,3252.4000,1,1,1,1,1,3,1,1,1,3
SF,IH2103,2020-10-12 09:31:29.300,3242.4000,7559,0,95132460.000,0,-,-,-,-,3242.0000,3241.8000,3241.0000,3240.8000,3240.6000,3242.4000,3243.0000,3243.6000,3244.0000,3247.6000,1,1,1,1,1,1,3,1,1,1
SF,IH2103,2020-10-12 09:31:29.800,3241.8000,7557,-2,97077600.000,2,0,2,双平,S,3241.0000,3240.8000,3240.6000,3240.0000,3239.6000,3242.0000,3242.4000,3243.0000,3243.6000,3244.0000,1,1,1,1,3,1,1,3,1,1
SF,IH2103,2020-10-12 09:31:30.300,3242.0000,7557,0,98050200.000,1,0,1,多换,S,3241.0000,3240.8000,3240.6000,3240.0000,3239.8000,3242.4000,3243.0000,3243.6000,3244.0000,3247.6000,1,1,1,1,1,1,3,1,1,1
SF,IH2103,2020-10-12 09:31:31.300,3242.0000,7557,0,98050200.000,0,-,-,-,-,3240.8000,3240.0000,3239.8000,3239.6000,3238.6000,3242.4000,3243.0000,3243.6000,3244.0000,3247.6000,1,1,1,3,1,1,3,1,1,1
SF,IH2103,2020-10-12 09:31:31.800,3242.0000,7557,0,98050200.000,0,-,-,-,-,3240.8000,3240.0000,3239.8000,3239.6000,3238.8000,3242.4000,3243.0000,3243.6000,3244.0000,3247.6000,1,1,1,3,1,1,3,1,1,1
SF,IH2103,2020-10-12 09:31:32.300,3242.0000,7557,0,98050200.000,0,-,-,-,-,3240.8000,3240.0000,3239.8000,3239.6000,3238.8000,3242.2000,3242.4000,3243.0000,3243.6000,3244.0000,1,1,1,3,1,1,1,3,1,1
SF,IH2103,2020-10-12 09:31:32.800,3242.0000,7557,0,98050200.000,0,-,-,-,-,3241.0000,3240.8000,3240.0000,3239.8000,3239.6000,3243.0000,3243.6000,3244.0000,3247.6000,3252.4000,1,1,1,1,3,3,1,1,1,3
SF,IH2103,2020-10-12 09:31:33.300,3242.0000,7557,0,98050200.000,0,-,-,-,-,3242.2000,3241.0000,3240.8000,3240.0000,3239.8000,3242.8000,3243.0000,3243.6000,3244.0000,3247.6000,1,1,1,1,1,2,3,1,1,1
SF,IH2103,2020-10-12 09:31:33.800,3242.8000,7555,-2,99995880.000,2,0,2,双平,S,3242.8000,3242.2000,3241.0000,3240.8000,3240.0000,3243.0000,3243.6000,3244.0000,3247.6000,3252.4000,1,1,1,1,1,3,1,1,1,3
SF,IH2103,2020-10-12 09:31:34.300,3243.0000,7552,-3,102914580.000,3,0,3,双平,S,3243.0000,3242.8000,3242.2000,3241.0000,3240.8000,3243.6000,3244.0000,3247.6000,3252.4000,3257.0000,1,1,1,1,1,1,1,1,3,1
SF,IH2103,2020-10-12 09:31:34.800,3243.0000,7551,-1,103887480.000,1,0,1,双平,S,3242.8000,3242.2000,3241.0000,3240.8000,3240.0000,3243.6000,3244.0000,3245.0000,3247.6000,3252.4000,1,1,1,1,1,1,1,1,1,3
SF,IH2103,2020-10-12 09:31:35.800,3243.0000,7551,0,103887480.000,0,-,-,-,-,3242.8000,3242.2000,3241.0000,3240.8000,3240.0000,3243.6000,3244.0000,3245.0000,3246.0000,3247.6000,1,1,1,1,1,1,1,1,1,1
SF,IH2103,2020-10-12 09:31:36.300,3242.8000,7550,-1,104860320.000,1,0,1,双平,S,3242.2000,3241.0000,3240.8000,3240.0000,3239.6000,3243.6000,3244.0000,3245.0000,3246.0000,3247.6000,1,1,1,1,3,1,1,1,1,1
SF,IH2103,2020-10-12 09:31:36.800,3242.8000,7550,0,104860320.000,0,-,-,-,-,3242.4000,3242.2000,3240.8000,3240.0000,3239.6000,3243.6000,3244.0000,3245.0000,3246.0000,3247.6000,1,1,1,1,3,1,1,1,1,1
SF,IH2103,2020-10-12 09:31:38.300,3242.8000,7550,0,104860320.000,0,-,-,-,-,3242.4000,3242.2000,3240.8000,3240.0000,3239.6000,3243.6000,3244.0000,3245.0000,3246.0000,3247.6000,1,1,1,1,3,1,1,1,1,1
SF,IH2103,2020-10-12 09:31:39.300,3242.4000,7549,-1,105833040.000,1,0,1,双平,S,3242.2000,3240.8000,3240.0000,3239.6000,3238.6000,3243.6000,3244.0000,3245.0000,3246.0000,3247.6000,1,1,1,3,1,1,1,1,1,1
SF,IH2103,2020-10-12 09:31:39.800,3243.6000,7548,-1,106806120.000,1,0,1,双平,S,3243.6000,3242.4000,3242.2000,3240.8000,3240.0000,3244.0000,3245.0000,3246.0000,3247.6000,3257.0000,1,1,1,1,1,1,1,1,1,1
SF,IH2103,2020-10-12 09:31:40.300,3243.6000,7548,0,106806120.000,0,-,-,-,-,3243.6000,3242.4000,3242.2000,3240.0000,3239.6000,3244.0000,3245.0000,3246.0000,3247.6000,3257.0000,1,1,1,1,3,1,1,1,1,1
SF,IH2103,2020-10-12 09:31:40.800,3243.6000,7548,0,106806120.000,0,-,-,-,-,3243.6000,3242.4000,3242.2000,3240.0000,3239.6000,3245.0000,3246.0000,3247.6000,3257.0000,3258.8000,1,1,1,1,3,2,1,1,1,1
SF,IH2103,2020-10-12 09:31:41.300,3243.6000,7548,0,106806120.000,0,-,-,-,-,3243.6000,3242.4000,3242.2000,3240.0000,3239.6000,3244.8000,3245.0000,3246.0000,3247.6000,3257.0000,1,1,1,1,3,2,3,2,1,1
SF,IH2103,2020-10-12 09:31:41.800,3243.6000,7548,0,106806120.000,0,-,-,-,-,3242.4000,3242.2000,3240.0000,3239.6000,3238.6000,3244.8000,3245.0000,3246.0000,3247.6000,3249.8000,1,1,1,3,1,2,3,2,1,1
SF,IH2103,2020-10-12 09:31:42.300,3243.6000,7548,0,106806120.000,0,-,-,-,-,3242.6000,3242.4000,3242.2000,3240.0000,3239.6000,3243.6000,3244.6000,3244.8000,3245.0000,3246.0000,2,1,1,1,3,1,1,2,3,2
SF,IH2103,2020-10-12 09:31:42.800,3243.6000,7548,0,106806120.000,0,-,-,-,-,3242.4000,3242.2000,3240.0000,3239.6000,3238.6000,3243.6000,3244.6000,3244.8000,3245.0000,3246.0000,1,1,1,3,1,1,1,2,3,1
SF,IH2103,2020-10-12 09:31:43.300,3243.6000,7548,0,106806120.000,0,-,-,-,-,3242.4000,3242.2000,3241.0000,3240.0000,3239.6000,3243.6000,3244.6000,3244.8000,3245.0000,3246.0000,1,1,1,1,3,1,1,2,3,1
SF,IH2103,2020-10-12 09:31:45.300,3243.6000,7548,0,106806120.000,0,-,-,-,-,3242.6000,3242.4000,3242.2000,3241.0000,3240.0000,3243.6000,3244.6000,3244.8000,3245.0000,3246.0000,1,1,1,1,1,1,1,2,3,1
SF,IH2103,2020-10-12 09:31:45.800,3242.6000,7547,-1,107778900.000,1,0,1,双平,S,3242.2000,3241.0000,3240.0000,3239.6000,3238.6000,3243.6000,3244.6000,3244.8000,3245.0000,3246.0000,1,1,1,3,1,1,1,2,3,1
SF,IH2103,2020-10-12 09:31:46.300,3243.6000,7547,0,108751980.000,1,0,1,多换,S,3242.2000,3241.0000,3240.0000,3239.6000,3238.6000,3244.6000,3244.8000,3245.0000,3246.0000,3246.2000,1,1,1,3,1,1,2,3,1,1
SF,IH2103,2020-10-12 09:31:46.800,3243.6000,7547,0,108751980.000,0,-,-,-,-,3242.4000,3242.2000,3241.0000,3240.0000,3239.6000,3244.0000,3244.4000,3244.8000,3245.0000,3246.0000,2,1,1,1,3,1,1,1,3,1
SF,IH2103,2020-10-12 09:31:47.300,3243.6000,7547,0,108751980.000,0,-,-,-,-,3242.4000,3242.2000,3241.0000,3240.0000,3239.6000,3243.8000,3244.0000,3244.8000,3245.0000,3246.0000,2,1,1,1,3,1,1,1,3,1
SF,IH2103,2020-10-12 09:31:47.800,3243.6000,7547,0,108751980.000,0,-,-,-,-,3242.4000,3242.2000,3241.0000,3240.0000,3239.6000,3243.8000,3244.0000,3244.8000,3245.0000,3246.0000,2,1,1,1,3,1,1,1,3,1
SF,IH2103,2020-10-12 09:31:48.300,3243.6000,7547,0,108751980.000,0,-,-,-,-,3242.4000,3242.2000,3241.0000,3240.0000,3239.6000,3243.8000,3244.0000,3244.8000,3245.0000,3246.0000,2,1,1,1,3,1,1,1,3,1
SF,IH2103,2020-10-12 09:31:49.300,3243.6000,7547,0,108751980.000,0,-,-,-,-,3242.6000,3242.4000,3242.2000,3241.0000,3240.0000,3243.8000,3244.0000,3244.8000,3245.0000,3246.0000,1,2,1,1,1,1,1,1,3,1
SF,IH2103,2020-10-12 09:31:49.800,3243.6000,7547,0,108751980.000,0,-,-,-,-,3242.6000,3242.4000,3242.2000,3241.0000,3240.0000,3243.8000,3244.8000,3245.0000,3246.0000,3247.6000,1,2,1,1,1,1,1,3,1,1
SF,IH2103,2020-10-12 09:31:52.300,3243.8000,7546,-1,109725120.000,1,0,1,双平,S,3242.6000,3242.4000,3242.2000,3241.0000,3240.0000,3244.8000,3245.0000,3246.0000,3247.6000,3249.2000,1,2,1,1,1,1,3,1,1,2
SF,IH2103,2020-10-12 09:31:52.800,3243.8000,7546,0,109725120.000,0,-,-,-,-,3242.8000,3242.6000,3242.2000,3241.0000,3240.0000,3244.6000,3244.8000,3245.0000,3246.0000,3246.4000,2,1,1,1,1,1,1,3,1,1
SF,IH2103,2020-10-12 09:31:54.300,3243.8000,7546,0,109725120.000,0,-,-,-,-,3243.0000,3242.8000,3242.2000,3241.0000,3240.0000,3244.6000,3244.8000,3245.0000,3246.0000,3246.4000,1,2,1,1,1,1,1,3,1,1
SF,IH2103,2020-10-12 09:31:54.800,3243.8000,7546,0,109725120.000,0,-,-,-,-,3243.2000,3243.0000,3242.8000,3242.2000,3241.0000,3244.8000,3245.0000,3246.0000,3246.4000,3247.6000,1,1,1,1,1,1,3,1,1,1
SF,IH2103,2020-10-12 09:31:56.300,3243.8000,7546,0,109725120.000,0,-,-,-,-,3243.4000,3243.2000,3242.8000,3242.2000,3241.0000,3244.8000,3245.0000,3246.0000,3246.4000,3247.6000,1,1,1,1,1,1,3,1,1,1
SF,IH2103,2020-10-12 09:31:56.800,3243.8000,7546,0,109725120.000,0,-,-,-,-,3243.6000,3243.4000,3242.8000,3242.2000,3240.0000,3244.8000,3245.0000,3246.0000,3246.4000,3247.6000,1,1,1,1,1,1,3,1,1,1
SF,IH2103,2020-10-12 09:32:00.800,3243.8000,7546,0,109725120.000,0,-,-,-,-,3243.6000,3243.4000,3242.8000,3242.2000,3240.0000,3244.8000,3245.0000,3246.0000,3246.4000,3247.6000,1,1,1,1,1,1,3,1,1,1
SF,IH2103,2020-10-12 09:32:01.300,3243.8000,7546,0,109725120.000,0,-,-,-,-,3243.6000,3243.4000,3242.8000,3242.2000,3240.0000,3244.8000,3245.0000,3246.0000,3246.4000,3247.6000,1,1,1,1,1,1,3,1,1,1
SF,IH2103,2020-10-12 09:32:01.800,3245.0000,7544,-2,112645560.000,3,0,3,多平,S,3243.6000,3243.4000,3242.8000,3242.2000,3240.0000,3246.4000,3247.6000,3248.0000,3249.2000,3249.8000,1,1,1,1,1,1,1,1,2,1
SF,IH2103,2020-10-12 09:32:02.300,3243.8000,7543,-1,113618700.000,1,0,1,双平,S,3243.6000,3243.4000,3242.2000,3240.0000,3239.6000,3246.0000,3246.4000,3247.6000,3247.8000,3248.0000,1,1,1,1,3,1,1,1,1,1
SF,IH2103,2020-10-12 09:32:02.800,3243.8000,7543,0,113618700.000,0,-,-,-,-,3243.8000,3243.6000,3243.4000,3242.2000,3240.0000,3246.0000,3246.4000,3247.6000,3247.8000,3248.0000,2,1,1,1,1,1,1,1,1,1
SF,IH2103,2020-10-12 09:32:03.300,3243.8000,7543,0,113618700.000,0,-,-,-,-,3244.2000,3244.0000,3243.8000,3243.6000,3243.4000,3246.4000,3247.6000,3247.8000,3248.0000,3249.2000,1,1,2,1,1,1,1,1,1,2
SF,IH2103,2020-10-12 09:32:03.800,3243.8000,7543,0,113618700.000,0,-,-,-,-,3244.4000,3244.2000,3243.8000,3243.6000,3243.4000,3246.4000,3247.6000,3247.8000,3248.0000,3249.2000,2,1,1,1,1,1,1,1,1,2
SF,IH2103,2020-10-12 09:32:04.300,3243.8000,7543,0,113618700.000,0,-,-,-,-,3244.8000,3244.4000,3244.2000,3243.6000,3243.4000,3247.6000,3247.8000,3249.2000,3249.8000,3250.0000,1,2,1,1,1,1,1,2,1,2
SF,IH2103,2020-10-12 09:32:04.800,3243.8000,7543,0,113618700.000,0,-,-,-,-,3245.0000,3244.6000,3244.2000,3240.0000,3239.6000,3247.0000,3247.4000,3247.6000,3247.8000,3249.2000,2,1,1,1,3,1,2,1,1,2
SF,IH2103,2020-10-12 09:32:05.300,3243.8000,7543,0,113618700.000,0,-,-,-,-,3245.0000,3244.6000,3244.2000,3243.8000,3240.0000,3246.6000,3247.4000,3247.6000,3247.8000,3249.2000,2,1,1,1,1,1,1,1,1,2
SF,IH2103,2020-10-12 09:32:05.800,3243.8000,7543,0,113618700.000,0,-,-,-,-,3245.0000,3244.6000,3244.2000,3243.8000,3240.0000,3246.4000,3247.4000,3247.6000,3247.8000,3249.2000,2,1,1,1,1,1,1,1,1,2
SF,IH2103,2020-10-12 09:32:06.300,3243.8000,7543,0,113618700.000,0,-,-,-,-,3245.0000,3244.2000,3243.8000,3240.0000,3239.6000,3246.2000,3247.4000,3247.6000,3247.8000,3249.2000,2,1,1,1,3,1,1,1,1,2
SF,IH2103,2020-10-12 09:32:06.800,3244.6000,7542,-1,114592080.000,1,0,1,双平,S,3244.2000,3243.8000,3240.0000,3239.6000,3235.2000,3246.2000,3247.4000,3247.6000,3247.8000,3249.2000,1,1,1,3,3,1,1,1,1,2
SF,IH2103,2020-10-12 09:32:07.300,3244.6000,7542,0,114592080.000,0,-,-,-,-,3244.4000,3244.2000,3243.8000,3240.0000,3239.6000,3246.2000,3247.4000,3247.6000,3247.8000,3249.2000,2,1,1,1,3,1,1,1,1,2
SF,IH2103,2020-10-12 09:32:08.300,3244.6000,7542,0,114592080.000,0,-,-,-,-,3244.4000,3244.2000,3243.8000,3240.0000,3239.6000,3246.2000,3247.4000,3247.6000,3247.8000,3249.2000,3,1,2,1,3,1,1,1,1,2
SF,IH2103,2020-10-12 09:32:08.800,3244.6000,7542,0,114592080.000,0,-,-,-,-,3244.6000,3244.4000,3244.2000,3243.8000,3240.0000,3246.2000,3247.4000,3247.6000,3247.8000,3249.2000,1,2,1,2,1,1,1,1,1,2
SF,IH2103,2020-10-12 09:32:09.300,3244.6000,7542,0,114592080.000,0,-,-,-,-,3244.6000,3244.4000,3244.2000,3243.8000,3240.0000,3247.4000,3247.6000,3247.8000,3249.2000,3249.8000,1,2,1,2,1,1,1,1,2,1
SF,IH2103,2020-10-12 09:32:09.800,3244.6000,7542,0,114592080.000,0,-,-,-,-,3244.8000,3244.6000,3244.2000,3243.8000,3240.0000,3246.8000,3247.2000,3247.4000,3247.6000,3247.8000,2,1,1,2,1,1,2,1,1,1
SF,IH2103,2020-10-12 09:32:10.300,3244.6000,7542,0,114592080.000,0,-,-,-,-,3244.8000,3244.6000,3244.2000,3243.8000,3240.0000,3246.2000,3246.6000,3247.2000,3247.6000,3247.8000,1,1,1,2,1,1,3,1,1,1
SF,IH2103,2020-10-12 09:32:11.300,3244.6000,7542,0,114592080.000,0,-,-,-,-,3244.8000,3244.6000,3244.2000,3243.8000,3241.0000,3246.2000,3246.6000,3247.2000,3247.6000,3247.8000,1,1,1,2,1,1,3,1,1,1
SF,IH2103,2020-10-12 09:32:12.300,3244.6000,7542,0,114592080.000,0,-,-,-,-,3244.8000,3244.6000,3244.2000,3243.8000,3241.0000,3246.2000,3246.6000,3247.2000,3247.6000,3247.8000,1,1,1,2,1,1,3,1,1,1
SF,IH2103,2020-10-12 09:32:12.800,3244.6000,7542,0,114592080.000,0,-,-,-,-,3244.8000,3244.2000,3243.8000,3241.0000,3240.0000,3246.2000,3246.6000,3247.6000,3247.8000,3249.2000,1,1,2,1,2,1,3,1,1,2
SF,IH2103,2020-10-12 09:32:13.800,3244.6000,7542,0,114592080.000,0,-,-,-,-,3244.8000,3244.2000,3243.8000,3241.0000,3240.0000,3246.6000,3247.6000,3247.8000,3249.2000,3249.8000,1,1,1,1,2,2,1,1,2,1
SF,IH2103,2020-10-12 09:32:14.300,3244.6000,7542,0,114592080.000,0,-,-,-,-,3245.0000,3244.8000,3244.2000,3243.8000,3241.0000,3246.6000,3247.6000,3247.8000,3249.2000,3249.8000,1,1,1,1,1,1,1,1,2,1
SF,IH2103,2020-10-12 09:32:14.800,3244.6000,7542,0,114592080.000,0,-,-,-,-,3245.0000,3244.8000,3244.2000,3243.8000,3241.0000,3246.2000,3246.6000,3247.6000,3247.8000,3249.2000,1,1,1,1,1,1,1,1,1,2
SF,IH2103,2020-10-12 09:32:15.300,3244.6000,7542,0,114592080.000,0,-,-,-,-,3245.2000,3244.2000,3243.8000,3241.0000,3240.0000,3246.2000,3246.6000,3247.6000,3247.8000,3249.2000,1,1,1,1,2,1,1,1,1,2
SF,IH2103,2020-10-12 09:32:15.800,3244.6000,7542,0,114592080.000,0,-,-,-,-,3244.2000,3243.8000,3241.0000,3240.0000,3239.6000,3246.2000,3246.6000,3247.6000,3247.8000,3249.2000,1,1,1,2,3,1,1,1,1,2
SF,IH2103,2020-10-12 09:32:16.300,3244.6000,7542,0,114592080.000,0,-,-,-,-,3244.4000,3244.2000,3243.8000,3241.0000,3240.0000,3246.2000,3247.6000,3247.8000,3249.2000,3249.8000,2,1,1,1,2,1,1,1,2,1
SF,IH2103,2020-10-12 09:32:17.300,3244.6000,7542,0,114592080.000,0,-,-,-,-,3244.4000,3244.2000,3243.8000,3241.0000,3240.0000,3246.2000,3247.6000,3247.8000,3249.2000,3249.8000,2,1,1,1,2,1,1,1,2,1
SF,IH2103,2020-10-12 09:32:20.300,3244.6000,7542,0,114592080.000,0,-,-,-,-,3244.4000,3244.2000,3243.8000,3241.0000,3240.0000,3246.2000,3247.6000,3247.8000,3248.8000,3249.2000,2,1,1,1,2,1,1,1,1,2
SF,IH2103,2020-10-12 09:32:20.800,3244.6000,7542,0,114592080.000,0,-,-,-,-,3244.4000,3244.2000,3243.8000,3241.0000,3240.0000,3246.0000,3246.2000,3247.6000,3247.8000,3248.8000,1,1,1,1,2,1,1,1,1,1
SF,IH2103,2020-10-12 09:32:21.300,3246.2000,7541,-1,116539740.000,2,0,2,多平,S,3244.4000,3244.2000,3243.8000,3241.0000,3240.0000,3247.6000,3247.8000,3248.8000,3249.2000,3249.8000,1,1,1,1,2,1,1,1,2,1
SF,IH2103,2020-10-12 09:32:21.800,3246.2000,7541,0,116539740.000,0,-,-,-,-,3244.6000,3244.4000,3244.2000,3243.8000,3241.0000,3247.0000,3247.4000,3247.6000,3247.8000,3248.8000,1,1,1,1,1,1,2,1,1,1
SF,IH2103,2020-10-12 09:32:22.300,3246.2000,7541,0,116539740.000,0,-,-,-,-,3244.8000,3244.6000,3244.2000,3243.8000,3241.0000,3246.6000,3246.8000,3247.2000,3247.4000,3247.6000,1,1,1,1,1,1,1,1,1,1
SF,IH2103,2020-10-12 09:32:22.800,3246.2000,7541,0,116539740.000,0,-,-,-,-,3245.0000,3244.8000,3244.2000,3243.8000,3241.0000,3246.4000,3246.6000,3247.4000,3247.6000,3247.8000,1,1,1,1,1,1,2,1,1,1
SF,IH2103,2020-10-12 09:32:23.800,3246.4000,7541,0,117513660.000,1,0,1,多换,S,3245.0000,3244.8000,3244.2000,3243.8000,3241.0000,3246.6000,3247.4000,3247.6000,3247.8000,3248.8000,1,1,1,1,1,2,1,1,1,1
SF,IH2103,2020-10-12 09:32:24.300,3246.4000,7541,0,117513660.000,0,-,-,-,-,3245.2000,3245.0000,3244.2000,3243.8000,3241.0000,3246.6000,3247.4000,3247.6000,3247.8000,3248.8000,1,1,1,1,1,2,1,1,1,1
SF,IH2103,2020-10-12 09:32:24.800,3246.4000,7541,0,117513660.000,0,-,-,-,-,3245.2000,3245.0000,3244.2000,3243.8000,3241.0000,3246.4000,3246.6000,3247.4000,3247.6000,3247.8000,1,1,1,1,1,1,1,1,1,1
SF,IH2103,2020-10-12 09:32:25.300,3245.2000,7540,-1,118487220.000,1,0,1,双平,S,3245.0000,3244.2000,3243.8000,3241.0000,3240.0000,3245.2000,3246.2000,3246.6000,3247.4000,3247.6000,1,1,1,1,2,1,2,1,1,1
SF,IH2103,2020-10-12 09:32:25.800,3245.2000,7538,-2,120434280.000,2,0,2,双平,S,3244.2000,3243.8000,3241.0000,3240.0000,3239.6000,3246.2000,3246.6000,3247.4000,3247.6000,3248.8000,1,1,1,2,3,2,1,1,1,1
SF,IH2103,2020-10-12 09:32:26.300,3245.2000,7538,0,120434280.000,0,-,-,-,-,3243.8000,3241.0000,3240.0000,3239.6000,3235.2000,3244.8000,3245.6000,3246.0000,3246.2000,3246.6000,1,1,2,3,3,2,1,1,1,1
SF,IH2103,2020-10-12 09:32:26.800,3244.8000,7537,-1,121407720.000,1,0,1,双平,S,3244.8000,3244.0000,3243.8000,3241.0000,3240.0000,3246.0000,3246.2000,3246.6000,3247.4000,3247.6000,1,1,1,1,2,1,1,1,1,1
SF,IH2103,2020-10-12 09:32:27.300,3244.8000,7537,0,121407720.000,0,-,-,-,-,3244.0000,3243.8000,3241.0000,3240.0000,3239.6000,3246.2000,3246.6000,3247.4000,3247.6000,3248.8000,1,1,1,2,3,1,1,1,1,1
SF,IH2103,2020-10-12 09:32:27.800,3244.8000,7537,0,121407720.000,0,-,-,-,-,3244.2000,3244.0000,3243.8000,3241.0000,3240.0000,3246.0000,3246.2000,3246.6000,3247.4000,3247.6000,1,1,1,1,2,2,1,1,1,1
SF,IH2103,2020-10-12 09:32:28.300,3244.8000,7537,0,121407720.000,0,-,-,-,-,3244.4000,3244.2000,3243.8000,3241.0000,3240.0000,3246.0000,3246.2000,3246.6000,3247.4000,3247.6000,1,1,1,1,2,2,1,1,1,1
SF,IH2103,2020-10-12 09:32:29.300,3244.8000,7537,0,121407720.000,0,-,-,-,-,3244.4000,3244.2000,3243.8000,3241.0000,3240.0000,3246.0000,3246.2000,3246.6000,3246.8000,3247.4000,1,1,1,1,2,1,1,1,1,1
SF,IH2103,2020-10-12 09:32:31.800,3244.8000,7537,0,122381160.000,1,0,1,多换,S,3244.8000,3244.4000,3244.2000,3243.8000,3241.0000,3246.0000,3246.2000,3246.6000,3246.8000,3247.4000,3,1,1,1,1,1,1,1,1,1
SF,IH2103,2020-10-12 09:32:32.300,3244.8000,7537,0,122381160.000,0,-,-,-,-,3244.4000,3244.2000,3243.8000,3241.0000,3240.0000,3246.2000,3246.4000,3246.6000,3246.8000,3247.4000,1,1,1,1,2,1,1,1,1,1
SF,IH2103,2020-10-12 09:32:32.800,3244.8000,7537,0,122381160.000,0,-,-,-,-,3244.4000,3243.8000,3241.0000,3240.0000,3239.6000,3245.8000,3246.0000,3246.2000,3246.4000,3246.6000,1,1,1,2,3,1,1,1,1,1
SF,IH2103,2020-10-12 09:32:33.300,3244.8000,7537,0,122381160.000,0,-,-,-,-,3244.4000,3243.8000,3241.0000,3240.0000,3239.6000,3245.8000,3246.0000,3246.2000,3246.4000,3246.6000,1,1,1,2,3,1,1,1,1,1
SF,IH2103,2020-10-12 09:32:34.300,3244.8000,7537,0,122381160.000,0,-,-,-,-,3244.4000,3243.8000,3241.0000,3240.0000,3239.6000,3245.8000,3246.0000,3246.2000,3246.4000,3246.6000,1,1,5,2,3,1,1,1,1,1
SF,IH2103,2020-10-12 09:32:34.800,3244.8000,7537,0,122381160.000,0,-,-,-,-,3244.4000,3243.8000,3241.0000,3240.0000,3239.6000,3245.8000,3246.2000,3246.4000,3246.6000,3246.8000,1,1,5,2,3,1,1,1,1,1
SF,IH2103,2020-10-12 09:32:35.300,3244.8000,7537,0,122381160.000,0,-,-,-,-,3244.4000,3243.8000,3241.0000,3240.0000,3239.6000,3245.8000,3246.2000,3246.4000,3246.6000,3246.8000,1,1,5,2,3,1,1,1,1,1
SF,IH2103,2020-10-12 09:32:35.800,3244.8000,7537,0,122381160.000,0,-,-,-,-,3244.4000,3243.8000,3241.0000,3240.0000,3239.6000,3245.4000,3246.2000,3246.4000,3246.6000,3246.8000,1,1,5,2,3,1,1,1,1,1
SF,IH2103,2020-10-12 09:32:37.300,3244.8000,7537,0,122381160.000,0,-,-,-,-,3244.4000,3243.8000,3241.0000,3240.0000,3239.6000,3245.2000,3246.2000,3246.4000,3246.6000,3246.8000,1,1,5,2,3,1,1,1,1,1
SF,IH2103,2020-10-12 09:32:37.800,3245.2000,7536,-1,123354720.000,1,0,1,双平,S,3245.2000,3244.4000,3243.8000,3241.0000,3240.0000,3246.2000,3246.4000,3246.6000,3246.8000,3247.4000,1,1,1,5,2,1,1,1,1,1
SF,IH2103,2020-10-12 09:32:38.300,3245.2000,7536,0,123354720.000,0,-,-,-,-,3245.2000,3244.4000,3243.8000,3241.0000,3240.0000,3246.2000,3246.4000,3246.6000,3246.8000,3247.4000,1,1,2,5,2,1,1,1,1,1
SF,IH2103,2020-10-12 09:32:40.300,3245.2000,7536,0,124328280.000,1,0,1,多换,S,3244.4000,3243.8000,3242.4000,3241.0000,3240.0000,3246.2000,3246.4000,3246.6000,3246.8000,3247.4000,1,2,1,5,2,1,1,1,1,1
SF,IH2103,2020-10-12 09:32:40.800,3245.2000,7536,0,124328280.000,0,-,-,-,-,3244.4000,3243.8000,3242.4000,3241.0000,3240.0000,3246.0000,3246.2000,3246.4000,3246.6000,3246.8000,1,2,1,5,2,1,1,1,1,1
SF,IH2103,2020-10-12 09:32:41.300,3245.2000,7536,0,124328280.000,0,-,-,-,-,3244.4000,3243.8000,3242.4000,3241.0000,3240.0000,3245.8000,3246.0000,3246.4000,3246.6000,3246.8000,1,2,1,5,2,1,1,1,1,1
SF,IH2103,2020-10-12 09:32:41.800,3245.2000,7536,0,124328280.000,0,-,-,-,-,3244.4000,3243.8000,3242.4000,3241.0000,3240.0000,3246.0000,3246.4000,3246.6000,3246.8000,3247.4000,1,2,1,5,2,1,1,1,1,1
SF,IH2103,2020-10-12 09:32:42.800,3246.0000,7535,-1,125302080.000,1,0,1,双平,S,3244.8000,3244.4000,3243.8000,3242.4000,3241.0000,3246.4000,3246.6000,3246.8000,3247.4000,3247.6000,1,1,2,1,5,1,1,1,1,1
SF,IH2103,2020-10-12 09:32:43.300,3246.0000,7535,0,125302080.000,0,-,-,-,-,3245.0000,3244.8000,3244.6000,3243.8000,3241.0000,3246.4000,3246.6000,3246.8000,3247.4000,3247.6000,1,1,3,2,5,1,1,1,1,1
SF,IH2103,2020-10-12 09:32:43.800,3246.0000,7535,0,125302080.000,0,-,-,-,-,3245.0000,3243.8000,3241.0000,3240.0000,3239.6000,3246.4000,3246.6000,3246.8000,3247.4000,3247.6000,1,2,5,2,3,1,1,1,1,1
SF,IH2103,2020-10-12 09:32:45.800,3245.0000,7535,0,126275580.000,1,0,1,多换,S,3243.8000,3241.0000,3240.0000,3239.6000,3235.2000,3246.4000,3246.6000,3246.8000,3247.4000,3247.6000,2,5,2,3,3,1,1,1,1,1
SF,IH2103,2020-10-12 09:32:46.300,3245.0000,7535,0,126275580.000,0,-,-,-,-,3244.0000,3243.8000,3242.4000,3241.0000,3240.0000,3246.4000,3246.6000,3246.8000,3247.4000,3247.6000,1,2,1,5,2,1,1,1,1,1
SF,IH2103,2020-10-12 09:32:46.800,3245.0000,7535,0,126275580.000,0,-,-,-,-,3244.2000,3244.0000,3243.8000,3242.4000,3241.0000,3246.2000,3246.4000,3246.6000,3246.8000,3247.4000,1,1,2,1,5,1,1,1,1,1
SF,IH2103,2020-10-12 09:32:47.300,3245.0000,7535,0,126275580.000,0,-,-,-,-,3244.4000,3244.2000,3243.8000,3242.4000,3241.0000,3246.2000,3246.4000,3246.6000,3246.8000,3247.4000,1,1,2,1,5,1,1,1,1,1
SF,IH2103,2020-10-12 09:32:47.800,3245.0000,7535,0,126275580.000,0,-,-,-,-,3244.6000,3244.4000,3243.8000,3242.4000,3241.0000,3246.2000,3246.4000,3246.6000,3246.8000,3247.4000,1,1,2,1,5,1,1,1,1,1
SF,IH2103,2020-10-12 09:32:48.800,3246.2000,7534,-1,127249440.000,1,0,1,双平,S,3244.8000,3244.6000,3244.4000,3243.8000,3242.4000,3246.4000,3246.6000,3246.8000,3247.4000,3247.6000,1,1,1,2,1,1,1,1,1,1
SF,IH2103,2020-10-12 09:32:49.300,3246.2000,7534,0,127249440.000,0,-,-,-,-,3245.0000,3244.8000,3244.4000,3243.8000,3241.0000,3246.4000,3246.6000,3246.8000,3247.4000,3247.6000,1,1,1,2,5,1,1,1,1,1
SF,IH2103,2020-10-12 09:32:49.800,3246.4000,7533,-1,128223360.000,1,0,1,双平,S,3245.0000,3244.8000,3244.4000,3243.8000,3241.0000,3246.6000,3246.8000,3247.4000,3247.6000,3248.8000,1,1,1,2,5,1,1,1,1,1
SF,IH2103,2020-10-12 09:32:50.300,3246.4000,7533,0,128223360.000,0,-,-,-,-,3245.0000,3244.8000,3244.4000,3243.8000,3241.0000,3246.6000,3246.8000,3247.4000,3247.6000,3248.8000,2,1,1,2,5,1,1,1,1,1
SF,IH2103,2020-10-12 09:32:50.800,3246.4000,7533,0,128223360.000,0,-,-,-,-,3245.2000,3245.0000,3244.8000,3244.4000,3243.8000,3246.6000,3246.8000,3247.4000,3247.6000,3248.8000,3,1,1,1,2,1,1,1,1,1
SF,IH2103,2020-10-12 09:32:51.300,3246.4000,7533,0,128223360.000,0,-,-,-,-,3245.4000,3245.2000,3244.8000,3244.4000,3243.8000,3246.6000,3246.8000,3247.6000,3248.8000,3249.2000,1,3,1,1,2,1,1,1,1,2
SF,IH2103,2020-10-12 09:32:51.800,3246.4000,7533,0,128223360.000,0,-,-,-,-,3245.4000,3245.2000,3244.8000,3244.4000,3243.8000,3246.6000,3246.8000,3247.6000,3248.8000,3249.2000,2,3,1,1,2,1,1,1,1,2
SF,IH2103,2020-10-12 09:32:52.300,3246.4000,7533,0,128223360.000,0,-,-,-,-,3245.4000,3245.2000,3244.8000,3244.4000,3243.8000,3246.6000,3246.8000,3247.6000,3248.8000,3249.2000,2,3,1,1,2,1,1,1,1,2
SF,IH2103,2020-10-12 09:32:52.800,3246.4000,7533,0,128223360.000,0,-,-,-,-,3245.4000,3245.2000,3244.8000,3244.4000,3243.8000,3246.6000,3246.8000,3247.6000,3248.8000,3249.2000,1,3,1,1,2,1,1,1,1,2
SF,IH2103,2020-10-12 09:32:53.300,3246.4000,7533,0,128223360.000,0,-,-,-,-,3245.4000,3245.2000,3244.8000,3244.4000,3243.8000,3246.6000,3246.8000,3247.6000,3248.8000,3249.2000,2,3,1,1,2,1,1,1,1,2
SF,IH2103,2020-10-12 09:32:54.300,3246.8000,7531,-2,130171380.000,2,0,2,双平,S,3246.6000,3245.4000,3245.2000,3244.8000,3244.4000,3247.6000,3248.8000,3249.2000,3249.8000,3250.0000,1,2,3,1,1,1,1,2,1,2
SF,IH2103,2020-10-12 09:32:54.800,3246.8000,7531,0,130171380.000,0,-,-,-,-,3246.6000,3245.4000,3244.8000,3244.4000,3243.8000,3247.6000,3248.8000,3249.2000,3249.8000,3250.0000,1,2,1,1,1,1,1,2,1,2
SF,IH2103,2020-10-12 09:32:55.300,3246.8000,7531,0,130171380.000,0,-,-,-,-,3246.6000,3245.4000,3245.2000,3244.8000,3244.4000,3247.6000,3248.8000,3249.2000,3249.8000,3250.0000,1,2,1,1,1,1,1,2,1,2
SF,IH2103,2020-10-12 09:32:55.800,3246.8000,7531,0,130171380.000,0,-,-,-,-,3246.6000,3245.4000,3245.2000,3245.0000,3244.8000,3247.6000,3248.8000,3249.2000,3249.8000,3250.0000,1,2,1,1,1,1,1,2,1,2
SF,IH2103,2020-10-12 09:32:56.800,3246.8000,7531,0,130171380.000,0,-,-,-,-,3246.6000,3245.4000,3245.2000,3245.0000,3244.8000,3247.6000,3248.8000,3249.2000,3249.8000,3250.0000,1,1,1,1,1,1,1,2,1,2
SF,IH2103,2020-10-12 09:32:57.800,3246.8000,7531,0,130171380.000,0,-,-,-,-,3246.6000,3245.4000,3245.2000,3245.0000,3244.8000,3247.6000,3248.8000,3249.2000,3249.8000,3250.0000,1,1,1,1,1,1,1,2,1,2
SF,IH2103,2020-10-12 09:33:01.300,3247.6000,7530,-1,131145660.000,1,0,1,双平,S,3247.8000,3246.6000,3245.4000,3245.2000,3245.0000,3248.8000,3249.2000,3249.8000,3250.0000,3257.0000,1,1,1,1,1,1,2,1,2,1
SF,IH2103,2020-10-12 09:33:01.800,3247.6000,7530,0,131145660.000,0,-,-,-,-,3248.0000,3247.8000,3247.2000,3246.6000,3245.0000,3248.8000,3249.2000,3249.8000,3250.0000,3254.0000,1,1,2,1,1,1,2,1,2,1
SF,IH2103,2020-10-12 09:33:02.300,3247.6000,7530,0,131145660.000,0,-,-,-,-,3247.2000,3246.6000,3245.0000,3244.4000,3243.8000,3248.8000,3249.2000,3249.8000,3250.0000,3254.0000,2,1,1,1,1,1,2,1,2,1
SF,IH2103,2020-10-12 09:33:02.800,3247.6000,7530,0,131145660.000,0,-,-,-,-,3247.4000,3247.2000,3246.6000,3245.0000,3244.4000,3248.8000,3249.2000,3249.8000,3250.0000,3254.0000,2,2,1,1,1,1,2,1,2,1
SF,IH2103,2020-10-12 09:33:03.300,3247.6000,7530,0,131145660.000,0,-,-,-,-,3247.4000,3246.6000,3245.0000,3244.4000,3243.8000,3248.8000,3249.2000,3249.8000,3250.0000,3254.0000,1,1,1,1,1,1,2,1,2,1
SF,IH2103,2020-10-12 09:33:03.800,3247.6000,7530,0,131145660.000,0,-,-,-,-,3247.4000,3246.6000,3245.0000,3244.4000,3243.8000,3248.8000,3249.2000,3249.8000,3250.0000,3254.0000,1,1,1,1,1,1,2,1,2,1
SF,IH2103,2020-10-12 09:33:04.300,3247.6000,7530,0,131145660.000,0,-,-,-,-,3247.4000,3246.6000,3245.0000,3244.4000,3243.8000,3248.8000,3249.2000,3249.8000,3250.0000,3254.0000,2,1,1,1,1,1,2,1,2,1
SF,IH2103,2020-10-12 09:33:04.800,3247.6000,7530,0,131145660.000,0,-,-,-,-,3247.4000,3246.6000,3245.0000,3244.4000,3243.8000,3248.8000,3249.2000,3249.8000,3250.0000,3254.0000,1,1,1,1,1,1,2,1,2,1
SF,IH2103,2020-10-12 09:33:05.300,3247.6000,7530,0,131145660.000,0,-,-,-,-,3247.4000,3246.6000,3245.0000,3244.4000,3243.8000,3248.8000,3249.2000,3249.8000,3250.0000,3254.0000,2,1,1,1,1,1,2,1,2,1
SF,IH2103,2020-10-12 09:33:07.300,3247.6000,7530,0,131145660.000,0,-,-,-,-,3247.4000,3246.6000,3245.0000,3244.4000,3243.8000,3248.8000,3249.2000,3249.8000,3250.0000,3254.0000,1,1,1,1,1,1,2,1,2,1
SF,IH2103,2020-10-12 09:33:07.800,3247.6000,7530,0,131145660.000,0,-,-,-,-,3247.4000,3246.6000,3245.0000,3244.4000,3243.8000,3248.8000,3249.2000,3249.8000,3250.0000,3254.0000,1,1,1,1,1,1,2,1,2,1
SF,IH2103,2020-10-12 09:33:08.300,3247.6000,7530,0,131145660.000,0,-,-,-,-,3246.6000,3245.0000,3244.4000,3243.8000,3241.0000,3248.6000,3248.8000,3249.2000,3249.8000,3250.0000,1,1,1,1,5,1,1,2,1,2
SF,IH2103,2020-10-12 09:33:08.800,3247.6000,7530,0,131145660.000,0,-,-,-,-,3246.8000,3246.6000,3245.0000,3243.8000,3241.0000,3248.2000,3248.6000,3248.8000,3249.2000,3249.8000,1,1,1,1,5,1,1,1,2,1
SF,IH2103,2020-10-12 09:33:09.300,3247.6000,7530,0,131145660.000,0,-,-,-,-,3246.8000,3246.6000,3245.2000,3245.0000,3244.8000,3248.0000,3248.2000,3248.8000,3249.0000,3249.2000,1,1,1,1,1,1,1,1,1,2
SF,IH2103,2020-10-12 09:33:09.800,3247.6000,7530,0,131145660.000,0,-,-,-,-,3246.6000,3245.2000,3245.0000,3244.8000,3243.8000,3248.0000,3248.2000,3248.8000,3249.0000,3249.2000,1,1,1,1,1,1,1,1,1,2
SF,IH2103,2020-10-12 09:33:10.300,3248.0000,7530,0,132120060.000,1,0,1,多换,S,3246.6000,3245.2000,3245.0000,3244.8000,3243.8000,3248.2000,3248.8000,3249.0000,3249.2000,3249.8000,1,1,1,1,1,1,1,1,2,1
SF,IH2103,2020-10-12 09:33:10.800,3248.0000,7530,0,132120060.000,0,-,-,-,-,3246.8000,3246.6000,3245.2000,3245.0000,3244.8000,3248.2000,3248.8000,3249.0000,3249.2000,3249.8000,1,1,1,1,1,1,1,1,2,1
SF,IH2103,2020-10-12 09:33:11.800,3248.0000,7530,0,132120060.000,0,-,-,-,-,3246.8000,3246.6000,3245.8000,3245.2000,3245.0000,3248.8000,3249.0000,3249.2000,3249.8000,3250.0000,1,1,1,1,1,1,1,2,1,2
SF,IH2103,2020-10-12 09:33:12.300,3248.0000,7530,0,132120060.000,0,-,-,-,-,3247.0000,3246.8000,3246.6000,3245.8000,3245.2000,3248.8000,3249.0000,3249.2000,3249.8000,3250.0000,1,1,1,1,1,1,1,2,1,2
SF,IH2103,2020-10-12 09:33:12.800,3248.0000,7530,0,132120060.000,0,-,-,-,-,3247.2000,3247.0000,3246.6000,3245.8000,3245.2000,3248.8000,3249.0000,3249.2000,3249.8000,3250.0000,1,1,1,1,1,1,1,2,1,2
SF,IH2103,2020-10-12 09:33:14.300,3248.0000,7530,0,132120060.000,0,-,-,-,-,3247.2000,3247.0000,3246.6000,3245.8000,3245.2000,3248.6000,3248.8000,3249.0000,3249.2000,3249.8000,1,1,1,1,1,1,1,1,2,1
SF,IH2103,2020-10-12 09:33:15.800,3248.0000,7530,0,132120060.000,0,-,-,-,-,3247.2000,3247.0000,3246.6000,3245.8000,3245.2000,3248.4000,3248.6000,3248.8000,3249.0000,3249.2000,1,1,1,1,1,3,1,1,1,2
SF,IH2103,2020-10-12 09:33:16.300,3247.2000,7529,-1,133094220.000,1,0,1,双平,S,3247.0000,3246.6000,3245.8000,3245.2000,3245.0000,3247.2000,3248.2000,3248.4000,3248.6000,3248.8000,1,1,1,1,1,2,1,3,1,1
SF,IH2103,2020-10-12 09:33:16.800,3247.0000,7528,-1,134068320.000,1,0,1,双平,S,3246.6000,3245.8000,3245.2000,3245.0000,3244.8000,3247.2000,3248.2000,3248.4000,3248.6000,3248.8000,1,1,1,1,1,2,1,3,2,1
SF,IH2103,2020-10-12 09:33:17.300,3247.0000,7528,0,134068320.000,0,-,-,-,-,3246.6000,3245.8000,3245.2000,3245.0000,3244.8000,3247.0000,3247.2000,3248.4000,3248.6000,3248.8000,1,1,1,1,1,1,2,3,2,1
SF,IH2103,2020-10-12 09:33:17.800,3247.0000,7527,-1,135042420.000,1,0,1,双平,S,3247.0000,3246.6000,3245.8000,3245.2000,3245.0000,3248.4000,3248.6000,3248.8000,3249.0000,3249.2000,1,1,1,1,1,3,2,1,1,2
SF,IH2103,2020-10-12 09:33:18.300,3247.0000,7527,0,135042420.000,0,-,-,-,-,3247.0000,3246.6000,3245.8000,3245.2000,3245.0000,3248.2000,3248.4000,3248.6000,3248.8000,3249.0000,1,1,1,1,1,1,3,2,1,1
SF,IH2103,2020-10-12 09:33:20.800,3247.0000,7527,0,135042420.000,0,-,-,-,-,3246.6000,3245.8000,3245.2000,3245.0000,3244.8000,3248.2000,3248.4000,3248.6000,3248.8000,3249.0000,1,1,1,1,1,1,3,2,1,1
SF,IH2103,2020-10-12 09:33:21.800,3247.0000,7527,0,135042420.000,0,-,-,-,-,3246.6000,3245.8000,3245.2000,3245.0000,3244.8000,3248.2000,3248.4000,3248.6000,3248.8000,3249.0000,1,1,1,1,1,1,3,2,2,1
SF,IH2103,2020-10-12 09:33:25.800,3247.0000,7527,0,135042420.000,0,-,-,-,-,3246.6000,3245.8000,3245.2000,3245.0000,3244.8000,3248.2000,3248.4000,3248.6000,3248.8000,3249.0000,1,1,1,1,1,1,3,2,2,1
SF,IH2103,2020-10-12 09:33:26.300,3248.2000,7526,-1,136016880.000,1,0,1,双平,S,3248.2000,3246.6000,3245.8000,3245.2000,3245.0000,3248.4000,3248.6000,3248.8000,3249.0000,3249.2000,1,1,1,1,1,3,2,2,1,2
SF,IH2103,2020-10-12 09:33:26.800,3248.2000,7525,-1,136991340.000,1,0,1,双平,S,3245.8000,3245.0000,3244.8000,3243.8000,3241.0000,3246.6000,3248.2000,3248.6000,3248.8000,3249.0000,1,1,1,1,5,3,1,2,2,1
SF,IH2103,2020-10-12 09:33:27.300,3246.6000,7522,-3,139913280.000,3,0,3,双平,S,3246.0000,3245.8000,3245.0000,3244.8000,3243.8000,3248.2000,3248.6000,3248.8000,3249.0000,3249.2000,1,1,1,1,1,1,2,2,1,2
SF,IH2103,2020-10-12 09:33:27.800,3246.6000,7522,0,139913280.000,0,-,-,-,-,3246.0000,3245.8000,3245.0000,3244.8000,3243.8000,3248.0000,3248.2000,3248.6000,3248.8000,3249.0000,1,1,1,1,1,2,1,2,2,1
SF,IH2103,2020-10-12 09:33:28.300,3246.6000,7522,0,139913280.000,0,-,-,-,-,3246.0000,3245.8000,3245.0000,3244.8000,3243.8000,3248.0000,3248.2000,3248.6000,3248.8000,3249.0000,1,1,1,1,1,1,1,2,2,1
SF,IH2103,2020-10-12 09:33:29.300,3246.6000,7522,0,139913280.000,0,-,-,-,-,3246.4000,3246.0000,3245.8000,3245.0000,3244.8000,3248.0000,3248.2000,3248.6000,3248.8000,3249.0000,3,1,1,1,1,1,1,2,2,1
SF,IH2103,2020-10-12 09:33:29.800,3246.6000,7522,0,139913280.000,0,-,-,-,-,3246.6000,3246.4000,3245.8000,3245.0000,3244.8000,3248.0000,3248.2000,3248.6000,3248.8000,3249.0000,1,3,1,1,1,2,1,2,2,1
SF,IH2103,2020-10-12 09:33:30.300,3246.6000,7521,-1,140887260.000,1,0,1,双平,S,3245.8000,3245.0000,3244.8000,3243.8000,3241.0000,3247.8000,3248.0000,3248.2000,3248.6000,3248.8000,1,1,1,1,4,2,2,1,2,2
SF,IH2103,2020-10-12 09:33:30.800,3246.6000,7521,0,140887260.000,0,-,-,-,-,3245.8000,3245.0000,3244.8000,3243.8000,3241.0000,3247.4000,3247.6000,3247.8000,3248.0000,3248.2000,1,1,1,1,4,1,1,2,1,1
SF,IH2103,2020-10-12 09:33:31.300,3246.6000,7521,0,140887260.000,0,-,-,-,-,3246.0000,3245.8000,3245.0000,3244.8000,3243.8000,3247.8000,3248.0000,3248.2000,3248.6000,3248.8000,1,1,1,1,1,2,1,1,2,2
SF,IH2103,2020-10-12 09:33:31.800,3246.6000,7521,0,140887260.000,0,-,-,-,-,3246.2000,3246.0000,3245.8000,3245.0000,3244.8000,3247.8000,3248.0000,3248.2000,3248.6000,3248.8000,1,1,1,1,1,2,1,1,2,2
SF,IH2103,2020-10-12 09:33:33.300,3246.6000,7521,0,140887260.000,0,-,-,-,-,3246.2000,3246.0000,3245.8000,3245.0000,3244.8000,3247.8000,3248.0000,3248.2000,3248.6000,3248.8000,1,1,1,1,1,2,1,1,2,2
SF,IH2103,2020-10-12 09:33:33.800,3246.6000,7521,0,140887260.000,0,-,-,-,-,3246.4000,3246.2000,3245.8000,3245.0000,3244.8000,3247.8000,3248.0000,3248.2000,3248.6000,3248.8000,1,1,1,1,1,2,1,1,2,2
SF,IH2103,2020-10-12 09:33:35.300,3246.6000,7521,0,140887260.000,0,-,-,-,-,3246.4000,3246.2000,3245.8000,3245.0000,3244.8000,3247.8000,3248.0000,3248.2000,3248.6000,3248.8000,1,1,1,1,1,1,1,1,2,2
SF,IH2103,2020-10-12 09:33:37.300,3246.6000,7521,0,140887260.000,0,-,-,-,-,3246.4000,3246.2000,3245.8000,3245.0000,3244.8000,3247.8000,3248.0000,3248.6000,3248.8000,3249.2000,1,1,1,1,1,1,1,2,2,2
SF,IH2103,2020-10-12 09:33:37.800,3246.6000,7521,0,140887260.000,0,-,-,-,-,3246.4000,3246.2000,3245.8000,3245.0000,3244.8000,3248.0000,3248.6000,3248.8000,3249.2000,3249.4000,1,1,1,1,1,1,2,2,2,1
SF,IH2103,2020-10-12 09:33:38.300,3246.4000,7520,-1,141861180.000,1,0,1,双平,S,3246.2000,3245.8000,3245.0000,3244.8000,3243.8000,3248.0000,3248.6000,3248.8000,3249.2000,3249.4000,1,1,1,1,1,1,2,2,2,1
SF,IH2103,2020-10-12 09:33:38.800,3246.2000,7519,-1,143809440.000,2,0,2,多平,S,3245.8000,3245.0000,3244.8000,3243.8000,3241.0000,3247.8000,3248.6000,3248.8000,3249.2000,3249.4000,1,1,1,1,4,2,2,2,2,1
SF,IH2103,2020-10-12 09:33:39.300,3246.2000,7519,0,143809440.000,0,-,-,-,-,3246.4000,3246.0000,3245.8000,3245.0000,3244.8000,3247.8000,3248.6000,3248.8000,3249.2000,3249.4000,3,1,1,1,1,2,2,2,2,1
SF,IH2103,2020-10-12 09:33:39.800,3246.6000,7517,-2,146732100.000,3,0,3,多平,S,3246.6000,3246.0000,3245.8000,3245.0000,3244.8000,3248.6000,3248.8000,3249.2000,3249.4000,3249.8000,1,1,1,1,1,2,2,2,1,1
SF,IH2103,2020-10-12 09:33:40.300,3246.6000,7517,0,146732100.000,0,-,-,-,-,3246.8000,3246.6000,3245.8000,3245.0000,3244.8000,3248.6000,3248.8000,3249.2000,3249.4000,3249.8000,2,1,1,1,1,2,2,2,1,1
SF,IH2103,2020-10-12 09:33:40.800,3246.6000,7517,0,146732100.000,0,-,-,-,-,3247.4000,3247.2000,3246.8000,3246.6000,3245.8000,3248.6000,3248.8000,3249.2000,3249.4000,3249.8000,1,5,2,1,1,2,2,2,1,1
SF,IH2103,2020-10-12 09:33:41.300,3246.6000,7517,0,146732100.000,0,-,-,-,-,3246.8000,3246.6000,3245.8000,3245.0000,3243.8000,3248.6000,3248.8000,3249.2000,3249.4000,3249.8000,2,1,1,1,1,2,2,2,1,1
SF,IH2103,2020-10-12 09:33:41.800,3246.6000,7517,0,146732100.000,0,-,-,-,-,3246.8000,3246.6000,3245.8000,3245.0000,3243.8000,3248.4000,3248.6000,3248.8000,3249.2000,3249.4000,2,1,1,1,1,1,2,2,2,1
SF,IH2103,2020-10-12 09:33:42.300,3246.6000,7517,0,146732100.000,0,-,-,-,-,3247.4000,3247.2000,3246.8000,3246.6000,3245.8000,3248.4000,3248.6000,3248.8000,3249.2000,3249.4000,1,2,2,1,1,1,2,2,2,1
SF,IH2103,2020-10-12 09:33:42.800,3246.6000,7517,0,146732100.000,0,-,-,-,-,3246.8000,3246.6000,3245.8000,3245.0000,3243.8000,3248.6000,3248.8000,3249.2000,3249.4000,3249.8000,2,1,1,1,1,2,2,2,1,1
SF,IH2103,2020-10-12 09:33:43.300,3246.6000,7517,0,146732100.000,0,-,-,-,-,3247.4000,3246.8000,3246.6000,3245.8000,3245.0000,3248.6000,3248.8000,3249.2000,3249.4000,3249.8000,1,2,1,1,1,2,2,2,1,1
SF,IH2103,2020-10-12 09:33:43.800,3246.6000,7517,0,146732100.000,0,-,-,-,-,3247.4000,3247.2000,3246.8000,3246.6000,3245.8000,3248.0000,3248.6000,3248.8000,3249.2000,3249.4000,1,2,2,1,1,2,2,2,2,1
SF,IH2103,2020-10-12 09:33:44.300,3248.0000,7517,0,148680900.000,2,1,1,多换,S,3248.0000,3247.4000,3247.2000,3246.8000,3246.6000,3248.6000,3248.8000,3249.2000,3249.4000,3249.8000,1,1,2,1,1,2,2,2,1,1
SF,IH2103,2020-10-12 09:33:44.800,3248.0000,7517,0,148680900.000,0,-,-,-,-,3247.4000,3247.2000,3246.8000,3246.6000,3245.8000,3248.6000,3248.8000,3249.2000,3249.4000,3249.8000,1,2,1,1,1,2,2,2,1,1
SF,IH2103,2020-10-12 09:33:45.800,3248.0000,7517,0,148680900.000,0,-,-,-,-,3247.4000,3247.2000,3247.0000,3246.8000,3246.6000,3248.6000,3248.8000,3249.2000,3249.4000,3249.8000,1,2,1,1,1,2,2,2,1,1
SF,IH2103,2020-10-12 09:33:46.300,3248.0000,7517,0,148680900.000,0,-,-,-,-,3247.6000,3247.4000,3247.2000,3247.0000,3246.6000,3248.6000,3248.8000,3249.2000,3249.4000,3249.8000,1,2,2,1,1,2,2,2,1,1
SF,IH2103,2020-10-12 09:33:49.300,3248.0000,7517,0,148680900.000,0,-,-,-,-,3247.6000,3247.4000,3247.2000,3247.0000,3246.6000,3248.6000,3248.8000,3249.2000,3249.4000,3249.8000,1,2,2,1,1,2,2,2,1,1
SF,IH2103,2020-10-12 09:33:49.800,3248.0000,7517,0,148680900.000,0,-,-,-,-,3247.4000,3247.2000,3246.6000,3246.0000,3245.0000,3248.6000,3248.8000,3249.2000,3249.4000,3249.8000,1,1,1,1,1,2,2,2,1,1
SF,IH2103,2020-10-12 09:33:50.300,3247.4000,7516,-1,149655120.000,1,0,1,双平,S,3246.0000,3245.0000,3243.8000,3241.0000,3240.0000,3248.4000,3248.6000,3248.8000,3249.2000,3249.4000,2,1,1,4,1,1,2,2,2,1
SF,IH2103,2020-10-12 09:33:50.800,3247.4000,7516,0,149655120.000,0,-,-,-,-,3246.2000,3246.0000,3245.0000,3243.8000,3241.0000,3248.2000,3248.4000,3248.6000,3248.8000,3249.2000,1,2,1,1,4,1,1,2,2,2
SF,IH2103,2020-10-12 09:33:51.800,3248.2000,7517,1,150629580.000,1,1,0,双开,S,3246.4000,3246.2000,3246.0000,3245.0000,3243.8000,3248.4000,3248.6000,3248.8000,3249.2000,3249.4000,1,1,2,1,1,1,2,2,2,1
SF,IH2103,2020-10-12 09:33:52.300,3248.2000,7517,0,150629580.000,0,-,-,-,-,3246.6000,3246.4000,3246.0000,3245.0000,3243.8000,3248.4000,3248.6000,3248.8000,3249.2000,3249.4000,1,1,2,1,1,1,2,2,2,1
SF,IH2103,2020-10-12 09:33:52.800,3248.2000,7517,0,150629580.000,0,-,-,-,-,3246.8000,3246.6000,3246.0000,3245.0000,3243.8000,3248.4000,3248.6000,3248.8000,3249.2000,3249.4000,1,1,2,1,1,1,2,2,2,1
SF,IH2103,2020-10-12 09:33:53.300,3248.2000,7517,0,150629580.000,0,-,-,-,-,3246.8000,3246.6000,3246.0000,3245.0000,3243.8000,3248.2000,3248.4000,3248.6000,3248.8000,3249.2000,1,1,2,1,1,2,1,2,2,2
SF,IH2103,2020-10-12 09:33:53.800,3248.2000,7517,0,150629580.000,0,-,-,-,-,3246.8000,3246.6000,3246.0000,3245.0000,3243.8000,3248.2000,3248.4000,3248.6000,3248.8000,3249.2000,1,1,2,1,1,1,1,2,2,2
SF,IH2103,2020-10-12 09:33:54.800,3248.2000,7517,0,150629580.000,0,-,-,-,-,3246.8000,3246.6000,3246.0000,3245.0000,3243.8000,3248.2000,3248.4000,3248.6000,3248.8000,3249.2000,1,1,2,1,1,1,1,2,2,2
SF,IH2103,2020-10-12 09:33:55.300,3248.2000,7517,0,150629580.000,0,-,-,-,-,3247.0000,3246.8000,3246.0000,3245.0000,3243.8000,3248.2000,3248.4000,3248.6000,3248.8000,3249.2000,1,1,2,1,1,1,1,2,2,2
SF,IH2103,2020-10-12 09:33:55.800,3247.0000,7516,-1,151603680.000,1,0,1,双平,S,3246.8000,3246.0000,3245.0000,3243.8000,3241.0000,3248.2000,3248.4000,3248.6000,3248.8000,3249.2000,1,2,1,1,4,1,1,2,2,2
SF,IH2103,2020-10-12 09:33:56.300,3247.0000,7516,0,151603680.000,0,-,-,-,-,3246.8000,3246.0000,3245.0000,3243.8000,3241.0000,3248.0000,3248.2000,3248.6000,3248.8000,3249.2000,1,2,1,1,4,1,1,2,2,2
SF,IH2103,2020-10-12 09:33:56.800,3247.0000,7516,0,151603680.000,0,-,-,-,-,3246.0000,3245.0000,3243.8000,3241.0000,3240.0000,3248.0000,3248.2000,3248.6000,3248.8000,3249.2000,2,1,1,4,1,1,1,2,2,2
SF,IH2103,2020-10-12 09:33:57.300,3247.0000,7516,0,151603680.000,0,-,-,-,-,3246.2000,3246.0000,3245.0000,3243.8000,3241.0000,3248.0000,3248.2000,3248.6000,3248.8000,3249.2000,1,2,1,1,4,1,1,2,2,2
SF,IH2103,2020-10-12 09:33:57.800,3247.0000,7516,0,151603680.000,0,-,-,-,-,3246.2000,3246.0000,3245.0000,3243.8000,3241.0000,3248.0000,3248.2000,3248.6000,3248.8000,3249.2000,1,2,1,1,4,1,1,2,2,2
SF,IH2103,2020-10-12 09:33:58.300,3248.0000,7515,-1,152578080.000,1,0,1,双平,S,3246.4000,3246.2000,3246.0000,3245.0000,3243.8000,3248.6000,3248.8000,3249.2000,3249.4000,3249.8000,1,1,2,1,1,2,2,2,1,1
SF,IH2103,2020-10-12 09:33:58.800,3248.0000,7515,0,152578080.000,0,-,-,-,-,3246.6000,3246.4000,3246.0000,3245.0000,3243.8000,3248.6000,3248.8000,3249.2000,3249.4000,3249.8000,1,4,2,1,1,2,2,2,1,1
SF,IH2103,2020-10-12 09:33:59.300,3248.0000,7515,0,152578080.000,0,-,-,-,-,3246.8000,3246.6000,3246.0000,3245.0000,3243.8000,3248.6000,3248.8000,3249.2000,3249.4000,3249.8000,1,1,2,1,1,2,2,2,1,1
SF,IH2103,2020-10-12 09:33:59.800,3248.0000,7515,0,152578080.000,0,-,-,-,-,3247.0000,3246.8000,3246.0000,3245.0000,3243.8000,3248.6000,3248.8000,3249.2000,3249.4000,3249.8000,1,1,2,1,1,2,2,2,1,1
SF,IH2103,2020-10-12 09:34:00.300,3248.0000,7515,0,152578080.000,0,-,-,-,-,3247.0000,3246.8000,3246.0000,3245.0000,3243.8000,3248.4000,3248.6000,3248.8000,3249.2000,3249.4000,1,1,2,1,1,1,2,2,2,1
SF,IH2103,2020-10-12 09:34:00.800,3248.0000,7515,0,152578080.000,0,-,-,-,-,3247.2000,3247.0000,3246.8000,3246.0000,3245.0000,3248.4000,3248.6000,3248.8000,3249.2000,3249.4000,1,1,1,2,1,1,2,2,2,1
SF,IH2103,2020-10-12 09:34:01.300,3247.2000,7514,-1,153552240.000,1,0,1,双平,S,3247.0000,3246.8000,3246.0000,3245.0000,3243.8000,3248.4000,3248.6000,3248.8000,3249.2000,3249.4000,1,1,2,1,1,1,2,2,2,1
SF,IH2103,2020-10-12 09:34:01.800,3247.2000,7514,0,153552240.000,0,-,-,-,-,3247.0000,3246.0000,3245.0000,3243.8000,3241.0000,3248.4000,3248.6000,3248.8000,3249.2000,3249.4000,1,2,1,1,4,1,2,2,2,1
SF,IH2103,2020-10-12 09:34:02.300,3247.0000,7514,0,154526340.000,1,0,1,多换,S,3247.2000,3246.0000,3245.0000,3243.8000,3241.0000,3248.4000,3248.6000,3248.8000,3249.2000,3249.4000,1,2,1,1,4,1,2,2,2,1
SF,IH2103,2020-10-12 09:34:02.800,3247.0000,7514,0,154526340.000,0,-,-,-,-,3247.4000,3247.2000,3246.0000,3245.0000,3243.8000,3248.4000,3248.6000,3248.8000,3249.2000,3249.4000,1,3,2,1,1,1,2,2,2,1
SF,IH2103,2020-10-12 09:34:03.300,3247.0000,7514,0,154526340.000,0,-,-,-,-,3246.0000,3245.0000,3243.8000,3241.0000,3240.0000,3248.4000,3248.6000,3248.8000,3249.2000,3249.4000,2,1,1,4,1,1,2,2,2,1
SF,IH2103,2020-10-12 09:34:03.800,3247.0000,7514,0,154526340.000,0,-,-,-,-,3246.2000,3246.0000,3245.0000,3243.8000,3241.0000,3248.2000,3248.4000,3248.6000,3248.8000,3249.2000,2,2,2,1,4,1,1,2,2,2
SF,IH2103,2020-10-12 09:34:05.300,3247.0000,7514,0,154526340.000,0,-,-,-,-,3246.2000,3246.0000,3245.0000,3243.8000,3241.0000,3248.4000,3248.6000,3248.8000,3249.2000,3249.4000,2,2,2,1,4,1,2,2,2,1
SF,IH2103,2020-10-12 09:34:05.800,3246.2000,7513,-1,155500200.000,1,0,1,双平,S,3246.2000,3246.0000,3245.0000,3243.8000,3241.0000,3248.4000,3248.6000,3248.8000,3249.2000,3249.4000,1,2,2,1,4,1,2,2,2,1
SF,IH2103,2020-10-12 09:34:06.300,3246.2000,7513,0,155500200.000,0,-,-,-,-,3246.2000,3246.0000,3245.0000,3243.8000,3241.0000,3248.2000,3248.4000,3248.6000,3248.8000,3249.2000,1,9,2,1,4,1,1,2,2,2
SF,IH2103,2020-10-12 09:34:06.800,3246.2000,7513,0,155500200.000,0,-,-,-,-,3246.2000,3246.0000,3245.0000,3243.8000,3241.0000,3248.0000,3248.2000,3248.6000,3248.8000,3249.2000,1,9,2,1,4,1,1,2,2,2
SF,IH2103,2020-10-12 09:34:09.800,3246.2000,7513,0,155500200.000,0,-,-,-,-,3246.2000,3246.0000,3245.0000,3243.8000,3241.0000,3248.0000,3248.2000,3248.6000,3248.8000,3249.2000,1,9,2,1,4,1,1,2,2,2
SF,IH2103,2020-10-12 09:34:11.800,3246.2000,7513,0,155500200.000,0,-,-,-,-,3246.2000,3246.0000,3245.0000,3244.0000,3243.8000,3248.0000,3248.6000,3248.8000,3249.2000,3249.8000,1,9,2,4,1,1,2,2,2,1
SF,IH2103,2020-10-12 09:34:12.300,3248.0000,7512,-1,156474600.000,1,0,1,双平,S,3246.4000,3246.2000,3246.0000,3245.0000,3244.0000,3248.6000,3248.8000,3249.2000,3249.8000,3250.0000,1,1,9,2,4,2,2,2,1,2
SF,IH2103,2020-10-12 09:34:12.800,3248.0000,7512,0,156474600.000,0,-,-,-,-,3247.4000,3247.2000,3246.6000,3246.4000,3246.2000,3248.6000,3248.8000,3249.2000,3249.8000,3250.0000,1,2,1,4,1,2,2,2,1,3
SF,IH2103,2020-10-12 09:34:13.300,3248.0000,7512,0,156474600.000,0,-,-,-,-,3247.2000,3246.6000,3246.4000,3246.2000,3246.0000,3248.6000,3248.8000,3249.2000,3249.8000,3250.0000,1,1,4,1,9,2,2,2,1,3
SF,IH2103,2020-10-12 09:34:13.800,3248.0000,7512,0,156474600.000,0,-,-,-,-,3246.6000,3246.4000,3246.0000,3245.0000,3244.0000,3248.6000,3248.8000,3249.2000,3249.8000,3250.0000,1,1,9,2,4,2,2,2,1,3
SF,IH2103,2020-10-12 09:34:14.300,3248.0000,7512,0,156474600.000,0,-,-,-,-,3246.8000,3246.6000,3246.0000,3245.0000,3244.0000,3248.6000,3248.8000,3249.2000,3249.8000,3250.0000,1,1,9,2,4,2,2,2,1,3
SF,IH2103,2020-10-12 09:34:14.800,3248.0000,7512,0,156474600.000,0,-,-,-,-,3247.0000,3246.8000,3246.0000,3245.0000,3244.0000,3248.6000,3248.8000,3249.2000,3249.8000,3250.0000,1,1,9,2,4,2,2,2,1,3
SF,IH2103,2020-10-12 09:34:15.300,3248.0000,7512,0,156474600.000,0,-,-,-,-,3247.2000,3247.0000,3246.0000,3245.0000,3244.0000,3248.6000,3248.8000,3249.2000,3249.8000,3250.0000,2,1,9,2,4,2,2,2,1,3
SF,IH2103,2020-10-12 09:34:15.800,3248.0000,7512,0,156474600.000,0,-,-,-,-,3247.2000,3247.0000,3246.0000,3245.0000,3244.0000,3248.6000,3248.8000,3249.2000,3249.8000,3250.0000,2,1,9,2,4,2,2,2,1,3
SF,IH2103,2020-10-12 09:34:16.300,3248.0000,7512,0,156474600.000,0,-,-,-,-,3247.2000,3247.0000,3246.0000,3245.0000,3244.0000,3248.6000,3248.8000,3249.2000,3249.8000,3250.0000,3,1,9,2,4,2,2,2,1,3
SF,IH2103,2020-10-12 09:34:16.800,3248.0000,7512,0,156474600.000,0,-,-,-,-,3247.4000,3247.2000,3247.0000,3246.0000,3245.0000,3248.6000,3248.8000,3249.2000,3249.8000,3250.0000,1,3,1,9,2,2,2,2,1,3
SF,IH2103,2020-10-12 09:34:17.300,3248.0000,7512,0,156474600.000,0,-,-,-,-,3247.2000,3247.0000,3246.0000,3245.0000,3244.0000,3248.6000,3248.8000,3249.2000,3249.8000,3250.0000,2,1,9,2,4,3,2,2,1,3
SF,IH2103,2020-10-12 09:34:17.800,3248.0000,7512,0,156474600.000,0,-,-,-,-,3247.2000,3247.0000,3246.0000,3245.0000,3244.0000,3248.6000,3248.8000,3249.2000,3249.8000,3250.0000,1,1,9,2,4,3,2,2,1,2
SF,IH2103,2020-10-12 09:34:18.300,3248.0000,7512,0,156474600.000,0,-,-,-,-,3247.2000,3247.0000,3246.0000,3245.0000,3244.0000,3248.6000,3248.8000,3249.2000,3249.8000,3250.0000,1,1,9,2,4,3,2,2,1,2
SF,IH2103,2020-10-12 09:34:20.800,3248.0000,7512,0,156474600.000,0,-,-,-,-,3247.2000,3247.0000,3246.0000,3245.0000,3244.0000,3248.6000,3248.8000,3249.2000,3249.8000,3250.0000,1,1,9,2,4,3,2,2,2,2
SF,IH2103,2020-10-12 09:34:25.300,3248.0000,7512,0,156474600.000,0,-,-,-,-,3247.2000,3247.0000,3246.0000,3245.0000,3244.0000,3248.6000,3248.8000,3249.2000,3249.8000,3250.0000,2,1,9,2,4,3,2,2,2,2
SF,IH2103,2020-10-12 09:34:25.800,3248.6000,7512,0,157449180.000,1,0,1,多换,S,3247.2000,3247.0000,3246.0000,3245.0000,3244.0000,3248.6000,3248.8000,3249.2000,3249.8000,3250.0000,1,1,9,2,4,2,2,2,2,2
SF,IH2103,2020-10-12 09:34:26.800,3248.6000,7512,0,158423760.000,1,0,1,多换,S,3247.2000,3247.0000,3246.0000,3245.0000,3244.0000,3248.6000,3248.8000,3249.2000,3249.8000,3250.0000,1,1,9,2,4,1,2,2,2,2
SF,IH2103,2020-10-12 09:34:29.300,3248.6000,7512,0,158423760.000,0,-,-,-,-,3247.4000,3247.2000,3247.0000,3246.0000,3245.0000,3248.6000,3248.8000,3249.2000,3249.8000,3250.0000,1,1,1,9,2,1,2,2,2,2
SF,IH2103,2020-10-12 09:34:29.800,3248.6000,7512,0,158423760.000,0,-,-,-,-,3247.4000,3247.2000,3246.0000,3245.0000,3244.0000,3248.6000,3248.8000,3249.2000,3249.8000,3250.0000,1,1,9,2,4,1,2,2,2,2
SF,IH2103,2020-10-12 09:34:30.300,3248.6000,7512,0,158423760.000,0,-,-,-,-,3247.4000,3247.2000,3246.0000,3245.0000,3244.0000,3248.6000,3248.8000,3249.2000,3249.8000,3250.0000,1,1,9,2,4,1,2,2,2,2
SF,IH2103,2020-10-12 09:34:30.800,3248.6000,7512,0,158423760.000,0,-,-,-,-,3247.4000,3247.2000,3246.0000,3245.0000,3244.0000,3248.6000,3248.8000,3249.2000,3249.8000,3250.0000,1,1,9,2,4,1,2,2,2,2
SF,IH2103,2020-10-12 09:34:31.300,3248.4000,7511,-1,163296060.000,5,2,3,多平,S,3246.0000,3245.0000,3244.0000,3243.8000,3243.2000,3248.4000,3248.6000,3248.8000,3249.2000,3249.8000,9,2,4,1,1,1,1,2,2,2
SF,IH2103,2020-10-12 09:34:31.800,3248.4000,7511,0,163296060.000,0,-,-,-,-,3246.2000,3246.0000,3245.0000,3244.0000,3243.8000,3248.2000,3248.4000,3248.6000,3248.8000,3249.2000,1,9,2,4,1,2,1,1,2,2
SF,IH2103,2020-10-12 09:34:32.300,3248.4000,7511,0,163296060.000,0,-,-,-,-,3246.2000,3246.0000,3245.0000,3244.0000,3243.8000,3248.2000,3248.6000,3248.8000,3249.2000,3249.8000,1,9,2,4,1,2,1,2,2,2
SF,IH2103,2020-10-12 09:34:34.300,3248.4000,7511,0,163296060.000,0,-,-,-,-,3246.4000,3246.2000,3246.0000,3245.0000,3244.0000,3248.2000,3248.6000,3248.8000,3249.2000,3249.8000,1,1,9,2,4,2,1,2,2,2
SF,IH2103,2020-10-12 09:34:34.800,3248.4000,7511,0,163296060.000,0,-,-,-,-,3246.6000,3246.0000,3245.0000,3244.0000,3243.8000,3248.2000,3248.6000,3248.8000,3249.2000,3249.8000,1,9,2,4,1,3,1,2,2,2
SF,IH2103,2020-10-12 09:34:36.300,3248.2000,7510,-1,164270520.000,1,0,1,双平,S,3246.6000,3246.0000,3245.0000,3244.0000,3243.8000,3248.2000,3248.6000,3248.8000,3249.2000,3249.8000,1,9,2,4,1,2,1,2,2,2
SF,IH2103,2020-10-12 09:34:36.800,3248.2000,7510,0,164270520.000,0,-,-,-,-,3246.6000,3246.0000,3245.0000,3244.0000,3243.8000,3248.2000,3248.6000,3248.8000,3249.2000,3249.8000,1,9,2,4,1,1,1,2,2,2
SF,IH2103,2020-10-12 09:34:37.300,3248.2000,7509,-1,165244980.000,1,0,1,双平,S,3247.4000,3247.2000,3246.8000,3246.6000,3246.0000,3248.6000,3248.8000,3249.2000,3249.8000,3250.0000,1,2,1,1,9,1,2,2,2,2
SF,IH2103,2020-10-12 09:34:37.800,3248.2000,7509,0,165244980.000,0,-,-,-,-,3247.6000,3247.4000,3247.2000,3246.8000,3246.0000,3248.6000,3248.8000,3249.2000,3249.8000,3250.0000,1,1,2,1,9,1,2,2,2,2
SF,IH2103,2020-10-12 09:34:38.300,3248.6000,7508,-1,166219560.000,1,0,1,双平,S,3247.6000,3247.4000,3247.2000,3246.8000,3246.0000,3248.8000,3249.2000,3249.8000,3250.0000,3250.8000,1,1,2,1,9,2,2,2,2,1
SF,IH2103,2020-10-12 09:34:38.800,3248.6000,7508,0,166219560.000,0,-,-,-,-,3247.6000,3247.4000,3247.2000,3246.8000,3246.0000,3248.8000,3249.2000,3249.8000,3250.0000,3250.8000,1,1,2,1,8,2,2,2,2,1
SF,IH2103,2020-10-12 09:34:39.300,3248.6000,7508,0,166219560.000,0,-,-,-,-,3247.6000,3247.2000,3246.0000,3245.0000,3244.0000,3248.8000,3249.2000,3249.8000,3250.0000,3250.8000,1,1,8,2,4,2,2,2,2,1
SF,IH2103,2020-10-12 09:34:39.800,3248.6000,7508,0,166219560.000,0,-,-,-,-,3247.6000,3246.0000,3245.0000,3244.0000,3243.8000,3248.8000,3249.2000,3249.8000,3250.0000,3250.8000,1,8,2,4,1,2,2,2,2,1
SF,IH2103,2020-10-12 09:34:41.800,3248.6000,7508,0,166219560.000,0,-,-,-,-,3247.6000,3246.2000,3246.0000,3245.0000,3244.0000,3248.8000,3249.2000,3249.8000,3250.0000,3250.8000,1,1,8,2,4,2,2,2,2,1
SF,IH2103,2020-10-12 09:34:42.300,3248.6000,7508,0,166219560.000,0,-,-,-,-,3247.6000,3246.2000,3246.0000,3245.0000,3244.0000,3248.8000,3249.2000,3249.8000,3250.0000,3250.8000,1,1,8,2,4,2,2,2,2,1
SF,IH2103,2020-10-12 09:34:42.800,3248.6000,7508,0,166219560.000,0,-,-,-,-,3247.6000,3246.0000,3245.0000,3244.0000,3243.8000,3248.8000,3249.2000,3249.8000,3250.0000,3250.8000,1,8,2,4,1,2,2,2,2,1
SF,IH2103,2020-10-12 09:34:44.800,3247.6000,7507,-1,167193840.000,1,0,1,双平,S,3246.0000,3245.0000,3244.0000,3243.8000,3243.2000,3248.8000,3249.2000,3249.8000,3250.0000,3250.8000,8,2,4,1,1,2,2,2,2,1
SF,IH2103,2020-10-12 09:34:45.300,3247.6000,7507,0,167193840.000,0,-,-,-,-,3246.2000,3246.0000,3245.0000,3244.0000,3243.8000,3248.6000,3248.8000,3249.2000,3249.8000,3250.0000,4,8,2,4,1,1,2,2,2,2
SF,IH2103,2020-10-12 09:34:45.800,3247.6000,7507,0,167193840.000,0,-,-,-,-,3247.2000,3246.6000,3246.2000,3246.0000,3245.6000,3248.6000,3248.8000,3249.2000,3249.8000,3250.0000,1,1,4,8,1,1,2,2,2,2
SF,IH2103,2020-10-12 09:34:46.300,3247.6000,7507,0,167193840.000,0,-,-,-,-,3247.2000,3246.2000,3246.0000,3245.6000,3245.0000,3248.6000,3248.8000,3249.2000,3249.8000,3250.0000,1,3,8,1,2,1,2,2,2,2
SF,IH2103,2020-10-12 09:34:46.800,3248.6000,7507,0,168168420.000,1,0,1,多换,S,3248.6000,3247.2000,3247.0000,3246.2000,3246.0000,3248.8000,3249.2000,3249.8000,3250.0000,3250.8000,2,2,1,3,8,2,2,2,2,1
SF,IH2103,2020-10-12 09:34:47.300,3248.6000,7507,0,170117580.000,2,1,1,多换,S,3247.4000,3247.2000,3247.0000,3246.2000,3246.0000,3248.8000,3249.2000,3249.8000,3250.0000,3250.8000,1,2,1,2,8,2,2,2,2,1
SF,IH2103,2020-10-12 09:34:47.800,3248.6000,7507,0,170117580.000,0,-,-,-,-,3247.6000,3247.0000,3246.2000,3246.0000,3245.6000,3248.8000,3249.2000,3249.8000,3250.0000,3250.8000,1,1,1,8,1,2,2,2,2,1
SF,IH2103,2020-10-12 09:34:48.800,3248.6000,7507,0,170117580.000,0,-,-,-,-,3247.6000,3246.2000,3246.0000,3245.6000,3245.0000,3248.8000,3249.2000,3249.8000,3250.0000,3250.8000,1,1,8,1,2,2,2,2,2,1
SF,IH2103,2020-10-12 09:34:50.300,3248.6000,7507,0,170117580.000,0,-,-,-,-,3247.6000,3246.2000,3246.0000,3245.0000,3244.0000,3248.8000,3249.2000,3249.8000,3250.0000,3250.8000,1,1,8,2,4,2,2,2,2,1
SF,IH2103,2020-10-12 09:34:50.800,3248.6000,7507,0,170117580.000,0,-,-,-,-,3248.0000,3247.6000,3246.4000,3246.2000,3246.0000,3248.8000,3249.2000,3249.8000,3250.0000,3250.8000,1,1,1,1,8,2,2,2,2,1
SF,IH2103,2020-10-12 09:34:51.800,3248.6000,7507,0,170117580.000,0,-,-,-,-,3248.0000,3247.6000,3246.4000,3246.2000,3246.0000,3248.8000,3249.2000,3249.8000,3250.0000,3250.8000,1,1,1,1,8,2,2,2,2,1
SF,IH2103,2020-10-12 09:34:52.800,3248.0000,7506,-1,171091980.000,1,0,1,双平,S,3247.6000,3246.4000,3246.2000,3246.0000,3245.0000,3248.8000,3249.2000,3249.8000,3250.0000,3250.8000,1,1,1,8,2,2,2,2,2,1
SF,IH2103,2020-10-12 09:34:53.300,3248.0000,7506,0,171091980.000,0,-,-,-,-,3247.6000,3246.4000,3246.2000,3246.0000,3245.8000,3248.8000,3249.2000,3249.8000,3250.0000,3250.8000,1,1,1,8,1,2,2,2,2,1
SF,IH2103,2020-10-12 09:34:55.800,3248.0000,7506,0,171091980.000,0,-,-,-,-,3247.6000,3246.4000,3246.2000,3246.0000,3245.0000,3248.8000,3249.2000,3249.8000,3250.0000,3250.8000,1,1,1,8,2,2,2,2,2,1
SF,IH2103,2020-10-12 09:34:56.300,3248.8000,7505,-1,172066620.000,1,0,1,双平,S,3247.6000,3246.4000,3246.2000,3246.0000,3245.0000,3248.8000,3249.2000,3249.8000,3250.0000,3250.8000,1,1,1,8,2,1,2,2,2,1
SF,IH2103,2020-10-12 09:34:58.800,3248.8000,7505,0,172066620.000,0,-,-,-,-,3247.6000,3246.4000,3246.2000,3246.0000,3245.0000,3248.8000,3249.2000,3249.8000,3250.0000,3250.8000,1,1,1,9,2,1,2,2,2,1
SF,IH2103,2020-10-12 09:34:59.800,3248.8000,7505,0,173041260.000,1,0,1,多换,S,3247.6000,3246.4000,3246.2000,3246.0000,3245.0000,3249.2000,3249.8000,3250.0000,3250.8000,3253.2000,1,1,1,9,2,2,2,2,1,1
SF,IH2103,2020-10-12 09:35:00.300,3248.8000,7505,0,173041260.000,0,-,-,-,-,3247.6000,3246.4000,3246.2000,3246.0000,3245.0000,3249.2000,3249.8000,3250.0000,3250.8000,3253.2000,1,1,1,8,2,2,2,2,1,1
SF,IH2103,2020-10-12 09:35:00.800,3248.8000,7505,0,173041260.000,0,-,-,-,-,3247.6000,3246.4000,3246.2000,3246.0000,3245.0000,3249.2000,3249.8000,3250.0000,3250.8000,3253.2000,1,1,1,8,2,2,2,2,1,1
SF,IH2103,2020-10-12 09:35:01.300,3248.8000,7505,0,173041260.000,0,-,-,-,-,3247.6000,3246.4000,3246.2000,3246.0000,3245.0000,3249.2000,3249.8000,3250.0000,3250.8000,3253.2000,1,1,1,8,2,2,2,2,1,1
SF,IH2103,2020-10-12 09:35:01.800,3249.2000,7503,-2,174990780.000,2,0,2,双平,S,3247.8000,3247.6000,3246.4000,3246.2000,3246.0000,3249.0000,3249.8000,3250.0000,3250.8000,3253.2000,2,1,1,1,8,3,1,2,1,1
SF,IH2103,2020-10-12 09:35:02.300,3249.2000,7500,-3,177915060.000,3,0,3,双平,S,3249.2000,3249.0000,3248.2000,3247.8000,3246.4000,3249.8000,3250.0000,3250.8000,3255.2000,3257.0000,1,4,1,2,1,1,3,1,1,1
SF,IH2103,2020-10-12 09:35:02.800,3249.2000,7500,0,177915060.000,0,-,-,-,-,3249.2000,3248.2000,3247.8000,3246.4000,3246.2000,3249.8000,3250.0000,3250.8000,3255.2000,3257.0000,1,1,2,1,1,1,3,1,1,1
SF,IH2103,2020-10-12 09:35:03.300,3249.2000,7500,0,177915060.000,0,-,-,-,-,3249.2000,3247.8000,3247.2000,3246.4000,3246.2000,3249.8000,3250.0000,3250.8000,3251.4000,3255.2000,1,2,1,1,1,1,3,1,1,1
SF,IH2103,2020-10-12 09:35:03.800,3249.2000,7499,-1,178889820.000,1,0,1,双平,S,3247.8000,3247.2000,3246.4000,3246.2000,3246.0000,3249.8000,3250.0000,3250.8000,3251.4000,3255.2000,1,1,1,1,8,1,3,1,1,1
SF,IH2103,2020-10-12 09:35:04.300,3249.2000,7499,0,178889820.000,0,-,-,-,-,3248.0000,3247.8000,3247.2000,3246.4000,3246.0000,3249.8000,3250.0000,3250.8000,3251.4000,3255.2000,2,1,1,1,8,1,3,1,1,1
SF,IH2103,2020-10-12 09:35:04.800,3249.2000,7499,0,178889820.000,0,-,-,-,-,3248.0000,3247.8000,3247.2000,3246.4000,3246.0000,3249.8000,3250.0000,3250.8000,3251.4000,3255.2000,2,1,1,1,8,1,3,1,1,1
SF,IH2103,2020-10-12 09:35:05.800,3249.2000,7499,0,178889820.000,0,-,-,-,-,3248.0000,3247.8000,3247.2000,3246.4000,3246.0000,3249.8000,3250.0000,3250.8000,3251.4000,3255.2000,2,1,1,1,8,1,3,1,1,1
SF,IH2103,2020-10-12 09:35:06.300,3249.2000,7499,0,178889820.000,0,-,-,-,-,3248.0000,3247.2000,3246.4000,3246.0000,3245.0000,3249.8000,3250.0000,3250.8000,3255.2000,3257.0000,2,1,1,8,2,1,3,1,1,1
SF,IH2103,2020-10-12 09:35:09.300,3249.2000,7499,0,178889820.000,0,-,-,-,-,3248.0000,3247.2000,3246.4000,3246.0000,3245.0000,3249.8000,3250.0000,3250.4000,3250.8000,3255.2000,3,1,1,8,2,1,3,1,1,1
SF,IH2103,2020-10-12 09:35:09.800,3249.2000,7499,0,178889820.000,0,-,-,-,-,3248.0000,3247.2000,3246.4000,3246.0000,3245.0000,3249.6000,3249.8000,3250.0000,3250.4000,3250.8000,2,1,1,8,2,1,1,3,1,1
SF,IH2103,2020-10-12 09:35:10.300,3249.2000,7499,0,178889820.000,0,-,-,-,-,3248.0000,3247.2000,3246.4000,3246.0000,3245.0000,3249.6000,3249.8000,3250.0000,3250.4000,3250.8000,2,1,1,8,2,1,1,3,1,1
SF,IH2103,2020-10-12 09:35:10.800,3249.2000,7499,0,178889820.000,0,-,-,-,-,3248.0000,3247.2000,3246.4000,3246.0000,3245.0000,3249.8000,3250.0000,3250.4000,3250.8000,3255.2000,2,1,1,8,2,1,3,1,1,1
SF,IH2103,2020-10-12 09:35:11.300,3249.2000,7499,0,178889820.000,0,-,-,-,-,3248.2000,3248.0000,3247.2000,3246.4000,3246.0000,3249.8000,3250.0000,3250.4000,3250.8000,3255.2000,1,2,1,1,8,1,3,1,1,1
SF,IH2103,2020-10-12 09:35:11.800,3249.2000,7499,0,178889820.000,0,-,-,-,-,3248.4000,3248.2000,3248.0000,3247.2000,3246.4000,3249.8000,3250.0000,3250.4000,3250.8000,3255.2000,1,1,1,1,1,1,3,1,1,1
SF,IH2103,2020-10-12 09:35:14.800,3249.2000,7499,0,178889820.000,0,-,-,-,-,3249.0000,3248.6000,3248.4000,3248.2000,3248.0000,3249.8000,3250.0000,3250.8000,3252.2000,3255.2000,1,1,1,1,1,1,3,1,1,1
SF,IH2103,2020-10-12 09:35:15.300,3249.2000,7499,0,178889820.000,0,-,-,-,-,3248.4000,3248.2000,3248.0000,3246.4000,3246.0000,3249.8000,3250.0000,3250.8000,3252.2000,3255.2000,1,1,1,1,8,1,3,1,1,1
SF,IH2103,2020-10-12 09:35:15.800,3249.2000,7499,0,178889820.000,0,-,-,-,-,3248.4000,3248.2000,3248.0000,3246.4000,3246.0000,3249.8000,3250.0000,3250.8000,3252.2000,3255.2000,1,1,1,1,8,1,3,1,1,1
SF,IH2103,2020-10-12 09:35:16.800,3249.2000,7499,0,178889820.000,0,-,-,-,-,3248.4000,3248.2000,3248.0000,3246.4000,3246.0000,3249.8000,3250.0000,3250.8000,3252.2000,3255.2000,1,1,1,1,8,1,3,1,1,1
SF,IH2103,2020-10-12 09:35:17.800,3249.2000,7499,0,178889820.000,0,-,-,-,-,3248.4000,3248.2000,3248.0000,3247.0000,3246.4000,3249.8000,3250.0000,3250.8000,3255.2000,3257.0000,1,1,1,1,1,1,3,1,1,1
SF,IH2103,2020-10-12 09:35:19.800,3249.2000,7499,0,178889820.000,0,-,-,-,-,3248.4000,3248.2000,3248.0000,3247.0000,3246.4000,3249.8000,3250.0000,3250.8000,3255.2000,3257.0000,1,1,1,1,1,1,3,1,1,1
SF,IH2103,2020-10-12 09:35:20.300,3249.2000,7499,0,178889820.000,0,-,-,-,-,3248.4000,3248.0000,3247.0000,3246.4000,3246.0000,3249.8000,3250.0000,3250.8000,3255.2000,3257.0000,1,1,1,1,8,1,3,1,1,1
SF,IH2103,2020-10-12 09:35:20.800,3249.8000,7499,0,179864760.000,1,0,1,多换,S,3248.4000,3248.0000,3247.0000,3246.4000,3246.0000,3250.0000,3250.8000,3255.2000,3257.0000,3258.8000,1,1,1,1,8,3,1,1,1,1
SF,IH2103,2020-10-12 09:35:21.300,3248.4000,7498,-1,180839280.000,1,0,1,双平,S,3248.0000,3247.0000,3246.4000,3246.0000,3245.0000,3250.0000,3250.6000,3250.8000,3255.2000,3257.0000,1,1,1,8,2,3,1,1,1,1
SF,IH2103,2020-10-12 09:35:21.800,3248.4000,7498,0,180839280.000,0,-,-,-,-,3248.0000,3247.0000,3246.4000,3246.0000,3245.0000,3249.8000,3250.0000,3250.6000,3250.8000,3255.2000,1,1,1,8,2,4,3,1,1,1
SF,IH2103,2020-10-12 09:35:22.300,3248.4000,7498,0,180839280.000,0,-,-,-,-,3248.0000,3247.0000,3246.4000,3246.0000,3245.0000,3249.8000,3250.0000,3250.8000,3255.2000,3257.0000,1,1,1,8,2,4,3,1,1,1
SF,IH2103,2020-10-12 09:35:22.800,3248.4000,7498,0,180839280.000,0,-,-,-,-,3248.2000,3248.0000,3247.0000,3246.4000,3246.0000,3250.0000,3250.8000,3255.2000,3257.0000,3258.8000,2,1,1,1,8,3,1,1,1,1
SF,IH2103,2020-10-12 09:35:23.300,3248.4000,7498,0,180839280.000,0,-,-,-,-,3248.2000,3248.0000,3247.0000,3246.4000,3246.0000,3250.0000,3250.8000,3255.2000,3257.0000,3258.8000,2,1,1,1,8,3,1,1,1,1
SF,IH2103,2020-10-12 09:35:23.800,3248.4000,7498,0,180839280.000,0,-,-,-,-,3248.2000,3248.0000,3247.0000,3246.4000,3246.0000,3249.6000,3249.8000,3250.0000,3250.8000,3255.2000,1,1,1,1,8,1,2,3,1,1
SF,IH2103,2020-10-12 09:35:24.300,3248.4000,7498,0,180839280.000,0,-,-,-,-,3248.2000,3248.0000,3247.0000,3246.4000,3246.0000,3249.8000,3250.0000,3250.8000,3255.2000,3257.0000,1,1,1,1,8,1,3,1,1,1
SF,IH2103,2020-10-12 09:35:25.300,3248.4000,7498,0,180839280.000,0,-,-,-,-,3248.2000,3248.0000,3247.0000,3246.4000,3246.0000,3249.8000,3250.0000,3250.8000,3251.0000,3255.2000,1,1,1,1,8,1,3,1,1,1
SF,IH2103,2020-10-12 09:35:25.800,3248.4000,7498,0,180839280.000,0,-,-,-,-,3248.2000,3248.0000,3247.0000,3246.4000,3246.0000,3249.6000,3249.8000,3250.0000,3250.8000,3251.0000,1,1,1,1,8,1,1,3,1,1
SF,IH2103,2020-10-12 09:35:26.300,3248.4000,7498,0,180839280.000,0,-,-,-,-,3248.2000,3248.0000,3247.0000,3246.4000,3246.0000,3249.8000,3250.0000,3250.8000,3251.0000,3255.2000,1,1,1,1,8,1,3,1,1,1
SF,IH2103,2020-10-12 09:35:26.800,3248.4000,7498,0,180839280.000,0,-,-,-,-,3248.2000,3248.0000,3247.0000,3246.4000,3246.0000,3249.8000,3250.0000,3250.8000,3251.0000,3255.2000,1,1,1,1,8,1,3,1,1,1
SF,IH2103,2020-10-12 09:35:27.300,3248.2000,7497,-1,181813740.000,1,0,1,双平,S,3248.0000,3247.0000,3246.4000,3246.0000,3245.0000,3249.8000,3250.0000,3250.8000,3251.0000,3255.2000,1,1,1,8,2,1,3,1,1,1
SF,IH2103,2020-10-12 09:35:27.800,3248.2000,7497,0,181813740.000,0,-,-,-,-,3248.0000,3247.0000,3246.4000,3246.0000,3245.0000,3249.6000,3249.8000,3250.0000,3250.8000,3251.0000,1,1,1,8,2,1,1,3,1,1
SF,IH2103,2020-10-12 09:35:28.300,3248.2000,7497,0,181813740.000,0,-,-,-,-,3248.0000,3247.0000,3246.4000,3246.0000,3245.0000,3249.6000,3249.8000,3250.0000,3250.8000,3251.0000,1,1,1,8,2,1,1,4,1,1
SF,IH2103,2020-10-12 09:35:30.300,3248.2000,7497,0,181813740.000,0,-,-,-,-,3248.0000,3247.0000,3246.4000,3246.0000,3245.0000,3249.4000,3249.6000,3249.8000,3250.0000,3250.8000,1,1,1,8,2,1,1,1,4,1
SF,IH2103,2020-10-12 09:35:30.800,3248.2000,7497,0,181813740.000,0,-,-,-,-,3248.0000,3247.0000,3246.4000,3246.0000,3245.0000,3249.0000,3249.2000,3249.8000,3250.0000,3250.8000,1,1,1,8,2,1,1,1,4,1
SF,IH2103,2020-10-12 09:35:31.300,3248.0000,7497,0,182788140.000,1,0,1,多换,S,3247.0000,3246.4000,3246.0000,3245.0000,3243.8000,3248.8000,3249.8000,3250.0000,3250.8000,3251.8000,1,1,8,2,1,1,1,4,1,1
SF,IH2103,2020-10-12 09:35:31.800,3248.0000,7497,0,182788140.000,0,-,-,-,-,3247.0000,3246.4000,3246.0000,3245.0000,3243.8000,3248.6000,3248.8000,3249.0000,3250.0000,3250.8000,1,1,8,2,1,1,1,1,4,1
SF,IH2103,2020-10-12 09:35:32.300,3248.0000,7497,0,182788140.000,0,-,-,-,-,3247.6000,3247.0000,3246.4000,3246.0000,3245.0000,3248.4000,3248.6000,3249.0000,3250.0000,3250.8000,1,1,1,8,2,1,1,1,4,1
SF,IH2103,2020-10-12 09:35:32.800,3248.0000,7497,0,182788140.000,0,-,-,-,-,3247.0000,3246.4000,3246.0000,3245.0000,3243.8000,3248.4000,3249.0000,3250.0000,3250.8000,3251.8000,1,1,8,2,1,1,1,4,1,1
SF,IH2103,2020-10-12 09:35:33.300,3248.0000,7497,0,182788140.000,0,-,-,-,-,3247.4000,3247.0000,3246.4000,3246.0000,3245.0000,3248.4000,3249.0000,3249.8000,3250.0000,3250.8000,1,1,1,8,2,1,1,1,4,1
SF,IH2103,2020-10-12 09:35:34.300,3248.0000,7497,0,182788140.000,0,-,-,-,-,3247.4000,3247.0000,3246.4000,3246.0000,3245.0000,3248.4000,3249.8000,3250.0000,3250.8000,3251.8000,1,1,1,8,2,1,1,4,1,1
SF,IH2103,2020-10-12 09:35:34.800,3248.4000,7496,-1,183762660.000,1,0,1,双平,S,3247.4000,3247.0000,3246.4000,3246.0000,3245.0000,3248.0000,3249.8000,3250.0000,3250.8000,3251.8000,1,1,1,8,2,1,1,4,1,1
SF,IH2103,2020-10-12 09:35:35.300,3248.0000,7495,-1,184737060.000,1,0,1,双平,S,3247.0000,3246.4000,3246.0000,3245.0000,3243.8000,3249.8000,3250.0000,3250.8000,3251.8000,3257.0000,1,1,8,2,1,1,4,1,1,1
SF,IH2103,2020-10-12 09:35:35.800,3248.0000,7495,0,184737060.000,0,-,-,-,-,3247.2000,3247.0000,3246.4000,3246.0000,3245.0000,3247.4000,3249.2000,3249.6000,3249.8000,3250.0000,1,1,1,8,2,1,1,3,1,4
SF,IH2103,2020-10-12 09:35:36.300,3247.4000,7494,-1,185711280.000,1,0,1,双平,S,3248.0000,3247.4000,3247.2000,3247.0000,3246.4000,3249.6000,3249.8000,3250.0000,3250.8000,3251.8000,1,1,2,1,1,2,1,4,1,1
SF,IH2103,2020-10-12 09:35:36.800,3247.4000,7494,0,185711280.000,0,-,-,-,-,3248.0000,3247.0000,3246.4000,3246.0000,3245.0000,3249.6000,3249.8000,3250.0000,3250.8000,3251.8000,1,1,1,8,2,2,1,4,1,1
SF,IH2103,2020-10-12 09:35:37.300,3248.0000,7493,-1,186685680.000,1,0,1,双平,S,3247.0000,3246.4000,3246.0000,3245.0000,3243.8000,3249.6000,3249.8000,3250.0000,3250.8000,3251.8000,1,1,12,2,1,2,1,4,1,1
SF,IH2103,2020-10-12 09:35:37.800,3248.0000,7493,0,186685680.000,0,-,-,-,-,3247.2000,3247.0000,3246.4000,3246.0000,3245.0000,3249.6000,3249.8000,3250.0000,3250.8000,3251.8000,1,1,1,12,2,2,1,4,1,1
SF,IH2103,2020-10-12 09:35:38.300,3248.0000,7493,0,186685680.000,0,-,-,-,-,3247.2000,3247.0000,3246.4000,3246.0000,3245.0000,3249.6000,3249.8000,3250.0000,3250.8000,3251.8000,1,1,1,12,2,2,1,4,1,1
SF,IH2103,2020-10-12 09:35:38.800,3248.0000,7493,0,186685680.000,0,-,-,-,-,3247.2000,3247.0000,3246.4000,3246.0000,3245.0000,3249.0000,3249.2000,3249.4000,3249.6000,3249.8000,1,1,1,12,2,1,1,2,2,1
SF,IH2103,2020-10-12 09:35:39.300,3248.0000,7493,0,186685680.000,0,-,-,-,-,3247.2000,3247.0000,3246.4000,3246.0000,3245.0000,3248.8000,3249.0000,3249.2000,3249.8000,3250.0000,1,1,1,12,2,2,1,1,1,4
SF,IH2103,2020-10-12 09:35:39.800,3248.0000,7493,0,186685680.000,0,-,-,-,-,3247.2000,3247.0000,3246.4000,3246.0000,3245.0000,3248.8000,3249.0000,3249.8000,3250.0000,3250.8000,1,1,1,12,2,2,1,1,4,1
SF,IH2103,2020-10-12 09:35:42.800,3248.0000,7493,0,186685680.000,0,-,-,-,-,3247.4000,3247.2000,3247.0000,3246.4000,3246.0000,3248.8000,3249.8000,3250.0000,3250.8000,3251.8000,1,1,1,1,12,2,1,4,1,1
SF,IH2103,2020-10-12 09:35:43.300,3248.8000,7493,0,187660320.000,1,0,1,多换,S,3247.6000,3247.4000,3247.0000,3246.4000,3246.0000,3249.8000,3250.0000,3250.8000,3251.8000,3257.0000,2,1,1,1,12,1,4,1,1,1
SF,IH2103,2020-10-12 09:35:43.800,3248.8000,7493,0,187660320.000,0,-,-,-,-,3247.8000,3247.6000,3247.4000,3247.0000,3246.4000,3249.6000,3249.8000,3250.0000,3250.8000,3253.8000,1,2,1,1,1,1,1,4,1,1
SF,IH2103,2020-10-12 09:35:44.300,3248.8000,7493,0,187660320.000,0,-,-,-,-,3247.8000,3247.6000,3247.4000,3247.0000,3246.4000,3249.6000,3249.8000,3250.0000,3250.8000,3253.8000,1,1,1,1,1,1,1,4,1,1
SF,IH2103,2020-10-12 09:35:44.800,3248.8000,7493,0,187660320.000,0,-,-,-,-,3248.0000,3247.8000,3247.4000,3247.0000,3246.4000,3249.6000,3249.8000,3250.0000,3250.8000,3253.8000,1,1,1,1,1,1,1,4,1,1
SF,IH2103,2020-10-12 09:35:46.300,3248.8000,7493,0,187660320.000,0,-,-,-,-,3248.0000,3247.8000,3247.4000,3247.0000,3246.4000,3249.6000,3249.8000,3250.0000,3250.8000,3253.8000,1,1,1,1,1,1,2,4,1,1
SF,IH2103,2020-10-12 09:35:46.800,3248.8000,7493,0,187660320.000,0,-,-,-,-,3248.0000,3247.8000,3247.4000,3247.0000,3246.4000,3249.6000,3249.8000,3250.0000,3250.8000,3253.8000,1,1,1,1,1,1,2,4,1,1
SF,IH2103,2020-10-12 09:35:47.800,3248.8000,7493,0,187660320.000,0,-,-,-,-,3248.0000,3247.8000,3247.4000,3247.0000,3246.4000,3249.6000,3249.8000,3250.0000,3250.8000,3253.8000,1,1,1,1,1,1,2,4,1,1
SF,IH2103,2020-10-12 09:35:50.300,3248.8000,7493,0,187660320.000,0,-,-,-,-,3248.0000,3247.8000,3247.4000,3247.0000,3246.4000,3249.6000,3249.8000,3250.0000,3250.8000,3253.8000,1,1,1,1,1,2,2,4,1,1
SF,IH2103,2020-10-12 09:35:52.800,3248.8000,7493,0,187660320.000,0,-,-,-,-,3248.0000,3247.8000,3247.4000,3247.0000,3246.4000,3249.6000,3249.8000,3250.0000,3250.8000,3253.8000,1,1,1,1,1,2,2,4,1,1
SF,IH2103,2020-10-12 09:35:53.800,3248.8000,7493,0,187660320.000,0,-,-,-,-,3248.0000,3247.8000,3247.4000,3247.0000,3246.4000,3249.6000,3249.8000,3250.0000,3250.8000,3251.6000,1,1,1,1,1,2,1,4,1,1
SF,IH2103,2020-10-12 09:35:54.300,3248.8000,7493,0,187660320.000,0,-,-,-,-,3248.0000,3247.8000,3247.4000,3247.0000,3246.4000,3249.6000,3249.8000,3250.0000,3250.8000,3253.8000,1,1,1,1,1,2,1,4,1,1
SF,IH2103,2020-10-12 09:35:54.800,3248.8000,7493,0,187660320.000,0,-,-,-,-,3248.0000,3247.8000,3247.4000,3247.0000,3246.4000,3249.6000,3249.8000,3250.0000,3250.8000,3253.8000,1,1,1,1,1,2,1,5,1,1
SF,IH2103,2020-10-12 09:35:57.300,3248.8000,7493,0,187660320.000,0,-,-,-,-,3248.0000,3247.8000,3247.4000,3247.0000,3246.4000,3249.6000,3249.8000,3250.0000,3250.8000,3251.2000,1,1,1,1,1,2,1,5,1,1
SF,IH2103,2020-10-12 09:35:57.800,3248.8000,7493,0,187660320.000,0,-,-,-,-,3248.0000,3247.8000,3247.4000,3247.0000,3246.4000,3249.6000,3249.8000,3250.0000,3250.8000,3251.2000,1,1,1,1,1,2,1,5,1,1
SF,IH2103,2020-10-12 09:35:58.800,3248.8000,7493,0,187660320.000,0,-,-,-,-,3248.2000,3248.0000,3247.8000,3247.4000,3247.0000,3249.6000,3249.8000,3250.0000,3250.8000,3251.2000,1,1,1,1,1,2,1,5,1,1
SF,IH2103,2020-10-12 09:35:59.800,3248.8000,7493,0,187660320.000,0,-,-,-,-,3248.0000,3247.8000,3247.4000,3247.0000,3246.4000,3249.6000,3249.8000,3250.0000,3250.6000,3250.8000,1,1,1,1,1,1,1,5,1,1
SF,IH2103,2020-10-12 09:36:01.800,3248.8000,7493,0,187660320.000,0,-,-,-,-,3248.2000,3248.0000,3247.8000,3247.4000,3247.0000,3249.6000,3249.8000,3250.0000,3250.6000,3250.8000,2,1,1,1,1,1,1,5,1,1
SF,IH2103,2020-10-12 09:36:02.300,3249.6000,7492,-1,188635200.000,1,0,1,双平,S,3248.4000,3248.2000,3247.8000,3247.4000,3247.0000,3249.8000,3250.0000,3250.6000,3250.8000,3251.2000,1,3,1,1,1,1,5,1,1,1
SF,IH2103,2020-10-12 09:36:02.800,3249.6000,7492,0,188635200.000,0,-,-,-,-,3248.6000,3248.4000,3248.2000,3247.8000,3247.4000,3249.8000,3250.0000,3250.6000,3250.8000,3251.2000,1,1,3,1,1,1,5,1,1,1
SF,IH2103,2020-10-12 09:36:03.300,3249.6000,7492,0,188635200.000,0,-,-,-,-,3248.8000,3248.6000,3248.2000,3247.8000,3247.4000,3249.8000,3250.0000,3250.6000,3250.8000,3251.2000,1,1,3,1,1,1,5,1,1,1
SF,IH2103,2020-10-12 09:36:03.800,3249.6000,7492,0,188635200.000,0,-,-,-,-,3248.8000,3248.6000,3248.2000,3247.8000,3247.4000,3249.8000,3250.0000,3250.6000,3250.8000,3251.2000,1,1,3,1,1,1,5,1,1,1
SF,IH2103,2020-10-12 09:36:04.300,3249.6000,7492,0,188635200.000,0,-,-,-,-,3249.0000,3248.8000,3248.6000,3248.2000,3247.8000,3249.8000,3250.0000,3250.6000,3250.8000,3251.2000,1,1,1,3,1,1,5,1,1,1
