市场代码,合约代码,时间,最新,持仓,增仓,成交额,成交量,开仓,平仓,成交类型,方向,买一价,买二价,买三价,买四价,买五价,卖一价,卖二价,卖三价,卖四价,卖五价,买一量,买二量,买三量,买四量,买五量,卖一量,卖二量,卖三量,卖四量,卖五量
SF,IH2103,2020-09-17 09:29:00.200,3209.4000,5662,0,0.000,0.000,-,-,-,-,3201.0000,3200.2000,3199.8000,3197.2000,3194.4000,3203.0000,3209.8000,3212.0000,3214.2000,3218.2000,1,1,4,1,1,1,1,1,1,1
SF,IH2103,2020-09-17 09:30:00.200,3209.4000,5662,0,0.000,0,-,-,-,-,3201.0000,3197.2000,3194.4000,3194.2000,3188.0000,3203.0000,3208.6000,3209.8000,3212.0000,3215.0000,1,1,1,1,1,1,1,1,1,1
SF,IH2103,2020-09-17 09:30:00.700,3209.4000,5662,0,0.000,0,-,-,-,-,3201.0000,3198.0000,3197.2000,3194.2000,3188.0000,3203.0000,3208.6000,3209.8000,3212.0000,3215.0000,1,1,1,1,1,1,1,1,1,1
SF,IH2103,2020-09-17 09:30:01.200,3203.0000,5662,0,960900.000,1,0,1,多换,S,3201.2000,3201.0000,3198.0000,3197.2000,3194.2000,3203.0000,3208.6000,3209.8000,3212.0000,3215.0000,1,1,1,1,1,1,1,1,1,1
SF,IH2103,2020-09-17 09:30:01.700,3203.0000,5662,0,960900.000,0,-,-,-,-,3201.2000,3201.0000,3198.0000,3194.2000,3188.0000,3203.0000,3208.6000,3209.8000,3212.0000,3215.0000,1,1,1,1,1,1,1,1,1,1
SF,IH2103,2020-09-17 09:30:02.200,3203.0000,5663,1,2882700.000,2,1,1,空开,S,3201.2000,3201.0000,3198.0000,3194.2000,3188.0000,3208.6000,3209.8000,3212.0000,3215.0000,3236.0000,1,1,1,1,1,1,1,1,1,2
SF,IH2103,2020-09-17 09:30:02.700,3205.8000,5664,1,3844440.000,1,1,0,双开,S,3201.2000,3201.0000,3198.0000,3194.2000,3188.0000,3208.6000,3209.8000,3212.0000,3215.0000,3236.0000,1,1,1,1,1,1,1,1,1,2
SF,IH2103,2020-09-17 09:30:03.200,3205.8000,5664,0,3844440.000,0,-,-,-,-,3201.2000,3201.0000,3198.0000,3194.2000,3188.0000,3208.4000,3208.6000,3209.8000,3212.0000,3215.0000,1,1,1,1,1,1,1,1,1,1
SF,IH2103,2020-09-17 09:30:03.700,3205.8000,5664,0,3844440.000,0,-,-,-,-,3201.2000,3201.0000,3198.0000,3194.2000,3188.0000,3205.0000,3205.8000,3206.6000,3208.4000,3209.8000,1,1,1,1,1,1,3,1,1,1
SF,IH2103,2020-09-17 09:30:04.200,3205.8000,5664,0,3844440.000,0,-,-,-,-,3201.2000,3201.0000,3198.0000,3194.2000,3188.0000,3205.0000,3205.8000,3208.4000,3209.8000,3212.0000,1,1,1,1,1,1,1,1,1,1
SF,IH2103,2020-09-17 09:30:04.700,3205.8000,5664,0,3844440.000,0,-,-,-,-,3203.2000,3201.2000,3201.0000,3198.0000,3194.2000,3205.0000,3208.4000,3209.8000,3212.0000,3215.0000,1,1,1,1,1,1,1,1,1,1
SF,IH2103,2020-09-17 09:30:05.200,3205.8000,5664,0,3844440.000,0,-,-,-,-,3201.2000,3201.0000,3198.0000,3194.2000,3188.0000,3208.4000,3209.8000,3212.0000,3215.0000,3236.0000,1,1,1,1,1,1,1,1,1,2
SF,IH2103,2020-09-17 09:30:05.700,3205.8000,5664,0,3844440.000,0,-,-,-,-,3201.2000,3201.0000,3200.0000,3198.0000,3194.2000,3207.2000,3207.6000,3208.4000,3209.8000,3212.0000,1,1,1,1,1,1,3,1,1,1
SF,IH2103,2020-09-17 09:30:06.200,3205.8000,5664,0,3844440.000,0,-,-,-,-,3201.2000,3201.0000,3200.0000,3198.0000,3194.2000,3207.2000,3207.6000,3208.0000,3209.8000,3212.0000,1,1,1,1,1,1,1,1,1,1
SF,IH2103,2020-09-17 09:30:06.700,3205.8000,5664,0,3844440.000,0,-,-,-,-,3203.2000,3201.2000,3201.0000,3200.0000,3198.0000,3207.2000,3207.6000,3208.0000,3209.8000,3212.0000,1,1,1,1,1,1,1,1,1,1
SF,IH2103,2020-09-17 09:30:07.200,3205.8000,5664,0,3844440.000,0,-,-,-,-,3203.4000,3203.2000,3201.0000,3200.0000,3198.0000,3207.2000,3208.0000,3209.8000,3212.0000,3215.0000,1,1,1,1,1,1,1,1,1,1
SF,IH2103,2020-09-17 09:30:07.700,3205.8000,5664,0,3844440.000,0,-,-,-,-,3203.4000,3203.2000,3201.0000,3200.0000,3198.0000,3207.2000,3209.8000,3212.0000,3215.0000,3236.0000,1,1,1,1,1,1,1,1,1,2
SF,IH2103,2020-09-17 09:30:09.700,3205.8000,5664,0,3844440.000,0,-,-,-,-,3203.4000,3203.2000,3201.0000,3200.0000,3198.0000,3207.2000,3209.8000,3212.0000,3215.0000,3236.0000,1,1,1,1,1,1,1,1,1,2
SF,IH2103,2020-09-17 09:30:10.200,3205.8000,5664,0,3844440.000,0,-,-,-,-,3203.4000,3203.2000,3201.0000,3200.0000,3198.0000,3209.8000,3212.0000,3215.0000,3236.0000,3238.4000,1,1,1,1,1,1,1,1,2,1
SF,IH2103,2020-09-17 09:30:10.700,3205.8000,5664,0,3844440.000,0,-,-,-,-,3203.6000,3203.4000,3203.2000,3201.0000,3200.0000,3209.8000,3211.0000,3212.0000,3215.0000,3236.0000,3,1,1,1,1,1,1,1,1,2
SF,IH2103,2020-09-17 09:30:11.200,3205.8000,5664,0,3844440.000,0,-,-,-,-,3203.8000,3203.6000,3203.2000,3201.0000,3200.0000,3208.2000,3209.8000,3211.0000,3212.0000,3215.0000,1,3,1,1,1,1,1,1,1,1
SF,IH2103,2020-09-17 09:30:11.700,3205.8000,5664,0,3844440.000,0,-,-,-,-,3203.8000,3203.2000,3201.0000,3200.0000,3198.0000,3208.0000,3208.2000,3209.8000,3211.0000,3212.0000,1,1,1,1,1,1,1,1,1,1
SF,IH2103,2020-09-17 09:30:13.200,3205.8000,5664,0,3844440.000,0,-,-,-,-,3204.2000,3203.8000,3203.2000,3201.0000,3200.0000,3208.0000,3208.2000,3209.8000,3211.0000,3212.0000,3,1,1,1,1,1,1,1,1,1
SF,IH2103,2020-09-17 09:30:13.700,3205.8000,5664,0,3844440.000,0,-,-,-,-,3204.4000,3204.2000,3203.2000,3201.0000,3200.0000,3207.8000,3208.0000,3208.2000,3209.8000,3212.0000,1,3,1,1,1,1,1,1,1,1
SF,IH2103,2020-09-17 09:30:14.200,3205.8000,5664,0,3844440.000,0,-,-,-,-,3204.4000,3203.2000,3201.0000,3200.0000,3198.0000,3207.8000,3208.0000,3208.2000,3209.8000,3212.0000,1,1,1,1,1,1,1,1,1,1
SF,IH2103,2020-09-17 09:30:14.700,3205.8000,5664,0,3844440.000,0,-,-,-,-,3204.4000,3203.2000,3201.0000,3200.0000,3198.0000,3207.6000,3207.8000,3208.0000,3208.2000,3209.8000,1,1,1,1,1,1,1,1,1,1
SF,IH2103,2020-09-17 09:30:15.200,3205.8000,5664,0,3844440.000,0,-,-,-,-,3204.4000,3203.2000,3201.0000,3200.0000,3198.0000,3207.6000,3207.8000,3208.0000,3208.2000,3209.8000,1,1,1,1,1,1,1,1,1,1
SF,IH2103,2020-09-17 09:30:17.200,3205.8000,5664,0,3844440.000,0,-,-,-,-,3204.4000,3203.2000,3201.0000,3200.0000,3198.0000,3207.2000,3207.6000,3208.0000,3208.2000,3209.8000,1,1,1,1,1,1,2,1,1,1
SF,IH2103,2020-09-17 09:30:17.700,3204.4000,5663,-1,4805760.000,1,0,1,双平,S,3203.2000,3201.0000,3200.0000,3198.0000,3194.2000,3207.0000,3207.2000,3207.6000,3208.0000,3208.2000,1,1,1,1,1,1,1,2,1,1
SF,IH2103,2020-09-17 09:30:18.200,3204.4000,5663,0,4805760.000,0,-,-,-,-,3201.0000,3200.0000,3198.0000,3194.2000,3188.0000,3207.0000,3207.2000,3207.6000,3208.0000,3208.2000,1,1,1,1,1,1,1,2,1,1
SF,IH2103,2020-09-17 09:30:18.700,3204.4000,5663,0,4805760.000,0,-,-,-,-,3201.0000,3200.0000,3198.0000,3194.2000,3188.0000,3207.0000,3207.2000,3207.6000,3208.0000,3208.2000,1,1,1,1,1,1,1,1,1,1
SF,IH2103,2020-09-17 09:30:19.200,3204.4000,5663,0,4805760.000,0,-,-,-,-,3201.0000,3200.0000,3198.0000,3194.2000,3188.0000,3205.6000,3206.4000,3207.0000,3207.4000,3207.6000,1,1,1,1,1,1,1,1,1,1
SF,IH2103,2020-09-17 09:30:19.700,3204.4000,5663,0,4805760.000,0,-,-,-,-,3201.0000,3200.0000,3198.0000,3197.0000,3194.2000,3205.4000,3205.6000,3206.4000,3207.4000,3207.6000,1,1,1,1,1,1,1,1,1,1
SF,IH2103,2020-09-17 09:30:20.200,3204.4000,5663,0,4805760.000,0,-,-,-,-,3201.0000,3200.0000,3198.0000,3197.0000,3194.2000,3205.2000,3205.4000,3205.6000,3207.4000,3207.6000,1,1,1,1,1,1,1,1,1,1
SF,IH2103,2020-09-17 09:30:20.700,3204.4000,5663,0,4805760.000,0,-,-,-,-,3201.2000,3201.0000,3200.0000,3198.0000,3197.0000,3205.0000,3205.2000,3205.6000,3207.4000,3207.6000,3,1,1,1,1,1,1,1,1,1
SF,IH2103,2020-09-17 09:30:21.200,3204.4000,5663,0,4805760.000,0,-,-,-,-,3201.0000,3200.0000,3198.0000,3197.0000,3194.2000,3204.4000,3204.8000,3205.0000,3205.2000,3205.6000,1,1,1,1,1,3,1,1,1,1
SF,IH2103,2020-09-17 09:30:21.700,3204.4000,5663,0,4805760.000,0,-,-,-,-,3201.0000,3200.0000,3198.0000,3197.0000,3194.2000,3204.2000,3204.4000,3205.2000,3207.4000,3209.8000,1,1,1,1,1,1,1,1,1,1
SF,IH2103,2020-09-17 09:30:22.200,3204.4000,5663,0,4805760.000,0,-,-,-,-,3201.0000,3200.0000,3198.0000,3197.0000,3194.2000,3204.2000,3204.4000,3205.2000,3207.4000,3209.8000,1,1,1,1,1,2,1,1,1,1
SF,IH2103,2020-09-17 09:30:22.700,3204.4000,5663,0,4805760.000,0,-,-,-,-,3201.0000,3200.0000,3198.0000,3197.0000,3196.0000,3203.6000,3204.2000,3204.4000,3207.4000,3209.8000,1,1,1,1,1,1,2,1,1,1
SF,IH2103,2020-09-17 09:30:23.200,3204.4000,5663,0,4805760.000,0,-,-,-,-,3201.0000,3200.0000,3198.0000,3197.0000,3196.0000,3203.4000,3203.6000,3204.2000,3204.4000,3209.8000,1,1,1,1,1,1,1,1,1,1
SF,IH2103,2020-09-17 09:30:23.700,3204.4000,5663,0,4805760.000,0,-,-,-,-,3201.0000,3200.0000,3198.0000,3197.0000,3196.0000,3203.4000,3204.2000,3204.4000,3209.8000,3212.0000,1,1,1,1,1,1,1,1,1,1
SF,IH2103,2020-09-17 09:30:24.200,3204.4000,5663,0,4805760.000,0,-,-,-,-,3201.2000,3201.0000,3200.0000,3198.0000,3197.0000,3203.4000,3204.2000,3209.8000,3212.0000,3215.0000,3,1,1,1,1,1,1,1,1,1
SF,IH2103,2020-09-17 09:30:25.200,3204.4000,5663,0,4805760.000,0,-,-,-,-,3201.0000,3200.0000,3198.0000,3197.0000,3196.0000,3203.4000,3204.2000,3209.8000,3212.0000,3215.0000,1,1,1,1,1,1,1,1,1,1
SF,IH2103,2020-09-17 09:30:27.700,3203.4000,5663,0,5766780.000,1,0,1,多换,S,3201.2000,3201.0000,3200.0000,3198.0000,3197.0000,3204.2000,3209.8000,3212.0000,3215.0000,3236.0000,1,2,1,1,1,1,1,1,1,2
SF,IH2103,2020-09-17 09:30:30.200,3203.4000,5663,0,5766780.000,0,-,-,-,-,3201.2000,3201.0000,3200.0000,3198.0000,3197.0000,3204.0000,3204.2000,3205.4000,3209.8000,3212.0000,1,2,1,1,1,1,1,2,1,1
SF,IH2103,2020-09-17 09:30:30.700,3203.4000,5663,0,5766780.000,0,-,-,-,-,3201.2000,3201.0000,3200.0000,3198.0000,3197.0000,3203.2000,3204.0000,3205.4000,3209.8000,3212.0000,1,2,1,1,1,1,1,2,1,1
SF,IH2103,2020-09-17 09:30:31.200,3203.4000,5663,0,5766780.000,0,-,-,-,-,3201.2000,3201.0000,3200.0000,3198.0000,3197.0000,3203.2000,3204.0000,3205.4000,3209.8000,3212.0000,1,2,1,1,1,1,2,2,1,1
SF,IH2103,2020-09-17 09:30:32.200,3203.4000,5663,0,5766780.000,0,-,-,-,-,3201.2000,3201.0000,3200.0000,3198.0000,3197.0000,3203.0000,3203.2000,3204.0000,3209.8000,3212.0000,1,2,1,1,1,1,1,2,1,1
SF,IH2103,2020-09-17 09:30:34.200,3203.4000,5663,0,5766780.000,0,-,-,-,-,3201.2000,3201.0000,3200.0000,3198.0000,3197.0000,3203.0000,3204.0000,3209.8000,3212.0000,3215.0000,1,2,1,1,1,1,2,1,1,1
SF,IH2103,2020-09-17 09:30:35.200,3203.0000,5662,-1,6727680.000,1,0,1,双平,S,3201.2000,3201.0000,3200.0000,3198.0000,3197.0000,3204.0000,3209.8000,3212.0000,3215.0000,3236.0000,1,2,1,1,1,1,1,1,1,2
SF,IH2103,2020-09-17 09:30:35.700,3203.0000,5662,0,6727680.000,0,-,-,-,-,3201.2000,3201.0000,3200.0000,3198.0000,3197.0000,3204.0000,3209.8000,3212.0000,3215.0000,3236.0000,1,2,1,1,1,1,1,1,1,2
SF,IH2103,2020-09-17 09:30:36.200,3203.0000,5662,0,6727680.000,0,-,-,-,-,3201.2000,3201.0000,3200.0000,3198.0000,3197.0000,3203.4000,3203.6000,3204.0000,3209.8000,3212.0000,1,2,1,1,1,1,2,1,1,1
SF,IH2103,2020-09-17 09:30:36.700,3203.4000,5661,-1,7688700.000,1,0,1,双平,S,3201.2000,3201.0000,3200.0000,3198.0000,3197.0000,3203.6000,3204.0000,3209.8000,3212.0000,3215.0000,1,2,1,1,1,2,1,1,1,1
SF,IH2103,2020-09-17 09:30:37.200,3203.4000,5661,0,7688700.000,0,-,-,-,-,3201.2000,3201.0000,3200.0000,3198.0000,3197.0000,3203.6000,3204.0000,3209.8000,3212.0000,3215.0000,1,2,1,1,1,2,1,1,1,1
SF,IH2103,2020-09-17 09:30:37.700,3203.4000,5661,0,7688700.000,0,-,-,-,-,3201.2000,3201.0000,3200.0000,3198.0000,3197.0000,3203.2000,3203.6000,3209.8000,3212.0000,3215.0000,1,2,1,1,1,1,2,1,1,1
SF,IH2103,2020-09-17 09:30:38.200,3203.4000,5661,0,7688700.000,0,-,-,-,-,3201.2000,3201.0000,3200.0000,3198.0000,3197.0000,3203.2000,3209.8000,3212.0000,3215.0000,3236.0000,1,2,1,1,1,1,1,1,1,2
SF,IH2103,2020-09-17 09:30:38.700,3203.4000,5661,0,7688700.000,0,-,-,-,-,3201.2000,3201.0000,3200.0000,3198.0000,3197.0000,3203.2000,3209.8000,3212.0000,3215.0000,3236.0000,1,2,1,1,1,1,1,1,1,2
SF,IH2103,2020-09-17 09:30:39.200,3203.4000,5661,0,7688700.000,0,-,-,-,-,3201.2000,3201.0000,3200.0000,3198.0000,3197.0000,3203.2000,3209.8000,3212.0000,3215.0000,3236.0000,1,2,1,1,1,1,1,1,1,2
SF,IH2103,2020-09-17 09:30:39.700,3203.4000,5661,0,7688700.000,0,-,-,-,-,3201.4000,3201.2000,3201.0000,3200.0000,3198.0000,3203.2000,3209.8000,3212.0000,3215.0000,3236.0000,4,1,2,1,1,1,1,1,1,2
SF,IH2103,2020-09-17 09:30:40.200,3203.4000,5661,0,7688700.000,0,-,-,-,-,3201.2000,3201.0000,3200.0000,3198.0000,3197.0000,3203.2000,3209.8000,3212.0000,3215.0000,3236.0000,1,2,1,1,1,1,1,1,1,2
SF,IH2103,2020-09-17 09:30:40.700,3203.4000,5661,0,7688700.000,0,-,-,-,-,3201.2000,3201.0000,3200.0000,3198.0000,3197.0000,3203.2000,3209.8000,3212.0000,3215.0000,3236.0000,1,2,1,1,1,1,1,1,1,2
SF,IH2103,2020-09-17 09:30:41.200,3203.4000,5661,0,7688700.000,0,-,-,-,-,3201.2000,3201.0000,3200.0000,3198.0000,3197.0000,3203.2000,3209.8000,3212.0000,3215.0000,3236.0000,1,2,1,1,1,1,1,1,1,2
SF,IH2103,2020-09-17 09:30:41.700,3203.4000,5661,0,7688700.000,0,-,-,-,-,3201.2000,3201.0000,3200.0000,3198.0000,3197.0000,3203.2000,3209.8000,3212.0000,3215.0000,3236.0000,1,2,1,1,1,1,1,1,1,2
SF,IH2103,2020-09-17 09:30:42.200,3203.4000,5661,0,7688700.000,0,-,-,-,-,3201.2000,3201.0000,3200.0000,3198.0000,3197.0000,3203.2000,3209.8000,3212.0000,3215.0000,3236.0000,1,2,1,1,1,1,1,1,1,2
SF,IH2103,2020-09-17 09:30:42.700,3203.4000,5661,0,7688700.000,0,-,-,-,-,3201.2000,3201.0000,3200.0000,3198.0000,3197.0000,3203.2000,3209.8000,3212.0000,3215.0000,3236.0000,1,2,1,1,1,1,1,1,1,2
SF,IH2103,2020-09-17 09:30:43.200,3203.4000,5661,0,7688700.000,0,-,-,-,-,3201.2000,3201.0000,3200.0000,3198.0000,3197.0000,3203.2000,3209.8000,3212.0000,3215.0000,3236.0000,1,2,1,1,1,1,1,1,1,2
SF,IH2103,2020-09-17 09:30:43.700,3203.4000,5661,0,7688700.000,0,-,-,-,-,3201.2000,3201.0000,3200.0000,3198.0000,3197.0000,3203.2000,3209.8000,3212.0000,3215.0000,3236.0000,1,2,1,1,1,1,1,1,1,2
SF,IH2103,2020-09-17 09:30:44.200,3203.4000,5661,0,7688700.000,0,-,-,-,-,3201.2000,3201.0000,3200.0000,3198.0000,3197.0000,3202.6000,3203.2000,3209.8000,3212.0000,3215.0000,1,2,1,1,1,1,1,1,1,1
SF,IH2103,2020-09-17 09:30:44.700,3203.4000,5661,0,7688700.000,0,-,-,-,-,3201.0000,3200.0000,3198.0000,3197.0000,3196.0000,3202.6000,3203.0000,3203.2000,3209.8000,3212.0000,2,1,1,1,1,1,1,1,1,1
SF,IH2103,2020-09-17 09:30:45.200,3203.4000,5661,0,7688700.000,0,-,-,-,-,3201.0000,3200.0000,3198.0000,3197.0000,3196.0000,3202.4000,3202.6000,3203.0000,3209.8000,3212.0000,2,1,1,1,1,1,1,1,1,1
SF,IH2103,2020-09-17 09:30:46.200,3203.4000,5661,0,7688700.000,0,-,-,-,-,3201.0000,3200.0000,3198.0000,3197.0000,3196.0000,3202.4000,3209.8000,3212.0000,3215.0000,3236.0000,2,1,1,1,1,1,1,1,1,2
SF,IH2103,2020-09-17 09:30:46.700,3203.4000,5661,0,7688700.000,0,-,-,-,-,3201.0000,3200.0000,3198.0000,3197.0000,3196.0000,3202.4000,3209.8000,3212.0000,3215.0000,3236.0000,2,1,1,1,1,1,1,1,1,2
SF,IH2103,2020-09-17 09:30:47.200,3203.4000,5661,0,7688700.000,0,-,-,-,-,3201.0000,3200.0000,3198.0000,3197.0000,3196.0000,3202.2000,3202.4000,3209.8000,3212.0000,3215.0000,2,1,1,1,1,1,1,1,1,1
SF,IH2103,2020-09-17 09:30:47.700,3203.4000,5661,0,7688700.000,0,-,-,-,-,3201.0000,3200.0000,3198.0000,3197.0000,3196.0000,3202.2000,3202.4000,3209.8000,3212.0000,3215.0000,2,1,1,1,1,1,1,1,1,1
SF,IH2103,2020-09-17 09:30:48.200,3203.4000,5661,0,7688700.000,0,-,-,-,-,3201.0000,3200.0000,3198.0000,3197.0000,3196.0000,3202.2000,3202.4000,3209.8000,3212.0000,3215.0000,2,1,1,1,1,1,1,1,1,1
SF,IH2103,2020-09-17 09:30:48.700,3203.4000,5661,0,7688700.000,0,-,-,-,-,3201.0000,3200.0000,3198.0000,3197.0000,3196.0000,3202.2000,3202.4000,3209.8000,3212.0000,3215.0000,2,1,1,1,1,1,1,1,1,1
SF,IH2103,2020-09-17 09:30:49.200,3201.2000,5660,-1,8649060.000,1,0,1,双平,S,3201.0000,3200.0000,3198.0000,3197.0000,3196.0000,3202.2000,3209.8000,3212.0000,3215.0000,3236.0000,2,1,1,1,1,1,1,1,1,2
SF,IH2103,2020-09-17 09:30:49.700,3202.2000,5659,-1,9609720.000,1,0,1,双平,S,3201.0000,3200.0000,3198.0000,3197.0000,3196.0000,3209.8000,3212.0000,3215.0000,3236.0000,3238.4000,2,1,1,1,1,1,1,1,2,1
SF,IH2103,2020-09-17 09:30:50.200,3202.2000,5659,0,9609720.000,0,-,-,-,-,3201.2000,3201.0000,3200.0000,3198.0000,3197.0000,3201.6000,3209.2000,3209.8000,3212.0000,3236.0000,1,2,1,1,1,1,4,1,1,2
SF,IH2103,2020-09-17 09:30:50.700,3201.6000,5657,-2,11530680.000,2,0,2,双平,S,3201.0000,3200.0000,3198.0000,3197.0000,3196.0000,3204.2000,3209.2000,3209.6000,3209.8000,3212.0000,2,1,1,1,1,1,4,1,1,1
SF,IH2103,2020-09-17 09:30:51.200,3201.6000,5657,0,11530680.000,0,-,-,-,-,3201.2000,3201.0000,3200.0000,3198.0000,3197.0000,3203.2000,3204.2000,3205.0000,3209.2000,3209.6000,1,2,1,1,1,1,1,1,4,1
SF,IH2103,2020-09-17 09:30:51.700,3201.6000,5657,0,11530680.000,0,-,-,-,-,3201.2000,3201.0000,3200.0000,3198.0000,3197.0000,3202.8000,3203.2000,3204.2000,3205.0000,3209.2000,1,2,1,1,1,1,1,1,1,4
SF,IH2103,2020-09-17 09:30:52.200,3201.6000,5657,0,11530680.000,0,-,-,-,-,3201.2000,3201.0000,3200.0000,3198.0000,3197.0000,3202.8000,3203.2000,3204.2000,3205.0000,3205.6000,1,2,1,1,1,1,1,1,1,2
SF,IH2103,2020-09-17 09:30:52.700,3201.6000,5657,0,11530680.000,0,-,-,-,-,3201.2000,3201.0000,3200.0000,3198.0000,3197.0000,3203.2000,3204.2000,3205.0000,3205.6000,3206.6000,1,2,1,1,1,1,1,1,2,1
SF,IH2103,2020-09-17 09:30:53.200,3201.6000,5657,0,11530680.000,0,-,-,-,-,3201.2000,3201.0000,3200.0000,3198.0000,3197.0000,3202.4000,3202.8000,3205.0000,3205.6000,3206.6000,1,2,1,1,1,2,1,1,2,1
SF,IH2103,2020-09-17 09:30:53.700,3201.6000,5657,0,11530680.000,0,-,-,-,-,3201.0000,3200.0000,3198.0000,3197.0000,3196.0000,3205.0000,3205.6000,3206.6000,3209.2000,3209.6000,2,1,1,1,1,1,2,1,4,1
SF,IH2103,2020-09-17 09:30:54.200,3201.6000,5657,0,11530680.000,0,-,-,-,-,3201.2000,3201.0000,3200.0000,3198.0000,3197.0000,3205.0000,3205.6000,3206.6000,3209.2000,3209.6000,1,2,1,1,1,1,2,1,4,1
SF,IH2103,2020-09-17 09:30:54.700,3201.6000,5657,0,11530680.000,0,-,-,-,-,3201.2000,3201.0000,3200.0000,3198.0000,3197.0000,3203.0000,3203.4000,3203.8000,3205.0000,3205.6000,1,3,1,1,1,2,1,2,1,2
SF,IH2103,2020-09-17 09:30:55.200,3201.6000,5657,0,11530680.000,0,-,-,-,-,3201.2000,3201.0000,3200.0000,3198.0000,3197.0000,3203.0000,3203.4000,3203.8000,3204.4000,3205.0000,1,3,1,1,1,2,1,2,1,1
SF,IH2103,2020-09-17 09:30:55.700,3201.6000,5657,0,11530680.000,0,-,-,-,-,3201.2000,3201.0000,3200.0000,3198.0000,3197.0000,3203.8000,3204.4000,3205.0000,3205.6000,3206.6000,1,3,1,1,1,1,1,1,2,1
SF,IH2103,2020-09-17 09:30:57.200,3201.6000,5657,0,11530680.000,0,-,-,-,-,3201.2000,3201.0000,3200.0000,3198.0000,3197.0000,3203.6000,3203.8000,3205.0000,3206.6000,3209.2000,1,3,1,1,1,1,1,1,1,4
SF,IH2103,2020-09-17 09:30:58.200,3201.6000,5657,0,11530680.000,0,-,-,-,-,3201.2000,3201.0000,3200.0000,3198.0000,3197.0000,3203.6000,3203.8000,3205.0000,3206.6000,3209.2000,1,3,1,1,1,1,1,1,1,4
SF,IH2103,2020-09-17 09:30:59.200,3203.6000,5657,0,12491760.000,1,0,1,多换,S,3201.2000,3201.0000,3200.0000,3198.0000,3197.0000,3203.8000,3205.0000,3206.6000,3209.2000,3209.6000,1,3,1,1,1,1,1,1,4,1
SF,IH2103,2020-09-17 09:31:00.700,3203.6000,5657,0,12491760.000,0,-,-,-,-,3201.2000,3201.0000,3200.0000,3198.0000,3197.0000,3202.8000,3203.2000,3203.6000,3203.8000,3205.0000,1,3,1,1,1,2,1,1,1,1
SF,IH2103,2020-09-17 09:31:01.200,3203.6000,5657,0,12491760.000,0,-,-,-,-,3201.4000,3201.2000,3201.0000,3200.0000,3198.0000,3203.0000,3203.6000,3203.8000,3205.0000,3209.6000,1,1,3,1,1,1,1,1,1,1
SF,IH2103,2020-09-17 09:31:01.700,3203.6000,5657,0,12491760.000,0,-,-,-,-,3201.4000,3201.2000,3201.0000,3200.0000,3198.0000,3203.0000,3203.6000,3203.8000,3209.6000,3209.8000,1,1,3,1,1,1,1,1,1,1
SF,IH2103,2020-09-17 09:31:02.200,3203.6000,5657,0,12491760.000,0,-,-,-,-,3201.4000,3201.2000,3201.0000,3200.0000,3198.0000,3202.8000,3203.0000,3203.6000,3203.8000,3209.6000,1,1,3,1,1,1,1,1,1,1
SF,IH2103,2020-09-17 09:31:02.700,3202.8000,5656,-1,13452600.000,1,0,1,双平,S,3201.4000,3201.2000,3201.0000,3200.0000,3198.0000,3203.0000,3203.6000,3203.8000,3204.8000,3209.6000,1,1,3,1,1,1,1,1,2,1
SF,IH2103,2020-09-17 09:31:03.200,3202.8000,5656,0,13452600.000,0,-,-,-,-,3201.4000,3201.2000,3201.0000,3200.0000,3198.0000,3202.6000,3203.6000,3203.8000,3204.8000,3209.6000,1,1,3,1,1,1,1,1,2,1
SF,IH2103,2020-09-17 09:31:03.700,3202.8000,5656,0,13452600.000,0,-,-,-,-,3201.4000,3201.0000,3200.0000,3198.0000,3197.0000,3202.6000,3203.6000,3203.8000,3204.8000,3209.6000,1,3,1,1,1,1,1,1,2,1
SF,IH2103,2020-09-17 09:31:04.200,3202.8000,5656,0,13452600.000,0,-,-,-,-,3201.4000,3201.0000,3200.0000,3198.0000,3197.0000,3202.6000,3204.8000,3209.6000,3209.8000,3212.0000,1,3,1,1,1,1,2,1,1,1
SF,IH2103,2020-09-17 09:31:04.700,3202.6000,5655,-1,14413380.000,1,0,1,双平,S,3201.4000,3201.0000,3200.0000,3198.0000,3197.0000,3203.4000,3204.8000,3209.6000,3209.8000,3212.0000,1,3,1,1,1,1,2,1,1,1
SF,IH2103,2020-09-17 09:31:05.200,3202.6000,5655,0,14413380.000,0,-,-,-,-,3201.6000,3201.4000,3201.0000,3200.0000,3198.0000,3203.4000,3204.8000,3209.6000,3209.8000,3212.0000,1,1,3,1,1,1,2,1,1,1
SF,IH2103,2020-09-17 09:31:05.700,3202.6000,5655,0,14413380.000,0,-,-,-,-,3201.6000,3201.0000,3200.0000,3198.0000,3197.0000,3203.2000,3209.6000,3209.8000,3212.0000,3236.0000,1,3,1,1,1,2,1,1,1,2
SF,IH2103,2020-09-17 09:31:06.200,3203.2000,5653,-2,16335300.000,2,0,2,双平,S,3203.2000,3201.8000,3201.6000,3201.0000,3200.0000,3209.6000,3209.8000,3212.0000,3236.0000,3239.0000,1,1,1,3,1,1,1,1,2,1
SF,IH2103,2020-09-17 09:31:06.700,3203.2000,5653,0,16335300.000,0,-,-,-,-,3203.4000,3203.2000,3201.0000,3200.0000,3198.0000,3204.0000,3204.4000,3204.8000,3207.6000,3209.2000,1,1,3,1,1,2,1,1,3,4
SF,IH2103,2020-09-17 09:31:07.200,3203.4000,5652,-1,17296320.000,1,0,1,双平,S,3201.0000,3200.0000,3198.0000,3197.0000,3196.0000,3203.8000,3204.0000,3204.4000,3204.8000,3205.0000,3,1,1,1,1,1,2,1,1,1
SF,IH2103,2020-09-17 09:31:07.700,3203.4000,5652,0,17296320.000,0,-,-,-,-,3201.2000,3201.0000,3200.0000,3198.0000,3197.0000,3203.0000,3203.2000,3203.4000,3203.8000,3204.4000,2,3,1,1,1,2,1,1,1,1
SF,IH2103,2020-09-17 09:31:08.200,3203.4000,5652,0,17296320.000,0,-,-,-,-,3201.2000,3201.0000,3200.0000,3198.0000,3197.0000,3203.0000,3203.2000,3203.4000,3203.8000,3205.0000,2,3,1,1,1,2,3,2,1,1
SF,IH2103,2020-09-17 09:31:08.700,3203.4000,5652,0,17296320.000,0,-,-,-,-,3201.2000,3201.0000,3200.0000,3198.0000,3197.0000,3202.8000,3203.0000,3203.2000,3203.4000,3203.8000,2,3,1,1,1,1,2,3,2,1
SF,IH2103,2020-09-17 09:31:09.200,3203.4000,5652,0,17296320.000,0,-,-,-,-,3201.2000,3201.0000,3200.0000,3198.0000,3197.0000,3202.8000,3203.0000,3203.2000,3203.4000,3203.8000,2,3,1,1,1,1,2,3,2,1
SF,IH2103,2020-09-17 09:31:09.700,3203.4000,5652,0,17296320.000,0,-,-,-,-,3201.2000,3201.0000,3200.0000,3198.0000,3197.0000,3202.8000,3203.0000,3203.2000,3203.4000,3203.8000,2,3,1,1,1,1,2,1,2,1
SF,IH2103,2020-09-17 09:31:10.200,3203.4000,5652,0,17296320.000,0,-,-,-,-,3201.2000,3201.0000,3200.0000,3198.0000,3197.0000,3202.8000,3203.0000,3203.2000,3203.4000,3203.8000,1,3,1,1,1,1,2,1,1,1
SF,IH2103,2020-09-17 09:31:10.700,3203.4000,5652,0,17296320.000,0,-,-,-,-,3201.2000,3201.0000,3200.0000,3198.0000,3197.0000,3202.6000,3202.8000,3203.0000,3203.2000,3203.4000,1,3,1,1,1,3,1,2,1,1
SF,IH2103,2020-09-17 09:31:11.200,3203.4000,5652,0,17296320.000,0,-,-,-,-,3201.2000,3201.0000,3200.0000,3198.0000,3197.0000,3202.6000,3202.8000,3203.0000,3203.2000,3203.4000,1,3,1,1,1,3,1,2,1,1
SF,IH2103,2020-09-17 09:31:11.700,3203.4000,5652,0,17296320.000,0,-,-,-,-,3201.2000,3201.0000,3200.0000,3198.0000,3197.0000,3202.4000,3202.6000,3203.0000,3203.2000,3203.4000,1,3,1,1,1,1,3,2,2,1
SF,IH2103,2020-09-17 09:31:12.700,3202.4000,5651,-1,18257040.000,1,0,1,双平,S,3201.2000,3201.0000,3200.0000,3198.0000,3197.0000,3202.2000,3202.6000,3203.0000,3203.2000,3203.4000,1,3,1,1,1,3,1,2,2,1
SF,IH2103,2020-09-17 09:31:13.200,3202.4000,5651,0,18257040.000,0,-,-,-,-,3201.2000,3201.0000,3200.0000,3198.0000,3197.0000,3202.2000,3203.0000,3203.2000,3203.4000,3207.4000,1,3,1,1,1,2,2,2,1,1
SF,IH2103,2020-09-17 09:31:13.700,3202.4000,5651,0,18257040.000,0,-,-,-,-,3201.2000,3201.0000,3200.0000,3198.0000,3197.0000,3202.2000,3203.0000,3203.2000,3203.4000,3205.0000,1,3,1,1,1,2,2,1,1,1
SF,IH2103,2020-09-17 09:31:14.200,3202.4000,5651,0,18257040.000,0,-,-,-,-,3201.2000,3201.0000,3200.0000,3198.0000,3197.0000,3203.0000,3203.2000,3203.4000,3205.0000,3209.6000,1,3,1,1,1,2,1,1,1,1
SF,IH2103,2020-09-17 09:31:14.700,3202.4000,5651,0,18257040.000,0,-,-,-,-,3201.2000,3201.0000,3200.0000,3198.0000,3197.0000,3203.0000,3203.2000,3203.4000,3204.4000,3205.0000,1,3,1,1,1,2,1,1,1,1
SF,IH2103,2020-09-17 09:31:15.200,3202.4000,5651,0,18257040.000,0,-,-,-,-,3201.2000,3201.0000,3200.0000,3198.0000,3197.0000,3202.8000,3203.0000,3203.2000,3203.4000,3204.4000,1,3,1,1,1,2,2,2,1,1
SF,IH2103,2020-09-17 09:31:15.700,3202.4000,5651,0,18257040.000,0,-,-,-,-,3201.2000,3201.0000,3200.0000,3198.0000,3197.0000,3202.6000,3202.8000,3203.0000,3203.2000,3203.4000,1,3,1,1,1,2,2,2,2,1
SF,IH2103,2020-09-17 09:31:16.200,3202.4000,5651,0,18257040.000,0,-,-,-,-,3201.2000,3201.0000,3200.0000,3198.0000,3197.0000,3202.6000,3202.8000,3203.0000,3203.2000,3203.4000,1,3,1,1,1,2,2,2,2,1
SF,IH2103,2020-09-17 09:31:16.700,3202.4000,5651,0,18257040.000,0,-,-,-,-,3201.2000,3201.0000,3200.0000,3198.0000,3197.0000,3202.4000,3202.6000,3202.8000,3203.0000,3203.2000,2,3,1,1,1,1,2,2,2,2
SF,IH2103,2020-09-17 09:31:17.200,3202.4000,5651,0,18257040.000,0,-,-,-,-,3201.2000,3201.0000,3200.0000,3198.0000,3197.0000,3202.2000,3202.4000,3202.6000,3202.8000,3203.0000,2,3,1,1,1,1,1,1,2,2
SF,IH2103,2020-09-17 09:31:17.700,3201.2000,5650,-1,20177760.000,2,0,2,多平,S,3201.0000,3200.0000,3198.0000,3197.0000,3196.0000,3202.2000,3202.4000,3202.6000,3202.8000,3203.0000,3,1,1,1,1,1,1,1,2,2
SF,IH2103,2020-09-17 09:31:18.200,3201.0000,5650,0,23058660.000,3,1,2,多换,S,3200.0000,3198.0000,3197.0000,3196.0000,3194.2000,3201.0000,3201.2000,3201.8000,3202.0000,3202.2000,1,1,1,1,1,1,1,1,1,1
SF,IH2103,2020-09-17 09:31:18.700,3201.0000,5650,0,23058660.000,0,-,-,-,-,3200.0000,3198.0000,3197.0000,3196.0000,3194.2000,3200.8000,3201.0000,3201.2000,3201.8000,3202.0000,1,1,1,1,1,1,1,2,1,1
SF,IH2103,2020-09-17 09:31:19.200,3200.0000,5650,0,24018660.000,1,0,1,多换,S,3198.0000,3197.0000,3196.0000,3194.2000,3188.0000,3200.8000,3201.0000,3201.2000,3201.8000,3202.0000,1,1,1,1,1,1,1,2,1,1
SF,IH2103,2020-09-17 09:31:19.700,3200.0000,5650,0,24018660.000,0,-,-,-,-,3198.0000,3197.0000,3196.0000,3194.2000,3188.0000,3200.6000,3200.8000,3201.0000,3201.2000,3202.0000,2,1,1,1,1,1,1,1,1,1
SF,IH2103,2020-09-17 09:31:20.200,3200.0000,5650,0,24018660.000,0,-,-,-,-,3198.0000,3197.0000,3196.0000,3194.2000,3188.0000,3200.6000,3200.8000,3201.0000,3201.2000,3202.0000,2,1,1,1,1,1,1,1,1,1
SF,IH2103,2020-09-17 09:31:20.700,3200.0000,5650,0,24018660.000,0,-,-,-,-,3198.2000,3198.0000,3197.0000,3196.0000,3194.2000,3200.4000,3200.6000,3200.8000,3201.0000,3201.2000,1,2,1,1,1,2,2,1,1,1
SF,IH2103,2020-09-17 09:31:21.200,3200.0000,5650,0,24018660.000,0,-,-,-,-,3198.0000,3197.0000,3196.0000,3194.2000,3188.0000,3200.2000,3200.4000,3200.8000,3201.0000,3201.2000,2,1,1,1,1,1,2,1,1,1
SF,IH2103,2020-09-17 09:31:22.700,3200.0000,5650,0,24018660.000,0,-,-,-,-,3198.0000,3197.0000,3196.0000,3194.2000,3188.0000,3200.2000,3200.4000,3200.8000,3201.0000,3201.2000,1,1,1,1,1,1,2,1,1,1
SF,IH2103,2020-09-17 09:31:23.200,3200.0000,5650,0,24018660.000,0,-,-,-,-,3198.0000,3197.0000,3196.0000,3194.2000,3188.0000,3199.8000,3200.2000,3200.8000,3201.0000,3201.2000,1,1,1,1,1,2,1,1,1,1
SF,IH2103,2020-09-17 09:31:23.700,3200.0000,5650,0,24018660.000,0,-,-,-,-,3198.0000,3197.0000,3196.0000,3194.2000,3188.0000,3199.8000,3200.2000,3200.8000,3201.0000,3201.2000,1,1,1,1,1,2,1,1,1,1
SF,IH2103,2020-09-17 09:31:24.200,3200.0000,5650,0,24018660.000,0,-,-,-,-,3198.0000,3197.0000,3196.0000,3194.2000,3188.0000,3199.8000,3200.2000,3200.8000,3201.0000,3201.2000,1,1,1,1,1,2,1,1,1,1
SF,IH2103,2020-09-17 09:31:24.700,3198.0000,5651,1,24978060.000,1,1,0,双开,S,3197.0000,3196.0000,3194.2000,3188.0000,3187.0000,3198.0000,3199.8000,3200.2000,3200.8000,3201.0000,1,1,1,1,1,1,2,1,1,1
SF,IH2103,2020-09-17 09:31:25.200,3198.0000,5651,0,24978060.000,0,-,-,-,-,3197.0000,3196.0000,3194.2000,3188.0000,3187.0000,3198.0000,3199.4000,3199.8000,3200.2000,3205.0000,1,1,1,1,1,1,1,2,1,2
SF,IH2103,2020-09-17 09:31:25.700,3197.0000,5652,1,25937160.000,1,1,0,双开,S,3196.0000,3194.2000,3188.0000,3187.0000,3186.2000,3198.0000,3199.4000,3199.8000,3200.2000,3205.0000,1,1,1,1,1,1,1,2,1,2
SF,IH2103,2020-09-17 09:31:26.200,3197.0000,5652,0,25937160.000,0,-,-,-,-,3196.0000,3194.2000,3188.0000,3187.0000,3186.2000,3197.8000,3198.0000,3199.4000,3199.8000,3205.0000,1,1,1,1,1,1,1,1,2,2
SF,IH2103,2020-09-17 09:31:26.700,3197.0000,5652,0,25937160.000,0,-,-,-,-,3196.0000,3194.2000,3188.0000,3187.0000,3186.2000,3197.8000,3198.0000,3199.4000,3199.6000,3199.8000,1,1,1,1,1,1,1,1,1,2
SF,IH2103,2020-09-17 09:31:27.200,3196.0000,5652,0,26895960.000,1,0,1,多换,S,3194.2000,3188.0000,3187.0000,3186.2000,3181.2000,3197.8000,3198.0000,3199.4000,3199.6000,3199.8000,1,1,1,1,1,1,1,1,1,2
SF,IH2103,2020-09-17 09:31:27.700,3196.0000,5652,0,26895960.000,0,-,-,-,-,3194.2000,3188.0000,3187.0000,3186.2000,3181.2000,3197.8000,3198.0000,3199.6000,3199.8000,3205.0000,1,1,1,1,1,1,1,1,2,2
SF,IH2103,2020-09-17 09:31:28.200,3196.0000,5652,0,26895960.000,0,-,-,-,-,3194.2000,3188.0000,3187.0000,3186.2000,3181.2000,3197.8000,3198.0000,3199.6000,3199.8000,3205.0000,1,1,1,1,1,1,1,1,2,2
SF,IH2103,2020-09-17 09:31:28.700,3196.0000,5652,0,26895960.000,0,-,-,-,-,3194.2000,3188.0000,3187.0000,3186.2000,3181.2000,3197.8000,3198.0000,3199.6000,3199.8000,3205.0000,1,1,1,1,1,1,1,1,2,2
SF,IH2103,2020-09-17 09:31:29.200,3196.0000,5652,0,26895960.000,0,-,-,-,-,3194.2000,3188.0000,3187.0000,3186.2000,3181.2000,3197.8000,3198.0000,3199.6000,3205.0000,3209.6000,1,1,1,1,1,1,1,1,2,1
SF,IH2103,2020-09-17 09:31:29.700,3196.0000,5652,0,26895960.000,0,-,-,-,-,3195.4000,3194.2000,3188.0000,3187.0000,3186.2000,3197.6000,3197.8000,3198.0000,3199.6000,3205.0000,1,1,1,1,1,2,1,1,1,2
SF,IH2103,2020-09-17 09:31:30.200,3194.2000,5652,0,27854220.000,1,0,1,多换,S,3188.0000,3187.0000,3186.2000,3181.2000,3180.2000,3197.4000,3197.6000,3198.0000,3199.6000,3205.0000,1,1,1,1,1,1,2,1,1,2
SF,IH2103,2020-09-17 09:31:30.700,3194.2000,5652,0,27854220.000,0,-,-,-,-,3192.8000,3188.0000,3187.0000,3186.2000,3181.2000,3197.4000,3197.6000,3198.0000,3199.6000,3205.0000,1,1,1,1,1,1,2,1,1,2
SF,IH2103,2020-09-17 09:31:31.200,3194.2000,5652,0,27854220.000,0,-,-,-,-,3195.4000,3188.0000,3187.0000,3186.2000,3181.2000,3197.0000,3197.4000,3198.0000,3199.6000,3205.0000,1,1,1,1,1,2,1,1,1,2
SF,IH2103,2020-09-17 09:31:31.700,3194.2000,5652,0,27854220.000,0,-,-,-,-,3192.8000,3188.0000,3187.0000,3186.2000,3181.2000,3197.0000,3197.4000,3198.0000,3205.0000,3209.6000,1,1,1,1,1,2,1,1,2,1
SF,IH2103,2020-09-17 09:31:32.200,3194.2000,5652,0,27854220.000,0,-,-,-,-,3194.6000,3192.8000,3188.0000,3187.0000,3186.2000,3196.8000,3198.0000,3205.0000,3209.6000,3209.8000,1,1,1,1,1,1,1,2,1,1
SF,IH2103,2020-09-17 09:31:32.700,3194.2000,5652,0,27854220.000,0,-,-,-,-,3195.4000,3194.6000,3188.0000,3187.0000,3186.2000,3196.8000,3198.0000,3199.2000,3205.0000,3209.6000,1,1,1,1,1,1,1,2,2,1
SF,IH2103,2020-09-17 09:31:33.200,3194.2000,5652,0,27854220.000,0,-,-,-,-,3195.4000,3194.6000,3188.0000,3187.0000,3186.2000,3198.0000,3199.2000,3205.0000,3209.6000,3209.8000,1,1,1,1,1,1,2,2,1,1
SF,IH2103,2020-09-17 09:31:33.700,3194.2000,5652,0,27854220.000,0,-,-,-,-,3195.6000,3195.4000,3194.6000,3188.0000,3187.0000,3198.0000,3199.2000,3205.0000,3209.6000,3209.8000,1,1,1,1,1,1,2,2,1,1
SF,IH2103,2020-09-17 09:31:34.200,3194.2000,5652,0,27854220.000,0,-,-,-,-,3195.6000,3195.4000,3194.6000,3188.0000,3187.0000,3198.0000,3199.2000,3200.8000,3205.0000,3209.6000,1,1,1,1,1,1,2,3,2,1
SF,IH2103,2020-09-17 09:31:34.700,3194.2000,5652,0,27854220.000,0,-,-,-,-,3195.4000,3194.6000,3188.0000,3187.0000,3186.2000,3197.8000,3198.0000,3199.2000,3200.8000,3205.0000,1,1,1,1,1,1,1,2,3,1
SF,IH2103,2020-09-17 09:31:35.200,3197.8000,5652,0,28813560.000,1,0,1,多换,S,3195.6000,3195.4000,3188.0000,3187.0000,3186.2000,3199.2000,3200.8000,3205.0000,3209.6000,3209.8000,4,1,1,1,1,2,3,1,1,1
SF,IH2103,2020-09-17 09:31:35.700,3195.6000,5652,0,29772240.000,1,0,1,多换,S,3195.4000,3188.0000,3187.0000,3186.2000,3181.2000,3199.8000,3200.8000,3205.0000,3209.6000,3209.8000,1,1,1,1,1,2,3,1,1,1
SF,IH2103,2020-09-17 09:31:36.200,3195.6000,5652,0,29772240.000,0,-,-,-,-,3195.6000,3188.0000,3187.0000,3186.2000,3181.2000,3199.8000,3200.8000,3205.0000,3209.6000,3209.8000,4,1,1,1,1,2,3,1,1,1
SF,IH2103,2020-09-17 09:31:37.200,3195.6000,5652,0,29772240.000,0,-,-,-,-,3195.6000,3188.0000,3187.0000,3186.2000,3181.2000,3199.8000,3200.8000,3205.0000,3209.6000,3209.8000,1,1,1,1,1,2,3,1,1,1
SF,IH2103,2020-09-17 09:31:37.700,3195.6000,5652,0,29772240.000,0,-,-,-,-,3196.0000,3188.0000,3187.0000,3186.2000,3181.2000,3199.6000,3199.8000,3200.8000,3205.0000,3209.6000,3,1,1,1,1,1,2,3,1,1
SF,IH2103,2020-09-17 09:31:38.200,3199.4000,5653,1,30732060.000,1,1,0,双开,S,3188.0000,3187.0000,3186.2000,3181.2000,3180.2000,3199.6000,3199.8000,3200.8000,3205.0000,3209.6000,1,1,1,1,1,1,2,3,1,1
SF,IH2103,2020-09-17 09:31:38.700,3199.4000,5653,0,30732060.000,0,-,-,-,-,3196.2000,3192.8000,3188.0000,3187.0000,3186.2000,3199.4000,3199.6000,3200.8000,3205.0000,3209.6000,1,1,1,1,1,2,1,3,1,1
SF,IH2103,2020-09-17 09:31:39.200,3199.4000,5653,0,30732060.000,0,-,-,-,-,3196.2000,3188.0000,3187.0000,3186.2000,3181.2000,3199.2000,3199.4000,3200.8000,3205.0000,3209.6000,1,1,1,1,1,1,2,3,1,1
SF,IH2103,2020-09-17 09:31:39.700,3199.4000,5653,0,30732060.000,0,-,-,-,-,3196.2000,3194.6000,3188.0000,3187.0000,3186.2000,3199.2000,3199.4000,3200.8000,3205.0000,3209.6000,1,1,1,1,1,1,2,3,1,1
SF,IH2103,2020-09-17 09:31:40.200,3199.4000,5653,0,30732060.000,0,-,-,-,-,3196.4000,3196.2000,3194.6000,3193.2000,3188.0000,3199.2000,3199.4000,3200.8000,3205.0000,3209.6000,3,1,1,1,1,1,2,3,1,1
SF,IH2103,2020-09-17 09:31:40.700,3199.4000,5653,0,30732060.000,0,-,-,-,-,3194.6000,3193.2000,3188.0000,3187.0000,3186.2000,3199.0000,3199.2000,3200.8000,3205.0000,3209.6000,1,1,1,1,1,3,1,3,1,1
SF,IH2103,2020-09-17 09:31:41.200,3199.4000,5653,0,30732060.000,0,-,-,-,-,3194.6000,3193.2000,3188.0000,3187.0000,3186.2000,3198.8000,3199.0000,3200.8000,3205.0000,3209.6000,1,1,1,1,1,1,2,3,1,1
SF,IH2103,2020-09-17 09:31:41.700,3199.4000,5653,0,30732060.000,0,-,-,-,-,3196.2000,3195.4000,3194.6000,3193.2000,3188.0000,3198.8000,3199.0000,3200.8000,3205.0000,3209.6000,3,1,1,1,1,1,2,3,1,1
SF,IH2103,2020-09-17 09:31:42.200,3199.4000,5653,0,30732060.000,0,-,-,-,-,3195.4000,3194.6000,3193.2000,3188.0000,3187.0000,3198.8000,3199.0000,3200.8000,3205.0000,3209.6000,2,1,1,1,1,1,2,3,1,1
SF,IH2103,2020-09-17 09:31:42.700,3198.8000,5652,-1,31691700.000,1,0,1,双平,S,3196.4000,3195.6000,3195.4000,3194.6000,3193.2000,3200.8000,3205.0000,3209.6000,3209.8000,3212.0000,1,1,1,1,1,3,1,1,1,1
SF,IH2103,2020-09-17 09:31:43.200,3198.8000,5652,0,31691700.000,0,-,-,-,-,3196.6000,3196.4000,3195.4000,3194.6000,3193.2000,3200.8000,3205.0000,3209.6000,3209.8000,3212.0000,1,1,1,1,1,3,1,1,1,1
SF,IH2103,2020-09-17 09:31:43.700,3198.8000,5652,0,31691700.000,0,-,-,-,-,3196.6000,3196.4000,3195.4000,3193.2000,3188.0000,3200.2000,3200.8000,3205.0000,3209.6000,3209.8000,1,1,1,1,1,2,3,1,1,1
SF,IH2103,2020-09-17 09:31:44.200,3198.8000,5652,0,31691700.000,0,-,-,-,-,3197.0000,3196.6000,3195.4000,3193.2000,3188.0000,3200.2000,3200.8000,3205.0000,3209.6000,3209.8000,1,1,1,1,1,2,3,1,1,1
SF,IH2103,2020-09-17 09:31:44.700,3198.8000,5652,0,31691700.000,0,-,-,-,-,3197.2000,3197.0000,3195.4000,3193.2000,3188.0000,3200.8000,3205.0000,3209.6000,3209.8000,3212.0000,1,1,1,1,1,3,1,1,1,1
SF,IH2103,2020-09-17 09:31:45.200,3198.8000,5652,0,31691700.000,0,-,-,-,-,3197.2000,3197.0000,3195.4000,3193.2000,3188.0000,3200.6000,3200.8000,3205.0000,3209.6000,3209.8000,1,1,1,1,1,1,3,1,1,1
SF,IH2103,2020-09-17 09:31:45.700,3198.8000,5652,0,31691700.000,0,-,-,-,-,3197.6000,3197.2000,3197.0000,3195.4000,3193.2000,3200.6000,3200.8000,3205.0000,3209.6000,3209.8000,3,1,1,1,1,1,3,1,1,1
SF,IH2103,2020-09-17 09:31:46.200,3198.8000,5652,0,31691700.000,0,-,-,-,-,3197.8000,3197.6000,3195.4000,3193.2000,3188.0000,3200.6000,3200.8000,3205.0000,3209.6000,3209.8000,1,3,1,1,1,1,3,1,1,1
SF,IH2103,2020-09-17 09:31:46.700,3198.8000,5652,0,31691700.000,0,-,-,-,-,3197.8000,3195.4000,3193.2000,3188.0000,3187.0000,3200.6000,3200.8000,3205.0000,3209.6000,3209.8000,1,1,1,1,1,1,3,1,1,1
SF,IH2103,2020-09-17 09:31:47.700,3198.8000,5652,0,31691700.000,0,-,-,-,-,3197.8000,3195.6000,3195.4000,3188.0000,3187.0000,3200.6000,3200.8000,3205.0000,3209.6000,3209.8000,1,1,1,1,1,1,3,1,1,1
SF,IH2103,2020-09-17 09:31:48.200,3198.8000,5652,0,31691700.000,0,-,-,-,-,3198.8000,3198.6000,3197.8000,3195.6000,3195.4000,3200.6000,3200.8000,3205.0000,3209.6000,3209.8000,1,3,1,1,1,1,3,1,1,1
SF,IH2103,2020-09-17 09:31:48.700,3200.6000,5651,-1,32651880.000,1,0,1,双平,S,3198.8000,3197.8000,3195.6000,3195.4000,3188.0000,3200.8000,3205.0000,3209.6000,3209.8000,3212.0000,1,1,1,1,1,3,1,1,1,1
SF,IH2103,2020-09-17 09:31:49.200,3200.6000,5651,0,32651880.000,0,-,-,-,-,3199.0000,3198.8000,3195.6000,3195.4000,3188.0000,3200.6000,3200.8000,3205.0000,3209.6000,3209.8000,1,1,1,1,1,2,3,1,1,1
SF,IH2103,2020-09-17 09:31:49.700,3199.0000,5650,-1,33611580.000,1,0,1,双平,S,3195.6000,3195.4000,3188.0000,3187.0000,3186.2000,3200.4000,3200.6000,3200.8000,3205.0000,3209.6000,1,1,1,1,1,1,2,3,1,1
SF,IH2103,2020-09-17 09:31:50.200,3199.0000,5650,0,33611580.000,0,-,-,-,-,3197.6000,3197.2000,3195.6000,3195.4000,3188.0000,3200.2000,3200.4000,3200.6000,3200.8000,3205.0000,1,1,1,1,1,1,1,2,3,1
SF,IH2103,2020-09-17 09:31:50.700,3199.0000,5650,0,33611580.000,0,-,-,-,-,3197.8000,3197.6000,3197.2000,3195.6000,3195.4000,3200.2000,3200.6000,3200.8000,3205.0000,3209.6000,2,1,1,1,1,1,2,3,1,1
SF,IH2103,2020-09-17 09:31:51.200,3199.0000,5650,0,33611580.000,0,-,-,-,-,3197.8000,3197.6000,3195.6000,3195.4000,3188.0000,3200.0000,3200.2000,3200.6000,3200.8000,3205.0000,2,1,1,1,1,2,1,2,3,1
SF,IH2103,2020-09-17 09:31:51.700,3199.0000,5650,0,33611580.000,0,-,-,-,-,3198.0000,3197.8000,3195.6000,3195.4000,3188.0000,3199.8000,3200.0000,3200.6000,3200.8000,3205.0000,1,2,1,1,1,1,2,2,3,1
SF,IH2103,2020-09-17 09:31:52.700,3199.0000,5650,0,33611580.000,0,-,-,-,-,3198.0000,3197.8000,3197.4000,3195.6000,3195.4000,3199.8000,3200.0000,3200.6000,3200.8000,3205.0000,1,2,1,1,1,1,2,2,3,1
SF,IH2103,2020-09-17 09:31:53.200,3199.0000,5650,0,33611580.000,0,-,-,-,-,3198.2000,3198.0000,3197.8000,3197.4000,3195.6000,3199.8000,3200.0000,3200.6000,3200.8000,3205.0000,2,1,2,1,1,1,2,2,3,1
SF,IH2103,2020-09-17 09:31:53.700,3199.0000,5650,0,33611580.000,0,-,-,-,-,3198.0000,3197.8000,3197.4000,3195.6000,3195.4000,3199.8000,3200.0000,3200.6000,3200.8000,3205.0000,1,2,1,1,1,1,2,2,3,1
SF,IH2103,2020-09-17 09:31:54.200,3199.0000,5650,0,33611580.000,0,-,-,-,-,3198.2000,3198.0000,3197.8000,3197.4000,3195.6000,3199.8000,3200.0000,3200.6000,3200.8000,3205.0000,2,1,2,1,1,1,2,2,3,1
SF,IH2103,2020-09-17 09:31:54.700,3198.2000,5649,-1,34571040.000,1,0,1,双平,S,3197.4000,3195.6000,3194.0000,3188.0000,3187.0000,3198.2000,3199.8000,3200.0000,3200.6000,3200.8000,1,1,1,1,1,1,1,2,2,3
SF,IH2103,2020-09-17 09:31:55.200,3198.2000,5648,-1,35530500.000,1,0,1,双平,S,3197.4000,3194.0000,3188.0000,3187.0000,3186.2000,3199.8000,3200.0000,3200.6000,3200.8000,3205.0000,1,1,1,1,1,1,3,2,3,1
SF,IH2103,2020-09-17 09:31:55.700,3198.2000,5648,0,35530500.000,0,-,-,-,-,3197.6000,3197.4000,3194.0000,3188.0000,3187.0000,3199.8000,3200.0000,3200.6000,3200.8000,3205.0000,1,1,1,1,1,1,3,2,3,1
SF,IH2103,2020-09-17 09:31:56.200,3198.2000,5648,0,35530500.000,0,-,-,-,-,3197.4000,3195.0000,3194.0000,3188.0000,3187.0000,3199.8000,3200.0000,3200.6000,3200.8000,3205.0000,1,1,1,1,1,1,3,2,3,1
SF,IH2103,2020-09-17 09:31:56.700,3198.2000,5648,0,35530500.000,0,-,-,-,-,3197.6000,3197.4000,3195.0000,3194.0000,3188.0000,3200.0000,3200.6000,3200.8000,3205.0000,3209.6000,1,1,1,1,1,3,2,3,1,1
SF,IH2103,2020-09-17 09:31:58.200,3198.2000,5648,0,35530500.000,0,-,-,-,-,3197.6000,3197.4000,3195.0000,3194.0000,3188.0000,3199.6000,3200.0000,3200.6000,3200.8000,3205.0000,1,1,1,1,1,1,3,2,3,1
SF,IH2103,2020-09-17 09:31:58.700,3198.2000,5648,0,35530500.000,0,-,-,-,-,3197.6000,3197.4000,3195.0000,3194.0000,3188.0000,3199.6000,3200.0000,3200.6000,3200.8000,3205.0000,1,1,1,1,1,3,1,2,3,1
SF,IH2103,2020-09-17 09:31:59.200,3199.6000,5647,-1,36490380.000,1,0,1,双平,S,3197.6000,3197.4000,3195.0000,3194.0000,3188.0000,3199.6000,3200.0000,3200.6000,3200.8000,3205.0000,1,1,1,1,1,2,1,2,3,1
SF,IH2103,2020-09-17 09:31:59.700,3199.6000,5647,0,36490380.000,0,-,-,-,-,3197.6000,3197.4000,3195.0000,3194.0000,3188.0000,3200.0000,3200.6000,3200.8000,3205.0000,3209.6000,1,1,1,1,1,1,2,3,1,1
SF,IH2103,2020-09-17 09:32:00.200,3199.6000,5647,0,36490380.000,0,-,-,-,-,3197.6000,3197.4000,3195.0000,3194.0000,3188.0000,3200.0000,3200.6000,3200.8000,3202.0000,3205.0000,1,1,1,1,1,1,2,3,1,1
SF,IH2103,2020-09-17 09:32:00.700,3199.6000,5647,0,36490380.000,0,-,-,-,-,3197.6000,3197.4000,3195.0000,3194.0000,3188.0000,3199.6000,3199.8000,3200.0000,3200.6000,3200.8000,1,1,1,1,1,1,2,1,2,3
SF,IH2103,2020-09-17 09:32:01.200,3199.6000,5647,0,36490380.000,0,-,-,-,-,3197.6000,3197.4000,3195.0000,3194.0000,3188.0000,3199.4000,3199.8000,3200.0000,3200.4000,3200.6000,1,1,1,1,1,1,2,1,1,2
SF,IH2103,2020-09-17 09:32:01.700,3199.6000,5647,0,36490380.000,0,-,-,-,-,3197.4000,3195.0000,3194.0000,3188.0000,3187.0000,3199.4000,3199.8000,3200.0000,3200.4000,3200.6000,1,1,1,1,1,1,2,1,1,2
SF,IH2103,2020-09-17 09:32:02.200,3197.4000,5647,0,37449600.000,1,0,1,多换,S,3195.0000,3194.0000,3188.0000,3187.0000,3186.2000,3199.2000,3200.0000,3200.6000,3200.8000,3205.0000,1,1,1,1,1,6,1,2,3,1
SF,IH2103,2020-09-17 09:32:02.700,3197.4000,5647,0,37449600.000,0,-,-,-,-,3194.0000,3188.0000,3187.0000,3186.2000,3181.2000,3198.8000,3199.0000,3199.2000,3200.0000,3200.6000,1,2,1,1,1,1,1,6,1,2
SF,IH2103,2020-09-17 09:32:03.200,3197.4000,5647,0,37449600.000,0,-,-,-,-,3194.0000,3188.0000,3187.0000,3186.2000,3181.2000,3198.6000,3198.8000,3199.2000,3200.0000,3200.6000,1,2,1,1,1,1,3,2,1,2
SF,IH2103,2020-09-17 09:32:03.700,3197.4000,5647,0,37449600.000,0,-,-,-,-,3194.0000,3188.0000,3187.0000,3186.2000,3181.2000,3198.4000,3198.6000,3198.8000,3199.2000,3200.0000,1,2,1,1,1,2,1,2,1,1
SF,IH2103,2020-09-17 09:32:04.200,3197.4000,5647,0,37449600.000,0,-,-,-,-,3195.4000,3194.4000,3194.0000,3188.0000,3187.0000,3198.2000,3198.4000,3198.8000,3199.2000,3200.0000,1,1,1,2,1,1,2,2,1,1
SF,IH2103,2020-09-17 09:32:04.700,3197.4000,5647,0,37449600.000,0,-,-,-,-,3195.8000,3195.4000,3194.4000,3194.0000,3188.0000,3198.2000,3198.4000,3198.8000,3199.2000,3200.0000,1,1,1,1,2,1,2,1,1,1
SF,IH2103,2020-09-17 09:32:05.200,3197.4000,5647,0,37449600.000,0,-,-,-,-,3196.2000,3196.0000,3194.4000,3194.0000,3188.0000,3198.8000,3199.2000,3200.0000,3200.6000,3200.8000,1,1,1,1,2,1,1,1,2,3
SF,IH2103,2020-09-17 09:32:05.700,3197.4000,5647,0,37449600.000,0,-,-,-,-,3196.4000,3196.2000,3194.4000,3194.0000,3188.0000,3198.0000,3198.8000,3199.2000,3200.0000,3200.6000,1,1,1,1,2,1,1,1,1,2
SF,IH2103,2020-09-17 09:32:06.200,3197.4000,5647,0,37449600.000,0,-,-,-,-,3198.2000,3196.6000,3196.4000,3194.4000,3194.0000,3200.0000,3200.6000,3200.8000,3205.0000,3209.6000,1,1,1,1,1,1,2,3,1,1
SF,IH2103,2020-09-17 09:32:06.700,3198.0000,5646,-1,38409000.000,1,0,1,双平,S,3196.4000,3194.0000,3188.0000,3187.0000,3186.2000,3198.2000,3199.6000,3200.0000,3200.6000,3200.8000,1,1,2,1,1,1,1,1,2,3
SF,IH2103,2020-09-17 09:32:07.200,3198.0000,5646,0,38409000.000,0,-,-,-,-,3196.6000,3196.4000,3194.0000,3188.0000,3187.0000,3198.2000,3199.6000,3200.0000,3200.6000,3200.8000,1,1,1,2,1,1,4,1,2,3
SF,IH2103,2020-09-17 09:32:07.700,3198.0000,5646,0,38409000.000,0,-,-,-,-,3196.8000,3196.4000,3194.0000,3188.0000,3187.0000,3198.2000,3199.6000,3200.0000,3200.6000,3200.8000,1,1,1,2,1,1,3,1,2,3
SF,IH2103,2020-09-17 09:32:08.200,3198.0000,5646,0,38409000.000,0,-,-,-,-,3196.4000,3194.0000,3188.0000,3187.0000,3186.2000,3198.2000,3199.6000,3200.0000,3200.6000,3200.8000,1,1,2,1,1,1,3,1,2,3
SF,IH2103,2020-09-17 09:32:08.700,3198.0000,5646,0,38409000.000,0,-,-,-,-,3196.4000,3194.0000,3188.0000,3187.0000,3186.2000,3198.2000,3199.6000,3200.0000,3200.6000,3200.8000,1,1,2,1,1,1,3,1,2,3
SF,IH2103,2020-09-17 09:32:09.200,3198.0000,5646,0,38409000.000,0,-,-,-,-,3196.4000,3194.0000,3188.0000,3187.0000,3186.2000,3198.2000,3199.6000,3200.0000,3200.6000,3200.8000,1,1,2,1,1,1,3,1,2,3
SF,IH2103,2020-09-17 09:32:09.700,3198.0000,5646,0,38409000.000,0,-,-,-,-,3196.4000,3194.0000,3188.0000,3187.0000,3186.2000,3198.2000,3199.6000,3200.0000,3200.6000,3200.8000,1,1,2,1,1,1,1,1,2,3
SF,IH2103,2020-09-17 09:32:10.200,3198.0000,5646,0,38409000.000,0,-,-,-,-,3196.4000,3194.0000,3188.0000,3187.0000,3186.2000,3198.2000,3199.6000,3200.0000,3200.6000,3200.8000,1,1,2,1,1,1,1,1,2,3
SF,IH2103,2020-09-17 09:32:10.700,3198.0000,5646,0,38409000.000,0,-,-,-,-,3196.4000,3194.0000,3188.0000,3187.0000,3186.2000,3197.8000,3198.0000,3198.2000,3199.6000,3200.0000,1,1,2,1,1,1,1,1,1,1
SF,IH2103,2020-09-17 09:32:11.200,3196.4000,5645,-1,39367920.000,1,0,1,双平,S,3194.0000,3188.0000,3187.0000,3186.2000,3181.2000,3196.4000,3197.8000,3198.0000,3198.2000,3198.6000,1,2,1,1,1,1,2,3,1,1
SF,IH2103,2020-09-17 09:32:11.700,3196.4000,5645,0,39367920.000,0,-,-,-,-,3194.4000,3194.0000,3188.0000,3187.0000,3186.2000,3196.2000,3196.4000,3197.8000,3198.0000,3198.2000,1,1,2,1,1,1,1,1,3,1
SF,IH2103,2020-09-17 09:32:12.200,3196.4000,5645,0,39367920.000,0,-,-,-,-,3194.8000,3194.6000,3194.4000,3194.0000,3188.0000,3196.2000,3196.4000,3197.8000,3198.0000,3198.2000,3,2,1,1,2,1,1,1,2,1
SF,IH2103,2020-09-17 09:32:12.700,3196.4000,5645,0,39367920.000,0,-,-,-,-,3195.0000,3194.8000,3194.4000,3194.0000,3188.0000,3196.4000,3197.8000,3198.0000,3198.2000,3200.6000,2,3,1,1,2,1,1,2,1,2
SF,IH2103,2020-09-17 09:32:13.200,3196.4000,5645,0,39367920.000,0,-,-,-,-,3195.0000,3194.8000,3194.0000,3188.0000,3187.0000,3197.8000,3198.0000,3198.2000,3200.6000,3200.8000,2,3,1,2,1,1,2,1,2,3
SF,IH2103,2020-09-17 09:32:13.700,3196.4000,5645,0,39367920.000,0,-,-,-,-,3194.8000,3194.0000,3188.0000,3187.0000,3186.2000,3197.4000,3197.6000,3198.0000,3198.2000,3200.6000,3,1,2,1,1,1,1,2,1,2
SF,IH2103,2020-09-17 09:32:14.200,3196.4000,5645,0,39367920.000,0,-,-,-,-,3195.4000,3194.8000,3194.0000,3188.0000,3187.0000,3197.2000,3198.0000,3198.2000,3200.6000,3200.8000,1,3,1,2,1,1,2,1,2,3
SF,IH2103,2020-09-17 09:32:14.700,3197.2000,5644,-1,40327080.000,1,0,1,双平,S,3195.4000,3194.8000,3194.0000,3188.0000,3187.0000,3197.2000,3198.2000,3200.6000,3200.8000,3205.0000,1,3,1,2,1,1,1,2,3,1
SF,IH2103,2020-09-17 09:32:15.200,3197.2000,5643,-1,41286240.000,1,0,1,双平,S,3195.6000,3195.4000,3194.0000,3188.0000,3187.0000,3198.2000,3200.6000,3200.8000,3205.0000,3209.6000,1,1,1,2,1,1,2,3,1,1
SF,IH2103,2020-09-17 09:32:15.700,3197.2000,5643,0,41286240.000,0,-,-,-,-,3195.8000,3195.6000,3195.4000,3194.0000,3188.0000,3198.2000,3200.6000,3200.8000,3205.0000,3209.6000,1,1,1,1,2,1,2,3,1,1
SF,IH2103,2020-09-17 09:32:16.200,3197.2000,5643,0,41286240.000,0,-,-,-,-,3196.2000,3195.8000,3194.0000,3188.0000,3187.0000,3198.2000,3200.6000,3200.8000,3205.0000,3209.6000,1,1,1,2,1,1,2,3,1,1
SF,IH2103,2020-09-17 09:32:16.700,3197.2000,5643,0,41286240.000,0,-,-,-,-,3196.4000,3196.2000,3194.0000,3188.0000,3187.0000,3198.2000,3200.6000,3200.8000,3205.0000,3209.6000,1,1,1,2,1,1,2,3,1,1
SF,IH2103,2020-09-17 09:32:17.200,3197.2000,5643,0,41286240.000,0,-,-,-,-,3196.4000,3194.0000,3188.0000,3187.0000,3186.2000,3198.2000,3200.6000,3200.8000,3205.0000,3209.6000,1,1,2,1,1,1,2,3,1,1
SF,IH2103,2020-09-17 09:32:18.700,3197.2000,5643,0,41286240.000,0,-,-,-,-,3196.4000,3194.0000,3188.0000,3187.0000,3186.2000,3198.2000,3200.6000,3200.8000,3205.0000,3209.6000,1,1,2,1,1,7,2,3,1,1
SF,IH2103,2020-09-17 09:32:19.200,3197.2000,5643,0,41286240.000,0,-,-,-,-,3197.2000,3196.4000,3194.0000,3188.0000,3187.0000,3198.2000,3200.0000,3200.6000,3200.8000,3202.0000,2,1,1,2,1,7,1,2,3,1
SF,IH2103,2020-09-17 09:32:19.700,3197.2000,5643,0,41286240.000,0,-,-,-,-,3197.2000,3196.4000,3194.0000,3188.0000,3187.0000,3198.2000,3200.0000,3200.6000,3200.8000,3202.0000,2,1,1,2,1,7,1,2,3,1
SF,IH2103,2020-09-17 09:32:20.200,3197.2000,5643,0,41286240.000,0,-,-,-,-,3197.2000,3196.4000,3194.0000,3188.0000,3187.0000,3198.2000,3200.0000,3200.6000,3200.8000,3202.0000,2,1,1,2,1,7,1,2,3,1
SF,IH2103,2020-09-17 09:32:20.700,3197.2000,5643,0,43204560.000,2,1,1,多换,S,3196.4000,3194.0000,3188.0000,3187.0000,3186.2000,3198.2000,3198.4000,3200.0000,3200.6000,3200.8000,1,1,2,1,1,7,1,1,2,3
SF,IH2103,2020-09-17 09:32:21.200,3197.2000,5643,0,43204560.000,0,-,-,-,-,3196.4000,3194.0000,3188.0000,3187.0000,3186.2000,3198.0000,3198.2000,3200.0000,3200.6000,3200.8000,1,1,2,1,1,1,7,1,2,3
SF,IH2103,2020-09-17 09:32:21.700,3197.2000,5643,0,43204560.000,0,-,-,-,-,3196.4000,3194.0000,3188.0000,3187.0000,3186.2000,3197.8000,3198.0000,3198.2000,3200.0000,3200.6000,1,1,2,1,1,1,1,7,1,2
SF,IH2103,2020-09-17 09:32:22.200,3197.2000,5643,0,43204560.000,0,-,-,-,-,3194.0000,3188.0000,3187.0000,3186.2000,3181.2000,3196.4000,3197.8000,3198.0000,3198.2000,3200.0000,1,2,1,1,1,1,1,1,7,1
SF,IH2103,2020-09-17 09:32:22.700,3197.2000,5643,0,43204560.000,0,-,-,-,-,3194.8000,3194.4000,3194.0000,3188.0000,3187.0000,3196.2000,3196.4000,3197.6000,3198.2000,3200.6000,1,2,1,2,1,1,1,1,7,2
SF,IH2103,2020-09-17 09:32:23.200,3196.4000,5641,-2,45122340.000,2,0,2,双平,S,3197.2000,3194.8000,3194.4000,3194.0000,3188.0000,3197.6000,3198.2000,3200.6000,3200.8000,3202.0000,1,1,2,1,2,1,7,2,3,1
SF,IH2103,2020-09-17 09:32:23.700,3197.2000,5640,-1,46081500.000,1,0,1,双平,S,3194.8000,3194.4000,3194.0000,3188.0000,3187.0000,3197.2000,3197.6000,3198.2000,3200.6000,3200.8000,1,1,1,2,1,1,1,7,2,3
SF,IH2103,2020-09-17 09:32:24.200,3197.2000,5640,0,46081500.000,0,-,-,-,-,3195.2000,3195.0000,3194.8000,3194.4000,3194.0000,3197.6000,3198.2000,3200.6000,3200.8000,3202.0000,1,1,1,1,1,1,7,2,3,1
SF,IH2103,2020-09-17 09:32:24.700,3197.2000,5640,0,46081500.000,0,-,-,-,-,3195.4000,3195.2000,3194.8000,3194.4000,3194.0000,3197.6000,3198.2000,3200.6000,3200.8000,3202.0000,1,1,1,1,1,1,7,2,3,1
SF,IH2103,2020-09-17 09:32:25.200,3197.2000,5640,0,46081500.000,0,-,-,-,-,3195.4000,3194.8000,3194.4000,3194.0000,3188.0000,3197.6000,3198.2000,3200.6000,3200.8000,3202.0000,1,1,1,1,2,1,7,2,3,1
SF,IH2103,2020-09-17 09:32:25.700,3197.2000,5640,0,46081500.000,0,-,-,-,-,3195.4000,3194.8000,3194.4000,3194.0000,3188.0000,3197.6000,3198.2000,3200.6000,3200.8000,3202.0000,1,1,1,1,2,1,7,2,3,1
SF,IH2103,2020-09-17 09:32:26.200,3197.2000,5640,0,46081500.000,0,-,-,-,-,3195.4000,3194.8000,3194.0000,3188.0000,3186.2000,3197.6000,3198.2000,3200.6000,3200.8000,3202.0000,1,1,1,2,1,1,7,2,3,1
SF,IH2103,2020-09-17 09:32:26.700,3197.2000,5640,0,46081500.000,0,-,-,-,-,3195.4000,3194.8000,3194.0000,3188.0000,3186.2000,3198.2000,3200.6000,3200.8000,3202.0000,3205.0000,1,1,1,2,1,7,2,3,1,1
SF,IH2103,2020-09-17 09:32:27.200,3197.2000,5640,0,46081500.000,0,-,-,-,-,3195.4000,3194.8000,3194.0000,3188.0000,3186.2000,3198.0000,3198.2000,3200.6000,3200.8000,3202.0000,1,1,1,2,1,1,6,2,3,1
SF,IH2103,2020-09-17 09:32:27.700,3197.2000,5640,0,46081500.000,0,-,-,-,-,3195.4000,3194.8000,3194.0000,3188.0000,3186.2000,3198.0000,3198.2000,3200.6000,3200.8000,3202.0000,1,1,1,2,1,1,6,2,3,1
SF,IH2103,2020-09-17 09:32:28.200,3197.2000,5640,0,46081500.000,0,-,-,-,-,3195.4000,3194.8000,3194.0000,3188.0000,3186.2000,3197.6000,3197.8000,3198.0000,3198.2000,3200.6000,1,1,1,2,1,1,1,2,6,2
SF,IH2103,2020-09-17 09:32:28.700,3197.2000,5640,0,46081500.000,0,-,-,-,-,3195.4000,3194.8000,3194.0000,3188.0000,3186.2000,3197.6000,3197.8000,3198.0000,3198.2000,3200.6000,1,1,1,2,1,1,1,1,6,2
SF,IH2103,2020-09-17 09:32:29.200,3197.2000,5640,0,46081500.000,0,-,-,-,-,3195.4000,3194.8000,3194.0000,3188.0000,3186.2000,3197.4000,3197.6000,3198.2000,3200.6000,3200.8000,1,1,1,2,1,1,1,6,2,3
SF,IH2103,2020-09-17 09:32:29.700,3197.2000,5640,0,47040660.000,1,0,1,多换,S,3195.4000,3194.8000,3194.0000,3188.0000,3186.2000,3197.4000,3197.6000,3198.2000,3200.6000,3200.8000,1,1,1,2,1,1,1,6,2,3
SF,IH2103,2020-09-17 09:32:30.200,3197.2000,5640,0,47040660.000,0,-,-,-,-,3195.6000,3195.4000,3194.8000,3194.0000,3188.0000,3197.4000,3197.6000,3198.2000,3200.6000,3200.8000,1,1,1,1,2,1,1,6,2,3
SF,IH2103,2020-09-17 09:32:30.700,3197.2000,5640,0,47040660.000,0,-,-,-,-,3195.6000,3195.4000,3194.8000,3194.0000,3188.0000,3197.0000,3197.4000,3198.2000,3200.6000,3200.8000,2,1,1,1,2,1,1,6,2,3
SF,IH2103,2020-09-17 09:32:32.200,3197.0000,5639,-1,47999760.000,1,0,1,双平,S,3195.6000,3195.4000,3194.8000,3194.0000,3188.0000,3197.4000,3198.2000,3200.6000,3200.8000,3202.0000,2,1,1,1,2,1,6,2,3,1
SF,IH2103,2020-09-17 09:32:32.700,3197.4000,5638,-1,48958980.000,1,0,1,双平,S,3197.4000,3195.6000,3195.4000,3194.8000,3194.0000,3198.2000,3200.6000,3200.8000,3202.0000,3205.0000,1,2,1,1,1,6,2,3,1,1
SF,IH2103,2020-09-17 09:32:33.200,3197.4000,5638,0,48958980.000,0,-,-,-,-,3197.4000,3195.4000,3194.8000,3194.0000,3188.0000,3198.2000,3200.6000,3200.8000,3202.0000,3205.0000,1,2,1,1,2,6,2,3,1,1
SF,IH2103,2020-09-17 09:32:33.700,3198.2000,5637,-1,49918440.000,1,0,1,双平,S,3197.4000,3195.4000,3194.8000,3194.0000,3188.0000,3198.2000,3200.6000,3200.8000,3202.0000,3205.0000,1,2,1,1,2,5,2,3,1,1
SF,IH2103,2020-09-17 09:32:34.200,3198.2000,5637,0,49918440.000,0,-,-,-,-,3197.4000,3195.4000,3194.8000,3194.0000,3188.0000,3197.8000,3198.2000,3200.6000,3200.8000,3202.0000,1,2,1,1,2,1,5,2,3,1
SF,IH2103,2020-09-17 09:32:34.700,3198.2000,5636,-1,50877900.000,1,0,1,双平,S,3197.4000,3195.4000,3194.8000,3194.0000,3188.0000,3197.8000,3198.2000,3200.6000,3200.8000,3202.0000,1,2,1,1,2,1,5,2,3,1
SF,IH2103,2020-09-17 09:32:35.200,3197.8000,5636,0,51837240.000,1,0,1,多换,S,3197.4000,3195.4000,3194.8000,3194.0000,3188.0000,3198.2000,3200.6000,3200.8000,3202.0000,3205.0000,1,2,1,1,2,5,2,3,1,1
SF,IH2103,2020-09-17 09:32:35.700,3197.8000,5636,0,51837240.000,0,-,-,-,-,3195.4000,3194.8000,3194.0000,3188.0000,3186.2000,3197.6000,3198.2000,3200.6000,3200.8000,3202.0000,2,1,1,2,1,1,5,2,3,1
SF,IH2103,2020-09-17 09:32:36.200,3197.8000,5635,-1,52796580.000,1,0,1,双平,S,3195.8000,3195.4000,3194.8000,3194.6000,3194.0000,3198.2000,3200.6000,3200.8000,3202.0000,3205.0000,1,2,1,1,1,5,2,3,1,1
SF,IH2103,2020-09-17 09:32:36.700,3197.8000,5635,0,52796580.000,0,-,-,-,-,3196.0000,3195.4000,3195.0000,3194.8000,3194.6000,3197.4000,3198.0000,3198.2000,3200.6000,3200.8000,1,1,1,1,1,1,1,5,2,3
SF,IH2103,2020-09-17 09:32:37.200,3197.8000,5635,0,52796580.000,0,-,-,-,-,3195.4000,3195.0000,3194.8000,3194.6000,3194.0000,3197.4000,3198.2000,3200.6000,3200.8000,3202.0000,1,1,1,1,1,1,5,2,3,1
SF,IH2103,2020-09-17 09:32:37.700,3197.4000,5634,-1,53755800.000,1,0,1,双平,S,3195.6000,3195.4000,3195.0000,3194.6000,3194.0000,3198.2000,3200.6000,3200.8000,3202.0000,3205.0000,4,1,1,1,1,5,2,3,1,1
SF,IH2103,2020-09-17 09:32:38.200,3197.4000,5634,0,53755800.000,0,-,-,-,-,3195.8000,3195.6000,3195.4000,3195.0000,3194.6000,3198.0000,3198.2000,3200.6000,3200.8000,3202.0000,1,4,1,1,1,1,5,2,3,1
SF,IH2103,2020-09-17 09:32:38.700,3197.4000,5634,0,53755800.000,0,-,-,-,-,3196.0000,3195.8000,3195.6000,3195.4000,3195.0000,3198.2000,3200.6000,3200.8000,3202.0000,3205.0000,2,1,2,1,1,5,2,3,1,1
SF,IH2103,2020-09-17 09:32:39.200,3198.2000,5634,0,54715260.000,1,0,1,多换,S,3196.2000,3196.0000,3195.6000,3195.4000,3195.0000,3198.2000,3200.6000,3200.8000,3202.0000,3205.0000,1,2,2,1,1,4,2,3,1,1
SF,IH2103,2020-09-17 09:32:39.700,3198.2000,5630,-4,58553100.000,4,0,4,双平,S,3196.4000,3196.2000,3195.4000,3195.0000,3194.6000,3200.6000,3200.8000,3202.0000,3205.0000,3209.6000,5,1,1,1,1,2,3,1,1,1
SF,IH2103,2020-09-17 09:32:40.200,3198.2000,5630,0,58553100.000,0,-,-,-,-,3198.2000,3196.4000,3196.2000,3195.4000,3195.0000,3199.8000,3200.4000,3200.6000,3200.8000,3202.0000,1,5,1,1,1,1,1,3,3,1
SF,IH2103,2020-09-17 09:32:40.700,3199.6000,5629,-1,59512980.000,1,0,1,双平,S,3196.4000,3195.0000,3194.0000,3188.0000,3186.2000,3198.2000,3199.6000,3200.6000,3200.8000,3202.0000,3,1,1,2,1,1,1,3,3,1
SF,IH2103,2020-09-17 09:32:41.200,3198.2000,5628,-1,60472440.000,1,0,1,双平,S,3196.8000,3196.4000,3195.0000,3194.0000,3188.0000,3199.6000,3200.6000,3200.8000,3202.0000,3205.0000,1,3,1,1,2,1,3,3,1,1
SF,IH2103,2020-09-17 09:32:41.700,3198.2000,5628,0,60472440.000,0,-,-,-,-,3197.0000,3196.6000,3196.4000,3195.0000,3194.0000,3199.4000,3200.6000,3200.8000,3202.0000,3205.0000,2,1,1,1,1,1,3,3,1,1
SF,IH2103,2020-09-17 09:32:42.200,3198.2000,5628,0,60472440.000,0,-,-,-,-,3197.4000,3197.0000,3196.6000,3196.4000,3195.0000,3199.6000,3200.6000,3200.8000,3202.0000,3205.0000,1,2,1,1,1,1,3,3,1,1
SF,IH2103,2020-09-17 09:32:42.700,3198.2000,5628,0,60472440.000,0,-,-,-,-,3197.6000,3196.6000,3196.4000,3195.0000,3194.0000,3199.6000,3200.6000,3200.8000,3202.0000,3205.0000,2,1,1,1,1,1,3,3,1,1
SF,IH2103,2020-09-17 09:32:43.200,3198.2000,5628,0,60472440.000,0,-,-,-,-,3197.6000,3196.6000,3196.4000,3195.0000,3194.0000,3199.4000,3199.6000,3200.6000,3200.8000,3202.0000,2,1,1,1,1,1,1,3,3,1
SF,IH2103,2020-09-17 09:32:43.700,3198.2000,5628,0,60472440.000,0,-,-,-,-,3197.6000,3196.4000,3195.0000,3194.0000,3188.0000,3199.4000,3199.6000,3200.6000,3200.8000,3202.0000,2,1,1,1,2,1,3,3,3,1
SF,IH2103,2020-09-17 09:32:45.200,3198.2000,5628,0,60472440.000,0,-,-,-,-,3197.6000,3196.4000,3195.0000,3194.0000,3188.0000,3198.8000,3199.4000,3199.6000,3200.6000,3200.8000,2,1,1,1,2,1,1,2,3,3
SF,IH2103,2020-09-17 09:32:45.700,3198.2000,5628,0,60472440.000,0,-,-,-,-,3197.6000,3196.4000,3195.0000,3194.0000,3188.0000,3198.8000,3199.4000,3199.6000,3200.6000,3200.8000,1,1,1,1,2,1,1,2,3,3
SF,IH2103,2020-09-17 09:32:46.700,3197.6000,5627,-1,61431720.000,1,0,1,双平,S,3196.4000,3195.0000,3194.0000,3188.0000,3186.2000,3198.8000,3199.4000,3199.6000,3200.6000,3200.8000,1,1,1,2,1,1,1,2,3,3
SF,IH2103,2020-09-17 09:32:47.200,3197.6000,5627,0,61431720.000,0,-,-,-,-,3196.8000,3196.6000,3195.0000,3194.0000,3188.0000,3198.6000,3198.8000,3199.6000,3200.6000,3200.8000,2,2,1,1,2,1,1,2,3,3
SF,IH2103,2020-09-17 09:32:47.700,3197.6000,5627,0,61431720.000,0,-,-,-,-,3197.0000,3196.8000,3196.6000,3195.0000,3194.0000,3198.6000,3198.8000,3199.6000,3200.6000,3200.8000,1,2,1,1,1,1,1,2,3,3
SF,IH2103,2020-09-17 09:32:48.200,3197.6000,5627,0,61431720.000,0,-,-,-,-,3197.0000,3196.6000,3195.0000,3194.0000,3188.0000,3198.6000,3198.8000,3199.6000,3200.6000,3200.8000,1,1,1,1,2,1,1,2,3,3
SF,IH2103,2020-09-17 09:32:48.700,3197.6000,5627,0,61431720.000,0,-,-,-,-,3197.2000,3197.0000,3196.6000,3195.0000,3194.0000,3198.6000,3199.6000,3200.6000,3200.8000,3202.0000,1,1,1,1,1,1,2,3,3,1
SF,IH2103,2020-09-17 09:32:49.200,3197.6000,5627,0,61431720.000,0,-,-,-,-,3197.2000,3197.0000,3196.6000,3195.0000,3194.0000,3198.6000,3199.6000,3200.6000,3200.8000,3202.0000,2,1,1,1,1,1,2,3,3,1
SF,IH2103,2020-09-17 09:32:49.700,3197.6000,5627,0,61431720.000,0,-,-,-,-,3197.2000,3197.0000,3196.6000,3195.0000,3194.0000,3198.2000,3198.6000,3199.6000,3200.6000,3200.8000,2,1,1,1,1,1,1,2,3,3
SF,IH2103,2020-09-17 09:32:50.200,3198.2000,5626,-1,62391180.000,1,0,1,双平,S,3197.2000,3197.0000,3196.6000,3195.0000,3194.0000,3198.6000,3199.6000,3200.6000,3200.8000,3202.0000,2,1,1,1,1,1,2,3,3,1
SF,IH2103,2020-09-17 09:32:51.200,3198.6000,5625,-1,63350760.000,1,0,1,双平,S,3197.2000,3197.0000,3196.6000,3195.0000,3194.0000,3199.6000,3200.6000,3200.8000,3202.0000,3205.0000,2,1,1,1,1,2,3,3,1,1
SF,IH2103,2020-09-17 09:32:51.700,3198.6000,5625,0,63350760.000,0,-,-,-,-,3197.4000,3195.0000,3194.0000,3188.0000,3186.2000,3199.4000,3199.6000,3200.6000,3200.8000,3202.0000,2,1,1,2,1,2,2,3,3,1
SF,IH2103,2020-09-17 09:32:53.700,3198.6000,5625,0,63350760.000,0,-,-,-,-,3197.6000,3197.4000,3195.0000,3194.0000,3188.0000,3199.0000,3199.4000,3199.6000,3200.6000,3200.8000,1,2,1,1,2,1,2,2,3,3
SF,IH2103,2020-09-17 09:32:54.200,3198.6000,5625,0,63350760.000,0,-,-,-,-,3197.8000,3197.4000,3195.0000,3194.0000,3188.0000,3199.0000,3199.4000,3199.6000,3200.6000,3200.8000,1,1,1,1,2,1,2,2,3,3
SF,IH2103,2020-09-17 09:32:55.700,3198.6000,5625,0,63350760.000,0,-,-,-,-,3197.8000,3197.4000,3195.0000,3194.0000,3188.0000,3199.4000,3199.6000,3200.6000,3200.8000,3202.0000,1,1,1,1,2,2,2,3,3,1
SF,IH2103,2020-09-17 09:32:56.700,3198.6000,5625,0,63350760.000,0,-,-,-,-,3197.8000,3197.4000,3195.0000,3194.0000,3188.0000,3198.8000,3199.4000,3199.6000,3200.6000,3200.8000,1,1,1,1,2,1,2,2,3,3
SF,IH2103,2020-09-17 09:32:57.200,3198.6000,5625,0,63350760.000,0,-,-,-,-,3197.8000,3195.0000,3194.0000,3188.0000,3186.2000,3198.8000,3199.4000,3199.6000,3200.6000,3200.8000,1,1,1,2,1,1,2,2,3,3
SF,IH2103,2020-09-17 09:32:57.700,3197.8000,5624,-1,64310100.000,1,0,1,双平,S,3195.0000,3194.0000,3188.0000,3186.2000,3181.2000,3198.8000,3199.4000,3199.6000,3200.6000,3200.8000,1,1,2,1,1,1,2,2,3,3
SF,IH2103,2020-09-17 09:32:58.200,3197.8000,5624,0,64310100.000,0,-,-,-,-,3195.2000,3195.0000,3194.0000,3188.0000,3186.2000,3198.8000,3199.4000,3199.6000,3200.6000,3200.8000,2,1,1,2,1,1,1,2,3,3
SF,IH2103,2020-09-17 09:32:58.700,3197.8000,5624,0,64310100.000,0,-,-,-,-,3195.2000,3195.0000,3194.0000,3188.0000,3186.2000,3198.6000,3198.8000,3199.4000,3199.6000,3200.6000,2,1,1,2,1,1,1,1,2,3
SF,IH2103,2020-09-17 09:32:59.200,3197.8000,5624,0,64310100.000,0,-,-,-,-,3195.8000,3195.2000,3195.0000,3194.0000,3188.0000,3198.6000,3198.8000,3199.4000,3199.6000,3200.6000,2,2,1,1,2,1,1,1,2,3
SF,IH2103,2020-09-17 09:32:59.700,3197.8000,5624,0,64310100.000,0,-,-,-,-,3196.2000,3196.0000,3195.8000,3195.0000,3194.0000,3198.6000,3198.8000,3199.4000,3199.6000,3200.6000,2,2,1,1,1,1,1,1,2,3
SF,IH2103,2020-09-17 09:33:00.200,3197.8000,5624,0,64310100.000,0,-,-,-,-,3196.6000,3196.4000,3195.8000,3195.0000,3194.0000,3198.6000,3199.4000,3199.6000,3200.6000,3200.8000,2,2,1,1,1,1,1,2,3,3
SF,IH2103,2020-09-17 09:33:00.700,3197.8000,5624,0,64310100.000,0,-,-,-,-,3196.8000,3196.6000,3195.8000,3195.0000,3194.0000,3198.6000,3199.4000,3199.6000,3200.6000,3200.8000,2,2,1,1,1,1,1,2,3,3
SF,IH2103,2020-09-17 09:33:01.200,3198.6000,5623,-1,65269680.000,1,0,1,双平,S,3196.8000,3195.8000,3195.0000,3194.0000,3188.0000,3199.4000,3199.6000,3200.6000,3200.8000,3202.0000,4,1,1,1,2,1,2,3,3,1
SF,IH2103,2020-09-17 09:33:01.700,3196.8000,5622,-1,66228720.000,1,0,1,双平,S,3196.8000,3195.0000,3194.0000,3188.0000,3186.2000,3199.2000,3199.4000,3199.6000,3200.6000,3200.8000,1,1,1,2,1,1,1,2,3,3
SF,IH2103,2020-09-17 09:33:02.200,3196.8000,5622,0,66228720.000,0,-,-,-,-,3196.8000,3195.0000,3194.0000,3188.0000,3186.2000,3199.2000,3199.4000,3199.6000,3200.6000,3200.8000,1,1,1,1,1,1,1,2,3,3
SF,IH2103,2020-09-17 09:33:02.700,3196.8000,5621,-1,67187760.000,1,0,1,双平,S,3195.0000,3194.0000,3192.0000,3188.0000,3186.2000,3198.0000,3199.0000,3199.2000,3199.4000,3199.6000,1,1,1,1,1,1,1,1,1,2
SF,IH2103,2020-09-17 09:33:03.200,3196.8000,5621,0,67187760.000,0,-,-,-,-,3195.2000,3195.0000,3194.0000,3192.0000,3188.0000,3197.8000,3199.6000,3200.6000,3200.8000,3202.0000,1,1,1,1,1,2,2,2,3,1
SF,IH2103,2020-09-17 09:33:03.700,3196.8000,5621,0,67187760.000,0,-,-,-,-,3195.2000,3195.0000,3194.0000,3192.0000,3188.0000,3197.4000,3197.8000,3199.6000,3200.6000,3200.8000,1,1,1,1,1,1,2,2,2,3
SF,IH2103,2020-09-17 09:33:04.200,3196.8000,5621,0,67187760.000,0,-,-,-,-,3195.2000,3195.0000,3194.0000,3192.0000,3188.0000,3197.2000,3197.4000,3199.6000,3200.6000,3200.8000,1,1,1,1,1,2,1,2,2,3
SF,IH2103,2020-09-17 09:33:05.700,3196.8000,5621,0,67187760.000,0,-,-,-,-,3195.2000,3195.0000,3194.0000,3192.0000,3188.0000,3197.2000,3199.6000,3200.6000,3200.8000,3202.0000,1,1,1,1,1,2,2,2,3,1
SF,IH2103,2020-09-17 09:33:07.200,3196.8000,5621,0,67187760.000,0,-,-,-,-,3195.4000,3195.2000,3195.0000,3194.0000,3192.0000,3197.2000,3199.6000,3200.6000,3200.8000,3202.0000,2,1,1,1,1,2,2,2,3,1
SF,IH2103,2020-09-17 09:33:07.700,3196.8000,5621,0,67187760.000,0,-,-,-,-,3195.6000,3195.4000,3195.0000,3194.0000,3192.0000,3197.2000,3199.6000,3200.6000,3200.8000,3202.0000,1,2,1,1,1,1,2,2,3,1
SF,IH2103,2020-09-17 09:33:08.200,3196.8000,5621,0,67187760.000,0,-,-,-,-,3195.8000,3195.6000,3195.0000,3194.0000,3192.0000,3197.2000,3199.6000,3200.6000,3200.8000,3202.0000,2,1,1,1,1,1,2,2,3,1
SF,IH2103,2020-09-17 09:33:09.200,3197.2000,5620,-1,68146920.000,1,0,1,双平,S,3197.2000,3195.8000,3195.6000,3195.0000,3194.0000,3199.6000,3200.6000,3200.8000,3202.0000,3205.0000,2,2,1,1,1,2,2,3,1,1
SF,IH2103,2020-09-17 09:33:09.700,3197.2000,5620,0,68146920.000,0,-,-,-,-,3197.4000,3197.2000,3195.6000,3195.0000,3194.0000,3198.6000,3199.0000,3199.4000,3199.6000,3200.6000,1,2,1,1,1,1,2,1,2,2
SF,IH2103,2020-09-17 09:33:10.200,3197.2000,5620,0,68146920.000,0,-,-,-,-,3197.2000,3195.6000,3195.0000,3194.0000,3192.0000,3198.6000,3199.4000,3199.6000,3200.6000,3200.8000,2,1,1,1,1,1,1,2,2,3
SF,IH2103,2020-09-17 09:33:10.700,3197.2000,5620,0,68146920.000,0,-,-,-,-,3197.4000,3197.2000,3195.2000,3195.0000,3194.0000,3198.4000,3198.6000,3199.4000,3199.6000,3200.6000,1,2,1,1,1,1,1,1,2,2
SF,IH2103,2020-09-17 09:33:11.700,3198.6000,5618,-2,70066020.000,2,0,2,双平,S,3198.4000,3197.4000,3197.2000,3195.2000,3195.0000,3199.4000,3199.6000,3200.6000,3200.8000,3202.0000,1,1,2,1,1,1,2,2,3,1
SF,IH2103,2020-09-17 09:33:12.200,3198.6000,5618,0,70066020.000,0,-,-,-,-,3198.6000,3198.4000,3197.4000,3197.2000,3195.8000,3199.4000,3199.6000,3200.6000,3200.8000,3202.0000,1,1,1,2,1,1,2,2,3,1
SF,IH2103,2020-09-17 09:33:12.700,3198.6000,5618,0,70066020.000,0,-,-,-,-,3199.4000,3198.8000,3198.6000,3198.4000,3197.4000,3199.6000,3200.6000,3200.8000,3202.0000,3205.0000,1,1,1,1,1,2,2,3,1,1
SF,IH2103,2020-09-17 09:33:13.200,3199.4000,5617,-1,71025840.000,1,0,1,双平,S,3198.8000,3198.6000,3198.4000,3197.4000,3197.2000,3199.6000,3200.6000,3200.8000,3202.0000,3205.0000,1,1,1,1,2,2,2,3,1,1
SF,IH2103,2020-09-17 09:33:13.700,3199.6000,5615,-2,72945600.000,2,0,2,双平,S,3199.0000,3198.8000,3198.6000,3198.4000,3197.2000,3200.6000,3200.8000,3202.0000,3205.0000,3209.6000,1,1,1,1,2,2,3,1,1,1
SF,IH2103,2020-09-17 09:33:14.200,3199.6000,5615,0,72945600.000,0,-,-,-,-,3199.0000,3198.8000,3198.6000,3198.4000,3197.2000,3200.6000,3200.8000,3202.0000,3205.0000,3209.6000,1,1,1,1,2,3,3,1,1,1
SF,IH2103,2020-09-17 09:33:14.700,3199.6000,5615,0,72945600.000,0,-,-,-,-,3199.0000,3198.8000,3198.6000,3198.4000,3197.2000,3200.6000,3200.8000,3202.0000,3205.0000,3209.6000,1,1,1,1,2,2,3,1,1,1
SF,IH2103,2020-09-17 09:33:15.200,3199.0000,5614,-1,73905300.000,1,0,1,双平,S,3198.8000,3198.6000,3198.4000,3197.2000,3195.8000,3199.0000,3200.6000,3200.8000,3202.0000,3205.0000,1,1,1,2,1,1,2,3,1,1
SF,IH2103,2020-09-17 09:33:15.700,3199.0000,5614,0,74865000.000,1,0,1,多换,S,3199.2000,3198.6000,3198.4000,3197.2000,3195.8000,3200.6000,3200.8000,3202.0000,3205.0000,3209.6000,2,1,1,2,1,3,3,1,1,1
SF,IH2103,2020-09-17 09:33:16.200,3199.0000,5614,0,74865000.000,0,-,-,-,-,3199.2000,3199.0000,3198.6000,3198.4000,3197.2000,3200.4000,3200.6000,3200.8000,3202.0000,3205.0000,2,1,1,1,2,1,3,3,1,1
SF,IH2103,2020-09-17 09:33:17.700,3199.0000,5614,0,74865000.000,0,-,-,-,-,3199.2000,3199.0000,3198.6000,3198.4000,3197.2000,3200.4000,3200.6000,3200.8000,3202.0000,3205.0000,2,1,1,1,2,1,2,3,1,1
SF,IH2103,2020-09-17 09:33:18.700,3199.0000,5614,0,74865000.000,0,-,-,-,-,3199.2000,3198.6000,3198.4000,3197.2000,3195.8000,3200.4000,3200.6000,3200.8000,3202.0000,3205.0000,2,1,1,2,1,1,2,3,1,1
SF,IH2103,2020-09-17 09:33:19.200,3199.0000,5614,0,74865000.000,0,-,-,-,-,3199.4000,3199.2000,3198.6000,3198.4000,3197.2000,3200.4000,3200.6000,3200.8000,3202.0000,3205.0000,1,2,1,1,2,1,2,3,1,1
SF,IH2103,2020-09-17 09:33:20.700,3199.4000,5613,-1,75824820.000,1,0,1,双平,S,3199.2000,3198.6000,3198.4000,3197.2000,3195.8000,3200.4000,3200.6000,3200.8000,3202.0000,3205.0000,2,1,1,2,1,1,2,3,1,1
SF,IH2103,2020-09-17 09:33:21.200,3199.4000,5613,0,75824820.000,0,-,-,-,-,3198.6000,3198.4000,3197.2000,3195.8000,3195.0000,3200.4000,3200.6000,3200.8000,3202.0000,3205.0000,1,1,2,1,1,1,2,3,1,1
SF,IH2103,2020-09-17 09:33:22.200,3199.4000,5613,0,75824820.000,0,-,-,-,-,3198.6000,3198.4000,3197.2000,3195.8000,3195.0000,3199.8000,3200.4000,3200.6000,3200.8000,3202.0000,1,1,2,1,1,1,1,2,3,1
SF,IH2103,2020-09-17 09:33:23.700,3199.8000,5612,-1,76784760.000,1,0,1,双平,S,3198.6000,3198.4000,3197.2000,3195.8000,3195.0000,3200.4000,3200.6000,3200.8000,3202.0000,3205.0000,1,1,2,1,1,1,2,3,1,1
SF,IH2103,2020-09-17 09:33:26.700,3199.8000,5612,0,76784760.000,0,-,-,-,-,3199.0000,3198.6000,3198.4000,3197.2000,3195.8000,3200.4000,3200.6000,3200.8000,3202.0000,3205.0000,1,1,1,2,1,1,2,3,1,1
SF,IH2103,2020-09-17 09:33:27.200,3199.8000,5612,0,76784760.000,0,-,-,-,-,3198.6000,3198.4000,3197.2000,3195.8000,3195.0000,3200.4000,3200.6000,3200.8000,3202.0000,3205.0000,1,1,2,1,1,2,2,3,1,1
SF,IH2103,2020-09-17 09:33:27.700,3199.8000,5612,0,76784760.000,0,-,-,-,-,3198.6000,3198.4000,3197.2000,3195.8000,3195.0000,3200.0000,3200.4000,3200.6000,3200.8000,3202.0000,1,1,2,1,1,1,1,2,3,1
SF,IH2103,2020-09-17 09:33:28.200,3199.8000,5612,0,76784760.000,0,-,-,-,-,3198.6000,3198.4000,3197.2000,3195.8000,3195.0000,3199.8000,3200.0000,3200.6000,3200.8000,3202.0000,1,1,2,1,1,1,1,2,3,1
SF,IH2103,2020-09-17 09:33:28.700,3199.8000,5612,0,76784760.000,0,-,-,-,-,3199.0000,3198.8000,3198.6000,3198.4000,3197.2000,3199.8000,3200.0000,3200.6000,3200.8000,3202.0000,1,3,1,1,2,1,1,2,3,1
SF,IH2103,2020-09-17 09:33:29.200,3200.0000,5611,-1,78704700.000,2,0,2,多平,S,3198.8000,3198.6000,3198.4000,3197.2000,3195.8000,3200.6000,3200.8000,3202.0000,3205.0000,3209.6000,3,1,1,2,1,2,3,1,1,1
SF,IH2103,2020-09-17 09:33:29.700,3200.0000,5611,0,78704700.000,0,-,-,-,-,3199.8000,3199.0000,3198.8000,3198.6000,3198.4000,3200.4000,3200.6000,3200.8000,3202.0000,3205.0000,1,1,3,1,1,1,3,3,1,1
SF,IH2103,2020-09-17 09:33:30.200,3200.4000,5610,-1,79664820.000,1,0,1,双平,S,3199.8000,3199.2000,3199.0000,3198.8000,3198.6000,3200.6000,3200.8000,3202.0000,3205.0000,3209.6000,1,1,1,3,1,3,3,1,1,1
SF,IH2103,2020-09-17 09:33:30.700,3200.4000,5610,0,79664820.000,0,-,-,-,-,3200.0000,3199.8000,3198.6000,3198.4000,3195.8000,3200.6000,3200.8000,3202.0000,3205.0000,3209.6000,1,1,1,1,1,3,3,1,1,1
SF,IH2103,2020-09-17 09:33:31.200,3200.4000,5610,0,79664820.000,0,-,-,-,-,3200.0000,3199.8000,3198.6000,3198.4000,3195.8000,3200.6000,3200.8000,3202.0000,3205.0000,3209.6000,1,1,1,1,1,2,3,1,1,1
SF,IH2103,2020-09-17 09:33:31.700,3200.0000,5609,-1,80624820.000,1,0,1,双平,S,3199.8000,3198.6000,3198.4000,3195.8000,3195.0000,3200.6000,3200.8000,3202.0000,3205.0000,3209.6000,1,1,1,1,1,3,3,1,1,1
SF,IH2103,2020-09-17 09:33:32.200,3200.0000,5609,0,80624820.000,0,-,-,-,-,3199.8000,3198.6000,3198.4000,3195.8000,3195.0000,3200.6000,3200.8000,3202.0000,3205.0000,3209.6000,1,1,1,1,1,3,3,1,1,1
SF,IH2103,2020-09-17 09:33:32.700,3200.0000,5609,0,80624820.000,0,-,-,-,-,3199.8000,3198.6000,3198.4000,3195.8000,3195.0000,3200.6000,3200.8000,3202.0000,3205.0000,3209.6000,1,1,1,1,1,2,3,1,1,1
SF,IH2103,2020-09-17 09:33:33.200,3200.0000,5609,0,80624820.000,0,-,-,-,-,3199.8000,3198.6000,3198.4000,3195.8000,3195.0000,3200.6000,3200.8000,3202.0000,3205.0000,3209.6000,1,1,1,1,1,3,3,1,1,1
SF,IH2103,2020-09-17 09:33:33.700,3200.0000,5609,0,80624820.000,0,-,-,-,-,3199.8000,3198.6000,3198.4000,3195.8000,3195.0000,3200.6000,3200.8000,3205.0000,3209.6000,3209.8000,1,1,1,1,1,2,3,1,1,1
SF,IH2103,2020-09-17 09:33:34.200,3200.0000,5609,0,80624820.000,0,-,-,-,-,3198.6000,3198.4000,3195.8000,3195.0000,3194.0000,3200.6000,3200.8000,3205.0000,3209.6000,3209.8000,1,1,1,1,1,2,3,1,1,1
SF,IH2103,2020-09-17 09:33:34.700,3200.0000,5609,0,80624820.000,0,-,-,-,-,3198.8000,3198.6000,3198.4000,3197.6000,3195.8000,3200.6000,3200.8000,3205.0000,3209.6000,3209.8000,3,1,1,1,1,2,3,1,1,1
SF,IH2103,2020-09-17 09:33:35.200,3200.0000,5609,0,80624820.000,0,-,-,-,-,3198.8000,3198.6000,3198.4000,3197.6000,3195.8000,3200.6000,3200.8000,3205.0000,3209.6000,3209.8000,2,1,1,1,1,3,3,1,1,1
SF,IH2103,2020-09-17 09:33:35.700,3200.0000,5609,0,80624820.000,0,-,-,-,-,3199.2000,3198.8000,3198.6000,3198.4000,3197.6000,3200.4000,3200.6000,3200.8000,3205.0000,3209.6000,1,2,1,1,1,1,2,3,1,1
SF,IH2103,2020-09-17 09:33:36.200,3200.0000,5609,0,80624820.000,0,-,-,-,-,3199.2000,3198.8000,3198.6000,3198.4000,3197.6000,3200.4000,3200.6000,3200.8000,3205.0000,3209.6000,1,2,1,1,1,1,3,3,1,1
SF,IH2103,2020-09-17 09:33:36.700,3200.0000,5609,0,80624820.000,0,-,-,-,-,3198.8000,3198.6000,3198.4000,3197.6000,3195.8000,3200.4000,3200.6000,3200.8000,3205.0000,3209.6000,2,1,1,1,1,1,2,3,1,1
SF,IH2103,2020-09-17 09:33:37.200,3200.0000,5609,0,80624820.000,0,-,-,-,-,3199.0000,3198.8000,3198.6000,3198.4000,3197.6000,3200.4000,3200.6000,3200.8000,3205.0000,3209.6000,2,2,1,1,1,1,2,3,1,1
SF,IH2103,2020-09-17 09:33:37.700,3200.0000,5609,0,80624820.000,0,-,-,-,-,3199.2000,3199.0000,3198.8000,3198.6000,3198.4000,3200.6000,3200.8000,3205.0000,3209.6000,3209.8000,1,2,1,1,1,2,3,1,1,1
SF,IH2103,2020-09-17 09:33:38.200,3200.0000,5609,0,80624820.000,0,-,-,-,-,3199.2000,3198.8000,3198.6000,3198.4000,3197.6000,3200.6000,3200.8000,3205.0000,3209.6000,3209.8000,1,1,1,1,1,2,3,1,1,1
SF,IH2103,2020-09-17 09:33:38.700,3200.0000,5609,0,80624820.000,0,-,-,-,-,3199.2000,3198.8000,3198.6000,3198.4000,3197.6000,3200.4000,3200.6000,3200.8000,3205.0000,3209.6000,1,1,1,1,1,1,2,3,1,1
SF,IH2103,2020-09-17 09:33:40.700,3200.0000,5609,0,80624820.000,0,-,-,-,-,3199.2000,3198.8000,3198.6000,3198.4000,3197.6000,3200.4000,3200.6000,3200.8000,3204.0000,3205.0000,1,1,1,1,1,1,2,3,1,1
SF,IH2103,2020-09-17 09:33:41.700,3200.0000,5609,0,80624820.000,0,-,-,-,-,3199.2000,3198.8000,3198.6000,3198.4000,3197.6000,3200.6000,3200.8000,3204.0000,3205.0000,3209.6000,1,1,1,1,1,2,3,1,1,1
SF,IH2103,2020-09-17 09:33:42.200,3200.0000,5609,0,80624820.000,0,-,-,-,-,3199.2000,3198.8000,3198.6000,3198.4000,3197.6000,3200.4000,3200.6000,3200.8000,3204.0000,3205.0000,1,1,1,1,1,1,2,3,1,1
SF,IH2103,2020-09-17 09:33:42.700,3200.0000,5609,0,80624820.000,0,-,-,-,-,3199.2000,3198.6000,3198.4000,3197.6000,3195.8000,3200.4000,3200.6000,3200.8000,3204.0000,3205.0000,1,1,1,1,1,1,2,3,1,1
SF,IH2103,2020-09-17 09:33:44.200,3199.2000,5608,-1,81584580.000,1,0,1,双平,S,3198.6000,3198.4000,3197.6000,3195.8000,3195.0000,3199.2000,3200.4000,3200.6000,3200.8000,3204.0000,1,1,1,1,1,1,1,2,3,1
SF,IH2103,2020-09-17 09:33:44.700,3199.2000,5608,0,81584580.000,0,-,-,-,-,3198.4000,3197.6000,3195.8000,3195.0000,3194.0000,3199.2000,3200.4000,3200.6000,3200.8000,3204.0000,1,1,1,1,1,1,1,3,3,1
SF,IH2103,2020-09-17 09:33:45.200,3199.2000,5608,0,82544340.000,1,0,1,多换,S,3198.8000,3198.4000,3197.6000,3196.4000,3195.8000,3200.4000,3200.6000,3200.8000,3204.0000,3205.0000,3,1,1,1,1,1,3,3,1,1
SF,IH2103,2020-09-17 09:33:45.700,3199.2000,5608,0,82544340.000,0,-,-,-,-,3198.4000,3197.6000,3195.8000,3195.0000,3194.0000,3200.4000,3200.6000,3200.8000,3204.0000,3205.0000,1,1,1,1,1,1,3,3,1,1
SF,IH2103,2020-09-17 09:33:46.200,3199.2000,5608,0,82544340.000,0,-,-,-,-,3198.4000,3197.6000,3195.8000,3195.0000,3194.0000,3200.2000,3200.4000,3200.6000,3200.8000,3204.0000,1,1,1,1,1,2,1,3,3,1
SF,IH2103,2020-09-17 09:33:46.700,3199.2000,5608,0,82544340.000,0,-,-,-,-,3198.4000,3197.6000,3195.8000,3195.0000,3194.0000,3199.8000,3200.0000,3200.2000,3200.6000,3200.8000,1,1,1,1,1,1,1,2,3,3
SF,IH2103,2020-09-17 09:33:47.200,3199.2000,5608,0,82544340.000,0,-,-,-,-,3198.4000,3197.6000,3195.8000,3195.0000,3194.0000,3199.6000,3199.8000,3200.2000,3200.6000,3200.8000,1,1,1,1,1,1,1,2,3,3
SF,IH2103,2020-09-17 09:33:48.200,3199.2000,5608,0,82544340.000,0,-,-,-,-,3198.4000,3197.6000,3195.8000,3195.0000,3194.0000,3199.6000,3199.8000,3200.2000,3200.6000,3200.8000,1,1,1,1,1,1,1,2,3,3
SF,IH2103,2020-09-17 09:33:49.200,3199.2000,5608,0,82544340.000,0,-,-,-,-,3198.4000,3197.6000,3195.8000,3195.0000,3194.0000,3199.4000,3199.6000,3200.2000,3200.6000,3200.8000,1,1,1,1,1,1,1,1,3,3
SF,IH2103,2020-09-17 09:33:49.700,3199.2000,5608,0,82544340.000,0,-,-,-,-,3197.6000,3195.8000,3195.0000,3194.0000,3192.0000,3199.2000,3199.4000,3200.2000,3200.6000,3200.8000,1,1,1,1,1,1,1,1,3,3
SF,IH2103,2020-09-17 09:33:50.200,3199.2000,5608,0,82544340.000,0,-,-,-,-,3197.8000,3197.6000,3196.4000,3195.8000,3195.0000,3198.8000,3199.2000,3199.4000,3200.2000,3200.6000,2,1,1,1,1,1,1,1,1,3
SF,IH2103,2020-09-17 09:33:50.700,3198.8000,5607,-1,83503980.000,1,0,1,双平,S,3197.8000,3197.6000,3196.4000,3195.8000,3195.0000,3199.2000,3199.4000,3200.2000,3200.6000,3200.8000,2,1,1,1,1,1,1,1,3,3
SF,IH2103,2020-09-17 09:33:51.200,3198.8000,5607,0,83503980.000,0,-,-,-,-,3197.8000,3197.6000,3196.4000,3195.8000,3195.0000,3199.2000,3200.2000,3200.6000,3200.8000,3204.0000,2,1,1,1,1,1,1,3,3,1
SF,IH2103,2020-09-17 09:33:53.200,3199.2000,5606,-1,84463740.000,1,0,1,双平,S,3199.2000,3197.8000,3197.6000,3196.4000,3195.8000,3200.2000,3200.6000,3200.8000,3204.0000,3205.0000,1,2,1,1,1,1,3,3,1,1
SF,IH2103,2020-09-17 09:33:53.700,3199.2000,5606,0,84463740.000,0,-,-,-,-,3197.6000,3195.8000,3195.0000,3194.0000,3192.0000,3200.0000,3200.6000,3200.8000,3204.0000,3205.0000,1,1,1,1,1,1,3,3,1,1
SF,IH2103,2020-09-17 09:33:54.200,3199.2000,5606,0,84463740.000,0,-,-,-,-,3198.0000,3197.8000,3197.6000,3196.2000,3195.8000,3200.0000,3200.6000,3200.8000,3202.0000,3204.0000,3,2,1,1,1,1,3,3,1,1
SF,IH2103,2020-09-17 09:33:54.700,3199.2000,5606,0,84463740.000,0,-,-,-,-,3198.2000,3198.0000,3197.6000,3196.2000,3195.8000,3199.6000,3200.0000,3200.6000,3200.8000,3202.0000,4,1,1,1,1,2,1,3,3,1
SF,IH2103,2020-09-17 09:33:55.200,3199.2000,5606,0,84463740.000,0,-,-,-,-,3198.4000,3198.2000,3198.0000,3197.6000,3196.2000,3200.0000,3200.6000,3200.8000,3204.0000,3205.0000,3,3,1,1,1,1,3,3,1,1
SF,IH2103,2020-09-17 09:33:55.700,3199.2000,5606,0,84463740.000,0,-,-,-,-,3198.6000,3198.4000,3198.0000,3197.6000,3196.2000,3200.0000,3200.6000,3200.8000,3204.0000,3205.0000,3,3,1,1,1,1,3,3,1,1
SF,IH2103,2020-09-17 09:33:56.200,3199.2000,5606,0,84463740.000,0,-,-,-,-,3198.6000,3198.0000,3197.6000,3195.8000,3195.0000,3200.0000,3200.6000,3200.8000,3204.0000,3205.0000,3,1,1,1,1,1,3,3,1,1
SF,IH2103,2020-09-17 09:33:56.700,3200.0000,5605,-1,85423740.000,1,0,1,双平,S,3198.6000,3198.0000,3197.6000,3195.8000,3195.0000,3200.6000,3200.8000,3204.0000,3205.0000,3209.6000,3,1,1,1,1,3,3,1,1,1
SF,IH2103,2020-09-17 09:33:57.200,3200.0000,5605,0,85423740.000,0,-,-,-,-,3198.8000,3198.6000,3198.0000,3197.6000,3195.8000,3200.6000,3200.8000,3204.0000,3205.0000,3209.6000,4,1,1,1,1,2,3,1,1,1
SF,IH2103,2020-09-17 09:33:57.700,3199.0000,5605,0,86383440.000,1,0,1,多换,S,3199.0000,3198.8000,3198.0000,3197.6000,3195.8000,3200.6000,3200.8000,3204.0000,3205.0000,3209.6000,4,4,1,1,1,2,3,1,1,1
SF,IH2103,2020-09-17 09:33:58.200,3199.0000,5605,0,86383440.000,0,-,-,-,-,3199.0000,3198.8000,3197.6000,3195.8000,3195.0000,3200.6000,3200.8000,3204.0000,3205.0000,3209.6000,4,2,1,1,1,3,3,1,1,1
SF,IH2103,2020-09-17 09:33:58.700,3199.0000,5605,0,86383440.000,0,-,-,-,-,3199.2000,3199.0000,3198.8000,3197.6000,3195.8000,3200.6000,3200.8000,3204.0000,3205.0000,3209.6000,2,1,1,1,1,2,3,1,1,1
SF,IH2103,2020-09-17 09:33:59.200,3199.0000,5605,0,86383440.000,0,-,-,-,-,3199.4000,3198.8000,3197.6000,3195.8000,3195.0000,3200.0000,3200.6000,3200.8000,3204.0000,3205.0000,2,1,1,1,1,2,2,3,1,1
SF,IH2103,2020-09-17 09:33:59.700,3199.4000,5604,-1,87343260.000,1,0,1,双平,S,3199.4000,3197.6000,3195.8000,3195.0000,3194.0000,3200.0000,3200.6000,3200.8000,3204.0000,3205.0000,1,1,1,1,1,2,2,3,1,1
SF,IH2103,2020-09-17 09:34:00.200,3199.4000,5603,-1,88303080.000,1,0,1,双平,S,3197.6000,3196.4000,3195.8000,3195.0000,3194.0000,3200.0000,3200.6000,3200.8000,3204.0000,3205.0000,1,1,1,1,1,2,2,3,1,1
SF,IH2103,2020-09-17 09:34:00.700,3199.4000,5603,0,88303080.000,0,-,-,-,-,3198.0000,3197.8000,3197.6000,3196.4000,3195.8000,3200.0000,3200.6000,3200.8000,3204.0000,3205.0000,2,3,1,1,1,2,2,3,1,1
SF,IH2103,2020-09-17 09:34:01.200,3199.4000,5603,0,88303080.000,0,-,-,-,-,3198.2000,3197.8000,3197.6000,3196.4000,3195.8000,3200.0000,3200.6000,3200.8000,3204.0000,3205.0000,4,1,1,1,1,2,2,3,1,1
SF,IH2103,2020-09-17 09:34:01.700,3199.4000,5603,0,88303080.000,0,-,-,-,-,3198.4000,3198.2000,3197.6000,3196.4000,3195.8000,3200.0000,3200.6000,3200.8000,3204.0000,3205.0000,1,4,1,1,1,2,2,3,1,1
SF,IH2103,2020-09-17 09:34:02.200,3199.4000,5603,0,88303080.000,0,-,-,-,-,3198.6000,3198.4000,3198.2000,3197.6000,3196.4000,3200.0000,3200.6000,3200.8000,3204.0000,3205.0000,3,1,1,1,1,2,2,3,1,1
SF,IH2103,2020-09-17 09:34:04.200,3199.4000,5603,0,88303080.000,0,-,-,-,-,3199.0000,3198.6000,3198.4000,3198.2000,3197.6000,3200.6000,3200.8000,3204.0000,3205.0000,3209.8000,1,3,1,1,1,2,3,1,1,1
SF,IH2103,2020-09-17 09:34:04.700,3199.4000,5603,0,88303080.000,0,-,-,-,-,3199.2000,3199.0000,3198.4000,3197.6000,3195.8000,3200.6000,3200.8000,3204.0000,3205.0000,3209.8000,1,1,1,1,1,2,3,1,1,1
SF,IH2103,2020-09-17 09:34:05.200,3199.4000,5603,0,88303080.000,0,-,-,-,-,3199.2000,3199.0000,3198.4000,3197.6000,3195.8000,3199.6000,3200.0000,3200.6000,3200.8000,3204.0000,2,1,1,1,1,2,1,2,3,1
SF,IH2103,2020-09-17 09:34:05.700,3199.6000,5603,0,90222840.000,2,1,1,多换,S,3199.2000,3199.0000,3198.4000,3197.6000,3195.8000,3200.0000,3200.6000,3200.8000,3204.0000,3205.0000,2,1,1,1,1,1,2,3,1,1
SF,IH2103,2020-09-17 09:34:06.200,3199.6000,5603,0,90222840.000,0,-,-,-,-,3199.2000,3199.0000,3198.4000,3197.6000,3195.8000,3200.0000,3200.6000,3200.8000,3204.0000,3205.0000,1,1,1,1,1,1,2,3,1,1
SF,IH2103,2020-09-17 09:34:06.700,3199.6000,5603,0,90222840.000,0,-,-,-,-,3199.2000,3197.6000,3195.8000,3195.0000,3194.0000,3200.0000,3200.6000,3200.8000,3204.0000,3205.0000,1,1,1,1,1,1,2,3,1,1
SF,IH2103,2020-09-17 09:34:07.200,3199.2000,5602,-1,91182600.000,1,0,1,双平,S,3197.6000,3195.8000,3195.0000,3194.0000,3192.0000,3200.0000,3200.6000,3200.8000,3204.0000,3205.0000,1,1,1,1,1,1,2,3,1,1
SF,IH2103,2020-09-17 09:34:07.700,3199.2000,5602,0,91182600.000,0,-,-,-,-,3197.8000,3197.6000,3196.2000,3195.8000,3195.0000,3199.8000,3200.0000,3200.6000,3200.8000,3204.0000,2,1,1,1,1,1,1,2,3,1
SF,IH2103,2020-09-17 09:34:08.200,3199.2000,5602,0,91182600.000,0,-,-,-,-,3198.0000,3197.8000,3197.6000,3196.2000,3195.8000,3199.6000,3199.8000,3200.0000,3200.6000,3200.8000,1,2,1,1,1,1,1,1,2,3
SF,IH2103,2020-09-17 09:34:08.700,3199.2000,5602,0,91182600.000,0,-,-,-,-,3198.0000,3197.8000,3197.6000,3196.2000,3195.8000,3199.6000,3199.8000,3200.0000,3200.6000,3200.8000,2,2,1,1,1,1,1,1,2,3
SF,IH2103,2020-09-17 09:34:09.200,3199.2000,5602,0,91182600.000,0,-,-,-,-,3198.2000,3197.8000,3197.6000,3196.2000,3195.8000,3199.6000,3199.8000,3200.0000,3200.6000,3200.8000,2,2,1,1,1,1,1,1,2,3
SF,IH2103,2020-09-17 09:34:10.200,3199.2000,5602,0,91182600.000,0,-,-,-,-,3198.2000,3197.8000,3197.6000,3196.2000,3195.8000,3199.6000,3199.8000,3200.0000,3200.6000,3200.8000,2,2,1,1,1,1,1,1,2,3
SF,IH2103,2020-09-17 09:34:12.200,3199.2000,5602,0,91182600.000,0,-,-,-,-,3198.4000,3198.2000,3197.8000,3197.6000,3196.2000,3199.6000,3199.8000,3200.0000,3200.6000,3200.8000,1,2,2,1,1,1,1,1,2,3
SF,IH2103,2020-09-17 09:34:12.700,3199.2000,5602,0,91182600.000,0,-,-,-,-,3198.4000,3198.2000,3197.8000,3197.6000,3196.2000,3199.6000,3200.0000,3200.6000,3200.8000,3204.0000,1,2,2,1,1,1,1,2,3,1
SF,IH2103,2020-09-17 09:34:13.200,3199.2000,5602,0,91182600.000,0,-,-,-,-,3198.4000,3197.8000,3197.6000,3196.2000,3195.8000,3199.6000,3200.0000,3200.6000,3200.8000,3204.0000,1,2,1,1,1,1,1,2,3,1
SF,IH2103,2020-09-17 09:34:13.700,3198.4000,5601,-1,92142120.000,1,0,1,双平,S,3197.8000,3197.6000,3196.2000,3195.8000,3195.0000,3199.6000,3200.0000,3200.6000,3200.8000,3204.0000,2,1,1,1,1,1,1,2,3,1
SF,IH2103,2020-09-17 09:34:14.200,3198.4000,5601,0,92142120.000,0,-,-,-,-,3197.8000,3197.6000,3196.2000,3195.8000,3195.0000,3199.6000,3200.0000,3200.6000,3200.8000,3204.0000,1,1,1,1,1,1,1,2,3,1
SF,IH2103,2020-09-17 09:34:19.700,3198.4000,5601,0,92142120.000,0,-,-,-,-,3198.2000,3197.8000,3197.6000,3196.2000,3195.8000,3199.6000,3200.0000,3200.6000,3200.8000,3204.0000,1,1,1,1,1,1,1,2,3,1
SF,IH2103,2020-09-17 09:34:22.700,3198.4000,5601,0,92142120.000,0,-,-,-,-,3197.8000,3197.6000,3196.2000,3195.8000,3195.0000,3199.6000,3200.0000,3200.6000,3200.8000,3204.0000,1,1,1,1,1,1,1,2,3,1
SF,IH2103,2020-09-17 09:34:23.200,3198.4000,5601,0,92142120.000,0,-,-,-,-,3197.6000,3196.2000,3195.8000,3195.0000,3194.0000,3199.6000,3200.0000,3200.6000,3200.8000,3204.0000,1,1,1,1,1,1,1,2,3,1
SF,IH2103,2020-09-17 09:34:23.700,3198.4000,5601,0,92142120.000,0,-,-,-,-,3197.8000,3197.6000,3196.2000,3195.8000,3195.0000,3199.6000,3200.0000,3200.6000,3200.8000,3204.0000,1,1,1,1,1,1,1,2,3,1
SF,IH2103,2020-09-17 09:34:24.200,3198.4000,5601,0,92142120.000,0,-,-,-,-,3197.8000,3197.6000,3196.2000,3195.8000,3195.0000,3199.6000,3200.6000,3200.8000,3204.0000,3205.0000,1,1,1,1,1,1,2,3,1,1
SF,IH2103,2020-09-17 09:34:24.700,3198.4000,5601,0,92142120.000,0,-,-,-,-,3197.8000,3197.6000,3196.2000,3195.8000,3195.0000,3199.2000,3199.4000,3199.6000,3200.6000,3200.8000,1,1,1,1,1,1,1,1,2,3
SF,IH2103,2020-09-17 09:34:25.200,3198.4000,5601,0,92142120.000,0,-,-,-,-,3197.6000,3196.2000,3195.8000,3195.0000,3194.0000,3199.0000,3199.2000,3199.4000,3200.6000,3200.8000,1,1,1,1,1,1,1,1,2,3
SF,IH2103,2020-09-17 09:34:25.700,3199.0000,5601,0,93101820.000,1,0,1,多换,S,3197.6000,3196.2000,3195.8000,3195.0000,3194.0000,3199.2000,3199.4000,3200.6000,3200.8000,3204.0000,1,1,1,1,1,1,1,2,3,1
SF,IH2103,2020-09-17 09:34:26.200,3199.0000,5601,0,93101820.000,0,-,-,-,-,3197.6000,3196.2000,3195.8000,3195.0000,3194.0000,3199.0000,3199.2000,3200.6000,3200.8000,3204.0000,1,1,1,1,1,1,1,2,3,1
SF,IH2103,2020-09-17 09:34:27.700,3199.0000,5601,0,93101820.000,0,-,-,-,-,3197.6000,3196.2000,3195.8000,3195.0000,3194.0000,3198.8000,3199.0000,3199.2000,3200.6000,3200.8000,1,1,1,1,1,1,1,1,2,3
SF,IH2103,2020-09-17 09:34:28.200,3199.0000,5601,0,93101820.000,0,-,-,-,-,3197.6000,3196.2000,3195.8000,3195.0000,3194.0000,3198.8000,3199.0000,3200.6000,3200.8000,3204.0000,1,1,1,1,1,1,1,2,3,1
SF,IH2103,2020-09-17 09:34:29.700,3199.0000,5601,0,93101820.000,0,-,-,-,-,3197.6000,3196.2000,3195.8000,3195.0000,3194.0000,3198.4000,3199.0000,3200.6000,3200.8000,3204.0000,1,1,1,1,1,1,1,2,3,1
SF,IH2103,2020-09-17 09:34:30.200,3199.0000,5601,0,93101820.000,0,-,-,-,-,3196.2000,3195.8000,3195.0000,3194.0000,3192.0000,3198.4000,3199.0000,3200.6000,3200.8000,3204.0000,1,1,1,1,1,1,1,2,3,1
SF,IH2103,2020-09-17 09:34:30.700,3199.0000,5601,0,93101820.000,0,-,-,-,-,3196.6000,3196.4000,3196.2000,3195.8000,3195.2000,3198.4000,3200.8000,3204.0000,3205.0000,3209.8000,1,2,1,1,1,1,3,1,1,1
SF,IH2103,2020-09-17 09:34:31.200,3199.0000,5601,0,93101820.000,0,-,-,-,-,3196.8000,3196.6000,3196.4000,3196.2000,3195.8000,3198.4000,3200.8000,3204.0000,3205.0000,3209.8000,1,1,1,1,1,1,3,1,1,1
SF,IH2103,2020-09-17 09:34:31.700,3199.0000,5601,0,93101820.000,0,-,-,-,-,3196.8000,3196.4000,3196.2000,3195.8000,3195.2000,3198.4000,3200.8000,3204.0000,3205.0000,3209.8000,1,1,1,1,1,1,3,1,1,1
SF,IH2103,2020-09-17 09:34:34.200,3199.0000,5601,0,93101820.000,0,-,-,-,-,3196.8000,3196.4000,3196.2000,3195.8000,3195.2000,3200.8000,3204.0000,3205.0000,3209.8000,3212.0000,1,1,1,1,1,3,1,1,1,1
SF,IH2103,2020-09-17 09:34:34.700,3199.0000,5601,0,93101820.000,0,-,-,-,-,3197.0000,3196.8000,3196.2000,3195.8000,3195.2000,3197.8000,3199.6000,3200.6000,3200.8000,3204.0000,1,1,1,1,1,1,1,2,3,1
SF,IH2103,2020-09-17 09:34:35.200,3198.4000,5602,1,94061340.000,1,1,0,双开,S,3198.4000,3196.8000,3196.2000,3195.8000,3195.2000,3199.6000,3200.6000,3200.8000,3204.0000,3205.0000,1,1,1,1,1,1,2,3,1,1
SF,IH2103,2020-09-17 09:34:35.700,3196.8000,5602,0,95979900.000,2,1,1,多换,S,3196.2000,3195.8000,3195.0000,3194.0000,3192.0000,3197.2000,3198.4000,3199.4000,3199.6000,3200.6000,1,1,1,1,1,4,2,1,1,1
SF,IH2103,2020-09-17 09:34:36.200,3196.4000,5601,-1,96938820.000,1,0,1,双平,S,3196.2000,3195.8000,3195.0000,3194.0000,3192.0000,3199.4000,3199.6000,3200.6000,3200.8000,3204.0000,1,1,1,1,1,1,1,1,3,1
SF,IH2103,2020-09-17 09:34:36.700,3196.4000,5601,0,96938820.000,0,-,-,-,-,3196.4000,3196.2000,3195.8000,3195.0000,3194.0000,3199.4000,3199.6000,3200.6000,3200.8000,3204.0000,1,1,1,1,1,1,1,1,3,1
SF,IH2103,2020-09-17 09:34:37.200,3196.4000,5601,0,96938820.000,0,-,-,-,-,3196.6000,3196.4000,3196.2000,3195.8000,3195.0000,3199.4000,3199.6000,3200.6000,3200.8000,3204.0000,1,1,1,1,1,1,1,1,3,1
SF,IH2103,2020-09-17 09:34:37.700,3196.4000,5601,0,96938820.000,0,-,-,-,-,3196.8000,3196.6000,3196.2000,3195.8000,3195.0000,3198.0000,3199.2000,3199.4000,3199.6000,3200.6000,1,1,1,1,1,1,1,1,1,1
SF,IH2103,2020-09-17 09:34:38.200,3196.4000,5601,0,96938820.000,0,-,-,-,-,3196.6000,3196.2000,3195.8000,3195.0000,3194.0000,3198.0000,3198.8000,3199.2000,3199.4000,3199.6000,1,1,1,1,1,1,1,1,1,1
SF,IH2103,2020-09-17 09:34:38.700,3196.4000,5600,-1,97897740.000,1,0,1,双平,S,3196.2000,3195.8000,3195.0000,3194.0000,3192.0000,3197.8000,3198.0000,3198.8000,3199.2000,3199.6000,1,1,1,1,1,1,1,1,1,1
SF,IH2103,2020-09-17 09:34:39.200,3196.4000,5600,0,97897740.000,0,-,-,-,-,3197.0000,3196.4000,3196.2000,3195.8000,3195.0000,3197.8000,3198.0000,3198.8000,3199.2000,3199.6000,1,1,1,1,1,1,1,1,1,1
SF,IH2103,2020-09-17 09:34:39.700,3196.4000,5600,0,97897740.000,0,-,-,-,-,3197.0000,3196.2000,3195.8000,3195.0000,3194.0000,3197.8000,3198.0000,3198.8000,3199.2000,3199.6000,1,1,1,1,1,1,1,1,1,1
SF,IH2103,2020-09-17 09:34:40.200,3196.4000,5600,0,97897740.000,0,-,-,-,-,3196.2000,3195.8000,3195.0000,3194.0000,3192.0000,3197.8000,3198.0000,3198.8000,3199.2000,3199.6000,1,1,1,1,1,1,1,1,1,1
SF,IH2103,2020-09-17 09:34:40.700,3197.8000,5599,-1,98857080.000,1,0,1,双平,S,3197.8000,3196.4000,3196.2000,3195.8000,3195.0000,3198.0000,3198.8000,3199.6000,3200.6000,3200.8000,1,2,1,1,1,1,1,1,1,3
SF,IH2103,2020-09-17 09:34:41.200,3197.8000,5598,-1,99816420.000,1,0,1,双平,S,3196.2000,3195.8000,3195.0000,3194.8000,3194.0000,3199.6000,3200.6000,3200.8000,3204.0000,3205.0000,1,1,1,1,1,1,1,3,1,1
SF,IH2103,2020-09-17 09:34:41.700,3197.8000,5598,0,99816420.000,0,-,-,-,-,3196.4000,3196.2000,3195.8000,3195.0000,3194.8000,3199.6000,3200.6000,3200.8000,3204.0000,3205.0000,1,1,1,1,1,1,1,3,1,1
SF,IH2103,2020-09-17 09:34:42.200,3197.8000,5598,0,99816420.000,0,-,-,-,-,3196.4000,3196.2000,3195.8000,3195.0000,3194.8000,3198.8000,3199.6000,3200.6000,3200.8000,3204.0000,1,1,1,1,1,1,1,1,3,1
SF,IH2103,2020-09-17 09:34:42.700,3197.8000,5598,0,99816420.000,0,-,-,-,-,3196.8000,3196.6000,3196.4000,3196.2000,3195.8000,3198.8000,3199.6000,3200.6000,3200.8000,3204.0000,2,1,1,1,1,1,1,1,3,1
SF,IH2103,2020-09-17 09:34:43.200,3197.8000,5598,0,99816420.000,0,-,-,-,-,3197.0000,3196.6000,3196.2000,3195.8000,3195.0000,3198.8000,3199.6000,3200.6000,3200.8000,3204.0000,3,1,1,1,1,1,1,1,3,1
SF,IH2103,2020-09-17 09:34:44.200,3197.8000,5598,0,99816420.000,0,-,-,-,-,3197.0000,3196.2000,3195.8000,3195.0000,3194.8000,3198.8000,3199.6000,3200.6000,3200.8000,3204.0000,3,1,1,1,1,1,1,1,3,1
SF,IH2103,2020-09-17 09:34:45.200,3198.8000,5598,0,100776060.000,1,0,1,多换,S,3197.0000,3196.2000,3195.8000,3195.0000,3194.8000,3199.6000,3200.6000,3200.8000,3204.0000,3205.0000,3,1,1,1,1,1,1,3,1,1
SF,IH2103,2020-09-17 09:34:45.700,3198.8000,5598,0,100776060.000,0,-,-,-,-,3197.0000,3196.2000,3195.8000,3195.0000,3194.8000,3200.6000,3200.8000,3204.0000,3205.0000,3209.8000,3,1,1,1,1,1,3,1,1,1
SF,IH2103,2020-09-17 09:34:46.200,3198.8000,5598,0,100776060.000,0,-,-,-,-,3197.2000,3197.0000,3196.2000,3195.8000,3195.0000,3200.0000,3200.6000,3200.8000,3204.0000,3205.0000,1,1,1,1,1,1,1,3,1,1
SF,IH2103,2020-09-17 09:34:46.700,3198.8000,5598,0,100776060.000,0,-,-,-,-,3197.4000,3197.2000,3196.2000,3195.8000,3195.0000,3200.0000,3200.6000,3200.8000,3204.0000,3205.0000,1,1,1,1,1,1,1,3,1,1
SF,IH2103,2020-09-17 09:34:47.200,3198.8000,5598,0,100776060.000,0,-,-,-,-,3197.6000,3197.4000,3197.2000,3196.2000,3195.8000,3199.6000,3200.0000,3200.6000,3200.8000,3204.0000,2,1,1,1,1,4,1,1,3,1
SF,IH2103,2020-09-17 09:34:47.700,3198.8000,5598,0,100776060.000,0,-,-,-,-,3197.8000,3197.2000,3196.2000,3195.8000,3195.0000,3199.6000,3200.6000,3200.8000,3204.0000,3205.0000,3,1,1,1,1,4,1,3,1,1
SF,IH2103,2020-09-17 09:34:48.200,3198.8000,5598,0,100776060.000,0,-,-,-,-,3197.8000,3196.2000,3195.8000,3195.0000,3194.0000,3199.6000,3200.6000,3200.8000,3204.0000,3205.0000,2,1,1,1,1,3,1,3,1,1
SF,IH2103,2020-09-17 09:34:49.700,3198.8000,5598,0,100776060.000,0,-,-,-,-,3197.8000,3196.2000,3195.8000,3195.0000,3194.0000,3200.6000,3200.8000,3204.0000,3205.0000,3209.8000,2,1,1,1,1,1,3,1,1,1
SF,IH2103,2020-09-17 09:34:50.200,3198.8000,5598,0,100776060.000,0,-,-,-,-,3196.2000,3195.8000,3195.0000,3194.0000,3192.0000,3200.4000,3200.6000,3200.8000,3204.0000,3205.0000,1,1,1,1,1,1,1,3,1,1
SF,IH2103,2020-09-17 09:34:50.700,3198.8000,5598,0,100776060.000,0,-,-,-,-,3198.2000,3197.2000,3196.2000,3195.8000,3195.0000,3200.4000,3200.6000,3200.8000,3204.0000,3205.0000,3,1,1,1,1,1,1,3,1,1
SF,IH2103,2020-09-17 09:34:51.200,3198.8000,5598,0,100776060.000,0,-,-,-,-,3197.2000,3196.2000,3195.8000,3195.0000,3194.0000,3199.8000,3200.4000,3200.8000,3204.0000,3205.0000,1,1,1,1,1,3,1,3,1,1
SF,IH2103,2020-09-17 09:34:51.700,3198.8000,5598,0,100776060.000,0,-,-,-,-,3197.2000,3196.2000,3195.8000,3195.0000,3194.0000,3199.6000,3199.8000,3200.8000,3204.0000,3205.0000,1,1,1,1,1,1,3,3,1,1
SF,IH2103,2020-09-17 09:34:52.200,3198.8000,5598,0,100776060.000,0,-,-,-,-,3197.6000,3197.2000,3196.2000,3195.8000,3195.0000,3199.6000,3199.8000,3200.8000,3204.0000,3205.0000,2,1,1,1,1,1,3,3,1,1
SF,IH2103,2020-09-17 09:34:52.700,3198.8000,5598,0,100776060.000,0,-,-,-,-,3197.8000,3196.2000,3195.8000,3195.0000,3194.0000,3199.6000,3199.8000,3200.8000,3204.0000,3205.0000,2,1,1,1,1,1,3,3,1,1
SF,IH2103,2020-09-17 09:34:53.700,3198.8000,5598,0,100776060.000,0,-,-,-,-,3197.8000,3196.2000,3195.8000,3195.0000,3194.0000,3199.6000,3199.8000,3200.8000,3204.0000,3205.0000,2,1,1,1,1,1,3,3,1,1
SF,IH2103,2020-09-17 09:34:54.700,3198.8000,5598,0,100776060.000,0,-,-,-,-,3197.8000,3196.2000,3195.8000,3195.0000,3194.0000,3199.6000,3199.8000,3200.8000,3204.0000,3205.0000,2,1,1,1,1,1,3,3,1,1
SF,IH2103,2020-09-17 09:34:56.700,3198.8000,5598,0,100776060.000,0,-,-,-,-,3197.8000,3196.2000,3195.8000,3195.0000,3194.0000,3199.6000,3199.8000,3200.8000,3204.0000,3205.0000,2,1,1,1,1,3,3,3,1,1
SF,IH2103,2020-09-17 09:34:57.200,3198.8000,5598,0,100776060.000,0,-,-,-,-,3196.2000,3195.8000,3195.0000,3194.0000,3192.0000,3199.6000,3199.8000,3200.8000,3204.0000,3205.0000,1,1,1,1,1,3,3,3,1,1
SF,IH2103,2020-09-17 09:34:57.700,3198.8000,5598,0,100776060.000,0,-,-,-,-,3197.0000,3196.8000,3196.2000,3195.8000,3195.0000,3199.6000,3199.8000,3200.8000,3204.0000,3205.0000,1,1,1,1,1,3,3,3,1,1
SF,IH2103,2020-09-17 09:34:58.200,3198.8000,5598,0,100776060.000,0,-,-,-,-,3197.0000,3196.8000,3196.2000,3195.8000,3195.0000,3199.6000,3199.8000,3200.8000,3204.0000,3205.0000,1,1,1,1,1,3,3,3,1,1
SF,IH2103,2020-09-17 09:34:58.700,3198.8000,5598,0,100776060.000,0,-,-,-,-,3197.0000,3196.8000,3196.2000,3195.8000,3195.0000,3199.6000,3200.8000,3204.0000,3205.0000,3209.8000,1,1,1,1,1,3,3,1,1,1
SF,IH2103,2020-09-17 09:34:59.200,3198.8000,5598,0,100776060.000,0,-,-,-,-,3197.0000,3196.8000,3196.2000,3195.8000,3195.0000,3199.0000,3199.6000,3200.8000,3204.0000,3205.0000,1,1,1,1,1,3,3,3,1,1
SF,IH2103,2020-09-17 09:34:59.700,3198.8000,5598,0,100776060.000,0,-,-,-,-,3197.0000,3196.8000,3196.2000,3195.8000,3195.0000,3198.8000,3199.0000,3199.6000,3200.8000,3204.0000,1,1,1,1,1,1,3,2,3,1
SF,IH2103,2020-09-17 09:35:00.200,3198.8000,5598,0,100776060.000,0,-,-,-,-,3197.0000,3196.2000,3195.8000,3195.0000,3194.0000,3198.8000,3199.0000,3199.6000,3200.8000,3204.0000,1,1,1,1,1,1,3,2,3,1
SF,IH2103,2020-09-17 09:35:00.700,3198.8000,5598,0,100776060.000,0,-,-,-,-,3197.0000,3196.2000,3195.8000,3195.0000,3194.0000,3198.8000,3199.6000,3200.8000,3204.0000,3205.0000,1,1,1,1,1,1,2,3,1,1
SF,IH2103,2020-09-17 09:35:01.200,3198.8000,5598,0,100776060.000,0,-,-,-,-,3197.2000,3197.0000,3196.2000,3195.8000,3195.0000,3198.8000,3199.6000,3200.8000,3204.0000,3205.0000,3,1,1,1,1,1,2,3,1,1
SF,IH2103,2020-09-17 09:35:01.700,3198.8000,5598,0,100776060.000,0,-,-,-,-,3197.0000,3196.2000,3195.8000,3195.0000,3194.0000,3198.8000,3199.6000,3200.8000,3204.0000,3205.0000,1,1,1,1,1,1,2,3,1,1
SF,IH2103,2020-09-17 09:35:02.200,3198.8000,5598,0,100776060.000,0,-,-,-,-,3197.4000,3197.0000,3196.2000,3195.8000,3195.0000,3198.8000,3199.6000,3200.8000,3204.0000,3205.0000,2,1,1,1,2,1,2,3,1,1
SF,IH2103,2020-09-17 09:35:02.700,3198.8000,5598,0,100776060.000,0,-,-,-,-,3198.8000,3197.4000,3197.0000,3196.2000,3195.8000,3199.6000,3200.8000,3204.0000,3205.0000,3209.8000,1,2,1,1,1,2,3,1,1,1
SF,IH2103,2020-09-17 09:35:03.200,3198.8000,5598,0,101735700.000,1,0,1,多换,S,3197.0000,3195.8000,3195.0000,3194.0000,3192.0000,3199.6000,3200.8000,3204.0000,3205.0000,3209.8000,1,1,2,1,1,2,3,1,1,1
SF,IH2103,2020-09-17 09:35:03.700,3198.8000,5598,0,101735700.000,0,-,-,-,-,3197.2000,3197.0000,3195.8000,3195.0000,3194.0000,3199.0000,3199.6000,3200.8000,3204.0000,3205.0000,1,1,1,2,1,3,2,3,1,1
SF,IH2103,2020-09-17 09:35:04.200,3198.8000,5598,0,101735700.000,0,-,-,-,-,3197.2000,3195.8000,3195.0000,3194.0000,3192.0000,3199.6000,3200.8000,3204.0000,3205.0000,3209.8000,1,1,2,1,1,2,3,1,1,1
SF,IH2103,2020-09-17 09:35:05.200,3198.8000,5598,0,101735700.000,0,-,-,-,-,3197.6000,3197.2000,3195.8000,3195.0000,3194.0000,3199.6000,3200.8000,3204.0000,3205.0000,3209.8000,1,1,1,2,1,2,3,1,1,1
SF,IH2103,2020-09-17 09:35:05.700,3197.8000,5597,-1,102695040.000,1,0,1,双平,S,3195.8000,3195.0000,3194.0000,3192.0000,3188.8000,3199.4000,3199.6000,3200.8000,3204.0000,3205.0000,1,2,1,1,1,3,2,3,1,1
SF,IH2103,2020-09-17 09:35:06.200,3197.8000,5597,0,102695040.000,0,-,-,-,-,3195.8000,3195.0000,3194.0000,3192.0000,3188.8000,3198.6000,3199.0000,3199.2000,3199.4000,3199.6000,1,2,1,1,1,2,1,1,2,2
SF,IH2103,2020-09-17 09:35:06.700,3197.8000,5597,0,102695040.000,0,-,-,-,-,3196.2000,3195.8000,3195.0000,3194.0000,3192.0000,3198.4000,3198.6000,3199.0000,3199.2000,3199.4000,3,1,2,1,1,1,2,1,1,1
SF,IH2103,2020-09-17 09:35:07.700,3197.8000,5597,0,102695040.000,0,-,-,-,-,3196.2000,3195.8000,3195.0000,3194.0000,3192.0000,3198.2000,3198.4000,3198.6000,3199.0000,3199.4000,3,1,2,1,1,1,1,2,1,1
SF,IH2103,2020-09-17 09:35:08.200,3197.8000,5597,0,102695040.000,0,-,-,-,-,3196.2000,3195.8000,3195.0000,3194.0000,3192.0000,3198.0000,3198.2000,3198.6000,3199.4000,3199.6000,3,1,2,1,1,1,1,2,1,2
SF,IH2103,2020-09-17 09:35:08.700,3197.8000,5597,0,102695040.000,0,-,-,-,-,3197.0000,3195.8000,3195.0000,3194.0000,3192.0000,3198.0000,3198.2000,3199.4000,3199.6000,3200.8000,2,1,2,1,1,1,1,1,2,3
SF,IH2103,2020-09-17 09:35:09.200,3197.8000,5597,0,102695040.000,0,-,-,-,-,3195.8000,3195.0000,3194.0000,3192.0000,3188.8000,3198.2000,3199.4000,3199.6000,3200.8000,3204.0000,1,2,1,1,1,1,1,2,3,1
SF,IH2103,2020-09-17 09:35:09.700,3197.8000,5597,0,102695040.000,0,-,-,-,-,3196.2000,3195.8000,3195.0000,3194.0000,3192.0000,3198.0000,3198.2000,3199.4000,3199.6000,3200.8000,2,1,2,1,1,1,1,1,2,3
SF,IH2103,2020-09-17 09:35:12.200,3197.8000,5597,0,102695040.000,0,-,-,-,-,3196.6000,3196.2000,3195.8000,3195.0000,3194.0000,3198.0000,3198.2000,3199.4000,3199.6000,3200.8000,3,2,1,2,1,1,1,1,2,3
SF,IH2103,2020-09-17 09:35:12.700,3197.8000,5597,0,102695040.000,0,-,-,-,-,3196.2000,3195.8000,3195.0000,3194.0000,3192.0000,3197.8000,3198.2000,3199.4000,3199.6000,3200.8000,2,1,2,1,1,1,1,1,2,3
SF,IH2103,2020-09-17 09:35:13.200,3197.8000,5597,0,102695040.000,0,-,-,-,-,3196.4000,3195.8000,3195.0000,3194.0000,3192.0000,3197.8000,3198.2000,3199.4000,3199.6000,3200.8000,2,1,2,1,1,1,1,1,2,3
SF,IH2103,2020-09-17 09:35:13.700,3197.8000,5597,0,102695040.000,0,-,-,-,-,3196.4000,3195.8000,3195.0000,3194.0000,3192.0000,3197.8000,3199.4000,3199.6000,3200.8000,3204.0000,2,1,2,1,1,1,1,2,3,1
SF,IH2103,2020-09-17 09:35:16.200,3197.8000,5597,0,102695040.000,0,-,-,-,-,3196.4000,3195.8000,3195.0000,3194.0000,3192.0000,3199.4000,3199.6000,3200.8000,3204.0000,3205.0000,2,1,2,1,1,1,2,3,1,1
SF,IH2103,2020-09-17 09:35:16.700,3197.8000,5597,0,102695040.000,0,-,-,-,-,3195.8000,3195.0000,3194.0000,3192.0000,3188.8000,3197.6000,3199.2000,3199.4000,3199.6000,3200.8000,1,2,1,1,1,1,1,1,2,3
SF,IH2103,2020-09-17 09:35:17.700,3197.8000,5597,0,102695040.000,0,-,-,-,-,3196.2000,3195.8000,3195.0000,3194.0000,3192.0000,3197.6000,3199.2000,3199.4000,3199.6000,3200.8000,1,1,2,1,1,1,1,1,2,3
SF,IH2103,2020-09-17 09:35:18.200,3197.8000,5597,0,102695040.000,0,-,-,-,-,3196.2000,3195.8000,3195.0000,3194.0000,3192.0000,3199.2000,3199.4000,3199.6000,3200.8000,3204.0000,1,1,2,1,1,1,1,2,3,1
SF,IH2103,2020-09-17 09:35:18.700,3197.8000,5597,0,102695040.000,0,-,-,-,-,3195.8000,3195.0000,3194.0000,3192.0000,3188.8000,3199.2000,3199.4000,3199.6000,3200.8000,3204.0000,1,2,1,1,1,1,1,2,3,1
SF,IH2103,2020-09-17 09:35:19.200,3197.8000,5597,0,102695040.000,0,-,-,-,-,3195.8000,3195.0000,3194.0000,3192.0000,3188.8000,3198.0000,3198.4000,3199.2000,3199.4000,3199.6000,1,2,1,1,1,3,1,1,1,2
SF,IH2103,2020-09-17 09:35:19.700,3197.8000,5597,0,102695040.000,0,-,-,-,-,3196.0000,3195.8000,3195.0000,3194.0000,3192.0000,3197.8000,3198.0000,3198.4000,3199.4000,3199.6000,1,1,2,1,1,1,3,1,1,2
SF,IH2103,2020-09-17 09:35:21.200,3197.8000,5597,0,102695040.000,0,-,-,-,-,3195.8000,3195.0000,3194.0000,3192.0000,3188.8000,3197.8000,3198.0000,3198.4000,3199.4000,3199.6000,1,2,1,1,1,1,3,1,1,2
