市场代码,合约代码,时间,最新,持仓,增仓,成交额,成交量,开仓,平仓,成交类型,方向,买一价,买二价,买三价,买四价,买五价,卖一价,卖二价,卖三价,卖四价,卖五价,买一量,买二量,买三量,买四量,买五量,卖一量,卖二量,卖三量,卖四量,卖五量
SF,IH2103,2020-10-26 09:29:00.000,3290.2000,9208,0,4935300.000,5.000,-,-,-,-,3290.0000,3285.0000,3284.0000,3282.6000,3282.2000,3290.2000,3292.2000,3299.0000,3299.4000,3303.0000,1,1,1,4,1,1,1,50,2,4
SF,IH2103,2020-10-26 09:30:00.500,3292.2000,9208,0,6910020.000,2,1,1,多换,S,3290.2000,3290.0000,3285.0000,3282.2000,3282.0000,3299.0000,3299.4000,3304.8000,3306.8000,3308.8000,2,1,1,1,1,50,2,1,3,3
SF,IH2103,2020-10-26 09:30:01.000,3290.0000,9207,-1,7897020.000,1,0,1,双平,S,3285.0000,3282.2000,3282.0000,3281.6000,3280.0000,3288.6000,3290.0000,3290.2000,3296.4000,3297.2000,1,1,1,1,1,1,1,9,4,4
SF,IH2103,2020-10-26 09:30:01.500,3288.2000,9202,-5,13815360.000,6,0,6,多平,S,3285.0000,3282.2000,3282.0000,3281.6000,3280.0000,3288.2000,3288.4000,3288.6000,3290.2000,3298.6000,1,1,1,1,1,2,2,1,9,1
SF,IH2103,2020-10-26 09:30:02.000,3285.0000,9201,-1,14800860.000,1,0,1,双平,S,3282.2000,3282.0000,3281.6000,3280.0000,3278.8000,3285.0000,3287.0000,3287.4000,3288.0000,3288.2000,1,1,1,1,1,1,1,1,2,4
SF,IH2103,2020-10-26 09:30:02.500,3284.4000,9199,-2,16770900.000,2,0,2,双平,S,3282.2000,3282.0000,3280.0000,3278.8000,3278.2000,3284.6000,3287.0000,3287.4000,3288.0000,3288.2000,1,1,1,1,1,2,1,3,1,1
SF,IH2103,2020-10-26 09:30:03.000,3282.2000,9198,-1,17755560.000,1,0,1,双平,S,3282.0000,3280.0000,3278.8000,3278.2000,3278.0000,3283.2000,3284.2000,3284.6000,3287.4000,3288.0000,1,1,1,1,1,1,1,3,2,1
SF,IH2103,2020-10-26 09:30:03.500,3282.0000,9197,-1,18740160.000,1,0,1,双平,S,3280.0000,3278.8000,3278.2000,3278.0000,3273.0000,3282.0000,3282.8000,3284.2000,3287.4000,3288.0000,1,1,1,1,1,1,3,1,2,1
SF,IH2103,2020-10-26 09:30:04.000,3282.0000,9196,-1,19724760.000,1,0,1,双平,S,3281.0000,3280.0000,3278.8000,3278.2000,3278.0000,3281.4000,3281.6000,3281.8000,3282.2000,3284.2000,1,2,1,1,1,1,3,2,2,1
SF,IH2103,2020-10-26 09:30:04.500,3281.0000,9195,-1,21693360.000,2,0,2,多平,S,3280.0000,3278.8000,3278.2000,3278.0000,3273.0000,3281.0000,3281.8000,3282.2000,3287.4000,3289.0000,2,1,1,1,1,5,1,2,2,1
SF,IH2103,2020-10-26 09:30:05.000,3280.6000,9190,-5,32519340.000,11,3,8,多平,S,3281.0000,3280.0000,3278.8000,3278.2000,3278.0000,3281.8000,3282.2000,3287.4000,3289.0000,3290.2000,1,1,1,1,1,1,2,1,1,6
SF,IH2103,2020-10-26 09:30:05.500,3281.0000,9189,-1,33503640.000,1,0,1,双平,S,3280.0000,3278.8000,3278.2000,3278.0000,3273.0000,3280.4000,3281.8000,3282.2000,3287.4000,3289.0000,1,1,1,1,1,1,1,2,1,1
SF,IH2103,2020-10-26 09:30:06.000,3280.4000,9188,-1,34487760.000,1,0,1,双平,S,3280.0000,3278.8000,3278.2000,3278.0000,3273.0000,3280.2000,3280.6000,3282.2000,3289.0000,3290.2000,1,1,1,1,1,1,1,2,1,6
SF,IH2103,2020-10-26 09:30:06.500,3280.2000,9187,-1,35471820.000,1,0,1,双平,S,3280.0000,3278.8000,3278.2000,3278.0000,3273.0000,3280.6000,3282.2000,3289.0000,3290.2000,3290.8000,1,1,1,1,1,1,2,1,6,5
SF,IH2103,2020-10-26 09:30:07.000,3280.2000,9187,0,35471820.000,0,-,-,-,-,3280.0000,3278.8000,3278.2000,3278.0000,3273.0000,3280.6000,3282.2000,3289.0000,3290.2000,3290.8000,1,1,1,1,1,1,2,1,6,5
SF,IH2103,2020-10-26 09:30:07.500,3280.0000,9187,0,36455820.000,1,0,1,多换,S,3278.8000,3278.2000,3278.0000,3273.0000,3272.2000,3280.6000,3282.2000,3289.0000,3290.2000,3290.8000,1,1,1,1,2,1,2,1,2,5
SF,IH2103,2020-10-26 09:30:08.000,3278.8000,9187,0,37439460.000,1,0,1,多换,S,3278.2000,3278.0000,3273.0000,3272.2000,3264.2000,3279.6000,3280.0000,3280.4000,3281.0000,3281.2000,1,1,1,2,5,1,4,1,2,1
SF,IH2103,2020-10-26 09:30:08.500,3279.4000,9185,-2,39406740.000,2,0,2,双平,S,3278.0000,3273.0000,3272.2000,3264.2000,3263.8000,3279.6000,3280.0000,3280.4000,3281.0000,3281.2000,1,1,2,5,1,1,4,1,2,1
SF,IH2103,2020-10-26 09:30:09.000,3279.4000,9185,0,40390560.000,1,0,1,多换,S,3278.0000,3273.0000,3272.2000,3264.2000,3263.8000,3279.6000,3280.0000,3280.4000,3281.0000,3281.2000,1,1,2,5,1,1,5,1,2,1
SF,IH2103,2020-10-26 09:30:09.500,3279.4000,9184,-1,42357780.000,2,0,2,多平,S,3273.0000,3272.2000,3264.2000,3263.8000,3261.2000,3277.0000,3278.0000,3279.6000,3280.0000,3280.4000,1,2,5,1,3,1,1,1,5,1
SF,IH2103,2020-10-26 09:30:10.000,3277.0000,9181,-3,45307080.000,3,0,3,双平,S,3276.8000,3276.0000,3275.2000,3275.0000,3274.6000,3278.0000,3280.0000,3281.0000,3281.2000,3289.0000,2,3,1,3,1,1,5,2,1,1
SF,IH2103,2020-10-26 09:30:10.500,3278.0000,9179,-2,47273880.000,2,0,2,双平,S,3276.8000,3273.4000,3273.2000,3273.0000,3272.2000,3280.0000,3281.0000,3281.2000,3289.0000,3290.2000,2,6,1,1,2,5,2,1,1,2
SF,IH2103,2020-10-26 09:30:11.000,3277.0000,9179,0,48256980.000,1,0,1,多换,S,3273.4000,3273.0000,3272.2000,3264.2000,3263.8000,3276.4000,3278.2000,3279.8000,3280.0000,3281.0000,6,1,2,5,1,1,1,1,5,2
SF,IH2103,2020-10-26 09:30:11.500,3276.4000,9177,-2,50222940.000,2,0,2,双平,S,3275.2000,3274.6000,3274.4000,3274.0000,3273.6000,3280.0000,3281.0000,3281.2000,3289.0000,3290.2000,4,1,2,1,1,5,2,1,1,2
SF,IH2103,2020-10-26 09:30:12.000,3280.0000,9176,-1,51206940.000,1,0,1,双平,S,3276.8000,3275.6000,3275.4000,3274.6000,3273.0000,3280.0000,3281.0000,3281.2000,3289.0000,3290.2000,2,6,5,1,1,4,2,1,1,2
SF,IH2103,2020-10-26 09:30:12.500,3277.2000,9174,-2,53174100.000,2,0,2,双平,S,3277.2000,3277.0000,3276.8000,3275.6000,3275.4000,3280.0000,3281.0000,3281.2000,3289.0000,3290.2000,1,1,2,6,4,3,2,1,1,2
SF,IH2103,2020-10-26 09:30:13.000,3280.0000,9172,-2,56126100.000,3,0,3,多平,S,3278.4000,3277.4000,3277.2000,3275.4000,3273.0000,3281.0000,3281.2000,3289.0000,3290.2000,3290.8000,2,7,1,4,1,2,1,1,2,5
SF,IH2103,2020-10-26 09:30:13.500,3281.2000,9169,-3,59079060.000,3,0,3,双平,S,3280.0000,3278.8000,3278.6000,3275.4000,3273.0000,3289.0000,3290.2000,3290.8000,3299.0000,3299.8000,2,6,1,4,1,1,2,5,50,2
SF,IH2103,2020-10-26 09:30:14.000,3281.2000,9169,0,59079060.000,0,-,-,-,-,3280.2000,3280.0000,3278.8000,3275.4000,3273.0000,3281.8000,3283.0000,3283.6000,3284.2000,3284.4000,1,3,6,4,1,1,1,2,1,1
SF,IH2103,2020-10-26 09:30:14.500,3281.8000,9169,0,60063600.000,1,0,1,多换,S,3280.6000,3280.2000,3280.0000,3275.4000,3273.0000,3284.4000,3289.0000,3290.2000,3290.8000,3299.0000,6,1,3,4,1,1,1,2,5,50
SF,IH2103,2020-10-26 09:30:15.000,3281.8000,9169,0,60063600.000,0,-,-,-,-,3281.6000,3281.2000,3280.8000,3280.6000,3280.0000,3290.2000,3290.8000,3299.0000,3299.8000,3306.8000,3,1,1,6,1,2,5,50,2,3
SF,IH2103,2020-10-26 09:30:15.500,3281.8000,9169,0,60063600.000,0,-,-,-,-,3281.8000,3280.0000,3275.4000,3273.0000,3272.2000,3283.8000,3284.4000,3285.0000,3285.4000,3285.6000,1,1,1,1,2,1,2,1,1,2
SF,IH2103,2020-10-26 09:30:16.000,3281.8000,9169,0,60063600.000,0,-,-,-,-,3281.8000,3280.0000,3275.4000,3273.0000,3272.2000,3285.8000,3290.2000,3290.8000,3299.0000,3299.8000,1,1,1,1,2,1,2,5,50,2
SF,IH2103,2020-10-26 09:30:16.500,3284.4000,9169,0,61048920.000,1,0,1,多换,S,3281.8000,3280.0000,3275.4000,3273.0000,3272.2000,3290.2000,3290.8000,3299.0000,3299.8000,3306.8000,1,1,1,1,2,2,5,50,2,3
SF,IH2103,2020-10-26 09:30:17.000,3284.4000,9169,0,61048920.000,0,-,-,-,-,3281.8000,3280.0000,3275.4000,3273.0000,3272.2000,3284.4000,3285.0000,3285.6000,3286.0000,3287.0000,1,1,1,1,2,1,2,1,1,1
SF,IH2103,2020-10-26 09:30:17.500,3284.4000,9169,0,61048920.000,0,-,-,-,-,3281.8000,3280.0000,3275.4000,3273.0000,3272.2000,3289.4000,3290.0000,3290.2000,3290.8000,3299.0000,1,1,1,1,2,4,1,6,5,50
SF,IH2103,2020-10-26 09:30:18.000,3284.4000,9169,0,61048920.000,0,-,-,-,-,3282.0000,3281.8000,3280.0000,3275.4000,3273.0000,3285.6000,3289.4000,3290.2000,3290.8000,3299.0000,2,1,1,1,1,2,4,6,5,50
SF,IH2103,2020-10-26 09:30:18.500,3284.4000,9169,0,61048920.000,0,-,-,-,-,3282.4000,3282.2000,3282.0000,3280.0000,3278.4000,3290.2000,3290.8000,3299.0000,3299.8000,3306.8000,6,1,2,1,1,2,5,50,2,3
SF,IH2103,2020-10-26 09:30:19.000,3285.6000,9169,0,63019380.000,2,1,1,多换,S,3282.4000,3282.0000,3280.0000,3278.4000,3275.4000,3286.2000,3288.6000,3290.2000,3290.8000,3299.0000,6,2,1,1,1,2,1,2,5,50
SF,IH2103,2020-10-26 09:30:19.500,3286.2000,9168,-1,64005240.000,1,0,1,双平,S,3283.2000,3283.0000,3282.6000,3282.4000,3282.0000,3288.6000,3290.2000,3294.6000,3299.0000,3299.8000,2,1,5,6,2,1,2,5,50,2
SF,IH2103,2020-10-26 09:30:20.000,3286.2000,9168,0,64005240.000,0,-,-,-,-,3283.6000,3283.4000,3283.0000,3282.6000,3282.0000,3288.6000,3290.2000,3294.6000,3299.0000,3299.8000,6,1,1,4,2,1,2,5,50,2
SF,IH2103,2020-10-26 09:30:20.500,3286.2000,9168,0,64005240.000,0,-,-,-,-,3284.4000,3283.8000,3282.6000,3282.0000,3280.0000,3287.0000,3288.6000,3290.2000,3294.6000,3299.0000,1,1,4,2,1,1,1,2,5,50
SF,IH2103,2020-10-26 09:30:21.000,3286.2000,9168,0,64005240.000,0,-,-,-,-,3284.6000,3284.4000,3282.6000,3280.0000,3278.4000,3284.8000,3285.4000,3286.8000,3288.6000,3290.2000,1,1,4,1,1,1,1,1,1,2
SF,IH2103,2020-10-26 09:30:21.500,3285.4000,9165,-3,66961920.000,3,0,3,双平,S,3280.0000,3278.4000,3275.4000,3273.0000,3272.2000,3286.8000,3288.6000,3290.2000,3294.6000,3299.0000,1,1,1,1,2,1,1,2,5,50
SF,IH2103,2020-10-26 09:30:22.000,3285.4000,9165,0,66961920.000,0,-,-,-,-,3283.0000,3281.6000,3280.4000,3280.2000,3280.0000,3286.6000,3286.8000,3288.6000,3290.2000,3294.6000,1,2,6,1,1,1,1,1,2,5
SF,IH2103,2020-10-26 09:30:22.500,3285.4000,9165,0,66961920.000,0,-,-,-,-,3281.6000,3280.4000,3280.2000,3280.0000,3278.4000,3286.4000,3286.6000,3286.8000,3288.6000,3290.2000,2,6,1,1,1,1,1,1,1,2
SF,IH2103,2020-10-26 09:30:23.000,3285.4000,9165,0,66961920.000,0,-,-,-,-,3281.8000,3280.0000,3278.4000,3273.0000,3272.2000,3286.2000,3286.4000,3286.8000,3288.6000,3290.2000,1,1,1,1,2,1,1,1,1,2
SF,IH2103,2020-10-26 09:30:23.500,3286.0000,9165,0,67947720.000,1,0,1,多换,S,3280.0000,3278.4000,3273.0000,3272.2000,3268.0000,3286.0000,3286.2000,3286.4000,3286.8000,3288.6000,1,1,1,2,1,2,1,1,1,1
SF,IH2103,2020-10-26 09:30:24.000,3286.0000,9165,0,67947720.000,0,-,-,-,-,3280.2000,3280.0000,3278.4000,3273.0000,3272.2000,3285.8000,3286.0000,3286.4000,3286.8000,3288.6000,1,2,1,1,2,1,2,1,1,1
SF,IH2103,2020-10-26 09:30:24.500,3286.0000,9165,0,67947720.000,0,-,-,-,-,3280.0000,3278.4000,3273.0000,3272.2000,3268.0000,3285.6000,3285.8000,3286.0000,3286.4000,3286.8000,1,1,1,2,1,1,1,1,1,1
SF,IH2103,2020-10-26 09:30:25.000,3286.0000,9165,0,67947720.000,0,-,-,-,-,3280.2000,3280.0000,3278.4000,3273.0000,3272.2000,3285.4000,3285.6000,3286.0000,3286.4000,3286.8000,1,2,1,1,2,1,1,1,1,1
SF,IH2103,2020-10-26 09:30:25.500,3286.0000,9165,0,67947720.000,0,-,-,-,-,3280.0000,3278.4000,3273.0000,3272.2000,3268.0000,3285.4000,3285.6000,3286.0000,3286.4000,3286.8000,1,1,1,2,1,1,1,1,1,1
SF,IH2103,2020-10-26 09:30:26.000,3286.0000,9165,0,67947720.000,0,-,-,-,-,3280.0000,3278.4000,3273.0000,3272.2000,3268.0000,3285.4000,3285.6000,3286.0000,3286.8000,3287.0000,2,1,1,2,1,1,1,1,1,5
SF,IH2103,2020-10-26 09:30:26.500,3286.0000,9165,0,67947720.000,0,-,-,-,-,3280.0000,3278.4000,3273.0000,3272.2000,3268.0000,3282.6000,3285.2000,3285.4000,3286.8000,3288.6000,1,1,1,2,1,1,1,1,1,1
SF,IH2103,2020-10-26 09:30:27.000,3286.0000,9165,0,67947720.000,0,-,-,-,-,3280.0000,3278.4000,3273.0000,3272.2000,3268.0000,3282.4000,3285.2000,3286.8000,3288.6000,3290.2000,1,1,1,2,1,1,1,1,1,2
SF,IH2103,2020-10-26 09:30:27.500,3286.0000,9165,0,67947720.000,0,-,-,-,-,3280.2000,3280.0000,3278.4000,3273.0000,3272.2000,3282.4000,3285.2000,3286.8000,3288.6000,3290.2000,1,1,1,1,2,1,1,1,1,2
SF,IH2103,2020-10-26 09:30:28.000,3286.0000,9165,0,67947720.000,0,-,-,-,-,3280.2000,3280.0000,3278.4000,3273.0000,3272.2000,3282.4000,3285.2000,3286.8000,3288.6000,3290.2000,2,2,1,1,2,1,1,1,1,2
SF,IH2103,2020-10-26 09:30:28.500,3286.0000,9165,0,67947720.000,0,-,-,-,-,3280.2000,3280.0000,3278.4000,3273.0000,3272.2000,3282.4000,3285.2000,3286.8000,3288.6000,3290.2000,1,2,1,1,2,1,1,1,1,2
SF,IH2103,2020-10-26 09:30:29.000,3286.0000,9165,0,67947720.000,0,-,-,-,-,3280.4000,3280.2000,3280.0000,3278.4000,3273.0000,3286.8000,3288.6000,3290.2000,3290.8000,3299.0000,1,2,2,1,1,1,1,2,5,51
SF,IH2103,2020-10-26 09:30:29.500,3286.0000,9165,0,67947720.000,0,-,-,-,-,3280.4000,3280.0000,3278.4000,3273.0000,3272.2000,3283.2000,3286.6000,3286.8000,3288.6000,3290.2000,1,2,1,1,2,1,1,1,1,2
SF,IH2103,2020-10-26 09:30:30.000,3286.0000,9165,0,67947720.000,0,-,-,-,-,3280.0000,3278.4000,3273.0000,3272.2000,3268.0000,3283.0000,3286.6000,3286.8000,3288.6000,3290.2000,2,1,1,2,1,1,1,1,1,2
SF,IH2103,2020-10-26 09:30:30.500,3286.0000,9165,0,67947720.000,0,-,-,-,-,3280.2000,3280.0000,3278.4000,3273.0000,3272.2000,3283.0000,3286.6000,3286.8000,3288.6000,3290.2000,1,2,1,1,2,1,1,1,1,2
SF,IH2103,2020-10-26 09:30:32.000,3286.0000,9165,0,67947720.000,0,-,-,-,-,3280.2000,3280.0000,3278.4000,3273.0000,3272.2000,3283.0000,3283.8000,3286.8000,3288.6000,3290.2000,2,2,1,1,2,1,1,1,1,2
SF,IH2103,2020-10-26 09:30:32.500,3286.0000,9165,0,67947720.000,0,-,-,-,-,3280.4000,3280.2000,3280.0000,3278.4000,3273.0000,3283.8000,3286.8000,3288.6000,3290.2000,3290.8000,1,1,2,1,1,1,1,1,2,5
SF,IH2103,2020-10-26 09:30:33.000,3286.0000,9165,0,67947720.000,0,-,-,-,-,3280.4000,3280.0000,3278.4000,3273.0000,3272.2000,3282.0000,3283.6000,3283.8000,3286.8000,3288.6000,1,2,1,1,2,1,1,1,1,1
SF,IH2103,2020-10-26 09:30:33.500,3286.0000,9165,0,67947720.000,0,-,-,-,-,3280.4000,3280.0000,3278.4000,3273.0000,3272.2000,3283.6000,3283.8000,3286.8000,3288.6000,3290.2000,1,2,1,1,2,1,1,1,1,2
SF,IH2103,2020-10-26 09:30:34.000,3286.0000,9165,0,67947720.000,0,-,-,-,-,3280.4000,3280.0000,3278.4000,3273.0000,3272.2000,3282.4000,3283.6000,3283.8000,3286.8000,3288.6000,1,2,1,1,2,1,1,1,1,1
SF,IH2103,2020-10-26 09:30:34.500,3286.0000,9165,0,67947720.000,0,-,-,-,-,3281.0000,3280.6000,3280.4000,3280.0000,3278.4000,3282.4000,3283.6000,3283.8000,3286.8000,3288.6000,1,1,1,3,1,1,1,1,1,1
SF,IH2103,2020-10-26 09:30:35.000,3286.0000,9165,0,67947720.000,0,-,-,-,-,3281.0000,3280.6000,3280.4000,3280.0000,3278.4000,3282.4000,3283.6000,3283.8000,3286.8000,3288.6000,1,1,1,3,1,1,1,1,1,1
SF,IH2103,2020-10-26 09:30:35.500,3281.0000,9164,-1,68932020.000,1,0,1,双平,S,3280.6000,3280.4000,3280.0000,3278.4000,3273.0000,3281.6000,3282.4000,3283.8000,3286.8000,3288.6000,1,1,3,1,1,1,1,1,1,1
SF,IH2103,2020-10-26 09:30:36.000,3280.0000,9161,-3,71884320.000,3,0,3,双平,S,3280.0000,3278.4000,3273.0000,3272.2000,3268.0000,3280.4000,3280.6000,3281.2000,3282.4000,3283.8000,2,1,1,2,1,1,2,1,1,1
SF,IH2103,2020-10-26 09:30:36.500,3280.6000,9158,-3,75820620.000,4,0,4,多平,S,3278.4000,3275.0000,3273.0000,3272.2000,3268.0000,3280.6000,3282.4000,3283.8000,3286.8000,3288.6000,1,1,1,2,1,1,1,1,1,1
SF,IH2103,2020-10-26 09:30:37.000,3280.6000,9158,0,75820620.000,0,-,-,-,-,3279.4000,3278.4000,3275.0000,3273.0000,3272.2000,3280.4000,3280.6000,3282.4000,3283.8000,3286.8000,1,1,1,1,2,1,1,1,1,1
SF,IH2103,2020-10-26 09:30:37.500,3279.4000,9157,-1,76804440.000,1,0,1,双平,S,3278.4000,3275.0000,3273.0000,3272.2000,3268.0000,3280.6000,3282.4000,3283.8000,3286.8000,3288.6000,1,1,1,2,1,1,1,1,1,1
SF,IH2103,2020-10-26 09:30:38.000,3279.4000,9157,0,76804440.000,0,-,-,-,-,3278.4000,3275.0000,3273.0000,3272.2000,3271.8000,3280.4000,3280.6000,3282.4000,3283.8000,3286.8000,1,1,1,2,1,1,1,1,1,1
SF,IH2103,2020-10-26 09:30:38.500,3279.4000,9157,0,76804440.000,0,-,-,-,-,3280.0000,3278.4000,3275.0000,3273.0000,3272.2000,3280.4000,3280.6000,3282.4000,3283.8000,3286.8000,1,1,1,1,2,1,1,1,1,1
SF,IH2103,2020-10-26 09:30:39.000,3280.0000,9157,0,77788440.000,1,0,1,多换,S,3278.4000,3275.0000,3273.0000,3272.2000,3271.8000,3280.0000,3280.2000,3280.6000,3282.4000,3283.8000,1,1,1,2,1,2,1,1,1,1
SF,IH2103,2020-10-26 09:30:39.500,3278.4000,9157,0,78771960.000,1,0,1,多换,S,3275.0000,3273.0000,3272.2000,3271.8000,3268.0000,3280.0000,3280.6000,3282.4000,3283.8000,3286.8000,1,1,2,1,1,1,1,1,1,1
SF,IH2103,2020-10-26 09:30:40.000,3278.4000,9157,0,78771960.000,0,-,-,-,-,3276.8000,3276.0000,3275.4000,3275.2000,3275.0000,3279.8000,3280.0000,3280.6000,3282.4000,3283.8000,2,2,6,1,1,1,2,1,1,1
SF,IH2103,2020-10-26 09:30:40.500,3278.4000,9157,0,78771960.000,0,-,-,-,-,3277.4000,3276.8000,3275.4000,3275.2000,3275.0000,3279.8000,3280.0000,3280.6000,3282.4000,3283.8000,1,2,6,1,1,1,2,1,1,1
SF,IH2103,2020-10-26 09:30:42.000,3278.4000,9157,0,78771960.000,0,-,-,-,-,3277.4000,3276.8000,3275.4000,3275.2000,3275.0000,3279.8000,3280.0000,3280.6000,3282.4000,3283.8000,1,2,6,1,1,1,2,1,1,1
SF,IH2103,2020-10-26 09:30:42.500,3278.4000,9157,0,78771960.000,0,-,-,-,-,3277.8000,3277.6000,3277.4000,3276.8000,3275.4000,3279.8000,3280.0000,3280.6000,3282.4000,3283.8000,1,1,1,2,6,1,1,1,1,1
SF,IH2103,2020-10-26 09:30:43.000,3280.0000,9155,-2,80739900.000,2,0,2,双平,S,3280.0000,3279.8000,3278.4000,3277.8000,3277.6000,3280.6000,3282.4000,3283.8000,3286.8000,3288.6000,1,1,1,1,1,1,1,1,1,1
SF,IH2103,2020-10-26 09:30:43.500,3280.6000,9154,-1,81724080.000,1,0,1,双平,S,3280.6000,3280.0000,3279.8000,3278.4000,3277.8000,3282.4000,3283.8000,3286.8000,3288.6000,3290.2000,2,1,1,1,1,1,1,1,1,2
SF,IH2103,2020-10-26 09:30:44.000,3280.6000,9153,-1,82708260.000,1,0,1,双平,S,3280.8000,3280.6000,3280.0000,3279.8000,3278.4000,3282.4000,3282.6000,3283.8000,3286.8000,3288.6000,1,2,1,1,1,1,1,1,1,1
SF,IH2103,2020-10-26 09:30:44.500,3280.6000,9153,0,82708260.000,0,-,-,-,-,3280.8000,3280.6000,3280.0000,3279.8000,3277.8000,3282.4000,3282.6000,3283.8000,3286.8000,3288.6000,1,2,1,1,1,1,1,1,1,1
SF,IH2103,2020-10-26 09:30:45.000,3280.6000,9153,0,82708260.000,0,-,-,-,-,3280.8000,3280.6000,3280.0000,3279.8000,3277.8000,3282.4000,3282.6000,3283.8000,3286.8000,3288.6000,1,2,1,1,1,1,1,1,1,1
SF,IH2103,2020-10-26 09:30:45.500,3280.6000,9153,0,82708260.000,0,-,-,-,-,3280.8000,3280.6000,3280.0000,3279.8000,3277.8000,3282.4000,3282.6000,3283.8000,3286.8000,3288.6000,1,2,1,1,1,1,1,1,1,1
SF,IH2103,2020-10-26 09:30:46.000,3280.6000,9153,0,82708260.000,0,-,-,-,-,3280.8000,3280.6000,3280.0000,3279.8000,3277.8000,3282.4000,3282.6000,3283.8000,3286.8000,3288.6000,1,2,1,1,1,1,1,1,1,1
SF,IH2103,2020-10-26 09:30:46.500,3280.8000,9152,-1,84677220.000,2,0,2,多平,S,3280.6000,3280.0000,3279.8000,3277.8000,3275.4000,3282.6000,3283.8000,3286.8000,3288.6000,3290.2000,2,1,1,1,6,1,1,1,1,2
SF,IH2103,2020-10-26 09:30:47.000,3280.8000,9152,0,84677220.000,0,-,-,-,-,3280.6000,3280.0000,3279.8000,3277.8000,3275.4000,3282.4000,3282.6000,3283.8000,3288.6000,3290.2000,2,1,1,1,6,2,1,1,1,2
SF,IH2103,2020-10-26 09:30:47.500,3280.8000,9152,0,84677220.000,0,-,-,-,-,3280.8000,3280.6000,3280.0000,3279.8000,3277.8000,3282.4000,3282.6000,3283.8000,3288.6000,3290.2000,1,2,1,1,1,1,1,1,1,2
SF,IH2103,2020-10-26 09:30:48.000,3282.4000,9152,0,85661940.000,1,0,1,多换,S,3280.8000,3280.6000,3280.0000,3279.8000,3277.8000,3282.6000,3283.8000,3288.6000,3290.2000,3290.8000,1,2,1,1,1,1,1,1,2,5
SF,IH2103,2020-10-26 09:30:48.500,3282.4000,9152,0,85661940.000,0,-,-,-,-,3281.0000,3280.8000,3280.6000,3280.0000,3279.8000,3282.6000,3283.8000,3288.6000,3290.2000,3290.8000,2,1,2,1,1,1,1,1,2,5
SF,IH2103,2020-10-26 09:30:50.000,3282.4000,9152,0,85661940.000,0,-,-,-,-,3281.0000,3280.8000,3280.6000,3280.0000,3279.8000,3283.8000,3288.6000,3290.2000,3290.8000,3299.0000,2,1,2,1,1,1,1,2,5,51
SF,IH2103,2020-10-26 09:30:51.500,3282.4000,9152,0,85661940.000,0,-,-,-,-,3281.6000,3281.0000,3280.8000,3280.6000,3280.0000,3283.8000,3288.6000,3290.2000,3290.8000,3299.0000,3,2,1,2,1,1,1,2,5,51
SF,IH2103,2020-10-26 09:30:52.000,3282.4000,9152,0,85661940.000,0,-,-,-,-,3281.8000,3281.6000,3281.0000,3280.8000,3280.6000,3283.8000,3288.6000,3290.2000,3290.8000,3299.0000,1,3,1,1,2,1,1,2,5,51
SF,IH2103,2020-10-26 09:30:52.500,3283.8000,9151,-1,86647080.000,1,0,1,双平,S,3281.8000,3281.6000,3281.0000,3280.8000,3280.6000,3288.6000,3290.2000,3290.8000,3299.0000,3299.8000,1,3,1,1,2,1,2,5,51,2
SF,IH2103,2020-10-26 09:30:53.000,3283.8000,9151,0,86647080.000,0,-,-,-,-,3281.8000,3281.0000,3280.8000,3280.6000,3280.0000,3285.0000,3286.0000,3288.6000,3290.2000,3290.8000,1,1,1,2,1,1,1,1,2,5
SF,IH2103,2020-10-26 09:30:53.500,3283.8000,9151,0,86647080.000,0,-,-,-,-,3281.8000,3281.0000,3280.8000,3280.6000,3280.0000,3286.0000,3288.6000,3290.2000,3290.8000,3299.0000,1,1,1,2,1,1,1,2,5,51
SF,IH2103,2020-10-26 09:30:54.000,3283.8000,9151,0,86647080.000,0,-,-,-,-,3281.8000,3281.0000,3280.8000,3280.6000,3280.0000,3286.0000,3288.6000,3290.2000,3290.8000,3299.0000,1,1,1,2,1,1,1,2,5,51
SF,IH2103,2020-10-26 09:30:54.500,3283.8000,9151,0,86647080.000,0,-,-,-,-,3281.8000,3281.0000,3280.8000,3280.6000,3280.0000,3286.0000,3288.6000,3290.2000,3290.8000,3299.0000,1,1,1,2,1,1,1,2,5,51
SF,IH2103,2020-10-26 09:30:55.000,3283.8000,9151,0,86647080.000,0,-,-,-,-,3281.8000,3281.0000,3280.8000,3280.6000,3280.0000,3286.0000,3288.6000,3290.2000,3290.8000,3299.0000,1,1,1,2,1,1,1,2,5,51
SF,IH2103,2020-10-26 09:30:55.500,3283.8000,9151,0,86647080.000,0,-,-,-,-,3281.8000,3281.0000,3280.8000,3280.6000,3280.0000,3286.0000,3288.6000,3290.2000,3290.8000,3299.0000,1,1,1,2,1,1,1,2,5,51
SF,IH2103,2020-10-26 09:30:57.500,3283.8000,9151,0,86647080.000,0,-,-,-,-,3282.2000,3281.8000,3281.0000,3280.8000,3280.6000,3286.0000,3288.6000,3290.2000,3290.8000,3299.0000,6,1,1,1,2,1,1,2,5,51
SF,IH2103,2020-10-26 09:30:58.000,3283.8000,9151,0,86647080.000,0,-,-,-,-,3282.6000,3282.4000,3282.2000,3280.8000,3280.6000,3286.0000,3288.6000,3290.2000,3290.8000,3299.0000,2,1,6,1,2,1,1,2,5,51
SF,IH2103,2020-10-26 09:30:58.500,3283.8000,9151,0,86647080.000,0,-,-,-,-,3283.2000,3283.0000,3282.8000,3282.6000,3280.8000,3286.0000,3288.6000,3290.2000,3290.8000,3299.0000,1,1,1,2,1,1,1,2,5,51
SF,IH2103,2020-10-26 09:30:59.000,3283.8000,9151,0,86647080.000,0,-,-,-,-,3283.4000,3283.2000,3283.0000,3282.6000,3280.8000,3286.0000,3288.6000,3290.2000,3290.8000,3299.0000,1,1,1,2,1,1,1,2,5,51
SF,IH2103,2020-10-26 09:30:59.500,3283.8000,9151,0,86647080.000,0,-,-,-,-,3283.4000,3283.0000,3282.6000,3280.8000,3275.0000,3286.0000,3288.6000,3290.2000,3290.8000,3299.0000,1,1,2,1,1,1,1,2,5,51
SF,IH2103,2020-10-26 09:31:00.000,3283.4000,9151,0,87632100.000,1,0,1,多换,S,3283.0000,3282.6000,3280.8000,3275.0000,3273.0000,3285.8000,3286.0000,3288.6000,3290.2000,3290.8000,1,2,1,1,1,1,1,1,2,5
SF,IH2103,2020-10-26 09:31:00.500,3283.4000,9151,0,87632100.000,0,-,-,-,-,3283.2000,3282.6000,3280.8000,3275.0000,3273.0000,3285.8000,3288.6000,3290.2000,3290.8000,3299.0000,1,2,1,1,1,1,1,2,5,51
SF,IH2103,2020-10-26 09:31:01.000,3283.4000,9151,0,87632100.000,0,-,-,-,-,3283.2000,3282.6000,3280.8000,3275.0000,3273.0000,3285.6000,3285.8000,3288.6000,3290.2000,3290.8000,1,1,1,1,1,2,1,1,2,5
SF,IH2103,2020-10-26 09:31:01.500,3283.2000,9150,-1,88617060.000,1,0,1,双平,S,3280.8000,3275.0000,3273.0000,3272.2000,3271.8000,3285.4000,3285.6000,3288.6000,3290.2000,3290.8000,1,1,1,2,1,2,1,1,2,5
SF,IH2103,2020-10-26 09:31:02.000,3283.2000,9150,0,88617060.000,0,-,-,-,-,3281.0000,3280.8000,3275.0000,3273.0000,3272.2000,3285.2000,3285.4000,3285.6000,3288.6000,3290.2000,1,1,1,1,2,1,2,1,1,2
SF,IH2103,2020-10-26 09:31:02.500,3283.2000,9150,0,88617060.000,0,-,-,-,-,3275.0000,3273.0000,3272.2000,3271.8000,3268.0000,3285.0000,3285.2000,3285.4000,3285.6000,3288.6000,1,1,2,1,1,1,1,1,1,1
SF,IH2103,2020-10-26 09:31:03.000,3283.2000,9150,0,88617060.000,0,-,-,-,-,3280.2000,3278.8000,3278.4000,3276.2000,3276.0000,3283.2000,3284.8000,3285.0000,3285.4000,3285.6000,1,1,2,1,1,1,2,1,1,1
SF,IH2103,2020-10-26 09:31:03.500,3283.2000,9150,0,88617060.000,0,-,-,-,-,3278.8000,3278.4000,3276.0000,3275.6000,3275.4000,3283.0000,3283.2000,3284.8000,3285.4000,3285.6000,1,2,1,1,6,3,1,1,1,1
SF,IH2103,2020-10-26 09:31:04.000,3283.2000,9150,0,89602020.000,1,0,1,多换,S,3279.0000,3278.8000,3278.4000,3276.0000,3275.6000,3283.0000,3283.2000,3284.8000,3285.4000,3285.6000,2,1,2,1,1,2,1,1,1,1
SF,IH2103,2020-10-26 09:31:04.500,3283.2000,9150,0,89602020.000,0,-,-,-,-,3280.0000,3279.4000,3279.0000,3278.8000,3278.4000,3282.8000,3283.0000,3283.2000,3283.8000,3284.8000,1,2,2,1,2,1,1,1,1,1
SF,IH2103,2020-10-26 09:31:05.000,3283.2000,9150,0,89602020.000,0,-,-,-,-,3280.2000,3280.0000,3279.4000,3279.0000,3278.8000,3282.6000,3282.8000,3283.2000,3283.8000,3284.8000,1,1,2,1,1,2,1,1,1,1
SF,IH2103,2020-10-26 09:31:05.500,3280.0000,9150,0,90586020.000,1,0,1,多换,S,3279.4000,3279.0000,3278.8000,3278.4000,3276.0000,3282.4000,3282.6000,3283.2000,3283.8000,3284.8000,1,1,1,2,1,1,1,1,1,1
SF,IH2103,2020-10-26 09:31:06.000,3279.0000,9149,-1,91569720.000,1,0,1,双平,S,3275.4000,3275.2000,3275.0000,3273.0000,3272.2000,3281.2000,3282.2000,3282.4000,3283.2000,3283.8000,6,1,1,1,2,1,1,1,1,1
SF,IH2103,2020-10-26 09:31:06.500,3279.0000,9149,0,91569720.000,0,-,-,-,-,3278.8000,3278.4000,3278.2000,3277.4000,3277.0000,3281.0000,3281.2000,3283.2000,3283.8000,3284.8000,1,2,1,2,1,1,1,1,1,1
SF,IH2103,2020-10-26 09:31:07.000,3279.0000,9149,0,91569720.000,0,-,-,-,-,3278.4000,3277.4000,3276.0000,3275.6000,3275.4000,3280.2000,3280.8000,3281.0000,3281.2000,3283.2000,1,2,1,2,6,1,1,1,1,1
SF,IH2103,2020-10-26 09:31:07.500,3279.0000,9149,0,91569720.000,0,-,-,-,-,3277.4000,3275.6000,3275.4000,3275.2000,3275.0000,3280.0000,3280.2000,3281.2000,3283.2000,3283.8000,2,2,6,1,1,5,1,1,1,1
SF,IH2103,2020-10-26 09:31:08.000,3279.0000,9149,0,91569720.000,0,-,-,-,-,3277.6000,3277.4000,3275.6000,3275.4000,3275.2000,3280.0000,3280.2000,3281.2000,3283.2000,3283.8000,1,2,1,6,1,2,1,1,1,1
SF,IH2103,2020-10-26 09:31:08.500,3279.0000,9149,0,91569720.000,0,-,-,-,-,3277.4000,3275.6000,3275.4000,3275.2000,3275.0000,3279.8000,3280.0000,3280.2000,3281.2000,3283.2000,1,1,6,1,1,1,2,1,1,1
SF,IH2103,2020-10-26 09:31:09.000,3279.0000,9149,0,91569720.000,0,-,-,-,-,3275.6000,3275.4000,3275.2000,3275.0000,3273.0000,3279.6000,3279.8000,3280.2000,3281.2000,3283.2000,1,6,1,1,1,2,1,1,1,1
SF,IH2103,2020-10-26 09:31:09.500,3279.0000,9149,0,91569720.000,0,-,-,-,-,3276.8000,3276.0000,3275.8000,3275.6000,3275.2000,3279.6000,3279.8000,3280.2000,3281.2000,3283.2000,2,7,1,1,1,1,1,1,1,6
SF,IH2103,2020-10-26 09:31:10.000,3279.0000,9149,0,91569720.000,0,-,-,-,-,3276.8000,3276.0000,3275.8000,3275.6000,3275.2000,3279.4000,3279.6000,3279.8000,3280.2000,3281.2000,1,1,1,1,1,1,1,1,1,1
SF,IH2103,2020-10-26 09:31:10.500,3279.0000,9149,0,91569720.000,0,-,-,-,-,3276.8000,3276.0000,3275.6000,3275.0000,3273.0000,3279.2000,3279.4000,3279.8000,3280.2000,3281.2000,1,1,1,1,1,1,2,1,1,1
SF,IH2103,2020-10-26 09:31:11.000,3279.0000,9149,0,91569720.000,0,-,-,-,-,3276.0000,3275.6000,3275.0000,3273.0000,3272.2000,3279.0000,3279.2000,3279.4000,3279.8000,3280.2000,1,1,1,1,2,1,1,1,1,1
SF,IH2103,2020-10-26 09:31:11.500,3279.0000,9149,0,91569720.000,0,-,-,-,-,3276.8000,3276.2000,3276.0000,3275.6000,3275.0000,3278.8000,3279.0000,3279.8000,3280.2000,3281.2000,1,3,1,1,1,1,1,1,1,1
SF,IH2103,2020-10-26 09:31:12.000,3279.0000,9148,-1,92553420.000,1,0,1,双平,S,3277.0000,3276.2000,3276.0000,3275.6000,3275.0000,3278.6000,3279.8000,3280.2000,3281.2000,3283.2000,1,3,1,1,1,1,1,1,1,6
SF,IH2103,2020-10-26 09:31:12.500,3279.0000,9148,0,92553420.000,0,-,-,-,-,3277.4000,3277.2000,3277.0000,3276.2000,3275.6000,3279.8000,3280.2000,3281.2000,3283.2000,3283.8000,1,1,1,2,1,1,1,1,6,1
SF,IH2103,2020-10-26 09:31:13.000,3277.6000,9148,0,93536700.000,1,0,1,多换,S,3276.2000,3275.6000,3275.0000,3273.0000,3272.2000,3279.4000,3279.6000,3279.8000,3280.2000,3281.2000,2,1,1,1,2,1,3,1,1,1
SF,IH2103,2020-10-26 09:31:13.500,3277.6000,9148,0,93536700.000,0,-,-,-,-,3276.2000,3275.6000,3275.0000,3273.0000,3272.2000,3279.2000,3279.4000,3279.6000,3279.8000,3280.2000,1,1,1,1,2,2,1,1,1,1
SF,IH2103,2020-10-26 09:31:14.000,3277.6000,9148,0,93536700.000,0,-,-,-,-,3277.4000,3276.8000,3276.6000,3276.4000,3276.2000,3279.2000,3279.6000,3279.8000,3280.2000,3281.2000,1,2,6,2,1,1,1,1,1,1
SF,IH2103,2020-10-26 09:31:14.500,3279.6000,9146,-2,95504340.000,2,0,2,双平,S,3277.8000,3277.6000,3277.4000,3276.8000,3276.6000,3279.8000,3281.2000,3283.2000,3283.8000,3284.8000,2,2,1,2,6,1,1,1,1,1
SF,IH2103,2020-10-26 09:31:15.000,3279.6000,9146,0,95504340.000,0,-,-,-,-,3278.2000,3278.0000,3277.8000,3277.4000,3276.8000,3279.8000,3281.2000,3283.2000,3283.8000,3284.8000,6,2,2,1,2,1,1,1,1,1
SF,IH2103,2020-10-26 09:31:15.500,3279.8000,9146,0,96488280.000,1,0,1,多换,S,3279.8000,3279.4000,3278.4000,3278.2000,3278.0000,3281.2000,3283.2000,3283.8000,3284.8000,3287.0000,2,1,3,6,1,1,1,1,1,5
SF,IH2103,2020-10-26 09:31:16.000,3279.8000,9144,-2,98456160.000,2,0,2,双平,S,3278.4000,3278.0000,3277.8000,3276.4000,3275.6000,3281.2000,3281.8000,3283.8000,3284.8000,3287.0000,2,1,2,1,1,1,1,1,1,5
SF,IH2103,2020-10-26 09:31:16.500,3279.8000,9144,0,98456160.000,0,-,-,-,-,3278.6000,3278.4000,3277.8000,3276.4000,3275.6000,3281.0000,3281.2000,3281.8000,3283.8000,3284.8000,1,2,2,1,1,1,1,1,1,1
SF,IH2103,2020-10-26 09:31:17.000,3279.8000,9144,0,98456160.000,0,-,-,-,-,3278.6000,3278.4000,3277.8000,3276.4000,3275.6000,3281.0000,3281.2000,3281.8000,3283.8000,3284.8000,1,1,2,1,1,1,1,1,1,1
SF,IH2103,2020-10-26 09:31:17.500,3279.8000,9144,0,98456160.000,0,-,-,-,-,3278.6000,3278.4000,3277.8000,3276.4000,3275.6000,3281.0000,3281.2000,3281.8000,3283.8000,3284.8000,1,1,2,1,1,1,1,1,1,1
SF,IH2103,2020-10-26 09:31:19.000,3279.8000,9144,0,98456160.000,0,-,-,-,-,3278.6000,3277.8000,3275.6000,3275.0000,3272.2000,3281.0000,3281.2000,3281.8000,3283.8000,3284.8000,1,2,1,1,2,1,1,1,1,1
SF,IH2103,2020-10-26 09:31:19.500,3279.8000,9144,0,98456160.000,0,-,-,-,-,3278.6000,3277.8000,3275.0000,3272.2000,3271.8000,3281.0000,3281.2000,3281.8000,3283.8000,3284.8000,1,2,1,2,1,1,1,1,1,1
SF,IH2103,2020-10-26 09:31:20.000,3280.8000,9143,-1,100423980.000,2,0,2,多平,S,3277.8000,3275.0000,3272.2000,3271.8000,3268.0000,3280.8000,3281.0000,3281.2000,3281.8000,3283.8000,2,1,2,1,1,1,1,1,1,1
SF,IH2103,2020-10-26 09:31:20.500,3280.8000,9143,0,100423980.000,0,-,-,-,-,3277.8000,3275.0000,3272.2000,3271.8000,3268.0000,3280.6000,3280.8000,3281.2000,3281.8000,3283.8000,1,1,2,1,1,1,2,1,1,1
SF,IH2103,2020-10-26 09:31:21.000,3277.8000,9142,-1,101407320.000,1,0,1,双平,S,3275.0000,3272.2000,3271.8000,3268.0000,3267.0000,3280.4000,3280.8000,3281.2000,3281.8000,3283.8000,1,2,1,1,1,1,1,1,1,1
SF,IH2103,2020-10-26 09:31:21.500,3277.8000,9142,0,101407320.000,0,-,-,-,-,3276.0000,3275.2000,3275.0000,3272.2000,3271.8000,3280.2000,3280.4000,3280.8000,3281.2000,3281.8000,1,3,1,2,1,1,1,1,1,1
SF,IH2103,2020-10-26 09:31:22.000,3277.8000,9142,0,101407320.000,0,-,-,-,-,3276.8000,3276.2000,3276.0000,3275.0000,3272.2000,3280.0000,3280.2000,3280.8000,3281.2000,3281.8000,2,2,1,1,2,1,1,1,1,1
SF,IH2103,2020-10-26 09:31:22.500,3277.8000,9142,0,101407320.000,0,-,-,-,-,3277.4000,3277.0000,3276.8000,3276.2000,3275.0000,3279.8000,3280.0000,3280.8000,3281.2000,3281.8000,1,1,2,1,1,1,1,1,1,1
SF,IH2103,2020-10-26 09:31:23.000,3277.8000,9142,0,101407320.000,0,-,-,-,-,3276.2000,3275.0000,3272.2000,3271.8000,3268.0000,3279.4000,3279.6000,3279.8000,3281.2000,3281.8000,1,1,2,1,1,1,1,1,1,1
SF,IH2103,2020-10-26 09:31:23.500,3277.8000,9142,0,101407320.000,0,-,-,-,-,3276.2000,3275.0000,3272.2000,3271.8000,3268.0000,3279.2000,3279.4000,3281.2000,3281.8000,3283.8000,1,1,2,1,1,2,1,1,1,1
SF,IH2103,2020-10-26 09:31:24.000,3277.8000,9142,0,101407320.000,0,-,-,-,-,3276.4000,3276.2000,3275.0000,3272.2000,3271.8000,3279.2000,3279.4000,3281.2000,3281.8000,3283.8000,1,1,1,2,1,2,1,1,1,1
SF,IH2103,2020-10-26 09:31:26.000,3277.8000,9142,0,102390660.000,1,0,1,多换,S,3276.4000,3276.2000,3275.0000,3272.2000,3271.8000,3279.2000,3279.4000,3281.2000,3281.8000,3283.8000,1,1,1,2,1,2,1,1,1,1
SF,IH2103,2020-10-26 09:31:26.500,3276.4000,9141,-1,103373580.000,1,0,1,双平,S,3276.2000,3275.0000,3272.2000,3271.8000,3268.0000,3279.2000,3279.4000,3281.2000,3281.8000,3283.8000,1,1,2,1,1,2,1,1,1,1
SF,IH2103,2020-10-26 09:31:27.000,3276.2000,9140,-1,104356440.000,1,0,1,双平,S,3275.0000,3272.2000,3271.8000,3268.0000,3267.0000,3279.2000,3279.4000,3281.2000,3281.8000,3283.8000,1,2,1,1,1,2,1,1,1,1
SF,IH2103,2020-10-26 09:31:27.500,3276.2000,9140,0,104356440.000,0,-,-,-,-,3275.2000,3275.0000,3272.2000,3271.8000,3268.0000,3279.2000,3279.4000,3281.2000,3281.8000,3283.8000,3,1,2,1,1,2,1,1,1,1
SF,IH2103,2020-10-26 09:31:28.000,3276.2000,9140,0,104356440.000,0,-,-,-,-,3275.4000,3275.2000,3275.0000,3272.2000,3271.8000,3276.2000,3279.2000,3279.4000,3281.2000,3281.8000,1,2,1,2,1,1,2,2,1,1
SF,IH2103,2020-10-26 09:31:28.500,3276.4000,9139,-1,107304720.000,3,1,2,多平,S,3272.2000,3271.8000,3268.0000,3267.0000,3266.0000,3279.2000,3279.4000,3283.8000,3287.0000,3288.6000,2,1,1,1,3,2,2,1,5,1
SF,IH2103,2020-10-26 09:31:29.000,3276.4000,9139,0,107304720.000,0,-,-,-,-,3274.0000,3273.6000,3273.2000,3272.4000,3272.2000,3279.0000,3279.2000,3279.4000,3283.8000,3287.0000,1,2,1,1,2,2,2,2,1,5
SF,IH2103,2020-10-26 09:31:29.500,3276.4000,9139,0,107304720.000,0,-,-,-,-,3274.6000,3274.2000,3274.0000,3273.6000,3272.2000,3278.6000,3278.8000,3279.0000,3279.4000,3283.8000,1,1,1,2,2,2,2,2,2,1
SF,IH2103,2020-10-26 09:31:30.000,3276.4000,9139,0,107304720.000,0,-,-,-,-,3274.8000,3274.6000,3274.0000,3273.6000,3272.2000,3278.4000,3278.6000,3279.0000,3279.4000,3283.8000,1,1,1,2,2,2,2,2,2,1
SF,IH2103,2020-10-26 09:31:30.500,3276.4000,9139,0,107304720.000,0,-,-,-,-,3274.8000,3274.6000,3274.0000,3273.6000,3272.2000,3278.4000,3278.6000,3279.4000,3283.8000,3287.0000,1,1,1,2,2,2,2,2,1,5
SF,IH2103,2020-10-26 09:31:31.500,3276.4000,9139,0,107304720.000,0,-,-,-,-,3275.2000,3274.8000,3274.6000,3274.0000,3272.2000,3278.4000,3278.6000,3279.4000,3283.8000,3287.0000,2,1,1,1,2,2,2,2,1,5
SF,IH2103,2020-10-26 09:31:32.000,3276.4000,9139,0,107304720.000,0,-,-,-,-,3275.4000,3275.2000,3274.6000,3272.2000,3271.8000,3278.4000,3278.6000,3279.4000,3283.8000,3287.0000,1,2,1,2,1,2,2,2,1,5
SF,IH2103,2020-10-26 09:31:32.500,3276.4000,9139,0,107304720.000,0,-,-,-,-,3275.2000,3274.6000,3272.2000,3271.8000,3268.0000,3278.4000,3278.6000,3279.4000,3283.8000,3287.0000,2,1,2,1,1,2,2,2,1,5
SF,IH2103,2020-10-26 09:31:33.000,3276.4000,9139,0,107304720.000,0,-,-,-,-,3274.6000,3272.2000,3271.8000,3268.0000,3267.0000,3278.4000,3278.6000,3279.4000,3283.8000,3287.0000,1,2,1,1,1,2,2,2,1,5
SF,IH2103,2020-10-26 09:31:33.500,3276.4000,9139,0,107304720.000,0,-,-,-,-,3275.2000,3274.8000,3274.6000,3272.2000,3271.8000,3278.4000,3278.6000,3279.4000,3283.8000,3287.0000,2,1,1,2,1,2,2,2,1,5
SF,IH2103,2020-10-26 09:31:34.000,3276.4000,9139,0,107304720.000,0,-,-,-,-,3272.2000,3271.8000,3268.0000,3267.0000,3266.0000,3278.4000,3278.6000,3279.4000,3283.8000,3287.0000,2,1,1,1,3,2,2,2,1,5
SF,IH2103,2020-10-26 09:31:34.500,3276.4000,9139,0,107304720.000,0,-,-,-,-,3275.2000,3274.6000,3273.2000,3272.6000,3272.4000,3278.4000,3278.6000,3279.4000,3283.8000,3285.6000,2,1,1,5,3,1,2,2,1,1
SF,IH2103,2020-10-26 09:31:35.000,3276.4000,9139,0,107304720.000,0,-,-,-,-,3275.4000,3274.6000,3272.6000,3272.4000,3272.2000,3277.4000,3278.4000,3278.6000,3279.4000,3283.8000,1,1,5,2,2,1,1,2,2,1
SF,IH2103,2020-10-26 09:31:35.500,3276.4000,9139,0,107304720.000,0,-,-,-,-,3275.4000,3274.6000,3272.6000,3272.4000,3272.2000,3277.2000,3277.4000,3278.6000,3279.4000,3281.0000,1,1,5,2,2,1,1,2,2,1
SF,IH2103,2020-10-26 09:31:36.000,3277.2000,9138,-1,108287880.000,1,0,1,双平,S,3275.4000,3274.6000,3272.6000,3272.4000,3272.2000,3277.4000,3278.6000,3279.4000,3281.0000,3285.6000,1,1,5,2,2,1,2,2,1,1
SF,IH2103,2020-10-26 09:31:36.500,3277.2000,9138,0,108287880.000,0,-,-,-,-,3275.4000,3272.6000,3272.4000,3272.2000,3271.8000,3277.4000,3278.6000,3279.4000,3281.0000,3285.6000,1,5,2,2,1,1,2,2,1,1
SF,IH2103,2020-10-26 09:31:37.000,3277.2000,9138,0,108287880.000,0,-,-,-,-,3275.4000,3272.6000,3272.4000,3272.2000,3271.8000,3277.2000,3277.4000,3278.6000,3279.4000,3281.0000,1,5,2,2,1,1,1,2,2,1
SF,IH2103,2020-10-26 09:31:37.500,3277.2000,9138,0,108287880.000,0,-,-,-,-,3275.6000,3275.4000,3272.6000,3272.4000,3272.2000,3277.2000,3277.4000,3278.6000,3279.4000,3281.0000,1,1,5,2,2,1,1,2,2,1
SF,IH2103,2020-10-26 09:31:38.000,3275.6000,9138,0,109270560.000,1,0,1,多换,S,3275.4000,3272.4000,3272.2000,3271.8000,3271.2000,3277.2000,3277.4000,3278.6000,3279.4000,3281.0000,1,2,2,1,1,2,1,2,2,1
SF,IH2103,2020-10-26 09:31:38.500,3275.6000,9138,0,109270560.000,0,-,-,-,-,3275.2000,3272.4000,3272.2000,3271.8000,3271.2000,3277.0000,3277.2000,3277.4000,3278.6000,3279.4000,1,2,2,1,1,1,2,1,2,2
SF,IH2103,2020-10-26 09:31:39.000,3275.6000,9138,0,109270560.000,0,-,-,-,-,3275.2000,3272.4000,3272.2000,3271.8000,3271.2000,3277.0000,3277.2000,3277.4000,3278.6000,3279.4000,1,2,2,1,1,1,1,1,2,2
SF,IH2103,2020-10-26 09:31:39.500,3275.4000,9138,0,110253180.000,1,0,1,多换,S,3275.2000,3272.4000,3272.2000,3271.8000,3271.2000,3276.8000,3277.2000,3277.4000,3278.6000,3279.4000,1,2,2,1,1,2,1,1,2,2
SF,IH2103,2020-10-26 09:31:40.500,3275.4000,9138,0,110253180.000,0,-,-,-,-,3275.2000,3272.4000,3272.2000,3271.8000,3271.2000,3276.8000,3277.4000,3278.6000,3279.4000,3281.0000,1,2,2,1,1,2,1,2,2,1
SF,IH2103,2020-10-26 09:31:41.000,3275.4000,9138,0,110253180.000,0,-,-,-,-,3275.2000,3272.4000,3272.2000,3271.8000,3271.2000,3276.8000,3277.4000,3278.6000,3279.4000,3281.0000,1,1,2,1,1,2,1,2,2,1
SF,IH2103,2020-10-26 09:31:41.500,3275.4000,9138,0,110253180.000,0,-,-,-,-,3275.2000,3272.4000,3272.2000,3271.8000,3271.2000,3276.8000,3278.6000,3279.4000,3281.0000,3285.6000,1,1,2,1,1,2,2,2,1,1
SF,IH2103,2020-10-26 09:31:42.500,3276.8000,9135,-3,113201820.000,3,0,3,双平,S,3276.8000,3272.4000,3272.2000,3271.8000,3271.2000,3278.6000,3279.4000,3281.0000,3282.2000,3283.4000,1,1,2,1,1,2,2,1,2,4
SF,IH2103,2020-10-26 09:31:43.000,3276.6000,9132,-3,116150880.000,3,0,3,双平,S,3272.2000,3271.8000,3271.2000,3268.0000,3267.0000,3276.8000,3277.0000,3277.4000,3278.4000,3278.6000,2,1,1,1,1,2,1,1,4,2
SF,IH2103,2020-10-26 09:31:43.500,3276.6000,9132,0,116150880.000,0,-,-,-,-,3273.6000,3273.2000,3273.0000,3272.4000,3272.2000,3276.6000,3278.4000,3278.6000,3279.4000,3281.0000,1,1,1,1,2,1,3,2,2,1
SF,IH2103,2020-10-26 09:31:44.000,3273.8000,9128,-4,120079440.000,4,0,4,双平,S,3273.6000,3273.2000,3272.2000,3271.8000,3271.2000,3276.2000,3276.6000,3278.4000,3278.6000,3279.4000,2,1,2,1,1,1,1,2,2,2
SF,IH2103,2020-10-26 09:31:44.500,3273.8000,9128,0,120079440.000,0,-,-,-,-,3273.8000,3273.6000,3273.2000,3272.2000,3271.8000,3276.0000,3276.2000,3278.4000,3278.6000,3279.4000,1,1,1,2,1,1,1,2,2,2
SF,IH2103,2020-10-26 09:31:45.000,3273.8000,9128,0,120079440.000,0,-,-,-,-,3273.8000,3272.2000,3271.8000,3271.2000,3268.0000,3275.8000,3276.0000,3276.2000,3278.4000,3278.6000,1,2,1,1,1,1,1,1,2,2
SF,IH2103,2020-10-26 09:31:45.500,3273.8000,9128,0,120079440.000,0,-,-,-,-,3272.2000,3271.8000,3271.2000,3268.0000,3267.0000,3273.6000,3275.6000,3275.8000,3276.2000,3278.4000,2,1,1,1,1,2,1,1,1,1
SF,IH2103,2020-10-26 09:31:46.000,3273.6000,9126,-2,122043600.000,2,0,2,双平,S,3273.6000,3272.6000,3272.2000,3271.8000,3269.0000,3275.6000,3276.2000,3277.8000,3278.4000,3279.4000,1,1,2,1,1,1,1,1,1,2
SF,IH2103,2020-10-26 09:31:46.500,3273.6000,9126,0,122043600.000,0,-,-,-,-,3272.6000,3272.2000,3271.8000,3269.0000,3268.0000,3274.8000,3275.4000,3275.6000,3276.2000,3277.8000,1,2,1,1,1,2,1,1,1,1
SF,IH2103,2020-10-26 09:31:47.000,3272.8000,9125,-1,123025440.000,1,0,1,双平,S,3273.0000,3272.2000,3271.8000,3269.0000,3268.0000,3274.6000,3274.8000,3275.4000,3277.8000,3278.4000,1,2,1,1,1,2,2,1,1,1
SF,IH2103,2020-10-26 09:31:47.500,3272.8000,9125,0,123025440.000,0,-,-,-,-,3273.0000,3272.2000,3271.8000,3269.0000,3268.0000,3274.4000,3274.6000,3274.8000,3277.8000,3278.4000,1,2,1,1,1,1,1,2,1,1
SF,IH2103,2020-10-26 09:31:48.000,3272.8000,9125,0,123025440.000,0,-,-,-,-,3273.0000,3272.6000,3272.2000,3271.8000,3269.0000,3274.4000,3274.6000,3274.8000,3277.8000,3278.4000,1,1,2,1,1,1,1,2,1,1
SF,IH2103,2020-10-26 09:31:48.500,3273.0000,9125,0,124007340.000,1,0,1,多换,S,3272.2000,3271.8000,3269.0000,3268.0000,3267.0000,3274.6000,3274.8000,3277.8000,3278.4000,3279.2000,2,1,1,1,1,1,2,1,1,1
SF,IH2103,2020-10-26 09:31:49.000,3273.0000,9125,0,124007340.000,0,-,-,-,-,3272.2000,3271.8000,3269.0000,3268.0000,3267.0000,3274.4000,3274.6000,3274.8000,3277.8000,3278.4000,2,1,1,1,1,1,1,2,1,1
SF,IH2103,2020-10-26 09:31:49.500,3273.0000,9125,0,124007340.000,0,-,-,-,-,3272.2000,3271.8000,3269.0000,3268.0000,3267.0000,3274.2000,3274.4000,3274.8000,3277.8000,3278.4000,2,1,1,1,1,1,1,2,1,1
SF,IH2103,2020-10-26 09:31:50.000,3273.0000,9125,0,124007340.000,0,-,-,-,-,3272.2000,3271.8000,3269.0000,3268.0000,3267.0000,3273.8000,3274.2000,3274.4000,3274.8000,3277.8000,2,1,1,1,1,1,1,1,2,1
SF,IH2103,2020-10-26 09:31:50.500,3273.0000,9125,0,124007340.000,0,-,-,-,-,3272.2000,3271.8000,3269.0000,3268.0000,3267.0000,3273.8000,3274.2000,3274.4000,3277.8000,3278.4000,5,1,1,1,1,1,1,1,1,1
SF,IH2103,2020-10-26 09:31:51.000,3273.8000,9123,-2,125971560.000,2,0,2,双平,S,3272.2000,3271.8000,3269.0000,3268.0000,3267.0000,3274.2000,3277.8000,3278.4000,3279.2000,3279.4000,4,1,1,1,1,1,1,1,2,7
SF,IH2103,2020-10-26 09:31:51.500,3274.2000,9122,-1,126953820.000,1,0,1,双平,S,3272.4000,3272.2000,3271.8000,3269.0000,3268.0000,3277.8000,3278.4000,3279.2000,3279.4000,3285.6000,3,4,1,1,1,1,1,1,7,1
SF,IH2103,2020-10-26 09:31:52.000,3274.2000,9122,0,126953820.000,0,-,-,-,-,3272.4000,3272.2000,3271.8000,3269.0000,3268.0000,3277.6000,3277.8000,3278.4000,3279.2000,3279.4000,2,4,1,1,1,1,1,1,1,7
SF,IH2103,2020-10-26 09:31:52.500,3274.2000,9122,0,126953820.000,0,-,-,-,-,3274.2000,3272.4000,3272.2000,3271.8000,3269.0000,3277.6000,3277.8000,3278.4000,3278.6000,3279.2000,1,2,4,1,1,1,1,1,1,1
SF,IH2103,2020-10-26 09:31:53.000,3274.2000,9122,0,126953820.000,0,-,-,-,-,3274.4000,3274.2000,3272.4000,3272.2000,3271.8000,3277.0000,3277.6000,3277.8000,3278.4000,3279.2000,1,1,1,4,1,2,1,1,1,1
SF,IH2103,2020-10-26 09:31:53.500,3274.2000,9122,0,126953820.000,0,-,-,-,-,3274.6000,3274.4000,3274.2000,3272.2000,3271.8000,3277.0000,3277.6000,3277.8000,3278.4000,3279.2000,1,1,1,4,1,2,1,1,1,1
SF,IH2103,2020-10-26 09:31:54.000,3274.2000,9122,0,126953820.000,0,-,-,-,-,3274.8000,3274.2000,3272.2000,3271.8000,3269.0000,3276.8000,3277.0000,3277.8000,3278.0000,3278.4000,1,1,4,1,1,1,2,1,1,1
SF,IH2103,2020-10-26 09:31:54.500,3274.2000,9122,0,126953820.000,0,-,-,-,-,3274.8000,3274.2000,3272.2000,3271.8000,3269.0000,3276.6000,3276.8000,3277.0000,3277.8000,3278.0000,1,1,4,1,1,1,1,2,1,1
SF,IH2103,2020-10-26 09:31:55.000,3274.2000,9122,0,126953820.000,0,-,-,-,-,3275.2000,3274.8000,3274.2000,3272.2000,3271.8000,3276.2000,3276.4000,3277.0000,3277.8000,3278.4000,4,1,1,4,1,1,2,2,1,1
SF,IH2103,2020-10-26 09:31:55.500,3274.2000,9122,0,126953820.000,0,-,-,-,-,3275.2000,3274.8000,3274.2000,3272.2000,3271.8000,3276.2000,3276.4000,3277.0000,3277.4000,3277.8000,4,1,1,1,1,1,1,2,1,1
SF,IH2103,2020-10-26 09:31:56.000,3274.2000,9122,0,126953820.000,0,-,-,-,-,3275.2000,3274.8000,3274.2000,3272.2000,3271.8000,3276.2000,3277.0000,3277.4000,3277.8000,3278.4000,7,1,1,1,1,1,2,1,1,1
SF,IH2103,2020-10-26 09:31:56.500,3274.2000,9122,0,126953820.000,0,-,-,-,-,3275.2000,3274.8000,3274.2000,3272.2000,3271.8000,3276.2000,3277.0000,3277.8000,3278.4000,3279.2000,7,1,1,1,1,1,2,1,1,1
SF,IH2103,2020-10-26 09:31:57.000,3276.2000,9121,-1,127936680.000,1,0,1,双平,S,3275.4000,3275.2000,3274.8000,3274.2000,3272.2000,3277.0000,3277.8000,3278.4000,3279.2000,3279.4000,1,7,1,1,1,2,1,1,1,2
SF,IH2103,2020-10-26 09:31:57.500,3275.2000,9120,-1,129901860.000,2,0,2,多平,S,3275.2000,3274.8000,3274.2000,3272.2000,3271.8000,3276.8000,3277.0000,3277.8000,3278.4000,3279.2000,6,1,1,1,1,2,2,1,1,1
SF,IH2103,2020-10-26 09:31:58.000,3275.2000,9120,0,129901860.000,0,-,-,-,-,3275.2000,3274.8000,3274.2000,3272.2000,3271.8000,3276.8000,3277.0000,3277.8000,3278.4000,3279.2000,6,1,1,1,1,1,2,1,1,1
SF,IH2103,2020-10-26 09:31:58.500,3275.2000,9120,0,129901860.000,0,-,-,-,-,3275.2000,3274.8000,3274.2000,3272.2000,3271.8000,3276.6000,3277.0000,3277.8000,3278.4000,3279.2000,6,1,1,1,1,1,2,1,1,1
SF,IH2103,2020-10-26 09:31:59.000,3275.2000,9120,0,129901860.000,0,-,-,-,-,3275.2000,3274.8000,3274.2000,3272.2000,3271.8000,3276.4000,3277.0000,3277.8000,3278.4000,3279.2000,6,1,1,1,1,2,2,1,1,1
SF,IH2103,2020-10-26 09:31:59.500,3275.2000,9120,0,129901860.000,0,-,-,-,-,3275.2000,3274.2000,3272.2000,3271.8000,3270.8000,3276.2000,3276.4000,3277.0000,3277.8000,3278.4000,6,1,1,1,1,1,1,2,1,1
SF,IH2103,2020-10-26 09:32:00.000,3275.2000,9120,0,129901860.000,0,-,-,-,-,3275.2000,3274.2000,3272.2000,3271.8000,3270.8000,3277.0000,3277.8000,3278.4000,3279.2000,3279.4000,6,1,1,1,1,2,1,1,1,2
SF,IH2103,2020-10-26 09:32:00.500,3275.2000,9120,0,129901860.000,0,-,-,-,-,3275.2000,3274.2000,3272.2000,3271.8000,3270.8000,3275.6000,3276.2000,3276.8000,3277.0000,3277.8000,6,1,1,1,1,1,2,3,2,1
SF,IH2103,2020-10-26 09:32:01.000,3275.2000,9120,0,135797220.000,6,3,3,多换,S,3274.2000,3272.2000,3271.8000,3270.8000,3269.0000,3275.6000,3276.8000,3277.0000,3277.8000,3279.2000,1,1,1,1,1,1,2,2,1,1
SF,IH2103,2020-10-26 09:32:01.500,3274.2000,9120,0,136779480.000,1,0,1,多换,S,3272.2000,3271.8000,3270.8000,3269.0000,3268.0000,3275.2000,3275.4000,3276.8000,3277.0000,3277.8000,1,1,1,1,1,2,2,2,2,1
SF,IH2103,2020-10-26 09:32:02.000,3274.2000,9120,0,136779480.000,0,-,-,-,-,3272.2000,3271.8000,3270.8000,3269.0000,3268.0000,3275.0000,3275.2000,3276.8000,3277.0000,3277.8000,1,1,1,1,1,2,2,1,2,1
SF,IH2103,2020-10-26 09:32:02.500,3271.8000,9119,-1,138742680.000,2,0,2,多平,S,3270.8000,3268.0000,3267.0000,3266.0000,3263.8000,3274.6000,3274.8000,3275.0000,3275.2000,3276.8000,1,1,1,3,1,1,1,2,2,1
SF,IH2103,2020-10-26 09:32:03.000,3271.8000,9118,-1,140705760.000,2,0,2,多平,S,3270.8000,3268.0000,3267.0000,3266.0000,3263.8000,3272.2000,3272.8000,3274.2000,3274.4000,3274.6000,1,1,1,3,1,1,1,1,2,1
SF,IH2103,2020-10-26 09:32:03.500,3270.8000,9117,-1,141687000.000,1,0,1,双平,S,3268.0000,3267.0000,3266.0000,3263.8000,3261.8000,3272.0000,3274.4000,3274.6000,3275.2000,3276.8000,1,1,3,1,1,3,1,1,2,1
SF,IH2103,2020-10-26 09:32:04.000,3270.8000,9117,0,141687000.000,0,-,-,-,-,3268.4000,3268.2000,3268.0000,3267.0000,3266.0000,3271.6000,3271.8000,3272.0000,3274.6000,3275.2000,2,2,1,1,3,1,1,3,1,2
SF,IH2103,2020-10-26 09:32:04.500,3270.8000,9117,0,141687000.000,0,-,-,-,-,3268.4000,3268.2000,3268.0000,3267.0000,3266.0000,3271.4000,3271.6000,3272.0000,3274.4000,3275.2000,2,1,1,1,3,3,1,2,1,2
SF,IH2103,2020-10-26 09:32:05.000,3270.8000,9117,0,141687000.000,0,-,-,-,-,3268.6000,3268.4000,3268.0000,3267.0000,3266.0000,3269.2000,3269.8000,3271.0000,3271.4000,3272.0000,1,2,1,1,3,1,1,1,3,2
SF,IH2103,2020-10-26 09:32:05.500,3268.6000,9116,-1,143648340.000,2,0,2,多平,S,3268.4000,3268.0000,3267.0000,3266.0000,3263.8000,3271.4000,3272.0000,3275.2000,3276.8000,3279.2000,2,1,1,3,1,3,2,2,1,1
SF,IH2103,2020-10-26 09:32:06.000,3268.6000,9116,0,143648340.000,0,-,-,-,-,3268.4000,3268.0000,3267.0000,3266.0000,3263.8000,3271.0000,3271.2000,3271.4000,3272.0000,3275.2000,2,1,1,4,1,1,1,3,2,2
SF,IH2103,2020-10-26 09:32:06.500,3268.6000,9116,0,143648340.000,0,-,-,-,-,3268.4000,3268.0000,3267.0000,3266.0000,3263.8000,3269.2000,3269.8000,3270.6000,3270.8000,3271.2000,2,2,1,4,1,1,1,2,2,1
SF,IH2103,2020-10-26 09:32:07.000,3268.8000,9114,-2,146590020.000,3,0,3,多平,S,3268.0000,3267.0000,3266.0000,3263.8000,3262.2000,3268.8000,3269.2000,3270.6000,3270.8000,3271.2000,2,1,4,1,1,1,1,1,1,1
SF,IH2103,2020-10-26 09:32:07.500,3268.0000,9114,0,147570420.000,1,0,1,多换,S,3268.0000,3267.0000,3266.0000,3263.8000,3262.2000,3270.6000,3270.8000,3271.2000,3271.4000,3272.0000,1,1,4,1,1,1,1,1,1,2
SF,IH2103,2020-10-26 09:32:08.000,3268.0000,9114,0,147570420.000,0,-,-,-,-,3268.0000,3267.0000,3266.0000,3263.8000,3262.2000,3268.8000,3270.2000,3270.4000,3270.6000,3271.2000,1,1,4,1,1,1,1,2,1,1
SF,IH2103,2020-10-26 09:32:08.500,3268.0000,9111,-3,151492440.000,4,0,4,多平,S,3267.0000,3266.0000,3263.8000,3262.2000,3261.8000,3268.6000,3270.4000,3270.6000,3271.2000,3271.4000,1,4,1,1,1,1,1,1,1,1
SF,IH2103,2020-10-26 09:32:09.000,3268.0000,9111,0,151492440.000,0,-,-,-,-,3267.2000,3267.0000,3266.0000,3263.8000,3262.2000,3268.0000,3270.4000,3270.6000,3271.4000,3272.0000,2,1,4,1,1,1,1,1,1,2
SF,IH2103,2020-10-26 09:32:09.500,3268.0000,9110,-1,152472840.000,1,0,1,双平,S,3267.0000,3266.0000,3263.8000,3262.2000,3261.8000,3268.0000,3270.4000,3270.6000,3271.4000,3273.2000,1,4,1,1,1,1,1,1,1,1
SF,IH2103,2020-10-26 09:32:10.000,3268.0000,9110,0,153453240.000,1,0,1,多换,S,3267.2000,3267.0000,3266.0000,3263.8000,3262.2000,3270.4000,3270.6000,3271.4000,3273.2000,3275.2000,2,1,4,1,1,1,1,1,1,2
SF,IH2103,2020-10-26 09:32:10.500,3268.0000,9110,0,153453240.000,0,-,-,-,-,3267.0000,3266.0000,3263.8000,3262.2000,3261.8000,3268.8000,3270.0000,3270.2000,3270.4000,3270.6000,1,4,1,1,1,1,3,1,1,1
SF,IH2103,2020-10-26 09:32:11.000,3267.0000,9110,0,154433340.000,1,0,1,多换,S,3266.0000,3263.8000,3262.2000,3261.8000,3261.2000,3268.6000,3270.0000,3270.6000,3271.4000,3275.2000,4,1,1,1,4,3,2,1,1,3
SF,IH2103,2020-10-26 09:32:11.500,3267.0000,9110,0,154433340.000,0,-,-,-,-,3266.2000,3266.0000,3263.8000,3262.2000,3261.8000,3267.0000,3268.6000,3270.0000,3270.6000,3271.4000,1,4,1,1,1,1,2,2,1,1
SF,IH2103,2020-10-26 09:32:12.000,3267.0000,9110,0,155413440.000,1,0,1,多换,S,3267.0000,3266.4000,3266.2000,3266.0000,3263.8000,3268.6000,3270.0000,3270.6000,3271.4000,3272.6000,1,1,1,4,1,1,2,1,1,1
SF,IH2103,2020-10-26 09:32:12.500,3267.0000,9109,-1,156393540.000,1,0,1,双平,S,3266.2000,3266.0000,3263.8000,3262.2000,3261.8000,3268.4000,3270.0000,3270.6000,3271.4000,3272.6000,1,4,1,1,1,2,2,1,1,1
SF,IH2103,2020-10-26 09:32:13.000,3267.0000,9109,0,156393540.000,0,-,-,-,-,3266.4000,3266.0000,3263.8000,3261.8000,3261.2000,3268.0000,3268.2000,3268.4000,3270.0000,3270.6000,1,4,1,1,4,1,1,1,2,1
SF,IH2103,2020-10-26 09:32:13.500,3268.2000,9106,-3,159334260.000,3,0,3,双平,S,3266.0000,3263.8000,3261.8000,3261.2000,3261.0000,3268.4000,3270.0000,3270.6000,3275.2000,3275.6000,4,1,1,4,3,1,2,1,3,5
SF,IH2103,2020-10-26 09:32:14.000,3266.0000,9106,0,160314060.000,1,0,1,多换,S,3266.0000,3263.8000,3261.8000,3261.2000,3261.0000,3266.4000,3268.2000,3270.0000,3270.6000,3275.2000,3,1,1,4,3,1,2,2,1,3
SF,IH2103,2020-10-26 09:32:14.500,3266.0000,9104,-2,164233260.000,4,1,3,多平,S,3263.8000,3261.8000,3261.2000,3261.0000,3260.0000,3268.2000,3270.0000,3270.6000,3272.0000,3275.2000,1,1,4,3,8,1,2,1,1,3
SF,IH2103,2020-10-26 09:32:15.000,3266.0000,9104,0,164233260.000,0,-,-,-,-,3263.8000,3261.8000,3261.2000,3261.0000,3260.0000,3267.8000,3268.0000,3268.2000,3270.0000,3270.6000,1,1,4,3,8,4,10,1,2,1
SF,IH2103,2020-10-26 09:32:15.500,3266.0000,9105,1,165213060.000,1,1,0,双开,S,3263.8000,3261.8000,3261.2000,3261.0000,3260.0000,3267.4000,3267.6000,3267.8000,3268.0000,3270.0000,1,1,4,3,8,2,2,4,5,2
SF,IH2103,2020-10-26 09:32:16.000,3266.0000,9105,0,166192860.000,1,0,1,多换,S,3263.8000,3261.8000,3261.2000,3261.0000,3260.0000,3267.0000,3267.2000,3267.4000,3268.0000,3270.0000,1,1,4,3,8,1,2,5,5,2
SF,IH2103,2020-10-26 09:32:16.500,3266.0000,9105,0,166192860.000,0,-,-,-,-,3263.8000,3261.8000,3261.2000,3261.0000,3260.0000,3266.6000,3266.8000,3267.4000,3268.0000,3270.0000,1,1,4,3,8,1,2,1,5,2
SF,IH2103,2020-10-26 09:32:17.000,3266.4000,9104,-1,167172780.000,1,0,1,双平,S,3264.0000,3263.8000,3261.8000,3261.2000,3261.0000,3266.4000,3266.8000,3267.4000,3268.0000,3270.0000,1,1,1,4,3,1,1,1,5,2
SF,IH2103,2020-10-26 09:32:17.500,3266.4000,9104,0,167172780.000,0,-,-,-,-,3263.8000,3261.8000,3261.2000,3261.0000,3260.0000,3266.2000,3267.4000,3268.0000,3270.0000,3271.4000,1,1,4,3,8,3,1,5,2,1
SF,IH2103,2020-10-26 09:32:18.000,3266.4000,9104,0,167172780.000,0,-,-,-,-,3263.8000,3261.8000,3261.2000,3261.0000,3260.0000,3266.0000,3266.2000,3267.4000,3268.0000,3270.0000,1,1,4,3,8,2,2,1,5,2
SF,IH2103,2020-10-26 09:32:18.500,3266.4000,9104,0,167172780.000,0,-,-,-,-,3263.8000,3261.8000,3261.2000,3261.0000,3260.0000,3265.4000,3265.6000,3265.8000,3266.0000,3268.0000,1,1,4,3,8,2,1,3,1,5
SF,IH2103,2020-10-26 09:32:19.000,3266.4000,9104,0,167172780.000,0,-,-,-,-,3263.8000,3261.8000,3261.2000,3261.0000,3260.0000,3265.2000,3265.4000,3265.8000,3268.0000,3270.8000,1,1,4,3,8,1,2,3,5,1
SF,IH2103,2020-10-26 09:32:20.000,3263.8000,9103,-1,168151920.000,1,0,1,双平,S,3261.8000,3261.2000,3261.0000,3260.0000,3259.2000,3265.2000,3265.4000,3265.8000,3268.0000,3275.2000,1,4,3,8,1,1,2,3,5,3
SF,IH2103,2020-10-26 09:32:20.500,3262.0000,9102,-1,169130520.000,1,0,1,双平,S,3261.8000,3261.2000,3261.0000,3260.0000,3259.2000,3265.0000,3265.2000,3265.8000,3268.0000,3275.2000,1,4,3,8,1,1,1,2,5,3
SF,IH2103,2020-10-26 09:32:21.000,3264.6000,9103,1,170109900.000,1,1,0,双开,S,3263.2000,3262.0000,3261.8000,3261.2000,3261.0000,3265.0000,3265.2000,3265.8000,3268.0000,3275.2000,1,1,1,4,3,1,1,2,5,3
SF,IH2103,2020-10-26 09:32:21.500,3264.6000,9103,0,170109900.000,0,-,-,-,-,3263.2000,3262.0000,3261.8000,3261.2000,3261.0000,3264.8000,3265.0000,3265.2000,3265.8000,3268.0000,1,1,1,4,3,1,1,1,1,5
SF,IH2103,2020-10-26 09:32:22.000,3263.2000,9103,0,171088860.000,1,0,1,多换,S,3261.8000,3261.2000,3261.0000,3260.0000,3259.2000,3264.8000,3265.0000,3265.2000,3265.8000,3266.0000,1,4,3,8,1,1,1,1,1,1
SF,IH2103,2020-10-26 09:32:22.500,3263.2000,9103,0,171088860.000,0,-,-,-,-,3261.8000,3261.2000,3261.0000,3260.0000,3259.2000,3264.6000,3264.8000,3265.2000,3265.8000,3266.0000,1,4,3,8,1,1,1,1,1,1
SF,IH2103,2020-10-26 09:32:23.000,3263.2000,9103,0,171088860.000,0,-,-,-,-,3261.8000,3261.2000,3261.0000,3260.0000,3259.2000,3264.4000,3264.6000,3265.2000,3265.8000,3266.0000,1,4,3,8,1,1,1,1,1,1
SF,IH2103,2020-10-26 09:32:23.500,3263.2000,9103,0,171088860.000,0,-,-,-,-,3261.8000,3261.2000,3261.0000,3260.0000,3259.2000,3264.2000,3264.4000,3265.2000,3265.8000,3266.0000,1,4,3,8,1,1,1,1,1,1
SF,IH2103,2020-10-26 09:32:24.000,3263.2000,9103,0,171088860.000,0,-,-,-,-,3261.8000,3261.2000,3261.0000,3260.0000,3259.2000,3264.0000,3264.2000,3265.2000,3265.8000,3266.0000,1,4,3,9,1,1,1,1,1,1
SF,IH2103,2020-10-26 09:32:24.500,3263.2000,9103,0,171088860.000,0,-,-,-,-,3262.0000,3261.8000,3261.2000,3261.0000,3260.0000,3263.8000,3265.2000,3265.8000,3266.0000,3268.0000,1,1,4,3,9,1,1,1,1,5
SF,IH2103,2020-10-26 09:32:25.000,3263.2000,9103,0,171088860.000,0,-,-,-,-,3261.8000,3261.2000,3261.0000,3260.0000,3259.2000,3263.8000,3265.2000,3265.8000,3266.0000,3268.0000,1,4,3,9,1,1,1,1,1,5
SF,IH2103,2020-10-26 09:32:25.500,3263.2000,9103,0,171088860.000,0,-,-,-,-,3261.8000,3261.2000,3261.0000,3260.0000,3259.2000,3263.6000,3263.8000,3265.8000,3266.0000,3268.0000,1,4,3,9,1,2,1,1,1,5
SF,IH2103,2020-10-26 09:32:26.000,3263.2000,9103,0,171088860.000,0,-,-,-,-,3262.2000,3262.0000,3261.8000,3261.2000,3261.0000,3263.6000,3265.8000,3266.0000,3268.0000,3275.2000,1,1,1,4,3,2,1,1,5,3
SF,IH2103,2020-10-26 09:32:26.500,3262.0000,9102,-1,173046120.000,2,0,2,多平,S,3261.8000,3261.2000,3261.0000,3260.0000,3259.2000,3263.6000,3265.8000,3266.0000,3268.0000,3269.0000,1,4,3,9,1,2,1,1,5,1
SF,IH2103,2020-10-26 09:32:27.000,3261.8000,9103,1,174024660.000,1,1,0,双开,S,3262.0000,3261.2000,3261.0000,3260.0000,3259.2000,3263.4000,3263.6000,3265.8000,3266.0000,3268.0000,1,4,3,9,1,1,2,1,1,5
SF,IH2103,2020-10-26 09:32:27.500,3262.0000,9101,-2,175981860.000,2,0,2,双平,S,3261.2000,3261.0000,3260.0000,3259.2000,3256.0000,3263.4000,3263.6000,3265.8000,3266.0000,3268.0000,4,3,9,1,1,1,1,1,1,5
SF,IH2103,2020-10-26 09:32:28.000,3262.0000,9101,0,175981860.000,0,-,-,-,-,3261.2000,3261.0000,3260.0000,3259.2000,3256.0000,3263.2000,3263.4000,3263.6000,3265.8000,3266.0000,4,3,9,1,1,1,1,1,1,1
SF,IH2103,2020-10-26 09:32:28.500,3262.0000,9101,0,175981860.000,0,-,-,-,-,3261.2000,3261.0000,3260.0000,3259.2000,3256.0000,3263.0000,3263.2000,3263.6000,3265.8000,3266.0000,4,3,9,1,1,1,1,1,1,1
SF,IH2103,2020-10-26 09:32:29.000,3261.0000,9101,0,181851900.000,6,3,3,多换,S,3261.0000,3260.0000,3259.2000,3256.0000,3255.0000,3262.6000,3263.0000,3263.6000,3266.0000,3268.0000,1,9,1,1,1,1,1,1,1,5
SF,IH2103,2020-10-26 09:32:29.500,3260.0000,9103,2,186742200.000,5,3,2,空开,S,3260.0000,3259.2000,3256.0000,3255.0000,3252.2000,3261.0000,3261.2000,3262.4000,3262.6000,3263.0000,5,1,1,1,1,6,4,2,1,1
SF,IH2103,2020-10-26 09:32:30.000,3260.0000,9103,0,194567100.000,8,4,4,多换,S,3259.2000,3256.0000,3255.0000,3252.2000,3243.8000,3261.0000,3262.6000,3263.0000,3266.0000,3267.8000,1,1,1,1,8,2,1,1,1,1
SF,IH2103,2020-10-26 09:32:30.500,3261.0000,9098,-5,199458420.000,5,0,5,双平,S,3259.4000,3259.2000,3256.0000,3255.0000,3252.2000,3260.0000,3262.6000,3266.0000,3267.8000,3268.0000,2,1,1,1,1,1,1,1,1,5
SF,IH2103,2020-10-26 09:32:31.000,3260.0000,9098,0,200436420.000,1,0,1,多换,S,3260.6000,3260.0000,3259.2000,3256.0000,3255.0000,3262.6000,3266.0000,3267.8000,3268.0000,3275.2000,2,1,1,1,1,1,1,1,5,3
SF,IH2103,2020-10-26 09:32:31.500,3262.6000,9098,0,201415200.000,1,0,1,多换,S,3260.8000,3260.6000,3259.2000,3258.6000,3256.0000,3266.0000,3268.0000,3275.2000,3279.2000,3279.4000,2,2,1,1,1,1,5,3,1,1
SF,IH2103,2020-10-26 09:32:32.000,3261.0000,9099,1,202393500.000,1,1,0,双开,S,3263.6000,3260.8000,3260.6000,3259.2000,3258.6000,3265.2000,3265.8000,3266.0000,3268.0000,3275.2000,1,2,2,1,1,4,1,5,5,3
SF,IH2103,2020-10-26 09:32:32.500,3263.6000,9098,-1,204351660.000,2,0,2,多平,S,3260.8000,3259.2000,3256.0000,3255.0000,3252.2000,3263.6000,3265.0000,3265.2000,3266.0000,3267.2000,2,1,1,1,1,1,1,4,5,1
SF,IH2103,2020-10-26 09:32:33.000,3263.6000,9098,0,204351660.000,0,-,-,-,-,3261.0000,3260.8000,3259.2000,3256.0000,3255.0000,3266.0000,3267.2000,3268.0000,3275.2000,3279.2000,2,2,1,1,1,5,1,5,3,1
SF,IH2103,2020-10-26 09:32:33.500,3263.6000,9098,0,204351660.000,0,-,-,-,-,3261.2000,3260.4000,3259.2000,3256.0000,3255.0000,3265.8000,3266.0000,3271.8000,3275.2000,3279.2000,2,1,1,1,1,1,1,5,3,1
SF,IH2103,2020-10-26 09:32:34.000,3263.6000,9098,0,204351660.000,0,-,-,-,-,3261.2000,3260.4000,3259.2000,3256.0000,3255.0000,3266.0000,3271.8000,3275.2000,3279.2000,3279.4000,2,1,1,1,1,1,5,3,1,1
SF,IH2103,2020-10-26 09:32:36.000,3263.6000,9098,0,204351660.000,0,-,-,-,-,3261.2000,3260.4000,3259.2000,3256.0000,3255.0000,3266.0000,3266.6000,3271.8000,3275.2000,3279.2000,2,1,1,1,1,5,1,5,3,1
SF,IH2103,2020-10-26 09:32:36.500,3263.6000,9098,0,204351660.000,0,-,-,-,-,3261.2000,3260.4000,3259.2000,3256.0000,3255.0000,3266.0000,3266.6000,3271.8000,3275.2000,3279.2000,2,1,1,1,1,1,1,5,3,1
SF,IH2103,2020-10-26 09:32:37.000,3263.6000,9098,0,204351660.000,0,-,-,-,-,3261.2000,3260.4000,3259.2000,3256.0000,3255.0000,3266.0000,3271.8000,3275.2000,3279.2000,3279.4000,2,1,1,1,1,1,5,3,1,1
SF,IH2103,2020-10-26 09:32:37.500,3261.4000,9097,-1,205330080.000,1,0,1,双平,S,3261.2000,3260.4000,3259.2000,3256.0000,3255.0000,3265.8000,3266.0000,3271.8000,3275.2000,3279.2000,2,1,1,1,1,1,2,5,3,1
SF,IH2103,2020-10-26 09:32:38.500,3261.4000,9097,0,205330080.000,0,-,-,-,-,3261.2000,3260.4000,3259.2000,3256.0000,3255.0000,3265.8000,3266.0000,3271.8000,3275.2000,3279.2000,2,1,1,1,1,1,1,5,3,1
SF,IH2103,2020-10-26 09:32:39.500,3261.4000,9097,0,205330080.000,0,-,-,-,-,3261.2000,3260.4000,3259.2000,3256.0000,3255.0000,3265.4000,3265.8000,3266.0000,3271.8000,3275.2000,2,1,1,1,1,1,1,1,5,3
SF,IH2103,2020-10-26 09:32:40.000,3261.4000,9097,0,205330080.000,0,-,-,-,-,3261.8000,3261.2000,3260.4000,3259.2000,3256.0000,3265.2000,3265.4000,3266.0000,3271.8000,3275.2000,2,2,1,1,1,1,1,1,5,3
SF,IH2103,2020-10-26 09:32:40.500,3261.4000,9097,0,205330080.000,0,-,-,-,-,3262.2000,3262.0000,3260.4000,3259.2000,3256.0000,3265.2000,3265.4000,3266.0000,3271.8000,3275.2000,2,2,1,1,1,1,1,1,5,3
SF,IH2103,2020-10-26 09:32:41.000,3261.4000,9097,0,205330080.000,0,-,-,-,-,3262.6000,3262.4000,3261.8000,3260.4000,3259.2000,3265.2000,3266.0000,3271.8000,3275.2000,3279.2000,2,2,1,1,1,1,1,5,3,1
SF,IH2103,2020-10-26 09:32:41.500,3261.4000,9097,0,205330080.000,0,-,-,-,-,3263.0000,3262.8000,3261.8000,3260.4000,3259.2000,3265.2000,3266.0000,3271.8000,3275.2000,3279.2000,2,2,1,1,1,1,1,5,3,1
SF,IH2103,2020-10-26 09:32:42.000,3261.4000,9097,0,205330080.000,0,-,-,-,-,3263.4000,3263.2000,3261.8000,3260.4000,3259.2000,3264.8000,3266.0000,3271.8000,3275.2000,3279.2000,4,2,1,1,1,1,1,5,3,1
SF,IH2103,2020-10-26 09:32:42.500,3264.8000,9096,-1,206309520.000,1,0,1,双平,S,3263.6000,3263.4000,3263.2000,3260.4000,3259.2000,3266.0000,3271.8000,3275.2000,3279.2000,3279.4000,1,2,2,1,1,1,5,3,1,1
SF,IH2103,2020-10-26 09:32:43.000,3264.8000,9096,0,206309520.000,0,-,-,-,-,3263.8000,3263.4000,3263.2000,3260.4000,3259.2000,3265.8000,3266.0000,3271.8000,3275.2000,3279.2000,2,2,1,1,1,1,1,5,3,1
SF,IH2103,2020-10-26 09:32:43.500,3264.8000,9096,0,206309520.000,0,-,-,-,-,3264.0000,3263.8000,3263.4000,3260.4000,3259.2000,3266.0000,3271.8000,3275.2000,3279.2000,3279.4000,2,1,2,1,1,1,5,3,1,1
SF,IH2103,2020-10-26 09:32:44.000,3264.8000,9096,0,206309520.000,0,-,-,-,-,3264.2000,3264.0000,3263.4000,3260.4000,3259.2000,3266.0000,3271.8000,3275.2000,3279.2000,3279.4000,1,1,2,1,1,1,5,3,1,1
SF,IH2103,2020-10-26 09:32:44.500,3264.8000,9096,0,206309520.000,0,-,-,-,-,3264.4000,3264.2000,3264.0000,3263.4000,3260.4000,3266.0000,3271.8000,3275.2000,3279.2000,3279.4000,1,1,1,2,1,1,5,3,1,1
SF,IH2103,2020-10-26 09:32:45.000,3264.8000,9096,0,206309520.000,0,-,-,-,-,3264.6000,3264.2000,3264.0000,3263.4000,3262.4000,3266.0000,3271.8000,3275.2000,3279.2000,3279.4000,1,1,1,2,1,1,5,3,1,1
SF,IH2103,2020-10-26 09:32:45.500,3264.8000,9096,0,206309520.000,0,-,-,-,-,3265.0000,3264.8000,3264.2000,3262.4000,3259.2000,3266.0000,3271.8000,3275.2000,3279.2000,3279.4000,2,1,1,1,1,1,5,3,1,1
SF,IH2103,2020-10-26 09:32:46.000,3266.0000,9095,-1,207289320.000,1,0,1,双平,S,3265.0000,3264.8000,3264.2000,3262.4000,3259.2000,3271.8000,3275.2000,3279.2000,3279.4000,3285.6000,2,1,1,1,1,5,3,1,1,1
SF,IH2103,2020-10-26 09:32:46.500,3265.2000,9094,-1,208268880.000,1,0,1,双平,S,3267.0000,3265.0000,3262.4000,3259.2000,3256.0000,3270.0000,3271.0000,3271.6000,3271.8000,3275.2000,1,2,1,1,1,4,4,2,5,3
SF,IH2103,2020-10-26 09:32:47.000,3267.0000,9094,0,209248980.000,1,0,1,多换,S,3265.0000,3262.4000,3259.2000,3256.0000,3255.0000,3269.8000,3270.0000,3271.0000,3271.8000,3275.2000,2,1,1,1,1,2,4,4,5,3
SF,IH2103,2020-10-26 09:32:47.500,3267.0000,9094,0,209248980.000,0,-,-,-,-,3265.0000,3262.4000,3259.2000,3256.0000,3255.0000,3269.6000,3269.8000,3270.0000,3271.0000,3271.8000,2,1,1,1,1,2,3,4,4,5
SF,IH2103,2020-10-26 09:32:48.000,3267.0000,9094,0,209248980.000,0,-,-,-,-,3265.0000,3262.4000,3259.2000,3256.0000,3255.0000,3269.4000,3269.6000,3269.8000,3270.0000,3271.0000,2,1,1,1,1,2,2,1,4,4
SF,IH2103,2020-10-26 09:32:48.500,3265.0000,9093,-1,210228480.000,1,0,1,双平,S,3265.0000,3262.4000,3259.2000,3256.0000,3255.0000,3269.2000,3269.4000,3269.6000,3269.8000,3270.0000,1,1,1,1,1,1,1,2,1,4
SF,IH2103,2020-10-26 09:32:49.000,3265.0000,9092,-1,211207980.000,1,0,1,双平,S,3262.4000,3259.2000,3256.0000,3255.0000,3252.2000,3269.0000,3269.2000,3269.6000,3269.8000,3270.0000,1,1,1,1,1,2,1,2,1,4
SF,IH2103,2020-10-26 09:32:49.500,3265.0000,9092,0,211207980.000,0,-,-,-,-,3262.6000,3262.4000,3259.2000,3256.0000,3255.0000,3268.8000,3269.0000,3269.2000,3269.6000,3269.8000,1,1,1,1,1,1,2,1,2,1
SF,IH2103,2020-10-26 09:32:50.000,3265.0000,9092,0,211207980.000,0,-,-,-,-,3262.6000,3262.4000,3259.2000,3256.0000,3255.0000,3268.6000,3268.8000,3269.0000,3269.2000,3269.6000,1,1,1,1,1,1,1,1,1,2
SF,IH2103,2020-10-26 09:32:50.500,3265.0000,9092,0,211207980.000,0,-,-,-,-,3262.6000,3262.4000,3261.8000,3259.2000,3256.0000,3268.2000,3268.4000,3268.6000,3269.0000,3269.6000,1,1,1,1,1,2,1,1,1,2
SF,IH2103,2020-10-26 09:32:51.000,3265.0000,9092,0,211207980.000,0,-,-,-,-,3262.6000,3262.4000,3261.8000,3259.2000,3256.0000,3268.0000,3268.2000,3269.0000,3269.6000,3269.8000,1,1,1,1,1,2,2,1,2,1
SF,IH2103,2020-10-26 09:32:51.500,3265.0000,9092,0,211207980.000,0,-,-,-,-,3262.6000,3262.4000,3261.8000,3260.6000,3259.2000,3268.0000,3268.2000,3269.0000,3269.6000,3269.8000,1,1,1,1,1,2,2,1,2,1
SF,IH2103,2020-10-26 09:32:54.000,3265.0000,9092,0,211207980.000,0,-,-,-,-,3262.6000,3262.4000,3260.6000,3259.2000,3256.0000,3268.0000,3268.2000,3269.0000,3269.6000,3269.8000,1,1,1,1,1,2,2,1,2,1
SF,IH2103,2020-10-26 09:32:54.500,3265.0000,9092,0,211207980.000,0,-,-,-,-,3262.6000,3262.4000,3260.6000,3259.2000,3256.0000,3267.8000,3268.0000,3268.2000,3269.0000,3269.6000,11,1,1,1,1,3,2,2,1,2
SF,IH2103,2020-10-26 09:32:55.000,3265.0000,9092,0,211207980.000,0,-,-,-,-,3262.6000,3262.4000,3260.6000,3259.2000,3256.0000,3267.6000,3267.8000,3268.2000,3269.0000,3269.6000,11,1,1,1,1,2,3,2,1,2
SF,IH2103,2020-10-26 09:32:56.500,3265.0000,9092,0,211207980.000,0,-,-,-,-,3262.6000,3262.4000,3260.6000,3259.2000,3256.0000,3267.4000,3267.6000,3267.8000,3268.2000,3269.0000,11,1,1,1,1,1,2,3,2,1
SF,IH2103,2020-10-26 09:32:57.000,3265.0000,9092,0,211207980.000,0,-,-,-,-,3263.4000,3262.6000,3262.4000,3260.6000,3259.2000,3267.2000,3267.4000,3267.8000,3268.2000,3269.0000,1,11,1,1,1,2,1,3,2,1
SF,IH2103,2020-10-26 09:32:57.500,3265.0000,9092,0,211207980.000,0,-,-,-,-,3263.6000,3263.4000,3262.6000,3262.4000,3260.6000,3267.2000,3267.4000,3267.8000,3268.2000,3269.0000,1,1,10,1,1,2,1,3,2,1
SF,IH2103,2020-10-26 09:32:58.000,3265.0000,9092,0,211207980.000,0,-,-,-,-,3264.0000,3263.6000,3263.4000,3263.0000,3262.6000,3267.2000,3267.4000,3267.8000,3268.2000,3269.8000,2,1,1,1,10,2,1,3,2,1
SF,IH2103,2020-10-26 09:32:58.500,3265.0000,9092,0,211207980.000,0,-,-,-,-,3264.4000,3264.2000,3263.4000,3263.0000,3262.6000,3267.2000,3267.4000,3267.8000,3268.2000,3269.8000,2,1,1,1,10,2,1,3,2,1
SF,IH2103,2020-10-26 09:32:59.000,3264.6000,9091,-1,212187360.000,1,0,1,双平,S,3263.4000,3263.0000,3262.6000,3262.4000,3260.6000,3267.2000,3267.8000,3268.2000,3269.8000,3270.0000,1,1,10,1,1,2,3,2,1,4
SF,IH2103,2020-10-26 09:32:59.500,3264.6000,9091,0,212187360.000,0,-,-,-,-,3263.6000,3263.4000,3263.0000,3262.6000,3262.4000,3267.2000,3267.8000,3268.2000,3269.8000,3270.0000,1,1,1,10,1,2,3,2,1,4
SF,IH2103,2020-10-26 09:33:00.000,3264.6000,9091,0,212187360.000,0,-,-,-,-,3264.0000,3263.6000,3263.4000,3263.0000,3262.6000,3267.0000,3267.2000,3268.2000,3269.8000,3270.0000,2,1,1,3,10,3,2,2,1,4
SF,IH2103,2020-10-26 09:33:00.500,3264.6000,9091,0,212187360.000,0,-,-,-,-,3264.2000,3264.0000,3263.4000,3263.0000,3262.6000,3266.6000,3266.8000,3267.0000,3269.8000,3270.0000,1,2,1,3,10,2,1,3,1,4
SF,IH2103,2020-10-26 09:33:01.000,3264.6000,9091,0,212187360.000,0,-,-,-,-,3264.2000,3263.4000,3263.0000,3262.6000,3262.4000,3266.4000,3266.6000,3267.0000,3269.8000,3270.0000,1,1,2,10,1,1,2,3,1,4
SF,IH2103,2020-10-26 09:33:01.500,3264.6000,9091,0,212187360.000,0,-,-,-,-,3263.4000,3263.0000,3262.6000,3262.4000,3260.6000,3263.6000,3266.2000,3266.4000,3266.6000,3267.0000,1,2,10,1,1,1,1,1,2,3
SF,IH2103,2020-10-26 09:33:02.000,3263.6000,9089,-2,214145520.000,2,0,2,双平,S,3263.6000,3263.4000,3263.0000,3262.6000,3262.4000,3263.8000,3266.2000,3266.4000,3266.6000,3267.0000,2,1,1,10,1,1,1,1,2,3
SF,IH2103,2020-10-26 09:33:02.500,3263.6000,9089,0,214145520.000,0,-,-,-,-,3263.4000,3263.0000,3262.6000,3262.4000,3260.6000,3263.6000,3263.8000,3266.2000,3266.4000,3266.6000,1,1,10,1,1,4,1,1,1,2
SF,IH2103,2020-10-26 09:33:03.000,3263.6000,9088,-1,219040620.000,5,2,3,多平,S,3262.6000,3262.4000,3260.6000,3259.2000,3256.0000,3263.8000,3266.2000,3266.4000,3266.6000,3267.0000,10,1,1,1,1,1,1,1,2,3
SF,IH2103,2020-10-26 09:33:05.000,3263.8000,9087,-1,220019760.000,1,0,1,双平,S,3262.6000,3262.4000,3260.6000,3259.2000,3256.0000,3266.2000,3266.4000,3266.6000,3267.0000,3269.8000,10,1,1,1,1,1,1,2,3,1
SF,IH2103,2020-10-26 09:33:05.500,3262.6000,9088,1,220998540.000,1,1,0,双开,S,3262.6000,3262.4000,3260.6000,3259.2000,3256.0000,3266.0000,3266.2000,3266.6000,3267.0000,3268.0000,9,1,1,1,1,1,1,2,3,5
SF,IH2103,2020-10-26 09:33:06.000,3262.6000,9088,0,220998540.000,0,-,-,-,-,3262.8000,3262.6000,3262.4000,3260.6000,3259.2000,3265.8000,3266.0000,3266.6000,3267.0000,3268.0000,1,9,1,1,1,1,1,2,3,5
SF,IH2103,2020-10-26 09:33:06.500,3262.6000,9088,0,220998540.000,0,-,-,-,-,3262.8000,3262.6000,3262.4000,3260.6000,3259.2000,3265.6000,3265.8000,3266.6000,3267.0000,3268.0000,1,9,1,1,1,1,1,2,3,5
SF,IH2103,2020-10-26 09:33:07.000,3262.6000,9088,0,220998540.000,0,-,-,-,-,3263.0000,3262.8000,3262.6000,3262.4000,3260.6000,3265.6000,3265.8000,3266.6000,3267.0000,3268.0000,1,1,9,1,1,1,1,2,3,5
SF,IH2103,2020-10-26 09:33:07.500,3262.6000,9088,0,220998540.000,0,-,-,-,-,3263.2000,3263.0000,3262.6000,3262.4000,3260.6000,3265.4000,3265.6000,3266.6000,3267.0000,3268.0000,1,1,9,1,1,1,1,2,3,5
SF,IH2103,2020-10-26 09:33:08.000,3262.6000,9088,0,220998540.000,0,-,-,-,-,3263.2000,3263.0000,3262.6000,3262.4000,3260.6000,3265.0000,3265.2000,3266.6000,3267.0000,3268.0000,1,1,9,1,1,1,1,1,3,5
SF,IH2103,2020-10-26 09:33:08.500,3262.6000,9088,0,220998540.000,0,-,-,-,-,3263.2000,3263.0000,3262.6000,3262.4000,3261.0000,3264.8000,3265.0000,3266.6000,3267.0000,3268.0000,1,1,9,1,1,1,1,1,3,5
SF,IH2103,2020-10-26 09:33:09.000,3262.6000,9088,0,220998540.000,0,-,-,-,-,3263.2000,3262.6000,3262.4000,3261.0000,3260.6000,3264.8000,3265.0000,3266.6000,3267.0000,3268.0000,1,9,1,1,1,1,1,1,3,5
SF,IH2103,2020-10-26 09:33:09.500,3264.8000,9087,-1,221977980.000,1,0,1,双平,S,3264.8000,3263.2000,3262.6000,3262.4000,3261.0000,3265.0000,3266.6000,3267.0000,3268.0000,3269.8000,1,1,9,1,1,1,1,3,5,1
SF,IH2103,2020-10-26 09:33:10.000,3265.0000,9084,-3,224916420.000,3,0,3,双平,S,3263.2000,3262.6000,3262.4000,3261.0000,3260.6000,3264.6000,3266.6000,3268.0000,3269.8000,3270.0000,1,9,1,1,1,3,1,5,1,4
SF,IH2103,2020-10-26 09:33:10.500,3264.6000,9081,-3,227854560.000,3,0,3,双平,S,3263.4000,3263.2000,3262.6000,3262.4000,3261.0000,3266.6000,3268.0000,3269.8000,3270.0000,3275.2000,1,1,9,1,1,1,5,1,4,3
SF,IH2103,2020-10-26 09:33:11.000,3264.6000,9081,0,227854560.000,0,-,-,-,-,3263.8000,3263.6000,3263.4000,3262.6000,3262.4000,3266.4000,3266.6000,3268.0000,3269.8000,3270.0000,2,3,1,9,1,1,1,5,1,4
SF,IH2103,2020-10-26 09:33:11.500,3264.6000,9081,0,227854560.000,0,-,-,-,-,3264.0000,3263.8000,3263.4000,3262.6000,3262.4000,3266.4000,3266.6000,3268.0000,3269.8000,3270.0000,3,2,1,9,1,1,1,5,1,4
SF,IH2103,2020-10-26 09:33:12.000,3264.6000,9081,0,227854560.000,0,-,-,-,-,3264.0000,3262.6000,3262.4000,3261.0000,3260.6000,3266.2000,3266.4000,3266.6000,3268.0000,3269.8000,2,9,1,1,1,4,1,1,5,1
SF,IH2103,2020-10-26 09:33:12.500,3264.6000,9081,0,227854560.000,0,-,-,-,-,3264.2000,3264.0000,3262.6000,3262.4000,3261.0000,3266.0000,3266.6000,3268.0000,3269.8000,3270.0000,1,1,9,1,1,2,1,5,1,4
SF,IH2103,2020-10-26 09:33:13.000,3264.6000,9081,0,227854560.000,0,-,-,-,-,3264.4000,3264.2000,3262.6000,3262.4000,3261.0000,3266.0000,3266.6000,3268.0000,3269.8000,3270.0000,1,1,9,1,1,1,1,5,1,4
SF,IH2103,2020-10-26 09:33:13.500,3264.6000,9081,0,227854560.000,0,-,-,-,-,3264.4000,3264.2000,3262.6000,3262.4000,3261.0000,3266.6000,3268.0000,3269.8000,3270.0000,3275.2000,1,1,9,1,1,1,5,1,4,3
SF,IH2103,2020-10-26 09:33:14.000,3264.6000,9081,0,227854560.000,0,-,-,-,-,3264.6000,3264.4000,3264.2000,3262.6000,3262.4000,3266.6000,3268.0000,3269.8000,3270.0000,3275.2000,1,1,1,9,1,1,5,1,4,3
SF,IH2103,2020-10-26 09:33:14.500,3264.6000,9081,0,227854560.000,0,-,-,-,-,3264.8000,3264.6000,3264.2000,3263.4000,3262.6000,3266.6000,3268.0000,3269.8000,3270.0000,3275.2000,1,1,1,1,9,1,5,1,4,3
SF,IH2103,2020-10-26 09:33:15.000,3264.6000,9081,0,227854560.000,0,-,-,-,-,3265.0000,3264.8000,3264.2000,3263.4000,3262.6000,3266.6000,3268.0000,3269.8000,3270.0000,3275.2000,1,1,1,1,9,1,5,1,4,3
SF,IH2103,2020-10-26 09:33:15.500,3264.8000,9081,0,228834000.000,1,0,1,多换,S,3264.8000,3264.2000,3263.4000,3262.6000,3262.2000,3266.6000,3269.8000,3270.0000,3271.8000,3275.2000,1,1,1,9,1,1,1,4,5,3
SF,IH2103,2020-10-26 09:33:16.000,3266.4000,9080,-1,229813920.000,1,0,1,双平,S,3265.0000,3264.8000,3264.2000,3263.4000,3262.6000,3266.6000,3269.8000,3270.0000,3271.8000,3275.2000,1,1,1,1,9,1,1,4,5,3
SF,IH2103,2020-10-26 09:33:17.000,3266.6000,9080,0,230793900.000,1,0,1,多换,S,3265.2000,3265.0000,3264.8000,3264.2000,3263.4000,3269.8000,3270.0000,3271.8000,3275.2000,3279.2000,1,1,1,1,1,1,4,5,3,1
SF,IH2103,2020-10-26 09:33:17.500,3266.6000,9080,0,230793900.000,0,-,-,-,-,3265.4000,3264.2000,3263.4000,3262.6000,3262.2000,3269.0000,3269.6000,3269.8000,3270.0000,3271.8000,1,1,1,9,1,4,2,1,4,5
SF,IH2103,2020-10-26 09:33:18.000,3265.4000,9079,-1,231773520.000,1,0,1,双平,S,3265.6000,3264.2000,3263.4000,3262.6000,3262.2000,3268.8000,3269.0000,3269.6000,3269.8000,3270.0000,1,1,1,9,1,2,4,1,1,4
SF,IH2103,2020-10-26 09:33:18.500,3265.6000,9078,-1,232753200.000,1,0,1,双平,S,3263.4000,3262.6000,3262.2000,3261.0000,3260.6000,3268.8000,3269.0000,3269.6000,3269.8000,3270.0000,1,9,1,1,1,2,4,1,1,4
SF,IH2103,2020-10-26 09:33:19.000,3265.6000,9078,0,232753200.000,0,-,-,-,-,3263.6000,3263.4000,3262.6000,3262.2000,3261.0000,3268.6000,3268.8000,3269.0000,3269.6000,3269.8000,1,1,9,1,1,1,2,4,1,1
SF,IH2103,2020-10-26 09:33:19.500,3265.6000,9078,0,232753200.000,0,-,-,-,-,3263.4000,3262.6000,3262.2000,3261.0000,3260.6000,3268.4000,3268.6000,3269.0000,3269.6000,3269.8000,1,9,1,1,1,2,1,4,1,1
SF,IH2103,2020-10-26 09:33:20.000,3265.6000,9078,0,232753200.000,0,-,-,-,-,3263.4000,3262.6000,3262.2000,3261.0000,3260.6000,3268.0000,3268.4000,3268.6000,3269.0000,3269.6000,1,9,1,1,1,1,2,1,4,1
SF,IH2103,2020-10-26 09:33:20.500,3265.6000,9078,0,232753200.000,0,-,-,-,-,3263.6000,3263.4000,3262.6000,3262.2000,3261.0000,3267.8000,3268.0000,3268.6000,3269.0000,3269.6000,1,1,9,1,1,2,1,1,4,1
SF,IH2103,2020-10-26 09:33:21.000,3265.6000,9078,0,232753200.000,0,-,-,-,-,3263.4000,3262.6000,3262.2000,3261.0000,3260.6000,3267.8000,3268.0000,3268.6000,3269.0000,3269.6000,1,9,1,1,1,2,1,1,4,1
SF,IH2103,2020-10-26 09:33:21.500,3265.6000,9078,0,232753200.000,0,-,-,-,-,3263.6000,3263.4000,3262.6000,3262.2000,3261.0000,3267.8000,3268.0000,3268.6000,3269.0000,3269.6000,1,1,9,1,1,2,1,1,4,1
SF,IH2103,2020-10-26 09:33:24.500,3265.6000,9078,0,232753200.000,0,-,-,-,-,3263.6000,3263.4000,3262.6000,3262.2000,3261.0000,3267.8000,3268.6000,3269.0000,3269.6000,3269.8000,1,1,9,1,1,2,1,4,1,1
SF,IH2103,2020-10-26 09:33:25.500,3265.6000,9078,0,232753200.000,0,-,-,-,-,3264.2000,3263.6000,3263.4000,3262.6000,3262.2000,3267.8000,3268.6000,3269.0000,3269.6000,3269.8000,1,1,1,9,1,2,1,4,1,1
SF,IH2103,2020-10-26 09:33:26.000,3265.6000,9078,0,232753200.000,0,-,-,-,-,3264.4000,3264.2000,3263.4000,3262.6000,3262.2000,3267.8000,3268.6000,3269.0000,3269.6000,3269.8000,1,1,1,9,1,2,1,4,1,1
SF,IH2103,2020-10-26 09:33:26.500,3264.4000,9077,-1,233732520.000,1,0,1,双平,S,3264.2000,3263.4000,3262.6000,3262.2000,3261.0000,3264.4000,3267.8000,3268.6000,3269.0000,3269.6000,1,1,9,1,1,1,2,1,4,1
SF,IH2103,2020-10-26 09:33:27.000,3264.4000,9076,-1,234711840.000,1,0,1,双平,S,3264.4000,3263.4000,3262.6000,3262.2000,3261.0000,3267.8000,3268.6000,3269.0000,3269.8000,3270.0000,1,1,9,1,1,2,1,4,1,4
SF,IH2103,2020-10-26 09:33:27.500,3264.4000,9076,0,234711840.000,0,-,-,-,-,3264.6000,3264.4000,3263.4000,3262.6000,3262.2000,3267.8000,3268.6000,3269.0000,3269.8000,3270.0000,1,1,1,9,1,2,1,4,1,4
SF,IH2103,2020-10-26 09:33:28.500,3264.4000,9076,0,234711840.000,0,-,-,-,-,3265.0000,3264.6000,3264.4000,3263.8000,3262.6000,3267.8000,3269.0000,3269.8000,3270.0000,3271.8000,2,1,1,1,9,2,4,1,4,5
SF,IH2103,2020-10-26 09:33:29.000,3264.4000,9076,0,234711840.000,0,-,-,-,-,3265.2000,3265.0000,3264.4000,3263.8000,3262.6000,3267.4000,3267.8000,3269.0000,3269.8000,3270.0000,3,1,1,1,9,1,1,4,1,4
SF,IH2103,2020-10-26 09:33:29.500,3264.4000,9076,0,234711840.000,0,-,-,-,-,3265.6000,3265.2000,3265.0000,3264.4000,3263.8000,3267.2000,3269.0000,3269.8000,3270.0000,3271.8000,2,1,1,1,1,1,4,1,4,5
SF,IH2103,2020-10-26 09:33:30.000,3267.2000,9075,-1,235692000.000,1,0,1,双平,S,3265.2000,3265.0000,3264.4000,3263.8000,3262.6000,3269.0000,3269.8000,3270.0000,3275.2000,3275.6000,1,1,1,1,9,4,1,4,3,5
SF,IH2103,2020-10-26 09:33:30.500,3267.2000,9075,0,235692000.000,0,-,-,-,-,3265.6000,3265.2000,3265.0000,3264.4000,3263.8000,3268.8000,3269.0000,3269.8000,3270.0000,3275.2000,2,1,1,1,1,2,4,1,4,3
SF,IH2103,2020-10-26 09:33:31.000,3267.2000,9075,0,235692000.000,0,-,-,-,-,3265.2000,3265.0000,3264.4000,3263.8000,3262.6000,3268.6000,3268.8000,3269.0000,3269.8000,3270.0000,1,1,1,1,9,2,2,4,1,4
SF,IH2103,2020-10-26 09:33:31.500,3267.2000,9075,0,235692000.000,0,-,-,-,-,3265.2000,3265.0000,3264.4000,3263.8000,3262.6000,3268.0000,3268.4000,3268.6000,3269.0000,3269.8000,1,1,1,1,9,1,2,2,4,1
SF,IH2103,2020-10-26 09:33:32.000,3267.2000,9075,0,235692000.000,0,-,-,-,-,3265.4000,3265.2000,3265.0000,3264.4000,3263.8000,3267.8000,3268.0000,3268.4000,3268.6000,3269.0000,2,1,1,1,1,1,1,1,2,4
SF,IH2103,2020-10-26 09:33:32.500,3267.2000,9075,0,235692000.000,0,-,-,-,-,3265.6000,3265.0000,3264.4000,3263.8000,3262.6000,3267.8000,3268.0000,3269.0000,3269.8000,3270.0000,3,1,1,1,9,1,1,4,1,4
SF,IH2103,2020-10-26 09:33:33.000,3267.8000,9074,-1,236672340.000,1,0,1,双平,S,3266.0000,3265.8000,3265.6000,3265.0000,3264.4000,3268.0000,3269.8000,3270.0000,3275.2000,3275.6000,2,1,1,1,1,1,1,4,3,5
SF,IH2103,2020-10-26 09:33:33.500,3268.0000,9073,-1,237652740.000,1,0,1,双平,S,3268.0000,3266.2000,3265.0000,3264.4000,3263.8000,3269.8000,3270.0000,3275.2000,3275.6000,3279.2000,1,3,2,1,1,1,4,3,5,1
SF,IH2103,2020-10-26 09:33:34.000,3268.0000,9071,-2,239613540.000,2,0,2,双平,S,3265.0000,3263.8000,3262.6000,3262.2000,3261.0000,3268.0000,3269.6000,3269.8000,3270.0000,3275.2000,2,1,9,1,1,2,1,1,4,3
SF,IH2103,2020-10-26 09:33:34.500,3268.0000,9069,-2,241574340.000,2,0,2,双平,S,3268.0000,3265.4000,3265.2000,3265.0000,3263.8000,3269.8000,3270.0000,3275.2000,3275.6000,3279.2000,1,2,1,2,1,1,4,3,5,1
SF,IH2103,2020-10-26 09:33:35.000,3268.0000,9069,0,241574340.000,0,-,-,-,-,3268.2000,3268.0000,3265.0000,3263.8000,3262.6000,3269.6000,3269.8000,3270.0000,3275.2000,3275.6000,2,1,1,1,9,1,1,4,3,5
SF,IH2103,2020-10-26 09:33:35.500,3268.0000,9066,-3,244515540.000,3,0,3,双平,S,3265.0000,3263.8000,3262.6000,3262.2000,3261.0000,3268.2000,3269.6000,3269.8000,3270.0000,3275.2000,1,1,9,1,1,1,1,1,4,3
SF,IH2103,2020-10-26 09:33:36.000,3268.0000,9066,0,244515540.000,0,-,-,-,-,3265.4000,3265.2000,3265.0000,3263.8000,3262.6000,3268.0000,3268.2000,3269.6000,3269.8000,3270.0000,2,1,1,1,9,2,1,1,1,4
SF,IH2103,2020-10-26 09:33:36.500,3268.0000,9066,0,244515540.000,0,-,-,-,-,3265.6000,3265.0000,3263.8000,3262.6000,3262.2000,3268.0000,3268.2000,3269.6000,3269.8000,3270.0000,1,1,1,9,1,2,1,1,1,4
SF,IH2103,2020-10-26 09:33:37.000,3268.0000,9066,0,244515540.000,0,-,-,-,-,3265.8000,3265.6000,3265.0000,3264.8000,3263.8000,3268.0000,3268.2000,3269.6000,3269.8000,3270.0000,2,1,1,2,1,2,1,1,1,4
SF,IH2103,2020-10-26 09:33:37.500,3268.0000,9066,0,244515540.000,0,-,-,-,-,3266.0000,3265.8000,3265.0000,3264.8000,3263.8000,3268.0000,3268.2000,3269.6000,3269.8000,3270.0000,1,2,1,2,1,2,1,1,1,4
SF,IH2103,2020-10-26 09:33:38.000,3268.0000,9065,-1,245495940.000,1,0,1,双平,S,3266.2000,3266.0000,3265.0000,3264.8000,3263.8000,3268.0000,3268.2000,3269.6000,3269.8000,3270.0000,1,2,1,2,1,1,1,1,1,4
SF,IH2103,2020-10-26 09:33:38.500,3268.0000,9065,0,245495940.000,0,-,-,-,-,3266.6000,3266.4000,3266.2000,3265.0000,3264.8000,3267.8000,3268.0000,3268.2000,3269.8000,3270.0000,1,2,1,1,2,1,1,1,1,4
SF,IH2103,2020-10-26 09:33:39.000,3268.0000,9065,0,245495940.000,0,-,-,-,-,3266.8000,3266.6000,3265.0000,3264.8000,3263.8000,3268.0000,3268.2000,3269.8000,3270.0000,3275.2000,1,2,1,2,1,1,1,1,4,3
SF,IH2103,2020-10-26 09:33:39.500,3268.0000,9065,0,245495940.000,0,-,-,-,-,3266.8000,3266.6000,3265.0000,3264.8000,3263.8000,3268.0000,3268.2000,3269.8000,3270.0000,3275.2000,2,1,1,2,1,1,1,1,4,3
SF,IH2103,2020-10-26 09:33:40.000,3268.0000,9065,0,245495940.000,0,-,-,-,-,3266.8000,3266.6000,3266.0000,3265.0000,3264.8000,3268.2000,3269.8000,3270.0000,3275.2000,3275.6000,2,1,4,1,2,1,1,4,3,5
SF,IH2103,2020-10-26 09:33:40.500,3268.0000,9065,0,245495940.000,0,-,-,-,-,3267.0000,3266.8000,3266.6000,3266.0000,3265.0000,3268.2000,3269.8000,3270.0000,3275.2000,3275.6000,1,2,1,4,1,1,1,4,3,5
SF,IH2103,2020-10-26 09:33:41.000,3268.0000,9065,0,245495940.000,0,-,-,-,-,3267.0000,3266.8000,3266.6000,3266.0000,3265.0000,3268.0000,3268.2000,3269.8000,3270.0000,3275.2000,1,1,1,4,1,1,1,1,4,3
SF,IH2103,2020-10-26 09:33:42.000,3268.0000,9065,0,246476340.000,1,0,1,多换,S,3267.0000,3266.8000,3266.6000,3266.0000,3265.0000,3268.2000,3269.8000,3270.0000,3275.2000,3275.6000,1,1,1,4,1,1,1,4,3,5
SF,IH2103,2020-10-26 09:33:42.500,3268.0000,9065,0,246476340.000,0,-,-,-,-,3267.0000,3266.8000,3266.6000,3266.0000,3265.0000,3268.2000,3269.8000,3270.0000,3275.2000,3275.6000,1,1,1,4,1,1,1,4,3,5
SF,IH2103,2020-10-26 09:33:43.000,3268.0000,9065,0,246476340.000,0,-,-,-,-,3267.2000,3267.0000,3266.6000,3266.0000,3265.0000,3269.8000,3270.0000,3275.2000,3275.6000,3279.2000,1,1,1,4,1,1,4,3,5,1
SF,IH2103,2020-10-26 09:33:43.500,3268.0000,9065,0,246476340.000,0,-,-,-,-,3267.4000,3267.2000,3267.0000,3266.6000,3266.0000,3269.6000,3269.8000,3270.0000,3275.2000,3275.6000,1,2,1,1,4,1,1,4,3,5
SF,IH2103,2020-10-26 09:33:44.000,3268.0000,9065,0,246476340.000,0,-,-,-,-,3267.6000,3267.4000,3267.0000,3266.6000,3266.0000,3269.8000,3270.0000,3275.2000,3275.6000,3279.2000,1,2,1,1,4,1,4,3,5,1
SF,IH2103,2020-10-26 09:33:44.500,3268.0000,9065,0,246476340.000,0,-,-,-,-,3267.8000,3267.6000,3267.0000,3266.6000,3266.0000,3269.6000,3269.8000,3270.0000,3275.2000,3275.6000,1,1,1,1,4,1,2,4,3,5
SF,IH2103,2020-10-26 09:33:45.000,3267.8000,9064,-1,247456680.000,1,0,1,双平,S,3267.8000,3267.0000,3266.6000,3266.0000,3265.0000,3269.4000,3269.6000,3269.8000,3270.0000,3275.2000,1,1,1,4,1,1,1,2,4,3
SF,IH2103,2020-10-26 09:33:45.500,3267.8000,9064,0,247456680.000,0,-,-,-,-,3267.8000,3267.0000,3266.6000,3266.0000,3265.0000,3269.0000,3269.4000,3269.6000,3269.8000,3270.0000,1,1,1,4,1,1,1,1,2,4
SF,IH2103,2020-10-26 09:33:46.000,3269.0000,9064,0,248437380.000,1,0,1,多换,S,3267.8000,3267.0000,3266.6000,3266.0000,3265.0000,3269.4000,3269.6000,3269.8000,3270.0000,3275.2000,1,1,1,4,1,1,1,2,4,3
SF,IH2103,2020-10-26 09:33:46.500,3269.0000,9064,0,248437380.000,0,-,-,-,-,3267.8000,3267.0000,3266.6000,3266.0000,3265.0000,3269.2000,3269.4000,3269.8000,3270.0000,3275.2000,1,1,1,4,1,1,1,2,4,3
SF,IH2103,2020-10-26 09:33:48.000,3267.8000,9063,-1,249417720.000,1,0,1,双平,S,3267.0000,3266.6000,3266.0000,3265.0000,3264.8000,3267.8000,3269.2000,3269.4000,3269.8000,3270.0000,1,1,4,1,2,1,1,1,2,4
SF,IH2103,2020-10-26 09:33:48.500,3267.8000,9062,-1,250398060.000,1,0,1,双平,S,3267.2000,3267.0000,3266.6000,3266.0000,3265.0000,3269.4000,3269.8000,3270.0000,3275.2000,3275.6000,1,1,1,4,1,1,2,4,3,5
SF,IH2103,2020-10-26 09:33:49.000,3267.8000,9062,0,250398060.000,0,-,-,-,-,3267.0000,3266.6000,3266.0000,3265.0000,3264.8000,3269.2000,3269.4000,3269.8000,3270.0000,3275.2000,1,1,4,1,2,1,1,1,4,3
SF,IH2103,2020-10-26 09:33:49.500,3267.8000,9062,0,250398060.000,0,-,-,-,-,3267.2000,3267.0000,3266.6000,3266.0000,3265.0000,3269.0000,3269.2000,3269.8000,3270.0000,3275.2000,1,1,1,5,1,1,1,1,4,3
SF,IH2103,2020-10-26 09:33:50.000,3267.8000,9062,0,250398060.000,0,-,-,-,-,3267.4000,3267.2000,3267.0000,3266.6000,3266.0000,3269.0000,3269.2000,3269.8000,3270.0000,3275.2000,2,1,1,1,5,1,1,1,4,3
SF,IH2103,2020-10-26 09:33:50.500,3267.4000,9061,-1,252358500.000,2,0,2,多平,S,3267.2000,3267.0000,3266.6000,3266.0000,3265.0000,3269.0000,3269.2000,3269.8000,3270.0000,3275.2000,1,1,1,5,1,1,1,1,4,3
SF,IH2103,2020-10-26 09:33:51.000,3267.4000,9061,0,252358500.000,0,-,-,-,-,3267.4000,3267.0000,3266.6000,3266.0000,3265.0000,3268.8000,3269.0000,3269.2000,3269.8000,3270.0000,1,1,1,5,1,1,1,1,1,4
SF,IH2103,2020-10-26 09:33:51.500,3267.4000,9061,0,252358500.000,0,-,-,-,-,3267.6000,3267.4000,3267.0000,3266.6000,3266.0000,3269.0000,3269.2000,3269.8000,3270.0000,3275.2000,1,1,1,1,5,1,1,1,4,3
SF,IH2103,2020-10-26 09:33:52.500,3267.4000,9061,0,252358500.000,0,-,-,-,-,3267.8000,3267.6000,3267.4000,3267.0000,3266.6000,3269.0000,3269.2000,3269.8000,3270.0000,3275.2000,1,1,1,1,1,1,1,1,4,3
SF,IH2103,2020-10-26 09:33:53.000,3267.4000,9061,0,252358500.000,0,-,-,-,-,3269.0000,3267.6000,3267.4000,3267.0000,3266.6000,3269.2000,3269.8000,3270.0000,3275.2000,3275.6000,1,1,1,1,1,1,1,4,3,5
SF,IH2103,2020-10-26 09:33:53.500,3269.0000,9061,0,253339200.000,1,0,1,多换,S,3267.8000,3267.4000,3267.0000,3266.6000,3266.0000,3269.0000,3269.2000,3269.8000,3270.0000,3275.2000,1,1,1,1,5,2,1,1,4,3
SF,IH2103,2020-10-26 09:33:54.000,3269.0000,9061,0,253339200.000,0,-,-,-,-,3268.0000,3267.8000,3267.4000,3267.0000,3266.6000,3269.0000,3269.2000,3269.8000,3270.0000,3275.2000,2,1,1,1,1,2,1,1,4,3
SF,IH2103,2020-10-26 09:33:54.500,3269.0000,9061,0,253339200.000,0,-,-,-,-,3268.0000,3267.8000,3267.4000,3267.0000,3266.6000,3268.8000,3269.0000,3269.8000,3270.0000,3275.2000,2,1,1,1,1,3,1,1,4,3
SF,IH2103,2020-10-26 09:33:55.000,3269.0000,9057,-4,257261820.000,4,0,4,双平,S,3269.0000,3268.0000,3267.8000,3267.4000,3267.0000,3269.8000,3270.0000,3275.2000,3275.6000,3279.2000,1,1,1,1,1,1,4,3,5,1
SF,IH2103,2020-10-26 09:33:55.500,3269.0000,9057,0,259223220.000,2,1,1,多换,S,3269.0000,3268.0000,3267.8000,3267.4000,3267.0000,3269.8000,3270.0000,3275.2000,3275.6000,3279.2000,1,1,1,1,1,1,4,3,5,1
SF,IH2103,2020-10-26 09:33:56.000,3269.0000,9057,0,259223220.000,0,-,-,-,-,3269.2000,3269.0000,3267.8000,3267.4000,3267.2000,3269.8000,3270.0000,3275.2000,3275.6000,3279.2000,1,1,1,1,1,1,4,3,5,1
SF,IH2103,2020-10-26 09:33:56.500,3269.4000,9055,-2,263146740.000,4,1,3,多平,S,3269.2000,3269.0000,3267.8000,3267.4000,3267.2000,3270.0000,3275.2000,3275.6000,3279.2000,3279.4000,1,1,1,1,1,4,3,5,1,1
SF,IH2103,2020-10-26 09:33:57.000,3270.0000,9055,0,267070740.000,4,2,2,多换,S,3269.4000,3269.2000,3269.0000,3267.8000,3267.4000,3275.2000,3275.6000,3279.2000,3279.4000,3279.6000,1,1,2,1,1,3,5,1,1,1
SF,IH2103,2020-10-26 09:33:57.500,3269.0000,9054,-1,268051440.000,1,0,1,双平,S,3269.0000,3267.8000,3267.4000,3267.2000,3267.0000,3271.6000,3273.6000,3274.8000,3275.0000,3275.2000,1,1,1,1,1,1,4,4,4,3
SF,IH2103,2020-10-26 09:33:58.000,3269.0000,9054,0,269032140.000,1,0,1,多换,S,3269.4000,3269.2000,3269.0000,3267.8000,3267.4000,3271.4000,3273.6000,3274.8000,3275.0000,3275.2000,1,1,1,1,1,1,4,4,3,3
SF,IH2103,2020-10-26 09:33:58.500,3269.0000,9054,0,269032140.000,0,-,-,-,-,3269.2000,3269.0000,3267.8000,3267.4000,3267.2000,3271.4000,3273.6000,3274.8000,3275.0000,3275.2000,1,2,1,1,1,1,4,4,3,3
SF,IH2103,2020-10-26 09:33:59.000,3269.0000,9054,0,269032140.000,0,-,-,-,-,3269.6000,3269.2000,3269.0000,3267.8000,3267.4000,3271.2000,3271.4000,3273.6000,3274.8000,3275.0000,1,1,2,1,1,1,1,4,4,2
SF,IH2103,2020-10-26 09:33:59.500,3269.0000,9054,0,269032140.000,0,-,-,-,-,3269.8000,3269.2000,3269.0000,3267.4000,3267.2000,3271.4000,3273.6000,3274.8000,3275.0000,3275.2000,3,1,2,1,1,1,4,4,2,3
SF,IH2103,2020-10-26 09:34:00.500,3269.0000,9049,-5,274916340.000,6,0,6,多平,S,3267.4000,3267.2000,3267.0000,3266.0000,3265.0000,3268.8000,3271.2000,3271.4000,3273.6000,3274.8000,1,1,1,5,2,3,1,1,4,4
SF,IH2103,2020-10-26 09:34:01.000,3268.8000,9046,-3,277858260.000,3,0,3,双平,S,3267.8000,3267.6000,3267.4000,3267.2000,3267.0000,3271.4000,3273.6000,3274.8000,3275.2000,3275.6000,2,1,1,1,1,1,4,4,3,5
SF,IH2103,2020-10-26 09:34:01.500,3268.8000,9046,0,277858260.000,0,-,-,-,-,3269.0000,3268.2000,3268.0000,3267.8000,3267.4000,3271.4000,3273.6000,3274.8000,3275.2000,3275.6000,2,1,1,2,1,1,4,4,3,5
SF,IH2103,2020-10-26 09:34:02.000,3268.8000,9046,0,277858260.000,0,-,-,-,-,3269.4000,3269.2000,3269.0000,3268.0000,3267.4000,3271.2000,3271.4000,3273.6000,3274.8000,3275.2000,2,1,2,1,1,1,1,4,4,3
SF,IH2103,2020-10-26 09:34:02.500,3268.8000,9046,0,277858260.000,0,-,-,-,-,3269.4000,3269.2000,3269.0000,3268.0000,3267.4000,3271.0000,3271.2000,3273.6000,3274.8000,3275.2000,2,1,2,1,1,2,1,4,4,3
SF,IH2103,2020-10-26 09:34:03.000,3268.8000,9046,0,277858260.000,0,-,-,-,-,3269.4000,3269.0000,3268.0000,3267.4000,3267.2000,3271.0000,3271.2000,3273.6000,3274.8000,3275.2000,2,2,1,1,1,2,1,4,4,3
SF,IH2103,2020-10-26 09:34:03.500,3268.8000,9046,0,277858260.000,0,-,-,-,-,3269.4000,3269.0000,3268.0000,3267.4000,3267.2000,3270.8000,3271.0000,3273.6000,3274.8000,3275.2000,2,2,1,1,1,1,2,4,4,3
SF,IH2103,2020-10-26 09:34:04.000,3269.2000,9044,-2,279819780.000,2,0,2,双平,S,3269.0000,3267.4000,3267.2000,3267.0000,3266.0000,3269.2000,3269.4000,3270.2000,3270.6000,3270.8000,2,1,1,1,5,2,1,4,1,1
SF,IH2103,2020-10-26 09:34:04.500,3269.0000,9044,0,281781180.000,2,1,1,多换,S,3267.4000,3267.2000,3267.0000,3266.0000,3265.0000,3268.8000,3269.2000,3269.4000,3270.8000,3271.0000,1,1,1,5,2,2,2,1,1,1
SF,IH2103,2020-10-26 09:34:05.000,3269.0000,9044,0,281781180.000,0,-,-,-,-,3267.4000,3267.2000,3267.0000,3266.0000,3265.0000,3268.8000,3269.2000,3269.4000,3270.8000,3271.0000,1,1,1,5,2,2,2,1,1,1
SF,IH2103,2020-10-26 09:34:06.000,3267.4000,9044,0,282761400.000,1,0,1,多换,S,3267.2000,3267.0000,3266.0000,3265.0000,3264.8000,3268.8000,3269.2000,3269.4000,3270.8000,3271.0000,1,1,5,2,2,2,2,1,1,1
SF,IH2103,2020-10-26 09:34:06.500,3267.4000,9044,0,282761400.000,0,-,-,-,-,3267.2000,3267.0000,3266.0000,3265.0000,3264.8000,3268.6000,3268.8000,3269.2000,3269.4000,3270.8000,1,1,5,2,2,1,2,2,1,1
SF,IH2103,2020-10-26 09:34:07.000,3267.2000,9044,0,283741560.000,1,0,1,多换,S,3267.0000,3266.0000,3265.0000,3264.8000,3262.6000,3268.8000,3269.2000,3269.4000,3270.8000,3271.0000,1,5,2,2,9,2,2,1,1,1
SF,IH2103,2020-10-26 09:34:07.500,3267.2000,9044,0,283741560.000,0,-,-,-,-,3267.0000,3266.0000,3265.0000,3264.8000,3262.6000,3268.6000,3268.8000,3269.2000,3269.4000,3273.6000,1,5,2,2,9,3,2,2,1,4
SF,IH2103,2020-10-26 09:34:08.000,3267.2000,9044,0,283741560.000,0,-,-,-,-,3267.0000,3266.0000,3265.0000,3264.8000,3262.6000,3268.4000,3268.6000,3268.8000,3269.2000,3269.4000,1,5,2,2,9,4,3,2,2,1
SF,IH2103,2020-10-26 09:34:08.500,3267.2000,9044,0,283741560.000,0,-,-,-,-,3267.0000,3266.0000,3265.0000,3264.8000,3262.6000,3268.6000,3268.8000,3269.2000,3269.4000,3273.6000,1,5,2,2,9,2,2,2,1,4
SF,IH2103,2020-10-26 09:34:09.000,3267.2000,9044,0,283741560.000,0,-,-,-,-,3267.4000,3267.0000,3266.0000,3265.0000,3264.8000,3268.6000,3268.8000,3269.2000,3269.4000,3273.6000,1,1,5,2,2,2,2,2,1,4
SF,IH2103,2020-10-26 09:34:09.500,3267.2000,9044,0,283741560.000,0,-,-,-,-,3267.4000,3267.0000,3266.0000,3265.0000,3264.8000,3268.2000,3268.6000,3268.8000,3269.2000,3269.4000,1,1,5,2,2,4,1,2,2,1
SF,IH2103,2020-10-26 09:34:10.000,3267.4000,9044,0,284721780.000,1,0,1,多换,S,3267.0000,3266.0000,3265.0000,3264.8000,3262.6000,3268.2000,3268.6000,3268.8000,3269.2000,3269.4000,1,5,2,2,9,4,1,2,2,1
SF,IH2103,2020-10-26 09:34:10.500,3267.4000,9044,0,284721780.000,0,-,-,-,-,3267.0000,3266.0000,3265.0000,3264.8000,3261.0000,3268.0000,3268.8000,3269.2000,3269.4000,3273.6000,1,5,2,2,1,2,2,2,1,4
SF,IH2103,2020-10-26 09:34:11.000,3268.0000,9042,-2,286682580.000,2,0,2,双平,S,3268.0000,3267.0000,3266.0000,3265.0000,3264.8000,3268.8000,3269.2000,3269.4000,3273.6000,3275.2000,1,1,5,2,2,2,2,1,4,3
SF,IH2103,2020-10-26 09:34:11.500,3267.0000,9040,-2,289623480.000,3,0,3,多平,S,3266.0000,3265.0000,3264.8000,3261.0000,3260.6000,3268.6000,3268.8000,3269.2000,3269.4000,3273.6000,5,2,2,1,1,1,2,2,1,4
SF,IH2103,2020-10-26 09:34:12.000,3268.4000,9039,-1,290604000.000,1,0,1,双平,S,3267.0000,3266.4000,3266.2000,3266.0000,3265.0000,3268.6000,3268.8000,3269.2000,3269.4000,3273.6000,1,1,2,5,2,1,2,2,1,4
SF,IH2103,2020-10-26 09:34:12.500,3268.4000,9039,0,290604000.000,0,-,-,-,-,3267.2000,3267.0000,3266.2000,3266.0000,3265.0000,3268.8000,3269.2000,3269.4000,3273.6000,3275.2000,1,1,2,5,2,2,2,1,4,3
SF,IH2103,2020-10-26 09:34:13.000,3268.4000,9039,0,290604000.000,0,-,-,-,-,3267.4000,3267.0000,3266.2000,3266.0000,3265.0000,3268.8000,3269.2000,3269.4000,3273.6000,3275.2000,1,1,2,5,2,2,2,1,4,3
SF,IH2103,2020-10-26 09:34:13.500,3268.4000,9039,0,290604000.000,0,-,-,-,-,3267.0000,3266.2000,3266.0000,3265.0000,3264.8000,3268.8000,3269.2000,3269.4000,3273.6000,3275.2000,1,1,5,2,2,2,2,1,4,3
SF,IH2103,2020-10-26 09:34:14.000,3268.4000,9039,0,290604000.000,0,-,-,-,-,3267.2000,3267.0000,3266.0000,3265.0000,3264.8000,3268.6000,3268.8000,3269.2000,3269.4000,3273.6000,2,1,5,4,2,1,2,2,1,4
SF,IH2103,2020-10-26 09:34:14.500,3268.4000,9039,0,290604000.000,0,-,-,-,-,3267.2000,3267.0000,3266.0000,3265.0000,3264.8000,3268.6000,3268.8000,3269.2000,3269.4000,3273.6000,2,1,5,4,2,1,2,2,1,4
SF,IH2103,2020-10-26 09:34:15.000,3268.4000,9039,0,290604000.000,0,-,-,-,-,3267.2000,3267.0000,3266.0000,3265.0000,3264.8000,3268.6000,3268.8000,3269.2000,3269.4000,3273.6000,1,1,5,4,2,1,2,2,1,4
SF,IH2103,2020-10-26 09:34:15.500,3268.4000,9039,0,290604000.000,0,-,-,-,-,3267.4000,3267.0000,3266.0000,3265.0000,3264.8000,3268.6000,3268.8000,3269.2000,3269.4000,3273.6000,1,1,5,4,2,1,2,2,1,4
SF,IH2103,2020-10-26 09:34:16.000,3268.4000,9039,0,290604000.000,0,-,-,-,-,3267.6000,3267.0000,3266.0000,3265.0000,3264.8000,3268.8000,3269.2000,3269.4000,3273.6000,3275.2000,1,2,5,4,2,2,2,1,4,3
SF,IH2103,2020-10-26 09:34:16.500,3268.4000,9039,0,290604000.000,0,-,-,-,-,3267.8000,3267.0000,3266.0000,3265.0000,3264.8000,3268.8000,3269.2000,3269.4000,3273.6000,3275.2000,1,2,5,4,2,2,2,1,4,3
SF,IH2103,2020-10-26 09:34:17.000,3268.4000,9039,0,290604000.000,0,-,-,-,-,3267.4000,3267.0000,3266.0000,3265.0000,3264.8000,3268.8000,3269.2000,3269.4000,3273.6000,3275.2000,1,2,5,4,2,2,2,1,4,3
SF,IH2103,2020-10-26 09:34:18.500,3268.4000,9039,0,290604000.000,0,-,-,-,-,3267.4000,3267.0000,3266.0000,3265.0000,3264.8000,3268.6000,3268.8000,3269.2000,3269.4000,3273.6000,1,2,5,4,2,1,2,2,1,4
SF,IH2103,2020-10-26 09:34:19.000,3268.4000,9039,0,290604000.000,0,-,-,-,-,3267.4000,3267.0000,3266.0000,3265.0000,3264.8000,3268.4000,3268.6000,3268.8000,3269.2000,3269.4000,1,2,5,4,2,1,1,2,2,1
SF,IH2103,2020-10-26 09:34:19.500,3268.6000,9037,-2,292565100.000,2,0,2,双平,S,3267.4000,3267.0000,3266.0000,3265.0000,3264.8000,3268.8000,3269.2000,3269.4000,3273.6000,3275.2000,1,2,5,4,2,2,2,1,4,3
SF,IH2103,2020-10-26 09:34:20.000,3268.6000,9037,0,292565100.000,0,-,-,-,-,3267.4000,3267.0000,3266.0000,3265.0000,3264.8000,3269.2000,3269.4000,3273.6000,3275.2000,3275.6000,1,2,5,4,2,2,1,4,3,5
SF,IH2103,2020-10-26 09:34:20.500,3268.6000,9037,0,292565100.000,0,-,-,-,-,3267.6000,3267.4000,3267.0000,3266.0000,3265.0000,3269.0000,3269.2000,3269.4000,3271.0000,3273.6000,3,1,2,5,4,1,2,1,1,4
SF,IH2103,2020-10-26 09:34:22.500,3267.6000,9037,0,293545380.000,1,0,1,多换,S,3267.6000,3267.4000,3267.0000,3266.0000,3265.0000,3269.0000,3269.2000,3269.4000,3271.0000,3273.6000,1,1,2,5,4,1,2,1,1,4
SF,IH2103,2020-10-26 09:34:23.000,3267.6000,9037,0,293545380.000,0,-,-,-,-,3267.4000,3267.0000,3266.0000,3265.0000,3264.8000,3268.8000,3269.0000,3269.2000,3269.4000,3271.0000,1,2,5,4,2,1,1,2,1,1
SF,IH2103,2020-10-26 09:34:23.500,3267.6000,9037,0,293545380.000,0,-,-,-,-,3267.4000,3267.0000,3266.0000,3265.0000,3264.8000,3268.8000,3269.0000,3269.2000,3269.4000,3271.0000,1,2,5,4,2,1,1,2,1,1
SF,IH2103,2020-10-26 09:34:24.000,3267.6000,9037,0,293545380.000,0,-,-,-,-,3267.4000,3267.0000,3266.0000,3265.0000,3264.8000,3268.2000,3268.6000,3268.8000,3269.0000,3269.2000,1,2,5,4,2,3,3,1,1,2
SF,IH2103,2020-10-26 09:34:24.500,3267.6000,9037,0,293545380.000,0,-,-,-,-,3267.4000,3267.0000,3266.0000,3265.0000,3264.8000,3268.8000,3269.0000,3269.2000,3269.4000,3273.6000,1,2,5,4,2,1,1,2,1,4
SF,IH2103,2020-10-26 09:34:25.000,3267.6000,9037,0,293545380.000,0,-,-,-,-,3267.4000,3267.0000,3266.0000,3265.0000,3264.8000,3268.8000,3269.0000,3269.2000,3269.4000,3270.8000,1,1,5,4,2,1,1,2,1,1
SF,IH2103,2020-10-26 09:34:25.500,3267.6000,9037,0,293545380.000,0,-,-,-,-,3267.4000,3267.0000,3266.0000,3265.0000,3264.8000,3268.4000,3268.8000,3269.0000,3269.2000,3269.4000,1,1,5,4,2,3,1,1,2,1
SF,IH2103,2020-10-26 09:34:26.000,3267.6000,9037,0,293545380.000,0,-,-,-,-,3268.0000,3267.4000,3267.0000,3266.0000,3265.0000,3268.8000,3269.0000,3269.2000,3269.4000,3273.6000,1,1,1,5,4,1,1,2,1,4
SF,IH2103,2020-10-26 09:34:26.500,3267.6000,9037,0,293545380.000,0,-,-,-,-,3268.0000,3267.4000,3267.0000,3266.0000,3265.0000,3268.8000,3269.2000,3269.4000,3270.8000,3273.6000,1,1,1,5,4,1,2,1,1,4
SF,IH2103,2020-10-26 09:34:27.000,3267.6000,9037,0,293545380.000,0,-,-,-,-,3268.0000,3267.4000,3267.0000,3266.0000,3265.0000,3268.6000,3268.8000,3269.2000,3269.4000,3270.8000,1,1,1,5,4,3,1,2,1,1
SF,IH2103,2020-10-26 09:34:27.500,3268.6000,9036,-1,294525960.000,1,0,1,双平,S,3268.0000,3267.4000,3267.0000,3266.0000,3265.0000,3268.6000,3268.8000,3269.2000,3269.4000,3270.8000,1,1,1,5,4,2,1,2,1,1
SF,IH2103,2020-10-26 09:34:28.000,3268.6000,9036,0,296487120.000,2,1,1,多换,S,3268.0000,3267.4000,3267.0000,3266.0000,3265.0000,3269.2000,3269.4000,3270.8000,3273.6000,3275.2000,1,1,1,5,4,2,1,1,4,3
SF,IH2103,2020-10-26 09:34:28.500,3268.6000,9036,0,296487120.000,0,-,-,-,-,3268.2000,3268.0000,3267.4000,3267.0000,3266.0000,3269.0000,3269.4000,3270.8000,3273.6000,3275.2000,1,1,1,1,5,3,1,1,4,3
SF,IH2103,2020-10-26 09:34:29.000,3269.0000,9035,-1,299429220.000,3,1,2,多平,S,3268.0000,3267.4000,3267.0000,3266.0000,3265.0000,3270.8000,3273.6000,3275.2000,3275.6000,3276.6000,1,1,1,5,4,1,4,3,5,1
SF,IH2103,2020-10-26 09:34:29.500,3269.0000,9035,0,299429220.000,0,-,-,-,-,3268.2000,3268.0000,3267.4000,3267.0000,3266.0000,3270.6000,3270.8000,3272.2000,3273.6000,3275.2000,3,1,1,1,5,1,1,1,4,3
SF,IH2103,2020-10-26 09:34:30.000,3269.0000,9035,0,299429220.000,0,-,-,-,-,3268.4000,3268.2000,3268.0000,3267.4000,3267.0000,3270.6000,3270.8000,3272.2000,3273.6000,3275.2000,1,2,1,1,1,1,1,1,4,3
SF,IH2103,2020-10-26 09:34:30.500,3269.0000,9035,0,299429220.000,0,-,-,-,-,3268.6000,3268.4000,3268.0000,3267.4000,3267.0000,3270.4000,3270.6000,3270.8000,3272.2000,3273.6000,1,1,1,1,1,3,1,1,1,4
SF,IH2103,2020-10-26 09:34:31.000,3269.0000,9035,0,299429220.000,0,-,-,-,-,3268.8000,3268.6000,3268.4000,3268.0000,3267.4000,3270.2000,3270.4000,3270.8000,3272.2000,3273.6000,1,1,1,1,1,1,3,1,1,4
SF,IH2103,2020-10-26 09:34:31.500,3269.0000,9035,0,299429220.000,0,-,-,-,-,3268.6000,3268.4000,3268.0000,3267.4000,3267.0000,3270.2000,3270.4000,3270.8000,3272.2000,3273.6000,1,1,1,1,1,1,3,1,1,4
SF,IH2103,2020-10-26 09:34:32.000,3269.0000,9035,0,299429220.000,0,-,-,-,-,3268.8000,3268.6000,3268.0000,3267.4000,3267.0000,3270.2000,3270.4000,3270.8000,3272.2000,3273.6000,1,1,1,1,1,1,3,1,1,4
SF,IH2103,2020-10-26 09:34:32.500,3269.0000,9035,0,299429220.000,0,-,-,-,-,3269.0000,3268.6000,3268.0000,3267.4000,3267.0000,3270.4000,3270.8000,3272.2000,3273.6000,3275.2000,1,1,1,1,1,3,1,1,4,3
SF,IH2103,2020-10-26 09:34:33.000,3269.0000,9035,0,299429220.000,0,-,-,-,-,3268.6000,3268.0000,3267.4000,3267.0000,3266.0000,3270.4000,3270.8000,3272.2000,3273.6000,3275.2000,1,1,1,1,5,3,1,1,4,3
SF,IH2103,2020-10-26 09:34:33.500,3269.0000,9035,0,299429220.000,0,-,-,-,-,3268.6000,3268.0000,3267.4000,3267.0000,3266.0000,3270.2000,3270.8000,3272.2000,3273.6000,3275.2000,1,1,1,1,5,3,1,1,4,3
SF,IH2103,2020-10-26 09:34:34.000,3269.0000,9035,0,299429220.000,0,-,-,-,-,3270.4000,3268.8000,3268.0000,3267.4000,3267.0000,3270.8000,3272.2000,3273.6000,3275.2000,3275.6000,1,1,1,1,1,1,1,4,3,5
SF,IH2103,2020-10-26 09:34:34.500,3270.4000,9035,0,300410340.000,1,0,1,多换,S,3268.0000,3267.4000,3267.0000,3266.0000,3265.0000,3270.2000,3270.8000,3272.2000,3273.6000,3275.2000,1,1,1,5,4,1,1,1,4,3
SF,IH2103,2020-10-26 09:34:35.000,3270.4000,9035,0,300410340.000,0,-,-,-,-,3268.4000,3268.2000,3268.0000,3267.4000,3267.0000,3270.0000,3270.8000,3272.2000,3273.6000,3275.2000,1,1,1,1,1,1,1,1,4,3
SF,IH2103,2020-10-26 09:34:35.500,3270.0000,9034,-1,301391340.000,1,0,1,双平,S,3268.6000,3268.2000,3268.0000,3267.4000,3267.0000,3270.8000,3272.2000,3273.6000,3275.2000,3275.6000,1,1,1,1,1,1,1,4,3,5
SF,IH2103,2020-10-26 09:34:36.000,3270.0000,9034,0,301391340.000,0,-,-,-,-,3268.8000,3268.2000,3268.0000,3267.4000,3267.0000,3270.4000,3270.8000,3272.2000,3273.6000,3275.2000,1,1,1,1,1,3,1,1,4,3
SF,IH2103,2020-10-26 09:34:36.500,3270.0000,9034,0,301391340.000,0,-,-,-,-,3268.8000,3268.2000,3268.0000,3267.4000,3267.0000,3270.2000,3270.4000,3270.8000,3272.2000,3273.6000,1,1,1,1,1,3,3,1,1,4
SF,IH2103,2020-10-26 09:34:37.000,3270.0000,9034,0,301391340.000,0,-,-,-,-,3269.0000,3268.8000,3268.0000,3267.4000,3267.0000,3270.4000,3270.8000,3272.2000,3273.6000,3275.2000,1,1,1,1,1,3,1,1,4,3
SF,IH2103,2020-10-26 09:34:37.500,3270.0000,9034,0,301391340.000,0,-,-,-,-,3269.2000,3268.8000,3268.0000,3267.4000,3267.0000,3270.2000,3270.4000,3270.8000,3272.2000,3273.6000,1,1,1,1,1,1,3,1,1,4
SF,IH2103,2020-10-26 09:34:38.000,3270.0000,9034,0,301391340.000,0,-,-,-,-,3268.8000,3268.2000,3268.0000,3267.4000,3267.0000,3270.2000,3270.4000,3270.8000,3272.2000,3273.6000,1,2,3,1,1,1,3,1,1,4
SF,IH2103,2020-10-26 09:34:38.500,3270.4000,9033,-1,303353520.000,2,0,2,多平,S,3269.0000,3268.8000,3268.2000,3268.0000,3267.4000,3270.4000,3270.8000,3272.2000,3273.6000,3275.2000,1,1,2,3,1,2,1,1,4,3
SF,IH2103,2020-10-26 09:34:39.000,3270.4000,9033,0,303353520.000,0,-,-,-,-,3269.2000,3268.8000,3268.2000,3268.0000,3267.4000,3270.8000,3272.2000,3273.6000,3275.2000,3275.6000,2,1,2,3,1,1,1,4,3,5
SF,IH2103,2020-10-26 09:34:39.500,3270.4000,9033,0,303353520.000,0,-,-,-,-,3270.4000,3269.2000,3268.8000,3268.2000,3268.0000,3272.2000,3273.6000,3275.2000,3275.6000,3276.6000,1,2,1,2,3,1,4,3,5,1
SF,IH2103,2020-10-26 09:34:40.000,3270.4000,9033,0,303353520.000,0,-,-,-,-,3270.6000,3270.4000,3268.2000,3268.0000,3267.4000,3271.2000,3272.0000,3272.2000,3273.6000,3275.2000,1,1,2,3,1,4,1,1,5,3
