市场代码,合约代码,时间,最新,持仓,增仓,成交额,成交量,开仓,平仓,成交类型,方向,买一价,买二价,买三价,买四价,买五价,卖一价,卖二价,卖三价,卖四价,卖五价,买一量,买二量,买三量,买四量,买五量,卖一量,卖二量,卖三量,卖四量,卖五量
SF,IH2103,2020-09-11 09:29:00.000,3178.0000,5248,0,1906800.000,2.000,-,-,-,-,3175.0000,3172.8000,3165.6000,3165.0000,3164.6000,3180.0000,3181.2000,3183.4000,3184.6000,3199.0000,1,1,1,1,4,1,1,1,4,3
SF,IH2103,2020-09-11 09:30:00.500,3180.0000,5248,0,2860800.000,1,0,1,多换,S,3177.0000,3175.2000,3175.0000,3172.8000,3165.6000,3181.2000,3183.4000,3198.2000,3199.8000,3205.0000,1,2,1,1,1,1,1,1,1,1
SF,IH2103,2020-09-11 09:30:01.000,3180.0000,5248,0,2860800.000,0,-,-,-,-,3179.8000,3177.4000,3177.2000,3177.0000,3175.2000,3181.2000,3198.2000,3199.8000,3205.0000,3221.4000,1,1,1,1,2,1,1,1,1,1
SF,IH2103,2020-09-11 09:30:01.500,3181.2000,5248,0,3815160.000,1,0,1,多换,S,3179.8000,3177.4000,3177.0000,3175.2000,3175.0000,3198.2000,3199.8000,3205.0000,3221.4000,3222.0000,1,1,1,1,1,1,1,1,1,1
SF,IH2103,2020-09-11 09:30:02.000,3181.2000,5248,0,3815160.000,0,-,-,-,-,3182.4000,3177.4000,3177.0000,3175.2000,3175.0000,3187.6000,3196.4000,3198.0000,3198.2000,3199.8000,1,1,1,1,1,1,1,3,1,1
SF,IH2103,2020-09-11 09:30:02.500,3181.2000,5248,0,3815160.000,0,-,-,-,-,3183.0000,3177.4000,3177.0000,3175.2000,3175.0000,3187.6000,3196.4000,3198.0000,3198.2000,3199.8000,1,1,1,1,1,1,1,1,1,1
SF,IH2103,2020-09-11 09:30:03.000,3181.2000,5248,0,3815160.000,0,-,-,-,-,3183.0000,3177.4000,3177.0000,3175.2000,3175.0000,3198.0000,3198.2000,3199.8000,3205.0000,3221.4000,1,1,1,1,1,1,1,1,1,1
SF,IH2103,2020-09-11 09:30:03.500,3181.2000,5248,0,3815160.000,0,-,-,-,-,3183.0000,3177.4000,3177.0000,3175.2000,3175.0000,3190.0000,3190.2000,3197.4000,3197.8000,3198.0000,1,1,1,1,1,1,1,1,3,1
SF,IH2103,2020-09-11 09:30:04.000,3181.2000,5248,0,3815160.000,0,-,-,-,-,3183.0000,3177.4000,3177.0000,3175.2000,3175.0000,3189.4000,3190.2000,3198.0000,3198.2000,3199.8000,1,1,1,1,1,1,1,1,1,1
SF,IH2103,2020-09-11 09:30:04.500,3181.2000,5248,0,3815160.000,0,-,-,-,-,3183.0000,3182.8000,3177.4000,3177.0000,3175.2000,3190.0000,3199.8000,3205.0000,3222.0000,3229.2000,1,1,1,1,1,1,1,1,1,1
SF,IH2103,2020-09-11 09:30:05.000,3181.2000,5248,0,3815160.000,0,-,-,-,-,3185.0000,3183.0000,3182.8000,3177.4000,3177.0000,3190.0000,3199.8000,3205.0000,3222.0000,3229.2000,1,1,1,1,1,1,1,1,1,1
SF,IH2103,2020-09-11 09:30:05.500,3181.2000,5248,0,3815160.000,0,-,-,-,-,3185.4000,3185.0000,3183.0000,3182.8000,3177.0000,3190.0000,3199.8000,3205.0000,3222.0000,3252.0000,1,1,1,1,1,1,1,1,1,1
SF,IH2103,2020-09-11 09:30:06.000,3181.2000,5248,0,3815160.000,0,-,-,-,-,3185.4000,3185.0000,3183.0000,3182.8000,3177.0000,3190.0000,3199.8000,3205.0000,3222.0000,3252.0000,1,1,1,1,1,1,1,1,1,1
SF,IH2103,2020-09-11 09:30:06.500,3181.2000,5248,0,3815160.000,0,-,-,-,-,3185.4000,3185.0000,3183.0000,3182.8000,3177.0000,3190.0000,3199.8000,3205.0000,3222.0000,3252.0000,1,1,1,1,1,2,1,1,1,1
SF,IH2103,2020-09-11 09:30:07.000,3181.2000,5248,0,3815160.000,0,-,-,-,-,3186.0000,3185.4000,3185.0000,3183.0000,3182.8000,3190.0000,3199.8000,3205.0000,3222.0000,3252.0000,3,1,1,1,1,1,1,1,1,1
SF,IH2103,2020-09-11 09:30:07.500,3181.2000,5248,0,3815160.000,0,-,-,-,-,3186.2000,3186.0000,3185.4000,3185.0000,3182.8000,3190.0000,3199.8000,3205.0000,3222.0000,3252.0000,1,3,1,1,1,1,1,1,1,1
SF,IH2103,2020-09-11 09:30:08.000,3181.2000,5248,0,3815160.000,0,-,-,-,-,3186.2000,3186.0000,3185.4000,3185.0000,3182.8000,3190.0000,3199.8000,3205.0000,3222.0000,3252.0000,1,3,1,1,1,1,1,1,1,1
SF,IH2103,2020-09-11 09:30:08.500,3181.2000,5248,0,3815160.000,0,-,-,-,-,3186.2000,3185.4000,3185.0000,3182.8000,3181.2000,3190.0000,3199.8000,3205.0000,3222.0000,3252.0000,1,1,1,1,1,1,1,1,1,1
SF,IH2103,2020-09-11 09:30:09.000,3181.2000,5248,0,3815160.000,0,-,-,-,-,3186.2000,3185.4000,3185.0000,3182.8000,3181.2000,3190.0000,3199.8000,3205.0000,3222.0000,3252.0000,1,1,1,1,1,1,1,1,1,1
SF,IH2103,2020-09-11 09:30:09.500,3181.2000,5248,0,3815160.000,0,-,-,-,-,3186.2000,3186.0000,3185.4000,3185.0000,3182.8000,3190.0000,3199.8000,3205.0000,3222.0000,3252.0000,1,1,1,1,1,1,1,1,1,1
SF,IH2103,2020-09-11 09:30:10.000,3190.0000,5248,0,4772160.000,1,0,1,多换,S,3186.2000,3186.0000,3185.4000,3185.0000,3182.8000,3199.8000,3205.0000,3222.0000,3252.0000,3267.6000,1,1,1,1,1,1,1,1,1,1
SF,IH2103,2020-09-11 09:30:10.500,3190.0000,5248,0,4772160.000,0,-,-,-,-,3186.2000,3186.0000,3185.4000,3185.0000,3182.8000,3192.8000,3193.0000,3198.4000,3199.6000,3199.8000,1,1,1,1,1,1,1,4,5,1
SF,IH2103,2020-09-11 09:30:11.000,3190.0000,5248,0,4772160.000,0,-,-,-,-,3186.2000,3186.0000,3185.4000,3185.0000,3182.8000,3192.8000,3198.4000,3199.6000,3199.8000,3205.0000,1,1,1,1,1,1,4,2,1,1
SF,IH2103,2020-09-11 09:30:11.500,3190.0000,5248,0,4772160.000,0,-,-,-,-,3186.2000,3186.0000,3185.4000,3185.0000,3182.8000,3192.8000,3198.4000,3199.6000,3199.8000,3205.0000,1,1,1,1,1,1,4,2,1,1
SF,IH2103,2020-09-11 09:30:12.000,3190.0000,5248,0,4772160.000,0,-,-,-,-,3186.2000,3186.0000,3185.4000,3185.0000,3182.8000,3192.8000,3198.4000,3199.6000,3199.8000,3205.0000,1,1,1,1,1,1,4,1,1,1
SF,IH2103,2020-09-11 09:30:13.000,3190.0000,5248,0,4772160.000,0,-,-,-,-,3186.4000,3186.2000,3186.0000,3185.4000,3185.0000,3192.8000,3198.4000,3199.6000,3199.8000,3205.0000,1,1,1,1,1,1,4,1,1,1
SF,IH2103,2020-09-11 09:30:13.500,3190.0000,5248,0,4772160.000,0,-,-,-,-,3187.0000,3186.4000,3186.2000,3186.0000,3185.0000,3188.6000,3192.8000,3198.4000,3199.6000,3199.8000,1,1,1,1,1,1,1,4,1,1
SF,IH2103,2020-09-11 09:30:14.000,3188.6000,5248,0,5728740.000,1,0,1,多换,S,3188.6000,3187.2000,3187.0000,3186.4000,3186.2000,3192.8000,3199.6000,3199.8000,3205.0000,3222.0000,1,2,1,1,1,1,1,1,1,1
SF,IH2103,2020-09-11 09:30:14.500,3188.6000,5248,0,5728740.000,0,-,-,-,-,3188.6000,3187.0000,3186.2000,3186.0000,3185.0000,3192.8000,3199.6000,3199.8000,3205.0000,3222.0000,1,1,1,1,1,1,1,1,1,1
SF,IH2103,2020-09-11 09:30:17.500,3188.6000,5248,0,5728740.000,0,-,-,-,-,3188.6000,3187.0000,3186.2000,3186.0000,3185.0000,3192.8000,3199.6000,3199.8000,3205.0000,3222.0000,1,1,1,1,1,1,1,1,1,1
SF,IH2103,2020-09-11 09:30:18.000,3188.6000,5248,0,5728740.000,0,-,-,-,-,3188.6000,3187.0000,3186.2000,3186.0000,3185.0000,3192.8000,3199.6000,3199.8000,3205.0000,3222.0000,1,1,1,1,1,2,1,1,1,1
SF,IH2103,2020-09-11 09:30:20.000,3188.6000,5248,0,5728740.000,0,-,-,-,-,3187.0000,3186.2000,3186.0000,3185.0000,3175.2000,3192.8000,3199.6000,3199.8000,3205.0000,3222.0000,1,1,1,1,1,2,1,1,1,1
SF,IH2103,2020-09-11 09:30:20.500,3188.6000,5248,0,5728740.000,0,-,-,-,-,3187.0000,3186.2000,3186.0000,3185.0000,3175.2000,3192.8000,3199.6000,3199.8000,3205.0000,3222.0000,1,1,1,1,1,2,1,1,1,1
SF,IH2103,2020-09-11 09:30:21.000,3192.8000,5248,0,6686580.000,1,0,1,多换,S,3187.6000,3187.0000,3186.2000,3186.0000,3175.2000,3192.8000,3199.6000,3199.8000,3205.0000,3222.0000,1,1,1,1,1,1,1,1,1,1
SF,IH2103,2020-09-11 09:30:21.500,3192.8000,5248,0,6686580.000,0,-,-,-,-,3187.8000,3187.6000,3187.0000,3186.0000,3175.2000,3192.6000,3192.8000,3199.6000,3199.8000,3205.0000,1,1,1,1,1,2,1,1,1,1
SF,IH2103,2020-09-11 09:30:22.000,3192.8000,5248,0,6686580.000,0,-,-,-,-,3187.8000,3187.6000,3187.0000,3186.0000,3175.2000,3192.6000,3199.6000,3199.8000,3205.0000,3222.0000,1,1,1,1,1,3,1,1,1,1
SF,IH2103,2020-09-11 09:30:23.000,3192.8000,5247,-1,7644420.000,1,0,1,双平,S,3187.8000,3187.6000,3187.0000,3186.0000,3175.2000,3192.6000,3199.6000,3199.8000,3205.0000,3222.0000,1,1,1,1,1,2,1,1,1,1
SF,IH2103,2020-09-11 09:30:23.500,3192.8000,5247,0,7644420.000,0,-,-,-,-,3188.2000,3187.8000,3187.6000,3187.0000,3186.0000,3192.6000,3199.6000,3199.8000,3205.0000,3222.0000,1,1,1,1,1,2,1,1,1,1
SF,IH2103,2020-09-11 09:30:24.000,3192.8000,5247,0,7644420.000,0,-,-,-,-,3188.6000,3188.2000,3187.8000,3187.6000,3186.0000,3192.4000,3192.6000,3199.6000,3199.8000,3205.0000,1,1,1,1,1,1,2,1,1,1
SF,IH2103,2020-09-11 09:30:24.500,3192.8000,5247,0,7644420.000,0,-,-,-,-,3188.8000,3188.6000,3187.8000,3187.6000,3186.0000,3192.2000,3192.4000,3199.6000,3199.8000,3205.0000,1,1,1,1,1,1,2,1,1,1
SF,IH2103,2020-09-11 09:30:25.000,3189.4000,5247,0,8601240.000,1,0,1,多换,S,3188.6000,3187.6000,3186.0000,3175.2000,3175.0000,3192.2000,3192.4000,3199.6000,3199.8000,3205.0000,1,1,1,1,1,2,1,1,1,1
SF,IH2103,2020-09-11 09:30:25.500,3189.4000,5247,0,8601240.000,0,-,-,-,-,3190.2000,3189.0000,3188.6000,3186.0000,3175.2000,3192.2000,3192.4000,3199.6000,3199.8000,3205.0000,1,1,1,1,1,2,1,1,1,1
SF,IH2103,2020-09-11 09:30:26.000,3190.2000,5246,-1,9558300.000,1,0,1,双平,S,3189.0000,3188.6000,3186.0000,3175.2000,3175.0000,3190.2000,3192.2000,3199.6000,3199.8000,3205.0000,1,1,1,1,1,1,2,1,1,1
SF,IH2103,2020-09-11 09:30:26.500,3190.2000,5245,-1,11472420.000,2,0,2,多平,S,3189.0000,3188.6000,3186.0000,3175.2000,3175.0000,3192.2000,3199.6000,3199.8000,3205.0000,3222.0000,1,1,1,1,1,1,1,1,1,1
SF,IH2103,2020-09-11 09:30:27.000,3189.2000,5244,-1,12429180.000,1,0,1,双平,S,3188.6000,3186.0000,3175.2000,3175.0000,3163.0000,3199.6000,3199.8000,3205.0000,3222.0000,3230.8000,1,1,1,1,1,1,1,1,1,8
SF,IH2103,2020-09-11 09:30:27.500,3189.2000,5244,0,12429180.000,0,-,-,-,-,3189.4000,3188.6000,3186.0000,3175.2000,3175.0000,3195.4000,3199.0000,3199.4000,3199.6000,3199.8000,1,1,1,1,1,1,2,3,1,1
SF,IH2103,2020-09-11 09:30:28.000,3189.2000,5244,0,12429180.000,0,-,-,-,-,3189.4000,3188.6000,3186.0000,3175.2000,3175.0000,3195.4000,3199.0000,3199.6000,3199.8000,3205.0000,1,1,1,1,1,1,2,1,1,1
SF,IH2103,2020-09-11 09:30:28.500,3189.2000,5244,0,12429180.000,0,-,-,-,-,3189.4000,3188.6000,3186.0000,3175.2000,3175.0000,3195.2000,3195.4000,3199.0000,3199.6000,3199.8000,2,1,1,1,1,1,1,1,1,1
SF,IH2103,2020-09-11 09:30:29.000,3189.2000,5244,0,12429180.000,0,-,-,-,-,3189.6000,3189.4000,3188.6000,3186.0000,3175.2000,3192.8000,3194.4000,3195.2000,3199.0000,3199.6000,1,1,1,1,1,1,1,1,1,1
SF,IH2103,2020-09-11 09:30:29.500,3189.4000,5243,-1,13386000.000,1,0,1,双平,S,3190.2000,3186.0000,3175.2000,3175.0000,3163.0000,3192.8000,3194.4000,3195.2000,3199.0000,3199.6000,1,1,1,1,1,1,1,1,1,1
SF,IH2103,2020-09-11 09:30:30.000,3190.2000,5243,0,14343060.000,1,0,1,多换,S,3186.0000,3175.2000,3175.0000,3163.0000,3160.0000,3195.2000,3199.0000,3199.6000,3199.8000,3205.0000,1,1,1,1,1,1,1,1,1,1
SF,IH2103,2020-09-11 09:30:30.500,3190.2000,5243,0,14343060.000,0,-,-,-,-,3186.0000,3175.2000,3175.0000,3163.0000,3160.0000,3192.8000,3195.0000,3195.2000,3199.0000,3199.6000,1,1,1,1,1,1,2,1,1,1
SF,IH2103,2020-09-11 09:30:31.000,3190.2000,5243,0,14343060.000,0,-,-,-,-,3186.0000,3175.2000,3175.0000,3163.0000,3160.0000,3192.8000,3195.0000,3195.2000,3199.0000,3199.6000,1,1,1,1,1,1,2,1,1,1
SF,IH2103,2020-09-11 09:30:31.500,3190.2000,5243,0,14343060.000,0,-,-,-,-,3186.0000,3175.0000,3163.0000,3160.0000,3158.0000,3192.6000,3192.8000,3195.0000,3199.0000,3199.6000,1,1,1,1,1,1,1,2,1,1
SF,IH2103,2020-09-11 09:30:32.000,3190.2000,5244,1,15300120.000,1,1,0,双开,S,3187.6000,3186.0000,3175.0000,3163.0000,3160.0000,3192.4000,3192.6000,3195.0000,3199.0000,3199.6000,1,1,1,1,1,2,1,1,1,1
SF,IH2103,2020-09-11 09:30:32.500,3190.2000,5244,0,15300120.000,0,-,-,-,-,3187.6000,3186.0000,3175.0000,3163.0000,3160.0000,3192.2000,3192.4000,3195.0000,3199.0000,3199.6000,1,1,1,1,1,1,1,1,1,1
SF,IH2103,2020-09-11 09:30:33.000,3190.2000,5244,0,15300120.000,0,-,-,-,-,3187.6000,3186.0000,3175.0000,3163.0000,3160.0000,3192.4000,3195.0000,3199.0000,3199.6000,3199.8000,1,1,1,1,1,1,1,1,1,1
SF,IH2103,2020-09-11 09:30:33.500,3190.2000,5244,0,15300120.000,0,-,-,-,-,3187.6000,3186.0000,3175.0000,3163.0000,3160.0000,3192.0000,3192.2000,3192.4000,3195.0000,3199.0000,1,1,1,1,1,1,1,1,1,1
SF,IH2103,2020-09-11 09:30:34.000,3190.2000,5244,0,15300120.000,0,-,-,-,-,3187.6000,3175.0000,3163.0000,3160.0000,3158.0000,3191.4000,3191.8000,3192.4000,3195.0000,3199.0000,1,1,1,1,1,1,1,1,1,1
SF,IH2103,2020-09-11 09:30:34.500,3190.2000,5244,0,15300120.000,0,-,-,-,-,3187.6000,3175.0000,3163.0000,3160.0000,3158.0000,3191.2000,3195.0000,3199.0000,3199.6000,3199.8000,1,1,1,1,1,2,1,1,1,1
SF,IH2103,2020-09-11 09:30:35.000,3190.2000,5244,0,15300120.000,0,-,-,-,-,3187.6000,3175.0000,3163.0000,3160.0000,3158.0000,3190.6000,3191.2000,3195.0000,3199.0000,3199.6000,1,1,1,1,1,1,1,1,1,1
SF,IH2103,2020-09-11 09:30:35.500,3190.2000,5244,0,15300120.000,0,-,-,-,-,3187.6000,3175.0000,3163.0000,3160.0000,3158.0000,3190.4000,3191.2000,3195.0000,3199.0000,3199.6000,1,1,1,1,1,1,1,1,1,1
SF,IH2103,2020-09-11 09:30:36.000,3187.6000,5244,0,16256400.000,1,0,1,多换,S,3175.0000,3163.0000,3160.0000,3158.0000,3153.0000,3190.2000,3191.2000,3195.0000,3199.0000,3199.6000,1,1,1,1,1,1,1,1,1,1
SF,IH2103,2020-09-11 09:30:36.500,3187.6000,5244,0,16256400.000,0,-,-,-,-,3183.0000,3182.4000,3177.4000,3175.6000,3175.2000,3189.6000,3191.2000,3199.0000,3199.6000,3199.8000,3,1,1,1,1,1,1,1,1,1
SF,IH2103,2020-09-11 09:30:37.000,3187.6000,5244,0,16256400.000,0,-,-,-,-,3182.4000,3175.6000,3175.2000,3175.0000,3163.0000,3189.0000,3199.0000,3199.6000,3199.8000,3205.0000,1,1,1,1,1,1,1,1,1,1
SF,IH2103,2020-09-11 09:30:37.500,3187.6000,5244,0,16256400.000,0,-,-,-,-,3182.4000,3175.6000,3175.2000,3175.0000,3163.0000,3188.4000,3199.0000,3199.6000,3199.8000,3205.0000,1,1,1,1,1,2,1,1,1,1
SF,IH2103,2020-09-11 09:30:38.000,3187.6000,5244,0,16256400.000,0,-,-,-,-,3182.4000,3175.2000,3175.0000,3163.0000,3160.0000,3187.8000,3188.2000,3188.4000,3199.0000,3199.6000,1,1,1,1,1,1,1,1,1,1
SF,IH2103,2020-09-11 09:30:38.500,3187.6000,5244,0,16256400.000,0,-,-,-,-,3182.4000,3175.2000,3175.0000,3163.0000,3160.0000,3183.0000,3187.2000,3188.2000,3188.4000,3199.0000,1,1,1,1,1,2,1,1,1,1
SF,IH2103,2020-09-11 09:30:39.000,3183.0000,5242,-2,19120920.000,3,0,3,多平,S,3175.0000,3163.0000,3160.0000,3158.0000,3153.0000,3187.2000,3188.2000,3199.0000,3199.6000,3199.8000,1,1,1,1,1,1,1,1,1,1
SF,IH2103,2020-09-11 09:30:39.500,3185.0000,5243,1,20076420.000,1,1,0,双开,S,3179.8000,3175.2000,3175.0000,3163.0000,3160.0000,3186.6000,3187.0000,3187.4000,3188.2000,3199.0000,1,4,1,1,1,1,1,1,1,1
SF,IH2103,2020-09-11 09:30:40.000,3185.0000,5243,0,20076420.000,0,-,-,-,-,3182.4000,3180.0000,3179.8000,3175.2000,3175.0000,3186.2000,3187.4000,3188.2000,3199.0000,3199.6000,1,1,3,5,1,1,1,1,1,1
SF,IH2103,2020-09-11 09:30:40.500,3185.0000,5243,0,20076420.000,0,-,-,-,-,3175.2000,3175.0000,3163.0000,3160.0000,3158.0000,3199.0000,3199.6000,3199.8000,3205.0000,3222.0000,4,1,1,1,1,1,1,1,1,1
SF,IH2103,2020-09-11 09:30:41.000,3185.0000,5243,0,20076420.000,0,-,-,-,-,3182.2000,3181.0000,3179.8000,3175.4000,3175.2000,3190.2000,3197.0000,3198.4000,3198.8000,3199.0000,1,3,1,1,4,1,1,2,3,1
SF,IH2103,2020-09-11 09:30:41.500,3185.0000,5243,0,20076420.000,0,-,-,-,-,3182.4000,3182.2000,3181.0000,3175.4000,3175.2000,3189.6000,3190.2000,3197.0000,3198.8000,3199.0000,1,1,3,1,4,2,1,1,3,1
SF,IH2103,2020-09-11 09:30:42.000,3185.0000,5243,0,20076420.000,0,-,-,-,-,3182.4000,3182.2000,3175.2000,3175.0000,3163.0000,3188.4000,3188.8000,3189.0000,3189.6000,3190.2000,1,1,4,1,1,1,1,1,1,1
SF,IH2103,2020-09-11 09:30:42.500,3185.0000,5243,0,20076420.000,0,-,-,-,-,3183.4000,3182.4000,3182.2000,3175.2000,3175.0000,3187.6000,3187.8000,3188.2000,3188.4000,3188.8000,1,1,1,4,1,1,1,1,1,1
SF,IH2103,2020-09-11 09:30:43.000,3185.0000,5243,0,20076420.000,0,-,-,-,-,3183.4000,3182.4000,3182.2000,3178.6000,3175.0000,3187.0000,3188.2000,3188.4000,3188.8000,3198.8000,1,1,1,1,1,1,1,1,1,3
SF,IH2103,2020-09-11 09:30:43.500,3185.0000,5243,0,20076420.000,0,-,-,-,-,3183.4000,3182.4000,3178.6000,3175.0000,3163.0000,3198.8000,3199.0000,3199.6000,3199.8000,3205.0000,2,1,1,1,1,2,1,1,1,1
SF,IH2103,2020-09-11 09:30:44.000,3185.0000,5243,0,20076420.000,0,-,-,-,-,3183.8000,3183.4000,3182.4000,3178.6000,3175.0000,3191.2000,3192.8000,3198.2000,3198.6000,3199.0000,1,1,1,1,1,1,1,3,5,1
SF,IH2103,2020-09-11 09:30:44.500,3185.0000,5243,0,20076420.000,0,-,-,-,-,3185.0000,3183.8000,3178.6000,3175.0000,3163.0000,3190.6000,3192.8000,3198.2000,3198.6000,3199.0000,1,1,1,1,1,2,1,1,1,1
SF,IH2103,2020-09-11 09:30:45.000,3190.0000,5244,1,21033420.000,1,1,0,双开,S,3185.0000,3184.4000,3178.6000,3175.0000,3163.0000,3190.2000,3190.6000,3198.6000,3199.0000,3199.6000,1,1,1,1,1,2,1,1,1,1
SF,IH2103,2020-09-11 09:30:45.500,3190.0000,5244,0,21033420.000,0,-,-,-,-,3185.0000,3184.4000,3178.6000,3175.0000,3163.0000,3190.0000,3190.2000,3190.6000,3198.6000,3199.0000,1,1,1,1,1,2,1,1,1,1
SF,IH2103,2020-09-11 09:30:46.000,3190.0000,5244,0,21033420.000,0,-,-,-,-,3185.4000,3185.0000,3178.6000,3175.0000,3163.0000,3190.0000,3190.2000,3190.6000,3199.0000,3199.6000,1,1,1,1,1,2,1,1,1,1
SF,IH2103,2020-09-11 09:30:47.000,3190.0000,5244,0,21033420.000,0,-,-,-,-,3185.4000,3185.0000,3178.6000,3175.0000,3163.0000,3190.0000,3190.2000,3199.0000,3199.6000,3199.8000,1,1,1,1,1,1,1,1,1,1
SF,IH2103,2020-09-11 09:30:48.000,3190.0000,5244,0,21033420.000,0,-,-,-,-,3185.4000,3185.0000,3178.6000,3175.0000,3163.0000,3190.2000,3199.0000,3199.6000,3199.8000,3205.0000,1,1,1,1,1,1,1,1,1,1
SF,IH2103,2020-09-11 09:30:50.000,3190.0000,5244,0,21033420.000,0,-,-,-,-,3185.4000,3178.6000,3175.0000,3163.0000,3160.0000,3190.2000,3199.0000,3199.6000,3199.8000,3205.0000,1,1,1,1,1,1,1,1,1,1
SF,IH2103,2020-09-11 09:30:50.500,3190.0000,5244,0,21033420.000,0,-,-,-,-,3186.0000,3185.4000,3178.6000,3175.0000,3163.0000,3190.2000,3199.0000,3199.6000,3199.8000,3205.0000,1,1,1,1,1,1,1,1,1,1
SF,IH2103,2020-09-11 09:30:51.500,3190.0000,5244,0,21033420.000,0,-,-,-,-,3186.0000,3185.4000,3178.6000,3175.0000,3163.0000,3190.0000,3190.2000,3199.0000,3199.6000,3199.8000,1,1,1,1,1,1,1,1,1,1
SF,IH2103,2020-09-11 09:30:52.000,3190.0000,5244,0,21033420.000,0,-,-,-,-,3185.4000,3178.6000,3175.0000,3163.0000,3160.0000,3189.8000,3190.0000,3190.2000,3199.0000,3199.6000,1,1,1,1,1,1,1,1,1,1
SF,IH2103,2020-09-11 09:30:52.500,3190.0000,5244,0,21033420.000,0,-,-,-,-,3178.6000,3175.0000,3163.0000,3160.0000,3158.0000,3189.2000,3189.8000,3190.2000,3199.0000,3199.6000,1,1,1,1,1,1,1,1,1,1
SF,IH2103,2020-09-11 09:30:53.000,3190.0000,5244,0,21033420.000,0,-,-,-,-,3185.0000,3179.0000,3178.6000,3175.0000,3163.0000,3188.6000,3189.2000,3189.8000,3199.0000,3199.6000,1,1,1,1,1,1,1,1,1,1
SF,IH2103,2020-09-11 09:30:53.500,3190.0000,5244,0,21033420.000,0,-,-,-,-,3185.0000,3179.0000,3178.8000,3178.6000,3175.0000,3188.2000,3188.6000,3189.8000,3199.0000,3199.6000,1,1,1,1,1,1,1,1,1,1
SF,IH2103,2020-09-11 09:30:54.000,3190.0000,5243,-1,21990420.000,1,0,1,双平,S,3179.0000,3178.8000,3178.6000,3175.0000,3166.6000,3188.6000,3189.8000,3199.0000,3199.6000,3199.8000,1,1,1,1,1,1,1,1,1,1
SF,IH2103,2020-09-11 09:30:54.500,3190.0000,5243,0,21990420.000,0,-,-,-,-,3185.0000,3179.2000,3179.0000,3178.8000,3178.6000,3188.6000,3199.0000,3199.6000,3199.8000,3205.0000,1,1,1,1,1,1,1,1,1,1
SF,IH2103,2020-09-11 09:30:55.000,3190.0000,5243,0,21990420.000,0,-,-,-,-,3185.0000,3184.0000,3179.2000,3179.0000,3178.8000,3188.6000,3199.0000,3199.6000,3199.8000,3205.0000,1,1,1,1,1,1,1,1,1,1
SF,IH2103,2020-09-11 09:30:55.500,3190.0000,5243,0,21990420.000,0,-,-,-,-,3185.8000,3185.4000,3185.0000,3179.2000,3179.0000,3188.6000,3199.0000,3199.6000,3199.8000,3205.0000,1,1,1,1,1,1,1,1,1,1
SF,IH2103,2020-09-11 09:30:56.000,3190.0000,5243,0,21990420.000,0,-,-,-,-,3186.2000,3185.8000,3185.4000,3185.0000,3179.2000,3199.0000,3199.6000,3199.8000,3205.0000,3206.6000,1,1,1,1,1,1,1,1,1,1
SF,IH2103,2020-09-11 09:30:56.500,3190.0000,5243,0,21990420.000,0,-,-,-,-,3186.2000,3185.8000,3185.0000,3179.0000,3178.8000,3192.4000,3192.8000,3197.8000,3198.8000,3199.0000,1,1,1,1,1,1,1,4,2,1
SF,IH2103,2020-09-11 09:30:57.000,3190.0000,5243,0,21990420.000,0,-,-,-,-,3187.2000,3186.2000,3185.8000,3185.0000,3179.0000,3191.8000,3192.8000,3197.8000,3198.8000,3199.0000,1,1,1,1,1,1,1,4,1,1
SF,IH2103,2020-09-11 09:30:57.500,3190.0000,5243,0,21990420.000,0,-,-,-,-,3187.8000,3187.2000,3186.6000,3185.0000,3179.0000,3191.8000,3192.8000,3197.8000,3199.0000,3199.6000,1,1,1,1,1,1,1,4,1,1
SF,IH2103,2020-09-11 09:30:58.000,3190.0000,5243,0,21990420.000,0,-,-,-,-,3187.8000,3187.2000,3186.6000,3185.0000,3179.0000,3191.8000,3192.8000,3197.8000,3199.0000,3199.6000,1,1,1,1,1,1,1,4,1,1
SF,IH2103,2020-09-11 09:30:58.500,3190.0000,5243,0,21990420.000,0,-,-,-,-,3188.0000,3187.8000,3187.2000,3185.0000,3179.0000,3191.8000,3192.8000,3197.8000,3199.0000,3199.6000,1,1,1,1,1,1,1,4,1,1
SF,IH2103,2020-09-11 09:30:59.000,3190.0000,5243,0,21990420.000,0,-,-,-,-,3188.0000,3187.8000,3186.0000,3185.0000,3179.0000,3191.8000,3192.8000,3197.8000,3199.0000,3199.6000,1,1,2,1,1,1,1,4,1,1
SF,IH2103,2020-09-11 09:31:00.500,3190.0000,5243,0,21990420.000,0,-,-,-,-,3188.0000,3187.8000,3186.0000,3185.0000,3179.0000,3191.8000,3192.8000,3197.8000,3199.0000,3199.6000,1,1,2,1,1,1,1,4,1,1
SF,IH2103,2020-09-11 09:31:01.000,3190.0000,5243,0,21990420.000,0,-,-,-,-,3188.2000,3188.0000,3187.8000,3186.0000,3185.0000,3191.6000,3191.8000,3192.8000,3199.0000,3199.6000,1,1,1,2,1,1,1,1,1,1
SF,IH2103,2020-09-11 09:31:01.500,3190.0000,5243,0,21990420.000,0,-,-,-,-,3188.2000,3188.0000,3187.8000,3186.0000,3185.0000,3191.6000,3191.8000,3199.0000,3199.6000,3199.8000,1,1,1,2,1,1,1,1,1,1
SF,IH2103,2020-09-11 09:31:02.000,3190.0000,5243,0,21990420.000,0,-,-,-,-,3188.2000,3188.0000,3187.8000,3186.0000,3179.0000,3191.6000,3191.8000,3199.0000,3199.6000,3199.8000,1,1,1,2,1,1,1,1,1,1
SF,IH2103,2020-09-11 09:31:04.000,3190.0000,5243,0,21990420.000,0,-,-,-,-,3188.2000,3187.8000,3186.0000,3179.0000,3178.8000,3191.6000,3191.8000,3199.0000,3199.6000,3199.8000,1,1,2,1,1,1,1,1,1,1
SF,IH2103,2020-09-11 09:31:04.500,3190.0000,5243,0,21990420.000,0,-,-,-,-,3188.2000,3186.0000,3179.0000,3178.8000,3178.6000,3191.0000,3191.6000,3191.8000,3199.6000,3199.8000,1,2,1,1,1,1,1,1,1,1
SF,IH2103,2020-09-11 09:31:05.000,3190.0000,5243,0,21990420.000,0,-,-,-,-,3179.0000,3178.8000,3178.6000,3175.0000,3166.6000,3190.8000,3191.0000,3191.8000,3199.6000,3199.8000,1,1,1,1,1,1,1,1,1,1
SF,IH2103,2020-09-11 09:31:05.500,3190.0000,5243,0,21990420.000,0,-,-,-,-,3185.0000,3183.6000,3179.2000,3179.0000,3178.8000,3190.2000,3190.8000,3191.0000,3199.6000,3199.8000,1,3,1,1,1,1,1,1,1,1
SF,IH2103,2020-09-11 09:31:06.000,3190.0000,5243,0,21990420.000,0,-,-,-,-,3185.4000,3185.2000,3185.0000,3184.8000,3183.6000,3190.0000,3190.2000,3191.0000,3199.6000,3199.8000,1,1,1,1,3,1,1,1,1,1
SF,IH2103,2020-09-11 09:31:06.500,3190.0000,5243,0,21990420.000,0,-,-,-,-,3185.6000,3185.4000,3185.0000,3184.8000,3183.6000,3189.4000,3190.0000,3190.2000,3199.6000,3199.8000,1,1,1,1,3,1,1,1,1,1
SF,IH2103,2020-09-11 09:31:07.000,3190.0000,5243,0,21990420.000,0,-,-,-,-,3185.6000,3185.4000,3185.0000,3183.6000,3178.8000,3189.2000,3189.4000,3190.2000,3199.6000,3199.8000,1,1,1,3,1,1,1,1,1,1
SF,IH2103,2020-09-11 09:31:08.000,3190.0000,5243,0,21990420.000,0,-,-,-,-,3185.6000,3185.4000,3185.0000,3178.8000,3178.6000,3189.2000,3189.4000,3190.2000,3199.6000,3199.8000,1,1,1,1,1,1,1,1,1,1
SF,IH2103,2020-09-11 09:31:08.500,3190.0000,5243,0,21990420.000,0,-,-,-,-,3186.0000,3185.6000,3185.4000,3185.0000,3178.8000,3189.2000,3189.4000,3190.2000,3199.6000,3199.8000,1,1,1,1,1,1,1,1,1,1
SF,IH2103,2020-09-11 09:31:09.000,3190.0000,5243,0,21990420.000,0,-,-,-,-,3186.2000,3186.0000,3185.4000,3185.0000,3178.8000,3189.2000,3189.4000,3190.2000,3199.6000,3199.8000,1,3,1,1,1,1,1,1,1,1
SF,IH2103,2020-09-11 09:31:09.500,3190.0000,5243,0,21990420.000,0,-,-,-,-,3186.0000,3185.4000,3185.0000,3178.8000,3178.6000,3189.2000,3189.4000,3190.2000,3199.6000,3199.8000,3,1,1,1,1,1,1,1,1,1
SF,IH2103,2020-09-11 09:31:10.000,3190.0000,5243,0,21990420.000,0,-,-,-,-,3186.0000,3185.4000,3178.8000,3178.6000,3175.0000,3189.2000,3189.4000,3190.2000,3199.6000,3199.8000,3,1,1,1,1,1,1,1,1,1
SF,IH2103,2020-09-11 09:31:10.500,3190.0000,5243,0,21990420.000,0,-,-,-,-,3186.0000,3178.8000,3178.6000,3175.0000,3166.6000,3188.6000,3189.2000,3189.4000,3199.6000,3199.8000,2,1,1,1,1,1,1,1,1,1
SF,IH2103,2020-09-11 09:31:11.000,3190.0000,5243,0,21990420.000,0,-,-,-,-,3186.0000,3178.8000,3178.6000,3175.0000,3166.6000,3188.4000,3188.6000,3189.2000,3189.4000,3199.6000,2,1,1,1,1,1,1,1,1,1
SF,IH2103,2020-09-11 09:31:11.500,3190.0000,5243,0,21990420.000,0,-,-,-,-,3186.0000,3178.8000,3178.6000,3175.0000,3166.6000,3187.8000,3188.4000,3188.6000,3189.2000,3199.6000,2,1,1,1,1,1,1,1,1,1
SF,IH2103,2020-09-11 09:31:12.500,3187.8000,5242,-1,22946760.000,1,0,1,双平,S,3186.2000,3186.0000,3178.8000,3178.6000,3175.0000,3188.4000,3189.2000,3199.6000,3199.8000,3205.0000,1,2,1,1,1,1,1,1,1,1
SF,IH2103,2020-09-11 09:31:13.000,3188.4000,5241,-1,23903280.000,1,0,1,双平,S,3186.4000,3186.2000,3186.0000,3178.8000,3178.6000,3199.6000,3199.8000,3205.0000,3206.6000,3230.8000,2,1,2,1,1,1,1,1,1,8
SF,IH2103,2020-09-11 09:31:13.500,3188.4000,5241,0,23903280.000,0,-,-,-,-,3187.6000,3187.0000,3186.4000,3186.0000,3178.8000,3192.8000,3199.4000,3199.6000,3199.8000,3205.0000,1,2,2,2,1,1,2,1,1,1
SF,IH2103,2020-09-11 09:31:14.000,3188.4000,5241,0,23903280.000,0,-,-,-,-,3188.2000,3187.8000,3187.6000,3187.0000,3186.4000,3192.6000,3199.8000,3205.0000,3206.6000,3230.8000,1,2,1,1,1,1,1,1,1,8
SF,IH2103,2020-09-11 09:31:14.500,3188.4000,5241,0,23903280.000,0,-,-,-,-,3188.4000,3188.2000,3187.8000,3187.6000,3187.0000,3192.6000,3199.8000,3205.0000,3206.6000,3230.8000,1,1,1,1,1,1,1,1,1,8
SF,IH2103,2020-09-11 09:31:15.000,3188.4000,5241,0,23903280.000,0,-,-,-,-,3188.6000,3188.4000,3187.8000,3186.0000,3178.8000,3192.4000,3192.6000,3199.8000,3205.0000,3206.6000,2,1,1,2,1,1,1,1,1,1
SF,IH2103,2020-09-11 09:31:15.500,3188.4000,5241,0,23903280.000,0,-,-,-,-,3188.8000,3188.6000,3186.0000,3178.8000,3178.6000,3191.8000,3192.2000,3192.4000,3199.8000,3205.0000,1,1,2,1,1,1,1,1,1,1
SF,IH2103,2020-09-11 09:31:16.000,3188.4000,5241,0,23903280.000,0,-,-,-,-,3186.0000,3178.8000,3178.6000,3175.0000,3166.6000,3191.6000,3191.8000,3192.4000,3199.8000,3205.0000,2,1,1,1,1,1,1,1,1,1
SF,IH2103,2020-09-11 09:31:16.500,3188.4000,5241,0,23903280.000,0,-,-,-,-,3186.6000,3186.2000,3186.0000,3178.8000,3178.6000,3191.6000,3191.8000,3199.8000,3205.0000,3206.6000,1,2,2,1,1,1,1,1,1,1
SF,IH2103,2020-09-11 09:31:17.000,3188.4000,5241,0,23903280.000,0,-,-,-,-,3187.0000,3186.8000,3186.6000,3186.2000,3186.0000,3191.6000,3191.8000,3199.8000,3205.0000,3206.6000,1,1,1,1,2,1,1,5,1,1
SF,IH2103,2020-09-11 09:31:17.500,3188.4000,5241,0,23903280.000,0,-,-,-,-,3187.6000,3187.2000,3187.0000,3186.2000,3186.0000,3191.6000,3199.8000,3205.0000,3206.6000,3230.8000,2,1,1,1,2,1,5,1,1,8
SF,IH2103,2020-09-11 09:31:18.000,3188.4000,5241,0,23903280.000,0,-,-,-,-,3191.6000,3187.8000,3187.6000,3187.0000,3186.0000,3199.8000,3205.0000,3206.6000,3230.8000,3267.6000,1,2,2,1,2,5,1,1,8,1
SF,IH2103,2020-09-11 09:31:18.500,3191.6000,5240,-1,25818240.000,2,0,2,多平,S,3187.8000,3187.6000,3187.0000,3186.0000,3178.8000,3194.6000,3195.4000,3199.6000,3199.8000,3205.0000,1,2,1,2,1,1,1,6,5,1
SF,IH2103,2020-09-11 09:31:19.000,3191.6000,5240,0,25818240.000,0,-,-,-,-,3188.4000,3188.0000,3187.8000,3187.0000,3186.0000,3192.8000,3194.4000,3199.6000,3199.8000,3205.0000,1,1,1,1,2,1,1,2,5,1
SF,IH2103,2020-09-11 09:31:19.500,3191.6000,5240,0,25818240.000,0,-,-,-,-,3188.6000,3188.4000,3187.8000,3186.0000,3178.8000,3192.6000,3192.8000,3199.6000,3199.8000,3205.0000,2,1,1,2,1,1,1,2,5,1
SF,IH2103,2020-09-11 09:31:20.000,3191.6000,5240,0,25818240.000,0,-,-,-,-,3188.6000,3188.4000,3187.8000,3186.0000,3178.8000,3192.4000,3192.6000,3192.8000,3199.6000,3199.8000,1,1,1,2,1,2,1,1,2,5
SF,IH2103,2020-09-11 09:31:20.500,3191.6000,5240,0,25818240.000,0,-,-,-,-,3188.6000,3188.4000,3187.8000,3186.0000,3178.8000,3192.2000,3192.4000,3192.8000,3199.6000,3199.8000,1,1,1,2,1,1,2,1,2,5
SF,IH2103,2020-09-11 09:31:21.500,3191.6000,5240,0,25818240.000,0,-,-,-,-,3188.8000,3188.6000,3187.8000,3186.0000,3178.8000,3192.2000,3192.4000,3192.8000,3199.6000,3199.8000,1,1,1,2,1,1,2,1,2,5
SF,IH2103,2020-09-11 09:31:22.000,3191.6000,5240,0,25818240.000,0,-,-,-,-,3189.0000,3188.8000,3188.6000,3187.8000,3186.0000,3192.2000,3192.4000,3192.8000,3195.0000,3199.6000,1,1,1,1,2,1,1,1,1,2
SF,IH2103,2020-09-11 09:31:22.500,3191.6000,5240,0,25818240.000,0,-,-,-,-,3189.2000,3189.0000,3188.6000,3187.8000,3186.0000,3192.2000,3192.8000,3195.0000,3199.6000,3199.8000,1,1,1,1,2,1,1,1,2,5
SF,IH2103,2020-09-11 09:31:23.000,3191.6000,5240,0,25818240.000,0,-,-,-,-,3189.4000,3189.2000,3188.6000,3187.8000,3186.0000,3192.2000,3195.0000,3199.6000,3199.8000,3205.0000,1,1,1,1,2,1,1,2,5,1
SF,IH2103,2020-09-11 09:31:23.500,3191.6000,5240,0,25818240.000,0,-,-,-,-,3189.2000,3188.6000,3187.8000,3186.0000,3178.8000,3192.0000,3192.2000,3195.0000,3199.6000,3199.8000,1,1,1,2,1,1,1,1,2,5
SF,IH2103,2020-09-11 09:31:24.000,3191.6000,5240,0,25818240.000,0,-,-,-,-,3188.6000,3187.8000,3186.0000,3178.8000,3178.6000,3191.8000,3192.0000,3198.2000,3199.6000,3199.8000,1,1,2,1,1,1,1,1,2,5
SF,IH2103,2020-09-11 09:31:24.500,3191.6000,5240,0,25818240.000,0,-,-,-,-,3186.0000,3178.8000,3178.6000,3175.0000,3170.2000,3191.8000,3192.0000,3198.2000,3199.6000,3199.8000,2,1,1,1,1,1,1,1,2,5
SF,IH2103,2020-09-11 09:31:25.000,3191.6000,5240,0,25818240.000,0,-,-,-,-,3186.6000,3186.2000,3186.0000,3178.8000,3178.6000,3191.8000,3192.0000,3198.2000,3199.6000,3199.8000,1,2,2,1,1,1,1,1,2,5
SF,IH2103,2020-09-11 09:31:25.500,3191.6000,5240,0,25818240.000,0,-,-,-,-,3187.0000,3186.8000,3186.6000,3186.2000,3186.0000,3191.6000,3191.8000,3198.2000,3199.6000,3199.8000,1,1,1,1,2,1,1,1,2,5
SF,IH2103,2020-09-11 09:31:26.000,3191.6000,5240,0,25818240.000,0,-,-,-,-,3187.2000,3187.0000,3186.6000,3186.2000,3186.0000,3191.4000,3191.6000,3198.2000,3199.6000,3199.8000,1,1,1,1,2,1,1,1,2,5
SF,IH2103,2020-09-11 09:31:26.500,3191.6000,5240,0,25818240.000,0,-,-,-,-,3187.4000,3187.0000,3186.2000,3186.0000,3178.6000,3191.4000,3191.6000,3198.2000,3199.6000,3199.8000,1,1,1,2,1,1,1,1,2,5
SF,IH2103,2020-09-11 09:31:27.000,3191.6000,5240,0,25818240.000,0,-,-,-,-,3187.0000,3186.2000,3186.0000,3178.6000,3175.0000,3191.4000,3191.6000,3198.2000,3199.6000,3199.8000,1,1,2,1,1,1,1,1,2,5
SF,IH2103,2020-09-11 09:31:27.500,3191.6000,5240,0,25818240.000,0,-,-,-,-,3187.2000,3187.0000,3186.2000,3186.0000,3178.6000,3191.4000,3191.6000,3198.2000,3199.6000,3199.8000,2,1,1,2,1,1,1,1,2,5
SF,IH2103,2020-09-11 09:31:28.000,3191.6000,5240,0,25818240.000,0,-,-,-,-,3187.2000,3187.0000,3186.2000,3186.0000,3178.6000,3190.2000,3191.2000,3191.4000,3198.2000,3199.6000,2,1,1,2,1,1,1,1,1,2
SF,IH2103,2020-09-11 09:31:28.500,3191.4000,5240,0,26775660.000,1,0,1,多换,S,3187.0000,3186.2000,3186.0000,3178.6000,3175.0000,3190.2000,3191.2000,3198.2000,3199.6000,3199.8000,1,1,2,1,1,1,1,1,2,5
SF,IH2103,2020-09-11 09:31:29.000,3191.4000,5240,0,26775660.000,0,-,-,-,-,3186.0000,3178.6000,3175.0000,3170.2000,3170.0000,3190.0000,3190.2000,3191.2000,3198.2000,3199.6000,2,1,1,1,1,1,1,1,1,2
SF,IH2103,2020-09-11 09:31:29.500,3191.4000,5240,0,26775660.000,0,-,-,-,-,3186.4000,3186.2000,3186.0000,3178.6000,3175.0000,3190.0000,3190.2000,3190.6000,3191.2000,3198.2000,1,1,2,1,1,1,1,1,1,1
SF,IH2103,2020-09-11 09:31:30.000,3191.4000,5240,0,26775660.000,0,-,-,-,-,3186.6000,3186.4000,3186.0000,3178.6000,3175.0000,3190.0000,3190.2000,3190.6000,3191.2000,3198.2000,1,1,2,1,1,1,1,1,1,1
SF,IH2103,2020-09-11 09:31:30.500,3191.4000,5240,0,26775660.000,0,-,-,-,-,3186.8000,3186.6000,3186.0000,3178.6000,3175.0000,3189.8000,3190.0000,3190.2000,3190.6000,3198.2000,1,1,2,1,1,1,1,1,1,1
SF,IH2103,2020-09-11 09:31:31.000,3191.4000,5240,0,26775660.000,0,-,-,-,-,3187.0000,3186.8000,3186.0000,3178.6000,3175.0000,3189.6000,3189.8000,3190.2000,3190.6000,3198.2000,1,1,2,1,1,1,2,1,1,1
SF,IH2103,2020-09-11 09:31:31.500,3191.4000,5240,0,26775660.000,0,-,-,-,-,3187.0000,3186.0000,3178.6000,3175.0000,3170.2000,3189.6000,3189.8000,3190.2000,3190.6000,3198.2000,1,2,1,1,1,1,2,1,1,1
SF,IH2103,2020-09-11 09:31:32.000,3191.4000,5240,0,26775660.000,0,-,-,-,-,3187.0000,3186.0000,3178.6000,3175.0000,3170.2000,3189.6000,3189.8000,3190.6000,3198.2000,3199.6000,1,2,1,1,1,1,2,1,1,1
SF,IH2103,2020-09-11 09:31:32.500,3191.4000,5240,0,26775660.000,0,-,-,-,-,3187.4000,3187.0000,3186.0000,3178.6000,3175.0000,3189.8000,3190.6000,3198.2000,3199.6000,3199.8000,1,1,2,1,1,1,1,1,1,5
SF,IH2103,2020-09-11 09:31:33.000,3189.8000,5239,-1,27732600.000,1,0,1,双平,S,3187.6000,3187.4000,3186.0000,3178.6000,3175.0000,3190.6000,3198.2000,3199.6000,3199.8000,3205.0000,1,1,2,1,1,1,1,1,5,1
SF,IH2103,2020-09-11 09:31:33.500,3189.8000,5239,0,27732600.000,0,-,-,-,-,3188.2000,3187.8000,3187.6000,3186.0000,3178.6000,3198.2000,3199.6000,3199.8000,3205.0000,3206.6000,1,1,1,2,1,1,1,5,1,1
SF,IH2103,2020-09-11 09:31:34.000,3189.8000,5239,0,27732600.000,0,-,-,-,-,3188.6000,3188.4000,3188.2000,3187.8000,3186.0000,3192.4000,3192.8000,3197.6000,3198.0000,3198.2000,1,1,1,1,2,1,1,4,4,1
SF,IH2103,2020-09-11 09:31:34.500,3189.8000,5239,0,27732600.000,0,-,-,-,-,3188.8000,3188.6000,3187.8000,3186.0000,3178.6000,3192.2000,3192.8000,3197.6000,3198.0000,3198.2000,2,1,1,2,1,1,1,4,1,1
SF,IH2103,2020-09-11 09:31:35.000,3189.8000,5239,0,27732600.000,0,-,-,-,-,3188.6000,3187.8000,3186.0000,3178.6000,3175.0000,3191.8000,3192.2000,3192.4000,3192.8000,3197.6000,1,1,2,1,1,1,1,1,1,4
SF,IH2103,2020-09-11 09:31:35.500,3189.8000,5239,0,27732600.000,0,-,-,-,-,3186.0000,3183.4000,3178.6000,3175.0000,3170.2000,3191.6000,3191.8000,3192.2000,3192.8000,3197.6000,2,1,1,1,1,2,1,1,1,4
SF,IH2103,2020-09-11 09:31:36.000,3189.8000,5239,0,27732600.000,0,-,-,-,-,3186.6000,3186.2000,3186.0000,3183.4000,3178.6000,3191.6000,3191.8000,3192.2000,3192.8000,3197.6000,1,2,2,1,1,2,1,1,1,4
SF,IH2103,2020-09-11 09:31:36.500,3189.8000,5239,0,27732600.000,0,-,-,-,-,3187.0000,3186.8000,3186.6000,3186.2000,3186.0000,3191.6000,3191.8000,3192.2000,3192.8000,3197.6000,1,1,1,1,2,1,1,1,1,4
SF,IH2103,2020-09-11 09:31:37.000,3189.8000,5239,0,27732600.000,0,-,-,-,-,3187.6000,3187.2000,3187.0000,3186.2000,3183.4000,3191.2000,3191.6000,3191.8000,3192.2000,3192.8000,1,1,1,1,1,1,1,1,1,1
SF,IH2103,2020-09-11 09:31:37.500,3189.8000,5239,0,27732600.000,0,-,-,-,-,3187.8000,3187.6000,3187.0000,3183.4000,3178.6000,3191.0000,3191.2000,3192.2000,3192.8000,3197.6000,2,1,1,1,1,1,1,1,1,4
SF,IH2103,2020-09-11 09:31:38.000,3189.8000,5239,0,27732600.000,0,-,-,-,-,3188.4000,3187.8000,3187.0000,3183.4000,3178.6000,3191.0000,3191.2000,3192.2000,3192.8000,3197.6000,1,2,1,1,1,1,1,1,1,4
SF,IH2103,2020-09-11 09:31:38.500,3189.8000,5239,0,27732600.000,0,-,-,-,-,3188.6000,3188.4000,3187.8000,3183.4000,3178.6000,3191.0000,3191.2000,3192.8000,3197.6000,3199.6000,2,1,1,1,1,1,1,1,4,1
SF,IH2103,2020-09-11 09:31:39.000,3189.8000,5239,0,27732600.000,0,-,-,-,-,3188.6000,3188.4000,3187.8000,3183.4000,3178.6000,3190.8000,3191.0000,3192.8000,3197.6000,3199.6000,2,1,1,1,1,1,1,1,4,1
SF,IH2103,2020-09-11 09:31:39.500,3189.8000,5239,0,27732600.000,0,-,-,-,-,3188.6000,3188.4000,3187.8000,3183.4000,3178.6000,3190.6000,3190.8000,3192.8000,3197.6000,3199.6000,1,1,1,1,1,1,1,1,4,1
SF,IH2103,2020-09-11 09:31:40.000,3189.8000,5239,0,27732600.000,0,-,-,-,-,3188.6000,3188.4000,3187.8000,3183.4000,3178.6000,3190.6000,3190.8000,3192.8000,3197.6000,3199.6000,1,1,1,1,1,1,1,1,4,1
SF,IH2103,2020-09-11 09:31:41.000,3189.8000,5239,0,27732600.000,0,-,-,-,-,3188.6000,3188.4000,3187.8000,3183.4000,3178.6000,3190.4000,3190.6000,3192.8000,3197.6000,3199.6000,1,1,1,1,1,1,1,1,4,1
SF,IH2103,2020-09-11 09:31:42.000,3189.8000,5239,0,27732600.000,0,-,-,-,-,3188.6000,3188.4000,3187.8000,3183.4000,3178.6000,3190.6000,3191.4000,3192.8000,3197.6000,3199.6000,1,1,1,1,1,1,1,1,4,1
SF,IH2103,2020-09-11 09:31:42.500,3189.8000,5239,0,27732600.000,0,-,-,-,-,3188.8000,3188.6000,3187.8000,3183.4000,3175.0000,3190.6000,3191.4000,3192.8000,3197.6000,3199.6000,1,1,1,1,1,1,1,1,4,1
SF,IH2103,2020-09-11 09:31:43.000,3189.8000,5239,0,27732600.000,0,-,-,-,-,3189.0000,3188.8000,3187.8000,3183.4000,3175.0000,3191.4000,3192.8000,3197.6000,3199.6000,3199.8000,1,1,1,1,1,1,1,4,1,5
SF,IH2103,2020-09-11 09:31:43.500,3189.8000,5239,0,27732600.000,0,-,-,-,-,3189.0000,3188.8000,3187.8000,3183.4000,3175.0000,3191.4000,3192.8000,3197.6000,3199.6000,3199.8000,1,1,1,1,1,1,1,4,1,5
SF,IH2103,2020-09-11 09:31:44.000,3189.8000,5239,0,27732600.000,0,-,-,-,-,3189.0000,3188.8000,3187.8000,3183.4000,3175.0000,3191.2000,3192.4000,3192.8000,3199.6000,3199.8000,1,1,1,1,1,1,1,1,1,5
SF,IH2103,2020-09-11 09:31:44.500,3189.8000,5239,0,27732600.000,0,-,-,-,-,3189.0000,3188.8000,3187.8000,3183.4000,3175.0000,3190.2000,3191.2000,3192.4000,3192.8000,3199.6000,1,1,1,1,1,1,1,1,1,1
SF,IH2103,2020-09-11 09:31:45.000,3189.8000,5239,0,27732600.000,0,-,-,-,-,3189.0000,3187.8000,3183.4000,3175.0000,3170.2000,3190.2000,3191.2000,3192.4000,3192.8000,3199.6000,1,1,1,1,1,1,1,1,1,1
SF,IH2103,2020-09-11 09:31:45.500,3189.8000,5239,0,27732600.000,0,-,-,-,-,3183.4000,3175.0000,3170.2000,3170.0000,3166.6000,3190.2000,3191.2000,3192.4000,3192.8000,3199.6000,1,1,1,1,1,1,1,1,1,1
SF,IH2103,2020-09-11 09:31:46.000,3189.8000,5239,0,27732600.000,0,-,-,-,-,3185.0000,3184.0000,3183.8000,3183.6000,3183.4000,3189.0000,3190.0000,3190.2000,3192.4000,3192.8000,1,1,1,1,1,1,1,1,1,1
SF,IH2103,2020-09-11 09:31:46.500,3189.8000,5239,0,27732600.000,0,-,-,-,-,3185.6000,3185.4000,3185.2000,3185.0000,3183.4000,3189.0000,3190.0000,3192.4000,3192.8000,3195.0000,1,1,1,1,1,1,1,1,1,1
SF,IH2103,2020-09-11 09:31:47.000,3189.8000,5239,0,27732600.000,0,-,-,-,-,3186.2000,3185.8000,3185.6000,3185.4000,3185.0000,3189.0000,3190.0000,3192.4000,3192.8000,3195.0000,1,1,1,1,1,1,1,1,1,1
SF,IH2103,2020-09-11 09:31:47.500,3189.8000,5239,0,27732600.000,0,-,-,-,-,3186.8000,3186.4000,3186.2000,3185.4000,3185.0000,3189.0000,3190.0000,3192.4000,3192.8000,3195.0000,1,1,1,1,1,1,1,1,1,1
SF,IH2103,2020-09-11 09:31:48.000,3189.8000,5239,0,27732600.000,0,-,-,-,-,3187.0000,3186.8000,3186.2000,3185.4000,3183.4000,3189.0000,3190.0000,3192.4000,3192.8000,3195.0000,1,1,1,1,1,1,1,1,1,1
SF,IH2103,2020-09-11 09:31:48.500,3189.8000,5239,0,27732600.000,0,-,-,-,-,3187.0000,3186.8000,3186.2000,3185.4000,3183.4000,3188.6000,3189.0000,3190.0000,3192.8000,3195.0000,1,1,1,1,1,1,1,1,1,1
SF,IH2103,2020-09-11 09:31:49.000,3189.8000,5239,0,27732600.000,0,-,-,-,-,3187.2000,3187.0000,3186.2000,3185.4000,3183.4000,3188.6000,3189.0000,3190.0000,3192.8000,3195.0000,1,1,1,1,1,1,1,1,1,1
SF,IH2103,2020-09-11 09:31:49.500,3189.8000,5239,0,27732600.000,0,-,-,-,-,3187.2000,3187.0000,3186.2000,3185.4000,3183.4000,3188.6000,3189.0000,3190.0000,3195.0000,3197.4000,1,1,1,1,1,1,1,1,1,1
SF,IH2103,2020-09-11 09:31:50.000,3189.8000,5239,0,28689540.000,1,0,1,多换,S,3186.2000,3185.4000,3183.4000,3175.0000,3170.2000,3189.0000,3190.0000,3190.6000,3195.0000,3197.4000,1,1,1,1,1,1,1,1,1,1
SF,IH2103,2020-09-11 09:31:50.500,3189.8000,5239,0,28689540.000,0,-,-,-,-,3186.8000,3186.4000,3186.2000,3185.4000,3183.4000,3188.4000,3188.8000,3189.0000,3190.6000,3195.0000,1,1,1,1,1,1,1,1,1,1
SF,IH2103,2020-09-11 09:31:51.000,3189.8000,5239,0,28689540.000,0,-,-,-,-,3187.0000,3186.8000,3186.2000,3185.4000,3183.4000,3188.4000,3189.0000,3190.6000,3195.0000,3197.4000,1,1,1,1,1,1,1,1,1,1
SF,IH2103,2020-09-11 09:31:51.500,3189.8000,5239,0,28689540.000,0,-,-,-,-,3187.2000,3187.0000,3186.2000,3185.4000,3183.4000,3188.4000,3189.0000,3190.6000,3195.0000,3197.4000,1,1,1,1,1,1,1,1,1,1
SF,IH2103,2020-09-11 09:31:53.000,3188.4000,5238,-1,29646060.000,1,0,1,双平,S,3188.4000,3187.2000,3187.0000,3186.2000,3185.4000,3189.0000,3190.6000,3195.0000,3197.4000,3199.6000,2,1,1,1,1,1,1,1,1,1
SF,IH2103,2020-09-11 09:31:53.500,3188.4000,5238,0,29646060.000,0,-,-,-,-,3189.2000,3188.4000,3187.2000,3187.0000,3186.8000,3190.6000,3195.0000,3197.4000,3199.6000,3199.8000,1,2,1,1,1,1,1,1,1,5
SF,IH2103,2020-09-11 09:31:54.000,3188.4000,5238,0,29646060.000,0,-,-,-,-,3189.2000,3188.4000,3187.2000,3187.0000,3186.2000,3190.4000,3190.6000,3195.0000,3197.4000,3199.6000,1,2,1,1,1,1,1,1,1,1
SF,IH2103,2020-09-11 09:31:54.500,3189.2000,5237,-1,30602820.000,1,0,1,双平,S,3188.4000,3187.2000,3187.0000,3186.2000,3185.4000,3190.0000,3190.4000,3190.6000,3192.2000,3195.0000,2,1,1,1,1,1,1,1,1,1
SF,IH2103,2020-09-11 09:31:55.000,3189.2000,5237,0,30602820.000,0,-,-,-,-,3188.4000,3187.2000,3187.0000,3186.6000,3186.2000,3190.0000,3190.4000,3190.6000,3192.2000,3195.0000,2,1,1,1,1,1,1,1,1,1
SF,IH2103,2020-09-11 09:31:55.500,3189.2000,5237,0,30602820.000,0,-,-,-,-,3188.4000,3187.2000,3187.0000,3186.6000,3186.2000,3190.4000,3190.6000,3192.2000,3195.0000,3197.4000,2,1,1,1,1,1,1,1,1,1
SF,IH2103,2020-09-11 09:31:56.000,3187.2000,5234,-3,33472020.000,3,0,3,双平,S,3187.0000,3186.6000,3186.2000,3185.4000,3183.4000,3189.2000,3190.4000,3190.6000,3192.2000,3195.0000,1,1,1,1,1,1,1,1,1,1
SF,IH2103,2020-09-11 09:31:56.500,3187.2000,5234,0,33472020.000,0,-,-,-,-,3187.0000,3186.6000,3186.2000,3185.4000,3183.4000,3189.2000,3190.6000,3195.0000,3197.4000,3199.6000,1,1,1,1,1,1,1,1,1,1
SF,IH2103,2020-09-11 09:31:57.000,3189.2000,5233,-1,34428780.000,1,0,1,双平,S,3187.0000,3186.6000,3186.2000,3185.4000,3183.4000,3190.6000,3195.0000,3197.4000,3199.6000,3199.8000,1,1,1,1,1,1,1,1,1,5
SF,IH2103,2020-09-11 09:31:57.500,3189.2000,5233,0,34428780.000,0,-,-,-,-,3187.0000,3186.6000,3186.2000,3185.4000,3183.4000,3190.4000,3190.6000,3195.0000,3197.4000,3199.6000,1,1,1,1,1,1,1,1,1,1
SF,IH2103,2020-09-11 09:31:58.000,3189.2000,5233,0,34428780.000,0,-,-,-,-,3187.0000,3186.6000,3186.2000,3185.4000,3183.4000,3190.6000,3195.0000,3197.4000,3199.6000,3199.8000,1,1,1,1,1,1,1,1,2,5
SF,IH2103,2020-09-11 09:31:58.500,3189.2000,5233,0,34428780.000,0,-,-,-,-,3187.0000,3186.6000,3186.2000,3185.4000,3183.4000,3190.4000,3190.6000,3195.0000,3197.4000,3199.6000,1,1,1,1,1,1,1,1,1,2
SF,IH2103,2020-09-11 09:32:03.000,3190.4000,5232,-1,35385900.000,1,0,1,双平,S,3187.0000,3186.6000,3186.2000,3185.4000,3183.4000,3190.6000,3195.0000,3197.4000,3199.6000,3199.8000,1,1,1,1,1,1,1,1,2,5
SF,IH2103,2020-09-11 09:32:03.500,3190.6000,5231,-1,36343080.000,1,0,1,双平,S,3187.6000,3187.2000,3187.0000,3186.6000,3186.2000,3195.0000,3197.4000,3199.6000,3199.8000,3205.0000,1,1,1,1,1,1,1,2,5,1
SF,IH2103,2020-09-11 09:32:04.000,3190.6000,5231,0,36343080.000,0,-,-,-,-,3187.8000,3187.6000,3187.2000,3186.6000,3185.4000,3193.4000,3194.0000,3194.8000,3195.0000,3197.4000,2,1,2,1,1,3,3,1,1,1
SF,IH2103,2020-09-11 09:32:04.500,3190.6000,5231,0,36343080.000,0,-,-,-,-,3187.8000,3187.6000,3187.2000,3186.6000,3185.4000,3193.2000,3193.4000,3194.0000,3195.0000,3197.4000,2,1,2,1,1,1,3,3,1,1
SF,IH2103,2020-09-11 09:32:05.000,3190.6000,5231,0,36343080.000,0,-,-,-,-,3187.8000,3187.6000,3187.2000,3186.6000,3185.4000,3192.6000,3193.2000,3193.4000,3194.0000,3195.0000,2,1,1,1,1,1,1,3,3,1
SF,IH2103,2020-09-11 09:32:05.500,3190.6000,5231,0,36343080.000,0,-,-,-,-,3187.8000,3187.6000,3187.2000,3186.6000,3185.4000,3192.4000,3192.6000,3192.8000,3193.4000,3195.0000,2,1,1,1,1,1,1,1,3,1
SF,IH2103,2020-09-11 09:32:06.500,3190.6000,5231,0,36343080.000,0,-,-,-,-,3187.8000,3187.6000,3187.2000,3186.6000,3185.4000,3192.4000,3192.6000,3193.4000,3195.0000,3197.4000,2,1,1,1,1,1,1,3,1,1
SF,IH2103,2020-09-11 09:32:07.500,3190.6000,5231,0,36343080.000,0,-,-,-,-,3187.8000,3187.6000,3187.2000,3186.6000,3185.4000,3192.4000,3193.4000,3195.0000,3197.4000,3199.6000,2,1,1,1,1,1,3,1,1,1
SF,IH2103,2020-09-11 09:32:08.000,3190.6000,5231,0,36343080.000,0,-,-,-,-,3187.8000,3187.6000,3187.2000,3186.6000,3185.4000,3193.4000,3195.0000,3197.4000,3199.6000,3199.8000,2,1,1,2,1,3,1,1,1,5
SF,IH2103,2020-09-11 09:32:08.500,3190.6000,5231,0,36343080.000,0,-,-,-,-,3187.8000,3187.6000,3187.2000,3186.6000,3185.4000,3193.2000,3195.0000,3197.4000,3199.6000,3199.8000,2,1,1,2,1,1,1,1,1,5
SF,IH2103,2020-09-11 09:32:11.500,3190.6000,5231,0,36343080.000,0,-,-,-,-,3187.8000,3187.6000,3187.2000,3186.6000,3185.4000,3192.6000,3192.8000,3193.2000,3195.0000,3197.4000,2,1,1,2,1,4,1,1,1,1
SF,IH2103,2020-09-11 09:32:12.000,3190.6000,5231,0,36343080.000,0,-,-,-,-,3187.8000,3187.6000,3187.2000,3186.6000,3185.4000,3192.4000,3192.6000,3192.8000,3195.0000,3197.4000,2,1,1,2,1,1,4,1,1,1
SF,IH2103,2020-09-11 09:32:12.500,3190.6000,5231,0,36343080.000,0,-,-,-,-,3187.8000,3187.2000,3186.6000,3185.4000,3175.0000,3192.4000,3192.6000,3192.8000,3195.0000,3197.4000,2,1,2,1,1,1,4,1,1,1
SF,IH2103,2020-09-11 09:32:13.000,3190.6000,5231,0,36343080.000,0,-,-,-,-,3187.8000,3187.2000,3186.6000,3185.4000,3175.0000,3192.4000,3192.6000,3195.0000,3197.4000,3199.6000,2,1,2,1,1,1,4,1,1,1
SF,IH2103,2020-09-11 09:32:15.500,3190.6000,5231,0,36343080.000,0,-,-,-,-,3187.8000,3187.2000,3186.6000,3185.4000,3175.0000,3191.8000,3192.4000,3192.6000,3195.0000,3197.4000,2,1,2,1,1,1,1,1,1,1
SF,IH2103,2020-09-11 09:32:16.000,3190.6000,5231,0,36343080.000,0,-,-,-,-,3187.8000,3187.2000,3186.6000,3185.4000,3183.8000,3191.6000,3191.8000,3192.6000,3195.0000,3197.4000,1,1,1,1,1,1,1,1,1,1
SF,IH2103,2020-09-11 09:32:17.000,3190.6000,5231,0,36343080.000,0,-,-,-,-,3187.8000,3186.6000,3185.4000,3183.8000,3175.0000,3191.6000,3191.8000,3192.6000,3195.0000,3197.4000,1,1,1,1,1,1,1,1,1,1
SF,IH2103,2020-09-11 09:32:17.500,3190.6000,5231,0,36343080.000,0,-,-,-,-,3187.8000,3186.6000,3185.4000,3183.8000,3175.0000,3191.6000,3192.6000,3195.0000,3197.4000,3199.6000,1,1,1,1,1,1,1,1,1,1
SF,IH2103,2020-09-11 09:32:18.000,3190.6000,5231,0,36343080.000,0,-,-,-,-,3187.8000,3186.6000,3185.4000,3183.8000,3175.0000,3191.6000,3192.6000,3195.0000,3197.4000,3199.6000,1,1,1,1,1,1,1,1,1,1
SF,IH2103,2020-09-11 09:32:18.500,3190.6000,5231,0,36343080.000,0,-,-,-,-,3187.8000,3186.6000,3185.4000,3183.8000,3175.0000,3191.6000,3192.6000,3195.0000,3197.4000,3199.6000,1,1,1,1,1,1,1,1,1,1
SF,IH2103,2020-09-11 09:32:19.500,3190.6000,5231,0,36343080.000,0,-,-,-,-,3187.8000,3186.6000,3185.4000,3183.8000,3175.0000,3191.6000,3192.6000,3195.0000,3197.4000,3199.6000,1,1,1,1,1,1,1,1,1,1
SF,IH2103,2020-09-11 09:32:20.000,3190.6000,5231,0,36343080.000,0,-,-,-,-,3187.8000,3186.6000,3185.4000,3183.8000,3175.0000,3191.6000,3192.6000,3195.0000,3197.4000,3199.6000,1,1,1,1,1,1,1,1,1,1
SF,IH2103,2020-09-11 09:32:20.500,3190.6000,5231,0,36343080.000,0,-,-,-,-,3187.8000,3186.6000,3185.4000,3183.8000,3175.0000,3191.0000,3191.2000,3191.6000,3195.0000,3197.4000,1,1,1,1,1,1,1,1,1,1
SF,IH2103,2020-09-11 09:32:21.000,3187.8000,5230,-1,37299420.000,1,0,1,双平,S,3190.6000,3186.6000,3185.4000,3183.8000,3175.0000,3190.8000,3191.0000,3191.2000,3195.0000,3197.4000,1,1,1,1,1,1,1,1,1,1
SF,IH2103,2020-09-11 09:32:21.500,3187.8000,5230,0,38255760.000,1,0,1,多换,S,3185.4000,3183.8000,3175.0000,3170.2000,3170.0000,3188.6000,3190.6000,3191.0000,3191.2000,3195.0000,1,1,1,1,1,2,1,1,1,1
SF,IH2103,2020-09-11 09:32:22.000,3187.8000,5230,0,38255760.000,0,-,-,-,-,3185.6000,3185.4000,3183.8000,3175.0000,3170.2000,3188.6000,3190.2000,3190.6000,3191.0000,3191.2000,1,1,1,1,1,2,3,1,1,1
SF,IH2103,2020-09-11 09:32:22.500,3187.8000,5230,0,38255760.000,0,-,-,-,-,3186.2000,3185.6000,3185.4000,3183.8000,3175.0000,3188.6000,3190.2000,3190.6000,3191.0000,3191.2000,1,1,1,1,1,2,3,1,1,1
SF,IH2103,2020-09-11 09:32:23.000,3187.8000,5230,0,38255760.000,0,-,-,-,-,3186.4000,3186.2000,3185.4000,3183.8000,3175.0000,3188.6000,3190.6000,3191.0000,3191.2000,3195.0000,1,1,1,1,1,2,1,1,1,1
SF,IH2103,2020-09-11 09:32:24.500,3187.8000,5230,0,38255760.000,0,-,-,-,-,3187.0000,3186.6000,3186.4000,3186.2000,3183.8000,3190.6000,3191.2000,3195.0000,3197.4000,3199.6000,1,1,1,1,1,1,1,1,1,1
SF,IH2103,2020-09-11 09:32:25.000,3187.8000,5230,0,38255760.000,0,-,-,-,-,3188.6000,3187.2000,3187.0000,3186.6000,3186.2000,3190.4000,3190.6000,3191.2000,3195.0000,3197.4000,1,1,1,1,1,1,1,1,1,1
SF,IH2103,2020-09-11 09:32:26.000,3187.8000,5230,0,38255760.000,0,-,-,-,-,3188.6000,3187.2000,3187.0000,3186.2000,3183.8000,3190.4000,3190.6000,3191.2000,3195.0000,3197.4000,1,1,1,1,1,1,1,1,1,1
SF,IH2103,2020-09-11 09:32:26.500,3187.8000,5230,0,38255760.000,0,-,-,-,-,3188.8000,3188.6000,3187.0000,3186.6000,3186.2000,3190.6000,3191.2000,3195.0000,3197.4000,3199.6000,1,1,1,1,1,1,1,1,1,1
SF,IH2103,2020-09-11 09:32:27.000,3187.8000,5230,0,38255760.000,0,-,-,-,-,3188.8000,3188.6000,3187.0000,3186.6000,3186.2000,3190.6000,3191.2000,3195.0000,3197.4000,3199.6000,1,1,1,1,1,1,1,1,1,1
SF,IH2103,2020-09-11 09:32:27.500,3187.8000,5230,0,38255760.000,0,-,-,-,-,3188.6000,3187.0000,3186.6000,3186.2000,3183.8000,3188.8000,3190.4000,3190.6000,3191.2000,3195.0000,1,1,1,1,1,1,1,1,1,1
SF,IH2103,2020-09-11 09:32:28.000,3188.6000,5229,-1,39212340.000,1,0,1,双平,S,3187.0000,3186.6000,3186.2000,3183.8000,3175.0000,3188.6000,3188.8000,3190.4000,3190.6000,3191.2000,1,1,1,1,1,2,1,1,1,1
SF,IH2103,2020-09-11 09:32:28.500,3188.6000,5229,0,39212340.000,0,-,-,-,-,3187.2000,3186.6000,3186.2000,3183.8000,3175.0000,3188.6000,3188.8000,3190.4000,3190.6000,3191.2000,1,1,1,1,1,2,1,1,2,1
SF,IH2103,2020-09-11 09:32:29.000,3188.6000,5229,0,39212340.000,0,-,-,-,-,3188.6000,3187.2000,3186.6000,3186.2000,3183.8000,3188.8000,3190.4000,3190.6000,3191.2000,3195.0000,1,1,1,1,1,1,1,2,1,1
SF,IH2103,2020-09-11 09:32:29.500,3188.8000,5228,-1,40168980.000,1,0,1,双平,S,3188.8000,3188.6000,3187.2000,3186.6000,3186.2000,3190.4000,3190.6000,3191.2000,3195.0000,3197.4000,1,1,1,1,1,1,2,1,1,1
SF,IH2103,2020-09-11 09:32:30.000,3188.8000,5228,0,40168980.000,0,-,-,-,-,3188.8000,3188.6000,3187.2000,3186.6000,3186.2000,3190.4000,3190.6000,3191.2000,3192.2000,3195.0000,1,1,1,1,1,1,2,1,1,1
SF,IH2103,2020-09-11 09:32:31.500,3188.8000,5228,0,40168980.000,0,-,-,-,-,3188.6000,3187.2000,3186.6000,3186.2000,3183.8000,3190.4000,3190.6000,3191.2000,3192.2000,3195.0000,1,1,1,1,1,1,2,1,1,1
SF,IH2103,2020-09-11 09:32:32.000,3188.8000,5228,0,40168980.000,0,-,-,-,-,3187.2000,3186.6000,3186.2000,3183.8000,3175.0000,3190.4000,3190.6000,3191.2000,3192.2000,3195.0000,1,1,1,1,1,1,2,1,1,1
SF,IH2103,2020-09-11 09:32:32.500,3188.8000,5228,0,40168980.000,0,-,-,-,-,3187.2000,3186.6000,3186.2000,3183.8000,3175.0000,3190.4000,3190.6000,3191.2000,3192.2000,3195.0000,1,1,1,1,1,1,2,1,1,1
SF,IH2103,2020-09-11 09:32:33.500,3188.8000,5228,0,40168980.000,0,-,-,-,-,3187.6000,3187.2000,3186.6000,3186.2000,3183.8000,3190.4000,3190.6000,3191.2000,3192.2000,3195.0000,1,1,1,1,1,1,2,1,1,1
SF,IH2103,2020-09-11 09:32:34.000,3188.8000,5228,0,40168980.000,0,-,-,-,-,3187.8000,3186.6000,3186.2000,3183.8000,3175.0000,3190.4000,3190.6000,3191.2000,3192.2000,3195.0000,1,1,1,1,1,1,2,1,1,1
SF,IH2103,2020-09-11 09:32:45.500,3188.8000,5228,0,40168980.000,0,-,-,-,-,3187.8000,3186.6000,3186.2000,3183.8000,3175.0000,3190.2000,3190.4000,3190.6000,3191.2000,3192.2000,1,1,1,1,1,1,1,2,1,1
SF,IH2103,2020-09-11 09:32:46.000,3188.8000,5228,0,40168980.000,0,-,-,-,-,3187.8000,3186.6000,3186.2000,3183.8000,3175.0000,3190.2000,3190.4000,3190.6000,3191.2000,3192.2000,1,1,1,1,1,1,1,2,1,1
SF,IH2103,2020-09-11 09:32:46.500,3188.8000,5228,0,40168980.000,0,-,-,-,-,3187.8000,3186.6000,3186.2000,3183.8000,3175.0000,3190.2000,3190.4000,3190.6000,3191.2000,3192.2000,1,1,1,1,1,1,1,2,1,1
SF,IH2103,2020-09-11 09:32:47.000,3188.8000,5228,0,40168980.000,0,-,-,-,-,3187.8000,3186.6000,3186.2000,3183.8000,3175.0000,3190.0000,3190.2000,3190.6000,3191.2000,3192.2000,1,1,1,1,1,1,1,2,1,1
SF,IH2103,2020-09-11 09:32:47.500,3190.2000,5227,-1,42083040.000,2,0,2,多平,S,3187.8000,3186.6000,3186.2000,3183.8000,3175.0000,3190.6000,3191.2000,3192.2000,3195.0000,3197.4000,1,1,1,1,1,2,1,1,1,1
SF,IH2103,2020-09-11 09:32:48.000,3190.2000,5227,0,42083040.000,0,-,-,-,-,3190.2000,3188.2000,3187.8000,3186.6000,3186.2000,3190.6000,3191.2000,3192.2000,3195.0000,3197.4000,1,1,1,1,1,1,1,1,1,1
SF,IH2103,2020-09-11 09:32:48.500,3190.2000,5227,0,42083040.000,0,-,-,-,-,3190.2000,3187.8000,3186.2000,3183.8000,3175.0000,3191.2000,3192.2000,3195.0000,3197.4000,3199.6000,1,1,1,1,1,1,1,1,1,1
SF,IH2103,2020-09-11 09:32:49.000,3190.2000,5227,0,42083040.000,0,-,-,-,-,3190.6000,3190.2000,3187.8000,3186.2000,3183.8000,3191.2000,3192.2000,3195.0000,3197.4000,3199.6000,2,1,1,1,1,1,1,1,1,1
SF,IH2103,2020-09-11 09:32:49.500,3190.2000,5227,0,42083040.000,0,-,-,-,-,3190.2000,3187.8000,3186.2000,3183.8000,3175.0000,3190.4000,3190.6000,3191.2000,3192.2000,3195.0000,1,1,1,1,1,1,1,1,1,1
SF,IH2103,2020-09-11 09:32:50.000,3190.2000,5227,0,43040100.000,1,0,1,多换,S,3187.8000,3186.8000,3186.2000,3175.0000,3170.2000,3190.0000,3190.2000,3190.4000,3190.6000,3191.2000,1,1,1,1,1,1,1,1,1,1
SF,IH2103,2020-09-11 09:32:50.500,3190.2000,5227,0,43040100.000,0,-,-,-,-,3188.0000,3187.8000,3186.8000,3186.2000,3175.0000,3190.0000,3190.2000,3190.4000,3190.6000,3191.2000,1,1,1,1,1,1,1,1,1,1
SF,IH2103,2020-09-11 09:32:51.000,3190.2000,5227,0,43040100.000,0,-,-,-,-,3188.2000,3188.0000,3186.8000,3186.2000,3175.0000,3190.0000,3190.2000,3190.4000,3190.6000,3191.2000,1,1,1,1,1,1,1,1,1,1
SF,IH2103,2020-09-11 09:32:51.500,3190.2000,5227,0,43040100.000,0,-,-,-,-,3188.2000,3188.0000,3186.8000,3186.2000,3175.0000,3190.0000,3190.2000,3190.4000,3190.6000,3191.2000,1,1,1,1,1,1,1,1,1,1
SF,IH2103,2020-09-11 09:32:52.000,3190.2000,5227,0,43040100.000,0,-,-,-,-,3188.2000,3188.0000,3186.8000,3186.2000,3175.0000,3190.0000,3190.2000,3190.4000,3190.6000,3191.2000,1,1,1,1,1,1,1,1,1,1
SF,IH2103,2020-09-11 09:32:52.500,3190.2000,5227,0,43040100.000,0,-,-,-,-,3190.2000,3190.0000,3188.4000,3188.2000,3186.8000,3190.4000,3190.6000,3191.2000,3192.2000,3195.0000,1,1,1,1,1,1,1,1,1,1
SF,IH2103,2020-09-11 09:32:53.000,3190.2000,5227,0,43040100.000,0,-,-,-,-,3190.4000,3190.2000,3190.0000,3188.4000,3188.2000,3191.2000,3192.2000,3195.0000,3199.6000,3199.8000,1,1,1,1,1,1,1,1,1,5
SF,IH2103,2020-09-11 09:32:53.500,3191.2000,5226,-1,43997460.000,1,0,1,双平,S,3190.6000,3190.4000,3190.0000,3188.4000,3188.2000,3192.2000,3195.0000,3199.6000,3199.8000,3202.4000,1,1,1,1,1,1,1,1,5,1
SF,IH2103,2020-09-11 09:32:54.000,3191.2000,5226,0,43997460.000,0,-,-,-,-,3190.6000,3190.4000,3190.0000,3188.4000,3186.8000,3192.2000,3195.0000,3199.6000,3199.8000,3202.4000,1,1,1,1,1,1,1,1,5,1
SF,IH2103,2020-09-11 09:32:54.500,3191.2000,5226,0,43997460.000,0,-,-,-,-,3190.6000,3190.4000,3190.0000,3188.8000,3188.4000,3192.2000,3195.0000,3199.6000,3199.8000,3202.4000,1,1,1,1,1,1,1,1,5,1
SF,IH2103,2020-09-11 09:32:55.000,3192.2000,5226,0,44955120.000,1,0,1,多换,S,3190.6000,3190.4000,3190.0000,3188.8000,3188.4000,3195.0000,3199.6000,3199.8000,3202.4000,3205.0000,1,1,1,1,1,1,1,5,1,1
SF,IH2103,2020-09-11 09:32:55.500,3192.2000,5226,0,44955120.000,0,-,-,-,-,3190.8000,3190.6000,3190.4000,3190.0000,3188.8000,3194.8000,3195.0000,3199.6000,3199.8000,3202.4000,2,1,1,1,1,1,1,1,5,1
SF,IH2103,2020-09-11 09:32:56.000,3192.2000,5226,0,44955120.000,0,-,-,-,-,3190.8000,3190.6000,3190.4000,3190.0000,3188.8000,3194.2000,3194.8000,3195.0000,3199.6000,3199.8000,2,1,1,1,1,1,1,1,1,5
SF,IH2103,2020-09-11 09:32:56.500,3192.2000,5226,0,44955120.000,0,-,-,-,-,3190.8000,3190.6000,3190.4000,3190.0000,3188.8000,3194.0000,3194.2000,3195.0000,3199.6000,3199.8000,2,1,1,1,1,1,1,1,1,5
SF,IH2103,2020-09-11 09:32:58.500,3192.2000,5226,0,44955120.000,0,-,-,-,-,3190.8000,3190.6000,3190.4000,3190.0000,3188.8000,3194.0000,3194.2000,3195.0000,3199.6000,3199.8000,1,1,1,1,1,1,1,1,1,5
SF,IH2103,2020-09-11 09:32:59.000,3190.8000,5225,-1,45912360.000,1,0,1,双平,S,3190.4000,3190.0000,3188.8000,3188.4000,3186.8000,3194.0000,3194.2000,3195.0000,3199.6000,3199.8000,1,1,1,1,1,1,1,1,1,5
SF,IH2103,2020-09-11 09:32:59.500,3190.8000,5225,0,45912360.000,0,-,-,-,-,3190.4000,3190.0000,3188.8000,3188.4000,3186.8000,3194.0000,3194.2000,3195.0000,3199.6000,3199.8000,1,1,1,1,1,1,1,1,1,5
SF,IH2103,2020-09-11 09:33:00.500,3190.8000,5225,0,45912360.000,0,-,-,-,-,3190.4000,3190.0000,3188.8000,3188.4000,3186.8000,3194.0000,3194.2000,3195.0000,3199.6000,3199.8000,1,1,1,1,1,1,1,1,1,5
SF,IH2103,2020-09-11 09:33:01.000,3190.8000,5225,0,45912360.000,0,-,-,-,-,3190.6000,3190.4000,3190.0000,3188.8000,3188.4000,3193.2000,3194.0000,3194.2000,3195.0000,3199.6000,1,1,1,1,1,1,1,1,1,1
SF,IH2103,2020-09-11 09:33:01.500,3190.8000,5225,0,45912360.000,0,-,-,-,-,3190.6000,3190.4000,3190.0000,3188.8000,3188.4000,3192.6000,3193.0000,3195.0000,3199.6000,3199.8000,1,1,1,1,1,1,1,1,1,5
SF,IH2103,2020-09-11 09:33:02.000,3190.8000,5225,0,45912360.000,0,-,-,-,-,3190.6000,3190.4000,3190.0000,3188.8000,3188.4000,3192.4000,3195.0000,3199.6000,3199.8000,3202.4000,1,1,1,1,1,1,1,1,5,1
SF,IH2103,2020-09-11 09:33:02.500,3190.8000,5225,0,45912360.000,0,-,-,-,-,3190.4000,3190.0000,3188.8000,3188.4000,3186.2000,3192.4000,3195.0000,3199.6000,3199.8000,3202.4000,1,1,1,1,1,1,1,1,5,1
SF,IH2103,2020-09-11 09:33:03.500,3190.8000,5225,0,45912360.000,0,-,-,-,-,3190.4000,3190.0000,3188.8000,3188.4000,3186.2000,3192.4000,3195.0000,3199.6000,3199.8000,3202.4000,1,2,1,1,1,1,1,1,5,1
SF,IH2103,2020-09-11 09:33:04.500,3190.8000,5225,0,45912360.000,0,-,-,-,-,3190.6000,3190.4000,3190.0000,3188.8000,3186.2000,3192.4000,3195.0000,3199.6000,3199.8000,3202.4000,1,1,2,1,1,1,1,1,5,1
SF,IH2103,2020-09-11 09:33:05.000,3190.8000,5225,0,45912360.000,0,-,-,-,-,3190.4000,3190.0000,3188.8000,3186.2000,3184.8000,3192.4000,3195.0000,3199.6000,3199.8000,3202.4000,1,2,1,1,1,1,1,1,5,1
SF,IH2103,2020-09-11 09:33:06.000,3190.8000,5225,0,45912360.000,0,-,-,-,-,3190.6000,3190.4000,3190.0000,3188.8000,3186.2000,3192.4000,3195.0000,3199.6000,3199.8000,3202.4000,1,1,2,1,1,1,1,1,5,1
SF,IH2103,2020-09-11 09:33:06.500,3190.8000,5225,0,45912360.000,0,-,-,-,-,3191.0000,3190.4000,3190.0000,3188.8000,3186.2000,3192.4000,3195.0000,3199.6000,3199.8000,3202.4000,1,1,2,1,1,1,1,1,5,1
SF,IH2103,2020-09-11 09:33:07.000,3190.8000,5225,0,45912360.000,0,-,-,-,-,3191.2000,3190.4000,3190.0000,3188.8000,3186.2000,3192.4000,3195.0000,3199.6000,3199.8000,3202.4000,1,1,2,1,1,1,1,1,5,1
SF,IH2103,2020-09-11 09:33:07.500,3192.4000,5224,-1,46870080.000,1,0,1,双平,S,3190.4000,3190.0000,3186.2000,3184.8000,3175.0000,3195.0000,3199.6000,3199.8000,3202.4000,3205.0000,1,2,1,1,1,1,1,5,1,1
SF,IH2103,2020-09-11 09:33:08.000,3192.4000,5224,0,46870080.000,0,-,-,-,-,3192.4000,3191.0000,3190.6000,3190.4000,3190.0000,3193.8000,3194.8000,3195.0000,3199.6000,3199.8000,1,1,1,1,2,1,1,1,1,5
SF,IH2103,2020-09-11 09:33:08.500,3192.4000,5224,0,46870080.000,0,-,-,-,-,3192.4000,3191.0000,3190.6000,3190.4000,3190.0000,3193.8000,3194.8000,3195.0000,3199.6000,3199.8000,1,1,1,1,1,1,1,1,1,5
SF,IH2103,2020-09-11 09:33:09.500,3192.4000,5224,0,46870080.000,0,-,-,-,-,3192.4000,3191.0000,3190.6000,3190.4000,3190.0000,3193.8000,3194.8000,3195.0000,3199.6000,3199.8000,1,1,1,1,1,1,1,1,1,5
SF,IH2103,2020-09-11 09:33:10.500,3192.4000,5224,0,46870080.000,0,-,-,-,-,3192.6000,3192.4000,3190.6000,3190.4000,3190.0000,3193.8000,3194.8000,3195.0000,3199.6000,3199.8000,1,1,1,1,1,1,1,1,1,5
SF,IH2103,2020-09-11 09:33:11.000,3192.4000,5224,0,46870080.000,0,-,-,-,-,3192.8000,3192.4000,3190.6000,3190.4000,3190.0000,3193.8000,3194.8000,3195.0000,3199.6000,3199.8000,1,1,1,1,1,1,1,1,1,5
SF,IH2103,2020-09-11 09:33:11.500,3192.4000,5224,0,46870080.000,0,-,-,-,-,3192.8000,3192.4000,3190.6000,3190.0000,3188.0000,3193.8000,3194.8000,3195.0000,3199.6000,3199.8000,1,1,1,1,1,1,1,1,1,5
SF,IH2103,2020-09-11 09:33:12.000,3193.8000,5223,-1,47828220.000,1,0,1,双平,S,3193.8000,3193.2000,3192.4000,3191.2000,3190.6000,3194.8000,3195.0000,3199.6000,3199.8000,3202.4000,1,1,1,1,1,1,1,1,5,1
SF,IH2103,2020-09-11 09:33:12.500,3193.8000,5223,0,47828220.000,0,-,-,-,-,3194.0000,3193.8000,3192.4000,3190.6000,3190.0000,3195.0000,3199.6000,3199.8000,3202.4000,3205.0000,1,1,1,1,1,1,1,5,1,1
SF,IH2103,2020-09-11 09:33:13.000,3193.8000,5223,0,48786360.000,1,0,1,多换,S,3193.8000,3192.4000,3190.6000,3190.0000,3188.0000,3195.0000,3199.6000,3199.8000,3202.4000,3205.0000,1,1,1,1,1,1,1,5,1,1
SF,IH2103,2020-09-11 09:33:13.500,3195.0000,5222,-1,49744860.000,1,0,1,双平,S,3194.0000,3193.8000,3192.4000,3190.0000,3188.0000,3199.6000,3199.8000,3202.4000,3205.0000,3206.6000,2,1,1,1,1,1,5,1,1,1
SF,IH2103,2020-09-11 09:33:14.000,3195.0000,5222,0,49744860.000,0,-,-,-,-,3194.0000,3193.8000,3192.4000,3190.0000,3188.0000,3198.0000,3199.0000,3199.4000,3199.6000,3199.8000,2,1,1,1,1,1,1,1,1,5
SF,IH2103,2020-09-11 09:33:14.500,3195.0000,5222,0,49744860.000,0,-,-,-,-,3194.0000,3193.8000,3192.4000,3190.0000,3188.0000,3197.4000,3197.8000,3198.0000,3199.6000,3199.8000,2,1,1,1,1,1,1,1,1,5
SF,IH2103,2020-09-11 09:33:15.000,3197.2000,5221,-1,50704020.000,1,0,1,双平,S,3194.0000,3193.8000,3192.4000,3190.0000,3188.0000,3197.4000,3198.0000,3199.6000,3199.8000,3202.4000,2,1,1,1,1,1,1,1,5,1
SF,IH2103,2020-09-11 09:33:15.500,3197.2000,5221,0,50704020.000,0,-,-,-,-,3194.0000,3193.8000,3192.4000,3190.0000,3188.0000,3197.2000,3197.4000,3198.0000,3199.6000,3199.8000,2,1,1,1,1,1,1,1,1,5
SF,IH2103,2020-09-11 09:33:16.000,3197.2000,5221,0,50704020.000,0,-,-,-,-,3194.0000,3193.8000,3192.4000,3190.0000,3188.0000,3196.8000,3197.2000,3197.4000,3198.0000,3199.6000,2,1,1,1,1,3,1,1,1,1
SF,IH2103,2020-09-11 09:33:16.500,3197.2000,5221,0,50704020.000,0,-,-,-,-,3194.0000,3193.8000,3192.4000,3190.0000,3188.0000,3196.8000,3197.2000,3197.4000,3198.0000,3199.6000,1,1,1,1,1,3,1,1,1,1
SF,IH2103,2020-09-11 09:33:17.000,3197.2000,5221,0,50704020.000,0,-,-,-,-,3194.0000,3193.8000,3192.4000,3190.0000,3188.0000,3196.8000,3197.2000,3197.4000,3198.0000,3199.6000,1,1,1,1,1,3,1,1,1,1
SF,IH2103,2020-09-11 09:33:17.500,3197.2000,5221,0,50704020.000,0,-,-,-,-,3194.0000,3193.8000,3192.4000,3188.0000,3186.2000,3196.6000,3196.8000,3197.4000,3198.0000,3199.6000,1,1,1,1,1,1,3,1,1,1
SF,IH2103,2020-09-11 09:33:18.000,3194.0000,5220,-1,51662220.000,1,0,1,双平,S,3192.4000,3188.0000,3186.2000,3175.0000,3170.2000,3196.6000,3196.8000,3197.4000,3198.0000,3199.6000,1,1,1,1,1,1,3,1,1,1
SF,IH2103,2020-09-11 09:33:18.500,3194.0000,5220,0,51662220.000,0,-,-,-,-,3192.6000,3192.4000,3188.0000,3186.2000,3175.0000,3196.6000,3196.8000,3197.4000,3198.0000,3199.6000,1,1,1,1,1,1,3,1,1,1
SF,IH2103,2020-09-11 09:33:19.000,3194.0000,5220,0,51662220.000,0,-,-,-,-,3192.6000,3192.4000,3188.0000,3186.2000,3175.0000,3196.6000,3196.8000,3197.4000,3198.0000,3199.6000,1,1,1,1,1,1,3,1,1,1
SF,IH2103,2020-09-11 09:33:19.500,3194.0000,5220,0,51662220.000,0,-,-,-,-,3192.4000,3188.0000,3186.2000,3175.0000,3170.2000,3196.6000,3197.4000,3198.0000,3199.6000,3199.8000,1,1,1,1,1,1,1,1,1,5
SF,IH2103,2020-09-11 09:33:20.000,3194.0000,5220,0,51662220.000,0,-,-,-,-,3192.6000,3192.4000,3188.0000,3186.2000,3175.0000,3196.0000,3196.6000,3197.4000,3198.0000,3199.6000,1,1,1,1,1,1,1,1,1,1
SF,IH2103,2020-09-11 09:33:20.500,3194.0000,5220,0,51662220.000,0,-,-,-,-,3192.6000,3192.4000,3188.0000,3186.2000,3175.0000,3195.8000,3196.0000,3196.2000,3198.0000,3199.6000,1,1,2,1,1,2,1,4,1,1
SF,IH2103,2020-09-11 09:33:21.500,3194.0000,5220,0,51662220.000,0,-,-,-,-,3192.6000,3192.4000,3188.0000,3186.2000,3175.0000,3195.8000,3196.2000,3198.0000,3198.8000,3199.6000,1,1,2,1,1,2,3,1,1,1
SF,IH2103,2020-09-11 09:33:22.000,3194.0000,5220,0,51662220.000,0,-,-,-,-,3192.6000,3192.4000,3188.0000,3186.2000,3175.0000,3195.8000,3198.0000,3198.8000,3199.6000,3199.8000,1,1,2,1,1,2,1,1,1,5
SF,IH2103,2020-09-11 09:33:22.500,3194.0000,5220,0,51662220.000,0,-,-,-,-,3192.6000,3192.4000,3188.0000,3186.2000,3175.0000,3195.8000,3198.0000,3199.6000,3199.8000,3203.4000,1,1,2,1,1,2,1,1,5,1
SF,IH2103,2020-09-11 09:33:23.000,3194.0000,5220,0,51662220.000,0,-,-,-,-,3192.6000,3192.4000,3188.0000,3186.2000,3175.0000,3195.8000,3198.0000,3199.6000,3199.8000,3203.4000,1,1,2,1,1,1,1,1,5,1
SF,IH2103,2020-09-11 09:33:26.500,3194.0000,5220,0,51662220.000,0,-,-,-,-,3192.6000,3192.4000,3188.0000,3186.2000,3175.0000,3195.8000,3198.0000,3199.6000,3199.8000,3203.4000,1,1,1,1,1,1,1,1,5,1
SF,IH2103,2020-09-11 09:33:28.000,3194.0000,5220,0,51662220.000,0,-,-,-,-,3192.6000,3192.4000,3188.0000,3186.2000,3175.0000,3195.0000,3195.8000,3198.0000,3199.6000,3199.8000,1,1,1,1,1,1,1,1,1,5
SF,IH2103,2020-09-11 09:33:28.500,3194.0000,5220,0,51662220.000,0,-,-,-,-,3192.6000,3192.4000,3188.0000,3186.2000,3175.0000,3195.0000,3195.8000,3198.0000,3199.6000,3199.8000,1,1,1,1,1,1,1,1,1,5
SF,IH2103,2020-09-11 09:33:29.000,3194.0000,5220,0,51662220.000,0,-,-,-,-,3192.6000,3192.4000,3188.0000,3186.2000,3178.0000,3195.0000,3195.8000,3198.0000,3199.6000,3199.8000,1,1,1,1,1,1,1,1,1,5
SF,IH2103,2020-09-11 09:33:30.500,3194.0000,5220,0,51662220.000,0,-,-,-,-,3192.6000,3192.4000,3188.0000,3186.2000,3178.0000,3195.0000,3195.8000,3198.0000,3199.6000,3199.8000,1,1,1,1,1,1,1,1,1,5
SF,IH2103,2020-09-11 09:33:31.000,3194.0000,5220,0,51662220.000,0,-,-,-,-,3192.6000,3192.4000,3188.0000,3186.2000,3178.0000,3194.8000,3195.0000,3198.0000,3199.6000,3199.8000,1,1,1,1,1,1,1,1,1,5
SF,IH2103,2020-09-11 09:33:33.000,3194.0000,5220,0,51662220.000,0,-,-,-,-,3192.6000,3192.4000,3188.0000,3186.2000,3178.0000,3194.8000,3198.0000,3199.6000,3199.8000,3201.4000,1,1,1,1,1,1,1,1,5,1
SF,IH2103,2020-09-11 09:33:40.000,3194.0000,5220,0,51662220.000,0,-,-,-,-,3192.6000,3192.4000,3188.0000,3186.2000,3178.0000,3194.8000,3199.6000,3199.8000,3201.4000,3203.4000,1,1,1,1,1,1,1,5,1,1
SF,IH2103,2020-09-11 09:33:44.000,3194.0000,5220,0,51662220.000,0,-,-,-,-,3192.6000,3192.4000,3188.0000,3186.2000,3178.0000,3194.8000,3197.0000,3199.6000,3199.8000,3201.4000,1,1,1,1,1,1,1,1,5,1
SF,IH2103,2020-09-11 09:33:44.500,3194.0000,5220,0,51662220.000,0,-,-,-,-,3192.6000,3192.4000,3188.0000,3186.2000,3178.0000,3197.0000,3199.6000,3199.8000,3201.4000,3203.4000,1,1,1,1,1,1,1,5,1,1
SF,IH2103,2020-09-11 09:33:45.000,3194.0000,5220,0,51662220.000,0,-,-,-,-,3192.6000,3192.4000,3188.0000,3186.2000,3178.0000,3196.6000,3196.8000,3197.0000,3199.6000,3199.8000,1,1,1,1,1,1,1,1,1,5
SF,IH2103,2020-09-11 09:33:45.500,3194.0000,5220,0,51662220.000,0,-,-,-,-,3192.6000,3192.4000,3188.0000,3186.2000,3178.0000,3196.4000,3196.6000,3197.0000,3199.6000,3199.8000,1,1,1,1,1,1,1,1,1,5
SF,IH2103,2020-09-11 09:33:46.000,3194.0000,5220,0,51662220.000,0,-,-,-,-,3192.6000,3192.4000,3188.0000,3186.2000,3178.0000,3195.8000,3196.4000,3196.6000,3197.0000,3199.6000,1,1,1,1,1,1,1,1,1,1
SF,IH2103,2020-09-11 09:33:46.500,3194.0000,5220,0,51662220.000,0,-,-,-,-,3192.6000,3192.4000,3188.0000,3186.2000,3178.0000,3195.6000,3195.8000,3196.6000,3197.0000,3199.6000,1,1,1,1,1,1,1,1,1,1
SF,IH2103,2020-09-11 09:33:47.500,3195.6000,5220,0,52620900.000,1,0,1,多换,S,3192.6000,3192.4000,3188.0000,3186.2000,3178.0000,3195.8000,3196.6000,3197.0000,3199.6000,3199.8000,1,1,1,1,1,1,1,1,1,5
SF,IH2103,2020-09-11 09:33:48.000,3195.6000,5220,0,52620900.000,0,-,-,-,-,3192.6000,3192.4000,3188.0000,3186.2000,3178.0000,3196.6000,3197.0000,3199.6000,3199.8000,3201.4000,1,1,1,1,1,1,1,1,5,1
SF,IH2103,2020-09-11 09:33:48.500,3195.6000,5220,0,52620900.000,0,-,-,-,-,3193.4000,3192.8000,3192.6000,3192.4000,3188.0000,3196.4000,3196.6000,3197.0000,3199.6000,3199.8000,1,1,1,1,1,1,1,1,1,5
SF,IH2103,2020-09-11 09:33:49.000,3195.6000,5220,0,52620900.000,0,-,-,-,-,3193.6000,3193.4000,3192.8000,3192.4000,3191.4000,3196.6000,3197.0000,3199.6000,3199.8000,3201.4000,1,1,1,1,1,1,1,1,5,1
SF,IH2103,2020-09-11 09:33:50.500,3195.6000,5220,0,52620900.000,0,-,-,-,-,3193.6000,3193.4000,3192.8000,3192.4000,3191.4000,3197.0000,3199.6000,3199.8000,3201.4000,3203.4000,1,1,1,1,1,1,1,5,1,1
SF,IH2103,2020-09-11 09:33:52.000,3195.6000,5220,0,52620900.000,0,-,-,-,-,3194.2000,3193.6000,3193.4000,3192.8000,3192.4000,3197.0000,3199.6000,3199.8000,3201.4000,3203.4000,1,1,1,1,1,1,1,5,1,1
SF,IH2103,2020-09-11 09:33:52.500,3195.6000,5220,0,52620900.000,0,-,-,-,-,3194.4000,3194.2000,3192.8000,3192.4000,3191.4000,3196.8000,3197.0000,3199.6000,3199.8000,3201.4000,1,1,1,1,1,1,1,1,5,1
SF,IH2103,2020-09-11 09:33:55.500,3195.6000,5220,0,52620900.000,0,-,-,-,-,3194.6000,3194.4000,3194.2000,3192.8000,3192.4000,3196.8000,3197.0000,3199.6000,3199.8000,3201.4000,1,1,1,1,1,1,1,1,5,1
SF,IH2103,2020-09-11 09:33:56.000,3195.6000,5220,0,52620900.000,0,-,-,-,-,3194.8000,3194.6000,3194.2000,3192.8000,3192.4000,3196.8000,3197.0000,3199.6000,3199.8000,3201.4000,1,1,1,1,1,1,1,1,5,1
SF,IH2103,2020-09-11 09:33:56.500,3195.6000,5220,0,52620900.000,0,-,-,-,-,3194.8000,3194.6000,3194.2000,3192.8000,3191.4000,3196.8000,3197.0000,3199.6000,3199.8000,3201.4000,1,1,1,1,1,1,1,1,5,1
SF,IH2103,2020-09-11 09:33:58.000,3195.6000,5220,0,52620900.000,0,-,-,-,-,3194.8000,3194.6000,3192.8000,3191.4000,3178.0000,3196.8000,3197.0000,3199.6000,3199.8000,3201.4000,1,1,1,1,1,1,1,1,5,1
SF,IH2103,2020-09-11 09:33:58.500,3195.6000,5220,0,52620900.000,0,-,-,-,-,3194.8000,3192.8000,3191.4000,3178.0000,3175.0000,3196.8000,3197.0000,3199.6000,3199.8000,3201.4000,1,1,1,1,1,1,1,1,5,1
SF,IH2103,2020-09-11 09:34:01.500,3196.8000,5219,-1,53579940.000,1,0,1,双平,S,3194.8000,3192.8000,3191.4000,3178.0000,3175.0000,3197.0000,3199.6000,3199.8000,3201.4000,3205.0000,1,1,1,1,1,1,1,5,1,1
SF,IH2103,2020-09-11 09:34:02.000,3196.8000,5219,0,53579940.000,0,-,-,-,-,3194.8000,3192.8000,3191.4000,3178.0000,3175.0000,3197.0000,3199.6000,3199.8000,3201.4000,3205.0000,1,1,1,1,1,1,1,5,1,1
SF,IH2103,2020-09-11 09:34:02.500,3196.8000,5219,0,53579940.000,0,-,-,-,-,3195.0000,3194.8000,3192.8000,3191.4000,3178.0000,3197.0000,3199.6000,3199.8000,3201.4000,3205.0000,1,1,1,1,1,1,1,5,1,1
SF,IH2103,2020-09-11 09:34:03.000,3196.8000,5219,0,53579940.000,0,-,-,-,-,3195.2000,3195.0000,3192.8000,3191.4000,3178.0000,3197.0000,3199.6000,3199.8000,3201.4000,3205.0000,1,1,1,1,1,1,1,5,1,1
SF,IH2103,2020-09-11 09:34:03.500,3196.8000,5219,0,53579940.000,0,-,-,-,-,3195.2000,3195.0000,3192.8000,3191.4000,3178.0000,3197.0000,3199.6000,3199.8000,3201.4000,3205.0000,1,1,1,1,1,1,1,5,1,1
SF,IH2103,2020-09-11 09:34:04.000,3196.8000,5219,0,53579940.000,0,-,-,-,-,3195.2000,3195.0000,3192.8000,3191.4000,3178.0000,3197.0000,3199.6000,3199.8000,3201.4000,3205.0000,1,1,1,1,1,1,1,5,1,1
SF,IH2103,2020-09-11 09:34:04.500,3196.8000,5219,0,53579940.000,0,-,-,-,-,3195.2000,3195.0000,3192.8000,3191.4000,3178.0000,3197.0000,3199.6000,3199.8000,3201.4000,3205.0000,1,1,1,1,1,1,1,5,1,1
SF,IH2103,2020-09-11 09:34:05.000,3195.2000,5218,-1,54538500.000,1,0,1,双平,S,3192.8000,3191.4000,3178.0000,3175.0000,3170.2000,3197.0000,3199.6000,3199.8000,3201.4000,3205.0000,1,1,1,1,1,1,1,5,1,1
SF,IH2103,2020-09-11 09:34:05.500,3195.2000,5218,0,54538500.000,0,-,-,-,-,3193.8000,3193.0000,3192.8000,3191.4000,3178.0000,3196.6000,3196.8000,3197.0000,3199.6000,3199.8000,1,1,1,1,1,1,1,1,1,5
SF,IH2103,2020-09-11 09:34:06.000,3195.2000,5218,0,54538500.000,0,-,-,-,-,3194.0000,3193.8000,3192.8000,3191.4000,3178.0000,3196.4000,3196.6000,3197.0000,3199.6000,3199.8000,1,1,1,1,1,1,1,1,1,5
SF,IH2103,2020-09-11 09:34:11.000,3195.2000,5218,0,54538500.000,0,-,-,-,-,3194.0000,3193.8000,3191.4000,3178.0000,3175.0000,3195.8000,3196.4000,3196.6000,3197.0000,3199.6000,1,1,1,1,1,1,1,1,1,1
SF,IH2103,2020-09-11 09:34:11.500,3194.0000,5217,-1,55496700.000,1,0,1,双平,S,3191.4000,3178.0000,3175.0000,3170.2000,3170.0000,3195.6000,3195.8000,3196.6000,3197.0000,3199.6000,1,1,1,1,1,1,1,1,1,1
SF,IH2103,2020-09-11 09:34:12.000,3194.0000,5217,0,55496700.000,0,-,-,-,-,3191.6000,3189.4000,3178.0000,3175.0000,3170.2000,3195.0000,3195.6000,3195.8000,3197.0000,3199.6000,2,1,1,1,1,1,1,1,1,1
SF,IH2103,2020-09-11 09:34:12.500,3194.0000,5217,0,55496700.000,0,-,-,-,-,3191.6000,3189.4000,3178.0000,3175.0000,3170.2000,3194.8000,3195.0000,3195.8000,3197.0000,3199.6000,2,1,1,1,1,1,1,1,1,1
SF,IH2103,2020-09-11 09:34:14.000,3192.2000,5216,-1,56454360.000,1,0,1,双平,S,3191.6000,3189.4000,3178.0000,3175.0000,3170.2000,3194.8000,3195.0000,3195.8000,3197.0000,3199.6000,2,1,1,1,1,1,1,1,1,1
SF,IH2103,2020-09-11 09:34:14.500,3192.2000,5216,0,56454360.000,0,-,-,-,-,3191.6000,3189.4000,3178.0000,3175.0000,3170.2000,3194.8000,3195.0000,3195.8000,3197.0000,3199.6000,2,1,1,1,1,1,1,1,1,1
SF,IH2103,2020-09-11 09:34:15.000,3192.2000,5216,0,56454360.000,0,-,-,-,-,3191.6000,3189.4000,3178.0000,3175.0000,3170.2000,3194.8000,3195.0000,3195.8000,3197.0000,3199.6000,2,1,1,1,1,1,1,1,1,1
SF,IH2103,2020-09-11 09:34:15.500,3194.0000,5215,-1,57412560.000,1,0,1,双平,S,3191.6000,3189.4000,3178.0000,3175.0000,3170.2000,3194.8000,3195.0000,3195.8000,3197.0000,3199.6000,2,1,1,1,1,1,1,1,1,1
SF,IH2103,2020-09-11 09:34:16.000,3194.0000,5215,0,57412560.000,0,-,-,-,-,3191.6000,3189.4000,3178.0000,3175.0000,3170.2000,3194.8000,3195.0000,3195.8000,3197.0000,3199.6000,2,1,1,1,1,1,1,1,1,1
SF,IH2103,2020-09-11 09:34:16.500,3194.0000,5215,0,57412560.000,0,-,-,-,-,3191.6000,3189.4000,3178.0000,3175.0000,3170.2000,3194.2000,3194.6000,3194.8000,3195.0000,3197.0000,2,1,1,1,1,1,1,1,1,1
SF,IH2103,2020-09-11 09:34:17.000,3194.0000,5215,0,57412560.000,0,-,-,-,-,3191.6000,3189.4000,3178.0000,3175.0000,3170.2000,3194.0000,3194.2000,3194.6000,3195.0000,3197.0000,2,1,1,1,1,1,1,1,1,1
SF,IH2103,2020-09-11 09:34:17.500,3194.0000,5215,0,57412560.000,0,-,-,-,-,3191.6000,3189.4000,3178.0000,3175.0000,3170.2000,3193.4000,3193.8000,3194.0000,3194.2000,3197.0000,2,1,1,1,1,1,1,1,1,1
SF,IH2103,2020-09-11 09:34:18.000,3194.0000,5215,0,57412560.000,0,-,-,-,-,3191.6000,3189.4000,3178.0000,3175.0000,3170.2000,3193.2000,3193.4000,3194.2000,3197.0000,3199.6000,1,1,1,1,1,1,1,1,1,1
SF,IH2103,2020-09-11 09:34:18.500,3194.0000,5215,0,57412560.000,0,-,-,-,-,3191.6000,3189.4000,3178.0000,3175.0000,3170.2000,3193.2000,3193.4000,3194.2000,3197.0000,3199.6000,1,1,1,1,1,1,1,1,1,1
SF,IH2103,2020-09-11 09:34:19.000,3194.0000,5215,0,57412560.000,0,-,-,-,-,3191.6000,3189.4000,3178.0000,3175.0000,3170.2000,3193.2000,3193.4000,3194.2000,3197.0000,3199.6000,1,1,1,1,1,1,1,1,1,1
SF,IH2103,2020-09-11 09:34:19.500,3193.2000,5214,-1,58370520.000,1,0,1,双平,S,3191.6000,3189.4000,3178.0000,3175.0000,3170.2000,3193.2000,3193.4000,3194.2000,3197.0000,3199.6000,1,1,1,1,1,1,1,1,1,1
SF,IH2103,2020-09-11 09:34:24.000,3193.2000,5214,0,58370520.000,0,-,-,-,-,3191.6000,3190.0000,3189.4000,3178.0000,3175.0000,3193.2000,3193.4000,3194.2000,3197.0000,3199.6000,1,1,1,1,1,1,1,1,1,1
SF,IH2103,2020-09-11 09:34:24.500,3193.2000,5214,0,58370520.000,0,-,-,-,-,3191.6000,3190.0000,3189.4000,3178.0000,3175.0000,3193.4000,3194.2000,3197.0000,3199.6000,3199.8000,1,1,1,1,1,1,1,1,1,5
SF,IH2103,2020-09-11 09:34:25.000,3193.4000,5214,0,59328540.000,1,0,1,多换,S,3191.8000,3191.6000,3190.0000,3189.4000,3178.0000,3194.2000,3197.0000,3199.6000,3199.8000,3201.4000,1,1,1,1,1,1,1,1,5,1
SF,IH2103,2020-09-11 09:34:25.500,3193.4000,5214,0,59328540.000,0,-,-,-,-,3192.8000,3191.8000,3191.6000,3190.0000,3189.4000,3194.2000,3197.0000,3199.6000,3199.8000,3201.4000,1,1,1,1,1,1,1,1,5,1
SF,IH2103,2020-09-11 09:34:26.000,3194.2000,5213,-1,60286800.000,1,0,1,双平,S,3192.8000,3191.8000,3190.0000,3189.4000,3178.0000,3197.0000,3199.6000,3199.8000,3201.4000,3205.0000,1,1,1,1,1,1,1,5,1,1
SF,IH2103,2020-09-11 09:34:26.500,3194.2000,5213,0,60286800.000,0,-,-,-,-,3193.4000,3193.0000,3192.8000,3190.0000,3189.4000,3196.8000,3197.0000,3199.6000,3199.8000,3201.4000,1,1,1,1,1,1,1,1,5,1
SF,IH2103,2020-09-11 09:34:27.000,3194.2000,5213,0,60286800.000,0,-,-,-,-,3193.4000,3193.0000,3192.8000,3190.0000,3189.4000,3196.8000,3197.0000,3199.6000,3199.8000,3201.4000,1,1,1,1,1,1,1,1,5,1
SF,IH2103,2020-09-11 09:34:27.500,3194.2000,5213,0,60286800.000,0,-,-,-,-,3193.4000,3193.0000,3192.8000,3190.0000,3189.4000,3196.8000,3197.0000,3199.6000,3199.8000,3201.4000,1,1,1,1,1,1,1,1,5,1
SF,IH2103,2020-09-11 09:34:28.000,3194.2000,5213,0,60286800.000,0,-,-,-,-,3193.4000,3193.0000,3192.8000,3190.0000,3189.4000,3196.6000,3196.8000,3197.0000,3199.6000,3199.8000,1,1,1,1,1,1,1,1,1,5
SF,IH2103,2020-09-11 09:34:28.500,3194.2000,5213,0,60286800.000,0,-,-,-,-,3193.4000,3193.0000,3192.8000,3190.0000,3189.4000,3196.4000,3197.0000,3199.6000,3199.8000,3201.4000,1,1,1,1,1,1,1,1,5,1
SF,IH2103,2020-09-11 09:34:29.000,3194.2000,5213,0,60286800.000,0,-,-,-,-,3193.0000,3192.8000,3190.0000,3189.4000,3178.0000,3196.4000,3197.0000,3199.6000,3199.8000,3201.4000,1,1,1,1,1,1,1,1,5,1
SF,IH2103,2020-09-11 09:34:29.500,3194.2000,5213,0,60286800.000,0,-,-,-,-,3190.0000,3189.4000,3178.0000,3175.0000,3170.2000,3196.2000,3196.4000,3197.0000,3199.6000,3199.8000,1,1,1,1,1,1,1,1,1,5
SF,IH2103,2020-09-11 09:34:30.000,3194.2000,5213,0,60286800.000,0,-,-,-,-,3192.8000,3190.6000,3190.2000,3190.0000,3189.4000,3196.0000,3196.2000,3197.0000,3199.6000,3199.8000,1,1,2,1,1,1,1,1,1,5
SF,IH2103,2020-09-11 09:34:30.500,3194.2000,5213,0,60286800.000,0,-,-,-,-,3193.0000,3192.8000,3190.6000,3190.2000,3190.0000,3196.0000,3197.0000,3199.6000,3199.8000,3201.4000,1,1,1,1,1,1,1,1,5,1
SF,IH2103,2020-09-11 09:34:31.000,3194.2000,5213,0,60286800.000,0,-,-,-,-,3190.6000,3190.2000,3190.0000,3189.4000,3178.0000,3196.0000,3197.0000,3199.6000,3199.8000,3201.4000,1,1,1,1,1,1,1,1,5,1
SF,IH2103,2020-09-11 09:34:31.500,3194.2000,5213,0,60286800.000,0,-,-,-,-,3192.8000,3192.0000,3191.0000,3190.8000,3190.6000,3196.0000,3197.0000,3199.6000,3199.8000,3201.4000,1,1,1,1,1,1,1,1,5,1
SF,IH2103,2020-09-11 09:34:32.000,3194.2000,5213,0,60286800.000,0,-,-,-,-,3193.0000,3192.8000,3192.0000,3190.6000,3190.0000,3196.0000,3197.0000,3199.6000,3199.8000,3201.4000,1,1,1,1,1,1,1,1,5,1
SF,IH2103,2020-09-11 09:34:32.500,3194.2000,5213,0,60286800.000,0,-,-,-,-,3193.0000,3192.8000,3190.6000,3190.0000,3189.4000,3196.0000,3197.0000,3199.6000,3199.8000,3201.4000,1,1,1,1,1,1,1,1,5,1
SF,IH2103,2020-09-11 09:34:33.000,3194.2000,5213,0,60286800.000,0,-,-,-,-,3190.6000,3190.0000,3189.4000,3178.0000,3175.0000,3196.0000,3197.0000,3199.6000,3199.8000,3201.4000,1,1,1,1,1,1,1,1,5,1
SF,IH2103,2020-09-11 09:34:33.500,3194.2000,5213,0,60286800.000,0,-,-,-,-,3192.8000,3192.4000,3190.8000,3190.6000,3190.0000,3196.0000,3197.0000,3199.6000,3199.8000,3201.4000,1,1,1,1,1,1,1,1,5,1
SF,IH2103,2020-09-11 09:34:34.000,3194.2000,5213,0,60286800.000,0,-,-,-,-,3193.0000,3192.8000,3192.4000,3190.6000,3190.0000,3196.0000,3197.0000,3199.6000,3199.8000,3201.4000,1,1,1,1,1,1,1,1,5,1
SF,IH2103,2020-09-11 09:34:34.500,3194.2000,5213,0,60286800.000,0,-,-,-,-,3193.0000,3192.8000,3190.6000,3190.0000,3189.4000,3196.0000,3197.0000,3199.6000,3199.8000,3201.4000,1,1,1,1,1,1,1,1,5,1
SF,IH2103,2020-09-11 09:34:35.000,3194.2000,5213,0,60286800.000,0,-,-,-,-,3193.2000,3193.0000,3190.6000,3190.0000,3189.4000,3196.0000,3197.0000,3199.6000,3199.8000,3201.4000,1,1,1,1,1,1,1,1,5,1
SF,IH2103,2020-09-11 09:34:37.000,3194.2000,5213,0,60286800.000,0,-,-,-,-,3193.2000,3193.0000,3190.6000,3189.4000,3178.0000,3196.0000,3197.0000,3199.6000,3199.8000,3201.4000,1,1,1,1,1,1,1,1,5,1
SF,IH2103,2020-09-11 09:34:37.500,3194.2000,5213,0,60286800.000,0,-,-,-,-,3193.4000,3193.2000,3190.6000,3189.4000,3178.0000,3196.0000,3197.0000,3199.6000,3199.8000,3201.4000,1,1,1,1,1,1,1,1,5,1
SF,IH2103,2020-09-11 09:34:39.500,3196.0000,5212,-1,61245600.000,1,0,1,双平,S,3193.4000,3193.2000,3190.6000,3189.4000,3178.0000,3197.0000,3199.6000,3199.8000,3201.4000,3205.0000,1,1,1,1,1,1,1,5,1,1
SF,IH2103,2020-09-11 09:34:40.000,3196.0000,5212,0,61245600.000,0,-,-,-,-,3193.4000,3193.2000,3190.6000,3189.4000,3178.0000,3196.8000,3197.0000,3199.6000,3199.8000,3201.4000,1,1,1,1,1,1,1,1,5,1
SF,IH2103,2020-09-11 09:34:41.500,3196.0000,5212,0,61245600.000,0,-,-,-,-,3193.4000,3193.2000,3192.6000,3190.6000,3178.0000,3196.8000,3197.0000,3199.6000,3199.8000,3201.4000,1,1,1,1,1,1,1,1,5,1
SF,IH2103,2020-09-11 09:34:42.000,3196.0000,5212,0,61245600.000,0,-,-,-,-,3193.4000,3193.2000,3192.6000,3190.6000,3178.0000,3196.8000,3197.0000,3199.6000,3199.8000,3201.4000,1,1,1,1,1,1,1,1,5,1
SF,IH2103,2020-09-11 09:34:46.500,3196.0000,5212,0,61245600.000,0,-,-,-,-,3193.4000,3193.2000,3192.6000,3190.6000,3178.0000,3196.8000,3197.0000,3199.6000,3199.8000,3201.4000,1,1,1,1,1,1,1,1,4,1
SF,IH2103,2020-09-11 09:34:47.000,3196.0000,5212,0,61245600.000,0,-,-,-,-,3193.4000,3193.2000,3192.6000,3190.6000,3178.0000,3196.8000,3197.0000,3199.6000,3199.8000,3201.4000,1,1,1,1,1,1,1,1,4,1
SF,IH2103,2020-09-11 09:34:49.000,3196.0000,5212,0,61245600.000,0,-,-,-,-,3193.4000,3193.2000,3190.6000,3190.4000,3178.0000,3196.8000,3197.0000,3199.6000,3199.8000,3201.4000,1,1,1,1,1,1,1,1,4,1
SF,IH2103,2020-09-11 09:34:49.500,3196.0000,5212,0,61245600.000,0,-,-,-,-,3193.4000,3193.2000,3190.6000,3190.4000,3178.0000,3196.6000,3196.8000,3197.0000,3199.6000,3199.8000,1,1,1,1,1,1,1,1,1,4
SF,IH2103,2020-09-11 09:34:50.000,3196.0000,5212,0,61245600.000,0,-,-,-,-,3193.4000,3193.2000,3190.6000,3190.4000,3178.0000,3196.4000,3197.0000,3199.6000,3199.8000,3201.4000,1,1,1,1,1,1,1,1,4,1
SF,IH2103,2020-09-11 09:34:55.000,3196.0000,5212,0,61245600.000,0,-,-,-,-,3193.6000,3193.4000,3193.2000,3190.6000,3190.4000,3196.4000,3197.0000,3199.6000,3199.8000,3201.4000,1,1,1,1,1,1,1,1,4,1
SF,IH2103,2020-09-11 09:34:55.500,3196.0000,5212,0,61245600.000,0,-,-,-,-,3193.8000,3193.2000,3190.6000,3190.4000,3178.0000,3196.0000,3196.2000,3196.4000,3197.0000,3199.6000,1,1,1,1,1,1,1,1,1,1
SF,IH2103,2020-09-11 09:34:56.000,3196.0000,5212,0,61245600.000,0,-,-,-,-,3193.8000,3193.2000,3190.6000,3190.4000,3178.0000,3196.0000,3196.2000,3196.4000,3197.0000,3199.6000,1,1,1,1,1,1,1,1,1,1
SF,IH2103,2020-09-11 09:34:56.500,3196.0000,5212,0,61245600.000,0,-,-,-,-,3193.8000,3193.2000,3190.6000,3190.4000,3178.0000,3195.8000,3196.0000,3196.8000,3197.0000,3199.6000,1,1,1,1,1,1,1,1,1,1
SF,IH2103,2020-09-11 09:34:57.000,3196.0000,5212,0,61245600.000,0,-,-,-,-,3193.8000,3193.2000,3190.6000,3190.4000,3178.0000,3195.8000,3196.0000,3196.8000,3197.0000,3199.6000,1,1,1,1,1,1,1,1,1,1
SF,IH2103,2020-09-11 09:34:57.500,3196.0000,5212,0,61245600.000,0,-,-,-,-,3193.8000,3193.2000,3190.6000,3190.4000,3178.0000,3195.8000,3196.0000,3196.8000,3197.0000,3199.6000,1,1,1,1,1,1,1,1,1,1
SF,IH2103,2020-09-11 09:34:58.000,3196.0000,5212,0,61245600.000,0,-,-,-,-,3193.8000,3193.2000,3190.6000,3190.4000,3178.0000,3195.8000,3196.0000,3196.8000,3197.0000,3199.6000,1,1,1,1,1,1,1,1,1,1
SF,IH2103,2020-09-11 09:34:58.500,3196.0000,5212,0,61245600.000,0,-,-,-,-,3193.8000,3193.2000,3190.6000,3190.4000,3178.0000,3195.8000,3196.8000,3197.0000,3199.6000,3199.8000,1,1,1,1,1,1,1,1,1,5
SF,IH2103,2020-09-11 09:34:59.000,3196.0000,5212,0,61245600.000,0,-,-,-,-,3193.8000,3193.2000,3190.6000,3190.4000,3178.0000,3195.8000,3196.8000,3197.0000,3199.6000,3199.8000,1,1,1,1,1,1,1,1,1,5
SF,IH2103,2020-09-11 09:34:59.500,3196.0000,5212,0,61245600.000,0,-,-,-,-,3193.8000,3193.2000,3190.6000,3190.4000,3178.0000,3195.8000,3196.8000,3197.0000,3199.6000,3199.8000,1,1,1,1,1,1,1,1,1,5
SF,IH2103,2020-09-11 09:35:00.000,3196.0000,5212,0,61245600.000,0,-,-,-,-,3193.8000,3190.6000,3190.4000,3178.0000,3175.0000,3195.8000,3196.8000,3197.0000,3199.6000,3199.8000,1,1,1,1,1,1,1,1,1,5
SF,IH2103,2020-09-11 09:35:00.500,3196.0000,5212,0,61245600.000,0,-,-,-,-,3190.6000,3190.4000,3178.0000,3175.0000,3170.2000,3195.8000,3196.8000,3197.0000,3199.6000,3199.8000,1,1,1,1,1,1,1,1,1,5
SF,IH2103,2020-09-11 09:35:01.000,3196.0000,5212,0,61245600.000,0,-,-,-,-,3192.8000,3192.4000,3191.2000,3191.0000,3190.8000,3195.8000,3196.8000,3197.0000,3199.6000,3199.8000,1,1,1,1,1,1,1,1,1,5
SF,IH2103,2020-09-11 09:35:01.500,3196.0000,5212,0,61245600.000,0,-,-,-,-,3193.4000,3193.0000,3192.8000,3192.4000,3191.6000,3195.8000,3196.8000,3197.0000,3199.6000,3199.8000,2,1,1,1,1,1,1,1,1,5
SF,IH2103,2020-09-11 09:35:02.000,3196.0000,5212,0,61245600.000,0,-,-,-,-,3193.8000,3193.6000,3193.4000,3192.8000,3191.0000,3196.8000,3197.0000,3199.6000,3199.8000,3201.4000,1,1,1,1,1,1,1,1,5,1
SF,IH2103,2020-09-11 09:35:02.500,3196.0000,5212,0,61245600.000,0,-,-,-,-,3194.4000,3194.2000,3194.0000,3192.8000,3191.0000,3196.6000,3196.8000,3197.0000,3199.6000,3199.8000,1,1,2,1,1,1,1,1,1,5
SF,IH2103,2020-09-11 09:35:03.000,3196.0000,5212,0,61245600.000,0,-,-,-,-,3194.6000,3194.4000,3194.2000,3194.0000,3192.8000,3196.6000,3196.8000,3197.0000,3199.6000,3199.8000,1,1,1,1,1,1,1,1,1,5
SF,IH2103,2020-09-11 09:35:05.000,3196.0000,5212,0,61245600.000,0,-,-,-,-,3194.6000,3194.4000,3194.0000,3192.8000,3191.0000,3196.6000,3196.8000,3197.0000,3199.6000,3199.8000,1,1,1,1,1,1,1,1,1,5
SF,IH2103,2020-09-11 09:35:06.500,3196.0000,5212,0,61245600.000,0,-,-,-,-,3194.8000,3194.6000,3194.4000,3192.8000,3191.0000,3196.6000,3196.8000,3197.0000,3199.6000,3199.8000,2,1,1,1,1,1,1,1,1,5
SF,IH2103,2020-09-11 09:35:07.000,3196.0000,5212,0,61245600.000,0,-,-,-,-,3194.6000,3192.8000,3191.0000,3190.4000,3178.0000,3196.6000,3196.8000,3197.0000,3199.6000,3199.8000,1,1,1,1,1,1,1,1,1,5
SF,IH2103,2020-09-11 09:35:07.500,3196.0000,5212,0,61245600.000,0,-,-,-,-,3194.8000,3194.6000,3192.8000,3191.0000,3190.4000,3196.6000,3196.8000,3197.0000,3199.6000,3199.8000,1,1,1,1,1,1,1,1,1,5
SF,IH2103,2020-09-11 09:35:10.000,3196.0000,5212,0,61245600.000,0,-,-,-,-,3194.8000,3194.6000,3192.8000,3191.0000,3190.4000,3196.6000,3196.8000,3197.0000,3199.6000,3199.8000,1,1,1,1,1,1,1,1,1,5
SF,IH2103,2020-09-11 09:35:10.500,3196.0000,5212,0,61245600.000,0,-,-,-,-,3194.6000,3192.8000,3191.0000,3190.4000,3178.0000,3196.6000,3196.8000,3197.0000,3199.6000,3199.8000,1,1,1,1,1,1,1,1,1,5
SF,IH2103,2020-09-11 09:35:15.500,3194.6000,5211,-1,62203980.000,1,0,1,双平,S,3192.8000,3191.0000,3190.4000,3178.0000,3175.0000,3194.6000,3196.6000,3196.8000,3197.0000,3199.6000,1,1,1,1,1,1,1,1,1,1
SF,IH2103,2020-09-11 09:35:16.000,3194.6000,5211,0,62203980.000,0,-,-,-,-,3193.8000,3193.0000,3192.8000,3191.0000,3190.4000,3194.6000,3196.6000,3196.8000,3197.0000,3199.6000,1,3,1,1,1,1,1,1,1,1
SF,IH2103,2020-09-11 09:35:16.500,3194.6000,5211,0,62203980.000,0,-,-,-,-,3193.0000,3192.8000,3191.0000,3190.4000,3178.0000,3194.6000,3196.6000,3196.8000,3197.0000,3199.6000,2,1,1,1,1,1,1,1,1,1
SF,IH2103,2020-09-11 09:35:17.000,3194.6000,5211,0,62203980.000,0,-,-,-,-,3193.0000,3192.8000,3191.0000,3190.4000,3178.0000,3194.6000,3196.6000,3196.8000,3197.0000,3199.6000,1,1,1,1,1,1,1,1,1,1
SF,IH2103,2020-09-11 09:35:17.500,3194.6000,5211,0,62203980.000,0,-,-,-,-,3192.8000,3191.0000,3190.4000,3178.0000,3175.0000,3194.4000,3194.6000,3196.8000,3197.0000,3199.6000,1,1,1,1,1,1,1,1,1,1
SF,IH2103,2020-09-11 09:35:18.000,3194.6000,5211,0,62203980.000,0,-,-,-,-,3191.0000,3190.4000,3178.0000,3175.0000,3170.2000,3194.4000,3194.6000,3196.2000,3196.8000,3197.0000,1,1,1,1,1,1,1,1,1,1
SF,IH2103,2020-09-11 09:35:18.500,3194.6000,5211,0,62203980.000,0,-,-,-,-,3191.8000,3191.6000,3191.2000,3191.0000,3190.4000,3194.4000,3194.6000,3196.2000,3196.8000,3197.0000,1,2,1,1,1,1,1,1,1,1
SF,IH2103,2020-09-11 09:35:19.000,3194.6000,5211,0,62203980.000,0,-,-,-,-,3192.2000,3192.0000,3191.8000,3191.0000,3190.4000,3194.4000,3194.6000,3196.2000,3196.8000,3197.0000,2,1,1,1,1,1,1,1,1,1
SF,IH2103,2020-09-11 09:35:19.500,3194.6000,5211,0,62203980.000,0,-,-,-,-,3192.2000,3192.0000,3191.8000,3191.0000,3190.4000,3194.2000,3194.4000,3194.6000,3196.2000,3196.8000,2,1,1,1,1,1,1,1,1,1
SF,IH2103,2020-09-11 09:35:20.000,3194.6000,5211,0,62203980.000,0,-,-,-,-,3192.4000,3192.2000,3192.0000,3191.8000,3191.0000,3194.2000,3194.4000,3194.6000,3196.2000,3196.8000,1,1,1,1,1,1,1,1,1,1
SF,IH2103,2020-09-11 09:35:20.500,3194.6000,5211,0,62203980.000,0,-,-,-,-,3192.8000,3192.6000,3192.4000,3192.0000,3191.0000,3194.2000,3194.4000,3194.6000,3196.2000,3196.8000,1,1,1,1,1,1,1,1,1,1
SF,IH2103,2020-09-11 09:35:22.500,3194.6000,5211,0,62203980.000,0,-,-,-,-,3192.0000,3191.0000,3190.4000,3178.0000,3175.0000,3194.2000,3194.4000,3194.6000,3196.2000,3196.8000,1,1,1,1,1,1,1,1,1,1
SF,IH2103,2020-09-11 09:35:23.000,3194.6000,5211,0,62203980.000,0,-,-,-,-,3192.8000,3192.6000,3192.0000,3191.0000,3190.4000,3194.0000,3194.2000,3194.6000,3196.2000,3196.8000,1,1,1,1,1,1,1,1,1,1
SF,IH2103,2020-09-11 09:35:24.000,3194.0000,5210,-1,63162180.000,1,0,1,双平,S,3194.0000,3192.8000,3192.6000,3192.0000,3191.0000,3194.2000,3194.6000,3196.2000,3196.8000,3197.0000,1,1,1,1,1,1,1,1,1,1
SF,IH2103,2020-09-11 09:35:24.500,3194.0000,5209,-1,64120380.000,1,0,1,双平,S,3192.8000,3192.6000,3192.0000,3191.0000,3190.4000,3194.4000,3194.6000,3196.2000,3196.8000,3197.0000,1,2,1,1,1,1,1,1,1,1
SF,IH2103,2020-09-11 09:35:25.000,3194.0000,5209,0,64120380.000,0,-,-,-,-,3193.0000,3192.8000,3192.6000,3191.2000,3191.0000,3194.4000,3194.6000,3196.2000,3196.8000,3197.0000,1,1,2,1,1,1,1,1,1,1
SF,IH2103,2020-09-11 09:35:25.500,3194.0000,5209,0,64120380.000,0,-,-,-,-,3193.0000,3192.8000,3192.6000,3191.2000,3191.0000,3194.4000,3194.6000,3196.2000,3196.8000,3197.0000,1,1,1,1,1,1,1,1,1,1
SF,IH2103,2020-09-11 09:35:26.000,3194.0000,5209,0,64120380.000,0,-,-,-,-,3192.6000,3191.2000,3191.0000,3190.4000,3178.0000,3194.2000,3194.4000,3194.6000,3196.2000,3196.8000,1,1,1,1,1,1,1,1,1,1
SF,IH2103,2020-09-11 09:35:26.500,3194.0000,5209,0,64120380.000,0,-,-,-,-,3192.6000,3191.2000,3190.4000,3178.0000,3175.0000,3194.2000,3194.4000,3194.6000,3196.2000,3196.8000,1,1,1,1,1,1,1,1,1,1
SF,IH2103,2020-09-11 09:35:28.000,3192.8000,5208,-1,66036480.000,2,0,2,多平,S,3192.6000,3191.2000,3190.4000,3178.0000,3175.0000,3194.4000,3194.6000,3196.2000,3196.8000,3197.0000,1,1,1,1,1,1,1,1,1,1
SF,IH2103,2020-09-11 09:35:28.500,3192.8000,5208,0,66036480.000,0,-,-,-,-,3193.2000,3192.8000,3192.6000,3191.2000,3190.4000,3194.4000,3194.6000,3196.2000,3196.8000,3197.0000,1,1,1,1,1,1,1,1,1,1
SF,IH2103,2020-09-11 09:35:29.000,3192.8000,5208,0,66036480.000,0,-,-,-,-,3193.2000,3192.8000,3192.6000,3191.2000,3190.4000,3194.4000,3194.6000,3196.2000,3196.8000,3197.0000,1,1,1,1,1,1,1,1,1,1
SF,IH2103,2020-09-11 09:35:29.500,3193.2000,5207,-1,66994440.000,1,0,1,双平,S,3192.8000,3192.6000,3191.2000,3190.4000,3178.0000,3194.4000,3194.6000,3196.2000,3196.8000,3197.0000,1,1,1,1,1,1,1,1,1,1
SF,IH2103,2020-09-11 09:35:30.000,3193.2000,5207,0,66994440.000,0,-,-,-,-,3192.8000,3192.6000,3191.2000,3190.4000,3178.0000,3193.2000,3194.4000,3194.6000,3196.2000,3196.8000,1,1,1,1,1,1,1,1,1,1
SF,IH2103,2020-09-11 09:35:30.500,3193.2000,5207,0,66994440.000,0,-,-,-,-,3192.8000,3192.6000,3191.2000,3190.4000,3178.0000,3193.2000,3194.4000,3194.6000,3196.8000,3197.0000,1,1,1,1,1,1,1,1,1,1
SF,IH2103,2020-09-11 09:35:31.000,3193.2000,5207,0,66994440.000,0,-,-,-,-,3192.8000,3192.6000,3191.2000,3190.4000,3178.0000,3194.4000,3194.6000,3196.8000,3197.0000,3199.6000,1,1,1,1,1,1,1,1,1,1
SF,IH2103,2020-09-11 09:35:31.500,3193.2000,5207,0,66994440.000,0,-,-,-,-,3192.8000,3192.6000,3191.2000,3190.4000,3178.0000,3194.4000,3194.6000,3195.4000,3196.8000,3197.0000,1,1,1,1,1,1,1,1,1,1
SF,IH2103,2020-09-11 09:35:32.000,3193.2000,5207,0,66994440.000,0,-,-,-,-,3192.8000,3192.6000,3191.2000,3190.4000,3178.0000,3194.4000,3194.6000,3195.4000,3196.8000,3197.0000,1,1,1,1,1,1,1,1,1,1
SF,IH2103,2020-09-11 09:35:32.500,3193.2000,5207,0,66994440.000,0,-,-,-,-,3192.8000,3192.6000,3191.2000,3190.4000,3178.0000,3194.4000,3194.6000,3195.4000,3196.8000,3197.0000,1,1,1,1,1,1,1,1,1,1
SF,IH2103,2020-09-11 09:35:46.500,3193.2000,5207,0,66994440.000,0,-,-,-,-,3192.8000,3192.6000,3191.2000,3190.4000,3178.0000,3194.4000,3194.6000,3195.4000,3196.8000,3197.0000,2,1,1,1,1,1,1,1,1,1
SF,IH2103,2020-09-11 09:35:50.500,3194.4000,5206,-1,67952760.000,1,0,1,双平,S,3194.4000,3192.8000,3192.6000,3191.2000,3190.4000,3195.4000,3196.8000,3197.0000,3199.6000,3199.8000,1,2,1,1,1,1,1,1,1,5
SF,IH2103,2020-09-11 09:35:51.000,3194.4000,5206,0,67952760.000,0,-,-,-,-,3194.4000,3192.8000,3192.6000,3190.4000,3178.0000,3195.4000,3196.8000,3197.0000,3199.6000,3199.8000,1,2,1,1,1,1,1,1,1,5
SF,IH2103,2020-09-11 09:35:51.500,3194.4000,5206,0,67952760.000,0,-,-,-,-,3194.4000,3192.8000,3192.6000,3190.4000,3178.0000,3196.8000,3197.0000,3199.6000,3199.8000,3201.4000,1,2,1,1,1,1,1,1,5,1
SF,IH2103,2020-09-11 09:35:52.000,3194.4000,5206,0,67952760.000,0,-,-,-,-,3194.6000,3192.8000,3192.6000,3190.4000,3178.0000,3196.8000,3197.0000,3199.6000,3199.8000,3201.4000,1,1,1,1,1,1,1,1,5,1
SF,IH2103,2020-09-11 09:35:52.500,3194.4000,5206,0,67952760.000,0,-,-,-,-,3194.6000,3192.8000,3192.6000,3190.4000,3178.0000,3196.8000,3197.0000,3199.6000,3199.8000,3201.4000,1,1,1,1,1,1,1,1,5,1
SF,IH2103,2020-09-11 09:35:53.000,3194.4000,5206,0,67952760.000,0,-,-,-,-,3194.6000,3192.8000,3192.6000,3190.4000,3178.0000,3196.8000,3197.0000,3199.6000,3199.8000,3201.4000,1,1,1,1,1,1,1,1,5,1
SF,IH2103,2020-09-11 09:35:53.500,3194.6000,5205,-1,68911140.000,1,0,1,双平,S,3192.8000,3192.6000,3190.4000,3178.0000,3175.0000,3194.6000,3196.8000,3197.0000,3199.6000,3199.8000,1,1,1,1,1,2,1,1,1,5
SF,IH2103,2020-09-11 09:35:54.000,3194.6000,5205,0,68911140.000,0,-,-,-,-,3193.0000,3192.8000,3192.6000,3190.4000,3178.0000,3194.6000,3196.8000,3197.0000,3199.6000,3199.8000,1,1,1,1,1,2,1,1,1,5
SF,IH2103,2020-09-11 09:35:57.000,3194.6000,5205,0,68911140.000,0,-,-,-,-,3193.0000,3192.8000,3192.6000,3190.4000,3178.0000,3196.8000,3197.0000,3199.6000,3199.8000,3201.4000,1,1,1,1,1,1,1,1,5,1
SF,IH2103,2020-09-11 09:35:57.500,3194.6000,5205,0,68911140.000,0,-,-,-,-,3193.0000,3192.8000,3192.6000,3190.4000,3178.0000,3196.6000,3196.8000,3197.0000,3199.6000,3199.8000,1,1,1,1,1,2,1,1,1,5
SF,IH2103,2020-09-11 09:35:58.000,3194.6000,5205,0,68911140.000,0,-,-,-,-,3193.2000,3193.0000,3192.8000,3192.6000,3190.4000,3196.6000,3196.8000,3197.0000,3199.6000,3199.8000,2,1,1,1,1,1,1,1,1,5
SF,IH2103,2020-09-11 09:35:58.500,3194.6000,5205,0,68911140.000,0,-,-,-,-,3193.4000,3193.2000,3192.8000,3192.6000,3190.4000,3196.6000,3196.8000,3197.0000,3199.6000,3199.8000,2,1,1,1,1,1,1,1,1,5
SF,IH2103,2020-09-11 09:35:59.000,3194.6000,5205,0,68911140.000,0,-,-,-,-,3193.4000,3193.2000,3192.8000,3192.6000,3190.4000,3196.6000,3196.8000,3197.0000,3199.6000,3199.8000,1,1,1,1,1,1,1,1,1,5
SF,IH2103,2020-09-11 09:36:02.500,3194.6000,5205,0,68911140.000,0,-,-,-,-,3193.4000,3192.8000,3192.6000,3190.4000,3178.0000,3196.6000,3196.8000,3197.0000,3199.6000,3199.8000,1,1,1,1,1,1,1,1,1,5
SF,IH2103,2020-09-11 09:36:11.000,3194.6000,5205,0,68911140.000,0,-,-,-,-,3193.4000,3192.8000,3192.6000,3190.4000,3178.0000,3196.6000,3197.0000,3199.6000,3199.8000,3201.4000,1,1,1,1,1,1,1,1,5,1
SF,IH2103,2020-09-11 09:36:11.500,3194.6000,5205,0,68911140.000,0,-,-,-,-,3193.4000,3192.8000,3192.6000,3190.4000,3178.0000,3196.4000,3196.6000,3197.0000,3199.6000,3199.8000,1,1,1,1,1,1,1,1,1,5
SF,IH2103,2020-09-11 09:36:12.000,3194.6000,5205,0,68911140.000,0,-,-,-,-,3193.4000,3192.8000,3192.6000,3190.4000,3178.0000,3196.2000,3196.4000,3197.0000,3199.6000,3199.8000,1,1,1,1,1,1,1,1,1,5
SF,IH2103,2020-09-11 09:36:12.500,3194.6000,5205,0,68911140.000,0,-,-,-,-,3193.4000,3192.8000,3192.6000,3190.4000,3178.0000,3196.2000,3196.4000,3197.0000,3199.6000,3199.8000,1,1,1,1,1,1,1,1,1,5
SF,IH2103,2020-09-11 09:36:13.000,3194.6000,5205,0,68911140.000,0,-,-,-,-,3193.4000,3192.8000,3192.6000,3190.4000,3178.0000,3196.2000,3196.4000,3197.0000,3199.6000,3199.8000,1,1,1,1,1,1,1,1,1,5
SF,IH2103,2020-09-11 09:36:13.500,3194.6000,5205,0,68911140.000,0,-,-,-,-,3193.4000,3192.8000,3192.6000,3190.4000,3178.0000,3195.4000,3196.2000,3196.4000,3197.0000,3199.6000,1,1,1,1,1,1,1,1,1,1
SF,IH2103,2020-09-11 09:36:14.000,3194.6000,5205,0,68911140.000,0,-,-,-,-,3193.4000,3192.8000,3192.6000,3190.4000,3178.0000,3195.4000,3196.2000,3196.4000,3197.0000,3199.6000,1,1,1,1,1,1,1,1,1,1
SF,IH2103,2020-09-11 09:36:15.500,3194.6000,5205,0,68911140.000,0,-,-,-,-,3193.4000,3192.8000,3192.6000,3190.4000,3178.0000,3196.2000,3196.4000,3197.0000,3199.6000,3199.8000,1,1,1,1,1,1,1,1,1,5
SF,IH2103,2020-09-11 09:36:16.000,3194.6000,5205,0,68911140.000,0,-,-,-,-,3193.4000,3192.8000,3192.6000,3190.4000,3178.0000,3195.4000,3196.2000,3196.4000,3197.0000,3199.6000,1,1,1,1,1,1,1,1,1,1
SF,IH2103,2020-09-11 09:36:16.500,3194.6000,5205,0,68911140.000,0,-,-,-,-,3193.4000,3192.8000,3192.6000,3190.4000,3178.0000,3195.2000,3195.4000,3197.0000,3199.6000,3199.8000,1,1,1,1,1,1,1,1,1,5
SF,IH2103,2020-09-11 09:36:17.000,3194.6000,5205,0,68911140.000,0,-,-,-,-,3192.8000,3192.6000,3190.4000,3178.0000,3175.0000,3194.6000,3195.2000,3195.4000,3197.0000,3199.6000,1,1,1,1,1,1,1,1,1,1
SF,IH2103,2020-09-11 09:36:20.000,3194.6000,5205,0,68911140.000,0,-,-,-,-,3192.8000,3192.6000,3190.4000,3180.0000,3178.0000,3194.6000,3195.2000,3195.4000,3197.0000,3199.6000,1,1,1,1,1,1,1,1,1,1
SF,IH2103,2020-09-11 09:36:20.500,3194.6000,5205,0,68911140.000,0,-,-,-,-,3192.8000,3192.6000,3190.8000,3190.4000,3180.0000,3194.6000,3195.2000,3195.4000,3197.0000,3199.6000,1,1,1,1,1,1,1,1,1,1
SF,IH2103,2020-09-11 09:36:21.000,3194.6000,5205,0,68911140.000,0,-,-,-,-,3192.8000,3192.6000,3190.8000,3190.4000,3180.0000,3195.2000,3195.4000,3197.0000,3199.6000,3199.8000,1,1,1,1,1,1,1,1,1,5
SF,IH2103,2020-09-11 09:36:21.500,3194.6000,5205,0,68911140.000,0,-,-,-,-,3192.8000,3192.6000,3190.8000,3190.4000,3180.0000,3194.8000,3195.2000,3195.4000,3197.0000,3199.6000,1,1,1,1,1,1,1,1,1,1
SF,IH2103,2020-09-11 09:36:22.000,3194.6000,5205,0,68911140.000,0,-,-,-,-,3193.0000,3192.8000,3192.6000,3190.8000,3190.4000,3195.2000,3195.4000,3197.0000,3199.6000,3199.8000,1,1,1,1,1,1,1,1,1,5
SF,IH2103,2020-09-11 09:36:22.500,3194.6000,5205,0,68911140.000,0,-,-,-,-,3193.0000,3192.8000,3192.6000,3190.8000,3190.4000,3195.2000,3197.0000,3199.6000,3199.8000,3201.4000,1,1,1,1,1,1,1,1,5,1
SF,IH2103,2020-09-11 09:36:27.000,3194.6000,5205,0,68911140.000,0,-,-,-,-,3193.0000,3192.8000,3192.6000,3190.8000,3190.4000,3195.0000,3195.2000,3197.0000,3199.6000,3199.8000,1,1,1,1,1,1,1,1,1,5
SF,IH2103,2020-09-11 09:36:27.500,3194.6000,5205,0,68911140.000,0,-,-,-,-,3192.8000,3192.6000,3190.8000,3190.4000,3180.0000,3194.2000,3194.8000,3195.0000,3197.0000,3199.6000,1,1,1,1,1,1,1,1,1,1
SF,IH2103,2020-09-11 09:36:31.000,3192.8000,5205,0,69868980.000,1,0,1,多换,S,3190.8000,3190.4000,3180.0000,3178.0000,3175.0000,3192.6000,3194.2000,3194.8000,3195.0000,3197.0000,1,1,1,1,1,1,1,1,1,1
SF,IH2103,2020-09-11 09:36:31.500,3192.8000,5205,0,69868980.000,0,-,-,-,-,3191.4000,3191.2000,3191.0000,3190.8000,3188.8000,3192.6000,3194.2000,3194.6000,3194.8000,3195.0000,1,2,1,1,1,1,1,1,1,1
SF,IH2103,2020-09-11 09:36:32.000,3192.8000,5205,0,69868980.000,0,-,-,-,-,3191.4000,3191.2000,3191.0000,3190.8000,3188.2000,3192.6000,3194.2000,3194.6000,3194.8000,3195.0000,1,2,1,1,1,1,1,1,1,1
SF,IH2103,2020-09-11 09:36:32.500,3192.8000,5205,0,69868980.000,0,-,-,-,-,3191.2000,3191.0000,3190.8000,3188.2000,3180.0000,3192.6000,3194.2000,3194.6000,3194.8000,3195.0000,2,1,1,1,1,1,1,1,1,1
SF,IH2103,2020-09-11 09:36:33.000,3192.8000,5205,0,69868980.000,0,-,-,-,-,3191.0000,3190.8000,3188.2000,3180.0000,3178.0000,3192.6000,3194.2000,3194.6000,3194.8000,3195.0000,1,1,1,1,1,1,1,1,1,1
SF,IH2103,2020-09-11 09:36:34.000,3192.8000,5205,0,69868980.000,0,-,-,-,-,3191.2000,3191.0000,3190.8000,3188.2000,3180.0000,3192.6000,3194.2000,3194.6000,3194.8000,3195.0000,1,1,1,1,1,1,1,1,1,1
SF,IH2103,2020-09-11 09:36:34.500,3192.8000,5205,0,69868980.000,0,-,-,-,-,3191.2000,3191.0000,3190.8000,3188.2000,3180.0000,3192.6000,3194.2000,3194.6000,3194.8000,3197.0000,1,1,1,1,1,1,1,1,1,1
SF,IH2103,2020-09-11 09:36:35.000,3192.8000,5205,0,69868980.000,0,-,-,-,-,3191.2000,3191.0000,3190.8000,3188.2000,3180.0000,3192.6000,3194.6000,3194.8000,3197.0000,3199.6000,1,1,1,1,1,1,1,1,1,1
SF,IH2103,2020-09-11 09:36:35.500,3191.2000,5204,-1,70826340.000,1,0,1,双平,S,3191.0000,3190.8000,3188.2000,3180.0000,3178.0000,3192.4000,3192.6000,3194.6000,3194.8000,3197.0000,1,1,1,1,1,1,1,1,1,1
SF,IH2103,2020-09-11 09:36:36.000,3191.2000,5204,0,70826340.000,0,-,-,-,-,3190.8000,3188.2000,3180.0000,3178.0000,3175.0000,3192.2000,3192.4000,3192.6000,3194.6000,3197.0000,1,1,1,1,1,1,1,1,1,1
SF,IH2103,2020-09-11 09:36:36.500,3190.8000,5203,-1,71783580.000,1,0,1,双平,S,3188.2000,3180.0000,3178.0000,3175.0000,3170.2000,3192.2000,3192.4000,3192.6000,3197.0000,3199.6000,1,1,1,1,1,1,1,1,1,1
SF,IH2103,2020-09-11 09:36:37.000,3190.8000,5203,0,71783580.000,0,-,-,-,-,3188.8000,3188.4000,3188.2000,3180.0000,3178.0000,3192.2000,3192.4000,3192.6000,3197.0000,3199.6000,2,1,1,1,1,1,1,1,1,1
SF,IH2103,2020-09-11 09:36:37.500,3190.8000,5203,0,71783580.000,0,-,-,-,-,3189.4000,3189.2000,3189.0000,3188.8000,3188.2000,3192.2000,3192.4000,3192.6000,3197.0000,3199.6000,1,1,1,1,1,1,1,1,1,1
SF,IH2103,2020-09-11 09:36:38.000,3190.8000,5203,0,71783580.000,0,-,-,-,-,3189.6000,3189.4000,3189.0000,3188.2000,3180.0000,3192.2000,3192.4000,3192.6000,3197.0000,3199.6000,1,1,1,1,1,1,1,1,1,1
SF,IH2103,2020-09-11 09:36:38.500,3190.8000,5203,0,71783580.000,0,-,-,-,-,3189.0000,3185.8000,3180.0000,3178.0000,3175.0000,3192.2000,3192.4000,3192.6000,3197.0000,3199.6000,1,1,1,1,1,1,1,1,1,1
SF,IH2103,2020-09-11 09:36:40.000,3190.8000,5203,0,71783580.000,0,-,-,-,-,3189.4000,3189.0000,3185.8000,3180.0000,3178.0000,3192.2000,3192.4000,3192.6000,3197.0000,3199.6000,1,1,1,1,1,1,1,1,1,1
SF,IH2103,2020-09-11 09:36:40.500,3190.8000,5203,0,71783580.000,0,-,-,-,-,3189.6000,3185.8000,3180.0000,3178.0000,3175.0000,3192.2000,3192.4000,3192.6000,3197.0000,3199.6000,1,1,1,1,1,1,1,1,1,1
SF,IH2103,2020-09-11 09:36:41.000,3192.2000,5202,-1,72741240.000,1,0,1,双平,S,3190.0000,3189.6000,3185.8000,3180.0000,3178.0000,3192.6000,3197.0000,3199.6000,3199.8000,3201.4000,2,1,1,1,1,1,1,1,5,1
SF,IH2103,2020-09-11 09:36:41.500,3190.0000,5202,0,73698240.000,1,0,1,多换,S,3190.2000,3190.0000,3185.8000,3180.0000,3178.0000,3192.6000,3197.0000,3199.6000,3199.8000,3201.4000,1,1,1,1,1,1,1,1,5,1
