市场代码,合约代码,时间,最新,持仓,增仓,成交额,成交量,开仓,平仓,成交类型,方向,买一价,买二价,买三价,买四价,买五价,卖一价,卖二价,卖三价,卖四价,卖五价,买一量,买二量,买三量,买四量,买五量,卖一量,卖二量,卖三量,卖四量,卖五量
SF,IH2103,2020-08-31 09:29:00.100,3372.6000,4178,0,6070680.000,6.000,-,-,-,-,3365.0000,3359.0000,3352.8000,3352.6000,3350.0000,3372.6000,3374.0000,3375.4000,3386.2000,3395.2000,1,1,4,1,2,1,4,1,1,1
SF,IH2103,2020-08-31 09:30:00.100,3365.0000,4178,0,7080180.000,1,0,1,多换,S,3352.8000,3352.6000,3350.0000,3349.8000,3346.0000,3364.4000,3364.6000,3369.8000,3371.8000,3372.2000,4,1,2,1,1,1,2,1,1,1
SF,IH2103,2020-08-31 09:30:00.600,3365.0000,4178,0,8089680.000,1,0,1,多换,S,3360.6000,3353.8000,3353.4000,3353.0000,3352.8000,3364.4000,3364.6000,3364.8000,3369.8000,3371.8000,1,1,1,1,1,2,2,1,1,1
SF,IH2103,2020-08-31 09:30:01.100,3360.8000,4177,-1,9097920.000,1,0,1,双平,S,3360.6000,3353.8000,3353.4000,3353.0000,3352.8000,3363.8000,3364.2000,3364.4000,3369.8000,3372.2000,1,1,1,1,1,1,1,2,1,1
SF,IH2103,2020-08-31 09:30:01.600,3360.8000,4177,0,9097920.000,0,-,-,-,-,3360.6000,3353.4000,3353.0000,3346.0000,3342.0000,3363.4000,3363.6000,3363.8000,3364.2000,3364.4000,1,1,1,1,1,1,4,1,3,2
SF,IH2103,2020-08-31 09:30:02.100,3360.6000,4176,-1,11115120.000,2,0,2,多平,S,3353.4000,3353.0000,3351.0000,3346.0000,3337.4000,3363.0000,3363.2000,3363.6000,3363.8000,3364.2000,1,1,1,1,2,1,1,3,1,3
SF,IH2103,2020-08-31 09:30:02.600,3360.6000,4176,0,11115120.000,0,-,-,-,-,3359.4000,3358.4000,3354.6000,3354.0000,3353.8000,3362.6000,3362.8000,3363.0000,3363.2000,3363.6000,1,2,1,1,1,1,3,1,2,3
SF,IH2103,2020-08-31 09:30:03.100,3360.6000,4176,0,11115120.000,0,-,-,-,-,3359.6000,3354.6000,3354.0000,3353.8000,3353.6000,3362.2000,3362.4000,3362.6000,3362.8000,3363.0000,2,1,1,1,2,1,2,1,2,1
SF,IH2103,2020-08-31 09:30:03.600,3359.6000,4174,-2,13130880.000,2,0,2,双平,S,3359.6000,3354.0000,3353.8000,3353.6000,3353.4000,3362.0000,3362.2000,3362.4000,3362.6000,3363.0000,1,1,1,1,1,1,1,1,1,1
SF,IH2103,2020-08-31 09:30:04.100,3359.6000,4174,0,13130880.000,0,-,-,-,-,3359.6000,3354.0000,3353.8000,3353.6000,3353.4000,3362.0000,3362.2000,3362.4000,3362.6000,3363.0000,1,1,1,1,1,1,1,1,1,1
SF,IH2103,2020-08-31 09:30:04.600,3359.6000,4174,0,13130880.000,0,-,-,-,-,3359.6000,3354.0000,3353.8000,3353.6000,3353.4000,3362.0000,3362.2000,3362.4000,3362.6000,3363.0000,1,1,1,1,1,1,1,1,1,1
SF,IH2103,2020-08-31 09:30:05.100,3359.6000,4174,0,13130880.000,0,-,-,-,-,3360.0000,3359.6000,3353.8000,3353.6000,3353.4000,3362.0000,3362.6000,3363.0000,3365.0000,3374.8000,1,1,1,1,1,1,1,1,1,1
SF,IH2103,2020-08-31 09:30:05.600,3362.0000,4173,-1,14139480.000,1,0,1,双平,S,3360.2000,3360.0000,3353.6000,3353.4000,3351.0000,3365.0000,3374.8000,3395.2000,3399.0000,3425.2000,3,1,1,1,1,1,1,1,1,1
SF,IH2103,2020-08-31 09:30:06.100,3362.0000,4173,0,14139480.000,0,-,-,-,-,3360.8000,3360.6000,3360.2000,3353.6000,3353.4000,3374.8000,3395.2000,3399.0000,3425.2000,3428.0000,1,1,3,1,1,1,1,1,1,4
SF,IH2103,2020-08-31 09:30:06.600,3362.0000,4173,0,14139480.000,0,-,-,-,-,3361.4000,3361.0000,3360.8000,3360.6000,3360.2000,3367.4000,3370.2000,3371.8000,3373.0000,3374.2000,1,3,1,1,1,2,1,1,4,1
SF,IH2103,2020-08-31 09:30:07.100,3362.0000,4172,-1,15148080.000,1,0,1,双平,S,3361.6000,3361.4000,3361.0000,3360.6000,3360.2000,3367.0000,3373.0000,3373.2000,3374.2000,3374.8000,2,1,1,1,1,1,4,1,1,1
SF,IH2103,2020-08-31 09:30:07.600,3362.0000,4172,0,15148080.000,0,-,-,-,-,3361.6000,3361.4000,3361.0000,3360.6000,3360.2000,3366.6000,3367.0000,3373.0000,3373.2000,3374.2000,2,1,1,1,1,1,1,4,1,1
SF,IH2103,2020-08-31 09:30:08.100,3366.2000,4171,-1,18176580.000,3,1,2,多平,S,3362.2000,3361.8000,3361.6000,3361.4000,3361.0000,3367.0000,3373.0000,3373.2000,3374.8000,3395.2000,1,1,2,1,1,1,4,1,1,1
SF,IH2103,2020-08-31 09:30:08.600,3366.2000,4171,0,18176580.000,0,-,-,-,-,3362.4000,3362.2000,3361.8000,3361.4000,3361.0000,3366.6000,3366.8000,3367.0000,3373.0000,3373.2000,2,1,1,1,1,1,2,1,4,1
SF,IH2103,2020-08-31 09:30:09.100,3366.2000,4171,0,18176580.000,0,-,-,-,-,3362.4000,3362.2000,3361.8000,3361.4000,3361.0000,3366.6000,3366.8000,3367.0000,3373.0000,3373.2000,2,1,1,1,1,1,3,1,4,1
SF,IH2103,2020-08-31 09:30:09.600,3366.2000,4171,0,18176580.000,0,-,-,-,-,3362.6000,3362.4000,3361.8000,3361.4000,3361.0000,3366.6000,3366.8000,3367.0000,3373.0000,3374.8000,1,2,1,1,1,1,3,1,4,1
SF,IH2103,2020-08-31 09:30:10.100,3366.2000,4171,0,18176580.000,0,-,-,-,-,3362.8000,3362.6000,3361.8000,3361.4000,3361.0000,3366.4000,3366.6000,3366.8000,3367.0000,3373.0000,1,1,1,1,1,1,1,3,1,4
SF,IH2103,2020-08-31 09:30:10.600,3366.2000,4171,0,18176580.000,0,-,-,-,-,3363.0000,3362.8000,3361.8000,3361.4000,3361.0000,3365.8000,3366.4000,3366.6000,3366.8000,3367.0000,2,1,1,1,1,1,1,1,3,1
SF,IH2103,2020-08-31 09:30:11.100,3366.2000,4171,0,18176580.000,0,-,-,-,-,3363.2000,3363.0000,3361.8000,3361.4000,3361.0000,3365.6000,3365.8000,3366.6000,3366.8000,3367.0000,1,2,1,1,1,2,1,1,2,1
SF,IH2103,2020-08-31 09:30:11.600,3365.6000,4170,-1,19186260.000,1,0,1,双平,S,3363.4000,3363.2000,3363.0000,3361.8000,3361.4000,3365.4000,3365.6000,3365.8000,3366.6000,3366.8000,2,1,1,1,1,1,1,1,1,1
SF,IH2103,2020-08-31 09:30:12.100,3365.6000,4168,-2,21205560.000,2,0,2,双平,S,3363.6000,3363.4000,3363.0000,3361.8000,3361.4000,3365.8000,3366.6000,3366.8000,3367.0000,3373.0000,1,2,1,1,1,1,1,1,1,4
SF,IH2103,2020-08-31 09:30:12.600,3365.8000,4167,-1,22215300.000,1,0,1,双平,S,3365.4000,3363.8000,3363.6000,3363.0000,3361.8000,3366.6000,3366.8000,3367.0000,3373.0000,3374.8000,1,3,1,1,1,1,1,1,4,1
SF,IH2103,2020-08-31 09:30:13.100,3365.6000,4166,-1,23224980.000,1,0,1,双平,S,3365.6000,3363.8000,3363.0000,3361.8000,3361.4000,3366.4000,3366.6000,3367.0000,3373.0000,3374.8000,1,3,1,1,1,1,1,1,4,1
SF,IH2103,2020-08-31 09:30:13.600,3366.4000,4165,-1,25244580.000,2,0,2,多平,S,3363.8000,3363.0000,3361.8000,3361.4000,3361.0000,3373.0000,3374.8000,3378.8000,3395.2000,3399.0000,3,1,1,1,1,4,1,1,1,1
SF,IH2103,2020-08-31 09:30:14.100,3366.4000,4165,0,25244580.000,0,-,-,-,-,3364.2000,3364.0000,3363.8000,3363.0000,3361.8000,3371.0000,3372.6000,3373.0000,3374.8000,3378.8000,1,1,3,1,1,1,1,4,1,1
SF,IH2103,2020-08-31 09:30:14.600,3366.4000,4165,0,25244580.000,0,-,-,-,-,3364.8000,3364.4000,3364.2000,3363.8000,3363.0000,3371.0000,3372.6000,3373.0000,3374.8000,3378.8000,1,2,1,1,1,1,1,4,1,1
SF,IH2103,2020-08-31 09:30:15.100,3366.4000,4165,0,25244580.000,0,-,-,-,-,3365.0000,3364.8000,3363.8000,3363.0000,3361.8000,3368.0000,3371.0000,3372.6000,3373.0000,3374.8000,2,1,1,1,1,2,1,1,4,1
SF,IH2103,2020-08-31 09:30:15.600,3364.8000,4162,-3,28273020.000,3,0,3,双平,S,3363.8000,3363.0000,3361.8000,3361.4000,3360.8000,3367.8000,3372.2000,3373.0000,3374.8000,3378.8000,1,1,1,1,1,4,1,4,1,1
SF,IH2103,2020-08-31 09:30:16.600,3364.8000,4162,0,28273020.000,0,-,-,-,-,3363.8000,3363.0000,3361.8000,3361.4000,3360.8000,3367.8000,3372.2000,3373.0000,3374.8000,3378.8000,2,1,1,1,1,2,1,4,1,1
SF,IH2103,2020-08-31 09:30:17.100,3364.8000,4162,0,28273020.000,0,-,-,-,-,3363.8000,3363.0000,3361.8000,3361.4000,3360.8000,3367.8000,3372.2000,3373.0000,3374.8000,3378.8000,2,1,1,1,1,2,1,4,1,1
SF,IH2103,2020-08-31 09:30:19.100,3364.8000,4162,0,28273020.000,0,-,-,-,-,3363.8000,3363.0000,3361.8000,3361.4000,3360.8000,3367.8000,3372.2000,3373.0000,3374.8000,3378.8000,2,1,1,1,1,2,1,4,1,1
SF,IH2103,2020-08-31 09:30:19.600,3364.8000,4162,0,28273020.000,0,-,-,-,-,3364.2000,3363.8000,3363.0000,3361.8000,3361.4000,3367.8000,3372.2000,3373.0000,3374.8000,3378.8000,1,2,1,1,1,2,1,4,1,1
SF,IH2103,2020-08-31 09:30:20.100,3364.8000,4162,0,28273020.000,0,-,-,-,-,3364.8000,3364.2000,3363.8000,3363.0000,3361.8000,3367.8000,3372.2000,3373.0000,3374.8000,3378.8000,1,1,1,1,1,2,1,4,1,1
SF,IH2103,2020-08-31 09:30:20.600,3367.8000,4162,0,29283360.000,1,0,1,多换,S,3365.0000,3364.8000,3364.2000,3363.8000,3363.0000,3367.8000,3372.2000,3373.0000,3374.8000,3378.8000,1,1,1,1,1,1,1,4,1,1
SF,IH2103,2020-08-31 09:30:21.100,3367.8000,4162,0,29283360.000,0,-,-,-,-,3365.2000,3365.0000,3364.2000,3363.8000,3363.0000,3367.6000,3367.8000,3372.2000,3373.0000,3374.8000,1,1,1,1,1,1,1,1,4,1
SF,IH2103,2020-08-31 09:30:21.600,3367.8000,4162,0,29283360.000,0,-,-,-,-,3365.4000,3365.2000,3364.2000,3363.8000,3363.0000,3367.6000,3372.2000,3373.0000,3374.8000,3378.8000,2,1,1,1,1,1,1,4,1,1
SF,IH2103,2020-08-31 09:30:22.600,3367.6000,4161,-1,30293640.000,1,0,1,双平,S,3367.6000,3365.8000,3365.4000,3364.2000,3363.8000,3372.2000,3374.8000,3378.8000,3395.2000,3399.0000,2,1,2,1,1,1,1,1,1,1
SF,IH2103,2020-08-31 09:30:23.100,3367.6000,4159,-2,32314200.000,2,0,2,双平,S,3367.6000,3365.8000,3364.2000,3363.8000,3363.0000,3368.8000,3371.2000,3371.8000,3372.0000,3374.8000,1,1,1,1,1,2,1,1,1,1
SF,IH2103,2020-08-31 09:30:23.600,3367.6000,4159,0,33324480.000,1,0,1,多换,S,3364.2000,3363.8000,3363.0000,3361.8000,3361.4000,3371.2000,3371.8000,3372.0000,3374.8000,3378.8000,1,1,1,1,1,1,1,1,1,1
SF,IH2103,2020-08-31 09:30:24.100,3367.6000,4159,0,33324480.000,0,-,-,-,-,3367.8000,3364.8000,3364.6000,3364.2000,3363.8000,3371.0000,3371.8000,3374.8000,3378.8000,3395.2000,1,1,1,1,1,2,1,1,1,1
SF,IH2103,2020-08-31 09:30:24.600,3367.6000,4159,0,33324480.000,0,-,-,-,-,3367.8000,3364.8000,3364.6000,3364.2000,3363.8000,3368.8000,3371.0000,3371.8000,3374.8000,3378.8000,1,1,1,1,1,2,2,1,1,1
SF,IH2103,2020-08-31 09:30:25.100,3367.6000,4159,0,33324480.000,0,-,-,-,-,3367.8000,3364.8000,3364.6000,3364.2000,3363.8000,3371.0000,3371.8000,3374.8000,3378.8000,3395.2000,1,1,1,1,1,2,1,1,1,1
SF,IH2103,2020-08-31 09:30:25.600,3367.8000,4158,-1,34334820.000,1,0,1,双平,S,3367.8000,3364.8000,3364.6000,3364.2000,3363.8000,3369.4000,3371.0000,3371.8000,3374.8000,3378.8000,1,1,1,1,1,2,2,1,1,1
SF,IH2103,2020-08-31 09:30:26.100,3367.8000,4158,0,34334820.000,0,-,-,-,-,3367.8000,3364.8000,3364.6000,3364.2000,3363.8000,3371.0000,3371.8000,3374.8000,3378.8000,3395.2000,1,1,1,1,1,2,1,1,1,1
SF,IH2103,2020-08-31 09:30:26.600,3367.8000,4158,0,34334820.000,0,-,-,-,-,3367.8000,3364.8000,3364.6000,3364.2000,3363.8000,3369.2000,3371.0000,3371.8000,3374.8000,3378.8000,1,1,1,1,1,1,2,1,1,1
SF,IH2103,2020-08-31 09:30:27.100,3367.8000,4158,0,34334820.000,0,-,-,-,-,3368.0000,3367.8000,3364.8000,3364.6000,3364.2000,3369.2000,3371.0000,3371.8000,3374.8000,3378.8000,1,1,2,1,1,1,2,1,1,1
SF,IH2103,2020-08-31 09:30:27.600,3367.8000,4158,0,34334820.000,0,-,-,-,-,3369.2000,3368.0000,3367.8000,3364.8000,3364.6000,3371.0000,3371.8000,3374.8000,3378.8000,3395.2000,1,1,1,2,1,2,1,1,1,1
SF,IH2103,2020-08-31 09:30:28.100,3369.2000,4158,0,35345580.000,1,0,1,多换,S,3368.0000,3367.8000,3364.8000,3364.6000,3364.2000,3370.0000,3371.0000,3371.8000,3374.8000,3378.8000,1,1,2,1,1,2,2,1,1,1
SF,IH2103,2020-08-31 09:30:28.600,3369.2000,4158,0,35345580.000,0,-,-,-,-,3370.0000,3368.4000,3368.2000,3368.0000,3367.8000,3371.8000,3374.8000,3378.8000,3395.2000,3399.0000,3,1,1,1,1,1,1,1,1,1
SF,IH2103,2020-08-31 09:30:29.100,3369.2000,4158,0,35345580.000,0,-,-,-,-,3370.0000,3369.2000,3368.4000,3368.2000,3368.0000,3371.4000,3374.8000,3378.8000,3379.8000,3395.2000,3,1,1,1,1,1,1,1,3,1
SF,IH2103,2020-08-31 09:30:29.600,3371.4000,4157,-1,36357000.000,1,0,1,双平,S,3370.0000,3369.2000,3368.4000,3368.2000,3368.0000,3374.8000,3378.8000,3379.8000,3395.2000,3399.0000,3,1,1,1,1,1,1,3,1,1
SF,IH2103,2020-08-31 09:30:30.100,3370.2000,4157,0,37368060.000,1,0,1,多换,S,3370.2000,3370.0000,3369.2000,3367.8000,3364.8000,3371.4000,3374.2000,3374.6000,3374.8000,3378.8000,2,3,1,1,1,2,1,1,1,1
SF,IH2103,2020-08-31 09:30:30.600,3370.2000,4156,-1,38379120.000,1,0,1,双平,S,3370.0000,3369.2000,3367.8000,3364.6000,3364.2000,3374.2000,3374.6000,3374.8000,3378.8000,3379.8000,3,1,1,1,1,1,1,1,1,3
SF,IH2103,2020-08-31 09:30:31.100,3370.2000,4156,0,38379120.000,0,-,-,-,-,3370.0000,3369.2000,3367.8000,3364.6000,3364.2000,3373.2000,3374.0000,3374.2000,3374.8000,3378.8000,3,1,1,1,1,1,3,1,1,1
SF,IH2103,2020-08-31 09:30:31.600,3370.2000,4156,0,38379120.000,0,-,-,-,-,3370.0000,3369.2000,3367.8000,3364.6000,3364.2000,3372.6000,3373.0000,3373.2000,3374.0000,3374.8000,3,1,1,1,1,1,1,1,2,1
SF,IH2103,2020-08-31 09:30:32.100,3370.2000,4156,0,38379120.000,0,-,-,-,-,3370.0000,3369.2000,3367.8000,3364.6000,3364.2000,3371.4000,3372.4000,3372.6000,3373.0000,3374.8000,3,1,1,1,1,2,1,1,1,1
SF,IH2103,2020-08-31 09:30:32.600,3370.2000,4156,0,38379120.000,0,-,-,-,-,3370.4000,3370.0000,3369.2000,3367.8000,3364.6000,3372.4000,3373.0000,3374.8000,3379.8000,3383.2000,1,3,1,1,1,1,1,1,3,1
SF,IH2103,2020-08-31 09:30:33.100,3372.4000,4156,0,39390840.000,1,0,1,多换,S,3373.8000,3372.6000,3371.0000,3370.6000,3370.4000,3374.8000,3379.8000,3383.2000,3395.2000,3399.0000,1,2,1,2,1,1,3,1,1,1
SF,IH2103,2020-08-31 09:30:33.600,3373.6000,4156,0,40402920.000,1,0,1,多换,S,3372.6000,3371.0000,3370.6000,3370.4000,3370.0000,3374.0000,3374.8000,3379.8000,3383.2000,3395.2000,2,1,2,1,3,2,1,3,1,1
SF,IH2103,2020-08-31 09:30:34.100,3373.6000,4156,0,40402920.000,0,-,-,-,-,3372.6000,3371.0000,3370.6000,3370.4000,3370.0000,3374.8000,3379.8000,3383.2000,3395.2000,3399.0000,2,1,2,1,3,1,3,1,1,1
SF,IH2103,2020-08-31 09:30:34.600,3373.6000,4156,0,40402920.000,0,-,-,-,-,3372.8000,3371.0000,3370.6000,3370.0000,3369.2000,3373.8000,3374.8000,3383.2000,3384.0000,3395.2000,2,1,1,3,1,1,1,1,3,1
SF,IH2103,2020-08-31 09:30:35.100,3372.8000,4155,-1,42426600.000,2,0,2,多平,S,3371.0000,3370.6000,3370.0000,3369.2000,3367.8000,3373.0000,3373.6000,3373.8000,3374.8000,3383.2000,1,1,3,1,1,2,1,1,1,1
SF,IH2103,2020-08-31 09:30:35.600,3372.8000,4155,0,42426600.000,0,-,-,-,-,3371.0000,3370.6000,3370.0000,3369.2000,3367.8000,3372.8000,3373.6000,3373.8000,3374.8000,3383.2000,1,1,3,1,1,1,1,1,1,1
SF,IH2103,2020-08-31 09:30:36.100,3372.8000,4155,0,42426600.000,0,-,-,-,-,3371.2000,3371.0000,3370.6000,3370.0000,3369.2000,3372.8000,3373.8000,3374.8000,3383.2000,3384.0000,1,1,1,3,1,1,1,1,1,3
SF,IH2103,2020-08-31 09:30:36.600,3372.8000,4155,0,42426600.000,0,-,-,-,-,3371.4000,3371.2000,3371.0000,3370.6000,3370.0000,3372.8000,3373.8000,3374.8000,3383.2000,3384.0000,1,1,1,1,3,1,1,1,1,3
SF,IH2103,2020-08-31 09:30:37.100,3371.4000,4154,-1,43438020.000,1,0,1,双平,S,3371.2000,3371.0000,3370.6000,3370.0000,3369.2000,3373.8000,3374.8000,3383.2000,3384.0000,3395.2000,1,1,1,3,1,1,1,1,3,1
SF,IH2103,2020-08-31 09:30:37.600,3371.4000,4154,0,43438020.000,0,-,-,-,-,3371.8000,3371.2000,3371.0000,3370.6000,3370.0000,3373.6000,3373.8000,3374.8000,3383.2000,3384.0000,1,1,1,1,3,1,1,1,1,3
SF,IH2103,2020-08-31 09:30:38.100,3371.4000,4154,0,43438020.000,0,-,-,-,-,3372.2000,3372.0000,3371.8000,3371.0000,3370.0000,3373.6000,3373.8000,3374.8000,3383.2000,3384.0000,1,1,1,1,3,1,1,1,1,3
SF,IH2103,2020-08-31 09:30:38.600,3371.4000,4154,0,43438020.000,0,-,-,-,-,3372.6000,3372.2000,3372.0000,3371.8000,3370.0000,3373.8000,3374.8000,3383.2000,3384.0000,3395.2000,1,1,1,1,3,1,1,1,3,1
SF,IH2103,2020-08-31 09:30:39.100,3373.8000,4153,-1,44450160.000,1,0,1,双平,S,3372.6000,3372.2000,3372.0000,3371.8000,3370.0000,3374.8000,3383.2000,3384.0000,3395.2000,3399.0000,1,1,1,1,3,1,1,3,1,1
SF,IH2103,2020-08-31 09:30:39.600,3373.8000,4153,0,44450160.000,0,-,-,-,-,3372.6000,3372.2000,3371.8000,3370.0000,3369.2000,3374.6000,3374.8000,3383.2000,3384.0000,3395.2000,1,1,1,3,1,1,1,1,3,1
SF,IH2103,2020-08-31 09:30:40.100,3373.8000,4153,0,44450160.000,0,-,-,-,-,3373.8000,3372.6000,3372.2000,3371.8000,3370.0000,3374.6000,3374.8000,3383.2000,3384.0000,3395.2000,1,1,1,1,3,1,1,1,3,1
SF,IH2103,2020-08-31 09:30:40.600,3374.8000,4151,-2,46474740.000,2,0,2,双平,S,3374.6000,3373.8000,3372.6000,3372.2000,3371.8000,3383.2000,3384.0000,3395.2000,3399.0000,3402.2000,1,1,1,1,1,1,3,1,1,1
SF,IH2103,2020-08-31 09:30:41.100,3374.8000,4151,0,46474740.000,0,-,-,-,-,3374.6000,3373.8000,3372.6000,3372.2000,3371.8000,3375.8000,3377.6000,3379.2000,3380.8000,3381.8000,1,1,1,1,1,2,1,1,1,4
SF,IH2103,2020-08-31 09:30:41.600,3374.8000,4151,0,46474740.000,0,-,-,-,-,3374.6000,3373.8000,3373.0000,3372.6000,3372.2000,3379.2000,3380.8000,3381.8000,3382.6000,3383.0000,1,1,1,1,1,1,1,4,2,3
SF,IH2103,2020-08-31 09:30:42.100,3374.8000,4151,0,46474740.000,0,-,-,-,-,3374.6000,3373.8000,3373.0000,3372.6000,3372.2000,3378.6000,3379.0000,3379.2000,3380.8000,3381.8000,1,1,1,1,1,2,2,1,1,4
SF,IH2103,2020-08-31 09:30:42.600,3374.8000,4151,0,46474740.000,0,-,-,-,-,3374.8000,3374.6000,3373.8000,3372.6000,3372.2000,3375.8000,3378.4000,3378.6000,3379.0000,3379.2000,1,1,1,1,1,2,1,2,1,1
SF,IH2103,2020-08-31 09:30:43.100,3375.8000,4149,-2,48500220.000,2,0,2,双平,S,3374.8000,3374.6000,3373.8000,3372.6000,3372.2000,3378.4000,3378.6000,3379.0000,3381.8000,3382.6000,1,1,1,1,1,1,2,1,4,1
SF,IH2103,2020-08-31 09:30:43.600,3378.0000,4149,0,49513620.000,1,0,1,多换,S,3375.8000,3375.4000,3375.0000,3374.8000,3374.6000,3378.4000,3378.6000,3379.0000,3382.6000,3383.0000,1,1,1,1,1,1,1,1,1,1
SF,IH2103,2020-08-31 09:30:44.600,3378.0000,4149,0,49513620.000,0,-,-,-,-,3375.8000,3375.4000,3375.0000,3374.8000,3374.6000,3378.2000,3378.4000,3378.6000,3379.0000,3382.6000,1,1,1,1,1,4,1,1,1,1
SF,IH2103,2020-08-31 09:30:45.100,3378.0000,4149,0,49513620.000,0,-,-,-,-,3375.8000,3375.4000,3375.0000,3374.8000,3374.6000,3378.0000,3378.6000,3379.0000,3382.6000,3383.0000,1,1,1,1,1,1,1,1,1,1
SF,IH2103,2020-08-31 09:30:45.600,3378.0000,4149,0,49513620.000,0,-,-,-,-,3376.2000,3375.8000,3375.4000,3375.0000,3374.8000,3378.0000,3382.6000,3383.0000,3383.2000,3384.0000,1,1,1,1,1,1,1,1,1,3
SF,IH2103,2020-08-31 09:30:46.600,3378.0000,4150,1,50527020.000,1,1,0,双开,S,3376.2000,3375.8000,3375.4000,3375.0000,3374.8000,3382.6000,3383.0000,3383.2000,3384.0000,3395.2000,1,1,1,1,1,1,1,1,3,1
SF,IH2103,2020-08-31 09:30:47.100,3378.0000,4150,0,50527020.000,0,-,-,-,-,3376.2000,3375.8000,3375.4000,3375.0000,3374.8000,3380.0000,3381.6000,3382.2000,3382.4000,3382.6000,1,1,1,1,1,1,1,1,2,1
SF,IH2103,2020-08-31 09:30:47.600,3378.0000,4150,0,50527020.000,0,-,-,-,-,3378.0000,3376.6000,3376.2000,3375.8000,3375.4000,3379.8000,3380.0000,3381.6000,3382.2000,3382.4000,1,1,1,1,1,1,1,1,1,1
SF,IH2103,2020-08-31 09:30:48.100,3378.0000,4150,0,51540420.000,1,0,1,多换,S,3376.6000,3376.2000,3375.8000,3375.4000,3374.8000,3377.8000,3379.8000,3380.0000,3381.6000,3382.2000,1,1,1,1,1,2,1,1,1,1
SF,IH2103,2020-08-31 09:30:48.600,3378.0000,4150,0,53567220.000,2,1,1,多换,S,3377.0000,3376.8000,3376.6000,3376.2000,3375.8000,3379.8000,3382.2000,3382.6000,3383.0000,3384.8000,1,1,1,1,1,1,1,1,1,1
SF,IH2103,2020-08-31 09:30:49.100,3378.0000,4150,0,53567220.000,0,-,-,-,-,3377.0000,3376.8000,3376.6000,3376.2000,3375.8000,3379.8000,3382.2000,3382.6000,3383.0000,3384.8000,1,1,1,1,1,1,1,1,1,1
SF,IH2103,2020-08-31 09:30:49.600,3378.0000,4150,0,53567220.000,0,-,-,-,-,3377.4000,3377.2000,3377.0000,3376.8000,3376.6000,3379.8000,3382.2000,3382.6000,3383.0000,3385.8000,1,1,1,1,1,1,1,1,1,1
SF,IH2103,2020-08-31 09:30:50.600,3378.0000,4150,0,53567220.000,0,-,-,-,-,3377.8000,3377.4000,3377.0000,3376.8000,3376.6000,3379.8000,3382.2000,3382.6000,3383.0000,3385.8000,1,1,1,1,1,1,1,1,1,1
SF,IH2103,2020-08-31 09:30:51.100,3378.0000,4150,0,53567220.000,0,-,-,-,-,3377.8000,3377.4000,3377.0000,3376.8000,3376.6000,3379.8000,3382.2000,3382.6000,3383.0000,3385.8000,2,1,1,1,1,1,1,1,1,1
SF,IH2103,2020-08-31 09:30:51.600,3377.8000,4150,0,54580560.000,1,0,1,多换,S,3377.8000,3377.4000,3377.0000,3376.8000,3376.6000,3379.8000,3382.2000,3382.6000,3383.0000,3385.8000,1,1,1,1,1,1,1,1,1,1
SF,IH2103,2020-08-31 09:30:52.100,3379.8000,4151,1,55594500.000,1,1,0,双开,S,3378.6000,3378.0000,3377.4000,3377.0000,3376.8000,3382.2000,3382.6000,3383.0000,3385.8000,3386.2000,1,1,1,1,1,1,1,1,1,1
SF,IH2103,2020-08-31 09:30:52.600,3379.8000,4151,0,55594500.000,0,-,-,-,-,3379.0000,3378.8000,3378.6000,3377.0000,3376.6000,3381.6000,3382.0000,3382.6000,3383.0000,3385.8000,1,1,1,1,1,1,1,1,1,1
SF,IH2103,2020-08-31 09:30:53.100,3379.8000,4151,0,55594500.000,0,-,-,-,-,3379.2000,3378.6000,3377.0000,3376.6000,3370.0000,3381.6000,3382.0000,3382.6000,3383.0000,3385.8000,1,1,1,1,3,1,1,1,1,1
SF,IH2103,2020-08-31 09:30:53.600,3379.8000,4151,0,55594500.000,0,-,-,-,-,3379.2000,3378.6000,3377.8000,3377.0000,3376.6000,3381.6000,3382.0000,3382.6000,3383.0000,3385.8000,1,1,1,1,1,1,1,1,1,1
SF,IH2103,2020-08-31 09:30:54.100,3379.2000,4151,0,56608260.000,1,0,1,多换,S,3378.6000,3377.8000,3377.0000,3376.6000,3369.2000,3381.4000,3381.6000,3381.8000,3382.0000,3382.6000,1,1,1,1,1,1,1,1,1,1
SF,IH2103,2020-08-31 09:30:54.600,3379.2000,4151,0,56608260.000,0,-,-,-,-,3378.8000,3378.6000,3377.8000,3377.0000,3376.6000,3380.8000,3381.0000,3381.4000,3381.8000,3382.0000,1,1,1,1,1,1,1,1,1,1
SF,IH2103,2020-08-31 09:30:55.100,3379.2000,4151,0,56608260.000,0,-,-,-,-,3378.8000,3377.8000,3377.0000,3376.6000,3369.2000,3380.8000,3381.0000,3381.4000,3381.8000,3382.0000,1,1,1,1,1,1,1,1,1,1
SF,IH2103,2020-08-31 09:30:55.600,3378.8000,4151,0,58635540.000,2,1,1,多换,S,3377.0000,3376.6000,3369.2000,3368.0000,3367.8000,3378.6000,3380.6000,3380.8000,3381.0000,3381.4000,1,1,1,1,1,1,1,1,1,1
SF,IH2103,2020-08-31 09:30:56.100,3378.8000,4151,0,58635540.000,0,-,-,-,-,3377.4000,3377.0000,3376.6000,3369.2000,3368.0000,3380.6000,3380.8000,3381.0000,3381.4000,3381.8000,1,1,1,1,1,1,1,1,1,1
SF,IH2103,2020-08-31 09:30:56.600,3378.8000,4151,0,58635540.000,0,-,-,-,-,3377.4000,3377.0000,3376.6000,3369.2000,3368.0000,3380.0000,3380.2000,3380.4000,3380.6000,3381.0000,1,1,1,1,1,1,1,1,1,1
SF,IH2103,2020-08-31 09:30:57.100,3378.8000,4151,0,58635540.000,0,-,-,-,-,3377.0000,3369.2000,3368.0000,3367.8000,3362.8000,3379.8000,3380.0000,3380.2000,3380.4000,3381.0000,1,1,1,1,2,1,1,1,1,1
SF,IH2103,2020-08-31 09:30:57.600,3378.8000,4151,0,58635540.000,0,-,-,-,-,3377.0000,3369.2000,3368.0000,3367.8000,3362.8000,3379.4000,3379.6000,3379.8000,3380.0000,3380.2000,1,1,1,1,2,1,1,3,1,1
SF,IH2103,2020-08-31 09:30:58.100,3378.8000,4151,0,58635540.000,0,-,-,-,-,3369.2000,3368.0000,3367.8000,3362.8000,3362.0000,3378.8000,3379.2000,3379.4000,3379.6000,3380.2000,1,1,1,2,1,1,1,1,1,1
SF,IH2103,2020-08-31 09:30:58.600,3378.8000,4151,0,59649180.000,1,0,1,多换,S,3375.0000,3370.0000,3369.4000,3369.2000,3368.0000,3378.6000,3378.8000,3379.4000,3379.6000,3381.4000,2,1,2,1,1,1,1,1,1,1
SF,IH2103,2020-08-31 09:30:59.100,3378.8000,4151,0,59649180.000,0,-,-,-,-,3375.4000,3375.2000,3370.0000,3369.4000,3369.2000,3378.4000,3378.6000,3379.4000,3379.6000,3381.8000,1,1,1,1,1,1,1,1,1,1
SF,IH2103,2020-08-31 09:30:59.600,3378.8000,4151,0,59649180.000,0,-,-,-,-,3375.8000,3375.6000,3375.4000,3370.0000,3369.2000,3379.4000,3379.6000,3381.8000,3383.0000,3386.2000,1,1,1,1,1,1,1,1,1,1
SF,IH2103,2020-08-31 09:31:00.100,3378.8000,4151,0,59649180.000,0,-,-,-,-,3376.0000,3375.8000,3375.4000,3369.2000,3368.0000,3379.0000,3379.4000,3379.6000,3381.8000,3383.0000,1,1,1,1,1,1,1,1,1,1
SF,IH2103,2020-08-31 09:31:00.600,3378.8000,4151,0,59649180.000,0,-,-,-,-,3376.0000,3375.8000,3375.4000,3369.2000,3368.0000,3378.8000,3379.0000,3379.4000,3379.6000,3381.8000,1,1,1,1,1,1,1,1,1,1
SF,IH2103,2020-08-31 09:31:01.100,3378.8000,4151,0,60662820.000,1,0,1,多换,S,3376.0000,3375.8000,3375.4000,3369.2000,3368.0000,3379.0000,3379.4000,3379.6000,3381.8000,3383.0000,1,1,1,1,1,1,1,1,1,1
SF,IH2103,2020-08-31 09:31:01.600,3378.8000,4151,0,60662820.000,0,-,-,-,-,3376.2000,3376.0000,3375.8000,3375.4000,3369.2000,3378.8000,3381.8000,3383.0000,3386.2000,3388.8000,1,1,1,1,1,1,1,1,1,1
SF,IH2103,2020-08-31 09:31:02.100,3378.8000,4151,0,60662820.000,0,-,-,-,-,3376.6000,3376.4000,3376.2000,3375.8000,3375.4000,3381.8000,3383.0000,3386.2000,3388.8000,3389.4000,1,2,1,1,1,1,1,1,1,3
SF,IH2103,2020-08-31 09:31:02.600,3378.8000,4151,0,60662820.000,0,-,-,-,-,3377.0000,3376.8000,3376.6000,3376.4000,3375.8000,3381.4000,3381.6000,3381.8000,3386.2000,3388.8000,1,1,1,1,1,1,2,1,1,1
SF,IH2103,2020-08-31 09:31:03.100,3378.8000,4151,0,60662820.000,0,-,-,-,-,3377.2000,3377.0000,3376.6000,3375.8000,3369.2000,3380.8000,3381.0000,3381.2000,3381.4000,3381.8000,1,3,1,1,1,1,1,2,1,1
SF,IH2103,2020-08-31 09:31:03.600,3378.8000,4151,0,60662820.000,0,-,-,-,-,3377.0000,3375.8000,3369.2000,3368.0000,3367.8000,3380.2000,3380.6000,3380.8000,3381.0000,3381.4000,3,1,1,1,1,1,3,1,1,1
SF,IH2103,2020-08-31 09:31:04.100,3377.0000,4150,-1,62689020.000,2,0,2,多平,S,3377.0000,3375.8000,3369.2000,3368.0000,3367.8000,3379.6000,3379.8000,3380.0000,3380.2000,3380.6000,1,1,1,1,1,2,1,2,1,1
SF,IH2103,2020-08-31 09:31:04.600,3377.0000,4150,0,63702120.000,1,0,1,多换,S,3375.8000,3369.2000,3368.0000,3362.8000,3362.0000,3377.0000,3379.4000,3379.6000,3379.8000,3380.2000,1,1,1,2,1,1,2,2,1,1
SF,IH2103,2020-08-31 09:31:05.100,3377.0000,4150,0,63702120.000,0,-,-,-,-,3369.2000,3368.0000,3362.8000,3362.0000,3360.8000,3377.0000,3379.4000,3379.6000,3379.8000,3380.2000,1,1,2,1,1,1,2,2,1,1
SF,IH2103,2020-08-31 09:31:05.600,3377.0000,4150,0,63702120.000,0,-,-,-,-,3376.0000,3370.0000,3369.4000,3369.2000,3368.0000,3376.8000,3377.0000,3379.6000,3379.8000,3380.2000,2,1,3,1,1,1,1,2,1,1
SF,IH2103,2020-08-31 09:31:06.100,3376.0000,4148,-2,65727720.000,2,0,2,双平,S,3370.0000,3369.4000,3369.2000,3368.0000,3362.8000,3377.0000,3379.6000,3379.8000,3380.2000,3380.6000,1,2,1,1,2,1,2,1,1,1
SF,IH2103,2020-08-31 09:31:06.600,3376.0000,4148,0,65727720.000,0,-,-,-,-,3370.2000,3370.0000,3369.4000,3369.2000,3368.0000,3376.8000,3377.0000,3379.6000,3379.8000,3380.2000,3,1,1,1,1,2,1,2,1,1
SF,IH2103,2020-08-31 09:31:07.100,3376.0000,4148,0,65727720.000,0,-,-,-,-,3370.2000,3370.0000,3369.4000,3369.2000,3368.0000,3376.8000,3377.0000,3379.6000,3379.8000,3380.2000,3,1,1,1,1,2,1,2,1,1
SF,IH2103,2020-08-31 09:31:07.600,3376.0000,4148,0,65727720.000,0,-,-,-,-,3370.2000,3370.0000,3369.4000,3369.2000,3368.0000,3376.8000,3377.0000,3379.0000,3379.6000,3379.8000,3,1,1,1,1,2,1,1,2,1
SF,IH2103,2020-08-31 09:31:08.100,3376.0000,4148,0,65727720.000,0,-,-,-,-,3372.6000,3370.2000,3370.0000,3369.4000,3369.2000,3376.8000,3377.0000,3379.0000,3379.6000,3379.8000,1,3,1,1,1,2,1,1,2,1
SF,IH2103,2020-08-31 09:31:08.600,3376.0000,4148,0,65727720.000,0,-,-,-,-,3372.8000,3372.6000,3370.2000,3369.4000,3369.2000,3376.8000,3377.0000,3379.0000,3379.6000,3379.8000,1,1,1,1,1,2,1,1,2,1
SF,IH2103,2020-08-31 09:31:09.100,3376.0000,4148,0,65727720.000,0,-,-,-,-,3373.4000,3372.8000,3369.4000,3369.2000,3368.0000,3376.8000,3377.0000,3379.0000,3379.6000,3379.8000,1,1,1,1,1,2,1,1,2,1
SF,IH2103,2020-08-31 09:31:09.600,3376.0000,4148,0,65727720.000,0,-,-,-,-,3373.6000,3373.4000,3373.2000,3369.4000,3369.2000,3376.6000,3376.8000,3377.0000,3379.0000,3379.6000,1,1,1,1,1,1,2,1,1,2
SF,IH2103,2020-08-31 09:31:10.100,3376.0000,4148,0,65727720.000,0,-,-,-,-,3374.2000,3373.6000,3373.4000,3373.2000,3369.2000,3376.4000,3376.6000,3377.0000,3379.0000,3379.6000,1,1,1,1,1,2,1,1,1,2
SF,IH2103,2020-08-31 09:31:10.600,3373.4000,4146,-2,70790580.000,5,1,4,多平,S,3373.2000,3369.2000,3368.0000,3362.8000,3362.0000,3376.4000,3376.6000,3377.0000,3379.0000,3379.6000,1,1,1,2,1,2,1,1,1,2
SF,IH2103,2020-08-31 09:31:11.100,3373.4000,4146,0,70790580.000,0,-,-,-,-,3373.4000,3369.2000,3368.0000,3362.8000,3362.0000,3376.0000,3376.2000,3376.4000,3377.0000,3379.0000,1,1,1,2,1,1,2,2,1,1
SF,IH2103,2020-08-31 09:31:11.600,3373.4000,4146,0,70790580.000,0,-,-,-,-,3374.0000,3373.4000,3369.2000,3368.0000,3362.8000,3375.8000,3376.0000,3377.0000,3379.0000,3379.8000,1,1,1,1,2,4,1,1,1,1
SF,IH2103,2020-08-31 09:31:12.100,3373.4000,4146,0,70790580.000,0,-,-,-,-,3374.0000,3369.2000,3368.0000,3362.8000,3362.0000,3375.8000,3376.0000,3377.0000,3379.0000,3379.8000,1,1,1,2,1,2,1,1,1,1
SF,IH2103,2020-08-31 09:31:12.600,3375.8000,4147,1,74840280.000,4,2,2,空开,S,3369.2000,3368.0000,3362.8000,3362.0000,3360.8000,3376.0000,3377.0000,3379.0000,3379.8000,3380.2000,1,1,2,1,1,1,1,1,1,1
SF,IH2103,2020-08-31 09:31:13.100,3375.8000,4147,0,74840280.000,0,-,-,-,-,3369.4000,3369.2000,3368.0000,3362.8000,3362.0000,3375.8000,3376.0000,3377.0000,3379.0000,3379.8000,4,1,1,2,1,1,1,1,1,1
SF,IH2103,2020-08-31 09:31:13.600,3375.8000,4147,0,74840280.000,0,-,-,-,-,3369.4000,3369.2000,3368.0000,3362.8000,3362.0000,3375.6000,3375.8000,3377.0000,3379.0000,3379.8000,3,1,1,2,1,3,1,1,1,1
SF,IH2103,2020-08-31 09:31:14.100,3375.8000,4147,0,74840280.000,0,-,-,-,-,3369.4000,3369.2000,3368.0000,3362.0000,3360.8000,3375.4000,3375.6000,3377.0000,3379.0000,3379.8000,3,1,1,1,1,2,3,1,1,1
SF,IH2103,2020-08-31 09:31:14.600,3369.4000,4146,-1,75851100.000,1,0,1,双平,S,3369.4000,3369.2000,3368.0000,3362.0000,3360.8000,3375.2000,3375.4000,3377.0000,3379.8000,3380.2000,1,1,1,1,1,6,2,1,1,1
SF,IH2103,2020-08-31 09:31:15.100,3369.4000,4146,0,75851100.000,0,-,-,-,-,3369.6000,3369.4000,3369.2000,3368.0000,3362.0000,3375.0000,3375.2000,3375.4000,3377.0000,3379.8000,1,1,1,1,1,1,5,1,1,1
SF,IH2103,2020-08-31 09:31:15.600,3369.4000,4146,0,75851100.000,0,-,-,-,-,3369.8000,3369.6000,3369.2000,3368.0000,3362.0000,3374.0000,3374.6000,3374.8000,3375.0000,3375.2000,1,1,1,1,1,1,1,3,1,2
SF,IH2103,2020-08-31 09:31:16.100,3369.4000,4146,0,75851100.000,0,-,-,-,-,3370.2000,3370.0000,3369.8000,3369.2000,3368.0000,3373.8000,3374.0000,3374.6000,3374.8000,3377.0000,1,1,1,1,1,1,1,1,3,1
SF,IH2103,2020-08-31 09:31:16.600,3369.4000,4146,0,75851100.000,0,-,-,-,-,3370.4000,3369.2000,3368.0000,3362.0000,3360.8000,3373.8000,3374.0000,3374.6000,3374.8000,3377.0000,2,1,1,1,1,1,1,1,2,1
SF,IH2103,2020-08-31 09:31:17.100,3369.4000,4146,0,75851100.000,0,-,-,-,-,3370.6000,3370.4000,3369.2000,3368.0000,3362.0000,3373.8000,3374.6000,3374.8000,3377.0000,3379.8000,1,2,1,1,1,1,1,2,1,1
SF,IH2103,2020-08-31 09:31:17.600,3369.4000,4146,0,75851100.000,0,-,-,-,-,3370.8000,3370.6000,3369.2000,3368.4000,3368.0000,3373.8000,3374.6000,3374.8000,3377.0000,3379.8000,2,1,1,1,1,1,1,2,1,1
SF,IH2103,2020-08-31 09:31:18.100,3369.4000,4146,0,75851100.000,0,-,-,-,-,3370.8000,3370.6000,3369.2000,3368.4000,3368.0000,3373.8000,3374.6000,3374.8000,3377.0000,3379.8000,2,1,1,1,1,1,2,2,1,1
SF,IH2103,2020-08-31 09:31:18.600,3369.4000,4146,0,75851100.000,0,-,-,-,-,3370.8000,3369.2000,3368.4000,3368.0000,3362.0000,3373.8000,3374.6000,3374.8000,3377.0000,3379.8000,2,1,1,1,1,1,2,2,1,1
SF,IH2103,2020-08-31 09:31:19.100,3370.8000,4147,1,76862340.000,1,1,0,双开,S,3369.2000,3368.4000,3368.0000,3362.0000,3360.8000,3373.2000,3373.4000,3373.6000,3373.8000,3374.6000,1,1,1,1,1,2,1,2,1,1
SF,IH2103,2020-08-31 09:31:19.600,3370.8000,4147,0,76862340.000,0,-,-,-,-,3369.4000,3369.2000,3368.4000,3368.0000,3362.0000,3370.8000,3372.8000,3373.0000,3373.2000,3373.6000,1,1,1,1,1,1,2,2,2,2
SF,IH2103,2020-08-31 09:31:20.100,3370.8000,4147,0,78884400.000,2,1,1,多换,S,3369.6000,3369.2000,3368.0000,3362.0000,3360.8000,3372.8000,3373.0000,3373.2000,3374.6000,3377.0000,1,1,1,1,1,2,2,2,1,1
SF,IH2103,2020-08-31 09:31:20.600,3370.8000,4147,0,78884400.000,0,-,-,-,-,3369.6000,3369.2000,3368.0000,3362.0000,3360.8000,3372.2000,3372.6000,3372.8000,3374.6000,3377.0000,1,1,1,1,1,2,2,2,1,1
SF,IH2103,2020-08-31 09:31:21.100,3370.8000,4147,0,78884400.000,0,-,-,-,-,3369.6000,3369.2000,3368.0000,3362.0000,3360.8000,3372.0000,3372.2000,3373.2000,3377.0000,3379.8000,1,1,1,1,1,4,2,1,1,1
SF,IH2103,2020-08-31 09:31:21.600,3370.8000,4147,0,78884400.000,0,-,-,-,-,3369.2000,3368.0000,3362.0000,3360.8000,3353.6000,3371.6000,3372.0000,3373.2000,3377.0000,3379.8000,1,1,1,1,1,2,4,1,1,1
SF,IH2103,2020-08-31 09:31:22.100,3370.8000,4147,0,78884400.000,0,-,-,-,-,3369.2000,3368.0000,3362.0000,3360.8000,3353.6000,3371.4000,3371.6000,3372.0000,3373.2000,3377.0000,1,1,1,1,1,2,2,2,1,2
SF,IH2103,2020-08-31 09:31:22.600,3370.8000,4147,0,78884400.000,0,-,-,-,-,3369.2000,3368.0000,3362.0000,3360.8000,3353.6000,3371.0000,3371.2000,3371.4000,3373.2000,3377.0000,1,1,1,1,1,1,3,2,1,2
SF,IH2103,2020-08-31 09:31:23.100,3370.8000,4147,0,78884400.000,0,-,-,-,-,3369.2000,3368.0000,3362.0000,3360.8000,3353.6000,3370.8000,3371.0000,3371.2000,3371.4000,3373.2000,1,1,1,1,1,1,1,3,1,1
SF,IH2103,2020-08-31 09:31:23.600,3370.8000,4147,0,78884400.000,0,-,-,-,-,3369.2000,3368.0000,3362.0000,3360.8000,3353.6000,3370.8000,3371.0000,3371.2000,3371.4000,3373.2000,1,1,1,1,1,1,1,3,1,1
SF,IH2103,2020-08-31 09:31:24.100,3370.0000,4147,0,79895400.000,1,0,1,多换,S,3370.0000,3369.2000,3368.0000,3362.0000,3360.8000,3370.6000,3370.8000,3371.2000,3371.4000,3373.2000,2,1,1,1,1,3,1,1,1,1
SF,IH2103,2020-08-31 09:31:24.600,3369.2000,4147,0,82928160.000,3,1,2,多换,S,3368.0000,3362.0000,3360.8000,3353.6000,3351.0000,3370.6000,3371.2000,3373.2000,3377.0000,3379.8000,1,1,1,1,1,3,1,1,2,1
SF,IH2103,2020-08-31 09:31:25.100,3369.2000,4147,0,82928160.000,0,-,-,-,-,3368.2000,3368.0000,3362.0000,3360.8000,3353.6000,3370.4000,3370.6000,3373.2000,3377.0000,3379.8000,1,1,1,1,1,3,3,1,2,1
SF,IH2103,2020-08-31 09:31:25.600,3369.2000,4147,0,82928160.000,0,-,-,-,-,3368.0000,3362.0000,3360.8000,3353.6000,3351.0000,3370.2000,3370.4000,3373.2000,3377.0000,3379.8000,1,1,1,1,1,3,3,1,2,1
SF,IH2103,2020-08-31 09:31:26.100,3369.2000,4147,0,82928160.000,0,-,-,-,-,3368.0000,3362.0000,3360.8000,3353.6000,3351.0000,3369.8000,3370.0000,3370.2000,3373.2000,3377.0000,1,1,1,1,1,1,2,3,1,2
SF,IH2103,2020-08-31 09:31:26.600,3369.2000,4147,0,82928160.000,0,-,-,-,-,3368.0000,3362.0000,3360.8000,3353.6000,3351.0000,3369.4000,3369.6000,3369.8000,3370.0000,3373.2000,1,1,1,1,1,1,3,1,1,1
SF,IH2103,2020-08-31 09:31:27.100,3369.4000,4146,-1,83938980.000,1,0,1,双平,S,3369.0000,3368.0000,3362.0000,3360.8000,3353.6000,3369.2000,3369.6000,3369.8000,3370.0000,3373.2000,1,1,1,1,1,1,2,1,1,1
SF,IH2103,2020-08-31 09:31:27.600,3369.0000,4146,0,84949680.000,1,0,1,多换,S,3369.2000,3368.0000,3362.0000,3353.6000,3351.0000,3369.6000,3369.8000,3373.2000,3377.0000,3379.8000,2,1,1,1,1,2,1,1,2,1
SF,IH2103,2020-08-31 09:31:28.100,3369.0000,4144,-2,86971080.000,2,0,2,双平,S,3369.4000,3368.2000,3368.0000,3362.0000,3353.6000,3373.2000,3377.0000,3379.8000,3380.2000,3380.6000,1,1,1,1,1,1,2,1,1,1
SF,IH2103,2020-08-31 09:31:28.600,3369.0000,4144,0,86971080.000,0,-,-,-,-,3369.8000,3369.6000,3369.4000,3368.2000,3368.0000,3372.6000,3373.0000,3377.0000,3379.8000,3380.2000,2,2,1,1,1,3,3,2,1,1
SF,IH2103,2020-08-31 09:31:29.100,3369.0000,4144,0,86971080.000,0,-,-,-,-,3370.0000,3369.8000,3369.6000,3369.4000,3368.2000,3372.4000,3372.6000,3373.0000,3377.0000,3379.8000,2,2,1,1,1,1,3,1,2,1
SF,IH2103,2020-08-31 09:31:29.600,3369.0000,4144,0,86971080.000,0,-,-,-,-,3370.0000,3369.8000,3369.6000,3369.4000,3368.2000,3372.0000,3373.0000,3377.0000,3379.8000,3380.2000,2,2,1,1,2,3,1,2,1,1
SF,IH2103,2020-08-31 09:31:30.100,3369.0000,4144,0,86971080.000,0,-,-,-,-,3370.2000,3370.0000,3369.8000,3369.6000,3369.4000,3377.0000,3379.8000,3380.2000,3380.6000,3381.8000,2,2,2,1,1,2,1,1,1,1
SF,IH2103,2020-08-31 09:31:30.600,3370.0000,4143,-1,87982080.000,1,0,1,双平,S,3370.4000,3370.2000,3369.8000,3369.4000,3368.2000,3375.2000,3376.4000,3376.6000,3376.8000,3377.0000,1,2,2,1,2,1,3,1,2,2
SF,IH2103,2020-08-31 09:31:31.100,3370.0000,4143,0,87982080.000,0,-,-,-,-,3370.6000,3370.4000,3369.8000,3369.4000,3368.2000,3374.6000,3375.0000,3375.2000,3376.8000,3377.0000,1,1,2,1,2,4,3,1,1,2
SF,IH2103,2020-08-31 09:31:31.600,3370.0000,4143,0,87982080.000,0,-,-,-,-,3370.8000,3370.6000,3369.8000,3369.4000,3368.2000,3374.2000,3374.4000,3374.6000,3375.0000,3375.2000,1,1,2,1,1,1,1,4,2,1
SF,IH2103,2020-08-31 09:31:32.100,3370.0000,4143,0,87982080.000,0,-,-,-,-,3371.0000,3370.8000,3369.8000,3369.4000,3368.2000,3372.6000,3373.6000,3374.0000,3374.2000,3374.6000,2,1,2,1,1,1,2,1,1,2
SF,IH2103,2020-08-31 09:31:32.600,3372.6000,4139,-4,92029200.000,4,0,4,双平,S,3371.0000,3370.8000,3369.8000,3369.4000,3368.2000,3374.0000,3374.2000,3374.6000,3375.0000,3375.2000,2,1,2,1,1,1,1,1,1,1
SF,IH2103,2020-08-31 09:31:33.100,3372.6000,4139,0,92029200.000,0,-,-,-,-,3371.2000,3371.0000,3369.8000,3369.4000,3368.2000,3373.8000,3374.0000,3374.2000,3374.6000,3375.0000,1,2,2,1,1,1,1,1,1,1
SF,IH2103,2020-08-31 09:31:33.600,3372.6000,4139,0,92029200.000,0,-,-,-,-,3371.4000,3371.2000,3371.0000,3369.8000,3369.4000,3373.8000,3374.2000,3374.6000,3375.0000,3377.0000,2,1,1,2,1,1,1,1,1,2
SF,IH2103,2020-08-31 09:31:34.100,3373.8000,4138,-1,93041340.000,1,0,1,双平,S,3371.8000,3371.6000,3371.4000,3371.0000,3369.8000,3374.6000,3375.0000,3376.6000,3377.0000,3381.8000,1,1,2,1,2,1,1,1,2,1
SF,IH2103,2020-08-31 09:31:34.600,3373.8000,4138,0,93041340.000,0,-,-,-,-,3372.0000,3371.8000,3371.4000,3369.8000,3369.4000,3374.4000,3374.6000,3375.0000,3376.6000,3377.0000,2,1,1,2,1,2,1,1,1,2
SF,IH2103,2020-08-31 09:31:35.100,3373.8000,4138,0,93041340.000,0,-,-,-,-,3372.0000,3369.8000,3369.4000,3368.2000,3368.0000,3374.2000,3374.4000,3374.6000,3375.0000,3376.6000,1,2,1,1,1,1,2,1,1,1
SF,IH2103,2020-08-31 09:31:35.600,3373.8000,4138,0,93041340.000,0,-,-,-,-,3372.0000,3369.8000,3369.4000,3368.2000,3368.0000,3374.0000,3374.2000,3374.4000,3374.6000,3375.0000,1,2,1,1,1,2,1,1,1,1
SF,IH2103,2020-08-31 09:31:36.100,3373.8000,4138,0,93041340.000,0,-,-,-,-,3372.0000,3369.8000,3369.4000,3368.2000,3368.0000,3373.4000,3374.0000,3374.2000,3374.4000,3374.6000,1,2,1,1,1,1,2,1,1,1
SF,IH2103,2020-08-31 09:31:36.600,3373.8000,4138,0,93041340.000,0,-,-,-,-,3369.8000,3369.4000,3368.2000,3368.0000,3367.8000,3373.0000,3373.2000,3373.4000,3374.0000,3374.2000,2,1,1,1,1,1,1,1,1,1
SF,IH2103,2020-08-31 09:31:37.100,3373.8000,4138,0,93041340.000,0,-,-,-,-,3370.2000,3370.0000,3369.8000,3369.4000,3368.2000,3372.8000,3373.0000,3373.4000,3374.2000,3376.6000,1,3,2,1,1,1,1,1,1,1
SF,IH2103,2020-08-31 09:31:37.600,3373.8000,4138,0,93041340.000,0,-,-,-,-,3370.4000,3370.2000,3370.0000,3369.8000,3369.4000,3372.8000,3373.0000,3373.4000,3374.2000,3376.6000,2,1,1,2,1,1,1,1,1,1
SF,IH2103,2020-08-31 09:31:38.100,3373.8000,4138,0,93041340.000,0,-,-,-,-,3370.4000,3370.2000,3370.0000,3369.8000,3368.2000,3372.8000,3373.0000,3373.4000,3374.2000,3376.6000,2,1,1,2,1,1,1,1,1,1
SF,IH2103,2020-08-31 09:31:38.600,3372.8000,4137,-1,94053180.000,1,0,1,双平,S,3370.6000,3370.4000,3370.2000,3370.0000,3369.8000,3373.0000,3373.4000,3374.2000,3376.6000,3377.0000,1,2,1,1,2,1,1,1,1,2
SF,IH2103,2020-08-31 09:31:39.100,3372.8000,4137,0,94053180.000,0,-,-,-,-,3372.8000,3370.8000,3370.6000,3370.2000,3370.0000,3373.0000,3373.4000,3374.2000,3376.6000,3377.0000,3,2,1,1,1,1,1,1,1,2
SF,IH2103,2020-08-31 09:31:39.600,3372.8000,4137,0,97088700.000,3,1,2,多换,S,3370.8000,3370.6000,3368.2000,3368.0000,3367.8000,3372.6000,3372.8000,3373.0000,3373.4000,3374.2000,2,1,1,1,1,1,1,1,1,1
SF,IH2103,2020-08-31 09:31:40.100,3373.0000,4135,-2,99112440.000,2,0,2,双平,S,3371.0000,3370.8000,3370.6000,3368.2000,3368.0000,3373.4000,3374.2000,3377.0000,3377.2000,3381.8000,1,2,1,1,1,1,1,2,1,1
SF,IH2103,2020-08-31 09:31:40.600,3373.0000,4135,0,99112440.000,0,-,-,-,-,3371.4000,3371.2000,3371.0000,3370.6000,3368.2000,3374.2000,3377.0000,3377.2000,3381.8000,3388.8000,2,2,1,1,1,1,2,1,1,1
SF,IH2103,2020-08-31 09:31:41.100,3373.0000,4135,0,99112440.000,0,-,-,-,-,3371.6000,3371.4000,3371.0000,3370.6000,3368.2000,3374.0000,3377.0000,3377.2000,3381.8000,3388.8000,3,2,1,1,1,1,2,1,1,1
SF,IH2103,2020-08-31 09:31:41.600,3373.0000,4135,0,99112440.000,0,-,-,-,-,3372.2000,3371.6000,3371.0000,3370.6000,3368.2000,3377.0000,3377.2000,3381.8000,3388.8000,3389.4000,2,3,1,1,1,2,1,1,1,3
SF,IH2103,2020-08-31 09:31:42.100,3373.0000,4135,0,99112440.000,0,-,-,-,-,3372.4000,3372.2000,3371.6000,3370.6000,3368.2000,3376.6000,3376.8000,3377.0000,3377.2000,3381.8000,2,2,1,1,1,1,1,2,1,1
SF,IH2103,2020-08-31 09:31:42.600,3373.0000,4135,0,99112440.000,0,-,-,-,-,3372.4000,3372.2000,3371.6000,3368.2000,3368.0000,3375.8000,3376.4000,3376.6000,3377.0000,3377.2000,1,1,1,1,1,1,2,1,2,1
SF,IH2103,2020-08-31 09:31:43.100,3373.0000,4135,0,99112440.000,0,-,-,-,-,3372.4000,3368.2000,3368.0000,3367.8000,3353.6000,3375.6000,3375.8000,3376.6000,3377.0000,3377.2000,1,1,1,1,1,3,1,1,2,1
SF,IH2103,2020-08-31 09:31:43.600,3373.0000,4135,0,99112440.000,0,-,-,-,-,3368.2000,3368.0000,3367.8000,3353.6000,3351.0000,3375.0000,3375.2000,3375.6000,3377.0000,3377.2000,1,1,1,1,1,1,1,3,2,1
SF,IH2103,2020-08-31 09:31:44.100,3373.0000,4135,0,99112440.000,0,-,-,-,-,3368.8000,3368.6000,3368.4000,3368.2000,3368.0000,3374.8000,3375.0000,3375.2000,3375.6000,3377.0000,2,1,1,1,1,2,1,1,1,2
SF,IH2103,2020-08-31 09:31:44.600,3373.0000,4135,0,99112440.000,0,-,-,-,-,3369.4000,3369.0000,3368.8000,3368.6000,3368.2000,3374.2000,3374.6000,3374.8000,3375.0000,3377.0000,1,4,2,1,1,1,1,2,1,2
SF,IH2103,2020-08-31 09:31:45.100,3373.0000,4135,0,99112440.000,0,-,-,-,-,3370.0000,3369.8000,3369.6000,3369.4000,3369.0000,3374.0000,3374.2000,3374.6000,3375.0000,3377.0000,2,1,1,1,3,2,1,1,1,2
SF,IH2103,2020-08-31 09:31:45.600,3373.0000,4135,0,99112440.000,0,-,-,-,-,3370.2000,3370.0000,3369.8000,3369.4000,3369.0000,3373.4000,3374.0000,3374.2000,3374.6000,3377.0000,1,2,1,1,1,1,2,1,1,2
SF,IH2103,2020-08-31 09:31:46.100,3373.0000,4135,0,99112440.000,0,-,-,-,-,3370.6000,3370.4000,3370.2000,3369.8000,3369.4000,3373.2000,3373.4000,3374.2000,3377.0000,3377.2000,2,1,1,1,1,2,1,2,2,1
SF,IH2103,2020-08-31 09:31:46.600,3373.0000,4135,0,99112440.000,0,-,-,-,-,3370.8000,3370.6000,3370.4000,3369.8000,3369.4000,3373.2000,3373.4000,3374.2000,3377.0000,3377.2000,1,2,1,1,1,2,1,2,2,1
SF,IH2103,2020-08-31 09:31:47.100,3373.0000,4135,0,99112440.000,0,-,-,-,-,3371.2000,3371.0000,3370.8000,3370.4000,3369.8000,3373.2000,3373.4000,3374.2000,3377.0000,3377.2000,1,1,1,1,1,2,1,2,2,1
SF,IH2103,2020-08-31 09:31:47.600,3373.0000,4135,0,99112440.000,0,-,-,-,-,3371.4000,3371.0000,3370.4000,3369.8000,3369.4000,3373.2000,3373.4000,3374.2000,3377.0000,3377.2000,1,1,1,1,1,2,1,2,2,1
SF,IH2103,2020-08-31 09:31:48.100,3373.0000,4135,0,99112440.000,0,-,-,-,-,3371.4000,3371.0000,3370.4000,3369.8000,3369.4000,3373.2000,3374.2000,3377.0000,3377.2000,3381.8000,1,1,1,1,1,2,1,2,1,1
SF,IH2103,2020-08-31 09:31:48.600,3373.0000,4135,0,99112440.000,0,-,-,-,-,3371.6000,3371.4000,3371.0000,3370.4000,3369.8000,3373.2000,3374.2000,3377.0000,3377.2000,3381.8000,1,1,1,1,1,2,1,2,1,1
SF,IH2103,2020-08-31 09:31:49.100,3373.0000,4135,0,99112440.000,0,-,-,-,-,3371.6000,3371.4000,3371.0000,3370.4000,3369.8000,3373.2000,3374.2000,3376.8000,3377.0000,3377.2000,1,1,1,1,1,2,1,1,2,1
SF,IH2103,2020-08-31 09:31:49.600,3373.0000,4135,0,99112440.000,0,-,-,-,-,3371.8000,3371.6000,3371.0000,3370.4000,3369.8000,3373.2000,3374.2000,3376.8000,3377.0000,3377.2000,1,1,1,1,1,2,1,1,2,1
SF,IH2103,2020-08-31 09:31:50.100,3373.0000,4135,0,99112440.000,0,-,-,-,-,3373.4000,3371.8000,3371.6000,3371.0000,3370.4000,3376.8000,3377.0000,3377.2000,3381.8000,3389.4000,2,1,1,1,1,1,2,1,1,3
SF,IH2103,2020-08-31 09:31:50.600,3373.0000,4135,0,99112440.000,0,-,-,-,-,3373.6000,3373.4000,3371.6000,3371.0000,3369.8000,3376.6000,3376.8000,3377.0000,3377.2000,3381.8000,1,2,1,1,1,2,1,2,1,1
SF,IH2103,2020-08-31 09:31:51.100,3373.6000,4134,-1,101136600.000,2,0,2,多平,S,3371.0000,3369.8000,3369.4000,3369.0000,3368.6000,3376.4000,3376.6000,3376.8000,3377.0000,3377.2000,1,1,1,1,1,1,2,1,2,1
SF,IH2103,2020-08-31 09:31:51.600,3373.6000,4134,0,101136600.000,0,-,-,-,-,3371.6000,3371.2000,3371.0000,3369.8000,3369.4000,3371.8000,3375.8000,3376.2000,3376.4000,3376.6000,1,1,1,1,1,1,1,2,1,1
SF,IH2103,2020-08-31 09:31:52.100,3371.8000,4133,-1,102148140.000,1,0,1,双平,S,3372.4000,3372.2000,3371.8000,3371.2000,3371.0000,3375.8000,3376.2000,3376.4000,3376.6000,3377.0000,2,2,1,1,1,2,2,1,1,2
SF,IH2103,2020-08-31 09:31:52.600,3371.8000,4133,0,102148140.000,0,-,-,-,-,3372.2000,3371.0000,3369.8000,3369.4000,3369.0000,3375.6000,3375.8000,3376.2000,3376.6000,3377.0000,2,1,1,1,1,3,2,1,1,2
SF,IH2103,2020-08-31 09:31:53.100,3371.8000,4133,0,102148140.000,0,-,-,-,-,3369.0000,3368.6000,3368.2000,3368.0000,3367.8000,3375.0000,3375.6000,3375.8000,3376.2000,3377.0000,1,1,1,1,1,1,3,2,1,2
SF,IH2103,2020-08-31 09:31:53.600,3371.8000,4133,0,102148140.000,0,-,-,-,-,3369.6000,3369.2000,3369.0000,3368.6000,3368.2000,3373.8000,3374.4000,3374.8000,3375.0000,3375.6000,1,1,1,1,1,1,1,2,1,2
SF,IH2103,2020-08-31 09:31:54.100,3371.8000,4133,0,102148140.000,0,-,-,-,-,3370.2000,3369.8000,3369.6000,3369.0000,3368.6000,3373.4000,3373.6000,3373.8000,3374.4000,3375.6000,1,1,1,1,1,1,2,1,1,2
SF,IH2103,2020-08-31 09:31:54.600,3371.8000,4133,0,102148140.000,0,-,-,-,-,3369.6000,3369.0000,3368.6000,3368.2000,3368.0000,3373.2000,3373.4000,3373.8000,3375.6000,3375.8000,1,1,1,1,1,3,1,1,2,1
SF,IH2103,2020-08-31 09:31:55.100,3371.8000,4133,0,102148140.000,0,-,-,-,-,3369.6000,3369.0000,3368.6000,3368.2000,3368.0000,3372.6000,3373.0000,3373.2000,3373.4000,3375.6000,1,1,1,1,1,1,1,3,1,2
SF,IH2103,2020-08-31 09:31:55.600,3371.8000,4133,0,102148140.000,0,-,-,-,-,3369.8000,3369.6000,3369.0000,3368.6000,3368.2000,3372.4000,3372.6000,3373.0000,3373.4000,3375.6000,1,1,1,1,1,3,1,1,1,2
SF,IH2103,2020-08-31 09:31:56.100,3371.8000,4133,0,102148140.000,0,-,-,-,-,3369.6000,3368.2000,3368.0000,3365.6000,3353.6000,3371.8000,3372.4000,3372.6000,3375.6000,3376.2000,1,1,1,1,1,1,3,1,2,1
SF,IH2103,2020-08-31 09:31:56.600,3371.8000,4133,0,102148140.000,0,-,-,-,-,3368.2000,3368.0000,3365.6000,3353.6000,3351.0000,3371.6000,3371.8000,3372.6000,3375.6000,3376.2000,1,1,1,1,1,2,1,1,2,1
SF,IH2103,2020-08-31 09:31:57.100,3371.8000,4133,0,102148140.000,0,-,-,-,-,3368.8000,3368.6000,3368.4000,3368.2000,3368.0000,3371.6000,3371.8000,3372.6000,3375.6000,3377.0000,1,1,1,1,1,2,2,1,2,1
SF,IH2103,2020-08-31 09:31:57.600,3371.8000,4133,0,102148140.000,0,-,-,-,-,3369.4000,3369.0000,3368.8000,3368.2000,3368.0000,3371.6000,3371.8000,3372.6000,3377.0000,3377.2000,1,3,1,1,1,2,1,1,1,1
SF,IH2103,2020-08-31 09:31:58.100,3371.8000,4133,0,102148140.000,0,-,-,-,-,3370.0000,3369.6000,3369.4000,3369.0000,3368.2000,3371.6000,3377.0000,3377.2000,3381.8000,3389.4000,1,1,1,2,1,2,1,1,1,3
SF,IH2103,2020-08-31 09:31:58.600,3371.6000,4132,-1,104171100.000,2,0,2,多平,S,3371.8000,3371.6000,3370.6000,3370.2000,3370.0000,3377.0000,3377.2000,3381.8000,3389.4000,3399.0000,2,1,1,2,1,1,1,1,3,1
SF,IH2103,2020-08-31 09:31:59.100,3371.6000,4129,-3,107205660.000,3,0,3,双平,S,3370.6000,3370.2000,3370.0000,3369.0000,3368.2000,3376.2000,3376.6000,3376.8000,3377.0000,3377.2000,1,1,1,1,1,1,1,2,1,1
SF,IH2103,2020-08-31 09:31:59.600,3371.6000,4129,0,107205660.000,0,-,-,-,-,3371.0000,3370.8000,3370.6000,3370.2000,3369.0000,3375.8000,3376.0000,3376.2000,3376.6000,3377.0000,1,1,1,1,1,1,2,1,1,1
SF,IH2103,2020-08-31 09:32:00.100,3371.6000,4129,0,107205660.000,0,-,-,-,-,3371.0000,3370.6000,3369.0000,3368.2000,3368.0000,3375.6000,3375.8000,3376.2000,3376.6000,3377.0000,1,1,1,1,1,3,1,1,1,1
SF,IH2103,2020-08-31 09:32:00.600,3371.6000,4129,0,107205660.000,0,-,-,-,-,3370.6000,3369.0000,3368.2000,3368.0000,3365.6000,3373.0000,3375.0000,3375.6000,3375.8000,3376.2000,1,1,1,1,1,1,1,3,1,1
SF,IH2103,2020-08-31 09:32:01.100,3371.0000,4128,-1,108216960.000,1,0,1,双平,S,3371.0000,3370.8000,3370.6000,3369.0000,3368.2000,3372.8000,3373.0000,3375.0000,3375.8000,3377.0000,1,1,1,1,1,2,1,1,1,1
SF,IH2103,2020-08-31 09:32:01.600,3371.0000,4128,0,108216960.000,0,-,-,-,-,3371.6000,3371.2000,3371.0000,3369.0000,3368.2000,3373.0000,3375.0000,3375.8000,3377.0000,3377.2000,1,2,1,1,1,1,1,1,1,1
SF,IH2103,2020-08-31 09:32:02.100,3373.0000,4127,-1,109228860.000,1,0,1,双平,S,3373.0000,3371.8000,3371.6000,3371.2000,3371.0000,3375.0000,3375.8000,3377.0000,3377.2000,3381.8000,1,1,1,1,1,1,1,1,1,1
SF,IH2103,2020-08-31 09:32:02.600,3373.0000,4127,0,109228860.000,0,-,-,-,-,3373.2000,3373.0000,3371.6000,3371.0000,3369.0000,3374.8000,3375.8000,3377.0000,3377.2000,3381.8000,2,1,1,1,1,3,1,1,1,1
SF,IH2103,2020-08-31 09:32:03.100,3373.0000,4127,0,109228860.000,0,-,-,-,-,3373.2000,3373.0000,3371.6000,3371.0000,3369.0000,3374.6000,3374.8000,3375.8000,3377.0000,3377.2000,2,1,1,1,1,2,1,1,1,1
SF,IH2103,2020-08-31 09:32:03.600,3373.0000,4127,0,109228860.000,0,-,-,-,-,3373.2000,3373.0000,3371.6000,3371.0000,3370.0000,3377.0000,3377.2000,3381.8000,3389.4000,3399.0000,1,1,1,1,1,1,1,1,3,1
SF,IH2103,2020-08-31 09:32:04.100,3373.0000,4127,0,109228860.000,0,-,-,-,-,3373.8000,3373.4000,3373.2000,3373.0000,3371.4000,3376.6000,3376.8000,3377.0000,3377.2000,3381.8000,1,2,1,1,1,1,2,1,1,1
SF,IH2103,2020-08-31 09:32:04.600,3373.2000,4126,-1,110240820.000,1,0,1,双平,S,3374.0000,3373.8000,3373.4000,3373.0000,3370.0000,3376.4000,3376.6000,3376.8000,3377.0000,3377.2000,1,1,1,1,1,1,1,1,1,1
SF,IH2103,2020-08-31 09:32:05.100,3373.2000,4126,0,110240820.000,0,-,-,-,-,3374.0000,3373.8000,3373.4000,3373.0000,3370.0000,3376.4000,3376.6000,3376.8000,3377.0000,3379.4000,1,1,1,1,1,1,1,1,1,1
SF,IH2103,2020-08-31 09:32:05.600,3373.2000,4126,0,110240820.000,0,-,-,-,-,3374.2000,3374.0000,3373.4000,3373.0000,3370.0000,3376.4000,3376.6000,3377.0000,3379.4000,3381.8000,2,1,1,1,1,1,1,1,1,1
SF,IH2103,2020-08-31 09:32:06.100,3376.4000,4126,0,111253740.000,1,0,1,多换,S,3374.4000,3374.2000,3373.0000,3370.0000,3369.0000,3377.0000,3379.4000,3381.8000,3389.4000,3399.0000,2,1,1,1,1,1,1,1,3,1
SF,IH2103,2020-08-31 09:32:06.600,3376.4000,4126,0,111253740.000,0,-,-,-,-,3375.0000,3374.6000,3374.4000,3373.0000,3370.0000,3377.0000,3379.4000,3381.8000,3389.4000,3399.0000,1,2,2,1,1,1,1,1,3,1
SF,IH2103,2020-08-31 09:32:07.100,3375.2000,4124,-2,114291960.000,3,0,3,多平,S,3375.2000,3375.0000,3374.6000,3373.0000,3370.0000,3379.4000,3381.8000,3389.4000,3399.0000,3402.2000,2,1,1,1,1,1,1,3,1,1
SF,IH2103,2020-08-31 09:32:07.600,3375.2000,4124,0,114291960.000,0,-,-,-,-,3375.8000,3375.4000,3375.2000,3374.6000,3373.0000,3376.8000,3379.2000,3379.4000,3381.8000,3389.4000,1,2,2,1,1,1,1,1,1,3
SF,IH2103,2020-08-31 09:32:08.100,3376.8000,4123,-1,115305000.000,1,0,1,双平,S,3376.0000,3375.8000,3375.4000,3375.2000,3374.6000,3379.2000,3379.4000,3381.8000,3389.4000,3399.0000,1,1,2,1,1,1,1,1,3,1
SF,IH2103,2020-08-31 09:32:08.600,3376.8000,4123,0,115305000.000,0,-,-,-,-,3377.0000,3376.8000,3376.6000,3376.2000,3376.0000,3379.2000,3381.4000,3381.8000,3389.4000,3399.0000,1,1,1,1,1,1,1,1,3,1
SF,IH2103,2020-08-31 09:32:09.100,3376.8000,4123,0,115305000.000,0,-,-,-,-,3377.2000,3377.0000,3376.8000,3375.4000,3372.6000,3378.8000,3381.4000,3381.8000,3389.4000,3399.0000,3,1,1,2,1,1,1,1,3,1
SF,IH2103,2020-08-31 09:32:10.100,3376.8000,4123,0,116318040.000,1,0,1,多换,S,3377.2000,3377.0000,3376.8000,3375.4000,3372.6000,3381.4000,3381.8000,3389.4000,3399.0000,3402.2000,3,1,1,2,1,1,1,3,1,1
SF,IH2103,2020-08-31 09:32:10.600,3376.8000,4123,0,116318040.000,0,-,-,-,-,3377.4000,3377.2000,3377.0000,3376.8000,3375.4000,3381.2000,3381.4000,3381.8000,3389.4000,3399.0000,2,3,1,1,2,2,1,1,3,1
SF,IH2103,2020-08-31 09:32:11.100,3376.8000,4123,0,116318040.000,0,-,-,-,-,3378.0000,3377.8000,3377.6000,3377.4000,3377.0000,3381.0000,3381.2000,3381.4000,3381.8000,3389.4000,1,1,2,2,1,1,2,1,1,3
SF,IH2103,2020-08-31 09:32:11.600,3376.8000,4123,0,116318040.000,0,-,-,-,-,3378.6000,3378.2000,3378.0000,3377.8000,3377.4000,3381.0000,3381.8000,3389.4000,3399.0000,3402.2000,1,2,1,1,2,1,1,3,1,1
SF,IH2103,2020-08-31 09:32:12.100,3379.2000,4122,-1,118346100.000,2,0,2,多平,S,3379.0000,3378.8000,3378.6000,3377.8000,3377.4000,3381.8000,3389.4000,3399.0000,3402.2000,3405.8000,1,3,1,1,2,1,3,1,1,8
SF,IH2103,2020-08-31 09:32:12.600,3379.2000,4122,0,118346100.000,0,-,-,-,-,3379.4000,3379.2000,3379.0000,3378.8000,3378.6000,3381.8000,3389.4000,3399.0000,3402.2000,3405.8000,1,2,1,2,1,1,3,1,1,8
SF,IH2103,2020-08-31 09:32:13.100,3381.8000,4121,-1,119360640.000,1,0,1,双平,S,3379.8000,3379.6000,3379.4000,3379.0000,3378.8000,3389.4000,3399.0000,3402.2000,3405.8000,3428.0000,1,1,1,1,2,3,1,1,8,4
SF,IH2103,2020-08-31 09:32:13.600,3381.8000,4121,0,119360640.000,0,-,-,-,-,3380.2000,3380.0000,3379.8000,3379.4000,3379.0000,3386.2000,3387.8000,3389.2000,3389.4000,3399.0000,1,2,1,1,1,1,1,1,3,1
SF,IH2103,2020-08-31 09:32:14.100,3381.8000,4121,0,119360640.000,0,-,-,-,-,3380.6000,3380.4000,3380.2000,3379.8000,3379.4000,3386.0000,3389.4000,3399.0000,3402.2000,3405.8000,1,2,1,1,1,1,3,1,1,8
SF,IH2103,2020-08-31 09:32:14.600,3381.8000,4121,0,119360640.000,0,-,-,-,-,3381.0000,3380.8000,3380.6000,3380.2000,3379.8000,3382.2000,3385.2000,3386.0000,3389.4000,3399.0000,1,2,1,1,1,3,1,1,3,1
SF,IH2103,2020-08-31 09:32:15.100,3381.0000,4117,-4,123418620.000,4,0,4,双平,S,3380.6000,3380.2000,3379.8000,3378.8000,3370.0000,3386.0000,3389.4000,3399.0000,3399.8000,3402.2000,1,1,1,1,1,1,3,1,1,1
SF,IH2103,2020-08-31 09:32:15.600,3381.0000,4117,0,123418620.000,0,-,-,-,-,3380.6000,3380.2000,3379.8000,3378.8000,3370.0000,3385.4000,3385.6000,3385.8000,3386.0000,3389.4000,1,1,1,1,1,1,1,2,1,3
SF,IH2103,2020-08-31 09:32:16.100,3380.6000,4116,-1,124432800.000,1,0,1,双平,S,3380.2000,3379.8000,3378.8000,3370.0000,3368.2000,3384.8000,3385.0000,3385.2000,3385.4000,3385.6000,1,1,1,1,1,1,1,1,1,1
SF,IH2103,2020-08-31 09:32:16.600,3380.6000,4116,0,124432800.000,0,-,-,-,-,3378.8000,3370.0000,3368.2000,3368.0000,3353.6000,3384.4000,3384.6000,3384.8000,3385.0000,3385.4000,1,1,1,1,1,1,4,1,1,1
SF,IH2103,2020-08-31 09:32:17.100,3380.6000,4116,0,124432800.000,0,-,-,-,-,3379.0000,3378.8000,3370.0000,3368.2000,3368.0000,3381.2000,3383.8000,3384.2000,3384.4000,3384.6000,1,1,1,1,1,1,2,2,1,2
SF,IH2103,2020-08-31 09:32:17.600,3380.6000,4116,0,124432800.000,0,-,-,-,-,3378.8000,3370.0000,3368.2000,3368.0000,3353.6000,3381.0000,3381.2000,3383.8000,3384.4000,3384.6000,1,1,1,1,1,2,1,2,1,2
SF,IH2103,2020-08-31 09:32:18.100,3380.6000,4116,0,124432800.000,0,-,-,-,-,3379.0000,3378.8000,3370.0000,3368.2000,3368.0000,3381.0000,3381.2000,3383.8000,3384.4000,3384.6000,1,1,1,1,1,2,1,2,1,2
SF,IH2103,2020-08-31 09:32:18.600,3380.6000,4116,0,124432800.000,0,-,-,-,-,3379.0000,3378.8000,3370.0000,3368.2000,3368.0000,3381.0000,3381.2000,3383.8000,3384.6000,3385.0000,1,1,1,1,1,2,1,2,2,1
SF,IH2103,2020-08-31 09:32:19.100,3380.6000,4116,0,124432800.000,0,-,-,-,-,3378.8000,3370.0000,3368.2000,3368.0000,3353.6000,3380.8000,3381.0000,3381.2000,3383.8000,3384.6000,1,1,1,1,1,2,2,1,2,2
SF,IH2103,2020-08-31 09:32:19.600,3380.6000,4116,0,124432800.000,0,-,-,-,-,3378.8000,3370.0000,3368.2000,3368.0000,3353.6000,3380.6000,3381.2000,3383.8000,3384.6000,3385.0000,1,1,1,1,1,2,1,2,2,1
SF,IH2103,2020-08-31 09:32:20.100,3380.6000,4116,0,125446980.000,1,0,1,多换,S,3378.8000,3370.0000,3368.2000,3368.0000,3353.6000,3380.6000,3381.2000,3383.8000,3384.6000,3385.0000,1,1,1,1,1,1,1,2,2,1
SF,IH2103,2020-08-31 09:32:20.600,3380.6000,4116,0,125446980.000,0,-,-,-,-,3379.0000,3378.8000,3370.0000,3368.2000,3368.0000,3381.2000,3383.8000,3384.6000,3385.0000,3385.8000,1,1,1,1,1,1,2,2,1,1
SF,IH2103,2020-08-31 09:32:21.100,3380.6000,4116,0,125446980.000,0,-,-,-,-,3379.2000,3379.0000,3378.8000,3370.0000,3368.2000,3381.2000,3383.8000,3384.6000,3385.0000,3385.8000,1,1,1,1,1,1,2,2,1,1
SF,IH2103,2020-08-31 09:32:21.600,3380.6000,4116,0,125446980.000,0,-,-,-,-,3379.4000,3379.2000,3378.8000,3370.0000,3368.2000,3381.0000,3381.2000,3383.8000,3384.6000,3385.0000,1,1,1,1,1,2,1,2,2,1
SF,IH2103,2020-08-31 09:32:22.100,3379.4000,4115,-1,126460800.000,1,0,1,双平,S,3378.8000,3370.0000,3368.2000,3368.0000,3353.6000,3381.0000,3381.2000,3383.8000,3384.6000,3385.0000,1,1,1,1,1,2,1,2,2,1
SF,IH2103,2020-08-31 09:32:22.600,3378.8000,4116,1,127474440.000,1,1,0,双开,S,3370.0000,3368.2000,3368.0000,3353.6000,3351.0000,3380.6000,3380.8000,3381.0000,3381.2000,3383.8000,1,1,1,1,1,1,1,2,1,2
SF,IH2103,2020-08-31 09:32:23.100,3378.8000,4116,0,127474440.000,0,-,-,-,-,3373.6000,3372.6000,3372.0000,3370.6000,3370.2000,3380.4000,3381.0000,3381.2000,3383.8000,3384.6000,1,1,1,1,4,3,1,1,2,2
SF,IH2103,2020-08-31 09:32:23.600,3378.8000,4116,0,127474440.000,0,-,-,-,-,3373.8000,3370.2000,3370.0000,3368.2000,3368.0000,3380.4000,3381.0000,3383.8000,3384.6000,3385.0000,5,3,1,1,1,2,1,2,2,1
SF,IH2103,2020-08-31 09:32:24.100,3378.8000,4116,0,127474440.000,0,-,-,-,-,3374.0000,3373.8000,3370.2000,3370.0000,3368.2000,3380.4000,3381.0000,3383.8000,3384.6000,3385.0000,3,5,3,1,1,2,1,2,1,1
SF,IH2103,2020-08-31 09:32:24.600,3378.8000,4116,0,127474440.000,0,-,-,-,-,3374.2000,3374.0000,3373.8000,3370.2000,3370.0000,3380.4000,3383.8000,3384.6000,3385.0000,3389.4000,2,3,1,3,1,2,2,1,1,3
SF,IH2103,2020-08-31 09:32:25.100,3378.8000,4116,0,127474440.000,0,-,-,-,-,3374.4000,3374.2000,3374.0000,3373.8000,3370.2000,3380.2000,3380.4000,3383.8000,3384.6000,3385.0000,2,1,3,1,3,1,1,2,1,1
SF,IH2103,2020-08-31 09:32:25.600,3378.8000,4116,0,127474440.000,0,-,-,-,-,3375.0000,3374.6000,3374.4000,3374.0000,3373.8000,3380.0000,3380.2000,3383.8000,3384.6000,3385.0000,1,1,2,3,1,1,1,2,1,1
SF,IH2103,2020-08-31 09:32:26.100,3378.8000,4116,0,127474440.000,0,-,-,-,-,3375.4000,3375.2000,3375.0000,3374.4000,3374.0000,3380.0000,3383.8000,3384.6000,3385.0000,3387.8000,1,3,1,2,3,1,2,1,1,1
SF,IH2103,2020-08-31 09:32:26.600,3378.8000,4116,0,127474440.000,0,-,-,-,-,3375.6000,3375.4000,3375.2000,3375.0000,3370.2000,3380.0000,3383.8000,3384.6000,3385.0000,3387.8000,2,1,1,1,2,1,2,1,1,1
SF,IH2103,2020-08-31 09:32:27.100,3378.8000,4116,0,127474440.000,0,-,-,-,-,3375.6000,3375.4000,3375.0000,3370.2000,3370.0000,3379.8000,3380.0000,3383.8000,3384.6000,3385.0000,1,1,1,2,1,2,1,2,1,1
SF,IH2103,2020-08-31 09:32:27.600,3378.8000,4116,0,127474440.000,0,-,-,-,-,3375.6000,3375.4000,3375.0000,3370.2000,3370.0000,3379.6000,3379.8000,3383.8000,3384.6000,3385.0000,1,1,1,2,1,1,2,2,1,1
SF,IH2103,2020-08-31 09:32:28.100,3378.8000,4116,0,127474440.000,0,-,-,-,-,3375.6000,3375.4000,3375.0000,3370.0000,3368.2000,3379.4000,3379.6000,3379.8000,3383.8000,3384.6000,1,1,1,1,1,1,1,1,2,1
SF,IH2103,2020-08-31 09:32:28.600,3378.8000,4116,0,127474440.000,0,-,-,-,-,3375.4000,3375.0000,3370.0000,3368.2000,3368.0000,3379.2000,3379.4000,3379.8000,3383.8000,3384.6000,1,1,1,1,1,3,1,1,1,1
SF,IH2103,2020-08-31 09:32:29.100,3378.8000,4116,0,127474440.000,0,-,-,-,-,3375.4000,3375.0000,3370.0000,3368.2000,3368.0000,3379.0000,3379.2000,3379.8000,3383.8000,3384.6000,1,1,1,1,1,1,3,1,1,1
SF,IH2103,2020-08-31 09:32:29.600,3378.8000,4116,0,127474440.000,0,-,-,-,-,3375.4000,3375.0000,3370.0000,3368.2000,3368.0000,3378.6000,3378.8000,3379.0000,3379.2000,3379.8000,1,1,1,1,1,1,2,1,2,1
SF,IH2103,2020-08-31 09:32:30.100,3378.8000,4116,0,127474440.000,0,-,-,-,-,3375.4000,3375.0000,3370.0000,3368.2000,3368.0000,3378.0000,3378.2000,3378.4000,3378.6000,3378.8000,1,1,1,1,1,1,2,3,1,1
SF,IH2103,2020-08-31 09:32:30.600,3375.0000,4114,-2,129499560.000,2,0,2,双平,S,3370.0000,3368.2000,3368.0000,3351.0000,3350.0000,3377.4000,3377.8000,3378.0000,3378.2000,3378.4000,1,1,1,1,1,2,2,1,2,1
SF,IH2103,2020-08-31 09:32:31.100,3375.0000,4114,0,129499560.000,0,-,-,-,-,3370.2000,3370.0000,3368.2000,3368.0000,3351.0000,3376.8000,3377.2000,3377.4000,3378.6000,3378.8000,1,1,1,1,1,1,2,2,1,1
SF,IH2103,2020-08-31 09:32:31.600,3375.0000,4114,0,129499560.000,0,-,-,-,-,3370.2000,3370.0000,3368.2000,3368.0000,3351.0000,3376.2000,3376.6000,3376.8000,3378.6000,3378.8000,1,1,1,1,1,2,2,1,1,1
SF,IH2103,2020-08-31 09:32:32.100,3375.0000,4114,0,129499560.000,0,-,-,-,-,3370.4000,3370.2000,3370.0000,3368.2000,3368.0000,3376.0000,3376.2000,3376.8000,3378.6000,3378.8000,1,1,1,1,1,2,1,1,1,1
SF,IH2103,2020-08-31 09:32:32.600,3375.0000,4114,0,129499560.000,0,-,-,-,-,3370.6000,3370.4000,3370.0000,3368.2000,3368.0000,3376.0000,3378.6000,3378.8000,3383.8000,3384.6000,1,1,1,1,1,2,1,1,1,1
SF,IH2103,2020-08-31 09:32:33.100,3375.0000,4114,0,129499560.000,0,-,-,-,-,3370.8000,3370.6000,3370.4000,3370.0000,3368.2000,3376.0000,3378.6000,3383.8000,3384.6000,3387.8000,1,1,1,1,1,2,1,1,1,1
SF,IH2103,2020-08-31 09:32:33.600,3375.0000,4114,0,129499560.000,0,-,-,-,-,3371.0000,3370.8000,3370.4000,3370.0000,3368.2000,3376.0000,3378.6000,3383.8000,3384.6000,3387.8000,1,1,1,1,1,2,1,1,1,1
SF,IH2103,2020-08-31 09:32:34.100,3375.0000,4114,0,129499560.000,0,-,-,-,-,3371.0000,3370.8000,3370.4000,3370.0000,3368.2000,3376.0000,3378.6000,3383.8000,3384.6000,3387.8000,1,1,1,1,1,2,1,1,1,1
SF,IH2103,2020-08-31 09:32:34.600,3375.0000,4114,0,129499560.000,0,-,-,-,-,3371.2000,3371.0000,3370.8000,3370.4000,3370.0000,3376.0000,3378.6000,3383.8000,3384.6000,3387.8000,2,1,1,1,1,1,1,1,1,1
SF,IH2103,2020-08-31 09:32:35.100,3375.0000,4114,0,129499560.000,0,-,-,-,-,3371.4000,3371.2000,3370.8000,3370.4000,3370.0000,3376.0000,3378.6000,3383.8000,3384.6000,3387.8000,1,2,1,1,1,1,1,1,1,1
SF,IH2103,2020-08-31 09:32:35.600,3375.0000,4114,0,129499560.000,0,-,-,-,-,3371.6000,3371.4000,3371.2000,3370.8000,3370.4000,3376.0000,3378.6000,3383.8000,3384.6000,3387.8000,1,1,1,1,1,1,1,1,1,1
SF,IH2103,2020-08-31 09:32:36.100,3375.0000,4114,0,129499560.000,0,-,-,-,-,3371.8000,3371.6000,3371.2000,3370.8000,3370.4000,3376.0000,3378.6000,3383.8000,3384.6000,3387.8000,2,1,1,1,1,1,1,1,1,1
SF,IH2103,2020-08-31 09:32:36.600,3375.0000,4114,0,129499560.000,0,-,-,-,-,3372.0000,3371.8000,3371.2000,3370.8000,3370.4000,3376.0000,3378.6000,3383.8000,3384.6000,3387.8000,1,2,1,1,1,1,1,1,1,1
SF,IH2103,2020-08-31 09:32:37.100,3375.0000,4114,0,129499560.000,0,-,-,-,-,3372.2000,3372.0000,3371.8000,3371.2000,3370.8000,3376.0000,3378.6000,3383.8000,3384.6000,3387.8000,2,1,1,1,1,1,1,1,1,1
SF,IH2103,2020-08-31 09:32:37.600,3375.0000,4114,0,129499560.000,0,-,-,-,-,3372.4000,3372.2000,3371.8000,3371.2000,3370.8000,3376.0000,3378.6000,3383.8000,3384.6000,3387.8000,1,2,1,1,1,1,1,1,1,1
SF,IH2103,2020-08-31 09:32:38.100,3375.0000,4114,0,129499560.000,0,-,-,-,-,3372.6000,3372.4000,3372.2000,3371.8000,3371.2000,3376.0000,3378.6000,3383.8000,3384.6000,3387.8000,1,1,1,1,1,1,1,1,1,1
SF,IH2103,2020-08-31 09:32:38.600,3375.0000,4114,0,129499560.000,0,-,-,-,-,3372.8000,3372.6000,3372.2000,3371.8000,3371.2000,3383.8000,3384.6000,3387.8000,3389.4000,3393.2000,1,1,1,1,1,1,1,1,3,1
SF,IH2103,2020-08-31 09:32:39.100,3375.0000,4114,0,129499560.000,0,-,-,-,-,3373.0000,3372.8000,3372.2000,3371.8000,3371.2000,3380.8000,3382.4000,3383.2000,3383.4000,3383.6000,1,1,1,1,1,1,1,3,1,1
SF,IH2103,2020-08-31 09:32:39.600,3375.0000,4114,0,129499560.000,0,-,-,-,-,3373.2000,3373.0000,3372.2000,3371.8000,3371.2000,3380.2000,3380.6000,3380.8000,3382.4000,3384.6000,1,1,1,1,1,4,2,1,1,1
SF,IH2103,2020-08-31 09:32:40.100,3375.0000,4114,0,129499560.000,0,-,-,-,-,3374.6000,3373.4000,3373.2000,3372.2000,3371.8000,3379.4000,3379.8000,3380.0000,3380.2000,3380.6000,1,1,1,1,1,1,1,1,4,1
SF,IH2103,2020-08-31 09:32:40.600,3375.0000,4114,0,129499560.000,0,-,-,-,-,3374.8000,3374.6000,3372.2000,3371.8000,3371.2000,3378.8000,3379.0000,3379.2000,3379.4000,3379.8000,2,1,1,1,1,2,1,1,1,1
SF,IH2103,2020-08-31 09:32:41.100,3375.0000,4114,0,129499560.000,0,-,-,-,-,3374.8000,3374.6000,3372.2000,3371.8000,3371.2000,3378.6000,3378.8000,3379.0000,3379.4000,3379.8000,2,1,1,1,1,1,2,1,1,1
SF,IH2103,2020-08-31 09:32:41.600,3375.0000,4114,0,129499560.000,0,-,-,-,-,3375.0000,3374.8000,3372.2000,3371.8000,3371.2000,3378.6000,3378.8000,3379.8000,3380.2000,3380.6000,1,2,1,1,1,1,2,1,1,1
SF,IH2103,2020-08-31 09:32:42.100,3375.0000,4114,0,129499560.000,0,-,-,-,-,3375.2000,3375.0000,3372.2000,3371.8000,3371.2000,3378.6000,3380.2000,3380.6000,3387.8000,3389.4000,3,1,1,1,1,1,1,1,1,3
SF,IH2103,2020-08-31 09:32:42.600,3375.0000,4114,0,129499560.000,0,-,-,-,-,3375.2000,3375.0000,3372.2000,3371.8000,3371.2000,3387.8000,3389.4000,3393.2000,3399.0000,3399.8000,3,1,1,1,1,1,3,1,1,1
SF,IH2103,2020-08-31 09:32:43.100,3375.0000,4114,0,129499560.000,0,-,-,-,-,3375.2000,3375.0000,3372.2000,3371.8000,3371.2000,3384.6000,3386.2000,3387.2000,3387.6000,3387.8000,3,1,1,1,1,1,1,3,1,1
SF,IH2103,2020-08-31 09:32:43.600,3375.0000,4114,0,129499560.000,0,-,-,-,-,3375.2000,3375.0000,3372.2000,3371.8000,3371.2000,3384.0000,3384.4000,3387.8000,3389.4000,3393.2000,2,1,1,1,1,3,1,1,3,1
SF,IH2103,2020-08-31 09:32:44.100,3375.0000,4114,0,129499560.000,0,-,-,-,-,3376.2000,3375.2000,3372.2000,3371.8000,3371.2000,3381.4000,3382.4000,3383.4000,3383.8000,3384.0000,1,2,1,1,1,1,1,1,2,3
SF,IH2103,2020-08-31 09:32:44.600,3375.0000,4114,0,129499560.000,0,-,-,-,-,3376.4000,3376.2000,3372.2000,3371.8000,3371.2000,3380.8000,3381.2000,3381.4000,3382.4000,3383.4000,2,1,1,1,1,3,1,1,1,1
SF,IH2103,2020-08-31 09:32:45.100,3375.0000,4114,0,129499560.000,0,-,-,-,-,3376.4000,3372.2000,3371.8000,3370.0000,3368.2000,3380.6000,3380.8000,3383.4000,3383.8000,3387.8000,2,1,1,1,1,3,3,1,1,1
SF,IH2103,2020-08-31 09:32:45.600,3375.0000,4114,0,129499560.000,0,-,-,-,-,3376.4000,3372.2000,3370.0000,3368.2000,3368.0000,3380.0000,3380.2000,3380.6000,3380.8000,3383.8000,1,1,1,1,1,2,1,4,1,1
SF,IH2103,2020-08-31 09:32:46.100,3375.0000,4114,0,129499560.000,0,-,-,-,-,3370.0000,3368.2000,3368.0000,3351.0000,3350.0000,3379.4000,3379.8000,3380.0000,3380.2000,3380.6000,1,1,1,1,1,1,4,2,1,2
SF,IH2103,2020-08-31 09:32:46.600,3375.0000,4114,0,129499560.000,0,-,-,-,-,3373.6000,3371.8000,3370.8000,3370.2000,3370.0000,3378.8000,3379.2000,3379.4000,3379.8000,3380.2000,2,1,1,3,1,2,2,1,2,1
SF,IH2103,2020-08-31 09:32:47.100,3375.0000,4114,0,129499560.000,0,-,-,-,-,3373.8000,3373.6000,3371.8000,3370.8000,3370.2000,3378.6000,3378.8000,3379.8000,3380.2000,3380.6000,1,2,1,1,2,3,2,2,1,2
SF,IH2103,2020-08-31 09:32:47.600,3375.0000,4114,0,129499560.000,0,-,-,-,-,3375.0000,3374.0000,3373.8000,3373.6000,3371.8000,3378.4000,3378.6000,3378.8000,3379.8000,3380.2000,1,2,1,2,1,1,2,1,2,1
SF,IH2103,2020-08-31 09:32:48.100,3375.0000,4114,0,129499560.000,0,-,-,-,-,3375.2000,3375.0000,3374.0000,3373.6000,3371.8000,3378.4000,3379.8000,3380.2000,3381.8000,3383.8000,2,1,2,2,1,1,1,1,1,1
SF,IH2103,2020-08-31 09:32:48.600,3375.0000,4114,0,129499560.000,0,-,-,-,-,3375.2000,3374.0000,3370.2000,3370.0000,3368.2000,3378.2000,3379.8000,3380.2000,3381.8000,3383.8000,2,2,1,1,1,1,1,1,1,1
SF,IH2103,2020-08-31 09:32:49.100,3375.0000,4114,0,129499560.000,0,-,-,-,-,3375.2000,3370.2000,3370.0000,3368.2000,3368.0000,3379.8000,3380.2000,3381.8000,3383.8000,3387.8000,2,1,1,1,1,1,2,1,1,1
SF,IH2103,2020-08-31 09:32:49.600,3375.0000,4114,0,129499560.000,0,-,-,-,-,3375.8000,3375.2000,3370.2000,3370.0000,3368.2000,3379.2000,3379.6000,3379.8000,3380.2000,3381.8000,1,2,1,1,1,1,2,1,2,1
SF,IH2103,2020-08-31 09:32:50.100,3375.0000,4114,0,129499560.000,0,-,-,-,-,3376.0000,3375.8000,3370.2000,3370.0000,3368.2000,3379.0000,3379.2000,3379.6000,3379.8000,3380.2000,2,1,1,1,1,1,1,1,1,2
SF,IH2103,2020-08-31 09:32:50.600,3375.0000,4114,0,129499560.000,0,-,-,-,-,3378.2000,3376.0000,3375.8000,3370.2000,3370.0000,3378.4000,3378.8000,3379.0000,3379.6000,3379.8000,3,1,2,1,1,1,1,1,1,1
SF,IH2103,2020-08-31 09:32:51.100,3378.2000,4114,0,132539940.000,3,1,2,多换,S,3375.8000,3370.2000,3370.0000,3368.2000,3368.0000,3378.2000,3378.4000,3378.8000,3379.6000,3379.8000,1,1,1,1,1,2,2,1,1,1
SF,IH2103,2020-08-31 09:32:51.600,3375.8000,4115,1,133552680.000,1,1,0,双开,S,3370.2000,3370.0000,3368.2000,3368.0000,3351.0000,3377.6000,3377.8000,3378.0000,3378.2000,3378.8000,1,1,1,1,1,1,1,3,2,1
SF,IH2103,2020-08-31 09:32:52.100,3375.8000,4115,0,133552680.000,0,-,-,-,-,3373.8000,3373.6000,3370.6000,3370.4000,3370.2000,3377.2000,3377.4000,3377.6000,3377.8000,3378.0000,1,1,1,1,1,1,3,1,1,1
SF,IH2103,2020-08-31 09:32:52.600,3375.8000,4115,0,133552680.000,0,-,-,-,-,3374.0000,3373.6000,3370.6000,3370.2000,3370.0000,3376.6000,3377.0000,3377.2000,3377.4000,3378.0000,2,1,1,1,1,1,1,1,1,1
SF,IH2103,2020-08-31 09:32:53.100,3375.8000,4115,0,133552680.000,0,-,-,-,-,3374.0000,3373.6000,3370.6000,3370.0000,3368.2000,3376.4000,3376.6000,3377.2000,3377.4000,3378.0000,2,1,1,1,1,1,2,1,1,1
SF,IH2103,2020-08-31 09:32:53.600,3375.8000,4115,0,133552680.000,0,-,-,-,-,3374.0000,3370.0000,3368.2000,3368.0000,3351.0000,3376.0000,3376.4000,3377.2000,3377.4000,3378.0000,2,1,1,1,1,3,1,1,1,1
SF,IH2103,2020-08-31 09:32:54.100,3375.8000,4115,0,133552680.000,0,-,-,-,-,3374.0000,3370.0000,3368.2000,3368.0000,3351.0000,3375.8000,3376.0000,3377.2000,3377.4000,3378.0000,1,1,1,1,1,1,1,1,1,1
SF,IH2103,2020-08-31 09:32:54.600,3375.8000,4115,0,136590900.000,3,1,2,多换,S,3374.0000,3370.0000,3368.2000,3368.0000,3351.0000,3375.8000,3377.2000,3377.4000,3378.0000,3378.2000,1,1,1,1,1,2,1,1,1,2
SF,IH2103,2020-08-31 09:32:55.100,3375.8000,4115,0,136590900.000,0,-,-,-,-,3374.2000,3374.0000,3370.0000,3368.2000,3368.0000,3377.2000,3377.4000,3378.0000,3378.2000,3379.8000,2,1,1,1,1,1,1,1,2,1
SF,IH2103,2020-08-31 09:32:55.600,3375.8000,4115,0,136590900.000,0,-,-,-,-,3374.4000,3374.2000,3370.0000,3368.2000,3368.0000,3376.8000,3377.0000,3377.2000,3378.2000,3379.8000,1,2,1,1,1,1,2,1,2,1
SF,IH2103,2020-08-31 09:32:56.100,3375.8000,4115,0,136590900.000,0,-,-,-,-,3374.6000,3374.4000,3374.2000,3370.0000,3368.2000,3376.2000,3376.8000,3377.0000,3378.2000,3379.8000,1,1,1,1,1,1,1,2,2,1
SF,IH2103,2020-08-31 09:32:56.600,3376.2000,4114,-1,137603760.000,1,0,1,双平,S,3374.6000,3374.4000,3374.2000,3370.0000,3368.2000,3376.8000,3377.0000,3378.2000,3379.8000,3380.2000,1,1,1,1,1,1,1,2,1,1
SF,IH2103,2020-08-31 09:32:57.100,3376.2000,4114,0,137603760.000,0,-,-,-,-,3375.0000,3374.8000,3374.6000,3374.2000,3370.0000,3378.2000,3379.8000,3380.2000,3381.8000,3383.8000,1,2,1,1,1,2,1,1,1,1
SF,IH2103,2020-08-31 09:32:57.600,3376.2000,4114,0,137603760.000,0,-,-,-,-,3375.2000,3374.8000,3374.2000,3370.0000,3368.2000,3377.6000,3377.8000,3378.0000,3378.2000,3379.8000,2,1,1,1,1,1,2,1,2,1
SF,IH2103,2020-08-31 09:32:58.100,3376.2000,4114,0,137603760.000,0,-,-,-,-,3375.2000,3374.8000,3368.2000,3368.0000,3351.0000,3377.2000,3377.4000,3377.6000,3378.2000,3379.8000,2,1,1,1,1,2,1,1,2,1
SF,IH2103,2020-08-31 09:32:58.600,3376.2000,4114,0,137603760.000,0,-,-,-,-,3375.2000,3368.2000,3368.0000,3351.0000,3350.0000,3376.8000,3377.0000,3378.2000,3379.8000,3380.2000,2,1,1,1,1,1,5,2,1,1
SF,IH2103,2020-08-31 09:32:59.100,3375.2000,4113,-1,139628880.000,2,0,2,多平,S,3368.2000,3368.0000,3351.0000,3350.0000,3346.0000,3376.6000,3376.8000,3377.0000,3378.2000,3379.8000,1,1,1,1,1,3,1,2,2,1
SF,IH2103,2020-08-31 09:32:59.600,3375.2000,4113,0,139628880.000,0,-,-,-,-,3373.0000,3370.0000,3369.0000,3368.6000,3368.4000,3375.0000,3376.4000,3376.6000,3376.8000,3378.2000,1,1,1,1,7,2,1,1,1,2
SF,IH2103,2020-08-31 09:33:00.100,3375.0000,4112,-1,140641380.000,1,0,1,双平,S,3373.2000,3368.6000,3368.4000,3368.2000,3368.0000,3374.8000,3375.0000,3376.6000,3376.8000,3378.2000,1,1,5,1,1,1,1,1,1,2
SF,IH2103,2020-08-31 09:33:00.600,3375.0000,4112,0,140641380.000,0,-,-,-,-,3373.2000,3368.6000,3368.4000,3368.2000,3368.0000,3374.8000,3375.0000,3376.6000,3376.8000,3378.2000,1,1,5,1,1,1,1,1,1,1
SF,IH2103,2020-08-31 09:33:01.100,3375.0000,4112,0,140641380.000,0,-,-,-,-,3373.2000,3368.6000,3368.4000,3368.2000,3368.0000,3374.6000,3374.8000,3375.0000,3376.8000,3379.8000,1,1,5,1,1,1,1,1,1,1
SF,IH2103,2020-08-31 09:33:01.600,3374.6000,4111,-1,141653760.000,1,0,1,双平,S,3373.2000,3368.6000,3368.4000,3368.2000,3368.0000,3374.8000,3375.0000,3376.8000,3379.8000,3380.2000,1,1,3,1,1,1,1,1,1,1
SF,IH2103,2020-08-31 09:33:02.100,3374.8000,4111,0,142666200.000,1,0,1,多换,S,3373.2000,3368.6000,3368.4000,3368.2000,3368.0000,3376.8000,3379.8000,3380.2000,3381.8000,3383.8000,1,1,3,1,1,1,1,1,1,1
SF,IH2103,2020-08-31 09:33:02.600,3374.8000,4111,0,142666200.000,0,-,-,-,-,3374.0000,3373.4000,3373.2000,3368.4000,3368.2000,3376.6000,3376.8000,3379.8000,3380.2000,3381.8000,1,3,2,3,1,1,1,1,1,1
SF,IH2103,2020-08-31 09:33:03.100,3374.8000,4111,0,142666200.000,0,-,-,-,-,3374.2000,3374.0000,3373.4000,3373.2000,3368.4000,3376.2000,3376.6000,3379.8000,3380.2000,3381.8000,4,1,2,1,3,1,1,1,1,1
SF,IH2103,2020-08-31 09:33:03.600,3374.8000,4111,0,142666200.000,0,-,-,-,-,3374.2000,3373.4000,3373.2000,3368.4000,3368.2000,3376.0000,3376.2000,3379.8000,3380.2000,3381.8000,3,1,1,3,1,1,2,1,1,1
SF,IH2103,2020-08-31 09:33:04.100,3374.8000,4111,0,142666200.000,0,-,-,-,-,3373.2000,3368.4000,3368.2000,3368.0000,3351.0000,3374.2000,3375.4000,3375.8000,3376.0000,3379.8000,1,3,1,1,1,1,1,2,1,1
SF,IH2103,2020-08-31 09:33:04.600,3374.8000,4111,0,142666200.000,0,-,-,-,-,3373.2000,3368.4000,3368.2000,3368.0000,3351.0000,3374.2000,3375.4000,3375.6000,3375.8000,3376.0000,1,3,1,1,1,1,1,1,2,1
SF,IH2103,2020-08-31 09:33:05.100,3373.2000,4110,-1,143678160.000,1,0,1,双平,S,3368.4000,3368.2000,3368.0000,3351.0000,3350.0000,3373.2000,3374.0000,3374.2000,3375.4000,3375.8000,3,1,1,1,1,1,1,1,1,2
SF,IH2103,2020-08-31 09:33:05.600,3373.2000,4110,0,143678160.000,0,-,-,-,-,3368.8000,3368.6000,3368.2000,3368.0000,3351.0000,3373.0000,3373.2000,3374.0000,3374.2000,3375.4000,1,2,1,1,1,1,1,1,1,1
SF,IH2103,2020-08-31 09:33:06.100,3373.2000,4110,0,143678160.000,0,-,-,-,-,3371.8000,3370.6000,3369.4000,3369.0000,3368.8000,3372.8000,3373.0000,3373.2000,3374.0000,3374.2000,1,2,1,1,1,1,1,1,1,1
SF,IH2103,2020-08-31 09:33:06.600,3371.8000,4109,-1,144689700.000,1,0,1,双平,S,3370.6000,3369.4000,3369.0000,3368.8000,3368.6000,3372.6000,3372.8000,3373.2000,3374.0000,3374.2000,2,1,1,1,1,1,1,1,1,1
SF,IH2103,2020-08-31 09:33:07.100,3371.8000,4109,0,144689700.000,0,-,-,-,-,3370.8000,3369.4000,3368.6000,3368.2000,3368.0000,3372.4000,3372.6000,3372.8000,3373.2000,3374.2000,2,1,1,1,1,2,1,1,1,1
SF,IH2103,2020-08-31 09:33:07.600,3371.8000,4109,0,144689700.000,0,-,-,-,-,3371.0000,3370.8000,3369.4000,3368.6000,3368.2000,3372.6000,3373.2000,3374.2000,3379.8000,3380.2000,1,2,1,1,1,1,1,1,1,1
SF,IH2103,2020-08-31 09:33:08.100,3372.6000,4108,-1,145701480.000,1,0,1,双平,S,3371.2000,3371.0000,3370.8000,3369.4000,3368.6000,3374.2000,3379.8000,3380.2000,3381.8000,3383.8000,2,1,1,1,1,1,1,1,1,1
SF,IH2103,2020-08-31 09:33:08.600,3372.6000,4108,0,145701480.000,0,-,-,-,-,3373.2000,3371.4000,3371.2000,3371.0000,3370.8000,3374.0000,3374.2000,3379.8000,3380.2000,3381.8000,1,1,2,1,1,1,1,1,1,1
SF,IH2103,2020-08-31 09:33:09.100,3372.6000,4108,0,145701480.000,0,-,-,-,-,3373.2000,3371.4000,3371.2000,3371.0000,3369.4000,3374.0000,3374.2000,3379.8000,3380.2000,3381.8000,1,1,2,1,1,1,1,1,1,1
SF,IH2103,2020-08-31 09:33:09.600,3372.6000,4108,0,145701480.000,0,-,-,-,-,3373.2000,3372.4000,3371.6000,3371.4000,3371.2000,3373.8000,3374.0000,3374.2000,3379.8000,3380.2000,1,1,1,1,1,1,1,1,1,1
SF,IH2103,2020-08-31 09:33:10.100,3372.6000,4108,0,145701480.000,0,-,-,-,-,3372.4000,3371.6000,3371.4000,3371.2000,3371.0000,3373.6000,3373.8000,3374.2000,3375.4000,3379.8000,1,1,1,1,1,1,1,1,1,1
SF,IH2103,2020-08-31 09:33:10.600,3372.6000,4108,0,145701480.000,0,-,-,-,-,3372.4000,3371.6000,3371.4000,3371.2000,3371.0000,3373.6000,3374.2000,3375.4000,3379.8000,3380.2000,1,1,1,1,1,1,1,1,1,1
SF,IH2103,2020-08-31 09:33:11.100,3373.6000,4107,-1,146713560.000,1,0,1,双平,S,3372.4000,3371.6000,3371.4000,3371.2000,3371.0000,3374.2000,3375.4000,3379.8000,3380.2000,3381.8000,1,1,1,1,1,1,1,1,1,1
SF,IH2103,2020-08-31 09:33:11.600,3373.6000,4107,0,146713560.000,0,-,-,-,-,3372.6000,3372.4000,3371.6000,3371.4000,3371.0000,3375.4000,3379.8000,3380.2000,3381.8000,3383.8000,1,1,1,1,1,1,1,1,1,1
SF,IH2103,2020-08-31 09:33:12.100,3373.6000,4107,0,146713560.000,0,-,-,-,-,3372.8000,3372.6000,3372.4000,3371.6000,3371.0000,3375.0000,3375.4000,3377.0000,3379.8000,3380.2000,1,1,1,1,1,1,1,1,1,1
SF,IH2103,2020-08-31 09:33:12.600,3373.6000,4107,0,146713560.000,0,-,-,-,-,3373.0000,3372.8000,3372.4000,3371.6000,3371.0000,3375.0000,3375.4000,3377.0000,3379.8000,3380.2000,2,1,1,1,1,2,1,1,1,1
SF,IH2103,2020-08-31 09:33:13.100,3373.6000,4107,0,146713560.000,0,-,-,-,-,3373.2000,3373.0000,3372.4000,3371.6000,3371.0000,3374.8000,3375.4000,3377.0000,3379.8000,3380.2000,1,2,1,1,1,2,1,1,1,1
SF,IH2103,2020-08-31 09:33:13.600,3373.6000,4107,0,146713560.000,0,-,-,-,-,3373.4000,3373.2000,3372.4000,3371.6000,3371.0000,3374.6000,3375.4000,3377.0000,3379.8000,3380.2000,1,1,1,1,1,2,1,1,1,1
SF,IH2103,2020-08-31 09:33:14.100,3373.6000,4107,0,147725640.000,1,0,1,多换,S,3372.4000,3371.6000,3371.0000,3369.4000,3368.6000,3375.4000,3379.8000,3381.8000,3383.8000,3387.8000,1,1,1,1,1,1,1,1,1,1
SF,IH2103,2020-08-31 09:33:14.600,3373.6000,4107,0,147725640.000,0,-,-,-,-,3372.8000,3372.6000,3372.4000,3371.6000,3371.0000,3374.8000,3375.2000,3375.4000,3377.0000,3379.8000,5,2,1,1,1,1,1,1,1,1
SF,IH2103,2020-08-31 09:33:15.100,3373.6000,4107,0,147725640.000,0,-,-,-,-,3373.0000,3372.8000,3372.4000,3371.6000,3371.0000,3375.4000,3377.0000,3379.8000,3381.8000,3383.8000,2,5,1,1,1,1,1,1,1,1
SF,IH2103,2020-08-31 09:33:15.600,3373.6000,4107,0,147725640.000,0,-,-,-,-,3373.0000,3372.8000,3372.4000,3371.6000,3371.0000,3375.0000,3375.4000,3377.0000,3379.8000,3381.8000,2,5,1,1,1,1,1,1,1,1
SF,IH2103,2020-08-31 09:33:16.100,3373.6000,4107,0,147725640.000,0,-,-,-,-,3373.0000,3372.8000,3372.4000,3371.6000,3371.0000,3375.4000,3377.0000,3379.8000,3381.8000,3383.8000,2,5,1,1,1,1,1,1,1,1
SF,IH2103,2020-08-31 09:33:16.600,3373.6000,4107,0,147725640.000,0,-,-,-,-,3373.4000,3373.2000,3373.0000,3372.8000,3372.4000,3375.4000,3377.0000,3379.8000,3381.8000,3383.8000,1,1,2,5,1,1,1,1,1,1
SF,IH2103,2020-08-31 09:33:17.100,3373.6000,4107,0,147725640.000,0,-,-,-,-,3374.8000,3373.6000,3373.4000,3373.2000,3372.8000,3375.0000,3375.4000,3377.0000,3379.8000,3381.8000,1,2,1,1,5,2,1,1,1,1
SF,IH2103,2020-08-31 09:33:17.600,3374.8000,4107,0,148738080.000,1,0,1,多换,S,3373.6000,3373.4000,3372.8000,3372.4000,3369.4000,3374.6000,3374.8000,3375.4000,3377.0000,3379.8000,1,1,5,1,1,2,1,1,1,1
SF,IH2103,2020-08-31 09:33:18.100,3374.8000,4107,0,148738080.000,0,-,-,-,-,3373.6000,3372.8000,3372.4000,3369.4000,3368.6000,3374.8000,3375.4000,3379.8000,3381.8000,3383.8000,1,5,1,1,1,1,1,1,1,1
SF,IH2103,2020-08-31 09:33:18.600,3374.8000,4107,0,148738080.000,0,-,-,-,-,3373.6000,3372.8000,3372.4000,3369.4000,3368.6000,3374.8000,3375.4000,3376.6000,3379.8000,3381.8000,1,5,1,1,1,1,1,1,1,1
SF,IH2103,2020-08-31 09:33:20.100,3374.8000,4107,0,148738080.000,0,-,-,-,-,3373.6000,3372.8000,3372.4000,3372.0000,3369.4000,3374.8000,3375.4000,3376.6000,3379.8000,3381.8000,1,5,1,1,1,1,1,1,1,1
SF,IH2103,2020-08-31 09:33:21.100,3374.8000,4107,0,148738080.000,0,-,-,-,-,3373.6000,3373.4000,3372.8000,3372.4000,3372.2000,3374.8000,3375.4000,3376.6000,3379.8000,3381.8000,1,5,5,1,1,1,1,1,1,1
SF,IH2103,2020-08-31 09:33:21.600,3374.8000,4107,0,148738080.000,0,-,-,-,-,3373.6000,3373.4000,3372.8000,3372.4000,3372.2000,3374.0000,3374.8000,3375.4000,3376.6000,3379.8000,1,5,5,1,1,1,1,1,1,1
SF,IH2103,2020-08-31 09:33:22.100,3374.0000,4106,-1,149750280.000,1,0,1,双平,S,3374.0000,3373.4000,3372.8000,3372.4000,3372.0000,3374.8000,3375.4000,3379.8000,3381.8000,3383.8000,2,5,5,1,1,1,1,1,1,1
SF,IH2103,2020-08-31 09:33:22.600,3374.0000,4106,0,149750280.000,0,-,-,-,-,3374.2000,3373.4000,3372.8000,3372.4000,3372.0000,3374.8000,3375.4000,3376.4000,3379.8000,3381.8000,1,5,5,1,1,1,1,1,1,1
SF,IH2103,2020-08-31 09:33:23.100,3374.0000,4106,0,149750280.000,0,-,-,-,-,3374.2000,3373.4000,3372.8000,3372.4000,3372.0000,3375.4000,3376.4000,3379.8000,3381.8000,3383.8000,1,5,5,1,1,1,1,1,1,1
SF,IH2103,2020-08-31 09:33:23.600,3374.0000,4106,0,149750280.000,0,-,-,-,-,3374.2000,3373.4000,3372.8000,3372.4000,3372.0000,3375.4000,3376.4000,3377.2000,3379.8000,3381.8000,1,5,5,1,1,1,1,1,1,1
SF,IH2103,2020-08-31 09:33:24.100,3374.0000,4106,0,149750280.000,0,-,-,-,-,3374.2000,3373.4000,3372.8000,3372.0000,3369.4000,3375.4000,3376.4000,3377.2000,3379.8000,3381.8000,1,5,5,1,1,1,1,1,1,1
SF,IH2103,2020-08-31 09:33:24.600,3374.2000,4105,-1,150762540.000,1,0,1,双平,S,3373.4000,3372.8000,3372.0000,3369.4000,3368.6000,3374.2000,3375.2000,3375.4000,3376.4000,3377.2000,5,5,1,1,1,2,1,1,1,1
SF,IH2103,2020-08-31 09:33:25.100,3374.2000,4105,0,150762540.000,0,-,-,-,-,3373.4000,3372.8000,3372.0000,3369.4000,3368.6000,3374.2000,3375.2000,3375.4000,3376.4000,3379.8000,5,5,1,1,1,2,1,1,1,1
SF,IH2103,2020-08-31 09:33:25.600,3374.2000,4105,0,150762540.000,0,-,-,-,-,3373.6000,3373.4000,3372.8000,3372.0000,3369.4000,3374.2000,3375.2000,3375.4000,3376.4000,3379.8000,1,5,5,1,1,2,1,1,1,1
SF,IH2103,2020-08-31 09:33:26.100,3373.4000,4104,-1,154810680.000,4,1,3,多平,S,3373.4000,3372.8000,3372.0000,3369.4000,3368.6000,3374.2000,3375.2000,3375.4000,3376.4000,3379.8000,2,5,1,1,1,3,1,1,1,1
SF,IH2103,2020-08-31 09:33:26.600,3373.4000,4104,0,156834720.000,2,1,1,多换,S,3372.8000,3372.0000,3369.4000,3368.6000,3368.2000,3374.0000,3374.2000,3375.2000,3375.4000,3376.4000,5,1,1,1,1,2,1,1,1,1
SF,IH2103,2020-08-31 09:33:27.100,3372.8000,4104,0,161894220.000,5,2,3,多换,S,3372.8000,3372.0000,3369.4000,3368.6000,3368.2000,3373.8000,3374.0000,3374.2000,3375.2000,3375.4000,1,1,1,1,1,1,2,1,1,1
SF,IH2103,2020-08-31 09:33:27.600,3372.8000,4104,0,162906060.000,1,0,1,多换,S,3372.0000,3368.6000,3368.2000,3368.0000,3365.8000,3373.6000,3373.8000,3374.0000,3374.2000,3375.2000,1,1,1,1,1,1,1,2,1,1
SF,IH2103,2020-08-31 09:33:28.100,3372.8000,4104,0,162906060.000,0,-,-,-,-,3372.6000,3372.0000,3368.6000,3368.2000,3368.0000,3373.4000,3373.6000,3373.8000,3374.0000,3374.2000,5,1,1,1,1,3,1,1,2,1
SF,IH2103,2020-08-31 09:33:28.600,3372.0000,4104,0,168976560.000,6,3,3,多换,S,3368.6000,3368.4000,3368.2000,3368.0000,3365.8000,3373.2000,3373.4000,3373.8000,3374.0000,3374.2000,1,1,1,1,1,1,1,1,2,1
SF,IH2103,2020-08-31 09:33:29.100,3372.0000,4104,0,168976560.000,0,-,-,-,-,3369.0000,3368.8000,3368.6000,3368.4000,3368.2000,3372.6000,3373.0000,3373.2000,3373.4000,3373.8000,1,1,1,1,1,1,1,1,1,1
SF,IH2103,2020-08-31 09:33:29.600,3372.0000,4104,0,168976560.000,0,-,-,-,-,3369.2000,3369.0000,3368.6000,3368.4000,3368.2000,3372.2000,3372.4000,3372.6000,3373.4000,3374.0000,2,1,1,1,1,1,2,1,1,2
SF,IH2103,2020-08-31 09:33:30.100,3372.0000,4104,0,168976560.000,0,-,-,-,-,3369.2000,3369.0000,3368.6000,3368.4000,3368.2000,3372.0000,3372.2000,3372.6000,3373.4000,3374.2000,2,1,1,1,1,1,1,1,1,1
SF,IH2103,2020-08-31 09:33:30.600,3372.0000,4104,0,168976560.000,0,-,-,-,-,3369.2000,3369.0000,3368.6000,3368.4000,3368.2000,3371.6000,3371.8000,3372.0000,3372.2000,3372.6000,2,1,1,1,1,1,1,1,1,1
SF,IH2103,2020-08-31 09:33:31.100,3371.6000,4104,0,169988040.000,1,0,1,多换,S,3369.4000,3369.2000,3369.0000,3368.6000,3368.4000,3372.2000,3372.6000,3373.4000,3374.2000,3379.6000,1,2,1,1,1,1,1,1,1,3
SF,IH2103,2020-08-31 09:33:31.600,3371.6000,4104,0,169988040.000,0,-,-,-,-,3369.6000,3369.4000,3369.2000,3369.0000,3368.6000,3372.2000,3372.6000,3373.4000,3374.2000,3379.6000,2,1,1,1,1,1,1,1,1,3
SF,IH2103,2020-08-31 09:33:32.100,3371.6000,4104,0,169988040.000,0,-,-,-,-,3369.8000,3369.6000,3369.2000,3369.0000,3368.6000,3373.4000,3374.2000,3379.6000,3381.8000,3387.8000,2,2,1,1,1,1,1,3,1,1
SF,IH2103,2020-08-31 09:33:32.600,3371.6000,4104,0,169988040.000,0,-,-,-,-,3370.0000,3369.8000,3369.6000,3369.2000,3369.0000,3373.2000,3373.4000,3374.2000,3379.6000,3381.8000,2,2,1,1,1,1,1,1,3,1
SF,IH2103,2020-08-31 09:33:33.100,3371.6000,4104,0,169988040.000,0,-,-,-,-,3370.2000,3370.0000,3369.8000,3369.6000,3369.2000,3373.2000,3373.4000,3374.2000,3379.6000,3381.8000,1,2,1,1,1,1,1,1,3,1
SF,IH2103,2020-08-31 09:33:33.600,3371.6000,4104,0,169988040.000,0,-,-,-,-,3370.6000,3370.4000,3370.2000,3370.0000,3369.8000,3373.2000,3374.2000,3379.6000,3381.8000,3387.8000,1,1,1,1,1,1,1,3,1,1
SF,IH2103,2020-08-31 09:33:34.100,3371.6000,4104,0,169988040.000,0,-,-,-,-,3370.8000,3370.0000,3369.8000,3369.6000,3369.2000,3372.6000,3373.2000,3374.2000,3379.6000,3381.8000,2,1,1,1,1,1,1,1,3,1
SF,IH2103,2020-08-31 09:33:34.600,3371.6000,4104,0,169988040.000,0,-,-,-,-,3370.8000,3370.0000,3369.8000,3369.6000,3368.6000,3372.4000,3372.6000,3374.2000,3379.6000,3381.8000,2,1,1,1,1,1,1,1,3,1
SF,IH2103,2020-08-31 09:33:35.100,3371.6000,4104,0,169988040.000,0,-,-,-,-,3370.8000,3370.0000,3369.8000,3368.6000,3368.2000,3372.2000,3372.4000,3374.2000,3379.6000,3381.8000,2,1,1,1,1,2,1,1,3,1
SF,IH2103,2020-08-31 09:33:35.600,3371.6000,4104,0,169988040.000,0,-,-,-,-,3369.8000,3368.6000,3368.2000,3368.0000,3365.8000,3372.0000,3372.2000,3372.4000,3374.2000,3379.6000,1,1,1,1,1,2,2,1,1,3
SF,IH2103,2020-08-31 09:33:36.100,3371.6000,4104,0,169988040.000,0,-,-,-,-,3370.0000,3368.2000,3368.0000,3365.8000,3351.0000,3371.8000,3372.0000,3372.2000,3374.2000,3379.6000,2,1,1,1,1,1,2,2,1,3
SF,IH2103,2020-08-31 09:33:36.600,3371.6000,4104,0,169988040.000,0,-,-,-,-,3370.0000,3368.2000,3368.0000,3365.8000,3351.0000,3371.8000,3372.2000,3374.2000,3379.6000,3381.8000,2,1,1,1,1,1,2,1,3,1
SF,IH2103,2020-08-31 09:33:37.100,3371.6000,4104,0,169988040.000,0,-,-,-,-,3370.2000,3370.0000,3368.2000,3368.0000,3365.8000,3372.2000,3374.2000,3379.6000,3381.8000,3386.4000,1,2,1,1,1,2,1,3,1,5
SF,IH2103,2020-08-31 09:33:37.600,3371.6000,4104,0,169988040.000,0,-,-,-,-,3370.4000,3370.2000,3368.2000,3368.0000,3365.8000,3372.0000,3374.2000,3379.6000,3381.8000,3386.4000,2,1,1,1,1,2,1,3,1,5
SF,IH2103,2020-08-31 09:33:38.100,3371.6000,4104,0,169988040.000,0,-,-,-,-,3370.4000,3370.2000,3368.2000,3368.0000,3365.8000,3371.8000,3374.2000,3379.6000,3381.8000,3386.4000,2,1,1,1,1,2,1,3,1,5
SF,IH2103,2020-08-31 09:33:38.600,3371.6000,4104,0,169988040.000,0,-,-,-,-,3370.4000,3370.2000,3368.2000,3368.0000,3365.8000,3371.8000,3374.2000,3379.6000,3381.8000,3386.4000,1,1,1,1,1,2,1,3,1,5
SF,IH2103,2020-08-31 09:33:39.100,3371.6000,4104,0,169988040.000,0,-,-,-,-,3370.4000,3368.2000,3368.0000,3365.8000,3351.0000,3371.8000,3374.2000,3379.6000,3381.8000,3386.4000,1,1,1,1,1,2,1,3,1,5
SF,IH2103,2020-08-31 09:33:41.600,3371.8000,4104,0,172011120.000,2,1,1,多换,S,3370.4000,3368.2000,3368.0000,3365.8000,3351.0000,3374.2000,3379.6000,3381.8000,3386.4000,3387.8000,1,1,1,1,1,1,3,1,5,1
SF,IH2103,2020-08-31 09:33:42.100,3371.8000,4104,0,172011120.000,0,-,-,-,-,3370.8000,3370.6000,3370.4000,3368.2000,3368.0000,3372.0000,3374.0000,3374.2000,3379.6000,3381.8000,1,3,1,1,1,1,1,1,3,1
SF,IH2103,2020-08-31 09:33:42.600,3372.0000,4103,-1,173022720.000,1,0,1,双平,S,3373.0000,3371.0000,3370.6000,3368.2000,3368.0000,3374.2000,3379.6000,3381.8000,3386.4000,3387.8000,2,1,2,1,1,1,3,1,5,1
SF,IH2103,2020-08-31 09:33:43.100,3373.0000,4101,-2,175046520.000,2,0,2,双平,S,3371.0000,3370.6000,3368.2000,3368.0000,3365.8000,3374.2000,3379.6000,3381.8000,3386.4000,3387.8000,1,2,1,1,1,1,3,1,5,1
SF,IH2103,2020-08-31 09:33:43.600,3373.0000,4101,0,175046520.000,0,-,-,-,-,3371.4000,3371.2000,3371.0000,3370.6000,3368.2000,3374.2000,3379.6000,3381.8000,3386.4000,3387.8000,1,3,1,2,1,1,3,1,5,1
SF,IH2103,2020-08-31 09:33:44.100,3373.0000,4101,0,175046520.000,0,-,-,-,-,3371.8000,3371.6000,3371.2000,3371.0000,3370.6000,3374.2000,3379.6000,3381.8000,3386.4000,3387.8000,1,2,1,1,1,1,3,1,5,1
SF,IH2103,2020-08-31 09:33:44.600,3373.0000,4101,0,175046520.000,0,-,-,-,-,3372.2000,3372.0000,3371.8000,3371.2000,3371.0000,3374.2000,3379.6000,3381.8000,3386.4000,3387.8000,1,2,2,1,1,1,3,1,5,1
SF,IH2103,2020-08-31 09:33:45.100,3374.2000,4100,-1,176058780.000,1,0,1,双平,S,3374.2000,3372.6000,3372.4000,3372.2000,3371.8000,3379.6000,3381.8000,3386.4000,3387.8000,3389.4000,1,1,4,1,1,3,1,5,1,3
SF,IH2103,2020-08-31 09:33:45.600,3374.2000,4099,-1,178083300.000,2,0,2,多平,S,3372.6000,3372.4000,3372.2000,3371.8000,3368.2000,3375.2000,3378.2000,3379.0000,3379.4000,3379.6000,1,1,1,1,1,1,1,1,3,3
SF,IH2103,2020-08-31 09:33:46.100,3374.2000,4099,0,178083300.000,0,-,-,-,-,3372.8000,3372.6000,3372.2000,3371.8000,3368.2000,3379.0000,3379.4000,3379.6000,3381.8000,3386.4000,2,1,1,1,1,1,3,3,1,5
SF,IH2103,2020-08-31 09:33:46.600,3374.2000,4099,0,178083300.000,0,-,-,-,-,3372.8000,3372.2000,3371.8000,3368.2000,3368.0000,3378.4000,3378.6000,3378.8000,3379.0000,3379.4000,2,1,1,1,1,1,1,1,1,2
SF,IH2103,2020-08-31 09:33:47.100,3374.2000,4099,0,178083300.000,0,-,-,-,-,3372.8000,3372.2000,3371.8000,3368.2000,3368.0000,3375.2000,3378.2000,3378.4000,3378.6000,3379.0000,2,1,1,1,1,1,2,1,1,1
SF,IH2103,2020-08-31 09:33:48.100,3374.2000,4099,0,178083300.000,0,-,-,-,-,3373.0000,3372.8000,3372.2000,3371.8000,3368.2000,3375.2000,3378.2000,3378.4000,3378.6000,3379.0000,1,2,1,1,1,1,2,1,1,1
SF,IH2103,2020-08-31 09:33:48.600,3374.2000,4099,0,178083300.000,0,-,-,-,-,3373.2000,3373.0000,3372.2000,3371.8000,3368.2000,3375.0000,3375.2000,3378.2000,3378.6000,3379.0000,1,1,1,1,1,2,1,1,1,1
SF,IH2103,2020-08-31 09:33:49.100,3373.2000,4098,-1,179095260.000,1,0,1,双平,S,3372.2000,3368.2000,3368.0000,3365.8000,3352.8000,3373.2000,3374.8000,3375.0000,3375.2000,3378.2000,1,1,1,1,1,1,1,2,1,1
SF,IH2103,2020-08-31 09:33:49.600,3372.2000,4097,-1,180106920.000,1,0,1,双平,S,3368.2000,3368.0000,3365.8000,3352.8000,3351.0000,3373.0000,3373.2000,3374.8000,3375.0000,3378.2000,1,1,1,1,1,1,1,2,1,1
SF,IH2103,2020-08-31 09:33:50.100,3372.2000,4097,0,180106920.000,0,-,-,-,-,3368.6000,3368.4000,3368.2000,3368.0000,3365.8000,3372.2000,3372.6000,3372.8000,3373.0000,3373.2000,1,1,1,1,1,1,1,1,1,1
SF,IH2103,2020-08-31 09:33:50.600,3372.2000,4097,0,180106920.000,0,-,-,-,-,3368.8000,3368.6000,3368.2000,3368.0000,3365.8000,3372.0000,3372.2000,3372.6000,3373.2000,3374.8000,2,1,1,1,1,2,1,1,1,1
SF,IH2103,2020-08-31 09:33:51.100,3372.2000,4097,0,180106920.000,0,-,-,-,-,3369.4000,3369.2000,3368.8000,3368.6000,3368.2000,3372.0000,3372.2000,3372.6000,3373.2000,3374.8000,1,2,2,1,1,2,1,1,1,1
SF,IH2103,2020-08-31 09:33:51.600,3372.2000,4096,-1,182130180.000,2,0,2,多平,S,3369.6000,3369.4000,3369.2000,3368.8000,3368.6000,3373.2000,3374.8000,3378.2000,3378.6000,3379.0000,3,1,2,1,1,1,1,1,1,1
SF,IH2103,2020-08-31 09:33:52.100,3372.2000,4096,0,182130180.000,0,-,-,-,-,3370.2000,3369.6000,3369.4000,3368.8000,3368.2000,3373.2000,3374.8000,3378.2000,3378.6000,3379.0000,1,3,1,1,1,1,1,1,1,1
SF,IH2103,2020-08-31 09:33:52.600,3372.2000,4096,0,182130180.000,0,-,-,-,-,3370.8000,3370.4000,3370.2000,3369.6000,3369.4000,3373.2000,3374.8000,3378.2000,3378.6000,3379.0000,1,2,1,1,1,1,1,1,1,1
SF,IH2103,2020-08-31 09:33:53.100,3372.2000,4096,0,182130180.000,0,-,-,-,-,3371.2000,3371.0000,3370.2000,3369.6000,3368.8000,3373.2000,3374.8000,3378.2000,3378.6000,3379.0000,2,4,1,1,1,1,1,1,1,1
SF,IH2103,2020-08-31 09:33:53.600,3372.2000,4096,0,182130180.000,0,-,-,-,-,3371.4000,3371.0000,3370.2000,3369.6000,3368.8000,3373.2000,3374.8000,3378.2000,3378.6000,3379.0000,4,2,1,1,1,1,1,1,1,1
SF,IH2103,2020-08-31 09:33:54.100,3372.2000,4096,0,182130180.000,0,-,-,-,-,3371.4000,3371.0000,3370.2000,3369.6000,3368.8000,3373.0000,3373.2000,3374.8000,3378.2000,3378.6000,2,2,1,1,1,1,1,1,1,1
SF,IH2103,2020-08-31 09:33:54.600,3372.2000,4096,0,182130180.000,0,-,-,-,-,3371.6000,3371.4000,3371.0000,3370.2000,3369.6000,3372.8000,3373.0000,3373.2000,3374.8000,3378.2000,1,1,1,1,1,1,1,1,1,1
SF,IH2103,2020-08-31 09:33:55.100,3372.2000,4096,0,182130180.000,0,-,-,-,-,3371.0000,3370.2000,3368.2000,3368.0000,3365.8000,3371.6000,3372.6000,3372.8000,3373.2000,3374.8000,1,1,1,1,1,1,1,1,1,1
SF,IH2103,2020-08-31 09:33:55.600,3371.0000,4095,-1,183141480.000,1,0,1,双平,S,3368.2000,3368.0000,3365.8000,3352.8000,3351.0000,3371.6000,3372.6000,3372.8000,3373.2000,3374.8000,1,1,1,1,1,1,1,1,1,1
SF,IH2103,2020-08-31 09:33:56.100,3371.0000,4095,0,183141480.000,0,-,-,-,-,3368.8000,3368.6000,3368.4000,3368.2000,3368.0000,3371.4000,3371.6000,3373.2000,3374.8000,3378.2000,1,1,2,1,1,1,1,1,1,1
SF,IH2103,2020-08-31 09:33:56.600,3371.0000,4095,0,183141480.000,0,-,-,-,-,3369.4000,3369.0000,3368.8000,3368.6000,3368.2000,3371.6000,3373.2000,3374.8000,3378.2000,3378.6000,1,2,1,1,1,1,1,1,1,1
SF,IH2103,2020-08-31 09:33:57.100,3371.0000,4095,0,183141480.000,0,-,-,-,-,3369.6000,3369.4000,3368.6000,3368.2000,3368.0000,3371.6000,3373.2000,3374.8000,3378.2000,3378.6000,2,1,1,1,1,1,1,1,1,1
SF,IH2103,2020-08-31 09:33:57.600,3369.6000,4095,0,184152360.000,1,0,1,多换,S,3369.6000,3369.4000,3368.6000,3368.2000,3368.0000,3371.4000,3371.6000,3373.2000,3374.8000,3378.2000,1,1,1,1,1,2,1,1,1,1
SF,IH2103,2020-08-31 09:33:58.100,3369.6000,4095,0,184152360.000,0,-,-,-,-,3369.4000,3368.6000,3368.2000,3368.0000,3365.8000,3371.2000,3371.4000,3371.6000,3373.2000,3374.8000,1,1,1,1,1,1,2,1,1,1
SF,IH2103,2020-08-31 09:33:58.600,3369.6000,4095,0,184152360.000,0,-,-,-,-,3368.6000,3368.2000,3368.0000,3365.8000,3352.8000,3371.0000,3371.2000,3371.4000,3371.6000,3373.2000,1,1,1,1,1,1,1,1,1,1
SF,IH2103,2020-08-31 09:33:59.100,3369.6000,4095,0,184152360.000,0,-,-,-,-,3368.8000,3368.6000,3368.2000,3368.0000,3365.8000,3370.8000,3371.0000,3371.2000,3371.6000,3373.2000,1,1,1,1,1,1,1,1,1,1
SF,IH2103,2020-08-31 09:33:59.600,3369.6000,4095,0,184152360.000,0,-,-,-,-,3368.6000,3368.2000,3368.0000,3365.8000,3352.8000,3370.6000,3370.8000,3371.2000,3371.6000,3374.8000,1,1,1,1,1,1,1,1,1,1
SF,IH2103,2020-08-31 09:34:00.100,3369.6000,4095,0,184152360.000,0,-,-,-,-,3368.8000,3368.2000,3368.0000,3365.8000,3352.8000,3370.4000,3370.6000,3371.2000,3371.6000,3374.8000,1,1,1,1,1,1,1,1,1,1
SF,IH2103,2020-08-31 09:34:00.600,3369.6000,4095,0,184152360.000,0,-,-,-,-,3368.2000,3368.0000,3365.8000,3352.8000,3351.0000,3370.2000,3370.4000,3371.2000,3371.6000,3374.8000,1,1,1,1,1,1,1,1,1,1
SF,IH2103,2020-08-31 09:34:01.100,3369.6000,4095,0,184152360.000,0,-,-,-,-,3369.0000,3368.4000,3368.2000,3368.0000,3365.8000,3370.0000,3370.2000,3371.2000,3371.6000,3374.8000,1,1,1,1,1,1,1,1,1,1
SF,IH2103,2020-08-31 09:34:01.600,3370.2000,4094,-1,186174420.000,2,0,2,多平,S,3369.0000,3368.4000,3368.2000,3368.0000,3365.8000,3371.6000,3374.8000,3378.2000,3378.6000,3379.0000,1,2,1,1,1,1,1,1,1,1
SF,IH2103,2020-08-31 09:34:02.100,3370.2000,4094,0,186174420.000,0,-,-,-,-,3369.2000,3369.0000,3368.2000,3368.0000,3365.8000,3369.4000,3371.6000,3374.8000,3378.2000,3378.6000,2,1,1,1,1,1,1,1,1,1
SF,IH2103,2020-08-31 09:34:02.600,3370.2000,4093,-1,187185480.000,1,0,1,双平,S,3369.4000,3368.2000,3368.0000,3365.8000,3352.8000,3371.6000,3374.8000,3378.2000,3378.6000,3379.0000,2,1,1,1,1,1,1,1,1,1
SF,IH2103,2020-08-31 09:34:03.100,3370.2000,4093,0,187185480.000,0,-,-,-,-,3370.0000,3369.6000,3369.4000,3368.2000,3368.0000,3371.6000,3373.6000,3374.8000,3378.2000,3378.6000,1,2,2,1,1,1,1,1,1,1
SF,IH2103,2020-08-31 09:34:03.600,3370.2000,4093,0,187185480.000,0,-,-,-,-,3370.2000,3370.0000,3369.8000,3369.6000,3369.4000,3371.6000,3373.6000,3374.8000,3378.2000,3378.6000,1,1,1,1,2,1,1,1,1,1
SF,IH2103,2020-08-31 09:34:04.100,3370.2000,4093,0,187185480.000,0,-,-,-,-,3370.2000,3370.0000,3369.6000,3369.4000,3368.2000,3371.4000,3371.6000,3373.6000,3374.8000,3378.2000,1,1,1,1,1,1,1,1,1,1
SF,IH2103,2020-08-31 09:34:04.600,3370.0000,4092,-1,189207540.000,2,0,2,多平,S,3369.6000,3369.4000,3368.2000,3368.0000,3365.8000,3371.4000,3371.6000,3373.6000,3374.8000,3378.2000,1,1,1,1,1,1,1,1,1,1
SF,IH2103,2020-08-31 09:34:05.100,3370.0000,4092,0,189207540.000,0,-,-,-,-,3369.6000,3369.4000,3368.2000,3368.0000,3365.8000,3371.2000,3371.4000,3371.6000,3373.6000,3374.8000,1,1,1,1,1,1,1,1,1,1
SF,IH2103,2020-08-31 09:34:05.600,3370.0000,4092,0,189207540.000,0,-,-,-,-,3369.8000,3369.6000,3369.4000,3368.2000,3368.0000,3371.2000,3371.4000,3371.6000,3378.2000,3378.6000,1,1,1,1,1,2,1,1,1,1
SF,IH2103,2020-08-31 09:34:06.100,3370.0000,4092,0,189207540.000,0,-,-,-,-,3371.2000,3369.8000,3369.6000,3369.4000,3368.2000,3371.6000,3373.2000,3378.2000,3378.6000,3379.0000,1,3,1,1,1,1,1,1,1,1
SF,IH2103,2020-08-31 09:34:06.600,3370.0000,4092,0,189207540.000,0,-,-,-,-,3371.2000,3369.8000,3369.6000,3369.4000,3368.2000,3373.2000,3378.2000,3378.6000,3379.0000,3379.2000,1,1,2,1,1,1,1,1,1,3
SF,IH2103,2020-08-31 09:34:07.100,3370.0000,4092,0,189207540.000,0,-,-,-,-,3371.6000,3371.4000,3371.2000,3369.6000,3369.4000,3373.0000,3373.2000,3378.2000,3378.6000,3379.0000,1,2,1,1,1,2,1,1,1,1
SF,IH2103,2020-08-31 09:34:07.600,3370.0000,4092,0,189207540.000,0,-,-,-,-,3371.6000,3371.4000,3371.2000,3369.6000,3369.4000,3373.0000,3373.2000,3374.8000,3378.2000,3378.6000,1,1,1,1,1,2,1,1,1,1
SF,IH2103,2020-08-31 09:34:08.100,3370.0000,4092,0,189207540.000,0,-,-,-,-,3371.6000,3371.4000,3371.2000,3369.6000,3369.4000,3373.0000,3373.2000,3374.8000,3378.2000,3378.6000,1,1,1,1,1,1,1,1,1,1
SF,IH2103,2020-08-31 09:34:08.600,3370.0000,4092,0,189207540.000,0,-,-,-,-,3371.6000,3371.4000,3371.2000,3369.6000,3369.4000,3373.0000,3373.2000,3374.8000,3378.2000,3378.6000,1,1,1,1,1,1,1,1,1,1
SF,IH2103,2020-08-31 09:34:09.100,3370.0000,4092,0,189207540.000,0,-,-,-,-,3371.4000,3371.2000,3369.6000,3369.4000,3368.2000,3372.8000,3373.0000,3373.2000,3374.8000,3378.2000,1,1,1,1,1,1,1,1,1,1
SF,IH2103,2020-08-31 09:34:09.600,3371.4000,4092,0,190218960.000,1,0,1,多换,S,3371.2000,3369.6000,3369.4000,3368.2000,3368.0000,3372.6000,3372.8000,3373.2000,3374.8000,3378.2000,1,1,1,1,1,1,1,1,1,1
SF,IH2103,2020-08-31 09:34:10.100,3371.4000,4092,0,190218960.000,0,-,-,-,-,3371.2000,3369.6000,3369.4000,3368.2000,3368.0000,3372.4000,3372.6000,3373.2000,3374.8000,3378.2000,1,1,1,1,1,1,1,1,1,1
SF,IH2103,2020-08-31 09:34:10.600,3371.4000,4092,0,190218960.000,0,-,-,-,-,3371.2000,3369.6000,3369.4000,3368.2000,3368.0000,3372.6000,3373.2000,3378.2000,3378.6000,3379.0000,1,1,1,1,1,1,1,1,1,1
SF,IH2103,2020-08-31 09:34:11.100,3372.2000,4091,-1,191230620.000,1,0,1,双平,S,3371.4000,3371.2000,3369.6000,3369.4000,3368.2000,3373.2000,3378.2000,3378.6000,3379.0000,3379.2000,1,1,1,1,1,1,1,1,1,3
SF,IH2103,2020-08-31 09:34:11.600,3372.2000,4091,0,191230620.000,0,-,-,-,-,3371.6000,3371.4000,3371.2000,3369.6000,3369.4000,3373.2000,3378.2000,3378.6000,3379.0000,3379.2000,1,1,1,1,1,1,1,1,1,3
SF,IH2103,2020-08-31 09:34:12.100,3372.2000,4091,0,191230620.000,0,-,-,-,-,3371.8000,3371.2000,3369.6000,3369.4000,3368.2000,3373.2000,3378.2000,3378.6000,3379.0000,3379.2000,1,1,1,1,1,1,1,1,1,3
SF,IH2103,2020-08-31 09:34:12.600,3372.2000,4091,0,191230620.000,0,-,-,-,-,3372.0000,3371.8000,3371.2000,3369.6000,3368.2000,3378.2000,3378.6000,3379.0000,3379.2000,3379.6000,1,3,1,1,1,1,1,1,3,3
SF,IH2103,2020-08-31 09:34:13.100,3372.2000,4091,0,191230620.000,0,-,-,-,-,3372.2000,3372.0000,3371.2000,3368.2000,3368.0000,3377.4000,3377.6000,3378.0000,3378.2000,3378.6000,2,1,1,1,1,1,1,1,1,1
SF,IH2103,2020-08-31 09:34:13.600,3372.2000,4091,0,191230620.000,0,-,-,-,-,3372.2000,3371.2000,3368.2000,3368.0000,3365.8000,3374.0000,3377.0000,3377.2000,3377.6000,3378.0000,2,1,1,1,1,1,1,2,1,1
SF,IH2103,2020-08-31 09:34:14.100,3372.2000,4091,0,191230620.000,0,-,-,-,-,3372.2000,3371.2000,3368.2000,3368.0000,3365.8000,3373.6000,3373.8000,3374.0000,3377.0000,3377.2000,2,1,1,1,1,1,1,1,1,1
SF,IH2103,2020-08-31 09:34:14.600,3372.2000,4091,0,191230620.000,0,-,-,-,-,3371.2000,3368.2000,3368.0000,3365.8000,3352.8000,3373.4000,3373.6000,3374.0000,3377.0000,3377.2000,1,1,1,1,1,2,1,1,1,1
SF,IH2103,2020-08-31 09:34:15.100,3372.2000,4091,0,191230620.000,0,-,-,-,-,3371.6000,3371.4000,3371.2000,3368.2000,3368.0000,3373.2000,3373.4000,3377.0000,3378.0000,3378.2000,1,1,1,1,1,2,2,1,1,1
SF,IH2103,2020-08-31 09:34:15.600,3372.2000,4091,0,191230620.000,0,-,-,-,-,3371.8000,3371.2000,3368.2000,3368.0000,3365.8000,3377.0000,3378.0000,3378.2000,3379.0000,3379.2000,4,1,1,1,1,1,1,1,1,3
SF,IH2103,2020-08-31 09:34:16.100,3372.2000,4091,0,191230620.000,0,-,-,-,-,3372.0000,3371.8000,3371.2000,3368.2000,3368.0000,3376.4000,3376.6000,3376.8000,3377.0000,3378.0000,1,2,1,1,1,2,1,1,1,1
SF,IH2103,2020-08-31 09:34:16.600,3372.2000,4091,0,191230620.000,0,-,-,-,-,3373.2000,3371.8000,3371.2000,3368.2000,3368.0000,3374.0000,3375.8000,3376.2000,3376.4000,3376.6000,1,1,1,1,1,1,1,2,1,1
SF,IH2103,2020-08-31 09:34:17.100,3373.0000,4091,0,192242520.000,1,0,1,多换,S,3371.2000,3368.2000,3368.0000,3365.8000,3352.8000,3373.4000,3373.8000,3375.8000,3376.2000,3376.6000,1,1,1,1,1,1,2,1,1,1
SF,IH2103,2020-08-31 09:34:17.600,3373.0000,4091,0,192242520.000,0,-,-,-,-,3371.4000,3371.2000,3368.2000,3368.0000,3365.8000,3373.2000,3373.4000,3373.8000,3375.8000,3376.6000,1,1,1,1,1,2,1,1,1,1
SF,IH2103,2020-08-31 09:34:18.100,3373.0000,4091,0,192242520.000,0,-,-,-,-,3371.4000,3371.2000,3368.2000,3368.0000,3365.8000,3372.6000,3373.2000,3373.8000,3375.8000,3376.6000,1,1,1,1,1,1,2,1,1,1
SF,IH2103,2020-08-31 09:34:18.600,3373.0000,4091,0,192242520.000,0,-,-,-,-,3371.2000,3368.2000,3368.0000,3365.8000,3352.8000,3372.4000,3372.6000,3373.2000,3373.8000,3375.8000,1,1,1,1,1,1,1,1,1,1
SF,IH2103,2020-08-31 09:34:19.100,3373.0000,4091,0,192242520.000,0,-,-,-,-,3371.2000,3368.2000,3368.0000,3365.8000,3352.8000,3372.2000,3372.4000,3373.2000,3373.8000,3375.8000,1,1,1,1,1,1,1,1,1,1
SF,IH2103,2020-08-31 09:34:19.600,3373.0000,4091,0,192242520.000,0,-,-,-,-,3371.2000,3368.2000,3368.0000,3365.8000,3352.8000,3372.4000,3373.2000,3373.8000,3375.8000,3376.6000,1,1,1,1,1,1,1,1,1,1
SF,IH2103,2020-08-31 09:34:20.100,3373.0000,4091,0,192242520.000,0,-,-,-,-,3371.2000,3368.2000,3368.0000,3365.8000,3352.8000,3373.2000,3373.8000,3375.8000,3376.6000,3378.0000,1,1,1,1,1,1,1,1,1,1
SF,IH2103,2020-08-31 09:34:20.600,3373.0000,4091,0,192242520.000,0,-,-,-,-,3371.2000,3368.2000,3368.0000,3365.8000,3352.8000,3372.6000,3372.8000,3373.0000,3373.2000,3373.8000,1,1,1,1,1,1,1,2,1,1
SF,IH2103,2020-08-31 09:34:21.100,3373.0000,4091,0,192242520.000,0,-,-,-,-,3371.2000,3368.2000,3368.0000,3365.8000,3352.8000,3372.4000,3372.6000,3372.8000,3373.0000,3373.2000,1,1,1,1,1,1,1,1,1,1
SF,IH2103,2020-08-31 09:34:21.600,3373.0000,4091,0,192242520.000,0,-,-,-,-,3368.2000,3368.0000,3365.8000,3352.8000,3351.0000,3372.0000,3372.4000,3373.0000,3373.2000,3373.8000,1,1,1,1,1,1,1,1,1,1
SF,IH2103,2020-08-31 09:34:22.100,3373.0000,4091,0,192242520.000,0,-,-,-,-,3368.6000,3368.4000,3368.2000,3368.0000,3365.8000,3371.8000,3372.0000,3373.8000,3375.8000,3376.6000,1,1,1,1,1,2,1,1,1,1
