市场代码,合约代码,时间,最新,持仓,增仓,成交额,成交量,开仓,平仓,成交类型,方向,买一价,买二价,买三价,买四价,买五价,卖一价,卖二价,卖三价,卖四价,卖五价,买一量,买二量,买三量,买四量,买五量,卖一量,卖二量,卖三量,卖四量,卖五量
SF,IH2103,2020-08-14 09:29:00.400,3188.0000,2629,0,0.000,0.000,-,-,-,-,3191.2000,3187.2000,3187.0000,3184.0000,3182.2000,3195.0000,3195.8000,3198.0000,3200.2000,3200.8000,1,1,1,1,1,1,1,1,1,1
SF,IH2103,2020-08-14 09:30:00.400,3188.0000,2629,0,0.000,0,-,-,-,-,3191.2000,3187.2000,3187.0000,3184.0000,3182.2000,3195.0000,3195.8000,3198.0000,3200.2000,3200.8000,1,1,1,1,1,1,1,1,1,1
SF,IH2103,2020-08-14 09:30:00.900,3188.0000,2629,0,0.000,0,-,-,-,-,3191.2000,3182.2000,3180.2000,3180.0000,3150.0000,3194.8000,3195.0000,3200.2000,3200.8000,3205.0000,1,1,1,1,2,1,1,1,1,1
SF,IH2103,2020-08-14 09:30:01.400,3191.2000,2629,0,957360.000,1,0,1,多换,S,3182.2000,3180.2000,3180.0000,3150.0000,3088.4000,3193.0000,3194.8000,3195.0000,3200.2000,3200.8000,1,1,1,2,1,1,1,1,1,1
SF,IH2103,2020-08-14 09:30:01.900,3191.2000,2629,0,957360.000,0,-,-,-,-,3182.4000,3180.2000,3150.0000,3113.2000,3088.4000,3192.8000,3193.0000,3194.8000,3195.0000,3205.0000,1,1,2,1,1,3,1,1,1,1
SF,IH2103,2020-08-14 09:30:02.400,3191.2000,2629,0,957360.000,0,-,-,-,-,3182.6000,3182.4000,3180.2000,3179.8000,3150.0000,3192.6000,3192.8000,3193.2000,3195.0000,3205.0000,1,1,1,1,2,1,2,1,1,1
SF,IH2103,2020-08-14 09:30:02.900,3191.2000,2629,0,957360.000,0,-,-,-,-,3182.8000,3182.6000,3182.4000,3180.2000,3179.8000,3192.4000,3192.6000,3192.8000,3193.2000,3195.0000,1,1,1,1,1,2,1,1,1,1
SF,IH2103,2020-08-14 09:30:05.900,3191.2000,2629,0,957360.000,0,-,-,-,-,3182.8000,3182.6000,3182.4000,3180.2000,3179.8000,3192.2000,3192.4000,3192.8000,3193.2000,3195.0000,1,1,1,1,1,1,2,1,1,1
SF,IH2103,2020-08-14 09:30:06.400,3191.2000,2629,0,957360.000,0,-,-,-,-,3182.8000,3182.6000,3182.4000,3180.2000,3179.8000,3190.0000,3191.2000,3192.0000,3192.2000,3192.4000,1,1,1,1,1,1,1,2,1,1
SF,IH2103,2020-08-14 09:30:06.900,3191.2000,2629,0,957360.000,0,-,-,-,-,3182.8000,3182.6000,3182.4000,3180.2000,3179.8000,3189.8000,3190.0000,3191.2000,3192.2000,3195.0000,1,1,1,1,1,2,1,1,1,1
SF,IH2103,2020-08-14 09:30:07.400,3191.2000,2629,0,957360.000,0,-,-,-,-,3182.8000,3182.6000,3182.4000,3180.2000,3179.8000,3189.8000,3190.0000,3192.2000,3195.0000,3205.0000,1,1,1,1,1,2,1,1,1,1
SF,IH2103,2020-08-14 09:30:07.900,3191.2000,2629,0,957360.000,0,-,-,-,-,3182.8000,3182.6000,3182.4000,3180.2000,3179.8000,3189.8000,3190.0000,3192.2000,3195.0000,3205.0000,1,1,1,1,1,2,1,1,1,1
SF,IH2103,2020-08-14 09:30:08.400,3191.2000,2629,0,957360.000,0,-,-,-,-,3182.8000,3182.6000,3182.4000,3180.2000,3179.8000,3189.8000,3190.0000,3192.2000,3195.0000,3205.0000,1,1,1,1,1,2,1,1,1,1
SF,IH2103,2020-08-14 09:30:08.900,3191.2000,2629,0,957360.000,0,-,-,-,-,3182.8000,3182.6000,3182.4000,3180.2000,3179.8000,3189.8000,3190.0000,3192.2000,3195.0000,3205.0000,1,1,1,1,1,2,1,1,1,1
SF,IH2103,2020-08-14 09:30:09.400,3191.2000,2629,0,957360.000,0,-,-,-,-,3182.8000,3182.6000,3182.4000,3180.2000,3179.8000,3189.6000,3189.8000,3190.0000,3195.0000,3205.0000,1,1,1,1,1,1,2,1,1,1
SF,IH2103,2020-08-14 09:30:09.900,3191.2000,2629,0,957360.000,0,-,-,-,-,3182.8000,3182.6000,3182.4000,3180.2000,3179.8000,3189.4000,3189.6000,3189.8000,3190.0000,3195.0000,1,1,1,1,1,2,1,1,1,1
SF,IH2103,2020-08-14 09:30:11.400,3191.2000,2629,0,957360.000,0,-,-,-,-,3182.8000,3182.4000,3180.2000,3179.8000,3150.0000,3189.4000,3189.6000,3189.8000,3190.0000,3195.0000,1,1,1,1,2,2,1,1,1,1
SF,IH2103,2020-08-14 09:30:11.900,3191.2000,2629,0,957360.000,0,-,-,-,-,3182.8000,3182.4000,3180.2000,3179.8000,3150.0000,3189.4000,3189.6000,3189.8000,3190.0000,3195.0000,1,1,1,1,2,2,1,1,1,1
SF,IH2103,2020-08-14 09:30:12.400,3191.2000,2629,0,957360.000,0,-,-,-,-,3182.8000,3182.4000,3180.2000,3179.8000,3150.0000,3189.4000,3189.6000,3189.8000,3190.0000,3195.0000,1,1,1,1,2,2,1,1,1,1
SF,IH2103,2020-08-14 09:30:12.900,3191.2000,2629,0,957360.000,0,-,-,-,-,3182.8000,3182.4000,3180.2000,3179.8000,3150.0000,3189.2000,3189.4000,3189.8000,3190.0000,3195.0000,1,1,1,1,2,1,2,1,1,1
SF,IH2103,2020-08-14 09:30:13.400,3191.2000,2629,0,957360.000,0,-,-,-,-,3182.8000,3182.4000,3180.2000,3176.4000,3150.0000,3189.0000,3189.2000,3189.4000,3189.8000,3190.0000,1,1,1,1,2,2,1,1,1,1
SF,IH2103,2020-08-14 09:30:13.900,3191.2000,2629,0,957360.000,0,-,-,-,-,3182.8000,3182.4000,3180.2000,3176.4000,3150.0000,3189.0000,3189.2000,3189.4000,3189.8000,3190.0000,1,1,1,1,2,2,1,1,1,1
SF,IH2103,2020-08-14 09:30:14.400,3191.2000,2629,0,957360.000,0,-,-,-,-,3182.8000,3182.4000,3180.2000,3176.4000,3150.0000,3189.0000,3189.2000,3189.4000,3189.8000,3190.0000,1,1,1,1,2,2,1,1,1,1
SF,IH2103,2020-08-14 09:30:16.400,3191.2000,2629,0,957360.000,0,-,-,-,-,3182.8000,3182.4000,3180.2000,3176.4000,3150.0000,3188.8000,3189.0000,3189.4000,3189.8000,3190.0000,1,1,1,1,2,1,2,1,1,1
SF,IH2103,2020-08-14 09:30:16.900,3190.0000,2629,0,1914360.000,1,0,1,多换,S,3182.8000,3182.4000,3180.2000,3176.4000,3150.0000,3188.6000,3188.8000,3189.0000,3189.4000,3189.8000,1,1,1,1,2,2,1,1,1,1
SF,IH2103,2020-08-14 09:30:18.900,3190.0000,2629,0,1914360.000,0,-,-,-,-,3182.8000,3182.4000,3180.2000,3176.4000,3150.0000,3188.6000,3188.8000,3189.4000,3189.8000,3190.0000,1,1,1,1,2,1,1,1,1,1
SF,IH2103,2020-08-14 09:30:19.400,3190.0000,2629,0,1914360.000,0,-,-,-,-,3183.0000,3182.8000,3182.4000,3180.2000,3176.4000,3188.4000,3188.6000,3188.8000,3189.4000,3189.8000,1,1,1,1,1,1,1,1,1,1
SF,IH2103,2020-08-14 09:30:19.900,3188.8000,2627,-2,3827520.000,2,0,2,双平,S,3183.2000,3183.0000,3182.8000,3182.4000,3180.2000,3189.8000,3190.0000,3195.0000,3205.0000,3223.6000,1,1,1,1,1,1,1,1,1,3
SF,IH2103,2020-08-14 09:30:20.400,3188.8000,2627,0,3827520.000,0,-,-,-,-,3183.4000,3183.2000,3183.0000,3182.8000,3182.4000,3190.0000,3195.0000,3205.0000,3223.6000,3225.8000,1,1,1,1,1,1,1,1,3,8
SF,IH2103,2020-08-14 09:30:20.900,3188.8000,2627,0,3827520.000,0,-,-,-,-,3183.6000,3183.4000,3183.2000,3183.0000,3182.8000,3194.2000,3195.0000,3205.0000,3223.6000,3225.8000,1,1,1,1,1,1,1,1,3,8
SF,IH2103,2020-08-14 09:30:21.400,3188.8000,2627,0,3827520.000,0,-,-,-,-,3183.8000,3183.6000,3183.2000,3183.0000,3182.8000,3194.0000,3194.2000,3195.0000,3205.0000,3223.6000,1,1,1,1,1,1,1,1,1,3
SF,IH2103,2020-08-14 09:30:21.900,3188.8000,2627,0,3827520.000,0,-,-,-,-,3184.0000,3183.8000,3183.6000,3183.2000,3183.0000,3194.0000,3194.2000,3195.0000,3205.0000,3223.6000,3,1,1,1,1,1,1,1,1,3
SF,IH2103,2020-08-14 09:30:22.400,3188.8000,2627,0,3827520.000,0,-,-,-,-,3184.2000,3184.0000,3183.6000,3183.2000,3183.0000,3194.0000,3194.2000,3195.0000,3205.0000,3223.6000,1,3,1,1,1,1,1,1,1,3
SF,IH2103,2020-08-14 09:30:22.900,3188.8000,2627,0,3827520.000,0,-,-,-,-,3184.2000,3184.0000,3183.6000,3183.2000,3183.0000,3194.2000,3195.0000,3205.0000,3223.6000,3225.8000,1,3,1,1,1,1,1,1,3,8
SF,IH2103,2020-08-14 09:30:23.400,3188.8000,2627,0,3827520.000,0,-,-,-,-,3184.2000,3184.0000,3183.6000,3183.2000,3183.0000,3194.2000,3195.0000,3205.0000,3223.6000,3225.8000,1,3,1,1,1,1,1,1,3,8
SF,IH2103,2020-08-14 09:30:23.900,3188.8000,2627,0,3827520.000,0,-,-,-,-,3184.2000,3184.0000,3183.6000,3183.2000,3183.0000,3194.2000,3195.0000,3205.0000,3223.6000,3225.8000,1,3,1,1,1,1,1,1,3,8
SF,IH2103,2020-08-14 09:30:24.400,3188.8000,2627,0,3827520.000,0,-,-,-,-,3184.2000,3184.0000,3183.6000,3183.2000,3183.0000,3194.2000,3195.0000,3205.0000,3223.6000,3225.8000,1,3,1,1,1,1,1,1,3,8
SF,IH2103,2020-08-14 09:30:24.900,3188.8000,2627,0,3827520.000,0,-,-,-,-,3185.0000,3184.2000,3184.0000,3183.6000,3183.2000,3195.0000,3197.2000,3205.0000,3223.6000,3225.8000,1,1,3,1,1,1,1,1,3,8
SF,IH2103,2020-08-14 09:30:25.400,3188.8000,2627,0,3827520.000,0,-,-,-,-,3185.2000,3184.0000,3183.6000,3183.2000,3183.0000,3195.0000,3197.2000,3205.0000,3223.6000,3225.8000,2,3,1,1,1,1,1,1,3,8
SF,IH2103,2020-08-14 09:30:25.900,3188.8000,2627,0,3827520.000,0,-,-,-,-,3185.6000,3185.4000,3185.2000,3184.0000,3183.6000,3195.0000,3197.2000,3205.0000,3223.6000,3225.8000,1,1,2,3,1,1,1,1,3,8
SF,IH2103,2020-08-14 09:30:26.400,3188.8000,2627,0,3827520.000,0,-,-,-,-,3185.8000,3185.6000,3185.4000,3185.2000,3184.0000,3195.0000,3197.2000,3205.0000,3223.6000,3225.8000,3,1,1,1,3,1,1,1,3,8
SF,IH2103,2020-08-14 09:30:26.900,3188.8000,2627,0,3827520.000,0,-,-,-,-,3185.8000,3185.6000,3185.4000,3185.2000,3184.0000,3195.0000,3197.2000,3205.0000,3223.6000,3225.8000,3,1,1,1,3,1,1,1,3,8
SF,IH2103,2020-08-14 09:30:27.400,3188.8000,2627,0,3827520.000,0,-,-,-,-,3185.8000,3185.6000,3185.2000,3184.0000,3180.2000,3195.0000,3197.2000,3205.0000,3223.6000,3225.8000,3,1,1,3,1,1,1,1,3,8
SF,IH2103,2020-08-14 09:30:27.900,3188.8000,2627,0,3827520.000,0,-,-,-,-,3185.8000,3185.6000,3185.2000,3184.0000,3180.2000,3195.0000,3197.2000,3205.0000,3223.6000,3225.8000,3,1,1,3,1,1,1,1,3,8
SF,IH2103,2020-08-14 09:30:28.400,3188.8000,2627,0,3827520.000,0,-,-,-,-,3185.8000,3185.6000,3185.2000,3184.0000,3180.2000,3195.0000,3197.2000,3205.0000,3223.6000,3225.8000,3,1,1,3,1,1,1,1,3,8
SF,IH2103,2020-08-14 09:30:28.900,3188.8000,2627,0,3827520.000,0,-,-,-,-,3185.8000,3185.6000,3185.2000,3184.0000,3180.2000,3195.0000,3197.2000,3205.0000,3223.6000,3225.8000,3,1,1,3,1,1,1,1,3,8
SF,IH2103,2020-08-14 09:30:29.400,3188.8000,2627,0,3827520.000,0,-,-,-,-,3185.8000,3185.6000,3185.2000,3184.0000,3180.2000,3194.8000,3195.0000,3197.2000,3205.0000,3223.6000,2,1,1,3,1,1,1,1,1,3
SF,IH2103,2020-08-14 09:30:29.900,3188.8000,2627,0,3827520.000,0,-,-,-,-,3185.8000,3185.6000,3185.2000,3184.0000,3180.2000,3194.8000,3195.0000,3197.2000,3205.0000,3223.6000,2,1,1,3,1,1,1,1,1,3
SF,IH2103,2020-08-14 09:30:30.400,3188.8000,2627,0,3827520.000,0,-,-,-,-,3185.8000,3185.6000,3185.2000,3184.0000,3180.2000,3194.8000,3195.0000,3197.2000,3205.0000,3223.6000,2,1,1,3,1,1,1,1,1,3
SF,IH2103,2020-08-14 09:30:30.900,3188.8000,2627,0,3827520.000,0,-,-,-,-,3186.0000,3185.8000,3185.6000,3185.2000,3184.0000,3194.8000,3195.0000,3197.2000,3205.0000,3223.6000,1,2,1,1,3,1,1,1,1,3
SF,IH2103,2020-08-14 09:30:31.400,3188.8000,2627,0,3827520.000,0,-,-,-,-,3186.2000,3186.0000,3185.8000,3185.6000,3185.2000,3195.0000,3197.2000,3205.0000,3223.6000,3225.8000,2,1,2,1,1,1,1,1,3,8
SF,IH2103,2020-08-14 09:30:31.900,3188.8000,2627,0,3827520.000,0,-,-,-,-,3186.2000,3186.0000,3185.8000,3185.6000,3185.2000,3195.0000,3197.2000,3205.0000,3223.6000,3225.8000,2,1,2,1,1,1,1,1,3,8
SF,IH2103,2020-08-14 09:30:32.400,3188.8000,2627,0,3827520.000,0,-,-,-,-,3186.2000,3186.0000,3185.8000,3185.6000,3185.2000,3195.0000,3197.2000,3205.0000,3223.6000,3225.8000,2,1,2,1,1,1,1,1,3,8
SF,IH2103,2020-08-14 09:30:32.900,3188.8000,2627,0,3827520.000,0,-,-,-,-,3187.0000,3186.2000,3186.0000,3185.8000,3185.6000,3195.0000,3197.2000,3205.0000,3223.6000,3225.8000,1,2,1,2,1,1,1,1,3,8
SF,IH2103,2020-08-14 09:30:33.400,3188.8000,2627,0,3827520.000,0,-,-,-,-,3187.2000,3187.0000,3186.2000,3186.0000,3185.8000,3195.0000,3200.6000,3205.0000,3223.6000,3225.8000,3,1,1,1,2,1,1,1,3,8
SF,IH2103,2020-08-14 09:30:33.900,3188.8000,2627,0,3827520.000,0,-,-,-,-,3187.2000,3187.0000,3186.2000,3186.0000,3185.8000,3195.0000,3200.6000,3205.0000,3223.6000,3225.8000,3,1,1,1,2,1,1,1,3,8
SF,IH2103,2020-08-14 09:30:34.400,3195.0000,2626,-1,4786020.000,1,0,1,双平,S,3188.8000,3187.2000,3187.0000,3186.2000,3186.0000,3200.6000,3205.0000,3223.6000,3225.8000,3266.8000,1,1,1,1,1,1,1,3,8,1
SF,IH2103,2020-08-14 09:30:34.900,3195.0000,2626,0,4786020.000,0,-,-,-,-,3189.0000,3188.8000,3187.0000,3186.0000,3185.6000,3200.4000,3200.6000,3205.0000,3223.6000,3225.8000,4,1,1,1,1,1,1,1,3,8
SF,IH2103,2020-08-14 09:30:35.400,3195.0000,2626,0,4786020.000,0,-,-,-,-,3189.0000,3188.8000,3187.0000,3186.0000,3185.6000,3200.4000,3200.6000,3205.0000,3223.6000,3225.8000,4,1,1,1,1,1,1,1,3,8
SF,IH2103,2020-08-14 09:30:35.900,3195.0000,2626,0,4786020.000,0,-,-,-,-,3189.0000,3188.8000,3186.0000,3185.6000,3180.2000,3200.4000,3200.6000,3205.0000,3223.6000,3225.8000,4,1,1,1,1,1,1,1,3,8
SF,IH2103,2020-08-14 09:30:36.400,3195.0000,2626,0,4786020.000,0,-,-,-,-,3189.0000,3188.8000,3186.0000,3185.6000,3180.2000,3200.4000,3200.6000,3205.0000,3223.6000,3225.8000,4,1,1,1,1,1,1,1,3,8
SF,IH2103,2020-08-14 09:30:36.900,3195.0000,2626,0,4786020.000,0,-,-,-,-,3189.0000,3188.8000,3185.6000,3180.2000,3150.0000,3200.4000,3200.6000,3205.0000,3223.6000,3225.8000,4,1,1,1,2,1,1,1,3,8
SF,IH2103,2020-08-14 09:30:37.400,3195.0000,2626,0,4786020.000,0,-,-,-,-,3189.8000,3189.0000,3188.8000,3185.6000,3180.2000,3200.4000,3200.6000,3205.0000,3223.6000,3225.8000,1,4,1,1,1,1,1,1,3,8
SF,IH2103,2020-08-14 09:30:37.900,3195.0000,2626,0,4786020.000,0,-,-,-,-,3190.0000,3189.0000,3188.8000,3185.6000,3180.2000,3200.2000,3200.4000,3200.6000,3205.0000,3223.6000,2,3,1,1,1,1,1,1,1,3
SF,IH2103,2020-08-14 09:30:38.400,3195.0000,2626,0,4786020.000,0,-,-,-,-,3190.0000,3189.0000,3188.8000,3185.6000,3180.2000,3200.0000,3200.2000,3200.4000,3200.6000,3205.0000,2,3,1,1,1,1,1,1,1,1
SF,IH2103,2020-08-14 09:30:38.900,3195.0000,2626,0,4786020.000,0,-,-,-,-,3190.0000,3189.0000,3188.8000,3185.6000,3180.2000,3199.8000,3200.0000,3200.4000,3200.6000,3205.0000,2,3,1,1,1,2,1,1,1,1
SF,IH2103,2020-08-14 09:30:39.400,3195.0000,2626,0,4786020.000,0,-,-,-,-,3190.0000,3189.0000,3188.8000,3185.6000,3180.2000,3199.2000,3199.6000,3199.8000,3200.0000,3200.4000,2,3,1,1,1,1,2,2,1,1
SF,IH2103,2020-08-14 09:30:39.900,3195.0000,2626,0,4786020.000,0,-,-,-,-,3190.0000,3189.0000,3188.8000,3185.6000,3180.2000,3199.0000,3199.6000,3199.8000,3200.0000,3200.4000,2,3,1,1,1,2,2,1,1,1
SF,IH2103,2020-08-14 09:30:40.400,3195.0000,2626,0,4786020.000,0,-,-,-,-,3190.0000,3189.0000,3188.8000,3185.6000,3180.2000,3199.0000,3199.6000,3200.0000,3200.4000,3200.6000,2,3,1,1,1,2,2,1,1,1
SF,IH2103,2020-08-14 09:30:40.900,3195.0000,2626,0,4786020.000,0,-,-,-,-,3190.2000,3190.0000,3189.0000,3188.8000,3185.6000,3199.0000,3199.6000,3200.0000,3200.4000,3200.6000,1,2,3,1,1,2,2,1,1,1
SF,IH2103,2020-08-14 09:30:41.400,3195.0000,2626,0,4786020.000,0,-,-,-,-,3190.4000,3190.2000,3190.0000,3189.0000,3188.8000,3199.0000,3199.6000,3200.0000,3200.4000,3200.6000,2,1,2,3,1,1,2,1,1,1
SF,IH2103,2020-08-14 09:30:41.900,3195.0000,2626,0,4786020.000,0,-,-,-,-,3190.4000,3190.2000,3190.0000,3189.0000,3188.8000,3199.0000,3199.6000,3200.0000,3200.4000,3200.6000,2,1,2,3,1,1,2,1,1,1
SF,IH2103,2020-08-14 09:30:42.400,3195.0000,2626,0,4786020.000,0,-,-,-,-,3190.4000,3190.2000,3190.0000,3189.0000,3188.8000,3199.0000,3199.6000,3200.0000,3200.4000,3200.6000,2,1,2,3,1,1,2,1,1,1
SF,IH2103,2020-08-14 09:30:43.900,3195.0000,2626,0,4786020.000,0,-,-,-,-,3190.4000,3190.2000,3190.0000,3189.0000,3188.8000,3199.0000,3199.6000,3200.0000,3200.4000,3200.6000,2,1,2,3,1,1,2,1,1,1
SF,IH2103,2020-08-14 09:30:47.400,3195.0000,2626,0,4786020.000,0,-,-,-,-,3190.4000,3190.2000,3190.0000,3189.0000,3185.6000,3199.0000,3199.6000,3200.0000,3200.4000,3200.6000,2,1,2,3,1,1,2,1,1,1
SF,IH2103,2020-08-14 09:30:47.900,3195.0000,2626,0,4786020.000,0,-,-,-,-,3190.4000,3190.2000,3190.0000,3189.0000,3185.6000,3199.6000,3200.0000,3200.4000,3200.6000,3205.0000,2,1,2,3,1,2,1,1,1,1
SF,IH2103,2020-08-14 09:30:48.400,3195.0000,2626,0,4786020.000,0,-,-,-,-,3190.4000,3190.2000,3190.0000,3189.0000,3185.6000,3199.4000,3199.6000,3200.0000,3200.4000,3200.6000,2,1,2,3,1,1,2,1,1,1
SF,IH2103,2020-08-14 09:30:48.900,3195.0000,2626,0,4786020.000,0,-,-,-,-,3190.4000,3190.0000,3189.0000,3185.6000,3180.2000,3199.4000,3199.6000,3200.0000,3200.4000,3200.6000,2,2,3,1,1,1,2,1,1,1
SF,IH2103,2020-08-14 09:30:51.900,3195.0000,2626,0,4786020.000,0,-,-,-,-,3190.4000,3190.0000,3189.0000,3188.6000,3180.2000,3199.4000,3199.6000,3200.0000,3200.4000,3200.6000,2,2,3,1,1,1,2,1,1,1
SF,IH2103,2020-08-14 09:30:52.400,3195.0000,2626,0,4786020.000,0,-,-,-,-,3190.4000,3190.0000,3189.0000,3188.6000,3180.2000,3200.0000,3200.4000,3200.6000,3205.0000,3223.6000,2,2,3,1,1,1,1,1,1,3
SF,IH2103,2020-08-14 09:30:52.900,3195.0000,2626,0,4786020.000,0,-,-,-,-,3190.6000,3190.4000,3190.0000,3189.0000,3188.6000,3199.8000,3200.0000,3200.4000,3200.6000,3205.0000,1,2,2,3,1,1,1,1,1,1
SF,IH2103,2020-08-14 09:30:53.400,3195.0000,2626,0,4786020.000,0,-,-,-,-,3190.8000,3190.6000,3190.4000,3190.0000,3189.0000,3199.8000,3200.0000,3200.4000,3200.6000,3205.0000,1,1,1,2,3,1,1,1,1,1
SF,IH2103,2020-08-14 09:30:54.400,3195.0000,2626,0,4786020.000,0,-,-,-,-,3190.8000,3190.4000,3190.0000,3189.0000,3188.6000,3199.8000,3200.0000,3200.4000,3200.6000,3205.0000,1,1,2,3,1,1,1,1,1,1
SF,IH2103,2020-08-14 09:30:56.900,3195.0000,2626,0,4786020.000,0,-,-,-,-,3190.8000,3190.4000,3190.0000,3189.0000,3188.6000,3199.8000,3200.0000,3200.4000,3200.6000,3205.0000,1,1,3,3,1,1,1,1,1,1
SF,IH2103,2020-08-14 09:30:57.400,3195.0000,2626,0,4786020.000,0,-,-,-,-,3190.4000,3190.0000,3189.0000,3185.0000,3180.2000,3199.6000,3199.8000,3200.0000,3200.4000,3200.6000,1,3,3,1,1,2,1,1,1,1
SF,IH2103,2020-08-14 09:30:57.900,3195.0000,2626,0,4786020.000,0,-,-,-,-,3190.4000,3190.0000,3189.0000,3185.0000,3180.2000,3199.4000,3199.6000,3199.8000,3200.0000,3200.4000,1,3,3,1,1,1,2,1,1,1
SF,IH2103,2020-08-14 09:30:58.400,3195.0000,2626,0,4786020.000,0,-,-,-,-,3190.4000,3190.0000,3189.0000,3185.0000,3180.2000,3199.2000,3199.4000,3199.6000,3199.8000,3200.0000,1,3,3,1,1,1,1,1,1,1
SF,IH2103,2020-08-14 09:30:58.900,3195.0000,2626,0,4786020.000,0,-,-,-,-,3190.4000,3190.0000,3189.0000,3185.0000,3180.2000,3198.4000,3199.0000,3199.2000,3199.4000,3199.6000,1,3,3,1,1,1,1,1,1,1
SF,IH2103,2020-08-14 09:30:59.400,3195.0000,2626,0,4786020.000,0,-,-,-,-,3190.0000,3189.0000,3185.0000,3180.2000,3150.0000,3197.4000,3198.2000,3199.0000,3199.4000,3199.6000,3,3,1,1,2,1,2,1,1,1
SF,IH2103,2020-08-14 09:30:59.900,3195.0000,2626,0,4786020.000,0,-,-,-,-,3190.0000,3189.0000,3181.4000,3180.2000,3150.0000,3197.2000,3197.4000,3198.2000,3199.0000,3199.6000,1,3,1,1,2,2,1,1,1,1
SF,IH2103,2020-08-14 09:31:00.400,3195.0000,2626,0,4786020.000,0,-,-,-,-,3190.2000,3190.0000,3189.0000,3181.4000,3180.2000,3197.2000,3197.4000,3198.2000,3199.0000,3199.6000,1,1,3,1,1,2,1,1,1,1
SF,IH2103,2020-08-14 09:31:00.900,3195.0000,2626,0,4786020.000,0,-,-,-,-,3190.0000,3189.0000,3181.4000,3180.2000,3150.0000,3197.2000,3197.4000,3198.2000,3199.0000,3199.6000,1,3,1,1,2,2,1,1,1,1
SF,IH2103,2020-08-14 09:31:01.400,3195.0000,2626,0,4786020.000,0,-,-,-,-,3190.0000,3189.0000,3181.4000,3180.2000,3150.0000,3197.2000,3197.4000,3198.2000,3199.0000,3199.6000,1,3,1,1,2,2,1,1,1,1
SF,IH2103,2020-08-14 09:31:01.900,3195.0000,2626,0,4786020.000,0,-,-,-,-,3190.2000,3190.0000,3189.0000,3181.4000,3180.2000,3197.0000,3197.2000,3197.4000,3198.2000,3199.0000,1,1,3,1,1,1,2,1,1,1
SF,IH2103,2020-08-14 09:31:02.400,3195.0000,2626,0,4786020.000,0,-,-,-,-,3190.2000,3190.0000,3189.0000,3181.4000,3180.2000,3196.8000,3197.0000,3197.2000,3197.4000,3198.2000,1,1,3,1,1,3,1,1,1,1
SF,IH2103,2020-08-14 09:31:02.900,3195.0000,2626,0,4786020.000,0,-,-,-,-,3190.2000,3190.0000,3189.0000,3181.4000,3180.2000,3196.6000,3196.8000,3197.2000,3197.4000,3198.2000,1,1,3,1,1,1,3,1,1,1
SF,IH2103,2020-08-14 09:31:03.400,3195.0000,2626,0,4786020.000,0,-,-,-,-,3190.4000,3190.2000,3190.0000,3189.0000,3181.4000,3196.4000,3196.6000,3196.8000,3197.2000,3197.4000,2,1,1,3,1,2,1,2,1,1
SF,IH2103,2020-08-14 09:31:03.900,3195.0000,2626,0,4786020.000,0,-,-,-,-,3190.6000,3190.4000,3190.0000,3189.0000,3181.4000,3196.2000,3196.4000,3196.8000,3197.2000,3197.4000,1,2,1,3,1,1,2,2,1,1
SF,IH2103,2020-08-14 09:31:04.400,3195.0000,2626,0,4786020.000,0,-,-,-,-,3190.8000,3190.6000,3190.4000,3190.0000,3189.0000,3196.0000,3196.2000,3196.4000,3196.8000,3197.2000,2,1,2,1,3,1,1,1,2,1
SF,IH2103,2020-08-14 09:31:04.900,3195.0000,2626,0,4786020.000,0,-,-,-,-,3191.0000,3190.8000,3190.4000,3190.0000,3189.0000,3195.8000,3196.4000,3196.8000,3197.2000,3197.4000,1,2,2,1,3,1,1,2,1,1
SF,IH2103,2020-08-14 09:31:05.400,3195.0000,2626,0,4786020.000,0,-,-,-,-,3191.2000,3191.0000,3190.8000,3190.4000,3190.0000,3195.8000,3196.4000,3196.8000,3197.2000,3197.4000,2,1,1,2,1,1,1,2,1,1
SF,IH2103,2020-08-14 09:31:05.900,3195.0000,2626,0,4786020.000,0,-,-,-,-,3191.4000,3191.2000,3190.8000,3190.4000,3190.0000,3195.8000,3196.4000,3196.8000,3197.2000,3197.4000,1,2,1,2,1,1,1,2,1,1
SF,IH2103,2020-08-14 09:31:06.400,3195.0000,2626,0,4786020.000,0,-,-,-,-,3191.6000,3191.4000,3191.2000,3190.8000,3190.4000,3195.8000,3196.4000,3196.8000,3197.2000,3197.4000,1,1,1,1,2,1,1,2,1,1
SF,IH2103,2020-08-14 09:31:06.900,3195.0000,2626,0,4786020.000,0,-,-,-,-,3191.8000,3191.2000,3190.8000,3190.4000,3190.0000,3195.6000,3195.8000,3196.4000,3196.8000,3197.2000,1,1,1,2,1,1,1,1,2,1
SF,IH2103,2020-08-14 09:31:07.400,3195.0000,2626,0,4786020.000,0,-,-,-,-,3191.8000,3191.2000,3190.8000,3190.4000,3190.0000,3195.4000,3195.6000,3196.4000,3196.8000,3197.2000,1,1,1,2,1,1,1,1,2,1
SF,IH2103,2020-08-14 09:31:09.900,3195.0000,2626,0,4786020.000,0,-,-,-,-,3192.0000,3191.8000,3191.2000,3190.8000,3190.4000,3195.4000,3195.6000,3196.4000,3196.8000,3197.2000,2,1,1,1,2,1,1,1,2,1
SF,IH2103,2020-08-14 09:31:10.400,3195.0000,2626,0,4786020.000,0,-,-,-,-,3192.2000,3192.0000,3191.2000,3190.8000,3190.4000,3195.4000,3200.8000,3205.0000,3218.4000,3225.8000,1,2,1,1,2,1,1,1,1,8
SF,IH2103,2020-08-14 09:31:10.900,3195.0000,2626,0,4786020.000,0,-,-,-,-,3192.2000,3192.0000,3191.2000,3190.8000,3190.4000,3195.4000,3200.8000,3205.0000,3218.4000,3225.8000,1,2,1,1,2,1,1,1,1,8
SF,IH2103,2020-08-14 09:31:11.400,3195.4000,2625,-1,5744640.000,1,0,1,双平,S,3192.2000,3192.0000,3191.2000,3190.8000,3190.4000,3200.8000,3205.0000,3218.4000,3225.8000,3266.8000,1,2,1,1,2,1,1,1,8,1
SF,IH2103,2020-08-14 09:31:11.900,3195.4000,2625,0,5744640.000,0,-,-,-,-,3192.4000,3192.2000,3192.0000,3191.2000,3190.8000,3200.6000,3200.8000,3205.0000,3218.4000,3225.8000,1,1,2,1,1,3,1,1,1,8
SF,IH2103,2020-08-14 09:31:12.400,3195.4000,2625,0,5744640.000,0,-,-,-,-,3192.6000,3192.4000,3192.0000,3191.2000,3190.8000,3200.6000,3200.8000,3205.0000,3218.4000,3225.8000,3,1,2,1,1,3,1,1,1,8
SF,IH2103,2020-08-14 09:31:12.900,3195.4000,2625,0,5744640.000,0,-,-,-,-,3192.8000,3192.6000,3192.0000,3191.2000,3190.8000,3200.6000,3200.8000,3205.0000,3218.4000,3225.8000,1,3,2,1,1,3,1,1,1,8
SF,IH2103,2020-08-14 09:31:13.400,3195.4000,2625,0,5744640.000,0,-,-,-,-,3193.0000,3192.8000,3192.6000,3192.0000,3191.2000,3200.6000,3200.8000,3205.0000,3218.4000,3225.8000,2,1,2,2,1,3,1,1,1,8
SF,IH2103,2020-08-14 09:31:13.900,3195.4000,2625,0,5744640.000,0,-,-,-,-,3193.2000,3193.0000,3192.6000,3192.0000,3191.2000,3200.6000,3200.8000,3205.0000,3218.4000,3225.8000,1,2,2,2,1,3,1,1,1,8
SF,IH2103,2020-08-14 09:31:14.400,3195.4000,2625,0,5744640.000,0,-,-,-,-,3193.4000,3193.2000,3193.0000,3192.6000,3192.0000,3200.6000,3200.8000,3205.0000,3218.4000,3225.8000,2,1,1,2,2,3,1,1,1,8
SF,IH2103,2020-08-14 09:31:14.900,3195.4000,2625,0,5744640.000,0,-,-,-,-,3193.4000,3193.0000,3192.6000,3192.0000,3190.0000,3200.4000,3200.6000,3200.8000,3205.0000,3218.4000,2,1,2,2,1,1,3,1,1,1
SF,IH2103,2020-08-14 09:31:15.400,3195.4000,2625,0,5744640.000,0,-,-,-,-,3193.4000,3193.0000,3192.6000,3192.0000,3190.0000,3200.2000,3200.4000,3200.6000,3200.8000,3205.0000,2,1,2,2,1,3,1,2,1,1
SF,IH2103,2020-08-14 09:31:15.900,3195.4000,2625,0,5744640.000,0,-,-,-,-,3193.4000,3193.0000,3192.6000,3192.0000,3190.0000,3200.0000,3200.2000,3200.6000,3200.8000,3205.0000,2,1,2,2,1,2,3,2,1,1
SF,IH2103,2020-08-14 09:31:16.400,3195.4000,2625,0,5744640.000,0,-,-,-,-,3193.4000,3193.0000,3192.6000,3192.0000,3190.0000,3199.4000,3199.8000,3200.0000,3200.2000,3200.6000,2,1,2,2,1,1,2,2,2,2
SF,IH2103,2020-08-14 09:31:16.900,3195.4000,2625,0,5744640.000,0,-,-,-,-,3193.4000,3193.0000,3192.6000,3192.0000,3190.0000,3199.2000,3199.4000,3199.8000,3200.0000,3200.2000,2,1,2,2,1,2,1,1,1,2
SF,IH2103,2020-08-14 09:31:17.400,3195.4000,2625,0,5744640.000,0,-,-,-,-,3193.4000,3193.0000,3192.6000,3192.0000,3190.0000,3199.2000,3199.4000,3199.8000,3200.0000,3200.2000,2,1,2,2,1,2,1,1,1,2
SF,IH2103,2020-08-14 09:31:17.900,3195.4000,2625,0,5744640.000,0,-,-,-,-,3193.4000,3192.6000,3192.0000,3190.0000,3188.0000,3198.8000,3199.2000,3199.8000,3200.0000,3200.2000,1,2,2,1,1,1,2,1,1,2
SF,IH2103,2020-08-14 09:31:18.400,3195.4000,2625,0,5744640.000,0,-,-,-,-,3193.4000,3192.6000,3192.0000,3190.0000,3188.0000,3198.6000,3198.8000,3199.8000,3200.0000,3200.2000,1,2,2,1,1,2,1,1,1,2
SF,IH2103,2020-08-14 09:31:18.900,3195.4000,2625,0,5744640.000,0,-,-,-,-,3193.4000,3192.6000,3192.0000,3190.0000,3188.0000,3198.4000,3198.6000,3198.8000,3199.8000,3200.0000,1,2,2,1,1,1,2,1,1,1
SF,IH2103,2020-08-14 09:31:19.400,3195.4000,2625,0,5744640.000,0,-,-,-,-,3193.6000,3193.4000,3192.6000,3192.0000,3190.0000,3198.2000,3198.4000,3199.8000,3200.0000,3200.2000,3,1,2,2,1,1,1,1,1,2
SF,IH2103,2020-08-14 09:31:19.900,3195.4000,2625,0,5744640.000,0,-,-,-,-,3193.8000,3193.6000,3192.6000,3192.0000,3190.0000,3198.2000,3198.4000,3199.8000,3200.8000,3205.0000,1,3,2,2,1,1,1,1,1,1
SF,IH2103,2020-08-14 09:31:20.400,3195.4000,2625,0,5744640.000,0,-,-,-,-,3194.0000,3193.8000,3193.6000,3192.6000,3192.0000,3198.2000,3198.4000,3199.8000,3200.8000,3205.0000,1,1,2,2,2,1,1,1,1,1
SF,IH2103,2020-08-14 09:31:20.900,3195.4000,2625,0,5744640.000,0,-,-,-,-,3194.2000,3194.0000,3193.6000,3192.6000,3190.0000,3198.2000,3199.8000,3200.8000,3205.0000,3218.4000,3,1,2,2,1,1,1,1,1,1
SF,IH2103,2020-08-14 09:31:21.400,3195.4000,2625,0,5744640.000,0,-,-,-,-,3194.2000,3194.0000,3193.6000,3192.6000,3190.0000,3199.8000,3200.8000,3205.0000,3218.4000,3225.8000,3,1,2,2,1,1,1,1,1,8
SF,IH2103,2020-08-14 09:31:21.900,3195.4000,2625,0,5744640.000,0,-,-,-,-,3194.4000,3194.2000,3193.6000,3192.6000,3190.0000,3199.6000,3199.8000,3200.8000,3205.0000,3218.4000,1,3,2,2,1,3,1,1,1,1
SF,IH2103,2020-08-14 09:31:22.400,3195.4000,2625,0,5744640.000,0,-,-,-,-,3194.6000,3194.4000,3194.2000,3193.6000,3192.6000,3199.6000,3199.8000,3200.8000,3205.0000,3218.4000,1,1,2,2,2,1,1,1,1,1
SF,IH2103,2020-08-14 09:31:22.900,3195.4000,2625,0,5744640.000,0,-,-,-,-,3194.8000,3194.6000,3194.2000,3193.6000,3190.0000,3199.4000,3199.6000,3199.8000,3200.8000,3205.0000,3,1,2,2,1,1,1,1,1,1
SF,IH2103,2020-08-14 09:31:23.400,3195.4000,2625,0,5744640.000,0,-,-,-,-,3195.0000,3194.8000,3194.2000,3193.6000,3190.0000,3199.2000,3199.4000,3199.8000,3200.8000,3205.0000,1,3,2,2,1,1,1,1,1,1
SF,IH2103,2020-08-14 09:31:23.900,3195.4000,2625,0,5744640.000,0,-,-,-,-,3195.2000,3195.0000,3194.8000,3194.2000,3193.6000,3199.2000,3199.4000,3199.8000,3200.8000,3205.0000,1,1,2,2,2,1,1,1,1,1
SF,IH2103,2020-08-14 09:31:24.400,3195.4000,2625,0,5744640.000,0,-,-,-,-,3195.4000,3195.2000,3194.8000,3194.2000,3193.6000,3199.2000,3199.4000,3199.8000,3200.8000,3205.0000,1,1,2,2,2,1,1,1,1,1
SF,IH2103,2020-08-14 09:31:24.900,3195.4000,2625,0,5744640.000,0,-,-,-,-,3195.4000,3195.2000,3193.6000,3190.0000,3188.0000,3199.0000,3199.2000,3199.4000,3199.8000,3200.8000,1,1,2,1,1,2,1,1,1,1
SF,IH2103,2020-08-14 09:31:25.400,3195.4000,2625,0,5744640.000,0,-,-,-,-,3195.4000,3195.2000,3193.6000,3190.0000,3188.0000,3198.8000,3199.4000,3199.8000,3200.8000,3205.0000,1,1,2,1,1,1,1,1,1,1
SF,IH2103,2020-08-14 09:31:25.900,3195.4000,2625,0,5744640.000,0,-,-,-,-,3195.4000,3193.6000,3190.0000,3188.0000,3180.2000,3198.8000,3199.4000,3199.8000,3200.8000,3205.0000,1,2,1,1,1,1,1,1,1,1
SF,IH2103,2020-08-14 09:31:26.400,3195.4000,2625,0,5744640.000,0,-,-,-,-,3195.6000,3195.4000,3193.6000,3190.0000,3188.0000,3198.8000,3199.6000,3199.8000,3200.8000,3205.0000,2,1,2,1,1,1,1,1,1,1
SF,IH2103,2020-08-14 09:31:26.900,3195.4000,2625,0,5744640.000,0,-,-,-,-,3195.8000,3195.6000,3190.0000,3188.0000,3180.2000,3199.6000,3199.8000,3200.8000,3205.0000,3218.4000,1,2,1,1,1,1,1,1,1,1
SF,IH2103,2020-08-14 09:31:27.400,3195.4000,2625,0,5744640.000,0,-,-,-,-,3196.0000,3195.8000,3195.6000,3190.0000,3188.0000,3199.4000,3199.6000,3204.8000,3205.0000,3218.4000,1,1,2,1,1,1,1,1,1,1
SF,IH2103,2020-08-14 09:31:27.900,3195.4000,2625,0,5744640.000,0,-,-,-,-,3196.2000,3196.0000,3195.6000,3190.0000,3188.0000,3199.6000,3204.8000,3205.0000,3218.4000,3225.8000,1,1,2,1,1,1,1,1,1,8
SF,IH2103,2020-08-14 09:31:28.400,3195.4000,2625,0,5744640.000,0,-,-,-,-,3196.2000,3196.0000,3195.6000,3190.0000,3188.0000,3199.4000,3199.6000,3204.8000,3205.0000,3218.4000,1,1,2,1,1,1,1,1,1,1
SF,IH2103,2020-08-14 09:31:28.900,3195.4000,2625,0,5744640.000,0,-,-,-,-,3196.2000,3195.6000,3190.0000,3188.0000,3180.2000,3199.4000,3199.6000,3204.8000,3205.0000,3218.4000,1,2,1,1,1,1,1,1,1,1
SF,IH2103,2020-08-14 09:31:29.400,3195.4000,2625,0,5744640.000,0,-,-,-,-,3196.2000,3190.0000,3188.0000,3180.2000,3172.8000,3199.4000,3199.6000,3204.8000,3205.0000,3218.4000,1,1,1,1,1,1,1,1,1,1
SF,IH2103,2020-08-14 09:31:29.900,3195.4000,2625,0,5744640.000,0,-,-,-,-,3190.0000,3188.0000,3180.2000,3172.8000,3168.4000,3199.2000,3199.4000,3199.6000,3204.8000,3205.0000,1,1,1,1,1,1,1,1,1,1
SF,IH2103,2020-08-14 09:31:30.400,3195.4000,2625,0,5744640.000,0,-,-,-,-,3190.2000,3190.0000,3188.0000,3180.2000,3172.8000,3199.0000,3199.2000,3199.6000,3204.8000,3205.0000,3,1,1,1,1,1,1,1,1,1
SF,IH2103,2020-08-14 09:31:30.900,3195.4000,2625,0,5744640.000,0,-,-,-,-,3190.2000,3190.0000,3188.0000,3180.2000,3172.8000,3199.0000,3199.6000,3204.8000,3205.0000,3218.4000,3,1,1,1,1,1,1,1,1,1
SF,IH2103,2020-08-14 09:31:31.400,3195.4000,2625,0,5744640.000,0,-,-,-,-,3190.2000,3190.0000,3188.0000,3180.2000,3172.8000,3199.0000,3199.6000,3204.8000,3205.0000,3218.4000,3,1,1,1,1,1,1,1,1,1
SF,IH2103,2020-08-14 09:31:31.900,3195.4000,2625,0,5744640.000,0,-,-,-,-,3190.4000,3190.2000,3190.0000,3188.0000,3180.2000,3199.0000,3199.6000,3204.8000,3205.0000,3218.4000,1,3,1,1,1,1,1,1,1,1
SF,IH2103,2020-08-14 09:31:32.400,3195.4000,2625,0,5744640.000,0,-,-,-,-,3190.6000,3190.4000,3190.2000,3190.0000,3188.0000,3199.0000,3199.6000,3204.8000,3205.0000,3218.4000,3,1,1,1,1,1,1,1,1,1
SF,IH2103,2020-08-14 09:31:32.900,3195.4000,2625,0,5744640.000,0,-,-,-,-,3190.6000,3190.4000,3190.2000,3190.0000,3188.0000,3199.0000,3199.6000,3204.8000,3205.0000,3218.4000,3,1,1,1,1,1,1,1,1,1
SF,IH2103,2020-08-14 09:31:33.400,3195.4000,2625,0,5744640.000,0,-,-,-,-,3190.6000,3190.4000,3190.2000,3190.0000,3188.0000,3199.0000,3199.6000,3204.8000,3205.0000,3218.4000,3,1,1,1,1,1,1,1,1,1
SF,IH2103,2020-08-14 09:31:33.900,3195.4000,2625,0,5744640.000,0,-,-,-,-,3190.6000,3190.4000,3190.2000,3190.0000,3188.0000,3199.0000,3199.6000,3204.8000,3205.0000,3218.4000,4,1,1,1,1,1,1,1,1,1
SF,IH2103,2020-08-14 09:31:34.400,3195.4000,2625,0,5744640.000,0,-,-,-,-,3190.6000,3190.4000,3190.2000,3190.0000,3188.0000,3199.0000,3199.6000,3204.8000,3205.0000,3218.4000,3,1,1,1,1,1,1,1,1,1
SF,IH2103,2020-08-14 09:31:34.900,3195.4000,2625,0,5744640.000,0,-,-,-,-,3190.6000,3190.4000,3190.2000,3190.0000,3188.0000,3199.0000,3199.6000,3204.8000,3205.0000,3218.4000,4,1,1,1,1,1,1,1,1,1
SF,IH2103,2020-08-14 09:31:35.400,3195.4000,2625,0,5744640.000,0,-,-,-,-,3190.6000,3190.4000,3190.2000,3190.0000,3188.0000,3199.0000,3199.6000,3204.8000,3205.0000,3218.4000,4,1,1,1,1,1,1,1,1,1
SF,IH2103,2020-08-14 09:31:35.900,3195.4000,2625,0,5744640.000,0,-,-,-,-,3190.6000,3190.4000,3190.2000,3190.0000,3188.0000,3199.0000,3199.6000,3204.8000,3205.0000,3218.4000,3,1,1,1,1,1,1,1,1,1
SF,IH2103,2020-08-14 09:31:36.400,3195.4000,2625,0,5744640.000,0,-,-,-,-,3191.4000,3190.6000,3190.4000,3190.2000,3190.0000,3199.0000,3199.6000,3204.8000,3205.0000,3218.4000,1,3,1,1,1,1,1,1,1,1
SF,IH2103,2020-08-14 09:31:36.900,3195.4000,2625,0,5744640.000,0,-,-,-,-,3191.6000,3191.4000,3191.2000,3190.6000,3190.4000,3199.0000,3199.6000,3204.8000,3205.0000,3218.4000,4,1,1,1,1,1,1,1,1,1
SF,IH2103,2020-08-14 09:31:37.400,3195.4000,2625,0,5744640.000,0,-,-,-,-,3191.6000,3191.2000,3190.6000,3190.2000,3190.0000,3199.0000,3199.6000,3204.8000,3205.0000,3218.4000,4,1,1,1,1,1,1,1,1,1
SF,IH2103,2020-08-14 09:31:37.900,3195.4000,2625,0,5744640.000,0,-,-,-,-,3191.6000,3191.2000,3190.6000,3190.2000,3190.0000,3199.0000,3199.6000,3204.8000,3205.0000,3218.4000,4,1,1,1,1,1,1,1,1,1
SF,IH2103,2020-08-14 09:31:38.400,3195.4000,2625,0,5744640.000,0,-,-,-,-,3191.6000,3191.2000,3190.6000,3190.2000,3190.0000,3199.0000,3199.6000,3204.8000,3205.0000,3218.4000,4,1,1,1,1,1,1,1,1,1
SF,IH2103,2020-08-14 09:31:38.900,3195.4000,2625,0,5744640.000,0,-,-,-,-,3191.6000,3191.2000,3190.6000,3190.2000,3190.0000,3199.0000,3199.6000,3204.8000,3205.0000,3218.4000,4,1,1,1,1,1,1,1,1,1
SF,IH2103,2020-08-14 09:31:39.400,3195.4000,2625,0,5744640.000,0,-,-,-,-,3191.6000,3191.2000,3190.6000,3190.2000,3190.0000,3198.8000,3199.0000,3199.6000,3204.8000,3205.0000,3,1,1,1,1,1,1,1,1,1
SF,IH2103,2020-08-14 09:31:39.900,3195.4000,2625,0,5744640.000,0,-,-,-,-,3191.6000,3191.2000,3190.6000,3190.2000,3190.0000,3198.6000,3198.8000,3199.6000,3204.8000,3205.0000,3,1,1,1,1,1,1,1,1,1
SF,IH2103,2020-08-14 09:31:40.400,3195.4000,2625,0,5744640.000,0,-,-,-,-,3191.8000,3191.6000,3191.2000,3190.6000,3190.2000,3198.4000,3198.6000,3199.6000,3204.8000,3205.0000,2,3,1,1,1,1,1,1,1,1
SF,IH2103,2020-08-14 09:31:40.900,3195.4000,2625,0,5744640.000,0,-,-,-,-,3192.0000,3191.8000,3191.6000,3191.2000,3190.6000,3198.2000,3198.4000,3199.6000,3204.8000,3205.0000,3,2,2,1,1,1,1,1,1,1
SF,IH2103,2020-08-14 09:31:41.400,3195.4000,2625,0,5744640.000,0,-,-,-,-,3192.2000,3192.0000,3191.8000,3191.6000,3191.2000,3198.2000,3199.6000,3204.8000,3205.0000,3218.4000,1,3,2,2,1,1,1,1,1,1
SF,IH2103,2020-08-14 09:31:41.900,3195.4000,2625,0,5744640.000,0,-,-,-,-,3192.4000,3192.2000,3192.0000,3191.8000,3191.6000,3198.2000,3199.6000,3204.8000,3205.0000,3218.4000,2,2,2,2,2,1,1,1,1,1
SF,IH2103,2020-08-14 09:31:42.400,3195.4000,2625,0,5744640.000,0,-,-,-,-,3192.6000,3192.4000,3192.2000,3192.0000,3191.8000,3198.2000,3199.6000,3204.8000,3205.0000,3218.4000,1,2,1,2,2,1,1,1,1,1
SF,IH2103,2020-08-14 09:31:42.900,3198.2000,2624,-1,6704100.000,1,0,1,双平,S,3192.8000,3192.6000,3192.4000,3192.0000,3191.8000,3199.6000,3204.8000,3205.0000,3218.4000,3225.8000,1,2,1,2,1,1,1,1,1,8
SF,IH2103,2020-08-14 09:31:43.400,3198.2000,2624,0,6704100.000,0,-,-,-,-,3193.0000,3192.8000,3192.6000,3192.4000,3192.0000,3199.4000,3199.6000,3204.8000,3205.0000,3218.4000,1,1,1,1,2,1,1,1,1,1
SF,IH2103,2020-08-14 09:31:43.900,3198.2000,2624,0,6704100.000,0,-,-,-,-,3193.2000,3193.0000,3192.6000,3192.4000,3192.0000,3199.4000,3199.6000,3204.8000,3205.0000,3218.4000,1,1,1,1,2,1,1,1,1,1
SF,IH2103,2020-08-14 09:31:44.400,3198.2000,2624,0,6704100.000,0,-,-,-,-,3193.4000,3193.2000,3193.0000,3192.6000,3192.4000,3199.4000,3199.6000,3204.8000,3205.0000,3218.4000,1,1,1,1,1,1,1,1,1,1
SF,IH2103,2020-08-14 09:31:44.900,3198.2000,2624,0,6704100.000,0,-,-,-,-,3193.6000,3193.4000,3193.0000,3192.6000,3192.4000,3199.4000,3199.6000,3204.8000,3205.0000,3218.4000,1,1,1,1,1,1,1,1,1,1
SF,IH2103,2020-08-14 09:31:45.400,3198.2000,2624,0,6704100.000,0,-,-,-,-,3193.8000,3193.6000,3193.0000,3192.4000,3192.0000,3199.4000,3199.6000,3204.8000,3205.0000,3218.4000,4,1,1,1,2,1,1,1,1,1
SF,IH2103,2020-08-14 09:31:45.900,3198.2000,2624,0,6704100.000,0,-,-,-,-,3194.0000,3193.8000,3192.4000,3192.0000,3191.2000,3199.4000,3199.6000,3204.8000,3205.0000,3218.4000,1,5,1,2,1,1,1,1,1,1
SF,IH2103,2020-08-14 09:31:46.400,3198.2000,2624,0,6704100.000,0,-,-,-,-,3194.2000,3194.0000,3193.8000,3192.4000,3191.2000,3199.4000,3204.8000,3205.0000,3218.4000,3221.0000,2,1,3,1,1,1,1,1,1,1
SF,IH2103,2020-08-14 09:31:46.900,3198.2000,2624,0,6704100.000,0,-,-,-,-,3194.4000,3194.2000,3193.8000,3192.4000,3191.2000,3199.4000,3204.8000,3205.0000,3218.4000,3221.0000,1,2,3,1,1,1,1,1,1,1
SF,IH2103,2020-08-14 09:31:47.400,3198.2000,2624,0,6704100.000,0,-,-,-,-,3194.6000,3194.4000,3194.2000,3193.8000,3191.2000,3199.2000,3199.4000,3204.8000,3205.0000,3218.4000,1,1,1,3,1,1,1,1,1,1
SF,IH2103,2020-08-14 09:31:47.900,3198.2000,2624,0,6704100.000,0,-,-,-,-,3194.8000,3194.6000,3194.2000,3193.8000,3190.0000,3199.0000,3199.2000,3204.8000,3205.0000,3218.4000,1,1,1,3,1,2,1,1,1,1
SF,IH2103,2020-08-14 09:31:48.400,3198.2000,2624,0,6704100.000,0,-,-,-,-,3194.8000,3194.6000,3194.2000,3193.8000,3190.0000,3198.8000,3199.0000,3204.8000,3205.0000,3218.4000,1,1,1,2,1,1,1,1,1,1
SF,IH2103,2020-08-14 09:31:48.900,3198.2000,2624,0,6704100.000,0,-,-,-,-,3194.8000,3190.0000,3187.6000,3180.2000,3172.8000,3198.6000,3198.8000,3204.8000,3205.0000,3218.4000,1,1,1,1,1,4,1,1,1,1
SF,IH2103,2020-08-14 09:31:49.400,3194.8000,2623,-1,7662540.000,1,0,1,双平,S,3190.0000,3187.6000,3180.2000,3172.8000,3168.4000,3198.6000,3198.8000,3204.8000,3205.0000,3218.4000,1,1,1,1,1,1,1,1,1,1
SF,IH2103,2020-08-14 09:31:49.900,3194.8000,2623,0,7662540.000,0,-,-,-,-,3190.2000,3190.0000,3187.6000,3180.2000,3172.8000,3198.4000,3198.6000,3204.8000,3205.0000,3218.4000,3,1,1,1,1,2,1,1,1,1
SF,IH2103,2020-08-14 09:31:50.400,3194.8000,2623,0,7662540.000,0,-,-,-,-,3190.2000,3190.0000,3187.6000,3180.2000,3172.8000,3198.2000,3198.4000,3204.8000,3205.0000,3218.4000,3,1,1,1,1,1,2,1,1,1
SF,IH2103,2020-08-14 09:31:50.900,3194.8000,2623,0,7662540.000,0,-,-,-,-,3190.2000,3190.0000,3187.6000,3180.2000,3172.8000,3198.0000,3198.2000,3198.4000,3204.8000,3205.0000,3,1,1,1,1,1,1,1,1,1
SF,IH2103,2020-08-14 09:31:51.400,3194.8000,2623,0,7662540.000,0,-,-,-,-,3190.2000,3190.0000,3187.6000,3180.2000,3172.8000,3197.8000,3198.0000,3198.4000,3204.8000,3205.0000,4,1,1,1,1,1,1,1,1,1
SF,IH2103,2020-08-14 09:31:51.900,3194.8000,2623,0,7662540.000,0,-,-,-,-,3190.2000,3190.0000,3187.6000,3180.2000,3172.8000,3197.6000,3197.8000,3198.4000,3204.8000,3205.0000,4,1,1,1,1,1,1,1,1,1
SF,IH2103,2020-08-14 09:31:52.400,3194.8000,2623,0,7662540.000,0,-,-,-,-,3190.2000,3190.0000,3187.6000,3180.2000,3172.8000,3197.4000,3197.6000,3198.4000,3204.8000,3205.0000,4,1,1,1,1,1,1,1,1,1
SF,IH2103,2020-08-14 09:31:52.900,3194.8000,2623,0,7662540.000,0,-,-,-,-,3190.2000,3190.0000,3187.6000,3180.2000,3172.8000,3197.2000,3197.4000,3204.8000,3205.0000,3218.4000,4,1,1,1,1,1,1,1,1,1
SF,IH2103,2020-08-14 09:31:53.400,3194.8000,2623,0,7662540.000,0,-,-,-,-,3190.2000,3190.0000,3187.6000,3180.2000,3172.8000,3197.0000,3197.2000,3204.8000,3205.0000,3218.4000,4,1,1,1,1,1,1,1,1,1
SF,IH2103,2020-08-14 09:31:53.900,3194.8000,2623,0,7662540.000,0,-,-,-,-,3190.4000,3190.2000,3190.0000,3187.6000,3180.2000,3197.0000,3204.8000,3205.0000,3218.4000,3221.0000,1,4,1,1,1,1,1,1,1,1
SF,IH2103,2020-08-14 09:31:54.400,3194.8000,2623,0,7662540.000,0,-,-,-,-,3190.6000,3190.4000,3190.2000,3190.0000,3187.6000,3197.0000,3204.8000,3205.0000,3218.4000,3221.0000,2,1,3,1,1,1,1,1,1,1
SF,IH2103,2020-08-14 09:31:54.900,3194.8000,2623,0,7662540.000,0,-,-,-,-,3191.0000,3190.8000,3190.6000,3190.2000,3190.0000,3197.0000,3204.8000,3205.0000,3218.4000,3221.0000,1,1,2,2,1,1,1,1,1,1
SF,IH2103,2020-08-14 09:31:55.400,3194.8000,2623,0,7662540.000,0,-,-,-,-,3191.2000,3191.0000,3190.6000,3190.2000,3190.0000,3197.0000,3204.8000,3205.0000,3218.4000,3221.0000,3,1,1,2,1,1,1,1,1,1
SF,IH2103,2020-08-14 09:31:55.900,3194.8000,2623,0,7662540.000,0,-,-,-,-,3191.2000,3191.0000,3190.6000,3190.2000,3190.0000,3197.0000,3204.8000,3205.0000,3218.4000,3221.0000,3,1,1,2,1,1,1,1,1,1
SF,IH2103,2020-08-14 09:31:56.400,3194.8000,2623,0,7662540.000,0,-,-,-,-,3191.2000,3191.0000,3190.6000,3190.2000,3190.0000,3197.0000,3204.8000,3205.0000,3218.4000,3221.0000,3,1,1,2,1,1,1,1,1,1
SF,IH2103,2020-08-14 09:31:56.900,3194.8000,2623,0,7662540.000,0,-,-,-,-,3191.2000,3191.0000,3190.6000,3190.2000,3190.0000,3197.0000,3204.8000,3205.0000,3212.0000,3218.4000,3,1,1,2,1,1,1,1,1,1
SF,IH2103,2020-08-14 09:31:57.400,3194.8000,2623,0,7662540.000,0,-,-,-,-,3191.2000,3191.0000,3190.6000,3190.2000,3190.0000,3196.8000,3197.0000,3204.8000,3205.0000,3212.0000,2,1,1,2,1,1,1,1,1,1
SF,IH2103,2020-08-14 09:31:57.900,3194.8000,2623,0,7662540.000,0,-,-,-,-,3191.2000,3191.0000,3190.6000,3190.2000,3190.0000,3196.6000,3196.8000,3204.8000,3205.0000,3212.0000,2,1,1,2,1,1,2,1,1,1
SF,IH2103,2020-08-14 09:31:58.400,3194.8000,2623,0,7662540.000,0,-,-,-,-,3191.2000,3190.6000,3190.2000,3190.0000,3187.6000,3196.4000,3196.6000,3196.8000,3201.6000,3205.0000,2,1,2,1,1,1,1,1,1,1
SF,IH2103,2020-08-14 09:31:58.900,3194.8000,2623,0,7662540.000,0,-,-,-,-,3191.2000,3190.6000,3190.2000,3190.0000,3187.6000,3196.2000,3196.4000,3196.8000,3201.6000,3205.0000,2,1,2,1,1,1,1,1,1,1
SF,IH2103,2020-08-14 09:31:59.400,3194.8000,2623,0,7662540.000,0,-,-,-,-,3191.2000,3190.6000,3190.2000,3190.0000,3187.6000,3196.0000,3196.2000,3196.8000,3201.6000,3205.0000,2,1,2,1,1,1,1,1,1,1
SF,IH2103,2020-08-14 09:31:59.900,3194.8000,2623,0,7662540.000,0,-,-,-,-,3191.2000,3190.6000,3190.2000,3190.0000,3187.6000,3195.8000,3196.0000,3196.8000,3201.6000,3205.0000,2,1,2,1,1,1,1,1,1,1
SF,IH2103,2020-08-14 09:32:00.400,3194.8000,2623,0,7662540.000,0,-,-,-,-,3191.2000,3190.6000,3190.2000,3190.0000,3187.6000,3195.6000,3195.8000,3201.6000,3205.0000,3212.0000,2,1,2,1,1,1,1,1,1,1
SF,IH2103,2020-08-14 09:32:00.900,3194.8000,2623,0,7662540.000,0,-,-,-,-,3191.2000,3190.6000,3190.2000,3190.0000,3187.6000,3195.4000,3195.6000,3201.6000,3205.0000,3212.0000,2,1,2,1,1,1,1,1,1,1
SF,IH2103,2020-08-14 09:32:01.400,3194.8000,2623,0,7662540.000,0,-,-,-,-,3191.2000,3190.6000,3190.2000,3190.0000,3187.6000,3195.2000,3201.6000,3205.0000,3212.0000,3218.4000,2,1,2,1,1,1,1,1,1,1
SF,IH2103,2020-08-14 09:32:01.900,3195.2000,2622,-1,8621100.000,1,0,1,双平,S,3191.2000,3190.6000,3190.2000,3190.0000,3187.6000,3201.6000,3205.0000,3212.0000,3218.4000,3221.0000,1,1,2,1,1,1,1,1,1,1
SF,IH2103,2020-08-14 09:32:02.400,3195.2000,2622,0,8621100.000,0,-,-,-,-,3191.4000,3191.2000,3190.6000,3190.2000,3190.0000,3201.4000,3201.6000,3205.0000,3212.0000,3218.4000,2,1,1,2,1,3,1,1,1,1
SF,IH2103,2020-08-14 09:32:02.900,3195.2000,2622,0,8621100.000,0,-,-,-,-,3191.6000,3191.4000,3190.6000,3190.2000,3190.0000,3201.4000,3201.6000,3205.0000,3212.0000,3218.4000,1,2,1,2,1,3,1,1,1,1
SF,IH2103,2020-08-14 09:32:03.400,3195.2000,2622,0,8621100.000,0,-,-,-,-,3191.8000,3191.6000,3191.4000,3190.6000,3190.2000,3201.4000,3201.6000,3205.0000,3212.0000,3218.4000,1,1,1,1,2,3,1,1,1,1
SF,IH2103,2020-08-14 09:32:03.900,3195.2000,2622,0,8621100.000,0,-,-,-,-,3192.0000,3191.8000,3191.4000,3190.6000,3190.2000,3201.4000,3201.6000,3205.0000,3212.0000,3218.4000,1,1,1,1,2,3,1,1,1,1
SF,IH2103,2020-08-14 09:32:04.400,3195.2000,2622,0,8621100.000,0,-,-,-,-,3192.2000,3192.0000,3191.4000,3190.6000,3190.2000,3201.4000,3201.6000,3205.0000,3212.0000,3218.4000,1,1,1,1,2,3,1,1,1,1
SF,IH2103,2020-08-14 09:32:04.900,3195.2000,2622,0,8621100.000,0,-,-,-,-,3192.4000,3192.2000,3191.4000,3190.6000,3190.0000,3201.4000,3201.6000,3205.0000,3212.0000,3218.4000,2,1,1,1,1,2,1,1,1,1
SF,IH2103,2020-08-14 09:32:05.400,3195.2000,2622,0,8621100.000,0,-,-,-,-,3192.6000,3192.4000,3191.4000,3190.6000,3190.0000,3201.0000,3201.4000,3201.6000,3205.0000,3212.0000,1,2,1,1,1,1,2,1,1,1
SF,IH2103,2020-08-14 09:32:05.900,3195.2000,2622,0,8621100.000,0,-,-,-,-,3192.8000,3192.6000,3192.4000,3191.4000,3190.0000,3200.8000,3201.0000,3201.4000,3201.6000,3205.0000,2,1,1,1,1,2,1,1,1,1
SF,IH2103,2020-08-14 09:32:06.400,3195.2000,2622,0,8621100.000,0,-,-,-,-,3193.0000,3192.8000,3192.4000,3191.4000,3190.0000,3200.8000,3201.0000,3201.4000,3201.6000,3205.0000,1,2,1,1,1,2,1,1,1,1
SF,IH2103,2020-08-14 09:32:06.900,3195.2000,2622,0,8621100.000,0,-,-,-,-,3193.2000,3193.0000,3192.8000,3192.4000,3191.4000,3200.8000,3201.0000,3201.4000,3201.6000,3205.0000,2,1,1,1,1,2,1,1,1,1
SF,IH2103,2020-08-14 09:32:07.400,3195.2000,2622,0,8621100.000,0,-,-,-,-,3193.4000,3193.2000,3192.8000,3192.4000,3191.4000,3200.0000,3200.8000,3201.4000,3201.6000,3205.0000,1,2,1,1,1,1,2,1,1,1
SF,IH2103,2020-08-14 09:32:07.900,3195.2000,2622,0,8621100.000,0,-,-,-,-,3193.6000,3193.4000,3193.2000,3192.8000,3192.4000,3199.8000,3200.0000,3200.8000,3201.4000,3201.6000,2,1,1,1,1,1,1,1,1,1
SF,IH2103,2020-08-14 09:32:08.400,3195.2000,2622,0,8621100.000,0,-,-,-,-,3193.8000,3193.6000,3193.2000,3192.8000,3192.4000,3199.8000,3200.0000,3200.8000,3201.4000,3201.6000,1,2,1,1,1,1,1,1,1,1
SF,IH2103,2020-08-14 09:32:08.900,3195.2000,2622,0,8621100.000,0,-,-,-,-,3194.0000,3193.8000,3193.6000,3193.2000,3192.8000,3199.8000,3200.0000,3200.8000,3201.4000,3201.6000,1,1,1,1,1,1,1,1,1,1
SF,IH2103,2020-08-14 09:32:09.400,3195.2000,2622,0,8621100.000,0,-,-,-,-,3194.2000,3194.0000,3193.6000,3193.2000,3192.8000,3199.6000,3199.8000,3200.8000,3201.4000,3201.6000,1,1,1,1,1,2,1,1,1,1
SF,IH2103,2020-08-14 09:32:09.900,3195.2000,2622,0,8621100.000,0,-,-,-,-,3194.4000,3194.2000,3193.6000,3193.2000,3192.8000,3199.4000,3200.8000,3201.4000,3201.6000,3205.0000,1,1,1,1,1,1,1,1,1,1
SF,IH2103,2020-08-14 09:32:10.400,3195.2000,2622,0,8621100.000,0,-,-,-,-,3194.6000,3194.4000,3193.6000,3193.2000,3192.8000,3199.4000,3200.8000,3201.6000,3205.0000,3212.0000,2,1,1,1,1,1,1,1,1,1
SF,IH2103,2020-08-14 09:32:10.900,3195.2000,2622,0,8621100.000,0,-,-,-,-,3194.8000,3194.6000,3193.6000,3193.2000,3192.8000,3199.4000,3200.8000,3201.6000,3205.0000,3212.0000,1,2,1,1,1,1,1,1,1,1
SF,IH2103,2020-08-14 09:32:11.400,3195.2000,2622,0,8621100.000,0,-,-,-,-,3195.0000,3194.8000,3194.6000,3193.6000,3193.2000,3199.4000,3200.8000,3201.6000,3205.0000,3212.0000,2,1,1,1,1,1,1,1,1,1
SF,IH2103,2020-08-14 09:32:11.900,3195.2000,2622,0,8621100.000,0,-,-,-,-,3195.2000,3195.0000,3194.6000,3193.6000,3193.2000,3199.4000,3200.8000,3201.6000,3205.0000,3212.0000,1,2,1,1,1,1,1,1,1,1
SF,IH2103,2020-08-14 09:32:12.400,3195.2000,2622,0,8621100.000,0,-,-,-,-,3195.4000,3195.2000,3195.0000,3194.6000,3193.6000,3199.2000,3199.4000,3200.8000,3201.6000,3205.0000,1,1,1,1,1,1,1,1,1,1
SF,IH2103,2020-08-14 09:32:12.900,3195.2000,2622,0,8621100.000,0,-,-,-,-,3195.6000,3195.4000,3195.0000,3194.6000,3193.6000,3199.0000,3200.8000,3201.6000,3205.0000,3212.0000,2,1,1,1,1,1,1,1,1,1
SF,IH2103,2020-08-14 09:32:13.400,3195.2000,2622,0,8621100.000,0,-,-,-,-,3195.6000,3195.0000,3194.6000,3190.0000,3187.6000,3199.0000,3200.8000,3201.6000,3205.0000,3212.0000,2,1,1,1,1,1,1,1,1,1
SF,IH2103,2020-08-14 09:32:13.900,3195.2000,2622,0,8621100.000,0,-,-,-,-,3195.6000,3195.0000,3194.6000,3190.0000,3187.6000,3199.0000,3200.8000,3201.6000,3205.0000,3212.0000,1,1,1,1,1,1,1,1,1,1
SF,IH2103,2020-08-14 09:32:14.400,3195.2000,2622,0,8621100.000,0,-,-,-,-,3195.8000,3195.6000,3195.0000,3194.6000,3190.0000,3199.0000,3200.8000,3201.6000,3205.0000,3212.0000,1,1,1,1,1,1,1,1,1,1
SF,IH2103,2020-08-14 09:32:14.900,3195.0000,2619,-3,11497080.000,3,0,3,双平,S,3190.0000,3187.6000,3180.2000,3172.8000,3168.4000,3198.8000,3199.0000,3200.8000,3201.6000,3205.0000,1,1,1,1,1,1,1,1,1,1
SF,IH2103,2020-08-14 09:32:15.400,3195.0000,2619,0,11497080.000,0,-,-,-,-,3190.2000,3190.0000,3187.6000,3180.2000,3172.8000,3198.6000,3198.8000,3201.6000,3205.0000,3212.0000,2,1,1,1,1,1,1,1,1,1
SF,IH2103,2020-08-14 09:32:15.900,3195.0000,2619,0,11497080.000,0,-,-,-,-,3190.2000,3190.0000,3187.6000,3180.2000,3172.8000,3198.4000,3198.6000,3198.8000,3201.6000,3205.0000,2,1,1,1,1,3,1,1,1,1
SF,IH2103,2020-08-14 09:32:16.400,3195.0000,2619,0,11497080.000,0,-,-,-,-,3190.2000,3190.0000,3187.6000,3180.2000,3172.8000,3198.2000,3198.4000,3198.8000,3201.6000,3205.0000,2,1,1,1,1,1,3,1,1,1
SF,IH2103,2020-08-14 09:32:16.900,3195.0000,2619,0,11497080.000,0,-,-,-,-,3190.2000,3190.0000,3187.6000,3180.2000,3172.8000,3198.0000,3198.2000,3198.4000,3198.8000,3201.6000,2,1,1,1,1,1,1,3,1,1
SF,IH2103,2020-08-14 09:32:17.400,3195.0000,2619,0,11497080.000,0,-,-,-,-,3190.2000,3190.0000,3187.6000,3180.2000,3172.8000,3197.8000,3198.0000,3198.4000,3198.8000,3201.6000,2,1,1,1,1,1,1,3,1,1
SF,IH2103,2020-08-14 09:32:18.400,3195.0000,2619,0,11497080.000,0,-,-,-,-,3190.4000,3190.2000,3190.0000,3187.6000,3180.2000,3197.8000,3198.0000,3198.4000,3198.8000,3201.6000,1,2,1,1,1,1,1,3,1,1
SF,IH2103,2020-08-14 09:32:18.900,3195.0000,2619,0,11497080.000,0,-,-,-,-,3190.6000,3190.4000,3190.0000,3187.6000,3180.2000,3197.8000,3198.8000,3201.6000,3205.0000,3212.0000,2,1,1,1,1,1,1,1,1,1
SF,IH2103,2020-08-14 09:32:19.400,3195.0000,2619,0,11497080.000,0,-,-,-,-,3190.6000,3190.4000,3190.0000,3187.6000,3180.2000,3197.8000,3198.8000,3201.6000,3205.0000,3212.0000,2,1,1,1,1,1,1,1,1,1
SF,IH2103,2020-08-14 09:32:19.900,3195.0000,2619,0,11497080.000,0,-,-,-,-,3190.6000,3190.4000,3190.0000,3187.6000,3180.2000,3197.8000,3198.8000,3201.6000,3205.0000,3212.0000,2,1,1,1,1,1,1,1,1,1
SF,IH2103,2020-08-14 09:32:20.400,3195.0000,2619,0,11497080.000,0,-,-,-,-,3190.6000,3190.4000,3190.0000,3187.6000,3180.2000,3197.8000,3198.8000,3201.6000,3205.0000,3212.0000,2,1,1,1,1,1,1,1,1,1
SF,IH2103,2020-08-14 09:32:20.900,3195.0000,2619,0,11497080.000,0,-,-,-,-,3190.6000,3190.4000,3190.0000,3187.6000,3180.2000,3197.6000,3197.8000,3198.8000,3201.6000,3205.0000,2,1,1,1,1,1,1,1,1,1
SF,IH2103,2020-08-14 09:32:21.400,3195.0000,2619,0,11497080.000,0,-,-,-,-,3190.6000,3190.4000,3190.0000,3187.6000,3180.2000,3197.4000,3197.6000,3198.8000,3201.6000,3205.0000,2,1,1,1,1,1,1,1,1,1
SF,IH2103,2020-08-14 09:32:21.900,3195.0000,2619,0,11497080.000,0,-,-,-,-,3190.6000,3190.4000,3190.0000,3187.6000,3180.2000,3197.4000,3198.8000,3201.6000,3205.0000,3212.0000,2,1,1,1,1,1,1,1,1,1
SF,IH2103,2020-08-14 09:32:25.900,3195.0000,2619,0,11497080.000,0,-,-,-,-,3190.6000,3190.4000,3190.0000,3187.6000,3180.2000,3197.4000,3201.6000,3205.0000,3212.0000,3218.4000,2,1,1,1,1,1,1,1,1,1
SF,IH2103,2020-08-14 09:32:26.400,3195.0000,2619,0,11497080.000,0,-,-,-,-,3190.6000,3190.4000,3190.0000,3187.6000,3180.2000,3197.4000,3201.6000,3205.0000,3212.0000,3218.4000,2,1,1,1,1,1,1,1,1,1
SF,IH2103,2020-08-14 09:32:26.900,3195.0000,2619,0,11497080.000,0,-,-,-,-,3190.6000,3190.4000,3190.0000,3187.6000,3180.2000,3197.4000,3201.6000,3205.0000,3212.0000,3218.4000,2,1,1,1,1,1,1,1,1,1
SF,IH2103,2020-08-14 09:32:27.400,3195.0000,2619,0,11497080.000,0,-,-,-,-,3190.6000,3190.4000,3190.0000,3187.6000,3180.2000,3197.4000,3201.6000,3205.0000,3212.0000,3218.4000,2,1,1,1,1,1,1,1,1,1
SF,IH2103,2020-08-14 09:32:27.900,3195.0000,2619,0,11497080.000,0,-,-,-,-,3190.6000,3190.4000,3190.0000,3187.6000,3180.2000,3197.4000,3201.6000,3205.0000,3212.0000,3218.4000,2,1,1,1,1,1,1,1,1,1
SF,IH2103,2020-08-14 09:32:28.400,3195.0000,2619,0,11497080.000,0,-,-,-,-,3190.6000,3190.4000,3190.0000,3187.6000,3180.2000,3197.4000,3201.6000,3205.0000,3212.0000,3218.4000,2,1,1,1,1,1,1,1,1,1
SF,IH2103,2020-08-14 09:32:28.900,3195.0000,2619,0,11497080.000,0,-,-,-,-,3190.6000,3190.4000,3190.0000,3187.6000,3180.2000,3197.4000,3201.6000,3205.0000,3212.0000,3218.4000,2,1,1,1,1,1,1,1,1,1
SF,IH2103,2020-08-14 09:32:29.400,3195.0000,2619,0,11497080.000,0,-,-,-,-,3190.6000,3190.4000,3190.0000,3187.6000,3180.2000,3197.4000,3201.6000,3205.0000,3212.0000,3218.4000,2,1,1,1,1,1,1,1,1,1
SF,IH2103,2020-08-14 09:32:29.900,3195.0000,2619,0,11497080.000,0,-,-,-,-,3190.8000,3190.6000,3190.4000,3190.0000,3187.6000,3197.4000,3201.6000,3205.0000,3212.0000,3218.4000,1,2,1,1,1,1,1,1,1,1
SF,IH2103,2020-08-14 09:32:30.400,3195.0000,2619,0,11497080.000,0,-,-,-,-,3191.0000,3190.8000,3190.4000,3190.0000,3187.6000,3197.4000,3201.6000,3205.0000,3212.0000,3218.4000,2,1,1,1,1,1,1,1,1,1
SF,IH2103,2020-08-14 09:32:30.900,3195.0000,2619,0,11497080.000,0,-,-,-,-,3195.0000,3191.0000,3190.8000,3190.4000,3190.0000,3197.4000,3201.6000,3205.0000,3212.0000,3218.4000,2,2,1,1,1,1,1,1,1,1
SF,IH2103,2020-08-14 09:32:31.400,3197.4000,2618,-1,12456300.000,1,0,1,双平,S,3195.2000,3195.0000,3191.0000,3190.8000,3190.6000,3205.0000,3212.0000,3218.4000,3221.0000,3225.8000,1,2,1,1,1,2,1,1,1,8
SF,IH2103,2020-08-14 09:32:31.900,3197.4000,2618,0,12456300.000,0,-,-,-,-,3195.4000,3195.2000,3195.0000,3190.8000,3190.6000,3204.8000,3205.0000,3212.0000,3218.4000,3221.0000,1,1,2,1,1,4,2,1,1,1
SF,IH2103,2020-08-14 09:32:32.400,3197.4000,2618,0,12456300.000,0,-,-,-,-,3195.6000,3195.4000,3195.0000,3190.8000,3190.6000,3204.8000,3205.0000,3212.0000,3218.4000,3221.0000,1,1,2,1,1,4,2,1,1,1
SF,IH2103,2020-08-14 09:32:32.900,3197.4000,2618,0,12456300.000,0,-,-,-,-,3195.8000,3195.6000,3195.0000,3190.8000,3190.6000,3204.8000,3205.0000,3212.0000,3218.4000,3221.0000,1,1,2,1,1,4,2,1,1,1
SF,IH2103,2020-08-14 09:32:33.400,3197.4000,2618,0,12456300.000,0,-,-,-,-,3196.0000,3195.8000,3195.0000,3190.8000,3190.6000,3204.8000,3205.0000,3212.0000,3218.4000,3221.0000,1,1,2,1,1,4,2,1,1,1
SF,IH2103,2020-08-14 09:32:33.900,3197.4000,2618,0,12456300.000,0,-,-,-,-,3196.2000,3196.0000,3195.0000,3190.8000,3190.6000,3204.6000,3204.8000,3205.0000,3212.0000,3218.4000,1,1,2,1,1,1,4,2,1,1
SF,IH2103,2020-08-14 09:32:34.400,3197.4000,2618,0,12456300.000,0,-,-,-,-,3196.4000,3196.2000,3195.0000,3190.8000,3190.6000,3204.4000,3204.6000,3204.8000,3205.0000,3212.0000,1,1,2,1,1,2,1,3,2,1
SF,IH2103,2020-08-14 09:32:34.900,3197.4000,2618,0,12456300.000,0,-,-,-,-,3196.6000,3196.4000,3195.0000,3190.8000,3190.6000,3204.4000,3204.6000,3204.8000,3205.0000,3212.0000,1,1,2,1,1,2,1,3,2,1
SF,IH2103,2020-08-14 09:32:35.400,3197.4000,2618,0,12456300.000,0,-,-,-,-,3196.8000,3196.6000,3195.0000,3190.8000,3190.6000,3204.4000,3204.6000,3204.8000,3205.0000,3212.0000,1,1,2,1,1,2,1,3,2,1
SF,IH2103,2020-08-14 09:32:35.900,3197.4000,2618,0,12456300.000,0,-,-,-,-,3197.0000,3196.8000,3195.0000,3190.8000,3190.6000,3204.0000,3204.4000,3204.6000,3204.8000,3205.0000,1,1,2,1,1,1,2,1,3,2
SF,IH2103,2020-08-14 09:32:36.400,3197.4000,2618,0,12456300.000,0,-,-,-,-,3197.2000,3197.0000,3195.0000,3190.8000,3190.6000,3203.8000,3204.0000,3204.4000,3204.8000,3205.0000,1,1,2,1,1,2,1,1,3,2
SF,IH2103,2020-08-14 09:32:36.900,3197.4000,2618,0,12456300.000,0,-,-,-,-,3197.4000,3197.2000,3195.0000,3190.8000,3190.6000,3203.8000,3204.0000,3204.4000,3204.8000,3205.0000,1,1,2,1,1,2,1,1,3,2
SF,IH2103,2020-08-14 09:32:37.400,3197.4000,2618,0,12456300.000,0,-,-,-,-,3197.6000,3197.4000,3195.0000,3190.8000,3190.6000,3203.8000,3204.0000,3204.4000,3204.8000,3205.0000,1,1,2,1,1,2,1,1,3,2
SF,IH2103,2020-08-14 09:32:37.900,3197.4000,2618,0,12456300.000,0,-,-,-,-,3197.8000,3197.6000,3195.0000,3190.8000,3190.6000,3203.6000,3203.8000,3204.4000,3204.8000,3205.0000,1,1,2,1,1,1,2,1,3,2
SF,IH2103,2020-08-14 09:32:38.400,3197.4000,2618,0,12456300.000,0,-,-,-,-,3198.0000,3197.8000,3195.0000,3190.8000,3190.6000,3203.4000,3203.6000,3203.8000,3204.4000,3204.8000,1,1,2,1,1,1,1,1,1,3
SF,IH2103,2020-08-14 09:32:38.900,3197.4000,2618,0,12456300.000,0,-,-,-,-,3198.2000,3198.0000,3195.0000,3190.8000,3190.6000,3203.4000,3203.6000,3203.8000,3204.4000,3204.8000,1,1,2,1,1,1,1,1,1,3
SF,IH2103,2020-08-14 09:32:39.400,3197.8000,2616,-2,14374980.000,2,0,2,双平,S,3198.4000,3195.0000,3190.8000,3190.6000,3190.0000,3203.2000,3203.4000,3203.6000,3203.8000,3204.4000,1,2,1,1,1,2,1,1,1,1
SF,IH2103,2020-08-14 09:32:39.900,3198.2000,2615,-1,15334440.000,1,0,1,双平,S,3195.0000,3190.8000,3190.6000,3190.0000,3180.2000,3203.0000,3203.2000,3203.6000,3203.8000,3204.4000,2,1,1,1,1,1,2,1,1,1
SF,IH2103,2020-08-14 09:32:40.400,3198.2000,2615,0,15334440.000,0,-,-,-,-,3195.2000,3195.0000,3190.8000,3190.6000,3190.0000,3202.8000,3203.0000,3203.2000,3203.6000,3203.8000,1,2,1,1,1,1,1,1,1,1
SF,IH2103,2020-08-14 09:32:40.900,3198.2000,2615,0,15334440.000,0,-,-,-,-,3195.2000,3195.0000,3190.8000,3190.6000,3190.0000,3202.6000,3202.8000,3203.2000,3203.6000,3203.8000,1,2,1,1,1,3,1,1,1,1
SF,IH2103,2020-08-14 09:32:41.400,3198.2000,2615,0,15334440.000,0,-,-,-,-,3195.2000,3195.0000,3190.8000,3190.6000,3190.0000,3202.4000,3202.6000,3203.2000,3203.6000,3203.8000,1,2,1,1,1,1,3,1,1,1
SF,IH2103,2020-08-14 09:32:41.900,3198.2000,2615,0,15334440.000,0,-,-,-,-,3195.2000,3195.0000,3190.8000,3190.6000,3190.0000,3202.0000,3202.2000,3202.4000,3202.6000,3203.2000,1,2,1,1,1,1,2,1,2,1
SF,IH2103,2020-08-14 09:32:42.400,3198.2000,2615,0,15334440.000,0,-,-,-,-,3195.2000,3195.0000,3190.8000,3190.6000,3190.0000,3201.8000,3202.0000,3202.2000,3202.6000,3203.8000,1,2,1,1,1,3,1,1,2,1
SF,IH2103,2020-08-14 09:32:42.900,3198.2000,2615,0,15334440.000,0,-,-,-,-,3195.2000,3195.0000,3190.8000,3190.6000,3190.0000,3201.8000,3202.2000,3202.6000,3205.0000,3212.0000,1,2,1,1,1,3,1,2,2,1
SF,IH2103,2020-08-14 09:32:43.400,3198.2000,2615,0,15334440.000,0,-,-,-,-,3195.2000,3195.0000,3190.8000,3190.6000,3190.0000,3201.8000,3202.2000,3202.6000,3205.0000,3212.0000,1,2,1,1,1,3,1,2,2,1
SF,IH2103,2020-08-14 09:32:43.900,3198.2000,2615,0,15334440.000,0,-,-,-,-,3195.2000,3195.0000,3190.8000,3190.6000,3190.0000,3201.8000,3202.2000,3202.6000,3205.0000,3212.0000,1,2,1,1,1,3,1,2,2,1
SF,IH2103,2020-08-14 09:32:48.400,3198.2000,2615,0,15334440.000,0,-,-,-,-,3195.2000,3195.0000,3190.8000,3190.6000,3190.0000,3201.8000,3202.2000,3202.6000,3205.0000,3212.0000,1,3,1,1,1,3,1,2,2,1
SF,IH2103,2020-08-14 09:32:48.900,3198.2000,2615,0,15334440.000,0,-,-,-,-,3195.4000,3195.2000,3195.0000,3190.8000,3190.6000,3201.8000,3202.2000,3202.6000,3205.0000,3212.0000,1,1,3,1,1,2,1,2,2,1
SF,IH2103,2020-08-14 09:32:49.400,3198.2000,2615,0,15334440.000,0,-,-,-,-,3195.6000,3195.4000,3195.0000,3190.8000,3190.6000,3201.6000,3201.8000,3202.2000,3202.6000,3205.0000,1,1,3,1,1,1,2,1,2,2
SF,IH2103,2020-08-14 09:32:49.900,3198.2000,2615,0,15334440.000,0,-,-,-,-,3195.8000,3195.6000,3195.0000,3190.8000,3190.6000,3201.4000,3201.6000,3201.8000,3202.2000,3202.6000,1,1,3,1,1,2,1,1,1,2
SF,IH2103,2020-08-14 09:32:50.400,3198.2000,2615,0,15334440.000,0,-,-,-,-,3196.0000,3195.8000,3195.0000,3190.8000,3190.6000,3201.4000,3201.6000,3201.8000,3202.2000,3202.6000,1,1,3,1,1,2,1,1,1,2
SF,IH2103,2020-08-14 09:32:50.900,3198.2000,2615,0,15334440.000,0,-,-,-,-,3196.2000,3196.0000,3195.0000,3190.8000,3190.6000,3201.4000,3201.6000,3201.8000,3202.2000,3202.6000,1,1,3,1,1,2,1,1,1,2
SF,IH2103,2020-08-14 09:32:51.400,3198.2000,2615,0,15334440.000,0,-,-,-,-,3196.4000,3196.2000,3195.0000,3190.8000,3190.6000,3197.4000,3201.4000,3201.6000,3201.8000,3202.2000,1,1,3,1,1,1,2,1,1,1
SF,IH2103,2020-08-14 09:32:51.900,3197.6000,2614,-1,16293720.000,1,0,1,双平,S,3197.6000,3197.4000,3195.0000,3190.8000,3190.6000,3201.4000,3205.0000,3212.0000,3218.4000,3218.8000,1,2,3,1,1,1,2,1,1,1
SF,IH2103,2020-08-14 09:32:52.400,3197.6000,2614,0,16293720.000,0,-,-,-,-,3197.6000,3197.4000,3195.0000,3190.8000,3190.6000,3201.2000,3201.4000,3205.0000,3212.0000,3218.4000,1,2,3,1,1,2,1,2,1,1
SF,IH2103,2020-08-14 09:32:52.900,3197.6000,2614,0,16293720.000,0,-,-,-,-,3197.6000,3197.4000,3195.0000,3190.8000,3190.6000,3201.0000,3201.2000,3205.0000,3212.0000,3218.4000,1,2,3,1,1,1,2,2,1,1
SF,IH2103,2020-08-14 09:32:53.400,3197.6000,2614,0,16293720.000,0,-,-,-,-,3197.6000,3197.4000,3195.0000,3190.8000,3190.6000,3200.8000,3201.0000,3201.2000,3205.0000,3212.0000,1,2,3,1,1,2,1,2,2,1
SF,IH2103,2020-08-14 09:32:53.900,3197.6000,2614,0,16293720.000,0,-,-,-,-,3197.6000,3197.4000,3195.0000,3190.8000,3190.6000,3200.6000,3200.8000,3201.2000,3205.0000,3212.0000,1,2,3,1,1,1,2,2,2,1
SF,IH2103,2020-08-14 09:32:54.400,3197.6000,2614,0,16293720.000,0,-,-,-,-,3197.6000,3197.4000,3195.0000,3190.8000,3190.6000,3200.4000,3200.6000,3200.8000,3201.2000,3205.0000,1,2,3,1,1,1,1,2,2,2
SF,IH2103,2020-08-14 09:32:54.900,3197.6000,2614,0,16293720.000,0,-,-,-,-,3197.6000,3197.4000,3195.0000,3190.8000,3190.6000,3200.2000,3200.4000,3200.8000,3201.2000,3205.0000,1,2,3,1,1,1,1,2,2,2
SF,IH2103,2020-08-14 09:32:56.900,3197.6000,2614,0,16293720.000,0,-,-,-,-,3197.4000,3195.0000,3190.8000,3190.6000,3190.0000,3200.2000,3200.4000,3200.8000,3201.2000,3205.0000,2,3,1,1,1,1,1,2,2,2
SF,IH2103,2020-08-14 09:32:57.400,3197.6000,2614,0,16293720.000,0,-,-,-,-,3195.0000,3190.8000,3190.6000,3190.0000,3180.2000,3200.2000,3200.4000,3200.8000,3201.2000,3205.0000,3,1,1,1,1,1,1,2,2,2
SF,IH2103,2020-08-14 09:32:57.900,3197.6000,2614,0,16293720.000,0,-,-,-,-,3195.2000,3195.0000,3190.8000,3190.6000,3190.0000,3200.2000,3200.4000,3200.8000,3201.2000,3205.0000,2,3,1,1,1,1,1,2,2,2
SF,IH2103,2020-08-14 09:33:00.400,3197.6000,2614,0,16293720.000,0,-,-,-,-,3195.2000,3195.0000,3190.8000,3190.0000,3187.6000,3200.2000,3200.4000,3200.8000,3201.2000,3201.8000,2,3,1,1,1,1,1,2,2,1
SF,IH2103,2020-08-14 09:33:00.900,3197.6000,2614,0,16293720.000,0,-,-,-,-,3195.2000,3195.0000,3190.8000,3190.0000,3187.6000,3200.0000,3200.2000,3200.4000,3200.8000,3201.2000,1,3,1,1,1,1,1,1,2,2
SF,IH2103,2020-08-14 09:33:01.400,3197.6000,2614,0,16293720.000,0,-,-,-,-,3195.2000,3195.0000,3190.8000,3190.0000,3187.6000,3199.8000,3200.0000,3200.4000,3200.8000,3201.2000,1,3,1,1,1,1,2,1,2,2
SF,IH2103,2020-08-14 09:33:01.900,3197.6000,2614,0,16293720.000,0,-,-,-,-,3195.2000,3195.0000,3190.8000,3190.0000,3187.6000,3199.6000,3199.8000,3200.0000,3200.4000,3200.8000,1,3,1,1,1,1,1,1,1,2
SF,IH2103,2020-08-14 09:33:02.400,3197.6000,2614,0,16293720.000,0,-,-,-,-,3195.2000,3195.0000,3190.8000,3190.0000,3187.6000,3199.4000,3199.6000,3200.0000,3200.4000,3200.8000,1,3,1,1,1,1,1,1,1,2
SF,IH2103,2020-08-14 09:33:02.900,3199.2000,2614,0,17253480.000,1,0,1,多换,S,3195.4000,3195.0000,3190.8000,3190.0000,3187.6000,3199.4000,3200.0000,3200.4000,3200.8000,3201.2000,1,3,1,1,1,1,1,1,2,2
SF,IH2103,2020-08-14 09:33:04.400,3199.2000,2614,0,17253480.000,0,-,-,-,-,3195.4000,3195.0000,3190.8000,3190.0000,3187.6000,3199.4000,3200.4000,3200.8000,3201.2000,3201.8000,1,3,1,1,1,1,1,2,2,1
SF,IH2103,2020-08-14 09:33:04.900,3199.2000,2614,0,17253480.000,0,-,-,-,-,3195.6000,3195.4000,3195.0000,3190.8000,3190.0000,3199.4000,3200.4000,3200.8000,3201.2000,3201.8000,1,1,3,1,1,1,1,2,2,1
SF,IH2103,2020-08-14 09:33:05.400,3199.2000,2614,0,17253480.000,0,-,-,-,-,3195.6000,3195.4000,3195.0000,3190.8000,3190.0000,3199.4000,3200.4000,3200.8000,3201.2000,3201.8000,1,1,3,1,1,1,1,2,2,1
SF,IH2103,2020-08-14 09:33:05.900,3199.2000,2614,0,17253480.000,0,-,-,-,-,3195.6000,3195.4000,3195.0000,3190.8000,3190.0000,3199.4000,3200.4000,3200.8000,3201.2000,3201.8000,1,1,3,1,1,1,1,2,2,1
SF,IH2103,2020-08-14 09:33:07.900,3199.2000,2614,0,17253480.000,0,-,-,-,-,3195.6000,3195.4000,3195.0000,3190.8000,3187.6000,3199.4000,3200.4000,3200.8000,3201.2000,3201.8000,1,1,3,1,1,1,1,2,2,1
SF,IH2103,2020-08-14 09:33:08.400,3199.2000,2614,0,17253480.000,0,-,-,-,-,3195.4000,3195.0000,3190.8000,3187.6000,3180.2000,3199.4000,3200.4000,3200.8000,3201.2000,3201.8000,1,3,1,1,1,1,1,2,2,1
SF,IH2103,2020-08-14 09:33:09.400,3199.2000,2614,0,17253480.000,0,-,-,-,-,3195.4000,3195.0000,3190.8000,3187.6000,3180.2000,3198.6000,3199.4000,3200.4000,3200.8000,3201.2000,1,3,1,1,1,1,1,1,2,2
SF,IH2103,2020-08-14 09:33:09.900,3199.2000,2614,0,17253480.000,0,-,-,-,-,3195.0000,3190.8000,3187.6000,3180.2000,3172.8000,3198.4000,3198.6000,3200.4000,3201.8000,3205.0000,3,1,1,1,1,1,1,1,1,1
SF,IH2103,2020-08-14 09:33:10.400,3199.2000,2614,0,17253480.000,0,-,-,-,-,3195.0000,3190.8000,3187.6000,3180.2000,3172.8000,3198.4000,3198.6000,3201.8000,3205.0000,3212.0000,3,1,1,1,1,1,1,1,1,1
SF,IH2103,2020-08-14 09:33:10.900,3199.2000,2614,0,17253480.000,0,-,-,-,-,3195.0000,3190.8000,3187.6000,3180.2000,3172.8000,3198.4000,3201.8000,3205.0000,3212.0000,3218.4000,3,1,1,1,1,1,1,1,1,1
SF,IH2103,2020-08-14 09:33:11.400,3199.2000,2614,0,17253480.000,0,-,-,-,-,3195.2000,3195.0000,3190.8000,3187.6000,3180.2000,3198.4000,3201.8000,3205.0000,3212.0000,3218.4000,1,3,1,1,1,1,1,1,1,1
SF,IH2103,2020-08-14 09:33:12.900,3199.2000,2614,0,17253480.000,0,-,-,-,-,3195.2000,3195.0000,3190.8000,3187.6000,3180.2000,3198.2000,3198.4000,3201.8000,3205.0000,3212.0000,1,3,1,1,1,1,1,1,1,1
SF,IH2103,2020-08-14 09:33:13.400,3199.2000,2614,0,17253480.000,0,-,-,-,-,3195.0000,3190.8000,3187.6000,3180.2000,3172.8000,3198.0000,3198.2000,3201.8000,3205.0000,3212.0000,3,1,1,1,1,1,1,1,1,1
SF,IH2103,2020-08-14 09:33:13.900,3199.2000,2614,0,17253480.000,0,-,-,-,-,3195.0000,3190.8000,3187.6000,3180.2000,3172.8000,3197.8000,3198.0000,3198.2000,3201.8000,3205.0000,3,1,1,1,1,1,1,1,1,1
SF,IH2103,2020-08-14 09:33:14.400,3199.2000,2614,0,17253480.000,0,-,-,-,-,3195.0000,3194.6000,3190.8000,3187.6000,3180.2000,3197.6000,3201.8000,3205.0000,3212.0000,3218.4000,3,1,1,1,1,1,1,1,1,1
SF,IH2103,2020-08-14 09:33:14.900,3197.6000,2613,-1,18212760.000,1,0,1,双平,S,3195.2000,3195.0000,3194.6000,3190.8000,3187.6000,3201.8000,3205.0000,3212.0000,3218.4000,3218.8000,1,3,1,1,1,1,1,1,1,1
SF,IH2103,2020-08-14 09:33:15.400,3197.6000,2613,0,18212760.000,0,-,-,-,-,3195.4000,3195.2000,3195.0000,3194.6000,3190.8000,3201.6000,3201.8000,3205.0000,3212.0000,3218.4000,1,1,3,1,1,5,1,1,1,1
SF,IH2103,2020-08-14 09:33:15.900,3197.6000,2613,0,18212760.000,0,-,-,-,-,3195.6000,3195.4000,3195.0000,3194.6000,3190.8000,3201.6000,3201.8000,3205.0000,3212.0000,3218.4000,1,1,3,1,1,5,1,1,1,1
SF,IH2103,2020-08-14 09:33:16.400,3197.6000,2613,0,18212760.000,0,-,-,-,-,3195.8000,3195.6000,3195.0000,3194.6000,3190.8000,3201.6000,3201.8000,3205.0000,3212.0000,3218.4000,1,1,3,1,1,5,1,1,1,1
SF,IH2103,2020-08-14 09:33:16.900,3197.6000,2613,0,18212760.000,0,-,-,-,-,3196.0000,3195.8000,3195.0000,3194.6000,3190.8000,3201.6000,3201.8000,3205.0000,3212.0000,3218.4000,1,1,3,1,1,5,1,1,1,1
SF,IH2103,2020-08-14 09:33:17.400,3197.6000,2613,0,18212760.000,0,-,-,-,-,3196.2000,3196.0000,3195.0000,3194.6000,3190.8000,3201.6000,3201.8000,3205.0000,3212.0000,3218.4000,1,1,3,1,1,5,1,1,1,1
SF,IH2103,2020-08-14 09:33:17.900,3197.6000,2613,0,18212760.000,0,-,-,-,-,3196.4000,3196.2000,3195.0000,3194.6000,3190.8000,3201.6000,3201.8000,3205.0000,3212.0000,3218.4000,1,1,3,1,1,4,1,1,1,1
SF,IH2103,2020-08-14 09:33:18.400,3197.6000,2613,0,18212760.000,0,-,-,-,-,3196.6000,3196.4000,3195.0000,3194.6000,3190.8000,3201.6000,3201.8000,3205.0000,3212.0000,3218.4000,1,1,3,1,1,4,1,1,1,1
SF,IH2103,2020-08-14 09:33:18.900,3197.6000,2613,0,18212760.000,0,-,-,-,-,3196.8000,3196.6000,3195.0000,3194.6000,3190.8000,3201.6000,3201.8000,3205.0000,3212.0000,3218.4000,1,1,3,1,1,4,1,1,1,1
SF,IH2103,2020-08-14 09:33:19.400,3197.6000,2613,0,18212760.000,0,-,-,-,-,3197.0000,3196.8000,3195.0000,3194.6000,3190.8000,3201.6000,3201.8000,3205.0000,3212.0000,3218.4000,1,1,3,1,1,4,1,1,1,1
SF,IH2103,2020-08-14 09:33:19.900,3197.6000,2613,0,18212760.000,0,-,-,-,-,3197.2000,3197.0000,3195.0000,3194.6000,3190.8000,3201.6000,3205.0000,3212.0000,3218.4000,3218.8000,1,1,3,1,1,4,2,1,1,1
SF,IH2103,2020-08-14 09:33:20.400,3197.6000,2613,0,18212760.000,0,-,-,-,-,3197.4000,3197.2000,3195.0000,3194.6000,3190.8000,3201.6000,3205.0000,3212.0000,3218.4000,3218.8000,1,1,3,1,1,4,2,1,1,1
SF,IH2103,2020-08-14 09:33:20.900,3197.6000,2613,0,18212760.000,0,-,-,-,-,3197.6000,3197.4000,3195.0000,3194.6000,3190.8000,3201.6000,3205.0000,3212.0000,3218.4000,3218.8000,1,1,3,1,1,4,2,1,1,1
SF,IH2103,2020-08-14 09:33:21.400,3197.6000,2613,0,18212760.000,0,-,-,-,-,3197.8000,3197.6000,3197.4000,3195.0000,3194.6000,3201.6000,3205.0000,3212.0000,3218.4000,3218.8000,6,1,1,3,1,4,2,1,1,1
SF,IH2103,2020-08-14 09:33:21.900,3197.6000,2613,0,18212760.000,0,-,-,-,-,3198.0000,3197.4000,3195.0000,3194.6000,3190.8000,3201.6000,3205.0000,3212.0000,3218.4000,3218.8000,1,1,3,1,1,4,2,1,1,1
SF,IH2103,2020-08-14 09:33:22.400,3197.6000,2613,0,18212760.000,0,-,-,-,-,3198.0000,3197.4000,3195.0000,3194.6000,3190.8000,3201.6000,3205.0000,3212.0000,3218.4000,3218.8000,1,1,3,1,1,4,2,1,1,1
SF,IH2103,2020-08-14 09:33:22.900,3197.6000,2613,0,18212760.000,0,-,-,-,-,3198.0000,3197.4000,3195.0000,3194.6000,3190.8000,3201.6000,3205.0000,3212.0000,3218.4000,3218.8000,1,1,3,1,1,4,2,1,1,1
SF,IH2103,2020-08-14 09:33:23.400,3197.6000,2613,0,18212760.000,0,-,-,-,-,3198.0000,3197.4000,3195.0000,3194.6000,3190.8000,3201.6000,3205.0000,3212.0000,3218.4000,3218.8000,1,1,3,1,1,4,2,1,1,1
SF,IH2103,2020-08-14 09:33:23.900,3197.6000,2613,0,18212760.000,0,-,-,-,-,3198.0000,3197.4000,3195.0000,3194.6000,3190.8000,3201.6000,3205.0000,3212.0000,3218.4000,3218.8000,1,1,3,1,1,4,2,1,1,1
SF,IH2103,2020-08-14 09:33:24.400,3197.6000,2613,0,18212760.000,0,-,-,-,-,3198.0000,3197.4000,3195.0000,3194.6000,3190.8000,3201.6000,3205.0000,3212.0000,3218.4000,3218.8000,1,1,3,1,1,4,2,1,1,1
SF,IH2103,2020-08-14 09:33:24.900,3197.6000,2613,0,18212760.000,0,-,-,-,-,3198.0000,3197.4000,3195.0000,3194.6000,3190.8000,3201.0000,3201.6000,3205.0000,3212.0000,3218.4000,1,1,3,1,1,1,4,2,1,1
SF,IH2103,2020-08-14 09:33:25.400,3197.6000,2613,0,18212760.000,0,-,-,-,-,3198.0000,3195.0000,3194.6000,3190.8000,3190.6000,3200.8000,3201.0000,3201.6000,3205.0000,3212.0000,1,3,1,1,1,1,1,3,2,1
SF,IH2103,2020-08-14 09:33:25.900,3197.6000,2613,0,18212760.000,0,-,-,-,-,3198.0000,3195.0000,3194.6000,3190.8000,3190.6000,3200.6000,3200.8000,3201.0000,3201.6000,3205.0000,1,3,1,1,1,1,1,1,3,2
SF,IH2103,2020-08-14 09:33:26.400,3197.6000,2613,0,18212760.000,0,-,-,-,-,3198.0000,3195.0000,3194.6000,3190.8000,3190.6000,3200.4000,3201.0000,3201.6000,3205.0000,3212.0000,1,3,1,1,1,1,1,3,2,1
SF,IH2103,2020-08-14 09:33:27.900,3198.0000,2612,-1,19172160.000,1,0,1,双平,S,3195.0000,3194.6000,3190.8000,3190.6000,3180.2000,3200.0000,3200.2000,3200.4000,3201.6000,3205.0000,3,1,1,1,1,1,1,1,3,2
SF,IH2103,2020-08-14 09:33:28.400,3198.0000,2612,0,19172160.000,0,-,-,-,-,3195.2000,3195.0000,3194.6000,3190.8000,3190.6000,3199.8000,3200.0000,3200.2000,3201.6000,3205.0000,2,3,1,1,1,2,1,1,3,2
SF,IH2103,2020-08-14 09:33:29.900,3198.0000,2612,0,19172160.000,0,-,-,-,-,3195.2000,3195.0000,3194.6000,3190.8000,3190.6000,3199.0000,3199.8000,3200.2000,3201.6000,3205.0000,2,3,1,1,1,1,2,1,3,2
SF,IH2103,2020-08-14 09:33:30.400,3198.0000,2612,0,19172160.000,0,-,-,-,-,3195.2000,3195.0000,3194.6000,3190.8000,3190.6000,3198.8000,3199.0000,3199.8000,3200.2000,3205.0000,2,3,1,1,1,1,1,1,1,2
SF,IH2103,2020-08-14 09:33:30.900,3198.0000,2612,0,19172160.000,0,-,-,-,-,3195.2000,3195.0000,3194.6000,3190.8000,3190.6000,3198.8000,3199.0000,3205.0000,3212.0000,3218.4000,1,3,1,1,1,1,1,2,1,1
SF,IH2103,2020-08-14 09:33:31.400,3198.0000,2612,0,19172160.000,0,-,-,-,-,3195.2000,3195.0000,3194.6000,3190.8000,3190.6000,3198.8000,3199.0000,3205.0000,3212.0000,3218.4000,1,3,1,1,1,1,1,2,1,1
SF,IH2103,2020-08-14 09:33:31.900,3198.0000,2612,0,19172160.000,0,-,-,-,-,3195.2000,3195.0000,3194.6000,3190.8000,3190.6000,3198.8000,3205.0000,3212.0000,3218.4000,3218.8000,1,3,1,1,1,1,2,1,1,1
SF,IH2103,2020-08-14 09:33:32.400,3198.0000,2612,0,19172160.000,0,-,-,-,-,3195.2000,3195.0000,3194.6000,3190.8000,3190.6000,3198.8000,3205.0000,3212.0000,3218.4000,3218.8000,1,3,1,1,1,1,2,1,1,1
SF,IH2103,2020-08-14 09:33:32.900,3198.0000,2612,0,19172160.000,0,-,-,-,-,3195.2000,3195.0000,3194.6000,3190.8000,3190.6000,3198.8000,3205.0000,3212.0000,3218.4000,3218.8000,1,3,1,1,1,1,2,1,1,1
SF,IH2103,2020-08-14 09:33:33.400,3198.0000,2612,0,19172160.000,0,-,-,-,-,3195.2000,3195.0000,3194.6000,3190.8000,3190.6000,3198.8000,3205.0000,3212.0000,3218.4000,3218.8000,1,3,1,1,1,1,2,1,1,1
SF,IH2103,2020-08-14 09:33:33.900,3198.0000,2612,0,19172160.000,0,-,-,-,-,3195.2000,3195.0000,3194.6000,3190.8000,3190.6000,3198.8000,3205.0000,3212.0000,3218.4000,3218.8000,1,3,1,1,1,1,2,1,1,1
SF,IH2103,2020-08-14 09:33:34.400,3198.0000,2612,0,19172160.000,0,-,-,-,-,3195.2000,3195.0000,3194.6000,3190.8000,3190.6000,3198.8000,3205.0000,3212.0000,3218.4000,3218.8000,1,3,1,1,1,1,2,1,1,1
SF,IH2103,2020-08-14 09:33:34.900,3198.0000,2612,0,19172160.000,0,-,-,-,-,3195.2000,3195.0000,3194.6000,3190.8000,3190.6000,3198.8000,3205.0000,3212.0000,3218.4000,3218.8000,1,3,1,1,1,1,2,1,1,1
SF,IH2103,2020-08-14 09:33:35.400,3198.0000,2612,0,19172160.000,0,-,-,-,-,3195.2000,3195.0000,3194.6000,3190.8000,3190.6000,3198.8000,3205.0000,3212.0000,3218.4000,3218.8000,1,3,1,1,1,1,2,1,1,1
SF,IH2103,2020-08-14 09:33:35.900,3198.8000,2611,-1,20131800.000,1,0,1,双平,S,3195.2000,3195.0000,3194.6000,3190.8000,3190.6000,3205.0000,3212.0000,3218.4000,3218.8000,3221.0000,1,3,1,1,1,2,1,1,1,1
SF,IH2103,2020-08-14 09:33:36.400,3198.8000,2611,0,20131800.000,0,-,-,-,-,3195.4000,3195.2000,3195.0000,3194.6000,3190.8000,3204.8000,3205.0000,3212.0000,3218.4000,3218.8000,1,1,3,1,1,4,2,1,1,1
SF,IH2103,2020-08-14 09:33:36.900,3198.8000,2611,0,20131800.000,0,-,-,-,-,3195.6000,3195.4000,3195.0000,3194.6000,3190.8000,3204.8000,3205.0000,3212.0000,3218.4000,3218.8000,1,1,3,1,1,4,2,1,1,1
SF,IH2103,2020-08-14 09:33:37.400,3198.8000,2611,0,20131800.000,0,-,-,-,-,3195.8000,3195.6000,3195.0000,3194.6000,3190.8000,3204.8000,3205.0000,3212.0000,3218.4000,3218.8000,1,1,3,1,1,4,2,1,1,1
SF,IH2103,2020-08-14 09:33:37.900,3198.8000,2611,0,20131800.000,0,-,-,-,-,3196.0000,3195.8000,3195.0000,3194.6000,3190.8000,3204.8000,3205.0000,3212.0000,3218.4000,3218.8000,1,1,3,1,1,4,2,1,1,1
SF,IH2103,2020-08-14 09:33:38.400,3198.8000,2611,0,20131800.000,0,-,-,-,-,3196.2000,3196.0000,3195.0000,3194.6000,3190.8000,3204.8000,3205.0000,3212.0000,3218.4000,3218.8000,1,1,3,1,1,4,2,1,1,1
SF,IH2103,2020-08-14 09:33:38.900,3198.8000,2611,0,20131800.000,0,-,-,-,-,3196.4000,3196.2000,3195.0000,3194.6000,3190.8000,3204.8000,3205.0000,3212.0000,3218.4000,3218.8000,1,1,3,1,1,4,2,1,1,1
SF,IH2103,2020-08-14 09:33:39.400,3198.8000,2611,0,20131800.000,0,-,-,-,-,3196.6000,3196.4000,3195.0000,3194.6000,3190.8000,3204.8000,3205.0000,3212.0000,3218.4000,3218.8000,1,1,3,1,1,4,2,1,1,1
SF,IH2103,2020-08-14 09:33:39.900,3198.8000,2611,0,20131800.000,0,-,-,-,-,3196.8000,3196.6000,3195.0000,3194.6000,3190.8000,3204.6000,3204.8000,3205.0000,3212.0000,3218.4000,1,1,3,1,1,1,4,2,1,1
SF,IH2103,2020-08-14 09:33:40.400,3198.8000,2611,0,20131800.000,0,-,-,-,-,3197.0000,3196.8000,3195.0000,3194.6000,3190.8000,3204.4000,3204.6000,3204.8000,3205.0000,3212.0000,1,1,3,1,1,3,1,3,2,1
SF,IH2103,2020-08-14 09:33:40.900,3198.8000,2611,0,20131800.000,0,-,-,-,-,3197.2000,3197.0000,3195.0000,3194.6000,3190.8000,3204.4000,3204.6000,3204.8000,3205.0000,3212.0000,1,1,3,1,1,3,1,3,2,1
SF,IH2103,2020-08-14 09:33:41.400,3198.8000,2611,0,20131800.000,0,-,-,-,-,3197.4000,3197.2000,3195.0000,3194.6000,3190.8000,3204.4000,3204.6000,3204.8000,3205.0000,3212.0000,1,1,3,1,1,3,1,3,2,1
SF,IH2103,2020-08-14 09:33:41.900,3198.8000,2611,0,20131800.000,0,-,-,-,-,3197.6000,3197.4000,3195.0000,3190.8000,3190.6000,3204.2000,3204.4000,3204.6000,3204.8000,3205.0000,1,1,3,1,1,1,3,1,3,2
SF,IH2103,2020-08-14 09:33:42.400,3198.8000,2611,0,20131800.000,0,-,-,-,-,3197.8000,3197.6000,3195.0000,3190.8000,3190.6000,3204.0000,3204.2000,3204.4000,3204.6000,3204.8000,1,1,3,1,1,1,1,2,1,3
SF,IH2103,2020-08-14 09:33:42.900,3198.8000,2611,0,20131800.000,0,-,-,-,-,3198.0000,3197.8000,3195.0000,3190.8000,3190.6000,3204.0000,3204.2000,3204.4000,3204.6000,3204.8000,1,1,3,1,1,1,1,2,1,3
SF,IH2103,2020-08-14 09:33:43.400,3198.8000,2611,0,20131800.000,0,-,-,-,-,3198.2000,3198.0000,3195.0000,3190.8000,3190.6000,3199.8000,3204.0000,3204.2000,3204.4000,3204.6000,1,1,3,1,1,1,1,1,2,1
SF,IH2103,2020-08-14 09:33:43.900,3199.8000,2610,-1,21091740.000,1,0,1,双平,S,3199.8000,3198.4000,3195.0000,3190.8000,3190.6000,3204.0000,3204.6000,3205.0000,3212.0000,3218.4000,1,1,3,1,1,1,1,2,1,1
SF,IH2103,2020-08-14 09:33:44.400,3199.8000,2609,-1,22051680.000,1,0,1,双平,S,3198.4000,3195.0000,3190.8000,3190.6000,3180.2000,3203.8000,3204.0000,3204.6000,3205.0000,3212.0000,1,3,1,1,1,2,1,1,2,1
SF,IH2103,2020-08-14 09:33:44.900,3199.8000,2609,0,22051680.000,0,-,-,-,-,3198.4000,3195.0000,3190.8000,3190.6000,3180.2000,3203.6000,3203.8000,3204.6000,3205.0000,3212.0000,1,3,1,1,1,1,2,1,2,1
SF,IH2103,2020-08-14 09:33:45.400,3199.8000,2609,0,22051680.000,0,-,-,-,-,3198.4000,3195.0000,3190.8000,3190.6000,3180.2000,3203.4000,3203.6000,3203.8000,3204.6000,3205.0000,1,3,1,1,1,4,1,1,1,2
SF,IH2103,2020-08-14 09:33:45.900,3199.8000,2609,0,22051680.000,0,-,-,-,-,3198.6000,3198.4000,3195.0000,3190.8000,3190.6000,3203.2000,3203.4000,3203.8000,3204.6000,3205.0000,1,1,3,1,1,1,3,1,1,2
SF,IH2103,2020-08-14 09:33:46.400,3199.8000,2609,0,22051680.000,0,-,-,-,-,3198.8000,3198.6000,3195.0000,3193.8000,3190.8000,3203.0000,3203.2000,3203.4000,3203.8000,3204.6000,1,1,3,1,1,1,1,3,1,1
SF,IH2103,2020-08-14 09:33:46.900,3199.8000,2609,0,22051680.000,0,-,-,-,-,3199.0000,3198.8000,3195.0000,3193.8000,3190.8000,3202.8000,3203.0000,3203.4000,3203.8000,3204.6000,1,1,3,1,1,1,1,3,1,1
SF,IH2103,2020-08-14 09:33:47.400,3199.8000,2609,0,22051680.000,0,-,-,-,-,3199.2000,3199.0000,3195.0000,3193.8000,3190.8000,3202.8000,3203.0000,3203.4000,3203.8000,3204.6000,1,1,3,1,1,1,1,3,1,1
SF,IH2103,2020-08-14 09:33:51.400,3199.8000,2609,0,22051680.000,0,-,-,-,-,3199.2000,3199.0000,3195.0000,3193.8000,3190.8000,3202.8000,3203.0000,3203.4000,3203.8000,3204.6000,1,1,3,1,1,1,1,3,1,1
SF,IH2103,2020-08-14 09:33:51.900,3199.8000,2609,0,22051680.000,0,-,-,-,-,3199.2000,3199.0000,3195.0000,3193.8000,3190.8000,3202.8000,3203.4000,3203.8000,3204.6000,3205.0000,1,1,3,1,1,1,3,1,1,1
SF,IH2103,2020-08-14 09:33:53.400,3199.8000,2609,0,22051680.000,0,-,-,-,-,3199.2000,3199.0000,3195.0000,3193.8000,3190.8000,3202.8000,3203.8000,3204.6000,3205.0000,3208.0000,1,1,3,1,1,1,1,1,1,1
SF,IH2103,2020-08-14 09:33:53.900,3199.8000,2609,0,22051680.000,0,-,-,-,-,3199.2000,3199.0000,3195.0000,3193.8000,3190.8000,3204.6000,3205.0000,3208.0000,3212.0000,3218.4000,1,1,3,1,1,1,1,1,1,1
SF,IH2103,2020-08-14 09:33:54.400,3199.8000,2609,0,22051680.000,0,-,-,-,-,3199.4000,3199.2000,3195.0000,3193.8000,3190.8000,3204.4000,3204.6000,3205.0000,3208.0000,3212.0000,1,1,3,1,1,4,1,1,1,1
SF,IH2103,2020-08-14 09:33:54.900,3199.8000,2609,0,22051680.000,0,-,-,-,-,3199.6000,3199.4000,3195.0000,3193.8000,3190.8000,3204.4000,3204.6000,3205.0000,3208.0000,3212.0000,1,1,3,1,1,4,1,1,1,1
SF,IH2103,2020-08-14 09:33:55.400,3199.8000,2609,0,22051680.000,0,-,-,-,-,3199.8000,3199.6000,3195.0000,3193.8000,3190.8000,3204.4000,3204.6000,3205.0000,3208.0000,3212.0000,1,1,3,1,1,4,1,1,1,1
SF,IH2103,2020-08-14 09:33:55.900,3199.8000,2609,0,22051680.000,0,-,-,-,-,3200.0000,3199.8000,3195.0000,3193.8000,3190.8000,3204.4000,3204.6000,3205.0000,3208.0000,3212.0000,1,1,3,1,1,4,1,1,1,1
SF,IH2103,2020-08-14 09:33:56.400,3199.8000,2609,0,22051680.000,0,-,-,-,-,3200.2000,3200.0000,3195.0000,3193.8000,3190.8000,3204.4000,3204.6000,3205.0000,3208.0000,3212.0000,1,1,3,1,1,4,1,1,1,1
SF,IH2103,2020-08-14 09:33:56.900,3199.8000,2609,0,22051680.000,0,-,-,-,-,3200.4000,3200.2000,3195.0000,3193.8000,3190.8000,3204.4000,3204.6000,3205.0000,3208.0000,3212.0000,1,1,3,1,1,4,1,1,1,1
SF,IH2103,2020-08-14 09:34:00.400,3200.2000,2607,-2,23971800.000,2,0,2,双平,S,3195.0000,3193.8000,3190.8000,3180.2000,3172.8000,3204.4000,3204.6000,3205.0000,3208.0000,3212.0000,3,1,1,1,1,4,1,1,1,1
SF,IH2103,2020-08-14 09:34:00.900,3200.2000,2607,0,23971800.000,0,-,-,-,-,3195.2000,3195.0000,3193.8000,3190.8000,3180.2000,3204.2000,3204.4000,3204.6000,3205.0000,3208.0000,3,3,1,1,1,1,4,1,1,1
SF,IH2103,2020-08-14 09:34:01.400,3200.2000,2607,0,23971800.000,0,-,-,-,-,3195.2000,3195.0000,3193.8000,3190.8000,3180.2000,3204.0000,3204.2000,3204.4000,3204.6000,3205.0000,3,3,1,1,1,3,1,3,1,1
SF,IH2103,2020-08-14 09:34:01.900,3200.2000,2607,0,23971800.000,0,-,-,-,-,3195.2000,3195.0000,3193.8000,3190.8000,3180.2000,3203.8000,3204.0000,3204.4000,3204.6000,3205.0000,2,3,1,1,1,2,3,3,1,1
SF,IH2103,2020-08-14 09:34:02.400,3200.2000,2607,0,23971800.000,0,-,-,-,-,3195.2000,3195.0000,3193.8000,3190.8000,3180.2000,3203.6000,3203.8000,3204.0000,3204.4000,3204.6000,2,3,1,1,1,1,2,2,3,1
SF,IH2103,2020-08-14 09:34:02.900,3200.2000,2607,0,23971800.000,0,-,-,-,-,3195.2000,3195.0000,3193.8000,3190.8000,3180.2000,3203.4000,3203.6000,3204.0000,3204.4000,3204.6000,2,3,1,1,1,1,1,2,3,1
SF,IH2103,2020-08-14 09:34:03.400,3200.2000,2607,0,23971800.000,0,-,-,-,-,3195.2000,3195.0000,3193.8000,3190.8000,3180.2000,3203.2000,3203.4000,3204.0000,3204.4000,3204.6000,2,3,1,1,1,2,1,2,3,1
SF,IH2103,2020-08-14 09:34:03.900,3200.2000,2607,0,23971800.000,0,-,-,-,-,3195.2000,3195.0000,3193.8000,3190.8000,3180.2000,3203.0000,3203.2000,3204.0000,3204.4000,3204.6000,2,3,1,1,1,1,2,2,3,1
SF,IH2103,2020-08-14 09:34:04.400,3200.2000,2607,0,23971800.000,0,-,-,-,-,3195.2000,3195.0000,3193.8000,3190.8000,3180.2000,3202.8000,3203.0000,3203.2000,3204.0000,3204.4000,2,3,1,1,1,2,1,1,2,3
SF,IH2103,2020-08-14 09:34:04.900,3200.2000,2607,0,23971800.000,0,-,-,-,-,3195.2000,3195.0000,3190.8000,3190.2000,3180.2000,3202.6000,3202.8000,3203.2000,3204.0000,3204.4000,2,3,1,1,1,1,2,1,2,3
SF,IH2103,2020-08-14 09:34:05.400,3200.2000,2607,0,23971800.000,0,-,-,-,-,3195.2000,3195.0000,3190.8000,3190.2000,3180.2000,3202.4000,3202.6000,3202.8000,3203.2000,3204.0000,2,3,1,1,1,1,1,1,1,2
SF,IH2103,2020-08-14 09:34:05.900,3200.2000,2607,0,23971800.000,0,-,-,-,-,3195.2000,3195.0000,3190.8000,3190.2000,3180.2000,3201.2000,3202.2000,3202.4000,3202.8000,3203.2000,2,3,1,1,1,1,2,1,1,1
SF,IH2103,2020-08-14 09:34:06.400,3200.2000,2607,0,23971800.000,0,-,-,-,-,3195.2000,3195.0000,3190.8000,3190.2000,3180.2000,3201.0000,3201.2000,3202.2000,3202.8000,3204.4000,2,3,1,1,1,3,1,1,1,1
SF,IH2103,2020-08-14 09:34:06.900,3200.2000,2607,0,23971800.000,0,-,-,-,-,3195.2000,3195.0000,3190.8000,3190.2000,3180.2000,3201.0000,3201.2000,3202.2000,3204.4000,3204.6000,2,3,1,1,1,3,1,1,1,1
SF,IH2103,2020-08-14 09:34:07.400,3200.2000,2607,0,23971800.000,0,-,-,-,-,3195.2000,3195.0000,3190.8000,3190.2000,3180.2000,3201.0000,3202.2000,3204.4000,3204.6000,3205.0000,2,3,1,1,1,3,1,1,1,1
SF,IH2103,2020-08-14 09:34:08.400,3200.2000,2607,0,23971800.000,0,-,-,-,-,3195.2000,3195.0000,3193.6000,3190.8000,3180.2000,3201.0000,3204.6000,3205.0000,3207.8000,3212.0000,2,3,1,1,1,2,1,1,1,1
SF,IH2103,2020-08-14 09:34:08.900,3200.2000,2607,0,23971800.000,0,-,-,-,-,3195.2000,3195.0000,3193.6000,3190.8000,3180.2000,3201.0000,3204.6000,3205.0000,3207.8000,3212.0000,2,3,1,1,1,2,1,1,1,1
SF,IH2103,2020-08-14 09:34:09.400,3200.2000,2607,0,23971800.000,0,-,-,-,-,3195.2000,3195.0000,3193.6000,3190.8000,3180.2000,3201.0000,3204.6000,3205.0000,3207.8000,3212.0000,2,3,1,1,1,2,1,1,1,1
SF,IH2103,2020-08-14 09:34:09.900,3200.2000,2607,0,23971800.000,0,-,-,-,-,3195.2000,3195.0000,3193.6000,3190.8000,3180.2000,3200.8000,3201.0000,3204.6000,3205.0000,3207.8000,2,3,1,1,1,1,2,1,1,1
SF,IH2103,2020-08-14 09:34:10.400,3200.2000,2607,0,23971800.000,0,-,-,-,-,3195.2000,3195.0000,3193.6000,3190.8000,3180.2000,3200.6000,3204.6000,3205.0000,3207.8000,3212.0000,2,3,1,1,1,2,1,1,1,1
SF,IH2103,2020-08-14 09:34:12.400,3200.2000,2607,0,23971800.000,0,-,-,-,-,3195.2000,3195.0000,3193.6000,3190.8000,3180.2000,3200.4000,3200.6000,3204.6000,3205.0000,3207.8000,2,3,1,1,1,1,2,1,1,1
SF,IH2103,2020-08-14 09:34:12.900,3200.2000,2607,0,23971800.000,0,-,-,-,-,3195.2000,3195.0000,3193.6000,3190.8000,3180.2000,3200.2000,3204.6000,3205.0000,3207.8000,3212.0000,2,3,1,1,1,2,1,1,1,1
SF,IH2103,2020-08-14 09:34:15.400,3200.2000,2607,0,23971800.000,0,-,-,-,-,3195.2000,3195.0000,3193.6000,3190.8000,3180.2000,3200.0000,3200.2000,3204.6000,3205.0000,3207.8000,2,3,1,1,1,1,2,1,1,1
SF,IH2103,2020-08-14 09:34:15.900,3200.2000,2607,0,23971800.000,0,-,-,-,-,3195.2000,3195.0000,3193.6000,3190.8000,3180.2000,3199.8000,3200.0000,3204.6000,3205.0000,3207.8000,2,3,1,1,1,2,1,1,1,1
SF,IH2103,2020-08-14 09:34:16.400,3200.2000,2607,0,23971800.000,0,-,-,-,-,3195.2000,3195.0000,3193.6000,3190.8000,3180.2000,3199.8000,3200.0000,3204.6000,3205.0000,3207.8000,2,3,1,1,1,2,1,1,1,1
SF,IH2103,2020-08-14 09:34:18.400,3200.2000,2607,0,23971800.000,0,-,-,-,-,3195.2000,3195.0000,3193.6000,3190.8000,3180.2000,3199.6000,3199.8000,3204.6000,3205.0000,3207.8000,2,3,1,1,1,1,2,1,1,1
SF,IH2103,2020-08-14 09:34:18.900,3200.2000,2607,0,23971800.000,0,-,-,-,-,3195.2000,3195.0000,3193.6000,3190.8000,3180.2000,3199.4000,3199.6000,3204.6000,3205.0000,3207.8000,2,3,1,1,1,2,1,1,1,1
SF,IH2103,2020-08-14 09:34:19.400,3199.6000,2605,-2,26851320.000,3,0,3,多平,S,3195.4000,3195.2000,3195.0000,3193.6000,3190.8000,3204.6000,3205.0000,3207.8000,3212.0000,3218.4000,1,2,3,1,1,1,1,1,1,1
SF,IH2103,2020-08-14 09:34:19.900,3199.6000,2605,0,26851320.000,0,-,-,-,-,3195.6000,3195.4000,3195.2000,3195.0000,3193.6000,3204.4000,3204.6000,3205.0000,3207.8000,3212.0000,1,1,1,3,1,2,1,1,1,1
SF,IH2103,2020-08-14 09:34:20.400,3199.6000,2605,0,26851320.000,0,-,-,-,-,3195.8000,3195.6000,3195.0000,3193.6000,3190.8000,3204.4000,3204.6000,3205.0000,3207.8000,3212.0000,2,1,3,1,1,2,1,1,1,1
SF,IH2103,2020-08-14 09:34:20.900,3199.6000,2605,0,26851320.000,0,-,-,-,-,3199.8000,3196.0000,3195.8000,3195.0000,3193.6000,3204.4000,3204.6000,3205.0000,3207.8000,3212.0000,1,1,2,3,1,2,1,1,1,1
SF,IH2103,2020-08-14 09:34:21.400,3199.8000,2603,-2,28771200.000,2,0,2,双平,S,3196.0000,3195.8000,3195.0000,3193.6000,3190.8000,3199.8000,3204.2000,3204.4000,3204.6000,3205.0000,1,1,3,1,1,1,1,2,1,1
SF,IH2103,2020-08-14 09:34:21.900,3199.8000,2603,0,28771200.000,0,-,-,-,-,3196.2000,3196.0000,3195.8000,3195.0000,3193.6000,3199.8000,3204.2000,3204.4000,3204.6000,3205.0000,1,1,1,3,1,1,1,1,1,1
SF,IH2103,2020-08-14 09:34:22.400,3199.8000,2603,0,28771200.000,0,-,-,-,-,3196.4000,3196.2000,3195.8000,3195.0000,3193.6000,3204.2000,3204.4000,3204.6000,3205.0000,3207.8000,1,1,1,3,1,1,1,1,1,1
SF,IH2103,2020-08-14 09:34:22.900,3199.8000,2603,0,28771200.000,0,-,-,-,-,3196.4000,3195.8000,3195.0000,3193.6000,3190.8000,3204.0000,3204.2000,3204.6000,3205.0000,3207.8000,1,1,3,1,1,5,1,1,1,1
SF,IH2103,2020-08-14 09:34:23.400,3199.8000,2603,0,28771200.000,0,-,-,-,-,3196.4000,3195.8000,3195.0000,3193.6000,3190.8000,3203.8000,3204.0000,3204.6000,3205.0000,3207.8000,1,1,3,1,1,1,5,1,1,1
SF,IH2103,2020-08-14 09:34:23.900,3199.8000,2603,0,28771200.000,0,-,-,-,-,3196.4000,3195.0000,3193.6000,3190.8000,3180.2000,3203.6000,3203.8000,3204.0000,3204.6000,3205.0000,1,3,1,1,1,2,1,4,1,1
SF,IH2103,2020-08-14 09:34:24.400,3199.8000,2603,0,28771200.000,0,-,-,-,-,3196.4000,3195.0000,3193.6000,3190.8000,3180.2000,3203.0000,3203.4000,3203.6000,3204.0000,3204.6000,1,3,1,1,1,1,1,2,4,1
SF,IH2103,2020-08-14 09:34:24.900,3199.8000,2603,0,28771200.000,0,-,-,-,-,3196.4000,3195.0000,3193.6000,3190.8000,3180.2000,3202.8000,3203.0000,3203.6000,3204.0000,3204.6000,1,3,1,1,1,3,1,1,3,1
SF,IH2103,2020-08-14 09:34:27.900,3199.8000,2603,0,28771200.000,0,-,-,-,-,3196.4000,3195.0000,3193.6000,3190.8000,3180.2000,3202.0000,3202.8000,3203.6000,3204.0000,3204.6000,1,3,1,1,1,1,3,1,3,1
SF,IH2103,2020-08-14 09:34:28.400,3199.8000,2603,0,28771200.000,0,-,-,-,-,3196.4000,3195.0000,3193.6000,3190.8000,3180.2000,3201.8000,3202.0000,3202.8000,3203.6000,3204.6000,1,3,1,1,1,3,1,1,1,1
SF,IH2103,2020-08-14 09:34:29.900,3199.8000,2603,0,28771200.000,0,-,-,-,-,3196.4000,3195.0000,3193.6000,3190.8000,3180.2000,3201.0000,3201.8000,3202.8000,3203.6000,3204.6000,1,3,1,1,1,1,3,1,1,1
SF,IH2103,2020-08-14 09:34:30.400,3199.8000,2603,0,28771200.000,0,-,-,-,-,3196.4000,3195.0000,3193.6000,3190.8000,3180.2000,3200.8000,3201.0000,3201.8000,3202.8000,3204.6000,1,3,1,1,1,2,1,1,1,1
SF,IH2103,2020-08-14 09:34:30.900,3199.8000,2603,0,28771200.000,0,-,-,-,-,3196.6000,3196.4000,3195.0000,3193.6000,3190.8000,3200.8000,3201.0000,3204.6000,3205.0000,3207.8000,1,1,3,1,1,2,1,1,1,1
SF,IH2103,2020-08-14 09:34:31.400,3199.8000,2603,0,28771200.000,0,-,-,-,-,3196.8000,3196.6000,3195.0000,3193.6000,3190.8000,3200.8000,3201.0000,3204.6000,3205.0000,3207.8000,1,1,3,1,1,2,1,1,1,1
SF,IH2103,2020-08-14 09:34:31.900,3199.8000,2603,0,28771200.000,0,-,-,-,-,3196.8000,3196.6000,3195.0000,3193.6000,3190.8000,3200.6000,3200.8000,3204.6000,3205.0000,3207.8000,1,1,3,1,1,1,2,1,1,1
SF,IH2103,2020-08-14 09:34:32.400,3199.8000,2603,0,28771200.000,0,-,-,-,-,3196.8000,3196.6000,3195.0000,3193.6000,3190.8000,3200.4000,3200.6000,3200.8000,3204.6000,3205.0000,1,1,3,1,1,1,1,1,1,1
SF,IH2103,2020-08-14 09:34:32.900,3199.8000,2603,0,28771200.000,0,-,-,-,-,3196.8000,3195.0000,3193.6000,3190.8000,3180.2000,3200.4000,3200.6000,3200.8000,3204.6000,3205.0000,1,3,1,1,1,1,1,1,1,1
SF,IH2103,2020-08-14 09:34:34.400,3199.8000,2603,0,28771200.000,0,-,-,-,-,3196.8000,3195.0000,3193.6000,3190.8000,3180.2000,3200.2000,3200.4000,3200.8000,3204.6000,3205.0000,1,3,1,1,1,1,1,1,1,1
SF,IH2103,2020-08-14 09:34:34.900,3199.8000,2603,0,28771200.000,0,-,-,-,-,3196.8000,3195.0000,3193.6000,3190.8000,3180.2000,3200.0000,3200.2000,3200.8000,3204.6000,3205.0000,1,3,1,1,1,1,1,1,1,1
SF,IH2103,2020-08-14 09:34:35.400,3199.8000,2603,0,28771200.000,0,-,-,-,-,3195.0000,3193.6000,3190.8000,3180.2000,3172.8000,3200.0000,3200.2000,3200.8000,3204.6000,3205.0000,3,1,1,1,1,1,1,1,1,1
SF,IH2103,2020-08-14 09:34:35.900,3199.8000,2603,0,28771200.000,0,-,-,-,-,3195.2000,3195.0000,3193.6000,3190.8000,3180.2000,3199.8000,3200.0000,3200.2000,3204.6000,3205.0000,1,3,1,1,1,1,1,1,1,1
SF,IH2103,2020-08-14 09:34:36.400,3199.8000,2603,0,28771200.000,0,-,-,-,-,3195.2000,3195.0000,3193.6000,3190.8000,3180.2000,3199.8000,3200.0000,3200.2000,3204.6000,3205.0000,1,3,1,1,1,1,1,1,1,2
SF,IH2103,2020-08-14 09:34:36.900,3199.8000,2603,0,28771200.000,0,-,-,-,-,3195.2000,3195.0000,3193.6000,3190.8000,3180.2000,3199.6000,3199.8000,3200.2000,3204.6000,3205.0000,1,3,1,1,1,1,1,1,1,2
SF,IH2103,2020-08-14 09:34:37.400,3199.8000,2603,0,28771200.000,0,-,-,-,-,3195.2000,3195.0000,3193.6000,3190.8000,3180.2000,3199.4000,3199.6000,3200.2000,3204.6000,3205.0000,1,3,1,1,1,1,1,1,1,2
SF,IH2103,2020-08-14 09:34:37.900,3199.8000,2603,0,28771200.000,0,-,-,-,-,3195.2000,3195.0000,3193.6000,3190.8000,3180.2000,3199.2000,3199.4000,3200.2000,3204.6000,3205.0000,1,3,1,1,1,1,1,1,1,2
SF,IH2103,2020-08-14 09:34:39.400,3199.8000,2603,0,28771200.000,0,-,-,-,-,3195.2000,3195.0000,3193.6000,3190.8000,3180.2000,3199.0000,3199.2000,3199.4000,3204.6000,3205.0000,1,3,1,1,1,1,1,1,1,2
SF,IH2103,2020-08-14 09:34:39.900,3199.8000,2603,0,28771200.000,0,-,-,-,-,3195.2000,3195.0000,3193.6000,3190.8000,3180.2000,3198.8000,3199.0000,3199.4000,3204.6000,3205.0000,1,3,1,1,1,1,1,1,1,2
SF,IH2103,2020-08-14 09:34:41.400,3199.8000,2603,0,28771200.000,0,-,-,-,-,3195.2000,3195.0000,3193.6000,3190.8000,3180.2000,3198.8000,3199.0000,3199.4000,3204.6000,3204.8000,1,3,1,1,1,1,1,1,1,1
SF,IH2103,2020-08-14 09:34:42.900,3199.0000,2602,-1,30690540.000,2,0,2,多平,S,3195.2000,3195.0000,3193.6000,3190.8000,3180.2000,3199.4000,3204.6000,3204.8000,3205.0000,3212.0000,1,3,1,1,1,1,1,1,2,1
SF,IH2103,2020-08-14 09:34:43.400,3199.0000,2602,0,30690540.000,0,-,-,-,-,3195.2000,3195.0000,3193.6000,3190.8000,3180.2000,3199.2000,3199.4000,3204.6000,3204.8000,3205.0000,1,3,1,1,1,1,1,1,1,2
SF,IH2103,2020-08-14 09:34:43.900,3199.0000,2602,0,30690540.000,0,-,-,-,-,3195.2000,3195.0000,3193.6000,3190.8000,3180.2000,3199.2000,3199.4000,3204.6000,3204.8000,3205.0000,1,3,1,1,1,1,1,1,1,2
SF,IH2103,2020-08-14 09:34:44.400,3199.0000,2602,0,30690540.000,0,-,-,-,-,3195.2000,3195.0000,3193.6000,3190.8000,3180.2000,3199.2000,3199.4000,3204.6000,3204.8000,3205.0000,1,3,1,1,1,1,1,1,1,2
SF,IH2103,2020-08-14 09:34:46.900,3199.0000,2602,0,30690540.000,0,-,-,-,-,3195.2000,3195.0000,3193.6000,3190.8000,3180.2000,3199.0000,3199.2000,3199.4000,3204.6000,3204.8000,1,3,1,1,1,1,1,1,1,1
SF,IH2103,2020-08-14 09:34:47.400,3199.0000,2602,0,30690540.000,0,-,-,-,-,3195.2000,3195.0000,3193.6000,3190.8000,3180.2000,3198.8000,3199.0000,3199.4000,3204.6000,3204.8000,1,3,1,1,1,1,1,1,1,1
SF,IH2103,2020-08-14 09:34:49.400,3199.0000,2602,0,30690540.000,0,-,-,-,-,3195.2000,3195.0000,3193.6000,3190.8000,3180.2000,3198.6000,3198.8000,3199.4000,3204.6000,3204.8000,1,3,1,1,1,1,1,1,1,1
SF,IH2103,2020-08-14 09:34:49.900,3199.0000,2602,0,30690540.000,0,-,-,-,-,3195.2000,3195.0000,3193.6000,3190.8000,3180.2000,3198.4000,3198.6000,3199.4000,3204.6000,3204.8000,1,3,1,1,1,1,1,1,1,1
SF,IH2103,2020-08-14 09:34:54.900,3199.0000,2602,0,30690540.000,0,-,-,-,-,3195.2000,3195.0000,3193.6000,3190.8000,3180.2000,3198.0000,3198.4000,3199.4000,3204.6000,3204.8000,1,3,1,1,1,1,1,1,1,1
SF,IH2103,2020-08-14 09:34:55.400,3199.0000,2602,0,30690540.000,0,-,-,-,-,3195.2000,3195.0000,3193.6000,3190.8000,3180.2000,3197.8000,3198.0000,3199.4000,3204.6000,3204.8000,1,3,1,1,1,1,1,1,1,1
SF,IH2103,2020-08-14 09:34:57.400,3199.0000,2602,0,30690540.000,0,-,-,-,-,3195.2000,3195.0000,3193.6000,3190.8000,3180.2000,3197.6000,3197.8000,3199.4000,3204.6000,3204.8000,1,3,1,1,1,1,1,1,1,1
SF,IH2103,2020-08-14 09:34:57.900,3199.0000,2602,0,30690540.000,0,-,-,-,-,3195.0000,3193.6000,3190.8000,3180.2000,3172.8000,3197.4000,3197.6000,3199.4000,3204.6000,3204.8000,3,1,1,1,1,1,1,1,1,1
SF,IH2103,2020-08-14 09:34:59.400,3197.4000,2601,-1,31649760.000,1,0,1,双平,S,3195.0000,3193.6000,3190.8000,3180.2000,3172.8000,3197.6000,3199.4000,3204.6000,3204.8000,3205.0000,3,1,1,1,1,1,1,1,1,2
SF,IH2103,2020-08-14 09:34:59.900,3197.4000,2601,0,31649760.000,0,-,-,-,-,3195.2000,3195.0000,3193.6000,3190.8000,3180.2000,3197.6000,3199.4000,3204.6000,3204.8000,3205.0000,1,3,1,1,1,1,1,1,1,2
SF,IH2103,2020-08-14 09:35:01.400,3197.6000,2601,0,32609040.000,1,0,1,多换,S,3197.6000,3195.2000,3195.0000,3193.6000,3190.8000,3199.4000,3204.6000,3204.8000,3205.0000,3212.0000,1,1,3,1,1,1,1,1,2,1
SF,IH2103,2020-08-14 09:35:01.900,3197.6000,2601,0,33568320.000,1,0,1,多换,S,3195.2000,3195.0000,3193.6000,3190.8000,3180.2000,3204.6000,3204.8000,3205.0000,3212.0000,3218.4000,1,3,1,1,1,1,1,2,1,1
SF,IH2103,2020-08-14 09:35:02.400,3197.6000,2601,0,33568320.000,0,-,-,-,-,3195.2000,3195.0000,3193.6000,3190.8000,3180.2000,3204.4000,3204.6000,3204.8000,3205.0000,3212.0000,1,3,1,1,1,3,1,1,2,1
SF,IH2103,2020-08-14 09:35:04.400,3197.6000,2601,0,33568320.000,0,-,-,-,-,3195.4000,3195.2000,3195.0000,3193.6000,3190.8000,3204.4000,3204.6000,3204.8000,3205.0000,3212.0000,1,1,3,1,1,3,1,1,2,1
SF,IH2103,2020-08-14 09:35:04.900,3197.6000,2601,0,33568320.000,0,-,-,-,-,3195.6000,3195.4000,3195.0000,3193.6000,3190.8000,3204.4000,3204.6000,3204.8000,3205.0000,3212.0000,1,1,3,1,1,3,1,1,2,1
SF,IH2103,2020-08-14 09:35:07.900,3197.6000,2601,0,33568320.000,0,-,-,-,-,3197.6000,3195.6000,3195.0000,3193.6000,3190.8000,3203.0000,3204.4000,3204.6000,3204.8000,3205.0000,1,1,3,1,1,1,3,1,1,2
SF,IH2103,2020-08-14 09:35:08.400,3197.6000,2601,0,33568320.000,0,-,-,-,-,3197.8000,3197.6000,3195.0000,3193.6000,3190.8000,3202.8000,3203.0000,3204.4000,3204.6000,3204.8000,2,1,3,1,1,2,1,1,1,1
SF,IH2103,2020-08-14 09:35:08.900,3197.6000,2601,0,33568320.000,0,-,-,-,-,3198.0000,3197.8000,3197.6000,3195.0000,3193.6000,3202.8000,3203.0000,3204.4000,3204.6000,3205.0000,1,2,1,3,1,2,1,1,1,2
SF,IH2103,2020-08-14 09:35:09.400,3197.6000,2601,0,33568320.000,0,-,-,-,-,3198.2000,3198.0000,3197.8000,3197.6000,3195.0000,3202.8000,3204.6000,3205.0000,3208.2000,3212.0000,1,1,1,1,3,2,1,2,1,1
SF,IH2103,2020-08-14 09:35:09.900,3197.6000,2601,0,33568320.000,0,-,-,-,-,3198.2000,3198.0000,3197.8000,3195.0000,3193.6000,3202.0000,3202.8000,3204.6000,3205.0000,3208.2000,1,1,1,3,1,1,2,1,2,1
SF,IH2103,2020-08-14 09:35:10.400,3197.6000,2601,0,33568320.000,0,-,-,-,-,3198.2000,3198.0000,3197.8000,3195.0000,3193.6000,3202.0000,3202.8000,3204.6000,3205.0000,3208.2000,1,1,1,3,1,1,1,1,2,1
SF,IH2103,2020-08-14 09:35:10.900,3197.6000,2601,0,33568320.000,0,-,-,-,-,3198.2000,3198.0000,3197.8000,3195.0000,3193.6000,3202.0000,3202.8000,3204.6000,3205.0000,3208.2000,1,1,1,3,1,1,1,1,2,1
SF,IH2103,2020-08-14 09:35:11.400,3202.0000,2601,0,34528920.000,1,0,1,多换,S,3198.4000,3198.2000,3198.0000,3195.0000,3193.6000,3202.8000,3204.6000,3205.0000,3208.2000,3212.0000,1,1,1,3,1,1,1,2,1,1
SF,IH2103,2020-08-14 09:35:11.900,3202.0000,2601,0,34528920.000,0,-,-,-,-,3198.6000,3198.4000,3198.0000,3196.8000,3195.0000,3202.8000,3204.6000,3205.0000,3208.2000,3212.0000,1,1,1,1,3,1,1,2,1,1
SF,IH2103,2020-08-14 09:35:12.400,3202.0000,2601,0,34528920.000,0,-,-,-,-,3198.6000,3198.4000,3196.8000,3195.0000,3190.8000,3202.6000,3202.8000,3204.6000,3205.0000,3208.2000,1,1,1,3,1,1,1,1,2,1
SF,IH2103,2020-08-14 09:35:14.900,3202.0000,2601,0,34528920.000,0,-,-,-,-,3198.6000,3196.8000,3195.0000,3190.8000,3180.2000,3202.6000,3202.8000,3204.6000,3205.0000,3208.2000,1,1,3,1,1,1,1,1,2,1
SF,IH2103,2020-08-14 09:35:15.900,3202.0000,2601,0,34528920.000,0,-,-,-,-,3198.6000,3196.8000,3195.0000,3190.8000,3180.2000,3202.4000,3202.6000,3202.8000,3204.6000,3205.0000,1,1,3,1,1,1,1,1,1,2
SF,IH2103,2020-08-14 09:35:16.400,3202.0000,2601,0,34528920.000,0,-,-,-,-,3198.6000,3196.8000,3195.0000,3190.8000,3180.2000,3202.2000,3202.4000,3202.8000,3204.6000,3205.0000,1,1,3,1,1,1,1,1,1,2
SF,IH2103,2020-08-14 09:35:17.400,3202.0000,2601,0,34528920.000,0,-,-,-,-,3198.6000,3196.8000,3195.0000,3190.8000,3180.2000,3202.0000,3202.2000,3202.8000,3204.6000,3205.0000,1,1,3,1,1,1,1,1,1,2
SF,IH2103,2020-08-14 09:35:17.900,3202.0000,2601,0,34528920.000,0,-,-,-,-,3198.6000,3196.8000,3195.0000,3190.8000,3180.2000,3201.8000,3202.0000,3202.8000,3204.6000,3205.0000,1,1,3,1,1,1,1,1,1,2
SF,IH2103,2020-08-14 09:35:18.900,3202.0000,2601,0,34528920.000,0,-,-,-,-,3198.6000,3195.0000,3193.6000,3190.8000,3180.2000,3201.8000,3202.0000,3202.8000,3204.6000,3205.0000,1,3,1,1,1,1,1,1,1,2
SF,IH2103,2020-08-14 09:35:19.400,3202.0000,2601,0,34528920.000,0,-,-,-,-,3198.6000,3195.0000,3193.6000,3190.8000,3180.2000,3201.8000,3202.8000,3204.6000,3205.0000,3208.2000,1,3,1,1,1,1,1,1,2,1
SF,IH2103,2020-08-14 09:35:19.900,3198.6000,2600,-1,35488500.000,1,0,1,双平,S,3195.0000,3193.6000,3190.8000,3180.2000,3172.8000,3201.6000,3201.8000,3202.8000,3204.6000,3205.0000,3,1,1,1,1,1,1,1,1,2
SF,IH2103,2020-08-14 09:35:20.400,3198.6000,2600,0,35488500.000,0,-,-,-,-,3195.2000,3195.0000,3193.6000,3190.8000,3180.2000,3201.4000,3201.6000,3204.6000,3205.0000,3208.2000,1,3,1,1,1,2,2,1,2,1
SF,IH2103,2020-08-14 09:35:21.400,3198.6000,2600,0,35488500.000,0,-,-,-,-,3195.2000,3195.0000,3193.8000,3193.6000,3190.8000,3201.4000,3201.6000,3204.6000,3205.0000,3208.2000,1,3,1,1,1,2,2,1,2,1
SF,IH2103,2020-08-14 09:35:21.900,3198.6000,2600,0,35488500.000,0,-,-,-,-,3195.2000,3195.0000,3193.8000,3193.6000,3190.8000,3201.0000,3201.4000,3201.6000,3204.6000,3205.0000,1,3,1,1,1,1,2,1,1,3
SF,IH2103,2020-08-14 09:35:22.400,3198.6000,2600,0,35488500.000,0,-,-,-,-,3195.2000,3195.0000,3193.8000,3193.6000,3190.8000,3200.8000,3201.0000,3201.6000,3204.6000,3205.0000,1,3,1,1,1,2,1,1,1,3
SF,IH2103,2020-08-14 09:35:22.900,3198.6000,2600,0,35488500.000,0,-,-,-,-,3195.2000,3195.0000,3193.8000,3193.6000,3190.8000,3200.8000,3201.0000,3204.6000,3205.0000,3212.0000,1,3,1,1,1,2,1,1,3,1
SF,IH2103,2020-08-14 09:35:23.400,3198.6000,2600,0,35488500.000,0,-,-,-,-,3195.2000,3195.0000,3193.8000,3193.6000,3190.8000,3200.0000,3200.6000,3200.8000,3201.0000,3204.6000,1,3,1,1,1,1,1,2,1,1
SF,IH2103,2020-08-14 09:35:23.900,3198.6000,2600,0,35488500.000,0,-,-,-,-,3195.2000,3195.0000,3190.8000,3190.2000,3180.2000,3199.8000,3200.0000,3200.6000,3201.0000,3204.6000,1,3,1,1,1,2,1,1,1,1
SF,IH2103,2020-08-14 09:35:24.400,3195.2000,2599,-1,36447060.000,1,0,1,双平,S,3195.0000,3190.8000,3190.2000,3180.2000,3172.8000,3199.8000,3200.0000,3200.6000,3201.0000,3204.6000,3,1,1,1,1,2,1,1,1,1
SF,IH2103,2020-08-14 09:35:24.900,3195.2000,2599,0,36447060.000,0,-,-,-,-,3195.2000,3195.0000,3190.8000,3190.2000,3180.2000,3199.2000,3199.8000,3201.0000,3204.6000,3205.0000,1,3,1,1,1,1,2,1,1,3
SF,IH2103,2020-08-14 09:35:25.400,3195.2000,2599,0,36447060.000,0,-,-,-,-,3195.2000,3195.0000,3190.8000,3190.2000,3180.2000,3199.0000,3199.2000,3199.8000,3201.0000,3204.6000,1,3,1,1,1,1,1,1,1,1
SF,IH2103,2020-08-14 09:35:25.900,3195.2000,2599,0,36447060.000,0,-,-,-,-,3195.2000,3195.0000,3190.8000,3190.2000,3180.2000,3199.0000,3199.8000,3201.0000,3204.6000,3205.0000,2,3,1,1,1,1,1,1,1,3
SF,IH2103,2020-08-14 09:35:26.400,3195.2000,2599,0,36447060.000,0,-,-,-,-,3195.2000,3195.0000,3190.8000,3190.2000,3180.2000,3199.0000,3199.8000,3201.0000,3204.6000,3205.0000,2,3,1,1,1,1,1,1,1,3
SF,IH2103,2020-08-14 09:35:29.900,3195.2000,2599,0,36447060.000,0,-,-,-,-,3195.2000,3195.0000,3190.8000,3190.2000,3180.2000,3198.8000,3199.0000,3199.8000,3204.6000,3205.0000,2,3,1,1,1,1,1,1,1,3
SF,IH2103,2020-08-14 09:35:30.400,3195.2000,2599,0,36447060.000,0,-,-,-,-,3195.2000,3195.0000,3190.8000,3190.2000,3180.2000,3198.0000,3198.6000,3198.8000,3199.8000,3204.6000,2,3,1,1,1,1,1,1,1,1
SF,IH2103,2020-08-14 09:35:30.900,3198.8000,2597,-2,39325680.000,3,0,3,多平,S,3195.2000,3195.0000,3190.8000,3190.2000,3180.2000,3199.8000,3204.6000,3205.0000,3212.0000,3218.4000,2,3,1,1,1,1,1,3,1,1
SF,IH2103,2020-08-14 09:35:31.400,3198.8000,2597,0,39325680.000,0,-,-,-,-,3195.2000,3195.0000,3190.8000,3190.2000,3180.2000,3199.6000,3199.8000,3204.6000,3205.0000,3212.0000,2,3,1,1,1,1,1,1,3,1
SF,IH2103,2020-08-14 09:35:31.900,3198.8000,2597,0,39325680.000,0,-,-,-,-,3195.2000,3195.0000,3190.8000,3190.2000,3180.2000,3199.4000,3199.6000,3204.6000,3205.0000,3212.0000,1,3,1,1,1,1,1,1,3,1
SF,IH2103,2020-08-14 09:35:32.400,3198.8000,2597,0,39325680.000,0,-,-,-,-,3195.2000,3195.0000,3190.8000,3190.2000,3180.2000,3199.2000,3199.4000,3204.6000,3205.0000,3212.0000,1,3,1,1,1,1,1,1,3,1
SF,IH2103,2020-08-14 09:35:32.900,3198.8000,2597,0,39325680.000,0,-,-,-,-,3195.2000,3195.0000,3190.8000,3190.2000,3180.2000,3199.2000,3199.4000,3204.6000,3205.0000,3212.0000,1,3,1,1,1,1,1,1,3,1
SF,IH2103,2020-08-14 09:35:33.400,3198.8000,2597,0,39325680.000,0,-,-,-,-,3195.2000,3195.0000,3190.8000,3190.2000,3180.2000,3199.2000,3199.4000,3204.6000,3205.0000,3212.0000,1,3,1,1,1,1,1,1,3,1
SF,IH2103,2020-08-14 09:35:33.900,3198.8000,2597,0,39325680.000,0,-,-,-,-,3195.2000,3195.0000,3190.8000,3190.2000,3180.2000,3199.2000,3199.4000,3204.6000,3205.0000,3212.0000,1,3,1,1,1,1,1,1,3,1
