市场代码,合约代码,时间,最新,持仓,增仓,成交额,成交量,开仓,平仓,成交类型,方向,买一价,买二价,买三价,买四价,买五价,卖一价,卖二价,卖三价,卖四价,卖五价,买一量,买二量,买三量,买四量,买五量,卖一量,卖二量,卖三量,卖四量,卖五量
SF,IH2106,2020-10-28 09:29:00.100,3216.2000,881,0,0.000,0.000,-,-,-,-,3216.0000,3208.0000,3207.4000,3202.6000,3201.6000,3216.2000,3224.4000,3224.6000,3227.0000,3247.4000,1,1,1,1,3,1,1,3,1,7
SF,IH2106,2020-10-28 09:30:00.100,3216.2000,881,0,0.000,0,-,-,-,-,3216.0000,3208.0000,3207.4000,3202.6000,3201.6000,3216.2000,3224.4000,3224.6000,3227.0000,3247.4000,1,1,1,1,3,1,1,3,1,7
SF,IH2106,2020-10-28 09:30:00.600,3216.2000,881,0,964860.000,1,0,1,多换,S,3216.0000,3209.8000,3208.0000,3202.6000,3201.2000,3247.4000,3255.0000,3281.2000,3296.8000,3300.0000,1,1,1,1,2,7,1,1,2,1
SF,IH2106,2020-10-28 09:30:01.100,3216.2000,880,-1,1929720.000,1,0,1,双平,S,3216.2000,3216.0000,3209.8000,3208.0000,3202.6000,3230.6000,3237.2000,3239.4000,3247.2000,3247.4000,1,1,1,1,1,1,4,4,7,7
SF,IH2106,2020-10-28 09:30:01.600,3216.2000,880,0,1929720.000,0,-,-,-,-,3216.2000,3216.0000,3209.8000,3208.0000,3202.6000,3237.2000,3247.2000,3247.4000,3255.0000,3281.2000,1,1,1,1,1,4,7,7,1,1
SF,IH2106,2020-10-28 09:30:02.100,3216.2000,880,0,1929720.000,0,-,-,-,-,3216.2000,3216.0000,3209.8000,3208.0000,3202.6000,3229.2000,3234.2000,3237.2000,3247.2000,3247.4000,1,1,1,1,1,1,4,4,7,7
SF,IH2106,2020-10-28 09:30:02.600,3216.2000,880,0,1929720.000,0,-,-,-,-,3216.2000,3216.0000,3209.8000,3208.0000,3202.6000,3225.4000,3234.2000,3237.2000,3247.2000,3247.4000,1,1,1,1,1,1,4,4,7,7
SF,IH2106,2020-10-28 09:30:03.100,3216.2000,880,0,1929720.000,0,-,-,-,-,3216.2000,3216.0000,3209.8000,3208.0000,3202.6000,3225.4000,3247.2000,3247.4000,3255.0000,3280.8000,1,1,1,1,1,1,7,7,1,1
SF,IH2106,2020-10-28 09:30:03.600,3216.2000,880,0,1929720.000,0,-,-,-,-,3216.2000,3216.0000,3209.8000,3208.0000,3202.6000,3224.0000,3225.4000,3247.2000,3247.4000,3255.0000,1,1,1,1,1,1,1,7,7,1
SF,IH2106,2020-10-28 09:30:04.100,3224.0000,879,-1,2896920.000,1,0,1,双平,S,3216.2000,3216.0000,3209.8000,3208.0000,3202.6000,3225.4000,3247.2000,3247.4000,3255.0000,3280.8000,1,1,1,1,1,1,7,7,1,1
SF,IH2106,2020-10-28 09:30:04.600,3216.2000,878,-1,3861780.000,1,0,1,双平,S,3209.8000,3208.0000,3202.6000,3201.0000,3200.2000,3247.2000,3247.4000,3255.0000,3280.8000,3281.2000,1,1,1,1,1,7,7,1,1,1
SF,IH2106,2020-10-28 09:30:05.100,3216.2000,878,0,3861780.000,0,-,-,-,-,3213.6000,3210.0000,3209.8000,3208.0000,3202.6000,3223.6000,3225.2000,3225.4000,3226.6000,3238.4000,1,3,1,1,1,1,1,4,1,4
SF,IH2106,2020-10-28 09:30:05.600,3216.2000,878,0,3861780.000,0,-,-,-,-,3214.0000,3213.6000,3210.0000,3208.0000,3202.6000,3223.2000,3223.4000,3223.6000,3225.2000,3225.4000,1,1,3,1,1,1,1,1,1,4
SF,IH2106,2020-10-28 09:30:06.100,3216.2000,878,0,3861780.000,0,-,-,-,-,3214.0000,3210.0000,3208.0000,3202.6000,3201.0000,3222.8000,3223.0000,3223.2000,3223.6000,3225.2000,1,3,1,1,1,1,1,1,1,1
SF,IH2106,2020-10-28 09:30:06.600,3216.2000,878,0,3861780.000,0,-,-,-,-,3214.0000,3210.0000,3208.0000,3202.6000,3201.0000,3221.6000,3222.0000,3222.6000,3222.8000,3225.2000,1,3,1,1,1,1,3,2,1,1
SF,IH2106,2020-10-28 09:30:07.100,3216.2000,878,0,3861780.000,0,-,-,-,-,3214.0000,3210.0000,3208.0000,3202.6000,3201.0000,3221.4000,3221.6000,3222.0000,3222.6000,3225.4000,1,3,1,1,1,1,1,4,1,4
SF,IH2106,2020-10-28 09:30:07.600,3216.2000,878,0,3861780.000,0,-,-,-,-,3214.0000,3210.0000,3208.0000,3202.6000,3201.0000,3219.8000,3220.8000,3221.4000,3222.0000,3225.4000,1,3,1,1,1,1,3,1,1,4
SF,IH2106,2020-10-28 09:30:08.100,3216.2000,878,0,3861780.000,0,-,-,-,-,3214.0000,3208.0000,3202.6000,3201.0000,3200.2000,3219.6000,3219.8000,3220.4000,3220.8000,3222.0000,1,1,1,1,1,1,1,1,3,1
SF,IH2106,2020-10-28 09:30:08.600,3219.6000,878,0,4827660.000,1,0,1,多换,S,3214.2000,3214.0000,3208.0000,3202.6000,3201.0000,3218.2000,3220.4000,3220.8000,3222.0000,3225.4000,1,1,1,1,1,1,1,2,1,4
SF,IH2106,2020-10-28 09:30:09.100,3218.4000,877,-1,5793180.000,1,0,1,双平,S,3214.2000,3214.0000,3208.0000,3202.6000,3201.0000,3220.4000,3220.8000,3222.0000,3225.4000,3228.6000,1,1,1,1,1,1,2,1,4,1
SF,IH2106,2020-10-28 09:30:09.600,3218.4000,877,0,5793180.000,0,-,-,-,-,3214.4000,3214.2000,3208.0000,3202.6000,3201.0000,3218.8000,3220.4000,3222.0000,3225.4000,3228.6000,1,1,1,1,1,1,1,1,4,1
SF,IH2106,2020-10-28 09:30:10.100,3218.4000,877,0,5793180.000,0,-,-,-,-,3214.6000,3214.4000,3208.0000,3202.6000,3201.0000,3218.8000,3219.4000,3219.8000,3225.4000,3228.6000,1,1,1,1,1,1,1,2,4,1
SF,IH2106,2020-10-28 09:30:11.100,3218.4000,877,0,5793180.000,0,-,-,-,-,3214.6000,3214.4000,3208.0000,3202.6000,3201.0000,3218.8000,3219.4000,3219.8000,3225.4000,3228.6000,1,1,1,1,1,1,1,1,4,1
SF,IH2106,2020-10-28 09:30:11.600,3218.4000,877,0,5793180.000,0,-,-,-,-,3214.6000,3214.4000,3208.0000,3202.6000,3201.0000,3218.8000,3219.4000,3225.4000,3228.6000,3247.2000,1,1,1,1,1,1,1,4,1,1
SF,IH2106,2020-10-28 09:30:12.100,3218.8000,876,-1,6758820.000,1,0,1,双平,S,3214.8000,3214.6000,3208.0000,3202.6000,3201.0000,3225.4000,3228.6000,3247.2000,3255.0000,3279.8000,1,1,1,1,1,4,1,1,1,1
SF,IH2106,2020-10-28 09:30:12.600,3218.8000,876,0,6758820.000,0,-,-,-,-,3215.0000,3214.8000,3208.0000,3202.6000,3201.0000,3228.6000,3247.2000,3255.0000,3279.8000,3280.8000,1,1,1,1,1,1,1,1,1,1
SF,IH2106,2020-10-28 09:30:13.100,3218.8000,876,0,6758820.000,0,-,-,-,-,3215.0000,3214.8000,3208.0000,3202.6000,3201.0000,3226.6000,3227.8000,3228.6000,3247.2000,3255.0000,1,1,1,1,1,1,4,1,1,1
SF,IH2106,2020-10-28 09:30:13.600,3218.8000,876,0,6758820.000,0,-,-,-,-,3215.0000,3214.8000,3208.0000,3202.6000,3201.0000,3221.8000,3222.0000,3222.8000,3223.2000,3226.6000,1,1,1,1,1,1,1,1,1,1
SF,IH2106,2020-10-28 09:30:14.100,3218.8000,876,0,6758820.000,0,-,-,-,-,3215.0000,3214.8000,3208.0000,3202.6000,3201.0000,3221.8000,3222.0000,3222.8000,3223.2000,3226.6000,1,1,1,1,1,1,1,1,2,1
SF,IH2106,2020-10-28 09:30:14.600,3218.8000,876,0,6758820.000,0,-,-,-,-,3215.0000,3208.0000,3202.6000,3201.0000,3200.2000,3221.4000,3221.6000,3221.8000,3222.0000,3227.8000,1,1,1,1,1,2,1,1,1,4
SF,IH2106,2020-10-28 09:30:15.100,3218.8000,876,0,6758820.000,0,-,-,-,-,3215.0000,3208.0000,3202.6000,3201.0000,3200.2000,3221.2000,3221.4000,3221.6000,3221.8000,3225.8000,1,1,1,1,1,1,2,1,1,1
SF,IH2106,2020-10-28 09:30:15.600,3218.8000,876,0,6758820.000,0,-,-,-,-,3215.0000,3208.0000,3202.6000,3201.0000,3200.2000,3220.8000,3221.2000,3221.4000,3221.6000,3221.8000,1,1,1,1,1,2,1,1,1,1
SF,IH2106,2020-10-28 09:30:16.100,3218.8000,876,0,6758820.000,0,-,-,-,-,3215.0000,3208.0000,3202.6000,3201.0000,3200.2000,3220.8000,3221.4000,3221.6000,3221.8000,3225.8000,1,1,1,1,1,2,1,1,1,1
SF,IH2106,2020-10-28 09:30:16.600,3218.8000,876,0,6758820.000,0,-,-,-,-,3215.0000,3208.0000,3202.6000,3201.0000,3200.2000,3220.6000,3220.8000,3221.6000,3221.8000,3225.8000,1,1,1,1,1,1,2,1,1,1
SF,IH2106,2020-10-28 09:30:17.600,3218.8000,876,0,6758820.000,0,-,-,-,-,3215.6000,3215.0000,3208.0000,3202.6000,3201.0000,3220.6000,3220.8000,3221.6000,3221.8000,3225.8000,1,1,1,1,1,1,1,1,1,1
SF,IH2106,2020-10-28 09:30:18.100,3218.8000,876,0,6758820.000,0,-,-,-,-,3215.8000,3215.6000,3208.0000,3202.6000,3201.0000,3220.6000,3220.8000,3221.6000,3221.8000,3225.8000,1,1,1,1,1,1,1,1,1,1
SF,IH2106,2020-10-28 09:30:18.600,3218.8000,876,0,6758820.000,0,-,-,-,-,3215.8000,3208.0000,3202.6000,3201.0000,3200.2000,3220.2000,3220.8000,3221.6000,3221.8000,3227.8000,1,1,1,1,1,1,1,1,1,4
SF,IH2106,2020-10-28 09:30:19.100,3218.8000,876,0,6758820.000,0,-,-,-,-,3216.6000,3216.2000,3215.8000,3208.0000,3202.6000,3220.2000,3220.8000,3221.6000,3221.8000,3227.8000,1,1,1,1,1,1,1,1,1,4
SF,IH2106,2020-10-28 09:30:19.600,3220.2000,875,-1,7724880.000,1,0,1,双平,S,3216.8000,3216.6000,3216.2000,3208.0000,3202.6000,3221.6000,3221.8000,3227.8000,3228.6000,3247.2000,1,1,1,1,1,1,1,4,1,1
SF,IH2106,2020-10-28 09:30:21.600,3220.2000,875,0,7724880.000,0,-,-,-,-,3217.2000,3216.8000,3216.2000,3208.0000,3202.6000,3221.6000,3221.8000,3227.8000,3228.6000,3247.2000,2,1,1,1,1,1,1,4,1,1
SF,IH2106,2020-10-28 09:30:22.100,3220.2000,875,0,7724880.000,0,-,-,-,-,3217.4000,3217.2000,3216.2000,3208.0000,3202.6000,3221.6000,3221.8000,3228.6000,3247.2000,3255.0000,1,2,1,1,1,1,1,1,1,1
SF,IH2106,2020-10-28 09:30:22.600,3220.2000,875,0,7724880.000,0,-,-,-,-,3217.8000,3217.4000,3217.2000,3216.2000,3208.0000,3221.6000,3221.8000,3228.6000,3247.2000,3255.0000,1,1,1,1,1,1,1,1,1,1
SF,IH2106,2020-10-28 09:30:23.100,3220.2000,875,0,7724880.000,0,-,-,-,-,3218.0000,3217.8000,3217.2000,3216.2000,3208.0000,3228.6000,3247.2000,3255.0000,3279.8000,3280.8000,1,1,1,1,1,1,1,1,1,1
SF,IH2106,2020-10-28 09:30:23.600,3220.2000,875,0,7724880.000,0,-,-,-,-,3218.4000,3218.0000,3217.8000,3216.2000,3208.0000,3228.6000,3247.2000,3255.0000,3279.8000,3280.8000,1,1,1,1,1,1,1,1,1,1
SF,IH2106,2020-10-28 09:30:24.100,3220.2000,875,0,7724880.000,0,-,-,-,-,3218.6000,3218.4000,3216.2000,3208.0000,3202.6000,3225.2000,3228.6000,3247.2000,3255.0000,3279.8000,2,1,1,1,1,1,1,1,1,1
SF,IH2106,2020-10-28 09:30:24.600,3220.2000,875,0,7724880.000,0,-,-,-,-,3218.6000,3218.4000,3216.2000,3208.0000,3202.6000,3225.0000,3225.2000,3228.6000,3247.2000,3255.0000,2,1,1,1,1,1,1,1,1,1
SF,IH2106,2020-10-28 09:30:25.100,3220.2000,875,0,7724880.000,0,-,-,-,-,3218.6000,3218.4000,3216.2000,3208.0000,3202.6000,3224.4000,3224.8000,3225.0000,3225.2000,3228.6000,2,1,1,1,1,1,1,1,1,1
SF,IH2106,2020-10-28 09:30:25.600,3220.2000,875,0,7724880.000,0,-,-,-,-,3218.6000,3218.4000,3216.2000,3208.0000,3202.6000,3224.4000,3224.8000,3228.6000,3247.2000,3255.0000,2,1,1,1,1,1,1,1,1,1
SF,IH2106,2020-10-28 09:30:26.100,3220.2000,875,0,7724880.000,0,-,-,-,-,3218.6000,3218.4000,3216.2000,3208.0000,3202.6000,3223.8000,3224.0000,3224.4000,3224.8000,3228.6000,1,1,1,1,1,1,1,1,1,1
SF,IH2106,2020-10-28 09:30:26.600,3220.2000,875,0,7724880.000,0,-,-,-,-,3218.8000,3218.6000,3218.4000,3208.0000,3202.6000,3223.8000,3224.0000,3224.4000,3224.8000,3228.6000,1,1,1,1,1,1,1,1,1,1
SF,IH2106,2020-10-28 09:30:27.100,3220.2000,875,0,7724880.000,0,-,-,-,-,3219.0000,3218.4000,3208.0000,3202.6000,3201.0000,3223.8000,3224.0000,3224.4000,3224.8000,3228.6000,1,1,1,1,1,1,1,1,1,1
SF,IH2106,2020-10-28 09:30:28.100,3220.2000,875,0,7724880.000,0,-,-,-,-,3219.0000,3218.4000,3208.0000,3202.6000,3201.0000,3223.8000,3224.0000,3224.4000,3224.8000,3228.6000,1,1,1,1,1,2,1,1,1,1
SF,IH2106,2020-10-28 09:30:28.600,3220.2000,875,0,7724880.000,0,-,-,-,-,3219.4000,3219.0000,3208.0000,3202.6000,3201.0000,3223.8000,3224.0000,3224.4000,3224.8000,3228.6000,1,1,1,1,1,2,1,1,1,1
SF,IH2106,2020-10-28 09:30:29.100,3220.2000,875,0,7724880.000,0,-,-,-,-,3219.6000,3219.4000,3208.0000,3202.6000,3201.0000,3223.8000,3224.0000,3224.4000,3224.8000,3228.6000,1,1,1,1,1,2,1,1,1,1
SF,IH2106,2020-10-28 09:30:29.600,3220.2000,875,0,7724880.000,0,-,-,-,-,3219.6000,3219.4000,3208.0000,3202.6000,3201.0000,3224.8000,3228.6000,3247.2000,3255.0000,3279.8000,1,1,1,1,1,1,1,1,1,1
SF,IH2106,2020-10-28 09:30:30.600,3220.2000,875,0,7724880.000,0,-,-,-,-,3219.6000,3219.4000,3208.0000,3202.6000,3201.0000,3224.4000,3224.8000,3228.6000,3247.2000,3255.0000,1,1,1,1,1,1,1,1,1,1
SF,IH2106,2020-10-28 09:30:31.600,3219.6000,875,0,8690760.000,1,0,1,多换,S,3208.0000,3202.6000,3201.0000,3200.2000,3194.6000,3224.0000,3224.4000,3224.8000,3228.6000,3247.2000,1,1,1,1,1,1,1,1,1,1
SF,IH2106,2020-10-28 09:30:32.100,3219.6000,875,0,8690760.000,0,-,-,-,-,3218.8000,3208.2000,3208.0000,3202.6000,3201.0000,3224.0000,3224.4000,3228.6000,3247.2000,3255.0000,1,4,1,1,1,2,1,1,1,1
SF,IH2106,2020-10-28 09:30:32.600,3219.6000,875,0,8690760.000,0,-,-,-,-,3219.0000,3216.2000,3208.2000,3208.0000,3202.6000,3222.6000,3224.0000,3224.4000,3228.6000,3247.2000,1,1,3,1,1,1,2,1,1,1
SF,IH2106,2020-10-28 09:30:33.100,3219.6000,875,0,8690760.000,0,-,-,-,-,3219.0000,3216.2000,3208.2000,3208.0000,3202.6000,3222.6000,3224.0000,3224.4000,3228.6000,3247.2000,2,1,3,1,1,1,2,1,1,1
SF,IH2106,2020-10-28 09:30:33.600,3219.6000,875,0,8690760.000,0,-,-,-,-,3219.4000,3219.0000,3216.2000,3208.2000,3208.0000,3222.6000,3224.0000,3224.4000,3228.6000,3247.2000,1,1,1,3,1,1,1,1,1,1
SF,IH2106,2020-10-28 09:30:34.100,3219.6000,875,0,8690760.000,0,-,-,-,-,3219.6000,3219.4000,3216.2000,3208.2000,3208.0000,3222.4000,3223.0000,3224.0000,3224.4000,3228.6000,1,1,1,3,1,1,1,1,1,1
SF,IH2106,2020-10-28 09:30:35.100,3219.6000,875,0,8690760.000,0,-,-,-,-,3219.6000,3219.4000,3216.2000,3208.2000,3208.0000,3222.4000,3223.0000,3224.0000,3224.4000,3228.6000,1,1,1,3,1,1,1,1,1,1
SF,IH2106,2020-10-28 09:30:35.600,3219.6000,875,0,8690760.000,0,-,-,-,-,3219.6000,3216.2000,3208.2000,3208.0000,3202.6000,3222.4000,3223.0000,3224.0000,3224.4000,3228.6000,1,1,3,1,1,1,1,1,1,1
SF,IH2106,2020-10-28 09:30:36.100,3219.6000,875,0,8690760.000,0,-,-,-,-,3219.6000,3216.2000,3208.2000,3208.0000,3202.6000,3222.4000,3223.0000,3224.0000,3224.4000,3228.6000,1,1,3,1,1,1,1,1,1,1
SF,IH2106,2020-10-28 09:30:36.600,3219.6000,875,0,8690760.000,0,-,-,-,-,3219.6000,3216.2000,3208.2000,3208.0000,3202.6000,3222.4000,3223.0000,3224.0000,3224.4000,3228.6000,1,1,3,1,1,1,1,1,1,1
SF,IH2106,2020-10-28 09:30:37.600,3219.6000,875,0,8690760.000,0,-,-,-,-,3219.6000,3208.2000,3208.0000,3202.6000,3201.0000,3222.2000,3222.4000,3223.0000,3224.0000,3224.4000,1,3,1,1,1,1,1,1,1,1
SF,IH2106,2020-10-28 09:30:38.600,3219.6000,875,0,8690760.000,0,-,-,-,-,3220.0000,3219.6000,3208.2000,3208.0000,3202.6000,3222.2000,3222.4000,3223.0000,3224.0000,3224.4000,1,1,3,1,1,1,1,1,1,1
SF,IH2106,2020-10-28 09:30:39.600,3219.6000,875,0,8690760.000,0,-,-,-,-,3220.0000,3219.6000,3208.2000,3208.0000,3202.6000,3222.4000,3223.0000,3224.0000,3224.4000,3228.6000,1,1,3,1,1,1,1,1,1,1
SF,IH2106,2020-10-28 09:30:40.600,3219.6000,875,0,8690760.000,0,-,-,-,-,3220.2000,3220.0000,3219.6000,3208.2000,3208.0000,3222.4000,3223.0000,3224.0000,3224.4000,3228.6000,1,1,1,3,1,1,1,1,1,1
SF,IH2106,2020-10-28 09:30:41.600,3219.6000,875,0,8690760.000,0,-,-,-,-,3220.4000,3220.2000,3219.6000,3208.2000,3208.0000,3222.4000,3223.0000,3224.0000,3224.4000,3228.6000,1,1,1,3,1,1,1,1,1,1
SF,IH2106,2020-10-28 09:30:42.100,3220.0000,874,-1,9656760.000,1,0,1,双平,S,3220.2000,3219.6000,3208.2000,3208.0000,3202.6000,3222.4000,3223.0000,3224.0000,3224.4000,3228.6000,1,1,3,1,1,1,1,1,1,1
SF,IH2106,2020-10-28 09:30:42.600,3220.0000,874,0,9656760.000,0,-,-,-,-,3219.6000,3208.2000,3208.0000,3202.6000,3201.0000,3222.0000,3223.0000,3224.0000,3224.4000,3228.6000,1,3,1,1,1,1,1,1,1,1
SF,IH2106,2020-10-28 09:30:43.100,3220.0000,874,0,9656760.000,0,-,-,-,-,3208.2000,3208.0000,3202.6000,3201.0000,3200.2000,3222.0000,3223.0000,3224.0000,3224.4000,3228.6000,3,1,1,1,1,1,1,1,1,1
SF,IH2106,2020-10-28 09:30:43.600,3220.0000,874,0,9656760.000,0,-,-,-,-,3219.8000,3218.8000,3208.4000,3208.2000,3208.0000,3222.0000,3223.0000,3224.0000,3224.4000,3228.6000,1,1,1,3,1,1,1,1,1,1
SF,IH2106,2020-10-28 09:30:44.100,3220.0000,874,0,9656760.000,0,-,-,-,-,3218.8000,3216.2000,3208.4000,3208.2000,3208.0000,3222.0000,3223.0000,3224.0000,3224.4000,3228.6000,1,1,1,3,1,1,1,1,1,1
SF,IH2106,2020-10-28 09:30:44.600,3220.0000,874,0,9656760.000,0,-,-,-,-,3219.0000,3218.8000,3216.2000,3208.2000,3208.0000,3222.0000,3223.0000,3224.0000,3224.4000,3228.6000,2,1,1,3,1,1,1,1,1,1
SF,IH2106,2020-10-28 09:30:45.100,3220.0000,874,0,9656760.000,0,-,-,-,-,3219.0000,3218.8000,3216.2000,3208.2000,3208.0000,3223.0000,3224.0000,3224.4000,3228.6000,3247.2000,2,1,1,3,1,1,1,1,1,1
SF,IH2106,2020-10-28 09:30:46.100,3220.0000,874,0,9656760.000,0,-,-,-,-,3219.2000,3219.0000,3218.8000,3216.2000,3208.2000,3223.0000,3224.0000,3224.4000,3227.8000,3228.6000,1,2,1,1,3,1,1,1,1,1
SF,IH2106,2020-10-28 09:30:46.600,3220.0000,874,0,9656760.000,0,-,-,-,-,3219.4000,3219.2000,3218.8000,3216.2000,3208.2000,3222.4000,3222.6000,3222.8000,3223.0000,3224.0000,2,1,1,1,3,1,1,1,1,1
SF,IH2106,2020-10-28 09:30:47.600,3220.0000,874,0,9656760.000,0,-,-,-,-,3219.4000,3219.2000,3218.8000,3216.2000,3208.2000,3221.8000,3222.2000,3222.4000,3222.8000,3223.0000,2,1,1,1,3,1,1,1,1,1
SF,IH2106,2020-10-28 09:30:48.100,3220.0000,874,0,9656760.000,0,-,-,-,-,3219.6000,3219.4000,3218.8000,3216.2000,3208.2000,3221.8000,3222.2000,3222.4000,3222.8000,3223.0000,1,1,1,1,3,1,1,1,1,1
SF,IH2106,2020-10-28 09:30:49.600,3220.0000,874,0,9656760.000,0,-,-,-,-,3219.6000,3219.4000,3218.8000,3216.2000,3208.2000,3221.8000,3222.2000,3222.8000,3223.0000,3224.0000,1,1,1,1,3,1,1,1,1,1
SF,IH2106,2020-10-28 09:30:50.100,3220.0000,874,0,9656760.000,0,-,-,-,-,3219.6000,3219.4000,3218.8000,3216.2000,3208.2000,3221.8000,3222.8000,3223.0000,3224.0000,3224.4000,1,1,1,1,3,1,1,1,1,1
SF,IH2106,2020-10-28 09:30:50.600,3220.0000,874,0,9656760.000,0,-,-,-,-,3219.8000,3218.8000,3216.2000,3208.2000,3208.0000,3221.8000,3222.8000,3223.0000,3224.4000,3227.8000,1,1,1,3,1,1,1,1,1,1
SF,IH2106,2020-10-28 09:30:51.100,3220.0000,874,0,9656760.000,0,-,-,-,-,3219.8000,3218.8000,3216.2000,3208.2000,3208.0000,3221.8000,3223.0000,3224.4000,3227.8000,3228.6000,1,1,1,3,1,1,1,1,1,1
SF,IH2106,2020-10-28 09:30:51.600,3220.0000,874,0,9656760.000,0,-,-,-,-,3220.0000,3219.8000,3218.8000,3216.2000,3208.2000,3221.8000,3223.0000,3224.4000,3227.8000,3228.6000,1,1,1,1,3,1,1,1,1,1
SF,IH2106,2020-10-28 09:30:52.100,3221.8000,873,-1,10623300.000,1,0,1,双平,S,3220.0000,3219.8000,3218.8000,3216.2000,3208.2000,3223.0000,3224.4000,3227.8000,3228.6000,3247.2000,1,1,1,1,3,1,1,1,1,1
SF,IH2106,2020-10-28 09:30:52.600,3221.8000,873,0,10623300.000,0,-,-,-,-,3220.2000,3220.0000,3218.8000,3216.2000,3208.2000,3223.0000,3223.2000,3227.8000,3228.6000,3247.2000,2,1,1,1,3,1,1,1,1,1
SF,IH2106,2020-10-28 09:30:53.600,3221.8000,873,0,10623300.000,0,-,-,-,-,3220.6000,3220.2000,3218.8000,3216.2000,3208.2000,3223.0000,3223.2000,3227.8000,3228.6000,3247.2000,1,2,1,1,1,1,1,1,1,1
SF,IH2106,2020-10-28 09:30:54.600,3221.8000,873,0,10623300.000,0,-,-,-,-,3220.6000,3220.2000,3218.8000,3216.2000,3208.2000,3223.2000,3227.8000,3228.6000,3247.2000,3255.0000,1,2,1,1,1,1,1,1,1,1
SF,IH2106,2020-10-28 09:30:55.100,3220.6000,872,-1,11589480.000,1,0,1,双平,S,3220.2000,3218.8000,3216.2000,3208.2000,3208.0000,3223.2000,3227.8000,3228.6000,3247.2000,3255.0000,1,1,1,1,1,1,1,1,1,1
SF,IH2106,2020-10-28 09:30:55.600,3220.6000,872,0,11589480.000,0,-,-,-,-,3220.2000,3218.8000,3216.2000,3208.2000,3208.0000,3223.0000,3223.2000,3227.8000,3228.6000,3247.2000,1,1,1,1,1,1,1,1,1,1
SF,IH2106,2020-10-28 09:30:57.100,3220.2000,871,-1,12555540.000,1,0,1,双平,S,3218.8000,3216.2000,3208.2000,3208.0000,3202.6000,3223.0000,3223.2000,3227.8000,3228.6000,3247.2000,1,1,1,1,1,1,1,1,1,1
SF,IH2106,2020-10-28 09:30:58.100,3220.2000,871,0,12555540.000,0,-,-,-,-,3219.0000,3218.8000,3208.2000,3208.0000,3202.6000,3222.4000,3223.0000,3223.2000,3227.8000,3228.6000,1,1,1,1,1,1,1,1,1,1
SF,IH2106,2020-10-28 09:30:58.600,3220.2000,871,0,12555540.000,0,-,-,-,-,3219.0000,3218.8000,3208.2000,3208.0000,3202.6000,3222.2000,3222.4000,3223.2000,3227.8000,3228.6000,1,1,1,1,1,1,1,1,1,1
SF,IH2106,2020-10-28 09:31:00.600,3220.2000,871,0,12555540.000,0,-,-,-,-,3219.0000,3218.8000,3208.2000,3208.0000,3202.6000,3222.2000,3222.4000,3223.2000,3228.6000,3247.2000,1,1,1,1,1,1,1,1,1,1
SF,IH2106,2020-10-28 09:31:01.100,3220.2000,871,0,12555540.000,0,-,-,-,-,3219.0000,3218.8000,3208.2000,3208.0000,3202.6000,3222.0000,3222.2000,3222.4000,3223.2000,3228.6000,1,1,1,1,1,1,1,1,1,1
SF,IH2106,2020-10-28 09:31:01.600,3220.2000,871,0,12555540.000,0,-,-,-,-,3219.0000,3218.8000,3208.2000,3208.0000,3202.6000,3221.8000,3222.0000,3223.2000,3228.6000,3247.2000,1,1,1,1,1,1,1,1,1,1
SF,IH2106,2020-10-28 09:31:02.100,3220.2000,871,0,12555540.000,0,-,-,-,-,3219.0000,3218.8000,3208.2000,3208.0000,3202.6000,3221.6000,3221.8000,3223.2000,3228.6000,3247.2000,1,1,1,1,1,1,1,1,1,1
SF,IH2106,2020-10-28 09:31:02.600,3220.2000,871,0,12555540.000,0,-,-,-,-,3219.2000,3219.0000,3218.8000,3208.2000,3208.0000,3221.2000,3221.6000,3221.8000,3223.2000,3228.6000,1,1,1,1,1,1,1,1,1,1
SF,IH2106,2020-10-28 09:31:03.100,3221.2000,870,-1,13521900.000,1,0,1,双平,S,3219.2000,3219.0000,3218.8000,3208.2000,3208.0000,3221.8000,3223.2000,3228.6000,3230.0000,3247.2000,1,1,1,1,1,1,1,1,1,1
SF,IH2106,2020-10-28 09:31:03.600,3221.2000,870,0,13521900.000,0,-,-,-,-,3219.2000,3219.0000,3218.8000,3208.2000,3208.0000,3221.6000,3221.8000,3223.2000,3228.6000,3230.0000,1,1,1,1,1,1,1,1,1,1
SF,IH2106,2020-10-28 09:31:04.100,3221.2000,870,0,13521900.000,0,-,-,-,-,3219.4000,3219.2000,3219.0000,3218.8000,3208.2000,3221.6000,3221.8000,3223.2000,3223.8000,3228.6000,1,1,1,1,1,1,1,1,1,1
SF,IH2106,2020-10-28 09:31:04.600,3221.2000,870,0,13521900.000,0,-,-,-,-,3219.8000,3219.4000,3219.2000,3218.8000,3208.2000,3221.6000,3223.2000,3223.8000,3228.6000,3230.0000,1,1,1,1,1,1,1,1,1,1
SF,IH2106,2020-10-28 09:31:06.600,3221.2000,870,0,13521900.000,0,-,-,-,-,3219.8000,3219.4000,3219.2000,3218.8000,3208.2000,3221.2000,3221.6000,3223.2000,3223.8000,3228.6000,1,1,1,1,1,1,1,1,1,1
SF,IH2106,2020-10-28 09:31:08.600,3221.2000,870,0,13521900.000,0,-,-,-,-,3219.8000,3219.2000,3218.8000,3208.2000,3208.0000,3221.2000,3221.6000,3223.2000,3223.8000,3228.6000,1,1,1,1,1,1,1,1,1,1
SF,IH2106,2020-10-28 09:31:10.600,3221.2000,869,-1,14488260.000,1,0,1,双平,S,3219.8000,3219.2000,3208.2000,3208.0000,3202.6000,3221.6000,3223.8000,3228.6000,3230.0000,3247.2000,1,1,1,1,1,1,1,1,1,1
SF,IH2106,2020-10-28 09:31:11.100,3221.2000,869,0,14488260.000,0,-,-,-,-,3220.0000,3219.8000,3208.2000,3208.0000,3202.6000,3223.8000,3228.6000,3230.0000,3247.2000,3255.0000,1,1,1,1,1,1,1,1,1,1
SF,IH2106,2020-10-28 09:31:11.600,3221.2000,869,0,14488260.000,0,-,-,-,-,3220.2000,3220.0000,3219.8000,3208.2000,3208.0000,3223.6000,3223.8000,3228.6000,3230.0000,3247.2000,1,2,1,1,1,1,1,1,1,1
SF,IH2106,2020-10-28 09:31:12.100,3221.2000,869,0,14488260.000,0,-,-,-,-,3220.4000,3220.2000,3220.0000,3219.8000,3208.2000,3223.4000,3223.6000,3223.8000,3228.6000,3230.0000,1,1,1,1,1,1,1,1,1,1
SF,IH2106,2020-10-28 09:31:12.600,3221.2000,869,0,14488260.000,0,-,-,-,-,3220.6000,3220.4000,3220.0000,3219.8000,3208.2000,3223.2000,3223.4000,3223.8000,3228.6000,3230.0000,1,1,1,1,1,1,1,1,1,1
SF,IH2106,2020-10-28 09:31:13.100,3221.2000,869,0,14488260.000,0,-,-,-,-,3220.8000,3220.6000,3220.4000,3219.8000,3208.2000,3223.2000,3228.6000,3230.0000,3247.2000,3255.0000,1,1,1,1,1,1,1,1,1,1
SF,IH2106,2020-10-28 09:31:13.600,3223.2000,868,-1,15455220.000,1,0,1,双平,S,3220.8000,3220.6000,3220.4000,3219.8000,3208.2000,3228.6000,3230.0000,3247.2000,3255.0000,3261.0000,1,1,1,1,1,1,1,1,1,5
SF,IH2106,2020-10-28 09:31:14.100,3223.2000,868,0,15455220.000,0,-,-,-,-,3221.0000,3220.8000,3220.4000,3219.8000,3208.2000,3226.6000,3228.4000,3228.6000,3230.0000,3247.2000,1,1,1,1,1,1,1,1,1,1
SF,IH2106,2020-10-28 09:31:14.600,3223.2000,868,0,15455220.000,0,-,-,-,-,3221.2000,3221.0000,3219.8000,3208.2000,3208.0000,3226.4000,3226.6000,3228.6000,3230.0000,3247.2000,1,1,1,1,1,1,1,1,1,1
SF,IH2106,2020-10-28 09:31:15.100,3223.2000,868,0,15455220.000,0,-,-,-,-,3221.4000,3221.2000,3219.8000,3208.2000,3208.0000,3226.4000,3228.6000,3230.0000,3247.2000,3255.0000,1,1,1,1,1,1,1,1,1,1
SF,IH2106,2020-10-28 09:31:15.600,3223.2000,868,0,15455220.000,0,-,-,-,-,3221.6000,3221.4000,3219.8000,3208.2000,3208.0000,3226.4000,3228.6000,3230.0000,3247.2000,3255.0000,1,5,1,1,1,1,1,1,1,1
SF,IH2106,2020-10-28 09:31:16.100,3223.2000,868,0,15455220.000,0,-,-,-,-,3221.8000,3221.6000,3219.8000,3208.2000,3208.0000,3226.4000,3228.6000,3230.0000,3247.2000,3255.0000,1,1,1,1,1,1,1,1,1,1
SF,IH2106,2020-10-28 09:31:16.600,3223.2000,868,0,15455220.000,0,-,-,-,-,3222.4000,3222.0000,3208.2000,3208.0000,3202.6000,3226.2000,3226.4000,3228.6000,3230.0000,3247.2000,1,1,1,1,1,1,1,1,1,1
SF,IH2106,2020-10-28 09:31:17.100,3223.2000,868,0,15455220.000,0,-,-,-,-,3222.6000,3222.4000,3208.2000,3208.0000,3202.6000,3226.0000,3226.2000,3228.6000,3230.0000,3247.2000,2,1,1,1,1,1,1,1,1,1
SF,IH2106,2020-10-28 09:31:17.600,3223.2000,868,0,15455220.000,0,-,-,-,-,3222.6000,3222.4000,3208.2000,3208.0000,3202.6000,3225.8000,3226.0000,3228.6000,3230.0000,3247.2000,2,1,1,1,1,2,1,1,1,1
SF,IH2106,2020-10-28 09:31:18.100,3223.2000,868,0,15455220.000,0,-,-,-,-,3222.6000,3222.4000,3208.2000,3208.0000,3202.6000,3225.6000,3225.8000,3228.6000,3230.0000,3247.2000,1,1,1,1,1,2,1,1,1,1
SF,IH2106,2020-10-28 09:31:18.600,3223.2000,868,0,15455220.000,0,-,-,-,-,3222.8000,3222.6000,3222.4000,3208.2000,3208.0000,3225.6000,3228.6000,3230.0000,3247.2000,3255.0000,1,1,1,1,1,2,1,1,1,1
SF,IH2106,2020-10-28 09:31:19.100,3223.2000,868,0,15455220.000,0,-,-,-,-,3223.0000,3222.8000,3222.4000,3208.2000,3208.0000,3225.6000,3228.6000,3230.0000,3247.2000,3255.0000,1,1,1,1,1,1,1,1,1,1
SF,IH2106,2020-10-28 09:31:20.600,3223.2000,868,0,15455220.000,0,-,-,-,-,3223.0000,3222.8000,3208.2000,3208.0000,3202.6000,3225.6000,3228.6000,3230.0000,3247.2000,3255.0000,1,1,1,1,1,1,1,1,1,1
SF,IH2106,2020-10-28 09:31:21.100,3223.2000,868,0,15455220.000,0,-,-,-,-,3208.2000,3208.0000,3202.6000,3201.0000,3200.2000,3225.4000,3228.6000,3230.0000,3247.2000,3255.0000,1,1,1,1,1,1,1,1,1,1
SF,IH2106,2020-10-28 09:31:21.600,3223.2000,868,0,15455220.000,0,-,-,-,-,3218.8000,3208.4000,3208.2000,3208.0000,3202.6000,3225.2000,3225.4000,3228.6000,3230.0000,3247.2000,1,4,1,1,1,1,1,1,1,1
SF,IH2106,2020-10-28 09:31:22.100,3223.2000,868,0,15455220.000,0,-,-,-,-,3219.0000,3218.8000,3208.4000,3208.2000,3208.0000,3225.0000,3228.6000,3230.0000,3247.2000,3255.0000,5,1,3,1,1,1,1,1,1,1
SF,IH2106,2020-10-28 09:31:22.600,3223.2000,868,0,15455220.000,0,-,-,-,-,3219.0000,3218.8000,3208.4000,3208.2000,3208.0000,3224.8000,3225.0000,3228.6000,3230.0000,3247.2000,5,1,3,1,1,1,1,1,1,1
SF,IH2106,2020-10-28 09:31:23.100,3223.2000,868,0,15455220.000,0,-,-,-,-,3221.2000,3219.6000,3219.0000,3218.8000,3208.4000,3224.6000,3224.8000,3228.6000,3230.0000,3247.2000,1,1,5,1,3,1,1,1,1,1
SF,IH2106,2020-10-28 09:31:23.600,3223.2000,868,0,15455220.000,0,-,-,-,-,3221.4000,3221.2000,3220.0000,3219.6000,3219.0000,3224.6000,3224.8000,3228.6000,3230.0000,3247.2000,2,1,1,1,3,1,1,1,1,1
SF,IH2106,2020-10-28 09:31:24.100,3223.2000,868,0,15455220.000,0,-,-,-,-,3221.4000,3221.2000,3220.0000,3219.6000,3219.0000,3224.4000,3228.6000,3230.0000,3247.2000,3255.0000,2,1,1,1,3,1,1,1,1,1
SF,IH2106,2020-10-28 09:31:25.100,3223.2000,868,0,15455220.000,0,-,-,-,-,3221.4000,3220.0000,3219.6000,3219.0000,3218.8000,3224.4000,3228.6000,3230.0000,3247.2000,3255.0000,2,1,1,3,1,1,1,1,1,1
SF,IH2106,2020-10-28 09:31:25.600,3223.2000,868,0,15455220.000,0,-,-,-,-,3221.4000,3220.0000,3219.6000,3219.0000,3218.8000,3224.2000,3228.6000,3230.0000,3247.2000,3255.0000,1,1,1,3,1,1,1,1,1,1
SF,IH2106,2020-10-28 09:31:26.100,3223.2000,868,0,15455220.000,0,-,-,-,-,3221.4000,3220.0000,3219.6000,3219.0000,3218.8000,3224.2000,3228.6000,3230.0000,3235.4000,3247.2000,1,1,1,3,1,1,1,1,1,1
SF,IH2106,2020-10-28 09:31:26.600,3223.2000,868,0,15455220.000,0,-,-,-,-,3221.4000,3220.0000,3219.6000,3219.0000,3218.8000,3224.0000,3224.2000,3228.6000,3230.0000,3235.4000,1,1,1,3,1,1,1,1,1,1
SF,IH2106,2020-10-28 09:31:29.600,3221.4000,867,-1,16421640.000,1,0,1,双平,S,3220.0000,3219.6000,3218.8000,3208.4000,3208.2000,3224.0000,3224.2000,3228.6000,3230.0000,3235.4000,1,1,1,1,1,1,1,1,1,1
SF,IH2106,2020-10-28 09:31:30.100,3221.4000,867,0,16421640.000,0,-,-,-,-,3220.0000,3219.6000,3218.8000,3208.4000,3208.2000,3223.8000,3224.0000,3228.6000,3230.0000,3235.4000,1,1,1,1,1,1,1,1,1,1
SF,IH2106,2020-10-28 09:31:30.600,3221.4000,867,0,16421640.000,0,-,-,-,-,3220.0000,3219.6000,3208.2000,3208.0000,3202.6000,3223.6000,3223.8000,3228.6000,3230.0000,3235.4000,1,1,1,1,1,1,1,1,1,1
SF,IH2106,2020-10-28 09:31:31.100,3221.4000,867,0,16421640.000,0,-,-,-,-,3220.2000,3220.0000,3219.6000,3208.2000,3208.0000,3223.4000,3223.6000,3228.6000,3230.0000,3235.4000,1,1,1,1,1,1,1,1,1,1
SF,IH2106,2020-10-28 09:31:31.600,3221.4000,867,0,16421640.000,0,-,-,-,-,3220.4000,3220.0000,3219.6000,3208.2000,3208.0000,3223.2000,3228.6000,3230.0000,3235.4000,3247.2000,1,1,1,1,1,1,1,1,1,1
SF,IH2106,2020-10-28 09:31:32.100,3221.4000,867,0,16421640.000,0,-,-,-,-,3220.4000,3220.0000,3219.6000,3208.2000,3208.0000,3223.2000,3228.6000,3230.0000,3235.4000,3247.2000,1,1,1,1,1,1,1,1,1,1
SF,IH2106,2020-10-28 09:31:37.100,3221.4000,867,0,16421640.000,0,-,-,-,-,3221.4000,3220.8000,3220.6000,3220.4000,3220.0000,3223.2000,3228.6000,3230.0000,3235.4000,3247.2000,1,1,1,1,1,1,1,1,1,1
SF,IH2106,2020-10-28 09:31:37.600,3223.2000,866,-1,17388600.000,1,0,1,双平,S,3221.6000,3220.8000,3220.6000,3220.4000,3220.0000,3228.6000,3230.0000,3235.4000,3247.2000,3255.0000,1,1,1,1,1,1,1,1,1,1
SF,IH2106,2020-10-28 09:31:38.100,3223.2000,866,0,17388600.000,0,-,-,-,-,3221.8000,3221.6000,3220.8000,3220.6000,3220.0000,3228.4000,3228.6000,3230.0000,3235.4000,3247.2000,1,1,1,1,1,1,1,1,1,1
SF,IH2106,2020-10-28 09:31:38.600,3223.2000,866,0,17388600.000,0,-,-,-,-,3222.6000,3222.0000,3221.8000,3220.6000,3220.0000,3228.4000,3228.6000,3230.0000,3235.4000,3247.2000,1,1,1,1,1,1,1,1,1,1
SF,IH2106,2020-10-28 09:31:39.100,3223.2000,866,0,17388600.000,0,-,-,-,-,3222.8000,3222.6000,3222.0000,3220.6000,3220.0000,3227.8000,3228.4000,3228.6000,3230.0000,3235.4000,2,1,2,1,1,1,1,1,1,1
SF,IH2106,2020-10-28 09:31:39.600,3223.2000,866,0,17388600.000,0,-,-,-,-,3222.8000,3222.6000,3220.6000,3220.0000,3208.2000,3227.6000,3227.8000,3228.0000,3228.6000,3230.0000,2,1,1,1,1,1,1,1,1,1
SF,IH2106,2020-10-28 09:31:40.100,3223.2000,866,0,17388600.000,0,-,-,-,-,3222.8000,3222.6000,3220.6000,3220.0000,3208.2000,3227.0000,3227.6000,3228.0000,3228.6000,3230.0000,2,1,1,1,1,2,1,1,1,1
SF,IH2106,2020-10-28 09:31:40.600,3223.2000,866,0,17388600.000,0,-,-,-,-,3223.2000,3222.8000,3220.6000,3220.0000,3208.2000,3226.8000,3227.0000,3228.0000,3228.6000,3230.0000,1,2,1,1,1,1,2,1,1,1
SF,IH2106,2020-10-28 09:31:41.100,3223.2000,866,0,17388600.000,0,-,-,-,-,3223.4000,3223.2000,3220.6000,3220.0000,3208.2000,3226.8000,3227.0000,3228.0000,3228.6000,3230.0000,2,1,1,1,1,1,2,1,1,1
SF,IH2106,2020-10-28 09:31:41.600,3223.2000,866,0,17388600.000,0,-,-,-,-,3223.4000,3223.2000,3220.6000,3220.0000,3208.2000,3226.8000,3227.0000,3228.0000,3228.6000,3230.0000,2,1,1,1,1,1,1,1,1,1
SF,IH2106,2020-10-28 09:31:42.100,3223.2000,866,0,17388600.000,0,-,-,-,-,3223.4000,3223.2000,3220.6000,3220.0000,3208.2000,3226.4000,3226.8000,3228.0000,3228.6000,3230.0000,2,1,1,1,1,1,1,1,1,1
SF,IH2106,2020-10-28 09:31:43.100,3223.2000,866,0,17388600.000,0,-,-,-,-,3223.4000,3223.2000,3220.6000,3220.0000,3208.2000,3226.8000,3228.0000,3228.6000,3230.0000,3235.4000,2,1,1,1,1,1,1,1,1,1
SF,IH2106,2020-10-28 09:31:43.600,3223.2000,866,0,17388600.000,0,-,-,-,-,3223.4000,3220.6000,3220.0000,3208.2000,3208.0000,3226.8000,3228.0000,3228.6000,3230.0000,3235.4000,2,1,1,1,1,1,1,1,1,1
SF,IH2106,2020-10-28 09:31:44.100,3223.2000,866,0,17388600.000,0,-,-,-,-,3223.8000,3223.6000,3223.4000,3220.6000,3220.0000,3228.0000,3228.6000,3230.0000,3235.4000,3247.2000,1,3,2,1,1,1,1,1,1,1
SF,IH2106,2020-10-28 09:31:44.600,3223.2000,866,0,17388600.000,0,-,-,-,-,3224.0000,3223.8000,3223.6000,3220.6000,3220.0000,3227.8000,3228.6000,3230.0000,3235.4000,3247.2000,3,1,3,1,1,1,1,1,1,1
SF,IH2106,2020-10-28 09:31:45.100,3223.2000,866,0,17388600.000,0,-,-,-,-,3224.2000,3224.0000,3223.8000,3223.6000,3220.6000,3228.6000,3230.0000,3235.4000,3247.2000,3255.0000,1,2,1,3,1,1,1,1,1,1
SF,IH2106,2020-10-28 09:31:45.600,3223.2000,866,0,17388600.000,0,-,-,-,-,3224.6000,3224.4000,3224.2000,3224.0000,3223.8000,3228.6000,3230.0000,3235.4000,3247.2000,3255.0000,1,2,4,1,1,1,1,1,1,1
SF,IH2106,2020-10-28 09:31:46.100,3223.2000,866,0,17388600.000,0,-,-,-,-,3225.2000,3224.8000,3224.6000,3224.2000,3223.6000,3228.6000,3230.0000,3235.4000,3247.2000,3255.0000,1,2,1,1,3,1,1,1,1,1
SF,IH2106,2020-10-28 09:31:46.600,3223.2000,866,0,17388600.000,0,-,-,-,-,3225.4000,3225.2000,3224.2000,3223.6000,3220.6000,3228.6000,3230.0000,3235.4000,3247.2000,3255.0000,2,2,2,3,1,1,1,1,1,1
SF,IH2106,2020-10-28 09:31:47.600,3223.2000,866,0,17388600.000,0,-,-,-,-,3225.8000,3225.4000,3225.2000,3224.4000,3224.2000,3228.6000,3230.0000,3233.0000,3235.4000,3247.2000,1,2,1,1,2,1,1,1,1,1
SF,IH2106,2020-10-28 09:31:48.100,3223.2000,866,0,17388600.000,0,-,-,-,-,3226.0000,3225.8000,3225.4000,3225.2000,3224.4000,3228.4000,3228.6000,3230.0000,3233.0000,3235.4000,1,1,1,1,1,1,1,1,1,1
SF,IH2106,2020-10-28 09:31:49.100,3223.2000,866,0,17388600.000,0,-,-,-,-,3226.0000,3225.8000,3225.4000,3225.2000,3224.8000,3228.4000,3228.6000,3230.0000,3233.0000,3235.4000,1,1,1,1,1,1,1,1,1,1
SF,IH2106,2020-10-28 09:31:49.600,3225.8000,865,-1,18356340.000,1,0,1,双平,S,3225.4000,3225.2000,3224.8000,3224.4000,3224.2000,3228.4000,3228.6000,3230.0000,3233.0000,3235.4000,1,1,1,1,1,1,1,1,1,1
SF,IH2106,2020-10-28 09:31:50.100,3228.4000,864,-1,19324860.000,1,0,1,双平,S,3228.4000,3225.6000,3225.4000,3224.8000,3224.4000,3228.6000,3230.0000,3233.0000,3235.4000,3247.2000,3,1,1,1,1,1,1,1,1,1
SF,IH2106,2020-10-28 09:31:50.600,3228.4000,863,-1,22230420.000,3,1,2,多平,S,3225.4000,3224.8000,3224.2000,3223.6000,3220.6000,3227.2000,3228.6000,3230.0000,3233.0000,3235.4000,1,1,1,3,1,2,1,1,1,1
SF,IH2106,2020-10-28 09:31:51.100,3228.4000,863,0,22230420.000,0,-,-,-,-,3225.6000,3224.2000,3220.6000,3220.0000,3208.2000,3227.2000,3228.6000,3230.0000,3233.0000,3235.4000,1,1,1,1,1,2,1,1,1,1
SF,IH2106,2020-10-28 09:31:51.600,3228.4000,863,0,22230420.000,0,-,-,-,-,3225.6000,3224.2000,3220.6000,3220.0000,3208.2000,3227.2000,3228.2000,3228.6000,3230.0000,3233.0000,1,1,1,1,1,2,1,1,1,1
SF,IH2106,2020-10-28 09:31:52.100,3225.6000,863,0,23198100.000,1,0,1,多换,S,3224.2000,3220.6000,3220.0000,3208.2000,3208.0000,3227.2000,3228.2000,3228.6000,3230.0000,3233.0000,1,1,1,1,1,2,1,1,1,1
SF,IH2106,2020-10-28 09:31:52.600,3225.6000,863,0,23198100.000,0,-,-,-,-,3224.4000,3224.2000,3223.4000,3220.6000,3220.0000,3227.2000,3228.2000,3228.6000,3230.0000,3233.0000,2,1,1,1,1,2,2,1,1,1
SF,IH2106,2020-10-28 09:31:53.100,3225.6000,863,0,23198100.000,0,-,-,-,-,3224.4000,3223.4000,3220.6000,3220.0000,3208.2000,3227.2000,3227.8000,3228.2000,3228.6000,3230.0000,2,1,1,1,1,2,1,2,1,1
SF,IH2106,2020-10-28 09:31:53.600,3225.6000,863,0,23198100.000,0,-,-,-,-,3224.6000,3224.4000,3220.6000,3220.0000,3208.2000,3227.2000,3227.8000,3228.2000,3228.6000,3230.0000,4,2,1,1,1,2,1,2,1,1
SF,IH2106,2020-10-28 09:31:54.100,3225.6000,863,0,23198100.000,0,-,-,-,-,3224.8000,3224.6000,3224.4000,3220.6000,3220.0000,3227.2000,3227.8000,3228.2000,3228.6000,3230.0000,1,1,1,1,1,2,1,2,1,1
SF,IH2106,2020-10-28 09:31:55.600,3225.6000,863,0,23198100.000,0,-,-,-,-,3224.8000,3224.6000,3224.4000,3220.6000,3220.0000,3227.2000,3227.8000,3228.2000,3228.6000,3230.0000,1,1,1,1,1,2,1,1,1,1
SF,IH2106,2020-10-28 09:31:56.100,3225.6000,863,0,23198100.000,0,-,-,-,-,3224.8000,3220.6000,3220.0000,3208.2000,3208.0000,3227.0000,3227.2000,3227.8000,3228.2000,3228.6000,1,1,1,1,1,1,2,1,1,1
SF,IH2106,2020-10-28 09:31:56.600,3225.6000,863,0,23198100.000,0,-,-,-,-,3220.6000,3220.0000,3208.2000,3208.0000,3202.6000,3227.0000,3227.2000,3227.8000,3228.2000,3228.6000,1,1,1,1,1,1,2,1,1,1
SF,IH2106,2020-10-28 09:31:57.100,3225.6000,863,0,23198100.000,0,-,-,-,-,3221.4000,3220.8000,3220.6000,3220.0000,3208.2000,3226.8000,3227.2000,3227.8000,3228.0000,3228.2000,1,2,1,1,1,1,2,1,1,1
SF,IH2106,2020-10-28 09:31:57.600,3225.6000,863,0,23198100.000,0,-,-,-,-,3223.4000,3221.6000,3221.4000,3220.8000,3220.6000,3226.6000,3226.8000,3227.2000,3227.8000,3228.0000,1,3,1,1,1,1,1,2,1,1
SF,IH2106,2020-10-28 09:31:58.100,3225.6000,863,0,23198100.000,0,-,-,-,-,3223.6000,3223.4000,3222.6000,3222.4000,3221.6000,3226.4000,3227.2000,3228.0000,3228.2000,3228.6000,2,1,1,1,2,1,2,1,1,1
SF,IH2106,2020-10-28 09:31:58.600,3225.6000,863,0,23198100.000,0,-,-,-,-,3223.6000,3223.4000,3222.6000,3222.4000,3221.6000,3227.2000,3228.0000,3228.2000,3228.6000,3230.0000,2,1,1,1,2,2,1,1,1,1
SF,IH2106,2020-10-28 09:31:59.100,3225.6000,863,0,23198100.000,0,-,-,-,-,3224.0000,3223.8000,3223.6000,3223.4000,3222.4000,3227.0000,3227.2000,3228.0000,3228.2000,3228.6000,1,1,2,1,1,1,2,1,1,1
SF,IH2106,2020-10-28 09:31:59.600,3225.6000,863,0,23198100.000,0,-,-,-,-,3224.2000,3224.0000,3223.6000,3223.4000,3222.4000,3227.0000,3227.2000,3228.0000,3228.2000,3228.4000,3,1,1,1,1,1,2,1,1,1
SF,IH2106,2020-10-28 09:32:00.100,3225.6000,863,0,23198100.000,0,-,-,-,-,3224.2000,3224.0000,3223.6000,3223.4000,3222.4000,3227.2000,3228.0000,3228.2000,3228.4000,3228.6000,4,1,1,1,1,2,1,1,1,1
SF,IH2106,2020-10-28 09:32:00.600,3225.6000,863,0,23198100.000,0,-,-,-,-,3224.4000,3224.2000,3224.0000,3223.6000,3222.4000,3227.0000,3227.2000,3228.0000,3228.2000,3228.4000,1,4,1,1,1,1,2,1,1,1
SF,IH2106,2020-10-28 09:32:01.100,3225.6000,863,0,23198100.000,0,-,-,-,-,3224.6000,3224.4000,3224.2000,3224.0000,3223.6000,3227.0000,3227.2000,3228.0000,3228.2000,3228.4000,1,1,2,1,1,1,2,1,1,1
SF,IH2106,2020-10-28 09:32:01.600,3225.6000,863,0,23198100.000,0,-,-,-,-,3224.6000,3224.2000,3224.0000,3223.6000,3222.4000,3227.0000,3227.2000,3228.0000,3228.2000,3228.4000,1,2,1,1,1,1,2,1,1,1
SF,IH2106,2020-10-28 09:32:02.100,3225.6000,863,0,23198100.000,0,-,-,-,-,3224.6000,3224.2000,3224.0000,3223.6000,3222.4000,3227.0000,3227.2000,3228.0000,3228.2000,3228.4000,1,1,1,1,1,1,2,1,1,1
SF,IH2106,2020-10-28 09:32:02.600,3225.6000,863,0,23198100.000,0,-,-,-,-,3224.6000,3224.2000,3224.0000,3223.6000,3222.4000,3227.2000,3228.0000,3228.2000,3228.4000,3228.6000,1,1,1,1,1,2,1,1,1,1
SF,IH2106,2020-10-28 09:32:03.100,3225.6000,863,0,23198100.000,0,-,-,-,-,3224.6000,3224.2000,3223.6000,3222.4000,3221.6000,3227.2000,3228.0000,3228.2000,3228.4000,3228.6000,1,1,1,1,2,2,1,1,1,1
SF,IH2106,2020-10-28 09:32:03.600,3225.6000,863,0,23198100.000,0,-,-,-,-,3224.6000,3224.2000,3223.6000,3222.4000,3221.4000,3227.2000,3228.0000,3228.2000,3228.4000,3228.6000,1,1,1,1,1,2,1,1,1,1
SF,IH2106,2020-10-28 09:32:04.100,3225.6000,863,0,23198100.000,0,-,-,-,-,3224.6000,3224.2000,3223.6000,3222.4000,3220.0000,3228.4000,3228.6000,3230.0000,3230.2000,3233.0000,1,1,1,1,1,1,1,2,3,3
SF,IH2106,2020-10-28 09:32:04.600,3225.6000,863,0,23198100.000,0,-,-,-,-,3224.8000,3224.6000,3223.6000,3222.4000,3220.0000,3228.2000,3228.4000,3228.6000,3230.0000,3230.2000,4,1,1,1,1,1,1,1,2,3
SF,IH2106,2020-10-28 09:32:05.100,3225.6000,863,0,23198100.000,0,-,-,-,-,3225.0000,3224.8000,3223.6000,3222.4000,3220.0000,3228.2000,3228.4000,3228.6000,3230.0000,3230.2000,1,5,1,1,1,1,1,1,2,3
SF,IH2106,2020-10-28 09:32:05.600,3225.6000,863,0,23198100.000,0,-,-,-,-,3225.4000,3225.2000,3225.0000,3224.8000,3223.6000,3228.2000,3228.4000,3228.6000,3230.0000,3230.2000,1,1,1,4,1,1,1,1,2,3
SF,IH2106,2020-10-28 09:32:06.100,3225.6000,862,-1,24165780.000,1,0,1,双平,S,3225.6000,3225.2000,3224.8000,3223.6000,3223.0000,3228.2000,3228.4000,3228.6000,3230.0000,3230.2000,1,2,4,1,1,1,1,1,2,3
SF,IH2106,2020-10-28 09:32:06.600,3225.6000,862,0,24165780.000,0,-,-,-,-,3225.6000,3225.2000,3224.8000,3223.0000,3222.4000,3228.2000,3228.4000,3228.6000,3230.0000,3230.2000,2,2,4,1,1,1,1,1,2,3
SF,IH2106,2020-10-28 09:32:07.100,3225.6000,862,0,24165780.000,0,-,-,-,-,3225.6000,3225.2000,3224.8000,3223.0000,3222.4000,3228.2000,3228.4000,3228.6000,3230.0000,3230.2000,2,2,3,1,1,1,1,1,2,3
SF,IH2106,2020-10-28 09:32:07.600,3225.6000,862,0,24165780.000,0,-,-,-,-,3226.0000,3225.8000,3225.6000,3225.2000,3224.8000,3228.2000,3228.4000,3228.6000,3230.0000,3230.2000,1,1,2,1,3,1,1,1,2,3
SF,IH2106,2020-10-28 09:32:09.100,3225.6000,862,0,24165780.000,0,-,-,-,-,3226.0000,3225.8000,3225.6000,3225.2000,3224.8000,3228.2000,3228.4000,3228.6000,3230.0000,3230.2000,1,1,2,1,3,1,1,1,2,3
SF,IH2106,2020-10-28 09:32:09.600,3225.6000,862,0,24165780.000,0,-,-,-,-,3226.0000,3225.8000,3225.6000,3225.2000,3224.8000,3228.2000,3228.4000,3228.6000,3230.0000,3230.2000,1,1,1,1,3,1,1,1,2,3
SF,IH2106,2020-10-28 09:32:10.100,3225.6000,862,0,24165780.000,0,-,-,-,-,3226.0000,3225.8000,3225.2000,3224.8000,3223.0000,3228.2000,3228.4000,3228.6000,3230.0000,3230.2000,1,1,1,3,1,1,1,1,2,3
SF,IH2106,2020-10-28 09:32:10.600,3226.0000,861,-1,25133580.000,1,0,1,双平,S,3225.8000,3225.2000,3223.0000,3222.4000,3220.0000,3228.2000,3228.4000,3228.6000,3230.0000,3230.2000,1,1,1,1,1,1,1,1,2,3
SF,IH2106,2020-10-28 09:32:11.100,3225.8000,860,-1,26101320.000,1,0,1,双平,S,3225.2000,3223.0000,3222.4000,3220.0000,3208.2000,3228.2000,3228.4000,3228.6000,3230.0000,3230.2000,1,1,1,1,1,1,1,1,2,3
SF,IH2106,2020-10-28 09:32:12.600,3225.4000,859,-1,27068940.000,1,0,1,双平,S,3225.2000,3223.0000,3222.4000,3220.0000,3208.2000,3228.0000,3228.2000,3228.4000,3228.6000,3230.0000,1,1,1,1,1,2,1,1,1,2
SF,IH2106,2020-10-28 09:32:13.100,3225.4000,859,0,27068940.000,0,-,-,-,-,3225.2000,3223.0000,3222.4000,3220.0000,3208.2000,3225.6000,3227.8000,3228.0000,3228.4000,3228.6000,1,1,1,1,1,1,1,2,1,1
SF,IH2106,2020-10-28 09:32:13.600,3225.6000,858,-1,28036620.000,1,0,1,双平,S,3223.0000,3222.4000,3220.0000,3208.2000,3208.0000,3227.8000,3228.0000,3228.4000,3228.6000,3230.0000,1,1,1,1,1,1,2,1,1,2
SF,IH2106,2020-10-28 09:32:14.100,3225.6000,858,0,28036620.000,0,-,-,-,-,3223.4000,3223.2000,3223.0000,3222.4000,3220.0000,3227.6000,3227.8000,3228.0000,3228.4000,3228.6000,1,2,1,1,1,1,1,2,1,1
SF,IH2106,2020-10-28 09:32:14.600,3225.6000,858,0,28036620.000,0,-,-,-,-,3224.0000,3223.6000,3223.4000,3223.0000,3222.4000,3227.4000,3227.6000,3228.0000,3228.4000,3228.6000,2,2,1,1,1,1,1,2,1,1
SF,IH2106,2020-10-28 09:32:15.100,3225.6000,858,0,28036620.000,0,-,-,-,-,3224.2000,3224.0000,3220.0000,3208.2000,3208.0000,3227.2000,3227.4000,3227.6000,3228.0000,3228.4000,3,3,1,1,1,1,2,1,1,1
SF,IH2106,2020-10-28 09:32:15.600,3225.6000,858,0,28036620.000,0,-,-,-,-,3224.2000,3224.0000,3220.0000,3208.2000,3208.0000,3227.0000,3228.0000,3228.4000,3228.6000,3230.0000,3,3,1,1,1,2,1,1,1,2
SF,IH2106,2020-10-28 09:32:16.100,3225.6000,858,0,28036620.000,0,-,-,-,-,3224.6000,3224.4000,3224.2000,3224.0000,3220.0000,3227.0000,3228.0000,3228.4000,3228.6000,3230.0000,1,1,2,2,1,1,1,1,1,2
SF,IH2106,2020-10-28 09:32:16.600,3225.6000,858,0,28036620.000,0,-,-,-,-,3224.6000,3224.2000,3224.0000,3220.0000,3208.2000,3227.0000,3228.0000,3228.4000,3228.6000,3230.0000,1,2,1,1,1,1,1,1,1,2
SF,IH2106,2020-10-28 09:32:17.600,3225.6000,858,0,28036620.000,0,-,-,-,-,3224.2000,3224.0000,3220.0000,3208.2000,3208.0000,3227.0000,3228.0000,3228.4000,3228.6000,3230.0000,2,1,1,1,1,1,1,1,1,2
SF,IH2106,2020-10-28 09:32:18.100,3225.6000,858,0,28036620.000,0,-,-,-,-,3224.4000,3224.2000,3224.0000,3220.0000,3208.2000,3227.0000,3228.0000,3228.4000,3228.6000,3230.0000,1,1,1,1,1,1,1,1,1,2
SF,IH2106,2020-10-28 09:32:18.600,3225.6000,858,0,28036620.000,0,-,-,-,-,3224.4000,3224.2000,3224.0000,3220.0000,3214.8000,3227.0000,3228.0000,3228.4000,3228.6000,3230.0000,1,1,1,1,5,1,1,1,1,2
SF,IH2106,2020-10-28 09:32:20.100,3227.0000,858,0,29004720.000,1,0,1,多换,S,3224.4000,3224.2000,3224.0000,3220.0000,3214.8000,3228.0000,3228.4000,3228.6000,3230.0000,3233.0000,1,1,1,1,5,1,1,1,2,3
SF,IH2106,2020-10-28 09:32:20.600,3227.0000,858,0,29004720.000,0,-,-,-,-,3224.6000,3224.2000,3224.0000,3220.0000,3214.8000,3227.6000,3227.8000,3228.0000,3228.4000,3228.6000,4,1,1,1,5,1,3,1,1,1
SF,IH2106,2020-10-28 09:32:21.100,3227.0000,858,0,29004720.000,0,-,-,-,-,3224.6000,3224.2000,3224.0000,3220.0000,3214.8000,3227.4000,3227.6000,3227.8000,3228.0000,3228.4000,1,1,1,1,5,3,1,1,1,1
SF,IH2106,2020-10-28 09:32:21.600,3227.0000,858,0,29004720.000,0,-,-,-,-,3224.8000,3224.6000,3224.2000,3224.0000,3220.0000,3227.4000,3227.8000,3228.0000,3228.4000,3228.6000,2,1,1,1,1,4,1,1,1,1
SF,IH2106,2020-10-28 09:32:22.100,3227.0000,858,0,29004720.000,0,-,-,-,-,3225.0000,3224.8000,3224.2000,3224.0000,3220.0000,3227.4000,3228.4000,3228.6000,3230.0000,3233.0000,1,3,1,1,1,1,1,1,2,3
SF,IH2106,2020-10-28 09:32:22.600,3227.4000,857,-1,29972940.000,1,0,1,双平,S,3225.0000,3224.8000,3224.2000,3224.0000,3220.0000,3228.4000,3228.6000,3230.0000,3233.0000,3233.8000,2,2,1,1,1,1,1,2,3,5
SF,IH2106,2020-10-28 09:32:23.100,3227.4000,857,0,29972940.000,0,-,-,-,-,3225.2000,3225.0000,3224.8000,3224.2000,3224.0000,3228.2000,3228.4000,3228.6000,3230.0000,3233.0000,3,2,1,1,1,1,1,1,2,3
SF,IH2106,2020-10-28 09:32:23.600,3227.4000,857,0,29972940.000,0,-,-,-,-,3225.4000,3225.2000,3225.0000,3224.8000,3224.2000,3228.2000,3228.4000,3228.6000,3230.0000,3233.0000,1,3,1,1,1,1,1,1,2,3
SF,IH2106,2020-10-28 09:32:24.100,3227.4000,857,0,29972940.000,0,-,-,-,-,3225.6000,3225.4000,3225.2000,3225.0000,3224.8000,3228.2000,3228.4000,3228.6000,3230.0000,3233.0000,1,1,3,1,1,1,1,1,2,3
SF,IH2106,2020-10-28 09:32:24.600,3227.4000,857,0,29972940.000,0,-,-,-,-,3225.8000,3225.6000,3225.2000,3224.8000,3224.2000,3228.2000,3228.4000,3228.6000,3230.0000,3233.0000,1,1,3,1,1,1,1,1,2,3
SF,IH2106,2020-10-28 09:32:25.100,3227.4000,857,0,29972940.000,0,-,-,-,-,3225.8000,3225.2000,3224.8000,3224.2000,3223.8000,3228.0000,3228.2000,3228.4000,3228.6000,3230.0000,1,1,1,1,1,1,1,1,1,2
SF,IH2106,2020-10-28 09:32:25.600,3227.4000,857,0,29972940.000,0,-,-,-,-,3226.4000,3225.8000,3225.2000,3224.8000,3224.2000,3228.2000,3228.4000,3228.6000,3230.0000,3233.0000,1,1,1,1,1,1,1,1,2,3
SF,IH2106,2020-10-28 09:32:26.100,3227.4000,857,0,29972940.000,0,-,-,-,-,3225.8000,3225.2000,3224.8000,3224.2000,3223.8000,3227.8000,3228.2000,3228.4000,3228.6000,3230.0000,1,1,1,1,1,1,1,1,1,2
SF,IH2106,2020-10-28 09:32:27.100,3227.4000,857,0,29972940.000,0,-,-,-,-,3226.4000,3225.8000,3225.2000,3224.8000,3224.2000,3228.2000,3228.4000,3228.6000,3230.0000,3233.0000,1,1,1,1,1,1,1,1,2,2
SF,IH2106,2020-10-28 09:32:27.600,3227.4000,857,0,29972940.000,0,-,-,-,-,3225.8000,3225.2000,3224.8000,3224.2000,3220.0000,3228.0000,3228.2000,3228.4000,3228.6000,3230.0000,1,1,1,1,1,1,1,1,1,2
SF,IH2106,2020-10-28 09:32:28.100,3227.4000,857,0,29972940.000,0,-,-,-,-,3225.8000,3225.2000,3224.8000,3224.2000,3220.0000,3228.2000,3228.4000,3228.6000,3230.0000,3233.0000,1,1,1,1,1,1,1,1,2,2
SF,IH2106,2020-10-28 09:32:28.600,3227.4000,857,0,29972940.000,0,-,-,-,-,3225.8000,3225.2000,3224.8000,3224.2000,3220.0000,3227.8000,3228.2000,3228.4000,3228.6000,3230.0000,1,1,1,1,1,1,1,1,1,2
SF,IH2106,2020-10-28 09:32:29.100,3227.4000,857,0,29972940.000,0,-,-,-,-,3226.0000,3225.8000,3225.2000,3224.8000,3224.2000,3228.2000,3228.4000,3228.6000,3230.0000,3233.0000,1,1,1,1,1,1,1,1,2,2
SF,IH2106,2020-10-28 09:32:29.600,3227.4000,857,0,29972940.000,0,-,-,-,-,3226.0000,3225.8000,3225.2000,3224.8000,3224.2000,3228.0000,3228.2000,3228.4000,3228.6000,3230.0000,1,1,1,1,1,1,1,1,1,2
SF,IH2106,2020-10-28 09:32:30.100,3227.4000,857,0,29972940.000,0,-,-,-,-,3225.2000,3224.2000,3220.0000,3214.8000,3208.2000,3227.8000,3228.0000,3228.4000,3228.6000,3230.0000,1,1,1,5,1,1,1,1,1,2
SF,IH2106,2020-10-28 09:32:30.600,3227.4000,857,0,29972940.000,0,-,-,-,-,3225.4000,3225.2000,3224.2000,3220.0000,3214.8000,3227.8000,3228.0000,3228.4000,3228.6000,3230.0000,1,1,1,1,5,1,1,1,1,2
SF,IH2106,2020-10-28 09:32:31.100,3227.4000,857,0,29972940.000,0,-,-,-,-,3225.8000,3225.4000,3225.2000,3224.2000,3220.0000,3227.8000,3228.0000,3228.4000,3228.6000,3230.0000,1,1,1,1,1,1,1,1,1,2
SF,IH2106,2020-10-28 09:32:32.600,3227.4000,857,0,29972940.000,0,-,-,-,-,3226.0000,3225.4000,3225.2000,3224.2000,3220.0000,3227.6000,3227.8000,3228.0000,3228.4000,3228.6000,1,1,1,1,1,1,1,1,1,1
SF,IH2106,2020-10-28 09:32:33.100,3227.4000,857,0,29972940.000,0,-,-,-,-,3226.0000,3224.2000,3220.0000,3214.8000,3208.2000,3227.4000,3227.6000,3228.0000,3228.4000,3228.6000,1,1,1,5,1,1,1,1,1,1
SF,IH2106,2020-10-28 09:32:33.600,3226.0000,856,-1,30940740.000,1,0,1,双平,S,3224.2000,3220.0000,3214.8000,3208.2000,3208.0000,3227.2000,3227.4000,3227.6000,3228.0000,3228.4000,1,1,5,1,1,1,1,1,1,1
SF,IH2106,2020-10-28 09:32:34.100,3226.0000,856,0,30940740.000,0,-,-,-,-,3224.4000,3224.2000,3220.0000,3214.8000,3208.2000,3227.0000,3227.2000,3227.6000,3228.0000,3228.4000,3,2,1,5,1,1,1,1,1,1
SF,IH2106,2020-10-28 09:32:34.600,3226.0000,856,0,30940740.000,0,-,-,-,-,3224.4000,3224.2000,3220.0000,3214.8000,3208.2000,3227.0000,3227.2000,3227.6000,3228.0000,3228.4000,2,1,1,5,1,1,1,1,1,1
SF,IH2106,2020-10-28 09:32:35.100,3226.0000,856,0,30940740.000,0,-,-,-,-,3224.6000,3224.4000,3224.2000,3220.0000,3214.8000,3227.0000,3227.2000,3227.6000,3228.0000,3228.4000,1,1,1,1,5,1,1,1,1,1
SF,IH2106,2020-10-28 09:32:35.600,3226.0000,856,0,30940740.000,0,-,-,-,-,3224.8000,3224.6000,3220.0000,3214.8000,3208.2000,3227.0000,3227.2000,3227.6000,3228.0000,3228.4000,1,1,1,5,1,1,1,1,1,1
SF,IH2106,2020-10-28 09:32:36.100,3226.0000,856,0,30940740.000,0,-,-,-,-,3224.8000,3224.6000,3220.0000,3214.8000,3208.2000,3227.2000,3227.6000,3228.0000,3228.4000,3228.6000,1,1,1,5,1,1,1,1,1,1
SF,IH2106,2020-10-28 09:32:36.600,3226.0000,856,0,30940740.000,0,-,-,-,-,3224.8000,3224.6000,3220.0000,3214.8000,3208.2000,3227.6000,3228.0000,3228.4000,3228.6000,3230.0000,1,1,1,5,1,1,1,1,1,2
SF,IH2106,2020-10-28 09:32:37.100,3226.0000,856,0,30940740.000,0,-,-,-,-,3224.8000,3224.6000,3220.0000,3214.8000,3208.2000,3227.4000,3227.6000,3228.0000,3228.4000,3228.6000,1,1,1,5,1,1,1,1,1,1
SF,IH2106,2020-10-28 09:32:37.600,3226.0000,856,0,30940740.000,0,-,-,-,-,3224.8000,3224.6000,3220.0000,3214.8000,3208.2000,3227.4000,3227.6000,3228.0000,3228.4000,3228.6000,1,1,1,5,1,2,1,1,1,1
SF,IH2106,2020-10-28 09:32:38.600,3226.0000,856,0,30940740.000,0,-,-,-,-,3224.8000,3224.6000,3220.0000,3214.8000,3208.2000,3227.4000,3227.6000,3228.0000,3228.4000,3228.6000,1,1,1,5,1,1,1,1,1,1
SF,IH2106,2020-10-28 09:32:40.100,3226.0000,856,0,30940740.000,0,-,-,-,-,3224.8000,3224.6000,3220.0000,3214.8000,3208.2000,3227.2000,3227.4000,3227.6000,3228.0000,3228.4000,1,1,1,5,1,1,1,1,1,1
SF,IH2106,2020-10-28 09:32:40.600,3226.0000,856,0,30940740.000,0,-,-,-,-,3224.8000,3220.0000,3214.8000,3208.2000,3208.0000,3227.0000,3227.2000,3227.6000,3228.0000,3228.4000,1,1,5,1,1,1,1,1,1,1
SF,IH2106,2020-10-28 09:32:41.100,3226.0000,856,0,30940740.000,0,-,-,-,-,3225.0000,3224.8000,3220.0000,3214.8000,3208.2000,3227.0000,3227.2000,3228.0000,3228.4000,3228.6000,3,1,1,5,1,1,1,1,1,1
SF,IH2106,2020-10-28 09:32:41.600,3226.0000,856,0,30940740.000,0,-,-,-,-,3225.0000,3224.8000,3220.0000,3214.8000,3208.2000,3227.0000,3228.0000,3228.4000,3228.6000,3230.0000,1,1,1,5,1,1,1,1,1,2
SF,IH2106,2020-10-28 09:32:42.100,3226.0000,856,0,30940740.000,0,-,-,-,-,3225.0000,3224.8000,3220.0000,3214.8000,3208.2000,3227.0000,3228.0000,3228.4000,3228.6000,3230.0000,1,1,1,5,1,1,1,1,1,2
SF,IH2106,2020-10-28 09:32:42.600,3226.0000,856,0,30940740.000,0,-,-,-,-,3220.0000,3214.8000,3208.2000,3208.0000,3202.6000,3226.8000,3227.0000,3228.0000,3228.4000,3228.6000,1,5,1,1,1,1,1,1,1,1
SF,IH2106,2020-10-28 09:32:43.100,3226.0000,856,0,30940740.000,0,-,-,-,-,3221.4000,3220.6000,3220.2000,3220.0000,3214.8000,3226.6000,3226.8000,3228.0000,3228.4000,3228.6000,1,1,2,1,5,2,1,1,1,1
SF,IH2106,2020-10-28 09:32:43.600,3226.0000,856,0,30940740.000,0,-,-,-,-,3222.0000,3221.6000,3221.4000,3220.2000,3220.0000,3226.4000,3226.6000,3226.8000,3228.0000,3228.4000,1,2,1,1,1,1,2,1,1,1
SF,IH2106,2020-10-28 09:32:44.100,3226.0000,856,0,30940740.000,0,-,-,-,-,3222.2000,3222.0000,3221.6000,3221.4000,3220.2000,3226.2000,3226.4000,3226.8000,3228.0000,3228.4000,3,1,1,1,1,2,1,1,1,1
SF,IH2106,2020-10-28 09:32:44.600,3226.0000,856,0,30940740.000,0,-,-,-,-,3222.2000,3222.0000,3221.6000,3221.4000,3220.2000,3226.0000,3226.2000,3226.4000,3226.8000,3228.0000,3,1,1,1,1,2,2,1,1,1
SF,IH2106,2020-10-28 09:32:45.100,3226.0000,856,0,30940740.000,0,-,-,-,-,3222.2000,3221.6000,3221.4000,3220.2000,3220.0000,3225.8000,3226.0000,3226.4000,3226.8000,3228.0000,3,1,1,1,1,2,1,1,1,1
SF,IH2106,2020-10-28 09:32:45.600,3226.0000,856,0,30940740.000,0,-,-,-,-,3222.6000,3222.2000,3221.6000,3221.4000,3220.2000,3225.6000,3225.8000,3226.4000,3226.8000,3228.0000,1,3,1,1,1,1,2,1,1,1
SF,IH2106,2020-10-28 09:32:46.100,3226.0000,856,0,30940740.000,0,-,-,-,-,3222.8000,3222.6000,3222.4000,3222.2000,3221.6000,3225.4000,3225.6000,3226.4000,3226.8000,3228.0000,4,1,1,2,1,2,1,1,1,1
SF,IH2106,2020-10-28 09:32:46.600,3226.0000,856,0,30940740.000,0,-,-,-,-,3223.0000,3222.8000,3222.6000,3222.2000,3221.6000,3225.4000,3225.6000,3226.4000,3226.8000,3228.0000,1,4,1,2,1,2,1,1,1,1
SF,IH2106,2020-10-28 09:32:47.100,3226.0000,856,0,30940740.000,0,-,-,-,-,3223.0000,3222.8000,3222.2000,3221.6000,3221.4000,3225.4000,3226.4000,3226.8000,3228.0000,3228.4000,1,4,2,1,1,1,1,1,1,1
SF,IH2106,2020-10-28 09:32:47.600,3226.0000,856,0,30940740.000,0,-,-,-,-,3222.2000,3221.6000,3221.4000,3220.2000,3220.0000,3225.2000,3225.4000,3226.4000,3226.8000,3228.0000,2,1,1,1,1,1,1,1,1,1
SF,IH2106,2020-10-28 09:32:48.100,3226.0000,856,0,30940740.000,0,-,-,-,-,3222.2000,3221.6000,3221.4000,3220.2000,3220.0000,3225.0000,3225.2000,3226.4000,3226.8000,3228.0000,2,1,1,1,1,3,1,1,1,1
SF,IH2106,2020-10-28 09:32:48.600,3226.0000,856,0,30940740.000,0,-,-,-,-,3222.2000,3221.6000,3221.4000,3220.2000,3220.0000,3224.8000,3225.0000,3225.2000,3226.4000,3226.8000,2,1,1,1,1,2,3,1,1,1
SF,IH2106,2020-10-28 09:32:49.100,3226.0000,856,0,30940740.000,0,-,-,-,-,3221.6000,3221.4000,3220.2000,3220.0000,3214.8000,3224.6000,3224.8000,3225.0000,3225.2000,3226.4000,1,1,1,1,5,1,2,2,1,1
SF,IH2106,2020-10-28 09:32:49.600,3226.0000,856,0,30940740.000,0,-,-,-,-,3221.8000,3221.6000,3221.4000,3220.2000,3220.0000,3224.4000,3224.6000,3224.8000,3225.0000,3225.2000,4,1,1,1,1,1,1,2,1,1
SF,IH2106,2020-10-28 09:32:50.100,3226.0000,856,0,30940740.000,0,-,-,-,-,3221.8000,3221.6000,3221.4000,3220.2000,3220.0000,3224.4000,3224.6000,3224.8000,3225.2000,3226.4000,4,1,1,1,1,1,1,1,1,1
SF,IH2106,2020-10-28 09:32:50.600,3226.0000,856,0,30940740.000,0,-,-,-,-,3221.8000,3221.6000,3221.4000,3220.2000,3220.0000,3224.2000,3224.4000,3224.8000,3225.2000,3226.4000,4,1,1,1,1,1,1,1,1,1
SF,IH2106,2020-10-28 09:32:51.100,3226.0000,856,0,30940740.000,0,-,-,-,-,3221.8000,3221.6000,3221.4000,3220.2000,3220.0000,3224.2000,3224.4000,3225.2000,3226.4000,3226.8000,4,1,1,1,1,1,1,1,1,1
SF,IH2106,2020-10-28 09:32:52.100,3224.4000,855,-1,32875380.000,2,0,2,多平,S,3221.8000,3221.6000,3220.2000,3220.0000,3214.8000,3225.2000,3226.4000,3226.8000,3228.0000,3228.4000,4,1,1,1,5,1,1,1,1,1
SF,IH2106,2020-10-28 09:32:52.600,3224.4000,855,0,32875380.000,0,-,-,-,-,3222.0000,3221.8000,3221.6000,3220.2000,3220.0000,3226.4000,3226.8000,3228.0000,3228.4000,3228.6000,1,4,1,1,1,1,1,1,1,1
SF,IH2106,2020-10-28 09:32:53.100,3224.4000,855,0,32875380.000,0,-,-,-,-,3222.2000,3222.0000,3221.8000,3221.6000,3220.2000,3226.2000,3226.4000,3226.8000,3228.0000,3228.4000,2,1,3,1,1,2,1,1,1,1
SF,IH2106,2020-10-28 09:32:53.600,3224.4000,855,0,32875380.000,0,-,-,-,-,3222.4000,3222.2000,3221.8000,3221.6000,3220.2000,3226.2000,3226.4000,3226.8000,3228.0000,3228.4000,2,2,3,1,1,2,1,1,1,1
SF,IH2106,2020-10-28 09:32:54.100,3224.4000,855,0,32875380.000,0,-,-,-,-,3222.8000,3222.6000,3222.4000,3222.2000,3221.8000,3226.2000,3226.4000,3226.8000,3228.0000,3228.4000,1,2,2,1,3,2,1,1,1,1
SF,IH2106,2020-10-28 09:32:54.600,3224.4000,855,0,32875380.000,0,-,-,-,-,3223.0000,3222.8000,3222.4000,3221.8000,3221.6000,3226.2000,3226.4000,3226.8000,3228.0000,3228.4000,2,1,1,3,1,2,1,1,1,1
SF,IH2106,2020-10-28 09:32:55.100,3224.4000,855,0,32875380.000,0,-,-,-,-,3223.0000,3222.8000,3222.4000,3221.8000,3221.6000,3225.8000,3226.0000,3226.2000,3226.4000,3226.8000,2,1,1,3,1,1,1,2,1,1
SF,IH2106,2020-10-28 09:32:55.600,3224.4000,855,0,32875380.000,0,-,-,-,-,3223.0000,3222.8000,3222.4000,3221.8000,3221.6000,3225.6000,3226.0000,3226.2000,3226.4000,3226.8000,2,1,1,3,1,2,1,2,1,1
SF,IH2106,2020-10-28 09:32:56.100,3224.4000,855,0,32875380.000,0,-,-,-,-,3223.0000,3222.8000,3222.4000,3221.8000,3221.6000,3225.6000,3226.2000,3226.4000,3226.8000,3228.0000,2,1,1,3,1,2,2,1,1,1
SF,IH2106,2020-10-28 09:32:57.100,3224.4000,855,0,32875380.000,0,-,-,-,-,3223.0000,3221.8000,3221.6000,3220.2000,3220.0000,3225.6000,3226.2000,3226.4000,3226.8000,3228.0000,2,3,1,1,1,2,2,1,1,1
SF,IH2106,2020-10-28 09:32:57.600,3224.4000,855,0,32875380.000,0,-,-,-,-,3223.0000,3221.8000,3221.6000,3220.2000,3220.0000,3225.4000,3225.6000,3226.2000,3226.4000,3226.8000,2,3,1,1,1,1,2,1,1,1
SF,IH2106,2020-10-28 09:32:58.100,3224.4000,855,0,32875380.000,0,-,-,-,-,3223.0000,3221.8000,3221.6000,3220.2000,3220.0000,3225.2000,3225.4000,3225.6000,3226.2000,3226.4000,1,3,1,1,1,1,1,1,1,1
SF,IH2106,2020-10-28 09:32:58.600,3224.4000,855,0,32875380.000,0,-,-,-,-,3223.0000,3221.6000,3220.2000,3220.0000,3214.8000,3225.2000,3225.4000,3225.6000,3226.2000,3226.4000,1,1,1,1,5,1,1,1,1,1
SF,IH2106,2020-10-28 09:32:59.100,3224.4000,855,0,32875380.000,0,-,-,-,-,3223.0000,3221.6000,3220.2000,3220.0000,3214.8000,3225.0000,3225.2000,3225.6000,3226.2000,3226.4000,1,1,1,1,5,1,1,1,1,1
SF,IH2106,2020-10-28 09:32:59.600,3224.4000,855,0,32875380.000,0,-,-,-,-,3223.0000,3220.2000,3220.0000,3214.8000,3208.2000,3224.8000,3225.0000,3225.2000,3225.6000,3226.2000,1,1,1,5,1,1,1,1,1,1
SF,IH2106,2020-10-28 09:33:00.100,3224.4000,855,0,32875380.000,0,-,-,-,-,3223.0000,3220.0000,3214.8000,3208.2000,3208.0000,3224.8000,3225.0000,3225.2000,3225.6000,3226.2000,1,1,5,1,1,1,1,1,1,1
SF,IH2106,2020-10-28 09:33:01.600,3224.4000,855,0,32875380.000,0,-,-,-,-,3223.0000,3220.0000,3214.8000,3208.2000,3208.0000,3224.8000,3225.0000,3225.2000,3225.6000,3226.2000,1,1,5,1,1,1,1,1,1,1
SF,IH2106,2020-10-28 09:33:02.100,3223.0000,854,-1,33842280.000,1,0,1,双平,S,3220.0000,3214.8000,3208.2000,3208.0000,3202.6000,3224.8000,3225.0000,3225.2000,3225.6000,3226.0000,1,5,1,1,1,1,1,1,1,1
SF,IH2106,2020-10-28 09:33:02.600,3223.0000,854,0,33842280.000,0,-,-,-,-,3221.4000,3220.4000,3220.2000,3220.0000,3214.8000,3224.6000,3224.8000,3225.2000,3225.6000,3226.0000,1,1,4,1,5,1,1,1,1,1
SF,IH2106,2020-10-28 09:33:03.100,3223.0000,854,0,33842280.000,0,-,-,-,-,3221.6000,3220.2000,3220.0000,3214.8000,3208.2000,3224.2000,3224.4000,3224.6000,3224.8000,3225.2000,2,2,1,5,1,1,1,1,1,1
SF,IH2106,2020-10-28 09:33:03.600,3223.0000,854,0,33842280.000,0,-,-,-,-,3221.6000,3220.2000,3220.0000,3211.0000,3208.2000,3224.0000,3224.2000,3224.4000,3224.8000,3225.2000,2,2,1,5,1,1,1,1,1,1
SF,IH2106,2020-10-28 09:33:04.100,3223.0000,854,0,33842280.000,0,-,-,-,-,3220.2000,3220.0000,3211.0000,3208.2000,3208.0000,3224.0000,3224.4000,3224.8000,3225.2000,3225.6000,2,1,5,1,1,2,1,1,1,1
SF,IH2106,2020-10-28 09:33:04.600,3223.0000,854,0,33842280.000,0,-,-,-,-,3221.8000,3221.4000,3220.4000,3220.2000,3220.0000,3224.0000,3224.4000,3224.8000,3225.2000,3225.6000,3,1,5,2,1,1,1,1,1,1
SF,IH2106,2020-10-28 09:33:05.100,3223.0000,854,0,33842280.000,0,-,-,-,-,3222.0000,3221.8000,3220.4000,3220.2000,3220.0000,3224.8000,3225.2000,3225.6000,3226.0000,3228.6000,1,3,4,2,1,1,1,1,1,1
SF,IH2106,2020-10-28 09:33:05.600,3223.0000,854,0,33842280.000,0,-,-,-,-,3222.0000,3220.4000,3220.2000,3220.0000,3208.2000,3224.6000,3224.8000,3225.2000,3225.6000,3226.0000,1,4,2,1,1,3,1,1,1,1
SF,IH2106,2020-10-28 09:33:06.100,3223.0000,854,0,33842280.000,0,-,-,-,-,3222.2000,3222.0000,3220.4000,3220.2000,3220.0000,3224.6000,3224.8000,3225.2000,3225.6000,3226.0000,2,1,4,2,1,1,1,1,1,1
SF,IH2106,2020-10-28 09:33:06.600,3223.0000,854,0,33842280.000,0,-,-,-,-,3222.4000,3222.2000,3220.4000,3220.2000,3220.0000,3225.2000,3225.6000,3226.0000,3227.2000,3228.6000,1,1,4,2,1,1,1,1,1,1
SF,IH2106,2020-10-28 09:33:08.600,3223.0000,854,0,33842280.000,0,-,-,-,-,3222.6000,3222.4000,3222.2000,3220.4000,3220.2000,3225.2000,3225.6000,3226.0000,3227.2000,3228.6000,1,1,1,4,2,1,1,1,1,1
SF,IH2106,2020-10-28 09:33:09.100,3223.0000,854,0,33842280.000,0,-,-,-,-,3222.8000,3222.6000,3222.2000,3220.4000,3220.2000,3225.0000,3225.2000,3225.6000,3226.0000,3227.2000,1,2,1,4,2,1,1,1,1,1
SF,IH2106,2020-10-28 09:33:09.600,3223.0000,854,0,33842280.000,0,-,-,-,-,3222.8000,3222.6000,3222.2000,3220.4000,3220.2000,3226.0000,3227.2000,3228.6000,3230.0000,3233.0000,1,2,1,4,2,1,1,1,2,2
SF,IH2106,2020-10-28 09:33:10.100,3223.0000,854,0,33842280.000,0,-,-,-,-,3223.2000,3223.0000,3222.8000,3222.6000,3222.2000,3226.0000,3227.2000,3228.6000,3230.0000,3233.0000,1,2,1,1,1,1,1,1,2,2
SF,IH2106,2020-10-28 09:33:10.600,3223.0000,854,0,33842280.000,0,-,-,-,-,3223.4000,3223.2000,3223.0000,3222.6000,3222.2000,3226.0000,3227.2000,3228.6000,3230.0000,3233.0000,1,1,2,1,1,1,1,1,2,2
SF,IH2106,2020-10-28 09:33:11.100,3223.0000,854,0,33842280.000,0,-,-,-,-,3223.4000,3223.0000,3222.2000,3220.4000,3220.2000,3225.8000,3226.0000,3227.2000,3228.6000,3230.0000,1,1,1,3,2,1,1,1,1,2
SF,IH2106,2020-10-28 09:33:11.600,3223.0000,854,0,33842280.000,0,-,-,-,-,3223.4000,3223.0000,3222.2000,3220.4000,3220.2000,3225.8000,3226.0000,3227.2000,3228.6000,3230.0000,1,1,1,3,2,2,1,1,1,2
SF,IH2106,2020-10-28 09:33:12.100,3223.0000,854,0,33842280.000,0,-,-,-,-,3223.4000,3223.0000,3222.2000,3220.0000,3208.2000,3225.6000,3225.8000,3226.0000,3227.2000,3228.6000,1,1,1,1,1,1,2,1,1,1
SF,IH2106,2020-10-28 09:33:12.600,3223.0000,854,0,33842280.000,0,-,-,-,-,3223.4000,3223.0000,3222.2000,3220.0000,3208.2000,3225.8000,3226.0000,3227.2000,3228.6000,3230.0000,1,1,1,1,1,2,1,1,1,2
SF,IH2106,2020-10-28 09:33:13.100,3223.0000,854,0,33842280.000,0,-,-,-,-,3223.6000,3223.4000,3223.0000,3222.2000,3220.0000,3225.4000,3225.8000,3226.0000,3227.2000,3228.6000,1,1,1,1,1,1,1,1,1,1
SF,IH2106,2020-10-28 09:33:13.600,3225.4000,853,-1,34809900.000,1,0,1,双平,S,3223.8000,3222.2000,3220.0000,3208.2000,3208.0000,3226.0000,3227.2000,3228.6000,3230.0000,3233.0000,1,1,1,1,1,1,1,1,2,2
SF,IH2106,2020-10-28 09:33:14.600,3225.4000,853,0,34809900.000,0,-,-,-,-,3224.0000,3223.8000,3222.2000,3220.0000,3208.2000,3226.0000,3227.2000,3228.6000,3230.0000,3233.0000,1,1,1,1,1,1,1,1,2,2
SF,IH2106,2020-10-28 09:33:15.100,3226.0000,852,-1,35777700.000,1,0,1,双平,S,3224.2000,3224.0000,3222.2000,3220.0000,3208.2000,3227.2000,3228.6000,3230.0000,3233.0000,3233.8000,1,1,1,1,1,1,1,2,2,5
SF,IH2106,2020-10-28 09:33:15.600,3226.0000,852,0,35777700.000,0,-,-,-,-,3224.4000,3224.2000,3224.0000,3222.2000,3220.0000,3227.0000,3227.2000,3228.6000,3230.0000,3233.0000,1,1,1,1,1,1,1,1,2,2
SF,IH2106,2020-10-28 09:33:16.100,3226.0000,852,0,35777700.000,0,-,-,-,-,3224.6000,3224.4000,3224.0000,3222.2000,3220.0000,3227.0000,3227.2000,3228.6000,3230.0000,3233.0000,1,1,1,1,1,1,1,1,2,2
SF,IH2106,2020-10-28 09:33:16.600,3226.0000,852,0,35777700.000,0,-,-,-,-,3224.6000,3224.4000,3224.0000,3222.2000,3220.0000,3226.8000,3227.0000,3227.2000,3228.6000,3230.0000,1,1,1,1,1,1,1,1,1,2
SF,IH2106,2020-10-28 09:33:17.100,3226.0000,852,0,35777700.000,0,-,-,-,-,3224.6000,3224.0000,3222.2000,3220.0000,3208.2000,3227.0000,3227.2000,3228.6000,3230.0000,3233.0000,1,1,1,1,1,1,1,1,2,2
SF,IH2106,2020-10-28 09:33:18.100,3226.0000,852,0,35777700.000,0,-,-,-,-,3224.8000,3224.6000,3224.0000,3222.2000,3220.0000,3227.0000,3227.2000,3228.6000,3230.0000,3233.0000,1,1,1,1,1,1,1,1,2,2
SF,IH2106,2020-10-28 09:33:18.600,3226.0000,852,0,35777700.000,0,-,-,-,-,3224.6000,3224.0000,3222.2000,3220.0000,3208.2000,3227.0000,3227.2000,3228.6000,3230.0000,3233.0000,1,1,1,1,1,1,1,1,2,2
SF,IH2106,2020-10-28 09:33:20.100,3226.0000,852,0,35777700.000,0,-,-,-,-,3224.6000,3224.0000,3222.2000,3220.0000,3208.2000,3226.8000,3227.0000,3227.2000,3228.6000,3230.0000,1,1,1,1,1,1,1,1,1,2
SF,IH2106,2020-10-28 09:33:20.600,3226.0000,852,0,35777700.000,0,-,-,-,-,3224.8000,3224.6000,3224.0000,3222.2000,3220.0000,3227.2000,3228.6000,3230.0000,3233.0000,3233.8000,3,1,1,1,1,1,1,2,2,5
SF,IH2106,2020-10-28 09:33:21.100,3226.0000,852,0,35777700.000,0,-,-,-,-,3225.0000,3224.0000,3222.2000,3220.0000,3208.2000,3227.2000,3228.6000,3230.0000,3233.0000,3233.8000,1,1,1,1,1,1,1,2,2,5
SF,IH2106,2020-10-28 09:33:21.600,3226.0000,852,0,35777700.000,0,-,-,-,-,3225.0000,3224.0000,3222.2000,3220.0000,3208.2000,3227.2000,3228.6000,3230.0000,3233.0000,3233.8000,1,1,1,1,1,1,1,2,2,5
SF,IH2106,2020-10-28 09:33:22.100,3226.0000,852,0,35777700.000,0,-,-,-,-,3225.0000,3224.0000,3220.0000,3208.2000,3208.0000,3227.2000,3228.6000,3230.0000,3233.0000,3233.8000,1,1,1,1,1,1,1,2,2,5
SF,IH2106,2020-10-28 09:33:22.600,3226.0000,852,0,35777700.000,0,-,-,-,-,3224.0000,3220.0000,3208.2000,3208.0000,3207.2000,3227.0000,3227.2000,3228.6000,3230.0000,3233.0000,1,1,1,1,5,1,1,1,2,2
SF,IH2106,2020-10-28 09:33:23.100,3226.0000,852,0,35777700.000,0,-,-,-,-,3224.2000,3224.0000,3220.0000,3208.2000,3208.0000,3227.0000,3227.2000,3228.6000,3230.0000,3233.0000,2,1,1,1,1,2,1,1,2,2
SF,IH2106,2020-10-28 09:33:23.600,3226.0000,852,0,35777700.000,0,-,-,-,-,3224.2000,3224.0000,3220.0000,3208.2000,3208.0000,3227.0000,3227.2000,3228.6000,3230.0000,3233.0000,2,1,1,1,1,1,1,1,2,2
SF,IH2106,2020-10-28 09:33:24.100,3226.0000,852,0,35777700.000,0,-,-,-,-,3224.2000,3220.0000,3208.2000,3208.0000,3207.2000,3226.8000,3227.0000,3227.2000,3228.6000,3230.0000,1,1,1,1,5,1,1,1,1,2
SF,IH2106,2020-10-28 09:33:24.600,3226.0000,852,0,35777700.000,0,-,-,-,-,3224.2000,3220.0000,3208.2000,3208.0000,3207.2000,3226.6000,3226.8000,3227.2000,3228.6000,3230.0000,1,1,1,1,5,1,2,1,1,2
SF,IH2106,2020-10-28 09:33:25.100,3226.0000,852,0,35777700.000,0,-,-,-,-,3220.0000,3208.2000,3208.0000,3207.2000,3202.6000,3226.6000,3226.8000,3227.2000,3228.6000,3230.0000,1,1,1,5,1,1,1,1,1,2
SF,IH2106,2020-10-28 09:33:25.600,3226.0000,852,0,35777700.000,0,-,-,-,-,3221.4000,3220.2000,3220.0000,3208.2000,3208.0000,3226.6000,3226.8000,3227.2000,3228.6000,3230.0000,1,5,1,1,1,1,1,1,1,2
SF,IH2106,2020-10-28 09:33:26.100,3226.0000,852,0,35777700.000,0,-,-,-,-,3222.0000,3221.6000,3221.4000,3220.2000,3220.0000,3226.6000,3227.2000,3228.6000,3230.0000,3233.0000,1,2,1,3,1,1,1,1,2,2
SF,IH2106,2020-10-28 09:33:26.600,3226.0000,852,0,35777700.000,0,-,-,-,-,3222.2000,3222.0000,3221.4000,3220.2000,3220.0000,3226.6000,3227.2000,3228.6000,3230.0000,3233.0000,2,1,1,3,1,1,1,1,2,2
SF,IH2106,2020-10-28 09:33:27.100,3226.0000,852,0,35777700.000,0,-,-,-,-,3222.6000,3222.4000,3222.2000,3221.4000,3220.0000,3226.4000,3226.6000,3227.2000,3228.6000,3230.0000,1,2,2,1,1,1,1,1,1,2
SF,IH2106,2020-10-28 09:33:27.600,3226.0000,852,0,35777700.000,0,-,-,-,-,3222.8000,3222.6000,3222.4000,3221.4000,3220.0000,3226.2000,3227.2000,3228.6000,3230.0000,3233.0000,3,1,2,1,1,1,1,1,2,2
SF,IH2106,2020-10-28 09:33:28.100,3226.0000,852,0,35777700.000,0,-,-,-,-,3222.8000,3222.6000,3222.4000,3221.4000,3220.0000,3227.2000,3228.6000,3230.0000,3233.0000,3233.8000,3,1,2,1,1,1,1,2,2,5
SF,IH2106,2020-10-28 09:33:28.600,3226.0000,852,0,35777700.000,0,-,-,-,-,3223.0000,3222.8000,3222.6000,3222.4000,3221.4000,3227.0000,3227.2000,3228.6000,3230.0000,3233.0000,1,3,1,2,1,2,1,1,2,2
SF,IH2106,2020-10-28 09:33:29.100,3226.0000,852,0,35777700.000,0,-,-,-,-,3223.2000,3223.0000,3222.8000,3222.4000,3221.4000,3227.0000,3227.2000,3228.6000,3230.0000,3233.0000,3,1,1,2,1,2,1,1,2,2
SF,IH2106,2020-10-28 09:33:29.600,3226.0000,852,0,35777700.000,0,-,-,-,-,3223.2000,3223.0000,3222.8000,3222.4000,3221.4000,3227.0000,3227.2000,3228.6000,3230.0000,3233.0000,4,1,1,1,1,2,1,1,2,2
SF,IH2106,2020-10-28 09:33:30.100,3226.0000,852,0,35777700.000,0,-,-,-,-,3223.6000,3223.2000,3222.8000,3222.4000,3221.4000,3227.0000,3227.2000,3228.6000,3230.0000,3233.0000,1,4,1,1,1,2,1,1,2,2
SF,IH2106,2020-10-28 09:33:30.600,3226.0000,852,0,35777700.000,0,-,-,-,-,3223.8000,3223.6000,3223.2000,3222.8000,3222.4000,3227.0000,3227.2000,3228.6000,3230.0000,3233.0000,2,1,2,1,1,1,1,1,2,2
SF,IH2106,2020-10-28 09:33:31.100,3226.0000,852,0,35777700.000,0,-,-,-,-,3223.8000,3223.6000,3223.2000,3222.8000,3222.4000,3226.6000,3226.8000,3227.0000,3227.2000,3228.6000,3,1,1,1,1,1,1,1,1,1
SF,IH2106,2020-10-28 09:33:31.600,3226.0000,852,0,35777700.000,0,-,-,-,-,3224.0000,3223.8000,3223.6000,3223.2000,3222.8000,3226.4000,3227.2000,3228.6000,3230.0000,3233.0000,1,3,1,1,1,1,1,1,2,2
SF,IH2106,2020-10-28 09:33:32.100,3226.0000,852,0,35777700.000,0,-,-,-,-,3224.2000,3223.8000,3223.6000,3223.2000,3222.8000,3226.4000,3227.2000,3228.6000,3230.0000,3233.0000,1,2,1,1,1,2,1,1,2,2
SF,IH2106,2020-10-28 09:33:32.600,3226.0000,852,0,35777700.000,0,-,-,-,-,3224.2000,3224.0000,3223.8000,3223.6000,3223.2000,3226.4000,3227.2000,3228.6000,3230.0000,3233.0000,4,1,2,1,1,1,1,1,2,2
SF,IH2106,2020-10-28 09:33:33.100,3226.0000,852,0,35777700.000,0,-,-,-,-,3224.2000,3223.8000,3223.6000,3223.2000,3222.8000,3226.4000,3227.2000,3228.6000,3230.0000,3233.0000,1,2,1,1,1,1,1,1,2,2
SF,IH2106,2020-10-28 09:33:33.600,3226.0000,852,0,35777700.000,0,-,-,-,-,3224.2000,3223.8000,3223.6000,3223.2000,3222.8000,3226.4000,3227.2000,3228.6000,3230.0000,3233.0000,1,1,1,1,1,1,1,1,2,2
SF,IH2106,2020-10-28 09:33:34.600,3226.0000,852,0,35777700.000,0,-,-,-,-,3224.2000,3223.8000,3223.2000,3222.8000,3222.4000,3226.4000,3227.2000,3228.6000,3230.0000,3233.0000,1,1,1,1,1,1,1,1,2,2
SF,IH2106,2020-10-28 09:33:35.600,3226.0000,852,0,35777700.000,0,-,-,-,-,3224.2000,3223.8000,3223.2000,3222.8000,3222.4000,3226.4000,3227.2000,3228.6000,3230.0000,3233.0000,1,1,1,1,1,1,1,1,2,2
SF,IH2106,2020-10-28 09:33:36.100,3226.0000,852,0,35777700.000,0,-,-,-,-,3224.2000,3223.8000,3223.2000,3222.8000,3222.4000,3227.2000,3228.6000,3230.0000,3233.0000,3233.8000,1,1,1,1,1,1,1,2,2,5
SF,IH2106,2020-10-28 09:33:36.600,3226.0000,852,0,35777700.000,0,-,-,-,-,3224.4000,3224.2000,3223.2000,3222.8000,3222.4000,3227.0000,3227.2000,3228.6000,3230.0000,3233.0000,1,1,1,1,1,1,1,1,2,2
SF,IH2106,2020-10-28 09:33:37.100,3226.0000,852,0,35777700.000,0,-,-,-,-,3224.6000,3224.4000,3223.2000,3222.8000,3222.4000,3227.0000,3227.2000,3228.6000,3230.0000,3233.0000,1,1,1,1,1,2,1,1,2,2
SF,IH2106,2020-10-28 09:33:37.600,3226.0000,852,0,35777700.000,0,-,-,-,-,3224.6000,3224.4000,3223.2000,3222.8000,3222.4000,3227.0000,3227.2000,3228.6000,3230.0000,3233.0000,4,1,1,1,1,1,1,1,2,2
SF,IH2106,2020-10-28 09:33:38.100,3226.0000,852,0,35777700.000,0,-,-,-,-,3224.6000,3224.4000,3223.2000,3222.8000,3222.4000,3227.0000,3227.2000,3228.6000,3230.0000,3233.0000,1,1,1,1,1,1,1,1,2,2
SF,IH2106,2020-10-28 09:33:42.100,3226.0000,852,0,35777700.000,0,-,-,-,-,3224.8000,3224.6000,3224.4000,3223.2000,3222.8000,3227.0000,3227.2000,3228.6000,3230.0000,3233.0000,1,1,1,1,1,1,1,1,2,2
SF,IH2106,2020-10-28 09:33:42.600,3226.0000,852,0,35777700.000,0,-,-,-,-,3225.0000,3224.8000,3224.4000,3223.2000,3220.0000,3227.2000,3228.6000,3230.0000,3233.0000,3233.8000,1,1,1,1,1,1,1,2,2,5
SF,IH2106,2020-10-28 09:33:44.600,3226.0000,852,0,35777700.000,0,-,-,-,-,3225.2000,3225.0000,3224.8000,3224.4000,3223.2000,3227.2000,3228.6000,3230.0000,3233.0000,3233.8000,1,1,1,1,1,1,1,2,2,5
SF,IH2106,2020-10-28 09:33:45.100,3226.0000,852,0,35777700.000,0,-,-,-,-,3225.0000,3224.8000,3224.4000,3220.0000,3208.2000,3227.2000,3228.6000,3230.0000,3233.0000,3233.8000,1,1,1,1,1,1,1,2,2,5
SF,IH2106,2020-10-28 09:33:45.600,3226.0000,852,0,35777700.000,0,-,-,-,-,3225.2000,3225.0000,3224.8000,3224.4000,3220.0000,3227.2000,3228.6000,3230.0000,3233.0000,3233.8000,2,1,1,1,1,1,1,2,2,5
SF,IH2106,2020-10-28 09:33:46.100,3226.0000,852,0,35777700.000,0,-,-,-,-,3225.4000,3224.4000,3220.0000,3208.2000,3208.0000,3227.2000,3228.6000,3230.0000,3233.0000,3233.8000,1,1,1,1,1,1,1,2,2,5
SF,IH2106,2020-10-28 09:33:46.600,3226.0000,852,0,35777700.000,0,-,-,-,-,3224.4000,3220.0000,3208.2000,3208.0000,3207.2000,3227.0000,3227.2000,3228.6000,3230.0000,3233.0000,1,1,1,1,5,1,1,1,2,2
SF,IH2106,2020-10-28 09:33:47.100,3226.0000,852,0,35777700.000,0,-,-,-,-,3224.6000,3224.4000,3223.8000,3220.0000,3208.2000,3227.0000,3227.2000,3228.6000,3230.0000,3233.0000,1,1,1,1,1,1,1,1,2,2
SF,IH2106,2020-10-28 09:33:47.600,3226.0000,852,0,35777700.000,0,-,-,-,-,3224.6000,3224.4000,3223.8000,3220.0000,3208.2000,3227.0000,3227.2000,3228.6000,3230.0000,3233.0000,2,1,1,1,1,1,1,1,2,2
SF,IH2106,2020-10-28 09:33:49.600,3227.2000,850,-2,37713960.000,2,0,2,双平,S,3224.6000,3224.4000,3223.8000,3220.0000,3208.2000,3228.6000,3230.0000,3233.0000,3233.8000,3235.4000,2,1,1,1,1,1,2,2,5,1
SF,IH2106,2020-10-28 09:33:50.100,3227.2000,850,0,37713960.000,0,-,-,-,-,3224.8000,3224.6000,3223.8000,3220.0000,3208.2000,3228.4000,3228.6000,3230.0000,3233.0000,3233.8000,2,2,1,1,1,2,1,2,2,5
SF,IH2106,2020-10-28 09:33:50.600,3227.2000,850,0,37713960.000,0,-,-,-,-,3225.2000,3225.0000,3224.8000,3224.6000,3223.8000,3228.4000,3228.6000,3230.0000,3233.0000,3233.8000,1,2,2,1,1,1,1,2,2,5
SF,IH2106,2020-10-28 09:33:51.100,3227.2000,850,0,37713960.000,0,-,-,-,-,3225.6000,3225.4000,3225.0000,3224.8000,3224.6000,3228.6000,3230.0000,3233.0000,3233.8000,3235.4000,1,4,1,1,1,1,2,2,5,1
SF,IH2106,2020-10-28 09:33:51.600,3227.2000,850,0,37713960.000,0,-,-,-,-,3225.8000,3225.6000,3225.4000,3225.0000,3224.8000,3228.6000,3230.0000,3233.0000,3233.8000,3235.4000,3,1,2,1,1,1,2,2,5,1
SF,IH2106,2020-10-28 09:33:52.100,3227.2000,850,0,37713960.000,0,-,-,-,-,3225.8000,3225.6000,3225.4000,3225.0000,3224.8000,3228.6000,3230.0000,3233.0000,3233.8000,3235.4000,3,2,2,1,1,1,2,2,5,1
SF,IH2106,2020-10-28 09:33:52.600,3227.2000,850,0,37713960.000,0,-,-,-,-,3225.8000,3225.6000,3225.4000,3225.0000,3224.8000,3228.6000,3230.0000,3233.0000,3233.8000,3235.4000,3,1,2,1,1,1,2,2,5,1
SF,IH2106,2020-10-28 09:33:53.100,3227.2000,850,0,37713960.000,0,-,-,-,-,3225.8000,3225.6000,3225.0000,3224.8000,3224.6000,3228.4000,3228.6000,3230.0000,3233.0000,3233.8000,2,1,1,1,1,1,1,2,2,5
SF,IH2106,2020-10-28 09:33:54.100,3227.2000,850,0,37713960.000,0,-,-,-,-,3228.4000,3226.0000,3225.8000,3225.6000,3225.0000,3228.6000,3230.0000,3233.0000,3233.8000,3235.4000,1,1,2,1,1,1,2,2,5,1
SF,IH2106,2020-10-28 09:33:54.600,3228.4000,849,-1,38682480.000,1,0,1,双平,S,3225.8000,3225.6000,3224.8000,3223.8000,3220.0000,3228.6000,3230.0000,3233.0000,3233.8000,3235.4000,2,1,1,1,1,1,2,2,5,1
SF,IH2106,2020-10-28 09:33:55.100,3228.6000,848,-1,39651060.000,1,0,1,双平,S,3226.6000,3226.0000,3225.8000,3225.6000,3224.8000,3230.0000,3233.0000,3233.8000,3235.4000,3246.4000,1,4,2,1,1,2,2,5,1,1
SF,IH2106,2020-10-28 09:33:55.600,3228.6000,848,0,39651060.000,0,-,-,-,-,3226.8000,3226.6000,3226.0000,3225.6000,3223.8000,3230.0000,3233.8000,3235.4000,3246.4000,3255.0000,2,1,3,1,1,2,5,1,1,1
SF,IH2106,2020-10-28 09:33:56.100,3228.6000,848,0,39651060.000,0,-,-,-,-,3226.8000,3226.6000,3226.0000,3225.6000,3223.8000,3229.8000,3230.0000,3233.8000,3235.4000,3246.4000,4,1,3,1,1,1,2,5,1,1
SF,IH2106,2020-10-28 09:33:56.600,3228.6000,848,0,39651060.000,0,-,-,-,-,3226.8000,3226.6000,3226.0000,3225.6000,3223.8000,3230.0000,3233.8000,3235.4000,3246.4000,3255.0000,4,1,3,1,1,2,5,1,1,1
SF,IH2106,2020-10-28 09:33:57.100,3228.6000,848,0,39651060.000,0,-,-,-,-,3226.8000,3226.0000,3225.6000,3223.8000,3220.0000,3229.6000,3230.0000,3233.8000,3235.4000,3246.4000,2,3,1,1,1,2,2,5,1,1
SF,IH2106,2020-10-28 09:33:57.600,3228.6000,848,0,39651060.000,0,-,-,-,-,3226.8000,3226.0000,3225.6000,3223.8000,3220.0000,3229.4000,3229.6000,3230.0000,3233.8000,3235.4000,2,3,1,1,1,1,1,2,5,1
SF,IH2106,2020-10-28 09:33:59.100,3226.8000,847,-1,40619100.000,1,0,1,双平,S,3226.8000,3225.6000,3223.8000,3220.0000,3208.0000,3229.2000,3229.4000,3229.6000,3230.0000,3235.4000,1,1,1,1,1,1,1,1,2,1
SF,IH2106,2020-10-28 09:33:59.600,3226.8000,847,0,40619100.000,0,-,-,-,-,3225.6000,3223.8000,3220.0000,3208.0000,3207.2000,3229.0000,3229.2000,3229.6000,3230.0000,3235.4000,1,1,1,1,5,1,1,1,2,1
SF,IH2106,2020-10-28 09:34:00.100,3226.8000,847,0,40619100.000,0,-,-,-,-,3225.8000,3225.6000,3223.8000,3220.0000,3208.0000,3228.8000,3229.0000,3229.2000,3229.6000,3230.0000,2,1,1,1,1,1,1,1,1,2
SF,IH2106,2020-10-28 09:34:00.600,3226.8000,847,0,40619100.000,0,-,-,-,-,3226.0000,3225.8000,3223.8000,3220.0000,3208.0000,3228.6000,3228.8000,3229.2000,3229.6000,3230.0000,1,5,1,1,1,1,1,1,1,2
SF,IH2106,2020-10-28 09:34:01.100,3226.8000,847,0,40619100.000,0,-,-,-,-,3226.2000,3226.0000,3225.8000,3223.8000,3220.0000,3228.6000,3229.2000,3229.6000,3230.0000,3235.4000,1,1,4,1,1,1,1,1,2,1
SF,IH2106,2020-10-28 09:34:01.600,3226.8000,847,0,40619100.000,0,-,-,-,-,3226.2000,3226.0000,3225.8000,3223.8000,3220.0000,3228.6000,3229.2000,3229.6000,3230.0000,3235.4000,2,1,4,1,1,1,1,1,2,1
SF,IH2106,2020-10-28 09:34:02.100,3226.8000,847,0,40619100.000,0,-,-,-,-,3226.4000,3226.2000,3225.8000,3223.8000,3220.0000,3228.6000,3229.2000,3229.6000,3230.0000,3235.4000,1,1,1,1,1,1,1,1,2,1
SF,IH2106,2020-10-28 09:34:03.100,3226.8000,847,0,40619100.000,0,-,-,-,-,3226.8000,3226.4000,3226.2000,3225.8000,3223.8000,3228.6000,3229.2000,3229.6000,3230.0000,3235.4000,1,1,1,1,1,1,1,1,2,1
SF,IH2106,2020-10-28 09:34:04.100,3226.8000,847,0,40619100.000,0,-,-,-,-,3226.4000,3226.2000,3225.8000,3223.8000,3220.0000,3228.6000,3229.2000,3229.6000,3230.0000,3235.4000,1,1,1,1,1,1,1,1,2,1
SF,IH2106,2020-10-28 09:34:04.600,3226.8000,847,0,40619100.000,0,-,-,-,-,3226.4000,3225.8000,3223.8000,3220.0000,3208.0000,3228.6000,3229.2000,3229.6000,3230.0000,3235.4000,1,1,1,1,1,1,1,1,2,1
SF,IH2106,2020-10-28 09:34:05.100,3226.4000,847,0,41587020.000,1,0,1,多换,S,3226.0000,3225.8000,3223.8000,3220.0000,3208.0000,3228.6000,3229.2000,3229.6000,3230.0000,3235.4000,1,1,1,1,1,1,1,1,2,1
SF,IH2106,2020-10-28 09:34:05.600,3226.4000,847,0,41587020.000,0,-,-,-,-,3225.8000,3223.8000,3220.0000,3208.0000,3207.2000,3228.6000,3229.2000,3229.6000,3230.0000,3235.4000,1,1,1,1,5,1,1,1,2,1
SF,IH2106,2020-10-28 09:34:06.100,3225.8000,847,0,42554760.000,1,0,1,多换,S,3223.8000,3220.0000,3208.0000,3207.2000,3202.6000,3228.4000,3228.6000,3229.2000,3229.6000,3230.0000,1,1,1,5,1,1,1,1,1,2
SF,IH2106,2020-10-28 09:34:06.600,3225.8000,847,0,42554760.000,0,-,-,-,-,3224.0000,3223.8000,3220.0000,3208.0000,3207.2000,3228.2000,3228.4000,3229.2000,3229.6000,3230.0000,1,1,1,1,5,2,1,1,1,2
SF,IH2106,2020-10-28 09:34:07.100,3225.8000,847,0,42554760.000,0,-,-,-,-,3224.0000,3220.0000,3208.0000,3207.2000,3202.6000,3228.0000,3228.2000,3228.4000,3229.2000,3229.6000,1,1,1,5,1,1,2,1,1,1
SF,IH2106,2020-10-28 09:34:07.600,3225.8000,847,0,42554760.000,0,-,-,-,-,3224.0000,3220.0000,3208.0000,3207.2000,3202.6000,3227.8000,3228.0000,3228.4000,3229.2000,3229.6000,1,1,1,5,1,2,1,1,1,1
SF,IH2106,2020-10-28 09:34:08.100,3225.8000,847,0,42554760.000,0,-,-,-,-,3224.2000,3224.0000,3220.0000,3208.0000,3207.2000,3227.8000,3228.0000,3229.2000,3229.6000,3230.0000,1,1,1,1,5,3,1,1,1,2
SF,IH2106,2020-10-28 09:34:08.600,3225.8000,847,0,42554760.000,0,-,-,-,-,3224.6000,3224.4000,3224.2000,3220.0000,3208.0000,3227.4000,3227.8000,3229.2000,3229.6000,3230.0000,1,1,1,1,1,1,3,1,1,2
SF,IH2106,2020-10-28 09:34:09.100,3225.8000,847,0,42554760.000,0,-,-,-,-,3224.8000,3224.2000,3220.0000,3208.0000,3207.2000,3227.2000,3227.4000,3229.2000,3229.6000,3230.0000,3,1,1,1,5,1,1,1,1,2
SF,IH2106,2020-10-28 09:34:09.600,3225.8000,847,0,42554760.000,0,-,-,-,-,3224.8000,3224.2000,3220.0000,3208.0000,3207.2000,3227.2000,3229.2000,3229.6000,3230.0000,3235.4000,1,1,1,1,5,1,1,1,2,1
SF,IH2106,2020-10-28 09:34:10.600,3225.8000,847,0,42554760.000,0,-,-,-,-,3224.8000,3224.2000,3220.0000,3208.0000,3207.2000,3227.0000,3227.2000,3229.2000,3229.6000,3230.0000,1,1,1,1,5,1,1,1,1,2
SF,IH2106,2020-10-28 09:34:11.100,3225.8000,847,0,42554760.000,0,-,-,-,-,3224.8000,3224.2000,3220.0000,3208.0000,3207.2000,3227.2000,3229.2000,3229.6000,3230.0000,3235.4000,1,1,1,1,5,1,1,1,2,1
SF,IH2106,2020-10-28 09:34:13.600,3225.8000,847,0,42554760.000,0,-,-,-,-,3225.8000,3225.0000,3224.8000,3224.2000,3220.0000,3227.2000,3229.2000,3229.6000,3230.0000,3235.4000,1,2,1,1,1,1,1,1,2,1
SF,IH2106,2020-10-28 09:34:14.100,3225.8000,847,0,42554760.000,0,-,-,-,-,3225.8000,3225.0000,3224.8000,3224.2000,3220.0000,3227.2000,3229.2000,3229.6000,3230.0000,3235.4000,1,1,1,1,1,1,1,1,2,1
SF,IH2106,2020-10-28 09:34:14.600,3227.2000,846,-1,43522920.000,1,0,1,双平,S,3226.0000,3225.8000,3225.0000,3224.2000,3220.0000,3230.0000,3235.4000,3237.6000,3246.4000,3255.0000,1,1,1,1,1,2,1,5,1,1
SF,IH2106,2020-10-28 09:34:15.100,3227.2000,846,0,43522920.000,0,-,-,-,-,3226.2000,3226.0000,3225.8000,3225.0000,3224.2000,3229.6000,3229.8000,3230.0000,3235.4000,3237.6000,1,1,1,1,1,1,2,2,1,5
SF,IH2106,2020-10-28 09:34:15.600,3227.2000,846,0,43522920.000,0,-,-,-,-,3226.4000,3226.2000,3225.8000,3225.0000,3224.2000,3229.4000,3229.6000,3229.8000,3230.0000,3235.4000,1,1,1,1,1,2,1,1,2,1
SF,IH2106,2020-10-28 09:34:16.100,3227.2000,846,0,43522920.000,0,-,-,-,-,3226.6000,3226.4000,3225.8000,3225.0000,3224.2000,3229.4000,3229.6000,3229.8000,3230.0000,3235.4000,1,1,1,1,1,2,1,1,2,1
SF,IH2106,2020-10-28 09:34:16.600,3227.2000,846,0,43522920.000,0,-,-,-,-,3226.4000,3225.8000,3225.0000,3224.2000,3220.0000,3229.0000,3229.2000,3229.4000,3229.8000,3230.0000,1,1,1,1,1,1,1,2,1,2
SF,IH2106,2020-10-28 09:34:17.100,3227.2000,846,0,43522920.000,0,-,-,-,-,3226.4000,3225.8000,3225.0000,3224.2000,3220.0000,3228.8000,3229.0000,3229.2000,3229.4000,3229.8000,1,1,1,1,1,2,1,1,1,1
SF,IH2106,2020-10-28 09:34:17.600,3227.2000,846,0,43522920.000,0,-,-,-,-,3226.4000,3225.8000,3224.2000,3220.0000,3208.0000,3228.8000,3229.4000,3229.8000,3230.0000,3235.4000,1,1,1,1,1,2,1,1,2,1
SF,IH2106,2020-10-28 09:34:21.600,3227.2000,846,0,43522920.000,0,-,-,-,-,3226.4000,3225.8000,3224.2000,3220.0000,3208.0000,3228.6000,3228.8000,3229.4000,3229.8000,3230.0000,1,1,1,1,1,1,2,1,1,2
SF,IH2106,2020-10-28 09:34:22.100,3227.2000,846,0,43522920.000,0,-,-,-,-,3225.8000,3224.2000,3220.0000,3208.0000,3207.2000,3228.4000,3228.6000,3228.8000,3229.4000,3229.8000,1,1,1,1,5,2,1,1,1,1
SF,IH2106,2020-10-28 09:34:23.100,3227.2000,846,0,43522920.000,0,-,-,-,-,3225.8000,3224.2000,3220.0000,3208.0000,3207.2000,3228.2000,3228.4000,3228.8000,3229.4000,3229.8000,1,1,1,1,5,1,2,1,1,1
SF,IH2106,2020-10-28 09:34:23.600,3227.2000,846,0,43522920.000,0,-,-,-,-,3225.8000,3224.2000,3220.0000,3208.0000,3207.2000,3228.0000,3228.2000,3228.4000,3228.8000,3229.4000,1,1,1,1,5,2,1,1,1,1
SF,IH2106,2020-10-28 09:34:24.600,3227.2000,846,0,43522920.000,0,-,-,-,-,3225.8000,3224.2000,3220.0000,3208.0000,3207.2000,3227.8000,3228.0000,3228.4000,3228.8000,3229.4000,1,1,1,1,5,1,2,1,1,1
SF,IH2106,2020-10-28 09:34:25.100,3227.2000,846,0,43522920.000,0,-,-,-,-,3226.0000,3225.8000,3224.2000,3220.0000,3208.0000,3227.6000,3227.8000,3228.0000,3228.4000,3228.8000,1,1,1,1,1,1,1,2,1,1
SF,IH2106,2020-10-28 09:34:25.600,3227.2000,846,0,43522920.000,0,-,-,-,-,3226.0000,3225.8000,3224.2000,3220.0000,3208.0000,3227.6000,3227.8000,3228.0000,3228.4000,3228.8000,1,1,1,1,1,1,1,1,1,1
SF,IH2106,2020-10-28 09:34:26.100,3227.2000,846,0,43522920.000,0,-,-,-,-,3226.0000,3225.8000,3224.2000,3220.0000,3208.0000,3228.4000,3228.8000,3229.4000,3230.0000,3237.6000,1,1,1,1,1,1,1,1,2,5
SF,IH2106,2020-10-28 09:34:26.600,3227.2000,846,0,43522920.000,0,-,-,-,-,3226.0000,3225.8000,3224.2000,3220.0000,3208.0000,3228.2000,3228.4000,3228.8000,3229.4000,3230.0000,1,1,1,1,1,1,1,1,1,2
SF,IH2106,2020-10-28 09:34:27.600,3227.2000,846,0,43522920.000,0,-,-,-,-,3226.0000,3225.8000,3224.2000,3220.0000,3208.0000,3228.0000,3228.2000,3228.4000,3228.8000,3229.4000,1,1,1,1,1,1,1,1,1,1
SF,IH2106,2020-10-28 09:34:29.100,3227.2000,846,0,43522920.000,0,-,-,-,-,3226.0000,3225.8000,3224.2000,3220.0000,3208.0000,3228.2000,3228.4000,3228.8000,3229.4000,3230.0000,1,1,1,1,1,1,1,1,1,2
SF,IH2106,2020-10-28 09:34:30.100,3227.2000,846,0,43522920.000,0,-,-,-,-,3226.0000,3225.8000,3224.2000,3220.0000,3208.0000,3229.4000,3230.0000,3237.6000,3246.4000,3255.0000,1,1,1,1,1,1,2,5,1,1
SF,IH2106,2020-10-28 09:34:30.600,3227.2000,846,0,43522920.000,0,-,-,-,-,3226.0000,3225.8000,3224.2000,3220.0000,3208.0000,3229.2000,3229.4000,3230.0000,3237.6000,3246.4000,1,1,1,1,1,3,1,2,5,1
SF,IH2106,2020-10-28 09:34:31.100,3227.2000,846,0,43522920.000,0,-,-,-,-,3226.4000,3226.0000,3225.8000,3224.2000,3220.0000,3228.8000,3229.2000,3229.4000,3230.0000,3237.6000,1,1,1,1,1,1,2,1,2,5
SF,IH2106,2020-10-28 09:34:31.600,3227.2000,846,0,43522920.000,0,-,-,-,-,3226.6000,3225.8000,3220.0000,3208.0000,3207.2000,3228.8000,3229.2000,3229.4000,3230.0000,3237.6000,1,1,1,1,5,1,2,1,2,5
SF,IH2106,2020-10-28 09:34:32.600,3227.2000,846,0,43522920.000,0,-,-,-,-,3226.6000,3225.8000,3220.0000,3208.0000,3207.2000,3228.6000,3228.8000,3229.2000,3229.4000,3230.0000,1,1,1,1,5,1,1,2,1,2
SF,IH2106,2020-10-28 09:34:33.100,3227.2000,846,0,43522920.000,0,-,-,-,-,3226.6000,3225.8000,3220.0000,3208.0000,3207.2000,3228.8000,3229.2000,3229.4000,3230.0000,3237.6000,1,1,1,1,5,1,2,1,2,5
SF,IH2106,2020-10-28 09:34:33.600,3227.2000,846,0,43522920.000,0,-,-,-,-,3226.6000,3225.8000,3220.0000,3208.0000,3207.2000,3228.4000,3228.6000,3229.2000,3229.4000,3230.0000,1,1,1,1,5,1,1,2,1,2
SF,IH2106,2020-10-28 09:34:34.100,3227.2000,846,0,43522920.000,0,-,-,-,-,3226.6000,3225.8000,3220.0000,3208.0000,3207.2000,3228.4000,3228.6000,3229.2000,3229.4000,3230.0000,1,1,1,1,5,1,2,2,1,2
SF,IH2106,2020-10-28 09:34:36.100,3227.2000,846,0,43522920.000,0,-,-,-,-,3226.6000,3225.8000,3220.0000,3208.0000,3207.2000,3228.4000,3228.6000,3229.2000,3229.4000,3230.0000,1,1,1,1,5,1,1,2,1,2
SF,IH2106,2020-10-28 09:34:37.600,3227.2000,846,0,43522920.000,0,-,-,-,-,3226.6000,3225.8000,3220.0000,3208.0000,3207.2000,3228.2000,3228.4000,3228.6000,3229.2000,3229.4000,1,1,1,1,5,1,1,1,2,1
SF,IH2106,2020-10-28 09:34:38.100,3227.2000,846,0,43522920.000,0,-,-,-,-,3226.6000,3225.8000,3220.0000,3208.0000,3207.2000,3228.4000,3228.6000,3229.2000,3229.4000,3230.0000,1,1,1,1,5,1,1,2,1,2
SF,IH2106,2020-10-28 09:34:39.100,3227.2000,846,0,43522920.000,0,-,-,-,-,3226.6000,3225.8000,3220.0000,3208.0000,3207.2000,3228.2000,3228.4000,3228.6000,3229.2000,3229.4000,1,1,1,1,5,1,1,1,2,1
SF,IH2106,2020-10-28 09:34:40.100,3227.2000,846,0,43522920.000,0,-,-,-,-,3226.6000,3225.8000,3220.0000,3208.0000,3207.2000,3228.4000,3228.6000,3229.2000,3229.4000,3230.0000,1,1,1,1,5,1,1,2,1,2
SF,IH2106,2020-10-28 09:34:40.600,3227.2000,846,0,43522920.000,0,-,-,-,-,3226.6000,3225.8000,3220.0000,3208.0000,3207.2000,3228.4000,3229.2000,3229.4000,3230.0000,3237.6000,1,1,1,1,5,1,2,1,2,5
SF,IH2106,2020-10-28 09:34:41.100,3227.2000,846,0,43522920.000,0,-,-,-,-,3226.6000,3225.8000,3220.0000,3208.0000,3207.2000,3228.2000,3229.2000,3229.4000,3230.0000,3237.6000,1,1,1,1,5,1,2,1,2,5
SF,IH2106,2020-10-28 09:34:41.600,3227.2000,846,0,43522920.000,0,-,-,-,-,3226.6000,3225.8000,3220.0000,3208.0000,3207.2000,3229.2000,3229.4000,3230.0000,3237.6000,3246.4000,1,1,1,1,5,2,1,2,5,1
SF,IH2106,2020-10-28 09:34:42.100,3227.2000,846,0,43522920.000,0,-,-,-,-,3226.6000,3225.8000,3220.0000,3208.0000,3207.2000,3229.0000,3229.2000,3229.4000,3230.0000,3237.6000,1,1,1,1,5,2,2,1,2,5
SF,IH2106,2020-10-28 09:34:44.600,3227.2000,846,0,43522920.000,0,-,-,-,-,3226.6000,3225.8000,3220.0000,3208.0000,3207.2000,3228.6000,3229.0000,3229.2000,3229.4000,3230.0000,1,1,1,1,5,1,2,2,1,2
SF,IH2106,2020-10-28 09:34:45.100,3227.2000,846,0,43522920.000,0,-,-,-,-,3225.8000,3220.0000,3208.0000,3207.2000,3202.6000,3228.4000,3228.6000,3229.0000,3229.2000,3229.4000,1,1,1,5,1,2,1,1,2,1
SF,IH2106,2020-10-28 09:34:48.100,3227.2000,846,0,43522920.000,0,-,-,-,-,3225.8000,3220.0000,3208.0000,3207.2000,3202.6000,3228.2000,3228.4000,3229.0000,3229.2000,3229.4000,1,1,1,5,1,1,2,1,2,1
SF,IH2106,2020-10-28 09:34:48.600,3227.2000,846,0,43522920.000,0,-,-,-,-,3225.8000,3220.0000,3208.0000,3207.2000,3202.6000,3228.0000,3228.2000,3228.4000,3229.0000,3229.2000,1,1,1,5,1,1,1,1,1,2
SF,IH2106,2020-10-28 09:34:49.100,3227.2000,846,0,43522920.000,0,-,-,-,-,3226.0000,3225.8000,3220.0000,3208.0000,3207.2000,3228.0000,3228.2000,3228.4000,3229.0000,3229.2000,1,1,1,1,5,1,1,1,1,2
SF,IH2106,2020-10-28 09:34:49.600,3228.2000,846,0,44491380.000,1,0,1,多换,S,3226.0000,3225.8000,3220.0000,3208.0000,3207.2000,3228.4000,3229.0000,3229.2000,3229.4000,3230.0000,1,1,1,1,5,1,1,2,1,2
SF,IH2106,2020-10-28 09:34:53.600,3228.2000,846,0,44491380.000,0,-,-,-,-,3226.0000,3225.8000,3220.0000,3208.0000,3207.2000,3229.0000,3229.2000,3229.4000,3230.0000,3237.6000,1,1,1,1,5,1,2,1,2,5
SF,IH2106,2020-10-28 09:34:54.100,3228.2000,846,0,44491380.000,0,-,-,-,-,3226.0000,3225.8000,3220.0000,3208.0000,3207.2000,3228.8000,3229.0000,3229.2000,3229.4000,3230.0000,1,1,1,1,5,1,1,1,1,2
SF,IH2106,2020-10-28 09:34:56.100,3228.2000,846,0,44491380.000,0,-,-,-,-,3226.0000,3225.8000,3220.0000,3208.0000,3207.2000,3228.6000,3228.8000,3229.0000,3229.2000,3229.4000,1,1,1,1,5,2,1,1,1,1
SF,IH2106,2020-10-28 09:35:07.600,3226.0000,845,-1,45459180.000,1,0,1,双平,S,3225.8000,3220.0000,3208.0000,3207.2000,3202.6000,3228.6000,3228.8000,3229.0000,3229.2000,3229.4000,1,1,1,5,1,2,1,1,1,1
SF,IH2106,2020-10-28 09:35:08.100,3226.0000,845,0,45459180.000,0,-,-,-,-,3225.8000,3220.0000,3208.0000,3207.2000,3202.6000,3228.4000,3228.6000,3229.0000,3229.2000,3229.4000,1,1,1,5,1,2,1,1,1,1
SF,IH2106,2020-10-28 09:35:10.100,3225.8000,845,0,46426920.000,1,0,1,多换,S,3220.0000,3208.0000,3207.2000,3202.6000,3202.2000,3228.4000,3228.6000,3229.0000,3229.2000,3229.4000,1,1,5,1,1,2,1,1,1,1
SF,IH2106,2020-10-28 09:35:10.600,3225.8000,845,0,46426920.000,0,-,-,-,-,3221.4000,3220.2000,3220.0000,3208.0000,3207.2000,3228.4000,3228.6000,3229.0000,3229.2000,3229.4000,1,4,1,1,5,1,1,1,1,1
SF,IH2106,2020-10-28 09:35:11.100,3225.8000,845,0,46426920.000,0,-,-,-,-,3221.6000,3221.4000,3220.2000,3220.0000,3214.8000,3228.2000,3228.4000,3228.6000,3229.0000,3229.2000,2,1,2,1,5,1,1,1,1,1
SF,IH2106,2020-10-28 09:35:11.600,3225.8000,845,0,46426920.000,0,-,-,-,-,3221.6000,3221.4000,3220.2000,3220.0000,3214.8000,3228.0000,3228.2000,3228.6000,3229.0000,3229.2000,2,1,2,1,5,1,1,1,1,1
SF,IH2106,2020-10-28 09:35:12.100,3225.8000,845,0,46426920.000,0,-,-,-,-,3221.6000,3221.4000,3220.2000,3220.0000,3214.8000,3227.8000,3228.0000,3228.6000,3229.0000,3229.2000,2,1,2,1,5,1,1,1,1,1
SF,IH2106,2020-10-28 09:35:12.600,3225.8000,845,0,46426920.000,0,-,-,-,-,3221.6000,3221.4000,3220.2000,3220.0000,3214.8000,3227.4000,3227.6000,3227.8000,3228.6000,3229.0000,2,1,2,1,5,1,1,2,1,1
SF,IH2106,2020-10-28 09:35:13.100,3225.8000,845,0,46426920.000,0,-,-,-,-,3221.6000,3221.4000,3220.2000,3220.0000,3211.0000,3227.2000,3227.4000,3227.8000,3228.6000,3229.0000,2,1,2,1,5,2,1,1,1,1
SF,IH2106,2020-10-28 09:35:13.600,3225.8000,845,0,46426920.000,0,-,-,-,-,3222.2000,3221.6000,3221.4000,3220.2000,3220.0000,3227.0000,3227.2000,3227.8000,3228.6000,3229.0000,1,2,1,2,1,1,2,1,1,1
SF,IH2106,2020-10-28 09:35:14.100,3225.8000,845,0,46426920.000,0,-,-,-,-,3222.6000,3222.4000,3221.6000,3221.4000,3220.0000,3226.8000,3227.0000,3227.8000,3228.6000,3230.0000,1,2,1,1,1,2,1,1,1,2
SF,IH2106,2020-10-28 09:35:14.600,3225.8000,845,0,46426920.000,0,-,-,-,-,3222.8000,3222.6000,3222.4000,3221.6000,3221.4000,3226.8000,3227.0000,3227.8000,3228.6000,3230.0000,2,1,1,1,1,2,1,1,1,2
SF,IH2106,2020-10-28 09:35:15.100,3225.8000,845,0,46426920.000,0,-,-,-,-,3223.2000,3222.8000,3222.4000,3221.6000,3221.4000,3226.8000,3227.0000,3227.8000,3228.6000,3230.0000,2,1,1,1,1,2,1,1,1,2
SF,IH2106,2020-10-28 09:35:15.600,3225.8000,845,0,46426920.000,0,-,-,-,-,3223.6000,3223.4000,3223.2000,3223.0000,3222.4000,3226.8000,3227.0000,3227.8000,3228.6000,3230.0000,1,1,1,2,1,2,1,1,1,2
SF,IH2106,2020-10-28 09:35:16.100,3225.8000,845,0,46426920.000,0,-,-,-,-,3223.8000,3223.2000,3223.0000,3222.4000,3221.4000,3226.8000,3227.0000,3227.8000,3228.6000,3230.0000,1,1,1,1,1,2,1,1,1,2
SF,IH2106,2020-10-28 09:35:17.100,3225.8000,845,0,46426920.000,0,-,-,-,-,3224.0000,3223.8000,3223.0000,3222.4000,3221.4000,3226.8000,3227.0000,3227.8000,3228.6000,3230.0000,1,1,1,1,1,2,1,1,1,2
SF,IH2106,2020-10-28 09:35:17.600,3225.8000,845,0,46426920.000,0,-,-,-,-,3224.2000,3224.0000,3223.0000,3222.4000,3221.4000,3226.8000,3227.8000,3228.6000,3230.0000,3233.8000,2,2,1,1,1,1,1,1,2,5
SF,IH2106,2020-10-28 09:35:18.100,3225.8000,845,0,46426920.000,0,-,-,-,-,3224.2000,3224.0000,3223.0000,3222.4000,3221.4000,3226.6000,3226.8000,3227.8000,3228.6000,3230.0000,1,1,1,1,1,1,1,1,1,2
SF,IH2106,2020-10-28 09:35:19.100,3226.8000,843,-2,48362940.000,2,0,2,双平,S,3224.2000,3223.0000,3222.4000,3221.4000,3220.0000,3227.8000,3230.0000,3233.8000,3234.0000,3239.6000,1,1,1,1,1,1,2,5,2,2
SF,IH2106,2020-10-28 09:35:19.600,3226.8000,843,0,48362940.000,0,-,-,-,-,3224.6000,3224.4000,3224.2000,3223.0000,3222.4000,3227.8000,3230.0000,3233.8000,3234.0000,3239.6000,1,1,1,1,1,1,2,5,2,2
SF,IH2106,2020-10-28 09:35:20.100,3226.8000,843,0,48362940.000,0,-,-,-,-,3224.8000,3224.6000,3223.0000,3222.4000,3221.4000,3227.8000,3230.0000,3233.8000,3234.0000,3239.6000,2,1,1,1,1,1,2,5,2,2
SF,IH2106,2020-10-28 09:35:20.600,3226.8000,843,0,48362940.000,0,-,-,-,-,3224.8000,3224.6000,3222.4000,3221.4000,3220.0000,3230.0000,3233.8000,3234.0000,3239.6000,3246.4000,2,1,1,1,1,2,5,2,2,1
SF,IH2106,2020-10-28 09:35:21.100,3226.8000,843,0,48362940.000,0,-,-,-,-,3224.8000,3222.4000,3220.0000,3211.0000,3208.0000,3229.4000,3229.8000,3230.0000,3233.8000,3234.0000,2,1,1,5,1,1,1,2,5,2
SF,IH2106,2020-10-28 09:35:21.600,3226.8000,843,0,48362940.000,0,-,-,-,-,3225.2000,3224.8000,3222.4000,3220.0000,3211.0000,3229.2000,3229.4000,3230.0000,3233.8000,3234.0000,1,2,1,1,5,2,1,2,5,2
SF,IH2106,2020-10-28 09:35:22.100,3226.8000,843,0,48362940.000,0,-,-,-,-,3225.4000,3225.2000,3222.4000,3220.0000,3211.0000,3228.6000,3228.8000,3229.2000,3230.0000,3233.8000,2,1,1,1,5,1,1,1,2,5
SF,IH2106,2020-10-28 09:35:22.600,3226.8000,843,0,48362940.000,0,-,-,-,-,3225.4000,3225.2000,3222.4000,3220.0000,3211.0000,3228.4000,3228.6000,3228.8000,3230.0000,3233.8000,2,1,1,1,5,1,1,1,2,5
SF,IH2106,2020-10-28 09:35:23.100,3226.8000,843,0,48362940.000,0,-,-,-,-,3225.4000,3225.2000,3222.4000,3220.0000,3211.0000,3228.4000,3228.6000,3228.8000,3229.0000,3230.0000,2,1,1,1,5,1,1,1,1,2
SF,IH2106,2020-10-28 09:35:23.600,3226.8000,843,0,48362940.000,0,-,-,-,-,3225.4000,3222.4000,3220.0000,3211.0000,3208.0000,3228.6000,3228.8000,3229.0000,3230.0000,3233.8000,2,1,1,5,1,1,1,1,2,5
SF,IH2106,2020-10-28 09:35:24.100,3226.8000,843,0,48362940.000,0,-,-,-,-,3225.4000,3222.4000,3220.0000,3211.0000,3208.0000,3229.0000,3230.0000,3233.8000,3234.0000,3239.6000,2,1,1,5,1,1,2,5,2,2
SF,IH2106,2020-10-28 09:35:24.600,3226.8000,843,0,48362940.000,0,-,-,-,-,3225.4000,3222.4000,3220.0000,3211.0000,3208.0000,3228.8000,3229.0000,3230.0000,3233.8000,3234.0000,2,1,1,5,1,1,1,2,5,2
SF,IH2106,2020-10-28 09:35:25.100,3226.8000,843,0,48362940.000,0,-,-,-,-,3225.4000,3222.4000,3220.0000,3211.0000,3208.0000,3229.0000,3230.0000,3233.8000,3234.0000,3239.6000,2,1,1,5,1,1,2,5,2,2
SF,IH2106,2020-10-28 09:35:25.600,3226.8000,843,0,48362940.000,0,-,-,-,-,3225.8000,3225.6000,3225.4000,3222.4000,3220.0000,3229.0000,3230.0000,3233.8000,3234.0000,3239.6000,1,1,2,1,1,1,2,5,2,2
SF,IH2106,2020-10-28 09:35:26.100,3226.8000,843,0,48362940.000,0,-,-,-,-,3226.2000,3226.0000,3225.6000,3222.4000,3220.0000,3229.0000,3230.0000,3233.8000,3234.0000,3239.6000,1,2,1,1,1,1,2,5,2,2
SF,IH2106,2020-10-28 09:35:26.600,3226.8000,843,0,48362940.000,0,-,-,-,-,3226.4000,3226.2000,3226.0000,3225.6000,3222.4000,3229.0000,3230.0000,3233.8000,3234.0000,3239.6000,1,1,3,1,1,1,2,5,2,2
SF,IH2106,2020-10-28 09:35:27.600,3226.8000,843,0,48362940.000,0,-,-,-,-,3226.4000,3226.2000,3226.0000,3225.6000,3222.4000,3229.0000,3230.0000,3233.8000,3234.0000,3239.6000,1,1,1,1,1,1,2,5,2,2
SF,IH2106,2020-10-28 09:35:28.100,3226.8000,843,0,48362940.000,0,-,-,-,-,3226.4000,3222.4000,3220.0000,3211.0000,3208.0000,3229.0000,3230.0000,3233.8000,3234.0000,3239.6000,1,1,1,5,1,1,2,5,2,2
SF,IH2106,2020-10-28 09:35:28.600,3226.8000,843,0,48362940.000,0,-,-,-,-,3222.4000,3220.0000,3211.0000,3208.0000,3202.6000,3228.8000,3229.0000,3230.0000,3233.8000,3234.0000,1,1,5,1,1,1,1,2,5,2
SF,IH2106,2020-10-28 09:35:29.100,3226.8000,843,0,48362940.000,0,-,-,-,-,3224.0000,3223.0000,3222.6000,3222.4000,3220.0000,3228.6000,3228.8000,3229.0000,3230.0000,3233.8000,1,1,2,1,1,1,1,1,2,5
SF,IH2106,2020-10-28 09:35:29.600,3226.8000,843,0,48362940.000,0,-,-,-,-,3224.2000,3224.0000,3222.6000,3222.4000,3220.0000,3228.6000,3229.0000,3230.0000,3233.8000,3234.0000,4,1,1,1,1,1,1,2,5,2
SF,IH2106,2020-10-28 09:35:30.100,3226.8000,843,0,48362940.000,0,-,-,-,-,3224.6000,3224.2000,3224.0000,3222.6000,3222.4000,3228.6000,3229.0000,3230.0000,3233.8000,3234.0000,1,4,1,1,1,1,1,2,5,2
SF,IH2106,2020-10-28 09:35:30.600,3226.8000,843,0,48362940.000,0,-,-,-,-,3225.0000,3224.8000,3224.2000,3224.0000,3222.6000,3228.6000,3229.0000,3230.0000,3233.8000,3234.0000,1,2,3,1,1,1,1,2,5,2
SF,IH2106,2020-10-28 09:35:31.100,3226.8000,843,0,48362940.000,0,-,-,-,-,3225.2000,3225.0000,3224.8000,3224.2000,3224.0000,3228.6000,3229.0000,3230.0000,3233.8000,3234.0000,1,1,1,3,1,1,1,2,5,2
SF,IH2106,2020-10-28 09:35:31.600,3226.8000,843,0,48362940.000,0,-,-,-,-,3225.2000,3225.0000,3224.8000,3224.2000,3224.0000,3228.6000,3229.0000,3230.0000,3233.8000,3234.0000,2,1,1,3,1,1,1,2,5,2
SF,IH2106,2020-10-28 09:35:32.100,3226.8000,843,0,48362940.000,0,-,-,-,-,3225.2000,3224.8000,3224.2000,3224.0000,3222.6000,3228.4000,3228.6000,3229.0000,3230.0000,3233.8000,1,1,3,1,1,1,1,1,2,5
SF,IH2106,2020-10-28 09:35:32.600,3226.8000,843,0,48362940.000,0,-,-,-,-,3225.2000,3222.6000,3222.4000,3220.0000,3211.0000,3228.0000,3228.2000,3228.4000,3229.0000,3230.0000,1,1,1,1,5,1,1,1,1,2
SF,IH2106,2020-10-28 09:35:33.100,3226.8000,843,0,48362940.000,0,-,-,-,-,3225.2000,3222.6000,3222.4000,3220.0000,3211.0000,3227.8000,3228.2000,3229.0000,3230.0000,3233.8000,1,1,1,1,5,2,1,1,2,5
SF,IH2106,2020-10-28 09:35:34.600,3226.8000,843,0,48362940.000,0,-,-,-,-,3225.2000,3222.6000,3222.4000,3220.0000,3211.0000,3227.8000,3228.2000,3229.0000,3230.0000,3233.8000,1,1,1,1,5,1,1,1,2,5
SF,IH2106,2020-10-28 09:35:35.100,3226.8000,843,0,48362940.000,0,-,-,-,-,3225.2000,3222.6000,3222.4000,3220.0000,3211.0000,3228.2000,3229.0000,3230.0000,3233.8000,3234.0000,1,1,1,1,5,1,1,2,5,2
SF,IH2106,2020-10-28 09:35:35.600,3226.8000,843,0,48362940.000,0,-,-,-,-,3225.4000,3225.2000,3222.6000,3222.4000,3220.0000,3228.0000,3229.0000,3230.0000,3233.8000,3234.0000,1,1,1,1,1,1,1,2,5,2
SF,IH2106,2020-10-28 09:35:36.100,3226.8000,843,0,48362940.000,0,-,-,-,-,3225.6000,3225.4000,3222.6000,3222.4000,3220.0000,3228.0000,3229.0000,3230.0000,3233.8000,3234.0000,1,1,1,1,1,1,1,2,5,2
SF,IH2106,2020-10-28 09:35:36.600,3226.8000,843,0,48362940.000,0,-,-,-,-,3225.6000,3222.6000,3222.4000,3220.0000,3211.0000,3228.0000,3229.0000,3230.0000,3233.8000,3234.0000,1,1,1,1,5,1,1,2,5,2
SF,IH2106,2020-10-28 09:35:45.100,3225.6000,842,-1,49330620.000,1,0,1,双平,S,3222.6000,3222.4000,3220.0000,3211.0000,3208.0000,3228.0000,3229.0000,3230.0000,3233.8000,3234.0000,1,1,1,5,1,1,1,2,5,2
SF,IH2106,2020-10-28 09:35:45.600,3225.6000,842,0,49330620.000,0,-,-,-,-,3222.8000,3222.6000,3222.4000,3220.0000,3211.0000,3227.8000,3228.0000,3229.0000,3230.0000,3233.8000,2,1,1,1,5,1,1,1,2,5
SF,IH2106,2020-10-28 09:35:46.100,3225.6000,842,0,49330620.000,0,-,-,-,-,3222.8000,3222.6000,3222.4000,3220.0000,3211.0000,3227.6000,3227.8000,3229.0000,3230.0000,3233.8000,2,1,1,1,5,1,1,1,2,5
SF,IH2106,2020-10-28 09:35:46.600,3225.6000,842,0,49330620.000,0,-,-,-,-,3224.0000,3223.2000,3222.8000,3222.6000,3222.4000,3227.4000,3227.6000,3229.0000,3230.0000,3233.8000,1,1,2,1,1,1,1,1,2,5
SF,IH2106,2020-10-28 09:35:47.100,3225.6000,842,0,49330620.000,0,-,-,-,-,3224.2000,3222.8000,3222.6000,3222.4000,3220.0000,3227.2000,3227.4000,3229.0000,3230.0000,3233.8000,2,1,1,1,1,1,1,1,2,5
SF,IH2106,2020-10-28 09:35:47.600,3225.6000,842,0,49330620.000,0,-,-,-,-,3224.2000,3222.8000,3222.6000,3222.4000,3220.0000,3227.0000,3227.2000,3229.0000,3230.0000,3233.8000,1,1,1,1,1,1,1,1,2,5
SF,IH2106,2020-10-28 09:35:48.100,3225.6000,842,0,49330620.000,0,-,-,-,-,3224.2000,3222.8000,3222.6000,3222.4000,3220.0000,3226.8000,3227.0000,3229.0000,3230.0000,3233.8000,1,1,1,1,1,1,1,1,2,5
SF,IH2106,2020-10-28 09:35:48.600,3225.6000,842,0,49330620.000,0,-,-,-,-,3224.4000,3224.2000,3222.8000,3222.6000,3222.4000,3226.8000,3227.0000,3229.0000,3230.0000,3233.8000,1,1,1,1,1,1,1,1,2,5
SF,IH2106,2020-10-28 09:35:49.100,3227.0000,841,-1,51266760.000,2,0,2,多平,S,3224.6000,3224.4000,3222.8000,3222.6000,3222.4000,3229.0000,3230.0000,3233.8000,3234.0000,3239.6000,1,1,1,1,1,1,2,5,2,2
SF,IH2106,2020-10-28 09:35:49.600,3227.0000,841,0,51266760.000,0,-,-,-,-,3225.0000,3224.8000,3224.6000,3224.4000,3222.8000,3228.8000,3229.0000,3230.0000,3233.8000,3234.0000,1,1,1,1,1,1,1,2,5,2
SF,IH2106,2020-10-28 09:35:50.100,3227.0000,841,0,51266760.000,0,-,-,-,-,3225.2000,3225.0000,3224.4000,3222.8000,3222.6000,3228.8000,3229.0000,3230.0000,3233.8000,3234.0000,2,1,1,1,1,1,1,2,5,2
SF,IH2106,2020-10-28 09:35:50.600,3227.0000,841,0,51266760.000,0,-,-,-,-,3225.2000,3225.0000,3222.8000,3222.6000,3222.4000,3229.0000,3230.0000,3233.8000,3234.0000,3239.6000,2,1,1,1,1,1,2,5,2,2
SF,IH2106,2020-10-28 09:35:51.100,3227.0000,841,0,51266760.000,0,-,-,-,-,3225.6000,3225.2000,3222.8000,3222.6000,3222.4000,3228.8000,3229.0000,3230.0000,3233.8000,3234.0000,1,2,1,1,1,1,1,2,5,2
SF,IH2106,2020-10-28 09:35:51.600,3227.0000,841,0,51266760.000,0,-,-,-,-,3225.8000,3222.8000,3222.6000,3222.4000,3220.0000,3228.4000,3228.8000,3229.0000,3230.0000,3233.8000,2,1,1,1,1,1,1,1,2,5
SF,IH2106,2020-10-28 09:35:52.100,3227.0000,841,0,51266760.000,0,-,-,-,-,3225.8000,3222.8000,3222.6000,3222.4000,3220.0000,3228.2000,3228.4000,3229.0000,3230.0000,3233.8000,2,1,1,1,1,1,1,1,2,5
