市场代码,合约代码,时间,最新,持仓,增仓,成交额,成交量,开仓,平仓,成交类型,方向,买一价,买二价,买三价,买四价,买五价,卖一价,卖二价,卖三价,卖四价,卖五价,买一量,买二量,买三量,买四量,买五量,卖一量,卖二量,卖三量,卖四量,卖五量
SF,IH2103,2020-09-07 09:29:00.400,3244.0000,4578,0,3892800.000,4.000,-,-,-,-,3242.8000,3241.6000,3241.4000,3240.6000,3240.2000,3259.6000,3260.4000,3261.6000,3263.0000,3263.6000,4,1,1,1,2,1,1,1,1,4
SF,IH2103,2020-09-07 09:30:00.400,3244.0000,4578,0,3892800.000,0,-,-,-,-,3245.2000,3244.2000,3244.0000,3241.6000,3241.4000,3259.6000,3260.4000,3261.2000,3261.6000,3263.0000,1,1,2,1,1,1,1,1,1,1
SF,IH2103,2020-09-07 09:30:00.900,3244.0000,4577,-1,4866000.000,1,0,1,双平,S,3245.4000,3245.2000,3244.2000,3244.0000,3240.2000,3259.4000,3259.6000,3261.2000,3263.0000,3268.4000,2,1,1,1,2,4,1,1,1,1
SF,IH2103,2020-09-07 09:30:01.400,3244.0000,4577,0,4866000.000,0,-,-,-,-,3245.6000,3245.4000,3245.2000,3244.2000,3244.0000,3253.4000,3259.4000,3259.6000,3261.2000,3263.0000,1,2,1,1,1,2,4,1,1,1
SF,IH2103,2020-09-07 09:30:01.900,3244.0000,4577,0,4866000.000,0,-,-,-,-,3245.6000,3245.4000,3245.2000,3244.2000,3244.0000,3253.2000,3259.6000,3261.2000,3263.0000,3268.4000,1,2,1,1,1,2,1,1,1,1
SF,IH2103,2020-09-07 09:30:02.400,3244.0000,4577,0,4866000.000,0,-,-,-,-,3246.0000,3245.6000,3245.4000,3245.2000,3244.2000,3253.2000,3256.4000,3259.6000,3261.2000,3263.0000,1,1,2,1,1,2,1,1,1,1
SF,IH2103,2020-09-07 09:30:02.900,3244.0000,4577,0,4866000.000,0,-,-,-,-,3246.2000,3246.0000,3245.4000,3245.2000,3244.2000,3253.2000,3256.4000,3259.6000,3261.2000,3263.0000,2,1,2,1,1,1,1,1,1,1
SF,IH2103,2020-09-07 09:30:03.400,3244.0000,4577,0,4866000.000,0,-,-,-,-,3246.4000,3246.2000,3246.0000,3245.2000,3244.2000,3253.2000,3256.4000,3259.6000,3261.2000,3263.0000,2,2,1,1,1,1,1,1,1,1
SF,IH2103,2020-09-07 09:30:03.900,3244.0000,4577,0,4866000.000,0,-,-,-,-,3247.0000,3246.6000,3246.4000,3246.0000,3244.2000,3253.2000,3256.4000,3259.6000,3261.2000,3263.0000,1,2,2,1,1,1,1,1,1,1
SF,IH2103,2020-09-07 09:30:04.400,3244.0000,4577,0,4866000.000,0,-,-,-,-,3247.2000,3247.0000,3246.6000,3246.4000,3244.2000,3253.2000,3256.4000,3259.6000,3261.2000,3263.0000,2,1,1,2,1,1,1,1,1,1
SF,IH2103,2020-09-07 09:30:04.900,3244.0000,4577,0,4866000.000,0,-,-,-,-,3247.6000,3247.2000,3247.0000,3246.6000,3246.4000,3253.2000,3256.4000,3259.6000,3261.2000,3263.0000,1,2,1,1,2,1,1,1,1,1
SF,IH2103,2020-09-07 09:30:05.400,3244.0000,4577,0,4866000.000,0,-,-,-,-,3247.8000,3247.6000,3247.0000,3246.6000,3246.4000,3253.2000,3256.4000,3259.6000,3261.2000,3263.0000,2,1,1,1,2,1,1,1,1,1
SF,IH2103,2020-09-07 09:30:05.900,3244.0000,4577,0,4866000.000,0,-,-,-,-,3248.0000,3247.8000,3247.6000,3247.0000,3244.2000,3256.4000,3259.6000,3261.2000,3263.0000,3268.4000,2,2,1,1,1,1,1,1,1,1
SF,IH2103,2020-09-07 09:30:06.400,3244.0000,4577,0,4866000.000,0,-,-,-,-,3248.6000,3248.2000,3248.0000,3247.6000,3244.2000,3256.2000,3259.6000,3261.2000,3263.0000,3268.4000,1,2,2,1,1,1,1,1,1,1
SF,IH2103,2020-09-07 09:30:06.900,3244.0000,4577,0,4866000.000,0,-,-,-,-,3248.8000,3248.6000,3248.0000,3244.2000,3242.6000,3256.2000,3259.6000,3261.2000,3263.0000,3268.4000,2,1,2,1,1,1,1,1,1,1
SF,IH2103,2020-09-07 09:30:07.400,3244.0000,4577,0,4866000.000,0,-,-,-,-,3249.6000,3248.8000,3248.6000,3248.0000,3244.2000,3256.2000,3259.6000,3261.2000,3263.0000,3268.4000,2,2,1,2,1,1,1,1,1,1
SF,IH2103,2020-09-07 09:30:07.900,3244.0000,4577,0,4866000.000,0,-,-,-,-,3250.2000,3249.8000,3249.6000,3248.0000,3244.2000,3256.2000,3259.6000,3261.2000,3263.0000,3268.4000,1,2,2,2,1,1,1,1,1,1
SF,IH2103,2020-09-07 09:30:08.400,3244.0000,4577,0,4866000.000,0,-,-,-,-,3250.4000,3250.2000,3249.6000,3244.2000,3242.6000,3256.2000,3259.6000,3261.2000,3263.0000,3268.4000,4,1,2,1,1,1,1,1,1,1
SF,IH2103,2020-09-07 09:30:08.900,3244.0000,4577,0,4866000.000,0,-,-,-,-,3251.0000,3250.4000,3250.2000,3249.6000,3244.2000,3256.2000,3259.6000,3261.2000,3263.0000,3268.4000,1,4,1,1,1,1,1,1,1,1
SF,IH2103,2020-09-07 09:30:09.400,3244.0000,4577,0,4866000.000,0,-,-,-,-,3251.2000,3251.0000,3250.4000,3250.2000,3244.2000,3256.2000,3259.6000,3261.2000,3263.0000,3268.4000,2,1,2,1,1,1,1,1,1,1
SF,IH2103,2020-09-07 09:30:09.900,3244.0000,4577,0,4866000.000,0,-,-,-,-,3251.8000,3251.2000,3251.0000,3250.4000,3244.2000,3256.2000,3259.6000,3261.2000,3263.0000,3268.4000,1,3,1,2,1,1,1,1,1,1
SF,IH2103,2020-09-07 09:30:10.400,3244.0000,4577,0,4866000.000,0,-,-,-,-,3252.0000,3251.8000,3251.2000,3251.0000,3250.4000,3256.2000,3259.6000,3261.2000,3263.0000,3268.4000,2,1,1,1,2,1,1,1,1,1
SF,IH2103,2020-09-07 09:30:10.900,3244.0000,4577,0,4866000.000,0,-,-,-,-,3252.0000,3251.8000,3251.2000,3251.0000,3250.4000,3256.2000,3259.6000,3261.2000,3263.0000,3268.4000,2,1,1,1,1,1,1,1,1,1
SF,IH2103,2020-09-07 09:30:11.400,3244.0000,4577,0,4866000.000,0,-,-,-,-,3252.0000,3251.8000,3251.2000,3251.0000,3250.4000,3256.2000,3259.6000,3261.2000,3263.0000,3268.4000,2,1,1,1,1,1,1,1,1,1
SF,IH2103,2020-09-07 09:30:11.900,3244.0000,4577,0,4866000.000,0,-,-,-,-,3252.0000,3251.8000,3251.0000,3250.4000,3242.6000,3256.2000,3259.6000,3261.2000,3263.0000,3268.4000,2,1,1,1,1,1,1,1,1,1
SF,IH2103,2020-09-07 09:30:12.400,3244.0000,4577,0,4866000.000,0,-,-,-,-,3252.0000,3251.8000,3251.0000,3250.4000,3242.6000,3256.2000,3259.6000,3261.2000,3263.0000,3268.4000,1,1,1,1,1,1,1,1,1,1
SF,IH2103,2020-09-07 09:30:12.900,3244.0000,4577,0,4866000.000,0,-,-,-,-,3252.2000,3251.8000,3251.0000,3250.4000,3242.6000,3256.0000,3256.2000,3259.6000,3261.2000,3263.0000,1,1,1,1,1,1,1,1,1,1
SF,IH2103,2020-09-07 09:30:13.400,3244.0000,4577,0,4866000.000,0,-,-,-,-,3252.2000,3251.8000,3251.0000,3250.4000,3242.6000,3255.0000,3255.8000,3256.0000,3259.6000,3261.2000,1,1,1,1,1,1,1,1,1,1
SF,IH2103,2020-09-07 09:30:13.900,3244.0000,4577,0,4866000.000,0,-,-,-,-,3252.2000,3251.8000,3251.0000,3242.6000,3240.2000,3254.8000,3255.0000,3255.8000,3259.6000,3261.2000,1,1,1,1,3,1,1,1,1,1
SF,IH2103,2020-09-07 09:30:14.400,3244.0000,4577,0,4866000.000,0,-,-,-,-,3252.2000,3251.8000,3251.0000,3242.6000,3240.2000,3254.8000,3255.0000,3255.8000,3259.6000,3261.2000,2,1,1,1,3,1,1,1,1,1
SF,IH2103,2020-09-07 09:30:14.900,3252.2000,4576,-1,5841660.000,1,0,1,双平,S,3252.2000,3251.8000,3251.0000,3242.6000,3240.2000,3254.6000,3254.8000,3255.0000,3259.6000,3261.2000,1,1,1,1,3,1,1,1,1,1
SF,IH2103,2020-09-07 09:30:15.400,3252.2000,4576,0,5841660.000,0,-,-,-,-,3252.2000,3251.8000,3242.6000,3240.2000,3238.8000,3254.4000,3254.6000,3255.0000,3259.6000,3261.2000,1,1,1,3,1,1,1,1,1,1
SF,IH2103,2020-09-07 09:30:15.900,3252.2000,4576,0,5841660.000,0,-,-,-,-,3252.2000,3251.8000,3242.6000,3240.2000,3238.8000,3254.2000,3254.4000,3255.0000,3259.6000,3261.2000,1,1,1,3,1,1,1,1,1,1
SF,IH2103,2020-09-07 09:30:16.400,3252.2000,4576,0,5841660.000,0,-,-,-,-,3252.2000,3242.6000,3240.2000,3238.8000,3237.0000,3254.2000,3254.4000,3255.0000,3259.6000,3261.2000,1,1,3,1,1,1,1,1,1,1
SF,IH2103,2020-09-07 09:30:16.900,3254.2000,4576,0,6817920.000,1,0,1,多换,S,3242.6000,3240.2000,3238.8000,3237.0000,3230.2000,3254.4000,3255.0000,3259.6000,3261.2000,3263.0000,1,3,1,1,1,1,1,1,1,1
SF,IH2103,2020-09-07 09:30:17.400,3254.2000,4576,0,6817920.000,0,-,-,-,-,3244.4000,3242.8000,3242.6000,3240.2000,3238.8000,3254.2000,3254.4000,3255.0000,3259.6000,3261.2000,4,3,1,3,1,1,1,1,1,1
SF,IH2103,2020-09-07 09:30:17.900,3254.2000,4576,0,6817920.000,0,-,-,-,-,3244.6000,3244.4000,3242.8000,3242.6000,3240.2000,3254.0000,3254.2000,3255.0000,3259.6000,3261.2000,1,4,2,1,3,1,1,1,1,1
SF,IH2103,2020-09-07 09:30:18.400,3254.2000,4576,0,6817920.000,0,-,-,-,-,3244.6000,3244.4000,3242.8000,3242.6000,3240.2000,3253.8000,3254.0000,3255.0000,3259.6000,3261.2000,1,4,2,1,3,1,1,1,1,1
SF,IH2103,2020-09-07 09:30:18.900,3254.2000,4576,0,6817920.000,0,-,-,-,-,3245.8000,3244.6000,3244.4000,3242.8000,3242.6000,3253.6000,3253.8000,3255.0000,3259.6000,3261.2000,1,1,4,2,1,1,1,1,1,1
SF,IH2103,2020-09-07 09:30:19.400,3254.0000,4576,0,7794120.000,1,0,1,多换,S,3246.0000,3245.8000,3244.4000,3242.8000,3242.6000,3253.6000,3253.8000,3255.0000,3259.6000,3261.2000,1,1,4,2,1,1,1,1,1,1
SF,IH2103,2020-09-07 09:30:19.900,3254.0000,4576,0,7794120.000,0,-,-,-,-,3248.0000,3246.0000,3245.8000,3244.4000,3242.8000,3253.4000,3253.6000,3253.8000,3255.0000,3259.6000,1,1,1,4,2,1,1,1,1,1
SF,IH2103,2020-09-07 09:30:20.400,3253.6000,4576,0,10722360.000,3,1,2,多换,S,3248.6000,3248.2000,3248.0000,3245.8000,3242.8000,3253.8000,3259.6000,3261.2000,3263.0000,3268.4000,1,2,1,1,1,1,1,1,1,1
SF,IH2103,2020-09-07 09:30:20.900,3253.6000,4576,0,10722360.000,0,-,-,-,-,3248.8000,3248.6000,3248.0000,3245.8000,3242.8000,3253.4000,3253.6000,3253.8000,3259.6000,3261.2000,3,1,1,1,1,1,1,1,1,1
SF,IH2103,2020-09-07 09:30:21.400,3253.6000,4576,0,10722360.000,0,-,-,-,-,3250.2000,3248.8000,3248.6000,3245.8000,3242.8000,3253.2000,3253.4000,3253.8000,3259.6000,3261.2000,1,3,1,1,1,1,1,1,1,1
SF,IH2103,2020-09-07 09:30:21.900,3250.4000,4575,-1,11697480.000,1,0,1,双平,S,3250.4000,3250.2000,3248.6000,3245.8000,3242.8000,3253.2000,3253.4000,3253.8000,3259.6000,3261.2000,2,1,1,1,1,1,1,1,1,1
SF,IH2103,2020-09-07 09:30:22.400,3250.4000,4575,0,11697480.000,0,-,-,-,-,3250.4000,3250.2000,3248.6000,3245.8000,3242.8000,3253.2000,3253.4000,3259.6000,3261.2000,3263.0000,3,1,1,1,1,1,1,1,1,1
SF,IH2103,2020-09-07 09:30:22.900,3250.4000,4575,0,11697480.000,0,-,-,-,-,3250.4000,3250.2000,3248.6000,3245.8000,3242.8000,3253.4000,3259.6000,3261.2000,3263.0000,3268.4000,3,1,1,1,1,1,1,1,1,1
SF,IH2103,2020-09-07 09:30:24.400,3250.4000,4575,0,11697480.000,0,-,-,-,-,3250.4000,3250.2000,3248.6000,3245.8000,3242.8000,3253.4000,3259.6000,3261.2000,3263.0000,3268.4000,2,1,1,1,1,1,1,1,1,1
SF,IH2103,2020-09-07 09:30:25.400,3250.4000,4575,0,11697480.000,0,-,-,-,-,3250.4000,3250.2000,3248.6000,3245.8000,3242.8000,3253.4000,3259.6000,3261.2000,3263.0000,3268.4000,2,1,1,1,1,1,1,1,1,1
SF,IH2103,2020-09-07 09:30:25.900,3250.4000,4575,0,11697480.000,0,-,-,-,-,3250.4000,3250.2000,3248.6000,3245.8000,3242.8000,3253.4000,3259.6000,3261.2000,3263.0000,3268.4000,3,1,1,1,1,1,1,1,1,1
SF,IH2103,2020-09-07 09:30:26.400,3250.4000,4575,0,11697480.000,0,-,-,-,-,3250.4000,3250.2000,3248.6000,3245.8000,3242.8000,3253.4000,3259.6000,3261.2000,3263.0000,3268.4000,3,1,1,1,1,1,1,1,1,1
SF,IH2103,2020-09-07 09:30:26.900,3250.4000,4575,0,11697480.000,0,-,-,-,-,3250.4000,3250.2000,3250.0000,3248.6000,3245.8000,3253.4000,3259.6000,3261.2000,3263.0000,3268.4000,3,1,1,1,1,1,1,1,1,1
SF,IH2103,2020-09-07 09:30:27.900,3250.4000,4575,0,11697480.000,0,-,-,-,-,3250.4000,3250.2000,3250.0000,3248.6000,3245.8000,3253.4000,3259.6000,3261.2000,3263.0000,3268.4000,3,1,1,1,1,1,1,1,1,1
SF,IH2103,2020-09-07 09:30:28.400,3253.4000,4575,0,12673500.000,1,0,1,多换,S,3250.4000,3250.2000,3250.0000,3248.6000,3245.8000,3259.6000,3261.2000,3263.0000,3268.4000,3269.2000,3,1,1,1,1,1,1,1,1,1
SF,IH2103,2020-09-07 09:30:28.900,3253.4000,4575,0,12673500.000,0,-,-,-,-,3253.4000,3250.4000,3250.2000,3250.0000,3248.6000,3259.4000,3259.6000,3261.2000,3263.0000,3268.4000,3,3,1,1,1,3,2,1,1,1
SF,IH2103,2020-09-07 09:30:29.400,3253.4000,4575,0,12673500.000,0,-,-,-,-,3253.6000,3253.4000,3250.4000,3250.2000,3250.0000,3259.4000,3259.6000,3261.2000,3263.0000,3268.4000,1,3,2,1,1,3,2,1,1,1
SF,IH2103,2020-09-07 09:30:29.900,3253.4000,4575,0,12673500.000,0,-,-,-,-,3253.6000,3253.4000,3250.4000,3250.2000,3250.0000,3259.4000,3259.6000,3261.2000,3263.0000,3268.4000,1,3,2,1,1,3,2,1,1,1
SF,IH2103,2020-09-07 09:30:30.400,3253.4000,4575,0,12673500.000,0,-,-,-,-,3253.8000,3253.6000,3253.4000,3250.4000,3250.2000,3259.4000,3259.6000,3261.2000,3263.0000,3268.4000,1,1,3,1,1,3,2,1,1,1
SF,IH2103,2020-09-07 09:30:30.900,3253.4000,4575,0,12673500.000,0,-,-,-,-,3254.0000,3253.8000,3253.4000,3250.4000,3250.2000,3259.4000,3259.6000,3261.2000,3263.0000,3268.4000,1,1,3,1,1,3,2,1,1,1
SF,IH2103,2020-09-07 09:30:31.400,3259.2000,4574,-1,13651260.000,1,0,1,双平,S,3254.2000,3254.0000,3253.4000,3250.4000,3250.2000,3259.4000,3259.6000,3261.2000,3263.0000,3268.4000,1,1,3,1,1,3,2,1,1,1
SF,IH2103,2020-09-07 09:30:31.900,3254.2000,4572,-2,15603840.000,2,0,2,双平,S,3253.4000,3250.4000,3250.2000,3250.0000,3248.6000,3256.2000,3259.2000,3259.4000,3259.6000,3261.2000,3,1,1,1,1,2,1,3,2,1
SF,IH2103,2020-09-07 09:30:32.400,3254.2000,4572,0,15603840.000,0,-,-,-,-,3253.6000,3253.4000,3250.4000,3250.2000,3250.0000,3256.0000,3256.2000,3259.2000,3259.6000,3261.2000,2,3,1,1,1,1,2,1,2,1
SF,IH2103,2020-09-07 09:30:32.900,3254.2000,4572,0,15603840.000,0,-,-,-,-,3253.6000,3253.4000,3250.4000,3250.2000,3250.0000,3256.0000,3256.2000,3259.2000,3259.6000,3261.2000,2,3,1,1,1,1,2,1,2,1
SF,IH2103,2020-09-07 09:30:33.400,3254.2000,4572,0,15603840.000,0,-,-,-,-,3253.6000,3253.4000,3250.4000,3250.2000,3250.0000,3256.0000,3256.2000,3258.8000,3259.2000,3259.6000,2,3,1,1,1,1,2,1,1,2
SF,IH2103,2020-09-07 09:30:33.900,3254.2000,4572,0,15603840.000,0,-,-,-,-,3253.6000,3253.4000,3250.4000,3250.2000,3250.0000,3255.8000,3256.0000,3258.8000,3259.6000,3261.2000,1,3,1,1,1,1,1,1,2,1
SF,IH2103,2020-09-07 09:30:34.400,3254.2000,4572,0,15603840.000,0,-,-,-,-,3253.6000,3250.2000,3250.0000,3248.6000,3240.2000,3255.8000,3256.0000,3258.8000,3259.6000,3261.2000,1,1,1,1,2,1,1,1,2,1
SF,IH2103,2020-09-07 09:30:34.900,3254.2000,4572,0,15603840.000,0,-,-,-,-,3253.6000,3250.2000,3250.0000,3248.6000,3240.2000,3255.6000,3255.8000,3258.8000,3259.6000,3261.2000,1,1,1,1,2,1,1,1,2,1
SF,IH2103,2020-09-07 09:30:35.400,3254.2000,4572,0,15603840.000,0,-,-,-,-,3253.6000,3250.2000,3250.0000,3248.6000,3240.2000,3255.0000,3255.6000,3255.8000,3258.8000,3259.6000,1,1,1,1,2,2,1,1,1,2
SF,IH2103,2020-09-07 09:30:35.900,3254.2000,4572,0,15603840.000,0,-,-,-,-,3250.2000,3250.0000,3248.6000,3240.2000,3238.8000,3255.0000,3255.6000,3258.8000,3259.6000,3261.2000,1,1,1,2,1,2,1,1,2,1
SF,IH2103,2020-09-07 09:30:36.400,3254.2000,4572,0,15603840.000,0,-,-,-,-,3250.4000,3250.2000,3250.0000,3248.6000,3240.2000,3254.8000,3255.0000,3258.8000,3259.6000,3261.2000,2,1,1,1,2,1,2,1,1,1
SF,IH2103,2020-09-07 09:30:36.900,3254.2000,4572,0,15603840.000,0,-,-,-,-,3250.4000,3250.2000,3250.0000,3248.6000,3240.2000,3255.0000,3258.8000,3259.6000,3261.2000,3263.0000,2,1,1,1,2,2,1,1,1,1
SF,IH2103,2020-09-07 09:30:37.400,3254.2000,4572,0,15603840.000,0,-,-,-,-,3250.4000,3250.2000,3250.0000,3248.6000,3240.2000,3254.8000,3255.0000,3258.8000,3259.6000,3261.2000,2,1,1,1,2,1,1,1,1,1
SF,IH2103,2020-09-07 09:30:37.900,3254.2000,4572,0,15603840.000,0,-,-,-,-,3250.4000,3250.2000,3250.0000,3248.6000,3244.0000,3255.0000,3258.8000,3259.6000,3261.2000,3263.0000,2,1,1,1,1,1,1,1,1,1
SF,IH2103,2020-09-07 09:30:38.400,3254.2000,4572,0,15603840.000,0,-,-,-,-,3250.4000,3250.2000,3250.0000,3248.6000,3244.0000,3254.8000,3255.0000,3258.8000,3259.6000,3261.2000,2,1,1,1,1,1,1,1,1,1
SF,IH2103,2020-09-07 09:30:38.900,3254.2000,4572,0,15603840.000,0,-,-,-,-,3250.4000,3250.2000,3250.0000,3248.6000,3244.0000,3255.0000,3258.8000,3259.6000,3261.2000,3263.0000,2,1,1,1,1,1,1,1,1,1
SF,IH2103,2020-09-07 09:30:39.400,3254.2000,4572,0,15603840.000,0,-,-,-,-,3250.4000,3250.2000,3250.0000,3248.6000,3244.0000,3254.8000,3255.0000,3258.8000,3259.6000,3261.2000,2,1,1,1,1,1,2,1,1,1
SF,IH2103,2020-09-07 09:30:41.400,3254.2000,4572,0,15603840.000,0,-,-,-,-,3250.6000,3250.4000,3250.2000,3250.0000,3248.6000,3254.8000,3255.0000,3258.8000,3259.6000,3261.2000,1,2,1,1,1,1,2,1,1,1
SF,IH2103,2020-09-07 09:30:41.900,3254.2000,4572,0,15603840.000,0,-,-,-,-,3250.8000,3250.6000,3250.2000,3250.0000,3248.6000,3255.0000,3258.8000,3259.6000,3261.2000,3263.0000,2,1,1,1,1,2,1,1,1,1
SF,IH2103,2020-09-07 09:30:42.400,3254.2000,4572,0,15603840.000,0,-,-,-,-,3250.8000,3250.6000,3250.2000,3250.0000,3248.6000,3255.0000,3259.6000,3261.2000,3263.0000,3268.4000,2,1,1,1,1,1,1,1,1,1
SF,IH2103,2020-09-07 09:30:42.900,3254.2000,4572,0,15603840.000,0,-,-,-,-,3250.8000,3250.6000,3250.2000,3250.0000,3248.6000,3255.0000,3259.6000,3261.2000,3263.0000,3268.4000,2,1,1,1,1,1,1,1,1,1
SF,IH2103,2020-09-07 09:30:43.400,3254.2000,4572,0,15603840.000,0,-,-,-,-,3250.8000,3250.6000,3250.2000,3250.0000,3248.6000,3255.0000,3259.6000,3261.2000,3263.0000,3268.4000,2,1,1,1,1,1,1,1,1,1
SF,IH2103,2020-09-07 09:30:43.900,3255.0000,4571,-1,16580340.000,1,0,1,双平,S,3250.8000,3250.6000,3250.2000,3250.0000,3248.6000,3259.6000,3261.2000,3263.0000,3268.4000,3269.2000,2,1,1,1,1,1,1,1,1,1
SF,IH2103,2020-09-07 09:30:44.400,3255.0000,4571,0,16580340.000,0,-,-,-,-,3250.8000,3250.6000,3250.2000,3250.0000,3248.6000,3259.4000,3259.6000,3261.2000,3263.0000,3268.4000,2,1,1,1,1,1,1,1,1,1
SF,IH2103,2020-09-07 09:30:45.400,3255.0000,4571,0,16580340.000,0,-,-,-,-,3251.2000,3250.8000,3250.2000,3250.0000,3248.6000,3258.8000,3259.4000,3259.6000,3261.2000,3263.0000,1,2,1,1,1,1,1,1,1,1
SF,IH2103,2020-09-07 09:30:45.900,3255.0000,4571,0,16580340.000,0,-,-,-,-,3251.8000,3251.4000,3251.2000,3250.2000,3250.0000,3258.2000,3258.6000,3258.8000,3259.6000,3261.2000,2,2,1,1,1,1,1,1,1,1
SF,IH2103,2020-09-07 09:30:46.400,3255.0000,4571,0,16580340.000,0,-,-,-,-,3252.0000,3251.8000,3251.2000,3250.2000,3250.0000,3258.0000,3258.2000,3258.8000,3259.6000,3261.2000,2,2,1,1,1,1,1,1,1,1
SF,IH2103,2020-09-07 09:30:47.400,3258.0000,4570,-1,17557740.000,1,0,1,双平,S,3252.0000,3251.8000,3251.2000,3250.2000,3250.0000,3258.2000,3258.8000,3259.6000,3261.2000,3263.0000,2,2,1,1,1,1,1,1,1,1
SF,IH2103,2020-09-07 09:30:47.900,3258.0000,4570,0,17557740.000,0,-,-,-,-,3252.0000,3251.8000,3251.2000,3250.2000,3250.0000,3258.0000,3258.2000,3258.8000,3259.6000,3261.2000,2,2,1,1,1,1,1,1,1,1
SF,IH2103,2020-09-07 09:30:48.400,3258.0000,4570,0,17557740.000,0,-,-,-,-,3252.0000,3251.8000,3250.2000,3250.0000,3244.0000,3258.0000,3258.2000,3258.8000,3259.6000,3261.2000,2,2,1,1,1,2,1,1,1,1
SF,IH2103,2020-09-07 09:30:48.900,3258.0000,4570,0,17557740.000,0,-,-,-,-,3252.6000,3252.0000,3251.8000,3250.2000,3250.0000,3258.0000,3258.2000,3258.8000,3259.6000,3261.2000,1,2,2,1,1,2,1,1,1,1
SF,IH2103,2020-09-07 09:30:49.400,3258.0000,4570,0,17557740.000,0,-,-,-,-,3252.8000,3252.6000,3251.8000,3250.2000,3250.0000,3258.0000,3258.2000,3258.8000,3259.6000,3261.2000,2,1,1,1,1,2,1,1,1,1
SF,IH2103,2020-09-07 09:30:50.400,3258.0000,4570,0,17557740.000,0,-,-,-,-,3252.8000,3251.8000,3250.2000,3250.0000,3244.0000,3258.0000,3258.2000,3258.8000,3259.6000,3261.2000,2,1,1,1,1,2,1,1,1,1
SF,IH2103,2020-09-07 09:30:50.900,3258.0000,4570,0,17557740.000,0,-,-,-,-,3252.8000,3251.8000,3250.2000,3250.0000,3244.0000,3257.8000,3258.0000,3258.2000,3258.8000,3259.6000,1,1,1,1,1,1,2,1,1,1
SF,IH2103,2020-09-07 09:30:51.400,3258.0000,4570,0,17557740.000,0,-,-,-,-,3252.8000,3251.8000,3250.2000,3250.0000,3244.0000,3257.6000,3257.8000,3258.0000,3258.2000,3258.8000,1,1,1,1,1,1,1,1,1,1
SF,IH2103,2020-09-07 09:30:51.900,3258.0000,4570,0,17557740.000,0,-,-,-,-,3253.4000,3252.8000,3250.2000,3250.0000,3244.0000,3257.4000,3257.6000,3258.0000,3258.2000,3258.8000,1,1,1,1,1,1,1,1,1,1
SF,IH2103,2020-09-07 09:30:52.400,3258.0000,4570,0,17557740.000,0,-,-,-,-,3253.6000,3253.4000,3250.2000,3250.0000,3244.0000,3257.2000,3257.4000,3258.0000,3258.2000,3258.8000,1,1,1,1,1,1,1,1,1,1
SF,IH2103,2020-09-07 09:30:52.900,3258.0000,4570,0,17557740.000,0,-,-,-,-,3253.6000,3253.4000,3250.2000,3250.0000,3244.0000,3256.6000,3257.0000,3257.2000,3258.0000,3258.8000,1,1,1,1,1,1,1,1,1,1
SF,IH2103,2020-09-07 09:30:53.400,3258.0000,4570,0,17557740.000,0,-,-,-,-,3253.6000,3253.4000,3250.2000,3250.0000,3244.0000,3256.4000,3256.6000,3257.2000,3258.0000,3258.8000,1,1,1,1,1,1,1,1,1,1
SF,IH2103,2020-09-07 09:30:53.900,3258.0000,4570,0,17557740.000,0,-,-,-,-,3255.0000,3253.6000,3253.4000,3250.2000,3250.0000,3256.4000,3256.6000,3257.2000,3258.0000,3258.8000,1,1,1,1,1,1,1,1,1,1
SF,IH2103,2020-09-07 09:30:54.400,3258.0000,4570,0,17557740.000,0,-,-,-,-,3255.0000,3253.6000,3253.4000,3250.2000,3250.0000,3257.2000,3258.0000,3258.8000,3259.6000,3261.2000,1,1,1,1,1,1,1,1,1,1
SF,IH2103,2020-09-07 09:30:54.900,3258.0000,4570,0,17557740.000,0,-,-,-,-,3255.2000,3255.0000,3253.4000,3250.2000,3250.0000,3257.2000,3258.0000,3258.8000,3259.6000,3261.2000,1,1,1,1,1,1,1,1,1,1
SF,IH2103,2020-09-07 09:30:55.400,3258.0000,4570,0,17557740.000,0,-,-,-,-,3255.2000,3255.0000,3253.4000,3250.2000,3250.0000,3258.0000,3258.8000,3259.6000,3261.2000,3263.0000,1,1,1,1,1,1,1,1,1,1
SF,IH2103,2020-09-07 09:30:55.900,3258.0000,4570,0,17557740.000,0,-,-,-,-,3255.4000,3255.2000,3255.0000,3253.4000,3250.2000,3258.0000,3258.8000,3259.6000,3261.2000,3263.0000,1,1,1,1,1,1,1,1,1,1
SF,IH2103,2020-09-07 09:30:56.400,3258.0000,4570,0,17557740.000,0,-,-,-,-,3255.6000,3255.4000,3255.0000,3253.4000,3250.2000,3258.0000,3258.8000,3259.6000,3261.2000,3263.0000,1,1,1,1,1,1,1,1,1,1
SF,IH2103,2020-09-07 09:30:56.900,3258.0000,4570,0,17557740.000,0,-,-,-,-,3255.8000,3255.6000,3255.0000,3253.4000,3250.2000,3258.0000,3258.8000,3259.6000,3261.2000,3263.0000,1,1,1,1,1,1,1,1,1,1
SF,IH2103,2020-09-07 09:30:57.400,3258.0000,4570,0,17557740.000,0,-,-,-,-,3256.0000,3255.8000,3255.0000,3253.4000,3250.2000,3258.0000,3258.8000,3259.6000,3261.2000,3263.0000,1,1,1,1,1,1,1,1,1,1
SF,IH2103,2020-09-07 09:30:58.400,3258.0000,4571,1,18535140.000,1,1,0,双开,S,3256.0000,3255.8000,3255.0000,3253.4000,3250.2000,3258.8000,3259.6000,3261.2000,3263.0000,3268.4000,1,1,1,1,1,1,1,1,1,1
SF,IH2103,2020-09-07 09:30:58.900,3258.0000,4571,0,18535140.000,0,-,-,-,-,3256.2000,3256.0000,3255.0000,3253.4000,3250.2000,3258.8000,3259.6000,3261.2000,3263.0000,3268.4000,1,1,1,1,1,1,1,1,1,1
SF,IH2103,2020-09-07 09:30:59.400,3258.0000,4571,0,18535140.000,0,-,-,-,-,3256.4000,3256.2000,3255.0000,3253.4000,3250.2000,3258.8000,3259.6000,3261.2000,3263.0000,3268.4000,1,1,1,1,1,1,1,1,1,1
SF,IH2103,2020-09-07 09:30:59.900,3258.0000,4571,0,18535140.000,0,-,-,-,-,3256.6000,3256.4000,3255.0000,3253.4000,3250.2000,3258.8000,3259.6000,3261.2000,3263.0000,3268.4000,1,1,1,1,1,1,1,1,1,1
SF,IH2103,2020-09-07 09:31:00.400,3258.0000,4571,0,18535140.000,0,-,-,-,-,3256.8000,3256.6000,3255.0000,3253.4000,3250.2000,3258.8000,3259.6000,3261.2000,3263.0000,3268.4000,1,1,1,1,1,1,1,1,1,1
SF,IH2103,2020-09-07 09:31:00.900,3256.8000,4570,-1,19512180.000,1,0,1,双平,S,3256.6000,3255.0000,3253.4000,3250.2000,3250.0000,3258.8000,3259.6000,3261.2000,3263.0000,3268.4000,1,1,1,1,1,1,1,1,1,1
SF,IH2103,2020-09-07 09:31:06.400,3256.8000,4570,0,19512180.000,0,-,-,-,-,3256.6000,3255.0000,3253.4000,3250.2000,3250.0000,3258.8000,3259.6000,3261.2000,3263.0000,3268.4000,1,1,1,1,1,1,1,1,1,1
SF,IH2103,2020-09-07 09:31:06.900,3256.8000,4570,0,19512180.000,0,-,-,-,-,3256.8000,3256.6000,3255.0000,3253.4000,3250.2000,3258.8000,3259.6000,3261.2000,3263.0000,3268.4000,1,1,1,1,1,1,1,1,1,1
SF,IH2103,2020-09-07 09:31:11.900,3256.8000,4569,-1,20489220.000,1,0,1,双平,S,3256.6000,3255.0000,3253.4000,3250.2000,3250.0000,3258.8000,3259.6000,3261.2000,3263.0000,3268.4000,1,1,1,1,1,1,1,1,1,1
SF,IH2103,2020-09-07 09:31:12.400,3256.8000,4569,0,20489220.000,0,-,-,-,-,3256.6000,3255.0000,3253.4000,3250.2000,3250.0000,3258.6000,3258.8000,3259.6000,3261.2000,3263.0000,1,1,1,1,1,1,1,1,1,1
SF,IH2103,2020-09-07 09:31:12.900,3256.8000,4569,0,20489220.000,0,-,-,-,-,3256.6000,3255.0000,3253.4000,3250.2000,3250.0000,3258.2000,3258.6000,3258.8000,3259.6000,3261.2000,1,1,1,1,1,1,1,1,1,1
SF,IH2103,2020-09-07 09:31:13.400,3256.8000,4569,0,20489220.000,0,-,-,-,-,3255.0000,3253.4000,3250.2000,3250.0000,3244.0000,3258.0000,3258.2000,3258.8000,3259.6000,3261.2000,1,1,1,1,1,1,1,1,1,1
SF,IH2103,2020-09-07 09:31:13.900,3256.8000,4569,0,20489220.000,0,-,-,-,-,3255.2000,3255.0000,3253.4000,3250.2000,3250.0000,3256.6000,3258.0000,3258.2000,3258.8000,3259.6000,1,1,1,1,1,1,1,1,1,1
SF,IH2103,2020-09-07 09:31:14.400,3256.6000,4569,0,21466200.000,1,0,1,多换,S,3255.0000,3253.4000,3250.2000,3250.0000,3244.0000,3258.0000,3258.2000,3258.8000,3259.6000,3261.2000,1,1,1,1,1,1,1,1,1,1
SF,IH2103,2020-09-07 09:31:14.900,3256.6000,4569,0,21466200.000,0,-,-,-,-,3255.2000,3255.0000,3253.4000,3250.2000,3250.0000,3258.0000,3258.2000,3258.8000,3259.6000,3261.2000,2,1,1,1,1,1,1,1,1,1
SF,IH2103,2020-09-07 09:31:15.400,3256.6000,4569,0,21466200.000,0,-,-,-,-,3255.2000,3255.0000,3253.4000,3250.2000,3250.0000,3258.0000,3258.2000,3258.8000,3259.6000,3261.2000,2,1,1,1,1,1,1,1,1,1
SF,IH2103,2020-09-07 09:31:16.900,3255.2000,4567,-2,23419320.000,2,0,2,双平,S,3255.0000,3253.4000,3250.2000,3250.0000,3244.0000,3255.2000,3257.8000,3258.0000,3258.2000,3258.8000,1,1,1,1,1,3,1,1,1,1
SF,IH2103,2020-09-07 09:31:17.400,3255.2000,4564,-3,26349000.000,3,0,3,双平,S,3255.0000,3253.4000,3250.2000,3250.0000,3244.0000,3257.8000,3258.0000,3258.8000,3259.6000,3261.2000,1,1,1,1,1,1,1,1,1,1
SF,IH2103,2020-09-07 09:31:17.900,3255.2000,4564,0,26349000.000,0,-,-,-,-,3255.0000,3253.4000,3250.2000,3250.0000,3244.0000,3257.6000,3257.8000,3258.8000,3259.6000,3261.2000,1,1,1,1,1,1,1,1,1,1
SF,IH2103,2020-09-07 09:31:18.400,3255.2000,4564,0,26349000.000,0,-,-,-,-,3255.0000,3253.4000,3250.2000,3250.0000,3244.0000,3257.4000,3257.6000,3258.8000,3259.6000,3261.2000,1,1,1,1,1,1,1,1,1,1
SF,IH2103,2020-09-07 09:31:18.900,3255.2000,4564,0,26349000.000,0,-,-,-,-,3255.0000,3253.4000,3250.2000,3250.0000,3244.0000,3257.2000,3257.4000,3258.8000,3259.6000,3261.2000,1,1,1,1,1,1,1,1,1,1
SF,IH2103,2020-09-07 09:31:19.900,3255.0000,4564,0,27325500.000,1,0,1,多换,S,3253.4000,3250.2000,3250.0000,3244.0000,3240.2000,3255.0000,3257.2000,3257.4000,3258.8000,3259.6000,1,1,1,1,2,1,1,1,1,1
SF,IH2103,2020-09-07 09:31:20.400,3255.0000,4563,-1,28302000.000,1,0,1,双平,S,3250.2000,3250.0000,3244.0000,3240.2000,3238.8000,3257.2000,3257.4000,3258.8000,3259.6000,3261.2000,1,1,1,2,1,1,1,1,1,1
SF,IH2103,2020-09-07 09:31:20.900,3255.0000,4563,0,28302000.000,0,-,-,-,-,3250.4000,3250.2000,3250.0000,3244.0000,3240.2000,3256.6000,3257.0000,3257.2000,3258.8000,3259.6000,1,1,1,1,2,1,1,1,1,1
SF,IH2103,2020-09-07 09:31:21.400,3255.0000,4563,0,28302000.000,0,-,-,-,-,3251.4000,3250.4000,3250.2000,3250.0000,3244.0000,3256.4000,3256.6000,3258.8000,3259.6000,3261.2000,1,1,1,1,1,2,1,1,1,1
SF,IH2103,2020-09-07 09:31:21.900,3255.0000,4563,0,28302000.000,0,-,-,-,-,3251.8000,3251.6000,3251.4000,3250.2000,3250.0000,3256.4000,3256.6000,3258.8000,3259.6000,3261.2000,1,1,1,1,1,2,1,1,1,1
SF,IH2103,2020-09-07 09:31:22.400,3255.0000,4563,0,28302000.000,0,-,-,-,-,3251.8000,3251.4000,3250.2000,3250.0000,3244.0000,3256.4000,3256.6000,3258.8000,3259.6000,3261.2000,1,1,1,1,1,2,1,1,1,1
SF,IH2103,2020-09-07 09:31:22.900,3255.0000,4563,0,28302000.000,0,-,-,-,-,3252.4000,3251.8000,3250.2000,3250.0000,3244.0000,3256.4000,3256.6000,3258.8000,3259.6000,3261.2000,1,1,1,1,1,2,1,1,1,1
SF,IH2103,2020-09-07 09:31:24.400,3255.0000,4563,0,28302000.000,0,-,-,-,-,3251.8000,3250.2000,3250.0000,3244.0000,3240.2000,3256.4000,3256.6000,3258.8000,3259.6000,3261.2000,1,1,1,1,2,2,1,1,1,1
SF,IH2103,2020-09-07 09:31:24.900,3255.0000,4563,0,28302000.000,0,-,-,-,-,3251.8000,3250.2000,3250.0000,3244.0000,3240.2000,3255.8000,3256.4000,3256.6000,3259.6000,3261.2000,1,1,1,1,2,1,2,1,1,1
SF,IH2103,2020-09-07 09:31:25.400,3255.0000,4563,0,28302000.000,0,-,-,-,-,3250.2000,3250.0000,3244.0000,3240.2000,3238.8000,3255.6000,3255.8000,3256.6000,3259.6000,3261.2000,1,1,1,2,1,2,1,1,1,1
SF,IH2103,2020-09-07 09:31:25.900,3255.0000,4563,0,28302000.000,0,-,-,-,-,3250.4000,3250.2000,3250.0000,3244.0000,3240.2000,3255.0000,3255.6000,3255.8000,3259.6000,3261.2000,1,1,1,1,2,1,2,1,1,1
SF,IH2103,2020-09-07 09:31:26.400,3255.0000,4563,0,28302000.000,0,-,-,-,-,3251.0000,3250.4000,3250.2000,3250.0000,3244.0000,3254.8000,3255.0000,3255.8000,3259.6000,3261.2000,1,1,1,1,1,2,1,1,1,1
SF,IH2103,2020-09-07 09:31:28.900,3255.0000,4563,0,28302000.000,0,-,-,-,-,3251.0000,3250.4000,3250.2000,3250.0000,3244.0000,3254.8000,3255.0000,3255.8000,3259.6000,3261.2000,1,1,1,1,1,2,1,1,1,1
SF,IH2103,2020-09-07 09:31:29.400,3255.0000,4563,0,28302000.000,0,-,-,-,-,3251.0000,3250.4000,3250.2000,3250.0000,3244.0000,3254.8000,3255.0000,3255.8000,3259.6000,3261.2000,1,1,1,1,1,2,1,1,1,1
SF,IH2103,2020-09-07 09:31:31.900,3255.0000,4563,0,28302000.000,0,-,-,-,-,3251.0000,3250.4000,3250.2000,3250.0000,3244.0000,3254.8000,3255.0000,3255.8000,3259.6000,3261.2000,1,1,1,2,1,2,1,1,1,1
SF,IH2103,2020-09-07 09:31:32.400,3255.0000,4563,0,28302000.000,0,-,-,-,-,3251.0000,3250.4000,3250.2000,3250.0000,3244.0000,3254.8000,3255.0000,3255.8000,3259.6000,3261.2000,1,1,1,2,1,2,1,1,1,1
SF,IH2103,2020-09-07 09:31:32.900,3255.0000,4563,0,28302000.000,0,-,-,-,-,3251.0000,3250.2000,3250.0000,3244.0000,3240.2000,3254.8000,3255.0000,3255.8000,3259.6000,3261.2000,1,1,2,1,2,2,1,1,1,1
SF,IH2103,2020-09-07 09:31:35.900,3255.0000,4563,0,28302000.000,0,-,-,-,-,3251.0000,3250.2000,3250.0000,3244.0000,3240.2000,3254.8000,3255.8000,3259.6000,3261.2000,3263.0000,1,1,2,1,2,2,1,1,1,1
SF,IH2103,2020-09-07 09:31:36.400,3255.0000,4563,0,28302000.000,0,-,-,-,-,3251.0000,3250.2000,3250.0000,3248.6000,3244.0000,3254.8000,3255.8000,3259.6000,3261.2000,3263.0000,1,1,2,1,1,2,1,1,1,1
SF,IH2103,2020-09-07 09:31:36.900,3255.0000,4563,0,28302000.000,0,-,-,-,-,3251.2000,3251.0000,3250.2000,3250.0000,3248.6000,3254.8000,3255.8000,3259.6000,3261.2000,3263.0000,1,1,1,2,1,2,1,1,1,1
SF,IH2103,2020-09-07 09:31:37.400,3255.0000,4563,0,28302000.000,0,-,-,-,-,3251.8000,3251.0000,3250.2000,3250.0000,3248.6000,3254.8000,3255.8000,3259.6000,3261.2000,3263.0000,1,1,1,2,1,2,1,1,1,1
SF,IH2103,2020-09-07 09:31:40.900,3255.0000,4563,0,28302000.000,0,-,-,-,-,3251.8000,3250.2000,3250.0000,3248.6000,3244.0000,3254.8000,3255.8000,3259.6000,3261.2000,3263.0000,1,1,2,1,1,2,1,1,1,1
SF,IH2103,2020-09-07 09:31:41.400,3255.0000,4563,0,28302000.000,0,-,-,-,-,3251.8000,3250.2000,3250.0000,3248.6000,3244.0000,3254.8000,3255.8000,3259.6000,3261.2000,3263.0000,1,1,2,1,1,2,1,1,1,1
SF,IH2103,2020-09-07 09:31:41.900,3255.0000,4563,0,28302000.000,0,-,-,-,-,3250.2000,3250.0000,3248.6000,3244.0000,3240.2000,3254.8000,3255.8000,3259.6000,3261.2000,3263.0000,1,2,1,1,2,2,1,1,1,1
SF,IH2103,2020-09-07 09:31:42.400,3255.0000,4563,0,28302000.000,0,-,-,-,-,3250.4000,3250.2000,3250.0000,3248.6000,3244.0000,3254.8000,3255.8000,3259.6000,3261.2000,3263.0000,2,1,2,1,1,2,1,1,1,1
SF,IH2103,2020-09-07 09:31:42.900,3255.0000,4563,0,28302000.000,0,-,-,-,-,3250.4000,3250.2000,3250.0000,3248.6000,3244.0000,3254.8000,3255.8000,3259.6000,3261.2000,3263.0000,2,1,2,1,1,2,1,1,1,1
SF,IH2103,2020-09-07 09:31:43.400,3255.0000,4563,0,28302000.000,0,-,-,-,-,3250.4000,3250.2000,3250.0000,3248.6000,3244.0000,3254.8000,3255.8000,3259.6000,3261.2000,3263.0000,1,1,2,1,1,2,1,1,1,1
SF,IH2103,2020-09-07 09:31:43.900,3255.0000,4563,0,28302000.000,0,-,-,-,-,3250.6000,3250.4000,3250.2000,3250.0000,3248.6000,3254.8000,3255.8000,3259.6000,3261.2000,3263.0000,1,1,1,2,1,2,1,1,1,1
SF,IH2103,2020-09-07 09:31:44.400,3255.0000,4563,0,28302000.000,0,-,-,-,-,3250.4000,3250.2000,3250.0000,3248.6000,3244.0000,3254.8000,3255.8000,3259.6000,3261.2000,3263.0000,1,1,2,1,1,2,1,1,1,1
SF,IH2103,2020-09-07 09:31:45.400,3254.8000,4563,0,29278440.000,1,0,1,多换,S,3250.6000,3250.4000,3250.2000,3250.0000,3248.6000,3254.8000,3259.6000,3261.2000,3263.0000,3268.4000,1,1,1,2,1,1,1,1,1,1
SF,IH2103,2020-09-07 09:31:45.900,3254.8000,4563,0,29278440.000,0,-,-,-,-,3250.8000,3250.6000,3250.4000,3250.2000,3250.0000,3254.2000,3254.8000,3259.6000,3261.2000,3263.0000,1,1,1,1,2,1,1,1,1,1
SF,IH2103,2020-09-07 09:31:46.400,3254.8000,4563,0,29278440.000,0,-,-,-,-,3251.0000,3250.8000,3250.4000,3250.2000,3250.0000,3254.0000,3254.2000,3259.6000,3261.2000,3263.0000,2,1,1,1,2,1,1,1,1,1
SF,IH2103,2020-09-07 09:31:46.900,3254.2000,4561,-2,31230900.000,2,0,2,双平,S,3251.2000,3251.0000,3250.4000,3250.2000,3250.0000,3259.6000,3261.2000,3263.0000,3268.4000,3269.2000,1,2,1,1,2,1,1,1,1,1
SF,IH2103,2020-09-07 09:31:47.400,3254.2000,4561,0,31230900.000,0,-,-,-,-,3251.8000,3251.4000,3251.2000,3251.0000,3250.2000,3256.4000,3259.4000,3259.6000,3261.2000,3263.0000,1,1,1,1,1,2,4,1,1,1
SF,IH2103,2020-09-07 09:31:47.900,3254.2000,4561,0,31230900.000,0,-,-,-,-,3252.0000,3251.8000,3251.0000,3250.2000,3250.0000,3256.2000,3256.4000,3259.6000,3261.2000,3263.0000,2,1,1,1,2,1,2,1,1,1
SF,IH2103,2020-09-07 09:31:48.400,3254.2000,4561,0,31230900.000,0,-,-,-,-,3252.0000,3251.8000,3250.2000,3250.0000,3248.6000,3256.2000,3256.4000,3259.6000,3261.2000,3263.0000,2,1,1,2,1,1,2,1,1,1
SF,IH2103,2020-09-07 09:31:48.900,3254.2000,4561,0,31230900.000,0,-,-,-,-,3252.0000,3251.8000,3250.2000,3250.0000,3248.6000,3255.0000,3256.2000,3256.4000,3259.6000,3261.2000,2,1,1,2,1,1,1,2,1,1
SF,IH2103,2020-09-07 09:31:49.400,3254.2000,4561,0,31230900.000,0,-,-,-,-,3252.0000,3251.8000,3250.2000,3250.0000,3248.6000,3254.8000,3255.0000,3256.4000,3259.6000,3261.2000,1,1,1,2,1,2,1,2,1,1
SF,IH2103,2020-09-07 09:31:49.900,3254.2000,4561,0,31230900.000,0,-,-,-,-,3252.0000,3251.8000,3250.2000,3250.0000,3248.6000,3254.8000,3255.0000,3256.4000,3259.6000,3261.2000,1,1,1,2,1,2,1,2,1,1
SF,IH2103,2020-09-07 09:31:50.900,3254.2000,4561,0,31230900.000,0,-,-,-,-,3252.0000,3251.8000,3250.2000,3250.0000,3248.6000,3254.8000,3255.0000,3259.6000,3261.2000,3263.0000,1,1,1,2,1,2,1,1,1,1
SF,IH2103,2020-09-07 09:31:51.400,3254.2000,4561,0,31230900.000,0,-,-,-,-,3251.8000,3250.2000,3250.0000,3248.6000,3244.0000,3254.8000,3255.0000,3259.6000,3261.2000,3263.0000,1,1,2,1,1,2,1,1,1,1
SF,IH2103,2020-09-07 09:31:51.900,3254.2000,4561,0,31230900.000,0,-,-,-,-,3250.2000,3250.0000,3248.6000,3244.0000,3240.2000,3254.8000,3255.0000,3259.6000,3261.2000,3263.0000,1,2,1,1,2,2,1,1,1,1
SF,IH2103,2020-09-07 09:31:52.400,3254.2000,4561,0,31230900.000,0,-,-,-,-,3250.4000,3250.2000,3250.0000,3248.6000,3244.0000,3254.8000,3255.0000,3259.6000,3261.2000,3263.0000,1,1,2,1,1,2,1,1,1,1
SF,IH2103,2020-09-07 09:31:52.900,3254.2000,4561,0,31230900.000,0,-,-,-,-,3250.4000,3250.2000,3250.0000,3248.6000,3244.0000,3254.8000,3255.0000,3259.6000,3261.2000,3263.0000,1,1,2,1,1,2,1,1,1,1
SF,IH2103,2020-09-07 09:31:53.400,3254.2000,4561,0,31230900.000,0,-,-,-,-,3250.4000,3250.2000,3250.0000,3248.6000,3244.0000,3254.8000,3255.0000,3259.6000,3261.2000,3263.0000,1,1,2,1,1,2,1,1,1,1
SF,IH2103,2020-09-07 09:31:59.400,3254.2000,4561,0,31230900.000,0,-,-,-,-,3250.8000,3250.4000,3250.2000,3250.0000,3248.6000,3254.8000,3255.0000,3259.6000,3261.2000,3263.0000,1,1,1,2,1,2,1,1,1,1
SF,IH2103,2020-09-07 09:31:59.900,3254.2000,4561,0,31230900.000,0,-,-,-,-,3250.8000,3250.2000,3250.0000,3248.6000,3244.0000,3254.8000,3255.0000,3259.6000,3261.2000,3263.0000,1,1,2,1,1,2,1,1,1,1
SF,IH2103,2020-09-07 09:32:00.900,3254.2000,4561,0,31230900.000,0,-,-,-,-,3250.2000,3250.0000,3248.6000,3244.0000,3240.2000,3254.8000,3255.0000,3259.6000,3261.2000,3263.0000,1,2,1,1,2,2,1,1,1,1
SF,IH2103,2020-09-07 09:32:01.400,3254.2000,4561,0,31230900.000,0,-,-,-,-,3250.2000,3250.0000,3248.6000,3244.0000,3240.2000,3254.8000,3255.0000,3259.6000,3261.2000,3263.0000,1,2,1,1,2,2,2,1,1,1
SF,IH2103,2020-09-07 09:32:01.900,3254.2000,4561,0,31230900.000,0,-,-,-,-,3250.2000,3250.0000,3248.6000,3244.0000,3240.2000,3254.8000,3255.0000,3259.6000,3261.2000,3263.0000,1,2,1,1,2,2,2,1,1,1
SF,IH2103,2020-09-07 09:32:02.400,3254.2000,4561,0,31230900.000,0,-,-,-,-,3250.2000,3250.0000,3246.4000,3244.0000,3240.2000,3254.8000,3255.0000,3259.6000,3261.2000,3263.0000,1,2,1,1,2,2,2,1,1,1
SF,IH2103,2020-09-07 09:32:02.900,3254.2000,4561,0,31230900.000,0,-,-,-,-,3250.2000,3250.0000,3246.4000,3244.0000,3240.2000,3254.8000,3255.0000,3259.6000,3261.2000,3263.0000,1,2,1,1,2,2,2,1,1,1
SF,IH2103,2020-09-07 09:32:03.400,3250.0000,4561,0,34155960.000,3,1,2,多换,S,3246.4000,3244.0000,3240.2000,3238.8000,3237.0000,3254.6000,3254.8000,3255.0000,3259.6000,3261.2000,1,1,2,1,1,4,2,2,1,1
SF,IH2103,2020-09-07 09:32:03.900,3250.0000,4561,0,34155960.000,0,-,-,-,-,3247.0000,3246.6000,3246.4000,3244.0000,3240.2000,3253.4000,3254.4000,3254.6000,3255.0000,3259.6000,1,1,1,1,2,2,2,4,2,1
SF,IH2103,2020-09-07 09:32:04.400,3250.0000,4561,0,34155960.000,0,-,-,-,-,3247.2000,3247.0000,3246.4000,3244.0000,3240.2000,3253.2000,3254.6000,3255.0000,3259.6000,3261.2000,1,1,1,1,2,2,4,2,1,1
SF,IH2103,2020-09-07 09:32:04.900,3250.0000,4561,0,34155960.000,0,-,-,-,-,3247.2000,3247.0000,3244.0000,3243.8000,3240.2000,3253.2000,3254.6000,3255.0000,3259.6000,3261.2000,1,1,1,1,2,2,4,2,1,1
SF,IH2103,2020-09-07 09:32:05.900,3250.0000,4561,0,34155960.000,0,-,-,-,-,3247.2000,3247.0000,3244.0000,3243.8000,3240.2000,3253.0000,3253.2000,3254.6000,3255.0000,3259.6000,1,1,1,1,2,1,2,3,2,1
SF,IH2103,2020-09-07 09:32:06.400,3250.0000,4561,0,34155960.000,0,-,-,-,-,3247.2000,3247.0000,3244.0000,3243.8000,3240.2000,3252.8000,3254.6000,3255.0000,3259.6000,3261.2000,1,1,1,1,2,2,3,2,1,1
SF,IH2103,2020-09-07 09:32:06.900,3247.2000,4560,-1,35130120.000,1,0,1,双平,S,3247.0000,3244.0000,3243.8000,3240.2000,3238.8000,3252.8000,3254.6000,3255.0000,3259.6000,3261.2000,1,1,1,2,1,2,3,2,1,1
SF,IH2103,2020-09-07 09:32:07.400,3247.2000,4560,0,35130120.000,0,-,-,-,-,3247.0000,3244.0000,3243.8000,3240.2000,3238.8000,3251.6000,3252.8000,3254.6000,3255.0000,3259.6000,1,1,1,2,1,2,2,3,2,1
SF,IH2103,2020-09-07 09:32:07.900,3247.2000,4560,0,35130120.000,0,-,-,-,-,3247.0000,3244.0000,3243.8000,3240.2000,3238.8000,3251.4000,3251.6000,3255.0000,3259.6000,3261.2000,1,1,1,2,1,2,2,2,1,1
SF,IH2103,2020-09-07 09:32:08.900,3247.2000,4560,0,35130120.000,0,-,-,-,-,3247.0000,3244.0000,3243.8000,3240.2000,3238.8000,3251.0000,3251.4000,3251.6000,3255.0000,3259.6000,1,1,1,2,1,1,2,2,2,1
SF,IH2103,2020-09-07 09:32:09.400,3247.2000,4560,0,35130120.000,0,-,-,-,-,3247.2000,3247.0000,3244.0000,3243.8000,3240.2000,3250.8000,3251.0000,3251.6000,3255.0000,3259.6000,2,1,1,1,2,1,1,2,2,1
SF,IH2103,2020-09-07 09:32:09.900,3247.2000,4560,0,35130120.000,0,-,-,-,-,3247.2000,3247.0000,3244.0000,3243.8000,3240.2000,3250.8000,3251.0000,3255.0000,3259.6000,3261.2000,2,1,1,1,2,1,1,2,1,1
SF,IH2103,2020-09-07 09:32:10.400,3247.2000,4560,0,35130120.000,0,-,-,-,-,3247.4000,3247.2000,3247.0000,3244.0000,3243.8000,3250.8000,3251.0000,3255.0000,3259.6000,3261.2000,1,2,1,1,1,1,1,2,1,1
SF,IH2103,2020-09-07 09:32:10.900,3247.2000,4560,0,35130120.000,0,-,-,-,-,3247.6000,3247.2000,3247.0000,3244.0000,3243.8000,3250.0000,3250.8000,3255.0000,3259.6000,3261.2000,1,1,1,1,1,1,1,2,1,1
SF,IH2103,2020-09-07 09:32:11.400,3250.0000,4559,-1,36105120.000,1,0,1,双平,S,3248.0000,3247.6000,3247.2000,3247.0000,3244.0000,3249.8000,3255.0000,3259.6000,3261.2000,3263.0000,1,1,1,1,1,1,2,1,1,1
SF,IH2103,2020-09-07 09:32:11.900,3249.8000,4558,-1,37080060.000,1,0,1,双平,S,3250.0000,3248.6000,3248.2000,3248.0000,3247.6000,3255.0000,3259.6000,3261.2000,3263.0000,3265.0000,1,1,1,1,1,2,1,1,1,1
SF,IH2103,2020-09-07 09:32:12.400,3250.0000,4557,-1,38055060.000,1,0,1,双平,S,3250.0000,3248.6000,3247.2000,3244.0000,3243.8000,3252.4000,3254.8000,3255.0000,3259.6000,3261.2000,1,1,1,1,1,2,2,2,1,1
SF,IH2103,2020-09-07 09:32:12.900,3250.0000,4557,0,38055060.000,0,-,-,-,-,3250.0000,3248.6000,3247.2000,3244.0000,3243.8000,3252.0000,3252.2000,3252.4000,3254.0000,3255.0000,1,1,1,1,1,1,2,2,1,1
SF,IH2103,2020-09-07 09:32:13.400,3250.0000,4556,-1,39030060.000,1,0,1,双平,S,3248.6000,3247.2000,3244.0000,3243.8000,3240.2000,3251.8000,3252.0000,3252.2000,3254.0000,3255.0000,1,1,1,1,2,2,1,1,1,1
SF,IH2103,2020-09-07 09:32:13.900,3250.0000,4556,0,39030060.000,0,-,-,-,-,3249.0000,3248.6000,3247.2000,3244.0000,3243.8000,3251.6000,3251.8000,3252.0000,3254.0000,3255.0000,1,1,1,1,1,1,1,1,1,1
SF,IH2103,2020-09-07 09:32:14.400,3250.0000,4556,0,39030060.000,0,-,-,-,-,3247.2000,3244.0000,3243.8000,3240.2000,3238.8000,3251.4000,3251.6000,3254.0000,3255.0000,3259.6000,1,1,1,2,1,1,1,1,1,1
SF,IH2103,2020-09-07 09:32:14.900,3250.0000,4556,0,39030060.000,0,-,-,-,-,3247.4000,3244.0000,3243.8000,3240.2000,3238.8000,3251.2000,3251.4000,3254.0000,3255.0000,3259.6000,1,1,1,2,1,1,1,1,1,1
SF,IH2103,2020-09-07 09:32:15.400,3250.0000,4556,0,39030060.000,0,-,-,-,-,3247.4000,3244.0000,3243.8000,3240.2000,3238.8000,3251.0000,3251.2000,3254.0000,3255.0000,3259.6000,1,1,1,2,1,1,1,1,1,1
SF,IH2103,2020-09-07 09:32:15.900,3250.0000,4556,0,39030060.000,0,-,-,-,-,3247.4000,3244.0000,3243.8000,3240.2000,3238.8000,3250.8000,3251.0000,3254.0000,3255.0000,3259.6000,1,1,1,2,1,1,1,1,1,1
SF,IH2103,2020-09-07 09:32:16.400,3250.0000,4556,0,39030060.000,0,-,-,-,-,3247.4000,3244.0000,3243.8000,3240.2000,3238.8000,3250.8000,3251.0000,3254.0000,3255.0000,3259.6000,1,1,1,2,1,1,1,1,1,1
SF,IH2103,2020-09-07 09:32:16.900,3250.0000,4556,0,39030060.000,0,-,-,-,-,3248.0000,3247.4000,3244.0000,3243.8000,3240.2000,3250.8000,3251.0000,3254.0000,3255.0000,3259.6000,1,1,1,1,2,1,1,1,1,1
SF,IH2103,2020-09-07 09:32:17.400,3250.0000,4556,0,39030060.000,0,-,-,-,-,3248.6000,3248.4000,3248.2000,3244.0000,3243.8000,3250.8000,3254.0000,3255.0000,3259.6000,3261.2000,1,1,1,1,1,1,1,1,1,1
SF,IH2103,2020-09-07 09:32:17.900,3250.0000,4556,0,39030060.000,0,-,-,-,-,3248.8000,3248.6000,3248.4000,3244.0000,3243.8000,3250.8000,3254.0000,3255.0000,3259.6000,3261.2000,1,1,1,1,1,1,1,1,1,1
SF,IH2103,2020-09-07 09:32:18.400,3250.0000,4556,0,39030060.000,0,-,-,-,-,3249.0000,3248.8000,3248.6000,3244.0000,3243.8000,3250.8000,3254.0000,3255.0000,3259.6000,3261.2000,1,1,1,1,1,1,1,1,1,1
SF,IH2103,2020-09-07 09:32:18.900,3250.0000,4556,0,39030060.000,0,-,-,-,-,3249.0000,3248.8000,3248.6000,3244.0000,3243.8000,3254.0000,3255.0000,3259.6000,3261.2000,3263.0000,1,1,1,1,1,1,1,1,1,1
SF,IH2103,2020-09-07 09:32:19.400,3250.0000,4556,0,39030060.000,0,-,-,-,-,3248.6000,3244.0000,3243.8000,3240.2000,3237.0000,3253.4000,3253.8000,3254.0000,3255.0000,3259.6000,1,1,1,2,1,1,2,1,1,1
SF,IH2103,2020-09-07 09:32:19.900,3250.0000,4556,0,39030060.000,0,-,-,-,-,3248.8000,3244.0000,3243.8000,3240.2000,3237.0000,3253.2000,3253.4000,3254.0000,3255.0000,3259.6000,1,1,1,2,1,2,1,1,1,1
SF,IH2103,2020-09-07 09:32:20.400,3250.0000,4556,0,39030060.000,0,-,-,-,-,3244.0000,3243.8000,3240.2000,3237.0000,3231.0000,3253.2000,3253.4000,3254.0000,3255.0000,3259.6000,1,1,2,1,2,2,1,1,1,1
SF,IH2103,2020-09-07 09:32:20.900,3250.0000,4556,0,39030060.000,0,-,-,-,-,3244.2000,3244.0000,3243.8000,3240.2000,3237.0000,3253.2000,3253.4000,3254.0000,3255.0000,3259.6000,1,1,1,2,1,2,1,1,1,1
SF,IH2103,2020-09-07 09:32:21.400,3250.0000,4556,0,39030060.000,0,-,-,-,-,3244.2000,3244.0000,3243.8000,3240.2000,3237.0000,3253.2000,3253.4000,3254.0000,3255.0000,3259.6000,1,1,1,2,1,2,1,1,1,1
SF,IH2103,2020-09-07 09:32:21.900,3250.0000,4556,0,39030060.000,0,-,-,-,-,3244.2000,3244.0000,3243.8000,3240.2000,3237.0000,3253.2000,3253.4000,3254.0000,3255.0000,3259.6000,1,1,1,2,1,2,1,1,1,1
SF,IH2103,2020-09-07 09:32:22.400,3250.0000,4556,0,39030060.000,0,-,-,-,-,3244.2000,3244.0000,3243.8000,3240.2000,3237.0000,3253.2000,3253.4000,3254.0000,3255.0000,3259.6000,1,1,1,2,1,2,1,1,1,1
SF,IH2103,2020-09-07 09:32:22.900,3250.0000,4556,0,39030060.000,0,-,-,-,-,3244.2000,3244.0000,3243.8000,3240.2000,3237.0000,3253.2000,3253.4000,3254.0000,3255.0000,3259.6000,1,1,1,2,1,2,1,1,1,1
SF,IH2103,2020-09-07 09:32:23.400,3250.0000,4556,0,39030060.000,0,-,-,-,-,3244.2000,3244.0000,3243.8000,3240.2000,3237.0000,3253.2000,3253.4000,3254.0000,3255.0000,3259.6000,1,1,1,2,1,2,1,1,1,1
SF,IH2103,2020-09-07 09:32:26.400,3250.0000,4556,0,39030060.000,0,-,-,-,-,3244.2000,3244.0000,3243.8000,3240.2000,3237.0000,3253.0000,3253.2000,3253.4000,3254.0000,3255.0000,1,1,1,2,1,1,2,1,1,1
SF,IH2103,2020-09-07 09:32:26.900,3250.0000,4556,0,39030060.000,0,-,-,-,-,3244.8000,3244.2000,3244.0000,3243.8000,3240.2000,3252.8000,3253.0000,3253.4000,3254.0000,3255.0000,1,1,1,1,2,2,1,1,1,1
SF,IH2103,2020-09-07 09:32:27.400,3250.0000,4556,0,39030060.000,0,-,-,-,-,3245.4000,3245.0000,3244.8000,3244.0000,3243.8000,3252.8000,3253.0000,3253.4000,3254.0000,3255.0000,1,1,1,1,1,2,1,1,1,1
SF,IH2103,2020-09-07 09:32:27.900,3250.0000,4556,0,39030060.000,0,-,-,-,-,3245.6000,3245.4000,3244.8000,3244.0000,3243.8000,3252.8000,3253.0000,3253.4000,3254.0000,3255.0000,1,1,1,1,1,2,1,1,1,1
SF,IH2103,2020-09-07 09:32:28.900,3250.0000,4556,0,39030060.000,0,-,-,-,-,3246.0000,3245.6000,3245.4000,3244.0000,3243.8000,3252.8000,3253.4000,3254.0000,3255.0000,3259.6000,1,1,1,1,1,2,1,1,1,1
SF,IH2103,2020-09-07 09:32:29.400,3250.0000,4556,0,39030060.000,0,-,-,-,-,3246.2000,3246.0000,3245.4000,3244.0000,3243.8000,3252.8000,3253.4000,3254.0000,3255.0000,3259.6000,1,1,1,1,1,2,1,1,1,1
SF,IH2103,2020-09-07 09:32:29.900,3250.0000,4556,0,39030060.000,0,-,-,-,-,3247.0000,3246.2000,3246.0000,3245.4000,3244.0000,3252.8000,3253.4000,3254.0000,3255.0000,3259.6000,1,1,1,1,1,2,1,1,1,1
SF,IH2103,2020-09-07 09:32:30.400,3250.0000,4556,0,39030060.000,0,-,-,-,-,3247.2000,3247.0000,3246.0000,3245.4000,3244.0000,3252.8000,3253.4000,3254.0000,3255.0000,3259.6000,1,1,1,1,1,2,1,1,1,1
SF,IH2103,2020-09-07 09:32:31.900,3250.0000,4556,0,39030060.000,0,-,-,-,-,3247.2000,3247.0000,3245.4000,3244.0000,3243.8000,3252.8000,3253.4000,3254.0000,3255.0000,3259.6000,1,1,1,1,1,2,1,1,1,1
SF,IH2103,2020-09-07 09:32:32.400,3250.0000,4556,0,39030060.000,0,-,-,-,-,3247.4000,3247.2000,3247.0000,3245.4000,3244.0000,3252.8000,3253.4000,3254.0000,3255.0000,3259.6000,1,1,1,1,1,2,1,1,1,1
SF,IH2103,2020-09-07 09:32:32.900,3250.0000,4556,0,39030060.000,0,-,-,-,-,3247.6000,3247.4000,3247.0000,3245.4000,3244.0000,3252.8000,3253.4000,3254.0000,3255.0000,3259.6000,1,1,1,1,2,2,1,1,1,1
SF,IH2103,2020-09-07 09:32:33.900,3250.0000,4556,0,39030060.000,0,-,-,-,-,3247.6000,3247.0000,3245.4000,3244.0000,3243.8000,3252.8000,3253.4000,3254.0000,3255.0000,3259.6000,1,1,1,2,1,2,1,1,1,1
SF,IH2103,2020-09-07 09:32:35.900,3250.0000,4556,0,39030060.000,0,-,-,-,-,3247.8000,3247.6000,3247.0000,3245.4000,3244.0000,3252.8000,3253.4000,3254.0000,3255.0000,3259.6000,1,1,1,1,2,2,1,1,1,1
SF,IH2103,2020-09-07 09:32:36.400,3250.0000,4556,0,39030060.000,0,-,-,-,-,3248.0000,3247.8000,3247.0000,3245.4000,3244.0000,3252.8000,3253.4000,3254.0000,3255.0000,3259.6000,1,1,1,1,2,2,1,1,1,1
SF,IH2103,2020-09-07 09:32:36.900,3250.0000,4556,0,39030060.000,0,-,-,-,-,3248.6000,3248.0000,3247.8000,3247.0000,3244.0000,3252.8000,3253.4000,3254.0000,3255.0000,3259.6000,1,1,1,1,2,2,1,1,1,1
SF,IH2103,2020-09-07 09:32:37.400,3250.0000,4556,0,39030060.000,0,-,-,-,-,3248.8000,3248.6000,3247.8000,3247.0000,3244.0000,3250.0000,3252.8000,3253.4000,3254.0000,3255.0000,1,1,1,1,2,1,2,1,1,1
SF,IH2103,2020-09-07 09:32:37.900,3250.0000,4555,-1,40005060.000,1,0,1,双平,S,3248.8000,3248.6000,3247.8000,3247.0000,3244.0000,3252.8000,3253.4000,3254.0000,3255.0000,3259.6000,1,1,1,1,2,2,1,1,1,1
SF,IH2103,2020-09-07 09:32:38.400,3250.0000,4555,0,40005060.000,0,-,-,-,-,3250.0000,3248.8000,3248.6000,3247.8000,3247.0000,3252.8000,3253.4000,3254.0000,3255.0000,3259.6000,1,1,1,1,1,2,1,1,1,1
SF,IH2103,2020-09-07 09:32:38.900,3250.0000,4555,0,40005060.000,0,-,-,-,-,3250.0000,3248.8000,3248.6000,3247.8000,3247.0000,3252.4000,3252.8000,3253.4000,3254.0000,3255.0000,1,1,1,1,1,1,2,1,1,1
SF,IH2103,2020-09-07 09:32:39.400,3250.0000,4555,0,40005060.000,0,-,-,-,-,3250.0000,3248.8000,3248.6000,3247.0000,3244.0000,3252.0000,3252.2000,3253.4000,3254.0000,3255.0000,1,1,1,1,2,1,2,1,1,1
SF,IH2103,2020-09-07 09:32:39.900,3250.0000,4555,0,40005060.000,0,-,-,-,-,3250.0000,3248.8000,3248.6000,3247.0000,3244.0000,3251.8000,3252.2000,3253.4000,3254.0000,3255.0000,1,1,1,1,2,1,2,1,1,1
SF,IH2103,2020-09-07 09:32:40.400,3250.0000,4555,0,40005060.000,0,-,-,-,-,3250.0000,3248.8000,3248.6000,3247.0000,3244.0000,3252.2000,3253.4000,3254.0000,3255.0000,3259.6000,1,1,1,1,2,2,1,1,1,1
SF,IH2103,2020-09-07 09:32:40.900,3250.0000,4555,0,40005060.000,0,-,-,-,-,3250.2000,3250.0000,3248.6000,3247.0000,3244.0000,3252.2000,3253.4000,3254.0000,3255.0000,3259.6000,1,1,1,1,2,1,1,1,1,1
SF,IH2103,2020-09-07 09:32:41.400,3250.0000,4555,0,40005060.000,0,-,-,-,-,3250.4000,3250.2000,3250.0000,3248.6000,3247.0000,3252.2000,3253.4000,3254.0000,3255.0000,3259.6000,1,1,1,1,1,1,1,1,1,1
SF,IH2103,2020-09-07 09:32:41.900,3250.0000,4555,0,40005060.000,0,-,-,-,-,3250.4000,3250.2000,3250.0000,3248.6000,3247.0000,3253.4000,3254.0000,3255.0000,3259.6000,3261.2000,1,1,1,1,1,1,1,1,1,1
SF,IH2103,2020-09-07 09:32:42.400,3250.0000,4555,0,40005060.000,0,-,-,-,-,3250.6000,3250.4000,3250.0000,3248.6000,3247.0000,3253.2000,3253.4000,3254.0000,3255.0000,3259.6000,1,1,1,1,1,2,1,1,1,1
SF,IH2103,2020-09-07 09:32:42.900,3250.0000,4555,0,40005060.000,0,-,-,-,-,3250.6000,3250.4000,3250.0000,3248.6000,3247.2000,3253.2000,3253.4000,3255.0000,3259.6000,3261.2000,1,1,1,1,1,2,1,1,1,1
SF,IH2103,2020-09-07 09:32:43.400,3250.0000,4555,0,40005060.000,0,-,-,-,-,3250.8000,3250.6000,3250.4000,3250.0000,3248.6000,3253.0000,3253.2000,3253.4000,3255.0000,3259.6000,1,1,1,1,1,1,2,1,1,1
SF,IH2103,2020-09-07 09:32:44.900,3250.0000,4555,0,40005060.000,0,-,-,-,-,3250.8000,3250.6000,3250.4000,3250.0000,3248.6000,3253.0000,3253.2000,3255.0000,3259.6000,3261.2000,1,1,1,1,1,1,2,1,1,1
SF,IH2103,2020-09-07 09:32:45.400,3250.0000,4555,0,40005060.000,0,-,-,-,-,3251.0000,3250.8000,3250.4000,3250.0000,3248.6000,3253.0000,3253.2000,3255.0000,3259.6000,3261.2000,1,1,1,1,1,1,1,1,1,1
SF,IH2103,2020-09-07 09:32:45.900,3250.0000,4555,0,40005060.000,0,-,-,-,-,3251.2000,3251.0000,3250.8000,3250.0000,3248.6000,3253.0000,3253.2000,3255.0000,3259.6000,3261.2000,1,1,1,1,1,1,1,1,1,1
SF,IH2103,2020-09-07 09:32:46.400,3250.0000,4555,0,40005060.000,0,-,-,-,-,3251.4000,3251.2000,3250.8000,3250.0000,3248.6000,3253.0000,3253.2000,3255.0000,3259.6000,3261.2000,1,1,1,1,1,1,1,1,1,1
SF,IH2103,2020-09-07 09:32:46.900,3250.0000,4555,0,40005060.000,0,-,-,-,-,3251.4000,3251.2000,3250.0000,3248.6000,3247.2000,3253.0000,3255.0000,3259.6000,3261.2000,3263.0000,2,1,1,1,1,1,1,1,1,1
SF,IH2103,2020-09-07 09:32:47.400,3253.0000,4554,-1,40980960.000,1,0,1,双平,S,3251.6000,3251.4000,3250.0000,3248.6000,3247.2000,3255.0000,3259.6000,3261.2000,3263.0000,3265.0000,1,1,1,1,1,1,1,1,1,1
SF,IH2103,2020-09-07 09:32:47.900,3253.0000,4554,0,40980960.000,0,-,-,-,-,3251.8000,3250.0000,3248.6000,3247.2000,3247.0000,3254.8000,3255.0000,3259.6000,3261.2000,3263.0000,1,1,1,1,1,2,1,1,1,1
SF,IH2103,2020-09-07 09:32:51.900,3253.0000,4554,0,40980960.000,0,-,-,-,-,3251.8000,3250.0000,3248.6000,3247.2000,3244.0000,3254.8000,3255.0000,3259.6000,3261.2000,3263.0000,1,1,1,1,2,2,1,1,1,1
SF,IH2103,2020-09-07 09:32:52.400,3253.0000,4554,0,40980960.000,0,-,-,-,-,3251.8000,3250.0000,3248.6000,3247.2000,3244.0000,3254.8000,3255.0000,3259.6000,3261.2000,3263.0000,1,1,1,1,2,1,1,1,1,1
SF,IH2103,2020-09-07 09:32:57.900,3251.8000,4553,-1,41956500.000,1,0,1,双平,S,3250.0000,3248.6000,3247.2000,3244.0000,3240.2000,3254.8000,3255.0000,3259.6000,3261.2000,3263.0000,1,1,1,2,2,1,1,1,1,1
SF,IH2103,2020-09-07 09:32:58.400,3251.8000,4553,0,41956500.000,0,-,-,-,-,3250.2000,3250.0000,3247.2000,3244.0000,3240.2000,3254.6000,3254.8000,3255.0000,3259.6000,3261.2000,2,1,1,2,2,1,1,1,1,1
SF,IH2103,2020-09-07 09:32:58.900,3251.8000,4553,0,41956500.000,0,-,-,-,-,3250.2000,3250.0000,3247.2000,3244.0000,3240.2000,3254.4000,3254.6000,3255.0000,3259.6000,3261.2000,2,1,1,2,2,1,1,1,1,1
SF,IH2103,2020-09-07 09:32:59.400,3251.8000,4553,0,41956500.000,0,-,-,-,-,3250.2000,3250.0000,3247.2000,3244.0000,3240.2000,3254.2000,3254.4000,3255.0000,3259.6000,3261.2000,2,1,1,2,2,1,1,1,1,1
SF,IH2103,2020-09-07 09:32:59.900,3251.8000,4553,0,41956500.000,0,-,-,-,-,3250.2000,3250.0000,3247.2000,3244.0000,3240.2000,3254.0000,3254.2000,3255.0000,3259.6000,3261.2000,2,1,1,2,2,1,1,1,1,1
SF,IH2103,2020-09-07 09:33:00.400,3251.8000,4553,0,41956500.000,0,-,-,-,-,3250.2000,3250.0000,3247.2000,3244.0000,3240.2000,3253.8000,3254.0000,3255.0000,3259.6000,3261.2000,2,1,1,2,2,1,1,1,1,1
SF,IH2103,2020-09-07 09:33:00.900,3251.8000,4553,0,41956500.000,0,-,-,-,-,3250.2000,3250.0000,3247.2000,3244.0000,3240.2000,3253.6000,3253.8000,3255.0000,3259.6000,3261.2000,2,1,1,2,2,1,1,1,1,1
SF,IH2103,2020-09-07 09:33:01.400,3251.8000,4553,0,41956500.000,0,-,-,-,-,3250.2000,3250.0000,3247.2000,3244.0000,3240.2000,3253.6000,3253.8000,3255.0000,3259.6000,3261.2000,2,1,1,2,2,1,1,1,1,1
SF,IH2103,2020-09-07 09:33:01.900,3251.8000,4553,0,41956500.000,0,-,-,-,-,3250.2000,3250.0000,3247.2000,3244.0000,3240.2000,3253.4000,3253.6000,3255.0000,3259.6000,3261.2000,2,1,1,2,2,1,1,1,1,1
SF,IH2103,2020-09-07 09:33:02.400,3251.8000,4553,0,41956500.000,0,-,-,-,-,3250.6000,3250.2000,3250.0000,3247.2000,3244.0000,3253.2000,3253.4000,3255.0000,3259.6000,3261.2000,1,2,1,1,2,1,1,1,1,1
SF,IH2103,2020-09-07 09:33:02.900,3251.8000,4553,0,41956500.000,0,-,-,-,-,3250.6000,3250.2000,3250.0000,3247.2000,3244.0000,3253.0000,3253.2000,3255.0000,3259.6000,3261.2000,1,2,1,1,2,1,1,1,1,1
SF,IH2103,2020-09-07 09:33:03.400,3251.8000,4553,0,41956500.000,0,-,-,-,-,3251.0000,3250.2000,3250.0000,3247.2000,3244.0000,3252.8000,3253.0000,3255.0000,3259.6000,3261.2000,1,2,1,1,2,1,1,1,1,1
SF,IH2103,2020-09-07 09:33:03.900,3251.8000,4553,0,41956500.000,0,-,-,-,-,3251.0000,3250.2000,3250.0000,3247.2000,3244.0000,3253.0000,3255.0000,3259.6000,3261.2000,3263.0000,1,2,1,1,2,1,1,1,1,1
SF,IH2103,2020-09-07 09:33:04.400,3251.8000,4553,0,41956500.000,0,-,-,-,-,3250.2000,3250.0000,3247.2000,3244.0000,3240.2000,3252.8000,3253.0000,3255.0000,3259.6000,3261.2000,2,1,1,2,2,1,1,1,1,1
SF,IH2103,2020-09-07 09:33:04.900,3251.8000,4553,0,41956500.000,0,-,-,-,-,3250.2000,3250.0000,3247.2000,3244.0000,3240.2000,3252.6000,3255.0000,3259.6000,3261.2000,3263.0000,1,1,1,2,2,2,1,1,1,1
SF,IH2103,2020-09-07 09:33:05.400,3251.8000,4553,0,41956500.000,0,-,-,-,-,3250.2000,3250.0000,3247.2000,3244.0000,3240.2000,3252.2000,3252.6000,3255.0000,3259.6000,3261.2000,1,1,1,2,2,1,2,1,1,1
SF,IH2103,2020-09-07 09:33:05.900,3251.8000,4553,0,41956500.000,0,-,-,-,-,3250.2000,3250.0000,3247.2000,3244.0000,3240.2000,3252.0000,3252.6000,3255.0000,3259.6000,3261.2000,1,1,1,2,2,2,1,1,1,1
SF,IH2103,2020-09-07 09:33:06.400,3250.2000,4552,-1,42931560.000,1,0,1,双平,S,3247.2000,3244.0000,3240.2000,3237.0000,3231.0000,3250.2000,3252.0000,3252.6000,3255.0000,3259.6000,1,2,2,1,2,1,2,1,1,1
SF,IH2103,2020-09-07 09:33:06.900,3250.2000,4552,0,43906620.000,1,0,1,多换,S,3247.8000,3247.4000,3247.2000,3244.0000,3240.2000,3250.2000,3252.0000,3252.2000,3255.0000,3259.6000,1,1,1,2,2,1,1,1,1,1
SF,IH2103,2020-09-07 09:33:07.400,3250.2000,4552,0,43906620.000,0,-,-,-,-,3248.2000,3248.0000,3247.2000,3244.0000,3240.2000,3250.0000,3252.0000,3252.2000,3255.0000,3259.6000,1,1,1,2,2,1,1,1,1,1
SF,IH2103,2020-09-07 09:33:07.900,3250.0000,4551,-1,44881620.000,1,0,1,双平,S,3250.4000,3248.2000,3248.0000,3247.2000,3244.0000,3252.0000,3252.2000,3255.0000,3259.6000,3261.2000,1,1,1,1,2,1,1,1,1,1
SF,IH2103,2020-09-07 09:33:08.400,3250.4000,4551,0,45856740.000,1,0,1,多换,S,3248.0000,3247.2000,3244.0000,3240.2000,3237.0000,3251.8000,3252.0000,3252.2000,3255.0000,3259.6000,1,1,2,2,1,1,1,1,1,1
SF,IH2103,2020-09-07 09:33:08.900,3250.4000,4551,0,45856740.000,0,-,-,-,-,3248.2000,3248.0000,3247.2000,3244.0000,3240.2000,3251.6000,3252.2000,3255.0000,3259.6000,3261.2000,1,1,1,2,2,1,1,1,1,1
SF,IH2103,2020-09-07 09:33:09.400,3250.4000,4551,0,45856740.000,0,-,-,-,-,3248.6000,3248.4000,3248.2000,3247.2000,3244.0000,3251.6000,3252.2000,3255.0000,3259.6000,3261.2000,1,1,1,1,2,1,1,1,1,1
SF,IH2103,2020-09-07 09:33:09.900,3250.4000,4551,0,45856740.000,0,-,-,-,-,3248.8000,3248.6000,3248.4000,3247.2000,3244.0000,3251.6000,3252.2000,3255.0000,3259.6000,3261.2000,1,1,1,1,2,1,1,1,1,1
SF,IH2103,2020-09-07 09:33:10.400,3250.4000,4551,0,45856740.000,0,-,-,-,-,3249.2000,3248.8000,3248.6000,3248.4000,3247.2000,3251.6000,3252.2000,3255.0000,3259.6000,3261.2000,1,1,1,1,1,1,1,1,1,1
SF,IH2103,2020-09-07 09:33:10.900,3250.4000,4551,0,45856740.000,0,-,-,-,-,3249.4000,3248.6000,3248.4000,3247.2000,3244.0000,3251.2000,3251.6000,3252.2000,3255.0000,3259.6000,1,1,1,1,2,1,1,1,1,1
SF,IH2103,2020-09-07 09:33:11.400,3250.4000,4551,0,45856740.000,0,-,-,-,-,3248.4000,3247.2000,3244.0000,3240.2000,3237.0000,3251.0000,3251.2000,3252.2000,3255.0000,3259.6000,1,1,2,2,1,1,1,1,1,1
SF,IH2103,2020-09-07 09:33:11.900,3250.4000,4551,0,45856740.000,0,-,-,-,-,3248.6000,3248.4000,3247.2000,3244.0000,3240.2000,3251.0000,3252.2000,3255.0000,3259.6000,3261.2000,1,1,1,2,2,1,1,1,1,1
SF,IH2103,2020-09-07 09:33:12.400,3250.4000,4551,0,45856740.000,0,-,-,-,-,3248.8000,3248.6000,3247.2000,3244.0000,3240.2000,3250.6000,3251.0000,3252.2000,3255.0000,3259.6000,1,1,1,2,2,1,1,1,1,1
SF,IH2103,2020-09-07 09:33:12.900,3250.4000,4551,0,45856740.000,0,-,-,-,-,3248.8000,3248.6000,3247.2000,3244.0000,3240.2000,3251.0000,3252.2000,3255.0000,3259.6000,3261.2000,1,1,1,2,2,1,1,1,1,1
SF,IH2103,2020-09-07 09:33:14.900,3250.4000,4551,0,45856740.000,0,-,-,-,-,3248.8000,3248.6000,3247.2000,3244.0000,3240.2000,3251.0000,3252.2000,3255.0000,3259.6000,3261.2000,1,1,1,2,2,1,1,1,1,1
SF,IH2103,2020-09-07 09:33:15.400,3250.4000,4551,0,45856740.000,0,-,-,-,-,3248.8000,3248.6000,3247.2000,3244.0000,3240.2000,3252.2000,3255.0000,3259.6000,3261.2000,3262.6000,1,1,1,2,2,1,1,1,1,1
SF,IH2103,2020-09-07 09:33:15.900,3250.4000,4551,0,45856740.000,0,-,-,-,-,3249.0000,3248.8000,3247.2000,3244.0000,3240.2000,3252.0000,3252.2000,3255.0000,3259.6000,3261.2000,1,1,1,2,2,1,1,1,1,1
SF,IH2103,2020-09-07 09:33:16.400,3250.4000,4551,0,45856740.000,0,-,-,-,-,3249.6000,3249.2000,3249.0000,3247.2000,3244.0000,3252.2000,3255.0000,3259.6000,3261.2000,3262.6000,1,2,1,1,2,1,1,1,1,1
SF,IH2103,2020-09-07 09:33:16.900,3250.4000,4551,0,45856740.000,0,-,-,-,-,3249.8000,3249.6000,3249.2000,3249.0000,3247.2000,3255.0000,3259.6000,3261.2000,3262.6000,3263.0000,2,1,1,1,1,1,1,1,1,1
SF,IH2103,2020-09-07 09:33:17.400,3250.4000,4551,0,45856740.000,0,-,-,-,-,3249.8000,3249.2000,3249.0000,3247.2000,3244.0000,3254.6000,3254.8000,3255.0000,3259.6000,3261.2000,2,1,1,1,2,1,1,1,1,1
SF,IH2103,2020-09-07 09:33:17.900,3250.4000,4551,0,45856740.000,0,-,-,-,-,3250.0000,3249.8000,3249.2000,3249.0000,3247.2000,3254.4000,3254.6000,3255.0000,3259.6000,3261.2000,1,2,1,1,1,1,1,1,1,1
SF,IH2103,2020-09-07 09:33:18.400,3250.4000,4551,0,45856740.000,0,-,-,-,-,3250.2000,3250.0000,3249.2000,3249.0000,3247.2000,3254.2000,3254.4000,3255.0000,3259.6000,3261.2000,2,1,1,1,1,1,1,1,1,1
SF,IH2103,2020-09-07 09:33:18.900,3250.4000,4551,0,45856740.000,0,-,-,-,-,3250.4000,3250.2000,3250.0000,3249.0000,3247.2000,3254.0000,3255.0000,3259.6000,3261.2000,3262.6000,1,2,1,1,1,1,1,1,1,1
SF,IH2103,2020-09-07 09:33:19.400,3250.4000,4551,0,45856740.000,0,-,-,-,-,3250.6000,3250.4000,3250.0000,3247.2000,3244.0000,3254.0000,3255.0000,3259.6000,3261.2000,3262.6000,2,1,1,1,2,1,1,1,1,1
SF,IH2103,2020-09-07 09:33:19.900,3250.4000,4551,0,45856740.000,0,-,-,-,-,3250.6000,3250.4000,3250.0000,3247.2000,3245.0000,3254.0000,3255.0000,3259.6000,3261.2000,3262.6000,2,1,1,1,1,1,1,1,1,1
SF,IH2103,2020-09-07 09:33:20.400,3250.4000,4551,0,45856740.000,0,-,-,-,-,3250.8000,3250.6000,3250.4000,3247.2000,3245.0000,3254.0000,3255.0000,3259.6000,3261.2000,3262.6000,1,2,1,1,1,1,1,1,1,1
SF,IH2103,2020-09-07 09:33:20.900,3250.4000,4551,0,45856740.000,0,-,-,-,-,3251.2000,3251.0000,3250.8000,3247.2000,3245.0000,3254.0000,3255.0000,3259.6000,3261.2000,3262.6000,1,3,1,1,1,1,1,1,1,1
SF,IH2103,2020-09-07 09:33:21.400,3250.4000,4551,0,45856740.000,0,-,-,-,-,3251.6000,3251.4000,3251.0000,3250.8000,3247.2000,3255.0000,3259.6000,3261.2000,3262.6000,3263.0000,1,2,2,1,1,1,1,1,1,1
SF,IH2103,2020-09-07 09:33:21.900,3250.4000,4551,0,45856740.000,0,-,-,-,-,3251.8000,3251.6000,3251.4000,3251.0000,3250.8000,3254.8000,3255.0000,3259.6000,3261.2000,3262.6000,1,1,1,2,1,1,1,1,1,1
SF,IH2103,2020-09-07 09:33:22.400,3250.4000,4551,0,45856740.000,0,-,-,-,-,3252.4000,3252.2000,3252.0000,3251.8000,3251.0000,3254.8000,3255.0000,3259.6000,3261.2000,3262.6000,1,1,1,1,1,1,1,1,1,1
SF,IH2103,2020-09-07 09:33:22.900,3250.4000,4551,0,45856740.000,0,-,-,-,-,3252.8000,3252.6000,3252.2000,3251.0000,3250.2000,3255.0000,3259.6000,3261.2000,3262.6000,3263.0000,1,2,1,1,1,1,1,1,1,1
SF,IH2103,2020-09-07 09:33:23.400,3250.4000,4551,0,45856740.000,0,-,-,-,-,3253.0000,3252.8000,3252.6000,3252.2000,3250.2000,3255.0000,3259.6000,3261.2000,3262.6000,3263.0000,2,1,1,1,1,1,1,1,1,1
SF,IH2103,2020-09-07 09:33:23.900,3250.4000,4551,0,45856740.000,0,-,-,-,-,3253.2000,3253.0000,3252.6000,3250.2000,3245.0000,3255.0000,3259.6000,3261.2000,3262.6000,3263.0000,1,2,1,1,1,1,1,1,1,1
SF,IH2103,2020-09-07 09:33:24.400,3250.4000,4551,0,45856740.000,0,-,-,-,-,3253.2000,3253.0000,3252.6000,3250.2000,3245.0000,3254.8000,3255.0000,3259.6000,3261.2000,3262.6000,1,1,1,1,1,1,1,1,1,1
SF,IH2103,2020-09-07 09:33:24.900,3250.4000,4551,0,45856740.000,0,-,-,-,-,3253.0000,3252.6000,3250.2000,3245.0000,3244.0000,3254.6000,3254.8000,3255.0000,3259.6000,3261.2000,1,1,1,1,2,1,1,1,1,1
SF,IH2103,2020-09-07 09:33:25.400,3250.4000,4551,0,45856740.000,0,-,-,-,-,3253.0000,3252.6000,3250.2000,3245.0000,3244.0000,3254.4000,3254.8000,3255.0000,3259.6000,3261.2000,1,1,1,1,2,1,1,1,1,1
SF,IH2103,2020-09-07 09:33:25.900,3250.4000,4551,0,45856740.000,0,-,-,-,-,3250.2000,3245.0000,3244.0000,3240.2000,3237.0000,3254.2000,3255.0000,3259.6000,3261.2000,3262.6000,1,1,2,2,1,1,1,1,1,1
SF,IH2103,2020-09-07 09:33:26.400,3250.4000,4551,0,45856740.000,0,-,-,-,-,3250.4000,3250.2000,3245.0000,3244.0000,3240.2000,3255.0000,3259.6000,3261.2000,3262.6000,3263.0000,5,1,1,2,2,1,1,1,1,1
SF,IH2103,2020-09-07 09:33:26.900,3250.4000,4551,0,45856740.000,0,-,-,-,-,3250.4000,3250.2000,3245.0000,3244.0000,3240.2000,3255.0000,3259.6000,3261.2000,3262.6000,3263.0000,5,1,1,2,2,1,1,1,1,1
SF,IH2103,2020-09-07 09:33:27.400,3250.4000,4551,0,45856740.000,0,-,-,-,-,3250.4000,3250.2000,3245.0000,3244.0000,3240.2000,3255.0000,3259.6000,3261.2000,3262.6000,3263.0000,5,1,1,2,2,1,1,1,1,1
SF,IH2103,2020-09-07 09:33:27.900,3250.4000,4551,0,45856740.000,0,-,-,-,-,3250.4000,3250.2000,3245.0000,3244.0000,3240.2000,3255.0000,3259.6000,3261.2000,3262.6000,3263.0000,5,1,1,2,2,1,1,1,1,1
SF,IH2103,2020-09-07 09:33:28.400,3250.4000,4551,0,45856740.000,0,-,-,-,-,3251.0000,3250.4000,3250.2000,3245.0000,3244.0000,3254.8000,3255.0000,3259.6000,3261.2000,3262.6000,1,5,1,1,2,1,1,1,1,1
SF,IH2103,2020-09-07 09:33:28.900,3250.4000,4551,0,45856740.000,0,-,-,-,-,3251.2000,3251.0000,3250.4000,3250.2000,3245.0000,3254.8000,3255.0000,3259.6000,3261.2000,3262.6000,4,1,1,1,1,1,1,1,1,1
SF,IH2103,2020-09-07 09:33:29.400,3250.4000,4551,0,45856740.000,0,-,-,-,-,3251.4000,3251.2000,3251.0000,3250.4000,3250.2000,3254.8000,3255.0000,3259.6000,3261.2000,3262.6000,1,4,1,1,1,1,1,1,1,1
SF,IH2103,2020-09-07 09:33:29.900,3250.4000,4551,0,45856740.000,0,-,-,-,-,3251.6000,3251.2000,3251.0000,3250.4000,3250.2000,3254.8000,3255.0000,3259.6000,3261.2000,3262.6000,2,2,1,1,1,1,1,1,1,1
SF,IH2103,2020-09-07 09:33:30.400,3250.4000,4551,0,45856740.000,0,-,-,-,-,3252.0000,3251.6000,3251.2000,3251.0000,3250.4000,3254.8000,3255.0000,3259.6000,3261.2000,3262.6000,1,1,2,1,1,1,1,1,1,1
SF,IH2103,2020-09-07 09:33:30.900,3250.4000,4551,0,45856740.000,0,-,-,-,-,3252.4000,3252.2000,3251.2000,3251.0000,3250.4000,3254.8000,3255.0000,3259.6000,3261.2000,3262.6000,1,1,2,1,1,1,1,1,1,1
SF,IH2103,2020-09-07 09:33:31.400,3250.4000,4551,0,45856740.000,0,-,-,-,-,3252.8000,3252.6000,3251.0000,3250.4000,3250.2000,3254.8000,3255.0000,3259.6000,3261.2000,3262.6000,1,2,1,1,1,1,1,1,1,1
SF,IH2103,2020-09-07 09:33:31.900,3250.4000,4551,0,45856740.000,0,-,-,-,-,3252.6000,3251.0000,3250.4000,3250.2000,3245.0000,3254.8000,3255.0000,3259.6000,3261.2000,3262.6000,2,1,1,1,1,1,1,1,1,1
SF,IH2103,2020-09-07 09:33:32.400,3250.4000,4551,0,45856740.000,0,-,-,-,-,3252.6000,3251.0000,3250.4000,3250.2000,3245.0000,3254.8000,3255.0000,3259.6000,3261.2000,3262.6000,3,1,1,1,1,1,1,1,1,1
SF,IH2103,2020-09-07 09:33:33.900,3250.4000,4551,0,45856740.000,0,-,-,-,-,3252.6000,3250.4000,3250.2000,3245.0000,3244.0000,3254.8000,3255.0000,3259.6000,3261.2000,3262.6000,3,1,1,1,2,1,1,1,1,1
SF,IH2103,2020-09-07 09:33:34.400,3254.8000,4550,-1,46833180.000,1,0,1,双平,S,3252.6000,3250.4000,3250.2000,3245.0000,3244.0000,3255.0000,3259.6000,3261.2000,3262.6000,3263.0000,3,1,1,1,2,1,1,1,1,1
SF,IH2103,2020-09-07 09:33:34.900,3255.0000,4549,-1,47809680.000,1,0,1,双平,S,3253.0000,3252.6000,3250.4000,3250.2000,3245.0000,3259.6000,3261.2000,3262.6000,3263.0000,3264.8000,1,3,1,1,1,1,1,1,1,1
SF,IH2103,2020-09-07 09:33:35.400,3255.0000,4549,0,47809680.000,0,-,-,-,-,3253.2000,3250.2000,3245.0000,3244.0000,3240.2000,3259.0000,3259.4000,3259.6000,3261.2000,3262.6000,1,1,1,2,2,1,1,1,1,1
SF,IH2103,2020-09-07 09:33:35.900,3255.0000,4549,0,47809680.000,0,-,-,-,-,3253.4000,3253.2000,3250.2000,3245.0000,3244.0000,3258.8000,3259.0000,3259.6000,3261.2000,3262.6000,1,1,1,1,2,1,1,1,1,1
SF,IH2103,2020-09-07 09:33:36.400,3255.0000,4549,0,47809680.000,0,-,-,-,-,3253.6000,3253.4000,3250.2000,3245.0000,3244.0000,3258.2000,3258.8000,3259.6000,3261.2000,3262.6000,1,1,1,1,2,2,1,1,1,1
SF,IH2103,2020-09-07 09:33:36.900,3255.0000,4549,0,47809680.000,0,-,-,-,-,3253.8000,3253.6000,3250.2000,3245.0000,3244.0000,3258.0000,3258.2000,3259.6000,3261.2000,3262.6000,1,1,1,1,2,1,2,1,1,1
SF,IH2103,2020-09-07 09:33:37.400,3255.0000,4549,0,47809680.000,0,-,-,-,-,3254.0000,3253.8000,3250.2000,3245.0000,3244.0000,3257.4000,3258.0000,3258.2000,3259.6000,3261.2000,1,1,1,1,2,1,1,1,1,1
SF,IH2103,2020-09-07 09:33:37.900,3255.0000,4549,0,47809680.000,0,-,-,-,-,3254.0000,3250.2000,3245.0000,3244.0000,3240.2000,3257.2000,3257.4000,3258.2000,3259.6000,3261.2000,1,1,1,2,2,1,1,1,1,1
SF,IH2103,2020-09-07 09:33:38.400,3254.0000,4548,-1,48785880.000,1,0,1,双平,S,3250.2000,3245.0000,3244.0000,3240.2000,3237.0000,3256.6000,3256.8000,3257.0000,3257.2000,3259.6000,1,1,2,2,1,2,1,1,1,1
SF,IH2103,2020-09-07 09:33:38.900,3254.0000,4548,0,48785880.000,0,-,-,-,-,3250.4000,3250.2000,3245.0000,3244.0000,3240.2000,3256.4000,3256.6000,3259.6000,3261.2000,3262.6000,1,1,1,2,2,2,2,1,1,1
SF,IH2103,2020-09-07 09:33:39.400,3254.0000,4548,0,48785880.000,0,-,-,-,-,3250.4000,3250.2000,3245.0000,3244.0000,3240.2000,3255.8000,3256.4000,3256.6000,3259.6000,3261.2000,1,1,1,2,2,1,2,1,1,1
SF,IH2103,2020-09-07 09:33:39.900,3255.8000,4547,-1,49762620.000,1,0,1,双平,S,3250.6000,3250.4000,3250.2000,3245.0000,3244.0000,3256.6000,3259.6000,3261.2000,3262.6000,3263.0000,3,1,1,1,2,1,1,1,1,1
SF,IH2103,2020-09-07 09:33:40.400,3256.6000,4547,0,50739600.000,1,0,1,多换,S,3251.2000,3250.8000,3250.6000,3250.2000,3245.0000,3259.6000,3261.2000,3262.6000,3263.0000,3264.8000,1,1,3,1,1,1,1,1,1,1
SF,IH2103,2020-09-07 09:33:40.900,3256.6000,4547,0,50739600.000,0,-,-,-,-,3252.0000,3251.8000,3251.4000,3251.2000,3250.6000,3259.4000,3259.6000,3261.2000,3262.6000,3263.0000,1,1,2,1,2,1,1,1,1,1
SF,IH2103,2020-09-07 09:33:41.400,3256.6000,4547,0,50739600.000,0,-,-,-,-,3252.6000,3252.2000,3252.0000,3251.8000,3250.6000,3259.4000,3259.6000,3261.2000,3262.6000,3263.0000,1,2,1,1,2,1,1,1,1,1
SF,IH2103,2020-09-07 09:33:41.900,3256.6000,4547,0,50739600.000,0,-,-,-,-,3252.8000,3252.6000,3252.0000,3251.8000,3250.6000,3259.4000,3259.6000,3261.2000,3262.6000,3263.0000,2,1,1,1,2,1,1,1,1,1
SF,IH2103,2020-09-07 09:33:42.400,3256.6000,4547,0,50739600.000,0,-,-,-,-,3253.4000,3252.8000,3252.0000,3250.2000,3245.0000,3259.4000,3259.6000,3261.2000,3262.6000,3263.0000,2,2,1,1,1,1,1,1,1,1
SF,IH2103,2020-09-07 09:33:42.900,3256.6000,4547,0,50739600.000,0,-,-,-,-,3253.6000,3253.4000,3252.0000,3250.2000,3245.0000,3259.4000,3259.6000,3261.2000,3262.6000,3263.0000,2,2,1,2,1,1,1,1,1,1
SF,IH2103,2020-09-07 09:33:43.400,3256.6000,4547,0,50739600.000,0,-,-,-,-,3254.2000,3253.8000,3253.6000,3253.4000,3252.0000,3259.4000,3259.6000,3261.2000,3262.6000,3263.0000,1,1,2,1,1,1,1,1,1,1
SF,IH2103,2020-09-07 09:33:43.900,3256.6000,4547,0,50739600.000,0,-,-,-,-,3254.4000,3254.2000,3253.8000,3253.4000,3252.0000,3259.4000,3259.6000,3261.2000,3262.6000,3263.0000,2,1,1,1,1,1,1,1,1,1
SF,IH2103,2020-09-07 09:33:44.400,3256.6000,4547,0,50739600.000,0,-,-,-,-,3255.0000,3254.4000,3253.8000,3252.0000,3250.2000,3259.4000,3259.6000,3261.2000,3262.6000,3263.0000,2,2,1,1,2,1,1,1,1,1
SF,IH2103,2020-09-07 09:33:44.900,3256.6000,4547,0,50739600.000,0,-,-,-,-,3255.2000,3255.0000,3254.6000,3252.0000,3250.2000,3259.4000,3259.6000,3261.2000,3262.6000,3263.0000,2,2,1,1,2,1,1,1,1,1
SF,IH2103,2020-09-07 09:33:45.400,3259.4000,4546,-1,51717420.000,1,0,1,双平,S,3255.8000,3255.2000,3255.0000,3254.6000,3253.2000,3259.6000,3261.2000,3262.6000,3263.0000,3264.8000,1,2,1,1,1,1,1,1,1,1
SF,IH2103,2020-09-07 09:33:45.900,3259.4000,4546,0,51717420.000,0,-,-,-,-,3256.4000,3256.0000,3255.8000,3255.0000,3254.6000,3259.6000,3261.2000,3262.6000,3263.0000,3264.8000,1,2,1,1,1,1,1,1,1,1
SF,IH2103,2020-09-07 09:33:46.400,3259.4000,4546,0,51717420.000,0,-,-,-,-,3256.8000,3256.6000,3256.4000,3255.8000,3253.2000,3259.6000,3261.2000,3262.6000,3263.0000,3264.8000,1,3,1,2,1,1,1,1,1,1
SF,IH2103,2020-09-07 09:33:46.900,3259.4000,4546,0,51717420.000,0,-,-,-,-,3257.4000,3257.0000,3256.6000,3256.4000,3255.8000,3259.2000,3259.6000,3261.2000,3262.6000,3263.0000,1,5,1,1,1,1,1,1,1,1
SF,IH2103,2020-09-07 09:33:47.400,3259.4000,4546,0,51717420.000,0,-,-,-,-,3257.6000,3257.0000,3256.4000,3255.8000,3253.2000,3259.6000,3261.2000,3262.6000,3263.0000,3264.8000,2,5,1,1,1,1,1,1,1,1
SF,IH2103,2020-09-07 09:33:47.900,3259.4000,4546,0,51717420.000,0,-,-,-,-,3257.6000,3257.0000,3256.4000,3255.8000,3253.2000,3259.4000,3259.6000,3261.2000,3262.6000,3263.0000,2,5,1,1,1,1,1,1,1,1
SF,IH2103,2020-09-07 09:33:48.400,3257.6000,4545,-1,53671980.000,2,0,2,多平,S,3257.0000,3256.4000,3255.8000,3253.2000,3245.0000,3259.4000,3259.6000,3261.2000,3262.6000,3263.0000,2,1,1,1,1,1,1,1,1,1
SF,IH2103,2020-09-07 09:33:48.900,3257.6000,4545,0,53671980.000,0,-,-,-,-,3257.2000,3257.0000,3256.4000,3253.2000,3245.0000,3259.6000,3261.2000,3262.6000,3263.0000,3264.8000,4,2,1,1,1,1,1,1,1,1
SF,IH2103,2020-09-07 09:33:49.400,3259.6000,4544,-1,54649860.000,1,0,1,双平,S,3257.6000,3257.4000,3257.2000,3256.4000,3253.2000,3261.2000,3262.6000,3263.0000,3264.8000,3265.0000,1,2,4,1,1,1,1,1,1,1
SF,IH2103,2020-09-07 09:33:49.900,3259.6000,4544,0,54649860.000,0,-,-,-,-,3258.2000,3257.8000,3257.4000,3257.2000,3256.4000,3261.2000,3262.6000,3263.0000,3264.8000,3265.0000,1,2,1,4,1,1,1,1,1,1
SF,IH2103,2020-09-07 09:33:50.400,3259.6000,4544,0,54649860.000,0,-,-,-,-,3258.4000,3258.2000,3257.4000,3257.2000,3256.4000,3261.2000,3262.6000,3263.0000,3264.8000,3265.0000,2,1,1,4,1,1,1,1,1,1
SF,IH2103,2020-09-07 09:33:50.900,3259.6000,4544,0,54649860.000,0,-,-,-,-,3259.0000,3258.8000,3258.4000,3258.2000,3257.4000,3261.2000,3262.6000,3263.0000,3264.8000,3265.0000,1,1,2,1,1,1,1,1,1,1
SF,IH2103,2020-09-07 09:33:51.400,3259.6000,4544,0,54649860.000,0,-,-,-,-,3259.2000,3259.0000,3258.8000,3258.4000,3258.2000,3261.2000,3262.6000,3263.0000,3264.8000,3265.0000,2,1,1,1,1,1,1,1,1,1
SF,IH2103,2020-09-07 09:33:51.900,3261.2000,4544,0,55628220.000,1,0,1,多换,S,3259.4000,3259.2000,3259.0000,3258.4000,3257.4000,3262.6000,3263.0000,3264.8000,3265.0000,3268.4000,1,2,1,1,1,1,1,1,1,1
SF,IH2103,2020-09-07 09:33:52.400,3261.2000,4544,0,55628220.000,0,-,-,-,-,3259.6000,3259.2000,3257.4000,3257.2000,3245.0000,3262.2000,3262.4000,3262.6000,3263.0000,3264.8000,3,1,1,4,1,1,1,1,1,1
SF,IH2103,2020-09-07 09:33:52.900,3261.2000,4544,0,55628220.000,0,-,-,-,-,3259.6000,3259.2000,3257.4000,3257.2000,3245.0000,3262.2000,3262.4000,3262.6000,3263.0000,3264.8000,2,1,1,4,1,1,1,1,1,1
SF,IH2103,2020-09-07 09:33:53.400,3261.2000,4544,0,55628220.000,0,-,-,-,-,3259.6000,3259.2000,3257.4000,3257.2000,3255.6000,3262.2000,3262.4000,3262.6000,3263.0000,3264.8000,2,1,1,4,1,1,1,1,1,1
SF,IH2103,2020-09-07 09:33:53.900,3261.2000,4544,0,55628220.000,0,-,-,-,-,3259.8000,3259.6000,3259.2000,3257.2000,3255.6000,3262.2000,3262.4000,3262.6000,3263.0000,3264.8000,1,2,1,4,1,1,1,1,1,1
SF,IH2103,2020-09-07 09:33:54.400,3261.2000,4544,0,55628220.000,0,-,-,-,-,3260.0000,3259.8000,3259.2000,3257.2000,3255.6000,3261.8000,3262.4000,3262.6000,3263.0000,3264.8000,2,1,1,4,1,1,1,1,1,1
SF,IH2103,2020-09-07 09:33:54.900,3260.2000,4543,-1,56606280.000,1,0,1,双平,S,3260.0000,3259.8000,3259.2000,3257.2000,3255.6000,3262.6000,3263.0000,3264.8000,3265.0000,3268.4000,1,1,1,4,1,1,1,1,1,1
SF,IH2103,2020-09-07 09:33:55.400,3260.2000,4543,0,57584340.000,1,0,1,多换,S,3260.0000,3259.2000,3257.2000,3255.6000,3245.0000,3262.4000,3262.6000,3263.0000,3264.8000,3265.0000,1,1,4,1,1,1,1,1,1,1
SF,IH2103,2020-09-07 09:33:55.900,3260.2000,4543,0,57584340.000,0,-,-,-,-,3260.4000,3260.0000,3259.6000,3259.2000,3257.2000,3262.4000,3262.6000,3263.0000,3264.8000,3265.0000,1,1,1,1,4,1,1,1,1,1
SF,IH2103,2020-09-07 09:33:56.400,3260.2000,4543,0,57584340.000,0,-,-,-,-,3260.6000,3259.6000,3259.2000,3257.2000,3255.6000,3262.4000,3262.6000,3263.0000,3264.8000,3265.0000,3,1,1,4,1,1,1,1,1,1
SF,IH2103,2020-09-07 09:33:56.900,3260.2000,4543,0,57584340.000,0,-,-,-,-,3261.0000,3260.6000,3259.6000,3257.2000,3255.6000,3262.6000,3263.0000,3264.8000,3265.0000,3268.4000,1,4,1,4,1,1,1,1,1,1
SF,IH2103,2020-09-07 09:33:57.400,3262.6000,4542,-1,58563120.000,1,0,1,双平,S,3261.2000,3261.0000,3260.6000,3257.2000,3255.6000,3263.0000,3264.8000,3265.0000,3268.4000,3269.2000,2,1,1,4,1,1,1,1,1,1
SF,IH2103,2020-09-07 09:33:57.900,3262.6000,4542,0,58563120.000,0,-,-,-,-,3261.2000,3260.6000,3257.2000,3255.6000,3245.0000,3263.0000,3264.8000,3265.0000,3268.4000,3269.2000,1,1,4,1,1,1,1,1,1,1
SF,IH2103,2020-09-07 09:33:58.900,3262.6000,4542,0,58563120.000,0,-,-,-,-,3261.2000,3257.2000,3255.6000,3245.0000,3244.0000,3263.0000,3264.8000,3265.0000,3268.4000,3269.2000,1,4,1,1,2,1,1,1,1,1
SF,IH2103,2020-09-07 09:34:00.400,3263.0000,4541,-1,59542020.000,1,0,1,双平,S,3263.0000,3261.2000,3257.2000,3255.6000,3245.0000,3264.8000,3265.0000,3268.4000,3269.2000,3278.0000,1,1,4,1,1,1,1,1,1,1
SF,IH2103,2020-09-07 09:34:00.900,3263.0000,4541,0,60520920.000,1,0,1,多换,S,3261.2000,3261.0000,3257.2000,3255.6000,3245.0000,3264.8000,3265.0000,3268.4000,3269.2000,3278.0000,1,1,4,1,1,1,1,1,1,1
SF,IH2103,2020-09-07 09:34:01.400,3263.0000,4541,0,60520920.000,0,-,-,-,-,3261.4000,3261.2000,3261.0000,3257.2000,3255.6000,3264.6000,3264.8000,3265.0000,3268.4000,3269.2000,1,1,1,4,1,1,1,1,1,1
SF,IH2103,2020-09-07 09:34:01.900,3263.0000,4541,0,60520920.000,0,-,-,-,-,3261.6000,3261.4000,3261.0000,3257.2000,3255.6000,3264.2000,3264.6000,3264.8000,3265.0000,3268.4000,1,1,1,4,1,1,1,1,1,1
SF,IH2103,2020-09-07 09:34:02.400,3263.0000,4541,0,60520920.000,0,-,-,-,-,3261.6000,3261.0000,3257.2000,3255.6000,3245.0000,3264.0000,3264.2000,3264.8000,3265.0000,3268.4000,1,1,4,1,1,1,1,1,1,1
SF,IH2103,2020-09-07 09:34:02.900,3263.0000,4541,0,60520920.000,0,-,-,-,-,3261.6000,3261.0000,3257.2000,3255.6000,3245.0000,3263.6000,3263.8000,3264.0000,3264.8000,3265.0000,1,1,4,1,1,1,1,1,1,1
SF,IH2103,2020-09-07 09:34:03.400,3261.6000,4540,-1,61499400.000,1,0,1,双平,S,3261.0000,3257.2000,3255.6000,3245.0000,3244.0000,3261.6000,3263.4000,3263.8000,3264.0000,3264.8000,1,4,1,1,2,1,1,1,1,1
SF,IH2103,2020-09-07 09:34:03.900,3261.6000,4539,-1,62477880.000,1,0,1,双平,S,3261.0000,3257.2000,3255.6000,3245.0000,3244.0000,3263.8000,3264.0000,3264.8000,3265.0000,3268.4000,1,4,1,1,2,1,1,1,1,1
SF,IH2103,2020-09-07 09:34:04.400,3261.6000,4539,0,62477880.000,0,-,-,-,-,3261.0000,3257.2000,3255.6000,3245.0000,3244.0000,3263.4000,3263.6000,3263.8000,3264.8000,3265.0000,1,4,1,1,2,1,1,1,1,1
SF,IH2103,2020-09-07 09:34:04.900,3261.6000,4539,0,62477880.000,0,-,-,-,-,3261.4000,3261.0000,3257.2000,3255.6000,3245.0000,3263.2000,3264.8000,3265.0000,3268.4000,3269.2000,1,1,4,1,1,2,1,1,1,1
SF,IH2103,2020-09-07 09:34:05.400,3261.6000,4539,0,62477880.000,0,-,-,-,-,3261.4000,3261.0000,3257.2000,3255.6000,3245.0000,3263.2000,3264.8000,3265.0000,3268.4000,3269.2000,1,1,4,1,1,1,1,1,1,1
SF,IH2103,2020-09-07 09:34:06.900,3261.6000,4539,0,62477880.000,0,-,-,-,-,3262.0000,3261.4000,3261.0000,3257.2000,3255.6000,3263.2000,3264.8000,3265.0000,3268.4000,3269.2000,1,1,1,4,1,1,1,1,1,1
SF,IH2103,2020-09-07 09:34:07.400,3261.6000,4539,0,62477880.000,0,-,-,-,-,3263.2000,3262.0000,3261.0000,3257.2000,3255.6000,3264.8000,3265.0000,3268.4000,3269.2000,3278.0000,1,1,1,4,1,1,1,1,1,1
SF,IH2103,2020-09-07 09:34:07.900,3261.6000,4539,0,62477880.000,0,-,-,-,-,3263.2000,3262.0000,3261.2000,3261.0000,3257.2000,3264.6000,3264.8000,3265.0000,3268.4000,3269.2000,1,1,1,1,4,1,1,1,1,1
SF,IH2103,2020-09-07 09:34:08.400,3261.6000,4539,0,62477880.000,0,-,-,-,-,3263.2000,3262.0000,3261.2000,3261.0000,3258.8000,3264.8000,3265.0000,3268.4000,3269.2000,3278.0000,1,1,1,1,1,1,1,1,1,1
SF,IH2103,2020-09-07 09:34:08.900,3261.6000,4539,0,62477880.000,0,-,-,-,-,3263.4000,3263.2000,3262.0000,3261.2000,3261.0000,3264.8000,3265.0000,3268.4000,3269.2000,3278.0000,1,1,1,1,1,1,1,1,1,1
SF,IH2103,2020-09-07 09:34:09.900,3261.6000,4539,0,62477880.000,0,-,-,-,-,3263.4000,3263.2000,3261.2000,3261.0000,3258.8000,3264.8000,3265.0000,3268.4000,3269.2000,3278.0000,1,1,1,1,1,1,1,1,1,1
SF,IH2103,2020-09-07 09:34:10.900,3261.6000,4539,0,62477880.000,0,-,-,-,-,3263.6000,3263.4000,3263.2000,3261.2000,3261.0000,3264.8000,3265.0000,3268.4000,3269.2000,3278.0000,1,1,1,1,1,1,1,1,1,1
SF,IH2103,2020-09-07 09:34:11.400,3265.0000,4537,-2,65415780.000,3,0,3,多平,S,3263.2000,3261.0000,3258.8000,3257.2000,3245.0000,3268.4000,3269.2000,3278.0000,3282.0000,3284.8000,1,1,1,4,1,1,1,1,1,1
SF,IH2103,2020-09-07 09:34:11.900,3265.0000,4537,0,65415780.000,0,-,-,-,-,3263.4000,3263.2000,3261.8000,3261.0000,3258.8000,3268.2000,3268.4000,3269.2000,3278.0000,3282.0000,1,1,1,1,1,2,1,1,1,1
SF,IH2103,2020-09-07 09:34:12.400,3265.0000,4537,0,65415780.000,0,-,-,-,-,3263.4000,3263.2000,3261.8000,3261.0000,3258.8000,3268.2000,3268.4000,3269.2000,3278.0000,3282.0000,2,1,1,1,1,2,1,1,1,1
SF,IH2103,2020-09-07 09:34:12.900,3265.0000,4537,0,65415780.000,0,-,-,-,-,3263.4000,3263.2000,3261.8000,3258.8000,3257.2000,3268.2000,3268.4000,3269.2000,3278.0000,3282.0000,2,1,1,1,4,2,1,1,1,1
SF,IH2103,2020-09-07 09:34:13.400,3265.0000,4537,0,65415780.000,0,-,-,-,-,3263.8000,3263.4000,3263.2000,3261.8000,3258.8000,3268.2000,3268.4000,3269.2000,3278.0000,3282.0000,1,2,1,1,1,2,1,1,1,1
SF,IH2103,2020-09-07 09:34:13.900,3265.0000,4537,0,65415780.000,0,-,-,-,-,3264.0000,3263.8000,3263.6000,3263.2000,3261.8000,3268.2000,3268.4000,3269.2000,3278.0000,3282.0000,1,1,1,1,1,2,1,1,1,1
SF,IH2103,2020-09-07 09:34:14.400,3265.0000,4537,0,65415780.000,0,-,-,-,-,3264.2000,3264.0000,3263.6000,3263.2000,3261.8000,3268.2000,3268.4000,3269.2000,3278.0000,3282.0000,2,2,1,1,1,2,1,1,1,1
SF,IH2103,2020-09-07 09:34:14.900,3265.0000,4537,0,65415780.000,0,-,-,-,-,3264.4000,3264.2000,3264.0000,3263.6000,3263.2000,3268.2000,3268.4000,3269.2000,3278.0000,3282.0000,1,2,1,1,1,2,1,1,1,1
SF,IH2103,2020-09-07 09:34:15.400,3265.0000,4537,0,65415780.000,0,-,-,-,-,3264.8000,3264.4000,3264.2000,3264.0000,3263.2000,3268.2000,3268.4000,3269.2000,3278.0000,3282.0000,1,2,1,1,1,2,1,1,1,1
SF,IH2103,2020-09-07 09:34:15.900,3265.0000,4537,0,65415780.000,0,-,-,-,-,3265.0000,3264.8000,3264.4000,3264.0000,3263.2000,3268.2000,3268.4000,3269.2000,3278.0000,3282.0000,1,1,1,1,1,2,1,1,1,1
SF,IH2103,2020-09-07 09:34:16.400,3265.0000,4537,0,65415780.000,0,-,-,-,-,3265.2000,3265.0000,3264.4000,3264.0000,3263.2000,3268.2000,3268.4000,3269.2000,3278.0000,3282.0000,1,1,1,1,1,1,1,1,1,1
SF,IH2103,2020-09-07 09:34:16.900,3265.0000,4537,0,65415780.000,0,-,-,-,-,3265.4000,3265.2000,3263.2000,3262.0000,3258.8000,3268.2000,3268.4000,3269.2000,3278.0000,3282.0000,1,1,1,1,1,1,1,1,1,1
SF,IH2103,2020-09-07 09:34:17.400,3268.2000,4537,0,66396240.000,1,0,1,多换,S,3265.8000,3265.6000,3265.4000,3265.2000,3263.2000,3268.4000,3269.2000,3278.0000,3282.0000,3284.8000,1,1,1,1,1,1,1,1,1,1
SF,IH2103,2020-09-07 09:34:17.900,3268.2000,4537,0,66396240.000,0,-,-,-,-,3266.0000,3265.8000,3265.2000,3262.0000,3258.8000,3268.4000,3269.2000,3278.0000,3282.0000,3284.8000,2,1,1,1,1,1,1,1,1,1
SF,IH2103,2020-09-07 09:34:18.400,3268.2000,4537,0,66396240.000,0,-,-,-,-,3266.4000,3266.0000,3265.2000,3262.0000,3258.8000,3268.4000,3269.2000,3278.0000,3282.0000,3284.8000,1,2,1,1,1,1,1,1,1,1
SF,IH2103,2020-09-07 09:34:18.900,3266.6000,4537,0,67376220.000,1,0,1,多换,S,3266.6000,3266.0000,3265.2000,3262.0000,3258.8000,3268.4000,3269.2000,3278.0000,3282.0000,3284.8000,1,1,1,1,1,1,1,1,1,1
SF,IH2103,2020-09-07 09:34:19.400,3266.6000,4536,-1,68356200.000,1,0,1,双平,S,3266.6000,3266.0000,3265.2000,3262.0000,3258.8000,3268.4000,3269.2000,3278.0000,3282.0000,3284.8000,1,1,1,1,1,1,1,1,1,1
SF,IH2103,2020-09-07 09:34:19.900,3266.6000,4536,0,68356200.000,0,-,-,-,-,3266.6000,3266.0000,3265.2000,3262.0000,3258.8000,3268.4000,3269.2000,3278.0000,3282.0000,3284.8000,1,1,1,1,1,1,1,1,1,1
SF,IH2103,2020-09-07 09:34:20.400,3266.6000,4535,-1,69336180.000,1,0,1,双平,S,3266.6000,3266.0000,3265.2000,3262.0000,3258.8000,3268.4000,3269.2000,3278.0000,3282.0000,3284.8000,1,1,1,1,1,1,1,1,1,1
SF,IH2103,2020-09-07 09:34:21.400,3266.6000,4535,0,69336180.000,0,-,-,-,-,3266.6000,3266.0000,3265.2000,3262.0000,3257.2000,3268.4000,3269.2000,3278.0000,3282.0000,3284.8000,1,1,1,2,4,1,1,1,1,1
SF,IH2103,2020-09-07 09:34:21.900,3266.6000,4534,-1,70316160.000,1,0,1,双平,S,3266.0000,3265.2000,3262.0000,3257.2000,3245.0000,3268.4000,3269.2000,3278.0000,3282.0000,3284.8000,1,1,2,4,1,1,1,1,1,1
SF,IH2103,2020-09-07 09:34:22.400,3266.0000,4533,-1,71295960.000,1,0,1,双平,S,3265.2000,3262.0000,3257.2000,3245.0000,3244.0000,3268.0000,3268.2000,3268.4000,3269.2000,3278.0000,1,2,4,1,2,1,2,1,1,1
SF,IH2103,2020-09-07 09:34:22.900,3266.0000,4533,0,71295960.000,0,-,-,-,-,3265.4000,3262.0000,3257.2000,3245.0000,3244.0000,3266.6000,3267.6000,3267.8000,3268.4000,3269.2000,3,2,4,1,2,6,1,2,1,1
SF,IH2103,2020-09-07 09:34:23.400,3265.4000,4530,-3,74234820.000,3,0,3,双平,S,3262.0000,3259.8000,3257.2000,3245.0000,3244.0000,3265.4000,3266.6000,3267.8000,3268.4000,3269.2000,1,1,4,1,2,1,6,1,1,1
SF,IH2103,2020-09-07 09:34:23.900,3265.4000,4530,0,74234820.000,0,-,-,-,-,3262.6000,3262.2000,3262.0000,3259.8000,3257.2000,3265.2000,3265.4000,3266.6000,3268.4000,3269.2000,1,1,1,1,4,1,1,6,1,1
SF,IH2103,2020-09-07 09:34:24.400,3265.4000,4530,0,74234820.000,0,-,-,-,-,3263.0000,3262.8000,3262.6000,3262.0000,3259.8000,3265.2000,3265.4000,3266.6000,3268.4000,3269.2000,1,1,1,1,1,1,1,6,1,1
SF,IH2103,2020-09-07 09:34:24.900,3265.4000,4530,0,74234820.000,0,-,-,-,-,3263.6000,3263.4000,3263.0000,3262.0000,3259.8000,3265.0000,3265.2000,3265.4000,3266.6000,3268.4000,1,3,1,1,1,1,1,1,6,1
SF,IH2103,2020-09-07 09:34:25.400,3265.0000,4529,-1,75214320.000,1,0,1,双平,S,3263.6000,3263.0000,3262.0000,3259.8000,3257.2000,3265.4000,3266.6000,3268.4000,3269.2000,3278.0000,1,1,1,1,4,1,6,1,1,1
SF,IH2103,2020-09-07 09:34:25.900,3265.0000,4529,0,75214320.000,0,-,-,-,-,3263.6000,3262.0000,3259.8000,3257.2000,3245.0000,3265.4000,3266.6000,3267.2000,3268.4000,3269.2000,1,1,1,4,1,1,6,1,1,1
SF,IH2103,2020-09-07 09:34:26.900,3263.6000,4529,0,76193400.000,1,0,1,多换,S,3262.0000,3259.8000,3257.2000,3245.0000,3244.0000,3263.6000,3265.4000,3266.6000,3267.2000,3268.4000,1,1,4,1,2,1,1,6,1,1
SF,IH2103,2020-09-07 09:34:27.400,3263.6000,4529,0,76193400.000,0,-,-,-,-,3262.2000,3262.0000,3257.6000,3257.2000,3245.0000,3263.4000,3263.6000,3265.4000,3266.6000,3268.4000,1,1,1,4,1,1,1,1,6,1
SF,IH2103,2020-09-07 09:34:27.900,3263.6000,4529,0,76193400.000,0,-,-,-,-,3262.0000,3257.6000,3257.2000,3245.0000,3244.0000,3263.6000,3265.4000,3266.6000,3268.4000,3269.2000,1,1,4,1,2,1,1,6,1,1
SF,IH2103,2020-09-07 09:34:28.400,3263.6000,4529,0,76193400.000,0,-,-,-,-,3262.4000,3262.2000,3262.0000,3257.6000,3257.2000,3263.4000,3263.6000,3265.4000,3266.6000,3268.4000,1,4,1,1,4,1,1,1,6,1
SF,IH2103,2020-09-07 09:34:28.900,3263.6000,4529,0,76193400.000,0,-,-,-,-,3262.4000,3262.0000,3257.6000,3257.2000,3245.0000,3263.4000,3263.6000,3265.4000,3266.6000,3268.4000,1,1,1,4,1,1,1,1,6,1
SF,IH2103,2020-09-07 09:34:29.900,3262.4000,4528,-1,77172120.000,1,0,1,双平,S,3262.0000,3257.6000,3257.2000,3245.0000,3244.0000,3262.4000,3263.4000,3263.6000,3265.4000,3266.6000,1,1,4,1,2,1,1,1,1,6
SF,IH2103,2020-09-07 09:34:30.400,3262.2000,4525,-3,81086640.000,4,0,4,多平,S,3257.6000,3257.2000,3245.0000,3244.0000,3240.2000,3261.8000,3263.4000,3263.6000,3266.6000,3268.4000,1,4,1,2,2,1,1,1,6,1
SF,IH2103,2020-09-07 09:34:30.900,3262.2000,4525,0,81086640.000,0,-,-,-,-,3258.2000,3258.0000,3257.8000,3257.6000,3257.2000,3261.6000,3261.8000,3263.6000,3266.6000,3268.4000,1,1,1,1,4,2,1,1,6,1
SF,IH2103,2020-09-07 09:34:31.400,3262.2000,4525,0,81086640.000,0,-,-,-,-,3258.4000,3258.2000,3257.6000,3257.2000,3245.0000,3261.6000,3261.8000,3263.6000,3266.6000,3268.4000,1,1,1,4,1,2,1,1,6,1
SF,IH2103,2020-09-07 09:34:31.900,3262.2000,4525,0,81086640.000,0,-,-,-,-,3258.8000,3258.4000,3258.2000,3257.6000,3257.2000,3261.2000,3261.6000,3261.8000,3263.6000,3266.6000,1,1,1,1,4,1,2,1,1,6
SF,IH2103,2020-09-07 09:34:32.400,3261.8000,4525,0,82065180.000,1,0,1,多换,S,3259.0000,3258.2000,3257.6000,3257.2000,3245.0000,3261.2000,3261.6000,3261.8000,3266.6000,3268.4000,2,1,1,4,1,1,1,1,6,1
SF,IH2103,2020-09-07 09:34:33.400,3261.8000,4525,0,82065180.000,0,-,-,-,-,3259.0000,3258.2000,3257.2000,3255.6000,3245.0000,3261.2000,3261.6000,3261.8000,3266.6000,3268.4000,2,1,4,1,1,1,1,1,6,1
SF,IH2103,2020-09-07 09:34:33.900,3261.2000,4524,-1,83043540.000,1,0,1,双平,S,3259.0000,3258.2000,3257.2000,3255.6000,3245.0000,3261.6000,3261.8000,3266.6000,3268.4000,3269.2000,2,1,4,1,1,1,1,6,1,1
SF,IH2103,2020-09-07 09:34:34.400,3261.2000,4524,0,83043540.000,0,-,-,-,-,3259.4000,3259.0000,3258.2000,3257.2000,3255.6000,3261.6000,3261.8000,3266.6000,3268.4000,3269.2000,1,2,1,4,1,1,1,6,1,1
SF,IH2103,2020-09-07 09:34:34.900,3261.2000,4524,0,83043540.000,0,-,-,-,-,3259.8000,3259.6000,3259.4000,3259.0000,3257.2000,3261.6000,3261.8000,3266.6000,3268.4000,3269.2000,1,1,1,1,4,1,1,6,1,1
SF,IH2103,2020-09-07 09:34:35.400,3261.6000,4523,-1,84022020.000,1,0,1,双平,S,3260.0000,3259.8000,3259.4000,3259.0000,3257.2000,3266.6000,3268.4000,3269.2000,3278.0000,3282.0000,1,1,1,1,4,6,1,1,1,1
SF,IH2103,2020-09-07 09:34:35.900,3261.6000,4523,0,84022020.000,0,-,-,-,-,3260.2000,3260.0000,3259.8000,3257.2000,3255.6000,3266.4000,3266.6000,3268.4000,3269.2000,3278.0000,1,2,1,4,1,1,6,1,1,1
SF,IH2103,2020-09-07 09:34:36.400,3261.6000,4523,0,84022020.000,0,-,-,-,-,3260.4000,3260.2000,3260.0000,3259.8000,3257.2000,3266.2000,3266.4000,3266.6000,3268.4000,3269.2000,1,1,1,1,4,1,1,6,1,1
SF,IH2103,2020-09-07 09:34:36.900,3261.6000,4523,0,84022020.000,0,-,-,-,-,3260.6000,3260.4000,3259.8000,3257.2000,3255.6000,3266.0000,3266.2000,3266.6000,3268.4000,3269.2000,1,1,1,4,1,1,1,6,1,1
SF,IH2103,2020-09-07 09:34:37.400,3261.6000,4523,0,84022020.000,0,-,-,-,-,3260.6000,3259.8000,3257.2000,3255.6000,3245.0000,3266.0000,3266.2000,3266.6000,3268.4000,3269.2000,1,1,4,1,1,1,1,6,1,1
SF,IH2103,2020-09-07 09:34:37.900,3261.6000,4523,0,84022020.000,0,-,-,-,-,3257.2000,3255.6000,3245.0000,3244.0000,3240.2000,3265.8000,3266.0000,3266.2000,3266.6000,3268.4000,4,1,1,2,2,1,1,1,6,1
SF,IH2103,2020-09-07 09:34:38.400,3261.6000,4523,0,84022020.000,0,-,-,-,-,3257.4000,3257.2000,3255.6000,3245.0000,3244.0000,3265.6000,3265.8000,3266.2000,3266.6000,3268.4000,3,4,1,1,2,1,1,1,6,1
SF,IH2103,2020-09-07 09:34:38.900,3261.6000,4523,0,84022020.000,0,-,-,-,-,3257.4000,3257.2000,3255.6000,3245.0000,3244.0000,3265.4000,3265.6000,3266.2000,3266.6000,3268.4000,3,4,1,1,2,1,1,1,6,1
SF,IH2103,2020-09-07 09:34:39.400,3261.6000,4523,0,84022020.000,0,-,-,-,-,3257.4000,3257.2000,3255.6000,3245.0000,3244.0000,3265.2000,3265.4000,3266.2000,3266.6000,3268.4000,3,4,1,1,2,1,1,1,6,1
SF,IH2103,2020-09-07 09:34:39.900,3261.6000,4523,0,84022020.000,0,-,-,-,-,3257.4000,3257.2000,3255.6000,3245.0000,3244.0000,3264.6000,3265.0000,3265.2000,3266.6000,3268.4000,3,4,1,1,2,1,1,1,6,1
SF,IH2103,2020-09-07 09:34:40.400,3261.6000,4523,0,84022020.000,0,-,-,-,-,3260.0000,3257.4000,3257.2000,3255.6000,3245.0000,3264.4000,3264.6000,3266.6000,3268.4000,3269.2000,1,3,4,1,1,2,1,6,1,1
SF,IH2103,2020-09-07 09:34:40.900,3261.6000,4523,0,84022020.000,0,-,-,-,-,3260.2000,3260.0000,3257.4000,3257.2000,3255.6000,3264.4000,3264.6000,3266.6000,3268.4000,3269.2000,1,1,2,4,1,2,1,6,1,1
SF,IH2103,2020-09-07 09:34:41.400,3261.6000,4523,0,84022020.000,0,-,-,-,-,3260.2000,3260.0000,3257.4000,3257.2000,3255.6000,3264.4000,3266.6000,3268.4000,3268.6000,3269.2000,1,1,2,4,1,1,6,1,1,1
SF,IH2103,2020-09-07 09:34:41.900,3261.6000,4523,0,84022020.000,0,-,-,-,-,3260.4000,3260.2000,3260.0000,3257.4000,3257.2000,3264.4000,3266.6000,3268.4000,3268.6000,3269.2000,1,1,1,2,4,1,6,1,1,1
SF,IH2103,2020-09-07 09:34:42.400,3261.6000,4523,0,84022020.000,0,-,-,-,-,3260.6000,3260.4000,3260.0000,3257.4000,3257.2000,3264.2000,3266.6000,3268.4000,3268.6000,3269.2000,2,1,1,2,4,1,6,1,1,1
SF,IH2103,2020-09-07 09:34:44.400,3261.6000,4523,0,84022020.000,0,-,-,-,-,3260.6000,3260.0000,3257.4000,3257.2000,3255.6000,3264.2000,3266.6000,3268.4000,3268.6000,3269.2000,2,1,2,4,1,1,6,1,1,1
SF,IH2103,2020-09-07 09:34:44.900,3261.6000,4523,0,84022020.000,0,-,-,-,-,3260.8000,3260.6000,3257.4000,3257.2000,3255.6000,3264.2000,3266.6000,3268.4000,3268.6000,3269.2000,1,2,2,4,1,1,6,1,1,1
SF,IH2103,2020-09-07 09:34:45.400,3261.6000,4523,0,84022020.000,0,-,-,-,-,3261.4000,3261.0000,3260.8000,3257.4000,3257.2000,3266.6000,3268.4000,3268.6000,3269.2000,3278.0000,2,2,1,2,4,6,1,1,1,1
SF,IH2103,2020-09-07 09:34:45.900,3261.6000,4523,0,84022020.000,0,-,-,-,-,3261.6000,3261.4000,3260.8000,3257.2000,3255.6000,3266.2000,3266.4000,3266.6000,3268.4000,3268.6000,2,1,1,4,1,1,1,6,1,1
SF,IH2103,2020-09-07 09:34:46.400,3261.6000,4523,0,84022020.000,0,-,-,-,-,3261.6000,3260.8000,3257.2000,3255.6000,3245.0000,3266.0000,3266.2000,3266.6000,3268.4000,3268.6000,1,1,4,1,1,2,1,6,1,1
SF,IH2103,2020-09-07 09:34:46.900,3261.6000,4523,0,84022020.000,0,-,-,-,-,3261.6000,3257.2000,3255.6000,3245.0000,3244.0000,3266.0000,3266.2000,3266.6000,3268.4000,3268.6000,1,4,1,1,2,2,1,6,1,1
SF,IH2103,2020-09-07 09:34:47.400,3261.6000,4523,0,84022020.000,0,-,-,-,-,3257.2000,3255.6000,3245.4000,3245.0000,3244.0000,3265.8000,3266.0000,3266.2000,3266.6000,3268.4000,4,1,1,1,2,1,2,1,6,1
SF,IH2103,2020-09-07 09:34:47.900,3261.6000,4523,0,84022020.000,0,-,-,-,-,3257.4000,3257.2000,3255.6000,3255.2000,3245.4000,3265.6000,3265.8000,3266.0000,3266.2000,3266.6000,1,4,1,1,1,1,2,1,1,6
SF,IH2103,2020-09-07 09:34:48.400,3261.6000,4523,0,84022020.000,0,-,-,-,-,3257.4000,3257.2000,3255.6000,3255.2000,3245.4000,3265.4000,3265.6000,3265.8000,3266.2000,3266.6000,1,4,1,1,1,1,1,1,1,6
SF,IH2103,2020-09-07 09:34:48.900,3261.6000,4523,0,84022020.000,0,-,-,-,-,3258.0000,3257.4000,3257.2000,3255.6000,3255.2000,3265.2000,3265.4000,3266.2000,3266.6000,3268.4000,1,1,4,1,1,1,1,1,6,1
SF,IH2103,2020-09-07 09:34:49.400,3261.6000,4523,0,84022020.000,0,-,-,-,-,3258.2000,3258.0000,3257.2000,3255.6000,3255.2000,3264.6000,3265.0000,3265.2000,3266.6000,3268.4000,2,2,4,1,1,1,1,1,6,1
SF,IH2103,2020-09-07 09:34:49.900,3261.6000,4523,0,84022020.000,0,-,-,-,-,3258.2000,3258.0000,3257.2000,3255.6000,3255.2000,3264.4000,3264.6000,3266.6000,3268.4000,3268.6000,2,2,4,1,1,2,1,6,1,1
SF,IH2103,2020-09-07 09:34:50.400,3261.6000,4523,0,84022020.000,0,-,-,-,-,3260.0000,3258.2000,3258.0000,3257.2000,3255.6000,3264.4000,3264.6000,3266.6000,3268.4000,3268.6000,1,2,2,4,1,2,1,6,1,1
SF,IH2103,2020-09-07 09:34:50.900,3261.6000,4523,0,84022020.000,0,-,-,-,-,3260.2000,3260.0000,3258.2000,3258.0000,3257.2000,3264.4000,3264.6000,3266.6000,3268.4000,3268.6000,1,1,1,2,4,2,1,6,1,1
SF,IH2103,2020-09-07 09:34:51.400,3261.6000,4523,0,84022020.000,0,-,-,-,-,3260.4000,3260.2000,3260.0000,3258.2000,3258.0000,3264.4000,3264.6000,3266.6000,3268.4000,3268.6000,1,1,1,1,2,1,1,6,1,1
SF,IH2103,2020-09-07 09:34:51.900,3261.6000,4523,0,84022020.000,0,-,-,-,-,3260.8000,3260.6000,3260.4000,3260.0000,3258.2000,3264.4000,3264.6000,3266.6000,3268.4000,3268.6000,1,1,1,1,1,1,1,6,1,1
SF,IH2103,2020-09-07 09:34:52.400,3261.6000,4523,0,84022020.000,0,-,-,-,-,3261.0000,3260.8000,3260.0000,3258.2000,3258.0000,3264.4000,3264.6000,3266.6000,3268.4000,3268.6000,2,1,1,1,2,1,1,6,1,1
SF,IH2103,2020-09-07 09:34:52.900,3261.6000,4523,0,84022020.000,0,-,-,-,-,3261.0000,3260.8000,3260.0000,3258.2000,3258.0000,3264.4000,3264.6000,3266.6000,3268.4000,3268.6000,1,1,1,1,1,1,1,6,1,1
SF,IH2103,2020-09-07 09:34:54.900,3261.6000,4523,0,84022020.000,0,-,-,-,-,3261.0000,3260.0000,3258.2000,3258.0000,3257.2000,3264.4000,3264.6000,3266.6000,3268.4000,3268.6000,1,1,1,1,4,1,1,6,1,1
SF,IH2103,2020-09-07 09:34:56.900,3261.0000,4522,-1,85000320.000,1,0,1,双平,S,3260.0000,3258.2000,3258.0000,3257.2000,3255.2000,3264.2000,3264.4000,3264.6000,3266.6000,3268.4000,1,1,1,4,1,1,1,1,6,1
SF,IH2103,2020-09-07 09:34:57.400,3261.0000,4522,0,85000320.000,0,-,-,-,-,3260.0000,3257.2000,3255.2000,3245.4000,3245.0000,3264.0000,3264.2000,3264.6000,3266.6000,3268.4000,1,4,1,1,1,1,1,1,6,1
SF,IH2103,2020-09-07 09:34:57.900,3261.0000,4522,0,85000320.000,0,-,-,-,-,3257.2000,3255.2000,3253.6000,3245.4000,3245.0000,3263.8000,3264.0000,3264.6000,3266.6000,3268.4000,4,1,1,1,1,1,1,1,6,1
SF,IH2103,2020-09-07 09:34:58.400,3261.0000,4522,0,85000320.000,0,-,-,-,-,3257.4000,3257.2000,3255.2000,3253.6000,3245.4000,3263.6000,3263.8000,3264.6000,3266.6000,3268.4000,1,4,1,1,1,1,1,1,6,1
SF,IH2103,2020-09-07 09:34:58.900,3261.0000,4522,0,85000320.000,0,-,-,-,-,3258.0000,3257.4000,3257.2000,3255.2000,3253.6000,3263.0000,3263.4000,3263.6000,3266.6000,3268.4000,3,1,4,1,1,1,1,1,6,1
SF,IH2103,2020-09-07 09:34:59.400,3261.0000,4522,0,85000320.000,0,-,-,-,-,3258.2000,3258.0000,3257.2000,3255.2000,3253.6000,3262.8000,3263.0000,3266.6000,3268.4000,3268.6000,1,3,4,1,1,2,1,6,1,1
SF,IH2103,2020-09-07 09:34:59.900,3261.0000,4522,0,85000320.000,0,-,-,-,-,3258.2000,3257.2000,3255.2000,3253.6000,3245.4000,3262.8000,3263.0000,3266.6000,3268.4000,3268.6000,1,4,1,1,1,2,1,6,1,1
SF,IH2103,2020-09-07 09:35:00.400,3261.0000,4522,0,85000320.000,0,-,-,-,-,3258.4000,3258.2000,3257.2000,3255.2000,3253.6000,3262.8000,3263.0000,3266.6000,3268.4000,3268.6000,3,1,4,1,1,2,1,6,1,1
SF,IH2103,2020-09-07 09:35:00.900,3261.0000,4522,0,85000320.000,0,-,-,-,-,3258.6000,3257.2000,3255.2000,3253.6000,3245.4000,3262.8000,3263.0000,3263.8000,3266.6000,3268.4000,1,4,1,1,1,2,1,1,6,1
SF,IH2103,2020-09-07 09:35:02.900,3263.0000,4520,-2,87936900.000,3,0,3,多平,S,3259.2000,3258.8000,3258.6000,3257.2000,3255.2000,3263.8000,3266.6000,3268.4000,3268.6000,3269.2000,1,4,1,4,1,1,6,1,1,1
SF,IH2103,2020-09-07 09:35:03.400,3263.0000,4520,0,87936900.000,0,-,-,-,-,3259.8000,3259.4000,3259.2000,3259.0000,3258.8000,3263.8000,3266.6000,3268.4000,3268.6000,3269.2000,1,2,1,1,3,1,6,1,1,1
SF,IH2103,2020-09-07 09:35:03.900,3263.0000,4520,0,87936900.000,0,-,-,-,-,3260.4000,3260.0000,3259.8000,3259.0000,3257.2000,3263.8000,3266.6000,3268.4000,3268.6000,3269.2000,1,2,1,1,5,1,6,1,1,1
SF,IH2103,2020-09-07 09:35:04.400,3263.8000,4520,0,88916040.000,1,0,1,多换,S,3261.0000,3260.6000,3260.4000,3259.8000,3259.0000,3266.6000,3268.4000,3268.6000,3269.2000,3272.0000,1,2,1,1,1,6,1,1,1,1
SF,IH2103,2020-09-07 09:35:04.900,3263.8000,4520,0,88916040.000,0,-,-,-,-,3261.6000,3261.4000,3261.2000,3259.0000,3257.2000,3266.4000,3266.6000,3268.4000,3268.6000,3269.2000,1,1,2,1,5,1,6,1,1,1
SF,IH2103,2020-09-07 09:35:05.400,3263.8000,4520,0,88916040.000,0,-,-,-,-,3261.8000,3261.6000,3261.4000,3259.0000,3257.2000,3266.6000,3268.4000,3268.6000,3269.2000,3272.0000,2,1,1,1,5,6,1,1,1,1
SF,IH2103,2020-09-07 09:35:05.900,3263.8000,4520,0,88916040.000,0,-,-,-,-,3262.0000,3261.8000,3259.0000,3257.2000,3255.2000,3266.4000,3266.6000,3268.4000,3268.6000,3269.2000,1,2,1,5,1,1,6,1,1,1
SF,IH2103,2020-09-07 09:35:06.400,3263.8000,4520,0,88916040.000,0,-,-,-,-,3262.2000,3262.0000,3259.0000,3257.2000,3255.2000,3266.2000,3266.4000,3266.6000,3268.4000,3268.6000,1,1,1,5,1,1,1,6,1,1
SF,IH2103,2020-09-07 09:35:06.900,3263.8000,4520,0,88916040.000,0,-,-,-,-,3262.2000,3259.0000,3257.2000,3255.2000,3245.4000,3266.0000,3266.2000,3266.6000,3268.4000,3268.6000,1,1,5,1,1,1,1,6,1,1
SF,IH2103,2020-09-07 09:35:07.400,3263.8000,4520,0,88916040.000,0,-,-,-,-,3259.0000,3257.2000,3255.2000,3245.4000,3245.0000,3265.8000,3266.0000,3266.6000,3268.4000,3268.6000,1,5,1,1,1,1,1,6,1,1
SF,IH2103,2020-09-07 09:35:07.900,3263.8000,4520,0,88916040.000,0,-,-,-,-,3260.0000,3259.2000,3259.0000,3257.2000,3255.2000,3265.6000,3265.8000,3266.6000,3268.4000,3268.6000,3,1,1,5,1,1,1,6,1,1
SF,IH2103,2020-09-07 09:35:08.400,3263.8000,4520,0,88916040.000,0,-,-,-,-,3260.6000,3260.2000,3259.0000,3257.2000,3255.2000,3265.4000,3265.6000,3266.6000,3268.4000,3268.6000,1,1,1,5,1,1,1,6,1,1
SF,IH2103,2020-09-07 09:35:08.900,3263.8000,4520,0,88916040.000,0,-,-,-,-,3261.6000,3260.8000,3260.6000,3259.0000,3257.2000,3265.4000,3266.6000,3268.4000,3268.6000,3269.2000,3,1,1,1,5,1,6,1,1,1
SF,IH2103,2020-09-07 09:35:09.400,3263.8000,4520,0,88916040.000,0,-,-,-,-,3262.2000,3261.8000,3261.6000,3259.0000,3257.2000,3266.6000,3268.4000,3268.6000,3269.2000,3272.0000,1,2,3,1,5,6,1,1,1,1
SF,IH2103,2020-09-07 09:35:09.900,3263.8000,4520,0,88916040.000,0,-,-,-,-,3262.4000,3262.2000,3259.0000,3257.2000,3255.2000,3266.6000,3268.4000,3268.6000,3269.2000,3272.0000,2,1,1,5,1,6,1,1,1,1
SF,IH2103,2020-09-07 09:35:10.400,3263.8000,4520,0,88916040.000,0,-,-,-,-,3262.6000,3262.4000,3259.0000,3257.2000,3255.2000,3266.4000,3266.6000,3268.4000,3268.6000,3269.2000,1,2,1,5,1,1,6,1,1,1
SF,IH2103,2020-09-07 09:35:10.900,3263.8000,4520,0,88916040.000,0,-,-,-,-,3262.8000,3259.0000,3257.2000,3255.2000,3245.4000,3266.4000,3266.6000,3268.4000,3268.6000,3269.2000,2,1,5,1,1,1,6,1,1,1
SF,IH2103,2020-09-07 09:35:11.400,3263.8000,4520,0,88916040.000,0,-,-,-,-,3262.8000,3259.0000,3257.2000,3255.2000,3245.4000,3266.4000,3266.6000,3268.4000,3268.6000,3269.2000,2,1,5,1,1,1,6,1,1,1
SF,IH2103,2020-09-07 09:35:11.900,3263.8000,4520,0,88916040.000,0,-,-,-,-,3259.0000,3257.2000,3255.2000,3245.4000,3245.0000,3266.2000,3266.4000,3268.4000,3268.6000,3269.2000,1,5,1,1,1,1,1,1,1,1
SF,IH2103,2020-09-07 09:35:12.400,3263.8000,4520,0,88916040.000,0,-,-,-,-,3259.6000,3259.2000,3259.0000,3257.2000,3255.2000,3266.0000,3266.2000,3268.4000,3268.6000,3269.2000,1,1,1,5,1,1,1,1,1,1
SF,IH2103,2020-09-07 09:35:12.900,3263.8000,4520,0,88916040.000,0,-,-,-,-,3259.8000,3259.6000,3259.0000,3257.2000,3255.2000,3265.8000,3266.0000,3268.4000,3268.6000,3269.2000,1,1,1,5,1,1,1,1,1,1
SF,IH2103,2020-09-07 09:35:13.400,3263.8000,4520,0,88916040.000,0,-,-,-,-,3260.4000,3259.8000,3259.0000,3257.2000,3255.2000,3265.6000,3265.8000,3268.4000,3268.6000,3269.2000,1,1,1,5,1,1,1,1,1,1
SF,IH2103,2020-09-07 09:35:13.900,3263.8000,4520,0,88916040.000,0,-,-,-,-,3260.6000,3260.4000,3259.0000,3257.2000,3255.2000,3265.4000,3265.6000,3268.4000,3268.6000,3269.2000,1,1,1,5,1,1,1,1,1,1
SF,IH2103,2020-09-07 09:35:14.400,3263.8000,4520,0,88916040.000,0,-,-,-,-,3261.2000,3260.6000,3259.0000,3257.2000,3255.2000,3265.2000,3265.4000,3268.4000,3268.6000,3269.2000,1,1,1,5,1,1,1,1,1,1
SF,IH2103,2020-09-07 09:35:14.900,3263.8000,4520,0,88916040.000,0,-,-,-,-,3261.4000,3261.2000,3260.8000,3259.0000,3257.2000,3265.0000,3265.2000,3267.6000,3268.4000,3268.6000,1,1,1,1,5,1,1,1,1,1
SF,IH2103,2020-09-07 09:35:15.400,3263.8000,4520,0,88916040.000,0,-,-,-,-,3261.4000,3261.2000,3260.8000,3259.0000,3257.2000,3264.8000,3265.0000,3267.6000,3268.4000,3268.6000,1,1,1,1,5,1,1,1,1,1
SF,IH2103,2020-09-07 09:35:15.900,3263.8000,4520,0,88916040.000,0,-,-,-,-,3261.4000,3261.2000,3259.0000,3257.2000,3255.2000,3264.6000,3264.8000,3267.6000,3268.4000,3268.6000,1,1,1,5,1,1,1,1,1,1
SF,IH2103,2020-09-07 09:35:16.400,3263.8000,4520,0,88916040.000,0,-,-,-,-,3261.4000,3261.2000,3257.2000,3255.2000,3245.4000,3264.6000,3267.6000,3268.4000,3268.6000,3269.2000,1,1,5,1,1,1,1,1,1,1
SF,IH2103,2020-09-07 09:35:16.900,3263.8000,4520,0,88916040.000,0,-,-,-,-,3261.8000,3261.4000,3261.2000,3257.2000,3255.2000,3264.6000,3267.6000,3268.4000,3268.6000,3269.2000,1,1,1,5,1,1,1,1,1,1
SF,IH2103,2020-09-07 09:35:17.400,3263.8000,4520,0,88916040.000,0,-,-,-,-,3262.0000,3261.2000,3257.2000,3255.2000,3245.4000,3264.6000,3267.6000,3268.4000,3268.6000,3269.2000,1,1,5,1,1,1,1,1,1,1
SF,IH2103,2020-09-07 09:35:18.400,3263.8000,4520,0,88916040.000,0,-,-,-,-,3262.0000,3257.2000,3255.2000,3245.4000,3245.0000,3264.6000,3267.6000,3268.4000,3268.6000,3269.2000,1,5,1,1,1,1,1,1,1,1
SF,IH2103,2020-09-07 09:35:18.900,3263.8000,4520,0,88916040.000,0,-,-,-,-,3262.0000,3257.2000,3255.2000,3245.4000,3245.0000,3264.4000,3264.6000,3267.6000,3268.4000,3268.6000,1,5,1,1,1,1,1,1,1,1
SF,IH2103,2020-09-07 09:35:19.400,3262.0000,4519,-1,89894640.000,1,0,1,双平,S,3257.2000,3255.2000,3245.4000,3245.0000,3244.0000,3264.2000,3264.4000,3267.6000,3268.4000,3268.6000,5,1,1,1,1,1,1,1,1,1
SF,IH2103,2020-09-07 09:35:19.900,3262.0000,4519,0,89894640.000,0,-,-,-,-,3258.6000,3257.8000,3257.4000,3257.2000,3255.2000,3264.0000,3264.2000,3267.6000,3268.4000,3268.6000,3,1,1,5,1,1,2,1,1,1
