市场代码,合约代码,时间,最新,持仓,增仓,成交额,成交量,开仓,平仓,成交类型,方向,买一价,买二价,买三价,买四价,买五价,卖一价,卖二价,卖三价,卖四价,卖五价,买一量,买二量,买三量,买四量,买五量,卖一量,卖二量,卖三量,卖四量,卖五量
SF,IH2106,2020-10-21 09:29:00.300,3279.6000,320,0,0.000,0.000,-,-,-,-,3285.4000,3284.8000,3281.2000,3280.4000,3260.0000,3299.2000,3300.0000,3302.8000,3305.0000,3307.2000,1,2,3,3,1,1,1,1,1,3
SF,IH2106,2020-10-21 09:30:00.300,3279.6000,320,0,0.000,0,-,-,-,-,3286.4000,3284.8000,3281.2000,3280.4000,3260.0000,3294.2000,3299.2000,3300.0000,3302.8000,3307.2000,1,2,3,3,1,1,1,1,1,3
SF,IH2106,2020-10-21 09:30:00.800,3279.6000,320,0,0.000,0,-,-,-,-,3286.8000,3286.6000,3286.4000,3284.8000,3281.2000,3294.0000,3294.2000,3299.2000,3300.0000,3348.6000,1,2,1,1,3,1,1,1,1,1
SF,IH2106,2020-10-21 09:30:01.300,3279.6000,320,0,0.000,0,-,-,-,-,3287.0000,3286.8000,3286.6000,3286.4000,3281.2000,3293.8000,3294.0000,3294.2000,3300.0000,3348.6000,1,1,1,1,3,1,1,1,1,1
SF,IH2106,2020-10-21 09:30:01.800,3279.6000,320,0,0.000,0,-,-,-,-,3288.6000,3287.2000,3287.0000,3286.4000,3281.2000,3293.8000,3300.0000,3348.6000,3349.6000,3389.6000,1,1,1,1,3,1,1,1,1,1
SF,IH2106,2020-10-21 09:30:02.300,3279.6000,320,0,0.000,0,-,-,-,-,3288.8000,3288.6000,3286.4000,3281.2000,3260.0000,3293.8000,3300.0000,3348.6000,3349.6000,3389.6000,2,1,1,3,1,1,1,1,1,1
SF,IH2106,2020-10-21 09:30:02.800,3279.6000,320,0,0.000,0,-,-,-,-,3289.0000,3288.8000,3288.6000,3286.4000,3281.2000,3293.8000,3300.0000,3348.6000,3349.6000,3388.4000,1,1,1,1,3,1,1,1,1,1
SF,IH2106,2020-10-21 09:30:03.300,3279.6000,320,0,0.000,0,-,-,-,-,3289.2000,3289.0000,3288.6000,3281.2000,3279.4000,3293.8000,3300.0000,3309.8000,3348.6000,3349.6000,1,2,1,3,5,1,1,5,1,1
SF,IH2106,2020-10-21 09:30:03.800,3279.6000,320,0,0.000,0,-,-,-,-,3290.4000,3289.2000,3289.0000,3281.2000,3279.4000,3293.8000,3300.0000,3309.8000,3348.6000,3349.6000,1,1,2,3,5,1,1,5,1,1
SF,IH2106,2020-10-21 09:30:04.300,3279.6000,320,0,0.000,0,-,-,-,-,3290.6000,3289.0000,3281.2000,3279.4000,3260.0000,3300.0000,3309.8000,3348.6000,3349.6000,3388.4000,1,2,3,5,1,1,5,1,1,1
SF,IH2106,2020-10-21 09:30:04.800,3279.6000,320,0,0.000,0,-,-,-,-,3289.0000,3281.2000,3279.4000,3260.0000,3230.0000,3295.8000,3296.8000,3299.8000,3300.0000,3309.8000,2,3,5,1,1,1,1,1,1,5
SF,IH2106,2020-10-21 09:30:05.300,3279.6000,320,0,0.000,0,-,-,-,-,3289.0000,3281.2000,3279.4000,3260.0000,3230.0000,3295.6000,3296.8000,3300.0000,3309.8000,3348.6000,2,3,5,1,1,1,1,1,5,1
SF,IH2106,2020-10-21 09:30:07.800,3279.6000,320,0,0.000,0,-,-,-,-,3289.0000,3279.4000,3260.0000,3230.0000,3229.4000,3295.6000,3296.8000,3300.0000,3309.8000,3348.6000,2,5,1,1,1,1,1,1,5,1
SF,IH2106,2020-10-21 09:30:08.800,3279.6000,320,0,0.000,0,-,-,-,-,3291.6000,3289.0000,3279.4000,3260.0000,3230.0000,3295.6000,3296.8000,3300.0000,3309.8000,3348.6000,1,1,5,1,1,1,1,1,5,1
SF,IH2106,2020-10-21 09:30:09.300,3279.6000,320,0,0.000,0,-,-,-,-,3279.4000,3260.0000,3230.0000,3229.4000,3223.6000,3296.8000,3300.0000,3309.8000,3348.6000,3349.6000,5,1,1,1,1,1,1,5,1,1
SF,IH2106,2020-10-21 09:30:09.800,3279.6000,320,0,0.000,0,-,-,-,-,3286.4000,3279.6000,3275.6000,3260.0000,3230.0000,3296.6000,3296.8000,3300.0000,3309.8000,3348.6000,1,3,5,1,1,1,1,1,5,1
SF,IH2106,2020-10-21 09:30:10.300,3279.6000,320,0,0.000,0,-,-,-,-,3286.4000,3279.6000,3275.6000,3260.0000,3230.0000,3295.8000,3296.6000,3296.8000,3300.0000,3309.8000,1,3,5,1,1,1,1,1,1,5
SF,IH2106,2020-10-21 09:30:10.800,3279.6000,320,0,0.000,0,-,-,-,-,3288.0000,3286.6000,3286.4000,3275.6000,3260.0000,3295.6000,3295.8000,3296.8000,3300.0000,3309.8000,1,1,1,5,1,1,1,1,1,5
SF,IH2106,2020-10-21 09:30:11.300,3279.6000,320,0,0.000,0,-,-,-,-,3288.0000,3286.6000,3286.4000,3275.6000,3260.0000,3295.6000,3295.8000,3296.8000,3300.0000,3309.8000,1,1,1,5,1,1,1,1,1,5
SF,IH2106,2020-10-21 09:30:11.800,3279.6000,320,0,0.000,0,-,-,-,-,3288.0000,3286.6000,3286.4000,3275.6000,3260.0000,3294.0000,3294.2000,3295.6000,3300.0000,3309.8000,1,1,1,5,1,1,1,1,1,5
SF,IH2106,2020-10-21 09:30:12.300,3279.6000,320,0,0.000,0,-,-,-,-,3288.0000,3286.6000,3286.4000,3275.6000,3260.0000,3293.8000,3294.0000,3294.2000,3300.0000,3309.8000,1,1,1,5,1,1,1,1,1,5
SF,IH2106,2020-10-21 09:30:12.800,3279.6000,320,0,0.000,0,-,-,-,-,3288.2000,3288.0000,3286.4000,3275.6000,3260.0000,3293.8000,3294.0000,3294.2000,3300.0000,3309.8000,1,1,1,5,1,1,1,1,1,5
SF,IH2106,2020-10-21 09:30:13.300,3279.6000,320,0,0.000,0,-,-,-,-,3288.2000,3286.4000,3275.6000,3260.0000,3230.0000,3293.8000,3294.0000,3294.2000,3300.0000,3309.8000,1,1,5,1,1,1,1,1,1,5
SF,IH2106,2020-10-21 09:30:13.800,3279.6000,320,0,0.000,0,-,-,-,-,3288.2000,3275.6000,3260.0000,3230.0000,3229.4000,3291.6000,3292.2000,3293.8000,3300.0000,3309.8000,1,5,1,1,1,1,1,1,1,5
SF,IH2106,2020-10-21 09:30:15.300,3288.2000,319,-1,986460.000,1,0,1,双平,S,3275.6000,3260.0000,3230.0000,3229.4000,3223.6000,3290.4000,3291.6000,3293.8000,3300.0000,3309.8000,5,1,1,1,1,1,1,1,1,5
SF,IH2106,2020-10-21 09:30:15.800,3288.2000,319,0,986460.000,0,-,-,-,-,3283.8000,3283.2000,3275.8000,3271.8000,3260.0000,3290.2000,3290.4000,3291.6000,3300.0000,3309.8000,1,1,1,5,1,1,1,1,1,5
SF,IH2106,2020-10-21 09:30:16.300,3288.2000,319,0,986460.000,0,-,-,-,-,3283.8000,3283.2000,3275.8000,3271.8000,3260.0000,3290.2000,3290.4000,3291.6000,3300.0000,3309.8000,1,1,1,5,1,1,1,1,1,5
SF,IH2106,2020-10-21 09:30:16.800,3288.2000,319,0,986460.000,0,-,-,-,-,3283.8000,3283.2000,3280.2000,3275.8000,3271.8000,3290.2000,3290.4000,3291.6000,3300.0000,3309.8000,1,1,1,1,5,1,1,1,1,5
SF,IH2106,2020-10-21 09:30:17.800,3288.2000,319,0,986460.000,0,-,-,-,-,3283.8000,3283.2000,3275.8000,3271.8000,3260.0000,3290.2000,3290.4000,3291.6000,3300.0000,3309.8000,1,1,1,5,1,1,1,1,1,5
SF,IH2106,2020-10-21 09:30:19.300,3288.2000,319,0,986460.000,0,-,-,-,-,3283.8000,3275.8000,3271.8000,3260.0000,3230.0000,3290.2000,3290.4000,3291.6000,3300.0000,3309.8000,1,1,5,1,1,1,1,1,1,5
SF,IH2106,2020-10-21 09:30:19.800,3288.2000,319,0,986460.000,0,-,-,-,-,3275.8000,3271.8000,3260.0000,3230.0000,3229.4000,3290.2000,3290.4000,3291.6000,3300.0000,3309.8000,1,5,1,1,1,1,1,1,1,5
SF,IH2106,2020-10-21 09:30:20.300,3288.2000,319,0,986460.000,0,-,-,-,-,3283.2000,3281.2000,3275.8000,3271.8000,3260.0000,3289.0000,3290.2000,3290.4000,3300.0000,3309.8000,1,1,1,5,1,1,1,1,1,5
SF,IH2106,2020-10-21 09:30:20.800,3288.2000,319,0,986460.000,0,-,-,-,-,3283.8000,3283.2000,3275.8000,3271.8000,3260.0000,3288.8000,3289.0000,3290.4000,3300.0000,3309.8000,1,1,1,5,1,1,1,1,1,5
SF,IH2106,2020-10-21 09:30:21.800,3288.2000,319,0,986460.000,0,-,-,-,-,3275.8000,3271.8000,3260.0000,3230.0000,3229.4000,3288.8000,3289.0000,3290.4000,3300.0000,3309.8000,1,5,1,1,1,1,1,1,1,5
SF,IH2106,2020-10-21 09:30:22.300,3283.8000,319,0,1971600.000,1,0,1,多换,S,3283.2000,3275.8000,3271.8000,3260.0000,3230.0000,3286.4000,3288.8000,3290.4000,3300.0000,3309.8000,1,1,5,1,1,1,1,1,1,5
SF,IH2106,2020-10-21 09:30:22.800,3283.8000,319,0,1971600.000,0,-,-,-,-,3283.2000,3275.8000,3271.8000,3260.0000,3230.0000,3288.8000,3290.4000,3300.0000,3309.8000,3348.6000,1,1,5,1,1,1,1,1,5,1
SF,IH2106,2020-10-21 09:30:23.300,3283.8000,319,0,1971600.000,0,-,-,-,-,3283.2000,3275.8000,3271.8000,3260.0000,3230.0000,3288.8000,3300.0000,3309.8000,3348.6000,3349.6000,1,1,5,1,1,1,1,5,1,1
SF,IH2106,2020-10-21 09:30:25.300,3283.8000,319,0,1971600.000,0,-,-,-,-,3283.4000,3283.2000,3275.8000,3271.8000,3260.0000,3288.8000,3300.0000,3309.8000,3348.6000,3349.6000,1,1,1,5,1,1,1,5,1,1
SF,IH2106,2020-10-21 09:30:25.800,3283.8000,319,0,1971600.000,0,-,-,-,-,3285.0000,3283.4000,3275.8000,3271.8000,3260.0000,3288.8000,3300.0000,3309.8000,3348.6000,3349.6000,1,1,1,5,1,1,1,5,1,1
SF,IH2106,2020-10-21 09:30:26.300,3283.8000,319,0,1971600.000,0,-,-,-,-,3285.0000,3283.6000,3283.4000,3275.8000,3271.8000,3300.0000,3309.8000,3348.6000,3349.6000,3388.4000,1,1,1,1,5,1,5,1,1,1
SF,IH2106,2020-10-21 09:30:26.800,3283.8000,319,0,1971600.000,0,-,-,-,-,3285.0000,3283.6000,3283.4000,3275.8000,3271.8000,3289.0000,3292.2000,3298.4000,3299.8000,3300.0000,1,1,1,1,5,1,1,1,1,1
SF,IH2106,2020-10-21 09:30:27.300,3283.8000,319,0,1971600.000,0,-,-,-,-,3285.0000,3283.4000,3275.8000,3271.8000,3260.0000,3299.8000,3300.0000,3309.8000,3348.6000,3349.6000,1,1,1,5,1,1,1,5,1,1
SF,IH2106,2020-10-21 09:30:27.800,3283.8000,319,0,1971600.000,0,-,-,-,-,3285.0000,3283.4000,3275.8000,3271.8000,3260.0000,3291.6000,3294.0000,3299.8000,3300.0000,3309.8000,1,1,1,5,1,1,1,1,1,5
SF,IH2106,2020-10-21 09:30:28.300,3283.8000,319,0,1971600.000,0,-,-,-,-,3285.0000,3283.4000,3275.8000,3271.8000,3260.0000,3291.4000,3291.6000,3294.0000,3300.0000,3309.8000,1,1,1,5,1,1,1,1,1,5
SF,IH2106,2020-10-21 09:30:30.300,3283.8000,319,0,1971600.000,0,-,-,-,-,3285.0000,3283.4000,3275.8000,3271.8000,3260.0000,3289.0000,3291.4000,3300.0000,3309.8000,3348.6000,1,1,1,5,1,1,1,1,5,1
SF,IH2106,2020-10-21 09:30:30.800,3283.8000,319,0,1971600.000,0,-,-,-,-,3285.0000,3283.4000,3275.8000,3271.8000,3260.0000,3289.0000,3291.4000,3300.0000,3309.8000,3348.6000,2,1,1,5,1,1,1,1,5,1
SF,IH2106,2020-10-21 09:30:33.300,3283.8000,319,0,1971600.000,0,-,-,-,-,3283.4000,3275.8000,3271.8000,3260.0000,3230.0000,3289.0000,3291.4000,3300.0000,3309.8000,3348.6000,1,1,5,1,1,1,1,1,5,1
SF,IH2106,2020-10-21 09:30:33.800,3283.8000,319,0,1971600.000,0,-,-,-,-,3283.4000,3275.8000,3271.8000,3260.0000,3230.0000,3288.8000,3289.0000,3300.0000,3309.8000,3348.6000,1,1,5,1,1,1,1,1,5,1
SF,IH2106,2020-10-21 09:30:34.300,3283.8000,319,0,1971600.000,0,-,-,-,-,3284.0000,3283.4000,3275.8000,3271.8000,3260.0000,3288.8000,3289.0000,3300.0000,3309.8000,3348.6000,1,1,1,5,1,1,1,1,5,1
SF,IH2106,2020-10-21 09:30:36.300,3283.8000,319,0,1971600.000,0,-,-,-,-,3284.0000,3283.4000,3275.8000,3271.8000,3260.0000,3286.4000,3288.8000,3300.0000,3309.8000,3348.6000,1,1,1,5,1,1,1,1,5,1
SF,IH2106,2020-10-21 09:30:36.800,3283.8000,319,0,1971600.000,0,-,-,-,-,3283.4000,3275.8000,3271.8000,3260.0000,3230.0000,3286.4000,3288.8000,3300.0000,3309.8000,3348.6000,1,1,5,1,1,1,1,1,5,1
SF,IH2106,2020-10-21 09:30:39.800,3283.8000,319,0,1971600.000,0,-,-,-,-,3283.4000,3275.8000,3271.8000,3260.0000,3230.0000,3286.4000,3288.8000,3300.0000,3309.8000,3348.6000,1,1,5,1,1,1,1,1,5,1
SF,IH2106,2020-10-21 09:30:40.300,3283.8000,319,0,1971600.000,0,-,-,-,-,3283.4000,3275.8000,3271.8000,3260.0000,3230.0000,3286.4000,3288.8000,3300.0000,3309.8000,3349.6000,1,1,5,1,1,1,1,1,5,1
SF,IH2106,2020-10-21 09:30:42.300,3283.8000,319,0,1971600.000,0,-,-,-,-,3283.4000,3275.8000,3271.8000,3260.0000,3230.0000,3283.8000,3288.8000,3300.0000,3309.8000,3349.6000,1,1,5,1,1,1,1,1,5,1
SF,IH2106,2020-10-21 09:30:42.800,3283.8000,319,0,2956740.000,1,0,1,多换,S,3283.4000,3275.8000,3271.8000,3260.0000,3230.0000,3288.8000,3300.0000,3309.8000,3349.6000,3388.4000,1,1,5,1,1,1,1,5,1,1
SF,IH2106,2020-10-21 09:30:43.300,3283.8000,319,0,2956740.000,0,-,-,-,-,3275.8000,3271.8000,3260.0000,3230.0000,3229.4000,3288.6000,3288.8000,3300.0000,3309.8000,3349.6000,1,5,1,1,1,1,1,1,5,1
SF,IH2106,2020-10-21 09:30:43.800,3283.8000,319,0,2956740.000,0,-,-,-,-,3281.2000,3279.6000,3275.8000,3271.8000,3260.0000,3288.4000,3288.6000,3300.0000,3309.8000,3349.6000,1,1,1,5,1,1,1,1,5,1
SF,IH2106,2020-10-21 09:30:44.300,3283.8000,319,0,2956740.000,0,-,-,-,-,3281.4000,3281.2000,3275.8000,3271.8000,3260.0000,3288.4000,3288.6000,3300.0000,3309.8000,3349.6000,1,1,1,5,1,1,1,1,5,1
SF,IH2106,2020-10-21 09:30:44.800,3283.8000,319,0,2956740.000,0,-,-,-,-,3281.2000,3275.8000,3271.8000,3260.0000,3230.0000,3288.4000,3288.6000,3300.0000,3309.8000,3349.6000,1,1,5,1,1,1,1,1,5,1
SF,IH2106,2020-10-21 09:30:45.300,3283.8000,319,0,2956740.000,0,-,-,-,-,3281.4000,3281.2000,3275.8000,3271.8000,3260.0000,3288.4000,3288.6000,3300.0000,3309.8000,3349.6000,3,1,1,5,1,1,1,1,5,1
SF,IH2106,2020-10-21 09:30:45.800,3283.8000,319,0,2956740.000,0,-,-,-,-,3281.4000,3281.2000,3275.8000,3271.8000,3260.0000,3288.4000,3288.6000,3300.0000,3309.8000,3349.6000,2,1,1,5,1,1,1,1,5,1
SF,IH2106,2020-10-21 09:30:46.300,3283.8000,319,0,2956740.000,0,-,-,-,-,3281.4000,3281.2000,3275.8000,3271.8000,3260.0000,3288.4000,3288.6000,3300.0000,3309.8000,3349.6000,3,1,1,5,1,1,1,1,5,1
SF,IH2106,2020-10-21 09:30:46.800,3283.8000,319,0,2956740.000,0,-,-,-,-,3281.4000,3281.2000,3275.8000,3271.8000,3260.0000,3288.4000,3288.6000,3300.0000,3309.8000,3325.0000,3,1,1,5,1,1,1,1,5,4
SF,IH2106,2020-10-21 09:30:48.300,3283.8000,319,0,2956740.000,0,-,-,-,-,3281.4000,3281.2000,3275.8000,3271.8000,3260.0000,3288.4000,3300.0000,3309.8000,3325.0000,3349.6000,3,1,1,5,1,1,1,5,4,1
SF,IH2106,2020-10-21 09:30:50.800,3283.8000,319,0,2956740.000,0,-,-,-,-,3281.4000,3281.2000,3275.8000,3271.8000,3260.0000,3288.4000,3300.0000,3309.0000,3309.8000,3325.0000,3,1,1,5,1,1,1,1,5,4
SF,IH2106,2020-10-21 09:30:51.300,3283.8000,319,0,2956740.000,0,-,-,-,-,3281.4000,3281.2000,3275.8000,3271.8000,3260.0000,3288.4000,3300.0000,3309.0000,3309.8000,3325.0000,2,1,1,5,1,1,1,1,5,4
SF,IH2106,2020-10-21 09:30:56.300,3283.8000,319,0,2956740.000,0,-,-,-,-,3281.6000,3281.4000,3281.2000,3275.8000,3271.8000,3288.4000,3300.0000,3309.0000,3309.8000,3325.0000,1,2,1,1,5,1,1,1,5,4
SF,IH2106,2020-10-21 09:31:00.800,3283.8000,319,0,2956740.000,0,-,-,-,-,3281.6000,3281.4000,3281.2000,3275.8000,3271.8000,3288.0000,3288.4000,3300.0000,3309.0000,3309.8000,1,2,1,1,5,1,1,1,1,5
SF,IH2106,2020-10-21 09:31:01.300,3283.8000,319,0,2956740.000,0,-,-,-,-,3281.8000,3281.6000,3281.4000,3281.2000,3275.8000,3287.8000,3288.0000,3300.0000,3309.0000,3309.8000,1,1,2,1,1,2,1,1,1,5
SF,IH2106,2020-10-21 09:31:01.800,3283.8000,319,0,2956740.000,0,-,-,-,-,3281.8000,3281.6000,3281.4000,3281.2000,3275.8000,3287.8000,3288.0000,3300.0000,3309.0000,3309.8000,1,1,3,1,1,2,1,1,1,5
SF,IH2106,2020-10-21 09:31:02.300,3283.8000,319,0,2956740.000,0,-,-,-,-,3281.8000,3281.6000,3281.4000,3281.2000,3275.8000,3287.8000,3300.0000,3309.0000,3309.8000,3325.0000,1,1,3,1,1,2,1,1,5,4
SF,IH2106,2020-10-21 09:31:02.800,3283.8000,319,0,2956740.000,0,-,-,-,-,3281.8000,3281.4000,3281.2000,3275.8000,3271.8000,3287.8000,3300.0000,3309.0000,3309.8000,3325.0000,1,3,1,1,5,2,1,1,5,4
SF,IH2106,2020-10-21 09:31:04.300,3283.8000,319,0,2956740.000,0,-,-,-,-,3281.8000,3281.4000,3281.2000,3275.8000,3271.8000,3287.8000,3300.0000,3309.0000,3309.8000,3325.0000,1,2,1,1,5,2,1,1,5,4
SF,IH2106,2020-10-21 09:31:04.800,3283.8000,319,0,2956740.000,0,-,-,-,-,3281.8000,3281.4000,3275.8000,3271.8000,3260.0000,3286.8000,3287.8000,3300.0000,3309.0000,3309.8000,1,2,1,5,1,1,2,1,1,5
SF,IH2106,2020-10-21 09:31:05.300,3283.8000,319,0,2956740.000,0,-,-,-,-,3281.8000,3281.4000,3275.8000,3271.8000,3260.0000,3286.6000,3286.8000,3300.0000,3309.0000,3309.8000,1,1,1,5,1,2,1,1,1,5
SF,IH2106,2020-10-21 09:31:05.800,3283.8000,319,0,2956740.000,0,-,-,-,-,3281.8000,3281.4000,3275.8000,3271.8000,3260.0000,3286.6000,3300.0000,3309.0000,3309.8000,3325.0000,1,1,1,5,1,2,1,1,5,4
SF,IH2106,2020-10-21 09:31:07.300,3283.8000,319,0,2956740.000,0,-,-,-,-,3282.0000,3281.8000,3281.4000,3275.8000,3271.8000,3286.6000,3300.0000,3309.0000,3309.8000,3325.0000,1,1,1,1,5,2,1,1,5,4
SF,IH2106,2020-10-21 09:31:07.800,3283.8000,319,0,2956740.000,0,-,-,-,-,3282.2000,3282.0000,3281.4000,3275.8000,3271.8000,3286.6000,3300.0000,3309.0000,3309.8000,3325.0000,1,1,1,1,5,2,1,1,5,4
SF,IH2106,2020-10-21 09:31:08.300,3283.8000,319,0,2956740.000,0,-,-,-,-,3282.2000,3281.4000,3275.8000,3271.8000,3260.0000,3286.6000,3300.0000,3309.0000,3309.8000,3325.0000,1,1,1,5,1,2,1,1,5,4
SF,IH2106,2020-10-21 09:31:10.300,3283.8000,319,0,2956740.000,0,-,-,-,-,3282.2000,3281.4000,3275.8000,3271.8000,3260.0000,3286.4000,3286.6000,3300.0000,3309.0000,3309.8000,1,1,1,5,1,1,2,1,1,5
SF,IH2106,2020-10-21 09:31:10.800,3283.8000,319,0,2956740.000,0,-,-,-,-,3281.4000,3275.8000,3271.8000,3260.0000,3245.0000,3286.2000,3286.4000,3286.6000,3300.0000,3309.0000,1,1,5,1,4,1,1,1,1,1
SF,IH2106,2020-10-21 09:31:11.300,3283.8000,319,0,2956740.000,0,-,-,-,-,3281.4000,3275.8000,3271.8000,3260.0000,3245.0000,3286.0000,3286.2000,3300.0000,3309.0000,3309.8000,1,1,5,1,4,1,1,1,1,5
SF,IH2106,2020-10-21 09:31:11.800,3283.8000,319,0,2956740.000,0,-,-,-,-,3281.4000,3275.8000,3271.8000,3260.0000,3245.0000,3285.8000,3286.0000,3300.0000,3309.0000,3309.8000,1,1,5,1,4,1,1,1,1,5
SF,IH2106,2020-10-21 09:31:13.800,3283.8000,319,0,2956740.000,0,-,-,-,-,3281.4000,3275.8000,3271.8000,3260.0000,3245.0000,3285.8000,3286.0000,3286.4000,3300.0000,3309.0000,1,1,5,1,4,1,1,1,1,1
SF,IH2106,2020-10-21 09:31:22.300,3283.8000,319,0,2956740.000,0,-,-,-,-,3281.4000,3271.8000,3260.0000,3245.0000,3230.0000,3285.0000,3285.8000,3286.0000,3286.4000,3300.0000,1,5,1,4,1,1,1,1,1,1
SF,IH2106,2020-10-21 09:31:22.800,3283.8000,319,0,2956740.000,0,-,-,-,-,3281.4000,3271.8000,3260.0000,3245.0000,3230.0000,3284.8000,3286.0000,3286.4000,3300.0000,3309.0000,1,5,1,4,1,1,1,1,1,1
SF,IH2106,2020-10-21 09:31:23.300,3283.8000,319,0,2956740.000,0,-,-,-,-,3271.8000,3260.0000,3245.0000,3230.0000,3223.6000,3284.8000,3286.0000,3286.4000,3300.0000,3309.0000,5,1,4,1,1,1,1,1,1,1
SF,IH2106,2020-10-21 09:31:23.800,3283.8000,319,0,2956740.000,0,-,-,-,-,3278.6000,3277.8000,3272.0000,3271.8000,3260.0000,3284.6000,3286.4000,3300.0000,3309.0000,3309.8000,1,1,2,5,1,1,1,1,1,5
SF,IH2106,2020-10-21 09:31:24.300,3283.8000,319,0,2956740.000,0,-,-,-,-,3278.8000,3278.6000,3277.8000,3272.0000,3271.8000,3284.4000,3284.6000,3286.4000,3300.0000,3309.0000,1,1,1,1,5,1,1,1,1,1
SF,IH2106,2020-10-21 09:31:24.800,3283.8000,319,0,2956740.000,0,-,-,-,-,3278.8000,3278.6000,3277.8000,3272.0000,3271.8000,3284.2000,3286.4000,3300.0000,3309.0000,3309.8000,1,1,1,1,5,1,1,1,1,5
SF,IH2106,2020-10-21 09:31:27.800,3283.8000,319,0,2956740.000,0,-,-,-,-,3279.0000,3278.8000,3278.6000,3277.8000,3272.0000,3284.2000,3286.4000,3300.0000,3309.0000,3309.8000,2,1,1,1,1,1,1,1,1,5
SF,IH2106,2020-10-21 09:31:28.300,3283.8000,319,0,2956740.000,0,-,-,-,-,3279.6000,3279.2000,3279.0000,3278.6000,3272.0000,3284.2000,3286.4000,3300.0000,3309.0000,3309.8000,1,1,2,1,1,1,1,1,1,5
SF,IH2106,2020-10-21 09:31:28.800,3283.8000,319,0,2956740.000,0,-,-,-,-,3279.8000,3279.6000,3279.0000,3278.6000,3272.0000,3284.2000,3286.4000,3300.0000,3309.0000,3309.8000,1,1,2,1,1,1,1,1,1,5
SF,IH2106,2020-10-21 09:31:29.800,3283.8000,319,0,2956740.000,0,-,-,-,-,3279.8000,3279.6000,3279.0000,3278.6000,3272.0000,3284.2000,3286.4000,3300.0000,3309.0000,3309.8000,1,1,3,1,1,1,1,1,1,5
SF,IH2106,2020-10-21 09:31:30.300,3283.8000,319,0,2956740.000,0,-,-,-,-,3279.8000,3279.0000,3278.6000,3272.0000,3271.8000,3284.2000,3286.4000,3300.0000,3309.0000,3309.8000,1,3,1,1,5,1,1,1,1,5
SF,IH2106,2020-10-21 09:31:33.300,3283.8000,319,0,2956740.000,0,-,-,-,-,3279.8000,3279.0000,3278.6000,3272.0000,3271.8000,3284.2000,3286.4000,3300.0000,3309.0000,3309.8000,1,2,1,1,5,1,1,1,1,5
SF,IH2106,2020-10-21 09:31:33.800,3283.8000,319,0,2956740.000,0,-,-,-,-,3280.0000,3279.8000,3279.0000,3278.6000,3272.0000,3284.2000,3286.4000,3300.0000,3309.0000,3309.8000,1,1,2,1,1,1,1,1,1,5
SF,IH2106,2020-10-21 09:31:34.300,3283.8000,319,0,2956740.000,0,-,-,-,-,3280.2000,3280.0000,3279.0000,3278.6000,3272.0000,3286.4000,3300.0000,3309.0000,3309.8000,3325.0000,1,1,2,1,1,1,1,1,5,4
SF,IH2106,2020-10-21 09:31:34.800,3283.8000,319,0,2956740.000,0,-,-,-,-,3280.2000,3280.0000,3279.0000,3278.6000,3272.0000,3286.2000,3286.4000,3300.0000,3309.0000,3309.8000,1,1,2,1,1,2,2,1,1,5
SF,IH2106,2020-10-21 09:31:35.800,3283.8000,319,0,2956740.000,0,-,-,-,-,3280.2000,3280.0000,3279.0000,3278.6000,3272.0000,3286.2000,3286.4000,3300.0000,3309.0000,3309.8000,1,1,1,1,1,2,2,1,1,5
SF,IH2106,2020-10-21 09:31:37.800,3283.8000,319,0,2956740.000,0,-,-,-,-,3280.2000,3280.0000,3279.0000,3278.6000,3272.0000,3286.2000,3286.4000,3300.0000,3309.0000,3309.8000,1,1,1,1,1,2,1,1,1,5
SF,IH2106,2020-10-21 09:31:38.300,3283.8000,319,0,2956740.000,0,-,-,-,-,3280.2000,3279.0000,3278.6000,3272.0000,3271.8000,3286.2000,3286.4000,3300.0000,3309.0000,3309.8000,1,1,1,1,5,2,1,1,1,5
SF,IH2106,2020-10-21 09:31:39.300,3283.8000,319,0,2956740.000,0,-,-,-,-,3280.2000,3279.0000,3278.6000,3272.0000,3271.8000,3286.0000,3286.2000,3286.4000,3300.0000,3309.0000,1,1,1,1,5,1,2,1,1,1
SF,IH2106,2020-10-21 09:31:39.800,3283.8000,319,0,2956740.000,0,-,-,-,-,3280.2000,3279.0000,3278.6000,3272.0000,3271.8000,3285.8000,3286.0000,3286.4000,3300.0000,3309.0000,1,1,1,1,5,2,1,1,1,1
SF,IH2106,2020-10-21 09:31:40.300,3283.8000,319,0,2956740.000,0,-,-,-,-,3280.2000,3279.0000,3278.6000,3272.0000,3271.8000,3285.0000,3285.8000,3286.0000,3286.4000,3300.0000,1,1,1,1,5,1,2,1,1,1
SF,IH2106,2020-10-21 09:31:40.800,3283.8000,319,0,2956740.000,0,-,-,-,-,3280.2000,3279.0000,3278.6000,3272.0000,3271.8000,3284.8000,3286.0000,3286.4000,3300.0000,3309.0000,1,1,1,1,5,2,1,1,1,1
SF,IH2106,2020-10-21 09:31:42.300,3283.8000,319,0,2956740.000,0,-,-,-,-,3280.2000,3279.0000,3278.6000,3272.0000,3271.8000,3284.8000,3286.4000,3300.0000,3309.0000,3309.8000,1,1,1,1,5,2,1,1,1,5
SF,IH2106,2020-10-21 09:31:54.300,3283.8000,319,0,2956740.000,0,-,-,-,-,3280.2000,3279.0000,3278.6000,3272.0000,3268.0000,3284.8000,3286.4000,3300.0000,3309.0000,3309.8000,1,1,1,1,5,2,1,1,1,5
SF,IH2106,2020-10-21 09:31:54.800,3283.8000,319,0,2956740.000,0,-,-,-,-,3279.0000,3278.6000,3272.0000,3268.0000,3260.0000,3284.8000,3286.4000,3300.0000,3309.0000,3309.8000,1,1,1,5,1,2,1,1,1,5
SF,IH2106,2020-10-21 09:31:55.300,3283.8000,319,0,2956740.000,0,-,-,-,-,3279.2000,3279.0000,3278.6000,3272.0000,3268.0000,3284.8000,3286.4000,3300.0000,3309.0000,3309.8000,1,1,1,1,5,2,1,1,1,5
SF,IH2106,2020-10-21 09:31:55.800,3283.8000,319,0,2956740.000,0,-,-,-,-,3279.2000,3279.0000,3272.0000,3268.0000,3260.0000,3283.8000,3284.8000,3300.0000,3309.0000,3309.8000,1,1,1,5,1,1,2,1,1,5
SF,IH2106,2020-10-21 09:31:56.300,3283.8000,319,0,2956740.000,0,-,-,-,-,3279.2000,3279.0000,3268.0000,3260.0000,3245.0000,3283.6000,3283.8000,3284.8000,3300.0000,3309.0000,1,1,5,1,4,1,1,1,1,1
SF,IH2106,2020-10-21 09:31:56.800,3283.8000,319,0,2956740.000,0,-,-,-,-,3279.0000,3268.0000,3260.0000,3245.0000,3230.0000,3282.4000,3283.2000,3283.6000,3283.8000,3284.8000,1,5,1,4,1,1,1,1,1,1
SF,IH2106,2020-10-21 09:31:57.300,3283.8000,319,0,2956740.000,0,-,-,-,-,3279.0000,3268.0000,3260.0000,3245.0000,3230.0000,3282.2000,3282.4000,3283.2000,3283.8000,3284.8000,1,5,1,4,1,1,1,1,1,1
SF,IH2106,2020-10-21 09:31:58.300,3283.8000,319,0,2956740.000,0,-,-,-,-,3279.0000,3268.0000,3260.0000,3245.0000,3230.0000,3282.2000,3282.4000,3283.2000,3283.8000,3284.8000,1,5,1,4,1,1,1,2,1,1
SF,IH2106,2020-10-21 09:31:58.800,3279.0000,318,-1,3940440.000,1,0,1,双平,S,3268.0000,3260.0000,3245.0000,3230.0000,3223.6000,3282.2000,3282.4000,3283.2000,3283.8000,3284.8000,5,1,4,1,1,1,1,2,1,1
SF,IH2106,2020-10-21 09:31:59.300,3279.0000,318,0,3940440.000,0,-,-,-,-,3276.0000,3268.2000,3268.0000,3260.0000,3245.0000,3282.0000,3282.4000,3283.2000,3283.8000,3300.0000,2,2,5,1,4,1,1,2,1,1
SF,IH2106,2020-10-21 09:31:59.800,3279.0000,318,0,3940440.000,0,-,-,-,-,3276.0000,3268.2000,3268.0000,3260.0000,3245.0000,3281.8000,3282.0000,3282.4000,3283.2000,3283.8000,2,2,5,1,4,1,1,1,2,1
SF,IH2106,2020-10-21 09:32:00.300,3279.0000,318,0,3940440.000,0,-,-,-,-,3268.2000,3268.0000,3260.0000,3245.0000,3230.0000,3281.6000,3281.8000,3283.2000,3283.8000,3300.0000,2,5,1,4,1,1,1,2,1,1
SF,IH2106,2020-10-21 09:32:00.800,3279.0000,318,0,3940440.000,0,-,-,-,-,3274.2000,3273.4000,3268.2000,3268.0000,3260.0000,3281.6000,3283.2000,3283.8000,3300.0000,3309.0000,1,1,2,5,1,1,2,1,1,1
SF,IH2106,2020-10-21 09:32:01.300,3279.0000,318,0,3940440.000,0,-,-,-,-,3274.2000,3273.6000,3273.4000,3268.2000,3268.0000,3281.2000,3281.4000,3281.6000,3283.2000,3300.0000,1,1,1,2,5,1,2,1,1,1
SF,IH2106,2020-10-21 09:32:01.800,3279.0000,318,0,3940440.000,0,-,-,-,-,3273.6000,3273.4000,3268.2000,3268.0000,3260.0000,3274.2000,3281.0000,3281.2000,3281.4000,3300.0000,1,1,2,5,1,1,2,1,1,1
SF,IH2106,2020-10-21 09:32:02.300,3274.2000,318,0,4922700.000,1,0,1,多换,S,3274.6000,3274.2000,3273.6000,3273.4000,3268.2000,3281.0000,3281.2000,3281.4000,3300.0000,3309.0000,1,1,1,1,1,1,1,1,1,1
SF,IH2106,2020-10-21 09:32:02.800,3274.2000,318,0,4922700.000,0,-,-,-,-,3274.6000,3274.2000,3273.4000,3268.2000,3268.0000,3280.8000,3281.0000,3281.2000,3281.4000,3300.0000,1,1,1,1,5,1,1,1,1,1
SF,IH2106,2020-10-21 09:32:03.300,3274.2000,318,0,4922700.000,0,-,-,-,-,3274.6000,3273.4000,3268.2000,3268.0000,3260.0000,3280.6000,3280.8000,3281.2000,3281.4000,3300.0000,1,1,1,5,1,1,1,1,1,1
SF,IH2106,2020-10-21 09:32:03.800,3274.2000,318,0,4922700.000,0,-,-,-,-,3274.6000,3273.4000,3268.2000,3268.0000,3260.0000,3278.6000,3280.4000,3280.6000,3281.2000,3281.4000,1,1,1,5,1,1,1,1,1,1
SF,IH2106,2020-10-21 09:32:04.300,3274.2000,318,0,4922700.000,0,-,-,-,-,3274.8000,3274.6000,3274.2000,3273.4000,3268.2000,3278.6000,3280.4000,3280.6000,3281.2000,3281.4000,1,1,1,1,1,1,1,1,1,1
SF,IH2106,2020-10-21 09:32:04.800,3274.2000,318,0,4922700.000,0,-,-,-,-,3274.8000,3274.2000,3273.4000,3268.2000,3268.0000,3278.6000,3280.6000,3281.2000,3281.4000,3300.0000,1,1,1,1,5,1,1,1,1,1
SF,IH2106,2020-10-21 09:32:05.300,3274.2000,318,0,4922700.000,0,-,-,-,-,3274.8000,3274.2000,3273.4000,3268.2000,3268.0000,3280.6000,3281.2000,3281.4000,3300.0000,3309.0000,1,1,1,1,5,1,1,1,1,1
SF,IH2106,2020-10-21 09:32:05.800,3274.2000,318,0,4922700.000,0,-,-,-,-,3274.8000,3274.2000,3273.4000,3268.2000,3268.0000,3280.6000,3300.0000,3309.0000,3309.8000,3325.0000,1,1,1,1,5,1,1,1,5,4
SF,IH2106,2020-10-21 09:32:06.800,3274.2000,318,0,4922700.000,0,-,-,-,-,3275.0000,3274.8000,3274.2000,3273.4000,3268.2000,3279.8000,3280.6000,3300.0000,3309.0000,3309.8000,1,1,1,1,1,1,1,1,1,5
SF,IH2106,2020-10-21 09:32:07.300,3274.2000,318,0,4922700.000,0,-,-,-,-,3275.2000,3275.0000,3274.2000,3273.4000,3268.2000,3279.6000,3279.8000,3300.0000,3309.0000,3309.8000,1,1,1,1,1,1,1,1,1,5
SF,IH2106,2020-10-21 09:32:07.800,3274.2000,318,0,4922700.000,0,-,-,-,-,3275.2000,3275.0000,3274.2000,3273.4000,3268.2000,3279.6000,3279.8000,3300.0000,3309.0000,3309.8000,1,1,1,1,1,1,1,1,1,5
SF,IH2106,2020-10-21 09:32:09.300,3274.2000,318,0,4922700.000,0,-,-,-,-,3275.2000,3273.4000,3268.2000,3264.2000,3260.0000,3279.6000,3279.8000,3300.0000,3309.0000,3309.8000,2,1,1,5,1,1,1,1,1,5
SF,IH2106,2020-10-21 09:32:09.800,3274.2000,318,0,4922700.000,0,-,-,-,-,3275.6000,3275.2000,3273.4000,3268.2000,3264.2000,3279.6000,3279.8000,3300.0000,3309.0000,3309.8000,1,2,1,1,5,1,1,1,1,5
SF,IH2106,2020-10-21 09:32:10.300,3274.2000,318,0,4922700.000,0,-,-,-,-,3275.8000,3275.6000,3275.2000,3273.4000,3268.2000,3279.8000,3300.0000,3309.0000,3309.8000,3325.0000,1,1,1,1,1,1,1,1,5,4
SF,IH2106,2020-10-21 09:32:11.800,3274.2000,318,0,4922700.000,0,-,-,-,-,3275.8000,3275.6000,3275.2000,3273.4000,3268.2000,3300.0000,3309.0000,3309.8000,3325.0000,3388.4000,1,1,1,1,1,1,1,5,4,1
SF,IH2106,2020-10-21 09:32:12.300,3274.2000,318,0,4922700.000,0,-,-,-,-,3275.8000,3275.6000,3273.4000,3268.2000,3264.2000,3283.2000,3283.8000,3289.2000,3299.8000,3300.0000,2,1,1,1,5,1,1,1,4,1
SF,IH2106,2020-10-21 09:32:12.800,3274.2000,318,0,4922700.000,0,-,-,-,-,3276.0000,3275.8000,3275.6000,3268.2000,3264.2000,3283.0000,3283.2000,3283.8000,3294.6000,3299.8000,1,2,1,1,5,2,1,1,5,2
SF,IH2106,2020-10-21 09:32:13.300,3274.2000,318,0,4922700.000,0,-,-,-,-,3276.2000,3275.8000,3275.6000,3268.2000,3264.2000,3282.4000,3283.0000,3283.2000,3283.8000,3294.6000,1,1,1,1,5,1,2,1,1,5
SF,IH2106,2020-10-21 09:32:13.800,3274.2000,318,0,4922700.000,0,-,-,-,-,3276.2000,3275.8000,3268.2000,3264.2000,3260.0000,3282.2000,3282.4000,3283.2000,3283.8000,3294.6000,1,1,1,5,1,2,1,1,1,5
SF,IH2106,2020-10-21 09:32:14.300,3274.2000,318,0,4922700.000,0,-,-,-,-,3276.2000,3275.8000,3268.2000,3264.2000,3260.0000,3282.2000,3282.4000,3283.2000,3283.8000,3294.6000,1,1,1,5,1,3,2,1,1,5
SF,IH2106,2020-10-21 09:32:14.800,3274.2000,318,0,4922700.000,0,-,-,-,-,3276.2000,3268.2000,3264.2000,3260.0000,3245.0000,3282.2000,3282.4000,3283.2000,3283.8000,3294.6000,2,1,5,1,4,3,2,1,1,5
SF,IH2106,2020-10-21 09:32:15.300,3274.2000,318,0,4922700.000,0,-,-,-,-,3276.2000,3268.2000,3264.2000,3260.0000,3245.0000,3282.2000,3282.4000,3283.2000,3283.8000,3292.4000,2,1,5,1,4,3,2,1,1,1
SF,IH2106,2020-10-21 09:32:18.300,3274.2000,318,0,4922700.000,0,-,-,-,-,3276.2000,3268.2000,3264.2000,3260.0000,3245.0000,3282.2000,3282.4000,3283.2000,3283.8000,3292.4000,2,1,5,1,4,3,1,1,1,1
SF,IH2106,2020-10-21 09:32:20.300,3274.2000,318,0,4922700.000,0,-,-,-,-,3276.2000,3268.2000,3264.2000,3260.0000,3245.0000,3282.2000,3283.2000,3283.8000,3292.4000,3298.4000,2,1,5,1,4,3,1,1,1,5
SF,IH2106,2020-10-21 09:32:21.800,3274.2000,318,0,4922700.000,0,-,-,-,-,3276.2000,3268.2000,3264.2000,3260.0000,3245.0000,3282.2000,3283.8000,3292.4000,3298.4000,3299.8000,2,1,5,1,4,3,1,1,5,1
SF,IH2106,2020-10-21 09:32:22.300,3274.2000,318,0,4922700.000,0,-,-,-,-,3276.2000,3268.2000,3264.2000,3260.0000,3245.0000,3282.2000,3292.4000,3298.4000,3299.8000,3300.0000,2,1,5,1,4,2,1,5,1,1
SF,IH2106,2020-10-21 09:32:22.800,3274.2000,318,0,4922700.000,0,-,-,-,-,3276.6000,3276.2000,3268.2000,3264.2000,3260.0000,3282.2000,3292.4000,3298.4000,3299.8000,3300.0000,1,2,1,5,1,2,1,5,1,1
SF,IH2106,2020-10-21 09:32:23.300,3274.2000,318,0,4922700.000,0,-,-,-,-,3276.8000,3276.6000,3276.2000,3268.2000,3264.2000,3282.2000,3292.4000,3298.4000,3299.8000,3300.0000,2,1,1,1,5,2,1,5,1,1
SF,IH2106,2020-10-21 09:32:24.300,3274.2000,318,0,4922700.000,0,-,-,-,-,3277.8000,3276.8000,3276.6000,3276.2000,3268.2000,3282.2000,3292.4000,3298.4000,3299.8000,3300.0000,1,2,1,1,1,2,1,5,1,1
SF,IH2106,2020-10-21 09:32:24.800,3274.2000,318,0,4922700.000,0,-,-,-,-,3278.0000,3276.8000,3276.6000,3276.2000,3268.2000,3282.2000,3292.4000,3298.4000,3299.8000,3300.0000,1,1,1,1,1,2,1,5,1,1
SF,IH2106,2020-10-21 09:32:25.300,3274.2000,318,0,4922700.000,0,-,-,-,-,3278.0000,3276.8000,3276.6000,3276.2000,3268.2000,3282.2000,3292.4000,3298.4000,3299.8000,3300.0000,1,1,1,1,1,1,1,5,1,1
SF,IH2106,2020-10-21 09:32:26.300,3274.2000,318,0,4922700.000,0,-,-,-,-,3278.0000,3276.8000,3276.6000,3268.2000,3264.2000,3282.2000,3292.4000,3298.4000,3299.8000,3300.0000,1,1,1,1,5,1,1,5,1,1
SF,IH2106,2020-10-21 09:32:27.300,3274.2000,318,0,4922700.000,0,-,-,-,-,3278.0000,3276.8000,3268.2000,3264.2000,3260.0000,3282.2000,3292.4000,3298.4000,3299.8000,3300.0000,1,1,1,5,1,1,1,5,1,1
SF,IH2106,2020-10-21 09:32:28.800,3274.2000,318,0,4922700.000,0,-,-,-,-,3278.0000,3268.2000,3264.2000,3260.0000,3245.0000,3282.2000,3292.4000,3298.4000,3299.8000,3300.0000,1,1,5,1,4,1,1,5,1,1
SF,IH2106,2020-10-21 09:32:29.300,3274.2000,318,0,4922700.000,0,-,-,-,-,3278.0000,3268.2000,3264.2000,3260.0000,3245.0000,3282.0000,3282.2000,3292.4000,3298.4000,3299.8000,1,1,5,1,4,1,1,1,5,1
SF,IH2106,2020-10-21 09:32:29.800,3274.2000,318,0,4922700.000,0,-,-,-,-,3268.2000,3264.2000,3260.0000,3245.0000,3230.0000,3282.0000,3282.2000,3292.4000,3298.4000,3299.8000,1,5,1,4,1,1,1,1,5,1
SF,IH2106,2020-10-21 09:32:30.300,3274.2000,318,0,4922700.000,0,-,-,-,-,3276.0000,3268.4000,3268.2000,3264.2000,3260.0000,3281.8000,3282.2000,3292.4000,3298.4000,3299.8000,2,1,1,5,1,1,1,1,5,1
SF,IH2106,2020-10-21 09:32:30.800,3274.2000,318,0,4922700.000,0,-,-,-,-,3276.2000,3276.0000,3268.2000,3264.2000,3260.0000,3281.8000,3282.2000,3292.4000,3298.4000,3299.8000,1,2,1,5,1,1,1,1,5,1
SF,IH2106,2020-10-21 09:32:31.800,3274.2000,318,0,4922700.000,0,-,-,-,-,3276.2000,3276.0000,3274.6000,3268.2000,3264.2000,3281.8000,3282.2000,3292.4000,3298.4000,3299.8000,1,2,1,1,5,1,1,1,5,1
SF,IH2106,2020-10-21 09:32:33.300,3274.2000,318,0,4922700.000,0,-,-,-,-,3276.2000,3274.6000,3268.2000,3264.2000,3260.0000,3281.8000,3282.2000,3292.4000,3298.4000,3299.8000,1,1,1,5,1,1,1,1,5,1
SF,IH2106,2020-10-21 09:32:33.800,3274.2000,318,0,4922700.000,0,-,-,-,-,3276.2000,3274.6000,3268.2000,3264.2000,3260.0000,3281.6000,3281.8000,3282.2000,3292.4000,3298.4000,1,1,1,5,1,1,1,1,1,5
SF,IH2106,2020-10-21 09:32:34.300,3274.2000,318,0,4922700.000,0,-,-,-,-,3276.2000,3274.6000,3268.2000,3264.2000,3260.0000,3281.4000,3281.6000,3282.2000,3292.4000,3298.4000,1,1,1,5,1,1,1,1,1,5
SF,IH2106,2020-10-21 09:32:34.800,3274.2000,318,0,4922700.000,0,-,-,-,-,3276.2000,3274.6000,3268.2000,3264.2000,3260.0000,3281.2000,3281.4000,3282.2000,3292.4000,3298.4000,1,1,1,5,1,1,1,1,1,5
SF,IH2106,2020-10-21 09:32:35.300,3274.2000,318,0,4922700.000,0,-,-,-,-,3276.2000,3274.6000,3268.2000,3264.2000,3260.0000,3281.0000,3281.2000,3282.2000,3292.4000,3298.4000,1,1,1,5,1,1,1,1,1,5
SF,IH2106,2020-10-21 09:32:35.800,3274.2000,318,0,4922700.000,0,-,-,-,-,3276.2000,3274.6000,3268.2000,3264.2000,3260.0000,3280.8000,3281.0000,3282.2000,3292.4000,3298.4000,1,1,1,5,1,1,1,1,1,5
SF,IH2106,2020-10-21 09:32:39.800,3274.2000,318,0,4922700.000,0,-,-,-,-,3276.2000,3274.6000,3268.2000,3264.2000,3260.0000,3280.8000,3281.0000,3282.2000,3292.4000,3298.4000,2,1,1,5,1,1,1,1,1,5
SF,IH2106,2020-10-21 09:32:40.300,3274.2000,318,0,4922700.000,0,-,-,-,-,3276.2000,3274.6000,3268.2000,3264.2000,3260.0000,3281.0000,3282.2000,3292.4000,3298.4000,3299.8000,2,1,1,5,1,1,1,1,5,1
SF,IH2106,2020-10-21 09:32:42.800,3274.2000,318,0,4922700.000,0,-,-,-,-,3276.2000,3274.6000,3268.2000,3264.2000,3260.0000,3281.0000,3281.8000,3282.2000,3292.4000,3298.4000,2,1,1,5,1,1,1,1,1,5
SF,IH2106,2020-10-21 09:33:00.300,3274.2000,318,0,4922700.000,0,-,-,-,-,3276.2000,3274.6000,3268.2000,3264.2000,3260.0000,3281.0000,3281.8000,3282.2000,3292.4000,3298.4000,1,1,1,5,1,1,1,1,1,5
SF,IH2106,2020-10-21 09:33:00.800,3274.2000,318,0,4922700.000,0,-,-,-,-,3268.2000,3264.2000,3260.0000,3245.0000,3230.0000,3280.8000,3281.0000,3281.8000,3282.2000,3292.4000,1,5,1,4,1,1,1,1,1,1
SF,IH2106,2020-10-21 09:33:01.300,3274.2000,318,0,4922700.000,0,-,-,-,-,3273.4000,3272.4000,3268.4000,3268.2000,3264.2000,3280.6000,3281.8000,3282.2000,3292.4000,3298.4000,1,1,1,1,5,1,1,1,1,5
SF,IH2106,2020-10-21 09:33:01.800,3274.2000,318,0,4922700.000,0,-,-,-,-,3273.6000,3273.4000,3272.4000,3268.2000,3264.2000,3280.4000,3280.6000,3281.8000,3282.2000,3292.4000,1,1,1,1,5,1,1,1,1,1
SF,IH2106,2020-10-21 09:33:02.300,3274.2000,318,0,4922700.000,0,-,-,-,-,3273.6000,3273.4000,3272.4000,3268.2000,3264.2000,3280.2000,3280.4000,3281.8000,3282.2000,3292.4000,1,1,1,1,5,1,1,1,1,1
SF,IH2106,2020-10-21 09:33:02.800,3274.2000,318,0,4922700.000,0,-,-,-,-,3274.2000,3273.6000,3272.4000,3268.2000,3264.2000,3280.0000,3280.2000,3281.8000,3282.2000,3292.4000,1,1,1,1,5,1,1,1,1,1
SF,IH2106,2020-10-21 09:33:03.300,3274.2000,318,0,4922700.000,0,-,-,-,-,3274.4000,3274.2000,3272.4000,3268.2000,3264.2000,3279.8000,3280.0000,3281.8000,3282.2000,3292.4000,1,1,1,1,5,1,1,1,1,1
SF,IH2106,2020-10-21 09:33:03.800,3274.2000,318,0,4922700.000,0,-,-,-,-,3274.2000,3268.2000,3264.2000,3260.0000,3245.0000,3279.6000,3279.8000,3281.8000,3282.2000,3292.4000,1,1,5,1,4,1,1,1,1,1
SF,IH2106,2020-10-21 09:33:04.300,3274.2000,318,0,4922700.000,0,-,-,-,-,3274.2000,3268.2000,3264.2000,3260.0000,3245.0000,3279.4000,3279.6000,3281.8000,3282.2000,3292.4000,1,1,5,1,4,1,1,1,1,1
SF,IH2106,2020-10-21 09:33:04.800,3274.2000,318,0,4922700.000,0,-,-,-,-,3274.2000,3268.2000,3264.2000,3260.0000,3245.0000,3279.2000,3279.4000,3281.8000,3282.2000,3292.4000,1,1,5,1,4,1,1,1,1,1
SF,IH2106,2020-10-21 09:33:05.300,3274.2000,318,0,4922700.000,0,-,-,-,-,3274.2000,3268.2000,3264.2000,3260.0000,3245.0000,3279.0000,3279.2000,3281.8000,3282.2000,3292.4000,1,1,5,1,4,1,1,1,1,1
SF,IH2106,2020-10-21 09:33:05.800,3274.2000,318,0,4922700.000,0,-,-,-,-,3274.2000,3268.2000,3264.2000,3260.0000,3245.0000,3278.8000,3279.0000,3281.8000,3282.2000,3292.4000,1,1,5,1,4,1,1,1,1,1
SF,IH2106,2020-10-21 09:33:07.300,3274.2000,318,0,4922700.000,0,-,-,-,-,3268.2000,3264.2000,3260.0000,3245.0000,3230.0000,3274.2000,3278.8000,3279.0000,3281.8000,3282.2000,1,5,1,4,1,1,1,1,1,1
SF,IH2106,2020-10-21 09:33:07.800,3274.2000,317,-1,6887220.000,2,0,2,多平,S,3272.4000,3270.8000,3268.2000,3264.2000,3260.0000,3281.8000,3282.2000,3292.4000,3298.4000,3299.8000,1,1,1,5,1,1,1,1,5,1
SF,IH2106,2020-10-21 09:33:08.300,3274.2000,317,0,6887220.000,0,-,-,-,-,3272.6000,3272.4000,3270.8000,3268.2000,3264.2000,3281.2000,3281.4000,3281.6000,3281.8000,3282.2000,1,1,1,1,5,1,1,2,1,1
SF,IH2106,2020-10-21 09:33:08.800,3274.2000,317,0,6887220.000,0,-,-,-,-,3273.4000,3273.0000,3272.6000,3272.4000,3270.8000,3281.0000,3281.2000,3281.4000,3281.8000,3282.2000,1,1,1,1,1,2,1,1,1,1
SF,IH2106,2020-10-21 09:33:09.300,3274.2000,317,0,6887220.000,0,-,-,-,-,3273.8000,3273.6000,3273.4000,3273.0000,3272.4000,3281.0000,3281.2000,3281.4000,3281.8000,3282.2000,1,1,1,1,1,2,1,1,1,1
SF,IH2106,2020-10-21 09:33:09.800,3274.2000,317,0,6887220.000,0,-,-,-,-,3274.0000,3273.8000,3273.4000,3272.4000,3270.8000,3281.0000,3281.2000,3281.4000,3281.8000,3282.2000,2,1,1,1,1,1,1,1,1,1
SF,IH2106,2020-10-21 09:33:10.300,3274.2000,317,0,6887220.000,0,-,-,-,-,3274.4000,3274.0000,3273.8000,3272.4000,3268.2000,3281.0000,3281.2000,3281.4000,3281.8000,3282.2000,2,3,1,1,1,1,1,1,1,1
SF,IH2106,2020-10-21 09:33:10.800,3274.2000,317,0,6887220.000,0,-,-,-,-,3274.6000,3274.4000,3274.0000,3272.4000,3268.2000,3279.6000,3281.0000,3281.2000,3281.4000,3281.8000,2,3,1,1,1,1,1,1,1,1
SF,IH2106,2020-10-21 09:33:11.300,3274.2000,317,0,6887220.000,0,-,-,-,-,3274.8000,3274.6000,3274.4000,3274.0000,3272.4000,3279.6000,3281.2000,3281.4000,3281.8000,3282.2000,1,2,2,1,1,1,1,1,1,1
SF,IH2106,2020-10-21 09:33:11.800,3274.2000,317,0,6887220.000,0,-,-,-,-,3275.0000,3274.8000,3274.6000,3274.4000,3274.2000,3279.6000,3281.2000,3281.4000,3281.8000,3282.2000,2,2,1,1,1,1,1,1,1,1
SF,IH2106,2020-10-21 09:33:12.300,3274.2000,317,0,6887220.000,0,-,-,-,-,3275.4000,3275.2000,3275.0000,3274.8000,3274.6000,3279.6000,3281.8000,3282.2000,3292.4000,3298.4000,1,1,2,1,2,1,1,1,1,5
SF,IH2106,2020-10-21 09:33:12.800,3274.2000,317,0,6887220.000,0,-,-,-,-,3275.6000,3275.4000,3275.2000,3275.0000,3274.8000,3279.6000,3281.8000,3282.2000,3292.4000,3298.4000,1,1,1,1,1,1,1,1,1,5
SF,IH2106,2020-10-21 09:33:13.300,3274.2000,317,0,6887220.000,0,-,-,-,-,3275.6000,3275.4000,3275.2000,3275.0000,3274.8000,3281.8000,3282.2000,3292.4000,3298.4000,3299.8000,1,1,1,1,1,1,1,1,5,1
SF,IH2106,2020-10-21 09:33:13.800,3274.2000,317,0,6887220.000,0,-,-,-,-,3275.8000,3275.6000,3275.4000,3275.2000,3274.8000,3281.6000,3281.8000,3282.2000,3292.4000,3298.4000,3,1,1,1,1,1,1,1,1,5
SF,IH2106,2020-10-21 09:33:14.300,3274.2000,317,0,6887220.000,0,-,-,-,-,3276.0000,3275.8000,3275.4000,3274.8000,3274.6000,3281.6000,3281.8000,3282.2000,3292.4000,3298.4000,1,3,1,1,1,1,1,1,1,5
SF,IH2106,2020-10-21 09:33:14.800,3274.2000,317,0,6887220.000,0,-,-,-,-,3276.4000,3276.2000,3276.0000,3275.8000,3275.6000,3281.6000,3281.8000,3282.2000,3292.4000,3298.4000,1,1,1,1,1,1,1,1,1,5
SF,IH2106,2020-10-21 09:33:15.300,3274.2000,317,0,6887220.000,0,-,-,-,-,3276.4000,3275.8000,3275.6000,3274.8000,3274.6000,3281.4000,3281.6000,3281.8000,3282.2000,3292.4000,1,1,1,1,1,1,1,1,1,1
SF,IH2106,2020-10-21 09:33:15.800,3274.2000,317,0,6887220.000,0,-,-,-,-,3276.4000,3275.6000,3274.8000,3274.6000,3274.2000,3281.0000,3281.2000,3281.4000,3281.8000,3282.2000,1,1,1,1,1,1,1,1,1,1
SF,IH2106,2020-10-21 09:33:16.300,3274.2000,317,0,6887220.000,0,-,-,-,-,3276.4000,3275.6000,3274.8000,3274.6000,3274.2000,3280.8000,3281.0000,3281.4000,3281.8000,3282.2000,1,1,1,1,1,1,1,1,1,1
SF,IH2106,2020-10-21 09:33:20.300,3274.2000,317,0,6887220.000,0,-,-,-,-,3276.4000,3274.8000,3274.6000,3274.2000,3273.2000,3280.8000,3281.0000,3281.4000,3281.8000,3282.2000,1,1,1,1,1,1,1,1,1,1
SF,IH2106,2020-10-21 09:33:20.800,3274.2000,317,0,6887220.000,0,-,-,-,-,3274.8000,3274.6000,3274.2000,3273.2000,3268.2000,3280.8000,3281.0000,3281.4000,3281.8000,3282.2000,1,1,1,1,1,1,1,1,1,1
SF,IH2106,2020-10-21 09:33:21.300,3274.2000,317,0,6887220.000,0,-,-,-,-,3275.0000,3274.8000,3274.6000,3274.2000,3273.2000,3280.6000,3280.8000,3281.0000,3281.8000,3282.2000,1,1,1,1,1,1,1,1,1,1
SF,IH2106,2020-10-21 09:33:21.800,3274.2000,317,0,6887220.000,0,-,-,-,-,3275.4000,3275.0000,3274.6000,3273.2000,3268.2000,3280.4000,3280.6000,3281.0000,3281.8000,3282.2000,1,1,1,1,1,1,2,1,1,1
SF,IH2106,2020-10-21 09:33:22.300,3274.2000,317,0,6887220.000,0,-,-,-,-,3275.4000,3275.0000,3274.6000,3273.2000,3268.2000,3280.2000,3280.4000,3280.6000,3281.0000,3281.8000,1,1,1,1,1,1,1,1,1,1
SF,IH2106,2020-10-21 09:33:22.800,3274.2000,317,0,6887220.000,0,-,-,-,-,3275.4000,3275.0000,3274.6000,3273.2000,3268.2000,3280.0000,3280.2000,3280.6000,3281.0000,3281.8000,1,1,1,1,1,1,1,1,1,1
SF,IH2106,2020-10-21 09:33:23.300,3274.2000,317,0,6887220.000,0,-,-,-,-,3275.6000,3275.4000,3274.6000,3273.2000,3268.2000,3280.0000,3280.2000,3280.6000,3281.0000,3281.8000,1,1,1,1,1,1,1,1,1,1
SF,IH2106,2020-10-21 09:33:23.800,3274.2000,317,0,6887220.000,0,-,-,-,-,3275.6000,3275.4000,3274.6000,3273.2000,3273.0000,3280.0000,3280.2000,3280.6000,3281.0000,3281.8000,1,1,1,1,1,1,1,1,1,1
SF,IH2106,2020-10-21 09:33:24.300,3274.2000,317,0,6887220.000,0,-,-,-,-,3275.6000,3274.6000,3273.2000,3273.0000,3268.2000,3280.0000,3280.6000,3281.0000,3281.8000,3282.2000,1,1,1,1,1,1,1,1,1,1
SF,IH2106,2020-10-21 09:33:25.300,3274.2000,317,0,6887220.000,0,-,-,-,-,3275.8000,3275.6000,3274.6000,3273.2000,3273.0000,3280.0000,3280.6000,3281.0000,3281.8000,3282.2000,1,1,1,1,1,1,1,1,1,1
SF,IH2106,2020-10-21 09:33:25.800,3274.2000,317,0,6887220.000,0,-,-,-,-,3276.0000,3275.8000,3274.6000,3273.2000,3273.0000,3280.6000,3281.0000,3281.8000,3282.2000,3292.4000,1,1,1,1,1,1,1,1,1,1
SF,IH2106,2020-10-21 09:33:26.800,3274.2000,317,0,6887220.000,0,-,-,-,-,3276.2000,3276.0000,3274.6000,3273.2000,3273.0000,3280.6000,3281.0000,3281.8000,3282.2000,3292.4000,1,2,1,1,1,1,1,1,1,1
SF,IH2106,2020-10-21 09:33:27.300,3274.2000,317,0,6887220.000,0,-,-,-,-,3276.4000,3276.2000,3276.0000,3274.6000,3273.2000,3280.6000,3281.0000,3281.8000,3282.2000,3292.4000,1,1,1,1,1,1,1,1,1,1
SF,IH2106,2020-10-21 09:33:27.800,3274.2000,317,0,6887220.000,0,-,-,-,-,3276.4000,3276.2000,3276.0000,3274.6000,3273.2000,3281.0000,3281.8000,3282.2000,3292.4000,3298.4000,1,1,1,1,1,1,1,1,1,5
SF,IH2106,2020-10-21 09:33:28.300,3274.2000,317,0,6887220.000,0,-,-,-,-,3276.6000,3276.4000,3274.6000,3273.2000,3273.0000,3281.0000,3281.8000,3282.2000,3292.4000,3298.4000,1,1,1,1,1,1,1,1,1,5
SF,IH2106,2020-10-21 09:33:28.800,3274.2000,317,0,6887220.000,0,-,-,-,-,3276.8000,3276.6000,3276.4000,3274.6000,3273.2000,3281.0000,3281.8000,3282.2000,3292.4000,3298.4000,1,2,1,1,1,1,1,1,1,5
SF,IH2106,2020-10-21 09:33:29.300,3274.2000,317,0,6887220.000,0,-,-,-,-,3276.8000,3276.6000,3276.4000,3274.6000,3273.2000,3281.8000,3282.2000,3292.4000,3298.4000,3299.8000,1,2,1,1,1,1,1,1,5,1
SF,IH2106,2020-10-21 09:33:29.800,3274.2000,317,0,6887220.000,0,-,-,-,-,3277.0000,3276.8000,3276.6000,3276.4000,3274.6000,3281.8000,3282.2000,3292.4000,3298.4000,3299.8000,1,1,2,1,1,1,1,1,5,1
SF,IH2106,2020-10-21 09:33:30.300,3274.2000,317,0,6887220.000,0,-,-,-,-,3277.2000,3277.0000,3276.6000,3274.6000,3273.2000,3281.8000,3282.2000,3292.4000,3298.4000,3299.8000,1,1,1,1,1,1,1,1,5,1
SF,IH2106,2020-10-21 09:33:30.800,3274.2000,317,0,6887220.000,0,-,-,-,-,3277.2000,3277.0000,3276.6000,3274.6000,3273.2000,3281.6000,3281.8000,3282.2000,3292.4000,3298.4000,1,1,1,1,1,1,1,1,1,5
SF,IH2106,2020-10-21 09:33:31.800,3274.2000,317,0,6887220.000,0,-,-,-,-,3277.2000,3277.0000,3276.6000,3274.6000,3273.2000,3281.6000,3281.8000,3282.2000,3292.4000,3298.4000,1,1,1,1,1,2,1,1,1,5
SF,IH2106,2020-10-21 09:33:33.800,3274.2000,317,0,6887220.000,0,-,-,-,-,3277.6000,3277.2000,3277.0000,3276.6000,3274.6000,3281.6000,3281.8000,3282.2000,3292.4000,3298.4000,1,1,1,1,1,1,1,1,1,5
SF,IH2106,2020-10-21 09:33:34.300,3274.2000,317,0,6887220.000,0,-,-,-,-,3277.8000,3277.0000,3276.6000,3274.6000,3273.2000,3281.8000,3282.2000,3292.4000,3298.4000,3299.8000,1,1,1,1,1,1,1,1,5,1
SF,IH2106,2020-10-21 09:33:35.300,3274.2000,317,0,6887220.000,0,-,-,-,-,3277.8000,3277.4000,3277.0000,3276.6000,3274.6000,3281.8000,3282.2000,3292.4000,3298.4000,3299.8000,1,1,1,1,1,1,1,1,5,1
SF,IH2106,2020-10-21 09:33:37.300,3274.2000,317,0,6887220.000,0,-,-,-,-,3277.8000,3277.4000,3277.2000,3277.0000,3276.6000,3281.8000,3282.2000,3292.4000,3298.4000,3299.8000,1,1,1,1,1,1,1,1,5,1
SF,IH2106,2020-10-21 09:33:38.800,3274.2000,317,0,6887220.000,0,-,-,-,-,3277.8000,3277.2000,3277.0000,3276.6000,3274.6000,3281.8000,3282.2000,3292.4000,3298.4000,3299.8000,1,1,1,1,1,1,1,1,5,1
SF,IH2106,2020-10-21 09:33:39.300,3274.2000,317,0,6887220.000,0,-,-,-,-,3277.8000,3277.2000,3277.0000,3276.6000,3273.2000,3281.8000,3282.2000,3292.4000,3298.4000,3299.8000,1,1,1,1,1,1,1,1,5,1
SF,IH2106,2020-10-21 09:33:40.300,3274.2000,317,0,6887220.000,0,-,-,-,-,3277.8000,3277.2000,3277.0000,3276.6000,3273.2000,3281.8000,3292.4000,3298.4000,3299.8000,3300.0000,1,1,1,1,1,1,1,5,1,1
SF,IH2106,2020-10-21 09:33:40.800,3274.2000,317,0,6887220.000,0,-,-,-,-,3277.8000,3277.2000,3276.6000,3273.2000,3273.0000,3281.8000,3292.4000,3298.4000,3299.8000,3300.0000,1,1,1,1,1,1,1,5,1,1
SF,IH2106,2020-10-21 09:33:43.800,3274.2000,317,0,6887220.000,0,-,-,-,-,3277.8000,3277.2000,3276.6000,3273.2000,3273.0000,3281.6000,3281.8000,3292.4000,3298.4000,3299.8000,1,1,1,1,1,1,1,1,5,1
SF,IH2106,2020-10-21 09:33:49.800,3274.2000,317,0,6887220.000,0,-,-,-,-,3278.2000,3277.8000,3277.2000,3276.6000,3273.2000,3281.6000,3281.8000,3292.4000,3298.4000,3299.8000,1,1,1,1,1,1,1,1,5,1
SF,IH2106,2020-10-21 09:33:50.300,3274.2000,317,0,6887220.000,0,-,-,-,-,3278.4000,3278.2000,3277.2000,3276.6000,3273.2000,3281.6000,3281.8000,3292.4000,3298.4000,3299.8000,1,1,1,1,1,1,1,1,5,1
SF,IH2106,2020-10-21 09:33:51.800,3274.2000,317,0,6887220.000,0,-,-,-,-,3278.4000,3277.2000,3276.6000,3273.2000,3273.0000,3281.6000,3281.8000,3292.4000,3298.4000,3299.8000,1,1,1,1,1,1,1,1,5,1
SF,IH2106,2020-10-21 09:33:54.300,3274.2000,317,0,6887220.000,0,-,-,-,-,3278.8000,3278.4000,3277.2000,3276.6000,3273.2000,3281.6000,3281.8000,3292.4000,3298.4000,3299.8000,1,1,1,1,1,1,1,1,5,1
SF,IH2106,2020-10-21 09:33:54.800,3274.2000,317,0,6887220.000,0,-,-,-,-,3278.8000,3278.4000,3277.2000,3276.6000,3273.2000,3281.6000,3281.8000,3292.4000,3298.4000,3299.8000,1,2,1,1,1,1,1,1,5,1
SF,IH2106,2020-10-21 09:33:55.300,3274.2000,317,0,6887220.000,0,-,-,-,-,3278.8000,3278.4000,3277.2000,3273.2000,3273.0000,3281.6000,3281.8000,3292.4000,3298.4000,3299.8000,1,2,1,1,1,1,1,1,5,1
SF,IH2106,2020-10-21 09:33:56.300,3274.2000,317,0,6887220.000,0,-,-,-,-,3278.4000,3277.2000,3273.2000,3273.0000,3268.2000,3281.6000,3281.8000,3292.4000,3298.4000,3299.8000,2,1,1,1,1,1,1,1,5,1
SF,IH2106,2020-10-21 09:33:58.800,3274.2000,317,0,6887220.000,0,-,-,-,-,3278.4000,3277.2000,3273.2000,3273.0000,3268.2000,3281.6000,3281.8000,3292.4000,3298.4000,3299.8000,1,1,1,1,1,1,1,1,5,1
SF,IH2106,2020-10-21 09:33:59.300,3274.2000,317,0,6887220.000,0,-,-,-,-,3273.2000,3273.0000,3268.2000,3264.2000,3260.0000,3281.4000,3281.6000,3281.8000,3292.4000,3298.4000,1,1,1,5,1,1,1,1,1,5
SF,IH2106,2020-10-21 09:33:59.800,3274.2000,317,0,6887220.000,0,-,-,-,-,3274.2000,3273.4000,3273.2000,3273.0000,3268.2000,3281.2000,3281.6000,3281.8000,3292.4000,3298.4000,1,2,1,1,1,1,1,1,1,5
SF,IH2106,2020-10-21 09:34:00.300,3274.2000,317,0,6887220.000,0,-,-,-,-,3274.4000,3274.2000,3273.4000,3273.2000,3273.0000,3281.2000,3281.6000,3281.8000,3292.4000,3298.4000,1,1,1,1,1,1,1,1,1,5
SF,IH2106,2020-10-21 09:34:00.800,3274.2000,317,0,6887220.000,0,-,-,-,-,3275.4000,3274.6000,3274.4000,3274.2000,3273.4000,3281.6000,3281.8000,3292.4000,3298.4000,3299.8000,1,1,1,1,1,1,1,1,5,1
SF,IH2106,2020-10-21 09:34:01.300,3274.2000,317,0,6887220.000,0,-,-,-,-,3276.2000,3276.0000,3275.6000,3275.4000,3274.2000,3281.4000,3281.6000,3281.8000,3292.4000,3298.4000,1,1,1,1,1,2,1,1,1,5
SF,IH2106,2020-10-21 09:34:01.800,3274.2000,317,0,6887220.000,0,-,-,-,-,3276.4000,3276.2000,3276.0000,3275.4000,3274.2000,3281.4000,3281.6000,3281.8000,3292.4000,3298.4000,1,1,1,1,1,2,1,1,1,5
SF,IH2106,2020-10-21 09:34:02.300,3274.2000,317,0,6887220.000,0,-,-,-,-,3276.8000,3276.4000,3276.2000,3275.4000,3273.2000,3281.2000,3281.4000,3281.6000,3281.8000,3292.4000,1,1,1,1,1,1,1,1,1,1
SF,IH2106,2020-10-21 09:34:02.800,3274.2000,317,0,6887220.000,0,-,-,-,-,3277.0000,3276.8000,3276.2000,3275.4000,3273.2000,3281.2000,3281.6000,3281.8000,3292.4000,3298.4000,1,1,1,1,1,1,1,1,1,5
SF,IH2106,2020-10-21 09:34:03.300,3274.2000,317,0,6887220.000,0,-,-,-,-,3276.8000,3275.4000,3273.2000,3273.0000,3270.0000,3281.0000,3281.4000,3281.6000,3281.8000,3292.4000,1,1,1,1,1,1,1,1,1,1
SF,IH2106,2020-10-21 09:34:03.800,3274.2000,317,0,6887220.000,0,-,-,-,-,3275.4000,3273.2000,3273.0000,3270.0000,3268.2000,3281.0000,3281.4000,3281.6000,3281.8000,3292.4000,1,1,1,1,1,1,1,1,1,1
SF,IH2106,2020-10-21 09:34:04.300,3274.2000,317,0,6887220.000,0,-,-,-,-,3275.6000,3273.2000,3273.0000,3270.0000,3268.2000,3280.8000,3281.0000,3281.4000,3281.6000,3281.8000,1,1,1,1,1,1,1,1,1,1
SF,IH2106,2020-10-21 09:34:04.800,3274.2000,317,0,6887220.000,0,-,-,-,-,3276.4000,3275.6000,3273.2000,3273.0000,3270.0000,3280.6000,3280.8000,3281.4000,3281.6000,3281.8000,1,1,1,1,1,1,1,1,1,1
SF,IH2106,2020-10-21 09:34:05.300,3274.2000,317,0,6887220.000,0,-,-,-,-,3276.6000,3276.4000,3273.2000,3273.0000,3270.0000,3280.6000,3280.8000,3281.4000,3281.6000,3281.8000,1,1,1,1,1,1,1,1,1,1
SF,IH2106,2020-10-21 09:34:05.800,3274.2000,317,0,6887220.000,0,-,-,-,-,3276.6000,3276.4000,3273.2000,3273.0000,3270.0000,3280.6000,3281.4000,3281.6000,3281.8000,3292.4000,1,1,1,1,1,1,1,1,1,1
SF,IH2106,2020-10-21 09:34:06.300,3274.2000,317,0,6887220.000,0,-,-,-,-,3276.8000,3276.6000,3273.2000,3273.0000,3270.0000,3280.6000,3281.6000,3281.8000,3292.4000,3298.4000,1,1,1,1,1,1,1,1,1,5
SF,IH2106,2020-10-21 09:34:06.800,3274.2000,317,0,6887220.000,0,-,-,-,-,3276.8000,3276.6000,3273.2000,3273.0000,3270.0000,3280.6000,3281.6000,3281.8000,3292.4000,3298.4000,1,2,1,1,1,1,1,1,1,5
SF,IH2106,2020-10-21 09:34:08.800,3274.2000,317,0,6887220.000,0,-,-,-,-,3276.8000,3276.6000,3273.2000,3273.0000,3270.0000,3280.6000,3281.6000,3281.8000,3292.4000,3298.4000,2,1,1,1,1,1,1,1,1,5
SF,IH2106,2020-10-21 09:34:12.300,3274.2000,317,0,6887220.000,0,-,-,-,-,3276.8000,3276.6000,3273.2000,3273.0000,3270.0000,3280.2000,3280.6000,3281.8000,3292.4000,3298.4000,2,1,1,1,1,1,1,1,1,5
SF,IH2106,2020-10-21 09:34:12.800,3274.2000,317,0,6887220.000,0,-,-,-,-,3277.0000,3276.8000,3273.2000,3273.0000,3270.0000,3280.2000,3281.8000,3292.4000,3298.4000,3299.8000,1,2,1,1,1,1,1,1,5,1
SF,IH2106,2020-10-21 09:34:13.800,3274.2000,317,0,6887220.000,0,-,-,-,-,3277.2000,3277.0000,3276.8000,3273.2000,3273.0000,3280.2000,3281.8000,3292.4000,3298.4000,3299.8000,1,1,2,1,1,1,1,1,5,1
SF,IH2106,2020-10-21 09:34:14.300,3274.2000,317,0,6887220.000,0,-,-,-,-,3277.4000,3277.2000,3276.8000,3273.2000,3273.0000,3280.2000,3281.8000,3292.4000,3298.4000,3299.8000,1,1,1,1,1,1,1,1,5,1
SF,IH2106,2020-10-21 09:34:14.800,3274.2000,317,0,6887220.000,0,-,-,-,-,3277.6000,3277.4000,3277.2000,3273.2000,3273.0000,3280.2000,3281.8000,3292.4000,3298.4000,3299.8000,1,2,1,1,1,1,1,1,5,1
SF,IH2106,2020-10-21 09:34:15.300,3274.2000,317,0,6887220.000,0,-,-,-,-,3277.8000,3277.6000,3277.4000,3277.2000,3273.2000,3280.2000,3281.8000,3292.4000,3298.4000,3299.8000,1,1,1,1,1,1,1,1,5,1
SF,IH2106,2020-10-21 09:34:18.300,3274.2000,317,0,6887220.000,0,-,-,-,-,3277.8000,3277.6000,3277.4000,3273.2000,3273.0000,3280.2000,3281.8000,3292.4000,3298.4000,3299.8000,1,1,1,1,1,1,1,1,5,1
SF,IH2106,2020-10-21 09:34:20.300,3274.2000,317,0,6887220.000,0,-,-,-,-,3277.8000,3277.4000,3273.2000,3273.0000,3270.0000,3280.2000,3281.8000,3292.4000,3298.4000,3299.8000,1,1,1,1,1,1,1,1,5,1
SF,IH2106,2020-10-21 09:34:20.800,3274.2000,317,0,6887220.000,0,-,-,-,-,3277.4000,3273.2000,3273.0000,3270.0000,3268.2000,3280.2000,3281.8000,3292.4000,3298.4000,3299.8000,1,1,1,1,1,1,1,1,5,1
SF,IH2106,2020-10-21 09:34:22.300,3274.2000,317,0,6887220.000,0,-,-,-,-,3273.2000,3273.0000,3270.0000,3268.2000,3264.2000,3280.2000,3281.8000,3292.4000,3298.4000,3299.8000,1,1,1,1,5,1,1,1,5,1
SF,IH2106,2020-10-21 09:34:22.800,3274.2000,317,0,6887220.000,0,-,-,-,-,3274.2000,3273.4000,3273.2000,3273.0000,3270.0000,3280.2000,3281.8000,3292.4000,3298.4000,3299.8000,1,3,1,1,1,1,1,1,5,1
SF,IH2106,2020-10-21 09:34:23.300,3274.2000,317,0,6887220.000,0,-,-,-,-,3274.4000,3274.2000,3273.4000,3273.2000,3273.0000,3280.2000,3281.8000,3292.4000,3298.4000,3299.8000,2,1,1,1,1,1,1,1,5,1
SF,IH2106,2020-10-21 09:34:24.800,3274.2000,317,0,6887220.000,0,-,-,-,-,3275.0000,3274.4000,3274.2000,3273.4000,3273.2000,3280.2000,3281.8000,3292.4000,3298.4000,3299.8000,2,2,1,1,1,1,1,1,5,1
SF,IH2106,2020-10-21 09:34:25.300,3274.2000,317,0,6887220.000,0,-,-,-,-,3275.2000,3275.0000,3274.2000,3273.4000,3273.2000,3280.2000,3281.8000,3292.4000,3298.4000,3299.8000,3,2,1,1,1,1,1,1,5,1
SF,IH2106,2020-10-21 09:34:26.300,3274.2000,317,0,6887220.000,0,-,-,-,-,3275.6000,3275.2000,3275.0000,3274.2000,3273.4000,3280.2000,3281.8000,3292.4000,3298.4000,3299.8000,1,3,2,1,1,1,1,1,5,1
SF,IH2106,2020-10-21 09:34:26.800,3274.2000,317,0,6887220.000,0,-,-,-,-,3275.8000,3275.6000,3275.2000,3275.0000,3274.2000,3280.2000,3281.8000,3292.4000,3298.4000,3299.8000,1,1,2,2,1,1,1,1,5,1
SF,IH2106,2020-10-21 09:34:27.300,3274.2000,317,0,6887220.000,0,-,-,-,-,3276.0000,3275.8000,3275.6000,3275.2000,3275.0000,3280.2000,3281.8000,3292.4000,3298.4000,3299.8000,1,1,1,2,1,1,1,1,5,1
SF,IH2106,2020-10-21 09:34:27.800,3274.2000,317,0,6887220.000,0,-,-,-,-,3276.4000,3276.2000,3276.0000,3275.2000,3275.0000,3280.2000,3281.8000,3292.4000,3298.4000,3299.8000,1,1,1,2,1,1,1,1,5,1
SF,IH2106,2020-10-21 09:34:28.300,3274.2000,317,0,6887220.000,0,-,-,-,-,3276.6000,3276.4000,3276.0000,3275.2000,3275.0000,3280.2000,3281.8000,3292.4000,3298.4000,3299.8000,1,1,1,2,1,1,1,1,5,1
SF,IH2106,2020-10-21 09:34:28.800,3274.2000,317,0,6887220.000,0,-,-,-,-,3276.6000,3276.4000,3276.0000,3275.2000,3275.0000,3280.2000,3281.8000,3292.4000,3298.4000,3299.8000,2,1,1,2,1,1,1,1,5,1
SF,IH2106,2020-10-21 09:34:29.300,3280.2000,316,-1,7871280.000,1,0,1,双平,S,3276.6000,3276.0000,3275.8000,3275.2000,3275.0000,3281.8000,3292.4000,3298.4000,3299.8000,3300.0000,1,1,1,2,1,1,1,5,1,1
SF,IH2106,2020-10-21 09:34:29.800,3280.2000,316,0,7871280.000,0,-,-,-,-,3276.8000,3276.6000,3276.0000,3275.8000,3275.2000,3281.6000,3281.8000,3292.4000,3298.4000,3299.8000,2,1,1,1,1,1,1,1,5,1
SF,IH2106,2020-10-21 09:34:30.800,3280.2000,316,0,7871280.000,0,-,-,-,-,3276.8000,3276.0000,3275.8000,3275.2000,3275.0000,3281.6000,3281.8000,3292.4000,3298.4000,3299.8000,2,1,1,1,1,1,1,1,5,1
SF,IH2106,2020-10-21 09:34:31.300,3280.2000,316,0,7871280.000,0,-,-,-,-,3276.8000,3276.0000,3275.8000,3275.2000,3275.0000,3281.6000,3281.8000,3292.4000,3298.4000,3299.8000,1,1,1,1,1,1,1,1,5,1
SF,IH2106,2020-10-21 09:34:33.300,3280.2000,316,0,7871280.000,0,-,-,-,-,3277.0000,3276.8000,3276.0000,3275.8000,3275.2000,3281.6000,3281.8000,3286.0000,3292.4000,3298.4000,1,1,1,1,1,1,1,1,1,5
SF,IH2106,2020-10-21 09:34:34.800,3280.2000,316,0,7871280.000,0,-,-,-,-,3277.0000,3276.8000,3276.0000,3275.8000,3275.2000,3281.6000,3281.8000,3286.0000,3292.4000,3298.4000,1,1,1,1,1,1,1,1,1,5
SF,IH2106,2020-10-21 09:34:39.800,3280.2000,316,0,7871280.000,0,-,-,-,-,3277.2000,3277.0000,3276.8000,3276.0000,3275.8000,3281.6000,3281.8000,3286.0000,3292.4000,3298.4000,1,1,1,1,1,1,1,1,1,5
SF,IH2106,2020-10-21 09:34:40.300,3280.2000,316,0,7871280.000,0,-,-,-,-,3277.2000,3277.0000,3276.8000,3275.8000,3275.0000,3281.6000,3281.8000,3286.0000,3292.4000,3298.4000,1,1,1,1,1,1,1,1,1,5
SF,IH2106,2020-10-21 09:34:47.800,3280.2000,316,0,7871280.000,0,-,-,-,-,3277.2000,3276.8000,3275.8000,3275.0000,3274.6000,3281.6000,3281.8000,3286.0000,3292.4000,3298.4000,2,1,1,1,1,1,1,1,1,5
SF,IH2106,2020-10-21 09:34:48.300,3280.2000,316,0,7871280.000,0,-,-,-,-,3277.4000,3277.2000,3276.8000,3275.8000,3275.0000,3281.8000,3286.0000,3292.4000,3298.4000,3299.8000,1,2,1,1,1,1,1,1,5,1
SF,IH2106,2020-10-21 09:34:50.800,3280.2000,316,0,7871280.000,0,-,-,-,-,3277.4000,3277.2000,3276.8000,3275.8000,3275.2000,3281.8000,3286.0000,3292.4000,3298.4000,3299.8000,1,2,1,1,1,1,1,1,5,1
SF,IH2106,2020-10-21 09:34:51.300,3280.2000,316,0,7871280.000,0,-,-,-,-,3277.4000,3277.2000,3276.8000,3275.8000,3275.2000,3281.6000,3281.8000,3286.0000,3292.4000,3298.4000,1,2,1,1,1,1,1,1,1,5
SF,IH2106,2020-10-21 09:34:53.800,3280.2000,316,0,7871280.000,0,-,-,-,-,3277.6000,3277.4000,3277.2000,3276.8000,3275.8000,3281.6000,3281.8000,3286.0000,3292.4000,3298.4000,1,1,1,1,1,1,1,1,1,5
SF,IH2106,2020-10-21 09:34:54.300,3280.2000,316,0,7871280.000,0,-,-,-,-,3277.6000,3277.2000,3276.8000,3275.8000,3275.2000,3281.6000,3281.8000,3286.0000,3292.4000,3298.4000,1,1,1,1,1,1,1,1,1,5
SF,IH2106,2020-10-21 09:34:55.800,3280.2000,316,0,7871280.000,0,-,-,-,-,3277.6000,3277.2000,3276.8000,3275.8000,3275.2000,3281.6000,3281.8000,3286.0000,3292.4000,3298.4000,1,1,1,1,1,1,1,1,1,5
SF,IH2106,2020-10-21 09:35:01.800,3280.2000,316,0,7871280.000,0,-,-,-,-,3277.6000,3276.8000,3275.8000,3275.2000,3274.6000,3281.6000,3281.8000,3286.0000,3292.4000,3298.4000,1,1,1,1,1,1,1,1,1,5
SF,IH2106,2020-10-21 09:35:02.300,3280.2000,316,0,7871280.000,0,-,-,-,-,3277.8000,3277.6000,3275.2000,3274.6000,3273.0000,3281.6000,3281.8000,3286.0000,3292.4000,3298.4000,3,1,1,1,1,1,1,1,1,5
SF,IH2106,2020-10-21 09:35:02.800,3277.8000,317,1,8854620.000,1,1,0,双开,S,3277.6000,3274.6000,3273.0000,3270.0000,3268.2000,3281.6000,3281.8000,3286.0000,3292.4000,3298.4000,1,1,1,1,1,1,1,1,1,5
SF,IH2106,2020-10-21 09:35:03.300,3277.8000,317,0,8854620.000,0,-,-,-,-,3277.8000,3274.6000,3273.0000,3270.0000,3268.2000,3281.6000,3281.8000,3286.0000,3292.4000,3298.4000,1,1,1,1,1,1,1,1,1,5
SF,IH2106,2020-10-21 09:35:05.300,3277.8000,317,0,8854620.000,0,-,-,-,-,3278.0000,3277.8000,3274.6000,3273.0000,3270.0000,3281.6000,3281.8000,3286.0000,3292.4000,3298.4000,1,1,1,1,1,1,1,1,1,5
SF,IH2106,2020-10-21 09:35:05.800,3277.8000,317,0,8854620.000,0,-,-,-,-,3278.2000,3278.0000,3277.8000,3274.6000,3273.0000,3281.6000,3281.8000,3286.0000,3292.4000,3298.4000,1,1,1,1,1,1,1,1,1,5
SF,IH2106,2020-10-21 09:35:06.800,3277.8000,317,0,8854620.000,0,-,-,-,-,3278.2000,3278.0000,3277.8000,3275.0000,3274.6000,3281.6000,3281.8000,3286.0000,3292.4000,3298.4000,1,1,1,1,1,1,1,1,1,5
SF,IH2106,2020-10-21 09:35:08.300,3277.8000,317,0,8854620.000,0,-,-,-,-,3278.2000,3277.8000,3274.6000,3273.0000,3270.0000,3281.6000,3281.8000,3286.0000,3292.4000,3298.4000,1,1,1,1,1,1,1,1,1,5
SF,IH2106,2020-10-21 09:35:08.800,3278.2000,317,0,9838080.000,1,0,1,多换,S,3277.8000,3274.6000,3273.0000,3270.0000,3268.2000,3281.8000,3286.0000,3292.4000,3298.4000,3299.8000,1,1,1,1,1,1,1,1,5,1
SF,IH2106,2020-10-21 09:35:09.300,3278.2000,317,0,9838080.000,0,-,-,-,-,3278.0000,3277.8000,3274.6000,3273.0000,3270.0000,3281.6000,3281.8000,3286.0000,3292.4000,3298.4000,1,1,1,1,1,1,1,1,1,5
SF,IH2106,2020-10-21 09:35:11.300,3278.2000,317,0,9838080.000,0,-,-,-,-,3277.8000,3274.6000,3273.0000,3270.0000,3268.2000,3281.2000,3281.4000,3281.6000,3281.8000,3286.0000,1,1,1,1,1,1,1,1,1,1
SF,IH2106,2020-10-21 09:35:11.800,3277.8000,317,0,10821420.000,1,0,1,多换,S,3274.6000,3273.0000,3270.0000,3268.2000,3266.8000,3281.2000,3281.4000,3281.8000,3286.0000,3292.4000,1,1,1,1,1,1,1,1,1,1
SF,IH2106,2020-10-21 09:35:12.300,3277.8000,317,0,10821420.000,0,-,-,-,-,3274.6000,3273.0000,3270.0000,3268.2000,3266.8000,3281.0000,3281.2000,3281.4000,3281.8000,3286.0000,1,1,1,1,1,2,1,1,1,1
SF,IH2106,2020-10-21 09:35:16.800,3277.8000,317,0,10821420.000,0,-,-,-,-,3273.0000,3270.0000,3268.2000,3266.8000,3264.2000,3281.0000,3281.2000,3281.4000,3281.8000,3292.4000,1,1,1,1,5,2,1,1,1,1
SF,IH2106,2020-10-21 09:35:17.300,3277.8000,317,0,10821420.000,0,-,-,-,-,3273.4000,3273.2000,3273.0000,3270.0000,3268.2000,3281.0000,3281.2000,3281.4000,3281.8000,3292.4000,1,2,1,1,1,1,1,1,1,1
SF,IH2106,2020-10-21 09:35:17.800,3277.8000,317,0,10821420.000,0,-,-,-,-,3273.8000,3273.6000,3273.0000,3270.0000,3268.2000,3281.0000,3281.2000,3281.4000,3281.8000,3292.4000,1,2,1,1,1,1,1,1,1,1
SF,IH2106,2020-10-21 09:35:18.300,3274.0000,317,0,11803620.000,1,0,1,多换,S,3273.0000,3270.0000,3266.8000,3264.2000,3260.0000,3279.6000,3280.8000,3281.0000,3281.2000,3281.8000,1,1,1,5,1,1,3,1,1,1
SF,IH2106,2020-10-21 09:35:18.800,3274.0000,317,0,11803620.000,0,-,-,-,-,3273.2000,3273.0000,3270.0000,3266.8000,3264.2000,3279.4000,3281.2000,3281.8000,3292.4000,3298.4000,1,1,1,1,5,2,1,1,1,5
SF,IH2106,2020-10-21 09:35:19.300,3274.0000,317,0,11803620.000,0,-,-,-,-,3273.0000,3270.0000,3266.8000,3264.2000,3260.0000,3279.4000,3281.2000,3281.8000,3292.4000,3298.4000,1,1,1,5,1,2,1,1,1,5
SF,IH2106,2020-10-21 09:35:20.300,3274.0000,317,0,11803620.000,0,-,-,-,-,3273.4000,3273.0000,3270.0000,3266.8000,3264.2000,3279.4000,3281.2000,3281.8000,3292.4000,3298.4000,1,1,1,1,5,2,1,1,1,5
SF,IH2106,2020-10-21 09:35:20.800,3274.0000,317,0,11803620.000,0,-,-,-,-,3273.6000,3273.4000,3273.0000,3270.0000,3266.8000,3279.4000,3281.2000,3281.8000,3292.4000,3298.4000,1,1,1,1,1,2,1,1,1,5
SF,IH2106,2020-10-21 09:35:21.300,3274.0000,317,0,11803620.000,0,-,-,-,-,3273.6000,3273.4000,3273.0000,3270.0000,3266.8000,3279.4000,3281.2000,3281.8000,3292.4000,3298.4000,1,1,1,1,1,1,1,1,1,5
SF,IH2106,2020-10-21 09:35:21.800,3274.0000,317,0,11803620.000,0,-,-,-,-,3273.6000,3273.4000,3273.0000,3270.0000,3266.8000,3279.4000,3281.2000,3281.8000,3292.4000,3298.4000,2,1,1,1,1,1,1,1,1,5
SF,IH2106,2020-10-21 09:35:22.300,3274.0000,317,0,11803620.000,0,-,-,-,-,3274.0000,3273.6000,3273.4000,3273.0000,3270.0000,3279.4000,3281.2000,3281.8000,3292.4000,3298.4000,1,2,1,1,1,1,1,1,1,5
SF,IH2106,2020-10-21 09:35:22.800,3274.0000,317,0,11803620.000,0,-,-,-,-,3274.2000,3274.0000,3273.6000,3273.0000,3270.0000,3279.4000,3281.2000,3281.8000,3292.4000,3298.4000,1,1,1,1,1,1,1,1,1,5
SF,IH2106,2020-10-21 09:35:23.300,3274.0000,317,0,11803620.000,0,-,-,-,-,3274.4000,3274.2000,3274.0000,3273.6000,3273.0000,3279.2000,3279.4000,3281.2000,3281.8000,3292.4000,1,1,1,1,1,1,1,1,1,1
SF,IH2106,2020-10-21 09:35:23.800,3274.0000,317,0,11803620.000,0,-,-,-,-,3274.4000,3274.2000,3274.0000,3273.6000,3273.0000,3279.0000,3279.2000,3281.2000,3281.8000,3292.4000,1,1,1,1,1,1,1,1,1,1
SF,IH2106,2020-10-21 09:35:24.300,3274.0000,317,0,11803620.000,0,-,-,-,-,3274.6000,3274.4000,3274.0000,3273.6000,3273.0000,3279.0000,3279.2000,3281.2000,3281.8000,3292.4000,1,1,1,1,1,1,1,1,1,1
SF,IH2106,2020-10-21 09:35:25.300,3274.0000,317,0,11803620.000,0,-,-,-,-,3275.0000,3274.8000,3274.6000,3274.4000,3274.0000,3279.0000,3279.2000,3281.2000,3281.8000,3292.4000,1,1,1,1,1,1,1,1,1,1
SF,IH2106,2020-10-21 09:35:25.800,3274.0000,317,0,11803620.000,0,-,-,-,-,3275.2000,3275.0000,3274.8000,3274.4000,3274.0000,3281.2000,3281.8000,3292.4000,3298.4000,3299.8000,1,1,1,1,1,1,1,1,5,1
SF,IH2106,2020-10-21 09:35:26.300,3274.0000,317,0,11803620.000,0,-,-,-,-,3275.4000,3275.2000,3275.0000,3274.4000,3273.6000,3281.0000,3281.8000,3292.4000,3298.4000,3299.8000,1,1,1,1,1,1,1,1,5,1
SF,IH2106,2020-10-21 09:35:26.800,3274.0000,317,0,11803620.000,0,-,-,-,-,3275.6000,3275.4000,3275.0000,3274.4000,3273.6000,3280.8000,3281.0000,3281.8000,3292.4000,3298.4000,1,1,1,1,1,1,1,1,1,5
SF,IH2106,2020-10-21 09:35:27.300,3274.0000,317,0,11803620.000,0,-,-,-,-,3275.6000,3275.4000,3275.0000,3273.6000,3273.0000,3280.6000,3281.8000,3292.4000,3298.4000,3299.8000,1,1,1,1,1,1,1,1,5,1
SF,IH2106,2020-10-21 09:35:27.800,3274.0000,317,0,11803620.000,0,-,-,-,-,3275.8000,3275.6000,3275.4000,3275.0000,3273.6000,3280.6000,3281.8000,3292.4000,3298.4000,3299.8000,1,1,1,1,1,1,1,1,5,1
SF,IH2106,2020-10-21 09:35:28.300,3274.0000,317,0,11803620.000,0,-,-,-,-,3276.4000,3275.8000,3275.0000,3273.6000,3273.0000,3280.4000,3280.6000,3281.8000,3292.4000,3298.4000,1,1,1,1,1,1,1,1,1,5
SF,IH2106,2020-10-21 09:35:28.800,3274.0000,317,0,11803620.000,0,-,-,-,-,3276.4000,3275.0000,3273.6000,3273.0000,3270.0000,3280.4000,3281.8000,3292.4000,3298.4000,3299.8000,1,1,1,1,1,1,1,1,5,1
SF,IH2106,2020-10-21 09:35:29.300,3274.0000,317,0,11803620.000,0,-,-,-,-,3275.0000,3273.6000,3273.0000,3270.0000,3266.8000,3280.4000,3281.8000,3292.4000,3298.4000,3299.8000,1,1,1,1,1,1,1,1,5,1
SF,IH2106,2020-10-21 09:35:29.800,3274.0000,317,0,11803620.000,0,-,-,-,-,3275.2000,3275.0000,3273.6000,3273.0000,3270.0000,3280.2000,3280.4000,3281.8000,3292.4000,3298.4000,1,1,1,1,1,1,1,1,1,5
SF,IH2106,2020-10-21 09:35:31.300,3274.0000,317,0,11803620.000,0,-,-,-,-,3275.4000,3275.2000,3275.0000,3273.0000,3270.0000,3280.2000,3280.4000,3281.8000,3292.4000,3298.4000,1,1,1,1,1,1,1,1,1,5
SF,IH2106,2020-10-21 09:35:31.800,3274.0000,317,0,11803620.000,0,-,-,-,-,3275.4000,3275.2000,3275.0000,3273.0000,3270.0000,3280.0000,3280.2000,3281.8000,3292.4000,3298.4000,1,1,1,1,1,1,1,1,1,5
SF,IH2106,2020-10-21 09:35:32.300,3274.0000,317,0,11803620.000,0,-,-,-,-,3276.0000,3275.6000,3275.4000,3275.0000,3273.0000,3280.0000,3280.2000,3281.8000,3292.4000,3298.4000,1,1,1,1,1,1,1,1,1,5
SF,IH2106,2020-10-21 09:35:32.800,3274.0000,317,0,11803620.000,0,-,-,-,-,3276.0000,3275.6000,3275.4000,3275.0000,3273.0000,3280.0000,3281.8000,3292.4000,3298.4000,3300.0000,1,1,1,1,1,1,1,1,5,1
SF,IH2106,2020-10-21 09:35:35.800,3274.0000,317,0,11803620.000,0,-,-,-,-,3275.6000,3275.4000,3275.0000,3273.0000,3270.0000,3280.0000,3281.8000,3292.4000,3298.4000,3300.0000,1,1,1,1,1,1,1,1,5,1
SF,IH2106,2020-10-21 09:35:39.300,3274.0000,317,0,11803620.000,0,-,-,-,-,3275.6000,3275.4000,3273.0000,3270.0000,3266.8000,3280.0000,3281.8000,3292.4000,3298.4000,3300.0000,1,1,1,1,1,1,1,1,5,1
SF,IH2106,2020-10-21 09:35:39.800,3274.0000,317,0,11803620.000,0,-,-,-,-,3275.4000,3275.2000,3273.0000,3270.0000,3266.8000,3279.6000,3280.0000,3281.8000,3292.4000,3298.4000,1,1,1,1,1,1,1,1,1,5
SF,IH2106,2020-10-21 09:35:40.300,3274.0000,317,0,11803620.000,0,-,-,-,-,3275.4000,3275.2000,3273.0000,3270.0000,3266.8000,3279.4000,3281.8000,3292.4000,3298.4000,3300.0000,1,1,1,1,1,1,1,1,5,1
SF,IH2106,2020-10-21 09:35:56.800,3274.0000,317,0,11803620.000,0,-,-,-,-,3275.2000,3273.0000,3270.0000,3266.8000,3264.2000,3279.4000,3281.8000,3292.4000,3298.4000,3300.0000,1,1,1,1,5,1,1,1,5,1
SF,IH2106,2020-10-21 09:35:59.800,3274.0000,317,0,11803620.000,0,-,-,-,-,3275.2000,3273.0000,3270.0000,3266.8000,3264.2000,3279.4000,3281.8000,3292.4000,3298.4000,3300.0000,2,1,1,1,5,1,1,1,5,1
SF,IH2106,2020-10-21 09:36:05.300,3274.0000,317,0,11803620.000,0,-,-,-,-,3275.2000,3273.0000,3270.0000,3266.8000,3264.2000,3279.2000,3279.4000,3281.8000,3292.4000,3298.4000,2,1,1,1,5,1,1,1,1,5
SF,IH2106,2020-10-21 09:36:07.800,3274.0000,317,0,11803620.000,0,-,-,-,-,3275.2000,3273.0000,3270.0000,3266.8000,3264.2000,3279.2000,3279.4000,3281.8000,3292.4000,3298.4000,2,1,1,1,5,1,1,1,1,5
SF,IH2106,2020-10-21 09:36:09.800,3274.0000,317,0,11803620.000,0,-,-,-,-,3275.6000,3275.2000,3273.0000,3270.0000,3266.8000,3279.2000,3279.4000,3281.8000,3292.4000,3298.4000,1,2,1,1,1,1,1,1,1,5
SF,IH2106,2020-10-21 09:36:10.300,3274.0000,317,0,11803620.000,0,-,-,-,-,3275.8000,3275.6000,3275.2000,3273.0000,3270.0000,3281.8000,3292.4000,3298.4000,3300.0000,3309.0000,1,1,2,1,1,1,1,5,1,1
SF,IH2106,2020-10-21 09:36:10.800,3274.0000,317,0,11803620.000,0,-,-,-,-,3275.8000,3275.6000,3275.2000,3273.0000,3270.0000,3281.2000,3281.4000,3281.6000,3281.8000,3292.4000,1,1,2,1,1,1,1,2,1,1
SF,IH2106,2020-10-21 09:36:11.300,3274.0000,317,0,11803620.000,0,-,-,-,-,3275.8000,3275.6000,3275.2000,3273.0000,3270.0000,3281.0000,3281.2000,3281.4000,3281.8000,3292.4000,1,1,2,1,1,2,1,1,1,1
SF,IH2106,2020-10-21 09:36:11.800,3274.0000,317,0,11803620.000,0,-,-,-,-,3275.8000,3275.2000,3273.0000,3270.0000,3266.8000,3281.0000,3281.2000,3281.4000,3281.8000,3292.4000,1,2,1,1,1,2,1,1,1,1
SF,IH2106,2020-10-21 09:36:12.800,3274.0000,317,0,11803620.000,0,-,-,-,-,3276.4000,3275.8000,3275.2000,3273.0000,3270.0000,3281.0000,3281.2000,3281.4000,3281.8000,3292.4000,1,1,2,1,1,2,1,1,1,1
SF,IH2106,2020-10-21 09:36:13.800,3274.0000,317,0,11803620.000,0,-,-,-,-,3275.8000,3275.2000,3273.0000,3270.0000,3266.8000,3280.6000,3281.0000,3281.2000,3281.4000,3281.8000,1,2,1,1,1,1,2,1,1,1
SF,IH2106,2020-10-21 09:36:14.300,3274.0000,317,0,11803620.000,0,-,-,-,-,3275.8000,3275.2000,3273.0000,3270.0000,3266.8000,3280.4000,3280.6000,3281.2000,3281.4000,3281.8000,1,2,1,1,1,2,1,1,1,1
SF,IH2106,2020-10-21 09:36:15.300,3274.0000,317,0,11803620.000,0,-,-,-,-,3275.8000,3275.2000,3273.0000,3270.0000,3266.8000,3280.4000,3280.6000,3281.2000,3281.4000,3281.8000,2,1,1,1,1,2,1,1,1,1
SF,IH2106,2020-10-21 09:36:18.300,3274.0000,317,0,11803620.000,0,-,-,-,-,3276.0000,3275.8000,3275.2000,3273.0000,3270.0000,3280.4000,3280.6000,3281.2000,3281.4000,3281.8000,1,2,1,1,1,2,1,1,1,1
SF,IH2106,2020-10-21 09:36:18.800,3274.0000,317,0,11803620.000,0,-,-,-,-,3276.0000,3275.8000,3275.2000,3273.0000,3270.0000,3280.4000,3280.6000,3281.2000,3281.4000,3281.8000,1,1,1,1,1,2,1,1,1,1
SF,IH2106,2020-10-21 09:36:20.300,3274.0000,317,0,11803620.000,0,-,-,-,-,3275.8000,3275.2000,3273.0000,3270.0000,3266.8000,3280.4000,3280.6000,3281.2000,3281.4000,3281.8000,1,1,1,1,1,2,1,1,1,1
SF,IH2106,2020-10-21 09:36:20.800,3274.0000,317,0,11803620.000,0,-,-,-,-,3275.8000,3275.2000,3273.0000,3270.0000,3266.8000,3280.4000,3281.2000,3281.4000,3281.8000,3292.4000,1,1,1,1,1,2,1,1,1,1
SF,IH2106,2020-10-21 09:36:23.300,3274.0000,317,0,11803620.000,0,-,-,-,-,3275.8000,3275.2000,3273.0000,3270.0000,3266.8000,3279.6000,3280.4000,3281.2000,3281.8000,3292.4000,1,1,1,1,1,1,2,1,1,1
SF,IH2106,2020-10-21 09:36:23.800,3274.0000,317,0,11803620.000,0,-,-,-,-,3275.8000,3275.2000,3273.0000,3270.0000,3266.8000,3279.4000,3279.6000,3280.4000,3281.2000,3281.8000,1,1,1,1,1,1,1,1,1,1
SF,IH2106,2020-10-21 09:36:25.300,3274.0000,317,0,11803620.000,0,-,-,-,-,3275.8000,3275.2000,3273.0000,3270.0000,3266.8000,3279.4000,3280.4000,3281.2000,3281.8000,3292.4000,1,1,1,1,1,1,1,1,1,1
SF,IH2106,2020-10-21 09:36:27.300,3274.0000,317,0,11803620.000,0,-,-,-,-,3276.0000,3275.8000,3275.2000,3273.0000,3270.0000,3279.4000,3280.4000,3281.2000,3281.8000,3292.4000,1,1,1,1,1,1,1,1,1,1
SF,IH2106,2020-10-21 09:36:27.800,3274.0000,317,0,11803620.000,0,-,-,-,-,3276.2000,3276.0000,3275.8000,3275.2000,3273.0000,3280.4000,3281.2000,3281.8000,3292.4000,3298.4000,1,1,1,1,1,1,1,1,1,5
SF,IH2106,2020-10-21 09:36:28.300,3274.0000,317,0,11803620.000,0,-,-,-,-,3276.2000,3276.0000,3275.8000,3275.2000,3273.0000,3281.2000,3281.8000,3292.4000,3298.4000,3300.0000,1,1,1,1,1,1,1,1,5,1
SF,IH2106,2020-10-21 09:36:28.800,3274.0000,317,0,11803620.000,0,-,-,-,-,3276.2000,3276.0000,3275.8000,3275.2000,3273.0000,3279.6000,3281.0000,3281.2000,3281.8000,3292.4000,1,1,1,1,1,1,2,1,1,1
SF,IH2106,2020-10-21 09:36:29.300,3274.0000,317,0,11803620.000,0,-,-,-,-,3276.2000,3275.8000,3275.2000,3273.0000,3270.0000,3281.0000,3281.2000,3281.8000,3292.4000,3298.4000,1,1,1,1,1,2,1,1,1,5
SF,IH2106,2020-10-21 09:36:30.300,3274.0000,317,0,11803620.000,0,-,-,-,-,3276.6000,3276.2000,3275.8000,3275.2000,3273.0000,3281.0000,3281.2000,3281.8000,3292.4000,3298.4000,1,1,1,1,1,2,1,1,1,5
SF,IH2106,2020-10-21 09:36:34.800,3274.0000,317,0,11803620.000,0,-,-,-,-,3276.6000,3276.2000,3275.8000,3275.2000,3274.0000,3281.0000,3281.2000,3281.8000,3292.4000,3298.4000,1,1,1,1,1,2,1,1,1,5
SF,IH2106,2020-10-21 09:36:35.300,3274.0000,317,0,11803620.000,0,-,-,-,-,3276.8000,3276.6000,3275.8000,3275.2000,3274.0000,3281.0000,3281.2000,3281.8000,3292.4000,3298.4000,1,1,1,1,1,2,1,1,1,5
SF,IH2106,2020-10-21 09:36:35.800,3274.0000,317,0,11803620.000,0,-,-,-,-,3276.8000,3276.6000,3275.8000,3275.2000,3274.0000,3281.0000,3281.2000,3281.8000,3292.4000,3298.4000,1,1,1,1,1,1,1,1,1,5
SF,IH2106,2020-10-21 09:36:36.300,3274.0000,317,0,11803620.000,0,-,-,-,-,3276.8000,3275.8000,3275.2000,3274.0000,3273.0000,3281.0000,3281.2000,3281.8000,3292.4000,3298.4000,1,1,1,1,1,1,1,1,1,5
SF,IH2106,2020-10-21 09:36:39.300,3274.0000,317,0,11803620.000,0,-,-,-,-,3276.8000,3275.8000,3275.2000,3274.0000,3273.0000,3279.6000,3281.0000,3281.2000,3281.8000,3292.4000,1,1,1,1,1,1,1,1,1,1
SF,IH2106,2020-10-21 09:36:39.800,3274.0000,317,0,11803620.000,0,-,-,-,-,3276.8000,3275.8000,3275.2000,3274.0000,3273.0000,3281.0000,3281.2000,3281.8000,3292.4000,3298.4000,1,1,1,1,1,1,1,1,1,5
SF,IH2106,2020-10-21 09:36:40.300,3274.0000,317,0,11803620.000,0,-,-,-,-,3275.8000,3275.2000,3274.0000,3273.0000,3270.0000,3281.0000,3281.2000,3281.8000,3292.4000,3298.4000,1,1,1,1,1,1,1,1,1,5
SF,IH2106,2020-10-21 09:36:40.800,3274.0000,317,0,11803620.000,0,-,-,-,-,3276.0000,3275.8000,3275.2000,3275.0000,3274.0000,3280.8000,3281.0000,3281.2000,3281.8000,3292.4000,1,1,1,1,1,1,1,1,1,1
SF,IH2106,2020-10-21 09:36:44.300,3274.0000,317,0,11803620.000,0,-,-,-,-,3276.2000,3276.0000,3275.8000,3275.2000,3274.0000,3280.8000,3281.0000,3281.2000,3281.8000,3292.4000,1,1,1,1,1,1,1,1,1,1
SF,IH2106,2020-10-21 09:36:52.800,3274.0000,317,0,11803620.000,0,-,-,-,-,3276.0000,3275.8000,3275.2000,3274.0000,3273.0000,3280.8000,3281.0000,3281.2000,3281.8000,3292.4000,1,1,2,1,1,1,1,1,1,1
SF,IH2106,2020-10-21 09:37:01.800,3274.0000,317,0,11803620.000,0,-,-,-,-,3276.0000,3275.8000,3275.2000,3274.0000,3273.0000,3280.8000,3281.0000,3281.2000,3281.8000,3292.4000,1,1,2,1,1,1,1,1,1,1
SF,IH2106,2020-10-21 09:37:02.300,3274.0000,317,0,11803620.000,0,-,-,-,-,3276.0000,3275.8000,3275.2000,3274.0000,3273.0000,3280.8000,3281.2000,3281.8000,3292.4000,3298.4000,1,1,2,1,1,1,1,1,1,5
SF,IH2106,2020-10-21 09:37:03.300,3274.0000,317,0,11803620.000,0,-,-,-,-,3276.4000,3276.0000,3275.8000,3275.2000,3274.0000,3280.8000,3281.2000,3281.8000,3292.4000,3298.4000,1,1,1,1,1,1,1,1,1,5
SF,IH2106,2020-10-21 09:37:03.800,3274.0000,317,0,11803620.000,0,-,-,-,-,3276.6000,3276.4000,3275.8000,3275.2000,3274.0000,3280.8000,3281.2000,3281.8000,3292.4000,3298.4000,1,1,1,1,1,1,1,1,1,5
SF,IH2106,2020-10-21 09:37:04.300,3274.0000,317,0,11803620.000,0,-,-,-,-,3276.6000,3276.4000,3275.8000,3275.2000,3274.0000,3281.2000,3281.8000,3292.4000,3298.4000,3300.0000,1,1,1,1,1,1,1,1,5,1
SF,IH2106,2020-10-21 09:37:10.800,3274.0000,317,0,11803620.000,0,-,-,-,-,3276.8000,3276.6000,3276.4000,3275.8000,3275.2000,3281.2000,3281.8000,3292.4000,3298.4000,3300.0000,1,1,1,1,1,1,1,1,5,1
SF,IH2106,2020-10-21 09:37:11.300,3274.0000,317,0,11803620.000,0,-,-,-,-,3277.0000,3276.8000,3276.4000,3275.8000,3275.2000,3281.2000,3281.8000,3292.4000,3298.4000,3300.0000,1,1,1,1,1,1,1,1,5,1
SF,IH2106,2020-10-21 09:37:12.800,3274.0000,317,0,11803620.000,0,-,-,-,-,3277.0000,3276.4000,3275.8000,3275.2000,3274.0000,3281.2000,3281.8000,3292.4000,3298.4000,3300.0000,1,1,1,1,1,1,1,1,5,1
SF,IH2106,2020-10-21 09:37:13.300,3274.0000,317,0,11803620.000,0,-,-,-,-,3277.2000,3277.0000,3276.4000,3275.8000,3275.2000,3281.2000,3281.8000,3292.4000,3298.4000,3300.0000,1,1,1,1,1,1,1,1,5,1
SF,IH2106,2020-10-21 09:37:13.800,3274.0000,317,0,11803620.000,0,-,-,-,-,3277.4000,3277.2000,3276.4000,3275.8000,3275.2000,3281.2000,3281.8000,3292.4000,3298.4000,3300.0000,1,1,1,1,1,1,1,1,5,1
SF,IH2106,2020-10-21 09:37:14.800,3274.0000,317,0,11803620.000,0,-,-,-,-,3277.4000,3276.4000,3275.8000,3275.2000,3274.0000,3281.2000,3281.8000,3292.4000,3298.4000,3300.0000,1,1,1,1,1,1,1,1,5,1
SF,IH2106,2020-10-21 09:37:21.800,3274.0000,317,0,11803620.000,0,-,-,-,-,3277.4000,3275.8000,3275.2000,3274.0000,3273.0000,3281.2000,3281.8000,3292.4000,3298.4000,3300.0000,1,1,1,1,1,1,1,1,5,1
SF,IH2106,2020-10-21 09:37:22.300,3274.0000,317,0,11803620.000,0,-,-,-,-,3275.8000,3275.2000,3274.0000,3273.0000,3270.0000,3281.0000,3281.2000,3281.8000,3292.4000,3298.4000,1,1,1,1,1,1,1,1,1,5
SF,IH2106,2020-10-21 09:37:22.800,3274.0000,317,0,11803620.000,0,-,-,-,-,3276.0000,3275.8000,3275.2000,3274.0000,3273.0000,3280.8000,3281.0000,3281.2000,3281.8000,3292.4000,1,1,1,1,1,1,1,1,1,1
SF,IH2106,2020-10-21 09:37:23.300,3274.0000,317,0,11803620.000,0,-,-,-,-,3276.0000,3275.8000,3275.2000,3274.0000,3273.0000,3280.6000,3280.8000,3281.2000,3281.8000,3292.4000,1,1,1,1,1,1,1,1,1,1
SF,IH2106,2020-10-21 09:37:26.300,3274.0000,317,0,11803620.000,0,-,-,-,-,3276.0000,3275.8000,3275.2000,3274.0000,3273.0000,3279.6000,3280.6000,3280.8000,3281.2000,3281.8000,1,1,1,1,1,1,1,1,1,1
SF,IH2106,2020-10-21 09:37:33.800,3274.0000,317,0,11803620.000,0,-,-,-,-,3276.0000,3275.8000,3275.2000,3274.0000,3273.0000,3278.6000,3279.6000,3280.6000,3280.8000,3281.8000,1,1,1,1,1,1,1,1,1,1
SF,IH2106,2020-10-21 09:37:38.800,3274.0000,317,0,11803620.000,0,-,-,-,-,3276.0000,3275.8000,3275.2000,3274.0000,3273.0000,3279.6000,3280.6000,3280.8000,3281.8000,3292.4000,1,1,1,1,1,1,1,1,1,1
SF,IH2106,2020-10-21 09:37:39.300,3274.0000,317,0,11803620.000,0,-,-,-,-,3276.0000,3275.8000,3275.2000,3274.0000,3273.0000,3278.6000,3279.6000,3280.6000,3280.8000,3281.8000,1,1,1,1,1,1,1,1,1,1
SF,IH2106,2020-10-21 09:37:39.800,3274.0000,317,0,11803620.000,0,-,-,-,-,3276.0000,3275.8000,3275.2000,3274.0000,3273.0000,3279.6000,3280.6000,3280.8000,3281.8000,3292.4000,1,1,1,1,1,1,1,1,1,1
SF,IH2106,2020-10-21 09:37:40.300,3274.0000,317,0,11803620.000,0,-,-,-,-,3275.8000,3275.2000,3274.0000,3273.0000,3270.0000,3279.4000,3279.6000,3280.8000,3281.8000,3292.4000,1,1,1,1,1,1,1,1,1,1
SF,IH2106,2020-10-21 09:37:42.800,3274.0000,317,0,11803620.000,0,-,-,-,-,3275.8000,3275.2000,3274.0000,3273.0000,3270.0000,3278.6000,3279.4000,3279.6000,3280.8000,3281.8000,1,1,1,1,1,1,1,1,1,1
SF,IH2106,2020-10-21 09:37:43.300,3274.0000,317,0,11803620.000,0,-,-,-,-,3275.8000,3275.2000,3274.0000,3273.0000,3270.0000,3279.4000,3279.6000,3280.8000,3281.8000,3292.4000,1,1,1,1,1,1,1,1,1,1
SF,IH2106,2020-10-21 09:37:45.300,3274.0000,317,0,11803620.000,0,-,-,-,-,3275.8000,3275.2000,3274.0000,3273.0000,3270.0000,3278.6000,3279.4000,3279.6000,3280.8000,3281.8000,1,1,1,1,1,1,1,1,1,1
SF,IH2106,2020-10-21 09:37:48.300,3274.0000,317,0,11803620.000,0,-,-,-,-,3275.2000,3274.0000,3273.0000,3270.0000,3266.8000,3278.6000,3279.4000,3279.6000,3280.8000,3281.8000,1,1,1,1,1,1,1,1,1,1
SF,IH2106,2020-10-21 09:37:48.800,3274.0000,317,0,11803620.000,0,-,-,-,-,3275.2000,3274.0000,3273.0000,3270.0000,3266.8000,3278.4000,3278.6000,3279.6000,3280.8000,3281.8000,1,1,1,1,1,1,1,1,1,1
SF,IH2106,2020-10-21 09:37:51.800,3274.0000,317,0,11803620.000,0,-,-,-,-,3275.2000,3274.0000,3273.0000,3270.0000,3266.8000,3277.8000,3278.4000,3278.6000,3280.8000,3281.8000,1,1,1,1,1,1,1,1,1,1
SF,IH2106,2020-10-21 09:37:55.800,3274.0000,317,0,11803620.000,0,-,-,-,-,3275.2000,3274.0000,3273.0000,3270.0000,3266.8000,3277.8000,3278.4000,3278.6000,3280.8000,3281.8000,1,1,1,1,1,1,1,1,1,1
SF,IH2106,2020-10-21 09:37:56.300,3274.0000,317,0,11803620.000,0,-,-,-,-,3275.2000,3274.0000,3273.0000,3270.0000,3266.8000,3277.6000,3277.8000,3278.6000,3280.8000,3281.8000,1,1,1,1,1,1,1,1,1,1
SF,IH2106,2020-10-21 09:37:56.800,3275.2000,317,0,12786180.000,1,0,1,多换,S,3274.0000,3273.0000,3270.0000,3266.8000,3261.6000,3277.8000,3278.6000,3280.8000,3281.8000,3292.4000,1,1,1,1,1,1,1,1,1,1
SF,IH2106,2020-10-21 09:37:57.800,3275.2000,317,0,12786180.000,0,-,-,-,-,3274.0000,3273.0000,3270.0000,3266.8000,3261.6000,3276.0000,3280.8000,3281.8000,3292.4000,3298.4000,1,1,1,1,1,2,1,1,1,5
SF,IH2106,2020-10-21 09:38:03.300,3275.2000,317,0,12786180.000,0,-,-,-,-,3274.0000,3273.0000,3270.0000,3266.8000,3261.6000,3276.0000,3280.8000,3281.8000,3292.4000,3298.4000,1,1,1,1,1,1,1,1,1,5
SF,IH2106,2020-10-21 09:38:03.800,3275.2000,317,0,12786180.000,0,-,-,-,-,3274.0000,3273.0000,3270.0000,3266.8000,3261.6000,3276.0000,3280.8000,3281.8000,3292.4000,3298.4000,1,1,1,1,1,2,1,1,1,5
SF,IH2106,2020-10-21 09:38:12.300,3275.2000,317,0,12786180.000,0,-,-,-,-,3274.0000,3273.0000,3270.0000,3266.8000,3261.6000,3276.0000,3280.8000,3281.8000,3292.4000,3298.4000,1,1,1,1,1,1,1,1,1,5
SF,IH2106,2020-10-21 09:38:12.800,3275.2000,317,0,12786180.000,0,-,-,-,-,3274.0000,3273.0000,3270.0000,3266.8000,3261.6000,3276.0000,3280.8000,3281.8000,3292.4000,3298.4000,1,1,1,1,1,2,1,1,1,5
SF,IH2106,2020-10-21 09:38:13.300,3275.2000,317,0,12786180.000,0,-,-,-,-,3274.2000,3274.0000,3273.0000,3270.0000,3266.8000,3276.0000,3280.8000,3281.8000,3292.4000,3298.4000,1,1,1,1,1,1,1,1,1,5
SF,IH2106,2020-10-21 09:38:14.800,3275.2000,317,0,12786180.000,0,-,-,-,-,3274.2000,3274.0000,3273.0000,3270.0000,3266.8000,3280.8000,3281.8000,3292.4000,3298.4000,3300.0000,1,1,1,1,1,1,1,1,5,1
SF,IH2106,2020-10-21 09:38:15.300,3275.2000,317,0,12786180.000,0,-,-,-,-,3273.0000,3270.0000,3266.8000,3261.6000,3260.4000,3277.8000,3278.6000,3280.6000,3280.8000,3281.8000,1,1,1,1,5,1,1,4,1,1
SF,IH2106,2020-10-21 09:38:15.800,3275.2000,317,0,12786180.000,0,-,-,-,-,3273.0000,3270.0000,3266.8000,3261.6000,3260.4000,3277.6000,3277.8000,3278.6000,3280.6000,3281.8000,1,1,1,1,5,1,1,1,4,1
SF,IH2106,2020-10-21 09:38:16.300,3275.2000,317,0,12786180.000,0,-,-,-,-,3273.2000,3273.0000,3270.0000,3266.8000,3261.6000,3277.6000,3277.8000,3278.6000,3280.6000,3281.8000,1,1,1,1,1,1,1,1,4,1
SF,IH2106,2020-10-21 09:38:18.300,3275.2000,317,0,12786180.000,0,-,-,-,-,3273.2000,3273.0000,3270.0000,3266.8000,3261.6000,3276.0000,3277.6000,3277.8000,3280.6000,3281.8000,1,1,1,1,1,1,1,1,4,1
SF,IH2106,2020-10-21 09:38:18.800,3275.2000,317,0,12786180.000,0,-,-,-,-,3273.2000,3273.0000,3270.0000,3266.8000,3261.6000,3277.6000,3277.8000,3280.6000,3281.8000,3292.4000,1,1,1,1,1,1,1,4,1,1
SF,IH2106,2020-10-21 09:38:22.300,3275.2000,317,0,12786180.000,0,-,-,-,-,3273.2000,3273.0000,3270.0000,3266.8000,3261.6000,3277.6000,3280.6000,3281.8000,3292.4000,3298.4000,1,1,1,1,1,1,4,1,1,5
SF,IH2106,2020-10-21 09:38:22.800,3277.6000,316,-1,13769460.000,1,0,1,双平,S,3273.0000,3270.0000,3266.8000,3261.6000,3260.4000,3280.6000,3281.8000,3292.4000,3298.4000,3300.0000,1,1,1,1,5,3,1,1,5,1
SF,IH2106,2020-10-21 09:38:23.300,3277.6000,316,0,13769460.000,0,-,-,-,-,3273.2000,3273.0000,3270.0000,3266.8000,3261.6000,3278.6000,3279.6000,3280.4000,3280.6000,3281.8000,2,1,1,1,1,1,1,1,3,1
SF,IH2106,2020-10-21 09:38:24.300,3277.6000,316,0,13769460.000,0,-,-,-,-,3273.4000,3273.2000,3273.0000,3270.0000,3266.8000,3278.6000,3279.6000,3280.4000,3280.6000,3281.8000,1,2,1,1,1,1,1,1,3,1
SF,IH2106,2020-10-21 09:38:24.800,3277.6000,316,0,13769460.000,0,-,-,-,-,3273.6000,3273.4000,3273.0000,3270.0000,3266.8000,3278.6000,3279.6000,3280.4000,3280.6000,3281.8000,2,1,1,1,1,1,1,1,3,1
SF,IH2106,2020-10-21 09:38:26.300,3277.6000,316,0,13769460.000,0,-,-,-,-,3274.0000,3273.6000,3273.0000,3270.0000,3266.8000,3278.6000,3279.6000,3280.4000,3280.6000,3281.8000,1,2,1,1,1,1,1,1,3,1
SF,IH2106,2020-10-21 09:38:26.800,3277.6000,316,0,13769460.000,0,-,-,-,-,3274.2000,3274.0000,3273.6000,3273.0000,3270.0000,3279.6000,3280.4000,3281.8000,3292.4000,3298.4000,1,1,1,1,1,1,1,1,1,5
SF,IH2106,2020-10-21 09:38:27.300,3277.6000,316,0,13769460.000,0,-,-,-,-,3274.4000,3274.2000,3274.0000,3273.0000,3270.0000,3279.4000,3279.6000,3281.8000,3292.4000,3298.4000,1,1,1,1,1,1,1,1,1,5
SF,IH2106,2020-10-21 09:38:27.800,3277.6000,316,0,13769460.000,0,-,-,-,-,3274.6000,3274.4000,3274.0000,3273.0000,3270.0000,3279.4000,3279.6000,3281.8000,3292.4000,3298.4000,1,1,1,1,1,1,1,1,1,5
SF,IH2106,2020-10-21 09:38:28.300,3277.6000,316,0,13769460.000,0,-,-,-,-,3274.8000,3274.6000,3274.0000,3273.0000,3270.0000,3279.6000,3281.8000,3292.4000,3298.4000,3300.0000,1,1,1,1,1,1,1,1,5,1
SF,IH2106,2020-10-21 09:38:28.800,3277.6000,316,0,13769460.000,0,-,-,-,-,3275.0000,3274.8000,3274.0000,3273.0000,3270.0000,3278.6000,3279.6000,3281.8000,3292.4000,3298.4000,1,1,1,1,1,1,1,1,1,5
SF,IH2106,2020-10-21 09:38:29.300,3277.6000,316,0,13769460.000,0,-,-,-,-,3275.0000,3274.0000,3273.0000,3270.0000,3266.8000,3278.6000,3279.6000,3281.8000,3292.4000,3298.4000,1,1,1,1,1,1,1,1,1,5
SF,IH2106,2020-10-21 09:38:30.300,3277.6000,316,0,13769460.000,0,-,-,-,-,3275.0000,3273.0000,3270.0000,3266.8000,3261.6000,3278.6000,3279.6000,3281.8000,3292.4000,3298.4000,1,1,1,1,1,1,1,1,1,5
SF,IH2106,2020-10-21 09:38:37.800,3277.6000,316,0,13769460.000,0,-,-,-,-,3275.0000,3274.0000,3273.0000,3270.0000,3266.8000,3278.6000,3279.6000,3281.8000,3292.4000,3298.4000,1,1,1,1,1,1,1,1,1,5
SF,IH2106,2020-10-21 09:38:38.300,3277.6000,316,0,13769460.000,0,-,-,-,-,3274.0000,3273.0000,3270.0000,3266.8000,3261.6000,3278.4000,3278.6000,3279.6000,3281.8000,3292.4000,1,1,1,1,1,1,1,1,1,1
SF,IH2106,2020-10-21 09:38:39.800,3277.6000,316,0,13769460.000,0,-,-,-,-,3274.0000,3273.0000,3270.0000,3266.8000,3261.6000,3277.8000,3278.4000,3278.6000,3281.8000,3292.4000,1,1,1,1,1,1,1,1,1,1
SF,IH2106,2020-10-21 09:38:40.300,3277.6000,316,0,13769460.000,0,-,-,-,-,3274.0000,3273.0000,3270.0000,3266.8000,3261.6000,3277.6000,3277.8000,3278.6000,3281.8000,3292.4000,1,1,1,1,1,1,1,1,1,1
SF,IH2106,2020-10-21 09:38:41.800,3277.6000,316,0,13769460.000,0,-,-,-,-,3274.0000,3273.0000,3270.0000,3266.8000,3261.6000,3277.6000,3278.6000,3281.8000,3292.4000,3298.4000,1,1,1,1,1,1,1,1,1,5
SF,IH2106,2020-10-21 09:38:42.300,3277.6000,316,0,13769460.000,0,-,-,-,-,3274.2000,3274.0000,3273.0000,3270.0000,3266.8000,3278.6000,3281.8000,3292.4000,3298.4000,3300.0000,1,1,1,1,1,1,1,1,5,1
SF,IH2106,2020-10-21 09:38:43.300,3277.6000,316,0,13769460.000,0,-,-,-,-,3274.2000,3274.0000,3273.0000,3270.0000,3266.8000,3281.8000,3292.4000,3298.4000,3300.0000,3309.0000,1,1,1,1,1,1,1,5,1,1
SF,IH2106,2020-10-21 09:38:43.800,3277.6000,316,0,13769460.000,0,-,-,-,-,3274.0000,3273.0000,3270.0000,3266.8000,3261.6000,3278.6000,3279.6000,3281.6000,3281.8000,3292.4000,1,1,1,1,1,1,1,3,1,1
SF,IH2106,2020-10-21 09:38:44.300,3277.6000,316,0,13769460.000,0,-,-,-,-,3274.2000,3274.0000,3273.0000,3270.0000,3266.8000,3279.6000,3281.6000,3281.8000,3292.4000,3298.4000,1,1,1,1,1,1,3,1,1,5
SF,IH2106,2020-10-21 09:38:44.800,3277.6000,316,0,13769460.000,0,-,-,-,-,3274.2000,3274.0000,3273.0000,3270.0000,3266.8000,3279.4000,3279.6000,3281.6000,3281.8000,3292.4000,1,1,1,1,1,2,1,1,1,1
SF,IH2106,2020-10-21 09:38:46.300,3277.6000,316,0,13769460.000,0,-,-,-,-,3274.2000,3274.0000,3273.0000,3270.0000,3266.8000,3278.6000,3279.4000,3279.6000,3281.6000,3281.8000,1,1,1,1,1,1,2,1,1,1
SF,IH2106,2020-10-21 09:38:50.300,3277.6000,316,0,13769460.000,0,-,-,-,-,3274.2000,3274.0000,3273.0000,3270.0000,3266.8000,3278.6000,3279.4000,3279.6000,3281.6000,3292.4000,1,1,1,1,1,1,2,1,1,1
SF,IH2106,2020-10-21 09:38:50.800,3277.6000,316,0,13769460.000,0,-,-,-,-,3274.2000,3274.0000,3273.0000,3270.0000,3266.8000,3278.4000,3278.6000,3279.4000,3279.6000,3281.6000,1,1,1,1,1,1,1,1,1,1
SF,IH2106,2020-10-21 09:38:56.800,3277.6000,316,0,13769460.000,0,-,-,-,-,3274.2000,3274.0000,3273.0000,3270.0000,3266.8000,3278.4000,3279.4000,3279.6000,3281.6000,3292.4000,1,1,1,1,1,1,1,1,1,1
SF,IH2106,2020-10-21 09:38:57.300,3277.6000,316,0,13769460.000,0,-,-,-,-,3274.2000,3274.0000,3273.0000,3270.0000,3266.8000,3279.4000,3279.6000,3281.6000,3292.4000,3298.4000,1,1,1,1,1,1,1,1,1,5
SF,IH2106,2020-10-21 09:38:57.800,3277.6000,316,0,13769460.000,0,-,-,-,-,3274.2000,3274.0000,3273.0000,3270.0000,3266.8000,3279.2000,3279.4000,3279.6000,3281.6000,3292.4000,1,1,1,1,1,1,1,1,1,1
SF,IH2106,2020-10-21 09:38:58.300,3277.6000,316,0,13769460.000,0,-,-,-,-,3274.2000,3274.0000,3273.0000,3270.0000,3266.8000,3279.0000,3279.2000,3279.6000,3281.6000,3292.4000,1,1,1,1,1,1,1,1,1,1
SF,IH2106,2020-10-21 09:39:04.800,3277.6000,316,0,13769460.000,0,-,-,-,-,3274.2000,3274.0000,3273.0000,3270.0000,3266.8000,3277.6000,3279.0000,3279.2000,3279.6000,3281.6000,1,1,1,1,1,1,1,1,1,1
SF,IH2106,2020-10-21 09:39:05.300,3277.6000,316,0,13769460.000,0,-,-,-,-,3274.2000,3274.0000,3273.0000,3270.0000,3266.8000,3277.6000,3279.2000,3279.6000,3281.6000,3292.4000,1,1,1,1,1,1,1,1,1,1
SF,IH2106,2020-10-21 09:39:08.300,3277.6000,316,0,13769460.000,0,-,-,-,-,3274.2000,3274.0000,3273.0000,3270.0000,3266.8000,3277.6000,3279.2000,3281.6000,3292.4000,3298.4000,1,1,1,1,1,1,1,1,1,5
SF,IH2106,2020-10-21 09:39:08.800,3277.6000,316,0,13769460.000,0,-,-,-,-,3274.2000,3274.0000,3273.0000,3270.0000,3266.8000,3277.6000,3281.6000,3292.4000,3298.4000,3300.0000,1,1,1,1,1,1,1,1,5,1
SF,IH2106,2020-10-21 09:39:09.300,3277.6000,315,-1,14752740.000,1,0,1,双平,S,3274.0000,3273.0000,3270.0000,3266.8000,3261.6000,3281.6000,3292.4000,3298.4000,3300.0000,3309.0000,1,1,1,1,1,1,1,5,1,1
SF,IH2106,2020-10-21 09:39:09.800,3277.6000,315,0,14752740.000,0,-,-,-,-,3274.2000,3274.0000,3273.0000,3270.0000,3266.8000,3281.2000,3281.4000,3292.4000,3298.4000,3300.0000,2,1,1,1,1,1,2,1,5,1
SF,IH2106,2020-10-21 09:39:10.300,3277.6000,315,0,14752740.000,0,-,-,-,-,3274.2000,3274.0000,3273.0000,3270.0000,3266.8000,3281.2000,3281.4000,3292.4000,3298.4000,3300.0000,2,1,1,1,1,1,1,1,5,1
SF,IH2106,2020-10-21 09:39:10.800,3277.6000,315,0,14752740.000,0,-,-,-,-,3274.2000,3274.0000,3273.0000,3270.0000,3266.8000,3281.0000,3281.2000,3281.4000,3292.4000,3298.4000,3,1,1,1,1,1,1,1,1,5
SF,IH2106,2020-10-21 09:39:11.300,3277.6000,315,0,14752740.000,0,-,-,-,-,3275.0000,3274.2000,3274.0000,3273.0000,3270.0000,3281.0000,3281.2000,3281.4000,3292.4000,3298.4000,1,3,1,1,1,1,1,1,1,5
SF,IH2106,2020-10-21 09:39:11.800,3277.6000,315,0,14752740.000,0,-,-,-,-,3275.2000,3275.0000,3274.2000,3274.0000,3273.0000,3281.0000,3281.2000,3281.4000,3292.4000,3298.4000,2,1,1,1,1,1,1,1,1,5
SF,IH2106,2020-10-21 09:39:12.300,3277.6000,315,0,14752740.000,0,-,-,-,-,3275.2000,3275.0000,3274.0000,3273.0000,3270.0000,3281.0000,3281.2000,3281.4000,3292.4000,3298.4000,2,1,1,1,1,1,1,1,1,5
SF,IH2106,2020-10-21 09:39:12.800,3277.6000,315,0,14752740.000,0,-,-,-,-,3275.2000,3275.0000,3274.0000,3273.0000,3270.0000,3280.8000,3281.0000,3281.2000,3281.4000,3292.4000,1,1,1,1,1,1,1,1,1,1
SF,IH2106,2020-10-21 09:39:13.300,3277.6000,315,0,14752740.000,0,-,-,-,-,3275.2000,3275.0000,3274.0000,3273.0000,3270.0000,3280.6000,3280.8000,3281.2000,3281.4000,3292.4000,1,1,1,1,1,1,1,1,1,1
SF,IH2106,2020-10-21 09:39:13.800,3277.6000,315,0,14752740.000,0,-,-,-,-,3275.4000,3275.2000,3275.0000,3274.0000,3273.0000,3280.6000,3281.2000,3281.4000,3292.4000,3298.4000,1,1,1,1,1,1,1,1,1,5
SF,IH2106,2020-10-21 09:39:14.300,3277.6000,315,0,14752740.000,0,-,-,-,-,3275.6000,3275.4000,3275.0000,3274.0000,3273.0000,3280.6000,3281.2000,3281.4000,3292.4000,3298.4000,1,1,1,1,1,1,1,1,1,5
SF,IH2106,2020-10-21 09:39:14.800,3277.6000,315,0,14752740.000,0,-,-,-,-,3275.6000,3275.0000,3274.0000,3273.0000,3270.0000,3280.4000,3280.6000,3281.2000,3281.4000,3292.4000,1,1,1,1,1,1,1,1,1,1
SF,IH2106,2020-10-21 09:39:15.300,3277.6000,315,0,14752740.000,0,-,-,-,-,3275.0000,3274.0000,3273.0000,3270.0000,3266.8000,3280.2000,3280.4000,3281.2000,3281.4000,3292.4000,1,1,1,1,1,1,1,1,1,1
SF,IH2106,2020-10-21 09:39:15.800,3277.6000,315,0,14752740.000,0,-,-,-,-,3275.2000,3275.0000,3274.0000,3273.0000,3270.0000,3280.0000,3280.2000,3281.2000,3281.4000,3292.4000,1,1,1,1,1,1,1,1,1,1
SF,IH2106,2020-10-21 09:39:18.300,3277.6000,315,0,14752740.000,0,-,-,-,-,3275.2000,3274.0000,3273.0000,3270.0000,3266.8000,3280.0000,3280.2000,3281.2000,3281.4000,3292.4000,1,1,1,1,1,1,1,1,1,1
SF,IH2106,2020-10-21 09:39:18.800,3277.6000,315,0,14752740.000,0,-,-,-,-,3275.2000,3274.0000,3273.0000,3270.0000,3266.8000,3279.8000,3280.0000,3281.2000,3281.4000,3292.4000,1,1,1,1,1,1,1,1,1,1
SF,IH2106,2020-10-21 09:39:21.300,3277.6000,315,0,14752740.000,0,-,-,-,-,3275.2000,3274.0000,3273.0000,3270.0000,3266.8000,3279.6000,3279.8000,3280.0000,3281.2000,3292.4000,1,1,1,1,1,1,1,1,1,1
SF,IH2106,2020-10-21 09:39:21.800,3277.6000,315,0,14752740.000,0,-,-,-,-,3274.0000,3273.0000,3270.0000,3266.8000,3261.6000,3279.4000,3279.6000,3280.0000,3281.2000,3292.4000,1,1,1,1,1,1,1,1,1,1
SF,IH2106,2020-10-21 09:39:22.300,3277.6000,315,0,14752740.000,0,-,-,-,-,3274.2000,3274.0000,3273.0000,3270.0000,3266.8000,3279.2000,3279.4000,3279.6000,3281.2000,3292.4000,1,1,1,1,1,1,1,1,1,1
SF,IH2106,2020-10-21 09:39:22.800,3277.6000,315,0,14752740.000,0,-,-,-,-,3274.2000,3274.0000,3273.0000,3270.0000,3266.8000,3279.2000,3279.4000,3281.2000,3292.4000,3298.4000,1,1,1,1,1,1,1,1,1,5
SF,IH2106,2020-10-21 09:39:26.300,3277.6000,315,0,14752740.000,0,-,-,-,-,3274.4000,3274.2000,3274.0000,3273.0000,3270.0000,3279.2000,3279.4000,3281.2000,3292.4000,3298.4000,1,1,1,1,1,1,1,1,1,5
SF,IH2106,2020-10-21 09:39:26.800,3277.6000,315,0,14752740.000,0,-,-,-,-,3274.6000,3274.4000,3274.0000,3273.0000,3270.0000,3281.2000,3292.4000,3298.4000,3300.0000,3309.0000,2,1,1,1,1,1,1,5,1,1
SF,IH2106,2020-10-21 09:39:27.300,3277.6000,315,0,14752740.000,0,-,-,-,-,3274.6000,3274.4000,3274.0000,3273.0000,3270.0000,3281.0000,3281.2000,3292.4000,3298.4000,3300.0000,2,1,1,1,1,1,1,1,5,1
SF,IH2106,2020-10-21 09:39:30.800,3277.6000,315,0,14752740.000,0,-,-,-,-,3274.6000,3274.4000,3274.0000,3273.0000,3270.0000,3280.8000,3281.0000,3281.2000,3292.4000,3298.4000,2,1,1,1,1,1,1,1,1,5
SF,IH2106,2020-10-21 09:39:31.300,3277.6000,315,0,14752740.000,0,-,-,-,-,3274.6000,3274.4000,3274.0000,3273.0000,3270.0000,3280.6000,3280.8000,3281.2000,3292.4000,3298.4000,2,1,1,1,1,1,1,1,1,5
SF,IH2106,2020-10-21 09:39:32.300,3277.6000,315,0,14752740.000,0,-,-,-,-,3274.8000,3274.6000,3274.4000,3274.0000,3273.0000,3280.6000,3280.8000,3281.2000,3292.4000,3298.4000,1,2,1,1,1,1,1,1,1,5
SF,IH2106,2020-10-21 09:39:32.800,3277.6000,315,0,14752740.000,0,-,-,-,-,3275.0000,3274.8000,3274.4000,3274.0000,3273.0000,3280.6000,3280.8000,3281.2000,3292.4000,3298.4000,2,1,1,1,1,1,1,1,1,5
SF,IH2106,2020-10-21 09:39:37.300,3277.6000,315,0,14752740.000,0,-,-,-,-,3275.0000,3274.8000,3274.0000,3273.0000,3270.0000,3280.6000,3280.8000,3281.2000,3292.4000,3298.4000,2,1,1,1,1,1,1,1,1,5
SF,IH2106,2020-10-21 09:39:40.800,3277.6000,315,0,14752740.000,0,-,-,-,-,3275.0000,3274.8000,3274.0000,3273.0000,3270.0000,3280.6000,3280.8000,3281.2000,3292.4000,3298.4000,3,1,1,1,1,1,1,1,1,5
SF,IH2106,2020-10-21 09:39:44.800,3277.6000,315,0,14752740.000,0,-,-,-,-,3275.0000,3274.8000,3274.0000,3273.0000,3270.0000,3280.6000,3280.8000,3292.4000,3298.4000,3300.0000,3,1,1,1,1,1,1,1,5,1
SF,IH2106,2020-10-21 09:39:45.300,3277.6000,315,0,14752740.000,0,-,-,-,-,3275.0000,3274.8000,3274.0000,3273.0000,3270.0000,3292.4000,3298.4000,3300.0000,3309.0000,3319.8000,3,1,1,1,1,1,5,1,1,1
SF,IH2106,2020-10-21 09:39:45.800,3277.6000,315,0,14752740.000,0,-,-,-,-,3275.0000,3274.8000,3274.0000,3273.0000,3270.0000,3281.2000,3281.4000,3290.6000,3292.2000,3292.4000,3,1,1,1,1,1,1,1,5,1
SF,IH2106,2020-10-21 09:39:46.300,3277.6000,315,0,14752740.000,0,-,-,-,-,3275.0000,3274.8000,3274.0000,3273.0000,3270.0000,3281.0000,3281.2000,3281.4000,3290.6000,3292.2000,3,1,1,1,1,1,1,1,1,4
SF,IH2106,2020-10-21 09:39:48.300,3277.6000,315,0,14752740.000,0,-,-,-,-,3275.0000,3274.8000,3274.0000,3273.0000,3270.0000,3281.0000,3281.2000,3281.4000,3292.2000,3292.4000,3,1,1,1,1,1,1,1,4,1
SF,IH2106,2020-10-21 09:39:50.800,3277.6000,315,0,14752740.000,0,-,-,-,-,3275.8000,3275.0000,3274.8000,3274.0000,3273.0000,3281.0000,3281.2000,3281.4000,3292.2000,3292.4000,1,3,1,1,1,1,1,1,4,1
SF,IH2106,2020-10-21 09:39:51.300,3277.6000,315,0,14752740.000,0,-,-,-,-,3276.0000,3275.8000,3275.0000,3274.8000,3274.0000,3280.8000,3281.0000,3281.2000,3281.4000,3292.2000,1,1,2,1,1,1,1,1,1,4
SF,IH2106,2020-10-21 09:39:51.800,3277.6000,315,0,14752740.000,0,-,-,-,-,3276.0000,3275.8000,3275.0000,3274.8000,3274.0000,3280.6000,3280.8000,3281.2000,3281.4000,3292.2000,1,1,2,1,1,1,1,1,1,4
SF,IH2106,2020-10-21 09:39:52.300,3277.6000,315,0,14752740.000,0,-,-,-,-,3276.2000,3276.0000,3275.0000,3274.8000,3274.0000,3280.6000,3280.8000,3281.2000,3281.4000,3292.2000,1,1,2,1,1,1,1,1,1,4
SF,IH2106,2020-10-21 09:39:59.800,3277.6000,315,0,14752740.000,0,-,-,-,-,3276.2000,3276.0000,3275.0000,3274.8000,3274.0000,3279.6000,3280.6000,3280.8000,3281.2000,3292.2000,1,1,2,1,1,1,1,1,1,4
SF,IH2106,2020-10-21 09:40:00.300,3277.6000,315,0,14752740.000,0,-,-,-,-,3276.2000,3275.0000,3274.8000,3274.0000,3273.0000,3280.6000,3280.8000,3281.2000,3292.2000,3292.4000,1,2,1,1,1,1,1,1,4,1
SF,IH2106,2020-10-21 09:40:00.800,3277.6000,315,0,14752740.000,0,-,-,-,-,3276.2000,3275.0000,3274.8000,3274.0000,3273.0000,3279.6000,3279.8000,3280.6000,3280.8000,3281.2000,1,2,1,1,1,1,1,1,1,1
SF,IH2106,2020-10-21 09:40:01.800,3277.6000,315,0,14752740.000,0,-,-,-,-,3276.2000,3275.0000,3274.8000,3274.0000,3273.0000,3279.6000,3279.8000,3280.6000,3280.8000,3281.2000,1,2,1,1,1,2,1,1,1,1
SF,IH2106,2020-10-21 09:40:02.300,3277.6000,315,0,14752740.000,0,-,-,-,-,3276.2000,3275.0000,3274.8000,3274.0000,3273.0000,3279.4000,3279.6000,3279.8000,3280.8000,3281.2000,1,2,1,1,1,1,2,1,1,1
SF,IH2106,2020-10-21 09:40:02.800,3277.6000,315,0,14752740.000,0,-,-,-,-,3275.0000,3274.8000,3274.0000,3273.0000,3270.0000,3279.4000,3279.6000,3279.8000,3281.2000,3292.2000,1,1,1,1,1,1,2,1,1,4
SF,IH2106,2020-10-21 09:40:04.300,3277.6000,315,0,14752740.000,0,-,-,-,-,3275.0000,3274.0000,3273.0000,3270.0000,3266.8000,3279.4000,3279.6000,3279.8000,3281.2000,3292.2000,1,1,1,1,1,1,2,1,1,4
SF,IH2106,2020-10-21 09:40:04.800,3277.6000,315,0,14752740.000,0,-,-,-,-,3275.0000,3274.0000,3273.0000,3270.0000,3266.8000,3278.6000,3279.4000,3279.6000,3279.8000,3292.2000,1,1,1,1,1,1,1,2,1,4
SF,IH2106,2020-10-21 09:40:05.300,3277.6000,315,0,14752740.000,0,-,-,-,-,3275.0000,3274.0000,3273.0000,3270.0000,3266.8000,3279.4000,3279.6000,3279.8000,3292.2000,3292.4000,1,1,1,1,1,1,2,1,4,1
SF,IH2106,2020-10-21 09:40:05.800,3275.0000,315,0,15735240.000,1,0,1,多换,S,3274.0000,3273.0000,3270.0000,3266.8000,3261.6000,3278.6000,3279.4000,3279.6000,3279.8000,3292.2000,1,1,1,1,1,1,1,2,1,4
SF,IH2106,2020-10-21 09:40:06.300,3275.0000,315,0,15735240.000,0,-,-,-,-,3274.4000,3274.2000,3274.0000,3273.0000,3270.0000,3278.4000,3278.6000,3279.6000,3279.8000,3292.2000,1,1,1,1,1,1,1,2,1,4
SF,IH2106,2020-10-21 09:40:06.800,3275.0000,315,0,15735240.000,0,-,-,-,-,3274.6000,3274.4000,3274.0000,3273.0000,3270.0000,3278.4000,3278.6000,3279.6000,3279.8000,3292.2000,1,1,1,1,1,1,1,2,1,4
SF,IH2106,2020-10-21 09:40:07.300,3275.0000,315,0,15735240.000,0,-,-,-,-,3274.4000,3274.0000,3273.0000,3270.0000,3266.8000,3278.4000,3278.6000,3279.6000,3279.8000,3292.2000,1,1,1,1,1,1,1,2,1,4
SF,IH2106,2020-10-21 09:40:08.800,3275.0000,315,0,15735240.000,0,-,-,-,-,3274.0000,3273.0000,3270.0000,3266.8000,3261.6000,3278.4000,3278.6000,3279.6000,3279.8000,3292.2000,1,1,1,1,1,1,1,2,1,4
SF,IH2106,2020-10-21 09:40:09.300,3275.0000,315,0,15735240.000,0,-,-,-,-,3274.0000,3273.0000,3270.0000,3266.8000,3261.6000,3277.8000,3278.4000,3278.6000,3279.6000,3279.8000,1,1,1,1,1,1,1,1,1,1
SF,IH2106,2020-10-21 09:40:09.800,3275.0000,315,0,15735240.000,0,-,-,-,-,3274.0000,3273.0000,3270.0000,3266.8000,3261.6000,3278.4000,3278.6000,3279.6000,3279.8000,3292.2000,1,1,1,1,1,1,1,1,1,4
SF,IH2106,2020-10-21 09:40:11.800,3275.0000,315,0,15735240.000,0,-,-,-,-,3274.6000,3274.4000,3274.0000,3273.0000,3270.0000,3278.4000,3279.6000,3279.8000,3292.2000,3292.4000,1,1,1,1,1,1,1,1,4,1
SF,IH2106,2020-10-21 09:40:12.300,3275.0000,315,0,15735240.000,0,-,-,-,-,3274.8000,3274.6000,3274.4000,3274.0000,3273.0000,3279.6000,3279.8000,3292.2000,3292.4000,3298.4000,2,1,1,1,1,1,1,4,1,5
SF,IH2106,2020-10-21 09:40:12.800,3275.0000,315,0,15735240.000,0,-,-,-,-,3275.0000,3274.8000,3274.6000,3274.4000,3274.0000,3279.6000,3279.8000,3292.2000,3292.4000,3298.4000,1,2,1,1,1,1,1,4,1,5
SF,IH2106,2020-10-21 09:40:13.300,3275.0000,315,0,15735240.000,0,-,-,-,-,3275.6000,3275.2000,3275.0000,3274.6000,3274.4000,3279.4000,3279.6000,3279.8000,3292.2000,3292.4000,1,1,1,1,1,1,2,1,4,1
SF,IH2106,2020-10-21 09:40:13.800,3275.0000,315,0,15735240.000,0,-,-,-,-,3275.0000,3274.6000,3274.4000,3274.0000,3273.0000,3278.6000,3279.4000,3279.6000,3279.8000,3292.2000,1,1,1,1,1,1,1,2,1,4
SF,IH2106,2020-10-21 09:40:14.300,3275.0000,315,0,15735240.000,0,-,-,-,-,3275.2000,3274.6000,3274.4000,3274.0000,3273.0000,3279.6000,3279.8000,3292.2000,3292.4000,3298.4000,1,1,1,1,1,1,1,4,1,5
SF,IH2106,2020-10-21 09:40:16.800,3275.0000,315,0,15735240.000,0,-,-,-,-,3275.2000,3274.6000,3274.4000,3274.0000,3273.0000,3292.2000,3292.4000,3298.4000,3300.0000,3309.0000,1,1,1,1,1,4,1,5,1,1
SF,IH2106,2020-10-21 09:40:17.300,3275.0000,315,0,15735240.000,0,-,-,-,-,3275.4000,3275.2000,3274.6000,3274.4000,3274.0000,3280.0000,3280.2000,3281.2000,3281.4000,3291.0000,1,1,1,1,1,1,1,1,1,1
SF,IH2106,2020-10-21 09:40:17.800,3275.0000,315,0,15735240.000,0,-,-,-,-,3275.6000,3275.4000,3274.6000,3274.4000,3274.0000,3280.0000,3280.2000,3281.2000,3281.4000,3291.0000,1,1,1,1,1,1,1,1,1,1
SF,IH2106,2020-10-21 09:40:18.300,3275.0000,315,0,15735240.000,0,-,-,-,-,3275.6000,3275.4000,3274.6000,3274.4000,3274.0000,3279.6000,3280.0000,3280.2000,3281.2000,3292.0000,1,1,1,1,1,1,1,1,1,1
SF,IH2106,2020-10-21 09:40:18.800,3275.0000,315,0,15735240.000,0,-,-,-,-,3275.6000,3274.6000,3274.4000,3274.0000,3273.0000,3280.0000,3280.2000,3281.2000,3292.0000,3292.2000,1,1,1,1,1,1,1,1,1,4
SF,IH2106,2020-10-21 09:40:19.300,3275.0000,315,0,15735240.000,0,-,-,-,-,3275.6000,3274.6000,3274.4000,3274.0000,3273.0000,3279.6000,3280.0000,3280.2000,3281.2000,3292.0000,1,1,1,1,1,1,1,1,1,1
SF,IH2106,2020-10-21 09:40:20.300,3275.0000,315,0,15735240.000,0,-,-,-,-,3275.6000,3274.6000,3274.4000,3274.0000,3273.0000,3280.0000,3280.2000,3281.2000,3292.0000,3292.2000,1,1,1,1,1,1,1,1,1,4
SF,IH2106,2020-10-21 09:40:22.800,3275.0000,315,0,15735240.000,0,-,-,-,-,3275.6000,3274.6000,3274.4000,3274.0000,3273.0000,3279.6000,3280.0000,3280.2000,3281.2000,3292.0000,1,1,1,1,1,1,1,1,1,1
