市场代码,合约代码,时间,最新,持仓,增仓,成交额,成交量,开仓,平仓,成交类型,方向,买一价,买二价,买三价,买四价,买五价,卖一价,卖二价,卖三价,卖四价,卖五价,买一量,买二量,买三量,买四量,买五量,卖一量,卖二量,卖三量,卖四量,卖五量
SF,IF1912,2019-11-04 09:29:00.000,3961.0000,41744,0,43967100.000,37.000,-,-,-,-,3960.4000,3960.2000,3960.0000,3959.4000,3958.4000,3961.0000,3962.0000,3963.0000,3965.0000,3968.0000,3,1,3,1,5,15,3,20,1,1
SF,IF1912,2019-11-04 09:30:00.500,3968.0000,41715,-29,118864020.000,63,17,46,多平,S,3962.8000,3962.6000,3962.4000,3962.2000,3962.0000,3968.2000,3968.6000,3968.8000,3970.0000,3970.4000,5,4,2,8,5,1,2,2,3,1
SF,IF1912,2019-11-04 09:30:01.000,3965.0000,41704,-11,154568100.000,30,9,21,多平,S,3964.0000,3963.6000,3963.0000,3962.8000,3962.6000,3965.0000,3968.0000,3970.4000,3970.6000,3970.8000,2,6,16,7,4,14,1,2,2,1
SF,IF1912,2019-11-04 09:30:01.500,3965.4000,41683,-21,186690540.000,27,3,24,多平,S,3965.4000,3965.2000,3965.0000,3964.4000,3964.2000,3970.8000,3971.0000,3971.6000,3972.0000,3973.0000,1,3,14,1,19,1,1,1,2,1
SF,IF1912,2019-11-04 09:30:02.000,3965.4000,41683,0,186690540.000,0,-,-,-,-,3968.6000,3968.4000,3968.0000,3967.8000,3967.4000,3970.0000,3970.4000,3970.6000,3970.8000,3971.2000,4,2,5,1,4,2,3,4,2,3
SF,IF1912,2019-11-04 09:30:02.500,3968.6000,41679,-4,197406120.000,9,2,7,多平,S,3968.6000,3968.2000,3968.0000,3967.8000,3966.2000,3969.4000,3969.6000,3969.8000,3970.0000,3970.6000,4,1,5,1,2,1,3,3,2,2
SF,IF1912,2019-11-04 09:30:03.000,3969.2000,41675,-4,217645740.000,17,6,11,多平,S,3968.6000,3967.0000,3966.6000,3965.6000,3965.0000,3969.2000,3969.4000,3969.8000,3970.6000,3970.8000,7,2,1,9,9,2,4,2,2,2
SF,IF1912,2019-11-04 09:30:03.500,3969.2000,41672,-3,233123760.000,13,5,8,多平,S,3969.0000,3966.6000,3965.6000,3965.0000,3964.2000,3969.4000,3969.8000,3970.6000,3970.8000,3971.2000,1,1,8,4,8,5,2,2,2,1
SF,IF1912,2019-11-04 09:30:04.000,3969.4000,41672,0,243840420.000,9,4,5,多换,S,3966.6000,3965.6000,3965.0000,3964.2000,3963.4000,3968.6000,3969.2000,3969.4000,3969.8000,3970.6000,1,8,3,8,1,2,1,3,2,2
SF,IF1912,2019-11-04 09:30:04.500,3968.6000,41672,0,255747900.000,10,5,5,多换,S,3967.2000,3967.0000,3966.8000,3966.6000,3965.6000,3969.0000,3969.8000,3970.6000,3970.8000,3971.2000,2,8,3,3,5,1,2,2,2,1
SF,IF1912,2019-11-04 09:30:05.000,3968.8000,41673,1,260510400.000,4,2,2,空开,S,3968.6000,3967.4000,3967.0000,3966.8000,3966.6000,3968.8000,3969.0000,3969.4000,3969.8000,3970.6000,3,1,1,1,1,5,1,1,2,2
SF,IF1912,2019-11-04 09:30:05.500,3969.8000,41677,4,286703040.000,22,13,9,空开,S,3966.6000,3965.6000,3965.0000,3964.2000,3963.6000,3968.6000,3969.8000,3970.6000,3970.8000,3971.2000,1,4,1,2,1,1,1,2,2,1
SF,IF1912,2019-11-04 09:30:06.000,3967.6000,41675,-2,296225640.000,8,3,5,多平,S,3965.6000,3965.0000,3964.2000,3963.6000,3963.4000,3967.6000,3968.2000,3968.4000,3968.6000,3969.0000,4,1,2,1,1,1,2,3,2,1
SF,IF1912,2019-11-04 09:30:06.500,3968.2000,41673,-2,300986520.000,4,1,3,多平,S,3966.2000,3966.0000,3965.8000,3965.6000,3965.0000,3968.2000,3968.4000,3968.6000,3968.8000,3969.0000,1,2,8,6,1,1,4,2,2,1
SF,IF1912,2019-11-04 09:30:07.000,3968.2000,41674,1,303367440.000,2,1,1,空开,S,3966.4000,3965.8000,3965.6000,3965.0000,3963.6000,3968.0000,3968.2000,3968.4000,3968.6000,3968.8000,1,1,2,1,1,2,1,4,2,2
SF,IF1912,2019-11-04 09:30:07.500,3966.4000,41672,-2,306937200.000,3,0,3,多平,S,3965.8000,3965.0000,3963.6000,3963.4000,3963.0000,3967.2000,3967.4000,3967.8000,3968.0000,3968.2000,1,1,1,1,3,1,2,2,3,1
SF,IF1912,2019-11-04 09:30:08.000,3967.4000,41671,-1,312887640.000,5,2,3,多平,S,3965.0000,3963.6000,3963.4000,3963.0000,3962.4000,3967.4000,3967.8000,3968.0000,3968.2000,3968.4000,1,1,1,3,1,1,2,3,2,4
SF,IF1912,2019-11-04 09:30:08.500,3966.2000,41670,-1,317647200.000,4,1,3,多平,S,3965.8000,3965.6000,3965.4000,3965.2000,3965.0000,3966.4000,3967.0000,3967.2000,3967.4000,3967.8000,8,1,1,10,5,1,1,1,1,4
SF,IF1912,2019-11-04 09:30:09.000,3965.8000,41670,0,325976460.000,7,3,4,多换,S,3965.2000,3965.0000,3963.6000,3963.4000,3963.0000,3965.8000,3966.4000,3967.4000,3967.8000,3968.0000,2,1,1,1,3,1,1,1,4,3
SF,IF1912,2019-11-04 09:30:09.500,3966.4000,41671,1,335496360.000,8,4,4,空开,S,3966.4000,3965.4000,3965.0000,3963.6000,3963.4000,3966.8000,3968.0000,3968.2000,3968.4000,3968.6000,11,1,1,1,1,3,3,2,2,1
SF,IF1912,2019-11-04 09:30:10.000,3966.4000,41666,-5,347396460.000,10,2,8,多平,S,3966.4000,3965.0000,3963.6000,3963.0000,3962.2000,3968.0000,3968.2000,3968.4000,3968.6000,3968.8000,7,2,1,3,1,2,2,2,1,1
SF,IF1912,2019-11-04 09:30:10.500,3966.4000,41667,1,349776300.000,2,1,1,空开,S,3966.6000,3966.4000,3965.0000,3963.6000,3963.0000,3967.8000,3968.0000,3968.2000,3968.4000,3968.6000,3,8,2,1,3,1,3,2,2,1
SF,IF1912,2019-11-04 09:30:11.000,3966.4000,41667,0,349776300.000,0,-,-,-,-,3966.8000,3966.6000,3966.4000,3965.0000,3963.6000,3968.0000,3968.2000,3968.4000,3968.6000,3968.8000,2,3,8,2,1,1,1,1,1,1
SF,IF1912,2019-11-04 09:30:11.500,3969.0000,41667,0,360490560.000,9,4,5,多换,S,3966.4000,3965.0000,3963.6000,3963.0000,3962.2000,3966.8000,3968.2000,3969.0000,3970.8000,3971.6000,8,2,1,3,1,1,1,9,1,1
SF,IF1912,2019-11-04 09:30:12.000,3966.8000,41665,-2,362870640.000,2,0,2,双平,S,3967.0000,3966.4000,3965.0000,3963.6000,3963.0000,3968.2000,3969.0000,3970.8000,3971.6000,3972.0000,1,8,2,1,3,1,9,1,1,2
SF,IF1912,2019-11-04 09:30:12.500,3966.4000,41665,0,364060560.000,1,0,1,多换,S,3966.4000,3965.0000,3963.6000,3963.0000,3962.2000,3967.4000,3967.6000,3967.8000,3968.0000,3968.2000,7,2,1,3,2,1,1,3,2,2
SF,IF1912,2019-11-04 09:30:13.000,3967.4000,41665,0,365250780.000,1,0,1,多换,S,3967.6000,3967.4000,3967.0000,3966.6000,3966.4000,3968.2000,3968.6000,3969.0000,3970.8000,3971.6000,1,5,1,2,10,2,1,10,1,1
SF,IF1912,2019-11-04 09:30:13.500,3967.4000,41664,-1,368821440.000,3,1,2,多平,S,3968.0000,3967.4000,3966.6000,3966.4000,3965.0000,3968.2000,3968.6000,3969.0000,3970.0000,3970.8000,1,4,1,7,1,2,1,9,1,1
SF,IF1912,2019-11-04 09:30:14.000,3968.0000,41662,-2,372392640.000,3,0,3,多平,S,3967.4000,3966.6000,3966.4000,3966.0000,3965.8000,3968.0000,3968.2000,3968.6000,3969.0000,3970.0000,4,2,7,1,6,5,5,1,9,1
SF,IF1912,2019-11-04 09:30:14.500,3968.0000,41662,0,373583040.000,1,0,1,多换,S,3967.4000,3966.6000,3966.4000,3966.0000,3965.8000,3968.0000,3968.2000,3968.6000,3969.0000,3970.0000,4,2,7,1,6,5,5,1,9,1
SF,IF1912,2019-11-04 09:30:15.000,3968.0000,41661,-1,380725500.000,6,2,4,多平,S,3967.4000,3966.6000,3966.4000,3966.0000,3965.8000,3968.0000,3968.2000,3969.0000,3970.0000,3970.8000,5,2,7,1,6,1,5,9,1,1
SF,IF1912,2019-11-04 09:30:15.500,3967.6000,41659,-2,383106180.000,2,0,2,双平,S,3967.4000,3966.6000,3966.4000,3966.0000,3965.8000,3968.2000,3969.0000,3970.0000,3970.8000,3971.6000,6,2,7,1,6,5,9,1,1,1
SF,IF1912,2019-11-04 09:30:16.000,3967.6000,41659,0,383106180.000,0,-,-,-,-,3967.4000,3966.6000,3966.4000,3966.0000,3965.8000,3968.2000,3969.0000,3970.0000,3970.8000,3971.6000,6,2,7,1,6,5,9,1,1,1
SF,IF1912,2019-11-04 09:30:16.500,3966.6000,41655,-4,392627760.000,8,2,6,多平,S,3966.6000,3966.4000,3966.0000,3965.8000,3965.0000,3967.0000,3968.2000,3969.0000,3970.0000,3970.8000,1,7,1,6,1,13,5,9,1,1
SF,IF1912,2019-11-04 09:30:17.000,3967.4000,41643,-12,410479380.000,15,1,14,多平,S,3967.0000,3966.8000,3966.6000,3966.4000,3966.0000,3968.2000,3969.0000,3970.0000,3970.8000,3971.6000,6,6,2,7,1,4,9,1,1,1
SF,IF1912,2019-11-04 09:30:17.500,3967.4000,41643,0,410479380.000,0,-,-,-,-,3967.0000,3966.8000,3966.6000,3966.4000,3966.0000,3967.4000,3968.0000,3968.2000,3969.0000,3970.0000,1,1,2,7,1,1,1,4,9,1
SF,IF1912,2019-11-04 09:30:18.000,3967.4000,41643,0,412859820.000,2,1,1,多换,S,3967.0000,3966.8000,3966.6000,3966.4000,3966.0000,3968.0000,3968.2000,3969.0000,3970.0000,3970.8000,1,1,1,5,1,1,4,9,1,1
SF,IF1912,2019-11-04 09:30:18.500,3968.0000,41643,0,414050220.000,1,0,1,多换,S,3967.0000,3966.8000,3966.6000,3966.4000,3966.0000,3968.2000,3968.4000,3969.0000,3969.8000,3970.0000,1,1,1,5,1,4,1,9,1,1
SF,IF1912,2019-11-04 09:30:19.000,3967.2000,41638,-5,420001020.000,5,0,5,双平,S,3967.0000,3966.8000,3966.6000,3966.4000,3966.0000,3968.2000,3969.0000,3969.8000,3970.0000,3970.8000,1,1,1,5,1,4,9,3,1,1
SF,IF1912,2019-11-04 09:30:19.500,3967.2000,41638,0,420001020.000,0,-,-,-,-,3967.0000,3966.8000,3966.6000,3966.4000,3966.0000,3968.0000,3968.2000,3969.0000,3969.8000,3970.0000,1,1,1,5,1,1,4,9,3,1
SF,IF1912,2019-11-04 09:30:20.000,3967.2000,41638,0,420001020.000,0,-,-,-,-,3967.4000,3967.2000,3967.0000,3966.8000,3966.6000,3967.8000,3968.2000,3969.0000,3969.8000,3970.0000,1,2,4,1,1,1,4,9,3,1
SF,IF1912,2019-11-04 09:30:20.500,3967.2000,41637,-1,421191180.000,1,0,1,双平,S,3967.4000,3967.2000,3967.0000,3966.8000,3966.6000,3967.8000,3968.2000,3969.0000,3969.8000,3970.0000,1,1,2,1,1,1,4,9,3,1
SF,IF1912,2019-11-04 09:30:21.000,3967.6000,41630,-7,430713120.000,8,0,8,多平,S,3967.0000,3966.8000,3966.6000,3966.4000,3965.8000,3967.8000,3968.2000,3969.0000,3969.8000,3970.0000,2,1,1,5,6,1,4,9,3,1
SF,IF1912,2019-11-04 09:30:21.500,3967.6000,41630,0,430713120.000,0,-,-,-,-,3967.2000,3967.0000,3966.8000,3966.6000,3966.4000,3967.8000,3968.2000,3968.4000,3969.0000,3969.8000,4,2,1,1,5,1,4,1,9,3
SF,IF1912,2019-11-04 09:30:22.000,3967.6000,41630,0,430713120.000,0,-,-,-,-,3967.2000,3967.0000,3966.8000,3966.6000,3966.4000,3967.8000,3968.2000,3968.4000,3969.0000,3969.8000,6,1,1,1,5,1,4,1,9,3
SF,IF1912,2019-11-04 09:30:22.500,3968.2000,41629,-1,433093920.000,2,0,2,多平,S,3967.4000,3967.2000,3967.0000,3966.8000,3966.6000,3968.2000,3968.4000,3969.0000,3969.8000,3970.0000,1,8,1,1,1,3,1,9,3,1
SF,IF1912,2019-11-04 09:30:23.000,3968.4000,41629,0,437855820.000,4,2,2,多换,S,3968.8000,3967.6000,3967.4000,3967.2000,3967.0000,3969.0000,3969.8000,3970.0000,3970.8000,3971.6000,1,9,2,9,1,9,3,1,1,1
SF,IF1912,2019-11-04 09:30:23.500,3968.8000,41628,-1,439046460.000,1,0,1,双平,S,3967.6000,3967.4000,3967.2000,3967.0000,3966.8000,3968.8000,3969.0000,3969.8000,3970.0000,3970.8000,3,2,9,1,1,1,9,3,1,1
SF,IF1912,2019-11-04 09:30:24.000,3967.8000,41627,-1,440236800.000,1,0,1,双平,S,3968.0000,3967.8000,3967.6000,3967.4000,3967.2000,3969.0000,3969.8000,3970.0000,3970.8000,3971.6000,1,1,1,2,9,9,3,1,1,1
SF,IF1912,2019-11-04 09:30:24.500,3969.0000,41627,0,442618200.000,2,1,1,多换,S,3968.2000,3968.0000,3967.8000,3967.6000,3967.4000,3969.0000,3969.8000,3970.0000,3970.8000,3971.6000,1,3,1,1,2,7,3,1,1,1
SF,IF1912,2019-11-04 09:30:25.000,3969.0000,41618,-9,453334500.000,9,0,9,双平,S,3969.0000,3968.4000,3968.2000,3968.0000,3967.8000,3969.8000,3970.0000,3970.8000,3971.6000,3972.0000,2,1,2,1,1,3,1,1,1,2
SF,IF1912,2019-11-04 09:30:25.500,3969.0000,41617,-1,454525200.000,1,0,1,双平,S,3969.0000,3968.4000,3968.2000,3968.0000,3967.8000,3969.8000,3970.0000,3970.8000,3971.6000,3972.0000,1,1,2,1,1,3,1,1,1,2
SF,IF1912,2019-11-04 09:30:26.000,3969.0000,41616,-1,455715900.000,1,0,1,双平,S,3968.4000,3968.2000,3968.0000,3967.8000,3967.6000,3969.6000,3969.8000,3970.0000,3970.8000,3971.6000,1,2,1,1,1,1,3,1,1,1
SF,IF1912,2019-11-04 09:30:26.500,3969.0000,41616,0,455715900.000,0,-,-,-,-,3969.0000,3968.4000,3968.2000,3968.0000,3967.8000,3969.6000,3969.8000,3970.0000,3970.8000,3971.6000,1,1,2,1,1,1,3,1,1,1
SF,IF1912,2019-11-04 09:30:27.000,3969.8000,41615,-1,458097720.000,2,0,2,多平,S,3969.0000,3968.4000,3968.2000,3968.0000,3967.8000,3969.8000,3970.0000,3970.8000,3971.0000,3971.6000,1,1,3,1,2,2,1,1,1,1
SF,IF1912,2019-11-04 09:30:27.500,3969.0000,41615,0,459288420.000,1,0,1,多换,S,3968.8000,3968.2000,3968.0000,3967.8000,3967.6000,3969.8000,3970.0000,3970.8000,3971.0000,3971.6000,1,3,1,2,1,2,1,1,1,1
SF,IF1912,2019-11-04 09:30:28.000,3969.0000,41613,-2,462860520.000,3,0,3,多平,S,3969.0000,3968.8000,3968.2000,3968.0000,3967.8000,3969.8000,3970.0000,3970.8000,3971.0000,3971.6000,8,2,3,1,2,2,1,1,1,1
SF,IF1912,2019-11-04 09:30:28.500,3969.8000,41611,-2,467624040.000,4,1,3,多平,S,3969.8000,3969.2000,3969.0000,3968.8000,3968.2000,3970.0000,3970.8000,3971.0000,3971.6000,3972.0000,2,5,7,2,3,1,1,1,1,2
SF,IF1912,2019-11-04 09:30:29.000,3969.8000,41611,0,468814980.000,1,0,1,多换,S,3969.8000,3969.0000,3968.8000,3968.2000,3968.0000,3970.0000,3970.8000,3971.0000,3971.6000,3972.0000,1,1,2,3,1,1,1,1,1,2
SF,IF1912,2019-11-04 09:30:29.500,3969.8000,41611,0,470005920.000,1,0,1,多换,S,3968.8000,3968.2000,3968.0000,3967.8000,3967.4000,3969.6000,3969.8000,3970.0000,3970.8000,3971.0000,2,3,1,2,1,1,1,1,1,1
SF,IF1912,2019-11-04 09:30:30.000,3970.0000,41610,-1,472387860.000,2,0,2,多平,S,3970.0000,3968.8000,3968.2000,3968.0000,3967.8000,3970.8000,3971.0000,3971.6000,3972.0000,3972.2000,1,1,3,1,2,1,1,1,2,1
SF,IF1912,2019-11-04 09:30:30.500,3970.0000,41609,-1,477151800.000,4,1,3,多平,S,3969.8000,3968.8000,3968.2000,3968.0000,3967.8000,3970.0000,3970.2000,3970.4000,3970.6000,3970.8000,1,1,2,1,2,2,1,2,3,1
SF,IF1912,2019-11-04 09:30:31.000,3970.0000,41608,-1,478342800.000,1,0,1,双平,S,3970.0000,3969.8000,3968.8000,3968.2000,3968.0000,3970.8000,3971.0000,3971.6000,3972.0000,3972.2000,1,1,1,3,1,1,1,1,2,1
SF,IF1912,2019-11-04 09:30:31.500,3970.0000,41606,-2,480724980.000,2,0,2,双平,S,3969.8000,3968.8000,3968.2000,3968.0000,3967.8000,3970.6000,3970.8000,3971.0000,3971.6000,3972.0000,1,1,3,1,2,1,1,1,1,2
SF,IF1912,2019-11-04 09:30:32.000,3970.0000,41606,0,480724980.000,0,-,-,-,-,3970.0000,3969.8000,3968.8000,3968.2000,3968.0000,3970.6000,3970.8000,3971.0000,3971.6000,3972.0000,1,1,1,3,1,1,1,1,1,2
SF,IF1912,2019-11-04 09:30:32.500,3969.8000,41607,1,483106920.000,2,1,1,空开,S,3970.0000,3968.8000,3968.2000,3968.0000,3967.8000,3970.4000,3970.6000,3970.8000,3971.0000,3971.6000,1,1,3,2,2,2,1,1,1,1
SF,IF1912,2019-11-04 09:30:33.000,3970.0000,41606,-1,484297920.000,1,0,1,双平,S,3970.0000,3968.8000,3968.2000,3968.0000,3967.8000,3970.2000,3970.4000,3970.8000,3971.0000,3971.6000,1,1,3,2,2,1,1,1,1,1
SF,IF1912,2019-11-04 09:30:33.500,3970.2000,41604,-2,487870980.000,3,0,3,多平,S,3968.8000,3968.2000,3968.0000,3967.8000,3967.4000,3970.2000,3970.8000,3971.0000,3971.6000,3972.0000,1,3,2,2,1,1,1,1,1,2
SF,IF1912,2019-11-04 09:30:34.000,3970.2000,41604,0,492634800.000,4,2,2,多换,S,3968.2000,3968.0000,3967.8000,3967.4000,3967.2000,3970.0000,3970.8000,3971.0000,3971.6000,3972.0000,3,2,2,1,3,1,1,1,1,3
SF,IF1912,2019-11-04 09:30:34.500,3970.2000,41604,0,492634800.000,0,-,-,-,-,3968.4000,3968.2000,3968.0000,3967.8000,3967.4000,3969.8000,3970.0000,3970.2000,3970.4000,3970.8000,1,2,2,2,1,3,1,1,1,1
SF,IF1912,2019-11-04 09:30:35.000,3970.4000,41604,0,497398800.000,4,2,2,多换,S,3970.2000,3970.0000,3969.2000,3968.8000,3968.6000,3970.4000,3970.8000,3971.0000,3971.6000,3972.0000,2,1,5,1,11,1,1,1,1,3
SF,IF1912,2019-11-04 09:30:35.500,3970.0000,41601,-3,502162920.000,4,0,4,多平,S,3968.8000,3968.6000,3968.2000,3968.0000,3967.8000,3970.0000,3970.2000,3970.4000,3970.8000,3971.0000,1,2,2,2,2,1,2,2,1,1
SF,IF1912,2019-11-04 09:30:36.000,3970.2000,41600,-1,504544980.000,2,0,2,多平,S,3969.8000,3968.6000,3968.2000,3968.0000,3967.8000,3970.4000,3970.8000,3971.0000,3971.6000,3972.0000,1,1,2,2,2,1,1,2,1,3
SF,IF1912,2019-11-04 09:30:36.500,3969.8000,41601,1,511690620.000,6,3,3,空开,S,3968.6000,3968.2000,3968.0000,3967.8000,3967.0000,3970.0000,3970.2000,3970.4000,3970.8000,3971.0000,1,1,2,1,1,2,14,2,1,2
SF,IF1912,2019-11-04 09:30:37.000,3968.6000,41600,-1,512881200.000,1,0,1,双平,S,3968.2000,3968.0000,3967.8000,3967.0000,3966.4000,3969.8000,3970.2000,3970.4000,3970.8000,3971.0000,1,2,1,2,5,1,8,1,1,2
SF,IF1912,2019-11-04 09:30:37.500,3969.8000,41599,-1,516453960.000,3,1,2,多平,S,3968.4000,3968.2000,3968.0000,3967.8000,3967.0000,3970.2000,3970.4000,3970.8000,3971.0000,3971.6000,1,1,3,1,2,8,1,1,2,1
SF,IF1912,2019-11-04 09:30:38.000,3969.4000,41599,0,518835300.000,2,1,1,多换,S,3968.2000,3968.0000,3967.8000,3967.0000,3966.4000,3968.8000,3969.6000,3969.8000,3970.0000,3970.2000,1,3,1,2,5,1,1,3,1,13
SF,IF1912,2019-11-04 09:30:38.500,3967.8000,41595,-4,524787300.000,5,0,5,多平,S,3967.0000,3966.4000,3965.8000,3965.0000,3964.4000,3968.8000,3969.8000,3970.2000,3970.4000,3970.8000,2,5,6,11,2,1,4,13,1,1
SF,IF1912,2019-11-04 09:30:39.000,3968.6000,41594,-1,525977880.000,1,0,1,双平,S,3967.2000,3967.0000,3966.4000,3965.8000,3965.0000,3968.8000,3969.2000,3969.8000,3970.0000,3970.2000,6,2,5,6,11,1,1,4,6,14
SF,IF1912,2019-11-04 09:30:39.500,3968.6000,41594,0,525977880.000,0,-,-,-,-,3968.4000,3967.4000,3967.2000,3967.0000,3966.4000,3968.6000,3968.8000,3969.0000,3969.2000,3969.8000,1,2,1,2,5,1,1,1,1,4
SF,IF1912,2019-11-04 09:30:40.000,3967.4000,41593,-1,528358620.000,2,0,2,多平,S,3967.0000,3966.4000,3965.8000,3965.0000,3963.8000,3967.4000,3968.2000,3968.4000,3968.6000,3968.8000,1,5,6,11,1,1,1,1,2,1
SF,IF1912,2019-11-04 09:30:40.500,3967.4000,41590,-3,531929280.000,3,0,3,双平,S,3967.2000,3967.0000,3966.4000,3966.0000,3965.8000,3967.8000,3968.6000,3968.8000,3969.0000,3969.8000,1,1,5,1,6,1,2,1,2,4
SF,IF1912,2019-11-04 09:30:41.000,3967.2000,41589,-1,533119440.000,1,0,1,双平,S,3966.4000,3966.0000,3965.8000,3965.0000,3963.8000,3967.2000,3968.6000,3968.8000,3969.0000,3969.8000,5,1,6,11,1,1,2,1,2,4
SF,IF1912,2019-11-04 09:30:41.500,3968.6000,41587,-2,537880560.000,4,1,3,多平,S,3968.6000,3966.4000,3966.0000,3965.8000,3965.0000,3968.8000,3969.0000,3969.8000,3970.0000,3970.2000,2,5,1,6,11,1,1,4,6,13
SF,IF1912,2019-11-04 09:30:42.000,3968.6000,41587,0,540261720.000,2,1,1,多换,S,3966.4000,3965.8000,3965.0000,3963.8000,3963.6000,3967.8000,3968.2000,3968.4000,3968.6000,3968.8000,5,6,11,1,3,1,3,5,20,4
SF,IF1912,2019-11-04 09:30:42.500,3968.6000,41587,0,540261720.000,0,-,-,-,-,3966.4000,3965.8000,3965.2000,3965.0000,3963.8000,3967.2000,3967.8000,3968.0000,3968.2000,3968.4000,5,6,1,11,1,1,1,1,2,4
SF,IF1912,2019-11-04 09:30:43.000,3966.6000,41587,0,541451700.000,1,0,1,多换,S,3966.6000,3966.4000,3965.8000,3965.2000,3965.0000,3967.0000,3967.2000,3968.0000,3968.2000,3968.4000,1,5,6,1,11,1,1,1,3,4
SF,IF1912,2019-11-04 09:30:43.500,3966.6000,41586,-1,542641680.000,1,0,1,双平,S,3966.4000,3965.8000,3965.2000,3965.0000,3963.8000,3967.0000,3967.2000,3968.0000,3968.2000,3968.4000,5,6,1,11,1,1,1,1,3,4
SF,IF1912,2019-11-04 09:30:44.000,3967.2000,41584,-2,546212100.000,3,0,3,多平,S,3967.8000,3967.2000,3966.6000,3966.4000,3965.8000,3968.0000,3968.2000,3968.4000,3968.6000,3968.8000,2,1,1,5,6,1,2,5,11,3
SF,IF1912,2019-11-04 09:30:44.500,3966.4000,41582,-2,550972860.000,4,1,3,多平,S,3966.4000,3965.8000,3965.4000,3965.2000,3965.0000,3967.6000,3967.8000,3968.0000,3968.2000,3968.4000,4,6,1,1,11,4,4,4,2,4
SF,IF1912,2019-11-04 09:30:45.000,3966.4000,41582,0,550972860.000,0,-,-,-,-,3967.0000,3966.4000,3966.0000,3965.8000,3965.4000,3967.4000,3967.6000,3967.8000,3968.0000,3968.2000,1,5,1,6,1,1,3,4,3,2
SF,IF1912,2019-11-04 09:30:45.500,3967.0000,41582,0,552162960.000,1,0,1,多换,S,3966.4000,3966.0000,3965.8000,3965.4000,3965.2000,3967.2000,3967.4000,3967.6000,3967.8000,3968.0000,5,1,6,1,1,1,2,4,3,4
SF,IF1912,2019-11-04 09:30:46.000,3966.4000,41582,0,554542800.000,2,1,1,多换,S,3966.4000,3966.0000,3965.8000,3965.4000,3965.2000,3967.0000,3967.2000,3967.4000,3967.6000,3967.8000,2,1,6,1,1,1,1,1,4,3
SF,IF1912,2019-11-04 09:30:46.500,3967.2000,41580,-2,556923060.000,2,0,2,双平,S,3967.4000,3967.0000,3966.4000,3966.0000,3965.8000,3967.6000,3967.8000,3968.0000,3968.2000,3968.4000,7,1,2,1,6,4,3,4,3,3
SF,IF1912,2019-11-04 09:30:47.000,3967.4000,41574,-6,565254600.000,7,0,7,多平,S,3966.4000,3966.0000,3965.8000,3965.4000,3965.2000,3967.0000,3967.6000,3967.8000,3968.0000,3968.2000,2,2,6,1,1,1,4,3,4,2
SF,IF1912,2019-11-04 09:30:47.500,3967.0000,41573,-1,567634800.000,2,0,2,多平,S,3967.2000,3967.0000,3966.8000,3966.6000,3966.4000,3967.6000,3968.0000,3968.2000,3968.4000,3968.6000,1,2,2,2,3,1,2,2,3,5
SF,IF1912,2019-11-04 09:30:48.000,3967.0000,41572,-1,568824900.000,1,0,1,双平,S,3967.0000,3966.8000,3966.6000,3966.4000,3966.2000,3967.4000,3967.6000,3968.0000,3968.6000,3968.8000,2,1,1,2,1,1,1,2,5,2
SF,IF1912,2019-11-04 09:30:48.500,3967.6000,41571,-1,571205400.000,2,0,2,多平,S,3966.6000,3966.4000,3966.2000,3966.0000,3965.8000,3968.0000,3968.6000,3968.8000,3969.0000,3969.2000,1,2,1,2,7,1,4,2,1,2
SF,IF1912,2019-11-04 09:30:49.000,3967.6000,41571,0,571205400.000,0,-,-,-,-,3966.6000,3966.4000,3966.2000,3966.0000,3965.8000,3967.8000,3968.0000,3968.6000,3968.8000,3969.0000,1,2,1,2,7,1,1,3,2,1
SF,IF1912,2019-11-04 09:30:49.500,3967.6000,41572,1,572395680.000,1,1,0,双开,S,3966.4000,3966.2000,3966.0000,3965.8000,3965.4000,3967.0000,3967.6000,3967.8000,3968.0000,3968.6000,2,1,2,7,1,2,1,1,1,3
SF,IF1912,2019-11-04 09:30:50.000,3967.6000,41573,1,575966160.000,3,2,1,空开,S,3966.4000,3966.2000,3966.0000,3965.8000,3965.4000,3967.8000,3968.0000,3968.6000,3968.8000,3969.0000,2,1,3,7,1,1,2,3,2,1
SF,IF1912,2019-11-04 09:30:50.500,3966.8000,41573,0,577156200.000,1,0,1,多换,S,3966.4000,3966.2000,3966.0000,3965.8000,3965.4000,3967.0000,3967.6000,3967.8000,3968.0000,3968.6000,2,1,4,7,1,2,2,1,2,3
SF,IF1912,2019-11-04 09:30:51.000,3966.8000,41572,-1,578346240.000,1,0,1,双平,S,3966.4000,3966.2000,3966.0000,3965.8000,3965.4000,3967.0000,3967.6000,3967.8000,3968.0000,3968.6000,4,1,4,7,1,2,2,1,2,3
SF,IF1912,2019-11-04 09:30:51.500,3966.4000,41572,0,580726080.000,2,1,1,多换,S,3966.4000,3966.2000,3966.0000,3965.8000,3965.4000,3967.0000,3967.6000,3967.8000,3968.0000,3968.6000,2,1,4,7,1,2,2,2,2,3
SF,IF1912,2019-11-04 09:30:52.000,3966.4000,41570,-2,583105920.000,2,0,2,双平,S,3966.2000,3966.0000,3965.8000,3965.4000,3965.2000,3967.0000,3967.6000,3967.8000,3968.0000,3968.6000,1,4,7,1,1,2,2,1,2,3
SF,IF1912,2019-11-04 09:30:52.500,3967.0000,41570,0,584296020.000,1,0,1,多换,S,3966.2000,3966.0000,3965.8000,3965.4000,3965.2000,3967.0000,3967.6000,3968.0000,3968.6000,3968.8000,1,4,7,1,1,1,2,3,3,2
SF,IF1912,2019-11-04 09:30:53.000,3967.6000,41571,1,587866500.000,3,2,1,空开,S,3966.6000,3966.2000,3966.0000,3965.8000,3965.4000,3967.6000,3968.0000,3968.6000,3968.8000,3969.0000,1,1,4,7,1,1,3,3,2,1
SF,IF1912,2019-11-04 09:30:53.500,3967.6000,41571,0,587866500.000,0,-,-,-,-,3966.6000,3966.0000,3965.8000,3965.4000,3965.2000,3967.4000,3967.6000,3968.0000,3968.6000,3968.8000,1,4,7,1,1,2,2,3,3,2
SF,IF1912,2019-11-04 09:30:54.000,3967.6000,41571,0,587866500.000,0,-,-,-,-,3967.0000,3966.6000,3966.0000,3965.8000,3965.4000,3967.2000,3967.4000,3967.6000,3967.8000,3968.0000,2,1,4,7,1,1,2,3,1,3
SF,IF1912,2019-11-04 09:30:54.500,3966.6000,41569,-2,591436680.000,3,0,3,多平,S,3966.0000,3965.8000,3965.4000,3965.2000,3965.0000,3967.4000,3967.6000,3967.8000,3968.0000,3968.2000,4,7,1,1,18,1,3,1,3,1
SF,IF1912,2019-11-04 09:30:55.000,3966.6000,41569,0,591436680.000,0,-,-,-,-,3966.4000,3966.0000,3965.8000,3965.4000,3965.2000,3966.6000,3967.0000,3967.2000,3967.4000,3967.6000,1,4,7,1,1,2,1,4,2,4
SF,IF1912,2019-11-04 09:30:55.500,3966.6000,41567,-2,595006620.000,3,0,3,多平,S,3966.6000,3966.4000,3966.0000,3965.8000,3965.4000,3967.4000,3967.6000,3967.8000,3968.0000,3968.2000,1,1,4,7,1,2,2,2,3,1
SF,IF1912,2019-11-04 09:30:56.000,3966.6000,41566,-1,596196600.000,1,0,1,双平,S,3966.4000,3966.0000,3965.8000,3965.4000,3965.2000,3967.4000,3967.6000,3967.8000,3968.0000,3968.2000,2,4,7,1,1,2,2,2,3,1
SF,IF1912,2019-11-04 09:30:56.500,3966.4000,41565,-1,597386520.000,1,0,1,双平,S,3966.6000,3966.4000,3966.0000,3965.8000,3965.4000,3967.4000,3967.6000,3967.8000,3968.0000,3968.6000,1,2,7,7,1,2,1,2,3,1
SF,IF1912,2019-11-04 09:30:57.000,3966.4000,41565,0,597386520.000,0,-,-,-,-,3966.6000,3966.4000,3966.0000,3965.8000,3965.4000,3967.4000,3967.6000,3967.8000,3968.0000,3968.6000,1,2,7,7,1,1,1,2,3,1
SF,IF1912,2019-11-04 09:30:57.500,3966.4000,41565,0,597386520.000,0,-,-,-,-,3966.6000,3966.4000,3966.0000,3965.8000,3965.4000,3967.2000,3967.4000,3967.6000,3967.8000,3968.0000,1,2,7,7,1,1,1,1,2,3
SF,IF1912,2019-11-04 09:30:58.000,3966.6000,41564,-1,598576500.000,1,0,1,双平,S,3966.4000,3966.0000,3965.8000,3965.4000,3965.2000,3967.2000,3967.4000,3967.6000,3967.8000,3968.0000,1,7,7,1,1,1,1,1,2,3
SF,IF1912,2019-11-04 09:30:58.500,3966.4000,41565,1,599766420.000,1,1,0,双开,S,3966.0000,3965.8000,3965.4000,3965.2000,3965.0000,3967.2000,3967.4000,3967.6000,3967.8000,3968.0000,7,7,1,1,18,1,1,1,2,2
SF,IF1912,2019-11-04 09:30:59.000,3966.4000,41565,0,599766420.000,0,-,-,-,-,3966.2000,3966.0000,3965.8000,3965.4000,3965.2000,3967.2000,3967.4000,3967.6000,3967.8000,3968.0000,2,8,7,1,1,1,1,1,2,1
SF,IF1912,2019-11-04 09:30:59.500,3967.2000,41564,-1,600956580.000,1,0,1,双平,S,3966.2000,3966.0000,3965.8000,3965.4000,3965.2000,3967.4000,3967.6000,3967.8000,3968.0000,3968.8000,2,8,7,1,1,1,1,2,1,1
SF,IF1912,2019-11-04 09:31:00.000,3966.4000,41562,-2,605716560.000,4,1,3,多平,S,3966.2000,3966.0000,3965.8000,3965.4000,3965.2000,3967.6000,3967.8000,3968.0000,3968.8000,3969.0000,3,8,7,1,1,1,2,1,1,1
SF,IF1912,2019-11-04 09:31:00.500,3967.6000,41562,0,606906840.000,1,0,1,多换,S,3966.4000,3966.2000,3966.0000,3965.8000,3965.4000,3966.6000,3967.8000,3968.0000,3968.8000,3969.0000,3,3,8,7,1,1,2,1,1,1
SF,IF1912,2019-11-04 09:31:01.000,3966.6000,41561,-1,608096820.000,1,0,1,双平,S,3966.8000,3966.6000,3966.4000,3966.2000,3966.0000,3967.8000,3968.0000,3968.2000,3968.8000,3969.0000,1,7,2,1,8,2,1,1,1,1
SF,IF1912,2019-11-04 09:31:01.500,3967.8000,41556,-5,614048340.000,5,0,5,双平,S,3967.0000,3966.8000,3966.6000,3966.2000,3966.0000,3968.0000,3968.8000,3969.0000,3969.4000,3969.8000,2,1,7,1,8,1,1,1,2,5
SF,IF1912,2019-11-04 09:31:02.000,3967.8000,41556,0,614048340.000,0,-,-,-,-,3967.6000,3967.0000,3966.6000,3966.0000,3965.8000,3967.8000,3968.0000,3968.8000,3969.0000,3969.4000,2,2,7,8,7,3,2,1,2,2
SF,IF1912,2019-11-04 09:31:02.500,3967.8000,41552,-4,622380480.000,7,1,6,多平,S,3966.6000,3966.0000,3965.8000,3965.4000,3965.2000,3967.8000,3968.0000,3969.0000,3969.4000,3969.8000,8,8,7,1,1,1,2,2,2,5
SF,IF1912,2019-11-04 09:31:03.000,3966.8000,41550,-2,625951260.000,3,0,3,多平,S,3966.8000,3966.6000,3966.0000,3965.8000,3965.4000,3967.6000,3968.0000,3969.0000,3969.4000,3969.8000,4,5,8,7,1,1,1,1,2,5
SF,IF1912,2019-11-04 09:31:03.500,3968.0000,41548,-2,628331940.000,2,0,2,双平,S,3967.2000,3967.0000,3966.8000,3966.6000,3966.0000,3969.0000,3969.4000,3969.8000,3970.0000,3970.4000,1,2,4,5,8,1,2,5,7,1
SF,IF1912,2019-11-04 09:31:04.000,3968.0000,41548,0,628331940.000,0,-,-,-,-,3967.4000,3967.0000,3966.8000,3966.6000,3966.0000,3967.6000,3968.8000,3969.0000,3969.4000,3969.8000,3,2,3,5,8,2,3,1,2,5
SF,IF1912,2019-11-04 09:31:04.500,3967.6000,41543,-5,634283340.000,5,0,5,双平,S,3967.6000,3967.4000,3967.0000,3966.8000,3966.6000,3969.0000,3969.4000,3969.8000,3970.0000,3970.4000,9,2,2,3,3,1,2,5,7,1
SF,IF1912,2019-11-04 09:31:05.000,3967.6000,41542,-1,635473620.000,1,0,1,双平,S,3967.8000,3967.6000,3967.4000,3967.0000,3966.8000,3969.0000,3969.4000,3969.8000,3970.0000,3970.4000,2,6,1,2,2,1,2,5,7,1
SF,IF1912,2019-11-04 09:31:05.500,3967.6000,41542,0,635473620.000,0,-,-,-,-,3967.8000,3967.6000,3967.4000,3967.0000,3966.8000,3969.0000,3969.4000,3969.8000,3970.0000,3970.4000,2,7,1,2,2,1,2,5,7,1
SF,IF1912,2019-11-04 09:31:06.000,3967.6000,41540,-2,639044580.000,3,0,3,多平,S,3967.6000,3967.4000,3967.0000,3966.8000,3966.6000,3968.0000,3969.0000,3969.4000,3969.8000,3970.0000,6,1,2,3,3,1,1,1,5,8
SF,IF1912,2019-11-04 09:31:06.500,3969.0000,41540,0,641425680.000,2,1,1,多换,S,3968.0000,3967.8000,3967.6000,3967.4000,3967.0000,3969.8000,3970.0000,3970.4000,3970.6000,3970.8000,3,2,3,1,2,5,8,1,1,1
SF,IF1912,2019-11-04 09:31:07.000,3969.0000,41540,0,641425680.000,0,-,-,-,-,3968.2000,3968.0000,3967.8000,3967.6000,3967.0000,3969.6000,3969.8000,3970.0000,3970.4000,3970.6000,3,4,1,3,2,3,4,8,1,1
SF,IF1912,2019-11-04 09:31:07.500,3969.0000,41540,0,641425680.000,0,-,-,-,-,3969.0000,3968.2000,3968.0000,3967.8000,3967.6000,3969.6000,3969.8000,3970.0000,3970.4000,3970.6000,2,3,4,1,3,2,4,8,1,1
SF,IF1912,2019-11-04 09:31:08.000,3969.0000,41540,0,642616380.000,1,0,1,多换,S,3969.0000,3968.2000,3968.0000,3967.8000,3967.6000,3969.6000,3969.8000,3970.0000,3970.4000,3970.6000,1,2,4,1,3,1,4,8,1,1
SF,IF1912,2019-11-04 09:31:08.500,3968.0000,41539,-1,648569280.000,5,2,3,多平,S,3968.0000,3967.6000,3967.0000,3966.8000,3966.6000,3969.8000,3970.0000,3970.4000,3970.6000,3970.8000,4,2,2,2,2,4,8,1,2,1
SF,IF1912,2019-11-04 09:31:09.000,3968.0000,41539,0,648569280.000,0,-,-,-,-,3969.2000,3969.0000,3968.6000,3968.2000,3968.0000,3969.6000,3969.8000,3970.0000,3970.4000,3970.6000,1,2,5,13,4,1,4,8,1,1
SF,IF1912,2019-11-04 09:31:09.500,3969.0000,41538,-1,650950920.000,2,0,2,多平,S,3969.0000,3968.2000,3968.0000,3967.8000,3967.6000,3969.6000,3969.8000,3970.0000,3970.4000,3970.6000,1,8,3,1,2,1,3,8,1,1
SF,IF1912,2019-11-04 09:31:10.000,3969.8000,41536,-2,659287500.000,7,2,5,多平,S,3969.8000,3969.2000,3969.0000,3968.2000,3968.0000,3970.0000,3970.4000,3970.6000,3970.8000,3971.0000,1,8,1,5,2,7,1,1,1,1
SF,IF1912,2019-11-04 09:31:10.500,3970.6000,41531,-5,670006800.000,9,2,7,多平,S,3970.4000,3970.0000,3969.8000,3969.2000,3969.0000,3970.8000,3971.0000,3971.6000,3972.0000,3972.2000,2,1,1,6,1,1,1,1,2,1
SF,IF1912,2019-11-04 09:31:11.000,3971.0000,41530,-1,672389340.000,2,0,2,多平,S,3971.0000,3970.6000,3970.4000,3970.2000,3970.0000,3971.6000,3972.0000,3972.2000,3972.6000,3973.0000,1,7,4,1,1,1,2,1,1,4
SF,IF1912,2019-11-04 09:31:11.500,3971.0000,41530,0,675963240.000,3,1,2,多换,S,3969.2000,3969.0000,3968.8000,3968.2000,3968.0000,3971.0000,3971.4000,3971.6000,3972.0000,3972.2000,5,1,1,2,1,1,2,1,2,1
SF,IF1912,2019-11-04 09:31:12.000,3971.0000,41532,2,680728620.000,4,3,1,空开,S,3970.6000,3970.2000,3969.8000,3969.6000,3969.4000,3970.8000,3972.0000,3972.2000,3972.6000,3973.0000,1,5,5,1,19,1,2,1,1,4
SF,IF1912,2019-11-04 09:31:12.500,3970.8000,41531,-1,684302700.000,3,1,2,多平,S,3970.8000,3970.6000,3970.2000,3969.8000,3969.6000,3972.0000,3972.2000,3972.6000,3973.0000,3973.2000,1,2,5,5,2,1,2,1,4,1
SF,IF1912,2019-11-04 09:31:13.000,3970.8000,41531,0,684302700.000,0,-,-,-,-,3971.0000,3970.8000,3970.6000,3970.4000,3970.2000,3972.0000,3972.2000,3972.6000,3973.0000,3973.2000,5,3,1,1,5,1,1,1,4,1
SF,IF1912,2019-11-04 09:31:13.500,3970.8000,41531,0,684302700.000,0,-,-,-,-,3971.8000,3971.2000,3971.0000,3970.8000,3970.6000,3972.0000,3972.2000,3973.0000,3973.2000,3973.4000,1,3,7,1,1,1,1,4,1,1
SF,IF1912,2019-11-04 09:31:14.000,3972.0000,41529,-2,690260460.000,5,1,4,多平,S,3972.0000,3971.8000,3971.2000,3971.0000,3970.8000,3972.2000,3973.0000,3973.2000,3973.4000,3974.8000,1,1,2,7,1,1,4,1,1,1
SF,IF1912,2019-11-04 09:31:14.500,3972.0000,41528,-1,691452060.000,1,0,1,双平,S,3971.8000,3971.2000,3971.0000,3970.8000,3970.6000,3972.0000,3972.2000,3973.0000,3973.2000,3973.4000,1,2,7,1,2,2,1,4,1,1
SF,IF1912,2019-11-04 09:31:15.000,3972.0000,41528,0,691452060.000,0,-,-,-,-,3972.0000,3971.2000,3971.0000,3970.8000,3970.6000,3972.2000,3973.0000,3973.2000,3973.4000,3974.8000,2,2,6,1,1,1,4,1,1,1
SF,IF1912,2019-11-04 09:31:15.500,3972.0000,41528,0,691452060.000,0,-,-,-,-,3972.0000,3971.2000,3971.0000,3970.8000,3970.6000,3972.2000,3973.0000,3973.2000,3973.4000,3974.8000,1,2,6,1,1,1,4,1,1,1
SF,IF1912,2019-11-04 09:31:16.000,3972.2000,41528,0,692643720.000,1,0,1,多换,S,3972.2000,3972.0000,3971.2000,3971.0000,3970.8000,3973.0000,3973.2000,3973.4000,3974.8000,3976.0000,1,1,2,6,1,4,1,1,1,3
SF,IF1912,2019-11-04 09:31:16.500,3972.2000,41529,1,699794820.000,6,3,3,空开,S,3972.2000,3972.0000,3971.4000,3971.2000,3971.0000,3973.2000,3973.4000,3974.0000,3974.8000,3976.0000,1,1,1,2,1,5,1,1,1,3
SF,IF1912,2019-11-04 09:31:17.000,3972.2000,41529,0,699794820.000,0,-,-,-,-,3972.2000,3972.0000,3971.2000,3971.0000,3970.8000,3973.0000,3973.2000,3973.4000,3974.8000,3976.0000,1,1,2,1,1,1,5,1,1,3
SF,IF1912,2019-11-04 09:31:17.500,3972.2000,41529,0,699794820.000,0,-,-,-,-,3973.0000,3972.4000,3972.2000,3972.0000,3971.4000,3973.2000,3973.4000,3974.8000,3976.0000,3977.4000,1,1,1,1,1,5,1,1,3,5
SF,IF1912,2019-11-04 09:31:18.000,3973.2000,41522,-7,711714180.000,10,1,9,多平,S,3973.2000,3973.0000,3972.4000,3972.2000,3972.0000,3973.4000,3974.8000,3976.0000,3977.4000,3977.8000,4,15,1,1,1,1,1,3,5,2
SF,IF1912,2019-11-04 09:31:18.500,3973.2000,41521,-1,712906140.000,1,0,1,双平,S,3973.6000,3973.4000,3973.2000,3973.0000,3972.4000,3974.2000,3974.8000,3976.0000,3977.4000,3977.8000,1,5,5,31,1,1,1,3,5,2
SF,IF1912,2019-11-04 09:31:19.000,3974.0000,41517,-4,720058680.000,6,1,5,多平,S,3974.2000,3973.2000,3973.0000,3972.4000,3972.2000,3974.8000,3976.0000,3977.4000,3977.8000,3978.0000,4,5,31,2,2,1,1,5,2,16
SF,IF1912,2019-11-04 09:31:19.500,3974.0000,41517,0,722443080.000,2,1,1,多换,S,3974.2000,3973.2000,3973.0000,3972.4000,3972.2000,3974.6000,3974.8000,3975.4000,3976.0000,3977.4000,2,5,31,2,2,1,1,1,1,5
SF,IF1912,2019-11-04 09:31:20.000,3974.0000,41517,0,722443080.000,0,-,-,-,-,3974.2000,3973.2000,3973.0000,3972.4000,3972.2000,3974.6000,3974.8000,3975.4000,3976.0000,3977.4000,3,7,32,2,2,1,1,1,1,5
SF,IF1912,2019-11-04 09:31:20.500,3974.0000,41517,0,722443080.000,0,-,-,-,-,3974.2000,3973.4000,3973.2000,3973.0000,3972.4000,3974.4000,3974.6000,3974.8000,3975.4000,3976.0000,3,1,7,32,2,1,1,1,1,1
SF,IF1912,2019-11-04 09:31:21.000,3974.8000,41517,0,727212540.000,4,2,2,多换,S,3974.6000,3974.2000,3973.4000,3973.2000,3973.0000,3975.4000,3976.0000,3977.4000,3977.8000,3978.0000,1,3,1,7,32,1,1,5,2,16
SF,IF1912,2019-11-04 09:31:21.500,3975.2000,41516,-1,728405100.000,1,0,1,双平,S,3974.8000,3974.6000,3974.2000,3973.4000,3973.2000,3975.4000,3976.0000,3977.8000,3978.0000,3978.8000,1,1,3,1,7,1,1,2,16,2
SF,IF1912,2019-11-04 09:31:22.000,3976.0000,41515,-1,731982960.000,3,1,2,多平,S,3975.4000,3974.2000,3973.4000,3973.2000,3973.0000,3977.8000,3978.0000,3978.8000,3979.0000,3979.2000,2,4,1,7,31,2,16,2,3,1
SF,IF1912,2019-11-04 09:31:22.500,3974.2000,41515,0,735560460.000,3,1,2,多换,S,3974.2000,3973.4000,3973.2000,3973.0000,3972.4000,3975.4000,3975.6000,3975.8000,3976.0000,3976.2000,3,1,7,31,1,2,5,1,1,6
SF,IF1912,2019-11-04 09:31:23.000,3975.4000,41514,-1,737945700.000,2,0,2,多平,S,3974.4000,3974.2000,3973.4000,3973.2000,3973.0000,3975.6000,3976.2000,3976.8000,3977.0000,3977.2000,1,4,1,7,31,5,6,1,1,2
SF,IF1912,2019-11-04 09:31:23.500,3975.6000,41515,1,740331000.000,2,1,1,空开,S,3975.4000,3974.4000,3974.2000,3973.4000,3973.2000,3975.6000,3976.2000,3976.8000,3977.0000,3977.2000,6,1,4,1,7,4,6,1,1,2
SF,IF1912,2019-11-04 09:31:24.000,3974.2000,41510,-5,748678980.000,7,1,6,多平,S,3974.2000,3973.4000,3973.2000,3973.0000,3972.4000,3975.4000,3975.6000,3976.2000,3976.8000,3977.0000,3,1,7,32,1,1,5,6,1,1
SF,IF1912,2019-11-04 09:31:24.500,3975.6000,41510,0,751064280.000,2,1,1,多换,S,3974.4000,3974.2000,3973.4000,3973.2000,3973.0000,3975.6000,3976.2000,3976.8000,3977.0000,3977.2000,2,4,1,7,32,1,1,1,1,2
SF,IF1912,2019-11-04 09:31:25.000,3975.6000,41505,-5,757027680.000,5,0,5,双平,S,3974.2000,3973.4000,3973.2000,3973.0000,3972.4000,3975.4000,3975.6000,3976.2000,3976.8000,3977.0000,3,1,7,32,1,4,2,1,1,1
SF,IF1912,2019-11-04 09:31:25.500,3975.6000,41506,1,759413040.000,2,1,1,空开,S,3974.4000,3974.2000,3973.4000,3973.2000,3973.0000,3975.0000,3975.2000,3975.4000,3975.6000,3976.2000,1,2,1,7,31,2,2,5,3,1
SF,IF1912,2019-11-04 09:31:26.000,3975.0000,41508,2,764182860.000,4,3,1,空开,S,3975.0000,3974.2000,3973.4000,3973.2000,3973.0000,3975.2000,3975.4000,3975.6000,3975.8000,3976.2000,7,2,1,8,31,2,5,4,1,1
SF,IF1912,2019-11-04 09:31:26.500,3974.2000,41508,0,773722620.000,8,4,4,多换,S,3974.2000,3973.4000,3973.2000,3973.0000,3972.4000,3974.6000,3975.0000,3975.2000,3975.4000,3975.6000,1,1,7,31,1,1,10,3,7,4
SF,IF1912,2019-11-04 09:31:27.000,3973.4000,41508,0,776106900.000,2,1,1,多换,S,3973.2000,3973.0000,3972.4000,3972.2000,3972.0000,3974.4000,3974.6000,3975.0000,3975.2000,3975.4000,7,30,1,1,1,1,1,7,3,7
SF,IF1912,2019-11-04 09:31:27.500,3973.2000,41506,-2,780875520.000,4,1,3,多平,S,3973.2000,3973.0000,3972.4000,3972.2000,3972.0000,3974.2000,3975.0000,3975.2000,3975.4000,3975.6000,6,30,2,1,1,1,4,3,7,5
SF,IF1912,2019-11-04 09:31:28.000,3974.2000,41505,-1,782067780.000,1,0,1,双平,S,3973.2000,3973.0000,3972.4000,3972.2000,3972.0000,3975.0000,3975.2000,3975.4000,3975.6000,3976.2000,6,30,1,1,1,5,3,7,5,1
SF,IF1912,2019-11-04 09:31:28.500,3974.2000,41505,0,783260040.000,1,0,1,多换,S,3973.4000,3973.2000,3973.0000,3972.4000,3972.2000,3974.4000,3974.6000,3974.8000,3975.0000,3975.2000,1,6,30,1,1,1,7,13,5,4
SF,IF1912,2019-11-04 09:31:29.000,3973.2000,41504,-1,784452000.000,1,0,1,双平,S,3973.2000,3973.0000,3972.4000,3972.2000,3972.0000,3974.2000,3974.6000,3974.8000,3975.0000,3975.2000,5,30,1,1,1,1,1,4,5,4
SF,IF1912,2019-11-04 09:31:29.500,3974.6000,41504,0,786836760.000,2,1,1,多换,S,3973.4000,3973.2000,3973.0000,3972.4000,3972.2000,3974.2000,3974.8000,3975.0000,3975.2000,3975.4000,1,5,30,1,1,2,4,5,4,7
SF,IF1912,2019-11-04 09:31:30.000,3973.4000,41504,0,788028780.000,1,0,1,多换,S,3973.2000,3973.0000,3972.2000,3972.0000,3971.4000,3974.0000,3974.2000,3974.8000,3975.0000,3975.2000,5,30,1,1,1,1,2,4,5,4
SF,IF1912,2019-11-04 09:31:30.500,3974.0000,41503,-1,795181200.000,6,2,4,多平,S,3974.0000,3973.2000,3973.0000,3972.2000,3972.0000,3974.6000,3974.8000,3975.0000,3975.2000,3975.4000,13,3,30,1,2,1,4,5,5,7
SF,IF1912,2019-11-04 09:31:31.000,3974.4000,41492,-11,822602280.000,23,6,17,多平,S,3973.2000,3973.0000,3972.2000,3972.0000,3971.4000,3974.4000,3974.6000,3974.8000,3975.0000,3975.2000,1,31,1,1,1,20,2,2,4,4
SF,IF1912,2019-11-04 09:31:31.500,3973.4000,41492,0,823794300.000,1,0,1,多换,S,3973.2000,3973.0000,3972.4000,3972.2000,3972.0000,3974.0000,3974.2000,3974.4000,3974.6000,3974.8000,1,31,1,1,1,1,3,16,1,2
SF,IF1912,2019-11-04 09:31:32.000,3973.8000,41491,-1,827370720.000,3,1,2,多平,S,3973.2000,3973.0000,3972.2000,3972.0000,3971.4000,3973.4000,3974.0000,3974.2000,3974.4000,3974.6000,1,31,1,1,1,4,1,4,14,1
SF,IF1912,2019-11-04 09:31:32.500,3974.2000,41487,-4,834523260.000,6,1,5,多平,S,3973.6000,3973.4000,3973.2000,3973.0000,3972.2000,3974.2000,3974.4000,3974.6000,3974.8000,3975.0000,4,8,1,31,1,3,9,1,2,2
SF,IF1912,2019-11-04 09:31:33.000,3974.4000,41484,-3,840484620.000,5,1,4,多平,S,3974.2000,3973.8000,3973.6000,3973.4000,3973.2000,3974.4000,3974.8000,3975.0000,3975.2000,3975.4000,1,1,4,2,1,4,2,2,4,5
SF,IF1912,2019-11-04 09:31:33.500,3973.2000,41483,-1,847637400.000,6,2,4,多平,S,3973.0000,3972.2000,3972.0000,3971.4000,3971.0000,3974.2000,3974.4000,3974.8000,3975.0000,3975.2000,31,1,1,1,1,2,3,2,2,4
SF,IF1912,2019-11-04 09:31:34.000,3973.2000,41483,0,847637400.000,0,-,-,-,-,3973.0000,3972.2000,3972.0000,3971.4000,3971.0000,3974.2000,3974.4000,3974.8000,3975.0000,3975.2000,31,1,1,1,1,2,3,2,2,3
SF,IF1912,2019-11-04 09:31:34.500,3974.2000,41484,1,850021920.000,2,1,1,空开,S,3974.2000,3973.0000,3972.2000,3972.0000,3971.4000,3974.4000,3974.8000,3975.0000,3975.2000,3975.4000,4,31,1,1,1,4,2,2,3,5
SF,IF1912,2019-11-04 09:31:35.000,3974.2000,41484,0,855983220.000,5,2,3,多换,S,3973.0000,3972.8000,3972.2000,3972.0000,3971.4000,3974.2000,3974.4000,3974.6000,3974.8000,3975.0000,31,1,1,1,1,14,6,1,2,2
SF,IF1912,2019-11-04 09:31:35.500,3974.4000,41486,2,871482060.000,13,7,6,空开,S,3974.2000,3973.0000,3972.2000,3972.0000,3971.4000,3974.4000,3974.6000,3974.8000,3975.0000,3975.2000,6,31,1,1,1,3,1,2,2,3
SF,IF1912,2019-11-04 09:31:36.000,3974.4000,41487,1,889366200.000,15,8,7,空开,S,3974.4000,3974.2000,3973.0000,3972.6000,3972.2000,3974.6000,3974.8000,3975.0000,3975.2000,3975.4000,1,5,31,1,1,1,2,2,3,4
SF,IF1912,2019-11-04 09:31:36.500,3974.4000,41483,-4,915596520.000,22,9,13,多平,S,3973.0000,3972.2000,3972.0000,3971.4000,3971.0000,3974.4000,3974.6000,3974.8000,3975.0000,3975.2000,30,1,1,1,1,4,2,3,2,2
SF,IF1912,2019-11-04 09:31:37.000,3974.4000,41486,3,921558120.000,5,4,1,空开,S,3973.2000,3973.0000,3972.2000,3972.0000,3971.4000,3974.6000,3974.8000,3975.0000,3975.2000,3975.4000,1,30,1,1,1,1,3,2,2,4
SF,IF1912,2019-11-04 09:31:37.500,3974.4000,41486,0,922750440.000,1,0,1,多换,S,3973.2000,3973.0000,3972.2000,3972.0000,3971.4000,3974.0000,3974.2000,3974.4000,3974.6000,3974.8000,1,30,1,1,1,2,1,1,1,2
SF,IF1912,2019-11-04 09:31:38.000,3974.0000,41484,-2,927519300.000,4,1,3,多平,S,3973.2000,3973.0000,3972.2000,3972.0000,3971.4000,3974.4000,3974.8000,3975.0000,3975.2000,3975.4000,1,31,1,1,1,7,1,2,2,4
SF,IF1912,2019-11-04 09:31:38.500,3973.4000,41484,0,928711320.000,1,0,1,多换,S,3973.2000,3973.0000,3972.2000,3972.0000,3971.4000,3974.4000,3974.8000,3975.0000,3975.2000,3975.4000,1,31,1,1,1,7,1,2,2,4
SF,IF1912,2019-11-04 09:31:39.000,3973.4000,41484,0,928711320.000,0,-,-,-,-,3973.2000,3973.0000,3972.2000,3972.0000,3971.4000,3974.2000,3974.4000,3974.6000,3974.8000,3975.0000,1,31,1,1,1,1,7,1,1,2
SF,IF1912,2019-11-04 09:31:39.500,3974.4000,41484,0,931095900.000,2,1,1,多换,S,3973.2000,3973.0000,3972.2000,3972.0000,3971.4000,3974.4000,3974.8000,3975.0000,3975.2000,3975.4000,1,32,1,1,1,6,1,2,2,4
SF,IF1912,2019-11-04 09:31:40.000,3974.4000,41484,0,931095900.000,0,-,-,-,-,3973.8000,3973.4000,3973.2000,3973.0000,3972.2000,3974.4000,3974.8000,3975.0000,3975.2000,3975.4000,1,3,2,32,1,7,1,2,2,4
SF,IF1912,2019-11-04 09:31:40.500,3974.4000,41484,0,937057500.000,5,2,3,多换,S,3973.8000,3973.4000,3973.0000,3972.2000,3972.0000,3974.4000,3974.8000,3975.0000,3975.2000,3975.4000,1,1,32,1,1,2,1,3,2,4
SF,IF1912,2019-11-04 09:31:41.000,3973.8000,41483,-1,938249640.000,1,0,1,双平,S,3973.4000,3973.0000,3972.2000,3972.0000,3971.4000,3974.0000,3974.4000,3974.8000,3975.0000,3975.2000,1,32,1,1,1,1,2,1,3,2
SF,IF1912,2019-11-04 09:31:41.500,3974.4000,41484,1,940634160.000,2,1,1,空开,S,3974.0000,3973.6000,3973.4000,3973.0000,3972.2000,3974.4000,3974.8000,3975.0000,3975.2000,3975.4000,3,1,2,32,1,1,1,3,2,4
SF,IF1912,2019-11-04 09:31:42.000,3974.4000,41485,1,941826480.000,1,1,0,双开,S,3974.4000,3974.2000,3974.0000,3973.4000,3973.0000,3974.8000,3975.0000,3975.2000,3975.4000,3975.6000,4,1,4,1,32,1,3,2,4,6
SF,IF1912,2019-11-04 09:31:42.500,3974.4000,41485,0,943018800.000,1,0,1,多换,S,3974.4000,3974.2000,3974.0000,3973.8000,3973.4000,3975.0000,3975.2000,3975.4000,3975.6000,3976.0000,3,1,4,1,1,3,2,4,6,2
SF,IF1912,2019-11-04 09:31:43.000,3974.2000,41484,-1,947788020.000,4,1,3,多平,S,3974.0000,3973.8000,3973.4000,3973.0000,3972.2000,3975.0000,3975.2000,3975.4000,3975.6000,3976.0000,4,1,1,32,1,3,2,4,5,2
SF,IF1912,2019-11-04 09:31:43.500,3974.2000,41484,0,947788020.000,0,-,-,-,-,3974.2000,3974.0000,3973.8000,3973.4000,3973.0000,3975.0000,3975.2000,3975.4000,3975.6000,3975.8000,1,4,2,1,32,3,1,3,5,1
SF,IF1912,2019-11-04 09:31:44.500,3974.2000,41483,-1,948980280.000,1,0,1,双平,S,3974.0000,3973.8000,3973.4000,3973.0000,3972.2000,3975.0000,3975.2000,3975.4000,3975.6000,3975.8000,4,2,2,32,1,3,2,3,6,1
SF,IF1912,2019-11-04 09:31:45.000,3974.2000,41483,0,948980280.000,0,-,-,-,-,3974.0000,3973.8000,3973.4000,3973.0000,3972.2000,3974.2000,3974.8000,3975.0000,3975.2000,3975.4000,4,2,1,32,1,1,1,3,1,3
SF,IF1912,2019-11-04 09:31:45.500,3975.0000,41482,-1,951365040.000,2,0,2,多平,S,3974.0000,3973.8000,3973.4000,3973.0000,3972.2000,3975.0000,3975.2000,3975.4000,3975.6000,3975.8000,4,1,1,32,1,2,1,3,5,1
SF,IF1912,2019-11-04 09:31:46.000,3974.0000,41481,-1,956133840.000,4,1,3,多平,S,3974.0000,3973.4000,3973.0000,3972.2000,3972.0000,3974.8000,3975.0000,3975.2000,3975.4000,3975.6000,2,1,32,1,2,2,2,1,4,5
SF,IF1912,2019-11-04 09:31:46.500,3974.0000,41481,0,956133840.000,0,-,-,-,-,3974.0000,3973.4000,3973.0000,3972.2000,3972.0000,3974.6000,3974.8000,3975.0000,3975.2000,3975.4000,2,1,32,1,2,1,2,5,1,4
SF,IF1912,2019-11-04 09:31:47.000,3974.0000,41481,0,958518240.000,2,1,1,多换,S,3973.4000,3973.0000,3972.2000,3972.0000,3971.4000,3974.0000,3974.2000,3974.4000,3974.6000,3975.0000,1,32,1,2,2,3,1,1,1,6
SF,IF1912,2019-11-04 09:31:47.500,3974.0000,41481,0,960902460.000,2,1,1,多换,S,3973.0000,3972.2000,3972.0000,3971.4000,3971.0000,3974.0000,3974.2000,3974.6000,3974.8000,3975.0000,31,1,2,2,1,2,1,1,1,6
SF,IF1912,2019-11-04 09:31:48.000,3975.0000,41480,-1,972825240.000,10,4,6,多平,S,3973.0000,3972.8000,3972.2000,3972.0000,3971.4000,3974.0000,3975.0000,3975.2000,3975.4000,3975.6000,30,1,1,2,2,12,6,1,4,5
SF,IF1912,2019-11-04 09:31:48.500,3973.0000,41480,0,977592840.000,4,2,2,多换,S,3973.4000,3973.0000,3972.2000,3972.0000,3971.4000,3974.0000,3974.6000,3975.0000,3975.2000,3975.4000,1,26,1,2,2,12,1,5,1,4
SF,IF1912,2019-11-04 09:31:49.000,3973.8000,41479,-1,984744960.000,6,2,4,多平,S,3973.0000,3972.2000,3972.0000,3971.4000,3971.0000,3973.8000,3974.0000,3974.6000,3975.0000,3975.2000,24,1,2,2,1,1,12,3,7,1
SF,IF1912,2019-11-04 09:31:49.500,3973.8000,41479,0,984744960.000,0,-,-,-,-,3973.2000,3973.0000,3972.2000,3972.0000,3971.4000,3974.0000,3974.6000,3975.0000,3975.2000,3975.4000,3,24,1,2,2,12,3,8,3,4
SF,IF1912,2019-11-04 09:31:50.000,3973.2000,41477,-2,987128880.000,2,0,2,双平,S,3973.0000,3972.2000,3972.0000,3971.4000,3971.0000,3974.0000,3974.6000,3974.8000,3975.0000,3975.2000,24,1,2,2,1,12,6,1,9,3
SF,IF1912,2019-11-04 09:31:50.500,3973.2000,41477,0,987128880.000,0,-,-,-,-,3973.0000,3972.0000,3971.4000,3971.0000,3970.8000,3973.6000,3973.8000,3974.0000,3974.6000,3974.8000,24,1,2,1,1,1,3,12,7,1
SF,IF1912,2019-11-04 09:31:51.000,3973.8000,41472,-5,994280700.000,6,0,6,多平,S,3973.6000,3973.0000,3972.4000,3972.0000,3971.4000,3974.0000,3974.2000,3974.6000,3974.8000,3975.0000,2,21,1,1,2,12,1,8,1,8
SF,IF1912,2019-11-04 09:31:51.500,3973.6000,41470,-2,996664860.000,2,0,2,双平,S,3973.0000,3972.2000,3972.0000,3971.4000,3971.0000,3973.6000,3973.8000,3974.0000,3974.6000,3974.8000,21,1,1,2,1,2,6,12,9,1
SF,IF1912,2019-11-04 09:31:52.000,3973.0000,41468,-2,999048720.000,2,0,2,双平,S,3973.0000,3972.8000,3972.2000,3972.0000,3971.4000,3973.6000,3973.8000,3974.6000,3974.8000,3975.0000,20,1,1,1,2,2,1,9,1,7
SF,IF1912,2019-11-04 09:31:52.500,3973.0000,41466,-2,1005008580.000,5,1,4,多平,S,3973.0000,3972.2000,3972.0000,3971.4000,3971.0000,3973.8000,3974.6000,3974.8000,3975.0000,3975.2000,17,1,1,2,1,1,8,1,9,1
SF,IF1912,2019-11-04 09:31:53.000,3973.8000,41466,0,1006200720.000,1,0,1,多换,S,3973.2000,3973.0000,3972.2000,3972.0000,3971.4000,3974.6000,3974.8000,3975.0000,3975.2000,3975.4000,1,17,1,1,2,8,1,9,1,4
SF,IF1912,2019-11-04 09:31:53.500,3973.0000,41454,-12,1021695480.000,13,0,13,多平,S,3973.0000,3972.8000,3972.2000,3972.0000,3971.4000,3974.2000,3974.6000,3974.8000,3975.0000,3975.2000,5,1,1,1,2,5,9,1,9,1
SF,IF1912,2019-11-04 09:31:54.000,3973.0000,41454,0,1022887380.000,1,0,1,多换,S,3973.2000,3973.0000,3972.2000,3972.0000,3971.4000,3974.6000,3975.0000,3975.2000,3975.4000,3975.6000,1,5,1,1,2,2,9,1,4,5
SF,IF1912,2019-11-04 09:31:54.500,3973.0000,41454,0,1022887380.000,0,-,-,-,-,3973.2000,3973.0000,3972.2000,3972.0000,3971.4000,3974.4000,3974.6000,3975.0000,3975.2000,3975.4000,1,5,1,1,2,1,2,9,1,4
SF,IF1912,2019-11-04 09:31:55.000,3973.0000,41454,0,1022887380.000,0,-,-,-,-,3973.8000,3973.0000,3972.2000,3972.0000,3971.4000,3974.2000,3974.4000,3974.6000,3975.0000,3975.2000,1,5,1,1,2,1,1,2,8,1
SF,IF1912,2019-11-04 09:31:55.500,3973.8000,41455,1,1024079520.000,1,1,0,双开,S,3973.0000,3972.2000,3972.0000,3971.4000,3971.0000,3974.0000,3974.2000,3974.6000,3975.0000,3975.2000,5,1,1,2,1,1,2,2,8,2
SF,IF1912,2019-11-04 09:31:56.000,3974.0000,41455,0,1025271720.000,1,0,1,多换,S,3973.0000,3972.2000,3972.0000,3971.4000,3971.0000,3973.2000,3973.8000,3974.2000,3974.6000,3974.8000,7,1,1,2,1,1,1,2,2,1
SF,IF1912,2019-11-04 09:31:56.500,3973.2000,41455,0,1026463680.000,1,0,1,多换,S,3973.2000,3973.0000,3972.2000,3972.0000,3971.4000,3973.8000,3974.2000,3974.4000,3974.6000,3975.0000,4,7,1,1,2,1,2,1,2,8
SF,IF1912,2019-11-04 09:31:57.000,3973.2000,41453,-2,1028847600.000,2,0,2,双平,S,3973.2000,3973.0000,3972.6000,3972.2000,3972.0000,3973.8000,3974.2000,3974.4000,3974.6000,3975.0000,2,6,1,1,1,1,2,2,2,8
SF,IF1912,2019-11-04 09:31:57.500,3973.0000,41451,-2,1035999000.000,6,2,4,多平,S,3972.2000,3972.0000,3971.4000,3971.0000,3970.8000,3973.6000,3973.8000,3974.2000,3974.4000,3974.6000,1,1,2,1,1,1,1,2,1,2
SF,IF1912,2019-11-04 09:31:58.000,3973.6000,41451,0,1037191080.000,1,0,1,多换,S,3973.6000,3972.4000,3972.2000,3972.0000,3971.4000,3973.8000,3974.0000,3974.2000,3974.4000,3974.6000,1,2,1,1,2,1,1,2,1,2
SF,IF1912,2019-11-04 09:31:58.500,3973.6000,41450,-1,1040767320.000,3,1,2,多平,S,3973.2000,3972.4000,3972.2000,3972.0000,3971.4000,3973.6000,3973.8000,3974.2000,3974.4000,3974.6000,1,1,1,1,2,5,1,2,1,2
SF,IF1912,2019-11-04 09:31:59.000,3973.2000,41448,-2,1044343260.000,3,0,3,多平,S,3972.2000,3972.0000,3971.4000,3971.0000,3970.8000,3973.4000,3973.6000,3973.8000,3974.2000,3974.4000,1,1,2,1,1,2,2,1,2,1
SF,IF1912,2019-11-04 09:31:59.500,3973.0000,41448,0,1046726820.000,2,1,1,多换,S,3972.0000,3971.4000,3971.0000,3970.8000,3970.2000,3973.2000,3973.4000,3973.6000,3973.8000,3974.2000,1,2,1,1,1,1,2,1,1,2
SF,IF1912,2019-11-04 09:32:00.000,3972.2000,41447,-1,1049110440.000,2,0,2,多平,S,3972.0000,3971.8000,3971.4000,3971.0000,3970.8000,3973.2000,3973.4000,3973.6000,3973.8000,3974.0000,1,1,2,1,1,2,4,1,1,1
SF,IF1912,2019-11-04 09:32:00.500,3973.0000,41445,-2,1051494240.000,2,0,2,双平,S,3972.2000,3972.0000,3971.4000,3971.0000,3970.8000,3973.4000,3973.6000,3973.8000,3974.2000,3974.4000,4,1,2,1,1,4,1,2,1,2
SF,IF1912,2019-11-04 09:32:01.000,3973.0000,41445,0,1051494240.000,0,-,-,-,-,3972.2000,3972.0000,3971.4000,3971.0000,3970.8000,3973.0000,3973.2000,3973.4000,3973.6000,3973.8000,2,1,2,1,1,1,3,4,1,2
SF,IF1912,2019-11-04 09:32:01.500,3973.0000,41445,0,1051494240.000,0,-,-,-,-,3972.0000,3971.4000,3971.0000,3970.8000,3970.2000,3973.0000,3973.4000,3973.6000,3973.8000,3974.2000,1,2,1,1,1,1,4,1,2,1
SF,IF1912,2019-11-04 09:32:02.000,3973.0000,41445,0,1051494240.000,0,-,-,-,-,3972.2000,3972.0000,3971.4000,3971.0000,3970.8000,3973.0000,3973.4000,3973.6000,3973.8000,3974.2000,2,1,2,1,1,1,4,1,2,1
SF,IF1912,2019-11-04 09:32:02.500,3973.0000,41445,0,1052686140.000,1,0,1,多换,S,3972.4000,3972.2000,3972.0000,3971.4000,3971.0000,3973.6000,3973.8000,3974.0000,3974.2000,3974.4000,1,1,2,2,1,1,2,2,1,2
SF,IF1912,2019-11-04 09:32:03.000,3973.0000,41445,0,1052686140.000,0,-,-,-,-,3973.0000,3972.6000,3972.0000,3971.4000,3971.0000,3973.4000,3973.6000,3973.8000,3974.0000,3974.2000,1,1,2,2,1,2,1,2,2,1
SF,IF1912,2019-11-04 09:32:03.500,3973.0000,41444,-1,1055069940.000,2,0,2,多平,S,3973.0000,3972.0000,3971.4000,3971.0000,3970.8000,3973.2000,3973.4000,3973.6000,3973.8000,3974.0000,9,2,2,1,1,1,2,1,2,2
SF,IF1912,2019-11-04 09:32:04.000,3973.4000,41443,-1,1059837960.000,4,1,3,多平,S,3973.4000,3973.0000,3972.6000,3972.0000,3971.4000,3973.6000,3973.8000,3974.0000,3974.2000,3974.4000,1,9,1,1,2,1,2,2,1,5
SF,IF1912,2019-11-04 09:32:04.500,3973.0000,41445,2,1065797760.000,5,3,2,空开,S,3973.0000,3972.0000,3971.4000,3971.0000,3970.2000,3973.8000,3974.0000,3974.2000,3974.4000,3974.6000,7,1,2,1,1,2,2,1,4,2
SF,IF1912,2019-11-04 09:32:05.000,3973.0000,41445,0,1065797760.000,0,-,-,-,-,3973.2000,3973.0000,3972.4000,3972.0000,3971.4000,3973.8000,3974.0000,3974.2000,3974.4000,3974.6000,2,7,1,1,2,1,2,1,2,2
SF,IF1912,2019-11-04 09:32:05.500,3973.0000,41445,0,1065797760.000,0,-,-,-,-,3973.2000,3973.0000,3972.4000,3972.0000,3971.4000,3973.8000,3974.0000,3974.2000,3974.4000,3974.6000,2,7,1,1,2,1,2,1,1,2
SF,IF1912,2019-11-04 09:32:06.000,3973.8000,41445,0,1066989900.000,1,0,1,多换,S,3973.2000,3973.0000,3972.4000,3972.0000,3971.4000,3974.0000,3974.2000,3974.4000,3974.6000,3975.0000,1,7,1,1,2,2,1,1,2,11
SF,IF1912,2019-11-04 09:32:06.500,3973.8000,41445,0,1066989900.000,0,-,-,-,-,3973.4000,3973.2000,3973.0000,3972.4000,3972.0000,3974.0000,3974.2000,3974.4000,3974.6000,3975.0000,1,1,7,1,2,2,1,1,2,12
SF,IF1912,2019-11-04 09:32:07.000,3973.4000,41446,1,1068181920.000,1,1,0,双开,S,3973.0000,3972.4000,3972.0000,3971.4000,3971.0000,3973.4000,3973.8000,3974.0000,3974.2000,3974.4000,7,1,2,2,1,2,2,2,1,1
SF,IF1912,2019-11-04 09:32:07.500,3973.4000,41446,0,1070565960.000,2,1,1,多换,S,3973.0000,3972.4000,3972.0000,3971.4000,3971.0000,3974.0000,3974.2000,3974.4000,3974.6000,3975.0000,7,1,2,2,1,2,1,1,2,11
SF,IF1912,2019-11-04 09:32:08.000,3973.2000,41444,-2,1072949880.000,2,0,2,双平,S,3973.0000,3972.4000,3972.0000,3971.4000,3971.0000,3974.0000,3974.2000,3974.4000,3974.6000,3975.0000,7,2,2,2,1,3,2,1,1,11
SF,IF1912,2019-11-04 09:32:08.500,3974.0000,41444,0,1075334280.000,2,1,1,多换,S,3973.2000,3973.0000,3972.4000,3972.0000,3971.4000,3974.0000,3974.2000,3974.4000,3974.6000,3975.0000,1,7,1,2,2,1,1,1,1,11
SF,IF1912,2019-11-04 09:32:09.000,3973.2000,41446,2,1077718440.000,2,2,0,双开,S,3973.0000,3972.4000,3972.0000,3971.4000,3971.0000,3974.2000,3974.4000,3974.6000,3975.0000,3975.2000,7,1,2,2,1,1,1,1,11,1
SF,IF1912,2019-11-04 09:32:09.500,3973.2000,41445,-1,1080102360.000,2,0,2,多平,S,3973.2000,3973.0000,3972.4000,3972.0000,3971.4000,3974.0000,3974.2000,3974.4000,3974.6000,3975.0000,2,7,1,2,2,3,1,1,1,11
SF,IF1912,2019-11-04 09:32:10.000,3973.0000,41445,0,1082486220.000,2,1,1,多换,S,3973.0000,3972.4000,3972.0000,3971.4000,3971.0000,3974.0000,3974.2000,3974.4000,3974.6000,3975.0000,6,1,2,2,1,3,1,1,1,11
SF,IF1912,2019-11-04 09:32:10.500,3973.0000,41448,3,1088446020.000,5,4,1,空开,S,3973.0000,3972.4000,3972.0000,3971.4000,3971.0000,3973.8000,3974.0000,3974.2000,3974.4000,3974.6000,2,2,2,2,1,1,2,2,1,1
SF,IF1912,2019-11-04 09:32:11.000,3973.0000,41448,0,1089637920.000,1,0,1,多换,S,3973.0000,3972.0000,3971.4000,3971.0000,3970.2000,3973.6000,3973.8000,3974.2000,3974.4000,3974.6000,1,2,2,1,2,1,1,1,1,1
SF,IF1912,2019-11-04 09:32:11.500,3973.0000,41448,0,1090829820.000,1,0,1,多换,S,3972.0000,3971.4000,3971.0000,3970.2000,3970.0000,3972.6000,3973.0000,3973.4000,3973.6000,3973.8000,2,2,1,2,5,1,1,1,1,1
SF,IF1912,2019-11-04 09:32:12.000,3973.0000,41448,0,1090829820.000,0,-,-,-,-,3972.0000,3971.4000,3971.0000,3970.2000,3970.0000,3972.6000,3973.8000,3974.0000,3974.2000,3974.4000,2,2,1,2,5,1,1,1,1,2
SF,IF1912,2019-11-04 09:32:12.500,3973.0000,41448,0,1090829820.000,0,-,-,-,-,3972.0000,3971.4000,3971.0000,3970.2000,3970.0000,3972.6000,3973.0000,3973.8000,3974.0000,3974.2000,2,2,1,2,5,2,3,2,1,1
SF,IF1912,2019-11-04 09:32:13.000,3972.6000,41448,0,1094404800.000,3,1,2,多换,S,3971.4000,3971.0000,3970.2000,3970.0000,3969.2000,3972.6000,3972.8000,3973.0000,3973.8000,3974.0000,2,1,2,5,3,1,2,4,1,1
SF,IF1912,2019-11-04 09:32:13.500,3972.6000,41448,0,1095596580.000,1,0,1,多换,S,3971.4000,3971.0000,3970.6000,3970.2000,3970.0000,3972.4000,3972.6000,3972.8000,3973.0000,3973.8000,1,1,1,2,5,5,1,2,4,1
SF,IF1912,2019-11-04 09:32:14.000,3972.4000,41447,-1,1096788300.000,1,0,1,双平,S,3971.4000,3971.0000,3970.6000,3970.2000,3970.0000,3972.0000,3972.4000,3972.6000,3972.8000,3973.0000,1,1,1,2,5,1,4,1,3,4
SF,IF1912,2019-11-04 09:32:14.500,3971.0000,41446,-1,1099171020.000,2,0,2,多平,S,3970.6000,3970.2000,3970.0000,3969.2000,3968.0000,3972.0000,3972.4000,3972.6000,3972.8000,3973.0000,1,1,5,3,1,1,3,1,3,4
SF,IF1912,2019-11-04 09:32:15.000,3972.6000,41444,-2,1105129560.000,5,1,4,多平,S,3972.6000,3970.8000,3970.2000,3970.0000,3969.8000,3972.8000,3973.0000,3973.8000,3974.0000,3974.2000,1,1,1,5,1,3,4,1,2,1
SF,IF1912,2019-11-04 09:32:15.500,3972.4000,41438,-6,1113471660.000,7,0,7,多平,S,3970.2000,3970.0000,3969.8000,3969.2000,3968.0000,3971.4000,3972.2000,3972.4000,3972.6000,3972.8000,1,6,1,1,1,1,10,4,17,8
SF,IF1912,2019-11-04 09:32:16.000,3971.4000,41438,0,1114663080.000,1,0,1,多换,S,3971.4000,3970.8000,3970.4000,3970.2000,3970.0000,3972.4000,3972.6000,3972.8000,3973.0000,3973.2000,4,4,16,1,6,1,11,4,4,1
SF,IF1912,2019-11-04 09:32:16.500,3972.2000,41438,0,1117046400.000,2,1,1,多换,S,3972.4000,3971.4000,3970.6000,3970.4000,3970.2000,3972.6000,3972.8000,3973.0000,3973.2000,3973.8000,8,4,1,12,1,9,4,4,1,1
SF,IF1912,2019-11-04 09:32:17.000,3972.0000,41437,-1,1127771760.000,9,4,5,多平,S,3971.8000,3971.4000,3970.6000,3970.4000,3970.2000,3972.2000,3972.6000,3972.8000,3973.0000,3973.2000,1,5,1,12,1,1,6,3,4,1
SF,IF1912,2019-11-04 09:32:17.500,3972.2000,41433,-4,1132538400.000,4,0,4,双平,S,3972.2000,3971.8000,3971.4000,3970.6000,3970.4000,3972.6000,3972.8000,3973.0000,3973.2000,3973.4000,4,1,2,1,12,6,3,4,1,2
SF,IF1912,2019-11-04 09:32:18.000,3972.6000,41433,0,1139689080.000,6,3,3,多换,S,3972.6000,3972.4000,3971.4000,3970.6000,3970.4000,3973.0000,3973.2000,3973.4000,3973.8000,3974.0000,4,1,2,1,12,4,1,2,1,2
SF,IF1912,2019-11-04 09:32:18.500,3973.2000,41434,1,1148032560.000,7,4,3,空开,S,3971.6000,3971.4000,3970.6000,3970.4000,3970.2000,3973.8000,3974.0000,3974.2000,3974.4000,3974.6000,1,1,1,12,1,1,3,1,2,1
SF,IF1912,2019-11-04 09:32:19.000,3972.0000,41434,0,1152798960.000,4,2,2,多换,S,3972.0000,3971.8000,3971.6000,3971.4000,3971.2000,3973.4000,3973.6000,3973.8000,3974.0000,3974.2000,1,4,1,1,1,1,1,1,3,1
SF,IF1912,2019-11-04 09:32:19.500,3972.6000,41433,-1,1157566680.000,4,1,3,多平,S,3972.6000,3972.2000,3972.0000,3971.8000,3971.6000,3974.0000,3974.2000,3974.4000,3974.6000,3975.0000,1,12,1,4,1,2,1,1,1,9
SF,IF1912,2019-11-04 09:32:20.000,3972.6000,41433,0,1157566680.000,0,-,-,-,-,3972.4000,3972.2000,3971.8000,3971.6000,3971.4000,3974.0000,3974.2000,3974.4000,3974.6000,3975.0000,1,12,3,1,1,1,1,1,1,10
SF,IF1912,2019-11-04 09:32:20.500,3972.6000,41433,0,1157566680.000,0,-,-,-,-,3972.6000,3972.4000,3972.2000,3971.8000,3971.6000,3974.0000,3974.2000,3974.4000,3974.6000,3975.0000,4,1,3,3,1,1,1,1,1,11
SF,IF1912,2019-11-04 09:32:21.000,3972.6000,41431,-2,1159950240.000,2,0,2,双平,S,3972.6000,3972.4000,3972.2000,3971.8000,3971.6000,3973.8000,3974.0000,3974.2000,3974.4000,3974.6000,4,1,1,2,1,5,1,1,1,1
SF,IF1912,2019-11-04 09:32:21.500,3972.6000,41429,-2,1162333800.000,2,0,2,双平,S,3971.8000,3971.6000,3971.4000,3970.8000,3970.6000,3972.0000,3973.2000,3973.6000,3973.8000,3974.2000,2,1,1,1,1,3,3,3,5,1
SF,IF1912,2019-11-04 09:32:22.000,3972.0000,41426,-3,1165908600.000,3,0,3,双平,S,3972.4000,3972.2000,3972.0000,3971.8000,3971.6000,3972.8000,3974.2000,3974.4000,3974.6000,3974.8000,3,4,9,2,1,1,1,2,2,1
SF,IF1912,2019-11-04 09:32:22.500,3972.0000,41426,0,1165908600.000,0,-,-,-,-,3972.2000,3972.0000,3971.8000,3971.6000,3971.4000,3972.8000,3974.2000,3974.4000,3974.6000,3974.8000,5,6,2,1,1,1,1,2,2,1
SF,IF1912,2019-11-04 09:32:23.000,3972.8000,41425,-1,1167100440.000,1,0,1,双平,S,3972.8000,3972.2000,3972.0000,3971.8000,3971.6000,3974.2000,3974.4000,3974.6000,3974.8000,3975.0000,2,2,4,2,1,1,2,2,1,11
SF,IF1912,2019-11-04 09:32:23.500,3972.8000,41425,0,1167100440.000,0,-,-,-,-,3972.8000,3972.2000,3972.0000,3971.8000,3971.6000,3973.8000,3974.0000,3974.2000,3974.4000,3974.6000,2,2,4,2,1,3,6,1,2,2
SF,IF1912,2019-11-04 09:32:24.000,3972.8000,41425,0,1167100440.000,0,-,-,-,-,3972.8000,3972.2000,3972.0000,3971.8000,3971.6000,3973.8000,3974.0000,3974.2000,3974.4000,3974.6000,2,2,4,2,1,3,1,1,2,2
SF,IF1912,2019-11-04 09:32:24.500,3972.8000,41425,0,1167100440.000,0,-,-,-,-,3972.8000,3972.2000,3972.0000,3971.8000,3971.6000,3973.8000,3974.0000,3974.2000,3974.4000,3974.6000,2,2,4,2,1,3,1,2,2,2
SF,IF1912,2019-11-04 09:32:25.000,3972.8000,41425,0,1167100440.000,0,-,-,-,-,3972.2000,3972.0000,3971.8000,3971.6000,3971.4000,3973.8000,3974.0000,3974.2000,3974.4000,3974.6000,2,4,2,1,1,3,1,2,2,2
SF,IF1912,2019-11-04 09:32:25.500,3972.4000,41425,0,1168292160.000,1,0,1,多换,S,3972.2000,3972.0000,3971.8000,3971.6000,3971.4000,3972.8000,3973.6000,3973.8000,3974.2000,3974.4000,2,4,2,1,1,2,4,4,2,2
SF,IF1912,2019-11-04 09:32:26.000,3972.2000,41424,-1,1169483820.000,1,0,1,双平,S,3972.0000,3971.8000,3971.6000,3971.4000,3970.8000,3972.6000,3972.8000,3973.6000,3973.8000,3974.2000,4,2,1,1,1,2,2,1,1,2
SF,IF1912,2019-11-04 09:32:26.500,3972.2000,41424,0,1169483820.000,0,-,-,-,-,3972.0000,3971.6000,3971.4000,3970.6000,3970.4000,3972.4000,3972.6000,3972.8000,3973.6000,3973.8000,4,1,1,1,1,1,2,3,1,1
SF,IF1912,2019-11-04 09:32:27.000,3972.4000,41424,0,1170675540.000,1,0,1,多换,S,3972.0000,3971.6000,3971.4000,3970.6000,3970.4000,3972.2000,3972.8000,3973.6000,3973.8000,3974.2000,2,1,1,1,1,1,3,1,1,2
SF,IF1912,2019-11-04 09:32:27.500,3972.8000,41423,-1,1173059040.000,2,0,2,多平,S,3972.4000,3972.2000,3972.0000,3971.6000,3971.4000,3972.8000,3973.2000,3973.4000,3973.8000,3974.2000,1,3,2,1,1,2,1,1,1,2
SF,IF1912,2019-11-04 09:32:28.000,3972.4000,41421,-2,1175442600.000,2,0,2,双平,S,3972.2000,3972.0000,3971.8000,3971.6000,3971.4000,3972.8000,3973.2000,3973.4000,3973.8000,3974.2000,3,2,2,1,1,1,1,1,1,2
SF,IF1912,2019-11-04 09:32:28.500,3972.4000,41421,0,1175442600.000,0,-,-,-,-,3972.2000,3972.0000,3971.8000,3971.6000,3971.4000,3972.8000,3973.2000,3973.8000,3974.2000,3974.4000,3,2,2,1,1,1,1,1,2,4
SF,IF1912,2019-11-04 09:32:29.000,3972.2000,41420,-1,1176634260.000,1,0,1,双平,S,3972.2000,3972.0000,3971.8000,3971.6000,3971.4000,3972.8000,3973.2000,3973.8000,3974.2000,3974.4000,3,2,2,1,1,1,1,1,2,4
SF,IF1912,2019-11-04 09:32:29.500,3972.2000,41420,0,1176634260.000,0,-,-,-,-,3972.2000,3972.0000,3971.8000,3971.6000,3971.4000,3972.8000,3973.2000,3973.8000,3974.2000,3974.4000,2,2,2,1,1,1,1,1,2,4
SF,IF1912,2019-11-04 09:32:30.000,3972.2000,41420,0,1179017580.000,2,1,1,多换,S,3972.0000,3971.8000,3971.6000,3971.4000,3970.6000,3972.6000,3972.8000,3973.0000,3973.2000,3973.6000,2,2,1,1,5,2,1,1,2,1
SF,IF1912,2019-11-04 09:32:30.500,3972.0000,41419,-1,1180209180.000,1,0,1,双平,S,3972.0000,3971.8000,3971.6000,3971.4000,3970.6000,3972.6000,3972.8000,3973.0000,3973.2000,3973.6000,1,2,1,1,5,2,1,1,2,1
SF,IF1912,2019-11-04 09:32:31.000,3972.0000,41418,-1,1182592380.000,2,0,2,多平,S,3971.8000,3971.6000,3971.4000,3970.6000,3970.4000,3972.6000,3972.8000,3973.0000,3973.2000,3973.6000,2,1,1,5,1,2,1,1,2,2
SF,IF1912,2019-11-04 09:32:31.500,3972.8000,41414,-4,1187359620.000,4,0,4,双平,S,3972.8000,3971.8000,3971.6000,3971.4000,3971.2000,3973.0000,3973.2000,3973.6000,3973.8000,3974.0000,16,2,1,1,1,2,2,2,1,1
SF,IF1912,2019-11-04 09:32:32.000,3972.8000,41398,-16,1206429060.000,16,0,16,双平,S,3971.8000,3971.4000,3970.6000,3970.4000,3970.2000,3972.0000,3972.2000,3972.6000,3972.8000,3973.0000,2,1,5,1,1,2,1,1,10,3
SF,IF1912,2019-11-04 09:32:32.500,3971.8000,41396,-2,1213578420.000,6,2,4,多平,S,3971.4000,3970.6000,3970.4000,3970.2000,3970.0000,3972.2000,3972.8000,3973.0000,3973.2000,3973.6000,1,5,2,1,21,2,10,1,2,1
SF,IF1912,2019-11-04 09:32:33.000,3971.4000,41396,0,1215961500.000,2,1,1,多换,S,3970.6000,3970.4000,3970.2000,3970.0000,3969.8000,3971.4000,3972.2000,3972.6000,3972.8000,3973.0000,5,1,1,21,1,4,1,1,10,1
SF,IF1912,2019-11-04 09:32:33.500,3971.4000,41396,0,1215961500.000,0,-,-,-,-,3970.8000,3970.6000,3970.4000,3970.2000,3970.0000,3971.4000,3972.6000,3972.8000,3973.0000,3973.2000,1,5,1,1,21,4,2,10,1,3
SF,IF1912,2019-11-04 09:32:34.000,3971.4000,41396,0,1215961500.000,0,-,-,-,-,3970.6000,3970.4000,3970.2000,3970.0000,3969.8000,3971.4000,3972.6000,3972.8000,3973.0000,3973.2000,5,1,1,20,1,4,2,11,1,3
SF,IF1912,2019-11-04 09:32:34.500,3971.4000,41396,0,1215961500.000,0,-,-,-,-,3970.8000,3970.6000,3970.2000,3970.0000,3969.8000,3971.2000,3971.4000,3972.6000,3972.8000,3973.0000,2,4,1,20,1,2,5,3,12,1
SF,IF1912,2019-11-04 09:32:35.000,3970.6000,41399,3,1221917460.000,5,4,1,空开,S,3970.2000,3970.0000,3969.8000,3968.0000,3967.6000,3970.6000,3970.8000,3971.2000,3971.4000,3972.0000,1,20,1,1,2,3,1,2,5,10
SF,IF1912,2019-11-04 09:32:35.500,3970.6000,41399,0,1223108640.000,1,0,1,多换,S,3970.2000,3970.0000,3969.8000,3968.0000,3967.6000,3970.6000,3971.4000,3972.0000,3972.2000,3972.6000,1,20,1,1,2,2,5,10,1,2
SF,IF1912,2019-11-04 09:32:36.000,3970.2000,41399,0,1224299700.000,1,0,1,多换,S,3970.0000,3969.8000,3968.0000,3967.6000,3967.2000,3970.6000,3971.4000,3972.0000,3972.2000,3972.6000,20,1,1,2,1,2,5,11,1,2
SF,IF1912,2019-11-04 09:32:36.500,3970.2000,41399,0,1224299700.000,0,-,-,-,-,3970.0000,3969.8000,3968.0000,3967.6000,3967.2000,3970.4000,3970.6000,3971.4000,3972.0000,3972.2000,20,1,1,2,1,1,2,5,12,1
SF,IF1912,2019-11-04 09:32:37.000,3970.2000,41399,0,1224299700.000,0,-,-,-,-,3970.0000,3969.8000,3968.0000,3967.6000,3967.2000,3970.4000,3971.4000,3972.0000,3972.6000,3972.8000,20,1,1,2,1,1,5,14,1,5
SF,IF1912,2019-11-04 09:32:37.500,3970.0000,41399,0,1227872700.000,3,1,2,多换,S,3970.0000,3969.8000,3968.0000,3967.6000,3967.2000,3970.4000,3970.6000,3971.4000,3972.0000,3972.6000,17,1,1,2,1,1,1,5,15,1
SF,IF1912,2019-11-04 09:32:38.000,3970.0000,41400,1,1229063700.000,1,1,0,双开,S,3970.0000,3969.8000,3968.0000,3967.6000,3967.2000,3970.6000,3971.4000,3972.0000,3972.6000,3972.8000,16,1,1,2,1,1,5,15,1,4
SF,IF1912,2019-11-04 09:32:38.500,3970.0000,41390,-10,1243355700.000,12,1,11,多平,S,3970.0000,3969.8000,3968.0000,3967.6000,3967.2000,3970.6000,3971.4000,3972.0000,3972.6000,3972.8000,6,1,1,2,1,1,5,15,1,4
SF,IF1912,2019-11-04 09:32:39.000,3970.0000,41389,-1,1246928700.000,3,1,2,多平,S,3970.0000,3969.0000,3968.0000,3967.6000,3967.2000,3970.4000,3970.6000,3971.4000,3972.0000,3972.6000,3,2,1,2,1,3,1,5,15,1
SF,IF1912,2019-11-04 09:32:39.500,3970.0000,41389,0,1248119700.000,1,0,1,多换,S,3970.4000,3970.0000,3969.0000,3968.0000,3967.6000,3970.6000,3971.4000,3972.0000,3972.6000,3972.8000,1,2,2,1,2,1,5,14,1,4
SF,IF1912,2019-11-04 09:32:40.000,3970.0000,41388,-1,1250501820.000,2,0,2,多平,S,3970.0000,3969.0000,3968.0000,3967.6000,3967.2000,3970.2000,3970.4000,3970.6000,3971.2000,3971.4000,1,2,1,2,1,1,4,1,1,5
SF,IF1912,2019-11-04 09:32:40.500,3970.0000,41387,-1,1251692820.000,1,0,1,双平,S,3969.0000,3968.0000,3967.2000,3967.0000,3966.8000,3970.4000,3970.6000,3971.2000,3971.4000,3972.0000,2,1,1,5,1,3,1,1,5,14
SF,IF1912,2019-11-04 09:32:41.000,3970.0000,41388,1,1252883820.000,1,1,0,双开,S,3969.4000,3969.2000,3969.0000,3968.0000,3967.2000,3970.4000,3970.6000,3971.2000,3971.4000,3972.0000,3,2,2,1,1,2,1,1,5,14
SF,IF1912,2019-11-04 09:32:41.500,3970.4000,41386,-2,1255266060.000,2,0,2,双平,S,3970.0000,3969.8000,3969.6000,3969.4000,3969.2000,3970.4000,3970.6000,3971.2000,3971.4000,3972.0000,1,1,3,3,2,1,1,1,5,14
SF,IF1912,2019-11-04 09:32:42.000,3970.6000,41385,-1,1257648360.000,2,0,2,多平,S,3970.6000,3970.4000,3970.2000,3970.0000,3969.6000,3971.2000,3971.4000,3972.0000,3972.6000,3972.8000,3,1,5,2,2,1,5,14,1,4
SF,IF1912,2019-11-04 09:32:42.500,3971.2000,41385,0,1258839720.000,1,0,1,多换,S,3970.8000,3970.6000,3970.4000,3970.2000,3970.0000,3971.4000,3972.0000,3972.6000,3972.8000,3973.2000,1,3,2,2,2,5,11,1,4,1
SF,IF1912,2019-11-04 09:32:43.000,3970.4000,41383,-2,1262413440.000,3,0,3,多平,S,3970.2000,3970.0000,3969.6000,3969.2000,3969.0000,3970.8000,3971.2000,3971.4000,3971.6000,3972.0000,1,2,1,2,2,1,3,5,1,10
SF,IF1912,2019-11-04 09:32:43.500,3970.8000,41385,2,1264795920.000,2,2,0,双开,S,3970.8000,3970.6000,3970.4000,3970.2000,3970.0000,3971.4000,3972.0000,3972.6000,3972.8000,3973.2000,1,1,10,3,2,5,10,1,4,1
SF,IF1912,2019-11-04 09:32:44.000,3970.8000,41385,0,1264795920.000,0,-,-,-,-,3970.6000,3970.2000,3970.0000,3969.6000,3969.2000,3971.0000,3971.4000,3972.0000,3972.6000,3972.8000,1,3,2,1,2,3,5,11,1,4
SF,IF1912,2019-11-04 09:32:44.500,3971.2000,41383,-2,1267178520.000,2,0,2,双平,S,3970.6000,3970.2000,3970.0000,3969.8000,3969.6000,3971.4000,3972.0000,3972.6000,3972.8000,3973.2000,1,4,3,1,1,6,11,1,4,1
SF,IF1912,2019-11-04 09:32:45.000,3971.2000,41383,0,1267178520.000,0,-,-,-,-,3970.6000,3970.2000,3970.0000,3969.8000,3969.6000,3971.4000,3972.0000,3972.6000,3972.8000,3973.2000,1,3,3,1,1,6,11,1,4,1
SF,IF1912,2019-11-04 09:32:46.000,3970.6000,41383,0,1268369700.000,1,0,1,多换,S,3970.2000,3970.0000,3969.8000,3969.6000,3969.2000,3970.6000,3971.2000,3971.4000,3972.0000,3972.6000,3,3,1,1,2,1,6,6,11,1
SF,IF1912,2019-11-04 09:32:46.500,3970.2000,41383,0,1269560760.000,1,0,1,多换,S,3970.2000,3970.0000,3969.8000,3969.6000,3969.2000,3970.6000,3971.2000,3971.4000,3972.0000,3972.6000,2,3,1,1,2,1,6,5,11,1
SF,IF1912,2019-11-04 09:32:47.000,3970.2000,41383,0,1269560760.000,0,-,-,-,-,3970.2000,3970.0000,3969.6000,3969.2000,3969.0000,3970.4000,3970.6000,3971.2000,3971.4000,3972.0000,2,3,1,2,7,1,1,6,5,11
SF,IF1912,2019-11-04 09:32:47.500,3970.2000,41383,0,1270751820.000,1,0,1,多换,S,3970.2000,3970.0000,3969.6000,3969.2000,3969.0000,3970.4000,3970.6000,3971.2000,3971.4000,3972.0000,2,3,1,2,7,1,1,6,5,11
SF,IF1912,2019-11-04 09:32:48.000,3970.2000,41382,-1,1271942880.000,1,0,1,双平,S,3970.2000,3970.0000,3969.6000,3969.2000,3969.0000,3970.6000,3971.2000,3971.4000,3972.0000,3972.6000,1,3,1,2,7,1,6,5,11,1
SF,IF1912,2019-11-04 09:32:48.500,3970.2000,41382,0,1273133940.000,1,0,1,多换,S,3970.0000,3969.6000,3969.2000,3969.0000,3968.0000,3970.4000,3970.6000,3971.2000,3971.4000,3972.0000,3,1,2,7,1,1,1,6,5,11
SF,IF1912,2019-11-04 09:32:49.000,3970.0000,41381,-1,1276706940.000,3,1,2,多平,S,3969.6000,3969.2000,3969.0000,3968.0000,3967.2000,3970.0000,3970.4000,3970.6000,3971.2000,3971.4000,1,1,7,1,1,3,1,1,7,5
SF,IF1912,2019-11-04 09:32:49.500,3970.0000,41381,0,1276706940.000,0,-,-,-,-,3969.0000,3968.0000,3967.2000,3967.0000,3966.8000,3970.0000,3970.2000,3970.6000,3971.2000,3971.4000,7,1,1,5,1,3,1,1,2,1
SF,IF1912,2019-11-04 09:32:50.000,3970.0000,41381,0,1276706940.000,0,-,-,-,-,3969.4000,3969.0000,3968.0000,3967.4000,3967.2000,3970.0000,3970.2000,3970.6000,3971.2000,3971.4000,3,7,1,1,1,3,1,1,2,1
SF,IF1912,2019-11-04 09:32:50.500,3970.0000,41379,-2,1281470940.000,4,1,3,多平,S,3970.0000,3969.4000,3969.0000,3968.0000,3967.4000,3970.2000,3970.6000,3971.0000,3971.2000,3971.4000,1,3,7,1,1,1,1,5,2,1
SF,IF1912,2019-11-04 09:32:51.000,3971.0000,41377,-2,1285044480.000,3,0,3,多平,S,3970.6000,3970.2000,3970.0000,3969.6000,3969.0000,3971.0000,3971.2000,3971.4000,3972.0000,3972.6000,1,1,1,1,7,4,2,1,11,1
SF,IF1912,2019-11-04 09:32:51.500,3970.2000,41378,1,1287426720.000,2,1,1,空开,S,3970.0000,3969.6000,3969.0000,3968.0000,3967.4000,3970.6000,3970.8000,3971.0000,3971.2000,3971.4000,1,1,7,2,1,1,8,4,2,1
SF,IF1912,2019-11-04 09:32:52.000,3970.6000,41379,1,1288617900.000,1,1,0,双开,S,3970.2000,3970.0000,3969.6000,3969.0000,3968.0000,3970.6000,3971.0000,3971.2000,3971.4000,3972.0000,1,6,1,7,2,1,4,2,1,11
SF,IF1912,2019-11-04 09:32:52.500,3970.6000,41379,0,1288617900.000,0,-,-,-,-,3970.2000,3970.0000,3969.6000,3969.0000,3968.0000,3970.6000,3971.0000,3971.2000,3971.4000,3972.0000,1,6,1,7,2,1,4,1,1,11
SF,IF1912,2019-11-04 09:32:53.000,3970.2000,41378,-1,1289808960.000,1,0,1,双平,S,3970.0000,3969.6000,3969.0000,3968.0000,3967.4000,3970.2000,3970.6000,3971.0000,3971.2000,3971.4000,7,1,7,2,1,1,1,5,3,1
SF,IF1912,2019-11-04 09:32:53.500,3970.6000,41377,-1,1293382260.000,3,1,2,多平,S,3970.2000,3970.0000,3969.6000,3969.0000,3968.0000,3971.0000,3971.2000,3971.4000,3972.0000,3972.6000,4,6,1,7,2,4,3,1,11,1
SF,IF1912,2019-11-04 09:32:54.000,3970.6000,41377,0,1293382260.000,0,-,-,-,-,3970.2000,3970.0000,3969.0000,3968.0000,3967.4000,3970.8000,3971.0000,3971.2000,3971.4000,3972.0000,3,5,7,2,1,3,4,4,1,11
SF,IF1912,2019-11-04 09:32:54.500,3970.2000,41376,-1,1294573320.000,1,0,1,双平,S,3970.0000,3969.0000,3968.0000,3967.4000,3967.2000,3970.2000,3970.8000,3971.0000,3971.2000,3971.4000,5,7,2,1,1,3,3,4,4,1
SF,IF1912,2019-11-04 09:32:55.000,3970.2000,41373,-3,1298146500.000,3,0,3,双平,S,3970.4000,3970.2000,3970.0000,3969.0000,3968.0000,3970.8000,3971.0000,3971.2000,3971.4000,3972.0000,3,2,5,7,2,1,4,2,1,11
SF,IF1912,2019-11-04 09:32:55.500,3970.2000,41373,0,1298146500.000,0,-,-,-,-,3970.8000,3970.4000,3970.2000,3970.0000,3969.0000,3971.0000,3971.2000,3971.4000,3972.0000,3972.6000,1,3,3,5,7,4,2,1,11,1
SF,IF1912,2019-11-04 09:32:56.000,3971.0000,41372,-1,1306485600.000,7,3,4,多平,S,3970.4000,3970.2000,3970.0000,3969.0000,3968.0000,3971.2000,3972.0000,3972.6000,3972.8000,3973.2000,4,1,5,7,2,2,11,1,4,1
SF,IF1912,2019-11-04 09:32:56.500,3971.0000,41372,0,1307676900.000,1,0,1,多换,S,3970.8000,3970.4000,3970.2000,3970.0000,3969.0000,3971.0000,3971.2000,3971.6000,3972.0000,3972.6000,1,4,1,5,7,1,2,5,11,1
SF,IF1912,2019-11-04 09:32:57.000,3971.0000,41369,-3,1312442220.000,4,0,4,多平,S,3970.8000,3970.4000,3970.2000,3970.0000,3969.8000,3971.6000,3971.8000,3972.0000,3972.6000,3972.8000,2,4,1,5,1,5,1,11,1,4
SF,IF1912,2019-11-04 09:32:57.500,3971.0000,41369,0,1312442220.000,0,-,-,-,-,3970.8000,3970.4000,3970.2000,3970.0000,3969.8000,3971.6000,3972.0000,3972.6000,3972.8000,3973.2000,3,4,1,5,1,5,10,1,4,1
SF,IF1912,2019-11-04 09:32:58.000,3972.0000,41366,-3,1321974420.000,8,2,6,多平,S,3971.0000,3970.8000,3970.6000,3970.4000,3970.2000,3972.0000,3972.6000,3972.8000,3973.2000,3973.6000,1,2,1,3,1,7,1,4,1,5
SF,IF1912,2019-11-04 09:32:58.500,3972.0000,41360,-6,1330315620.000,7,0,7,多平,S,3971.6000,3971.4000,3971.0000,3970.8000,3970.6000,3972.8000,3973.2000,3973.6000,3973.8000,3974.2000,3,1,1,1,1,1,1,5,3,2
SF,IF1912,2019-11-04 09:32:59.000,3971.8000,41359,-1,1331507160.000,1,0,1,双平,S,3971.8000,3971.6000,3971.2000,3971.0000,3970.8000,3972.6000,3973.2000,3973.6000,3973.8000,3974.2000,1,3,1,1,1,1,1,5,1,2
SF,IF1912,2019-11-04 09:32:59.500,3972.0000,41359,0,1333890540.000,2,1,1,多换,S,3972.0000,3971.8000,3971.2000,3971.0000,3970.8000,3973.0000,3973.2000,3973.6000,3973.8000,3974.2000,1,2,1,1,1,1,1,4,1,2
SF,IF1912,2019-11-04 09:33:00.000,3972.0000,41359,0,1333890540.000,0,-,-,-,-,3972.0000,3971.8000,3971.4000,3971.0000,3970.8000,3973.0000,3973.2000,3973.6000,3973.8000,3974.2000,1,1,1,1,1,1,1,4,1,2
SF,IF1912,2019-11-04 09:33:00.500,3972.8000,41359,0,1336274340.000,2,1,1,多换,S,3972.6000,3972.2000,3972.0000,3971.4000,3970.8000,3973.6000,3973.8000,3974.2000,3974.4000,3974.6000,1,4,2,1,1,4,1,2,4,2
SF,IF1912,2019-11-04 09:33:01.000,3972.8000,41359,0,1336274340.000,0,-,-,-,-,3972.2000,3972.0000,3971.6000,3971.4000,3970.8000,3973.4000,3973.6000,3973.8000,3974.2000,3974.4000,1,3,2,1,1,3,4,1,2,4
SF,IF1912,2019-11-04 09:33:01.500,3972.8000,41359,0,1336274340.000,0,-,-,-,-,3972.4000,3972.0000,3971.6000,3971.4000,3970.8000,3973.2000,3973.4000,3973.6000,3973.8000,3974.2000,1,1,2,1,1,1,3,4,1,2
SF,IF1912,2019-11-04 09:33:02.000,3972.8000,41359,0,1336274340.000,0,-,-,-,-,3972.4000,3972.0000,3971.6000,3970.8000,3970.6000,3972.6000,3973.6000,3973.8000,3974.2000,3974.4000,1,1,2,1,1,1,4,1,2,4
SF,IF1912,2019-11-04 09:33:02.500,3972.6000,41359,0,1337466120.000,1,0,1,多换,S,3972.6000,3972.4000,3972.0000,3971.6000,3970.8000,3973.6000,3973.8000,3974.2000,3974.4000,3974.6000,3,1,1,2,1,4,1,2,4,2
SF,IF1912,2019-11-04 09:33:03.000,3972.6000,41359,0,1337466120.000,0,-,-,-,-,3972.8000,3972.6000,3972.0000,3971.6000,3970.8000,3973.6000,3973.8000,3974.2000,3974.4000,3974.6000,2,2,1,2,1,4,1,2,4,2
SF,IF1912,2019-11-04 09:33:03.500,3972.6000,41359,0,1337466120.000,0,-,-,-,-,3972.8000,3972.6000,3972.0000,3971.6000,3971.4000,3973.6000,3973.8000,3974.2000,3974.4000,3974.6000,2,2,1,2,1,4,1,2,4,2
SF,IF1912,2019-11-04 09:33:04.000,3972.6000,41359,0,1337466120.000,0,-,-,-,-,3972.6000,3972.0000,3971.6000,3971.4000,3970.6000,3973.4000,3973.6000,3973.8000,3974.2000,3974.4000,2,1,2,1,1,1,4,1,2,1
SF,IF1912,2019-11-04 09:33:04.500,3973.6000,41356,-3,1342234380.000,4,0,4,多平,S,3973.2000,3972.8000,3972.6000,3972.0000,3971.6000,3973.6000,3973.8000,3974.2000,3974.4000,3975.0000,1,16,2,1,2,1,1,3,1,11
SF,IF1912,2019-11-04 09:33:05.000,3973.8000,41355,-1,1344618600.000,2,0,2,多平,S,3973.6000,3973.4000,3973.0000,3972.8000,3972.6000,3974.2000,3974.4000,3975.0000,3975.2000,3975.6000,2,2,1,12,2,2,1,11,2,3
SF,IF1912,2019-11-04 09:33:05.500,3973.6000,41354,-1,1345810680.000,1,0,1,双平,S,3973.4000,3973.0000,3972.8000,3972.6000,3972.0000,3974.0000,3974.2000,3974.4000,3975.0000,3975.2000,5,1,12,2,1,1,2,1,11,2
SF,IF1912,2019-11-04 09:33:06.000,3973.6000,41354,0,1345810680.000,0,-,-,-,-,3973.4000,3973.0000,3972.8000,3972.6000,3972.0000,3974.0000,3974.2000,3974.4000,3975.0000,3975.2000,5,1,12,2,1,1,2,1,11,2
SF,IF1912,2019-11-04 09:33:06.500,3973.6000,41349,-5,1351771080.000,5,0,5,双平,S,3973.6000,3973.4000,3973.0000,3972.8000,3972.6000,3974.2000,3974.4000,3975.0000,3975.2000,3975.4000,1,5,1,12,2,2,1,11,2,1
SF,IF1912,2019-11-04 09:33:07.000,3973.6000,41349,0,1351771080.000,0,-,-,-,-,3973.6000,3973.4000,3973.0000,3972.8000,3972.6000,3974.2000,3974.4000,3975.0000,3975.2000,3975.4000,1,5,1,12,2,2,1,11,2,1
SF,IF1912,2019-11-04 09:33:07.500,3974.2000,41348,-1,1354155600.000,2,0,2,多平,S,3973.8000,3973.6000,3973.4000,3973.0000,3972.8000,3974.4000,3975.0000,3975.2000,3975.4000,3975.6000,1,1,5,1,12,1,11,3,1,4
SF,IF1912,2019-11-04 09:33:08.000,3974.4000,41347,-1,1355347920.000,1,0,1,双平,S,3974.2000,3974.0000,3973.4000,3973.0000,3972.8000,3975.0000,3975.2000,3975.6000,3975.8000,3976.0000,2,15,5,1,3,11,3,3,1,3
SF,IF1912,2019-11-04 09:33:08.500,3974.4000,41347,0,1355347920.000,0,-,-,-,-,3974.4000,3974.2000,3974.0000,3973.4000,3973.0000,3975.0000,3975.2000,3975.6000,3975.8000,3976.0000,2,2,12,5,1,11,3,3,1,3
SF,IF1912,2019-11-04 09:33:09.000,3974.4000,41347,0,1355347920.000,0,-,-,-,-,3974.6000,3974.4000,3974.2000,3974.0000,3973.8000,3975.0000,3975.2000,3975.6000,3975.8000,3976.0000,1,2,2,12,1,11,3,3,1,3
SF,IF1912,2019-11-04 09:33:09.500,3974.6000,41347,0,1356540300.000,1,0,1,多换,S,3974.4000,3974.2000,3974.0000,3973.8000,3973.4000,3974.8000,3975.0000,3975.2000,3975.6000,3975.8000,1,2,12,1,5,1,11,3,3,1
SF,IF1912,2019-11-04 09:33:10.000,3974.8000,41346,-1,1357732740.000,1,0,1,双平,S,3974.4000,3974.2000,3974.0000,3973.8000,3973.4000,3975.0000,3975.2000,3975.6000,3975.8000,3976.0000,1,3,12,1,5,11,4,3,1,3
SF,IF1912,2019-11-04 09:33:10.500,3974.0000,41344,-2,1363693980.000,5,1,4,多平,S,3974.0000,3973.4000,3972.8000,3972.0000,3971.6000,3975.0000,3975.2000,3975.6000,3975.8000,3976.0000,10,5,2,1,2,11,3,3,1,3
SF,IF1912,2019-11-04 09:33:11.000,3974.0000,41344,0,1363693980.000,0,-,-,-,-,3974.0000,3973.4000,3972.8000,3972.0000,3971.6000,3974.8000,3975.0000,3975.2000,3975.6000,3975.8000,10,5,2,1,2,2,11,3,3,1
SF,IF1912,2019-11-04 09:33:11.500,3974.8000,41343,-1,1364886420.000,1,0,1,双平,S,3974.8000,3974.4000,3974.2000,3974.0000,3973.4000,3975.0000,3975.2000,3975.6000,3975.8000,3976.0000,3,6,4,9,5,11,3,3,1,3
SF,IF1912,2019-11-04 09:33:12.000,3974.8000,41343,0,1368463740.000,3,1,2,多换,S,3973.4000,3972.8000,3972.0000,3971.4000,3970.6000,3974.8000,3975.0000,3975.2000,3975.6000,3975.8000,6,2,1,2,1,10,11,3,3,1
SF,IF1912,2019-11-04 09:33:12.500,3973.8000,41342,-1,1369655880.000,1,0,1,双平,S,3973.8000,3973.6000,3973.4000,3972.8000,3972.0000,3974.8000,3975.0000,3975.2000,3975.4000,3975.6000,4,12,6,2,1,7,11,3,1,3
SF,IF1912,2019-11-04 09:33:13.000,3974.4000,41342,0,1370848200.000,1,0,1,多换,S,3974.0000,3973.6000,3973.4000,3972.8000,3972.0000,3974.8000,3975.0000,3975.2000,3975.4000,3975.6000,1,9,6,2,1,7,11,3,1,3
SF,IF1912,2019-11-04 09:33:13.500,3973.4000,41340,-2,1378000740.000,6,2,4,多平,S,3973.4000,3972.8000,3972.0000,3971.4000,3970.6000,3973.6000,3974.0000,3974.8000,3975.0000,3975.2000,5,1,1,2,1,1,1,6,11,3
SF,IF1912,2019-11-04 09:33:14.000,3974.0000,41340,0,1382769180.000,4,2,2,多换,S,3973.4000,3973.0000,3972.8000,3972.0000,3971.4000,3974.2000,3974.8000,3975.0000,3975.2000,3975.4000,6,1,1,1,2,1,7,11,3,1
SF,IF1912,2019-11-04 09:33:14.500,3974.0000,41340,0,1382769180.000,0,-,-,-,-,3973.6000,3973.4000,3972.8000,3972.0000,3971.4000,3974.2000,3974.6000,3974.8000,3975.0000,3975.2000,1,5,1,1,2,1,5,7,11,3
SF,IF1912,2019-11-04 09:33:15.000,3974.0000,41340,0,1382769180.000,0,-,-,-,-,3973.4000,3972.8000,3972.0000,3971.4000,3970.6000,3974.2000,3974.6000,3974.8000,3975.0000,3975.2000,5,1,1,1,2,1,5,7,11,2
SF,IF1912,2019-11-04 09:33:16.000,3974.0000,41340,0,1382769180.000,0,-,-,-,-,3973.6000,3973.4000,3972.8000,3972.0000,3971.4000,3974.2000,3974.6000,3974.8000,3975.0000,3975.2000,5,5,1,1,1,1,5,7,11,2
SF,IF1912,2019-11-04 09:33:16.500,3973.6000,41338,-2,1385153340.000,2,0,2,双平,S,3973.8000,3973.4000,3972.8000,3972.0000,3970.6000,3974.2000,3974.6000,3974.8000,3975.0000,3975.2000,1,5,1,1,2,1,5,7,11,2
SF,IF1912,2019-11-04 09:33:17.000,3973.4000,41339,1,1391113500.000,5,3,2,空开,S,3973.4000,3972.0000,3970.6000,3970.2000,3970.0000,3973.6000,3973.8000,3974.0000,3974.2000,3974.6000,1,1,2,2,6,2,1,1,1,5
SF,IF1912,2019-11-04 09:33:17.500,3973.4000,41339,0,1392305520.000,1,0,1,多换,S,3972.0000,3970.6000,3970.2000,3970.0000,3969.8000,3973.4000,3974.0000,3974.6000,3974.8000,3975.0000,1,2,2,6,3,2,1,5,3,11
SF,IF1912,2019-11-04 09:33:18.000,3973.4000,41339,0,1393497540.000,1,0,1,多换,S,3972.8000,3972.2000,3972.0000,3970.6000,3970.2000,3973.8000,3974.0000,3974.6000,3974.8000,3975.0000,4,8,3,2,2,1,1,5,3,11
SF,IF1912,2019-11-04 09:33:18.500,3973.4000,41339,0,1393497540.000,0,-,-,-,-,3973.2000,3973.0000,3972.2000,3972.0000,3970.6000,3973.6000,3973.8000,3974.0000,3974.6000,3974.8000,1,1,2,2,2,2,1,1,6,3
SF,IF1912,2019-11-04 09:33:19.000,3973.2000,41338,-1,1394689500.000,1,0,1,双平,S,3972.2000,3972.0000,3970.6000,3970.2000,3970.0000,3973.6000,3973.8000,3974.0000,3974.6000,3974.8000,2,2,2,2,6,2,1,1,6,3
SF,IF1912,2019-11-04 09:33:19.500,3972.8000,41337,-1,1395881340.000,1,0,1,双平,S,3972.8000,3972.4000,3972.2000,3972.0000,3970.6000,3973.6000,3973.8000,3974.0000,3974.6000,3974.8000,2,6,2,2,2,1,1,1,6,3
SF,IF1912,2019-11-04 09:33:20.000,3973.6000,41337,0,1397073420.000,1,0,1,多换,S,3972.8000,3972.4000,3972.2000,3972.0000,3970.6000,3973.8000,3974.6000,3974.8000,3975.0000,3975.2000,2,6,2,1,2,1,6,3,11,2
SF,IF1912,2019-11-04 09:33:20.500,3973.8000,41338,1,1398265560.000,1,1,0,双开,S,3972.8000,3972.4000,3972.2000,3972.0000,3970.6000,3974.6000,3974.8000,3975.0000,3975.2000,3975.4000,2,6,2,1,2,6,3,11,2,1
SF,IF1912,2019-11-04 09:33:21.000,3973.8000,41338,0,1398265560.000,0,-,-,-,-,3973.0000,3972.4000,3972.0000,3970.6000,3970.2000,3973.8000,3974.0000,3974.2000,3974.4000,3974.6000,2,1,1,2,2,1,3,1,8,6
SF,IF1912,2019-11-04 09:33:21.500,3973.8000,41338,0,1398265560.000,0,-,-,-,-,3973.0000,3972.4000,3972.0000,3970.6000,3970.2000,3973.8000,3974.2000,3974.4000,3974.6000,3974.8000,1,1,1,2,2,1,1,4,6,3
SF,IF1912,2019-11-04 09:33:22.000,3973.8000,41338,0,1398265560.000,0,-,-,-,-,3972.4000,3972.0000,3970.6000,3970.2000,3970.0000,3973.6000,3973.8000,3974.2000,3974.4000,3974.6000,1,1,2,2,6,2,1,1,4,6
SF,IF1912,2019-11-04 09:33:22.500,3973.8000,41338,0,1398265560.000,0,-,-,-,-,3972.6000,3972.0000,3970.6000,3970.2000,3970.0000,3973.6000,3973.8000,3974.2000,3974.4000,3974.6000,4,1,2,2,6,2,1,1,4,6
SF,IF1912,2019-11-04 09:33:23.000,3973.8000,41338,0,1398265560.000,0,-,-,-,-,3972.6000,3972.0000,3970.6000,3970.2000,3970.0000,3973.6000,3973.8000,3974.2000,3974.4000,3974.6000,4,1,2,2,7,2,1,1,4,6
SF,IF1912,2019-11-04 09:33:23.500,3973.8000,41338,0,1398265560.000,0,-,-,-,-,3972.0000,3970.6000,3970.2000,3970.0000,3969.8000,3973.6000,3973.8000,3974.2000,3974.4000,3974.6000,1,2,2,7,1,2,1,1,4,6
SF,IF1912,2019-11-04 09:33:24.000,3973.8000,41338,0,1398265560.000,0,-,-,-,-,3972.2000,3972.0000,3970.6000,3970.2000,3970.0000,3973.4000,3973.6000,3973.8000,3974.2000,3974.4000,3,1,2,2,7,1,2,1,1,4
SF,IF1912,2019-11-04 09:33:24.500,3973.6000,41338,0,1400649720.000,2,1,1,多换,S,3972.2000,3972.0000,3970.6000,3970.2000,3970.0000,3973.8000,3974.2000,3974.4000,3974.6000,3974.8000,3,1,2,2,7,2,1,4,6,3
SF,IF1912,2019-11-04 09:33:25.000,3972.2000,41333,-5,1407800220.000,6,0,6,多平,S,3972.2000,3972.0000,3970.6000,3970.2000,3970.0000,3973.6000,3973.8000,3974.4000,3974.6000,3974.8000,2,1,2,2,7,3,2,4,6,3
SF,IF1912,2019-11-04 09:33:25.500,3972.4000,41331,-2,1411376100.000,3,0,3,多平,S,3972.4000,3972.2000,3972.0000,3970.6000,3970.2000,3973.8000,3974.4000,3974.6000,3974.8000,3975.0000,6,2,1,2,2,1,1,6,3,11
SF,IF1912,2019-11-04 09:33:26.000,3973.8000,41331,0,1412568240.000,1,0,1,多换,S,3972.8000,3972.4000,3972.2000,3972.0000,3970.6000,3974.6000,3974.8000,3975.0000,3975.2000,3975.4000,3,7,1,1,2,6,3,11,3,6
SF,IF1912,2019-11-04 09:33:26.500,3973.0000,41329,-2,1414952040.000,2,0,2,双平,S,3973.0000,3972.8000,3972.4000,3972.2000,3972.0000,3974.4000,3974.6000,3974.8000,3975.0000,3975.2000,10,4,3,1,1,3,6,3,11,2
SF,IF1912,2019-11-04 09:33:27.000,3973.0000,41329,0,1414952040.000,0,-,-,-,-,3973.8000,3973.4000,3973.2000,3973.0000,3972.8000,3974.4000,3974.6000,3974.8000,3975.0000,3975.2000,1,3,3,11,1,3,6,3,11,2
SF,IF1912,2019-11-04 09:33:27.500,3973.0000,41329,0,1414952040.000,0,-,-,-,-,3973.8000,3973.4000,3973.2000,3973.0000,3972.8000,3974.4000,3974.6000,3974.8000,3975.0000,3975.2000,1,1,2,10,1,2,6,3,11,2
SF,IF1912,2019-11-04 09:33:28.000,3973.0000,41329,0,1414952040.000,0,-,-,-,-,3973.8000,3973.2000,3973.0000,3972.8000,3972.4000,3974.4000,3974.6000,3974.8000,3975.0000,3975.2000,1,1,10,1,1,2,6,6,11,2
SF,IF1912,2019-11-04 09:33:28.500,3973.0000,41329,0,1414952040.000,0,-,-,-,-,3973.8000,3973.2000,3973.0000,3972.4000,3972.2000,3974.4000,3974.6000,3974.8000,3975.0000,3975.2000,1,2,10,1,1,2,6,5,11,2
SF,IF1912,2019-11-04 09:33:29.000,3973.8000,41331,2,1417336320.000,2,2,0,双开,S,3973.2000,3973.0000,3972.4000,3972.2000,3972.0000,3974.4000,3974.6000,3974.8000,3975.0000,3975.2000,2,10,1,1,1,2,6,5,11,2
SF,IF1912,2019-11-04 09:33:29.500,3973.8000,41331,0,1417336320.000,0,-,-,-,-,3973.4000,3973.2000,3973.0000,3972.4000,3972.2000,3973.8000,3974.4000,3974.6000,3974.8000,3975.0000,12,2,6,1,1,1,2,6,5,11
SF,IF1912,2019-11-04 09:33:30.000,3973.8000,41330,-1,1418528460.000,1,0,1,双平,S,3974.4000,3973.8000,3973.6000,3973.4000,3973.2000,3974.6000,3974.8000,3975.0000,3975.2000,3975.4000,3,3,1,8,2,6,5,11,2,6
SF,IF1912,2019-11-04 09:33:30.500,3974.4000,41327,-3,1422105420.000,3,0,3,双平,S,3973.8000,3973.6000,3973.2000,3973.0000,3972.4000,3974.2000,3974.4000,3974.6000,3974.8000,3975.0000,2,1,2,2,1,3,7,6,5,11
SF,IF1912,2019-11-04 09:33:31.000,3973.6000,41326,-1,1423297500.000,1,0,1,双平,S,3973.2000,3973.0000,3972.4000,3972.2000,3972.0000,3973.6000,3973.8000,3974.2000,3974.4000,3974.6000,2,2,1,1,3,1,5,3,5,6
SF,IF1912,2019-11-04 09:33:31.500,3973.0000,41323,-3,1426873320.000,3,0,3,双平,S,3972.4000,3972.2000,3972.0000,3970.6000,3970.2000,3973.0000,3973.2000,3973.4000,3973.8000,3974.0000,1,1,3,2,2,1,11,3,4,1
SF,IF1912,2019-11-04 09:33:32.000,3973.0000,41321,-2,1429257120.000,2,0,2,双平,S,3972.6000,3972.4000,3972.2000,3972.0000,3970.6000,3973.2000,3973.8000,3974.0000,3974.6000,3974.8000,3,1,1,3,2,10,4,1,6,5
SF,IF1912,2019-11-04 09:33:32.500,3972.2000,41317,-4,1435215840.000,5,0,5,多平,S,3972.0000,3970.6000,3970.2000,3970.0000,3969.8000,3972.6000,3972.8000,3973.0000,3973.2000,3973.4000,2,2,2,7,1,3,3,1,10,1
SF,IF1912,2019-11-04 09:33:33.000,3972.2000,41317,0,1435215840.000,0,-,-,-,-,3972.0000,3970.6000,3970.2000,3970.0000,3969.8000,3972.4000,3973.0000,3973.2000,3973.4000,3973.6000,2,2,2,7,1,2,1,10,1,1
SF,IF1912,2019-11-04 09:33:33.500,3972.2000,41317,0,1435215840.000,0,-,-,-,-,3972.4000,3972.0000,3970.6000,3970.2000,3970.0000,3973.0000,3973.2000,3973.4000,3973.6000,3973.8000,4,2,2,2,7,1,10,1,1,4
SF,IF1912,2019-11-04 09:33:34.000,3972.2000,41317,0,1435215840.000,0,-,-,-,-,3972.4000,3972.0000,3971.6000,3970.6000,3970.2000,3973.2000,3973.4000,3973.8000,3974.6000,3974.8000,2,2,1,2,2,11,1,4,6,5
SF,IF1912,2019-11-04 09:33:34.500,3972.2000,41317,0,1435215840.000,0,-,-,-,-,3972.0000,3971.6000,3970.6000,3970.2000,3970.0000,3972.8000,3973.0000,3973.2000,3973.4000,3973.8000,2,1,2,2,7,3,1,11,1,4
SF,IF1912,2019-11-04 09:33:35.000,3972.2000,41316,-1,1436407500.000,1,0,1,双平,S,3972.0000,3971.8000,3971.6000,3970.6000,3970.2000,3973.0000,3973.2000,3973.4000,3973.8000,3974.6000,2,1,1,2,2,1,10,1,4,6
SF,IF1912,2019-11-04 09:33:35.500,3972.2000,41316,0,1436407500.000,0,-,-,-,-,3972.0000,3971.6000,3970.6000,3970.2000,3970.0000,3972.4000,3972.8000,3973.0000,3973.2000,3973.4000,2,1,2,2,7,1,1,1,10,1
SF,IF1912,2019-11-04 09:33:36.000,3972.4000,41316,0,1437599220.000,1,0,1,多换,S,3972.2000,3972.0000,3971.6000,3970.6000,3970.2000,3972.8000,3973.2000,3973.4000,3973.8000,3974.6000,1,3,1,1,2,1,10,1,4,6
SF,IF1912,2019-11-04 09:33:36.500,3972.0000,41316,0,1439982480.000,2,1,1,多换,S,3972.0000,3971.6000,3970.6000,3970.2000,3970.0000,3972.4000,3973.2000,3973.4000,3973.8000,3974.0000,1,1,1,2,7,4,10,1,2,1
SF,IF1912,2019-11-04 09:33:37.000,3972.0000,41316,0,1441174080.000,1,0,1,多换,S,3971.6000,3970.6000,3970.2000,3970.0000,3969.8000,3972.4000,3973.2000,3973.4000,3973.8000,3974.0000,1,1,2,7,1,4,10,1,2,1
SF,IF1912,2019-11-04 09:33:37.500,3972.0000,41316,0,1441174080.000,0,-,-,-,-,3970.6000,3970.2000,3970.0000,3969.8000,3969.0000,3972.4000,3973.2000,3973.4000,3973.8000,3974.0000,1,2,7,1,12,3,10,1,2,1
SF,IF1912,2019-11-04 09:33:38.000,3972.0000,41316,0,1442365680.000,1,0,1,多换,S,3970.8000,3970.6000,3970.2000,3970.0000,3969.8000,3972.2000,3972.4000,3972.6000,3973.2000,3973.4000,7,2,2,7,1,2,3,1,10,1
SF,IF1912,2019-11-04 09:33:38.500,3972.0000,41316,0,1442365680.000,0,-,-,-,-,3971.4000,3971.0000,3970.8000,3970.6000,3970.2000,3972.2000,3973.2000,3973.4000,3973.8000,3974.0000,1,5,7,3,2,1,10,1,2,1
SF,IF1912,2019-11-04 09:33:39.000,3972.2000,41316,0,1443557340.000,1,0,1,多换,S,3971.6000,3971.0000,3970.6000,3970.2000,3970.0000,3973.2000,3973.4000,3973.8000,3974.0000,3974.6000,4,2,3,2,7,10,1,2,1,6
SF,IF1912,2019-11-04 09:33:39.500,3971.6000,41314,-2,1447131780.000,3,0,3,多平,S,3971.0000,3970.6000,3970.2000,3970.0000,3969.8000,3971.6000,3971.8000,3972.6000,3973.0000,3973.2000,1,3,2,7,1,2,3,1,5,10
SF,IF1912,2019-11-04 09:33:40.000,3971.6000,41312,-2,1449514740.000,2,0,2,双平,S,3972.2000,3971.2000,3971.0000,3970.6000,3970.2000,3973.0000,3973.2000,3973.4000,3973.8000,3974.0000,1,5,1,3,2,1,10,1,2,1
SF,IF1912,2019-11-04 09:33:40.500,3972.2000,41312,0,1450706400.000,1,0,1,多换,S,3971.2000,3971.0000,3970.6000,3970.2000,3970.0000,3972.0000,3972.2000,3973.0000,3973.2000,3973.4000,1,1,3,2,7,1,4,1,10,1
SF,IF1912,2019-11-04 09:33:41.000,3972.0000,41310,-2,1453089600.000,2,0,2,双平,S,3972.0000,3971.4000,3971.2000,3970.6000,3970.2000,3972.2000,3973.0000,3973.2000,3973.4000,3973.8000,1,1,1,2,2,3,1,10,1,2
SF,IF1912,2019-11-04 09:33:41.500,3972.2000,41307,-3,1456664580.000,3,0,3,双平,S,3971.4000,3970.6000,3970.2000,3970.0000,3969.8000,3973.0000,3973.2000,3973.4000,3973.8000,3974.0000,1,2,2,7,1,1,10,1,2,1
SF,IF1912,2019-11-04 09:33:42.000,3971.8000,41304,-3,1460239200.000,3,0,3,双平,S,3971.6000,3971.4000,3970.6000,3970.2000,3970.0000,3972.8000,3973.0000,3973.2000,3973.4000,3973.8000,6,2,2,2,7,3,1,10,1,2
SF,IF1912,2019-11-04 09:33:42.500,3971.8000,41304,0,1460239200.000,0,-,-,-,-,3971.6000,3971.4000,3970.6000,3970.2000,3970.0000,3972.8000,3973.0000,3973.2000,3973.4000,3973.8000,6,1,2,2,7,2,1,10,1,2
SF,IF1912,2019-11-04 09:33:43.000,3972.8000,41303,-1,1461431040.000,1,0,1,双平,S,3971.8000,3971.6000,3971.4000,3970.6000,3970.2000,3972.8000,3973.2000,3973.4000,3973.8000,3974.0000,9,5,1,2,2,1,10,1,2,1
SF,IF1912,2019-11-04 09:33:43.500,3972.8000,41303,0,1461431040.000,0,-,-,-,-,3972.0000,3971.8000,3971.6000,3970.6000,3970.2000,3972.8000,3973.2000,3973.4000,3973.8000,3974.0000,2,6,3,2,2,1,10,1,2,1
SF,IF1912,2019-11-04 09:33:44.000,3972.8000,41302,-1,1462622880.000,1,0,1,双平,S,3972.4000,3972.2000,3972.0000,3971.8000,3971.6000,3973.0000,3973.2000,3973.8000,3974.0000,3974.6000,4,5,3,3,3,1,10,2,1,6
SF,IF1912,2019-11-04 09:33:44.500,3972.8000,41302,0,1462622880.000,0,-,-,-,-,3972.6000,3972.4000,3972.2000,3972.0000,3971.8000,3973.0000,3973.2000,3973.8000,3974.0000,3974.6000,1,4,5,1,3,2,10,2,1,6
SF,IF1912,2019-11-04 09:33:45.000,3973.0000,41298,-4,1467390600.000,4,0,4,双平,S,3972.8000,3972.6000,3972.4000,3972.2000,3972.0000,3973.2000,3973.8000,3974.0000,3974.6000,3974.8000,1,2,4,5,1,8,2,1,6,5
SF,IF1912,2019-11-04 09:33:45.500,3973.0000,41291,-7,1476926220.000,8,0,8,多平,S,3973.0000,3972.8000,3972.6000,3972.4000,3972.2000,3973.2000,3973.8000,3974.0000,3974.6000,3974.8000,1,1,1,4,6,1,2,1,6,5
SF,IF1912,2019-11-04 09:33:46.000,3973.2000,41290,-1,1478118180.000,1,0,1,双平,S,3973.2000,3973.0000,3972.8000,3972.6000,3972.4000,3973.8000,3974.0000,3974.6000,3974.8000,3975.0000,3,1,1,1,4,2,1,6,5,16
SF,IF1912,2019-11-04 09:33:46.500,3973.2000,41286,-4,1482886020.000,4,0,4,双平,S,3973.0000,3972.8000,3972.4000,3972.2000,3972.0000,3973.2000,3973.6000,3973.8000,3974.0000,3974.6000,1,1,4,6,1,1,3,2,1,6
SF,IF1912,2019-11-04 09:33:47.000,3973.2000,41286,0,1482886020.000,0,-,-,-,-,3973.0000,3972.8000,3972.4000,3972.2000,3972.0000,3973.2000,3973.8000,3974.0000,3974.6000,3974.8000,1,1,4,6,1,1,2,1,6,5
SF,IF1912,2019-11-04 09:33:47.500,3973.2000,41285,-1,1484077980.000,1,0,1,双平,S,3973.0000,3972.8000,3972.4000,3972.2000,3972.0000,3973.8000,3974.0000,3974.6000,3974.8000,3975.0000,1,1,4,6,1,3,1,6,5,16
SF,IF1912,2019-11-04 09:33:48.000,3973.2000,41285,0,1484077980.000,0,-,-,-,-,3973.0000,3972.8000,3972.4000,3972.2000,3972.0000,3973.2000,3973.8000,3974.0000,3974.6000,3974.8000,1,1,4,6,1,1,3,1,6,5
SF,IF1912,2019-11-04 09:33:48.500,3973.2000,41284,-1,1485269940.000,1,0,1,双平,S,3973.0000,3972.8000,3972.4000,3972.2000,3971.8000,3973.8000,3974.0000,3974.6000,3974.8000,3975.0000,1,1,4,6,3,2,1,6,5,16
SF,IF1912,2019-11-04 09:33:49.000,3973.2000,41284,0,1485269940.000,0,-,-,-,-,3973.2000,3973.0000,3972.8000,3972.6000,3972.4000,3973.8000,3974.0000,3974.6000,3974.8000,3975.0000,2,18,1,1,4,2,1,6,5,16
SF,IF1912,2019-11-04 09:33:49.500,3973.2000,41284,0,1485269940.000,0,-,-,-,-,3973.2000,3973.0000,3972.8000,3972.6000,3972.4000,3973.8000,3974.0000,3974.6000,3974.8000,3975.0000,3,18,1,1,4,2,1,6,5,16
SF,IF1912,2019-11-04 09:33:50.000,3973.2000,41284,0,1485269940.000,0,-,-,-,-,3973.2000,3973.0000,3972.8000,3972.6000,3972.4000,3973.8000,3974.0000,3974.6000,3974.8000,3975.0000,3,18,1,1,4,2,2,6,5,16
SF,IF1912,2019-11-04 09:33:50.500,3973.2000,41284,0,1485269940.000,0,-,-,-,-,3973.4000,3973.2000,3973.0000,3972.8000,3972.6000,3973.8000,3974.0000,3974.6000,3974.8000,3975.0000,3,3,18,1,1,2,2,6,5,16
SF,IF1912,2019-11-04 09:33:51.000,3973.8000,41283,-1,1487654220.000,2,0,2,多平,S,3973.2000,3973.0000,3972.8000,3972.6000,3972.4000,3974.0000,3974.6000,3974.8000,3975.0000,3975.2000,2,18,1,1,4,2,6,5,16,2
SF,IF1912,2019-11-04 09:33:51.500,3973.8000,41283,0,1487654220.000,0,-,-,-,-,3973.6000,3973.4000,3973.2000,3973.0000,3972.8000,3974.0000,3974.6000,3974.8000,3975.0000,3975.2000,1,2,1,17,1,2,6,5,16,2
SF,IF1912,2019-11-04 09:33:52.000,3974.0000,41282,-1,1490038500.000,2,0,2,多平,S,3973.4000,3973.2000,3973.0000,3972.8000,3972.6000,3974.0000,3974.6000,3974.8000,3975.0000,3975.2000,1,1,17,2,1,1,6,6,16,2
SF,IF1912,2019-11-04 09:33:52.500,3974.0000,41282,0,1490038500.000,0,-,-,-,-,3973.2000,3973.0000,3972.8000,3972.6000,3972.2000,3973.8000,3974.0000,3974.6000,3974.8000,3975.0000,1,17,2,1,3,2,1,6,6,16
SF,IF1912,2019-11-04 09:33:54.000,3973.8000,41281,-1,1491230640.000,1,0,1,双平,S,3973.2000,3973.0000,3972.8000,3972.6000,3972.2000,3973.8000,3974.0000,3974.6000,3974.8000,3975.0000,1,17,2,1,3,2,1,6,6,16
SF,IF1912,2019-11-04 09:33:54.500,3973.8000,41281,0,1491230640.000,0,-,-,-,-,3973.2000,3973.0000,3972.8000,3972.6000,3972.2000,3973.6000,3973.8000,3974.0000,3974.6000,3974.8000,1,17,2,1,3,1,3,1,6,6
SF,IF1912,2019-11-04 09:33:55.000,3973.8000,41281,0,1491230640.000,0,-,-,-,-,3973.2000,3973.0000,3972.8000,3972.6000,3972.2000,3973.6000,3973.8000,3974.0000,3974.6000,3974.8000,1,17,2,1,3,1,2,1,6,6
SF,IF1912,2019-11-04 09:33:55.500,3973.8000,41281,0,1491230640.000,0,-,-,-,-,3973.2000,3973.0000,3972.8000,3972.6000,3972.2000,3973.4000,3973.6000,3973.8000,3974.0000,3974.6000,2,17,2,1,3,1,1,2,1,6
SF,IF1912,2019-11-04 09:33:56.000,3973.6000,41281,0,1492422720.000,1,0,1,多换,S,3973.4000,3973.2000,3973.0000,3972.8000,3972.6000,3973.8000,3974.0000,3974.6000,3974.8000,3975.0000,1,2,17,2,1,3,1,6,6,16
SF,IF1912,2019-11-04 09:33:56.500,3973.6000,41281,0,1492422720.000,0,-,-,-,-,3973.2000,3973.0000,3972.8000,3972.6000,3972.2000,3973.6000,3973.8000,3974.0000,3974.6000,3974.8000,2,17,2,1,3,2,3,1,6,6
SF,IF1912,2019-11-04 09:33:57.000,3973.6000,41281,0,1493614800.000,1,0,1,多换,S,3973.2000,3973.0000,3972.8000,3972.6000,3972.2000,3973.6000,3973.8000,3974.0000,3974.6000,3974.8000,2,18,2,1,3,1,3,2,6,6
SF,IF1912,2019-11-04 09:33:57.500,3973.2000,41281,0,1495998720.000,2,1,1,多换,S,3973.0000,3972.8000,3972.6000,3972.2000,3971.8000,3973.6000,3973.8000,3974.0000,3974.6000,3974.8000,17,2,1,3,3,1,3,3,6,6
SF,IF1912,2019-11-04 09:33:58.000,3973.2000,41281,0,1495998720.000,0,-,-,-,-,3973.4000,3973.2000,3973.0000,3972.8000,3972.6000,3973.6000,3973.8000,3974.0000,3974.6000,3974.8000,1,1,17,2,1,1,3,3,6,6
SF,IF1912,2019-11-04 09:33:58.500,3973.2000,41281,0,1495998720.000,0,-,-,-,-,3973.4000,3973.2000,3973.0000,3972.8000,3972.6000,3973.6000,3973.8000,3974.0000,3974.6000,3974.8000,1,1,17,2,1,1,2,3,6,6
SF,IF1912,2019-11-04 09:33:59.000,3973.4000,41281,0,1497190740.000,1,0,1,多换,S,3973.2000,3973.0000,3972.8000,3972.6000,3972.2000,3973.6000,3973.8000,3974.0000,3974.6000,3974.8000,1,17,2,1,3,1,2,3,6,7
SF,IF1912,2019-11-04 09:33:59.500,3973.0000,41280,-1,1501958400.000,4,1,3,多平,S,3973.0000,3972.8000,3972.6000,3972.2000,3971.8000,3973.2000,3973.6000,3973.8000,3974.0000,3974.6000,14,2,1,3,3,2,1,2,3,6
SF,IF1912,2019-11-04 09:34:00.000,3973.0000,41280,0,1501958400.000,0,-,-,-,-,3973.0000,3972.8000,3972.6000,3972.2000,3971.8000,3973.2000,3973.6000,3973.8000,3974.0000,3974.6000,15,2,1,3,3,2,1,2,3,6
SF,IF1912,2019-11-04 09:34:00.500,3973.2000,41278,-2,1504342320.000,2,0,2,双平,S,3973.0000,3972.8000,3972.6000,3972.2000,3971.8000,3973.6000,3973.8000,3974.0000,3974.6000,3974.8000,15,2,2,3,3,2,2,3,6,7
SF,IF1912,2019-11-04 09:34:01.000,3973.2000,41278,0,1504342320.000,0,-,-,-,-,3973.0000,3972.8000,3972.6000,3972.2000,3971.8000,3973.6000,3973.8000,3974.0000,3974.6000,3974.8000,15,2,1,3,3,2,2,3,6,7
SF,IF1912,2019-11-04 09:34:01.500,3973.0000,41278,0,1506726120.000,2,1,1,多换,S,3973.0000,3972.8000,3972.6000,3972.2000,3971.8000,3973.6000,3973.8000,3974.0000,3974.6000,3974.8000,13,2,1,3,3,2,2,3,6,7
SF,IF1912,2019-11-04 09:34:02.000,3973.0000,41278,0,1509109920.000,2,1,1,多换,S,3973.0000,3972.8000,3972.6000,3972.2000,3971.8000,3973.6000,3973.8000,3974.0000,3974.6000,3974.8000,11,2,1,3,3,2,2,3,6,7
SF,IF1912,2019-11-04 09:34:02.500,3973.0000,41279,1,1521028920.000,10,5,5,空开,S,3973.0000,3972.8000,3972.2000,3971.8000,3971.6000,3973.4000,3973.6000,3973.8000,3974.0000,3974.6000,1,2,1,3,2,2,2,2,3,6
SF,IF1912,2019-11-04 09:34:03.000,3973.0000,41277,-2,1525796400.000,4,1,3,多平,S,3972.2000,3971.8000,3971.6000,3970.6000,3970.2000,3973.0000,3973.2000,3973.4000,3973.6000,3973.8000,1,3,2,2,1,1,1,2,1,3
SF,IF1912,2019-11-04 09:34:03.500,3973.0000,41277,0,1525796400.000,0,-,-,-,-,3973.0000,3972.4000,3972.2000,3971.8000,3971.6000,3973.4000,3973.6000,3973.8000,3974.0000,3974.6000,3,2,1,2,2,2,1,3,3,6
SF,IF1912,2019-11-04 09:34:04.000,3973.0000,41273,-4,1531755900.000,5,0,5,多平,S,3972.4000,3972.2000,3971.8000,3971.6000,3970.6000,3973.0000,3973.2000,3973.4000,3973.6000,3973.8000,1,1,1,2,2,2,5,2,1,3
SF,IF1912,2019-11-04 09:34:04.500,3971.6000,41272,-1,1535330760.000,3,1,2,多平,S,3970.6000,3970.2000,3970.0000,3969.8000,3969.0000,3972.8000,3973.0000,3973.2000,3973.4000,3973.6000,2,1,8,1,16,3,1,2,1,1
SF,IF1912,2019-11-04 09:34:05.000,3971.6000,41272,0,1535330760.000,0,-,-,-,-,3971.4000,3971.0000,3970.8000,3970.6000,3970.2000,3972.4000,3972.6000,3972.8000,3973.2000,3973.4000,7,5,7,2,1,1,1,4,1,1
SF,IF1912,2019-11-04 09:34:05.500,3971.6000,41271,-1,1536522240.000,1,0,1,双平,S,3971.2000,3970.8000,3970.6000,3970.2000,3970.0000,3972.2000,3972.4000,3972.8000,3973.2000,3973.6000,1,5,2,1,7,6,1,2,1,1
SF,IF1912,2019-11-04 09:34:06.000,3972.2000,41270,-1,1537713900.000,1,0,1,双平,S,3971.2000,3970.8000,3970.6000,3970.2000,3970.0000,3972.2000,3972.6000,3972.8000,3973.2000,3973.6000,1,5,2,1,7,1,1,2,1,1
SF,IF1912,2019-11-04 09:34:06.500,3972.2000,41269,-1,1538905560.000,1,0,1,双平,S,3971.2000,3970.8000,3970.6000,3970.2000,3970.0000,3972.0000,3972.8000,3973.2000,3973.6000,3973.8000,1,5,2,1,7,1,1,1,1,3
SF,IF1912,2019-11-04 09:34:07.000,3972.8000,41268,-1,1541289000.000,2,0,2,多平,S,3972.0000,3971.2000,3970.8000,3970.6000,3970.2000,3973.2000,3973.6000,3973.8000,3974.0000,3974.2000,1,1,5,2,1,1,1,3,3,2
SF,IF1912,2019-11-04 09:34:07.500,3972.8000,41268,0,1541289000.000,0,-,-,-,-,3972.0000,3970.8000,3970.6000,3970.2000,3970.0000,3972.8000,3973.0000,3973.2000,3973.6000,3973.8000,1,5,2,1,7,3,3,1,1,3
SF,IF1912,2019-11-04 09:34:08.000,3972.0000,41267,-1,1542480600.000,1,0,1,双平,S,3970.8000,3970.6000,3970.2000,3970.0000,3969.8000,3972.8000,3973.0000,3973.2000,3973.8000,3974.0000,4,2,1,7,1,3,2,1,3,3
SF,IF1912,2019-11-04 09:34:08.500,3972.0000,41267,0,1542480600.000,0,-,-,-,-,3971.6000,3971.2000,3971.0000,3970.8000,3970.6000,3972.6000,3973.0000,3973.2000,3973.8000,3974.0000,3,4,13,5,2,3,1,1,3,3
SF,IF1912,2019-11-04 09:34:09.000,3972.0000,41267,0,1542480600.000,0,-,-,-,-,3970.8000,3970.6000,3970.2000,3970.0000,3969.8000,3972.6000,3973.0000,3973.2000,3973.8000,3974.0000,5,2,1,7,1,2,2,1,4,3
SF,IF1912,2019-11-04 09:34:09.500,3972.0000,41267,0,1542480600.000,0,-,-,-,-,3971.2000,3971.0000,3970.8000,3970.6000,3970.2000,3972.4000,3972.6000,3973.0000,3973.2000,3973.8000,3,5,5,2,1,1,2,2,1,4
SF,IF1912,2019-11-04 09:34:10.000,3972.2000,41267,0,1543672260.000,1,0,1,多换,S,3971.2000,3971.0000,3970.8000,3970.6000,3970.2000,3972.4000,3972.6000,3973.0000,3973.2000,3973.8000,3,6,5,2,1,1,2,5,1,4
SF,IF1912,2019-11-04 09:34:10.500,3972.0000,41267,0,1544863860.000,1,0,1,多换,S,3971.2000,3971.0000,3970.8000,3970.6000,3970.2000,3972.2000,3972.4000,3972.6000,3973.0000,3973.2000,3,1,5,2,1,1,1,1,5,1
SF,IF1912,2019-11-04 09:34:11.000,3971.4000,41265,-2,1547246700.000,2,0,2,双平,S,3970.8000,3970.6000,3970.2000,3970.0000,3969.8000,3972.2000,3972.4000,3972.6000,3973.0000,3973.2000,1,1,1,7,1,2,1,1,5,1
SF,IF1912,2019-11-04 09:34:11.500,3970.8000,41265,0,1548437940.000,1,0,1,多换,S,3970.2000,3970.0000,3969.8000,3969.6000,3969.2000,3970.6000,3971.6000,3972.0000,3972.2000,3972.4000,1,7,1,1,1,1,1,8,2,1
SF,IF1912,2019-11-04 09:34:12.000,3970.6000,41264,-1,1549629120.000,1,0,1,双平,S,3970.6000,3970.4000,3970.0000,3969.8000,3969.6000,3972.0000,3972.2000,3972.4000,3972.6000,3973.0000,1,2,7,1,1,5,1,1,1,4
