市场代码,合约代码,时间,最新,持仓,增仓,成交额,成交量,开仓,平仓,成交类型,方向,买一价,买二价,买三价,买四价,买五价,卖一价,卖二价,卖三价,卖四价,卖五价,买一量,买二量,买三量,买四量,买五量,卖一量,卖二量,卖三量,卖四量,卖五量
SF,IF1911,2019-11-15 09:29:00.300,3906.0000,18372,0,148818600.000,127.000,-,-,-,-,3905.8000,3905.2000,3904.2000,3904.0000,3903.8000,3906.0000,3906.2000,3906.4000,3906.8000,3907.0000,1,1,1,2,1,51,1,5,1,100
SF,IF1911,2019-11-15 09:30:00.300,3906.0000,18317,-55,215608320.000,57,1,56,多平,S,3903.0000,3902.0000,3901.6000,3901.4000,3901.0000,3906.0000,3906.2000,3906.4000,3906.8000,3907.0000,2,2,1,2,2,3,1,5,1,101
SF,IF1911,2019-11-15 09:30:00.800,3906.0000,18231,-86,321077280.000,90,2,88,多平,S,3905.8000,3904.8000,3904.0000,3903.6000,3903.4000,3907.0000,3907.2000,3907.6000,3907.8000,3908.0000,2,1,1,3,1,77,2,6,2,55
SF,IF1911,2019-11-15 09:30:01.300,3906.4000,18212,-19,345688860.000,21,1,20,多平,S,3906.0000,3905.8000,3905.0000,3904.8000,3904.4000,3907.0000,3907.2000,3907.6000,3907.8000,3908.0000,6,4,1,1,1,70,2,6,2,55
SF,IF1911,2019-11-15 09:30:01.800,3907.0000,18194,-18,366785700.000,18,0,18,双平,S,3906.2000,3906.0000,3905.8000,3905.0000,3904.0000,3907.0000,3907.2000,3907.6000,3907.8000,3908.0000,3,10,3,1,1,58,2,6,2,55
SF,IF1911,2019-11-15 09:30:02.300,3906.2000,18162,-32,404291940.000,32,0,32,双平,S,3906.2000,3906.0000,3905.8000,3905.0000,3904.0000,3907.0000,3907.2000,3907.6000,3907.8000,3908.0000,7,9,3,1,1,32,2,6,2,55
SF,IF1911,2019-11-15 09:30:02.800,3907.0000,18154,-8,413667300.000,8,0,8,双平,S,3906.2000,3906.0000,3905.8000,3905.0000,3904.0000,3907.0000,3907.2000,3907.6000,3907.8000,3908.0000,2,9,3,1,1,31,2,6,3,55
SF,IF1911,2019-11-15 09:30:03.300,3906.4000,18148,-6,423043020.000,8,1,7,多平,S,3906.4000,3906.2000,3906.0000,3905.8000,3905.0000,3907.0000,3907.2000,3907.6000,3907.8000,3908.0000,1,1,9,3,1,29,2,6,3,55
SF,IF1911,2019-11-15 09:30:03.800,3906.4000,18142,-6,430074900.000,6,0,6,双平,S,3906.4000,3906.0000,3905.8000,3905.0000,3904.0000,3907.0000,3907.2000,3907.6000,3907.8000,3908.0000,1,9,3,1,1,30,2,6,3,55
SF,IF1911,2019-11-15 09:30:04.300,3906.4000,18141,-1,431246820.000,1,0,1,双平,S,3906.0000,3905.8000,3905.0000,3904.0000,3903.8000,3906.8000,3907.0000,3907.2000,3907.6000,3907.8000,9,3,1,1,2,2,30,2,6,3
SF,IF1911,2019-11-15 09:30:04.800,3906.0000,18131,-10,444138420.000,11,0,11,多平,S,3906.0000,3905.8000,3905.0000,3904.0000,3903.8000,3907.0000,3907.2000,3907.6000,3907.8000,3908.0000,5,3,1,1,2,26,2,6,3,55
SF,IF1911,2019-11-15 09:30:05.300,3906.4000,18129,-2,446482440.000,2,0,2,双平,S,3906.2000,3906.0000,3905.8000,3905.0000,3904.0000,3906.6000,3907.0000,3907.2000,3907.6000,3907.8000,1,5,3,1,1,1,25,2,6,3
SF,IF1911,2019-11-15 09:30:05.800,3906.2000,18121,-8,455857320.000,8,0,8,双平,S,3906.0000,3905.8000,3905.0000,3904.0000,3903.8000,3906.6000,3907.0000,3907.2000,3907.6000,3907.8000,3,3,1,1,2,1,25,2,6,3
SF,IF1911,2019-11-15 09:30:06.300,3906.2000,18116,-5,461717460.000,5,0,5,双平,S,3906.0000,3905.8000,3905.0000,3904.0000,3903.8000,3907.0000,3907.2000,3907.6000,3907.8000,3908.0000,3,3,1,1,2,22,2,6,3,55
SF,IF1911,2019-11-15 09:30:06.800,3906.0000,18111,-5,468748740.000,6,0,6,多平,S,3905.8000,3905.0000,3904.0000,3903.8000,3903.2000,3906.0000,3906.8000,3907.0000,3907.2000,3907.6000,3,1,1,2,1,17,2,22,2,6
SF,IF1911,2019-11-15 09:30:07.300,3905.0000,18104,-7,476950800.000,7,0,7,双平,S,3904.0000,3903.8000,3903.2000,3903.0000,3902.2000,3905.8000,3906.0000,3906.6000,3906.8000,3907.0000,1,2,1,5,3,1,15,1,5,22
SF,IF1911,2019-11-15 09:30:07.800,3905.6000,18102,-2,479294160.000,2,0,2,双平,S,3905.0000,3904.8000,3904.2000,3904.0000,3903.2000,3905.6000,3905.8000,3906.0000,3906.6000,3906.8000,2,3,16,1,1,3,1,15,1,3
SF,IF1911,2019-11-15 09:30:08.300,3905.2000,18100,-2,481637400.000,2,0,2,双平,S,3905.2000,3904.8000,3904.6000,3904.4000,3904.2000,3905.8000,3906.0000,3906.4000,3906.6000,3906.8000,9,1,1,1,13,1,16,1,1,3
SF,IF1911,2019-11-15 09:30:08.800,3905.8000,18098,-2,483980880.000,2,0,2,双平,S,3905.8000,3905.6000,3905.4000,3905.2000,3904.8000,3906.0000,3906.4000,3906.6000,3906.8000,3907.0000,10,2,7,13,1,16,1,1,2,22
SF,IF1911,2019-11-15 09:30:09.300,3906.0000,18091,-7,492183420.000,7,0,7,双平,S,3905.8000,3905.6000,3905.4000,3905.2000,3904.8000,3906.0000,3906.4000,3906.6000,3906.8000,3907.0000,9,2,7,10,1,10,1,1,1,21
SF,IF1911,2019-11-15 09:30:09.800,3906.0000,18083,-8,501557580.000,8,0,8,双平,S,3905.8000,3905.4000,3905.2000,3904.8000,3904.6000,3906.0000,3906.4000,3906.6000,3906.8000,3907.0000,5,8,8,1,1,7,1,1,1,21
SF,IF1911,2019-11-15 09:30:10.300,3905.8000,18074,-9,512103540.000,9,0,9,双平,S,3905.8000,3905.4000,3905.2000,3904.8000,3904.6000,3906.0000,3906.4000,3906.6000,3906.8000,3907.0000,1,7,7,3,1,1,1,1,4,21
SF,IF1911,2019-11-15 09:30:10.800,3906.0000,18072,-2,514447140.000,2,0,2,双平,S,3906.0000,3905.8000,3905.6000,3905.4000,3905.2000,3906.4000,3906.6000,3906.8000,3907.0000,3907.2000,3,1,1,7,6,1,1,4,20,2
SF,IF1911,2019-11-15 09:30:11.300,3906.0000,18066,-6,521478120.000,6,0,6,双平,S,3906.2000,3906.0000,3905.8000,3905.6000,3905.4000,3906.4000,3906.6000,3906.8000,3907.0000,3907.2000,1,1,1,1,5,1,2,4,20,2
SF,IF1911,2019-11-15 09:30:11.800,3906.0000,18064,-2,523821780.000,2,0,2,双平,S,3906.0000,3905.8000,3905.6000,3905.4000,3905.2000,3906.2000,3906.4000,3906.6000,3906.8000,3907.0000,1,1,1,5,3,2,1,2,4,21
SF,IF1911,2019-11-15 09:30:12.300,3906.2000,18063,-1,524993640.000,1,0,1,双平,S,3906.0000,3905.8000,3905.6000,3905.4000,3905.2000,3906.2000,3906.4000,3906.6000,3906.8000,3907.0000,3,1,1,5,2,8,1,2,4,20
SF,IF1911,2019-11-15 09:30:12.800,3906.0000,18060,-3,528509040.000,3,0,3,双平,S,3905.8000,3905.6000,3905.4000,3905.2000,3904.8000,3906.2000,3906.4000,3906.6000,3906.8000,3907.0000,1,1,5,2,3,6,2,2,4,21
SF,IF1911,2019-11-15 09:30:13.300,3906.2000,18058,-2,530852760.000,2,0,2,双平,S,3906.0000,3905.8000,3905.6000,3905.4000,3905.2000,3906.2000,3906.4000,3906.6000,3906.8000,3907.0000,1,1,1,5,2,5,2,2,4,21
SF,IF1911,2019-11-15 09:30:13.800,3906.2000,18055,-3,534368340.000,3,0,3,双平,S,3906.0000,3905.8000,3905.6000,3905.4000,3905.2000,3906.2000,3906.4000,3906.6000,3906.8000,3907.0000,2,1,1,5,2,3,3,2,4,19
SF,IF1911,2019-11-15 09:30:14.300,3906.2000,18053,-2,536712060.000,2,0,2,双平,S,3906.0000,3905.8000,3905.6000,3905.4000,3905.2000,3906.2000,3906.4000,3906.6000,3906.8000,3907.0000,2,1,1,7,2,1,3,2,4,19
SF,IF1911,2019-11-15 09:30:14.800,3906.4000,18052,-1,539055840.000,2,0,2,多平,S,3906.2000,3906.0000,3905.8000,3905.6000,3905.4000,3906.4000,3906.6000,3906.8000,3907.0000,3907.2000,4,2,1,1,7,2,2,4,19,2
SF,IF1911,2019-11-15 09:30:15.300,3906.2000,18050,-2,541399620.000,2,0,2,双平,S,3906.2000,3906.0000,3905.8000,3905.6000,3905.4000,3906.4000,3906.6000,3906.8000,3907.0000,3907.2000,5,2,1,1,7,1,1,4,19,2
SF,IF1911,2019-11-15 09:30:15.800,3906.4000,18049,-1,542571540.000,1,0,1,双平,S,3906.4000,3906.2000,3906.0000,3905.8000,3905.6000,3906.6000,3906.8000,3907.0000,3907.2000,3907.6000,2,4,2,1,1,2,4,19,2,6
SF,IF1911,2019-11-15 09:30:16.300,3906.2000,18044,-5,548431020.000,5,0,5,双平,S,3906.2000,3906.0000,3905.8000,3905.6000,3905.4000,3906.6000,3906.8000,3907.0000,3907.2000,3907.6000,1,2,1,1,5,2,4,19,2,6
SF,IF1911,2019-11-15 09:30:16.800,3906.6000,18042,-2,550774860.000,2,0,2,双平,S,3906.6000,3906.4000,3906.0000,3905.8000,3905.6000,3906.8000,3907.0000,3907.2000,3907.6000,3907.8000,1,4,2,1,1,4,19,2,6,5
SF,IF1911,2019-11-15 09:30:17.300,3906.4000,18037,-5,556634520.000,5,0,5,双平,S,3906.0000,3905.8000,3905.6000,3905.4000,3905.2000,3906.4000,3906.6000,3906.8000,3907.0000,3907.2000,2,1,1,2,2,1,5,4,19,2
SF,IF1911,2019-11-15 09:30:17.800,3906.0000,18035,-2,558978120.000,2,0,2,双平,S,3906.2000,3906.0000,3905.8000,3905.6000,3905.4000,3906.4000,3906.6000,3906.8000,3907.0000,3907.2000,2,1,1,1,2,1,6,4,19,2
SF,IF1911,2019-11-15 09:30:18.300,3906.4000,18032,-3,562493760.000,3,0,3,双平,S,3906.0000,3905.8000,3905.6000,3905.4000,3905.2000,3906.6000,3906.8000,3907.0000,3907.2000,3907.6000,1,1,1,2,2,6,4,19,2,6
SF,IF1911,2019-11-15 09:30:18.800,3906.0000,18031,-1,564837360.000,2,0,2,多平,S,3905.6000,3905.4000,3905.2000,3905.0000,3904.6000,3906.2000,3906.6000,3906.8000,3907.0000,3907.2000,1,2,2,2,2,1,5,5,19,2
SF,IF1911,2019-11-15 09:30:19.300,3906.0000,18031,0,564837360.000,0,-,-,-,-,3905.8000,3905.6000,3905.4000,3905.2000,3905.0000,3906.0000,3906.2000,3906.4000,3906.6000,3906.8000,2,1,2,2,2,1,1,1,5,6
SF,IF1911,2019-11-15 09:30:19.800,3905.2000,18024,-7,573039000.000,7,0,7,双平,S,3905.2000,3905.0000,3904.6000,3904.2000,3904.0000,3905.6000,3906.0000,3906.2000,3906.4000,3906.6000,1,2,2,2,2,1,3,1,1,5
SF,IF1911,2019-11-15 09:30:20.300,3905.0000,18020,-4,577725420.000,4,0,4,双平,S,3904.6000,3904.2000,3904.0000,3903.0000,3902.8000,3905.8000,3906.0000,3906.2000,3906.4000,3906.6000,1,2,2,6,1,1,2,2,1,5
SF,IF1911,2019-11-15 09:30:20.800,3904.8000,18019,-1,578896860.000,1,0,1,双平,S,3904.8000,3904.6000,3904.2000,3904.0000,3903.0000,3905.2000,3905.4000,3905.6000,3905.8000,3906.0000,2,1,2,2,6,1,1,4,1,2
SF,IF1911,2019-11-15 09:30:21.300,3905.0000,18016,-3,585925680.000,6,1,5,多平,S,3904.6000,3904.4000,3904.2000,3903.0000,3902.8000,3905.0000,3905.2000,3905.4000,3905.6000,3906.0000,1,2,2,6,1,4,3,2,4,2
SF,IF1911,2019-11-15 09:30:21.800,3904.6000,18011,-5,592954500.000,6,0,6,多平,S,3904.2000,3903.0000,3902.8000,3902.2000,3902.0000,3904.6000,3904.8000,3905.2000,3905.4000,3905.6000,2,6,1,3,2,1,1,3,2,3
SF,IF1911,2019-11-15 09:30:22.300,3905.2000,18006,-5,599983380.000,6,0,6,多平,S,3904.6000,3904.4000,3904.2000,3903.0000,3902.8000,3905.4000,3905.6000,3906.0000,3906.2000,3906.4000,15,1,2,6,1,1,2,2,2,1
SF,IF1911,2019-11-15 09:30:22.800,3904.8000,18003,-3,603497820.000,3,0,3,双平,S,3904.8000,3904.6000,3904.4000,3903.0000,3902.8000,3905.2000,3905.4000,3905.6000,3906.0000,3906.2000,2,15,1,6,1,3,1,2,2,2
SF,IF1911,2019-11-15 09:30:23.300,3904.6000,18001,-2,607012080.000,3,0,3,多平,S,3905.0000,3904.6000,3904.4000,3903.0000,3902.8000,3905.2000,3905.4000,3905.6000,3906.0000,3906.2000,2,14,1,6,1,3,1,2,2,2
SF,IF1911,2019-11-15 09:30:23.800,3905.2000,17999,-2,610526520.000,3,0,3,多平,S,3904.6000,3904.4000,3903.0000,3902.8000,3902.2000,3905.2000,3905.4000,3905.6000,3906.0000,3906.2000,14,1,6,1,3,1,1,2,2,1
SF,IF1911,2019-11-15 09:30:24.300,3904.6000,17998,-1,612869460.000,2,0,2,多平,S,3904.6000,3904.4000,3903.0000,3902.8000,3902.2000,3905.0000,3905.2000,3905.4000,3905.6000,3905.8000,13,1,6,1,3,5,1,1,1,1
SF,IF1911,2019-11-15 09:30:24.800,3904.8000,17994,-4,618726780.000,5,0,5,多平,S,3904.6000,3904.4000,3903.0000,3902.8000,3902.2000,3904.8000,3905.0000,3905.2000,3905.4000,3905.6000,12,1,6,1,3,1,1,2,1,1
SF,IF1911,2019-11-15 09:30:25.300,3905.0000,17992,-2,624583860.000,5,1,4,多平,S,3904.6000,3904.4000,3903.0000,3902.8000,3902.2000,3905.2000,3905.4000,3905.6000,3905.8000,3906.0000,9,1,6,1,3,1,1,1,1,2
SF,IF1911,2019-11-15 09:30:25.800,3904.6000,17992,0,625755240.000,1,0,1,多换,S,3904.8000,3904.6000,3904.4000,3903.4000,3903.0000,3905.0000,3905.2000,3905.4000,3905.6000,3905.8000,3,8,2,1,6,2,1,1,1,1
SF,IF1911,2019-11-15 09:30:26.300,3905.0000,17989,-3,630441300.000,4,0,4,多平,S,3905.0000,3904.8000,3904.6000,3904.4000,3903.4000,3905.4000,3905.6000,3905.8000,3906.0000,3906.2000,1,4,10,2,1,1,1,1,2,1
SF,IF1911,2019-11-15 09:30:26.800,3905.2000,17986,-3,635127240.000,4,0,4,多平,S,3904.8000,3904.6000,3904.4000,3903.4000,3903.0000,3905.2000,3905.4000,3905.6000,3905.8000,3906.0000,3,10,2,1,6,4,1,1,1,2
SF,IF1911,2019-11-15 09:30:27.300,3905.2000,17982,-4,639813360.000,4,0,4,双平,S,3904.8000,3904.6000,3904.4000,3903.4000,3903.0000,3905.2000,3905.4000,3905.6000,3905.8000,3906.0000,2,10,2,1,6,1,1,1,1,2
SF,IF1911,2019-11-15 09:30:27.800,3904.8000,17982,0,640984800.000,1,0,1,多换,S,3905.0000,3904.8000,3904.6000,3904.4000,3903.4000,3905.2000,3905.4000,3905.6000,3905.8000,3906.0000,1,2,10,2,1,1,1,1,1,2
SF,IF1911,2019-11-15 09:30:28.300,3904.8000,17978,-4,645670620.000,4,0,4,双平,S,3904.6000,3904.4000,3903.4000,3903.0000,3902.8000,3905.0000,3905.2000,3905.4000,3905.6000,3905.8000,10,2,1,6,1,1,1,1,1,1
SF,IF1911,2019-11-15 09:30:28.800,3905.0000,17977,-1,646842120.000,1,0,1,双平,S,3904.6000,3904.4000,3903.4000,3903.0000,3902.8000,3905.2000,3905.4000,3905.6000,3905.8000,3906.0000,11,2,1,6,1,5,1,1,1,2
SF,IF1911,2019-11-15 09:30:29.300,3905.0000,17976,-1,651527760.000,4,1,3,多平,S,3904.6000,3904.4000,3903.4000,3903.0000,3902.8000,3905.2000,3905.4000,3905.6000,3905.8000,3906.0000,8,2,1,7,1,5,1,1,1,2
SF,IF1911,2019-11-15 09:30:29.800,3905.2000,17972,-4,656214000.000,4,0,4,双平,S,3904.8000,3904.6000,3904.4000,3903.4000,3903.0000,3905.2000,3905.4000,3905.6000,3905.8000,3906.0000,1,7,2,1,7,1,1,1,1,2
SF,IF1911,2019-11-15 09:30:30.300,3904.6000,17971,-1,658556820.000,2,0,2,多平,S,3904.6000,3904.4000,3903.4000,3903.0000,3902.8000,3905.2000,3905.4000,3905.6000,3905.8000,3906.0000,6,2,1,7,1,1,1,1,1,2
SF,IF1911,2019-11-15 09:30:30.800,3904.8000,17968,-3,663242580.000,4,0,4,多平,S,3904.6000,3904.4000,3903.4000,3903.0000,3902.8000,3905.0000,3905.2000,3905.4000,3905.6000,3905.8000,5,2,1,7,1,1,3,1,1,1
SF,IF1911,2019-11-15 09:30:31.300,3904.8000,17967,-1,667928160.000,4,1,3,多平,S,3904.8000,3904.6000,3904.4000,3903.4000,3903.0000,3905.0000,3905.2000,3905.6000,3905.8000,3906.0000,3,2,2,1,7,1,2,1,1,3
SF,IF1911,2019-11-15 09:30:31.800,3904.8000,17963,-4,672613980.000,4,0,4,双平,S,3905.0000,3904.8000,3904.6000,3904.4000,3904.0000,3905.2000,3905.6000,3905.8000,3906.0000,3906.2000,2,1,2,1,2,2,1,1,3,1
SF,IF1911,2019-11-15 09:30:32.300,3905.2000,17957,-6,679642860.000,6,0,6,双平,S,3904.6000,3904.4000,3904.0000,3903.4000,3903.0000,3905.2000,3905.6000,3905.8000,3906.0000,3906.2000,2,1,2,1,7,1,1,1,3,1
SF,IF1911,2019-11-15 09:30:32.800,3905.0000,17951,-6,686671440.000,6,0,6,双平,S,3904.8000,3904.4000,3904.0000,3903.8000,3903.4000,3905.2000,3905.6000,3905.8000,3906.0000,3906.2000,2,1,2,1,1,1,1,1,3,1
SF,IF1911,2019-11-15 09:30:33.300,3905.0000,17947,-4,692528880.000,5,0,5,多平,S,3904.6000,3904.4000,3904.0000,3903.8000,3903.4000,3905.6000,3905.8000,3906.0000,3906.2000,3906.4000,1,1,2,1,1,1,1,3,1,1
SF,IF1911,2019-11-15 09:30:33.800,3905.2000,17945,-2,696043380.000,3,0,3,多平,S,3904.8000,3904.4000,3904.0000,3903.8000,3903.4000,3905.2000,3905.6000,3905.8000,3906.0000,3906.2000,2,1,2,1,1,4,1,1,3,1
SF,IF1911,2019-11-15 09:30:34.300,3905.8000,17940,-5,701901360.000,5,0,5,双平,S,3904.8000,3904.4000,3904.0000,3903.8000,3903.6000,3906.0000,3906.2000,3906.4000,3906.6000,3906.8000,1,1,2,1,1,3,1,1,4,8
SF,IF1911,2019-11-15 09:30:34.800,3904.8000,17939,-1,703072800.000,1,0,1,双平,S,3904.4000,3904.0000,3903.8000,3903.6000,3903.4000,3904.8000,3905.8000,3906.0000,3906.2000,3906.4000,1,2,1,1,1,1,9,4,1,1
SF,IF1911,2019-11-15 09:30:35.300,3904.8000,17936,-3,706587120.000,3,0,3,双平,S,3904.8000,3904.4000,3904.0000,3903.8000,3903.6000,3905.8000,3906.0000,3906.2000,3906.4000,3906.6000,7,1,2,1,1,7,4,1,1,4
SF,IF1911,2019-11-15 09:30:35.800,3904.8000,17934,-2,708930000.000,2,0,2,双平,S,3904.8000,3904.6000,3904.4000,3903.8000,3903.6000,3905.6000,3905.8000,3906.0000,3906.2000,3906.6000,7,2,1,1,1,1,6,3,1,4
SF,IF1911,2019-11-15 09:30:36.300,3904.8000,17933,-1,710101440.000,1,0,1,双平,S,3904.8000,3904.6000,3904.4000,3903.8000,3903.6000,3905.4000,3905.6000,3905.8000,3906.0000,3906.2000,6,2,1,1,1,1,1,6,3,1
SF,IF1911,2019-11-15 09:30:36.800,3905.2000,17929,-4,714787320.000,4,0,4,双平,S,3904.8000,3904.6000,3904.4000,3903.8000,3903.6000,3905.4000,3905.8000,3906.0000,3906.2000,3906.6000,3,2,1,1,1,1,4,3,1,4
SF,IF1911,2019-11-15 09:30:37.300,3904.8000,17925,-4,719473080.000,4,0,4,双平,S,3904.6000,3904.4000,3903.8000,3903.6000,3903.4000,3905.4000,3905.8000,3906.0000,3906.2000,3906.6000,3,1,1,1,1,3,4,3,1,4
SF,IF1911,2019-11-15 09:30:37.800,3905.4000,17924,-1,720644700.000,1,0,1,双平,S,3904.6000,3904.4000,3903.8000,3903.6000,3903.4000,3905.8000,3906.0000,3906.2000,3906.6000,3906.8000,3,1,1,1,1,4,3,1,4,8
SF,IF1911,2019-11-15 09:30:38.300,3904.8000,17922,-2,722987580.000,2,0,2,双平,S,3904.8000,3904.6000,3904.4000,3903.8000,3903.6000,3905.6000,3905.8000,3906.0000,3906.2000,3906.6000,1,3,1,1,1,1,2,3,1,4
SF,IF1911,2019-11-15 09:30:38.800,3905.8000,17918,-4,727674420.000,4,0,4,双平,S,3905.8000,3905.0000,3904.8000,3904.6000,3904.4000,3906.0000,3906.2000,3906.6000,3906.8000,3907.0000,7,1,1,3,1,3,1,2,8,19
SF,IF1911,2019-11-15 09:30:39.300,3906.0000,17913,-5,733533180.000,5,0,5,双平,S,3905.8000,3905.0000,3904.6000,3904.4000,3903.8000,3906.0000,3906.2000,3906.6000,3906.8000,3907.0000,23,1,3,1,1,3,1,2,8,19
SF,IF1911,2019-11-15 09:30:39.800,3905.8000,17907,-6,740563920.000,6,0,6,双平,S,3906.0000,3905.8000,3905.0000,3904.6000,3904.4000,3906.2000,3906.6000,3906.8000,3907.0000,3907.2000,2,22,1,3,1,1,2,8,19,1
SF,IF1911,2019-11-15 09:30:40.300,3906.2000,17902,-5,746422740.000,5,0,5,双平,S,3906.2000,3905.8000,3904.8000,3904.6000,3904.4000,3906.6000,3906.8000,3907.0000,3907.2000,3907.6000,2,20,1,1,1,2,8,19,1,6
SF,IF1911,2019-11-15 09:30:40.800,3906.4000,17899,-3,749938560.000,3,0,3,双平,S,3906.2000,3905.8000,3905.2000,3904.8000,3904.6000,3906.4000,3906.6000,3906.8000,3907.0000,3907.2000,4,20,2,1,1,1,3,8,19,1
SF,IF1911,2019-11-15 09:30:41.300,3906.4000,17898,-1,751110480.000,1,0,1,双平,S,3906.4000,3906.2000,3905.8000,3905.2000,3904.8000,3906.8000,3907.0000,3907.2000,3907.6000,3907.8000,2,4,20,2,1,8,19,1,6,6
SF,IF1911,2019-11-15 09:30:41.800,3906.4000,17898,0,751110480.000,0,-,-,-,-,3906.4000,3906.2000,3905.8000,3905.2000,3904.8000,3906.8000,3907.0000,3907.2000,3907.6000,3907.8000,3,4,20,2,1,8,19,1,6,6
SF,IF1911,2019-11-15 09:30:42.300,3906.4000,17895,-3,754626240.000,3,0,3,双平,S,3906.2000,3905.8000,3904.8000,3904.6000,3904.4000,3906.4000,3906.6000,3906.8000,3907.0000,3907.2000,4,20,1,1,1,2,1,9,19,1
SF,IF1911,2019-11-15 09:30:42.800,3905.8000,17888,-7,765172980.000,9,1,8,多平,S,3905.8000,3904.8000,3904.6000,3904.4000,3904.0000,3906.8000,3907.0000,3907.2000,3907.6000,3907.8000,18,1,1,1,2,9,19,1,6,6
SF,IF1911,2019-11-15 09:30:43.300,3905.8000,17888,0,765172980.000,0,-,-,-,-,3906.4000,3905.8000,3905.2000,3904.8000,3904.6000,3906.6000,3906.8000,3907.0000,3907.2000,3907.6000,1,18,2,1,1,2,8,19,1,6
SF,IF1911,2019-11-15 09:30:43.800,3905.8000,17888,0,766344720.000,1,0,1,多换,S,3906.4000,3905.8000,3905.2000,3904.8000,3904.6000,3906.8000,3907.0000,3907.2000,3907.6000,3907.8000,1,18,2,1,1,8,19,1,6,6
SF,IF1911,2019-11-15 09:30:44.300,3906.2000,17887,-1,769860240.000,3,1,2,多平,S,3905.8000,3904.8000,3904.6000,3904.4000,3904.0000,3906.2000,3906.4000,3906.8000,3907.0000,3907.2000,19,1,1,2,2,1,1,8,19,1
SF,IF1911,2019-11-15 09:30:44.800,3906.4000,17885,-2,772204020.000,2,0,2,双平,S,3906.0000,3905.8000,3904.8000,3904.6000,3904.4000,3906.6000,3906.8000,3907.0000,3907.2000,3907.6000,1,19,1,1,2,1,9,19,1,6
SF,IF1911,2019-11-15 09:30:45.300,3906.0000,17884,-1,773375820.000,1,0,1,双平,S,3906.2000,3906.0000,3905.8000,3904.8000,3904.6000,3906.6000,3906.8000,3907.0000,3907.2000,3907.6000,1,2,19,1,1,1,9,19,1,6
SF,IF1911,2019-11-15 09:30:45.800,3906.2000,17883,-1,776891400.000,3,1,2,多平,S,3906.2000,3906.0000,3905.8000,3904.8000,3904.6000,3906.6000,3906.8000,3907.0000,3907.2000,3907.6000,2,2,19,1,1,1,9,19,1,6
SF,IF1911,2019-11-15 09:30:46.300,3906.8000,17881,-2,780407280.000,3,0,3,多平,S,3906.2000,3906.0000,3905.8000,3904.8000,3904.6000,3906.8000,3907.0000,3907.2000,3907.6000,3907.8000,1,2,19,1,1,8,19,1,6,6
SF,IF1911,2019-11-15 09:30:46.800,3906.2000,17879,-2,782751060.000,2,0,2,双平,S,3906.0000,3905.8000,3904.8000,3904.6000,3904.4000,3906.8000,3907.0000,3907.2000,3907.6000,3907.8000,2,19,1,1,2,11,19,1,6,6
SF,IF1911,2019-11-15 09:30:47.300,3906.2000,17879,0,782751060.000,0,-,-,-,-,3906.0000,3905.8000,3904.8000,3904.6000,3904.4000,3906.6000,3906.8000,3907.0000,3907.2000,3907.6000,2,19,1,1,2,5,8,20,1,6
SF,IF1911,2019-11-15 09:30:47.800,3906.0000,17877,-2,785094660.000,2,0,2,双平,S,3905.8000,3904.8000,3904.6000,3904.4000,3904.0000,3906.0000,3906.6000,3906.8000,3907.0000,3907.2000,19,1,1,2,2,1,3,8,20,1
SF,IF1911,2019-11-15 09:30:48.300,3906.0000,17868,-9,795641400.000,9,0,9,双平,S,3905.8000,3904.8000,3904.6000,3904.4000,3904.0000,3906.0000,3906.8000,3907.0000,3907.2000,3907.6000,19,1,1,2,2,4,8,20,1,6
SF,IF1911,2019-11-15 09:30:48.800,3906.0000,17864,-4,800328600.000,4,0,4,双平,S,3906.0000,3905.8000,3904.8000,3904.6000,3904.4000,3906.2000,3906.4000,3906.8000,3907.0000,3907.2000,4,19,1,1,2,1,3,8,20,1
SF,IF1911,2019-11-15 09:30:49.300,3906.0000,17862,-2,802672260.000,2,0,2,双平,S,3906.2000,3906.0000,3905.8000,3904.8000,3904.6000,3906.4000,3906.8000,3907.0000,3907.2000,3907.6000,1,6,19,2,1,3,8,19,1,6
SF,IF1911,2019-11-15 09:30:49.800,3906.0000,17859,-3,806187780.000,3,0,3,双平,S,3906.0000,3905.8000,3904.8000,3904.6000,3904.4000,3906.4000,3906.8000,3907.0000,3907.2000,3907.6000,5,19,2,1,2,3,8,20,1,6
SF,IF1911,2019-11-15 09:30:50.300,3906.2000,17855,-4,810875040.000,4,0,4,双平,S,3906.2000,3906.0000,3905.8000,3904.8000,3904.6000,3906.4000,3906.6000,3906.8000,3907.0000,3907.2000,1,2,17,2,1,3,1,9,20,1
SF,IF1911,2019-11-15 09:30:50.800,3906.4000,17854,-1,812046960.000,1,0,1,双平,S,3906.2000,3906.0000,3905.8000,3904.8000,3904.6000,3906.4000,3906.6000,3906.8000,3907.0000,3907.2000,1,2,19,2,1,2,1,10,20,1
SF,IF1911,2019-11-15 09:30:51.300,3906.4000,17851,-3,815562660.000,3,0,3,双平,S,3906.0000,3905.8000,3904.8000,3904.6000,3904.4000,3906.6000,3906.8000,3907.0000,3907.2000,3907.6000,2,17,2,1,2,1,10,20,1,6
SF,IF1911,2019-11-15 09:30:51.800,3906.2000,17848,-3,819078360.000,3,0,3,双平,S,3906.0000,3905.8000,3905.2000,3904.8000,3904.6000,3906.6000,3906.8000,3907.0000,3907.2000,3907.6000,1,17,2,2,1,1,10,20,1,6
SF,IF1911,2019-11-15 09:30:52.300,3906.2000,17848,0,819078360.000,0,-,-,-,-,3906.0000,3905.8000,3905.2000,3904.8000,3904.6000,3906.4000,3906.6000,3906.8000,3907.0000,3907.2000,1,17,2,2,1,4,2,10,20,1
SF,IF1911,2019-11-15 09:30:52.800,3906.0000,17847,-1,820250160.000,1,0,1,双平,S,3905.8000,3904.8000,3904.6000,3904.4000,3904.2000,3906.4000,3906.6000,3906.8000,3907.0000,3907.2000,17,2,1,2,2,4,2,10,20,1
SF,IF1911,2019-11-15 09:30:53.300,3906.4000,17846,-1,821422080.000,1,0,1,双平,S,3905.8000,3905.0000,3904.8000,3904.6000,3904.4000,3906.0000,3906.4000,3906.6000,3906.8000,3907.0000,17,2,2,1,2,1,3,2,11,20
SF,IF1911,2019-11-15 09:30:53.800,3905.8000,17846,0,827280840.000,5,2,3,多换,S,3905.8000,3905.2000,3905.0000,3904.8000,3904.6000,3906.4000,3906.6000,3906.8000,3907.0000,3907.2000,13,1,2,2,1,3,2,11,20,1
SF,IF1911,2019-11-15 09:30:54.300,3906.4000,17842,-4,831968520.000,4,0,4,双平,S,3905.8000,3905.6000,3905.2000,3904.8000,3904.6000,3906.0000,3906.6000,3906.8000,3907.0000,3907.2000,13,2,1,2,1,1,2,11,20,1
SF,IF1911,2019-11-15 09:30:54.800,3905.8000,17840,-2,840170760.000,7,2,5,多平,S,3905.8000,3905.2000,3904.8000,3904.6000,3904.4000,3906.6000,3906.8000,3907.0000,3907.2000,3907.6000,8,1,2,1,2,2,11,20,1,6
SF,IF1911,2019-11-15 09:30:55.300,3906.4000,17837,-3,843686400.000,3,0,3,双平,S,3906.2000,3905.8000,3905.2000,3905.0000,3904.8000,3906.6000,3906.8000,3907.0000,3907.2000,3907.6000,2,8,1,2,2,4,11,20,1,6
SF,IF1911,2019-11-15 09:30:55.800,3906.2000,17835,-2,846030120.000,2,0,2,双平,S,3906.0000,3905.8000,3905.2000,3905.0000,3904.8000,3906.2000,3906.6000,3906.8000,3907.0000,3907.2000,1,8,1,2,2,1,6,11,20,1
SF,IF1911,2019-11-15 09:30:56.300,3906.0000,17832,-3,849545760.000,3,0,3,双平,S,3905.8000,3905.2000,3904.8000,3904.6000,3904.4000,3906.6000,3906.8000,3907.0000,3907.2000,3907.6000,9,1,2,1,2,5,11,20,1,6
SF,IF1911,2019-11-15 09:30:56.800,3905.8000,17832,0,851889240.000,2,1,1,多换,S,3905.8000,3905.6000,3905.2000,3904.8000,3904.6000,3906.6000,3906.8000,3907.0000,3907.2000,3907.6000,7,2,1,2,1,5,11,20,1,6
SF,IF1911,2019-11-15 09:30:57.300,3906.6000,17827,-5,857749140.000,5,0,5,双平,S,3906.0000,3905.8000,3905.6000,3905.2000,3905.0000,3906.6000,3906.8000,3907.0000,3907.2000,3907.6000,1,7,2,1,1,5,11,20,1,6
SF,IF1911,2019-11-15 09:30:57.800,3906.8000,17826,-1,864781080.000,6,2,4,多平,S,3906.0000,3905.8000,3905.6000,3905.2000,3905.0000,3906.8000,3907.0000,3907.2000,3907.6000,3907.8000,1,7,2,1,1,10,20,1,6,6
SF,IF1911,2019-11-15 09:30:58.300,3906.8000,17825,-1,865953120.000,1,0,1,双平,S,3906.2000,3906.0000,3905.8000,3905.2000,3905.0000,3906.8000,3907.0000,3907.2000,3907.6000,3907.8000,2,1,6,1,1,9,20,1,6,6
SF,IF1911,2019-11-15 09:30:58.800,3906.8000,17824,-1,867125160.000,1,0,1,双平,S,3906.6000,3906.2000,3906.0000,3905.8000,3905.2000,3906.8000,3907.0000,3907.2000,3907.6000,3907.8000,1,3,1,6,1,8,20,1,6,6
SF,IF1911,2019-11-15 09:30:59.300,3906.6000,17820,-4,871813020.000,4,0,4,双平,S,3906.2000,3906.0000,3905.8000,3905.2000,3905.0000,3906.6000,3906.8000,3907.0000,3907.2000,3907.6000,1,1,9,1,1,2,7,20,1,6
SF,IF1911,2019-11-15 09:30:59.800,3906.6000,17817,-3,875328960.000,3,0,3,双平,S,3906.6000,3906.0000,3905.8000,3905.2000,3905.0000,3906.8000,3907.0000,3907.2000,3907.6000,3907.8000,2,1,9,1,1,7,20,1,6,6
SF,IF1911,2019-11-15 09:31:00.300,3906.6000,17812,-5,881188860.000,5,0,5,双平,S,3906.0000,3905.8000,3905.2000,3905.0000,3904.8000,3906.6000,3906.8000,3907.0000,3907.2000,3907.6000,1,9,1,2,2,5,7,20,1,6
SF,IF1911,2019-11-15 09:31:00.800,3906.6000,17812,0,881188860.000,0,-,-,-,-,3906.2000,3906.0000,3905.8000,3905.2000,3905.0000,3906.4000,3906.6000,3906.8000,3907.0000,3907.2000,3,1,8,1,2,3,7,7,20,1
SF,IF1911,2019-11-15 09:31:01.300,3906.2000,17804,-8,890563560.000,8,0,8,双平,S,3905.8000,3905.2000,3905.0000,3904.8000,3904.6000,3906.4000,3906.6000,3906.8000,3907.0000,3907.2000,8,3,2,2,1,3,8,7,20,1
SF,IF1911,2019-11-15 09:31:01.800,3905.8000,17804,0,894078780.000,3,1,2,多换,S,3905.8000,3905.2000,3905.0000,3904.8000,3904.6000,3906.4000,3906.6000,3906.8000,3907.0000,3907.2000,4,3,2,2,1,3,8,7,20,1
SF,IF1911,2019-11-15 09:31:02.300,3906.4000,17801,-3,897594420.000,3,0,3,双平,S,3906.0000,3905.8000,3905.2000,3905.0000,3904.8000,3906.2000,3906.4000,3906.6000,3906.8000,3907.0000,1,4,3,2,2,1,2,7,7,20
SF,IF1911,2019-11-15 09:31:02.800,3906.0000,17797,-4,905797020.000,7,1,6,多平,S,3905.8000,3905.2000,3905.0000,3904.8000,3904.6000,3906.2000,3906.4000,3906.6000,3906.8000,3907.0000,1,1,1,2,1,1,1,13,7,20
SF,IF1911,2019-11-15 09:31:03.300,3906.0000,17792,-5,911656380.000,5,0,5,双平,S,3906.0000,3905.8000,3905.2000,3905.0000,3904.8000,3906.6000,3906.8000,3907.0000,3907.2000,3907.6000,3,2,1,1,4,12,7,20,1,6
SF,IF1911,2019-11-15 09:31:03.800,3906.0000,17787,-5,917515380.000,5,0,5,双平,S,3906.2000,3906.0000,3905.8000,3905.2000,3905.0000,3906.4000,3906.6000,3906.8000,3907.0000,3907.2000,2,2,1,1,1,5,13,7,20,1
SF,IF1911,2019-11-15 09:31:04.300,3906.2000,17786,-1,918687240.000,1,0,1,双平,S,3906.2000,3906.0000,3905.8000,3905.2000,3905.0000,3906.4000,3906.6000,3906.8000,3907.0000,3907.2000,4,2,1,1,1,3,13,7,20,1
SF,IF1911,2019-11-15 09:31:04.800,3906.2000,17780,-6,925718400.000,6,0,6,双平,S,3906.0000,3905.8000,3905.4000,3905.2000,3905.0000,3906.4000,3906.6000,3906.8000,3907.0000,3907.2000,2,1,2,1,1,3,14,7,20,1
SF,IF1911,2019-11-15 09:31:05.300,3906.4000,17777,-3,929234160.000,3,0,3,双平,S,3906.2000,3906.0000,3905.8000,3905.4000,3905.2000,3906.6000,3906.8000,3907.0000,3907.2000,3907.6000,2,2,1,2,1,13,7,20,1,6
SF,IF1911,2019-11-15 09:31:05.800,3906.0000,17773,-4,933921480.000,4,0,4,双平,S,3905.8000,3905.4000,3905.2000,3905.0000,3904.8000,3906.4000,3906.6000,3906.8000,3907.0000,3907.2000,1,2,1,1,2,1,14,7,20,1
SF,IF1911,2019-11-15 09:31:06.300,3906.6000,17770,-3,937437360.000,3,0,3,双平,S,3906.2000,3906.0000,3905.8000,3905.4000,3905.2000,3906.6000,3906.8000,3907.0000,3907.2000,3907.6000,1,1,2,2,1,12,7,19,1,6
SF,IF1911,2019-11-15 09:31:06.800,3905.8000,17767,-3,942124500.000,4,0,4,多平,S,3905.4000,3905.2000,3905.0000,3904.8000,3904.6000,3906.6000,3906.8000,3907.0000,3907.2000,3907.6000,2,1,1,2,1,14,7,19,1,6
SF,IF1911,2019-11-15 09:31:07.300,3906.4000,17764,-3,945640260.000,3,0,3,双平,S,3906.0000,3905.6000,3905.4000,3905.2000,3905.0000,3906.6000,3906.8000,3907.0000,3907.2000,3907.6000,1,2,2,1,1,15,7,19,1,6
SF,IF1911,2019-11-15 09:31:07.800,3905.4000,17762,-2,949155600.000,3,0,3,多平,S,3905.4000,3905.2000,3905.0000,3904.8000,3904.6000,3906.4000,3906.6000,3906.8000,3907.0000,3907.2000,1,1,1,2,1,2,15,7,19,1
SF,IF1911,2019-11-15 09:31:08.300,3905.4000,17762,0,949155600.000,0,-,-,-,-,3905.8000,3905.6000,3905.2000,3905.0000,3904.8000,3906.2000,3906.4000,3906.6000,3906.8000,3907.0000,1,4,1,1,2,1,1,15,7,19
SF,IF1911,2019-11-15 09:31:08.800,3905.4000,17762,0,949155600.000,0,-,-,-,-,3905.8000,3905.2000,3905.0000,3904.8000,3904.6000,3906.0000,3906.2000,3906.4000,3906.6000,3906.8000,3,1,3,2,1,1,1,1,15,7
SF,IF1911,2019-11-15 09:31:09.300,3905.2000,17758,-4,955014180.000,5,0,5,多平,S,3905.0000,3904.8000,3904.6000,3904.4000,3904.2000,3905.8000,3906.2000,3906.6000,3906.8000,3907.0000,3,2,1,2,3,1,2,15,7,19
SF,IF1911,2019-11-15 09:31:09.800,3905.8000,17757,-1,956185920.000,1,0,1,双平,S,3905.2000,3905.0000,3904.8000,3904.6000,3904.4000,3905.6000,3906.6000,3906.8000,3907.0000,3907.2000,1,3,2,1,2,1,15,7,19,1
SF,IF1911,2019-11-15 09:31:10.300,3905.2000,17755,-2,958529220.000,2,0,2,双平,S,3905.0000,3904.8000,3904.6000,3904.4000,3904.2000,3906.2000,3906.6000,3906.8000,3907.0000,3907.2000,1,2,1,2,3,2,15,7,19,1
SF,IF1911,2019-11-15 09:31:10.800,3906.0000,17752,-3,962044620.000,3,0,3,双平,S,3905.2000,3905.0000,3904.8000,3904.6000,3904.4000,3906.2000,3906.6000,3906.8000,3907.0000,3907.2000,2,1,2,1,4,2,15,7,21,1
SF,IF1911,2019-11-15 09:31:11.300,3906.2000,17750,-2,964388100.000,2,0,2,双平,S,3905.4000,3905.2000,3905.0000,3904.8000,3904.6000,3906.2000,3906.6000,3906.8000,3907.0000,3907.2000,1,2,1,2,1,1,15,7,21,1
SF,IF1911,2019-11-15 09:31:11.800,3906.2000,17749,-1,965559960.000,1,0,1,双平,S,3905.6000,3905.4000,3905.2000,3905.0000,3904.8000,3906.0000,3906.6000,3906.8000,3907.0000,3907.2000,1,1,3,1,2,1,16,7,21,1
SF,IF1911,2019-11-15 09:31:12.300,3906.0000,17748,-1,966731760.000,1,0,1,双平,S,3906.0000,3905.8000,3905.6000,3905.2000,3905.0000,3906.6000,3906.8000,3907.0000,3907.2000,3907.6000,1,2,3,3,3,16,7,19,1,6
SF,IF1911,2019-11-15 09:31:12.800,3906.0000,17747,-1,967903560.000,1,0,1,双平,S,3906.0000,3905.8000,3905.6000,3905.2000,3905.0000,3906.4000,3906.6000,3906.8000,3907.0000,3907.2000,1,2,3,5,3,1,16,7,19,1
SF,IF1911,2019-11-15 09:31:13.300,3906.0000,17747,0,967903560.000,0,-,-,-,-,3906.2000,3906.0000,3905.8000,3905.6000,3905.2000,3906.4000,3906.6000,3906.8000,3907.0000,3907.2000,2,2,2,3,9,1,16,7,19,1
SF,IF1911,2019-11-15 09:31:13.800,3906.4000,17745,-2,970247400.000,2,0,2,双平,S,3906.4000,3906.2000,3906.0000,3905.8000,3905.6000,3906.6000,3906.8000,3907.0000,3907.2000,3907.6000,1,2,2,2,3,15,7,19,1,6
SF,IF1911,2019-11-15 09:31:14.300,3906.6000,17739,-6,977279100.000,6,0,6,双平,S,3906.4000,3906.2000,3906.0000,3905.8000,3905.6000,3906.6000,3906.8000,3907.0000,3907.2000,3907.6000,1,1,1,4,2,11,7,19,1,6
SF,IF1911,2019-11-15 09:31:14.800,3906.6000,17735,-4,984310800.000,6,1,5,多平,S,3906.0000,3905.8000,3905.6000,3905.2000,3905.0000,3906.4000,3906.6000,3906.8000,3907.0000,3907.2000,1,3,2,10,2,2,7,7,19,1
SF,IF1911,2019-11-15 09:31:15.300,3905.8000,17729,-6,991341900.000,6,0,6,双平,S,3906.2000,3906.0000,3905.6000,3905.4000,3905.2000,3906.6000,3906.8000,3907.0000,3907.2000,3907.6000,1,1,2,1,10,7,7,19,1,6
SF,IF1911,2019-11-15 09:31:15.800,3906.4000,17725,-4,996029220.000,4,0,4,双平,S,3906.2000,3905.8000,3905.6000,3905.4000,3905.2000,3906.6000,3906.8000,3907.0000,3907.2000,3907.6000,1,2,2,1,10,8,7,19,1,6
SF,IF1911,2019-11-15 09:31:16.300,3906.2000,17724,-1,997201080.000,1,0,1,双平,S,3905.8000,3905.6000,3905.4000,3905.2000,3905.0000,3906.2000,3906.6000,3906.8000,3907.0000,3907.2000,2,2,1,11,2,6,8,8,19,1
SF,IF1911,2019-11-15 09:31:16.800,3906.6000,17724,0,1011264120.000,12,6,6,多换,S,3906.0000,3905.8000,3905.6000,3905.4000,3905.2000,3906.6000,3906.8000,3907.0000,3907.2000,3907.6000,2,2,2,2,11,3,8,19,1,6
SF,IF1911,2019-11-15 09:31:17.300,3906.0000,17720,-4,1015951320.000,4,0,4,双平,S,3905.8000,3905.6000,3905.4000,3905.2000,3905.0000,3906.6000,3906.8000,3907.0000,3907.2000,3907.6000,2,1,2,11,2,3,8,19,1,6
SF,IF1911,2019-11-15 09:31:17.800,3906.6000,17718,-2,1018295280.000,2,0,2,双平,S,3906.0000,3905.8000,3905.6000,3905.4000,3905.2000,3906.4000,3906.6000,3906.8000,3907.0000,3907.2000,1,4,1,2,12,1,2,8,19,1
SF,IF1911,2019-11-15 09:31:18.300,3906.0000,17717,-1,1019467080.000,1,0,1,双平,S,3905.8000,3905.6000,3905.4000,3905.2000,3905.0000,3906.2000,3906.4000,3906.6000,3906.8000,3907.0000,4,1,2,12,2,1,1,2,8,19
SF,IF1911,2019-11-15 09:31:18.800,3906.6000,17714,-3,1022982840.000,3,0,3,双平,S,3906.2000,3905.8000,3905.6000,3905.4000,3905.2000,3906.6000,3906.8000,3907.0000,3907.2000,3907.6000,4,4,1,2,12,1,8,18,1,6
SF,IF1911,2019-11-15 09:31:19.300,3906.6000,17709,-5,1028842260.000,5,0,5,双平,S,3906.6000,3906.4000,3906.0000,3905.8000,3905.6000,3906.8000,3907.0000,3907.2000,3907.6000,3907.8000,2,1,4,4,1,8,18,1,6,4
SF,IF1911,2019-11-15 09:31:19.800,3906.4000,17701,-8,1038217980.000,8,0,8,双平,S,3906.0000,3905.8000,3905.6000,3905.4000,3905.2000,3906.8000,3907.0000,3907.2000,3907.6000,3907.8000,4,4,1,2,12,5,18,1,6,4
SF,IF1911,2019-11-15 09:31:20.300,3906.8000,17698,-3,1041733920.000,3,0,3,双平,S,3906.0000,3905.8000,3905.6000,3905.4000,3905.2000,3906.8000,3907.0000,3907.2000,3907.6000,3907.8000,6,4,1,2,11,3,18,1,6,4
SF,IF1911,2019-11-15 09:31:20.800,3906.8000,17698,0,1044078000.000,2,1,1,多换,S,3906.4000,3906.0000,3905.8000,3905.6000,3905.4000,3906.8000,3907.0000,3907.2000,3907.6000,3907.8000,1,6,5,1,2,1,18,1,6,4
SF,IF1911,2019-11-15 09:31:21.300,3906.8000,17698,0,1044078000.000,0,-,-,-,-,3906.6000,3906.4000,3906.0000,3905.8000,3905.6000,3906.8000,3907.0000,3907.2000,3907.6000,3907.8000,1,1,6,4,1,1,18,1,6,4
SF,IF1911,2019-11-15 09:31:21.800,3906.8000,17697,-1,1046422020.000,2,0,2,多平,S,3906.4000,3906.0000,3905.8000,3905.6000,3905.4000,3907.0000,3907.2000,3907.6000,3907.8000,3908.0000,2,6,4,1,2,18,1,6,4,108
SF,IF1911,2019-11-15 09:31:22.300,3907.0000,17695,-2,1048766220.000,2,0,2,双平,S,3906.8000,3906.4000,3906.0000,3905.8000,3905.6000,3907.0000,3907.2000,3907.6000,3907.8000,3908.0000,2,2,8,4,1,16,1,6,4,108
SF,IF1911,2019-11-15 09:31:22.800,3907.0000,17688,-7,1056970740.000,7,0,7,双平,S,3906.4000,3906.0000,3905.8000,3905.6000,3905.4000,3907.0000,3907.2000,3907.6000,3907.8000,3908.0000,4,8,2,1,2,12,1,6,4,108
SF,IF1911,2019-11-15 09:31:23.300,3907.0000,17684,-4,1061659140.000,4,0,4,双平,S,3906.4000,3906.0000,3905.8000,3905.6000,3905.4000,3907.0000,3907.2000,3907.6000,3907.8000,3908.0000,3,8,2,1,2,9,1,6,4,108
SF,IF1911,2019-11-15 09:31:23.800,3907.0000,17683,-1,1062831240.000,1,0,1,双平,S,3906.6000,3906.4000,3906.2000,3906.0000,3905.8000,3906.8000,3907.0000,3907.2000,3907.6000,3907.8000,1,3,1,9,2,1,8,1,6,4
SF,IF1911,2019-11-15 09:31:24.300,3906.8000,17682,-1,1064003280.000,1,0,1,双平,S,3906.8000,3906.6000,3906.4000,3906.2000,3906.0000,3907.0000,3907.2000,3907.6000,3907.8000,3908.0000,4,1,3,2,9,8,1,6,4,108
SF,IF1911,2019-11-15 09:31:24.800,3907.0000,17678,-4,1068691500.000,4,0,4,双平,S,3906.8000,3906.6000,3906.4000,3906.2000,3906.0000,3907.0000,3907.2000,3907.6000,3907.8000,3908.0000,3,1,3,4,9,7,1,6,4,108
SF,IF1911,2019-11-15 09:31:25.300,3907.0000,17674,-4,1076896140.000,7,1,6,多平,S,3906.8000,3906.6000,3906.4000,3906.2000,3906.0000,3907.0000,3907.2000,3907.6000,3907.8000,3908.0000,3,1,3,4,9,1,1,6,4,108
SF,IF1911,2019-11-15 09:31:25.800,3906.8000,17668,-6,1086272580.000,8,1,7,多平,S,3906.6000,3906.4000,3906.2000,3906.0000,3905.8000,3907.2000,3907.6000,3907.8000,3908.0000,3908.2000,1,3,4,9,2,1,6,4,108,3
SF,IF1911,2019-11-15 09:31:26.300,3907.2000,17666,-2,1088616900.000,2,0,2,双平,S,3906.8000,3906.6000,3906.4000,3906.2000,3906.0000,3907.6000,3907.8000,3908.0000,3908.2000,3908.4000,8,1,1,4,9,6,4,108,3,4
SF,IF1911,2019-11-15 09:31:26.800,3907.2000,17666,0,1088616900.000,0,-,-,-,-,3907.2000,3907.0000,3906.8000,3906.6000,3906.4000,3907.4000,3907.6000,3907.8000,3908.0000,3908.2000,1,4,7,1,3,1,6,4,108,1
SF,IF1911,2019-11-15 09:31:27.300,3907.2000,17663,-3,1092133440.000,3,0,3,双平,S,3907.2000,3907.0000,3906.8000,3906.6000,3906.4000,3907.6000,3907.8000,3908.0000,3908.2000,3908.4000,11,5,5,1,3,6,4,108,1,4
SF,IF1911,2019-11-15 09:31:27.800,3907.6000,17659,-4,1096822560.000,4,0,4,双平,S,3907.2000,3907.0000,3906.8000,3906.6000,3906.4000,3907.6000,3907.8000,3908.0000,3908.2000,3908.4000,11,5,5,1,3,3,4,108,1,4
SF,IF1911,2019-11-15 09:31:28.300,3907.6000,17655,-4,1101511560.000,4,0,4,双平,S,3907.4000,3907.2000,3907.0000,3906.8000,3906.6000,3907.8000,3908.0000,3908.2000,3908.4000,3908.6000,1,10,4,5,1,4,108,1,4,1
SF,IF1911,2019-11-15 09:31:28.800,3907.8000,17653,-2,1103856240.000,2,0,2,双平,S,3907.6000,3907.4000,3907.2000,3907.0000,3906.8000,3907.8000,3908.0000,3908.2000,3908.4000,3908.6000,1,3,10,4,5,2,108,1,4,1
SF,IF1911,2019-11-15 09:31:29.300,3907.8000,17647,-6,1112062200.000,7,0,7,多平,S,3907.4000,3907.2000,3907.0000,3906.8000,3906.6000,3907.8000,3908.0000,3908.2000,3908.4000,3908.6000,2,10,4,5,1,3,108,1,4,1
SF,IF1911,2019-11-15 09:31:29.800,3907.8000,17644,-3,1115579220.000,3,0,3,双平,S,3907.8000,3907.6000,3907.4000,3907.2000,3907.0000,3908.0000,3908.2000,3908.4000,3908.6000,3908.8000,1,1,2,10,4,108,1,4,1,2
SF,IF1911,2019-11-15 09:31:30.300,3907.4000,17634,-10,1128475080.000,11,0,11,多平,S,3907.4000,3907.2000,3907.0000,3906.8000,3906.6000,3908.0000,3908.2000,3908.4000,3908.6000,3908.8000,1,10,5,5,1,102,1,4,1,2
SF,IF1911,2019-11-15 09:31:30.800,3907.4000,17630,-4,1133164500.000,4,0,4,双平,S,3907.2000,3907.0000,3906.8000,3906.6000,3906.4000,3907.8000,3908.0000,3908.2000,3908.4000,3908.6000,10,5,5,2,3,3,100,1,4,1
SF,IF1911,2019-11-15 09:31:31.300,3907.6000,17620,-10,1146059880.000,11,0,11,多平,S,3907.6000,3907.4000,3907.2000,3907.0000,3906.8000,3908.0000,3908.2000,3908.4000,3908.6000,3908.8000,2,6,9,3,5,98,1,4,1,2
SF,IF1911,2019-11-15 09:31:31.800,3907.8000,17619,-1,1147232220.000,1,0,1,双平,S,3907.6000,3907.4000,3907.0000,3906.8000,3906.6000,3908.0000,3908.2000,3908.4000,3908.6000,3908.8000,4,4,3,5,2,98,1,4,1,2
SF,IF1911,2019-11-15 09:31:32.300,3907.6000,17615,-4,1151921340.000,4,0,4,双平,S,3907.0000,3906.8000,3906.6000,3906.4000,3906.2000,3907.6000,3907.8000,3908.0000,3908.2000,3908.4000,3,5,2,2,4,1,1,98,1,4
SF,IF1911,2019-11-15 09:31:32.800,3907.8000,17610,-5,1157782920.000,5,0,5,双平,S,3907.6000,3907.4000,3907.2000,3907.0000,3906.8000,3907.8000,3908.0000,3908.2000,3908.4000,3908.6000,1,2,2,3,5,1,98,1,4,1
SF,IF1911,2019-11-15 09:31:33.300,3907.4000,17607,-3,1161299640.000,3,0,3,双平,S,3907.2000,3907.0000,3906.8000,3906.6000,3906.4000,3907.8000,3908.0000,3908.2000,3908.4000,3908.6000,2,5,5,2,2,1,98,1,4,1
SF,IF1911,2019-11-15 09:31:33.800,3907.8000,17604,-3,1164816480.000,3,0,3,双平,S,3907.0000,3906.8000,3906.6000,3906.4000,3906.2000,3907.8000,3908.0000,3908.2000,3908.4000,3908.6000,5,3,2,2,4,3,98,1,4,1
SF,IF1911,2019-11-15 09:31:34.300,3907.8000,17604,0,1164816480.000,0,-,-,-,-,3907.4000,3907.0000,3906.8000,3906.6000,3906.4000,3907.8000,3908.0000,3908.2000,3908.4000,3908.6000,2,5,3,2,2,4,98,1,4,1
SF,IF1911,2019-11-15 09:31:34.800,3907.4000,17600,-4,1169505540.000,4,0,4,双平,S,3907.2000,3907.0000,3906.8000,3906.6000,3906.4000,3907.8000,3908.0000,3908.2000,3908.4000,3908.6000,1,5,3,2,2,3,98,1,4,1
SF,IF1911,2019-11-15 09:31:35.300,3907.4000,17600,0,1169505540.000,0,-,-,-,-,3907.2000,3907.0000,3906.8000,3906.6000,3906.4000,3907.8000,3908.0000,3908.2000,3908.4000,3908.6000,2,5,3,2,2,3,98,1,4,1
SF,IF1911,2019-11-15 09:31:35.800,3907.8000,17595,-5,1175366880.000,5,0,5,双平,S,3907.8000,3907.4000,3907.0000,3906.8000,3906.6000,3908.0000,3908.2000,3908.4000,3908.6000,3908.8000,13,1,5,3,2,98,1,4,1,2
SF,IF1911,2019-11-15 09:31:36.300,3907.8000,17591,-4,1180056240.000,4,0,4,双平,S,3907.8000,3907.4000,3907.2000,3907.0000,3906.8000,3908.0000,3908.2000,3908.4000,3908.6000,3908.8000,9,1,1,5,3,98,1,4,1,2
SF,IF1911,2019-11-15 09:31:36.800,3907.8000,17577,-14,1196469300.000,14,0,14,双平,S,3907.6000,3907.4000,3907.2000,3907.0000,3906.8000,3908.0000,3908.2000,3908.4000,3908.6000,3908.8000,2,1,1,5,3,94,1,4,1,2
SF,IF1911,2019-11-15 09:31:37.300,3907.8000,17573,-4,1201158540.000,4,0,4,双平,S,3907.4000,3907.2000,3907.0000,3906.8000,3906.6000,3907.6000,3908.0000,3908.2000,3908.4000,3908.6000,2,1,5,3,2,2,94,1,4,1
SF,IF1911,2019-11-15 09:31:37.800,3907.4000,17561,-12,1215226920.000,12,0,12,双平,S,3907.6000,3907.4000,3907.2000,3907.0000,3906.8000,3908.0000,3908.2000,3908.4000,3908.6000,3908.8000,2,1,2,5,3,87,1,4,1,3
SF,IF1911,2019-11-15 09:31:38.300,3907.6000,17559,-2,1217571480.000,2,0,2,双平,S,3907.8000,3907.6000,3907.4000,3907.2000,3907.0000,3908.0000,3908.2000,3908.4000,3908.6000,3908.8000,3,4,1,2,3,87,1,4,1,3
SF,IF1911,2019-11-15 09:31:38.800,3908.0000,17554,-5,1223433180.000,5,0,5,双平,S,3907.6000,3907.2000,3907.0000,3906.8000,3906.6000,3908.0000,3908.2000,3908.4000,3908.6000,3908.8000,5,2,3,3,2,86,1,4,1,3
SF,IF1911,2019-11-15 09:31:39.300,3907.6000,17549,-5,1229294940.000,5,0,5,双平,S,3907.6000,3907.2000,3907.0000,3906.8000,3906.6000,3908.0000,3908.2000,3908.4000,3908.6000,3908.8000,4,2,3,3,2,86,1,4,1,3
SF,IF1911,2019-11-15 09:31:39.800,3907.8000,17540,-9,1239845760.000,9,0,9,双平,S,3907.2000,3907.0000,3906.8000,3906.6000,3906.4000,3907.8000,3908.0000,3908.2000,3908.4000,3908.6000,2,5,3,2,2,1,87,1,4,1
SF,IF1911,2019-11-15 09:31:40.300,3907.8000,17540,0,1239845760.000,0,-,-,-,-,3907.6000,3907.2000,3907.0000,3906.8000,3906.6000,3907.8000,3908.0000,3908.2000,3908.4000,3908.6000,2,2,5,3,2,2,87,1,4,1
SF,IF1911,2019-11-15 09:31:40.800,3907.2000,17536,-4,1244534640.000,4,0,4,双平,S,3907.0000,3906.8000,3906.6000,3906.4000,3906.2000,3907.4000,3907.6000,3907.8000,3908.0000,3908.2000,5,2,2,2,4,1,12,5,87,1
SF,IF1911,2019-11-15 09:31:41.300,3907.0000,17529,-7,1252739640.000,7,0,7,双平,S,3906.8000,3906.6000,3906.4000,3906.2000,3906.0000,3907.6000,3907.8000,3908.0000,3908.2000,3908.4000,2,2,2,4,7,3,4,87,1,4
SF,IF1911,2019-11-15 09:31:41.800,3906.8000,17527,-2,1255083720.000,2,0,2,双平,S,3906.6000,3906.4000,3906.2000,3906.0000,3905.8000,3907.4000,3907.6000,3907.8000,3908.0000,3908.2000,2,4,4,7,4,1,1,5,87,1
SF,IF1911,2019-11-15 09:31:42.300,3907.4000,17526,-1,1256255940.000,1,0,1,双平,S,3906.6000,3906.4000,3906.2000,3906.0000,3905.8000,3907.2000,3907.6000,3907.8000,3908.0000,3908.2000,2,4,4,7,4,1,1,5,87,1
SF,IF1911,2019-11-15 09:31:42.800,3907.2000,17523,-3,1259772180.000,3,0,3,双平,S,3907.2000,3906.8000,3906.6000,3906.4000,3906.2000,3907.4000,3907.6000,3907.8000,3908.0000,3908.2000,1,3,2,4,4,1,2,4,87,1
SF,IF1911,2019-11-15 09:31:43.300,3907.2000,17521,-2,1262116500.000,2,0,2,双平,S,3906.8000,3906.6000,3906.4000,3906.2000,3906.0000,3907.2000,3907.4000,3907.6000,3907.8000,3908.0000,3,2,4,4,7,5,2,2,4,87
SF,IF1911,2019-11-15 09:31:43.800,3906.8000,17517,-4,1266804900.000,4,0,4,双平,S,3906.8000,3906.6000,3906.4000,3906.2000,3906.0000,3907.2000,3907.4000,3907.6000,3907.8000,3908.0000,1,2,4,4,7,1,2,2,4,87
SF,IF1911,2019-11-15 09:31:44.300,3906.8000,17516,-1,1267976940.000,1,0,1,双平,S,3906.6000,3906.4000,3906.2000,3906.0000,3905.8000,3906.8000,3907.2000,3907.4000,3907.6000,3907.8000,2,4,4,7,2,1,1,2,2,4
SF,IF1911,2019-11-15 09:31:44.800,3906.6000,17510,-6,1275008760.000,6,0,6,双平,S,3906.4000,3906.2000,3906.0000,3905.8000,3905.6000,3907.2000,3907.4000,3907.6000,3907.8000,3908.0000,2,4,7,2,1,1,2,2,3,87
SF,IF1911,2019-11-15 09:31:45.300,3907.0000,17507,-3,1278525060.000,3,0,3,双平,S,3906.8000,3906.4000,3906.2000,3906.0000,3905.8000,3907.0000,3907.2000,3907.4000,3907.6000,3907.8000,1,2,4,7,2,1,1,2,2,3
SF,IF1911,2019-11-15 09:31:45.800,3906.4000,17496,-11,1291418880.000,11,0,11,双平,S,3906.2000,3906.0000,3905.8000,3905.6000,3905.4000,3907.8000,3908.0000,3908.2000,3908.4000,3908.6000,4,7,2,1,2,1,87,1,4,1
SF,IF1911,2019-11-15 09:31:46.300,3906.4000,17494,-2,1293762720.000,2,0,2,双平,S,3906.4000,3906.2000,3906.0000,3905.8000,3905.6000,3906.8000,3907.6000,3907.8000,3908.0000,3908.2000,8,4,9,2,1,1,7,5,87,1
SF,IF1911,2019-11-15 09:31:46.800,3906.6000,17491,-3,1297278780.000,3,0,3,双平,S,3906.6000,3906.4000,3906.2000,3906.0000,3905.8000,3907.4000,3907.6000,3907.8000,3908.0000,3908.2000,2,5,5,9,2,1,5,5,87,1
SF,IF1911,2019-11-15 09:31:47.300,3906.6000,17491,0,1297278780.000,0,-,-,-,-,3906.8000,3906.6000,3906.4000,3906.2000,3906.0000,3907.4000,3907.6000,3907.8000,3908.0000,3908.2000,2,2,2,5,9,1,6,5,88,1
SF,IF1911,2019-11-15 09:31:47.800,3907.4000,17488,-3,1300795440.000,3,0,3,双平,S,3906.8000,3906.6000,3906.4000,3906.2000,3906.0000,3907.4000,3907.6000,3907.8000,3908.0000,3908.2000,3,2,2,5,9,1,4,5,86,1
SF,IF1911,2019-11-15 09:31:48.300,3906.8000,17483,-5,1306655880.000,5,0,5,双平,S,3906.8000,3906.6000,3906.4000,3906.2000,3906.0000,3907.2000,3907.4000,3907.6000,3907.8000,3908.0000,2,2,2,5,9,1,1,3,5,86
SF,IF1911,2019-11-15 09:31:48.800,3906.8000,17480,-3,1310172120.000,3,0,3,双平,S,3906.6000,3906.4000,3906.2000,3906.0000,3905.6000,3907.0000,3907.4000,3907.6000,3907.8000,3908.0000,2,2,5,9,1,7,2,2,4,8
SF,IF1911,2019-11-15 09:31:49.300,3906.8000,17474,-6,1317204540.000,6,0,6,双平,S,3906.6000,3906.4000,3906.2000,3906.0000,3905.6000,3907.0000,3907.4000,3907.6000,3907.8000,3908.0000,4,2,5,9,1,4,2,2,4,8
SF,IF1911,2019-11-15 09:31:49.800,3906.6000,17469,-5,1323064800.000,5,0,5,双平,S,3906.6000,3906.4000,3906.2000,3906.0000,3905.6000,3907.0000,3907.2000,3907.4000,3907.6000,3907.8000,2,2,5,9,1,3,1,2,2,4
SF,IF1911,2019-11-15 09:31:50.300,3906.6000,17467,-2,1325408760.000,2,0,2,双平,S,3906.4000,3906.2000,3906.0000,3905.6000,3905.4000,3907.0000,3907.2000,3907.4000,3907.6000,3907.8000,2,5,9,1,2,3,1,2,2,4
SF,IF1911,2019-11-15 09:31:50.800,3906.8000,17464,-3,1328924940.000,3,0,3,双平,S,3906.4000,3906.2000,3906.0000,3905.6000,3905.4000,3907.0000,3907.2000,3907.4000,3907.6000,3907.8000,2,5,9,1,2,2,1,2,2,4
SF,IF1911,2019-11-15 09:31:51.300,3906.8000,17464,0,1328924940.000,0,-,-,-,-,3906.4000,3906.2000,3906.0000,3905.6000,3905.4000,3906.6000,3907.0000,3907.2000,3907.4000,3907.6000,2,5,9,1,2,2,2,1,2,2
SF,IF1911,2019-11-15 09:31:51.800,3906.2000,17458,-6,1337128680.000,7,0,7,多平,S,3906.2000,3906.0000,3905.6000,3905.4000,3905.2000,3906.4000,3906.8000,3907.0000,3907.2000,3907.4000,3,9,1,2,12,8,4,1,1,2
SF,IF1911,2019-11-15 09:31:52.300,3906.2000,17457,-1,1338300540.000,1,0,1,双平,S,3906.2000,3906.0000,3905.6000,3905.4000,3905.2000,3906.4000,3906.6000,3906.8000,3907.0000,3907.2000,3,9,1,2,12,8,1,4,1,1
SF,IF1911,2019-11-15 09:31:52.800,3906.0000,17447,-10,1350018960.000,10,0,10,双平,S,3906.0000,3905.6000,3905.4000,3905.2000,3905.0000,3906.2000,3906.4000,3906.6000,3906.8000,3907.0000,4,1,2,12,8,1,9,1,4,1
SF,IF1911,2019-11-15 09:31:53.300,3906.0000,17439,-8,1359393900.000,8,0,8,双平,S,3906.0000,3905.6000,3905.4000,3905.2000,3905.0000,3906.2000,3906.4000,3906.6000,3906.8000,3907.0000,1,1,2,12,6,1,5,1,4,1
SF,IF1911,2019-11-15 09:31:53.800,3905.4000,17436,-3,1364080860.000,4,0,4,多平,S,3905.4000,3905.2000,3905.0000,3904.8000,3904.6000,3906.4000,3906.6000,3906.8000,3907.0000,3907.2000,1,13,5,2,1,5,1,4,2,1
SF,IF1911,2019-11-15 09:31:54.300,3905.4000,17436,0,1364080860.000,0,-,-,-,-,3906.2000,3905.6000,3905.4000,3905.2000,3905.0000,3906.4000,3906.6000,3906.8000,3907.0000,3907.2000,7,1,1,17,5,15,2,4,2,1
SF,IF1911,2019-11-15 09:31:54.800,3906.2000,17429,-7,1372283880.000,7,0,7,双平,S,3905.4000,3905.2000,3905.0000,3904.8000,3904.6000,3906.0000,3906.2000,3906.4000,3906.6000,3906.8000,1,17,5,2,1,2,9,15,2,5
SF,IF1911,2019-11-15 09:31:55.300,3905.2000,17427,-2,1374627060.000,2,0,2,双平,S,3905.8000,3905.2000,3905.0000,3904.8000,3904.6000,3906.0000,3906.2000,3906.4000,3906.6000,3906.8000,1,13,5,2,1,1,2,15,2,5
SF,IF1911,2019-11-15 09:31:55.800,3905.4000,17424,-3,1379313780.000,4,0,4,多平,S,3905.2000,3905.0000,3904.8000,3904.6000,3904.4000,3906.2000,3906.4000,3906.6000,3906.8000,3907.0000,12,5,2,1,1,2,15,1,5,2
SF,IF1911,2019-11-15 09:31:56.300,3906.0000,17421,-3,1382828820.000,3,0,3,双平,S,3905.8000,3905.6000,3905.2000,3905.0000,3904.8000,3906.2000,3906.4000,3906.6000,3906.8000,3907.0000,2,1,12,5,2,2,15,1,5,2
SF,IF1911,2019-11-15 09:31:56.800,3906.0000,17419,-2,1386344100.000,3,0,3,多平,S,3905.6000,3905.2000,3905.0000,3904.8000,3904.6000,3906.2000,3906.4000,3906.6000,3906.8000,3907.0000,1,12,7,2,1,3,15,1,5,2
SF,IF1911,2019-11-15 09:31:57.300,3906.0000,17415,-4,1391031180.000,4,0,4,双平,S,3905.4000,3905.2000,3905.0000,3904.8000,3904.6000,3905.6000,3906.0000,3906.2000,3906.4000,3906.6000,1,12,7,2,1,1,4,2,15,1
SF,IF1911,2019-11-15 09:31:57.800,3906.4000,17412,-3,1394546700.000,3,0,3,双平,S,3905.6000,3905.4000,3905.2000,3905.0000,3904.8000,3906.0000,3906.2000,3906.4000,3906.6000,3906.8000,1,2,12,7,2,1,1,14,1,4
SF,IF1911,2019-11-15 09:31:58.300,3906.4000,17410,-2,1396890540.000,2,0,2,双平,S,3905.6000,3905.4000,3905.2000,3905.0000,3904.8000,3906.4000,3906.6000,3906.8000,3907.0000,3907.2000,1,2,12,7,2,14,1,4,2,1
SF,IF1911,2019-11-15 09:31:58.800,3906.4000,17410,0,1396890540.000,0,-,-,-,-,3905.6000,3905.4000,3905.2000,3905.0000,3904.8000,3906.4000,3906.6000,3907.0000,3907.2000,3907.4000,1,2,12,7,2,15,2,2,1,2
SF,IF1911,2019-11-15 09:31:59.300,3906.4000,17408,-2,1399234380.000,2,0,2,双平,S,3905.8000,3905.6000,3905.4000,3905.2000,3905.0000,3906.4000,3906.6000,3907.0000,3907.2000,3907.4000,2,2,2,12,7,14,2,2,1,2
SF,IF1911,2019-11-15 09:31:59.800,3906.4000,17405,-3,1402749960.000,3,0,3,双平,S,3905.8000,3905.6000,3905.4000,3905.2000,3905.0000,3906.4000,3906.6000,3907.0000,3907.2000,3907.4000,1,2,2,12,7,13,2,2,1,2
SF,IF1911,2019-11-15 09:32:00.300,3905.6000,17400,-5,1408608900.000,5,0,5,双平,S,3906.0000,3905.6000,3905.4000,3905.2000,3905.0000,3906.4000,3906.6000,3907.0000,3907.2000,3907.4000,2,2,2,12,5,10,2,2,1,2
SF,IF1911,2019-11-15 09:32:00.800,3905.6000,17400,0,1408608900.000,0,-,-,-,-,3906.0000,3905.6000,3905.4000,3905.2000,3905.0000,3906.4000,3906.6000,3907.0000,3907.2000,3907.4000,3,2,2,12,5,11,1,2,1,2
SF,IF1911,2019-11-15 09:32:01.300,3906.2000,17396,-4,1413296400.000,4,0,4,双平,S,3906.0000,3905.6000,3905.4000,3905.2000,3905.0000,3906.4000,3906.6000,3906.8000,3907.0000,3907.2000,3,2,3,12,5,9,2,1,3,1
SF,IF1911,2019-11-15 09:32:01.800,3906.0000,17390,-6,1420327620.000,6,0,6,双平,S,3906.0000,3905.6000,3905.4000,3905.2000,3905.0000,3906.4000,3906.6000,3906.8000,3907.0000,3907.2000,1,2,3,12,5,6,2,1,4,1
SF,IF1911,2019-11-15 09:32:02.300,3906.0000,17381,-9,1430874660.000,9,0,9,双平,S,3905.6000,3905.4000,3905.2000,3905.0000,3904.8000,3906.0000,3906.6000,3906.8000,3907.0000,3907.2000,3,2,12,5,3,1,2,1,4,1
SF,IF1911,2019-11-15 09:32:02.800,3906.2000,17375,-6,1437905580.000,6,0,6,双平,S,3906.2000,3906.0000,3905.8000,3905.6000,3905.4000,3906.6000,3906.8000,3907.0000,3907.2000,3907.4000,2,6,1,3,2,1,2,4,1,2
SF,IF1911,2019-11-15 09:32:03.300,3906.8000,17372,-3,1441421460.000,3,0,3,双平,S,3906.2000,3906.0000,3905.8000,3905.6000,3905.4000,3906.4000,3906.8000,3907.0000,3907.2000,3907.4000,1,3,3,3,2,2,1,4,1,2
SF,IF1911,2019-11-15 09:32:03.800,3906.4000,17369,-3,1444937220.000,3,0,3,双平,S,3906.2000,3906.0000,3905.8000,3905.6000,3905.4000,3906.4000,3906.8000,3907.0000,3907.2000,3907.4000,1,4,4,2,2,9,1,4,1,2
SF,IF1911,2019-11-15 09:32:04.300,3906.4000,17365,-4,1449624900.000,4,0,4,双平,S,3906.2000,3906.0000,3905.8000,3905.6000,3905.4000,3906.4000,3906.8000,3907.0000,3907.2000,3907.4000,1,5,4,2,2,5,1,4,1,2
SF,IF1911,2019-11-15 09:32:04.800,3906.2000,17356,-9,1460172060.000,9,0,9,双平,S,3906.4000,3906.0000,3905.8000,3905.6000,3905.4000,3906.8000,3907.0000,3907.2000,3907.4000,3907.6000,1,5,4,2,3,1,4,3,2,1
SF,IF1911,2019-11-15 09:32:05.300,3906.4000,17348,-8,1469547720.000,8,0,8,双平,S,3906.0000,3905.8000,3905.6000,3905.4000,3905.2000,3906.4000,3907.0000,3907.2000,3907.4000,3907.6000,5,4,3,3,12,3,4,3,2,1
SF,IF1911,2019-11-15 09:32:05.800,3906.4000,17345,-3,1473063480.000,3,0,3,双平,S,3906.0000,3905.8000,3905.6000,3905.4000,3905.2000,3906.4000,3906.8000,3907.0000,3907.2000,3907.4000,5,4,3,3,12,1,1,4,3,2
SF,IF1911,2019-11-15 09:32:06.300,3907.0000,17340,-5,1478923740.000,5,0,5,双平,S,3906.4000,3906.2000,3906.0000,3905.8000,3905.6000,3907.0000,3907.2000,3907.4000,3907.6000,3907.8000,3,4,6,4,3,1,3,2,1,2
SF,IF1911,2019-11-15 09:32:06.800,3906.8000,17338,-2,1481267880.000,2,0,2,双平,S,3906.6000,3906.4000,3906.2000,3906.0000,3905.8000,3907.2000,3907.4000,3907.6000,3907.8000,3908.0000,2,1,5,5,4,3,2,1,2,5
SF,IF1911,2019-11-15 09:32:07.300,3907.4000,17333,-5,1487128800.000,5,0,5,双平,S,3906.8000,3906.6000,3906.4000,3906.2000,3906.0000,3907.6000,3907.8000,3908.0000,3908.2000,3908.4000,2,2,5,5,5,1,2,5,3,4
SF,IF1911,2019-11-15 09:32:07.800,3907.0000,17330,-3,1490645100.000,3,0,3,双平,S,3906.8000,3906.6000,3906.4000,3906.2000,3906.0000,3907.2000,3907.6000,3907.8000,3908.0000,3908.2000,2,2,5,5,5,1,1,2,5,1
SF,IF1911,2019-11-15 09:32:08.300,3906.4000,17317,-13,1505881020.000,13,0,13,双平,S,3906.2000,3906.0000,3905.8000,3905.6000,3905.4000,3906.4000,3907.0000,3907.6000,3907.8000,3908.0000,7,5,4,1,3,1,1,1,1,5
SF,IF1911,2019-11-15 09:32:08.800,3906.8000,17314,-3,1509397080.000,3,0,3,双平,S,3906.6000,3906.4000,3906.2000,3906.0000,3905.8000,3907.4000,3907.6000,3907.8000,3908.0000,3908.2000,1,6,9,6,4,1,1,1,5,1
SF,IF1911,2019-11-15 09:32:09.300,3907.2000,17306,-8,1518772980.000,8,0,8,双平,S,3906.4000,3906.2000,3906.0000,3905.8000,3905.6000,3907.2000,3907.4000,3907.6000,3907.8000,3908.0000,2,5,2,4,1,3,1,1,1,5
SF,IF1911,2019-11-15 09:32:09.800,3906.8000,17301,-5,1524633420.000,5,0,5,双平,S,3906.4000,3906.2000,3906.0000,3905.8000,3905.6000,3907.2000,3907.4000,3907.6000,3907.8000,3908.0000,2,5,2,4,1,3,1,1,1,5
SF,IF1911,2019-11-15 09:32:10.300,3906.4000,17292,-9,1535180940.000,9,0,9,双平,S,3906.2000,3906.0000,3905.8000,3905.6000,3905.4000,3906.4000,3907.2000,3907.4000,3907.6000,3907.8000,5,2,4,1,2,1,3,1,1,1
SF,IF1911,2019-11-15 09:32:10.800,3906.2000,17284,-8,1544555820.000,8,0,8,双平,S,3906.0000,3905.8000,3905.6000,3905.4000,3905.2000,3906.4000,3907.2000,3907.4000,3907.6000,3907.8000,7,3,1,2,13,3,3,1,2,1
SF,IF1911,2019-11-15 09:32:11.300,3907.2000,17279,-5,1550415660.000,5,0,5,双平,S,3906.0000,3905.8000,3905.6000,3905.4000,3905.2000,3907.2000,3907.4000,3907.6000,3907.8000,3908.0000,7,5,1,2,13,3,1,2,1,5
SF,IF1911,2019-11-15 09:32:11.800,3906.0000,17276,-3,1553931120.000,3,0,3,双平,S,3906.6000,3906.0000,3905.8000,3905.6000,3905.4000,3907.0000,3907.2000,3907.4000,3907.6000,3907.8000,1,5,5,1,2,1,3,1,2,1
SF,IF1911,2019-11-15 09:32:12.300,3907.4000,17270,-6,1563307500.000,8,1,7,多平,S,3906.0000,3905.8000,3905.6000,3905.4000,3905.2000,3907.6000,3907.8000,3908.0000,3908.2000,3908.4000,3,5,1,2,13,2,2,5,1,5
SF,IF1911,2019-11-15 09:32:12.800,3907.4000,17270,0,1563307500.000,0,-,-,-,-,3906.2000,3906.0000,3905.8000,3905.6000,3905.4000,3907.4000,3907.6000,3907.8000,3908.0000,3908.2000,6,3,4,1,2,6,3,3,5,1
SF,IF1911,2019-11-15 09:32:13.300,3906.2000,17267,-3,1566823140.000,3,0,3,双平,S,3906.2000,3906.0000,3905.8000,3905.6000,3905.4000,3907.2000,3907.4000,3907.6000,3907.8000,3908.0000,6,3,4,1,2,1,9,4,3,5
SF,IF1911,2019-11-15 09:32:13.800,3906.2000,17261,-6,1573854600.000,6,0,6,双平,S,3906.0000,3905.8000,3905.6000,3905.4000,3905.2000,3906.4000,3906.6000,3907.0000,3907.2000,3907.4000,3,4,1,2,13,10,1,3,1,7
SF,IF1911,2019-11-15 09:32:14.300,3906.0000,17261,0,1577370000.000,3,1,2,多换,S,3906.0000,3905.8000,3905.6000,3905.4000,3905.2000,3906.2000,3906.4000,3906.6000,3907.0000,3907.2000,1,4,1,2,13,1,10,1,3,1
SF,IF1911,2019-11-15 09:32:14.800,3906.4000,17256,-5,1583229420.000,5,0,5,双平,S,3905.8000,3905.6000,3905.4000,3905.2000,3905.0000,3906.2000,3906.4000,3906.6000,3907.0000,3907.2000,4,1,2,13,5,1,7,1,3,1
SF,IF1911,2019-11-15 09:32:15.300,3906.2000,17252,-4,1587916500.000,4,0,4,双平,S,3906.2000,3906.0000,3905.6000,3905.4000,3905.2000,3906.4000,3906.6000,3907.0000,3907.2000,3907.4000,1,1,2,2,13,7,1,7,1,4
SF,IF1911,2019-11-15 09:32:15.800,3906.4000,17249,-3,1591432260.000,3,0,3,双平,S,3906.2000,3906.0000,3905.8000,3905.6000,3905.4000,3906.4000,3906.6000,3907.0000,3907.2000,3907.4000,1,3,2,2,2,4,1,7,2,4
SF,IF1911,2019-11-15 09:32:16.300,3906.4000,17244,-5,1597291560.000,5,0,5,双平,S,3906.0000,3905.8000,3905.6000,3905.4000,3905.2000,3906.4000,3906.6000,3907.0000,3907.2000,3907.4000,1,2,2,2,13,2,1,7,2,4
SF,IF1911,2019-11-15 09:32:16.800,3906.0000,17240,-4,1601979180.000,4,0,4,双平,S,3905.8000,3905.6000,3905.4000,3905.2000,3905.0000,3907.0000,3907.2000,3907.4000,3907.6000,3907.8000,2,2,2,13,5,7,2,4,3,4
SF,IF1911,2019-11-15 09:32:17.300,3906.2000,17238,-2,1604322900.000,2,0,2,双平,S,3905.8000,3905.6000,3905.4000,3905.2000,3905.0000,3906.6000,3906.8000,3907.0000,3907.2000,3907.4000,2,2,2,13,6,1,5,8,1,3
SF,IF1911,2019-11-15 09:32:17.800,3906.4000,17237,-1,1605494820.000,1,0,1,双平,S,3905.8000,3905.6000,3905.4000,3905.2000,3905.0000,3906.4000,3906.6000,3906.8000,3907.0000,3907.2000,2,2,2,13,6,2,1,2,9,1
SF,IF1911,2019-11-15 09:32:18.300,3906.4000,17236,-1,1606666740.000,1,0,1,双平,S,3905.8000,3905.6000,3905.4000,3905.2000,3905.0000,3906.4000,3906.8000,3907.0000,3907.2000,3907.4000,2,2,2,13,6,1,6,8,1,3
SF,IF1911,2019-11-15 09:32:18.800,3906.4000,17236,0,1606666740.000,0,-,-,-,-,3905.8000,3905.6000,3905.4000,3905.2000,3905.0000,3906.2000,3906.4000,3906.6000,3906.8000,3907.0000,2,2,2,13,6,1,6,1,6,9
SF,IF1911,2019-11-15 09:32:19.300,3906.4000,17236,0,1606666740.000,0,-,-,-,-,3906.0000,3905.8000,3905.6000,3905.4000,3905.2000,3906.2000,3906.4000,3906.6000,3906.8000,3907.0000,1,2,2,2,13,1,6,1,5,9
SF,IF1911,2019-11-15 09:32:19.800,3906.2000,17228,-8,1616041440.000,8,0,8,双平,S,3905.6000,3905.4000,3905.2000,3905.0000,3904.8000,3906.4000,3906.6000,3906.8000,3907.0000,3907.2000,2,2,13,6,3,5,1,4,9,1
SF,IF1911,2019-11-15 09:32:20.300,3906.2000,17228,0,1616041440.000,0,-,-,-,-,3906.2000,3905.6000,3905.4000,3905.2000,3905.0000,3906.4000,3906.6000,3906.8000,3907.0000,3907.2000,1,5,5,15,6,5,1,4,9,1
SF,IF1911,2019-11-15 09:32:20.800,3906.2000,17227,-1,1617213300.000,1,0,1,双平,S,3905.8000,3905.6000,3905.4000,3905.2000,3905.0000,3906.2000,3906.4000,3906.6000,3906.8000,3907.0000,1,5,5,15,6,4,5,10,4,8
SF,IF1911,2019-11-15 09:32:21.300,3905.8000,17220,-7,1625415780.000,7,0,7,双平,S,3905.6000,3905.4000,3905.2000,3905.0000,3904.8000,3906.4000,3906.6000,3906.8000,3907.0000,3907.2000,5,2,15,6,3,5,10,4,8,1
SF,IF1911,2019-11-15 09:32:21.800,3906.4000,17220,0,1626587700.000,1,0,1,多换,S,3906.0000,3905.6000,3905.4000,3905.2000,3905.0000,3906.4000,3906.6000,3906.8000,3907.0000,3907.2000,1,5,2,15,6,4,10,4,7,1
SF,IF1911,2019-11-15 09:32:22.300,3906.0000,17219,-1,1627759500.000,1,0,1,双平,S,3905.6000,3905.4000,3905.2000,3905.0000,3904.8000,3906.0000,3906.4000,3906.6000,3906.8000,3907.0000,5,2,15,6,3,1,4,10,4,7
SF,IF1911,2019-11-15 09:32:22.800,3906.0000,17217,-2,1630103100.000,2,0,2,双平,S,3906.2000,3905.6000,3905.4000,3905.2000,3905.0000,3906.4000,3906.6000,3906.8000,3907.0000,3907.2000,1,5,2,18,6,5,10,4,7,1
SF,IF1911,2019-11-15 09:32:23.300,3906.0000,17214,-3,1633618440.000,3,0,3,双平,S,3905.6000,3905.4000,3905.2000,3905.0000,3904.8000,3906.2000,3906.4000,3906.6000,3906.8000,3907.0000,4,2,18,6,3,9,5,11,4,7
SF,IF1911,2019-11-15 09:32:23.800,3906.0000,17214,0,1633618440.000,0,-,-,-,-,3905.6000,3905.4000,3905.2000,3905.0000,3904.8000,3906.2000,3906.4000,3906.6000,3906.8000,3907.0000,1,2,18,6,3,7,5,11,4,7
SF,IF1911,2019-11-15 09:32:24.300,3906.0000,17213,-1,1634790240.000,1,0,1,双平,S,3905.6000,3905.4000,3905.2000,3905.0000,3904.8000,3906.0000,3906.2000,3906.4000,3906.6000,3906.8000,1,2,18,6,3,1,8,6,10,4
SF,IF1911,2019-11-15 09:32:24.800,3906.0000,17213,0,1634790240.000,0,-,-,-,-,3905.8000,3905.6000,3905.4000,3905.2000,3905.0000,3906.0000,3906.2000,3906.4000,3906.6000,3906.8000,1,1,2,18,6,3,7,6,10,4
SF,IF1911,2019-11-15 09:32:25.300,3905.6000,17210,-3,1639477140.000,4,0,4,多平,S,3905.4000,3905.2000,3905.0000,3904.8000,3904.6000,3905.8000,3906.0000,3906.2000,3906.4000,3906.6000,2,18,6,3,2,3,2,7,6,10
SF,IF1911,2019-11-15 09:32:25.800,3905.8000,17207,-3,1642992360.000,3,0,3,双平,S,3905.4000,3905.2000,3905.0000,3904.8000,3904.6000,3905.6000,3906.0000,3906.2000,3906.4000,3906.6000,2,18,6,3,2,1,1,7,6,9
SF,IF1911,2019-11-15 09:32:26.300,3906.2000,17199,-8,1652366520.000,8,0,8,双平,S,3906.0000,3905.4000,3905.2000,3905.0000,3904.8000,3906.2000,3906.4000,3906.6000,3906.8000,3907.0000,3,1,18,6,3,4,6,9,3,9
SF,IF1911,2019-11-15 09:32:26.800,3906.0000,17195,-4,1657053720.000,4,0,4,双平,S,3905.4000,3905.2000,3905.0000,3904.8000,3904.6000,3906.0000,3906.2000,3906.4000,3906.6000,3906.8000,1,16,6,3,4,6,4,6,1,3
SF,IF1911,2019-11-15 09:32:27.300,3906.0000,17193,-2,1659397140.000,2,0,2,双平,S,3905.2000,3905.0000,3904.8000,3904.6000,3904.4000,3906.0000,3906.2000,3906.4000,3906.6000,3906.8000,16,6,3,4,1,1,4,6,1,3
SF,IF1911,2019-11-15 09:32:27.800,3905.6000,17191,-2,1661740500.000,2,0,2,双平,S,3905.4000,3905.2000,3905.0000,3904.8000,3904.6000,3906.0000,3906.2000,3906.4000,3906.6000,3906.8000,3,16,9,3,4,2,4,6,1,3
SF,IF1911,2019-11-15 09:32:28.300,3905.6000,17191,0,1661740500.000,0,-,-,-,-,3905.4000,3905.2000,3905.0000,3904.8000,3904.6000,3906.0000,3906.2000,3906.4000,3906.6000,3906.8000,1,16,6,3,4,2,4,6,1,3
SF,IF1911,2019-11-15 09:32:28.800,3905.4000,17187,-4,1666427280.000,4,0,4,双平,S,3905.2000,3905.0000,3904.8000,3904.6000,3904.4000,3905.4000,3906.0000,3906.2000,3906.4000,3906.6000,17,6,3,4,1,6,1,4,5,1
SF,IF1911,2019-11-15 09:32:29.300,3906.0000,17180,-7,1674628800.000,7,0,7,双平,S,3906.0000,3905.6000,3905.4000,3905.2000,3905.0000,3906.2000,3906.4000,3906.6000,3906.8000,3907.0000,1,4,11,17,6,4,5,1,3,10
SF,IF1911,2019-11-15 09:32:29.800,3906.0000,17179,-1,1675800600.000,1,0,1,双平,S,3905.6000,3905.4000,3905.2000,3905.0000,3904.8000,3906.0000,3906.2000,3906.4000,3906.6000,3906.8000,2,8,17,6,5,3,4,5,2,3
SF,IF1911,2019-11-15 09:32:30.300,3906.0000,17179,0,1675800600.000,0,-,-,-,-,3905.6000,3905.4000,3905.2000,3905.0000,3904.8000,3906.0000,3906.2000,3906.4000,3906.6000,3906.8000,2,8,17,6,5,1,3,5,2,3
SF,IF1911,2019-11-15 09:32:30.800,3906.0000,17179,0,1675800600.000,0,-,-,-,-,3905.8000,3905.6000,3905.4000,3905.2000,3905.0000,3906.0000,3906.2000,3906.4000,3906.6000,3906.8000,1,2,8,17,6,2,3,5,2,3
SF,IF1911,2019-11-15 09:32:31.300,3906.0000,17177,-2,1679315940.000,3,0,3,多平,S,3906.0000,3905.4000,3905.2000,3905.0000,3904.8000,3906.2000,3906.4000,3906.6000,3906.8000,3907.0000,9,8,17,6,5,3,5,2,3,10
SF,IF1911,2019-11-15 09:32:31.800,3906.2000,17175,-2,1684003320.000,4,1,3,多平,S,3906.0000,3905.4000,3905.2000,3905.0000,3904.8000,3906.4000,3906.6000,3906.8000,3907.0000,3907.2000,8,8,17,6,5,5,3,3,10,1
SF,IF1911,2019-11-15 09:32:32.300,3906.0000,17175,0,1686346920.000,2,1,1,多换,S,3906.2000,3906.0000,3905.4000,3905.2000,3905.0000,3906.4000,3906.6000,3906.8000,3907.0000,3907.2000,1,6,8,18,6,5,3,3,10,1
SF,IF1911,2019-11-15 09:32:32.800,3906.2000,17170,-5,1695721680.000,8,1,7,多平,S,3906.0000,3905.4000,3905.2000,3905.0000,3904.8000,3906.2000,3906.4000,3906.6000,3906.8000,3907.0000,3,4,18,6,5,3,4,4,3,10
SF,IF1911,2019-11-15 09:32:33.300,3906.0000,17170,0,1696893480.000,1,0,1,多换,S,3906.0000,3905.4000,3905.2000,3905.0000,3904.8000,3906.4000,3906.6000,3906.8000,3907.0000,3907.2000,2,4,18,6,5,4,4,3,10,1
SF,IF1911,2019-11-15 09:32:33.800,3906.0000,17170,0,1696893480.000,0,-,-,-,-,3906.0000,3905.4000,3905.2000,3905.0000,3904.8000,3906.4000,3906.6000,3906.8000,3907.0000,3907.2000,2,5,18,6,5,4,4,3,10,1
SF,IF1911,2019-11-15 09:32:34.300,3906.0000,17168,-2,1701580800.000,4,1,3,多平,S,3905.4000,3905.2000,3905.0000,3904.8000,3904.6000,3906.0000,3906.2000,3906.4000,3906.6000,3906.8000,5,18,6,3,2,1,1,4,3,3
SF,IF1911,2019-11-15 09:32:34.800,3905.4000,17167,-1,1705095660.000,3,1,2,多平,S,3905.4000,3905.2000,3905.0000,3904.8000,3904.6000,3905.8000,3906.0000,3906.2000,3906.4000,3906.6000,2,18,8,3,2,1,1,1,4,3
SF,IF1911,2019-11-15 09:32:35.300,3905.6000,17166,-1,1706267340.000,1,0,1,双平,S,3905.4000,3905.2000,3905.0000,3904.8000,3904.6000,3905.8000,3906.0000,3906.2000,3906.4000,3906.6000,2,18,8,3,2,1,1,4,4,3
SF,IF1911,2019-11-15 09:32:35.800,3905.8000,17165,-1,1707439080.000,1,0,1,双平,S,3905.4000,3905.2000,3905.0000,3904.8000,3904.6000,3906.0000,3906.2000,3906.4000,3906.6000,3906.8000,2,18,8,3,2,2,4,4,3,4
SF,IF1911,2019-11-15 09:32:36.300,3905.8000,17165,0,1707439080.000,0,-,-,-,-,3905.4000,3905.2000,3905.0000,3904.8000,3904.6000,3906.0000,3906.2000,3906.4000,3906.6000,3906.8000,2,18,8,3,2,2,4,4,3,3
SF,IF1911,2019-11-15 09:32:36.800,3906.0000,17164,-1,1708610880.000,1,0,1,双平,S,3905.4000,3905.2000,3905.0000,3904.8000,3904.6000,3905.8000,3906.0000,3906.2000,3906.4000,3906.6000,2,18,8,3,2,1,2,3,5,3
SF,IF1911,2019-11-15 09:32:37.300,3906.0000,17164,0,1708610880.000,0,-,-,-,-,3905.4000,3905.2000,3905.0000,3904.8000,3904.6000,3905.8000,3906.0000,3906.2000,3906.4000,3906.6000,2,18,8,3,2,1,2,3,5,3
SF,IF1911,2019-11-15 09:32:37.800,3905.2000,17153,-11,1721498220.000,11,0,11,双平,S,3905.2000,3905.0000,3904.8000,3904.6000,3904.4000,3905.4000,3905.8000,3906.0000,3906.2000,3906.4000,10,8,3,2,1,2,1,2,3,5
SF,IF1911,2019-11-15 09:32:38.300,3905.4000,17142,-11,1735557060.000,12,0,12,多平,S,3905.4000,3905.0000,3904.8000,3904.6000,3904.4000,3905.8000,3906.0000,3906.2000,3906.4000,3906.6000,1,6,3,2,1,1,3,4,5,3
SF,IF1911,2019-11-15 09:32:38.800,3905.0000,17137,-5,1742586180.000,6,0,6,多平,S,3905.0000,3904.8000,3904.6000,3904.4000,3903.8000,3905.2000,3905.4000,3905.6000,3905.8000,3906.0000,1,3,2,3,1,1,9,1,1,4
SF,IF1911,2019-11-15 09:32:39.300,3905.0000,17136,-1,1744929180.000,2,0,2,多平,S,3904.8000,3904.6000,3904.4000,3903.2000,3903.0000,3905.0000,3905.2000,3905.4000,3905.6000,3906.0000,3,2,1,1,5,2,2,5,11,4
SF,IF1911,2019-11-15 09:32:39.800,3904.8000,17131,-5,1750786320.000,5,0,5,双平,S,3904.6000,3904.4000,3903.8000,3903.2000,3903.0000,3904.8000,3905.0000,3905.2000,3905.4000,3905.6000,1,1,2,1,5,1,3,1,2,11
SF,IF1911,2019-11-15 09:32:40.300,3904.8000,17131,0,1750786320.000,0,-,-,-,-,3904.6000,3904.4000,3903.8000,3903.2000,3903.0000,3904.8000,3905.0000,3905.2000,3905.4000,3905.6000,1,1,2,1,5,2,5,1,1,1
SF,IF1911,2019-11-15 09:32:40.800,3904.8000,17130,-1,1751957760.000,1,0,1,双平,S,3904.6000,3904.4000,3903.8000,3903.2000,3903.0000,3904.8000,3905.0000,3905.2000,3905.4000,3905.6000,1,1,2,1,5,1,5,1,2,1
SF,IF1911,2019-11-15 09:32:41.300,3904.8000,17128,-2,1755472020.000,3,0,3,多平,S,3904.4000,3903.8000,3903.2000,3903.0000,3902.2000,3904.6000,3905.0000,3905.2000,3905.4000,3905.6000,1,2,1,5,4,1,4,1,2,1
SF,IF1911,2019-11-15 09:32:41.800,3905.0000,17124,-4,1760157780.000,4,0,4,双平,S,3904.4000,3903.8000,3903.2000,3903.0000,3902.2000,3905.0000,3905.4000,3905.8000,3906.0000,3906.2000,1,2,1,5,4,1,2,1,4,4
SF,IF1911,2019-11-15 09:32:42.300,3904.8000,17123,-1,1761329220.000,1,0,1,双平,S,3904.6000,3904.4000,3903.8000,3903.2000,3903.0000,3904.8000,3905.0000,3905.4000,3905.8000,3906.0000,1,1,2,1,5,1,1,2,1,4
SF,IF1911,2019-11-15 09:32:42.800,3904.8000,17122,-1,1762500660.000,1,0,1,双平,S,3904.6000,3904.4000,3903.8000,3903.2000,3903.0000,3905.0000,3905.4000,3905.8000,3906.0000,3906.2000,1,1,2,1,5,1,2,1,4,4
SF,IF1911,2019-11-15 09:32:43.300,3904.4000,17120,-2,1766014740.000,3,0,3,多平,S,3903.8000,3903.2000,3903.0000,3902.2000,3902.0000,3904.6000,3904.8000,3905.0000,3905.4000,3905.8000,2,1,5,4,2,2,1,1,2,1
SF,IF1911,2019-11-15 09:32:43.800,3905.0000,17118,-2,1771871760.000,5,1,4,多平,S,3905.2000,3904.6000,3904.0000,3903.8000,3903.6000,3905.4000,3905.8000,3906.0000,3906.2000,3906.4000,2,2,5,2,3,2,1,4,4,4
SF,IF1911,2019-11-15 09:32:44.300,3905.2000,17118,0,1774214880.000,2,1,1,多换,S,3904.6000,3904.0000,3903.8000,3903.6000,3903.2000,3905.2000,3905.4000,3905.8000,3906.0000,3906.2000,2,1,2,3,1,6,2,1,4,4
SF,IF1911,2019-11-15 09:32:44.800,3905.2000,17116,-2,1776558000.000,2,0,2,双平,S,3904.6000,3904.0000,3903.8000,3903.6000,3903.2000,3905.2000,3905.4000,3905.8000,3906.0000,3906.2000,2,1,2,3,1,1,2,1,4,4
SF,IF1911,2019-11-15 09:32:45.300,3905.2000,17115,-1,1777729560.000,1,0,1,双平,S,3905.2000,3905.0000,3904.6000,3904.2000,3904.0000,3905.4000,3905.8000,3906.0000,3906.2000,3906.4000,1,1,2,1,1,2,1,4,4,4
SF,IF1911,2019-11-15 09:32:45.800,3905.0000,17112,-3,1781244180.000,3,0,3,双平,S,3904.6000,3904.2000,3904.0000,3903.8000,3903.6000,3905.2000,3905.4000,3905.8000,3906.0000,3906.2000,2,1,2,2,3,1,3,1,3,4
SF,IF1911,2019-11-15 09:32:46.300,3905.4000,17112,0,1787102220.000,5,2,3,多换,S,3904.6000,3904.2000,3904.0000,3903.8000,3903.2000,3905.6000,3905.8000,3906.0000,3906.2000,3906.4000,2,1,2,2,1,1,1,3,3,4
SF,IF1911,2019-11-15 09:32:46.800,3905.4000,17112,0,1787102220.000,0,-,-,-,-,3904.8000,3904.6000,3904.2000,3904.0000,3903.8000,3905.0000,3905.4000,3905.6000,3905.8000,3906.0000,2,2,1,2,2,10,1,1,1,3
SF,IF1911,2019-11-15 09:32:47.300,3905.0000,17110,-2,1789445160.000,2,0,2,双平,S,3904.8000,3904.6000,3904.2000,3904.0000,3903.8000,3905.0000,3905.2000,3905.4000,3905.6000,3905.8000,1,2,1,2,2,9,2,1,1,1
SF,IF1911,2019-11-15 09:32:47.800,3904.8000,17107,-3,1792959540.000,3,0,3,双平,S,3904.6000,3904.2000,3904.0000,3903.8000,3903.2000,3904.8000,3905.0000,3905.2000,3905.4000,3905.6000,2,1,2,2,1,2,8,2,1,2
SF,IF1911,2019-11-15 09:32:48.300,3905.0000,17107,0,1798816920.000,5,2,3,多换,S,3904.6000,3904.0000,3903.8000,3903.2000,3903.0000,3904.8000,3905.0000,3905.2000,3905.4000,3905.6000,2,2,2,1,4,1,5,2,1,2
SF,IF1911,2019-11-15 09:32:48.800,3904.6000,17104,-3,1802331060.000,3,0,3,双平,S,3904.0000,3903.8000,3903.2000,3903.0000,3902.2000,3904.8000,3905.0000,3905.2000,3905.4000,3905.6000,2,2,1,4,4,1,5,2,1,2
SF,IF1911,2019-11-15 09:32:49.300,3904.6000,17102,-2,1804673820.000,2,0,2,双平,S,3904.0000,3903.8000,3903.2000,3903.0000,3902.2000,3904.8000,3905.0000,3905.2000,3905.4000,3905.6000,1,2,1,4,4,1,5,2,2,2
SF,IF1911,2019-11-15 09:32:49.800,3904.0000,17100,-2,1807016220.000,2,0,2,双平,S,3904.4000,3904.2000,3904.0000,3903.8000,3903.2000,3904.6000,3904.8000,3905.0000,3905.2000,3905.4000,1,1,1,2,1,2,1,5,2,2
SF,IF1911,2019-11-15 09:32:50.300,3904.6000,17099,-1,1808187600.000,1,0,1,双平,S,3904.4000,3904.2000,3904.0000,3903.8000,3903.2000,3904.6000,3904.8000,3905.2000,3905.4000,3905.6000,1,1,2,2,1,3,1,2,2,1
SF,IF1911,2019-11-15 09:32:50.800,3904.6000,17097,-2,1810530360.000,2,0,2,双平,S,3904.4000,3904.2000,3904.0000,3903.8000,3903.2000,3904.8000,3905.2000,3905.4000,3905.6000,3906.0000,1,1,2,2,1,1,2,2,1,3
SF,IF1911,2019-11-15 09:32:51.300,3904.4000,17096,-1,1811701680.000,1,0,1,双平,S,3904.2000,3904.0000,3903.8000,3903.6000,3903.2000,3904.4000,3904.8000,3905.2000,3905.4000,3905.6000,1,2,2,1,1,2,1,2,2,1
SF,IF1911,2019-11-15 09:32:51.800,3904.4000,17093,-3,1815215580.000,3,0,3,双平,S,3904.0000,3903.8000,3903.6000,3903.2000,3903.0000,3904.4000,3904.8000,3905.2000,3905.4000,3905.6000,3,2,1,1,4,1,1,2,2,1
SF,IF1911,2019-11-15 09:32:52.300,3904.4000,17093,0,1815215580.000,0,-,-,-,-,3904.2000,3904.0000,3903.8000,3903.6000,3903.2000,3904.4000,3904.8000,3905.2000,3905.4000,3905.6000,1,3,2,1,1,1,1,2,2,1
SF,IF1911,2019-11-15 09:32:52.800,3904.0000,17090,-3,1818729360.000,3,0,3,双平,S,3904.0000,3903.8000,3903.6000,3903.2000,3903.0000,3904.8000,3905.2000,3905.4000,3905.6000,3906.0000,2,2,1,1,4,1,2,2,1,3
SF,IF1911,2019-11-15 09:32:53.300,3904.0000,17088,-2,1821071760.000,2,0,2,双平,S,3904.0000,3903.8000,3903.6000,3903.2000,3903.0000,3904.8000,3905.2000,3905.4000,3905.6000,3906.0000,2,2,1,1,5,1,2,2,1,3
SF,IF1911,2019-11-15 09:32:53.800,3905.2000,17085,-3,1824586320.000,3,0,3,双平,S,3904.8000,3904.2000,3904.0000,3903.8000,3903.6000,3905.4000,3905.6000,3906.0000,3906.4000,3906.6000,1,1,2,2,1,2,1,3,4,6
SF,IF1911,2019-11-15 09:32:54.300,3904.8000,17084,-1,1825757760.000,1,0,1,双平,S,3904.2000,3904.0000,3903.8000,3903.2000,3903.0000,3904.8000,3905.2000,3905.4000,3905.6000,3906.0000,2,2,2,1,5,1,2,2,1,3
SF,IF1911,2019-11-15 09:32:54.800,3904.4000,17083,-1,1826929080.000,1,0,1,双平,S,3904.2000,3904.0000,3903.8000,3903.4000,3903.2000,3905.2000,3905.4000,3905.6000,3906.0000,3906.4000,2,2,2,1,1,1,2,1,3,4
SF,IF1911,2019-11-15 09:32:55.300,3904.4000,17083,0,1826929080.000,0,-,-,-,-,3904.2000,3904.0000,3903.8000,3903.4000,3903.2000,3904.8000,3905.2000,3905.4000,3905.6000,3906.0000,2,2,2,1,1,1,1,2,1,3
SF,IF1911,2019-11-15 09:32:55.800,3904.4000,17083,0,1826929080.000,0,-,-,-,-,3904.2000,3904.0000,3903.8000,3903.4000,3903.2000,3904.8000,3905.2000,3905.4000,3905.6000,3905.8000,2,2,3,1,1,1,1,2,1,1
SF,IF1911,2019-11-15 09:32:56.300,3904.2000,17082,-1,1828100340.000,1,0,1,双平,S,3904.2000,3904.0000,3903.8000,3903.4000,3903.2000,3904.8000,3905.2000,3905.4000,3905.6000,3905.8000,2,2,3,1,1,1,1,2,1,1
SF,IF1911,2019-11-15 09:32:56.800,3904.2000,17082,0,1828100340.000,0,-,-,-,-,3904.2000,3904.0000,3903.8000,3903.4000,3903.2000,3904.8000,3905.2000,3905.4000,3905.6000,3905.8000,2,2,3,1,1,1,1,2,1,1
SF,IF1911,2019-11-15 09:32:57.300,3904.2000,17081,-1,1829271600.000,1,0,1,双平,S,3904.0000,3903.8000,3903.4000,3903.2000,3903.0000,3904.6000,3904.8000,3905.2000,3905.4000,3905.6000,2,3,1,1,5,1,2,1,2,1
SF,IF1911,2019-11-15 09:32:57.800,3904.4000,17080,-1,1830442920.000,1,0,1,双平,S,3904.2000,3904.0000,3903.8000,3903.4000,3903.2000,3904.6000,3904.8000,3905.4000,3905.6000,3905.8000,1,2,3,1,1,1,2,2,1,1
SF,IF1911,2019-11-15 09:32:58.800,3904.6000,17079,-1,1831614300.000,1,0,1,双平,S,3904.2000,3904.0000,3903.8000,3903.4000,3903.2000,3904.8000,3905.4000,3905.6000,3905.8000,3906.0000,1,2,3,1,1,2,2,1,1,3
SF,IF1911,2019-11-15 09:32:59.300,3904.2000,17076,-3,1835128320.000,3,0,3,双平,S,3904.0000,3903.8000,3903.4000,3903.2000,3903.0000,3905.0000,3905.4000,3905.6000,3905.8000,3906.0000,4,3,1,1,5,1,1,1,1,3
SF,IF1911,2019-11-15 09:32:59.800,3904.2000,17076,0,1835128320.000,0,-,-,-,-,3904.4000,3904.2000,3904.0000,3903.8000,3903.4000,3905.0000,3905.4000,3905.6000,3905.8000,3906.0000,1,1,5,3,1,1,1,1,1,3
SF,IF1911,2019-11-15 09:33:00.300,3904.6000,17073,-3,1838642580.000,3,0,3,双平,S,3904.6000,3904.4000,3904.2000,3904.0000,3903.8000,3904.8000,3905.0000,3905.4000,3905.6000,3905.8000,1,1,1,5,3,3,1,1,1,1
SF,IF1911,2019-11-15 09:33:00.800,3904.6000,17067,-6,1845670860.000,6,0,6,双平,S,3904.4000,3904.2000,3904.0000,3903.8000,3903.4000,3904.6000,3904.8000,3905.0000,3905.4000,3905.6000,1,1,5,4,1,1,3,1,1,1
SF,IF1911,2019-11-15 09:33:01.300,3904.6000,17067,0,1845670860.000,0,-,-,-,-,3904.4000,3904.2000,3904.0000,3903.8000,3903.4000,3904.6000,3904.8000,3905.0000,3905.4000,3905.6000,2,1,5,4,1,5,1,1,1,1
SF,IF1911,2019-11-15 09:33:01.800,3904.0000,17063,-4,1850355960.000,4,0,4,双平,S,3904.0000,3903.8000,3903.4000,3903.2000,3903.0000,3904.2000,3904.4000,3904.6000,3904.8000,3905.0000,5,2,1,1,5,2,11,4,1,1
SF,IF1911,2019-11-15 09:33:02.300,3904.4000,17044,-19,1872609720.000,19,0,19,双平,S,3903.8000,3903.4000,3903.2000,3903.0000,3902.8000,3904.4000,3904.6000,3904.8000,3905.0000,3905.2000,2,1,1,3,3,8,1,1,1,1
SF,IF1911,2019-11-15 09:33:02.800,3904.4000,17043,-1,1873781040.000,1,0,1,双平,S,3903.8000,3903.4000,3903.2000,3903.0000,3902.8000,3904.0000,3904.2000,3904.4000,3904.6000,3904.8000,3,1,1,3,3,1,2,7,1,1
SF,IF1911,2019-11-15 09:33:03.300,3904.4000,17040,-3,1877295000.000,3,0,3,双平,S,3903.8000,3903.4000,3903.2000,3903.0000,3902.8000,3904.2000,3904.4000,3904.6000,3904.8000,3905.0000,3,1,1,3,3,1,7,1,3,1
SF,IF1911,2019-11-15 09:33:03.800,3903.8000,17037,-3,1881979560.000,4,0,4,多平,S,3903.4000,3903.2000,3903.0000,3902.8000,3902.2000,3904.4000,3904.6000,3904.8000,3905.0000,3905.2000,1,1,3,3,6,7,1,3,1,1
SF,IF1911,2019-11-15 09:33:04.300,3904.2000,17034,-3,1885493100.000,3,0,3,双平,S,3903.6000,3903.4000,3903.2000,3903.0000,3902.8000,3904.2000,3904.4000,3904.6000,3904.8000,3905.0000,1,1,1,3,3,1,7,1,3,1
SF,IF1911,2019-11-15 09:33:04.800,3904.2000,17034,0,1885493100.000,0,-,-,-,-,3904.2000,3904.0000,3903.6000,3903.4000,3903.2000,3904.4000,3904.6000,3904.8000,3905.2000,3905.6000,1,1,1,1,1,8,1,3,1,1
SF,IF1911,2019-11-15 09:33:05.300,3904.4000,17034,0,1886664420.000,1,0,1,多换,S,3904.2000,3904.0000,3903.6000,3903.4000,3903.2000,3904.4000,3904.6000,3904.8000,3905.2000,3905.6000,1,1,1,1,1,7,1,3,1,1
SF,IF1911,2019-11-15 09:33:05.800,3904.4000,17034,0,1886664420.000,0,-,-,-,-,3904.2000,3904.0000,3903.6000,3903.4000,3903.2000,3904.4000,3904.6000,3904.8000,3905.2000,3905.6000,2,1,1,1,1,9,1,3,1,1
SF,IF1911,2019-11-15 09:33:06.300,3904.2000,17033,-1,1889006940.000,2,0,2,多平,S,3904.0000,3903.6000,3903.4000,3903.2000,3903.0000,3904.2000,3904.4000,3904.6000,3904.8000,3905.2000,1,2,1,1,3,1,10,1,3,1
SF,IF1911,2019-11-15 09:33:06.800,3904.0000,17032,-1,1890178140.000,1,0,1,双平,S,3903.6000,3903.4000,3903.2000,3903.0000,3902.8000,3904.2000,3904.4000,3904.6000,3904.8000,3905.2000,2,1,1,4,3,2,10,1,3,1
SF,IF1911,2019-11-15 09:33:07.300,3904.0000,17029,-3,1893691740.000,3,0,3,双平,S,3903.6000,3903.4000,3903.2000,3903.0000,3902.8000,3904.0000,3904.2000,3904.4000,3904.6000,3904.8000,2,1,1,4,3,4,4,5,1,3
SF,IF1911,2019-11-15 09:33:07.800,3904.0000,17027,-2,1897205340.000,3,0,3,多平,S,3903.6000,3903.4000,3903.2000,3903.0000,3902.8000,3904.0000,3904.2000,3904.4000,3904.6000,3904.8000,2,1,1,4,3,3,4,5,1,3
SF,IF1911,2019-11-15 09:33:08.300,3903.8000,17027,0,1898376480.000,1,0,1,多换,S,3903.6000,3903.4000,3903.2000,3903.0000,3902.8000,3904.0000,3904.2000,3904.4000,3904.6000,3904.8000,2,1,2,4,3,3,4,5,1,3
SF,IF1911,2019-11-15 09:33:08.800,3903.8000,17027,0,1898376480.000,0,-,-,-,-,3903.6000,3903.4000,3903.2000,3903.0000,3902.8000,3904.0000,3904.2000,3904.4000,3904.6000,3904.8000,2,1,2,4,3,3,4,5,1,3
SF,IF1911,2019-11-15 09:33:09.800,3904.0000,17027,0,1899547680.000,1,0,1,多换,S,3903.6000,3903.4000,3903.2000,3903.0000,3902.8000,3904.0000,3904.2000,3904.4000,3904.6000,3904.8000,2,1,2,4,3,3,4,2,1,3
SF,IF1911,2019-11-15 09:33:10.300,3904.0000,17027,0,1899547680.000,0,-,-,-,-,3903.6000,3903.4000,3903.2000,3903.0000,3902.8000,3903.8000,3904.0000,3904.2000,3904.4000,3904.6000,2,1,3,4,1,1,2,4,1,1
SF,IF1911,2019-11-15 09:33:10.800,3903.8000,17025,-2,1901889900.000,2,0,2,双平,S,3903.4000,3903.2000,3903.0000,3902.8000,3902.2000,3904.0000,3904.2000,3904.4000,3904.6000,3904.8000,1,3,4,1,9,2,4,1,1,3
SF,IF1911,2019-11-15 09:33:11.300,3903.2000,17022,-3,1905402840.000,3,0,3,双平,S,3903.2000,3903.0000,3902.8000,3902.2000,3902.0000,3903.4000,3903.6000,3903.8000,3904.0000,3904.2000,1,4,1,9,2,1,1,1,2,4
SF,IF1911,2019-11-15 09:33:11.800,3903.0000,17020,-2,1910086620.000,4,1,3,多平,S,3903.0000,3902.8000,3902.2000,3902.0000,3901.8000,3903.2000,3903.4000,3903.6000,3903.8000,3904.0000,2,1,7,2,1,1,2,1,1,2
SF,IF1911,2019-11-15 09:33:12.300,3902.8000,17016,-4,1914770220.000,4,0,4,双平,S,3902.2000,3902.0000,3901.8000,3901.4000,3901.2000,3902.8000,3903.0000,3903.4000,3903.6000,3903.8000,7,2,1,1,3,1,3,2,1,1
SF,IF1911,2019-11-15 09:33:12.800,3903.0000,17013,-3,1919453580.000,4,0,4,多平,S,3902.8000,3902.4000,3902.2000,3902.0000,3901.8000,3903.0000,3903.4000,3903.6000,3903.8000,3904.0000,1,1,7,2,1,3,2,1,1,2
SF,IF1911,2019-11-15 09:33:13.300,3903.4000,17009,-4,1925308200.000,5,0,5,多平,S,3903.0000,3902.8000,3902.2000,3902.0000,3901.8000,3903.4000,3904.0000,3904.2000,3904.4000,3904.8000,1,2,7,2,1,1,2,3,1,1
SF,IF1911,2019-11-15 09:33:13.800,3903.4000,17009,0,1926479220.000,1,0,1,多换,S,3903.0000,3902.8000,3902.2000,3902.0000,3901.8000,3903.4000,3904.0000,3904.2000,3904.4000,3904.8000,5,4,5,2,1,2,2,3,1,2
SF,IF1911,2019-11-15 09:33:14.300,3903.2000,17007,-2,1928821140.000,2,0,2,双平,S,3903.0000,3902.8000,3902.2000,3902.0000,3901.8000,3903.4000,3904.0000,3904.2000,3904.4000,3904.8000,6,3,5,2,1,2,2,3,1,2
SF,IF1911,2019-11-15 09:33:14.800,3903.2000,17006,-1,1929992100.000,1,0,1,双平,S,3903.0000,3902.8000,3902.2000,3902.0000,3901.8000,3903.4000,3903.8000,3904.0000,3904.2000,3904.4000,6,3,5,4,1,2,1,2,3,1
SF,IF1911,2019-11-15 09:33:15.300,3903.2000,17006,0,1929992100.000,0,-,-,-,-,3903.0000,3902.8000,3902.2000,3902.0000,3901.8000,3903.4000,3903.8000,3904.0000,3904.2000,3904.4000,6,3,5,4,1,3,1,2,3,1
SF,IF1911,2019-11-15 09:33:15.800,3903.4000,17004,-2,1932334140.000,2,0,2,双平,S,3903.0000,3902.8000,3902.2000,3902.0000,3901.8000,3903.4000,3903.8000,3904.0000,3904.2000,3904.4000,6,3,5,2,1,1,1,2,3,1
SF,IF1911,2019-11-15 09:33:16.300,3903.4000,17002,-2,1934676180.000,2,0,2,双平,S,3903.2000,3903.0000,3902.8000,3902.6000,3902.2000,3903.4000,3903.8000,3904.0000,3904.2000,3904.4000,1,6,3,3,7,1,1,2,3,1
SF,IF1911,2019-11-15 09:33:16.800,3903.4000,17001,-1,1935847200.000,1,0,1,双平,S,3903.4000,3903.2000,3903.0000,3902.8000,3902.6000,3903.8000,3904.0000,3904.2000,3904.4000,3904.8000,1,1,5,3,3,1,2,3,1,2
SF,IF1911,2019-11-15 09:33:17.300,3903.4000,17000,-1,1937018220.000,1,0,1,双平,S,3903.2000,3903.0000,3902.8000,3902.6000,3902.2000,3903.4000,3903.6000,3903.8000,3904.0000,3904.2000,2,5,3,3,6,1,1,1,3,3
SF,IF1911,2019-11-15 09:33:17.800,3903.4000,16999,-1,1938189240.000,1,0,1,双平,S,3903.2000,3903.0000,3902.8000,3902.6000,3902.2000,3903.6000,3903.8000,3904.0000,3904.2000,3904.4000,2,9,2,3,6,1,1,3,3,1
SF,IF1911,2019-11-15 09:33:18.300,3903.2000,16996,-3,1941702180.000,3,0,3,双平,S,3903.4000,3903.0000,3902.8000,3902.6000,3902.2000,3903.6000,3903.8000,3904.0000,3904.2000,3904.4000,1,9,3,3,6,1,1,3,3,1
SF,IF1911,2019-11-15 09:33:18.800,3903.6000,16995,-1,1942873260.000,1,0,1,双平,S,3903.4000,3903.0000,3902.8000,3902.6000,3902.2000,3903.8000,3904.0000,3904.2000,3904.4000,3904.8000,2,9,3,3,6,1,3,3,1,2
SF,IF1911,2019-11-15 09:33:19.300,3903.4000,16993,-2,1945215300.000,2,0,2,双平,S,3903.0000,3902.8000,3902.6000,3902.2000,3902.0000,3903.8000,3904.0000,3904.2000,3904.4000,3904.8000,9,3,3,6,3,1,3,3,1,2
SF,IF1911,2019-11-15 09:33:19.800,3903.4000,16993,0,1945215300.000,0,-,-,-,-,3903.0000,3902.8000,3902.6000,3902.2000,3902.0000,3903.4000,3903.8000,3904.0000,3904.2000,3904.4000,6,3,3,6,3,1,1,3,3,1
SF,IF1911,2019-11-15 09:33:20.300,3903.0000,16990,-3,1948728000.000,3,0,3,双平,S,3903.0000,3902.8000,3902.6000,3902.2000,3902.0000,3903.4000,3903.8000,3904.0000,3904.2000,3904.4000,3,3,3,6,3,1,1,3,3,1
SF,IF1911,2019-11-15 09:33:20.800,3903.8000,16988,-2,1951070160.000,2,0,2,双平,S,3903.8000,3903.0000,3902.8000,3902.6000,3902.2000,3904.0000,3904.2000,3904.4000,3904.8000,3905.0000,1,3,3,3,6,3,3,1,2,1
SF,IF1911,2019-11-15 09:33:21.300,3903.2000,16986,-2,1953412260.000,2,0,2,双平,S,3903.2000,3903.0000,3902.8000,3902.6000,3902.2000,3903.4000,3903.6000,3903.8000,3904.0000,3904.2000,1,3,3,3,6,1,1,2,4,3
SF,IF1911,2019-11-15 09:33:21.800,3903.4000,16982,-4,1958096340.000,4,0,4,双平,S,3903.0000,3902.8000,3902.6000,3902.2000,3902.0000,3903.8000,3904.0000,3904.2000,3904.4000,3904.8000,3,3,3,6,3,1,4,3,1,2
SF,IF1911,2019-11-15 09:33:22.300,3903.2000,16981,-1,1960438380.000,2,0,2,多平,S,3903.0000,3902.8000,3902.6000,3902.2000,3902.0000,3903.2000,3903.4000,3904.0000,3904.2000,3904.4000,3,3,3,6,3,1,1,4,3,2
SF,IF1911,2019-11-15 09:33:22.800,3904.0000,16978,-3,1963951560.000,3,0,3,双平,S,3903.8000,3903.4000,3903.2000,3903.0000,3902.8000,3904.0000,3904.2000,3904.4000,3904.8000,3905.0000,1,2,14,3,3,3,3,2,2,1
SF,IF1911,2019-11-15 09:33:23.300,3904.0000,16975,-3,1967465160.000,3,0,3,双平,S,3903.8000,3903.4000,3903.2000,3903.0000,3902.8000,3904.2000,3904.4000,3904.8000,3905.0000,3905.8000,2,2,11,3,3,3,2,2,1,2
SF,IF1911,2019-11-15 09:33:23.800,3903.8000,16972,-3,1970978820.000,3,0,3,双平,S,3903.4000,3903.2000,3903.0000,3902.8000,3902.6000,3904.2000,3904.4000,3904.8000,3905.0000,3905.8000,2,11,3,3,1,1,2,2,1,2
SF,IF1911,2019-11-15 09:33:24.300,3904.2000,16971,-1,1972150080.000,1,0,1,双平,S,3903.8000,3903.4000,3903.2000,3903.0000,3902.8000,3904.0000,3904.2000,3904.4000,3904.8000,3905.0000,1,5,11,3,3,2,2,2,2,1
SF,IF1911,2019-11-15 09:33:24.800,3904.2000,16967,-4,1976835060.000,4,0,4,双平,S,3904.0000,3903.8000,3903.4000,3903.2000,3903.0000,3904.4000,3904.8000,3905.0000,3905.8000,3906.0000,2,1,4,11,3,2,2,1,2,2
SF,IF1911,2019-11-15 09:33:25.300,3904.4000,16965,-2,1979177700.000,2,0,2,双平,S,3904.4000,3904.0000,3903.8000,3903.4000,3903.2000,3904.8000,3905.0000,3905.8000,3906.0000,3906.4000,2,14,1,3,9,2,1,2,2,3
SF,IF1911,2019-11-15 09:33:25.800,3904.8000,16961,-4,1983863100.000,4,0,4,双平,S,3904.0000,3903.4000,3903.2000,3903.0000,3902.8000,3904.8000,3905.0000,3905.8000,3906.0000,3906.4000,13,1,9,3,4,1,1,2,2,3
SF,IF1911,2019-11-15 09:33:26.300,3904.0000,16960,-1,1985034300.000,1,0,1,双平,S,3904.0000,3903.4000,3903.2000,3903.0000,3902.8000,3904.4000,3904.6000,3904.8000,3905.0000,3905.8000,12,1,9,3,6,1,5,2,1,2
SF,IF1911,2019-11-15 09:33:26.800,3904.0000,16960,0,1985034300.000,0,-,-,-,-,3904.0000,3903.4000,3903.2000,3903.0000,3902.8000,3904.4000,3904.6000,3904.8000,3905.0000,3905.8000,12,1,9,3,6,1,5,2,1,2
SF,IF1911,2019-11-15 09:33:27.300,3904.0000,16957,-3,1988547900.000,3,0,3,双平,S,3904.0000,3903.4000,3903.2000,3903.0000,3902.8000,3904.6000,3904.8000,3905.0000,3905.8000,3906.0000,9,1,9,3,6,4,2,1,2,2
SF,IF1911,2019-11-15 09:33:27.800,3904.0000,16957,0,1988547900.000,0,-,-,-,-,3903.4000,3903.2000,3903.0000,3902.8000,3902.6000,3904.6000,3904.8000,3905.0000,3905.8000,3906.0000,1,7,3,6,1,4,2,1,2,2
SF,IF1911,2019-11-15 09:33:28.300,3904.0000,16957,0,1988547900.000,0,-,-,-,-,3903.6000,3903.4000,3903.2000,3903.0000,3902.8000,3904.6000,3904.8000,3905.0000,3905.8000,3906.0000,2,1,7,3,6,5,2,3,2,2
SF,IF1911,2019-11-15 09:33:28.800,3904.0000,16957,0,1988547900.000,0,-,-,-,-,3903.6000,3903.2000,3903.0000,3902.8000,3902.6000,3904.6000,3904.8000,3905.0000,3905.8000,3906.0000,1,7,3,6,1,5,2,3,2,2
SF,IF1911,2019-11-15 09:33:29.300,3904.0000,16957,0,1988547900.000,0,-,-,-,-,3903.6000,3903.2000,3903.0000,3902.8000,3902.6000,3904.2000,3904.4000,3904.6000,3904.8000,3905.0000,2,7,3,6,1,1,2,5,2,3
SF,IF1911,2019-11-15 09:33:29.800,3904.0000,16957,0,1988547900.000,0,-,-,-,-,3903.6000,3903.2000,3903.0000,3902.8000,3902.6000,3904.6000,3904.8000,3905.0000,3905.8000,3906.0000,1,7,3,6,1,5,2,3,2,2
SF,IF1911,2019-11-15 09:33:30.300,3903.6000,16957,0,1989718980.000,1,0,1,多换,S,3903.6000,3903.2000,3903.0000,3902.8000,3902.6000,3904.4000,3904.6000,3904.8000,3905.0000,3905.8000,1,7,3,6,1,1,5,2,3,2
SF,IF1911,2019-11-15 09:33:30.800,3903.6000,16957,0,1989718980.000,0,-,-,-,-,3903.2000,3903.0000,3902.8000,3902.6000,3902.2000,3904.2000,3904.4000,3904.6000,3904.8000,3905.0000,7,3,6,1,7,1,1,4,2,3
SF,IF1911,2019-11-15 09:33:31.300,3903.6000,16957,0,1989718980.000,0,-,-,-,-,3903.4000,3903.2000,3903.0000,3902.8000,3902.6000,3904.0000,3904.2000,3904.4000,3904.6000,3904.8000,2,8,3,6,1,1,1,1,3,2
SF,IF1911,2019-11-15 09:33:31.800,3903.4000,16956,-1,1990890000.000,1,0,1,双平,S,3903.4000,3903.2000,3903.0000,3902.8000,3902.6000,3904.0000,3904.2000,3904.4000,3904.6000,3904.8000,1,6,3,6,1,1,1,1,3,2
SF,IF1911,2019-11-15 09:33:32.300,3903.4000,16956,0,1990890000.000,0,-,-,-,-,3903.4000,3903.2000,3903.0000,3902.8000,3902.6000,3903.6000,3904.0000,3904.2000,3904.4000,3904.6000,1,6,3,6,1,1,1,1,1,4
SF,IF1911,2019-11-15 09:33:32.800,3903.2000,16954,-2,1993231920.000,2,0,2,双平,S,3903.2000,3903.0000,3902.8000,3902.6000,3902.2000,3903.6000,3904.0000,3904.2000,3904.4000,3904.6000,4,3,6,1,7,1,1,1,1,4
SF,IF1911,2019-11-15 09:33:33.300,3903.2000,16950,-4,1997915760.000,4,0,4,双平,S,3903.4000,3903.2000,3903.0000,3902.8000,3902.6000,3903.6000,3904.0000,3904.2000,3904.4000,3904.6000,1,1,4,6,1,1,1,1,1,4
SF,IF1911,2019-11-15 09:33:33.800,3903.6000,16949,-1,1999086840.000,1,0,1,双平,S,3903.6000,3903.4000,3903.2000,3903.0000,3902.8000,3904.0000,3904.2000,3904.4000,3904.6000,3904.8000,1,1,1,4,6,1,1,1,4,2
SF,IF1911,2019-11-15 09:33:34.300,3903.6000,16947,-2,2001429000.000,2,0,2,双平,S,3903.4000,3903.2000,3903.0000,3902.8000,3902.6000,3904.0000,3904.2000,3904.4000,3904.6000,3904.8000,1,1,4,6,1,1,1,1,4,2
SF,IF1911,2019-11-15 09:33:34.800,3903.6000,16947,0,2001429000.000,0,-,-,-,-,3903.6000,3903.4000,3903.2000,3903.0000,3902.8000,3904.0000,3904.4000,3904.6000,3904.8000,3905.0000,1,1,1,4,6,1,1,4,2,3
SF,IF1911,2019-11-15 09:33:35.300,3904.0000,16946,-1,2002600200.000,1,0,1,双平,S,3904.2000,3903.6000,3903.4000,3903.2000,3903.0000,3904.4000,3904.6000,3904.8000,3905.0000,3905.8000,9,1,1,1,4,1,4,2,3,2
SF,IF1911,2019-11-15 09:33:35.800,3904.4000,16941,-5,2008456560.000,5,0,5,双平,S,3904.2000,3903.6000,3903.4000,3903.2000,3903.0000,3904.4000,3904.6000,3904.8000,3905.0000,3905.8000,5,1,1,1,4,1,4,2,3,2
SF,IF1911,2019-11-15 09:33:36.300,3904.2000,16938,-3,2011970340.000,3,0,3,双平,S,3904.2000,3903.6000,3903.4000,3903.2000,3903.0000,3904.6000,3904.8000,3905.0000,3905.8000,3906.0000,2,1,1,1,4,4,2,3,2,3
SF,IF1911,2019-11-15 09:33:36.800,3904.2000,16936,-2,2014312920.000,2,0,2,双平,S,3904.2000,3903.6000,3903.4000,3903.2000,3903.0000,3904.4000,3904.6000,3904.8000,3905.0000,3905.8000,1,2,1,1,4,3,4,2,3,2
SF,IF1911,2019-11-15 09:33:37.300,3904.2000,16936,0,2014312920.000,0,-,-,-,-,3904.2000,3903.6000,3903.4000,3903.2000,3903.0000,3904.4000,3904.6000,3904.8000,3905.0000,3905.8000,1,2,1,1,4,4,4,2,3,2
SF,IF1911,2019-11-15 09:33:37.800,3903.4000,16932,-4,2018997360.000,4,0,4,双平,S,3903.2000,3903.0000,3902.8000,3902.6000,3902.2000,3903.4000,3904.2000,3904.4000,3904.6000,3904.8000,1,4,6,1,7,1,2,3,4,2
SF,IF1911,2019-11-15 09:33:38.300,3904.2000,16930,-2,2021339640.000,2,0,2,双平,S,3904.0000,3903.6000,3903.4000,3903.2000,3903.0000,3904.4000,3904.6000,3904.8000,3905.0000,3905.8000,1,3,12,1,4,2,4,2,3,2
SF,IF1911,2019-11-15 09:33:38.800,3903.4000,16926,-4,2026024200.000,4,0,4,双平,S,3904.0000,3903.4000,3903.2000,3903.0000,3902.8000,3904.4000,3904.6000,3904.8000,3905.0000,3905.8000,1,8,1,4,6,2,5,2,3,2
SF,IF1911,2019-11-15 09:33:39.300,3904.4000,16925,-1,2027195520.000,1,0,1,双平,S,3903.6000,3903.4000,3903.2000,3903.0000,3902.8000,3904.4000,3904.6000,3904.8000,3905.0000,3905.8000,1,8,1,4,6,1,5,2,3,2
SF,IF1911,2019-11-15 09:33:39.800,3904.4000,16925,0,2027195520.000,0,-,-,-,-,3903.6000,3903.4000,3903.2000,3903.0000,3902.8000,3904.4000,3904.6000,3904.8000,3905.0000,3905.8000,2,8,1,4,6,1,6,3,3,2
SF,IF1911,2019-11-15 09:33:40.300,3904.4000,16925,0,2027195520.000,0,-,-,-,-,3903.6000,3903.4000,3903.2000,3903.0000,3902.8000,3904.4000,3904.6000,3904.8000,3905.0000,3905.8000,2,8,1,4,6,6,6,3,3,2
SF,IF1911,2019-11-15 09:33:40.800,3904.4000,16925,0,2027195520.000,0,-,-,-,-,3904.0000,3903.6000,3903.4000,3903.2000,3903.0000,3904.2000,3904.4000,3904.6000,3904.8000,3905.0000,1,1,8,1,4,1,6,6,3,3
SF,IF1911,2019-11-15 09:33:41.300,3904.0000,16924,-1,2028366720.000,1,0,1,双平,S,3903.6000,3903.4000,3903.2000,3903.0000,3902.8000,3904.0000,3904.2000,3904.4000,3904.6000,3904.8000,1,9,1,4,6,1,1,6,6,3
SF,IF1911,2019-11-15 09:33:41.800,3904.0000,16923,-1,2029537920.000,1,0,1,双平,S,3903.6000,3903.4000,3903.2000,3903.0000,3902.8000,3904.2000,3904.4000,3904.6000,3904.8000,3905.0000,1,9,1,4,6,1,6,6,3,3
SF,IF1911,2019-11-15 09:33:42.300,3904.0000,16923,0,2029537920.000,0,-,-,-,-,3903.4000,3903.2000,3903.0000,3902.8000,3902.6000,3904.2000,3904.4000,3904.6000,3904.8000,3905.0000,9,1,5,6,1,2,6,6,3,3
SF,IF1911,2019-11-15 09:33:42.800,3904.0000,16923,0,2029537920.000,0,-,-,-,-,3903.4000,3903.2000,3903.0000,3902.8000,3902.6000,3903.8000,3904.2000,3904.4000,3904.6000,3904.8000,9,1,5,6,1,1,3,6,5,3
SF,IF1911,2019-11-15 09:33:43.300,3903.4000,16922,-1,2030708940.000,1,0,1,双平,S,3903.4000,3903.2000,3903.0000,3902.8000,3902.6000,3903.8000,3904.2000,3904.4000,3904.6000,3904.8000,2,1,5,6,1,1,3,6,5,3
SF,IF1911,2019-11-15 09:33:43.800,3903.4000,16922,0,2030708940.000,0,-,-,-,-,3903.4000,3903.2000,3903.0000,3902.8000,3902.6000,3903.8000,3904.2000,3904.4000,3904.6000,3904.8000,2,1,5,6,1,2,2,6,5,3
SF,IF1911,2019-11-15 09:33:44.300,3903.8000,16921,-1,2033051220.000,2,0,2,多平,S,3903.4000,3903.2000,3903.0000,3902.8000,3902.6000,3904.2000,3904.4000,3904.6000,3904.8000,3905.0000,2,1,5,4,1,2,6,5,3,3
SF,IF1911,2019-11-15 09:33:44.800,3903.8000,16921,0,2033051220.000,0,-,-,-,-,3903.8000,3903.6000,3903.4000,3903.2000,3903.0000,3904.0000,3904.2000,3904.4000,3904.6000,3904.8000,1,3,2,1,5,3,3,6,5,3
SF,IF1911,2019-11-15 09:33:45.300,3904.0000,16921,0,2042420640.000,8,4,4,多换,S,3904.0000,3903.6000,3903.4000,3903.2000,3903.0000,3904.2000,3904.4000,3904.6000,3904.8000,3905.0000,4,3,2,1,5,3,6,5,3,3
SF,IF1911,2019-11-15 09:33:45.800,3904.0000,16921,0,2047105440.000,4,2,2,多换,S,3903.6000,3903.4000,3903.2000,3903.0000,3902.8000,3903.8000,3904.0000,3904.2000,3904.4000,3904.6000,3,2,1,5,4,1,2,2,6,5
SF,IF1911,2019-11-15 09:33:46.300,3904.0000,16921,0,2047105440.000,0,-,-,-,-,3903.6000,3903.4000,3903.2000,3903.0000,3902.8000,3904.0000,3904.2000,3904.4000,3904.6000,3904.8000,3,2,1,6,4,1,2,6,5,3
SF,IF1911,2019-11-15 09:33:46.800,3904.0000,16921,0,2047105440.000,0,-,-,-,-,3903.8000,3903.6000,3903.4000,3903.2000,3903.0000,3904.0000,3904.2000,3904.4000,3904.6000,3904.8000,1,3,2,1,5,2,2,6,5,3
SF,IF1911,2019-11-15 09:33:47.300,3904.0000,16921,0,2047105440.000,0,-,-,-,-,3903.8000,3903.6000,3903.4000,3903.2000,3903.0000,3904.0000,3904.2000,3904.4000,3904.6000,3904.8000,2,4,2,1,5,2,2,6,5,3
SF,IF1911,2019-11-15 09:33:47.800,3904.0000,16921,0,2047105440.000,0,-,-,-,-,3903.8000,3903.6000,3903.4000,3903.2000,3903.0000,3904.0000,3904.2000,3904.4000,3904.6000,3904.8000,3,4,2,1,5,2,2,6,5,3
SF,IF1911,2019-11-15 09:33:48.300,3903.8000,16920,-1,2048276580.000,1,0,1,双平,S,3903.8000,3903.6000,3903.4000,3903.2000,3903.0000,3904.0000,3904.2000,3904.4000,3904.6000,3904.8000,2,4,1,1,5,2,2,6,5,3
SF,IF1911,2019-11-15 09:33:48.800,3903.6000,16916,-4,2052961020.000,4,0,4,双平,S,3903.6000,3903.4000,3903.2000,3903.0000,3902.8000,3904.0000,3904.2000,3904.4000,3904.6000,3904.8000,2,1,1,5,4,2,2,6,5,3
SF,IF1911,2019-11-15 09:33:49.300,3903.6000,16914,-2,2055303180.000,2,0,2,双平,S,3903.4000,3903.2000,3903.0000,3902.8000,3902.6000,3904.0000,3904.2000,3904.4000,3904.6000,3904.8000,1,1,5,4,1,2,2,6,5,3
SF,IF1911,2019-11-15 09:33:49.800,3903.6000,16914,0,2055303180.000,0,-,-,-,-,3903.4000,3903.2000,3903.0000,3902.8000,3902.6000,3903.8000,3904.0000,3904.2000,3904.4000,3904.6000,1,1,5,4,1,1,2,2,6,5
SF,IF1911,2019-11-15 09:33:50.800,3903.6000,16914,0,2055303180.000,0,-,-,-,-,3903.4000,3903.2000,3903.0000,3902.8000,3902.6000,3903.8000,3904.0000,3904.2000,3904.4000,3904.6000,1,1,5,4,1,1,2,2,6,6
SF,IF1911,2019-11-15 09:33:51.300,3903.6000,16914,0,2055303180.000,0,-,-,-,-,3903.4000,3903.2000,3903.0000,3902.8000,3902.6000,3903.8000,3904.0000,3904.2000,3904.4000,3904.6000,1,1,5,4,1,5,2,2,6,6
SF,IF1911,2019-11-15 09:33:51.800,3903.2000,16912,-2,2057645160.000,2,0,2,双平,S,3903.0000,3902.8000,3902.6000,3902.2000,3902.0000,3903.4000,3903.6000,3903.8000,3904.0000,3904.2000,5,4,1,9,3,2,4,5,2,2
SF,IF1911,2019-11-15 09:33:52.300,3903.2000,16911,-1,2058816120.000,1,0,1,双平,S,3903.0000,3902.8000,3902.6000,3902.2000,3902.0000,3903.4000,3903.6000,3903.8000,3904.0000,3904.2000,5,4,1,9,3,2,4,7,3,2
SF,IF1911,2019-11-15 09:33:52.800,3903.4000,16910,-1,2061158160.000,2,0,2,多平,S,3903.0000,3902.8000,3902.6000,3902.2000,3902.0000,3903.6000,3903.8000,3904.0000,3904.2000,3904.4000,5,4,1,9,3,2,7,3,2,6
SF,IF1911,2019-11-15 09:33:53.300,3903.4000,16910,0,2061158160.000,0,-,-,-,-,3903.0000,3902.8000,3902.6000,3902.2000,3902.0000,3903.6000,3903.8000,3904.0000,3904.2000,3904.4000,5,4,1,9,3,1,7,3,2,6
SF,IF1911,2019-11-15 09:33:53.800,3903.4000,16910,0,2061158160.000,0,-,-,-,-,3903.0000,3902.8000,3902.6000,3902.2000,3902.0000,3903.6000,3903.8000,3904.0000,3904.2000,3904.4000,5,4,1,9,3,1,7,3,2,5
SF,IF1911,2019-11-15 09:33:54.800,3903.6000,16909,-1,2062329240.000,1,0,1,双平,S,3903.0000,3902.8000,3902.6000,3902.2000,3902.0000,3903.8000,3904.0000,3904.2000,3904.4000,3904.6000,5,4,1,9,3,7,3,2,5,6
SF,IF1911,2019-11-15 09:33:55.300,3903.6000,16909,0,2062329240.000,0,-,-,-,-,3903.2000,3903.0000,3902.8000,3902.6000,3902.2000,3903.8000,3904.0000,3904.2000,3904.4000,3904.6000,2,5,4,1,9,7,3,2,5,6
SF,IF1911,2019-11-15 09:33:55.800,3903.2000,16907,-2,2064671280.000,2,0,2,双平,S,3903.2000,3903.0000,3902.8000,3902.6000,3902.4000,3903.8000,3904.0000,3904.2000,3904.4000,3904.6000,1,8,4,1,8,7,4,2,5,6
SF,IF1911,2019-11-15 09:33:56.800,3903.2000,16907,0,2064671280.000,0,-,-,-,-,3903.2000,3903.0000,3902.8000,3902.6000,3902.4000,3903.4000,3903.8000,3904.0000,3904.2000,3904.4000,1,8,4,1,8,1,7,5,2,5
SF,IF1911,2019-11-15 09:33:57.300,3903.2000,16907,0,2064671280.000,0,-,-,-,-,3903.2000,3903.0000,3902.8000,3902.6000,3902.4000,3903.4000,3903.8000,3904.0000,3904.2000,3904.4000,1,8,4,1,8,1,8,5,2,5
SF,IF1911,2019-11-15 09:33:57.800,3903.2000,16907,0,2064671280.000,0,-,-,-,-,3903.2000,3903.0000,3902.8000,3902.6000,3902.4000,3903.4000,3903.8000,3904.0000,3904.2000,3904.4000,1,8,4,1,8,1,8,5,2,5
SF,IF1911,2019-11-15 09:33:58.300,3903.4000,16906,-1,2065842300.000,1,0,1,双平,S,3903.2000,3903.0000,3902.8000,3902.6000,3902.4000,3903.8000,3904.0000,3904.2000,3904.4000,3904.6000,1,8,4,1,8,8,5,2,5,7
SF,IF1911,2019-11-15 09:33:58.800,3903.4000,16906,0,2065842300.000,0,-,-,-,-,3903.2000,3903.0000,3902.8000,3902.6000,3902.4000,3903.8000,3904.0000,3904.2000,3904.4000,3904.6000,1,8,4,1,8,8,4,2,5,7
SF,IF1911,2019-11-15 09:33:59.300,3903.4000,16906,0,2065842300.000,0,-,-,-,-,3903.2000,3903.0000,3902.8000,3902.6000,3902.4000,3903.8000,3904.0000,3904.2000,3904.4000,3904.6000,1,8,4,1,8,9,4,2,5,7
SF,IF1911,2019-11-15 09:33:59.800,3903.4000,16906,0,2065842300.000,0,-,-,-,-,3903.2000,3903.0000,3902.8000,3902.6000,3902.4000,3903.8000,3904.0000,3904.2000,3904.4000,3904.6000,2,8,4,1,8,9,3,2,5,7
SF,IF1911,2019-11-15 09:34:00.300,3903.4000,16905,-1,2067013320.000,1,0,1,双平,S,3903.2000,3903.0000,3902.8000,3902.6000,3902.4000,3903.8000,3904.0000,3904.2000,3904.4000,3904.6000,2,8,4,1,8,9,4,2,5,7
SF,IF1911,2019-11-15 09:34:00.800,3903.2000,16902,-3,2071697160.000,4,0,4,多平,S,3903.0000,3902.8000,3902.6000,3902.4000,3902.2000,3903.2000,3903.8000,3904.0000,3904.2000,3904.4000,8,4,1,8,9,6,9,4,1,5
SF,IF1911,2019-11-15 09:34:01.300,3903.2000,16901,-1,2075210040.000,3,1,2,多平,S,3903.0000,3902.8000,3902.6000,3902.4000,3902.2000,3903.2000,3903.8000,3904.0000,3904.2000,3904.4000,8,4,1,8,9,3,9,4,1,5
SF,IF1911,2019-11-15 09:34:02.300,3903.2000,16901,0,2075210040.000,0,-,-,-,-,3903.0000,3902.8000,3902.6000,3902.4000,3902.2000,3903.2000,3903.8000,3904.0000,3904.2000,3904.4000,8,4,1,8,9,3,9,4,1,5
SF,IF1911,2019-11-15 09:34:02.800,3903.2000,16901,0,2076381000.000,1,0,1,多换,S,3903.0000,3902.8000,3902.6000,3902.4000,3902.2000,3903.2000,3903.8000,3904.0000,3904.2000,3904.4000,10,4,1,8,9,2,9,4,1,5
SF,IF1911,2019-11-15 09:34:03.300,3903.2000,16901,0,2078722920.000,2,1,1,多换,S,3903.0000,3902.8000,3902.6000,3902.4000,3902.2000,3903.2000,3903.8000,3904.0000,3904.2000,3904.4000,10,4,1,8,9,2,9,5,1,5
SF,IF1911,2019-11-15 09:34:04.300,3903.2000,16900,-1,2079893880.000,1,0,1,双平,S,3903.0000,3902.8000,3902.6000,3902.4000,3902.2000,3903.2000,3903.8000,3904.0000,3904.2000,3904.4000,10,4,1,8,9,1,9,5,1,5
SF,IF1911,2019-11-15 09:34:04.800,3903.2000,16897,-3,2083406760.000,3,0,3,双平,S,3903.2000,3903.0000,3902.8000,3902.6000,3902.4000,3903.8000,3904.0000,3904.4000,3904.6000,3904.8000,2,10,4,1,8,9,5,5,4,2
SF,IF1911,2019-11-15 09:34:05.300,3903.0000,16896,-1,2084577660.000,1,0,1,双平,S,3903.0000,3902.8000,3902.6000,3902.4000,3902.2000,3903.6000,3903.8000,3904.0000,3904.4000,3904.6000,7,4,1,8,9,3,9,5,5,4
SF,IF1911,2019-11-15 09:34:05.800,3903.0000,16896,0,2084577660.000,0,-,-,-,-,3903.0000,3902.8000,3902.6000,3902.4000,3902.2000,3903.6000,3903.8000,3904.0000,3904.4000,3904.6000,7,4,1,8,9,3,9,5,5,4
SF,IF1911,2019-11-15 09:34:06.300,3903.0000,16896,0,2084577660.000,0,-,-,-,-,3903.0000,3902.8000,3902.6000,3902.4000,3902.2000,3903.6000,3903.8000,3904.0000,3904.4000,3904.6000,7,4,1,8,9,2,9,5,5,4
SF,IF1911,2019-11-15 09:34:06.800,3903.2000,16895,-1,2085748620.000,1,0,1,双平,S,3903.0000,3902.8000,3902.6000,3902.4000,3902.2000,3903.2000,3903.4000,3903.6000,3903.8000,3904.0000,7,4,1,8,9,1,1,1,9,5
SF,IF1911,2019-11-15 09:34:07.300,3903.4000,16893,-2,2088090600.000,2,0,2,双平,S,3903.4000,3903.2000,3903.0000,3902.8000,3902.6000,3903.8000,3904.0000,3904.4000,3904.6000,3904.8000,3,3,7,4,1,9,5,5,4,2
SF,IF1911,2019-11-15 09:34:07.800,3903.4000,16891,-2,2090432640.000,2,0,2,双平,S,3903.0000,3902.8000,3902.6000,3902.4000,3902.2000,3903.6000,3903.8000,3904.0000,3904.2000,3904.4000,7,4,1,8,9,2,9,5,1,5
SF,IF1911,2019-11-15 09:34:08.300,3903.6000,16889,-2,2092774800.000,2,0,2,双平,S,3903.0000,3902.8000,3902.6000,3902.4000,3902.2000,3903.8000,3904.0000,3904.2000,3904.4000,3904.6000,7,4,1,8,9,9,5,1,5,4
SF,IF1911,2019-11-15 09:34:08.800,3903.8000,16880,-9,2103315000.000,9,0,9,双平,S,3903.2000,3903.0000,3902.8000,3902.6000,3902.4000,3903.8000,3904.0000,3904.2000,3904.4000,3904.6000,1,8,4,1,8,1,5,1,5,4
SF,IF1911,2019-11-15 09:34:09.300,3903.4000,16879,-1,2105657160.000,2,0,2,多平,S,3903.4000,3903.2000,3903.0000,3902.8000,3902.6000,3903.6000,3904.0000,3904.2000,3904.4000,3904.6000,2,2,8,4,1,1,5,1,5,4
SF,IF1911,2019-11-15 09:34:09.800,3903.6000,16875,-4,2110341480.000,4,0,4,双平,S,3903.6000,3903.4000,3903.2000,3903.0000,3902.8000,3904.0000,3904.2000,3904.4000,3904.6000,3904.8000,1,2,2,8,4,5,1,5,4,2
SF,IF1911,2019-11-15 09:34:10.300,3903.6000,16875,0,2110341480.000,0,-,-,-,-,3903.6000,3903.4000,3903.2000,3903.0000,3902.8000,3904.0000,3904.2000,3904.4000,3904.6000,3904.8000,1,2,3,8,5,5,1,5,4,2
SF,IF1911,2019-11-15 09:34:10.800,3903.6000,16873,-2,2112683640.000,2,0,2,双平,S,3903.4000,3903.2000,3903.0000,3902.8000,3902.6000,3904.0000,3904.2000,3904.4000,3904.6000,3904.8000,2,4,8,5,1,5,1,5,4,2
SF,IF1911,2019-11-15 09:34:11.300,3903.4000,16871,-2,2115025740.000,2,0,2,双平,S,3903.4000,3903.2000,3903.0000,3902.8000,3902.6000,3903.8000,3904.0000,3904.2000,3904.4000,3904.6000,1,4,8,7,1,1,5,1,5,4
SF,IF1911,2019-11-15 09:34:11.800,3904.0000,16868,-3,2118539280.000,3,0,3,双平,S,3903.4000,3903.2000,3903.0000,3902.8000,3902.6000,3904.0000,3904.2000,3904.4000,3904.6000,3904.8000,1,5,8,7,1,3,1,5,4,2
