市场代码,合约代码,时间,最新,持仓,增仓,成交额,成交量,开仓,平仓,成交类型,方向,买一价,买二价,买三价,买四价,买五价,卖一价,卖二价,卖三价,卖四价,卖五价,买一量,买二量,买三量,买四量,买五量,卖一量,卖二量,卖三量,卖四量,卖五量
SF,IF1912,2019-12-20 09:29:00.400,4038.0000,24914,0,290736000.000,240.000,-,-,-,-,4038.0000,4036.0000,4034.2000,4034.0000,4033.2000,4038.4000,4038.6000,4038.8000,4039.0000,4039.2000,6,2,2,1,3,9,5,1,12,3
SF,IF1912,2019-12-20 09:30:00.400,4036.0000,24896,-18,313751280.000,19,0,19,多平,S,4034.8000,4034.2000,4034.0000,4033.2000,4033.0000,4037.8000,4038.2000,4038.4000,4038.6000,4038.8000,1,2,1,3,3,1,1,7,5,1
SF,IF1912,2019-12-20 09:30:00.900,4030.0000,24839,-57,387577320.000,61,2,59,多平,S,4030.0000,4029.2000,4029.0000,4028.6000,4028.2000,4034.8000,4036.0000,4037.2000,4037.4000,4037.8000,2,6,4,2,2,7,5,1,3,6
SF,IF1912,2019-12-20 09:30:01.400,4034.6000,24822,-17,410569440.000,19,1,18,多平,S,4030.6000,4030.2000,4030.0000,4029.4000,4029.0000,4034.6000,4034.8000,4036.0000,4037.6000,4037.8000,8,7,2,1,4,5,9,7,1,6
SF,IF1912,2019-12-20 09:30:01.900,4030.8000,24813,-9,421453860.000,9,0,9,双平,S,4030.8000,4030.6000,4030.2000,4030.0000,4029.4000,4033.8000,4034.4000,4034.6000,4034.8000,4036.0000,3,10,5,2,1,1,5,9,9,7
SF,IF1912,2019-12-20 09:30:02.400,4034.4000,24805,-8,431133720.000,8,0,8,双平,S,4031.6000,4031.4000,4031.0000,4030.8000,4030.6000,4034.4000,4034.6000,4034.8000,4036.0000,4037.6000,1,7,5,5,2,2,10,9,7,1
SF,IF1912,2019-12-20 09:30:02.900,4034.4000,24801,-4,437184600.000,5,0,5,多平,S,4032.2000,4031.8000,4031.6000,4031.0000,4030.8000,4033.4000,4034.2000,4034.4000,4034.6000,4034.8000,7,5,3,4,2,2,1,3,11,9
SF,IF1912,2019-12-20 09:30:03.400,4033.8000,24778,-23,467424300.000,25,1,24,多平,S,4033.4000,4030.6000,4030.2000,4030.0000,4029.4000,4034.0000,4034.2000,4034.4000,4034.6000,4034.8000,2,1,2,3,2,5,1,7,10,9
SF,IF1912,2019-12-20 09:30:03.900,4034.4000,24767,-11,484366140.000,14,1,13,多平,S,4031.0000,4030.8000,4030.6000,4030.2000,4030.0000,4033.2000,4033.8000,4034.4000,4034.6000,4034.8000,1,7,2,2,3,1,3,7,10,9
SF,IF1912,2019-12-20 09:30:04.400,4031.8000,24765,-2,486785700.000,2,0,2,双平,S,4031.6000,4031.2000,4031.0000,4030.8000,4030.6000,4033.0000,4033.2000,4033.8000,4034.4000,4034.6000,1,4,2,7,2,1,1,5,7,10
SF,IF1912,2019-12-20 09:30:04.900,4031.8000,24750,-15,506144040.000,16,0,16,多平,S,4031.8000,4031.6000,4031.2000,4031.0000,4030.8000,4034.4000,4034.6000,4034.8000,4036.0000,4037.4000,2,2,2,2,7,7,10,8,1,2
SF,IF1912,2019-12-20 09:30:05.400,4033.4000,24744,-6,513405180.000,6,0,6,双平,S,4033.4000,4032.4000,4032.0000,4031.8000,4031.6000,4034.2000,4034.4000,4034.6000,4034.8000,4036.0000,5,1,27,2,2,10,9,6,8,1
SF,IF1912,2019-12-20 09:30:05.900,4032.8000,24734,-10,529136940.000,13,1,12,多平,S,4032.0000,4031.8000,4031.6000,4031.0000,4030.6000,4033.4000,4033.8000,4034.4000,4034.6000,4034.8000,13,2,2,1,3,1,1,5,6,8
SF,IF1912,2019-12-20 09:30:06.400,4033.4000,24731,-3,532767000.000,3,0,3,双平,S,4032.8000,4032.6000,4032.2000,4032.0000,4031.8000,4033.8000,4034.4000,4034.6000,4034.8000,4035.6000,1,1,5,2,3,1,5,6,8,1
SF,IF1912,2019-12-20 09:30:06.900,4033.4000,24727,-4,537606960.000,4,0,4,双平,S,4033.8000,4033.2000,4033.0000,4032.8000,4032.6000,4034.4000,4034.6000,4034.8000,4035.6000,4035.8000,2,3,2,1,1,5,6,8,1,1
SF,IF1912,2019-12-20 09:30:07.400,4034.0000,24720,-7,547289100.000,8,0,8,多平,S,4034.0000,4033.8000,4033.4000,4032.8000,4032.6000,4034.4000,4034.6000,4034.8000,4035.6000,4036.0000,1,5,1,1,1,1,6,8,1,1
SF,IF1912,2019-12-20 09:30:07.900,4034.0000,24714,-6,555760620.000,7,0,7,多平,S,4034.4000,4034.2000,4034.0000,4033.8000,4033.4000,4034.6000,4034.8000,4035.6000,4036.0000,4037.4000,1,1,2,2,3,6,8,1,1,1
SF,IF1912,2019-12-20 09:30:08.400,4034.4000,24708,-6,563022660.000,6,0,6,双平,S,4034.2000,4033.8000,4033.4000,4032.8000,4032.6000,4034.4000,4034.6000,4034.8000,4036.0000,4037.2000,2,3,3,1,1,1,3,8,1,1
SF,IF1912,2019-12-20 09:30:08.900,4034.4000,24697,-11,576336540.000,11,0,11,双平,S,4034.4000,4034.2000,4034.0000,4033.8000,4033.4000,4034.8000,4036.0000,4037.2000,4037.4000,4037.6000,2,4,1,3,5,6,1,1,1,1
SF,IF1912,2019-12-20 09:30:09.400,4034.8000,24693,-4,581178240.000,4,0,4,双平,S,4034.6000,4034.4000,4034.2000,4034.0000,4033.8000,4034.8000,4036.0000,4037.2000,4037.4000,4037.6000,2,4,1,1,3,3,1,2,1,1
SF,IF1912,2019-12-20 09:30:09.900,4034.6000,24688,-5,587230320.000,5,0,5,双平,S,4034.6000,4034.4000,4034.2000,4034.0000,4033.8000,4036.0000,4037.2000,4037.4000,4037.6000,4037.8000,1,7,2,1,3,1,2,1,1,4
SF,IF1912,2019-12-20 09:30:10.400,4034.8000,24687,-1,588440760.000,1,0,1,双平,S,4034.8000,4034.6000,4034.4000,4034.2000,4034.0000,4035.4000,4035.8000,4036.0000,4037.0000,4037.2000,3,1,7,3,1,2,3,1,10,1
SF,IF1912,2019-12-20 09:30:10.900,4034.8000,24685,-2,592072260.000,3,0,3,多平,S,4034.6000,4034.4000,4034.2000,4034.0000,4033.8000,4035.2000,4035.4000,4035.6000,4035.8000,4036.0000,1,7,3,1,4,1,1,1,2,1
SF,IF1912,2019-12-20 09:30:11.400,4035.2000,24684,-1,593282820.000,1,0,1,双平,S,4035.0000,4034.6000,4034.4000,4034.2000,4034.0000,4035.2000,4035.4000,4035.6000,4035.8000,4036.0000,4,2,9,3,1,1,1,1,2,1
SF,IF1912,2019-12-20 09:30:11.900,4035.4000,24680,-4,598125120.000,4,0,4,双平,S,4035.2000,4035.0000,4034.6000,4034.4000,4034.2000,4035.6000,4035.8000,4036.0000,4036.8000,4037.0000,1,4,2,9,3,1,1,1,1,10
SF,IF1912,2019-12-20 09:30:12.400,4035.4000,24680,0,598125120.000,0,-,-,-,-,4035.4000,4035.2000,4034.6000,4034.4000,4034.2000,4035.6000,4035.8000,4036.0000,4036.8000,4037.0000,4,2,2,9,3,1,1,1,1,10
SF,IF1912,2019-12-20 09:30:12.900,4035.6000,24678,-2,600546480.000,2,0,2,双平,S,4035.4000,4035.2000,4034.6000,4034.4000,4034.2000,4036.0000,4036.8000,4037.0000,4037.4000,4037.6000,1,2,2,9,3,1,1,10,1,1
SF,IF1912,2019-12-20 09:30:13.400,4036.0000,24677,-1,601757280.000,1,0,1,双平,S,4036.2000,4036.0000,4035.8000,4035.4000,4035.2000,4036.8000,4037.0000,4037.4000,4037.6000,4037.8000,4,2,3,1,5,1,10,1,1,4
SF,IF1912,2019-12-20 09:30:13.900,4036.4000,24672,-5,607813080.000,5,0,5,双平,S,4036.4000,4036.2000,4036.0000,4035.2000,4035.0000,4037.8000,4038.0000,4038.2000,4038.4000,4038.8000,1,4,2,5,1,3,8,1,3,2
SF,IF1912,2019-12-20 09:30:14.400,4037.6000,24660,-12,623555760.000,13,0,13,多平,S,4036.6000,4036.0000,4035.6000,4035.2000,4035.0000,4037.6000,4037.8000,4038.0000,4038.2000,4038.4000,1,1,2,5,1,1,3,8,1,3
SF,IF1912,2019-12-20 09:30:14.900,4037.4000,24653,-7,632034240.000,7,0,7,双平,S,4036.8000,4036.6000,4036.0000,4035.6000,4035.2000,4037.4000,4037.6000,4037.8000,4038.0000,4038.2000,1,1,1,2,6,3,2,3,8,1
SF,IF1912,2019-12-20 09:30:15.400,4037.6000,24649,-4,638090460.000,5,0,5,多平,S,4036.8000,4036.0000,4035.6000,4035.2000,4035.0000,4037.8000,4038.0000,4038.2000,4038.4000,4038.8000,1,1,2,6,1,3,8,1,3,2
SF,IF1912,2019-12-20 09:30:15.900,4037.0000,24643,-6,646569360.000,7,0,7,多平,S,4037.0000,4036.8000,4036.2000,4036.0000,4035.6000,4038.0000,4038.2000,4038.4000,4038.8000,4039.0000,2,2,10,1,2,7,1,3,2,13
SF,IF1912,2019-12-20 09:30:16.400,4036.8000,24631,-12,661103820.000,12,0,12,双平,S,4036.2000,4036.0000,4035.6000,4035.2000,4035.0000,4038.0000,4038.2000,4038.4000,4038.8000,4039.0000,10,1,2,4,1,3,1,3,2,13
SF,IF1912,2019-12-20 09:30:16.900,4036.8000,24631,0,661103820.000,0,-,-,-,-,4036.8000,4036.4000,4036.2000,4036.0000,4035.6000,4037.0000,4037.8000,4038.0000,4038.2000,4038.4000,1,3,13,1,2,5,15,3,1,3
SF,IF1912,2019-12-20 09:30:17.400,4036.8000,24625,-6,668370300.000,6,0,6,双平,S,4036.0000,4035.6000,4035.2000,4035.0000,4034.6000,4037.0000,4037.8000,4038.0000,4038.2000,4038.4000,1,2,4,1,1,1,5,3,1,3
SF,IF1912,2019-12-20 09:30:17.900,4037.0000,24624,-1,670792440.000,2,0,2,多平,S,4037.0000,4036.2000,4036.0000,4035.6000,4035.2000,4037.6000,4037.8000,4038.0000,4038.2000,4038.4000,2,3,1,2,3,10,2,4,1,3
SF,IF1912,2019-12-20 09:30:18.400,4037.4000,24620,-4,675636720.000,4,0,4,双平,S,4037.0000,4036.2000,4036.0000,4035.6000,4035.2000,4037.8000,4038.0000,4038.2000,4038.4000,4038.8000,1,3,1,2,3,2,4,1,3,2
SF,IF1912,2019-12-20 09:30:18.900,4037.6000,24619,-1,676848000.000,1,0,1,双平,S,4037.0000,4036.6000,4036.2000,4036.0000,4035.6000,4037.8000,4038.0000,4038.2000,4038.4000,4038.8000,1,2,1,1,2,2,4,1,3,2
SF,IF1912,2019-12-20 09:30:19.400,4037.2000,24617,-2,679270500.000,2,0,2,双平,S,4037.2000,4037.0000,4036.6000,4036.2000,4036.0000,4037.8000,4038.0000,4038.2000,4038.4000,4038.8000,2,2,2,1,1,1,4,1,3,2
SF,IF1912,2019-12-20 09:30:19.900,4037.4000,24610,-7,688961220.000,8,0,8,多平,S,4037.4000,4037.2000,4037.0000,4036.6000,4036.2000,4038.2000,4038.4000,4038.8000,4039.0000,4039.2000,1,2,2,2,1,1,3,2,13,1
SF,IF1912,2019-12-20 09:30:20.400,4037.6000,24608,-2,691383780.000,2,0,2,双平,S,4037.6000,4037.4000,4037.2000,4037.0000,4036.6000,4038.0000,4038.2000,4038.4000,4038.8000,4039.0000,1,1,1,2,2,1,2,3,2,13
SF,IF1912,2019-12-20 09:30:20.900,4038.2000,24604,-4,698652300.000,6,1,5,多平,S,4038.0000,4037.4000,4037.0000,4036.6000,4036.0000,4038.4000,4038.8000,4039.0000,4039.2000,4039.4000,1,1,2,2,1,3,2,13,1,10
SF,IF1912,2019-12-20 09:30:21.400,4038.0000,24601,-3,702286500.000,3,0,3,双平,S,4037.4000,4037.0000,4036.6000,4036.0000,4035.6000,4038.4000,4038.8000,4039.0000,4039.2000,4039.4000,1,3,2,1,1,3,2,12,1,10
SF,IF1912,2019-12-20 09:30:21.900,4038.4000,24596,-5,708343980.000,5,0,5,双平,S,4037.6000,4037.4000,4037.0000,4036.6000,4036.0000,4038.8000,4039.0000,4039.2000,4039.4000,4039.6000,4,1,3,2,2,2,12,1,10,5
SF,IF1912,2019-12-20 09:30:22.400,4037.6000,24586,-10,720458040.000,10,0,10,双平,S,4037.4000,4037.0000,4036.6000,4036.0000,4035.6000,4037.6000,4039.0000,4039.2000,4039.4000,4039.6000,1,3,2,2,1,1,12,1,10,5
SF,IF1912,2019-12-20 09:30:22.900,4037.6000,24584,-2,722880600.000,2,0,2,双平,S,4038.8000,4037.6000,4037.4000,4037.0000,4036.6000,4039.0000,4039.2000,4039.4000,4039.6000,4039.8000,2,1,1,3,4,12,1,10,5,12
SF,IF1912,2019-12-20 09:30:23.400,4038.8000,24579,-5,728938800.000,5,0,5,双平,S,4037.6000,4037.4000,4037.0000,4036.6000,4036.0000,4038.6000,4038.8000,4039.0000,4039.2000,4039.4000,1,3,3,4,2,1,1,12,2,10
SF,IF1912,2019-12-20 09:30:23.900,4039.0000,24575,-4,733785420.000,4,0,4,双平,S,4038.8000,4037.8000,4037.6000,4037.4000,4037.0000,4039.0000,4039.2000,4039.4000,4039.6000,4039.8000,2,4,1,2,3,10,2,10,5,12
SF,IF1912,2019-12-20 09:30:24.400,4038.8000,24571,-4,738631980.000,4,0,4,双平,S,4037.8000,4037.6000,4037.4000,4037.0000,4036.6000,4038.4000,4039.0000,4039.2000,4039.4000,4039.6000,3,1,2,3,2,1,11,2,10,5
SF,IF1912,2019-12-20 09:30:24.900,4038.6000,24570,-1,739843560.000,1,0,1,双平,S,4038.6000,4038.2000,4038.0000,4037.8000,4037.6000,4039.0000,4039.2000,4039.4000,4039.6000,4039.8000,6,2,3,1,1,11,2,10,5,12
SF,IF1912,2019-12-20 09:30:25.400,4038.6000,24565,-5,747113520.000,6,0,6,多平,S,4038.6000,4038.2000,4038.0000,4037.8000,4037.4000,4038.8000,4039.0000,4039.2000,4039.4000,4039.6000,4,2,4,1,2,1,7,2,10,5
SF,IF1912,2019-12-20 09:30:25.900,4037.8000,24556,-9,759228240.000,10,0,10,多平,S,4037.4000,4037.2000,4037.0000,4036.6000,4036.0000,4037.6000,4038.8000,4039.0000,4039.2000,4039.4000,2,1,3,2,2,2,1,7,2,10
SF,IF1912,2019-12-20 09:30:26.400,4038.6000,24553,-3,762862380.000,3,0,3,双平,S,4037.8000,4037.6000,4037.4000,4037.2000,4037.0000,4038.8000,4039.0000,4039.2000,4039.4000,4039.6000,6,1,5,1,3,2,7,2,10,6
SF,IF1912,2019-12-20 09:30:26.900,4038.6000,24550,-3,767708340.000,4,0,4,多平,S,4037.8000,4037.6000,4037.4000,4037.2000,4037.0000,4038.4000,4038.6000,4038.8000,4039.0000,4039.2000,6,1,2,1,3,1,1,3,7,2
SF,IF1912,2019-12-20 09:30:27.400,4038.0000,24548,-2,770131140.000,2,0,2,双平,S,4038.0000,4037.8000,4037.6000,4037.4000,4037.2000,4038.4000,4038.6000,4038.8000,4039.0000,4039.2000,3,7,1,2,1,1,1,3,7,2
SF,IF1912,2019-12-20 09:30:27.900,4038.0000,24545,-3,774976860.000,4,0,4,多平,S,4038.0000,4037.8000,4037.6000,4037.4000,4037.2000,4038.4000,4038.6000,4038.8000,4039.0000,4039.2000,1,9,3,2,1,1,1,3,7,2
SF,IF1912,2019-12-20 09:30:28.400,4037.8000,24536,-9,787090800.000,10,0,10,多平,S,4037.8000,4037.6000,4037.4000,4037.2000,4037.0000,4038.0000,4038.4000,4038.6000,4038.8000,4039.0000,8,2,2,1,2,4,1,1,3,8
SF,IF1912,2019-12-20 09:30:28.900,4038.0000,24531,-5,793147800.000,5,0,5,双平,S,4038.2000,4038.0000,4037.8000,4037.6000,4037.4000,4038.4000,4038.6000,4038.8000,4039.0000,4039.2000,1,2,8,2,2,1,1,3,8,2
SF,IF1912,2019-12-20 09:30:29.400,4038.4000,24528,-3,796782360.000,3,0,3,双平,S,4038.4000,4038.2000,4038.0000,4037.8000,4037.6000,4038.6000,4038.8000,4039.0000,4039.2000,4039.4000,1,3,2,8,2,1,3,8,2,10
SF,IF1912,2019-12-20 09:30:29.900,4038.2000,24526,-2,800416920.000,3,0,3,多平,S,4038.2000,4038.0000,4037.8000,4037.6000,4037.4000,4038.4000,4038.8000,4039.0000,4039.2000,4039.4000,2,2,8,2,2,1,3,8,2,10
SF,IF1912,2019-12-20 09:30:30.400,4038.0000,24524,-2,804051240.000,3,0,3,多平,S,4038.0000,4037.8000,4037.6000,4037.4000,4037.2000,4038.4000,4038.8000,4039.0000,4039.2000,4039.4000,2,8,2,2,1,1,3,8,3,10
SF,IF1912,2019-12-20 09:30:30.900,4037.8000,24522,-2,807685380.000,3,0,3,多平,S,4037.8000,4037.6000,4037.4000,4037.2000,4037.0000,4038.0000,4038.2000,4038.4000,4038.8000,4039.0000,7,2,2,1,2,6,1,1,3,9
SF,IF1912,2019-12-20 09:30:31.400,4037.8000,24515,-7,816164940.000,7,0,7,双平,S,4037.8000,4037.4000,4037.2000,4037.0000,4036.6000,4038.0000,4038.2000,4038.4000,4038.6000,4038.8000,3,2,1,2,2,3,2,1,1,3
SF,IF1912,2019-12-20 09:30:31.900,4037.8000,24507,-8,825856080.000,8,0,8,双平,S,4037.4000,4037.2000,4037.0000,4036.6000,4036.0000,4038.4000,4038.6000,4038.8000,4039.0000,4039.2000,2,1,2,2,2,1,1,3,10,3
SF,IF1912,2019-12-20 09:30:32.400,4038.0000,24502,-5,831913080.000,5,0,5,双平,S,4038.0000,4037.6000,4037.4000,4037.2000,4037.0000,4038.2000,4038.4000,4038.6000,4038.8000,4039.0000,2,3,4,1,2,3,1,3,3,10
SF,IF1912,2019-12-20 09:30:32.900,4038.0000,24499,-3,835547280.000,3,0,3,双平,S,4037.6000,4037.4000,4037.2000,4037.0000,4036.6000,4037.8000,4038.0000,4038.2000,4038.4000,4038.6000,3,2,1,2,2,4,4,2,1,3
SF,IF1912,2019-12-20 09:30:33.400,4038.0000,24490,-9,846449400.000,9,0,9,双平,S,4037.6000,4037.4000,4037.2000,4037.0000,4036.6000,4038.0000,4038.2000,4038.4000,4038.6000,4038.8000,1,2,1,2,2,1,2,1,3,3
SF,IF1912,2019-12-20 09:30:33.900,4037.8000,24479,-11,859774500.000,11,0,11,双平,S,4037.6000,4037.4000,4037.2000,4037.0000,4036.6000,4037.8000,4038.4000,4038.6000,4038.8000,4039.0000,1,2,1,2,2,2,2,3,3,10
SF,IF1912,2019-12-20 09:30:34.400,4037.6000,24473,-6,868253820.000,7,0,7,多平,S,4037.4000,4037.2000,4037.0000,4036.6000,4036.0000,4038.4000,4038.6000,4038.8000,4039.0000,4039.2000,2,1,2,2,2,2,3,3,10,3
SF,IF1912,2019-12-20 09:30:34.900,4037.6000,24472,-1,869465100.000,1,0,1,双平,S,4037.6000,4037.4000,4037.2000,4037.0000,4036.6000,4038.2000,4038.4000,4038.6000,4038.8000,4039.0000,2,5,1,2,2,3,1,3,3,10
SF,IF1912,2019-12-20 09:30:35.400,4037.6000,24469,-3,873098940.000,3,0,3,双平,S,4037.4000,4037.2000,4037.0000,4036.6000,4036.0000,4038.2000,4038.4000,4038.6000,4038.8000,4039.0000,2,1,2,2,2,2,1,3,3,10
SF,IF1912,2019-12-20 09:30:35.900,4038.2000,24465,-4,877944180.000,4,0,4,双平,S,4037.4000,4037.2000,4037.0000,4036.6000,4036.0000,4038.2000,4038.4000,4038.6000,4038.8000,4039.0000,3,1,2,2,2,1,2,5,3,10
SF,IF1912,2019-12-20 09:30:36.400,4037.6000,24460,-5,888846300.000,9,2,7,多平,S,4037.6000,4037.2000,4037.0000,4036.6000,4036.0000,4038.6000,4038.8000,4039.0000,4039.2000,4039.4000,1,1,2,2,2,5,3,10,3,10
SF,IF1912,2019-12-20 09:30:36.900,4037.6000,24460,0,888846300.000,0,-,-,-,-,4037.8000,4037.2000,4037.0000,4036.6000,4036.0000,4038.2000,4038.4000,4038.6000,4038.8000,4039.0000,1,1,2,2,2,1,2,5,3,10
SF,IF1912,2019-12-20 09:30:37.400,4037.6000,24460,0,888846300.000,0,-,-,-,-,4037.2000,4037.0000,4036.6000,4036.0000,4035.8000,4037.4000,4038.2000,4038.4000,4038.6000,4038.8000,1,2,2,2,1,1,1,2,5,3
SF,IF1912,2019-12-20 09:30:37.900,4037.4000,24456,-4,893691420.000,4,0,4,双平,S,4037.4000,4037.2000,4037.0000,4036.0000,4035.8000,4038.0000,4038.4000,4038.6000,4038.8000,4039.0000,1,4,2,2,1,1,2,5,9,9
SF,IF1912,2019-12-20 09:30:38.400,4038.0000,24453,-3,897325440.000,3,0,3,双平,S,4038.0000,4037.6000,4037.2000,4037.0000,4036.0000,4038.4000,4038.6000,4038.8000,4039.0000,4039.2000,2,4,1,2,2,2,5,9,9,3
SF,IF1912,2019-12-20 09:30:38.900,4038.0000,24445,-8,907016700.000,8,0,8,双平,S,4037.6000,4037.2000,4037.0000,4036.0000,4035.8000,4037.8000,4038.4000,4038.6000,4038.8000,4039.0000,1,1,2,2,1,5,2,5,9,9
SF,IF1912,2019-12-20 09:30:39.400,4037.2000,24440,-5,913072980.000,5,0,5,双平,S,4037.0000,4036.0000,4035.8000,4035.6000,4035.2000,4037.8000,4038.4000,4038.6000,4038.8000,4039.0000,2,2,1,1,1,5,2,5,9,9
SF,IF1912,2019-12-20 09:30:39.900,4037.6000,24439,-1,914284260.000,1,0,1,双平,S,4037.2000,4037.0000,4036.2000,4036.0000,4035.8000,4037.6000,4037.8000,4038.4000,4038.6000,4038.8000,3,2,10,2,1,7,6,1,5,9
SF,IF1912,2019-12-20 09:30:40.400,4037.2000,24436,-3,917917980.000,3,0,3,双平,S,4037.0000,4036.0000,4035.8000,4035.2000,4035.0000,4037.6000,4037.8000,4038.4000,4038.6000,4038.8000,2,2,1,1,1,6,6,1,5,9
SF,IF1912,2019-12-20 09:30:40.900,4037.6000,24434,-2,920340540.000,2,0,2,双平,S,4037.0000,4036.0000,4035.8000,4035.2000,4035.0000,4037.2000,4037.4000,4037.6000,4037.8000,4038.4000,2,2,1,1,1,2,1,4,6,1
SF,IF1912,2019-12-20 09:30:41.400,4037.6000,24429,-5,926396460.000,5,0,5,双平,S,4037.4000,4037.0000,4036.0000,4035.8000,4035.2000,4037.6000,4037.8000,4038.4000,4038.6000,4038.8000,1,5,2,1,1,3,6,1,5,9
SF,IF1912,2019-12-20 09:30:41.900,4037.4000,24427,-2,928818900.000,2,0,2,双平,S,4037.0000,4036.0000,4035.8000,4035.2000,4035.0000,4037.4000,4037.6000,4037.8000,4038.2000,4038.4000,3,2,1,1,1,1,3,6,2,1
SF,IF1912,2019-12-20 09:30:42.400,4037.0000,24426,-1,930030000.000,1,0,1,双平,S,4037.0000,4036.0000,4035.8000,4035.2000,4035.0000,4037.2000,4037.4000,4037.6000,4037.8000,4038.0000,4,2,1,1,1,1,2,3,6,1
SF,IF1912,2019-12-20 09:30:42.900,4037.2000,24422,-4,934874700.000,4,0,4,双平,S,4037.2000,4037.0000,4036.0000,4035.8000,4035.2000,4037.4000,4037.6000,4037.8000,4038.0000,4038.2000,3,4,2,1,1,1,3,6,2,2
SF,IF1912,2019-12-20 09:30:43.400,4037.4000,24418,-4,939719640.000,4,0,4,双平,S,4037.4000,4037.2000,4037.0000,4036.0000,4035.8000,4037.6000,4037.8000,4038.0000,4038.2000,4038.6000,1,6,2,2,1,2,6,2,2,5
SF,IF1912,2019-12-20 09:30:43.900,4037.4000,24415,-3,943353360.000,3,0,3,双平,S,4037.4000,4037.2000,4037.0000,4036.0000,4035.8000,4037.6000,4037.8000,4038.0000,4038.2000,4038.6000,1,3,2,2,1,1,6,2,2,6
SF,IF1912,2019-12-20 09:30:44.400,4037.8000,24413,-2,945775980.000,2,0,2,双平,S,4037.4000,4037.2000,4037.0000,4036.0000,4035.8000,4037.8000,4038.0000,4038.2000,4038.6000,4038.8000,3,3,2,2,1,5,2,2,7,8
SF,IF1912,2019-12-20 09:30:44.900,4037.8000,24412,-1,948198660.000,2,0,2,多平,S,4037.4000,4037.2000,4037.0000,4036.0000,4035.8000,4037.8000,4038.0000,4038.2000,4038.6000,4038.8000,5,2,2,2,1,3,2,2,7,8
SF,IF1912,2019-12-20 09:30:45.400,4037.6000,24410,-2,950621220.000,2,0,2,双平,S,4037.6000,4037.4000,4037.2000,4037.0000,4036.0000,4037.8000,4038.0000,4038.2000,4038.6000,4038.8000,1,5,2,2,2,3,2,2,7,8
SF,IF1912,2019-12-20 09:30:45.900,4037.6000,24407,-3,954255120.000,3,0,3,双平,S,4037.4000,4037.2000,4037.0000,4036.0000,4035.8000,4037.6000,4037.8000,4038.0000,4038.2000,4038.6000,4,2,2,2,1,3,2,2,2,7
SF,IF1912,2019-12-20 09:30:46.400,4037.4000,24401,-6,961522560.000,6,0,6,双平,S,4037.4000,4037.2000,4037.0000,4036.0000,4035.8000,4037.6000,4037.8000,4038.0000,4038.2000,4038.6000,1,2,4,2,1,1,2,2,2,7
SF,IF1912,2019-12-20 09:30:46.900,4037.4000,24399,-2,963945000.000,2,0,2,双平,S,4037.2000,4037.0000,4036.0000,4035.8000,4035.2000,4037.6000,4037.8000,4038.0000,4038.2000,4038.6000,2,4,2,1,1,1,2,2,2,7
SF,IF1912,2019-12-20 09:30:47.400,4037.2000,24398,-1,965156160.000,1,0,1,双平,S,4037.2000,4037.0000,4036.0000,4035.8000,4035.2000,4037.6000,4037.8000,4038.0000,4038.2000,4038.6000,1,4,2,1,1,1,2,2,2,7
SF,IF1912,2019-12-20 09:30:47.900,4037.4000,24393,-5,971212320.000,5,0,5,双平,S,4037.0000,4036.0000,4035.8000,4035.2000,4034.4000,4037.6000,4037.8000,4038.0000,4038.2000,4038.6000,4,1,1,1,2,2,2,2,2,7
SF,IF1912,2019-12-20 09:30:48.400,4037.6000,24392,-1,972423600.000,1,0,1,双平,S,4037.0000,4036.0000,4035.8000,4035.2000,4034.4000,4037.6000,4037.8000,4038.0000,4038.2000,4038.6000,4,1,1,1,2,1,3,2,2,7
SF,IF1912,2019-12-20 09:30:48.900,4037.6000,24390,-2,974846160.000,2,0,2,双平,S,4037.0000,4036.0000,4035.8000,4035.2000,4034.4000,4037.8000,4038.0000,4038.2000,4038.6000,4038.8000,4,1,1,1,2,3,2,2,7,8
SF,IF1912,2019-12-20 09:30:49.400,4037.0000,24388,-2,977268540.000,2,0,2,双平,S,4037.0000,4036.0000,4035.8000,4035.2000,4034.4000,4037.8000,4038.0000,4038.2000,4038.6000,4038.8000,3,1,1,1,2,3,2,2,7,8
SF,IF1912,2019-12-20 09:30:49.900,4037.2000,24384,-4,982113180.000,4,0,4,双平,S,4037.0000,4036.0000,4035.8000,4035.2000,4034.4000,4037.2000,4037.8000,4038.0000,4038.2000,4038.6000,3,1,1,1,2,1,3,2,2,7
SF,IF1912,2019-12-20 09:30:50.400,4037.0000,24382,-2,984535440.000,2,0,2,双平,S,4037.0000,4036.0000,4035.8000,4035.2000,4034.4000,4037.4000,4037.8000,4038.0000,4038.2000,4038.6000,2,1,1,1,2,1,3,2,2,7
SF,IF1912,2019-12-20 09:30:50.900,4037.0000,24380,-2,986957640.000,2,0,2,双平,S,4036.0000,4035.8000,4035.2000,4034.4000,4034.2000,4037.0000,4037.4000,4037.8000,4038.0000,4038.2000,1,1,1,2,2,2,1,3,2,3
SF,IF1912,2019-12-20 09:30:51.400,4037.0000,24379,-1,988168740.000,1,0,1,双平,S,4036.6000,4036.4000,4036.2000,4036.0000,4035.2000,4037.0000,4037.4000,4037.8000,4038.0000,4038.2000,1,3,3,1,1,4,1,3,2,4
SF,IF1912,2019-12-20 09:30:51.900,4037.0000,24375,-4,993013140.000,4,0,4,双平,S,4036.0000,4035.2000,4034.4000,4034.2000,4034.0000,4037.0000,4037.4000,4037.8000,4038.0000,4038.2000,1,1,2,2,1,2,1,3,2,4
SF,IF1912,2019-12-20 09:30:52.400,4037.0000,24375,0,993013140.000,0,-,-,-,-,4036.4000,4036.2000,4036.0000,4035.4000,4035.2000,4036.8000,4037.0000,4037.4000,4037.8000,4038.0000,1,1,1,10,1,2,3,1,3,2
SF,IF1912,2019-12-20 09:30:52.900,4036.8000,24373,-2,995434980.000,2,0,2,双平,S,4036.4000,4035.2000,4034.4000,4034.2000,4034.0000,4037.0000,4037.4000,4037.8000,4038.0000,4038.2000,1,1,2,2,1,5,3,3,2,4
SF,IF1912,2019-12-20 09:30:53.400,4036.8000,24373,0,995434980.000,0,-,-,-,-,4036.4000,4035.4000,4035.2000,4034.4000,4034.2000,4037.0000,4037.4000,4037.8000,4038.0000,4038.2000,1,10,1,2,2,5,3,3,2,4
SF,IF1912,2019-12-20 09:30:53.900,4036.8000,24373,0,995434980.000,0,-,-,-,-,4036.8000,4036.4000,4035.4000,4035.2000,4034.4000,4037.0000,4037.4000,4037.8000,4038.0000,4038.2000,1,1,10,1,2,6,3,3,2,4
SF,IF1912,2019-12-20 09:30:54.400,4036.8000,24371,-2,999068220.000,3,0,3,多平,S,4036.4000,4035.4000,4035.2000,4034.4000,4034.2000,4037.0000,4037.4000,4037.8000,4038.0000,4038.2000,1,10,1,2,2,3,3,3,2,4
SF,IF1912,2019-12-20 09:30:54.900,4037.0000,24367,-4,1003912560.000,4,0,4,双平,S,4036.6000,4036.4000,4035.4000,4035.2000,4034.4000,4037.4000,4037.8000,4038.0000,4038.2000,4038.6000,1,1,10,1,2,3,3,2,4,6
SF,IF1912,2019-12-20 09:30:55.400,4037.2000,24366,-1,1005123720.000,1,0,1,双平,S,4036.6000,4036.4000,4035.4000,4035.2000,4034.4000,4037.2000,4037.4000,4037.6000,4037.8000,4038.0000,1,1,10,1,2,1,3,3,3,2
SF,IF1912,2019-12-20 09:30:55.900,4037.2000,24363,-3,1008757200.000,3,0,3,双平,S,4036.4000,4035.4000,4035.2000,4034.4000,4034.2000,4036.6000,4037.4000,4037.6000,4037.8000,4038.0000,1,10,1,2,2,1,3,3,3,2
SF,IF1912,2019-12-20 09:30:56.400,4037.4000,24360,-3,1012390380.000,3,0,3,双平,S,4037.0000,4036.4000,4035.2000,4034.4000,4034.2000,4037.4000,4037.6000,4037.8000,4038.0000,4038.2000,5,2,1,2,2,2,3,3,2,5
SF,IF1912,2019-12-20 09:30:56.900,4037.0000,24352,-8,1022079660.000,8,0,8,双平,S,4037.0000,4036.4000,4035.2000,4034.4000,4034.2000,4037.6000,4037.8000,4038.0000,4038.2000,4038.6000,2,1,1,2,2,3,3,2,5,6
SF,IF1912,2019-12-20 09:30:57.400,4037.0000,24351,-1,1023290760.000,1,0,1,双平,S,4037.0000,4036.4000,4035.8000,4035.2000,4034.4000,4037.2000,4037.6000,4037.8000,4038.0000,4038.2000,1,1,1,1,2,1,3,3,2,5
SF,IF1912,2019-12-20 09:30:57.900,4037.0000,24350,-1,1025713020.000,2,0,2,多平,S,4036.4000,4035.8000,4035.2000,4034.4000,4034.2000,4037.0000,4037.6000,4037.8000,4038.0000,4038.2000,1,1,1,2,2,3,3,3,2,5
SF,IF1912,2019-12-20 09:30:58.400,4036.4000,24346,-4,1030556700.000,4,0,4,双平,S,4035.2000,4034.4000,4034.2000,4034.0000,4033.8000,4036.0000,4037.0000,4037.6000,4037.8000,4038.0000,1,2,2,1,1,1,3,3,3,2
SF,IF1912,2019-12-20 09:30:58.900,4036.8000,24345,-1,1032978540.000,2,0,2,多平,S,4035.4000,4035.2000,4034.4000,4034.2000,4034.0000,4036.4000,4036.8000,4037.0000,4037.6000,4037.8000,1,7,2,2,1,1,9,3,3,3
SF,IF1912,2019-12-20 09:30:59.400,4036.8000,24344,-1,1034189580.000,1,0,1,双平,S,4036.0000,4035.6000,4035.4000,4035.2000,4034.4000,4036.4000,4037.0000,4037.6000,4037.8000,4038.0000,1,2,2,7,2,1,3,3,3,1
SF,IF1912,2019-12-20 09:30:59.900,4036.0000,24342,-2,1039032960.000,4,1,3,多平,S,4036.0000,4035.8000,4035.6000,4035.2000,4034.4000,4037.0000,4037.6000,4037.8000,4038.0000,4038.2000,1,1,1,7,2,3,3,3,1,5
SF,IF1912,2019-12-20 09:31:00.400,4036.0000,24341,-1,1040243760.000,1,0,1,双平,S,4035.8000,4035.6000,4035.2000,4034.4000,4034.2000,4036.8000,4037.0000,4037.6000,4037.8000,4038.0000,1,1,7,2,2,1,3,3,3,1
SF,IF1912,2019-12-20 09:31:00.900,4036.0000,24339,-2,1042665360.000,2,0,2,双平,S,4035.8000,4035.6000,4035.2000,4034.4000,4034.2000,4036.6000,4036.8000,4037.0000,4037.6000,4037.8000,1,1,7,2,2,1,1,3,3,3
SF,IF1912,2019-12-20 09:31:01.400,4035.8000,24336,-3,1046298060.000,3,0,3,双平,S,4035.6000,4035.2000,4034.4000,4034.2000,4034.0000,4036.2000,4036.4000,4036.8000,4037.0000,4037.6000,1,4,2,2,1,9,2,1,3,3
SF,IF1912,2019-12-20 09:31:01.900,4035.6000,24331,-5,1052352180.000,5,0,5,双平,S,4035.2000,4034.4000,4034.2000,4034.0000,4033.8000,4036.2000,4036.4000,4036.8000,4037.0000,4037.6000,4,2,2,1,1,5,2,1,3,3
SF,IF1912,2019-12-20 09:31:02.400,4036.2000,24327,-4,1057195560.000,4,0,4,双平,S,4035.4000,4035.2000,4034.4000,4034.2000,4034.0000,4036.2000,4036.4000,4036.8000,4037.0000,4037.6000,2,4,2,2,1,2,2,1,3,3
SF,IF1912,2019-12-20 09:31:02.900,4036.2000,24324,-3,1060827960.000,3,0,3,双平,S,4035.4000,4035.2000,4034.4000,4034.2000,4034.0000,4035.8000,4036.4000,4036.8000,4037.0000,4037.6000,5,4,2,2,1,2,2,1,3,3
SF,IF1912,2019-12-20 09:31:03.400,4035.8000,24322,-2,1063249380.000,2,0,2,双平,S,4035.4000,4035.2000,4034.4000,4034.2000,4034.0000,4035.8000,4036.4000,4037.0000,4037.6000,4037.8000,3,4,2,2,1,1,2,4,3,11
SF,IF1912,2019-12-20 09:31:03.900,4036.4000,24318,-4,1068092580.000,4,0,4,双平,S,4035.8000,4035.4000,4035.2000,4034.4000,4034.2000,4037.0000,4037.6000,4037.8000,4038.0000,4038.2000,1,1,4,2,2,4,3,11,1,5
SF,IF1912,2019-12-20 09:31:04.400,4036.0000,24316,-2,1070514300.000,2,0,2,双平,S,4035.8000,4035.4000,4035.2000,4034.4000,4034.2000,4036.8000,4037.0000,4037.6000,4037.8000,4038.0000,3,1,1,2,2,4,4,3,11,1
SF,IF1912,2019-12-20 09:31:04.900,4036.6000,24315,-1,1071725280.000,1,0,1,双平,S,4035.8000,4035.4000,4035.2000,4034.4000,4034.2000,4036.8000,4037.0000,4037.6000,4037.8000,4038.0000,3,1,1,2,2,4,4,3,11,1
SF,IF1912,2019-12-20 09:31:05.400,4036.0000,24314,-1,1072936080.000,1,0,1,双平,S,4035.8000,4035.4000,4035.2000,4034.6000,4034.4000,4036.6000,4036.8000,4037.0000,4037.6000,4037.8000,3,1,2,1,2,1,4,4,3,11
SF,IF1912,2019-12-20 09:31:05.900,4036.0000,24314,0,1072936080.000,0,-,-,-,-,4036.2000,4035.8000,4035.4000,4035.2000,4034.6000,4036.4000,4036.6000,4036.8000,4037.0000,4037.6000,1,3,1,2,1,1,1,4,4,3
SF,IF1912,2019-12-20 09:31:06.400,4036.4000,24312,-2,1075357920.000,2,0,2,双平,S,4036.2000,4035.8000,4035.4000,4035.2000,4034.6000,4036.6000,4036.8000,4037.0000,4037.4000,4037.6000,1,4,1,2,1,1,3,4,1,3
SF,IF1912,2019-12-20 09:31:06.900,4036.2000,24310,-2,1077779700.000,2,0,2,双平,S,4036.2000,4035.8000,4035.4000,4035.2000,4034.6000,4036.8000,4037.0000,4037.4000,4037.6000,4037.8000,1,3,1,2,1,2,4,1,3,11
SF,IF1912,2019-12-20 09:31:07.400,4036.4000,24307,-3,1081412640.000,3,0,3,双平,S,4036.2000,4035.8000,4035.4000,4035.2000,4034.6000,4036.8000,4037.0000,4037.4000,4037.6000,4037.8000,1,3,1,2,1,1,4,1,3,11
SF,IF1912,2019-12-20 09:31:07.900,4036.4000,24307,0,1081412640.000,0,-,-,-,-,4036.2000,4035.8000,4035.4000,4035.2000,4034.6000,4036.8000,4037.0000,4037.4000,4037.6000,4037.8000,1,3,1,3,1,1,4,1,3,11
SF,IF1912,2019-12-20 09:31:08.400,4036.2000,24305,-2,1083834540.000,2,0,2,双平,S,4036.2000,4035.8000,4035.4000,4035.2000,4034.6000,4037.0000,4037.4000,4037.6000,4037.8000,4038.0000,2,3,1,3,1,4,1,3,11,1
SF,IF1912,2019-12-20 09:31:08.900,4037.0000,24304,-1,1085045640.000,1,0,1,双平,S,4036.4000,4036.2000,4035.8000,4035.4000,4035.2000,4037.4000,4037.6000,4037.8000,4038.0000,4038.2000,1,2,3,1,3,1,3,11,1,5
SF,IF1912,2019-12-20 09:31:09.400,4037.0000,24304,0,1085045640.000,0,-,-,-,-,4036.6000,4036.4000,4035.8000,4035.4000,4035.2000,4037.2000,4037.4000,4037.6000,4037.8000,4038.0000,1,1,3,1,3,1,1,3,11,1
SF,IF1912,2019-12-20 09:31:09.900,4037.0000,24302,-2,1087467840.000,2,0,2,双平,S,4036.6000,4036.4000,4035.8000,4035.4000,4035.2000,4036.8000,4037.4000,4037.6000,4037.8000,4038.0000,3,1,3,1,3,19,1,3,11,1
SF,IF1912,2019-12-20 09:31:10.400,4037.0000,24300,-2,1089890040.000,2,0,2,双平,S,4036.6000,4035.8000,4035.4000,4035.2000,4034.6000,4036.8000,4037.4000,4037.6000,4037.8000,4038.0000,3,3,1,3,1,17,1,3,11,1
SF,IF1912,2019-12-20 09:31:10.900,4036.6000,24298,-2,1092312000.000,2,0,2,双平,S,4036.6000,4035.8000,4035.4000,4035.2000,4034.6000,4036.8000,4037.4000,4037.6000,4037.8000,4038.0000,5,3,1,3,1,17,1,3,11,1
SF,IF1912,2019-12-20 09:31:11.400,4036.8000,24297,-1,1093523040.000,1,0,1,双平,S,4036.6000,4035.8000,4035.4000,4035.2000,4034.6000,4036.8000,4037.4000,4037.6000,4037.8000,4038.0000,5,3,1,3,1,16,1,3,11,1
SF,IF1912,2019-12-20 09:31:11.900,4036.6000,24292,-5,1099578000.000,5,0,5,双平,S,4036.6000,4035.8000,4035.4000,4035.2000,4034.6000,4036.8000,4037.4000,4037.6000,4037.8000,4038.0000,1,3,1,3,1,15,1,3,11,1
SF,IF1912,2019-12-20 09:31:12.400,4036.6000,24292,0,1099578000.000,0,-,-,-,-,4036.6000,4035.8000,4035.4000,4035.2000,4035.0000,4036.8000,4037.4000,4037.6000,4037.8000,4038.0000,1,3,1,3,1,15,1,3,11,1
SF,IF1912,2019-12-20 09:31:12.900,4036.6000,24291,-1,1100788980.000,1,0,1,双平,S,4036.0000,4035.8000,4035.4000,4035.2000,4035.0000,4036.6000,4036.8000,4037.4000,4037.6000,4037.8000,1,3,1,3,1,2,16,1,3,11
SF,IF1912,2019-12-20 09:31:13.400,4036.6000,24287,-4,1105632900.000,4,0,4,双平,S,4036.0000,4035.8000,4035.4000,4035.2000,4035.0000,4036.6000,4036.8000,4037.4000,4037.6000,4037.8000,2,3,1,3,1,3,16,1,3,11
SF,IF1912,2019-12-20 09:31:13.900,4036.0000,24285,-2,1108054500.000,2,0,2,双平,S,4035.8000,4035.4000,4035.2000,4035.0000,4034.6000,4036.6000,4036.8000,4037.4000,4037.6000,4037.8000,2,1,3,1,1,4,17,1,3,11
SF,IF1912,2019-12-20 09:31:14.400,4036.0000,24285,0,1108054500.000,0,-,-,-,-,4035.8000,4035.4000,4035.2000,4035.0000,4034.6000,4036.0000,4036.6000,4036.8000,4037.4000,4037.6000,2,1,3,1,1,1,4,17,1,3
SF,IF1912,2019-12-20 09:31:14.900,4036.6000,24281,-4,1112898060.000,4,0,4,双平,S,4035.8000,4035.4000,4035.2000,4035.0000,4034.6000,4036.6000,4036.8000,4037.4000,4037.6000,4037.8000,3,1,3,1,1,2,17,1,3,11
SF,IF1912,2019-12-20 09:31:15.400,4036.6000,24280,-1,1114109040.000,1,0,1,双平,S,4035.8000,4035.4000,4035.2000,4035.0000,4034.6000,4036.6000,4036.8000,4037.4000,4037.6000,4037.8000,4,1,3,1,1,1,17,1,3,11
SF,IF1912,2019-12-20 09:31:15.900,4036.6000,24279,-1,1115320020.000,1,0,1,双平,S,4036.0000,4035.8000,4035.4000,4035.2000,4035.0000,4036.6000,4036.8000,4037.4000,4037.6000,4037.8000,2,5,1,3,1,1,17,1,3,11
SF,IF1912,2019-12-20 09:31:16.400,4036.0000,24278,-1,1116530820.000,1,0,1,双平,S,4036.0000,4035.8000,4035.4000,4035.2000,4035.0000,4036.6000,4036.8000,4037.4000,4037.6000,4037.8000,2,4,1,3,1,1,17,1,3,11
SF,IF1912,2019-12-20 09:31:16.900,4036.0000,24278,0,1116530820.000,0,-,-,-,-,4036.0000,4035.8000,4035.4000,4035.2000,4035.0000,4036.6000,4036.8000,4037.4000,4037.6000,4037.8000,2,4,1,3,1,1,17,1,3,11
SF,IF1912,2019-12-20 09:31:17.400,4036.6000,24275,-3,1120163400.000,3,0,3,双平,S,4035.8000,4035.4000,4035.2000,4035.0000,4034.6000,4036.8000,4037.4000,4037.6000,4037.8000,4038.0000,4,1,3,1,1,17,1,3,11,1
SF,IF1912,2019-12-20 09:31:17.900,4036.6000,24275,0,1120163400.000,0,-,-,-,-,4036.0000,4035.8000,4035.4000,4035.2000,4035.0000,4036.6000,4036.8000,4037.4000,4037.6000,4037.8000,1,5,1,3,1,1,16,1,3,11
SF,IF1912,2019-12-20 09:31:18.400,4036.0000,24269,-6,1127428560.000,6,0,6,双平,S,4035.8000,4035.4000,4035.2000,4035.0000,4034.6000,4036.8000,4037.4000,4037.6000,4037.8000,4038.0000,4,1,3,1,1,16,1,3,11,1
SF,IF1912,2019-12-20 09:31:18.900,4036.0000,24268,-1,1128639360.000,1,0,1,双平,S,4036.0000,4035.8000,4035.4000,4035.2000,4035.0000,4036.6000,4036.8000,4037.4000,4037.6000,4037.8000,1,4,1,3,1,2,16,1,3,11
SF,IF1912,2019-12-20 09:31:19.400,4036.0000,24268,0,1128639360.000,0,-,-,-,-,4036.0000,4035.8000,4035.4000,4035.2000,4035.0000,4036.6000,4036.8000,4037.4000,4037.6000,4037.8000,2,4,1,3,1,2,16,1,3,11
SF,IF1912,2019-12-20 09:31:19.900,4036.6000,24265,-3,1132272300.000,3,0,3,双平,S,4036.6000,4036.2000,4036.0000,4035.8000,4035.4000,4036.8000,4037.4000,4037.6000,4037.8000,4038.0000,1,2,1,4,1,16,1,3,11,1
SF,IF1912,2019-12-20 09:31:20.400,4036.8000,24263,-2,1134694320.000,2,0,2,双平,S,4036.2000,4036.0000,4035.8000,4035.4000,4035.2000,4036.8000,4037.4000,4037.6000,4037.8000,4038.0000,1,1,4,1,3,15,1,3,11,1
SF,IF1912,2019-12-20 09:31:20.900,4036.6000,24257,-6,1141959840.000,6,0,6,双平,S,4036.2000,4036.0000,4035.8000,4035.4000,4035.2000,4036.6000,4036.8000,4037.4000,4037.6000,4037.8000,2,1,4,1,3,3,15,1,3,11
SF,IF1912,2019-12-20 09:31:21.400,4036.6000,24257,0,1141959840.000,0,-,-,-,-,4036.2000,4036.0000,4035.8000,4035.4000,4035.2000,4036.6000,4036.8000,4037.4000,4037.6000,4037.8000,2,1,4,1,3,4,15,1,3,11
SF,IF1912,2019-12-20 09:31:21.900,4036.6000,24256,-1,1143170820.000,1,0,1,双平,S,4036.2000,4036.0000,4035.8000,4035.4000,4035.2000,4036.6000,4036.8000,4037.4000,4037.6000,4037.8000,2,2,4,1,3,3,15,1,3,11
SF,IF1912,2019-12-20 09:31:22.400,4036.6000,24256,0,1143170820.000,0,-,-,-,-,4036.2000,4036.0000,4035.8000,4035.4000,4035.2000,4036.4000,4036.6000,4036.8000,4037.4000,4037.6000,2,2,4,1,3,1,3,15,1,3
SF,IF1912,2019-12-20 09:31:22.900,4036.4000,24255,-1,1144381740.000,1,0,1,双平,S,4036.2000,4036.0000,4035.8000,4035.4000,4035.2000,4036.6000,4036.8000,4037.4000,4037.6000,4037.8000,2,2,4,1,3,3,15,1,3,11
SF,IF1912,2019-12-20 09:31:23.400,4036.2000,24253,-2,1146803460.000,2,0,2,双平,S,4036.0000,4035.8000,4035.4000,4035.2000,4035.0000,4036.2000,4036.6000,4036.8000,4037.4000,4037.6000,2,4,1,3,1,3,2,15,1,3
SF,IF1912,2019-12-20 09:31:23.900,4036.2000,24251,-2,1149225180.000,2,0,2,双平,S,4036.0000,4035.8000,4035.4000,4035.2000,4035.0000,4036.2000,4036.6000,4036.8000,4037.4000,4037.6000,2,4,1,3,1,1,2,15,1,3
SF,IF1912,2019-12-20 09:31:24.400,4036.0000,24249,-2,1151646840.000,2,0,2,双平,S,4036.0000,4035.8000,4035.4000,4035.2000,4035.0000,4036.6000,4036.8000,4037.4000,4037.6000,4037.8000,1,4,1,3,1,3,15,1,3,11
SF,IF1912,2019-12-20 09:31:24.900,4036.4000,24248,-1,1152857760.000,1,0,1,双平,S,4036.0000,4035.8000,4035.4000,4035.2000,4035.0000,4036.2000,4036.6000,4036.8000,4037.4000,4037.6000,1,4,1,3,1,1,3,15,1,3
SF,IF1912,2019-12-20 09:31:25.400,4036.0000,24245,-3,1156490400.000,3,0,3,双平,S,4035.8000,4035.4000,4035.2000,4035.0000,4034.6000,4036.6000,4036.8000,4037.4000,4037.6000,4037.8000,4,1,3,1,1,2,15,1,3,11
SF,IF1912,2019-12-20 09:31:25.900,4036.0000,24245,0,1156490400.000,0,-,-,-,-,4035.8000,4035.4000,4035.2000,4035.0000,4034.6000,4036.6000,4036.8000,4037.4000,4037.6000,4037.8000,3,1,3,1,1,2,15,1,3,11
SF,IF1912,2019-12-20 09:31:26.400,4036.4000,24243,-2,1158912240.000,2,0,2,双平,S,4035.8000,4035.4000,4035.2000,4035.0000,4034.6000,4036.6000,4036.8000,4037.4000,4037.6000,4037.8000,4,1,3,1,1,2,15,1,3,11
SF,IF1912,2019-12-20 09:31:26.900,4036.4000,24243,0,1158912240.000,0,-,-,-,-,4035.8000,4035.4000,4035.2000,4035.0000,4034.6000,4036.6000,4036.8000,4037.4000,4037.6000,4037.8000,4,1,3,1,1,2,15,1,3,11
SF,IF1912,2019-12-20 09:31:27.400,4036.4000,24243,0,1158912240.000,0,-,-,-,-,4036.0000,4035.8000,4035.4000,4035.2000,4035.0000,4036.6000,4036.8000,4037.4000,4037.6000,4037.8000,1,4,1,3,1,2,15,1,3,11
SF,IF1912,2019-12-20 09:31:28.400,4035.8000,24241,-2,1161333780.000,2,0,2,双平,S,4036.4000,4035.8000,4035.4000,4035.2000,4035.0000,4036.6000,4036.8000,4037.4000,4037.6000,4037.8000,1,3,1,3,1,2,15,1,3,11
SF,IF1912,2019-12-20 09:31:28.900,4036.4000,24240,-1,1162544700.000,1,0,1,双平,S,4035.8000,4035.4000,4035.2000,4035.0000,4034.6000,4036.2000,4036.4000,4036.6000,4036.8000,4037.4000,4,1,3,1,1,1,2,3,15,1
SF,IF1912,2019-12-20 09:31:29.400,4035.8000,24238,-2,1164966180.000,2,0,2,双平,S,4035.8000,4035.4000,4035.2000,4035.0000,4034.6000,4036.2000,4036.4000,4036.6000,4036.8000,4037.4000,2,1,3,1,1,1,1,3,15,1
SF,IF1912,2019-12-20 09:31:29.900,4036.0000,24237,-1,1166176980.000,1,0,1,双平,S,4035.8000,4035.4000,4035.2000,4035.0000,4034.6000,4036.0000,4036.2000,4036.4000,4036.6000,4036.8000,2,1,3,1,1,1,1,3,3,15
SF,IF1912,2019-12-20 09:31:30.400,4036.2000,24231,-6,1173442020.000,6,0,6,双平,S,4036.0000,4035.8000,4035.4000,4035.2000,4035.0000,4036.4000,4036.6000,4036.8000,4037.4000,4037.6000,4,3,1,3,1,2,3,15,1,3
SF,IF1912,2019-12-20 09:31:30.900,4036.2000,24231,0,1173442020.000,0,-,-,-,-,4036.0000,4035.8000,4035.4000,4035.2000,4035.0000,4036.4000,4036.6000,4036.8000,4037.4000,4037.6000,4,3,1,3,1,3,2,15,1,3
SF,IF1912,2019-12-20 09:31:31.400,4036.4000,24227,-4,1178285700.000,4,0,4,双平,S,4036.4000,4036.0000,4035.8000,4035.4000,4035.2000,4036.6000,4036.8000,4037.4000,4037.6000,4037.8000,1,3,3,1,3,2,15,1,3,11
SF,IF1912,2019-12-20 09:31:31.900,4036.0000,24224,-3,1181918340.000,3,0,3,双平,S,4036.0000,4035.8000,4035.6000,4035.4000,4035.2000,4036.4000,4036.6000,4036.8000,4037.4000,4037.6000,2,3,1,1,3,1,2,15,1,3
SF,IF1912,2019-12-20 09:31:32.400,4036.0000,24223,-1,1183129140.000,1,0,1,双平,S,4035.8000,4035.6000,4035.4000,4035.2000,4035.0000,4036.4000,4036.6000,4036.8000,4037.4000,4037.6000,3,1,1,3,2,1,2,15,1,3
SF,IF1912,2019-12-20 09:31:32.900,4036.0000,24222,-1,1184339940.000,1,0,1,双平,S,4036.2000,4035.8000,4035.6000,4035.4000,4035.2000,4036.4000,4036.6000,4036.8000,4037.4000,4037.6000,1,3,1,1,3,5,2,15,1,3
SF,IF1912,2019-12-20 09:31:33.400,4036.2000,24221,-1,1185550800.000,1,0,1,双平,S,4035.8000,4035.6000,4035.4000,4035.2000,4035.0000,4036.4000,4036.6000,4036.8000,4037.4000,4037.6000,3,1,1,3,2,5,2,15,1,3
SF,IF1912,2019-12-20 09:31:33.900,4036.2000,24220,-1,1186761660.000,1,0,1,双平,S,4035.8000,4035.6000,4035.4000,4035.2000,4035.0000,4036.0000,4036.4000,4036.6000,4036.8000,4037.4000,3,1,1,3,2,1,5,2,15,1
SF,IF1912,2019-12-20 09:31:34.400,4036.0000,24217,-3,1190394060.000,3,0,3,双平,S,4036.0000,4035.8000,4035.6000,4035.4000,4035.2000,4036.2000,4036.4000,4036.6000,4036.8000,4037.4000,1,3,1,1,3,5,5,1,15,1
SF,IF1912,2019-12-20 09:31:34.900,4036.0000,24217,0,1190394060.000,0,-,-,-,-,4036.0000,4035.8000,4035.6000,4035.4000,4035.2000,4036.2000,4036.4000,4036.6000,4036.8000,4037.4000,2,3,1,1,3,5,5,1,16,1
SF,IF1912,2019-12-20 09:31:35.400,4036.2000,24214,-3,1194026640.000,3,0,3,双平,S,4036.0000,4035.8000,4035.6000,4035.4000,4035.2000,4036.2000,4036.4000,4036.6000,4036.8000,4037.4000,2,3,1,1,3,2,5,1,16,1
SF,IF1912,2019-12-20 09:31:35.900,4036.2000,24210,-4,1198870140.000,4,0,4,双平,S,4036.0000,4035.8000,4035.6000,4035.4000,4035.2000,4036.2000,4036.4000,4036.6000,4036.8000,4037.4000,2,3,1,1,3,1,4,1,16,1
SF,IF1912,2019-12-20 09:31:36.400,4036.0000,24206,-4,1204924200.000,5,0,5,多平,S,4035.8000,4035.6000,4035.4000,4035.2000,4035.0000,4036.0000,4036.4000,4036.6000,4036.8000,4037.4000,3,1,1,3,2,1,4,1,16,1
SF,IF1912,2019-12-20 09:31:36.900,4036.0000,24206,0,1204924200.000,0,-,-,-,-,4035.8000,4035.6000,4035.4000,4035.2000,4035.0000,4036.0000,4036.4000,4036.6000,4036.8000,4037.4000,3,1,1,3,2,1,4,1,16,1
SF,IF1912,2019-12-20 09:31:37.400,4036.0000,24204,-2,1207345800.000,2,0,2,双平,S,4035.8000,4035.6000,4035.4000,4035.2000,4035.0000,4036.4000,4036.6000,4036.8000,4037.4000,4037.6000,3,1,1,3,2,4,1,16,1,3
SF,IF1912,2019-12-20 09:31:37.900,4036.4000,24200,-4,1212189480.000,4,0,4,双平,S,4036.2000,4036.0000,4035.8000,4035.6000,4035.4000,4036.6000,4036.8000,4037.4000,4037.6000,4037.8000,2,3,4,1,1,1,16,1,3,10
SF,IF1912,2019-12-20 09:31:38.400,4036.4000,24200,0,1212189480.000,0,-,-,-,-,4036.4000,4036.2000,4036.0000,4035.8000,4035.6000,4036.8000,4037.4000,4037.6000,4037.8000,4038.0000,1,3,4,4,1,16,1,3,10,11
SF,IF1912,2019-12-20 09:31:38.900,4036.6000,24195,-5,1218244380.000,5,0,5,双平,S,4036.6000,4036.4000,4036.2000,4036.0000,4035.8000,4036.8000,4037.4000,4037.6000,4037.8000,4038.0000,1,1,2,3,4,17,1,3,10,11
SF,IF1912,2019-12-20 09:31:39.400,4036.6000,24192,-3,1221877380.000,3,0,3,双平,S,4036.6000,4036.4000,4036.2000,4036.0000,4035.8000,4036.8000,4037.4000,4037.6000,4037.8000,4038.0000,2,1,2,3,4,16,1,3,10,11
SF,IF1912,2019-12-20 09:31:39.900,4036.4000,24187,-5,1230353700.000,7,1,6,多平,S,4036.0000,4035.8000,4035.6000,4035.4000,4035.2000,4036.4000,4036.8000,4037.0000,4037.4000,4037.6000,2,4,1,1,3,3,16,1,1,3
SF,IF1912,2019-12-20 09:31:40.400,4036.4000,24185,-2,1232775540.000,2,0,2,双平,S,4036.0000,4035.8000,4035.6000,4035.4000,4035.2000,4036.4000,4036.8000,4037.0000,4037.4000,4037.6000,2,4,1,1,3,1,16,1,1,3
SF,IF1912,2019-12-20 09:31:40.900,4036.0000,24184,-1,1235197260.000,2,0,2,多平,S,4036.0000,4035.8000,4035.6000,4035.4000,4035.2000,4036.8000,4037.0000,4037.4000,4037.6000,4037.8000,1,4,1,1,3,16,1,1,3,10
SF,IF1912,2019-12-20 09:31:41.400,4036.8000,24184,0,1253362860.000,15,7,8,多换,S,4036.4000,4036.0000,4035.8000,4035.6000,4035.4000,4036.8000,4037.0000,4037.4000,4037.6000,4037.8000,1,1,4,1,1,1,1,1,3,10
SF,IF1912,2019-12-20 09:31:41.900,4036.8000,24184,0,1253362860.000,0,-,-,-,-,4036.4000,4036.0000,4035.8000,4035.6000,4035.4000,4036.8000,4037.0000,4037.4000,4037.6000,4037.8000,1,1,4,1,1,1,1,1,3,10
SF,IF1912,2019-12-20 09:31:42.400,4036.4000,24181,-3,1256995500.000,3,0,3,双平,S,4035.8000,4035.6000,4035.4000,4035.2000,4035.0000,4036.6000,4036.8000,4037.0000,4037.4000,4037.6000,4,1,1,3,3,1,1,1,1,3
SF,IF1912,2019-12-20 09:31:42.900,4036.4000,24180,-1,1258206420.000,1,0,1,双平,S,4036.0000,4035.8000,4035.6000,4035.4000,4035.2000,4036.6000,4036.8000,4037.0000,4037.4000,4037.6000,1,4,1,1,3,2,1,1,1,3
SF,IF1912,2019-12-20 09:31:43.400,4036.4000,24180,0,1258206420.000,0,-,-,-,-,4036.0000,4035.8000,4035.6000,4035.4000,4035.2000,4036.4000,4036.6000,4036.8000,4037.0000,4037.4000,1,4,1,1,3,1,2,1,1,1
SF,IF1912,2019-12-20 09:31:43.900,4035.8000,24178,-2,1260627960.000,2,0,2,双平,S,4035.8000,4035.6000,4035.4000,4035.2000,4035.0000,4036.4000,4036.6000,4036.8000,4037.0000,4037.4000,3,1,1,3,3,1,2,1,1,1
SF,IF1912,2019-12-20 09:31:44.400,4035.8000,24177,-1,1261838700.000,1,0,1,双平,S,4035.8000,4035.6000,4035.4000,4035.2000,4035.0000,4036.2000,4036.4000,4036.6000,4036.8000,4037.0000,3,1,1,3,3,1,1,2,1,1
SF,IF1912,2019-12-20 09:31:44.900,4035.8000,24175,-2,1264260300.000,2,0,2,双平,S,4035.8000,4035.6000,4035.4000,4035.2000,4035.0000,4036.4000,4036.6000,4036.8000,4037.0000,4037.4000,7,1,1,3,3,1,2,1,1,2
SF,IF1912,2019-12-20 09:31:45.400,4035.8000,24174,-1,1265471040.000,1,0,1,双平,S,4035.8000,4035.6000,4035.4000,4035.2000,4035.0000,4036.4000,4036.6000,4036.8000,4037.0000,4037.4000,7,1,1,3,3,1,2,1,1,2
SF,IF1912,2019-12-20 09:31:45.900,4036.6000,24172,-2,1267892940.000,2,0,2,双平,S,4035.8000,4035.6000,4035.4000,4035.2000,4035.0000,4036.6000,4036.8000,4037.0000,4037.4000,4037.6000,6,1,1,3,3,1,1,1,2,3
SF,IF1912,2019-12-20 09:31:46.400,4036.6000,24172,0,1267892940.000,0,-,-,-,-,4035.8000,4035.6000,4035.4000,4035.2000,4035.0000,4036.6000,4036.8000,4037.0000,4037.4000,4037.6000,6,1,1,3,3,1,2,1,2,3
SF,IF1912,2019-12-20 09:31:46.900,4036.6000,24172,0,1267892940.000,0,-,-,-,-,4035.8000,4035.6000,4035.4000,4035.2000,4035.0000,4036.4000,4036.6000,4036.8000,4037.0000,4037.4000,6,1,1,2,3,1,1,2,1,2
SF,IF1912,2019-12-20 09:31:47.400,4036.6000,24172,0,1267892940.000,0,-,-,-,-,4035.8000,4035.6000,4035.4000,4035.2000,4035.0000,4036.0000,4036.4000,4036.6000,4036.8000,4037.0000,7,1,1,2,3,6,1,2,2,2
SF,IF1912,2019-12-20 09:31:47.900,4035.8000,24171,-1,1269103680.000,1,0,1,双平,S,4035.8000,4035.6000,4035.4000,4035.2000,4035.0000,4036.0000,4036.4000,4036.6000,4036.8000,4037.0000,6,1,1,2,2,6,1,2,2,2
SF,IF1912,2019-12-20 09:31:48.400,4036.0000,24160,-11,1282422180.000,11,0,11,双平,S,4035.8000,4035.6000,4035.4000,4035.2000,4035.0000,4036.4000,4036.6000,4036.8000,4037.0000,4037.4000,1,1,1,1,2,1,2,2,2,2
SF,IF1912,2019-12-20 09:31:48.900,4035.8000,24159,-1,1283632920.000,1,0,1,双平,S,4035.4000,4035.2000,4035.0000,4034.4000,4034.2000,4035.8000,4036.4000,4036.6000,4036.8000,4037.0000,1,1,2,3,2,1,1,2,2,2
SF,IF1912,2019-12-20 09:31:49.400,4035.8000,24158,-1,1284843660.000,1,0,1,双平,S,4036.0000,4035.4000,4035.2000,4035.0000,4034.4000,4036.4000,4036.6000,4036.8000,4037.0000,4037.4000,4,1,1,2,3,1,2,2,2,2
SF,IF1912,2019-12-20 09:31:50.400,4035.8000,24158,0,1284843660.000,0,-,-,-,-,4036.0000,4035.8000,4035.4000,4035.2000,4035.0000,4036.2000,4036.4000,4036.6000,4036.8000,4037.0000,4,1,1,1,2,1,1,2,2,2
SF,IF1912,2019-12-20 09:31:50.900,4036.0000,24155,-3,1288476180.000,3,0,3,双平,S,4036.0000,4035.8000,4035.4000,4035.2000,4035.0000,4036.4000,4036.6000,4036.8000,4037.0000,4037.4000,3,1,1,1,2,1,2,2,2,2
SF,IF1912,2019-12-20 09:31:51.900,4036.0000,24155,0,1288476180.000,0,-,-,-,-,4036.0000,4035.8000,4035.4000,4035.2000,4035.0000,4036.4000,4036.6000,4036.8000,4037.0000,4037.4000,4,1,1,1,2,1,2,3,2,2
SF,IF1912,2019-12-20 09:31:52.400,4036.4000,24154,-1,1289687100.000,1,0,1,双平,S,4036.0000,4035.8000,4035.4000,4035.2000,4035.0000,4036.4000,4036.6000,4036.8000,4037.0000,4037.4000,4,1,1,1,2,2,2,3,2,2
SF,IF1912,2019-12-20 09:31:52.900,4036.2000,24150,-4,1294530360.000,4,0,4,双平,S,4036.4000,4036.0000,4035.8000,4035.4000,4035.2000,4036.6000,4036.8000,4037.0000,4037.4000,4037.6000,3,1,1,1,1,2,3,2,2,3
SF,IF1912,2019-12-20 09:31:53.400,4036.0000,24145,-5,1300584720.000,5,0,5,双平,S,4035.8000,4035.4000,4035.2000,4035.0000,4034.4000,4036.0000,4036.4000,4036.6000,4036.8000,4037.0000,1,1,1,2,3,2,3,2,3,2
SF,IF1912,2019-12-20 09:31:53.900,4036.0000,24144,-1,1301795520.000,1,0,1,双平,S,4035.8000,4035.4000,4035.2000,4035.0000,4034.4000,4036.0000,4036.6000,4036.8000,4037.0000,4037.4000,1,1,1,2,3,2,2,3,2,1
SF,IF1912,2019-12-20 09:31:54.400,4036.0000,24142,-2,1304217120.000,2,0,2,双平,S,4035.8000,4035.4000,4035.2000,4035.0000,4034.4000,4036.6000,4036.8000,4037.0000,4037.4000,4037.6000,1,1,1,2,3,2,3,2,1,3
SF,IF1912,2019-12-20 09:31:54.900,4036.0000,24142,0,1304217120.000,0,-,-,-,-,4036.0000,4035.8000,4035.4000,4035.2000,4035.0000,4036.6000,4036.8000,4037.0000,4037.4000,4037.6000,1,1,1,1,2,2,3,2,1,3
SF,IF1912,2019-12-20 09:31:55.400,4036.0000,24142,0,1304217120.000,0,-,-,-,-,4036.0000,4035.8000,4035.6000,4035.4000,4035.2000,4036.6000,4036.8000,4037.0000,4037.4000,4037.6000,1,1,1,1,1,5,3,2,1,3
SF,IF1912,2019-12-20 09:31:55.900,4036.6000,24141,-1,1305428100.000,1,0,1,双平,S,4036.4000,4036.0000,4035.8000,4035.6000,4035.4000,4036.6000,4036.8000,4037.0000,4037.4000,4037.6000,3,1,1,1,1,4,3,2,1,3
SF,IF1912,2019-12-20 09:31:56.400,4036.0000,24137,-4,1310271660.000,4,0,4,双平,S,4035.8000,4035.6000,4035.4000,4035.2000,4035.0000,4036.4000,4036.6000,4036.8000,4037.0000,4037.4000,1,1,1,1,2,1,3,3,2,1
SF,IF1912,2019-12-20 09:31:56.900,4036.0000,24137,0,1310271660.000,0,-,-,-,-,4035.8000,4035.6000,4035.4000,4035.2000,4035.0000,4036.0000,4036.2000,4036.4000,4036.6000,4036.8000,1,1,1,1,2,1,1,1,1,3
SF,IF1912,2019-12-20 09:31:57.400,4036.0000,24136,-1,1311482460.000,1,0,1,双平,S,4035.8000,4035.6000,4035.4000,4035.2000,4035.0000,4036.2000,4036.4000,4036.6000,4036.8000,4037.0000,1,1,1,1,2,1,1,1,3,2
SF,IF1912,2019-12-20 09:31:57.900,4036.0000,24136,0,1311482460.000,0,-,-,-,-,4035.8000,4035.6000,4035.4000,4035.2000,4035.0000,4036.0000,4036.4000,4036.6000,4036.8000,4037.0000,1,1,1,1,2,1,1,1,3,2
SF,IF1912,2019-12-20 09:31:58.900,4036.0000,24135,-1,1312693260.000,1,0,1,双平,S,4036.0000,4035.8000,4035.6000,4035.4000,4035.2000,4036.4000,4036.6000,4036.8000,4037.0000,4037.4000,1,1,1,1,1,1,1,3,2,1
SF,IF1912,2019-12-20 09:31:59.400,4035.8000,24132,-3,1316325600.000,3,0,3,双平,S,4035.6000,4035.4000,4035.2000,4035.0000,4034.4000,4036.4000,4036.6000,4036.8000,4037.0000,4037.4000,1,1,1,2,3,3,1,3,2,1
SF,IF1912,2019-12-20 09:31:59.900,4035.8000,24132,0,1316325600.000,0,-,-,-,-,4036.0000,4035.8000,4035.6000,4035.4000,4035.2000,4036.4000,4036.6000,4036.8000,4037.0000,4037.4000,1,1,1,1,1,3,1,3,2,1
SF,IF1912,2019-12-20 09:32:00.400,4035.8000,24132,0,1316325600.000,0,-,-,-,-,4036.0000,4035.8000,4035.6000,4035.4000,4035.2000,4036.4000,4036.6000,4036.8000,4037.0000,4037.4000,1,1,1,1,1,3,1,3,2,1
SF,IF1912,2019-12-20 09:32:00.900,4036.0000,24131,-1,1317536400.000,1,0,1,双平,S,4035.8000,4035.6000,4035.4000,4035.2000,4035.0000,4036.0000,4036.4000,4036.6000,4036.8000,4037.0000,1,1,1,1,2,9,4,1,3,2
SF,IF1912,2019-12-20 09:32:01.400,4035.8000,24124,-7,1326011940.000,7,0,7,双平,S,4035.6000,4035.4000,4035.2000,4035.0000,4034.4000,4035.8000,4036.0000,4036.4000,4036.6000,4036.8000,1,1,1,12,3,1,4,2,1,3
SF,IF1912,2019-12-20 09:32:01.900,4035.8000,24121,-3,1329644220.000,3,0,3,双平,S,4035.8000,4035.6000,4035.4000,4035.2000,4035.0000,4036.0000,4036.4000,4036.6000,4036.8000,4037.0000,2,1,1,1,12,3,2,1,3,2
SF,IF1912,2019-12-20 09:32:02.400,4035.8000,24116,-5,1335698100.000,5,0,5,双平,S,4035.6000,4035.4000,4035.2000,4035.0000,4034.4000,4035.8000,4036.4000,4036.6000,4036.8000,4037.0000,1,1,1,12,3,5,2,1,3,2
SF,IF1912,2019-12-20 09:32:02.900,4035.8000,24112,-4,1340541060.000,4,0,4,双平,S,4035.6000,4035.4000,4035.2000,4035.0000,4034.4000,4035.8000,4036.4000,4036.6000,4036.8000,4037.0000,1,1,1,12,3,1,2,1,3,2
SF,IF1912,2019-12-20 09:32:03.400,4035.8000,24110,-2,1342962540.000,2,0,2,双平,S,4035.6000,4035.4000,4035.2000,4035.0000,4034.4000,4035.8000,4036.4000,4036.6000,4036.8000,4037.0000,1,1,1,12,3,1,2,2,3,2
SF,IF1912,2019-12-20 09:32:03.900,4035.6000,24109,-1,1344173220.000,1,0,1,双平,S,4035.4000,4035.2000,4035.0000,4034.4000,4034.2000,4035.6000,4035.8000,4036.4000,4036.6000,4036.8000,1,1,12,3,2,1,1,2,2,3
SF,IF1912,2019-12-20 09:32:04.400,4035.6000,24108,-1,1345383900.000,1,0,1,双平,S,4035.4000,4035.2000,4035.0000,4034.4000,4034.2000,4035.8000,4036.2000,4036.4000,4036.6000,4036.8000,1,1,12,3,2,1,1,2,2,3
SF,IF1912,2019-12-20 09:32:04.900,4035.8000,24107,-1,1347805260.000,2,0,2,多平,S,4035.8000,4035.6000,4035.2000,4035.0000,4034.4000,4036.2000,4036.4000,4036.6000,4036.8000,4037.0000,1,7,1,12,3,1,2,2,3,1
SF,IF1912,2019-12-20 09:32:05.400,4035.8000,24107,0,1349016000.000,1,0,1,多换,S,4035.6000,4035.4000,4035.2000,4035.0000,4034.4000,4036.0000,4036.2000,4036.4000,4036.6000,4036.8000,7,2,1,12,3,2,1,2,2,3
SF,IF1912,2019-12-20 09:32:05.900,4036.2000,24105,-2,1351437540.000,2,0,2,双平,S,4035.6000,4035.4000,4035.2000,4035.0000,4034.4000,4035.8000,4036.4000,4036.6000,4036.8000,4037.0000,6,2,1,12,3,1,2,2,3,1
SF,IF1912,2019-12-20 09:32:06.400,4036.2000,24105,0,1351437540.000,0,-,-,-,-,4035.6000,4035.4000,4035.2000,4035.0000,4034.4000,4035.8000,4036.4000,4036.6000,4036.8000,4037.0000,7,2,1,12,3,4,2,2,3,1
SF,IF1912,2019-12-20 09:32:06.900,4036.2000,24105,0,1351437540.000,0,-,-,-,-,4035.6000,4035.4000,4035.2000,4035.0000,4034.4000,4035.8000,4036.4000,4036.6000,4036.8000,4037.0000,7,2,2,12,3,6,2,2,3,1
SF,IF1912,2019-12-20 09:32:07.400,4035.6000,24097,-8,1362333660.000,9,0,9,多平,S,4035.4000,4035.2000,4035.0000,4034.4000,4034.2000,4035.8000,4036.4000,4036.6000,4036.8000,4037.0000,2,2,12,3,3,4,2,2,3,1
SF,IF1912,2019-12-20 09:32:07.900,4035.4000,24095,-2,1364754900.000,2,0,2,双平,S,4035.2000,4035.0000,4034.4000,4034.2000,4033.0000,4035.4000,4035.8000,4036.4000,4036.6000,4036.8000,2,12,3,3,1,1,4,3,2,3
SF,IF1912,2019-12-20 09:32:08.400,4035.2000,24093,-2,1367176080.000,2,0,2,双平,S,4035.2000,4035.0000,4034.4000,4034.2000,4033.0000,4035.8000,4036.4000,4036.6000,4036.8000,4037.0000,1,12,2,3,1,4,3,2,3,1
SF,IF1912,2019-12-20 09:32:08.900,4035.2000,24091,-2,1370808120.000,3,0,3,多平,S,4035.0000,4034.4000,4034.2000,4033.0000,4032.6000,4035.8000,4036.4000,4036.6000,4036.8000,4037.0000,12,2,3,1,1,9,3,2,3,1
SF,IF1912,2019-12-20 09:32:09.400,4035.6000,24090,-1,1372018800.000,1,0,1,双平,S,4035.0000,4034.4000,4034.2000,4033.0000,4032.6000,4035.8000,4036.4000,4036.6000,4036.8000,4037.0000,12,2,3,1,1,9,3,2,3,1
SF,IF1912,2019-12-20 09:32:09.900,4035.0000,24088,-2,1374439800.000,2,0,2,双平,S,4035.0000,4034.4000,4034.2000,4033.0000,4032.6000,4035.8000,4036.4000,4036.6000,4036.8000,4037.0000,10,2,2,1,1,9,3,2,3,1
SF,IF1912,2019-12-20 09:32:10.400,4035.0000,24084,-4,1379281800.000,4,0,4,双平,S,4035.2000,4035.0000,4034.4000,4034.2000,4033.0000,4035.8000,4036.2000,4036.4000,4036.6000,4036.8000,1,6,2,2,1,9,2,3,2,2
SF,IF1912,2019-12-20 09:32:10.900,4035.8000,24082,-2,1381703040.000,2,0,2,双平,S,4035.0000,4034.4000,4034.2000,4033.0000,4032.6000,4035.8000,4036.2000,4036.4000,4036.6000,4036.8000,6,2,2,1,1,6,2,3,2,2
SF,IF1912,2019-12-20 09:32:11.400,4035.8000,24082,0,1381703040.000,0,-,-,-,-,4035.2000,4035.0000,4034.4000,4034.2000,4033.0000,4035.6000,4035.8000,4036.2000,4036.4000,4036.6000,1,6,2,2,1,3,6,2,3,2
SF,IF1912,2019-12-20 09:32:11.900,4035.8000,24082,0,1381703040.000,0,-,-,-,-,4035.2000,4035.0000,4034.4000,4034.2000,4033.0000,4035.6000,4035.8000,4036.2000,4036.4000,4036.6000,1,6,2,2,1,1,6,2,3,2
SF,IF1912,2019-12-20 09:32:12.400,4035.6000,24080,-2,1384124400.000,2,0,2,双平,S,4035.2000,4035.0000,4034.4000,4034.2000,4033.0000,4035.6000,4035.8000,4036.2000,4036.4000,4036.6000,1,6,2,2,1,1,6,2,3,2
SF,IF1912,2019-12-20 09:32:12.900,4035.6000,24080,0,1384124400.000,0,-,-,-,-,4035.4000,4035.2000,4035.0000,4034.4000,4034.2000,4035.6000,4035.8000,4036.2000,4036.4000,4036.6000,1,2,6,2,2,1,6,2,3,3
SF,IF1912,2019-12-20 09:32:13.400,4035.6000,24078,-2,1386545700.000,2,0,2,双平,S,4035.6000,4035.2000,4035.0000,4034.4000,4034.2000,4035.8000,4036.2000,4036.4000,4036.6000,4036.8000,1,2,6,2,2,6,2,3,3,2
SF,IF1912,2019-12-20 09:32:13.900,4035.8000,24071,-7,1395020580.000,7,0,7,双平,S,4035.2000,4035.0000,4034.4000,4034.2000,4033.0000,4035.8000,4036.2000,4036.4000,4036.6000,4036.8000,1,6,2,2,1,2,2,3,3,2
SF,IF1912,2019-12-20 09:32:14.400,4035.2000,24068,-3,1398652620.000,3,0,3,双平,S,4035.2000,4035.0000,4034.4000,4034.2000,4034.0000,4036.2000,4036.4000,4036.6000,4036.8000,4037.0000,1,6,2,2,1,3,3,3,2,2
SF,IF1912,2019-12-20 09:32:14.900,4036.0000,24067,-1,1399863420.000,1,0,1,双平,S,4035.4000,4035.0000,4034.4000,4034.2000,4034.0000,4036.2000,4036.4000,4036.6000,4036.8000,4037.0000,1,6,2,2,1,3,3,3,2,2
SF,IF1912,2019-12-20 09:32:15.400,4035.0000,24065,-2,1402284540.000,2,0,2,双平,S,4035.0000,4034.4000,4034.2000,4034.0000,4033.8000,4035.6000,4036.2000,4036.4000,4036.6000,4036.8000,5,2,2,1,2,1,4,3,3,2
SF,IF1912,2019-12-20 09:32:15.900,4035.6000,24064,-1,1403495220.000,1,0,1,双平,S,4035.0000,4034.4000,4034.2000,4034.0000,4033.8000,4036.2000,4036.4000,4036.6000,4036.8000,4037.0000,5,2,2,1,2,4,3,3,2,2
SF,IF1912,2019-12-20 09:32:16.400,4035.6000,24064,0,1403495220.000,0,-,-,-,-,4035.0000,4034.4000,4034.2000,4034.0000,4033.8000,4036.0000,4036.2000,4036.4000,4036.6000,4036.8000,5,4,2,1,2,2,4,3,3,2
SF,IF1912,2019-12-20 09:32:16.900,4035.6000,24064,0,1403495220.000,0,-,-,-,-,4035.2000,4035.0000,4034.4000,4034.2000,4034.0000,4035.6000,4035.8000,4036.0000,4036.2000,4036.4000,3,5,4,2,1,5,1,3,4,3
SF,IF1912,2019-12-20 09:32:17.400,4035.6000,24064,0,1403495220.000,0,-,-,-,-,4035.2000,4035.0000,4034.4000,4034.2000,4034.0000,4035.6000,4035.8000,4036.0000,4036.2000,4036.4000,2,5,4,2,1,6,1,3,4,3
SF,IF1912,2019-12-20 09:32:17.900,4035.2000,24062,-2,1405916340.000,2,0,2,双平,S,4035.0000,4034.4000,4034.2000,4034.0000,4033.8000,4035.6000,4035.8000,4036.0000,4036.2000,4036.4000,5,4,2,1,2,6,1,3,5,3
SF,IF1912,2019-12-20 09:32:18.400,4035.2000,24062,0,1405916340.000,0,-,-,-,-,4035.0000,4034.4000,4034.2000,4034.0000,4033.8000,4035.4000,4035.6000,4035.8000,4036.0000,4036.2000,5,4,2,1,2,1,6,1,4,5
SF,IF1912,2019-12-20 09:32:18.900,4035.2000,24059,-3,1409548140.000,3,0,3,双平,S,4035.0000,4034.4000,4034.2000,4034.0000,4033.8000,4035.6000,4035.8000,4036.0000,4036.2000,4036.4000,5,4,2,1,2,6,1,4,6,4
SF,IF1912,2019-12-20 09:32:19.400,4035.2000,24059,0,1409548140.000,0,-,-,-,-,4035.0000,4034.4000,4034.2000,4034.0000,4033.8000,4035.6000,4035.8000,4036.0000,4036.2000,4036.4000,5,4,2,1,2,6,1,4,9,4
SF,IF1912,2019-12-20 09:32:19.900,4035.0000,24058,-1,1410758640.000,1,0,1,双平,S,4035.0000,4034.4000,4034.2000,4034.0000,4033.8000,4035.6000,4035.8000,4036.0000,4036.2000,4036.4000,4,4,2,1,2,6,1,4,9,4
SF,IF1912,2019-12-20 09:32:20.400,4035.6000,24057,-1,1411969320.000,1,0,1,双平,S,4035.2000,4035.0000,4034.4000,4034.2000,4034.0000,4035.4000,4035.6000,4035.8000,4036.0000,4036.2000,2,4,4,2,1,1,5,1,4,9
SF,IF1912,2019-12-20 09:32:20.900,4035.2000,24055,-2,1414390440.000,2,0,2,双平,S,4035.0000,4034.4000,4034.2000,4034.0000,4033.8000,4035.4000,4035.6000,4035.8000,4036.0000,4036.2000,4,4,2,1,2,1,5,1,4,9
SF,IF1912,2019-12-20 09:32:21.400,4035.0000,24054,-1,1415600940.000,1,0,1,双平,S,4035.0000,4034.4000,4034.2000,4034.0000,4033.8000,4035.2000,4035.4000,4035.6000,4035.8000,4036.0000,3,4,2,2,2,1,1,5,1,4
SF,IF1912,2019-12-20 09:32:21.900,4035.2000,24053,-1,1416811500.000,1,0,1,双平,S,4035.0000,4034.4000,4034.2000,4034.0000,4033.8000,4035.4000,4035.6000,4035.8000,4036.0000,4036.2000,3,4,2,2,2,1,5,1,4,10
SF,IF1912,2019-12-20 09:32:22.400,4035.2000,24053,0,1416811500.000,0,-,-,-,-,4035.0000,4034.4000,4034.2000,4034.0000,4033.8000,4035.4000,4035.6000,4035.8000,4036.0000,4036.2000,3,4,2,3,2,1,5,1,4,10
SF,IF1912,2019-12-20 09:32:22.900,4035.2000,24053,0,1416811500.000,0,-,-,-,-,4035.2000,4035.0000,4034.4000,4034.2000,4034.0000,4035.6000,4035.8000,4036.0000,4036.2000,4036.4000,1,3,4,2,3,5,1,4,10,4
SF,IF1912,2019-12-20 09:32:23.400,4035.0000,24047,-6,1424075280.000,6,0,6,双平,S,4035.0000,4034.4000,4034.2000,4034.0000,4033.8000,4035.6000,4035.8000,4036.0000,4036.2000,4036.4000,3,4,2,3,2,1,1,4,10,4
SF,IF1912,2019-12-20 09:32:23.900,4035.6000,24045,-2,1426496640.000,2,0,2,双平,S,4035.6000,4035.0000,4034.4000,4034.2000,4034.0000,4035.8000,4036.0000,4036.2000,4036.4000,4036.6000,2,3,4,2,3,1,4,10,4,3
SF,IF1912,2019-12-20 09:32:24.400,4035.6000,24043,-2,1428918000.000,2,0,2,双平,S,4035.0000,4034.4000,4034.2000,4034.0000,4033.8000,4036.0000,4036.2000,4036.4000,4036.6000,4036.8000,3,4,2,3,2,3,10,4,3,3
SF,IF1912,2019-12-20 09:32:24.900,4035.6000,24043,0,1428918000.000,0,-,-,-,-,4035.2000,4035.0000,4034.4000,4034.2000,4034.0000,4035.6000,4035.8000,4036.0000,4036.2000,4036.4000,2,4,4,2,3,1,1,3,10,4
SF,IF1912,2019-12-20 09:32:25.400,4035.6000,24043,0,1430128680.000,1,0,1,多换,S,4035.4000,4035.0000,4034.4000,4034.2000,4034.0000,4035.8000,4036.0000,4036.2000,4036.4000,4036.6000,1,4,4,2,3,1,3,10,4,3
SF,IF1912,2019-12-20 09:32:25.900,4035.6000,24042,-1,1431339360.000,1,0,1,双平,S,4035.6000,4035.4000,4035.0000,4034.4000,4034.2000,4036.0000,4036.2000,4036.4000,4036.6000,4036.8000,1,1,4,4,2,3,10,4,3,3
SF,IF1912,2019-12-20 09:32:26.400,4035.6000,24041,-1,1432550040.000,1,0,1,双平,S,4035.4000,4035.0000,4034.4000,4034.2000,4034.0000,4035.6000,4036.0000,4036.2000,4036.4000,4036.6000,1,4,4,2,3,1,1,10,4,3
SF,IF1912,2019-12-20 09:32:26.900,4035.4000,24040,-1,1433760660.000,1,0,1,双平,S,4035.0000,4034.4000,4034.2000,4034.0000,4033.8000,4035.4000,4035.6000,4036.0000,4036.2000,4036.4000,4,4,3,3,2,19,1,1,10,4
SF,IF1912,2019-12-20 09:32:27.400,4035.4000,24031,-9,1444656240.000,9,0,9,双平,S,4035.0000,4034.4000,4034.2000,4034.0000,4033.8000,4035.4000,4035.6000,4036.0000,4036.2000,4036.4000,6,4,3,3,2,11,1,1,10,4
SF,IF1912,2019-12-20 09:32:27.900,4035.4000,24031,0,1444656240.000,0,-,-,-,-,4035.0000,4034.4000,4034.2000,4034.0000,4033.8000,4035.4000,4035.6000,4036.0000,4036.2000,4036.4000,6,4,3,3,2,12,1,2,10,4
SF,IF1912,2019-12-20 09:32:28.400,4035.4000,24031,0,1444656240.000,0,-,-,-,-,4035.2000,4035.0000,4034.4000,4034.2000,4034.0000,4035.4000,4035.6000,4036.0000,4036.2000,4036.4000,1,6,4,3,3,12,1,2,10,4
SF,IF1912,2019-12-20 09:32:28.900,4035.2000,24030,-1,1445866800.000,1,0,1,双平,S,4035.2000,4035.0000,4034.4000,4034.2000,4034.0000,4035.4000,4035.6000,4036.0000,4036.2000,4036.4000,1,6,4,3,3,12,1,2,10,4
SF,IF1912,2019-12-20 09:32:29.400,4035.4000,24029,-1,1447077420.000,1,0,1,双平,S,4035.2000,4035.0000,4034.4000,4034.2000,4034.0000,4035.4000,4035.6000,4036.0000,4036.2000,4036.4000,1,6,4,3,3,11,1,2,10,4
SF,IF1912,2019-12-20 09:32:29.900,4035.0000,24028,-1,1448287920.000,1,0,1,双平,S,4035.0000,4034.4000,4034.2000,4034.0000,4033.8000,4035.4000,4035.6000,4036.0000,4036.2000,4036.4000,5,4,3,3,2,11,1,2,10,4
SF,IF1912,2019-12-20 09:32:30.400,4035.4000,24027,-1,1449498540.000,1,0,1,双平,S,4035.0000,4034.4000,4034.2000,4034.0000,4033.8000,4035.4000,4035.6000,4036.0000,4036.2000,4036.4000,4,4,3,3,2,10,1,2,10,4
SF,IF1912,2019-12-20 09:32:30.900,4035.4000,24018,-9,1461604260.000,10,0,10,多平,S,4034.4000,4034.2000,4034.0000,4033.8000,4033.2000,4035.4000,4035.6000,4036.0000,4036.2000,4036.4000,4,3,3,2,2,4,1,2,10,4
SF,IF1912,2019-12-20 09:32:31.400,4035.4000,24017,-1,1462814880.000,1,0,1,双平,S,4034.6000,4034.4000,4034.2000,4034.0000,4033.8000,4035.4000,4035.6000,4036.0000,4036.2000,4036.4000,3,7,6,2,2,3,1,2,8,4
SF,IF1912,2019-12-20 09:32:31.900,4035.4000,24017,0,1462814880.000,0,-,-,-,-,4035.0000,4034.6000,4034.4000,4034.2000,4034.0000,4035.4000,4035.6000,4036.0000,4036.2000,4036.4000,1,3,7,6,2,10,1,2,8,4
SF,IF1912,2019-12-20 09:32:32.400,4035.4000,24017,0,1462814880.000,0,-,-,-,-,4035.0000,4034.6000,4034.4000,4034.2000,4034.0000,4035.4000,4035.6000,4036.0000,4036.2000,4036.4000,1,3,7,6,2,11,1,2,8,4
SF,IF1912,2019-12-20 09:32:32.900,4035.0000,24015,-2,1465235880.000,2,0,2,双平,S,4035.2000,4034.8000,4034.6000,4034.4000,4034.2000,4035.4000,4035.6000,4036.0000,4036.2000,4036.4000,1,1,2,4,6,11,1,2,8,4
SF,IF1912,2019-12-20 09:32:33.400,4035.2000,24014,-1,1466446440.000,1,0,1,双平,S,4034.8000,4034.6000,4034.4000,4034.2000,4034.0000,4035.0000,4035.2000,4035.4000,4035.6000,4036.0000,1,2,4,6,1,1,5,11,1,2
SF,IF1912,2019-12-20 09:32:33.900,4034.8000,24012,-2,1468867380.000,2,0,2,双平,S,4034.6000,4034.4000,4034.2000,4034.0000,4033.8000,4035.0000,4035.2000,4035.4000,4035.6000,4036.0000,1,4,3,1,3,1,5,11,1,2
SF,IF1912,2019-12-20 09:32:34.400,4035.2000,24010,-2,1471288440.000,2,0,2,双平,S,4035.0000,4034.4000,4034.2000,4034.0000,4033.8000,4035.2000,4035.4000,4035.6000,4036.0000,4036.2000,3,4,3,1,3,4,11,1,2,8
SF,IF1912,2019-12-20 09:32:34.900,4034.4000,24006,-4,1476130260.000,4,0,4,双平,S,4034.4000,4034.2000,4034.0000,4033.8000,4033.2000,4035.2000,4035.4000,4035.6000,4036.0000,4036.2000,3,3,1,3,2,4,11,1,2,10
SF,IF1912,2019-12-20 09:32:35.400,4034.4000,24006,0,1476130260.000,0,-,-,-,-,4034.8000,4034.4000,4034.2000,4034.0000,4033.8000,4035.2000,4035.4000,4035.6000,4036.0000,4036.2000,1,3,3,1,3,4,11,1,2,10
SF,IF1912,2019-12-20 09:32:35.900,4034.8000,24005,-1,1477340700.000,1,0,1,双平,S,4034.4000,4034.2000,4034.0000,4033.8000,4033.2000,4035.0000,4035.2000,4035.4000,4035.6000,4036.0000,3,3,1,3,2,1,4,11,1,2
SF,IF1912,2019-12-20 09:32:36.400,4034.8000,24005,0,1477340700.000,0,-,-,-,-,4034.8000,4034.6000,4034.4000,4034.2000,4034.0000,4035.0000,4035.2000,4035.4000,4035.6000,4036.0000,1,1,3,6,1,1,3,11,1,2
SF,IF1912,2019-12-20 09:32:36.900,4035.0000,24003,-2,1479761640.000,2,0,2,双平,S,4034.6000,4034.4000,4034.2000,4034.0000,4033.8000,4035.0000,4035.2000,4035.4000,4035.6000,4036.0000,1,3,3,1,3,1,3,11,1,2
SF,IF1912,2019-12-20 09:32:37.400,4034.6000,24002,-1,1480972020.000,1,0,1,双平,S,4034.4000,4034.2000,4034.0000,4033.8000,4033.2000,4034.8000,4035.0000,4035.2000,4035.4000,4035.6000,3,3,1,3,2,6,1,3,11,1
SF,IF1912,2019-12-20 09:32:37.900,4034.8000,24000,-2,1483392900.000,2,0,2,双平,S,4034.4000,4034.2000,4034.0000,4033.8000,4033.2000,4034.8000,4035.0000,4035.2000,4035.4000,4035.6000,3,3,1,3,2,5,1,3,11,1
SF,IF1912,2019-12-20 09:32:38.400,4034.8000,24000,0,1484603340.000,1,0,1,多换,S,4034.6000,4034.4000,4034.2000,4034.0000,4033.8000,4034.8000,4035.0000,4035.2000,4035.4000,4035.6000,1,4,3,1,3,5,1,3,11,1
SF,IF1912,2019-12-20 09:32:38.900,4034.8000,23994,-6,1491865860.000,6,0,6,双平,S,4034.4000,4034.2000,4034.0000,4033.8000,4033.2000,4034.8000,4035.0000,4035.2000,4035.4000,4035.6000,4,3,1,3,2,1,1,3,11,1
SF,IF1912,2019-12-20 09:32:39.400,4034.8000,23993,-1,1493076300.000,1,0,1,双平,S,4034.6000,4034.4000,4034.2000,4034.0000,4033.8000,4035.0000,4035.2000,4035.4000,4035.6000,4036.0000,1,4,3,1,3,2,3,11,1,2
SF,IF1912,2019-12-20 09:32:39.900,4034.4000,23991,-2,1495497000.000,2,0,2,双平,S,4034.8000,4034.4000,4034.2000,4034.0000,4033.8000,4035.0000,4035.2000,4035.4000,4035.6000,4036.0000,1,3,3,1,3,2,3,11,1,2
SF,IF1912,2019-12-20 09:32:40.400,4034.4000,23991,0,1495497000.000,0,-,-,-,-,4034.8000,4034.6000,4034.4000,4034.2000,4034.0000,4035.0000,4035.2000,4035.4000,4035.6000,4036.0000,1,1,3,3,1,2,3,11,1,2
SF,IF1912,2019-12-20 09:32:40.900,4034.4000,23990,-1,1496707320.000,1,0,1,双平,S,4034.6000,4034.4000,4034.2000,4034.0000,4033.8000,4035.0000,4035.2000,4035.4000,4035.6000,4036.0000,1,3,3,1,3,2,3,11,1,2
SF,IF1912,2019-12-20 09:32:41.400,4034.4000,23990,0,1496707320.000,0,-,-,-,-,4034.6000,4034.4000,4034.2000,4034.0000,4033.8000,4034.8000,4035.0000,4035.2000,4035.4000,4035.6000,1,3,3,1,3,1,2,3,11,1
SF,IF1912,2019-12-20 09:32:41.900,4034.4000,23990,0,1496707320.000,0,-,-,-,-,4034.6000,4034.4000,4034.2000,4034.0000,4033.8000,4034.8000,4035.0000,4035.2000,4035.4000,4035.6000,1,3,3,1,3,1,2,8,6,1
SF,IF1912,2019-12-20 09:32:42.400,4034.8000,23989,-1,1497917760.000,1,0,1,双平,S,4034.6000,4034.4000,4034.2000,4034.0000,4033.8000,4035.0000,4035.2000,4035.4000,4035.6000,4036.0000,1,3,4,2,3,2,8,6,1,2
SF,IF1912,2019-12-20 09:32:42.900,4035.0000,23988,-1,1499128260.000,1,0,1,双平,S,4034.6000,4034.4000,4034.2000,4034.0000,4033.8000,4035.0000,4035.2000,4035.4000,4035.6000,4036.0000,1,3,4,2,3,1,8,7,1,2
SF,IF1912,2019-12-20 09:32:43.400,4035.0000,23988,0,1499128260.000,0,-,-,-,-,4034.8000,4034.6000,4034.4000,4034.2000,4034.0000,4035.0000,4035.2000,4035.4000,4035.6000,4036.0000,1,1,3,4,2,1,8,7,1,2
SF,IF1912,2019-12-20 09:32:43.900,4035.0000,23988,0,1499128260.000,0,-,-,-,-,4034.8000,4034.6000,4034.4000,4034.2000,4034.0000,4035.2000,4035.4000,4035.6000,4036.0000,4036.2000,1,1,3,4,2,8,7,1,2,7
SF,IF1912,2019-12-20 09:32:44.400,4035.0000,23988,0,1499128260.000,0,-,-,-,-,4035.0000,4034.4000,4034.2000,4034.0000,4033.8000,4035.2000,4035.4000,4035.6000,4036.0000,4036.2000,2,3,4,2,3,8,7,1,2,7
SF,IF1912,2019-12-20 09:32:44.900,4035.0000,23986,-2,1501549260.000,2,0,2,双平,S,4034.4000,4034.2000,4034.0000,4033.8000,4033.2000,4034.8000,4035.2000,4035.4000,4035.6000,4036.0000,3,4,2,3,1,1,8,7,1,2
SF,IF1912,2019-12-20 09:32:45.400,4034.8000,23984,-2,1503970020.000,2,0,2,双平,S,4034.6000,4034.4000,4034.2000,4034.0000,4033.8000,4035.2000,4035.4000,4035.6000,4036.0000,4036.2000,1,2,4,2,3,5,7,1,2,7
SF,IF1912,2019-12-20 09:32:45.900,4035.2000,23983,-1,1505180580.000,1,0,1,双平,S,4034.6000,4034.4000,4034.2000,4034.0000,4033.8000,4034.8000,4035.2000,4035.4000,4035.6000,4036.0000,1,2,4,2,3,1,4,7,1,2
SF,IF1912,2019-12-20 09:32:46.400,4034.6000,23980,-3,1508811720.000,3,0,3,双平,S,4034.4000,4034.2000,4034.0000,4033.8000,4033.2000,4034.8000,4035.2000,4035.4000,4035.6000,4036.0000,2,4,2,3,1,1,4,7,1,2
SF,IF1912,2019-12-20 09:32:46.900,4034.8000,23978,-2,1511232540.000,2,0,2,双平,S,4034.8000,4034.4000,4034.2000,4034.0000,4033.8000,4035.0000,4035.4000,4035.6000,4036.0000,4036.2000,3,2,4,2,3,4,7,1,2,7
SF,IF1912,2019-12-20 09:32:47.400,4034.8000,23977,-1,1512442980.000,1,0,1,双平,S,4034.8000,4034.6000,4034.4000,4034.2000,4034.0000,4035.0000,4035.4000,4035.6000,4036.0000,4036.2000,3,1,2,4,3,4,7,1,2,6
SF,IF1912,2019-12-20 09:32:47.900,4035.0000,23976,-1,1513653480.000,1,0,1,双平,S,4034.8000,4034.6000,4034.4000,4034.2000,4034.0000,4035.0000,4035.4000,4035.6000,4036.0000,4036.2000,3,1,2,4,3,3,7,1,2,6
SF,IF1912,2019-12-20 09:32:48.400,4034.8000,23975,-1,1514863920.000,1,0,1,双平,S,4034.8000,4034.6000,4034.4000,4034.2000,4034.0000,4035.0000,4035.4000,4035.6000,4036.0000,4036.2000,2,1,2,4,3,3,7,1,2,6
SF,IF1912,2019-12-20 09:32:48.900,4035.0000,23974,-1,1516074420.000,1,0,1,双平,S,4034.8000,4034.6000,4034.4000,4034.2000,4034.0000,4035.0000,4035.4000,4035.6000,4036.0000,4036.2000,2,1,2,4,3,2,7,1,2,6
SF,IF1912,2019-12-20 09:32:49.400,4035.0000,23974,0,1516074420.000,0,-,-,-,-,4034.8000,4034.6000,4034.4000,4034.2000,4034.0000,4035.0000,4035.4000,4035.6000,4036.0000,4036.2000,2,2,2,4,3,2,7,1,2,6
SF,IF1912,2019-12-20 09:32:49.900,4035.0000,23973,-1,1517284920.000,1,0,1,双平,S,4034.8000,4034.6000,4034.4000,4034.2000,4034.0000,4035.0000,4035.4000,4035.6000,4036.0000,4036.2000,3,2,2,4,3,2,7,1,2,6
SF,IF1912,2019-12-20 09:32:50.400,4035.0000,23973,0,1517284920.000,0,-,-,-,-,4034.8000,4034.6000,4034.4000,4034.2000,4034.0000,4035.0000,4035.4000,4035.6000,4036.0000,4036.2000,3,2,2,4,3,2,7,1,2,8
SF,IF1912,2019-12-20 09:32:50.900,4034.8000,23970,-3,1520916240.000,3,0,3,双平,S,4034.6000,4034.4000,4034.2000,4034.0000,4033.8000,4034.8000,4035.0000,4035.2000,4035.4000,4035.6000,2,2,4,3,3,2,7,1,7,1
SF,IF1912,2019-12-20 09:32:51.400,4034.8000,23969,-1,1522126680.000,1,0,1,双平,S,4034.8000,4034.6000,4034.4000,4034.2000,4034.0000,4035.0000,4035.4000,4035.6000,4036.0000,4036.2000,1,2,2,4,3,7,7,1,2,8
SF,IF1912,2019-12-20 09:32:51.900,4034.6000,23967,-2,1524547500.000,2,0,2,双平,S,4034.4000,4034.2000,4034.0000,4033.8000,4033.2000,4034.8000,4035.0000,4035.4000,4035.6000,4036.0000,2,4,3,3,1,2,7,7,1,2
SF,IF1912,2019-12-20 09:32:52.400,4034.6000,23965,-2,1526968260.000,2,0,2,双平,S,4034.6000,4034.4000,4034.2000,4034.0000,4033.8000,4034.8000,4035.0000,4035.4000,4035.6000,4036.0000,1,2,4,3,3,3,9,5,1,2
SF,IF1912,2019-12-20 09:32:52.900,4034.8000,23964,-1,1528178700.000,1,0,1,双平,S,4034.6000,4034.4000,4034.2000,4034.0000,4033.8000,4034.8000,4035.0000,4035.4000,4035.6000,4036.0000,1,2,4,3,3,2,9,5,1,1
SF,IF1912,2019-12-20 09:32:53.400,4034.6000,23960,-4,1533020340.000,4,0,4,双平,S,4034.4000,4034.2000,4034.0000,4033.8000,4033.2000,4034.8000,4035.0000,4035.4000,4035.6000,4036.0000,2,4,3,3,1,2,10,5,1,1
SF,IF1912,2019-12-20 09:32:53.900,4034.6000,23960,0,1533020340.000,0,-,-,-,-,4034.4000,4034.2000,4034.0000,4033.8000,4033.2000,4034.8000,4035.0000,4035.4000,4035.6000,4036.0000,2,4,3,3,1,2,11,5,1,1
SF,IF1912,2019-12-20 09:32:54.400,4034.8000,23957,-3,1536651540.000,3,0,3,双平,S,4034.6000,4034.4000,4034.2000,4034.0000,4033.8000,4034.8000,4035.0000,4035.4000,4035.6000,4036.0000,1,2,4,3,3,1,11,5,1,1
SF,IF1912,2019-12-20 09:32:54.900,4034.6000,23956,-1,1537861920.000,1,0,1,双平,S,4034.6000,4034.4000,4034.2000,4034.0000,4033.8000,4034.8000,4035.0000,4035.4000,4035.6000,4036.0000,1,2,4,3,3,1,11,5,1,1
SF,IF1912,2019-12-20 09:32:55.400,4034.6000,23955,-1,1539072300.000,1,0,1,双平,S,4034.4000,4034.2000,4034.0000,4033.8000,4033.2000,4034.6000,4034.8000,4035.0000,4035.4000,4035.6000,2,4,3,3,1,1,1,11,5,1
SF,IF1912,2019-12-20 09:32:55.900,4034.6000,23954,-1,1540282680.000,1,0,1,双平,S,4034.6000,4034.4000,4034.2000,4034.0000,4033.8000,4034.8000,4035.0000,4035.4000,4035.6000,4036.0000,2,2,3,3,3,1,11,5,1,6
SF,IF1912,2019-12-20 09:32:56.400,4035.0000,23951,-3,1543914000.000,3,0,3,双平,S,4034.6000,4034.4000,4034.2000,4034.0000,4033.8000,4035.0000,4035.4000,4035.6000,4036.0000,4036.2000,1,3,4,3,3,10,5,1,6,6
SF,IF1912,2019-12-20 09:32:56.900,4034.4000,23949,-2,1546334700.000,2,0,2,双平,S,4034.8000,4034.4000,4034.2000,4034.0000,4033.8000,4035.0000,4035.2000,4035.4000,4035.6000,4036.0000,1,2,4,3,3,10,1,5,1,6
SF,IF1912,2019-12-20 09:32:57.400,4034.8000,23948,-1,1547545140.000,1,0,1,双平,S,4034.4000,4034.2000,4034.0000,4033.8000,4033.2000,4034.8000,4035.0000,4035.2000,4035.4000,4035.6000,2,4,3,3,1,2,9,1,6,1
SF,IF1912,2019-12-20 09:32:57.900,4034.6000,23947,-1,1548755520.000,1,0,1,双平,S,4034.4000,4034.2000,4034.0000,4033.8000,4033.2000,4034.6000,4034.8000,4035.0000,4035.2000,4035.4000,2,4,3,3,1,5,2,9,1,6
SF,IF1912,2019-12-20 09:32:58.400,4034.6000,23947,0,1548755520.000,0,-,-,-,-,4034.4000,4034.2000,4034.0000,4033.8000,4033.2000,4034.6000,4034.8000,4035.0000,4035.2000,4035.4000,3,4,2,3,1,9,2,9,1,6
SF,IF1912,2019-12-20 09:32:58.900,4034.4000,23942,-5,1554807360.000,5,0,5,双平,S,4034.4000,4034.2000,4034.0000,4033.8000,4033.2000,4034.6000,4034.8000,4035.0000,4035.2000,4035.4000,2,4,2,3,1,5,2,9,1,6
SF,IF1912,2019-12-20 09:33:00.400,4034.6000,23941,-1,1556017740.000,1,0,1,双平,S,4034.4000,4034.2000,4034.0000,4033.8000,4033.2000,4034.6000,4034.8000,4035.0000,4035.2000,4035.4000,2,4,2,3,1,4,1,10,1,6
SF,IF1912,2019-12-20 09:33:00.900,4034.4000,23940,-1,1557228060.000,1,0,1,双平,S,4034.4000,4034.2000,4034.0000,4033.8000,4033.2000,4034.6000,4034.8000,4035.0000,4035.2000,4035.4000,2,4,2,3,1,5,3,10,1,6
SF,IF1912,2019-12-20 09:33:01.400,4034.6000,23935,-5,1563279960.000,5,0,5,双平,S,4034.4000,4034.2000,4034.0000,4033.8000,4033.2000,4034.8000,4035.0000,4035.4000,4035.6000,4035.8000,2,4,2,3,1,3,10,6,1,1
SF,IF1912,2019-12-20 09:33:01.900,4034.6000,23935,0,1563279960.000,0,-,-,-,-,4034.4000,4034.2000,4034.0000,4033.8000,4033.2000,4034.8000,4035.0000,4035.4000,4035.6000,4035.8000,2,4,2,3,1,3,10,6,1,1
SF,IF1912,2019-12-20 09:33:02.400,4034.6000,23933,-2,1565700720.000,2,0,2,双平,S,4034.4000,4034.2000,4034.0000,4033.8000,4033.2000,4034.6000,4034.8000,4035.0000,4035.4000,4035.6000,2,4,2,3,1,2,3,11,5,1
SF,IF1912,2019-12-20 09:33:02.900,4034.8000,23929,-4,1571752800.000,5,0,5,多平,S,4034.8000,4034.4000,4034.2000,4034.0000,4033.8000,4035.0000,4035.4000,4035.6000,4035.8000,4036.0000,1,2,4,2,3,11,5,1,1,6
SF,IF1912,2019-12-20 09:33:03.900,4034.8000,23928,-1,1572963240.000,1,0,1,双平,S,4034.4000,4034.2000,4034.0000,4033.8000,4033.2000,4034.6000,4035.0000,4035.4000,4035.6000,4035.8000,2,4,2,3,1,2,11,5,1,1
SF,IF1912,2019-12-20 09:33:04.900,4034.8000,23928,0,1572963240.000,0,-,-,-,-,4034.4000,4034.2000,4034.0000,4033.8000,4033.2000,4034.6000,4034.8000,4035.0000,4035.4000,4035.6000,2,4,2,3,1,2,1,11,5,1
SF,IF1912,2019-12-20 09:33:05.400,4034.8000,23927,-1,1574173680.000,1,0,1,双平,S,4034.4000,4034.2000,4034.0000,4033.8000,4033.2000,4034.6000,4034.8000,4035.0000,4035.4000,4035.6000,2,4,2,3,1,1,1,11,5,1
SF,IF1912,2019-12-20 09:33:05.900,4035.0000,23922,-5,1580225820.000,5,0,5,双平,S,4034.8000,4034.4000,4034.2000,4034.0000,4033.8000,4035.0000,4035.4000,4035.6000,4035.8000,4036.0000,1,1,4,2,3,10,5,1,1,6
SF,IF1912,2019-12-20 09:33:06.400,4034.8000,23921,-1,1581436260.000,1,0,1,双平,S,4034.4000,4034.2000,4034.0000,4033.8000,4033.2000,4034.8000,4035.0000,4035.4000,4035.6000,4035.8000,1,4,2,3,1,1,10,5,1,1
SF,IF1912,2019-12-20 09:33:06.900,4034.8000,23920,-1,1583857140.000,2,0,2,多平,S,4034.4000,4034.2000,4034.0000,4033.8000,4033.2000,4035.0000,4035.4000,4035.6000,4035.8000,4036.0000,1,4,2,3,1,10,5,1,1,6
SF,IF1912,2019-12-20 09:33:07.400,4034.6000,23918,-2,1586277900.000,2,0,2,双平,S,4034.6000,4034.4000,4034.2000,4034.0000,4033.8000,4035.0000,4035.4000,4035.6000,4035.8000,4036.0000,1,1,4,2,3,8,5,1,1,6
SF,IF1912,2019-12-20 09:33:07.900,4035.0000,23913,-5,1592330340.000,5,0,5,双平,S,4034.6000,4034.4000,4034.2000,4034.0000,4033.8000,4035.0000,4035.4000,4035.6000,4035.8000,4036.0000,2,1,4,2,3,4,5,1,1,6
SF,IF1912,2019-12-20 09:33:08.400,4035.0000,23912,-1,1593540840.000,1,0,1,双平,S,4034.8000,4034.6000,4034.4000,4034.2000,4034.0000,4035.0000,4035.4000,4035.6000,4035.8000,4036.0000,1,2,1,4,2,3,5,1,1,6
SF,IF1912,2019-12-20 09:33:08.900,4035.0000,23909,-3,1597172280.000,3,0,3,双平,S,4034.6000,4034.4000,4034.2000,4034.0000,4033.8000,4035.0000,4035.4000,4035.6000,4035.8000,4036.0000,2,1,4,2,3,2,5,1,1,6
SF,IF1912,2019-12-20 09:33:09.900,4035.0000,23907,-2,1599593280.000,2,0,2,双平,S,4034.6000,4034.4000,4034.2000,4034.0000,4033.8000,4035.4000,4035.6000,4035.8000,4036.0000,4036.2000,2,1,4,2,3,5,1,1,6,5
SF,IF1912,2019-12-20 09:33:10.400,4035.0000,23907,0,1599593280.000,0,-,-,-,-,4034.6000,4034.4000,4034.2000,4034.0000,4033.8000,4035.2000,4035.4000,4035.6000,4035.8000,4036.0000,2,1,4,2,3,5,5,1,1,6
SF,IF1912,2019-12-20 09:33:10.900,4035.0000,23907,0,1599593280.000,0,-,-,-,-,4034.6000,4034.4000,4034.2000,4034.0000,4033.8000,4035.2000,4035.4000,4035.6000,4035.8000,4036.0000,2,2,4,2,3,5,5,1,1,6
SF,IF1912,2019-12-20 09:33:11.400,4034.4000,23903,-4,1605645180.000,5,0,5,多平,S,4034.2000,4034.0000,4033.8000,4033.2000,4033.0000,4035.2000,4035.4000,4035.6000,4035.8000,4036.0000,4,2,3,1,10,7,5,1,1,6
SF,IF1912,2019-12-20 09:33:11.900,4034.4000,23903,0,1605645180.000,0,-,-,-,-,4034.8000,4034.4000,4034.2000,4034.0000,4033.8000,4035.0000,4035.2000,4035.4000,4035.6000,4035.8000,1,2,4,2,3,2,5,5,1,1
SF,IF1912,2019-12-20 09:33:12.400,4034.6000,23900,-3,1609276320.000,3,0,3,双平,S,4034.4000,4034.2000,4034.0000,4033.8000,4033.2000,4034.8000,4035.0000,4035.2000,4035.4000,4035.6000,1,4,2,3,1,3,1,7,5,1
SF,IF1912,2019-12-20 09:33:12.900,4034.6000,23900,0,1609276320.000,0,-,-,-,-,4034.2000,4034.0000,4033.8000,4033.2000,4033.0000,4034.8000,4035.0000,4035.2000,4035.4000,4035.6000,4,2,3,1,10,4,1,5,5,1
SF,IF1912,2019-12-20 09:33:13.400,4034.2000,23900,0,1610486580.000,1,0,1,多换,S,4034.2000,4034.0000,4033.8000,4033.2000,4033.0000,4034.8000,4035.0000,4035.2000,4035.4000,4035.6000,3,2,3,1,10,4,1,5,5,1
SF,IF1912,2019-12-20 09:33:13.900,4034.6000,23899,-1,1611696960.000,1,0,1,双平,S,4034.2000,4034.0000,4033.8000,4033.2000,4033.0000,4034.8000,4035.0000,4035.2000,4035.4000,4035.6000,3,2,3,1,10,6,1,5,5,1
SF,IF1912,2019-12-20 09:33:14.400,4034.4000,23894,-5,1617748560.000,5,0,5,双平,S,4034.2000,4034.0000,4033.8000,4033.2000,4033.0000,4034.8000,4035.0000,4035.2000,4035.4000,4035.6000,3,2,3,1,10,6,1,5,5,1
SF,IF1912,2019-12-20 09:33:14.900,4034.4000,23894,0,1617748560.000,0,-,-,-,-,4034.2000,4034.0000,4033.8000,4033.2000,4033.0000,4034.8000,4035.0000,4035.2000,4035.4000,4035.6000,3,2,3,1,10,5,1,5,5,1
SF,IF1912,2019-12-20 09:33:15.400,4034.8000,23892,-2,1621379520.000,3,0,3,多平,S,4034.2000,4034.0000,4033.8000,4033.2000,4033.0000,4034.8000,4035.0000,4035.2000,4035.4000,4035.6000,1,2,3,1,10,4,1,3,5,1
SF,IF1912,2019-12-20 09:33:15.900,4034.8000,23892,0,1621379520.000,0,-,-,-,-,4034.2000,4034.0000,4033.8000,4033.2000,4033.0000,4034.8000,4035.0000,4035.2000,4035.4000,4035.6000,1,2,3,1,10,3,1,3,5,1
SF,IF1912,2019-12-20 09:33:16.400,4034.8000,23890,-2,1623800400.000,2,0,2,双平,S,4034.2000,4034.0000,4033.8000,4033.2000,4033.0000,4034.8000,4035.0000,4035.2000,4035.4000,4035.6000,1,2,3,1,10,3,1,1,5,1
SF,IF1912,2019-12-20 09:33:16.900,4034.8000,23890,0,1623800400.000,0,-,-,-,-,4034.6000,4034.4000,4034.2000,4034.0000,4033.8000,4034.8000,4035.0000,4035.2000,4035.4000,4035.8000,1,2,1,2,3,3,1,1,5,1
SF,IF1912,2019-12-20 09:33:17.400,4034.6000,23889,-1,1625010780.000,1,0,1,双平,S,4034.4000,4034.2000,4034.0000,4033.8000,4033.2000,4034.8000,4035.0000,4035.2000,4035.4000,4035.8000,3,1,2,3,1,3,1,1,5,1
SF,IF1912,2019-12-20 09:33:17.900,4034.4000,23886,-3,1628641860.000,3,0,3,双平,S,4034.4000,4034.2000,4034.0000,4033.8000,4033.2000,4034.8000,4035.0000,4035.2000,4035.4000,4035.8000,1,2,2,3,1,2,1,1,5,1
SF,IF1912,2019-12-20 09:33:18.400,4034.4000,23885,-1,1629852180.000,1,0,1,双平,S,4034.2000,4034.0000,4033.8000,4033.2000,4033.0000,4034.8000,4035.0000,4035.2000,4035.4000,4035.8000,2,2,3,1,10,1,1,1,5,1
SF,IF1912,2019-12-20 09:33:18.900,4034.6000,23884,-1,1631062560.000,1,0,1,双平,S,4034.2000,4034.0000,4033.8000,4033.2000,4033.0000,4034.6000,4034.8000,4035.0000,4035.2000,4035.4000,4,2,3,1,10,3,2,1,1,5
SF,IF1912,2019-12-20 09:33:19.400,4035.0000,23882,-2,1633483500.000,2,0,2,双平,S,4034.2000,4034.0000,4033.8000,4033.2000,4033.0000,4034.6000,4034.8000,4035.4000,4035.8000,4036.0000,4,2,3,1,10,1,1,5,1,6
SF,IF1912,2019-12-20 09:33:19.900,4035.0000,23882,0,1633483500.000,0,-,-,-,-,4034.4000,4034.2000,4034.0000,4033.8000,4033.2000,4034.6000,4034.8000,4035.4000,4035.8000,4036.0000,1,4,3,3,1,1,1,5,1,6
SF,IF1912,2019-12-20 09:33:20.400,4034.4000,23879,-3,1637114580.000,3,0,3,双平,S,4034.2000,4034.0000,4033.8000,4033.2000,4033.0000,4034.8000,4035.4000,4035.8000,4036.0000,4036.2000,4,3,3,1,10,1,5,1,6,5
SF,IF1912,2019-12-20 09:33:20.900,4034.4000,23878,-1,1638324900.000,1,0,1,双平,S,4034.4000,4034.2000,4034.0000,4033.8000,4033.2000,4034.8000,4035.4000,4035.8000,4036.0000,4036.2000,8,4,3,3,1,1,5,1,6,5
SF,IF1912,2019-12-20 09:33:21.400,4034.4000,23877,-1,1639535220.000,1,0,1,双平,S,4034.6000,4034.4000,4034.2000,4034.0000,4033.8000,4034.8000,4035.4000,4035.8000,4036.0000,4036.2000,1,7,4,3,3,1,5,1,6,5
SF,IF1912,2019-12-20 09:33:22.400,4034.6000,23875,-2,1641956040.000,2,0,2,双平,S,4034.6000,4034.4000,4034.2000,4034.0000,4033.8000,4035.4000,4035.8000,4036.0000,4036.2000,4036.4000,1,7,4,3,3,5,1,6,5,4
SF,IF1912,2019-12-20 09:33:22.900,4035.2000,23873,-2,1644376980.000,2,0,2,双平,S,4034.4000,4034.2000,4034.0000,4033.8000,4033.2000,4035.2000,4035.4000,4035.8000,4036.0000,4036.2000,6,4,3,3,1,5,5,1,6,5
SF,IF1912,2019-12-20 09:33:23.400,4035.2000,23873,0,1644376980.000,0,-,-,-,-,4034.4000,4034.2000,4034.0000,4033.8000,4033.2000,4035.0000,4035.2000,4035.4000,4035.8000,4036.0000,6,4,3,3,1,1,6,5,1,6
SF,IF1912,2019-12-20 09:33:23.900,4035.2000,23873,0,1644376980.000,0,-,-,-,-,4034.4000,4034.2000,4034.0000,4033.8000,4033.2000,4034.6000,4035.0000,4035.2000,4035.4000,4035.8000,6,4,3,3,1,1,1,2,5,1
SF,IF1912,2019-12-20 09:33:24.400,4035.0000,23872,-1,1645587480.000,1,0,1,双平,S,4034.4000,4034.2000,4034.0000,4033.8000,4033.2000,4035.0000,4035.2000,4035.4000,4035.8000,4036.0000,6,4,3,3,1,1,2,5,1,6
SF,IF1912,2019-12-20 09:33:24.900,4035.0000,23870,-2,1648008300.000,2,0,2,双平,S,4034.4000,4034.2000,4034.0000,4033.8000,4033.2000,4035.2000,4035.4000,4035.8000,4036.0000,4036.2000,5,4,3,3,1,2,5,1,6,5
SF,IF1912,2019-12-20 09:33:25.400,4035.0000,23868,-2,1650429300.000,2,0,2,双平,S,4034.4000,4034.2000,4034.0000,4033.8000,4033.2000,4034.8000,4035.0000,4035.2000,4035.4000,4035.8000,6,4,3,3,1,1,1,4,5,1
SF,IF1912,2019-12-20 09:33:25.900,4035.0000,23868,0,1650429300.000,0,-,-,-,-,4034.4000,4034.2000,4034.0000,4033.8000,4033.2000,4034.8000,4035.4000,4035.8000,4036.0000,4036.2000,9,4,3,3,1,1,5,1,6,5
SF,IF1912,2019-12-20 09:33:26.400,4034.4000,23865,-3,1654060320.000,3,0,3,双平,S,4034.4000,4034.2000,4034.0000,4033.8000,4033.2000,4034.8000,4035.4000,4035.8000,4036.0000,4036.2000,8,4,3,3,1,1,5,1,6,5
SF,IF1912,2019-12-20 09:33:26.900,4034.8000,23863,-2,1656481080.000,2,0,2,双平,S,4034.8000,4034.4000,4034.2000,4034.0000,4033.8000,4035.4000,4035.8000,4036.0000,4036.2000,4036.4000,1,7,4,3,3,5,1,6,5,4
SF,IF1912,2019-12-20 09:33:27.400,4034.8000,23859,-4,1661322840.000,4,0,4,双平,S,4034.8000,4034.4000,4034.2000,4034.0000,4033.8000,4035.2000,4035.4000,4035.8000,4036.0000,4036.2000,2,4,4,3,3,1,5,1,6,5
SF,IF1912,2019-12-20 09:33:27.900,4034.8000,23859,0,1661322840.000,0,-,-,-,-,4034.8000,4034.4000,4034.2000,4034.0000,4033.8000,4035.2000,4035.4000,4035.8000,4036.0000,4036.2000,2,4,4,3,3,3,5,1,6,5
SF,IF1912,2019-12-20 09:33:28.400,4035.0000,23855,-4,1666164780.000,4,0,4,双平,S,4035.0000,4034.8000,4034.4000,4034.2000,4034.0000,4035.2000,4035.4000,4035.8000,4036.0000,4036.2000,8,1,4,4,3,3,5,1,6,5
SF,IF1912,2019-12-20 09:33:28.900,4035.0000,23855,0,1666164780.000,0,-,-,-,-,4035.0000,4034.8000,4034.4000,4034.2000,4034.0000,4035.2000,4035.4000,4035.8000,4036.0000,4036.2000,9,1,4,4,3,3,5,1,6,5
SF,IF1912,2019-12-20 09:33:29.400,4035.2000,23853,-2,1668585840.000,2,0,2,双平,S,4035.0000,4034.8000,4034.4000,4034.2000,4034.0000,4035.4000,4035.8000,4036.0000,4036.2000,4036.4000,8,1,4,4,3,5,1,6,5,4
SF,IF1912,2019-12-20 09:33:29.900,4035.2000,23853,0,1668585840.000,0,-,-,-,-,4035.2000,4035.0000,4034.8000,4034.4000,4034.2000,4035.4000,4035.8000,4036.0000,4036.2000,4036.4000,1,8,1,4,4,4,1,6,5,4
SF,IF1912,2019-12-20 09:33:30.400,4035.2000,23853,0,1668585840.000,0,-,-,-,-,4035.2000,4035.0000,4034.8000,4034.4000,4034.2000,4035.4000,4035.8000,4036.0000,4036.2000,4036.4000,2,7,1,4,4,4,1,6,5,4
SF,IF1912,2019-12-20 09:33:30.900,4035.2000,23853,0,1668585840.000,0,-,-,-,-,4035.2000,4035.0000,4034.8000,4034.6000,4034.4000,4035.4000,4035.8000,4036.0000,4036.2000,4036.4000,7,7,1,1,5,4,1,6,5,4
SF,IF1912,2019-12-20 09:33:31.400,4035.4000,23849,-4,1673428140.000,4,0,4,双平,S,4035.2000,4035.0000,4034.8000,4034.6000,4034.4000,4035.4000,4035.8000,4036.0000,4036.2000,4036.4000,5,7,1,1,5,3,1,6,5,4
SF,IF1912,2019-12-20 09:33:31.900,4035.4000,23846,-3,1677060000.000,3,0,3,双平,S,4035.6000,4035.2000,4035.0000,4034.8000,4034.6000,4035.8000,4036.0000,4036.2000,4036.4000,4036.6000,1,5,7,1,1,1,6,5,4,3
SF,IF1912,2019-12-20 09:33:32.400,4035.4000,23844,-2,1679481240.000,2,0,2,双平,S,4035.2000,4035.0000,4034.8000,4034.6000,4034.4000,4035.8000,4036.0000,4036.2000,4036.4000,4036.6000,5,7,1,1,5,3,6,5,4,3
SF,IF1912,2019-12-20 09:33:32.900,4035.4000,23844,0,1679481240.000,0,-,-,-,-,4035.4000,4035.2000,4035.0000,4034.8000,4034.6000,4035.8000,4036.0000,4036.2000,4036.4000,4036.6000,1,5,7,1,1,3,6,5,4,3
SF,IF1912,2019-12-20 09:33:33.400,4035.4000,23844,0,1679481240.000,0,-,-,-,-,4035.4000,4035.2000,4035.0000,4034.8000,4034.6000,4035.6000,4035.8000,4036.0000,4036.2000,4036.4000,1,5,7,1,1,1,3,6,5,4
SF,IF1912,2019-12-20 09:33:33.900,4035.2000,23842,-2,1681902420.000,2,0,2,双平,S,4035.2000,4035.0000,4034.8000,4034.6000,4034.4000,4035.6000,4035.8000,4036.0000,4036.2000,4036.4000,4,7,1,1,5,1,3,6,5,4
SF,IF1912,2019-12-20 09:33:34.900,4035.2000,23842,0,1681902420.000,0,-,-,-,-,4035.2000,4035.0000,4034.8000,4034.6000,4034.4000,4035.4000,4035.6000,4035.8000,4036.0000,4036.2000,4,7,1,1,5,1,1,3,6,5
SF,IF1912,2019-12-20 09:33:35.400,4035.2000,23842,0,1681902420.000,0,-,-,-,-,4035.2000,4035.0000,4034.8000,4034.6000,4034.4000,4035.4000,4035.6000,4035.8000,4036.0000,4036.2000,4,7,1,1,5,1,3,3,6,5
SF,IF1912,2019-12-20 09:33:35.900,4035.8000,23833,-9,1692798360.000,9,0,9,双平,S,4035.8000,4035.0000,4034.8000,4034.6000,4034.4000,4036.0000,4036.2000,4036.4000,4036.6000,4036.8000,4,6,4,1,5,6,5,4,3,3
SF,IF1912,2019-12-20 09:33:36.400,4035.8000,23832,-1,1695219900.000,2,0,2,多平,S,4035.8000,4035.6000,4035.0000,4034.8000,4034.6000,4036.0000,4036.2000,4036.4000,4036.6000,4036.8000,3,1,6,4,1,12,5,4,3,2
SF,IF1912,2019-12-20 09:33:36.900,4036.4000,23816,-16,1715803740.000,17,0,17,多平,S,4036.2000,4036.0000,4035.8000,4035.6000,4035.4000,4036.4000,4036.6000,4036.8000,4037.0000,4037.4000,1,4,3,1,1,4,3,2,6,2
SF,IF1912,2019-12-20 09:33:37.400,4036.4000,23813,-3,1720647360.000,4,0,4,多平,S,4036.4000,4036.2000,4036.0000,4035.8000,4035.6000,4036.6000,4036.8000,4037.0000,4037.4000,4037.6000,2,1,8,3,1,3,2,6,2,1
SF,IF1912,2019-12-20 09:33:37.900,4036.6000,23810,-3,1724280300.000,3,0,3,双平,S,4036.2000,4036.0000,4035.8000,4035.6000,4035.4000,4036.8000,4037.0000,4037.4000,4037.6000,4037.8000,1,5,3,1,1,3,6,2,1,4
SF,IF1912,2019-12-20 09:33:38.400,4036.4000,23808,-2,1726702080.000,2,0,2,双平,S,4036.6000,4036.0000,4035.8000,4035.6000,4035.4000,4036.8000,4037.0000,4037.4000,4037.6000,4037.8000,1,5,3,1,1,5,6,2,1,4
SF,IF1912,2019-12-20 09:33:38.900,4037.0000,23804,-4,1731546180.000,4,0,4,双平,S,4036.0000,4035.8000,4035.4000,4035.0000,4034.8000,4037.0000,4037.4000,4037.6000,4037.8000,4038.0000,5,3,2,8,4,5,2,1,4,12
SF,IF1912,2019-12-20 09:33:39.400,4036.8000,23802,-2,1733968260.000,2,0,2,双平,S,4036.2000,4036.0000,4035.8000,4035.4000,4035.0000,4036.8000,4037.0000,4037.4000,4037.6000,4037.8000,3,5,3,2,8,1,5,1,1,4
SF,IF1912,2019-12-20 09:33:39.900,4036.8000,23802,0,1733968260.000,0,-,-,-,-,4036.2000,4036.0000,4035.8000,4035.4000,4035.0000,4036.4000,4036.8000,4037.0000,4037.4000,4037.6000,3,5,3,2,8,1,1,5,1,1
SF,IF1912,2019-12-20 09:33:40.400,4036.4000,23798,-4,1738811940.000,4,0,4,双平,S,4036.6000,4036.0000,4035.8000,4035.4000,4035.0000,4036.8000,4037.0000,4037.4000,4037.6000,4037.8000,1,5,2,2,2,1,5,1,1,4
SF,IF1912,2019-12-20 09:33:40.900,4036.6000,23796,-2,1741233900.000,2,0,2,双平,S,4036.2000,4036.0000,4035.8000,4035.4000,4035.0000,4036.8000,4037.0000,4037.4000,4037.6000,4037.8000,3,5,2,2,2,6,5,1,1,4
SF,IF1912,2019-12-20 09:33:41.400,4036.0000,23792,-4,1746077280.000,4,0,4,双平,S,4036.0000,4035.8000,4035.4000,4035.0000,4034.8000,4036.2000,4036.4000,4036.6000,4037.0000,4037.4000,4,2,2,2,1,2,1,7,6,1
SF,IF1912,2019-12-20 09:33:41.900,4036.0000,23792,0,1746077280.000,0,-,-,-,-,4036.0000,4035.8000,4035.4000,4035.0000,4034.8000,4036.2000,4036.4000,4037.0000,4037.4000,4037.6000,1,2,2,2,1,2,1,6,1,1
SF,IF1912,2019-12-20 09:33:42.400,4036.0000,23790,-2,1748498940.000,2,0,2,双平,S,4035.8000,4035.4000,4035.0000,4034.8000,4034.6000,4036.0000,4036.2000,4036.4000,4037.0000,4037.4000,2,2,2,1,1,1,2,1,6,1
SF,IF1912,2019-12-20 09:33:42.900,4036.0000,23790,0,1748498940.000,0,-,-,-,-,4035.8000,4035.4000,4035.0000,4034.8000,4034.6000,4036.0000,4036.2000,4036.4000,4037.0000,4037.4000,1,2,2,1,1,2,2,1,6,1
SF,IF1912,2019-12-20 09:33:43.900,4036.0000,23787,-3,1752131280.000,3,0,3,双平,S,4035.4000,4035.0000,4034.8000,4034.6000,4034.4000,4036.2000,4036.4000,4037.0000,4037.4000,4037.6000,2,2,1,1,5,2,1,6,1,1
SF,IF1912,2019-12-20 09:33:44.400,4036.0000,23787,0,1752131280.000,0,-,-,-,-,4035.4000,4034.8000,4034.6000,4034.4000,4034.2000,4036.2000,4036.4000,4037.0000,4037.4000,4037.6000,2,1,1,5,3,2,1,6,1,1
SF,IF1912,2019-12-20 09:33:44.900,4036.2000,23786,-1,1753342140.000,1,0,1,双平,S,4036.0000,4035.4000,4034.8000,4034.6000,4034.4000,4036.2000,4036.4000,4037.0000,4037.4000,4037.6000,7,2,1,1,5,1,1,6,1,1
SF,IF1912,2019-12-20 09:33:45.400,4036.2000,23786,0,1753342140.000,0,-,-,-,-,4036.0000,4035.8000,4035.6000,4035.4000,4035.2000,4036.2000,4036.4000,4037.0000,4037.4000,4037.6000,7,1,1,3,1,1,1,6,1,1
SF,IF1912,2019-12-20 09:33:45.900,4036.0000,23783,-3,1756974540.000,3,0,3,双平,S,4036.0000,4035.8000,4035.6000,4035.4000,4035.2000,4036.2000,4036.4000,4037.0000,4037.4000,4037.6000,4,1,1,3,1,1,1,6,1,1
SF,IF1912,2019-12-20 09:33:46.400,4036.0000,23779,-4,1761817740.000,4,0,4,双平,S,4035.8000,4035.6000,4035.4000,4035.2000,4034.8000,4036.2000,4036.4000,4037.0000,4037.4000,4037.6000,1,1,5,1,1,1,1,6,1,1
SF,IF1912,2019-12-20 09:33:46.900,4036.2000,23777,-2,1764239340.000,2,0,2,双平,S,4035.6000,4035.4000,4035.2000,4034.8000,4034.6000,4036.4000,4037.0000,4037.4000,4037.6000,4037.8000,1,5,1,1,1,1,6,1,1,4
SF,IF1912,2019-12-20 09:33:47.400,4036.4000,23775,-2,1766661180.000,2,0,2,双平,S,4035.6000,4035.4000,4035.2000,4034.8000,4034.6000,4036.4000,4037.0000,4037.4000,4037.6000,4037.8000,3,5,1,1,1,2,6,1,1,4
SF,IF1912,2019-12-20 09:33:47.900,4036.4000,23775,0,1766661180.000,0,-,-,-,-,4036.2000,4036.0000,4035.6000,4035.4000,4035.2000,4036.4000,4037.0000,4037.4000,4037.6000,4037.8000,3,1,3,6,1,3,6,1,1,4
SF,IF1912,2019-12-20 09:33:48.400,4036.2000,23775,0,1767872040.000,1,0,1,多换,S,4036.2000,4036.0000,4035.6000,4035.4000,4035.2000,4036.4000,4037.0000,4037.4000,4037.6000,4037.8000,2,1,1,6,1,5,6,1,1,4
SF,IF1912,2019-12-20 09:33:48.900,4036.2000,23775,0,1770293760.000,2,1,1,多换,S,4036.2000,4036.0000,4035.6000,4035.4000,4035.2000,4036.4000,4037.0000,4037.4000,4037.6000,4037.8000,2,1,2,6,2,5,6,1,1,4
SF,IF1912,2019-12-20 09:33:49.900,4036.2000,23774,-1,1771504620.000,1,0,1,双平,S,4036.2000,4036.0000,4035.6000,4035.4000,4035.2000,4036.4000,4037.0000,4037.4000,4037.6000,4037.8000,1,1,2,6,2,5,6,1,1,4
SF,IF1912,2019-12-20 09:33:50.400,4036.2000,23773,-1,1772715480.000,1,0,1,双平,S,4036.0000,4035.6000,4035.4000,4035.2000,4034.8000,4036.2000,4036.4000,4037.0000,4037.4000,4037.6000,1,2,6,2,1,1,5,6,1,1
SF,IF1912,2019-12-20 09:33:51.400,4036.2000,23772,-1,1775137200.000,2,0,2,多平,S,4036.0000,4035.6000,4035.4000,4035.2000,4034.8000,4036.4000,4037.0000,4037.4000,4037.6000,4037.8000,1,2,6,2,1,5,6,1,1,4
SF,IF1912,2019-12-20 09:33:52.400,4036.0000,23771,-1,1776348000.000,1,0,1,双平,S,4035.6000,4035.4000,4035.2000,4034.8000,4034.6000,4036.4000,4037.0000,4037.4000,4037.6000,4037.8000,2,6,2,1,1,5,6,1,1,4
SF,IF1912,2019-12-20 09:33:52.900,4036.0000,23771,0,1776348000.000,0,-,-,-,-,4035.6000,4035.4000,4035.2000,4034.8000,4034.6000,4036.4000,4037.0000,4037.4000,4037.6000,4037.8000,2,5,2,1,1,8,6,1,1,4
SF,IF1912,2019-12-20 09:33:53.400,4036.2000,23770,-1,1777558860.000,1,0,1,双平,S,4035.6000,4035.4000,4035.2000,4034.8000,4034.6000,4036.2000,4036.4000,4037.0000,4037.4000,4037.6000,1,5,2,1,1,5,3,6,1,1
SF,IF1912,2019-12-20 09:33:54.900,4036.2000,23767,-3,1781191440.000,3,0,3,双平,S,4035.6000,4035.4000,4035.2000,4034.8000,4034.6000,4036.2000,4036.4000,4037.0000,4037.4000,4037.6000,1,5,2,1,1,2,3,6,1,1
SF,IF1912,2019-12-20 09:33:55.400,4036.2000,23767,0,1781191440.000,0,-,-,-,-,4035.8000,4035.6000,4035.4000,4035.2000,4034.8000,4036.0000,4036.2000,4036.4000,4037.0000,4037.4000,1,1,5,2,1,1,3,3,6,1
SF,IF1912,2019-12-20 09:33:55.900,4035.8000,23766,-1,1782402180.000,1,0,1,双平,S,4035.6000,4035.4000,4035.2000,4034.8000,4034.6000,4036.0000,4036.2000,4036.4000,4037.0000,4037.4000,2,5,2,1,1,2,3,3,6,1
SF,IF1912,2019-12-20 09:33:56.400,4035.8000,23766,0,1782402180.000,0,-,-,-,-,4035.6000,4035.4000,4035.2000,4034.8000,4034.6000,4035.8000,4036.0000,4036.2000,4036.4000,4037.0000,2,5,2,1,1,1,1,3,3,6
SF,IF1912,2019-12-20 09:33:56.900,4036.0000,23764,-2,1784823720.000,2,0,2,双平,S,4035.8000,4035.6000,4035.4000,4035.2000,4034.8000,4036.2000,4036.4000,4037.0000,4037.4000,4037.6000,1,2,5,2,1,3,3,6,1,1
SF,IF1912,2019-12-20 09:33:57.400,4036.2000,23763,-1,1786034580.000,1,0,1,双平,S,4035.8000,4035.6000,4035.4000,4035.2000,4034.8000,4036.2000,4036.4000,4037.0000,4037.4000,4037.6000,1,2,5,2,1,2,3,6,1,1
SF,IF1912,2019-12-20 09:33:57.900,4036.0000,23760,-3,1789667040.000,3,0,3,双平,S,4035.8000,4035.6000,4035.4000,4035.2000,4034.8000,4036.2000,4036.4000,4037.0000,4037.4000,4037.6000,1,2,5,2,1,1,3,6,1,1
SF,IF1912,2019-12-20 09:33:58.400,4036.2000,23759,-1,1790877900.000,1,0,1,双平,S,4035.8000,4035.6000,4035.4000,4035.2000,4034.8000,4036.4000,4037.0000,4037.4000,4037.6000,4037.8000,1,2,5,2,1,3,6,1,1,4
SF,IF1912,2019-12-20 09:33:58.900,4036.4000,23758,-1,1792088820.000,1,0,1,双平,S,4035.8000,4035.6000,4035.4000,4035.2000,4034.8000,4036.4000,4037.0000,4037.4000,4037.6000,4037.8000,1,2,5,2,1,2,6,1,1,4
SF,IF1912,2019-12-20 09:33:59.400,4036.4000,23758,0,1792088820.000,0,-,-,-,-,4035.8000,4035.6000,4035.4000,4035.2000,4034.8000,4036.4000,4037.0000,4037.4000,4037.6000,4037.8000,1,2,5,2,1,7,6,1,1,4
SF,IF1912,2019-12-20 09:33:59.900,4036.4000,23758,0,1792088820.000,0,-,-,-,-,4035.8000,4035.6000,4035.4000,4035.2000,4034.8000,4036.4000,4037.0000,4037.4000,4037.6000,4037.8000,1,2,5,2,1,2,6,1,1,4
SF,IF1912,2019-12-20 09:34:00.400,4036.4000,23758,0,1792088820.000,0,-,-,-,-,4035.8000,4035.6000,4035.4000,4035.2000,4034.8000,4036.4000,4037.0000,4037.4000,4037.6000,4037.8000,1,2,5,2,1,8,6,1,1,4
SF,IF1912,2019-12-20 09:34:00.900,4035.6000,23756,-2,1794510240.000,2,0,2,双平,S,4035.6000,4035.4000,4035.2000,4034.8000,4034.6000,4036.4000,4037.0000,4037.4000,4037.6000,4037.8000,1,5,2,1,1,2,6,1,1,4
SF,IF1912,2019-12-20 09:34:01.400,4035.6000,23756,0,1794510240.000,0,-,-,-,-,4035.8000,4035.6000,4035.4000,4035.2000,4034.8000,4036.4000,4037.0000,4037.4000,4037.6000,4037.8000,2,1,5,2,1,2,6,1,1,4
SF,IF1912,2019-12-20 09:34:01.900,4035.6000,23756,0,1794510240.000,0,-,-,-,-,4035.8000,4035.6000,4035.4000,4035.2000,4034.8000,4036.4000,4037.0000,4037.4000,4037.6000,4037.8000,1,1,5,2,1,2,6,1,1,4
SF,IF1912,2019-12-20 09:34:02.400,4036.4000,23755,-1,1795721160.000,1,0,1,双平,S,4035.8000,4035.6000,4035.4000,4035.2000,4034.8000,4036.4000,4037.0000,4037.4000,4037.6000,4037.8000,1,1,5,2,1,1,6,1,1,4
SF,IF1912,2019-12-20 09:34:02.900,4036.4000,23754,-1,1796932080.000,1,0,1,双平,S,4035.8000,4035.6000,4035.4000,4035.2000,4034.8000,4036.4000,4037.0000,4037.4000,4037.6000,4037.8000,1,1,5,2,1,1,6,1,1,4
SF,IF1912,2019-12-20 09:34:03.400,4035.8000,23753,-1,1798142820.000,1,0,1,双平,S,4035.6000,4035.4000,4035.2000,4034.8000,4034.6000,4036.0000,4036.4000,4037.0000,4037.4000,4037.6000,1,5,2,1,1,3,4,6,1,1
SF,IF1912,2019-12-20 09:34:03.900,4036.2000,23750,-3,1801775280.000,3,0,3,双平,S,4036.2000,4036.0000,4035.6000,4035.4000,4035.2000,4036.4000,4037.0000,4037.4000,4037.6000,4037.8000,1,1,1,5,2,2,6,1,1,4
SF,IF1912,2019-12-20 09:34:04.400,4036.0000,23748,-2,1804196940.000,2,0,2,双平,S,4036.2000,4036.0000,4035.6000,4035.4000,4035.2000,4036.4000,4037.0000,4037.4000,4037.6000,4037.8000,1,1,1,5,2,2,6,1,1,4
SF,IF1912,2019-12-20 09:34:04.900,4036.0000,23745,-3,1807829520.000,3,0,3,双平,S,4035.6000,4035.4000,4035.2000,4034.8000,4034.6000,4035.8000,4036.0000,4036.4000,4037.0000,4037.4000,1,5,2,1,1,1,5,1,6,1
SF,IF1912,2019-12-20 09:34:05.400,4036.0000,23743,-2,1810251120.000,2,0,2,双平,S,4035.6000,4035.4000,4035.2000,4034.8000,4034.6000,4035.8000,4036.0000,4036.4000,4037.0000,4037.4000,5,5,2,1,1,1,4,1,6,1
SF,IF1912,2019-12-20 09:34:05.900,4036.0000,23738,-5,1816305060.000,5,0,5,双平,S,4036.0000,4035.6000,4035.4000,4035.2000,4034.8000,4036.4000,4037.0000,4037.4000,4037.6000,4037.8000,4,5,5,2,1,1,6,1,1,4
SF,IF1912,2019-12-20 09:34:06.400,4036.0000,23738,0,1816305060.000,0,-,-,-,-,4036.0000,4035.6000,4035.4000,4035.2000,4034.8000,4036.4000,4037.0000,4037.4000,4037.6000,4037.8000,5,5,5,2,1,1,6,1,1,4
SF,IF1912,2019-12-20 09:34:06.900,4036.0000,23738,0,1816305060.000,0,-,-,-,-,4036.0000,4035.6000,4035.4000,4035.2000,4034.8000,4036.4000,4037.0000,4037.4000,4037.6000,4037.8000,5,6,5,2,1,7,6,1,1,4
SF,IF1912,2019-12-20 09:34:07.400,4036.4000,23737,-1,1817515980.000,1,0,1,双平,S,4036.0000,4035.6000,4035.4000,4035.2000,4034.8000,4036.4000,4037.0000,4037.4000,4037.6000,4037.8000,5,6,5,2,1,6,6,1,1,4
SF,IF1912,2019-12-20 09:34:07.900,4036.4000,23736,-1,1818726900.000,1,0,1,双平,S,4036.0000,4035.6000,4035.4000,4035.2000,4034.8000,4036.4000,4037.0000,4037.4000,4037.6000,4037.8000,8,7,5,4,1,5,6,1,1,4
SF,IF1912,2019-12-20 09:34:08.400,4036.4000,23736,0,1818726900.000,0,-,-,-,-,4036.6000,4036.0000,4035.6000,4035.4000,4035.2000,4037.0000,4037.2000,4037.4000,4037.6000,4037.8000,1,8,7,5,4,6,1,1,1,4
SF,IF1912,2019-12-20 09:34:08.900,4036.6000,23735,-1,1819937880.000,1,0,1,双平,S,4036.0000,4035.6000,4035.4000,4035.2000,4034.8000,4036.2000,4036.6000,4036.8000,4037.0000,4037.2000,8,7,5,4,1,1,1,12,6,1
SF,IF1912,2019-12-20 09:34:09.400,4036.0000,23732,-3,1823570340.000,3,0,3,双平,S,4036.0000,4035.6000,4035.4000,4035.2000,4034.8000,4036.6000,4036.8000,4037.0000,4037.2000,4037.4000,6,7,5,4,1,1,12,6,1,1
SF,IF1912,2019-12-20 09:34:09.900,4036.0000,23732,0,1823570340.000,0,-,-,-,-,4036.2000,4036.0000,4035.6000,4035.4000,4035.2000,4036.6000,4036.8000,4037.0000,4037.2000,4037.4000,2,11,7,5,4,6,6,6,1,1
SF,IF1912,2019-12-20 09:34:10.400,4036.0000,23732,0,1823570340.000,0,-,-,-,-,4036.2000,4036.0000,4035.6000,4035.4000,4035.2000,4036.6000,4036.8000,4037.0000,4037.2000,4037.4000,2,11,7,5,4,1,6,7,1,1
SF,IF1912,2019-12-20 09:34:10.900,4036.2000,23731,-1,1824781200.000,1,0,1,双平,S,4036.2000,4036.0000,4035.6000,4035.4000,4035.2000,4036.6000,4036.8000,4037.0000,4037.2000,4037.4000,4,8,7,5,4,1,7,7,1,1
SF,IF1912,2019-12-20 09:34:11.400,4036.2000,23731,0,1824781200.000,0,-,-,-,-,4036.2000,4036.0000,4035.6000,4035.4000,4035.2000,4036.4000,4036.6000,4036.8000,4037.0000,4037.2000,4,8,7,5,4,6,1,7,7,1
SF,IF1912,2019-12-20 09:34:11.900,4036.2000,23731,0,1824781200.000,0,-,-,-,-,4036.2000,4036.0000,4035.6000,4035.4000,4035.2000,4036.4000,4036.6000,4036.8000,4037.0000,4037.2000,4,8,7,5,4,6,1,8,7,1
SF,IF1912,2019-12-20 09:34:12.400,4036.2000,23731,0,1824781200.000,0,-,-,-,-,4036.2000,4036.0000,4035.6000,4035.4000,4035.2000,4036.4000,4036.6000,4036.8000,4037.0000,4037.2000,3,8,7,5,4,6,1,8,7,1
SF,IF1912,2019-12-20 09:34:13.400,4036.2000,23727,-4,1829624760.000,4,0,4,双平,S,4036.2000,4036.0000,4035.6000,4035.4000,4035.2000,4036.4000,4036.6000,4036.8000,4037.0000,4037.2000,4,8,7,5,4,4,1,8,7,1
SF,IF1912,2019-12-20 09:34:13.900,4036.4000,23724,-3,1833257460.000,3,0,3,双平,S,4036.2000,4036.0000,4035.6000,4035.4000,4035.2000,4036.4000,4036.6000,4036.8000,4037.0000,4037.2000,3,8,7,5,4,2,1,8,7,1
SF,IF1912,2019-12-20 09:34:14.400,4036.2000,23722,-2,1835679180.000,2,0,2,双平,S,4036.2000,4036.0000,4035.6000,4035.4000,4035.2000,4036.6000,4036.8000,4037.0000,4037.2000,4037.4000,1,8,7,5,4,1,8,7,1,1
SF,IF1912,2019-12-20 09:34:14.900,4036.2000,23721,-1,1836890040.000,1,0,1,双平,S,4036.0000,4035.6000,4035.4000,4035.2000,4034.8000,4036.6000,4036.8000,4037.0000,4037.2000,4037.4000,8,7,5,4,1,5,8,7,1,1
SF,IF1912,2019-12-20 09:34:15.400,4036.2000,23721,0,1836890040.000,0,-,-,-,-,4036.0000,4035.6000,4035.4000,4035.2000,4034.8000,4036.4000,4036.6000,4036.8000,4037.0000,4037.2000,8,7,5,3,1,3,3,8,7,1
SF,IF1912,2019-12-20 09:34:15.900,4036.2000,23721,0,1836890040.000,0,-,-,-,-,4036.0000,4035.6000,4035.4000,4035.2000,4034.8000,4036.4000,4036.6000,4036.8000,4037.0000,4037.2000,8,7,5,3,1,2,3,8,7,1
SF,IF1912,2019-12-20 09:34:16.400,4036.0000,23720,-1,1838100840.000,1,0,1,双平,S,4036.0000,4035.6000,4035.4000,4035.2000,4034.8000,4036.4000,4036.6000,4036.8000,4037.0000,4037.2000,7,7,5,3,1,2,3,8,7,1
SF,IF1912,2019-12-20 09:34:16.900,4036.4000,23718,-2,1840522680.000,2,0,2,双平,S,4036.0000,4035.6000,4035.4000,4035.2000,4035.0000,4036.4000,4036.6000,4036.8000,4037.0000,4037.2000,7,7,5,3,1,2,3,8,7,1
SF,IF1912,2019-12-20 09:34:17.900,4036.0000,23716,-2,1842944280.000,2,0,2,双平,S,4036.0000,4035.6000,4035.4000,4035.2000,4035.0000,4036.4000,4036.6000,4036.8000,4037.0000,4037.2000,5,7,5,3,1,2,3,8,8,1
SF,IF1912,2019-12-20 09:34:19.400,4036.0000,23716,0,1842944280.000,0,-,-,-,-,4036.4000,4036.0000,4035.6000,4035.4000,4035.2000,4036.6000,4036.8000,4037.0000,4037.2000,4037.4000,1,5,7,5,3,3,9,8,1,1
