市场代码,合约代码,时间,最新,持仓,增仓,成交额,成交量,开仓,平仓,成交类型,方向,买一价,买二价,买三价,买四价,买五价,卖一价,卖二价,卖三价,卖四价,卖五价,买一量,买二量,买三量,买四量,买五量,卖一量,卖二量,卖三量,卖四量,卖五量
SF,IF1912,2019-11-06 09:29:00.100,3994.4000,43521,0,14379840.000,12.000,-,-,-,-,3994.2000,3994.0000,3991.4000,3991.0000,3990.4000,3996.0000,3998.0000,3999.0000,4000.0000,4000.6000,3,1,1,1,1,1,1,1,2,4
SF,IF1912,2019-11-06 09:30:00.100,3995.8000,43514,-7,23969880.000,8,0,8,多平,S,3995.0000,3994.8000,3994.6000,3994.4000,3994.2000,3995.8000,3996.0000,3997.0000,3998.0000,3999.0000,1,2,5,17,3,4,2,3,1,1
SF,IF1912,2019-11-06 09:30:00.600,3995.2000,43505,-9,40751460.000,14,2,12,多平,S,3996.2000,3996.0000,3995.2000,3995.0000,3994.6000,3996.8000,3997.0000,3997.2000,3997.6000,3998.0000,1,1,11,2,3,1,3,1,1,11
SF,IF1912,2019-11-06 09:30:01.100,3996.0000,43506,1,43149120.000,2,1,1,空开,S,3996.0000,3995.2000,3995.0000,3994.6000,3994.4000,3996.8000,3997.0000,3997.2000,3997.6000,3998.0000,1,14,2,3,1,5,3,1,1,11
SF,IF1912,2019-11-06 09:30:01.600,3996.0000,43506,0,43149120.000,0,-,-,-,-,3996.0000,3995.2000,3995.0000,3994.6000,3994.4000,3996.2000,3996.8000,3997.0000,3997.2000,3997.6000,1,14,2,2,1,1,5,3,1,1
SF,IF1912,2019-11-06 09:30:02.100,3996.2000,43504,-2,45546840.000,2,0,2,双平,S,3996.0000,3995.2000,3995.0000,3994.6000,3994.2000,3996.2000,3997.0000,3997.2000,3997.6000,3998.0000,1,2,1,1,3,1,3,1,1,11
SF,IF1912,2019-11-06 09:30:02.600,3996.2000,43504,0,47944500.000,2,1,1,多换,S,3995.2000,3994.2000,3994.0000,3993.8000,3992.2000,3997.0000,3997.2000,3997.6000,3998.0000,3998.4000,1,3,1,1,1,3,1,1,11,1
SF,IF1912,2019-11-06 09:30:03.100,3996.2000,43504,0,49143360.000,1,0,1,多换,S,3994.2000,3994.0000,3993.8000,3992.2000,3992.0000,3996.4000,3996.8000,3997.0000,3997.2000,3997.6000,3,1,1,1,11,4,4,3,1,1
SF,IF1912,2019-11-06 09:30:03.600,3996.2000,43502,-2,52740000.000,3,0,3,多平,S,3995.2000,3994.6000,3994.4000,3994.2000,3994.0000,3996.4000,3996.8000,3997.0000,3997.2000,3997.6000,1,6,26,5,2,3,3,3,1,1
SF,IF1912,2019-11-06 09:30:04.100,3996.4000,43501,-1,53938920.000,1,0,1,双平,S,3996.0000,3995.8000,3995.4000,3995.2000,3994.6000,3996.8000,3997.0000,3997.2000,3998.0000,3998.4000,1,16,16,2,6,1,3,1,11,1
SF,IF1912,2019-11-06 09:30:04.600,3996.6000,43500,-1,55137900.000,1,0,1,双平,S,3996.4000,3996.2000,3995.8000,3995.6000,3995.4000,3996.6000,3997.0000,3997.2000,3997.4000,3998.0000,1,1,10,1,16,1,3,1,1,11
SF,IF1912,2019-11-06 09:30:05.100,3996.4000,43499,-1,56336820.000,1,0,1,双平,S,3996.2000,3995.8000,3995.6000,3995.4000,3995.2000,3997.0000,3997.2000,3998.0000,3998.4000,3998.6000,1,10,1,16,3,3,1,11,1,1
SF,IF1912,2019-11-06 09:30:05.600,3996.2000,43499,0,57535680.000,1,0,1,多换,S,3995.8000,3995.6000,3995.4000,3995.2000,3994.8000,3996.0000,3997.0000,3997.2000,3998.0000,3998.4000,10,1,16,3,2,4,3,1,11,1
SF,IF1912,2019-11-06 09:30:06.100,3996.0000,43499,0,62330880.000,4,2,2,多换,S,3996.8000,3996.6000,3996.4000,3996.2000,3996.0000,3997.0000,3997.2000,3998.0000,3998.4000,3998.6000,2,2,6,2,24,3,1,11,1,1
SF,IF1912,2019-11-06 09:30:06.600,3997.2000,43494,-5,70724460.000,7,1,6,多平,S,3997.4000,3996.6000,3996.4000,3996.0000,3995.8000,3998.0000,3998.4000,3998.6000,3999.0000,3999.2000,5,1,5,22,10,11,1,1,2,2
SF,IF1912,2019-11-06 09:30:07.100,3996.6000,43495,1,77919480.000,6,3,3,空开,S,3996.0000,3995.8000,3995.4000,3995.2000,3994.8000,3996.4000,3997.0000,3997.2000,3997.4000,3997.6000,2,10,2,3,1,1,1,1,2,2
SF,IF1912,2019-11-06 09:30:07.600,3996.4000,43494,-1,80317320.000,2,0,2,多平,S,3996.4000,3996.2000,3996.0000,3995.8000,3995.4000,3997.8000,3998.0000,3998.4000,3999.0000,3999.2000,7,15,2,10,2,4,11,1,2,2
SF,IF1912,2019-11-06 09:30:08.100,3996.4000,43494,0,80317320.000,0,-,-,-,-,3996.6000,3996.4000,3995.8000,3995.4000,3995.2000,3997.2000,3997.6000,3997.8000,3998.0000,3998.2000,1,1,10,2,2,2,2,1,11,1
SF,IF1912,2019-11-06 09:30:08.600,3996.4000,43494,0,80317320.000,0,-,-,-,-,3996.6000,3996.4000,3995.8000,3995.4000,3995.2000,3997.2000,3997.6000,3998.0000,3998.2000,3998.4000,1,2,10,2,2,2,2,11,1,1
SF,IF1912,2019-11-06 09:30:09.100,3996.4000,43494,0,80317320.000,0,-,-,-,-,3996.6000,3996.4000,3995.8000,3995.4000,3995.2000,3997.6000,3998.0000,3998.2000,3998.4000,3999.0000,1,2,10,2,2,2,11,1,1,2
SF,IF1912,2019-11-06 09:30:09.600,3997.6000,43491,-3,86313060.000,5,1,4,多平,S,3996.4000,3995.8000,3995.4000,3995.2000,3994.8000,3997.6000,3998.0000,3998.2000,3998.4000,3999.0000,2,10,2,2,1,1,11,1,1,2
SF,IF1912,2019-11-06 09:30:10.100,3996.4000,43489,-2,88711380.000,2,0,2,双平,S,3996.4000,3996.0000,3995.8000,3995.4000,3995.2000,3998.0000,3998.2000,3998.4000,3999.0000,3999.2000,1,1,10,2,2,10,1,1,2,2
SF,IF1912,2019-11-06 09:30:10.600,3997.8000,43489,0,91110000.000,2,1,1,多换,S,3996.4000,3996.0000,3995.8000,3995.4000,3995.2000,3997.8000,3998.0000,3998.2000,3998.4000,3999.0000,2,1,10,2,2,3,10,1,1,2
SF,IF1912,2019-11-06 09:30:11.100,3997.8000,43489,0,91110000.000,0,-,-,-,-,3996.4000,3996.0000,3995.8000,3995.4000,3995.2000,3997.6000,3997.8000,3998.0000,3998.2000,3998.4000,1,1,10,2,2,1,3,10,1,1
SF,IF1912,2019-11-06 09:30:11.600,3997.8000,43489,0,91110000.000,0,-,-,-,-,3996.4000,3996.0000,3995.8000,3995.4000,3995.2000,3997.0000,3997.6000,3997.8000,3998.0000,3998.2000,1,1,10,2,2,3,2,3,10,1
SF,IF1912,2019-11-06 09:30:12.100,3997.6000,43485,-4,95907120.000,4,0,4,双平,S,3997.0000,3996.4000,3996.0000,3995.8000,3995.4000,3997.8000,3998.0000,3998.2000,3998.4000,3999.0000,10,1,1,10,2,2,11,1,1,2
SF,IF1912,2019-11-06 09:30:12.600,3997.6000,43485,0,95907120.000,0,-,-,-,-,3997.0000,3996.4000,3996.0000,3995.8000,3995.4000,3997.8000,3998.0000,3998.2000,3998.4000,3999.0000,10,1,1,10,2,2,11,1,1,2
SF,IF1912,2019-11-06 09:30:13.100,3997.6000,43485,0,95907120.000,0,-,-,-,-,3997.0000,3996.4000,3996.0000,3995.8000,3995.4000,3997.6000,3997.8000,3998.0000,3998.2000,3998.4000,10,2,1,10,2,1,2,10,1,1
SF,IF1912,2019-11-06 09:30:13.600,3997.6000,43484,-1,97106400.000,1,0,1,双平,S,3997.6000,3997.4000,3997.2000,3997.0000,3996.4000,3997.8000,3998.0000,3998.4000,3999.0000,3999.2000,10,5,2,10,2,2,10,1,3,2
SF,IF1912,2019-11-06 09:30:14.100,3997.6000,43474,-10,109099200.000,10,0,10,双平,S,3997.2000,3997.0000,3996.4000,3996.0000,3995.4000,3997.8000,3998.0000,3998.4000,3999.0000,3999.2000,1,10,2,1,2,2,10,1,4,2
SF,IF1912,2019-11-06 09:30:14.600,3997.6000,43474,0,109099200.000,0,-,-,-,-,3997.2000,3997.0000,3996.4000,3996.0000,3995.4000,3997.8000,3998.0000,3998.4000,3999.0000,3999.2000,1,10,2,2,2,2,10,1,4,2
SF,IF1912,2019-11-06 09:30:15.100,3997.6000,43474,0,109099200.000,0,-,-,-,-,3997.2000,3997.0000,3996.4000,3996.0000,3995.4000,3997.8000,3998.0000,3998.4000,3999.0000,3999.2000,1,10,2,2,2,3,10,1,4,2
SF,IF1912,2019-11-06 09:30:15.600,3997.6000,43474,0,109099200.000,0,-,-,-,-,3997.2000,3997.0000,3996.4000,3996.0000,3995.4000,3997.8000,3998.0000,3998.4000,3999.0000,3999.2000,1,10,2,2,2,3,10,1,4,2
SF,IF1912,2019-11-06 09:30:16.100,3997.6000,43474,0,109099200.000,0,-,-,-,-,3997.4000,3997.2000,3997.0000,3996.4000,3996.0000,3997.6000,3997.8000,3998.0000,3998.4000,3999.0000,5,1,10,2,2,1,3,10,1,4
SF,IF1912,2019-11-06 09:30:16.600,3997.0000,43461,-13,125888700.000,14,0,14,多平,S,3997.0000,3996.4000,3996.0000,3995.4000,3995.2000,3998.0000,3998.4000,3999.0000,3999.2000,3999.6000,9,2,2,2,2,10,1,4,2,3
SF,IF1912,2019-11-06 09:30:17.100,3997.0000,43461,0,125888700.000,0,-,-,-,-,3997.4000,3997.0000,3996.4000,3996.0000,3995.4000,3998.0000,3998.4000,3999.0000,3999.2000,3999.6000,5,9,2,2,2,10,1,4,2,3
SF,IF1912,2019-11-06 09:30:17.600,3997.0000,43461,0,125888700.000,0,-,-,-,-,3997.0000,3996.4000,3996.0000,3995.4000,3995.2000,3998.0000,3998.4000,3999.0000,3999.2000,3999.6000,9,2,2,2,2,10,1,4,2,3
SF,IF1912,2019-11-06 09:30:18.100,3997.0000,43461,0,125888700.000,0,-,-,-,-,3997.2000,3997.0000,3996.4000,3996.0000,3995.4000,3998.0000,3998.4000,3998.8000,3999.0000,3999.2000,1,9,2,2,2,12,1,1,4,2
SF,IF1912,2019-11-06 09:30:18.600,3997.0000,43461,0,125888700.000,0,-,-,-,-,3997.2000,3997.0000,3996.4000,3996.0000,3995.4000,3998.0000,3998.4000,3998.8000,3999.0000,3999.2000,1,9,2,2,2,12,2,1,4,2
SF,IF1912,2019-11-06 09:30:20.100,3997.0000,43461,0,125888700.000,0,-,-,-,-,3997.2000,3997.0000,3996.4000,3996.0000,3995.4000,3997.8000,3998.0000,3998.4000,3998.8000,3999.0000,1,9,2,2,2,1,12,2,1,4
SF,IF1912,2019-11-06 09:30:20.600,3997.0000,43459,-2,128286900.000,2,0,2,双平,S,3997.4000,3997.0000,3996.4000,3996.0000,3995.4000,3997.6000,3997.8000,3998.0000,3998.2000,3998.4000,1,8,2,2,2,2,1,12,1,2
SF,IF1912,2019-11-06 09:30:21.100,3997.0000,43450,-9,139078920.000,9,0,9,双平,S,3997.0000,3996.4000,3996.0000,3995.4000,3995.2000,3997.2000,3997.6000,3997.8000,3998.0000,3998.2000,1,1,2,2,2,1,2,2,12,1
SF,IF1912,2019-11-06 09:30:21.600,3997.0000,43450,0,142676040.000,3,1,2,多换,S,3996.0000,3995.4000,3995.2000,3995.0000,3994.8000,3997.2000,3997.6000,3997.8000,3998.0000,3998.2000,2,2,2,1,1,1,1,2,12,1
SF,IF1912,2019-11-06 09:30:22.100,3997.0000,43450,0,142676040.000,0,-,-,-,-,3996.2000,3996.0000,3995.4000,3995.2000,3995.0000,3997.0000,3997.2000,3997.6000,3997.8000,3998.0000,5,2,2,2,1,1,1,1,2,12
SF,IF1912,2019-11-06 09:30:22.600,3996.2000,43447,-3,146272620.000,3,0,3,双平,S,3996.0000,3995.4000,3995.2000,3995.0000,3994.8000,3996.8000,3997.0000,3997.2000,3997.6000,3997.8000,1,1,2,1,1,1,1,1,1,2
SF,IF1912,2019-11-06 09:30:23.100,3996.0000,43447,0,147471420.000,1,0,1,多换,S,3995.2000,3995.0000,3994.8000,3994.6000,3994.4000,3996.0000,3996.8000,3997.0000,3997.2000,3997.4000,2,1,1,1,4,2,1,1,1,1
SF,IF1912,2019-11-06 09:30:23.600,3996.0000,43447,0,147471420.000,0,-,-,-,-,3995.4000,3995.2000,3995.0000,3994.8000,3994.6000,3996.0000,3997.0000,3997.4000,3997.6000,3997.8000,1,2,1,1,1,12,1,1,1,2
SF,IF1912,2019-11-06 09:30:24.100,3995.2000,43447,0,148669980.000,1,0,1,多换,S,3995.0000,3994.8000,3994.4000,3994.2000,3994.0000,3995.2000,3996.0000,3997.0000,3997.4000,3997.6000,1,1,1,1,4,4,12,1,1,1
SF,IF1912,2019-11-06 09:30:24.600,3995.0000,43446,-1,151067040.000,2,0,2,多平,S,3994.8000,3994.4000,3994.2000,3994.0000,3993.8000,3995.2000,3996.0000,3996.6000,3997.0000,3997.4000,1,1,1,4,1,3,12,1,1,2
SF,IF1912,2019-11-06 09:30:25.100,3995.2000,43446,0,154662720.000,3,1,2,多换,S,3995.0000,3994.8000,3994.4000,3994.2000,3994.0000,3996.0000,3996.6000,3997.0000,3997.4000,3997.6000,1,1,1,1,4,12,1,1,2,1
SF,IF1912,2019-11-06 09:30:25.600,3995.2000,43446,0,154662720.000,0,-,-,-,-,3995.6000,3995.4000,3995.2000,3995.0000,3994.4000,3996.0000,3997.0000,3997.4000,3997.6000,3997.8000,5,6,11,5,1,12,1,2,1,2
SF,IF1912,2019-11-06 09:30:26.100,3995.8000,43435,-11,167849460.000,11,0,11,双平,S,3995.8000,3995.6000,3995.2000,3995.0000,3994.4000,3996.0000,3997.0000,3997.4000,3997.6000,3997.8000,2,5,4,1,1,2,1,2,1,1
SF,IF1912,2019-11-06 09:30:26.600,3995.6000,43428,-7,176240460.000,7,0,7,双平,S,3995.2000,3994.4000,3994.2000,3994.0000,3993.8000,3996.0000,3997.0000,3997.4000,3997.6000,3997.8000,3,1,1,4,1,2,1,2,1,1
SF,IF1912,2019-11-06 09:30:27.100,3995.6000,43428,0,176240460.000,0,-,-,-,-,3995.2000,3994.4000,3994.2000,3994.0000,3993.8000,3996.0000,3996.6000,3997.0000,3997.4000,3997.6000,3,1,1,4,1,3,1,1,2,1
SF,IF1912,2019-11-06 09:30:27.600,3995.2000,43427,-1,177439020.000,1,0,1,双平,S,3995.2000,3994.4000,3994.2000,3994.0000,3993.8000,3996.0000,3996.6000,3997.0000,3997.4000,3997.6000,2,1,1,4,1,3,1,1,2,1
SF,IF1912,2019-11-06 09:30:28.100,3995.2000,43427,0,177439020.000,0,-,-,-,-,3995.2000,3994.4000,3994.2000,3994.0000,3993.8000,3996.0000,3996.6000,3997.0000,3997.4000,3997.6000,2,2,1,4,1,3,1,1,2,1
SF,IF1912,2019-11-06 09:30:28.600,3995.2000,43427,0,177439020.000,0,-,-,-,-,3995.2000,3994.4000,3994.2000,3994.0000,3993.8000,3995.8000,3996.0000,3996.6000,3997.0000,3997.4000,2,2,1,4,1,2,3,1,1,2
SF,IF1912,2019-11-06 09:30:29.100,3995.6000,43425,-2,181034820.000,3,0,3,多平,S,3995.4000,3995.0000,3994.4000,3994.2000,3994.0000,3995.8000,3996.0000,3996.6000,3997.0000,3997.4000,2,1,2,1,4,2,3,1,1,2
SF,IF1912,2019-11-06 09:30:29.600,3995.6000,43425,0,181034820.000,0,-,-,-,-,3995.4000,3995.0000,3994.4000,3994.2000,3994.0000,3995.8000,3996.0000,3996.6000,3997.0000,3997.4000,2,1,2,1,4,2,3,1,1,2
SF,IF1912,2019-11-06 09:30:30.100,3995.4000,43424,-1,182233440.000,1,0,1,双平,S,3995.4000,3995.0000,3994.4000,3994.2000,3994.0000,3995.8000,3996.0000,3996.6000,3997.0000,3997.4000,1,1,2,1,4,1,3,1,1,2
SF,IF1912,2019-11-06 09:30:30.600,3995.4000,43424,0,182233440.000,0,-,-,-,-,3995.4000,3995.0000,3994.4000,3994.2000,3994.0000,3996.0000,3996.6000,3997.0000,3997.4000,3997.6000,1,1,2,1,4,3,1,1,2,1
SF,IF1912,2019-11-06 09:30:31.100,3995.4000,43423,-1,183432060.000,1,0,1,双平,S,3995.0000,3994.4000,3994.2000,3994.0000,3993.8000,3995.4000,3995.8000,3996.0000,3996.6000,3997.0000,1,2,1,4,1,9,1,3,1,1
SF,IF1912,2019-11-06 09:30:31.600,3995.4000,43423,0,184630680.000,1,0,1,多换,S,3995.2000,3995.0000,3994.4000,3994.2000,3994.0000,3995.4000,3996.0000,3996.6000,3997.0000,3997.4000,1,1,2,1,4,8,3,1,1,3
SF,IF1912,2019-11-06 09:30:32.100,3995.4000,43418,-5,190623780.000,5,0,5,双平,S,3995.2000,3995.0000,3994.4000,3994.2000,3994.0000,3995.4000,3996.0000,3996.6000,3997.0000,3997.4000,1,1,2,1,4,3,3,1,1,3
SF,IF1912,2019-11-06 09:30:32.600,3995.4000,43415,-3,194219640.000,3,0,3,双平,S,3995.2000,3995.0000,3994.4000,3994.2000,3994.0000,3996.0000,3996.6000,3997.0000,3997.4000,3997.6000,1,1,2,1,4,3,1,1,3,1
SF,IF1912,2019-11-06 09:30:33.100,3995.8000,43414,-1,195418380.000,1,0,1,双平,S,3995.2000,3995.0000,3994.4000,3994.2000,3994.0000,3995.8000,3996.0000,3996.6000,3997.0000,3997.4000,1,1,2,1,4,1,3,1,1,3
SF,IF1912,2019-11-06 09:30:33.600,3995.8000,43414,0,195418380.000,0,-,-,-,-,3995.2000,3995.0000,3994.4000,3994.2000,3994.0000,3995.8000,3996.0000,3996.6000,3997.0000,3997.4000,1,1,2,1,4,1,3,1,1,3
SF,IF1912,2019-11-06 09:30:34.100,3995.8000,43414,0,195418380.000,0,-,-,-,-,3995.2000,3995.0000,3994.4000,3994.2000,3994.0000,3995.8000,3996.0000,3996.6000,3997.0000,3997.4000,1,1,2,1,4,1,3,1,1,3
SF,IF1912,2019-11-06 09:30:34.600,3995.8000,43414,0,195418380.000,0,-,-,-,-,3995.4000,3995.2000,3995.0000,3994.4000,3994.2000,3995.8000,3996.0000,3996.6000,3997.0000,3997.4000,2,1,1,2,1,1,3,1,1,3
SF,IF1912,2019-11-06 09:30:35.100,3995.4000,43413,-1,196617000.000,1,0,1,双平,S,3995.4000,3995.2000,3995.0000,3994.4000,3994.2000,3995.8000,3996.0000,3996.6000,3997.0000,3997.4000,1,1,1,2,1,1,3,1,1,3
SF,IF1912,2019-11-06 09:30:35.600,3995.2000,43411,-2,199014180.000,2,0,2,双平,S,3995.0000,3994.4000,3994.2000,3994.0000,3993.8000,3995.2000,3995.8000,3996.0000,3996.6000,3997.0000,1,2,1,4,1,3,1,3,1,1
SF,IF1912,2019-11-06 09:30:36.100,3995.2000,43408,-3,202609860.000,3,0,3,双平,S,3995.2000,3995.0000,3994.4000,3994.2000,3994.0000,3995.4000,3996.0000,3996.6000,3997.0000,3997.4000,1,2,2,1,4,1,3,1,1,3
SF,IF1912,2019-11-06 09:30:36.600,3995.2000,43408,0,202609860.000,0,-,-,-,-,3995.2000,3995.0000,3994.4000,3994.2000,3994.0000,3995.4000,3996.0000,3996.6000,3997.0000,3997.4000,1,1,2,1,4,1,3,1,1,4
SF,IF1912,2019-11-06 09:30:37.100,3995.2000,43406,-2,205006980.000,2,0,2,双平,S,3995.0000,3994.4000,3994.2000,3994.0000,3993.8000,3995.4000,3996.0000,3996.6000,3997.0000,3997.4000,1,2,1,4,1,1,2,1,1,4
SF,IF1912,2019-11-06 09:30:37.600,3995.0000,43407,1,206205480.000,1,1,0,双开,S,3995.0000,3994.4000,3994.2000,3994.0000,3993.8000,3995.2000,3995.4000,3996.0000,3996.6000,3997.0000,1,2,1,4,1,1,1,2,1,1
SF,IF1912,2019-11-06 09:30:38.100,3994.4000,43404,-3,210999480.000,4,0,4,多平,S,3994.4000,3994.2000,3994.0000,3993.8000,3993.2000,3996.0000,3996.6000,3997.0000,3997.4000,3997.6000,1,1,4,1,1,2,1,1,4,1
SF,IF1912,2019-11-06 09:30:38.600,3994.4000,43404,0,210999480.000,0,-,-,-,-,3994.6000,3994.4000,3994.2000,3994.0000,3993.8000,3995.8000,3996.0000,3996.6000,3997.0000,3997.4000,14,1,1,4,1,4,3,1,1,4
SF,IF1912,2019-11-06 09:30:39.100,3994.4000,43404,0,210999480.000,0,-,-,-,-,3995.2000,3994.8000,3994.6000,3994.4000,3994.2000,3995.6000,3995.8000,3996.0000,3996.6000,3997.0000,1,5,14,1,1,2,1,3,1,1
SF,IF1912,2019-11-06 09:30:39.600,3995.2000,43401,-3,215794020.000,4,0,4,多平,S,3994.8000,3994.6000,3994.4000,3994.2000,3994.0000,3995.2000,3996.0000,3996.6000,3997.0000,3997.4000,5,13,3,1,3,2,3,1,2,4
SF,IF1912,2019-11-06 09:30:40.100,3995.2000,43399,-2,218191140.000,2,0,2,双平,S,3995.4000,3995.0000,3994.6000,3994.4000,3994.2000,3996.0000,3996.6000,3997.0000,3997.4000,3997.6000,2,5,8,2,1,3,1,1,4,1
SF,IF1912,2019-11-06 09:30:40.600,3995.2000,43399,0,218191140.000,0,-,-,-,-,3995.6000,3995.4000,3995.0000,3994.6000,3994.4000,3996.0000,3996.6000,3997.0000,3997.4000,3997.6000,8,2,1,8,2,3,1,1,4,1
SF,IF1912,2019-11-06 09:30:41.100,3995.2000,43399,0,218191140.000,0,-,-,-,-,3995.8000,3995.4000,3994.8000,3994.6000,3994.4000,3996.0000,3996.6000,3997.0000,3997.4000,3997.6000,3,2,1,8,2,3,1,1,4,1
SF,IF1912,2019-11-06 09:30:41.600,3996.0000,43397,-2,221787540.000,3,0,3,多平,S,3995.4000,3995.0000,3994.8000,3994.6000,3994.4000,3996.6000,3997.0000,3997.4000,3997.6000,3997.8000,2,2,2,8,2,1,1,4,1,1
SF,IF1912,2019-11-06 09:30:42.100,3995.6000,43396,-1,222986220.000,1,0,1,双平,S,3995.6000,3995.0000,3994.8000,3994.6000,3994.4000,3996.6000,3997.0000,3997.4000,3997.6000,3997.8000,10,2,2,8,2,1,1,4,1,1
SF,IF1912,2019-11-06 09:30:42.600,3995.0000,43394,-2,225383280.000,2,0,2,双平,S,3994.8000,3994.6000,3994.4000,3994.2000,3994.0000,3996.4000,3996.6000,3997.0000,3997.4000,3997.6000,3,8,2,1,8,1,1,1,4,1
SF,IF1912,2019-11-06 09:30:43.100,3995.0000,43394,0,225383280.000,0,-,-,-,-,3995.4000,3995.2000,3995.0000,3994.8000,3994.6000,3996.2000,3996.6000,3997.0000,3997.4000,3997.6000,3,5,2,2,8,4,1,1,4,1
SF,IF1912,2019-11-06 09:30:43.600,3996.0000,43394,0,227780880.000,2,1,1,多换,S,3995.2000,3994.8000,3994.6000,3994.4000,3994.2000,3996.2000,3996.6000,3997.0000,3997.4000,3997.6000,1,2,8,2,1,1,1,1,4,1
SF,IF1912,2019-11-06 09:30:44.100,3996.0000,43394,0,227780880.000,0,-,-,-,-,3995.4000,3995.2000,3995.0000,3994.8000,3994.6000,3996.0000,3996.6000,3997.0000,3997.4000,3997.6000,5,1,1,2,9,1,1,1,4,1
SF,IF1912,2019-11-06 09:30:44.600,3996.0000,43394,0,227780880.000,0,-,-,-,-,3995.6000,3995.2000,3995.0000,3994.8000,3994.6000,3995.8000,3996.0000,3996.6000,3997.0000,3997.4000,1,1,1,2,9,1,1,1,1,4
SF,IF1912,2019-11-06 09:30:45.100,3996.0000,43392,-2,230178420.000,2,0,2,双平,S,3995.6000,3995.2000,3994.8000,3994.6000,3994.4000,3995.8000,3996.6000,3997.0000,3997.4000,3997.6000,1,1,3,9,2,1,1,1,4,1
SF,IF1912,2019-11-06 09:30:45.600,3996.0000,43392,0,230178420.000,0,-,-,-,-,3995.2000,3994.8000,3994.6000,3994.4000,3994.2000,3995.8000,3996.6000,3997.0000,3997.4000,3997.6000,1,3,9,2,1,1,1,1,4,1
SF,IF1912,2019-11-06 09:30:46.100,3995.8000,43392,0,231377160.000,1,0,1,多换,S,3995.4000,3995.2000,3994.8000,3994.6000,3994.4000,3996.6000,3997.0000,3997.4000,3997.6000,3997.8000,1,1,3,9,2,1,1,4,1,1
SF,IF1912,2019-11-06 09:30:46.600,3995.8000,43392,0,231377160.000,0,-,-,-,-,3995.4000,3995.2000,3994.8000,3994.6000,3994.4000,3996.4000,3996.6000,3997.0000,3997.4000,3997.6000,1,1,3,9,2,1,1,1,4,1
SF,IF1912,2019-11-06 09:30:47.100,3995.8000,43392,0,231377160.000,0,-,-,-,-,3995.8000,3995.4000,3995.2000,3994.8000,3994.6000,3996.2000,3996.6000,3997.0000,3997.4000,3997.6000,1,1,1,3,9,1,1,1,4,1
SF,IF1912,2019-11-06 09:30:47.600,3995.8000,43392,0,232575900.000,1,0,1,多换,S,3995.2000,3994.8000,3994.6000,3994.4000,3994.2000,3996.0000,3996.2000,3996.6000,3997.0000,3997.4000,1,2,9,2,1,2,1,1,1,4
SF,IF1912,2019-11-06 09:30:48.100,3995.8000,43392,0,232575900.000,0,-,-,-,-,3995.4000,3995.2000,3994.8000,3994.6000,3994.4000,3996.2000,3996.6000,3997.0000,3997.4000,3997.6000,1,1,2,9,2,1,1,1,4,1
SF,IF1912,2019-11-06 09:30:49.100,3995.8000,43392,0,232575900.000,0,-,-,-,-,3995.4000,3995.2000,3994.8000,3994.6000,3994.4000,3995.6000,3995.8000,3996.0000,3996.6000,3997.0000,1,1,2,9,2,1,1,1,1,1
SF,IF1912,2019-11-06 09:30:49.600,3995.8000,43391,-1,234973320.000,2,0,2,多平,S,3995.6000,3995.4000,3995.2000,3994.8000,3994.6000,3996.6000,3997.0000,3997.4000,3997.6000,3997.8000,1,1,1,2,9,1,1,4,1,1
SF,IF1912,2019-11-06 09:30:50.100,3995.8000,43391,0,234973320.000,0,-,-,-,-,3995.2000,3994.8000,3994.6000,3994.4000,3994.2000,3996.2000,3996.4000,3996.6000,3997.0000,3997.4000,1,2,9,2,1,1,4,1,1,4
SF,IF1912,2019-11-06 09:30:50.600,3995.8000,43391,0,234973320.000,0,-,-,-,-,3995.2000,3994.8000,3994.6000,3994.4000,3994.2000,3995.4000,3996.0000,3996.4000,3996.6000,3997.0000,1,2,9,2,1,1,1,2,1,1
SF,IF1912,2019-11-06 09:30:51.100,3995.8000,43391,0,234973320.000,0,-,-,-,-,3995.2000,3994.8000,3994.6000,3994.4000,3994.2000,3995.4000,3996.4000,3996.6000,3997.0000,3997.4000,1,2,9,2,1,1,2,1,1,4
SF,IF1912,2019-11-06 09:30:51.600,3995.4000,43390,-1,236171940.000,1,0,1,双平,S,3995.2000,3994.8000,3994.6000,3994.4000,3994.2000,3996.4000,3996.6000,3997.0000,3997.4000,3997.6000,4,2,9,2,1,2,1,1,4,1
SF,IF1912,2019-11-06 09:30:52.100,3995.4000,43390,0,236171940.000,0,-,-,-,-,3995.2000,3994.8000,3994.6000,3994.4000,3994.2000,3995.8000,3996.2000,3996.4000,3996.6000,3997.0000,4,2,8,2,1,1,2,2,1,1
SF,IF1912,2019-11-06 09:30:52.600,3995.4000,43390,0,237370560.000,1,0,1,多换,S,3995.4000,3995.2000,3994.8000,3994.6000,3994.4000,3996.0000,3996.4000,3996.6000,3997.0000,3997.4000,3,4,2,10,2,1,1,1,1,4
SF,IF1912,2019-11-06 09:30:53.100,3995.4000,43390,0,237370560.000,0,-,-,-,-,3995.2000,3994.8000,3994.6000,3994.4000,3994.2000,3995.8000,3996.0000,3996.6000,3997.0000,3997.4000,4,2,9,2,1,1,1,1,1,4
SF,IF1912,2019-11-06 09:30:53.600,3995.4000,43390,0,237370560.000,0,-,-,-,-,3995.2000,3994.8000,3994.6000,3994.4000,3994.2000,3995.8000,3996.0000,3996.6000,3997.0000,3997.4000,4,2,9,1,1,1,1,1,1,4
SF,IF1912,2019-11-06 09:30:54.100,3995.4000,43390,0,237370560.000,0,-,-,-,-,3995.2000,3994.8000,3994.6000,3994.4000,3994.2000,3996.0000,3996.6000,3997.0000,3997.4000,3997.6000,4,2,9,1,1,1,1,1,4,1
SF,IF1912,2019-11-06 09:30:54.600,3995.2000,43382,-8,246959460.000,8,0,8,双平,S,3994.8000,3994.6000,3994.4000,3994.2000,3994.0000,3995.2000,3996.0000,3996.6000,3997.0000,3997.4000,2,9,1,1,8,2,2,1,1,4
SF,IF1912,2019-11-06 09:30:55.100,3996.0000,43379,-3,251754180.000,4,0,4,多平,S,3995.4000,3995.2000,3995.0000,3994.8000,3994.6000,3996.6000,3997.0000,3997.4000,3997.6000,3997.8000,3,15,17,3,3,1,2,4,1,1
SF,IF1912,2019-11-06 09:30:55.600,3996.0000,43379,0,251754180.000,0,-,-,-,-,3995.6000,3995.4000,3995.2000,3995.0000,3994.8000,3996.4000,3996.6000,3997.0000,3997.4000,3997.6000,2,2,11,15,3,2,1,2,4,1
SF,IF1912,2019-11-06 09:30:56.100,3996.0000,43379,0,251754180.000,0,-,-,-,-,3995.8000,3995.6000,3995.4000,3995.2000,3995.0000,3996.6000,3997.0000,3997.4000,3997.6000,3997.8000,1,2,1,11,14,1,2,4,1,1
SF,IF1912,2019-11-06 09:30:56.600,3996.0000,43379,0,251754180.000,0,-,-,-,-,3996.0000,3995.8000,3995.4000,3995.2000,3995.0000,3997.0000,3997.4000,3997.6000,3997.8000,3998.0000,13,5,3,11,7,2,4,1,1,12
SF,IF1912,2019-11-06 09:30:57.100,3996.0000,43378,-1,254151780.000,2,0,2,多平,S,3996.2000,3996.0000,3995.4000,3995.2000,3995.0000,3997.0000,3997.4000,3997.6000,3997.8000,3998.0000,6,13,2,11,6,2,4,1,1,12
SF,IF1912,2019-11-06 09:30:57.600,3996.0000,43378,0,254151780.000,0,-,-,-,-,3996.4000,3996.2000,3995.4000,3995.2000,3995.0000,3996.8000,3997.0000,3997.4000,3997.6000,3997.8000,2,1,2,11,3,2,2,4,1,1
SF,IF1912,2019-11-06 09:30:58.100,3996.0000,43377,-1,255350580.000,1,0,1,双平,S,3996.6000,3996.4000,3996.2000,3995.4000,3995.2000,3996.8000,3997.0000,3997.4000,3997.6000,3997.8000,1,1,1,2,6,2,2,4,1,1
SF,IF1912,2019-11-06 09:30:58.600,3996.0000,43377,0,255350580.000,0,-,-,-,-,3996.8000,3996.6000,3996.2000,3995.4000,3995.2000,3997.0000,3997.4000,3997.6000,3997.8000,3998.0000,1,1,1,2,6,2,4,1,1,12
SF,IF1912,2019-11-06 09:30:59.100,3996.6000,43377,0,257748600.000,2,1,1,多换,S,3996.2000,3995.4000,3995.2000,3995.0000,3994.8000,3997.0000,3997.4000,3997.6000,3997.8000,3998.0000,1,2,6,3,3,2,4,1,1,12
SF,IF1912,2019-11-06 09:30:59.600,3997.0000,43376,-1,258947700.000,1,0,1,双平,S,3996.4000,3996.2000,3995.4000,3995.2000,3995.0000,3997.0000,3997.4000,3997.6000,3997.8000,3998.0000,18,7,2,5,3,1,4,1,1,12
SF,IF1912,2019-11-06 09:31:00.100,3996.6000,43368,-8,272137320.000,11,1,10,多平,S,3997.0000,3996.6000,3996.4000,3996.2000,3995.6000,3997.4000,3997.6000,3997.8000,3998.0000,3998.2000,1,5,19,3,1,3,1,1,12,1
SF,IF1912,2019-11-06 09:31:00.600,3997.8000,43363,-5,278133600.000,5,0,5,双平,S,3997.2000,3997.0000,3996.8000,3996.6000,3996.4000,3998.0000,3998.2000,3998.4000,3998.8000,3999.0000,2,1,1,5,19,12,1,1,1,3
SF,IF1912,2019-11-06 09:31:01.100,3997.4000,43362,-1,279332820.000,1,0,1,双平,S,3997.4000,3997.2000,3997.0000,3996.8000,3996.6000,3998.0000,3998.2000,3998.4000,3998.8000,3999.0000,5,3,1,1,5,12,1,1,1,3
SF,IF1912,2019-11-06 09:31:01.600,3997.8000,43361,-1,280532160.000,1,0,1,双平,S,3997.6000,3997.4000,3997.2000,3997.0000,3996.8000,3998.0000,3998.4000,3998.8000,3999.0000,3999.2000,9,6,1,1,2,12,1,1,3,2
SF,IF1912,2019-11-06 09:31:02.100,3997.8000,43347,-14,298523100.000,15,0,15,多平,S,3998.0000,3997.8000,3997.6000,3997.4000,3997.2000,3998.4000,3998.8000,3999.0000,3999.2000,3999.6000,5,11,13,1,2,1,1,2,2,2
SF,IF1912,2019-11-06 09:31:02.600,3998.4000,43342,-5,305719740.000,6,0,6,多平,S,3998.2000,3997.8000,3997.4000,3997.2000,3997.0000,3998.8000,3999.0000,3999.2000,3999.6000,3999.8000,3,2,1,2,1,1,2,3,3,1
SF,IF1912,2019-11-06 09:31:03.100,3997.8000,43342,0,306919080.000,1,0,1,多换,S,3997.4000,3997.2000,3997.0000,3996.8000,3996.4000,3998.6000,3998.8000,3999.0000,3999.2000,3999.6000,1,2,4,1,1,1,1,2,3,2
SF,IF1912,2019-11-06 09:31:03.600,3997.8000,43342,0,306919080.000,0,-,-,-,-,3997.8000,3997.6000,3997.4000,3997.2000,3997.0000,3998.4000,3998.8000,3999.0000,3999.2000,3999.6000,3,23,1,2,4,1,1,2,3,2
SF,IF1912,2019-11-06 09:31:04.100,3997.8000,43342,0,306919080.000,0,-,-,-,-,3998.4000,3998.0000,3997.4000,3997.2000,3997.0000,3998.8000,3999.0000,3999.2000,3999.6000,3999.8000,1,2,1,1,4,1,2,3,2,1
SF,IF1912,2019-11-06 09:31:04.600,3997.8000,43341,-1,308118420.000,1,0,1,双平,S,3997.4000,3997.2000,3997.0000,3996.8000,3996.4000,3998.6000,3998.8000,3999.0000,3999.2000,3999.6000,1,2,4,1,1,1,1,2,3,2
SF,IF1912,2019-11-06 09:31:05.100,3998.6000,43341,0,309318000.000,1,0,1,多换,S,3998.2000,3998.0000,3997.8000,3997.6000,3997.4000,3998.8000,3999.0000,3999.2000,3999.6000,3999.8000,6,11,4,6,1,1,2,2,2,1
SF,IF1912,2019-11-06 09:31:05.600,3998.6000,43341,0,309318000.000,0,-,-,-,-,3998.4000,3998.2000,3998.0000,3997.8000,3997.6000,3998.8000,3999.0000,3999.2000,3999.6000,3999.8000,7,6,7,1,6,1,2,2,2,1
SF,IF1912,2019-11-06 09:31:06.100,3998.8000,43341,0,310517640.000,1,0,1,多换,S,3998.4000,3998.2000,3998.0000,3997.8000,3997.6000,3999.0000,3999.2000,3999.6000,3999.8000,4000.0000,2,6,7,1,6,2,2,2,1,2
SF,IF1912,2019-11-06 09:31:06.600,3998.8000,43341,0,310517640.000,0,-,-,-,-,3998.8000,3998.4000,3998.2000,3998.0000,3997.8000,3999.0000,3999.2000,3999.6000,3999.8000,4000.0000,1,2,6,7,1,2,2,2,1,2
SF,IF1912,2019-11-06 09:31:07.100,3998.8000,43341,0,311717280.000,1,0,1,多换,S,3998.8000,3998.6000,3998.2000,3998.0000,3997.8000,3999.0000,3999.2000,3999.6000,3999.8000,4000.0000,1,1,3,7,1,2,2,2,1,2
SF,IF1912,2019-11-06 09:31:07.600,3999.0000,43341,0,314116620.000,2,1,1,多换,S,3998.6000,3998.2000,3998.0000,3997.8000,3997.6000,3999.0000,3999.2000,3999.6000,3999.8000,4000.0000,1,3,7,1,6,1,2,2,1,2
SF,IF1912,2019-11-06 09:31:08.100,3998.8000,43340,-1,316515960.000,2,0,2,多平,S,3998.8000,3998.6000,3998.2000,3998.0000,3997.8000,3999.2000,3999.6000,3999.8000,4000.0000,4000.2000,2,1,3,7,1,2,2,1,2,1
SF,IF1912,2019-11-06 09:31:08.600,3999.2000,43338,-2,318915480.000,2,0,2,双平,S,3998.8000,3998.6000,3998.2000,3998.0000,3997.8000,3999.0000,3999.6000,3999.8000,4000.0000,4000.2000,1,1,3,7,1,1,2,1,2,1
SF,IF1912,2019-11-06 09:31:09.100,3999.0000,43338,0,320115180.000,1,0,1,多换,S,3999.2000,3999.0000,3998.8000,3998.6000,3998.2000,3999.6000,3999.8000,4000.0000,4000.2000,4000.6000,4,6,3,1,4,2,1,2,1,4
SF,IF1912,2019-11-06 09:31:09.600,3998.8000,43337,-1,321314820.000,1,0,1,双平,S,3998.6000,3998.2000,3998.0000,3997.8000,3997.6000,3999.6000,3999.8000,4000.0000,4000.2000,4000.6000,1,4,2,1,6,2,1,2,1,4
SF,IF1912,2019-11-06 09:31:10.100,3998.8000,43337,0,321314820.000,0,-,-,-,-,3998.8000,3998.6000,3998.2000,3998.0000,3997.8000,3999.4000,3999.6000,3999.8000,4000.0000,4000.2000,4,2,4,2,1,1,2,1,2,1
SF,IF1912,2019-11-06 09:31:10.600,3999.6000,43334,-3,327314220.000,5,1,4,多平,S,3999.4000,3999.0000,3998.8000,3998.6000,3998.2000,4000.0000,4000.2000,4000.6000,4001.0000,4001.6000,1,3,1,2,4,2,1,4,1,1
SF,IF1912,2019-11-06 09:31:11.100,3999.6000,43334,0,327314220.000,0,-,-,-,-,3999.0000,3998.6000,3998.2000,3998.0000,3997.8000,3999.8000,4000.0000,4000.2000,4000.6000,4001.0000,3,2,1,2,1,1,2,1,4,1
SF,IF1912,2019-11-06 09:31:11.600,3999.8000,43333,-1,328514160.000,1,0,1,双平,S,3999.4000,3999.2000,3999.0000,3998.6000,3998.2000,4000.0000,4000.2000,4000.6000,4001.0000,4001.6000,1,5,3,2,1,2,1,4,1,1
SF,IF1912,2019-11-06 09:31:12.100,4000.0000,43332,-1,330914160.000,2,0,2,多平,S,4000.0000,3999.4000,3999.0000,3998.6000,3998.2000,4000.2000,4000.6000,4001.0000,4001.6000,4002.0000,3,1,3,2,1,1,4,1,1,4
SF,IF1912,2019-11-06 09:31:12.600,4000.6000,43330,-2,333314400.000,2,0,2,双平,S,4000.4000,4000.2000,4000.0000,3999.4000,3999.0000,4000.6000,4001.0000,4001.6000,4002.0000,4002.2000,1,1,4,1,3,3,1,1,4,5
SF,IF1912,2019-11-06 09:31:13.100,4000.6000,43326,-4,338115060.000,4,0,4,双平,S,4000.2000,4000.0000,3999.4000,3998.6000,3998.2000,4000.6000,4001.0000,4001.6000,4002.0000,4002.2000,1,4,1,2,1,1,1,1,4,5
SF,IF1912,2019-11-06 09:31:13.600,4000.6000,43326,0,338115060.000,0,-,-,-,-,4000.6000,4000.2000,4000.0000,3999.4000,3999.2000,4000.8000,4001.0000,4001.6000,4002.0000,4002.2000,1,4,4,1,1,1,1,2,4,5
SF,IF1912,2019-11-06 09:31:14.100,4000.2000,43324,-2,340515360.000,2,0,2,双平,S,4000.2000,4000.0000,3999.4000,3999.2000,3998.6000,4001.0000,4001.6000,4002.0000,4002.2000,4002.6000,3,4,1,1,1,1,2,4,5,1
SF,IF1912,2019-11-06 09:31:14.600,4000.2000,43324,0,340515360.000,0,-,-,-,-,4000.2000,4000.0000,3999.4000,3999.2000,3998.6000,4001.0000,4001.6000,4002.0000,4002.2000,4002.4000,3,4,1,1,1,1,1,4,5,1
SF,IF1912,2019-11-06 09:31:15.100,4000.2000,43324,0,340515360.000,0,-,-,-,-,4000.4000,4000.2000,4000.0000,3999.4000,3999.2000,4001.0000,4001.6000,4002.0000,4002.2000,4002.4000,4,4,4,1,1,1,1,4,6,1
SF,IF1912,2019-11-06 09:31:15.600,4000.6000,43323,-1,341715540.000,1,0,1,双平,S,4000.2000,4000.0000,3999.2000,3998.6000,3998.2000,4000.4000,4001.0000,4001.6000,4002.0000,4002.2000,3,4,1,1,1,1,1,1,4,6
SF,IF1912,2019-11-06 09:31:16.100,4000.0000,43312,-11,354916440.000,11,0,11,双平,S,4000.0000,3999.6000,3999.2000,3998.6000,3998.2000,4001.0000,4001.4000,4001.6000,4002.0000,4002.2000,2,1,1,1,1,1,1,1,4,6
SF,IF1912,2019-11-06 09:31:16.600,4000.8000,43312,0,356116680.000,1,0,1,多换,S,4000.6000,4000.2000,4000.0000,3999.2000,3998.6000,4000.8000,4001.0000,4001.4000,4001.6000,4002.0000,3,5,2,1,1,2,1,1,1,4
SF,IF1912,2019-11-06 09:31:17.100,4000.6000,43312,0,359717220.000,3,1,2,多换,S,4000.0000,3999.2000,3999.0000,3998.6000,3998.2000,4001.0000,4001.4000,4001.6000,4002.0000,4002.2000,2,1,1,1,1,1,1,1,4,6
SF,IF1912,2019-11-06 09:31:17.600,4000.6000,43312,0,359717220.000,0,-,-,-,-,4000.2000,4000.0000,3999.2000,3999.0000,3998.6000,4001.0000,4001.4000,4001.6000,4002.0000,4002.2000,5,5,1,1,1,1,1,1,4,6
SF,IF1912,2019-11-06 09:31:18.100,4001.0000,43310,-2,363317640.000,3,0,3,多平,S,4000.4000,4000.2000,4000.0000,3999.6000,3999.2000,4001.4000,4001.6000,4002.0000,4002.2000,4002.4000,5,3,2,1,1,2,1,4,6,1
SF,IF1912,2019-11-06 09:31:18.600,4001.0000,43310,0,363317640.000,0,-,-,-,-,4000.0000,3999.2000,3999.0000,3998.6000,3998.2000,4001.2000,4001.4000,4001.6000,4002.0000,4002.2000,2,1,1,1,1,1,2,1,4,6
SF,IF1912,2019-11-06 09:31:19.100,4001.0000,43310,0,363317640.000,0,-,-,-,-,4001.2000,4001.0000,4000.4000,4000.2000,4000.0000,4001.6000,4002.0000,4002.2000,4002.4000,4002.6000,1,5,5,16,4,1,4,6,1,1
SF,IF1912,2019-11-06 09:31:19.600,4001.0000,43310,0,363317640.000,0,-,-,-,-,4001.2000,4001.0000,4000.4000,4000.2000,4000.0000,4001.4000,4001.6000,4001.8000,4002.0000,4002.2000,1,5,5,12,3,1,1,1,4,6
SF,IF1912,2019-11-06 09:31:20.100,4001.0000,43310,0,363317640.000,0,-,-,-,-,4001.2000,4001.0000,4000.4000,4000.2000,4000.0000,4001.6000,4002.0000,4002.2000,4002.4000,4002.6000,1,5,5,12,3,1,4,6,1,1
SF,IF1912,2019-11-06 09:31:20.600,4001.2000,43309,-1,368118960.000,4,1,3,多平,S,4001.0000,4000.8000,4000.4000,4000.2000,4000.0000,4001.4000,4001.6000,4001.8000,4002.0000,4002.2000,3,1,5,7,3,1,1,1,4,6
SF,IF1912,2019-11-06 09:31:21.100,4001.2000,43309,0,368118960.000,0,-,-,-,-,4001.0000,4000.8000,4000.4000,4000.2000,4000.0000,4001.2000,4001.4000,4001.6000,4001.8000,4002.0000,3,1,5,7,3,1,1,1,1,4
SF,IF1912,2019-11-06 09:31:21.600,4001.2000,43309,0,368118960.000,0,-,-,-,-,4001.0000,4000.8000,4000.4000,4000.2000,4000.0000,4001.2000,4001.6000,4001.8000,4002.0000,4002.2000,3,1,5,2,3,1,1,1,4,6
SF,IF1912,2019-11-06 09:31:22.100,4000.8000,43307,-2,372920100.000,4,1,3,多平,S,4000.4000,4000.2000,4000.0000,3999.2000,3999.0000,4001.2000,4001.6000,4001.8000,4002.0000,4002.2000,6,2,3,1,1,1,1,1,4,6
SF,IF1912,2019-11-06 09:31:22.600,4000.4000,43306,-1,374120220.000,1,0,1,双平,S,4000.0000,3999.2000,3999.0000,3998.6000,3998.2000,4000.4000,4001.2000,4001.6000,4001.8000,4002.0000,2,1,1,1,1,1,1,1,1,4
SF,IF1912,2019-11-06 09:31:23.100,4000.0000,43306,0,376520220.000,2,1,1,多换,S,3999.2000,3999.0000,3998.2000,3998.0000,3997.8000,4000.4000,4001.2000,4001.4000,4001.6000,4001.8000,1,1,1,2,2,1,1,1,1,1
SF,IF1912,2019-11-06 09:31:23.600,3999.4000,43304,-2,378919860.000,2,0,2,双平,S,3999.6000,3999.4000,3999.2000,3999.0000,3998.2000,4000.2000,4000.4000,4001.2000,4001.4000,4001.6000,3,5,5,2,1,1,1,1,1,1
SF,IF1912,2019-11-06 09:31:24.100,3999.6000,43301,-3,382519500.000,3,0,3,双平,S,3999.2000,3999.0000,3998.2000,3998.0000,3997.8000,4000.4000,4001.2000,4001.4000,4001.6000,4001.8000,5,2,1,2,2,1,1,2,1,1
SF,IF1912,2019-11-06 09:31:24.600,3999.6000,43301,0,382519500.000,0,-,-,-,-,3999.0000,3998.2000,3998.0000,3997.8000,3997.6000,4000.2000,4001.2000,4001.4000,4001.6000,4001.8000,2,1,2,2,1,2,1,2,1,1
SF,IF1912,2019-11-06 09:31:25.100,3999.6000,43301,0,382519500.000,0,-,-,-,-,3999.0000,3998.2000,3998.0000,3997.8000,3997.6000,4000.0000,4000.2000,4001.2000,4001.4000,4001.6000,2,1,2,2,1,4,4,1,2,1
SF,IF1912,2019-11-06 09:31:25.600,3999.0000,43300,-1,384918900.000,2,0,2,多平,S,3998.8000,3998.2000,3998.0000,3997.8000,3997.6000,3999.6000,3999.8000,4000.0000,4000.2000,4001.2000,1,1,2,2,1,1,3,4,2,1
SF,IF1912,2019-11-06 09:31:26.100,3999.0000,43300,0,384918900.000,0,-,-,-,-,3998.8000,3998.2000,3998.0000,3997.8000,3997.6000,3999.4000,4000.0000,4000.2000,4001.2000,4001.4000,1,1,2,2,1,1,4,2,1,2
SF,IF1912,2019-11-06 09:31:26.600,3999.0000,43300,0,384918900.000,0,-,-,-,-,3998.8000,3998.0000,3997.8000,3997.2000,3997.0000,3999.2000,4000.0000,4000.2000,4001.2000,4001.4000,1,2,2,1,1,1,3,2,1,2
SF,IF1912,2019-11-06 09:31:27.100,3999.0000,43300,0,384918900.000,0,-,-,-,-,3998.8000,3998.0000,3997.8000,3997.2000,3997.0000,3999.0000,3999.2000,4000.0000,4000.2000,4001.2000,1,2,2,1,1,1,1,3,2,1
SF,IF1912,2019-11-06 09:31:27.600,3999.0000,43300,0,384918900.000,0,-,-,-,-,3998.8000,3998.0000,3997.8000,3997.2000,3997.0000,3999.2000,4000.0000,4000.2000,4001.2000,4001.4000,2,2,2,1,1,1,3,2,1,2
SF,IF1912,2019-11-06 09:31:28.100,3999.2000,43301,1,386118660.000,1,1,0,双开,S,3999.6000,3999.2000,3999.0000,3998.8000,3998.0000,4000.0000,4000.2000,4000.6000,4001.2000,4001.4000,1,2,2,2,2,3,2,1,1,2
SF,IF1912,2019-11-06 09:31:28.600,3999.6000,43301,0,387318540.000,1,0,1,多换,S,3999.2000,3999.0000,3998.8000,3998.0000,3997.8000,3999.4000,3999.6000,3999.8000,4000.0000,4000.2000,2,1,2,2,2,1,4,3,3,2
SF,IF1912,2019-11-06 09:31:29.100,3999.2000,43299,-2,392117580.000,4,1,3,多平,S,3999.0000,3998.8000,3998.0000,3997.8000,3997.2000,3999.2000,3999.6000,4000.0000,4000.2000,4000.6000,1,2,2,2,1,1,2,3,2,1
SF,IF1912,2019-11-06 09:31:29.600,3999.0000,43298,-1,393317280.000,1,0,1,双平,S,3999.0000,3998.8000,3998.0000,3997.8000,3997.2000,4000.0000,4000.2000,4000.6000,4001.2000,4001.4000,1,2,2,2,1,3,2,1,1,2
SF,IF1912,2019-11-06 09:31:30.100,3998.8000,43296,-2,395716620.000,2,0,2,双平,S,3998.8000,3998.0000,3997.8000,3997.2000,3997.0000,3999.8000,4000.0000,4000.2000,4000.6000,4001.2000,1,3,2,1,1,1,3,2,1,1
SF,IF1912,2019-11-06 09:31:30.600,3999.8000,43296,0,396916560.000,1,0,1,多换,S,3999.4000,3999.0000,3998.8000,3998.0000,3997.8000,4000.0000,4000.2000,4000.6000,4001.2000,4001.4000,1,1,1,7,2,3,2,1,1,2
SF,IF1912,2019-11-06 09:31:31.100,3999.8000,43296,0,396916560.000,0,-,-,-,-,3999.4000,3998.8000,3998.0000,3997.8000,3997.2000,3999.8000,4000.0000,4000.2000,4000.6000,4001.2000,1,1,7,2,1,1,3,2,1,1
SF,IF1912,2019-11-06 09:31:31.600,3999.8000,43296,0,396916560.000,0,-,-,-,-,3999.4000,3998.8000,3998.0000,3997.8000,3997.2000,4000.0000,4000.2000,4000.6000,4001.2000,4001.4000,1,1,7,2,1,2,2,1,1,2
SF,IF1912,2019-11-06 09:31:32.600,3999.8000,43296,0,396916560.000,0,-,-,-,-,3999.8000,3999.4000,3999.2000,3998.8000,3998.0000,4000.0000,4000.2000,4000.6000,4001.2000,4001.4000,1,1,1,1,7,12,2,1,1,2
SF,IF1912,2019-11-06 09:31:33.100,3999.4000,43294,-2,400516260.000,3,0,3,多平,S,3999.2000,3998.8000,3998.0000,3997.8000,3997.2000,3999.8000,4000.0000,4000.2000,4000.6000,4001.2000,1,1,7,2,1,7,14,2,1,1
SF,IF1912,2019-11-06 09:31:33.600,3999.8000,43292,-2,404116080.000,3,0,3,多平,S,3999.4000,3999.2000,3998.8000,3998.0000,3997.8000,3999.8000,4000.0000,4000.2000,4000.6000,4001.2000,2,1,1,7,2,3,12,2,1,1
SF,IF1912,2019-11-06 09:31:34.100,4000.0000,43287,-5,412515840.000,7,1,6,多平,S,3999.8000,3999.4000,3999.2000,3998.8000,3998.0000,4000.0000,4000.2000,4000.6000,4001.2000,4001.4000,1,2,1,1,7,9,1,1,1,2
SF,IF1912,2019-11-06 09:31:34.600,4000.0000,43280,-7,423315840.000,9,1,8,多平,S,4000.2000,4000.0000,3999.8000,3999.4000,3999.2000,4000.6000,4001.2000,4001.4000,4001.6000,4001.8000,3,1,3,1,1,1,1,1,1,4
SF,IF1912,2019-11-06 09:31:35.100,4000.0000,43280,0,423315840.000,0,-,-,-,-,4000.4000,4000.2000,3999.8000,3999.4000,3999.2000,4000.6000,4001.2000,4001.4000,4001.6000,4001.8000,1,3,2,1,1,1,1,1,1,4
SF,IF1912,2019-11-06 09:31:35.600,4000.2000,43277,-3,426916020.000,3,0,3,双平,S,4000.2000,3999.8000,3999.4000,3999.2000,3999.0000,4000.4000,4000.6000,4001.2000,4001.4000,4001.6000,1,2,1,2,1,3,3,1,1,1
SF,IF1912,2019-11-06 09:31:36.100,4000.2000,43276,-1,428116080.000,1,0,1,双平,S,3999.8000,3999.4000,3999.2000,3999.0000,3998.8000,4000.4000,4000.6000,4000.8000,4001.2000,4001.4000,5,1,2,1,1,1,1,1,1,1
SF,IF1912,2019-11-06 09:31:36.600,4000.6000,43277,1,429316260.000,1,1,0,双开,S,4000.0000,3999.8000,3999.4000,3999.2000,3999.0000,4000.8000,4001.2000,4001.4000,4001.6000,4001.8000,6,7,1,2,1,1,1,1,1,4
SF,IF1912,2019-11-06 09:31:37.100,4000.6000,43277,0,429316260.000,0,-,-,-,-,3999.8000,3999.4000,3999.2000,3999.0000,3998.8000,4000.4000,4000.6000,4000.8000,4001.2000,4001.4000,5,1,2,1,1,1,1,1,1,1
SF,IF1912,2019-11-06 09:31:37.600,3999.8000,43277,0,430516200.000,1,0,1,多换,S,3999.8000,3999.4000,3999.2000,3999.0000,3998.8000,4000.8000,4001.2000,4001.4000,4001.6000,4001.8000,4,1,2,1,1,1,1,1,1,4
SF,IF1912,2019-11-06 09:31:38.100,3999.8000,43277,0,430516200.000,0,-,-,-,-,3999.8000,3999.4000,3999.2000,3999.0000,3998.8000,4000.6000,4000.8000,4001.2000,4001.4000,4001.6000,13,1,2,1,1,1,1,1,1,1
SF,IF1912,2019-11-06 09:31:39.100,3999.8000,43277,0,430516200.000,0,-,-,-,-,3999.8000,3999.4000,3999.2000,3999.0000,3998.8000,4000.6000,4000.8000,4001.2000,4001.4000,4001.6000,13,1,2,1,1,1,1,1,2,1
SF,IF1912,2019-11-06 09:31:39.600,3999.8000,43277,0,430516200.000,0,-,-,-,-,3999.8000,3999.4000,3999.2000,3999.0000,3998.8000,4000.4000,4000.6000,4000.8000,4001.2000,4001.4000,13,1,2,1,1,1,1,2,1,2
SF,IF1912,2019-11-06 09:31:40.100,4000.4000,43276,-1,431716320.000,1,0,1,双平,S,3999.8000,3999.4000,3999.2000,3999.0000,3998.8000,4000.8000,4001.2000,4001.4000,4001.6000,4001.8000,13,1,2,1,1,2,1,2,1,4
SF,IF1912,2019-11-06 09:31:40.600,4000.4000,43276,0,431716320.000,0,-,-,-,-,4000.0000,3999.8000,3999.4000,3999.2000,3999.0000,4000.6000,4000.8000,4001.2000,4001.4000,4001.6000,1,13,1,2,1,1,2,1,2,1
SF,IF1912,2019-11-06 09:31:41.100,4000.4000,43276,0,431716320.000,0,-,-,-,-,3999.8000,3999.4000,3999.2000,3999.0000,3998.8000,4000.6000,4000.8000,4001.2000,4001.4000,4001.6000,13,1,2,1,1,1,2,1,2,1
SF,IF1912,2019-11-06 09:31:41.600,3999.8000,43277,1,432916260.000,1,1,0,双开,S,4000.4000,3999.8000,3999.4000,3999.2000,3999.0000,4000.6000,4000.8000,4001.2000,4001.4000,4001.6000,1,12,1,2,1,1,2,1,2,1
SF,IF1912,2019-11-06 09:31:42.100,4000.8000,43275,-2,435316680.000,2,0,2,双平,S,4000.4000,3999.8000,3999.2000,3999.0000,3998.8000,4000.8000,4001.2000,4001.4000,4001.6000,4001.8000,1,12,2,1,1,1,1,1,1,4
SF,IF1912,2019-11-06 09:31:42.600,4000.4000,43275,0,436516800.000,1,0,1,多换,S,3999.8000,3999.2000,3999.0000,3998.8000,3998.0000,4000.4000,4000.6000,4000.8000,4001.2000,4001.4000,12,2,1,1,9,1,1,1,1,1
SF,IF1912,2019-11-06 09:31:43.100,4000.4000,43274,-1,437716920.000,1,0,1,双平,S,3999.8000,3999.2000,3999.0000,3998.8000,3998.0000,4000.8000,4001.2000,4001.4000,4001.6000,4001.8000,12,2,6,1,9,1,1,1,2,4
SF,IF1912,2019-11-06 09:31:43.600,4000.4000,43274,0,437716920.000,0,-,-,-,-,3999.8000,3999.2000,3999.0000,3998.8000,3998.0000,4000.8000,4001.2000,4001.4000,4001.6000,4001.8000,12,2,6,1,9,2,1,1,2,4
SF,IF1912,2019-11-06 09:31:44.100,3999.8000,43275,1,440116860.000,2,1,1,空开,S,3999.8000,3999.2000,3999.0000,3998.8000,3998.0000,4000.6000,4000.8000,4001.2000,4001.4000,4001.6000,11,2,6,1,9,1,1,1,1,2
SF,IF1912,2019-11-06 09:31:44.600,4000.6000,43276,1,441317040.000,1,1,0,双开,S,3999.8000,3999.2000,3999.0000,3998.8000,3998.0000,4000.6000,4000.8000,4001.2000,4001.4000,4001.6000,11,2,6,1,9,1,1,1,1,2
SF,IF1912,2019-11-06 09:31:45.100,4000.0000,43274,-2,443717040.000,2,0,2,双平,S,4000.0000,3999.8000,3999.2000,3999.0000,3998.8000,4000.6000,4000.8000,4001.2000,4001.4000,4001.6000,3,11,2,6,1,1,1,1,1,2
SF,IF1912,2019-11-06 09:31:45.600,4000.6000,43274,0,444917220.000,1,0,1,多换,S,4000.6000,4000.2000,3999.8000,3999.2000,3999.0000,4000.8000,4001.2000,4001.4000,4001.6000,4001.8000,6,4,11,2,6,1,1,1,1,4
SF,IF1912,2019-11-06 09:31:46.100,4000.8000,43273,-1,446117460.000,1,0,1,双平,S,4000.6000,4000.2000,3999.8000,3999.2000,3999.0000,4001.2000,4001.4000,4001.6000,4001.8000,4002.0000,1,3,11,2,6,1,1,1,4,4
SF,IF1912,2019-11-06 09:31:46.600,4000.6000,43273,0,447317640.000,1,0,1,多换,S,4000.2000,3999.8000,3999.2000,3999.0000,3998.8000,4000.8000,4001.0000,4001.2000,4001.4000,4001.6000,1,11,2,6,1,1,3,2,2,1
SF,IF1912,2019-11-06 09:31:47.100,4000.6000,43271,-2,449718000.000,2,0,2,双平,S,4000.8000,4000.6000,4000.4000,4000.0000,3999.8000,4001.2000,4001.4000,4001.6000,4001.8000,4002.0000,3,1,5,1,9,1,1,1,4,4
SF,IF1912,2019-11-06 09:31:47.600,4000.8000,43268,-3,453318720.000,3,0,3,双平,S,4000.6000,3999.8000,3999.2000,3999.0000,3998.8000,4000.8000,4001.0000,4001.2000,4001.4000,4001.6000,1,9,2,7,1,4,2,1,1,1
SF,IF1912,2019-11-06 09:31:48.100,4000.6000,43268,0,459319620.000,5,2,3,多换,S,3999.8000,3999.2000,3999.0000,3998.8000,3998.0000,4000.6000,4001.0000,4001.2000,4001.4000,4001.6000,9,2,7,1,10,3,1,1,1,1
SF,IF1912,2019-11-06 09:31:48.600,4000.6000,43268,0,459319620.000,0,-,-,-,-,3999.8000,3999.2000,3999.0000,3998.8000,3998.0000,4000.6000,4001.0000,4001.2000,4001.4000,4001.6000,9,2,7,1,10,3,1,1,1,1
SF,IF1912,2019-11-06 09:31:49.100,4000.6000,43268,0,459319620.000,0,-,-,-,-,3999.8000,3999.2000,3999.0000,3998.8000,3998.0000,4000.6000,4001.0000,4001.2000,4001.4000,4001.6000,9,2,7,1,10,3,1,1,1,1
SF,IF1912,2019-11-06 09:31:49.600,3999.8000,43267,-1,460519560.000,1,0,1,双平,S,3999.8000,3999.2000,3999.0000,3998.8000,3998.0000,4000.4000,4000.6000,4001.0000,4001.2000,4001.4000,8,2,7,1,10,1,3,1,1,1
SF,IF1912,2019-11-06 09:31:50.100,3999.8000,43261,-6,470119080.000,8,1,7,多平,S,3999.2000,3999.0000,3998.8000,3998.0000,3997.8000,3999.8000,4000.4000,4001.0000,4001.2000,4001.4000,2,7,1,10,2,1,1,1,1,1
SF,IF1912,2019-11-06 09:31:50.600,3999.8000,43261,0,470119080.000,0,-,-,-,-,3999.2000,3999.0000,3998.8000,3998.0000,3997.8000,4000.4000,4001.0000,4001.2000,4001.4000,4001.6000,2,7,1,10,2,1,1,1,1,2
SF,IF1912,2019-11-06 09:31:51.100,3999.8000,43261,0,470119080.000,0,-,-,-,-,3999.2000,3999.0000,3998.8000,3998.0000,3997.8000,4000.2000,4000.4000,4001.0000,4001.2000,4001.4000,2,7,1,10,2,1,1,1,1,1
SF,IF1912,2019-11-06 09:31:51.600,3999.8000,43261,0,470119080.000,0,-,-,-,-,3999.8000,3999.2000,3999.0000,3998.8000,3998.0000,4000.4000,4001.0000,4001.2000,4001.4000,4001.6000,1,3,7,1,10,1,1,1,1,2
SF,IF1912,2019-11-06 09:31:52.100,3999.8000,43261,0,471319020.000,1,0,1,多换,S,3999.2000,3999.0000,3998.8000,3998.0000,3997.8000,4000.4000,4001.0000,4001.2000,4001.4000,4001.6000,3,7,1,10,2,1,1,1,1,2
SF,IF1912,2019-11-06 09:31:52.600,3999.8000,43261,0,471319020.000,0,-,-,-,-,4000.0000,3999.6000,3999.4000,3999.2000,3999.0000,4000.4000,4001.0000,4001.2000,4001.4000,4001.6000,1,3,4,3,7,1,1,1,1,2
SF,IF1912,2019-11-06 09:31:53.100,4000.0000,43261,0,472519020.000,1,0,1,多换,S,3999.2000,3999.0000,3998.8000,3998.0000,3997.8000,4000.0000,4000.4000,4001.0000,4001.2000,4001.4000,3,7,1,10,2,4,1,1,1,1
SF,IF1912,2019-11-06 09:31:54.600,3999.2000,43259,-2,474918540.000,2,0,2,双平,S,3999.2000,3999.0000,3998.8000,3998.0000,3997.8000,4000.0000,4000.4000,4001.0000,4001.2000,4001.4000,1,7,1,10,2,4,1,1,1,1
SF,IF1912,2019-11-06 09:31:55.100,3999.2000,43259,0,474918540.000,0,-,-,-,-,3999.2000,3999.0000,3998.8000,3998.0000,3997.8000,4000.0000,4000.4000,4001.0000,4001.2000,4001.4000,1,7,1,10,2,9,1,1,1,1
SF,IF1912,2019-11-06 09:31:55.600,4000.0000,43259,0,477318540.000,2,1,1,多换,S,3999.2000,3999.0000,3998.8000,3998.0000,3997.8000,4000.0000,4000.4000,4001.0000,4001.2000,4001.4000,1,7,1,10,2,7,1,1,1,1
SF,IF1912,2019-11-06 09:31:56.100,4000.0000,43254,-5,484518540.000,6,0,6,多平,S,3999.4000,3999.2000,3999.0000,3998.8000,3998.0000,4000.0000,4000.4000,4001.0000,4001.2000,4001.4000,2,5,7,1,10,1,1,1,1,1
SF,IF1912,2019-11-06 09:31:56.600,4000.0000,43254,0,484518540.000,0,-,-,-,-,3999.2000,3999.0000,3998.8000,3998.0000,3997.8000,3999.4000,4000.0000,4000.4000,4001.0000,4001.2000,3,7,1,10,2,2,1,1,1,1
SF,IF1912,2019-11-06 09:31:57.100,3999.4000,43253,-1,486918180.000,2,0,2,多平,S,3999.4000,3999.2000,3999.0000,3998.8000,3998.0000,4000.0000,4000.4000,4001.0000,4001.2000,4001.4000,1,3,7,1,10,1,1,1,1,1
SF,IF1912,2019-11-06 09:31:57.600,3999.4000,43253,0,486918180.000,0,-,-,-,-,3999.4000,3999.2000,3999.0000,3998.8000,3998.0000,4000.0000,4000.4000,4000.8000,4001.0000,4001.2000,2,3,7,1,10,1,1,1,1,1
SF,IF1912,2019-11-06 09:31:58.100,3999.4000,43253,0,486918180.000,0,-,-,-,-,3999.4000,3999.2000,3999.0000,3998.8000,3998.0000,4000.0000,4000.4000,4000.8000,4001.0000,4001.2000,2,3,7,1,10,1,1,1,1,1
SF,IF1912,2019-11-06 09:31:58.600,3999.4000,43253,0,486918180.000,0,-,-,-,-,3999.4000,3999.2000,3999.0000,3998.8000,3998.0000,4000.0000,4000.8000,4001.0000,4001.2000,4001.4000,2,3,7,1,10,1,1,1,1,1
SF,IF1912,2019-11-06 09:31:59.100,3999.4000,43253,0,486918180.000,0,-,-,-,-,3999.4000,3999.2000,3999.0000,3998.8000,3998.0000,4000.0000,4000.8000,4001.0000,4001.2000,4001.4000,2,3,7,1,10,1,1,1,1,1
SF,IF1912,2019-11-06 09:31:59.600,3999.4000,43253,0,486918180.000,0,-,-,-,-,3999.4000,3999.2000,3999.0000,3998.8000,3998.0000,4000.0000,4000.8000,4001.0000,4001.2000,4001.4000,2,3,8,1,10,1,1,1,1,1
SF,IF1912,2019-11-06 09:32:00.100,3999.4000,43251,-2,490517820.000,3,0,3,多平,S,3999.2000,3999.0000,3998.8000,3998.0000,3997.8000,3999.4000,3999.8000,4000.8000,4001.0000,4001.2000,3,8,1,10,2,1,1,1,1,1
SF,IF1912,2019-11-06 09:32:00.600,3999.6000,43248,-3,494117460.000,3,0,3,双平,S,3999.6000,3999.4000,3999.2000,3999.0000,3998.8000,4000.8000,4001.0000,4001.2000,4001.4000,4001.6000,6,22,4,8,1,1,1,1,1,2
SF,IF1912,2019-11-06 09:32:01.100,3999.6000,43248,0,494117460.000,0,-,-,-,-,4000.0000,3999.8000,3999.6000,3999.4000,3999.2000,4000.6000,4000.8000,4001.0000,4001.2000,4001.4000,2,7,6,14,3,2,1,1,1,1
SF,IF1912,2019-11-06 09:32:01.600,3999.8000,43247,-1,498917340.000,4,1,3,多平,S,4000.2000,4000.0000,3999.6000,3999.4000,3999.2000,4000.6000,4000.8000,4001.0000,4001.2000,4001.4000,1,1,5,15,2,2,1,1,1,1
SF,IF1912,2019-11-06 09:32:02.100,4000.0000,43246,-1,501317400.000,2,0,2,多平,S,3999.4000,3999.2000,3999.0000,3998.8000,3998.0000,4000.2000,4000.6000,4000.8000,4001.0000,4001.2000,10,2,8,1,10,3,2,1,1,1
SF,IF1912,2019-11-06 09:32:02.600,3999.4000,43244,-2,503717040.000,2,0,2,双平,S,3999.4000,3999.2000,3999.0000,3998.8000,3998.0000,4000.2000,4000.8000,4001.0000,4001.2000,4001.4000,2,2,8,1,8,1,1,1,1,1
SF,IF1912,2019-11-06 09:32:03.100,3999.4000,43243,-1,506116680.000,2,0,2,多平,S,3999.0000,3998.8000,3998.0000,3997.8000,3997.2000,4000.2000,4000.8000,4001.0000,4001.2000,4001.4000,7,1,8,2,1,1,1,1,1,1
SF,IF1912,2019-11-06 09:32:03.600,3999.4000,43243,0,506116680.000,0,-,-,-,-,3999.0000,3998.8000,3998.0000,3997.8000,3997.2000,4000.2000,4000.8000,4001.0000,4001.2000,4001.4000,7,1,8,2,1,1,1,2,1,1
SF,IF1912,2019-11-06 09:32:04.100,3999.4000,43243,0,506116680.000,0,-,-,-,-,3999.2000,3999.0000,3998.8000,3998.0000,3997.8000,4000.2000,4000.8000,4001.0000,4001.2000,4001.4000,5,9,3,8,2,1,1,2,1,1
SF,IF1912,2019-11-06 09:32:04.600,3999.2000,43243,0,507316440.000,1,0,1,多换,S,3999.2000,3999.0000,3998.8000,3998.6000,3998.0000,4000.2000,4000.8000,4001.0000,4001.2000,4001.4000,4,9,3,1,8,1,1,2,1,1
SF,IF1912,2019-11-06 09:32:05.100,3999.2000,43243,0,507316440.000,0,-,-,-,-,3999.2000,3999.0000,3998.8000,3998.6000,3998.0000,4000.8000,4001.0000,4001.2000,4001.4000,4001.6000,1,7,1,1,8,1,2,1,1,2
SF,IF1912,2019-11-06 09:32:05.600,4000.6000,43243,0,508516620.000,1,0,1,多换,S,3999.0000,3998.8000,3998.6000,3998.0000,3997.8000,4000.6000,4000.8000,4001.0000,4001.2000,4001.4000,7,1,1,8,2,6,2,2,1,1
SF,IF1912,2019-11-06 09:32:06.100,4000.6000,43243,0,508516620.000,0,-,-,-,-,4000.2000,3999.8000,3999.4000,3999.2000,3999.0000,4000.6000,4000.8000,4001.0000,4001.2000,4001.4000,1,1,3,12,7,1,2,1,1,1
SF,IF1912,2019-11-06 09:32:06.600,4000.4000,43241,-2,510916800.000,2,0,2,双平,S,3999.8000,3999.4000,3999.0000,3998.8000,3998.6000,4000.2000,4000.4000,4000.6000,4000.8000,4001.0000,1,1,7,1,1,3,1,1,2,1
SF,IF1912,2019-11-06 09:32:07.100,4000.4000,43241,0,510916800.000,0,-,-,-,-,3999.8000,3999.4000,3999.0000,3998.8000,3998.6000,4000.2000,4000.6000,4000.8000,4001.0000,4001.2000,1,2,7,1,1,3,1,2,1,1
SF,IF1912,2019-11-06 09:32:07.600,4000.4000,43241,0,510916800.000,0,-,-,-,-,3999.8000,3999.4000,3999.0000,3998.8000,3998.6000,4000.2000,4000.8000,4001.0000,4001.2000,4001.4000,1,1,8,1,1,2,2,1,1,1
SF,IF1912,2019-11-06 09:32:08.600,4000.2000,43239,-2,513316920.000,2,0,2,双平,S,3999.8000,3999.4000,3999.0000,3998.8000,3998.6000,4000.8000,4001.0000,4001.2000,4001.4000,4001.6000,1,1,8,2,1,2,1,1,1,2
SF,IF1912,2019-11-06 09:32:10.100,3999.8000,43238,-1,514516860.000,1,0,1,双平,S,3999.4000,3999.0000,3998.8000,3998.6000,3998.0000,3999.8000,4000.8000,4001.0000,4001.2000,4001.4000,1,8,2,1,8,3,3,1,1,1
SF,IF1912,2019-11-06 09:32:10.600,3999.8000,43237,-1,518116680.000,3,1,2,多平,S,3999.8000,3999.6000,3999.4000,3999.0000,3998.8000,4000.8000,4001.0000,4001.2000,4001.4000,4001.6000,1,5,1,8,2,3,1,1,1,2
SF,IF1912,2019-11-06 09:32:11.100,3999.8000,43237,0,518116680.000,0,-,-,-,-,3999.8000,3999.4000,3999.0000,3998.8000,3998.6000,4000.8000,4001.0000,4001.2000,4001.4000,4001.6000,1,1,8,2,1,3,1,1,1,2
SF,IF1912,2019-11-06 09:32:11.600,3999.8000,43237,0,518116680.000,0,-,-,-,-,3999.8000,3999.4000,3999.0000,3998.8000,3998.6000,4000.8000,4001.0000,4001.2000,4001.4000,4001.6000,1,1,8,2,1,3,1,1,1,2
SF,IF1912,2019-11-06 09:32:12.100,3999.8000,43237,0,518116680.000,0,-,-,-,-,3999.8000,3999.4000,3999.0000,3998.8000,3998.6000,4000.8000,4001.0000,4001.2000,4001.4000,4001.6000,2,1,8,2,1,3,1,1,1,2
SF,IF1912,2019-11-06 09:32:12.600,4000.8000,43237,0,520517160.000,2,1,1,多换,S,3999.8000,3999.4000,3999.0000,3998.8000,3998.6000,4001.0000,4001.2000,4001.4000,4001.6000,4001.8000,2,1,8,2,1,1,1,1,2,4
SF,IF1912,2019-11-06 09:32:13.100,4001.0000,43237,0,521717460.000,1,0,1,多换,S,4001.0000,4000.0000,3999.8000,3999.0000,3998.8000,4001.2000,4001.4000,4001.6000,4001.8000,4002.0000,1,8,3,8,2,1,1,2,4,4
SF,IF1912,2019-11-06 09:32:13.600,4001.4000,43236,-1,524118240.000,2,0,2,多平,S,4001.2000,4001.0000,4000.0000,3999.8000,3999.6000,4001.6000,4001.8000,4002.0000,4002.2000,4002.4000,2,1,7,1,1,2,4,4,6,1
SF,IF1912,2019-11-06 09:32:14.100,4001.4000,43236,0,524118240.000,0,-,-,-,-,4001.2000,4000.0000,3999.8000,3999.6000,3999.0000,4001.6000,4001.8000,4002.0000,4002.2000,4002.4000,2,2,1,1,8,1,4,4,6,1
SF,IF1912,2019-11-06 09:32:14.600,4001.6000,43236,0,525318720.000,1,0,1,多换,S,4001.2000,4000.6000,4000.0000,3999.6000,3999.0000,4001.8000,4002.0000,4002.2000,4002.4000,4002.6000,1,1,1,1,8,4,4,6,1,1
SF,IF1912,2019-11-06 09:32:15.100,4001.6000,43236,0,525318720.000,0,-,-,-,-,4001.2000,4000.6000,4000.4000,4000.0000,3999.6000,4001.8000,4002.0000,4002.2000,4002.4000,4002.6000,1,1,1,1,1,3,4,6,1,1
SF,IF1912,2019-11-06 09:32:15.600,4001.2000,43235,-1,526519080.000,1,0,1,双平,S,4000.6000,4000.4000,4000.0000,3999.6000,3999.0000,4001.8000,4002.0000,4002.2000,4002.4000,4002.6000,1,1,1,1,8,4,4,6,1,1
SF,IF1912,2019-11-06 09:32:16.100,4001.2000,43235,0,526519080.000,0,-,-,-,-,4001.0000,4000.8000,4000.6000,4000.4000,4000.0000,4001.2000,4001.8000,4002.0000,4002.2000,4002.4000,7,3,1,1,1,1,4,4,6,1
SF,IF1912,2019-11-06 09:32:16.600,4001.2000,43236,1,527719440.000,1,1,0,双开,S,4001.0000,4000.6000,4000.4000,3999.6000,3999.0000,4001.8000,4002.0000,4002.2000,4002.4000,4002.6000,2,1,1,1,8,4,4,6,1,1
SF,IF1912,2019-11-06 09:32:17.100,4001.2000,43236,0,527719440.000,0,-,-,-,-,4001.0000,4000.6000,3999.6000,3999.0000,3998.8000,4001.4000,4001.6000,4001.8000,4002.0000,4002.2000,2,1,1,8,2,1,2,5,4,6
SF,IF1912,2019-11-06 09:32:17.600,4001.2000,43237,1,528919800.000,1,1,0,双开,S,4001.0000,4000.6000,3999.6000,3999.2000,3999.0000,4001.6000,4001.8000,4002.0000,4002.2000,4002.4000,2,1,1,1,8,2,5,4,1,1
SF,IF1912,2019-11-06 09:32:18.100,4001.2000,43237,0,528919800.000,0,-,-,-,-,4001.0000,4000.6000,3999.6000,3999.2000,3999.0000,4001.6000,4001.8000,4002.0000,4002.2000,4002.4000,2,1,1,1,8,2,14,4,1,1
SF,IF1912,2019-11-06 09:32:18.600,4001.2000,43237,0,528919800.000,0,-,-,-,-,4001.0000,4000.6000,3999.6000,3999.2000,3999.0000,4001.6000,4001.8000,4002.0000,4002.2000,4002.4000,2,1,1,1,8,2,12,4,1,1
SF,IF1912,2019-11-06 09:32:19.100,4001.6000,43237,0,531320760.000,2,1,1,多换,S,4001.6000,4001.2000,4001.0000,4000.6000,4000.4000,4001.8000,4002.0000,4002.2000,4002.4000,4002.6000,2,5,2,1,1,13,4,1,1,1
SF,IF1912,2019-11-06 09:32:19.600,4001.2000,43234,-3,537322800.000,5,1,4,多平,S,4000.6000,4000.4000,3999.6000,3999.2000,3999.0000,4001.6000,4001.8000,4002.0000,4002.2000,4002.4000,1,1,1,1,8,1,14,4,1,1
SF,IF1912,2019-11-06 09:32:20.100,4001.2000,43234,0,537322800.000,0,-,-,-,-,4001.2000,4000.6000,4000.4000,3999.6000,3999.2000,4001.6000,4001.8000,4002.0000,4002.2000,4002.4000,2,1,1,1,1,1,13,4,1,1
SF,IF1912,2019-11-06 09:32:20.600,4001.2000,43232,-2,540924000.000,3,0,3,多平,S,4000.6000,3999.6000,3999.2000,3999.0000,3998.8000,4001.8000,4002.0000,4002.2000,4002.4000,4002.6000,1,1,1,8,2,13,4,1,1,1
SF,IF1912,2019-11-06 09:32:21.100,4001.6000,43233,1,543324960.000,2,1,1,空开,S,4000.6000,4000.0000,3999.6000,3999.2000,3999.0000,4001.8000,4002.0000,4002.2000,4002.4000,4002.6000,1,1,1,1,8,13,4,1,1,1
SF,IF1912,2019-11-06 09:32:21.600,4001.6000,43233,0,543324960.000,0,-,-,-,-,4000.6000,4000.4000,4000.0000,3999.6000,3999.2000,4001.6000,4001.8000,4002.0000,4002.2000,4002.4000,1,1,2,1,1,3,13,4,1,1
SF,IF1912,2019-11-06 09:32:22.100,4000.6000,43232,-1,544525140.000,1,0,1,双平,S,4000.6000,4000.4000,4000.0000,3999.6000,3999.2000,4001.6000,4001.8000,4002.0000,4002.2000,4002.4000,1,1,2,1,1,4,13,4,1,1
SF,IF1912,2019-11-06 09:32:22.600,4000.6000,43232,0,544525140.000,0,-,-,-,-,4000.6000,4000.4000,4000.0000,3999.6000,3999.2000,4001.2000,4001.4000,4001.6000,4001.8000,4002.0000,1,1,4,1,1,1,2,5,13,4
SF,IF1912,2019-11-06 09:32:23.100,4001.4000,43230,-2,548126160.000,3,0,3,多平,S,4000.4000,4000.0000,3999.6000,3999.2000,3999.0000,4001.6000,4001.8000,4002.0000,4002.2000,4002.4000,1,4,1,1,8,6,13,4,1,1
SF,IF1912,2019-11-06 09:32:23.600,4000.6000,43231,1,549326340.000,1,1,0,双开,S,4000.4000,4000.0000,3999.6000,3999.2000,3999.0000,4001.2000,4001.6000,4001.8000,4002.0000,4002.2000,1,4,1,1,8,1,3,13,4,1
SF,IF1912,2019-11-06 09:32:24.100,4001.2000,43230,-1,550526700.000,1,0,1,双平,S,4000.4000,4000.0000,3999.6000,3999.0000,3998.8000,4001.6000,4001.8000,4002.0000,4002.2000,4002.4000,1,4,1,8,2,3,13,4,1,1
SF,IF1912,2019-11-06 09:32:24.600,4001.2000,43230,0,550526700.000,0,-,-,-,-,4000.4000,4000.0000,3999.6000,3999.0000,3998.8000,4001.4000,4001.6000,4001.8000,4002.0000,4002.2000,1,4,1,9,2,2,3,13,4,1
SF,IF1912,2019-11-06 09:32:25.100,4001.4000,43230,0,551727120.000,1,0,1,多换,S,4000.4000,4000.0000,3999.6000,3999.0000,3998.8000,4001.4000,4001.6000,4001.8000,4002.0000,4002.2000,1,5,1,9,2,2,3,13,4,1
SF,IF1912,2019-11-06 09:32:26.100,4001.4000,43230,0,551727120.000,0,-,-,-,-,4000.4000,4000.0000,3999.0000,3998.8000,3998.6000,4001.2000,4001.4000,4001.6000,4001.8000,4002.0000,1,5,9,2,1,3,4,3,13,4
SF,IF1912,2019-11-06 09:32:26.600,4001.0000,43229,-1,554127540.000,2,0,2,多平,S,4000.0000,3999.8000,3999.6000,3999.0000,3998.8000,4001.4000,4001.6000,4001.8000,4002.0000,4002.2000,5,1,1,9,2,2,3,13,4,1
SF,IF1912,2019-11-06 09:32:27.100,4000.2000,43230,1,555327600.000,1,1,0,双开,S,4000.4000,4000.0000,3999.8000,3999.6000,3999.0000,4001.2000,4001.4000,4001.6000,4001.8000,4002.0000,5,5,1,1,9,3,2,4,13,4
SF,IF1912,2019-11-06 09:32:27.600,4000.4000,43230,0,557727840.000,2,1,1,多换,S,4000.0000,3999.8000,3999.0000,3998.8000,3998.6000,4000.6000,4000.8000,4001.2000,4001.4000,4001.6000,5,1,9,2,1,1,2,3,2,4
SF,IF1912,2019-11-06 09:32:28.100,4000.4000,43230,0,557727840.000,0,-,-,-,-,4000.0000,3999.8000,3999.0000,3998.8000,3998.6000,4000.4000,4001.2000,4001.4000,4001.6000,4001.8000,5,1,9,2,1,1,2,2,4,13
SF,IF1912,2019-11-06 09:32:28.600,4000.0000,43229,-1,560127840.000,2,0,2,多平,S,4000.0000,3999.8000,3999.0000,3998.8000,3998.6000,4000.2000,4000.8000,4001.2000,4001.4000,4001.6000,3,1,9,2,1,1,1,2,2,4
SF,IF1912,2019-11-06 09:32:29.100,4000.2000,43228,-1,566127900.000,5,2,3,多平,S,3999.8000,3999.0000,3998.8000,3998.6000,3998.0000,4000.2000,4000.8000,4001.2000,4001.4000,4001.6000,1,9,2,1,7,1,1,2,2,4
SF,IF1912,2019-11-06 09:32:29.600,4000.2000,43228,0,566127900.000,0,-,-,-,-,3999.8000,3999.0000,3998.8000,3998.6000,3998.0000,4000.0000,4000.8000,4001.0000,4001.2000,4001.4000,1,9,2,1,7,2,1,1,2,1
SF,IF1912,2019-11-06 09:32:30.100,4000.2000,43226,-2,568528020.000,2,0,2,双平,S,3999.8000,3999.0000,3998.8000,3998.6000,3998.0000,4000.8000,4001.0000,4001.2000,4001.4000,4001.6000,1,9,2,1,7,1,1,2,1,4
SF,IF1912,2019-11-06 09:32:30.600,3999.8000,43228,2,570927900.000,2,2,0,双开,S,3999.0000,3998.8000,3998.6000,3998.0000,3997.8000,3999.8000,4000.0000,4000.2000,4000.4000,4000.6000,9,2,1,7,2,1,1,2,1,16
SF,IF1912,2019-11-06 09:32:31.100,3999.8000,43228,0,570927900.000,0,-,-,-,-,3999.0000,3998.8000,3998.6000,3998.0000,3997.8000,4000.4000,4000.6000,4000.8000,4001.0000,4001.2000,9,2,1,7,1,1,15,3,2,2
SF,IF1912,2019-11-06 09:32:31.600,3999.8000,43228,0,570927900.000,0,-,-,-,-,3999.0000,3998.8000,3998.6000,3998.0000,3997.8000,3999.2000,4000.2000,4000.4000,4000.6000,4000.8000,9,2,1,7,1,9,7,1,11,3
SF,IF1912,2019-11-06 09:32:32.100,3999.0000,43230,2,585325260.000,12,7,5,空开,S,3999.0000,3998.8000,3998.6000,3998.0000,3997.8000,4000.2000,4000.4000,4000.6000,4000.8000,4001.0000,8,2,1,7,1,5,2,6,3,1
SF,IF1912,2019-11-06 09:32:32.600,3999.0000,43228,-2,590124060.000,4,1,3,多平,S,3999.0000,3998.8000,3998.6000,3998.0000,3997.8000,4000.0000,4000.2000,4000.4000,4000.6000,4000.8000,6,2,1,7,1,2,5,2,5,3
SF,IF1912,2019-11-06 09:32:33.100,3999.0000,43228,0,592523460.000,2,1,1,多换,S,3999.0000,3998.8000,3998.6000,3998.0000,3997.8000,3999.8000,4000.0000,4000.2000,4000.4000,4000.6000,4,2,1,7,1,1,2,5,2,5
SF,IF1912,2019-11-06 09:32:33.600,3999.0000,43230,2,597322260.000,4,3,1,空开,S,3998.8000,3998.6000,3998.0000,3997.8000,3997.0000,3999.8000,4000.0000,4000.2000,4000.4000,4000.6000,2,1,7,1,1,1,1,5,1,5
SF,IF1912,2019-11-06 09:32:34.100,3999.0000,43230,0,597322260.000,0,-,-,-,-,3998.8000,3998.6000,3998.0000,3997.8000,3997.0000,3999.6000,3999.8000,4000.0000,4000.2000,4000.4000,1,1,7,1,1,2,1,1,5,1
SF,IF1912,2019-11-06 09:32:34.600,3999.6000,43231,1,600921840.000,3,2,1,空开,S,3998.8000,3998.6000,3998.0000,3997.8000,3997.0000,4000.0000,4000.2000,4000.4000,4000.6000,4000.8000,1,1,7,1,1,1,3,1,4,3
SF,IF1912,2019-11-06 09:32:35.100,3998.8000,43231,0,602121480.000,1,0,1,多换,S,3998.6000,3998.0000,3997.8000,3997.0000,3996.2000,3999.2000,3999.4000,3999.8000,4000.0000,4000.6000,1,7,1,1,1,1,3,7,1,4
SF,IF1912,2019-11-06 09:32:35.600,3998.8000,43231,0,602121480.000,0,-,-,-,-,3998.6000,3998.0000,3997.8000,3997.0000,3996.2000,3999.4000,3999.8000,4000.0000,4000.6000,4000.8000,1,7,1,1,1,1,5,1,4,3
SF,IF1912,2019-11-06 09:32:36.100,3998.8000,43231,0,602121480.000,0,-,-,-,-,3998.8000,3998.6000,3998.0000,3997.8000,3997.0000,3999.4000,3999.8000,4000.0000,4000.6000,4000.8000,1,1,7,1,1,1,5,1,4,3
SF,IF1912,2019-11-06 09:32:36.600,3998.8000,43231,0,602121480.000,0,-,-,-,-,3998.6000,3998.0000,3997.8000,3997.0000,3996.2000,3998.8000,3999.2000,3999.4000,3999.8000,4000.0000,1,7,1,1,1,1,1,1,5,1
SF,IF1912,2019-11-06 09:32:37.100,3998.8000,43231,0,602121480.000,0,-,-,-,-,3998.6000,3998.0000,3997.8000,3997.0000,3996.2000,3998.8000,3999.4000,3999.8000,4000.0000,4000.6000,1,7,1,1,1,1,1,5,1,4
SF,IF1912,2019-11-06 09:32:37.600,3998.6000,43230,-1,604520640.000,2,0,2,多平,S,3998.0000,3997.8000,3997.0000,3996.2000,3996.0000,3998.8000,3999.4000,3999.8000,4000.0000,4000.6000,7,1,1,1,2,1,1,5,1,4
SF,IF1912,2019-11-06 09:32:38.100,3998.6000,43230,0,604520640.000,0,-,-,-,-,3998.2000,3998.0000,3997.8000,3997.0000,3996.2000,3998.8000,3999.4000,3999.8000,4000.0000,4000.6000,1,7,1,1,1,1,1,5,1,4
SF,IF1912,2019-11-06 09:32:39.100,3998.6000,43230,0,604520640.000,0,-,-,-,-,3998.2000,3998.0000,3997.8000,3997.0000,3996.8000,3998.4000,3998.8000,3999.4000,3999.8000,4000.0000,1,6,1,1,1,1,1,1,5,1
SF,IF1912,2019-11-06 09:32:39.600,3998.4000,43229,-1,605720160.000,1,0,1,双平,S,3998.0000,3997.8000,3997.0000,3996.8000,3996.2000,3998.8000,3999.4000,3999.8000,4000.0000,4000.6000,6,1,1,1,1,1,1,5,1,4
SF,IF1912,2019-11-06 09:32:40.100,3998.4000,43229,0,605720160.000,0,-,-,-,-,3998.2000,3998.0000,3997.8000,3997.0000,3996.8000,3998.8000,3999.4000,3999.8000,4000.0000,4000.6000,1,6,1,1,1,1,1,5,1,4
SF,IF1912,2019-11-06 09:32:41.100,3998.8000,43228,-1,606919800.000,1,0,1,双平,S,3998.8000,3998.4000,3998.2000,3998.0000,3997.8000,3999.8000,4000.0000,4000.6000,4000.8000,4001.0000,4,10,1,7,1,2,1,4,3,1
SF,IF1912,2019-11-06 09:32:41.600,3999.8000,43228,0,609319680.000,2,1,1,多换,S,3999.0000,3998.8000,3998.4000,3998.0000,3997.8000,4000.6000,4000.8000,4001.0000,4001.4000,4001.6000,1,3,9,7,1,4,3,1,1,2
SF,IF1912,2019-11-06 09:32:42.100,3999.8000,43228,0,609319680.000,0,-,-,-,-,3999.2000,3999.0000,3998.8000,3998.4000,3998.0000,4000.2000,4000.4000,4000.6000,4000.8000,4001.0000,1,1,3,9,7,1,4,4,3,1
SF,IF1912,2019-11-06 09:32:42.600,3999.8000,43228,0,609319680.000,0,-,-,-,-,3998.8000,3998.4000,3998.0000,3997.8000,3997.0000,4000.2000,4000.4000,4000.6000,4000.8000,4001.0000,3,9,7,1,1,1,1,3,2,1
SF,IF1912,2019-11-06 09:32:43.100,3999.8000,43228,0,609319680.000,0,-,-,-,-,3999.0000,3998.8000,3998.4000,3998.0000,3997.8000,4000.2000,4000.6000,4000.8000,4001.0000,4001.4000,3,3,5,7,1,1,2,2,1,1
SF,IF1912,2019-11-06 09:32:43.600,3999.8000,43228,0,609319680.000,0,-,-,-,-,3999.2000,3999.0000,3998.8000,3998.4000,3998.0000,4000.2000,4000.6000,4000.8000,4001.0000,4001.4000,3,2,3,5,7,1,2,2,1,1
SF,IF1912,2019-11-06 09:32:44.100,3999.2000,43228,0,612918960.000,3,1,2,多换,S,3999.0000,3998.8000,3998.4000,3998.0000,3997.8000,4000.2000,4000.6000,4000.8000,4001.0000,4001.4000,1,3,5,7,1,1,2,2,1,1
SF,IF1912,2019-11-06 09:32:44.600,3999.2000,43228,0,612918960.000,0,-,-,-,-,3999.2000,3998.8000,3998.4000,3998.0000,3997.8000,4000.2000,4000.6000,4000.8000,4001.0000,4001.4000,1,3,5,7,1,1,2,2,1,1
SF,IF1912,2019-11-06 09:32:45.600,3999.2000,43227,-1,614118720.000,1,0,1,双平,S,3998.8000,3998.4000,3998.0000,3997.8000,3997.0000,4000.2000,4000.6000,4000.8000,4001.0000,4001.4000,3,6,7,1,1,2,2,2,1,1
SF,IF1912,2019-11-06 09:32:46.100,3999.2000,43227,0,614118720.000,0,-,-,-,-,3999.0000,3998.8000,3998.4000,3998.0000,3997.8000,4000.0000,4000.2000,4000.6000,4000.8000,4001.0000,10,3,5,7,1,1,2,2,2,1
SF,IF1912,2019-11-06 09:32:46.600,3999.2000,43227,0,614118720.000,0,-,-,-,-,3999.0000,3998.8000,3998.4000,3998.0000,3997.8000,3999.8000,4000.0000,4000.2000,4000.6000,4000.8000,1,3,5,7,1,1,1,1,2,2
SF,IF1912,2019-11-06 09:32:47.100,3999.2000,43227,0,614118720.000,0,-,-,-,-,3999.2000,3998.8000,3998.4000,3998.0000,3997.8000,3999.8000,4000.0000,4000.2000,4000.6000,4000.8000,1,3,5,7,1,1,1,1,2,2
SF,IF1912,2019-11-06 09:32:47.600,3999.2000,43227,0,614118720.000,0,-,-,-,-,3998.8000,3998.4000,3998.0000,3997.8000,3997.0000,3999.8000,4000.0000,4000.2000,4000.6000,4000.8000,3,5,7,1,1,1,1,1,2,2
SF,IF1912,2019-11-06 09:32:48.100,3999.2000,43227,0,614118720.000,0,-,-,-,-,3999.0000,3998.8000,3998.4000,3998.0000,3997.8000,3999.8000,4000.0000,4000.2000,4000.6000,4000.8000,2,3,6,7,1,1,1,1,2,2
SF,IF1912,2019-11-06 09:32:48.600,3999.2000,43227,0,614118720.000,0,-,-,-,-,3999.0000,3998.8000,3998.4000,3998.0000,3997.0000,3999.8000,4000.0000,4000.2000,4000.6000,4000.8000,2,3,6,7,1,1,1,1,2,2
SF,IF1912,2019-11-06 09:32:49.100,3999.2000,43227,0,614118720.000,0,-,-,-,-,3999.2000,3999.0000,3998.8000,3998.4000,3998.0000,3999.8000,4000.0000,4000.2000,4000.6000,4000.8000,4,2,1,6,7,1,2,1,2,2
SF,IF1912,2019-11-06 09:32:49.600,3999.2000,43227,0,614118720.000,0,-,-,-,-,3999.0000,3998.8000,3998.4000,3998.0000,3997.0000,3999.8000,4000.0000,4000.2000,4000.6000,4000.8000,1,1,6,7,1,1,2,1,2,2
SF,IF1912,2019-11-06 09:32:50.100,3999.2000,43227,0,614118720.000,0,-,-,-,-,3999.2000,3999.0000,3998.8000,3998.4000,3998.0000,3999.8000,4000.0000,4000.2000,4000.6000,4000.8000,1,1,1,6,7,1,3,1,2,2
SF,IF1912,2019-11-06 09:32:50.600,3999.2000,43227,0,614118720.000,0,-,-,-,-,3999.0000,3998.8000,3998.4000,3998.0000,3997.0000,3999.8000,4000.0000,4000.2000,4000.6000,4000.8000,1,1,6,7,1,1,3,1,2,2
SF,IF1912,2019-11-06 09:32:51.100,3999.2000,43227,0,614118720.000,0,-,-,-,-,3999.0000,3998.8000,3998.4000,3998.0000,3997.0000,3999.8000,4000.0000,4000.2000,4000.4000,4000.6000,1,1,6,7,1,1,3,1,1,2
SF,IF1912,2019-11-06 09:32:51.600,3999.2000,43227,0,614118720.000,0,-,-,-,-,3999.2000,3999.0000,3998.8000,3998.4000,3998.0000,3999.8000,4000.0000,4000.2000,4000.4000,4000.6000,1,1,1,6,7,1,3,1,1,2
SF,IF1912,2019-11-06 09:32:52.100,3999.2000,43227,0,614118720.000,0,-,-,-,-,3999.0000,3998.8000,3998.4000,3998.0000,3997.0000,3999.2000,3999.8000,4000.0000,4000.2000,4000.4000,1,1,6,7,1,1,1,3,1,1
SF,IF1912,2019-11-06 09:32:52.600,3998.8000,43227,0,615318360.000,1,0,1,多换,S,3998.4000,3998.0000,3997.0000,3996.8000,3996.2000,3999.0000,4000.0000,4000.2000,4000.4000,4000.6000,6,7,1,1,1,1,3,1,1,2
SF,IF1912,2019-11-06 09:32:53.100,3998.8000,43227,0,615318360.000,0,-,-,-,-,3998.6000,3998.4000,3998.0000,3997.0000,3996.8000,4000.0000,4000.2000,4000.4000,4000.6000,4000.8000,5,6,7,1,1,3,1,1,2,2
SF,IF1912,2019-11-06 09:32:53.600,3998.8000,43227,0,615318360.000,0,-,-,-,-,3998.4000,3998.0000,3997.0000,3996.8000,3996.2000,3999.8000,4000.0000,4000.2000,4000.4000,4000.6000,6,7,1,1,1,5,4,1,1,2
SF,IF1912,2019-11-06 09:32:54.100,3998.8000,43227,0,615318360.000,0,-,-,-,-,3998.6000,3998.4000,3998.0000,3997.0000,3996.8000,3999.8000,4000.0000,4000.2000,4000.4000,4000.6000,1,1,7,1,1,5,5,1,1,2
SF,IF1912,2019-11-06 09:32:54.600,3998.4000,43227,0,617717460.000,2,1,1,多换,S,3998.0000,3997.0000,3996.8000,3996.2000,3996.0000,3998.6000,3999.6000,3999.8000,4000.0000,4000.2000,7,1,1,1,2,1,5,3,5,1
SF,IF1912,2019-11-06 09:32:55.100,3998.2000,43227,0,620116380.000,2,1,1,多换,S,3998.4000,3998.0000,3997.0000,3996.8000,3996.2000,3999.6000,4000.0000,4000.2000,4000.4000,4000.6000,3,7,1,1,1,1,5,1,1,2
SF,IF1912,2019-11-06 09:32:55.600,3998.4000,43227,0,623714940.000,3,1,2,多换,S,3998.0000,3997.0000,3996.8000,3996.2000,3996.0000,3999.4000,3999.6000,4000.0000,4000.2000,4000.4000,6,1,1,1,2,7,1,5,1,1
SF,IF1912,2019-11-06 09:32:56.100,3998.4000,43227,0,623714940.000,0,-,-,-,-,3998.0000,3997.0000,3996.8000,3996.2000,3996.0000,3998.8000,3999.2000,3999.4000,3999.6000,4000.0000,6,1,1,1,2,1,6,7,1,5
SF,IF1912,2019-11-06 09:32:56.600,3998.0000,43227,0,630911340.000,6,3,3,多换,S,3997.0000,3996.8000,3996.2000,3996.0000,3995.8000,3998.6000,3999.2000,3999.6000,4000.0000,4000.4000,1,1,1,2,3,2,7,1,5,1
SF,IF1912,2019-11-06 09:32:57.100,3998.0000,43227,0,630911340.000,0,-,-,-,-,3997.2000,3997.0000,3996.8000,3996.2000,3996.0000,3998.4000,3999.2000,3999.6000,4000.0000,4000.4000,2,1,1,1,2,1,7,1,6,1
SF,IF1912,2019-11-06 09:32:57.600,3998.0000,43227,0,630911340.000,0,-,-,-,-,3997.2000,3997.0000,3996.8000,3996.2000,3996.0000,3998.2000,3998.4000,3999.2000,3999.6000,4000.0000,2,1,1,1,2,4,1,7,1,6
SF,IF1912,2019-11-06 09:32:58.100,3998.0000,43227,0,630911340.000,0,-,-,-,-,3997.2000,3997.0000,3996.8000,3996.2000,3996.0000,3998.2000,3999.2000,3999.6000,4000.0000,4000.4000,1,1,1,1,2,4,7,1,6,1
SF,IF1912,2019-11-06 09:32:58.600,3998.0000,43227,0,630911340.000,0,-,-,-,-,3997.2000,3997.0000,3996.8000,3996.2000,3996.0000,3998.2000,3999.2000,4000.0000,4000.4000,4000.6000,1,1,1,1,2,4,7,7,1,2
SF,IF1912,2019-11-06 09:33:00.100,3998.0000,43227,0,630911340.000,0,-,-,-,-,3997.2000,3997.0000,3996.8000,3996.2000,3996.0000,3998.2000,3999.2000,3999.4000,4000.0000,4000.4000,1,1,1,1,2,4,7,1,7,1
SF,IF1912,2019-11-06 09:33:00.600,3998.0000,43227,0,632110740.000,1,0,1,多换,S,3997.4000,3997.2000,3997.0000,3996.8000,3996.2000,3999.2000,3999.4000,4000.0000,4000.4000,4000.6000,3,5,1,1,1,7,1,7,1,2
SF,IF1912,2019-11-06 09:33:01.100,3998.0000,43227,0,632110740.000,0,-,-,-,-,3997.6000,3997.4000,3997.2000,3997.0000,3996.8000,3999.0000,3999.2000,3999.4000,4000.0000,4000.4000,2,4,4,1,1,3,7,1,7,1
SF,IF1912,2019-11-06 09:33:01.600,3998.0000,43227,0,632110740.000,0,-,-,-,-,3997.6000,3997.4000,3997.2000,3997.0000,3996.8000,3998.8000,3999.0000,3999.2000,3999.4000,4000.0000,2,4,4,1,1,1,1,7,1,7
SF,IF1912,2019-11-06 09:33:02.100,3997.4000,43227,0,634509240.000,2,1,1,多换,S,3997.0000,3996.0000,3995.8000,3995.6000,3995.2000,3998.2000,3998.6000,3998.8000,3999.0000,3999.2000,1,2,4,1,1,2,9,1,1,1
SF,IF1912,2019-11-06 09:33:02.600,3997.4000,43227,0,634509240.000,0,-,-,-,-,3997.2000,3997.0000,3996.0000,3995.8000,3995.6000,3998.0000,3998.2000,3998.6000,3999.2000,3999.4000,1,1,2,4,1,1,1,5,1,1
SF,IF1912,2019-11-06 09:33:03.100,3997.4000,43227,0,634509240.000,0,-,-,-,-,3997.0000,3996.0000,3995.8000,3995.6000,3995.2000,3998.0000,3998.2000,3998.6000,3999.2000,3999.4000,1,2,4,1,1,1,1,5,1,1
SF,IF1912,2019-11-06 09:33:03.600,3997.2000,43226,-1,635708400.000,1,0,1,双平,S,3997.0000,3996.4000,3996.0000,3995.8000,3995.6000,3998.0000,3998.2000,3998.4000,3998.6000,3999.2000,1,1,2,4,1,1,2,1,5,1
SF,IF1912,2019-11-06 09:33:04.100,3997.2000,43226,0,635708400.000,0,-,-,-,-,3997.0000,3996.0000,3995.8000,3995.6000,3995.2000,3997.8000,3998.0000,3998.2000,3998.6000,3999.2000,1,2,4,1,1,1,1,1,5,1
SF,IF1912,2019-11-06 09:33:04.600,3997.0000,43227,1,636907500.000,1,1,0,双开,S,3996.0000,3995.8000,3995.6000,3995.2000,3995.0000,3997.4000,3997.8000,3998.0000,3998.2000,3998.6000,2,4,1,1,2,1,1,1,1,5
SF,IF1912,2019-11-06 09:33:05.100,3997.0000,43227,0,636907500.000,0,-,-,-,-,3997.0000,3996.6000,3996.4000,3996.2000,3996.0000,3997.2000,3997.4000,3998.2000,3998.6000,3999.2000,1,1,2,7,2,2,1,1,5,1
SF,IF1912,2019-11-06 09:33:05.600,3997.0000,43226,-1,638106600.000,1,0,1,双平,S,3996.0000,3995.8000,3995.6000,3995.2000,3995.0000,3996.6000,3996.8000,3997.0000,3997.2000,3997.4000,2,4,1,1,3,1,1,2,2,1
SF,IF1912,2019-11-06 09:33:06.100,3997.0000,43226,0,638106600.000,0,-,-,-,-,3996.2000,3996.0000,3995.8000,3995.6000,3995.2000,3996.4000,3997.0000,3997.4000,3998.0000,3998.2000,1,2,4,1,1,1,1,1,1,1
SF,IF1912,2019-11-06 09:33:06.600,3996.4000,43225,-1,639305520.000,1,0,1,双平,S,3996.0000,3995.8000,3995.6000,3995.2000,3995.0000,3997.0000,3997.4000,3998.0000,3998.2000,3998.6000,2,4,1,1,3,1,1,1,1,5
SF,IF1912,2019-11-06 09:33:07.100,3996.4000,43225,0,639305520.000,0,-,-,-,-,3996.0000,3995.8000,3995.6000,3995.2000,3995.0000,3996.8000,3997.0000,3997.4000,3998.0000,3998.2000,2,4,1,1,3,2,1,1,1,1
SF,IF1912,2019-11-06 09:33:07.600,3996.4000,43225,0,639305520.000,0,-,-,-,-,3996.0000,3995.8000,3995.6000,3995.2000,3995.0000,3996.8000,3997.0000,3997.4000,3998.0000,3998.2000,2,3,1,1,4,2,1,1,1,1
SF,IF1912,2019-11-06 09:33:08.100,3996.4000,43225,0,639305520.000,0,-,-,-,-,3996.0000,3995.8000,3995.6000,3995.2000,3995.0000,3996.6000,3997.0000,3997.4000,3998.0000,3998.2000,2,3,1,1,4,1,1,1,1,1
SF,IF1912,2019-11-06 09:33:09.600,3996.4000,43225,0,639305520.000,0,-,-,-,-,3996.2000,3996.0000,3995.8000,3995.6000,3995.2000,3996.6000,3997.0000,3997.4000,3998.0000,3998.2000,5,2,3,1,1,1,1,1,1,1
SF,IF1912,2019-11-06 09:33:10.100,3996.4000,43225,0,639305520.000,0,-,-,-,-,3996.0000,3995.8000,3995.6000,3995.2000,3995.0000,3996.6000,3997.0000,3997.4000,3998.0000,3998.2000,2,3,1,1,4,1,1,1,1,1
SF,IF1912,2019-11-06 09:33:10.600,3996.4000,43225,0,639305520.000,0,-,-,-,-,3996.0000,3995.8000,3995.6000,3995.2000,3995.0000,3996.6000,3997.0000,3997.4000,3998.0000,3998.2000,2,3,1,1,4,1,1,1,1,1
SF,IF1912,2019-11-06 09:33:11.100,3996.6000,43225,0,640504500.000,1,0,1,多换,S,3996.2000,3996.0000,3995.8000,3995.6000,3995.2000,3997.0000,3997.4000,3997.8000,3998.0000,3998.2000,5,3,3,1,1,1,1,1,1,1
SF,IF1912,2019-11-06 09:33:11.600,3996.6000,43225,0,640504500.000,0,-,-,-,-,3996.4000,3996.2000,3996.0000,3995.8000,3995.6000,3997.0000,3997.4000,3998.0000,3998.2000,3998.6000,6,5,2,3,1,1,1,1,1,5
SF,IF1912,2019-11-06 09:33:12.100,3997.0000,43225,0,641703600.000,1,0,1,多换,S,3996.6000,3996.4000,3996.2000,3996.0000,3995.8000,3997.4000,3998.0000,3998.2000,3998.6000,3999.2000,1,1,5,3,3,1,1,1,5,1
SF,IF1912,2019-11-06 09:33:12.600,3997.0000,43225,0,641703600.000,0,-,-,-,-,3996.6000,3996.2000,3996.0000,3995.8000,3995.6000,3997.2000,3997.4000,3998.0000,3998.2000,3998.6000,1,5,3,3,1,1,1,1,1,5
SF,IF1912,2019-11-06 09:33:13.100,3996.6000,43226,1,642902580.000,1,1,0,双开,S,3996.2000,3996.0000,3995.8000,3995.6000,3995.2000,3997.4000,3998.0000,3998.2000,3998.6000,3999.2000,5,3,3,1,1,1,1,1,5,1
SF,IF1912,2019-11-06 09:33:13.600,3996.4000,43225,-1,645300420.000,2,0,2,多平,S,3996.4000,3996.2000,3996.0000,3995.8000,3995.6000,3997.4000,3998.0000,3998.2000,3998.6000,3999.2000,3,5,3,3,2,2,1,1,5,1
SF,IF1912,2019-11-06 09:33:14.100,3996.4000,43225,0,645300420.000,0,-,-,-,-,3996.2000,3996.0000,3995.8000,3995.6000,3995.2000,3996.6000,3997.4000,3998.0000,3998.2000,3998.6000,5,3,3,1,1,1,2,1,1,5
SF,IF1912,2019-11-06 09:33:14.600,3997.6000,43227,2,651296040.000,5,3,2,空开,S,3996.0000,3995.8000,3995.6000,3995.4000,3995.2000,3998.0000,3998.2000,3998.6000,3999.2000,3999.8000,3,3,1,1,1,2,1,5,1,1
SF,IF1912,2019-11-06 09:33:15.100,3997.6000,43227,0,651296040.000,0,-,-,-,-,3996.2000,3996.0000,3995.8000,3995.6000,3995.2000,3997.0000,3997.2000,3997.6000,3997.8000,3998.0000,4,3,3,1,1,1,1,1,29,4
SF,IF1912,2019-11-06 09:33:15.600,3997.6000,43227,0,651296040.000,0,-,-,-,-,3996.0000,3995.8000,3995.6000,3995.2000,3995.0000,3997.2000,3997.6000,3997.8000,3998.0000,3999.2000,3,3,1,1,4,1,2,24,4,1
SF,IF1912,2019-11-06 09:33:16.100,3997.6000,43227,0,651296040.000,0,-,-,-,-,3996.2000,3996.0000,3995.8000,3995.6000,3995.2000,3997.0000,3997.2000,3997.4000,3997.6000,3997.8000,3,3,3,1,1,9,1,1,2,19
SF,IF1912,2019-11-06 09:33:16.600,3997.0000,43228,1,657291660.000,5,3,2,空开,S,3996.2000,3996.0000,3995.8000,3995.6000,3995.2000,3997.2000,3997.4000,3997.6000,3997.8000,3998.0000,3,3,3,1,1,1,1,1,5,3
SF,IF1912,2019-11-06 09:33:17.100,3997.4000,43227,-1,660889260.000,3,1,2,多平,S,3996.6000,3996.4000,3996.2000,3996.0000,3995.8000,3997.6000,3997.8000,3998.0000,3999.2000,3999.8000,5,14,7,3,4,1,2,2,1,1
SF,IF1912,2019-11-06 09:33:17.600,3998.0000,43225,-2,665686620.000,4,1,3,多平,S,3997.8000,3997.6000,3997.2000,3996.8000,3996.6000,3999.2000,3999.8000,4000.0000,4000.4000,4000.6000,2,2,8,17,6,1,1,5,1,1
SF,IF1912,2019-11-06 09:33:18.100,3998.0000,43225,0,665686620.000,0,-,-,-,-,3997.6000,3997.2000,3996.8000,3996.6000,3996.4000,3998.6000,3999.0000,3999.2000,3999.8000,4000.0000,2,5,17,2,1,1,5,2,1,5
SF,IF1912,2019-11-06 09:33:18.600,3998.0000,43225,0,665686620.000,0,-,-,-,-,3997.8000,3997.6000,3997.2000,3996.8000,3996.6000,3999.2000,3999.8000,4000.0000,4000.4000,4000.6000,16,3,5,5,2,1,1,5,1,1
SF,IF1912,2019-11-06 09:33:19.100,3998.0000,43225,0,665686620.000,0,-,-,-,-,3998.0000,3997.8000,3997.6000,3997.2000,3996.8000,3999.0000,3999.2000,3999.8000,4000.0000,4000.4000,1,5,2,5,6,3,1,1,5,1
SF,IF1912,2019-11-06 09:33:19.600,3998.0000,43225,0,665686620.000,0,-,-,-,-,3998.0000,3997.8000,3997.6000,3997.2000,3996.8000,3999.2000,3999.8000,4000.0000,4000.4000,4000.6000,1,5,2,5,6,1,1,5,1,1
SF,IF1912,2019-11-06 09:33:20.100,3998.0000,43225,0,665686620.000,0,-,-,-,-,3998.2000,3998.0000,3997.8000,3997.6000,3997.4000,3999.0000,3999.2000,3999.8000,4000.0000,4000.4000,1,1,5,7,1,3,1,1,5,1
SF,IF1912,2019-11-06 09:33:20.600,3998.0000,43225,0,665686620.000,0,-,-,-,-,3998.4000,3998.2000,3997.8000,3997.6000,3997.4000,3999.0000,3999.2000,3999.8000,4000.0000,4000.4000,1,1,5,7,1,3,1,1,5,1
SF,IF1912,2019-11-06 09:33:21.100,3998.4000,43225,0,666886140.000,1,0,1,多换,S,3998.2000,3998.0000,3997.8000,3997.6000,3996.8000,3998.4000,3999.0000,3999.2000,3999.8000,4000.0000,1,1,1,7,5,1,3,1,1,5
SF,IF1912,2019-11-06 09:33:21.600,3998.2000,43223,-2,670484580.000,3,0,3,多平,S,3998.4000,3997.8000,3997.6000,3996.8000,3996.6000,3999.2000,3999.8000,4000.0000,4000.4000,4000.6000,1,1,7,5,2,1,1,5,1,1
SF,IF1912,2019-11-06 09:33:22.100,3998.4000,43222,-1,672883560.000,2,0,2,多平,S,3997.8000,3997.6000,3996.8000,3996.6000,3996.2000,3998.8000,3999.0000,3999.2000,3999.8000,4000.0000,1,7,5,2,2,1,3,1,1,5
SF,IF1912,2019-11-06 09:33:22.600,3998.4000,43222,0,672883560.000,0,-,-,-,-,3998.0000,3997.8000,3997.6000,3996.8000,3996.6000,3999.2000,3999.8000,4000.0000,4000.4000,4000.6000,2,1,7,5,2,1,1,5,1,1
SF,IF1912,2019-11-06 09:33:23.100,3999.0000,43222,0,674083260.000,1,0,1,多换,S,3998.0000,3997.8000,3997.6000,3996.8000,3996.6000,3999.0000,3999.2000,3999.8000,4000.0000,4000.4000,2,1,7,5,2,4,1,1,5,1
SF,IF1912,2019-11-06 09:33:23.600,3999.0000,43222,0,674083260.000,0,-,-,-,-,3998.4000,3998.2000,3998.0000,3997.8000,3997.6000,3999.8000,4000.0000,4000.4000,4000.6000,4000.8000,5,3,5,1,7,1,5,1,1,1
SF,IF1912,2019-11-06 09:33:24.100,3999.0000,43222,0,674083260.000,0,-,-,-,-,3998.6000,3998.4000,3998.2000,3998.0000,3997.8000,3999.6000,3999.8000,4000.0000,4000.4000,4000.6000,7,5,1,6,1,2,1,5,1,1
SF,IF1912,2019-11-06 09:33:24.600,3998.6000,43220,-2,676482420.000,2,0,2,双平,S,3998.0000,3997.8000,3997.6000,3996.8000,3996.6000,3998.8000,3999.0000,3999.4000,3999.6000,3999.8000,5,1,6,5,2,1,2,8,4,1
SF,IF1912,2019-11-06 09:33:25.100,3998.6000,43220,0,676482420.000,0,-,-,-,-,3998.2000,3998.0000,3997.8000,3997.6000,3997.4000,3999.4000,3999.6000,3999.8000,4000.0000,4000.4000,2,5,1,6,1,1,2,1,5,1
SF,IF1912,2019-11-06 09:33:25.600,3998.6000,43220,0,676482420.000,0,-,-,-,-,3998.2000,3998.0000,3997.8000,3997.6000,3997.4000,3999.2000,3999.4000,3999.6000,3999.8000,4000.0000,1,5,1,6,1,5,1,2,1,5
SF,IF1912,2019-11-06 09:33:26.100,3998.6000,43220,0,676482420.000,0,-,-,-,-,3998.2000,3998.0000,3997.8000,3997.6000,3997.4000,3999.0000,3999.2000,3999.4000,3999.6000,3999.8000,1,5,1,6,1,1,5,1,2,1
SF,IF1912,2019-11-06 09:33:26.600,3999.0000,43220,0,677682120.000,1,0,1,多换,S,3998.4000,3998.2000,3998.0000,3997.8000,3997.6000,3999.4000,3999.6000,3999.8000,4000.0000,4000.4000,1,1,5,1,6,1,2,1,5,1
SF,IF1912,2019-11-06 09:33:27.100,3999.0000,43220,0,677682120.000,0,-,-,-,-,3998.0000,3997.8000,3997.6000,3997.4000,3996.8000,3999.0000,3999.2000,3999.4000,3999.6000,3999.8000,5,1,6,1,5,2,3,1,2,1
SF,IF1912,2019-11-06 09:33:27.600,3999.2000,43220,0,681281280.000,3,1,2,多换,S,3999.2000,3998.2000,3998.0000,3997.8000,3997.6000,3999.4000,3999.6000,3999.8000,4000.0000,4000.4000,2,1,5,1,7,2,2,1,5,1
SF,IF1912,2019-11-06 09:33:28.100,3999.2000,43220,0,683680800.000,2,1,1,多换,S,3998.0000,3997.8000,3997.6000,3997.4000,3996.8000,3999.2000,3999.4000,3999.6000,3999.8000,4000.0000,5,1,7,1,5,12,1,2,1,5
SF,IF1912,2019-11-06 09:33:28.600,3999.2000,43220,0,683680800.000,0,-,-,-,-,3998.4000,3998.2000,3998.0000,3997.8000,3997.6000,3999.2000,3999.6000,3999.8000,4000.0000,4000.4000,3,1,5,1,7,3,2,1,5,1
SF,IF1912,2019-11-06 09:33:29.100,3999.2000,43220,0,683680800.000,0,-,-,-,-,3998.4000,3998.0000,3997.8000,3997.6000,3997.4000,3999.2000,3999.6000,3999.8000,4000.0000,4000.4000,3,5,1,7,1,3,1,1,5,1
SF,IF1912,2019-11-06 09:33:29.600,3998.4000,43218,-2,686079840.000,2,0,2,双平,S,3998.4000,3998.0000,3997.8000,3997.6000,3997.4000,3999.2000,3999.6000,3999.8000,4000.0000,4000.4000,1,5,1,7,1,2,1,1,5,1
SF,IF1912,2019-11-06 09:33:30.100,3998.4000,43218,0,686079840.000,0,-,-,-,-,3998.4000,3998.0000,3997.8000,3997.6000,3997.4000,3999.2000,3999.8000,4000.0000,4000.4000,4000.6000,1,6,1,7,1,2,1,5,1,1
SF,IF1912,2019-11-06 09:33:30.600,3998.4000,43218,0,688478880.000,2,1,1,多换,S,3998.2000,3998.0000,3997.8000,3997.6000,3997.4000,3999.2000,3999.4000,3999.8000,4000.0000,4000.4000,2,6,1,7,1,2,1,1,5,1
SF,IF1912,2019-11-06 09:33:31.100,3999.0000,43218,0,689678580.000,1,0,1,多换,S,3998.2000,3998.0000,3997.8000,3997.6000,3997.4000,3999.0000,3999.2000,3999.8000,4000.0000,4000.4000,2,6,1,7,1,1,2,1,5,1
SF,IF1912,2019-11-06 09:33:31.600,3999.0000,43218,0,689678580.000,0,-,-,-,-,3998.2000,3998.0000,3997.8000,3997.6000,3997.4000,3999.2000,3999.8000,4000.0000,4000.4000,4000.6000,2,6,1,7,1,2,1,5,1,1
SF,IF1912,2019-11-06 09:33:32.100,3999.0000,43218,0,689678580.000,0,-,-,-,-,3998.2000,3998.0000,3997.8000,3997.6000,3997.4000,3999.2000,3999.8000,4000.0000,4000.4000,4000.6000,2,6,1,7,1,3,1,5,1,1
SF,IF1912,2019-11-06 09:33:32.600,3999.2000,43217,-1,693277860.000,3,1,2,多平,S,3998.8000,3998.6000,3998.4000,3998.2000,3998.0000,3999.8000,4000.0000,4000.4000,4000.6000,4000.8000,5,3,18,3,6,1,4,1,1,1
SF,IF1912,2019-11-06 09:33:33.100,3999.8000,43217,0,694477800.000,1,0,1,多换,S,3998.4000,3998.2000,3998.0000,3997.8000,3997.6000,3999.2000,3999.6000,4000.0000,4000.4000,4000.6000,7,2,6,1,7,1,2,4,1,1
SF,IF1912,2019-11-06 09:33:33.600,4000.0000,43218,1,698077200.000,3,2,1,空开,S,3998.6000,3998.4000,3998.2000,3998.0000,3997.8000,4000.0000,4000.4000,4000.6000,4000.8000,4001.0000,15,9,2,6,1,3,1,1,1,2
SF,IF1912,2019-11-06 09:33:34.100,4000.0000,43218,0,699277200.000,1,0,1,多换,S,3998.8000,3998.6000,3998.4000,3998.2000,3998.0000,3999.8000,4000.0000,4000.4000,4000.6000,4000.8000,13,15,3,2,6,1,2,1,1,1
SF,IF1912,2019-11-06 09:33:34.600,4000.0000,43218,0,702877140.000,3,1,2,多换,S,3999.8000,3999.6000,3999.4000,3999.2000,3999.0000,4000.4000,4000.6000,4000.8000,4001.0000,4001.6000,2,5,5,5,10,1,1,1,2,1
SF,IF1912,2019-11-06 09:33:35.100,4000.0000,43218,0,702877140.000,0,-,-,-,-,3999.8000,3999.2000,3999.0000,3998.8000,3998.4000,4000.2000,4000.4000,4000.6000,4000.8000,4001.0000,3,1,1,10,3,1,1,1,1,2
SF,IF1912,2019-11-06 09:33:35.600,4000.0000,43218,0,702877140.000,0,-,-,-,-,3999.8000,3999.2000,3999.0000,3998.8000,3998.4000,4000.4000,4000.8000,4001.0000,4001.6000,4001.8000,2,2,1,10,3,1,1,2,1,21
SF,IF1912,2019-11-06 09:33:36.100,4000.0000,43218,0,702877140.000,0,-,-,-,-,3999.8000,3999.2000,3999.0000,3998.8000,3998.4000,4000.2000,4000.4000,4000.8000,4001.0000,4001.6000,2,1,1,10,3,1,1,1,2,1
SF,IF1912,2019-11-06 09:33:36.600,4000.2000,43217,-1,704077200.000,1,0,1,双平,S,4000.2000,4000.0000,3999.8000,3999.2000,3999.0000,4000.4000,4001.0000,4001.6000,4001.8000,4002.0000,1,1,2,2,1,1,3,1,21,3
SF,IF1912,2019-11-06 09:33:37.100,4000.2000,43216,-1,705277260.000,1,0,1,双平,S,3999.8000,3999.2000,3999.0000,3998.8000,3998.4000,4000.4000,4001.0000,4001.2000,4001.6000,4001.8000,2,2,1,6,3,2,2,1,1,21
SF,IF1912,2019-11-06 09:33:37.600,3999.8000,43216,0,706477200.000,1,0,1,多换,S,3999.8000,3999.2000,3999.0000,3998.8000,3998.4000,4000.0000,4000.2000,4000.4000,4001.0000,4001.2000,1,2,1,6,3,1,1,2,2,1
SF,IF1912,2019-11-06 09:33:38.100,3999.8000,43216,0,706477200.000,0,-,-,-,-,3999.8000,3999.2000,3999.0000,3998.8000,3998.4000,4000.0000,4000.4000,4001.0000,4001.2000,4001.6000,1,2,1,6,3,1,2,2,1,1
SF,IF1912,2019-11-06 09:33:38.600,3999.8000,43216,0,706477200.000,0,-,-,-,-,3999.8000,3999.2000,3999.0000,3998.8000,3998.4000,4000.0000,4000.4000,4001.0000,4001.2000,4001.6000,1,2,1,5,3,1,2,2,1,1
SF,IF1912,2019-11-06 09:33:40.100,4000.0000,43216,0,707677200.000,1,0,1,多换,S,4000.2000,3999.8000,3999.2000,3999.0000,3998.8000,4000.4000,4001.0000,4001.6000,4001.8000,4002.0000,1,1,2,1,5,2,2,1,21,3
SF,IF1912,2019-11-06 09:33:40.600,4000.2000,43216,0,708877260.000,1,0,1,多换,S,4000.0000,3999.8000,3999.2000,3999.0000,3998.8000,4000.2000,4000.4000,4001.0000,4001.2000,4001.6000,1,1,2,1,5,2,2,2,1,1
SF,IF1912,2019-11-06 09:33:41.100,4000.0000,43215,-1,710077260.000,1,0,1,双平,S,3999.8000,3999.2000,3999.0000,3998.8000,3998.4000,4000.0000,4000.2000,4000.4000,4001.0000,4001.2000,1,3,1,5,3,1,1,2,2,1
SF,IF1912,2019-11-06 09:33:41.600,3999.8000,43216,1,711277200.000,1,1,0,双开,S,3999.2000,3999.0000,3998.8000,3998.4000,3998.2000,3999.8000,4000.4000,4001.0000,4001.2000,4001.6000,3,1,5,3,2,1,2,2,1,1
SF,IF1912,2019-11-06 09:33:42.100,4000.4000,43216,0,714877380.000,3,1,2,多换,S,4000.4000,3999.6000,3999.4000,3999.2000,3999.0000,4001.0000,4001.2000,4001.6000,4001.8000,4002.0000,3,3,4,3,1,2,1,1,20,3
SF,IF1912,2019-11-06 09:33:42.600,4000.4000,43216,0,718477740.000,3,1,2,多换,S,3999.2000,3998.8000,3998.4000,3998.2000,3998.0000,4000.0000,4000.2000,4000.4000,4000.8000,4001.0000,2,1,3,2,6,1,3,12,5,4
SF,IF1912,2019-11-06 09:33:43.100,4000.4000,43216,0,718477740.000,0,-,-,-,-,3999.4000,3999.2000,3998.8000,3998.4000,3998.2000,4000.0000,4000.2000,4000.4000,4000.8000,4001.0000,1,2,1,3,2,2,2,4,2,3
SF,IF1912,2019-11-06 09:33:43.600,4000.4000,43216,0,718477740.000,0,-,-,-,-,3999.4000,3999.2000,3998.8000,3998.4000,3998.2000,4000.0000,4000.2000,4000.4000,4000.8000,4001.0000,1,1,1,3,2,2,2,4,2,3
SF,IF1912,2019-11-06 09:33:44.100,4000.4000,43216,0,718477740.000,0,-,-,-,-,3999.2000,3998.4000,3998.2000,3998.0000,3997.8000,3999.6000,3999.8000,4000.0000,4000.2000,4000.4000,1,1,2,6,1,1,3,2,3,5
SF,IF1912,2019-11-06 09:33:44.600,3999.6000,43214,-2,720877500.000,2,0,2,双平,S,3999.6000,3999.4000,3999.2000,3998.4000,3998.2000,4000.0000,4000.4000,4000.8000,4001.0000,4001.2000,2,7,3,1,2,1,2,1,3,1
SF,IF1912,2019-11-06 09:33:45.100,4000.0000,43214,0,722077500.000,1,0,1,多换,S,3999.2000,3998.4000,3998.2000,3998.0000,3997.8000,4000.4000,4000.8000,4001.0000,4001.2000,4001.6000,1,1,2,6,1,2,1,3,1,1
SF,IF1912,2019-11-06 09:33:45.600,3999.4000,43213,-1,723277320.000,1,0,1,双平,S,3999.2000,3999.0000,3998.4000,3998.2000,3998.0000,4000.2000,4000.4000,4000.8000,4001.0000,4001.2000,1,1,1,2,6,3,2,1,3,1
SF,IF1912,2019-11-06 09:33:46.100,3999.4000,43213,0,723277320.000,0,-,-,-,-,3999.2000,3998.4000,3998.2000,3998.0000,3997.8000,4000.2000,4000.4000,4000.8000,4001.0000,4001.2000,1,1,2,6,1,3,2,1,3,1
SF,IF1912,2019-11-06 09:33:46.600,4000.4000,43214,1,730477500.000,6,3,3,空开,S,3999.2000,3999.0000,3998.4000,3998.2000,3998.0000,4000.0000,4000.8000,4001.0000,4001.2000,4001.6000,1,1,1,2,6,1,1,3,1,1
SF,IF1912,2019-11-06 09:33:47.100,3999.2000,43214,0,731677260.000,1,0,1,多换,S,3998.4000,3998.2000,3998.0000,3997.8000,3997.6000,3999.2000,4000.0000,4000.4000,4000.8000,4001.0000,1,2,6,1,5,1,1,1,1,3
SF,IF1912,2019-11-06 09:33:47.600,3998.6000,43215,1,735276180.000,3,2,1,空开,S,4000.0000,3998.6000,3998.4000,3998.2000,3998.0000,4000.4000,4000.8000,4001.0000,4001.2000,4001.6000,4,3,1,2,6,1,1,3,1,1
SF,IF1912,2019-11-06 09:33:48.100,3998.6000,43211,-4,743674560.000,7,1,6,多平,S,3998.2000,3998.0000,3997.8000,3997.6000,3997.4000,3999.2000,3999.4000,3999.8000,4000.0000,4000.2000,1,6,1,5,1,4,2,17,19,7
SF,IF1912,2019-11-06 09:33:48.600,3998.0000,43214,3,749671680.000,5,4,1,空开,S,3998.0000,3997.8000,3997.6000,3997.4000,3996.8000,3998.2000,3999.2000,3999.8000,4000.0000,4000.2000,3,1,5,1,1,1,4,11,16,5
SF,IF1912,2019-11-06 09:33:49.100,3997.8000,43212,-2,762864420.000,11,4,7,多平,S,3996.8000,3996.6000,3996.0000,3995.8000,3995.6000,3997.8000,3999.0000,3999.4000,3999.8000,4000.0000,1,2,14,5,1,5,1,2,4,6
SF,IF1912,2019-11-06 09:33:49.600,3997.8000,43212,0,762864420.000,0,-,-,-,-,3997.0000,3996.6000,3996.0000,3995.8000,3995.6000,3998.2000,3999.0000,3999.4000,3999.8000,4000.0000,3,1,14,6,1,1,1,2,1,6
SF,IF1912,2019-11-06 09:33:50.100,3997.0000,43211,-1,765262920.000,2,0,2,多平,S,3997.0000,3996.6000,3996.0000,3995.8000,3995.6000,3998.0000,3998.2000,3999.0000,3999.4000,4000.0000,1,1,14,6,1,3,1,1,2,6
SF,IF1912,2019-11-06 09:33:50.600,3998.0000,43208,-3,768861120.000,3,0,3,双平,S,3997.0000,3996.6000,3996.0000,3995.8000,3995.6000,3998.6000,3999.0000,3999.2000,3999.4000,4000.0000,1,1,14,6,1,1,1,1,2,6
SF,IF1912,2019-11-06 09:33:51.100,3998.0000,43208,0,768861120.000,0,-,-,-,-,3997.2000,3997.0000,3996.6000,3996.0000,3995.8000,3998.4000,3999.0000,3999.4000,4000.0000,4000.2000,5,3,2,14,6,1,1,2,6,4
SF,IF1912,2019-11-06 09:33:51.600,3998.0000,43208,0,768861120.000,0,-,-,-,-,3998.6000,3997.6000,3997.4000,3997.2000,3996.6000,3999.4000,4000.0000,4000.2000,4000.4000,4001.0000,1,3,8,4,2,2,5,4,2,3
SF,IF1912,2019-11-06 09:33:52.100,3998.6000,43208,0,770060700.000,1,0,1,多换,S,3997.6000,3997.2000,3996.6000,3996.0000,3995.8000,3998.6000,3999.0000,3999.2000,3999.4000,4000.0000,1,2,2,14,6,3,5,2,2,5
SF,IF1912,2019-11-06 09:33:52.600,3998.6000,43208,0,770060700.000,0,-,-,-,-,3997.8000,3997.6000,3997.2000,3996.6000,3996.0000,3998.6000,3999.2000,3999.4000,4000.0000,4000.2000,2,1,2,2,14,3,2,2,5,4
SF,IF1912,2019-11-06 09:33:53.100,3998.6000,43208,0,770060700.000,0,-,-,-,-,3997.6000,3996.6000,3996.0000,3995.8000,3995.6000,3998.4000,3998.6000,3999.2000,3999.4000,4000.0000,1,2,14,6,1,1,2,2,2,5
SF,IF1912,2019-11-06 09:33:53.600,3998.6000,43208,0,770060700.000,0,-,-,-,-,3997.8000,3997.6000,3996.6000,3996.0000,3995.8000,3998.6000,3999.2000,3999.4000,4000.0000,4000.2000,1,1,2,14,6,2,2,2,5,4
SF,IF1912,2019-11-06 09:33:54.100,3998.6000,43208,0,770060700.000,0,-,-,-,-,3997.8000,3997.6000,3996.6000,3996.0000,3995.8000,3998.4000,3998.6000,3999.2000,3999.4000,4000.0000,1,1,2,14,6,1,2,2,2,5
SF,IF1912,2019-11-06 09:33:55.100,3998.6000,43208,0,771260280.000,1,0,1,多换,S,3997.8000,3997.6000,3996.6000,3996.0000,3995.8000,3998.6000,3999.0000,3999.2000,3999.4000,4000.0000,1,1,2,14,6,2,1,2,2,5
SF,IF1912,2019-11-06 09:33:55.600,3999.4000,43210,2,777258780.000,5,3,2,空开,S,3997.8000,3997.6000,3996.6000,3996.0000,3995.8000,3999.4000,4000.0000,4000.2000,4000.4000,4001.0000,1,1,2,14,6,1,5,4,3,3
SF,IF1912,2019-11-06 09:33:56.100,3999.4000,43210,0,777258780.000,0,-,-,-,-,3998.0000,3997.8000,3997.0000,3996.6000,3996.0000,3999.0000,3999.2000,3999.4000,3999.8000,4000.0000,1,1,1,2,14,3,2,4,1,5
SF,IF1912,2019-11-06 09:33:56.600,3999.4000,43210,0,777258780.000,0,-,-,-,-,3998.2000,3997.4000,3997.0000,3996.6000,3996.0000,3998.8000,3999.2000,3999.4000,3999.8000,4000.0000,1,1,1,2,14,1,1,4,1,5
SF,IF1912,2019-11-06 09:33:57.100,3999.4000,43210,0,777258780.000,0,-,-,-,-,3998.2000,3997.4000,3997.0000,3996.6000,3996.0000,3998.8000,3999.4000,3999.8000,4000.0000,4000.2000,1,1,1,2,14,1,4,1,5,3
SF,IF1912,2019-11-06 09:33:57.600,3999.4000,43210,0,777258780.000,0,-,-,-,-,3998.2000,3997.6000,3997.4000,3997.0000,3996.6000,3998.8000,3999.0000,3999.2000,3999.4000,3999.8000,1,1,1,1,2,1,1,1,3,1
SF,IF1912,2019-11-06 09:33:58.100,3999.4000,43210,0,777258780.000,0,-,-,-,-,3998.2000,3997.6000,3997.4000,3997.0000,3996.6000,3998.8000,3999.0000,3999.4000,3999.8000,4000.0000,1,1,1,1,2,1,1,4,1,5
SF,IF1912,2019-11-06 09:33:58.600,3999.4000,43210,0,777258780.000,0,-,-,-,-,3998.8000,3998.2000,3997.6000,3997.4000,3997.0000,3999.0000,3999.4000,3999.8000,4000.0000,4000.2000,1,1,1,1,1,1,4,1,5,3
SF,IF1912,2019-11-06 09:33:59.100,3999.0000,43209,-1,778458480.000,1,0,1,双平,S,3998.8000,3997.6000,3997.4000,3997.0000,3996.6000,3999.4000,3999.8000,4000.0000,4000.2000,4000.4000,1,1,1,1,2,2,1,5,3,2
SF,IF1912,2019-11-06 09:33:59.600,3998.8000,43209,0,779658120.000,1,0,1,多换,S,3997.6000,3997.4000,3997.0000,3996.6000,3996.0000,4000.0000,4000.2000,4000.4000,4001.0000,4001.2000,1,1,1,2,14,5,3,2,3,1
SF,IF1912,2019-11-06 09:34:00.100,3998.8000,43209,0,779658120.000,0,-,-,-,-,3998.2000,3997.8000,3997.6000,3997.4000,3997.0000,3999.6000,3999.8000,4000.0000,4000.2000,4000.4000,3,13,4,1,1,3,8,7,3,3
SF,IF1912,2019-11-06 09:34:00.600,3999.8000,43209,0,785657640.000,5,2,3,多换,S,3998.4000,3997.8000,3997.6000,3997.4000,3997.0000,3999.8000,4000.0000,4000.2000,4000.4000,4001.0000,1,2,2,1,1,7,7,3,3,3
SF,IF1912,2019-11-06 09:34:01.100,3998.6000,43209,0,786857220.000,1,0,1,多换,S,3998.6000,3997.8000,3997.6000,3997.4000,3997.0000,3999.0000,3999.4000,3999.6000,3999.8000,4000.0000,1,2,2,1,1,2,6,4,9,6
SF,IF1912,2019-11-06 09:34:01.600,3998.6000,43209,0,788056800.000,1,0,1,多换,S,3997.6000,3997.4000,3997.0000,3996.6000,3996.0000,3998.6000,3999.4000,3999.6000,3999.8000,4000.0000,2,1,1,2,14,2,5,4,9,6
SF,IF1912,2019-11-06 09:34:02.100,3998.6000,43209,0,788056800.000,0,-,-,-,-,3998.4000,3997.8000,3997.6000,3997.4000,3997.0000,3998.6000,3999.6000,3999.8000,4000.0000,4000.2000,3,9,4,1,1,1,3,5,7,3
SF,IF1912,2019-11-06 09:34:02.600,3998.6000,43208,-1,789256380.000,1,0,1,双平,S,3998.6000,3998.4000,3997.8000,3997.6000,3997.4000,3999.6000,3999.8000,4000.0000,4000.2000,4000.4000,2,3,2,2,1,4,4,7,3,2
SF,IF1912,2019-11-06 09:34:03.100,3998.6000,43208,0,789256380.000,0,-,-,-,-,3997.8000,3997.6000,3997.4000,3996.6000,3996.0000,3999.0000,3999.4000,3999.6000,3999.8000,4000.0000,1,2,1,2,14,2,9,5,4,7
SF,IF1912,2019-11-06 09:34:03.600,3998.6000,43208,0,789256380.000,0,-,-,-,-,3998.2000,3998.0000,3997.8000,3997.6000,3997.4000,3999.4000,3999.6000,3999.8000,4000.0000,4000.2000,3,4,1,2,1,7,5,4,7,2
SF,IF1912,2019-11-06 09:34:04.100,3999.4000,43210,2,795255360.000,5,3,2,空开,S,3998.2000,3998.0000,3997.8000,3997.6000,3997.4000,3999.2000,3999.4000,3999.6000,3999.8000,4000.0000,3,3,1,1,1,1,4,5,4,7
SF,IF1912,2019-11-06 09:34:04.600,3999.4000,43210,0,795255360.000,0,-,-,-,-,3998.2000,3998.0000,3997.8000,3997.6000,3997.4000,3999.2000,3999.4000,3999.6000,3999.8000,4000.0000,3,3,1,1,1,1,5,4,4,7
SF,IF1912,2019-11-06 09:34:05.100,3999.4000,43210,0,795255360.000,0,-,-,-,-,3998.2000,3998.0000,3997.8000,3997.6000,3997.4000,3998.8000,3999.2000,3999.4000,3999.6000,3999.8000,3,3,1,1,1,2,2,7,4,2
SF,IF1912,2019-11-06 09:34:05.600,3999.4000,43210,0,795255360.000,0,-,-,-,-,3998.2000,3998.0000,3997.8000,3997.6000,3997.4000,3999.2000,3999.4000,3999.6000,3999.8000,4000.0000,3,3,1,1,1,1,7,4,2,7
SF,IF1912,2019-11-06 09:34:06.100,3999.4000,43210,0,795255360.000,0,-,-,-,-,3998.2000,3998.0000,3997.8000,3997.6000,3997.4000,3999.0000,3999.2000,3999.4000,3999.6000,3999.8000,3,3,1,1,1,1,1,7,4,2
SF,IF1912,2019-11-06 09:34:06.600,3999.4000,43210,0,795255360.000,0,-,-,-,-,3998.2000,3998.0000,3997.6000,3997.4000,3996.6000,3998.6000,3999.0000,3999.2000,3999.4000,3999.6000,3,3,1,1,2,2,1,1,7,5
SF,IF1912,2019-11-06 09:34:07.100,3999.4000,43210,0,795255360.000,0,-,-,-,-,3998.2000,3998.0000,3997.6000,3997.4000,3996.6000,3999.0000,3999.2000,3999.4000,3999.6000,3999.8000,3,3,1,1,2,2,2,6,4,2
SF,IF1912,2019-11-06 09:34:07.600,3998.2000,43209,-1,796454820.000,1,0,1,双平,S,3998.2000,3998.0000,3997.6000,3997.4000,3996.6000,3998.8000,3999.0000,3999.2000,3999.4000,3999.6000,2,3,1,1,2,1,2,4,6,4
SF,IF1912,2019-11-06 09:34:08.100,3999.2000,43209,0,802453380.000,5,2,3,多换,S,3998.4000,3998.2000,3998.0000,3997.6000,3997.4000,3999.2000,3999.4000,3999.6000,3999.8000,4000.0000,1,2,3,1,1,2,6,4,2,6
SF,IF1912,2019-11-06 09:34:08.600,3999.2000,43209,0,802453380.000,0,-,-,-,-,3998.4000,3998.0000,3997.6000,3997.4000,3996.6000,3998.8000,3999.2000,3999.4000,3999.6000,3999.8000,1,3,1,1,2,2,1,6,4,2
SF,IF1912,2019-11-06 09:34:09.100,3999.2000,43209,0,802453380.000,0,-,-,-,-,3998.6000,3998.4000,3998.0000,3997.6000,3997.4000,3999.4000,3999.6000,3999.8000,4000.0000,4000.2000,1,1,3,1,1,6,3,2,6,2
SF,IF1912,2019-11-06 09:34:09.600,3999.2000,43209,0,802453380.000,0,-,-,-,-,3998.6000,3998.4000,3998.0000,3997.6000,3997.4000,3999.4000,3999.6000,3999.8000,4000.0000,4000.2000,1,1,3,1,1,2,3,2,6,2
SF,IF1912,2019-11-06 09:34:10.100,3999.2000,43209,0,802453380.000,0,-,-,-,-,3998.6000,3998.4000,3998.0000,3997.4000,3996.6000,3998.8000,3999.4000,3999.6000,3999.8000,4000.0000,1,1,3,1,2,2,1,3,3,6
SF,IF1912,2019-11-06 09:34:10.600,3999.2000,43209,0,802453380.000,0,-,-,-,-,3998.6000,3998.0000,3997.4000,3996.6000,3996.0000,3998.8000,3999.4000,3999.6000,3999.8000,4000.0000,1,3,1,2,14,2,1,3,3,6
SF,IF1912,2019-11-06 09:34:11.100,3998.6000,43208,-1,803652960.000,1,0,1,双平,S,3998.0000,3997.4000,3996.6000,3996.0000,3995.8000,3999.4000,3999.6000,3999.8000,4000.0000,4000.2000,3,1,2,14,6,1,4,3,6,2
SF,IF1912,2019-11-06 09:34:11.600,3998.6000,43208,0,803652960.000,0,-,-,-,-,3998.4000,3998.0000,3997.4000,3996.6000,3996.0000,3999.2000,3999.4000,3999.6000,3999.8000,4000.0000,3,3,1,2,14,1,1,4,3,6
SF,IF1912,2019-11-06 09:34:12.100,3998.4000,43207,-1,804852480.000,1,0,1,双平,S,3998.4000,3998.0000,3997.4000,3996.6000,3996.0000,3998.8000,3999.0000,3999.2000,3999.4000,3999.6000,2,3,1,2,14,2,1,1,1,4
SF,IF1912,2019-11-06 09:34:12.600,3999.6000,43207,0,813250380.000,7,3,4,多换,S,3998.0000,3997.4000,3996.6000,3996.0000,3995.8000,3999.2000,3999.4000,3999.6000,3999.8000,4000.0000,4,1,2,14,6,2,1,3,3,6
SF,IF1912,2019-11-06 09:34:13.100,3998.2000,43206,-1,814449840.000,1,0,1,双平,S,3998.6000,3998.2000,3998.0000,3997.4000,3996.6000,3999.2000,3999.4000,3999.6000,3999.8000,4000.0000,1,2,3,1,2,2,1,3,3,6
SF,IF1912,2019-11-06 09:34:13.600,3998.6000,43205,-1,815649420.000,1,0,1,双平,S,3998.2000,3998.0000,3996.6000,3996.0000,3995.8000,3998.4000,3998.6000,3998.8000,3999.2000,3999.4000,1,3,2,14,6,2,2,4,3,1
SF,IF1912,2019-11-06 09:34:14.100,3998.2000,43204,-1,816848880.000,1,0,1,双平,S,3998.0000,3996.6000,3996.0000,3995.8000,3995.6000,3998.4000,3998.6000,3998.8000,3999.2000,3999.4000,3,2,14,6,2,2,2,1,1,3
SF,IF1912,2019-11-06 09:34:14.600,3998.2000,43204,0,816848880.000,0,-,-,-,-,3998.0000,3996.6000,3996.0000,3995.8000,3995.6000,3998.6000,3998.8000,3999.0000,3999.2000,3999.4000,3,2,14,6,2,2,1,1,2,3
SF,IF1912,2019-11-06 09:34:15.100,3998.0000,43204,0,824046300.000,6,3,3,多换,S,3998.0000,3997.8000,3996.6000,3996.0000,3995.8000,3998.8000,3999.0000,3999.2000,3999.4000,3999.6000,2,1,2,14,6,1,1,3,3,4
SF,IF1912,2019-11-06 09:34:15.600,3998.0000,43203,-1,826445100.000,2,0,2,多平,S,3998.2000,3998.0000,3997.8000,3996.6000,3996.0000,3998.4000,3998.8000,3999.0000,3999.2000,3999.4000,2,1,1,2,14,2,2,1,3,3
SF,IF1912,2019-11-06 09:34:16.100,3998.2000,43201,-2,828843960.000,2,0,2,双平,S,3998.0000,3996.6000,3996.0000,3995.8000,3995.6000,3998.8000,3999.0000,3999.2000,3999.4000,3999.6000,1,2,14,6,2,1,1,3,3,4
SF,IF1912,2019-11-06 09:34:16.600,3998.2000,43201,0,828843960.000,0,-,-,-,-,3998.0000,3996.6000,3996.0000,3995.8000,3995.6000,3998.6000,3998.8000,3999.0000,3999.2000,3999.4000,2,2,14,6,2,1,1,2,3,2
SF,IF1912,2019-11-06 09:34:17.100,3998.2000,43201,0,828843960.000,0,-,-,-,-,3998.0000,3996.6000,3996.0000,3995.8000,3995.6000,3998.2000,3998.6000,3998.8000,3999.0000,3999.2000,2,2,14,6,2,2,1,1,2,3
SF,IF1912,2019-11-06 09:34:17.600,3998.2000,43201,0,831242880.000,2,1,1,多换,S,3998.0000,3996.6000,3996.0000,3995.8000,3995.6000,3998.8000,3999.0000,3999.2000,3999.4000,3999.6000,2,2,14,6,2,1,2,3,2,4
SF,IF1912,2019-11-06 09:34:18.100,3998.2000,43201,0,831242880.000,0,-,-,-,-,3998.0000,3996.6000,3996.0000,3995.8000,3995.6000,3998.6000,3998.8000,3999.0000,3999.2000,3999.4000,2,2,14,6,2,1,1,2,2,2
SF,IF1912,2019-11-06 09:34:18.600,3998.0000,43201,0,832442280.000,1,0,1,多换,S,3998.0000,3996.6000,3996.0000,3995.8000,3995.6000,3998.6000,3998.8000,3999.0000,3999.2000,3999.4000,1,2,14,6,2,1,2,2,2,2
SF,IF1912,2019-11-06 09:34:19.100,3998.4000,43203,2,839638920.000,6,4,2,空开,S,3996.6000,3996.0000,3995.8000,3995.6000,3995.2000,3998.4000,3998.6000,3998.8000,3999.0000,3999.2000,2,14,6,2,1,1,2,2,2,2
SF,IF1912,2019-11-06 09:34:19.600,3996.8000,43201,-2,842037000.000,2,0,2,双平,S,3996.8000,3996.6000,3996.0000,3995.8000,3995.6000,3998.2000,3998.4000,3998.8000,3999.0000,3999.2000,3,2,14,6,2,3,3,3,1,2
SF,IF1912,2019-11-06 09:34:20.100,3996.8000,43201,0,842037000.000,0,-,-,-,-,3996.8000,3996.6000,3996.0000,3995.8000,3995.6000,3998.0000,3998.2000,3998.4000,3998.8000,3999.0000,2,1,14,6,2,5,4,5,4,1
SF,IF1912,2019-11-06 09:34:20.600,3996.8000,43201,0,842037000.000,0,-,-,-,-,3996.0000,3995.8000,3995.6000,3995.2000,3995.0000,3997.6000,3997.8000,3998.0000,3998.2000,3998.4000,14,6,2,1,3,3,1,6,3,5
SF,IF1912,2019-11-06 09:34:21.100,3996.8000,43201,0,842037000.000,0,-,-,-,-,3996.2000,3996.0000,3995.8000,3995.6000,3995.2000,3996.4000,3997.6000,3997.8000,3998.0000,3998.2000,9,14,6,2,1,1,3,2,7,3
