市场代码,合约代码,时间,最新,持仓,增仓,成交额,成交量,开仓,平仓,成交类型,方向,买一价,买二价,买三价,买四价,买五价,卖一价,卖二价,卖三价,卖四价,卖五价,买一量,买二量,买三量,买四量,买五量,卖一量,卖二量,卖三量,卖四量,卖五量
SF,IF2004,2020-03-05 09:29:00.000,4141.2000,7219,0,21120120.000,17.000,-,-,-,-,4140.0000,4131.6000,4130.0000,4128.4000,4127.2000,4142.0000,4142.6000,4142.8000,4144.2000,4148.0000,1,1,4,1,2,1,5,1,1,1
SF,IF2004,2020-03-05 09:30:00.500,4141.8000,7217,-2,27332340.000,5,1,4,多平,S,4140.2000,4140.0000,4135.0000,4131.6000,4130.0000,4142.6000,4142.8000,4144.2000,4148.0000,4148.2000,1,3,1,1,4,4,1,1,1,5
SF,IF2004,2020-03-05 09:30:01.000,4142.8000,7218,1,33546300.000,5,3,2,空开,S,4142.8000,4142.6000,4142.2000,4142.0000,4141.8000,4148.0000,4148.2000,4148.6000,4150.0000,4150.6000,1,1,3,1,2,1,5,6,1,5
SF,IF2004,2020-03-05 09:30:01.500,4142.8000,7218,0,37274820.000,3,1,2,多换,S,4142.8000,4142.6000,4142.2000,4141.8000,4141.2000,4147.2000,4147.8000,4148.0000,4148.2000,4148.6000,1,1,3,2,2,1,3,1,5,6
SF,IF2004,2020-03-05 09:30:02.000,4142.8000,7218,0,37274820.000,0,-,-,-,-,4143.0000,4142.2000,4141.8000,4141.2000,4140.2000,4147.0000,4147.2000,4148.0000,4148.2000,4148.6000,3,3,2,2,1,3,1,1,5,6
SF,IF2004,2020-03-05 09:30:02.500,4144.4000,7217,-1,39762240.000,2,0,2,多平,S,4144.6000,4143.2000,4143.0000,4142.2000,4142.0000,4147.0000,4147.2000,4148.0000,4148.2000,4148.6000,1,1,3,3,1,2,1,1,5,6
SF,IF2004,2020-03-05 09:30:03.000,4146.8000,7215,-2,42249600.000,2,0,2,双平,S,4144.8000,4144.0000,4143.6000,4143.2000,4143.0000,4147.0000,4148.0000,4148.2000,4148.6000,4150.0000,1,1,1,1,2,2,1,5,6,1
SF,IF2004,2020-03-05 09:30:03.500,4148.0000,7214,-1,44738100.000,2,0,2,多平,S,4147.0000,4145.0000,4144.8000,4144.4000,4144.0000,4148.2000,4148.6000,4150.0000,4150.6000,4152.6000,1,2,2,1,1,5,6,1,5,5
SF,IF2004,2020-03-05 09:30:04.000,4147.0000,7214,0,45982200.000,1,0,1,多换,S,4145.0000,4144.8000,4144.0000,4143.6000,4143.4000,4147.2000,4148.0000,4148.2000,4148.6000,4150.0000,1,1,1,1,1,1,3,5,6,1
SF,IF2004,2020-03-05 09:30:04.500,4147.0000,7214,0,45982200.000,0,-,-,-,-,4147.2000,4145.2000,4145.0000,4144.8000,4144.0000,4148.0000,4148.2000,4148.6000,4150.0000,4150.6000,1,1,1,1,1,2,5,6,1,5
SF,IF2004,2020-03-05 09:30:05.000,4147.0000,7214,0,47226300.000,1,0,1,多换,S,4145.2000,4145.0000,4144.0000,4143.8000,4143.6000,4148.0000,4148.2000,4148.6000,4150.0000,4150.6000,1,1,1,1,1,2,5,6,1,5
SF,IF2004,2020-03-05 09:30:05.500,4148.0000,7213,-1,48470700.000,1,0,1,双平,S,4145.8000,4145.4000,4144.2000,4144.0000,4143.6000,4148.2000,4148.6000,4150.0000,4150.6000,4152.6000,1,2,1,1,1,5,6,1,5,5
SF,IF2004,2020-03-05 09:30:06.000,4148.0000,7213,0,48470700.000,0,-,-,-,-,4146.0000,4145.8000,4145.4000,4144.2000,4144.0000,4148.2000,4148.6000,4150.0000,4150.6000,4152.6000,2,1,1,1,1,5,6,1,5,5
SF,IF2004,2020-03-05 09:30:06.500,4148.0000,7213,0,48470700.000,0,-,-,-,-,4148.0000,4146.2000,4146.0000,4145.8000,4145.4000,4148.2000,4148.6000,4150.0000,4150.6000,4152.6000,1,1,2,1,1,5,6,1,5,5
SF,IF2004,2020-03-05 09:30:07.000,4148.0000,7212,-1,49715100.000,1,0,1,双平,S,4146.2000,4146.0000,4145.8000,4145.4000,4144.6000,4148.2000,4148.6000,4150.0000,4150.6000,4152.6000,1,2,1,1,1,5,6,1,5,5
SF,IF2004,2020-03-05 09:30:07.500,4148.0000,7212,0,49715100.000,0,-,-,-,-,4146.4000,4146.2000,4146.0000,4145.8000,4145.4000,4148.2000,4148.6000,4150.0000,4150.6000,4152.6000,1,1,1,1,1,5,6,1,5,5
SF,IF2004,2020-03-05 09:30:08.000,4148.0000,7212,0,49715100.000,0,-,-,-,-,4147.6000,4147.2000,4147.0000,4146.8000,4146.6000,4148.2000,4148.6000,4150.0000,4150.6000,4152.6000,1,1,2,2,1,5,6,1,5,5
SF,IF2004,2020-03-05 09:30:08.500,4148.2000,7212,0,57181680.000,6,3,3,多换,S,4148.2000,4147.2000,4146.4000,4145.0000,4142.8000,4148.6000,4150.0000,4150.6000,4152.6000,4154.2000,2,1,1,1,2,6,1,5,5,5
SF,IF2004,2020-03-05 09:30:09.000,4146.4000,7213,1,64647840.000,6,3,3,空开,S,4142.8000,4142.2000,4142.0000,4141.2000,4140.2000,4146.2000,4148.6000,4150.0000,4150.6000,4152.6000,2,3,1,1,1,1,6,1,5,5
SF,IF2004,2020-03-05 09:30:09.500,4146.2000,7211,-2,68379480.000,3,0,3,多平,S,4146.2000,4146.0000,4145.4000,4144.8000,4144.6000,4148.6000,4150.0000,4150.6000,4152.6000,4154.2000,11,1,1,1,2,6,1,5,5,5
SF,IF2004,2020-03-05 09:30:10.000,4146.2000,7211,0,68379480.000,0,-,-,-,-,4148.2000,4146.4000,4145.4000,4144.8000,4144.6000,4148.4000,4148.6000,4150.0000,4150.6000,4152.6000,1,1,1,1,1,2,6,1,5,5
SF,IF2004,2020-03-05 09:30:10.500,4148.0000,7209,-2,72112260.000,3,0,3,多平,S,4147.0000,4145.8000,4144.8000,4144.6000,4144.4000,4148.4000,4148.6000,4150.0000,4150.6000,4152.6000,1,1,1,1,3,2,6,1,5,5
SF,IF2004,2020-03-05 09:30:11.000,4145.8000,7208,-1,74600100.000,2,0,2,多平,S,4144.4000,4144.0000,4143.8000,4143.6000,4142.8000,4147.2000,4148.0000,4148.2000,4148.4000,4148.6000,1,2,1,2,2,1,20,1,2,6
SF,IF2004,2020-03-05 09:30:11.500,4145.8000,7208,0,74600100.000,0,-,-,-,-,4143.8000,4143.6000,4142.8000,4142.2000,4142.0000,4147.0000,4147.2000,4148.0000,4148.2000,4148.4000,1,1,2,3,1,3,1,20,1,1
SF,IF2004,2020-03-05 09:30:12.000,4146.8000,7208,0,75844140.000,1,0,1,多换,S,4142.8000,4142.2000,4142.0000,4141.2000,4140.2000,4146.8000,4147.0000,4147.2000,4148.0000,4148.6000,2,3,1,1,1,2,5,2,20,6
SF,IF2004,2020-03-05 09:30:12.500,4146.8000,7208,0,75844140.000,0,-,-,-,-,4143.0000,4142.8000,4142.2000,4142.0000,4141.2000,4146.6000,4146.8000,4147.0000,4147.2000,4148.0000,1,2,3,1,1,5,3,3,2,20
SF,IF2004,2020-03-05 09:30:13.000,4146.8000,7208,0,75844140.000,0,-,-,-,-,4143.0000,4142.8000,4142.2000,4142.0000,4141.2000,4146.4000,4146.6000,4147.0000,4147.2000,4148.0000,1,2,3,1,1,1,5,2,1,20
SF,IF2004,2020-03-05 09:30:13.500,4146.8000,7208,0,75844140.000,0,-,-,-,-,4143.0000,4142.8000,4142.2000,4142.0000,4141.2000,4146.2000,4146.4000,4146.6000,4146.8000,4147.0000,1,2,3,1,1,2,1,3,1,2
SF,IF2004,2020-03-05 09:30:14.000,4146.8000,7208,0,75844140.000,0,-,-,-,-,4143.0000,4142.8000,4142.2000,4142.0000,4141.2000,4146.2000,4146.4000,4146.6000,4146.8000,4147.0000,1,2,3,1,1,3,1,1,1,2
SF,IF2004,2020-03-05 09:30:15.000,4146.8000,7208,0,75844140.000,0,-,-,-,-,4143.0000,4142.8000,4142.2000,4142.0000,4141.2000,4146.2000,4146.4000,4146.6000,4147.0000,4147.2000,1,2,3,1,1,3,1,1,2,1
SF,IF2004,2020-03-05 09:30:15.500,4146.8000,7208,0,75844140.000,0,-,-,-,-,4143.4000,4143.2000,4143.0000,4142.8000,4142.2000,4146.2000,4146.4000,4146.6000,4147.0000,4147.2000,1,2,1,2,3,2,1,1,2,1
SF,IF2004,2020-03-05 09:30:16.000,4146.8000,7208,0,75844140.000,0,-,-,-,-,4143.4000,4143.2000,4143.0000,4142.8000,4142.2000,4145.0000,4146.2000,4146.4000,4146.6000,4147.0000,1,2,1,2,3,20,3,1,1,2
SF,IF2004,2020-03-05 09:30:16.500,4146.8000,7208,0,75844140.000,0,-,-,-,-,4143.4000,4143.0000,4142.8000,4142.2000,4142.0000,4145.0000,4146.0000,4146.2000,4146.4000,4146.6000,1,1,3,3,1,21,1,2,1,1
SF,IF2004,2020-03-05 09:30:17.000,4146.8000,7208,0,75844140.000,0,-,-,-,-,4143.0000,4142.8000,4142.2000,4142.0000,4141.2000,4145.0000,4146.0000,4146.2000,4146.4000,4146.6000,1,3,3,1,1,21,1,2,1,1
SF,IF2004,2020-03-05 09:30:17.500,4145.0000,7208,0,80818140.000,4,2,2,多换,S,4143.0000,4142.8000,4142.2000,4142.0000,4141.2000,4144.8000,4145.0000,4146.0000,4146.2000,4146.4000,1,3,3,1,1,1,17,1,1,1
SF,IF2004,2020-03-05 09:30:18.000,4145.0000,7207,-1,87035640.000,5,2,3,多平,S,4143.2000,4143.0000,4142.8000,4142.2000,4142.0000,4145.0000,4146.2000,4146.6000,4147.0000,4147.2000,2,1,3,3,1,13,1,1,2,1
SF,IF2004,2020-03-05 09:30:18.500,4145.0000,7207,0,88279140.000,1,0,1,多换,S,4143.6000,4143.2000,4143.0000,4142.8000,4142.2000,4145.0000,4146.2000,4147.2000,4148.6000,4150.0000,1,2,1,3,3,12,1,1,6,1
SF,IF2004,2020-03-05 09:30:19.000,4145.0000,7207,0,88279140.000,0,-,-,-,-,4143.6000,4143.2000,4143.0000,4142.8000,4142.2000,4145.0000,4146.2000,4147.2000,4148.6000,4150.0000,1,3,1,3,3,12,1,1,6,1
SF,IF2004,2020-03-05 09:30:19.500,4145.0000,7207,0,88279140.000,0,-,-,-,-,4143.6000,4143.2000,4143.0000,4142.8000,4142.2000,4145.0000,4146.2000,4147.2000,4148.6000,4150.0000,1,3,1,3,3,12,1,1,6,1
SF,IF2004,2020-03-05 09:30:20.000,4145.0000,7207,0,88279140.000,0,-,-,-,-,4143.6000,4143.2000,4143.0000,4142.8000,4142.2000,4145.0000,4146.2000,4147.2000,4148.6000,4150.0000,1,2,1,3,3,12,1,1,6,1
SF,IF2004,2020-03-05 09:30:20.500,4143.6000,7206,-1,89522220.000,1,0,1,双平,S,4143.2000,4142.8000,4142.2000,4142.0000,4141.2000,4145.0000,4146.2000,4147.2000,4148.6000,4150.0000,2,3,3,1,1,12,1,1,6,1
SF,IF2004,2020-03-05 09:30:22.000,4143.6000,7206,0,89522220.000,0,-,-,-,-,4143.2000,4142.8000,4142.2000,4142.0000,4141.2000,4143.6000,4145.0000,4146.2000,4147.2000,4148.6000,2,3,3,1,1,1,12,1,1,6
SF,IF2004,2020-03-05 09:30:22.500,4145.0000,7205,-1,96982800.000,6,2,4,多平,S,4143.8000,4143.6000,4143.2000,4142.8000,4142.2000,4145.0000,4146.2000,4147.2000,4148.6000,4150.0000,1,12,2,3,3,7,1,1,6,1
SF,IF2004,2020-03-05 09:30:23.000,4145.0000,7205,0,96982800.000,0,-,-,-,-,4143.6000,4143.2000,4142.8000,4142.2000,4142.0000,4145.0000,4146.2000,4147.2000,4148.6000,4150.0000,13,2,3,3,1,7,1,1,6,1
SF,IF2004,2020-03-05 09:30:23.500,4144.0000,7204,-1,98226000.000,1,0,1,双平,S,4144.0000,4143.6000,4143.2000,4142.8000,4142.2000,4145.0000,4146.2000,4147.2000,4148.6000,4150.0000,4,13,2,3,3,7,1,1,6,1
SF,IF2004,2020-03-05 09:30:24.000,4144.0000,7204,0,98226000.000,0,-,-,-,-,4144.0000,4143.2000,4142.8000,4142.2000,4142.0000,4145.0000,4146.2000,4147.2000,4148.6000,4150.0000,5,2,3,3,1,7,1,1,6,1
SF,IF2004,2020-03-05 09:30:24.500,4144.0000,7200,-4,104442000.000,5,0,5,多平,S,4142.8000,4142.2000,4142.0000,4141.2000,4140.2000,4145.0000,4146.2000,4147.2000,4148.6000,4150.0000,3,3,1,1,1,7,1,1,6,1
SF,IF2004,2020-03-05 09:30:25.000,4144.0000,7200,0,104442000.000,0,-,-,-,-,4143.0000,4142.8000,4142.2000,4142.0000,4141.2000,4145.0000,4146.2000,4147.2000,4148.6000,4150.0000,2,3,3,1,1,7,1,1,6,1
SF,IF2004,2020-03-05 09:30:25.500,4144.0000,7200,0,104442000.000,0,-,-,-,-,4143.0000,4142.8000,4142.2000,4142.0000,4141.2000,4145.0000,4145.2000,4146.2000,4147.2000,4148.6000,2,3,3,1,1,7,2,1,1,6
SF,IF2004,2020-03-05 09:30:26.000,4144.0000,7200,0,104442000.000,0,-,-,-,-,4142.8000,4142.2000,4142.0000,4141.2000,4140.2000,4144.8000,4145.0000,4145.2000,4147.2000,4148.6000,3,3,1,1,1,3,7,2,1,6
SF,IF2004,2020-03-05 09:30:26.500,4142.8000,7197,-3,108170520.000,3,0,3,双平,S,4142.2000,4142.0000,4141.2000,4140.2000,4140.0000,4143.0000,4144.8000,4145.0000,4145.2000,4147.2000,3,1,1,1,8,1,3,7,2,1
SF,IF2004,2020-03-05 09:30:27.000,4143.0000,7197,0,109413420.000,1,0,1,多换,S,4143.0000,4142.2000,4142.0000,4141.2000,4140.2000,4144.8000,4145.0000,4145.2000,4148.6000,4150.0000,5,3,1,1,1,2,7,2,6,6
SF,IF2004,2020-03-05 09:30:27.500,4143.0000,7193,-4,114385020.000,4,0,4,双平,S,4143.0000,4142.2000,4142.0000,4141.2000,4140.2000,4144.0000,4144.4000,4144.6000,4144.8000,4145.0000,1,3,1,1,1,1,1,2,3,7
SF,IF2004,2020-03-05 09:30:28.000,4142.2000,7191,-2,116870580.000,2,0,2,双平,S,4142.2000,4142.0000,4141.2000,4140.2000,4140.0000,4142.4000,4143.8000,4144.0000,4144.4000,4144.6000,2,1,1,1,2,2,1,1,1,2
SF,IF2004,2020-03-05 09:30:28.500,4142.2000,7190,-1,119355900.000,2,0,2,多平,S,4142.0000,4141.2000,4140.2000,4140.0000,4136.8000,4142.4000,4143.8000,4144.0000,4144.4000,4144.6000,1,1,1,1,1,2,1,3,1,1
SF,IF2004,2020-03-05 09:30:29.000,4142.4000,7189,-1,121841340.000,2,0,2,多平,S,4142.0000,4141.2000,4140.2000,4140.0000,4136.8000,4143.8000,4144.0000,4144.4000,4144.6000,4144.8000,1,1,1,1,1,1,1,1,1,2
SF,IF2004,2020-03-05 09:30:29.500,4142.0000,7189,0,123083940.000,1,0,1,多换,S,4141.2000,4140.2000,4140.0000,4136.8000,4135.0000,4143.6000,4143.8000,4144.0000,4144.4000,4144.6000,1,1,1,1,7,1,1,1,1,1
SF,IF2004,2020-03-05 09:30:30.000,4142.0000,7189,0,123083940.000,0,-,-,-,-,4141.2000,4140.2000,4140.0000,4136.8000,4135.0000,4143.0000,4143.4000,4143.6000,4144.0000,4144.4000,1,1,1,1,7,1,1,1,1,1
SF,IF2004,2020-03-05 09:30:31.000,4142.0000,7189,0,123083940.000,0,-,-,-,-,4141.4000,4141.2000,4140.2000,4140.0000,4136.8000,4142.8000,4143.0000,4144.0000,4144.4000,4144.6000,1,1,1,1,1,1,1,1,1,1
SF,IF2004,2020-03-05 09:30:32.000,4141.4000,7188,-1,124326360.000,1,0,1,双平,S,4141.2000,4140.2000,4140.0000,4136.8000,4135.0000,4142.8000,4143.0000,4144.0000,4144.4000,4144.6000,1,1,1,1,7,1,1,1,1,1
SF,IF2004,2020-03-05 09:30:32.500,4141.4000,7188,0,124326360.000,0,-,-,-,-,4141.4000,4141.2000,4140.2000,4140.0000,4136.8000,4143.0000,4144.0000,4144.4000,4144.6000,4144.8000,2,1,1,1,1,1,1,1,1,2
SF,IF2004,2020-03-05 09:30:33.000,4141.4000,7188,0,124326360.000,0,-,-,-,-,4141.4000,4141.2000,4140.2000,4140.0000,4136.8000,4143.0000,4144.0000,4144.4000,4144.6000,4144.8000,1,1,1,1,1,1,1,1,1,2
SF,IF2004,2020-03-05 09:30:33.500,4143.0000,7189,1,125569260.000,1,1,0,双开,S,4141.4000,4141.2000,4140.2000,4140.0000,4136.8000,4144.0000,4144.8000,4145.0000,4145.2000,4148.0000,1,1,1,1,1,1,2,7,2,1
SF,IF2004,2020-03-05 09:30:34.000,4143.0000,7189,0,125569260.000,0,-,-,-,-,4141.6000,4141.4000,4141.2000,4140.2000,4140.0000,4142.8000,4143.8000,4144.0000,4144.8000,4145.0000,1,1,1,1,1,1,2,3,1,7
SF,IF2004,2020-03-05 09:30:34.500,4143.0000,7189,0,125569260.000,0,-,-,-,-,4141.8000,4141.4000,4141.2000,4140.2000,4140.0000,4142.8000,4143.8000,4144.0000,4144.8000,4145.0000,1,1,1,1,1,1,1,1,1,7
SF,IF2004,2020-03-05 09:30:35.000,4143.0000,7189,0,125569260.000,0,-,-,-,-,4141.8000,4141.4000,4141.2000,4140.2000,4140.0000,4143.8000,4144.0000,4144.8000,4145.0000,4145.2000,1,1,1,1,1,1,1,1,7,2
SF,IF2004,2020-03-05 09:30:35.500,4143.0000,7189,0,125569260.000,0,-,-,-,-,4142.0000,4141.8000,4141.4000,4141.2000,4140.2000,4143.6000,4143.8000,4144.0000,4144.8000,4145.0000,1,1,1,1,1,2,1,1,1,7
SF,IF2004,2020-03-05 09:30:36.000,4143.0000,7189,0,125569260.000,0,-,-,-,-,4142.0000,4141.8000,4141.4000,4141.2000,4140.2000,4143.4000,4143.6000,4144.0000,4144.8000,4145.0000,1,1,1,1,1,1,2,1,1,7
SF,IF2004,2020-03-05 09:30:36.500,4143.0000,7189,0,125569260.000,0,-,-,-,-,4141.8000,4141.4000,4141.2000,4140.2000,4140.0000,4143.4000,4143.6000,4144.0000,4144.8000,4145.0000,1,1,1,1,1,1,1,1,1,7
SF,IF2004,2020-03-05 09:30:37.000,4143.0000,7189,0,125569260.000,0,-,-,-,-,4142.0000,4141.8000,4141.4000,4141.2000,4140.2000,4143.2000,4143.4000,4144.0000,4144.8000,4145.0000,5,1,1,1,1,2,1,1,1,7
SF,IF2004,2020-03-05 09:30:37.500,4143.0000,7189,0,125569260.000,0,-,-,-,-,4142.0000,4141.8000,4141.4000,4141.2000,4140.2000,4143.2000,4143.4000,4144.0000,4144.8000,4145.0000,5,1,1,1,1,1,1,1,1,7
SF,IF2004,2020-03-05 09:30:38.500,4143.0000,7189,0,125569260.000,0,-,-,-,-,4142.0000,4141.8000,4141.4000,4141.2000,4140.2000,4143.4000,4144.0000,4144.8000,4145.0000,4145.2000,5,1,1,1,1,1,1,1,7,2
SF,IF2004,2020-03-05 09:30:39.000,4143.0000,7189,0,125569260.000,0,-,-,-,-,4142.0000,4141.8000,4141.4000,4141.2000,4140.2000,4143.2000,4143.4000,4144.0000,4144.8000,4145.0000,5,1,1,1,1,1,1,1,1,7
SF,IF2004,2020-03-05 09:30:39.500,4143.0000,7189,0,125569260.000,0,-,-,-,-,4142.0000,4141.8000,4141.2000,4140.2000,4140.0000,4143.2000,4143.4000,4144.0000,4144.8000,4145.0000,5,1,1,1,1,1,1,1,1,7
SF,IF2004,2020-03-05 09:30:40.500,4142.0000,7184,-5,131782260.000,5,0,5,双平,S,4141.8000,4141.2000,4140.2000,4140.0000,4136.8000,4143.2000,4143.4000,4144.0000,4144.8000,4145.0000,1,1,1,1,1,1,1,1,1,7
SF,IF2004,2020-03-05 09:30:41.000,4143.2000,7183,-1,133025220.000,1,0,1,双平,S,4141.8000,4141.2000,4140.2000,4140.0000,4136.8000,4143.4000,4144.0000,4144.8000,4145.0000,4145.2000,1,1,1,1,1,1,1,1,7,2
SF,IF2004,2020-03-05 09:30:41.500,4143.2000,7183,0,133025220.000,0,-,-,-,-,4141.8000,4141.2000,4140.2000,4140.0000,4136.8000,4143.0000,4143.4000,4144.0000,4144.8000,4145.0000,1,1,1,1,1,1,1,1,1,7
SF,IF2004,2020-03-05 09:30:42.000,4142.0000,7178,-5,139238220.000,5,0,5,双平,S,4141.8000,4141.2000,4140.2000,4140.0000,4136.8000,4143.0000,4143.4000,4144.0000,4144.8000,4145.0000,1,1,1,1,1,1,1,1,1,7
SF,IF2004,2020-03-05 09:30:42.500,4143.0000,7177,-1,140481120.000,1,0,1,双平,S,4143.0000,4141.8000,4141.2000,4140.2000,4140.0000,4143.4000,4144.0000,4144.8000,4145.0000,4145.2000,3,1,1,1,1,1,1,1,7,2
SF,IF2004,2020-03-05 09:30:43.000,4143.0000,7174,-3,144209820.000,3,0,3,双平,S,4141.8000,4141.2000,4140.2000,4140.0000,4136.8000,4143.4000,4144.0000,4144.8000,4145.0000,4145.2000,1,1,1,1,1,2,1,1,7,2
SF,IF2004,2020-03-05 09:30:43.500,4143.0000,7174,0,144209820.000,0,-,-,-,-,4141.8000,4141.2000,4140.2000,4140.0000,4136.8000,4142.8000,4143.0000,4143.4000,4144.0000,4144.8000,1,1,1,1,1,3,5,2,1,1
SF,IF2004,2020-03-05 09:30:44.000,4143.0000,7174,0,144209820.000,0,-,-,-,-,4141.8000,4141.2000,4140.2000,4140.0000,4136.8000,4143.0000,4143.4000,4144.0000,4145.0000,4145.2000,1,1,1,1,1,5,1,1,7,2
SF,IF2004,2020-03-05 09:30:44.500,4143.0000,7174,0,144209820.000,0,-,-,-,-,4142.0000,4141.8000,4141.2000,4140.2000,4140.0000,4143.0000,4143.4000,4144.0000,4145.0000,4145.2000,2,1,1,1,1,5,1,1,7,2
SF,IF2004,2020-03-05 09:30:45.000,4143.0000,7174,0,144209820.000,0,-,-,-,-,4142.0000,4141.8000,4141.2000,4140.2000,4140.0000,4143.0000,4143.4000,4144.0000,4145.0000,4145.2000,1,1,1,1,1,5,1,1,7,2
SF,IF2004,2020-03-05 09:30:45.500,4141.8000,7174,0,146694960.000,2,1,1,多换,S,4141.2000,4140.2000,4140.0000,4136.8000,4135.0000,4141.8000,4143.0000,4143.4000,4144.0000,4145.0000,1,1,1,1,7,4,5,1,1,7
SF,IF2004,2020-03-05 09:30:46.000,4141.8000,7174,0,146694960.000,0,-,-,-,-,4141.2000,4140.2000,4140.0000,4136.8000,4135.0000,4141.8000,4142.8000,4143.0000,4144.0000,4145.0000,1,1,1,1,7,4,1,5,1,7
SF,IF2004,2020-03-05 09:30:46.500,4141.8000,7173,-1,147937500.000,1,0,1,双平,S,4141.2000,4140.2000,4140.0000,4136.8000,4135.0000,4141.8000,4142.8000,4143.0000,4144.0000,4145.0000,2,1,1,1,7,3,1,5,1,7
SF,IF2004,2020-03-05 09:30:47.000,4141.8000,7168,-5,154150200.000,5,0,5,双平,S,4141.2000,4140.2000,4140.0000,4136.8000,4135.0000,4141.8000,4142.8000,4143.0000,4144.0000,4145.0000,2,1,1,1,7,2,1,5,1,7
SF,IF2004,2020-03-05 09:30:47.500,4141.8000,7168,0,154150200.000,0,-,-,-,-,4141.2000,4140.2000,4140.0000,4136.8000,4135.0000,4141.8000,4142.8000,4143.0000,4144.0000,4145.0000,1,1,1,1,7,2,1,5,1,7
SF,IF2004,2020-03-05 09:30:49.000,4141.2000,7166,-2,157877640.000,3,0,3,多平,S,4140.2000,4140.0000,4136.8000,4135.0000,4130.0000,4141.2000,4142.8000,4143.0000,4144.0000,4145.0000,1,1,1,7,2,4,1,6,1,7
SF,IF2004,2020-03-05 09:30:49.500,4141.2000,7162,-4,162847080.000,4,0,4,双平,S,4141.8000,4141.4000,4141.2000,4140.4000,4140.2000,4142.8000,4143.0000,4144.0000,4145.0000,4145.2000,2,1,6,1,1,1,6,1,7,7
SF,IF2004,2020-03-05 09:30:50.000,4141.2000,7162,0,162847080.000,0,-,-,-,-,4140.4000,4140.2000,4140.0000,4136.8000,4135.0000,4142.8000,4143.0000,4144.0000,4145.0000,4145.2000,1,2,1,1,7,1,6,1,7,7
SF,IF2004,2020-03-05 09:30:50.500,4141.2000,7162,0,162847080.000,0,-,-,-,-,4140.4000,4140.2000,4140.0000,4136.8000,4135.0000,4141.4000,4142.8000,4143.0000,4144.0000,4145.0000,1,2,1,1,7,1,1,6,1,7
SF,IF2004,2020-03-05 09:30:51.000,4142.8000,7161,-1,165332340.000,2,0,2,多平,S,4141.4000,4140.4000,4140.2000,4140.0000,4136.8000,4142.0000,4143.0000,4144.0000,4145.0000,4145.2000,12,1,2,1,1,2,6,1,7,7
SF,IF2004,2020-03-05 09:30:51.500,4142.0000,7159,-2,169059780.000,3,0,3,多平,S,4141.4000,4140.4000,4140.2000,4140.0000,4136.8000,4142.0000,4143.0000,4144.0000,4145.0000,4145.2000,10,1,1,1,1,1,6,1,7,7
SF,IF2004,2020-03-05 09:30:52.000,4142.0000,7159,0,170302380.000,1,0,1,多换,S,4141.6000,4140.6000,4140.4000,4140.2000,4140.0000,4143.0000,4144.0000,4145.0000,4145.2000,4146.0000,1,1,1,1,1,6,1,7,7,1
SF,IF2004,2020-03-05 09:30:52.500,4142.0000,7153,-6,177757980.000,6,0,6,双平,S,4140.6000,4140.4000,4140.2000,4140.0000,4136.8000,4143.0000,4144.0000,4145.0000,4145.2000,4146.0000,1,1,1,1,1,6,1,7,7,1
SF,IF2004,2020-03-05 09:30:53.000,4142.0000,7153,0,177757980.000,0,-,-,-,-,4141.6000,4140.8000,4140.4000,4140.2000,4140.0000,4143.0000,4144.0000,4145.0000,4145.2000,4146.0000,2,2,1,1,1,6,1,7,7,1
SF,IF2004,2020-03-05 09:30:53.500,4142.0000,7153,0,177757980.000,0,-,-,-,-,4141.8000,4141.6000,4140.8000,4140.4000,4140.2000,4143.0000,4144.0000,4145.0000,4145.2000,4146.0000,1,2,2,1,1,6,1,7,7,1
SF,IF2004,2020-03-05 09:30:54.000,4142.0000,7153,0,177757980.000,0,-,-,-,-,4141.2000,4140.8000,4140.4000,4140.2000,4140.0000,4142.4000,4143.0000,4143.4000,4144.0000,4145.0000,5,1,1,1,1,1,6,1,1,7
SF,IF2004,2020-03-05 09:30:54.500,4142.0000,7153,0,177757980.000,0,-,-,-,-,4141.2000,4141.0000,4140.8000,4140.4000,4140.2000,4142.0000,4142.4000,4143.0000,4143.4000,4144.0000,5,5,1,1,1,1,2,6,1,1
SF,IF2004,2020-03-05 09:30:55.000,4142.4000,7150,-3,182728740.000,4,0,4,多平,S,4141.4000,4141.2000,4141.0000,4140.8000,4140.4000,4143.0000,4143.4000,4144.0000,4145.0000,4145.2000,1,5,5,1,1,6,1,1,7,7
SF,IF2004,2020-03-05 09:30:55.500,4142.4000,7150,0,182728740.000,0,-,-,-,-,4141.2000,4141.0000,4140.8000,4140.4000,4140.2000,4143.0000,4143.4000,4144.0000,4145.0000,4145.2000,5,5,1,1,1,6,1,1,8,7
SF,IF2004,2020-03-05 09:30:56.000,4142.4000,7150,0,182728740.000,0,-,-,-,-,4141.4000,4141.2000,4141.0000,4140.8000,4140.4000,4143.0000,4143.4000,4144.0000,4145.0000,4145.2000,1,5,5,1,1,6,1,1,9,7
SF,IF2004,2020-03-05 09:30:56.500,4142.4000,7150,0,182728740.000,0,-,-,-,-,4141.2000,4141.0000,4140.8000,4140.2000,4140.0000,4142.0000,4143.0000,4143.4000,4144.0000,4145.0000,5,5,1,1,1,1,6,1,1,9
SF,IF2004,2020-03-05 09:30:57.500,4142.4000,7150,0,182728740.000,0,-,-,-,-,4141.2000,4141.0000,4140.8000,4140.2000,4140.0000,4142.0000,4143.0000,4143.4000,4144.0000,4145.0000,5,5,1,1,1,1,6,1,1,9
SF,IF2004,2020-03-05 09:30:58.500,4142.4000,7150,0,182728740.000,0,-,-,-,-,4141.2000,4141.0000,4140.8000,4140.2000,4140.0000,4142.0000,4143.0000,4143.4000,4144.0000,4145.0000,5,5,1,1,1,1,6,1,1,9
SF,IF2004,2020-03-05 09:30:59.000,4142.0000,7150,0,183971340.000,1,0,1,多换,S,4142.0000,4141.2000,4141.0000,4140.8000,4140.2000,4143.0000,4143.4000,4144.0000,4145.0000,4145.2000,9,5,5,1,1,1,1,1,9,7
SF,IF2004,2020-03-05 09:30:59.500,4142.0000,7150,0,183971340.000,0,-,-,-,-,4142.0000,4141.2000,4141.0000,4140.8000,4140.2000,4143.0000,4143.4000,4144.0000,4145.0000,4145.2000,9,5,5,1,1,1,2,1,9,7
SF,IF2004,2020-03-05 09:31:00.000,4142.0000,7150,0,183971340.000,0,-,-,-,-,4142.0000,4141.2000,4141.0000,4140.8000,4140.2000,4143.0000,4143.4000,4144.0000,4145.0000,4145.2000,2,5,5,1,1,1,2,1,9,7
SF,IF2004,2020-03-05 09:31:00.500,4142.0000,7150,0,185213940.000,1,0,1,多换,S,4142.0000,4141.2000,4141.0000,4140.8000,4140.2000,4143.0000,4143.4000,4144.0000,4145.0000,4145.2000,1,5,5,1,1,1,2,1,9,7
SF,IF2004,2020-03-05 09:31:01.000,4142.0000,7150,0,185213940.000,0,-,-,-,-,4142.0000,4141.2000,4141.0000,4140.8000,4140.2000,4143.0000,4143.4000,4144.0000,4145.0000,4145.2000,1,5,5,1,1,1,2,1,9,7
SF,IF2004,2020-03-05 09:31:01.500,4142.0000,7150,0,185213940.000,0,-,-,-,-,4142.0000,4141.2000,4141.0000,4140.8000,4140.2000,4143.0000,4143.4000,4144.0000,4145.0000,4145.2000,1,5,5,1,1,1,2,1,9,7
SF,IF2004,2020-03-05 09:31:02.000,4142.0000,7150,0,186456540.000,1,0,1,多换,S,4141.2000,4141.0000,4140.8000,4140.2000,4140.0000,4142.0000,4143.0000,4143.4000,4144.0000,4145.0000,5,5,1,1,1,4,1,2,1,9
SF,IF2004,2020-03-05 09:31:02.500,4142.0000,7147,-3,191426940.000,4,0,4,多平,S,4141.2000,4141.0000,4140.8000,4140.2000,4140.0000,4143.0000,4143.4000,4144.0000,4145.0000,4145.2000,5,5,1,1,2,1,2,1,9,7
SF,IF2004,2020-03-05 09:31:03.000,4142.0000,7147,0,191426940.000,0,-,-,-,-,4141.2000,4141.0000,4140.8000,4140.2000,4140.0000,4143.0000,4143.4000,4144.0000,4144.4000,4145.0000,5,5,1,1,2,1,2,1,1,9
SF,IF2004,2020-03-05 09:31:03.500,4142.0000,7147,0,191426940.000,0,-,-,-,-,4141.2000,4141.0000,4140.8000,4140.2000,4140.0000,4143.0000,4143.4000,4144.0000,4144.4000,4145.0000,5,5,1,1,2,1,2,1,1,9
SF,IF2004,2020-03-05 09:31:04.000,4142.0000,7147,0,191426940.000,0,-,-,-,-,4141.4000,4141.2000,4141.0000,4140.8000,4140.2000,4143.0000,4143.4000,4144.0000,4144.4000,4145.0000,4,5,5,1,1,1,2,1,1,9
SF,IF2004,2020-03-05 09:31:04.500,4142.0000,7147,0,191426940.000,0,-,-,-,-,4141.4000,4141.2000,4141.0000,4140.8000,4140.2000,4143.0000,4143.4000,4144.0000,4144.4000,4145.0000,4,5,5,1,1,1,2,1,1,9
SF,IF2004,2020-03-05 09:31:05.000,4142.0000,7147,0,191426940.000,0,-,-,-,-,4141.4000,4141.2000,4141.0000,4140.8000,4140.2000,4143.0000,4143.4000,4144.0000,4144.4000,4145.0000,1,5,5,1,1,1,2,1,1,9
SF,IF2004,2020-03-05 09:31:05.500,4143.0000,7147,0,192669840.000,1,0,1,多换,S,4141.6000,4141.4000,4141.2000,4141.0000,4140.8000,4143.4000,4144.0000,4144.4000,4145.0000,4145.2000,3,1,5,5,1,2,1,1,9,7
SF,IF2004,2020-03-05 09:31:06.000,4143.0000,7147,0,192669840.000,0,-,-,-,-,4141.8000,4141.6000,4141.2000,4141.0000,4140.2000,4143.4000,4144.0000,4144.4000,4145.0000,4145.2000,1,4,5,5,1,2,1,1,9,7
SF,IF2004,2020-03-05 09:31:06.500,4143.0000,7147,0,192669840.000,0,-,-,-,-,4142.0000,4141.8000,4141.6000,4141.2000,4141.0000,4143.4000,4144.4000,4145.0000,4145.2000,4145.4000,2,2,4,5,5,2,1,9,7,1
SF,IF2004,2020-03-05 09:31:07.000,4143.4000,7146,-1,193912860.000,1,0,1,双平,S,4142.2000,4142.0000,4141.8000,4141.6000,4141.2000,4143.4000,4144.4000,4145.0000,4145.2000,4145.4000,1,2,1,4,5,1,1,9,7,1
SF,IF2004,2020-03-05 09:31:07.500,4143.4000,7146,0,195155880.000,1,0,1,多换,S,4143.4000,4142.4000,4142.2000,4142.0000,4141.8000,4144.4000,4145.0000,4145.2000,4145.4000,4146.0000,1,1,2,2,1,1,9,7,1,1
SF,IF2004,2020-03-05 09:31:08.000,4144.4000,7146,0,196399200.000,1,0,1,多换,S,4142.4000,4142.2000,4142.0000,4141.8000,4141.6000,4145.0000,4145.2000,4145.4000,4146.0000,4146.4000,1,2,3,1,3,9,7,1,1,1
SF,IF2004,2020-03-05 09:31:08.500,4144.4000,7146,0,196399200.000,0,-,-,-,-,4142.6000,4142.4000,4142.2000,4142.0000,4141.8000,4144.8000,4145.0000,4145.2000,4145.4000,4146.0000,2,1,1,2,1,1,9,7,1,1
SF,IF2004,2020-03-05 09:31:09.000,4144.4000,7146,0,196399200.000,0,-,-,-,-,4142.6000,4142.4000,4142.2000,4142.0000,4141.8000,4144.6000,4144.8000,4145.0000,4145.2000,4145.4000,1,1,1,2,1,1,1,9,7,1
SF,IF2004,2020-03-05 09:31:09.500,4142.6000,7146,0,197641980.000,1,0,1,多换,S,4142.2000,4142.0000,4141.8000,4141.6000,4141.2000,4144.4000,4144.6000,4144.8000,4145.0000,4145.2000,1,1,1,1,5,1,1,1,9,7
SF,IF2004,2020-03-05 09:31:10.000,4142.6000,7146,0,197641980.000,0,-,-,-,-,4142.2000,4142.0000,4141.8000,4141.6000,4141.2000,4144.0000,4144.4000,4144.6000,4145.0000,4145.2000,1,1,1,1,5,1,2,1,9,7
SF,IF2004,2020-03-05 09:31:10.500,4142.6000,7146,0,197641980.000,0,-,-,-,-,4142.4000,4142.2000,4142.0000,4141.8000,4141.6000,4144.4000,4144.6000,4145.0000,4145.2000,4145.4000,1,1,1,1,1,2,1,9,7,1
SF,IF2004,2020-03-05 09:31:11.000,4142.6000,7146,0,197641980.000,0,-,-,-,-,4142.2000,4141.6000,4141.2000,4141.0000,4140.2000,4144.0000,4144.4000,4144.6000,4145.0000,4145.2000,1,1,5,5,1,1,2,1,9,7
SF,IF2004,2020-03-05 09:31:11.500,4142.6000,7146,0,197641980.000,0,-,-,-,-,4141.6000,4141.2000,4141.0000,4140.2000,4140.0000,4144.4000,4144.6000,4145.0000,4145.2000,4145.4000,1,5,5,1,2,2,1,9,7,1
SF,IF2004,2020-03-05 09:31:12.000,4142.6000,7146,0,197641980.000,0,-,-,-,-,4141.6000,4141.2000,4141.0000,4140.2000,4140.0000,4144.0000,4144.2000,4144.4000,4145.0000,4145.2000,1,5,5,1,2,1,1,2,9,7
SF,IF2004,2020-03-05 09:31:12.500,4142.6000,7146,0,197641980.000,0,-,-,-,-,4141.6000,4141.2000,4141.0000,4140.2000,4140.0000,4143.8000,4144.0000,4144.2000,4144.4000,4145.0000,1,5,5,1,2,2,1,1,1,9
SF,IF2004,2020-03-05 09:31:13.000,4142.6000,7146,0,197641980.000,0,-,-,-,-,4141.2000,4141.0000,4140.2000,4140.0000,4136.8000,4143.6000,4143.8000,4144.0000,4144.4000,4145.0000,5,5,1,2,1,1,2,1,1,9
SF,IF2004,2020-03-05 09:31:13.500,4142.6000,7146,0,197641980.000,0,-,-,-,-,4141.4000,4141.2000,4141.0000,4140.2000,4140.0000,4143.4000,4143.6000,4143.8000,4144.0000,4144.4000,1,5,5,1,2,1,1,1,1,1
SF,IF2004,2020-03-05 09:31:14.000,4141.4000,7145,-1,198884400.000,1,0,1,双平,S,4141.2000,4141.0000,4140.2000,4140.0000,4136.8000,4143.4000,4143.6000,4144.0000,4144.4000,4145.0000,5,5,1,2,1,2,1,1,1,9
SF,IF2004,2020-03-05 09:31:14.500,4141.4000,7145,0,198884400.000,0,-,-,-,-,4141.2000,4141.0000,4140.2000,4140.0000,4136.8000,4143.2000,4143.4000,4144.0000,4144.4000,4145.0000,5,5,1,2,1,1,2,1,1,9
SF,IF2004,2020-03-05 09:31:15.000,4141.2000,7145,0,203853840.000,4,2,2,多换,S,4141.2000,4141.0000,4140.2000,4140.0000,4136.8000,4143.0000,4143.2000,4144.0000,4144.4000,4145.0000,1,5,1,2,1,2,1,1,1,9
SF,IF2004,2020-03-05 09:31:15.500,4141.0000,7144,-1,206338500.000,2,0,2,多平,S,4141.0000,4140.2000,4140.0000,4136.8000,4136.2000,4142.8000,4143.0000,4144.0000,4144.4000,4145.0000,5,1,2,1,1,1,2,1,1,9
SF,IF2004,2020-03-05 09:31:16.000,4141.0000,7139,-5,212550000.000,5,0,5,双平,S,4140.2000,4140.0000,4136.8000,4136.2000,4135.0000,4142.6000,4142.8000,4143.0000,4144.0000,4144.4000,1,2,1,1,7,3,3,1,1,1
SF,IF2004,2020-03-05 09:31:16.500,4142.4000,7139,0,213792720.000,1,0,1,多换,S,4140.2000,4140.0000,4136.8000,4136.2000,4136.0000,4142.4000,4142.6000,4142.8000,4144.0000,4144.4000,1,3,1,1,2,1,3,2,1,1
SF,IF2004,2020-03-05 09:31:17.000,4140.2000,7139,0,215034780.000,1,0,1,多换,S,4140.0000,4136.8000,4136.2000,4136.0000,4135.0000,4140.8000,4141.8000,4142.2000,4142.4000,4145.0000,3,1,1,2,7,1,1,4,1,9
SF,IF2004,2020-03-05 09:31:17.500,4140.2000,7139,0,215034780.000,0,-,-,-,-,4140.0000,4136.8000,4136.2000,4136.0000,4135.0000,4140.8000,4141.8000,4142.2000,4142.4000,4145.0000,3,1,1,2,7,1,1,4,1,9
SF,IF2004,2020-03-05 09:31:18.000,4140.2000,7139,0,215034780.000,0,-,-,-,-,4140.0000,4136.8000,4136.2000,4136.0000,4135.0000,4142.2000,4142.4000,4145.0000,4145.2000,4145.4000,3,1,1,2,7,3,1,9,12,1
SF,IF2004,2020-03-05 09:31:18.500,4140.2000,7139,0,215034780.000,0,-,-,-,-,4140.0000,4136.8000,4136.2000,4136.0000,4135.0000,4142.0000,4142.2000,4145.0000,4145.2000,4145.4000,3,1,1,2,7,1,3,9,12,1
SF,IF2004,2020-03-05 09:31:19.000,4140.2000,7139,0,215034780.000,0,-,-,-,-,4140.0000,4137.4000,4136.8000,4136.2000,4136.0000,4141.8000,4142.0000,4142.2000,4145.0000,4145.2000,3,1,1,1,2,1,1,2,9,12
SF,IF2004,2020-03-05 09:31:19.500,4140.2000,7139,0,215034780.000,0,-,-,-,-,4140.0000,4137.4000,4136.8000,4136.2000,4136.0000,4141.8000,4142.0000,4142.2000,4143.4000,4145.0000,3,1,1,1,2,1,1,2,2,9
SF,IF2004,2020-03-05 09:31:20.500,4140.2000,7139,0,215034780.000,0,-,-,-,-,4140.0000,4137.4000,4136.8000,4136.2000,4136.0000,4140.8000,4141.8000,4142.0000,4142.2000,4143.4000,3,1,1,1,2,1,3,2,1,2
SF,IF2004,2020-03-05 09:31:21.000,4140.2000,7139,0,215034780.000,0,-,-,-,-,4140.0000,4137.4000,4136.8000,4136.2000,4136.0000,4141.8000,4142.0000,4142.2000,4143.4000,4144.6000,3,1,1,1,2,1,1,1,2,1
SF,IF2004,2020-03-05 09:31:21.500,4140.0000,7138,-1,218760780.000,3,1,2,多平,S,4137.4000,4136.8000,4136.2000,4136.0000,4135.0000,4140.8000,4141.6000,4141.8000,4142.0000,4142.2000,1,1,1,2,7,1,1,3,2,1
SF,IF2004,2020-03-05 09:31:22.000,4140.0000,7138,0,218760780.000,0,-,-,-,-,4138.4000,4138.2000,4137.6000,4137.4000,4136.8000,4140.6000,4141.8000,4142.2000,4143.4000,4144.6000,1,1,3,1,1,1,1,1,2,1
SF,IF2004,2020-03-05 09:31:22.500,4140.0000,7138,0,218760780.000,0,-,-,-,-,4138.6000,4138.4000,4138.2000,4137.6000,4137.4000,4140.6000,4141.8000,4143.4000,4144.6000,4145.0000,3,3,3,2,2,1,1,2,1,9
SF,IF2004,2020-03-05 09:31:23.000,4140.0000,7138,0,218760780.000,0,-,-,-,-,4138.8000,4138.6000,4138.4000,4137.6000,4137.4000,4140.6000,4141.8000,4143.4000,4144.6000,4145.0000,1,3,1,2,1,1,1,2,1,9
SF,IF2004,2020-03-05 09:31:23.500,4140.0000,7138,0,218760780.000,0,-,-,-,-,4139.0000,4138.8000,4138.6000,4138.4000,4137.6000,4140.6000,4141.8000,4143.4000,4144.6000,4145.0000,2,1,1,2,2,1,1,2,1,9
SF,IF2004,2020-03-05 09:31:24.000,4140.6000,7137,-1,220002960.000,1,0,1,双平,S,4140.8000,4139.2000,4139.0000,4138.8000,4138.4000,4141.8000,4143.4000,4144.6000,4145.0000,4145.2000,2,1,2,1,1,1,2,1,9,12
SF,IF2004,2020-03-05 09:31:24.500,4140.6000,7138,1,221245140.000,1,1,0,双开,S,4140.8000,4139.4000,4139.2000,4139.0000,4138.8000,4143.4000,4144.6000,4145.0000,4145.2000,4145.4000,1,1,3,2,1,2,1,9,12,1
SF,IF2004,2020-03-05 09:31:25.000,4140.6000,7138,0,221245140.000,0,-,-,-,-,4140.8000,4139.4000,4139.2000,4139.0000,4138.8000,4142.0000,4143.2000,4143.4000,4143.6000,4144.6000,1,1,3,1,1,1,2,2,1,1
SF,IF2004,2020-03-05 09:31:25.500,4140.6000,7138,0,221245140.000,0,-,-,-,-,4140.8000,4139.4000,4139.2000,4139.0000,4138.8000,4142.0000,4143.2000,4143.4000,4144.6000,4145.0000,1,1,3,1,1,2,1,2,1,9
SF,IF2004,2020-03-05 09:31:26.000,4140.6000,7138,0,221245140.000,0,-,-,-,-,4141.0000,4140.8000,4139.4000,4139.2000,4138.8000,4142.0000,4143.2000,4143.4000,4144.6000,4145.0000,1,2,1,3,1,2,1,2,1,9
SF,IF2004,2020-03-05 09:31:26.500,4142.0000,7137,-1,223730340.000,2,0,2,多平,S,4141.0000,4140.8000,4139.4000,4139.2000,4138.8000,4143.2000,4143.4000,4144.6000,4145.0000,4145.2000,1,2,1,3,1,1,2,1,9,12
SF,IF2004,2020-03-05 09:31:27.000,4142.0000,7137,0,223730340.000,0,-,-,-,-,4141.2000,4141.0000,4140.8000,4139.4000,4139.2000,4143.2000,4143.4000,4144.6000,4145.0000,4145.2000,1,2,1,1,3,1,2,1,9,12
SF,IF2004,2020-03-05 09:31:27.500,4141.4000,7138,1,224972760.000,1,1,0,双开,S,4141.2000,4141.0000,4140.8000,4139.2000,4138.8000,4143.0000,4143.2000,4143.4000,4144.6000,4145.0000,1,1,1,3,1,1,1,2,1,9
SF,IF2004,2020-03-05 09:31:28.000,4141.4000,7138,0,224972760.000,0,-,-,-,-,4140.8000,4139.2000,4138.8000,4137.6000,4136.8000,4142.8000,4143.0000,4143.4000,4145.0000,4145.2000,1,3,1,2,1,1,1,2,9,12
SF,IF2004,2020-03-05 09:31:28.500,4141.4000,7138,0,224972760.000,0,-,-,-,-,4141.0000,4140.8000,4139.2000,4138.8000,4137.6000,4143.4000,4145.0000,4145.2000,4145.4000,4146.0000,1,1,3,1,2,2,9,12,1,1
SF,IF2004,2020-03-05 09:31:29.000,4141.4000,7138,0,224972760.000,0,-,-,-,-,4141.2000,4141.0000,4140.8000,4139.2000,4138.8000,4143.4000,4145.0000,4145.2000,4145.4000,4145.8000,1,1,1,3,1,2,9,12,1,1
SF,IF2004,2020-03-05 09:31:29.500,4141.4000,7138,0,224972760.000,0,-,-,-,-,4141.4000,4141.2000,4140.8000,4139.2000,4138.8000,4143.4000,4145.0000,4145.2000,4145.4000,4145.8000,1,1,1,3,1,2,9,12,1,1
SF,IF2004,2020-03-05 09:31:30.000,4141.4000,7138,0,224972760.000,0,-,-,-,-,4141.6000,4141.4000,4140.8000,4139.2000,4138.8000,4143.4000,4145.0000,4145.2000,4145.4000,4145.8000,1,1,1,3,1,2,9,12,1,1
SF,IF2004,2020-03-05 09:31:30.500,4141.4000,7138,0,224972760.000,0,-,-,-,-,4141.6000,4141.4000,4140.8000,4139.2000,4138.8000,4143.4000,4145.0000,4145.2000,4145.4000,4145.8000,1,1,1,3,1,2,9,12,1,1
SF,IF2004,2020-03-05 09:31:31.000,4141.4000,7138,0,224972760.000,0,-,-,-,-,4141.8000,4141.6000,4140.8000,4139.2000,4138.8000,4143.4000,4145.0000,4145.2000,4145.4000,4145.8000,1,1,1,3,1,2,9,12,1,1
SF,IF2004,2020-03-05 09:31:31.500,4141.4000,7138,0,224972760.000,0,-,-,-,-,4141.8000,4141.6000,4140.8000,4139.2000,4138.8000,4143.0000,4143.4000,4145.0000,4145.2000,4145.4000,2,1,1,3,1,1,2,9,12,1
SF,IF2004,2020-03-05 09:31:32.000,4141.4000,7138,0,224972760.000,0,-,-,-,-,4141.8000,4140.8000,4139.2000,4138.8000,4137.6000,4143.0000,4143.4000,4145.0000,4145.2000,4145.4000,2,1,3,1,1,1,2,9,12,1
SF,IF2004,2020-03-05 09:31:32.500,4141.8000,7136,-2,227457840.000,2,0,2,双平,S,4141.8000,4140.8000,4139.2000,4138.8000,4137.6000,4142.8000,4143.0000,4143.4000,4145.0000,4145.2000,1,1,3,1,1,1,1,2,9,12
SF,IF2004,2020-03-05 09:31:33.000,4142.8000,7136,0,228700680.000,1,0,1,多换,S,4142.0000,4141.8000,4140.8000,4139.2000,4138.8000,4143.0000,4143.4000,4144.0000,4145.0000,4145.2000,2,1,1,3,1,1,2,1,9,12
SF,IF2004,2020-03-05 09:31:33.500,4142.8000,7136,0,228700680.000,0,-,-,-,-,4142.2000,4142.0000,4140.8000,4139.2000,4138.8000,4143.0000,4143.4000,4144.0000,4145.0000,4145.2000,1,2,1,3,1,1,2,1,9,12
SF,IF2004,2020-03-05 09:31:34.000,4142.8000,7136,0,228700680.000,0,-,-,-,-,4142.2000,4142.0000,4140.8000,4139.2000,4138.8000,4143.0000,4143.4000,4144.0000,4145.0000,4145.2000,1,2,1,3,1,1,2,1,9,12
SF,IF2004,2020-03-05 09:31:34.500,4143.0000,7136,0,229943580.000,1,0,1,多换,S,4142.2000,4142.0000,4140.8000,4139.2000,4138.8000,4143.4000,4144.0000,4145.0000,4145.2000,4145.4000,1,2,1,2,1,2,1,9,12,1
SF,IF2004,2020-03-05 09:31:35.000,4143.0000,7136,0,229943580.000,0,-,-,-,-,4142.4000,4142.2000,4142.0000,4140.8000,4139.2000,4143.4000,4144.0000,4145.0000,4145.2000,4145.4000,1,1,2,1,2,2,1,9,12,1
SF,IF2004,2020-03-05 09:31:35.500,4143.0000,7135,-1,231186480.000,1,0,1,双平,S,4142.4000,4142.2000,4142.0000,4140.8000,4139.2000,4143.4000,4144.0000,4145.0000,4145.2000,4145.4000,1,1,2,1,2,2,1,9,12,1
SF,IF2004,2020-03-05 09:31:36.000,4143.0000,7135,0,231186480.000,0,-,-,-,-,4140.8000,4139.2000,4138.8000,4137.6000,4136.8000,4143.4000,4144.0000,4145.0000,4145.2000,4145.4000,1,2,1,1,1,2,1,9,12,1
SF,IF2004,2020-03-05 09:31:36.500,4143.0000,7135,0,231186480.000,0,-,-,-,-,4142.4000,4141.4000,4141.0000,4140.8000,4139.2000,4143.4000,4144.0000,4145.0000,4145.2000,4145.4000,1,3,3,1,1,2,1,9,12,1
SF,IF2004,2020-03-05 09:31:37.000,4143.0000,7135,0,231186480.000,0,-,-,-,-,4142.4000,4141.4000,4141.0000,4140.8000,4139.2000,4143.4000,4144.0000,4145.0000,4145.2000,4145.4000,1,2,1,1,1,2,1,9,12,1
SF,IF2004,2020-03-05 09:31:38.500,4143.0000,7135,0,231186480.000,0,-,-,-,-,4142.4000,4141.4000,4141.0000,4140.8000,4139.2000,4143.4000,4144.0000,4145.0000,4145.2000,4145.4000,1,2,1,1,1,2,1,9,12,1
SF,IF2004,2020-03-05 09:31:39.000,4143.0000,7135,0,231186480.000,0,-,-,-,-,4141.4000,4141.0000,4140.8000,4139.2000,4138.8000,4143.4000,4144.0000,4145.0000,4145.2000,4145.4000,2,1,1,1,1,2,1,9,12,1
SF,IF2004,2020-03-05 09:31:39.500,4143.0000,7135,0,231186480.000,0,-,-,-,-,4141.6000,4141.4000,4141.0000,4140.8000,4139.2000,4143.4000,4144.0000,4145.0000,4145.2000,4145.4000,2,2,1,1,1,2,1,9,12,1
SF,IF2004,2020-03-05 09:31:40.000,4143.0000,7135,0,231186480.000,0,-,-,-,-,4141.0000,4140.8000,4139.2000,4138.8000,4137.6000,4143.4000,4143.6000,4144.0000,4145.0000,4145.2000,1,1,1,1,1,2,1,1,9,12
SF,IF2004,2020-03-05 09:31:40.500,4143.0000,7135,0,231186480.000,0,-,-,-,-,4141.8000,4141.2000,4141.0000,4140.8000,4139.2000,4143.4000,4143.6000,4144.0000,4145.0000,4145.2000,2,2,1,1,1,2,1,1,9,12
SF,IF2004,2020-03-05 09:31:41.500,4141.8000,7133,-2,233671560.000,2,0,2,双平,S,4141.2000,4141.0000,4140.8000,4139.2000,4138.8000,4142.6000,4143.4000,4143.6000,4144.0000,4145.0000,1,1,1,1,1,1,2,1,1,9
SF,IF2004,2020-03-05 09:31:42.000,4141.8000,7133,0,233671560.000,0,-,-,-,-,4141.2000,4140.8000,4139.2000,4138.8000,4137.6000,4142.6000,4143.4000,4143.6000,4144.0000,4145.0000,1,1,1,1,1,1,2,1,1,9
SF,IF2004,2020-03-05 09:31:43.000,4141.8000,7133,0,233671560.000,0,-,-,-,-,4141.4000,4140.8000,4139.2000,4138.8000,4137.6000,4142.6000,4142.8000,4143.4000,4143.6000,4144.0000,1,1,1,1,1,1,1,2,1,1
SF,IF2004,2020-03-05 09:31:43.500,4141.8000,7133,0,233671560.000,0,-,-,-,-,4141.4000,4140.8000,4139.2000,4138.8000,4137.6000,4142.6000,4142.8000,4143.4000,4143.6000,4144.0000,1,1,1,1,1,1,1,2,1,1
SF,IF2004,2020-03-05 09:31:44.000,4141.8000,7133,0,233671560.000,0,-,-,-,-,4140.8000,4139.2000,4138.8000,4137.6000,4136.8000,4142.6000,4142.8000,4143.4000,4143.6000,4144.0000,1,1,1,1,1,1,1,2,1,1
SF,IF2004,2020-03-05 09:31:44.500,4141.8000,7133,0,233671560.000,0,-,-,-,-,4141.0000,4140.8000,4139.2000,4138.8000,4137.6000,4142.6000,4142.8000,4143.4000,4143.6000,4144.0000,3,1,1,1,1,1,1,2,1,1
SF,IF2004,2020-03-05 09:31:45.000,4141.8000,7133,0,233671560.000,0,-,-,-,-,4141.2000,4141.0000,4140.8000,4139.2000,4138.8000,4142.6000,4142.8000,4143.4000,4143.6000,4144.0000,1,3,1,1,1,1,1,2,1,1
SF,IF2004,2020-03-05 09:31:45.500,4141.8000,7133,0,233671560.000,0,-,-,-,-,4141.2000,4141.0000,4140.8000,4139.2000,4138.8000,4142.6000,4142.8000,4143.4000,4143.6000,4144.0000,1,2,1,1,1,1,1,2,1,1
SF,IF2004,2020-03-05 09:31:46.000,4141.8000,7133,0,233671560.000,0,-,-,-,-,4141.0000,4140.8000,4139.2000,4138.8000,4137.6000,4142.6000,4142.8000,4143.4000,4143.6000,4144.0000,3,1,1,1,1,1,1,2,1,1
SF,IF2004,2020-03-05 09:31:46.500,4141.8000,7133,0,233671560.000,0,-,-,-,-,4141.4000,4141.0000,4140.8000,4139.2000,4138.8000,4142.6000,4142.8000,4143.4000,4143.6000,4144.0000,1,3,1,1,1,1,1,2,1,1
SF,IF2004,2020-03-05 09:31:47.000,4142.6000,7133,0,234914340.000,1,0,1,多换,S,4141.4000,4141.0000,4140.8000,4139.2000,4138.8000,4142.8000,4143.4000,4143.6000,4144.0000,4145.0000,1,3,1,1,1,1,2,1,1,9
SF,IF2004,2020-03-05 09:31:47.500,4142.6000,7133,0,234914340.000,0,-,-,-,-,4141.0000,4140.8000,4139.2000,4138.8000,4137.6000,4142.6000,4142.8000,4143.4000,4143.6000,4144.0000,3,1,1,1,1,1,1,2,1,1
SF,IF2004,2020-03-05 09:31:48.000,4142.6000,7133,0,234914340.000,0,-,-,-,-,4141.6000,4141.2000,4141.0000,4140.8000,4139.2000,4142.6000,4142.8000,4143.4000,4143.6000,4144.0000,1,1,3,1,1,1,1,2,1,1
SF,IF2004,2020-03-05 09:31:48.500,4142.6000,7133,0,234914340.000,0,-,-,-,-,4141.6000,4141.2000,4141.0000,4140.8000,4139.2000,4142.6000,4142.8000,4143.4000,4143.6000,4144.0000,1,1,3,1,1,1,1,2,1,1
SF,IF2004,2020-03-05 09:31:49.000,4142.6000,7133,0,234914340.000,0,-,-,-,-,4141.6000,4141.0000,4140.8000,4139.2000,4138.8000,4142.6000,4142.8000,4143.4000,4143.6000,4144.0000,1,3,1,1,1,1,1,2,1,1
SF,IF2004,2020-03-05 09:31:49.500,4142.6000,7133,0,234914340.000,0,-,-,-,-,4141.0000,4140.8000,4139.2000,4138.8000,4137.6000,4142.6000,4142.8000,4143.4000,4143.6000,4144.0000,3,1,1,1,1,1,1,2,1,1
SF,IF2004,2020-03-05 09:31:50.500,4142.6000,7133,0,234914340.000,0,-,-,-,-,4141.0000,4140.8000,4139.2000,4138.8000,4137.6000,4142.4000,4142.6000,4142.8000,4143.4000,4143.6000,3,1,1,1,1,1,1,1,2,1
SF,IF2004,2020-03-05 09:31:51.000,4142.6000,7133,0,234914340.000,0,-,-,-,-,4141.0000,4140.8000,4139.2000,4138.8000,4137.6000,4142.6000,4142.8000,4143.4000,4143.6000,4144.0000,3,1,1,1,1,1,1,2,1,1
SF,IF2004,2020-03-05 09:31:51.500,4142.6000,7133,0,234914340.000,0,-,-,-,-,4141.0000,4140.8000,4139.2000,4138.8000,4137.6000,4142.4000,4142.6000,4142.8000,4143.4000,4143.6000,2,1,1,1,1,1,1,1,2,1
SF,IF2004,2020-03-05 09:31:52.000,4142.4000,7133,0,236157060.000,1,0,1,多换,S,4141.0000,4140.8000,4139.2000,4138.8000,4137.6000,4142.6000,4142.8000,4143.4000,4143.6000,4144.0000,2,1,1,1,1,6,1,2,1,1
SF,IF2004,2020-03-05 09:31:52.500,4141.0000,7132,-1,237399360.000,1,0,1,双平,S,4141.0000,4140.8000,4139.2000,4138.8000,4137.6000,4142.4000,4142.6000,4142.8000,4143.4000,4143.6000,1,1,1,1,1,1,6,1,2,1
SF,IF2004,2020-03-05 09:31:53.500,4141.0000,7132,0,237399360.000,0,-,-,-,-,4141.0000,4140.8000,4139.2000,4138.8000,4137.6000,4142.4000,4142.6000,4142.8000,4143.4000,4143.6000,1,1,1,1,1,1,6,1,2,1
SF,IF2004,2020-03-05 09:31:54.000,4142.2000,7132,0,238642020.000,1,0,1,多换,S,4141.0000,4140.8000,4139.2000,4138.8000,4137.6000,4142.2000,4142.4000,4142.6000,4142.8000,4143.4000,1,1,1,1,1,1,1,6,1,2
SF,IF2004,2020-03-05 09:31:54.500,4142.2000,7132,0,238642020.000,0,-,-,-,-,4141.0000,4140.8000,4139.2000,4138.8000,4137.6000,4142.4000,4142.6000,4142.8000,4143.4000,4143.6000,1,1,1,1,1,1,6,1,2,1
SF,IF2004,2020-03-05 09:31:55.500,4142.2000,7132,0,238642020.000,0,-,-,-,-,4141.0000,4140.8000,4139.2000,4138.8000,4137.6000,4142.4000,4142.6000,4142.8000,4143.4000,4143.6000,1,1,1,1,1,1,6,1,2,1
SF,IF2004,2020-03-05 09:31:56.500,4142.2000,7132,0,238642020.000,0,-,-,-,-,4141.0000,4140.8000,4139.2000,4138.8000,4137.6000,4142.4000,4142.6000,4142.8000,4143.4000,4143.6000,1,1,1,1,1,1,6,1,2,1
SF,IF2004,2020-03-05 09:31:57.000,4142.2000,7132,0,238642020.000,0,-,-,-,-,4141.0000,4140.8000,4139.2000,4138.8000,4137.6000,4142.4000,4142.6000,4142.8000,4143.4000,4143.6000,1,1,1,1,1,1,6,1,2,1
SF,IF2004,2020-03-05 09:31:57.500,4142.2000,7131,-1,242369220.000,3,1,2,多平,S,4139.2000,4138.8000,4137.6000,4136.8000,4136.2000,4142.4000,4142.6000,4142.8000,4143.4000,4143.6000,1,1,1,1,1,1,6,1,2,1
SF,IF2004,2020-03-05 09:31:58.000,4142.2000,7131,0,242369220.000,0,-,-,-,-,4139.4000,4139.2000,4138.8000,4137.6000,4136.8000,4142.4000,4142.6000,4142.8000,4143.4000,4143.6000,1,2,1,1,1,1,6,1,2,1
SF,IF2004,2020-03-05 09:31:58.500,4142.2000,7131,0,242369220.000,0,-,-,-,-,4139.6000,4139.4000,4139.2000,4138.8000,4137.6000,4142.4000,4142.6000,4142.8000,4143.4000,4143.6000,2,4,3,1,1,1,6,1,2,1
SF,IF2004,2020-03-05 09:31:59.000,4142.2000,7131,0,242369220.000,0,-,-,-,-,4139.8000,4139.6000,4139.4000,4139.2000,4138.8000,4141.6000,4142.4000,4142.6000,4142.8000,4143.4000,1,1,2,1,1,2,1,6,1,2
SF,IF2004,2020-03-05 09:31:59.500,4142.2000,7131,0,242369220.000,0,-,-,-,-,4139.8000,4139.6000,4139.4000,4139.2000,4138.8000,4141.6000,4142.4000,4142.6000,4142.8000,4143.4000,1,1,1,1,1,2,1,6,1,2
SF,IF2004,2020-03-05 09:32:00.000,4142.2000,7131,0,242369220.000,0,-,-,-,-,4140.2000,4139.8000,4139.6000,4139.2000,4138.8000,4141.6000,4142.4000,4142.6000,4142.8000,4143.4000,1,2,1,1,1,2,1,6,1,2
SF,IF2004,2020-03-05 09:32:00.500,4142.2000,7131,0,242369220.000,0,-,-,-,-,4139.8000,4139.6000,4139.2000,4138.8000,4137.6000,4141.6000,4142.4000,4142.6000,4142.8000,4143.4000,2,1,1,1,1,2,1,6,1,2
SF,IF2004,2020-03-05 09:32:01.000,4142.2000,7131,0,242369220.000,0,-,-,-,-,4140.4000,4139.8000,4139.6000,4139.2000,4138.8000,4141.6000,4142.4000,4142.6000,4142.8000,4143.4000,1,1,1,1,1,2,1,6,1,2
SF,IF2004,2020-03-05 09:32:01.500,4142.2000,7131,0,242369220.000,0,-,-,-,-,4140.4000,4139.8000,4139.6000,4139.2000,4138.8000,4141.4000,4141.6000,4142.4000,4142.6000,4142.8000,1,1,1,1,1,1,2,1,6,1
SF,IF2004,2020-03-05 09:32:02.000,4142.2000,7131,0,242369220.000,0,-,-,-,-,4139.8000,4139.6000,4139.2000,4138.8000,4137.6000,4141.4000,4141.6000,4142.4000,4142.6000,4142.8000,1,1,1,1,1,1,2,1,6,1
SF,IF2004,2020-03-05 09:32:02.500,4142.2000,7131,0,242369220.000,0,-,-,-,-,4141.0000,4140.0000,4139.8000,4139.6000,4139.2000,4141.6000,4142.4000,4142.6000,4142.8000,4143.4000,1,2,1,1,1,2,1,6,1,2
SF,IF2004,2020-03-05 09:32:03.000,4141.6000,7129,-2,244854180.000,2,0,2,双平,S,4141.0000,4140.0000,4139.8000,4139.6000,4139.2000,4142.4000,4142.6000,4142.8000,4143.4000,4143.6000,1,1,1,1,1,1,6,1,2,1
SF,IF2004,2020-03-05 09:32:03.500,4141.6000,7129,0,244854180.000,0,-,-,-,-,4141.0000,4140.0000,4139.8000,4139.6000,4139.2000,4142.4000,4142.6000,4142.8000,4143.4000,4143.6000,1,1,4,1,1,1,6,1,2,1
SF,IF2004,2020-03-05 09:32:04.000,4141.6000,7129,0,244854180.000,0,-,-,-,-,4141.2000,4141.0000,4139.8000,4139.6000,4139.2000,4142.4000,4142.6000,4142.8000,4143.4000,4143.6000,1,1,3,1,1,1,6,1,2,1
SF,IF2004,2020-03-05 09:32:04.500,4141.6000,7129,0,244854180.000,0,-,-,-,-,4141.0000,4139.8000,4139.6000,4139.2000,4138.8000,4142.4000,4142.6000,4142.8000,4143.4000,4143.6000,1,3,1,1,1,1,6,1,2,1
SF,IF2004,2020-03-05 09:32:05.000,4141.6000,7129,0,244854180.000,0,-,-,-,-,4141.0000,4139.8000,4139.6000,4139.2000,4138.8000,4142.0000,4142.4000,4142.6000,4142.8000,4143.4000,1,3,1,1,1,1,1,6,1,2
SF,IF2004,2020-03-05 09:32:06.500,4142.0000,7129,0,246096780.000,1,0,1,多换,S,4141.2000,4141.0000,4139.8000,4139.6000,4139.2000,4142.4000,4142.6000,4142.8000,4143.4000,4143.6000,1,1,3,1,1,1,6,1,2,1
SF,IF2004,2020-03-05 09:32:07.000,4142.0000,7129,0,246096780.000,0,-,-,-,-,4141.0000,4139.8000,4139.6000,4139.2000,4138.8000,4142.4000,4142.6000,4142.8000,4143.4000,4143.6000,1,3,1,1,1,1,6,1,2,1
SF,IF2004,2020-03-05 09:32:07.500,4142.2000,7128,-1,247339440.000,1,0,1,双平,S,4141.4000,4141.2000,4141.0000,4139.8000,4139.6000,4141.6000,4142.6000,4142.8000,4143.4000,4143.6000,1,2,1,3,1,1,6,1,2,1
SF,IF2004,2020-03-05 09:32:08.000,4141.6000,7127,-1,248581920.000,1,0,1,双平,S,4141.8000,4141.4000,4141.2000,4141.0000,4139.8000,4142.6000,4142.8000,4143.4000,4143.6000,4144.0000,1,2,1,1,3,6,1,2,1,1
SF,IF2004,2020-03-05 09:32:08.500,4141.6000,7127,0,248581920.000,0,-,-,-,-,4141.2000,4141.0000,4139.8000,4139.6000,4139.2000,4142.4000,4142.6000,4142.8000,4143.4000,4143.6000,1,1,3,1,1,1,6,1,2,1
SF,IF2004,2020-03-05 09:32:09.000,4141.6000,7127,0,248581920.000,0,-,-,-,-,4142.0000,4141.4000,4141.2000,4141.0000,4139.8000,4142.4000,4142.6000,4142.8000,4143.4000,4143.6000,5,2,1,1,3,1,6,1,2,1
SF,IF2004,2020-03-05 09:32:09.500,4142.6000,7125,-2,251067420.000,2,0,2,双平,S,4142.0000,4141.4000,4141.2000,4141.0000,4139.8000,4142.6000,4142.8000,4143.4000,4143.6000,4144.0000,5,2,1,1,3,5,1,2,1,1
SF,IF2004,2020-03-05 09:32:10.000,4142.8000,7119,-6,258524160.000,6,0,6,双平,S,4142.8000,4142.2000,4142.0000,4141.2000,4141.0000,4143.4000,4143.6000,4144.0000,4145.0000,4145.2000,1,1,5,1,1,2,1,1,9,13
SF,IF2004,2020-03-05 09:32:10.500,4142.8000,7119,0,258524160.000,0,-,-,-,-,4142.2000,4142.0000,4141.0000,4139.8000,4139.6000,4143.4000,4143.6000,4144.0000,4145.0000,4145.2000,1,5,1,3,1,2,1,1,9,13
SF,IF2004,2020-03-05 09:32:11.000,4142.8000,7119,0,258524160.000,0,-,-,-,-,4142.4000,4142.2000,4142.0000,4141.0000,4139.8000,4143.4000,4143.6000,4144.0000,4145.0000,4145.2000,2,1,5,1,3,2,1,1,9,13
SF,IF2004,2020-03-05 09:32:11.500,4142.8000,7119,0,258524160.000,0,-,-,-,-,4142.6000,4142.2000,4142.0000,4141.0000,4139.8000,4143.4000,4143.6000,4144.0000,4145.0000,4145.2000,3,1,5,1,3,2,1,1,9,13
SF,IF2004,2020-03-05 09:32:12.000,4142.8000,7119,0,258524160.000,0,-,-,-,-,4142.6000,4142.2000,4142.0000,4141.0000,4139.8000,4143.4000,4143.6000,4144.0000,4145.0000,4145.2000,3,1,5,1,3,2,1,1,9,13
SF,IF2004,2020-03-05 09:32:12.500,4142.8000,7119,0,258524160.000,0,-,-,-,-,4142.6000,4142.0000,4141.0000,4139.8000,4139.6000,4143.4000,4143.6000,4144.0000,4145.0000,4145.2000,1,5,1,3,1,2,1,1,9,13
SF,IF2004,2020-03-05 09:32:13.000,4142.6000,7119,0,259766940.000,1,0,1,多换,S,4142.0000,4141.0000,4139.8000,4139.2000,4138.8000,4143.4000,4143.6000,4144.0000,4145.0000,4145.2000,5,1,3,1,1,2,1,1,9,13
SF,IF2004,2020-03-05 09:32:13.500,4142.6000,7119,0,259766940.000,0,-,-,-,-,4142.4000,4142.2000,4142.0000,4141.0000,4139.8000,4143.4000,4143.6000,4144.0000,4145.0000,4145.2000,2,1,5,1,3,2,1,1,9,13
SF,IF2004,2020-03-05 09:32:14.000,4142.6000,7119,0,259766940.000,0,-,-,-,-,4142.4000,4142.0000,4141.0000,4139.8000,4139.2000,4143.4000,4143.6000,4144.0000,4145.0000,4145.2000,2,5,1,3,1,2,1,1,9,14
SF,IF2004,2020-03-05 09:32:15.000,4142.6000,7119,0,259766940.000,0,-,-,-,-,4142.0000,4141.0000,4139.8000,4139.2000,4138.8000,4143.4000,4143.6000,4144.0000,4145.0000,4145.2000,5,1,3,1,1,2,1,1,9,14
SF,IF2004,2020-03-05 09:32:16.000,4142.6000,7119,0,259766940.000,0,-,-,-,-,4142.2000,4142.0000,4141.0000,4139.8000,4139.2000,4143.4000,4143.6000,4144.0000,4145.0000,4145.2000,1,5,1,3,1,2,1,1,9,14
SF,IF2004,2020-03-05 09:32:17.500,4142.6000,7119,0,259766940.000,0,-,-,-,-,4142.0000,4141.0000,4139.8000,4139.2000,4138.8000,4143.4000,4143.6000,4144.0000,4145.0000,4145.2000,5,1,3,1,1,2,1,1,9,14
SF,IF2004,2020-03-05 09:32:18.500,4142.6000,7119,0,259766940.000,0,-,-,-,-,4142.2000,4142.0000,4141.0000,4139.8000,4139.2000,4143.4000,4143.6000,4144.0000,4145.0000,4145.2000,1,5,1,3,1,2,1,1,9,14
SF,IF2004,2020-03-05 09:32:19.500,4142.6000,7119,0,259766940.000,0,-,-,-,-,4142.0000,4141.0000,4139.8000,4139.2000,4138.8000,4143.4000,4143.6000,4144.0000,4145.0000,4145.2000,5,1,3,1,1,2,1,1,9,14
SF,IF2004,2020-03-05 09:32:21.500,4142.0000,7119,0,261009540.000,1,0,1,多换,S,4142.0000,4141.0000,4139.8000,4139.2000,4138.8000,4143.4000,4143.6000,4144.0000,4145.0000,4145.2000,4,1,3,1,1,2,1,1,9,14
SF,IF2004,2020-03-05 09:32:22.000,4142.0000,7119,0,262252140.000,1,0,1,多换,S,4142.0000,4141.0000,4139.8000,4139.2000,4138.8000,4143.4000,4143.6000,4144.0000,4145.0000,4145.2000,3,1,3,1,1,2,1,2,9,14
SF,IF2004,2020-03-05 09:32:22.500,4142.0000,7119,0,262252140.000,0,-,-,-,-,4142.0000,4141.0000,4139.8000,4139.2000,4138.8000,4143.2000,4143.4000,4143.6000,4144.0000,4145.0000,3,1,3,1,1,1,2,1,2,9
SF,IF2004,2020-03-05 09:32:23.000,4142.0000,7119,0,262252140.000,0,-,-,-,-,4142.0000,4141.0000,4139.8000,4139.2000,4138.8000,4143.0000,4143.2000,4143.4000,4143.6000,4144.0000,3,1,3,1,1,1,1,2,1,2
SF,IF2004,2020-03-05 09:32:26.500,4142.0000,7119,0,262252140.000,0,-,-,-,-,4142.2000,4142.0000,4141.0000,4139.8000,4139.2000,4143.0000,4143.2000,4143.4000,4143.6000,4144.0000,1,3,1,3,1,1,1,2,1,2
SF,IF2004,2020-03-05 09:32:27.000,4142.0000,7119,0,262252140.000,0,-,-,-,-,4142.2000,4142.0000,4141.0000,4139.8000,4139.2000,4143.4000,4143.6000,4144.0000,4145.0000,4145.2000,1,3,1,3,1,2,1,2,9,14
SF,IF2004,2020-03-05 09:32:27.500,4142.0000,7119,0,262252140.000,0,-,-,-,-,4142.4000,4142.0000,4141.0000,4139.8000,4139.2000,4143.4000,4143.6000,4144.0000,4145.0000,4145.2000,2,3,1,3,1,2,1,2,9,14
SF,IF2004,2020-03-05 09:32:29.000,4142.0000,7119,0,262252140.000,0,-,-,-,-,4142.0000,4141.0000,4139.8000,4139.2000,4138.8000,4143.4000,4143.6000,4144.0000,4145.0000,4145.2000,3,1,3,1,1,2,1,2,9,14
SF,IF2004,2020-03-05 09:32:29.500,4142.0000,7119,0,262252140.000,0,-,-,-,-,4142.0000,4141.0000,4139.8000,4139.2000,4138.8000,4143.4000,4143.6000,4144.0000,4145.0000,4145.2000,3,1,3,1,1,2,1,2,9,14
SF,IF2004,2020-03-05 09:32:30.000,4142.0000,7119,0,262252140.000,0,-,-,-,-,4142.4000,4142.2000,4142.0000,4141.0000,4139.8000,4143.4000,4143.6000,4144.0000,4145.0000,4145.2000,2,1,3,1,3,2,1,2,9,14
SF,IF2004,2020-03-05 09:32:30.500,4142.0000,7119,0,262252140.000,0,-,-,-,-,4142.4000,4142.2000,4142.0000,4141.0000,4139.8000,4143.4000,4143.6000,4144.0000,4145.0000,4145.2000,2,1,3,1,3,2,1,2,9,14
SF,IF2004,2020-03-05 09:32:31.000,4142.0000,7119,0,262252140.000,0,-,-,-,-,4142.2000,4142.0000,4141.0000,4139.8000,4139.2000,4143.4000,4143.6000,4144.0000,4145.0000,4145.2000,1,3,1,3,1,2,1,2,9,14
SF,IF2004,2020-03-05 09:32:31.500,4142.0000,7119,0,262252140.000,0,-,-,-,-,4142.6000,4142.2000,4142.0000,4141.0000,4139.8000,4143.4000,4143.6000,4144.0000,4145.0000,4145.2000,1,1,3,1,3,2,1,2,9,14
SF,IF2004,2020-03-05 09:32:32.000,4142.0000,7119,0,262252140.000,0,-,-,-,-,4142.2000,4142.0000,4141.0000,4139.8000,4139.2000,4143.4000,4143.6000,4144.0000,4145.0000,4145.2000,1,3,1,3,1,2,1,2,9,14
SF,IF2004,2020-03-05 09:32:32.500,4142.4000,7117,-2,265980900.000,3,0,3,多平,S,4142.4000,4142.2000,4142.0000,4141.0000,4139.8000,4143.6000,4144.0000,4145.0000,4145.2000,4145.4000,2,1,3,1,3,1,2,9,14,1
SF,IF2004,2020-03-05 09:32:33.000,4142.0000,7119,2,269708940.000,3,2,1,空开,S,4142.0000,4141.0000,4139.8000,4139.2000,4138.8000,4143.6000,4144.0000,4145.0000,4145.2000,4145.4000,2,1,3,1,1,1,2,9,14,1
SF,IF2004,2020-03-05 09:32:33.500,4142.0000,7119,0,269708940.000,0,-,-,-,-,4142.0000,4141.0000,4139.8000,4139.2000,4138.8000,4143.6000,4144.0000,4145.0000,4145.2000,4145.4000,2,1,3,1,1,2,2,9,14,1
SF,IF2004,2020-03-05 09:32:34.000,4142.0000,7119,0,269708940.000,0,-,-,-,-,4142.2000,4142.0000,4141.0000,4139.8000,4139.2000,4143.6000,4144.0000,4145.0000,4145.2000,4145.4000,1,2,1,3,1,2,2,9,14,1
SF,IF2004,2020-03-05 09:32:34.500,4143.6000,7118,-1,270952020.000,1,0,1,双平,S,4142.4000,4142.2000,4142.0000,4141.0000,4139.8000,4143.6000,4144.0000,4145.0000,4145.2000,4145.4000,1,1,2,1,3,1,2,9,14,1
SF,IF2004,2020-03-05 09:32:35.000,4143.6000,7118,0,272195100.000,1,0,1,多换,S,4142.6000,4142.4000,4142.2000,4142.0000,4141.0000,4144.0000,4145.0000,4145.2000,4145.4000,4145.8000,1,1,1,2,1,2,9,14,1,2
SF,IF2004,2020-03-05 09:32:35.500,4144.0000,7116,-2,274681500.000,2,0,2,双平,S,4144.0000,4142.8000,4142.6000,4142.2000,4142.0000,4145.0000,4145.2000,4145.4000,4145.8000,4146.0000,1,3,2,1,2,9,14,1,2,1
SF,IF2004,2020-03-05 09:32:36.000,4144.0000,7116,0,274681500.000,0,-,-,-,-,4144.0000,4142.8000,4142.6000,4142.2000,4142.0000,4145.0000,4145.2000,4145.4000,4145.8000,4146.0000,1,3,2,1,2,9,14,1,2,1
SF,IF2004,2020-03-05 09:32:36.500,4145.0000,7116,0,275925000.000,1,0,1,多换,S,4144.0000,4142.8000,4142.6000,4142.2000,4142.0000,4145.0000,4145.2000,4145.4000,4145.8000,4146.0000,1,3,2,1,2,8,14,1,2,1
SF,IF2004,2020-03-05 09:32:37.000,4145.0000,7116,0,282142500.000,5,2,3,多换,S,4144.2000,4144.0000,4142.6000,4142.2000,4142.0000,4145.0000,4145.2000,4145.4000,4145.8000,4146.0000,4,1,2,1,2,3,14,1,2,1
SF,IF2004,2020-03-05 09:32:37.500,4145.0000,7116,0,282142500.000,0,-,-,-,-,4144.4000,4144.2000,4142.6000,4142.0000,4141.0000,4145.0000,4145.2000,4145.4000,4145.8000,4146.0000,2,4,2,2,1,3,14,1,2,1
SF,IF2004,2020-03-05 09:32:38.000,4144.2000,7114,-2,284629080.000,2,0,2,双平,S,4142.6000,4142.0000,4141.0000,4139.8000,4136.8000,4145.0000,4145.2000,4145.4000,4145.8000,4146.0000,2,2,1,3,1,3,14,1,2,1
SF,IF2004,2020-03-05 09:32:38.500,4145.0000,7112,-2,288359580.000,3,0,3,多平,S,4145.0000,4144.4000,4144.0000,4143.6000,4143.4000,4145.2000,4145.4000,4145.8000,4146.0000,4146.4000,2,3,2,1,2,14,1,2,1,1
SF,IF2004,2020-03-05 09:32:39.000,4145.0000,7111,-1,290846580.000,2,0,2,多平,S,4144.4000,4143.4000,4142.8000,4142.6000,4142.0000,4145.2000,4145.4000,4145.8000,4146.0000,4146.4000,1,2,6,2,2,14,1,2,1,1
SF,IF2004,2020-03-05 09:32:39.500,4144.6000,7110,-1,292089960.000,1,0,1,双平,S,4144.4000,4143.4000,4142.8000,4142.6000,4142.0000,4145.2000,4145.4000,4145.8000,4146.0000,4146.4000,1,2,6,2,2,13,1,2,1,1
SF,IF2004,2020-03-05 09:32:40.000,4145.2000,7110,0,293333520.000,1,0,1,多换,S,4144.6000,4144.4000,4142.8000,4142.6000,4142.0000,4145.2000,4145.4000,4145.8000,4146.0000,4146.4000,3,3,2,2,2,12,1,2,1,1
SF,IF2004,2020-03-05 09:32:40.500,4145.2000,7110,0,293333520.000,0,-,-,-,-,4144.8000,4144.6000,4142.8000,4142.6000,4142.0000,4145.2000,4145.4000,4145.8000,4146.0000,4146.4000,1,2,2,2,2,12,1,2,1,1
SF,IF2004,2020-03-05 09:32:41.000,4145.2000,7110,0,293333520.000,0,-,-,-,-,4142.8000,4142.6000,4142.0000,4141.0000,4139.8000,4145.2000,4145.4000,4145.8000,4146.0000,4146.4000,2,2,2,1,3,12,1,2,1,1
SF,IF2004,2020-03-05 09:32:41.500,4145.2000,7110,0,294577080.000,1,0,1,多换,S,4143.6000,4143.0000,4142.8000,4142.6000,4142.0000,4145.2000,4145.4000,4145.8000,4146.0000,4146.4000,3,1,2,1,2,11,1,2,1,1
SF,IF2004,2020-03-05 09:32:42.000,4145.2000,7110,0,294577080.000,0,-,-,-,-,4143.8000,4143.6000,4142.8000,4142.6000,4142.0000,4145.2000,4145.4000,4145.8000,4146.0000,4146.4000,4,2,2,1,2,11,1,2,1,1
SF,IF2004,2020-03-05 09:32:42.500,4144.4000,7111,1,295820400.000,1,1,0,双开,S,4144.0000,4143.8000,4143.6000,4142.8000,4142.6000,4145.2000,4145.4000,4145.8000,4146.0000,4146.4000,2,4,3,1,1,11,1,2,1,1
SF,IF2004,2020-03-05 09:32:43.000,4145.2000,7112,1,298307520.000,2,1,1,空开,S,4144.6000,4144.4000,4144.2000,4144.0000,4143.8000,4145.2000,4145.4000,4145.8000,4146.0000,4146.4000,1,1,2,3,3,9,1,2,1,1
SF,IF2004,2020-03-05 09:32:43.500,4145.2000,7112,0,298307520.000,0,-,-,-,-,4143.8000,4142.8000,4142.6000,4142.0000,4141.0000,4145.2000,4145.4000,4145.8000,4146.0000,4146.4000,2,1,1,2,1,9,1,2,1,1
SF,IF2004,2020-03-05 09:32:44.000,4145.2000,7112,0,298307520.000,0,-,-,-,-,4144.6000,4144.0000,4143.8000,4142.8000,4142.6000,4145.2000,4145.4000,4145.8000,4146.0000,4146.4000,1,1,1,1,1,9,1,2,1,1
SF,IF2004,2020-03-05 09:32:44.500,4145.2000,7112,0,298307520.000,0,-,-,-,-,4144.8000,4144.6000,4144.4000,4144.0000,4143.8000,4145.2000,4145.4000,4145.8000,4146.0000,4146.4000,1,2,1,5,1,9,1,2,1,1
SF,IF2004,2020-03-05 09:32:45.000,4145.2000,7112,0,300794640.000,2,1,1,多换,S,4144.8000,4144.6000,4144.4000,4144.0000,4143.8000,4145.2000,4145.4000,4145.8000,4146.0000,4146.4000,1,2,1,5,1,7,1,2,1,1
SF,IF2004,2020-03-05 09:32:45.500,4144.6000,7111,-1,304524840.000,3,1,2,多平,S,4144.0000,4143.8000,4142.8000,4142.6000,4142.0000,4145.2000,4145.4000,4145.8000,4146.0000,4146.4000,3,1,1,1,2,7,1,2,1,1
SF,IF2004,2020-03-05 09:32:46.000,4144.6000,7111,0,304524840.000,0,-,-,-,-,4144.0000,4143.8000,4142.6000,4142.0000,4141.0000,4145.0000,4145.2000,4145.4000,4145.8000,4146.0000,2,1,1,2,1,2,7,1,2,1
SF,IF2004,2020-03-05 09:32:46.500,4144.6000,7111,0,304524840.000,0,-,-,-,-,4144.0000,4143.8000,4142.6000,4142.0000,4141.0000,4145.0000,4145.2000,4145.4000,4145.8000,4146.0000,1,1,1,2,1,2,7,1,2,1
SF,IF2004,2020-03-05 09:32:47.000,4144.6000,7111,0,304524840.000,0,-,-,-,-,4144.0000,4142.6000,4142.0000,4141.0000,4136.8000,4145.0000,4145.2000,4145.4000,4145.8000,4146.0000,1,1,2,1,1,2,7,1,2,1
SF,IF2004,2020-03-05 09:32:47.500,4144.6000,7111,0,304524840.000,0,-,-,-,-,4144.0000,4142.6000,4142.0000,4141.0000,4136.8000,4145.0000,4145.2000,4145.4000,4145.8000,4146.0000,1,1,2,1,1,1,7,1,2,1
SF,IF2004,2020-03-05 09:32:49.500,4144.6000,7111,0,304524840.000,0,-,-,-,-,4144.0000,4142.6000,4142.0000,4141.0000,4136.8000,4145.0000,4145.2000,4145.4000,4145.8000,4146.0000,2,1,2,1,1,4,7,1,2,1
SF,IF2004,2020-03-05 09:32:52.500,4144.6000,7111,0,304524840.000,0,-,-,-,-,4144.0000,4142.6000,4142.0000,4141.0000,4136.8000,4145.0000,4145.2000,4145.4000,4145.8000,4146.0000,2,1,2,1,1,4,7,1,2,1
SF,IF2004,2020-03-05 09:32:53.000,4144.6000,7111,0,304524840.000,0,-,-,-,-,4144.2000,4144.0000,4142.6000,4142.0000,4141.0000,4145.0000,4145.2000,4145.4000,4145.8000,4146.0000,1,2,1,2,1,4,7,1,2,1
SF,IF2004,2020-03-05 09:32:53.500,4144.0000,7109,-2,308254500.000,3,0,3,多平,S,4142.6000,4142.0000,4141.0000,4136.8000,4136.2000,4145.0000,4145.2000,4145.4000,4145.8000,4146.0000,1,2,1,1,1,4,9,1,2,1
SF,IF2004,2020-03-05 09:32:54.000,4144.0000,7109,0,308254500.000,0,-,-,-,-,4143.4000,4142.8000,4142.6000,4142.0000,4141.0000,4145.0000,4145.2000,4145.4000,4145.8000,4146.0000,2,1,1,2,1,4,9,1,2,1
SF,IF2004,2020-03-05 09:32:54.500,4144.0000,7109,0,308254500.000,0,-,-,-,-,4143.6000,4143.4000,4142.8000,4142.6000,4142.0000,4145.0000,4145.2000,4145.4000,4145.8000,4146.0000,1,2,2,1,2,4,9,1,2,1
SF,IF2004,2020-03-05 09:32:55.000,4144.0000,7109,0,308254500.000,0,-,-,-,-,4143.6000,4143.4000,4142.8000,4142.6000,4142.0000,4144.8000,4145.0000,4145.2000,4145.4000,4145.8000,1,2,2,1,2,2,4,9,1,2
SF,IF2004,2020-03-05 09:32:55.500,4144.0000,7109,0,308254500.000,0,-,-,-,-,4143.4000,4142.8000,4142.6000,4142.0000,4141.0000,4144.8000,4145.0000,4145.2000,4145.4000,4145.8000,2,2,1,2,1,2,4,9,1,2
SF,IF2004,2020-03-05 09:32:56.000,4144.0000,7109,0,308254500.000,0,-,-,-,-,4143.6000,4143.4000,4142.8000,4142.6000,4142.4000,4145.0000,4145.2000,4145.4000,4145.8000,4146.0000,1,1,2,1,1,4,9,1,2,1
SF,IF2004,2020-03-05 09:32:56.500,4145.0000,7109,0,310741380.000,2,1,1,多换,S,4143.4000,4142.8000,4142.6000,4142.4000,4142.0000,4145.0000,4145.2000,4145.4000,4145.8000,4146.0000,1,2,1,1,2,3,9,1,2,1
SF,IF2004,2020-03-05 09:32:57.000,4143.4000,7108,-1,311984400.000,1,0,1,双平,S,4142.8000,4142.6000,4142.4000,4142.0000,4141.0000,4145.0000,4145.2000,4145.4000,4145.8000,4146.0000,2,1,1,2,1,3,9,1,2,1
SF,IF2004,2020-03-05 09:32:57.500,4143.4000,7108,0,311984400.000,0,-,-,-,-,4143.0000,4142.8000,4142.6000,4142.4000,4142.0000,4145.0000,4145.2000,4145.4000,4145.8000,4146.0000,3,2,1,1,2,3,9,1,2,1
SF,IF2004,2020-03-05 09:32:58.000,4143.4000,7108,0,311984400.000,0,-,-,-,-,4143.2000,4143.0000,4142.8000,4142.6000,4142.4000,4145.0000,4145.2000,4145.4000,4145.8000,4146.0000,3,3,1,1,1,3,9,1,2,1
SF,IF2004,2020-03-05 09:32:58.500,4143.4000,7108,0,311984400.000,0,-,-,-,-,4143.4000,4143.2000,4143.0000,4142.8000,4142.6000,4145.0000,4145.2000,4145.4000,4145.8000,4146.0000,1,2,3,1,1,3,9,1,2,1
SF,IF2004,2020-03-05 09:32:59.000,4143.4000,7108,0,311984400.000,0,-,-,-,-,4143.4000,4143.2000,4143.0000,4142.8000,4142.6000,4144.8000,4145.0000,4145.2000,4145.4000,4145.8000,1,1,3,1,1,1,3,9,1,2
SF,IF2004,2020-03-05 09:32:59.500,4143.4000,7108,0,311984400.000,0,-,-,-,-,4143.6000,4143.4000,4143.2000,4143.0000,4142.8000,4144.8000,4145.0000,4145.2000,4145.4000,4145.8000,1,1,1,3,1,1,3,9,1,2
SF,IF2004,2020-03-05 09:33:00.000,4143.4000,7108,0,311984400.000,0,-,-,-,-,4143.6000,4143.4000,4143.0000,4142.8000,4142.6000,4145.0000,4145.2000,4145.4000,4145.8000,4146.0000,2,1,3,1,1,3,9,1,2,1
SF,IF2004,2020-03-05 09:33:00.500,4143.4000,7108,0,311984400.000,0,-,-,-,-,4143.8000,4143.6000,4143.4000,4143.0000,4142.8000,4145.0000,4145.2000,4145.4000,4145.8000,4146.0000,2,2,1,2,1,3,9,1,2,1
SF,IF2004,2020-03-05 09:33:01.000,4143.4000,7108,0,311984400.000,0,-,-,-,-,4144.0000,4143.6000,4143.4000,4143.0000,4142.8000,4145.0000,4145.2000,4145.4000,4145.8000,4146.0000,1,2,1,2,1,3,9,1,2,1
SF,IF2004,2020-03-05 09:33:01.500,4145.0000,7106,-2,314471400.000,2,0,2,双平,S,4144.0000,4143.6000,4143.4000,4143.0000,4142.8000,4145.0000,4145.2000,4145.4000,4145.8000,4146.0000,1,2,1,2,1,1,9,1,2,1
SF,IF2004,2020-03-05 09:33:02.000,4145.0000,7105,-1,315714900.000,1,0,1,双平,S,4144.2000,4143.6000,4143.4000,4143.0000,4142.8000,4145.2000,4145.4000,4145.8000,4146.0000,4146.4000,2,2,1,2,1,9,1,2,1,1
SF,IF2004,2020-03-05 09:33:03.000,4145.0000,7105,0,315714900.000,0,-,-,-,-,4144.4000,4144.2000,4143.6000,4143.4000,4143.0000,4145.2000,4145.4000,4145.8000,4146.0000,4146.4000,1,1,2,1,2,9,1,2,1,1
SF,IF2004,2020-03-05 09:33:03.500,4145.0000,7105,0,315714900.000,0,-,-,-,-,4144.4000,4143.6000,4143.4000,4143.0000,4142.8000,4145.2000,4145.4000,4145.8000,4146.0000,4146.4000,1,2,1,2,1,9,1,2,1,1
SF,IF2004,2020-03-05 09:33:04.500,4145.0000,7105,0,315714900.000,0,-,-,-,-,4143.6000,4143.4000,4143.0000,4142.8000,4142.6000,4145.2000,4145.4000,4145.8000,4146.0000,4146.4000,2,1,2,1,1,9,1,2,1,1
SF,IF2004,2020-03-05 09:33:05.000,4145.2000,7105,0,316958460.000,1,0,1,多换,S,4144.4000,4144.0000,4143.8000,4143.6000,4143.0000,4145.2000,4145.4000,4145.8000,4146.0000,4146.4000,2,2,2,3,1,8,1,2,1,1
SF,IF2004,2020-03-05 09:33:05.500,4145.2000,7105,0,316958460.000,0,-,-,-,-,4143.6000,4143.0000,4142.8000,4142.6000,4142.4000,4145.2000,4145.4000,4145.8000,4146.0000,4146.4000,2,1,1,1,1,8,1,2,1,1
SF,IF2004,2020-03-05 09:33:06.000,4145.2000,7105,0,318202020.000,1,0,1,多换,S,4144.0000,4143.8000,4143.6000,4143.0000,4142.8000,4145.2000,4145.4000,4145.8000,4146.0000,4146.4000,2,4,3,1,1,7,1,2,1,1
SF,IF2004,2020-03-05 09:33:06.500,4145.2000,7105,0,318202020.000,0,-,-,-,-,4143.8000,4143.6000,4143.0000,4142.8000,4142.6000,4145.2000,4145.4000,4145.8000,4146.0000,4146.4000,2,2,1,1,1,7,1,2,1,1
SF,IF2004,2020-03-05 09:33:07.000,4145.2000,7105,0,318202020.000,0,-,-,-,-,4144.0000,4143.8000,4143.6000,4143.0000,4142.8000,4145.2000,4145.4000,4145.8000,4146.0000,4146.4000,1,1,2,1,1,7,1,2,1,1
SF,IF2004,2020-03-05 09:33:07.500,4145.2000,7105,0,318202020.000,0,-,-,-,-,4144.0000,4143.6000,4143.0000,4142.8000,4142.6000,4145.2000,4145.4000,4145.8000,4146.0000,4146.4000,1,2,1,1,1,6,1,2,1,1
SF,IF2004,2020-03-05 09:33:08.000,4145.2000,7105,0,318202020.000,0,-,-,-,-,4143.6000,4143.0000,4142.8000,4142.6000,4142.4000,4145.0000,4145.2000,4145.4000,4145.8000,4146.0000,2,1,1,1,1,1,6,1,2,1
SF,IF2004,2020-03-05 09:33:10.500,4145.2000,7105,0,318202020.000,0,-,-,-,-,4143.6000,4143.2000,4143.0000,4142.8000,4142.6000,4145.0000,4145.2000,4145.4000,4145.8000,4146.0000,2,1,1,1,1,1,6,1,2,1
SF,IF2004,2020-03-05 09:33:11.000,4145.2000,7105,0,318202020.000,0,-,-,-,-,4143.6000,4143.2000,4143.0000,4142.8000,4142.6000,4145.2000,4145.4000,4145.8000,4146.0000,4146.4000,2,1,1,1,1,6,1,2,1,1
SF,IF2004,2020-03-05 09:33:11.500,4145.2000,7105,0,318202020.000,0,-,-,-,-,4143.6000,4143.2000,4143.0000,4142.8000,4142.6000,4144.6000,4145.2000,4145.4000,4145.8000,4146.0000,2,1,1,1,1,1,6,1,2,1
SF,IF2004,2020-03-05 09:33:12.500,4145.2000,7105,0,318202020.000,0,-,-,-,-,4143.6000,4143.2000,4143.0000,4142.8000,4142.6000,4144.6000,4145.2000,4145.4000,4145.8000,4146.0000,2,1,1,1,1,1,6,1,2,1
SF,IF2004,2020-03-05 09:33:13.000,4143.6000,7103,-2,320688180.000,2,0,2,双平,S,4143.2000,4143.0000,4142.8000,4142.6000,4142.0000,4144.6000,4145.2000,4145.4000,4145.8000,4146.0000,1,1,1,1,2,1,6,1,2,1
SF,IF2004,2020-03-05 09:33:13.500,4143.4000,7102,-1,321931200.000,1,0,1,双平,S,4143.4000,4143.2000,4143.0000,4142.8000,4142.6000,4145.2000,4145.4000,4145.8000,4146.0000,4146.4000,1,1,1,1,1,6,1,2,1,1
SF,IF2004,2020-03-05 09:33:14.000,4143.0000,7100,-2,325660080.000,3,0,3,多平,S,4142.8000,4142.6000,4142.0000,4141.0000,4136.8000,4143.2000,4144.2000,4144.4000,4145.0000,4145.2000,1,1,2,1,1,1,1,1,4,6
SF,IF2004,2020-03-05 09:33:14.500,4143.0000,7100,0,325660080.000,0,-,-,-,-,4143.2000,4143.0000,4142.6000,4142.0000,4141.0000,4144.4000,4144.8000,4145.0000,4145.2000,4145.4000,1,1,1,2,1,1,1,5,6,1
SF,IF2004,2020-03-05 09:33:15.000,4143.0000,7099,-1,328145940.000,2,0,2,多平,S,4142.6000,4142.0000,4141.0000,4136.8000,4136.2000,4143.4000,4144.2000,4144.4000,4145.0000,4145.2000,1,2,1,1,1,1,1,1,4,6
SF,IF2004,2020-03-05 09:33:15.500,4143.0000,7099,0,328145940.000,0,-,-,-,-,4142.6000,4142.0000,4141.0000,4136.8000,4136.2000,4143.4000,4144.2000,4144.4000,4145.0000,4145.2000,1,2,1,1,1,1,1,1,2,6
SF,IF2004,2020-03-05 09:33:17.000,4143.0000,7099,0,328145940.000,0,-,-,-,-,4142.6000,4142.0000,4141.0000,4136.8000,4136.2000,4143.4000,4144.4000,4145.0000,4145.2000,4145.4000,1,2,1,1,1,1,1,2,6,1
SF,IF2004,2020-03-05 09:33:17.500,4143.4000,7099,0,329388960.000,1,0,1,多换,S,4143.4000,4142.6000,4142.0000,4141.0000,4136.8000,4144.4000,4145.0000,4145.2000,4145.4000,4145.8000,13,1,2,1,1,1,2,6,1,2
SF,IF2004,2020-03-05 09:33:18.000,4143.4000,7099,0,329388960.000,0,-,-,-,-,4142.6000,4142.0000,4141.0000,4136.8000,4136.2000,4144.2000,4144.4000,4145.0000,4145.2000,4145.4000,1,2,1,1,1,3,1,1,6,1
SF,IF2004,2020-03-05 09:33:18.500,4143.4000,7099,0,329388960.000,0,-,-,-,-,4142.6000,4142.0000,4141.0000,4136.8000,4136.2000,4144.0000,4144.2000,4144.4000,4145.0000,4145.2000,1,2,1,1,1,1,2,2,1,6
SF,IF2004,2020-03-05 09:33:19.000,4142.6000,7098,-1,330631740.000,1,0,1,双平,S,4142.0000,4141.0000,4136.8000,4136.2000,4136.0000,4143.6000,4143.8000,4144.2000,4144.4000,4145.0000,2,1,1,1,2,1,1,1,2,1
SF,IF2004,2020-03-05 09:33:19.500,4142.6000,7098,0,330631740.000,0,-,-,-,-,4142.0000,4141.0000,4136.8000,4136.2000,4136.0000,4143.4000,4143.6000,4144.0000,4144.4000,4145.0000,2,1,1,1,2,1,1,1,2,1
SF,IF2004,2020-03-05 09:33:20.000,4142.6000,7098,0,330631740.000,0,-,-,-,-,4142.0000,4141.0000,4136.8000,4136.2000,4136.0000,4143.0000,4143.2000,4143.4000,4144.0000,4144.4000,2,1,1,1,2,1,1,1,1,2
SF,IF2004,2020-03-05 09:33:20.500,4145.0000,7093,-5,341820240.000,9,2,7,多平,S,4145.0000,4142.0000,4141.0000,4136.8000,4136.2000,4145.2000,4145.4000,4145.8000,4146.0000,4146.4000,11,2,1,1,1,6,1,2,1,1
SF,IF2004,2020-03-05 09:33:21.000,4145.0000,7082,-11,355498740.000,11,0,11,双平,S,4142.0000,4141.0000,4136.8000,4136.2000,4136.0000,4143.0000,4143.4000,4144.4000,4144.6000,4144.8000,2,1,1,1,2,1,1,2,5,2
SF,IF2004,2020-03-05 09:33:21.500,4145.0000,7082,0,355498740.000,0,-,-,-,-,4142.0000,4141.0000,4136.8000,4136.2000,4136.0000,4142.8000,4143.0000,4144.4000,4144.6000,4144.8000,2,1,1,1,2,1,1,2,2,1
SF,IF2004,2020-03-05 09:33:22.000,4145.0000,7082,0,355498740.000,0,-,-,-,-,4142.0000,4141.0000,4136.8000,4136.2000,4136.0000,4142.6000,4142.8000,4143.0000,4144.4000,4144.6000,2,1,1,1,2,1,1,1,4,2
SF,IF2004,2020-03-05 09:33:22.500,4145.0000,7082,0,355498740.000,0,-,-,-,-,4142.0000,4141.0000,4136.8000,4136.2000,4136.0000,4142.4000,4142.6000,4143.0000,4144.4000,4144.6000,2,1,1,1,2,1,1,1,5,5
SF,IF2004,2020-03-05 09:33:23.000,4142.6000,7080,-2,359226840.000,3,0,3,多平,S,4142.0000,4141.0000,4136.8000,4136.2000,4136.0000,4143.0000,4144.0000,4144.4000,4144.6000,4144.8000,1,1,1,1,2,1,1,5,6,2
SF,IF2004,2020-03-05 09:33:23.500,4142.0000,7080,0,360469440.000,1,0,1,多换,S,4141.0000,4136.8000,4136.2000,4136.0000,4135.0000,4143.0000,4144.0000,4144.4000,4144.6000,4144.8000,1,1,1,2,7,1,1,5,5,2
SF,IF2004,2020-03-05 09:33:24.000,4142.0000,7080,0,360469440.000,0,-,-,-,-,4141.2000,4141.0000,4136.8000,4136.2000,4136.0000,4142.8000,4143.0000,4144.0000,4144.4000,4144.6000,1,1,1,1,2,1,1,1,5,5
SF,IF2004,2020-03-05 09:33:24.500,4142.0000,7080,0,360469440.000,0,-,-,-,-,4141.0000,4136.8000,4136.2000,4136.0000,4135.0000,4142.8000,4143.0000,4144.0000,4144.4000,4144.6000,1,1,1,2,7,1,1,1,5,5
SF,IF2004,2020-03-05 09:33:25.000,4142.0000,7080,0,360469440.000,0,-,-,-,-,4141.0000,4136.8000,4136.2000,4136.0000,4135.0000,4142.0000,4142.8000,4143.0000,4144.0000,4144.2000,1,1,1,2,7,3,1,1,1,1
SF,IF2004,2020-03-05 09:33:25.500,4142.0000,7080,0,360469440.000,0,-,-,-,-,4141.0000,4136.8000,4136.2000,4136.0000,4135.0000,4142.0000,4142.6000,4142.8000,4143.6000,4144.0000,1,1,1,2,7,3,1,1,1,1
SF,IF2004,2020-03-05 09:33:26.000,4141.0000,7080,0,361711740.000,1,0,1,多换,S,4136.8000,4136.2000,4136.0000,4135.0000,4126.8000,4142.0000,4142.6000,4142.8000,4143.6000,4144.0000,1,1,2,7,1,3,1,1,1,1
SF,IF2004,2020-03-05 09:33:26.500,4141.0000,7079,-1,362954040.000,1,0,1,双平,S,4139.4000,4139.2000,4138.4000,4138.2000,4137.8000,4142.0000,4142.6000,4142.8000,4143.6000,4143.8000,1,3,2,3,1,3,1,1,1,1
SF,IF2004,2020-03-05 09:33:27.000,4141.0000,7079,0,362954040.000,0,-,-,-,-,4139.6000,4139.4000,4139.2000,4138.4000,4138.2000,4142.0000,4142.6000,4142.8000,4143.4000,4143.6000,1,1,2,2,3,3,1,3,2,1
SF,IF2004,2020-03-05 09:33:27.500,4141.0000,7079,0,362954040.000,0,-,-,-,-,4139.8000,4139.6000,4139.4000,4139.2000,4138.4000,4142.0000,4142.6000,4142.8000,4143.4000,4143.6000,3,3,1,3,2,3,1,3,2,2
SF,IF2004,2020-03-05 09:33:28.000,4141.0000,7079,0,362954040.000,0,-,-,-,-,4139.6000,4138.2000,4137.8000,4137.6000,4137.0000,4141.8000,4142.0000,4142.8000,4143.4000,4143.6000,2,2,1,1,1,1,3,3,2,2
SF,IF2004,2020-03-05 09:33:28.500,4141.0000,7079,0,362954040.000,0,-,-,-,-,4140.2000,4140.0000,4139.6000,4138.2000,4137.8000,4142.0000,4142.8000,4143.4000,4143.6000,4143.8000,1,1,2,2,1,3,3,2,1,1
SF,IF2004,2020-03-05 09:33:29.000,4141.0000,7079,0,362954040.000,0,-,-,-,-,4140.0000,4139.6000,4138.2000,4137.8000,4137.6000,4142.0000,4142.8000,4143.4000,4143.6000,4143.8000,1,1,2,1,1,3,3,2,1,1
SF,IF2004,2020-03-05 09:33:29.500,4141.0000,7079,0,362954040.000,0,-,-,-,-,4138.2000,4137.8000,4137.6000,4137.0000,4136.8000,4141.8000,4142.0000,4142.8000,4143.4000,4143.6000,2,1,1,1,1,1,3,2,2,1
SF,IF2004,2020-03-05 09:33:30.000,4141.0000,7079,0,362954040.000,0,-,-,-,-,4138.6000,4138.4000,4138.2000,4137.8000,4137.6000,4141.6000,4141.8000,4142.0000,4142.8000,4143.4000,1,3,2,1,1,1,2,3,2,2
SF,IF2004,2020-03-05 09:33:30.500,4141.0000,7079,0,362954040.000,0,-,-,-,-,4140.6000,4138.6000,4138.4000,4137.6000,4137.0000,4141.4000,4141.6000,4141.8000,4142.0000,4142.8000,1,1,3,1,1,2,2,1,3,2
SF,IF2004,2020-03-05 09:33:31.000,4140.6000,7078,-1,364196220.000,1,0,1,双平,S,4138.8000,4138.6000,4138.4000,4137.6000,4137.0000,4141.4000,4141.6000,4142.0000,4142.8000,4143.4000,1,1,2,1,1,2,1,3,2,2
SF,IF2004,2020-03-05 09:33:31.500,4140.6000,7078,0,364196220.000,0,-,-,-,-,4139.0000,4138.8000,4138.6000,4138.4000,4137.6000,4141.2000,4141.4000,4141.6000,4142.0000,4142.8000,1,1,1,1,1,1,1,1,3,2
SF,IF2004,2020-03-05 09:33:32.000,4140.6000,7078,0,364196220.000,0,-,-,-,-,4139.0000,4138.8000,4138.6000,4137.6000,4137.0000,4141.2000,4141.4000,4142.0000,4142.8000,4143.6000,1,1,1,1,1,1,1,3,2,1
SF,IF2004,2020-03-05 09:33:32.500,4140.6000,7078,0,364196220.000,0,-,-,-,-,4139.0000,4137.6000,4137.0000,4136.8000,4136.2000,4141.0000,4141.2000,4142.0000,4142.8000,4143.6000,1,1,1,1,1,3,1,3,2,1
SF,IF2004,2020-03-05 09:33:33.000,4140.6000,7078,0,364196220.000,0,-,-,-,-,4139.0000,4137.6000,4137.0000,4136.8000,4136.2000,4141.0000,4142.0000,4142.8000,4143.6000,4143.8000,1,1,1,1,1,3,3,2,1,1
SF,IF2004,2020-03-05 09:33:33.500,4139.0000,7078,0,365437920.000,1,0,1,多换,S,4137.6000,4137.0000,4136.8000,4136.2000,4136.0000,4140.8000,4141.0000,4142.0000,4142.8000,4143.6000,1,1,1,1,2,1,1,3,2,1
SF,IF2004,2020-03-05 09:33:34.000,4142.8000,7070,-8,375378720.000,8,0,8,双平,S,4142.8000,4137.8000,4137.0000,4136.8000,4136.2000,4143.6000,4143.8000,4144.2000,4144.4000,4144.6000,12,3,1,1,1,1,1,5,2,1
SF,IF2004,2020-03-05 09:33:34.500,4142.8000,7063,-7,390292800.000,12,2,10,多平,S,4137.8000,4137.0000,4136.8000,4136.2000,4136.0000,4140.0000,4140.4000,4141.2000,4141.8000,4142.0000,1,1,1,1,2,1,1,2,3,1
SF,IF2004,2020-03-05 09:33:35.000,4140.0000,7062,-1,391534800.000,1,0,1,双平,S,4138.2000,4138.0000,4137.8000,4137.0000,4136.8000,4139.8000,4141.2000,4141.8000,4142.0000,4142.8000,2,1,1,1,1,1,2,3,1,2
SF,IF2004,2020-03-05 09:33:35.500,4140.0000,7062,0,391534800.000,0,-,-,-,-,4138.4000,4138.0000,4137.8000,4136.8000,4136.2000,4139.8000,4141.2000,4141.6000,4141.8000,4142.0000,1,1,1,1,1,1,2,3,3,5
SF,IF2004,2020-03-05 09:33:36.000,4139.8000,7061,-1,392776740.000,1,0,1,双平,S,4138.6000,4138.4000,4138.2000,4137.8000,4136.8000,4141.2000,4141.6000,4141.8000,4142.0000,4142.2000,1,1,2,1,1,3,3,3,7,1
SF,IF2004,2020-03-05 09:33:36.500,4140.8000,7059,-2,395261160.000,2,0,2,双平,S,4141.0000,4138.8000,4138.6000,4138.4000,4137.8000,4141.2000,4141.6000,4141.8000,4142.0000,4142.2000,1,4,1,1,1,3,3,3,7,2
SF,IF2004,2020-03-05 09:33:37.000,4141.0000,7058,-1,396503460.000,1,0,1,双平,S,4138.8000,4138.4000,4137.8000,4136.8000,4136.2000,4140.2000,4140.8000,4141.0000,4141.2000,4141.6000,3,1,1,1,1,2,4,4,3,3
SF,IF2004,2020-03-05 09:33:37.500,4141.0000,7058,0,396503460.000,0,-,-,-,-,4139.0000,4138.8000,4138.4000,4136.8000,4136.2000,4140.2000,4140.8000,4141.0000,4141.2000,4141.6000,1,2,1,1,1,2,3,1,3,3
SF,IF2004,2020-03-05 09:33:38.000,4141.0000,7058,0,396503460.000,0,-,-,-,-,4139.0000,4138.8000,4136.8000,4136.2000,4136.0000,4140.2000,4140.8000,4141.0000,4141.2000,4141.6000,1,2,1,1,2,2,3,1,3,3
SF,IF2004,2020-03-05 09:33:38.500,4139.2000,7057,-1,397745220.000,1,0,1,双平,S,4139.0000,4138.8000,4136.8000,4136.2000,4136.0000,4140.2000,4140.8000,4141.0000,4141.2000,4141.6000,2,2,1,1,2,2,3,3,3,3
SF,IF2004,2020-03-05 09:33:39.000,4139.2000,7056,-1,398986980.000,1,0,1,双平,S,4139.0000,4136.8000,4136.2000,4136.0000,4135.0000,4140.0000,4140.8000,4141.0000,4141.2000,4141.6000,2,1,1,2,1,1,3,3,3,3
SF,IF2004,2020-03-05 09:33:39.500,4139.6000,7055,-1,400228860.000,1,0,1,双平,S,4139.0000,4136.8000,4136.2000,4136.0000,4135.0000,4140.0000,4140.8000,4141.0000,4141.2000,4141.6000,1,1,1,2,1,1,1,3,3,6
SF,IF2004,2020-03-05 09:33:40.000,4139.6000,7055,0,400228860.000,0,-,-,-,-,4139.0000,4136.8000,4136.2000,4136.0000,4135.0000,4140.8000,4141.0000,4141.2000,4141.6000,4141.8000,1,1,1,2,1,1,1,3,6,3
SF,IF2004,2020-03-05 09:33:40.500,4139.6000,7055,0,400228860.000,0,-,-,-,-,4139.0000,4136.8000,4136.2000,4136.0000,4135.0000,4139.8000,4140.0000,4140.2000,4140.4000,4140.6000,1,1,1,2,1,1,1,1,1,2
SF,IF2004,2020-03-05 09:33:41.000,4139.6000,7055,0,400228860.000,0,-,-,-,-,4139.0000,4136.8000,4136.2000,4136.0000,4135.0000,4140.0000,4140.2000,4140.6000,4141.0000,4141.2000,1,1,1,2,1,1,1,2,1,3
SF,IF2004,2020-03-05 09:33:41.500,4139.6000,7055,0,400228860.000,0,-,-,-,-,4139.0000,4136.8000,4136.2000,4136.0000,4135.0000,4140.0000,4140.2000,4140.6000,4141.0000,4141.2000,1,1,1,2,1,1,1,1,1,3
SF,IF2004,2020-03-05 09:33:42.000,4140.0000,7055,0,401470860.000,1,0,1,多换,S,4139.0000,4136.8000,4136.2000,4136.0000,4135.0000,4141.6000,4141.8000,4142.0000,4142.2000,4142.4000,2,1,1,2,1,1,3,7,3,1
SF,IF2004,2020-03-05 09:33:42.500,4140.0000,7055,0,401470860.000,0,-,-,-,-,4139.2000,4139.0000,4136.8000,4136.2000,4136.0000,4141.2000,4141.6000,4141.8000,4142.0000,4142.2000,1,2,1,1,2,2,1,3,7,3
SF,IF2004,2020-03-05 09:33:43.000,4140.0000,7055,0,401470860.000,0,-,-,-,-,4139.4000,4139.2000,4136.8000,4136.2000,4136.0000,4141.2000,4141.4000,4141.8000,4142.0000,4142.2000,1,1,1,1,2,4,1,3,7,2
SF,IF2004,2020-03-05 09:33:43.500,4140.0000,7055,0,401470860.000,0,-,-,-,-,4139.4000,4139.2000,4136.8000,4136.2000,4136.0000,4141.2000,4141.4000,4141.8000,4142.0000,4142.2000,1,1,1,1,2,1,1,3,7,2
SF,IF2004,2020-03-05 09:33:44.000,4139.4000,7054,-1,402712680.000,1,0,1,双平,S,4139.2000,4136.8000,4136.2000,4136.0000,4135.0000,4140.8000,4141.0000,4141.2000,4141.8000,4142.0000,1,1,1,2,1,2,2,2,3,3
SF,IF2004,2020-03-05 09:33:44.500,4139.4000,7054,0,402712680.000,0,-,-,-,-,4139.2000,4136.8000,4136.2000,4136.0000,4135.0000,4140.4000,4140.6000,4141.0000,4141.2000,4141.8000,1,1,1,2,1,1,3,2,2,3
SF,IF2004,2020-03-05 09:33:45.000,4139.2000,7053,-1,403954440.000,1,0,1,双平,S,4136.8000,4136.2000,4136.0000,4135.0000,4132.0000,4140.2000,4140.4000,4140.6000,4141.0000,4141.2000,1,1,2,1,1,2,3,2,2,2
SF,IF2004,2020-03-05 09:33:45.500,4139.2000,7053,0,403954440.000,0,-,-,-,-,4137.0000,4136.8000,4136.2000,4136.0000,4135.0000,4140.0000,4140.4000,4140.6000,4141.2000,4141.4000,1,1,1,2,1,1,3,1,2,1
SF,IF2004,2020-03-05 09:33:46.000,4139.2000,7053,0,403954440.000,0,-,-,-,-,4137.6000,4137.2000,4137.0000,4136.8000,4136.2000,4140.0000,4140.4000,4141.2000,4141.4000,4141.8000,1,2,2,1,1,1,1,2,1,6
SF,IF2004,2020-03-05 09:33:46.500,4139.2000,7053,0,403954440.000,0,-,-,-,-,4137.8000,4137.2000,4137.0000,4136.8000,4136.2000,4139.6000,4140.0000,4140.4000,4141.2000,4141.4000,1,1,1,1,1,1,1,1,4,1
SF,IF2004,2020-03-05 09:33:47.000,4140.0000,7050,-3,408922020.000,4,0,4,多平,S,4140.2000,4137.8000,4137.0000,4136.8000,4136.2000,4140.4000,4141.2000,4141.4000,4141.6000,4141.8000,6,1,1,1,1,1,4,1,2,6
SF,IF2004,2020-03-05 09:33:47.500,4140.2000,7045,-5,416374320.000,6,0,6,多平,S,4138.2000,4137.0000,4136.8000,4136.2000,4136.0000,4139.4000,4140.0000,4140.2000,4141.0000,4141.2000,1,1,1,1,2,1,3,2,3,4
SF,IF2004,2020-03-05 09:33:48.000,4140.2000,7045,0,416374320.000,0,-,-,-,-,4138.4000,4137.0000,4136.8000,4136.2000,4136.0000,4139.4000,4141.0000,4141.2000,4141.4000,4141.6000,3,1,1,1,2,1,5,5,1,2
SF,IF2004,2020-03-05 09:33:48.500,4139.4000,7044,-1,417616140.000,1,0,1,双平,S,4139.0000,4138.6000,4138.4000,4138.2000,4137.0000,4140.4000,4141.0000,4141.2000,4141.4000,4141.6000,7,2,1,1,1,1,5,4,1,2
SF,IF2004,2020-03-05 09:33:49.000,4139.0000,7044,0,418857840.000,1,0,1,多换,S,4139.0000,4138.4000,4138.2000,4137.0000,4136.8000,4140.0000,4141.0000,4141.2000,4141.4000,4141.6000,6,1,1,1,1,1,2,4,4,2
SF,IF2004,2020-03-05 09:33:49.500,4140.0000,7043,-1,420099840.000,1,0,1,双平,S,4139.2000,4139.0000,4138.4000,4138.2000,4137.0000,4141.0000,4141.2000,4141.4000,4141.6000,4141.8000,2,6,1,1,1,2,4,4,2,7
SF,IF2004,2020-03-05 09:33:50.000,4140.0000,7043,0,420099840.000,0,-,-,-,-,4140.0000,4139.2000,4139.0000,4138.4000,4137.0000,4140.4000,4140.6000,4141.0000,4141.2000,4141.4000,1,3,6,1,1,1,1,2,4,4
SF,IF2004,2020-03-05 09:33:50.500,4140.0000,7043,0,421341840.000,1,0,1,多换,S,4139.2000,4139.0000,4138.4000,4137.0000,4136.8000,4139.8000,4141.0000,4141.2000,4141.4000,4141.6000,2,6,1,1,1,1,2,2,4,2
SF,IF2004,2020-03-05 09:33:51.000,4140.0000,7041,-2,423825840.000,2,0,2,双平,S,4139.4000,4139.2000,4139.0000,4137.0000,4136.8000,4141.0000,4141.2000,4141.6000,4141.8000,4142.0000,1,1,6,1,1,2,2,2,7,2
SF,IF2004,2020-03-05 09:33:51.500,4140.0000,7041,0,423825840.000,0,-,-,-,-,4139.4000,4139.2000,4139.0000,4137.0000,4136.8000,4141.2000,4141.8000,4142.0000,4142.4000,4142.8000,1,1,6,1,1,2,4,2,5,1
SF,IF2004,2020-03-05 09:33:52.000,4140.0000,7041,0,423825840.000,0,-,-,-,-,4139.6000,4139.4000,4139.2000,4139.0000,4137.0000,4140.6000,4140.8000,4141.2000,4141.6000,4141.8000,1,1,1,6,1,1,1,2,2,3
SF,IF2004,2020-03-05 09:33:52.500,4140.0000,7041,0,423825840.000,0,-,-,-,-,4139.8000,4139.6000,4139.2000,4139.0000,4137.0000,4140.6000,4140.8000,4141.8000,4142.0000,4142.4000,2,1,1,6,1,1,1,3,3,5
SF,IF2004,2020-03-05 09:33:53.000,4140.0000,7041,0,423825840.000,0,-,-,-,-,4139.8000,4139.6000,4139.0000,4137.0000,4136.8000,4140.6000,4140.8000,4141.8000,4142.0000,4142.4000,2,1,6,1,1,1,1,3,2,5
SF,IF2004,2020-03-05 09:33:53.500,4140.0000,7041,0,423825840.000,0,-,-,-,-,4139.8000,4139.0000,4137.0000,4136.8000,4136.4000,4140.6000,4140.8000,4141.8000,4142.0000,4142.4000,1,6,1,1,1,1,1,3,2,5
SF,IF2004,2020-03-05 09:33:54.000,4140.0000,7041,0,423825840.000,0,-,-,-,-,4139.8000,4139.0000,4137.0000,4136.8000,4136.4000,4140.6000,4140.8000,4141.8000,4142.0000,4142.4000,1,6,1,1,1,1,1,3,2,5
SF,IF2004,2020-03-05 09:33:54.500,4139.8000,7040,-1,425067780.000,1,0,1,双平,S,4140.0000,4139.0000,4137.0000,4136.8000,4136.4000,4140.6000,4140.8000,4141.8000,4142.0000,4142.4000,1,6,1,1,1,1,1,3,2,2
SF,IF2004,2020-03-05 09:33:55.000,4140.0000,7039,-1,426309780.000,1,0,1,双平,S,4139.0000,4137.0000,4136.8000,4136.4000,4136.2000,4140.8000,4141.8000,4142.0000,4142.4000,4142.6000,6,1,1,1,1,1,6,2,2,2
SF,IF2004,2020-03-05 09:33:55.500,4140.0000,7039,0,426309780.000,0,-,-,-,-,4139.0000,4137.0000,4136.8000,4136.4000,4136.2000,4140.6000,4140.8000,4141.8000,4142.0000,4142.2000,6,1,1,1,1,2,1,6,2,1
SF,IF2004,2020-03-05 09:33:56.500,4140.0000,7039,0,426309780.000,0,-,-,-,-,4139.0000,4137.0000,4136.8000,4136.4000,4136.2000,4140.6000,4140.8000,4141.8000,4142.0000,4142.2000,6,1,1,1,1,2,1,6,3,1
SF,IF2004,2020-03-05 09:33:57.000,4140.0000,7038,-1,427551780.000,1,0,1,双平,S,4139.0000,4137.0000,4136.8000,4136.4000,4136.2000,4140.4000,4140.6000,4140.8000,4141.4000,4141.8000,6,1,1,1,1,1,2,1,3,3
SF,IF2004,2020-03-05 09:33:57.500,4140.0000,7038,0,427551780.000,0,-,-,-,-,4139.0000,4137.0000,4136.8000,4136.4000,4136.2000,4140.2000,4140.4000,4140.6000,4140.8000,4141.4000,6,1,1,1,1,1,1,2,1,3
SF,IF2004,2020-03-05 09:33:58.000,4139.0000,7038,0,432518580.000,4,2,2,多换,S,4139.0000,4137.0000,4136.8000,4136.4000,4136.2000,4139.8000,4140.2000,4140.4000,4140.6000,4141.4000,2,1,1,1,1,1,1,3,2,3
SF,IF2004,2020-03-05 09:33:58.500,4139.0000,7038,0,435001980.000,2,1,1,多换,S,4137.0000,4136.8000,4136.4000,4136.2000,4136.0000,4139.8000,4140.0000,4140.2000,4140.4000,4140.6000,1,1,1,1,2,1,1,1,2,2
SF,IF2004,2020-03-05 09:33:59.000,4139.0000,7038,0,435001980.000,0,-,-,-,-,4137.4000,4136.8000,4136.4000,4136.2000,4136.0000,4139.2000,4139.4000,4139.6000,4140.0000,4140.4000,1,1,1,1,2,1,1,1,2,2
SF,IF2004,2020-03-05 09:33:59.500,4139.0000,7038,0,435001980.000,0,-,-,-,-,4136.8000,4136.4000,4136.2000,4136.0000,4135.0000,4139.2000,4139.4000,4139.6000,4140.0000,4140.4000,1,1,1,2,2,2,2,1,2,2
SF,IF2004,2020-03-05 09:34:00.000,4139.0000,7038,0,435001980.000,0,-,-,-,-,4137.2000,4136.8000,4136.2000,4136.0000,4135.2000,4139.0000,4139.2000,4139.4000,4140.0000,4140.8000,1,1,1,2,1,2,3,1,2,1
SF,IF2004,2020-03-05 09:34:00.500,4139.0000,7038,0,435001980.000,0,-,-,-,-,4136.8000,4136.2000,4136.0000,4135.2000,4135.0000,4138.8000,4139.0000,4139.2000,4139.4000,4140.0000,1,1,2,1,2,1,3,3,1,2
SF,IF2004,2020-03-05 09:34:01.000,4139.0000,7038,0,435001980.000,0,-,-,-,-,4136.8000,4136.2000,4136.0000,4135.2000,4135.0000,4138.4000,4138.6000,4138.8000,4139.0000,4139.2000,1,1,2,1,2,1,1,1,2,3
SF,IF2004,2020-03-05 09:34:01.500,4139.0000,7038,0,435001980.000,0,-,-,-,-,4137.0000,4136.8000,4136.2000,4136.0000,4135.0000,4138.4000,4138.6000,4138.8000,4139.2000,4140.0000,1,1,1,2,2,2,1,1,3,3
SF,IF2004,2020-03-05 09:34:02.000,4139.0000,7038,0,435001980.000,0,-,-,-,-,4137.0000,4136.8000,4136.2000,4136.0000,4135.0000,4138.4000,4138.6000,4139.2000,4140.0000,4140.2000,1,1,1,2,2,2,1,3,3,1
SF,IF2004,2020-03-05 09:34:03.000,4138.6000,7035,-3,438726600.000,3,0,3,双平,S,4137.4000,4137.0000,4136.8000,4136.2000,4136.0000,4139.2000,4140.0000,4140.2000,4140.8000,4141.0000,1,1,1,1,2,3,3,1,2,2
SF,IF2004,2020-03-05 09:34:03.500,4138.6000,7035,0,438726600.000,0,-,-,-,-,4137.6000,4137.4000,4137.0000,4136.8000,4136.2000,4139.2000,4140.0000,4140.8000,4141.0000,4142.0000,3,2,1,1,1,1,2,5,2,2
SF,IF2004,2020-03-05 09:34:04.000,4137.8000,7035,0,439967940.000,1,0,1,多换,S,4137.8000,4137.6000,4137.0000,4136.8000,4136.2000,4139.2000,4140.0000,4140.8000,4141.0000,4142.0000,1,3,1,1,1,1,2,6,1,2
SF,IF2004,2020-03-05 09:34:04.500,4137.8000,7035,0,439967940.000,0,-,-,-,-,4138.2000,4138.0000,4137.6000,4137.0000,4136.8000,4140.0000,4140.8000,4142.0000,4142.4000,4142.8000,1,1,4,1,1,1,6,2,1,1
SF,IF2004,2020-03-05 09:34:05.000,4137.8000,7035,0,439967940.000,0,-,-,-,-,4138.0000,4137.6000,4136.8000,4136.2000,4136.0000,4139.8000,4140.0000,4140.8000,4141.4000,4142.0000,1,3,1,1,2,1,1,3,3,5
SF,IF2004,2020-03-05 09:34:05.500,4137.8000,7035,0,439967940.000,0,-,-,-,-,4138.4000,4138.0000,4137.6000,4136.8000,4136.2000,4140.0000,4140.8000,4141.4000,4142.0000,4142.4000,1,1,3,1,1,1,3,3,5,1
SF,IF2004,2020-03-05 09:34:06.000,4137.8000,7035,0,439967940.000,0,-,-,-,-,4138.4000,4138.0000,4137.6000,4136.8000,4136.2000,4139.8000,4140.0000,4140.8000,4141.4000,4142.0000,1,1,1,1,1,2,1,3,3,5
SF,IF2004,2020-03-05 09:34:06.500,4137.8000,7035,0,439967940.000,0,-,-,-,-,4138.4000,4137.6000,4136.8000,4136.2000,4136.0000,4139.8000,4140.0000,4140.8000,4141.4000,4142.0000,1,1,1,1,2,2,1,3,3,5
SF,IF2004,2020-03-05 09:34:07.000,4137.8000,7035,0,439967940.000,0,-,-,-,-,4137.6000,4136.8000,4136.2000,4136.0000,4135.0000,4138.0000,4139.8000,4140.0000,4140.8000,4141.4000,1,1,1,2,2,10,2,1,3,3
SF,IF2004,2020-03-05 09:34:07.500,4138.0000,7030,-5,446174940.000,5,0,5,双平,S,4137.6000,4136.8000,4136.2000,4136.0000,4135.0000,4138.0000,4139.8000,4140.0000,4140.8000,4141.4000,1,1,1,2,2,5,1,1,3,3
SF,IF2004,2020-03-05 09:34:08.000,4137.8000,7029,-1,447416280.000,1,0,1,双平,S,4137.6000,4136.8000,4136.2000,4136.0000,4135.0000,4138.0000,4139.8000,4140.0000,4140.8000,4141.4000,1,1,1,2,2,5,1,1,3,3
SF,IF2004,2020-03-05 09:34:08.500,4137.6000,7028,-1,448657560.000,1,0,1,双平,S,4136.8000,4136.2000,4136.0000,4135.0000,4130.0000,4138.0000,4138.4000,4139.8000,4140.0000,4140.8000,1,1,2,2,6,5,2,1,1,3
SF,IF2004,2020-03-05 09:34:09.500,4136.8000,7028,0,449898600.000,1,0,1,多换,S,4136.2000,4136.0000,4135.0000,4130.0000,4126.8000,4137.8000,4138.0000,4138.2000,4138.4000,4139.8000,1,2,3,6,1,1,5,1,2,1
SF,IF2004,2020-03-05 09:34:10.000,4136.8000,7028,0,449898600.000,0,-,-,-,-,4136.2000,4136.0000,4135.0000,4130.0000,4126.8000,4137.6000,4138.0000,4138.2000,4138.4000,4140.0000,1,2,3,6,1,4,5,2,2,1
SF,IF2004,2020-03-05 09:34:10.500,4136.8000,7028,0,449898600.000,0,-,-,-,-,4136.2000,4136.0000,4135.0000,4130.0000,4126.8000,4136.8000,4137.2000,4137.6000,4138.0000,4138.2000,1,2,3,6,1,1,1,3,5,3
SF,IF2004,2020-03-05 09:34:11.000,4136.2000,7028,0,451139460.000,1,0,1,多换,S,4136.0000,4135.0000,4130.0000,4126.8000,4126.2000,4137.6000,4138.0000,4138.2000,4138.4000,4140.0000,2,3,6,1,1,3,5,3,2,1
SF,IF2004,2020-03-05 09:34:11.500,4136.0000,7027,-1,452380260.000,1,0,1,双平,S,4136.0000,4135.0000,4133.0000,4130.0000,4126.8000,4137.0000,4137.4000,4137.6000,4138.0000,4138.2000,1,2,1,6,1,1,2,3,5,3
SF,IF2004,2020-03-05 09:34:12.500,4136.0000,7026,-1,453621060.000,1,0,1,双平,S,4135.0000,4133.0000,4130.0000,4126.8000,4126.2000,4136.6000,4136.8000,4137.0000,4137.4000,4137.6000,2,1,6,1,1,1,1,2,1,3
SF,IF2004,2020-03-05 09:34:13.000,4136.0000,7026,0,453621060.000,0,-,-,-,-,4135.0000,4133.0000,4130.0000,4126.8000,4126.2000,4135.4000,4136.0000,4136.4000,4136.6000,4136.8000,2,1,6,1,1,1,3,1,1,1
SF,IF2004,2020-03-05 09:34:13.500,4136.0000,7026,0,453621060.000,0,-,-,-,-,4135.0000,4133.0000,4130.0000,4126.8000,4126.2000,4135.4000,4136.0000,4136.2000,4136.4000,4136.6000,2,1,6,1,1,1,3,10,1,2
SF,IF2004,2020-03-05 09:34:14.000,4135.4000,7025,-1,454861680.000,1,0,1,双平,S,4135.0000,4133.0000,4130.0000,4126.8000,4126.2000,4135.4000,4136.0000,4136.2000,4136.4000,4136.6000,2,1,6,1,1,1,3,10,1,2
SF,IF2004,2020-03-05 09:34:14.500,4135.4000,7025,0,456102300.000,1,0,1,多换,S,4135.0000,4133.0000,4130.0000,4126.8000,4126.2000,4136.0000,4136.2000,4136.4000,4136.6000,4137.0000,2,1,6,1,1,3,10,1,2,2
SF,IF2004,2020-03-05 09:34:15.000,4135.4000,7025,0,456102300.000,0,-,-,-,-,4135.0000,4133.0000,4130.0000,4126.8000,4126.2000,4136.0000,4136.2000,4136.4000,4136.6000,4137.0000,2,1,6,1,1,3,10,1,2,1
SF,IF2004,2020-03-05 09:34:15.500,4136.0000,7022,-3,459824700.000,3,0,3,双平,S,4135.2000,4135.0000,4133.0000,4130.0000,4126.8000,4136.2000,4136.6000,4137.0000,4137.4000,4138.0000,1,4,1,6,1,10,1,1,1,5
SF,IF2004,2020-03-05 09:34:16.000,4136.6000,7013,-9,473474280.000,11,1,10,多平,S,4135.4000,4135.0000,4133.0000,4130.0000,4126.8000,4137.0000,4137.4000,4138.0000,4138.2000,4138.4000,2,4,1,6,1,1,1,5,2,2
SF,IF2004,2020-03-05 09:34:16.500,4136.6000,7013,0,473474280.000,0,-,-,-,-,4135.6000,4135.4000,4135.0000,4133.0000,4130.0000,4138.0000,4138.2000,4138.4000,4139.8000,4140.0000,1,1,4,1,6,5,1,2,1,1
SF,IF2004,2020-03-05 09:34:17.000,4136.6000,7013,0,473474280.000,0,-,-,-,-,4135.8000,4135.6000,4135.4000,4135.0000,4133.0000,4137.8000,4138.0000,4138.4000,4139.8000,4140.0000,1,1,1,4,1,1,5,2,1,1
SF,IF2004,2020-03-05 09:34:17.500,4136.6000,7013,0,473474280.000,0,-,-,-,-,4135.8000,4135.6000,4135.2000,4135.0000,4133.0000,4137.8000,4138.0000,4138.4000,4139.4000,4139.8000,1,1,2,2,1,1,5,2,1,1
SF,IF2004,2020-03-05 09:34:18.000,4135.8000,7012,-1,474715020.000,1,0,1,双平,S,4135.2000,4135.0000,4133.0000,4130.0000,4126.8000,4137.6000,4137.8000,4138.0000,4138.4000,4139.4000,2,2,1,6,1,3,1,5,2,1
SF,IF2004,2020-03-05 09:34:18.500,4135.8000,7012,0,474715020.000,0,-,-,-,-,4135.2000,4135.0000,4133.0000,4130.0000,4126.8000,4137.4000,4137.6000,4138.0000,4138.4000,4139.8000,2,2,1,6,1,1,2,5,2,1
SF,IF2004,2020-03-05 09:34:19.000,4135.8000,7012,0,474715020.000,0,-,-,-,-,4135.2000,4135.0000,4133.0000,4130.0000,4126.8000,4137.2000,4137.4000,4137.6000,4138.0000,4138.4000,2,2,1,6,1,3,1,1,5,2
SF,IF2004,2020-03-05 09:34:19.500,4135.8000,7012,0,474715020.000,0,-,-,-,-,4135.2000,4135.0000,4133.0000,4130.0000,4126.8000,4135.8000,4137.0000,4137.2000,4137.6000,4138.0000,2,2,1,6,1,10,2,2,1,5
SF,IF2004,2020-03-05 09:34:20.000,4135.8000,7012,0,475955760.000,1,0,1,多换,S,4135.2000,4135.0000,4133.0000,4130.0000,4126.8000,4135.8000,4137.2000,4138.0000,4138.4000,4139.8000,2,2,1,6,1,9,2,5,2,1
SF,IF2004,2020-03-05 09:34:20.500,4135.8000,7012,0,475955760.000,0,-,-,-,-,4135.2000,4135.0000,4133.0000,4130.0000,4126.8000,4135.8000,4137.2000,4138.0000,4138.4000,4139.8000,2,2,1,6,1,9,1,5,2,1
SF,IF2004,2020-03-05 09:34:22.000,4135.8000,7012,0,475955760.000,0,-,-,-,-,4135.2000,4135.0000,4133.0000,4130.0000,4126.8000,4135.8000,4137.2000,4138.0000,4138.4000,4140.0000,4,2,1,6,1,9,1,5,2,1
SF,IF2004,2020-03-05 09:34:22.500,4135.8000,7008,-4,480918720.000,4,0,4,双平,S,4135.2000,4135.0000,4133.0000,4130.0000,4126.8000,4135.8000,4137.2000,4138.0000,4138.4000,4140.0000,4,2,1,6,1,5,1,5,2,1
SF,IF2004,2020-03-05 09:34:23.000,4135.8000,7007,-1,482159460.000,1,0,1,双平,S,4135.2000,4135.0000,4133.0000,4130.0000,4128.6000,4135.8000,4137.2000,4138.0000,4138.4000,4140.0000,4,2,1,6,1,4,1,5,2,1
SF,IF2004,2020-03-05 09:34:23.500,4135.8000,7007,0,482159460.000,0,-,-,-,-,4135.2000,4135.0000,4133.0000,4130.0000,4128.6000,4135.8000,4137.2000,4138.0000,4138.4000,4140.0000,2,2,1,6,1,4,1,5,2,1
SF,IF2004,2020-03-05 09:34:24.500,4135.2000,7007,0,484640580.000,2,1,1,多换,S,4135.0000,4133.0000,4130.0000,4128.6000,4126.8000,4135.8000,4137.2000,4138.0000,4138.4000,4140.0000,2,1,6,1,1,4,1,5,2,1
SF,IF2004,2020-03-05 09:34:25.000,4135.2000,7007,0,484640580.000,0,-,-,-,-,4135.0000,4133.0000,4130.0000,4128.6000,4126.8000,4135.2000,4135.8000,4137.2000,4138.0000,4138.4000,2,1,6,1,1,1,4,1,5,2
SF,IF2004,2020-03-05 09:34:25.500,4135.0000,7006,-1,487121580.000,2,0,2,多平,S,4133.0000,4130.0000,4128.6000,4126.8000,4126.2000,4135.2000,4135.8000,4137.2000,4138.0000,4138.4000,1,6,1,1,1,1,4,1,5,2
SF,IF2004,2020-03-05 09:34:26.000,4135.0000,7006,0,487121580.000,0,-,-,-,-,4134.0000,4133.6000,4133.4000,4133.0000,4130.0000,4135.0000,4135.2000,4135.8000,4138.0000,4138.4000,1,1,1,1,6,1,1,4,5,2
SF,IF2004,2020-03-05 09:34:26.500,4134.0000,7006,0,488361780.000,1,0,1,多换,S,4133.6000,4131.6000,4128.6000,4126.8000,4126.2000,4135.2000,4135.8000,4137.2000,4138.0000,4138.4000,1,1,1,1,1,1,5,1,5,2
SF,IF2004,2020-03-05 09:34:27.000,4131.6000,7004,-2,490841340.000,2,0,2,双平,S,4128.6000,4126.8000,4126.2000,4125.6000,4125.4000,4134.8000,4135.0000,4135.2000,4135.8000,4137.2000,1,1,1,1,1,1,2,1,5,1
SF,IF2004,2020-03-05 09:34:27.500,4131.6000,7004,0,490841340.000,0,-,-,-,-,4131.6000,4131.4000,4131.2000,4131.0000,4130.8000,4134.6000,4135.0000,4135.2000,4135.8000,4137.2000,1,3,1,1,1,1,1,1,5,1
SF,IF2004,2020-03-05 09:34:28.000,4131.6000,7004,0,490841340.000,0,-,-,-,-,4131.8000,4131.6000,4131.4000,4131.2000,4130.8000,4134.4000,4134.6000,4135.0000,4135.2000,4135.8000,1,1,2,1,1,1,2,1,1,5
SF,IF2004,2020-03-05 09:34:28.500,4131.6000,7004,0,490841340.000,0,-,-,-,-,4131.2000,4130.8000,4130.6000,4130.0000,4129.6000,4134.0000,4134.2000,4134.4000,4135.0000,4135.2000,1,1,2,2,1,1,2,2,1,1
SF,IF2004,2020-03-05 09:34:29.000,4131.6000,7004,0,490841340.000,0,-,-,-,-,4131.2000,4130.8000,4130.6000,4130.0000,4129.6000,4133.8000,4134.0000,4134.2000,4134.4000,4135.0000,1,1,1,2,1,2,1,1,1,1
SF,IF2004,2020-03-05 09:34:29.500,4131.6000,7004,0,490841340.000,0,-,-,-,-,4131.2000,4130.8000,4130.6000,4130.0000,4129.6000,4133.4000,4133.8000,4134.0000,4134.4000,4135.0000,2,1,1,2,1,1,3,1,1,2
SF,IF2004,2020-03-05 09:34:30.000,4131.2000,7003,-1,493320060.000,2,0,2,多平,S,4130.8000,4130.6000,4130.0000,4129.6000,4128.8000,4131.2000,4133.2000,4133.4000,4133.8000,4134.0000,1,1,2,1,3,7,2,1,2,1
SF,IF2004,2020-03-05 09:34:30.500,4131.2000,6994,-9,506953020.000,11,1,10,多平,S,4131.4000,4130.6000,4129.6000,4128.8000,4128.6000,4133.0000,4133.2000,4133.4000,4133.8000,4134.0000,2,1,1,2,1,1,3,1,2,1
SF,IF2004,2020-03-05 09:34:31.000,4132.8000,6993,-1,510671700.000,3,1,2,多平,S,4129.6000,4128.8000,4128.6000,4126.8000,4126.2000,4132.8000,4133.2000,4133.4000,4133.8000,4134.0000,1,2,1,1,1,1,3,1,2,1
SF,IF2004,2020-03-05 09:34:31.500,4132.8000,6993,0,510671700.000,0,-,-,-,-,4129.8000,4129.6000,4128.8000,4128.6000,4126.8000,4132.6000,4133.2000,4133.8000,4134.0000,4134.4000,1,1,1,1,1,2,1,2,1,1
SF,IF2004,2020-03-05 09:34:32.000,4132.8000,6993,0,510671700.000,0,-,-,-,-,4129.6000,4128.8000,4128.6000,4126.8000,4126.2000,4132.0000,4132.2000,4132.6000,4132.8000,4133.2000,1,1,1,1,1,1,1,4,2,1
SF,IF2004,2020-03-05 09:34:32.500,4132.8000,6993,0,510671700.000,0,-,-,-,-,4130.0000,4129.6000,4128.8000,4128.6000,4126.8000,4131.8000,4132.0000,4132.2000,4132.6000,4132.8000,1,1,1,1,1,2,1,1,3,2
SF,IF2004,2020-03-05 09:34:33.000,4132.8000,6993,0,510671700.000,0,-,-,-,-,4129.6000,4128.6000,4126.8000,4126.2000,4125.6000,4131.6000,4131.8000,4132.0000,4132.2000,4132.6000,1,1,1,1,1,1,3,1,2,2
SF,IF2004,2020-03-05 09:34:33.500,4132.8000,6993,0,510671700.000,0,-,-,-,-,4129.6000,4128.6000,4126.8000,4126.2000,4125.6000,4131.4000,4131.8000,4132.2000,4132.6000,4132.8000,1,1,1,1,1,4,1,1,2,2
SF,IF2004,2020-03-05 09:34:34.000,4129.6000,6993,0,513149460.000,2,1,1,多换,S,4128.6000,4126.8000,4126.2000,4125.6000,4125.4000,4131.0000,4131.2000,4131.4000,4131.6000,4131.8000,1,1,1,1,1,3,2,5,1,1
SF,IF2004,2020-03-05 09:34:34.500,4129.6000,6993,0,513149460.000,0,-,-,-,-,4128.6000,4126.8000,4126.2000,4125.6000,4125.4000,4129.8000,4130.8000,4131.0000,4131.2000,4131.4000,1,1,1,1,1,1,1,2,1,3
SF,IF2004,2020-03-05 09:34:35.000,4129.6000,6993,0,513149460.000,0,-,-,-,-,4128.8000,4128.6000,4126.8000,4126.2000,4125.6000,4129.8000,4130.6000,4130.8000,4131.0000,4131.2000,2,1,1,1,1,1,1,2,1,1
SF,IF2004,2020-03-05 09:34:35.500,4129.8000,6993,0,514388400.000,1,0,1,多换,S,4129.0000,4128.8000,4128.6000,4126.8000,4126.2000,4130.6000,4130.8000,4131.0000,4131.2000,4131.4000,1,1,1,1,1,1,2,1,1,1
SF,IF2004,2020-03-05 09:34:36.000,4129.8000,6993,0,514388400.000,0,-,-,-,-,4129.2000,4128.8000,4128.6000,4126.8000,4126.2000,4130.6000,4130.8000,4131.0000,4131.2000,4131.4000,1,1,1,1,1,1,1,1,1,1
SF,IF2004,2020-03-05 09:34:36.500,4129.8000,6993,0,514388400.000,0,-,-,-,-,4129.2000,4128.8000,4128.6000,4126.8000,4126.2000,4130.8000,4131.0000,4131.2000,4132.4000,4132.6000,2,1,1,1,1,1,1,1,1,2
SF,IF2004,2020-03-05 09:34:37.000,4129.8000,6993,0,514388400.000,0,-,-,-,-,4129.4000,4129.2000,4128.8000,4128.6000,4126.8000,4130.8000,4132.6000,4132.8000,4135.8000,4138.0000,1,1,1,1,1,1,2,2,1,5
SF,IF2004,2020-03-05 09:34:37.500,4129.8000,6993,0,514388400.000,0,-,-,-,-,4129.8000,4128.8000,4128.6000,4126.8000,4126.2000,4130.8000,4132.6000,4132.8000,4135.8000,4138.0000,1,1,1,1,1,1,2,2,1,5
SF,IF2004,2020-03-05 09:34:38.000,4129.8000,6993,0,514388400.000,0,-,-,-,-,4129.8000,4129.6000,4128.8000,4128.6000,4126.8000,4130.8000,4132.6000,4132.8000,4135.8000,4138.0000,1,2,1,1,1,1,2,2,1,5
SF,IF2004,2020-03-05 09:34:38.500,4128.6000,6990,-3,520582380.000,5,1,4,多平,S,4126.8000,4126.2000,4125.6000,4125.4000,4125.0000,4128.6000,4132.6000,4132.8000,4135.8000,4138.0000,1,1,1,1,1,1,2,2,1,5
SF,IF2004,2020-03-05 09:34:39.000,4128.6000,6989,-1,521820960.000,1,0,1,双平,S,4128.8000,4128.6000,4128.4000,4128.0000,4127.8000,4132.8000,4135.8000,4138.0000,4140.0000,4140.8000,1,1,1,1,1,2,1,5,1,2
SF,IF2004,2020-03-05 09:34:39.500,4128.6000,6989,0,521820960.000,0,-,-,-,-,4129.0000,4128.6000,4128.0000,4127.8000,4127.4000,4132.4000,4132.6000,4132.8000,4135.8000,4138.0000,1,8,1,1,1,1,2,3,1,5
SF,IF2004,2020-03-05 09:34:40.000,4128.6000,6989,0,521820960.000,0,-,-,-,-,4129.2000,4129.0000,4128.0000,4127.8000,4127.4000,4131.8000,4132.2000,4132.4000,4132.8000,4135.8000,1,2,1,1,1,1,2,1,3,1
SF,IF2004,2020-03-05 09:34:40.500,4128.6000,6989,0,521820960.000,0,-,-,-,-,4129.2000,4129.0000,4128.6000,4128.0000,4127.4000,4131.6000,4131.8000,4132.8000,4135.8000,4138.0000,2,2,1,1,1,1,2,3,1,5
SF,IF2004,2020-03-05 09:34:41.000,4131.8000,6987,-2,524299980.000,2,0,2,双平,S,4129.8000,4129.4000,4129.2000,4128.8000,4128.6000,4135.8000,4138.0000,4140.0000,4140.8000,4145.0000,1,3,2,2,1,1,5,1,2,5
SF,IF2004,2020-03-05 09:34:41.500,4131.8000,6987,0,524299980.000,0,-,-,-,-,4130.0000,4129.8000,4129.4000,4129.2000,4128.8000,4133.4000,4133.8000,4134.0000,4134.2000,4134.4000,1,1,4,1,2,1,1,3,1,3
SF,IF2004,2020-03-05 09:34:42.000,4131.8000,6987,0,524299980.000,0,-,-,-,-,4130.2000,4130.0000,4129.8000,4129.4000,4129.2000,4133.0000,4133.2000,4133.4000,4134.0000,4134.4000,1,1,1,4,1,1,1,1,4,3
SF,IF2004,2020-03-05 09:34:42.500,4131.8000,6987,0,524299980.000,0,-,-,-,-,4130.4000,4130.2000,4129.8000,4129.4000,4129.0000,4132.6000,4132.8000,4133.0000,4133.4000,4134.0000,1,2,1,2,1,1,2,1,1,3
SF,IF2004,2020-03-05 09:34:43.000,4130.4000,6986,-1,525539100.000,1,0,1,双平,S,4130.2000,4129.8000,4129.4000,4129.0000,4128.8000,4132.4000,4132.6000,4132.8000,4133.0000,4133.4000,1,1,2,1,3,2,1,1,1,1
SF,IF2004,2020-03-05 09:34:43.500,4130.4000,6986,0,525539100.000,0,-,-,-,-,4128.8000,4128.6000,4128.0000,4127.4000,4127.2000,4132.0000,4132.4000,4132.8000,4133.0000,4133.4000,3,1,1,1,2,2,2,1,1,1
SF,IF2004,2020-03-05 09:34:44.000,4130.4000,6986,0,525539100.000,0,-,-,-,-,4130.2000,4129.2000,4128.8000,4128.6000,4128.0000,4131.8000,4132.0000,4132.2000,4132.8000,4133.0000,1,1,1,1,1,2,2,1,1,1
SF,IF2004,2020-03-05 09:34:44.500,4130.2000,6986,0,526778160.000,1,0,1,多换,S,4129.2000,4128.0000,4127.4000,4127.2000,4127.0000,4131.6000,4131.8000,4132.2000,4132.8000,4133.4000,1,1,1,2,2,2,2,1,1,1
