市场代码,合约代码,时间,最新,持仓,增仓,成交额,成交量,开仓,平仓,成交类型,方向,买一价,买二价,买三价,买四价,买五价,卖一价,卖二价,卖三价,卖四价,卖五价,买一量,买二量,买三量,买四量,买五量,卖一量,卖二量,卖三量,卖四量,卖五量
SF,IF2001,2019-11-28 09:29:00.300,3877.2000,2916,0,1163160.000,1.000,-,-,-,-,3877.0000,3871.4000,3870.6000,3869.4000,3868.4000,3879.4000,3881.6000,3884.0000,3884.2000,3884.6000,1,1,2,2,2,2,2,3,1,1
SF,IF2001,2019-11-28 09:30:00.300,3877.0000,2916,0,2326260.000,1,0,1,多换,S,3871.4000,3867.8000,3867.0000,3864.2000,3864.0000,3873.2000,3874.4000,3874.8000,3875.0000,3875.2000,1,1,1,1,1,1,3,2,2,1
SF,IF2001,2019-11-28 09:30:00.800,3873.2000,2916,0,3488220.000,1,0,1,多换,S,3871.6000,3871.4000,3870.8000,3867.8000,3867.0000,3874.4000,3874.8000,3875.0000,3875.4000,3875.6000,2,1,1,1,1,3,2,2,2,1
SF,IF2001,2019-11-28 09:30:01.300,3872.8000,2917,1,4650060.000,1,1,0,双开,S,3870.8000,3867.8000,3865.0000,3864.2000,3862.4000,3874.2000,3874.4000,3874.6000,3874.8000,3875.0000,1,1,5,1,2,2,3,1,2,1
SF,IF2001,2019-11-28 09:30:01.800,3872.8000,2917,0,4650060.000,0,-,-,-,-,3871.8000,3871.0000,3870.8000,3867.8000,3865.0000,3874.2000,3874.4000,3874.6000,3874.8000,3875.0000,1,2,1,1,5,2,3,1,1,1
SF,IF2001,2019-11-28 09:30:02.300,3872.8000,2917,0,4650060.000,0,-,-,-,-,3871.0000,3870.8000,3867.8000,3865.0000,3864.2000,3874.2000,3874.4000,3874.6000,3874.8000,3875.0000,2,2,1,5,1,2,3,1,1,1
SF,IF2001,2019-11-28 09:30:02.800,3872.8000,2917,0,4650060.000,0,-,-,-,-,3871.2000,3871.0000,3870.8000,3867.8000,3865.0000,3874.2000,3874.4000,3874.6000,3874.8000,3875.0000,1,2,2,1,5,2,3,1,1,1
SF,IF2001,2019-11-28 09:30:03.300,3872.8000,2917,0,4650060.000,0,-,-,-,-,3871.4000,3871.2000,3871.0000,3870.8000,3867.8000,3873.8000,3874.0000,3874.2000,3874.4000,3874.6000,2,1,1,2,1,2,1,2,3,1
SF,IF2001,2019-11-28 09:30:03.800,3872.8000,2917,0,4650060.000,0,-,-,-,-,3871.0000,3870.8000,3867.8000,3865.0000,3862.4000,3873.6000,3873.8000,3874.0000,3874.2000,3874.4000,1,2,1,5,2,3,4,3,2,3
SF,IF2001,2019-11-28 09:30:04.300,3872.8000,2917,0,4650060.000,0,-,-,-,-,3871.0000,3870.8000,3867.8000,3865.0000,3862.4000,3873.4000,3873.6000,3873.8000,3874.0000,3874.2000,1,2,1,5,2,1,4,4,2,2
SF,IF2001,2019-11-28 09:30:04.800,3872.8000,2917,0,4650060.000,0,-,-,-,-,3870.8000,3867.8000,3865.0000,3862.4000,3861.6000,3873.0000,3873.2000,3873.6000,3873.8000,3874.0000,2,1,5,2,1,1,3,3,4,2
SF,IF2001,2019-11-28 09:30:05.300,3872.8000,2917,0,4650060.000,0,-,-,-,-,3870.8000,3867.8000,3865.0000,3862.4000,3861.6000,3873.0000,3873.2000,3873.6000,3873.8000,3874.0000,2,1,5,2,1,1,2,3,4,2
SF,IF2001,2019-11-28 09:30:05.800,3873.2000,2917,0,6973920.000,2,1,1,多换,S,3871.0000,3870.8000,3867.8000,3865.0000,3862.4000,3873.2000,3873.6000,3873.8000,3874.0000,3874.2000,3,2,1,5,2,1,2,4,2,1
SF,IF2001,2019-11-28 09:30:06.300,3873.2000,2917,0,6973920.000,0,-,-,-,-,3871.0000,3870.8000,3867.8000,3865.0000,3862.4000,3873.2000,3873.6000,3873.8000,3874.0000,3874.2000,3,2,1,5,2,1,1,4,2,1
SF,IF2001,2019-11-28 09:30:06.800,3873.2000,2917,0,6973920.000,0,-,-,-,-,3871.0000,3870.8000,3867.8000,3865.0000,3862.4000,3873.8000,3874.0000,3874.2000,3874.4000,3874.6000,3,2,1,5,2,4,2,1,3,1
SF,IF2001,2019-11-28 09:30:07.300,3873.2000,2917,0,6973920.000,0,-,-,-,-,3871.0000,3870.8000,3867.8000,3865.0000,3862.4000,3873.0000,3873.6000,3873.8000,3874.0000,3874.2000,3,2,1,5,2,1,2,4,2,1
SF,IF2001,2019-11-28 09:30:07.800,3873.0000,2916,-1,8135820.000,1,0,1,双平,S,3871.0000,3870.8000,3867.8000,3865.0000,3862.4000,3873.6000,3873.8000,3874.0000,3874.2000,3874.4000,3,2,1,5,2,2,4,2,1,3
SF,IF2001,2019-11-28 09:30:08.300,3873.0000,2916,0,8135820.000,0,-,-,-,-,3871.0000,3870.8000,3867.8000,3865.0000,3862.4000,3873.8000,3874.2000,3874.4000,3874.6000,3874.8000,3,2,1,5,2,4,1,3,1,1
SF,IF2001,2019-11-28 09:30:08.800,3873.0000,2916,0,8135820.000,0,-,-,-,-,3872.0000,3871.0000,3870.8000,3867.8000,3865.0000,3873.4000,3873.8000,3874.2000,3874.4000,3874.6000,1,3,2,1,5,1,3,1,3,1
SF,IF2001,2019-11-28 09:30:09.300,3873.0000,2916,0,8135820.000,0,-,-,-,-,3872.2000,3872.0000,3871.0000,3870.8000,3867.8000,3873.8000,3874.2000,3874.4000,3874.6000,3874.8000,1,1,2,2,1,3,1,3,1,1
SF,IF2001,2019-11-28 09:30:10.300,3873.0000,2916,0,8135820.000,0,-,-,-,-,3872.2000,3872.0000,3871.0000,3870.8000,3867.8000,3873.8000,3874.2000,3874.4000,3874.6000,3874.8000,1,1,3,2,1,3,1,3,1,1
SF,IF2001,2019-11-28 09:30:11.300,3873.0000,2916,0,8135820.000,0,-,-,-,-,3872.2000,3872.0000,3871.0000,3870.8000,3867.8000,3873.8000,3874.2000,3874.4000,3874.6000,3874.8000,1,1,3,2,1,3,1,3,1,1
SF,IF2001,2019-11-28 09:30:11.800,3873.0000,2916,0,8135820.000,0,-,-,-,-,3872.2000,3872.0000,3871.0000,3870.8000,3867.8000,3873.8000,3874.2000,3874.4000,3874.6000,3874.8000,1,1,3,2,1,3,1,3,1,1
SF,IF2001,2019-11-28 09:30:12.800,3873.0000,2916,0,8135820.000,0,-,-,-,-,3872.2000,3872.0000,3871.0000,3870.8000,3867.8000,3873.8000,3874.2000,3874.4000,3874.6000,3874.8000,1,1,3,2,1,3,1,3,1,1
SF,IF2001,2019-11-28 09:30:13.300,3873.0000,2916,0,8135820.000,0,-,-,-,-,3872.2000,3872.0000,3871.0000,3870.8000,3867.8000,3873.8000,3874.2000,3874.4000,3874.6000,3874.8000,1,1,2,2,1,3,1,3,1,1
SF,IF2001,2019-11-28 09:30:13.800,3873.0000,2916,0,8135820.000,0,-,-,-,-,3872.0000,3871.0000,3870.8000,3867.8000,3865.0000,3873.6000,3873.8000,3874.2000,3874.4000,3874.6000,1,2,2,1,5,1,3,1,3,1
SF,IF2001,2019-11-28 09:30:14.300,3873.0000,2916,0,8135820.000,0,-,-,-,-,3872.2000,3872.0000,3871.0000,3870.8000,3867.8000,3873.8000,3874.2000,3874.6000,3874.8000,3875.8000,1,1,2,2,1,3,1,1,1,1
SF,IF2001,2019-11-28 09:30:15.300,3873.0000,2916,0,8135820.000,0,-,-,-,-,3872.2000,3872.0000,3871.0000,3870.8000,3867.8000,3873.8000,3874.2000,3874.6000,3874.8000,3875.8000,1,1,2,2,1,3,1,1,1,1
SF,IF2001,2019-11-28 09:30:15.800,3873.0000,2916,0,8135820.000,0,-,-,-,-,3872.2000,3872.0000,3871.0000,3870.8000,3867.8000,3873.6000,3873.8000,3874.2000,3874.6000,3874.8000,1,1,2,2,1,1,3,1,1,1
SF,IF2001,2019-11-28 09:30:16.300,3873.0000,2916,0,8135820.000,0,-,-,-,-,3872.0000,3871.0000,3870.8000,3867.8000,3867.0000,3873.6000,3873.8000,3874.2000,3874.6000,3874.8000,1,2,2,1,1,1,3,1,1,1
SF,IF2001,2019-11-28 09:30:16.800,3873.0000,2916,0,8135820.000,0,-,-,-,-,3871.0000,3870.8000,3867.8000,3867.0000,3865.0000,3873.6000,3873.8000,3874.2000,3874.6000,3875.8000,2,2,1,1,5,1,3,1,1,1
SF,IF2001,2019-11-28 09:30:17.300,3873.0000,2916,0,8135820.000,0,-,-,-,-,3871.0000,3870.8000,3867.8000,3867.0000,3865.0000,3873.6000,3873.8000,3874.2000,3874.6000,3875.2000,2,2,1,1,5,1,3,1,1,1
SF,IF2001,2019-11-28 09:30:17.800,3873.6000,2916,0,10459920.000,2,1,1,多换,S,3871.0000,3870.8000,3867.8000,3867.0000,3865.0000,3873.8000,3874.2000,3874.6000,3875.2000,3875.8000,2,3,1,1,5,3,1,2,1,1
SF,IF2001,2019-11-28 09:30:18.300,3873.6000,2916,0,10459920.000,0,-,-,-,-,3871.2000,3871.0000,3870.8000,3867.8000,3867.0000,3873.8000,3874.2000,3874.6000,3875.2000,3875.8000,2,2,2,1,1,3,1,1,1,1
SF,IF2001,2019-11-28 09:30:18.800,3873.6000,2916,0,10459920.000,0,-,-,-,-,3871.0000,3870.8000,3867.8000,3867.0000,3865.0000,3873.4000,3873.6000,3873.8000,3874.2000,3874.6000,2,2,1,1,5,1,6,4,1,1
SF,IF2001,2019-11-28 09:30:19.300,3873.6000,2916,0,10459920.000,0,-,-,-,-,3871.0000,3870.8000,3867.8000,3867.0000,3865.0000,3873.2000,3873.4000,3873.6000,3873.8000,3874.2000,1,1,1,1,5,2,2,4,4,1
SF,IF2001,2019-11-28 09:30:19.800,3873.6000,2916,0,10459920.000,0,-,-,-,-,3871.2000,3871.0000,3870.8000,3867.8000,3867.0000,3873.0000,3873.2000,3873.4000,3873.6000,3873.8000,1,1,1,1,1,2,5,2,3,4
SF,IF2001,2019-11-28 09:30:20.300,3871.0000,2914,-2,12782580.000,2,0,2,双平,S,3870.8000,3870.0000,3867.8000,3867.0000,3865.0000,3872.8000,3873.0000,3873.2000,3873.4000,3873.6000,1,1,1,1,5,2,3,3,1,3
SF,IF2001,2019-11-28 09:30:20.800,3871.0000,2914,0,12782580.000,0,-,-,-,-,3870.8000,3867.8000,3867.0000,3865.0000,3862.4000,3872.6000,3872.8000,3873.0000,3873.2000,3873.4000,1,1,1,5,2,1,2,2,3,1
SF,IF2001,2019-11-28 09:30:21.300,3871.0000,2914,0,12782580.000,0,-,-,-,-,3871.0000,3870.8000,3867.8000,3867.0000,3865.0000,3872.6000,3872.8000,3873.0000,3873.2000,3873.4000,1,1,1,1,5,1,2,2,3,1
SF,IF2001,2019-11-28 09:30:21.800,3871.0000,2914,0,12782580.000,0,-,-,-,-,3871.0000,3870.8000,3867.8000,3867.0000,3865.0000,3872.6000,3872.8000,3873.0000,3873.2000,3873.4000,1,1,1,1,5,1,1,2,3,1
SF,IF2001,2019-11-28 09:30:22.300,3871.0000,2914,0,12782580.000,0,-,-,-,-,3871.0000,3870.8000,3867.8000,3867.0000,3865.0000,3872.6000,3872.8000,3873.0000,3873.2000,3873.4000,1,1,1,1,5,1,1,2,3,1
SF,IF2001,2019-11-28 09:30:22.800,3871.0000,2914,0,12782580.000,0,-,-,-,-,3870.8000,3867.8000,3867.0000,3865.0000,3862.4000,3872.6000,3872.8000,3873.0000,3873.2000,3873.4000,1,1,1,5,2,1,1,2,3,1
SF,IF2001,2019-11-28 09:30:23.300,3871.0000,2914,0,12782580.000,0,-,-,-,-,3870.8000,3867.8000,3867.0000,3865.0000,3862.4000,3872.4000,3872.6000,3872.8000,3873.0000,3873.2000,1,1,1,5,2,1,1,1,2,1
SF,IF2001,2019-11-28 09:30:23.800,3870.8000,2913,-1,13943820.000,1,0,1,双平,S,3867.8000,3867.0000,3865.0000,3862.4000,3861.6000,3872.4000,3872.8000,3873.0000,3873.2000,3873.4000,1,1,5,2,1,1,1,2,1,1
SF,IF2001,2019-11-28 09:30:24.300,3870.8000,2913,0,13943820.000,0,-,-,-,-,3870.0000,3869.8000,3869.2000,3868.8000,3868.0000,3872.0000,3872.2000,3872.4000,3872.8000,3873.0000,2,1,4,1,2,1,2,1,1,2
SF,IF2001,2019-11-28 09:30:24.800,3870.8000,2913,0,13943820.000,0,-,-,-,-,3870.0000,3869.8000,3869.0000,3868.6000,3868.0000,3871.8000,3872.0000,3872.2000,3872.4000,3873.0000,1,1,1,1,2,2,1,2,1,1
SF,IF2001,2019-11-28 09:30:25.300,3870.8000,2913,0,13943820.000,0,-,-,-,-,3870.0000,3869.0000,3868.6000,3868.0000,3867.8000,3871.8000,3872.0000,3872.2000,3872.4000,3873.0000,1,1,1,2,2,1,1,2,1,1
SF,IF2001,2019-11-28 09:30:25.800,3870.8000,2913,0,13943820.000,0,-,-,-,-,3870.2000,3870.0000,3869.0000,3868.6000,3868.0000,3872.0000,3872.2000,3872.4000,3873.0000,3873.6000,2,1,1,1,2,1,2,1,1,2
SF,IF2001,2019-11-28 09:30:26.300,3870.8000,2913,0,13943820.000,0,-,-,-,-,3870.2000,3870.0000,3869.0000,3868.6000,3868.0000,3871.8000,3872.0000,3872.2000,3872.4000,3873.0000,2,1,1,1,2,1,1,2,1,1
SF,IF2001,2019-11-28 09:30:26.800,3871.8000,2913,0,15105360.000,1,0,1,多换,S,3870.2000,3870.0000,3869.0000,3868.6000,3868.0000,3872.0000,3872.2000,3872.4000,3873.0000,3873.2000,2,1,1,1,2,1,1,1,1,1
SF,IF2001,2019-11-28 09:30:27.300,3871.8000,2913,0,15105360.000,0,-,-,-,-,3870.2000,3870.0000,3869.0000,3868.6000,3868.0000,3871.8000,3872.0000,3872.2000,3872.4000,3873.0000,2,1,1,1,2,1,1,1,1,1
SF,IF2001,2019-11-28 09:30:27.800,3870.2000,2913,0,16266420.000,1,0,1,多换,S,3870.2000,3870.0000,3869.8000,3869.0000,3868.6000,3872.0000,3872.2000,3872.4000,3872.6000,3873.0000,1,1,1,1,1,1,1,1,1,1
SF,IF2001,2019-11-28 09:30:28.300,3870.2000,2913,0,16266420.000,0,-,-,-,-,3870.2000,3870.0000,3869.0000,3868.6000,3868.0000,3871.8000,3872.0000,3872.2000,3872.4000,3873.0000,1,1,1,1,2,2,1,1,1,1
SF,IF2001,2019-11-28 09:30:28.800,3870.2000,2913,0,16266420.000,0,-,-,-,-,3870.2000,3870.0000,3869.0000,3868.6000,3868.0000,3871.8000,3872.2000,3872.4000,3873.0000,3873.6000,1,1,1,1,2,2,1,1,1,2
SF,IF2001,2019-11-28 09:30:29.300,3870.2000,2913,0,16266420.000,0,-,-,-,-,3870.2000,3870.0000,3869.0000,3868.6000,3868.0000,3871.4000,3871.8000,3872.2000,3872.4000,3872.6000,1,1,1,1,2,1,3,1,1,1
SF,IF2001,2019-11-28 09:30:29.800,3870.2000,2913,0,16266420.000,0,-,-,-,-,3870.2000,3870.0000,3869.0000,3868.6000,3868.0000,3871.4000,3871.8000,3872.2000,3872.4000,3872.6000,1,1,1,1,2,1,2,1,1,1
SF,IF2001,2019-11-28 09:30:30.800,3870.2000,2913,0,16266420.000,0,-,-,-,-,3870.2000,3869.2000,3869.0000,3868.6000,3868.0000,3871.4000,3871.8000,3872.2000,3872.4000,3872.6000,1,1,1,1,2,1,2,1,1,1
SF,IF2001,2019-11-28 09:30:31.300,3870.2000,2913,0,16266420.000,0,-,-,-,-,3869.2000,3869.0000,3868.6000,3868.0000,3867.8000,3871.2000,3871.4000,3871.8000,3872.2000,3872.4000,1,1,1,2,1,1,1,2,1,1
SF,IF2001,2019-11-28 09:30:31.800,3870.2000,2913,0,16266420.000,0,-,-,-,-,3869.4000,3869.2000,3869.0000,3868.6000,3868.0000,3871.2000,3871.4000,3871.8000,3872.2000,3872.4000,1,1,1,1,2,1,1,2,1,1
SF,IF2001,2019-11-28 09:30:32.300,3870.2000,2913,0,16266420.000,0,-,-,-,-,3869.4000,3869.2000,3869.0000,3868.6000,3868.0000,3870.8000,3871.2000,3871.8000,3872.2000,3872.4000,1,1,1,1,2,1,1,2,1,1
SF,IF2001,2019-11-28 09:30:32.800,3870.2000,2913,0,16266420.000,0,-,-,-,-,3869.6000,3869.4000,3869.2000,3869.0000,3868.6000,3870.8000,3871.8000,3872.2000,3872.4000,3872.6000,1,1,1,1,1,1,2,1,1,1
SF,IF2001,2019-11-28 09:30:33.300,3870.2000,2913,0,16266420.000,0,-,-,-,-,3869.8000,3869.6000,3869.2000,3869.0000,3868.6000,3870.8000,3871.8000,3872.2000,3872.4000,3872.6000,1,1,1,1,1,1,2,1,1,1
SF,IF2001,2019-11-28 09:30:33.800,3870.2000,2913,0,16266420.000,0,-,-,-,-,3869.6000,3869.2000,3869.0000,3868.6000,3868.0000,3870.8000,3871.2000,3871.8000,3872.2000,3872.4000,1,1,1,1,2,1,1,2,1,1
SF,IF2001,2019-11-28 09:30:34.300,3870.2000,2913,0,16266420.000,0,-,-,-,-,3869.2000,3869.0000,3868.6000,3868.0000,3867.8000,3870.8000,3871.2000,3871.8000,3872.2000,3872.4000,1,1,1,2,1,1,1,2,1,1
SF,IF2001,2019-11-28 09:30:34.800,3870.2000,2913,0,16266420.000,0,-,-,-,-,3869.2000,3869.0000,3868.6000,3868.0000,3867.8000,3870.8000,3871.2000,3871.8000,3872.2000,3872.4000,1,1,1,2,1,1,1,1,1,1
SF,IF2001,2019-11-28 09:30:35.300,3870.2000,2913,0,16266420.000,0,-,-,-,-,3868.4000,3868.0000,3867.8000,3867.0000,3865.6000,3870.6000,3870.8000,3871.2000,3871.8000,3872.2000,1,2,1,1,1,1,1,1,1,1
SF,IF2001,2019-11-28 09:30:35.800,3870.2000,2913,0,16266420.000,0,-,-,-,-,3868.8000,3868.6000,3868.4000,3868.0000,3867.8000,3870.6000,3870.8000,3871.2000,3871.8000,3872.2000,1,2,1,2,1,1,1,1,1,1
SF,IF2001,2019-11-28 09:30:36.300,3870.2000,2913,0,16266420.000,0,-,-,-,-,3869.0000,3868.6000,3868.4000,3868.0000,3867.8000,3870.6000,3870.8000,3871.2000,3871.8000,3872.2000,1,1,1,2,1,1,1,1,1,1
SF,IF2001,2019-11-28 09:30:36.800,3870.2000,2913,0,16266420.000,0,-,-,-,-,3869.0000,3868.6000,3868.4000,3868.0000,3867.8000,3870.6000,3871.2000,3871.8000,3872.2000,3872.4000,1,1,1,2,1,1,1,1,1,1
SF,IF2001,2019-11-28 09:30:37.300,3870.2000,2913,0,16266420.000,0,-,-,-,-,3869.4000,3868.6000,3868.4000,3868.0000,3867.8000,3870.6000,3871.2000,3871.8000,3872.2000,3872.4000,1,1,1,2,1,1,1,1,1,1
SF,IF2001,2019-11-28 09:30:37.800,3870.2000,2913,0,16266420.000,0,-,-,-,-,3869.4000,3868.4000,3868.0000,3867.8000,3867.0000,3870.4000,3870.6000,3871.2000,3871.8000,3872.2000,1,1,2,1,1,1,1,1,1,1
SF,IF2001,2019-11-28 09:30:38.300,3869.4000,2913,0,17427240.000,1,0,1,多换,S,3868.4000,3868.0000,3867.8000,3867.0000,3865.6000,3870.2000,3870.4000,3871.2000,3871.8000,3872.2000,1,2,1,1,1,1,2,1,1,1
SF,IF2001,2019-11-28 09:30:39.800,3869.4000,2913,0,17427240.000,0,-,-,-,-,3867.8000,3867.4000,3867.0000,3865.6000,3861.6000,3870.0000,3870.2000,3870.4000,3871.2000,3872.2000,1,1,1,1,1,1,1,2,1,1
SF,IF2001,2019-11-28 09:30:40.300,3869.4000,2913,0,17427240.000,0,-,-,-,-,3868.0000,3867.8000,3867.4000,3867.0000,3865.6000,3869.8000,3870.0000,3870.4000,3871.2000,3872.2000,1,1,1,1,1,1,1,2,1,1
SF,IF2001,2019-11-28 09:30:41.300,3869.4000,2913,0,17427240.000,0,-,-,-,-,3868.2000,3868.0000,3867.8000,3867.4000,3867.0000,3869.4000,3869.6000,3869.8000,3870.0000,3870.4000,1,1,1,1,1,1,1,1,1,1
SF,IF2001,2019-11-28 09:30:41.800,3869.4000,2913,0,17427240.000,0,-,-,-,-,3867.8000,3867.4000,3865.6000,3861.6000,3860.0000,3869.4000,3870.0000,3870.4000,3871.2000,3872.2000,1,1,1,1,5,1,1,1,1,1
SF,IF2001,2019-11-28 09:30:42.300,3869.4000,2913,0,17427240.000,0,-,-,-,-,3868.0000,3867.8000,3867.4000,3865.6000,3861.6000,3869.4000,3870.0000,3870.4000,3871.2000,3872.2000,1,1,1,1,1,1,1,1,1,1
SF,IF2001,2019-11-28 09:30:43.300,3868.0000,2913,0,18587640.000,1,0,1,多换,S,3867.8000,3867.4000,3866.6000,3865.6000,3861.6000,3869.4000,3869.6000,3870.0000,3870.4000,3871.2000,1,1,1,1,1,1,1,1,1,1
SF,IF2001,2019-11-28 09:30:43.800,3868.0000,2913,0,18587640.000,0,-,-,-,-,3867.8000,3867.4000,3865.6000,3861.6000,3860.0000,3869.2000,3869.4000,3870.0000,3870.4000,3871.2000,1,1,1,1,5,1,1,1,1,1
SF,IF2001,2019-11-28 09:30:46.300,3869.2000,2912,-1,19748400.000,1,0,1,双平,S,3867.8000,3867.6000,3867.4000,3865.6000,3861.6000,3869.4000,3870.0000,3870.4000,3870.6000,3871.2000,1,1,1,1,1,1,1,1,1,1
SF,IF2001,2019-11-28 09:30:46.800,3869.2000,2912,0,19748400.000,0,-,-,-,-,3868.4000,3868.0000,3867.8000,3867.4000,3865.6000,3870.4000,3871.2000,3872.2000,3872.6000,3873.0000,1,6,1,1,1,1,1,1,1,2
SF,IF2001,2019-11-28 09:30:47.300,3869.2000,2912,0,19748400.000,0,-,-,-,-,3869.4000,3868.6000,3868.2000,3868.0000,3867.8000,3870.4000,3871.2000,3872.2000,3872.6000,3873.0000,1,1,1,4,1,1,1,1,1,2
SF,IF2001,2019-11-28 09:30:47.800,3870.4000,2911,-1,20909520.000,1,0,1,双平,S,3869.4000,3868.6000,3868.2000,3868.0000,3867.8000,3871.2000,3872.2000,3872.6000,3873.0000,3873.6000,1,2,1,3,1,1,1,1,2,2
SF,IF2001,2019-11-28 09:30:48.300,3870.4000,2911,0,20909520.000,0,-,-,-,-,3869.4000,3868.6000,3868.2000,3868.0000,3867.8000,3871.0000,3871.2000,3872.2000,3872.6000,3873.0000,1,2,1,3,1,2,1,1,1,2
SF,IF2001,2019-11-28 09:30:48.800,3870.4000,2911,0,20909520.000,0,-,-,-,-,3869.4000,3868.6000,3868.2000,3868.0000,3867.8000,3871.0000,3871.2000,3872.2000,3872.6000,3873.0000,1,2,1,3,1,2,1,1,1,2
SF,IF2001,2019-11-28 09:30:49.800,3871.0000,2911,0,23232120.000,2,1,1,多换,S,3869.4000,3869.0000,3868.8000,3868.6000,3868.2000,3871.2000,3871.8000,3872.2000,3872.6000,3873.0000,1,1,1,1,1,1,1,1,1,2
SF,IF2001,2019-11-28 09:30:50.300,3871.0000,2911,0,23232120.000,0,-,-,-,-,3869.6000,3869.4000,3869.0000,3868.6000,3868.2000,3872.2000,3872.6000,3873.0000,3873.6000,3873.8000,2,1,1,1,1,1,1,2,2,4
SF,IF2001,2019-11-28 09:30:50.800,3871.0000,2911,0,23232120.000,0,-,-,-,-,3869.6000,3869.4000,3869.0000,3868.6000,3868.2000,3872.0000,3872.2000,3872.6000,3873.0000,3873.6000,2,1,1,1,1,2,1,1,2,2
SF,IF2001,2019-11-28 09:30:51.300,3871.0000,2911,0,23232120.000,0,-,-,-,-,3869.6000,3869.4000,3869.0000,3868.6000,3868.2000,3871.8000,3872.0000,3872.2000,3872.6000,3873.0000,2,1,1,1,1,1,2,1,1,2
SF,IF2001,2019-11-28 09:30:51.800,3871.0000,2911,0,23232120.000,0,-,-,-,-,3869.6000,3869.4000,3869.0000,3868.6000,3868.2000,3871.8000,3872.0000,3872.2000,3872.6000,3873.0000,2,1,1,1,1,1,1,1,1,2
SF,IF2001,2019-11-28 09:30:52.300,3871.0000,2911,0,23232120.000,0,-,-,-,-,3869.6000,3869.4000,3869.0000,3868.6000,3868.2000,3871.8000,3872.0000,3872.2000,3872.6000,3873.0000,2,1,1,1,2,1,1,1,1,2
SF,IF2001,2019-11-28 09:30:52.800,3871.0000,2911,0,23232120.000,0,-,-,-,-,3869.6000,3869.4000,3869.0000,3868.6000,3868.2000,3871.8000,3872.0000,3872.2000,3873.0000,3873.6000,2,1,1,1,2,1,1,1,2,2
SF,IF2001,2019-11-28 09:30:53.300,3871.0000,2911,0,23232120.000,0,-,-,-,-,3869.8000,3869.6000,3869.4000,3869.0000,3868.2000,3871.8000,3872.0000,3872.2000,3873.0000,3873.6000,2,2,1,1,2,1,1,1,2,2
SF,IF2001,2019-11-28 09:30:53.800,3871.0000,2911,0,23232120.000,0,-,-,-,-,3870.0000,3869.8000,3869.6000,3869.4000,3869.0000,3871.8000,3872.0000,3872.2000,3873.0000,3873.6000,2,1,1,1,1,1,1,1,2,2
SF,IF2001,2019-11-28 09:30:54.300,3871.0000,2911,0,23232120.000,0,-,-,-,-,3870.0000,3869.8000,3869.6000,3869.4000,3869.0000,3871.8000,3872.0000,3872.2000,3873.0000,3873.6000,3,1,1,1,1,1,1,1,2,2
SF,IF2001,2019-11-28 09:30:54.800,3871.0000,2911,0,23232120.000,0,-,-,-,-,3870.0000,3869.8000,3869.6000,3869.0000,3868.2000,3871.8000,3872.2000,3873.0000,3873.6000,3873.8000,3,1,1,1,2,1,1,2,2,4
SF,IF2001,2019-11-28 09:30:55.300,3871.0000,2911,0,23232120.000,0,-,-,-,-,3870.0000,3869.8000,3869.6000,3869.0000,3868.2000,3872.2000,3873.0000,3873.6000,3873.8000,3874.2000,3,1,1,1,2,1,2,2,4,1
SF,IF2001,2019-11-28 09:30:56.300,3871.0000,2911,0,23232120.000,0,-,-,-,-,3870.0000,3869.8000,3869.6000,3869.0000,3868.2000,3872.2000,3873.0000,3873.6000,3873.8000,3874.2000,3,1,1,1,2,1,2,2,4,1
SF,IF2001,2019-11-28 09:30:56.800,3871.0000,2911,0,23232120.000,0,-,-,-,-,3870.0000,3869.8000,3869.6000,3869.0000,3868.2000,3872.0000,3872.2000,3873.0000,3873.6000,3873.8000,3,1,1,1,2,1,1,2,2,4
SF,IF2001,2019-11-28 09:30:57.300,3871.0000,2911,0,23232120.000,0,-,-,-,-,3870.0000,3869.8000,3869.6000,3869.0000,3868.2000,3872.0000,3872.2000,3873.0000,3873.6000,3873.8000,3,1,1,1,2,1,1,2,2,4
SF,IF2001,2019-11-28 09:30:57.800,3871.0000,2911,0,23232120.000,0,-,-,-,-,3870.0000,3869.8000,3869.6000,3869.0000,3868.2000,3872.0000,3872.2000,3873.0000,3873.6000,3873.8000,2,1,1,1,2,1,1,2,2,4
SF,IF2001,2019-11-28 09:30:58.300,3871.0000,2911,0,23232120.000,0,-,-,-,-,3870.0000,3869.8000,3869.6000,3869.0000,3868.2000,3871.8000,3872.0000,3872.2000,3873.0000,3873.6000,2,1,1,1,2,1,1,1,2,2
SF,IF2001,2019-11-28 09:30:58.800,3871.0000,2911,0,23232120.000,0,-,-,-,-,3870.0000,3869.8000,3869.6000,3869.0000,3868.2000,3871.8000,3872.0000,3872.2000,3873.0000,3873.6000,2,1,1,1,2,1,1,1,2,2
SF,IF2001,2019-11-28 09:31:00.300,3871.0000,2911,0,23232120.000,0,-,-,-,-,3870.0000,3869.0000,3868.2000,3868.0000,3867.8000,3871.4000,3871.6000,3871.8000,3872.0000,3872.2000,2,1,2,2,1,1,1,1,2,1
SF,IF2001,2019-11-28 09:31:01.300,3870.0000,2909,-2,25554120.000,2,0,2,双平,S,3869.0000,3868.2000,3868.0000,3867.8000,3867.4000,3871.2000,3871.4000,3871.6000,3871.8000,3872.0000,1,3,2,1,1,1,1,1,1,2
SF,IF2001,2019-11-28 09:31:01.800,3871.0000,2909,0,26715420.000,1,0,1,多换,S,3869.0000,3868.2000,3868.0000,3867.8000,3867.4000,3871.0000,3871.2000,3871.4000,3871.6000,3872.0000,1,2,2,1,1,2,2,1,1,1
SF,IF2001,2019-11-28 09:31:02.300,3871.0000,2909,0,26715420.000,0,-,-,-,-,3868.2000,3868.0000,3867.8000,3867.4000,3865.8000,3870.8000,3871.0000,3871.2000,3871.4000,3871.6000,2,2,1,1,1,2,1,1,1,1
SF,IF2001,2019-11-28 09:31:02.800,3871.0000,2909,0,26715420.000,0,-,-,-,-,3868.4000,3868.2000,3868.0000,3867.8000,3867.4000,3870.4000,3870.8000,3871.2000,3871.4000,3871.6000,2,2,2,1,1,1,2,1,1,1
SF,IF2001,2019-11-28 09:31:03.300,3871.0000,2909,0,26715420.000,0,-,-,-,-,3868.4000,3868.2000,3868.0000,3867.8000,3867.4000,3870.4000,3870.6000,3870.8000,3871.2000,3871.4000,2,2,2,1,1,1,1,1,1,1
SF,IF2001,2019-11-28 09:31:04.300,3871.0000,2909,0,26715420.000,0,-,-,-,-,3868.4000,3868.2000,3868.0000,3867.8000,3867.4000,3870.4000,3870.6000,3870.8000,3871.2000,3871.4000,2,2,2,1,1,1,2,1,1,1
SF,IF2001,2019-11-28 09:31:05.300,3871.0000,2909,0,26715420.000,0,-,-,-,-,3868.4000,3868.2000,3868.0000,3867.8000,3867.4000,3870.4000,3870.6000,3870.8000,3871.4000,3871.6000,2,2,2,1,1,1,2,1,1,1
SF,IF2001,2019-11-28 09:31:08.300,3871.0000,2909,0,26715420.000,0,-,-,-,-,3868.4000,3868.2000,3868.0000,3867.8000,3867.4000,3870.6000,3870.8000,3871.4000,3871.6000,3871.8000,2,2,2,1,1,2,1,1,1,1
SF,IF2001,2019-11-28 09:31:08.800,3870.4000,2908,-1,27876540.000,1,0,1,双平,S,3868.4000,3868.2000,3868.0000,3867.8000,3867.4000,3870.4000,3870.6000,3871.0000,3871.4000,3871.6000,2,2,2,1,1,1,2,1,1,1
SF,IF2001,2019-11-28 09:31:09.300,3870.4000,2908,0,27876540.000,0,-,-,-,-,3868.4000,3868.2000,3868.0000,3867.8000,3867.4000,3870.6000,3871.4000,3871.6000,3871.8000,3872.0000,2,2,2,1,1,2,1,1,1,1
SF,IF2001,2019-11-28 09:31:09.800,3870.4000,2908,0,27876540.000,0,-,-,-,-,3868.4000,3868.2000,3868.0000,3867.8000,3867.4000,3870.2000,3870.6000,3871.4000,3871.6000,3871.8000,2,2,2,1,1,1,1,1,1,1
SF,IF2001,2019-11-28 09:31:11.300,3870.2000,2907,-1,29037600.000,1,0,1,双平,S,3868.6000,3868.4000,3868.2000,3868.0000,3867.8000,3870.6000,3871.4000,3871.6000,3871.8000,3872.0000,1,2,2,2,1,1,1,1,1,1
SF,IF2001,2019-11-28 09:31:11.800,3870.2000,2907,0,29037600.000,0,-,-,-,-,3870.2000,3869.0000,3868.8000,3868.6000,3868.4000,3871.4000,3872.2000,3873.0000,3873.6000,3873.8000,1,1,3,1,1,1,1,2,2,4
SF,IF2001,2019-11-28 09:31:12.300,3870.2000,2907,0,29037600.000,0,-,-,-,-,3870.2000,3869.0000,3868.8000,3868.6000,3868.4000,3871.4000,3872.2000,3873.0000,3873.6000,3873.8000,1,1,1,2,1,1,1,2,2,4
SF,IF2001,2019-11-28 09:31:12.800,3870.2000,2907,0,29037600.000,0,-,-,-,-,3870.2000,3869.0000,3868.8000,3868.6000,3868.4000,3871.2000,3871.4000,3872.2000,3873.0000,3873.6000,1,1,1,2,1,1,1,1,2,2
SF,IF2001,2019-11-28 09:31:13.300,3870.2000,2907,0,29037600.000,0,-,-,-,-,3870.2000,3869.0000,3868.8000,3868.6000,3868.4000,3871.2000,3871.4000,3872.2000,3873.0000,3873.6000,1,1,1,2,1,1,1,1,2,2
SF,IF2001,2019-11-28 09:31:17.300,3870.2000,2907,0,29037600.000,0,-,-,-,-,3870.2000,3869.0000,3868.8000,3868.6000,3868.4000,3871.2000,3871.4000,3872.2000,3873.0000,3873.6000,1,1,1,2,1,2,1,1,2,2
SF,IF2001,2019-11-28 09:31:17.800,3870.2000,2907,0,29037600.000,0,-,-,-,-,3870.2000,3869.0000,3868.8000,3868.6000,3868.4000,3871.2000,3871.4000,3872.2000,3873.0000,3873.6000,1,1,1,2,1,2,1,1,2,2
SF,IF2001,2019-11-28 09:31:18.800,3870.2000,2907,0,29037600.000,0,-,-,-,-,3870.2000,3869.8000,3869.0000,3868.8000,3868.6000,3871.2000,3872.2000,3873.0000,3873.6000,3873.8000,1,1,1,1,2,2,1,2,2,4
SF,IF2001,2019-11-28 09:31:19.300,3870.2000,2907,0,29037600.000,0,-,-,-,-,3870.2000,3869.0000,3868.8000,3868.6000,3868.4000,3871.2000,3872.2000,3873.0000,3873.6000,3873.8000,1,2,1,2,1,2,1,2,2,4
SF,IF2001,2019-11-28 09:31:19.800,3870.2000,2907,0,29037600.000,0,-,-,-,-,3869.0000,3868.8000,3868.6000,3868.4000,3868.2000,3871.2000,3872.2000,3873.0000,3873.6000,3873.8000,2,1,2,1,3,2,1,2,2,4
SF,IF2001,2019-11-28 09:31:20.300,3870.2000,2907,0,29037600.000,0,-,-,-,-,3869.2000,3869.0000,3868.8000,3868.6000,3868.2000,3871.2000,3872.2000,3873.0000,3873.6000,3873.8000,2,2,1,2,3,2,1,2,2,4
SF,IF2001,2019-11-28 09:31:22.300,3870.2000,2907,0,29037600.000,0,-,-,-,-,3869.4000,3869.2000,3869.0000,3868.8000,3868.6000,3871.2000,3872.2000,3873.0000,3873.6000,3873.8000,1,2,2,1,2,2,1,2,2,4
SF,IF2001,2019-11-28 09:31:22.800,3870.2000,2907,0,29037600.000,0,-,-,-,-,3869.6000,3869.4000,3869.2000,3869.0000,3868.6000,3871.2000,3872.2000,3873.0000,3873.6000,3873.8000,2,2,1,2,1,1,1,2,2,4
SF,IF2001,2019-11-28 09:31:23.300,3870.2000,2907,0,29037600.000,0,-,-,-,-,3869.6000,3869.4000,3869.2000,3869.0000,3868.6000,3871.2000,3872.2000,3873.0000,3873.6000,3873.8000,2,1,1,2,1,1,1,2,2,4
SF,IF2001,2019-11-28 09:31:25.300,3870.2000,2907,0,29037600.000,0,-,-,-,-,3869.8000,3869.6000,3869.4000,3869.2000,3869.0000,3871.2000,3872.2000,3873.0000,3873.6000,3873.8000,2,2,1,1,2,1,1,2,2,4
SF,IF2001,2019-11-28 09:31:25.800,3870.2000,2907,0,29037600.000,0,-,-,-,-,3870.0000,3869.8000,3869.6000,3869.4000,3869.2000,3871.2000,3872.2000,3873.0000,3873.6000,3873.8000,1,1,1,1,1,1,1,2,2,4
SF,IF2001,2019-11-28 09:31:26.300,3870.2000,2907,0,29037600.000,0,-,-,-,-,3870.0000,3869.8000,3869.6000,3869.4000,3869.0000,3871.2000,3872.2000,3873.0000,3873.6000,3873.8000,2,1,1,1,2,1,1,2,2,4
SF,IF2001,2019-11-28 09:31:26.800,3870.2000,2907,0,29037600.000,0,-,-,-,-,3869.6000,3869.4000,3869.0000,3868.6000,3868.2000,3871.2000,3872.2000,3873.0000,3873.6000,3873.8000,1,1,2,1,3,1,1,2,2,4
SF,IF2001,2019-11-28 09:31:27.300,3870.2000,2907,0,29037600.000,0,-,-,-,-,3869.6000,3869.0000,3868.6000,3868.2000,3868.0000,3871.2000,3872.2000,3873.0000,3873.6000,3873.8000,1,2,1,3,2,1,1,2,2,4
SF,IF2001,2019-11-28 09:31:29.800,3870.2000,2907,0,29037600.000,0,-,-,-,-,3869.8000,3869.6000,3869.0000,3868.6000,3868.2000,3871.0000,3871.2000,3872.2000,3873.0000,3873.6000,2,1,2,1,3,1,1,1,2,2
SF,IF2001,2019-11-28 09:31:30.300,3870.2000,2907,0,29037600.000,0,-,-,-,-,3870.0000,3869.8000,3869.6000,3869.0000,3868.6000,3871.0000,3871.2000,3872.2000,3873.0000,3873.6000,1,1,1,2,1,1,1,1,2,2
SF,IF2001,2019-11-28 09:31:31.800,3870.2000,2907,0,29037600.000,0,-,-,-,-,3869.8000,3869.6000,3869.0000,3868.6000,3868.2000,3871.0000,3871.2000,3872.2000,3873.0000,3873.6000,1,1,2,1,3,1,1,1,2,2
SF,IF2001,2019-11-28 09:31:32.300,3870.2000,2907,0,29037600.000,0,-,-,-,-,3870.0000,3869.8000,3869.6000,3869.0000,3868.6000,3871.0000,3871.2000,3872.2000,3873.0000,3873.6000,1,1,1,2,1,1,1,1,2,2
SF,IF2001,2019-11-28 09:31:32.800,3870.2000,2907,0,29037600.000,0,-,-,-,-,3870.0000,3869.8000,3869.6000,3869.0000,3868.6000,3871.2000,3872.2000,3873.0000,3873.6000,3873.8000,1,1,1,2,1,1,1,2,2,4
SF,IF2001,2019-11-28 09:31:34.800,3870.0000,2907,0,30198600.000,1,0,1,多换,S,3869.8000,3869.0000,3868.6000,3868.2000,3868.0000,3871.2000,3872.2000,3873.0000,3873.6000,3873.8000,1,2,1,3,2,1,1,2,2,4
SF,IF2001,2019-11-28 09:31:35.300,3870.0000,2907,0,30198600.000,0,-,-,-,-,3870.0000,3869.8000,3869.0000,3868.6000,3868.2000,3871.2000,3872.2000,3873.0000,3873.6000,3873.8000,2,1,2,1,3,1,1,2,2,4
SF,IF2001,2019-11-28 09:31:37.300,3870.0000,2907,0,30198600.000,0,-,-,-,-,3870.0000,3869.8000,3869.0000,3868.6000,3868.2000,3871.2000,3872.2000,3873.0000,3873.6000,3873.8000,2,1,2,1,3,1,1,2,2,4
SF,IF2001,2019-11-28 09:31:37.800,3870.0000,2907,0,30198600.000,0,-,-,-,-,3870.0000,3869.8000,3869.0000,3868.6000,3868.2000,3871.2000,3872.2000,3873.0000,3873.6000,3873.8000,1,1,2,1,3,1,1,2,2,4
SF,IF2001,2019-11-28 09:31:38.300,3870.0000,2907,0,30198600.000,0,-,-,-,-,3869.8000,3869.0000,3868.6000,3868.2000,3868.0000,3871.2000,3872.2000,3873.0000,3873.6000,3873.8000,1,2,1,3,2,1,1,2,2,4
SF,IF2001,2019-11-28 09:31:38.800,3870.0000,2907,0,30198600.000,0,-,-,-,-,3869.0000,3868.6000,3868.2000,3868.0000,3867.8000,3871.2000,3871.4000,3872.2000,3873.0000,3873.6000,2,1,3,2,1,1,1,1,2,2
SF,IF2001,2019-11-28 09:31:39.300,3870.0000,2907,0,30198600.000,0,-,-,-,-,3869.2000,3869.0000,3868.6000,3868.2000,3868.0000,3871.0000,3871.2000,3871.4000,3872.2000,3873.0000,1,2,1,3,2,1,1,1,1,2
SF,IF2001,2019-11-28 09:31:39.800,3870.0000,2907,0,30198600.000,0,-,-,-,-,3869.2000,3869.0000,3868.6000,3868.2000,3868.0000,3871.0000,3871.2000,3871.4000,3872.2000,3873.0000,1,2,1,3,2,1,1,1,1,2
SF,IF2001,2019-11-28 09:31:40.800,3870.0000,2907,0,30198600.000,0,-,-,-,-,3869.2000,3869.0000,3868.6000,3868.2000,3868.0000,3871.2000,3871.4000,3872.2000,3873.0000,3873.6000,1,2,1,3,2,1,1,1,2,2
SF,IF2001,2019-11-28 09:31:41.300,3870.0000,2907,0,30198600.000,0,-,-,-,-,3869.4000,3869.2000,3869.0000,3868.6000,3868.2000,3871.2000,3871.4000,3872.2000,3873.0000,3873.6000,1,1,2,1,3,1,1,1,2,2
SF,IF2001,2019-11-28 09:31:41.800,3870.0000,2907,0,30198600.000,0,-,-,-,-,3869.6000,3869.4000,3869.2000,3869.0000,3868.6000,3871.2000,3871.4000,3872.2000,3873.0000,3873.6000,2,2,1,2,1,1,1,1,2,2
SF,IF2001,2019-11-28 09:31:42.800,3870.0000,2907,0,30198600.000,0,-,-,-,-,3869.6000,3869.4000,3869.2000,3869.0000,3868.6000,3871.2000,3872.2000,3873.0000,3873.6000,3873.8000,2,2,1,2,1,1,1,2,2,4
SF,IF2001,2019-11-28 09:31:43.800,3870.0000,2907,0,30198600.000,0,-,-,-,-,3869.8000,3869.6000,3869.4000,3869.2000,3869.0000,3871.2000,3872.2000,3873.0000,3873.6000,3873.8000,2,2,1,1,2,1,1,2,2,4
SF,IF2001,2019-11-28 09:31:44.300,3871.2000,2906,-1,31359960.000,1,0,1,双平,S,3871.2000,3870.2000,3870.0000,3869.8000,3869.4000,3872.2000,3873.0000,3873.6000,3873.8000,3874.2000,1,1,2,3,1,1,2,2,4,1
SF,IF2001,2019-11-28 09:31:44.800,3871.2000,2906,0,31359960.000,0,-,-,-,-,3871.2000,3869.8000,3869.4000,3869.2000,3869.0000,3872.2000,3873.0000,3873.6000,3873.8000,3874.2000,1,3,1,1,2,1,2,2,4,1
SF,IF2001,2019-11-28 09:31:45.300,3871.2000,2906,0,31359960.000,0,-,-,-,-,3871.2000,3869.8000,3869.4000,3869.2000,3869.0000,3872.2000,3873.0000,3873.6000,3873.8000,3874.2000,1,3,1,1,2,1,2,2,4,1
SF,IF2001,2019-11-28 09:31:46.300,3871.2000,2906,0,31359960.000,0,-,-,-,-,3871.2000,3869.8000,3869.4000,3869.2000,3869.0000,3873.0000,3873.6000,3873.8000,3874.2000,3877.0000,1,3,1,1,2,3,2,4,1,4
SF,IF2001,2019-11-28 09:31:46.800,3871.2000,2906,0,31359960.000,0,-,-,-,-,3871.2000,3869.8000,3869.4000,3869.2000,3869.0000,3872.8000,3873.0000,3873.6000,3873.8000,3874.2000,1,3,1,1,2,2,3,2,4,1
SF,IF2001,2019-11-28 09:31:49.300,3871.2000,2906,0,31359960.000,0,-,-,-,-,3871.2000,3869.8000,3869.4000,3869.2000,3869.0000,3872.8000,3873.0000,3873.6000,3873.8000,3874.2000,1,3,1,1,2,2,3,2,4,1
SF,IF2001,2019-11-28 09:31:49.800,3871.2000,2906,0,31359960.000,0,-,-,-,-,3869.8000,3869.4000,3869.2000,3869.0000,3868.6000,3872.6000,3872.8000,3873.0000,3873.6000,3873.8000,3,1,1,2,1,1,2,3,2,4
SF,IF2001,2019-11-28 09:31:50.300,3871.2000,2906,0,31359960.000,0,-,-,-,-,3870.4000,3870.0000,3869.8000,3869.4000,3869.2000,3872.6000,3872.8000,3873.0000,3873.6000,3873.8000,1,3,3,1,1,1,1,3,2,4
SF,IF2001,2019-11-28 09:31:50.800,3871.2000,2906,0,31359960.000,0,-,-,-,-,3870.6000,3870.4000,3870.0000,3869.8000,3869.4000,3872.6000,3872.8000,3873.0000,3873.6000,3873.8000,1,1,1,3,1,1,1,3,2,4
SF,IF2001,2019-11-28 09:31:52.800,3871.2000,2906,0,31359960.000,0,-,-,-,-,3870.6000,3870.4000,3870.0000,3869.8000,3869.4000,3872.6000,3872.8000,3873.0000,3873.6000,3873.8000,2,1,1,3,1,1,1,3,2,4
SF,IF2001,2019-11-28 09:31:53.300,3871.2000,2906,0,31359960.000,0,-,-,-,-,3870.6000,3870.4000,3870.0000,3869.8000,3869.4000,3872.6000,3872.8000,3873.0000,3873.6000,3873.8000,2,1,2,3,1,1,1,3,2,4
SF,IF2001,2019-11-28 09:31:54.800,3871.2000,2906,0,31359960.000,0,-,-,-,-,3870.6000,3870.4000,3870.0000,3869.8000,3869.4000,3872.6000,3872.8000,3873.0000,3873.6000,3873.8000,3,1,2,3,1,1,1,3,2,4
SF,IF2001,2019-11-28 09:31:55.300,3871.2000,2906,0,31359960.000,0,-,-,-,-,3870.6000,3870.4000,3870.0000,3869.8000,3869.4000,3872.4000,3872.6000,3872.8000,3873.0000,3873.6000,3,1,2,3,1,1,1,1,3,2
SF,IF2001,2019-11-28 09:31:55.800,3871.2000,2906,0,31359960.000,0,-,-,-,-,3870.6000,3870.0000,3869.8000,3869.4000,3869.2000,3872.2000,3872.4000,3872.6000,3872.8000,3873.0000,3,2,3,1,1,1,1,1,1,3
SF,IF2001,2019-11-28 09:31:56.300,3871.2000,2906,0,31359960.000,0,-,-,-,-,3870.6000,3870.0000,3869.8000,3869.4000,3869.2000,3872.6000,3872.8000,3873.0000,3873.6000,3873.8000,3,2,3,1,1,1,1,3,2,4
SF,IF2001,2019-11-28 09:31:58.300,3871.2000,2906,0,31359960.000,0,-,-,-,-,3870.6000,3870.0000,3869.8000,3869.4000,3869.2000,3872.4000,3872.6000,3872.8000,3873.0000,3873.6000,3,2,3,1,1,1,1,1,3,2
SF,IF2001,2019-11-28 09:31:58.800,3871.2000,2906,0,31359960.000,0,-,-,-,-,3870.6000,3870.0000,3869.8000,3869.4000,3869.2000,3872.2000,3872.4000,3872.6000,3872.8000,3873.0000,3,2,3,1,1,1,1,1,1,3
SF,IF2001,2019-11-28 09:31:59.300,3871.2000,2906,0,31359960.000,0,-,-,-,-,3870.6000,3870.0000,3869.8000,3869.4000,3869.2000,3872.0000,3872.2000,3872.4000,3872.6000,3873.0000,2,1,2,1,1,2,2,1,1,3
SF,IF2001,2019-11-28 09:31:59.800,3870.6000,2905,-1,32521140.000,1,0,1,双平,S,3870.6000,3870.0000,3869.8000,3869.4000,3869.2000,3872.0000,3872.2000,3872.4000,3872.6000,3873.0000,1,1,2,2,1,2,1,1,1,3
SF,IF2001,2019-11-28 09:32:00.300,3870.6000,2905,0,32521140.000,0,-,-,-,-,3870.6000,3870.0000,3869.8000,3869.4000,3869.2000,3871.8000,3872.0000,3872.2000,3872.4000,3872.6000,1,1,2,1,1,1,2,1,1,1
SF,IF2001,2019-11-28 09:32:00.800,3870.6000,2904,-1,33682320.000,1,0,1,双平,S,3870.0000,3869.8000,3869.4000,3869.2000,3869.0000,3871.6000,3871.8000,3872.0000,3872.2000,3872.4000,1,2,1,1,2,1,1,2,1,1
SF,IF2001,2019-11-28 09:32:01.300,3870.6000,2904,0,33682320.000,0,-,-,-,-,3870.0000,3869.8000,3869.4000,3869.2000,3869.0000,3871.4000,3871.6000,3872.0000,3872.2000,3873.0000,1,1,1,1,2,1,2,2,1,3
SF,IF2001,2019-11-28 09:32:01.800,3870.0000,2903,-1,34843320.000,1,0,1,双平,S,3869.0000,3868.6000,3868.2000,3868.0000,3867.8000,3871.2000,3871.4000,3871.6000,3872.2000,3873.0000,2,1,3,1,1,1,1,2,1,3
SF,IF2001,2019-11-28 09:32:02.300,3870.0000,2903,0,34843320.000,0,-,-,-,-,3869.2000,3869.0000,3868.6000,3868.2000,3868.0000,3871.0000,3871.2000,3871.4000,3871.6000,3872.2000,1,2,1,3,1,2,1,1,1,1
SF,IF2001,2019-11-28 09:32:04.300,3870.0000,2903,0,34843320.000,0,-,-,-,-,3869.2000,3869.0000,3868.6000,3868.2000,3868.0000,3870.8000,3871.0000,3871.2000,3871.4000,3872.2000,1,2,1,3,1,1,2,1,1,1
SF,IF2001,2019-11-28 09:32:04.800,3870.0000,2903,0,34843320.000,0,-,-,-,-,3869.0000,3868.6000,3868.2000,3868.0000,3867.8000,3870.6000,3870.8000,3871.0000,3871.2000,3871.4000,2,1,3,1,1,2,1,1,1,1
SF,IF2001,2019-11-28 09:32:05.300,3870.0000,2903,0,34843320.000,0,-,-,-,-,3869.0000,3868.2000,3868.0000,3867.8000,3865.8000,3870.2000,3870.4000,3870.6000,3870.8000,3871.4000,1,3,1,1,1,1,1,3,1,1
SF,IF2001,2019-11-28 09:32:05.800,3870.0000,2903,0,34843320.000,0,-,-,-,-,3869.0000,3868.2000,3868.0000,3867.8000,3865.8000,3870.0000,3870.2000,3870.4000,3870.6000,3870.8000,1,3,1,1,1,1,1,1,2,1
SF,IF2001,2019-11-28 09:32:06.300,3870.0000,2903,0,34843320.000,0,-,-,-,-,3869.0000,3868.2000,3868.0000,3867.8000,3865.8000,3870.0000,3870.2000,3870.4000,3870.6000,3870.8000,2,3,1,1,1,1,1,1,2,1
SF,IF2001,2019-11-28 09:32:07.800,3870.0000,2902,-1,36004320.000,1,0,1,双平,S,3869.0000,3868.4000,3868.2000,3868.0000,3867.8000,3870.4000,3870.6000,3870.8000,3871.4000,3872.2000,2,1,3,1,1,1,2,1,2,1
SF,IF2001,2019-11-28 09:32:08.300,3870.8000,2900,-2,38326740.000,2,0,2,双平,S,3870.6000,3869.2000,3869.0000,3868.2000,3868.0000,3871.4000,3872.2000,3873.0000,3873.6000,3873.8000,2,3,2,3,1,1,1,1,2,4
SF,IF2001,2019-11-28 09:32:08.800,3871.4000,2899,-1,39488160.000,1,0,1,双平,S,3870.6000,3869.4000,3869.2000,3869.0000,3868.2000,3872.2000,3873.0000,3873.6000,3873.8000,3874.2000,1,1,2,2,3,1,1,2,4,1
SF,IF2001,2019-11-28 09:32:09.300,3871.4000,2899,0,39488160.000,0,-,-,-,-,3870.6000,3869.4000,3869.2000,3869.0000,3868.2000,3872.0000,3872.2000,3873.0000,3873.6000,3873.8000,1,1,2,2,3,2,1,1,2,4
SF,IF2001,2019-11-28 09:32:09.800,3871.4000,2899,0,39488160.000,0,-,-,-,-,3870.6000,3870.2000,3869.4000,3869.2000,3869.0000,3872.0000,3873.0000,3873.6000,3873.8000,3874.2000,1,1,1,2,2,1,1,2,4,1
SF,IF2001,2019-11-28 09:32:10.300,3871.4000,2899,0,39488160.000,0,-,-,-,-,3870.2000,3869.4000,3869.2000,3869.0000,3868.2000,3872.0000,3873.0000,3873.6000,3873.8000,3874.2000,1,1,2,2,3,1,1,2,4,1
SF,IF2001,2019-11-28 09:32:10.800,3871.4000,2899,0,39488160.000,0,-,-,-,-,3870.4000,3869.4000,3869.2000,3869.0000,3868.2000,3872.0000,3873.0000,3873.6000,3873.8000,3874.2000,1,1,1,2,3,1,1,2,4,1
SF,IF2001,2019-11-28 09:32:11.300,3871.4000,2899,0,39488160.000,0,-,-,-,-,3869.4000,3869.2000,3869.0000,3868.2000,3868.0000,3872.0000,3873.0000,3873.6000,3873.8000,3874.2000,1,1,2,3,1,1,1,2,4,1
SF,IF2001,2019-11-28 09:32:11.800,3871.4000,2899,0,39488160.000,0,-,-,-,-,3869.8000,3869.6000,3869.4000,3869.2000,3869.0000,3871.8000,3872.0000,3873.0000,3873.6000,3873.8000,1,2,1,1,2,2,1,1,2,4
SF,IF2001,2019-11-28 09:32:12.300,3871.4000,2899,0,39488160.000,0,-,-,-,-,3870.0000,3869.8000,3869.6000,3869.4000,3869.0000,3871.4000,3871.8000,3873.0000,3873.6000,3873.8000,2,1,1,1,2,1,1,1,2,4
SF,IF2001,2019-11-28 09:32:12.800,3871.4000,2899,0,39488160.000,0,-,-,-,-,3870.0000,3869.8000,3869.6000,3869.4000,3869.0000,3871.4000,3873.0000,3873.6000,3873.8000,3874.2000,2,1,1,1,2,1,1,2,4,1
SF,IF2001,2019-11-28 09:32:13.300,3871.4000,2899,0,39488160.000,0,-,-,-,-,3870.0000,3869.6000,3869.4000,3869.0000,3868.2000,3871.4000,3872.2000,3873.0000,3873.6000,3873.8000,2,1,1,2,3,1,1,1,2,4
SF,IF2001,2019-11-28 09:32:13.800,3871.4000,2899,0,39488160.000,0,-,-,-,-,3870.4000,3870.2000,3870.0000,3869.6000,3869.4000,3871.4000,3872.2000,3873.0000,3873.6000,3873.8000,1,1,2,1,1,1,1,1,2,4
SF,IF2001,2019-11-28 09:32:14.300,3871.4000,2899,0,39488160.000,0,-,-,-,-,3870.4000,3870.2000,3870.0000,3869.6000,3869.4000,3871.4000,3872.2000,3873.0000,3873.6000,3873.8000,1,1,1,1,1,1,1,1,2,4
SF,IF2001,2019-11-28 09:32:15.800,3871.4000,2899,0,39488160.000,0,-,-,-,-,3870.4000,3870.2000,3870.0000,3869.6000,3869.4000,3872.2000,3873.0000,3873.6000,3873.8000,3874.2000,1,1,1,1,1,1,1,2,4,1
SF,IF2001,2019-11-28 09:32:16.300,3871.4000,2899,0,39488160.000,0,-,-,-,-,3870.6000,3870.4000,3870.2000,3870.0000,3869.4000,3872.2000,3873.0000,3873.6000,3873.8000,3874.2000,1,1,1,1,1,1,1,2,4,1
SF,IF2001,2019-11-28 09:32:16.800,3871.4000,2899,0,39488160.000,0,-,-,-,-,3870.8000,3870.6000,3870.4000,3870.2000,3870.0000,3872.2000,3873.0000,3873.6000,3873.8000,3874.2000,1,1,1,1,1,1,1,2,4,1
SF,IF2001,2019-11-28 09:32:17.300,3871.4000,2899,0,39488160.000,0,-,-,-,-,3871.0000,3870.8000,3870.6000,3870.2000,3869.4000,3873.0000,3873.6000,3873.8000,3874.2000,3877.0000,1,1,1,1,1,1,2,4,1,4
SF,IF2001,2019-11-28 09:32:17.800,3871.4000,2899,0,39488160.000,0,-,-,-,-,3871.2000,3871.0000,3870.6000,3870.2000,3869.4000,3872.8000,3873.0000,3873.6000,3873.8000,3874.2000,2,1,1,1,1,1,1,2,4,1
SF,IF2001,2019-11-28 09:32:18.300,3871.4000,2899,0,39488160.000,0,-,-,-,-,3871.2000,3871.0000,3870.6000,3870.2000,3869.4000,3872.8000,3873.0000,3873.6000,3873.8000,3874.2000,1,2,1,1,1,1,1,2,4,1
SF,IF2001,2019-11-28 09:32:18.800,3871.4000,2899,0,39488160.000,0,-,-,-,-,3871.0000,3870.6000,3870.2000,3869.4000,3869.0000,3872.6000,3872.8000,3873.0000,3873.6000,3873.8000,2,1,1,1,2,1,1,1,2,4
SF,IF2001,2019-11-28 09:32:19.300,3871.4000,2899,0,39488160.000,0,-,-,-,-,3871.2000,3871.0000,3870.6000,3870.2000,3869.4000,3872.6000,3872.8000,3873.0000,3873.6000,3873.8000,1,2,1,1,1,1,1,1,2,4
SF,IF2001,2019-11-28 09:32:19.800,3871.4000,2899,0,39488160.000,0,-,-,-,-,3871.2000,3871.0000,3870.6000,3870.2000,3869.4000,3872.8000,3873.0000,3873.6000,3873.8000,3874.2000,1,2,1,1,1,1,1,2,4,1
SF,IF2001,2019-11-28 09:32:20.300,3871.4000,2899,0,39488160.000,0,-,-,-,-,3871.4000,3871.2000,3871.0000,3870.6000,3870.2000,3872.8000,3873.0000,3873.6000,3873.8000,3874.2000,1,1,2,1,1,1,1,2,4,1
SF,IF2001,2019-11-28 09:32:21.800,3871.4000,2899,0,39488160.000,0,-,-,-,-,3871.4000,3871.2000,3871.0000,3870.6000,3870.2000,3872.6000,3872.8000,3873.0000,3873.6000,3873.8000,1,1,2,1,1,1,1,1,2,4
SF,IF2001,2019-11-28 09:32:22.300,3871.4000,2899,0,39488160.000,0,-,-,-,-,3871.0000,3870.6000,3870.2000,3869.4000,3869.0000,3872.6000,3872.8000,3873.0000,3873.6000,3873.8000,2,1,1,1,2,1,1,1,2,4
SF,IF2001,2019-11-28 09:32:23.800,3871.4000,2899,0,39488160.000,0,-,-,-,-,3871.0000,3870.6000,3870.2000,3869.4000,3869.0000,3872.6000,3872.8000,3873.0000,3873.6000,3873.8000,1,1,1,1,2,1,1,1,2,4
SF,IF2001,2019-11-28 09:32:24.300,3871.4000,2899,0,39488160.000,0,-,-,-,-,3870.6000,3870.2000,3869.4000,3869.0000,3868.2000,3872.4000,3872.6000,3873.0000,3873.6000,3873.8000,1,1,1,2,3,2,1,1,2,4
SF,IF2001,2019-11-28 09:32:24.800,3871.4000,2899,0,39488160.000,0,-,-,-,-,3870.2000,3869.4000,3869.0000,3868.2000,3868.0000,3872.2000,3872.4000,3872.6000,3873.0000,3873.6000,1,1,2,3,1,1,2,1,1,2
SF,IF2001,2019-11-28 09:32:25.300,3871.4000,2899,0,39488160.000,0,-,-,-,-,3870.8000,3870.4000,3870.2000,3869.4000,3869.0000,3871.6000,3872.0000,3873.0000,3873.6000,3873.8000,1,1,1,1,2,1,1,1,2,4
SF,IF2001,2019-11-28 09:32:25.800,3871.4000,2899,0,39488160.000,0,-,-,-,-,3870.4000,3870.2000,3869.4000,3869.0000,3868.2000,3871.6000,3872.0000,3873.0000,3873.6000,3873.8000,1,1,1,2,3,1,1,1,2,4
SF,IF2001,2019-11-28 09:32:26.300,3871.4000,2899,0,39488160.000,0,-,-,-,-,3871.0000,3870.6000,3870.4000,3870.2000,3869.4000,3873.0000,3873.6000,3873.8000,3874.2000,3877.0000,1,1,1,1,1,1,2,4,1,4
SF,IF2001,2019-11-28 09:32:26.800,3871.4000,2899,0,39488160.000,0,-,-,-,-,3871.0000,3870.4000,3870.2000,3869.4000,3869.0000,3872.8000,3873.0000,3873.6000,3873.8000,3874.2000,1,1,1,1,2,2,1,2,4,1
SF,IF2001,2019-11-28 09:32:27.300,3871.4000,2899,0,39488160.000,0,-,-,-,-,3870.4000,3870.2000,3869.4000,3869.0000,3868.2000,3872.6000,3872.8000,3873.0000,3873.6000,3873.8000,1,1,1,2,3,1,3,1,2,4
SF,IF2001,2019-11-28 09:32:27.800,3871.4000,2899,0,39488160.000,0,-,-,-,-,3870.6000,3870.4000,3870.2000,3869.4000,3869.0000,3872.6000,3872.8000,3873.0000,3873.6000,3873.8000,1,1,1,1,2,1,2,1,2,4
SF,IF2001,2019-11-28 09:32:28.300,3871.4000,2899,0,39488160.000,0,-,-,-,-,3870.8000,3870.6000,3870.4000,3870.2000,3869.4000,3872.6000,3872.8000,3873.0000,3873.6000,3873.8000,1,1,1,1,1,1,2,1,2,4
SF,IF2001,2019-11-28 09:32:28.800,3871.4000,2899,0,39488160.000,0,-,-,-,-,3870.4000,3870.2000,3869.4000,3869.0000,3868.2000,3872.4000,3872.8000,3873.0000,3873.6000,3873.8000,1,1,1,2,3,2,2,1,2,4
SF,IF2001,2019-11-28 09:32:29.300,3871.4000,2899,0,39488160.000,0,-,-,-,-,3870.6000,3870.4000,3870.2000,3869.4000,3869.0000,3872.4000,3872.8000,3873.0000,3873.6000,3873.8000,1,1,1,1,2,2,2,1,2,4
SF,IF2001,2019-11-28 09:32:29.800,3871.4000,2899,0,39488160.000,0,-,-,-,-,3870.6000,3870.4000,3870.2000,3869.4000,3869.0000,3872.2000,3872.4000,3872.8000,3873.0000,3873.6000,1,1,1,1,2,1,1,2,1,2
SF,IF2001,2019-11-28 09:32:30.300,3871.4000,2899,0,39488160.000,0,-,-,-,-,3870.6000,3870.4000,3870.2000,3869.4000,3869.0000,3872.2000,3872.8000,3873.0000,3873.6000,3873.8000,1,1,1,1,2,1,2,1,2,4
SF,IF2001,2019-11-28 09:32:31.300,3871.4000,2899,0,39488160.000,0,-,-,-,-,3870.8000,3870.6000,3870.4000,3870.2000,3869.4000,3872.2000,3872.8000,3873.0000,3873.6000,3873.8000,1,1,1,1,1,1,2,1,2,4
SF,IF2001,2019-11-28 09:32:31.800,3871.4000,2899,0,39488160.000,0,-,-,-,-,3870.8000,3870.4000,3870.2000,3869.4000,3869.0000,3872.8000,3873.0000,3873.6000,3873.8000,3874.2000,1,1,1,1,2,1,1,2,4,1
SF,IF2001,2019-11-28 09:32:32.300,3871.4000,2899,0,39488160.000,0,-,-,-,-,3870.8000,3870.4000,3870.2000,3869.4000,3869.0000,3872.6000,3872.8000,3873.0000,3873.6000,3873.8000,1,1,1,1,2,1,1,1,2,4
SF,IF2001,2019-11-28 09:32:32.800,3871.4000,2899,0,39488160.000,0,-,-,-,-,3871.0000,3870.8000,3870.4000,3870.2000,3869.4000,3872.6000,3872.8000,3873.0000,3873.6000,3873.8000,1,1,1,1,1,1,1,1,2,4
SF,IF2001,2019-11-28 09:32:33.300,3871.4000,2899,0,39488160.000,0,-,-,-,-,3870.4000,3870.2000,3869.4000,3869.0000,3868.2000,3872.6000,3872.8000,3873.0000,3873.6000,3873.8000,1,1,1,2,3,1,1,1,2,4
SF,IF2001,2019-11-28 09:32:33.800,3871.4000,2899,0,39488160.000,0,-,-,-,-,3870.6000,3870.4000,3870.2000,3869.4000,3869.0000,3872.6000,3872.8000,3873.0000,3873.6000,3873.8000,2,1,1,1,2,1,1,1,2,4
SF,IF2001,2019-11-28 09:32:34.300,3871.4000,2899,0,39488160.000,0,-,-,-,-,3870.6000,3870.4000,3870.2000,3869.4000,3869.0000,3872.4000,3872.6000,3872.8000,3873.0000,3873.6000,2,1,1,1,2,1,1,1,1,2
SF,IF2001,2019-11-28 09:32:34.800,3871.4000,2899,0,39488160.000,0,-,-,-,-,3870.6000,3870.4000,3870.2000,3869.4000,3869.0000,3872.4000,3872.8000,3873.0000,3873.6000,3873.8000,1,1,1,1,2,1,1,1,2,4
SF,IF2001,2019-11-28 09:32:37.300,3871.4000,2899,0,39488160.000,0,-,-,-,-,3870.6000,3870.2000,3869.4000,3869.0000,3868.2000,3872.0000,3872.2000,3872.4000,3872.8000,3873.0000,1,1,1,2,3,2,2,1,1,1
SF,IF2001,2019-11-28 09:32:37.800,3871.4000,2899,0,39488160.000,0,-,-,-,-,3870.6000,3870.2000,3869.4000,3869.0000,3868.2000,3872.0000,3872.2000,3872.4000,3872.8000,3873.0000,1,1,1,2,3,2,1,1,1,1
SF,IF2001,2019-11-28 09:32:41.300,3871.4000,2899,0,39488160.000,0,-,-,-,-,3870.6000,3870.2000,3869.4000,3869.0000,3868.2000,3871.8000,3872.0000,3872.2000,3872.8000,3873.0000,1,1,1,2,3,1,2,1,1,1
SF,IF2001,2019-11-28 09:32:42.300,3871.8000,2898,-1,40649700.000,1,0,1,双平,S,3870.8000,3870.6000,3870.2000,3869.4000,3869.0000,3872.0000,3872.2000,3872.8000,3873.0000,3873.6000,1,1,1,1,2,2,1,1,1,2
SF,IF2001,2019-11-28 09:32:42.800,3871.8000,2898,0,40649700.000,0,-,-,-,-,3871.0000,3870.8000,3870.2000,3869.4000,3869.0000,3872.0000,3872.8000,3873.0000,3873.6000,3873.8000,1,1,1,1,2,2,1,1,2,4
SF,IF2001,2019-11-28 09:32:43.300,3872.0000,2898,0,42972900.000,2,1,1,多换,S,3871.0000,3870.8000,3870.2000,3869.4000,3869.0000,3872.8000,3873.0000,3873.6000,3873.8000,3874.2000,1,1,1,1,2,1,1,2,4,1
SF,IF2001,2019-11-28 09:32:44.800,3872.0000,2898,0,42972900.000,0,-,-,-,-,3871.0000,3870.2000,3869.4000,3869.0000,3868.2000,3872.6000,3872.8000,3873.0000,3873.6000,3873.8000,1,1,1,2,3,1,1,1,2,4
SF,IF2001,2019-11-28 09:32:45.300,3872.0000,2898,0,42972900.000,0,-,-,-,-,3871.0000,3870.2000,3869.4000,3869.0000,3868.2000,3872.8000,3873.0000,3873.6000,3873.8000,3874.2000,1,1,1,2,3,1,1,2,4,1
SF,IF2001,2019-11-28 09:32:45.800,3872.0000,2898,0,42972900.000,0,-,-,-,-,3871.0000,3870.2000,3869.4000,3869.0000,3868.2000,3872.6000,3872.8000,3873.0000,3873.6000,3873.8000,1,1,1,2,3,1,1,1,2,4
SF,IF2001,2019-11-28 09:32:46.300,3872.0000,2898,0,42972900.000,0,-,-,-,-,3870.2000,3869.4000,3869.0000,3868.2000,3868.0000,3872.6000,3872.8000,3873.0000,3873.6000,3873.8000,1,1,2,3,1,4,2,1,2,3
SF,IF2001,2019-11-28 09:32:46.800,3872.0000,2898,0,42972900.000,0,-,-,-,-,3870.4000,3870.2000,3869.4000,3869.0000,3868.2000,3872.2000,3872.6000,3872.8000,3873.0000,3873.6000,3,1,1,2,3,1,4,2,1,2
SF,IF2001,2019-11-28 09:32:47.300,3872.0000,2898,0,42972900.000,0,-,-,-,-,3870.4000,3870.2000,3869.4000,3869.0000,3868.2000,3872.8000,3873.0000,3873.6000,3873.8000,3877.0000,3,1,1,2,3,2,1,2,3,4
SF,IF2001,2019-11-28 09:32:47.800,3872.0000,2898,0,42972900.000,0,-,-,-,-,3870.4000,3870.2000,3869.4000,3869.0000,3868.2000,3872.6000,3872.8000,3873.0000,3873.6000,3873.8000,3,1,1,2,3,2,2,1,2,3
SF,IF2001,2019-11-28 09:32:48.800,3872.0000,2898,0,42972900.000,0,-,-,-,-,3870.4000,3870.2000,3869.4000,3869.0000,3868.2000,3872.4000,3872.6000,3872.8000,3873.0000,3873.6000,3,1,1,2,2,1,2,2,1,2
SF,IF2001,2019-11-28 09:32:49.300,3872.0000,2898,0,42972900.000,0,-,-,-,-,3870.4000,3870.2000,3869.4000,3869.0000,3868.2000,3872.4000,3872.6000,3872.8000,3873.0000,3873.6000,3,1,1,2,2,1,1,2,1,2
SF,IF2001,2019-11-28 09:32:50.800,3872.0000,2898,0,42972900.000,0,-,-,-,-,3870.4000,3870.2000,3869.4000,3869.0000,3868.2000,3872.2000,3872.4000,3872.6000,3872.8000,3873.0000,3,1,1,2,2,1,1,1,2,1
SF,IF2001,2019-11-28 09:32:51.800,3872.0000,2898,0,42972900.000,0,-,-,-,-,3870.4000,3870.2000,3869.4000,3869.0000,3868.2000,3872.2000,3872.6000,3872.8000,3873.0000,3873.6000,3,1,1,2,2,1,1,2,1,2
SF,IF2001,2019-11-28 09:32:52.300,3872.0000,2898,0,42972900.000,0,-,-,-,-,3870.4000,3870.2000,3869.4000,3869.0000,3868.2000,3872.0000,3872.2000,3872.6000,3872.8000,3873.0000,3,1,1,2,2,1,1,1,2,1
SF,IF2001,2019-11-28 09:32:59.800,3872.0000,2898,0,42972900.000,0,-,-,-,-,3870.6000,3870.4000,3870.2000,3869.4000,3869.0000,3872.0000,3872.2000,3872.6000,3872.8000,3873.0000,1,3,1,1,2,1,1,1,2,1
SF,IF2001,2019-11-28 09:33:00.300,3872.0000,2898,0,42972900.000,0,-,-,-,-,3870.8000,3870.6000,3870.4000,3870.2000,3869.4000,3872.6000,3872.8000,3873.0000,3873.6000,3873.8000,3,1,2,1,1,1,1,1,2,3
SF,IF2001,2019-11-28 09:33:00.800,3872.6000,2897,-1,44134680.000,1,0,1,双平,S,3872.6000,3870.8000,3870.6000,3870.4000,3870.2000,3872.8000,3873.0000,3873.6000,3873.8000,3877.0000,2,3,1,1,1,1,1,2,3,4
SF,IF2001,2019-11-28 09:33:01.300,3872.6000,2896,-1,46458240.000,2,0,2,多平,S,3870.8000,3870.6000,3870.4000,3870.2000,3869.4000,3872.0000,3872.2000,3872.8000,3873.0000,3873.6000,1,1,1,1,1,1,2,1,1,2
SF,IF2001,2019-11-28 09:33:01.800,3872.6000,2896,0,46458240.000,0,-,-,-,-,3871.2000,3871.0000,3870.8000,3870.6000,3870.4000,3872.0000,3872.2000,3872.8000,3873.0000,3873.6000,1,1,1,1,1,1,2,1,1,2
SF,IF2001,2019-11-28 09:33:02.300,3872.6000,2896,0,46458240.000,0,-,-,-,-,3870.8000,3870.6000,3870.4000,3870.2000,3869.4000,3872.0000,3872.8000,3873.0000,3873.6000,3873.8000,1,1,1,1,1,1,1,1,2,1
SF,IF2001,2019-11-28 09:33:02.800,3872.6000,2896,0,46458240.000,0,-,-,-,-,3871.0000,3870.8000,3870.6000,3870.4000,3870.2000,3872.0000,3872.8000,3873.0000,3873.6000,3873.8000,1,1,1,1,1,1,1,1,2,1
SF,IF2001,2019-11-28 09:33:03.300,3872.6000,2896,0,46458240.000,0,-,-,-,-,3871.0000,3870.8000,3870.6000,3870.4000,3870.2000,3872.0000,3872.4000,3872.8000,3873.0000,3873.6000,1,1,1,1,1,1,1,1,1,2
SF,IF2001,2019-11-28 09:33:04.300,3872.6000,2896,0,46458240.000,0,-,-,-,-,3871.0000,3870.8000,3870.6000,3870.4000,3870.2000,3872.0000,3872.4000,3872.8000,3873.0000,3873.6000,1,1,1,1,1,1,2,1,1,2
SF,IF2001,2019-11-28 09:33:05.800,3872.6000,2896,0,46458240.000,0,-,-,-,-,3871.2000,3871.0000,3870.8000,3870.6000,3870.2000,3872.0000,3872.4000,3872.8000,3873.0000,3873.6000,1,2,1,1,1,1,2,1,1,2
SF,IF2001,2019-11-28 09:33:06.300,3872.6000,2896,0,46458240.000,0,-,-,-,-,3871.4000,3871.2000,3871.0000,3870.8000,3870.6000,3872.0000,3872.4000,3872.8000,3873.0000,3873.6000,1,1,1,1,1,1,1,1,1,2
SF,IF2001,2019-11-28 09:33:06.800,3872.6000,2896,0,46458240.000,0,-,-,-,-,3871.0000,3870.8000,3870.6000,3870.2000,3869.4000,3872.0000,3872.4000,3872.8000,3873.0000,3873.6000,1,1,1,1,1,1,1,1,1,2
SF,IF2001,2019-11-28 09:33:07.300,3872.0000,2896,0,47619840.000,1,0,1,多换,S,3872.0000,3871.2000,3871.0000,3870.8000,3870.6000,3872.8000,3873.0000,3873.6000,3873.8000,3877.0000,1,3,2,1,1,1,1,2,1,4
SF,IF2001,2019-11-28 09:33:07.800,3872.0000,2896,0,47619840.000,0,-,-,-,-,3872.0000,3871.2000,3871.0000,3870.8000,3870.6000,3872.8000,3873.0000,3873.6000,3873.8000,3877.0000,1,2,1,1,1,1,1,2,1,4
SF,IF2001,2019-11-28 09:33:08.300,3872.0000,2895,-1,48781440.000,1,0,1,双平,S,3871.2000,3871.0000,3870.8000,3870.6000,3870.2000,3872.0000,3872.8000,3873.0000,3873.6000,3873.8000,1,1,1,1,1,2,1,1,2,1
SF,IF2001,2019-11-28 09:33:08.800,3872.0000,2895,0,48781440.000,0,-,-,-,-,3871.2000,3871.0000,3870.8000,3870.6000,3870.2000,3872.0000,3872.8000,3873.0000,3873.4000,3873.6000,1,1,1,1,1,2,1,1,1,2
SF,IF2001,2019-11-28 09:33:09.300,3872.0000,2895,0,48781440.000,0,-,-,-,-,3871.2000,3871.0000,3870.8000,3870.6000,3870.2000,3872.8000,3873.0000,3873.4000,3873.6000,3873.8000,1,1,1,1,1,1,1,1,2,1
SF,IF2001,2019-11-28 09:33:11.300,3872.0000,2895,0,48781440.000,0,-,-,-,-,3871.4000,3871.2000,3871.0000,3870.8000,3870.6000,3873.0000,3873.4000,3873.6000,3873.8000,3877.0000,1,1,1,1,1,1,1,2,1,4
SF,IF2001,2019-11-28 09:33:13.300,3872.0000,2895,0,48781440.000,0,-,-,-,-,3871.2000,3871.0000,3870.8000,3870.6000,3870.2000,3873.0000,3873.4000,3873.6000,3873.8000,3877.0000,1,1,1,1,1,2,1,2,1,4
SF,IF2001,2019-11-28 09:33:13.800,3872.0000,2895,0,48781440.000,0,-,-,-,-,3870.6000,3870.2000,3869.4000,3869.0000,3868.2000,3872.4000,3872.6000,3872.8000,3873.0000,3873.6000,1,1,1,2,2,1,2,6,3,2
SF,IF2001,2019-11-28 09:33:14.300,3872.0000,2895,0,48781440.000,0,-,-,-,-,3870.8000,3870.6000,3870.2000,3869.4000,3869.0000,3872.4000,3872.6000,3872.8000,3873.0000,3873.6000,1,1,1,1,2,1,3,3,3,2
SF,IF2001,2019-11-28 09:33:14.800,3872.0000,2895,0,48781440.000,0,-,-,-,-,3870.2000,3869.4000,3869.0000,3868.2000,3868.0000,3872.2000,3872.4000,3872.6000,3872.8000,3873.0000,1,1,2,2,1,1,1,3,3,3
SF,IF2001,2019-11-28 09:33:15.300,3872.0000,2895,0,48781440.000,0,-,-,-,-,3870.4000,3870.2000,3869.4000,3869.0000,3868.2000,3872.2000,3872.4000,3872.6000,3872.8000,3873.0000,2,1,1,2,2,1,1,3,3,3
SF,IF2001,2019-11-28 09:33:15.800,3872.0000,2895,0,48781440.000,0,-,-,-,-,3871.0000,3870.6000,3870.4000,3870.2000,3869.4000,3872.0000,3872.2000,3872.4000,3872.6000,3872.8000,1,1,3,1,1,1,1,1,3,2
SF,IF2001,2019-11-28 09:33:16.300,3872.0000,2895,0,48781440.000,0,-,-,-,-,3871.0000,3870.4000,3870.2000,3869.4000,3869.0000,3872.0000,3872.6000,3872.8000,3873.0000,3873.6000,1,2,1,1,2,1,3,1,3,2
SF,IF2001,2019-11-28 09:33:21.800,3871.0000,2894,-1,49942740.000,1,0,1,双平,S,3870.2000,3869.4000,3869.0000,3868.2000,3868.0000,3872.0000,3872.6000,3872.8000,3873.0000,3873.6000,1,1,2,2,1,2,1,1,3,2
SF,IF2001,2019-11-28 09:33:22.300,3871.0000,2894,0,49942740.000,0,-,-,-,-,3870.2000,3869.4000,3869.0000,3868.2000,3868.0000,3871.6000,3871.8000,3872.0000,3872.8000,3873.0000,1,1,2,2,1,1,3,2,1,3
SF,IF2001,2019-11-28 09:33:22.800,3871.0000,2894,0,49942740.000,0,-,-,-,-,3870.2000,3869.4000,3869.0000,3868.2000,3868.0000,3871.4000,3871.6000,3871.8000,3872.0000,3872.8000,1,1,2,2,1,1,1,1,1,1
SF,IF2001,2019-11-28 09:33:24.800,3871.0000,2894,0,49942740.000,0,-,-,-,-,3869.4000,3869.0000,3868.2000,3868.0000,3867.8000,3871.4000,3871.6000,3871.8000,3872.0000,3872.8000,1,2,2,1,1,1,1,1,1,1
SF,IF2001,2019-11-28 09:33:25.300,3871.0000,2894,0,49942740.000,0,-,-,-,-,3869.6000,3869.4000,3869.0000,3868.2000,3868.0000,3871.4000,3871.6000,3871.8000,3872.0000,3872.8000,2,1,2,2,1,1,2,1,1,1
SF,IF2001,2019-11-28 09:33:25.800,3871.0000,2894,0,49942740.000,0,-,-,-,-,3869.6000,3869.4000,3869.0000,3868.2000,3868.0000,3871.2000,3871.6000,3871.8000,3872.0000,3873.0000,2,1,2,2,1,2,1,1,1,3
SF,IF2001,2019-11-28 09:33:26.800,3871.0000,2894,0,49942740.000,0,-,-,-,-,3869.6000,3869.4000,3869.0000,3868.2000,3868.0000,3871.2000,3871.6000,3871.8000,3872.0000,3873.0000,2,1,2,2,1,1,1,1,1,3
SF,IF2001,2019-11-28 09:33:27.300,3871.0000,2894,0,49942740.000,0,-,-,-,-,3869.6000,3869.4000,3869.0000,3868.2000,3868.0000,3871.6000,3871.8000,3872.0000,3873.0000,3873.6000,2,1,2,2,1,1,1,1,3,2
SF,IF2001,2019-11-28 09:33:27.800,3871.0000,2894,0,49942740.000,0,-,-,-,-,3869.8000,3869.6000,3869.4000,3869.0000,3868.2000,3871.4000,3871.6000,3871.8000,3872.0000,3873.0000,1,2,1,2,2,1,1,1,1,3
SF,IF2001,2019-11-28 09:33:28.300,3871.0000,2894,0,49942740.000,0,-,-,-,-,3869.8000,3869.6000,3869.4000,3869.0000,3868.2000,3871.4000,3871.6000,3871.8000,3872.0000,3873.0000,1,1,1,2,2,1,1,1,1,3
SF,IF2001,2019-11-28 09:33:28.800,3871.0000,2894,0,49942740.000,0,-,-,-,-,3869.6000,3869.4000,3869.0000,3868.2000,3868.0000,3871.4000,3871.6000,3871.8000,3872.0000,3873.0000,1,1,2,2,1,1,1,1,1,3
SF,IF2001,2019-11-28 09:33:29.300,3871.0000,2894,0,49942740.000,0,-,-,-,-,3869.8000,3869.6000,3869.4000,3869.0000,3868.2000,3871.4000,3871.6000,3871.8000,3872.0000,3873.0000,2,1,1,2,2,1,1,1,1,3
SF,IF2001,2019-11-28 09:33:29.800,3871.0000,2894,0,49942740.000,0,-,-,-,-,3870.0000,3869.8000,3869.6000,3869.4000,3869.0000,3871.4000,3871.8000,3872.0000,3873.0000,3873.6000,1,2,1,1,2,1,1,1,3,2
SF,IF2001,2019-11-28 09:33:30.300,3871.0000,2894,0,49942740.000,0,-,-,-,-,3870.2000,3870.0000,3869.8000,3869.6000,3869.4000,3871.8000,3872.0000,3873.0000,3873.6000,3873.8000,1,1,1,1,1,1,1,3,2,1
SF,IF2001,2019-11-28 09:33:30.800,3871.0000,2894,0,49942740.000,0,-,-,-,-,3870.4000,3870.2000,3870.0000,3869.4000,3869.0000,3872.0000,3873.0000,3873.6000,3873.8000,3877.0000,1,2,1,1,2,1,3,2,1,4
SF,IF2001,2019-11-28 09:33:31.300,3871.0000,2894,0,49942740.000,0,-,-,-,-,3870.8000,3870.4000,3870.2000,3870.0000,3869.4000,3872.0000,3873.0000,3873.6000,3873.8000,3877.0000,1,1,1,1,1,1,3,2,1,4
SF,IF2001,2019-11-28 09:33:32.300,3871.0000,2894,0,49942740.000,0,-,-,-,-,3871.0000,3870.8000,3870.4000,3870.2000,3869.4000,3873.0000,3873.6000,3873.8000,3877.0000,3880.0000,1,1,1,1,1,3,2,1,4,5
SF,IF2001,2019-11-28 09:33:32.800,3871.0000,2894,0,49942740.000,0,-,-,-,-,3870.8000,3870.4000,3870.2000,3869.4000,3869.0000,3872.4000,3872.6000,3872.8000,3873.0000,3873.6000,1,1,1,1,2,2,2,4,3,2
SF,IF2001,2019-11-28 09:33:33.300,3871.0000,2894,0,49942740.000,0,-,-,-,-,3870.8000,3870.4000,3870.2000,3869.4000,3869.0000,3872.2000,3872.4000,3872.6000,3872.8000,3873.0000,1,1,1,1,2,2,2,2,3,2
SF,IF2001,2019-11-28 09:33:34.800,3871.0000,2894,0,49942740.000,0,-,-,-,-,3870.8000,3870.4000,3870.2000,3869.4000,3869.0000,3872.2000,3872.4000,3872.8000,3873.0000,3873.6000,1,1,1,1,2,1,2,1,2,2
SF,IF2001,2019-11-28 09:33:35.300,3871.8000,2892,-2,52265820.000,2,0,2,双平,S,3870.8000,3870.4000,3870.2000,3869.4000,3869.0000,3872.0000,3872.2000,3872.4000,3872.8000,3873.0000,1,1,1,1,2,1,1,2,1,2
SF,IF2001,2019-11-28 09:33:35.800,3871.8000,2892,0,52265820.000,0,-,-,-,-,3870.4000,3870.2000,3869.4000,3869.0000,3868.2000,3871.8000,3872.0000,3872.2000,3872.4000,3872.8000,1,1,1,2,2,1,1,1,2,1
SF,IF2001,2019-11-28 09:33:37.800,3871.8000,2892,0,52265820.000,0,-,-,-,-,3870.4000,3870.2000,3869.4000,3869.0000,3868.2000,3871.6000,3871.8000,3872.0000,3872.2000,3872.4000,1,1,1,2,2,1,1,1,1,2
SF,IF2001,2019-11-28 09:33:38.300,3871.8000,2892,0,52265820.000,0,-,-,-,-,3870.2000,3869.4000,3869.0000,3868.2000,3868.0000,3871.6000,3872.0000,3872.2000,3872.4000,3872.8000,1,1,2,2,1,1,1,1,2,1
SF,IF2001,2019-11-28 09:33:38.800,3871.8000,2892,0,52265820.000,0,-,-,-,-,3870.4000,3870.2000,3869.4000,3869.0000,3868.2000,3871.6000,3872.0000,3872.2000,3872.4000,3872.8000,1,1,1,2,2,1,1,1,2,1
SF,IF2001,2019-11-28 09:33:39.300,3871.8000,2892,0,52265820.000,0,-,-,-,-,3870.6000,3870.4000,3870.2000,3869.4000,3869.0000,3872.0000,3872.4000,3872.8000,3873.0000,3873.6000,1,1,1,1,2,1,2,1,2,2
SF,IF2001,2019-11-28 09:33:39.800,3871.8000,2892,0,52265820.000,0,-,-,-,-,3870.8000,3870.6000,3870.4000,3870.2000,3869.4000,3872.0000,3872.4000,3872.8000,3873.0000,3873.6000,1,1,1,1,1,1,2,1,2,2
SF,IF2001,2019-11-28 09:33:42.800,3871.8000,2892,0,52265820.000,0,-,-,-,-,3870.6000,3870.4000,3870.2000,3869.4000,3869.0000,3872.0000,3872.4000,3872.8000,3873.0000,3873.6000,1,1,1,1,2,1,2,1,2,2
SF,IF2001,2019-11-28 09:33:43.300,3871.8000,2892,0,52265820.000,0,-,-,-,-,3870.4000,3870.2000,3869.4000,3869.0000,3868.2000,3872.0000,3872.4000,3872.8000,3873.0000,3873.6000,1,1,1,2,2,1,2,1,2,2
SF,IF2001,2019-11-28 09:33:43.800,3871.8000,2892,0,52265820.000,0,-,-,-,-,3870.6000,3870.4000,3870.2000,3869.4000,3869.0000,3872.0000,3872.4000,3872.8000,3873.0000,3873.6000,1,1,1,1,2,1,2,1,2,2
SF,IF2001,2019-11-28 09:33:44.800,3871.8000,2892,0,52265820.000,0,-,-,-,-,3870.6000,3870.4000,3870.2000,3869.4000,3869.0000,3872.0000,3872.2000,3872.4000,3872.8000,3873.0000,1,1,1,1,2,1,1,2,1,2
SF,IF2001,2019-11-28 09:33:45.300,3871.8000,2892,0,52265820.000,0,-,-,-,-,3870.4000,3870.2000,3869.4000,3869.0000,3868.2000,3872.0000,3872.2000,3872.4000,3872.8000,3873.0000,1,1,1,2,2,1,1,2,1,2
SF,IF2001,2019-11-28 09:33:45.800,3871.8000,2892,0,52265820.000,0,-,-,-,-,3870.6000,3870.4000,3870.2000,3869.4000,3869.0000,3872.0000,3872.2000,3872.4000,3872.8000,3873.0000,1,1,1,1,2,1,1,2,1,2
SF,IF2001,2019-11-28 09:33:48.300,3871.8000,2892,0,52265820.000,0,-,-,-,-,3870.8000,3870.6000,3870.4000,3870.2000,3869.4000,3872.0000,3872.2000,3872.4000,3872.8000,3873.0000,1,1,1,1,1,1,1,2,1,2
SF,IF2001,2019-11-28 09:33:51.800,3871.8000,2892,0,52265820.000,0,-,-,-,-,3870.6000,3870.4000,3870.2000,3869.4000,3869.0000,3872.0000,3872.2000,3872.4000,3872.8000,3873.0000,1,1,1,1,2,1,1,2,1,2
SF,IF2001,2019-11-28 09:33:52.300,3871.8000,2892,0,52265820.000,0,-,-,-,-,3870.4000,3870.2000,3869.4000,3869.0000,3868.2000,3871.8000,3872.0000,3872.2000,3872.4000,3872.8000,1,1,1,2,2,2,1,1,2,1
SF,IF2001,2019-11-28 09:33:52.800,3871.8000,2892,0,52265820.000,0,-,-,-,-,3870.2000,3869.4000,3869.0000,3868.2000,3868.0000,3871.8000,3872.0000,3872.2000,3872.4000,3872.8000,1,1,2,2,1,3,1,1,2,1
SF,IF2001,2019-11-28 09:33:53.800,3871.8000,2892,0,52265820.000,0,-,-,-,-,3870.2000,3869.4000,3869.0000,3868.2000,3868.0000,3871.6000,3871.8000,3872.0000,3872.2000,3872.4000,1,1,2,2,1,1,3,1,1,2
SF,IF2001,2019-11-28 09:33:54.300,3871.8000,2892,0,52265820.000,0,-,-,-,-,3870.2000,3869.4000,3869.0000,3868.2000,3868.0000,3871.6000,3871.8000,3872.0000,3872.2000,3872.4000,1,1,2,2,1,1,2,1,1,2
SF,IF2001,2019-11-28 09:33:55.300,3871.8000,2892,0,52265820.000,0,-,-,-,-,3870.2000,3869.4000,3869.0000,3868.2000,3868.0000,3871.6000,3871.8000,3872.0000,3872.2000,3872.4000,1,1,2,2,1,1,2,1,1,2
SF,IF2001,2019-11-28 09:33:56.800,3871.8000,2892,0,52265820.000,0,-,-,-,-,3870.4000,3870.2000,3869.4000,3869.0000,3868.2000,3871.6000,3872.0000,3872.2000,3872.4000,3872.8000,1,1,1,2,2,1,1,1,2,1
SF,IF2001,2019-11-28 09:33:57.300,3871.8000,2892,0,52265820.000,0,-,-,-,-,3870.2000,3869.4000,3869.0000,3868.2000,3868.0000,3872.0000,3872.2000,3872.4000,3872.8000,3873.0000,1,1,2,2,1,1,1,2,1,2
SF,IF2001,2019-11-28 09:33:57.800,3871.8000,2892,0,52265820.000,0,-,-,-,-,3869.4000,3869.0000,3868.2000,3868.0000,3867.8000,3871.4000,3871.8000,3872.0000,3872.2000,3872.4000,1,2,2,1,1,2,5,2,1,2
SF,IF2001,2019-11-28 09:33:58.300,3871.8000,2892,0,52265820.000,0,-,-,-,-,3869.6000,3869.4000,3869.0000,3868.2000,3868.0000,3871.2000,3871.4000,3871.8000,3872.0000,3872.2000,2,1,2,2,1,1,2,4,1,1
SF,IF2001,2019-11-28 09:33:58.800,3871.8000,2892,0,52265820.000,0,-,-,-,-,3869.6000,3869.4000,3869.0000,3868.2000,3868.0000,3871.2000,3871.4000,3871.6000,3871.8000,3872.0000,2,1,2,2,1,2,3,1,4,1
SF,IF2001,2019-11-28 09:33:59.800,3871.8000,2892,0,52265820.000,0,-,-,-,-,3869.6000,3869.4000,3869.0000,3868.2000,3868.0000,3871.0000,3871.2000,3871.4000,3871.6000,3871.8000,2,1,2,2,1,1,2,3,1,4
SF,IF2001,2019-11-28 09:34:00.300,3871.8000,2892,0,52265820.000,0,-,-,-,-,3869.6000,3869.4000,3869.0000,3868.2000,3868.0000,3871.0000,3871.2000,3871.4000,3871.6000,3871.8000,2,1,2,2,1,1,1,3,1,4
SF,IF2001,2019-11-28 09:34:02.300,3871.8000,2892,0,52265820.000,0,-,-,-,-,3869.6000,3869.4000,3869.0000,3868.2000,3868.0000,3871.0000,3871.2000,3871.4000,3871.6000,3871.8000,1,1,2,2,1,1,1,3,1,4
SF,IF2001,2019-11-28 09:34:04.300,3871.8000,2892,0,52265820.000,0,-,-,-,-,3869.6000,3869.4000,3869.0000,3868.2000,3868.0000,3870.8000,3871.0000,3871.4000,3871.6000,3871.8000,1,1,2,2,1,1,1,3,1,4
SF,IF2001,2019-11-28 09:34:05.300,3871.8000,2892,0,52265820.000,0,-,-,-,-,3869.6000,3869.4000,3869.0000,3868.2000,3868.0000,3870.8000,3871.0000,3871.4000,3871.8000,3872.0000,1,1,2,2,1,1,1,3,4,1
SF,IF2001,2019-11-28 09:34:06.300,3871.8000,2892,0,52265820.000,0,-,-,-,-,3869.8000,3869.6000,3869.4000,3869.0000,3868.2000,3871.4000,3871.8000,3872.0000,3872.2000,3872.4000,1,1,1,2,2,3,4,1,1,2
SF,IF2001,2019-11-28 09:34:06.800,3871.8000,2892,0,52265820.000,0,-,-,-,-,3869.8000,3869.6000,3869.4000,3869.0000,3868.2000,3871.2000,3871.4000,3871.8000,3872.0000,3872.2000,1,1,1,2,2,1,3,4,1,1
SF,IF2001,2019-11-28 09:34:07.300,3871.8000,2892,0,52265820.000,0,-,-,-,-,3869.8000,3869.6000,3869.4000,3869.0000,3868.2000,3871.2000,3871.4000,3871.8000,3872.0000,3872.2000,1,1,1,2,2,1,3,4,1,1
SF,IF2001,2019-11-28 09:34:08.300,3871.8000,2892,0,52265820.000,0,-,-,-,-,3869.6000,3869.4000,3869.0000,3868.2000,3868.0000,3871.2000,3871.4000,3871.8000,3872.0000,3872.2000,1,1,2,2,1,1,3,4,1,1
SF,IF2001,2019-11-28 09:34:08.800,3871.8000,2892,0,52265820.000,0,-,-,-,-,3869.6000,3869.4000,3869.0000,3868.2000,3868.0000,3871.0000,3871.2000,3871.4000,3871.8000,3872.0000,1,1,2,2,1,1,1,3,4,1
SF,IF2001,2019-11-28 09:34:09.300,3871.8000,2892,0,52265820.000,0,-,-,-,-,3869.4000,3869.0000,3868.2000,3868.0000,3867.8000,3870.8000,3871.0000,3871.4000,3871.8000,3872.0000,1,2,2,1,1,1,1,3,4,1
SF,IF2001,2019-11-28 09:34:09.800,3871.8000,2892,0,52265820.000,0,-,-,-,-,3869.4000,3869.0000,3868.2000,3868.0000,3867.8000,3870.6000,3870.8000,3871.0000,3871.4000,3871.8000,1,2,2,1,1,1,1,1,3,4
SF,IF2001,2019-11-28 09:34:10.300,3871.8000,2892,0,52265820.000,0,-,-,-,-,3869.4000,3869.0000,3868.2000,3868.0000,3867.8000,3870.4000,3870.6000,3871.0000,3871.4000,3871.8000,1,2,2,1,1,1,1,1,3,4
SF,IF2001,2019-11-28 09:34:10.800,3871.8000,2892,0,52265820.000,0,-,-,-,-,3869.4000,3869.0000,3868.2000,3868.0000,3867.8000,3870.6000,3871.0000,3871.4000,3871.8000,3872.0000,1,2,2,1,1,1,1,3,4,1
SF,IF2001,2019-11-28 09:34:13.800,3871.8000,2892,0,52265820.000,0,-,-,-,-,3869.4000,3869.0000,3868.2000,3868.0000,3867.8000,3870.6000,3871.0000,3871.4000,3871.8000,3872.0000,1,1,2,1,1,1,1,3,4,1
SF,IF2001,2019-11-28 09:34:15.800,3871.8000,2892,0,52265820.000,0,-,-,-,-,3869.4000,3869.0000,3868.2000,3868.0000,3867.8000,3871.0000,3871.4000,3871.8000,3872.0000,3872.2000,1,1,2,1,1,1,3,4,1,1
SF,IF2001,2019-11-28 09:34:16.300,3871.8000,2892,0,52265820.000,0,-,-,-,-,3869.6000,3869.4000,3869.0000,3868.2000,3868.0000,3870.8000,3871.0000,3871.4000,3871.8000,3872.0000,1,1,1,2,1,1,1,3,4,1
SF,IF2001,2019-11-28 09:34:18.300,3871.8000,2892,0,52265820.000,0,-,-,-,-,3869.6000,3869.4000,3869.0000,3868.2000,3868.0000,3870.8000,3871.4000,3871.8000,3872.0000,3872.2000,1,1,1,2,1,1,3,4,1,1
SF,IF2001,2019-11-28 09:34:18.800,3871.8000,2892,0,52265820.000,0,-,-,-,-,3869.8000,3869.6000,3869.4000,3869.0000,3868.2000,3870.8000,3871.4000,3871.8000,3872.0000,3872.2000,1,1,1,1,2,1,3,4,1,1
SF,IF2001,2019-11-28 09:34:20.800,3871.8000,2892,0,52265820.000,0,-,-,-,-,3869.6000,3869.4000,3869.0000,3868.2000,3868.0000,3870.8000,3871.4000,3871.8000,3872.0000,3872.2000,1,1,1,2,1,1,3,4,1,1
SF,IF2001,2019-11-28 09:34:22.800,3871.8000,2892,0,52265820.000,0,-,-,-,-,3869.6000,3869.4000,3869.0000,3868.2000,3868.0000,3870.6000,3870.8000,3871.4000,3871.8000,3872.0000,1,1,1,2,1,1,1,3,4,1
SF,IF2001,2019-11-28 09:34:23.300,3871.8000,2892,0,52265820.000,0,-,-,-,-,3869.4000,3869.0000,3868.2000,3868.0000,3867.8000,3870.4000,3870.6000,3871.4000,3871.8000,3872.0000,1,1,2,1,1,1,1,3,4,1
SF,IF2001,2019-11-28 09:34:23.800,3871.8000,2892,0,52265820.000,0,-,-,-,-,3869.4000,3869.0000,3868.2000,3868.0000,3867.8000,3870.4000,3870.6000,3871.2000,3871.4000,3871.8000,1,1,2,1,1,1,1,1,3,4
SF,IF2001,2019-11-28 09:34:24.800,3871.8000,2892,0,52265820.000,0,-,-,-,-,3869.4000,3869.0000,3868.2000,3868.0000,3867.8000,3870.4000,3871.2000,3871.4000,3871.8000,3872.0000,1,1,2,1,1,1,1,3,4,1
SF,IF2001,2019-11-28 09:34:25.300,3871.8000,2892,0,52265820.000,0,-,-,-,-,3869.4000,3869.0000,3868.2000,3868.0000,3867.8000,3870.2000,3870.4000,3871.2000,3871.4000,3871.8000,1,1,2,1,1,1,1,1,3,4
SF,IF2001,2019-11-28 09:34:25.800,3871.8000,2892,0,52265820.000,0,-,-,-,-,3869.4000,3869.0000,3868.2000,3868.0000,3867.8000,3871.2000,3871.4000,3871.8000,3872.0000,3872.2000,1,1,2,1,1,1,3,4,1,1
SF,IF2001,2019-11-28 09:34:26.300,3871.8000,2892,0,52265820.000,0,-,-,-,-,3869.4000,3869.0000,3868.2000,3868.0000,3867.8000,3870.8000,3871.0000,3871.2000,3871.4000,3871.8000,1,1,2,1,1,1,4,1,2,4
SF,IF2001,2019-11-28 09:34:26.800,3871.8000,2892,0,52265820.000,0,-,-,-,-,3869.0000,3868.2000,3868.0000,3867.8000,3865.8000,3870.6000,3871.0000,3871.2000,3871.4000,3871.8000,1,2,1,1,1,3,2,2,1,4
SF,IF2001,2019-11-28 09:34:28.300,3871.8000,2892,0,52265820.000,0,-,-,-,-,3869.0000,3868.2000,3868.0000,3867.8000,3865.8000,3870.6000,3871.0000,3871.2000,3871.4000,3871.8000,1,2,1,1,1,4,2,2,1,4
SF,IF2001,2019-11-28 09:34:28.800,3871.8000,2892,0,52265820.000,0,-,-,-,-,3869.0000,3868.2000,3868.0000,3867.8000,3865.8000,3870.4000,3870.6000,3871.0000,3871.2000,3871.4000,1,2,1,1,1,2,3,2,2,1
SF,IF2001,2019-11-28 09:34:29.300,3871.8000,2892,0,52265820.000,0,-,-,-,-,3869.0000,3868.2000,3868.0000,3867.8000,3865.8000,3870.2000,3870.4000,3870.6000,3871.0000,3871.2000,1,2,1,1,1,1,2,2,2,2
SF,IF2001,2019-11-28 09:34:30.800,3871.8000,2892,0,52265820.000,0,-,-,-,-,3869.2000,3869.0000,3868.2000,3868.0000,3867.8000,3870.2000,3870.4000,3870.6000,3871.0000,3871.2000,1,1,2,1,1,1,1,1,1,2
SF,IF2001,2019-11-28 09:34:31.300,3870.2000,2891,-1,53426880.000,1,0,1,双平,S,3869.6000,3869.2000,3869.0000,3868.2000,3868.0000,3871.0000,3871.2000,3871.4000,3871.8000,3872.0000,1,3,2,2,1,1,1,1,3,2
SF,IF2001,2019-11-28 09:34:31.800,3870.2000,2891,0,53426880.000,0,-,-,-,-,3869.6000,3869.2000,3869.0000,3868.2000,3868.0000,3871.0000,3871.2000,3871.4000,3871.8000,3872.0000,1,3,1,2,1,1,1,1,3,1
SF,IF2001,2019-11-28 09:34:32.300,3870.2000,2891,0,53426880.000,0,-,-,-,-,3869.2000,3869.0000,3868.2000,3868.0000,3867.8000,3870.6000,3870.8000,3871.0000,3871.2000,3871.4000,1,1,2,1,1,1,1,1,1,1
SF,IF2001,2019-11-28 09:34:32.800,3870.2000,2891,0,53426880.000,0,-,-,-,-,3869.4000,3869.2000,3869.0000,3868.2000,3868.0000,3870.6000,3871.0000,3871.2000,3871.4000,3871.8000,3,1,1,2,1,1,1,1,1,3
SF,IF2001,2019-11-28 09:34:33.800,3870.2000,2891,0,53426880.000,0,-,-,-,-,3869.4000,3869.2000,3869.0000,3868.2000,3868.0000,3871.0000,3871.2000,3871.4000,3871.8000,3872.0000,3,1,1,2,1,1,1,1,3,1
SF,IF2001,2019-11-28 09:34:34.300,3870.2000,2891,0,53426880.000,0,-,-,-,-,3869.4000,3869.2000,3869.0000,3868.2000,3868.0000,3870.8000,3871.0000,3871.2000,3871.4000,3871.8000,2,1,1,2,1,1,1,1,1,3
SF,IF2001,2019-11-28 09:34:35.300,3870.2000,2891,0,53426880.000,0,-,-,-,-,3869.6000,3869.4000,3869.2000,3869.0000,3868.2000,3870.8000,3871.0000,3871.2000,3871.4000,3871.8000,1,2,1,1,2,1,1,1,1,3
SF,IF2001,2019-11-28 09:34:35.800,3870.2000,2891,0,53426880.000,0,-,-,-,-,3869.8000,3869.6000,3869.4000,3869.2000,3869.0000,3870.8000,3871.0000,3871.2000,3871.4000,3871.8000,1,1,1,1,1,1,1,1,1,3
SF,IF2001,2019-11-28 09:34:36.300,3869.6000,2889,-2,55748700.000,2,0,2,双平,S,3869.4000,3869.2000,3869.0000,3868.4000,3868.2000,3870.8000,3871.0000,3871.2000,3871.4000,3871.8000,1,1,1,1,2,2,1,1,2,3
SF,IF2001,2019-11-28 09:34:36.800,3869.6000,2889,0,55748700.000,0,-,-,-,-,3869.4000,3869.2000,3869.0000,3868.2000,3868.0000,3870.6000,3870.8000,3871.0000,3871.2000,3871.4000,1,1,1,2,1,1,2,1,1,1
SF,IF2001,2019-11-28 09:34:37.800,3869.6000,2889,0,55748700.000,0,-,-,-,-,3869.4000,3869.2000,3869.0000,3868.2000,3868.0000,3870.6000,3870.8000,3871.0000,3871.2000,3871.4000,1,1,1,2,1,1,3,1,1,1
SF,IF2001,2019-11-28 09:34:38.300,3869.6000,2889,0,55748700.000,0,-,-,-,-,3869.4000,3869.2000,3869.0000,3868.2000,3868.0000,3870.8000,3871.2000,3871.4000,3871.8000,3872.0000,1,1,1,2,1,2,1,1,3,1
SF,IF2001,2019-11-28 09:34:38.800,3869.6000,2889,0,55748700.000,0,-,-,-,-,3869.4000,3869.2000,3869.0000,3868.2000,3868.0000,3870.8000,3871.2000,3871.4000,3871.8000,3872.0000,1,1,1,2,1,1,1,1,3,1
SF,IF2001,2019-11-28 09:34:39.800,3869.6000,2889,0,55748700.000,0,-,-,-,-,3869.6000,3869.4000,3869.2000,3869.0000,3868.2000,3870.8000,3871.2000,3871.4000,3871.8000,3872.0000,1,1,1,1,2,1,1,1,3,1
SF,IF2001,2019-11-28 09:34:40.300,3869.6000,2889,0,55748700.000,0,-,-,-,-,3869.6000,3869.4000,3869.2000,3869.0000,3868.2000,3870.8000,3871.2000,3871.4000,3871.8000,3872.0000,2,1,1,1,2,1,1,1,3,1
SF,IF2001,2019-11-28 09:34:40.800,3869.6000,2889,0,55748700.000,0,-,-,-,-,3869.6000,3869.2000,3869.0000,3868.2000,3868.0000,3871.2000,3871.4000,3871.8000,3872.0000,3872.2000,2,1,1,2,1,1,1,3,1,1
SF,IF2001,2019-11-28 09:34:41.300,3869.6000,2889,0,55748700.000,0,-,-,-,-,3870.2000,3869.6000,3869.2000,3869.0000,3868.2000,3871.2000,3871.4000,3871.8000,3872.0000,3872.2000,1,2,1,1,2,1,1,3,1,1
SF,IF2001,2019-11-28 09:34:41.800,3869.6000,2889,0,55748700.000,0,-,-,-,-,3870.2000,3869.6000,3869.2000,3869.0000,3868.2000,3871.2000,3871.4000,3871.8000,3872.0000,3872.2000,1,2,1,1,2,1,1,2,1,1
SF,IF2001,2019-11-28 09:34:44.300,3869.6000,2889,0,55748700.000,0,-,-,-,-,3870.2000,3869.6000,3869.2000,3869.0000,3868.2000,3871.4000,3872.0000,3872.2000,3872.4000,3873.0000,1,2,1,1,2,1,1,1,2,2
SF,IF2001,2019-11-28 09:34:44.800,3869.6000,2889,0,55748700.000,0,-,-,-,-,3870.2000,3869.6000,3869.2000,3869.0000,3868.2000,3872.0000,3872.2000,3872.4000,3873.0000,3873.6000,1,2,1,1,2,1,1,2,2,2
SF,IF2001,2019-11-28 09:34:45.300,3869.6000,2889,0,55748700.000,0,-,-,-,-,3870.2000,3869.6000,3869.2000,3869.0000,3868.2000,3872.0000,3872.2000,3872.4000,3873.0000,3873.6000,1,2,1,1,2,1,1,2,2,2
SF,IF2001,2019-11-28 09:34:45.800,3869.6000,2889,0,55748700.000,0,-,-,-,-,3870.2000,3869.6000,3869.2000,3869.0000,3868.2000,3871.8000,3872.0000,3872.2000,3872.4000,3873.0000,1,2,1,1,2,2,1,1,2,2
SF,IF2001,2019-11-28 09:34:46.300,3869.6000,2889,0,55748700.000,0,-,-,-,-,3870.4000,3870.2000,3869.6000,3869.2000,3869.0000,3871.8000,3872.0000,3872.2000,3872.4000,3873.0000,1,1,2,1,1,2,1,1,2,2
SF,IF2001,2019-11-28 09:34:46.800,3869.6000,2889,0,55748700.000,0,-,-,-,-,3870.2000,3869.6000,3869.2000,3869.0000,3868.2000,3871.8000,3872.0000,3872.2000,3872.4000,3873.0000,1,2,1,1,2,2,1,1,2,2
SF,IF2001,2019-11-28 09:34:47.300,3869.6000,2889,0,55748700.000,0,-,-,-,-,3870.4000,3870.2000,3869.6000,3869.2000,3869.0000,3871.8000,3872.0000,3872.2000,3872.4000,3873.0000,1,1,2,1,1,2,1,1,2,2
SF,IF2001,2019-11-28 09:34:47.800,3869.6000,2889,0,55748700.000,0,-,-,-,-,3870.2000,3869.6000,3869.2000,3869.0000,3868.2000,3871.8000,3872.0000,3872.2000,3872.4000,3873.0000,1,2,1,1,2,2,1,1,2,2
SF,IF2001,2019-11-28 09:34:48.300,3869.6000,2889,0,55748700.000,0,-,-,-,-,3870.2000,3869.6000,3869.2000,3869.0000,3868.2000,3871.8000,3872.0000,3872.2000,3872.4000,3873.0000,2,2,1,1,2,2,1,1,2,2
SF,IF2001,2019-11-28 09:34:49.300,3869.6000,2889,0,55748700.000,0,-,-,-,-,3870.2000,3869.6000,3869.2000,3869.0000,3868.2000,3871.6000,3871.8000,3872.0000,3872.2000,3872.4000,2,2,1,1,2,1,2,1,1,2
SF,IF2001,2019-11-28 09:34:49.800,3869.6000,2889,0,55748700.000,0,-,-,-,-,3870.2000,3869.6000,3869.2000,3869.0000,3868.2000,3871.8000,3872.0000,3872.2000,3872.4000,3873.0000,2,2,1,1,2,1,1,1,2,2
SF,IF2001,2019-11-28 09:34:50.800,3869.6000,2889,0,55748700.000,0,-,-,-,-,3870.2000,3869.6000,3869.2000,3869.0000,3868.2000,3871.6000,3871.8000,3872.0000,3872.2000,3872.4000,2,2,1,1,2,1,1,1,1,2
SF,IF2001,2019-11-28 09:34:51.300,3869.6000,2889,0,55748700.000,0,-,-,-,-,3870.2000,3869.6000,3869.2000,3869.0000,3868.2000,3871.6000,3872.0000,3872.2000,3872.4000,3873.0000,1,2,1,1,2,1,1,1,2,2
SF,IF2001,2019-11-28 09:34:51.800,3869.6000,2889,0,55748700.000,0,-,-,-,-,3870.2000,3869.6000,3869.2000,3869.0000,3868.2000,3871.4000,3871.6000,3872.0000,3872.2000,3872.4000,1,2,1,1,2,2,1,1,1,2
SF,IF2001,2019-11-28 09:34:52.300,3869.6000,2889,0,55748700.000,0,-,-,-,-,3869.6000,3869.2000,3869.0000,3868.2000,3868.0000,3871.4000,3871.6000,3872.0000,3872.2000,3872.4000,2,1,1,2,1,2,1,1,1,2
SF,IF2001,2019-11-28 09:34:52.800,3869.6000,2889,0,55748700.000,0,-,-,-,-,3869.8000,3869.6000,3869.2000,3869.0000,3868.2000,3871.4000,3871.6000,3872.0000,3872.2000,3872.4000,1,2,1,1,2,2,1,1,1,2
SF,IF2001,2019-11-28 09:34:53.300,3869.6000,2889,0,55748700.000,0,-,-,-,-,3869.6000,3869.2000,3869.0000,3868.2000,3868.0000,3871.4000,3871.6000,3872.0000,3872.2000,3872.4000,2,1,1,2,1,2,1,1,1,2
SF,IF2001,2019-11-28 09:34:54.800,3869.6000,2889,0,55748700.000,0,-,-,-,-,3869.6000,3869.2000,3869.0000,3868.2000,3868.0000,3871.4000,3871.6000,3872.2000,3872.4000,3873.0000,2,1,1,2,1,2,1,1,2,2
SF,IF2001,2019-11-28 09:34:57.300,3869.6000,2889,0,55748700.000,0,-,-,-,-,3869.6000,3869.2000,3869.0000,3868.2000,3868.0000,3871.4000,3872.2000,3872.4000,3873.0000,3873.6000,2,1,1,2,1,2,1,2,2,2
SF,IF2001,2019-11-28 09:34:57.800,3869.6000,2889,0,55748700.000,0,-,-,-,-,3870.0000,3869.8000,3869.6000,3869.2000,3869.0000,3871.4000,3872.2000,3872.4000,3873.0000,3873.6000,1,2,2,1,1,1,1,2,2,2
SF,IF2001,2019-11-28 09:34:58.300,3869.6000,2889,0,55748700.000,0,-,-,-,-,3870.0000,3869.8000,3869.6000,3869.2000,3869.0000,3871.4000,3872.2000,3872.4000,3873.0000,3873.6000,1,1,2,1,1,1,1,2,2,2
SF,IF2001,2019-11-28 09:34:58.800,3869.6000,2889,0,55748700.000,0,-,-,-,-,3870.0000,3869.6000,3869.2000,3869.0000,3868.2000,3871.2000,3871.4000,3872.2000,3872.4000,3873.0000,1,2,1,1,2,1,1,1,2,2
SF,IF2001,2019-11-28 09:35:00.800,3870.0000,2889,0,56909700.000,1,0,1,多换,S,3869.6000,3869.2000,3869.0000,3868.2000,3868.0000,3871.2000,3871.4000,3872.2000,3872.4000,3873.0000,1,1,1,2,1,1,1,1,2,2
SF,IF2001,2019-11-28 09:35:01.300,3870.0000,2889,0,56909700.000,0,-,-,-,-,3869.6000,3869.2000,3869.0000,3868.2000,3868.0000,3871.2000,3871.4000,3872.2000,3872.4000,3873.0000,1,1,1,2,1,1,2,1,2,2
SF,IF2001,2019-11-28 09:35:02.300,3869.6000,2889,0,58070580.000,1,0,1,多换,S,3869.2000,3869.0000,3868.2000,3868.0000,3867.8000,3871.2000,3871.4000,3872.2000,3872.4000,3873.0000,1,1,2,1,1,2,1,1,2,2
SF,IF2001,2019-11-28 09:35:02.800,3869.6000,2889,0,58070580.000,0,-,-,-,-,3869.2000,3869.0000,3868.2000,3868.0000,3867.8000,3871.0000,3871.2000,3871.4000,3872.2000,3872.4000,1,1,2,1,1,3,2,1,1,2
SF,IF2001,2019-11-28 09:35:03.800,3869.6000,2889,0,58070580.000,0,-,-,-,-,3869.2000,3869.0000,3868.2000,3868.0000,3867.8000,3870.8000,3871.0000,3871.2000,3871.4000,3872.2000,1,1,2,1,1,1,3,2,1,1
SF,IF2001,2019-11-28 09:35:04.300,3869.6000,2889,0,58070580.000,0,-,-,-,-,3869.4000,3869.2000,3869.0000,3868.2000,3868.0000,3870.6000,3871.2000,3871.4000,3872.2000,3872.4000,2,1,1,2,1,1,1,1,1,2
SF,IF2001,2019-11-28 09:35:04.800,3870.6000,2888,-1,59231760.000,1,0,1,双平,S,3869.4000,3869.2000,3869.0000,3868.2000,3868.0000,3871.0000,3871.2000,3871.4000,3872.2000,3872.4000,2,1,1,2,1,1,1,1,1,2
SF,IF2001,2019-11-28 09:35:05.300,3870.6000,2888,0,59231760.000,0,-,-,-,-,3870.6000,3869.6000,3869.4000,3869.2000,3869.0000,3871.2000,3872.2000,3872.4000,3873.0000,3873.6000,1,3,2,1,1,1,1,2,2,2
SF,IF2001,2019-11-28 09:35:05.800,3870.6000,2888,0,59231760.000,0,-,-,-,-,3869.6000,3869.4000,3869.2000,3869.0000,3868.2000,3871.2000,3872.2000,3872.4000,3873.0000,3873.6000,3,1,1,1,2,1,1,2,2,2
SF,IF2001,2019-11-28 09:35:06.300,3870.6000,2888,0,59231760.000,0,-,-,-,-,3870.0000,3869.8000,3869.6000,3869.4000,3869.2000,3871.2000,3872.2000,3872.4000,3873.0000,3873.6000,1,1,3,1,1,1,1,2,2,2
SF,IF2001,2019-11-28 09:35:06.800,3870.6000,2888,0,59231760.000,0,-,-,-,-,3870.0000,3869.6000,3869.4000,3869.2000,3869.0000,3872.2000,3872.4000,3873.0000,3873.6000,3873.8000,1,3,1,1,1,1,2,2,2,1
SF,IF2001,2019-11-28 09:35:07.300,3870.6000,2888,0,59231760.000,0,-,-,-,-,3870.0000,3869.6000,3869.4000,3869.2000,3869.0000,3872.0000,3872.2000,3872.4000,3873.0000,3873.6000,1,3,1,1,1,3,1,2,2,2
SF,IF2001,2019-11-28 09:35:08.300,3870.6000,2888,0,59231760.000,0,-,-,-,-,3870.0000,3869.6000,3869.4000,3869.2000,3869.0000,3872.0000,3872.2000,3872.4000,3873.0000,3873.6000,1,3,1,1,1,3,1,2,2,2
SF,IF2001,2019-11-28 09:35:09.300,3870.6000,2888,0,59231760.000,0,-,-,-,-,3870.2000,3870.0000,3869.6000,3869.2000,3869.0000,3871.8000,3872.0000,3872.2000,3872.4000,3873.0000,1,1,3,1,1,1,3,1,2,2
SF,IF2001,2019-11-28 09:35:09.800,3870.6000,2888,0,59231760.000,0,-,-,-,-,3870.2000,3870.0000,3869.6000,3869.2000,3869.0000,3871.8000,3872.0000,3872.2000,3872.4000,3873.0000,1,1,3,1,1,1,2,1,2,2
SF,IF2001,2019-11-28 09:35:10.800,3870.6000,2888,0,59231760.000,0,-,-,-,-,3870.2000,3870.0000,3869.6000,3869.2000,3869.0000,3871.8000,3872.0000,3872.2000,3872.4000,3873.0000,1,1,3,1,1,1,2,1,2,2
SF,IF2001,2019-11-28 09:35:11.300,3870.6000,2888,0,59231760.000,0,-,-,-,-,3870.2000,3870.0000,3869.6000,3869.2000,3869.0000,3871.8000,3872.0000,3872.2000,3872.4000,3873.0000,1,1,3,1,1,1,2,1,2,2
SF,IF2001,2019-11-28 09:35:11.800,3870.6000,2888,0,59231760.000,0,-,-,-,-,3870.2000,3870.0000,3869.6000,3869.2000,3869.0000,3872.0000,3872.2000,3872.4000,3873.0000,3873.6000,1,1,3,1,1,2,1,2,2,2
SF,IF2001,2019-11-28 09:35:12.300,3870.6000,2888,0,59231760.000,0,-,-,-,-,3870.2000,3870.0000,3869.6000,3869.2000,3869.0000,3871.8000,3872.0000,3872.2000,3872.4000,3873.0000,1,1,3,1,1,1,2,1,2,2
SF,IF2001,2019-11-28 09:35:14.800,3870.6000,2888,0,59231760.000,0,-,-,-,-,3870.2000,3870.0000,3869.6000,3869.2000,3869.0000,3871.8000,3872.0000,3872.2000,3872.4000,3873.0000,1,1,3,1,1,1,1,1,2,2
SF,IF2001,2019-11-28 09:35:15.300,3870.6000,2888,0,59231760.000,0,-,-,-,-,3870.4000,3870.2000,3870.0000,3869.6000,3869.2000,3872.0000,3872.2000,3872.4000,3873.0000,3873.6000,1,1,1,2,1,1,1,2,2,2
SF,IF2001,2019-11-28 09:35:15.800,3870.6000,2888,0,59231760.000,0,-,-,-,-,3870.6000,3870.4000,3870.0000,3869.6000,3869.2000,3872.2000,3872.4000,3873.0000,3873.6000,3873.8000,2,1,1,2,1,1,2,2,2,1
SF,IF2001,2019-11-28 09:35:16.300,3870.6000,2888,0,59231760.000,0,-,-,-,-,3870.8000,3870.6000,3870.0000,3869.6000,3869.2000,3872.2000,3872.4000,3873.0000,3873.6000,3873.8000,1,2,1,2,1,1,2,2,2,1
SF,IF2001,2019-11-28 09:35:16.800,3870.6000,2888,0,59231760.000,0,-,-,-,-,3870.6000,3870.0000,3869.6000,3869.2000,3869.0000,3872.2000,3872.4000,3873.0000,3873.6000,3873.8000,2,1,2,1,1,1,2,2,2,1
SF,IF2001,2019-11-28 09:35:17.300,3870.6000,2888,0,59231760.000,0,-,-,-,-,3870.8000,3870.6000,3870.0000,3869.6000,3869.2000,3872.4000,3873.0000,3873.6000,3873.8000,3877.0000,1,2,1,2,1,2,2,2,1,3
SF,IF2001,2019-11-28 09:35:17.800,3870.6000,2888,0,59231760.000,0,-,-,-,-,3870.8000,3870.6000,3870.0000,3869.6000,3869.2000,3872.4000,3873.0000,3873.6000,3873.8000,3877.0000,1,2,1,2,1,2,2,2,1,3
SF,IF2001,2019-11-28 09:35:19.300,3870.6000,2888,0,59231760.000,0,-,-,-,-,3871.0000,3870.8000,3870.6000,3870.0000,3869.6000,3872.4000,3873.0000,3873.6000,3873.8000,3877.0000,1,1,1,1,2,2,2,2,1,3
SF,IF2001,2019-11-28 09:35:19.800,3872.4000,2888,0,60393480.000,1,0,1,多换,S,3871.2000,3871.0000,3870.8000,3870.0000,3869.6000,3872.4000,3873.0000,3873.6000,3873.8000,3874.0000,2,2,1,1,1,1,1,2,1,1
SF,IF2001,2019-11-28 09:35:20.300,3872.4000,2888,0,60393480.000,0,-,-,-,-,3871.4000,3871.2000,3871.0000,3870.8000,3870.0000,3873.0000,3873.6000,3873.8000,3874.0000,3877.0000,1,2,2,1,1,1,2,1,1,3
SF,IF2001,2019-11-28 09:35:20.800,3872.4000,2888,0,60393480.000,0,-,-,-,-,3871.4000,3871.2000,3871.0000,3870.8000,3870.0000,3873.0000,3873.6000,3873.8000,3874.0000,3877.0000,2,1,1,1,1,1,2,1,1,3
SF,IF2001,2019-11-28 09:35:22.800,3872.4000,2888,0,60393480.000,0,-,-,-,-,3871.4000,3871.2000,3870.8000,3870.0000,3869.6000,3873.0000,3873.6000,3873.8000,3874.0000,3877.0000,1,1,1,1,1,1,2,1,1,3
SF,IF2001,2019-11-28 09:35:23.300,3872.4000,2888,0,60393480.000,0,-,-,-,-,3871.4000,3871.2000,3870.8000,3870.0000,3869.6000,3872.8000,3873.0000,3873.6000,3873.8000,3874.0000,1,1,1,1,1,1,1,2,1,1
SF,IF2001,2019-11-28 09:35:24.300,3872.4000,2888,0,60393480.000,0,-,-,-,-,3871.4000,3871.2000,3870.8000,3870.0000,3869.6000,3872.8000,3873.0000,3873.6000,3873.8000,3874.0000,1,1,1,1,1,1,1,2,1,1
SF,IF2001,2019-11-28 09:35:24.800,3872.4000,2888,0,60393480.000,0,-,-,-,-,3870.8000,3870.0000,3869.6000,3869.2000,3869.0000,3872.8000,3873.0000,3873.6000,3873.8000,3874.0000,1,1,1,1,1,1,1,2,1,1
SF,IF2001,2019-11-28 09:35:25.300,3872.4000,2888,0,60393480.000,0,-,-,-,-,3871.0000,3870.8000,3870.0000,3869.6000,3869.2000,3872.8000,3873.0000,3873.6000,3873.8000,3874.0000,1,1,1,1,1,1,1,2,1,1
SF,IF2001,2019-11-28 09:35:25.800,3872.4000,2888,0,60393480.000,0,-,-,-,-,3871.0000,3870.8000,3870.0000,3869.6000,3869.2000,3872.6000,3872.8000,3873.0000,3873.6000,3873.8000,1,1,1,1,1,1,1,1,2,1
SF,IF2001,2019-11-28 09:35:26.300,3872.4000,2888,0,60393480.000,0,-,-,-,-,3871.0000,3870.8000,3870.0000,3869.6000,3869.2000,3872.6000,3873.0000,3873.6000,3873.8000,3874.0000,1,1,1,1,1,1,1,2,1,1
SF,IF2001,2019-11-28 09:35:26.800,3872.4000,2888,0,60393480.000,0,-,-,-,-,3871.0000,3870.8000,3870.0000,3869.6000,3869.2000,3872.6000,3873.0000,3873.6000,3873.8000,3874.0000,1,1,1,1,1,1,1,2,1,1
SF,IF2001,2019-11-28 09:35:27.300,3872.4000,2888,0,60393480.000,0,-,-,-,-,3871.2000,3871.0000,3870.8000,3870.0000,3869.6000,3872.6000,3873.0000,3873.6000,3873.8000,3874.0000,1,1,1,1,1,1,1,2,1,1
SF,IF2001,2019-11-28 09:35:27.800,3872.4000,2888,0,60393480.000,0,-,-,-,-,3871.2000,3870.8000,3870.0000,3869.6000,3869.2000,3872.6000,3873.0000,3873.6000,3873.8000,3874.0000,1,1,1,1,1,1,1,2,1,1
SF,IF2001,2019-11-28 09:35:28.800,3872.4000,2888,0,60393480.000,0,-,-,-,-,3870.8000,3870.0000,3869.6000,3869.2000,3869.0000,3872.6000,3873.0000,3873.6000,3873.8000,3874.0000,1,1,1,1,1,1,1,2,1,1
SF,IF2001,2019-11-28 09:35:29.300,3872.4000,2888,0,60393480.000,0,-,-,-,-,3871.4000,3871.0000,3870.8000,3870.0000,3869.6000,3872.6000,3873.0000,3873.6000,3873.8000,3874.0000,1,5,1,1,1,1,1,2,1,1
SF,IF2001,2019-11-28 09:35:29.800,3872.4000,2888,0,60393480.000,0,-,-,-,-,3871.6000,3871.4000,3871.0000,3870.8000,3870.0000,3872.6000,3873.0000,3873.6000,3873.8000,3874.0000,1,1,3,1,1,1,1,2,1,1
SF,IF2001,2019-11-28 09:35:30.300,3872.6000,2887,-1,61555260.000,1,0,1,双平,S,3871.6000,3871.4000,3871.0000,3870.8000,3870.0000,3873.8000,3874.0000,3877.0000,3880.0000,3885.0000,2,1,3,1,1,2,1,3,5,1
SF,IF2001,2019-11-28 09:35:30.800,3872.6000,2887,0,61555260.000,0,-,-,-,-,3871.8000,3871.6000,3871.0000,3870.8000,3870.0000,3873.8000,3874.0000,3877.0000,3880.0000,3885.0000,1,2,3,1,1,2,1,3,5,1
SF,IF2001,2019-11-28 09:35:31.300,3872.6000,2887,0,61555260.000,0,-,-,-,-,3872.0000,3871.8000,3871.6000,3871.0000,3870.8000,3873.8000,3874.0000,3877.0000,3880.0000,3885.0000,1,1,1,3,1,2,1,3,5,1
SF,IF2001,2019-11-28 09:35:31.800,3872.6000,2887,0,61555260.000,0,-,-,-,-,3872.0000,3871.8000,3871.6000,3871.0000,3870.8000,3873.8000,3874.0000,3877.0000,3880.0000,3885.0000,1,1,1,3,1,2,1,3,5,1
SF,IF2001,2019-11-28 09:35:32.300,3872.6000,2887,0,61555260.000,0,-,-,-,-,3871.8000,3871.6000,3871.0000,3870.8000,3870.0000,3873.6000,3873.8000,3875.6000,3877.0000,3880.0000,1,1,3,1,1,1,2,1,3,5
SF,IF2001,2019-11-28 09:35:32.800,3872.6000,2887,0,61555260.000,0,-,-,-,-,3871.8000,3871.6000,3871.0000,3870.8000,3870.0000,3873.6000,3873.8000,3875.6000,3877.0000,3880.0000,1,1,3,1,1,2,2,1,3,5
SF,IF2001,2019-11-28 09:35:33.300,3872.6000,2887,0,61555260.000,0,-,-,-,-,3871.0000,3870.8000,3870.0000,3869.6000,3869.2000,3873.0000,3873.2000,3873.4000,3873.6000,3873.8000,1,1,1,1,1,1,1,2,2,2
SF,IF2001,2019-11-28 09:35:33.800,3872.6000,2887,0,61555260.000,0,-,-,-,-,3871.0000,3870.8000,3870.0000,3869.6000,3869.2000,3872.8000,3873.0000,3873.2000,3873.6000,3873.8000,1,1,1,1,1,2,1,1,1,2
SF,IF2001,2019-11-28 09:35:34.800,3872.6000,2887,0,61555260.000,0,-,-,-,-,3871.0000,3870.8000,3870.0000,3869.6000,3869.2000,3872.8000,3873.0000,3873.2000,3873.6000,3873.8000,1,1,1,1,1,2,1,1,1,2
SF,IF2001,2019-11-28 09:35:35.300,3872.6000,2887,0,61555260.000,0,-,-,-,-,3870.8000,3870.0000,3869.6000,3869.2000,3869.0000,3872.6000,3872.8000,3873.0000,3873.2000,3873.6000,1,1,1,1,1,1,2,1,1,1
SF,IF2001,2019-11-28 09:35:35.800,3872.6000,2887,0,61555260.000,0,-,-,-,-,3871.0000,3870.8000,3870.0000,3869.6000,3869.2000,3872.6000,3872.8000,3873.0000,3873.2000,3873.6000,1,1,1,1,1,1,1,1,1,1
SF,IF2001,2019-11-28 09:35:36.300,3872.6000,2887,0,61555260.000,0,-,-,-,-,3871.0000,3870.8000,3870.0000,3869.6000,3869.2000,3872.6000,3872.8000,3873.0000,3873.2000,3873.6000,1,1,1,1,1,1,1,1,1,1
SF,IF2001,2019-11-28 09:35:36.800,3872.6000,2887,0,61555260.000,0,-,-,-,-,3871.0000,3870.8000,3870.0000,3869.6000,3869.2000,3872.6000,3872.8000,3873.0000,3873.2000,3873.6000,1,1,1,1,1,1,1,1,1,1
SF,IF2001,2019-11-28 09:35:37.300,3872.6000,2887,0,61555260.000,0,-,-,-,-,3871.0000,3870.8000,3870.0000,3869.6000,3869.2000,3872.6000,3873.0000,3873.2000,3873.6000,3873.8000,1,1,1,1,1,1,1,1,1,2
SF,IF2001,2019-11-28 09:35:38.300,3872.6000,2887,0,61555260.000,0,-,-,-,-,3871.0000,3870.8000,3870.0000,3869.6000,3869.2000,3872.6000,3873.0000,3873.2000,3873.6000,3873.8000,1,1,1,1,1,1,1,1,1,2
SF,IF2001,2019-11-28 09:35:40.300,3872.6000,2887,0,61555260.000,0,-,-,-,-,3871.0000,3870.8000,3870.0000,3869.6000,3869.2000,3872.6000,3873.0000,3873.2000,3873.6000,3873.8000,2,1,1,1,1,1,1,1,1,2
SF,IF2001,2019-11-28 09:35:40.800,3872.6000,2887,0,61555260.000,0,-,-,-,-,3871.2000,3871.0000,3870.8000,3870.0000,3869.6000,3872.6000,3873.0000,3873.2000,3873.6000,3873.8000,1,2,1,1,1,1,1,1,1,2
SF,IF2001,2019-11-28 09:35:41.300,3872.6000,2887,0,61555260.000,0,-,-,-,-,3871.4000,3871.2000,3871.0000,3870.8000,3870.0000,3872.6000,3873.0000,3873.2000,3873.6000,3873.8000,1,1,1,1,1,1,1,1,1,2
SF,IF2001,2019-11-28 09:35:41.800,3872.6000,2887,0,61555260.000,0,-,-,-,-,3871.4000,3871.0000,3870.8000,3870.0000,3869.6000,3872.6000,3873.0000,3873.2000,3873.6000,3873.8000,1,1,1,1,1,1,1,1,1,2
SF,IF2001,2019-11-28 09:35:43.300,3872.6000,2887,0,61555260.000,0,-,-,-,-,3871.4000,3871.0000,3870.8000,3870.0000,3869.6000,3873.0000,3873.2000,3873.6000,3873.8000,3875.6000,1,1,1,1,1,1,1,1,2,1
SF,IF2001,2019-11-28 09:35:46.300,3872.6000,2887,0,61555260.000,0,-,-,-,-,3871.4000,3871.0000,3870.8000,3870.0000,3869.6000,3872.6000,3873.0000,3873.2000,3873.6000,3873.8000,1,1,1,1,1,1,1,1,1,2
SF,IF2001,2019-11-28 09:35:48.800,3872.6000,2887,0,61555260.000,0,-,-,-,-,3871.4000,3871.0000,3870.8000,3870.0000,3869.6000,3872.6000,3873.0000,3873.2000,3873.6000,3873.8000,1,1,1,1,1,1,1,1,1,2
SF,IF2001,2019-11-28 09:35:49.300,3872.6000,2887,0,61555260.000,0,-,-,-,-,3871.0000,3870.8000,3870.0000,3869.6000,3869.2000,3872.6000,3873.0000,3873.2000,3873.6000,3873.8000,1,1,1,1,1,1,1,1,1,2
SF,IF2001,2019-11-28 09:35:49.800,3872.6000,2887,0,61555260.000,0,-,-,-,-,3871.0000,3870.8000,3870.0000,3869.6000,3869.2000,3872.6000,3873.0000,3873.2000,3873.6000,3873.8000,1,1,1,1,1,1,1,1,1,2
SF,IF2001,2019-11-28 09:35:50.300,3872.6000,2887,0,61555260.000,0,-,-,-,-,3871.0000,3870.8000,3870.0000,3869.6000,3869.2000,3872.4000,3872.6000,3873.0000,3873.2000,3873.6000,1,1,1,1,1,2,1,1,1,1
SF,IF2001,2019-11-28 09:35:52.300,3872.6000,2887,0,61555260.000,0,-,-,-,-,3871.2000,3871.0000,3870.8000,3870.0000,3869.6000,3872.4000,3872.6000,3873.0000,3873.2000,3873.6000,1,1,1,1,1,2,1,1,1,1
SF,IF2001,2019-11-28 09:35:52.800,3872.6000,2887,0,61555260.000,0,-,-,-,-,3871.2000,3871.0000,3870.8000,3870.0000,3869.6000,3872.6000,3873.0000,3873.2000,3873.6000,3873.8000,1,1,1,1,1,1,1,1,1,2
SF,IF2001,2019-11-28 09:35:54.300,3872.6000,2887,0,61555260.000,0,-,-,-,-,3871.2000,3871.0000,3870.8000,3870.0000,3869.6000,3872.6000,3873.0000,3873.2000,3873.6000,3873.8000,1,1,1,1,1,1,1,1,1,2
SF,IF2001,2019-11-28 09:35:55.300,3872.6000,2887,0,61555260.000,0,-,-,-,-,3871.2000,3871.0000,3870.8000,3870.0000,3869.6000,3872.4000,3872.6000,3873.0000,3873.2000,3873.6000,1,1,1,1,1,1,1,1,1,1
SF,IF2001,2019-11-28 09:35:55.800,3872.6000,2887,0,61555260.000,0,-,-,-,-,3871.4000,3871.2000,3871.0000,3870.8000,3870.0000,3872.4000,3872.6000,3873.0000,3873.2000,3873.6000,1,1,1,1,1,1,1,1,1,1
SF,IF2001,2019-11-28 09:35:56.800,3872.6000,2887,0,61555260.000,0,-,-,-,-,3871.4000,3871.2000,3871.0000,3870.8000,3870.0000,3872.6000,3873.0000,3873.2000,3873.6000,3873.8000,1,1,1,1,1,1,1,1,1,2
SF,IF2001,2019-11-28 09:35:57.300,3872.6000,2887,0,61555260.000,0,-,-,-,-,3871.2000,3871.0000,3870.8000,3870.0000,3869.6000,3872.6000,3873.0000,3873.2000,3873.6000,3873.8000,1,1,1,1,1,1,1,1,1,2
SF,IF2001,2019-11-28 09:35:57.800,3872.6000,2887,0,61555260.000,0,-,-,-,-,3871.2000,3871.0000,3870.8000,3870.0000,3869.6000,3872.6000,3873.0000,3873.2000,3873.6000,3873.8000,1,1,1,1,1,1,1,1,1,2
SF,IF2001,2019-11-28 09:35:59.300,3872.6000,2887,0,61555260.000,0,-,-,-,-,3871.2000,3871.0000,3870.8000,3870.0000,3869.6000,3872.6000,3873.0000,3873.2000,3873.6000,3873.8000,1,1,1,1,1,1,1,1,1,2
SF,IF2001,2019-11-28 09:35:59.800,3872.6000,2887,0,61555260.000,0,-,-,-,-,3871.2000,3871.0000,3870.8000,3870.0000,3869.6000,3872.6000,3873.0000,3873.2000,3873.6000,3873.8000,1,1,1,1,1,1,1,1,1,2
SF,IF2001,2019-11-28 09:36:00.300,3872.6000,2887,0,61555260.000,0,-,-,-,-,3871.0000,3870.8000,3870.0000,3869.6000,3869.2000,3872.6000,3873.0000,3873.2000,3873.6000,3873.8000,1,1,1,1,1,1,1,1,1,2
SF,IF2001,2019-11-28 09:36:00.800,3872.6000,2887,0,61555260.000,0,-,-,-,-,3871.0000,3870.8000,3870.0000,3869.6000,3869.2000,3872.6000,3873.0000,3873.2000,3873.6000,3873.8000,1,1,1,1,1,1,1,1,1,2
SF,IF2001,2019-11-28 09:36:01.300,3872.6000,2887,0,61555260.000,0,-,-,-,-,3871.0000,3870.8000,3870.0000,3869.6000,3869.2000,3872.6000,3873.0000,3873.2000,3873.6000,3873.8000,1,1,1,1,1,1,1,1,1,2
SF,IF2001,2019-11-28 09:36:01.800,3872.6000,2887,0,61555260.000,0,-,-,-,-,3871.0000,3870.8000,3870.0000,3869.6000,3869.2000,3872.4000,3872.6000,3873.0000,3873.2000,3873.6000,1,1,1,1,1,1,1,1,1,1
SF,IF2001,2019-11-28 09:36:02.300,3872.6000,2887,0,61555260.000,0,-,-,-,-,3871.0000,3870.8000,3870.0000,3869.6000,3869.2000,3872.4000,3872.6000,3873.0000,3873.2000,3873.6000,1,1,1,1,1,1,1,1,1,1
SF,IF2001,2019-11-28 09:36:03.300,3872.6000,2887,0,61555260.000,0,-,-,-,-,3871.2000,3871.0000,3870.8000,3870.0000,3869.6000,3872.4000,3872.6000,3873.0000,3873.2000,3873.6000,1,1,1,1,1,1,1,1,1,1
SF,IF2001,2019-11-28 09:36:03.800,3872.6000,2887,0,61555260.000,0,-,-,-,-,3871.2000,3871.0000,3870.8000,3870.0000,3869.6000,3872.6000,3873.0000,3873.2000,3873.6000,3873.8000,1,1,1,1,1,1,1,1,1,2
SF,IF2001,2019-11-28 09:36:07.300,3872.6000,2887,0,61555260.000,0,-,-,-,-,3871.2000,3871.0000,3870.8000,3870.0000,3869.6000,3872.6000,3873.0000,3873.2000,3873.6000,3873.8000,1,1,1,1,1,1,1,1,1,2
SF,IF2001,2019-11-28 09:36:09.800,3872.6000,2887,0,61555260.000,0,-,-,-,-,3871.2000,3871.0000,3870.8000,3870.0000,3869.6000,3872.6000,3873.0000,3873.2000,3873.6000,3873.8000,1,1,1,1,1,1,1,1,1,2
SF,IF2001,2019-11-28 09:36:13.800,3872.6000,2887,0,61555260.000,0,-,-,-,-,3871.2000,3871.0000,3870.8000,3870.0000,3869.6000,3872.4000,3872.6000,3873.0000,3873.2000,3873.6000,1,1,1,1,1,1,1,1,1,1
SF,IF2001,2019-11-28 09:36:14.300,3872.6000,2887,0,61555260.000,0,-,-,-,-,3871.2000,3871.0000,3870.8000,3870.0000,3869.6000,3872.2000,3872.4000,3872.6000,3873.0000,3873.6000,1,1,1,1,1,3,2,1,1,1
SF,IF2001,2019-11-28 09:36:15.300,3872.6000,2887,0,61555260.000,0,-,-,-,-,3871.2000,3871.0000,3870.8000,3870.0000,3869.6000,3872.2000,3872.6000,3873.0000,3873.6000,3873.8000,1,1,1,1,1,2,1,1,1,2
SF,IF2001,2019-11-28 09:36:15.800,3871.2000,2887,0,62716620.000,1,0,1,多换,S,3871.0000,3870.8000,3870.0000,3869.6000,3869.2000,3872.2000,3872.6000,3873.0000,3873.6000,3873.8000,1,1,1,1,1,1,1,1,1,2
SF,IF2001,2019-11-28 09:36:16.300,3871.2000,2887,0,62716620.000,0,-,-,-,-,3871.0000,3870.0000,3869.6000,3869.2000,3868.2000,3872.2000,3872.6000,3873.0000,3873.6000,3873.8000,1,1,1,1,1,1,1,1,1,2
SF,IF2001,2019-11-28 09:36:16.800,3871.2000,2887,0,62716620.000,0,-,-,-,-,3871.0000,3870.0000,3869.6000,3869.2000,3868.2000,3872.0000,3872.2000,3872.6000,3873.0000,3873.6000,1,1,1,1,1,4,2,1,1,1
SF,IF2001,2019-11-28 09:36:17.300,3871.2000,2887,0,62716620.000,0,-,-,-,-,3871.0000,3870.0000,3869.6000,3869.2000,3868.2000,3872.0000,3872.2000,3872.6000,3873.0000,3873.6000,1,1,1,1,1,2,1,1,1,1
SF,IF2001,2019-11-28 09:36:17.800,3871.0000,2886,-1,63877920.000,1,0,1,双平,S,3870.0000,3869.6000,3869.2000,3868.2000,3868.0000,3871.8000,3872.0000,3872.2000,3872.6000,3873.0000,1,1,1,1,1,1,2,1,1,1
SF,IF2001,2019-11-28 09:36:18.300,3871.0000,2886,0,63877920.000,0,-,-,-,-,3870.2000,3870.0000,3869.6000,3869.2000,3868.2000,3872.0000,3872.2000,3872.6000,3873.0000,3873.6000,1,1,1,1,1,2,1,1,1,1
SF,IF2001,2019-11-28 09:36:18.800,3871.0000,2886,0,63877920.000,0,-,-,-,-,3870.2000,3870.0000,3869.6000,3869.2000,3868.2000,3872.2000,3872.6000,3873.0000,3873.6000,3873.8000,1,1,1,1,1,1,1,1,1,2
SF,IF2001,2019-11-28 09:36:19.300,3871.0000,2886,0,63877920.000,0,-,-,-,-,3870.2000,3870.0000,3869.6000,3869.2000,3868.2000,3872.0000,3872.2000,3872.6000,3873.0000,3873.6000,1,1,1,1,1,1,1,1,1,1
SF,IF2001,2019-11-28 09:36:23.800,3871.0000,2886,0,63877920.000,0,-,-,-,-,3870.2000,3870.0000,3869.6000,3869.2000,3868.2000,3872.0000,3872.2000,3872.6000,3873.0000,3873.6000,1,1,1,1,1,1,1,1,1,1
SF,IF2001,2019-11-28 09:36:24.300,3871.0000,2886,0,63877920.000,0,-,-,-,-,3870.2000,3870.0000,3869.6000,3869.2000,3868.2000,3871.6000,3871.8000,3872.0000,3872.2000,3872.6000,1,1,1,1,1,1,1,1,1,1
SF,IF2001,2019-11-28 09:36:33.300,3871.0000,2886,0,63877920.000,0,-,-,-,-,3870.2000,3870.0000,3869.2000,3868.2000,3868.0000,3871.6000,3871.8000,3872.0000,3872.2000,3872.6000,1,1,1,1,1,1,1,1,1,1
SF,IF2001,2019-11-28 09:36:33.800,3871.0000,2886,0,63877920.000,0,-,-,-,-,3870.0000,3869.2000,3868.2000,3868.0000,3867.8000,3871.2000,3871.4000,3872.0000,3872.2000,3872.6000,1,1,1,1,2,1,3,1,1,1
SF,IF2001,2019-11-28 09:36:34.300,3871.0000,2886,0,63877920.000,0,-,-,-,-,3870.0000,3869.2000,3868.2000,3868.0000,3867.8000,3871.2000,3871.4000,3872.0000,3872.2000,3872.6000,1,1,1,1,2,1,1,1,1,1
SF,IF2001,2019-11-28 09:36:37.300,3871.0000,2886,0,63877920.000,0,-,-,-,-,3870.0000,3869.2000,3868.2000,3868.0000,3867.8000,3872.0000,3872.2000,3872.6000,3873.0000,3873.8000,1,1,1,1,2,1,1,1,1,2
SF,IF2001,2019-11-28 09:36:37.800,3871.0000,2886,0,63877920.000,0,-,-,-,-,3870.0000,3869.2000,3868.2000,3868.0000,3867.8000,3871.8000,3872.0000,3872.2000,3872.6000,3873.0000,1,1,1,1,2,4,1,1,1,1
SF,IF2001,2019-11-28 09:36:39.300,3871.0000,2886,0,63877920.000,0,-,-,-,-,3870.0000,3869.2000,3868.2000,3868.0000,3867.8000,3871.6000,3871.8000,3872.0000,3872.2000,3872.6000,1,1,1,1,2,1,4,1,1,1
SF,IF2001,2019-11-28 09:36:39.800,3871.0000,2886,0,63877920.000,0,-,-,-,-,3870.0000,3869.2000,3868.2000,3868.0000,3867.8000,3871.6000,3871.8000,3872.0000,3872.2000,3872.6000,1,1,1,1,2,1,2,1,1,1
SF,IF2001,2019-11-28 09:36:42.800,3871.0000,2886,0,63877920.000,0,-,-,-,-,3870.2000,3870.0000,3869.2000,3868.2000,3868.0000,3871.6000,3871.8000,3872.2000,3872.6000,3873.0000,1,1,1,1,1,1,2,1,1,1
SF,IF2001,2019-11-28 09:36:43.300,3871.0000,2886,0,63877920.000,0,-,-,-,-,3870.0000,3869.2000,3868.2000,3868.0000,3867.8000,3871.4000,3871.6000,3871.8000,3872.2000,3872.6000,1,1,1,1,2,1,1,2,1,1
SF,IF2001,2019-11-28 09:36:46.800,3871.0000,2886,0,63877920.000,0,-,-,-,-,3870.0000,3869.2000,3868.2000,3868.0000,3867.8000,3871.4000,3871.8000,3872.2000,3872.6000,3873.0000,1,1,1,1,2,1,2,1,1,1
SF,IF2001,2019-11-28 09:36:51.300,3871.0000,2886,0,63877920.000,0,-,-,-,-,3870.2000,3870.0000,3869.2000,3868.2000,3868.0000,3871.4000,3871.8000,3872.2000,3872.6000,3873.0000,1,1,1,1,1,1,2,1,1,1
SF,IF2001,2019-11-28 09:36:51.800,3871.0000,2886,0,63877920.000,0,-,-,-,-,3870.0000,3869.2000,3868.2000,3868.0000,3867.8000,3871.4000,3871.8000,3872.2000,3872.6000,3873.0000,1,1,1,1,2,1,2,1,1,1
SF,IF2001,2019-11-28 09:36:52.300,3871.0000,2886,0,63877920.000,0,-,-,-,-,3870.0000,3869.2000,3868.2000,3868.0000,3867.8000,3871.4000,3871.8000,3872.2000,3872.6000,3873.0000,1,1,1,1,2,1,1,1,1,1
SF,IF2001,2019-11-28 09:36:56.800,3871.0000,2886,0,63877920.000,0,-,-,-,-,3870.0000,3869.2000,3868.2000,3868.0000,3867.8000,3871.4000,3871.8000,3872.2000,3872.6000,3873.0000,1,1,1,1,2,1,1,1,1,1
SF,IF2001,2019-11-28 09:37:12.800,3871.0000,2886,0,63877920.000,0,-,-,-,-,3870.2000,3870.0000,3869.2000,3868.2000,3868.0000,3871.4000,3871.8000,3872.2000,3872.6000,3873.0000,2,1,1,1,1,1,1,1,1,1
SF,IF2001,2019-11-28 09:37:13.300,3871.0000,2886,0,63877920.000,0,-,-,-,-,3871.4000,3870.4000,3870.2000,3870.0000,3869.2000,3872.2000,3872.6000,3873.0000,3873.8000,3875.6000,1,4,3,1,1,1,1,1,2,1
SF,IF2001,2019-11-28 09:37:13.800,3871.0000,2886,0,63877920.000,0,-,-,-,-,3871.4000,3870.4000,3870.2000,3870.0000,3869.2000,3872.6000,3873.0000,3873.8000,3875.6000,3877.0000,1,2,3,1,1,1,1,2,1,3
SF,IF2001,2019-11-28 09:37:14.300,3871.0000,2886,0,63877920.000,0,-,-,-,-,3871.4000,3871.0000,3870.4000,3870.2000,3870.0000,3872.4000,3872.6000,3873.0000,3873.8000,3875.6000,1,1,2,3,1,1,1,1,2,1
SF,IF2001,2019-11-28 09:37:14.800,3871.4000,2885,-1,65039340.000,1,0,1,双平,S,3871.0000,3870.4000,3870.2000,3870.0000,3869.2000,3872.4000,3872.6000,3873.0000,3873.8000,3875.6000,1,2,3,1,1,1,1,1,2,1
SF,IF2001,2019-11-28 09:37:20.300,3871.4000,2885,0,65039340.000,0,-,-,-,-,3871.2000,3871.0000,3870.4000,3870.2000,3870.0000,3872.4000,3872.6000,3873.0000,3873.8000,3875.6000,1,1,2,2,1,1,1,1,2,1
SF,IF2001,2019-11-28 09:37:20.800,3871.4000,2885,0,65039340.000,0,-,-,-,-,3872.4000,3871.4000,3871.2000,3871.0000,3870.4000,3872.6000,3873.8000,3875.6000,3877.0000,3880.0000,1,2,2,1,1,1,2,1,3,5
