市场代码,合约代码,时间,最新,持仓,增仓,成交额,成交量,开仓,平仓,成交类型,方向,买一价,买二价,买三价,买四价,买五价,卖一价,卖二价,卖三价,卖四价,卖五价,买一量,买二量,买三量,买四量,买五量,卖一量,卖二量,卖三量,卖四量,卖五量
SF,IF2009,2020-05-06 09:29:00.100,3761.6000,20955,0,16927200.000,15.000,-,-,-,-,3760.0000,3758.8000,3757.4000,3755.0000,3753.8000,3766.2000,3770.0000,3775.0000,3778.0000,3778.6000,1,1,1,1,1,1,1,1,1,1
SF,IF2009,2020-05-06 09:30:00.100,3759.4000,20948,-7,32705160.000,14,3,11,多平,S,3751.0000,3750.2000,3750.0000,3748.8000,3747.0000,3759.4000,3759.6000,3760.0000,3760.6000,3761.6000,1,1,1,1,1,7,1,3,1,2
SF,IF2009,2020-05-06 09:30:00.600,3753.0000,20948,0,36086700.000,3,1,2,多换,S,3757.8000,3751.2000,3751.0000,3750.2000,3750.0000,3758.4000,3759.0000,3759.2000,3759.4000,3759.6000,4,1,1,1,1,2,6,3,3,1
SF,IF2009,2020-05-06 09:30:01.100,3757.8000,20942,-6,45104040.000,8,1,7,多平,S,3751.4000,3751.2000,3751.0000,3750.2000,3750.0000,3754.8000,3755.6000,3757.8000,3758.0000,3758.2000,1,2,1,1,1,1,1,1,2,3
SF,IF2009,2020-05-06 09:30:01.600,3757.8000,20942,0,47358720.000,2,1,1,多换,S,3751.6000,3751.4000,3751.2000,3751.0000,3750.2000,3754.4000,3754.6000,3754.8000,3755.6000,3757.6000,2,1,1,1,1,1,2,1,1,1
SF,IF2009,2020-05-06 09:30:02.100,3754.4000,20940,-2,49611360.000,2,0,2,双平,S,3753.0000,3751.8000,3751.6000,3751.0000,3750.2000,3753.6000,3754.0000,3754.2000,3754.4000,3754.6000,1,1,2,1,1,1,1,2,1,1
SF,IF2009,2020-05-06 09:30:02.600,3751.8000,20935,-5,56366640.000,6,0,6,多平,S,3751.6000,3751.0000,3750.2000,3750.0000,3748.8000,3753.2000,3753.4000,3753.6000,3754.4000,3754.8000,1,1,1,1,1,1,1,1,1,1
SF,IF2009,2020-05-06 09:30:03.100,3751.8000,20935,0,56366640.000,0,-,-,-,-,3752.0000,3751.6000,3751.0000,3750.2000,3750.0000,3753.0000,3753.2000,3753.4000,3754.8000,3755.6000,1,1,1,1,1,3,2,1,1,1
SF,IF2009,2020-05-06 09:30:03.600,3753.2000,20934,-1,61996260.000,5,2,3,多平,S,3752.0000,3751.6000,3751.0000,3750.2000,3750.0000,3754.8000,3755.6000,3757.0000,3757.6000,3757.8000,1,1,2,1,1,1,1,1,1,2
SF,IF2009,2020-05-06 09:30:04.100,3753.2000,20934,0,61996260.000,0,-,-,-,-,3753.2000,3752.2000,3752.0000,3751.0000,3750.2000,3754.8000,3755.6000,3757.0000,3757.6000,3757.8000,1,2,1,2,1,1,1,1,1,2
SF,IF2009,2020-05-06 09:30:04.600,3757.0000,20935,1,65376480.000,3,2,1,空开,S,3753.6000,3753.2000,3753.0000,3752.2000,3752.0000,3757.6000,3757.8000,3758.4000,3759.6000,3760.0000,6,1,1,2,1,1,1,1,1,7
SF,IF2009,2020-05-06 09:30:05.100,3757.6000,20935,0,67631040.000,2,1,1,多换,S,3757.6000,3753.8000,3753.6000,3753.2000,3753.0000,3757.8000,3758.4000,3759.6000,3760.0000,3765.8000,2,2,6,1,5,1,1,1,7,1
SF,IF2009,2020-05-06 09:30:05.600,3757.6000,20933,-2,69885600.000,2,0,2,双平,S,3753.8000,3753.6000,3753.2000,3753.0000,3752.0000,3757.4000,3757.6000,3757.8000,3758.4000,3759.6000,2,6,1,5,1,1,6,1,1,1
SF,IF2009,2020-05-06 09:30:06.100,3757.6000,20933,0,69885600.000,0,-,-,-,-,3753.8000,3753.6000,3753.2000,3753.0000,3752.0000,3757.4000,3757.6000,3757.8000,3758.4000,3759.6000,2,6,1,5,1,1,6,1,1,1
SF,IF2009,2020-05-06 09:30:06.600,3753.8000,20929,-4,74390340.000,4,0,4,双平,S,3753.6000,3753.2000,3753.0000,3752.0000,3751.0000,3757.2000,3757.4000,3757.6000,3757.8000,3758.4000,6,1,5,1,2,2,1,1,1,1
SF,IF2009,2020-05-06 09:30:07.100,3757.6000,20926,-3,78899100.000,4,0,4,多平,S,3757.6000,3753.8000,3753.6000,3753.2000,3753.0000,3757.8000,3758.4000,3759.6000,3760.0000,3766.0000,1,2,6,1,5,1,1,1,7,1
SF,IF2009,2020-05-06 09:30:07.600,3757.6000,20925,-1,80026380.000,1,0,1,双平,S,3754.6000,3753.8000,3753.6000,3753.2000,3753.0000,3757.6000,3757.8000,3758.4000,3759.6000,3760.0000,1,2,6,1,5,2,1,2,1,7
SF,IF2009,2020-05-06 09:30:08.100,3757.6000,20925,0,80026380.000,0,-,-,-,-,3757.2000,3755.0000,3754.8000,3754.6000,3753.6000,3757.4000,3757.6000,3757.8000,3758.4000,3759.6000,6,1,2,1,6,1,2,1,2,1
SF,IF2009,2020-05-06 09:30:08.600,3757.4000,20925,0,90169500.000,9,4,5,多换,S,3754.8000,3754.6000,3753.6000,3753.2000,3753.0000,3757.6000,3757.8000,3758.4000,3759.6000,3760.0000,1,1,6,1,6,1,1,1,1,7
SF,IF2009,2020-05-06 09:30:09.100,3759.6000,20926,1,96934080.000,6,3,3,空开,S,3758.0000,3757.6000,3755.0000,3754.8000,3754.6000,3760.0000,3766.0000,3766.2000,3769.0000,3770.0000,1,1,1,1,1,7,1,1,1,1
SF,IF2009,2020-05-06 09:30:09.600,3757.6000,20925,-1,100316220.000,3,1,2,多平,S,3757.8000,3757.6000,3755.0000,3754.6000,3753.6000,3758.0000,3758.2000,3758.4000,3759.8000,3760.0000,3,1,1,1,6,2,1,1,1,7
SF,IF2009,2020-05-06 09:30:10.100,3757.8000,20919,-6,118359360.000,16,5,11,多平,S,3757.6000,3755.0000,3754.6000,3753.6000,3753.2000,3760.2000,3763.8000,3766.0000,3769.0000,3770.0000,1,1,1,7,1,1,1,1,1,1
SF,IF2009,2020-05-06 09:30:10.600,3760.2000,20918,-1,119487420.000,1,0,1,双平,S,3757.8000,3757.6000,3754.6000,3753.6000,3753.2000,3763.8000,3766.0000,3769.0000,3770.0000,3775.0000,2,1,1,7,1,1,1,1,1,1
SF,IF2009,2020-05-06 09:30:11.100,3760.2000,20918,0,119487420.000,0,-,-,-,-,3760.0000,3758.2000,3758.0000,3757.8000,3757.6000,3763.8000,3766.0000,3769.0000,3770.0000,3775.0000,1,1,1,2,1,1,1,1,1,1
SF,IF2009,2020-05-06 09:30:11.600,3763.0000,20918,0,121744380.000,2,1,1,多换,S,3760.2000,3760.0000,3758.2000,3758.0000,3757.6000,3763.6000,3763.8000,3766.0000,3769.0000,3770.0000,2,1,1,3,1,1,1,1,1,1
SF,IF2009,2020-05-06 09:30:12.100,3760.2000,20916,-2,124000560.000,2,0,2,双平,S,3760.2000,3760.0000,3758.2000,3758.0000,3757.6000,3763.4000,3763.6000,3763.8000,3765.0000,3766.0000,1,1,1,3,1,2,1,1,5,1
SF,IF2009,2020-05-06 09:30:12.600,3763.6000,20913,-3,128515800.000,4,0,4,多平,S,3761.8000,3760.4000,3760.2000,3760.0000,3758.2000,3763.8000,3764.6000,3765.0000,3766.0000,3769.0000,1,1,1,1,1,1,1,5,1,1
SF,IF2009,2020-05-06 09:30:13.100,3761.8000,20909,-4,133031160.000,4,0,4,双平,S,3760.2000,3760.0000,3759.8000,3759.0000,3758.2000,3763.6000,3764.6000,3765.0000,3766.0000,3769.0000,1,1,1,1,1,1,1,5,1,1
SF,IF2009,2020-05-06 09:30:13.600,3761.8000,20908,-1,134159700.000,1,0,1,双平,S,3760.4000,3760.2000,3760.0000,3759.8000,3759.0000,3763.4000,3763.6000,3765.0000,3766.0000,3769.0000,1,1,1,1,1,1,1,5,1,1
SF,IF2009,2020-05-06 09:30:14.100,3763.4000,20906,-2,136417680.000,2,0,2,双平,S,3760.8000,3760.6000,3760.4000,3760.2000,3760.0000,3765.0000,3766.0000,3766.2000,3769.0000,3770.0000,1,1,1,1,1,5,1,1,1,1
SF,IF2009,2020-05-06 09:30:14.600,3763.4000,20906,0,136417680.000,0,-,-,-,-,3763.8000,3761.0000,3760.8000,3760.2000,3760.0000,3766.0000,3766.2000,3769.0000,3770.0000,3778.0000,1,2,1,1,1,1,1,1,6,1
SF,IF2009,2020-05-06 09:30:15.100,3763.8000,20907,1,139805100.000,3,2,1,空开,S,3763.6000,3761.0000,3760.8000,3760.2000,3760.0000,3764.4000,3765.8000,3766.0000,3766.2000,3769.0000,1,1,1,1,1,1,1,1,1,1
SF,IF2009,2020-05-06 09:30:15.600,3761.0000,20906,-1,142062480.000,2,0,2,多平,S,3763.4000,3760.8000,3760.2000,3760.0000,3759.8000,3765.8000,3766.0000,3769.0000,3770.0000,3778.0000,1,1,1,1,1,1,1,1,6,1
SF,IF2009,2020-05-06 09:30:16.100,3763.4000,20906,0,143191500.000,1,0,1,多换,S,3760.8000,3760.2000,3760.0000,3759.8000,3759.0000,3763.6000,3765.6000,3765.8000,3766.0000,3769.0000,1,1,1,1,1,1,1,1,1,1
SF,IF2009,2020-05-06 09:30:16.600,3766.0000,20902,-4,147708480.000,4,0,4,双平,S,3761.0000,3760.8000,3760.2000,3760.0000,3759.8000,3763.6000,3766.0000,3769.0000,3770.0000,3778.0000,2,1,1,1,1,1,1,1,6,1
SF,IF2009,2020-05-06 09:30:17.100,3761.0000,20901,-1,149965080.000,2,0,2,多平,S,3760.8000,3760.2000,3760.0000,3759.8000,3759.0000,3763.4000,3766.0000,3769.0000,3770.0000,3778.0000,1,1,1,1,1,1,1,1,6,1
SF,IF2009,2020-05-06 09:30:17.600,3763.4000,20899,-2,152223060.000,2,0,2,双平,S,3761.0000,3760.8000,3760.2000,3760.0000,3759.8000,3765.8000,3766.0000,3769.0000,3770.0000,3778.0000,2,1,1,1,1,1,1,1,6,1
SF,IF2009,2020-05-06 09:30:18.100,3765.8000,20899,0,154481100.000,2,1,1,多换,S,3761.0000,3760.8000,3760.2000,3760.0000,3759.8000,3766.0000,3769.0000,3770.0000,3778.0000,3778.6000,1,1,1,1,1,1,1,6,1,2
SF,IF2009,2020-05-06 09:30:18.600,3765.8000,20899,0,154481100.000,0,-,-,-,-,3761.2000,3761.0000,3760.8000,3760.2000,3760.0000,3765.6000,3765.8000,3766.0000,3766.2000,3769.0000,1,1,1,1,1,1,1,1,2,1
SF,IF2009,2020-05-06 09:30:19.100,3763.4000,20898,-1,156739860.000,2,0,2,多平,S,3763.4000,3762.0000,3761.4000,3761.2000,3760.8000,3765.4000,3765.6000,3766.0000,3769.0000,3770.0000,3,1,1,1,1,1,1,1,1,6
SF,IF2009,2020-05-06 09:30:19.600,3763.4000,20895,-3,161255940.000,4,0,4,多平,S,3763.4000,3762.0000,3761.2000,3760.8000,3760.2000,3765.2000,3765.4000,3766.0000,3769.0000,3770.0000,1,1,1,1,2,2,1,1,1,6
SF,IF2009,2020-05-06 09:30:20.100,3765.2000,20893,-2,164644080.000,3,0,3,多平,S,3765.2000,3762.0000,3761.2000,3760.8000,3760.2000,3765.4000,3766.0000,3767.4000,3768.0000,3769.0000,1,1,1,1,2,1,1,1,1,1
SF,IF2009,2020-05-06 09:30:20.600,3765.2000,20892,-1,165773640.000,1,0,1,双平,S,3762.0000,3761.2000,3760.8000,3760.2000,3760.0000,3766.0000,3767.4000,3768.0000,3769.0000,3770.0000,1,1,1,2,1,1,1,1,1,6
SF,IF2009,2020-05-06 09:30:21.100,3765.2000,20892,0,165773640.000,0,-,-,-,-,3765.4000,3762.2000,3762.0000,3760.8000,3760.2000,3766.0000,3768.0000,3769.0000,3770.0000,3778.0000,1,2,1,1,2,1,1,1,6,1
SF,IF2009,2020-05-06 09:30:21.600,3765.4000,20892,0,166903260.000,1,0,1,多换,S,3762.2000,3761.6000,3760.8000,3760.2000,3760.0000,3765.8000,3766.0000,3766.4000,3768.0000,3769.0000,2,1,1,2,1,1,1,1,1,1
SF,IF2009,2020-05-06 09:30:22.100,3765.4000,20892,0,166903260.000,0,-,-,-,-,3762.2000,3761.6000,3760.8000,3760.2000,3760.0000,3765.8000,3766.0000,3766.4000,3769.0000,3770.0000,2,1,1,2,1,1,1,1,1,6
SF,IF2009,2020-05-06 09:30:22.600,3765.4000,20892,0,166903260.000,0,-,-,-,-,3762.4000,3762.2000,3761.6000,3760.8000,3760.2000,3765.8000,3766.0000,3766.4000,3769.0000,3770.0000,1,2,1,1,2,1,1,1,1,6
SF,IF2009,2020-05-06 09:30:23.100,3762.6000,20891,-1,169161780.000,2,0,2,多平,S,3762.6000,3762.4000,3761.6000,3760.8000,3760.2000,3765.6000,3766.0000,3766.4000,3769.0000,3770.0000,1,1,1,1,2,1,1,1,2,6
SF,IF2009,2020-05-06 09:30:23.600,3762.8000,20890,-1,171420300.000,2,0,2,多平,S,3762.6000,3762.4000,3761.6000,3760.8000,3760.2000,3765.4000,3766.0000,3766.4000,3769.0000,3770.0000,1,1,1,1,2,1,1,1,2,6
SF,IF2009,2020-05-06 09:30:24.100,3762.8000,20890,0,171420300.000,0,-,-,-,-,3762.6000,3761.6000,3760.8000,3760.2000,3760.0000,3765.4000,3766.0000,3766.4000,3769.0000,3770.0000,1,1,1,2,2,3,1,1,2,6
SF,IF2009,2020-05-06 09:30:24.600,3765.2000,20890,0,172549860.000,1,0,1,多换,S,3762.6000,3761.6000,3760.2000,3760.0000,3759.8000,3765.0000,3765.2000,3765.4000,3766.0000,3766.4000,1,1,2,2,1,1,1,2,1,1
SF,IF2009,2020-05-06 09:30:25.100,3765.4000,20885,-5,179326200.000,6,0,6,多平,S,3761.6000,3760.2000,3760.0000,3759.8000,3758.6000,3766.0000,3766.4000,3769.0000,3770.0000,3778.0000,1,2,2,1,1,1,1,2,6,1
SF,IF2009,2020-05-06 09:30:25.600,3761.8000,20884,-1,181584360.000,2,0,2,多平,S,3761.6000,3760.2000,3760.0000,3759.8000,3758.6000,3765.8000,3766.0000,3766.4000,3769.0000,3770.0000,1,2,2,1,1,1,1,1,2,6
SF,IF2009,2020-05-06 09:30:26.100,3761.8000,20884,0,181584360.000,0,-,-,-,-,3763.0000,3761.8000,3761.6000,3760.2000,3760.0000,3765.6000,3765.8000,3766.0000,3766.4000,3769.0000,1,1,1,2,2,1,1,2,1,2
SF,IF2009,2020-05-06 09:30:26.600,3761.6000,20882,-2,184969920.000,3,0,3,多平,S,3760.2000,3760.0000,3759.8000,3758.6000,3758.0000,3763.0000,3765.4000,3765.6000,3766.0000,3766.4000,2,2,1,1,4,3,1,1,2,1
SF,IF2009,2020-05-06 09:30:27.100,3760.4000,20882,0,186098040.000,1,0,1,多换,S,3760.4000,3760.2000,3760.0000,3759.8000,3758.6000,3763.0000,3765.0000,3765.4000,3765.6000,3766.0000,1,2,2,1,1,3,1,2,1,2
SF,IF2009,2020-05-06 09:30:27.600,3760.4000,20882,0,186098040.000,0,-,-,-,-,3760.4000,3760.2000,3760.0000,3759.8000,3758.6000,3763.0000,3765.0000,3765.2000,3765.4000,3765.6000,1,2,2,1,1,3,1,1,2,1
SF,IF2009,2020-05-06 09:30:28.100,3760.4000,20882,0,186098040.000,0,-,-,-,-,3760.4000,3760.2000,3760.0000,3759.8000,3758.6000,3762.8000,3763.0000,3765.0000,3765.2000,3765.4000,1,2,2,1,1,2,3,1,1,1
SF,IF2009,2020-05-06 09:30:28.600,3760.4000,20882,0,186098040.000,0,-,-,-,-,3760.4000,3760.2000,3760.0000,3759.8000,3758.6000,3762.8000,3763.0000,3765.0000,3765.2000,3765.4000,1,2,2,1,1,2,3,1,1,1
SF,IF2009,2020-05-06 09:30:29.100,3760.4000,20882,0,186098040.000,0,-,-,-,-,3760.6000,3760.4000,3760.2000,3760.0000,3759.8000,3762.8000,3763.0000,3765.0000,3765.2000,3765.4000,1,1,2,2,1,2,3,1,1,1
SF,IF2009,2020-05-06 09:30:29.600,3763.0000,20881,-1,190613580.000,4,1,3,多平,S,3760.8000,3760.2000,3760.0000,3759.8000,3758.6000,3765.0000,3765.2000,3765.4000,3766.0000,3766.4000,1,2,2,1,1,1,1,1,2,1
SF,IF2009,2020-05-06 09:30:30.100,3760.8000,20880,-1,192871260.000,2,0,2,多平,S,3760.2000,3760.0000,3759.8000,3758.6000,3758.0000,3764.8000,3765.0000,3765.2000,3765.4000,3766.0000,2,2,1,1,4,1,1,1,1,2
SF,IF2009,2020-05-06 09:30:30.600,3760.2000,20878,-2,197383620.000,4,1,3,多平,S,3760.0000,3759.8000,3758.6000,3758.0000,3757.6000,3760.8000,3764.6000,3764.8000,3765.0000,3765.2000,2,1,1,4,1,1,1,1,1,1
SF,IF2009,2020-05-06 09:30:31.100,3760.6000,20877,-1,201896040.000,4,1,3,多平,S,3759.8000,3758.6000,3758.0000,3757.6000,3757.0000,3760.0000,3760.2000,3764.6000,3765.0000,3765.2000,1,1,4,1,1,4,4,1,1,1
SF,IF2009,2020-05-06 09:30:31.600,3759.8000,20871,-6,213177060.000,10,2,8,多平,S,3758.6000,3758.0000,3757.6000,3757.0000,3756.0000,3759.8000,3764.0000,3764.6000,3765.0000,3765.2000,1,4,1,1,1,4,1,1,1,1
SF,IF2009,2020-05-06 09:30:32.100,3758.6000,20863,-8,225583800.000,11,1,10,多平,S,3758.4000,3758.0000,3757.6000,3757.0000,3756.0000,3758.6000,3764.0000,3764.6000,3765.0000,3765.2000,4,4,1,1,1,1,2,1,1,1
SF,IF2009,2020-05-06 09:30:32.600,3758.4000,20860,-3,231221520.000,5,1,4,多平,S,3758.4000,3758.2000,3758.0000,3757.6000,3757.0000,3764.0000,3764.6000,3765.0000,3765.4000,3766.0000,2,1,4,1,1,1,1,2,1,2
SF,IF2009,2020-05-06 09:30:33.100,3758.4000,20858,-2,233476560.000,2,0,2,双平,S,3758.2000,3758.0000,3757.6000,3757.0000,3756.0000,3758.4000,3763.2000,3763.8000,3764.0000,3765.0000,1,4,1,1,1,2,1,6,1,2
SF,IF2009,2020-05-06 09:30:33.600,3758.4000,20853,-5,240241680.000,6,0,6,多平,S,3758.2000,3758.0000,3757.6000,3757.0000,3756.0000,3758.4000,3763.2000,3763.6000,3763.8000,3764.0000,1,4,1,1,1,1,1,1,6,1
SF,IF2009,2020-05-06 09:30:34.100,3758.4000,20852,-1,241369200.000,1,0,1,双平,S,3758.4000,3758.2000,3758.0000,3757.6000,3757.0000,3761.6000,3762.4000,3763.2000,3763.8000,3764.0000,2,1,4,1,1,1,1,1,5,1
SF,IF2009,2020-05-06 09:30:34.600,3758.4000,20852,0,241369200.000,0,-,-,-,-,3758.6000,3758.4000,3758.2000,3758.0000,3757.6000,3761.4000,3761.6000,3762.4000,3763.2000,3763.8000,1,2,1,4,1,2,1,1,1,3
SF,IF2009,2020-05-06 09:30:35.100,3758.4000,20852,0,241369200.000,0,-,-,-,-,3761.0000,3758.8000,3758.6000,3758.4000,3758.2000,3761.4000,3761.6000,3763.2000,3763.8000,3764.0000,1,1,2,1,1,2,1,1,3,3
SF,IF2009,2020-05-06 09:30:35.600,3761.0000,20852,0,242497500.000,1,0,1,多换,S,3758.8000,3758.6000,3758.4000,3758.2000,3758.0000,3761.0000,3761.2000,3761.6000,3763.2000,3763.8000,1,1,1,1,4,1,1,1,1,3
SF,IF2009,2020-05-06 09:30:36.100,3761.0000,20852,0,247010700.000,4,2,2,多换,S,3759.0000,3758.8000,3758.6000,3758.2000,3758.0000,3763.2000,3763.8000,3764.0000,3765.0000,3765.4000,2,1,1,2,4,1,3,2,3,1
SF,IF2009,2020-05-06 09:30:36.600,3761.0000,20852,0,247010700.000,0,-,-,-,-,3759.0000,3758.6000,3758.2000,3758.0000,3757.6000,3763.0000,3763.2000,3763.8000,3764.0000,3765.0000,3,1,2,4,1,1,1,3,2,3
SF,IF2009,2020-05-06 09:30:37.100,3761.0000,20852,0,247010700.000,0,-,-,-,-,3759.2000,3759.0000,3758.6000,3758.2000,3758.0000,3762.8000,3763.0000,3763.2000,3763.8000,3764.0000,1,3,1,2,4,2,1,1,3,2
SF,IF2009,2020-05-06 09:30:37.600,3761.0000,20852,0,247010700.000,0,-,-,-,-,3759.6000,3759.4000,3759.2000,3759.0000,3758.6000,3762.6000,3762.8000,3763.2000,3763.8000,3764.0000,1,2,2,1,1,1,2,1,3,2
SF,IF2009,2020-05-06 09:30:38.100,3759.8000,20851,-1,248138640.000,1,0,1,双平,S,3759.8000,3759.6000,3759.4000,3759.2000,3758.6000,3762.4000,3762.6000,3762.8000,3763.2000,3763.8000,1,1,1,2,1,1,1,2,1,3
SF,IF2009,2020-05-06 09:30:38.600,3759.8000,20849,-2,250394520.000,2,0,2,双平,S,3759.6000,3759.2000,3759.0000,3758.2000,3758.0000,3759.8000,3762.2000,3762.4000,3762.8000,3763.2000,1,1,1,1,4,3,1,1,2,1
SF,IF2009,2020-05-06 09:30:39.100,3759.8000,20842,-7,261676140.000,10,1,9,多平,S,3759.8000,3759.2000,3758.2000,3758.0000,3757.6000,3763.2000,3763.8000,3764.0000,3764.6000,3765.0000,1,1,1,4,1,1,3,2,1,3
SF,IF2009,2020-05-06 09:30:39.600,3759.8000,20842,0,261676140.000,0,-,-,-,-,3762.4000,3760.0000,3759.8000,3759.2000,3758.2000,3763.0000,3763.2000,3763.8000,3764.0000,3764.6000,1,2,1,1,1,1,1,3,2,1
SF,IF2009,2020-05-06 09:30:40.100,3760.0000,20841,-1,263932860.000,2,0,2,多平,S,3762.4000,3760.0000,3759.8000,3759.2000,3758.2000,3762.8000,3763.2000,3763.8000,3764.0000,3764.6000,1,1,1,1,1,1,1,3,2,1
SF,IF2009,2020-05-06 09:30:40.600,3762.6000,20841,0,268447860.000,4,2,2,多换,S,3760.0000,3759.2000,3758.8000,3758.0000,3757.6000,3762.6000,3763.2000,3763.8000,3764.0000,3764.6000,1,1,1,4,1,1,1,3,2,1
SF,IF2009,2020-05-06 09:30:41.100,3763.2000,20842,1,270705600.000,2,1,1,空开,S,3760.2000,3759.2000,3758.8000,3758.0000,3757.6000,3763.8000,3764.0000,3764.6000,3765.0000,3766.0000,1,1,1,4,1,3,2,1,3,1
SF,IF2009,2020-05-06 09:30:41.600,3763.2000,20842,0,270705600.000,0,-,-,-,-,3760.4000,3760.2000,3760.0000,3759.2000,3758.8000,3762.0000,3763.6000,3763.8000,3764.0000,3764.6000,1,1,1,1,1,1,1,3,2,1
SF,IF2009,2020-05-06 09:30:42.100,3763.2000,20842,0,270705600.000,0,-,-,-,-,3760.6000,3760.4000,3760.2000,3760.0000,3759.2000,3761.8000,3763.0000,3763.6000,3763.8000,3764.0000,1,1,1,1,1,1,2,1,3,1
SF,IF2009,2020-05-06 09:30:42.600,3763.2000,20842,0,271834560.000,1,0,1,多换,S,3760.6000,3760.4000,3760.2000,3760.0000,3759.2000,3761.6000,3763.0000,3763.8000,3764.0000,3764.6000,1,1,1,1,1,1,2,3,1,1
SF,IF2009,2020-05-06 09:30:43.100,3761.4000,20840,-2,274091160.000,2,0,2,双平,S,3760.2000,3760.0000,3759.2000,3758.8000,3758.0000,3763.0000,3763.2000,3763.8000,3764.0000,3764.6000,1,1,1,1,5,2,1,3,1,1
SF,IF2009,2020-05-06 09:30:43.600,3762.8000,20840,0,276348840.000,2,1,1,多换,S,3760.2000,3760.0000,3759.2000,3758.8000,3758.0000,3763.0000,3763.2000,3763.8000,3764.0000,3764.6000,1,1,1,2,5,2,1,3,1,1
SF,IF2009,2020-05-06 09:30:44.100,3762.8000,20840,0,276348840.000,0,-,-,-,-,3760.4000,3760.2000,3760.0000,3759.2000,3758.8000,3762.8000,3763.0000,3763.8000,3764.0000,3764.4000,1,1,1,1,2,1,2,3,1,1
SF,IF2009,2020-05-06 09:30:44.600,3762.8000,20840,0,276348840.000,0,-,-,-,-,3761.8000,3761.4000,3760.6000,3760.4000,3760.0000,3762.6000,3762.8000,3763.0000,3763.8000,3764.0000,3,1,1,1,1,1,1,1,3,1
SF,IF2009,2020-05-06 09:30:45.100,3761.8000,20837,-3,279734460.000,3,0,3,双平,S,3761.4000,3760.6000,3760.0000,3759.2000,3758.8000,3762.6000,3762.8000,3763.0000,3763.8000,3764.0000,1,1,1,1,2,1,1,1,3,1
SF,IF2009,2020-05-06 09:30:45.600,3761.8000,20837,0,279734460.000,0,-,-,-,-,3762.2000,3761.6000,3760.0000,3759.2000,3758.8000,3762.6000,3763.0000,3763.8000,3764.0000,3764.4000,1,2,1,1,2,1,1,3,1,1
SF,IF2009,2020-05-06 09:30:46.100,3762.2000,20836,-1,280863120.000,1,0,1,双平,S,3761.6000,3760.0000,3759.2000,3758.8000,3758.0000,3763.0000,3763.8000,3764.0000,3764.4000,3764.6000,1,2,1,2,5,1,3,1,1,1
SF,IF2009,2020-05-06 09:30:46.600,3762.2000,20836,0,280863120.000,0,-,-,-,-,3762.6000,3761.6000,3760.0000,3759.2000,3758.8000,3763.0000,3763.8000,3764.0000,3764.4000,3764.6000,1,1,2,1,2,1,3,1,1,1
SF,IF2009,2020-05-06 09:30:47.100,3762.6000,20835,-1,281991900.000,1,0,1,双平,S,3761.6000,3760.0000,3759.2000,3758.8000,3758.0000,3762.8000,3763.0000,3763.8000,3764.0000,3764.4000,1,2,1,2,5,1,1,3,1,1
SF,IF2009,2020-05-06 09:30:47.600,3761.6000,20834,-1,284248860.000,2,0,2,多平,S,3760.0000,3759.2000,3758.8000,3758.0000,3757.8000,3762.8000,3763.0000,3763.8000,3764.0000,3764.4000,2,1,2,5,1,1,1,3,1,1
SF,IF2009,2020-05-06 09:30:48.100,3762.6000,20834,0,286506420.000,2,1,1,多换,S,3760.2000,3760.0000,3759.2000,3758.8000,3758.0000,3762.4000,3762.6000,3762.8000,3763.0000,3763.8000,2,2,1,2,5,1,1,1,1,3
SF,IF2009,2020-05-06 09:30:48.600,3762.8000,20833,-1,291020040.000,4,1,3,多平,S,3762.8000,3760.0000,3759.2000,3758.8000,3758.0000,3763.0000,3763.8000,3764.0000,3764.4000,3764.6000,5,2,1,2,5,1,3,1,1,1
SF,IF2009,2020-05-06 09:30:49.100,3762.8000,20833,0,296664240.000,5,2,3,多换,S,3760.0000,3759.2000,3758.8000,3758.0000,3757.8000,3762.6000,3762.8000,3763.0000,3763.8000,3764.0000,2,1,2,5,1,1,1,1,3,1
SF,IF2009,2020-05-06 09:30:49.600,3762.8000,20833,0,296664240.000,0,-,-,-,-,3760.2000,3760.0000,3759.2000,3758.8000,3758.0000,3762.6000,3763.0000,3763.8000,3764.0000,3764.4000,2,2,1,2,5,1,1,3,1,1
SF,IF2009,2020-05-06 09:30:50.100,3762.4000,20832,-1,300049200.000,3,1,2,多平,S,3760.2000,3760.0000,3759.2000,3758.8000,3758.0000,3762.6000,3763.0000,3763.8000,3764.0000,3764.4000,2,2,1,2,5,2,1,3,1,1
SF,IF2009,2020-05-06 09:30:50.600,3762.4000,20832,0,304563420.000,4,2,2,多换,S,3760.0000,3759.2000,3758.8000,3758.0000,3757.8000,3762.6000,3763.0000,3763.8000,3764.0000,3764.4000,2,1,2,5,1,1,1,3,1,1
SF,IF2009,2020-05-06 09:30:51.100,3762.4000,20832,0,304563420.000,0,-,-,-,-,3760.2000,3760.0000,3759.2000,3758.8000,3758.0000,3762.4000,3762.6000,3763.0000,3763.8000,3764.0000,1,2,1,2,5,1,1,1,3,1
SF,IF2009,2020-05-06 09:30:51.600,3762.4000,20831,-1,305692140.000,1,0,1,双平,S,3762.2000,3760.2000,3760.0000,3759.2000,3758.8000,3762.6000,3763.0000,3763.8000,3764.0000,3764.4000,1,1,2,1,2,1,1,3,1,1
SF,IF2009,2020-05-06 09:30:52.100,3762.6000,20829,-2,310205640.000,4,1,3,多平,S,3760.0000,3759.2000,3758.8000,3758.0000,3757.8000,3763.0000,3763.8000,3764.0000,3764.4000,3764.6000,1,1,2,5,1,1,3,1,1,1
SF,IF2009,2020-05-06 09:30:52.600,3762.6000,20829,0,310205640.000,0,-,-,-,-,3760.2000,3760.0000,3759.2000,3758.8000,3758.0000,3762.8000,3763.0000,3763.8000,3764.0000,3764.4000,2,1,1,2,5,1,1,3,1,1
SF,IF2009,2020-05-06 09:30:53.100,3762.6000,20829,0,310205640.000,0,-,-,-,-,3760.8000,3760.2000,3760.0000,3759.2000,3758.8000,3762.8000,3763.0000,3763.8000,3764.0000,3764.4000,1,2,1,1,2,1,1,3,1,1
SF,IF2009,2020-05-06 09:30:53.600,3762.6000,20829,0,310205640.000,0,-,-,-,-,3762.4000,3761.0000,3760.8000,3760.0000,3759.2000,3762.6000,3762.8000,3763.0000,3763.8000,3764.0000,2,1,1,1,1,2,1,1,3,1
SF,IF2009,2020-05-06 09:30:54.100,3762.4000,20829,0,312463080.000,2,1,1,多换,S,3761.0000,3760.8000,3760.0000,3759.2000,3758.8000,3762.0000,3762.6000,3762.8000,3763.0000,3763.8000,1,1,1,1,2,1,1,1,1,3
SF,IF2009,2020-05-06 09:30:54.600,3762.4000,20830,1,313591800.000,1,1,0,双开,S,3761.0000,3760.0000,3759.2000,3758.8000,3758.0000,3762.8000,3763.0000,3763.8000,3764.4000,3764.6000,1,1,1,2,5,1,1,3,1,1
SF,IF2009,2020-05-06 09:30:55.100,3762.4000,20830,0,313591800.000,0,-,-,-,-,3761.0000,3760.0000,3759.2000,3758.8000,3758.0000,3762.6000,3762.8000,3763.0000,3763.8000,3764.4000,1,1,1,2,5,1,1,1,3,1
SF,IF2009,2020-05-06 09:30:55.600,3762.4000,20830,0,315849240.000,2,1,1,多换,S,3762.4000,3762.0000,3761.2000,3761.0000,3760.0000,3762.6000,3763.0000,3763.8000,3764.4000,3764.6000,1,1,1,1,1,1,1,3,1,1
SF,IF2009,2020-05-06 09:30:56.100,3762.6000,20828,-2,320363940.000,4,1,3,多平,S,3761.0000,3760.0000,3759.2000,3758.8000,3758.0000,3763.8000,3764.4000,3764.6000,3765.0000,3765.4000,1,1,1,2,5,3,1,1,4,1
SF,IF2009,2020-05-06 09:30:56.600,3762.6000,20828,0,320363940.000,0,-,-,-,-,3760.0000,3759.2000,3758.8000,3758.0000,3757.6000,3763.6000,3763.8000,3764.4000,3764.6000,3765.0000,1,1,2,6,1,1,3,1,1,4
SF,IF2009,2020-05-06 09:30:57.100,3762.6000,20828,0,320363940.000,0,-,-,-,-,3760.2000,3760.0000,3759.2000,3758.8000,3758.0000,3763.6000,3763.8000,3764.4000,3764.6000,3765.0000,2,1,1,2,6,1,3,1,1,4
SF,IF2009,2020-05-06 09:30:57.600,3760.2000,20828,0,321492000.000,1,0,1,多换,S,3760.2000,3760.0000,3759.2000,3758.8000,3758.0000,3763.6000,3763.8000,3764.4000,3764.6000,3765.0000,1,1,1,2,6,1,3,1,1,4
SF,IF2009,2020-05-06 09:30:58.100,3760.2000,20828,0,321492000.000,0,-,-,-,-,3760.6000,3760.4000,3760.0000,3759.2000,3758.8000,3763.4000,3763.6000,3763.8000,3764.4000,3764.6000,1,1,1,1,2,1,1,3,1,1
SF,IF2009,2020-05-06 09:30:58.600,3760.2000,20828,0,321492000.000,0,-,-,-,-,3760.8000,3760.6000,3760.0000,3759.2000,3758.8000,3763.2000,3763.4000,3763.8000,3764.4000,3764.6000,1,1,1,1,2,1,1,3,1,1
SF,IF2009,2020-05-06 09:30:59.100,3760.2000,20828,0,321492000.000,0,-,-,-,-,3762.6000,3760.8000,3760.6000,3760.0000,3759.2000,3763.0000,3763.2000,3763.4000,3763.8000,3764.4000,1,1,1,1,1,1,1,1,3,1
SF,IF2009,2020-05-06 09:30:59.600,3762.4000,20828,0,322620720.000,1,0,1,多换,S,3760.8000,3760.6000,3760.0000,3759.2000,3758.8000,3763.0000,3763.2000,3763.4000,3763.8000,3764.4000,1,1,1,1,2,2,1,1,3,1
SF,IF2009,2020-05-06 09:31:00.100,3762.4000,20828,0,322620720.000,0,-,-,-,-,3760.8000,3760.6000,3760.2000,3760.0000,3759.2000,3762.8000,3763.0000,3763.4000,3763.8000,3764.4000,1,1,1,1,1,1,2,1,3,1
SF,IF2009,2020-05-06 09:31:00.600,3762.4000,20828,0,322620720.000,0,-,-,-,-,3761.0000,3760.8000,3760.6000,3760.2000,3760.0000,3762.8000,3763.0000,3763.4000,3763.8000,3764.4000,1,1,1,1,1,1,2,2,3,1
SF,IF2009,2020-05-06 09:31:01.100,3762.4000,20828,0,322620720.000,0,-,-,-,-,3761.2000,3761.0000,3760.2000,3760.0000,3759.2000,3763.0000,3763.4000,3763.8000,3764.4000,3765.0000,3,1,1,1,1,2,2,3,1,4
SF,IF2009,2020-05-06 09:31:01.600,3762.6000,20827,-1,326006280.000,3,1,2,多平,S,3761.2000,3761.0000,3760.2000,3760.0000,3759.2000,3762.8000,3763.0000,3763.4000,3763.8000,3764.4000,1,1,1,1,1,1,1,2,3,1
SF,IF2009,2020-05-06 09:31:02.100,3762.6000,20827,0,326006280.000,0,-,-,-,-,3761.4000,3761.2000,3761.0000,3760.2000,3760.0000,3762.8000,3763.0000,3763.4000,3763.8000,3764.4000,2,1,1,1,1,1,1,2,3,1
SF,IF2009,2020-05-06 09:31:02.600,3762.8000,20827,0,327135120.000,1,0,1,多换,S,3762.2000,3761.4000,3761.2000,3761.0000,3760.0000,3763.0000,3763.4000,3763.8000,3764.4000,3765.0000,1,3,1,1,2,1,2,3,1,4
SF,IF2009,2020-05-06 09:31:03.100,3762.8000,20826,-1,329392620.000,2,0,2,多平,S,3761.4000,3761.2000,3761.0000,3760.0000,3759.2000,3763.0000,3763.4000,3763.8000,3764.4000,3765.0000,2,1,1,2,1,2,1,3,1,4
SF,IF2009,2020-05-06 09:31:03.600,3762.8000,20826,0,329392620.000,0,-,-,-,-,3761.6000,3761.4000,3761.2000,3761.0000,3760.0000,3763.0000,3763.4000,3763.8000,3764.4000,3765.0000,1,2,1,1,2,2,1,3,1,4
SF,IF2009,2020-05-06 09:31:04.100,3762.8000,20826,0,329392620.000,0,-,-,-,-,3761.8000,3761.4000,3761.2000,3761.0000,3760.0000,3763.0000,3763.4000,3763.8000,3764.4000,3765.0000,1,2,1,1,7,2,1,3,1,4
SF,IF2009,2020-05-06 09:31:04.600,3761.4000,20824,-2,331649940.000,2,0,2,双平,S,3762.0000,3761.4000,3761.2000,3761.0000,3760.0000,3763.0000,3763.4000,3763.8000,3764.4000,3765.0000,1,1,1,1,7,1,1,3,1,4
SF,IF2009,2020-05-06 09:31:05.100,3761.4000,20824,0,331649940.000,0,-,-,-,-,3762.0000,3761.2000,3761.0000,3760.0000,3759.2000,3763.0000,3763.4000,3763.8000,3764.4000,3765.0000,1,1,1,7,1,1,1,3,1,4
SF,IF2009,2020-05-06 09:31:05.600,3761.4000,20824,0,331649940.000,0,-,-,-,-,3762.0000,3761.2000,3761.0000,3760.0000,3759.2000,3763.0000,3763.4000,3763.8000,3764.4000,3765.0000,1,1,1,11,1,1,1,3,1,4
SF,IF2009,2020-05-06 09:31:07.100,3762.0000,20823,-1,333907440.000,2,0,2,多平,S,3763.0000,3761.2000,3761.0000,3760.0000,3759.2000,3763.4000,3763.8000,3764.4000,3765.0000,3765.4000,4,1,1,11,1,1,3,1,4,1
SF,IF2009,2020-05-06 09:31:07.600,3763.0000,20821,-2,337294140.000,3,0,3,多平,S,3763.0000,3762.0000,3761.2000,3761.0000,3760.0000,3763.4000,3763.8000,3764.4000,3765.0000,3765.4000,2,1,1,1,11,1,3,1,4,1
SF,IF2009,2020-05-06 09:31:08.100,3763.0000,20821,0,337294140.000,0,-,-,-,-,3763.0000,3762.0000,3761.2000,3761.0000,3760.0000,3763.4000,3763.8000,3764.4000,3765.0000,3765.4000,2,1,1,1,11,1,3,1,4,1
SF,IF2009,2020-05-06 09:31:08.600,3763.0000,20820,-1,339551940.000,2,0,2,多平,S,3762.0000,3761.0000,3760.0000,3759.2000,3758.8000,3763.4000,3763.8000,3764.4000,3765.0000,3765.4000,1,1,11,1,2,1,3,1,4,1
SF,IF2009,2020-05-06 09:31:09.100,3763.0000,20820,0,339551940.000,0,-,-,-,-,3762.2000,3762.0000,3761.0000,3760.0000,3759.2000,3763.4000,3763.8000,3764.4000,3765.0000,3765.4000,1,1,1,11,1,1,3,1,4,1
SF,IF2009,2020-05-06 09:31:09.600,3763.4000,20819,-1,340680960.000,1,0,1,双平,S,3762.6000,3762.4000,3762.0000,3761.0000,3760.0000,3763.8000,3764.4000,3765.0000,3765.4000,3766.0000,1,2,1,1,11,3,1,4,1,1
SF,IF2009,2020-05-06 09:31:10.100,3763.8000,20819,0,344068380.000,3,1,2,多换,S,3762.8000,3762.6000,3762.4000,3762.0000,3761.0000,3764.4000,3765.0000,3765.4000,3766.0000,3768.0000,1,2,1,1,1,1,4,1,1,1
SF,IF2009,2020-05-06 09:31:10.600,3763.8000,20819,0,344068380.000,0,-,-,-,-,3763.0000,3762.6000,3762.4000,3762.0000,3761.0000,3764.2000,3764.4000,3765.0000,3765.4000,3766.0000,1,2,1,1,1,3,1,4,1,1
SF,IF2009,2020-05-06 09:31:11.100,3764.4000,20818,-1,346326960.000,2,0,2,多平,S,3763.4000,3763.2000,3763.0000,3762.6000,3762.4000,3765.0000,3765.4000,3766.0000,3768.0000,3769.0000,1,1,1,1,1,4,1,1,1,1
SF,IF2009,2020-05-06 09:31:11.600,3765.0000,20816,-2,348585900.000,2,0,2,双平,S,3763.6000,3763.4000,3763.0000,3762.6000,3762.4000,3765.0000,3766.0000,3768.0000,3769.0000,3770.0000,1,1,1,1,1,3,1,1,1,2
SF,IF2009,2020-05-06 09:31:12.100,3765.0000,20816,0,348585900.000,0,-,-,-,-,3763.8000,3763.6000,3763.4000,3763.0000,3762.6000,3765.0000,3766.0000,3768.0000,3769.0000,3770.0000,3,1,1,1,1,3,1,1,1,2
SF,IF2009,2020-05-06 09:31:12.600,3765.0000,20816,0,348585900.000,0,-,-,-,-,3764.2000,3764.0000,3763.8000,3763.6000,3763.4000,3765.0000,3766.0000,3768.0000,3769.0000,3770.0000,2,1,2,1,2,3,1,1,1,2
SF,IF2009,2020-05-06 09:31:13.100,3764.2000,20816,0,350844480.000,2,1,1,多换,S,3764.2000,3763.8000,3763.6000,3763.4000,3762.6000,3765.0000,3766.0000,3768.0000,3769.0000,3770.0000,1,2,1,2,1,3,1,1,1,2
SF,IF2009,2020-05-06 09:31:13.600,3764.2000,20816,0,350844480.000,0,-,-,-,-,3764.2000,3763.8000,3763.6000,3763.4000,3762.0000,3765.0000,3766.0000,3768.0000,3769.0000,3770.0000,1,2,1,2,1,4,1,1,1,2
SF,IF2009,2020-05-06 09:31:14.100,3764.2000,20816,0,350844480.000,0,-,-,-,-,3764.2000,3763.8000,3763.6000,3763.4000,3762.0000,3765.0000,3766.0000,3768.0000,3769.0000,3770.0000,1,2,1,2,1,4,1,1,1,2
SF,IF2009,2020-05-06 09:31:14.600,3765.0000,20813,-3,355362480.000,4,0,4,多平,S,3765.0000,3764.4000,3764.2000,3763.4000,3762.0000,3766.0000,3768.0000,3769.0000,3770.0000,3772.0000,2,2,1,2,1,1,1,1,2,1
SF,IF2009,2020-05-06 09:31:15.100,3765.2000,20811,-2,357621840.000,2,0,2,双平,S,3766.0000,3765.2000,3765.0000,3764.4000,3764.2000,3768.0000,3769.0000,3770.0000,3772.0000,3773.0000,2,1,2,1,1,1,1,2,1,1
SF,IF2009,2020-05-06 09:31:15.600,3765.8000,20810,-1,358751580.000,1,0,1,双平,S,3766.2000,3766.0000,3765.0000,3764.4000,3764.2000,3767.8000,3768.0000,3769.0000,3770.0000,3772.0000,1,1,2,1,1,2,1,1,2,1
SF,IF2009,2020-05-06 09:31:16.100,3766.2000,20809,-1,359881440.000,1,0,1,双平,S,3766.0000,3765.0000,3764.4000,3764.2000,3763.4000,3767.6000,3767.8000,3769.0000,3770.0000,3772.0000,1,3,1,1,2,1,1,1,2,1
SF,IF2009,2020-05-06 09:31:16.600,3767.4000,20809,0,361011660.000,1,0,1,多换,S,3766.0000,3765.0000,3764.4000,3763.4000,3762.0000,3767.4000,3769.0000,3770.0000,3772.0000,3773.0000,1,3,1,2,1,1,1,2,1,1
SF,IF2009,2020-05-06 09:31:17.100,3766.2000,20808,-1,362141520.000,1,0,1,双平,S,3766.0000,3765.0000,3764.4000,3764.2000,3763.4000,3769.0000,3770.0000,3770.6000,3772.0000,3773.0000,1,3,1,1,2,1,2,1,1,1
SF,IF2009,2020-05-06 09:31:17.600,3766.2000,20808,0,362141520.000,0,-,-,-,-,3766.0000,3765.0000,3764.4000,3764.2000,3763.4000,3768.8000,3769.0000,3770.0000,3770.6000,3772.0000,1,3,1,1,2,2,1,2,1,1
SF,IF2009,2020-05-06 09:31:18.100,3766.2000,20808,0,362141520.000,0,-,-,-,-,3766.2000,3766.0000,3765.0000,3764.2000,3763.4000,3768.8000,3769.0000,3770.0000,3770.6000,3772.0000,2,1,3,1,2,2,1,1,1,1
SF,IF2009,2020-05-06 09:31:18.600,3766.2000,20808,0,363271380.000,1,0,1,多换,S,3767.6000,3767.4000,3766.2000,3766.0000,3765.0000,3768.8000,3769.0000,3770.0000,3770.6000,3772.0000,1,1,1,1,3,2,1,1,1,1
SF,IF2009,2020-05-06 09:31:19.100,3767.4000,20807,-1,365531880.000,2,0,2,多平,S,3766.2000,3766.0000,3765.0000,3764.2000,3763.4000,3768.0000,3768.6000,3768.8000,3769.0000,3770.0000,1,1,3,1,2,1,1,1,1,1
SF,IF2009,2020-05-06 09:31:19.600,3767.8000,20806,-1,366662220.000,1,0,1,双平,S,3766.4000,3766.2000,3766.0000,3765.0000,3764.2000,3767.8000,3768.0000,3769.0000,3770.0000,3772.0000,1,1,1,3,1,2,2,1,1,1
SF,IF2009,2020-05-06 09:31:20.100,3767.8000,20806,0,366662220.000,0,-,-,-,-,3766.2000,3766.0000,3765.0000,3764.2000,3763.4000,3767.6000,3767.8000,3768.0000,3769.0000,3770.0000,1,1,3,1,2,1,1,2,1,1
SF,IF2009,2020-05-06 09:31:20.600,3767.6000,20805,-1,367792500.000,1,0,1,双平,S,3766.0000,3765.0000,3764.2000,3763.4000,3762.0000,3767.4000,3767.6000,3768.0000,3769.0000,3770.0000,1,3,1,2,1,1,1,1,1,1
SF,IF2009,2020-05-06 09:31:21.100,3767.6000,20805,0,367792500.000,0,-,-,-,-,3766.2000,3766.0000,3765.0000,3764.2000,3763.4000,3767.2000,3767.6000,3768.0000,3769.0000,3770.0000,1,1,3,1,2,2,1,1,1,1
SF,IF2009,2020-05-06 09:31:21.600,3767.6000,20805,0,367792500.000,0,-,-,-,-,3766.2000,3766.0000,3765.0000,3764.2000,3763.4000,3767.2000,3767.6000,3768.0000,3769.0000,3770.0000,1,1,3,1,2,2,1,1,1,1
SF,IF2009,2020-05-06 09:31:22.100,3766.2000,20805,0,368922360.000,1,0,1,多换,S,3766.0000,3765.0000,3764.2000,3763.4000,3762.0000,3766.2000,3767.2000,3767.6000,3768.0000,3769.0000,1,3,1,2,1,2,2,1,1,1
SF,IF2009,2020-05-06 09:31:22.600,3767.2000,20804,-1,372312240.000,3,1,2,多平,S,3767.2000,3766.0000,3765.0000,3764.2000,3763.4000,3767.6000,3768.0000,3769.0000,3770.0000,3771.0000,2,1,3,1,2,1,1,1,1,1
SF,IF2009,2020-05-06 09:31:23.100,3767.6000,20803,-1,374572680.000,2,0,2,多平,S,3767.6000,3767.2000,3766.0000,3765.0000,3764.2000,3768.0000,3769.0000,3770.0000,3771.0000,3771.2000,2,1,1,4,1,1,1,1,1,1
SF,IF2009,2020-05-06 09:31:24.100,3767.6000,20803,0,376833240.000,2,1,1,多换,S,3767.6000,3767.2000,3766.0000,3765.0000,3764.2000,3768.0000,3769.0000,3770.0000,3771.0000,3771.2000,1,1,1,4,1,1,1,1,1,1
SF,IF2009,2020-05-06 09:31:24.600,3767.2000,20801,-2,379093680.000,2,0,2,双平,S,3767.6000,3766.0000,3765.0000,3764.2000,3763.4000,3767.8000,3769.0000,3770.0000,3771.0000,3771.2000,8,1,4,1,2,1,1,1,1,1
SF,IF2009,2020-05-06 09:31:25.100,3767.6000,20793,-8,388135920.000,8,0,8,双平,S,3768.0000,3766.0000,3765.0000,3764.2000,3763.4000,3769.0000,3770.0000,3771.0000,3771.2000,3772.0000,1,1,4,1,2,1,1,1,1,1
SF,IF2009,2020-05-06 09:31:25.600,3768.0000,20792,-1,389266320.000,1,0,1,双平,S,3767.4000,3766.0000,3765.0000,3764.2000,3763.4000,3768.8000,3769.0000,3770.0000,3771.0000,3771.2000,1,1,4,1,2,2,1,1,1,1
SF,IF2009,2020-05-06 09:31:26.100,3768.6000,20792,0,390396900.000,1,0,1,多换,S,3768.0000,3767.4000,3766.0000,3765.0000,3764.2000,3768.8000,3769.0000,3770.0000,3771.0000,3771.2000,2,1,1,4,1,1,1,1,1,1
SF,IF2009,2020-05-06 09:31:26.600,3768.0000,20792,0,392657940.000,2,1,1,多换,S,3768.0000,3767.4000,3766.0000,3765.0000,3764.2000,3769.0000,3770.0000,3771.0000,3771.2000,3772.0000,1,1,1,4,1,1,1,1,1,1
SF,IF2009,2020-05-06 09:31:27.100,3768.0000,20792,0,392657940.000,0,-,-,-,-,3768.0000,3767.4000,3766.0000,3765.0000,3764.2000,3769.0000,3770.0000,3771.0000,3771.2000,3772.0000,1,4,1,4,1,1,1,1,1,1
SF,IF2009,2020-05-06 09:31:27.600,3768.0000,20792,0,394918740.000,2,1,1,多换,S,3767.4000,3766.0000,3765.0000,3764.2000,3763.8000,3769.0000,3770.0000,3771.0000,3771.2000,3772.0000,4,1,4,1,1,1,1,1,1,1
SF,IF2009,2020-05-06 09:31:28.100,3768.0000,20792,0,394918740.000,0,-,-,-,-,3767.6000,3767.4000,3766.0000,3765.0000,3764.2000,3769.0000,3770.0000,3771.0000,3771.2000,3772.0000,1,6,1,4,1,1,1,1,1,1
SF,IF2009,2020-05-06 09:31:28.600,3768.0000,20792,0,394918740.000,0,-,-,-,-,3767.8000,3767.4000,3766.0000,3765.0000,3764.2000,3769.0000,3770.0000,3771.0000,3771.2000,3772.0000,1,6,1,4,1,1,1,1,1,1
SF,IF2009,2020-05-06 09:31:29.100,3769.0000,20792,0,396049440.000,1,0,1,多换,S,3769.0000,3768.2000,3767.4000,3766.0000,3765.0000,3770.0000,3771.0000,3771.2000,3772.0000,3773.0000,1,1,6,1,4,1,1,1,1,1
SF,IF2009,2020-05-06 09:31:29.600,3769.0000,20793,1,398310840.000,2,1,1,空开,S,3768.2000,3767.4000,3766.0000,3765.0000,3764.2000,3770.0000,3771.0000,3771.2000,3772.0000,3773.0000,1,6,6,4,1,1,1,1,1,1
SF,IF2009,2020-05-06 09:31:30.100,3770.0000,20793,0,399441840.000,1,0,1,多换,S,3768.4000,3768.2000,3767.4000,3766.0000,3765.0000,3771.0000,3772.0000,3773.0000,3775.0000,3778.6000,2,1,6,5,4,1,1,1,5,2
SF,IF2009,2020-05-06 09:31:30.600,3770.0000,20793,0,399441840.000,0,-,-,-,-,3768.4000,3768.2000,3767.4000,3766.0000,3765.0000,3770.8000,3771.0000,3772.0000,3773.0000,3775.0000,1,1,6,5,4,1,1,1,1,5
SF,IF2009,2020-05-06 09:31:31.100,3770.0000,20793,0,399441840.000,0,-,-,-,-,3768.6000,3768.4000,3768.2000,3767.4000,3766.0000,3770.8000,3771.0000,3772.0000,3773.0000,3775.0000,1,1,1,6,5,1,1,1,1,5
SF,IF2009,2020-05-06 09:31:31.600,3768.6000,20792,-1,400572420.000,1,0,1,双平,S,3769.0000,3768.4000,3768.2000,3767.4000,3766.0000,3770.8000,3771.0000,3772.0000,3773.0000,3775.0000,1,1,1,6,5,1,1,1,1,5
SF,IF2009,2020-05-06 09:31:32.100,3770.8000,20791,-1,401703660.000,1,0,1,双平,S,3769.0000,3768.4000,3768.2000,3767.4000,3766.0000,3771.0000,3772.0000,3773.0000,3775.0000,3778.6000,1,1,1,6,5,1,1,1,5,2
SF,IF2009,2020-05-06 09:31:32.600,3770.8000,20791,0,401703660.000,0,-,-,-,-,3769.0000,3768.4000,3767.4000,3766.0000,3765.0000,3771.0000,3772.0000,3773.0000,3775.0000,3778.6000,1,1,6,5,4,1,1,1,5,2
SF,IF2009,2020-05-06 09:31:33.100,3769.6000,20790,-1,402834540.000,1,0,1,双平,S,3769.2000,3769.0000,3768.0000,3767.4000,3766.0000,3771.0000,3772.0000,3772.8000,3773.0000,3775.0000,2,1,1,4,5,1,1,1,1,5
SF,IF2009,2020-05-06 09:31:33.600,3771.0000,20789,-1,406227480.000,3,1,2,多平,S,3770.8000,3769.2000,3769.0000,3768.0000,3767.4000,3772.0000,3772.8000,3773.0000,3775.0000,3778.6000,10,2,1,1,4,1,1,1,5,2
SF,IF2009,2020-05-06 09:31:34.100,3772.0000,20789,0,413015580.000,6,3,3,多换,S,3770.8000,3769.2000,3769.0000,3768.0000,3767.4000,3772.8000,3773.0000,3775.0000,3778.6000,3779.0000,6,1,1,1,4,1,1,5,2,3
SF,IF2009,2020-05-06 09:31:34.600,3770.8000,20790,1,414146820.000,1,1,0,双开,S,3771.0000,3770.8000,3769.2000,3769.0000,3768.0000,3772.6000,3772.8000,3773.0000,3775.0000,3778.6000,3,5,1,1,1,3,1,1,5,2
SF,IF2009,2020-05-06 09:31:35.100,3770.8000,20791,1,422065680.000,7,4,3,空开,S,3770.8000,3769.2000,3769.0000,3768.0000,3767.4000,3772.0000,3772.6000,3773.0000,3775.0000,3778.6000,1,1,1,1,4,1,4,1,5,2
SF,IF2009,2020-05-06 09:31:35.600,3772.0000,20790,-1,424328520.000,2,0,2,多平,S,3769.2000,3769.0000,3768.0000,3767.4000,3766.0000,3772.6000,3773.0000,3775.0000,3778.6000,3779.0000,1,1,1,4,5,4,1,5,2,3
SF,IF2009,2020-05-06 09:31:36.100,3772.0000,20790,0,424328520.000,0,-,-,-,-,3772.0000,3769.4000,3769.2000,3769.0000,3768.0000,3772.6000,3773.0000,3775.0000,3778.6000,3779.0000,1,2,1,1,1,4,1,5,2,3
SF,IF2009,2020-05-06 09:31:36.600,3769.4000,20788,-2,426590940.000,2,0,2,双平,S,3769.4000,3769.2000,3769.0000,3768.0000,3767.4000,3771.8000,3772.6000,3773.0000,3775.0000,3778.6000,1,1,1,1,4,7,3,1,5,2
SF,IF2009,2020-05-06 09:31:37.100,3771.6000,20787,-1,427722420.000,1,0,1,双平,S,3771.0000,3769.6000,3769.4000,3769.0000,3768.0000,3771.8000,3772.0000,3772.6000,3773.0000,3775.0000,2,2,1,1,1,1,1,3,1,5
SF,IF2009,2020-05-06 09:31:37.600,3771.2000,20785,-2,429985140.000,2,0,2,双平,S,3771.0000,3769.6000,3769.0000,3768.0000,3767.4000,3771.8000,3772.0000,3772.6000,3773.0000,3775.0000,2,2,1,1,4,1,1,3,1,5
SF,IF2009,2020-05-06 09:31:38.100,3771.2000,20785,0,429985140.000,0,-,-,-,-,3771.0000,3769.6000,3769.0000,3768.0000,3767.4000,3771.8000,3772.0000,3772.6000,3773.0000,3775.0000,2,2,1,1,4,1,1,3,1,5
SF,IF2009,2020-05-06 09:31:38.600,3771.0000,20783,-2,432247740.000,2,0,2,双平,S,3769.6000,3769.0000,3768.0000,3767.4000,3767.0000,3771.8000,3772.0000,3772.6000,3773.0000,3774.2000,2,1,1,4,1,1,1,3,1,1
SF,IF2009,2020-05-06 09:31:39.600,3769.6000,20782,-1,434509500.000,2,0,2,多平,S,3769.0000,3768.0000,3767.4000,3767.0000,3766.0000,3771.6000,3771.8000,3772.0000,3772.6000,3773.0000,1,1,4,1,5,3,1,1,3,1
SF,IF2009,2020-05-06 09:31:40.100,3769.6000,20782,0,435640380.000,1,0,1,多换,S,3769.2000,3769.0000,3768.0000,3767.4000,3767.0000,3771.2000,3771.4000,3771.6000,3771.8000,3772.0000,1,1,1,4,1,1,1,3,1,1
SF,IF2009,2020-05-06 09:31:40.600,3769.2000,20779,-3,439033260.000,3,0,3,双平,S,3769.4000,3769.0000,3768.0000,3767.4000,3767.0000,3771.0000,3771.2000,3771.6000,3771.8000,3772.0000,1,1,1,4,1,3,1,2,1,1
SF,IF2009,2020-05-06 09:31:41.100,3769.0000,20778,-1,440163960.000,1,0,1,双平,S,3768.0000,3767.4000,3767.0000,3766.0000,3765.0000,3770.8000,3771.0000,3771.2000,3771.6000,3771.8000,1,4,1,5,3,1,2,1,2,1
SF,IF2009,2020-05-06 09:31:41.600,3769.0000,20778,0,440163960.000,0,-,-,-,-,3768.2000,3768.0000,3767.4000,3767.0000,3766.0000,3770.6000,3771.6000,3771.8000,3772.0000,3772.6000,1,1,4,1,5,2,3,1,1,3
SF,IF2009,2020-05-06 09:31:42.100,3770.4000,20779,1,441295080.000,1,1,0,双开,S,3768.4000,3768.2000,3768.0000,3767.4000,3767.0000,3770.6000,3771.6000,3771.8000,3772.6000,3773.0000,1,1,1,4,1,2,3,1,3,1
SF,IF2009,2020-05-06 09:31:42.600,3770.4000,20779,0,441295080.000,0,-,-,-,-,3768.6000,3768.4000,3768.0000,3767.4000,3767.0000,3770.0000,3770.6000,3771.6000,3771.8000,3772.6000,1,1,1,4,1,1,2,3,1,3
SF,IF2009,2020-05-06 09:31:43.100,3770.6000,20780,1,443557380.000,2,1,1,空开,S,3768.8000,3768.6000,3768.0000,3767.4000,3767.0000,3770.6000,3770.8000,3771.6000,3771.8000,3772.0000,2,1,1,4,1,1,1,3,1,1
SF,IF2009,2020-05-06 09:31:43.600,3769.0000,20779,-1,445818780.000,2,0,2,多平,S,3769.0000,3768.8000,3768.0000,3767.4000,3767.0000,3770.6000,3770.8000,3771.6000,3771.8000,3772.0000,2,1,1,4,1,1,1,3,1,1
SF,IF2009,2020-05-06 09:31:44.100,3769.0000,20778,-1,448080180.000,2,0,2,多平,S,3769.0000,3768.0000,3767.4000,3767.0000,3766.0000,3770.8000,3771.6000,3771.8000,3772.0000,3772.6000,1,1,4,1,5,1,1,1,1,3
SF,IF2009,2020-05-06 09:31:44.600,3770.6000,20778,0,449211360.000,1,0,1,多换,S,3769.2000,3769.0000,3768.0000,3767.4000,3767.0000,3770.6000,3770.8000,3771.6000,3771.8000,3772.0000,2,1,1,4,1,3,1,1,1,1
SF,IF2009,2020-05-06 09:31:45.100,3770.8000,20778,0,452604600.000,3,1,2,多换,S,3771.0000,3769.4000,3769.2000,3768.0000,3767.4000,3771.6000,3771.8000,3772.0000,3773.0000,3774.2000,2,1,1,1,4,1,1,1,1,1
SF,IF2009,2020-05-06 09:31:45.600,3771.4000,20778,0,453736020.000,1,0,1,多换,S,3771.0000,3769.4000,3769.2000,3768.0000,3767.4000,3771.4000,3771.6000,3771.8000,3772.0000,3773.0000,2,1,1,1,4,1,1,1,1,1
SF,IF2009,2020-05-06 09:31:46.100,3771.4000,20778,0,454867440.000,1,0,1,多换,S,3771.0000,3769.4000,3769.2000,3768.0000,3767.4000,3771.6000,3771.8000,3772.0000,3773.0000,3774.2000,2,1,1,1,4,1,1,1,1,1
SF,IF2009,2020-05-06 09:31:46.600,3773.0000,20775,-3,459393960.000,4,0,4,多平,S,3771.6000,3771.0000,3769.4000,3769.2000,3768.0000,3774.2000,3775.0000,3775.2000,3778.6000,3778.8000,1,2,1,1,1,1,5,1,2,1
SF,IF2009,2020-05-06 09:31:47.100,3771.6000,20776,1,460525440.000,1,1,0,双开,S,3771.8000,3771.6000,3771.0000,3769.4000,3769.2000,3773.6000,3774.0000,3774.2000,3775.0000,3775.2000,1,1,2,1,1,3,2,1,5,1
SF,IF2009,2020-05-06 09:31:47.600,3771.6000,20776,0,460525440.000,0,-,-,-,-,3771.8000,3771.6000,3771.0000,3769.4000,3769.2000,3773.4000,3773.6000,3774.0000,3774.2000,3775.0000,1,1,2,1,1,2,3,1,1,5
SF,IF2009,2020-05-06 09:31:48.100,3771.6000,20776,0,460525440.000,0,-,-,-,-,3772.0000,3771.8000,3771.6000,3771.0000,3769.2000,3773.2000,3773.4000,3775.2000,3778.6000,3778.8000,2,1,1,2,1,1,1,1,2,1
SF,IF2009,2020-05-06 09:31:48.600,3773.4000,20775,-1,463920420.000,3,1,2,多平,S,3772.0000,3771.6000,3771.0000,3770.6000,3769.2000,3775.2000,3778.6000,3778.8000,3779.0000,3779.6000,2,1,2,1,1,1,2,1,3,3
SF,IF2009,2020-05-06 09:31:49.100,3772.2000,20776,1,465052080.000,1,1,0,双开,S,3773.2000,3772.0000,3771.6000,3771.0000,3770.6000,3774.8000,3775.0000,3775.2000,3778.6000,3778.8000,1,1,1,2,1,3,1,1,2,1
SF,IF2009,2020-05-06 09:31:49.600,3772.2000,20776,0,465052080.000,0,-,-,-,-,3773.4000,3773.2000,3772.0000,3771.6000,3771.0000,3774.6000,3774.8000,3775.0000,3778.6000,3778.8000,2,1,1,1,2,1,3,1,1,1
SF,IF2009,2020-05-06 09:31:50.100,3772.2000,20776,0,465052080.000,0,-,-,-,-,3773.4000,3773.2000,3772.0000,3771.6000,3771.0000,3774.4000,3774.8000,3775.0000,3778.6000,3778.8000,2,1,1,1,2,1,3,1,1,1
SF,IF2009,2020-05-06 09:31:50.600,3773.0000,20777,1,466183980.000,1,1,0,双开,S,3772.0000,3771.6000,3771.0000,3770.6000,3770.0000,3774.2000,3774.8000,3775.0000,3778.6000,3778.8000,1,1,2,1,4,1,3,1,1,1
SF,IF2009,2020-05-06 09:31:51.100,3773.0000,20777,0,466183980.000,0,-,-,-,-,3772.2000,3772.0000,3771.6000,3771.0000,3770.6000,3774.0000,3774.8000,3778.6000,3778.8000,3779.0000,1,1,1,2,1,1,3,1,1,3
SF,IF2009,2020-05-06 09:31:51.600,3774.0000,20778,1,467316180.000,1,1,0,双开,S,3772.4000,3772.2000,3771.6000,3771.0000,3770.6000,3774.8000,3778.6000,3778.8000,3779.0000,3779.6000,3,1,1,2,1,3,1,1,3,3
SF,IF2009,2020-05-06 09:31:52.100,3778.6000,20778,0,468449760.000,1,0,1,多换,S,3772.6000,3772.4000,3772.2000,3771.6000,3771.0000,3778.8000,3779.0000,3779.6000,3780.0000,3785.0000,1,2,1,1,2,1,3,3,7,2
SF,IF2009,2020-05-06 09:31:52.600,3778.6000,20778,0,468449760.000,0,-,-,-,-,3775.0000,3772.8000,3772.6000,3771.6000,3771.0000,3776.6000,3776.8000,3778.6000,3778.8000,3779.0000,2,2,1,1,2,2,3,3,1,3
SF,IF2009,2020-05-06 09:31:53.100,3775.0000,20778,0,469582260.000,1,0,1,多换,S,3775.0000,3772.8000,3772.6000,3771.6000,3771.0000,3776.4000,3776.6000,3776.8000,3778.6000,3778.8000,1,3,1,1,2,1,2,3,3,2
SF,IF2009,2020-05-06 09:31:53.600,3775.0000,20778,0,469582260.000,0,-,-,-,-,3775.0000,3772.8000,3772.6000,3771.6000,3771.0000,3776.2000,3776.8000,3778.6000,3778.8000,3779.0000,1,3,1,1,2,1,3,3,2,3
SF,IF2009,2020-05-06 09:31:54.100,3776.0000,20779,1,470715060.000,1,1,0,双开,S,3775.0000,3772.8000,3772.6000,3771.6000,3771.0000,3776.2000,3776.8000,3778.4000,3778.6000,3778.8000,1,3,1,1,2,2,3,1,4,2
SF,IF2009,2020-05-06 09:31:54.600,3776.0000,20778,-1,471847860.000,1,0,1,双平,S,3776.4000,3776.0000,3775.0000,3773.6000,3772.8000,3776.8000,3778.2000,3778.4000,3778.6000,3778.8000,1,1,1,1,3,3,5,2,4,2
SF,IF2009,2020-05-06 09:31:55.100,3776.0000,20777,-1,474113520.000,2,0,2,多平,S,3775.0000,3773.6000,3772.8000,3772.6000,3771.6000,3776.8000,3778.2000,3778.4000,3778.6000,3778.8000,1,1,2,1,1,5,5,3,3,2
SF,IF2009,2020-05-06 09:31:55.600,3776.4000,20777,0,475246440.000,1,0,1,多换,S,3775.0000,3773.6000,3772.8000,3772.6000,3771.6000,3776.6000,3776.8000,3778.2000,3778.4000,3778.6000,1,1,2,1,1,2,3,6,2,1
SF,IF2009,2020-05-06 09:31:56.100,3776.4000,20777,0,475246440.000,0,-,-,-,-,3775.0000,3773.6000,3772.8000,3772.6000,3771.0000,3776.4000,3776.6000,3776.8000,3778.2000,3778.4000,1,1,2,1,2,3,2,3,5,2
SF,IF2009,2020-05-06 09:31:56.600,3776.4000,20777,0,475246440.000,0,-,-,-,-,3776.2000,3775.0000,3773.6000,3772.8000,3772.6000,3776.4000,3776.6000,3776.8000,3778.2000,3778.4000,1,1,1,2,1,1,2,3,5,2
SF,IF2009,2020-05-06 09:31:57.100,3776.4000,20776,-1,478645140.000,3,1,2,多平,S,3775.0000,3773.6000,3772.8000,3772.6000,3771.0000,3776.4000,3776.6000,3776.8000,3778.2000,3778.4000,1,1,1,1,2,2,2,3,6,2
SF,IF2009,2020-05-06 09:31:57.600,3776.4000,20776,0,478645140.000,0,-,-,-,-,3775.2000,3775.0000,3773.6000,3772.8000,3772.6000,3776.6000,3776.8000,3778.2000,3778.4000,3778.8000,3,1,1,1,1,2,3,6,2,2
SF,IF2009,2020-05-06 09:31:58.100,3775.2000,20778,2,483175380.000,4,3,1,空开,S,3776.4000,3773.6000,3772.8000,3772.6000,3771.0000,3776.6000,3776.8000,3778.2000,3778.4000,3778.8000,1,1,1,1,2,2,3,6,2,1
SF,IF2009,2020-05-06 09:31:58.600,3776.2000,20778,0,484308240.000,1,0,1,多换,S,3773.6000,3772.8000,3772.6000,3771.0000,3770.6000,3775.0000,3776.6000,3776.8000,3778.2000,3778.4000,1,1,1,2,1,1,2,3,7,2
SF,IF2009,2020-05-06 09:31:59.100,3775.0000,20777,-1,485440740.000,1,0,1,双平,S,3775.0000,3773.8000,3773.6000,3772.6000,3771.0000,3776.6000,3778.4000,3778.8000,3779.0000,3779.2000,1,2,1,1,2,1,1,1,4,1
SF,IF2009,2020-05-06 09:31:59.600,3775.0000,20777,0,485440740.000,0,-,-,-,-,3773.8000,3773.6000,3772.6000,3771.0000,3770.6000,3776.4000,3776.6000,3778.4000,3778.8000,3779.0000,1,1,1,2,1,1,1,1,1,4
SF,IF2009,2020-05-06 09:32:00.100,3775.0000,20777,0,485440740.000,0,-,-,-,-,3775.0000,3774.0000,3773.8000,3773.6000,3771.0000,3776.4000,3776.6000,3778.8000,3779.0000,3779.2000,1,2,1,1,2,3,1,1,4,1
SF,IF2009,2020-05-06 09:32:00.600,3775.0000,20777,0,485440740.000,0,-,-,-,-,3775.0000,3774.0000,3773.8000,3773.6000,3771.0000,3776.2000,3776.4000,3776.6000,3778.8000,3779.0000,1,2,1,1,2,1,3,1,1,4
SF,IF2009,2020-05-06 09:32:01.100,3775.0000,20777,0,485440740.000,0,-,-,-,-,3775.0000,3774.4000,3774.0000,3773.8000,3773.6000,3776.0000,3776.4000,3776.6000,3778.8000,3779.0000,1,1,1,1,1,1,3,1,1,4
SF,IF2009,2020-05-06 09:32:01.600,3775.8000,20778,1,486573480.000,1,1,0,双开,S,3776.2000,3775.0000,3774.4000,3774.0000,3773.8000,3776.4000,3776.6000,3778.8000,3779.0000,3779.2000,1,1,1,1,1,3,1,1,4,1
SF,IF2009,2020-05-06 09:32:02.100,3775.0000,20778,0,488838840.000,2,1,1,多换,S,3774.0000,3773.8000,3773.6000,3771.0000,3770.6000,3775.0000,3776.2000,3776.6000,3778.8000,3779.0000,1,1,1,2,1,2,1,1,1,4
SF,IF2009,2020-05-06 09:32:02.600,3775.0000,20778,0,491103840.000,2,1,1,多换,S,3775.0000,3774.2000,3773.8000,3773.6000,3771.0000,3776.6000,3778.8000,3779.0000,3779.2000,3779.6000,2,1,1,1,2,1,1,4,1,3
SF,IF2009,2020-05-06 09:32:03.100,3775.0000,20778,0,491103840.000,0,-,-,-,-,3773.8000,3773.6000,3771.0000,3770.6000,3770.0000,3776.2000,3776.6000,3778.8000,3779.0000,3779.2000,1,1,2,1,6,3,1,1,4,1
SF,IF2009,2020-05-06 09:32:03.600,3775.0000,20778,0,491103840.000,0,-,-,-,-,3773.8000,3773.6000,3771.0000,3770.6000,3770.0000,3776.6000,3778.8000,3779.0000,3779.2000,3779.6000,1,1,2,1,6,1,1,4,1,3
SF,IF2009,2020-05-06 09:32:04.100,3775.0000,20778,0,491103840.000,0,-,-,-,-,3773.8000,3773.6000,3771.0000,3770.6000,3770.0000,3776.4000,3776.6000,3778.8000,3779.0000,3779.2000,1,1,2,1,6,4,1,1,4,1
SF,IF2009,2020-05-06 09:32:04.600,3775.0000,20778,0,491103840.000,0,-,-,-,-,3773.8000,3773.6000,3771.0000,3770.6000,3770.0000,3776.4000,3776.6000,3777.8000,3778.0000,3778.8000,1,1,2,1,6,4,1,1,1,1
SF,IF2009,2020-05-06 09:32:05.100,3775.0000,20778,0,491103840.000,0,-,-,-,-,3773.8000,3773.6000,3773.2000,3771.0000,3770.6000,3776.4000,3776.6000,3777.8000,3778.0000,3778.8000,1,1,1,2,1,4,1,1,1,1
SF,IF2009,2020-05-06 09:32:05.600,3775.0000,20778,0,491103840.000,0,-,-,-,-,3773.8000,3773.6000,3773.2000,3771.0000,3770.6000,3775.8000,3776.4000,3776.6000,3777.8000,3778.0000,1,1,1,2,1,2,4,1,1,1
SF,IF2009,2020-05-06 09:32:06.100,3775.8000,20777,-1,492236580.000,1,0,1,双平,S,3774.0000,3773.8000,3773.6000,3773.2000,3771.0000,3775.8000,3776.4000,3776.6000,3777.8000,3778.0000,1,1,1,1,2,1,4,1,1,1
SF,IF2009,2020-05-06 09:32:06.600,3775.8000,20777,0,492236580.000,0,-,-,-,-,3774.2000,3773.6000,3773.2000,3771.0000,3770.6000,3775.8000,3776.4000,3776.6000,3777.8000,3778.4000,2,1,1,2,1,1,4,1,1,1
SF,IF2009,2020-05-06 09:32:07.100,3775.8000,20777,0,492236580.000,0,-,-,-,-,3774.4000,3774.2000,3773.6000,3773.2000,3771.0000,3775.8000,3776.4000,3776.6000,3777.8000,3778.4000,1,1,1,1,2,1,4,1,1,1
SF,IF2009,2020-05-06 09:32:07.600,3775.8000,20777,0,492236580.000,0,-,-,-,-,3774.2000,3773.6000,3773.2000,3771.0000,3770.6000,3775.6000,3775.8000,3776.4000,3776.6000,3777.8000,1,1,1,2,1,1,1,3,1,1
SF,IF2009,2020-05-06 09:32:08.100,3775.8000,20777,0,492236580.000,0,-,-,-,-,3773.6000,3773.2000,3771.0000,3770.6000,3770.0000,3775.6000,3775.8000,3776.4000,3776.6000,3777.8000,1,1,2,1,6,1,1,3,1,1
SF,IF2009,2020-05-06 09:32:08.600,3775.8000,20777,0,492236580.000,0,-,-,-,-,3773.8000,3773.6000,3773.2000,3771.0000,3770.6000,3775.6000,3775.8000,3776.4000,3776.6000,3777.8000,2,1,1,2,1,2,1,3,1,1
SF,IF2009,2020-05-06 09:32:09.100,3775.8000,20777,0,492236580.000,0,-,-,-,-,3773.8000,3773.6000,3773.2000,3771.0000,3770.6000,3775.2000,3775.6000,3776.4000,3776.6000,3777.8000,1,1,1,2,1,1,1,3,1,1
SF,IF2009,2020-05-06 09:32:09.600,3775.2000,20776,-1,494501340.000,2,0,2,多平,S,3774.0000,3773.6000,3773.2000,3771.0000,3770.6000,3775.6000,3776.4000,3776.6000,3777.8000,3778.4000,1,1,1,2,1,1,3,1,1,3
SF,IF2009,2020-05-06 09:32:10.100,3775.6000,20776,0,495634020.000,1,0,1,多换,S,3774.0000,3773.6000,3773.2000,3771.0000,3770.6000,3776.4000,3776.6000,3777.8000,3778.4000,3778.8000,1,1,1,2,1,3,1,1,3,1
SF,IF2009,2020-05-06 09:32:11.100,3775.6000,20776,0,495634020.000,0,-,-,-,-,3774.0000,3773.6000,3773.2000,3771.0000,3770.6000,3775.6000,3776.0000,3776.4000,3776.6000,3777.8000,1,1,1,2,1,1,1,3,1,1
SF,IF2009,2020-05-06 09:32:11.600,3774.0000,20776,0,496766220.000,1,0,1,多换,S,3773.6000,3773.2000,3771.0000,3770.6000,3770.0000,3775.6000,3776.0000,3776.4000,3776.6000,3777.8000,1,1,2,1,6,1,1,3,1,1
SF,IF2009,2020-05-06 09:32:12.100,3774.0000,20776,0,496766220.000,0,-,-,-,-,3773.8000,3773.6000,3773.2000,3771.0000,3770.6000,3775.6000,3776.0000,3776.4000,3776.6000,3777.8000,1,1,1,2,1,1,1,3,1,1
SF,IF2009,2020-05-06 09:32:12.600,3774.0000,20776,0,496766220.000,0,-,-,-,-,3773.8000,3773.6000,3773.2000,3771.0000,3770.6000,3775.4000,3775.6000,3776.4000,3776.6000,3777.8000,1,1,1,2,1,1,1,3,1,1
SF,IF2009,2020-05-06 09:32:13.100,3774.0000,20776,0,496766220.000,0,-,-,-,-,3773.8000,3773.6000,3773.2000,3771.0000,3770.6000,3775.4000,3775.6000,3776.4000,3776.6000,3777.8000,1,1,1,2,1,1,1,3,1,1
SF,IF2009,2020-05-06 09:32:13.600,3774.0000,20776,0,496766220.000,0,-,-,-,-,3774.0000,3773.8000,3773.6000,3773.2000,3771.0000,3775.4000,3775.6000,3776.4000,3776.6000,3777.8000,1,1,1,1,2,1,1,3,1,1
SF,IF2009,2020-05-06 09:32:14.100,3775.2000,20775,-1,497898780.000,1,0,1,双平,S,3774.0000,3773.8000,3773.6000,3773.2000,3771.0000,3775.4000,3776.4000,3776.6000,3777.8000,3778.2000,1,1,1,1,2,1,3,1,1,1
SF,IF2009,2020-05-06 09:32:14.600,3775.2000,20775,0,497898780.000,0,-,-,-,-,3773.8000,3773.6000,3773.2000,3771.0000,3770.6000,3775.2000,3775.4000,3776.4000,3776.6000,3777.8000,1,1,1,2,1,1,1,3,1,1
SF,IF2009,2020-05-06 09:32:15.100,3773.8000,20775,0,499030920.000,1,0,1,多换,S,3773.6000,3773.2000,3771.0000,3770.6000,3770.0000,3775.2000,3775.4000,3776.4000,3776.6000,3777.8000,1,1,2,1,6,1,1,3,1,1
SF,IF2009,2020-05-06 09:32:15.600,3773.8000,20775,0,499030920.000,0,-,-,-,-,3773.8000,3773.6000,3773.2000,3771.0000,3770.6000,3775.2000,3775.4000,3776.4000,3776.6000,3777.8000,2,1,1,2,1,1,1,3,1,1
SF,IF2009,2020-05-06 09:32:16.100,3773.8000,20775,0,499030920.000,0,-,-,-,-,3774.0000,3773.2000,3771.0000,3770.6000,3770.0000,3775.0000,3775.2000,3776.4000,3776.6000,3777.8000,3,1,2,1,6,1,1,3,1,1
SF,IF2009,2020-05-06 09:32:16.600,3775.0000,20775,0,500163420.000,1,0,1,多换,S,3774.0000,3773.2000,3771.0000,3770.6000,3770.0000,3776.4000,3776.6000,3777.8000,3778.2000,3778.4000,1,1,2,1,6,3,1,1,1,3
SF,IF2009,2020-05-06 09:32:17.100,3775.0000,20775,0,500163420.000,0,-,-,-,-,3774.2000,3773.2000,3771.0000,3770.6000,3770.0000,3776.2000,3776.4000,3776.6000,3777.8000,3778.2000,1,1,2,1,6,2,3,1,1,1
SF,IF2009,2020-05-06 09:32:17.600,3775.0000,20775,0,500163420.000,0,-,-,-,-,3774.4000,3774.2000,3773.2000,3771.0000,3770.6000,3776.2000,3776.4000,3776.6000,3777.8000,3778.2000,1,1,1,2,1,2,3,1,1,1
SF,IF2009,2020-05-06 09:32:18.100,3775.0000,20775,0,500163420.000,0,-,-,-,-,3774.6000,3773.2000,3771.0000,3770.6000,3770.0000,3776.2000,3776.4000,3776.6000,3777.8000,3778.2000,3,1,2,1,6,2,3,1,1,1
SF,IF2009,2020-05-06 09:32:18.600,3775.0000,20775,0,500163420.000,0,-,-,-,-,3774.8000,3774.6000,3773.2000,3771.0000,3770.6000,3776.2000,3776.4000,3776.6000,3778.2000,3778.4000,3,2,1,2,1,1,3,1,1,1
SF,IF2009,2020-05-06 09:32:19.100,3776.2000,20775,0,502428780.000,2,1,1,多换,S,3775.0000,3774.8000,3774.6000,3773.2000,3771.0000,3776.6000,3778.2000,3778.4000,3778.8000,3779.0000,1,2,2,1,2,1,1,1,1,3
SF,IF2009,2020-05-06 09:32:19.600,3774.8000,20775,0,503561220.000,1,0,1,多换,S,3775.2000,3774.8000,3774.6000,3773.2000,3771.0000,3776.4000,3776.6000,3778.4000,3778.8000,3779.0000,1,1,1,1,2,3,1,1,1,3
SF,IF2009,2020-05-06 09:32:20.100,3774.8000,20775,0,503561220.000,0,-,-,-,-,3775.4000,3775.2000,3774.6000,3773.2000,3771.0000,3776.6000,3778.4000,3778.8000,3779.0000,3779.6000,1,1,1,1,2,1,1,1,3,3
SF,IF2009,2020-05-06 09:32:20.600,3776.6000,20774,-1,504694200.000,1,0,1,双平,S,3776.6000,3775.6000,3775.2000,3773.2000,3771.0000,3778.4000,3778.8000,3779.0000,3779.6000,3780.0000,1,2,1,1,2,1,1,3,3,5
SF,IF2009,2020-05-06 09:32:21.100,3776.6000,20774,0,504694200.000,0,-,-,-,-,3776.8000,3776.6000,3776.2000,3775.6000,3773.2000,3778.2000,3778.4000,3778.8000,3779.0000,3779.6000,1,1,2,2,1,1,1,1,3,3
SF,IF2009,2020-05-06 09:32:21.600,3776.8000,20774,0,505827240.000,1,0,1,多换,S,3777.0000,3776.6000,3776.2000,3775.6000,3773.2000,3778.0000,3778.2000,3778.8000,3779.0000,3779.6000,1,1,2,2,1,3,1,1,3,3
SF,IF2009,2020-05-06 09:32:22.100,3776.8000,20774,0,505827240.000,0,-,-,-,-,3776.6000,3776.2000,3775.6000,3773.2000,3772.8000,3777.0000,3778.0000,3778.2000,3778.8000,3779.0000,1,2,2,1,1,4,3,1,1,3
SF,IF2009,2020-05-06 09:32:22.600,3776.6000,20774,0,506960220.000,1,0,1,多换,S,3776.2000,3775.6000,3773.2000,3772.8000,3771.0000,3776.6000,3777.0000,3778.0000,3778.2000,3778.8000,2,2,1,1,2,1,3,3,1,1
SF,IF2009,2020-05-06 09:32:23.100,3776.4000,20774,0,508093140.000,1,0,1,多换,S,3776.2000,3775.6000,3773.2000,3772.8000,3771.0000,3776.6000,3777.0000,3778.2000,3778.8000,3779.0000,2,1,1,1,2,1,3,1,1,3
SF,IF2009,2020-05-06 09:32:23.600,3776.2000,20775,1,509226000.000,1,1,0,双开,S,3776.2000,3775.6000,3773.2000,3772.8000,3771.0000,3777.0000,3778.2000,3778.8000,3779.0000,3779.6000,1,1,1,1,2,3,1,1,3,3
SF,IF2009,2020-05-06 09:32:24.100,3776.8000,20775,0,510359040.000,1,0,1,多换,S,3776.2000,3775.6000,3773.2000,3772.8000,3771.0000,3777.0000,3778.2000,3778.8000,3779.0000,3779.6000,1,1,1,1,2,3,1,1,3,3
SF,IF2009,2020-05-06 09:32:24.600,3776.8000,20775,0,510359040.000,0,-,-,-,-,3776.2000,3775.6000,3773.2000,3772.8000,3771.0000,3777.0000,3778.2000,3778.8000,3779.0000,3779.6000,1,1,1,1,2,3,1,1,3,3
SF,IF2009,2020-05-06 09:32:25.100,3776.8000,20775,0,510359040.000,0,-,-,-,-,3776.2000,3775.6000,3773.2000,3772.8000,3771.0000,3777.0000,3778.8000,3779.0000,3779.6000,3781.0000,1,1,1,1,2,3,1,3,3,1
SF,IF2009,2020-05-06 09:32:26.100,3777.0000,20775,0,513758340.000,3,1,2,多换,S,3776.4000,3776.2000,3775.6000,3773.2000,3772.8000,3778.8000,3779.0000,3779.6000,3781.0000,3782.4000,2,1,1,1,1,1,3,3,1,5
SF,IF2009,2020-05-06 09:32:26.600,3777.0000,20775,0,513758340.000,0,-,-,-,-,3777.0000,3776.6000,3776.4000,3776.2000,3773.2000,3778.6000,3778.8000,3779.0000,3779.6000,3781.0000,1,2,1,1,1,1,1,3,3,1
SF,IF2009,2020-05-06 09:32:27.100,3777.0000,20775,0,513758340.000,0,-,-,-,-,3777.0000,3776.6000,3776.2000,3773.2000,3772.8000,3778.4000,3778.6000,3778.8000,3779.0000,3779.6000,3,2,1,1,1,1,1,1,3,3
SF,IF2009,2020-05-06 09:32:27.600,3777.0000,20773,-2,516024540.000,2,0,2,双平,S,3777.2000,3776.6000,3776.2000,3773.2000,3772.8000,3778.2000,3778.6000,3778.8000,3779.0000,3779.6000,1,2,1,1,1,1,1,1,3,3
SF,IF2009,2020-05-06 09:32:28.100,3777.2000,20773,0,517157700.000,1,0,1,多换,S,3776.6000,3776.2000,3773.2000,3772.8000,3771.0000,3777.2000,3778.0000,3778.6000,3778.8000,3779.0000,2,1,1,1,2,1,2,1,1,3
SF,IF2009,2020-05-06 09:32:28.600,3776.2000,20772,-1,520556520.000,3,1,2,多平,S,3773.2000,3772.8000,3771.0000,3770.6000,3770.0000,3776.6000,3778.0000,3778.6000,3778.8000,3779.0000,1,1,2,1,6,1,1,1,1,3
SF,IF2009,2020-05-06 09:32:29.100,3776.4000,20771,-1,521689440.000,1,0,1,双平,S,3773.4000,3773.2000,3772.8000,3771.0000,3770.6000,3776.4000,3776.6000,3778.0000,3778.8000,3779.0000,2,1,1,2,1,1,1,1,1,3
SF,IF2009,2020-05-06 09:32:29.600,3773.4000,20771,0,522821460.000,1,0,1,多换,S,3773.4000,3773.2000,3772.8000,3771.0000,3770.6000,3776.4000,3778.0000,3778.8000,3779.0000,3779.6000,1,1,1,2,1,1,1,1,3,3
SF,IF2009,2020-05-06 09:32:30.100,3776.0000,20772,1,523954260.000,1,1,0,双开,S,3773.4000,3773.2000,3772.8000,3771.0000,3770.6000,3776.0000,3776.4000,3778.0000,3778.8000,3779.0000,1,1,1,2,1,1,1,1,1,3
SF,IF2009,2020-05-06 09:32:30.600,3776.0000,20772,0,523954260.000,0,-,-,-,-,3773.6000,3773.4000,3773.2000,3772.8000,3771.0000,3775.8000,3776.0000,3778.0000,3778.8000,3779.0000,1,1,1,1,2,1,2,1,1,3
SF,IF2009,2020-05-06 09:32:31.100,3776.0000,20772,0,523954260.000,0,-,-,-,-,3773.8000,3773.6000,3773.2000,3772.8000,3771.0000,3775.8000,3776.0000,3776.8000,3778.8000,3779.0000,1,1,1,1,2,3,2,1,1,3
SF,IF2009,2020-05-06 09:32:31.600,3776.0000,20772,0,523954260.000,0,-,-,-,-,3774.0000,3773.8000,3773.6000,3773.2000,3772.8000,3775.8000,3776.0000,3776.8000,3778.8000,3779.0000,3,1,1,1,1,1,2,1,1,3
SF,IF2009,2020-05-06 09:32:32.100,3776.0000,20772,0,523954260.000,0,-,-,-,-,3774.2000,3774.0000,3773.6000,3773.2000,3772.8000,3775.6000,3775.8000,3776.0000,3776.8000,3778.8000,2,2,1,1,1,1,1,1,1,1
SF,IF2009,2020-05-06 09:32:32.600,3774.4000,20772,0,525086580.000,1,0,1,多换,S,3774.2000,3773.6000,3773.2000,3772.8000,3771.0000,3775.6000,3775.8000,3776.0000,3776.8000,3778.8000,1,1,1,1,2,5,1,1,1,1
SF,IF2009,2020-05-06 09:32:33.100,3774.4000,20772,0,525086580.000,0,-,-,-,-,3774.2000,3773.6000,3773.2000,3772.8000,3771.0000,3775.4000,3775.6000,3775.8000,3776.0000,3776.8000,1,1,1,1,2,1,5,1,1,1
SF,IF2009,2020-05-06 09:32:33.600,3774.2000,20769,-3,528483960.000,3,0,3,双平,S,3773.6000,3773.2000,3772.8000,3771.0000,3770.6000,3775.6000,3775.8000,3776.0000,3776.8000,3778.2000,1,1,1,2,1,5,1,1,1,1
SF,IF2009,2020-05-06 09:32:34.100,3774.2000,20769,0,528483960.000,0,-,-,-,-,3773.8000,3773.6000,3773.2000,3772.8000,3771.0000,3775.4000,3775.6000,3776.0000,3776.8000,3778.2000,3,1,1,1,2,1,5,1,1,1
SF,IF2009,2020-05-06 09:32:34.600,3774.0000,20770,1,530748780.000,2,1,1,空开,S,3773.8000,3773.6000,3773.2000,3772.8000,3771.0000,3774.2000,3775.6000,3776.0000,3776.8000,3778.2000,3,1,1,1,2,1,5,1,1,1
SF,IF2009,2020-05-06 09:32:35.100,3774.2000,20770,0,534145980.000,3,1,2,多换,S,3773.8000,3773.6000,3773.2000,3772.8000,3771.0000,3775.6000,3776.0000,3776.8000,3777.0000,3778.2000,3,1,1,1,2,4,1,1,1,1
SF,IF2009,2020-05-06 09:32:35.600,3774.2000,20770,0,534145980.000,0,-,-,-,-,3773.8000,3773.2000,3772.8000,3771.0000,3770.6000,3775.4000,3775.6000,3776.0000,3776.8000,3777.0000,1,1,1,2,1,2,4,1,1,1
SF,IF2009,2020-05-06 09:32:36.100,3774.2000,20770,0,534145980.000,0,-,-,-,-,3773.8000,3773.2000,3772.8000,3772.0000,3771.0000,3775.2000,3775.4000,3775.6000,3776.0000,3776.8000,1,1,1,1,2,1,1,4,1,1
SF,IF2009,2020-05-06 09:32:36.600,3774.2000,20770,0,534145980.000,0,-,-,-,-,3773.8000,3773.2000,3772.8000,3772.0000,3771.0000,3775.4000,3775.6000,3776.0000,3776.8000,3777.0000,1,1,1,1,2,1,4,1,1,1
SF,IF2009,2020-05-06 09:32:37.100,3774.2000,20770,0,534145980.000,0,-,-,-,-,3774.0000,3773.8000,3773.2000,3772.8000,3772.0000,3775.2000,3775.4000,3775.6000,3776.0000,3776.8000,1,1,1,1,1,1,1,4,1,1
SF,IF2009,2020-05-06 09:32:37.600,3774.2000,20770,0,534145980.000,0,-,-,-,-,3774.2000,3774.0000,3773.2000,3772.8000,3772.0000,3775.6000,3776.0000,3776.8000,3777.0000,3778.2000,1,1,1,1,1,4,1,1,1,1
SF,IF2009,2020-05-06 09:32:38.100,3774.2000,20770,0,534145980.000,0,-,-,-,-,3774.2000,3774.0000,3773.2000,3772.8000,3771.0000,3775.4000,3775.6000,3776.0000,3776.8000,3777.0000,1,1,1,1,2,1,4,1,1,1
SF,IF2009,2020-05-06 09:32:38.600,3774.2000,20770,0,534145980.000,0,-,-,-,-,3774.4000,3774.2000,3774.0000,3773.2000,3772.8000,3775.6000,3776.0000,3776.8000,3777.0000,3778.2000,1,1,1,1,1,4,1,1,1,1
SF,IF2009,2020-05-06 09:32:39.100,3774.6000,20767,-3,550000740.000,14,5,9,多平,S,3774.4000,3774.0000,3773.2000,3772.8000,3771.0000,3776.0000,3776.8000,3777.0000,3778.2000,3778.8000,1,1,1,1,2,1,1,1,1,1
SF,IF2009,2020-05-06 09:32:39.600,3775.8000,20767,0,551133480.000,1,0,1,多换,S,3775.8000,3774.6000,3774.4000,3774.0000,3773.2000,3776.0000,3776.8000,3777.0000,3778.2000,3778.8000,1,3,1,1,1,1,1,1,1,1
SF,IF2009,2020-05-06 09:32:40.100,3774.6000,20763,-4,555664200.000,4,0,4,双平,S,3774.4000,3774.0000,3773.2000,3772.8000,3771.0000,3776.8000,3777.0000,3778.8000,3779.0000,3779.6000,1,1,1,1,2,1,1,1,3,3
SF,IF2009,2020-05-06 09:32:40.600,3774.6000,20763,0,555664200.000,0,-,-,-,-,3774.6000,3774.4000,3774.0000,3773.2000,3772.8000,3776.6000,3776.8000,3777.0000,3778.8000,3779.0000,2,1,1,1,1,1,1,1,1,3
SF,IF2009,2020-05-06 09:32:41.100,3774.6000,20763,0,555664200.000,0,-,-,-,-,3774.8000,3774.6000,3774.4000,3774.0000,3773.2000,3776.6000,3776.8000,3777.0000,3778.8000,3779.0000,2,2,1,1,1,1,1,1,1,3
SF,IF2009,2020-05-06 09:32:41.600,3774.6000,20763,0,555664200.000,0,-,-,-,-,3775.0000,3774.8000,3774.6000,3774.4000,3774.0000,3776.8000,3777.0000,3778.8000,3779.0000,3779.6000,2,2,1,1,1,1,1,1,3,3
SF,IF2009,2020-05-06 09:32:42.100,3774.6000,20763,0,555664200.000,0,-,-,-,-,3775.2000,3775.0000,3774.8000,3774.6000,3774.4000,3776.8000,3777.0000,3778.8000,3779.0000,3779.6000,1,1,1,1,1,1,1,1,3,3
SF,IF2009,2020-05-06 09:32:42.600,3776.8000,20762,-1,556797240.000,1,0,1,双平,S,3775.4000,3775.2000,3774.6000,3774.4000,3774.0000,3777.0000,3778.8000,3779.0000,3779.6000,3783.0000,3,1,1,1,1,1,1,3,3,3
SF,IF2009,2020-05-06 09:32:43.100,3775.6000,20762,0,557929920.000,1,0,1,多换,S,3775.4000,3775.2000,3774.6000,3774.4000,3774.0000,3777.0000,3778.8000,3779.0000,3779.6000,3783.0000,2,1,1,1,1,1,1,3,3,3
SF,IF2009,2020-05-06 09:32:43.600,3775.6000,20762,0,557929920.000,0,-,-,-,-,3775.4000,3775.2000,3774.8000,3774.6000,3774.4000,3777.0000,3778.8000,3779.0000,3779.6000,3783.0000,2,1,1,1,1,1,1,3,3,3
SF,IF2009,2020-05-06 09:32:44.600,3775.6000,20762,0,557929920.000,0,-,-,-,-,3775.6000,3775.4000,3775.2000,3774.8000,3774.6000,3777.0000,3778.8000,3779.0000,3779.6000,3783.0000,2,2,1,1,1,1,1,3,3,3
SF,IF2009,2020-05-06 09:32:45.100,3775.6000,20762,0,557929920.000,0,-,-,-,-,3775.8000,3775.6000,3775.2000,3774.8000,3774.6000,3777.0000,3778.8000,3779.0000,3779.6000,3783.0000,1,2,1,1,1,1,1,3,3,3
SF,IF2009,2020-05-06 09:32:45.600,3775.6000,20762,0,557929920.000,0,-,-,-,-,3776.0000,3775.8000,3775.6000,3775.2000,3774.8000,3776.8000,3777.0000,3778.8000,3779.0000,3779.6000,1,1,2,1,1,1,1,1,3,3
SF,IF2009,2020-05-06 09:32:46.100,3775.8000,20760,-2,560195460.000,2,0,2,双平,S,3775.6000,3774.8000,3774.6000,3773.2000,3773.0000,3777.0000,3778.8000,3779.0000,3779.6000,3783.0000,2,1,1,1,2,1,1,3,3,3
SF,IF2009,2020-05-06 09:32:46.600,3775.8000,20760,0,560195460.000,0,-,-,-,-,3775.6000,3774.8000,3773.2000,3773.0000,3772.8000,3776.8000,3777.0000,3778.8000,3779.0000,3779.6000,1,1,1,2,1,1,1,1,3,3
SF,IF2009,2020-05-06 09:32:47.100,3776.6000,20759,-1,562461120.000,2,0,2,多平,S,3775.8000,3774.8000,3773.2000,3773.0000,3772.8000,3776.6000,3777.0000,3778.8000,3779.0000,3779.6000,1,1,1,2,1,4,1,1,3,3
SF,IF2009,2020-05-06 09:32:47.600,3775.8000,20759,0,563593860.000,1,0,1,多换,S,3773.2000,3773.0000,3772.8000,3771.0000,3770.6000,3776.4000,3776.6000,3777.0000,3778.8000,3779.0000,1,2,1,2,1,1,3,1,1,3
SF,IF2009,2020-05-06 09:32:48.100,3775.8000,20759,0,563593860.000,0,-,-,-,-,3773.4000,3773.2000,3773.0000,3772.8000,3771.0000,3777.0000,3778.8000,3779.0000,3779.6000,3783.0000,2,1,2,1,2,1,1,3,3,3
SF,IF2009,2020-05-06 09:32:48.600,3775.8000,20759,0,563593860.000,0,-,-,-,-,3773.4000,3773.2000,3773.0000,3772.8000,3771.0000,3776.8000,3777.0000,3778.8000,3779.0000,3779.6000,2,1,2,1,2,2,1,1,3,3
SF,IF2009,2020-05-06 09:32:49.100,3775.8000,20759,0,563593860.000,0,-,-,-,-,3776.6000,3773.4000,3773.2000,3773.0000,3772.8000,3776.8000,3777.0000,3778.8000,3779.0000,3779.6000,2,2,1,2,1,2,1,1,3,3
SF,IF2009,2020-05-06 09:32:49.600,3776.6000,20759,0,565859820.000,2,1,1,多换,S,3773.4000,3773.2000,3773.0000,3772.8000,3771.0000,3776.6000,3776.8000,3777.0000,3778.8000,3779.0000,1,1,2,1,2,4,1,2,1,3
SF,IF2009,2020-05-06 09:32:50.100,3776.6000,20759,0,565859820.000,0,-,-,-,-,3773.4000,3773.2000,3773.0000,3772.8000,3771.0000,3776.4000,3777.0000,3778.8000,3779.0000,3779.6000,1,1,2,1,2,1,2,1,3,3
SF,IF2009,2020-05-06 09:32:50.600,3776.6000,20759,0,565859820.000,0,-,-,-,-,3773.6000,3773.4000,3773.2000,3773.0000,3772.8000,3776.0000,3776.4000,3777.0000,3778.8000,3779.0000,1,1,1,2,1,1,1,2,1,3
SF,IF2009,2020-05-06 09:32:51.100,3776.6000,20759,0,565859820.000,0,-,-,-,-,3775.0000,3773.8000,3773.6000,3773.2000,3773.0000,3776.0000,3776.2000,3776.4000,3777.0000,3778.8000,2,1,1,1,2,1,1,1,2,1
SF,IF2009,2020-05-06 09:32:51.600,3776.6000,20759,0,565859820.000,0,-,-,-,-,3775.2000,3775.0000,3773.6000,3773.2000,3773.0000,3776.2000,3777.0000,3778.8000,3779.0000,3779.6000,1,2,1,1,2,1,2,1,3,3
SF,IF2009,2020-05-06 09:32:52.100,3776.4000,20758,-1,566992740.000,1,0,1,双平,S,3775.2000,3775.0000,3773.6000,3773.2000,3773.0000,3777.0000,3778.8000,3779.0000,3779.6000,3783.0000,1,2,1,1,2,2,1,3,3,3
SF,IF2009,2020-05-06 09:32:52.600,3776.4000,20758,0,566992740.000,0,-,-,-,-,3775.2000,3775.0000,3773.6000,3773.2000,3773.0000,3776.8000,3777.0000,3778.8000,3779.0000,3779.6000,2,2,1,1,2,2,2,1,3,3
SF,IF2009,2020-05-06 09:32:53.100,3776.4000,20758,0,566992740.000,0,-,-,-,-,3775.4000,3775.2000,3775.0000,3773.6000,3773.2000,3777.0000,3778.8000,3779.0000,3779.6000,3783.0000,1,2,2,1,1,2,1,3,3,3
SF,IF2009,2020-05-06 09:32:53.600,3776.4000,20758,0,566992740.000,0,-,-,-,-,3775.6000,3775.4000,3775.2000,3775.0000,3773.6000,3777.0000,3778.8000,3779.0000,3779.6000,3783.0000,1,1,1,2,1,2,1,3,3,3
SF,IF2009,2020-05-06 09:32:54.100,3776.4000,20758,0,566992740.000,0,-,-,-,-,3775.8000,3775.6000,3775.4000,3775.2000,3775.0000,3777.0000,3778.8000,3779.0000,3779.6000,3783.0000,1,1,1,1,2,2,1,3,3,3
SF,IF2009,2020-05-06 09:32:54.600,3776.4000,20758,0,566992740.000,0,-,-,-,-,3775.8000,3775.6000,3775.4000,3775.2000,3775.0000,3776.8000,3777.0000,3778.8000,3779.0000,3779.6000,1,1,1,1,2,1,2,1,3,3
SF,IF2009,2020-05-06 09:32:55.100,3775.6000,20755,-3,570391080.000,3,0,3,双平,S,3775.4000,3775.2000,3775.0000,3773.6000,3773.2000,3777.0000,3778.8000,3779.0000,3779.6000,3783.0000,1,1,2,1,1,2,1,3,3,3
SF,IF2009,2020-05-06 09:32:55.600,3775.6000,20755,0,570391080.000,0,-,-,-,-,3775.6000,3775.4000,3775.2000,3775.0000,3773.6000,3776.8000,3777.0000,3778.8000,3779.0000,3779.6000,1,1,1,2,1,1,2,1,3,3
SF,IF2009,2020-05-06 09:32:56.100,3775.6000,20754,-1,571523760.000,1,0,1,双平,S,3775.4000,3775.2000,3775.0000,3773.6000,3773.2000,3777.0000,3778.8000,3779.0000,3779.4000,3779.6000,1,1,2,1,1,2,1,3,1,3
SF,IF2009,2020-05-06 09:32:56.600,3775.6000,20754,0,571523760.000,0,-,-,-,-,3775.6000,3775.4000,3775.2000,3775.0000,3773.6000,3777.0000,3778.8000,3779.0000,3779.4000,3779.6000,1,1,1,2,1,2,1,3,1,3
SF,IF2009,2020-05-06 09:32:57.100,3775.6000,20753,-1,572656440.000,1,0,1,双平,S,3775.6000,3775.4000,3775.2000,3775.0000,3773.6000,3777.0000,3778.8000,3779.0000,3779.4000,3779.6000,1,1,1,2,1,2,1,3,1,3
SF,IF2009,2020-05-06 09:32:57.600,3775.6000,20753,0,572656440.000,0,-,-,-,-,3775.6000,3775.4000,3775.2000,3775.0000,3773.2000,3777.0000,3778.8000,3779.0000,3779.4000,3779.6000,1,1,1,2,1,2,1,3,1,3
SF,IF2009,2020-05-06 09:32:58.100,3775.6000,20753,0,572656440.000,0,-,-,-,-,3775.6000,3775.2000,3775.0000,3773.2000,3773.0000,3776.8000,3777.0000,3778.8000,3779.0000,3779.4000,1,1,2,1,2,1,2,1,3,1
SF,IF2009,2020-05-06 09:32:58.600,3775.6000,20753,0,572656440.000,0,-,-,-,-,3775.6000,3775.2000,3775.0000,3773.2000,3773.0000,3777.0000,3778.8000,3779.0000,3779.4000,3779.6000,1,1,2,1,2,2,1,3,1,3
SF,IF2009,2020-05-06 09:32:59.100,3775.6000,20753,0,572656440.000,0,-,-,-,-,3775.6000,3775.2000,3775.0000,3773.2000,3773.0000,3777.0000,3778.8000,3779.0000,3779.4000,3779.6000,1,1,2,1,2,2,1,3,1,3
SF,IF2009,2020-05-06 09:32:59.600,3775.6000,20753,0,572656440.000,0,-,-,-,-,3775.6000,3775.2000,3775.0000,3773.2000,3773.0000,3777.0000,3778.8000,3779.0000,3779.4000,3779.6000,1,1,2,1,2,2,1,3,1,3
SF,IF2009,2020-05-06 09:33:00.100,3775.6000,20753,0,573789120.000,1,0,1,多换,S,3775.6000,3775.2000,3775.0000,3773.2000,3773.0000,3776.8000,3777.0000,3778.8000,3779.0000,3779.6000,1,1,3,1,2,1,2,1,3,3
SF,IF2009,2020-05-06 09:33:00.600,3775.6000,20753,0,573789120.000,0,-,-,-,-,3775.6000,3775.2000,3775.0000,3773.2000,3773.0000,3776.6000,3777.0000,3778.8000,3779.0000,3779.6000,1,1,3,1,2,1,2,1,3,3
SF,IF2009,2020-05-06 09:33:01.100,3775.6000,20753,0,573789120.000,0,-,-,-,-,3775.6000,3775.2000,3775.0000,3773.2000,3773.0000,3777.0000,3778.8000,3779.0000,3779.6000,3783.0000,1,1,3,1,2,2,1,3,3,3
SF,IF2009,2020-05-06 09:33:01.600,3776.8000,20754,1,574922160.000,1,1,0,双开,S,3776.0000,3775.8000,3775.6000,3775.2000,3775.0000,3777.0000,3778.8000,3779.0000,3779.6000,3783.0000,1,1,1,1,3,2,1,3,3,3
SF,IF2009,2020-05-06 09:33:02.100,3776.0000,20754,0,576054960.000,1,0,1,多换,S,3775.6000,3775.2000,3775.0000,3773.2000,3773.0000,3776.8000,3777.0000,3778.8000,3779.0000,3779.6000,1,1,3,1,2,1,2,1,3,3
SF,IF2009,2020-05-06 09:33:02.600,3776.0000,20754,0,576054960.000,0,-,-,-,-,3775.6000,3775.2000,3775.0000,3773.2000,3773.0000,3776.8000,3777.0000,3778.8000,3779.0000,3779.6000,1,1,3,1,2,1,2,1,3,3
SF,IF2009,2020-05-06 09:33:03.100,3776.0000,20754,0,576054960.000,0,-,-,-,-,3775.2000,3775.0000,3773.2000,3773.0000,3772.8000,3776.8000,3777.0000,3778.8000,3779.0000,3779.6000,1,3,1,2,1,1,2,1,3,3
SF,IF2009,2020-05-06 09:33:03.600,3776.0000,20754,0,576054960.000,0,-,-,-,-,3775.2000,3775.0000,3773.2000,3773.0000,3772.8000,3776.6000,3776.8000,3777.0000,3778.8000,3779.0000,1,3,1,2,1,2,1,2,1,3
SF,IF2009,2020-05-06 09:33:04.100,3776.0000,20754,0,576054960.000,0,-,-,-,-,3775.2000,3775.0000,3773.2000,3773.0000,3772.8000,3776.4000,3776.6000,3776.8000,3777.0000,3778.8000,1,3,1,2,1,2,1,1,2,1
SF,IF2009,2020-05-06 09:33:04.600,3776.0000,20754,0,576054960.000,0,-,-,-,-,3775.2000,3775.0000,3773.2000,3773.0000,3772.8000,3776.2000,3776.4000,3776.8000,3777.0000,3778.8000,1,3,1,2,1,3,1,1,2,1
SF,IF2009,2020-05-06 09:33:05.100,3775.2000,20754,0,577187520.000,1,0,1,多换,S,3775.0000,3773.2000,3773.0000,3772.8000,3771.0000,3776.0000,3776.2000,3776.4000,3777.0000,3778.8000,3,1,2,1,2,1,1,1,2,1
SF,IF2009,2020-05-06 09:33:05.600,3775.2000,20754,0,577187520.000,0,-,-,-,-,3775.0000,3773.2000,3773.0000,3772.8000,3771.0000,3776.2000,3776.4000,3777.0000,3778.8000,3779.0000,3,1,2,1,2,1,1,2,1,3
SF,IF2009,2020-05-06 09:33:06.100,3775.2000,20754,0,577187520.000,0,-,-,-,-,3775.0000,3773.2000,3773.0000,3772.8000,3771.0000,3777.0000,3778.8000,3779.0000,3779.6000,3783.0000,3,1,2,1,2,2,1,3,3,3
SF,IF2009,2020-05-06 09:33:06.600,3775.2000,20754,0,577187520.000,0,-,-,-,-,3775.2000,3775.0000,3773.2000,3773.0000,3772.8000,3776.8000,3777.0000,3778.8000,3779.0000,3779.6000,3,3,1,2,1,2,2,1,3,3
SF,IF2009,2020-05-06 09:33:07.100,3775.2000,20754,0,577187520.000,0,-,-,-,-,3775.4000,3775.2000,3775.0000,3773.2000,3773.0000,3776.8000,3777.0000,3778.8000,3779.0000,3779.6000,1,2,3,1,2,1,2,1,3,3
SF,IF2009,2020-05-06 09:33:07.600,3775.2000,20754,0,577187520.000,0,-,-,-,-,3775.6000,3775.2000,3775.0000,3773.2000,3773.0000,3777.0000,3778.8000,3779.0000,3779.6000,3783.0000,2,1,3,1,2,2,1,3,3,3
SF,IF2009,2020-05-06 09:33:08.100,3775.2000,20754,0,577187520.000,0,-,-,-,-,3775.8000,3775.6000,3775.2000,3775.0000,3773.2000,3777.0000,3778.8000,3779.0000,3779.6000,3783.0000,1,1,1,3,1,2,1,3,3,3
SF,IF2009,2020-05-06 09:33:08.600,3775.2000,20754,0,577187520.000,0,-,-,-,-,3776.0000,3775.2000,3775.0000,3773.2000,3773.0000,3777.0000,3778.8000,3779.0000,3779.6000,3783.0000,2,1,3,1,2,2,1,3,3,3
SF,IF2009,2020-05-06 09:33:09.100,3775.2000,20754,0,577187520.000,0,-,-,-,-,3776.0000,3775.2000,3775.0000,3773.2000,3773.0000,3777.0000,3778.8000,3779.0000,3779.6000,3783.0000,1,1,3,1,2,2,1,3,3,3
SF,IF2009,2020-05-06 09:33:10.600,3775.2000,20754,0,577187520.000,0,-,-,-,-,3776.2000,3776.0000,3775.2000,3775.0000,3773.2000,3777.0000,3778.8000,3779.0000,3779.6000,3783.0000,1,1,1,3,1,2,1,3,3,3
SF,IF2009,2020-05-06 09:33:11.100,3777.0000,20753,-1,579453720.000,2,0,2,多平,S,3776.0000,3775.2000,3775.0000,3773.2000,3773.0000,3778.8000,3779.0000,3779.6000,3783.0000,3784.0000,1,1,3,1,2,1,3,3,3,1
SF,IF2009,2020-05-06 09:33:11.600,3777.0000,20753,0,579453720.000,0,-,-,-,-,3776.2000,3776.0000,3775.0000,3773.2000,3773.0000,3778.6000,3778.8000,3779.0000,3779.6000,3783.0000,1,1,3,1,2,2,1,3,3,3
SF,IF2009,2020-05-06 09:33:12.100,3777.0000,20753,0,579453720.000,0,-,-,-,-,3776.4000,3776.2000,3775.0000,3773.2000,3773.0000,3778.6000,3778.8000,3779.0000,3779.6000,3783.0000,1,1,3,1,2,2,1,3,3,3
SF,IF2009,2020-05-06 09:33:12.600,3777.0000,20753,0,579453720.000,0,-,-,-,-,3776.6000,3776.4000,3775.0000,3773.2000,3773.0000,3778.6000,3778.8000,3779.0000,3779.6000,3783.0000,1,1,3,1,2,1,1,3,3,3
SF,IF2009,2020-05-06 09:33:13.100,3777.0000,20753,0,579453720.000,0,-,-,-,-,3776.8000,3776.6000,3775.0000,3773.2000,3773.0000,3778.8000,3779.0000,3779.6000,3783.0000,3784.0000,2,1,3,1,2,1,3,3,3,1
SF,IF2009,2020-05-06 09:33:13.600,3777.0000,20753,0,579453720.000,0,-,-,-,-,3777.0000,3776.8000,3775.0000,3773.2000,3773.0000,3778.8000,3779.0000,3779.6000,3783.0000,3784.0000,2,1,3,1,2,1,3,3,3,1
SF,IF2009,2020-05-06 09:33:14.100,3777.0000,20753,0,579453720.000,0,-,-,-,-,3777.2000,3777.0000,3775.0000,3773.2000,3773.0000,3778.8000,3779.0000,3779.6000,3783.0000,3784.0000,2,1,3,1,2,1,3,3,3,1
SF,IF2009,2020-05-06 09:33:14.600,3778.8000,20752,-1,580587360.000,1,0,1,双平,S,3777.4000,3777.2000,3777.0000,3775.0000,3773.2000,3779.0000,3779.6000,3783.0000,3784.0000,3785.0000,1,1,1,3,1,3,3,3,1,3
SF,IF2009,2020-05-06 09:33:15.100,3779.0000,20751,-1,581721060.000,1,0,1,双平,S,3777.6000,3777.0000,3775.0000,3773.2000,3773.0000,3779.0000,3779.6000,3783.0000,3784.0000,3785.0000,2,1,3,1,2,2,3,3,1,3
SF,IF2009,2020-05-06 09:33:15.600,3779.0000,20751,0,581721060.000,0,-,-,-,-,3777.8000,3777.6000,3777.0000,3775.0000,3773.2000,3779.0000,3779.6000,3783.0000,3784.0000,3785.0000,1,1,1,3,1,2,3,3,1,3
SF,IF2009,2020-05-06 09:33:16.100,3779.0000,20751,0,581721060.000,0,-,-,-,-,3778.0000,3777.6000,3777.0000,3775.0000,3773.2000,3779.0000,3779.6000,3783.0000,3784.0000,3785.0000,1,1,1,3,1,2,3,3,1,3
SF,IF2009,2020-05-06 09:33:16.600,3779.0000,20751,0,582854760.000,1,0,1,多换,S,3777.6000,3777.0000,3775.0000,3773.2000,3773.0000,3779.0000,3779.6000,3783.0000,3784.0000,3785.0000,1,1,3,1,4,1,3,3,1,3
SF,IF2009,2020-05-06 09:33:17.100,3779.0000,20751,0,582854760.000,0,-,-,-,-,3777.8000,3777.6000,3777.0000,3775.0000,3773.2000,3778.8000,3779.0000,3779.6000,3783.0000,3784.0000,1,1,1,3,1,1,1,3,3,1
SF,IF2009,2020-05-06 09:33:17.600,3779.0000,20751,0,582854760.000,0,-,-,-,-,3777.8000,3777.6000,3777.0000,3775.0000,3773.2000,3778.8000,3779.0000,3779.6000,3784.0000,3785.0000,1,1,1,3,1,1,1,3,1,3
SF,IF2009,2020-05-06 09:33:18.100,3779.0000,20751,0,582854760.000,0,-,-,-,-,3777.8000,3777.6000,3777.0000,3775.0000,3773.2000,3778.8000,3779.0000,3779.6000,3784.0000,3785.0000,1,1,1,8,1,1,1,3,1,3
SF,IF2009,2020-05-06 09:33:18.600,3777.8000,20750,-1,583988100.000,1,0,1,双平,S,3777.6000,3777.0000,3775.0000,3773.2000,3773.0000,3777.8000,3778.8000,3779.0000,3779.6000,3784.0000,1,1,8,1,4,1,1,1,3,1
SF,IF2009,2020-05-06 09:33:19.100,3777.8000,20749,-1,585121440.000,1,0,1,双平,S,3777.8000,3777.6000,3775.0000,3773.2000,3773.0000,3778.8000,3779.0000,3779.6000,3784.0000,3785.0000,1,1,8,1,4,1,1,3,1,3
SF,IF2009,2020-05-06 09:33:19.600,3777.8000,20749,0,585121440.000,0,-,-,-,-,3777.6000,3775.0000,3773.2000,3773.0000,3772.8000,3778.8000,3779.0000,3779.6000,3784.0000,3785.0000,1,3,1,4,1,1,1,3,1,3
SF,IF2009,2020-05-06 09:33:20.100,3777.8000,20749,0,585121440.000,0,-,-,-,-,3777.8000,3777.6000,3775.0000,3773.2000,3773.0000,3778.8000,3779.0000,3779.6000,3784.0000,3785.0000,6,1,3,1,4,1,1,3,1,3
SF,IF2009,2020-05-06 09:33:21.600,3778.8000,20750,1,586255080.000,1,1,0,双开,S,3777.8000,3777.6000,3775.0000,3774.8000,3773.2000,3779.0000,3779.6000,3784.0000,3785.0000,3786.8000,6,1,3,1,1,1,3,1,3,3
SF,IF2009,2020-05-06 09:33:22.100,3778.8000,20750,0,586255080.000,0,-,-,-,-,3778.0000,3777.8000,3775.0000,3774.8000,3773.2000,3779.0000,3779.6000,3784.0000,3785.0000,3786.8000,1,6,3,1,1,1,3,1,3,3
SF,IF2009,2020-05-06 09:33:22.600,3779.0000,20749,-1,587388780.000,1,0,1,双平,S,3778.0000,3777.8000,3775.0000,3774.8000,3773.2000,3779.6000,3784.0000,3785.0000,3786.8000,3788.8000,1,6,4,1,1,3,1,3,3,5
SF,IF2009,2020-05-06 09:33:23.100,3779.0000,20749,0,587388780.000,0,-,-,-,-,3778.0000,3777.8000,3775.0000,3774.8000,3773.6000,3779.6000,3784.0000,3785.0000,3786.8000,3788.8000,1,6,4,1,1,3,1,3,3,5
SF,IF2009,2020-05-06 09:33:24.600,3779.0000,20749,0,587388780.000,0,-,-,-,-,3778.0000,3777.8000,3775.0000,3774.8000,3773.6000,3779.4000,3779.6000,3784.0000,3785.0000,3786.8000,1,6,4,1,1,1,3,1,3,3
SF,IF2009,2020-05-06 09:33:25.100,3779.0000,20749,0,587388780.000,0,-,-,-,-,3778.8000,3778.0000,3777.8000,3775.0000,3774.8000,3779.4000,3779.6000,3784.0000,3785.0000,3786.8000,1,1,6,4,1,2,3,1,3,3
SF,IF2009,2020-05-06 09:33:25.600,3778.8000,20749,0,588522420.000,1,0,1,多换,S,3778.0000,3777.8000,3775.0000,3774.8000,3773.6000,3779.4000,3779.6000,3784.0000,3785.0000,3786.8000,1,6,4,1,1,2,3,1,3,3
SF,IF2009,2020-05-06 09:33:26.100,3778.8000,20749,0,588522420.000,0,-,-,-,-,3778.2000,3778.0000,3777.8000,3775.0000,3774.8000,3779.4000,3779.6000,3784.0000,3785.0000,3786.8000,1,1,6,4,1,1,3,1,3,3
SF,IF2009,2020-05-06 09:33:26.600,3779.4000,20748,-1,589656240.000,1,0,1,双平,S,3779.4000,3778.4000,3778.2000,3777.8000,3775.0000,3779.6000,3784.0000,3785.0000,3786.8000,3788.8000,1,1,1,6,4,3,1,3,3,5
SF,IF2009,2020-05-06 09:33:27.100,3779.4000,20747,-1,590790060.000,1,0,1,双平,S,3778.4000,3778.2000,3777.8000,3775.0000,3774.8000,3779.6000,3784.0000,3785.0000,3786.8000,3788.8000,1,1,6,4,1,3,1,3,3,5
SF,IF2009,2020-05-06 09:33:27.600,3779.4000,20747,0,590790060.000,0,-,-,-,-,3778.4000,3778.2000,3777.8000,3775.0000,3774.8000,3779.6000,3784.0000,3785.0000,3786.8000,3788.8000,1,1,6,4,1,3,1,3,3,5
SF,IF2009,2020-05-06 09:33:28.100,3778.4000,20746,-1,591923580.000,1,0,1,双平,S,3778.2000,3777.8000,3775.0000,3774.8000,3773.6000,3779.6000,3784.0000,3785.0000,3786.8000,3788.8000,1,6,4,1,1,3,1,3,3,5
SF,IF2009,2020-05-06 09:33:28.600,3778.2000,20745,-1,594190500.000,2,0,2,多平,S,3775.0000,3774.8000,3773.6000,3773.2000,3773.0000,3779.4000,3779.6000,3784.0000,3785.0000,3786.8000,4,1,1,1,4,3,3,1,3,3
SF,IF2009,2020-05-06 09:33:29.100,3778.2000,20745,0,594190500.000,0,-,-,-,-,3777.4000,3775.2000,3775.0000,3774.8000,3773.6000,3779.4000,3779.6000,3784.0000,3785.0000,3786.8000,1,2,4,1,1,3,3,1,3,3
SF,IF2009,2020-05-06 09:33:29.600,3778.2000,20745,0,594190500.000,0,-,-,-,-,3777.6000,3775.0000,3774.8000,3773.6000,3773.2000,3778.8000,3779.4000,3779.6000,3784.0000,3785.0000,2,4,1,1,1,1,3,3,1,3
SF,IF2009,2020-05-06 09:33:30.100,3778.8000,20745,0,595324140.000,1,0,1,多换,S,3777.6000,3775.0000,3774.8000,3773.6000,3773.2000,3779.0000,3779.4000,3779.6000,3784.0000,3785.0000,1,4,1,1,1,1,1,3,1,3
SF,IF2009,2020-05-06 09:33:30.600,3779.0000,20745,0,596457840.000,1,0,1,多换,S,3778.8000,3777.6000,3777.0000,3776.0000,3775.0000,3779.4000,3779.6000,3784.0000,3785.0000,3786.8000,2,1,1,1,4,1,4,1,3,3
SF,IF2009,2020-05-06 09:33:31.100,3778.8000,20745,0,598725120.000,2,1,1,多换,S,3777.6000,3777.0000,3776.0000,3775.0000,3774.8000,3779.4000,3779.6000,3781.6000,3784.0000,3785.0000,1,1,1,4,1,1,4,1,1,3
SF,IF2009,2020-05-06 09:33:31.600,3778.8000,20745,0,598725120.000,0,-,-,-,-,3777.6000,3777.0000,3776.0000,3775.0000,3774.8000,3779.4000,3779.6000,3781.6000,3784.0000,3785.0000,1,1,1,3,1,1,4,1,1,3
SF,IF2009,2020-05-06 09:33:32.100,3778.8000,20745,0,598725120.000,0,-,-,-,-,3777.6000,3777.0000,3775.0000,3774.8000,3773.6000,3779.4000,3779.6000,3781.6000,3784.0000,3785.0000,1,1,3,1,1,1,4,1,1,3
SF,IF2009,2020-05-06 09:33:32.600,3779.4000,20745,0,599858940.000,1,0,1,多换,S,3777.6000,3777.0000,3775.0000,3774.8000,3773.6000,3779.6000,3781.6000,3784.0000,3785.0000,3786.2000,1,1,3,1,1,4,1,1,3,2
SF,IF2009,2020-05-06 09:33:33.100,3779.4000,20745,0,599858940.000,0,-,-,-,-,3777.8000,3777.6000,3777.0000,3775.0000,3774.8000,3779.4000,3779.6000,3781.6000,3784.0000,3785.0000,2,1,1,3,1,1,4,1,1,3
SF,IF2009,2020-05-06 09:33:33.600,3778.0000,20744,-1,600992340.000,1,0,1,双平,S,3777.8000,3777.0000,3775.0000,3774.8000,3773.6000,3779.4000,3779.6000,3781.6000,3784.0000,3785.0000,2,1,3,1,1,1,4,1,1,3
SF,IF2009,2020-05-06 09:33:34.100,3779.4000,20744,0,602126160.000,1,0,1,多换,S,3778.0000,3777.8000,3777.0000,3775.0000,3774.8000,3779.2000,3779.6000,3781.6000,3784.0000,3785.0000,1,2,1,3,1,1,4,1,1,3
SF,IF2009,2020-05-06 09:33:34.600,3779.4000,20744,0,602126160.000,0,-,-,-,-,3778.2000,3778.0000,3777.8000,3777.0000,3775.0000,3779.6000,3781.6000,3784.0000,3785.0000,3786.2000,1,1,1,1,3,4,1,1,3,2
SF,IF2009,2020-05-06 09:33:35.100,3779.4000,20744,0,602126160.000,0,-,-,-,-,3779.0000,3778.0000,3777.8000,3777.0000,3775.0000,3779.4000,3779.6000,3781.6000,3784.0000,3785.0000,2,1,1,1,3,2,4,1,1,3
SF,IF2009,2020-05-06 09:33:35.600,3779.0000,20741,-3,606660960.000,4,0,4,多平,S,3778.0000,3777.0000,3775.0000,3774.8000,3773.6000,3779.4000,3779.6000,3781.6000,3784.0000,3785.0000,1,1,3,1,1,2,4,1,1,3
SF,IF2009,2020-05-06 09:33:36.100,3779.0000,20740,-1,607794660.000,1,0,1,双平,S,3778.2000,3778.0000,3777.0000,3775.0000,3774.8000,3779.4000,3779.6000,3781.6000,3784.0000,3785.0000,2,1,1,3,1,1,4,1,1,3
SF,IF2009,2020-05-06 09:33:36.600,3779.0000,20740,0,607794660.000,0,-,-,-,-,3778.4000,3778.2000,3777.0000,3775.0000,3774.8000,3779.6000,3781.6000,3784.0000,3785.0000,3786.8000,2,1,1,3,1,4,1,1,3,3
SF,IF2009,2020-05-06 09:33:37.100,3779.6000,20739,-1,608928540.000,1,0,1,双平,S,3778.6000,3778.4000,3778.2000,3777.0000,3775.0000,3779.6000,3781.6000,3784.0000,3784.6000,3785.0000,1,1,1,1,3,3,1,1,2,3
SF,IF2009,2020-05-06 09:33:37.600,3779.6000,20737,-2,612330180.000,3,0,3,多平,S,3778.4000,3778.2000,3777.0000,3775.0000,3774.8000,3781.6000,3784.0000,3784.6000,3785.0000,3786.8000,1,1,1,3,1,1,1,2,3,3
SF,IF2009,2020-05-06 09:33:38.100,3779.6000,20737,0,612330180.000,0,-,-,-,-,3779.6000,3778.6000,3778.4000,3777.0000,3775.0000,3781.0000,3781.4000,3781.6000,3784.0000,3784.6000,4,1,1,1,3,1,2,1,1,2
SF,IF2009,2020-05-06 09:33:38.600,3779.6000,20737,0,612330180.000,0,-,-,-,-,3779.6000,3778.6000,3778.4000,3777.0000,3775.0000,3780.8000,3781.0000,3781.4000,3781.6000,3784.0000,4,1,1,1,3,2,1,1,1,1
SF,IF2009,2020-05-06 09:33:39.100,3779.6000,20737,0,612330180.000,0,-,-,-,-,3779.6000,3778.6000,3778.4000,3777.0000,3775.0000,3780.6000,3780.8000,3781.0000,3781.4000,3781.6000,4,1,1,1,3,1,1,1,1,1
SF,IF2009,2020-05-06 09:33:39.600,3779.6000,20737,0,612330180.000,0,-,-,-,-,3779.6000,3778.6000,3778.4000,3777.0000,3776.0000,3780.8000,3781.0000,3781.4000,3781.6000,3784.0000,4,1,1,1,1,1,1,1,1,1
SF,IF2009,2020-05-06 09:33:40.100,3779.6000,20736,-1,613464060.000,1,0,1,双平,S,3779.6000,3778.6000,3778.4000,3777.0000,3776.0000,3780.4000,3780.6000,3780.8000,3781.0000,3781.4000,3,1,1,1,1,1,2,1,1,1
SF,IF2009,2020-05-06 09:33:40.600,3779.6000,20736,0,613464060.000,0,-,-,-,-,3779.6000,3778.6000,3778.4000,3777.0000,3776.8000,3780.4000,3780.6000,3780.8000,3781.0000,3781.4000,3,1,1,1,1,1,2,1,1,1
SF,IF2009,2020-05-06 09:33:41.600,3779.6000,20735,-1,614597940.000,1,0,1,双平,S,3779.6000,3778.6000,3778.4000,3777.0000,3776.8000,3780.4000,3780.6000,3780.8000,3781.0000,3781.4000,2,1,1,1,1,1,2,1,1,1
SF,IF2009,2020-05-06 09:33:42.100,3780.2000,20735,0,615732000.000,1,0,1,多换,S,3779.6000,3778.4000,3777.0000,3776.8000,3776.0000,3780.4000,3780.6000,3780.8000,3781.0000,3781.4000,2,1,1,1,1,1,2,1,1,1
SF,IF2009,2020-05-06 09:33:42.600,3779.6000,20734,-1,617999760.000,2,0,2,多平,S,3778.4000,3777.0000,3776.8000,3776.0000,3775.0000,3780.4000,3780.6000,3780.8000,3781.0000,3781.4000,1,1,1,1,5,1,2,1,1,1
SF,IF2009,2020-05-06 09:33:43.100,3780.2000,20734,0,619133820.000,1,0,1,多换,S,3779.6000,3778.4000,3777.0000,3776.8000,3776.0000,3780.2000,3780.4000,3780.6000,3781.0000,3781.6000,3,1,1,1,1,1,1,2,1,1
SF,IF2009,2020-05-06 09:33:43.600,3779.6000,20734,0,621401580.000,2,1,1,多换,S,3779.6000,3778.4000,3777.0000,3776.8000,3776.0000,3780.2000,3780.4000,3780.6000,3781.0000,3781.6000,1,1,1,1,1,1,1,2,1,1
SF,IF2009,2020-05-06 09:33:44.100,3779.6000,20734,0,622535460.000,1,0,1,多换,S,3778.4000,3777.0000,3776.8000,3776.0000,3775.0000,3779.6000,3780.0000,3780.2000,3780.4000,3780.6000,1,1,1,1,5,1,1,1,1,2
SF,IF2009,2020-05-06 09:33:44.600,3779.6000,20734,0,622535460.000,0,-,-,-,-,3778.4000,3777.0000,3776.8000,3776.0000,3775.0000,3779.6000,3780.0000,3780.2000,3780.4000,3781.6000,1,1,1,1,5,1,1,1,1,1
SF,IF2009,2020-05-06 09:33:45.100,3779.6000,20734,0,622535460.000,0,-,-,-,-,3778.4000,3777.0000,3776.8000,3776.0000,3775.0000,3779.6000,3780.2000,3780.4000,3781.6000,3784.0000,1,1,1,1,5,1,1,1,1,1
SF,IF2009,2020-05-06 09:33:45.600,3779.6000,20734,0,622535460.000,0,-,-,-,-,3778.4000,3777.0000,3776.8000,3776.0000,3775.0000,3779.4000,3779.6000,3780.2000,3781.6000,3784.0000,1,1,1,1,5,1,1,1,1,1
SF,IF2009,2020-05-06 09:33:46.100,3779.6000,20734,0,622535460.000,0,-,-,-,-,3778.4000,3777.0000,3776.8000,3776.0000,3775.0000,3779.4000,3779.6000,3780.2000,3781.6000,3784.0000,1,1,1,1,5,1,1,1,1,1
SF,IF2009,2020-05-06 09:33:46.600,3779.6000,20734,0,622535460.000,0,-,-,-,-,3777.0000,3776.8000,3776.0000,3775.0000,3774.8000,3779.2000,3779.4000,3779.6000,3781.4000,3781.6000,1,1,1,5,1,1,1,1,1,1
SF,IF2009,2020-05-06 09:33:47.100,3779.6000,20734,0,622535460.000,0,-,-,-,-,3777.2000,3777.0000,3776.8000,3776.0000,3775.0000,3779.2000,3779.4000,3779.6000,3781.4000,3781.6000,1,1,1,1,5,1,1,1,1,1
SF,IF2009,2020-05-06 09:33:47.600,3777.2000,20733,-1,625936140.000,3,1,2,多平,S,3777.0000,3776.8000,3776.0000,3775.0000,3774.8000,3779.4000,3779.6000,3781.4000,3781.6000,3784.0000,1,1,1,5,1,1,1,1,1,1
SF,IF2009,2020-05-06 09:33:48.100,3777.2000,20733,0,625936140.000,0,-,-,-,-,3777.4000,3777.2000,3777.0000,3776.8000,3776.0000,3779.0000,3779.2000,3779.6000,3780.0000,3781.4000,1,1,1,1,1,2,1,1,2,1
SF,IF2009,2020-05-06 09:33:48.600,3777.2000,20733,0,625936140.000,0,-,-,-,-,3777.6000,3777.4000,3777.0000,3776.8000,3776.0000,3779.0000,3779.2000,3779.4000,3779.6000,3780.0000,1,1,1,1,1,2,1,1,1,2
SF,IF2009,2020-05-06 09:33:49.100,3777.6000,20732,-1,628203120.000,2,0,2,多平,S,3777.4000,3777.0000,3776.8000,3776.0000,3775.0000,3777.6000,3779.0000,3779.2000,3779.4000,3779.6000,1,1,1,1,5,4,1,1,1,1
SF,IF2009,2020-05-06 09:33:49.600,3777.6000,20729,-3,632736240.000,4,0,4,多平,S,3777.6000,3777.4000,3777.0000,3776.8000,3776.0000,3779.0000,3779.2000,3779.4000,3779.6000,3781.4000,4,1,1,1,1,1,1,1,1,1
SF,IF2009,2020-05-06 09:33:50.100,3777.4000,20725,-4,637269180.000,4,0,4,双平,S,3777.0000,3776.8000,3776.0000,3775.0000,3774.8000,3777.4000,3777.6000,3779.2000,3779.4000,3779.6000,1,1,1,5,1,2,3,1,1,1
SF,IF2009,2020-05-06 09:33:50.600,3777.2000,20719,-6,648601500.000,10,2,8,多平,S,3777.0000,3776.8000,3776.0000,3775.0000,3774.8000,3779.2000,3779.4000,3779.6000,3781.4000,3781.6000,1,1,1,5,1,1,1,1,1,1
SF,IF2009,2020-05-06 09:33:51.100,3777.2000,20719,0,648601500.000,0,-,-,-,-,3777.2000,3777.0000,3776.8000,3776.0000,3775.0000,3779.2000,3779.4000,3779.6000,3781.4000,3781.6000,2,1,1,1,5,1,1,1,1,1
SF,IF2009,2020-05-06 09:33:51.600,3779.0000,20717,-2,655401000.000,6,2,4,多平,S,3779.0000,3777.4000,3777.0000,3776.8000,3776.0000,3779.2000,3779.4000,3779.6000,3781.4000,3781.6000,1,1,1,1,1,1,1,1,1,1
SF,IF2009,2020-05-06 09:33:52.100,3779.0000,20716,-1,657668400.000,2,0,2,多平,S,3777.4000,3777.0000,3776.8000,3776.0000,3775.0000,3779.2000,3779.4000,3779.6000,3781.4000,3781.6000,1,1,1,1,5,1,1,1,1,1
SF,IF2009,2020-05-06 09:33:52.600,3777.4000,20716,0,658801620.000,1,0,1,多换,S,3777.0000,3776.8000,3776.0000,3775.0000,3774.8000,3777.4000,3779.2000,3779.4000,3779.6000,3781.4000,1,1,1,5,1,4,1,1,1,1
SF,IF2009,2020-05-06 09:33:53.100,3777.4000,20713,-3,663334500.000,4,0,4,多平,S,3777.4000,3777.0000,3776.8000,3776.0000,3775.0000,3779.2000,3779.4000,3779.6000,3781.4000,3781.6000,1,1,1,1,5,1,1,1,1,1
SF,IF2009,2020-05-06 09:33:53.600,3779.2000,20712,-1,664468260.000,1,0,1,双平,S,3777.0000,3776.8000,3776.0000,3775.0000,3774.8000,3779.4000,3779.6000,3781.4000,3781.6000,3784.0000,1,1,1,5,1,1,1,1,1,1
SF,IF2009,2020-05-06 09:33:54.100,3777.0000,20711,-1,666734520.000,2,0,2,多平,S,3776.8000,3776.0000,3775.0000,3774.8000,3774.2000,3777.0000,3779.2000,3779.4000,3779.6000,3781.4000,1,1,5,1,3,3,2,1,1,1
SF,IF2009,2020-05-06 09:33:54.600,3776.8000,20708,-3,672399960.000,5,1,4,多平,S,3776.0000,3775.0000,3774.8000,3774.2000,3773.6000,3776.8000,3779.2000,3779.4000,3779.6000,3781.4000,1,5,1,3,1,3,3,1,1,1
SF,IF2009,2020-05-06 09:33:55.100,3776.8000,20705,-3,675799080.000,3,0,3,双平,S,3776.8000,3776.2000,3776.0000,3775.0000,3774.8000,3779.2000,3779.4000,3779.6000,3781.4000,3781.6000,1,2,2,5,1,3,1,1,1,1
SF,IF2009,2020-05-06 09:33:55.600,3777.0000,20704,-1,679199700.000,3,1,2,多平,S,3776.2000,3776.0000,3775.0000,3774.8000,3774.2000,3776.8000,3779.0000,3779.2000,3779.4000,3779.6000,2,2,5,1,3,4,1,1,1,1
SF,IF2009,2020-05-06 09:33:56.100,3779.0000,20702,-2,684865680.000,5,1,4,多平,S,3776.2000,3776.0000,3775.0000,3774.8000,3774.2000,3778.6000,3779.2000,3779.4000,3779.6000,3781.4000,2,2,5,1,3,1,1,1,1,1
SF,IF2009,2020-05-06 09:33:56.600,3776.2000,20699,-3,692796780.000,7,2,5,多平,S,3776.6000,3776.0000,3775.0000,3774.8000,3774.2000,3778.4000,3779.4000,3779.6000,3781.4000,3781.6000,1,2,5,1,3,2,1,1,1,1
SF,IF2009,2020-05-06 09:33:57.100,3778.4000,20700,1,695063820.000,2,1,1,空开,S,3776.6000,3776.4000,3776.0000,3775.0000,3774.8000,3778.4000,3779.4000,3779.6000,3781.4000,3781.6000,1,1,2,5,1,1,1,1,1,1
SF,IF2009,2020-05-06 09:33:57.600,3776.6000,20698,-2,698462820.000,3,0,3,多平,S,3776.4000,3776.0000,3775.0000,3774.8000,3774.6000,3776.6000,3778.2000,3778.4000,3779.4000,3779.6000,2,2,5,1,1,2,1,1,1,1
SF,IF2009,2020-05-06 09:33:58.100,3778.2000,20695,-3,701862240.000,3,0,3,双平,S,3776.8000,3776.4000,3776.0000,3775.2000,3775.0000,3778.4000,3779.4000,3779.6000,3779.8000,3781.4000,1,2,2,1,5,1,1,1,1,1
SF,IF2009,2020-05-06 09:33:58.600,3778.2000,20695,0,701862240.000,0,-,-,-,-,3776.8000,3776.4000,3776.0000,3775.0000,3774.8000,3778.2000,3778.4000,3779.4000,3779.6000,3779.8000,1,1,2,5,1,2,1,1,1,1
SF,IF2009,2020-05-06 09:33:59.100,3776.8000,20695,0,702995280.000,1,0,1,多换,S,3776.4000,3776.0000,3775.0000,3774.8000,3773.6000,3778.0000,3778.2000,3778.4000,3779.4000,3779.6000,1,2,6,1,1,1,2,1,1,1
SF,IF2009,2020-05-06 09:33:59.600,3777.8000,20693,-2,705261960.000,2,0,2,双平,S,3776.0000,3775.0000,3774.8000,3773.6000,3773.4000,3777.8000,3778.0000,3778.4000,3779.4000,3779.6000,2,6,1,1,1,2,1,1,1,1
SF,IF2009,2020-05-06 09:34:00.100,3777.8000,20693,0,705261960.000,0,-,-,-,-,3776.2000,3776.0000,3775.0000,3774.8000,3773.6000,3777.8000,3778.0000,3778.4000,3779.4000,3779.6000,1,2,6,1,1,3,1,1,1,1
SF,IF2009,2020-05-06 09:34:00.600,3776.2000,20692,-1,706394820.000,1,0,1,双平,S,3776.0000,3775.0000,3774.8000,3773.6000,3773.4000,3776.8000,3777.6000,3777.8000,3778.4000,3779.4000,2,6,1,1,1,1,7,4,2,1
SF,IF2009,2020-05-06 09:34:01.100,3776.0000,20690,-2,708660420.000,2,0,2,双平,S,3775.0000,3774.8000,3773.6000,3773.4000,3773.2000,3776.0000,3776.8000,3777.6000,3777.8000,3778.4000,5,1,1,1,1,1,1,8,3,2
SF,IF2009,2020-05-06 09:34:01.600,3776.0000,20689,-1,709793220.000,1,0,1,双平,S,3776.0000,3775.2000,3775.0000,3774.8000,3773.6000,3776.8000,3777.4000,3777.6000,3777.8000,3778.4000,2,3,5,1,1,1,1,5,4,1
SF,IF2009,2020-05-06 09:34:02.100,3776.6000,20689,0,713192160.000,3,1,2,多换,S,3776.0000,3775.2000,3775.0000,3774.8000,3773.6000,3776.6000,3776.8000,3777.4000,3777.6000,3777.8000,2,3,5,1,1,1,1,1,2,4
SF,IF2009,2020-05-06 09:34:02.600,3776.6000,20688,-1,714325140.000,1,0,1,双平,S,3776.6000,3776.2000,3775.2000,3775.0000,3774.8000,3776.8000,3777.6000,3777.8000,3778.4000,3779.4000,2,1,3,5,1,1,2,4,2,1
SF,IF2009,2020-05-06 09:34:03.100,3776.8000,20688,0,715458180.000,1,0,1,多换,S,3776.8000,3776.6000,3776.2000,3775.2000,3775.0000,3777.8000,3778.4000,3779.4000,3779.6000,3779.8000,1,2,1,3,5,3,2,1,1,1
SF,IF2009,2020-05-06 09:34:03.600,3777.6000,20688,0,718857480.000,3,1,2,多换,S,3776.2000,3775.0000,3774.8000,3773.6000,3773.4000,3777.6000,3777.8000,3779.4000,3779.6000,3779.8000,1,5,1,1,1,1,2,1,1,1
SF,IF2009,2020-05-06 09:34:04.100,3777.6000,20688,0,718857480.000,0,-,-,-,-,3776.4000,3776.2000,3775.0000,3774.8000,3773.6000,3777.6000,3777.8000,3779.4000,3779.6000,3779.8000,1,1,5,1,1,1,2,1,1,1
SF,IF2009,2020-05-06 09:34:04.600,3777.6000,20688,0,718857480.000,0,-,-,-,-,3776.4000,3776.2000,3775.0000,3774.8000,3773.6000,3777.8000,3779.4000,3779.6000,3779.8000,3781.4000,1,1,5,1,1,2,1,1,1,1
SF,IF2009,2020-05-06 09:34:05.100,3777.6000,20686,-2,721124040.000,2,0,2,双平,S,3776.6000,3775.0000,3774.8000,3773.6000,3773.4000,3777.6000,3777.8000,3779.4000,3779.6000,3779.8000,1,5,1,1,1,1,2,1,1,1
SF,IF2009,2020-05-06 09:34:05.600,3777.4000,20685,-1,723390240.000,2,0,2,多平,S,3775.0000,3774.8000,3773.6000,3773.4000,3773.2000,3777.4000,3777.6000,3777.8000,3779.4000,3779.6000,5,1,1,1,1,3,1,1,1,1
SF,IF2009,2020-05-06 09:34:06.100,3777.4000,20685,0,724523460.000,1,0,1,多换,S,3776.0000,3775.2000,3775.0000,3774.8000,3773.6000,3777.4000,3777.6000,3777.8000,3779.4000,3779.6000,1,2,5,1,1,2,1,1,1,1
SF,IF2009,2020-05-06 09:34:06.600,3777.4000,20685,0,724523460.000,0,-,-,-,-,3776.0000,3775.2000,3775.0000,3774.8000,3773.6000,3777.2000,3777.4000,3779.4000,3779.6000,3779.8000,1,2,5,2,1,1,3,1,1,1
SF,IF2009,2020-05-06 09:34:07.100,3776.0000,20684,-1,725656260.000,1,0,1,双平,S,3775.2000,3775.0000,3774.8000,3773.6000,3773.4000,3777.0000,3777.2000,3777.4000,3779.4000,3779.6000,1,5,2,1,1,2,2,1,1,1
SF,IF2009,2020-05-06 09:34:07.600,3776.0000,20684,0,725656260.000,0,-,-,-,-,3775.2000,3775.0000,3774.8000,3773.6000,3773.4000,3777.0000,3777.2000,3777.4000,3779.4000,3779.6000,1,5,2,1,1,3,3,1,1,1
SF,IF2009,2020-05-06 09:34:08.100,3776.0000,20684,0,725656260.000,0,-,-,-,-,3775.2000,3775.0000,3774.8000,3773.6000,3773.4000,3777.0000,3777.2000,3777.4000,3779.4000,3779.6000,1,5,2,1,1,2,2,1,1,1
SF,IF2009,2020-05-06 09:34:08.600,3777.2000,20686,2,732454380.000,6,4,2,空开,S,3775.0000,3774.8000,3773.6000,3773.4000,3773.2000,3779.4000,3779.6000,3779.8000,3780.0000,3781.4000,5,2,1,1,1,1,1,1,2,1
SF,IF2009,2020-05-06 09:34:09.100,3777.2000,20686,0,732454380.000,0,-,-,-,-,3775.2000,3775.0000,3774.8000,3773.6000,3773.4000,3776.8000,3779.2000,3779.4000,3779.6000,3781.4000,1,5,2,1,1,1,1,1,1,1
SF,IF2009,2020-05-06 09:34:09.600,3777.2000,20686,0,732454380.000,0,-,-,-,-,3775.6000,3775.2000,3775.0000,3774.8000,3773.6000,3779.2000,3779.4000,3779.6000,3781.4000,3781.6000,1,1,5,2,1,1,1,1,1,1
SF,IF2009,2020-05-06 09:34:10.100,3777.2000,20686,0,732454380.000,0,-,-,-,-,3775.8000,3775.6000,3775.0000,3774.8000,3773.6000,3777.8000,3779.0000,3779.2000,3779.4000,3779.6000,2,1,5,2,1,2,2,1,1,1
SF,IF2009,2020-05-06 09:34:10.600,3777.2000,20686,0,732454380.000,0,-,-,-,-,3775.8000,3775.6000,3775.0000,3774.8000,3773.6000,3777.6000,3777.8000,3779.0000,3779.4000,3779.6000,2,1,5,2,1,1,2,2,1,1
SF,IF2009,2020-05-06 09:34:11.100,3777.2000,20686,0,732454380.000,0,-,-,-,-,3776.0000,3775.8000,3775.0000,3774.8000,3773.6000,3777.6000,3779.4000,3779.6000,3781.4000,3781.6000,1,2,5,2,1,1,1,1,1,1
SF,IF2009,2020-05-06 09:34:11.600,3776.0000,20685,-1,733587180.000,1,0,1,双平,S,3775.8000,3775.0000,3774.8000,3773.6000,3773.4000,3777.6000,3779.4000,3779.6000,3780.4000,3781.4000,2,5,2,1,1,2,1,1,2,1
SF,IF2009,2020-05-06 09:34:12.100,3776.0000,20685,0,733587180.000,0,-,-,-,-,3777.0000,3775.8000,3775.0000,3774.8000,3773.6000,3777.4000,3777.6000,3779.4000,3779.6000,3780.4000,1,2,5,2,1,2,2,1,1,2
SF,IF2009,2020-05-06 09:34:12.600,3777.0000,20684,-1,734720280.000,1,0,1,双平,S,3775.8000,3775.0000,3774.8000,3773.6000,3773.4000,3777.4000,3777.6000,3779.4000,3779.6000,3781.4000,2,5,2,1,1,2,2,1,1,1
SF,IF2009,2020-05-06 09:34:13.100,3777.0000,20684,0,734720280.000,0,-,-,-,-,3775.8000,3775.0000,3774.8000,3773.6000,3773.4000,3777.4000,3777.6000,3779.2000,3779.4000,3779.6000,1,5,2,1,1,2,2,1,1,1
SF,IF2009,2020-05-06 09:34:13.600,3777.4000,20685,1,735853500.000,1,1,0,双开,S,3776.6000,3775.8000,3775.0000,3774.8000,3773.6000,3777.4000,3777.6000,3779.2000,3779.4000,3779.6000,3,1,5,2,1,1,2,1,1,1
SF,IF2009,2020-05-06 09:34:14.100,3777.4000,20685,0,735853500.000,0,-,-,-,-,3776.6000,3775.8000,3775.0000,3774.8000,3773.6000,3777.4000,3777.6000,3779.2000,3779.4000,3779.6000,3,1,6,2,1,1,2,1,1,1
SF,IF2009,2020-05-06 09:34:14.600,3777.4000,20685,0,736986720.000,1,0,1,多换,S,3777.4000,3776.6000,3775.8000,3775.0000,3774.8000,3777.6000,3779.2000,3779.4000,3779.6000,3781.4000,5,3,1,6,2,2,1,1,1,1
SF,IF2009,2020-05-06 09:34:15.100,3777.6000,20684,-1,743786100.000,6,2,4,多平,S,3776.6000,3775.8000,3775.0000,3774.8000,3773.6000,3779.2000,3779.4000,3779.6000,3781.4000,3781.6000,3,1,6,2,1,1,1,1,1,1
SF,IF2009,2020-05-06 09:34:15.600,3777.6000,20684,0,743786100.000,0,-,-,-,-,3776.8000,3776.6000,3775.0000,3774.8000,3773.6000,3779.0000,3779.2000,3779.4000,3779.6000,3781.4000,2,3,6,2,1,1,1,1,1,1
SF,IF2009,2020-05-06 09:34:16.100,3777.6000,20684,0,743786100.000,0,-,-,-,-,3777.0000,3776.8000,3776.6000,3775.0000,3774.8000,3779.0000,3779.2000,3779.4000,3779.6000,3781.4000,1,2,3,6,2,1,1,1,1,1
SF,IF2009,2020-05-06 09:34:16.600,3777.2000,20685,1,744919260.000,1,1,0,双开,S,3777.2000,3777.0000,3776.6000,3775.0000,3774.8000,3778.8000,3779.0000,3779.2000,3779.4000,3779.6000,1,1,3,6,2,1,1,1,1,1
SF,IF2009,2020-05-06 09:34:17.100,3777.2000,20685,0,744919260.000,0,-,-,-,-,3777.2000,3777.0000,3776.6000,3775.0000,3774.8000,3778.6000,3778.8000,3779.2000,3779.4000,3779.6000,1,1,3,6,2,1,1,1,1,1
SF,IF2009,2020-05-06 09:34:17.600,3777.2000,20685,0,744919260.000,0,-,-,-,-,3777.2000,3776.6000,3775.0000,3774.8000,3773.6000,3778.4000,3778.6000,3778.8000,3779.2000,3779.4000,1,3,6,2,1,1,1,1,1,1
SF,IF2009,2020-05-06 09:34:18.600,3777.2000,20684,-1,746052420.000,1,0,1,双平,S,3776.6000,3775.0000,3774.8000,3773.6000,3773.4000,3778.4000,3778.6000,3778.8000,3779.2000,3779.4000,3,6,2,1,1,1,1,1,1,1
