市场代码,合约代码,时间,最新,持仓,增仓,成交额,成交量,开仓,平仓,成交类型,方向,买一价,买二价,买三价,买四价,买五价,卖一价,卖二价,卖三价,卖四价,卖五价,买一量,买二量,买三量,买四量,买五量,卖一量,卖二量,卖三量,卖四量,卖五量
SF,IF2003,2020-01-16 09:29:00.100,4188.0000,44941,0,43974000.000,35.000,-,-,-,-,4187.8000,4187.6000,4185.8000,4185.4000,4185.2000,4188.0000,4189.0000,4189.4000,4189.6000,4190.0000,1,3,1,5,2,2,1,1,3,2
SF,IF2003,2020-01-16 09:30:00.100,4185.2000,44936,-5,72860460.000,23,9,14,多平,S,4184.0000,4183.0000,4181.0000,4179.4000,4178.0000,4185.0000,4187.0000,4187.8000,4188.0000,4189.0000,1,1,2,2,4,8,3,4,9,1
SF,IF2003,2020-01-16 09:30:00.600,4184.2000,44925,-11,89182560.000,13,1,12,多平,S,4185.0000,4184.2000,4184.0000,4183.0000,4181.0000,4187.0000,4187.8000,4188.0000,4189.0000,4189.4000,2,12,1,1,2,2,6,10,1,1
SF,IF2003,2020-01-16 09:30:01.100,4187.0000,44925,0,92950740.000,3,1,2,多换,S,4185.4000,4185.2000,4185.0000,4184.2000,4184.0000,4187.0000,4187.8000,4188.0000,4189.0000,4189.4000,6,9,17,2,1,1,6,8,1,1
SF,IF2003,2020-01-16 09:30:01.600,4186.2000,44923,-2,96718800.000,3,0,3,多平,S,4185.8000,4185.6000,4185.4000,4185.2000,4185.0000,4187.8000,4188.0000,4189.0000,4189.4000,4189.6000,1,7,6,5,19,6,8,1,1,3
SF,IF2003,2020-01-16 09:30:02.100,4186.2000,44923,0,96718800.000,0,-,-,-,-,4187.0000,4186.2000,4186.0000,4185.8000,4185.6000,4187.6000,4187.8000,4188.0000,4189.0000,4189.4000,2,7,7,1,3,1,6,8,1,1
SF,IF2003,2020-01-16 09:30:02.600,4186.2000,44922,-1,97974660.000,1,0,1,双平,S,4187.4000,4187.2000,4187.0000,4186.2000,4186.0000,4187.8000,4188.0000,4189.0000,4189.4000,4189.6000,5,4,2,1,1,6,8,1,1,3
SF,IF2003,2020-01-16 09:30:03.100,4186.2000,44915,-7,109277400.000,9,1,8,多平,S,4187.2000,4187.0000,4186.2000,4185.8000,4185.6000,4187.8000,4188.0000,4189.0000,4189.4000,4189.6000,1,2,1,1,3,6,8,1,1,3
SF,IF2003,2020-01-16 09:30:03.600,4187.0000,44914,-1,114301080.000,4,1,3,多平,S,4186.2000,4185.8000,4185.6000,4185.4000,4185.2000,4187.8000,4188.0000,4189.0000,4189.4000,4189.6000,3,1,3,1,3,6,8,1,1,3
SF,IF2003,2020-01-16 09:30:04.100,4187.8000,44911,-3,120582780.000,5,1,4,多平,S,4187.2000,4186.6000,4186.4000,4186.2000,4186.0000,4187.8000,4188.0000,4189.0000,4189.4000,4189.6000,2,4,6,2,2,1,8,1,1,3
SF,IF2003,2020-01-16 09:30:04.600,4187.4000,44911,0,128120580.000,6,3,3,多换,S,4187.4000,4186.6000,4186.4000,4186.2000,4186.0000,4188.0000,4189.0000,4189.4000,4189.6000,4190.0000,1,5,5,3,1,7,1,1,3,3
SF,IF2003,2020-01-16 09:30:05.100,4187.4000,44910,-1,129376800.000,1,0,1,双平,S,4187.6000,4187.4000,4186.6000,4186.4000,4186.2000,4188.0000,4189.0000,4189.4000,4189.6000,4190.0000,1,1,4,4,2,7,1,1,3,3
SF,IF2003,2020-01-16 09:30:05.600,4187.4000,44910,0,131889300.000,2,1,1,多换,S,4187.8000,4187.0000,4186.6000,4186.2000,4186.0000,4188.0000,4189.0000,4189.4000,4189.6000,4190.0000,2,1,4,2,1,8,1,1,3,3
SF,IF2003,2020-01-16 09:30:06.100,4188.0000,44904,-6,141940320.000,8,1,7,多平,S,4187.0000,4186.2000,4185.6000,4185.4000,4185.0000,4188.0000,4189.0000,4189.4000,4189.6000,4190.0000,1,2,2,1,5,3,1,1,3,3
SF,IF2003,2020-01-16 09:30:06.600,4188.0000,44903,-1,151991100.000,8,3,5,多平,S,4187.2000,4187.0000,4186.2000,4185.6000,4185.4000,4188.0000,4189.0000,4189.4000,4189.6000,4190.0000,2,1,2,2,1,3,1,1,3,3
SF,IF2003,2020-01-16 09:30:07.100,4188.0000,44903,0,151991100.000,0,-,-,-,-,4187.2000,4187.0000,4186.2000,4185.6000,4185.4000,4187.4000,4187.8000,4188.0000,4189.0000,4189.4000,2,1,2,2,1,1,2,3,1,1
SF,IF2003,2020-01-16 09:30:07.600,4187.8000,44902,-1,155760000.000,3,1,2,多平,S,4187.2000,4187.0000,4186.2000,4185.6000,4185.4000,4188.0000,4189.0000,4189.4000,4189.6000,4190.0000,2,1,2,2,1,3,1,1,3,3
SF,IF2003,2020-01-16 09:30:08.100,4188.0000,44902,0,159529200.000,3,1,2,多换,S,4188.0000,4187.2000,4187.0000,4186.2000,4185.6000,4189.0000,4189.4000,4189.6000,4190.0000,4191.2000,2,2,1,2,2,1,1,3,3,1
SF,IF2003,2020-01-16 09:30:08.600,4188.0000,44902,0,159529200.000,0,-,-,-,-,4188.2000,4188.0000,4187.6000,4187.0000,4186.2000,4188.8000,4189.0000,4189.4000,4189.6000,4190.0000,2,3,5,1,2,4,1,1,3,3
SF,IF2003,2020-01-16 09:30:09.100,4188.0000,44902,0,159529200.000,0,-,-,-,-,4188.2000,4188.0000,4187.6000,4187.0000,4186.2000,4188.8000,4189.0000,4189.4000,4189.6000,4190.0000,2,3,5,1,2,3,1,1,3,3
SF,IF2003,2020-01-16 09:30:09.600,4188.8000,44903,1,167068260.000,6,3,3,空开,S,4188.4000,4188.0000,4187.6000,4187.0000,4186.2000,4188.6000,4188.8000,4189.0000,4189.4000,4189.6000,1,3,5,1,2,1,1,1,1,3
SF,IF2003,2020-01-16 09:30:10.100,4188.2000,44903,0,177119280.000,8,4,4,多换,S,4187.6000,4187.0000,4186.2000,4185.6000,4185.4000,4188.6000,4189.0000,4189.4000,4189.6000,4190.0000,2,1,2,2,1,1,1,1,3,3
SF,IF2003,2020-01-16 09:30:10.600,4188.4000,44903,0,178375800.000,1,0,1,多换,S,4187.8000,4187.6000,4187.0000,4186.2000,4185.6000,4188.4000,4188.6000,4189.0000,4189.2000,4189.4000,1,2,1,2,2,1,1,1,1,1
SF,IF2003,2020-01-16 09:30:11.100,4188.6000,44903,0,187171080.000,7,3,4,多换,S,4187.8000,4187.6000,4187.0000,4186.2000,4185.6000,4188.6000,4189.0000,4189.2000,4189.4000,4189.6000,1,2,1,3,2,1,1,1,1,3
SF,IF2003,2020-01-16 09:30:11.600,4188.6000,44903,0,189684000.000,2,1,1,多换,S,4188.6000,4188.0000,4187.6000,4187.0000,4186.2000,4189.0000,4189.2000,4189.4000,4189.6000,4190.0000,1,1,2,1,3,1,1,1,3,3
SF,IF2003,2020-01-16 09:30:12.100,4188.8000,44902,-1,192197220.000,2,0,2,多平,S,4188.4000,4188.0000,4187.6000,4187.0000,4186.2000,4188.8000,4189.0000,4189.2000,4189.4000,4189.6000,1,1,2,1,3,1,1,1,1,3
SF,IF2003,2020-01-16 09:30:12.600,4188.0000,44901,-1,194710140.000,2,0,2,多平,S,4188.6000,4187.6000,4187.0000,4186.2000,4185.6000,4188.8000,4189.0000,4189.2000,4189.4000,4189.6000,2,2,1,3,2,1,1,1,1,3
SF,IF2003,2020-01-16 09:30:13.100,4188.8000,44900,-1,200992980.000,5,2,3,多平,S,4188.6000,4187.8000,4187.6000,4187.0000,4186.2000,4188.8000,4189.0000,4189.2000,4189.4000,4189.6000,1,1,2,1,3,1,1,1,1,3
SF,IF2003,2020-01-16 09:30:13.600,4187.8000,44898,-2,204762480.000,3,0,3,多平,S,4187.6000,4187.0000,4186.2000,4185.6000,4185.0000,4189.0000,4189.2000,4189.4000,4189.6000,4190.0000,2,1,3,2,5,1,1,1,3,3
SF,IF2003,2020-01-16 09:30:14.100,4187.8000,44898,0,204762480.000,0,-,-,-,-,4187.6000,4187.0000,4186.2000,4185.6000,4185.0000,4188.4000,4188.6000,4188.8000,4189.0000,4189.2000,2,1,3,2,5,2,2,2,3,1
SF,IF2003,2020-01-16 09:30:14.600,4188.2000,44898,0,212300880.000,6,3,3,多换,S,4187.0000,4186.2000,4185.6000,4185.0000,4184.2000,4188.4000,4188.6000,4188.8000,4189.0000,4189.2000,1,3,2,5,2,2,2,2,3,1
SF,IF2003,2020-01-16 09:30:15.100,4188.2000,44898,0,213557340.000,1,0,1,多换,S,4187.8000,4187.2000,4187.0000,4186.2000,4185.6000,4188.4000,4188.6000,4188.8000,4189.0000,4189.2000,1,1,1,3,2,2,1,2,3,2
SF,IF2003,2020-01-16 09:30:15.600,4187.8000,44898,0,214813680.000,1,0,1,多换,S,4187.2000,4187.0000,4186.2000,4185.6000,4185.0000,4188.4000,4188.6000,4188.8000,4189.0000,4189.2000,1,1,3,2,3,2,1,3,3,2
SF,IF2003,2020-01-16 09:30:16.100,4187.0000,44897,-1,217325940.000,2,0,2,多平,S,4186.2000,4185.6000,4185.0000,4183.0000,4180.4000,4187.4000,4187.8000,4188.0000,4188.2000,4188.4000,3,2,3,1,1,1,2,1,2,1
SF,IF2003,2020-01-16 09:30:16.600,4187.0000,44897,0,217325940.000,0,-,-,-,-,4186.4000,4186.2000,4185.6000,4185.0000,4183.0000,4187.4000,4187.8000,4188.0000,4188.2000,4188.4000,5,3,2,3,1,1,2,1,2,1
SF,IF2003,2020-01-16 09:30:17.100,4186.6000,44894,-3,221094360.000,3,0,3,双平,S,4186.4000,4186.2000,4185.6000,4185.0000,4183.0000,4187.0000,4188.2000,4188.4000,4188.6000,4188.8000,6,3,2,3,1,1,2,1,1,3
SF,IF2003,2020-01-16 09:30:17.600,4187.0000,44894,0,222350460.000,1,0,1,多换,S,4187.0000,4186.6000,4186.4000,4186.2000,4185.6000,4188.0000,4188.2000,4188.4000,4188.6000,4188.8000,1,2,5,5,2,1,2,1,1,3
SF,IF2003,2020-01-16 09:30:18.100,4187.0000,44894,0,223606560.000,1,0,1,多换,S,4187.2000,4186.6000,4186.4000,4186.2000,4185.6000,4188.0000,4188.2000,4188.4000,4188.6000,4188.8000,1,2,3,5,2,2,1,1,1,3
SF,IF2003,2020-01-16 09:30:18.600,4187.0000,44894,0,223606560.000,0,-,-,-,-,4187.2000,4186.4000,4186.2000,4185.6000,4185.0000,4188.0000,4188.2000,4188.4000,4188.6000,4188.8000,1,3,5,2,3,2,1,1,1,3
SF,IF2003,2020-01-16 09:30:19.100,4188.0000,44893,-1,224862960.000,1,0,1,双平,S,4187.4000,4187.2000,4186.4000,4186.2000,4185.6000,4188.0000,4188.4000,4188.6000,4188.8000,4189.0000,1,2,2,5,2,1,1,1,4,3
SF,IF2003,2020-01-16 09:30:19.600,4188.0000,44892,-1,226119360.000,1,0,1,双平,S,4187.6000,4187.4000,4187.2000,4186.2000,4185.6000,4188.4000,4188.6000,4188.8000,4189.0000,4189.2000,4,1,1,5,2,1,1,3,3,2
SF,IF2003,2020-01-16 09:30:20.100,4188.0000,44892,0,226119360.000,0,-,-,-,-,4187.6000,4187.4000,4187.2000,4186.2000,4185.6000,4188.0000,4188.4000,4188.6000,4188.8000,4189.0000,3,1,1,5,2,1,1,1,3,2
SF,IF2003,2020-01-16 09:30:20.600,4187.8000,44891,-1,227375700.000,1,0,1,双平,S,4187.6000,4187.4000,4187.2000,4186.2000,4185.6000,4188.0000,4188.4000,4188.6000,4188.8000,4189.0000,3,1,1,5,2,1,1,1,3,2
SF,IF2003,2020-01-16 09:30:21.100,4187.8000,44888,-3,231144840.000,3,0,3,双平,S,4187.8000,4187.6000,4186.2000,4185.6000,4185.0000,4188.4000,4188.6000,4188.8000,4189.0000,4189.2000,1,3,5,2,3,1,1,3,2,2
SF,IF2003,2020-01-16 09:30:21.600,4187.8000,44888,0,231144840.000,0,-,-,-,-,4188.0000,4187.8000,4187.6000,4186.2000,4185.6000,4188.4000,4188.6000,4188.8000,4189.0000,4189.2000,7,1,2,5,2,1,1,3,2,2
SF,IF2003,2020-01-16 09:30:22.100,4188.4000,44888,0,232401360.000,1,0,1,多换,S,4188.0000,4187.8000,4187.6000,4186.2000,4185.6000,4188.6000,4188.8000,4189.0000,4189.2000,4189.4000,6,1,2,5,2,1,3,2,2,1
SF,IF2003,2020-01-16 09:30:22.600,4188.2000,44889,1,233657820.000,1,1,0,双开,S,4188.4000,4188.2000,4188.0000,4187.8000,4186.2000,4188.6000,4188.8000,4189.0000,4189.2000,4189.4000,1,2,6,1,5,1,1,2,2,1
SF,IF2003,2020-01-16 09:30:23.100,4188.4000,44888,-1,237427440.000,3,1,2,多平,S,4188.2000,4188.0000,4186.2000,4185.6000,4185.0000,4188.4000,4188.8000,4189.0000,4189.2000,4189.4000,1,26,5,2,3,1,1,2,2,1
SF,IF2003,2020-01-16 09:30:23.600,4188.0000,44888,0,242453340.000,4,2,2,多换,S,4188.0000,4186.2000,4185.6000,4185.0000,4183.0000,4188.4000,4188.8000,4189.0000,4189.2000,4189.4000,24,5,2,3,1,1,1,2,2,1
SF,IF2003,2020-01-16 09:30:24.100,4188.2000,44887,-1,244966320.000,2,0,2,多平,S,4188.2000,4188.0000,4186.2000,4185.6000,4185.0000,4188.4000,4188.8000,4189.0000,4189.2000,4189.4000,1,24,5,2,3,2,1,1,2,1
SF,IF2003,2020-01-16 09:30:24.600,4188.0000,44886,-1,248735760.000,3,1,2,多平,S,4188.4000,4188.0000,4186.2000,4185.6000,4185.0000,4188.8000,4189.0000,4189.2000,4189.4000,4189.6000,2,23,5,2,3,1,1,2,1,3
SF,IF2003,2020-01-16 09:30:25.100,4188.4000,44886,0,251248800.000,2,1,1,多换,S,4188.0000,4186.2000,4185.6000,4185.0000,4183.0000,4188.2000,4188.4000,4188.8000,4189.0000,4189.2000,23,5,2,3,1,11,1,1,1,2
SF,IF2003,2020-01-16 09:30:25.600,4188.0000,44885,-1,256274400.000,4,1,3,多平,S,4188.0000,4186.2000,4185.6000,4185.0000,4183.0000,4188.2000,4188.4000,4188.8000,4189.0000,4189.2000,19,5,2,3,1,11,1,1,1,2
SF,IF2003,2020-01-16 09:30:26.100,4188.0000,44884,-1,257530800.000,1,0,1,双平,S,4188.0000,4186.2000,4185.6000,4185.0000,4183.0000,4188.2000,4188.4000,4188.6000,4188.8000,4189.0000,18,5,2,3,1,11,1,1,1,1
SF,IF2003,2020-01-16 09:30:26.600,4188.2000,44879,-5,263812860.000,5,0,5,双平,S,4188.0000,4186.2000,4185.6000,4185.0000,4183.0000,4188.2000,4188.4000,4188.6000,4188.8000,4189.0000,14,5,2,3,1,10,1,1,1,1
SF,IF2003,2020-01-16 09:30:27.100,4188.0000,44878,-1,266325720.000,2,0,2,多平,S,4188.0000,4186.2000,4185.6000,4185.0000,4183.0000,4188.2000,4188.4000,4188.6000,4188.8000,4189.0000,13,5,2,3,1,9,1,1,1,1
SF,IF2003,2020-01-16 09:30:27.600,4188.2000,44876,-2,268838640.000,2,0,2,双平,S,4188.0000,4186.2000,4185.6000,4185.0000,4183.0000,4188.2000,4188.4000,4188.6000,4188.8000,4189.0000,13,5,2,3,1,7,1,1,1,1
SF,IF2003,2020-01-16 09:30:28.100,4188.2000,44869,-7,278890320.000,8,0,8,多平,S,4188.2000,4188.0000,4186.2000,4185.6000,4185.0000,4188.4000,4188.6000,4188.8000,4189.0000,4189.2000,17,14,5,2,3,1,1,1,1,2
SF,IF2003,2020-01-16 09:30:28.600,4188.2000,44867,-2,283916160.000,4,1,3,多平,S,4188.2000,4188.0000,4186.2000,4185.6000,4185.0000,4188.4000,4188.6000,4188.8000,4189.0000,4189.2000,13,14,5,2,3,1,1,1,1,2
SF,IF2003,2020-01-16 09:30:29.100,4188.2000,44861,-6,291454920.000,6,0,6,双平,S,4188.2000,4188.0000,4186.2000,4185.6000,4185.0000,4188.4000,4188.6000,4188.8000,4189.0000,4189.2000,7,14,5,2,3,1,1,1,1,2
SF,IF2003,2020-01-16 09:30:29.600,4188.2000,44858,-3,295224300.000,3,0,3,双平,S,4188.2000,4188.0000,4186.2000,4185.6000,4185.0000,4188.4000,4188.6000,4188.8000,4189.0000,4189.2000,4,14,5,2,3,1,1,1,1,2
SF,IF2003,2020-01-16 09:30:30.100,4188.4000,44844,-14,314070660.000,15,0,15,多平,S,4188.0000,4186.2000,4185.6000,4185.0000,4183.0000,4188.6000,4188.8000,4189.0000,4189.2000,4189.4000,4,5,2,3,1,1,1,1,2,1
SF,IF2003,2020-01-16 09:30:30.600,4188.0000,44843,-1,315327060.000,1,0,1,双平,S,4188.0000,4186.2000,4185.6000,4185.0000,4183.0000,4188.6000,4188.8000,4189.0000,4189.2000,4189.4000,3,5,2,3,1,1,1,1,2,1
SF,IF2003,2020-01-16 09:30:31.100,4188.0000,44843,0,315327060.000,0,-,-,-,-,4188.0000,4186.2000,4185.6000,4185.0000,4183.0000,4188.6000,4188.8000,4189.0000,4189.2000,4189.4000,3,5,2,3,1,1,1,1,2,1
SF,IF2003,2020-01-16 09:30:31.600,4188.0000,44841,-2,317839860.000,2,0,2,双平,S,4188.0000,4186.2000,4185.6000,4185.0000,4183.0000,4188.6000,4188.8000,4189.0000,4189.2000,4189.4000,1,3,2,3,1,1,1,1,2,1
SF,IF2003,2020-01-16 09:30:32.100,4188.0000,44841,0,319096260.000,1,0,1,多换,S,4188.0000,4186.2000,4185.6000,4185.0000,4183.0000,4188.6000,4188.8000,4189.0000,4189.2000,4189.4000,1,3,2,3,1,1,1,1,2,1
SF,IF2003,2020-01-16 09:30:32.600,4188.0000,44840,-1,320352660.000,1,0,1,双平,S,4186.2000,4185.6000,4185.0000,4183.0000,4180.4000,4188.4000,4188.6000,4188.8000,4189.0000,4189.2000,3,2,3,1,1,2,1,1,2,2
SF,IF2003,2020-01-16 09:30:33.100,4188.0000,44840,0,320352660.000,0,-,-,-,-,4187.8000,4186.8000,4186.6000,4186.4000,4186.2000,4188.0000,4188.2000,4188.4000,4188.6000,4188.8000,1,1,5,6,3,2,2,2,2,1
SF,IF2003,2020-01-16 09:30:33.600,4188.2000,44836,-4,326634840.000,5,0,5,多平,S,4188.0000,4187.8000,4186.8000,4186.6000,4186.4000,4188.4000,4188.6000,4188.8000,4189.0000,4189.2000,2,1,1,5,3,2,2,1,2,1
SF,IF2003,2020-01-16 09:30:34.100,4188.4000,44836,0,327891360.000,1,0,1,多换,S,4188.2000,4188.0000,4187.8000,4186.8000,4186.6000,4188.4000,4188.6000,4188.8000,4189.0000,4189.2000,1,3,1,1,5,1,2,1,2,1
SF,IF2003,2020-01-16 09:30:34.600,4188.4000,44836,0,330404400.000,2,1,1,多换,S,4188.4000,4188.2000,4188.0000,4187.8000,4186.8000,4188.6000,4188.8000,4189.0000,4189.2000,4189.4000,1,1,6,1,1,2,1,2,1,1
SF,IF2003,2020-01-16 09:30:35.100,4188.4000,44835,-1,334174080.000,3,1,2,多平,S,4188.2000,4188.0000,4187.8000,4186.8000,4186.6000,4188.8000,4189.0000,4189.2000,4189.4000,4189.6000,1,6,1,1,5,1,2,1,1,3
SF,IF2003,2020-01-16 09:30:35.600,4188.4000,44835,0,334174080.000,0,-,-,-,-,4188.2000,4188.0000,4187.8000,4186.8000,4186.6000,4188.8000,4189.0000,4189.2000,4189.4000,4189.6000,1,6,1,1,5,1,2,1,1,3
SF,IF2003,2020-01-16 09:30:36.100,4188.2000,44834,-1,335430540.000,1,0,1,双平,S,4188.4000,4188.0000,4187.8000,4186.6000,4186.4000,4188.8000,4189.0000,4189.2000,4189.4000,4189.6000,1,7,2,5,1,1,3,1,1,3
SF,IF2003,2020-01-16 09:30:36.600,4188.0000,44834,0,337943460.000,2,1,1,多换,S,4188.0000,4187.8000,4186.6000,4186.4000,4186.2000,4188.2000,4188.4000,4188.8000,4189.0000,4189.2000,6,2,5,1,3,1,2,1,3,1
SF,IF2003,2020-01-16 09:30:37.100,4188.0000,44834,0,341712720.000,3,1,2,多换,S,4188.0000,4187.8000,4186.6000,4186.4000,4186.2000,4188.2000,4188.8000,4189.0000,4189.2000,4189.4000,4,2,5,1,3,1,1,3,1,1
SF,IF2003,2020-01-16 09:30:37.600,4188.0000,44834,0,345482040.000,3,1,2,多换,S,4188.0000,4187.8000,4186.6000,4186.4000,4186.2000,4188.8000,4189.0000,4189.2000,4189.4000,4189.6000,3,2,5,1,3,1,3,1,1,3
SF,IF2003,2020-01-16 09:30:38.100,4188.8000,44833,-1,347995260.000,2,0,2,多平,S,4188.8000,4188.2000,4188.0000,4187.8000,4187.0000,4189.0000,4189.2000,4189.4000,4189.6000,4190.0000,8,1,3,1,1,3,2,1,3,4
SF,IF2003,2020-01-16 09:30:38.600,4188.0000,44825,-8,360561240.000,10,1,9,多平,S,4188.0000,4187.8000,4187.0000,4186.6000,4186.4000,4188.6000,4188.8000,4189.0000,4189.2000,4189.4000,2,1,1,5,1,1,2,3,2,1
SF,IF2003,2020-01-16 09:30:39.100,4188.0000,44825,0,360561240.000,0,-,-,-,-,4188.0000,4187.8000,4187.0000,4186.6000,4186.4000,4188.8000,4189.0000,4189.2000,4189.4000,4189.6000,2,1,1,5,1,2,3,2,1,3
SF,IF2003,2020-01-16 09:30:39.600,4187.8000,44823,-2,365586780.000,4,1,3,多平,S,4187.0000,4186.4000,4186.2000,4186.0000,4185.6000,4188.6000,4188.8000,4189.0000,4189.2000,4189.4000,1,1,3,1,1,1,3,3,2,1
SF,IF2003,2020-01-16 09:30:40.100,4189.0000,44816,-7,374383380.000,7,0,7,双平,S,4189.0000,4187.2000,4187.0000,4186.2000,4186.0000,4189.2000,4189.4000,4189.6000,4189.8000,4190.0000,3,2,1,3,1,2,1,3,2,4
SF,IF2003,2020-01-16 09:30:40.600,4189.0000,44813,-3,378153480.000,3,0,3,双平,S,4187.2000,4187.0000,4186.2000,4186.0000,4185.6000,4188.6000,4188.8000,4189.0000,4189.2000,4189.4000,2,1,3,1,1,1,2,3,2,1
SF,IF2003,2020-01-16 09:30:41.100,4189.0000,44813,0,378153480.000,0,-,-,-,-,4187.2000,4187.0000,4186.2000,4186.0000,4185.6000,4188.4000,4188.6000,4189.0000,4189.2000,4189.4000,2,1,3,1,1,1,1,4,2,1
SF,IF2003,2020-01-16 09:30:41.600,4188.4000,44812,-1,380666520.000,2,0,2,多平,S,4187.4000,4187.2000,4187.0000,4186.2000,4186.0000,4189.0000,4189.2000,4189.4000,4189.6000,4189.8000,1,1,1,3,1,4,2,1,3,2
SF,IF2003,2020-01-16 09:30:42.100,4188.4000,44812,0,380666520.000,0,-,-,-,-,4188.6000,4187.4000,4187.2000,4187.0000,4186.2000,4188.8000,4189.0000,4189.2000,4189.4000,4189.6000,1,2,1,1,3,2,3,2,1,3
SF,IF2003,2020-01-16 09:30:42.600,4188.6000,44811,-1,381923100.000,1,0,1,双平,S,4187.6000,4187.4000,4187.0000,4186.2000,4186.0000,4188.6000,4188.8000,4189.2000,4189.4000,4189.6000,2,1,1,3,1,3,1,2,1,3
SF,IF2003,2020-01-16 09:30:43.100,4187.8000,44810,-1,383179440.000,1,0,1,双平,S,4187.6000,4187.0000,4186.2000,4186.0000,4185.6000,4188.6000,4188.8000,4189.2000,4189.4000,4189.6000,2,1,3,1,1,3,1,2,1,3
SF,IF2003,2020-01-16 09:30:43.600,4187.8000,44810,0,383179440.000,0,-,-,-,-,4187.0000,4186.2000,4185.6000,4185.0000,4183.0000,4188.4000,4188.6000,4188.8000,4189.2000,4189.4000,1,3,1,3,1,1,4,1,2,1
SF,IF2003,2020-01-16 09:30:44.100,4187.8000,44810,0,383179440.000,0,-,-,-,-,4187.2000,4187.0000,4186.2000,4185.6000,4185.0000,4187.6000,4188.4000,4188.6000,4188.8000,4189.2000,1,1,3,1,3,1,1,4,1,2
SF,IF2003,2020-01-16 09:30:44.600,4187.8000,44810,0,383179440.000,0,-,-,-,-,4187.0000,4186.2000,4185.6000,4185.0000,4183.0000,4187.6000,4188.4000,4188.6000,4188.8000,4189.0000,1,3,1,3,1,1,1,4,1,1
SF,IF2003,2020-01-16 09:30:45.100,4187.8000,44810,0,383179440.000,0,-,-,-,-,4187.0000,4186.2000,4185.6000,4185.0000,4183.0000,4187.6000,4188.4000,4188.6000,4188.8000,4189.0000,1,3,1,3,1,1,1,5,1,1
SF,IF2003,2020-01-16 09:30:45.600,4187.8000,44810,0,384435780.000,1,0,1,多换,S,4187.0000,4186.2000,4185.6000,4185.0000,4183.0000,4188.6000,4188.8000,4189.0000,4189.2000,4189.4000,1,3,1,3,1,5,1,1,2,1
SF,IF2003,2020-01-16 09:30:46.100,4187.0000,44809,-1,385691880.000,1,0,1,双平,S,4186.2000,4185.6000,4185.0000,4183.0000,4181.0000,4188.0000,4188.4000,4188.6000,4189.0000,4189.2000,3,1,3,1,1,1,5,5,1,2
SF,IF2003,2020-01-16 09:30:46.600,4187.0000,44809,0,385691880.000,0,-,-,-,-,4186.4000,4186.2000,4185.6000,4185.0000,4183.0000,4187.8000,4188.0000,4188.4000,4188.6000,4189.0000,1,3,1,3,1,1,2,3,5,1
SF,IF2003,2020-01-16 09:30:47.100,4187.0000,44809,0,385691880.000,0,-,-,-,-,4186.6000,4186.2000,4185.6000,4185.0000,4183.0000,4187.8000,4188.0000,4188.4000,4188.6000,4189.0000,1,3,1,3,1,2,1,3,5,1
SF,IF2003,2020-01-16 09:30:47.600,4186.6000,44809,0,386947860.000,1,0,1,多换,S,4186.2000,4185.6000,4185.0000,4183.0000,4181.0000,4187.6000,4187.8000,4188.0000,4188.4000,4188.6000,3,1,3,1,1,1,2,1,2,5
SF,IF2003,2020-01-16 09:30:48.100,4186.6000,44809,0,386947860.000,0,-,-,-,-,4186.2000,4185.6000,4185.0000,4183.0000,4181.0000,4187.4000,4187.6000,4188.0000,4188.4000,4188.6000,3,1,3,1,1,1,2,1,2,5
SF,IF2003,2020-01-16 09:30:48.600,4186.6000,44809,0,386947860.000,0,-,-,-,-,4186.2000,4185.6000,4185.0000,4183.0000,4181.0000,4187.4000,4187.6000,4188.0000,4188.4000,4188.6000,3,1,3,1,1,2,2,2,2,5
SF,IF2003,2020-01-16 09:30:49.100,4186.6000,44809,0,386947860.000,0,-,-,-,-,4186.2000,4185.6000,4185.0000,4183.0000,4181.0000,4187.2000,4187.4000,4187.6000,4188.0000,4188.4000,3,1,3,1,1,1,2,1,2,2
SF,IF2003,2020-01-16 09:30:49.600,4187.0000,44808,-1,388203960.000,1,0,1,双平,S,4186.2000,4185.0000,4183.0000,4181.0000,4180.4000,4187.2000,4187.4000,4187.6000,4188.0000,4188.4000,3,3,1,1,1,1,1,1,2,2
SF,IF2003,2020-01-16 09:30:50.100,4186.2000,44806,-2,391971540.000,3,0,3,多平,S,4185.0000,4183.0000,4181.0000,4180.4000,4180.0000,4186.2000,4187.2000,4187.4000,4187.6000,4188.0000,3,1,1,1,2,5,1,1,1,2
SF,IF2003,2020-01-16 09:30:50.600,4186.2000,44805,-1,394482960.000,2,0,2,多平,S,4185.2000,4185.0000,4183.0000,4181.0000,4180.4000,4186.2000,4187.2000,4187.6000,4188.0000,4188.4000,3,3,1,1,1,4,1,1,2,2
SF,IF2003,2020-01-16 09:30:51.100,4186.2000,44801,-4,400762260.000,5,0,5,多平,S,4186.2000,4185.2000,4185.0000,4183.0000,4181.0000,4187.6000,4188.0000,4188.4000,4188.6000,4189.0000,1,4,3,1,1,1,3,2,5,1
SF,IF2003,2020-01-16 09:30:51.600,4186.2000,44801,0,400762260.000,0,-,-,-,-,4187.2000,4186.4000,4186.2000,4185.2000,4185.0000,4187.4000,4187.6000,4188.0000,4188.4000,4188.6000,1,1,1,3,3,2,1,3,1,5
SF,IF2003,2020-01-16 09:30:52.100,4187.2000,44801,0,402018420.000,1,0,1,多换,S,4186.4000,4186.2000,4185.2000,4185.0000,4183.0000,4187.2000,4187.6000,4188.0000,4188.4000,4188.6000,1,1,2,3,1,1,1,3,1,2
SF,IF2003,2020-01-16 09:30:52.600,4186.6000,44800,-1,403274400.000,1,0,1,双平,S,4186.6000,4186.4000,4186.2000,4185.2000,4185.0000,4187.6000,4188.0000,4188.4000,4188.6000,4189.0000,1,1,1,1,2,1,3,1,2,1
SF,IF2003,2020-01-16 09:30:53.100,4186.6000,44799,-1,404530380.000,1,0,1,双平,S,4186.2000,4185.2000,4185.0000,4183.0000,4181.0000,4188.0000,4188.4000,4188.6000,4189.0000,4189.2000,1,1,2,1,1,3,1,2,1,1
SF,IF2003,2020-01-16 09:30:53.600,4186.6000,44799,0,404530380.000,0,-,-,-,-,4186.4000,4186.2000,4185.2000,4185.0000,4183.0000,4187.8000,4188.0000,4188.4000,4188.6000,4189.0000,1,1,1,2,1,3,3,1,2,1
SF,IF2003,2020-01-16 09:30:54.100,4186.6000,44798,-1,405786360.000,1,0,1,双平,S,4186.4000,4186.2000,4185.2000,4185.0000,4183.0000,4186.6000,4187.8000,4188.0000,4188.4000,4188.6000,1,1,1,2,1,1,3,3,1,1
SF,IF2003,2020-01-16 09:30:54.600,4186.6000,44797,-1,410810280.000,4,1,3,多平,S,4186.6000,4186.4000,4186.2000,4185.2000,4185.0000,4187.8000,4188.0000,4188.4000,4188.6000,4189.0000,3,1,1,1,2,2,4,1,1,1
SF,IF2003,2020-01-16 09:30:55.100,4186.6000,44797,0,410810280.000,0,-,-,-,-,4186.6000,4186.2000,4185.2000,4185.0000,4183.0000,4187.6000,4187.8000,4188.0000,4188.4000,4188.6000,3,1,1,2,1,1,2,4,1,1
SF,IF2003,2020-01-16 09:30:55.600,4186.6000,44797,0,410810280.000,0,-,-,-,-,4186.6000,4186.2000,4185.2000,4183.0000,4181.0000,4187.6000,4187.8000,4188.0000,4188.2000,4188.4000,3,1,1,1,1,2,2,4,1,1
SF,IF2003,2020-01-16 09:30:56.600,4186.6000,44796,-1,412066260.000,1,0,1,双平,S,4186.6000,4186.2000,4185.2000,4183.0000,4181.0000,4187.6000,4187.8000,4188.0000,4188.2000,4188.4000,2,1,1,1,1,2,2,4,1,1
SF,IF2003,2020-01-16 09:30:57.100,4186.6000,44796,0,412066260.000,0,-,-,-,-,4186.2000,4185.2000,4183.0000,4181.0000,4180.4000,4187.6000,4187.8000,4188.0000,4188.2000,4188.4000,1,1,1,1,1,2,2,4,1,1
SF,IF2003,2020-01-16 09:30:57.600,4186.6000,44796,0,412066260.000,0,-,-,-,-,4186.2000,4185.2000,4183.0000,4181.0000,4180.4000,4186.6000,4187.4000,4187.6000,4187.8000,4188.0000,1,1,1,1,1,1,3,2,1,4
SF,IF2003,2020-01-16 09:30:58.100,4186.6000,44796,0,412066260.000,0,-,-,-,-,4186.2000,4185.2000,4183.0000,4181.0000,4180.4000,4186.6000,4187.4000,4187.8000,4188.0000,4188.2000,1,1,1,1,1,1,3,1,4,1
SF,IF2003,2020-01-16 09:30:58.600,4186.6000,44796,0,412066260.000,0,-,-,-,-,4186.2000,4185.2000,4183.0000,4181.0000,4180.4000,4186.6000,4187.4000,4187.8000,4188.0000,4188.2000,1,1,1,1,1,2,3,1,4,1
SF,IF2003,2020-01-16 09:30:59.600,4186.6000,44796,0,412066260.000,0,-,-,-,-,4186.2000,4185.2000,4183.0000,4181.0000,4180.4000,4186.6000,4187.4000,4188.0000,4188.2000,4188.4000,2,1,1,1,1,2,3,4,1,1
SF,IF2003,2020-01-16 09:31:00.100,4186.6000,44795,-1,414578220.000,2,0,2,多平,S,4186.6000,4186.2000,4185.2000,4183.0000,4181.0000,4187.4000,4188.0000,4188.2000,4188.4000,4188.6000,3,2,1,1,1,3,4,1,1,1
SF,IF2003,2020-01-16 09:31:00.600,4187.4000,44793,-2,418346880.000,3,0,3,多平,S,4186.6000,4186.2000,4185.2000,4183.0000,4181.0000,4187.2000,4188.0000,4188.2000,4188.4000,4188.6000,4,1,1,1,1,3,4,1,1,1
SF,IF2003,2020-01-16 09:31:01.100,4187.2000,44792,-1,422115360.000,3,1,2,多平,S,4187.2000,4186.6000,4186.2000,4185.2000,4183.0000,4188.0000,4188.2000,4188.6000,4189.0000,4189.2000,2,2,1,1,1,4,1,1,1,1
SF,IF2003,2020-01-16 09:31:01.600,4187.2000,44792,0,422115360.000,0,-,-,-,-,4187.4000,4187.2000,4186.6000,4186.2000,4185.2000,4187.8000,4188.0000,4188.2000,4188.6000,4189.0000,1,1,1,1,1,1,4,1,1,1
SF,IF2003,2020-01-16 09:31:02.100,4187.4000,44790,-2,424627800.000,2,0,2,双平,S,4186.6000,4186.2000,4185.2000,4183.0000,4181.0000,4187.8000,4188.0000,4188.2000,4188.6000,4189.0000,1,1,1,1,1,1,4,1,1,1
SF,IF2003,2020-01-16 09:31:02.600,4187.4000,44790,0,424627800.000,0,-,-,-,-,4186.8000,4186.6000,4186.2000,4185.2000,4183.0000,4187.8000,4188.0000,4188.2000,4188.6000,4189.0000,1,2,1,1,1,1,4,1,1,1
SF,IF2003,2020-01-16 09:31:03.100,4187.6000,44789,-1,425884080.000,1,0,1,双平,S,4186.8000,4186.6000,4186.2000,4185.2000,4183.0000,4187.8000,4188.0000,4188.2000,4188.6000,4189.0000,1,1,1,1,1,1,5,1,1,1
SF,IF2003,2020-01-16 09:31:03.600,4187.6000,44789,0,425884080.000,0,-,-,-,-,4186.6000,4186.2000,4185.2000,4183.0000,4181.0000,4187.2000,4187.6000,4187.8000,4188.0000,4188.2000,1,1,1,1,1,1,1,1,5,1
SF,IF2003,2020-01-16 09:31:04.100,4187.6000,44789,0,425884080.000,0,-,-,-,-,4186.6000,4186.2000,4185.2000,4183.0000,4181.0000,4187.0000,4187.2000,4187.6000,4188.0000,4188.2000,1,1,1,1,1,1,1,1,5,1
SF,IF2003,2020-01-16 09:31:04.600,4187.6000,44789,0,425884080.000,0,-,-,-,-,4186.8000,4186.6000,4186.2000,4185.2000,4183.0000,4187.0000,4187.2000,4187.6000,4188.0000,4188.2000,1,2,1,1,1,1,1,1,5,1
SF,IF2003,2020-01-16 09:31:05.100,4187.0000,44790,1,429652320.000,3,2,1,空开,S,4186.6000,4186.2000,4185.2000,4183.0000,4181.0000,4187.0000,4187.2000,4187.6000,4188.0000,4188.2000,2,1,1,1,1,1,1,1,5,1
SF,IF2003,2020-01-16 09:31:05.600,4187.0000,44790,0,429652320.000,0,-,-,-,-,4186.6000,4186.2000,4185.2000,4183.0000,4181.0000,4187.0000,4187.2000,4187.6000,4188.0000,4188.2000,2,1,1,1,1,1,1,1,6,1
SF,IF2003,2020-01-16 09:31:06.100,4187.0000,44790,0,429652320.000,0,-,-,-,-,4186.6000,4186.2000,4185.2000,4183.0000,4181.0000,4187.0000,4187.2000,4187.6000,4188.0000,4188.2000,2,1,1,1,1,1,1,1,6,2
SF,IF2003,2020-01-16 09:31:06.600,4187.0000,44790,0,430908420.000,1,0,1,多换,S,4186.6000,4186.2000,4185.2000,4183.0000,4181.0000,4186.8000,4187.2000,4187.6000,4188.0000,4188.2000,2,1,1,1,1,1,1,1,6,2
SF,IF2003,2020-01-16 09:31:07.100,4186.8000,44790,0,433420500.000,2,1,1,多换,S,4187.0000,4186.8000,4186.6000,4186.2000,4185.2000,4187.2000,4187.6000,4188.0000,4188.2000,4188.6000,1,2,2,1,1,1,1,6,2,2
SF,IF2003,2020-01-16 09:31:07.600,4186.8000,44790,0,433420500.000,0,-,-,-,-,4187.0000,4186.8000,4186.6000,4186.2000,4185.2000,4187.2000,4187.6000,4188.0000,4188.2000,4188.6000,1,2,2,1,1,1,1,6,2,2
SF,IF2003,2020-01-16 09:31:08.100,4187.0000,44784,-6,440956740.000,6,0,6,双平,S,4186.6000,4186.2000,4185.2000,4183.0000,4181.0000,4187.2000,4187.6000,4188.0000,4188.2000,4188.6000,1,1,1,1,1,1,1,6,2,2
SF,IF2003,2020-01-16 09:31:08.600,4186.6000,44784,0,442212720.000,1,0,1,多换,S,4186.2000,4185.2000,4183.0000,4181.0000,4180.6000,4186.6000,4187.2000,4187.6000,4188.0000,4188.2000,1,1,1,1,1,3,1,1,6,2
SF,IF2003,2020-01-16 09:31:09.100,4186.6000,44781,-3,445980660.000,3,0,3,双平,S,4186.8000,4186.4000,4186.2000,4185.2000,4183.0000,4187.2000,4188.0000,4188.2000,4188.6000,4189.0000,5,1,1,1,1,1,6,2,2,2
SF,IF2003,2020-01-16 09:31:09.600,4187.2000,44780,-1,447236820.000,1,0,1,双平,S,4187.2000,4186.8000,4186.6000,4186.4000,4186.2000,4188.0000,4188.2000,4188.6000,4189.0000,4189.2000,3,7,1,1,1,6,2,2,2,1
SF,IF2003,2020-01-16 09:31:10.100,4187.2000,44780,0,447236820.000,0,-,-,-,-,4186.8000,4186.6000,4186.4000,4186.2000,4183.0000,4188.0000,4188.2000,4188.6000,4189.0000,4189.2000,7,2,1,1,1,6,2,2,2,1
SF,IF2003,2020-01-16 09:31:10.600,4187.2000,44780,0,447236820.000,0,-,-,-,-,4186.8000,4186.6000,4186.4000,4186.2000,4183.0000,4187.2000,4188.0000,4188.2000,4188.6000,4189.0000,7,2,1,1,1,1,6,2,2,2
SF,IF2003,2020-01-16 09:31:11.100,4187.2000,44774,-6,454773780.000,6,0,6,双平,S,4187.0000,4186.8000,4186.6000,4186.4000,4186.2000,4187.2000,4188.0000,4188.2000,4188.6000,4189.0000,5,5,2,1,2,5,6,2,2,2
SF,IF2003,2020-01-16 09:31:11.600,4187.2000,44769,-5,461054580.000,5,0,5,双平,S,4187.2000,4187.0000,4186.8000,4186.6000,4186.4000,4188.0000,4188.2000,4188.6000,4189.0000,4189.2000,3,1,6,2,1,5,2,2,2,1
SF,IF2003,2020-01-16 09:31:12.100,4187.2000,44769,0,461054580.000,0,-,-,-,-,4187.4000,4187.2000,4187.0000,4186.8000,4186.6000,4188.0000,4188.2000,4188.6000,4189.0000,4189.2000,1,1,1,6,2,5,2,2,2,1
SF,IF2003,2020-01-16 09:31:12.600,4187.4000,44769,0,462310800.000,1,0,1,多换,S,4187.0000,4186.8000,4186.6000,4186.4000,4186.2000,4188.0000,4188.2000,4188.6000,4189.0000,4189.2000,1,6,2,1,1,5,2,2,2,1
SF,IF2003,2020-01-16 09:31:13.100,4190.0000,44771,2,488701380.000,21,11,10,空开,S,4187.2000,4186.8000,4186.6000,4186.4000,4186.2000,4190.0000,4190.2000,4190.4000,4190.8000,4191.2000,1,6,2,1,1,2,2,2,2,1
SF,IF2003,2020-01-16 09:31:13.600,4187.2000,44768,-3,493726140.000,4,0,4,多平,S,4187.4000,4187.2000,4186.8000,4186.6000,4186.4000,4187.6000,4188.4000,4189.4000,4189.6000,4189.8000,1,2,6,2,1,1,1,1,8,9
SF,IF2003,2020-01-16 09:31:14.100,4187.2000,44765,-3,498750900.000,4,0,4,多平,S,4186.8000,4186.6000,4186.4000,4186.2000,4186.0000,4187.2000,4187.4000,4187.6000,4189.6000,4189.8000,6,2,1,1,1,1,2,1,8,13
SF,IF2003,2020-01-16 09:31:14.600,4187.4000,44764,-1,501263280.000,2,0,2,多平,S,4186.8000,4186.6000,4186.4000,4186.2000,4186.0000,4187.4000,4187.6000,4189.6000,4189.8000,4190.0000,6,1,1,1,1,1,1,8,13,3
SF,IF2003,2020-01-16 09:31:15.100,4187.4000,44764,0,502519500.000,1,0,1,多换,S,4187.4000,4186.8000,4186.6000,4186.4000,4186.2000,4187.6000,4187.8000,4188.4000,4189.6000,4189.8000,1,8,1,1,1,1,1,1,10,12
SF,IF2003,2020-01-16 09:31:15.600,4187.8000,44764,0,505032120.000,2,1,1,多换,S,4186.8000,4186.6000,4186.4000,4186.2000,4186.0000,4188.4000,4189.6000,4189.8000,4190.0000,4190.2000,8,1,1,1,2,1,9,10,3,2
SF,IF2003,2020-01-16 09:31:16.100,4189.6000,44766,2,527653980.000,18,10,8,空开,S,4187.0000,4186.8000,4186.6000,4186.4000,4186.2000,4189.6000,4189.8000,4190.0000,4190.2000,4190.4000,3,8,1,1,1,1,7,3,2,2
SF,IF2003,2020-01-16 09:31:16.600,4189.6000,44766,0,527653980.000,0,-,-,-,-,4187.2000,4187.0000,4186.8000,4186.6000,4186.4000,4187.6000,4187.8000,4188.2000,4188.8000,4189.2000,4,1,8,1,1,1,3,2,1,6
SF,IF2003,2020-01-16 09:31:17.100,4187.4000,44763,-3,532678680.000,4,0,4,多平,S,4186.8000,4186.6000,4186.4000,4186.2000,4186.0000,4187.0000,4187.4000,4187.6000,4187.8000,4188.2000,8,1,1,1,2,2,1,1,3,2
SF,IF2003,2020-01-16 09:31:17.600,4187.4000,44761,-2,538959360.000,5,1,4,多平,S,4187.0000,4186.8000,4186.6000,4186.4000,4186.2000,4187.6000,4188.6000,4188.8000,4189.0000,4189.2000,1,7,1,1,1,1,1,1,1,6
SF,IF2003,2020-01-16 09:31:18.100,4186.8000,44761,0,542727480.000,3,1,2,多换,S,4186.8000,4186.6000,4186.4000,4186.2000,4186.0000,4188.2000,4188.8000,4189.0000,4189.2000,4189.4000,4,1,1,1,2,1,4,1,3,2
SF,IF2003,2020-01-16 09:31:18.600,4186.8000,44761,0,542727480.000,0,-,-,-,-,4187.0000,4186.8000,4186.6000,4186.4000,4186.2000,4187.2000,4188.0000,4188.2000,4188.8000,4189.0000,1,4,1,1,1,5,3,1,3,2
SF,IF2003,2020-01-16 09:31:19.100,4187.2000,44758,-3,546495960.000,3,0,3,双平,S,4187.0000,4186.8000,4186.6000,4186.4000,4186.2000,4187.2000,4188.0000,4188.2000,4188.6000,4188.8000,1,4,1,1,1,2,2,1,1,3
SF,IF2003,2020-01-16 09:31:19.600,4187.2000,44758,0,546495960.000,0,-,-,-,-,4187.0000,4186.8000,4186.6000,4186.4000,4186.2000,4187.2000,4188.0000,4188.2000,4188.6000,4188.8000,2,4,1,1,1,2,2,1,1,3
SF,IF2003,2020-01-16 09:31:20.100,4187.2000,44756,-2,550264380.000,3,0,3,多平,S,4187.2000,4187.0000,4186.8000,4186.6000,4186.4000,4188.0000,4188.2000,4188.6000,4188.8000,4189.0000,1,1,4,2,1,2,1,1,3,1
SF,IF2003,2020-01-16 09:31:20.600,4187.0000,44755,-1,552776640.000,2,0,2,多平,S,4186.8000,4186.6000,4186.4000,4186.2000,4186.0000,4187.8000,4188.6000,4188.8000,4189.2000,4189.4000,4,2,1,1,2,2,1,3,3,1
SF,IF2003,2020-01-16 09:31:21.100,4187.0000,44755,0,552776640.000,0,-,-,-,-,4187.2000,4187.0000,4186.8000,4186.6000,4186.4000,4187.8000,4188.6000,4188.8000,4189.2000,4189.4000,1,2,4,1,1,3,1,1,2,1
SF,IF2003,2020-01-16 09:31:21.600,4187.0000,44755,0,552776640.000,0,-,-,-,-,4187.2000,4187.0000,4186.8000,4186.6000,4186.4000,4187.8000,4188.6000,4188.8000,4189.2000,4189.4000,1,2,4,1,1,3,1,1,2,1
SF,IF2003,2020-01-16 09:31:22.100,4187.0000,44755,0,552776640.000,0,-,-,-,-,4187.2000,4187.0000,4186.8000,4186.4000,4186.2000,4187.8000,4188.6000,4188.8000,4189.2000,4189.4000,1,4,5,1,1,3,1,1,2,1
SF,IF2003,2020-01-16 09:31:22.600,4187.8000,44754,-1,555289320.000,2,0,2,多平,S,4187.4000,4187.2000,4187.0000,4186.8000,4186.4000,4188.4000,4188.6000,4189.2000,4189.4000,4189.6000,2,1,2,5,1,1,1,2,1,2
SF,IF2003,2020-01-16 09:31:23.100,4188.6000,44754,0,561571440.000,5,2,3,多换,S,4187.4000,4187.2000,4187.0000,4186.8000,4186.2000,4189.2000,4189.4000,4189.6000,4189.8000,4190.0000,1,1,2,5,1,2,1,2,4,4
SF,IF2003,2020-01-16 09:31:23.600,4188.6000,44754,0,561571440.000,0,-,-,-,-,4187.8000,4187.2000,4187.0000,4186.8000,4186.2000,4188.8000,4189.0000,4189.2000,4189.4000,4189.6000,1,1,2,5,1,4,3,1,1,2
SF,IF2003,2020-01-16 09:31:24.100,4186.8000,44750,-4,569108220.000,6,1,5,多平,S,4186.8000,4186.2000,4186.0000,4185.6000,4185.0000,4187.2000,4187.8000,4188.6000,4188.8000,4189.0000,3,1,2,1,1,5,1,4,1,2
SF,IF2003,2020-01-16 09:31:24.600,4187.2000,44747,-3,572876700.000,3,0,3,双平,S,4186.8000,4186.2000,4186.0000,4185.6000,4185.0000,4187.2000,4187.8000,4188.6000,4188.8000,4189.0000,3,1,2,1,1,2,1,3,1,2
SF,IF2003,2020-01-16 09:31:25.100,4187.2000,44747,0,572876700.000,0,-,-,-,-,4186.8000,4186.2000,4186.0000,4185.6000,4185.0000,4187.2000,4187.8000,4188.6000,4188.8000,4189.0000,3,1,2,1,1,2,1,4,1,1
SF,IF2003,2020-01-16 09:31:25.600,4187.2000,44746,-1,574132860.000,1,0,1,双平,S,4187.0000,4186.8000,4186.2000,4186.0000,4185.6000,4187.2000,4187.8000,4188.6000,4188.8000,4189.0000,1,3,2,2,1,1,1,4,1,1
SF,IF2003,2020-01-16 09:31:26.100,4188.6000,44748,2,579158520.000,4,3,1,空开,S,4187.2000,4187.0000,4186.8000,4186.2000,4186.0000,4188.6000,4188.8000,4189.0000,4189.2000,4189.4000,2,1,3,2,2,2,1,1,2,2
SF,IF2003,2020-01-16 09:31:26.600,4187.4000,44747,-1,580414740.000,1,0,1,双平,S,4187.2000,4187.0000,4186.8000,4186.2000,4186.0000,4188.4000,4188.6000,4188.8000,4189.0000,4189.2000,2,1,3,2,2,3,2,1,1,2
SF,IF2003,2020-01-16 09:31:27.100,4187.2000,44744,-3,584183280.000,3,0,3,双平,S,4187.0000,4186.8000,4186.2000,4186.0000,4185.6000,4188.2000,4188.4000,4188.6000,4188.8000,4189.0000,2,3,2,3,1,2,3,1,1,4
SF,IF2003,2020-01-16 09:31:27.600,4187.2000,44744,0,584183280.000,0,-,-,-,-,4187.4000,4187.0000,4186.8000,4186.2000,4186.0000,4188.0000,4188.2000,4188.4000,4188.6000,4188.8000,1,2,3,2,3,3,3,3,1,1
SF,IF2003,2020-01-16 09:31:28.100,4187.4000,44743,-1,585439500.000,1,0,1,双平,S,4187.0000,4186.8000,4186.2000,4186.0000,4185.6000,4187.4000,4187.8000,4188.0000,4188.2000,4188.4000,2,3,2,3,1,3,1,2,2,6
SF,IF2003,2020-01-16 09:31:28.600,4187.4000,44743,0,585439500.000,0,-,-,-,-,4187.0000,4186.8000,4186.2000,4186.0000,4185.6000,4187.4000,4187.8000,4188.0000,4188.2000,4188.4000,2,3,2,3,1,1,1,2,1,6
SF,IF2003,2020-01-16 09:31:29.100,4187.4000,44742,-1,587951820.000,2,0,2,多平,S,4187.0000,4186.8000,4186.2000,4186.0000,4185.6000,4187.8000,4188.0000,4188.4000,4188.6000,4188.8000,1,3,2,3,1,1,2,6,1,1
SF,IF2003,2020-01-16 09:31:29.600,4187.4000,44742,0,589208040.000,1,0,1,多换,S,4187.4000,4187.0000,4186.8000,4186.2000,4186.0000,4187.8000,4188.0000,4188.4000,4188.6000,4188.8000,14,1,3,2,3,1,2,6,1,1
SF,IF2003,2020-01-16 09:31:30.100,4187.4000,44742,0,589208040.000,0,-,-,-,-,4187.4000,4187.0000,4186.8000,4186.2000,4186.0000,4187.6000,4187.8000,4188.0000,4188.4000,4188.6000,14,1,3,2,3,1,1,2,6,2
SF,IF2003,2020-01-16 09:31:30.600,4187.4000,44742,0,600514020.000,9,4,5,多换,S,4187.4000,4187.0000,4186.8000,4186.2000,4186.0000,4187.6000,4187.8000,4188.0000,4188.4000,4188.6000,5,1,3,2,3,1,2,2,6,2
SF,IF2003,2020-01-16 09:31:31.100,4187.0000,44740,-2,609307440.000,7,2,5,多平,S,4186.8000,4186.2000,4186.0000,4185.6000,4185.0000,4187.0000,4187.4000,4187.8000,4188.0000,4188.4000,3,2,3,1,1,4,4,2,2,3
SF,IF2003,2020-01-16 09:31:31.600,4187.0000,44740,0,609307440.000,0,-,-,-,-,4186.8000,4186.2000,4186.0000,4185.6000,4185.0000,4187.0000,4187.4000,4187.8000,4188.0000,4188.4000,3,2,3,1,1,4,3,2,3,3
SF,IF2003,2020-01-16 09:31:32.100,4186.8000,44739,-1,610563480.000,1,0,1,双平,S,4186.8000,4186.2000,4186.0000,4185.6000,4185.0000,4187.0000,4187.4000,4187.8000,4188.0000,4188.4000,2,2,3,1,1,4,4,2,1,3
SF,IF2003,2020-01-16 09:31:32.600,4186.8000,44738,-1,613075560.000,2,0,2,多平,S,4186.2000,4186.0000,4185.6000,4185.0000,4183.0000,4187.0000,4187.4000,4187.8000,4188.0000,4188.4000,2,3,1,1,1,4,4,2,1,3
SF,IF2003,2020-01-16 09:31:33.100,4186.8000,44738,0,613075560.000,0,-,-,-,-,4186.4000,4186.2000,4186.0000,4185.6000,4185.0000,4187.0000,4187.4000,4188.0000,4188.4000,4188.6000,2,2,3,1,1,4,4,1,3,2
SF,IF2003,2020-01-16 09:31:33.600,4186.8000,44738,0,613075560.000,0,-,-,-,-,4186.4000,4186.2000,4186.0000,4185.6000,4185.0000,4187.0000,4187.4000,4188.4000,4188.6000,4188.8000,1,2,3,1,1,4,4,3,2,2
SF,IF2003,2020-01-16 09:31:34.100,4186.8000,44738,0,613075560.000,0,-,-,-,-,4186.4000,4186.2000,4186.0000,4185.6000,4185.0000,4187.0000,4187.4000,4188.4000,4188.6000,4188.8000,1,2,3,1,1,4,4,3,3,2
SF,IF2003,2020-01-16 09:31:34.600,4186.8000,44738,0,613075560.000,0,-,-,-,-,4186.4000,4186.2000,4186.0000,4185.6000,4185.0000,4187.0000,4187.4000,4188.4000,4188.6000,4188.8000,1,2,3,1,1,4,4,4,2,2
SF,IF2003,2020-01-16 09:31:35.100,4186.4000,44737,-1,614331480.000,1,0,1,双平,S,4186.2000,4186.0000,4185.6000,4185.0000,4183.0000,4186.4000,4187.0000,4187.4000,4188.4000,4188.6000,2,3,1,1,1,4,4,4,4,2
SF,IF2003,2020-01-16 09:31:35.600,4186.4000,44737,0,614331480.000,0,-,-,-,-,4186.2000,4186.0000,4185.6000,4185.0000,4183.0000,4186.4000,4187.0000,4187.4000,4188.4000,4188.6000,2,3,1,1,1,4,5,4,4,2
SF,IF2003,2020-01-16 09:31:36.100,4186.2000,44736,-1,615587340.000,1,0,1,双平,S,4186.2000,4186.0000,4185.6000,4185.0000,4183.0000,4186.4000,4187.0000,4187.2000,4187.4000,4187.8000,1,3,1,1,1,4,5,1,2,1
SF,IF2003,2020-01-16 09:31:36.600,4186.4000,44735,-1,619355100.000,3,1,2,多平,S,4186.2000,4186.0000,4185.6000,4185.0000,4183.0000,4186.4000,4187.0000,4187.2000,4187.4000,4187.8000,1,3,1,1,1,1,5,1,2,1
SF,IF2003,2020-01-16 09:31:37.100,4186.4000,44735,0,621866880.000,2,1,1,多换,S,4186.0000,4185.6000,4185.0000,4183.0000,4181.0000,4186.2000,4187.0000,4187.2000,4187.4000,4187.8000,3,1,1,1,1,5,5,1,1,1
SF,IF2003,2020-01-16 09:31:38.100,4186.4000,44735,0,621866880.000,0,-,-,-,-,4186.0000,4185.6000,4185.0000,4183.0000,4181.0000,4186.2000,4187.0000,4187.2000,4187.4000,4187.8000,3,1,2,1,1,7,5,1,1,1
SF,IF2003,2020-01-16 09:31:38.600,4186.2000,44735,0,624378540.000,2,1,1,多换,S,4186.0000,4185.6000,4185.0000,4183.0000,4181.0000,4186.2000,4187.0000,4187.2000,4187.4000,4187.8000,2,1,2,1,1,6,5,1,1,1
SF,IF2003,2020-01-16 09:31:39.100,4187.0000,44725,-10,638194200.000,11,0,11,多平,S,4186.4000,4186.2000,4186.0000,4185.6000,4185.0000,4187.2000,4187.4000,4187.8000,4188.4000,4188.6000,1,6,2,1,2,1,1,1,3,2
SF,IF2003,2020-01-16 09:31:39.600,4187.0000,44725,0,638194200.000,0,-,-,-,-,4186.6000,4186.2000,4186.0000,4185.6000,4185.0000,4187.2000,4187.4000,4187.8000,4188.4000,4188.6000,3,3,2,1,2,1,1,1,3,2
SF,IF2003,2020-01-16 09:31:40.100,4186.8000,44725,0,639450240.000,1,0,1,多换,S,4186.6000,4186.2000,4186.0000,4185.6000,4185.0000,4187.0000,4187.2000,4187.4000,4187.8000,4188.4000,3,3,2,1,2,1,1,1,1,3
SF,IF2003,2020-01-16 09:31:40.600,4186.2000,44726,1,645730140.000,5,3,2,空开,S,4186.2000,4186.0000,4185.6000,4185.0000,4183.0000,4186.6000,4187.2000,4187.4000,4187.8000,4188.4000,3,2,1,2,1,1,1,1,1,3
SF,IF2003,2020-01-16 09:31:41.100,4186.6000,44725,-1,646986120.000,1,0,1,双平,S,4186.8000,4186.6000,4186.4000,4186.2000,4186.0000,4187.2000,4187.4000,4187.8000,4188.4000,4188.6000,1,1,1,3,2,1,1,1,3,2
SF,IF2003,2020-01-16 09:31:41.600,4186.6000,44725,0,646986120.000,0,-,-,-,-,4186.4000,4186.2000,4186.0000,4185.6000,4185.0000,4186.8000,4187.2000,4187.4000,4187.8000,4188.4000,1,3,2,1,2,1,1,1,1,3
SF,IF2003,2020-01-16 09:31:42.100,4186.6000,44725,0,646986120.000,0,-,-,-,-,4186.2000,4186.0000,4185.6000,4185.0000,4183.0000,4186.8000,4187.2000,4187.4000,4188.4000,4188.6000,3,2,1,2,1,2,1,1,3,2
SF,IF2003,2020-01-16 09:31:42.600,4186.6000,44725,0,646986120.000,0,-,-,-,-,4186.2000,4186.0000,4185.6000,4185.0000,4183.0000,4186.4000,4186.8000,4187.2000,4187.4000,4188.4000,3,2,1,2,1,1,2,1,1,3
SF,IF2003,2020-01-16 09:31:43.100,4186.4000,44724,-1,649497960.000,2,0,2,多平,S,4186.2000,4186.0000,4185.6000,4185.0000,4183.0000,4186.8000,4187.2000,4187.4000,4188.4000,4188.6000,3,2,1,2,1,5,1,1,3,2
SF,IF2003,2020-01-16 09:31:43.600,4186.4000,44724,0,649497960.000,0,-,-,-,-,4186.2000,4186.0000,4185.6000,4185.0000,4183.0000,4186.8000,4187.2000,4187.4000,4188.4000,4188.6000,3,2,1,2,1,5,1,1,4,2
SF,IF2003,2020-01-16 09:31:44.600,4186.4000,44724,0,649497960.000,0,-,-,-,-,4186.2000,4186.0000,4185.6000,4185.0000,4183.0000,4186.8000,4187.2000,4187.4000,4188.4000,4188.6000,2,2,1,2,1,5,1,1,4,2
SF,IF2003,2020-01-16 09:31:45.100,4186.4000,44724,0,649497960.000,0,-,-,-,-,4186.4000,4186.2000,4186.0000,4185.6000,4185.0000,4186.8000,4187.2000,4187.4000,4188.4000,4188.6000,1,2,2,1,2,5,1,1,4,2
SF,IF2003,2020-01-16 09:31:46.100,4186.2000,44723,-1,653265540.000,3,1,2,多平,S,4186.0000,4185.6000,4185.0000,4183.0000,4181.0000,4186.8000,4187.2000,4187.4000,4188.4000,4188.6000,2,1,2,1,1,5,1,1,4,2
SF,IF2003,2020-01-16 09:31:46.600,4186.2000,44723,0,653265540.000,0,-,-,-,-,4186.2000,4186.0000,4185.6000,4185.0000,4183.0000,4186.8000,4187.2000,4187.4000,4188.4000,4188.6000,1,2,1,2,1,5,1,1,4,2
SF,IF2003,2020-01-16 09:31:47.100,4186.2000,44723,0,653265540.000,0,-,-,-,-,4186.0000,4185.6000,4185.0000,4183.0000,4181.0000,4186.2000,4186.8000,4187.2000,4187.4000,4188.4000,2,1,2,1,1,20,5,1,1,4
SF,IF2003,2020-01-16 09:31:47.600,4186.0000,44722,-1,655777140.000,2,0,2,多平,S,4185.6000,4185.0000,4183.0000,4181.0000,4180.4000,4186.2000,4186.8000,4187.2000,4187.4000,4188.4000,1,2,1,1,1,20,5,1,1,4
SF,IF2003,2020-01-16 09:31:48.100,4185.6000,44721,-1,657032820.000,1,0,1,双平,S,4185.0000,4183.0000,4181.0000,4180.4000,4180.0000,4185.6000,4186.0000,4186.2000,4186.8000,4187.2000,2,1,1,1,3,3,1,20,5,1
SF,IF2003,2020-01-16 09:31:48.600,4185.6000,44721,0,658288500.000,1,0,1,多换,S,4185.2000,4185.0000,4183.0000,4181.0000,4180.4000,4185.6000,4186.0000,4186.2000,4186.8000,4187.2000,8,2,1,1,1,2,1,20,5,1
SF,IF2003,2020-01-16 09:31:49.100,4185.6000,44721,0,658288500.000,0,-,-,-,-,4185.4000,4185.2000,4185.0000,4183.0000,4181.0000,4185.6000,4186.0000,4186.2000,4186.8000,4187.2000,1,5,2,1,1,2,1,20,5,1
SF,IF2003,2020-01-16 09:31:49.600,4185.4000,44719,-2,662055480.000,3,0,3,多平,S,4185.2000,4185.0000,4183.0000,4181.0000,4180.4000,4186.0000,4186.2000,4186.8000,4187.2000,4187.4000,5,2,1,1,1,1,20,5,1,1
SF,IF2003,2020-01-16 09:31:50.600,4185.2000,44718,-1,663311040.000,1,0,1,双平,S,4185.2000,4185.0000,4183.0000,4181.0000,4180.4000,4186.0000,4186.2000,4187.2000,4187.4000,4188.4000,4,2,1,1,1,1,20,1,1,4
SF,IF2003,2020-01-16 09:31:51.600,4185.2000,44718,0,663311040.000,0,-,-,-,-,4185.6000,4185.2000,4185.0000,4183.0000,4181.0000,4186.0000,4186.2000,4187.2000,4187.4000,4188.4000,1,4,2,1,1,1,20,1,1,4
SF,IF2003,2020-01-16 09:31:52.100,4185.2000,44718,0,663311040.000,0,-,-,-,-,4185.6000,4185.4000,4185.2000,4185.0000,4183.0000,4185.8000,4186.2000,4187.2000,4187.4000,4188.4000,1,1,4,2,1,1,20,2,1,4
SF,IF2003,2020-01-16 09:31:52.600,4185.2000,44718,0,663311040.000,0,-,-,-,-,4185.6000,4185.4000,4185.2000,4185.0000,4183.0000,4186.2000,4187.2000,4187.4000,4188.4000,4188.6000,1,1,4,2,1,20,2,1,4,2
SF,IF2003,2020-01-16 09:31:53.100,4185.2000,44720,2,669588840.000,5,3,2,空开,S,4185.2000,4185.0000,4183.0000,4181.0000,4180.4000,4186.2000,4187.2000,4187.4000,4188.4000,4188.6000,1,2,1,1,1,20,2,1,4,2
SF,IF2003,2020-01-16 09:31:53.600,4185.2000,44720,0,669588840.000,0,-,-,-,-,4185.0000,4183.0000,4181.0000,4180.4000,4180.0000,4185.8000,4186.2000,4187.2000,4187.4000,4188.4000,2,1,1,1,3,1,20,2,1,4
SF,IF2003,2020-01-16 09:31:54.100,4185.2000,44720,0,669588840.000,0,-,-,-,-,4185.2000,4185.0000,4183.0000,4181.0000,4180.4000,4185.8000,4186.2000,4187.2000,4187.4000,4188.4000,11,2,1,1,1,1,20,2,1,4
SF,IF2003,2020-01-16 09:31:54.600,4185.2000,44720,0,669588840.000,0,-,-,-,-,4185.2000,4185.0000,4183.0000,4181.0000,4180.4000,4185.8000,4186.2000,4187.2000,4187.4000,4188.4000,10,2,1,1,1,1,20,2,1,4
SF,IF2003,2020-01-16 09:31:55.100,4185.2000,44720,0,669588840.000,0,-,-,-,-,4185.4000,4185.2000,4185.0000,4183.0000,4181.0000,4185.8000,4186.2000,4187.2000,4187.4000,4188.4000,1,10,2,1,1,1,20,2,1,4
SF,IF2003,2020-01-16 09:31:55.600,4185.2000,44720,0,669588840.000,0,-,-,-,-,4185.2000,4185.0000,4183.0000,4181.0000,4180.4000,4185.8000,4186.2000,4187.2000,4187.4000,4188.4000,10,2,1,1,1,1,20,2,1,4
SF,IF2003,2020-01-16 09:31:56.100,4185.2000,44720,0,669588840.000,0,-,-,-,-,4185.2000,4185.0000,4183.0000,4181.0000,4180.4000,4185.8000,4186.2000,4187.2000,4187.4000,4187.6000,10,2,1,1,1,3,20,2,1,1
SF,IF2003,2020-01-16 09:31:56.600,4185.2000,44720,0,669588840.000,0,-,-,-,-,4185.2000,4185.0000,4183.0000,4181.0000,4180.4000,4185.6000,4185.8000,4186.2000,4187.2000,4187.4000,10,2,1,1,1,1,3,20,2,1
SF,IF2003,2020-01-16 09:31:57.100,4185.2000,44723,3,673355520.000,3,3,0,双开,S,4185.2000,4185.0000,4183.0000,4181.0000,4180.4000,4185.6000,4185.8000,4186.2000,4186.4000,4187.2000,7,2,1,1,1,2,3,20,1,2
SF,IF2003,2020-01-16 09:31:57.600,4185.4000,44725,2,679633380.000,5,3,2,空开,S,4185.2000,4185.0000,4183.0000,4181.0000,4180.4000,4185.6000,4185.8000,4186.2000,4186.4000,4187.2000,3,2,1,1,1,2,3,20,1,2
SF,IF2003,2020-01-16 09:31:58.100,4185.0000,44724,-1,685911060.000,5,2,3,多平,S,4183.0000,4181.0000,4180.4000,4180.0000,4178.6000,4185.2000,4185.6000,4185.8000,4186.0000,4186.2000,1,1,1,3,1,2,2,3,1,20
SF,IF2003,2020-01-16 09:31:58.600,4185.0000,44724,0,685911060.000,0,-,-,-,-,4184.4000,4183.8000,4183.6000,4183.4000,4183.2000,4185.0000,4185.2000,4185.6000,4185.8000,4186.0000,5,1,3,9,1,4,2,2,3,1
SF,IF2003,2020-01-16 09:31:59.100,4185.0000,44724,0,685911060.000,0,-,-,-,-,4184.0000,4183.8000,4183.6000,4183.4000,4183.2000,4185.0000,4185.2000,4185.6000,4185.8000,4186.0000,1,1,3,5,1,4,2,1,1,1
SF,IF2003,2020-01-16 09:31:59.600,4185.0000,44724,0,685911060.000,0,-,-,-,-,4184.4000,4184.2000,4184.0000,4183.8000,4183.6000,4185.0000,4185.2000,4185.6000,4185.8000,4186.0000,1,2,1,1,3,2,2,1,1,1
SF,IF2003,2020-01-16 09:32:00.100,4184.0000,44724,0,690932100.000,4,2,2,多换,S,4183.6000,4183.4000,4183.2000,4183.0000,4181.0000,4184.0000,4185.0000,4185.2000,4185.6000,4185.8000,1,5,1,2,1,4,2,2,1,1
SF,IF2003,2020-01-16 09:32:00.600,4185.0000,44722,-2,699719400.000,7,2,5,多平,S,4184.2000,4184.0000,4183.6000,4183.2000,4183.0000,4185.2000,4185.8000,4186.0000,4186.2000,4186.4000,4,11,1,1,2,2,1,1,20,1
SF,IF2003,2020-01-16 09:32:01.100,4185.0000,44720,-2,702230400.000,2,0,2,双平,S,4184.0000,4183.2000,4183.0000,4181.0000,4180.4000,4185.0000,4185.2000,4185.8000,4186.0000,4186.2000,11,1,1,1,1,1,4,1,1,20
SF,IF2003,2020-01-16 09:32:01.600,4185.0000,44720,0,702230400.000,0,-,-,-,-,4185.0000,4184.0000,4183.2000,4183.0000,4181.0000,4185.2000,4185.8000,4186.0000,4186.2000,4186.4000,1,11,1,1,1,4,1,1,20,1
SF,IF2003,2020-01-16 09:32:02.100,4185.0000,44719,-1,703485900.000,1,0,1,双平,S,4184.0000,4183.2000,4183.0000,4181.0000,4180.4000,4185.0000,4185.2000,4185.8000,4186.0000,4186.2000,9,1,1,1,1,8,4,1,1,20
SF,IF2003,2020-01-16 09:32:02.600,4184.8000,44719,0,705996540.000,2,1,1,多换,S,4183.2000,4183.0000,4181.0000,4180.4000,4180.0000,4185.0000,4185.2000,4185.8000,4186.0000,4186.2000,1,1,1,1,3,6,4,1,1,20
SF,IF2003,2020-01-16 09:32:03.100,4183.4000,44717,-2,708506580.000,2,0,2,双平,S,4183.0000,4181.0000,4180.4000,4180.0000,4178.6000,4183.2000,4185.0000,4185.2000,4185.8000,4186.0000,1,1,1,3,1,2,6,2,1,1
SF,IF2003,2020-01-16 09:32:03.600,4183.2000,44715,-2,711016500.000,2,0,2,双平,S,4184.2000,4183.2000,4183.0000,4181.0000,4180.4000,4185.2000,4185.8000,4186.0000,4186.2000,4186.4000,1,5,1,1,1,2,1,1,20,1
SF,IF2003,2020-01-16 09:32:04.100,4184.2000,44714,-1,712271760.000,1,0,1,双平,S,4183.0000,4181.0000,4180.4000,4180.0000,4178.6000,4184.0000,4184.2000,4185.0000,4185.2000,4185.8000,1,1,1,3,1,1,3,5,2,1
SF,IF2003,2020-01-16 09:32:04.600,4184.2000,44714,0,712271760.000,0,-,-,-,-,4183.0000,4181.0000,4180.4000,4180.0000,4178.6000,4184.0000,4184.2000,4185.0000,4185.2000,4185.8000,1,1,1,3,1,2,2,3,2,1
SF,IF2003,2020-01-16 09:32:05.100,4184.2000,44713,-1,713527020.000,1,0,1,双平,S,4183.2000,4183.0000,4181.0000,4180.4000,4180.0000,4184.0000,4184.2000,4185.0000,4185.2000,4185.8000,1,1,1,1,3,2,5,3,2,1
SF,IF2003,2020-01-16 09:32:06.100,4183.0000,44715,2,716036880.000,2,2,0,双开,S,4182.2000,4181.0000,4180.4000,4180.0000,4178.6000,4184.0000,4184.2000,4185.0000,4185.2000,4185.8000,1,1,1,3,1,2,5,3,2,1
SF,IF2003,2020-01-16 09:32:06.600,4183.0000,44715,0,716036880.000,0,-,-,-,-,4182.6000,4182.4000,4182.2000,4181.0000,4180.4000,4184.0000,4184.2000,4185.0000,4185.2000,4185.8000,3,3,1,1,1,2,5,3,2,1
SF,IF2003,2020-01-16 09:32:07.100,4183.0000,44715,0,716036880.000,0,-,-,-,-,4182.6000,4182.4000,4182.2000,4181.0000,4180.4000,4183.8000,4184.0000,4184.2000,4185.0000,4185.8000,3,3,1,1,1,1,2,5,3,1
SF,IF2003,2020-01-16 09:32:07.600,4183.0000,44715,0,716036880.000,0,-,-,-,-,4182.6000,4182.4000,4182.2000,4181.2000,4181.0000,4183.8000,4184.0000,4184.2000,4185.0000,4185.8000,3,2,1,1,1,3,2,5,3,1
SF,IF2003,2020-01-16 09:32:08.100,4183.0000,44715,0,716036880.000,0,-,-,-,-,4182.8000,4182.6000,4182.4000,4182.2000,4181.2000,4183.8000,4184.0000,4184.2000,4185.0000,4185.8000,2,3,2,1,1,2,2,5,3,1
SF,IF2003,2020-01-16 09:32:08.600,4183.8000,44716,1,717292020.000,1,1,0,双开,S,4183.2000,4183.0000,4182.8000,4182.6000,4182.4000,4183.8000,4184.0000,4184.2000,4185.0000,4185.8000,1,1,2,3,2,1,2,5,3,1
SF,IF2003,2020-01-16 09:32:09.100,4182.8000,44714,-2,721056720.000,3,0,3,多平,S,4182.8000,4182.6000,4182.4000,4182.2000,4181.2000,4184.0000,4184.2000,4185.0000,4185.8000,4186.0000,1,3,2,1,1,2,5,3,1,2
SF,IF2003,2020-01-16 09:32:09.600,4182.8000,44714,0,721056720.000,0,-,-,-,-,4182.6000,4182.4000,4182.2000,4181.2000,4181.0000,4183.8000,4184.0000,4184.2000,4185.0000,4185.8000,3,2,1,1,1,4,2,5,3,1
SF,IF2003,2020-01-16 09:32:10.100,4182.8000,44714,0,721056720.000,0,-,-,-,-,4182.6000,4182.4000,4182.2000,4181.2000,4181.0000,4183.6000,4183.8000,4184.0000,4184.2000,4185.0000,3,2,1,1,1,2,1,2,5,3
SF,IF2003,2020-01-16 09:32:10.600,4183.6000,44714,0,722311800.000,1,0,1,多换,S,4182.6000,4182.4000,4182.2000,4181.2000,4181.0000,4183.6000,4183.8000,4184.0000,4184.2000,4185.0000,3,2,1,1,1,1,1,2,5,3
SF,IF2003,2020-01-16 09:32:11.100,4183.6000,44714,0,722311800.000,0,-,-,-,-,4182.2000,4181.2000,4181.0000,4180.4000,4180.2000,4183.2000,4183.6000,4183.8000,4184.0000,4184.2000,1,1,1,1,1,1,1,1,2,5
SF,IF2003,2020-01-16 09:32:11.600,4183.0000,44714,0,724821540.000,2,1,1,多换,S,4182.2000,4181.2000,4181.0000,4180.4000,4180.2000,4183.2000,4183.6000,4183.8000,4184.0000,4184.2000,1,1,1,1,1,1,1,1,2,5
SF,IF2003,2020-01-16 09:32:12.100,4183.2000,44713,-1,726076500.000,1,0,1,双平,S,4182.2000,4181.2000,4181.0000,4180.4000,4180.2000,4183.6000,4183.8000,4184.0000,4184.2000,4185.0000,1,1,1,1,1,1,1,2,5,3
SF,IF2003,2020-01-16 09:32:12.600,4183.6000,44714,1,729841620.000,3,2,1,空开,S,4183.6000,4183.2000,4182.2000,4181.2000,4181.0000,4184.0000,4184.2000,4185.0000,4185.8000,4186.0000,3,1,1,1,1,2,5,3,1,2
SF,IF2003,2020-01-16 09:32:13.100,4183.4000,44714,0,734861880.000,4,2,2,多换,S,4183.4000,4183.2000,4182.2000,4181.2000,4181.0000,4183.6000,4183.8000,4184.0000,4184.2000,4185.0000,1,1,1,1,1,5,1,2,5,2
SF,IF2003,2020-01-16 09:32:13.600,4183.2000,44713,-1,737371860.000,2,0,2,多平,S,4182.2000,4181.2000,4181.0000,4180.4000,4180.2000,4183.6000,4183.8000,4184.0000,4184.2000,4185.0000,1,1,1,1,1,6,1,2,5,2
SF,IF2003,2020-01-16 09:32:14.100,4183.2000,44713,0,737371860.000,0,-,-,-,-,4182.4000,4182.2000,4181.2000,4181.0000,4180.4000,4183.6000,4184.0000,4184.2000,4185.0000,4185.8000,7,1,1,1,1,6,2,5,2,1
SF,IF2003,2020-01-16 09:32:14.600,4183.2000,44713,0,737371860.000,0,-,-,-,-,4182.6000,4182.4000,4182.2000,4181.2000,4181.0000,4183.4000,4183.6000,4184.0000,4184.2000,4185.0000,3,7,1,2,1,1,5,2,5,2
SF,IF2003,2020-01-16 09:32:15.100,4183.2000,44713,0,737371860.000,0,-,-,-,-,4182.8000,4182.6000,4182.4000,4182.2000,4181.2000,4183.6000,4184.0000,4184.2000,4185.0000,4185.8000,1,3,7,1,2,5,2,5,2,1
SF,IF2003,2020-01-16 09:32:15.600,4183.2000,44713,0,737371860.000,0,-,-,-,-,4182.8000,4182.4000,4182.2000,4181.2000,4181.0000,4183.6000,4184.0000,4184.2000,4185.0000,4185.8000,2,6,1,2,1,5,2,5,2,1
SF,IF2003,2020-01-16 09:32:16.100,4182.4000,44708,-5,743645580.000,5,0,5,双平,S,4182.4000,4182.2000,4181.2000,4181.0000,4180.4000,4183.4000,4183.6000,4184.0000,4184.2000,4185.0000,2,1,2,1,1,1,5,2,5,2
SF,IF2003,2020-01-16 09:32:16.600,4182.4000,44708,0,743645580.000,0,-,-,-,-,4182.6000,4182.2000,4181.2000,4181.0000,4180.4000,4183.4000,4183.6000,4184.0000,4184.2000,4185.0000,5,1,2,1,1,1,5,2,5,2
SF,IF2003,2020-01-16 09:32:17.100,4183.4000,44707,-1,744900600.000,1,0,1,双平,S,4182.4000,4182.2000,4181.2000,4181.0000,4180.4000,4183.6000,4184.0000,4184.2000,4185.0000,4185.8000,1,1,2,1,1,5,2,5,2,1
SF,IF2003,2020-01-16 09:32:17.600,4183.4000,44707,0,744900600.000,0,-,-,-,-,4182.6000,4182.2000,4181.2000,4181.0000,4180.4000,4183.4000,4183.6000,4184.0000,4184.2000,4185.0000,5,1,2,1,1,1,2,2,5,2
SF,IF2003,2020-01-16 09:32:18.100,4183.4000,44707,0,744900600.000,0,-,-,-,-,4182.2000,4181.2000,4181.0000,4180.4000,4180.2000,4183.2000,4183.4000,4184.0000,4184.2000,4185.0000,1,2,1,1,1,2,1,2,5,2
SF,IF2003,2020-01-16 09:32:18.600,4183.4000,44706,-1,746155620.000,1,0,1,双平,S,4182.8000,4182.2000,4181.2000,4181.0000,4180.4000,4183.2000,4184.0000,4184.2000,4185.0000,4185.8000,1,1,2,1,1,2,1,5,2,1
SF,IF2003,2020-01-16 09:32:19.100,4183.4000,44706,0,746155620.000,0,-,-,-,-,4182.8000,4182.2000,4181.2000,4181.0000,4180.4000,4183.2000,4184.0000,4184.2000,4185.0000,4185.8000,1,1,2,1,1,1,1,5,2,1
SF,IF2003,2020-01-16 09:32:19.600,4182.8000,44706,0,747410460.000,1,0,1,多换,S,4182.2000,4181.2000,4181.0000,4180.4000,4180.2000,4182.8000,4184.0000,4184.2000,4185.0000,4185.8000,1,2,1,1,1,5,1,5,2,1
SF,IF2003,2020-01-16 09:32:20.100,4182.8000,44701,-5,753684660.000,5,0,5,双平,S,4183.4000,4182.8000,4182.6000,4182.4000,4182.2000,4184.0000,4184.2000,4185.0000,4185.8000,4186.0000,1,4,3,3,1,1,5,2,1,2
SF,IF2003,2020-01-16 09:32:20.600,4182.8000,44701,0,753684660.000,0,-,-,-,-,4183.6000,4183.4000,4183.2000,4182.8000,4182.6000,4184.0000,4184.2000,4185.0000,4185.8000,4186.0000,1,1,1,4,3,1,5,2,1,2
SF,IF2003,2020-01-16 09:32:21.100,4183.6000,44700,-1,754939740.000,1,0,1,双平,S,4183.4000,4183.2000,4182.8000,4182.2000,4181.2000,4184.0000,4184.2000,4185.0000,4185.8000,4186.0000,1,1,4,1,3,2,5,2,1,2
SF,IF2003,2020-01-16 09:32:21.600,4183.4000,44700,0,756194760.000,1,0,1,多换,S,4183.2000,4182.8000,4182.2000,4181.2000,4181.0000,4184.0000,4184.2000,4185.0000,4185.8000,4186.0000,1,4,1,3,1,2,5,2,1,2
SF,IF2003,2020-01-16 09:32:22.100,4183.4000,44700,0,756194760.000,0,-,-,-,-,4183.2000,4182.8000,4182.2000,4181.2000,4181.0000,4183.8000,4184.0000,4184.2000,4185.0000,4185.8000,1,4,1,3,1,1,2,5,2,1
SF,IF2003,2020-01-16 09:32:22.600,4183.4000,44700,0,756194760.000,0,-,-,-,-,4183.2000,4182.8000,4182.2000,4181.2000,4181.0000,4183.4000,4183.8000,4184.0000,4184.2000,4184.6000,1,4,1,3,1,5,1,2,5,1
SF,IF2003,2020-01-16 09:32:23.100,4182.2000,44699,-1,763723740.000,6,2,4,多平,S,4181.2000,4181.0000,4180.4000,4180.2000,4180.0000,4182.2000,4183.4000,4183.8000,4184.0000,4184.2000,3,1,1,1,2,4,5,1,2,5
SF,IF2003,2020-01-16 09:32:23.600,4182.2000,44695,-4,768742380.000,4,0,4,双平,S,4182.6000,4182.2000,4181.6000,4181.4000,4181.2000,4183.4000,4183.8000,4184.0000,4184.2000,4184.6000,2,7,10,5,3,5,1,2,3,1
SF,IF2003,2020-01-16 09:32:24.100,4182.2000,44695,0,768742380.000,0,-,-,-,-,4182.2000,4181.6000,4181.4000,4181.2000,4181.0000,4183.2000,4183.4000,4183.8000,4184.0000,4184.2000,4,9,4,3,1,1,5,1,2,3
SF,IF2003,2020-01-16 09:32:24.600,4182.2000,44695,0,768742380.000,0,-,-,-,-,4182.4000,4182.2000,4181.6000,4181.4000,4181.2000,4183.2000,4183.4000,4183.8000,4184.0000,4184.2000,4,4,1,3,3,1,5,1,2,3
SF,IF2003,2020-01-16 09:32:25.100,4182.2000,44694,-1,769997040.000,1,0,1,双平,S,4182.2000,4181.6000,4181.4000,4181.2000,4181.0000,4182.6000,4183.2000,4183.4000,4183.8000,4184.0000,3,1,3,3,1,1,1,6,1,2
SF,IF2003,2020-01-16 09:32:25.600,4183.2000,44693,-1,772506780.000,2,0,2,多平,S,4182.2000,4181.6000,4181.4000,4181.2000,4181.0000,4183.4000,4183.8000,4184.0000,4184.2000,4184.6000,3,1,3,3,1,6,1,2,4,1
SF,IF2003,2020-01-16 09:32:26.100,4182.8000,44692,-1,773761620.000,1,0,1,双平,S,4182.8000,4182.6000,4182.4000,4182.2000,4181.4000,4183.2000,4183.4000,4183.8000,4184.0000,4184.2000,1,5,3,3,3,2,6,1,2,4
SF,IF2003,2020-01-16 09:32:26.600,4182.8000,44692,0,773761620.000,0,-,-,-,-,4182.8000,4182.4000,4182.2000,4181.4000,4181.2000,4183.2000,4183.4000,4183.8000,4184.0000,4184.2000,1,3,3,3,3,2,6,1,2,4
SF,IF2003,2020-01-16 09:32:27.100,4182.6000,44691,-1,775016400.000,1,0,1,双平,S,4182.2000,4181.4000,4181.2000,4181.0000,4180.4000,4182.6000,4183.2000,4183.4000,4183.8000,4184.0000,3,3,3,1,1,1,2,6,1,2
SF,IF2003,2020-01-16 09:32:27.600,4182.6000,44691,0,775016400.000,0,-,-,-,-,4182.4000,4182.2000,4181.4000,4181.2000,4181.0000,4182.6000,4183.4000,4183.8000,4184.0000,4184.2000,3,3,2,3,1,1,6,1,2,4
SF,IF2003,2020-01-16 09:32:28.100,4182.6000,44690,-1,776271180.000,1,0,1,双平,S,4181.4000,4181.2000,4181.0000,4180.4000,4180.2000,4183.4000,4183.8000,4184.0000,4184.2000,4184.6000,2,3,1,1,1,1,1,2,4,1
SF,IF2003,2020-01-16 09:32:28.600,4182.4000,44690,0,778780860.000,2,1,1,多换,S,4182.6000,4182.2000,4181.8000,4181.6000,4181.4000,4183.2000,4183.4000,4184.0000,4184.2000,4184.6000,3,1,5,4,2,3,1,2,4,1
SF,IF2003,2020-01-16 09:32:29.100,4182.4000,44690,0,778780860.000,0,-,-,-,-,4182.6000,4182.2000,4181.8000,4181.6000,4181.4000,4183.2000,4183.4000,4184.0000,4184.2000,4184.6000,3,1,5,1,2,1,1,2,4,1
SF,IF2003,2020-01-16 09:32:29.600,4183.2000,44689,-1,780035820.000,1,0,1,双平,S,4181.8000,4181.6000,4181.4000,4181.2000,4181.0000,4183.4000,4184.0000,4184.2000,4184.6000,4185.0000,5,1,2,3,1,1,2,4,1,2
SF,IF2003,2020-01-16 09:32:30.100,4183.2000,44689,0,780035820.000,0,-,-,-,-,4182.0000,4181.8000,4181.6000,4181.4000,4181.2000,4182.6000,4183.2000,4183.4000,4184.0000,4184.2000,4,5,1,2,3,1,3,2,2,4
SF,IF2003,2020-01-16 09:32:30.600,4182.6000,44688,-1,781290600.000,1,0,1,双平,S,4182.2000,4182.0000,4181.4000,4181.2000,4181.0000,4183.2000,4183.4000,4184.0000,4184.2000,4184.6000,1,4,2,3,1,1,2,2,4,1
SF,IF2003,2020-01-16 09:32:31.100,4182.6000,44688,0,781290600.000,0,-,-,-,-,4182.2000,4182.0000,4181.4000,4181.2000,4181.0000,4183.4000,4184.0000,4184.2000,4184.6000,4185.0000,1,4,2,3,1,3,2,4,1,2
SF,IF2003,2020-01-16 09:32:31.600,4182.6000,44688,0,781290600.000,0,-,-,-,-,4182.4000,4182.2000,4182.0000,4181.4000,4181.2000,4183.2000,4183.4000,4184.0000,4184.2000,4184.6000,3,1,4,1,3,2,3,2,4,1
SF,IF2003,2020-01-16 09:32:32.100,4182.6000,44688,0,781290600.000,0,-,-,-,-,4182.4000,4182.2000,4182.0000,4181.8000,4181.4000,4183.2000,4183.4000,4184.0000,4184.2000,4184.6000,1,1,4,1,1,2,2,2,4,1
SF,IF2003,2020-01-16 09:32:32.600,4182.4000,44688,0,782545320.000,1,0,1,多换,S,4182.2000,4182.0000,4181.8000,4181.4000,4181.2000,4183.2000,4183.4000,4184.0000,4184.2000,4184.6000,1,4,1,1,3,2,2,2,4,1
SF,IF2003,2020-01-16 09:32:33.100,4182.4000,44688,0,782545320.000,0,-,-,-,-,4182.2000,4182.0000,4181.8000,4181.4000,4181.2000,4183.2000,4183.4000,4184.0000,4184.2000,4184.6000,1,3,1,1,3,2,2,2,4,1
SF,IF2003,2020-01-16 09:32:33.600,4182.2000,44688,0,785054700.000,2,1,1,多换,S,4182.0000,4181.8000,4181.4000,4181.2000,4181.0000,4182.2000,4183.2000,4183.4000,4184.0000,4184.2000,3,1,1,3,1,3,2,2,2,4
SF,IF2003,2020-01-16 09:32:34.100,4182.2000,44689,1,786309360.000,1,1,0,双开,S,4181.8000,4181.4000,4181.2000,4181.0000,4180.4000,4182.2000,4183.4000,4184.0000,4184.2000,4184.6000,1,1,3,1,1,2,2,2,4,1
SF,IF2003,2020-01-16 09:32:34.600,4182.2000,44689,0,787564020.000,1,0,1,多换,S,4182.0000,4181.8000,4181.4000,4181.2000,4181.0000,4182.2000,4183.4000,4184.0000,4184.2000,4184.6000,3,1,1,3,1,1,2,2,4,1
SF,IF2003,2020-01-16 09:32:35.100,4182.2000,44689,0,788818680.000,1,0,1,多换,S,4181.4000,4181.2000,4181.0000,4180.4000,4180.2000,4182.0000,4183.4000,4184.0000,4184.2000,4184.6000,1,3,1,1,1,1,2,2,4,1
SF,IF2003,2020-01-16 09:32:35.600,4182.2000,44687,-2,791328000.000,2,0,2,双平,S,4182.4000,4181.2000,4181.0000,4180.4000,4180.2000,4183.4000,4184.0000,4184.2000,4184.6000,4185.0000,1,3,1,1,1,2,2,4,1,2
SF,IF2003,2020-01-16 09:32:36.100,4182.4000,44687,0,792582720.000,1,0,1,多换,S,4182.2000,4182.0000,4181.2000,4181.0000,4180.4000,4182.4000,4183.2000,4183.4000,4184.0000,4184.2000,2,2,3,1,1,1,1,2,2,3
SF,IF2003,2020-01-16 09:32:36.600,4182.4000,44687,0,792582720.000,0,-,-,-,-,4182.2000,4182.0000,4181.2000,4181.0000,4180.4000,4183.2000,4183.4000,4184.0000,4184.2000,4184.6000,2,2,3,1,1,1,2,2,3,1
SF,IF2003,2020-01-16 09:32:37.100,4182.0000,44683,-4,797601240.000,4,0,4,双平,S,4181.2000,4181.0000,4180.4000,4180.2000,4180.0000,4183.2000,4183.4000,4184.0000,4184.2000,4184.6000,3,1,1,1,3,2,2,2,3,1
SF,IF2003,2020-01-16 09:32:37.600,4182.0000,44683,0,797601240.000,0,-,-,-,-,4181.4000,4181.2000,4181.0000,4180.4000,4180.2000,4183.0000,4183.2000,4183.4000,4184.0000,4184.2000,5,3,1,1,1,4,2,2,2,3
SF,IF2003,2020-01-16 09:32:38.100,4182.0000,44683,0,797601240.000,0,-,-,-,-,4181.4000,4181.2000,4181.0000,4180.4000,4180.2000,4182.8000,4183.0000,4183.4000,4184.0000,4184.2000,5,3,1,1,1,4,2,2,2,3
SF,IF2003,2020-01-16 09:32:38.600,4181.4000,44683,0,798855660.000,1,0,1,多换,S,4181.4000,4181.2000,4181.0000,4180.4000,4180.2000,4182.8000,4183.0000,4183.4000,4184.0000,4184.2000,2,3,1,1,1,4,1,2,2,3
SF,IF2003,2020-01-16 09:32:39.100,4181.4000,44683,0,798855660.000,0,-,-,-,-,4181.4000,4181.2000,4181.0000,4180.4000,4180.2000,4182.6000,4182.8000,4183.0000,4183.4000,4184.0000,1,3,1,1,1,1,4,1,2,2
SF,IF2003,2020-01-16 09:32:39.600,4181.4000,44683,0,798855660.000,0,-,-,-,-,4181.2000,4181.0000,4180.4000,4180.2000,4180.0000,4181.4000,4182.4000,4182.6000,4182.8000,4183.0000,3,1,1,1,3,1,2,1,2,1
SF,IF2003,2020-01-16 09:32:40.100,4181.4000,44682,-1,800110080.000,1,0,1,双平,S,4181.4000,4181.2000,4181.0000,4180.4000,4180.2000,4182.8000,4183.0000,4183.4000,4184.0000,4184.2000,2,3,1,1,1,1,1,2,3,3
SF,IF2003,2020-01-16 09:32:40.600,4181.4000,44682,0,800110080.000,0,-,-,-,-,4181.4000,4181.2000,4181.0000,4180.4000,4180.2000,4182.6000,4182.8000,4183.0000,4183.4000,4184.0000,1,3,1,1,1,1,1,1,2,3
SF,IF2003,2020-01-16 09:32:41.100,4182.2000,44681,-1,801364740.000,1,0,1,双平,S,4181.2000,4181.0000,4180.6000,4180.4000,4180.2000,4182.4000,4182.6000,4183.0000,4183.4000,4184.0000,3,1,1,1,1,3,2,1,1,3
SF,IF2003,2020-01-16 09:32:41.600,4181.6000,44681,0,802619220.000,1,0,1,多换,S,4181.2000,4181.0000,4180.6000,4180.4000,4180.2000,4181.4000,4182.2000,4182.4000,4182.6000,4183.0000,3,1,1,1,1,1,4,1,1,1
SF,IF2003,2020-01-16 09:32:42.100,4181.4000,44681,0,803873640.000,1,0,1,多换,S,4181.4000,4181.2000,4181.0000,4180.6000,4180.4000,4182.2000,4182.4000,4183.0000,4183.4000,4184.0000,1,3,1,1,1,2,1,1,1,3
SF,IF2003,2020-01-16 09:32:42.600,4181.4000,44681,0,803873640.000,0,-,-,-,-,4181.6000,4181.4000,4181.2000,4181.0000,4180.6000,4183.0000,4183.4000,4184.0000,4184.2000,4184.6000,1,2,3,1,1,1,1,3,3,1
SF,IF2003,2020-01-16 09:32:43.100,4181.4000,44680,-1,805128060.000,1,0,1,双平,S,4181.4000,4181.2000,4181.0000,4180.6000,4180.4000,4182.0000,4182.8000,4183.4000,4184.0000,4184.2000,2,3,1,1,1,1,1,1,3,3
SF,IF2003,2020-01-16 09:32:43.600,4181.4000,44682,2,810146040.000,4,3,1,空开,S,4181.2000,4181.0000,4180.6000,4180.4000,4180.2000,4181.4000,4182.8000,4183.4000,4184.0000,4184.2000,3,1,1,1,1,12,1,1,3,3
SF,IF2003,2020-01-16 09:32:44.100,4181.4000,44681,-1,827707920.000,14,6,8,多平,S,4181.4000,4181.2000,4181.0000,4180.6000,4180.4000,4182.8000,4183.4000,4184.0000,4184.2000,4184.6000,2,3,1,1,1,1,1,3,3,1
SF,IF2003,2020-01-16 09:32:44.600,4181.4000,44681,0,827707920.000,0,-,-,-,-,4181.4000,4181.2000,4181.0000,4180.6000,4180.4000,4182.6000,4182.8000,4183.0000,4183.4000,4184.0000,2,3,1,1,1,2,2,1,1,3
SF,IF2003,2020-01-16 09:32:45.100,4181.4000,44681,0,827707920.000,0,-,-,-,-,4181.4000,4181.2000,4181.0000,4180.6000,4180.4000,4182.4000,4182.6000,4182.8000,4183.0000,4183.4000,2,5,1,1,1,2,1,2,1,1
SF,IF2003,2020-01-16 09:32:45.600,4181.4000,44681,0,827707920.000,0,-,-,-,-,4181.2000,4181.0000,4180.6000,4180.4000,4180.2000,4182.2000,4182.4000,4182.6000,4182.8000,4183.0000,6,1,1,1,1,1,2,1,1,1
SF,IF2003,2020-01-16 09:32:46.100,4181.4000,44681,0,827707920.000,0,-,-,-,-,4181.2000,4181.0000,4180.6000,4180.4000,4180.2000,4182.0000,4182.2000,4182.4000,4182.6000,4182.8000,6,1,1,1,1,1,1,2,1,1
SF,IF2003,2020-01-16 09:32:46.600,4181.4000,44681,0,827707920.000,0,-,-,-,-,4181.2000,4181.0000,4180.6000,4180.4000,4180.2000,4182.0000,4182.2000,4182.4000,4182.6000,4182.8000,6,1,1,1,1,2,1,1,1,1
SF,IF2003,2020-01-16 09:32:48.600,4181.4000,44681,0,827707920.000,0,-,-,-,-,4181.2000,4181.0000,4180.6000,4180.4000,4180.2000,4181.8000,4182.0000,4182.2000,4182.4000,4182.6000,6,1,1,1,1,3,2,1,1,1
SF,IF2003,2020-01-16 09:32:49.100,4181.2000,44681,0,828962280.000,1,0,1,多换,S,4181.2000,4181.0000,4180.6000,4180.4000,4180.2000,4181.6000,4181.8000,4182.0000,4182.4000,4182.6000,5,1,1,1,1,1,3,2,1,1
SF,IF2003,2020-01-16 09:32:49.600,4181.2000,44681,0,828962280.000,0,-,-,-,-,4181.4000,4181.2000,4181.0000,4180.6000,4180.4000,4181.6000,4181.8000,4182.0000,4182.4000,4182.6000,1,6,1,1,1,1,3,2,1,1
SF,IF2003,2020-01-16 09:32:50.100,4181.4000,44680,-1,830216700.000,1,0,1,双平,S,4181.2000,4181.0000,4180.6000,4180.4000,4180.2000,4181.6000,4181.8000,4182.0000,4182.4000,4182.8000,7,1,1,1,1,1,3,2,1,1
SF,IF2003,2020-01-16 09:32:50.600,4181.4000,44680,0,830216700.000,0,-,-,-,-,4181.2000,4181.0000,4180.6000,4180.4000,4180.2000,4181.6000,4181.8000,4182.0000,4182.4000,4182.8000,7,1,1,1,1,1,3,2,1,1
SF,IF2003,2020-01-16 09:32:51.100,4181.2000,44680,0,831471060.000,1,0,1,多换,S,4181.2000,4181.0000,4180.6000,4180.4000,4180.2000,4181.6000,4181.8000,4182.0000,4182.4000,4182.8000,6,1,1,1,1,1,3,2,1,1
SF,IF2003,2020-01-16 09:32:52.100,4181.2000,44680,0,831471060.000,0,-,-,-,-,4181.4000,4181.2000,4181.0000,4180.6000,4180.4000,4181.6000,4181.8000,4182.0000,4182.4000,4182.8000,1,6,1,1,1,1,3,2,1,1
SF,IF2003,2020-01-16 09:32:53.100,4181.2000,44680,0,831471060.000,0,-,-,-,-,4181.4000,4181.2000,4181.0000,4180.6000,4180.4000,4181.6000,4181.8000,4182.0000,4182.4000,4182.8000,1,6,1,1,1,1,3,1,1,1
SF,IF2003,2020-01-16 09:32:53.600,4181.4000,44680,0,833979900.000,2,1,1,多换,S,4181.2000,4181.0000,4180.6000,4180.4000,4180.2000,4181.4000,4181.6000,4181.8000,4182.0000,4182.4000,6,1,1,1,1,2,1,3,1,1
SF,IF2003,2020-01-16 09:32:54.100,4181.4000,44680,0,833979900.000,0,-,-,-,-,4181.2000,4181.0000,4180.6000,4180.4000,4180.2000,4181.4000,4181.8000,4182.0000,4182.4000,4182.8000,6,1,1,1,1,3,3,1,1,1
SF,IF2003,2020-01-16 09:32:54.600,4181.4000,44679,-1,840251880.000,5,2,3,多平,S,4181.4000,4181.2000,4181.0000,4180.6000,4180.4000,4181.8000,4182.0000,4182.4000,4182.8000,4183.0000,1,4,1,1,1,3,1,1,1,1
SF,IF2003,2020-01-16 09:32:55.100,4181.4000,44679,0,840251880.000,0,-,-,-,-,4181.2000,4181.0000,4180.6000,4180.4000,4180.2000,4182.0000,4182.4000,4182.8000,4183.0000,4183.4000,3,1,1,1,1,1,1,1,1,1
SF,IF2003,2020-01-16 09:32:55.600,4182.0000,44679,0,841506480.000,1,0,1,多换,S,4181.2000,4180.6000,4180.4000,4180.2000,4180.0000,4182.4000,4182.8000,4183.0000,4183.4000,4183.8000,3,1,1,1,3,1,1,1,1,1
SF,IF2003,2020-01-16 09:32:56.100,4181.4000,44679,0,842760900.000,1,0,1,多换,S,4182.0000,4181.4000,4181.2000,4180.6000,4180.4000,4182.4000,4182.8000,4183.0000,4183.4000,4183.8000,1,3,3,1,1,1,1,1,1,1
SF,IF2003,2020-01-16 09:32:56.600,4181.4000,44677,-2,845269740.000,2,0,2,双平,S,4181.4000,4181.2000,4180.6000,4180.4000,4180.2000,4182.0000,4182.4000,4182.8000,4183.0000,4183.4000,2,3,1,1,1,1,1,1,1,1
SF,IF2003,2020-01-16 09:32:57.100,4181.4000,44677,0,845269740.000,0,-,-,-,-,4181.4000,4181.2000,4180.6000,4180.4000,4180.2000,4181.8000,4182.0000,4182.4000,4182.8000,4183.0000,1,3,1,1,1,1,1,1,1,1
SF,IF2003,2020-01-16 09:32:57.600,4181.4000,44677,0,845269740.000,0,-,-,-,-,4181.4000,4181.2000,4180.6000,4180.4000,4180.2000,4181.8000,4182.0000,4182.4000,4182.8000,4183.0000,1,3,1,1,1,1,2,1,1,1
SF,IF2003,2020-01-16 09:32:58.100,4181.4000,44676,-1,847778580.000,2,0,2,多平,S,4181.4000,4181.2000,4180.6000,4180.4000,4180.2000,4181.8000,4182.0000,4182.4000,4182.8000,4183.0000,1,3,1,1,1,1,2,1,1,1
SF,IF2003,2020-01-16 09:32:58.600,4181.8000,44676,0,849033120.000,1,0,1,多换,S,4181.6000,4181.4000,4181.2000,4180.6000,4180.4000,4182.0000,4182.4000,4182.8000,4183.0000,4183.4000,1,1,3,1,1,2,1,1,1,1
SF,IF2003,2020-01-16 09:32:59.100,4181.8000,44676,0,849033120.000,0,-,-,-,-,4181.6000,4181.4000,4181.2000,4180.6000,4180.4000,4182.0000,4182.4000,4182.8000,4183.0000,4183.4000,1,1,3,1,1,2,1,1,1,1
SF,IF2003,2020-01-16 09:33:00.100,4181.6000,44675,-1,850287600.000,1,0,1,双平,S,4181.4000,4181.2000,4180.6000,4180.4000,4180.2000,4182.0000,4182.4000,4182.8000,4183.0000,4183.4000,1,3,1,1,1,2,1,1,1,1
SF,IF2003,2020-01-16 09:33:00.600,4181.6000,44675,0,851542080.000,1,0,1,多换,S,4181.4000,4181.2000,4180.6000,4180.4000,4180.2000,4181.8000,4182.0000,4182.4000,4182.8000,4183.0000,1,3,1,1,1,4,1,1,1,1
SF,IF2003,2020-01-16 09:33:01.100,4181.2000,44675,0,855305220.000,3,1,2,多换,S,4181.2000,4180.6000,4180.4000,4180.2000,4180.0000,4181.8000,4182.0000,4182.4000,4182.8000,4183.0000,1,1,1,1,3,1,1,1,1,1
SF,IF2003,2020-01-16 09:33:01.600,4181.2000,44674,-1,856559580.000,1,0,1,双平,S,4180.6000,4180.4000,4180.2000,4180.0000,4178.2000,4181.8000,4182.0000,4182.4000,4182.8000,4183.0000,1,1,1,3,1,1,1,1,1,1
SF,IF2003,2020-01-16 09:33:02.100,4181.2000,44674,0,856559580.000,0,-,-,-,-,4180.8000,4180.6000,4180.4000,4180.2000,4180.0000,4181.6000,4181.8000,4182.0000,4182.4000,4182.8000,1,1,1,1,3,1,2,1,1,1
SF,IF2003,2020-01-16 09:33:02.600,4181.2000,44664,-10,869103180.000,10,0,10,双平,S,4180.8000,4180.6000,4180.4000,4180.2000,4180.0000,4181.6000,4181.8000,4182.0000,4182.4000,4182.8000,1,1,1,1,3,1,1,1,1,1
SF,IF2003,2020-01-16 09:33:03.100,4180.8000,44663,-1,870357420.000,1,0,1,双平,S,4180.6000,4180.4000,4180.2000,4180.0000,4178.2000,4181.4000,4181.6000,4181.8000,4182.0000,4182.4000,1,1,1,3,1,1,1,1,1,1
SF,IF2003,2020-01-16 09:33:04.100,4180.6000,44663,0,871611600.000,1,0,1,多换,S,4180.4000,4180.2000,4180.0000,4178.2000,4178.0000,4181.4000,4181.6000,4181.8000,4182.0000,4182.4000,1,1,3,1,5,1,1,1,1,1
SF,IF2003,2020-01-16 09:33:04.600,4181.4000,44663,0,872866020.000,1,0,1,多换,S,4180.6000,4180.4000,4180.2000,4180.0000,4178.2000,4181.6000,4182.0000,4182.4000,4182.8000,4183.0000,2,1,1,3,1,1,1,1,1,1
SF,IF2003,2020-01-16 09:33:05.600,4181.4000,44663,0,872866020.000,0,-,-,-,-,4180.6000,4180.4000,4180.2000,4180.0000,4178.2000,4182.0000,4182.4000,4182.8000,4183.0000,4183.4000,2,1,1,3,1,1,1,1,1,1
SF,IF2003,2020-01-16 09:33:06.100,4181.8000,44663,0,874120560.000,1,0,1,多换,S,4180.8000,4180.6000,4180.4000,4180.2000,4180.0000,4181.8000,4182.0000,4182.4000,4182.8000,4183.0000,1,1,1,1,3,2,1,1,1,1
SF,IF2003,2020-01-16 09:33:06.600,4180.8000,44660,-3,877883340.000,3,0,3,双平,S,4180.4000,4180.2000,4180.0000,4178.2000,4178.0000,4180.8000,4181.6000,4181.8000,4182.0000,4182.4000,1,1,3,1,5,7,3,2,1,1
SF,IF2003,2020-01-16 09:33:07.100,4180.8000,44657,-3,882900300.000,4,0,4,多平,S,4180.6000,4180.4000,4180.2000,4180.0000,4178.2000,4180.8000,4181.6000,4181.8000,4182.0000,4182.4000,1,1,1,3,1,4,2,2,1,1
SF,IF2003,2020-01-16 09:33:07.600,4180.8000,44656,-1,884154540.000,1,0,1,双平,S,4180.6000,4180.4000,4180.2000,4180.0000,4178.2000,4180.8000,4181.6000,4181.8000,4182.0000,4182.4000,1,1,1,3,1,3,2,2,1,1
SF,IF2003,2020-01-16 09:33:08.100,4181.6000,44651,-5,890426220.000,5,0,5,双平,S,4181.8000,4181.4000,4181.2000,4181.0000,4180.8000,4182.0000,4182.4000,4183.0000,4183.8000,4184.0000,1,1,9,11,12,1,1,1,1,3
SF,IF2003,2020-01-16 09:33:08.600,4182.4000,44649,-2,892935540.000,2,0,2,双平,S,4181.8000,4181.2000,4181.0000,4180.8000,4180.4000,4183.0000,4183.8000,4184.0000,4184.2000,4184.6000,1,1,1,15,1,1,1,3,3,1
SF,IF2003,2020-01-16 09:33:09.100,4181.8000,44649,0,894190080.000,1,0,1,多换,S,4180.8000,4180.4000,4180.2000,4180.0000,4178.2000,4181.8000,4182.2000,4182.8000,4183.0000,4183.2000,10,1,2,3,1,1,1,9,1,1
SF,IF2003,2020-01-16 09:33:09.600,4181.8000,44649,0,894190080.000,0,-,-,-,-,4181.0000,4180.8000,4180.4000,4180.2000,4180.0000,4181.8000,4182.8000,4183.0000,4183.2000,4183.8000,4,9,1,2,3,1,2,1,1,1
SF,IF2003,2020-01-16 09:33:10.100,4181.8000,44649,0,894190080.000,0,-,-,-,-,4181.0000,4180.8000,4180.4000,4180.2000,4180.0000,4181.8000,4182.8000,4183.0000,4183.2000,4183.8000,4,7,1,2,3,1,2,1,1,1
SF,IF2003,2020-01-16 09:33:10.600,4181.8000,44649,0,894190080.000,0,-,-,-,-,4181.2000,4181.0000,4180.8000,4180.4000,4180.2000,4181.8000,4182.0000,4182.8000,4183.0000,4183.2000,1,3,5,1,2,1,1,2,1,1
SF,IF2003,2020-01-16 09:33:11.100,4181.8000,44649,0,894190080.000,0,-,-,-,-,4181.2000,4181.0000,4180.8000,4180.4000,4180.2000,4181.6000,4181.8000,4182.0000,4182.8000,4183.0000,1,1,5,1,2,2,1,1,1,1
SF,IF2003,2020-01-16 09:33:11.600,4181.8000,44649,0,894190080.000,0,-,-,-,-,4181.0000,4180.8000,4180.4000,4180.2000,4180.0000,4181.4000,4181.8000,4182.0000,4182.8000,4183.0000,1,2,1,2,3,2,1,1,1,1
SF,IF2003,2020-01-16 09:33:12.100,4181.0000,44648,-1,895444380.000,1,0,1,双平,S,4180.8000,4180.4000,4180.2000,4180.0000,4178.2000,4181.2000,4181.8000,4182.0000,4182.8000,4183.0000,2,1,2,3,1,2,1,1,1,1
SF,IF2003,2020-01-16 09:33:12.600,4181.0000,44648,0,895444380.000,0,-,-,-,-,4180.8000,4180.4000,4180.2000,4180.0000,4178.2000,4181.2000,4181.8000,4182.0000,4182.8000,4183.0000,2,1,2,2,1,2,1,1,1,1
SF,IF2003,2020-01-16 09:33:13.100,4181.0000,44648,0,895444380.000,0,-,-,-,-,4180.8000,4180.4000,4180.2000,4180.0000,4178.2000,4181.2000,4181.8000,4182.0000,4182.8000,4183.0000,2,1,2,2,1,2,1,1,1,1
SF,IF2003,2020-01-16 09:33:13.600,4180.8000,44646,-2,899207100.000,3,0,3,多平,S,4180.4000,4180.2000,4180.0000,4178.2000,4178.0000,4181.0000,4182.0000,4182.8000,4183.0000,4183.2000,1,2,2,1,5,2,1,1,1,1
SF,IF2003,2020-01-16 09:33:14.100,4180.8000,44646,0,899207100.000,0,-,-,-,-,4180.4000,4180.2000,4180.0000,4178.2000,4178.0000,4181.0000,4181.2000,4182.0000,4182.8000,4183.0000,1,2,2,1,5,2,1,1,1,1
SF,IF2003,2020-01-16 09:33:14.600,4180.4000,44646,0,900461220.000,1,0,1,多换,S,4180.2000,4180.0000,4178.2000,4178.0000,4176.8000,4180.8000,4181.0000,4181.2000,4182.0000,4182.8000,2,2,1,5,1,3,2,1,1,1
SF,IF2003,2020-01-16 09:33:15.100,4180.6000,44645,-1,904223640.000,3,1,2,多平,S,4180.2000,4180.0000,4178.2000,4178.0000,4176.8000,4180.8000,4181.0000,4181.2000,4182.0000,4182.8000,1,2,1,5,1,3,2,1,1,1
SF,IF2003,2020-01-16 09:33:15.600,4180.2000,44645,0,905477700.000,1,0,1,多换,S,4180.0000,4178.2000,4178.0000,4176.8000,4176.2000,4180.2000,4180.6000,4180.8000,4181.2000,4182.0000,2,1,5,1,1,3,3,3,1,1
SF,IF2003,2020-01-16 09:33:16.100,4180.0000,44644,-1,907985700.000,2,0,2,多平,S,4178.2000,4178.0000,4176.8000,4176.2000,4176.0000,4180.0000,4180.6000,4180.8000,4181.2000,4182.0000,1,5,1,1,1,3,3,3,1,1
SF,IF2003,2020-01-16 09:33:16.600,4178.6000,44644,0,909239280.000,1,0,1,多换,S,4178.6000,4178.4000,4178.2000,4178.0000,4176.8000,4180.0000,4180.6000,4180.8000,4181.2000,4182.0000,4,9,2,6,1,3,3,1,1,1
SF,IF2003,2020-01-16 09:33:17.100,4178.6000,44643,-1,910492860.000,1,0,1,双平,S,4178.8000,4178.6000,4178.4000,4178.2000,4178.0000,4179.6000,4179.8000,4180.0000,4180.4000,4180.6000,2,4,4,2,6,1,2,3,1,3
SF,IF2003,2020-01-16 09:33:17.600,4179.6000,44643,0,911746740.000,1,0,1,多换,S,4179.2000,4178.8000,4178.6000,4178.4000,4178.2000,4179.8000,4180.4000,4180.6000,4181.2000,4182.0000,1,3,4,4,2,1,1,3,1,1
SF,IF2003,2020-01-16 09:33:18.100,4179.8000,44642,-1,913000680.000,1,0,1,双平,S,4180.2000,4179.8000,4179.2000,4178.8000,4178.6000,4180.4000,4180.6000,4181.2000,4182.0000,4183.0000,1,1,1,2,4,1,3,1,1,1
SF,IF2003,2020-01-16 09:33:18.600,4180.2000,44641,-1,914254740.000,1,0,1,双平,S,4179.2000,4178.8000,4178.6000,4178.4000,4178.2000,4180.2000,4180.4000,4180.6000,4181.2000,4182.0000,1,1,4,2,2,2,1,2,1,1
SF,IF2003,2020-01-16 09:33:19.100,4179.6000,44642,1,915508620.000,1,1,0,双开,S,4179.4000,4179.2000,4178.4000,4178.2000,4178.0000,4180.4000,4180.6000,4181.2000,4182.0000,4183.0000,9,2,2,2,6,1,2,1,1,1
SF,IF2003,2020-01-16 09:33:20.100,4179.4000,44642,0,916762440.000,1,0,1,多换,S,4179.4000,4179.2000,4178.4000,4178.2000,4178.0000,4180.4000,4180.6000,4181.2000,4182.0000,4183.0000,7,2,2,2,6,2,2,1,1,1
SF,IF2003,2020-01-16 09:33:20.600,4179.4000,44642,0,916762440.000,0,-,-,-,-,4179.4000,4179.2000,4178.4000,4178.2000,4178.0000,4180.4000,4180.6000,4181.2000,4182.0000,4183.0000,7,2,2,3,6,2,2,1,1,1
SF,IF2003,2020-01-16 09:33:21.600,4180.4000,44641,-1,918016560.000,1,0,1,双平,S,4180.4000,4180.0000,4179.8000,4179.6000,4179.4000,4180.6000,4181.2000,4182.0000,4183.0000,4183.2000,1,1,3,2,7,2,1,1,1,1
SF,IF2003,2020-01-16 09:33:22.100,4180.4000,44641,0,918016560.000,0,-,-,-,-,4180.6000,4180.4000,4180.0000,4179.8000,4179.6000,4181.2000,4182.0000,4183.0000,4183.2000,4183.8000,5,2,1,3,2,1,1,1,1,1
SF,IF2003,2020-01-16 09:33:22.600,4180.6000,44642,1,919270740.000,1,1,0,双开,S,4180.8000,4180.6000,4180.4000,4180.0000,4179.8000,4181.0000,4181.2000,4183.0000,4183.2000,4183.8000,1,4,2,1,3,2,1,1,1,1
SF,IF2003,2020-01-16 09:33:23.100,4180.6000,44642,0,919270740.000,0,-,-,-,-,4180.8000,4180.4000,4180.0000,4179.6000,4179.4000,4181.2000,4183.0000,4183.2000,4183.8000,4184.0000,1,2,1,1,1,1,1,1,1,3
SF,IF2003,2020-01-16 09:33:23.600,4180.8000,44642,0,920524980.000,1,0,1,多换,S,4180.4000,4180.0000,4179.6000,4179.4000,4179.2000,4181.0000,4181.2000,4183.0000,4183.2000,4183.8000,2,1,1,1,1,2,1,1,1,1
SF,IF2003,2020-01-16 09:33:25.100,4180.4000,44641,-1,923033220.000,2,0,2,多平,S,4179.6000,4179.4000,4179.2000,4178.2000,4178.0000,4180.8000,4181.0000,4181.2000,4183.0000,4183.2000,1,1,1,3,6,8,2,1,1,1
SF,IF2003,2020-01-16 09:33:25.600,4180.4000,44641,0,923033220.000,0,-,-,-,-,4179.6000,4178.2000,4178.0000,4176.8000,4176.2000,4180.6000,4180.8000,4181.0000,4181.2000,4183.0000,1,3,6,1,1,8,6,2,1,1
SF,IF2003,2020-01-16 09:33:26.100,4180.4000,44641,0,923033220.000,0,-,-,-,-,4179.6000,4178.2000,4178.0000,4176.8000,4176.2000,4180.6000,4180.8000,4181.0000,4181.2000,4183.0000,2,3,6,1,1,8,5,2,1,1
SF,IF2003,2020-01-16 09:33:26.600,4179.8000,44640,-1,924287160.000,1,0,1,双平,S,4179.8000,4179.6000,4178.2000,4178.0000,4176.8000,4180.8000,4181.2000,4183.0000,4183.2000,4183.8000,3,1,3,6,1,5,1,1,1,1
SF,IF2003,2020-01-16 09:33:27.100,4179.8000,44640,0,924287160.000,0,-,-,-,-,4180.0000,4179.8000,4179.6000,4178.2000,4178.0000,4180.4000,4180.8000,4181.2000,4183.0000,4183.2000,1,2,1,3,6,1,5,1,1,1
SF,IF2003,2020-01-16 09:33:27.600,4179.8000,44640,0,924287160.000,0,-,-,-,-,4180.0000,4179.8000,4179.6000,4178.8000,4178.2000,4180.4000,4180.8000,4181.2000,4183.0000,4183.2000,1,2,1,1,3,1,5,1,1,1
SF,IF2003,2020-01-16 09:33:28.100,4179.8000,44640,0,925541100.000,1,0,1,多换,S,4179.8000,4179.6000,4178.8000,4178.2000,4178.0000,4180.4000,4180.8000,4181.2000,4183.0000,4183.2000,3,1,1,3,6,1,5,1,1,1
SF,IF2003,2020-01-16 09:33:28.600,4179.8000,44639,-1,926795040.000,1,0,1,双平,S,4179.8000,4179.6000,4178.8000,4178.2000,4178.0000,4180.4000,4180.8000,4181.2000,4183.0000,4183.2000,2,1,1,3,6,1,5,1,1,1
SF,IF2003,2020-01-16 09:33:29.100,4179.8000,44639,0,926795040.000,0,-,-,-,-,4179.8000,4179.6000,4178.8000,4178.2000,4178.0000,4180.4000,4180.8000,4181.2000,4183.0000,4183.2000,2,1,1,3,6,1,5,1,1,1
SF,IF2003,2020-01-16 09:33:29.600,4179.8000,44639,0,926795040.000,0,-,-,-,-,4179.8000,4179.6000,4179.0000,4178.8000,4178.2000,4180.4000,4180.8000,4181.2000,4183.0000,4183.2000,2,1,1,1,3,1,5,1,2,1
SF,IF2003,2020-01-16 09:33:30.100,4179.8000,44639,0,926795040.000,0,-,-,-,-,4179.8000,4179.6000,4179.0000,4178.8000,4178.2000,4180.4000,4180.8000,4181.2000,4183.0000,4183.2000,2,1,1,1,3,1,5,1,2,1
SF,IF2003,2020-01-16 09:33:31.100,4179.8000,44638,-1,929302920.000,2,0,2,多平,S,4179.6000,4179.0000,4178.8000,4178.2000,4178.0000,4180.2000,4180.4000,4180.8000,4181.2000,4183.0000,1,1,1,3,6,1,2,5,1,2
SF,IF2003,2020-01-16 09:33:31.600,4179.8000,44638,0,929302920.000,0,-,-,-,-,4179.6000,4179.0000,4178.2000,4178.0000,4176.8000,4180.4000,4180.8000,4181.2000,4183.0000,4183.2000,1,1,3,6,1,2,5,1,2,1
SF,IF2003,2020-01-16 09:33:32.100,4179.8000,44638,0,929302920.000,0,-,-,-,-,4179.6000,4179.0000,4178.2000,4178.0000,4176.8000,4180.2000,4180.4000,4180.8000,4181.2000,4183.0000,1,1,3,6,1,4,2,5,1,2
SF,IF2003,2020-01-16 09:33:32.600,4179.8000,44638,0,929302920.000,0,-,-,-,-,4179.6000,4179.0000,4178.2000,4178.0000,4176.8000,4180.2000,4180.4000,4180.8000,4181.2000,4183.0000,1,1,3,6,1,4,2,5,1,2
SF,IF2003,2020-01-16 09:33:33.100,4179.6000,44638,0,930556800.000,1,0,1,多换,S,4179.0000,4178.2000,4178.0000,4176.8000,4176.2000,4179.6000,4180.2000,4180.4000,4180.8000,4181.2000,1,3,6,1,1,1,5,2,5,1
SF,IF2003,2020-01-16 09:33:33.600,4179.6000,44638,0,931810680.000,1,0,1,多换,S,4179.6000,4179.0000,4178.2000,4178.0000,4176.8000,4180.2000,4180.4000,4180.8000,4181.0000,4181.2000,1,1,3,6,1,4,2,5,3,1
SF,IF2003,2020-01-16 09:33:34.100,4179.6000,44637,-1,934318440.000,2,0,2,多平,S,4179.0000,4178.2000,4178.0000,4176.8000,4176.2000,4179.6000,4180.0000,4180.2000,4180.4000,4180.8000,1,3,6,1,1,3,3,3,2,5
SF,IF2003,2020-01-16 09:33:34.600,4179.6000,44637,0,934318440.000,0,-,-,-,-,4179.0000,4178.2000,4178.0000,4176.8000,4176.2000,4179.6000,4180.0000,4180.2000,4180.4000,4180.8000,1,3,6,1,1,2,2,3,2,5
SF,IF2003,2020-01-16 09:33:35.100,4179.6000,44637,0,934318440.000,0,-,-,-,-,4179.2000,4179.0000,4178.2000,4178.0000,4176.8000,4179.6000,4180.0000,4180.2000,4180.4000,4180.8000,1,2,3,6,1,2,2,3,2,5
SF,IF2003,2020-01-16 09:33:35.600,4179.6000,44637,0,934318440.000,0,-,-,-,-,4179.2000,4179.0000,4178.2000,4178.0000,4176.8000,4179.6000,4180.0000,4180.2000,4180.4000,4180.8000,2,3,3,6,1,2,2,3,2,5
SF,IF2003,2020-01-16 09:33:36.100,4179.6000,44636,-1,936826200.000,2,0,2,多平,S,4179.6000,4179.2000,4179.0000,4178.2000,4178.0000,4180.0000,4180.2000,4180.4000,4180.8000,4181.0000,2,2,3,3,6,2,1,2,5,3
SF,IF2003,2020-01-16 09:33:36.600,4179.6000,44636,0,936826200.000,0,-,-,-,-,4180.0000,4179.6000,4179.2000,4179.0000,4178.2000,4180.2000,4180.4000,4180.8000,4181.0000,4181.2000,1,2,2,3,3,1,2,5,4,1
SF,IF2003,2020-01-16 09:33:37.100,4180.2000,44635,-1,938080260.000,1,0,1,双平,S,4180.0000,4179.6000,4179.2000,4179.0000,4178.2000,4180.4000,4180.8000,4181.0000,4181.2000,4182.0000,1,2,1,2,3,2,5,4,1,1
SF,IF2003,2020-01-16 09:33:37.600,4180.0000,44635,0,939334260.000,1,0,1,多换,S,4179.6000,4179.2000,4179.0000,4178.2000,4178.0000,4180.2000,4180.4000,4180.8000,4181.0000,4181.2000,2,1,2,3,6,1,2,5,4,1
SF,IF2003,2020-01-16 09:33:38.100,4180.0000,44635,0,939334260.000,0,-,-,-,-,4179.6000,4179.2000,4179.0000,4178.2000,4178.0000,4180.0000,4180.2000,4180.4000,4180.8000,4181.0000,2,1,2,3,5,1,1,2,5,4
SF,IF2003,2020-01-16 09:33:38.600,4180.0000,44635,0,939334260.000,0,-,-,-,-,4179.6000,4179.2000,4179.0000,4178.2000,4178.0000,4180.0000,4180.2000,4180.4000,4180.8000,4181.0000,2,1,2,3,5,1,1,2,5,4
SF,IF2003,2020-01-16 09:33:39.600,4180.0000,44635,0,939334260.000,0,-,-,-,-,4179.6000,4179.2000,4179.0000,4178.2000,4178.0000,4180.0000,4180.2000,4180.4000,4180.8000,4181.0000,2,1,2,3,5,1,1,2,5,4
SF,IF2003,2020-01-16 09:33:40.100,4180.0000,44635,0,940588260.000,1,0,1,多换,S,4179.2000,4179.0000,4178.2000,4178.0000,4176.8000,4180.2000,4180.4000,4180.8000,4181.0000,4181.2000,1,2,3,5,1,1,2,5,4,1
SF,IF2003,2020-01-16 09:33:40.600,4180.0000,44635,0,940588260.000,0,-,-,-,-,4179.4000,4179.2000,4179.0000,4178.2000,4178.0000,4180.2000,4180.4000,4180.8000,4181.0000,4181.2000,1,2,2,3,5,1,2,5,4,1
SF,IF2003,2020-01-16 09:33:41.600,4180.0000,44635,0,940588260.000,0,-,-,-,-,4179.4000,4179.2000,4179.0000,4178.2000,4178.0000,4180.2000,4180.4000,4180.8000,4181.0000,4181.2000,1,1,2,3,5,1,2,5,4,1
SF,IF2003,2020-01-16 09:33:42.100,4180.0000,44635,0,940588260.000,0,-,-,-,-,4179.4000,4179.2000,4179.0000,4178.2000,4178.0000,4180.0000,4180.2000,4180.4000,4180.8000,4181.0000,1,3,2,3,5,2,1,2,5,4
SF,IF2003,2020-01-16 09:33:42.600,4179.4000,44635,0,943095960.000,2,1,1,多换,S,4179.2000,4179.0000,4178.2000,4178.0000,4176.8000,4179.4000,4180.0000,4180.2000,4180.4000,4180.8000,3,2,3,5,1,4,2,1,2,5
SF,IF2003,2020-01-16 09:33:43.100,4179.4000,44637,2,946857420.000,3,2,1,空开,S,4179.2000,4179.0000,4178.2000,4178.0000,4176.8000,4179.4000,4180.0000,4180.2000,4180.4000,4180.8000,3,2,3,5,1,1,1,1,2,5
SF,IF2003,2020-01-16 09:33:43.600,4179.4000,44637,0,948111240.000,1,0,1,多换,S,4179.4000,4179.2000,4179.0000,4178.2000,4178.0000,4180.0000,4180.2000,4180.4000,4180.8000,4181.0000,1,3,3,3,5,1,1,2,5,4
SF,IF2003,2020-01-16 09:33:44.100,4179.4000,44637,0,948111240.000,0,-,-,-,-,4179.2000,4179.0000,4178.2000,4178.0000,4176.8000,4179.4000,4179.8000,4180.2000,4180.4000,4180.8000,3,2,3,5,1,6,5,1,2,5
SF,IF2003,2020-01-16 09:33:44.600,4179.4000,44634,-3,955634160.000,6,1,5,多平,S,4179.6000,4179.4000,4179.2000,4179.0000,4178.2000,4179.8000,4180.2000,4180.4000,4180.8000,4181.0000,1,2,3,2,3,2,1,2,5,4
SF,IF2003,2020-01-16 09:33:45.100,4179.4000,44634,0,955634160.000,0,-,-,-,-,4179.8000,4179.6000,4179.4000,4179.2000,4179.0000,4180.2000,4180.4000,4180.8000,4181.0000,4181.2000,3,1,3,3,2,1,2,5,4,1
SF,IF2003,2020-01-16 09:33:45.600,4180.2000,44633,-1,956888220.000,1,0,1,双平,S,4179.8000,4179.6000,4179.4000,4179.2000,4179.0000,4180.4000,4180.8000,4181.0000,4181.2000,4182.0000,3,1,3,3,2,2,6,4,1,1
SF,IF2003,2020-01-16 09:33:46.100,4180.2000,44633,0,956888220.000,0,-,-,-,-,4179.8000,4179.6000,4179.4000,4179.2000,4179.0000,4180.4000,4180.8000,4181.0000,4181.2000,4182.0000,3,1,3,3,2,2,6,1,1,1
SF,IF2003,2020-01-16 09:33:46.600,4180.2000,44633,0,956888220.000,0,-,-,-,-,4179.6000,4179.4000,4179.2000,4179.0000,4178.2000,4179.8000,4180.4000,4180.8000,4181.0000,4181.2000,1,3,3,2,3,2,2,6,1,1
SF,IF2003,2020-01-16 09:33:47.100,4179.8000,44631,-2,960650040.000,3,0,3,多平,S,4179.6000,4179.4000,4179.2000,4179.0000,4178.2000,4179.8000,4180.4000,4180.8000,4181.0000,4181.2000,1,3,3,2,3,5,2,6,1,1
SF,IF2003,2020-01-16 09:33:48.100,4179.8000,44629,-2,963157860.000,2,0,2,双平,S,4179.4000,4179.2000,4179.0000,4178.2000,4178.0000,4179.8000,4180.4000,4180.8000,4181.0000,4182.0000,2,3,2,3,5,4,2,6,1,1
SF,IF2003,2020-01-16 09:33:48.600,4179.8000,44628,-1,968173620.000,4,1,3,多平,S,4179.8000,4179.6000,4179.4000,4179.2000,4179.0000,4180.4000,4180.8000,4181.0000,4182.0000,4183.0000,1,1,1,3,2,2,6,1,1,2
SF,IF2003,2020-01-16 09:33:49.100,4179.8000,44628,0,969427560.000,1,0,1,多换,S,4179.6000,4179.4000,4179.2000,4179.0000,4178.2000,4180.2000,4180.4000,4180.8000,4181.0000,4182.0000,1,1,3,2,3,2,1,6,1,1
SF,IF2003,2020-01-16 09:33:49.600,4179.4000,44626,-2,973189200.000,3,0,3,多平,S,4179.2000,4179.0000,4178.2000,4178.0000,4176.8000,4179.4000,4180.2000,4180.4000,4180.8000,4181.0000,3,2,3,5,1,7,3,1,6,1
SF,IF2003,2020-01-16 09:33:50.100,4179.4000,44620,-6,981965940.000,7,0,7,多平,S,4180.0000,4179.6000,4179.4000,4179.2000,4179.0000,4180.2000,4180.4000,4180.8000,4181.0000,4182.0000,1,2,3,4,2,3,1,6,1,1
SF,IF2003,2020-01-16 09:33:50.600,4179.6000,44622,2,986981580.000,4,3,1,空开,S,4179.4000,4179.2000,4179.0000,4178.2000,4178.0000,4180.0000,4180.2000,4180.4000,4180.8000,4181.0000,6,4,2,3,5,6,3,1,6,1
SF,IF2003,2020-01-16 09:33:51.100,4179.6000,44622,0,986981580.000,0,-,-,-,-,4179.4000,4179.2000,4179.0000,4178.2000,4178.0000,4179.8000,4180.0000,4180.2000,4180.4000,4180.8000,6,4,2,3,5,1,1,3,1,6
SF,IF2003,2020-01-16 09:33:52.100,4179.6000,44622,0,986981580.000,0,-,-,-,-,4179.4000,4179.2000,4179.0000,4178.2000,4178.0000,4179.8000,4180.0000,4180.2000,4180.4000,4180.8000,5,3,2,3,5,1,1,3,1,6
SF,IF2003,2020-01-16 09:33:52.600,4179.4000,44619,-3,990743040.000,3,0,3,双平,S,4179.4000,4179.2000,4179.0000,4178.2000,4178.0000,4179.8000,4180.0000,4180.2000,4180.4000,4180.8000,2,3,2,3,5,1,1,3,1,6
SF,IF2003,2020-01-16 09:33:53.100,4179.4000,44619,0,993250680.000,2,1,1,多换,S,4179.2000,4179.0000,4178.2000,4178.0000,4176.8000,4179.6000,4179.8000,4180.0000,4180.2000,4180.4000,3,2,3,5,1,7,1,1,3,1
SF,IF2003,2020-01-16 09:33:53.600,4179.4000,44619,0,993250680.000,0,-,-,-,-,4179.2000,4179.0000,4178.2000,4178.0000,4176.8000,4179.6000,4180.0000,4180.2000,4180.4000,4180.8000,3,2,3,5,1,2,1,3,1,6
SF,IF2003,2020-01-16 09:33:54.100,4179.4000,44619,0,993250680.000,0,-,-,-,-,4179.4000,4179.2000,4179.0000,4178.2000,4178.0000,4179.6000,4180.0000,4180.2000,4180.4000,4180.8000,1,3,2,3,5,2,1,3,1,6
SF,IF2003,2020-01-16 09:33:54.600,4179.2000,44618,-1,997012020.000,3,1,2,多平,S,4179.2000,4179.0000,4178.2000,4178.0000,4176.8000,4179.4000,4179.6000,4180.0000,4180.2000,4180.4000,1,2,3,5,1,1,2,1,7,1
SF,IF2003,2020-01-16 09:33:55.100,4179.2000,44619,1,998265780.000,1,1,0,双开,S,4179.0000,4178.2000,4178.0000,4176.8000,4176.2000,4179.4000,4179.6000,4180.0000,4180.2000,4180.4000,2,3,5,1,1,1,2,1,7,1
SF,IF2003,2020-01-16 09:33:56.100,4179.2000,44619,0,998265780.000,0,-,-,-,-,4179.0000,4178.2000,4178.0000,4176.8000,4176.2000,4179.4000,4179.6000,4180.0000,4180.2000,4180.4000,2,3,5,1,1,1,2,1,7,1
SF,IF2003,2020-01-16 09:33:56.600,4179.2000,44619,0,998265780.000,0,-,-,-,-,4179.0000,4178.2000,4178.0000,4176.8000,4176.2000,4179.4000,4179.6000,4179.8000,4180.0000,4180.2000,2,3,5,1,1,2,2,1,1,7
SF,IF2003,2020-01-16 09:33:57.100,4179.4000,44618,-1,999519600.000,1,0,1,双平,S,4179.0000,4178.2000,4178.0000,4176.8000,4176.2000,4179.4000,4179.8000,4180.0000,4180.2000,4180.4000,2,3,5,1,1,1,1,1,7,1
SF,IF2003,2020-01-16 09:33:57.600,4179.4000,44618,0,999519600.000,0,-,-,-,-,4179.2000,4179.0000,4178.2000,4178.0000,4176.8000,4179.4000,4179.8000,4180.2000,4180.4000,4180.8000,2,2,3,5,1,1,1,7,1,6
SF,IF2003,2020-01-16 09:33:58.100,4179.4000,44617,-1,1000773420.000,1,0,1,双平,S,4179.2000,4179.0000,4178.2000,4178.0000,4176.8000,4179.8000,4180.2000,4180.4000,4180.8000,4181.0000,2,2,3,5,1,1,7,1,6,1
SF,IF2003,2020-01-16 09:33:58.600,4179.4000,44617,0,1000773420.000,0,-,-,-,-,4179.2000,4179.0000,4178.2000,4178.0000,4176.8000,4179.8000,4180.2000,4180.4000,4180.8000,4181.0000,2,2,3,5,1,1,7,1,6,1
SF,IF2003,2020-01-16 09:33:59.600,4179.2000,44616,-1,1002027180.000,1,0,1,双平,S,4179.2000,4179.0000,4178.2000,4178.0000,4176.8000,4179.8000,4180.2000,4180.4000,4180.8000,4181.0000,1,2,3,5,1,1,7,1,6,1
SF,IF2003,2020-01-16 09:34:00.100,4179.2000,44616,0,1002027180.000,0,-,-,-,-,4179.2000,4179.0000,4178.2000,4178.0000,4177.0000,4179.6000,4179.8000,4180.2000,4180.4000,4180.8000,1,2,3,5,1,2,1,7,1,6
SF,IF2003,2020-01-16 09:34:00.600,4179.6000,44617,1,1007042460.000,4,2,2,空开,S,4179.0000,4178.2000,4178.0000,4177.0000,4176.8000,4179.8000,4180.2000,4180.4000,4180.8000,4181.0000,2,3,5,1,1,1,7,1,6,1
SF,IF2003,2020-01-16 09:34:01.100,4179.6000,44618,1,1008296340.000,1,1,0,双开,S,4179.2000,4179.0000,4178.2000,4178.0000,4177.0000,4179.6000,4179.8000,4180.2000,4180.4000,4180.8000,1,2,3,5,1,5,1,3,1,6
SF,IF2003,2020-01-16 09:34:01.600,4179.6000,44618,0,1008296340.000,0,-,-,-,-,4179.2000,4179.0000,4178.2000,4178.0000,4177.0000,4179.6000,4179.8000,4180.2000,4180.4000,4180.8000,1,3,3,5,1,4,1,3,1,6
SF,IF2003,2020-01-16 09:34:02.100,4179.0000,44617,-1,1010803800.000,2,0,2,多平,S,4179.0000,4178.2000,4178.0000,4177.0000,4176.8000,4179.4000,4179.6000,4179.8000,4180.2000,4180.4000,2,3,5,1,1,2,4,1,3,1
SF,IF2003,2020-01-16 09:34:02.600,4179.0000,44617,0,1012057500.000,1,0,1,多换,S,4179.0000,4178.2000,4178.0000,4177.0000,4176.8000,4179.4000,4179.6000,4179.8000,4180.2000,4180.4000,1,3,6,1,1,2,4,1,3,1
SF,IF2003,2020-01-16 09:34:03.100,4179.0000,44617,0,1012057500.000,0,-,-,-,-,4179.0000,4178.2000,4178.0000,4177.0000,4176.8000,4179.4000,4179.6000,4179.8000,4180.2000,4180.4000,1,3,6,1,1,2,4,1,3,1
SF,IF2003,2020-01-16 09:34:03.600,4179.0000,44616,-1,1013311200.000,1,0,1,双平,S,4178.2000,4178.0000,4177.0000,4176.8000,4176.2000,4179.4000,4179.6000,4179.8000,4180.2000,4180.4000,3,6,1,1,1,2,4,1,3,1
SF,IF2003,2020-01-16 09:34:04.100,4179.6000,44613,-3,1017072840.000,3,0,3,双平,S,4179.4000,4179.2000,4179.0000,4178.6000,4178.4000,4179.8000,4180.2000,4180.4000,4180.8000,4181.0000,3,1,2,4,10,1,3,1,6,1
SF,IF2003,2020-01-16 09:34:04.600,4179.8000,44610,-3,1027104900.000,8,2,6,多平,S,4179.8000,4179.2000,4178.6000,4178.4000,4178.2000,4180.8000,4181.0000,4182.0000,4183.0000,4183.8000,3,1,4,10,4,6,1,1,2,1
SF,IF2003,2020-01-16 09:34:05.100,4179.8000,44611,1,1030866720.000,3,2,1,空开,S,4180.0000,4179.8000,4179.2000,4178.4000,4178.2000,4180.8000,4181.0000,4182.0000,4183.0000,4183.8000,2,4,1,10,4,6,1,1,2,1
SF,IF2003,2020-01-16 09:34:05.600,4179.8000,44612,1,1033374600.000,2,1,1,空开,S,4179.8000,4179.2000,4178.4000,4178.2000,4178.0000,4180.8000,4181.0000,4182.0000,4183.0000,4183.8000,4,1,8,4,6,6,1,1,2,1
SF,IF2003,2020-01-16 09:34:06.100,4179.8000,44612,0,1033374600.000,0,-,-,-,-,4179.8000,4179.2000,4179.0000,4178.4000,4178.2000,4180.8000,4181.0000,4182.0000,4183.0000,4183.8000,4,1,1,5,4,6,1,1,2,1
SF,IF2003,2020-01-16 09:34:06.600,4179.8000,44612,0,1033374600.000,0,-,-,-,-,4180.0000,4179.8000,4179.2000,4179.0000,4178.4000,4180.6000,4180.8000,4181.0000,4182.0000,4183.0000,1,5,1,1,5,1,6,1,1,2
SF,IF2003,2020-01-16 09:34:07.100,4179.8000,44612,0,1033374600.000,0,-,-,-,-,4180.0000,4179.8000,4179.2000,4179.0000,4178.4000,4180.8000,4181.0000,4182.0000,4183.0000,4183.8000,1,5,1,1,5,6,1,1,2,1
SF,IF2003,2020-01-16 09:34:07.600,4179.8000,44612,0,1033374600.000,0,-,-,-,-,4180.0000,4179.8000,4179.2000,4178.4000,4178.2000,4180.6000,4180.8000,4181.0000,4182.0000,4183.0000,3,5,1,5,4,1,6,1,1,2
SF,IF2003,2020-01-16 09:34:08.100,4179.8000,44612,0,1033374600.000,0,-,-,-,-,4180.0000,4179.8000,4179.2000,4178.4000,4178.2000,4180.4000,4180.8000,4181.0000,4182.0000,4183.0000,3,5,1,5,4,1,6,1,1,2
SF,IF2003,2020-01-16 09:34:08.600,4179.8000,44612,0,1033374600.000,0,-,-,-,-,4180.2000,4179.8000,4179.2000,4178.4000,4178.2000,4180.8000,4181.0000,4182.0000,4183.0000,4183.8000,1,5,1,5,4,6,1,1,2,1
SF,IF2003,2020-01-16 09:34:09.100,4180.0000,44612,0,1034628600.000,1,0,1,多换,S,4179.8000,4179.2000,4178.4000,4178.2000,4178.0000,4180.6000,4180.8000,4181.0000,4182.0000,4183.0000,5,1,5,4,6,4,6,1,1,2
SF,IF2003,2020-01-16 09:34:09.600,4180.0000,44612,0,1034628600.000,0,-,-,-,-,4179.8000,4179.2000,4178.4000,4178.2000,4178.0000,4180.6000,4180.8000,4181.0000,4182.0000,4183.0000,5,1,5,4,6,1,6,1,1,2
SF,IF2003,2020-01-16 09:34:10.100,4180.0000,44612,0,1034628600.000,0,-,-,-,-,4180.0000,4179.8000,4179.2000,4178.4000,4178.2000,4180.8000,4181.0000,4182.0000,4183.0000,4183.8000,1,5,1,5,4,6,1,1,2,1
SF,IF2003,2020-01-16 09:34:10.600,4180.0000,44612,0,1034628600.000,0,-,-,-,-,4180.0000,4179.8000,4179.2000,4178.4000,4178.2000,4180.8000,4181.0000,4182.0000,4183.0000,4183.8000,1,4,1,5,4,6,1,1,2,1
SF,IF2003,2020-01-16 09:34:11.100,4180.0000,44612,0,1034628600.000,0,-,-,-,-,4180.0000,4179.8000,4179.2000,4178.4000,4178.2000,4180.6000,4180.8000,4181.0000,4182.0000,4183.0000,1,4,1,5,4,2,6,2,1,2
SF,IF2003,2020-01-16 09:34:11.600,4180.6000,44611,-1,1035882780.000,1,0,1,双平,S,4180.0000,4179.8000,4179.2000,4178.4000,4178.2000,4180.6000,4180.8000,4181.0000,4182.0000,4183.0000,1,4,1,5,4,1,6,2,1,2
SF,IF2003,2020-01-16 09:34:12.100,4180.0000,44611,0,1037136780.000,1,0,1,多换,S,4179.8000,4179.2000,4178.4000,4178.2000,4178.0000,4180.8000,4181.0000,4182.0000,4183.0000,4183.8000,4,1,5,4,6,6,2,1,2,1
SF,IF2003,2020-01-16 09:34:12.600,4180.0000,44611,0,1037136780.000,0,-,-,-,-,4179.8000,4179.2000,4178.4000,4178.2000,4178.0000,4180.6000,4180.8000,4181.0000,4181.8000,4182.0000,2,1,5,4,6,1,6,3,1,1
SF,IF2003,2020-01-16 09:34:13.100,4180.0000,44611,0,1037136780.000,0,-,-,-,-,4179.8000,4179.2000,4178.4000,4178.2000,4178.0000,4180.4000,4180.8000,4181.0000,4181.8000,4182.0000,3,1,5,4,6,1,6,3,1,1
SF,IF2003,2020-01-16 09:34:13.600,4180.0000,44611,0,1037136780.000,0,-,-,-,-,4179.8000,4179.2000,4178.4000,4178.2000,4178.0000,4180.8000,4181.0000,4181.8000,4182.0000,4183.0000,3,1,5,4,6,6,3,1,1,2
SF,IF2003,2020-01-16 09:34:14.100,4180.6000,44612,1,1038390960.000,1,1,0,双开,S,4179.8000,4179.2000,4178.4000,4178.2000,4178.0000,4180.8000,4181.0000,4181.8000,4182.0000,4183.0000,2,1,5,4,6,6,3,1,11,2
SF,IF2003,2020-01-16 09:34:14.600,4180.6000,44612,0,1038390960.000,0,-,-,-,-,4179.8000,4179.2000,4178.4000,4178.2000,4178.0000,4180.8000,4181.0000,4181.8000,4182.0000,4183.0000,3,1,5,4,6,6,3,1,11,2
SF,IF2003,2020-01-16 09:34:15.100,4180.6000,44612,0,1038390960.000,0,-,-,-,-,4180.6000,4180.0000,4179.8000,4179.2000,4179.0000,4180.8000,4181.0000,4181.8000,4182.0000,4183.0000,1,4,2,1,1,6,3,1,11,2
SF,IF2003,2020-01-16 09:34:15.600,4180.8000,44607,-5,1044662160.000,5,0,5,双平,S,4180.0000,4179.8000,4179.2000,4179.0000,4178.4000,4180.6000,4180.8000,4181.0000,4181.8000,4182.0000,4,1,1,1,2,4,1,3,1,11
SF,IF2003,2020-01-16 09:34:16.100,4180.2000,44607,0,1052187120.000,6,3,3,多换,S,4180.2000,4180.0000,4179.8000,4179.2000,4179.0000,4180.8000,4181.0000,4181.8000,4182.0000,4183.0000,2,5,1,1,1,2,3,1,11,2
SF,IF2003,2020-01-16 09:34:16.600,4180.2000,44607,0,1054695240.000,2,1,1,多换,S,4180.0000,4179.8000,4179.2000,4179.0000,4178.4000,4180.8000,4181.0000,4181.8000,4182.0000,4183.0000,5,1,1,1,2,2,3,1,11,2
SF,IF2003,2020-01-16 09:34:17.100,4180.2000,44607,0,1054695240.000,0,-,-,-,-,4179.8000,4179.2000,4179.0000,4178.4000,4178.2000,4180.8000,4181.0000,4181.8000,4182.0000,4183.0000,1,1,1,2,4,2,3,1,11,2
SF,IF2003,2020-01-16 09:34:17.600,4180.2000,44607,0,1054695240.000,0,-,-,-,-,4179.8000,4179.2000,4179.0000,4178.4000,4178.2000,4180.8000,4181.0000,4181.8000,4182.0000,4183.0000,1,1,1,2,4,2,3,1,11,2
SF,IF2003,2020-01-16 09:34:18.100,4180.2000,44607,0,1054695240.000,0,-,-,-,-,4179.8000,4179.2000,4179.0000,4178.4000,4178.2000,4180.6000,4180.8000,4181.0000,4181.8000,4182.0000,2,1,1,2,4,1,2,3,1,11
SF,IF2003,2020-01-16 09:34:18.600,4180.2000,44607,0,1054695240.000,0,-,-,-,-,4179.8000,4179.2000,4179.0000,4178.4000,4178.2000,4180.2000,4180.6000,4180.8000,4181.0000,4181.8000,2,1,1,2,4,1,1,2,3,1
SF,IF2003,2020-01-16 09:34:19.100,4179.8000,44606,-1,1055949180.000,1,0,1,双平,S,4180.0000,4179.2000,4179.0000,4178.4000,4178.2000,4180.2000,4180.6000,4180.8000,4181.0000,4181.8000,2,1,1,2,4,1,1,2,3,1
SF,IF2003,2020-01-16 09:34:19.600,4180.0000,44603,-3,1060965120.000,4,0,4,多平,S,4179.0000,4178.4000,4178.2000,4178.0000,4177.0000,4180.0000,4180.2000,4180.8000,4181.0000,4181.8000,2,2,4,6,1,3,1,2,3,1
SF,IF2003,2020-01-16 09:34:20.100,4179.2000,44605,2,1063472880.000,2,2,0,双开,S,4179.8000,4179.2000,4179.0000,4178.4000,4178.2000,4180.2000,4180.8000,4181.0000,4181.8000,4182.0000,2,2,2,2,4,1,2,3,1,11
SF,IF2003,2020-01-16 09:34:20.600,4180.0000,44604,-1,1064726880.000,1,0,1,双平,S,4179.8000,4179.2000,4179.0000,4178.4000,4178.2000,4180.0000,4180.2000,4180.8000,4181.0000,4181.8000,2,1,4,2,4,3,1,2,3,1
SF,IF2003,2020-01-16 09:34:21.100,4179.8000,44603,-1,1067234760.000,2,0,2,多平,S,4179.2000,4179.0000,4178.4000,4178.2000,4178.0000,4179.4000,4180.0000,4180.2000,4180.8000,4181.0000,1,4,2,4,6,1,3,1,2,3
SF,IF2003,2020-01-16 09:34:21.600,4179.4000,44603,0,1068488580.000,1,0,1,多换,S,4179.6000,4179.4000,4179.0000,4178.4000,4178.2000,4180.0000,4180.2000,4180.8000,4181.0000,4181.8000,1,3,4,2,4,3,1,4,3,1
SF,IF2003,2020-01-16 09:34:22.100,4179.4000,44604,1,1069742400.000,1,1,0,双开,S,4179.4000,4179.0000,4178.4000,4178.2000,4178.0000,4180.0000,4180.2000,4180.8000,4181.0000,4181.8000,3,4,2,4,6,3,1,4,3,1
SF,IF2003,2020-01-16 09:34:22.600,4180.0000,44603,-1,1070996400.000,1,0,1,双平,S,4179.4000,4179.0000,4178.4000,4178.2000,4178.0000,4180.0000,4180.2000,4180.8000,4181.0000,4181.8000,3,4,2,4,6,2,1,4,3,1
SF,IF2003,2020-01-16 09:34:23.100,4180.0000,44603,0,1070996400.000,0,-,-,-,-,4179.6000,4179.4000,4179.2000,4179.0000,4178.4000,4180.2000,4180.8000,4181.0000,4181.8000,4182.0000,2,3,1,4,2,1,4,3,1,11
SF,IF2003,2020-01-16 09:34:23.600,4180.0000,44603,0,1070996400.000,0,-,-,-,-,4179.6000,4179.4000,4179.2000,4179.0000,4178.2000,4180.2000,4180.8000,4181.0000,4181.8000,4182.0000,3,3,1,3,3,1,4,3,1,11
SF,IF2003,2020-01-16 09:34:24.600,4180.0000,44603,0,1070996400.000,0,-,-,-,-,4179.6000,4179.4000,4179.2000,4179.0000,4178.2000,4180.2000,4180.8000,4181.0000,4181.8000,4182.0000,1,3,1,3,3,1,4,3,1,11
