市场代码,合约代码,时间,最新,持仓,增仓,成交额,成交量,开仓,平仓,成交类型,方向,买一价,买二价,买三价,买四价,买五价,卖一价,卖二价,卖三价,卖四价,卖五价,买一量,买二量,买三量,买四量,买五量,卖一量,卖二量,卖三量,卖四量,卖五量
SF,IF2009,2020-06-16 09:29:00.300,3825.0000,36927,0,50490000.000,44.000,-,-,-,-,3820.2000,3820.0000,3818.0000,3816.0000,3815.0000,3825.0000,3826.4000,3828.0000,3829.0000,3829.4000,1,6,4,5,7,1,1,11,2,1
SF,IF2009,2020-06-16 09:30:00.300,3828.8000,36931,4,81499860.000,27,15,12,空开,S,3828.4000,3827.8000,3827.0000,3826.8000,3826.0000,3830.0000,3831.0000,3833.0000,3833.6000,3834.4000,10,1,4,2,1,4,1,1,2,1
SF,IF2009,2020-06-16 09:30:00.800,3830.0000,36918,-13,114831720.000,29,8,21,多平,S,3830.0000,3829.0000,3828.8000,3828.6000,3828.4000,3833.6000,3836.4000,3837.0000,3837.4000,3837.8000,5,2,2,2,10,1,1,1,2,3
SF,IF2009,2020-06-16 09:30:01.300,3835.6000,36913,-5,127492740.000,11,3,8,多平,S,3835.6000,3833.8000,3833.6000,3830.6000,3830.4000,3837.8000,3838.0000,3838.2000,3839.4000,3840.0000,1,2,4,2,5,1,3,1,1,7
SF,IF2009,2020-06-16 09:30:01.800,3835.2000,36909,-4,139000440.000,10,3,7,多平,S,3835.8000,3834.6000,3834.4000,3833.8000,3833.6000,3837.6000,3837.8000,3838.0000,3838.2000,3839.4000,1,1,1,1,10,1,1,9,1,1
SF,IF2009,2020-06-16 09:30:02.300,3833.6000,36904,-5,147054960.000,7,1,6,多平,S,3834.0000,3833.6000,3832.0000,3831.4000,3830.6000,3835.6000,3835.8000,3837.0000,3837.4000,3837.6000,8,15,1,1,6,2,1,7,13,4
SF,IF2009,2020-06-16 09:30:02.800,3835.0000,36905,1,149355600.000,2,1,1,空开,S,3834.4000,3834.2000,3834.0000,3833.6000,3832.0000,3835.0000,3835.4000,3835.6000,3835.8000,3837.6000,1,1,8,16,1,6,14,2,1,4
SF,IF2009,2020-06-16 09:30:03.300,3835.0000,36906,1,181568220.000,28,14,14,空开,S,3834.0000,3833.6000,3832.0000,3830.6000,3830.2000,3835.4000,3835.6000,3835.8000,3837.6000,3837.8000,8,17,1,6,4,2,2,4,1,1
SF,IF2009,2020-06-16 09:30:03.800,3835.6000,36904,-2,186170460.000,4,1,3,多平,S,3835.6000,3834.0000,3833.6000,3832.0000,3830.6000,3835.8000,3837.8000,3838.0000,3838.2000,3839.4000,1,8,18,1,6,4,1,9,1,1
SF,IF2009,2020-06-16 09:30:04.300,3835.6000,36901,-3,189622500.000,3,0,3,双平,S,3835.2000,3834.0000,3833.6000,3830.6000,3830.2000,3835.8000,3837.8000,3838.0000,3838.2000,3839.4000,4,3,18,6,2,4,1,9,1,1
SF,IF2009,2020-06-16 09:30:04.800,3835.0000,36896,-5,195375240.000,5,0,5,双平,S,3834.0000,3833.6000,3830.6000,3830.2000,3830.0000,3835.6000,3835.8000,3837.8000,3838.0000,3838.2000,3,13,6,2,9,1,4,1,9,1
SF,IF2009,2020-06-16 09:30:05.300,3835.0000,36896,0,196525740.000,1,0,1,多换,S,3834.0000,3833.6000,3830.6000,3830.2000,3830.0000,3835.4000,3835.6000,3835.8000,3837.8000,3838.0000,3,13,6,2,9,1,2,4,1,9
SF,IF2009,2020-06-16 09:30:05.800,3834.0000,36894,-2,199976700.000,3,0,3,多平,S,3834.0000,3833.6000,3830.6000,3830.2000,3830.0000,3835.2000,3835.4000,3835.8000,3837.8000,3838.0000,1,13,6,2,9,1,2,4,1,9
SF,IF2009,2020-06-16 09:30:06.300,3835.2000,36882,-12,213783960.000,12,0,12,双平,S,3834.2000,3834.0000,3833.6000,3830.6000,3830.2000,3835.8000,3836.0000,3837.8000,3838.0000,3838.2000,1,2,13,6,2,3,1,1,9,1
SF,IF2009,2020-06-16 09:30:06.800,3835.6000,36871,-11,226441080.000,11,0,11,双平,S,3835.2000,3834.4000,3834.2000,3834.0000,3833.6000,3835.8000,3836.0000,3837.8000,3838.0000,3838.2000,2,1,2,1,13,1,1,1,14,1
SF,IF2009,2020-06-16 09:30:07.300,3836.0000,36869,-2,232194000.000,5,1,4,多平,S,3836.4000,3835.8000,3835.6000,3835.2000,3834.0000,3837.8000,3838.0000,3838.2000,3839.4000,3840.0000,13,13,1,5,1,1,14,1,1,9
SF,IF2009,2020-06-16 09:30:07.800,3837.8000,36867,-2,243703800.000,10,4,6,多平,S,3837.8000,3836.4000,3835.8000,3835.6000,3835.2000,3838.0000,3838.2000,3839.4000,3840.0000,3841.0000,3,5,19,1,5,14,1,1,9,1
SF,IF2009,2020-06-16 09:30:08.300,3838.0000,36860,-7,254065980.000,9,1,8,多平,S,3837.8000,3836.4000,3835.8000,3835.6000,3835.2000,3838.0000,3838.2000,3839.4000,3840.0000,3841.0000,1,5,20,1,5,12,1,1,9,1
SF,IF2009,2020-06-16 09:30:08.800,3838.0000,36858,-2,262123320.000,7,2,5,多平,S,3835.8000,3835.6000,3835.2000,3835.0000,3834.0000,3838.0000,3838.2000,3839.4000,3840.0000,3841.0000,20,1,5,1,1,11,1,1,9,1
SF,IF2009,2020-06-16 09:30:09.300,3838.0000,36858,0,262123320.000,0,-,-,-,-,3836.0000,3835.8000,3835.6000,3835.2000,3835.0000,3836.4000,3837.8000,3838.0000,3838.2000,3839.4000,1,20,1,5,1,1,4,11,1,1
SF,IF2009,2020-06-16 09:30:09.800,3838.0000,36840,-18,289751700.000,24,3,21,多平,S,3838.0000,3835.8000,3835.6000,3835.2000,3835.0000,3838.2000,3839.4000,3840.0000,3841.0000,3841.4000,4,15,1,5,1,1,1,9,1,1
SF,IF2009,2020-06-16 09:30:10.300,3838.2000,36836,-4,295508760.000,5,0,5,多平,S,3835.8000,3835.6000,3835.2000,3835.0000,3834.0000,3839.4000,3840.0000,3841.0000,3841.4000,3841.6000,15,1,5,1,1,1,9,1,1,2
SF,IF2009,2020-06-16 09:30:10.800,3839.4000,36829,-7,304720980.000,8,0,8,多平,S,3839.4000,3838.2000,3836.4000,3836.0000,3835.8000,3840.0000,3841.0000,3841.6000,3844.0000,3845.0000,3,1,2,3,15,10,1,2,2,6
SF,IF2009,2020-06-16 09:30:11.300,3839.4000,36816,-13,334670040.000,26,6,20,多平,S,3839.4000,3838.2000,3836.4000,3836.0000,3835.8000,3840.0000,3841.0000,3841.6000,3844.0000,3844.4000,1,1,5,3,15,3,1,2,2,1
SF,IF2009,2020-06-16 09:30:11.800,3839.4000,36808,-8,351945420.000,15,3,12,多平,S,3836.4000,3836.0000,3835.8000,3835.6000,3835.2000,3839.6000,3840.0000,3841.0000,3841.6000,3842.4000,3,3,15,1,5,3,2,1,2,1
SF,IF2009,2020-06-16 09:30:12.300,3840.0000,36804,-4,360008040.000,7,1,6,多平,S,3840.0000,3839.6000,3836.8000,3836.6000,3836.4000,3841.0000,3841.6000,3842.4000,3844.0000,3844.4000,4,5,5,3,3,1,2,1,2,1
SF,IF2009,2020-06-16 09:30:12.800,3841.0000,36799,-5,366921180.000,6,0,6,多平,S,3841.0000,3840.0000,3839.6000,3838.2000,3836.8000,3841.2000,3841.6000,3842.4000,3844.0000,3844.4000,8,3,10,1,5,1,2,1,2,1
SF,IF2009,2020-06-16 09:30:13.300,3841.2000,36785,-14,388813260.000,19,2,17,多平,S,3841.2000,3841.0000,3840.0000,3839.6000,3838.2000,3841.6000,3842.4000,3844.0000,3844.4000,3845.0000,2,2,3,9,1,2,1,2,1,6
SF,IF2009,2020-06-16 09:30:13.800,3841.6000,36774,-11,410707140.000,19,4,15,多平,S,3841.6000,3841.0000,3840.0000,3839.6000,3839.4000,3842.4000,3844.0000,3844.4000,3845.0000,3846.0000,3,1,3,9,1,1,1,1,6,1
SF,IF2009,2020-06-16 09:30:14.300,3841.6000,36763,-11,427994340.000,15,2,13,多平,S,3840.0000,3839.6000,3839.4000,3838.2000,3836.6000,3842.4000,3844.0000,3845.0000,3846.0000,3848.0000,3,9,1,1,2,1,1,6,1,12
SF,IF2009,2020-06-16 09:30:14.800,3842.0000,36754,-9,438367260.000,9,0,9,双平,S,3842.4000,3841.0000,3840.2000,3840.0000,3839.6000,3844.0000,3845.0000,3846.0000,3848.0000,3848.6000,8,2,2,2,9,1,6,1,12,1
SF,IF2009,2020-06-16 09:30:15.300,3842.4000,36749,-5,452201940.000,12,3,9,多平,S,3842.4000,3841.0000,3840.2000,3840.0000,3839.6000,3843.6000,3844.0000,3845.0000,3846.0000,3848.0000,3,2,4,2,9,3,2,6,1,12
SF,IF2009,2020-06-16 09:30:15.800,3843.4000,36746,-3,456813720.000,4,0,4,多平,S,3842.4000,3841.0000,3840.2000,3840.0000,3839.6000,3843.6000,3844.0000,3845.0000,3846.0000,3848.0000,13,2,4,2,9,4,1,6,1,12
SF,IF2009,2020-06-16 09:30:16.300,3843.0000,36744,-2,461424960.000,4,1,3,多平,S,3842.4000,3841.0000,3840.2000,3840.0000,3839.6000,3843.6000,3844.0000,3845.0000,3846.0000,3848.0000,16,2,1,3,9,4,1,6,1,12
SF,IF2009,2020-06-16 09:30:16.800,3842.4000,36744,0,464883120.000,3,1,2,多换,S,3842.4000,3841.0000,3840.2000,3840.0000,3839.6000,3843.0000,3843.2000,3843.4000,3843.6000,3844.0000,13,2,1,3,9,1,2,1,4,1
SF,IF2009,2020-06-16 09:30:17.300,3843.6000,36742,-2,468342060.000,3,0,3,多平,S,3843.6000,3842.6000,3842.4000,3841.0000,3840.2000,3844.0000,3845.0000,3846.0000,3848.0000,3848.6000,4,1,13,2,1,1,7,1,12,1
SF,IF2009,2020-06-16 09:30:17.800,3842.4000,36738,-4,477565260.000,8,2,6,多平,S,3842.4000,3841.0000,3840.2000,3840.0000,3839.6000,3843.0000,3843.8000,3844.0000,3845.0000,3846.0000,9,2,1,3,9,12,1,1,7,1
SF,IF2009,2020-06-16 09:30:18.300,3842.4000,36730,-8,489092640.000,10,1,9,多平,S,3841.0000,3840.2000,3840.0000,3839.6000,3839.4000,3842.4000,3843.0000,3843.4000,3843.6000,3843.8000,2,1,3,9,1,3,11,4,2,1
SF,IF2009,2020-06-16 09:30:18.800,3842.6000,36729,-1,497161860.000,7,3,4,多平,S,3841.2000,3841.0000,3840.2000,3840.0000,3839.6000,3843.0000,3843.6000,3844.0000,3845.0000,3846.0000,1,2,1,3,9,11,2,1,7,1
SF,IF2009,2020-06-16 09:30:19.300,3841.0000,36727,-2,500618820.000,3,0,3,多平,S,3840.2000,3840.0000,3839.6000,3839.4000,3838.2000,3841.0000,3843.0000,3843.6000,3844.0000,3845.0000,1,4,9,1,1,3,11,2,1,8
SF,IF2009,2020-06-16 09:30:19.800,3841.0000,36724,-3,504075720.000,3,0,3,双平,S,3841.0000,3840.4000,3840.0000,3839.6000,3839.4000,3843.0000,3843.6000,3844.0000,3845.0000,3846.0000,3,1,4,9,1,11,2,1,8,1
SF,IF2009,2020-06-16 09:30:20.300,3843.0000,36723,-1,506381520.000,2,0,2,多平,S,3841.2000,3840.0000,3839.6000,3839.4000,3838.2000,3842.2000,3842.4000,3842.6000,3843.0000,3843.6000,1,4,9,1,1,1,1,1,10,2
SF,IF2009,2020-06-16 09:30:20.800,3843.0000,36711,-12,520215840.000,12,0,12,双平,S,3842.2000,3841.4000,3840.0000,3839.6000,3839.4000,3842.4000,3842.6000,3843.0000,3843.6000,3844.0000,5,1,4,9,1,1,1,1,2,1
SF,IF2009,2020-06-16 09:30:21.300,3842.2000,36710,-1,523673880.000,3,1,2,多平,S,3842.2000,3841.4000,3841.0000,3840.0000,3839.6000,3842.6000,3843.0000,3843.4000,3843.6000,3844.0000,8,1,1,4,9,4,1,1,1,1
SF,IF2009,2020-06-16 09:30:21.800,3842.6000,36703,-7,531743100.000,7,0,7,双平,S,3842.6000,3842.2000,3841.4000,3841.0000,3840.0000,3843.0000,3843.4000,3843.6000,3844.0000,3845.0000,1,6,1,1,4,1,1,1,1,8
SF,IF2009,2020-06-16 09:30:22.300,3843.0000,36700,-3,536354400.000,4,0,4,多平,S,3842.6000,3842.2000,3841.4000,3841.0000,3840.0000,3843.4000,3843.6000,3844.0000,3845.0000,3845.8000,4,6,1,2,4,1,2,1,8,1
SF,IF2009,2020-06-16 09:30:22.800,3843.4000,36698,-2,543272040.000,6,2,4,多平,S,3843.4000,3843.0000,3842.6000,3842.2000,3841.4000,3843.6000,3844.0000,3845.0000,3845.8000,3846.0000,3,1,4,9,1,2,1,8,1,1
SF,IF2009,2020-06-16 09:30:23.300,3843.6000,36695,-3,547884300.000,4,0,4,多平,S,3843.6000,3843.4000,3843.0000,3842.8000,3842.6000,3844.0000,3845.0000,3845.8000,3846.0000,3848.0000,7,2,1,1,4,1,8,2,1,13
SF,IF2009,2020-06-16 09:30:23.800,3844.0000,36686,-9,559415280.000,10,0,10,多平,S,3844.0000,3843.6000,3843.4000,3843.0000,3842.8000,3845.0000,3845.8000,3846.0000,3848.0000,3848.6000,3,10,1,1,1,9,2,1,13,1
SF,IF2009,2020-06-16 09:30:24.300,3845.0000,36673,-13,577869840.000,16,1,15,多平,S,3845.0000,3844.0000,3843.6000,3843.4000,3843.0000,3845.8000,3846.0000,3847.4000,3848.0000,3848.6000,3,4,10,1,1,2,1,1,13,1
SF,IF2009,2020-06-16 09:30:24.800,3845.6000,36657,-16,598632540.000,18,1,17,多平,S,3843.6000,3843.4000,3843.0000,3842.6000,3842.4000,3845.8000,3846.0000,3847.4000,3848.0000,3848.6000,9,1,1,4,1,3,1,1,13,1
SF,IF2009,2020-06-16 09:30:25.300,3844.0000,36651,-6,609014100.000,9,1,8,多平,S,3845.8000,3843.6000,3843.4000,3843.0000,3842.6000,3846.0000,3847.4000,3848.0000,3848.6000,3849.8000,6,9,1,1,4,1,1,13,1,1
SF,IF2009,2020-06-16 09:30:25.800,3845.8000,36644,-7,624012780.000,13,3,10,多平,S,3845.0000,3844.0000,3843.6000,3843.4000,3843.0000,3847.4000,3848.0000,3848.6000,3849.8000,3850.0000,1,1,9,1,1,1,13,1,1,39
SF,IF2009,2020-06-16 09:30:26.300,3846.0000,36637,-7,642470700.000,16,4,12,多平,S,3843.6000,3843.4000,3843.0000,3842.6000,3842.4000,3846.0000,3846.4000,3847.2000,3848.0000,3848.6000,8,1,1,4,1,1,1,3,13,1
SF,IF2009,2020-06-16 09:30:26.800,3846.0000,36633,-4,649391760.000,6,1,5,多平,S,3846.0000,3843.8000,3843.6000,3843.4000,3843.0000,3846.4000,3846.8000,3847.2000,3847.4000,3848.0000,1,1,7,1,1,1,1,2,1,13
SF,IF2009,2020-06-16 09:30:27.300,3846.4000,36625,-8,663237720.000,12,2,10,多平,S,3846.6000,3846.4000,3845.0000,3843.8000,3843.6000,3846.8000,3847.0000,3847.2000,3847.4000,3848.0000,1,1,1,2,7,1,1,2,1,13
SF,IF2009,2020-06-16 09:30:27.800,3846.0000,36621,-4,670160520.000,6,1,5,多平,S,3846.4000,3843.8000,3843.6000,3843.4000,3843.0000,3846.6000,3847.0000,3847.2000,3847.4000,3848.0000,2,2,7,3,1,1,1,2,1,13
SF,IF2009,2020-06-16 09:30:28.300,3846.4000,36619,-2,672468360.000,2,0,2,双平,S,3843.8000,3843.6000,3843.4000,3843.0000,3842.6000,3845.8000,3846.4000,3847.2000,3847.4000,3848.0000,1,7,3,1,4,1,5,2,1,13
SF,IF2009,2020-06-16 09:30:28.800,3846.4000,36620,1,682853640.000,9,5,4,空开,S,3846.4000,3843.8000,3843.6000,3843.4000,3843.0000,3847.2000,3847.4000,3848.0000,3848.6000,3849.0000,11,1,7,3,1,2,1,13,1,1
SF,IF2009,2020-06-16 09:30:29.300,3846.6000,36621,1,694392900.000,10,5,5,空开,S,3846.4000,3843.8000,3843.6000,3843.4000,3843.0000,3847.0000,3847.2000,3847.4000,3848.0000,3848.6000,3,1,7,3,1,1,2,2,13,1
SF,IF2009,2020-06-16 09:30:29.800,3846.4000,36620,-1,700162740.000,5,2,3,多平,S,3843.8000,3843.6000,3843.4000,3843.0000,3842.6000,3846.4000,3846.6000,3846.8000,3847.2000,3847.4000,1,7,3,1,4,1,1,1,1,2
SF,IF2009,2020-06-16 09:30:30.300,3846.4000,36609,-11,712848660.000,11,0,11,双平,S,3843.8000,3843.6000,3843.4000,3843.0000,3842.6000,3846.2000,3846.6000,3846.8000,3847.2000,3847.4000,2,7,3,1,4,1,1,2,1,2
SF,IF2009,2020-06-16 09:30:30.800,3846.2000,36606,-3,719770200.000,6,1,5,多平,S,3844.0000,3843.6000,3843.4000,3843.0000,3842.6000,3846.6000,3846.8000,3847.2000,3847.4000,3848.0000,1,5,3,1,4,1,2,1,2,14
SF,IF2009,2020-06-16 09:30:31.300,3844.0000,36606,0,720923400.000,1,0,1,多换,S,3843.6000,3843.4000,3843.0000,3842.6000,3842.4000,3844.0000,3846.0000,3846.4000,3846.6000,3846.8000,5,3,1,4,1,2,1,8,1,2
SF,IF2009,2020-06-16 09:30:31.800,3844.0000,36602,-4,725536200.000,4,0,4,双平,S,3844.0000,3843.6000,3843.4000,3843.0000,3842.6000,3846.0000,3846.4000,3846.6000,3846.8000,3847.2000,3,5,3,1,4,3,9,2,2,1
SF,IF2009,2020-06-16 09:30:32.300,3845.0000,36600,-2,727842900.000,2,0,2,双平,S,3844.0000,3843.6000,3843.4000,3843.0000,3842.6000,3845.8000,3846.0000,3846.2000,3846.4000,3846.6000,1,5,3,1,4,1,3,2,8,2
SF,IF2009,2020-06-16 09:30:32.800,3845.6000,36599,-1,728996580.000,1,0,1,双平,S,3844.0000,3843.6000,3843.4000,3843.0000,3842.6000,3845.2000,3845.8000,3846.0000,3846.2000,3846.4000,1,5,3,1,4,1,3,3,1,8
SF,IF2009,2020-06-16 09:30:33.300,3844.0000,36600,1,730149780.000,1,1,0,双开,S,3843.6000,3843.4000,3843.0000,3842.6000,3842.4000,3845.0000,3845.2000,3845.4000,3845.8000,3846.0000,5,3,1,4,1,1,1,1,3,2
SF,IF2009,2020-06-16 09:30:33.800,3843.6000,36599,-1,731302860.000,1,0,1,双平,S,3843.6000,3843.4000,3843.0000,3842.6000,3842.4000,3844.0000,3845.0000,3845.2000,3845.4000,3845.8000,4,3,1,4,1,1,3,2,1,1
SF,IF2009,2020-06-16 09:30:34.300,3843.6000,36598,-1,732455940.000,1,0,1,双平,S,3843.6000,3843.4000,3843.0000,3842.6000,3842.4000,3844.0000,3844.4000,3845.0000,3845.2000,3845.4000,3,3,1,4,1,1,3,4,1,1
SF,IF2009,2020-06-16 09:30:34.800,3843.6000,36594,-4,737068380.000,4,0,4,双平,S,3843.4000,3843.0000,3842.6000,3842.4000,3842.2000,3843.6000,3844.4000,3845.0000,3845.2000,3845.8000,3,1,4,1,9,1,3,4,1,1
SF,IF2009,2020-06-16 09:30:35.300,3843.6000,36590,-4,743986500.000,6,1,5,多平,S,3842.6000,3842.4000,3842.2000,3841.0000,3840.2000,3844.4000,3845.0000,3845.2000,3845.8000,3846.0000,4,1,9,1,1,3,3,1,1,2
SF,IF2009,2020-06-16 09:30:35.800,3842.6000,36589,-1,746292120.000,2,0,2,多平,S,3842.6000,3842.4000,3842.2000,3841.0000,3840.2000,3843.6000,3844.4000,3845.0000,3845.2000,3845.8000,3,1,9,1,1,1,3,2,1,1
SF,IF2009,2020-06-16 09:30:36.300,3843.4000,36587,-2,748597920.000,2,0,2,双平,S,3842.6000,3842.4000,3842.2000,3841.0000,3840.2000,3843.4000,3843.6000,3844.2000,3844.4000,3845.0000,2,1,9,1,1,2,3,1,3,2
SF,IF2009,2020-06-16 09:30:36.800,3842.6000,36586,-1,752056440.000,3,1,2,多平,S,3842.6000,3842.4000,3842.2000,3841.0000,3840.2000,3843.2000,3843.4000,3843.6000,3844.2000,3844.4000,1,1,9,1,1,2,3,2,1,3
SF,IF2009,2020-06-16 09:30:37.300,3842.6000,36585,-1,754362000.000,2,0,2,多平,S,3842.4000,3842.2000,3841.0000,3840.2000,3840.0000,3843.0000,3843.2000,3843.4000,3843.6000,3844.4000,1,9,1,1,3,1,3,3,2,3
SF,IF2009,2020-06-16 09:30:37.800,3842.6000,36581,-4,760125480.000,5,0,5,多平,S,3842.2000,3841.0000,3840.2000,3840.0000,3839.6000,3842.6000,3842.8000,3843.0000,3843.2000,3843.4000,6,1,1,3,9,2,1,1,3,3
SF,IF2009,2020-06-16 09:30:38.300,3842.2000,36575,-6,767041440.000,6,0,6,双平,S,3841.0000,3840.2000,3840.0000,3839.6000,3839.4000,3842.4000,3842.6000,3842.8000,3843.0000,3843.2000,1,1,3,9,1,1,2,1,1,2
SF,IF2009,2020-06-16 09:30:38.800,3842.2000,36574,-1,769346400.000,2,0,2,多平,S,3840.2000,3840.0000,3839.6000,3839.4000,3839.0000,3842.0000,3842.4000,3842.6000,3842.8000,3843.2000,1,3,9,1,1,1,4,2,1,1
SF,IF2009,2020-06-16 09:30:39.300,3842.0000,36573,-1,771651600.000,2,0,2,多平,S,3840.2000,3840.0000,3839.6000,3839.4000,3839.0000,3842.2000,3842.4000,3842.6000,3842.8000,3843.2000,1,3,9,1,1,1,5,2,1,1
SF,IF2009,2020-06-16 09:30:39.800,3842.0000,36574,1,773956260.000,2,1,1,空开,S,3842.0000,3840.0000,3839.6000,3839.4000,3839.0000,3842.2000,3842.4000,3842.6000,3842.8000,3843.2000,1,3,9,1,1,2,5,2,1,1
SF,IF2009,2020-06-16 09:30:40.300,3842.0000,36572,-2,777414180.000,3,0,3,多平,S,3840.4000,3840.2000,3840.0000,3839.6000,3839.4000,3841.0000,3842.0000,3842.2000,3842.4000,3842.6000,1,1,4,9,1,1,1,1,4,2
SF,IF2009,2020-06-16 09:30:40.800,3841.0000,36571,-1,778566480.000,1,0,1,双平,S,3841.6000,3841.2000,3841.0000,3840.4000,3840.2000,3842.0000,3842.2000,3842.4000,3842.6000,3842.8000,1,2,3,1,1,1,1,5,1,1
SF,IF2009,2020-06-16 09:30:41.300,3841.0000,36569,-2,780871080.000,2,0,2,双平,S,3840.6000,3840.0000,3839.6000,3839.4000,3839.0000,3842.0000,3842.2000,3842.4000,3842.6000,3843.2000,1,4,9,1,1,2,1,5,1,1
SF,IF2009,2020-06-16 09:30:41.800,3841.8000,36569,0,783175920.000,2,1,1,多换,S,3840.0000,3839.6000,3839.4000,3839.0000,3838.0000,3842.0000,3842.2000,3842.4000,3842.6000,3843.2000,4,9,1,1,1,2,1,5,1,1
SF,IF2009,2020-06-16 09:30:42.300,3841.0000,36569,0,784328220.000,1,0,1,多换,S,3840.2000,3840.0000,3839.6000,3839.4000,3839.0000,3841.8000,3842.0000,3842.2000,3842.4000,3842.6000,1,4,9,1,1,4,2,1,4,3
SF,IF2009,2020-06-16 09:30:42.800,3842.0000,36571,2,791243520.000,6,4,2,空开,S,3842.0000,3840.2000,3840.0000,3839.6000,3839.4000,3842.2000,3842.4000,3842.6000,3843.2000,3843.4000,3,1,5,9,1,1,4,3,1,1
SF,IF2009,2020-06-16 09:30:43.300,3842.0000,36571,0,794701320.000,3,1,2,多换,S,3840.2000,3840.0000,3839.6000,3839.4000,3839.0000,3841.0000,3841.6000,3842.0000,3842.2000,3842.4000,1,5,9,1,1,5,1,4,1,4
SF,IF2009,2020-06-16 09:30:43.800,3840.4000,36567,-4,800462640.000,5,0,5,多平,S,3840.2000,3840.0000,3839.6000,3839.4000,3839.0000,3841.0000,3841.6000,3842.0000,3842.2000,3842.4000,1,5,9,1,1,1,1,6,2,3
SF,IF2009,2020-06-16 09:30:44.300,3841.0000,36566,-1,801614940.000,1,0,1,双平,S,3841.0000,3840.4000,3840.2000,3840.0000,3839.6000,3841.6000,3842.0000,3842.2000,3842.4000,3842.6000,1,1,2,5,9,1,6,2,3,3
SF,IF2009,2020-06-16 09:30:44.800,3841.0000,36566,0,801614940.000,0,-,-,-,-,3840.2000,3840.0000,3839.6000,3839.4000,3839.0000,3841.6000,3842.0000,3842.2000,3842.4000,3842.6000,1,5,9,1,1,1,8,2,3,3
SF,IF2009,2020-06-16 09:30:45.300,3840.0000,36564,-2,808527240.000,6,2,4,多平,S,3839.6000,3839.4000,3839.0000,3838.0000,3835.8000,3839.8000,3840.2000,3841.6000,3842.0000,3842.2000,9,1,1,1,11,5,1,1,8,2
SF,IF2009,2020-06-16 09:30:45.800,3841.6000,36556,-8,817743540.000,8,0,8,双平,S,3839.6000,3839.4000,3839.0000,3838.0000,3835.8000,3842.0000,3842.2000,3842.4000,3842.6000,3843.2000,9,1,1,1,11,6,2,3,4,1
SF,IF2009,2020-06-16 09:30:46.300,3839.6000,36553,-3,822351180.000,4,0,4,多平,S,3839.6000,3839.4000,3839.0000,3838.0000,3835.8000,3841.8000,3842.0000,3842.2000,3842.4000,3842.6000,7,1,1,1,11,1,6,2,2,4
SF,IF2009,2020-06-16 09:30:46.800,3840.2000,36554,1,824655720.000,2,1,1,空开,S,3840.2000,3839.6000,3839.4000,3839.0000,3838.0000,3841.8000,3842.0000,3842.2000,3842.4000,3842.6000,2,7,1,1,1,3,6,12,2,4
SF,IF2009,2020-06-16 09:30:47.300,3840.2000,36554,0,828111900.000,3,1,2,多换,S,3839.6000,3839.4000,3839.0000,3838.0000,3835.8000,3841.4000,3841.6000,3841.8000,3842.0000,3842.2000,7,1,1,1,11,1,2,3,6,11
SF,IF2009,2020-06-16 09:30:47.800,3839.6000,36554,0,829263780.000,1,0,1,多换,S,3839.6000,3839.4000,3839.0000,3838.0000,3835.8000,3841.4000,3841.6000,3841.8000,3842.0000,3842.2000,6,1,1,1,11,1,3,2,6,11
SF,IF2009,2020-06-16 09:30:48.300,3839.6000,36553,-1,830415660.000,1,0,1,双平,S,3839.6000,3839.4000,3839.0000,3838.0000,3835.8000,3840.2000,3841.0000,3841.2000,3841.4000,3841.6000,5,1,1,1,11,1,1,3,1,2
SF,IF2009,2020-06-16 09:30:48.800,3839.6000,36550,-3,833871300.000,3,0,3,双平,S,3839.6000,3839.4000,3839.0000,3838.0000,3835.8000,3840.2000,3841.0000,3841.2000,3841.4000,3841.6000,2,1,1,1,11,1,2,2,2,1
SF,IF2009,2020-06-16 09:30:49.300,3839.6000,36548,-2,836175060.000,2,0,2,双平,S,3839.4000,3839.0000,3838.0000,3835.8000,3835.6000,3839.6000,3840.2000,3841.0000,3841.2000,3841.4000,1,1,1,11,6,1,1,2,2,2
SF,IF2009,2020-06-16 09:30:49.800,3839.6000,36547,-1,837326940.000,1,0,1,双平,S,3839.4000,3839.0000,3838.0000,3835.8000,3835.6000,3840.0000,3840.2000,3841.0000,3841.2000,3841.4000,1,1,1,11,6,1,1,2,2,1
SF,IF2009,2020-06-16 09:30:50.300,3840.0000,36546,-1,838478940.000,1,0,1,双平,S,3840.0000,3839.4000,3839.0000,3838.0000,3835.8000,3840.2000,3841.0000,3841.2000,3841.4000,3841.6000,1,1,1,1,11,1,2,2,1,1
SF,IF2009,2020-06-16 09:30:50.800,3839.4000,36544,-2,841934580.000,3,0,3,多平,S,3839.0000,3838.0000,3835.8000,3835.6000,3835.0000,3839.4000,3840.2000,3841.0000,3841.2000,3841.4000,1,1,11,6,1,4,2,2,2,1
SF,IF2009,2020-06-16 09:30:51.300,3839.2000,36543,-1,844238160.000,2,0,2,多平,S,3839.2000,3839.0000,3838.0000,3835.8000,3835.6000,3839.4000,3839.6000,3840.2000,3841.0000,3841.2000,1,1,1,11,6,3,1,2,2,2
SF,IF2009,2020-06-16 09:30:51.800,3839.4000,36540,-3,848845440.000,4,0,4,多平,S,3839.4000,3839.2000,3839.0000,3838.0000,3835.8000,3839.6000,3840.2000,3841.0000,3841.2000,3841.4000,1,1,1,1,11,1,2,2,2,1
SF,IF2009,2020-06-16 09:30:52.300,3839.6000,36539,-1,849997320.000,1,0,1,双平,S,3839.4000,3839.2000,3839.0000,3838.0000,3835.8000,3840.2000,3841.0000,3841.2000,3841.4000,3841.6000,1,1,1,1,11,3,3,2,1,1
SF,IF2009,2020-06-16 09:30:52.800,3839.6000,36539,0,849997320.000,0,-,-,-,-,3839.4000,3839.2000,3839.0000,3838.0000,3835.8000,3840.0000,3840.2000,3841.0000,3841.2000,3841.4000,1,1,1,1,11,1,3,3,2,1
SF,IF2009,2020-06-16 09:30:53.300,3839.6000,36539,0,851149200.000,1,0,1,多换,S,3839.4000,3839.2000,3839.0000,3838.0000,3835.8000,3840.0000,3840.2000,3841.0000,3841.2000,3841.4000,2,1,1,1,11,2,3,3,2,1
SF,IF2009,2020-06-16 09:30:53.800,3839.4000,36533,-6,859212480.000,7,0,7,多平,S,3839.2000,3839.0000,3838.0000,3835.8000,3835.6000,3839.4000,3840.2000,3841.0000,3841.2000,3841.4000,1,1,1,11,6,12,3,3,1,1
SF,IF2009,2020-06-16 09:30:54.300,3839.8000,36519,-14,883402440.000,21,3,18,多平,S,3839.6000,3839.4000,3839.2000,3839.0000,3838.0000,3841.0000,3841.2000,3841.4000,3841.6000,3841.8000,1,3,2,1,1,3,1,1,1,2
SF,IF2009,2020-06-16 09:30:54.800,3839.6000,36518,-1,885706200.000,2,0,2,多平,S,3839.4000,3839.2000,3839.0000,3838.0000,3835.8000,3841.0000,3841.2000,3841.6000,3841.8000,3842.0000,3,2,1,1,11,2,1,4,2,3
SF,IF2009,2020-06-16 09:30:55.300,3839.6000,36518,0,885706200.000,0,-,-,-,-,3839.4000,3839.2000,3839.0000,3838.0000,3835.8000,3840.8000,3841.0000,3841.2000,3841.6000,3841.8000,2,2,1,1,11,2,2,1,4,2
SF,IF2009,2020-06-16 09:30:55.800,3839.6000,36518,0,885706200.000,0,-,-,-,-,3839.4000,3839.2000,3839.0000,3838.0000,3835.8000,3839.6000,3840.0000,3840.8000,3841.0000,3841.2000,2,1,1,1,11,1,1,3,4,1
SF,IF2009,2020-06-16 09:30:56.300,3839.6000,36517,-1,886858080.000,1,0,1,双平,S,3839.6000,3839.4000,3839.2000,3839.0000,3838.0000,3840.0000,3840.6000,3840.8000,3841.0000,3841.6000,1,2,1,1,1,1,2,1,4,3
SF,IF2009,2020-06-16 09:30:56.800,3839.2000,36508,-9,898377120.000,10,0,10,多平,S,3839.0000,3838.0000,3835.8000,3835.6000,3835.0000,3840.6000,3841.0000,3841.6000,3841.8000,3842.0000,1,1,11,6,1,1,2,3,2,3
SF,IF2009,2020-06-16 09:30:57.300,3840.4000,36507,-1,899529240.000,1,0,1,双平,S,3839.0000,3838.0000,3835.8000,3835.6000,3835.0000,3840.6000,3841.0000,3841.6000,3841.8000,3842.0000,1,1,11,6,1,1,2,3,2,3
SF,IF2009,2020-06-16 09:30:57.800,3840.4000,36505,-2,902985360.000,3,0,3,多平,S,3840.0000,3839.0000,3838.0000,3835.8000,3835.6000,3840.6000,3841.0000,3841.6000,3841.8000,3842.0000,1,1,1,11,6,3,2,3,2,3
SF,IF2009,2020-06-16 09:30:58.300,3839.0000,36504,-1,905289060.000,2,0,2,多平,S,3838.0000,3835.8000,3835.6000,3835.0000,3834.0000,3839.0000,3839.8000,3840.0000,3840.4000,3840.6000,2,11,6,1,1,1,3,2,3,3
SF,IF2009,2020-06-16 09:30:58.800,3840.4000,36499,-5,911048820.000,5,0,5,双平,S,3838.0000,3835.8000,3835.6000,3835.0000,3834.0000,3840.4000,3840.6000,3841.0000,3841.6000,3841.8000,2,11,6,1,1,3,2,3,3,2
SF,IF2009,2020-06-16 09:30:59.300,3838.2000,36498,-1,912200280.000,1,0,1,双平,S,3838.0000,3835.8000,3835.6000,3835.0000,3834.0000,3839.0000,3840.0000,3840.2000,3840.4000,3840.6000,2,11,6,1,1,2,1,2,2,1
SF,IF2009,2020-06-16 09:30:59.800,3838.2000,36498,0,912200280.000,0,-,-,-,-,3838.0000,3835.8000,3835.6000,3835.0000,3834.0000,3839.0000,3840.0000,3840.2000,3840.4000,3841.0000,2,11,6,1,1,2,1,2,2,3
SF,IF2009,2020-06-16 09:31:00.300,3838.0000,36499,1,914503080.000,2,1,1,空开,S,3835.8000,3835.6000,3835.0000,3834.0000,3833.6000,3838.0000,3839.0000,3839.8000,3840.0000,3840.2000,11,6,1,1,7,1,2,1,2,2
SF,IF2009,2020-06-16 09:31:00.800,3838.0000,36497,-2,917957280.000,3,0,3,多平,S,3838.0000,3837.2000,3837.0000,3836.0000,3835.8000,3838.8000,3839.0000,3839.4000,3839.8000,3840.0000,1,1,1,3,11,1,1,1,1,2
SF,IF2009,2020-06-16 09:31:01.300,3838.0000,36498,1,919108680.000,1,1,0,双开,S,3838.2000,3837.6000,3836.8000,3836.4000,3836.0000,3838.8000,3839.0000,3839.4000,3839.8000,3840.0000,1,1,1,1,7,1,1,1,1,2
SF,IF2009,2020-06-16 09:31:01.800,3838.8000,36497,-1,921411960.000,2,0,2,多平,S,3838.2000,3836.0000,3835.8000,3835.6000,3835.0000,3839.0000,3839.4000,3839.8000,3840.0000,3840.2000,1,7,11,6,1,1,1,1,3,1
SF,IF2009,2020-06-16 09:31:02.300,3838.2000,36496,-1,922563420.000,1,0,1,双平,S,3838.2000,3836.0000,3835.8000,3835.6000,3835.0000,3839.0000,3839.4000,3839.8000,3840.0000,3840.2000,2,7,11,6,1,1,1,1,3,1
SF,IF2009,2020-06-16 09:31:02.800,3838.2000,36496,0,922563420.000,0,-,-,-,-,3838.2000,3836.0000,3835.8000,3835.6000,3835.0000,3839.0000,3839.4000,3839.8000,3840.0000,3840.2000,2,2,11,6,1,1,1,1,3,1
SF,IF2009,2020-06-16 09:31:03.300,3838.2000,36495,-1,923714880.000,1,0,1,双平,S,3836.0000,3835.8000,3835.6000,3835.0000,3834.0000,3839.0000,3839.4000,3839.8000,3840.0000,3840.2000,2,11,6,1,1,1,1,1,3,1
SF,IF2009,2020-06-16 09:31:03.800,3838.8000,36495,0,924866520.000,1,0,1,多换,S,3837.8000,3836.8000,3836.4000,3836.2000,3836.0000,3839.0000,3839.4000,3839.8000,3840.0000,3840.2000,3,2,1,1,2,1,1,1,3,1
SF,IF2009,2020-06-16 09:31:04.300,3837.0000,36494,-1,926017620.000,1,0,1,双平,S,3836.2000,3836.0000,3835.8000,3835.6000,3835.0000,3838.8000,3839.0000,3839.8000,3840.0000,3840.2000,2,2,11,6,1,1,1,1,3,1
SF,IF2009,2020-06-16 09:31:04.800,3839.0000,36492,-2,928320960.000,2,0,2,双平,S,3839.0000,3838.0000,3837.8000,3837.6000,3836.8000,3839.8000,3840.0000,3840.2000,3840.4000,3841.0000,3,1,1,1,1,1,4,1,2,2
SF,IF2009,2020-06-16 09:31:05.300,3839.0000,36491,-1,929472660.000,1,0,1,双平,S,3839.0000,3838.0000,3837.6000,3836.8000,3836.4000,3839.4000,3839.6000,3839.8000,3840.0000,3840.2000,2,1,1,2,1,2,1,1,4,1
SF,IF2009,2020-06-16 09:31:05.800,3839.0000,36491,0,930624360.000,1,0,1,多换,S,3839.0000,3837.6000,3836.8000,3836.4000,3836.2000,3839.6000,3839.8000,3840.0000,3840.2000,3840.4000,2,1,3,1,1,1,1,3,1,2
SF,IF2009,2020-06-16 09:31:06.300,3839.0000,36491,0,930624360.000,0,-,-,-,-,3839.0000,3837.6000,3837.0000,3836.8000,3836.4000,3839.6000,3839.8000,3840.0000,3840.2000,3840.4000,2,1,1,3,1,1,1,3,1,2
SF,IF2009,2020-06-16 09:31:06.800,3839.0000,36488,-3,935231160.000,4,0,4,多平,S,3837.6000,3837.0000,3836.8000,3836.4000,3836.2000,3839.6000,3839.8000,3840.0000,3840.2000,3840.4000,1,1,3,1,1,1,1,3,1,2
SF,IF2009,2020-06-16 09:31:07.300,3838.4000,36485,-3,938685720.000,3,0,3,双平,S,3837.8000,3837.6000,3836.8000,3836.4000,3836.0000,3839.6000,3840.0000,3840.2000,3840.4000,3841.0000,2,3,3,1,2,1,3,1,2,3
SF,IF2009,2020-06-16 09:31:07.800,3837.8000,36484,-1,940988940.000,2,0,2,多平,S,3837.8000,3837.6000,3836.8000,3836.4000,3836.0000,3839.4000,3839.6000,3840.0000,3840.2000,3840.4000,1,1,3,1,2,1,1,3,1,2
SF,IF2009,2020-06-16 09:31:08.300,3837.8000,36484,0,940988940.000,0,-,-,-,-,3839.6000,3838.0000,3837.8000,3837.6000,3836.8000,3840.0000,3840.2000,3840.4000,3841.0000,3841.2000,3,1,2,2,3,3,1,1,3,1
SF,IF2009,2020-06-16 09:31:08.800,3839.6000,36480,-4,946747800.000,5,0,5,多平,S,3838.0000,3837.8000,3837.6000,3836.8000,3836.4000,3838.4000,3839.8000,3840.0000,3840.2000,3840.4000,1,1,1,3,1,3,1,3,1,1
SF,IF2009,2020-06-16 09:31:09.300,3838.6000,36476,-4,951353940.000,4,0,4,双平,S,3838.8000,3838.6000,3838.4000,3838.2000,3838.0000,3839.0000,3840.0000,3840.2000,3840.4000,3841.0000,2,1,5,1,1,1,3,1,1,3
SF,IF2009,2020-06-16 09:31:09.800,3838.8000,36475,-1,953657220.000,2,0,2,多平,S,3838.4000,3838.2000,3838.0000,3836.8000,3836.4000,3839.0000,3840.0000,3840.2000,3840.4000,3841.0000,3,1,1,2,1,1,3,1,1,3
SF,IF2009,2020-06-16 09:31:10.300,3839.0000,36474,-1,954808920.000,1,0,1,双平,S,3839.0000,3838.4000,3838.2000,3838.0000,3836.8000,3840.0000,3840.2000,3840.4000,3841.0000,3841.2000,1,3,1,1,2,3,1,1,3,1
SF,IF2009,2020-06-16 09:31:10.800,3839.0000,36473,-1,955960620.000,1,0,1,双平,S,3839.0000,3838.4000,3838.2000,3838.0000,3836.8000,3839.8000,3840.0000,3840.2000,3840.4000,3841.0000,1,1,1,1,2,1,3,1,1,3
SF,IF2009,2020-06-16 09:31:11.300,3839.0000,36472,-1,957112320.000,1,0,1,双平,S,3839.0000,3838.4000,3838.2000,3838.0000,3836.8000,3840.0000,3840.2000,3840.4000,3841.0000,3841.2000,1,2,1,1,2,3,1,1,3,1
SF,IF2009,2020-06-16 09:31:11.800,3839.0000,36472,0,957112320.000,0,-,-,-,-,3839.4000,3839.0000,3838.4000,3838.2000,3838.0000,3840.0000,3840.2000,3841.0000,3841.2000,3841.6000,1,1,2,1,1,4,1,3,1,4
SF,IF2009,2020-06-16 09:31:12.300,3839.4000,36472,0,958264140.000,1,0,1,多换,S,3838.4000,3838.0000,3836.8000,3836.4000,3836.0000,3839.4000,3840.0000,3840.2000,3841.0000,3841.2000,2,1,2,1,1,3,4,1,3,1
SF,IF2009,2020-06-16 09:31:12.800,3839.2000,36471,-1,959415900.000,1,0,1,双平,S,3838.6000,3838.4000,3838.0000,3836.8000,3836.4000,3839.0000,3839.4000,3840.0000,3840.2000,3841.0000,1,2,1,1,1,1,3,4,2,3
SF,IF2009,2020-06-16 09:31:13.300,3839.0000,36471,0,961719300.000,2,1,1,多换,S,3839.0000,3838.8000,3838.6000,3838.4000,3838.0000,3839.4000,3840.0000,3840.2000,3840.6000,3841.0000,2,1,3,2,1,5,4,2,1,3
SF,IF2009,2020-06-16 09:31:13.800,3838.4000,36472,1,967477260.000,5,3,2,空开,S,3838.0000,3836.8000,3836.4000,3836.0000,3835.8000,3839.4000,3839.6000,3840.0000,3840.2000,3840.6000,1,1,1,1,11,5,1,4,1,1
SF,IF2009,2020-06-16 09:31:14.300,3838.4000,36472,0,967477260.000,0,-,-,-,-,3838.2000,3838.0000,3836.8000,3836.4000,3836.0000,3839.0000,3839.4000,3839.6000,3840.0000,3840.2000,1,1,1,1,1,1,5,1,4,1
SF,IF2009,2020-06-16 09:31:14.800,3839.4000,36467,-5,974388060.000,6,0,6,多平,S,3838.2000,3838.0000,3836.8000,3836.4000,3836.0000,3839.4000,3839.6000,3840.0000,3840.2000,3840.6000,1,1,1,1,1,1,1,4,1,1
SF,IF2009,2020-06-16 09:31:15.300,3839.4000,36467,0,974388060.000,0,-,-,-,-,3838.4000,3838.2000,3838.0000,3836.8000,3836.4000,3839.0000,3839.2000,3839.4000,3839.6000,3840.0000,2,1,1,1,1,3,2,1,1,4
SF,IF2009,2020-06-16 09:31:15.800,3839.4000,36467,0,974388060.000,0,-,-,-,-,3838.6000,3838.4000,3838.2000,3836.8000,3836.4000,3839.0000,3839.2000,3839.4000,3839.6000,3840.0000,1,2,1,1,1,7,1,2,1,4
SF,IF2009,2020-06-16 09:31:16.300,3838.6000,36465,-2,976691220.000,2,0,2,双平,S,3838.4000,3838.2000,3836.8000,3836.4000,3836.0000,3839.0000,3839.2000,3839.4000,3839.6000,3840.0000,2,1,2,1,1,7,1,2,1,5
SF,IF2009,2020-06-16 09:31:16.800,3839.0000,36463,-2,978994560.000,2,0,2,双平,S,3838.4000,3838.2000,3836.8000,3836.4000,3836.0000,3839.0000,3839.2000,3839.4000,3839.6000,3840.0000,2,1,2,1,1,6,1,1,1,5
SF,IF2009,2020-06-16 09:31:17.300,3839.0000,36462,-1,980146260.000,1,0,1,双平,S,3838.6000,3838.4000,3838.2000,3836.8000,3836.4000,3839.0000,3839.2000,3839.4000,3839.6000,3840.0000,1,2,1,2,1,5,1,1,2,5
SF,IF2009,2020-06-16 09:31:17.800,3839.0000,36461,-1,981297960.000,1,0,1,双平,S,3838.4000,3838.2000,3836.8000,3836.4000,3836.0000,3839.0000,3839.2000,3839.4000,3839.6000,3840.0000,2,1,2,1,1,4,1,1,2,5
SF,IF2009,2020-06-16 09:31:18.300,3839.0000,36461,0,985904760.000,4,2,2,多换,S,3838.4000,3838.2000,3836.8000,3836.4000,3836.0000,3839.4000,3839.6000,3840.0000,3840.2000,3840.6000,2,1,2,1,1,1,2,5,3,1
SF,IF2009,2020-06-16 09:31:18.800,3839.0000,36461,0,985904760.000,0,-,-,-,-,3838.6000,3838.4000,3838.2000,3837.4000,3836.8000,3839.4000,3839.6000,3840.0000,3840.2000,3840.6000,1,2,1,1,2,2,2,5,3,1
SF,IF2009,2020-06-16 09:31:19.300,3839.0000,36461,0,985904760.000,0,-,-,-,-,3838.6000,3838.4000,3838.2000,3836.8000,3836.4000,3839.2000,3839.4000,3839.6000,3840.0000,3840.2000,1,2,1,2,1,1,3,2,5,4
SF,IF2009,2020-06-16 09:31:19.800,3838.6000,36459,-2,988207920.000,2,0,2,双平,S,3838.6000,3838.4000,3838.2000,3836.8000,3836.4000,3839.4000,3839.6000,3840.0000,3840.2000,3840.6000,1,2,1,1,1,2,2,5,4,1
SF,IF2009,2020-06-16 09:31:20.300,3838.6000,36459,0,988207920.000,0,-,-,-,-,3838.8000,3838.6000,3838.2000,3836.8000,3836.4000,3839.0000,3839.2000,3839.4000,3839.6000,3840.0000,2,1,1,1,1,1,1,2,2,5
SF,IF2009,2020-06-16 09:31:20.800,3839.0000,36460,1,989359620.000,1,1,0,双开,S,3838.8000,3838.2000,3836.8000,3836.4000,3836.0000,3839.2000,3839.4000,3839.6000,3840.0000,3840.2000,2,1,1,1,1,1,2,2,5,4
SF,IF2009,2020-06-16 09:31:21.300,3839.2000,36460,0,990511380.000,1,0,1,多换,S,3838.8000,3838.2000,3836.8000,3836.4000,3836.0000,3839.4000,3839.6000,3840.0000,3840.2000,3840.6000,2,1,1,1,1,1,2,5,4,1
SF,IF2009,2020-06-16 09:31:21.800,3838.8000,36460,0,991663020.000,1,0,1,多换,S,3838.8000,3838.2000,3836.8000,3836.4000,3836.0000,3839.4000,3839.6000,3840.0000,3840.2000,3840.6000,1,1,1,1,1,1,2,5,4,1
SF,IF2009,2020-06-16 09:31:22.300,3838.8000,36459,-1,992814660.000,1,0,1,双平,S,3838.2000,3836.8000,3836.4000,3836.0000,3835.8000,3839.2000,3839.4000,3839.6000,3840.0000,3840.2000,1,1,1,1,11,1,1,2,7,4
SF,IF2009,2020-06-16 09:31:22.800,3839.2000,36458,-1,993966420.000,1,0,1,双平,S,3838.2000,3836.8000,3836.4000,3836.0000,3835.8000,3839.4000,3839.6000,3840.0000,3840.2000,3840.6000,1,1,1,1,11,1,2,7,4,1
SF,IF2009,2020-06-16 09:31:23.300,3839.4000,36457,-1,995118240.000,1,0,1,双平,S,3839.2000,3838.2000,3836.8000,3836.4000,3836.0000,3839.6000,3840.0000,3840.2000,3840.6000,3841.0000,1,3,1,1,1,2,7,4,1,3
SF,IF2009,2020-06-16 09:31:23.800,3839.2000,36457,0,996270000.000,1,0,1,多换,S,3838.6000,3838.4000,3838.2000,3836.8000,3836.4000,3839.6000,3840.0000,3840.2000,3840.6000,3841.0000,1,1,2,1,1,2,7,4,1,3
SF,IF2009,2020-06-16 09:31:24.300,3838.4000,36451,-6,1004331000.000,7,0,7,多平,S,3837.8000,3836.8000,3836.4000,3836.0000,3835.8000,3838.2000,3839.6000,3840.0000,3840.2000,3840.6000,2,1,1,1,11,3,2,7,4,1
SF,IF2009,2020-06-16 09:31:24.800,3838.4000,36448,-3,1007785560.000,3,0,3,双平,S,3838.6000,3838.4000,3838.2000,3838.0000,3837.8000,3839.2000,3839.6000,3840.0000,3840.2000,3840.6000,4,3,5,2,2,1,2,7,4,1
SF,IF2009,2020-06-16 09:31:25.300,3839.6000,36448,0,1010089200.000,2,1,1,多换,S,3838.6000,3838.4000,3838.2000,3838.0000,3837.8000,3839.6000,3840.0000,3840.2000,3840.6000,3841.0000,2,2,4,2,2,1,7,4,1,3
SF,IF2009,2020-06-16 09:31:25.800,3839.6000,36448,0,1011241080.000,1,0,1,多换,S,3839.6000,3839.0000,3838.8000,3838.4000,3838.2000,3840.0000,3840.2000,3840.6000,3841.0000,3841.8000,1,1,1,2,4,7,4,1,3,1
SF,IF2009,2020-06-16 09:31:26.300,3839.6000,36448,0,1011241080.000,0,-,-,-,-,3839.6000,3839.4000,3839.0000,3838.8000,3838.6000,3840.0000,3840.2000,3840.6000,3841.0000,3841.8000,5,1,1,1,1,6,4,1,3,1
SF,IF2009,2020-06-16 09:31:26.800,3839.6000,36447,-1,1013544840.000,2,0,2,多平,S,3839.6000,3839.4000,3839.0000,3838.8000,3838.6000,3840.0000,3840.2000,3840.6000,3841.0000,3841.8000,4,1,1,1,1,6,4,1,3,1
SF,IF2009,2020-06-16 09:31:27.300,3839.0000,36441,-6,1022760060.000,8,1,7,多平,S,3838.6000,3838.4000,3838.2000,3838.0000,3837.8000,3840.0000,3840.2000,3840.6000,3841.0000,3841.8000,1,2,3,1,2,3,4,1,3,1
SF,IF2009,2020-06-16 09:31:27.800,3840.0000,36440,-1,1023912060.000,1,0,1,双平,S,3839.4000,3838.8000,3838.6000,3838.4000,3838.2000,3840.0000,3840.2000,3840.6000,3841.0000,3841.8000,2,3,1,2,3,2,4,1,3,1
SF,IF2009,2020-06-16 09:31:28.300,3840.0000,36440,0,1023912060.000,0,-,-,-,-,3838.8000,3838.6000,3838.4000,3838.2000,3838.0000,3839.8000,3840.0000,3840.2000,3840.6000,3841.0000,3,1,2,3,1,2,2,4,1,3
SF,IF2009,2020-06-16 09:31:28.800,3840.0000,36440,0,1023912060.000,0,-,-,-,-,3838.8000,3838.4000,3838.2000,3838.0000,3837.8000,3839.6000,3839.8000,3840.0000,3840.2000,3840.6000,3,2,3,1,2,1,1,2,4,1
SF,IF2009,2020-06-16 09:31:29.300,3838.8000,36438,-2,1026215340.000,2,0,2,双平,S,3838.4000,3838.2000,3838.0000,3837.8000,3837.6000,3839.4000,3839.6000,3840.0000,3840.2000,3840.6000,2,3,1,2,1,1,1,2,4,1
SF,IF2009,2020-06-16 09:31:29.800,3838.8000,36438,0,1026215340.000,0,-,-,-,-,3838.8000,3838.4000,3838.2000,3838.0000,3837.8000,3839.4000,3840.0000,3840.2000,3840.6000,3841.0000,1,2,3,1,2,1,2,4,1,3
SF,IF2009,2020-06-16 09:31:30.300,3838.8000,36438,0,1026215340.000,0,-,-,-,-,3838.4000,3838.2000,3838.0000,3837.8000,3837.6000,3839.2000,3840.0000,3840.2000,3840.6000,3841.0000,2,3,1,2,1,1,2,4,1,3
SF,IF2009,2020-06-16 09:31:30.800,3839.2000,36438,0,1027367100.000,1,0,1,多换,S,3838.4000,3838.2000,3838.0000,3837.8000,3837.6000,3839.8000,3840.0000,3840.2000,3840.6000,3841.0000,1,2,1,2,1,1,2,4,1,3
SF,IF2009,2020-06-16 09:31:31.300,3839.6000,36438,0,1029670740.000,2,1,1,多换,S,3838.4000,3838.2000,3838.0000,3837.8000,3837.6000,3839.6000,3839.8000,3840.0000,3840.2000,3840.6000,1,2,1,2,1,1,1,3,4,1
SF,IF2009,2020-06-16 09:31:31.800,3839.4000,36436,-2,1031974380.000,2,0,2,双平,S,3838.4000,3838.2000,3838.0000,3837.8000,3837.6000,3839.4000,3839.6000,3839.8000,3840.0000,3840.2000,1,2,1,2,1,1,1,1,3,4
SF,IF2009,2020-06-16 09:31:32.300,3838.4000,36435,-1,1033125900.000,1,0,1,双平,S,3838.0000,3837.8000,3836.8000,3836.4000,3836.0000,3838.4000,3839.2000,3839.4000,3839.6000,3839.8000,1,2,1,1,1,1,2,1,1,1
SF,IF2009,2020-06-16 09:31:32.800,3839.4000,36435,0,1036581000.000,3,1,2,多换,S,3839.6000,3838.4000,3837.8000,3836.8000,3836.4000,3839.8000,3840.0000,3840.2000,3840.6000,3841.0000,8,1,2,1,1,1,3,4,1,3
SF,IF2009,2020-06-16 09:31:33.300,3839.6000,36435,0,1052707200.000,14,7,7,多换,S,3838.4000,3837.8000,3836.8000,3836.4000,3836.0000,3839.4000,3839.6000,3839.8000,3840.0000,3840.2000,1,2,1,1,1,1,4,1,3,4
SF,IF2009,2020-06-16 09:31:33.800,3839.6000,36435,0,1052707200.000,0,-,-,-,-,3838.4000,3837.8000,3836.8000,3836.4000,3836.0000,3839.2000,3839.6000,3839.8000,3840.0000,3840.2000,1,2,1,1,1,2,5,1,3,4
SF,IF2009,2020-06-16 09:31:34.300,3839.2000,36436,1,1056162540.000,3,2,1,空开,S,3839.2000,3838.4000,3837.8000,3836.8000,3836.4000,3839.6000,3839.8000,3840.0000,3840.2000,3840.6000,1,2,2,1,1,5,1,3,4,1
SF,IF2009,2020-06-16 09:31:34.800,3838.4000,36437,1,1059617340.000,3,2,1,空开,S,3838.4000,3837.8000,3836.8000,3836.4000,3836.0000,3839.0000,3839.2000,3839.4000,3839.6000,3839.8000,5,2,1,1,1,2,1,3,5,1
SF,IF2009,2020-06-16 09:31:35.300,3838.4000,36437,0,1059617340.000,0,-,-,-,-,3838.4000,3837.8000,3836.8000,3836.4000,3836.0000,3839.0000,3839.4000,3839.6000,3839.8000,3840.0000,5,2,1,1,1,2,1,5,1,3
SF,IF2009,2020-06-16 09:31:35.800,3838.4000,36435,-2,1061920560.000,2,0,2,双平,S,3838.4000,3837.8000,3836.8000,3836.4000,3836.0000,3839.0000,3839.2000,3839.4000,3839.6000,3839.8000,4,2,1,1,1,1,1,1,5,1
SF,IF2009,2020-06-16 09:31:36.300,3838.8000,36433,-2,1064223720.000,2,0,2,双平,S,3838.4000,3837.8000,3836.8000,3836.4000,3836.0000,3839.0000,3839.4000,3839.6000,3839.8000,3840.0000,3,2,1,1,1,1,1,5,1,4
SF,IF2009,2020-06-16 09:31:36.800,3838.4000,36431,-2,1068829800.000,4,1,3,多平,S,3837.8000,3836.4000,3836.0000,3835.8000,3835.6000,3838.8000,3839.0000,3839.4000,3839.6000,3839.8000,2,1,1,12,6,1,2,1,3,1
SF,IF2009,2020-06-16 09:31:37.300,3838.4000,36431,0,1068829800.000,0,-,-,-,-,3837.8000,3836.0000,3835.8000,3835.6000,3835.0000,3838.8000,3839.0000,3839.4000,3839.6000,3839.8000,2,1,12,6,3,1,2,1,3,1
SF,IF2009,2020-06-16 09:31:37.800,3838.4000,36431,0,1068829800.000,0,-,-,-,-,3838.0000,3837.8000,3836.0000,3835.8000,3835.6000,3838.6000,3838.8000,3839.0000,3839.4000,3839.6000,6,2,1,12,6,1,2,1,1,3
SF,IF2009,2020-06-16 09:31:38.300,3838.4000,36431,0,1068829800.000,0,-,-,-,-,3838.0000,3837.8000,3836.0000,3835.8000,3835.6000,3838.8000,3839.0000,3839.4000,3839.6000,3839.8000,2,2,1,12,6,2,1,1,2,1
SF,IF2009,2020-06-16 09:31:38.800,3838.0000,36431,0,1069981200.000,1,0,1,多换,S,3838.0000,3837.8000,3836.0000,3835.8000,3835.6000,3838.8000,3839.0000,3839.4000,3839.6000,3839.8000,1,2,1,12,6,6,1,1,2,1
SF,IF2009,2020-06-16 09:31:39.300,3838.0000,36431,0,1071132600.000,1,0,1,多换,S,3837.8000,3836.0000,3835.8000,3835.6000,3835.0000,3838.0000,3838.6000,3838.8000,3839.0000,3839.4000,2,1,12,6,3,2,1,6,1,1
SF,IF2009,2020-06-16 09:31:39.800,3838.0000,36429,-2,1073435400.000,2,0,2,双平,S,3838.2000,3838.0000,3837.8000,3836.0000,3835.8000,3838.4000,3838.6000,3838.8000,3839.0000,3839.4000,2,6,2,1,12,1,1,5,1,1
SF,IF2009,2020-06-16 09:31:40.300,3838.0000,36429,0,1074586800.000,1,0,1,多换,S,3838.2000,3837.8000,3836.0000,3835.8000,3835.6000,3838.4000,3838.8000,3839.0000,3839.4000,3839.6000,1,2,1,12,6,1,5,1,1,2
SF,IF2009,2020-06-16 09:31:40.800,3838.2000,36428,-1,1075738260.000,1,0,1,双平,S,3837.8000,3836.0000,3835.8000,3835.6000,3835.0000,3838.4000,3838.8000,3839.0000,3839.4000,3839.6000,2,1,12,6,3,1,5,1,1,2
SF,IF2009,2020-06-16 09:31:41.300,3838.2000,36428,0,1075738260.000,0,-,-,-,-,3838.0000,3837.8000,3836.0000,3835.8000,3835.6000,3838.4000,3838.8000,3839.0000,3839.4000,3839.6000,1,2,1,12,6,1,6,1,1,2
SF,IF2009,2020-06-16 09:31:41.800,3838.2000,36428,0,1075738260.000,0,-,-,-,-,3837.8000,3836.0000,3835.8000,3835.6000,3835.0000,3838.4000,3838.8000,3839.0000,3839.4000,3839.6000,2,1,12,6,5,1,6,1,1,2
SF,IF2009,2020-06-16 09:31:42.300,3838.2000,36428,0,1075738260.000,0,-,-,-,-,3837.8000,3836.0000,3835.8000,3835.6000,3835.0000,3838.4000,3838.8000,3839.0000,3839.4000,3839.6000,2,1,12,6,5,1,6,1,1,2
SF,IF2009,2020-06-16 09:31:42.800,3838.2000,36428,0,1075738260.000,0,-,-,-,-,3837.8000,3836.0000,3835.8000,3835.6000,3835.0000,3838.4000,3838.8000,3839.0000,3839.4000,3839.6000,2,1,12,6,5,1,6,1,1,2
SF,IF2009,2020-06-16 09:31:43.300,3838.2000,36428,0,1075738260.000,0,-,-,-,-,3837.8000,3836.0000,3835.8000,3835.6000,3835.2000,3838.2000,3838.4000,3838.8000,3839.0000,3839.4000,2,1,12,6,1,1,1,6,1,1
SF,IF2009,2020-06-16 09:31:43.800,3837.8000,36428,0,1076889600.000,1,0,1,多换,S,3837.8000,3836.0000,3835.8000,3835.6000,3835.2000,3838.2000,3838.4000,3838.8000,3839.0000,3839.4000,1,1,12,6,1,1,1,6,1,1
SF,IF2009,2020-06-16 09:31:44.300,3837.8000,36428,0,1079192400.000,2,1,1,多换,S,3836.0000,3835.8000,3835.6000,3835.2000,3835.0000,3838.4000,3838.8000,3839.0000,3839.4000,3839.6000,1,12,6,1,5,1,6,1,1,1
SF,IF2009,2020-06-16 09:31:44.800,3838.2000,36427,-1,1081495320.000,2,0,2,多平,S,3838.2000,3836.4000,3836.2000,3836.0000,3835.8000,3838.4000,3838.6000,3838.8000,3839.0000,3839.6000,5,1,1,2,12,1,1,6,1,1
SF,IF2009,2020-06-16 09:31:45.300,3838.2000,36422,-5,1087252620.000,5,0,5,双平,S,3836.4000,3836.2000,3836.0000,3835.8000,3835.6000,3837.8000,3838.2000,3838.4000,3838.6000,3838.8000,1,2,2,12,6,1,1,1,1,5
SF,IF2009,2020-06-16 09:31:45.800,3838.2000,36422,0,1087252620.000,0,-,-,-,-,3836.6000,3836.2000,3836.0000,3835.8000,3835.6000,3837.8000,3838.2000,3838.4000,3838.6000,3838.8000,2,2,2,12,6,2,1,1,1,5
SF,IF2009,2020-06-16 09:31:46.800,3837.8000,36422,0,1089555300.000,2,1,1,多换,S,3837.8000,3836.8000,3836.6000,3836.4000,3836.2000,3838.2000,3838.4000,3838.6000,3838.8000,3839.0000,5,3,2,1,2,1,1,1,5,1
SF,IF2009,2020-06-16 09:31:47.300,3838.2000,36421,-1,1090706760.000,1,0,1,双平,S,3837.8000,3836.8000,3836.4000,3836.2000,3836.0000,3838.4000,3838.6000,3838.8000,3839.0000,3839.2000,5,3,1,1,2,2,1,5,1,1
SF,IF2009,2020-06-16 09:31:47.800,3837.8000,36418,-3,1094160780.000,3,0,3,双平,S,3837.8000,3836.8000,3836.4000,3836.2000,3836.0000,3838.4000,3838.6000,3838.8000,3839.0000,3839.2000,2,1,1,1,2,2,1,5,1,1
SF,IF2009,2020-06-16 09:31:48.300,3838.0000,36416,-2,1098766620.000,4,1,3,多平,S,3838.4000,3838.0000,3837.8000,3836.4000,3836.2000,3838.6000,3838.8000,3839.0000,3839.2000,3839.4000,5,1,2,1,1,1,4,1,1,1
SF,IF2009,2020-06-16 09:31:48.800,3838.0000,36416,0,1098766620.000,0,-,-,-,-,3838.4000,3837.8000,3836.4000,3836.2000,3836.0000,3838.6000,3838.8000,3839.0000,3839.2000,3839.4000,5,2,1,1,2,1,4,1,1,1
SF,IF2009,2020-06-16 09:31:49.300,3838.6000,36408,-8,1109130600.000,9,0,9,多平,S,3838.4000,3837.8000,3836.4000,3836.2000,3836.0000,3838.8000,3839.0000,3839.2000,3839.4000,3839.6000,1,2,1,1,2,4,1,1,1,1
SF,IF2009,2020-06-16 09:31:49.800,3838.6000,36408,0,1109130600.000,0,-,-,-,-,3838.6000,3838.4000,3837.8000,3836.4000,3836.2000,3838.8000,3839.0000,3839.2000,3839.4000,3839.6000,1,1,2,1,1,4,1,1,1,1
SF,IF2009,2020-06-16 09:31:50.300,3838.8000,36407,-1,1111433880.000,2,0,2,多平,S,3838.6000,3838.4000,3837.8000,3836.4000,3836.2000,3838.8000,3839.0000,3839.2000,3839.4000,3839.6000,1,1,2,1,1,2,1,1,1,1
SF,IF2009,2020-06-16 09:31:50.800,3838.4000,36407,0,1113736980.000,2,1,1,多换,S,3837.8000,3836.4000,3836.2000,3836.0000,3835.8000,3838.8000,3839.0000,3839.2000,3839.4000,3839.6000,2,1,1,2,12,2,1,1,1,1
SF,IF2009,2020-06-16 09:31:51.300,3838.8000,36405,-2,1116040200.000,2,0,2,双平,S,3837.8000,3836.4000,3836.2000,3836.0000,3835.8000,3838.8000,3839.0000,3839.2000,3839.4000,3839.6000,2,1,1,2,12,1,1,1,1,1
SF,IF2009,2020-06-16 09:31:51.800,3838.6000,36404,-1,1118343120.000,2,0,2,多平,S,3837.8000,3836.4000,3836.2000,3836.0000,3835.8000,3838.8000,3839.0000,3839.2000,3839.4000,3839.6000,1,1,1,2,12,1,1,1,1,1
SF,IF2009,2020-06-16 09:31:52.300,3837.8000,36403,-1,1119494460.000,1,0,1,双平,S,3838.0000,3836.4000,3836.2000,3836.0000,3835.8000,3838.6000,3838.8000,3839.0000,3839.2000,3839.4000,1,1,1,2,12,1,1,1,1,1
SF,IF2009,2020-06-16 09:31:52.800,3837.8000,36403,0,1120645800.000,1,0,1,多换,S,3836.4000,3836.2000,3836.0000,3835.8000,3835.6000,3838.4000,3838.6000,3838.8000,3839.0000,3839.2000,1,1,2,12,6,2,2,1,1,1
SF,IF2009,2020-06-16 09:31:53.300,3838.6000,36399,-4,1126403520.000,5,0,5,多平,S,3836.6000,3836.0000,3835.8000,3835.6000,3835.2000,3838.4000,3838.8000,3839.0000,3839.2000,3839.4000,3,2,12,6,1,1,1,1,1,1
SF,IF2009,2020-06-16 09:31:53.800,3838.4000,36398,-1,1128706560.000,2,0,2,多平,S,3836.8000,3836.6000,3836.4000,3836.0000,3835.8000,3837.8000,3838.8000,3839.0000,3839.2000,3839.4000,1,2,2,2,12,1,1,1,1,1
SF,IF2009,2020-06-16 09:31:54.300,3837.8000,36396,-2,1131009240.000,2,0,2,双平,S,3837.8000,3837.0000,3836.8000,3836.6000,3836.4000,3838.8000,3839.0000,3839.2000,3839.4000,3839.6000,4,3,3,1,1,1,1,1,1,1
SF,IF2009,2020-06-16 09:31:54.800,3837.8000,36396,0,1131009240.000,0,-,-,-,-,3838.0000,3837.8000,3837.0000,3836.8000,3836.4000,3838.8000,3839.0000,3839.2000,3839.4000,3839.6000,1,3,3,3,1,1,1,1,1,1
SF,IF2009,2020-06-16 09:31:55.300,3837.8000,36396,0,1131009240.000,0,-,-,-,-,3838.0000,3837.8000,3837.0000,3836.8000,3836.4000,3838.8000,3839.0000,3839.2000,3839.4000,3839.6000,2,3,1,1,1,1,1,1,1,1
SF,IF2009,2020-06-16 09:31:55.800,3837.8000,36396,0,1131009240.000,0,-,-,-,-,3838.0000,3837.8000,3837.0000,3836.8000,3836.4000,3838.2000,3838.8000,3839.0000,3839.2000,3839.4000,2,3,1,1,1,1,1,1,1,1
SF,IF2009,2020-06-16 09:31:56.300,3838.2000,36396,0,1132160700.000,1,0,1,多换,S,3838.0000,3837.8000,3837.0000,3836.8000,3836.4000,3838.8000,3839.0000,3839.2000,3839.4000,3839.6000,1,3,1,1,1,1,2,1,1,1
SF,IF2009,2020-06-16 09:31:56.800,3838.2000,36396,0,1132160700.000,0,-,-,-,-,3837.0000,3836.4000,3836.0000,3835.8000,3835.6000,3838.8000,3839.0000,3839.2000,3839.4000,3839.6000,1,1,2,12,6,1,2,1,1,1
SF,IF2009,2020-06-16 09:31:57.300,3838.2000,36396,0,1132160700.000,0,-,-,-,-,3838.0000,3837.2000,3837.0000,3836.8000,3836.4000,3838.8000,3839.0000,3839.2000,3839.4000,3839.6000,1,2,2,1,1,1,2,1,1,1
SF,IF2009,2020-06-16 09:31:57.800,3838.2000,36396,0,1132160700.000,0,-,-,-,-,3837.2000,3837.0000,3836.4000,3836.0000,3835.8000,3838.8000,3839.0000,3839.2000,3839.4000,3839.6000,1,1,1,2,12,1,2,1,1,1
SF,IF2009,2020-06-16 09:31:58.300,3838.2000,36396,0,1132160700.000,0,-,-,-,-,3837.2000,3837.0000,3836.0000,3835.8000,3835.6000,3838.0000,3838.6000,3838.8000,3839.0000,3839.2000,1,1,2,12,6,2,2,1,2,1
SF,IF2009,2020-06-16 09:31:58.800,3838.8000,36392,-4,1137918420.000,5,0,5,多平,S,3837.0000,3836.0000,3835.8000,3835.6000,3835.2000,3838.4000,3839.0000,3839.2000,3839.4000,3839.6000,1,2,12,6,1,1,2,1,1,1
SF,IF2009,2020-06-16 09:31:59.300,3839.0000,36391,-1,1141373160.000,3,1,2,多平,S,3838.4000,3837.0000,3836.0000,3835.8000,3835.6000,3839.0000,3839.2000,3839.4000,3839.6000,3839.8000,3,1,2,12,6,1,1,1,1,2
SF,IF2009,2020-06-16 09:31:59.800,3838.8000,36385,-6,1150585440.000,8,1,7,多平,S,3838.2000,3837.0000,3836.0000,3835.8000,3835.6000,3838.4000,3838.8000,3839.0000,3839.2000,3839.4000,2,1,2,12,6,1,1,2,1,1
SF,IF2009,2020-06-16 09:32:00.300,3838.2000,36383,-2,1152888360.000,2,0,2,双平,S,3837.0000,3836.0000,3835.8000,3835.6000,3835.2000,3838.2000,3838.6000,3838.8000,3839.0000,3839.2000,1,2,12,6,1,2,2,1,2,1
SF,IF2009,2020-06-16 09:32:00.800,3838.2000,36382,-1,1154039820.000,1,0,1,双平,S,3838.2000,3838.0000,3837.2000,3837.0000,3836.0000,3838.6000,3838.8000,3839.0000,3839.2000,3839.4000,4,1,1,1,2,1,1,1,1,1
SF,IF2009,2020-06-16 09:32:01.300,3838.2000,36373,-9,1165554240.000,10,0,10,多平,S,3837.0000,3836.0000,3835.8000,3835.6000,3835.2000,3838.6000,3838.8000,3839.0000,3839.2000,3839.4000,2,1,12,6,1,5,1,1,1,1
SF,IF2009,2020-06-16 09:32:01.800,3838.2000,36373,0,1165554240.000,0,-,-,-,-,3837.0000,3836.0000,3835.8000,3835.6000,3835.2000,3838.2000,3838.6000,3838.8000,3839.0000,3839.2000,3,1,12,6,1,2,5,1,2,1
SF,IF2009,2020-06-16 09:32:02.300,3838.2000,36373,0,1165554240.000,0,-,-,-,-,3837.2000,3837.0000,3836.0000,3835.8000,3835.6000,3838.2000,3838.6000,3838.8000,3839.0000,3839.2000,2,3,1,12,6,3,4,1,2,1
SF,IF2009,2020-06-16 09:32:02.800,3838.2000,36373,0,1165554240.000,0,-,-,-,-,3837.2000,3837.0000,3836.0000,3835.8000,3835.6000,3838.2000,3838.6000,3838.8000,3839.0000,3839.2000,3,3,1,12,6,3,1,1,2,1
SF,IF2009,2020-06-16 09:32:03.300,3838.2000,36373,0,1165554240.000,0,-,-,-,-,3837.4000,3837.2000,3837.0000,3836.0000,3835.8000,3838.2000,3838.6000,3838.8000,3839.0000,3839.2000,1,2,3,1,12,3,1,1,2,1
SF,IF2009,2020-06-16 09:32:03.800,3838.2000,36373,0,1165554240.000,0,-,-,-,-,3837.4000,3837.0000,3836.0000,3835.8000,3835.6000,3838.2000,3838.6000,3838.8000,3839.0000,3839.2000,4,3,1,12,6,3,1,1,2,1
SF,IF2009,2020-06-16 09:32:04.300,3838.2000,36373,0,1165554240.000,0,-,-,-,-,3837.6000,3837.4000,3837.0000,3836.0000,3835.8000,3838.2000,3838.6000,3838.8000,3839.0000,3839.2000,2,2,3,1,12,3,1,1,2,1
SF,IF2009,2020-06-16 09:32:04.800,3838.0000,36372,-1,1170159480.000,4,1,3,多平,S,3837.6000,3837.4000,3837.0000,3836.0000,3835.8000,3838.0000,3838.2000,3838.6000,3838.8000,3839.0000,3,1,3,1,12,1,2,1,1,2
SF,IF2009,2020-06-16 09:32:05.300,3837.6000,36371,-1,1171310760.000,1,0,1,双平,S,3837.6000,3837.4000,3837.0000,3836.0000,3835.8000,3838.0000,3838.2000,3838.6000,3838.8000,3839.0000,2,1,3,1,12,1,1,1,1,2
SF,IF2009,2020-06-16 09:32:05.800,3837.6000,36370,-1,1173613320.000,2,0,2,多平,S,3837.4000,3837.0000,3836.0000,3835.8000,3835.6000,3837.6000,3838.0000,3838.2000,3838.6000,3838.8000,1,3,1,12,6,1,1,1,1,1
SF,IF2009,2020-06-16 09:32:06.300,3837.6000,36370,0,1173613320.000,0,-,-,-,-,3837.0000,3836.0000,3835.8000,3835.6000,3835.2000,3837.6000,3838.0000,3838.6000,3838.8000,3839.0000,3,1,12,6,1,1,2,1,1,4
SF,IF2009,2020-06-16 09:32:06.800,3837.6000,36370,0,1174764600.000,1,0,1,多换,S,3837.6000,3837.0000,3836.0000,3835.8000,3835.6000,3838.0000,3838.6000,3838.8000,3839.0000,3839.2000,4,3,1,12,6,2,1,1,4,1
SF,IF2009,2020-06-16 09:32:07.800,3838.0000,36367,-3,1178218680.000,3,0,3,双平,S,3837.6000,3837.0000,3836.0000,3835.8000,3835.6000,3838.6000,3838.8000,3839.0000,3839.2000,3839.4000,3,3,1,12,6,1,1,4,1,1
SF,IF2009,2020-06-16 09:32:08.300,3838.6000,36364,-3,1181673180.000,3,0,3,双平,S,3838.6000,3838.0000,3837.8000,3837.6000,3837.0000,3838.8000,3839.0000,3839.2000,3839.4000,3839.6000,3,1,1,3,3,1,4,1,1,1
SF,IF2009,2020-06-16 09:32:08.800,3838.8000,36363,-1,1182824820.000,1,0,1,双平,S,3838.8000,3838.6000,3838.0000,3837.8000,3837.6000,3839.0000,3839.2000,3839.4000,3839.6000,3839.8000,4,3,1,2,3,4,1,1,1,2
SF,IF2009,2020-06-16 09:32:09.300,3838.8000,36363,0,1183976460.000,1,0,1,多换,S,3838.8000,3838.6000,3838.0000,3837.8000,3837.6000,3839.0000,3839.2000,3839.4000,3839.6000,3839.8000,3,3,1,2,3,3,1,1,1,2
SF,IF2009,2020-06-16 09:32:09.800,3838.8000,36357,-6,1192038120.000,7,0,7,多平,S,3839.0000,3838.6000,3838.0000,3837.6000,3837.0000,3839.2000,3839.4000,3839.6000,3839.8000,3840.0000,4,3,1,3,3,1,1,1,2,4
SF,IF2009,2020-06-16 09:32:10.300,3838.6000,36350,-7,1200099840.000,7,0,7,双平,S,3838.6000,3838.0000,3837.6000,3837.0000,3836.0000,3839.4000,3839.6000,3839.8000,3840.0000,3840.2000,1,1,3,3,1,1,1,2,5,3
SF,IF2009,2020-06-16 09:32:10.800,3838.6000,36350,0,1200099840.000,0,-,-,-,-,3838.6000,3837.6000,3837.0000,3836.0000,3835.8000,3839.0000,3839.2000,3839.4000,3839.6000,3839.8000,1,3,3,1,12,4,1,2,2,2
SF,IF2009,2020-06-16 09:32:11.300,3838.6000,36350,0,1200099840.000,0,-,-,-,-,3838.6000,3837.6000,3837.0000,3836.0000,3835.8000,3839.0000,3839.4000,3839.6000,3839.8000,3840.0000,1,3,3,1,12,1,2,1,2,5
SF,IF2009,2020-06-16 09:32:11.800,3839.0000,36350,0,1201251540.000,1,0,1,多换,S,3838.6000,3837.6000,3837.0000,3836.0000,3835.8000,3839.0000,3839.4000,3839.6000,3839.8000,3840.0000,1,3,3,1,12,1,2,1,2,5
SF,IF2009,2020-06-16 09:32:12.300,3838.6000,36349,-1,1202403120.000,1,0,1,双平,S,3837.6000,3837.0000,3836.0000,3835.8000,3835.6000,3838.6000,3839.0000,3839.4000,3839.6000,3839.8000,3,2,1,12,6,2,1,1,1,2
SF,IF2009,2020-06-16 09:32:12.800,3838.6000,36349,0,1202403120.000,0,-,-,-,-,3837.8000,3837.6000,3837.0000,3836.0000,3835.8000,3838.2000,3838.6000,3839.0000,3839.4000,3839.6000,2,3,2,1,12,2,1,3,1,1
SF,IF2009,2020-06-16 09:32:13.300,3838.6000,36348,-1,1203554700.000,1,0,1,双平,S,3837.8000,3837.6000,3837.0000,3836.0000,3835.8000,3838.2000,3838.6000,3839.0000,3839.4000,3839.6000,2,3,2,1,12,1,1,3,1,1
SF,IF2009,2020-06-16 09:32:14.300,3837.6000,36348,0,1204705980.000,1,0,1,多换,S,3837.6000,3837.0000,3836.0000,3835.8000,3835.6000,3838.2000,3838.6000,3839.0000,3839.4000,3839.6000,2,2,1,12,6,1,1,3,1,1
SF,IF2009,2020-06-16 09:32:14.800,3837.6000,36348,0,1204705980.000,0,-,-,-,-,3837.6000,3837.0000,3836.0000,3835.8000,3835.6000,3838.2000,3838.6000,3839.0000,3839.4000,3839.6000,2,2,1,12,6,1,1,3,1,1
SF,IF2009,2020-06-16 09:32:15.300,3837.6000,36348,0,1204705980.000,0,-,-,-,-,3837.6000,3837.0000,3836.0000,3835.8000,3835.6000,3837.8000,3838.2000,3838.4000,3839.0000,3839.4000,2,2,1,12,6,1,1,1,3,1
SF,IF2009,2020-06-16 09:32:15.800,3837.8000,36348,0,1205857320.000,1,0,1,多换,S,3837.6000,3837.0000,3836.0000,3835.8000,3835.6000,3838.2000,3838.4000,3839.0000,3839.4000,3839.6000,2,2,1,12,6,1,1,4,1,1
SF,IF2009,2020-06-16 09:32:16.800,3837.6000,36346,-2,1208159880.000,2,0,2,双平,S,3837.0000,3836.0000,3835.8000,3835.6000,3835.2000,3838.0000,3838.2000,3838.4000,3839.0000,3839.4000,2,1,12,6,1,1,1,1,4,1
SF,IF2009,2020-06-16 09:32:17.300,3837.6000,36346,0,1208159880.000,0,-,-,-,-,3837.2000,3837.0000,3836.0000,3835.8000,3835.6000,3837.8000,3838.0000,3838.2000,3838.4000,3839.0000,1,2,1,12,6,1,3,1,1,4
SF,IF2009,2020-06-16 09:32:17.800,3837.6000,36346,0,1208159880.000,0,-,-,-,-,3837.2000,3837.0000,3836.0000,3835.8000,3835.6000,3837.8000,3838.0000,3838.2000,3838.4000,3839.0000,1,2,1,12,6,1,3,3,1,4
SF,IF2009,2020-06-16 09:32:18.300,3837.0000,36345,-1,1210462140.000,2,0,2,多平,S,3837.0000,3836.0000,3835.8000,3835.6000,3835.2000,3837.8000,3838.0000,3838.2000,3839.0000,3839.4000,1,1,12,6,1,1,3,4,4,1
SF,IF2009,2020-06-16 09:32:18.800,3837.0000,36345,0,1210462140.000,0,-,-,-,-,3837.0000,3836.0000,3835.8000,3835.6000,3835.2000,3837.8000,3838.0000,3838.2000,3839.0000,3839.4000,1,1,12,6,1,1,2,4,4,1
SF,IF2009,2020-06-16 09:32:19.300,3838.2000,36338,-7,1218522120.000,7,0,7,双平,S,3838.0000,3837.8000,3837.6000,3837.2000,3837.0000,3839.0000,3839.4000,3839.6000,3839.8000,3840.0000,7,7,1,2,4,4,1,1,3,4
SF,IF2009,2020-06-16 09:32:19.800,3838.0000,36339,1,1220824920.000,2,1,1,空开,S,3838.0000,3837.8000,3837.0000,3836.0000,3835.8000,3838.6000,3838.8000,3839.0000,3839.4000,3839.6000,2,5,1,1,12,1,1,5,1,1
SF,IF2009,2020-06-16 09:32:20.300,3838.0000,36332,-7,1232340600.000,10,1,9,多平,S,3837.8000,3837.0000,3836.0000,3835.8000,3835.6000,3839.4000,3839.6000,3839.8000,3840.0000,3840.2000,5,1,1,12,6,1,1,3,4,3
SF,IF2009,2020-06-16 09:32:20.800,3838.6000,36331,-1,1234643760.000,2,0,2,多平,S,3838.6000,3837.8000,3837.0000,3836.0000,3835.8000,3839.2000,3839.4000,3839.6000,3839.8000,3840.0000,3,5,1,1,12,1,2,1,3,4
SF,IF2009,2020-06-16 09:32:21.300,3838.6000,36331,0,1234643760.000,0,-,-,-,-,3838.6000,3838.2000,3838.0000,3837.8000,3837.0000,3839.2000,3839.4000,3839.6000,3839.8000,3840.0000,3,1,1,5,1,2,2,1,3,4
SF,IF2009,2020-06-16 09:32:21.800,3839.4000,36330,-1,1238099160.000,3,1,2,多平,S,3839.4000,3838.6000,3838.2000,3837.8000,3837.0000,3839.6000,3839.8000,3840.0000,3840.2000,3840.4000,2,3,1,5,1,1,3,4,3,1
SF,IF2009,2020-06-16 09:32:22.300,3839.4000,36327,-3,1241554680.000,3,0,3,双平,S,3838.6000,3838.2000,3837.8000,3837.0000,3836.0000,3839.8000,3840.0000,3840.2000,3840.4000,3840.6000,3,1,5,1,1,3,4,3,1,3
SF,IF2009,2020-06-16 09:32:22.800,3839.4000,36327,0,1241554680.000,0,-,-,-,-,3838.6000,3838.2000,3837.8000,3837.0000,3836.0000,3839.6000,3839.8000,3840.0000,3840.2000,3840.4000,3,1,5,1,1,1,3,4,3,1
SF,IF2009,2020-06-16 09:32:23.300,3839.4000,36327,0,1241554680.000,0,-,-,-,-,3838.8000,3838.6000,3838.2000,3837.8000,3837.0000,3839.4000,3839.6000,3839.8000,3840.0000,3840.2000,1,3,1,5,1,1,2,3,4,3
SF,IF2009,2020-06-16 09:32:23.800,3838.8000,36327,0,1242706320.000,1,0,1,多换,S,3838.6000,3838.2000,3837.8000,3837.0000,3836.0000,3839.2000,3839.4000,3839.6000,3839.8000,3840.0000,3,1,5,1,1,1,2,1,3,4
SF,IF2009,2020-06-16 09:32:24.300,3838.8000,36327,0,1242706320.000,0,-,-,-,-,3838.6000,3838.2000,3837.8000,3837.0000,3836.0000,3839.2000,3839.4000,3839.6000,3839.8000,3840.0000,3,1,5,1,1,2,1,1,3,4
SF,IF2009,2020-06-16 09:32:24.800,3839.2000,36324,-3,1246161600.000,3,0,3,双平,S,3838.6000,3838.2000,3837.8000,3837.0000,3836.0000,3839.4000,3839.8000,3840.0000,3840.2000,3840.4000,3,1,5,1,1,1,3,4,3,1
SF,IF2009,2020-06-16 09:32:25.300,3839.2000,36324,0,1246161600.000,0,-,-,-,-,3838.8000,3838.6000,3838.2000,3837.8000,3837.0000,3839.8000,3840.0000,3840.2000,3840.4000,3840.6000,1,3,1,5,1,3,4,3,1,3
SF,IF2009,2020-06-16 09:32:25.800,3838.6000,36323,-1,1247313180.000,1,0,1,双平,S,3838.6000,3838.2000,3837.8000,3837.0000,3836.0000,3839.8000,3840.0000,3840.2000,3840.4000,3840.6000,2,1,5,1,1,3,4,3,1,3
SF,IF2009,2020-06-16 09:32:26.300,3838.6000,36323,0,1247313180.000,0,-,-,-,-,3838.6000,3838.2000,3837.8000,3837.0000,3836.0000,3838.8000,3839.8000,3840.0000,3840.2000,3840.4000,2,1,5,1,1,1,3,4,3,1
SF,IF2009,2020-06-16 09:32:26.800,3838.8000,36322,-1,1248464820.000,1,0,1,双平,S,3838.8000,3838.6000,3838.2000,3837.8000,3837.6000,3839.6000,3839.8000,3840.0000,3840.2000,3840.4000,3,2,1,5,1,2,3,4,3,1
SF,IF2009,2020-06-16 09:32:27.300,3838.8000,36322,0,1248464820.000,0,-,-,-,-,3839.0000,3838.8000,3838.6000,3838.2000,3837.8000,3839.2000,3839.6000,3839.8000,3840.0000,3840.2000,1,2,2,1,5,2,1,3,4,3
SF,IF2009,2020-06-16 09:32:27.800,3838.8000,36322,0,1248464820.000,0,-,-,-,-,3839.0000,3838.8000,3838.6000,3838.2000,3837.8000,3839.2000,3839.8000,3840.0000,3840.2000,3840.4000,1,10,2,1,5,2,3,4,3,1
SF,IF2009,2020-06-16 09:32:28.300,3838.8000,36323,1,1250768160.000,2,1,1,空开,S,3838.8000,3838.6000,3838.2000,3837.8000,3837.6000,3839.2000,3839.4000,3839.8000,3840.0000,3840.2000,7,2,1,5,1,2,1,3,4,3
SF,IF2009,2020-06-16 09:32:28.800,3839.2000,36323,0,1251919920.000,1,0,1,多换,S,3838.8000,3838.6000,3838.2000,3837.8000,3837.6000,3839.2000,3839.4000,3839.8000,3840.0000,3840.2000,7,2,1,5,1,1,1,3,4,3
SF,IF2009,2020-06-16 09:32:29.300,3839.2000,36323,0,1251919920.000,0,-,-,-,-,3838.8000,3838.6000,3838.2000,3837.8000,3837.6000,3839.0000,3839.2000,3839.4000,3839.8000,3840.0000,7,2,1,5,1,1,1,1,3,4
SF,IF2009,2020-06-16 09:32:29.800,3839.2000,36323,0,1251919920.000,0,-,-,-,-,3838.8000,3838.6000,3838.2000,3837.8000,3837.6000,3839.0000,3839.2000,3839.4000,3839.8000,3840.0000,7,2,1,5,1,1,1,1,3,5
SF,IF2009,2020-06-16 09:32:30.300,3839.0000,36322,-1,1253071620.000,1,0,1,双平,S,3838.8000,3838.6000,3838.2000,3837.8000,3837.6000,3839.0000,3839.2000,3839.4000,3839.8000,3840.0000,7,2,1,5,1,1,1,1,3,5
SF,IF2009,2020-06-16 09:32:30.800,3839.0000,36321,-1,1255375020.000,2,0,2,多平,S,3839.0000,3838.8000,3838.6000,3838.2000,3837.8000,3839.2000,3839.4000,3839.8000,3840.0000,3840.2000,2,7,2,1,5,1,1,3,5,3
SF,IF2009,2020-06-16 09:32:31.300,3839.0000,36320,-1,1257678480.000,2,0,2,多平,S,3838.8000,3838.6000,3838.2000,3837.8000,3837.6000,3839.4000,3839.8000,3840.0000,3840.2000,3840.4000,7,2,1,5,1,1,3,5,3,1
SF,IF2009,2020-06-16 09:32:31.800,3839.8000,36317,-3,1262286120.000,4,0,4,多平,S,3839.4000,3839.2000,3839.0000,3838.8000,3838.6000,3840.0000,3840.2000,3840.4000,3840.6000,3840.8000,8,2,2,7,2,5,3,1,3,1
SF,IF2009,2020-06-16 09:32:32.300,3839.4000,36316,-1,1264589880.000,2,0,2,多平,S,3839.2000,3839.0000,3838.8000,3838.6000,3837.8000,3840.0000,3840.2000,3840.4000,3840.6000,3840.8000,1,1,7,2,5,5,3,1,3,1
SF,IF2009,2020-06-16 09:32:32.800,3840.0000,36311,-5,1270349880.000,5,0,5,双平,S,3840.0000,3839.4000,3839.2000,3839.0000,3838.8000,3840.2000,3840.4000,3840.6000,3840.8000,3841.0000,1,1,1,1,7,3,1,3,1,3
SF,IF2009,2020-06-16 09:32:33.300,3840.0000,36309,-2,1272653940.000,2,0,2,双平,S,3839.4000,3839.2000,3839.0000,3838.8000,3838.6000,3840.2000,3840.4000,3840.6000,3840.8000,3841.0000,1,1,1,7,2,2,1,3,1,3
SF,IF2009,2020-06-16 09:32:33.800,3840.2000,36308,-1,1276110060.000,3,1,2,多平,S,3840.2000,3839.4000,3839.2000,3839.0000,3838.8000,3840.4000,3840.6000,3840.8000,3841.0000,3841.2000,2,1,1,1,7,1,3,1,3,5
SF,IF2009,2020-06-16 09:32:34.300,3840.4000,36305,-3,1279566420.000,3,0,3,双平,S,3840.4000,3840.2000,3839.6000,3839.4000,3839.0000,3840.6000,3840.8000,3841.0000,3841.2000,3841.8000,5,2,1,2,1,3,1,3,5,1
SF,IF2009,2020-06-16 09:32:34.800,3840.6000,36299,-6,1288783560.000,8,1,7,多平,S,3840.6000,3840.2000,3839.4000,3839.0000,3838.8000,3840.8000,3841.0000,3841.2000,3841.8000,3842.0000,2,2,1,1,7,1,3,5,1,1
SF,IF2009,2020-06-16 09:32:35.300,3840.8000,36298,-1,1289935800.000,1,0,1,双平,S,3840.8000,3840.6000,3840.2000,3839.0000,3838.8000,3841.0000,3841.2000,3841.8000,3842.0000,3842.2000,1,2,2,1,7,3,5,1,1,1
SF,IF2009,2020-06-16 09:32:35.800,3840.8000,36298,0,1289935800.000,0,-,-,-,-,3840.8000,3840.6000,3840.4000,3840.2000,3839.4000,3841.0000,3841.2000,3841.8000,3842.0000,3842.2000,3,2,1,2,1,3,5,1,1,1
SF,IF2009,2020-06-16 09:32:36.300,3841.0000,36295,-3,1294544940.000,4,0,4,多平,S,3840.8000,3840.6000,3840.4000,3840.2000,3839.4000,3841.2000,3841.8000,3842.0000,3842.2000,3842.6000,1,2,1,2,1,5,1,1,1,2
SF,IF2009,2020-06-16 09:32:36.800,3841.0000,36295,0,1295697240.000,1,0,1,多换,S,3840.8000,3840.6000,3840.4000,3840.2000,3839.4000,3841.2000,3841.8000,3842.0000,3842.2000,3842.6000,1,2,1,2,1,5,1,1,1,2
SF,IF2009,2020-06-16 09:32:37.300,3840.8000,36293,-2,1298001840.000,2,0,2,双平,S,3840.6000,3840.4000,3840.2000,3839.4000,3839.0000,3841.2000,3841.8000,3842.0000,3842.2000,3842.6000,2,1,2,1,1,4,1,1,1,2
SF,IF2009,2020-06-16 09:32:37.800,3840.8000,36293,0,1298001840.000,0,-,-,-,-,3840.6000,3840.4000,3840.2000,3839.4000,3839.0000,3841.2000,3841.8000,3842.0000,3842.2000,3842.6000,2,1,2,1,1,4,1,1,1,2
SF,IF2009,2020-06-16 09:32:38.300,3840.6000,36291,-2,1300306200.000,2,0,2,双平,S,3840.4000,3840.2000,3839.4000,3839.0000,3838.8000,3841.0000,3841.2000,3841.8000,3842.0000,3842.2000,1,2,1,1,7,1,4,1,1,1
SF,IF2009,2020-06-16 09:32:38.800,3840.4000,36291,0,1301458320.000,1,0,1,多换,S,3840.2000,3839.4000,3839.0000,3838.8000,3838.6000,3840.4000,3840.8000,3841.2000,3841.8000,3842.0000,2,1,1,7,2,2,2,4,1,1
SF,IF2009,2020-06-16 09:32:39.300,3840.8000,36290,-1,1303762680.000,2,0,2,多平,S,3840.4000,3840.2000,3839.4000,3839.0000,3838.8000,3841.2000,3841.8000,3842.0000,3842.2000,3842.6000,4,2,1,1,7,4,1,1,1,2
SF,IF2009,2020-06-16 09:32:39.800,3840.8000,36290,0,1303762680.000,0,-,-,-,-,3840.6000,3840.4000,3840.2000,3839.4000,3839.0000,3841.2000,3841.8000,3842.0000,3842.2000,3842.6000,1,2,2,1,1,4,1,1,1,2
SF,IF2009,2020-06-16 09:32:40.300,3840.8000,36290,0,1303762680.000,0,-,-,-,-,3840.6000,3840.4000,3840.2000,3840.0000,3839.4000,3841.2000,3841.8000,3842.0000,3842.2000,3842.6000,2,2,2,1,1,4,1,1,1,2
SF,IF2009,2020-06-16 09:32:40.800,3840.8000,36286,-4,1309524360.000,5,0,5,多平,S,3840.6000,3840.4000,3840.2000,3840.0000,3839.4000,3841.8000,3842.0000,3842.2000,3842.6000,3843.4000,2,2,2,1,1,1,1,1,2,3
SF,IF2009,2020-06-16 09:32:41.300,3840.8000,36286,0,1309524360.000,0,-,-,-,-,3841.2000,3840.4000,3840.2000,3840.0000,3839.4000,3841.6000,3841.8000,3842.0000,3842.2000,3842.6000,1,2,2,1,1,1,1,1,1,2
SF,IF2009,2020-06-16 09:32:41.800,3840.8000,36286,0,1309524360.000,0,-,-,-,-,3841.2000,3840.8000,3840.4000,3840.2000,3840.0000,3841.6000,3841.8000,3842.0000,3842.2000,3842.6000,1,1,2,2,1,1,1,1,1,2
SF,IF2009,2020-06-16 09:32:42.300,3840.8000,36286,0,1309524360.000,0,-,-,-,-,3841.2000,3840.8000,3840.4000,3840.2000,3840.0000,3841.8000,3842.0000,3842.2000,3842.6000,3843.4000,1,1,2,2,1,1,1,1,2,3
SF,IF2009,2020-06-16 09:32:42.800,3840.8000,36286,0,1310676600.000,1,0,1,多换,S,3840.4000,3840.2000,3840.0000,3839.4000,3838.8000,3841.8000,3842.0000,3842.6000,3843.4000,3843.6000,2,2,1,1,7,1,1,2,3,2
SF,IF2009,2020-06-16 09:32:43.300,3841.2000,36286,0,1312981080.000,2,1,1,多换,S,3841.6000,3840.4000,3840.2000,3840.0000,3839.4000,3841.8000,3842.0000,3842.6000,3843.6000,3843.8000,1,1,2,1,1,2,1,2,2,1
SF,IF2009,2020-06-16 09:32:43.800,3841.6000,36286,0,1314133560.000,1,0,1,多换,S,3840.4000,3840.2000,3840.0000,3839.4000,3838.8000,3841.6000,3841.8000,3842.0000,3842.6000,3843.6000,1,2,1,1,7,3,2,1,2,2
SF,IF2009,2020-06-16 09:32:44.300,3841.6000,36286,0,1315286040.000,1,0,1,多换,S,3841.6000,3840.2000,3840.0000,3839.4000,3838.8000,3841.8000,3842.0000,3842.6000,3843.6000,3843.8000,4,2,1,1,7,2,1,2,2,1
SF,IF2009,2020-06-16 09:32:44.800,3841.6000,36286,0,1316438520.000,1,0,1,多换,S,3841.6000,3840.6000,3840.4000,3840.2000,3840.0000,3841.8000,3842.0000,3842.6000,3843.6000,3843.8000,3,3,1,2,1,1,1,2,2,1
SF,IF2009,2020-06-16 09:32:45.300,3841.6000,36282,-4,1322201100.000,5,0,5,多平,S,3841.6000,3840.8000,3840.6000,3840.4000,3840.2000,3842.0000,3842.6000,3843.6000,3843.8000,3844.0000,1,1,2,1,2,1,2,2,1,21
SF,IF2009,2020-06-16 09:32:45.800,3841.6000,36281,-1,1325658540.000,3,1,2,多平,S,3841.6000,3840.8000,3840.6000,3840.2000,3840.0000,3842.0000,3842.6000,3843.6000,3843.8000,3844.0000,1,1,2,2,1,1,2,2,1,21
SF,IF2009,2020-06-16 09:32:46.300,3841.6000,36281,0,1325658540.000,0,-,-,-,-,3841.6000,3840.8000,3840.2000,3840.0000,3839.4000,3842.0000,3842.6000,3843.6000,3843.8000,3844.0000,1,1,2,1,1,1,2,2,1,21
SF,IF2009,2020-06-16 09:32:46.800,3842.0000,36280,-1,1326811140.000,1,0,1,双平,S,3842.0000,3841.6000,3840.8000,3840.2000,3840.0000,3842.6000,3843.6000,3843.8000,3844.0000,3844.6000,4,1,1,2,1,2,2,1,21,1
SF,IF2009,2020-06-16 09:32:47.300,3842.4000,36265,-15,1344100620.000,15,0,15,双平,S,3840.2000,3840.0000,3839.4000,3838.8000,3838.6000,3842.6000,3843.6000,3843.8000,3844.0000,3844.6000,2,1,1,7,2,2,2,1,21,1
SF,IF2009,2020-06-16 09:32:47.800,3841.8000,36265,0,1345253160.000,1,0,1,多换,S,3840.4000,3840.2000,3840.0000,3839.4000,3838.8000,3842.0000,3842.4000,3842.6000,3843.6000,3843.8000,2,2,1,1,7,2,1,2,2,1
SF,IF2009,2020-06-16 09:32:48.300,3841.8000,36265,0,1346405700.000,1,0,1,多换,S,3840.6000,3840.4000,3840.2000,3840.0000,3839.4000,3842.0000,3842.2000,3842.4000,3842.6000,3843.6000,1,2,2,1,1,2,1,1,2,2
SF,IF2009,2020-06-16 09:32:48.800,3841.8000,36265,0,1346405700.000,0,-,-,-,-,3840.8000,3840.6000,3840.4000,3840.2000,3840.0000,3841.6000,3841.8000,3842.0000,3842.2000,3842.6000,1,2,2,2,1,1,1,12,1,2
SF,IF2009,2020-06-16 09:32:49.300,3841.6000,36264,-1,1347558180.000,1,0,1,双平,S,3840.8000,3840.6000,3840.4000,3840.2000,3840.0000,3842.0000,3842.6000,3843.6000,3843.8000,3844.0000,1,2,1,2,1,12,2,2,1,21
SF,IF2009,2020-06-16 09:32:49.800,3841.6000,36264,0,1347558180.000,0,-,-,-,-,3840.8000,3840.6000,3840.4000,3840.2000,3840.0000,3842.0000,3842.6000,3843.6000,3843.8000,3844.0000,1,2,1,2,1,12,2,2,1,21
SF,IF2009,2020-06-16 09:32:50.300,3841.6000,36264,0,1347558180.000,0,-,-,-,-,3840.8000,3840.6000,3840.4000,3840.2000,3840.0000,3842.0000,3842.6000,3843.6000,3843.8000,3844.0000,2,2,1,2,1,12,2,2,1,21
SF,IF2009,2020-06-16 09:32:50.800,3841.8000,36264,0,1349863020.000,2,1,1,多换,S,3840.8000,3840.6000,3840.4000,3840.2000,3840.0000,3841.8000,3842.0000,3842.6000,3843.6000,3843.8000,1,2,1,2,1,3,12,2,2,1
SF,IF2009,2020-06-16 09:32:51.300,3841.8000,36264,0,1349863020.000,0,-,-,-,-,3841.0000,3840.8000,3840.6000,3840.4000,3840.2000,3841.8000,3842.0000,3842.6000,3843.6000,3843.8000,4,1,2,1,2,3,12,2,2,1
SF,IF2009,2020-06-16 09:32:51.800,3841.2000,36263,-1,1352167920.000,2,0,2,多平,S,3841.0000,3840.6000,3840.4000,3840.2000,3840.0000,3841.8000,3842.0000,3842.6000,3843.6000,3843.8000,3,2,1,2,1,2,12,2,2,1
SF,IF2009,2020-06-16 09:32:52.300,3842.0000,36261,-2,1355625600.000,3,0,3,多平,S,3841.8000,3841.2000,3841.0000,3840.6000,3840.4000,3842.0000,3842.6000,3843.6000,3843.8000,3844.0000,5,1,3,2,1,12,2,2,1,21
SF,IF2009,2020-06-16 09:32:52.800,3841.8000,36259,-2,1359083220.000,3,0,3,多平,S,3841.8000,3841.0000,3840.6000,3840.2000,3840.0000,3842.0000,3842.6000,3843.0000,3843.6000,3843.8000,7,3,2,2,1,12,2,1,2,1
SF,IF2009,2020-06-16 09:32:53.300,3841.8000,36256,-3,1363693380.000,4,0,4,多平,S,3841.8000,3841.0000,3840.6000,3840.2000,3840.0000,3842.0000,3842.6000,3843.0000,3843.6000,3843.8000,3,3,2,2,1,12,2,1,2,1
SF,IF2009,2020-06-16 09:32:53.800,3841.8000,36254,-2,1367151000.000,3,0,3,多平,S,3841.8000,3841.0000,3840.6000,3840.2000,3840.0000,3842.0000,3842.6000,3843.0000,3843.6000,3843.8000,1,3,2,2,1,12,2,1,2,1
SF,IF2009,2020-06-16 09:32:54.300,3842.0000,36250,-4,1374066300.000,6,1,5,多平,S,3841.0000,3840.2000,3840.0000,3839.4000,3838.6000,3842.0000,3842.6000,3843.0000,3843.6000,3843.8000,3,2,1,1,2,11,2,1,2,1
SF,IF2009,2020-06-16 09:32:54.800,3842.0000,36250,0,1374066300.000,0,-,-,-,-,3840.2000,3840.0000,3839.4000,3838.6000,3837.8000,3841.8000,3842.0000,3842.6000,3843.0000,3843.6000,2,1,1,2,5,3,11,2,1,2
SF,IF2009,2020-06-16 09:32:55.300,3842.0000,36250,0,1374066300.000,0,-,-,-,-,3840.4000,3840.2000,3840.0000,3839.4000,3838.6000,3841.8000,3842.0000,3842.2000,3842.6000,3843.0000,1,2,1,1,2,5,11,1,2,1
SF,IF2009,2020-06-16 09:32:55.800,3842.0000,36250,0,1374066300.000,0,-,-,-,-,3840.6000,3840.4000,3840.2000,3840.0000,3839.4000,3840.8000,3841.8000,3842.0000,3842.2000,3842.6000,1,1,2,2,1,1,5,11,1,2
SF,IF2009,2020-06-16 09:32:56.300,3841.8000,36251,1,1378676460.000,4,2,2,空开,S,3841.8000,3840.2000,3840.0000,3839.4000,3838.6000,3842.0000,3842.2000,3842.6000,3843.0000,3843.6000,3,2,2,1,2,12,1,2,1,2
SF,IF2009,2020-06-16 09:32:56.800,3841.8000,36250,-1,1383286620.000,4,1,3,多平,S,3840.2000,3840.0000,3839.4000,3838.6000,3837.8000,3841.6000,3841.8000,3842.0000,3842.2000,3842.6000,2,1,1,2,5,2,5,12,1,2
SF,IF2009,2020-06-16 09:32:57.300,3841.8000,36250,0,1383286620.000,0,-,-,-,-,3840.4000,3840.2000,3840.0000,3839.4000,3838.6000,3841.4000,3841.6000,3841.8000,3842.0000,3842.2000,1,2,1,1,2,1,1,2,12,1
SF,IF2009,2020-06-16 09:32:57.800,3841.8000,36250,0,1383286620.000,0,-,-,-,-,3840.2000,3840.0000,3839.4000,3838.6000,3837.8000,3841.4000,3841.6000,3841.8000,3842.0000,3842.2000,2,1,1,2,5,3,1,2,12,2
SF,IF2009,2020-06-16 09:32:58.300,3841.8000,36250,0,1383286620.000,0,-,-,-,-,3840.2000,3840.0000,3839.4000,3838.6000,3837.8000,3840.6000,3841.4000,3841.6000,3841.8000,3842.0000,2,1,1,2,5,1,1,1,2,2
SF,IF2009,2020-06-16 09:32:58.800,3840.2000,36250,0,1385590740.000,2,1,1,多换,S,3840.0000,3839.4000,3838.6000,3837.8000,3837.6000,3841.2000,3841.6000,3841.8000,3842.0000,3842.2000,1,1,2,5,1,1,1,3,2,2
SF,IF2009,2020-06-16 09:32:59.300,3840.2000,36250,0,1385590740.000,0,-,-,-,-,3840.2000,3840.0000,3839.4000,3839.2000,3838.6000,3840.8000,3841.2000,3841.6000,3841.8000,3842.0000,3,2,1,1,2,1,1,1,3,2
SF,IF2009,2020-06-16 09:32:59.800,3840.8000,36249,-1,1386742980.000,1,0,1,双平,S,3840.2000,3840.0000,3839.4000,3839.2000,3838.6000,3841.6000,3841.8000,3842.0000,3842.2000,3842.6000,3,3,1,1,2,1,3,2,2,2
SF,IF2009,2020-06-16 09:33:00.300,3840.4000,36249,0,1387895100.000,1,0,1,多换,S,3840.2000,3840.0000,3839.4000,3839.2000,3838.6000,3841.4000,3841.6000,3841.8000,3842.0000,3842.2000,2,2,1,1,2,3,1,3,2,2
SF,IF2009,2020-06-16 09:33:00.800,3841.4000,36247,-2,1392504420.000,4,1,3,多平,S,3841.4000,3840.2000,3840.0000,3839.4000,3839.2000,3841.6000,3841.8000,3842.0000,3842.2000,3842.6000,2,1,1,1,1,1,3,2,2,2
SF,IF2009,2020-06-16 09:33:01.300,3841.0000,36242,-5,1398265680.000,5,0,5,双平,S,3840.0000,3839.4000,3839.2000,3837.6000,3836.2000,3841.2000,3841.4000,3841.6000,3841.8000,3842.0000,1,1,1,1,3,3,4,1,2,2
SF,IF2009,2020-06-16 09:33:01.800,3841.0000,36242,0,1398265680.000,0,-,-,-,-,3840.0000,3839.4000,3839.2000,3837.6000,3836.2000,3841.4000,3841.8000,3842.0000,3842.2000,3842.6000,1,1,1,1,3,4,2,2,2,3
SF,IF2009,2020-06-16 09:33:02.300,3841.0000,36242,0,1398265680.000,0,-,-,-,-,3840.2000,3840.0000,3839.4000,3839.2000,3837.6000,3841.2000,3841.4000,3841.8000,3842.0000,3842.2000,2,4,1,1,1,1,3,2,2,2
SF,IF2009,2020-06-16 09:33:02.800,3841.0000,36242,0,1398265680.000,0,-,-,-,-,3840.2000,3840.0000,3839.4000,3839.2000,3838.8000,3841.2000,3841.4000,3841.8000,3842.0000,3842.2000,2,4,1,1,2,1,1,2,3,2
SF,IF2009,2020-06-16 09:33:03.300,3841.0000,36242,0,1398265680.000,0,-,-,-,-,3840.4000,3840.2000,3840.0000,3839.4000,3839.2000,3841.2000,3841.4000,3841.8000,3842.0000,3842.2000,2,1,6,1,1,1,1,2,3,2
SF,IF2009,2020-06-16 09:33:03.800,3840.4000,36242,0,1399417800.000,1,0,1,多换,S,3840.4000,3840.0000,3839.4000,3839.2000,3838.8000,3841.0000,3841.2000,3841.4000,3841.8000,3842.0000,1,4,1,1,2,1,2,1,2,3
SF,IF2009,2020-06-16 09:33:04.300,3840.4000,36242,0,1399417800.000,0,-,-,-,-,3840.0000,3839.4000,3839.2000,3838.8000,3837.6000,3841.0000,3841.2000,3841.4000,3841.8000,3842.0000,4,1,1,2,1,1,2,1,2,3
SF,IF2009,2020-06-16 09:33:04.800,3840.4000,36242,0,1399417800.000,0,-,-,-,-,3840.2000,3840.0000,3839.4000,3839.2000,3838.8000,3840.4000,3841.0000,3841.2000,3841.4000,3841.8000,1,4,1,1,2,1,1,1,1,2
SF,IF2009,2020-06-16 09:33:05.300,3840.4000,36241,-1,1401722040.000,2,0,2,多平,S,3840.4000,3840.0000,3839.4000,3838.8000,3837.6000,3840.8000,3841.0000,3841.4000,3841.8000,3842.0000,3,4,1,2,1,1,2,1,2,3
SF,IF2009,2020-06-16 09:33:05.800,3840.4000,36238,-3,1405178400.000,3,0,3,双平,S,3840.0000,3839.4000,3838.8000,3837.6000,3836.2000,3840.4000,3841.0000,3841.4000,3841.8000,3842.0000,4,1,2,1,3,1,2,1,2,3
SF,IF2009,2020-06-16 09:33:06.300,3840.4000,36238,0,1405178400.000,0,-,-,-,-,3840.0000,3839.4000,3838.8000,3837.6000,3836.2000,3840.4000,3841.0000,3841.4000,3841.8000,3842.0000,4,1,2,1,3,1,1,1,1,3
SF,IF2009,2020-06-16 09:33:06.800,3840.4000,36238,0,1405178400.000,0,-,-,-,-,3840.0000,3839.4000,3838.8000,3837.6000,3836.2000,3840.4000,3841.0000,3841.4000,3842.0000,3842.2000,4,1,2,1,3,1,1,1,3,2
SF,IF2009,2020-06-16 09:33:07.300,3840.0000,36238,0,1406330400.000,1,0,1,多换,S,3840.0000,3839.4000,3838.8000,3837.8000,3837.6000,3840.4000,3841.0000,3841.4000,3842.0000,3842.2000,3,1,2,1,1,1,1,1,3,2
SF,IF2009,2020-06-16 09:33:07.800,3840.2000,36236,-2,1410938460.000,4,1,3,多平,S,3839.4000,3838.8000,3837.8000,3837.6000,3836.2000,3840.4000,3841.0000,3841.4000,3842.0000,3842.2000,1,2,1,1,3,1,1,1,3,2
SF,IF2009,2020-06-16 09:33:08.300,3840.2000,36236,0,1410938460.000,0,-,-,-,-,3839.4000,3838.8000,3837.8000,3837.6000,3836.2000,3840.2000,3840.4000,3841.0000,3841.4000,3842.0000,1,2,1,1,3,1,2,1,1,3
SF,IF2009,2020-06-16 09:33:08.800,3840.2000,36236,0,1410938460.000,0,-,-,-,-,3839.4000,3838.8000,3837.8000,3837.6000,3836.2000,3840.2000,3840.4000,3841.0000,3841.4000,3842.0000,3,2,1,1,3,1,1,1,1,3
SF,IF2009,2020-06-16 09:33:09.300,3839.4000,36237,1,1412090280.000,1,1,0,双开,S,3838.8000,3837.8000,3837.6000,3836.2000,3836.0000,3839.4000,3840.0000,3840.2000,3840.4000,3841.0000,2,1,1,3,1,2,1,2,1,1
SF,IF2009,2020-06-16 09:33:09.800,3839.4000,36237,0,1414393920.000,2,1,1,多换,S,3839.4000,3839.0000,3838.8000,3837.8000,3837.6000,3840.0000,3840.2000,3840.4000,3841.0000,3842.0000,2,1,2,1,1,11,1,1,1,3
SF,IF2009,2020-06-16 09:33:10.300,3839.4000,36237,0,1415545740.000,1,0,1,多换,S,3838.8000,3837.8000,3837.6000,3836.2000,3836.0000,3840.0000,3840.2000,3840.4000,3841.0000,3842.0000,2,1,1,3,1,10,1,1,1,3
SF,IF2009,2020-06-16 09:33:10.800,3839.4000,36237,0,1415545740.000,0,-,-,-,-,3839.0000,3838.8000,3837.8000,3837.6000,3836.2000,3839.2000,3839.8000,3840.0000,3840.4000,3841.0000,1,2,1,1,3,1,1,10,1,1
SF,IF2009,2020-06-16 09:33:11.300,3838.8000,36237,0,1416697380.000,1,0,1,多换,S,3838.8000,3837.8000,3837.6000,3836.2000,3836.0000,3839.2000,3839.8000,3840.0000,3840.4000,3840.8000,1,1,1,3,1,1,1,10,1,1
SF,IF2009,2020-06-16 09:33:12.800,3838.8000,36237,0,1417849020.000,1,0,1,多换,S,3837.8000,3837.6000,3836.2000,3836.0000,3835.8000,3839.2000,3839.8000,3840.0000,3840.4000,3840.8000,1,1,3,1,10,1,1,10,1,1
SF,IF2009,2020-06-16 09:33:13.300,3839.2000,36235,-2,1422455940.000,4,1,3,多平,S,3839.2000,3838.0000,3837.8000,3837.6000,3836.2000,3840.0000,3840.4000,3840.8000,3841.0000,3841.8000,1,2,1,2,3,10,1,1,1,1
SF,IF2009,2020-06-16 09:33:13.800,3839.2000,36234,-1,1423607700.000,1,0,1,双平,S,3837.8000,3837.6000,3836.2000,3836.0000,3835.8000,3839.2000,3839.8000,3840.0000,3840.4000,3840.8000,1,1,3,1,10,2,1,10,1,1
SF,IF2009,2020-06-16 09:33:14.300,3839.2000,36232,-2,1425911220.000,2,0,2,双平,S,3839.2000,3838.0000,3837.8000,3837.6000,3836.2000,3839.8000,3840.0000,3840.4000,3840.8000,3841.0000,1,3,2,2,3,1,10,1,1,1
SF,IF2009,2020-06-16 09:33:14.800,3839.2000,36229,-3,1429366500.000,3,0,3,双平,S,3839.2000,3837.8000,3837.6000,3836.2000,3836.0000,3839.8000,3840.0000,3840.4000,3840.8000,3841.0000,3,2,1,3,1,1,10,1,1,1
SF,IF2009,2020-06-16 09:33:15.300,3839.8000,36225,-4,1433973720.000,4,0,4,双平,S,3839.8000,3837.8000,3837.6000,3836.2000,3836.0000,3840.0000,3840.4000,3840.8000,3841.0000,3841.8000,9,2,1,3,1,10,1,1,1,1
SF,IF2009,2020-06-16 09:33:15.800,3840.0000,36207,-18,1455860940.000,19,0,19,多平,S,3839.8000,3837.8000,3837.6000,3836.2000,3836.0000,3840.0000,3840.4000,3840.8000,3841.0000,3841.8000,2,1,1,3,1,4,1,1,1,1
SF,IF2009,2020-06-16 09:33:16.300,3839.8000,36205,-2,1458164820.000,2,0,2,双平,S,3839.0000,3837.8000,3837.6000,3836.2000,3836.0000,3839.2000,3840.0000,3840.4000,3840.8000,3841.0000,1,1,1,3,1,3,4,1,1,1
SF,IF2009,2020-06-16 09:33:16.800,3839.8000,36205,0,1458164820.000,0,-,-,-,-,3839.0000,3837.8000,3837.6000,3836.2000,3836.0000,3839.2000,3839.8000,3840.0000,3840.4000,3840.8000,1,1,1,3,1,6,2,4,1,1
SF,IF2009,2020-06-16 09:33:17.300,3839.8000,36205,0,1458164820.000,0,-,-,-,-,3839.0000,3838.6000,3837.8000,3837.6000,3836.2000,3839.2000,3839.8000,3840.0000,3840.4000,3840.8000,1,1,1,1,3,6,3,4,1,1
SF,IF2009,2020-06-16 09:33:17.800,3839.2000,36202,-3,1465075380.000,6,1,5,多平,S,3839.2000,3839.0000,3838.6000,3837.8000,3837.6000,3839.8000,3840.0000,3840.4000,3840.8000,3841.0000,3,1,1,1,1,3,4,1,1,1
SF,IF2009,2020-06-16 09:33:18.300,3839.8000,36199,-3,1469682960.000,4,0,4,多平,S,3839.8000,3839.0000,3838.6000,3837.8000,3837.6000,3840.0000,3840.4000,3840.8000,3841.0000,3841.8000,1,1,1,1,1,4,1,1,1,1
SF,IF2009,2020-06-16 09:33:18.800,3839.8000,36190,-9,1482354600.000,11,1,10,多平,S,3839.0000,3838.6000,3837.8000,3837.6000,3836.2000,3840.4000,3840.8000,3841.0000,3841.8000,3842.0000,1,1,1,1,3,1,1,1,1,3
SF,IF2009,2020-06-16 09:33:19.300,3839.0000,36182,-8,1492720440.000,9,0,9,多平,S,3839.0000,3838.6000,3837.8000,3837.6000,3837.4000,3839.8000,3840.0000,3840.2000,3840.4000,3840.8000,3,1,1,1,1,3,2,1,4,1
SF,IF2009,2020-06-16 09:33:19.800,3839.0000,36179,-3,1497327240.000,4,0,4,多平,S,3838.6000,3837.8000,3837.6000,3837.4000,3836.2000,3839.0000,3839.6000,3839.8000,3840.2000,3840.4000,1,1,1,1,3,1,3,4,1,4
SF,IF2009,2020-06-16 09:33:20.300,3839.0000,36178,-1,1498478940.000,1,0,1,双平,S,3838.6000,3837.8000,3837.6000,3837.4000,3836.2000,3838.8000,3839.6000,3839.8000,3840.4000,3840.8000,1,1,1,1,3,1,3,5,4,1
SF,IF2009,2020-06-16 09:33:20.800,3838.8000,36179,1,1499630580.000,1,1,0,双开,S,3838.8000,3838.6000,3837.8000,3837.6000,3837.4000,3839.6000,3839.8000,3840.4000,3840.8000,3841.0000,1,4,1,1,1,3,5,4,1,1
SF,IF2009,2020-06-16 09:33:21.300,3838.8000,36179,0,1499630580.000,0,-,-,-,-,3838.6000,3837.8000,3837.6000,3837.4000,3836.2000,3839.4000,3839.6000,3839.8000,3840.4000,3840.8000,1,1,1,1,3,2,1,4,4,1
SF,IF2009,2020-06-16 09:33:21.800,3840.8000,36171,-8,1511150880.000,10,1,9,多平,S,3838.8000,3838.6000,3837.8000,3837.6000,3837.4000,3841.0000,3841.8000,3842.0000,3842.2000,3842.6000,3,1,1,1,1,1,1,3,1,3
SF,IF2009,2020-06-16 09:33:22.300,3839.0000,36171,0,1512302580.000,1,0,1,多换,S,3838.8000,3838.6000,3837.8000,3837.6000,3837.4000,3840.6000,3840.8000,3841.0000,3841.2000,3841.8000,3,1,1,1,1,1,4,3,1,1
SF,IF2009,2020-06-16 09:33:22.800,3838.8000,36170,-1,1513454220.000,1,0,1,双平,S,3838.8000,3838.6000,3837.8000,3837.6000,3837.4000,3839.6000,3839.8000,3840.4000,3840.6000,3840.8000,2,1,1,1,1,3,1,5,2,2
SF,IF2009,2020-06-16 09:33:23.300,3839.6000,36166,-4,1520364720.000,6,1,5,多平,S,3839.6000,3837.8000,3837.6000,3837.4000,3836.2000,3839.8000,3840.0000,3840.4000,3840.6000,3840.8000,4,1,1,1,3,1,1,4,2,1
SF,IF2009,2020-06-16 09:33:23.800,3839.6000,36165,-1,1521516600.000,1,0,1,双平,S,3839.6000,3837.8000,3837.6000,3837.4000,3836.2000,3839.8000,3840.0000,3840.4000,3840.6000,3841.0000,3,1,1,1,3,1,1,4,2,2
SF,IF2009,2020-06-16 09:33:24.300,3839.6000,36163,-2,1524972240.000,3,0,3,多平,S,3837.8000,3837.6000,3837.4000,3836.2000,3836.0000,3839.6000,3839.8000,3840.0000,3840.4000,3840.6000,1,1,1,3,1,4,2,1,4,8
SF,IF2009,2020-06-16 09:33:24.800,3839.6000,36163,0,1524972240.000,0,-,-,-,-,3838.0000,3837.8000,3837.6000,3837.4000,3836.2000,3839.0000,3839.4000,3839.6000,3839.8000,3840.0000,3,1,1,1,3,1,1,3,2,1
SF,IF2009,2020-06-16 09:33:25.300,3839.6000,36163,0,1524972240.000,0,-,-,-,-,3838.2000,3838.0000,3837.8000,3837.6000,3837.4000,3839.0000,3839.4000,3839.6000,3839.8000,3840.0000,1,2,1,1,1,2,2,1,2,1
SF,IF2009,2020-06-16 09:33:25.800,3839.0000,36163,0,1527275640.000,2,1,1,多换,S,3838.2000,3838.0000,3837.8000,3837.6000,3837.4000,3839.4000,3839.6000,3839.8000,3840.0000,3840.4000,3,1,1,1,1,1,1,2,1,4
SF,IF2009,2020-06-16 09:33:26.300,3839.0000,36163,0,1527275640.000,0,-,-,-,-,3839.0000,3838.2000,3838.0000,3837.8000,3837.6000,3839.4000,3839.6000,3839.8000,3840.0000,3840.4000,1,3,1,1,1,1,1,2,1,4
SF,IF2009,2020-06-16 09:33:26.800,3839.0000,36163,0,1527275640.000,0,-,-,-,-,3839.0000,3838.2000,3837.8000,3837.6000,3837.4000,3839.4000,3839.6000,3839.8000,3840.0000,3840.4000,1,1,1,1,1,2,1,2,1,4
SF,IF2009,2020-06-16 09:33:27.300,3839.0000,36163,0,1528427340.000,1,0,1,多换,S,3838.8000,3837.8000,3837.6000,3837.4000,3836.2000,3839.0000,3839.4000,3839.6000,3839.8000,3840.0000,1,1,1,1,3,1,2,1,2,1
SF,IF2009,2020-06-16 09:33:27.800,3839.0000,36163,0,1528427340.000,0,-,-,-,-,3838.8000,3837.8000,3837.6000,3837.4000,3836.2000,3839.0000,3839.4000,3839.6000,3839.8000,3840.0000,1,1,1,1,3,1,1,1,1,1
SF,IF2009,2020-06-16 09:33:28.300,3839.0000,36163,0,1528427340.000,0,-,-,-,-,3838.8000,3837.8000,3837.6000,3837.4000,3836.2000,3839.0000,3839.4000,3839.8000,3840.0000,3840.4000,1,1,1,1,3,1,1,1,1,3
SF,IF2009,2020-06-16 09:33:28.800,3839.0000,36162,-1,1531882440.000,3,1,2,多平,S,3838.8000,3837.8000,3837.6000,3837.4000,3836.2000,3839.4000,3839.8000,3840.0000,3840.2000,3840.4000,1,1,1,1,3,1,1,1,2,3
SF,IF2009,2020-06-16 09:33:29.300,3839.4000,36163,1,1535337900.000,3,2,1,空开,S,3839.8000,3838.8000,3837.8000,3837.6000,3837.4000,3840.0000,3840.2000,3840.4000,3840.6000,3841.0000,7,1,1,1,1,1,2,3,5,2
SF,IF2009,2020-06-16 09:33:29.800,3839.8000,36163,0,1543401480.000,7,3,4,多换,S,3838.8000,3837.8000,3837.6000,3837.4000,3836.2000,3839.6000,3839.8000,3840.0000,3840.4000,3840.6000,1,1,1,1,3,1,2,1,2,5
SF,IF2009,2020-06-16 09:33:30.300,3839.8000,36163,0,1543401480.000,0,-,-,-,-,3838.8000,3837.8000,3837.6000,3837.4000,3836.2000,3839.6000,3839.8000,3840.0000,3840.4000,3840.6000,2,1,1,1,3,1,1,1,2,5
SF,IF2009,2020-06-16 09:33:30.800,3838.8000,36163,0,1544553120.000,1,0,1,多换,S,3838.8000,3837.8000,3837.6000,3837.4000,3836.2000,3839.6000,3839.8000,3840.0000,3840.2000,3840.4000,1,1,1,1,3,1,1,1,1,2
SF,IF2009,2020-06-16 09:33:31.300,3838.8000,36163,0,1544553120.000,0,-,-,-,-,3838.8000,3837.8000,3837.6000,3837.4000,3836.2000,3839.2000,3840.0000,3840.2000,3840.4000,3840.6000,1,1,1,1,3,1,1,1,2,5
SF,IF2009,2020-06-16 09:33:31.800,3838.8000,36163,0,1544553120.000,0,-,-,-,-,3837.8000,3837.6000,3837.4000,3836.2000,3836.0000,3839.2000,3840.0000,3840.2000,3840.4000,3840.6000,1,1,1,3,1,1,1,1,2,5
SF,IF2009,2020-06-16 09:33:32.300,3839.2000,36161,-2,1546856640.000,2,0,2,双平,S,3838.0000,3837.8000,3837.6000,3837.4000,3836.2000,3840.0000,3840.2000,3840.4000,3840.6000,3841.0000,6,2,1,1,3,1,1,2,5,4
SF,IF2009,2020-06-16 09:33:32.800,3839.2000,36161,0,1548008400.000,1,0,1,多换,S,3839.2000,3838.2000,3838.0000,3837.8000,3837.6000,3840.0000,3840.2000,3840.4000,3840.6000,3841.0000,1,2,7,1,1,1,1,2,5,4
SF,IF2009,2020-06-16 09:33:33.300,3839.2000,36161,0,1548008400.000,0,-,-,-,-,3839.2000,3838.2000,3838.0000,3837.8000,3837.6000,3840.0000,3840.2000,3840.4000,3840.6000,3841.0000,2,2,3,1,1,1,1,2,5,4
SF,IF2009,2020-06-16 09:33:33.800,3839.2000,36161,0,1548008400.000,0,-,-,-,-,3839.4000,3839.2000,3838.2000,3837.8000,3837.6000,3840.0000,3840.2000,3840.4000,3840.6000,3841.0000,4,3,1,1,1,1,1,2,5,4
SF,IF2009,2020-06-16 09:33:34.300,3840.0000,36160,-1,1551464460.000,3,1,2,多平,S,3839.6000,3839.4000,3839.2000,3838.2000,3837.8000,3840.4000,3840.6000,3841.0000,3841.2000,3841.8000,2,4,2,1,1,2,5,4,1,1
SF,IF2009,2020-06-16 09:33:34.800,3840.0000,36160,0,1551464460.000,0,-,-,-,-,3840.2000,3839.6000,3839.4000,3838.2000,3837.8000,3840.6000,3840.8000,3841.0000,3841.2000,3841.8000,1,1,3,1,1,3,1,3,1,1
SF,IF2009,2020-06-16 09:33:35.300,3839.8000,36161,1,1553768460.000,2,1,1,空开,S,3839.8000,3839.6000,3839.4000,3838.2000,3837.8000,3840.2000,3840.6000,3840.8000,3841.0000,3841.2000,1,1,3,1,1,1,3,1,1,1
SF,IF2009,2020-06-16 09:33:35.800,3839.8000,36161,0,1554920400.000,1,0,1,多换,S,3839.6000,3839.4000,3838.2000,3837.8000,3837.6000,3840.2000,3840.6000,3840.8000,3841.0000,3841.8000,1,3,1,1,1,2,3,1,1,1
SF,IF2009,2020-06-16 09:33:36.300,3839.8000,36161,0,1554920400.000,0,-,-,-,-,3840.0000,3839.8000,3839.6000,3839.4000,3838.2000,3840.2000,3840.6000,3840.8000,3841.0000,3841.8000,1,1,1,3,1,1,3,1,1,1
SF,IF2009,2020-06-16 09:33:36.800,3840.0000,36162,1,1556072400.000,1,1,0,双开,S,3839.8000,3839.4000,3838.2000,3837.8000,3837.6000,3840.0000,3840.6000,3840.8000,3841.0000,3841.8000,1,3,1,1,1,3,3,1,1,1
SF,IF2009,2020-06-16 09:33:37.300,3840.0000,36159,-3,1559528280.000,3,0,3,双平,S,3839.4000,3837.8000,3837.6000,3837.4000,3836.2000,3839.8000,3840.0000,3840.6000,3840.8000,3841.0000,3,1,1,1,3,1,1,3,1,1
SF,IF2009,2020-06-16 09:33:37.800,3840.0000,36159,0,1559528280.000,0,-,-,-,-,3837.8000,3837.6000,3837.4000,3836.2000,3836.0000,3839.8000,3840.0000,3840.6000,3840.8000,3841.0000,1,1,1,3,1,1,1,3,1,2
SF,IF2009,2020-06-16 09:33:38.300,3840.0000,36160,1,1562984280.000,3,2,1,空开,S,3838.0000,3837.8000,3837.6000,3837.4000,3836.2000,3840.2000,3840.6000,3840.8000,3841.0000,3841.8000,3,2,1,1,3,1,3,1,2,1
SF,IF2009,2020-06-16 09:33:38.800,3838.2000,36160,0,1564135740.000,1,0,1,多换,S,3838.2000,3838.0000,3837.8000,3837.6000,3837.4000,3840.2000,3840.6000,3840.8000,3841.0000,3841.8000,2,4,2,1,1,1,3,1,2,1
SF,IF2009,2020-06-16 09:33:39.300,3838.2000,36160,0,1564135740.000,0,-,-,-,-,3838.4000,3838.2000,3838.0000,3837.8000,3837.6000,3840.0000,3840.2000,3840.6000,3840.8000,3841.0000,3,3,2,1,1,1,2,3,1,2
SF,IF2009,2020-06-16 09:33:39.800,3838.2000,36160,0,1564135740.000,0,-,-,-,-,3838.6000,3838.4000,3838.2000,3838.0000,3837.8000,3840.2000,3840.6000,3840.8000,3841.0000,3841.8000,4,3,2,1,1,1,3,1,2,1
SF,IF2009,2020-06-16 09:33:40.300,3838.2000,36160,0,1565287200.000,1,0,1,多换,S,3838.8000,3838.6000,3838.4000,3838.2000,3838.0000,3840.2000,3840.6000,3840.8000,3841.0000,3841.8000,4,6,2,2,1,1,3,1,2,1
SF,IF2009,2020-06-16 09:33:40.800,3838.2000,36160,0,1565287200.000,0,-,-,-,-,3839.0000,3838.8000,3838.6000,3838.4000,3838.2000,3839.8000,3840.2000,3840.6000,3840.8000,3841.0000,3,5,2,2,2,1,1,3,1,2
SF,IF2009,2020-06-16 09:33:41.300,3839.8000,36159,-1,1566439140.000,1,0,1,双平,S,3839.8000,3839.2000,3839.0000,3838.8000,3838.6000,3840.0000,3840.2000,3840.6000,3840.8000,3841.0000,1,1,3,2,2,1,1,3,1,2
SF,IF2009,2020-06-16 09:33:41.800,3839.8000,36158,-1,1568743020.000,2,0,2,多平,S,3839.2000,3839.0000,3838.8000,3838.6000,3838.2000,3840.0000,3840.2000,3840.6000,3840.8000,3841.0000,1,3,1,1,2,1,1,3,1,2
SF,IF2009,2020-06-16 09:33:42.300,3839.8000,36158,0,1568743020.000,0,-,-,-,-,3839.2000,3839.0000,3838.2000,3837.8000,3837.6000,3840.0000,3840.2000,3840.6000,3840.8000,3841.0000,1,3,2,1,1,1,1,3,1,2
SF,IF2009,2020-06-16 09:33:42.800,3839.8000,36158,0,1568743020.000,0,-,-,-,-,3839.2000,3839.0000,3838.2000,3837.8000,3837.6000,3840.0000,3840.2000,3840.6000,3840.8000,3841.0000,1,3,2,1,1,1,1,3,1,2
SF,IF2009,2020-06-16 09:33:43.300,3839.8000,36158,0,1568743020.000,0,-,-,-,-,3839.2000,3839.0000,3838.2000,3837.8000,3837.6000,3840.0000,3840.2000,3840.6000,3840.8000,3841.0000,2,3,2,1,1,2,1,3,1,2
SF,IF2009,2020-06-16 09:33:43.800,3839.0000,36159,1,1574501880.000,5,3,2,空开,S,3838.2000,3837.8000,3837.6000,3837.4000,3836.2000,3838.8000,3840.0000,3840.2000,3840.6000,3840.8000,2,1,1,1,3,6,1,1,3,1
SF,IF2009,2020-06-16 09:33:44.300,3838.8000,36159,0,1581411720.000,6,3,3,多换,S,3839.0000,3838.8000,3838.6000,3838.4000,3838.2000,3840.0000,3840.2000,3840.6000,3840.8000,3841.0000,1,2,1,4,2,2,1,3,1,2
SF,IF2009,2020-06-16 09:33:44.800,3838.8000,36159,0,1581411720.000,0,-,-,-,-,3838.8000,3838.6000,3838.4000,3838.2000,3837.8000,3840.0000,3840.2000,3840.6000,3840.8000,3841.0000,2,1,3,2,1,3,1,3,1,2
SF,IF2009,2020-06-16 09:33:45.300,3839.8000,36159,0,1582563660.000,1,0,1,多换,S,3838.8000,3838.6000,3838.4000,3838.2000,3837.8000,3840.0000,3840.2000,3840.6000,3840.8000,3841.0000,2,1,3,2,1,3,1,3,1,2
SF,IF2009,2020-06-16 09:33:45.800,3838.8000,36159,0,1583715300.000,1,0,1,多换,S,3838.8000,3838.6000,3838.4000,3838.2000,3837.8000,3839.8000,3840.0000,3840.2000,3840.6000,3840.8000,1,1,3,2,1,1,3,1,3,1
SF,IF2009,2020-06-16 09:33:46.300,3838.8000,36159,0,1583715300.000,0,-,-,-,-,3838.4000,3838.2000,3837.8000,3837.6000,3837.4000,3839.8000,3840.0000,3840.2000,3840.6000,3840.8000,3,2,1,1,1,2,3,1,3,1
SF,IF2009,2020-06-16 09:33:46.800,3838.8000,36159,0,1583715300.000,0,-,-,-,-,3838.6000,3838.4000,3838.2000,3837.8000,3837.6000,3839.8000,3840.0000,3840.2000,3840.6000,3840.8000,1,3,2,1,1,3,3,1,3,1
SF,IF2009,2020-06-16 09:33:47.300,3838.8000,36159,0,1583715300.000,0,-,-,-,-,3838.4000,3838.2000,3837.8000,3837.6000,3837.4000,3839.6000,3839.8000,3840.0000,3840.2000,3840.6000,1,2,1,1,1,2,4,3,1,3
SF,IF2009,2020-06-16 09:33:47.800,3838.8000,36159,0,1583715300.000,0,-,-,-,-,3838.4000,3838.2000,3837.8000,3837.6000,3837.4000,3839.6000,3839.8000,3840.0000,3840.6000,3840.8000,1,2,1,1,1,1,3,3,3,1
SF,IF2009,2020-06-16 09:33:48.300,3838.8000,36159,0,1583715300.000,0,-,-,-,-,3838.4000,3838.2000,3837.8000,3837.6000,3837.4000,3839.6000,3839.8000,3840.0000,3840.6000,3840.8000,1,2,1,1,1,1,2,3,3,1
SF,IF2009,2020-06-16 09:33:48.800,3838.8000,36159,0,1583715300.000,0,-,-,-,-,3838.4000,3838.2000,3837.8000,3837.6000,3837.4000,3838.8000,3839.6000,3839.8000,3840.0000,3840.6000,1,3,1,1,1,1,1,2,3,3
SF,IF2009,2020-06-16 09:33:49.300,3838.8000,36159,0,1583715300.000,0,-,-,-,-,3838.2000,3837.8000,3837.6000,3837.4000,3836.2000,3838.8000,3839.8000,3840.0000,3840.6000,3840.8000,2,1,1,1,3,1,2,3,3,1
SF,IF2009,2020-06-16 09:33:49.800,3838.8000,36159,0,1583715300.000,0,-,-,-,-,3838.2000,3837.8000,3837.6000,3837.4000,3836.2000,3838.4000,3838.8000,3839.8000,3840.0000,3840.6000,2,1,1,1,3,1,1,2,3,3
SF,IF2009,2020-06-16 09:33:50.300,3838.4000,36159,0,1584866820.000,1,0,1,多换,S,3838.2000,3837.8000,3837.6000,3837.4000,3836.2000,3838.4000,3838.8000,3839.8000,3840.0000,3840.6000,2,1,1,1,3,1,1,2,3,3
SF,IF2009,2020-06-16 09:33:50.800,3838.8000,36158,-1,1588321500.000,3,1,2,多平,S,3838.2000,3837.8000,3837.6000,3837.4000,3836.2000,3839.8000,3840.0000,3840.6000,3840.8000,3841.0000,2,1,1,1,3,2,3,3,1,2
SF,IF2009,2020-06-16 09:33:51.300,3838.2000,36157,-1,1590624420.000,2,0,2,多平,S,3837.8000,3837.6000,3837.4000,3836.2000,3836.0000,3838.2000,3839.6000,3839.8000,3840.0000,3840.6000,1,1,1,3,2,1,2,2,3,3
SF,IF2009,2020-06-16 09:33:51.800,3838.2000,36157,0,1591775880.000,1,0,1,多换,S,3837.8000,3837.6000,3837.4000,3836.2000,3836.0000,3838.8000,3839.6000,3839.8000,3840.0000,3840.6000,1,1,1,3,2,1,2,2,3,3
SF,IF2009,2020-06-16 09:33:52.300,3838.2000,36157,0,1591775880.000,0,-,-,-,-,3837.8000,3837.6000,3837.4000,3836.2000,3836.0000,3838.6000,3838.8000,3839.6000,3839.8000,3840.0000,1,1,1,3,2,1,1,2,2,3
SF,IF2009,2020-06-16 09:33:52.800,3838.2000,36157,0,1591775880.000,0,-,-,-,-,3837.8000,3837.6000,3837.4000,3836.2000,3836.0000,3838.6000,3838.8000,3839.0000,3839.6000,3839.8000,2,1,1,3,2,1,1,1,1,2
SF,IF2009,2020-06-16 09:33:53.300,3837.8000,36157,0,1592927220.000,1,0,1,多换,S,3837.8000,3837.6000,3837.4000,3836.2000,3836.0000,3838.6000,3838.8000,3839.0000,3839.8000,3840.0000,1,1,1,3,2,1,1,1,2,3
SF,IF2009,2020-06-16 09:33:53.800,3837.8000,36157,0,1592927220.000,0,-,-,-,-,3837.6000,3837.4000,3836.2000,3836.0000,3835.6000,3838.8000,3839.0000,3839.8000,3840.0000,3840.2000,1,1,3,2,6,1,1,2,3,2
SF,IF2009,2020-06-16 09:33:54.300,3837.8000,36157,0,1592927220.000,0,-,-,-,-,3837.8000,3837.6000,3837.4000,3836.2000,3836.0000,3838.8000,3839.0000,3839.8000,3840.0000,3840.2000,2,1,1,3,2,1,1,2,4,2
SF,IF2009,2020-06-16 09:33:54.800,3837.8000,36158,1,1596381240.000,3,2,1,空开,S,3838.0000,3837.8000,3837.6000,3837.4000,3836.2000,3838.8000,3839.0000,3839.8000,3840.0000,3840.2000,2,1,1,1,3,1,1,2,4,2
SF,IF2009,2020-06-16 09:33:55.300,3838.0000,36159,1,1598684280.000,2,1,1,空开,S,3838.0000,3837.8000,3837.6000,3837.4000,3836.2000,3839.0000,3839.8000,3840.0000,3840.2000,3840.6000,1,2,1,1,3,1,2,4,2,3
SF,IF2009,2020-06-16 09:33:56.300,3838.0000,36159,0,1598684280.000,0,-,-,-,-,3838.0000,3837.8000,3837.6000,3837.4000,3836.2000,3838.8000,3839.0000,3839.8000,3840.0000,3840.2000,1,1,1,1,3,2,1,2,3,2
SF,IF2009,2020-06-16 09:33:56.800,3838.0000,36159,0,1598684280.000,0,-,-,-,-,3837.8000,3837.6000,3837.4000,3836.2000,3836.0000,3838.8000,3839.0000,3839.8000,3840.0000,3840.2000,1,1,1,3,2,2,1,2,3,2
SF,IF2009,2020-06-16 09:33:57.300,3838.0000,36159,0,1598684280.000,0,-,-,-,-,3837.8000,3837.6000,3837.4000,3836.2000,3836.0000,3838.0000,3839.0000,3839.8000,3840.0000,3840.2000,2,1,1,3,2,2,1,2,3,2
SF,IF2009,2020-06-16 09:33:57.800,3838.0000,36159,0,1602138480.000,3,1,2,多换,S,3838.0000,3837.8000,3837.6000,3837.4000,3836.6000,3838.2000,3839.0000,3839.8000,3840.0000,3840.2000,1,1,1,1,1,1,1,2,3,2
SF,IF2009,2020-06-16 09:33:58.300,3838.2000,36158,-1,1603289940.000,1,0,1,双平,S,3838.2000,3838.0000,3837.8000,3837.6000,3837.4000,3839.0000,3839.8000,3840.0000,3840.2000,3840.6000,1,2,2,1,1,1,2,3,2,3
SF,IF2009,2020-06-16 09:33:58.800,3838.2000,36158,0,1604441400.000,1,0,1,多换,S,3838.2000,3838.0000,3837.8000,3837.6000,3837.4000,3839.0000,3839.8000,3840.0000,3840.2000,3840.6000,1,1,2,1,1,2,2,3,2,3
SF,IF2009,2020-06-16 09:33:59.300,3838.2000,36157,-1,1605592860.000,1,0,1,双平,S,3838.2000,3838.0000,3837.8000,3837.6000,3837.4000,3839.0000,3839.8000,3840.0000,3840.2000,3840.6000,2,1,2,1,1,1,2,3,2,3
SF,IF2009,2020-06-16 09:33:59.800,3838.2000,36157,0,1605592860.000,0,-,-,-,-,3838.2000,3837.8000,3837.6000,3837.4000,3836.2000,3838.8000,3839.0000,3839.8000,3840.0000,3840.2000,2,1,1,1,3,3,2,2,3,2
SF,IF2009,2020-06-16 09:34:00.300,3838.2000,36158,1,1607896020.000,2,1,1,空开,S,3838.2000,3837.8000,3837.6000,3837.4000,3836.2000,3839.0000,3839.8000,3840.0000,3840.2000,3840.6000,1,1,1,1,3,1,2,3,2,3
SF,IF2009,2020-06-16 09:34:00.800,3838.2000,36158,0,1607896020.000,0,-,-,-,-,3838.2000,3837.8000,3837.6000,3837.4000,3836.2000,3839.0000,3839.8000,3840.0000,3840.2000,3840.6000,1,1,1,1,3,1,2,3,2,3
SF,IF2009,2020-06-16 09:34:01.300,3838.2000,36158,0,1607896020.000,0,-,-,-,-,3838.2000,3837.8000,3837.6000,3837.4000,3836.2000,3839.0000,3839.8000,3840.0000,3840.2000,3840.6000,1,1,1,1,3,2,2,3,2,3
SF,IF2009,2020-06-16 09:34:01.800,3838.2000,36158,0,1609047480.000,1,0,1,多换,S,3837.8000,3837.6000,3837.4000,3836.2000,3836.0000,3838.6000,3839.0000,3839.8000,3840.0000,3840.2000,1,1,1,3,2,1,3,2,3,2
SF,IF2009,2020-06-16 09:34:02.300,3838.0000,36155,-3,1612501920.000,3,0,3,双平,S,3838.0000,3837.8000,3837.6000,3837.4000,3836.2000,3838.8000,3839.0000,3839.8000,3840.0000,3840.2000,3,2,2,1,3,3,1,2,3,2
SF,IF2009,2020-06-16 09:34:02.800,3838.0000,36155,0,1613653320.000,1,0,1,多换,S,3837.8000,3837.6000,3837.4000,3836.2000,3836.0000,3838.6000,3838.8000,3839.0000,3839.8000,3840.0000,1,1,1,3,2,2,3,1,2,3
SF,IF2009,2020-06-16 09:34:03.300,3838.0000,36155,0,1613653320.000,0,-,-,-,-,3837.8000,3837.6000,3837.4000,3836.2000,3836.0000,3838.8000,3839.0000,3839.8000,3840.0000,3840.6000,3,1,1,3,2,3,1,2,3,3
SF,IF2009,2020-06-16 09:34:03.800,3838.0000,36154,-1,1615956120.000,2,0,2,多平,S,3837.8000,3837.6000,3837.4000,3836.2000,3836.0000,3838.8000,3839.0000,3839.8000,3840.0000,3840.6000,2,1,1,3,2,3,1,2,3,3
SF,IF2009,2020-06-16 09:34:04.300,3838.0000,36154,0,1617107520.000,1,0,1,多换,S,3837.8000,3837.6000,3837.4000,3836.2000,3836.0000,3838.8000,3839.0000,3839.8000,3840.0000,3840.6000,2,2,1,3,2,3,1,2,5,3
SF,IF2009,2020-06-16 09:34:04.800,3838.0000,36154,0,1617107520.000,0,-,-,-,-,3837.8000,3837.6000,3837.4000,3836.2000,3836.0000,3838.8000,3839.0000,3839.8000,3840.0000,3840.6000,1,2,1,3,2,3,1,2,5,3
SF,IF2009,2020-06-16 09:34:05.300,3838.8000,36151,-3,1620562440.000,3,0,3,双平,S,3838.0000,3837.8000,3837.6000,3837.4000,3836.2000,3838.8000,3839.0000,3839.8000,3840.0000,3840.6000,2,2,2,1,3,1,1,2,5,3
SF,IF2009,2020-06-16 09:34:05.800,3838.2000,36147,-4,1625168640.000,4,0,4,双平,S,3838.2000,3838.0000,3837.8000,3837.6000,3837.4000,3839.0000,3839.8000,3840.0000,3840.6000,3840.8000,1,4,1,2,1,1,2,5,3,1
SF,IF2009,2020-06-16 09:34:06.300,3838.0000,36148,1,1633229040.000,7,4,3,空开,S,3837.8000,3837.6000,3837.4000,3836.2000,3836.0000,3838.0000,3839.8000,3840.0000,3840.6000,3840.8000,1,2,1,3,2,4,2,5,3,1
SF,IF2009,2020-06-16 09:34:06.800,3838.0000,36148,0,1638986040.000,5,2,3,多换,S,3838.4000,3838.2000,3838.0000,3837.8000,3837.6000,3839.8000,3840.0000,3840.6000,3840.8000,3841.0000,4,5,5,2,2,2,5,3,1,2
SF,IF2009,2020-06-16 09:34:07.300,3838.0000,36148,0,1638986040.000,0,-,-,-,-,3838.6000,3838.4000,3838.2000,3838.0000,3837.8000,3839.8000,3840.0000,3840.6000,3840.8000,3841.0000,1,1,4,3,1,2,5,3,1,2
SF,IF2009,2020-06-16 09:34:07.800,3838.0000,36142,-6,1648197240.000,8,1,7,多平,S,3838.2000,3838.0000,3837.8000,3837.6000,3837.4000,3839.6000,3839.8000,3840.0000,3840.6000,3840.8000,2,3,1,2,1,1,2,5,3,1
SF,IF2009,2020-06-16 09:34:08.300,3840.0000,36138,-4,1652805000.000,4,0,4,双平,S,3838.8000,3838.2000,3838.0000,3837.8000,3837.6000,3840.0000,3840.6000,3840.8000,3841.0000,3841.8000,2,3,3,1,2,4,3,1,2,1
SF,IF2009,2020-06-16 09:34:08.800,3838.8000,36139,1,1656260640.000,3,2,1,空开,S,3839.8000,3838.6000,3838.2000,3838.0000,3837.8000,3840.0000,3840.6000,3840.8000,3841.0000,3841.8000,2,6,3,3,1,2,3,1,2,1
SF,IF2009,2020-06-16 09:34:09.300,3839.8000,36135,-4,1663172460.000,6,1,5,多平,S,3838.6000,3838.2000,3838.0000,3837.8000,3837.6000,3839.0000,3840.6000,3840.8000,3841.0000,3841.8000,6,2,5,1,1,1,3,1,2,1
SF,IF2009,2020-06-16 09:34:09.800,3839.8000,36136,1,1664324400.000,1,1,0,双开,S,3839.4000,3839.2000,3839.0000,3838.8000,3838.6000,3840.6000,3840.8000,3841.0000,3841.8000,3842.0000,7,1,5,2,6,3,1,2,1,6
SF,IF2009,2020-06-16 09:34:10.300,3839.8000,36136,0,1664324400.000,0,-,-,-,-,3839.4000,3839.2000,3839.0000,3838.8000,3838.6000,3839.8000,3840.4000,3840.6000,3840.8000,3841.0000,1,1,5,2,6,1,1,3,1,2
SF,IF2009,2020-06-16 09:34:10.800,3839.8000,36136,0,1664324400.000,0,-,-,-,-,3839.2000,3839.0000,3838.8000,3838.6000,3838.2000,3839.8000,3840.4000,3840.6000,3840.8000,3841.0000,1,5,2,6,2,1,4,3,1,2
SF,IF2009,2020-06-16 09:34:11.300,3839.8000,36136,0,1664324400.000,0,-,-,-,-,3839.4000,3839.0000,3838.8000,3838.6000,3838.2000,3839.8000,3840.4000,3840.6000,3840.8000,3841.0000,1,5,2,1,2,1,3,3,1,2
SF,IF2009,2020-06-16 09:34:11.800,3839.8000,36136,0,1665476340.000,1,0,1,多换,S,3839.0000,3838.8000,3838.6000,3838.2000,3838.0000,3840.4000,3840.6000,3840.8000,3841.0000,3841.8000,5,2,1,2,4,1,3,1,2,2
SF,IF2009,2020-06-16 09:34:12.300,3839.8000,36136,0,1665476340.000,0,-,-,-,-,3840.0000,3839.4000,3839.2000,3839.0000,3838.8000,3840.2000,3840.6000,3840.8000,3841.0000,3841.8000,1,1,1,5,2,1,3,1,2,2
SF,IF2009,2020-06-16 09:34:12.800,3839.8000,36136,0,1665476340.000,0,-,-,-,-,3840.0000,3839.4000,3839.2000,3839.0000,3838.8000,3840.2000,3840.6000,3840.8000,3841.0000,3841.8000,1,1,1,5,1,1,3,1,2,2
