市场代码,合约代码,时间,最新,持仓,增仓,成交额,成交量,开仓,平仓,成交类型,方向,买一价,买二价,买三价,买四价,买五价,卖一价,卖二价,卖三价,卖四价,卖五价,买一量,买二量,买三量,买四量,买五量,卖一量,卖二量,卖三量,卖四量,卖五量
SF,IF2009,2020-02-18 09:29:00.000,4036.0000,7009,0,7264800.000,6.000,-,-,-,-,4035.0000,4030.4000,4026.2000,4025.0000,4023.0000,4039.0000,4046.0000,4047.0000,4050.0000,4056.2000,2,2,1,1,1,1,1,1,2,1
SF,IF2009,2020-02-18 09:30:00.500,4035.0000,7009,0,10896300.000,3,1,2,多换,S,4030.4000,4026.2000,4025.2000,4025.0000,4023.0000,4035.8000,4038.0000,4038.8000,4039.0000,4046.0000,2,1,1,1,1,1,1,2,1,1
SF,IF2009,2020-02-18 09:30:01.000,4035.0000,7009,0,10896300.000,0,-,-,-,-,4033.8000,4030.6000,4030.4000,4026.2000,4025.2000,4035.8000,4038.0000,4038.8000,4039.0000,4046.0000,1,1,2,1,1,1,1,2,1,1
SF,IF2009,2020-02-18 09:30:01.500,4033.8000,7008,-1,12106440.000,1,0,1,双平,S,4030.4000,4026.2000,4025.2000,4025.0000,4023.0000,4035.0000,4035.8000,4038.8000,4039.0000,4046.0000,2,1,1,1,1,6,1,2,1,1
SF,IF2009,2020-02-18 09:30:02.000,4033.8000,7008,0,12106440.000,0,-,-,-,-,4030.4000,4026.2000,4025.2000,4025.0000,4023.0000,4034.8000,4035.0000,4035.8000,4038.8000,4046.0000,2,1,1,1,1,1,6,1,2,1
SF,IF2009,2020-02-18 09:30:02.500,4033.8000,7008,0,12106440.000,0,-,-,-,-,4030.4000,4026.2000,4025.2000,4025.0000,4023.0000,4034.8000,4035.8000,4038.8000,4040.0000,4046.0000,2,1,1,1,1,1,1,2,6,1
SF,IF2009,2020-02-18 09:30:03.000,4030.4000,7008,0,14524680.000,2,1,1,多换,S,4026.2000,4025.2000,4025.0000,4023.0000,4021.6000,4030.2000,4034.8000,4035.8000,4038.8000,4040.0000,1,1,1,1,1,1,1,1,2,6
SF,IF2009,2020-02-18 09:30:03.500,4030.2000,7007,-1,16942800.000,2,0,2,多平,S,4031.8000,4028.0000,4027.8000,4026.4000,4026.2000,4035.8000,4038.8000,4040.0000,4046.0000,4047.0000,1,1,2,1,1,1,2,6,1,1
SF,IF2009,2020-02-18 09:30:04.000,4030.2000,7007,0,16942800.000,0,-,-,-,-,4032.0000,4031.8000,4028.0000,4027.8000,4026.2000,4035.8000,4038.8000,4040.0000,4046.0000,4047.0000,1,1,1,2,1,1,2,6,1,1
SF,IF2009,2020-02-18 09:30:04.500,4030.4000,7008,1,19361040.000,2,1,1,空开,S,4028.2000,4028.0000,4027.8000,4026.2000,4025.0000,4034.2000,4035.6000,4035.8000,4038.8000,4040.0000,1,1,2,1,1,1,1,1,1,6
SF,IF2009,2020-02-18 09:30:05.000,4030.4000,7008,0,19361040.000,0,-,-,-,-,4032.6000,4032.0000,4030.8000,4030.0000,4029.6000,4034.0000,4035.8000,4038.8000,4040.0000,4046.0000,1,1,1,1,2,1,1,1,6,1
SF,IF2009,2020-02-18 09:30:05.500,4030.4000,7008,0,19361040.000,0,-,-,-,-,4032.6000,4032.0000,4030.8000,4030.2000,4030.0000,4035.8000,4038.8000,4040.0000,4046.0000,4047.0000,1,1,1,1,1,1,1,6,1,1
SF,IF2009,2020-02-18 09:30:06.000,4030.4000,7008,0,19361040.000,0,-,-,-,-,4032.6000,4032.0000,4030.8000,4030.2000,4030.0000,4035.6000,4035.8000,4038.8000,4040.0000,4046.0000,1,1,1,1,1,1,1,1,6,1
SF,IF2009,2020-02-18 09:30:06.500,4035.6000,7009,1,20571720.000,1,1,0,双开,S,4032.8000,4032.6000,4030.8000,4030.2000,4030.0000,4035.8000,4038.8000,4040.0000,4040.2000,4046.0000,2,1,1,1,1,1,1,6,1,1
SF,IF2009,2020-02-18 09:30:07.500,4035.6000,7009,0,20571720.000,0,-,-,-,-,4032.8000,4032.6000,4030.8000,4030.2000,4030.0000,4035.8000,4038.8000,4040.0000,4040.2000,4046.0000,2,1,1,1,1,1,1,6,1,1
SF,IF2009,2020-02-18 09:30:08.000,4035.6000,7009,0,20571720.000,0,-,-,-,-,4034.8000,4033.2000,4032.8000,4032.6000,4030.8000,4035.8000,4038.8000,4040.0000,4040.2000,4046.0000,1,1,1,1,1,1,1,6,1,1
SF,IF2009,2020-02-18 09:30:08.500,4034.8000,7009,0,21782160.000,1,0,1,多换,S,4033.2000,4032.8000,4032.6000,4030.8000,4030.0000,4035.8000,4038.8000,4040.0000,4040.2000,4046.0000,1,1,1,1,1,1,1,6,1,1
SF,IF2009,2020-02-18 09:30:09.000,4035.8000,7008,-1,22992900.000,1,0,1,双平,S,4033.4000,4033.2000,4032.6000,4030.8000,4030.0000,4038.8000,4040.0000,4040.2000,4046.0000,4047.0000,1,1,1,1,1,1,6,1,1,1
SF,IF2009,2020-02-18 09:30:09.500,4035.8000,7008,0,22992900.000,0,-,-,-,-,4033.4000,4033.2000,4032.6000,4030.8000,4030.0000,4038.8000,4040.0000,4040.2000,4046.0000,4047.0000,1,1,1,1,1,2,6,1,1,1
SF,IF2009,2020-02-18 09:30:10.000,4035.8000,7008,0,22992900.000,0,-,-,-,-,4033.4000,4033.2000,4032.6000,4030.8000,4030.0000,4038.8000,4040.0000,4040.2000,4046.0000,4047.0000,1,1,1,1,1,2,6,1,1,1
SF,IF2009,2020-02-18 09:30:10.500,4035.8000,7008,0,22992900.000,0,-,-,-,-,4035.0000,4033.4000,4033.2000,4032.6000,4032.2000,4038.8000,4040.0000,4046.0000,4047.0000,4050.0000,1,1,1,1,1,2,6,1,1,1
SF,IF2009,2020-02-18 09:30:11.000,4038.6000,7008,0,29048700.000,5,2,3,多换,S,4033.2000,4032.6000,4032.2000,4030.8000,4030.0000,4038.6000,4038.8000,4040.0000,4046.0000,4047.0000,1,1,1,1,1,1,2,6,1,1
SF,IF2009,2020-02-18 09:30:11.500,4038.6000,7008,0,29048700.000,0,-,-,-,-,4033.2000,4032.2000,4030.8000,4030.0000,4029.6000,4038.6000,4038.8000,4040.0000,4046.0000,4047.0000,1,1,1,1,2,1,2,6,1,1
SF,IF2009,2020-02-18 09:30:12.000,4038.6000,7008,0,29048700.000,0,-,-,-,-,4033.2000,4032.2000,4030.8000,4030.0000,4029.6000,4038.6000,4038.8000,4040.0000,4046.0000,4047.0000,1,1,1,1,2,1,2,6,1,1
SF,IF2009,2020-02-18 09:30:12.500,4038.6000,7008,0,29048700.000,0,-,-,-,-,4033.4000,4032.2000,4030.8000,4030.0000,4029.6000,4037.8000,4038.2000,4038.4000,4038.6000,4038.8000,1,1,1,1,2,1,1,1,1,2
SF,IF2009,2020-02-18 09:30:13.000,4033.4000,7008,0,30258720.000,1,0,1,多换,S,4032.2000,4030.8000,4030.0000,4029.6000,4028.0000,4037.6000,4037.8000,4038.2000,4038.4000,4038.8000,1,1,1,2,1,2,1,2,1,2
SF,IF2009,2020-02-18 09:30:13.500,4033.4000,7008,0,30258720.000,0,-,-,-,-,4032.4000,4032.2000,4030.0000,4029.6000,4028.0000,4037.4000,4037.6000,4037.8000,4038.2000,4038.4000,1,1,1,2,1,1,2,1,1,1
SF,IF2009,2020-02-18 09:30:14.000,4033.4000,7008,0,30258720.000,0,-,-,-,-,4032.4000,4032.2000,4030.0000,4029.6000,4028.0000,4037.4000,4037.6000,4037.8000,4038.0000,4038.2000,2,1,1,2,1,1,1,1,1,1
SF,IF2009,2020-02-18 09:30:14.500,4033.4000,7008,0,30258720.000,0,-,-,-,-,4032.8000,4032.4000,4032.2000,4030.0000,4029.6000,4037.6000,4037.8000,4038.0000,4038.2000,4038.4000,1,1,1,1,2,1,1,1,1,1
SF,IF2009,2020-02-18 09:30:15.000,4033.4000,7008,0,30258720.000,0,-,-,-,-,4033.0000,4032.8000,4032.6000,4032.2000,4030.0000,4037.6000,4037.8000,4038.0000,4038.2000,4038.4000,1,1,1,1,1,1,1,1,1,1
SF,IF2009,2020-02-18 09:30:15.500,4033.4000,7008,0,30258720.000,0,-,-,-,-,4033.2000,4033.0000,4032.8000,4032.6000,4032.2000,4037.6000,4038.0000,4038.2000,4038.4000,4038.8000,1,1,1,1,1,1,1,1,1,2
SF,IF2009,2020-02-18 09:30:16.000,4033.4000,7008,0,30258720.000,0,-,-,-,-,4033.6000,4033.2000,4033.0000,4032.2000,4030.0000,4037.6000,4038.2000,4038.4000,4038.8000,4040.0000,1,1,1,1,1,1,1,1,2,6
SF,IF2009,2020-02-18 09:30:16.500,4033.4000,7008,0,30258720.000,0,-,-,-,-,4033.8000,4033.6000,4033.2000,4032.2000,4030.0000,4037.6000,4038.2000,4038.4000,4038.8000,4040.0000,1,1,1,1,1,1,1,1,2,6
SF,IF2009,2020-02-18 09:30:17.000,4033.4000,7008,0,30258720.000,0,-,-,-,-,4033.8000,4033.6000,4032.2000,4030.0000,4029.6000,4037.4000,4037.6000,4038.2000,4038.8000,4040.0000,1,1,1,1,2,1,1,1,2,6
SF,IF2009,2020-02-18 09:30:17.500,4033.4000,7008,0,30258720.000,0,-,-,-,-,4034.2000,4033.8000,4032.2000,4030.0000,4029.6000,4037.4000,4037.6000,4038.0000,4038.2000,4038.8000,1,1,1,1,2,1,1,1,1,2
SF,IF2009,2020-02-18 09:30:18.000,4033.4000,7008,0,30258720.000,0,-,-,-,-,4034.4000,4034.2000,4032.2000,4030.0000,4029.6000,4037.6000,4038.0000,4038.8000,4040.0000,4046.0000,2,1,1,1,2,1,1,2,6,1
SF,IF2009,2020-02-18 09:30:18.500,4033.4000,7008,0,30258720.000,0,-,-,-,-,4034.4000,4034.2000,4032.2000,4030.0000,4029.6000,4037.6000,4038.0000,4038.8000,4040.0000,4046.0000,2,1,1,1,2,1,1,2,6,1
SF,IF2009,2020-02-18 09:30:19.000,4033.8000,7007,-1,31468860.000,1,0,1,双平,S,4034.6000,4034.2000,4032.2000,4030.0000,4029.6000,4037.6000,4038.0000,4038.8000,4040.0000,4046.0000,1,1,1,1,2,1,1,2,6,1
SF,IF2009,2020-02-18 09:30:19.500,4034.4000,7006,-1,32679180.000,1,0,1,双平,S,4034.6000,4034.2000,4032.2000,4030.0000,4029.6000,4037.6000,4038.0000,4038.8000,4040.0000,4046.0000,1,1,1,1,2,1,1,2,6,1
SF,IF2009,2020-02-18 09:30:20.000,4034.4000,7006,0,32679180.000,0,-,-,-,-,4035.0000,4034.6000,4032.2000,4030.0000,4029.6000,4037.6000,4038.0000,4038.8000,4040.0000,4046.0000,1,1,1,1,2,1,1,2,6,1
SF,IF2009,2020-02-18 09:30:20.500,4034.4000,7006,0,32679180.000,0,-,-,-,-,4035.0000,4034.6000,4032.2000,4030.0000,4029.6000,4038.0000,4038.8000,4040.0000,4040.6000,4046.0000,1,1,1,1,2,1,2,6,1,1
SF,IF2009,2020-02-18 09:30:21.000,4034.4000,7006,0,32679180.000,0,-,-,-,-,4035.0000,4032.2000,4030.0000,4029.6000,4028.0000,4038.0000,4038.8000,4040.0000,4040.6000,4046.0000,1,1,1,2,1,1,2,6,1,1
SF,IF2009,2020-02-18 09:30:21.500,4034.4000,7006,0,32679180.000,0,-,-,-,-,4035.0000,4032.2000,4030.0000,4029.6000,4028.0000,4038.0000,4038.4000,4038.8000,4040.0000,4046.0000,1,1,1,2,1,1,1,2,6,1
SF,IF2009,2020-02-18 09:30:24.500,4034.4000,7006,0,32679180.000,0,-,-,-,-,4035.0000,4032.2000,4030.0000,4029.6000,4028.0000,4038.0000,4038.4000,4038.8000,4040.0000,4046.0000,1,1,1,2,1,1,1,2,6,1
SF,IF2009,2020-02-18 09:30:25.000,4034.4000,7006,0,32679180.000,0,-,-,-,-,4035.0000,4032.2000,4030.0000,4029.6000,4028.0000,4038.0000,4038.4000,4038.8000,4040.0000,4046.0000,1,1,1,2,1,1,1,2,6,1
SF,IF2009,2020-02-18 09:30:26.500,4034.4000,7006,0,32679180.000,0,-,-,-,-,4035.6000,4035.0000,4032.2000,4030.0000,4029.6000,4038.0000,4038.4000,4038.8000,4040.0000,4046.0000,1,1,1,1,2,1,1,2,6,1
SF,IF2009,2020-02-18 09:30:27.000,4034.4000,7006,0,32679180.000,0,-,-,-,-,4035.6000,4035.0000,4032.2000,4030.0000,4029.6000,4038.0000,4038.4000,4038.8000,4040.0000,4046.0000,1,2,1,1,2,1,1,1,6,1
SF,IF2009,2020-02-18 09:30:27.500,4034.4000,7006,0,32679180.000,0,-,-,-,-,4035.8000,4035.6000,4035.0000,4032.2000,4030.0000,4038.0000,4038.4000,4038.8000,4040.0000,4046.0000,1,1,1,1,1,1,1,1,6,1
SF,IF2009,2020-02-18 09:30:28.500,4034.4000,7006,0,32679180.000,0,-,-,-,-,4035.8000,4035.6000,4035.0000,4032.2000,4030.0000,4038.0000,4038.4000,4038.8000,4040.0000,4046.0000,1,1,1,1,1,1,1,1,6,1
SF,IF2009,2020-02-18 09:30:29.500,4035.4000,7005,-1,33889800.000,1,0,1,双平,S,4035.6000,4035.0000,4032.2000,4030.0000,4029.6000,4038.0000,4038.4000,4038.8000,4040.0000,4046.0000,1,2,1,1,2,1,1,1,6,1
SF,IF2009,2020-02-18 09:30:30.500,4038.0000,7004,-1,35101200.000,1,0,1,双平,S,4035.6000,4035.0000,4032.2000,4030.0000,4029.6000,4038.4000,4040.0000,4046.0000,4047.0000,4050.0000,1,2,1,1,1,1,6,1,1,3
SF,IF2009,2020-02-18 09:30:31.000,4038.0000,7004,0,35101200.000,0,-,-,-,-,4035.8000,4035.6000,4035.0000,4032.2000,4030.0000,4038.4000,4040.0000,4046.0000,4047.0000,4050.0000,1,1,2,1,1,1,6,1,1,3
SF,IF2009,2020-02-18 09:30:33.000,4038.0000,7004,0,35101200.000,0,-,-,-,-,4035.8000,4035.6000,4035.0000,4030.0000,4029.6000,4038.4000,4040.0000,4046.0000,4047.0000,4050.0000,1,1,2,1,1,1,6,1,1,3
SF,IF2009,2020-02-18 09:30:34.000,4038.0000,7004,0,35101200.000,0,-,-,-,-,4035.8000,4035.6000,4035.0000,4030.0000,4028.0000,4038.4000,4040.0000,4046.0000,4047.0000,4050.0000,1,1,2,1,1,1,6,1,1,3
SF,IF2009,2020-02-18 09:30:35.000,4038.0000,7004,0,35101200.000,0,-,-,-,-,4036.0000,4035.8000,4035.6000,4035.0000,4034.8000,4038.4000,4040.0000,4046.0000,4047.0000,4050.0000,1,1,1,2,1,1,6,1,1,3
SF,IF2009,2020-02-18 09:30:36.000,4038.4000,7004,0,36312720.000,1,0,1,多换,S,4038.4000,4036.0000,4035.8000,4035.6000,4035.0000,4040.0000,4046.0000,4047.0000,4050.0000,4056.2000,1,1,1,1,2,6,1,1,3,1
SF,IF2009,2020-02-18 09:30:36.500,4038.4000,7004,0,37524240.000,1,0,1,多换,S,4036.0000,4035.8000,4035.6000,4035.0000,4034.8000,4040.0000,4046.0000,4047.0000,4050.0000,4056.2000,1,1,1,2,1,6,1,1,3,1
SF,IF2009,2020-02-18 09:30:37.000,4040.0000,7007,3,41160180.000,3,3,0,双开,S,4036.2000,4036.0000,4035.8000,4035.6000,4035.0000,4039.6000,4040.0000,4046.0000,4047.0000,4050.0000,1,1,1,1,2,1,4,1,1,3
SF,IF2009,2020-02-18 09:30:37.500,4040.0000,7007,0,41160180.000,0,-,-,-,-,4036.2000,4035.8000,4035.6000,4035.0000,4034.8000,4039.6000,4040.0000,4046.0000,4047.0000,4050.0000,1,1,1,2,1,1,4,1,1,3
SF,IF2009,2020-02-18 09:30:38.000,4040.0000,7007,0,41160180.000,0,-,-,-,-,4036.2000,4035.8000,4035.6000,4035.0000,4034.8000,4040.0000,4046.0000,4047.0000,4050.0000,4056.2000,1,1,1,2,1,4,1,1,3,1
SF,IF2009,2020-02-18 09:30:38.500,4040.0000,7007,0,41160180.000,0,-,-,-,-,4036.4000,4036.2000,4035.8000,4035.6000,4035.0000,4038.8000,4040.0000,4046.0000,4047.0000,4050.0000,1,2,1,1,2,1,4,1,1,3
SF,IF2009,2020-02-18 09:30:39.000,4040.0000,7007,0,41160180.000,0,-,-,-,-,4036.6000,4036.4000,4036.2000,4035.8000,4035.6000,4038.8000,4039.8000,4040.0000,4046.0000,4047.0000,1,1,1,1,1,1,1,4,1,1
SF,IF2009,2020-02-18 09:30:39.500,4040.0000,7007,0,41160180.000,0,-,-,-,-,4036.6000,4036.4000,4036.2000,4036.0000,4035.8000,4038.8000,4039.8000,4040.0000,4046.0000,4047.0000,1,1,1,1,1,2,1,4,1,1
SF,IF2009,2020-02-18 09:30:40.000,4040.0000,7007,0,41160180.000,0,-,-,-,-,4036.6000,4036.4000,4036.2000,4036.0000,4035.8000,4038.8000,4040.0000,4046.0000,4047.0000,4050.0000,1,1,1,1,1,1,4,1,1,3
SF,IF2009,2020-02-18 09:30:40.500,4040.0000,7007,0,42372180.000,1,0,1,多换,S,4036.8000,4036.6000,4036.0000,4035.8000,4035.6000,4040.0000,4046.0000,4047.0000,4050.0000,4056.2000,1,1,1,1,1,4,1,1,3,1
SF,IF2009,2020-02-18 09:30:41.000,4040.0000,7007,0,42372180.000,0,-,-,-,-,4037.0000,4036.8000,4036.0000,4035.8000,4035.6000,4039.8000,4040.0000,4046.0000,4047.0000,4050.0000,2,1,1,1,1,1,4,1,1,3
SF,IF2009,2020-02-18 09:30:41.500,4037.0000,7007,0,43583280.000,1,0,1,多换,S,4037.0000,4036.8000,4036.0000,4035.8000,4035.6000,4039.6000,4040.0000,4046.0000,4047.0000,4050.0000,2,1,1,1,1,1,5,1,1,3
SF,IF2009,2020-02-18 09:30:42.000,4037.0000,7007,0,43583280.000,0,-,-,-,-,4037.0000,4036.8000,4036.0000,4035.8000,4035.6000,4038.0000,4039.6000,4040.0000,4045.0000,4046.0000,1,1,1,1,1,1,1,1,6,1
SF,IF2009,2020-02-18 09:30:42.500,4038.0000,7006,-1,44794680.000,1,0,1,双平,S,4037.4000,4037.0000,4036.8000,4036.0000,4035.8000,4039.6000,4045.0000,4046.0000,4047.0000,4050.0000,1,1,1,1,1,1,6,1,1,3
SF,IF2009,2020-02-18 09:30:43.000,4038.0000,7006,0,44794680.000,0,-,-,-,-,4037.2000,4037.0000,4036.8000,4036.0000,4035.8000,4038.8000,4039.6000,4045.0000,4046.0000,4047.0000,1,1,1,1,1,1,1,6,1,1
SF,IF2009,2020-02-18 09:30:43.500,4038.0000,7006,0,44794680.000,0,-,-,-,-,4037.0000,4036.8000,4036.0000,4035.8000,4035.6000,4038.8000,4039.6000,4045.0000,4046.0000,4047.0000,1,1,1,1,1,1,1,6,1,1
SF,IF2009,2020-02-18 09:30:44.000,4038.0000,7006,0,44794680.000,0,-,-,-,-,4037.0000,4036.8000,4036.0000,4035.8000,4035.6000,4038.8000,4039.6000,4045.0000,4046.0000,4047.0000,1,1,1,1,1,1,1,6,1,1
SF,IF2009,2020-02-18 09:30:44.500,4038.8000,7005,-1,46006320.000,1,0,1,双平,S,4037.0000,4036.8000,4036.0000,4035.8000,4035.6000,4039.6000,4045.0000,4046.0000,4047.0000,4050.0000,1,1,1,1,1,1,6,1,1,3
SF,IF2009,2020-02-18 09:30:46.000,4038.8000,7005,0,46006320.000,0,-,-,-,-,4037.0000,4036.8000,4036.0000,4035.8000,4035.6000,4039.0000,4039.6000,4045.0000,4046.0000,4047.0000,1,1,1,1,1,1,1,6,1,1
SF,IF2009,2020-02-18 09:30:46.500,4038.8000,7005,0,46006320.000,0,-,-,-,-,4037.0000,4036.8000,4036.0000,4035.8000,4035.6000,4038.8000,4039.0000,4045.0000,4046.0000,4047.0000,1,1,1,1,1,1,1,6,1,1
SF,IF2009,2020-02-18 09:30:47.000,4038.8000,7005,0,46006320.000,0,-,-,-,-,4037.0000,4036.8000,4036.0000,4035.8000,4035.6000,4038.8000,4039.0000,4045.0000,4046.0000,4047.0000,1,1,1,1,1,1,1,6,1,1
SF,IF2009,2020-02-18 09:30:47.500,4038.8000,7005,0,46006320.000,0,-,-,-,-,4037.0000,4036.8000,4036.0000,4035.8000,4035.6000,4039.0000,4045.0000,4046.0000,4047.0000,4050.0000,1,1,1,1,1,1,6,1,1,3
SF,IF2009,2020-02-18 09:30:48.000,4038.8000,7005,0,46006320.000,0,-,-,-,-,4038.8000,4037.0000,4036.8000,4036.0000,4035.8000,4039.0000,4045.0000,4046.0000,4047.0000,4050.0000,1,1,1,1,1,1,6,1,1,3
SF,IF2009,2020-02-18 09:30:48.500,4038.8000,7004,-1,47217960.000,1,0,1,双平,S,4037.0000,4036.8000,4036.0000,4035.8000,4035.6000,4039.0000,4045.0000,4046.0000,4047.0000,4050.0000,1,1,1,1,1,1,6,1,1,3
SF,IF2009,2020-02-18 09:30:49.000,4038.8000,7004,0,47217960.000,0,-,-,-,-,4037.0000,4036.8000,4036.0000,4035.8000,4035.6000,4039.0000,4045.0000,4046.0000,4047.0000,4050.0000,1,1,1,1,1,1,6,1,1,3
SF,IF2009,2020-02-18 09:30:49.500,4038.8000,7004,0,47217960.000,0,-,-,-,-,4037.0000,4036.0000,4035.8000,4035.6000,4035.0000,4039.0000,4045.0000,4046.0000,4047.0000,4050.0000,1,1,1,1,2,1,6,1,1,3
SF,IF2009,2020-02-18 09:30:50.000,4038.8000,7004,0,47217960.000,0,-,-,-,-,4037.0000,4036.0000,4035.8000,4035.6000,4035.0000,4039.0000,4045.0000,4046.0000,4047.0000,4050.0000,1,1,1,1,2,1,6,1,1,3
SF,IF2009,2020-02-18 09:30:54.000,4038.8000,7004,0,47217960.000,0,-,-,-,-,4037.0000,4035.8000,4035.6000,4035.0000,4034.8000,4039.0000,4045.0000,4046.0000,4047.0000,4050.0000,1,1,1,2,1,1,6,1,1,3
SF,IF2009,2020-02-18 09:30:54.500,4038.8000,7004,0,47217960.000,0,-,-,-,-,4037.0000,4035.8000,4035.6000,4035.0000,4034.8000,4039.0000,4045.0000,4046.0000,4047.0000,4050.0000,1,1,1,2,1,1,6,1,1,3
SF,IF2009,2020-02-18 09:30:55.000,4038.8000,7004,0,47217960.000,0,-,-,-,-,4037.2000,4037.0000,4035.8000,4035.6000,4035.0000,4039.0000,4045.0000,4046.0000,4047.0000,4050.0000,1,1,1,1,2,1,6,1,1,3
SF,IF2009,2020-02-18 09:31:00.000,4038.8000,7004,0,47217960.000,0,-,-,-,-,4037.2000,4037.0000,4035.8000,4035.6000,4035.0000,4039.0000,4045.0000,4046.0000,4047.0000,4050.0000,1,1,1,1,2,1,6,1,1,3
SF,IF2009,2020-02-18 09:31:00.500,4038.8000,7004,0,47217960.000,0,-,-,-,-,4037.2000,4037.0000,4035.8000,4035.6000,4035.0000,4039.0000,4045.0000,4046.0000,4047.0000,4050.0000,1,1,1,1,2,1,6,1,1,3
SF,IF2009,2020-02-18 09:31:01.000,4038.8000,7004,0,47217960.000,0,-,-,-,-,4037.2000,4037.0000,4035.8000,4035.6000,4035.0000,4039.0000,4045.0000,4046.0000,4047.0000,4050.0000,1,1,1,1,2,1,6,1,1,3
SF,IF2009,2020-02-18 09:31:01.500,4038.8000,7004,0,47217960.000,0,-,-,-,-,4037.2000,4037.0000,4035.8000,4035.6000,4035.0000,4038.8000,4039.0000,4045.0000,4046.0000,4047.0000,1,1,1,1,2,1,1,6,1,1
SF,IF2009,2020-02-18 09:31:02.500,4038.8000,7004,0,47217960.000,0,-,-,-,-,4037.2000,4037.0000,4035.8000,4035.6000,4035.0000,4038.8000,4039.0000,4045.0000,4046.0000,4047.0000,1,1,1,1,2,1,1,6,1,1
SF,IF2009,2020-02-18 09:31:04.000,4037.2000,7003,-1,48429120.000,1,0,1,双平,S,4037.0000,4035.8000,4035.6000,4035.0000,4034.8000,4038.8000,4039.0000,4045.0000,4046.0000,4047.0000,1,1,1,2,1,1,1,6,1,1
SF,IF2009,2020-02-18 09:31:04.500,4037.0000,7003,0,49640220.000,1,0,1,多换,S,4035.8000,4035.6000,4035.0000,4034.8000,4034.0000,4039.0000,4045.0000,4046.0000,4047.0000,4050.0000,1,1,2,1,3,1,6,1,1,3
SF,IF2009,2020-02-18 09:31:05.000,4037.0000,7003,0,49640220.000,0,-,-,-,-,4035.8000,4035.6000,4035.0000,4034.8000,4034.0000,4038.8000,4039.0000,4045.0000,4046.0000,4047.0000,1,1,2,1,3,2,1,6,1,1
SF,IF2009,2020-02-18 09:31:05.500,4037.0000,7003,0,49640220.000,0,-,-,-,-,4035.8000,4035.6000,4035.0000,4034.8000,4034.0000,4038.6000,4038.8000,4039.0000,4045.0000,4046.0000,1,1,2,1,3,1,2,1,6,1
SF,IF2009,2020-02-18 09:31:06.000,4037.0000,7003,0,49640220.000,0,-,-,-,-,4035.8000,4035.6000,4035.0000,4034.8000,4034.0000,4038.4000,4038.6000,4039.0000,4045.0000,4046.0000,1,1,2,1,3,2,1,1,6,1
SF,IF2009,2020-02-18 09:31:07.000,4037.0000,7003,0,49640220.000,0,-,-,-,-,4035.8000,4035.6000,4035.0000,4034.8000,4034.0000,4038.2000,4038.4000,4039.0000,4045.0000,4046.0000,1,1,2,1,3,1,2,1,6,1
SF,IF2009,2020-02-18 09:31:07.500,4037.0000,7003,0,49640220.000,0,-,-,-,-,4035.8000,4035.6000,4035.0000,4034.8000,4034.0000,4038.0000,4039.0000,4045.0000,4046.0000,4047.0000,1,1,2,1,3,2,1,6,1,1
SF,IF2009,2020-02-18 09:31:08.000,4037.0000,7003,0,49640220.000,0,-,-,-,-,4035.8000,4035.6000,4035.0000,4034.8000,4034.0000,4038.0000,4039.0000,4045.0000,4046.0000,4047.0000,1,1,2,1,3,2,1,6,1,1
SF,IF2009,2020-02-18 09:31:11.000,4037.0000,7002,-1,53274120.000,3,1,2,多平,S,4036.0000,4035.8000,4035.6000,4035.0000,4034.8000,4039.0000,4045.0000,4046.0000,4047.0000,4050.0000,1,1,1,2,1,1,6,1,1,3
SF,IF2009,2020-02-18 09:31:11.500,4037.0000,7002,0,53274120.000,0,-,-,-,-,4036.2000,4036.0000,4035.8000,4035.6000,4035.0000,4039.0000,4045.0000,4046.0000,4047.0000,4050.0000,1,2,1,1,2,1,11,1,1,3
SF,IF2009,2020-02-18 09:31:12.000,4037.0000,7002,0,53274120.000,0,-,-,-,-,4036.4000,4036.2000,4036.0000,4035.8000,4035.6000,4039.0000,4045.0000,4046.0000,4047.0000,4050.0000,1,1,1,1,1,1,11,1,1,3
SF,IF2009,2020-02-18 09:31:12.500,4037.0000,7002,0,53274120.000,0,-,-,-,-,4036.6000,4036.4000,4036.0000,4035.8000,4035.6000,4039.0000,4045.0000,4046.0000,4047.0000,4050.0000,1,1,1,1,1,1,11,1,1,3
SF,IF2009,2020-02-18 09:31:13.000,4039.0000,7002,0,54485820.000,1,0,1,多换,S,4036.8000,4036.6000,4036.0000,4035.8000,4035.6000,4045.0000,4046.0000,4047.0000,4050.0000,4056.2000,1,1,1,1,1,11,1,1,3,1
SF,IF2009,2020-02-18 09:31:13.500,4039.0000,7002,0,54485820.000,0,-,-,-,-,4037.0000,4036.8000,4036.0000,4035.8000,4035.6000,4040.4000,4044.6000,4044.8000,4045.0000,4046.0000,1,2,1,1,1,2,1,3,11,1
SF,IF2009,2020-02-18 09:31:14.000,4039.0000,7002,0,54485820.000,0,-,-,-,-,4037.2000,4036.8000,4036.0000,4035.8000,4035.6000,4040.2000,4040.4000,4044.6000,4044.8000,4045.0000,1,1,1,1,1,1,2,1,2,11
SF,IF2009,2020-02-18 09:31:14.500,4039.0000,7002,0,54485820.000,0,-,-,-,-,4037.2000,4037.0000,4036.8000,4036.0000,4035.8000,4040.0000,4040.2000,4040.4000,4044.4000,4044.6000,1,1,1,1,1,1,1,2,1,1
SF,IF2009,2020-02-18 09:31:15.000,4039.0000,7002,0,54485820.000,0,-,-,-,-,4037.4000,4037.2000,4037.0000,4036.8000,4036.0000,4040.0000,4040.4000,4044.4000,4044.6000,4045.0000,1,1,1,1,1,1,2,1,1,11
SF,IF2009,2020-02-18 09:31:15.500,4040.0000,7001,-1,55697820.000,1,0,1,双平,S,4037.6000,4037.4000,4037.0000,4036.8000,4035.8000,4044.4000,4044.6000,4045.0000,4046.0000,4047.0000,1,1,1,1,1,1,1,11,1,1
SF,IF2009,2020-02-18 09:31:16.000,4040.0000,7001,0,55697820.000,0,-,-,-,-,4037.6000,4037.0000,4036.8000,4035.0000,4034.8000,4044.2000,4044.4000,4044.6000,4045.0000,4046.0000,2,1,1,3,1,1,1,2,11,1
SF,IF2009,2020-02-18 09:31:16.500,4040.0000,7001,0,55697820.000,0,-,-,-,-,4037.8000,4037.6000,4037.0000,4036.6000,4035.0000,4044.2000,4044.4000,4044.6000,4045.0000,4046.0000,1,2,1,1,3,1,1,2,11,1
SF,IF2009,2020-02-18 09:31:17.000,4040.0000,7001,0,55697820.000,0,-,-,-,-,4038.0000,4037.8000,4037.6000,4037.0000,4036.6000,4043.6000,4044.2000,4044.6000,4045.0000,4046.0000,2,1,1,1,1,1,1,2,11,1
SF,IF2009,2020-02-18 09:31:17.500,4040.0000,7001,0,55697820.000,0,-,-,-,-,4038.2000,4038.0000,4037.6000,4037.0000,4036.6000,4043.4000,4043.6000,4044.6000,4045.0000,4046.0000,1,2,1,1,1,1,2,2,11,1
SF,IF2009,2020-02-18 09:31:18.000,4040.0000,7001,0,55697820.000,0,-,-,-,-,4038.4000,4038.2000,4038.0000,4037.6000,4037.0000,4043.4000,4043.6000,4044.6000,4045.0000,4046.0000,2,1,1,1,1,1,2,2,11,1
SF,IF2009,2020-02-18 09:31:18.500,4040.0000,7001,0,55697820.000,0,-,-,-,-,4038.6000,4038.4000,4038.0000,4037.6000,4037.0000,4043.6000,4044.6000,4045.0000,4046.0000,4047.0000,1,2,1,1,1,1,2,11,1,1
SF,IF2009,2020-02-18 09:31:19.000,4040.0000,7001,0,55697820.000,0,-,-,-,-,4038.8000,4038.6000,4038.4000,4038.0000,4037.6000,4043.4000,4044.6000,4045.0000,4046.0000,4047.0000,2,1,1,1,1,2,2,11,1,1
SF,IF2009,2020-02-18 09:31:19.500,4040.0000,7001,0,55697820.000,0,-,-,-,-,4039.0000,4038.8000,4038.4000,4038.0000,4037.0000,4043.4000,4044.6000,4045.0000,4046.0000,4047.0000,1,3,1,1,1,1,2,11,1,1
SF,IF2009,2020-02-18 09:31:20.000,4040.0000,7001,0,55697820.000,0,-,-,-,-,4039.4000,4039.2000,4039.0000,4038.8000,4038.4000,4040.4000,4043.2000,4044.6000,4045.0000,4046.0000,1,2,2,1,1,2,1,1,11,1
SF,IF2009,2020-02-18 09:31:20.500,4040.4000,7000,-1,56909940.000,1,0,1,双平,S,4039.4000,4039.2000,4039.0000,4038.8000,4038.4000,4044.6000,4045.0000,4046.0000,4047.0000,4050.0000,1,1,1,1,1,1,11,1,1,3
SF,IF2009,2020-02-18 09:31:21.000,4040.4000,7000,0,56909940.000,0,-,-,-,-,4039.6000,4039.4000,4039.2000,4039.0000,4038.8000,4044.4000,4044.6000,4045.0000,4046.0000,4047.0000,3,1,1,1,1,1,2,11,1,1
SF,IF2009,2020-02-18 09:31:21.500,4040.4000,7000,0,56909940.000,0,-,-,-,-,4039.6000,4039.4000,4039.2000,4038.8000,4038.4000,4044.0000,4044.4000,4044.6000,4045.0000,4046.0000,3,1,1,1,1,1,1,2,11,1
SF,IF2009,2020-02-18 09:31:22.000,4040.4000,7000,0,56909940.000,0,-,-,-,-,4039.8000,4039.6000,4039.2000,4038.8000,4038.4000,4043.8000,4044.0000,4044.6000,4045.0000,4046.0000,1,3,1,1,1,1,1,2,11,1
SF,IF2009,2020-02-18 09:31:22.500,4040.4000,7000,0,56909940.000,0,-,-,-,-,4040.0000,4039.8000,4039.6000,4039.2000,4038.8000,4043.6000,4043.8000,4044.6000,4045.0000,4046.0000,1,1,2,1,1,1,1,1,11,1
SF,IF2009,2020-02-18 09:31:23.000,4040.4000,7000,0,56909940.000,0,-,-,-,-,4040.2000,4040.0000,4039.6000,4039.2000,4038.8000,4043.6000,4043.8000,4044.6000,4045.0000,4046.0000,2,1,1,1,1,1,1,1,11,1
SF,IF2009,2020-02-18 09:31:23.500,4040.4000,7000,0,56909940.000,0,-,-,-,-,4040.4000,4040.2000,4039.6000,4039.2000,4038.8000,4043.6000,4044.6000,4045.0000,4046.0000,4047.0000,2,3,1,1,1,1,1,11,1,1
SF,IF2009,2020-02-18 09:31:24.000,4040.4000,7000,0,56909940.000,0,-,-,-,-,4040.6000,4040.4000,4040.2000,4039.6000,4039.2000,4044.6000,4045.0000,4046.0000,4047.0000,4050.0000,8,1,1,1,1,1,11,1,1,3
SF,IF2009,2020-02-18 09:31:24.500,4040.4000,7000,0,56909940.000,0,-,-,-,-,4040.8000,4040.6000,4039.6000,4039.2000,4038.8000,4044.4000,4044.6000,4045.0000,4046.0000,4047.0000,1,3,1,1,1,1,1,11,1,1
SF,IF2009,2020-02-18 09:31:25.000,4040.4000,7000,0,56909940.000,0,-,-,-,-,4041.4000,4041.0000,4040.8000,4039.6000,4039.2000,4044.4000,4044.6000,4045.0000,4046.0000,4047.0000,1,1,1,1,1,1,1,11,1,1
SF,IF2009,2020-02-18 09:31:25.500,4040.4000,7000,0,56909940.000,0,-,-,-,-,4041.6000,4041.4000,4041.0000,4039.6000,4039.2000,4044.4000,4044.6000,4045.0000,4046.0000,4047.0000,1,1,1,1,1,1,1,11,1,1
SF,IF2009,2020-02-18 09:31:26.000,4040.4000,7000,0,56909940.000,0,-,-,-,-,4041.6000,4041.4000,4039.6000,4039.2000,4038.8000,4044.4000,4044.6000,4045.0000,4046.0000,4047.0000,1,1,1,1,1,1,1,11,1,1
SF,IF2009,2020-02-18 09:31:26.500,4040.4000,7000,0,56909940.000,0,-,-,-,-,4041.6000,4039.6000,4039.2000,4038.8000,4038.4000,4044.4000,4044.6000,4045.0000,4046.0000,4047.0000,1,1,1,1,1,1,1,11,1,1
SF,IF2009,2020-02-18 09:31:27.000,4041.6000,7000,0,58122420.000,1,0,1,多换,S,4039.6000,4039.2000,4038.8000,4038.4000,4037.0000,4044.4000,4044.6000,4045.0000,4046.0000,4047.0000,1,1,1,1,1,1,1,11,1,1
SF,IF2009,2020-02-18 09:31:27.500,4041.6000,7000,0,58122420.000,0,-,-,-,-,4039.6000,4039.2000,4038.8000,4038.4000,4037.0000,4044.2000,4044.4000,4044.6000,4045.0000,4046.0000,1,1,1,1,1,1,1,1,11,1
SF,IF2009,2020-02-18 09:31:28.000,4044.0000,7000,0,59335620.000,1,0,1,多换,S,4039.2000,4038.8000,4038.4000,4037.0000,4036.6000,4044.2000,4044.6000,4045.0000,4046.0000,4047.0000,1,1,1,1,1,1,1,11,1,1
SF,IF2009,2020-02-18 09:31:28.500,4044.0000,7000,0,59335620.000,0,-,-,-,-,4039.4000,4038.4000,4037.0000,4036.6000,4035.0000,4044.0000,4044.2000,4044.6000,4045.0000,4046.0000,1,1,1,1,3,2,1,1,11,1
SF,IF2009,2020-02-18 09:31:29.000,4044.0000,7000,0,59335620.000,0,-,-,-,-,4037.0000,4036.6000,4035.0000,4034.8000,4034.0000,4043.8000,4044.0000,4044.6000,4045.0000,4046.0000,1,1,3,1,3,2,2,1,11,1
SF,IF2009,2020-02-18 09:31:29.500,4044.0000,7000,0,59335620.000,0,-,-,-,-,4037.2000,4037.0000,4036.6000,4035.0000,4034.8000,4037.6000,4043.6000,4043.8000,4044.6000,4045.0000,1,2,1,3,1,1,4,2,1,11
SF,IF2009,2020-02-18 09:31:30.000,4037.6000,6999,-1,60546900.000,1,0,1,双平,S,4037.6000,4037.0000,4036.6000,4035.0000,4034.8000,4043.4000,4043.6000,4043.8000,4044.6000,4045.0000,2,2,1,3,1,1,4,1,1,11
SF,IF2009,2020-02-18 09:31:30.500,4037.6000,6999,0,60546900.000,0,-,-,-,-,4037.8000,4037.6000,4037.0000,4036.6000,4035.0000,4043.2000,4043.4000,4043.6000,4043.8000,4044.6000,1,1,2,1,3,2,1,3,1,1
SF,IF2009,2020-02-18 09:31:31.000,4037.6000,6999,0,60546900.000,0,-,-,-,-,4038.0000,4037.8000,4037.6000,4037.0000,4036.6000,4042.8000,4043.0000,4043.2000,4043.6000,4044.6000,1,1,1,2,1,1,2,2,1,1
SF,IF2009,2020-02-18 09:31:31.500,4037.6000,6999,0,60546900.000,0,-,-,-,-,4038.4000,4038.2000,4038.0000,4037.6000,4037.0000,4042.2000,4042.6000,4042.8000,4043.0000,4044.6000,2,1,1,1,2,1,1,2,1,1
SF,IF2009,2020-02-18 09:31:32.000,4037.6000,6999,0,60546900.000,0,-,-,-,-,4038.8000,4038.6000,4038.4000,4038.0000,4037.6000,4042.0000,4042.8000,4043.0000,4044.6000,4045.0000,2,3,3,1,1,1,2,1,1,11
SF,IF2009,2020-02-18 09:31:32.500,4037.6000,6999,0,60546900.000,0,-,-,-,-,4039.0000,4038.8000,4038.6000,4038.0000,4037.6000,4042.0000,4042.8000,4043.0000,4044.6000,4045.0000,2,3,2,1,1,1,2,1,1,11
SF,IF2009,2020-02-18 09:31:33.000,4037.6000,6999,0,60546900.000,0,-,-,-,-,4039.4000,4039.0000,4038.8000,4038.6000,4038.0000,4042.0000,4042.8000,4044.6000,4045.0000,4046.0000,1,4,1,2,1,1,1,1,11,1
SF,IF2009,2020-02-18 09:31:33.500,4041.8000,6999,0,61759440.000,1,0,1,多换,S,4039.6000,4039.0000,4038.8000,4038.6000,4038.0000,4042.0000,4042.8000,4044.6000,4045.0000,4046.0000,1,3,1,2,1,1,1,1,11,1
SF,IF2009,2020-02-18 09:31:34.000,4041.8000,6999,0,61759440.000,0,-,-,-,-,4039.8000,4039.0000,4038.8000,4038.6000,4038.0000,4042.0000,4042.8000,4044.6000,4045.0000,4046.0000,1,2,1,2,1,1,1,1,11,1
SF,IF2009,2020-02-18 09:31:35.000,4041.8000,6999,0,61759440.000,0,-,-,-,-,4040.0000,4039.8000,4039.0000,4038.6000,4038.0000,4042.0000,4042.8000,4044.6000,4045.0000,4046.0000,1,1,1,2,1,1,1,1,11,1
SF,IF2009,2020-02-18 09:31:35.500,4041.8000,6999,0,61759440.000,0,-,-,-,-,4039.0000,4038.6000,4038.0000,4037.6000,4037.0000,4042.0000,4042.8000,4044.6000,4045.0000,4046.0000,1,2,1,1,1,1,1,1,11,1
SF,IF2009,2020-02-18 09:31:36.000,4041.8000,6999,0,61759440.000,0,-,-,-,-,4039.4000,4039.2000,4039.0000,4038.8000,4038.6000,4042.0000,4042.8000,4044.6000,4045.0000,4046.0000,1,1,1,2,1,1,1,1,11,1
SF,IF2009,2020-02-18 09:31:36.500,4041.8000,6999,0,61759440.000,0,-,-,-,-,4039.4000,4039.2000,4038.6000,4038.0000,4037.6000,4042.0000,4042.8000,4044.6000,4045.0000,4046.0000,1,1,1,1,1,1,1,1,11,1
SF,IF2009,2020-02-18 09:31:37.000,4041.8000,6999,0,61759440.000,0,-,-,-,-,4039.6000,4039.4000,4038.6000,4038.0000,4037.6000,4042.0000,4042.8000,4044.6000,4045.0000,4046.0000,1,1,1,1,1,1,1,1,11,1
SF,IF2009,2020-02-18 09:31:37.500,4041.8000,6999,0,61759440.000,0,-,-,-,-,4039.6000,4039.4000,4038.6000,4038.0000,4037.6000,4042.0000,4044.6000,4045.0000,4046.0000,4047.0000,1,1,1,1,1,1,1,11,1,1
SF,IF2009,2020-02-18 09:31:39.000,4041.8000,6999,0,61759440.000,0,-,-,-,-,4039.6000,4039.4000,4038.6000,4038.0000,4037.6000,4042.0000,4044.6000,4045.0000,4046.0000,4047.0000,1,1,1,1,1,1,1,11,1,1
SF,IF2009,2020-02-18 09:31:41.000,4041.8000,6999,0,61759440.000,0,-,-,-,-,4039.6000,4039.4000,4038.6000,4038.0000,4037.6000,4042.0000,4044.6000,4045.0000,4046.0000,4047.0000,1,1,1,1,1,1,1,11,1,1
SF,IF2009,2020-02-18 09:31:41.500,4039.6000,6999,0,62971320.000,1,0,1,多换,S,4039.4000,4038.6000,4038.0000,4037.6000,4037.0000,4042.0000,4044.6000,4045.0000,4046.0000,4047.0000,1,1,1,1,1,1,1,11,1,1
SF,IF2009,2020-02-18 09:31:42.000,4039.6000,6999,0,62971320.000,0,-,-,-,-,4039.4000,4038.6000,4038.0000,4037.6000,4037.0000,4041.8000,4042.0000,4044.6000,4045.0000,4046.0000,1,1,1,1,1,1,1,1,11,1
SF,IF2009,2020-02-18 09:31:42.500,4039.6000,6999,0,62971320.000,0,-,-,-,-,4038.6000,4038.0000,4037.6000,4037.0000,4036.6000,4041.6000,4041.8000,4044.6000,4045.0000,4046.0000,1,1,1,1,1,1,1,1,11,1
SF,IF2009,2020-02-18 09:31:43.000,4039.6000,6999,0,62971320.000,0,-,-,-,-,4038.8000,4038.6000,4038.0000,4037.6000,4037.0000,4041.4000,4041.6000,4044.6000,4045.0000,4046.0000,1,1,1,1,1,1,1,1,11,1
SF,IF2009,2020-02-18 09:31:43.500,4039.6000,6999,0,62971320.000,0,-,-,-,-,4039.0000,4038.8000,4038.6000,4038.0000,4037.6000,4041.2000,4043.6000,4044.6000,4045.0000,4046.0000,1,1,1,1,1,1,1,1,11,1
SF,IF2009,2020-02-18 09:31:44.000,4039.6000,6999,0,62971320.000,0,-,-,-,-,4039.0000,4038.8000,4038.6000,4038.0000,4037.6000,4041.2000,4043.6000,4044.6000,4045.0000,4046.0000,1,1,1,1,1,1,1,1,11,1
SF,IF2009,2020-02-18 09:31:44.500,4039.6000,6999,0,62971320.000,0,-,-,-,-,4039.0000,4038.8000,4038.6000,4038.0000,4037.6000,4041.2000,4043.6000,4044.6000,4045.0000,4046.0000,1,2,1,1,1,1,1,1,11,1
SF,IF2009,2020-02-18 09:31:45.000,4041.2000,6999,0,64183680.000,1,0,1,多换,S,4039.2000,4039.0000,4038.8000,4038.6000,4038.0000,4043.6000,4044.6000,4045.0000,4046.0000,4047.0000,1,1,2,1,1,1,1,11,1,1
SF,IF2009,2020-02-18 09:31:45.500,4041.2000,6999,0,64183680.000,0,-,-,-,-,4039.4000,4039.2000,4038.6000,4038.0000,4037.6000,4043.4000,4043.6000,4044.6000,4045.0000,4046.0000,2,1,1,1,1,1,1,1,11,1
SF,IF2009,2020-02-18 09:31:46.000,4041.2000,6999,0,64183680.000,0,-,-,-,-,4039.8000,4039.6000,4039.4000,4038.6000,4038.0000,4043.6000,4044.6000,4045.0000,4046.0000,4047.0000,1,1,2,1,1,1,1,11,1,1
SF,IF2009,2020-02-18 09:31:46.500,4041.2000,6999,0,64183680.000,0,-,-,-,-,4040.0000,4039.8000,4039.4000,4038.6000,4038.0000,4043.6000,4044.6000,4045.0000,4046.0000,4047.0000,2,2,1,1,1,1,1,11,1,1
SF,IF2009,2020-02-18 09:31:47.000,4041.2000,6999,0,64183680.000,0,-,-,-,-,4040.0000,4039.8000,4039.4000,4038.6000,4038.0000,4043.6000,4044.6000,4045.0000,4046.0000,4047.0000,2,1,1,1,1,1,1,11,1,1
SF,IF2009,2020-02-18 09:31:47.500,4041.2000,6999,0,64183680.000,0,-,-,-,-,4040.6000,4040.2000,4040.0000,4039.4000,4038.6000,4043.4000,4043.6000,4044.6000,4045.0000,4046.0000,1,1,2,1,1,1,1,1,11,1
SF,IF2009,2020-02-18 09:31:48.000,4041.2000,6999,0,64183680.000,0,-,-,-,-,4040.8000,4040.6000,4040.2000,4039.4000,4038.6000,4043.4000,4044.6000,4045.0000,4046.0000,4047.0000,2,1,1,1,1,1,1,11,1,1
SF,IF2009,2020-02-18 09:31:48.500,4041.2000,6999,0,64183680.000,0,-,-,-,-,4040.8000,4040.2000,4039.4000,4038.6000,4038.0000,4042.6000,4043.4000,4044.6000,4045.0000,4046.0000,2,1,1,1,1,1,1,1,11,1
SF,IF2009,2020-02-18 09:31:49.000,4041.2000,6999,0,64183680.000,0,-,-,-,-,4041.0000,4040.8000,4040.2000,4039.4000,4038.6000,4042.6000,4043.4000,4044.6000,4045.0000,4046.0000,1,2,1,1,1,1,1,1,11,1
SF,IF2009,2020-02-18 09:31:49.500,4041.2000,6999,0,64183680.000,0,-,-,-,-,4041.2000,4041.0000,4040.8000,4040.2000,4039.4000,4042.6000,4044.6000,4045.0000,4046.0000,4047.0000,1,1,1,1,1,1,1,11,1,1
SF,IF2009,2020-02-18 09:31:50.000,4042.6000,6998,-1,65396460.000,1,0,1,双平,S,4041.2000,4041.0000,4040.8000,4040.2000,4039.4000,4044.6000,4045.0000,4046.0000,4047.0000,4047.2000,1,1,1,1,1,1,11,1,1,1
SF,IF2009,2020-02-18 09:31:50.500,4041.4000,6999,1,66608880.000,1,1,0,双开,S,4041.2000,4041.0000,4040.2000,4039.4000,4038.6000,4044.4000,4044.6000,4045.0000,4046.0000,4047.0000,1,1,1,1,1,1,1,11,1,1
SF,IF2009,2020-02-18 09:31:51.000,4041.4000,6999,0,66608880.000,0,-,-,-,-,4041.0000,4040.2000,4039.4000,4038.6000,4038.0000,4044.4000,4044.6000,4045.0000,4046.0000,4047.0000,1,1,1,1,1,1,1,11,1,1
SF,IF2009,2020-02-18 09:31:51.500,4041.4000,6999,0,66608880.000,0,-,-,-,-,4041.0000,4040.2000,4039.4000,4038.6000,4038.0000,4044.2000,4044.4000,4044.6000,4045.0000,4046.0000,1,1,1,1,1,2,1,1,11,1
SF,IF2009,2020-02-18 09:31:52.000,4041.4000,6999,0,66608880.000,0,-,-,-,-,4041.0000,4040.2000,4039.4000,4038.6000,4038.0000,4044.0000,4044.2000,4044.6000,4045.0000,4046.0000,1,1,1,1,1,1,2,1,11,1
SF,IF2009,2020-02-18 09:31:52.500,4041.4000,6999,0,66608880.000,0,-,-,-,-,4040.2000,4039.4000,4038.6000,4038.0000,4037.6000,4043.8000,4044.0000,4044.6000,4045.0000,4046.0000,1,1,1,1,1,2,2,1,11,1
SF,IF2009,2020-02-18 09:31:53.000,4041.4000,6999,0,66608880.000,0,-,-,-,-,4040.4000,4039.4000,4038.6000,4038.0000,4037.6000,4043.6000,4043.8000,4044.0000,4044.6000,4045.0000,1,1,1,1,1,2,1,1,1,11
SF,IF2009,2020-02-18 09:31:53.500,4041.4000,6999,0,66608880.000,0,-,-,-,-,4040.4000,4039.4000,4038.6000,4038.0000,4037.6000,4043.4000,4043.6000,4044.6000,4045.0000,4046.0000,1,1,1,1,1,1,2,1,11,1
SF,IF2009,2020-02-18 09:31:54.000,4041.4000,6999,0,66608880.000,0,-,-,-,-,4039.4000,4038.6000,4038.0000,4037.6000,4037.0000,4043.0000,4043.2000,4043.4000,4044.6000,4045.0000,1,1,1,1,1,1,1,1,1,11
SF,IF2009,2020-02-18 09:31:54.500,4041.4000,6999,0,66608880.000,0,-,-,-,-,4040.0000,4039.6000,4039.4000,4038.8000,4038.6000,4042.8000,4043.0000,4043.2000,4044.6000,4045.0000,1,1,1,1,1,1,1,1,1,11
SF,IF2009,2020-02-18 09:31:55.000,4041.4000,6999,0,66608880.000,0,-,-,-,-,4040.2000,4040.0000,4039.4000,4038.8000,4038.6000,4042.8000,4043.0000,4043.2000,4044.6000,4045.0000,1,1,1,1,1,1,1,1,1,11
SF,IF2009,2020-02-18 09:31:55.500,4041.4000,6999,0,66608880.000,0,-,-,-,-,4040.2000,4040.0000,4039.4000,4038.8000,4038.6000,4042.8000,4044.6000,4045.0000,4046.0000,4047.0000,1,2,1,1,1,1,1,11,1,1
SF,IF2009,2020-02-18 09:31:56.000,4041.4000,6999,0,66608880.000,0,-,-,-,-,4040.2000,4040.0000,4039.4000,4038.8000,4038.6000,4042.8000,4044.6000,4045.0000,4046.0000,4047.0000,1,2,1,1,1,1,1,11,1,1
SF,IF2009,2020-02-18 09:31:56.500,4041.4000,6999,0,66608880.000,0,-,-,-,-,4040.4000,4040.2000,4040.0000,4039.4000,4038.8000,4042.8000,4044.6000,4045.0000,4046.0000,4047.0000,1,1,1,1,1,1,1,11,1,1
SF,IF2009,2020-02-18 09:31:57.000,4041.4000,6999,0,66608880.000,0,-,-,-,-,4040.4000,4040.2000,4040.0000,4039.4000,4038.8000,4042.8000,4044.6000,4045.0000,4046.0000,4047.0000,1,1,1,1,1,1,1,11,1,1
SF,IF2009,2020-02-18 09:31:57.500,4041.4000,6999,0,66608880.000,0,-,-,-,-,4040.6000,4040.4000,4040.0000,4039.4000,4038.8000,4042.8000,4044.6000,4045.0000,4046.0000,4047.0000,1,1,1,1,1,1,1,11,1,1
SF,IF2009,2020-02-18 09:31:58.000,4041.4000,6999,0,66608880.000,0,-,-,-,-,4040.6000,4040.4000,4040.0000,4039.4000,4038.8000,4042.8000,4044.6000,4045.0000,4046.0000,4047.0000,1,1,1,1,1,1,1,11,1,1
SF,IF2009,2020-02-18 09:31:58.500,4041.4000,6999,0,66608880.000,0,-,-,-,-,4040.6000,4040.0000,4039.4000,4038.8000,4038.6000,4042.8000,4044.6000,4045.0000,4046.0000,4047.0000,1,1,1,1,1,1,1,11,1,1
SF,IF2009,2020-02-18 09:32:00.500,4041.4000,6999,0,66608880.000,0,-,-,-,-,4040.6000,4040.0000,4039.4000,4038.8000,4038.6000,4042.8000,4044.6000,4045.0000,4046.0000,4047.0000,1,1,1,1,1,1,1,11,1,1
SF,IF2009,2020-02-18 09:32:01.000,4041.4000,6999,0,66608880.000,0,-,-,-,-,4040.6000,4040.0000,4039.4000,4038.8000,4038.6000,4042.8000,4044.6000,4045.0000,4046.0000,4047.0000,1,1,1,1,1,1,1,11,1,1
SF,IF2009,2020-02-18 09:32:01.500,4040.6000,6998,-1,67821060.000,1,0,1,双平,S,4040.0000,4039.4000,4038.8000,4038.6000,4038.0000,4042.8000,4044.6000,4045.0000,4046.0000,4047.0000,1,1,1,1,1,1,1,11,1,1
SF,IF2009,2020-02-18 09:32:02.000,4040.6000,6998,0,67821060.000,0,-,-,-,-,4040.2000,4040.0000,4039.4000,4038.8000,4038.6000,4042.8000,4044.6000,4045.0000,4046.0000,4047.0000,1,1,1,1,1,1,1,11,1,1
SF,IF2009,2020-02-18 09:32:02.500,4040.6000,6998,0,67821060.000,0,-,-,-,-,4040.6000,4040.4000,4040.0000,4039.4000,4038.8000,4042.8000,4044.6000,4045.0000,4046.0000,4047.0000,1,1,1,1,1,1,1,11,1,1
SF,IF2009,2020-02-18 09:32:03.000,4040.6000,6998,0,67821060.000,0,-,-,-,-,4040.6000,4040.4000,4039.4000,4038.8000,4038.6000,4042.8000,4044.6000,4045.0000,4046.0000,4047.0000,1,1,1,1,1,1,1,11,1,1
SF,IF2009,2020-02-18 09:32:03.500,4040.6000,6998,0,67821060.000,0,-,-,-,-,4040.8000,4040.6000,4040.4000,4039.4000,4038.8000,4042.8000,4044.6000,4045.0000,4046.0000,4047.0000,1,1,1,1,1,1,1,11,1,1
SF,IF2009,2020-02-18 09:32:04.000,4040.6000,6998,0,67821060.000,0,-,-,-,-,4041.0000,4040.8000,4040.6000,4040.4000,4039.4000,4042.8000,4044.6000,4045.0000,4046.0000,4047.0000,1,1,1,1,1,1,1,11,1,1
SF,IF2009,2020-02-18 09:32:04.500,4040.6000,6998,0,67821060.000,0,-,-,-,-,4041.0000,4040.8000,4040.6000,4040.4000,4039.4000,4044.6000,4045.0000,4046.0000,4047.0000,4050.0000,1,1,1,1,1,1,11,1,1,3
SF,IF2009,2020-02-18 09:32:05.000,4040.6000,6998,0,67821060.000,0,-,-,-,-,4040.8000,4040.6000,4040.4000,4039.4000,4038.8000,4044.4000,4044.6000,4045.0000,4046.0000,4047.0000,1,1,1,1,1,1,1,11,1,1
SF,IF2009,2020-02-18 09:32:06.000,4040.6000,6998,0,67821060.000,0,-,-,-,-,4040.8000,4040.6000,4040.4000,4039.4000,4038.8000,4044.0000,4044.4000,4044.6000,4045.0000,4046.0000,1,1,1,1,1,1,1,1,11,1
SF,IF2009,2020-02-18 09:32:06.500,4040.6000,6998,0,67821060.000,0,-,-,-,-,4041.0000,4040.8000,4040.6000,4040.4000,4039.4000,4043.6000,4043.8000,4044.0000,4044.6000,4045.0000,1,1,1,1,1,1,1,1,1,11
SF,IF2009,2020-02-18 09:32:07.000,4040.6000,6998,0,67821060.000,0,-,-,-,-,4041.0000,4040.6000,4040.4000,4039.4000,4038.8000,4043.4000,4043.6000,4044.0000,4044.6000,4045.0000,1,1,1,1,1,1,1,1,1,11
SF,IF2009,2020-02-18 09:32:07.500,4040.6000,6998,0,67821060.000,0,-,-,-,-,4040.6000,4040.4000,4039.4000,4038.8000,4038.6000,4043.2000,4043.4000,4044.0000,4044.6000,4045.0000,1,1,1,1,1,1,1,1,1,11
SF,IF2009,2020-02-18 09:32:08.000,4040.6000,6998,0,67821060.000,0,-,-,-,-,4040.6000,4040.4000,4039.4000,4038.8000,4038.6000,4043.0000,4043.2000,4044.6000,4045.0000,4046.0000,1,1,1,1,1,2,1,1,11,1
SF,IF2009,2020-02-18 09:32:08.500,4040.6000,6998,0,67821060.000,0,-,-,-,-,4040.6000,4039.4000,4038.8000,4038.6000,4038.0000,4042.8000,4043.0000,4044.6000,4045.0000,4046.0000,1,1,1,1,1,1,2,1,11,1
SF,IF2009,2020-02-18 09:32:09.000,4040.6000,6998,0,67821060.000,0,-,-,-,-,4040.6000,4039.4000,4038.8000,4038.6000,4038.0000,4042.4000,4042.6000,4044.6000,4045.0000,4046.0000,1,1,1,1,1,1,2,1,11,1
SF,IF2009,2020-02-18 09:32:09.500,4040.6000,6998,0,67821060.000,0,-,-,-,-,4040.6000,4039.4000,4038.8000,4038.6000,4038.0000,4042.2000,4042.6000,4044.6000,4045.0000,4046.0000,1,1,1,1,1,1,2,1,11,1
SF,IF2009,2020-02-18 09:32:10.000,4040.6000,6998,0,67821060.000,0,-,-,-,-,4040.6000,4039.4000,4038.8000,4038.6000,4038.0000,4042.0000,4042.6000,4044.6000,4045.0000,4046.0000,1,1,1,1,1,1,2,1,11,1
SF,IF2009,2020-02-18 09:32:10.500,4040.6000,6998,0,67821060.000,0,-,-,-,-,4040.6000,4038.8000,4038.6000,4038.0000,4037.6000,4042.0000,4042.6000,4044.6000,4045.0000,4046.0000,1,1,1,1,1,1,2,1,11,1
SF,IF2009,2020-02-18 09:32:12.500,4040.6000,6998,0,67821060.000,0,-,-,-,-,4040.6000,4038.8000,4038.6000,4038.0000,4037.6000,4042.0000,4042.6000,4044.6000,4045.0000,4046.0000,1,1,1,1,1,1,2,1,11,1
SF,IF2009,2020-02-18 09:32:13.000,4040.6000,6998,0,67821060.000,0,-,-,-,-,4040.6000,4039.0000,4038.8000,4038.6000,4038.0000,4042.0000,4042.6000,4044.6000,4045.0000,4046.0000,1,1,1,1,1,1,1,1,11,1
SF,IF2009,2020-02-18 09:32:14.000,4040.6000,6998,0,69033240.000,1,0,1,多换,S,4039.0000,4038.8000,4038.6000,4038.0000,4037.6000,4042.0000,4042.6000,4044.6000,4045.0000,4046.0000,1,1,1,1,1,1,1,1,11,1
SF,IF2009,2020-02-18 09:32:14.500,4040.6000,6998,0,69033240.000,0,-,-,-,-,4042.0000,4040.0000,4039.4000,4039.2000,4039.0000,4044.6000,4045.0000,4046.0000,4047.0000,4050.0000,1,1,1,2,1,1,11,1,1,3
SF,IF2009,2020-02-18 09:32:15.000,4042.0000,6998,0,70245840.000,1,0,1,多换,S,4040.0000,4039.2000,4039.0000,4038.8000,4038.6000,4044.2000,4044.6000,4045.0000,4046.0000,4047.0000,1,1,1,3,1,1,1,11,1,1
SF,IF2009,2020-02-18 09:32:15.500,4042.0000,6998,0,70245840.000,0,-,-,-,-,4040.2000,4040.0000,4039.2000,4039.0000,4038.8000,4044.0000,4044.2000,4044.6000,4045.0000,4046.0000,1,1,1,1,3,1,1,1,11,1
SF,IF2009,2020-02-18 09:32:16.000,4043.8000,6998,0,71458980.000,1,0,1,多换,S,4040.2000,4040.0000,4039.2000,4039.0000,4038.8000,4044.0000,4044.2000,4044.6000,4045.0000,4046.0000,1,1,1,1,3,2,1,1,11,1
SF,IF2009,2020-02-18 09:32:16.500,4043.8000,6998,0,71458980.000,0,-,-,-,-,4040.4000,4040.2000,4040.0000,4039.2000,4039.0000,4043.8000,4044.0000,4044.2000,4044.6000,4045.0000,2,1,1,1,1,1,1,1,1,11
SF,IF2009,2020-02-18 09:32:17.000,4043.8000,6998,0,71458980.000,0,-,-,-,-,4040.4000,4040.2000,4039.2000,4039.0000,4038.8000,4043.6000,4043.8000,4044.2000,4044.6000,4045.0000,2,1,1,1,3,1,1,1,1,11
SF,IF2009,2020-02-18 09:32:17.500,4043.8000,6998,0,71458980.000,0,-,-,-,-,4040.6000,4040.4000,4039.2000,4039.0000,4038.8000,4043.2000,4043.4000,4043.6000,4044.6000,4045.0000,1,2,1,1,3,1,1,1,1,11
SF,IF2009,2020-02-18 09:32:18.000,4043.8000,6998,0,71458980.000,0,-,-,-,-,4040.6000,4040.4000,4039.6000,4039.2000,4039.0000,4043.0000,4043.2000,4043.4000,4044.6000,4045.0000,1,2,1,1,1,2,1,1,1,11
SF,IF2009,2020-02-18 09:32:18.500,4043.8000,6998,0,71458980.000,0,-,-,-,-,4040.6000,4040.4000,4039.6000,4039.2000,4039.0000,4043.0000,4043.2000,4043.4000,4044.6000,4045.0000,1,1,1,1,1,2,1,1,1,11
SF,IF2009,2020-02-18 09:32:19.000,4043.8000,6998,0,71458980.000,0,-,-,-,-,4040.6000,4040.4000,4039.6000,4039.2000,4039.0000,4042.8000,4043.0000,4043.4000,4044.6000,4045.0000,1,1,1,1,1,1,2,1,1,11
SF,IF2009,2020-02-18 09:32:19.500,4043.8000,6999,1,76311540.000,4,2,2,空开,S,4040.8000,4040.6000,4039.6000,4039.2000,4039.0000,4044.6000,4045.0000,4046.0000,4047.0000,4050.0000,1,1,1,1,1,1,11,1,1,3
SF,IF2009,2020-02-18 09:32:20.000,4043.8000,6999,0,76311540.000,0,-,-,-,-,4040.8000,4040.6000,4039.6000,4039.2000,4039.0000,4044.4000,4044.6000,4045.0000,4046.0000,4047.0000,1,1,1,1,1,1,1,11,1,1
SF,IF2009,2020-02-18 09:32:20.500,4043.8000,6999,0,76311540.000,0,-,-,-,-,4041.8000,4041.2000,4040.8000,4040.6000,4039.6000,4043.6000,4044.4000,4044.6000,4045.0000,4046.0000,1,1,1,1,1,1,1,1,11,1
SF,IF2009,2020-02-18 09:32:21.000,4041.8000,6998,-1,77524080.000,1,0,1,双平,S,4041.2000,4040.8000,4039.6000,4039.2000,4039.0000,4043.4000,4043.6000,4044.6000,4045.0000,4046.0000,1,1,1,1,1,2,1,1,11,1
SF,IF2009,2020-02-18 09:32:21.500,4041.8000,6998,0,77524080.000,0,-,-,-,-,4041.4000,4041.2000,4039.6000,4039.2000,4039.0000,4043.4000,4044.6000,4045.0000,4046.0000,4047.0000,1,1,1,1,1,2,1,11,1,1
SF,IF2009,2020-02-18 09:32:22.000,4041.8000,6998,0,77524080.000,0,-,-,-,-,4041.4000,4041.2000,4039.6000,4039.2000,4039.0000,4043.2000,4043.4000,4044.6000,4045.0000,4046.0000,1,1,1,1,1,2,1,1,11,1
SF,IF2009,2020-02-18 09:32:22.500,4041.8000,6998,0,77524080.000,0,-,-,-,-,4041.6000,4041.4000,4039.6000,4039.2000,4039.0000,4043.0000,4043.2000,4044.6000,4045.0000,4046.0000,1,1,1,1,1,1,2,1,11,1
SF,IF2009,2020-02-18 09:32:23.000,4041.8000,6998,0,77524080.000,0,-,-,-,-,4041.6000,4041.4000,4039.6000,4039.2000,4039.0000,4042.8000,4043.0000,4043.2000,4044.6000,4045.0000,1,1,1,1,1,1,1,2,1,11
SF,IF2009,2020-02-18 09:32:23.500,4041.8000,6998,0,77524080.000,0,-,-,-,-,4041.6000,4039.6000,4039.2000,4039.0000,4038.8000,4043.0000,4044.6000,4045.0000,4046.0000,4047.0000,1,1,1,1,1,1,1,11,1,1
SF,IF2009,2020-02-18 09:32:24.000,4041.8000,6998,0,77524080.000,0,-,-,-,-,4041.6000,4039.6000,4039.2000,4039.0000,4038.8000,4042.8000,4043.0000,4044.6000,4045.0000,4046.0000,1,1,1,1,1,1,1,1,11,1
SF,IF2009,2020-02-18 09:32:24.500,4041.8000,6998,0,77524080.000,0,-,-,-,-,4041.6000,4039.6000,4039.2000,4039.0000,4038.8000,4043.0000,4043.6000,4044.6000,4045.0000,4046.0000,1,1,1,1,1,1,1,1,11,1
SF,IF2009,2020-02-18 09:32:25.000,4041.8000,6998,0,77524080.000,0,-,-,-,-,4041.6000,4039.6000,4039.2000,4039.0000,4038.8000,4042.8000,4043.0000,4043.6000,4044.6000,4045.0000,1,1,1,1,1,1,1,1,1,11
SF,IF2009,2020-02-18 09:32:26.000,4041.8000,6998,0,77524080.000,0,-,-,-,-,4041.6000,4039.6000,4039.2000,4039.0000,4038.8000,4042.8000,4043.0000,4044.6000,4045.0000,4046.0000,1,1,1,1,1,1,1,1,11,1
SF,IF2009,2020-02-18 09:32:27.500,4041.8000,6998,0,77524080.000,0,-,-,-,-,4039.6000,4039.2000,4039.0000,4038.8000,4038.6000,4042.8000,4043.0000,4044.6000,4045.0000,4046.0000,1,1,1,1,1,1,1,1,11,1
SF,IF2009,2020-02-18 09:32:28.000,4041.8000,6998,0,77524080.000,0,-,-,-,-,4040.2000,4040.0000,4039.8000,4039.6000,4039.2000,4042.8000,4044.6000,4045.0000,4046.0000,4047.0000,1,1,2,1,1,1,1,11,1,1
SF,IF2009,2020-02-18 09:32:28.500,4041.8000,6998,0,77524080.000,0,-,-,-,-,4040.6000,4040.4000,4040.2000,4040.0000,4039.6000,4042.8000,4044.6000,4045.0000,4046.0000,4047.0000,1,2,1,1,1,1,1,11,1,1
SF,IF2009,2020-02-18 09:32:29.000,4041.8000,6998,0,77524080.000,0,-,-,-,-,4041.0000,4040.8000,4040.6000,4040.4000,4039.6000,4042.8000,4044.6000,4045.0000,4046.0000,4047.0000,1,1,1,1,1,1,1,11,1,1
SF,IF2009,2020-02-18 09:32:30.500,4041.8000,6998,0,77524080.000,0,-,-,-,-,4040.8000,4040.6000,4040.4000,4039.6000,4039.2000,4042.8000,4044.6000,4045.0000,4046.0000,4047.0000,1,1,1,1,1,1,1,11,1,1
SF,IF2009,2020-02-18 09:32:31.000,4041.8000,6998,0,77524080.000,0,-,-,-,-,4041.0000,4040.8000,4040.6000,4039.6000,4039.2000,4042.8000,4044.6000,4045.0000,4046.0000,4047.0000,2,1,1,1,1,1,1,11,1,1
SF,IF2009,2020-02-18 09:32:31.500,4041.8000,6998,0,77524080.000,0,-,-,-,-,4041.0000,4040.8000,4040.6000,4039.6000,4039.2000,4042.8000,4044.6000,4045.0000,4046.0000,4047.0000,2,1,1,1,1,1,1,11,1,1
SF,IF2009,2020-02-18 09:32:32.000,4041.8000,6998,0,77524080.000,0,-,-,-,-,4041.2000,4041.0000,4040.8000,4039.6000,4039.2000,4042.8000,4044.6000,4045.0000,4046.0000,4047.0000,1,2,1,1,1,1,1,11,1,1
SF,IF2009,2020-02-18 09:32:32.500,4041.8000,6998,0,77524080.000,0,-,-,-,-,4041.4000,4041.2000,4041.0000,4040.8000,4039.6000,4042.8000,4044.6000,4045.0000,4046.0000,4047.0000,1,1,1,1,1,1,1,11,1,1
SF,IF2009,2020-02-18 09:32:34.500,4041.8000,6998,0,77524080.000,0,-,-,-,-,4041.6000,4041.4000,4041.0000,4040.8000,4039.6000,4042.8000,4044.6000,4045.0000,4046.0000,4047.0000,1,1,1,1,1,1,1,11,1,1
SF,IF2009,2020-02-18 09:32:35.000,4041.8000,6998,0,77524080.000,0,-,-,-,-,4041.6000,4041.0000,4040.8000,4039.6000,4039.2000,4042.8000,4044.6000,4045.0000,4046.0000,4047.0000,1,1,1,1,1,1,1,11,1,1
SF,IF2009,2020-02-18 09:32:36.000,4041.8000,6998,0,77524080.000,0,-,-,-,-,4041.6000,4041.0000,4040.8000,4039.6000,4039.2000,4042.8000,4044.6000,4046.0000,4047.0000,4050.0000,1,1,1,1,1,1,1,1,1,14
SF,IF2009,2020-02-18 09:32:36.500,4041.8000,6998,0,77524080.000,0,-,-,-,-,4041.6000,4041.0000,4040.8000,4039.6000,4039.2000,4042.8000,4044.6000,4046.0000,4047.0000,4050.0000,1,1,1,1,1,1,1,1,1,14
SF,IF2009,2020-02-18 09:32:37.000,4041.8000,6998,0,77524080.000,0,-,-,-,-,4041.6000,4041.0000,4040.8000,4040.0000,4039.6000,4042.8000,4044.6000,4046.0000,4047.0000,4050.0000,1,1,1,1,1,1,1,1,1,14
SF,IF2009,2020-02-18 09:32:37.500,4041.8000,6998,0,77524080.000,0,-,-,-,-,4041.6000,4041.0000,4040.8000,4040.0000,4039.6000,4042.8000,4044.6000,4046.0000,4047.0000,4050.0000,1,1,1,1,1,1,1,1,1,14
SF,IF2009,2020-02-18 09:32:39.500,4041.6000,6997,-1,78736560.000,1,0,1,双平,S,4041.0000,4040.8000,4040.0000,4039.6000,4039.2000,4042.8000,4044.6000,4046.0000,4047.0000,4050.0000,1,1,1,1,1,1,1,1,1,14
SF,IF2009,2020-02-18 09:32:40.000,4041.6000,6997,0,78736560.000,0,-,-,-,-,4040.8000,4040.0000,4039.6000,4039.2000,4039.0000,4042.8000,4044.6000,4046.0000,4047.0000,4050.0000,1,1,1,1,1,1,1,1,1,14
SF,IF2009,2020-02-18 09:32:40.500,4041.6000,6997,0,78736560.000,0,-,-,-,-,4040.8000,4040.0000,4039.6000,4039.2000,4039.0000,4042.6000,4042.8000,4044.6000,4046.0000,4047.0000,1,1,1,1,1,1,1,1,1,1
SF,IF2009,2020-02-18 09:32:42.500,4041.6000,6997,0,78736560.000,0,-,-,-,-,4040.8000,4040.0000,4039.6000,4039.2000,4039.0000,4042.8000,4044.6000,4046.0000,4047.0000,4050.0000,1,1,1,1,1,1,1,1,1,14
SF,IF2009,2020-02-18 09:32:43.000,4041.6000,6997,0,78736560.000,0,-,-,-,-,4041.0000,4040.8000,4040.0000,4039.6000,4039.2000,4042.8000,4044.6000,4046.0000,4047.0000,4050.0000,1,1,1,1,1,1,1,1,1,14
SF,IF2009,2020-02-18 09:32:43.500,4041.6000,6997,0,78736560.000,0,-,-,-,-,4040.8000,4040.0000,4039.6000,4039.2000,4039.0000,4042.8000,4044.6000,4046.0000,4047.0000,4050.0000,1,1,1,1,1,1,1,1,1,14
SF,IF2009,2020-02-18 09:32:44.000,4041.6000,6997,0,78736560.000,0,-,-,-,-,4041.0000,4040.8000,4040.0000,4039.6000,4039.2000,4042.8000,4044.6000,4046.0000,4047.0000,4050.0000,1,1,1,1,1,1,1,1,1,14
SF,IF2009,2020-02-18 09:32:45.500,4041.6000,6997,0,78736560.000,0,-,-,-,-,4040.8000,4040.0000,4039.6000,4039.2000,4039.0000,4042.8000,4044.6000,4046.0000,4047.0000,4050.0000,1,1,1,1,1,1,1,1,1,14
SF,IF2009,2020-02-18 09:32:46.000,4041.6000,6997,0,78736560.000,0,-,-,-,-,4040.8000,4040.0000,4039.6000,4039.2000,4039.0000,4042.6000,4042.8000,4044.6000,4046.0000,4047.0000,1,1,1,1,1,1,1,1,1,1
SF,IF2009,2020-02-18 09:32:46.500,4041.6000,6997,0,78736560.000,0,-,-,-,-,4041.0000,4040.8000,4040.0000,4039.6000,4039.2000,4042.8000,4044.6000,4046.0000,4047.0000,4050.0000,1,1,1,1,1,1,1,1,1,14
SF,IF2009,2020-02-18 09:32:47.000,4041.6000,6997,0,78736560.000,0,-,-,-,-,4041.2000,4041.0000,4040.8000,4040.0000,4039.6000,4042.0000,4042.8000,4044.6000,4046.0000,4047.0000,1,1,1,1,1,1,1,1,1,1
SF,IF2009,2020-02-18 09:32:47.500,4041.6000,6997,0,78736560.000,0,-,-,-,-,4040.0000,4039.6000,4039.2000,4039.0000,4038.6000,4042.0000,4042.8000,4044.6000,4046.0000,4047.0000,1,1,1,1,1,1,1,1,1,1
SF,IF2009,2020-02-18 09:32:48.000,4041.6000,6997,0,78736560.000,0,-,-,-,-,4040.6000,4040.2000,4040.0000,4039.6000,4039.2000,4042.0000,4042.8000,4044.6000,4046.0000,4047.0000,1,3,1,1,1,1,1,1,1,1
SF,IF2009,2020-02-18 09:32:48.500,4041.6000,6997,0,78736560.000,0,-,-,-,-,4040.8000,4040.6000,4040.2000,4040.0000,4039.6000,4042.0000,4042.8000,4044.6000,4046.0000,4047.0000,1,1,2,1,1,1,1,1,1,1
SF,IF2009,2020-02-18 09:32:49.000,4041.6000,6997,0,78736560.000,0,-,-,-,-,4040.8000,4040.6000,4040.4000,4040.2000,4040.0000,4042.0000,4042.8000,4044.6000,4046.0000,4047.0000,1,1,1,1,1,1,1,1,1,1
SF,IF2009,2020-02-18 09:32:49.500,4041.6000,6997,0,78736560.000,0,-,-,-,-,4040.8000,4040.6000,4040.4000,4040.2000,4040.0000,4042.0000,4042.8000,4044.6000,4046.0000,4047.0000,1,1,1,1,1,1,1,1,1,1
SF,IF2009,2020-02-18 09:32:50.000,4041.6000,6997,0,78736560.000,0,-,-,-,-,4040.8000,4040.6000,4040.4000,4040.2000,4040.0000,4042.0000,4042.8000,4044.6000,4046.0000,4047.0000,1,1,1,1,1,1,1,1,1,1
SF,IF2009,2020-02-18 09:32:51.500,4041.6000,6997,0,78736560.000,0,-,-,-,-,4041.0000,4040.8000,4040.6000,4040.4000,4040.2000,4042.0000,4042.8000,4044.6000,4046.0000,4047.0000,1,1,1,1,1,1,1,1,1,1
SF,IF2009,2020-02-18 09:32:52.000,4041.6000,6997,0,78736560.000,0,-,-,-,-,4041.0000,4040.8000,4040.2000,4040.0000,4039.6000,4042.0000,4042.8000,4044.6000,4046.0000,4047.0000,1,1,1,1,1,1,1,1,1,1
SF,IF2009,2020-02-18 09:32:52.500,4041.6000,6997,0,78736560.000,0,-,-,-,-,4041.2000,4041.0000,4040.8000,4040.2000,4040.0000,4042.0000,4042.8000,4044.6000,4046.0000,4047.0000,1,1,1,1,1,1,1,1,1,1
SF,IF2009,2020-02-18 09:32:53.500,4042.0000,6996,-1,79949160.000,1,0,1,双平,S,4041.2000,4040.8000,4040.2000,4040.0000,4039.6000,4042.8000,4044.6000,4046.0000,4047.0000,4050.0000,1,1,1,1,1,1,1,1,1,14
SF,IF2009,2020-02-18 09:32:54.000,4042.0000,6996,0,79949160.000,0,-,-,-,-,4041.4000,4041.2000,4040.2000,4040.0000,4039.6000,4042.8000,4044.6000,4046.0000,4047.0000,4050.0000,2,1,1,1,1,1,1,1,1,14
SF,IF2009,2020-02-18 09:32:54.500,4042.0000,6996,0,79949160.000,0,-,-,-,-,4041.6000,4041.4000,4040.2000,4040.0000,4039.6000,4042.8000,4044.6000,4046.0000,4047.0000,4050.0000,1,1,1,1,1,1,1,1,1,14
SF,IF2009,2020-02-18 09:32:55.000,4042.8000,6995,-1,81162000.000,1,0,1,双平,S,4042.4000,4040.2000,4040.0000,4039.6000,4039.2000,4044.6000,4046.0000,4047.0000,4050.0000,4051.2000,1,1,1,1,1,1,1,1,14,1
SF,IF2009,2020-02-18 09:32:55.500,4042.6000,6996,1,82374780.000,1,1,0,双开,S,4042.4000,4040.6000,4040.0000,4039.6000,4039.2000,4044.4000,4044.6000,4046.0000,4047.0000,4050.0000,1,1,1,1,1,1,1,1,1,14
SF,IF2009,2020-02-18 09:32:56.000,4042.6000,6996,0,82374780.000,0,-,-,-,-,4042.6000,4042.4000,4040.6000,4040.0000,4039.6000,4044.4000,4044.6000,4046.0000,4047.0000,4050.0000,1,1,1,1,1,1,1,1,1,14
SF,IF2009,2020-02-18 09:32:56.500,4042.6000,6996,0,82374780.000,0,-,-,-,-,4042.6000,4042.4000,4041.8000,4040.0000,4039.6000,4044.4000,4044.6000,4046.0000,4047.0000,4050.0000,1,1,1,1,1,1,1,1,1,14
SF,IF2009,2020-02-18 09:32:57.500,4042.6000,6996,0,82374780.000,0,-,-,-,-,4042.6000,4042.4000,4041.8000,4040.0000,4039.6000,4044.4000,4044.6000,4046.0000,4047.0000,4050.0000,1,1,1,1,1,1,1,1,1,14
SF,IF2009,2020-02-18 09:32:58.000,4042.6000,6996,0,82374780.000,0,-,-,-,-,4042.6000,4042.4000,4040.0000,4039.6000,4039.2000,4044.4000,4044.6000,4046.0000,4047.0000,4050.0000,1,1,1,1,1,1,1,1,1,14
SF,IF2009,2020-02-18 09:32:59.000,4042.6000,6996,0,82374780.000,0,-,-,-,-,4042.4000,4040.0000,4039.6000,4039.2000,4039.0000,4044.4000,4044.6000,4046.0000,4047.0000,4050.0000,1,1,1,1,1,1,1,1,1,14
SF,IF2009,2020-02-18 09:32:59.500,4042.6000,6996,0,82374780.000,0,-,-,-,-,4042.4000,4040.0000,4039.6000,4039.2000,4039.0000,4044.2000,4044.4000,4044.6000,4046.0000,4047.0000,1,1,1,1,1,1,1,1,2,1
SF,IF2009,2020-02-18 09:33:00.000,4042.6000,6996,0,82374780.000,0,-,-,-,-,4040.0000,4039.6000,4039.2000,4039.0000,4038.6000,4044.0000,4044.6000,4046.0000,4047.0000,4050.0000,1,1,1,1,1,1,1,2,1,14
SF,IF2009,2020-02-18 09:33:00.500,4042.6000,6996,0,82374780.000,0,-,-,-,-,4041.4000,4040.2000,4040.0000,4039.6000,4039.2000,4044.0000,4044.6000,4046.0000,4047.0000,4050.0000,1,1,1,1,1,1,1,2,1,14
SF,IF2009,2020-02-18 09:33:01.000,4042.6000,6996,0,82374780.000,0,-,-,-,-,4042.6000,4041.4000,4040.2000,4040.0000,4039.6000,4044.0000,4044.6000,4046.0000,4047.0000,4050.0000,1,1,1,1,1,1,1,2,1,14
SF,IF2009,2020-02-18 09:33:02.000,4042.6000,6996,0,82374780.000,0,-,-,-,-,4042.6000,4041.4000,4040.2000,4040.0000,4039.6000,4044.0000,4044.6000,4046.0000,4047.0000,4050.0000,1,1,1,1,1,1,1,1,1,14
SF,IF2009,2020-02-18 09:33:05.000,4042.6000,6996,0,82374780.000,0,-,-,-,-,4042.8000,4042.6000,4041.4000,4040.2000,4040.0000,4044.0000,4044.6000,4046.0000,4047.0000,4050.0000,1,1,1,1,1,1,1,1,1,14
SF,IF2009,2020-02-18 09:33:05.500,4042.6000,6996,0,82374780.000,0,-,-,-,-,4042.6000,4040.2000,4040.0000,4039.6000,4039.2000,4044.6000,4046.0000,4047.0000,4050.0000,4056.2000,1,1,1,1,1,1,1,1,14,1
SF,IF2009,2020-02-18 09:33:06.000,4042.6000,6996,0,82374780.000,0,-,-,-,-,4042.8000,4042.6000,4040.2000,4040.0000,4039.6000,4044.6000,4046.0000,4047.0000,4050.0000,4056.2000,2,1,1,1,1,1,1,1,14,1
SF,IF2009,2020-02-18 09:33:07.000,4042.6000,6996,0,82374780.000,0,-,-,-,-,4042.8000,4040.2000,4040.0000,4039.6000,4039.2000,4044.6000,4046.0000,4047.0000,4050.0000,4056.2000,1,1,1,1,1,1,1,1,14,1
SF,IF2009,2020-02-18 09:33:08.500,4042.6000,6996,0,82374780.000,0,-,-,-,-,4042.8000,4041.0000,4040.2000,4040.0000,4039.6000,4044.6000,4046.0000,4047.0000,4050.0000,4056.2000,1,1,1,1,1,1,1,1,14,1
SF,IF2009,2020-02-18 09:33:09.000,4042.6000,6996,0,82374780.000,0,-,-,-,-,4042.8000,4042.2000,4041.0000,4040.2000,4040.0000,4044.4000,4044.6000,4046.0000,4047.0000,4050.0000,1,1,1,1,1,1,1,1,1,14
SF,IF2009,2020-02-18 09:33:09.500,4042.6000,6996,0,82374780.000,0,-,-,-,-,4042.8000,4042.2000,4041.0000,4040.2000,4040.0000,4044.2000,4044.4000,4046.0000,4047.0000,4050.0000,1,1,1,1,1,1,1,1,1,14
SF,IF2009,2020-02-18 09:33:10.000,4042.6000,6996,0,82374780.000,0,-,-,-,-,4042.8000,4042.2000,4041.0000,4040.2000,4040.0000,4044.4000,4046.0000,4047.0000,4050.0000,4056.2000,1,1,1,1,1,1,1,1,14,1
SF,IF2009,2020-02-18 09:33:10.500,4042.6000,6996,0,82374780.000,0,-,-,-,-,4043.0000,4042.8000,4042.2000,4041.0000,4040.2000,4044.4000,4046.0000,4047.0000,4050.0000,4056.2000,1,1,1,1,1,1,1,1,14,1
SF,IF2009,2020-02-18 09:33:11.000,4042.6000,6996,0,82374780.000,0,-,-,-,-,4042.2000,4041.0000,4040.2000,4040.0000,4039.6000,4044.4000,4046.0000,4047.0000,4050.0000,4056.2000,1,1,1,1,1,1,1,1,14,1
SF,IF2009,2020-02-18 09:33:11.500,4042.6000,6996,0,82374780.000,0,-,-,-,-,4042.4000,4042.2000,4041.0000,4040.2000,4040.0000,4044.4000,4046.0000,4047.0000,4050.0000,4056.2000,1,1,1,1,1,1,1,1,14,1
SF,IF2009,2020-02-18 09:33:12.000,4042.6000,6996,0,82374780.000,0,-,-,-,-,4042.2000,4041.0000,4040.2000,4040.0000,4039.6000,4044.2000,4044.4000,4046.0000,4047.0000,4050.0000,1,1,1,1,1,1,1,1,1,14
SF,IF2009,2020-02-18 09:33:12.500,4042.6000,6996,0,82374780.000,0,-,-,-,-,4042.4000,4042.2000,4041.0000,4040.2000,4040.0000,4044.0000,4046.0000,4047.0000,4050.0000,4056.2000,1,1,1,1,1,1,1,1,14,1
SF,IF2009,2020-02-18 09:33:13.000,4042.6000,6996,0,82374780.000,0,-,-,-,-,4042.6000,4042.2000,4041.0000,4040.2000,4040.0000,4044.0000,4046.0000,4047.0000,4050.0000,4056.2000,1,1,1,1,1,1,1,1,14,1
SF,IF2009,2020-02-18 09:33:13.500,4044.0000,6995,-1,83587980.000,1,0,1,双平,S,4042.6000,4042.2000,4041.0000,4040.2000,4040.0000,4046.0000,4047.0000,4050.0000,4056.2000,4056.4000,1,1,1,1,1,1,1,14,1,1
SF,IF2009,2020-02-18 09:33:14.000,4044.0000,6995,0,83587980.000,0,-,-,-,-,4042.2000,4041.0000,4040.2000,4040.0000,4039.6000,4044.6000,4045.6000,4045.8000,4046.0000,4047.0000,1,1,1,1,1,1,1,1,1,1
SF,IF2009,2020-02-18 09:33:14.500,4044.0000,6995,0,83587980.000,0,-,-,-,-,4042.4000,4042.2000,4041.0000,4040.2000,4040.0000,4044.6000,4045.8000,4046.0000,4047.0000,4050.0000,2,1,1,1,1,1,1,1,1,14
SF,IF2009,2020-02-18 09:33:15.000,4044.0000,6995,0,83587980.000,0,-,-,-,-,4042.4000,4042.2000,4041.0000,4040.2000,4040.0000,4044.6000,4045.8000,4046.0000,4047.0000,4050.0000,1,1,1,1,1,1,1,1,1,14
SF,IF2009,2020-02-18 09:33:15.500,4044.0000,6995,0,83587980.000,0,-,-,-,-,4042.2000,4040.2000,4040.0000,4039.6000,4039.2000,4044.6000,4045.8000,4046.0000,4047.0000,4050.0000,1,1,1,1,1,1,1,1,1,14
SF,IF2009,2020-02-18 09:33:16.000,4044.0000,6995,0,83587980.000,0,-,-,-,-,4043.0000,4042.4000,4042.2000,4040.2000,4040.0000,4044.4000,4044.6000,4045.8000,4046.0000,4047.0000,1,1,1,1,1,1,1,1,1,1
SF,IF2009,2020-02-18 09:33:16.500,4044.0000,6995,0,83587980.000,0,-,-,-,-,4043.0000,4042.2000,4040.2000,4040.0000,4039.6000,4044.4000,4044.6000,4045.8000,4046.0000,4047.0000,1,1,1,2,1,1,1,1,1,1
SF,IF2009,2020-02-18 09:33:17.000,4044.0000,6995,0,83587980.000,0,-,-,-,-,4043.0000,4042.2000,4040.2000,4040.0000,4039.6000,4044.4000,4044.6000,4045.8000,4046.0000,4047.0000,1,2,1,2,1,1,1,1,1,1
SF,IF2009,2020-02-18 09:33:17.500,4044.0000,6995,0,83587980.000,0,-,-,-,-,4043.0000,4042.2000,4040.2000,4040.0000,4039.6000,4044.6000,4045.8000,4046.0000,4047.0000,4050.0000,1,2,1,2,1,1,1,1,1,14
SF,IF2009,2020-02-18 09:33:18.000,4044.0000,6995,0,83587980.000,0,-,-,-,-,4043.0000,4042.2000,4040.2000,4040.0000,4039.6000,4044.4000,4044.6000,4045.8000,4046.0000,4047.0000,1,2,1,2,1,1,1,1,1,1
SF,IF2009,2020-02-18 09:33:18.500,4043.0000,6995,0,84800880.000,1,0,1,多换,S,4042.2000,4040.2000,4040.0000,4039.6000,4039.2000,4044.4000,4044.6000,4045.8000,4046.0000,4047.0000,2,1,2,1,1,1,1,1,1,1
SF,IF2009,2020-02-18 09:33:19.000,4043.0000,6995,0,84800880.000,0,-,-,-,-,4042.2000,4040.2000,4040.0000,4039.6000,4039.2000,4044.2000,4044.4000,4044.6000,4045.8000,4046.0000,2,1,2,1,1,1,1,1,1,1
SF,IF2009,2020-02-18 09:33:19.500,4043.0000,6995,0,84800880.000,0,-,-,-,-,4042.2000,4040.2000,4040.0000,4039.6000,4039.2000,4044.0000,4044.2000,4044.6000,4045.8000,4046.0000,2,1,2,1,1,1,1,1,1,1
SF,IF2009,2020-02-18 09:33:21.500,4043.0000,6995,0,84800880.000,0,-,-,-,-,4042.4000,4042.2000,4040.2000,4040.0000,4039.6000,4044.0000,4044.2000,4044.6000,4045.8000,4046.0000,1,2,1,2,1,1,1,1,1,1
SF,IF2009,2020-02-18 09:33:22.000,4043.0000,6995,0,84800880.000,0,-,-,-,-,4042.2000,4040.2000,4040.0000,4039.6000,4039.2000,4043.8000,4044.2000,4044.6000,4045.8000,4046.0000,2,1,2,1,1,1,1,1,1,1
SF,IF2009,2020-02-18 09:33:22.500,4043.0000,6995,0,84800880.000,0,-,-,-,-,4042.2000,4040.2000,4040.0000,4039.6000,4039.2000,4044.2000,4044.6000,4045.8000,4046.0000,4047.0000,2,1,2,1,1,1,1,1,1,1
SF,IF2009,2020-02-18 09:33:23.000,4043.0000,6995,0,84800880.000,0,-,-,-,-,4042.2000,4040.2000,4040.0000,4039.6000,4039.2000,4044.0000,4044.2000,4044.6000,4045.8000,4046.0000,2,1,2,1,1,1,1,1,1,1
SF,IF2009,2020-02-18 09:33:25.500,4044.0000,6995,0,86014080.000,1,0,1,多换,S,4042.2000,4040.2000,4040.0000,4039.6000,4039.2000,4044.2000,4044.6000,4045.8000,4046.0000,4047.0000,2,1,2,1,1,1,1,1,1,1
SF,IF2009,2020-02-18 09:33:26.500,4042.2000,6994,-1,88439400.000,2,0,2,多平,S,4040.2000,4040.0000,4039.6000,4039.2000,4039.0000,4044.2000,4044.6000,4045.8000,4046.0000,4047.0000,1,2,1,1,1,1,1,1,1,1
SF,IF2009,2020-02-18 09:33:27.000,4042.2000,6994,0,88439400.000,0,-,-,-,-,4040.6000,4040.4000,4040.2000,4040.0000,4039.6000,4044.0000,4044.2000,4044.6000,4046.0000,4047.0000,1,1,1,2,1,2,1,1,1,1
SF,IF2009,2020-02-18 09:33:27.500,4042.2000,6994,0,88439400.000,0,-,-,-,-,4040.8000,4040.6000,4040.4000,4040.0000,4039.6000,4043.8000,4044.0000,4044.6000,4046.0000,4047.0000,1,1,1,2,1,1,2,1,1,1
SF,IF2009,2020-02-18 09:33:28.000,4042.2000,6994,0,88439400.000,0,-,-,-,-,4040.8000,4040.6000,4040.0000,4039.6000,4039.2000,4043.6000,4043.8000,4044.0000,4044.6000,4046.0000,1,1,2,1,1,1,2,1,1,1
SF,IF2009,2020-02-18 09:33:28.500,4042.2000,6994,0,88439400.000,0,-,-,-,-,4040.8000,4040.0000,4039.6000,4039.2000,4039.0000,4043.4000,4043.6000,4043.8000,4044.0000,4044.6000,1,2,1,1,1,1,1,1,1,1
SF,IF2009,2020-02-18 09:33:29.000,4042.2000,6994,0,88439400.000,0,-,-,-,-,4040.8000,4040.0000,4039.6000,4039.2000,4039.0000,4043.4000,4043.6000,4043.8000,4044.0000,4044.6000,1,2,1,1,1,1,1,1,1,1
SF,IF2009,2020-02-18 09:33:29.500,4042.2000,6994,0,88439400.000,0,-,-,-,-,4040.8000,4040.0000,4039.6000,4039.2000,4039.0000,4043.4000,4043.6000,4044.0000,4044.6000,4046.0000,1,2,1,1,1,1,1,1,1,1
SF,IF2009,2020-02-18 09:33:30.000,4042.2000,6994,0,88439400.000,0,-,-,-,-,4041.0000,4040.8000,4040.0000,4039.6000,4039.2000,4043.4000,4043.6000,4044.0000,4044.6000,4046.0000,1,1,2,1,1,1,1,1,1,1
SF,IF2009,2020-02-18 09:33:31.000,4042.2000,6994,0,88439400.000,0,-,-,-,-,4041.2000,4041.0000,4040.8000,4040.0000,4039.6000,4043.4000,4043.6000,4044.0000,4044.6000,4046.0000,3,1,1,2,1,1,1,1,1,1
SF,IF2009,2020-02-18 09:33:31.500,4042.2000,6994,0,88439400.000,0,-,-,-,-,4041.2000,4041.0000,4040.8000,4040.0000,4039.6000,4043.4000,4044.0000,4044.6000,4046.0000,4047.0000,1,1,1,2,1,1,1,1,1,1
SF,IF2009,2020-02-18 09:33:32.000,4042.2000,6994,0,88439400.000,0,-,-,-,-,4041.2000,4040.8000,4040.0000,4039.6000,4039.2000,4043.4000,4044.0000,4044.6000,4046.0000,4047.0000,1,1,2,1,1,1,1,1,1,1
SF,IF2009,2020-02-18 09:33:32.500,4042.2000,6994,0,88439400.000,0,-,-,-,-,4041.2000,4040.0000,4039.6000,4039.2000,4039.0000,4043.2000,4044.0000,4044.6000,4046.0000,4047.0000,1,2,1,1,1,1,1,1,1,1
SF,IF2009,2020-02-18 09:33:34.000,4042.2000,6994,0,88439400.000,0,-,-,-,-,4040.0000,4039.6000,4039.2000,4039.0000,4038.6000,4043.2000,4044.0000,4044.6000,4046.0000,4047.0000,2,1,1,1,1,1,1,1,1,1
SF,IF2009,2020-02-18 09:33:34.500,4042.2000,6994,0,88439400.000,0,-,-,-,-,4041.8000,4040.2000,4040.0000,4039.6000,4039.2000,4043.2000,4044.0000,4044.6000,4045.8000,4046.0000,1,1,2,1,1,1,1,1,1,1
SF,IF2009,2020-02-18 09:33:35.000,4042.2000,6994,0,88439400.000,0,-,-,-,-,4041.8000,4040.0000,4039.6000,4039.2000,4039.0000,4043.2000,4044.0000,4044.6000,4045.8000,4046.0000,1,2,1,1,1,1,1,1,1,1
SF,IF2009,2020-02-18 09:33:35.500,4041.8000,6994,0,89651940.000,1,0,1,多换,S,4040.0000,4039.6000,4039.2000,4039.0000,4038.6000,4043.2000,4044.0000,4044.6000,4045.8000,4046.0000,2,1,1,1,1,1,1,1,1,1
SF,IF2009,2020-02-18 09:33:36.000,4041.8000,6994,0,89651940.000,0,-,-,-,-,4040.4000,4040.2000,4040.0000,4039.6000,4039.2000,4043.2000,4044.0000,4044.6000,4045.8000,4046.0000,2,1,2,1,1,1,1,1,1,1
SF,IF2009,2020-02-18 09:33:36.500,4041.8000,6994,0,89651940.000,0,-,-,-,-,4040.2000,4040.0000,4039.6000,4039.2000,4039.0000,4043.0000,4043.2000,4044.0000,4044.6000,4045.8000,1,2,1,1,1,1,1,1,1,1
SF,IF2009,2020-02-18 09:33:37.500,4041.8000,6994,0,89651940.000,0,-,-,-,-,4040.2000,4040.0000,4039.6000,4039.2000,4039.0000,4043.0000,4043.2000,4044.0000,4044.6000,4045.8000,1,2,1,1,1,1,1,1,1,1
SF,IF2009,2020-02-18 09:33:38.000,4041.8000,6994,0,89651940.000,0,-,-,-,-,4040.6000,4040.4000,4040.2000,4040.0000,4039.6000,4043.0000,4043.2000,4044.0000,4044.6000,4045.8000,1,2,1,2,1,1,1,1,1,1
SF,IF2009,2020-02-18 09:33:38.500,4041.8000,6994,0,89651940.000,0,-,-,-,-,4040.2000,4040.0000,4039.6000,4039.2000,4039.0000,4043.0000,4043.2000,4044.0000,4044.6000,4045.8000,1,2,1,1,1,1,1,1,1,1
SF,IF2009,2020-02-18 09:33:39.000,4041.8000,6994,0,89651940.000,0,-,-,-,-,4040.4000,4040.2000,4040.0000,4039.6000,4039.2000,4043.0000,4044.0000,4044.6000,4045.8000,4046.0000,2,1,2,1,1,1,1,1,1,1
SF,IF2009,2020-02-18 09:33:39.500,4041.8000,6994,0,89651940.000,0,-,-,-,-,4040.6000,4040.4000,4040.0000,4039.6000,4039.2000,4043.0000,4044.0000,4044.6000,4045.8000,4046.0000,1,2,2,1,1,1,1,1,1,1
SF,IF2009,2020-02-18 09:33:40.000,4041.8000,6994,0,89651940.000,0,-,-,-,-,4040.6000,4040.0000,4039.6000,4039.2000,4039.0000,4043.0000,4044.0000,4044.6000,4045.8000,4046.0000,1,2,1,1,1,1,1,1,1,1
SF,IF2009,2020-02-18 09:33:40.500,4041.8000,6994,0,89651940.000,0,-,-,-,-,4043.0000,4040.8000,4040.6000,4040.0000,4039.6000,4044.0000,4044.6000,4045.8000,4046.0000,4047.0000,1,2,1,2,1,1,1,1,1,1
SF,IF2009,2020-02-18 09:33:41.000,4043.0000,6994,0,90864840.000,1,0,1,多换,S,4040.0000,4039.6000,4039.2000,4039.0000,4038.6000,4042.2000,4044.0000,4044.6000,4045.8000,4046.0000,2,1,1,1,1,1,1,1,1,1
SF,IF2009,2020-02-18 09:33:41.500,4042.2000,6993,-1,92077500.000,1,0,1,双平,S,4040.4000,4040.2000,4040.0000,4039.6000,4039.2000,4044.0000,4044.6000,4045.8000,4046.0000,4047.0000,2,2,2,1,1,1,1,1,1,1
SF,IF2009,2020-02-18 09:33:42.000,4042.2000,6993,0,92077500.000,0,-,-,-,-,4040.6000,4040.2000,4040.0000,4039.6000,4039.2000,4043.8000,4044.0000,4044.6000,4045.8000,4046.0000,1,2,2,1,1,1,1,1,1,1
SF,IF2009,2020-02-18 09:33:42.500,4042.2000,6993,0,92077500.000,0,-,-,-,-,4040.2000,4040.0000,4039.6000,4039.2000,4039.0000,4043.8000,4044.0000,4044.6000,4045.8000,4046.0000,1,2,1,1,1,1,1,1,1,1
SF,IF2009,2020-02-18 09:33:43.000,4042.2000,6993,0,92077500.000,0,-,-,-,-,4040.2000,4040.0000,4039.6000,4039.2000,4039.0000,4043.8000,4044.0000,4044.6000,4045.8000,4046.0000,1,2,1,1,1,2,1,1,1,1
SF,IF2009,2020-02-18 09:33:43.500,4042.2000,6993,0,92077500.000,0,-,-,-,-,4040.2000,4040.0000,4039.6000,4039.2000,4039.0000,4043.8000,4044.0000,4044.6000,4045.8000,4046.0000,1,2,1,1,1,2,1,1,1,1
SF,IF2009,2020-02-18 09:33:44.500,4042.2000,6993,0,92077500.000,0,-,-,-,-,4040.2000,4040.0000,4039.6000,4039.2000,4039.0000,4043.8000,4044.0000,4044.6000,4045.8000,4046.0000,1,2,1,1,1,1,1,1,1,1
SF,IF2009,2020-02-18 09:33:45.000,4042.2000,6993,0,92077500.000,0,-,-,-,-,4040.2000,4040.0000,4039.6000,4039.2000,4039.0000,4043.6000,4043.8000,4044.0000,4044.6000,4045.8000,1,2,1,1,1,1,1,1,1,1
SF,IF2009,2020-02-18 09:33:45.500,4042.2000,6993,0,92077500.000,0,-,-,-,-,4040.2000,4040.0000,4039.6000,4039.2000,4039.0000,4043.4000,4043.6000,4044.0000,4044.6000,4045.8000,1,2,1,1,1,1,1,1,1,1
SF,IF2009,2020-02-18 09:33:46.000,4042.2000,6993,0,92077500.000,0,-,-,-,-,4040.6000,4040.4000,4040.2000,4040.0000,4039.6000,4043.6000,4044.0000,4044.6000,4045.8000,4046.0000,2,1,1,2,1,1,1,1,1,1
SF,IF2009,2020-02-18 09:33:46.500,4042.2000,6993,0,92077500.000,0,-,-,-,-,4040.8000,4040.6000,4040.4000,4040.0000,4039.6000,4044.0000,4044.6000,4045.8000,4046.0000,4047.0000,1,2,1,2,1,1,1,1,1,1
SF,IF2009,2020-02-18 09:33:47.000,4042.2000,6993,0,92077500.000,0,-,-,-,-,4040.8000,4040.6000,4040.4000,4040.0000,4039.6000,4043.8000,4044.0000,4044.6000,4045.8000,4046.0000,1,3,1,2,1,1,1,1,1,1
SF,IF2009,2020-02-18 09:33:47.500,4042.2000,6993,0,92077500.000,0,-,-,-,-,4041.0000,4040.8000,4040.6000,4040.0000,4039.6000,4044.0000,4044.6000,4045.8000,4046.0000,4047.0000,1,1,3,2,1,1,1,1,1,1
SF,IF2009,2020-02-18 09:33:48.000,4042.2000,6993,0,92077500.000,0,-,-,-,-,4041.2000,4041.0000,4040.6000,4040.0000,4039.6000,4044.0000,4044.6000,4045.8000,4046.0000,4047.0000,1,1,3,2,1,1,1,1,1,1
SF,IF2009,2020-02-18 09:33:48.500,4042.2000,6993,0,92077500.000,0,-,-,-,-,4041.2000,4041.0000,4040.6000,4040.0000,4039.6000,4044.0000,4044.6000,4045.8000,4046.0000,4047.0000,1,1,1,2,1,1,1,1,1,1
SF,IF2009,2020-02-18 09:33:49.000,4042.2000,6993,0,92077500.000,0,-,-,-,-,4041.4000,4041.2000,4041.0000,4040.6000,4040.0000,4044.0000,4044.6000,4045.8000,4046.0000,4047.0000,2,1,1,1,2,1,1,1,1,1
SF,IF2009,2020-02-18 09:33:49.500,4042.2000,6993,0,92077500.000,0,-,-,-,-,4041.2000,4040.6000,4040.0000,4039.6000,4039.2000,4044.0000,4044.6000,4045.8000,4046.0000,4047.0000,1,1,2,1,1,1,1,1,1,1
SF,IF2009,2020-02-18 09:33:50.000,4042.2000,6993,0,92077500.000,0,-,-,-,-,4041.4000,4041.2000,4040.6000,4040.0000,4039.6000,4044.0000,4044.6000,4045.8000,4046.0000,4047.0000,1,1,1,2,1,1,1,1,1,1
SF,IF2009,2020-02-18 09:33:50.500,4042.2000,6993,0,92077500.000,0,-,-,-,-,4040.6000,4040.0000,4039.6000,4039.2000,4039.0000,4043.8000,4044.0000,4044.6000,4045.8000,4046.0000,1,2,1,1,1,1,1,1,1,1
SF,IF2009,2020-02-18 09:33:51.000,4042.2000,6993,0,92077500.000,0,-,-,-,-,4041.0000,4040.0000,4039.6000,4039.2000,4039.0000,4043.6000,4043.8000,4044.0000,4044.6000,4045.8000,2,2,1,1,1,2,1,1,1,1
SF,IF2009,2020-02-18 09:33:51.500,4042.2000,6993,0,92077500.000,0,-,-,-,-,4040.0000,4039.6000,4039.2000,4039.0000,4038.6000,4043.4000,4043.6000,4044.0000,4044.6000,4045.8000,2,1,1,1,1,1,2,1,1,1
SF,IF2009,2020-02-18 09:33:52.000,4042.2000,6993,0,92077500.000,0,-,-,-,-,4040.0000,4039.6000,4039.2000,4039.0000,4038.6000,4043.2000,4043.4000,4043.6000,4044.0000,4044.6000,2,1,1,1,1,1,1,1,1,1
SF,IF2009,2020-02-18 09:33:52.500,4042.2000,6993,0,92077500.000,0,-,-,-,-,4040.0000,4039.6000,4039.0000,4038.6000,4037.0000,4043.0000,4043.2000,4043.6000,4044.0000,4044.6000,2,1,1,1,1,1,1,1,1,1
SF,IF2009,2020-02-18 09:33:53.000,4042.2000,6993,0,92077500.000,0,-,-,-,-,4040.0000,4039.6000,4039.0000,4038.6000,4037.0000,4042.8000,4043.0000,4043.6000,4044.0000,4044.6000,2,1,1,1,1,1,1,1,1,1
SF,IF2009,2020-02-18 09:33:53.500,4042.2000,6993,0,92077500.000,0,-,-,-,-,4040.2000,4040.0000,4039.6000,4039.0000,4038.6000,4042.8000,4043.0000,4043.6000,4044.0000,4044.6000,1,2,1,1,1,1,1,1,1,1
SF,IF2009,2020-02-18 09:33:54.500,4042.2000,6993,0,92077500.000,0,-,-,-,-,4040.6000,4040.2000,4040.0000,4039.6000,4039.0000,4042.8000,4043.0000,4043.6000,4044.0000,4044.6000,2,1,2,1,1,1,1,1,1,1
SF,IF2009,2020-02-18 09:33:55.000,4042.2000,6993,0,92077500.000,0,-,-,-,-,4040.2000,4040.0000,4039.6000,4039.0000,4038.6000,4042.8000,4043.0000,4044.0000,4044.6000,4045.8000,1,2,1,1,1,1,1,1,1,1
SF,IF2009,2020-02-18 09:33:55.500,4042.2000,6993,0,92077500.000,0,-,-,-,-,4040.6000,4040.2000,4040.0000,4039.6000,4039.0000,4042.8000,4043.0000,4044.0000,4044.6000,4045.8000,2,2,2,1,1,1,1,1,1,1
SF,IF2009,2020-02-18 09:33:56.000,4042.2000,6993,0,92077500.000,0,-,-,-,-,4040.6000,4040.2000,4040.0000,4039.6000,4039.0000,4042.8000,4044.0000,4044.6000,4045.8000,4046.0000,2,2,2,1,1,1,1,1,1,1
SF,IF2009,2020-02-18 09:33:56.500,4042.2000,6993,0,92077500.000,0,-,-,-,-,4040.6000,4040.2000,4040.0000,4039.6000,4039.0000,4042.8000,4044.0000,4044.6000,4045.8000,4046.0000,1,2,2,1,1,1,1,1,1,1
SF,IF2009,2020-02-18 09:33:58.500,4042.2000,6993,0,92077500.000,0,-,-,-,-,4040.2000,4040.0000,4039.6000,4039.0000,4038.6000,4042.8000,4044.0000,4044.6000,4045.8000,4046.0000,1,2,1,1,1,1,1,1,1,1
SF,IF2009,2020-02-18 09:33:59.000,4042.2000,6993,0,92077500.000,0,-,-,-,-,4041.0000,4040.6000,4040.2000,4040.0000,4039.6000,4044.0000,4044.6000,4045.8000,4046.0000,4047.0000,1,1,1,2,1,1,1,1,1,1
SF,IF2009,2020-02-18 09:33:59.500,4040.6000,6992,-1,93289680.000,1,0,1,双平,S,4040.0000,4039.6000,4039.0000,4038.6000,4037.0000,4043.8000,4044.0000,4044.6000,4045.8000,4046.0000,2,1,1,1,1,1,1,1,1,1
SF,IF2009,2020-02-18 09:34:00.000,4040.6000,6992,0,93289680.000,0,-,-,-,-,4040.4000,4040.2000,4040.0000,4039.6000,4039.0000,4043.4000,4043.6000,4043.8000,4044.0000,4044.6000,1,2,2,1,1,1,1,1,1,1
SF,IF2009,2020-02-18 09:34:00.500,4040.6000,6992,0,93289680.000,0,-,-,-,-,4040.8000,4040.6000,4040.4000,4040.2000,4040.0000,4043.6000,4043.8000,4044.0000,4044.6000,4045.8000,1,1,1,1,2,1,1,1,1,1
SF,IF2009,2020-02-18 09:34:01.000,4040.6000,6992,0,93289680.000,0,-,-,-,-,4041.0000,4040.4000,4040.0000,4039.6000,4039.0000,4043.6000,4043.8000,4044.0000,4044.6000,4045.8000,3,1,2,1,1,1,1,1,1,1
SF,IF2009,2020-02-18 09:34:01.500,4040.6000,6992,0,93289680.000,0,-,-,-,-,4041.0000,4040.0000,4039.6000,4039.0000,4038.6000,4043.6000,4044.0000,4044.6000,4045.8000,4046.0000,4,2,1,1,1,1,1,1,1,1
SF,IF2009,2020-02-18 09:34:02.000,4040.6000,6992,0,93289680.000,0,-,-,-,-,4041.4000,4041.0000,4040.0000,4039.6000,4039.0000,4043.6000,4044.0000,4044.6000,4045.8000,4046.0000,2,2,2,1,1,1,1,1,1,1
SF,IF2009,2020-02-18 09:34:02.500,4040.6000,6992,0,93289680.000,0,-,-,-,-,4041.6000,4041.4000,4041.2000,4040.0000,4039.6000,4043.0000,4043.6000,4044.0000,4044.6000,4045.8000,1,2,1,2,1,5,1,1,1,1
SF,IF2009,2020-02-18 09:34:03.000,4040.6000,6992,0,93289680.000,0,-,-,-,-,4041.8000,4041.6000,4041.2000,4040.0000,4039.6000,4043.0000,4043.6000,4044.0000,4044.6000,4045.8000,2,1,1,2,1,5,1,1,1,1
SF,IF2009,2020-02-18 09:34:03.500,4043.0000,6987,-5,99354180.000,5,0,5,双平,S,4041.2000,4040.0000,4039.6000,4039.0000,4038.6000,4042.8000,4044.0000,4044.6000,4045.8000,4046.0000,1,2,1,1,1,1,1,1,1,1
SF,IF2009,2020-02-18 09:34:04.000,4043.0000,6987,0,99354180.000,0,-,-,-,-,4041.4000,4041.2000,4040.0000,4039.6000,4039.0000,4042.8000,4044.0000,4044.6000,4045.8000,4046.0000,4,1,2,1,1,1,1,1,1,1
SF,IF2009,2020-02-18 09:34:04.500,4043.0000,6987,0,100567080.000,1,0,1,多换,S,4041.6000,4041.4000,4041.2000,4040.0000,4039.6000,4044.0000,4044.6000,4045.8000,4046.0000,4047.0000,2,2,1,2,1,1,1,1,1,1
SF,IF2009,2020-02-18 09:34:05.000,4043.0000,6987,0,100567080.000,0,-,-,-,-,4041.4000,4041.2000,4040.0000,4039.6000,4039.0000,4044.0000,4044.6000,4045.8000,4046.0000,4047.0000,1,1,2,1,1,1,1,1,1,1
SF,IF2009,2020-02-18 09:34:05.500,4043.0000,6987,0,100567080.000,0,-,-,-,-,4041.6000,4041.4000,4041.2000,4040.0000,4039.6000,4044.0000,4044.6000,4045.8000,4046.0000,4047.0000,1,1,1,2,1,1,1,1,1,1
SF,IF2009,2020-02-18 09:34:06.000,4041.8000,6987,0,101779620.000,1,0,1,多换,S,4041.6000,4041.2000,4040.0000,4039.6000,4039.0000,4044.0000,4044.6000,4045.8000,4046.0000,4047.0000,1,1,2,1,1,1,1,1,1,1
SF,IF2009,2020-02-18 09:34:06.500,4041.8000,6987,0,101779620.000,0,-,-,-,-,4041.8000,4041.6000,4041.2000,4040.0000,4039.6000,4044.0000,4044.6000,4045.8000,4046.0000,4047.0000,2,1,1,2,1,1,1,1,1,1
SF,IF2009,2020-02-18 09:34:07.000,4041.8000,6987,0,101779620.000,0,-,-,-,-,4041.2000,4040.0000,4039.6000,4039.0000,4038.6000,4044.0000,4044.6000,4045.8000,4046.0000,4047.0000,1,2,1,1,1,1,1,1,1,1
SF,IF2009,2020-02-18 09:34:07.500,4041.8000,6987,0,101779620.000,0,-,-,-,-,4041.6000,4041.4000,4040.0000,4039.6000,4039.0000,4044.0000,4044.6000,4045.8000,4046.0000,4047.0000,1,2,2,1,1,1,1,1,1,1
SF,IF2009,2020-02-18 09:34:08.000,4041.8000,6987,0,101779620.000,0,-,-,-,-,4041.6000,4040.0000,4039.6000,4039.0000,4038.6000,4044.0000,4044.6000,4045.8000,4046.0000,4047.0000,1,2,1,1,1,1,1,1,1,1
SF,IF2009,2020-02-18 09:34:09.000,4041.6000,6986,-1,102992100.000,1,0,1,双平,S,4040.0000,4039.6000,4039.0000,4038.6000,4037.0000,4044.0000,4044.6000,4045.8000,4046.0000,4047.0000,2,1,1,1,1,1,1,1,1,1
SF,IF2009,2020-02-18 09:34:09.500,4041.6000,6986,0,102992100.000,0,-,-,-,-,4040.4000,4040.2000,4040.0000,4039.6000,4039.0000,4043.8000,4044.0000,4044.6000,4045.8000,4046.0000,1,2,2,1,1,2,1,1,1,1
SF,IF2009,2020-02-18 09:34:10.000,4041.6000,6986,0,102992100.000,0,-,-,-,-,4040.8000,4040.6000,4040.4000,4040.2000,4040.0000,4043.8000,4044.0000,4044.6000,4045.8000,4046.0000,1,2,1,1,2,1,1,1,1,1
SF,IF2009,2020-02-18 09:34:10.500,4041.6000,6986,0,102992100.000,0,-,-,-,-,4041.0000,4040.8000,4040.6000,4040.2000,4040.0000,4043.8000,4044.0000,4044.6000,4045.8000,4046.0000,1,1,2,1,2,1,1,1,1,1
SF,IF2009,2020-02-18 09:34:11.000,4041.6000,6986,0,102992100.000,0,-,-,-,-,4041.2000,4041.0000,4040.6000,4040.2000,4040.0000,4043.6000,4043.8000,4044.0000,4044.6000,4045.8000,2,1,2,1,2,1,1,1,1,1
SF,IF2009,2020-02-18 09:34:11.500,4041.6000,6986,0,102992100.000,0,-,-,-,-,4041.4000,4041.0000,4040.6000,4040.2000,4040.0000,4043.6000,4044.0000,4044.6000,4045.8000,4046.0000,2,1,2,1,2,1,1,1,1,1
SF,IF2009,2020-02-18 09:34:12.000,4041.6000,6986,0,102992100.000,0,-,-,-,-,4041.6000,4041.4000,4041.0000,4040.6000,4040.2000,4043.6000,4044.0000,4044.6000,4045.8000,4046.0000,1,3,1,2,1,1,1,1,1,1
SF,IF2009,2020-02-18 09:34:13.000,4041.6000,6986,0,102992100.000,0,-,-,-,-,4041.6000,4041.4000,4041.0000,4040.6000,4040.2000,4043.6000,4044.0000,4044.6000,4045.8000,4046.0000,1,1,1,2,1,1,1,1,1,1
SF,IF2009,2020-02-18 09:34:13.500,4041.6000,6986,0,102992100.000,0,-,-,-,-,4041.6000,4041.4000,4040.6000,4040.2000,4040.0000,4043.6000,4043.8000,4044.0000,4044.6000,4045.8000,1,1,2,1,2,1,1,1,1,1
SF,IF2009,2020-02-18 09:34:17.000,4041.6000,6986,0,102992100.000,0,-,-,-,-,4041.6000,4041.4000,4040.6000,4040.2000,4040.0000,4043.6000,4043.8000,4044.0000,4044.6000,4045.8000,1,1,1,1,2,1,1,1,1,1
SF,IF2009,2020-02-18 09:34:17.500,4041.6000,6986,0,104204580.000,1,0,1,多换,S,4041.4000,4040.2000,4040.0000,4039.6000,4039.0000,4043.4000,4043.6000,4043.8000,4044.0000,4044.6000,1,1,2,1,1,2,1,1,1,1
SF,IF2009,2020-02-18 09:34:18.000,4041.6000,6986,0,104204580.000,0,-,-,-,-,4041.4000,4040.2000,4040.0000,4039.6000,4039.0000,4043.2000,4043.4000,4043.8000,4044.0000,4044.6000,1,1,2,1,1,1,2,1,1,1
SF,IF2009,2020-02-18 09:34:18.500,4041.6000,6986,0,104204580.000,0,-,-,-,-,4041.4000,4040.0000,4039.6000,4039.0000,4038.6000,4043.2000,4043.4000,4043.8000,4044.0000,4044.6000,1,2,1,1,1,1,2,1,1,1
SF,IF2009,2020-02-18 09:34:19.000,4043.2000,6986,0,105417540.000,1,0,1,多换,S,4041.4000,4040.0000,4039.6000,4039.0000,4038.6000,4043.4000,4043.8000,4044.0000,4044.6000,4045.8000,1,2,1,1,1,2,1,1,1,1
SF,IF2009,2020-02-18 09:34:19.500,4043.2000,6986,0,105417540.000,0,-,-,-,-,4041.4000,4040.0000,4039.6000,4039.0000,4038.6000,4043.2000,4043.4000,4043.8000,4044.0000,4044.6000,1,2,1,1,1,1,2,1,1,1
SF,IF2009,2020-02-18 09:34:22.000,4041.4000,6986,0,106629960.000,1,0,1,多换,S,4040.0000,4039.6000,4039.0000,4038.6000,4037.0000,4043.2000,4043.4000,4043.8000,4044.0000,4044.6000,2,1,1,1,1,1,2,1,1,1
SF,IF2009,2020-02-18 09:34:22.500,4041.4000,6986,0,106629960.000,0,-,-,-,-,4040.4000,4040.2000,4040.0000,4039.6000,4039.0000,4043.0000,4043.4000,4043.8000,4044.0000,4044.6000,2,1,2,1,1,1,1,1,1,1
SF,IF2009,2020-02-18 09:34:23.000,4041.4000,6986,0,106629960.000,0,-,-,-,-,4040.6000,4040.4000,4040.0000,4039.6000,4039.0000,4043.0000,4043.4000,4043.8000,4044.0000,4044.6000,1,2,2,1,1,1,1,1,1,1
SF,IF2009,2020-02-18 09:34:23.500,4041.4000,6986,0,106629960.000,0,-,-,-,-,4040.6000,4040.0000,4039.6000,4039.0000,4038.6000,4043.0000,4043.4000,4043.8000,4044.0000,4044.6000,1,2,1,1,1,1,1,1,1,1
SF,IF2009,2020-02-18 09:34:24.000,4043.0000,6987,1,107842860.000,1,1,0,双开,S,4040.8000,4040.6000,4040.0000,4039.6000,4039.0000,4043.4000,4043.8000,4044.0000,4044.6000,4045.8000,3,1,2,1,1,1,1,1,1,1
SF,IF2009,2020-02-18 09:34:24.500,4043.0000,6987,0,107842860.000,0,-,-,-,-,4041.0000,4040.8000,4040.0000,4039.6000,4039.0000,4043.4000,4043.8000,4044.0000,4044.6000,4045.8000,1,1,2,1,1,1,1,1,1,1
SF,IF2009,2020-02-18 09:34:25.000,4043.0000,6987,0,107842860.000,0,-,-,-,-,4041.2000,4041.0000,4040.0000,4039.6000,4039.0000,4043.4000,4043.8000,4044.0000,4044.6000,4045.8000,3,1,2,1,1,1,1,1,1,1
SF,IF2009,2020-02-18 09:34:25.500,4043.0000,6987,0,107842860.000,0,-,-,-,-,4041.2000,4041.0000,4040.0000,4039.6000,4039.0000,4043.4000,4043.8000,4044.0000,4044.6000,4045.8000,3,1,2,1,1,1,1,1,1,1
SF,IF2009,2020-02-18 09:34:26.000,4043.0000,6987,0,107842860.000,0,-,-,-,-,4041.2000,4041.0000,4040.0000,4039.6000,4039.0000,4043.4000,4043.8000,4044.0000,4044.6000,4045.8000,3,2,2,1,1,1,1,1,1,1
SF,IF2009,2020-02-18 09:34:30.000,4043.0000,6987,0,107842860.000,0,-,-,-,-,4041.2000,4041.0000,4040.0000,4039.6000,4039.0000,4043.4000,4043.8000,4044.0000,4044.6000,4045.8000,1,2,2,1,1,1,1,1,1,1
SF,IF2009,2020-02-18 09:34:31.000,4043.0000,6987,0,107842860.000,0,-,-,-,-,4041.2000,4041.0000,4040.0000,4039.6000,4039.0000,4043.4000,4043.8000,4044.0000,4044.6000,4045.8000,1,2,2,1,1,1,1,1,1,1
SF,IF2009,2020-02-18 09:34:31.500,4043.0000,6987,0,107842860.000,0,-,-,-,-,4041.4000,4041.2000,4041.0000,4040.0000,4039.6000,4043.4000,4043.8000,4044.0000,4044.6000,4045.8000,1,1,1,2,1,1,1,1,1,1
SF,IF2009,2020-02-18 09:34:32.000,4043.0000,6987,0,107842860.000,0,-,-,-,-,4041.6000,4041.4000,4041.0000,4040.0000,4039.6000,4043.8000,4044.0000,4044.6000,4045.8000,4046.0000,1,1,1,2,1,1,1,1,1,1
SF,IF2009,2020-02-18 09:34:32.500,4041.6000,6988,1,109055340.000,1,1,0,双开,S,4041.6000,4041.4000,4041.0000,4040.0000,4039.6000,4043.6000,4043.8000,4044.0000,4044.6000,4045.8000,2,1,1,2,1,2,1,1,1,1
SF,IF2009,2020-02-18 09:34:33.000,4041.6000,6988,0,109055340.000,0,-,-,-,-,4041.4000,4041.0000,4040.0000,4039.6000,4039.0000,4043.6000,4043.8000,4044.0000,4044.6000,4045.8000,1,1,2,1,1,2,1,1,1,1
SF,IF2009,2020-02-18 09:34:34.000,4041.6000,6988,0,109055340.000,0,-,-,-,-,4041.4000,4041.0000,4040.0000,4039.6000,4039.0000,4043.6000,4043.8000,4044.0000,4044.6000,4045.8000,1,1,2,1,1,2,1,1,1,1
SF,IF2009,2020-02-18 09:34:34.500,4041.6000,6988,0,109055340.000,0,-,-,-,-,4041.0000,4040.0000,4039.6000,4039.0000,4038.6000,4043.4000,4043.6000,4043.8000,4044.0000,4044.6000,1,2,1,1,1,1,2,1,1,1
SF,IF2009,2020-02-18 09:34:35.000,4041.6000,6988,0,109055340.000,0,-,-,-,-,4041.0000,4040.0000,4039.6000,4039.0000,4038.6000,4043.2000,4043.4000,4043.6000,4043.8000,4044.0000,1,2,1,1,1,1,1,1,1,1
SF,IF2009,2020-02-18 09:34:35.500,4041.6000,6988,0,109055340.000,0,-,-,-,-,4041.0000,4040.0000,4039.6000,4039.0000,4038.6000,4043.2000,4043.4000,4043.8000,4044.0000,4044.6000,1,2,1,1,1,1,1,1,1,1
SF,IF2009,2020-02-18 09:34:36.000,4041.6000,6988,0,109055340.000,0,-,-,-,-,4041.0000,4040.0000,4039.6000,4039.0000,4038.6000,4043.0000,4043.2000,4043.4000,4043.8000,4044.0000,1,2,1,1,1,1,1,1,1,1
SF,IF2009,2020-02-18 09:34:36.500,4041.6000,6988,0,109055340.000,0,-,-,-,-,4041.0000,4040.0000,4039.6000,4039.0000,4038.6000,4042.8000,4043.0000,4043.4000,4043.8000,4044.0000,1,2,1,1,1,1,1,1,1,1
SF,IF2009,2020-02-18 09:34:37.000,4041.6000,6988,0,109055340.000,0,-,-,-,-,4041.0000,4040.0000,4039.6000,4039.0000,4038.6000,4042.8000,4043.0000,4043.4000,4043.8000,4044.0000,1,2,1,1,1,1,1,1,1,1
SF,IF2009,2020-02-18 09:34:37.500,4041.6000,6988,0,109055340.000,0,-,-,-,-,4041.2000,4041.0000,4040.0000,4039.6000,4039.0000,4042.8000,4043.0000,4043.4000,4043.8000,4044.0000,1,1,2,1,1,1,1,2,1,1
SF,IF2009,2020-02-18 09:34:38.000,4041.6000,6988,0,109055340.000,0,-,-,-,-,4041.4000,4041.0000,4040.0000,4039.6000,4039.0000,4042.8000,4043.0000,4043.4000,4043.8000,4044.0000,2,1,2,1,1,1,1,1,1,1
SF,IF2009,2020-02-18 09:34:38.500,4041.6000,6988,0,109055340.000,0,-,-,-,-,4041.4000,4041.0000,4040.0000,4039.6000,4039.0000,4043.4000,4043.8000,4044.0000,4044.6000,4045.8000,2,1,2,1,1,1,1,1,1,1
SF,IF2009,2020-02-18 09:34:39.000,4041.6000,6988,0,109055340.000,0,-,-,-,-,4041.0000,4040.0000,4039.6000,4039.0000,4038.6000,4043.2000,4043.4000,4043.8000,4044.0000,4044.6000,1,2,1,1,1,1,1,1,1,1
SF,IF2009,2020-02-18 09:34:39.500,4041.0000,6987,-1,110267640.000,1,0,1,双平,S,4040.0000,4039.6000,4039.0000,4038.6000,4037.0000,4043.0000,4043.2000,4043.4000,4043.8000,4044.0000,2,1,1,1,1,1,1,1,1,1
SF,IF2009,2020-02-18 09:34:40.000,4041.0000,6987,0,110267640.000,0,-,-,-,-,4042.8000,4040.4000,4040.2000,4040.0000,4039.6000,4043.0000,4043.2000,4043.4000,4043.8000,4044.0000,1,1,1,2,1,1,1,1,1,1
SF,IF2009,2020-02-18 09:34:40.500,4042.8000,6987,0,111480480.000,1,0,1,多换,S,4040.0000,4039.6000,4039.0000,4038.6000,4037.0000,4043.2000,4043.4000,4043.8000,4044.0000,4044.6000,2,1,1,1,1,1,1,1,1,1
SF,IF2009,2020-02-18 09:34:41.000,4042.8000,6987,0,111480480.000,0,-,-,-,-,4040.4000,4040.2000,4040.0000,4039.6000,4039.0000,4042.8000,4043.0000,4043.2000,4043.4000,4043.8000,2,1,2,1,1,1,1,1,1,1
SF,IF2009,2020-02-18 09:34:41.500,4042.8000,6987,0,111480480.000,0,-,-,-,-,4040.0000,4039.6000,4039.0000,4038.6000,4037.0000,4042.6000,4042.8000,4043.4000,4043.8000,4044.0000,2,1,1,1,1,2,1,1,1,1
SF,IF2009,2020-02-18 09:34:42.000,4042.8000,6987,0,111480480.000,0,-,-,-,-,4040.0000,4039.6000,4039.0000,4038.6000,4037.0000,4042.0000,4042.6000,4042.8000,4043.4000,4043.8000,2,1,1,1,1,1,2,2,1,1
SF,IF2009,2020-02-18 09:34:42.500,4042.8000,6987,0,111480480.000,0,-,-,-,-,4040.0000,4039.6000,4039.0000,4038.6000,4037.0000,4040.4000,4041.8000,4042.0000,4042.6000,4042.8000,3,1,1,1,1,1,1,1,1,2
SF,IF2009,2020-02-18 09:34:43.000,4042.8000,6987,0,111480480.000,0,-,-,-,-,4040.0000,4039.6000,4039.0000,4038.6000,4037.0000,4041.8000,4042.0000,4042.4000,4042.6000,4042.8000,3,1,1,1,1,1,1,1,1,1
SF,IF2009,2020-02-18 09:34:43.500,4042.8000,6987,0,111480480.000,0,-,-,-,-,4040.0000,4039.6000,4039.0000,4038.6000,4037.0000,4041.8000,4042.0000,4042.4000,4042.6000,4042.8000,3,1,1,1,1,1,1,1,1,1
SF,IF2009,2020-02-18 09:34:44.500,4042.8000,6987,0,111480480.000,0,-,-,-,-,4040.0000,4039.6000,4039.0000,4037.0000,4036.6000,4041.8000,4042.0000,4042.4000,4042.6000,4042.8000,3,1,1,1,1,1,1,1,1,1
SF,IF2009,2020-02-18 09:34:45.500,4042.8000,6988,1,112693320.000,1,1,0,双开,S,4040.0000,4039.6000,4039.0000,4037.0000,4036.6000,4042.0000,4042.4000,4042.6000,4042.8000,4043.4000,3,1,1,1,1,1,1,1,1,1
SF,IF2009,2020-02-18 09:34:46.000,4042.8000,6988,0,112693320.000,0,-,-,-,-,4040.2000,4040.0000,4039.6000,4039.0000,4037.0000,4041.8000,4042.0000,4042.4000,4042.8000,4043.4000,1,3,1,1,1,1,1,1,1,1
SF,IF2009,2020-02-18 09:34:47.000,4042.8000,6988,0,112693320.000,0,-,-,-,-,4040.2000,4040.0000,4039.6000,4039.0000,4037.0000,4041.6000,4041.8000,4042.0000,4042.4000,4042.8000,1,3,1,1,1,1,1,1,1,1
SF,IF2009,2020-02-18 09:34:47.500,4042.8000,6988,0,112693320.000,0,-,-,-,-,4040.0000,4039.6000,4039.0000,4037.0000,4036.6000,4041.6000,4041.8000,4042.4000,4042.8000,4043.4000,3,1,1,1,1,1,1,1,1,1
SF,IF2009,2020-02-18 09:34:48.000,4042.8000,6988,0,112693320.000,0,-,-,-,-,4040.0000,4039.6000,4039.0000,4037.0000,4036.6000,4040.6000,4041.6000,4041.8000,4042.4000,4042.8000,3,1,1,1,1,1,1,1,1,1
SF,IF2009,2020-02-18 09:34:48.500,4039.6000,6988,0,117541200.000,4,2,2,多换,S,4039.0000,4037.0000,4036.6000,4036.2000,4035.0000,4040.4000,4040.6000,4042.8000,4043.4000,4043.8000,1,1,1,1,4,1,1,1,1,1
SF,IF2009,2020-02-18 09:34:49.000,4039.6000,6988,0,117541200.000,0,-,-,-,-,4039.2000,4039.0000,4037.0000,4036.6000,4036.2000,4040.6000,4042.8000,4043.4000,4043.8000,4044.0000,1,1,1,1,1,1,1,1,1,1
SF,IF2009,2020-02-18 09:34:49.500,4039.6000,6988,0,117541200.000,0,-,-,-,-,4039.4000,4039.0000,4037.0000,4036.6000,4036.2000,4040.4000,4042.8000,4043.4000,4043.8000,4044.0000,1,1,1,1,1,1,1,1,1,1
SF,IF2009,2020-02-18 09:34:50.000,4039.6000,6988,0,117541200.000,0,-,-,-,-,4040.4000,4039.4000,4039.0000,4037.0000,4036.6000,4042.8000,4043.4000,4043.8000,4044.0000,4045.8000,1,2,1,1,1,1,1,1,1,1
SF,IF2009,2020-02-18 09:34:50.500,4039.6000,6988,0,117541200.000,0,-,-,-,-,4040.6000,4040.4000,4039.0000,4037.0000,4036.6000,4041.8000,4042.6000,4042.8000,4043.4000,4043.8000,1,1,1,1,1,1,1,1,1,1
SF,IF2009,2020-02-18 09:34:51.000,4040.4000,6988,0,119965440.000,2,1,1,多换,S,4039.0000,4037.0000,4036.6000,4036.2000,4035.0000,4039.8000,4041.8000,4042.6000,4042.8000,4043.4000,1,1,1,1,4,1,1,1,1,1
SF,IF2009,2020-02-18 09:34:51.500,4039.8000,6987,-1,121177380.000,1,0,1,双平,S,4039.2000,4039.0000,4037.0000,4036.6000,4036.2000,4042.8000,4043.4000,4043.8000,4044.0000,4045.8000,1,1,1,1,1,1,1,1,1,1
SF,IF2009,2020-02-18 09:34:52.000,4039.8000,6987,0,121177380.000,0,-,-,-,-,4039.2000,4039.0000,4037.0000,4036.6000,4036.2000,4042.6000,4042.8000,4043.4000,4043.8000,4044.0000,1,1,1,1,1,2,1,1,1,1
SF,IF2009,2020-02-18 09:34:52.500,4039.8000,6987,0,121177380.000,0,-,-,-,-,4039.8000,4039.4000,4039.2000,4039.0000,4037.0000,4042.6000,4042.8000,4043.4000,4043.8000,4044.0000,1,2,1,1,1,2,1,1,1,1
SF,IF2009,2020-02-18 09:34:54.000,4039.0000,6988,1,126024660.000,4,2,2,空开,S,4037.0000,4036.6000,4036.2000,4035.0000,4034.0000,4039.0000,4042.6000,4042.8000,4043.4000,4043.8000,1,1,1,4,3,16,2,1,1,1
SF,IF2009,2020-02-18 09:34:54.500,4039.0000,6988,0,134506560.000,7,3,4,多换,S,4037.2000,4037.0000,4036.6000,4036.2000,4035.0000,4039.0000,4042.6000,4042.8000,4043.4000,4043.8000,3,1,1,1,4,9,2,1,1,1
SF,IF2009,2020-02-18 09:34:55.000,4039.0000,6988,0,134506560.000,0,-,-,-,-,4037.2000,4037.0000,4036.6000,4036.2000,4035.0000,4039.0000,4041.6000,4042.6000,4042.8000,4043.4000,3,1,1,1,4,9,1,2,1,1
SF,IF2009,2020-02-18 09:34:55.500,4039.0000,6988,0,134506560.000,0,-,-,-,-,4037.0000,4036.6000,4036.2000,4035.0000,4034.0000,4039.0000,4041.6000,4042.6000,4042.8000,4043.4000,1,1,1,4,3,9,1,2,1,1
SF,IF2009,2020-02-18 09:34:56.000,4039.0000,6988,0,134506560.000,0,-,-,-,-,4037.0000,4036.6000,4036.2000,4035.0000,4034.0000,4038.8000,4039.0000,4041.6000,4041.8000,4042.6000,1,1,1,4,3,1,9,1,1,2
SF,IF2009,2020-02-18 09:34:58.500,4039.0000,6988,0,134506560.000,0,-,-,-,-,4037.2000,4037.0000,4036.6000,4036.2000,4035.0000,4038.8000,4039.0000,4041.6000,4041.8000,4042.6000,1,1,1,1,4,1,9,1,1,2
SF,IF2009,2020-02-18 09:34:59.000,4039.0000,6988,0,134506560.000,0,-,-,-,-,4037.4000,4037.0000,4036.6000,4036.2000,4035.0000,4039.0000,4041.6000,4041.8000,4042.6000,4042.8000,2,1,1,1,4,9,1,1,2,1
SF,IF2009,2020-02-18 09:34:59.500,4039.0000,6988,0,134506560.000,0,-,-,-,-,4037.0000,4036.6000,4036.2000,4035.0000,4034.0000,4039.0000,4041.6000,4041.8000,4042.6000,4042.8000,1,1,1,4,3,9,1,1,2,1
SF,IF2009,2020-02-18 09:35:00.000,4039.0000,6988,0,134506560.000,0,-,-,-,-,4037.2000,4037.0000,4036.6000,4036.2000,4035.0000,4039.0000,4041.6000,4041.8000,4042.6000,4042.8000,1,1,1,1,4,9,1,1,2,1
SF,IF2009,2020-02-18 09:35:00.500,4039.0000,6988,0,134506560.000,0,-,-,-,-,4037.0000,4036.6000,4036.2000,4035.0000,4034.0000,4039.0000,4041.6000,4041.8000,4042.6000,4042.8000,1,1,1,4,3,9,1,1,2,1
SF,IF2009,2020-02-18 09:35:01.000,4039.0000,6988,0,134506560.000,0,-,-,-,-,4037.0000,4036.6000,4036.2000,4035.0000,4034.0000,4038.8000,4039.0000,4041.6000,4041.8000,4042.6000,1,1,1,4,3,3,9,1,1,1
SF,IF2009,2020-02-18 09:35:01.500,4039.0000,6988,0,134506560.000,0,-,-,-,-,4037.0000,4036.6000,4036.2000,4035.0000,4034.0000,4037.2000,4038.8000,4039.0000,4041.6000,4041.8000,1,1,1,4,3,1,3,9,1,1
SF,IF2009,2020-02-18 09:35:02.000,4037.2000,6988,0,135717720.000,1,0,1,多换,S,4037.0000,4036.6000,4036.2000,4035.0000,4034.0000,4038.8000,4039.0000,4041.8000,4042.6000,4042.8000,1,1,1,4,3,3,9,1,1,1
SF,IF2009,2020-02-18 09:35:02.500,4037.0000,6987,-1,136928820.000,1,0,1,双平,S,4036.6000,4036.2000,4035.0000,4034.0000,4033.0000,4038.8000,4039.0000,4041.8000,4042.6000,4042.8000,1,1,4,3,2,2,9,1,1,1
SF,IF2009,2020-02-18 09:35:03.000,4037.0000,6987,0,136928820.000,0,-,-,-,-,4036.6000,4036.2000,4035.0000,4034.0000,4033.0000,4038.4000,4038.6000,4038.8000,4039.0000,4041.8000,1,1,4,3,2,1,1,2,9,1
SF,IF2009,2020-02-18 09:35:03.500,4038.4000,6987,0,139351800.000,2,1,1,多换,S,4036.6000,4036.2000,4035.0000,4034.0000,4033.0000,4038.8000,4039.0000,4041.8000,4042.6000,4042.8000,1,1,4,3,2,1,9,1,1,1
SF,IF2009,2020-02-18 09:35:04.000,4036.6000,6987,0,140562780.000,1,0,1,多换,S,4036.2000,4035.0000,4034.0000,4033.0000,4031.2000,4037.6000,4038.6000,4038.8000,4039.0000,4041.8000,1,4,3,2,4,1,1,1,9,1
SF,IF2009,2020-02-18 09:35:04.500,4036.6000,6987,0,140562780.000,0,-,-,-,-,4036.2000,4035.0000,4034.0000,4033.0000,4031.2000,4037.6000,4038.6000,4038.8000,4039.0000,4041.8000,1,4,3,2,4,1,1,1,9,1
SF,IF2009,2020-02-18 09:35:05.000,4036.6000,6987,0,140562780.000,0,-,-,-,-,4036.4000,4036.2000,4035.0000,4034.0000,4033.0000,4037.6000,4038.6000,4038.8000,4039.0000,4041.8000,1,1,4,3,2,1,1,1,9,1
SF,IF2009,2020-02-18 09:35:05.500,4036.6000,6987,0,140562780.000,0,-,-,-,-,4036.2000,4035.0000,4034.0000,4033.0000,4031.2000,4037.6000,4038.8000,4039.0000,4041.8000,4042.8000,1,4,3,2,4,1,1,9,1,1
SF,IF2009,2020-02-18 09:35:06.000,4036.6000,6987,0,140562780.000,0,-,-,-,-,4036.4000,4036.2000,4035.0000,4034.0000,4033.0000,4037.6000,4038.8000,4039.0000,4041.8000,4042.8000,1,1,4,3,2,1,1,9,1,1
SF,IF2009,2020-02-18 09:35:06.500,4036.6000,6987,0,140562780.000,0,-,-,-,-,4036.2000,4035.0000,4034.0000,4033.0000,4031.2000,4037.6000,4038.8000,4039.0000,4041.8000,4042.8000,1,4,3,2,4,1,1,9,1,1
SF,IF2009,2020-02-18 09:35:07.000,4036.6000,6987,0,140562780.000,0,-,-,-,-,4036.4000,4036.2000,4035.0000,4034.0000,4033.0000,4037.6000,4038.8000,4039.0000,4041.8000,4042.8000,1,1,4,3,2,1,1,9,1,1
SF,IF2009,2020-02-18 09:35:07.500,4036.6000,6987,0,140562780.000,0,-,-,-,-,4036.2000,4035.0000,4034.0000,4033.0000,4031.2000,4037.6000,4038.8000,4039.0000,4041.8000,4042.8000,1,4,3,2,4,1,1,9,1,1
SF,IF2009,2020-02-18 09:35:08.000,4036.2000,6987,0,141773640.000,1,0,1,多换,S,4035.0000,4034.0000,4033.0000,4031.2000,4030.0000,4037.6000,4038.8000,4039.0000,4041.8000,4042.8000,4,3,2,4,5,1,1,9,1,1
SF,IF2009,2020-02-18 09:35:08.500,4036.2000,6987,0,141773640.000,0,-,-,-,-,4035.0000,4034.0000,4033.0000,4031.2000,4030.0000,4037.4000,4037.6000,4039.0000,4041.8000,4042.8000,4,3,2,4,5,2,2,9,1,1
SF,IF2009,2020-02-18 09:35:09.000,4037.4000,6987,0,142984860.000,1,0,1,多换,S,4035.2000,4035.0000,4034.0000,4033.0000,4031.2000,4037.4000,4037.6000,4039.0000,4041.8000,4042.8000,4,4,3,2,4,1,1,9,1,1
SF,IF2009,2020-02-18 09:35:09.500,4037.4000,6987,0,142984860.000,0,-,-,-,-,4035.2000,4035.0000,4034.0000,4033.0000,4031.2000,4036.2000,4037.2000,4037.4000,4037.6000,4039.0000,2,4,3,2,4,1,1,1,1,9
SF,IF2009,2020-02-18 09:35:10.000,4036.2000,6986,-1,144195720.000,1,0,1,双平,S,4035.2000,4035.0000,4034.0000,4033.0000,4031.2000,4037.4000,4037.6000,4039.0000,4041.8000,4042.8000,1,4,3,2,4,1,1,9,1,1
SF,IF2009,2020-02-18 09:35:10.500,4036.2000,6986,0,144195720.000,0,-,-,-,-,4035.4000,4035.2000,4035.0000,4034.0000,4033.0000,4037.2000,4037.4000,4037.6000,4039.0000,4041.8000,1,1,4,3,2,1,1,1,9,1
SF,IF2009,2020-02-18 09:35:11.000,4036.2000,6986,0,144195720.000,0,-,-,-,-,4035.4000,4035.2000,4035.0000,4034.0000,4033.0000,4037.2000,4037.4000,4037.6000,4039.0000,4041.8000,1,1,4,3,2,1,1,1,9,1
SF,IF2009,2020-02-18 09:35:11.500,4036.2000,6986,0,144195720.000,0,-,-,-,-,4035.4000,4035.2000,4035.0000,4034.0000,4033.0000,4037.6000,4039.0000,4041.8000,4042.8000,4044.0000,1,1,4,3,2,1,9,1,1,1
SF,IF2009,2020-02-18 09:35:12.000,4036.2000,6986,0,144195720.000,0,-,-,-,-,4035.4000,4035.2000,4035.0000,4034.0000,4033.0000,4037.4000,4037.6000,4039.0000,4040.0000,4041.8000,1,1,4,3,2,1,1,9,6,1
SF,IF2009,2020-02-18 09:35:12.500,4036.2000,6986,0,144195720.000,0,-,-,-,-,4035.4000,4035.0000,4034.0000,4033.0000,4031.2000,4037.4000,4037.6000,4039.0000,4040.0000,4041.8000,2,4,3,2,4,1,1,9,6,1
SF,IF2009,2020-02-18 09:35:13.000,4036.2000,6986,0,144195720.000,0,-,-,-,-,4035.4000,4035.0000,4034.0000,4033.0000,4031.2000,4037.2000,4037.4000,4037.6000,4039.0000,4040.0000,2,4,3,2,4,1,1,1,9,6
SF,IF2009,2020-02-18 09:35:14.000,4036.2000,6986,0,144195720.000,0,-,-,-,-,4035.4000,4035.0000,4034.0000,4033.0000,4031.2000,4037.2000,4037.4000,4037.6000,4039.0000,4040.0000,2,4,3,2,4,1,1,1,9,6
SF,IF2009,2020-02-18 09:35:14.500,4035.4000,6986,0,146616960.000,2,1,1,多换,S,4035.0000,4034.0000,4033.0000,4031.2000,4026.2000,4037.0000,4037.2000,4037.4000,4037.6000,4039.0000,4,3,2,4,1,1,1,1,1,9
SF,IF2009,2020-02-18 09:35:15.000,4035.4000,6986,0,146616960.000,0,-,-,-,-,4035.0000,4034.0000,4033.0000,4031.2000,4026.2000,4037.0000,4037.2000,4037.6000,4039.0000,4040.0000,4,3,2,4,1,1,1,1,9,6
SF,IF2009,2020-02-18 09:35:15.500,4035.4000,6986,0,146616960.000,0,-,-,-,-,4035.0000,4034.0000,4033.0000,4031.2000,4026.2000,4036.6000,4036.8000,4037.0000,4037.2000,4037.6000,5,3,2,4,1,1,2,1,1,1
SF,IF2009,2020-02-18 09:35:16.000,4035.4000,6986,0,146616960.000,0,-,-,-,-,4035.2000,4035.0000,4034.0000,4033.0000,4031.2000,4036.8000,4037.0000,4037.6000,4039.0000,4040.0000,1,5,3,2,4,2,1,1,9,6
SF,IF2009,2020-02-18 09:35:16.500,4035.4000,6986,0,146616960.000,0,-,-,-,-,4035.0000,4034.0000,4033.0000,4031.2000,4026.2000,4036.4000,4036.8000,4037.0000,4039.0000,4040.0000,5,3,2,4,1,1,2,1,9,6
SF,IF2009,2020-02-18 09:35:17.000,4035.4000,6986,0,146616960.000,0,-,-,-,-,4035.2000,4035.0000,4034.0000,4033.0000,4031.2000,4036.6000,4036.8000,4037.0000,4039.0000,4040.0000,1,5,3,2,4,1,2,1,9,6
SF,IF2009,2020-02-18 09:35:17.500,4035.4000,6986,0,146616960.000,0,-,-,-,-,4035.2000,4035.0000,4034.0000,4033.0000,4031.2000,4036.6000,4036.8000,4039.0000,4040.0000,4041.8000,1,6,3,2,4,1,2,9,6,1
SF,IF2009,2020-02-18 09:35:18.000,4035.4000,6986,0,146616960.000,0,-,-,-,-,4035.2000,4035.0000,4034.0000,4033.0000,4031.2000,4036.8000,4039.0000,4040.0000,4041.8000,4042.0000,1,6,3,2,4,2,9,6,1,1
SF,IF2009,2020-02-18 09:35:18.500,4035.4000,6986,0,146616960.000,0,-,-,-,-,4035.0000,4034.0000,4033.0000,4031.2000,4026.2000,4036.8000,4039.0000,4040.0000,4041.8000,4042.0000,6,3,2,4,1,2,9,6,1,1
SF,IF2009,2020-02-18 09:35:19.000,4035.0000,6985,-1,152669460.000,5,2,3,多平,S,4035.0000,4034.0000,4033.0000,4031.2000,4026.2000,4036.6000,4036.8000,4039.0000,4040.0000,4041.8000,1,3,2,4,1,1,2,9,6,1
SF,IF2009,2020-02-18 09:35:19.500,4035.0000,6985,0,153879960.000,1,0,1,多换,S,4034.0000,4033.0000,4031.2000,4026.2000,4025.0000,4036.2000,4036.4000,4036.6000,4036.8000,4039.0000,3,2,4,1,5,1,1,1,2,9
SF,IF2009,2020-02-18 09:35:20.000,4035.0000,6985,0,153879960.000,0,-,-,-,-,4034.0000,4033.0000,4031.2000,4026.2000,4025.0000,4036.0000,4036.2000,4036.4000,4036.6000,4036.8000,3,2,4,1,5,1,2,1,1,1
SF,IF2009,2020-02-18 09:35:20.500,4035.0000,6985,0,153879960.000,0,-,-,-,-,4034.0000,4033.0000,4031.2000,4026.2000,4025.0000,4036.0000,4036.2000,4036.4000,4036.8000,4039.0000,3,2,4,1,5,1,2,1,1,9
SF,IF2009,2020-02-18 09:35:21.000,4035.0000,6985,0,153879960.000,0,-,-,-,-,4034.0000,4033.0000,4031.2000,4026.2000,4025.0000,4035.6000,4036.0000,4036.2000,4036.4000,4036.8000,3,2,4,1,5,1,1,2,1,1
SF,IF2009,2020-02-18 09:35:21.500,4035.6000,6984,-1,155090640.000,1,0,1,双平,S,4034.2000,4034.0000,4033.0000,4031.2000,4026.2000,4036.0000,4036.2000,4036.4000,4036.8000,4039.0000,2,3,2,4,1,1,2,1,1,9
SF,IF2009,2020-02-18 09:35:22.000,4036.0000,6984,0,156301440.000,1,0,1,多换,S,4034.4000,4034.2000,4034.0000,4033.0000,4031.2000,4036.8000,4039.0000,4040.0000,4041.8000,4042.0000,1,2,3,2,4,1,9,6,1,1
SF,IF2009,2020-02-18 09:35:22.500,4036.0000,6984,0,156301440.000,0,-,-,-,-,4034.6000,4034.4000,4034.0000,4033.0000,4031.2000,4036.8000,4039.0000,4040.0000,4041.8000,4042.0000,3,1,3,2,4,1,9,6,1,1
