市场代码,合约代码,时间,最新,持仓,增仓,成交额,成交量,开仓,平仓,成交类型,方向,买一价,买二价,买三价,买四价,买五价,卖一价,卖二价,卖三价,卖四价,卖五价,买一量,买二量,买三量,买四量,买五量,卖一量,卖二量,卖三量,卖四量,卖五量
SF,IF2011,2020-09-25 09:29:00.400,4522.2000,2952,0,0.000,0.000,-,-,-,-,4540.2000,4536.2000,4535.8000,4534.8000,4532.8000,4541.0000,4545.0000,4555.2000,4555.8000,4556.0000,1,1,1,1,1,1,1,4,1,4
SF,IF2011,2020-09-25 09:30:00.400,4540.2000,2952,0,1362060.000,1,0,1,多换,S,4536.2000,4534.8000,4532.8000,4532.2000,4531.8000,4540.2000,4540.8000,4541.0000,4545.0000,4550.6000,1,1,1,1,1,3,2,1,1,1
SF,IF2011,2020-09-25 09:30:00.900,4540.2000,2950,-2,5448240.000,3,0,3,多平,S,4537.4000,4537.0000,4536.6000,4536.4000,4536.2000,4540.8000,4541.0000,4545.0000,4550.6000,4558.8000,2,1,1,1,1,1,1,1,1,1
SF,IF2011,2020-09-25 09:30:01.400,4540.2000,2950,0,5448240.000,0,-,-,-,-,4538.8000,4537.6000,4536.4000,4536.2000,4536.0000,4539.4000,4540.8000,4541.0000,4545.0000,4546.4000,2,2,2,1,1,1,1,1,1,1
SF,IF2011,2020-09-25 09:30:01.900,4540.2000,2950,0,5448240.000,0,-,-,-,-,4539.4000,4539.0000,4538.8000,4537.4000,4537.2000,4541.0000,4545.0000,4546.4000,4550.6000,4555.0000,1,2,2,1,1,1,1,1,1,5
SF,IF2011,2020-09-25 09:30:02.400,4541.0000,2949,-1,6810540.000,1,0,1,双平,S,4540.2000,4539.6000,4539.4000,4537.4000,4536.4000,4545.0000,4546.4000,4550.6000,4555.0000,4558.8000,2,1,1,1,2,1,1,1,5,1
SF,IF2011,2020-09-25 09:30:02.900,4541.0000,2949,0,6810540.000,0,-,-,-,-,4540.4000,4540.2000,4539.8000,4536.4000,4536.2000,4544.4000,4544.8000,4545.0000,4546.4000,4550.6000,2,2,1,1,1,2,1,3,1,1
SF,IF2011,2020-09-25 09:30:03.400,4544.2000,2947,-2,9537060.000,2,0,2,双平,S,4541.6000,4540.6000,4540.4000,4539.8000,4536.4000,4544.4000,4545.0000,4550.6000,4555.0000,4558.8000,2,1,2,1,1,2,3,1,5,1
SF,IF2011,2020-09-25 09:30:03.900,4544.2000,2947,0,10900320.000,1,0,1,多换,S,4541.8000,4541.6000,4539.8000,4536.4000,4536.2000,4544.4000,4545.0000,4550.6000,4555.0000,4558.8000,2,2,1,1,1,2,3,1,5,1
SF,IF2011,2020-09-25 09:30:04.400,4544.2000,2947,0,10900320.000,0,-,-,-,-,4541.8000,4541.6000,4540.2000,4539.8000,4537.8000,4545.0000,4550.0000,4550.6000,4555.0000,4558.8000,2,2,1,1,3,3,1,1,5,1
SF,IF2011,2020-09-25 09:30:04.900,4544.2000,2947,0,10900320.000,0,-,-,-,-,4541.8000,4541.6000,4540.6000,4540.2000,4539.8000,4544.8000,4545.0000,4550.0000,4550.6000,4555.0000,2,2,1,2,1,1,3,1,1,5
SF,IF2011,2020-09-25 09:30:05.400,4544.2000,2947,0,10900320.000,0,-,-,-,-,4542.0000,4541.8000,4541.6000,4540.2000,4539.8000,4544.8000,4545.0000,4550.0000,4550.6000,4555.0000,1,2,2,2,1,1,3,1,1,5
SF,IF2011,2020-09-25 09:30:05.900,4542.2000,2945,-2,13625640.000,2,0,2,双平,S,4542.0000,4541.6000,4540.2000,4539.8000,4537.8000,4544.6000,4544.8000,4545.0000,4550.0000,4550.6000,1,2,2,1,3,1,1,1,1,1
SF,IF2011,2020-09-25 09:30:06.400,4542.2000,2945,0,13625640.000,0,-,-,-,-,4543.0000,4542.4000,4542.2000,4540.2000,4537.8000,4544.6000,4544.8000,4545.0000,4550.0000,4550.6000,2,1,1,2,3,1,1,1,1,1
SF,IF2011,2020-09-25 09:30:06.900,4542.2000,2945,0,13625640.000,0,-,-,-,-,4542.4000,4542.2000,4540.2000,4537.8000,4536.4000,4545.0000,4550.0000,4550.6000,4555.0000,4558.8000,1,1,2,3,1,1,1,1,5,1
SF,IF2011,2020-09-25 09:30:07.400,4542.2000,2945,0,13625640.000,0,-,-,-,-,4542.6000,4542.4000,4541.6000,4540.8000,4540.2000,4544.4000,4544.6000,4544.8000,4545.0000,4550.0000,1,1,1,3,2,1,1,2,3,1
SF,IF2011,2020-09-25 09:30:07.900,4542.4000,2944,-1,14988360.000,1,0,1,双平,S,4542.6000,4540.8000,4540.2000,4536.4000,4536.2000,4544.2000,4544.4000,4544.6000,4544.8000,4545.0000,1,3,2,1,1,1,5,1,1,3
SF,IF2011,2020-09-25 09:30:08.400,4542.4000,2944,0,16351080.000,1,0,1,多换,S,4540.8000,4540.2000,4536.4000,4536.2000,4535.0000,4541.8000,4544.0000,4544.2000,4544.4000,4544.6000,3,2,1,1,5,9,1,1,4,1
SF,IF2011,2020-09-25 09:30:08.900,4541.8000,2944,0,21801240.000,4,2,2,多换,S,4541.6000,4541.2000,4540.8000,4540.2000,4536.4000,4541.8000,4544.4000,4544.6000,4544.8000,4545.0000,3,1,3,1,1,5,1,1,1,3
SF,IF2011,2020-09-25 09:30:09.400,4541.8000,2945,1,28613940.000,5,3,2,空开,S,4541.6000,4536.8000,4536.4000,4536.2000,4535.0000,4544.4000,4545.0000,4550.0000,4555.0000,4558.8000,3,3,1,1,5,1,3,1,5,1
SF,IF2011,2020-09-25 09:30:09.900,4541.6000,2943,-2,31338900.000,2,0,2,双平,S,4536.8000,4536.4000,4536.2000,4535.0000,4532.2000,4544.2000,4544.4000,4545.0000,4550.0000,4555.0000,3,1,1,5,1,2,6,3,1,5
SF,IF2011,2020-09-25 09:30:10.400,4541.6000,2943,0,31338900.000,0,-,-,-,-,4540.6000,4540.2000,4539.6000,4539.0000,4538.8000,4544.0000,4544.2000,4544.4000,4545.0000,4550.0000,1,2,4,1,3,2,2,5,3,1
SF,IF2011,2020-09-25 09:30:10.900,4541.6000,2943,0,31338900.000,0,-,-,-,-,4539.2000,4539.0000,4538.8000,4538.6000,4538.4000,4543.8000,4544.0000,4544.4000,4545.0000,4550.0000,1,1,3,1,2,3,1,5,3,1
SF,IF2011,2020-09-25 09:30:11.400,4541.6000,2944,1,32701380.000,1,1,0,双开,S,4539.4000,4539.2000,4539.0000,4538.8000,4538.6000,4541.6000,4543.8000,4544.0000,4544.4000,4545.0000,1,2,1,3,1,2,3,1,5,3
SF,IF2011,2020-09-25 09:30:11.900,4541.6000,2944,0,32701380.000,0,-,-,-,-,4539.6000,4539.4000,4539.2000,4539.0000,4538.8000,4541.6000,4543.2000,4543.8000,4544.0000,4544.4000,1,2,2,1,3,2,1,2,1,4
SF,IF2011,2020-09-25 09:30:12.400,4541.6000,2944,0,32701380.000,0,-,-,-,-,4539.8000,4539.6000,4539.4000,4539.2000,4539.0000,4541.6000,4543.8000,4544.0000,4544.4000,4545.0000,1,1,1,2,1,2,2,1,4,2
SF,IF2011,2020-09-25 09:30:12.900,4541.6000,2944,0,32701380.000,0,-,-,-,-,4540.0000,4539.8000,4539.6000,4539.2000,4539.0000,4541.6000,4543.8000,4544.4000,4545.0000,4546.0000,1,1,1,2,1,2,2,4,2,1
SF,IF2011,2020-09-25 09:30:13.900,4541.6000,2944,0,34063860.000,1,0,1,多换,S,4540.2000,4540.0000,4539.8000,4539.6000,4539.2000,4541.6000,4543.8000,4544.4000,4545.0000,4546.0000,1,1,1,1,2,1,2,4,2,1
SF,IF2011,2020-09-25 09:30:14.400,4540.0000,2943,-1,35425860.000,1,0,1,双平,S,4539.8000,4539.2000,4538.4000,4537.6000,4536.2000,4541.4000,4541.6000,4543.8000,4545.0000,4546.0000,1,1,2,1,4,1,1,1,1,1
SF,IF2011,2020-09-25 09:30:14.900,4540.0000,2943,0,35425860.000,0,-,-,-,-,4539.2000,4538.4000,4537.6000,4536.2000,4535.0000,4541.4000,4541.6000,4543.8000,4545.0000,4546.0000,1,1,1,4,5,1,1,1,1,1
SF,IF2011,2020-09-25 09:30:15.400,4540.0000,2943,0,35425860.000,0,-,-,-,-,4539.4000,4539.2000,4538.4000,4537.6000,4536.2000,4541.4000,4541.6000,4543.8000,4545.0000,4546.0000,1,1,1,1,4,1,1,1,1,1
SF,IF2011,2020-09-25 09:30:15.900,4541.4000,2943,0,36788280.000,1,0,1,多换,S,4541.4000,4539.6000,4539.4000,4539.2000,4538.4000,4541.6000,4543.8000,4545.0000,4546.0000,4555.0000,1,1,2,1,1,1,1,1,1,5
SF,IF2011,2020-09-25 09:30:16.400,4541.4000,2943,0,39513180.000,2,1,1,多换,S,4539.8000,4539.6000,4539.4000,4538.4000,4537.6000,4543.8000,4545.0000,4546.0000,4555.0000,4558.8000,1,1,1,1,1,1,1,1,5,1
SF,IF2011,2020-09-25 09:30:16.900,4541.4000,2943,0,39513180.000,0,-,-,-,-,4540.0000,4539.8000,4538.4000,4537.6000,4536.2000,4542.8000,4543.0000,4543.2000,4543.6000,4543.8000,1,1,1,1,1,1,5,5,2,1
SF,IF2011,2020-09-25 09:30:17.400,4541.4000,2943,0,39513180.000,0,-,-,-,-,4540.0000,4539.8000,4538.4000,4537.6000,4536.2000,4542.6000,4542.8000,4543.0000,4543.2000,4543.6000,1,1,1,1,1,2,1,5,5,1
SF,IF2011,2020-09-25 09:30:17.900,4541.4000,2943,0,39513180.000,0,-,-,-,-,4540.0000,4539.8000,4538.4000,4537.6000,4536.2000,4542.6000,4542.8000,4543.0000,4543.2000,4543.6000,1,1,1,1,1,2,1,5,5,1
SF,IF2011,2020-09-25 09:30:18.400,4541.4000,2943,0,39513180.000,0,-,-,-,-,4540.0000,4539.8000,4538.4000,4537.6000,4536.2000,4542.4000,4542.6000,4543.0000,4543.2000,4543.6000,1,1,1,1,1,3,2,5,5,1
SF,IF2011,2020-09-25 09:30:18.900,4541.4000,2943,0,39513180.000,0,-,-,-,-,4540.2000,4540.0000,4539.8000,4538.4000,4537.6000,4542.2000,4542.4000,4542.6000,4543.0000,4543.2000,1,1,1,1,1,1,2,1,5,5
SF,IF2011,2020-09-25 09:30:19.400,4541.4000,2943,0,39513180.000,0,-,-,-,-,4540.2000,4540.0000,4538.4000,4537.6000,4536.8000,4542.2000,4542.4000,4542.6000,4543.0000,4543.2000,1,1,1,1,1,1,1,1,5,5
SF,IF2011,2020-09-25 09:30:19.900,4541.4000,2943,0,39513180.000,0,-,-,-,-,4540.4000,4540.2000,4540.0000,4538.4000,4537.6000,4542.2000,4542.4000,4542.6000,4543.0000,4543.2000,1,1,1,1,1,1,1,1,5,5
SF,IF2011,2020-09-25 09:30:20.400,4541.4000,2943,0,39513180.000,0,-,-,-,-,4540.4000,4540.2000,4540.0000,4538.4000,4537.6000,4542.0000,4542.2000,4542.4000,4543.0000,4543.2000,1,1,1,1,1,1,1,1,5,4
SF,IF2011,2020-09-25 09:30:20.900,4541.4000,2943,0,39513180.000,0,-,-,-,-,4540.4000,4540.2000,4540.0000,4538.4000,4537.6000,4542.2000,4542.4000,4543.0000,4543.2000,4545.0000,1,1,1,1,1,1,1,5,4,1
SF,IF2011,2020-09-25 09:30:21.400,4541.4000,2943,0,39513180.000,0,-,-,-,-,4540.6000,4540.4000,4540.0000,4538.4000,4537.6000,4542.2000,4542.4000,4543.0000,4543.2000,4545.0000,1,1,1,1,1,1,1,5,4,1
SF,IF2011,2020-09-25 09:30:22.900,4541.4000,2943,0,39513180.000,0,-,-,-,-,4540.4000,4540.0000,4538.4000,4537.6000,4536.8000,4542.2000,4542.4000,4543.0000,4543.2000,4545.0000,1,1,1,1,1,1,1,5,4,1
SF,IF2011,2020-09-25 09:30:23.400,4541.4000,2943,0,39513180.000,0,-,-,-,-,4540.4000,4540.0000,4538.4000,4537.6000,4536.8000,4541.8000,4543.0000,4543.2000,4545.0000,4545.4000,1,1,1,1,1,1,1,4,1,1
SF,IF2011,2020-09-25 09:30:23.900,4541.4000,2943,0,39513180.000,0,-,-,-,-,4540.4000,4538.4000,4537.6000,4536.8000,4536.2000,4543.0000,4543.2000,4545.0000,4545.4000,4548.0000,1,1,1,1,1,1,2,1,1,1
SF,IF2011,2020-09-25 09:30:24.400,4541.4000,2943,0,39513180.000,0,-,-,-,-,4540.6000,4540.4000,4538.4000,4537.6000,4536.2000,4542.8000,4543.0000,4543.2000,4545.0000,4545.4000,1,1,1,1,1,1,1,2,1,1
SF,IF2011,2020-09-25 09:30:24.900,4541.4000,2943,0,39513180.000,0,-,-,-,-,4540.8000,4540.6000,4538.4000,4537.6000,4536.2000,4542.8000,4543.0000,4543.2000,4545.0000,4545.4000,1,1,1,1,1,1,1,3,1,1
SF,IF2011,2020-09-25 09:30:25.400,4541.4000,2943,0,39513180.000,0,-,-,-,-,4540.8000,4540.6000,4538.4000,4537.6000,4536.2000,4542.8000,4545.0000,4545.4000,4548.0000,4555.0000,1,1,1,1,1,1,1,1,1,5
SF,IF2011,2020-09-25 09:30:25.900,4541.4000,2943,0,39513180.000,0,-,-,-,-,4540.8000,4540.6000,4538.4000,4537.6000,4536.2000,4545.0000,4545.4000,4548.0000,4555.0000,4558.8000,1,1,1,1,1,1,1,1,5,1
SF,IF2011,2020-09-25 09:30:26.400,4541.4000,2943,0,39513180.000,0,-,-,-,-,4541.0000,4540.8000,4538.4000,4537.6000,4536.2000,4543.8000,4544.0000,4544.4000,4544.8000,4545.0000,1,1,1,1,1,1,1,5,3,3
SF,IF2011,2020-09-25 09:30:26.900,4541.4000,2943,0,39513180.000,0,-,-,-,-,4541.2000,4541.0000,4538.4000,4537.6000,4536.2000,4543.6000,4543.8000,4544.0000,4544.4000,4544.8000,1,1,1,1,1,1,1,1,5,2
SF,IF2011,2020-09-25 09:30:27.400,4541.4000,2943,0,39513180.000,0,-,-,-,-,4542.8000,4541.2000,4541.0000,4538.4000,4537.6000,4543.6000,4544.0000,4544.4000,4544.8000,4545.0000,1,2,1,1,1,1,1,1,1,3
SF,IF2011,2020-09-25 09:30:27.900,4541.4000,2943,0,39513180.000,0,-,-,-,-,4542.8000,4541.6000,4541.2000,4537.6000,4536.2000,4544.4000,4544.8000,4545.0000,4548.0000,4555.0000,1,1,2,1,1,1,1,3,1,5
SF,IF2011,2020-09-25 09:30:28.400,4541.4000,2943,0,39513180.000,0,-,-,-,-,4543.0000,4542.8000,4541.6000,4536.2000,4535.0000,4544.8000,4545.0000,4548.0000,4555.0000,4558.8000,1,1,1,1,5,1,3,1,5,1
SF,IF2011,2020-09-25 09:30:28.900,4541.4000,2943,0,39513180.000,0,-,-,-,-,4543.0000,4542.8000,4541.6000,4536.2000,4535.0000,4544.6000,4544.8000,4545.0000,4548.0000,4555.0000,1,1,1,1,5,1,1,3,1,5
SF,IF2011,2020-09-25 09:30:29.400,4541.4000,2943,0,39513180.000,0,-,-,-,-,4543.0000,4542.8000,4541.6000,4541.4000,4536.2000,4544.6000,4544.8000,4545.0000,4547.4000,4548.0000,1,2,1,1,1,1,1,3,1,1
SF,IF2011,2020-09-25 09:30:29.900,4541.4000,2943,0,39513180.000,0,-,-,-,-,4543.0000,4542.8000,4541.6000,4541.4000,4536.2000,4544.6000,4545.0000,4547.4000,4548.0000,4548.2000,1,2,1,1,1,1,1,1,1,2
SF,IF2011,2020-09-25 09:30:31.400,4541.4000,2943,0,39513180.000,0,-,-,-,-,4543.0000,4542.8000,4541.6000,4536.2000,4535.0000,4544.6000,4545.0000,4547.4000,4548.0000,4555.0000,1,2,1,1,5,1,1,1,1,5
SF,IF2011,2020-09-25 09:30:31.900,4541.4000,2943,0,39513180.000,0,-,-,-,-,4543.2000,4543.0000,4542.8000,4541.6000,4536.2000,4544.6000,4545.0000,4547.4000,4548.0000,4555.0000,1,2,2,1,1,1,1,1,1,5
SF,IF2011,2020-09-25 09:30:32.400,4541.4000,2943,0,39513180.000,0,-,-,-,-,4543.4000,4543.2000,4543.0000,4542.8000,4541.6000,4544.6000,4545.0000,4547.4000,4548.0000,4558.8000,1,1,2,2,1,1,1,1,1,1
SF,IF2011,2020-09-25 09:30:32.900,4541.4000,2943,0,39513180.000,0,-,-,-,-,4543.4000,4543.0000,4542.8000,4541.6000,4536.2000,4544.4000,4544.6000,4548.0000,4548.6000,4550.4000,1,1,2,1,1,1,1,1,1,2
SF,IF2011,2020-09-25 09:30:33.400,4544.6000,2941,-2,42239880.000,2,0,2,双平,S,4545.0000,4544.6000,4544.2000,4543.8000,4543.0000,4548.0000,4548.6000,4550.4000,4558.8000,4560.0000,1,1,1,2,1,1,1,2,1,5
SF,IF2011,2020-09-25 09:30:33.900,4544.6000,2941,0,42239880.000,0,-,-,-,-,4545.2000,4545.0000,4544.6000,4543.8000,4543.2000,4547.8000,4548.0000,4548.6000,4550.4000,4558.8000,1,1,1,1,1,2,4,1,2,1
SF,IF2011,2020-09-25 09:30:34.400,4545.0000,2940,-1,43603380.000,1,0,1,双平,S,4545.0000,4544.6000,4543.2000,4543.0000,4542.8000,4547.8000,4548.0000,4548.6000,4550.4000,4558.8000,1,1,1,1,2,2,1,1,2,1
SF,IF2011,2020-09-25 09:30:34.900,4545.0000,2940,0,43603380.000,0,-,-,-,-,4545.2000,4545.0000,4544.6000,4543.2000,4543.0000,4547.8000,4548.0000,4558.8000,4560.0000,4560.4000,1,1,1,1,1,2,1,1,5,2
SF,IF2011,2020-09-25 09:30:35.900,4545.0000,2940,0,43603380.000,0,-,-,-,-,4545.2000,4545.0000,4544.6000,4543.2000,4543.0000,4547.8000,4548.0000,4558.8000,4560.0000,4560.4000,1,1,1,1,1,2,2,1,5,2
SF,IF2011,2020-09-25 09:30:36.400,4545.2000,2939,-1,44966940.000,1,0,1,双平,S,4545.0000,4544.6000,4543.2000,4543.0000,4542.8000,4547.8000,4548.0000,4558.8000,4560.0000,4560.4000,1,1,1,1,2,2,2,1,5,2
SF,IF2011,2020-09-25 09:30:36.900,4547.6000,2939,0,46331220.000,1,0,1,多换,S,4545.0000,4544.6000,4543.2000,4542.8000,4536.2000,4547.8000,4548.0000,4558.8000,4560.0000,4560.4000,1,1,1,2,1,2,2,1,5,2
SF,IF2011,2020-09-25 09:30:37.400,4547.6000,2939,0,46331220.000,0,-,-,-,-,4545.0000,4544.6000,4542.8000,4536.2000,4535.0000,4547.8000,4548.0000,4558.8000,4560.0000,4560.4000,1,1,2,1,5,2,1,1,5,2
SF,IF2011,2020-09-25 09:30:38.400,4547.6000,2939,0,46331220.000,0,-,-,-,-,4545.0000,4544.6000,4542.8000,4536.2000,4535.0000,4547.2000,4547.4000,4547.8000,4548.0000,4558.8000,1,1,2,1,5,1,1,2,1,1
SF,IF2011,2020-09-25 09:30:38.900,4547.6000,2939,0,46331220.000,0,-,-,-,-,4545.0000,4544.6000,4542.8000,4536.2000,4535.0000,4547.0000,4547.2000,4547.8000,4548.0000,4558.8000,1,1,2,1,5,1,1,1,1,1
SF,IF2011,2020-09-25 09:30:39.400,4545.0000,2939,0,47694720.000,1,0,1,多换,S,4544.6000,4542.8000,4536.2000,4535.0000,4532.2000,4547.0000,4547.2000,4547.8000,4548.0000,4558.8000,1,1,1,5,1,1,1,1,1,1
SF,IF2011,2020-09-25 09:30:39.900,4546.8000,2937,-2,50422800.000,2,0,2,双平,S,4542.8000,4536.2000,4535.0000,4532.2000,4528.0000,4547.0000,4547.2000,4547.8000,4548.0000,4558.8000,1,1,5,1,1,1,1,1,1,1
SF,IF2011,2020-09-25 09:30:40.400,4546.8000,2937,0,50422800.000,0,-,-,-,-,4543.0000,4542.8000,4536.2000,4535.0000,4532.2000,4546.8000,4547.0000,4547.2000,4558.8000,4560.0000,2,1,1,5,1,5,1,1,1,5
SF,IF2011,2020-09-25 09:30:40.900,4546.8000,2937,0,50422800.000,0,-,-,-,-,4543.0000,4542.8000,4536.2000,4535.0000,4532.2000,4546.4000,4546.6000,4546.8000,4558.8000,4560.0000,2,1,1,5,1,2,1,3,1,5
SF,IF2011,2020-09-25 09:30:41.400,4546.8000,2937,0,50422800.000,0,-,-,-,-,4543.6000,4543.2000,4543.0000,4542.8000,4536.2000,4546.2000,4546.4000,4546.8000,4558.8000,4560.0000,1,1,2,1,1,2,2,1,1,5
SF,IF2011,2020-09-25 09:30:41.900,4546.8000,2937,0,50422800.000,0,-,-,-,-,4543.8000,4543.6000,4543.2000,4543.0000,4542.8000,4546.2000,4546.4000,4546.8000,4558.8000,4560.0000,1,1,1,1,2,2,2,1,1,5
SF,IF2011,2020-09-25 09:30:42.400,4546.8000,2937,0,50422800.000,0,-,-,-,-,4543.8000,4543.6000,4543.0000,4542.8000,4536.2000,4546.2000,4546.8000,4558.8000,4560.0000,4560.4000,1,1,1,2,1,2,1,1,5,2
SF,IF2011,2020-09-25 09:30:42.900,4546.8000,2937,0,50422800.000,0,-,-,-,-,4544.0000,4543.8000,4543.6000,4543.0000,4542.8000,4546.2000,4546.8000,4558.8000,4560.0000,4560.4000,2,1,1,1,2,2,1,1,5,2
SF,IF2011,2020-09-25 09:30:43.400,4546.8000,2937,0,50422800.000,0,-,-,-,-,4544.2000,4544.0000,4543.6000,4543.0000,4542.8000,4546.2000,4546.8000,4558.8000,4560.0000,4560.4000,1,2,1,1,2,1,1,1,5,2
SF,IF2011,2020-09-25 09:30:43.900,4546.8000,2937,0,50422800.000,0,-,-,-,-,4542.8000,4536.2000,4535.0000,4532.2000,4528.0000,4545.6000,4546.2000,4546.8000,4558.8000,4560.0000,2,1,5,1,1,2,1,1,1,5
SF,IF2011,2020-09-25 09:30:44.400,4546.8000,2937,0,50422800.000,0,-,-,-,-,4542.8000,4536.2000,4535.0000,4532.2000,4528.0000,4545.4000,4545.6000,4545.8000,4546.8000,4558.8000,2,1,5,1,1,2,2,5,1,1
SF,IF2011,2020-09-25 09:30:44.900,4546.8000,2937,0,50422800.000,0,-,-,-,-,4542.8000,4536.2000,4535.0000,4532.2000,4528.0000,4545.2000,4545.4000,4545.6000,4545.8000,4558.8000,2,1,5,1,1,2,2,4,5,1
SF,IF2011,2020-09-25 09:30:45.400,4546.8000,2937,0,50422800.000,0,-,-,-,-,4542.8000,4536.2000,4535.0000,4532.2000,4528.0000,4545.0000,4545.4000,4545.6000,4545.8000,4558.8000,2,1,5,1,1,1,1,4,3,1
SF,IF2011,2020-09-25 09:30:45.900,4546.8000,2937,0,50422800.000,0,-,-,-,-,4542.8000,4536.2000,4535.0000,4532.2000,4528.0000,4545.0000,4545.2000,4545.4000,4545.6000,4545.8000,2,1,5,1,1,3,1,1,4,3
SF,IF2011,2020-09-25 09:30:46.400,4546.8000,2937,0,50422800.000,0,-,-,-,-,4542.8000,4536.2000,4535.0000,4532.2000,4528.0000,4545.0000,4545.4000,4545.6000,4545.8000,4558.8000,2,1,5,1,1,1,1,2,3,1
SF,IF2011,2020-09-25 09:30:46.900,4546.8000,2937,0,50422800.000,0,-,-,-,-,4542.8000,4536.2000,4535.0000,4532.2000,4528.0000,4545.0000,4545.4000,4545.8000,4546.2000,4558.8000,2,1,5,1,1,1,1,3,1,1
SF,IF2011,2020-09-25 09:30:47.400,4546.8000,2937,0,50422800.000,0,-,-,-,-,4542.8000,4536.2000,4535.0000,4532.2000,4528.0000,4545.0000,4545.4000,4545.8000,4546.2000,4550.0000,2,1,5,1,1,1,1,3,1,1
SF,IF2011,2020-09-25 09:30:48.400,4546.8000,2937,0,50422800.000,0,-,-,-,-,4542.8000,4536.2000,4535.0000,4532.2000,4528.0000,4545.0000,4545.4000,4545.8000,4546.2000,4547.2000,2,1,5,1,1,3,1,3,1,1
SF,IF2011,2020-09-25 09:30:48.900,4546.8000,2937,0,50422800.000,0,-,-,-,-,4542.8000,4536.2000,4535.0000,4532.2000,4528.0000,4544.8000,4545.0000,4545.4000,4545.8000,4546.2000,2,1,5,1,1,1,3,1,3,2
SF,IF2011,2020-09-25 09:30:49.400,4542.8000,2936,-1,53148480.000,2,0,2,多平,S,4536.2000,4535.0000,4532.2000,4528.0000,4525.8000,4544.6000,4544.8000,4545.0000,4545.4000,4545.8000,1,5,1,1,2,1,1,2,1,3
SF,IF2011,2020-09-25 09:30:49.900,4542.8000,2936,0,53148480.000,0,-,-,-,-,4541.6000,4541.4000,4541.2000,4540.8000,4540.2000,4544.4000,4544.6000,4545.0000,4545.8000,4546.2000,1,1,1,4,3,1,1,2,3,2
SF,IF2011,2020-09-25 09:30:50.400,4542.8000,2936,0,53148480.000,0,-,-,-,-,4541.4000,4540.8000,4540.2000,4539.8000,4539.6000,4544.2000,4544.4000,4545.0000,4545.8000,4546.2000,1,2,3,1,3,1,5,2,1,2
SF,IF2011,2020-09-25 09:30:50.900,4542.8000,2936,0,53148480.000,0,-,-,-,-,4541.6000,4541.4000,4540.8000,4540.2000,4539.8000,4544.0000,4544.2000,4544.4000,4545.0000,4545.8000,1,1,2,3,1,1,1,4,2,1
SF,IF2011,2020-09-25 09:30:51.400,4542.8000,2936,0,53148480.000,0,-,-,-,-,4541.6000,4541.4000,4540.8000,4540.2000,4539.8000,4544.0000,4544.2000,4545.0000,4545.8000,4546.2000,1,1,2,3,1,1,1,2,1,2
SF,IF2011,2020-09-25 09:30:51.900,4542.8000,2936,0,53148480.000,0,-,-,-,-,4541.6000,4541.4000,4540.8000,4540.2000,4539.8000,4543.8000,4544.0000,4545.0000,4545.8000,4546.2000,1,1,2,3,1,1,1,2,1,2
SF,IF2011,2020-09-25 09:30:52.400,4542.8000,2936,0,53148480.000,0,-,-,-,-,4541.6000,4540.8000,4540.2000,4539.8000,4539.6000,4543.8000,4544.0000,4545.0000,4545.8000,4546.2000,1,1,2,1,2,1,1,2,1,2
SF,IF2011,2020-09-25 09:30:52.900,4542.8000,2936,0,53148480.000,0,-,-,-,-,4542.0000,4541.6000,4540.8000,4540.2000,4539.8000,4543.8000,4544.0000,4545.8000,4546.2000,4550.0000,1,1,1,2,1,1,1,1,2,2
SF,IF2011,2020-09-25 09:30:53.400,4542.8000,2936,0,53148480.000,0,-,-,-,-,4541.6000,4540.8000,4540.2000,4539.8000,4539.0000,4543.8000,4545.8000,4546.2000,4550.0000,4558.8000,1,1,2,1,1,1,1,2,2,1
SF,IF2011,2020-09-25 09:30:53.900,4542.8000,2936,0,53148480.000,0,-,-,-,-,4541.6000,4540.8000,4540.2000,4539.8000,4539.0000,4543.8000,4545.8000,4546.2000,4550.0000,4558.8000,2,1,2,1,1,1,1,2,2,1
SF,IF2011,2020-09-25 09:30:54.900,4542.8000,2936,0,53148480.000,0,-,-,-,-,4541.6000,4540.8000,4540.2000,4539.8000,4539.0000,4543.8000,4545.8000,4546.2000,4550.0000,4558.8000,1,1,2,1,1,1,1,2,2,1
SF,IF2011,2020-09-25 09:30:55.900,4542.8000,2936,0,53148480.000,0,-,-,-,-,4541.6000,4539.0000,4538.2000,4536.4000,4536.2000,4543.8000,4545.8000,4546.2000,4550.0000,4558.8000,1,1,3,1,1,1,1,2,2,1
SF,IF2011,2020-09-25 09:30:56.400,4542.8000,2936,0,53148480.000,0,-,-,-,-,4541.6000,4539.0000,4538.2000,4536.4000,4536.2000,4543.8000,4545.8000,4546.2000,4549.8000,4550.0000,1,1,3,1,1,1,1,2,1,2
SF,IF2011,2020-09-25 09:30:56.900,4542.8000,2936,0,53148480.000,0,-,-,-,-,4541.8000,4541.6000,4539.0000,4538.2000,4536.4000,4545.8000,4546.2000,4549.8000,4550.0000,4558.8000,1,1,1,3,1,1,2,1,2,1
SF,IF2011,2020-09-25 09:30:57.400,4542.8000,2936,0,53148480.000,0,-,-,-,-,4542.0000,4541.8000,4539.0000,4538.2000,4536.4000,4545.6000,4545.8000,4546.2000,4549.8000,4550.0000,1,1,1,3,1,6,4,1,1,2
SF,IF2011,2020-09-25 09:30:57.900,4542.8000,2936,0,53148480.000,0,-,-,-,-,4542.2000,4542.0000,4539.0000,4538.2000,4536.4000,4545.6000,4545.8000,4546.2000,4549.8000,4550.0000,1,1,1,3,1,6,4,1,1,2
SF,IF2011,2020-09-25 09:30:58.400,4542.8000,2936,0,53148480.000,0,-,-,-,-,4542.4000,4539.0000,4538.2000,4536.4000,4536.2000,4545.4000,4545.6000,4545.8000,4546.2000,4549.8000,1,1,3,1,1,1,5,4,1,1
SF,IF2011,2020-09-25 09:30:58.900,4542.8000,2936,0,53148480.000,0,-,-,-,-,4539.0000,4538.2000,4536.4000,4536.2000,4535.0000,4545.2000,4545.6000,4545.8000,4546.2000,4549.8000,1,3,1,1,5,3,3,4,1,1
SF,IF2011,2020-09-25 09:30:59.400,4542.8000,2936,0,53148480.000,0,-,-,-,-,4542.2000,4541.8000,4541.2000,4540.8000,4540.2000,4544.6000,4545.2000,4545.6000,4545.8000,4546.2000,1,1,2,5,4,2,2,3,4,1
SF,IF2011,2020-09-25 09:30:59.900,4542.8000,2936,0,53148480.000,0,-,-,-,-,4541.8000,4541.2000,4540.8000,4540.2000,4539.6000,4544.4000,4544.6000,4545.2000,4545.6000,4545.8000,1,2,5,4,2,1,2,1,3,4
SF,IF2011,2020-09-25 09:31:00.400,4542.8000,2936,0,53148480.000,0,-,-,-,-,4542.0000,4541.8000,4541.2000,4540.8000,4540.6000,4544.4000,4544.6000,4545.2000,4545.6000,4545.8000,1,1,2,4,3,1,2,1,3,4
SF,IF2011,2020-09-25 09:31:02.400,4542.8000,2936,0,53148480.000,0,-,-,-,-,4542.0000,4541.8000,4541.2000,4540.8000,4540.6000,4544.4000,4544.6000,4545.2000,4545.6000,4545.8000,1,1,2,4,3,1,2,1,3,4
SF,IF2011,2020-09-25 09:31:02.900,4542.8000,2936,0,53148480.000,0,-,-,-,-,4541.2000,4540.6000,4540.2000,4539.0000,4536.2000,4544.4000,4544.6000,4545.2000,4545.6000,4545.8000,1,3,4,1,1,1,2,1,3,4
SF,IF2011,2020-09-25 09:31:03.400,4542.8000,2936,0,53148480.000,0,-,-,-,-,4541.4000,4541.2000,4540.6000,4540.2000,4539.0000,4544.2000,4544.4000,4544.6000,4545.6000,4545.8000,1,1,3,2,1,1,5,2,1,2
SF,IF2011,2020-09-25 09:31:03.900,4542.8000,2936,0,53148480.000,0,-,-,-,-,4540.6000,4539.0000,4536.2000,4535.0000,4532.2000,4544.0000,4544.2000,4544.4000,4544.6000,4545.6000,3,1,1,5,1,1,1,4,2,1
SF,IF2011,2020-09-25 09:31:04.400,4542.8000,2936,0,53148480.000,0,-,-,-,-,4540.8000,4539.0000,4537.4000,4536.2000,4535.0000,4543.8000,4544.0000,4544.4000,4544.6000,4545.6000,1,1,3,1,5,1,2,4,2,1
SF,IF2011,2020-09-25 09:31:04.900,4542.8000,2936,0,53148480.000,0,-,-,-,-,4539.0000,4537.4000,4536.2000,4535.0000,4532.2000,4543.4000,4543.6000,4543.8000,4544.0000,4544.4000,1,3,1,5,1,1,2,1,1,4
SF,IF2011,2020-09-25 09:31:05.400,4542.8000,2936,0,53148480.000,0,-,-,-,-,4539.6000,4539.2000,4539.0000,4537.4000,4536.2000,4543.0000,4543.2000,4543.4000,4543.6000,4544.0000,1,1,2,3,1,4,7,1,1,1
SF,IF2011,2020-09-25 09:31:05.900,4542.8000,2936,0,53148480.000,0,-,-,-,-,4537.4000,4536.2000,4535.0000,4532.2000,4528.0000,4542.8000,4543.0000,4543.2000,4543.4000,4543.6000,3,1,5,1,2,2,4,5,1,1
SF,IF2011,2020-09-25 09:31:06.400,4542.8000,2936,0,53148480.000,0,-,-,-,-,4539.0000,4538.4000,4537.8000,4537.6000,4537.4000,4542.4000,4542.6000,4542.8000,4543.0000,4543.2000,1,3,2,2,6,2,1,2,4,5
SF,IF2011,2020-09-25 09:31:06.900,4542.8000,2936,0,53148480.000,0,-,-,-,-,4537.6000,4537.4000,4536.2000,4535.0000,4532.2000,4541.4000,4541.6000,4542.0000,4542.2000,4542.4000,1,3,1,5,1,2,3,2,2,1
SF,IF2011,2020-09-25 09:31:07.400,4542.8000,2936,0,53148480.000,0,-,-,-,-,4538.2000,4537.6000,4537.4000,4536.2000,4535.0000,4541.2000,4542.0000,4542.4000,4543.0000,4543.2000,1,2,3,1,5,2,2,1,1,1
SF,IF2011,2020-09-25 09:31:07.900,4542.8000,2936,0,53148480.000,0,-,-,-,-,4538.4000,4538.2000,4537.6000,4536.2000,4535.0000,4541.2000,4541.4000,4542.0000,4542.4000,4543.0000,1,1,1,1,5,2,1,2,1,1
SF,IF2011,2020-09-25 09:31:08.400,4542.8000,2936,0,53148480.000,0,-,-,-,-,4538.4000,4538.2000,4537.6000,4536.2000,4535.0000,4541.2000,4541.4000,4542.0000,4542.4000,4543.0000,1,1,1,1,5,2,1,2,1,1
SF,IF2011,2020-09-25 09:31:08.900,4542.8000,2936,0,53148480.000,0,-,-,-,-,4537.0000,4536.2000,4535.0000,4532.2000,4528.0000,4541.2000,4541.4000,4542.0000,4542.4000,4543.0000,3,1,5,1,2,2,1,2,1,1
SF,IF2011,2020-09-25 09:31:09.400,4542.8000,2936,0,53148480.000,0,-,-,-,-,4538.0000,4537.4000,4537.2000,4537.0000,4536.2000,4541.2000,4541.4000,4542.0000,4542.4000,4543.0000,1,1,3,3,1,2,1,2,1,1
SF,IF2011,2020-09-25 09:31:09.900,4542.8000,2936,0,53148480.000,0,-,-,-,-,4538.2000,4536.2000,4535.0000,4532.2000,4528.0000,4541.2000,4541.4000,4542.0000,4542.4000,4543.0000,1,1,5,1,2,2,1,2,1,1
SF,IF2011,2020-09-25 09:31:10.400,4541.2000,2936,0,55873200.000,2,1,1,多换,S,4538.6000,4538.4000,4538.2000,4536.2000,4535.0000,4540.8000,4541.2000,4541.4000,4542.4000,4544.0000,1,1,1,1,5,2,2,1,1,1
SF,IF2011,2020-09-25 09:31:10.900,4541.2000,2936,0,55873200.000,0,-,-,-,-,4538.8000,4538.6000,4538.4000,4536.2000,4535.0000,4540.6000,4541.2000,4541.4000,4542.2000,4542.4000,1,1,1,1,5,1,1,1,1,1
SF,IF2011,2020-09-25 09:31:11.400,4541.2000,2936,0,55873200.000,0,-,-,-,-,4538.8000,4538.6000,4538.4000,4536.2000,4535.0000,4540.6000,4540.8000,4541.2000,4541.4000,4542.4000,1,1,1,1,5,1,1,1,1,1
SF,IF2011,2020-09-25 09:31:11.900,4541.2000,2936,0,55873200.000,0,-,-,-,-,4539.6000,4538.6000,4538.4000,4536.2000,4535.0000,4540.6000,4540.8000,4541.2000,4542.4000,4544.0000,1,1,1,1,5,1,1,1,1,1
SF,IF2011,2020-09-25 09:31:12.400,4541.2000,2936,0,57235560.000,1,0,1,多换,S,4539.6000,4538.6000,4538.4000,4536.2000,4535.0000,4540.6000,4542.4000,4544.0000,4545.2000,4546.2000,1,1,1,1,5,1,2,1,2,1
SF,IF2011,2020-09-25 09:31:12.900,4539.6000,2936,0,58597440.000,1,0,1,多换,S,4538.6000,4538.4000,4536.2000,4535.0000,4534.2000,4540.4000,4540.6000,4542.4000,4545.2000,4546.2000,1,1,1,5,3,1,1,2,2,1
SF,IF2011,2020-09-25 09:31:13.400,4539.6000,2936,0,58597440.000,0,-,-,-,-,4538.6000,4538.4000,4536.2000,4535.0000,4534.2000,4540.2000,4540.4000,4542.4000,4545.2000,4546.2000,1,1,1,5,3,1,1,2,2,1
SF,IF2011,2020-09-25 09:31:13.900,4539.6000,2936,0,58597440.000,0,-,-,-,-,4538.6000,4538.4000,4536.2000,4535.0000,4534.2000,4540.2000,4542.4000,4545.2000,4546.2000,4549.8000,1,1,1,5,3,1,1,2,1,1
SF,IF2011,2020-09-25 09:31:14.900,4538.6000,2935,-1,59959020.000,1,0,1,双平,S,4538.4000,4536.2000,4535.0000,4534.2000,4528.0000,4540.2000,4542.4000,4545.2000,4546.2000,4549.8000,1,1,5,3,2,1,1,2,1,1
SF,IF2011,2020-09-25 09:31:17.400,4538.4000,2934,-1,62682120.000,2,0,2,多平,S,4536.2000,4535.0000,4534.2000,4528.0000,4525.8000,4540.2000,4542.4000,4545.2000,4546.2000,4549.8000,1,5,3,2,2,1,1,2,1,1
SF,IF2011,2020-09-25 09:31:17.900,4538.4000,2934,0,62682120.000,0,-,-,-,-,4536.8000,4536.4000,4536.2000,4536.0000,4535.0000,4540.0000,4540.2000,4542.4000,4545.2000,4546.2000,1,1,2,1,5,2,4,1,2,1
SF,IF2011,2020-09-25 09:31:18.400,4538.4000,2934,0,62682120.000,0,-,-,-,-,4536.4000,4536.2000,4534.2000,4530.0000,4528.0000,4539.8000,4540.0000,4540.2000,4542.4000,4545.2000,1,1,3,5,2,1,2,3,1,2
SF,IF2011,2020-09-25 09:31:18.900,4538.4000,2934,0,62682120.000,0,-,-,-,-,4536.4000,4536.2000,4534.2000,4530.0000,4528.0000,4539.4000,4539.6000,4539.8000,4540.0000,4540.2000,1,1,3,5,2,1,1,1,1,3
SF,IF2011,2020-09-25 09:31:19.400,4538.4000,2934,0,62682120.000,0,-,-,-,-,4536.4000,4536.2000,4534.2000,4530.0000,4528.0000,4539.0000,4539.2000,4539.4000,4539.6000,4540.0000,1,1,3,5,2,1,2,1,4,1
SF,IF2011,2020-09-25 09:31:19.900,4538.4000,2934,0,62682120.000,0,-,-,-,-,4536.4000,4536.2000,4531.2000,4530.0000,4528.0000,4538.8000,4539.2000,4539.4000,4540.0000,4540.2000,1,1,3,5,2,1,1,1,1,3
SF,IF2011,2020-09-25 09:31:20.400,4536.6000,2933,-1,64043100.000,1,0,1,双平,S,4536.6000,4536.4000,4536.2000,4531.6000,4530.0000,4539.2000,4539.4000,4540.0000,4540.2000,4545.2000,2,1,1,1,5,1,1,1,3,2
SF,IF2011,2020-09-25 09:31:20.900,4536.6000,2933,0,64043100.000,0,-,-,-,-,4536.8000,4536.6000,4536.2000,4531.6000,4530.0000,4539.2000,4545.2000,4546.2000,4549.8000,4550.0000,3,1,1,1,5,1,2,1,1,2
SF,IF2011,2020-09-25 09:31:21.400,4536.6000,2933,0,64043100.000,0,-,-,-,-,4538.2000,4537.6000,4537.0000,4536.8000,4536.6000,4539.2000,4545.2000,4546.2000,4549.8000,4550.0000,1,1,1,2,1,1,2,1,1,2
SF,IF2011,2020-09-25 09:31:21.900,4536.6000,2933,0,64043100.000,0,-,-,-,-,4537.6000,4537.0000,4536.8000,4536.6000,4536.2000,4545.2000,4546.2000,4549.8000,4550.0000,4558.8000,1,1,1,1,1,2,1,1,2,1
SF,IF2011,2020-09-25 09:31:22.400,4536.6000,2933,0,64043100.000,0,-,-,-,-,4537.8000,4536.2000,4531.6000,4530.0000,4528.0000,4540.8000,4541.4000,4541.6000,4542.4000,4544.0000,1,1,1,5,2,7,2,3,1,1
SF,IF2011,2020-09-25 09:31:22.900,4536.6000,2933,0,64043100.000,0,-,-,-,-,4536.6000,4536.2000,4531.6000,4530.0000,4528.0000,4540.6000,4540.8000,4541.4000,4541.6000,4542.4000,1,1,1,5,2,3,7,2,3,1
SF,IF2011,2020-09-25 09:31:23.400,4536.6000,2933,0,64043100.000,0,-,-,-,-,4536.8000,4536.6000,4536.2000,4531.6000,4530.0000,4540.2000,4540.4000,4540.6000,4540.8000,4541.4000,1,1,1,1,5,4,1,3,5,3
SF,IF2011,2020-09-25 09:31:23.900,4536.6000,2933,0,64043100.000,0,-,-,-,-,4537.0000,4536.8000,4536.6000,4536.2000,4531.6000,4540.0000,4540.2000,4540.4000,4540.8000,4541.4000,1,1,1,1,1,3,3,1,5,3
SF,IF2011,2020-09-25 09:31:24.400,4536.6000,2933,0,64043100.000,0,-,-,-,-,4537.0000,4536.8000,4536.6000,4536.2000,4531.6000,4540.0000,4540.4000,4540.8000,4541.4000,4542.4000,1,1,1,1,1,3,1,5,3,1
SF,IF2011,2020-09-25 09:31:24.900,4536.6000,2933,0,64043100.000,0,-,-,-,-,4537.0000,4536.8000,4536.2000,4531.6000,4530.0000,4539.4000,4540.0000,4540.4000,4540.8000,4541.4000,1,1,1,1,5,1,3,1,5,3
SF,IF2011,2020-09-25 09:31:25.400,4536.6000,2933,0,64043100.000,0,-,-,-,-,4537.2000,4537.0000,4536.2000,4531.6000,4530.0000,4539.4000,4540.0000,4541.4000,4542.4000,4545.0000,2,1,1,1,5,1,1,3,1,1
SF,IF2011,2020-09-25 09:31:25.900,4536.6000,2933,0,64043100.000,0,-,-,-,-,4537.6000,4537.4000,4537.2000,4536.2000,4531.6000,4540.0000,4541.4000,4542.4000,4545.0000,4546.2000,1,1,2,1,1,1,3,1,1,1
SF,IF2011,2020-09-25 09:31:26.400,4536.6000,2933,0,64043100.000,0,-,-,-,-,4537.6000,4537.4000,4537.2000,4536.2000,4531.6000,4539.8000,4540.0000,4541.4000,4542.4000,4545.0000,1,2,2,1,1,1,1,3,1,1
SF,IF2011,2020-09-25 09:31:26.900,4536.6000,2933,0,64043100.000,0,-,-,-,-,4537.4000,4537.2000,4536.2000,4531.6000,4530.0000,4539.8000,4540.0000,4541.4000,4542.4000,4545.0000,2,1,1,1,5,1,1,3,1,1
SF,IF2011,2020-09-25 09:31:27.400,4536.6000,2933,0,64043100.000,0,-,-,-,-,4537.2000,4536.2000,4531.6000,4530.0000,4528.0000,4539.8000,4540.0000,4541.4000,4542.4000,4545.0000,1,1,1,5,2,1,1,2,1,1
SF,IF2011,2020-09-25 09:31:27.900,4536.6000,2933,0,64043100.000,0,-,-,-,-,4537.2000,4536.2000,4531.6000,4530.0000,4528.0000,4539.8000,4540.0000,4541.4000,4542.4000,4545.0000,1,1,1,5,2,1,1,2,1,1
SF,IF2011,2020-09-25 09:31:28.400,4536.6000,2933,0,64043100.000,0,-,-,-,-,4537.2000,4536.2000,4531.6000,4530.0000,4528.0000,4539.6000,4539.8000,4540.0000,4541.4000,4542.4000,1,1,1,5,2,4,1,1,1,1
SF,IF2011,2020-09-25 09:31:28.900,4536.6000,2933,0,64043100.000,0,-,-,-,-,4537.2000,4536.2000,4531.6000,4530.0000,4528.0000,4539.4000,4539.6000,4540.0000,4541.4000,4542.4000,1,1,1,5,2,1,1,1,1,1
SF,IF2011,2020-09-25 09:31:29.400,4536.6000,2933,0,64043100.000,0,-,-,-,-,4537.4000,4537.2000,4536.2000,4531.6000,4530.0000,4539.4000,4540.0000,4541.4000,4542.4000,4545.0000,1,1,1,1,5,1,1,1,1,1
SF,IF2011,2020-09-25 09:31:31.400,4536.6000,2933,0,64043100.000,0,-,-,-,-,4537.4000,4537.2000,4536.2000,4531.6000,4530.0000,4539.4000,4540.0000,4542.4000,4546.2000,4549.8000,1,1,1,1,5,1,1,1,1,1
SF,IF2011,2020-09-25 09:31:31.900,4536.6000,2933,0,64043100.000,0,-,-,-,-,4537.4000,4537.2000,4536.2000,4531.6000,4530.0000,4540.0000,4542.4000,4546.2000,4549.8000,4550.0000,1,1,1,1,5,1,1,1,1,2
SF,IF2011,2020-09-25 09:31:32.400,4536.6000,2933,0,64043100.000,0,-,-,-,-,4537.4000,4537.2000,4536.2000,4531.6000,4530.0000,4539.8000,4540.0000,4542.4000,4546.2000,4549.8000,1,1,1,1,5,1,1,1,1,1
SF,IF2011,2020-09-25 09:31:32.900,4536.6000,2933,0,64043100.000,0,-,-,-,-,4537.4000,4537.2000,4536.2000,4531.6000,4530.0000,4540.0000,4542.4000,4546.2000,4549.8000,4550.0000,2,1,1,1,5,1,1,1,1,2
SF,IF2011,2020-09-25 09:31:33.400,4536.6000,2933,0,64043100.000,0,-,-,-,-,4537.4000,4537.2000,4536.2000,4531.6000,4530.0000,4539.8000,4540.0000,4542.4000,4546.2000,4549.8000,1,1,1,1,5,1,1,1,1,1
SF,IF2011,2020-09-25 09:31:34.900,4536.6000,2933,0,64043100.000,0,-,-,-,-,4537.4000,4537.2000,4536.2000,4531.6000,4530.0000,4539.8000,4540.0000,4542.4000,4543.2000,4546.2000,1,1,1,1,5,1,1,1,1,1
SF,IF2011,2020-09-25 09:31:35.400,4536.6000,2933,0,64043100.000,0,-,-,-,-,4537.4000,4537.2000,4536.2000,4531.6000,4530.0000,4539.8000,4540.0000,4542.4000,4543.2000,4546.2000,2,1,1,1,5,1,1,1,1,1
SF,IF2011,2020-09-25 09:31:35.900,4536.6000,2933,0,64043100.000,0,-,-,-,-,4538.6000,4537.4000,4537.2000,4536.2000,4531.6000,4539.8000,4540.0000,4542.4000,4543.2000,4546.2000,1,1,1,1,1,1,1,1,1,1
SF,IF2011,2020-09-25 09:31:36.400,4536.6000,2933,0,64043100.000,0,-,-,-,-,4537.4000,4537.2000,4536.2000,4531.6000,4530.0000,4539.8000,4542.4000,4543.2000,4546.2000,4549.8000,1,1,1,1,5,1,1,1,1,1
SF,IF2011,2020-09-25 09:31:36.900,4536.6000,2933,0,64043100.000,0,-,-,-,-,4540.0000,4539.4000,4539.2000,4539.0000,4538.6000,4542.4000,4543.2000,4546.2000,4549.8000,4550.0000,1,1,1,1,1,1,1,1,1,2
SF,IF2011,2020-09-25 09:31:37.400,4536.6000,2933,0,64043100.000,0,-,-,-,-,4540.0000,4537.6000,4537.4000,4537.2000,4536.2000,4542.0000,4542.2000,4542.4000,4543.2000,4546.2000,1,1,1,1,1,2,1,1,1,1
SF,IF2011,2020-09-25 09:31:37.900,4536.6000,2933,0,64043100.000,0,-,-,-,-,4540.0000,4537.6000,4537.4000,4537.2000,4536.2000,4541.8000,4542.0000,4542.4000,4543.2000,4546.2000,1,4,1,1,1,1,2,1,1,1
SF,IF2011,2020-09-25 09:31:38.900,4536.6000,2933,0,64043100.000,0,-,-,-,-,4540.0000,4537.6000,4537.4000,4537.2000,4536.2000,4541.8000,4542.4000,4543.2000,4546.2000,4549.8000,1,4,1,1,1,1,1,1,1,1
SF,IF2011,2020-09-25 09:31:39.400,4536.6000,2933,0,64043100.000,0,-,-,-,-,4540.0000,4537.6000,4537.4000,4536.2000,4530.0000,4541.8000,4542.0000,4542.4000,4543.2000,4546.2000,1,4,1,1,5,1,1,1,1,1
SF,IF2011,2020-09-25 09:31:39.900,4536.6000,2933,0,64043100.000,0,-,-,-,-,4540.0000,4537.6000,4537.4000,4536.2000,4530.0000,4541.4000,4541.6000,4541.8000,4542.0000,4542.4000,1,4,1,1,5,2,3,1,1,1
SF,IF2011,2020-09-25 09:31:40.400,4536.6000,2933,0,64043100.000,0,-,-,-,-,4540.0000,4537.6000,4537.4000,4537.0000,4536.2000,4541.2000,4542.4000,4543.2000,4546.2000,4549.8000,1,4,1,1,1,1,1,1,1,1
SF,IF2011,2020-09-25 09:31:40.900,4536.6000,2933,0,64043100.000,0,-,-,-,-,4540.0000,4537.6000,4537.4000,4537.0000,4536.2000,4541.2000,4542.4000,4543.2000,4546.2000,4549.8000,1,4,1,1,1,1,1,1,1,1
SF,IF2011,2020-09-25 09:31:41.400,4536.6000,2933,0,64043100.000,0,-,-,-,-,4540.0000,4537.6000,4537.4000,4537.0000,4536.2000,4541.2000,4543.2000,4546.2000,4549.8000,4550.0000,1,4,1,1,1,1,1,1,1,2
SF,IF2011,2020-09-25 09:31:41.900,4541.2000,2933,0,65405460.000,1,0,1,多换,S,4540.0000,4537.6000,4537.4000,4537.0000,4536.2000,4543.2000,4546.2000,4549.8000,4550.0000,4555.0000,1,4,1,1,1,1,1,1,2,5
SF,IF2011,2020-09-25 09:31:42.400,4541.2000,2933,0,65405460.000,0,-,-,-,-,4540.2000,4540.0000,4537.6000,4537.0000,4536.2000,4542.0000,4542.2000,4542.4000,4543.0000,4543.2000,1,1,4,1,1,2,1,2,6,4
SF,IF2011,2020-09-25 09:31:42.900,4541.2000,2933,0,65405460.000,0,-,-,-,-,4540.2000,4540.0000,4537.6000,4537.0000,4536.2000,4541.8000,4542.2000,4542.4000,4543.0000,4543.2000,1,1,4,1,1,1,1,1,5,4
SF,IF2011,2020-09-25 09:31:43.400,4541.2000,2933,0,65405460.000,0,-,-,-,-,4540.0000,4537.6000,4537.0000,4536.2000,4536.0000,4541.4000,4541.6000,4541.8000,4542.0000,4542.4000,1,6,1,1,1,1,3,1,1,1
SF,IF2011,2020-09-25 09:31:43.900,4540.0000,2933,0,66767460.000,1,0,1,多换,S,4537.6000,4537.0000,4536.2000,4536.0000,4530.0000,4541.2000,4541.4000,4541.6000,4542.0000,4542.4000,6,1,1,1,5,1,2,3,1,1
SF,IF2011,2020-09-25 09:31:44.400,4540.0000,2933,0,66767460.000,0,-,-,-,-,4537.8000,4537.6000,4537.0000,4536.2000,4536.0000,4541.0000,4541.2000,4541.4000,4541.6000,4542.0000,2,3,1,1,1,1,1,2,3,1
SF,IF2011,2020-09-25 09:31:44.900,4540.0000,2933,0,66767460.000,0,-,-,-,-,4537.8000,4537.6000,4537.0000,4536.2000,4536.0000,4540.8000,4541.0000,4542.0000,4542.4000,4543.0000,2,3,1,1,1,1,1,1,1,1
SF,IF2011,2020-09-25 09:31:45.400,4540.0000,2933,0,66767460.000,0,-,-,-,-,4537.8000,4537.6000,4537.0000,4536.2000,4536.0000,4540.6000,4540.8000,4542.0000,4542.4000,4543.0000,1,3,1,1,1,1,1,1,1,1
SF,IF2011,2020-09-25 09:31:45.900,4540.0000,2933,0,66767460.000,0,-,-,-,-,4537.8000,4537.6000,4537.0000,4536.2000,4536.0000,4540.4000,4540.6000,4542.0000,4542.4000,4543.0000,1,3,1,1,1,1,1,1,1,1
SF,IF2011,2020-09-25 09:31:46.400,4540.0000,2933,0,66767460.000,0,-,-,-,-,4537.8000,4537.0000,4536.2000,4536.0000,4533.0000,4540.2000,4540.4000,4540.6000,4540.8000,4542.4000,1,1,1,1,3,3,1,1,1,1
SF,IF2011,2020-09-25 09:31:46.900,4540.0000,2933,0,66767460.000,0,-,-,-,-,4537.8000,4537.0000,4536.2000,4536.0000,4533.0000,4540.4000,4540.6000,4542.4000,4543.2000,4546.2000,1,1,1,1,3,1,1,1,1,1
SF,IF2011,2020-09-25 09:31:47.900,4540.6000,2933,0,69491760.000,2,1,1,多换,S,4537.8000,4537.0000,4536.2000,4536.0000,4533.0000,4542.4000,4543.2000,4546.2000,4549.8000,4550.0000,1,1,1,1,3,1,1,1,1,2
SF,IF2011,2020-09-25 09:31:48.400,4540.6000,2933,0,69491760.000,0,-,-,-,-,4538.0000,4537.8000,4537.0000,4536.2000,4536.0000,4540.6000,4540.8000,4541.4000,4541.6000,4542.2000,1,1,1,1,1,1,6,2,3,3
SF,IF2011,2020-09-25 09:31:48.900,4540.6000,2933,0,69491760.000,0,-,-,-,-,4538.2000,4538.0000,4537.0000,4536.2000,4536.0000,4540.4000,4540.8000,4541.4000,4541.6000,4542.2000,1,1,1,1,1,2,7,2,3,2
SF,IF2011,2020-09-25 09:31:49.400,4540.6000,2933,0,69491760.000,0,-,-,-,-,4538.2000,4538.0000,4537.0000,4536.2000,4536.0000,4540.2000,4540.4000,4542.4000,4543.2000,4546.2000,1,1,1,1,1,1,2,1,1,1
SF,IF2011,2020-09-25 09:31:49.900,4540.6000,2933,0,69491760.000,0,-,-,-,-,4538.2000,4537.0000,4536.2000,4536.0000,4533.0000,4540.0000,4540.2000,4540.4000,4542.4000,4543.2000,1,1,1,1,3,1,1,1,1,1
SF,IF2011,2020-09-25 09:31:50.400,4540.6000,2933,0,69491760.000,0,-,-,-,-,4537.0000,4536.2000,4536.0000,4533.0000,4530.0000,4540.0000,4540.2000,4542.4000,4543.2000,4546.2000,1,1,1,3,5,2,4,1,1,1
SF,IF2011,2020-09-25 09:31:50.900,4540.6000,2933,0,69491760.000,0,-,-,-,-,4537.2000,4537.0000,4536.2000,4536.0000,4533.0000,4539.8000,4540.0000,4540.2000,4542.4000,4543.2000,1,1,1,1,3,1,2,1,1,1
SF,IF2011,2020-09-25 09:31:51.400,4540.6000,2933,0,69491760.000,0,-,-,-,-,4537.2000,4536.2000,4536.0000,4533.0000,4530.0000,4539.6000,4539.8000,4540.0000,4540.2000,4542.4000,1,1,1,3,5,1,1,1,1,1
SF,IF2011,2020-09-25 09:31:51.900,4540.6000,2933,0,69491760.000,0,-,-,-,-,4537.2000,4536.2000,4536.0000,4533.0000,4530.0000,4539.6000,4539.8000,4540.0000,4540.2000,4542.4000,1,1,1,3,5,5,1,1,1,1
SF,IF2011,2020-09-25 09:31:52.400,4540.6000,2933,0,69491760.000,0,-,-,-,-,4537.2000,4536.2000,4536.0000,4533.0000,4530.0000,4539.6000,4539.8000,4540.0000,4540.2000,4542.4000,1,1,1,3,5,1,1,1,1,1
SF,IF2011,2020-09-25 09:31:52.900,4540.6000,2933,0,69491760.000,0,-,-,-,-,4537.2000,4536.2000,4536.0000,4533.0000,4530.0000,4539.6000,4539.8000,4540.0000,4540.2000,4542.4000,1,1,1,3,5,5,1,1,1,1
SF,IF2011,2020-09-25 09:31:53.400,4540.6000,2933,0,69491760.000,0,-,-,-,-,4537.2000,4536.2000,4536.0000,4533.0000,4530.0000,4539.0000,4539.2000,4539.4000,4539.6000,4539.8000,1,1,1,3,5,1,1,1,5,1
SF,IF2011,2020-09-25 09:31:53.900,4540.6000,2933,0,69491760.000,0,-,-,-,-,4537.2000,4536.2000,4536.0000,4533.0000,4530.0000,4539.2000,4539.4000,4539.6000,4539.8000,4543.2000,1,1,1,3,5,2,1,5,1,1
SF,IF2011,2020-09-25 09:31:54.400,4540.6000,2933,0,69491760.000,0,-,-,-,-,4537.2000,4536.2000,4536.0000,4533.0000,4530.0000,4539.6000,4543.2000,4546.2000,4549.8000,4550.0000,1,1,1,3,5,1,1,1,1,2
SF,IF2011,2020-09-25 09:31:54.900,4540.6000,2933,0,69491760.000,0,-,-,-,-,4537.4000,4537.2000,4536.2000,4536.0000,4533.0000,4539.6000,4543.2000,4546.2000,4549.8000,4550.0000,1,1,1,1,3,1,1,1,1,2
SF,IF2011,2020-09-25 09:31:55.400,4540.6000,2933,0,69491760.000,0,-,-,-,-,4537.6000,4537.4000,4536.2000,4536.0000,4533.0000,4539.6000,4543.2000,4546.2000,4549.8000,4550.0000,1,1,1,1,3,1,1,1,1,2
SF,IF2011,2020-09-25 09:31:55.900,4540.6000,2933,0,69491760.000,0,-,-,-,-,4537.6000,4537.4000,4536.2000,4536.0000,4533.0000,4539.4000,4543.2000,4546.2000,4549.8000,4550.0000,1,1,1,1,3,1,1,1,1,2
SF,IF2011,2020-09-25 09:31:56.400,4540.6000,2933,0,69491760.000,0,-,-,-,-,4537.6000,4537.4000,4536.2000,4536.0000,4533.0000,4543.2000,4546.2000,4549.8000,4550.0000,4555.0000,1,1,1,1,3,1,1,1,2,5
SF,IF2011,2020-09-25 09:31:56.900,4540.6000,2933,0,69491760.000,0,-,-,-,-,4537.8000,4537.6000,4536.2000,4536.0000,4533.0000,4541.0000,4541.2000,4541.4000,4541.6000,4542.0000,1,1,1,1,3,1,1,2,3,2
SF,IF2011,2020-09-25 09:31:57.400,4540.6000,2933,0,69491760.000,0,-,-,-,-,4538.0000,4537.8000,4536.2000,4536.0000,4533.0000,4541.0000,4541.2000,4541.4000,4541.6000,4542.0000,1,2,1,1,3,1,1,1,3,2
SF,IF2011,2020-09-25 09:31:57.900,4540.6000,2933,0,69491760.000,0,-,-,-,-,4539.4000,4538.2000,4538.0000,4537.8000,4536.2000,4541.0000,4541.2000,4541.6000,4542.0000,4542.4000,1,1,1,1,1,1,1,1,2,1
SF,IF2011,2020-09-25 09:31:58.400,4540.6000,2933,0,69491760.000,0,-,-,-,-,4539.6000,4538.2000,4536.2000,4536.0000,4533.0000,4540.0000,4542.0000,4542.4000,4543.0000,4543.2000,1,1,1,1,3,1,2,1,2,3
SF,IF2011,2020-09-25 09:31:58.900,4540.0000,2932,-1,70853760.000,1,0,1,双平,S,4540.0000,4539.6000,4536.2000,4536.0000,4533.0000,4542.4000,4543.0000,4543.2000,4546.2000,4549.8000,1,1,1,1,3,1,2,2,1,1
SF,IF2011,2020-09-25 09:31:59.400,4540.0000,2932,0,70853760.000,0,-,-,-,-,4540.2000,4540.0000,4536.2000,4536.0000,4533.0000,4542.2000,4542.4000,4543.0000,4543.2000,4546.2000,1,1,1,1,3,1,1,1,2,1
SF,IF2011,2020-09-25 09:31:59.900,4540.0000,2932,0,70853760.000,0,-,-,-,-,4540.2000,4540.0000,4536.2000,4536.0000,4533.0000,4542.2000,4543.0000,4543.2000,4546.2000,4549.8000,1,1,1,1,3,1,1,2,1,1
SF,IF2011,2020-09-25 09:32:01.400,4540.0000,2932,0,70853760.000,0,-,-,-,-,4540.2000,4540.0000,4536.2000,4536.0000,4533.0000,4542.0000,4542.2000,4543.0000,4543.2000,4546.2000,1,1,1,1,3,1,1,1,2,1
SF,IF2011,2020-09-25 09:32:01.900,4540.0000,2932,0,70853760.000,0,-,-,-,-,4536.2000,4536.0000,4533.0000,4530.0000,4528.0000,4541.8000,4542.0000,4543.0000,4543.2000,4546.2000,1,1,3,5,2,2,1,1,2,1
SF,IF2011,2020-09-25 09:32:02.400,4540.0000,2932,0,70853760.000,0,-,-,-,-,4540.0000,4539.0000,4538.4000,4538.0000,4537.8000,4541.6000,4541.8000,4542.0000,4543.0000,4543.2000,1,1,1,1,2,1,2,1,1,2
SF,IF2011,2020-09-25 09:32:02.900,4540.0000,2932,0,70853760.000,0,-,-,-,-,4538.0000,4537.2000,4537.0000,4536.4000,4536.2000,4541.4000,4541.8000,4543.0000,4543.2000,4546.2000,1,1,1,3,1,2,1,1,2,1
SF,IF2011,2020-09-25 09:32:03.400,4540.0000,2932,0,70853760.000,0,-,-,-,-,4538.2000,4538.0000,4537.2000,4537.0000,4536.4000,4541.2000,4541.4000,4541.6000,4541.8000,4543.0000,1,2,1,1,1,1,3,3,1,1
SF,IF2011,2020-09-25 09:32:03.900,4540.0000,2932,0,70853760.000,0,-,-,-,-,4538.2000,4536.2000,4536.0000,4533.0000,4530.0000,4540.8000,4541.0000,4541.2000,4541.4000,4541.6000,1,1,1,3,5,3,2,1,1,3
SF,IF2011,2020-09-25 09:32:04.400,4540.0000,2932,0,70853760.000,0,-,-,-,-,4538.2000,4536.2000,4536.0000,4533.0000,4530.0000,4540.6000,4540.8000,4541.0000,4541.2000,4541.4000,1,1,1,3,5,2,4,1,1,1
SF,IF2011,2020-09-25 09:32:04.900,4540.0000,2932,0,70853760.000,0,-,-,-,-,4538.2000,4536.2000,4536.0000,4533.0000,4530.0000,4540.6000,4541.2000,4541.4000,4541.6000,4546.2000,1,1,1,3,5,2,1,1,3,1
SF,IF2011,2020-09-25 09:32:05.400,4540.0000,2932,0,70853760.000,0,-,-,-,-,4540.0000,4538.4000,4538.2000,4536.2000,4536.0000,4546.2000,4549.8000,4550.0000,4555.0000,4558.8000,1,2,1,1,1,1,1,2,5,1
SF,IF2011,2020-09-25 09:32:05.900,4540.0000,2932,0,70853760.000,0,-,-,-,-,4540.2000,4538.4000,4536.2000,4536.0000,4530.8000,4540.6000,4541.6000,4541.8000,4542.0000,4542.4000,2,2,1,1,3,1,1,1,2,1
SF,IF2011,2020-09-25 09:32:06.400,4540.0000,2932,0,70853760.000,0,-,-,-,-,4540.2000,4538.4000,4536.2000,4536.0000,4530.8000,4540.6000,4542.0000,4542.4000,4543.0000,4543.2000,1,1,1,1,3,1,2,1,3,3
SF,IF2011,2020-09-25 09:32:06.900,4540.2000,2931,-1,72215820.000,1,0,1,双平,S,4536.2000,4536.0000,4530.8000,4530.0000,4528.0000,4540.6000,4542.0000,4542.4000,4543.0000,4543.2000,1,1,3,5,2,1,2,1,1,1
SF,IF2011,2020-09-25 09:32:07.400,4540.2000,2931,0,72215820.000,0,-,-,-,-,4539.2000,4538.0000,4537.4000,4537.2000,4537.0000,4540.4000,4540.6000,4542.0000,4542.4000,4543.0000,1,1,1,2,1,1,1,2,1,1
SF,IF2011,2020-09-25 09:32:07.900,4540.2000,2931,0,72215820.000,0,-,-,-,-,4538.4000,4537.8000,4537.6000,4537.4000,4537.2000,4540.6000,4542.4000,4543.0000,4543.2000,4544.0000,1,2,1,3,1,1,1,1,1,1
SF,IF2011,2020-09-25 09:32:08.400,4540.2000,2931,0,72215820.000,0,-,-,-,-,4538.6000,4537.8000,4537.0000,4536.4000,4536.2000,4540.6000,4542.4000,4543.0000,4543.2000,4544.0000,1,2,1,2,1,1,1,1,1,1
SF,IF2011,2020-09-25 09:32:08.900,4540.2000,2931,0,72215820.000,0,-,-,-,-,4539.8000,4538.6000,4537.0000,4536.4000,4536.2000,4540.6000,4542.4000,4543.0000,4543.2000,4544.0000,1,3,1,1,1,1,1,1,1,1
SF,IF2011,2020-09-25 09:32:09.400,4540.2000,2931,0,72215820.000,0,-,-,-,-,4538.6000,4537.0000,4536.4000,4536.2000,4536.0000,4540.6000,4542.4000,4543.0000,4543.2000,4544.0000,2,1,1,1,1,1,1,1,1,1
SF,IF2011,2020-09-25 09:32:09.900,4540.2000,2931,0,72215820.000,0,-,-,-,-,4538.6000,4537.0000,4536.4000,4536.2000,4536.0000,4540.6000,4542.4000,4543.0000,4543.2000,4544.0000,1,1,1,1,1,1,1,1,1,1
SF,IF2011,2020-09-25 09:32:10.400,4540.2000,2931,0,72215820.000,0,-,-,-,-,4538.6000,4537.8000,4537.0000,4536.4000,4536.2000,4540.6000,4542.4000,4543.0000,4543.2000,4544.0000,1,1,1,1,1,1,1,2,1,1
SF,IF2011,2020-09-25 09:32:10.900,4540.2000,2931,0,72215820.000,0,-,-,-,-,4538.6000,4537.8000,4537.0000,4536.4000,4536.2000,4540.6000,4542.4000,4543.0000,4543.2000,4544.0000,1,1,1,1,1,1,1,2,1,1
SF,IF2011,2020-09-25 09:32:11.900,4540.2000,2931,0,72215820.000,0,-,-,-,-,4538.6000,4537.0000,4536.4000,4536.2000,4536.0000,4540.6000,4542.4000,4543.0000,4543.2000,4544.0000,1,1,1,1,1,1,1,2,1,1
SF,IF2011,2020-09-25 09:32:14.400,4540.2000,2931,0,72215820.000,0,-,-,-,-,4538.6000,4537.0000,4536.4000,4536.2000,4536.0000,4542.4000,4543.0000,4543.2000,4544.0000,4546.2000,1,1,1,1,1,1,1,3,1,1
SF,IF2011,2020-09-25 09:32:14.900,4540.2000,2931,0,72215820.000,0,-,-,-,-,4538.6000,4537.0000,4536.4000,4536.2000,4536.0000,4541.2000,4542.2000,4542.4000,4543.0000,4543.2000,2,1,1,1,1,1,3,1,1,3
SF,IF2011,2020-09-25 09:32:15.400,4540.2000,2931,0,72215820.000,0,-,-,-,-,4540.0000,4538.8000,4538.6000,4537.0000,4536.4000,4541.2000,4542.2000,4542.4000,4543.0000,4543.2000,1,1,2,1,1,1,3,1,1,3
SF,IF2011,2020-09-25 09:32:15.900,4540.2000,2931,0,72215820.000,0,-,-,-,-,4538.8000,4538.6000,4537.0000,4536.4000,4536.2000,4541.2000,4542.2000,4542.4000,4543.0000,4543.2000,1,2,1,1,1,1,1,1,1,3
SF,IF2011,2020-09-25 09:32:16.400,4540.2000,2931,0,72215820.000,0,-,-,-,-,4539.0000,4538.8000,4537.0000,4536.4000,4536.2000,4541.2000,4542.2000,4543.0000,4543.2000,4544.0000,1,1,1,1,1,1,1,1,3,1
SF,IF2011,2020-09-25 09:32:16.900,4540.2000,2931,0,72215820.000,0,-,-,-,-,4540.6000,4539.2000,4539.0000,4538.8000,4537.0000,4542.2000,4543.0000,4543.2000,4544.0000,4546.2000,1,1,1,1,1,1,1,3,1,1
SF,IF2011,2020-09-25 09:32:17.400,4540.2000,2931,0,72215820.000,0,-,-,-,-,4539.0000,4538.8000,4537.0000,4536.4000,4536.2000,4542.2000,4543.0000,4543.2000,4544.0000,4546.2000,1,1,1,1,1,1,1,3,1,1
SF,IF2011,2020-09-25 09:32:17.900,4540.2000,2931,0,72215820.000,0,-,-,-,-,4539.2000,4539.0000,4538.8000,4537.0000,4536.4000,4542.0000,4542.2000,4543.0000,4543.2000,4544.0000,1,1,1,1,1,1,1,1,3,1
SF,IF2011,2020-09-25 09:32:18.400,4540.2000,2931,0,72215820.000,0,-,-,-,-,4540.8000,4539.4000,4539.2000,4538.8000,4537.0000,4542.0000,4542.2000,4543.2000,4544.0000,4546.2000,1,2,1,1,1,1,1,3,1,1
SF,IF2011,2020-09-25 09:32:18.900,4540.2000,2931,0,72215820.000,0,-,-,-,-,4539.4000,4539.2000,4538.8000,4537.0000,4536.2000,4542.0000,4542.2000,4543.2000,4544.0000,4544.2000,2,1,1,1,1,1,1,1,1,2
SF,IF2011,2020-09-25 09:32:19.400,4540.2000,2931,0,72215820.000,0,-,-,-,-,4539.4000,4539.2000,4538.8000,4537.0000,4536.2000,4543.2000,4544.0000,4544.2000,4546.2000,4549.8000,2,1,1,1,1,1,1,2,1,1
SF,IF2011,2020-09-25 09:32:19.900,4540.2000,2931,0,72215820.000,0,-,-,-,-,4541.4000,4540.0000,4539.6000,4539.4000,4538.8000,4542.8000,4543.0000,4544.0000,4544.2000,4546.2000,1,1,1,2,1,1,1,1,2,1
SF,IF2011,2020-09-25 09:32:20.400,4540.2000,2931,0,72215820.000,0,-,-,-,-,4540.0000,4539.6000,4539.4000,4538.8000,4537.0000,4542.8000,4543.0000,4544.2000,4546.2000,4549.8000,1,1,2,1,1,1,1,2,1,1
SF,IF2011,2020-09-25 09:32:20.900,4540.2000,2931,0,72215820.000,0,-,-,-,-,4540.6000,4540.2000,4540.0000,4538.8000,4537.0000,4542.8000,4543.0000,4545.6000,4546.2000,4549.8000,1,2,1,1,1,1,1,2,1,1
SF,IF2011,2020-09-25 09:32:21.400,4540.2000,2931,0,72215820.000,0,-,-,-,-,4541.6000,4540.8000,4540.6000,4540.2000,4540.0000,4542.6000,4542.8000,4545.6000,4546.2000,4549.8000,1,1,1,1,1,1,1,2,1,1
SF,IF2011,2020-09-25 09:32:21.900,4540.2000,2931,0,72215820.000,0,-,-,-,-,4540.8000,4540.6000,4540.2000,4540.0000,4538.8000,4542.8000,4545.6000,4546.2000,4549.8000,4550.0000,1,1,1,1,1,1,2,1,1,2
SF,IF2011,2020-09-25 09:32:22.400,4540.2000,2931,0,72215820.000,0,-,-,-,-,4540.8000,4540.6000,4540.2000,4540.0000,4538.8000,4542.8000,4545.6000,4546.2000,4549.8000,4550.0000,1,1,1,3,1,1,2,1,1,2
SF,IF2011,2020-09-25 09:32:23.400,4540.2000,2931,0,72215820.000,0,-,-,-,-,4540.8000,4540.6000,4540.2000,4540.0000,4538.8000,4542.8000,4545.6000,4546.2000,4549.8000,4550.0000,1,1,1,1,1,1,2,1,1,2
SF,IF2011,2020-09-25 09:32:23.900,4540.2000,2931,0,72215820.000,0,-,-,-,-,4541.8000,4540.8000,4540.6000,4540.2000,4540.0000,4542.8000,4545.6000,4546.2000,4549.8000,4550.0000,1,1,1,1,1,1,2,1,1,2
SF,IF2011,2020-09-25 09:32:24.400,4540.2000,2931,0,72215820.000,0,-,-,-,-,4540.8000,4540.2000,4538.8000,4537.0000,4536.2000,4542.8000,4545.6000,4546.2000,4549.8000,4550.0000,1,1,1,1,1,1,2,1,1,2
SF,IF2011,2020-09-25 09:32:24.900,4540.2000,2931,0,72215820.000,0,-,-,-,-,4538.8000,4537.0000,4536.2000,4536.0000,4530.8000,4542.6000,4542.8000,4545.6000,4546.2000,4549.8000,1,1,1,1,3,2,1,2,1,1
SF,IF2011,2020-09-25 09:32:25.400,4540.2000,2931,0,72215820.000,0,-,-,-,-,4541.0000,4539.8000,4539.4000,4539.2000,4539.0000,4542.4000,4542.6000,4542.8000,4545.6000,4546.2000,1,1,1,1,2,1,2,1,2,1
SF,IF2011,2020-09-25 09:32:25.900,4540.2000,2931,0,72215820.000,0,-,-,-,-,4539.8000,4539.4000,4539.2000,4539.0000,4538.8000,4542.6000,4542.8000,4545.6000,4546.2000,4549.8000,1,1,1,2,4,2,1,2,1,1
SF,IF2011,2020-09-25 09:32:26.400,4540.2000,2931,0,72215820.000,0,-,-,-,-,4540.0000,4539.4000,4538.8000,4536.2000,4536.0000,4542.4000,4542.6000,4542.8000,4545.6000,4546.2000,1,1,1,1,1,1,2,1,2,1
SF,IF2011,2020-09-25 09:32:26.900,4540.2000,2931,0,72215820.000,0,-,-,-,-,4541.6000,4540.4000,4540.2000,4540.0000,4539.6000,4542.4000,4542.6000,4542.8000,4545.6000,4546.2000,1,1,1,1,1,1,2,1,2,1
SF,IF2011,2020-09-25 09:32:27.400,4540.2000,2931,0,72215820.000,0,-,-,-,-,4540.2000,4540.0000,4539.4000,4538.8000,4536.2000,4542.6000,4542.8000,4545.6000,4546.2000,4549.8000,1,1,1,1,1,2,1,2,1,1
SF,IF2011,2020-09-25 09:32:27.900,4540.2000,2931,0,72215820.000,0,-,-,-,-,4541.4000,4540.4000,4540.2000,4539.4000,4538.8000,4542.6000,4542.8000,4545.6000,4546.2000,4549.8000,1,1,1,1,1,2,1,2,1,1
SF,IF2011,2020-09-25 09:32:28.400,4540.2000,2931,0,72215820.000,0,-,-,-,-,4540.4000,4540.2000,4539.4000,4538.8000,4536.2000,4542.6000,4542.8000,4545.6000,4546.2000,4549.8000,1,1,1,1,1,2,1,2,1,1
SF,IF2011,2020-09-25 09:32:29.900,4540.2000,2931,0,72215820.000,0,-,-,-,-,4540.4000,4540.2000,4539.4000,4538.8000,4537.2000,4542.6000,4542.8000,4545.6000,4546.2000,4549.8000,1,1,1,1,3,2,1,2,1,1
SF,IF2011,2020-09-25 09:32:32.400,4540.2000,2931,0,72215820.000,0,-,-,-,-,4540.4000,4540.2000,4538.8000,4537.2000,4536.2000,4542.6000,4542.8000,4545.6000,4546.2000,4549.8000,1,1,1,3,1,2,1,2,1,1
SF,IF2011,2020-09-25 09:32:32.900,4540.2000,2931,0,72215820.000,0,-,-,-,-,4538.8000,4537.2000,4536.2000,4536.0000,4530.2000,4542.4000,4542.6000,4542.8000,4545.6000,4546.2000,1,3,1,1,2,3,1,1,2,1
SF,IF2011,2020-09-25 09:32:33.400,4540.2000,2931,0,72215820.000,0,-,-,-,-,4541.0000,4539.8000,4539.2000,4539.0000,4538.8000,4542.2000,4542.4000,4545.6000,4546.2000,4549.8000,1,1,1,2,3,2,1,2,1,1
SF,IF2011,2020-09-25 09:32:33.900,4540.2000,2931,0,72215820.000,0,-,-,-,-,4539.0000,4537.2000,4536.2000,4536.0000,4530.2000,4542.0000,4542.2000,4542.4000,4545.6000,4546.2000,1,3,1,1,2,1,1,1,2,1
SF,IF2011,2020-09-25 09:32:34.400,4540.2000,2931,0,72215820.000,0,-,-,-,-,4539.6000,4539.2000,4539.0000,4537.2000,4536.2000,4541.8000,4542.0000,4542.4000,4545.6000,4546.2000,1,1,3,3,1,1,1,1,2,1
SF,IF2011,2020-09-25 09:32:34.900,4540.2000,2931,0,72215820.000,0,-,-,-,-,4541.6000,4540.6000,4539.8000,4539.6000,4539.2000,4545.6000,4546.2000,4549.8000,4550.0000,4555.0000,1,1,1,4,1,2,1,1,2,5
SF,IF2011,2020-09-25 09:32:35.400,4540.2000,2931,0,72215820.000,0,-,-,-,-,4541.8000,4539.6000,4539.2000,4539.0000,4537.2000,4543.0000,4544.4000,4545.0000,4545.2000,4545.4000,1,5,1,1,3,1,5,2,1,5
SF,IF2011,2020-09-25 09:32:35.900,4540.2000,2931,0,72215820.000,0,-,-,-,-,4539.0000,4537.2000,4536.2000,4536.0000,4530.2000,4542.8000,4543.0000,4544.0000,4544.4000,4545.0000,1,3,1,1,2,1,1,1,5,2
SF,IF2011,2020-09-25 09:32:36.400,4540.2000,2931,0,72215820.000,0,-,-,-,-,4541.2000,4539.8000,4539.4000,4539.2000,4539.0000,4542.6000,4542.8000,4543.0000,4544.0000,4544.4000,1,1,1,2,1,1,1,1,1,5
SF,IF2011,2020-09-25 09:32:36.900,4540.2000,2931,0,72215820.000,0,-,-,-,-,4539.4000,4539.2000,4537.2000,4536.2000,4536.0000,4542.4000,4542.6000,4543.0000,4544.0000,4545.6000,1,1,3,1,1,2,1,1,1,4
SF,IF2011,2020-09-25 09:32:37.400,4540.2000,2931,0,72215820.000,0,-,-,-,-,4539.6000,4539.4000,4537.2000,4536.2000,4536.0000,4542.2000,4542.4000,4542.6000,4543.0000,4544.0000,1,1,3,1,1,1,2,1,1,1
SF,IF2011,2020-09-25 09:32:37.900,4540.2000,2931,0,72215820.000,0,-,-,-,-,4537.2000,4536.2000,4536.0000,4530.2000,4530.0000,4541.4000,4542.0000,4542.2000,4542.4000,4544.0000,3,1,1,2,5,1,1,1,2,1
SF,IF2011,2020-09-25 09:32:38.400,4540.2000,2931,0,72215820.000,0,-,-,-,-,4540.0000,4538.6000,4538.0000,4537.8000,4537.6000,4541.2000,4541.4000,4542.0000,4542.4000,4544.0000,1,1,1,2,1,1,1,1,2,1
SF,IF2011,2020-09-25 09:32:38.900,4540.2000,2931,0,72215820.000,0,-,-,-,-,4538.6000,4538.0000,4537.8000,4537.6000,4537.4000,4541.4000,4542.0000,4544.0000,4545.6000,4546.2000,1,1,2,1,4,1,1,1,4,1
SF,IF2011,2020-09-25 09:32:39.400,4540.2000,2931,0,72215820.000,0,-,-,-,-,4538.8000,4537.4000,4537.2000,4536.2000,4536.0000,4541.2000,4541.4000,4542.0000,4544.0000,4545.6000,1,3,5,1,1,2,1,2,1,4
SF,IF2011,2020-09-25 09:32:39.900,4540.2000,2931,0,72215820.000,0,-,-,-,-,4540.8000,4539.0000,4538.8000,4538.4000,4537.4000,4541.2000,4542.0000,4544.0000,4545.6000,4546.2000,1,2,1,1,3,1,2,1,4,1
SF,IF2011,2020-09-25 09:32:40.400,4540.2000,2931,0,72215820.000,0,-,-,-,-,4539.0000,4538.8000,4537.4000,4537.2000,4536.2000,4542.0000,4544.0000,4545.6000,4546.2000,4549.8000,2,1,3,3,1,2,1,4,1,1
SF,IF2011,2020-09-25 09:32:40.900,4540.2000,2931,0,72215820.000,0,-,-,-,-,4539.2000,4539.0000,4537.4000,4537.2000,4536.2000,4540.0000,4541.2000,4541.8000,4542.0000,4544.0000,1,2,3,3,1,1,1,2,2,1
SF,IF2011,2020-09-25 09:32:41.400,4540.2000,2931,0,72215820.000,0,-,-,-,-,4539.8000,4539.2000,4539.0000,4537.4000,4537.2000,4540.0000,4541.2000,4541.8000,4542.0000,4544.0000,1,1,1,3,3,1,1,2,4,1
SF,IF2011,2020-09-25 09:32:41.900,4539.8000,2930,-1,73577760.000,1,0,1,双平,S,4539.2000,4539.0000,4537.4000,4537.2000,4536.2000,4540.0000,4541.2000,4541.8000,4542.0000,4544.0000,1,1,3,3,1,1,1,1,4,1
SF,IF2011,2020-09-25 09:32:42.400,4539.0000,2929,-1,74939460.000,1,0,1,双平,S,4537.4000,4537.2000,4536.2000,4536.0000,4530.2000,4540.0000,4541.2000,4541.8000,4542.0000,4544.0000,1,3,1,1,2,1,1,1,4,1
SF,IF2011,2020-09-25 09:32:42.900,4539.0000,2929,0,74939460.000,0,-,-,-,-,4537.6000,4537.2000,4536.2000,4536.0000,4530.2000,4539.8000,4540.0000,4541.2000,4542.0000,4544.0000,2,3,1,1,2,1,1,1,4,1
SF,IF2011,2020-09-25 09:32:43.400,4539.0000,2929,0,74939460.000,0,-,-,-,-,4536.2000,4536.0000,4534.2000,4530.2000,4530.0000,4539.8000,4540.0000,4541.2000,4542.0000,4544.0000,1,1,3,2,5,1,1,1,1,1
SF,IF2011,2020-09-25 09:32:43.900,4539.0000,2929,0,74939460.000,0,-,-,-,-,4536.8000,4536.4000,4536.2000,4536.0000,4534.2000,4539.6000,4539.8000,4540.0000,4541.2000,4542.0000,1,2,2,2,3,1,1,1,1,1
SF,IF2011,2020-09-25 09:32:44.400,4539.0000,2929,0,74939460.000,0,-,-,-,-,4537.0000,4536.8000,4536.4000,4536.2000,4536.0000,4539.4000,4539.6000,4540.0000,4542.0000,4545.6000,1,1,1,2,2,1,1,1,1,4
SF,IF2011,2020-09-25 09:32:44.900,4539.0000,2929,0,74939460.000,0,-,-,-,-,4537.0000,4536.8000,4536.4000,4536.2000,4536.0000,4539.6000,4540.0000,4542.0000,4545.6000,4546.2000,1,1,1,1,2,1,1,1,4,1
SF,IF2011,2020-09-25 09:32:45.400,4539.0000,2929,0,74939460.000,0,-,-,-,-,4537.4000,4537.0000,4536.8000,4536.4000,4536.2000,4540.0000,4542.0000,4545.6000,4546.2000,4548.2000,1,1,1,1,1,1,1,4,1,1
SF,IF2011,2020-09-25 09:32:45.900,4539.0000,2929,0,74939460.000,0,-,-,-,-,4537.6000,4537.4000,4536.8000,4536.4000,4536.2000,4539.8000,4540.0000,4542.0000,4545.6000,4546.2000,1,1,1,1,1,1,1,1,4,1
SF,IF2011,2020-09-25 09:32:46.400,4539.0000,2929,0,74939460.000,0,-,-,-,-,4537.8000,4537.6000,4537.4000,4536.4000,4536.2000,4539.8000,4540.0000,4542.0000,4545.6000,4546.2000,1,1,1,1,1,1,1,1,4,1
SF,IF2011,2020-09-25 09:32:46.900,4539.0000,2929,0,74939460.000,0,-,-,-,-,4537.6000,4537.4000,4536.4000,4536.2000,4536.0000,4539.8000,4540.0000,4542.0000,4545.6000,4546.2000,1,1,1,1,2,1,1,1,4,1
SF,IF2011,2020-09-25 09:32:47.400,4539.0000,2929,0,74939460.000,0,-,-,-,-,4537.6000,4536.4000,4536.2000,4536.0000,4530.2000,4539.6000,4539.8000,4540.0000,4542.0000,4545.6000,1,1,1,2,2,1,1,1,1,2
SF,IF2011,2020-09-25 09:32:47.900,4539.0000,2929,0,74939460.000,0,-,-,-,-,4536.4000,4536.2000,4536.0000,4530.2000,4530.0000,4539.4000,4539.6000,4540.0000,4542.0000,4545.6000,1,1,2,2,5,1,1,1,1,2
SF,IF2011,2020-09-25 09:32:48.400,4539.0000,2929,0,74939460.000,0,-,-,-,-,4536.6000,4536.4000,4536.2000,4536.0000,4530.2000,4539.4000,4539.6000,4540.0000,4542.0000,4545.6000,2,2,1,1,2,1,1,1,1,2
SF,IF2011,2020-09-25 09:32:49.400,4539.0000,2929,0,74939460.000,0,-,-,-,-,4536.6000,4536.4000,4536.2000,4536.0000,4530.2000,4539.4000,4539.6000,4540.0000,4542.0000,4545.6000,2,1,1,1,2,1,2,1,1,2
SF,IF2011,2020-09-25 09:32:49.900,4539.0000,2929,0,74939460.000,0,-,-,-,-,4536.2000,4536.0000,4530.2000,4530.0000,4528.0000,4539.2000,4539.4000,4539.6000,4540.0000,4542.0000,1,1,2,5,2,1,1,1,1,1
SF,IF2011,2020-09-25 09:32:50.400,4539.0000,2929,0,74939460.000,0,-,-,-,-,4536.4000,4536.2000,4536.0000,4530.2000,4530.0000,4539.0000,4539.2000,4539.6000,4540.0000,4542.0000,1,1,1,2,5,1,1,1,1,1
SF,IF2011,2020-09-25 09:32:51.900,4539.0000,2929,0,74939460.000,0,-,-,-,-,4536.4000,4536.2000,4536.0000,4532.0000,4530.2000,4539.0000,4539.2000,4539.6000,4540.0000,4542.0000,1,1,1,3,2,1,1,1,1,1
SF,IF2011,2020-09-25 09:32:52.400,4539.0000,2929,0,74939460.000,0,-,-,-,-,4536.2000,4536.0000,4532.0000,4530.2000,4530.0000,4539.0000,4539.2000,4539.6000,4540.0000,4542.0000,1,1,3,2,5,2,1,1,1,1
SF,IF2011,2020-09-25 09:32:52.900,4539.0000,2929,0,74939460.000,0,-,-,-,-,4536.4000,4536.2000,4536.0000,4532.0000,4530.2000,4538.8000,4539.0000,4539.6000,4540.0000,4542.0000,1,1,1,3,2,3,2,1,1,1
SF,IF2011,2020-09-25 09:32:53.400,4539.0000,2929,0,74939460.000,0,-,-,-,-,4536.4000,4536.2000,4536.0000,4532.0000,4530.2000,4538.6000,4538.8000,4539.0000,4540.0000,4542.0000,1,1,1,3,2,1,2,1,1,1
SF,IF2011,2020-09-25 09:32:53.900,4539.0000,2929,0,74939460.000,0,-,-,-,-,4536.4000,4536.2000,4536.0000,4532.0000,4530.2000,4538.4000,4538.6000,4538.8000,4540.0000,4542.0000,1,1,1,3,2,2,1,2,1,1
SF,IF2011,2020-09-25 09:32:54.400,4539.0000,2929,0,74939460.000,0,-,-,-,-,4536.4000,4536.2000,4536.0000,4532.0000,4530.2000,4538.2000,4538.4000,4538.8000,4540.0000,4542.0000,1,1,1,3,2,1,2,2,1,1
SF,IF2011,2020-09-25 09:32:55.400,4539.0000,2929,0,74939460.000,0,-,-,-,-,4536.4000,4536.2000,4536.0000,4532.0000,4530.2000,4538.2000,4538.4000,4538.8000,4540.0000,4542.0000,1,1,1,3,2,1,1,2,1,1
SF,IF2011,2020-09-25 09:32:55.900,4539.0000,2929,0,74939460.000,0,-,-,-,-,4536.4000,4536.2000,4536.0000,4532.0000,4530.2000,4538.2000,4538.4000,4538.8000,4540.0000,4542.0000,1,1,1,3,2,1,1,1,1,1
SF,IF2011,2020-09-25 09:32:56.400,4539.0000,2929,0,74939460.000,0,-,-,-,-,4536.4000,4536.2000,4536.0000,4532.0000,4530.2000,4538.0000,4538.2000,4538.4000,4538.8000,4540.0000,1,1,1,3,2,1,1,1,1,1
SF,IF2011,2020-09-25 09:32:59.400,4539.0000,2929,0,74939460.000,0,-,-,-,-,4536.4000,4536.2000,4536.0000,4532.0000,4530.2000,4537.6000,4538.2000,4538.4000,4538.8000,4540.0000,1,1,1,3,2,1,1,1,1,1
SF,IF2011,2020-09-25 09:32:59.900,4539.0000,2929,0,74939460.000,0,-,-,-,-,4536.2000,4536.0000,4532.0000,4530.2000,4530.0000,4537.6000,4537.8000,4538.2000,4538.4000,4538.8000,1,1,3,2,5,1,5,1,1,1
SF,IF2011,2020-09-25 09:33:00.400,4539.0000,2929,0,74939460.000,0,-,-,-,-,4536.2000,4536.0000,4532.0000,4530.2000,4530.0000,4537.6000,4537.8000,4538.2000,4538.8000,4540.0000,1,1,3,2,5,1,5,1,1,1
SF,IF2011,2020-09-25 09:33:02.900,4539.0000,2929,0,74939460.000,0,-,-,-,-,4536.2000,4536.0000,4532.0000,4530.2000,4530.0000,4537.8000,4538.2000,4538.8000,4540.0000,4542.0000,1,1,3,2,5,5,1,1,1,1
SF,IF2011,2020-09-25 09:33:04.400,4537.8000,2929,0,81746160.000,5,2,3,多换,S,4536.2000,4536.0000,4532.0000,4530.2000,4530.0000,4538.2000,4538.8000,4540.0000,4542.0000,4545.6000,1,1,3,2,5,1,1,1,1,2
SF,IF2011,2020-09-25 09:33:04.900,4537.8000,2929,0,81746160.000,0,-,-,-,-,4536.4000,4536.2000,4536.0000,4532.0000,4530.2000,4540.0000,4542.0000,4545.6000,4546.2000,4548.2000,1,1,1,3,2,1,1,2,1,1
SF,IF2011,2020-09-25 09:33:05.400,4537.8000,2929,0,81746160.000,0,-,-,-,-,4536.6000,4536.4000,4536.2000,4536.0000,4532.0000,4539.4000,4539.8000,4540.0000,4542.0000,4545.6000,1,1,1,1,3,1,1,1,1,2
SF,IF2011,2020-09-25 09:33:05.900,4537.8000,2929,0,81746160.000,0,-,-,-,-,4536.8000,4536.6000,4536.2000,4536.0000,4532.0000,4539.2000,4539.4000,4540.0000,4542.0000,4545.6000,1,1,1,1,3,1,1,1,1,2
SF,IF2011,2020-09-25 09:33:06.900,4537.8000,2929,0,81746160.000,0,-,-,-,-,4536.8000,4536.6000,4536.4000,4536.2000,4536.0000,4538.6000,4539.2000,4539.4000,4540.0000,4542.0000,1,1,1,1,1,1,1,1,1,1
SF,IF2011,2020-09-25 09:33:07.400,4537.8000,2929,0,81746160.000,0,-,-,-,-,4536.8000,4536.4000,4536.2000,4536.0000,4532.0000,4538.4000,4538.6000,4539.0000,4539.4000,4540.0000,1,1,1,1,3,1,1,5,1,1
SF,IF2011,2020-09-25 09:33:07.900,4537.8000,2929,0,81746160.000,0,-,-,-,-,4536.8000,4536.4000,4536.2000,4536.0000,4532.0000,4538.4000,4538.6000,4539.0000,4540.0000,4542.0000,1,1,1,1,3,1,1,5,1,1
SF,IF2011,2020-09-25 09:33:08.400,4537.8000,2929,0,81746160.000,0,-,-,-,-,4536.8000,4536.4000,4536.2000,4536.0000,4532.0000,4538.6000,4539.0000,4540.0000,4542.0000,4545.6000,2,1,1,1,3,1,5,1,1,2
SF,IF2011,2020-09-25 09:33:08.900,4537.8000,2929,0,81746160.000,0,-,-,-,-,4536.8000,4536.4000,4536.2000,4536.0000,4532.0000,4538.6000,4539.0000,4540.0000,4542.0000,4545.6000,1,1,1,1,3,1,5,1,1,2
SF,IF2011,2020-09-25 09:33:09.400,4537.8000,2929,0,81746160.000,0,-,-,-,-,4537.6000,4537.2000,4536.8000,4536.4000,4536.2000,4538.6000,4539.0000,4540.0000,4542.0000,4545.6000,1,1,1,1,1,1,5,1,1,2
SF,IF2011,2020-09-25 09:33:09.900,4537.8000,2929,0,81746160.000,0,-,-,-,-,4537.2000,4536.8000,4536.4000,4536.2000,4536.0000,4539.0000,4540.0000,4542.0000,4545.6000,4546.2000,1,1,1,1,1,5,1,1,2,1
SF,IF2011,2020-09-25 09:33:10.400,4537.8000,2929,0,81746160.000,0,-,-,-,-,4537.4000,4537.2000,4536.4000,4536.2000,4536.0000,4539.0000,4540.0000,4542.0000,4545.6000,4546.2000,1,1,1,1,1,5,1,1,2,1
SF,IF2011,2020-09-25 09:33:10.900,4537.8000,2929,0,81746160.000,0,-,-,-,-,4537.4000,4536.4000,4536.2000,4536.0000,4532.0000,4540.0000,4542.0000,4545.6000,4546.2000,4548.2000,1,1,1,1,3,6,1,2,1,1
SF,IF2011,2020-09-25 09:33:11.400,4537.8000,2929,0,81746160.000,0,-,-,-,-,4537.6000,4537.4000,4536.4000,4536.2000,4536.0000,4539.8000,4540.0000,4542.0000,4545.6000,4546.2000,1,1,1,1,1,1,6,1,2,1
SF,IF2011,2020-09-25 09:33:11.900,4537.8000,2929,0,81746160.000,0,-,-,-,-,4537.8000,4537.2000,4536.4000,4536.2000,4536.0000,4539.6000,4539.8000,4540.0000,4542.0000,4545.6000,1,1,1,1,1,2,1,6,1,2
SF,IF2011,2020-09-25 09:33:12.400,4537.8000,2929,0,81746160.000,0,-,-,-,-,4537.2000,4536.4000,4536.2000,4536.0000,4530.2000,4539.2000,4539.4000,4539.6000,4540.0000,4542.0000,1,1,1,1,2,1,1,2,6,1
SF,IF2011,2020-09-25 09:33:12.900,4537.8000,2929,0,81746160.000,0,-,-,-,-,4536.4000,4536.2000,4536.0000,4530.2000,4530.0000,4538.8000,4539.0000,4539.2000,4539.6000,4540.0000,1,1,1,2,5,5,1,1,2,1
SF,IF2011,2020-09-25 09:33:13.400,4537.8000,2929,0,81746160.000,0,-,-,-,-,4536.4000,4536.2000,4536.0000,4530.2000,4530.0000,4538.6000,4538.8000,4539.2000,4540.0000,4542.0000,1,1,1,2,5,1,5,1,1,1
SF,IF2011,2020-09-25 09:33:13.900,4537.8000,2929,0,81746160.000,0,-,-,-,-,4536.6000,4536.4000,4536.2000,4536.0000,4534.4000,4538.8000,4540.0000,4542.0000,4545.6000,4546.2000,2,1,1,1,1,5,1,1,2,1
SF,IF2011,2020-09-25 09:33:14.400,4537.8000,2929,0,81746160.000,0,-,-,-,-,4537.0000,4536.6000,4536.4000,4536.2000,4536.0000,4538.4000,4538.8000,4540.0000,4542.0000,4545.6000,1,2,1,1,1,1,5,1,1,2
SF,IF2011,2020-09-25 09:33:14.900,4537.8000,2929,0,81746160.000,0,-,-,-,-,4537.2000,4537.0000,4536.6000,4536.4000,4536.2000,4538.4000,4538.8000,4540.0000,4542.0000,4545.6000,1,1,1,1,1,1,5,1,1,2
SF,IF2011,2020-09-25 09:33:15.400,4538.8000,2930,1,84469320.000,2,1,1,空开,S,4537.2000,4537.0000,4536.4000,4536.2000,4536.0000,4540.0000,4542.0000,4545.6000,4546.2000,4548.2000,1,1,1,1,1,1,1,2,1,1
SF,IF2011,2020-09-25 09:33:15.900,4538.8000,2930,0,84469320.000,0,-,-,-,-,4537.6000,4537.4000,4537.2000,4537.0000,4536.4000,4539.8000,4540.0000,4542.0000,4545.6000,4546.2000,1,1,1,1,1,1,1,1,2,1
SF,IF2011,2020-09-25 09:33:16.400,4538.8000,2930,0,84469320.000,0,-,-,-,-,4537.6000,4537.4000,4537.2000,4537.0000,4536.4000,4539.6000,4539.8000,4540.0000,4542.0000,4545.6000,1,1,1,1,1,1,6,1,1,2
SF,IF2011,2020-09-25 09:33:16.900,4537.2000,2929,-1,85830480.000,1,0,1,双平,S,4537.0000,4536.4000,4536.2000,4536.0000,4530.2000,4539.4000,4539.6000,4539.8000,4540.0000,4542.0000,1,1,1,1,2,1,2,5,1,1
SF,IF2011,2020-09-25 09:33:17.400,4537.2000,2929,0,85830480.000,0,-,-,-,-,4537.0000,4536.4000,4536.2000,4536.0000,4530.2000,4539.2000,4539.4000,4539.6000,4539.8000,4540.0000,1,1,1,1,2,1,1,2,5,1
SF,IF2011,2020-09-25 09:33:17.900,4537.2000,2929,0,85830480.000,0,-,-,-,-,4536.4000,4536.2000,4536.0000,4530.2000,4530.0000,4539.0000,4539.2000,4539.6000,4539.8000,4540.0000,1,1,1,2,5,1,1,2,5,1
SF,IF2011,2020-09-25 09:33:18.400,4537.2000,2929,0,85830480.000,0,-,-,-,-,4536.6000,4536.4000,4536.2000,4536.0000,4530.2000,4539.0000,4539.2000,4539.6000,4539.8000,4540.0000,1,2,1,1,2,1,1,1,5,1
SF,IF2011,2020-09-25 09:33:18.900,4537.2000,2929,0,85830480.000,0,-,-,-,-,4536.6000,4536.4000,4536.2000,4536.0000,4530.2000,4539.6000,4539.8000,4540.0000,4542.0000,4545.6000,1,2,1,1,2,1,5,1,1,2
SF,IF2011,2020-09-25 09:33:19.400,4537.2000,2929,0,85830480.000,0,-,-,-,-,4539.2000,4538.4000,4538.0000,4537.4000,4537.2000,4539.8000,4540.0000,4542.0000,4545.6000,4546.2000,1,1,1,4,2,5,1,1,2,1
SF,IF2011,2020-09-25 09:33:19.900,4537.2000,2929,0,85830480.000,0,-,-,-,-,4539.2000,4538.0000,4537.4000,4537.2000,4536.8000,4539.8000,4540.0000,4542.0000,4545.6000,4546.2000,1,1,4,2,1,5,1,1,2,1
SF,IF2011,2020-09-25 09:33:20.400,4539.2000,2929,0,87192240.000,1,0,1,多换,S,4537.4000,4536.8000,4536.6000,4536.4000,4536.2000,4539.6000,4539.8000,4540.0000,4542.0000,4545.6000,1,1,1,2,1,2,5,1,1,2
SF,IF2011,2020-09-25 09:33:20.900,4539.2000,2929,0,87192240.000,0,-,-,-,-,4537.4000,4536.8000,4536.6000,4536.4000,4536.2000,4539.6000,4539.8000,4540.0000,4542.0000,4545.6000,1,1,1,1,1,2,5,1,1,2
SF,IF2011,2020-09-25 09:33:21.400,4539.2000,2929,0,87192240.000,0,-,-,-,-,4536.8000,4536.4000,4536.2000,4536.0000,4530.2000,4538.6000,4539.6000,4540.0000,4542.0000,4545.6000,1,1,1,1,2,6,6,1,1,2
SF,IF2011,2020-09-25 09:33:21.900,4539.2000,2929,0,87192240.000,0,-,-,-,-,4536.4000,4536.2000,4536.0000,4530.2000,4530.0000,4538.4000,4538.6000,4539.6000,4540.0000,4542.0000,1,1,1,2,5,1,6,5,1,1
SF,IF2011,2020-09-25 09:33:22.400,4539.2000,2929,0,87192240.000,0,-,-,-,-,4536.4000,4536.2000,4536.0000,4530.2000,4530.0000,4538.4000,4538.6000,4539.6000,4540.0000,4542.0000,1,1,1,2,5,1,6,5,1,1
SF,IF2011,2020-09-25 09:33:22.900,4539.2000,2929,0,87192240.000,0,-,-,-,-,4536.4000,4536.2000,4536.0000,4530.2000,4530.0000,4537.6000,4538.4000,4538.6000,4539.6000,4540.0000,1,1,1,2,5,5,1,1,5,1
SF,IF2011,2020-09-25 09:33:23.400,4539.2000,2929,0,87192240.000,0,-,-,-,-,4536.4000,4536.2000,4536.0000,4531.8000,4530.2000,4537.6000,4538.4000,4539.6000,4540.0000,4542.0000,1,1,1,3,2,5,1,4,1,1
SF,IF2011,2020-09-25 09:33:26.900,4536.4000,2928,-1,88553160.000,1,0,1,双平,S,4536.2000,4536.0000,4531.8000,4530.2000,4530.0000,4537.6000,4538.4000,4539.6000,4540.0000,4542.0000,1,1,3,2,5,5,1,4,1,1
SF,IF2011,2020-09-25 09:33:27.400,4536.4000,2928,0,88553160.000,0,-,-,-,-,4536.2000,4536.0000,4531.8000,4530.2000,4530.0000,4537.4000,4537.6000,4539.6000,4540.0000,4542.0000,1,1,3,2,5,2,5,4,1,1
SF,IF2011,2020-09-25 09:33:28.400,4536.2000,2928,0,89914020.000,1,0,1,多换,S,4536.0000,4531.8000,4530.2000,4530.0000,4528.0000,4537.4000,4537.6000,4539.6000,4540.0000,4542.0000,1,3,2,5,2,2,5,2,1,1
SF,IF2011,2020-09-25 09:33:28.900,4536.0000,2927,-1,91274820.000,1,0,1,双平,S,4531.8000,4530.2000,4530.0000,4528.0000,4525.8000,4537.2000,4537.4000,4537.6000,4539.6000,4540.0000,3,2,5,2,2,1,2,5,2,1
SF,IF2011,2020-09-25 09:33:29.400,4536.0000,2927,0,91274820.000,0,-,-,-,-,4534.6000,4534.2000,4533.8000,4533.6000,4533.2000,4537.0000,4537.2000,4537.4000,4537.6000,4539.6000,1,1,1,4,3,3,1,1,5,2
SF,IF2011,2020-09-25 09:33:29.900,4536.0000,2927,0,91274820.000,0,-,-,-,-,4534.2000,4533.8000,4533.6000,4533.2000,4532.8000,4537.0000,4537.2000,4537.4000,4537.6000,4540.0000,1,1,4,3,1,3,1,1,5,1
SF,IF2011,2020-09-25 09:33:30.400,4536.0000,2927,0,91274820.000,0,-,-,-,-,4534.4000,4534.2000,4533.8000,4533.6000,4533.2000,4537.0000,4537.2000,4537.6000,4540.0000,4542.0000,1,1,1,4,3,2,1,5,1,1
SF,IF2011,2020-09-25 09:33:30.900,4536.0000,2927,0,91274820.000,0,-,-,-,-,4534.4000,4534.2000,4533.8000,4533.6000,4533.2000,4537.0000,4537.2000,4537.6000,4539.0000,4540.0000,1,1,1,4,3,2,1,5,1,1
SF,IF2011,2020-09-25 09:33:31.400,4536.0000,2927,0,91274820.000,0,-,-,-,-,4534.4000,4533.8000,4533.6000,4533.2000,4532.8000,4537.0000,4537.2000,4537.6000,4539.0000,4540.0000,1,1,3,3,1,2,1,5,1,1
SF,IF2011,2020-09-25 09:33:31.900,4536.0000,2927,0,91274820.000,0,-,-,-,-,4534.8000,4534.4000,4533.8000,4533.6000,4533.2000,4537.0000,4537.2000,4537.6000,4539.0000,4540.0000,1,2,1,3,3,2,1,5,1,1
SF,IF2011,2020-09-25 09:33:32.400,4536.0000,2927,0,91274820.000,0,-,-,-,-,4534.8000,4534.4000,4533.8000,4533.2000,4532.8000,4537.0000,4537.2000,4537.6000,4539.0000,4540.0000,1,1,1,3,1,1,1,5,2,1
SF,IF2011,2020-09-25 09:33:32.900,4536.0000,2927,0,91274820.000,0,-,-,-,-,4534.4000,4533.8000,4533.2000,4532.8000,4532.2000,4537.0000,4537.2000,4539.0000,4540.0000,4542.0000,1,1,3,1,1,1,1,2,1,1
SF,IF2011,2020-09-25 09:33:34.400,4536.0000,2927,0,91274820.000,0,-,-,-,-,4534.4000,4533.8000,4532.8000,4532.2000,4532.0000,4536.6000,4537.0000,4537.2000,4539.0000,4540.0000,1,1,1,1,1,5,1,1,2,1
SF,IF2011,2020-09-25 09:33:34.900,4536.0000,2927,0,91274820.000,0,-,-,-,-,4532.2000,4532.0000,4530.2000,4530.0000,4528.0000,4536.4000,4536.6000,4539.0000,4540.0000,4542.0000,1,1,2,5,2,2,5,2,1,1
SF,IF2011,2020-09-25 09:33:35.400,4536.0000,2927,0,91274820.000,0,-,-,-,-,4533.0000,4532.6000,4532.4000,4532.2000,4532.0000,4536.2000,4536.4000,4536.6000,4539.0000,4540.0000,1,1,6,1,1,2,2,5,2,1
SF,IF2011,2020-09-25 09:33:35.900,4536.0000,2927,0,91274820.000,0,-,-,-,-,4535.0000,4534.2000,4533.6000,4533.2000,4532.6000,4536.0000,4536.2000,4536.4000,4537.6000,4539.0000,1,1,3,4,1,1,1,1,5,2
SF,IF2011,2020-09-25 09:33:36.400,4536.0000,2927,0,91274820.000,0,-,-,-,-,4534.2000,4533.6000,4533.2000,4532.6000,4532.4000,4536.0000,4536.4000,4537.6000,4539.0000,4540.0000,1,3,5,1,2,1,1,5,2,1
SF,IF2011,2020-09-25 09:33:36.900,4536.0000,2927,0,91274820.000,0,-,-,-,-,4533.2000,4532.6000,4532.4000,4532.2000,4532.0000,4536.0000,4536.2000,4536.4000,4539.0000,4540.0000,5,1,2,1,1,1,5,1,2,1
SF,IF2011,2020-09-25 09:33:37.400,4536.0000,2927,0,91274820.000,0,-,-,-,-,4533.6000,4533.2000,4532.6000,4532.4000,4532.2000,4535.8000,4536.0000,4536.2000,4536.4000,4539.0000,1,2,1,2,1,1,1,5,1,2
SF,IF2011,2020-09-25 09:33:37.900,4536.0000,2927,0,91274820.000,0,-,-,-,-,4533.2000,4532.6000,4532.2000,4530.2000,4530.0000,4535.6000,4536.2000,4536.4000,4539.0000,4540.0000,1,1,1,2,5,1,5,1,2,1
SF,IF2011,2020-09-25 09:33:38.400,4536.0000,2927,0,91274820.000,0,-,-,-,-,4533.2000,4532.6000,4532.2000,4530.2000,4530.0000,4535.6000,4536.2000,4539.0000,4540.0000,4542.0000,2,1,1,2,5,1,5,2,1,1
SF,IF2011,2020-09-25 09:33:38.900,4536.0000,2927,0,91274820.000,0,-,-,-,-,4533.2000,4532.6000,4532.2000,4530.2000,4530.0000,4535.6000,4536.2000,4539.0000,4540.0000,4542.0000,2,1,1,2,5,1,5,2,1,1
SF,IF2011,2020-09-25 09:33:39.400,4536.0000,2927,0,91274820.000,0,-,-,-,-,4533.2000,4532.6000,4532.2000,4530.2000,4530.0000,4535.6000,4536.2000,4539.0000,4540.0000,4542.0000,2,1,1,2,5,1,5,2,1,1
SF,IF2011,2020-09-25 09:33:39.900,4536.0000,2927,0,91274820.000,0,-,-,-,-,4533.2000,4532.6000,4532.2000,4530.2000,4530.0000,4535.6000,4536.2000,4539.0000,4540.0000,4542.0000,2,1,1,2,5,1,5,2,1,1
SF,IF2011,2020-09-25 09:33:40.400,4536.0000,2927,0,91274820.000,0,-,-,-,-,4533.8000,4533.4000,4533.2000,4532.2000,4530.2000,4535.6000,4536.2000,4539.0000,4540.0000,4542.0000,1,1,5,1,2,1,5,2,1,1
SF,IF2011,2020-09-25 09:33:40.900,4536.0000,2927,0,91274820.000,0,-,-,-,-,4534.0000,4533.8000,4533.6000,4533.4000,4533.2000,4535.6000,4536.2000,4539.0000,4540.0000,4542.0000,1,1,1,1,4,1,5,2,1,1
SF,IF2011,2020-09-25 09:33:41.900,4534.0000,2926,-1,92635020.000,1,0,1,双平,S,4533.8000,4533.6000,4533.4000,4533.2000,4532.2000,4535.6000,4536.2000,4539.0000,4540.0000,4542.0000,1,1,1,4,1,1,5,2,1,1
SF,IF2011,2020-09-25 09:33:42.400,4534.0000,2926,0,92635020.000,0,-,-,-,-,4533.8000,4533.4000,4533.2000,4532.2000,4530.2000,4535.6000,4536.2000,4539.0000,4540.0000,4542.0000,1,1,4,1,2,1,5,2,1,1
SF,IF2011,2020-09-25 09:33:43.400,4534.0000,2926,0,92635020.000,0,-,-,-,-,4534.0000,4533.8000,4533.4000,4533.2000,4532.2000,4535.6000,4536.2000,4539.0000,4540.0000,4542.0000,1,1,1,4,1,1,5,2,1,1
SF,IF2011,2020-09-25 09:33:44.400,4535.6000,2926,0,93995700.000,1,0,1,多换,S,4534.0000,4533.4000,4533.2000,4532.2000,4530.2000,4536.2000,4539.0000,4540.0000,4542.0000,4545.6000,1,1,3,1,2,5,2,1,1,2
SF,IF2011,2020-09-25 09:33:44.900,4535.6000,2926,0,93995700.000,0,-,-,-,-,4534.2000,4534.0000,4533.4000,4533.2000,4532.2000,4536.0000,4536.2000,4539.0000,4540.0000,4542.0000,2,1,1,3,1,1,5,2,1,1
SF,IF2011,2020-09-25 09:33:45.400,4535.6000,2926,0,93995700.000,0,-,-,-,-,4534.6000,4534.2000,4534.0000,4533.4000,4533.2000,4536.0000,4536.2000,4539.0000,4540.0000,4542.0000,1,1,1,1,3,1,5,2,1,1
SF,IF2011,2020-09-25 09:33:45.900,4536.2000,2927,1,95356560.000,1,1,0,双开,S,4534.8000,4534.6000,4534.4000,4534.2000,4533.4000,4539.0000,4540.0000,4542.0000,4545.6000,4546.2000,1,1,1,3,1,2,1,1,2,1
SF,IF2011,2020-09-25 09:33:46.400,4536.2000,2927,0,95356560.000,0,-,-,-,-,4535.0000,4534.8000,4534.6000,4534.4000,4534.2000,4537.0000,4538.0000,4538.2000,4538.4000,4538.6000,1,1,1,1,3,1,1,1,3,1
SF,IF2011,2020-09-25 09:33:46.900,4536.2000,2927,0,95356560.000,0,-,-,-,-,4534.4000,4533.2000,4532.2000,4530.2000,4530.0000,4536.8000,4537.0000,4537.2000,4537.8000,4538.0000,1,3,1,2,5,1,1,5,1,1
SF,IF2011,2020-09-25 09:33:47.400,4536.2000,2927,0,95356560.000,0,-,-,-,-,4535.0000,4534.4000,4533.2000,4532.2000,4530.2000,4536.8000,4537.0000,4537.2000,4538.0000,4538.2000,1,2,3,1,2,1,1,5,1,1
SF,IF2011,2020-09-25 09:33:47.900,4536.2000,2927,0,95356560.000,0,-,-,-,-,4533.2000,4532.2000,4530.2000,4530.0000,4528.0000,4536.8000,4537.0000,4537.2000,4538.8000,4539.0000,3,1,2,5,2,1,1,5,2,3
SF,IF2011,2020-09-25 09:33:48.400,4536.2000,2927,0,95356560.000,0,-,-,-,-,4534.4000,4534.0000,4533.8000,4533.6000,4533.4000,4536.8000,4537.0000,4537.2000,4538.8000,4539.0000,1,1,1,3,2,1,1,5,2,3
SF,IF2011,2020-09-25 09:33:48.900,4536.2000,2927,0,95356560.000,0,-,-,-,-,4534.0000,4533.4000,4533.2000,4532.2000,4530.2000,4536.8000,4537.0000,4537.2000,4538.8000,4539.0000,2,1,3,1,2,1,1,5,2,3
SF,IF2011,2020-09-25 09:33:49.400,4536.2000,2927,0,95356560.000,0,-,-,-,-,4534.2000,4534.0000,4533.2000,4532.2000,4530.2000,4536.6000,4536.8000,4537.0000,4537.2000,4538.8000,1,3,3,1,2,1,1,1,5,2
SF,IF2011,2020-09-25 09:33:49.900,4536.2000,2927,0,95356560.000,0,-,-,-,-,4534.2000,4534.0000,4533.2000,4532.2000,4530.2000,4536.4000,4536.6000,4537.0000,4537.2000,4538.8000,1,3,3,1,2,1,1,1,5,1
SF,IF2011,2020-09-25 09:33:50.400,4536.2000,2927,0,95356560.000,0,-,-,-,-,4534.2000,4534.0000,4533.2000,4532.2000,4530.2000,4536.4000,4536.6000,4537.0000,4537.2000,4538.8000,1,2,3,1,2,1,1,1,5,1
SF,IF2011,2020-09-25 09:33:50.900,4536.2000,2927,0,95356560.000,0,-,-,-,-,4534.6000,4534.2000,4534.0000,4533.2000,4532.2000,4536.4000,4536.6000,4537.0000,4537.2000,4538.8000,1,2,1,3,1,1,1,1,5,1
SF,IF2011,2020-09-25 09:33:51.400,4536.2000,2927,0,95356560.000,0,-,-,-,-,4534.6000,4534.2000,4534.0000,4533.2000,4532.2000,4536.4000,4537.0000,4537.2000,4538.8000,4539.0000,1,1,1,3,1,1,1,5,1,3
SF,IF2011,2020-09-25 09:33:51.900,4536.2000,2927,0,95356560.000,0,-,-,-,-,4534.6000,4534.2000,4534.0000,4533.2000,4532.2000,4536.4000,4537.0000,4537.2000,4538.8000,4539.0000,1,1,1,3,1,1,1,5,1,3
SF,IF2011,2020-09-25 09:33:52.900,4536.4000,2926,-1,96717480.000,1,0,1,双平,S,4534.6000,4534.2000,4534.0000,4533.2000,4532.2000,4537.0000,4537.2000,4538.8000,4539.0000,4540.0000,1,1,1,3,1,1,5,1,3,1
SF,IF2011,2020-09-25 09:33:53.400,4536.4000,2926,0,96717480.000,0,-,-,-,-,4534.8000,4534.6000,4534.0000,4533.2000,4532.2000,4537.0000,4537.2000,4538.8000,4539.0000,4540.0000,2,1,1,3,1,1,5,1,3,1
SF,IF2011,2020-09-25 09:33:53.900,4536.4000,2926,0,96717480.000,0,-,-,-,-,4534.8000,4534.6000,4534.0000,4532.2000,4530.2000,4537.0000,4537.2000,4539.0000,4540.0000,4542.0000,4,1,1,1,2,1,5,3,1,1
SF,IF2011,2020-09-25 09:33:54.400,4536.4000,2926,0,96717480.000,0,-,-,-,-,4535.4000,4535.2000,4535.0000,4534.8000,4532.2000,4537.0000,4537.2000,4539.0000,4540.0000,4542.0000,1,1,1,4,1,1,5,3,1,1
SF,IF2011,2020-09-25 09:33:54.900,4536.4000,2926,0,96717480.000,0,-,-,-,-,4535.2000,4535.0000,4534.8000,4532.2000,4530.2000,4537.0000,4537.2000,4539.0000,4540.0000,4542.0000,1,1,1,1,2,1,5,3,1,1
SF,IF2011,2020-09-25 09:33:55.900,4536.4000,2926,0,96717480.000,0,-,-,-,-,4535.0000,4534.8000,4532.2000,4530.2000,4530.0000,4537.0000,4537.2000,4539.0000,4540.0000,4542.0000,1,1,1,2,5,1,5,3,1,1
SF,IF2011,2020-09-25 09:33:56.400,4536.4000,2926,0,96717480.000,0,-,-,-,-,4535.4000,4535.2000,4535.0000,4534.8000,4532.2000,4537.2000,4539.0000,4540.0000,4542.0000,4545.6000,1,1,1,1,1,5,3,1,1,2
SF,IF2011,2020-09-25 09:33:56.900,4536.4000,2926,0,96717480.000,0,-,-,-,-,4535.6000,4535.4000,4535.0000,4534.8000,4532.2000,4539.0000,4540.0000,4542.0000,4545.6000,4546.2000,1,1,1,1,1,2,1,1,2,1
SF,IF2011,2020-09-25 09:33:57.400,4536.4000,2926,0,96717480.000,0,-,-,-,-,4535.8000,4535.6000,4535.4000,4535.0000,4534.8000,4538.2000,4538.4000,4538.8000,4539.0000,4540.0000,1,1,1,1,1,1,5,2,2,1
SF,IF2011,2020-09-25 09:33:57.900,4536.4000,2926,0,96717480.000,0,-,-,-,-,4536.0000,4535.8000,4535.6000,4535.0000,4534.8000,4538.2000,4538.4000,4538.8000,4539.0000,4540.0000,2,1,1,1,1,1,5,2,2,1
SF,IF2011,2020-09-25 09:33:58.400,4536.4000,2926,0,96717480.000,0,-,-,-,-,4536.2000,4536.0000,4535.8000,4535.6000,4535.0000,4538.2000,4538.4000,4538.8000,4539.0000,4540.0000,1,2,1,1,1,1,5,2,2,1
SF,IF2011,2020-09-25 09:33:58.900,4536.4000,2926,0,96717480.000,0,-,-,-,-,4536.4000,4536.2000,4536.0000,4535.8000,4535.6000,4538.4000,4538.8000,4539.0000,4540.0000,4542.0000,1,1,1,1,1,5,2,2,1,1
SF,IF2011,2020-09-25 09:33:59.400,4538.4000,2927,1,98079000.000,1,1,0,双开,S,4537.8000,4537.4000,4536.8000,4536.4000,4536.0000,4539.0000,4540.0000,4542.0000,4545.6000,4546.2000,1,1,1,2,2,2,1,1,2,1
SF,IF2011,2020-09-25 09:33:59.900,4538.4000,2927,0,98079000.000,0,-,-,-,-,4538.0000,4537.4000,4536.8000,4536.4000,4536.0000,4539.0000,4540.0000,4542.0000,4545.6000,4546.2000,1,1,1,1,2,2,1,1,2,1
SF,IF2011,2020-09-25 09:34:00.400,4538.4000,2927,0,98079000.000,0,-,-,-,-,4538.0000,4537.4000,4536.8000,4536.4000,4536.0000,4538.8000,4539.0000,4540.0000,4542.0000,4545.6000,1,1,1,1,2,1,2,1,1,2
SF,IF2011,2020-09-25 09:34:00.900,4538.8000,2927,0,99440640.000,1,0,1,多换,S,4537.4000,4536.8000,4536.4000,4536.0000,4535.6000,4539.0000,4540.0000,4542.0000,4545.6000,4546.2000,1,1,1,1,1,2,1,1,2,1
SF,IF2011,2020-09-25 09:34:01.400,4538.8000,2927,0,99440640.000,0,-,-,-,-,4537.4000,4536.8000,4536.4000,4536.0000,4535.6000,4539.0000,4540.0000,4542.0000,4545.6000,4546.2000,1,1,1,1,1,2,6,1,2,1
SF,IF2011,2020-09-25 09:34:01.900,4538.8000,2927,0,99440640.000,0,-,-,-,-,4536.4000,4536.0000,4535.6000,4535.0000,4530.2000,4538.8000,4539.0000,4540.0000,4541.2000,4542.0000,1,1,1,1,2,2,2,6,1,1
SF,IF2011,2020-09-25 09:34:02.400,4538.8000,2927,0,99440640.000,0,-,-,-,-,4536.4000,4535.6000,4535.0000,4530.2000,4530.0000,4538.6000,4538.8000,4539.0000,4540.0000,4541.2000,1,1,1,2,5,1,2,2,6,1
SF,IF2011,2020-09-25 09:34:02.900,4538.8000,2927,0,99440640.000,0,-,-,-,-,4536.4000,4535.6000,4535.0000,4530.2000,4530.0000,4538.4000,4538.6000,4538.8000,4539.0000,4540.0000,1,1,1,2,5,1,1,1,2,6
SF,IF2011,2020-09-25 09:34:03.400,4538.8000,2927,0,99440640.000,0,-,-,-,-,4535.0000,4530.2000,4530.0000,4528.0000,4525.8000,4538.4000,4538.6000,4538.8000,4539.0000,4540.0000,1,2,5,2,2,1,1,1,2,1
SF,IF2011,2020-09-25 09:34:03.900,4538.8000,2927,0,99440640.000,0,-,-,-,-,4537.0000,4536.6000,4536.0000,4535.6000,4535.2000,4538.2000,4538.4000,4538.6000,4539.0000,4540.0000,1,1,8,1,1,1,1,1,2,1
SF,IF2011,2020-09-25 09:34:04.400,4538.8000,2927,0,99440640.000,0,-,-,-,-,4535.8000,4535.2000,4535.0000,4534.8000,4530.2000,4538.4000,4538.6000,4539.0000,4539.2000,4540.0000,1,1,1,1,2,1,1,2,5,1
SF,IF2011,2020-09-25 09:34:04.900,4538.8000,2927,0,99440640.000,0,-,-,-,-,4536.0000,4535.8000,4535.0000,4534.8000,4530.2000,4538.4000,4538.6000,4539.0000,4539.2000,4540.0000,2,1,1,1,2,1,1,2,5,1
SF,IF2011,2020-09-25 09:34:05.900,4538.8000,2927,0,99440640.000,0,-,-,-,-,4536.0000,4535.0000,4534.8000,4530.2000,4530.0000,4538.4000,4538.6000,4539.0000,4539.2000,4540.0000,2,1,1,2,5,1,1,2,5,1
SF,IF2011,2020-09-25 09:34:06.900,4538.8000,2927,0,99440640.000,0,-,-,-,-,4536.0000,4535.0000,4530.2000,4530.0000,4528.0000,4538.4000,4538.6000,4539.0000,4539.2000,4540.0000,9,1,2,5,2,1,1,2,5,1
SF,IF2011,2020-09-25 09:34:07.400,4538.8000,2927,0,99440640.000,0,-,-,-,-,4536.4000,4536.0000,4535.0000,4530.2000,4530.0000,4538.4000,4538.6000,4539.0000,4539.2000,4540.0000,1,1,1,2,5,1,1,2,5,1
SF,IF2011,2020-09-25 09:34:07.900,4538.8000,2927,0,99440640.000,0,-,-,-,-,4536.4000,4536.0000,4535.0000,4530.2000,4530.0000,4538.4000,4538.6000,4539.0000,4539.2000,4540.0000,1,1,2,2,5,1,1,2,5,1
SF,IF2011,2020-09-25 09:34:08.400,4538.8000,2927,0,99440640.000,0,-,-,-,-,4536.0000,4535.0000,4530.2000,4530.0000,4528.0000,4538.4000,4538.6000,4539.0000,4539.2000,4540.0000,1,2,2,5,2,1,1,2,5,1
SF,IF2011,2020-09-25 09:34:08.900,4538.8000,2927,0,99440640.000,0,-,-,-,-,4536.0000,4535.0000,4530.2000,4530.0000,4528.0000,4538.4000,4538.6000,4539.0000,4539.2000,4540.0000,1,2,2,5,2,1,1,2,5,1
SF,IF2011,2020-09-25 09:34:09.400,4538.8000,2927,0,99440640.000,0,-,-,-,-,4536.0000,4535.0000,4530.2000,4530.0000,4528.0000,4538.4000,4538.6000,4539.0000,4539.2000,4540.0000,2,2,2,5,2,1,1,2,5,1
SF,IF2011,2020-09-25 09:34:09.900,4538.8000,2927,0,99440640.000,0,-,-,-,-,4536.0000,4535.0000,4530.2000,4530.0000,4528.0000,4538.2000,4538.4000,4538.6000,4539.0000,4540.0000,2,2,2,5,2,5,1,1,2,1
SF,IF2011,2020-09-25 09:34:10.400,4538.8000,2927,0,99440640.000,0,-,-,-,-,4536.0000,4535.0000,4530.2000,4530.0000,4528.0000,4538.2000,4538.4000,4539.0000,4540.0000,4542.0000,2,2,2,5,2,5,1,2,1,1
SF,IF2011,2020-09-25 09:34:10.900,4538.8000,2927,0,99440640.000,0,-,-,-,-,4536.0000,4535.0000,4530.2000,4530.0000,4528.0000,4538.0000,4538.2000,4539.0000,4540.0000,4542.0000,2,2,2,5,2,1,5,2,1,1
SF,IF2011,2020-09-25 09:34:11.400,4538.8000,2927,0,99440640.000,0,-,-,-,-,4536.0000,4535.0000,4530.2000,4530.0000,4528.0000,4538.0000,4538.2000,4539.0000,4540.0000,4542.0000,10,2,2,5,2,1,5,2,1,1
SF,IF2011,2020-09-25 09:34:11.900,4538.8000,2927,0,99440640.000,0,-,-,-,-,4536.0000,4535.0000,4530.2000,4530.0000,4528.0000,4538.0000,4538.2000,4539.0000,4540.0000,4542.0000,1,2,2,5,2,1,5,2,1,1
SF,IF2011,2020-09-25 09:34:12.400,4538.8000,2927,0,99440640.000,0,-,-,-,-,4535.0000,4530.2000,4530.0000,4528.0000,4525.8000,4538.0000,4538.2000,4539.0000,4540.0000,4542.0000,1,2,5,2,2,1,5,2,1,1
SF,IF2011,2020-09-25 09:34:12.900,4538.8000,2927,0,99440640.000,0,-,-,-,-,4535.4000,4535.2000,4535.0000,4534.8000,4530.2000,4537.8000,4538.0000,4538.2000,4539.0000,4540.0000,1,1,1,1,2,1,1,5,2,1
SF,IF2011,2020-09-25 09:34:13.400,4538.8000,2927,0,99440640.000,0,-,-,-,-,4535.6000,4535.4000,4535.0000,4534.8000,4530.2000,4537.8000,4538.0000,4538.2000,4539.0000,4540.0000,1,1,1,1,2,1,1,5,2,1
SF,IF2011,2020-09-25 09:34:13.900,4538.8000,2927,0,99440640.000,0,-,-,-,-,4535.6000,4535.4000,4535.0000,4534.8000,4530.2000,4537.6000,4538.2000,4539.0000,4540.0000,4542.0000,1,1,1,1,2,1,5,2,1,1
SF,IF2011,2020-09-25 09:34:14.400,4538.8000,2927,0,99440640.000,0,-,-,-,-,4535.6000,4535.0000,4530.2000,4530.0000,4528.0000,4537.6000,4538.2000,4539.0000,4540.0000,4542.0000,1,1,2,5,2,1,5,2,1,1
SF,IF2011,2020-09-25 09:34:14.900,4538.8000,2927,0,99440640.000,0,-,-,-,-,4535.6000,4535.0000,4530.2000,4530.0000,4528.0000,4537.4000,4537.6000,4538.2000,4539.0000,4540.0000,1,1,2,5,2,1,1,5,2,1
SF,IF2011,2020-09-25 09:34:15.900,4538.8000,2927,0,99440640.000,0,-,-,-,-,4535.6000,4530.2000,4530.0000,4528.0000,4525.8000,4536.0000,4537.4000,4537.6000,4538.2000,4539.0000,1,2,5,2,2,1,1,1,5,2
SF,IF2011,2020-09-25 09:34:16.400,4536.0000,2926,-1,100801440.000,1,0,1,双平,S,4536.0000,4535.8000,4535.6000,4530.2000,4530.0000,4537.4000,4537.6000,4538.2000,4539.0000,4540.0000,2,1,1,2,5,1,1,5,2,1
SF,IF2011,2020-09-25 09:34:16.900,4536.0000,2926,0,100801440.000,0,-,-,-,-,4536.0000,4535.8000,4535.6000,4530.2000,4530.0000,4537.6000,4538.2000,4539.0000,4540.0000,4542.0000,1,1,1,2,5,1,5,2,1,1
SF,IF2011,2020-09-25 09:34:17.400,4536.0000,2926,0,100801440.000,0,-,-,-,-,4535.8000,4535.6000,4530.2000,4530.0000,4528.0000,4537.6000,4538.2000,4539.0000,4540.0000,4542.0000,1,1,2,5,2,1,5,2,1,1
SF,IF2011,2020-09-25 09:34:18.900,4536.0000,2926,0,100801440.000,0,-,-,-,-,4535.8000,4535.6000,4530.2000,4530.0000,4528.0000,4537.4000,4537.6000,4538.2000,4539.0000,4540.0000,1,1,2,5,2,1,1,5,2,1
SF,IF2011,2020-09-25 09:34:19.400,4536.0000,2926,0,100801440.000,0,-,-,-,-,4535.8000,4530.2000,4530.0000,4528.0000,4525.8000,4537.2000,4537.4000,4538.2000,4539.0000,4540.0000,1,2,5,2,2,1,1,5,2,1
SF,IF2011,2020-09-25 09:34:19.900,4535.8000,2926,0,102162180.000,1,0,1,多换,S,4530.2000,4530.0000,4528.0000,4525.8000,4523.0000,4537.0000,4537.2000,4537.4000,4539.0000,4540.0000,2,5,2,2,2,1,1,1,2,1
SF,IF2011,2020-09-25 09:34:20.400,4535.8000,2926,0,102162180.000,0,-,-,-,-,4534.4000,4534.0000,4533.6000,4533.4000,4533.2000,4536.8000,4537.0000,4537.4000,4539.0000,4540.0000,1,1,1,1,3,2,6,1,2,1
SF,IF2011,2020-09-25 09:34:20.900,4535.8000,2926,0,102162180.000,0,-,-,-,-,4534.0000,4533.6000,4533.4000,4533.2000,4533.0000,4536.8000,4537.0000,4537.2000,4539.0000,4540.0000,1,1,1,3,1,2,6,1,2,1
SF,IF2011,2020-09-25 09:34:21.400,4535.8000,2926,0,102162180.000,0,-,-,-,-,4532.4000,4532.2000,4532.0000,4531.2000,4530.4000,4535.2000,4535.8000,4536.4000,4536.6000,4536.8000,4,1,1,2,2,1,5,1,1,2
SF,IF2011,2020-09-25 09:34:21.900,4535.8000,2926,0,102162180.000,0,-,-,-,-,4532.8000,4532.6000,4532.4000,4532.2000,4532.0000,4535.0000,4535.2000,4535.8000,4536.4000,4536.6000,1,4,1,1,1,1,1,5,1,1
SF,IF2011,2020-09-25 09:34:22.400,4535.8000,2926,0,102162180.000,0,-,-,-,-,4533.0000,4532.8000,4532.6000,4532.4000,4532.2000,4535.2000,4535.8000,4536.4000,4536.6000,4536.8000,1,1,1,4,1,1,5,1,1,1
SF,IF2011,2020-09-25 09:34:22.900,4535.8000,2926,0,102162180.000,0,-,-,-,-,4533.0000,4532.8000,4532.6000,4532.4000,4532.2000,4535.0000,4535.2000,4535.8000,4536.4000,4536.6000,1,1,1,1,1,1,1,5,1,1
SF,IF2011,2020-09-25 09:34:25.400,4535.8000,2926,0,102162180.000,0,-,-,-,-,4533.0000,4532.6000,4532.4000,4532.2000,4532.0000,4535.0000,4535.2000,4535.8000,4536.4000,4536.6000,1,1,1,1,1,1,1,5,1,1
SF,IF2011,2020-09-25 09:34:25.900,4535.0000,2925,-1,103522680.000,1,0,1,双平,S,4535.0000,4534.2000,4533.8000,4533.4000,4533.2000,4535.8000,4539.0000,4540.0000,4542.0000,4545.6000,1,1,1,1,4,5,2,1,1,2
SF,IF2011,2020-09-25 09:34:26.400,4535.0000,2925,0,103522680.000,0,-,-,-,-,4535.2000,4535.0000,4533.6000,4533.4000,4533.2000,4537.0000,4539.0000,4540.0000,4542.0000,4545.6000,1,1,2,1,3,5,2,1,1,2
SF,IF2011,2020-09-25 09:34:26.900,4535.0000,2925,0,103522680.000,0,-,-,-,-,4535.2000,4535.0000,4533.6000,4533.4000,4533.2000,4536.6000,4537.0000,4539.0000,4540.0000,4542.0000,1,1,2,1,3,1,5,2,1,1
SF,IF2011,2020-09-25 09:34:27.400,4535.0000,2925,0,103522680.000,0,-,-,-,-,4535.2000,4533.6000,4533.4000,4533.2000,4533.0000,4536.6000,4537.0000,4539.0000,4540.0000,4542.0000,1,2,1,3,1,1,5,2,1,1
SF,IF2011,2020-09-25 09:34:27.900,4535.0000,2925,0,103522680.000,0,-,-,-,-,4535.2000,4533.6000,4533.4000,4533.2000,4533.0000,4536.4000,4536.6000,4537.0000,4539.0000,4540.0000,1,2,1,3,1,1,1,5,2,1
SF,IF2011,2020-09-25 09:34:28.400,4535.2000,2925,0,104883240.000,1,0,1,多换,S,4533.4000,4533.2000,4533.0000,4532.2000,4531.2000,4536.4000,4536.6000,4537.0000,4539.0000,4540.0000,1,3,1,1,1,1,1,5,2,1
SF,IF2011,2020-09-25 09:34:28.900,4535.2000,2925,0,104883240.000,0,-,-,-,-,4533.6000,4533.4000,4532.2000,4531.2000,4530.4000,4536.2000,4536.4000,4536.6000,4537.0000,4539.0000,2,1,1,1,1,1,1,1,5,2
SF,IF2011,2020-09-25 09:34:29.400,4535.2000,2925,0,104883240.000,0,-,-,-,-,4533.6000,4533.4000,4532.2000,4531.2000,4530.4000,4536.2000,4536.4000,4536.6000,4537.0000,4539.0000,1,1,1,1,1,1,1,1,5,2
SF,IF2011,2020-09-25 09:34:29.900,4535.2000,2925,0,104883240.000,0,-,-,-,-,4534.2000,4533.8000,4533.6000,4532.2000,4531.2000,4536.2000,4536.4000,4536.6000,4537.0000,4539.0000,1,2,5,1,1,1,1,1,5,2
SF,IF2011,2020-09-25 09:34:30.400,4535.2000,2925,0,104883240.000,0,-,-,-,-,4534.6000,4534.4000,4534.2000,4533.8000,4533.6000,4536.6000,4537.0000,4539.0000,4540.0000,4542.0000,1,1,1,2,3,1,5,2,1,1
SF,IF2011,2020-09-25 09:34:30.900,4535.2000,2925,0,104883240.000,0,-,-,-,-,4534.8000,4534.6000,4534.2000,4533.8000,4533.6000,4536.6000,4537.0000,4539.0000,4540.0000,4542.0000,1,1,3,2,3,1,5,2,1,1
SF,IF2011,2020-09-25 09:34:31.400,4535.2000,2925,0,104883240.000,0,-,-,-,-,4535.0000,4534.8000,4534.2000,4533.8000,4533.6000,4536.6000,4537.0000,4539.0000,4540.0000,4542.0000,1,1,3,2,3,1,5,2,1,1
SF,IF2011,2020-09-25 09:34:31.900,4535.2000,2925,0,104883240.000,0,-,-,-,-,4535.2000,4535.0000,4534.2000,4533.8000,4533.6000,4536.6000,4537.0000,4539.0000,4540.0000,4542.0000,1,1,3,2,3,1,5,2,1,1
SF,IF2011,2020-09-25 09:34:32.900,4535.2000,2925,0,104883240.000,0,-,-,-,-,4535.2000,4535.0000,4534.2000,4533.8000,4533.6000,4538.2000,4539.0000,4540.0000,4542.0000,4545.6000,1,1,3,2,3,5,2,1,1,2
SF,IF2011,2020-09-25 09:34:33.400,4535.2000,2925,0,104883240.000,0,-,-,-,-,4535.4000,4535.2000,4534.2000,4533.8000,4533.6000,4537.6000,4538.0000,4538.2000,4539.0000,4540.0000,1,1,3,2,1,1,1,5,2,1
SF,IF2011,2020-09-25 09:34:33.900,4535.2000,2925,0,104883240.000,0,-,-,-,-,4535.6000,4535.4000,4534.2000,4533.8000,4533.6000,4537.6000,4538.0000,4538.2000,4539.0000,4540.0000,1,1,3,2,1,1,1,5,2,1
SF,IF2011,2020-09-25 09:34:34.900,4535.2000,2925,0,104883240.000,0,-,-,-,-,4535.6000,4534.2000,4533.8000,4533.6000,4532.2000,4537.6000,4538.0000,4538.2000,4539.0000,4540.0000,1,3,2,1,1,1,1,5,2,1
SF,IF2011,2020-09-25 09:34:35.400,4535.2000,2925,0,104883240.000,0,-,-,-,-,4535.8000,4535.6000,4534.2000,4533.8000,4533.6000,4537.6000,4538.0000,4538.2000,4539.0000,4540.0000,1,1,3,2,1,1,1,5,2,1
SF,IF2011,2020-09-25 09:34:35.900,4535.2000,2925,0,104883240.000,0,-,-,-,-,4536.0000,4535.8000,4534.2000,4533.8000,4533.6000,4538.0000,4538.2000,4539.0000,4540.0000,4542.0000,1,1,3,2,1,1,5,2,1,1
SF,IF2011,2020-09-25 09:34:37.400,4535.2000,2925,0,104883240.000,0,-,-,-,-,4536.0000,4535.8000,4534.2000,4533.8000,4533.6000,4537.8000,4538.0000,4538.2000,4539.0000,4540.0000,1,1,3,2,1,1,1,5,2,1
SF,IF2011,2020-09-25 09:34:37.900,4535.2000,2925,0,104883240.000,0,-,-,-,-,4536.0000,4535.8000,4534.2000,4533.8000,4533.6000,4537.8000,4538.0000,4538.2000,4539.0000,4540.0000,1,1,3,1,1,1,1,5,2,1
SF,IF2011,2020-09-25 09:34:38.400,4535.2000,2925,0,104883240.000,0,-,-,-,-,4534.2000,4533.8000,4533.6000,4532.2000,4530.4000,4537.6000,4537.8000,4538.2000,4539.0000,4540.0000,3,1,1,1,1,1,1,5,2,1
SF,IF2011,2020-09-25 09:34:38.900,4535.2000,2925,0,104883240.000,0,-,-,-,-,4535.8000,4535.4000,4535.0000,4534.8000,4534.6000,4537.4000,4537.6000,4537.8000,4538.2000,4539.0000,1,1,1,3,3,1,1,1,5,2
SF,IF2011,2020-09-25 09:34:39.400,4535.2000,2925,0,104883240.000,0,-,-,-,-,4535.4000,4535.0000,4534.8000,4534.6000,4534.4000,4537.6000,4537.8000,4538.2000,4539.0000,4540.0000,1,1,1,2,2,1,1,5,2,1
SF,IF2011,2020-09-25 09:34:39.900,4535.2000,2925,0,104883240.000,0,-,-,-,-,4535.6000,4535.4000,4535.0000,4534.8000,4534.6000,4537.6000,4537.8000,4538.2000,4539.0000,4540.0000,1,1,1,1,2,1,1,5,2,1
SF,IF2011,2020-09-25 09:34:40.400,4535.2000,2925,0,104883240.000,0,-,-,-,-,4535.6000,4535.0000,4534.4000,4534.2000,4533.6000,4537.6000,4537.8000,4538.2000,4539.0000,4540.0000,1,1,1,3,1,1,1,5,2,1
SF,IF2011,2020-09-25 09:34:41.900,4535.2000,2925,0,104883240.000,0,-,-,-,-,4535.6000,4535.0000,4534.4000,4534.2000,4533.6000,4537.6000,4537.8000,4538.2000,4539.0000,4540.0000,1,1,1,2,1,1,1,5,2,1
SF,IF2011,2020-09-25 09:34:42.400,4535.2000,2925,0,104883240.000,0,-,-,-,-,4535.0000,4533.6000,4532.2000,4530.4000,4530.2000,4537.6000,4537.8000,4538.2000,4539.0000,4540.0000,1,1,1,1,2,1,1,5,2,1
SF,IF2011,2020-09-25 09:34:42.900,4535.2000,2925,0,104883240.000,0,-,-,-,-,4535.2000,4535.0000,4533.6000,4532.2000,4530.4000,4537.6000,4537.8000,4538.2000,4539.0000,4540.0000,1,1,1,1,1,1,1,5,2,1
SF,IF2011,2020-09-25 09:34:43.900,4535.2000,2925,0,104883240.000,0,-,-,-,-,4535.2000,4535.0000,4533.6000,4532.2000,4530.4000,4537.2000,4537.6000,4537.8000,4539.0000,4540.0000,1,1,1,1,1,5,1,1,2,1
SF,IF2011,2020-09-25 09:34:44.400,4535.2000,2925,0,104883240.000,0,-,-,-,-,4535.2000,4535.0000,4533.6000,4532.2000,4530.4000,4537.2000,4537.6000,4539.0000,4540.0000,4542.0000,1,1,1,1,1,5,1,2,1,1
SF,IF2011,2020-09-25 09:34:44.900,4535.2000,2925,0,104883240.000,0,-,-,-,-,4535.2000,4533.6000,4532.2000,4530.4000,4530.2000,4536.8000,4537.2000,4537.6000,4539.0000,4540.0000,1,1,1,1,2,1,5,1,2,1
SF,IF2011,2020-09-25 09:34:54.400,4535.2000,2925,0,104883240.000,0,-,-,-,-,4535.2000,4533.6000,4532.2000,4530.4000,4530.2000,4536.0000,4536.8000,4537.2000,4537.6000,4539.0000,1,1,1,1,2,1,1,5,1,2
SF,IF2011,2020-09-25 09:34:56.400,4535.2000,2924,-1,106243800.000,1,0,1,双平,S,4533.6000,4532.2000,4530.4000,4530.2000,4530.0000,4536.0000,4536.8000,4537.2000,4537.6000,4539.0000,1,1,1,2,5,1,1,5,1,2
SF,IF2011,2020-09-25 09:34:56.900,4535.2000,2924,0,106243800.000,0,-,-,-,-,4534.2000,4533.8000,4533.6000,4532.2000,4530.4000,4536.0000,4536.8000,4537.2000,4537.6000,4539.0000,1,2,3,1,1,1,1,5,1,2
SF,IF2011,2020-09-25 09:34:57.400,4535.2000,2924,0,106243800.000,0,-,-,-,-,4533.8000,4532.2000,4530.4000,4530.2000,4530.0000,4535.8000,4536.0000,4536.2000,4536.8000,4539.0000,1,1,1,2,5,1,1,5,1,2
SF,IF2011,2020-09-25 09:34:57.900,4535.2000,2924,0,106243800.000,0,-,-,-,-,4533.8000,4532.2000,4530.4000,4530.2000,4530.0000,4535.4000,4535.8000,4536.0000,4536.2000,4539.0000,1,1,1,2,5,1,1,1,5,2
SF,IF2011,2020-09-25 09:34:58.400,4535.2000,2924,0,106243800.000,0,-,-,-,-,4532.2000,4530.4000,4530.2000,4530.0000,4528.0000,4535.2000,4535.4000,4536.0000,4536.2000,4539.0000,1,1,2,5,2,2,1,1,5,2
SF,IF2011,2020-09-25 09:34:58.900,4535.2000,2924,0,106243800.000,0,-,-,-,-,4532.8000,4532.4000,4532.2000,4530.4000,4530.2000,4535.0000,4535.2000,4535.4000,4536.0000,4539.0000,1,2,2,1,2,1,7,1,1,2
SF,IF2011,2020-09-25 09:34:59.400,4535.2000,2924,0,106243800.000,0,-,-,-,-,4533.0000,4532.8000,4532.4000,4532.2000,4530.4000,4534.8000,4535.2000,4536.0000,4539.0000,4540.0000,1,1,1,1,1,1,6,1,2,1
SF,IF2011,2020-09-25 09:34:59.900,4535.2000,2924,0,106243800.000,0,-,-,-,-,4533.0000,4532.8000,4532.4000,4532.2000,4530.4000,4534.4000,4534.8000,4535.2000,4536.0000,4539.0000,1,1,1,1,1,1,1,5,1,2
SF,IF2011,2020-09-25 09:35:00.400,4535.2000,2924,0,106243800.000,0,-,-,-,-,4533.0000,4532.4000,4530.4000,4530.2000,4530.0000,4534.4000,4534.8000,4535.2000,4536.0000,4539.0000,1,1,1,2,5,1,1,5,1,2
SF,IF2011,2020-09-25 09:35:01.900,4534.4000,2923,-1,107604120.000,1,0,1,双平,S,4533.0000,4532.4000,4530.4000,4530.2000,4530.0000,4534.8000,4535.2000,4536.0000,4539.0000,4540.0000,1,1,1,2,5,1,5,1,2,1
SF,IF2011,2020-09-25 09:35:02.400,4534.4000,2923,0,107604120.000,0,-,-,-,-,4533.8000,4533.6000,4533.2000,4533.0000,4532.4000,4535.2000,4536.0000,4539.0000,4540.0000,4542.0000,1,1,1,2,1,5,1,2,1,1
SF,IF2011,2020-09-25 09:35:02.900,4534.4000,2923,0,107604120.000,0,-,-,-,-,4534.0000,4533.4000,4533.2000,4532.4000,4530.4000,4536.0000,4536.6000,4539.0000,4540.0000,4542.0000,1,1,4,1,1,1,5,2,1,1
SF,IF2011,2020-09-25 09:35:03.400,4534.4000,2923,0,107604120.000,0,-,-,-,-,4534.2000,4534.0000,4533.4000,4533.2000,4532.4000,4536.0000,4536.6000,4539.0000,4540.0000,4542.0000,1,1,1,4,1,1,5,2,1,1
SF,IF2011,2020-09-25 09:35:03.900,4534.4000,2923,0,107604120.000,0,-,-,-,-,4534.0000,4533.4000,4532.4000,4530.4000,4530.2000,4536.0000,4536.6000,4538.0000,4539.0000,4540.0000,1,1,1,1,2,1,5,1,2,1
SF,IF2011,2020-09-25 09:35:04.400,4534.4000,2923,0,107604120.000,0,-,-,-,-,4533.4000,4532.4000,4530.4000,4530.2000,4530.0000,4535.8000,4536.0000,4536.6000,4538.0000,4539.0000,1,1,1,2,5,1,1,5,1,2
SF,IF2011,2020-09-25 09:35:04.900,4534.4000,2923,0,107604120.000,0,-,-,-,-,4533.8000,4533.6000,4533.4000,4532.4000,4530.4000,4535.8000,4536.0000,4536.6000,4538.0000,4539.0000,1,1,1,1,1,1,1,5,1,2
SF,IF2011,2020-09-25 09:35:05.400,4534.4000,2923,0,107604120.000,0,-,-,-,-,4533.6000,4532.4000,4530.4000,4530.2000,4530.0000,4535.8000,4536.0000,4536.6000,4538.0000,4539.0000,1,1,1,2,5,1,1,5,1,2
SF,IF2011,2020-09-25 09:35:05.900,4534.4000,2923,0,107604120.000,0,-,-,-,-,4534.0000,4533.6000,4532.4000,4530.4000,4530.2000,4535.8000,4536.0000,4536.6000,4538.0000,4539.0000,1,1,1,1,2,1,1,5,1,2
SF,IF2011,2020-09-25 09:35:06.400,4534.4000,2923,0,107604120.000,0,-,-,-,-,4534.2000,4534.0000,4533.6000,4532.4000,4530.4000,4535.8000,4536.0000,4536.6000,4538.0000,4539.0000,1,1,2,1,1,1,1,5,1,2
SF,IF2011,2020-09-25 09:35:06.900,4534.4000,2923,0,107604120.000,0,-,-,-,-,4534.2000,4534.0000,4533.6000,4532.4000,4530.4000,4536.0000,4536.6000,4538.0000,4539.0000,4540.0000,1,1,2,1,1,1,5,1,2,1
SF,IF2011,2020-09-25 09:35:07.400,4534.4000,2923,0,107604120.000,0,-,-,-,-,4535.2000,4534.2000,4533.6000,4532.4000,4530.4000,4536.0000,4537.6000,4538.0000,4539.0000,4540.0000,1,4,2,1,1,1,5,1,2,1
SF,IF2011,2020-09-25 09:35:07.900,4534.4000,2923,0,107604120.000,0,-,-,-,-,4534.2000,4533.6000,4532.4000,4530.4000,4530.2000,4536.0000,4537.6000,4538.0000,4539.0000,4540.0000,4,2,1,1,2,1,5,1,2,1
SF,IF2011,2020-09-25 09:35:08.400,4534.4000,2923,0,107604120.000,0,-,-,-,-,4534.2000,4533.6000,4532.4000,4530.4000,4530.2000,4536.0000,4537.6000,4538.0000,4539.0000,4540.0000,2,2,1,1,2,1,5,1,2,1
SF,IF2011,2020-09-25 09:35:11.400,4534.4000,2923,0,107604120.000,0,-,-,-,-,4534.2000,4533.6000,4532.4000,4530.4000,4530.2000,4536.0000,4537.6000,4538.0000,4539.0000,4540.0000,4,2,1,1,2,1,5,1,2,1
