市场代码,合约代码,时间,最新,持仓,增仓,成交额,成交量,开仓,平仓,成交类型,方向,买一价,买二价,买三价,买四价,买五价,卖一价,卖二价,卖三价,卖四价,卖五价,买一量,买二量,买三量,买四量,买五量,卖一量,卖二量,卖三量,卖四量,卖五量
SF,IF2009,2020-05-20 09:29:00.100,3816.6000,23509,0,2289960.000,2.000,-,-,-,-,3815.0000,3812.0000,3811.8000,3811.6000,3811.0000,3816.8000,3818.0000,3819.0000,3819.6000,3822.2000,1,1,2,3,1,1,1,1,1,1
SF,IF2009,2020-05-20 09:30:00.100,3822.0000,23508,-1,10312680.000,7,3,4,多平,S,3820.0000,3819.6000,3818.6000,3818.4000,3818.0000,3825.2000,3826.6000,3827.8000,3829.6000,3829.8000,4,2,1,1,1,2,1,1,1,1
SF,IF2009,2020-05-20 09:30:00.600,3822.0000,23508,0,10312680.000,0,-,-,-,-,3820.2000,3820.0000,3819.6000,3818.6000,3818.4000,3824.6000,3824.8000,3825.0000,3825.2000,3826.6000,1,4,2,1,1,4,8,15,2,1
SF,IF2009,2020-05-20 09:30:01.100,3822.0000,23508,0,10312680.000,0,-,-,-,-,3820.2000,3820.0000,3818.6000,3818.0000,3817.6000,3821.4000,3822.2000,3822.4000,3823.6000,3823.8000,1,4,1,1,1,2,3,3,2,1
SF,IF2009,2020-05-20 09:30:01.600,3821.4000,23508,0,12605520.000,2,1,1,多换,S,3820.2000,3820.0000,3818.6000,3818.0000,3817.6000,3821.2000,3822.4000,3823.2000,3823.6000,3823.8000,1,2,1,1,1,2,1,2,1,1
SF,IF2009,2020-05-20 09:30:02.100,3821.4000,23508,0,13751940.000,1,0,1,多换,S,3820.0000,3818.6000,3818.0000,3817.6000,3817.4000,3820.6000,3821.0000,3821.2000,3822.4000,3823.2000,2,1,1,1,21,2,3,6,1,2
SF,IF2009,2020-05-20 09:30:02.600,3820.4000,23506,-2,19482180.000,5,1,4,多平,S,3818.0000,3817.6000,3817.4000,3817.2000,3817.0000,3820.4000,3820.6000,3821.0000,3821.2000,3822.4000,1,1,21,2,1,2,5,2,7,1
SF,IF2009,2020-05-20 09:30:03.100,3820.4000,23506,0,21774420.000,2,1,1,多换,S,3818.2000,3818.0000,3817.4000,3817.2000,3817.0000,3820.0000,3820.2000,3820.4000,3820.6000,3821.2000,2,1,21,2,1,2,4,2,5,6
SF,IF2009,2020-05-20 09:30:03.600,3820.4000,23506,0,21774420.000,0,-,-,-,-,3818.2000,3817.4000,3817.2000,3816.8000,3816.0000,3819.2000,3819.6000,3819.8000,3820.0000,3820.2000,1,21,2,2,1,2,5,1,2,4
SF,IF2009,2020-05-20 09:30:04.100,3820.4000,23506,0,21774420.000,0,-,-,-,-,3818.2000,3817.4000,3817.2000,3816.8000,3816.0000,3819.0000,3819.6000,3819.8000,3820.0000,3820.2000,1,21,2,2,1,6,5,4,2,1
SF,IF2009,2020-05-20 09:30:04.600,3820.4000,23506,0,21774420.000,0,-,-,-,-,3818.2000,3817.4000,3817.2000,3816.8000,3816.0000,3818.8000,3819.0000,3819.6000,3819.8000,3820.0000,1,21,2,2,2,1,5,5,3,2
SF,IF2009,2020-05-20 09:30:05.100,3820.4000,23506,0,21774420.000,0,-,-,-,-,3818.2000,3817.4000,3817.2000,3816.8000,3816.0000,3818.8000,3819.0000,3819.6000,3819.8000,3820.2000,1,21,2,2,2,6,5,5,3,1
SF,IF2009,2020-05-20 09:30:05.600,3818.8000,23505,-1,24065700.000,2,0,2,多平,S,3818.2000,3817.4000,3817.2000,3816.8000,3816.0000,3819.6000,3819.8000,3820.2000,3820.4000,3821.2000,1,21,2,2,2,5,3,1,1,2
SF,IF2009,2020-05-20 09:30:06.100,3818.8000,23505,0,24065700.000,0,-,-,-,-,3818.2000,3817.4000,3817.2000,3816.8000,3816.0000,3819.4000,3819.6000,3819.8000,3820.4000,3821.2000,1,21,2,1,2,5,5,3,1,2
SF,IF2009,2020-05-20 09:30:06.600,3819.4000,23503,-2,26357340.000,2,0,2,双平,S,3818.2000,3817.4000,3817.2000,3816.8000,3816.0000,3820.4000,3821.2000,3822.2000,3822.8000,3823.0000,3,21,2,1,2,1,2,2,1,3
SF,IF2009,2020-05-20 09:30:07.100,3819.4000,23504,1,27503160.000,1,1,0,双开,S,3818.4000,3818.2000,3817.4000,3817.2000,3816.8000,3820.4000,3821.2000,3822.2000,3822.8000,3823.0000,3,1,21,2,1,1,2,2,1,3
SF,IF2009,2020-05-20 09:30:07.600,3819.4000,23504,0,27503160.000,0,-,-,-,-,3818.6000,3818.4000,3818.2000,3817.4000,3817.2000,3820.4000,3821.2000,3822.2000,3822.8000,3823.0000,3,5,5,21,2,1,2,2,1,3
SF,IF2009,2020-05-20 09:30:08.100,3819.4000,23504,0,27503160.000,0,-,-,-,-,3818.6000,3818.4000,3817.4000,3817.2000,3816.8000,3820.4000,3821.2000,3822.2000,3822.8000,3823.0000,1,2,21,2,1,1,1,2,1,3
SF,IF2009,2020-05-20 09:30:08.600,3819.4000,23504,0,27503160.000,0,-,-,-,-,3819.4000,3818.6000,3818.4000,3817.4000,3817.2000,3820.2000,3820.4000,3821.2000,3822.2000,3822.8000,1,1,2,21,2,2,3,1,2,1
SF,IF2009,2020-05-20 09:30:09.100,3819.4000,23504,0,27503160.000,0,-,-,-,-,3819.4000,3818.6000,3818.4000,3817.4000,3817.2000,3820.0000,3820.2000,3820.4000,3821.2000,3822.2000,1,1,1,21,2,1,2,2,1,2
SF,IF2009,2020-05-20 09:30:09.600,3819.4000,23504,0,28648980.000,1,0,1,多换,S,3819.4000,3818.6000,3818.4000,3817.4000,3817.2000,3820.2000,3820.4000,3821.2000,3822.2000,3823.0000,1,1,1,21,2,1,2,1,2,3
SF,IF2009,2020-05-20 09:30:10.100,3819.4000,23503,-1,29794800.000,1,0,1,双平,S,3818.6000,3818.4000,3817.4000,3817.2000,3816.8000,3820.2000,3820.4000,3821.2000,3822.2000,3823.0000,1,1,21,2,1,3,2,1,2,3
SF,IF2009,2020-05-20 09:30:10.600,3820.2000,23503,0,30940860.000,1,0,1,多换,S,3819.4000,3819.2000,3819.0000,3818.8000,3818.6000,3820.4000,3821.2000,3823.0000,3823.2000,3823.4000,2,2,1,3,1,2,1,3,1,2
SF,IF2009,2020-05-20 09:30:11.100,3820.2000,23502,-1,32086920.000,1,0,1,双平,S,3819.6000,3819.4000,3819.0000,3818.8000,3818.4000,3820.0000,3820.4000,3821.2000,3823.0000,3823.2000,1,1,1,1,2,1,2,1,3,1
SF,IF2009,2020-05-20 09:30:11.600,3819.6000,23501,-1,34378800.000,2,0,2,多平,S,3819.4000,3819.2000,3819.0000,3818.8000,3818.4000,3820.4000,3821.2000,3823.0000,3823.2000,3823.4000,1,2,1,1,2,2,1,3,1,2
SF,IF2009,2020-05-20 09:30:12.100,3820.2000,23501,0,35524860.000,1,0,1,多换,S,3819.4000,3819.0000,3818.8000,3818.4000,3817.4000,3820.2000,3820.4000,3821.2000,3823.0000,3823.2000,1,1,1,2,21,1,2,1,3,1
SF,IF2009,2020-05-20 09:30:12.600,3820.0000,23501,0,36670860.000,1,0,1,多换,S,3819.4000,3819.0000,3818.4000,3817.4000,3817.2000,3820.2000,3820.4000,3821.2000,3823.0000,3823.2000,1,1,2,21,2,1,2,1,3,1
SF,IF2009,2020-05-20 09:30:13.100,3820.0000,23501,0,36670860.000,0,-,-,-,-,3819.0000,3818.4000,3817.4000,3817.2000,3816.2000,3820.2000,3820.4000,3821.2000,3823.0000,3823.2000,1,1,21,2,1,1,2,1,3,1
SF,IF2009,2020-05-20 09:30:13.600,3820.0000,23501,0,36670860.000,0,-,-,-,-,3819.4000,3819.0000,3818.4000,3817.4000,3817.2000,3820.4000,3823.0000,3823.2000,3823.8000,3824.0000,1,1,1,21,2,1,3,1,1,1
SF,IF2009,2020-05-20 09:30:14.100,3820.0000,23501,0,36670860.000,0,-,-,-,-,3819.4000,3819.0000,3818.4000,3817.4000,3817.2000,3820.4000,3823.0000,3823.2000,3823.8000,3824.0000,2,1,1,21,2,1,3,1,1,1
SF,IF2009,2020-05-20 09:30:14.600,3820.0000,23501,0,36670860.000,0,-,-,-,-,3819.4000,3819.0000,3818.4000,3817.4000,3817.2000,3820.4000,3823.0000,3823.2000,3823.8000,3824.0000,1,1,1,21,2,1,3,1,1,1
SF,IF2009,2020-05-20 09:30:15.100,3819.6000,23500,-1,37816740.000,1,0,1,双平,S,3819.4000,3819.0000,3818.4000,3817.4000,3817.2000,3820.4000,3823.0000,3823.2000,3823.8000,3824.0000,1,1,1,21,2,1,3,1,1,1
SF,IF2009,2020-05-20 09:30:15.600,3819.4000,23499,-1,38962560.000,1,0,1,双平,S,3819.0000,3818.4000,3817.4000,3817.2000,3816.2000,3820.0000,3820.4000,3823.0000,3823.2000,3823.8000,1,1,21,2,1,1,1,3,1,1
SF,IF2009,2020-05-20 09:30:16.100,3819.4000,23499,0,38962560.000,0,-,-,-,-,3819.0000,3818.4000,3817.4000,3817.2000,3816.2000,3819.8000,3820.0000,3820.4000,3823.0000,3823.2000,1,1,21,2,1,1,3,1,3,1
SF,IF2009,2020-05-20 09:30:16.600,3819.4000,23499,0,38962560.000,0,-,-,-,-,3819.0000,3818.4000,3817.4000,3817.2000,3816.2000,3819.8000,3820.0000,3820.2000,3820.4000,3823.0000,1,1,21,2,1,6,3,1,1,3
SF,IF2009,2020-05-20 09:30:17.100,3819.0000,23498,-1,40108260.000,1,0,1,双平,S,3818.4000,3817.4000,3817.2000,3816.2000,3815.8000,3819.8000,3820.0000,3820.2000,3820.4000,3823.0000,1,21,2,1,1,3,1,1,1,3
SF,IF2009,2020-05-20 09:30:17.600,3818.4000,23497,-1,41253780.000,1,0,1,双平,S,3817.4000,3817.2000,3816.2000,3815.8000,3815.2000,3819.4000,3819.6000,3819.8000,3820.0000,3820.2000,21,2,1,1,2,3,4,1,1,1
SF,IF2009,2020-05-20 09:30:18.100,3818.4000,23497,0,41253780.000,0,-,-,-,-,3817.6000,3817.4000,3817.2000,3816.2000,3815.8000,3819.2000,3819.4000,3819.6000,3820.0000,3820.2000,1,21,2,1,1,10,3,1,1,1
SF,IF2009,2020-05-20 09:30:18.600,3818.4000,23497,0,41253780.000,0,-,-,-,-,3817.4000,3817.2000,3816.2000,3815.8000,3815.2000,3819.0000,3819.2000,3819.4000,3820.0000,3820.2000,21,2,1,1,2,7,8,3,1,1
SF,IF2009,2020-05-20 09:30:19.100,3818.4000,23497,0,41253780.000,0,-,-,-,-,3817.6000,3817.4000,3817.2000,3816.2000,3815.8000,3818.8000,3819.0000,3819.2000,3819.4000,3820.0000,1,21,2,1,1,1,2,7,3,1
SF,IF2009,2020-05-20 09:30:19.600,3818.4000,23497,0,41253780.000,0,-,-,-,-,3817.4000,3817.2000,3816.2000,3815.8000,3815.2000,3818.8000,3819.0000,3819.2000,3819.4000,3820.0000,21,2,1,1,2,9,1,6,3,1
SF,IF2009,2020-05-20 09:30:20.100,3818.4000,23497,0,41253780.000,0,-,-,-,-,3817.6000,3817.4000,3817.2000,3816.2000,3815.8000,3818.8000,3819.2000,3819.4000,3820.0000,3820.2000,1,21,2,1,1,8,6,3,1,1
SF,IF2009,2020-05-20 09:30:20.600,3818.6000,23496,-1,42399360.000,1,0,1,双平,S,3817.4000,3817.2000,3816.2000,3815.8000,3815.2000,3818.6000,3818.8000,3819.2000,3819.4000,3820.0000,21,2,1,1,2,2,7,6,3,1
SF,IF2009,2020-05-20 09:30:21.100,3818.6000,23495,-1,43544940.000,1,0,1,双平,S,3817.4000,3817.2000,3816.2000,3815.8000,3815.2000,3818.6000,3818.8000,3819.2000,3819.4000,3820.0000,21,2,1,1,2,1,7,6,3,1
SF,IF2009,2020-05-20 09:30:21.600,3818.6000,23495,0,43544940.000,0,-,-,-,-,3817.6000,3817.4000,3817.2000,3816.2000,3815.8000,3818.4000,3818.8000,3819.2000,3819.4000,3820.0000,1,21,2,1,1,1,7,6,3,1
SF,IF2009,2020-05-20 09:30:22.100,3818.6000,23495,0,43544940.000,0,-,-,-,-,3817.4000,3817.2000,3816.2000,3815.8000,3815.2000,3818.2000,3818.4000,3818.6000,3818.8000,3819.2000,21,2,1,1,2,5,2,1,6,6
SF,IF2009,2020-05-20 09:30:22.600,3818.6000,23495,0,43544940.000,0,-,-,-,-,3817.4000,3817.2000,3816.2000,3815.8000,3815.2000,3818.2000,3818.4000,3818.6000,3818.8000,3819.2000,21,2,1,1,2,5,1,1,6,6
SF,IF2009,2020-05-20 09:30:23.100,3818.4000,23494,-1,44690460.000,1,0,1,双平,S,3817.4000,3817.2000,3816.2000,3815.8000,3815.2000,3818.0000,3818.2000,3818.6000,3818.8000,3819.2000,21,2,1,1,2,3,5,1,6,6
SF,IF2009,2020-05-20 09:30:23.600,3817.2000,23485,-9,71030400.000,23,7,16,多平,S,3816.2000,3815.8000,3815.2000,3815.0000,3813.8000,3817.2000,3817.8000,3818.2000,3818.6000,3818.8000,1,1,2,1,1,4,1,5,1,6
SF,IF2009,2020-05-20 09:30:24.100,3817.2000,23485,0,71030400.000,0,-,-,-,-,3816.2000,3815.8000,3815.2000,3815.0000,3813.8000,3817.0000,3817.2000,3817.8000,3818.2000,3818.6000,1,1,2,1,1,1,10,2,5,1
SF,IF2009,2020-05-20 09:30:24.600,3816.2000,23486,1,72175260.000,1,1,0,双开,S,3815.8000,3815.2000,3815.0000,3814.0000,3813.8000,3816.0000,3816.2000,3817.0000,3817.2000,3817.8000,1,2,1,3,1,3,1,5,6,2
SF,IF2009,2020-05-20 09:30:25.100,3816.0000,23485,-1,74464860.000,2,0,2,多平,S,3815.8000,3815.2000,3815.0000,3814.0000,3813.8000,3816.2000,3817.0000,3818.4000,3818.6000,3818.8000,1,2,1,3,1,1,1,3,1,1
SF,IF2009,2020-05-20 09:30:25.600,3816.2000,23485,0,75609720.000,1,0,1,多换,S,3816.6000,3815.8000,3815.2000,3815.0000,3814.0000,3817.0000,3818.4000,3818.6000,3818.8000,3819.2000,1,1,2,1,3,1,3,1,1,1
SF,IF2009,2020-05-20 09:30:26.100,3816.4000,23484,-1,77899560.000,2,0,2,多平,S,3815.8000,3815.2000,3815.0000,3814.0000,3813.8000,3816.4000,3818.4000,3818.6000,3818.8000,3819.2000,1,2,1,3,1,5,3,1,1,1
SF,IF2009,2020-05-20 09:30:26.600,3816.4000,23484,0,80189400.000,2,1,1,多换,S,3816.0000,3815.8000,3815.2000,3815.0000,3814.0000,3818.4000,3818.6000,3818.8000,3819.2000,3820.0000,2,1,2,1,3,3,1,1,1,1
SF,IF2009,2020-05-20 09:30:27.100,3816.4000,23484,0,80189400.000,0,-,-,-,-,3816.2000,3816.0000,3815.8000,3815.2000,3815.0000,3818.0000,3818.2000,3818.4000,3818.6000,3820.0000,3,2,1,2,1,5,3,3,1,1
SF,IF2009,2020-05-20 09:30:27.600,3816.4000,23484,0,80189400.000,0,-,-,-,-,3816.4000,3816.2000,3816.0000,3815.8000,3815.2000,3817.8000,3818.0000,3818.2000,3818.4000,3818.6000,2,1,1,1,2,7,5,1,3,1
SF,IF2009,2020-05-20 09:30:28.100,3816.4000,23484,0,80189400.000,0,-,-,-,-,3816.6000,3816.4000,3816.2000,3816.0000,3815.8000,3817.0000,3817.8000,3818.6000,3820.0000,3823.0000,1,1,1,1,1,20,1,1,1,3
SF,IF2009,2020-05-20 09:30:28.600,3817.0000,23483,-1,81334500.000,1,0,1,双平,S,3816.6000,3816.4000,3816.0000,3815.8000,3815.2000,3817.0000,3817.8000,3818.6000,3820.0000,3823.0000,1,1,1,1,3,19,1,1,1,3
SF,IF2009,2020-05-20 09:30:29.100,3816.6000,23482,-1,82479480.000,1,0,1,双平,S,3816.4000,3816.0000,3815.8000,3815.2000,3815.0000,3817.0000,3817.8000,3818.6000,3820.0000,3823.0000,1,1,1,3,1,19,1,1,1,3
SF,IF2009,2020-05-20 09:30:29.600,3816.6000,23482,0,82479480.000,0,-,-,-,-,3816.0000,3815.8000,3815.2000,3815.0000,3814.0000,3816.8000,3817.0000,3817.8000,3818.6000,3820.0000,1,1,3,1,3,1,19,1,1,1
SF,IF2009,2020-05-20 09:30:30.100,3815.8000,23481,-1,84769020.000,2,0,2,多平,S,3815.2000,3815.0000,3814.0000,3813.8000,3812.0000,3816.2000,3816.8000,3817.0000,3817.8000,3818.6000,3,1,3,1,2,3,2,19,1,1
SF,IF2009,2020-05-20 09:30:30.600,3816.0000,23481,0,85913820.000,1,0,1,多换,S,3816.0000,3815.2000,3815.0000,3814.0000,3813.8000,3816.2000,3816.8000,3817.0000,3817.8000,3818.6000,5,1,1,3,1,1,1,19,1,1
SF,IF2009,2020-05-20 09:30:31.100,3816.0000,23481,0,91637820.000,5,2,3,多换,S,3815.2000,3815.0000,3814.0000,3813.8000,3812.0000,3815.8000,3816.8000,3817.0000,3817.8000,3818.6000,1,1,3,1,2,1,1,19,1,1
SF,IF2009,2020-05-20 09:30:31.600,3816.0000,23481,0,92782620.000,1,0,1,多换,S,3815.2000,3815.0000,3814.0000,3813.8000,3812.0000,3817.0000,3817.8000,3818.6000,3820.0000,3823.0000,1,1,3,1,2,19,1,1,1,3
SF,IF2009,2020-05-20 09:30:32.100,3816.0000,23481,0,92782620.000,0,-,-,-,-,3816.2000,3815.4000,3815.2000,3815.0000,3814.0000,3816.8000,3817.0000,3818.6000,3820.0000,3823.0000,1,1,1,1,3,1,19,1,1,3
SF,IF2009,2020-05-20 09:30:32.600,3816.2000,23481,0,93927480.000,1,0,1,多换,S,3815.4000,3815.2000,3815.0000,3814.0000,3813.8000,3816.8000,3817.0000,3818.6000,3820.0000,3823.0000,1,1,1,3,1,1,19,1,1,3
SF,IF2009,2020-05-20 09:30:33.600,3816.2000,23481,0,93927480.000,0,-,-,-,-,3815.4000,3815.2000,3815.0000,3814.0000,3813.8000,3816.6000,3816.8000,3817.0000,3818.6000,3820.0000,1,1,1,3,1,5,3,19,1,1
SF,IF2009,2020-05-20 09:30:34.100,3816.2000,23481,0,93927480.000,0,-,-,-,-,3815.2000,3815.0000,3814.0000,3813.8000,3812.0000,3816.4000,3816.6000,3816.8000,3817.0000,3820.0000,1,1,3,1,2,1,6,2,19,1
SF,IF2009,2020-05-20 09:30:34.600,3816.2000,23481,0,93927480.000,0,-,-,-,-,3815.2000,3815.0000,3814.0000,3813.8000,3812.0000,3816.4000,3816.6000,3817.0000,3820.0000,3823.0000,1,1,3,1,2,8,6,19,6,3
SF,IF2009,2020-05-20 09:30:35.100,3815.0000,23480,-1,96216540.000,2,0,2,多平,S,3813.8000,3812.0000,3811.6000,3810.6000,3810.4000,3815.8000,3816.2000,3816.4000,3816.6000,3817.0000,1,2,3,2,2,2,8,5,6,19
SF,IF2009,2020-05-20 09:30:35.600,3815.0000,23481,1,97361040.000,1,1,0,双开,S,3814.0000,3813.8000,3812.0000,3811.6000,3810.6000,3814.4000,3815.0000,3815.2000,3815.6000,3816.0000,1,1,2,3,2,1,1,5,4,1
SF,IF2009,2020-05-20 09:30:36.100,3814.0000,23480,-1,98505240.000,1,0,1,双平,S,3813.8000,3812.0000,3810.6000,3810.4000,3810.2000,3814.4000,3815.0000,3815.2000,3815.6000,3815.8000,1,2,2,2,2,1,3,6,6,1
SF,IF2009,2020-05-20 09:30:36.600,3814.0000,23480,0,98505240.000,0,-,-,-,-,3813.8000,3812.0000,3810.6000,3810.4000,3810.2000,3814.4000,3815.0000,3815.2000,3815.6000,3815.8000,1,2,2,2,2,1,3,6,5,1
SF,IF2009,2020-05-20 09:30:37.100,3813.8000,23480,0,99649380.000,1,0,1,多换,S,3812.0000,3810.6000,3810.4000,3810.2000,3810.0000,3814.4000,3815.0000,3815.2000,3815.6000,3815.8000,2,2,2,2,1,1,3,5,5,1
SF,IF2009,2020-05-20 09:30:37.600,3813.8000,23480,0,99649380.000,0,-,-,-,-,3812.4000,3812.2000,3812.0000,3810.6000,3810.4000,3814.2000,3814.4000,3815.2000,3815.4000,3815.6000,2,3,2,2,2,1,3,5,1,3
SF,IF2009,2020-05-20 09:30:38.100,3813.8000,23480,0,99649380.000,0,-,-,-,-,3812.6000,3812.4000,3812.2000,3812.0000,3810.6000,3814.2000,3814.4000,3815.2000,3815.4000,3815.6000,1,2,2,2,2,1,2,5,1,3
SF,IF2009,2020-05-20 09:30:38.600,3813.8000,23480,0,99649380.000,0,-,-,-,-,3812.6000,3812.4000,3812.2000,3812.0000,3810.6000,3814.0000,3814.2000,3814.4000,3815.2000,3815.4000,1,2,2,2,2,1,2,1,5,1
SF,IF2009,2020-05-20 09:30:39.100,3812.8000,23480,0,100793220.000,1,0,1,多换,S,3812.6000,3812.4000,3812.2000,3812.0000,3810.6000,3814.2000,3815.4000,3815.6000,3815.8000,3816.2000,1,2,2,2,2,1,1,2,1,1
SF,IF2009,2020-05-20 09:30:39.600,3814.2000,23479,-1,101937480.000,1,0,1,双平,S,3812.8000,3812.6000,3812.4000,3812.2000,3812.0000,3815.4000,3815.6000,3815.8000,3816.2000,3817.0000,1,2,1,2,2,1,2,1,1,19
SF,IF2009,2020-05-20 09:30:40.100,3814.2000,23479,0,101937480.000,0,-,-,-,-,3813.0000,3812.8000,3812.6000,3812.4000,3812.2000,3814.2000,3815.2000,3815.6000,3816.2000,3817.0000,3,5,2,2,2,1,2,1,1,19
SF,IF2009,2020-05-20 09:30:40.600,3814.2000,23479,0,103081740.000,1,0,1,多换,S,3813.8000,3813.6000,3813.2000,3813.0000,3812.8000,3815.6000,3816.2000,3817.0000,3817.2000,3820.0000,2,1,3,1,4,1,1,19,1,6
SF,IF2009,2020-05-20 09:30:41.100,3814.2000,23479,0,104226000.000,1,0,1,多换,S,3814.0000,3813.2000,3813.0000,3812.8000,3812.6000,3815.4000,3817.0000,3817.2000,3820.0000,3823.0000,3,1,1,3,1,2,19,1,6,3
SF,IF2009,2020-05-20 09:30:41.600,3814.2000,23479,0,104226000.000,0,-,-,-,-,3814.2000,3814.0000,3813.6000,3813.2000,3813.0000,3815.4000,3817.0000,3817.2000,3820.0000,3823.0000,1,4,2,2,1,1,19,1,6,3
SF,IF2009,2020-05-20 09:30:42.100,3814.2000,23479,0,104226000.000,0,-,-,-,-,3814.4000,3814.2000,3814.0000,3813.6000,3813.2000,3817.0000,3817.2000,3820.0000,3823.0000,3823.6000,1,2,2,2,2,19,1,6,3,1
SF,IF2009,2020-05-20 09:30:42.600,3814.2000,23479,0,104226000.000,0,-,-,-,-,3814.6000,3814.4000,3814.2000,3814.0000,3813.6000,3816.8000,3817.0000,3817.2000,3820.0000,3823.0000,1,3,2,2,2,7,19,1,6,3
SF,IF2009,2020-05-20 09:30:43.100,3814.2000,23479,0,104226000.000,0,-,-,-,-,3815.4000,3814.8000,3814.6000,3814.4000,3814.0000,3816.6000,3816.8000,3817.0000,3817.2000,3820.0000,1,1,1,2,1,2,9,19,1,6
SF,IF2009,2020-05-20 09:30:43.600,3815.4000,23478,-1,105370620.000,1,0,1,双平,S,3814.8000,3814.6000,3814.4000,3813.6000,3813.2000,3816.4000,3816.6000,3816.8000,3817.0000,3817.2000,1,1,1,2,1,3,7,6,19,1
SF,IF2009,2020-05-20 09:30:44.600,3815.4000,23478,0,105370620.000,0,-,-,-,-,3814.8000,3814.6000,3814.4000,3813.6000,3813.2000,3816.2000,3816.4000,3816.6000,3816.8000,3817.0000,1,1,1,2,1,1,3,6,6,19
SF,IF2009,2020-05-20 09:30:45.100,3815.4000,23478,0,105370620.000,0,-,-,-,-,3814.8000,3814.6000,3814.4000,3814.0000,3813.6000,3816.0000,3816.2000,3816.4000,3816.6000,3816.8000,1,1,1,1,2,1,1,2,6,6
SF,IF2009,2020-05-20 09:30:45.600,3815.4000,23478,0,105370620.000,0,-,-,-,-,3814.4000,3814.0000,3813.6000,3813.2000,3813.0000,3816.0000,3816.4000,3816.8000,3817.0000,3817.2000,1,1,2,1,1,1,2,6,19,1
SF,IF2009,2020-05-20 09:30:46.100,3815.4000,23478,0,105370620.000,0,-,-,-,-,3814.6000,3814.4000,3814.0000,3813.6000,3813.2000,3816.0000,3816.4000,3816.8000,3817.0000,3817.2000,1,1,1,2,1,2,2,6,19,1
SF,IF2009,2020-05-20 09:30:46.600,3815.4000,23478,0,105370620.000,0,-,-,-,-,3814.6000,3814.4000,3814.0000,3813.6000,3813.2000,3816.0000,3816.4000,3816.8000,3817.0000,3817.2000,3,1,1,2,1,1,2,6,19,1
SF,IF2009,2020-05-20 09:30:47.600,3815.4000,23478,0,105370620.000,0,-,-,-,-,3814.8000,3814.6000,3814.4000,3814.0000,3813.6000,3816.0000,3816.4000,3816.8000,3817.0000,3817.2000,2,2,1,1,2,1,2,6,19,1
SF,IF2009,2020-05-20 09:30:48.100,3815.4000,23478,0,105370620.000,0,-,-,-,-,3814.6000,3814.4000,3814.0000,3813.6000,3813.2000,3816.0000,3816.4000,3816.8000,3817.0000,3817.2000,2,1,1,2,1,1,2,1,19,1
SF,IF2009,2020-05-20 09:30:48.600,3815.4000,23478,0,105370620.000,0,-,-,-,-,3814.4000,3814.0000,3813.2000,3813.0000,3812.8000,3816.0000,3816.4000,3816.8000,3817.0000,3817.2000,1,1,1,2,1,3,2,1,19,1
SF,IF2009,2020-05-20 09:30:49.100,3815.4000,23478,0,105370620.000,0,-,-,-,-,3814.4000,3814.0000,3813.8000,3813.2000,3813.0000,3815.8000,3816.0000,3816.4000,3816.8000,3817.0000,2,1,1,1,2,2,1,2,1,19
SF,IF2009,2020-05-20 09:30:49.600,3814.4000,23477,-1,106514940.000,1,0,1,双平,S,3814.4000,3814.0000,3813.8000,3813.2000,3813.0000,3815.6000,3815.8000,3816.4000,3817.0000,3817.2000,1,1,1,1,2,1,7,2,19,1
SF,IF2009,2020-05-20 09:30:50.100,3814.4000,23477,0,107659260.000,1,0,1,多换,S,3814.0000,3813.8000,3813.0000,3812.8000,3812.6000,3815.6000,3815.8000,3816.4000,3817.0000,3817.2000,1,1,2,1,1,9,5,2,19,1
SF,IF2009,2020-05-20 09:30:50.600,3814.4000,23477,0,107659260.000,0,-,-,-,-,3814.0000,3813.8000,3813.0000,3812.8000,3812.6000,3815.2000,3815.4000,3815.6000,3815.8000,3816.4000,1,1,1,1,1,5,3,7,5,1
SF,IF2009,2020-05-20 09:30:51.100,3814.0000,23477,0,108803460.000,1,0,1,多换,S,3813.8000,3812.2000,3812.0000,3811.0000,3810.6000,3815.0000,3815.2000,3815.4000,3815.6000,3815.8000,1,2,2,1,2,4,6,1,6,5
SF,IF2009,2020-05-20 09:30:51.600,3814.0000,23477,0,108803460.000,0,-,-,-,-,3814.2000,3813.8000,3812.2000,3812.0000,3811.0000,3815.0000,3815.2000,3815.4000,3815.6000,3817.0000,1,2,2,2,1,1,1,1,1,19
SF,IF2009,2020-05-20 09:30:52.100,3814.0000,23477,0,108803460.000,0,-,-,-,-,3814.2000,3813.8000,3812.2000,3812.0000,3811.0000,3814.8000,3815.6000,3817.0000,3817.2000,3818.0000,1,2,2,2,1,3,1,19,1,1
SF,IF2009,2020-05-20 09:30:53.100,3814.2000,23476,-1,109947720.000,1,0,1,双平,S,3813.8000,3812.2000,3812.0000,3811.0000,3810.6000,3814.8000,3815.6000,3817.0000,3817.2000,3818.0000,2,2,2,1,2,3,1,19,1,1
SF,IF2009,2020-05-20 09:30:53.600,3814.2000,23476,0,109947720.000,0,-,-,-,-,3813.8000,3813.2000,3812.2000,3812.0000,3811.0000,3814.6000,3814.8000,3815.6000,3817.0000,3817.2000,2,1,2,2,1,1,2,1,19,1
SF,IF2009,2020-05-20 09:30:54.100,3814.2000,23476,0,109947720.000,0,-,-,-,-,3813.8000,3813.2000,3812.2000,3812.0000,3811.0000,3814.6000,3814.8000,3817.0000,3817.2000,3818.0000,3,1,2,2,1,1,1,19,1,1
SF,IF2009,2020-05-20 09:30:54.600,3814.2000,23476,0,109947720.000,0,-,-,-,-,3813.8000,3813.2000,3812.2000,3812.0000,3811.0000,3814.6000,3814.8000,3817.0000,3817.2000,3818.0000,2,1,1,2,1,3,1,19,1,1
SF,IF2009,2020-05-20 09:30:55.100,3814.2000,23476,0,109947720.000,0,-,-,-,-,3813.8000,3813.2000,3812.2000,3812.0000,3811.0000,3814.4000,3814.6000,3814.8000,3817.0000,3817.2000,2,1,1,2,1,1,1,1,19,1
SF,IF2009,2020-05-20 09:30:55.600,3814.2000,23476,0,109947720.000,0,-,-,-,-,3813.8000,3813.2000,3812.2000,3812.0000,3811.0000,3814.4000,3814.6000,3814.8000,3817.0000,3817.2000,2,1,1,2,1,1,1,1,19,1
SF,IF2009,2020-05-20 09:30:56.100,3814.2000,23476,0,109947720.000,0,-,-,-,-,3813.8000,3813.2000,3812.2000,3812.0000,3811.0000,3814.4000,3814.8000,3817.0000,3817.2000,3818.0000,2,1,1,2,1,1,1,19,1,1
SF,IF2009,2020-05-20 09:30:57.100,3814.2000,23475,-1,111091980.000,1,0,1,双平,S,3813.8000,3813.2000,3812.2000,3812.0000,3811.0000,3814.4000,3814.8000,3817.0000,3817.2000,3818.0000,2,1,1,2,1,1,1,19,1,1
SF,IF2009,2020-05-20 09:30:57.600,3814.2000,23475,0,111091980.000,0,-,-,-,-,3813.8000,3813.2000,3812.2000,3812.0000,3811.0000,3814.4000,3814.8000,3817.0000,3817.2000,3818.0000,2,1,1,2,1,1,1,19,1,1
SF,IF2009,2020-05-20 09:30:58.100,3813.8000,23475,0,112236120.000,1,0,1,多换,S,3813.8000,3813.2000,3812.2000,3812.0000,3811.0000,3814.2000,3814.4000,3814.8000,3817.0000,3817.2000,1,1,1,2,1,1,1,1,19,1
SF,IF2009,2020-05-20 09:30:58.600,3814.2000,23474,-1,113380380.000,1,0,1,双平,S,3813.8000,3813.2000,3812.2000,3812.0000,3811.0000,3814.4000,3814.8000,3817.0000,3817.2000,3818.0000,1,1,1,2,1,1,1,19,1,1
SF,IF2009,2020-05-20 09:30:59.600,3814.2000,23474,0,113380380.000,0,-,-,-,-,3813.8000,3813.2000,3812.2000,3812.0000,3811.0000,3814.8000,3817.0000,3817.2000,3818.0000,3820.0000,1,1,1,2,1,1,19,1,1,1
SF,IF2009,2020-05-20 09:31:00.100,3814.2000,23474,0,113380380.000,0,-,-,-,-,3813.8000,3813.2000,3812.2000,3812.0000,3811.0000,3814.8000,3817.0000,3817.2000,3818.0000,3820.0000,1,1,1,2,1,1,19,1,1,1
SF,IF2009,2020-05-20 09:31:00.600,3814.2000,23474,0,113380380.000,0,-,-,-,-,3814.0000,3813.8000,3813.2000,3812.2000,3812.0000,3814.8000,3817.0000,3817.2000,3818.0000,3820.0000,1,1,1,1,2,1,19,1,1,1
SF,IF2009,2020-05-20 09:31:01.100,3814.2000,23474,0,113380380.000,0,-,-,-,-,3813.8000,3813.2000,3812.2000,3812.0000,3811.0000,3814.8000,3816.0000,3817.0000,3817.2000,3818.0000,1,1,1,2,1,2,1,19,1,1
SF,IF2009,2020-05-20 09:31:01.600,3814.2000,23474,0,113380380.000,0,-,-,-,-,3813.8000,3813.2000,3812.2000,3812.0000,3811.0000,3814.4000,3814.6000,3814.8000,3816.0000,3817.0000,1,1,1,2,1,2,5,1,1,19
SF,IF2009,2020-05-20 09:31:02.100,3814.2000,23474,0,113380380.000,0,-,-,-,-,3813.8000,3813.2000,3812.2000,3812.0000,3811.0000,3814.6000,3816.0000,3817.0000,3817.2000,3818.0000,1,1,1,2,1,2,1,19,1,1
SF,IF2009,2020-05-20 09:31:02.600,3814.2000,23474,0,113380380.000,0,-,-,-,-,3813.8000,3813.2000,3812.2000,3812.0000,3811.0000,3814.4000,3816.0000,3817.0000,3817.2000,3818.0000,1,2,1,2,1,1,1,19,1,1
SF,IF2009,2020-05-20 09:31:03.100,3814.4000,23473,-1,114524700.000,1,0,1,双平,S,3813.8000,3813.2000,3812.2000,3812.0000,3810.6000,3816.0000,3817.0000,3817.2000,3818.0000,3818.8000,3,2,1,2,2,1,19,1,1,1
SF,IF2009,2020-05-20 09:31:03.600,3814.4000,23473,0,114524700.000,0,-,-,-,-,3814.4000,3814.0000,3813.8000,3813.2000,3812.2000,3815.0000,3815.8000,3816.0000,3817.0000,3817.2000,1,2,1,2,1,5,5,1,19,1
SF,IF2009,2020-05-20 09:31:04.100,3814.4000,23473,0,114524700.000,0,-,-,-,-,3814.4000,3814.0000,3813.8000,3813.2000,3812.2000,3815.8000,3816.0000,3817.0000,3817.2000,3818.0000,1,1,1,2,1,3,1,19,1,1
SF,IF2009,2020-05-20 09:31:04.600,3814.6000,23473,0,115669080.000,1,0,1,多换,S,3814.4000,3813.8000,3813.2000,3812.2000,3812.0000,3815.2000,3815.6000,3815.8000,3816.0000,3817.0000,2,1,2,1,2,5,2,3,1,19
SF,IF2009,2020-05-20 09:31:05.100,3814.6000,23473,0,115669080.000,0,-,-,-,-,3814.4000,3813.8000,3813.2000,3812.2000,3812.0000,3815.0000,3815.2000,3815.6000,3815.8000,3816.0000,2,1,2,1,2,6,6,1,4,1
SF,IF2009,2020-05-20 09:31:05.600,3814.6000,23473,0,115669080.000,0,-,-,-,-,3814.4000,3813.8000,3813.2000,3812.2000,3812.0000,3815.0000,3815.6000,3815.8000,3816.0000,3817.0000,2,1,2,1,2,1,1,4,1,19
SF,IF2009,2020-05-20 09:31:06.100,3814.6000,23473,0,115669080.000,0,-,-,-,-,3814.6000,3814.4000,3814.0000,3813.8000,3813.2000,3815.8000,3816.0000,3817.0000,3817.2000,3818.0000,1,2,1,1,2,3,1,19,1,1
SF,IF2009,2020-05-20 09:31:06.600,3814.6000,23473,0,115669080.000,0,-,-,-,-,3814.6000,3814.4000,3814.0000,3813.8000,3813.2000,3815.6000,3815.8000,3816.0000,3817.0000,3817.2000,2,2,1,1,2,6,3,1,19,1
SF,IF2009,2020-05-20 09:31:07.100,3814.6000,23473,0,115669080.000,0,-,-,-,-,3814.6000,3814.4000,3814.0000,3813.8000,3813.2000,3815.6000,3815.8000,3816.0000,3817.0000,3817.2000,3,2,1,1,2,6,2,1,19,1
SF,IF2009,2020-05-20 09:31:07.600,3815.6000,23472,-1,116813760.000,1,0,1,双平,S,3814.8000,3814.6000,3814.4000,3814.0000,3813.8000,3815.6000,3815.8000,3816.0000,3817.0000,3817.2000,2,1,2,1,1,5,2,1,19,1
SF,IF2009,2020-05-20 09:31:08.100,3815.0000,23472,0,117958260.000,1,0,1,多换,S,3815.0000,3814.8000,3814.4000,3814.0000,3813.8000,3815.8000,3816.0000,3817.0000,3817.2000,3818.0000,2,1,2,1,1,1,1,19,1,1
SF,IF2009,2020-05-20 09:31:08.600,3815.0000,23472,0,117958260.000,0,-,-,-,-,3814.4000,3814.0000,3813.8000,3813.2000,3812.2000,3815.6000,3815.8000,3816.0000,3817.0000,3817.2000,2,1,1,2,1,4,1,1,19,1
SF,IF2009,2020-05-20 09:31:09.100,3815.0000,23472,0,117958260.000,0,-,-,-,-,3814.6000,3814.4000,3814.0000,3813.8000,3813.2000,3815.6000,3816.0000,3817.0000,3817.2000,3818.0000,1,2,1,1,2,4,1,19,1,1
SF,IF2009,2020-05-20 09:31:09.600,3815.0000,23472,0,117958260.000,0,-,-,-,-,3814.6000,3814.4000,3814.0000,3813.8000,3813.2000,3816.0000,3817.0000,3817.2000,3818.0000,3818.8000,1,2,1,1,2,1,19,1,1,1
SF,IF2009,2020-05-20 09:31:10.100,3815.0000,23472,0,117958260.000,0,-,-,-,-,3814.8000,3814.6000,3814.4000,3814.0000,3813.8000,3815.0000,3816.0000,3817.0000,3817.2000,3818.0000,1,1,2,1,1,1,1,19,1,1
SF,IF2009,2020-05-20 09:31:10.600,3815.0000,23472,0,119102760.000,1,0,1,多换,S,3814.8000,3814.6000,3814.4000,3814.0000,3813.8000,3815.6000,3815.8000,3816.0000,3817.0000,3817.2000,1,1,2,1,1,2,1,3,19,1
SF,IF2009,2020-05-20 09:31:11.100,3815.0000,23472,0,119102760.000,0,-,-,-,-,3814.8000,3814.6000,3814.4000,3814.0000,3813.8000,3815.6000,3815.8000,3816.0000,3817.0000,3817.2000,1,1,2,1,1,2,1,2,19,1
SF,IF2009,2020-05-20 09:31:11.600,3815.0000,23472,0,119102760.000,0,-,-,-,-,3815.4000,3814.8000,3814.6000,3814.4000,3814.0000,3816.0000,3817.0000,3817.2000,3818.0000,3818.8000,1,2,1,2,1,1,19,1,1,1
SF,IF2009,2020-05-20 09:31:12.100,3815.4000,23471,-1,124826100.000,5,2,3,多平,S,3814.8000,3814.6000,3814.4000,3814.0000,3813.8000,3815.4000,3815.8000,3816.0000,3817.0000,3817.2000,3,1,2,1,1,5,1,1,19,1
SF,IF2009,2020-05-20 09:31:12.600,3815.4000,23467,-4,129404580.000,4,0,4,双平,S,3815.0000,3814.8000,3814.4000,3814.0000,3813.8000,3816.0000,3817.0000,3817.2000,3818.0000,3818.8000,1,2,2,1,1,1,19,1,1,1
SF,IF2009,2020-05-20 09:31:13.600,3815.4000,23467,0,129404580.000,0,-,-,-,-,3815.0000,3814.8000,3814.4000,3814.0000,3813.8000,3816.0000,3817.0000,3817.2000,3818.0000,3818.8000,1,1,1,1,1,2,19,1,1,1
SF,IF2009,2020-05-20 09:31:14.100,3815.4000,23467,0,129404580.000,0,-,-,-,-,3814.8000,3814.4000,3814.0000,3813.8000,3813.2000,3815.8000,3816.0000,3817.0000,3817.2000,3818.0000,1,1,2,1,2,6,3,19,1,1
SF,IF2009,2020-05-20 09:31:14.600,3815.4000,23467,0,129404580.000,0,-,-,-,-,3814.8000,3814.4000,3814.0000,3813.8000,3813.2000,3815.6000,3815.8000,3816.0000,3817.0000,3817.2000,1,1,2,1,2,5,7,3,19,1
SF,IF2009,2020-05-20 09:31:15.100,3815.8000,23466,-1,130549320.000,1,0,1,双平,S,3814.8000,3814.0000,3813.8000,3813.2000,3812.2000,3815.8000,3816.0000,3817.0000,3817.2000,3818.0000,1,2,1,2,1,5,2,19,1,1
SF,IF2009,2020-05-20 09:31:15.600,3815.8000,23466,0,131694060.000,1,0,1,多换,S,3814.8000,3814.0000,3813.8000,3813.2000,3812.2000,3815.6000,3815.8000,3816.0000,3817.0000,3817.2000,2,2,1,2,1,4,5,1,19,1
SF,IF2009,2020-05-20 09:31:16.100,3815.8000,23466,0,131694060.000,0,-,-,-,-,3814.8000,3814.0000,3813.8000,3813.2000,3812.2000,3815.2000,3815.6000,3815.8000,3816.0000,3817.0000,2,2,1,2,1,5,4,6,1,19
SF,IF2009,2020-05-20 09:31:16.600,3815.8000,23466,0,131694060.000,0,-,-,-,-,3814.8000,3814.0000,3813.8000,3813.2000,3812.2000,3815.8000,3816.0000,3817.0000,3817.2000,3818.0000,2,2,1,2,1,5,1,19,1,1
SF,IF2009,2020-05-20 09:31:17.100,3815.8000,23466,0,131694060.000,0,-,-,-,-,3814.8000,3814.0000,3813.8000,3813.2000,3812.2000,3815.6000,3815.8000,3816.0000,3817.0000,3817.2000,2,2,1,2,1,2,5,1,19,1
SF,IF2009,2020-05-20 09:31:17.600,3815.8000,23466,0,131694060.000,0,-,-,-,-,3814.8000,3814.0000,3813.8000,3813.2000,3812.2000,3815.2000,3815.4000,3815.6000,3815.8000,3816.0000,2,2,1,2,1,5,1,3,5,1
SF,IF2009,2020-05-20 09:31:18.100,3815.8000,23466,0,131694060.000,0,-,-,-,-,3814.8000,3814.0000,3813.8000,3813.2000,3812.2000,3815.2000,3815.6000,3815.8000,3816.0000,3817.0000,2,2,1,2,1,5,3,5,1,19
SF,IF2009,2020-05-20 09:31:18.600,3815.8000,23466,0,131694060.000,0,-,-,-,-,3814.8000,3814.0000,3813.8000,3813.2000,3812.2000,3815.0000,3815.2000,3815.6000,3815.8000,3816.0000,2,2,1,2,1,1,5,3,5,1
SF,IF2009,2020-05-20 09:31:19.100,3815.0000,23466,0,132838560.000,1,0,1,多换,S,3814.8000,3814.0000,3813.8000,3813.2000,3812.2000,3815.2000,3815.6000,3815.8000,3816.0000,3817.0000,2,2,1,2,1,5,3,5,1,19
SF,IF2009,2020-05-20 09:31:19.600,3815.2000,23465,-1,133983120.000,1,0,1,双平,S,3814.8000,3814.0000,3813.8000,3813.2000,3812.2000,3815.6000,3815.8000,3816.0000,3817.0000,3817.2000,2,2,1,2,1,2,4,1,19,1
SF,IF2009,2020-05-20 09:31:20.100,3815.2000,23465,0,133983120.000,0,-,-,-,-,3814.8000,3814.0000,3813.8000,3813.2000,3812.2000,3815.4000,3815.6000,3815.8000,3816.0000,3817.0000,2,2,1,2,1,5,2,4,1,19
SF,IF2009,2020-05-20 09:31:20.600,3815.2000,23465,0,133983120.000,0,-,-,-,-,3815.0000,3814.8000,3814.0000,3813.8000,3813.2000,3815.6000,3815.8000,3816.0000,3817.0000,3817.2000,2,2,2,1,2,2,4,1,19,1
SF,IF2009,2020-05-20 09:31:21.600,3815.2000,23465,0,133983120.000,0,-,-,-,-,3815.0000,3814.8000,3814.0000,3813.8000,3813.2000,3815.8000,3816.0000,3817.0000,3817.2000,3818.0000,2,2,2,1,2,4,1,19,1,1
SF,IF2009,2020-05-20 09:31:22.100,3814.8000,23464,-1,136272060.000,2,0,2,多平,S,3814.8000,3814.0000,3813.8000,3813.2000,3812.2000,3815.4000,3815.8000,3816.0000,3817.0000,3817.2000,1,2,1,2,1,5,4,1,19,1
SF,IF2009,2020-05-20 09:31:22.600,3814.8000,23463,-1,138560940.000,2,0,2,多平,S,3814.0000,3813.8000,3813.2000,3812.2000,3812.0000,3814.8000,3815.0000,3815.4000,3815.6000,3815.8000,2,1,2,1,2,1,5,5,3,5
SF,IF2009,2020-05-20 09:31:23.100,3814.8000,23463,0,138560940.000,0,-,-,-,-,3814.4000,3814.0000,3813.2000,3812.2000,3812.0000,3814.8000,3815.0000,3815.4000,3815.6000,3815.8000,1,2,2,1,2,1,5,5,3,5
SF,IF2009,2020-05-20 09:31:23.600,3814.4000,23462,-1,139705260.000,1,0,1,双平,S,3814.0000,3813.2000,3812.2000,3812.0000,3810.6000,3814.8000,3815.0000,3815.4000,3815.6000,3815.8000,2,2,1,2,2,3,5,5,1,5
SF,IF2009,2020-05-20 09:31:24.100,3814.4000,23462,0,139705260.000,0,-,-,-,-,3814.2000,3814.0000,3813.2000,3812.2000,3812.0000,3814.8000,3815.4000,3815.6000,3815.8000,3816.0000,1,2,2,1,1,1,5,1,5,1
SF,IF2009,2020-05-20 09:31:24.600,3814.2000,23461,-1,140849520.000,1,0,1,双平,S,3814.0000,3813.2000,3812.2000,3812.0000,3810.6000,3814.2000,3814.8000,3815.4000,3815.6000,3815.8000,2,2,1,1,2,12,1,5,1,5
SF,IF2009,2020-05-20 09:31:25.100,3814.0000,23457,-4,146570760.000,5,0,5,多平,S,3814.0000,3813.2000,3812.2000,3812.0000,3810.6000,3814.2000,3815.8000,3816.0000,3817.0000,3817.2000,1,2,1,6,2,8,1,1,19,1
SF,IF2009,2020-05-20 09:31:25.600,3814.2000,23454,-3,155724840.000,8,2,6,多平,S,3814.0000,3813.2000,3812.2000,3812.0000,3810.6000,3815.8000,3816.0000,3817.0000,3817.2000,3818.0000,1,2,1,6,2,1,1,19,1,1
SF,IF2009,2020-05-20 09:31:26.100,3814.2000,23454,0,155724840.000,0,-,-,-,-,3814.0000,3813.2000,3812.2000,3812.0000,3810.6000,3815.2000,3815.6000,3815.8000,3816.0000,3817.0000,1,2,1,6,2,5,4,1,1,19
SF,IF2009,2020-05-20 09:31:26.600,3814.2000,23454,0,155724840.000,0,-,-,-,-,3814.0000,3813.2000,3812.2000,3812.0000,3810.6000,3814.6000,3815.0000,3815.2000,3815.4000,3815.6000,1,2,1,6,2,5,1,5,1,3
SF,IF2009,2020-05-20 09:31:27.100,3814.2000,23454,0,155724840.000,0,-,-,-,-,3814.0000,3813.2000,3812.2000,3812.0000,3810.6000,3815.6000,3816.0000,3817.0000,3817.2000,3818.0000,1,2,1,6,2,2,1,19,1,1
SF,IF2009,2020-05-20 09:31:27.600,3814.2000,23454,0,155724840.000,0,-,-,-,-,3814.0000,3813.2000,3812.2000,3812.0000,3810.6000,3815.2000,3815.4000,3815.6000,3816.0000,3817.0000,1,2,1,6,2,5,1,2,1,19
SF,IF2009,2020-05-20 09:31:28.100,3814.2000,23454,0,155724840.000,0,-,-,-,-,3814.0000,3813.2000,3812.2000,3812.0000,3810.6000,3815.0000,3815.2000,3815.4000,3815.6000,3816.0000,1,2,1,6,2,5,5,1,1,1
SF,IF2009,2020-05-20 09:31:28.600,3814.2000,23454,0,155724840.000,0,-,-,-,-,3814.0000,3813.2000,3812.2000,3812.0000,3810.6000,3815.0000,3815.2000,3815.4000,3815.6000,3816.0000,1,2,1,6,2,1,5,1,1,1
SF,IF2009,2020-05-20 09:31:30.600,3814.2000,23454,0,155724840.000,0,-,-,-,-,3814.4000,3814.0000,3813.2000,3812.2000,3812.0000,3814.8000,3815.0000,3815.2000,3815.4000,3815.6000,1,1,2,1,6,5,1,5,1,1
SF,IF2009,2020-05-20 09:31:31.100,3814.0000,23453,-1,158013360.000,2,0,2,多平,S,3814.0000,3813.2000,3812.2000,3812.0000,3810.6000,3814.6000,3814.8000,3815.0000,3815.2000,3815.4000,10,2,1,6,2,5,5,3,5,1
SF,IF2009,2020-05-20 09:31:31.600,3814.0000,23453,0,169455360.000,10,5,5,多换,S,3813.2000,3812.2000,3812.0000,3810.6000,3810.4000,3814.2000,3814.4000,3814.6000,3814.8000,3815.0000,2,1,6,2,2,13,2,5,5,2
SF,IF2009,2020-05-20 09:31:32.100,3814.0000,23453,0,169455360.000,0,-,-,-,-,3813.2000,3812.2000,3812.0000,3810.6000,3810.4000,3813.6000,3814.0000,3814.4000,3814.6000,3814.8000,2,1,6,2,2,1,3,1,5,5
SF,IF2009,2020-05-20 09:31:32.600,3814.0000,23453,0,169455360.000,0,-,-,-,-,3813.2000,3812.0000,3810.6000,3810.4000,3810.2000,3813.6000,3814.0000,3814.4000,3814.6000,3815.6000,2,6,2,2,2,1,4,1,5,1
SF,IF2009,2020-05-20 09:31:33.100,3814.0000,23453,0,169455360.000,0,-,-,-,-,3813.2000,3812.0000,3810.6000,3810.4000,3810.2000,3813.6000,3814.0000,3814.4000,3814.6000,3815.6000,1,6,2,2,2,1,4,1,5,1
SF,IF2009,2020-05-20 09:31:33.600,3814.0000,23453,0,169455360.000,0,-,-,-,-,3813.2000,3812.0000,3810.6000,3810.4000,3810.2000,3813.6000,3814.0000,3814.4000,3814.6000,3815.6000,1,6,2,2,2,1,3,1,5,1
SF,IF2009,2020-05-20 09:31:34.100,3813.2000,23453,0,170599320.000,1,0,1,多换,S,3812.0000,3810.6000,3810.4000,3810.2000,3810.0000,3813.6000,3814.0000,3814.4000,3814.6000,3815.6000,6,2,2,2,1,1,2,1,5,1
SF,IF2009,2020-05-20 09:31:34.600,3813.2000,23453,0,170599320.000,0,-,-,-,-,3812.2000,3812.0000,3810.6000,3810.4000,3810.2000,3813.6000,3814.0000,3814.4000,3814.6000,3815.6000,1,6,2,2,2,1,2,1,5,1
SF,IF2009,2020-05-20 09:31:35.100,3813.2000,23453,0,170599320.000,0,-,-,-,-,3812.4000,3812.2000,3812.0000,3810.6000,3810.4000,3813.6000,3814.0000,3814.4000,3814.6000,3815.6000,1,1,6,2,3,1,2,1,5,1
SF,IF2009,2020-05-20 09:31:35.600,3812.6000,23452,-1,171743100.000,1,0,1,双平,S,3812.2000,3812.0000,3810.6000,3810.4000,3810.2000,3812.4000,3813.6000,3814.0000,3814.4000,3814.6000,1,6,2,3,2,6,2,2,1,5
SF,IF2009,2020-05-20 09:31:36.100,3812.4000,23446,-6,179749140.000,7,0,7,多平,S,3812.4000,3812.0000,3810.6000,3810.4000,3810.2000,3814.0000,3814.4000,3815.6000,3816.0000,3817.0000,1,6,2,3,2,1,1,1,1,19
SF,IF2009,2020-05-20 09:31:36.600,3812.4000,23446,0,179749140.000,0,-,-,-,-,3813.6000,3812.4000,3812.0000,3810.6000,3810.4000,3813.8000,3814.4000,3815.6000,3816.0000,3817.0000,2,1,6,2,3,2,1,1,1,19
SF,IF2009,2020-05-20 09:31:37.100,3813.6000,23446,0,182037300.000,2,1,1,多换,S,3812.4000,3812.0000,3810.6000,3810.4000,3810.2000,3813.4000,3813.6000,3813.8000,3814.4000,3815.6000,1,6,2,3,2,3,3,6,1,1
SF,IF2009,2020-05-20 09:31:37.600,3813.6000,23446,0,182037300.000,0,-,-,-,-,3812.4000,3812.0000,3810.6000,3810.4000,3810.2000,3813.6000,3813.8000,3814.4000,3815.6000,3816.0000,1,6,2,3,2,3,5,1,1,1
SF,IF2009,2020-05-20 09:31:38.100,3813.6000,23446,0,182037300.000,0,-,-,-,-,3812.4000,3812.0000,3810.6000,3810.4000,3810.2000,3813.4000,3813.6000,3813.8000,3814.4000,3815.6000,1,6,2,3,2,6,3,5,1,1
SF,IF2009,2020-05-20 09:31:38.600,3812.4000,23445,-1,184324740.000,2,0,2,多平,S,3812.0000,3810.6000,3810.4000,3810.2000,3810.0000,3812.4000,3813.4000,3813.6000,3813.8000,3814.4000,6,2,3,2,1,11,6,3,5,1
SF,IF2009,2020-05-20 09:31:39.100,3812.0000,23445,0,185468340.000,1,0,1,多换,S,3812.0000,3810.6000,3810.4000,3810.2000,3810.0000,3812.4000,3813.2000,3813.4000,3813.6000,3814.4000,5,2,3,2,1,11,5,5,1,1
SF,IF2009,2020-05-20 09:31:39.600,3812.0000,23442,-3,188899140.000,3,0,3,双平,S,3812.0000,3811.8000,3810.6000,3810.4000,3810.2000,3812.4000,3813.2000,3813.4000,3813.6000,3814.4000,2,1,2,3,2,11,5,5,1,1
SF,IF2009,2020-05-20 09:31:40.100,3812.0000,23440,-2,191186340.000,2,0,2,双平,S,3811.8000,3810.6000,3810.4000,3810.2000,3810.0000,3812.4000,3813.2000,3813.4000,3813.6000,3814.4000,1,2,3,2,1,11,5,5,1,1
SF,IF2009,2020-05-20 09:31:40.600,3812.2000,23440,0,193473540.000,2,1,1,多换,S,3810.6000,3810.4000,3810.2000,3810.0000,3809.8000,3812.0000,3812.4000,3813.2000,3813.4000,3813.6000,2,3,2,1,1,1,11,5,5,1
SF,IF2009,2020-05-20 09:31:41.100,3812.2000,23439,-1,194617200.000,1,0,1,双平,S,3810.8000,3810.6000,3810.4000,3810.2000,3810.0000,3811.6000,3812.0000,3812.4000,3813.6000,3815.6000,1,2,3,2,1,1,2,11,1,1
SF,IF2009,2020-05-20 09:31:41.600,3812.2000,23439,0,194617200.000,0,-,-,-,-,3810.8000,3810.6000,3810.4000,3810.2000,3810.0000,3811.6000,3812.0000,3812.4000,3813.6000,3815.6000,1,2,3,2,1,1,1,11,1,1
SF,IF2009,2020-05-20 09:31:42.100,3812.2000,23439,0,194617200.000,0,-,-,-,-,3810.8000,3810.6000,3810.4000,3810.2000,3810.0000,3811.6000,3812.0000,3812.4000,3813.6000,3815.6000,1,2,3,2,1,1,1,11,1,1
SF,IF2009,2020-05-20 09:31:42.600,3812.2000,23439,0,194617200.000,0,-,-,-,-,3810.6000,3810.4000,3810.2000,3810.0000,3809.8000,3812.0000,3812.4000,3813.6000,3815.6000,3816.0000,2,3,2,1,1,1,11,1,1,1
SF,IF2009,2020-05-20 09:31:43.100,3812.2000,23439,0,194617200.000,0,-,-,-,-,3811.6000,3810.6000,3810.4000,3810.2000,3810.0000,3811.8000,3812.4000,3813.6000,3815.6000,3816.0000,1,2,2,2,1,1,11,1,1,1
SF,IF2009,2020-05-20 09:31:43.600,3811.6000,23438,-1,195760680.000,1,0,1,双平,S,3810.6000,3810.4000,3810.2000,3810.0000,3809.8000,3811.8000,3812.4000,3813.6000,3815.6000,3816.0000,2,2,2,1,1,1,11,1,1,1
SF,IF2009,2020-05-20 09:31:44.100,3811.6000,23438,0,195760680.000,0,-,-,-,-,3810.6000,3810.4000,3810.2000,3810.0000,3809.8000,3811.8000,3812.4000,3813.6000,3815.6000,3816.0000,2,2,2,1,1,1,11,1,1,1
SF,IF2009,2020-05-20 09:31:44.600,3811.6000,23438,0,195760680.000,0,-,-,-,-,3810.6000,3810.4000,3810.2000,3810.0000,3809.8000,3811.6000,3811.8000,3812.4000,3813.6000,3815.6000,2,2,2,1,1,1,3,11,1,1
SF,IF2009,2020-05-20 09:31:45.100,3811.6000,23438,0,195760680.000,0,-,-,-,-,3810.6000,3810.4000,3810.2000,3810.0000,3809.8000,3811.4000,3811.8000,3812.4000,3813.6000,3815.6000,2,2,2,1,1,1,2,11,1,1
SF,IF2009,2020-05-20 09:31:45.600,3811.6000,23438,0,195760680.000,0,-,-,-,-,3810.6000,3810.4000,3810.2000,3810.0000,3809.8000,3811.2000,3811.4000,3812.4000,3813.6000,3816.0000,2,2,2,1,1,2,7,11,1,1
SF,IF2009,2020-05-20 09:31:46.100,3811.6000,23438,0,195760680.000,0,-,-,-,-,3810.6000,3810.4000,3810.2000,3810.0000,3809.8000,3811.2000,3811.4000,3812.4000,3813.6000,3816.0000,2,2,2,1,1,2,7,11,1,1
SF,IF2009,2020-05-20 09:31:46.600,3810.6000,23438,0,198047040.000,2,1,1,多换,S,3810.6000,3810.4000,3810.2000,3810.0000,3809.8000,3811.2000,3811.4000,3812.4000,3813.6000,3815.0000,1,2,2,1,1,2,7,11,1,5
SF,IF2009,2020-05-20 09:31:47.100,3810.4000,23438,0,201476460.000,3,1,2,多换,S,3810.2000,3810.0000,3809.8000,3807.8000,3806.6000,3811.2000,3811.4000,3812.4000,3813.6000,3815.0000,2,1,1,1,1,2,6,11,1,5
SF,IF2009,2020-05-20 09:31:47.600,3809.8000,23437,-1,206048520.000,4,1,3,多平,S,3807.8000,3806.6000,3806.0000,3805.0000,3804.0000,3810.2000,3810.8000,3811.0000,3811.2000,3811.4000,1,1,1,2,3,2,2,7,2,5
SF,IF2009,2020-05-20 09:31:48.100,3810.2000,23436,-1,208334640.000,2,0,2,多平,S,3808.6000,3808.2000,3808.0000,3807.8000,3806.6000,3810.6000,3811.0000,3811.4000,3812.4000,3813.6000,1,4,6,1,1,2,7,1,11,1
SF,IF2009,2020-05-20 09:31:48.600,3810.2000,23435,-1,209477700.000,1,0,1,双平,S,3808.8000,3808.6000,3808.2000,3808.0000,3807.8000,3810.0000,3810.4000,3810.6000,3811.0000,3811.4000,3,1,4,4,1,1,7,2,5,1
SF,IF2009,2020-05-20 09:31:49.100,3810.0000,23435,0,210620700.000,1,0,1,多换,S,3810.0000,3808.8000,3808.6000,3808.2000,3808.0000,3810.2000,3810.4000,3810.6000,3811.0000,3811.4000,5,1,1,4,1,5,6,2,5,1
SF,IF2009,2020-05-20 09:31:49.600,3810.0000,23437,2,216335700.000,5,3,2,空开,S,3807.8000,3806.6000,3806.0000,3805.0000,3804.0000,3809.8000,3810.0000,3810.2000,3810.4000,3810.6000,1,1,1,2,3,2,7,5,5,2
SF,IF2009,2020-05-20 09:31:50.100,3810.0000,23438,1,222050700.000,5,3,2,空开,S,3808.0000,3807.8000,3806.6000,3806.0000,3805.0000,3809.8000,3810.0000,3810.2000,3810.4000,3810.6000,3,1,1,1,2,3,6,5,5,2
SF,IF2009,2020-05-20 09:31:50.600,3810.0000,23438,0,222050700.000,0,-,-,-,-,3808.2000,3808.0000,3807.8000,3806.6000,3806.0000,3809.6000,3810.0000,3810.2000,3810.4000,3810.6000,1,3,1,1,1,1,6,5,5,2
SF,IF2009,2020-05-20 09:31:51.100,3810.0000,23438,0,222050700.000,0,-,-,-,-,3808.4000,3808.0000,3807.8000,3806.6000,3806.0000,3810.0000,3810.2000,3810.4000,3810.6000,3811.4000,2,1,1,1,1,6,5,5,2,1
SF,IF2009,2020-05-20 09:31:52.100,3810.0000,23438,0,222050700.000,0,-,-,-,-,3808.8000,3808.4000,3808.0000,3807.8000,3806.6000,3810.4000,3810.6000,3811.4000,3812.4000,3813.6000,1,2,1,1,1,5,2,1,11,1
SF,IF2009,2020-05-20 09:31:52.600,3810.0000,23438,0,222050700.000,0,-,-,-,-,3809.0000,3808.8000,3808.0000,3807.8000,3806.6000,3810.2000,3810.4000,3810.6000,3811.4000,3812.4000,3,1,1,1,1,1,5,2,1,11
SF,IF2009,2020-05-20 09:31:53.100,3810.0000,23438,0,222050700.000,0,-,-,-,-,3809.2000,3809.0000,3808.8000,3808.0000,3807.8000,3810.2000,3810.4000,3810.6000,3811.4000,3812.4000,1,3,1,1,1,1,5,2,1,11
SF,IF2009,2020-05-20 09:31:53.600,3809.2000,23438,0,223193460.000,1,0,1,多换,S,3809.0000,3808.8000,3808.0000,3807.8000,3806.6000,3810.2000,3810.4000,3810.6000,3811.4000,3812.4000,2,1,1,1,1,1,5,2,1,11
SF,IF2009,2020-05-20 09:31:54.600,3809.2000,23438,0,223193460.000,0,-,-,-,-,3809.0000,3808.8000,3808.0000,3807.8000,3806.6000,3810.0000,3810.2000,3810.4000,3810.6000,3811.4000,2,1,1,1,1,1,2,5,2,1
SF,IF2009,2020-05-20 09:31:55.100,3809.2000,23438,0,223193460.000,0,-,-,-,-,3809.0000,3808.8000,3808.0000,3807.8000,3806.6000,3809.8000,3810.0000,3810.2000,3810.4000,3810.6000,1,1,1,1,1,1,2,1,5,2
SF,IF2009,2020-05-20 09:31:55.600,3809.2000,23438,0,223193460.000,0,-,-,-,-,3809.2000,3809.0000,3808.8000,3808.0000,3807.8000,3810.0000,3810.2000,3810.4000,3810.6000,3811.4000,1,1,2,1,1,1,1,5,2,1
SF,IF2009,2020-05-20 09:31:56.100,3809.2000,23438,0,223193460.000,0,-,-,-,-,3808.8000,3808.0000,3807.8000,3806.6000,3806.4000,3809.0000,3809.6000,3809.8000,3810.0000,3810.2000,2,1,1,1,1,1,2,2,1,1
SF,IF2009,2020-05-20 09:31:56.600,3808.8000,23438,0,225478740.000,2,1,1,多换,S,3807.8000,3806.6000,3806.4000,3806.0000,3805.0000,3809.0000,3809.2000,3809.8000,3810.0000,3810.2000,1,1,1,1,2,6,1,2,1,1
SF,IF2009,2020-05-20 09:31:57.100,3808.0000,23437,-1,226621140.000,1,0,1,双平,S,3808.2000,3808.0000,3807.8000,3806.6000,3806.4000,3809.0000,3809.2000,3809.8000,3810.0000,3811.4000,1,1,1,1,1,6,1,1,1,1
SF,IF2009,2020-05-20 09:31:57.600,3808.0000,23437,0,226621140.000,0,-,-,-,-,3808.2000,3808.0000,3807.8000,3806.6000,3806.4000,3809.0000,3809.2000,3809.8000,3810.0000,3811.4000,1,1,1,1,1,6,1,1,1,1
SF,IF2009,2020-05-20 09:31:58.100,3808.2000,23436,-1,227763600.000,1,0,1,双平,S,3808.0000,3807.8000,3806.6000,3806.4000,3806.0000,3808.4000,3808.6000,3808.8000,3809.0000,3809.2000,2,1,1,1,1,2,4,2,6,1
SF,IF2009,2020-05-20 09:31:58.600,3808.0000,23437,1,228906000.000,1,1,0,双开,S,3808.0000,3807.8000,3806.6000,3806.4000,3806.0000,3808.8000,3809.0000,3809.2000,3811.4000,3812.4000,1,1,1,1,1,1,6,1,1,11
SF,IF2009,2020-05-20 09:31:59.100,3808.6000,23438,1,231190980.000,2,1,1,空开,S,3807.8000,3806.6000,3806.4000,3806.0000,3805.8000,3808.6000,3808.8000,3809.0000,3809.2000,3811.4000,1,1,1,1,1,5,2,6,1,1
SF,IF2009,2020-05-20 09:31:59.600,3808.6000,23438,0,231190980.000,0,-,-,-,-,3807.8000,3806.6000,3806.4000,3806.0000,3805.8000,3808.2000,3808.4000,3808.6000,3808.8000,3809.0000,1,1,1,1,1,2,6,5,1,6
SF,IF2009,2020-05-20 09:32:00.100,3806.0000,23436,-2,235759020.000,4,1,3,多平,S,3806.8000,3805.8000,3805.0000,3803.8000,3803.0000,3807.6000,3807.8000,3808.2000,3808.4000,3808.6000,1,1,2,1,5,2,1,5,7,5
SF,IF2009,2020-05-20 09:32:00.600,3806.8000,23436,0,236901060.000,1,0,1,多换,S,3805.8000,3805.0000,3803.8000,3803.0000,3802.0000,3806.8000,3807.4000,3807.8000,3808.0000,3808.2000,1,2,1,5,1,2,2,1,5,5
SF,IF2009,2020-05-20 09:32:01.100,3806.0000,23435,-1,238042860.000,1,0,1,双平,S,3806.0000,3805.8000,3805.0000,3803.8000,3803.0000,3806.6000,3806.8000,3807.2000,3807.4000,3809.0000,1,1,2,1,5,1,4,2,2,1
SF,IF2009,2020-05-20 09:32:01.600,3806.2000,23436,1,239184720.000,1,1,0,双开,S,3806.0000,3805.8000,3805.0000,3803.8000,3803.0000,3806.6000,3806.8000,3807.2000,3807.4000,3808.8000,1,1,2,1,5,1,4,2,2,1
SF,IF2009,2020-05-20 09:32:02.100,3805.0000,23436,0,242609760.000,3,1,2,多换,S,3805.0000,3803.8000,3803.0000,3802.6000,3802.0000,3805.6000,3805.8000,3806.0000,3806.2000,3806.4000,1,1,5,1,1,2,2,2,6,3
SF,IF2009,2020-05-20 09:32:02.600,3805.0000,23437,1,244893000.000,2,1,1,空开,S,3803.8000,3803.0000,3802.6000,3802.0000,3801.6000,3804.8000,3805.0000,3806.0000,3806.2000,3806.8000,1,5,1,1,1,1,1,1,4,4
SF,IF2009,2020-05-20 09:32:03.100,3805.0000,23437,0,247176000.000,2,1,1,多换,S,3804.8000,3804.0000,3803.8000,3803.0000,3802.6000,3806.8000,3808.8000,3809.0000,3809.2000,3812.4000,2,2,3,5,1,4,1,1,1,11
SF,IF2009,2020-05-20 09:32:03.600,3805.0000,23437,0,247176000.000,0,-,-,-,-,3805.0000,3803.8000,3803.0000,3802.0000,3801.6000,3805.4000,3805.6000,3806.4000,3806.6000,3806.8000,1,1,5,1,1,2,5,1,5,4
SF,IF2009,2020-05-20 09:32:04.100,3805.0000,23436,-1,248317500.000,1,0,1,双平,S,3803.8000,3803.0000,3802.0000,3801.6000,3801.0000,3805.0000,3805.6000,3806.4000,3806.6000,3806.8000,1,5,1,1,3,1,5,1,4,4
SF,IF2009,2020-05-20 09:32:04.600,3805.0000,23436,0,248317500.000,0,-,-,-,-,3804.0000,3803.8000,3803.0000,3802.0000,3801.6000,3805.6000,3806.4000,3806.6000,3806.8000,3807.0000,1,1,5,1,1,5,1,3,4,3
SF,IF2009,2020-05-20 09:32:05.100,3805.0000,23436,0,248317500.000,0,-,-,-,-,3803.8000,3803.0000,3802.0000,3801.6000,3801.0000,3804.8000,3805.0000,3805.4000,3805.6000,3806.4000,1,5,1,1,3,2,7,3,5,1
SF,IF2009,2020-05-20 09:32:05.600,3805.0000,23436,0,248317500.000,0,-,-,-,-,3803.8000,3803.0000,3802.0000,3801.6000,3800.0000,3804.4000,3804.6000,3804.8000,3805.0000,3805.4000,1,5,1,1,1,2,3,7,5,2
SF,IF2009,2020-05-20 09:32:06.100,3805.0000,23436,0,249459000.000,1,0,1,多换,S,3803.8000,3803.0000,3802.0000,3801.6000,3800.0000,3804.6000,3804.8000,3805.0000,3805.4000,3805.6000,1,5,1,1,1,2,2,5,1,1
SF,IF2009,2020-05-20 09:32:06.600,3805.0000,23436,0,249459000.000,0,-,-,-,-,3803.8000,3803.0000,3802.0000,3801.6000,3800.0000,3804.6000,3804.8000,3805.0000,3805.4000,3805.6000,1,5,1,1,1,1,2,5,1,1
SF,IF2009,2020-05-20 09:32:07.100,3803.8000,23436,0,250600140.000,1,0,1,多换,S,3803.0000,3802.0000,3801.6000,3800.0000,3798.0000,3803.8000,3804.2000,3804.4000,3804.6000,3804.8000,5,1,1,1,1,1,5,2,1,2
SF,IF2009,2020-05-20 09:32:07.600,3803.8000,23435,-1,254023620.000,3,1,2,多平,S,3803.2000,3803.0000,3802.0000,3801.6000,3800.0000,3804.0000,3804.2000,3804.8000,3805.4000,3805.6000,5,5,1,1,1,3,5,2,1,2
SF,IF2009,2020-05-20 09:32:08.100,3804.0000,23433,-2,256306020.000,2,0,2,双平,S,3803.4000,3803.2000,3803.0000,3802.0000,3801.6000,3804.8000,3805.4000,3805.6000,3806.6000,3806.8000,3,2,5,2,1,2,1,2,1,4
SF,IF2009,2020-05-20 09:32:08.600,3804.0000,23433,0,256306020.000,0,-,-,-,-,3803.6000,3803.0000,3802.0000,3801.6000,3800.0000,3804.8000,3805.4000,3805.6000,3806.6000,3806.8000,7,5,2,1,1,2,1,2,1,4
SF,IF2009,2020-05-20 09:32:09.100,3804.8000,23429,-4,260871780.000,4,0,4,双平,S,3803.8000,3803.6000,3803.0000,3802.0000,3801.6000,3805.4000,3805.6000,3806.6000,3806.8000,3807.0000,5,3,5,2,1,1,1,1,4,2
SF,IF2009,2020-05-20 09:32:09.600,3804.8000,23429,0,260871780.000,0,-,-,-,-,3804.0000,3803.8000,3803.6000,3803.0000,3802.0000,3806.6000,3806.8000,3807.0000,3808.8000,3809.0000,8,1,1,5,2,1,4,2,1,1
SF,IF2009,2020-05-20 09:32:10.100,3804.8000,23429,0,260871780.000,0,-,-,-,-,3804.2000,3804.0000,3803.6000,3803.0000,3802.0000,3806.2000,3806.4000,3806.6000,3806.8000,3807.0000,1,5,1,5,2,4,4,2,4,2
SF,IF2009,2020-05-20 09:32:10.600,3804.8000,23429,0,260871780.000,0,-,-,-,-,3804.4000,3804.2000,3804.0000,3803.6000,3803.0000,3805.8000,3806.0000,3806.2000,3806.4000,3806.6000,1,1,3,1,5,1,4,4,3,2
SF,IF2009,2020-05-20 09:32:11.100,3804.8000,23429,0,260871780.000,0,-,-,-,-,3804.6000,3804.4000,3804.0000,3803.6000,3803.0000,3805.8000,3806.0000,3806.4000,3806.6000,3806.8000,5,6,1,1,5,1,1,1,1,4
SF,IF2009,2020-05-20 09:32:11.600,3804.8000,23429,0,260871780.000,0,-,-,-,-,3804.6000,3804.4000,3804.0000,3803.0000,3802.0000,3805.6000,3805.8000,3806.0000,3806.4000,3806.6000,1,3,1,5,2,2,1,1,1,1
SF,IF2009,2020-05-20 09:32:12.100,3804.4000,23427,-2,264295740.000,3,0,3,多平,S,3804.0000,3803.4000,3803.0000,3802.0000,3801.6000,3804.4000,3804.8000,3805.4000,3805.6000,3806.0000,1,1,5,2,1,1,5,2,3,1
SF,IF2009,2020-05-20 09:32:12.600,3804.4000,23427,0,264295740.000,0,-,-,-,-,3803.4000,3803.0000,3802.0000,3801.6000,3800.0000,3804.0000,3804.6000,3804.8000,3805.4000,3805.6000,1,5,2,1,1,2,5,5,3,2
SF,IF2009,2020-05-20 09:32:13.100,3804.4000,23427,0,264295740.000,0,-,-,-,-,3803.6000,3803.4000,3803.0000,3802.0000,3801.6000,3804.0000,3804.6000,3804.8000,3805.4000,3805.6000,1,1,5,2,1,2,5,5,3,2
SF,IF2009,2020-05-20 09:32:13.600,3804.0000,23424,-3,267719220.000,3,0,3,双平,S,3803.4000,3803.0000,3802.0000,3801.6000,3800.0000,3804.6000,3804.8000,3805.4000,3805.6000,3806.0000,1,5,2,1,1,5,5,2,2,1
SF,IF2009,2020-05-20 09:32:14.100,3803.8000,23423,-1,268860360.000,1,0,1,双平,S,3803.8000,3803.6000,3803.4000,3803.0000,3802.0000,3804.2000,3804.6000,3804.8000,3805.4000,3805.6000,4,1,2,5,2,2,5,5,1,2
SF,IF2009,2020-05-20 09:32:14.600,3804.2000,23421,-2,271142880.000,2,0,2,双平,S,3804.2000,3804.0000,3803.8000,3803.6000,3803.4000,3804.8000,3805.4000,3805.6000,3806.0000,3806.6000,2,1,5,2,3,5,1,2,1,1
SF,IF2009,2020-05-20 09:32:15.100,3804.8000,23417,-4,276850080.000,5,0,5,多平,S,3804.8000,3804.0000,3803.8000,3803.6000,3803.4000,3805.4000,3805.6000,3806.0000,3806.6000,3806.8000,2,1,5,1,3,1,2,1,1,4
SF,IF2009,2020-05-20 09:32:15.600,3805.6000,23416,-1,277991760.000,1,0,1,双平,S,3805.6000,3805.0000,3804.8000,3804.0000,3803.8000,3806.6000,3806.8000,3807.0000,3808.8000,3809.0000,1,1,2,1,5,1,4,2,1,1
SF,IF2009,2020-05-20 09:32:16.100,3805.6000,23416,0,277991760.000,0,-,-,-,-,3805.6000,3805.0000,3804.8000,3804.0000,3803.8000,3806.4000,3806.8000,3808.8000,3809.0000,3812.2000,3,1,1,1,5,6,4,1,1,1
SF,IF2009,2020-05-20 09:32:16.600,3805.6000,23416,0,277991760.000,0,-,-,-,-,3805.8000,3805.6000,3804.8000,3804.0000,3803.8000,3806.8000,3808.8000,3809.0000,3812.2000,3812.4000,4,2,1,1,4,4,1,1,1,11
SF,IF2009,2020-05-20 09:32:17.100,3805.6000,23416,0,277991760.000,0,-,-,-,-,3805.6000,3804.8000,3804.0000,3803.8000,3803.4000,3806.2000,3806.6000,3806.8000,3808.8000,3809.0000,1,1,1,4,1,3,1,4,1,1
SF,IF2009,2020-05-20 09:32:17.600,3805.6000,23416,0,277991760.000,0,-,-,-,-,3806.0000,3805.6000,3804.8000,3804.0000,3803.8000,3806.8000,3808.8000,3809.0000,3812.2000,3812.4000,3,1,1,1,4,4,1,1,1,11
SF,IF2009,2020-05-20 09:32:18.100,3805.6000,23415,-1,279133440.000,1,0,1,双平,S,3804.8000,3804.0000,3803.8000,3803.4000,3803.0000,3806.0000,3806.2000,3806.6000,3806.8000,3808.8000,1,1,4,1,5,1,5,3,4,1
SF,IF2009,2020-05-20 09:32:18.600,3805.6000,23415,0,279133440.000,0,-,-,-,-,3805.0000,3804.0000,3803.8000,3803.4000,3803.0000,3806.8000,3808.8000,3809.0000,3812.2000,3812.4000,3,1,4,1,5,4,1,1,1,11
SF,IF2009,2020-05-20 09:32:19.100,3805.6000,23415,0,279133440.000,0,-,-,-,-,3805.8000,3805.2000,3805.0000,3804.0000,3803.8000,3806.6000,3806.8000,3808.8000,3809.0000,3812.2000,1,1,2,1,4,6,4,1,1,1
SF,IF2009,2020-05-20 09:32:19.600,3805.6000,23415,0,279133440.000,0,-,-,-,-,3806.0000,3805.8000,3805.2000,3804.0000,3803.8000,3806.8000,3808.8000,3809.0000,3812.2000,3812.4000,1,1,2,1,4,4,1,1,1,11
SF,IF2009,2020-05-20 09:32:20.100,3806.2000,23414,-1,281417340.000,2,0,2,多平,S,3806.0000,3805.8000,3804.0000,3803.8000,3803.4000,3806.8000,3808.8000,3809.0000,3812.2000,3812.4000,4,1,1,4,1,3,1,1,1,11
SF,IF2009,2020-05-20 09:32:20.600,3806.2000,23414,0,281417340.000,0,-,-,-,-,3806.0000,3805.8000,3804.0000,3803.8000,3803.4000,3806.8000,3808.8000,3809.0000,3812.2000,3812.4000,3,1,1,4,1,3,1,1,1,11
SF,IF2009,2020-05-20 09:32:21.100,3806.8000,23413,-1,282559380.000,1,0,1,双平,S,3806.2000,3806.0000,3805.8000,3804.0000,3803.8000,3806.8000,3808.8000,3809.0000,3812.2000,3812.4000,1,3,1,1,4,2,1,1,1,11
SF,IF2009,2020-05-20 09:32:21.600,3806.8000,23412,-1,283701420.000,1,0,1,双平,S,3806.4000,3806.2000,3806.0000,3805.8000,3804.0000,3806.8000,3808.8000,3809.0000,3812.2000,3812.4000,1,2,1,1,1,1,1,1,1,11
SF,IF2009,2020-05-20 09:32:22.100,3806.8000,23411,-1,284843460.000,1,0,1,双平,S,3806.8000,3806.6000,3806.4000,3806.2000,3805.8000,3808.8000,3809.0000,3812.2000,3812.4000,3815.0000,2,1,1,1,1,1,1,1,11,6
SF,IF2009,2020-05-20 09:32:22.600,3806.8000,23411,0,284843460.000,0,-,-,-,-,3806.6000,3806.4000,3805.8000,3804.0000,3803.8000,3807.6000,3808.6000,3808.8000,3809.0000,3812.2000,1,1,1,2,4,5,6,3,2,1
SF,IF2009,2020-05-20 09:32:23.100,3806.8000,23411,0,284843460.000,0,-,-,-,-,3806.6000,3806.4000,3805.8000,3805.2000,3804.0000,3807.4000,3807.6000,3808.2000,3808.6000,3808.8000,1,1,1,1,2,5,5,1,5,2
SF,IF2009,2020-05-20 09:32:23.600,3806.8000,23411,0,284843460.000,0,-,-,-,-,3806.6000,3806.4000,3805.8000,3805.2000,3804.0000,3807.6000,3808.2000,3808.6000,3808.8000,3809.0000,1,1,1,1,2,5,1,4,2,2
SF,IF2009,2020-05-20 09:32:24.100,3806.8000,23411,0,284843460.000,0,-,-,-,-,3806.6000,3806.4000,3805.8000,3805.2000,3804.0000,3807.6000,3808.2000,3808.6000,3808.8000,3809.0000,1,1,1,1,2,5,1,4,2,2
SF,IF2009,2020-05-20 09:32:24.600,3806.8000,23411,0,284843460.000,0,-,-,-,-,3806.8000,3806.6000,3806.4000,3805.8000,3805.2000,3807.2000,3807.4000,3807.6000,3808.2000,3808.4000,1,2,1,1,1,5,1,5,1,1
SF,IF2009,2020-05-20 09:32:25.100,3807.2000,23406,-5,290554260.000,5,0,5,双平,S,3806.6000,3806.4000,3805.8000,3805.2000,3804.0000,3807.2000,3807.4000,3807.6000,3808.2000,3808.4000,2,1,1,1,1,5,2,5,1,1
SF,IF2009,2020-05-20 09:32:25.600,3807.4000,23406,0,291696480.000,1,0,1,多换,S,3806.6000,3806.4000,3805.8000,3805.2000,3804.0000,3807.6000,3808.2000,3808.4000,3808.6000,3808.8000,2,1,1,1,1,5,1,1,3,2
SF,IF2009,2020-05-20 09:32:26.100,3806.6000,23405,-1,292838460.000,1,0,1,双平,S,3806.4000,3805.8000,3805.2000,3804.0000,3803.8000,3806.8000,3807.4000,3807.6000,3808.2000,3808.4000,1,1,1,1,4,4,4,5,1,1
SF,IF2009,2020-05-20 09:32:26.600,3806.8000,23404,-1,293980500.000,1,0,1,双平,S,3805.8000,3805.2000,3804.0000,3803.8000,3803.4000,3807.4000,3807.6000,3808.2000,3808.4000,3808.6000,1,1,1,4,1,1,5,1,1,3
SF,IF2009,2020-05-20 09:32:27.100,3806.8000,23404,0,293980500.000,0,-,-,-,-,3806.6000,3806.0000,3805.8000,3805.2000,3804.0000,3808.2000,3808.4000,3808.6000,3808.8000,3809.0000,2,4,2,1,1,1,1,2,1,1
SF,IF2009,2020-05-20 09:32:27.600,3806.8000,23404,0,293980500.000,0,-,-,-,-,3806.0000,3805.8000,3805.2000,3804.0000,3803.8000,3807.4000,3808.0000,3808.2000,3808.4000,3808.6000,1,1,1,1,4,6,2,1,1,2
SF,IF2009,2020-05-20 09:32:28.100,3806.8000,23404,0,293980500.000,0,-,-,-,-,3806.2000,3806.0000,3805.8000,3805.2000,3804.0000,3808.0000,3808.2000,3808.4000,3808.6000,3808.8000,4,1,1,1,1,2,1,1,2,1
SF,IF2009,2020-05-20 09:32:28.600,3806.8000,23404,0,293980500.000,0,-,-,-,-,3806.4000,3806.2000,3805.8000,3805.2000,3805.0000,3807.6000,3808.0000,3808.2000,3808.4000,3808.6000,1,4,1,1,1,5,2,1,1,2
SF,IF2009,2020-05-20 09:32:29.100,3806.8000,23404,0,293980500.000,0,-,-,-,-,3806.6000,3806.4000,3806.2000,3805.8000,3805.2000,3807.6000,3808.0000,3808.2000,3808.4000,3808.6000,2,3,1,1,1,5,2,1,1,2
SF,IF2009,2020-05-20 09:32:29.600,3806.8000,23404,0,293980500.000,0,-,-,-,-,3806.8000,3806.6000,3806.2000,3805.8000,3805.2000,3808.2000,3808.4000,3808.6000,3808.8000,3809.0000,3,3,1,1,1,1,1,2,1,1
SF,IF2009,2020-05-20 09:32:30.100,3806.8000,23404,0,293980500.000,0,-,-,-,-,3807.0000,3806.8000,3806.6000,3806.2000,3805.2000,3808.4000,3808.6000,3808.8000,3809.0000,3812.2000,5,2,1,1,1,1,2,1,1,1
SF,IF2009,2020-05-20 09:32:30.600,3806.8000,23404,0,293980500.000,0,-,-,-,-,3807.2000,3807.0000,3806.8000,3806.6000,3806.2000,3808.0000,3808.4000,3808.8000,3809.0000,3812.2000,5,2,1,1,1,1,1,1,1,1
SF,IF2009,2020-05-20 09:32:31.100,3808.0000,23403,-1,295122900.000,1,0,1,双平,S,3808.0000,3807.4000,3807.2000,3806.8000,3806.6000,3808.4000,3808.8000,3809.0000,3812.2000,3815.0000,2,2,5,1,1,1,1,1,1,6
SF,IF2009,2020-05-20 09:32:31.600,3808.8000,23401,-2,297408060.000,2,0,2,双平,S,3808.4000,3808.0000,3807.4000,3807.2000,3806.8000,3809.0000,3812.2000,3815.0000,3817.2000,3817.6000,1,2,2,1,1,1,1,6,1,1
SF,IF2009,2020-05-20 09:32:32.100,3809.0000,23400,-1,299693400.000,2,0,2,多平,S,3808.2000,3807.4000,3806.8000,3805.2000,3805.0000,3808.6000,3812.2000,3815.0000,3817.2000,3817.6000,3,1,1,1,1,5,1,6,1,1
SF,IF2009,2020-05-20 09:32:32.600,3808.6000,23395,-5,305406300.000,5,0,5,双平,S,3808.2000,3806.8000,3805.2000,3805.0000,3804.0000,3812.2000,3815.0000,3817.2000,3817.6000,3818.0000,3,1,1,1,1,1,6,1,1,1
SF,IF2009,2020-05-20 09:32:33.100,3808.6000,23395,0,305406300.000,0,-,-,-,-,3808.6000,3808.4000,3808.2000,3806.8000,3805.2000,3809.2000,3810.0000,3810.2000,3810.4000,3810.6000,2,3,3,1,1,5,3,6,1,1
SF,IF2009,2020-05-20 09:32:33.600,3808.6000,23395,0,305406300.000,0,-,-,-,-,3808.8000,3808.6000,3808.4000,3808.2000,3806.8000,3809.2000,3810.0000,3810.2000,3810.4000,3810.6000,1,2,2,3,1,5,1,2,1,1
SF,IF2009,2020-05-20 09:32:34.100,3808.2000,23386,-9,316831500.000,10,0,10,多平,S,3806.8000,3805.2000,3805.0000,3804.0000,3803.8000,3808.0000,3809.2000,3810.0000,3810.2000,3810.4000,1,1,1,1,1,9,5,1,2,1
SF,IF2009,2020-05-20 09:32:34.600,3808.0000,23377,-9,328255500.000,10,0,10,多平,S,3807.0000,3806.8000,3805.2000,3805.0000,3804.0000,3810.0000,3810.4000,3810.8000,3811.2000,3811.4000,6,1,1,1,1,1,1,1,2,5
SF,IF2009,2020-05-20 09:32:35.100,3808.0000,23377,0,328255500.000,0,-,-,-,-,3807.4000,3807.2000,3807.0000,3806.8000,3806.6000,3809.4000,3809.8000,3810.0000,3810.4000,3811.2000,2,1,2,1,3,1,2,1,1,2
SF,IF2009,2020-05-20 09:32:35.600,3808.0000,23377,0,328255500.000,0,-,-,-,-,3807.6000,3807.2000,3807.0000,3806.8000,3806.6000,3809.2000,3809.4000,3809.8000,3810.0000,3810.4000,4,1,1,1,3,2,3,1,1,1
SF,IF2009,2020-05-20 09:32:36.100,3808.0000,23377,0,328255500.000,0,-,-,-,-,3808.4000,3807.6000,3807.0000,3806.8000,3806.6000,3809.2000,3809.4000,3809.8000,3810.0000,3810.4000,1,5,1,1,3,2,1,1,1,1
SF,IF2009,2020-05-20 09:32:36.600,3808.0000,23377,0,328255500.000,0,-,-,-,-,3808.4000,3807.6000,3806.8000,3806.6000,3805.2000,3809.2000,3809.8000,3810.0000,3811.2000,3811.4000,1,3,1,3,1,1,1,1,1,5
SF,IF2009,2020-05-20 09:32:37.100,3808.0000,23377,0,328255500.000,0,-,-,-,-,3808.4000,3807.6000,3806.8000,3806.6000,3805.2000,3809.8000,3810.0000,3811.2000,3811.4000,3811.6000,2,3,1,3,1,1,1,1,5,1
SF,IF2009,2020-05-20 09:32:37.600,3808.0000,23377,0,328255500.000,0,-,-,-,-,3808.6000,3808.4000,3807.6000,3806.8000,3806.6000,3809.8000,3811.4000,3812.0000,3812.2000,3812.4000,4,1,2,1,3,1,2,3,1,2
SF,IF2009,2020-05-20 09:32:38.100,3808.0000,23377,0,328255500.000,0,-,-,-,-,3808.6000,3808.4000,3807.6000,3806.8000,3806.6000,3809.6000,3809.8000,3811.4000,3812.0000,3812.2000,3,1,1,1,3,1,1,2,3,1
SF,IF2009,2020-05-20 09:32:38.600,3808.6000,23376,-1,330540660.000,2,0,2,多平,S,3808.4000,3807.6000,3806.8000,3806.6000,3805.2000,3809.2000,3809.4000,3809.6000,3809.8000,3811.4000,1,1,1,3,1,2,7,3,1,2
SF,IF2009,2020-05-20 09:32:39.100,3809.0000,23376,0,335110920.000,4,2,2,多换,S,3807.6000,3806.8000,3806.6000,3805.2000,3805.0000,3809.0000,3809.4000,3809.8000,3811.4000,3812.0000,1,1,3,1,1,2,1,1,2,3
SF,IF2009,2020-05-20 09:32:39.600,3809.0000,23376,0,335110920.000,0,-,-,-,-,3806.8000,3806.6000,3805.2000,3805.0000,3804.0000,3808.4000,3808.8000,3809.0000,3809.4000,3809.6000,1,3,1,1,1,2,1,3,1,1
SF,IF2009,2020-05-20 09:32:40.100,3809.0000,23376,0,335110920.000,0,-,-,-,-,3808.0000,3807.0000,3806.8000,3806.6000,3805.2000,3808.2000,3809.0000,3809.6000,3810.8000,3811.4000,1,3,1,3,1,1,2,1,1,2
SF,IF2009,2020-05-20 09:32:40.600,3808.0000,23376,0,336253320.000,1,0,1,多换,S,3807.0000,3806.8000,3806.6000,3805.2000,3805.0000,3808.0000,3808.2000,3808.6000,3810.8000,3811.4000,2,1,3,1,1,1,2,1,1,2
SF,IF2009,2020-05-20 09:32:41.100,3808.0000,23376,0,336253320.000,0,-,-,-,-,3807.2000,3807.0000,3806.8000,3806.6000,3805.2000,3808.0000,3808.6000,3810.8000,3811.4000,3812.0000,1,2,1,3,1,3,1,1,2,3
SF,IF2009,2020-05-20 09:32:41.600,3808.0000,23376,0,336253320.000,0,-,-,-,-,3807.0000,3806.8000,3806.6000,3805.8000,3805.2000,3807.8000,3808.0000,3808.6000,3810.8000,3811.4000,1,1,3,1,1,3,1,1,1,2
SF,IF2009,2020-05-20 09:32:42.100,3808.0000,23376,0,336253320.000,0,-,-,-,-,3807.2000,3807.0000,3806.8000,3806.6000,3805.8000,3807.8000,3808.0000,3808.6000,3810.8000,3811.4000,1,1,1,3,1,1,1,1,1,2
SF,IF2009,2020-05-20 09:32:42.600,3808.0000,23373,-3,339680520.000,3,0,3,双平,S,3807.0000,3806.8000,3806.6000,3805.8000,3805.2000,3808.6000,3810.8000,3811.4000,3812.0000,3812.2000,1,1,2,1,1,1,1,2,3,1
SF,IF2009,2020-05-20 09:32:43.100,3808.0000,23373,0,339680520.000,0,-,-,-,-,3807.0000,3806.8000,3806.6000,3805.8000,3805.2000,3808.4000,3808.6000,3810.8000,3811.4000,3812.0000,1,1,2,1,1,1,1,1,2,3
SF,IF2009,2020-05-20 09:32:43.600,3808.0000,23373,0,339680520.000,0,-,-,-,-,3807.2000,3807.0000,3806.8000,3806.6000,3805.8000,3808.6000,3810.8000,3811.4000,3812.0000,3812.2000,2,1,1,2,1,1,1,2,3,1
SF,IF2009,2020-05-20 09:32:44.100,3808.0000,23373,0,339680520.000,0,-,-,-,-,3807.4000,3807.2000,3806.8000,3806.6000,3805.8000,3810.8000,3811.4000,3812.0000,3812.2000,3812.4000,1,2,1,2,1,1,2,3,1,2
SF,IF2009,2020-05-20 09:32:44.600,3808.0000,23373,0,339680520.000,0,-,-,-,-,3807.4000,3807.2000,3806.8000,3806.6000,3805.8000,3809.0000,3809.2000,3810.2000,3810.4000,3810.6000,1,1,1,2,1,2,1,3,2,7
SF,IF2009,2020-05-20 09:32:45.100,3808.0000,23373,0,339680520.000,0,-,-,-,-,3807.4000,3807.2000,3806.8000,3806.6000,3805.8000,3809.2000,3810.0000,3810.2000,3810.4000,3810.6000,1,1,1,2,1,1,1,2,1,7
SF,IF2009,2020-05-20 09:32:45.600,3808.0000,23373,0,339680520.000,0,-,-,-,-,3807.4000,3806.8000,3806.6000,3805.8000,3805.2000,3808.8000,3809.0000,3809.2000,3810.0000,3810.2000,1,1,2,1,1,3,2,1,1,2
SF,IF2009,2020-05-20 09:32:46.100,3808.0000,23373,0,339680520.000,0,-,-,-,-,3807.4000,3806.8000,3806.6000,3805.8000,3805.2000,3808.8000,3809.0000,3809.2000,3810.0000,3810.2000,1,1,2,1,1,1,2,1,1,2
SF,IF2009,2020-05-20 09:32:46.600,3808.0000,23373,0,339680520.000,0,-,-,-,-,3807.4000,3806.8000,3806.6000,3805.8000,3805.2000,3808.6000,3808.8000,3809.0000,3809.2000,3810.0000,1,1,2,1,1,1,1,1,1,1
SF,IF2009,2020-05-20 09:32:47.100,3808.0000,23373,0,339680520.000,0,-,-,-,-,3807.4000,3806.8000,3806.6000,3805.8000,3805.2000,3808.8000,3809.0000,3809.2000,3810.0000,3810.2000,1,1,2,1,1,1,1,1,1,2
SF,IF2009,2020-05-20 09:32:47.600,3808.0000,23373,0,339680520.000,0,-,-,-,-,3807.6000,3807.4000,3806.8000,3806.6000,3805.8000,3808.8000,3809.2000,3810.0000,3810.2000,3810.4000,1,3,1,2,1,1,1,1,2,1
SF,IF2009,2020-05-20 09:32:48.100,3808.0000,23373,0,339680520.000,0,-,-,-,-,3807.8000,3807.6000,3807.4000,3806.8000,3806.6000,3810.0000,3810.2000,3810.4000,3810.6000,3810.8000,1,1,1,1,2,1,2,1,4,1
SF,IF2009,2020-05-20 09:32:48.600,3808.0000,23373,0,339680520.000,0,-,-,-,-,3807.4000,3806.8000,3806.6000,3805.8000,3805.2000,3809.4000,3809.6000,3809.8000,3810.0000,3810.2000,1,1,2,1,1,5,1,3,1,2
SF,IF2009,2020-05-20 09:32:49.100,3808.0000,23373,0,339680520.000,0,-,-,-,-,3808.8000,3807.6000,3806.6000,3805.8000,3805.2000,3809.2000,3809.6000,3810.0000,3810.6000,3810.8000,1,2,2,1,1,2,1,1,1,1
SF,IF2009,2020-05-20 09:32:49.600,3808.8000,23373,0,340823160.000,1,0,1,多换,S,3807.6000,3806.6000,3805.8000,3805.2000,3805.0000,3809.2000,3810.0000,3810.6000,3810.8000,3811.4000,2,2,1,1,1,1,1,1,1,2
SF,IF2009,2020-05-20 09:32:50.100,3808.8000,23373,0,340823160.000,0,-,-,-,-,3807.6000,3806.6000,3805.8000,3805.2000,3805.0000,3810.0000,3810.6000,3810.8000,3811.4000,3812.0000,2,2,1,1,1,1,1,1,2,1
SF,IF2009,2020-05-20 09:32:50.600,3808.8000,23373,0,340823160.000,0,-,-,-,-,3807.8000,3807.6000,3806.6000,3805.8000,3805.2000,3809.8000,3810.0000,3810.6000,3810.8000,3811.4000,2,2,2,1,1,2,1,1,1,2
SF,IF2009,2020-05-20 09:32:51.100,3808.8000,23373,0,340823160.000,0,-,-,-,-,3808.0000,3807.8000,3807.6000,3806.6000,3805.8000,3809.8000,3810.0000,3810.6000,3810.8000,3811.4000,1,2,1,2,1,3,1,1,1,2
SF,IF2009,2020-05-20 09:32:51.600,3808.8000,23373,0,340823160.000,0,-,-,-,-,3808.2000,3808.0000,3807.8000,3807.6000,3806.6000,3809.4000,3809.8000,3810.0000,3810.6000,3810.8000,1,1,2,1,2,5,3,1,1,1
SF,IF2009,2020-05-20 09:32:52.600,3808.8000,23373,0,340823160.000,0,-,-,-,-,3808.0000,3807.8000,3807.6000,3806.6000,3805.8000,3809.2000,3809.4000,3809.8000,3810.0000,3810.6000,1,2,1,2,1,6,6,3,1,1
SF,IF2009,2020-05-20 09:32:53.100,3808.8000,23373,0,340823160.000,0,-,-,-,-,3807.8000,3807.6000,3806.6000,3805.8000,3805.2000,3809.0000,3809.4000,3809.8000,3810.0000,3810.6000,2,1,2,1,1,3,6,2,1,1
SF,IF2009,2020-05-20 09:32:53.600,3808.8000,23373,0,340823160.000,0,-,-,-,-,3807.8000,3807.6000,3806.6000,3805.8000,3805.2000,3808.8000,3809.0000,3809.4000,3809.8000,3810.0000,1,1,2,1,1,1,2,7,2,1
SF,IF2009,2020-05-20 09:32:54.100,3808.8000,23373,0,340823160.000,0,-,-,-,-,3806.6000,3805.8000,3805.2000,3805.0000,3804.0000,3808.6000,3808.8000,3809.0000,3809.4000,3809.8000,2,1,1,1,4,1,1,2,7,2
SF,IF2009,2020-05-20 09:32:54.600,3808.8000,23373,0,340823160.000,0,-,-,-,-,3807.2000,3806.8000,3806.6000,3805.8000,3805.2000,3808.4000,3808.6000,3809.4000,3809.8000,3810.0000,1,1,2,1,1,2,2,7,1,1
SF,IF2009,2020-05-20 09:32:55.100,3808.8000,23373,0,340823160.000,0,-,-,-,-,3807.2000,3806.8000,3806.6000,3805.8000,3805.2000,3808.2000,3808.4000,3808.6000,3809.4000,3809.8000,1,1,2,1,1,1,1,2,7,1
SF,IF2009,2020-05-20 09:32:55.600,3808.8000,23373,0,340823160.000,0,-,-,-,-,3807.4000,3806.8000,3805.8000,3805.2000,3805.0000,3808.2000,3808.4000,3808.6000,3809.4000,3809.8000,1,1,1,1,1,1,1,1,2,1
SF,IF2009,2020-05-20 09:32:56.100,3808.8000,23373,0,340823160.000,0,-,-,-,-,3807.4000,3806.8000,3806.4000,3805.8000,3805.2000,3808.2000,3808.4000,3808.6000,3809.4000,3809.8000,1,1,1,1,1,1,1,1,2,1
SF,IF2009,2020-05-20 09:32:56.600,3808.8000,23373,0,340823160.000,0,-,-,-,-,3806.8000,3806.4000,3805.8000,3805.2000,3805.0000,3808.2000,3808.4000,3809.4000,3809.8000,3810.0000,1,1,1,1,1,1,1,2,1,1
SF,IF2009,2020-05-20 09:32:57.100,3808.8000,23373,0,340823160.000,0,-,-,-,-,3807.0000,3806.8000,3806.4000,3805.8000,3805.2000,3808.2000,3808.4000,3809.4000,3809.8000,3810.0000,2,1,1,1,1,1,1,2,1,1
SF,IF2009,2020-05-20 09:32:57.600,3808.8000,23373,0,340823160.000,0,-,-,-,-,3807.0000,3806.8000,3806.4000,3805.8000,3805.2000,3808.2000,3808.4000,3809.4000,3809.8000,3810.0000,2,1,1,1,1,1,1,2,1,1
SF,IF2009,2020-05-20 09:32:58.100,3808.8000,23373,0,340823160.000,0,-,-,-,-,3807.2000,3807.0000,3806.4000,3805.8000,3805.2000,3808.2000,3809.4000,3809.8000,3810.0000,3810.6000,1,2,1,1,1,1,2,1,1,1
SF,IF2009,2020-05-20 09:32:58.600,3808.8000,23373,0,340823160.000,0,-,-,-,-,3807.4000,3807.2000,3807.0000,3806.4000,3805.8000,3808.2000,3809.4000,3809.8000,3810.0000,3810.6000,1,1,1,1,1,1,2,1,1,1
SF,IF2009,2020-05-20 09:32:59.100,3808.8000,23373,0,340823160.000,0,-,-,-,-,3807.4000,3807.2000,3807.0000,3806.4000,3805.8000,3809.4000,3809.8000,3810.0000,3810.6000,3810.8000,2,3,1,1,1,2,1,1,1,1
SF,IF2009,2020-05-20 09:32:59.600,3808.8000,23373,0,340823160.000,0,-,-,-,-,3807.6000,3807.2000,3807.0000,3806.4000,3805.8000,3808.8000,3809.2000,3809.4000,3809.8000,3810.0000,1,2,1,1,1,5,2,1,1,1
SF,IF2009,2020-05-20 09:33:00.100,3808.8000,23373,0,340823160.000,0,-,-,-,-,3807.2000,3806.4000,3805.8000,3805.2000,3805.0000,3808.6000,3808.8000,3809.2000,3809.4000,3809.8000,2,1,1,1,2,1,5,1,1,1
SF,IF2009,2020-05-20 09:33:00.600,3808.8000,23373,0,340823160.000,0,-,-,-,-,3807.2000,3806.4000,3805.8000,3805.2000,3805.0000,3808.6000,3808.8000,3809.2000,3809.4000,3809.8000,2,1,1,1,2,4,5,1,1,1
SF,IF2009,2020-05-20 09:33:01.100,3807.2000,23374,1,343107480.000,2,1,1,空开,S,3806.4000,3805.8000,3805.2000,3805.0000,3804.0000,3807.2000,3808.2000,3808.4000,3808.6000,3808.8000,1,1,1,2,4,3,5,4,4,5
SF,IF2009,2020-05-20 09:33:01.600,3806.4000,23373,-1,344249400.000,1,0,1,双平,S,3805.8000,3805.2000,3805.0000,3804.0000,3803.8000,3806.4000,3807.0000,3807.2000,3807.6000,3808.2000,1,1,2,4,1,1,2,1,5,5
SF,IF2009,2020-05-20 09:33:02.100,3805.8000,23373,0,345391140.000,1,0,1,多换,S,3805.2000,3805.0000,3804.0000,3803.8000,3803.0000,3807.0000,3807.2000,3808.4000,3808.6000,3809.2000,1,2,4,1,5,2,1,2,2,1
SF,IF2009,2020-05-20 09:33:02.600,3805.8000,23373,0,345391140.000,0,-,-,-,-,3805.4000,3805.2000,3805.0000,3804.0000,3803.8000,3807.0000,3807.2000,3808.6000,3809.2000,3809.4000,2,1,2,4,1,2,1,2,1,1
SF,IF2009,2020-05-20 09:33:03.100,3805.8000,23373,0,345391140.000,0,-,-,-,-,3805.4000,3805.2000,3805.0000,3804.0000,3803.8000,3806.8000,3807.0000,3807.2000,3808.6000,3809.2000,2,1,2,4,1,2,1,1,1,1
SF,IF2009,2020-05-20 09:33:03.600,3805.8000,23373,0,345391140.000,0,-,-,-,-,3805.4000,3805.2000,3805.0000,3804.0000,3803.8000,3806.6000,3806.8000,3807.2000,3808.6000,3809.2000,2,1,2,4,1,1,1,1,1,1
SF,IF2009,2020-05-20 09:33:04.600,3805.4000,23371,-2,347674380.000,2,0,2,双平,S,3805.2000,3805.0000,3804.0000,3803.8000,3803.0000,3805.4000,3806.6000,3806.8000,3807.2000,3808.6000,1,2,4,1,5,9,1,1,1,1
SF,IF2009,2020-05-20 09:33:05.100,3805.4000,23363,-8,359090580.000,10,1,9,多平,S,3805.8000,3805.6000,3805.4000,3805.2000,3805.0000,3807.2000,3808.6000,3809.2000,3809.4000,3809.8000,1,2,1,1,2,1,1,1,1,1
SF,IF2009,2020-05-20 09:33:05.600,3805.4000,23363,0,359090580.000,0,-,-,-,-,3805.8000,3805.4000,3805.2000,3805.0000,3804.0000,3807.0000,3807.2000,3808.6000,3809.2000,3809.4000,3,3,1,2,4,2,1,1,1,1
SF,IF2009,2020-05-20 09:33:06.100,3807.0000,23362,-1,360232680.000,1,0,1,双平,S,3806.0000,3805.8000,3805.4000,3805.2000,3805.0000,3807.2000,3808.6000,3808.8000,3809.2000,3809.4000,4,3,4,1,2,1,1,1,1,1
SF,IF2009,2020-05-20 09:33:06.600,3807.2000,23361,-1,361374840.000,1,0,1,双平,S,3807.4000,3807.2000,3807.0000,3806.2000,3806.0000,3808.6000,3808.8000,3809.2000,3809.4000,3809.6000,1,3,1,6,2,1,1,1,1,2
SF,IF2009,2020-05-20 09:33:07.100,3807.2000,23361,0,361374840.000,0,-,-,-,-,3807.6000,3807.4000,3807.0000,3806.2000,3805.4000,3808.2000,3808.4000,3808.6000,3808.8000,3809.2000,1,3,1,1,2,5,1,1,1,1
SF,IF2009,2020-05-20 09:33:07.600,3807.6000,23356,-5,367085880.000,5,0,5,双平,S,3807.6000,3807.0000,3806.2000,3805.4000,3805.2000,3808.4000,3809.2000,3809.4000,3809.6000,3809.8000,1,1,2,2,1,1,1,1,2,1
SF,IF2009,2020-05-20 09:33:08.100,3807.6000,23355,-1,368228160.000,1,0,1,双平,S,3806.2000,3805.4000,3805.2000,3805.0000,3804.0000,3808.4000,3809.2000,3809.4000,3809.6000,3809.8000,2,2,1,4,4,1,1,1,2,1
SF,IF2009,2020-05-20 09:33:08.600,3807.6000,23355,0,368228160.000,0,-,-,-,-,3806.6000,3806.2000,3806.0000,3805.4000,3805.2000,3808.2000,3808.4000,3809.2000,3809.4000,3809.6000,2,4,1,2,1,1,3,1,1,2
SF,IF2009,2020-05-20 09:33:09.100,3807.6000,23355,0,368228160.000,0,-,-,-,-,3805.4000,3805.2000,3805.0000,3804.0000,3803.8000,3808.0000,3808.2000,3809.2000,3809.4000,3809.6000,2,1,4,4,1,2,9,1,1,2
SF,IF2009,2020-05-20 09:33:09.600,3807.6000,23355,0,368228160.000,0,-,-,-,-,3806.2000,3806.0000,3805.8000,3805.6000,3805.4000,3807.8000,3808.0000,3808.2000,3809.4000,3809.6000,1,2,1,7,2,3,2,7,1,2
SF,IF2009,2020-05-20 09:33:10.100,3807.6000,23355,0,368228160.000,0,-,-,-,-,3806.4000,3806.2000,3806.0000,3805.8000,3805.6000,3807.8000,3808.0000,3808.2000,3809.4000,3809.6000,1,1,3,1,5,2,1,6,1,2
SF,IF2009,2020-05-20 09:33:10.600,3807.6000,23355,0,368228160.000,0,-,-,-,-,3806.4000,3806.2000,3806.0000,3805.6000,3805.4000,3807.6000,3808.0000,3808.2000,3809.4000,3809.6000,1,1,3,3,1,3,1,5,1,2
SF,IF2009,2020-05-20 09:33:11.100,3807.6000,23355,0,368228160.000,0,-,-,-,-,3806.0000,3805.6000,3805.4000,3805.2000,3805.0000,3807.4000,3807.6000,3808.2000,3809.4000,3809.6000,1,2,1,1,4,3,6,5,1,2
SF,IF2009,2020-05-20 09:33:11.600,3807.6000,23355,0,368228160.000,0,-,-,-,-,3806.2000,3806.0000,3805.6000,3805.4000,3805.2000,3807.4000,3807.6000,3808.2000,3809.4000,3809.6000,2,1,2,1,1,2,5,5,1,2
SF,IF2009,2020-05-20 09:33:12.100,3807.6000,23355,0,368228160.000,0,-,-,-,-,3806.0000,3805.6000,3805.4000,3805.2000,3805.0000,3807.2000,3807.6000,3808.2000,3809.4000,3809.6000,1,2,1,1,4,4,5,5,1,2
SF,IF2009,2020-05-20 09:33:12.600,3807.6000,23355,0,368228160.000,0,-,-,-,-,3805.6000,3805.4000,3805.2000,3805.0000,3804.0000,3807.2000,3807.6000,3808.2000,3809.4000,3809.6000,2,1,1,4,4,4,5,5,1,2
SF,IF2009,2020-05-20 09:33:13.100,3807.6000,23355,0,368228160.000,0,-,-,-,-,3805.8000,3805.6000,3805.4000,3805.2000,3805.0000,3807.0000,3807.2000,3807.6000,3808.2000,3809.4000,1,2,1,1,4,1,3,5,5,1
SF,IF2009,2020-05-20 09:33:13.600,3807.6000,23355,0,368228160.000,0,-,-,-,-,3805.6000,3805.4000,3805.2000,3805.0000,3804.0000,3806.8000,3807.0000,3807.6000,3809.4000,3809.6000,1,1,1,4,4,1,5,5,1,2
SF,IF2009,2020-05-20 09:33:14.100,3807.6000,23355,0,368228160.000,0,-,-,-,-,3805.8000,3805.6000,3805.4000,3805.2000,3805.0000,3807.6000,3809.4000,3809.6000,3809.8000,3810.6000,1,1,1,1,4,5,1,2,1,1
SF,IF2009,2020-05-20 09:33:14.600,3807.6000,23355,0,368228160.000,0,-,-,-,-,3805.8000,3805.6000,3805.4000,3805.2000,3805.0000,3806.8000,3807.4000,3807.6000,3809.4000,3809.6000,1,1,1,1,4,1,2,5,1,2
SF,IF2009,2020-05-20 09:33:15.100,3807.6000,23355,0,368228160.000,0,-,-,-,-,3805.6000,3805.2000,3805.0000,3804.0000,3803.8000,3806.8000,3807.0000,3807.4000,3807.6000,3809.4000,1,1,4,4,1,2,5,3,5,1
SF,IF2009,2020-05-20 09:33:15.600,3807.6000,23355,0,368228160.000,0,-,-,-,-,3805.6000,3805.2000,3805.0000,3804.0000,3803.8000,3806.8000,3807.4000,3807.6000,3809.4000,3809.6000,1,1,4,4,1,1,2,5,1,2
SF,IF2009,2020-05-20 09:33:16.100,3807.6000,23355,0,368228160.000,0,-,-,-,-,3805.6000,3805.2000,3805.0000,3804.0000,3803.8000,3806.6000,3806.8000,3807.4000,3807.6000,3809.4000,1,1,4,4,1,1,1,2,5,1
SF,IF2009,2020-05-20 09:33:16.600,3807.6000,23355,0,368228160.000,0,-,-,-,-,3805.2000,3805.0000,3804.0000,3803.8000,3803.0000,3806.6000,3806.8000,3807.4000,3807.6000,3809.4000,1,4,4,1,5,1,1,2,5,1
SF,IF2009,2020-05-20 09:33:17.100,3807.6000,23355,0,368228160.000,0,-,-,-,-,3805.8000,3805.4000,3805.2000,3805.0000,3804.0000,3807.4000,3807.6000,3809.4000,3809.6000,3809.8000,1,1,1,4,4,1,5,1,2,1
SF,IF2009,2020-05-20 09:33:17.600,3807.6000,23355,0,368228160.000,0,-,-,-,-,3805.4000,3805.2000,3805.0000,3804.0000,3803.8000,3806.6000,3807.2000,3807.4000,3807.6000,3809.4000,1,1,4,4,1,2,5,1,5,1
SF,IF2009,2020-05-20 09:33:18.100,3807.6000,23355,0,368228160.000,0,-,-,-,-,3806.6000,3805.4000,3805.2000,3805.0000,3804.0000,3807.4000,3807.6000,3809.4000,3809.6000,3809.8000,2,1,1,4,4,1,5,1,2,1
SF,IF2009,2020-05-20 09:33:20.100,3807.4000,23354,-1,369370380.000,1,0,1,双平,S,3806.6000,3805.4000,3805.2000,3805.0000,3804.0000,3809.4000,3809.6000,3809.8000,3810.6000,3810.8000,2,1,1,4,4,1,2,1,1,1
SF,IF2009,2020-05-20 09:33:20.600,3807.4000,23352,-2,371654820.000,2,0,2,双平,S,3806.8000,3806.6000,3805.2000,3805.0000,3804.0000,3808.6000,3809.2000,3809.4000,3809.6000,3809.8000,3,2,1,4,4,5,2,1,2,1
SF,IF2009,2020-05-20 09:33:21.100,3807.4000,23352,0,371654820.000,0,-,-,-,-,3806.8000,3806.6000,3805.8000,3805.2000,3805.0000,3808.4000,3808.6000,3809.4000,3809.6000,3809.8000,3,2,1,1,4,4,5,2,2,1
SF,IF2009,2020-05-20 09:33:21.600,3807.4000,23352,0,371654820.000,0,-,-,-,-,3806.8000,3806.6000,3805.8000,3805.2000,3805.0000,3808.2000,3808.4000,3808.6000,3809.4000,3809.6000,3,2,1,1,4,7,5,5,2,2
SF,IF2009,2020-05-20 09:33:22.100,3807.4000,23352,0,371654820.000,0,-,-,-,-,3806.8000,3806.6000,3805.8000,3805.2000,3805.0000,3808.0000,3808.2000,3808.4000,3808.6000,3809.4000,1,2,1,1,4,7,6,3,5,2
SF,IF2009,2020-05-20 09:33:22.600,3807.4000,23352,0,371654820.000,0,-,-,-,-,3807.0000,3806.8000,3806.6000,3805.8000,3805.2000,3808.0000,3808.2000,3808.4000,3808.6000,3809.4000,1,1,3,1,1,6,5,3,5,2
SF,IF2009,2020-05-20 09:33:23.100,3807.4000,23352,0,371654820.000,0,-,-,-,-,3806.8000,3806.6000,3805.8000,3805.2000,3805.0000,3808.0000,3808.2000,3808.4000,3808.6000,3809.4000,1,3,1,1,4,1,5,3,5,2
SF,IF2009,2020-05-20 09:33:23.600,3807.4000,23352,0,371654820.000,0,-,-,-,-,3806.8000,3806.6000,3805.8000,3805.2000,3805.0000,3808.4000,3808.6000,3809.4000,3809.6000,3809.8000,1,3,1,1,4,3,5,2,2,1
SF,IF2009,2020-05-20 09:33:24.100,3807.4000,23352,0,371654820.000,0,-,-,-,-,3806.8000,3806.6000,3805.8000,3805.2000,3805.0000,3808.0000,3808.2000,3808.4000,3808.6000,3809.4000,1,3,1,1,4,5,1,3,5,2
SF,IF2009,2020-05-20 09:33:24.600,3807.4000,23352,0,371654820.000,0,-,-,-,-,3807.0000,3806.8000,3806.6000,3805.8000,3805.2000,3808.2000,3808.4000,3808.6000,3809.4000,3809.6000,1,3,3,1,1,1,3,5,2,2
SF,IF2009,2020-05-20 09:33:25.100,3807.4000,23352,0,371654820.000,0,-,-,-,-,3807.2000,3807.0000,3806.8000,3806.6000,3805.8000,3808.2000,3808.4000,3808.6000,3809.4000,3809.6000,1,3,1,3,1,1,3,5,2,2
SF,IF2009,2020-05-20 09:33:25.600,3808.4000,23351,-1,373939800.000,2,0,2,多平,S,3808.2000,3807.2000,3807.0000,3806.6000,3805.8000,3808.6000,3809.4000,3809.6000,3809.8000,3810.6000,2,3,3,3,1,5,2,2,1,1
SF,IF2009,2020-05-20 09:33:26.100,3808.6000,23350,-1,375082380.000,1,0,1,双平,S,3807.2000,3807.0000,3806.6000,3805.8000,3805.2000,3809.4000,3809.6000,3809.8000,3810.6000,3810.8000,2,1,2,1,1,2,2,1,1,1
SF,IF2009,2020-05-20 09:33:26.600,3808.6000,23350,0,375082380.000,0,-,-,-,-,3807.6000,3807.4000,3807.2000,3806.6000,3805.8000,3809.4000,3809.6000,3809.8000,3810.6000,3810.8000,1,3,2,2,1,1,2,1,1,1
SF,IF2009,2020-05-20 09:33:27.100,3808.6000,23350,0,375082380.000,0,-,-,-,-,3807.8000,3807.4000,3807.0000,3806.6000,3805.8000,3809.6000,3809.8000,3810.6000,3810.8000,3812.0000,2,3,1,2,1,2,1,1,1,1
SF,IF2009,2020-05-20 09:33:27.600,3808.6000,23350,0,375082380.000,0,-,-,-,-,3807.8000,3807.4000,3807.0000,3806.6000,3805.8000,3809.8000,3810.6000,3810.8000,3812.0000,3812.2000,2,2,1,2,1,1,1,1,1,1
SF,IF2009,2020-05-20 09:33:28.100,3808.6000,23350,0,375082380.000,0,-,-,-,-,3807.8000,3807.4000,3807.0000,3806.6000,3805.8000,3809.4000,3809.6000,3809.8000,3810.6000,3810.8000,1,1,1,2,1,2,6,2,1,1
SF,IF2009,2020-05-20 09:33:28.600,3808.6000,23350,0,375082380.000,0,-,-,-,-,3808.0000,3807.8000,3807.4000,3807.0000,3806.6000,3809.4000,3809.6000,3809.8000,3810.6000,3810.8000,1,1,1,1,2,1,6,1,1,1
SF,IF2009,2020-05-20 09:33:29.100,3808.6000,23350,0,375082380.000,0,-,-,-,-,3808.2000,3808.0000,3807.4000,3807.0000,3806.6000,3809.4000,3809.6000,3809.8000,3810.6000,3810.8000,1,1,1,1,2,1,6,1,1,1
SF,IF2009,2020-05-20 09:33:29.600,3808.6000,23350,0,375082380.000,0,-,-,-,-,3808.2000,3808.0000,3807.4000,3807.0000,3806.6000,3809.6000,3809.8000,3810.6000,3810.8000,3812.0000,3,1,1,1,2,5,1,1,1,1
SF,IF2009,2020-05-20 09:33:30.100,3808.6000,23350,0,375082380.000,0,-,-,-,-,3808.2000,3808.0000,3807.4000,3807.0000,3806.6000,3809.4000,3809.6000,3809.8000,3810.6000,3810.8000,1,1,1,1,2,1,5,1,1,1
SF,IF2009,2020-05-20 09:33:30.600,3808.6000,23350,0,375082380.000,0,-,-,-,-,3808.2000,3808.0000,3807.4000,3807.0000,3806.6000,3809.8000,3810.6000,3810.8000,3812.0000,3812.2000,1,1,1,1,2,1,1,1,1,1
SF,IF2009,2020-05-20 09:33:31.100,3808.6000,23350,0,375082380.000,0,-,-,-,-,3808.2000,3808.0000,3807.4000,3807.0000,3806.6000,3809.8000,3810.6000,3810.8000,3812.0000,3812.2000,1,1,1,1,2,1,1,1,1,1
SF,IF2009,2020-05-20 09:33:31.600,3808.6000,23350,0,375082380.000,0,-,-,-,-,3808.4000,3808.2000,3808.0000,3807.4000,3807.0000,3809.8000,3810.6000,3810.8000,3812.0000,3812.2000,1,3,1,1,1,1,1,1,1,1
SF,IF2009,2020-05-20 09:33:32.100,3808.6000,23350,0,375082380.000,0,-,-,-,-,3808.6000,3808.4000,3808.2000,3808.0000,3807.0000,3810.6000,3810.8000,3812.0000,3812.2000,3812.4000,3,1,1,2,1,1,1,1,1,2
SF,IF2009,2020-05-20 09:33:32.600,3808.6000,23350,0,375082380.000,0,-,-,-,-,3808.6000,3808.4000,3808.2000,3808.0000,3807.0000,3810.4000,3810.8000,3812.0000,3812.2000,3812.4000,3,1,2,2,1,2,1,1,1,2
SF,IF2009,2020-05-20 09:33:33.100,3808.6000,23350,0,375082380.000,0,-,-,-,-,3808.6000,3808.4000,3808.0000,3807.0000,3806.6000,3810.2000,3810.4000,3810.8000,3812.0000,3812.2000,3,1,1,1,2,6,7,1,1,1
SF,IF2009,2020-05-20 09:33:33.600,3808.6000,23350,0,375082380.000,0,-,-,-,-,3809.8000,3808.8000,3808.6000,3808.4000,3808.0000,3810.0000,3810.2000,3810.4000,3810.8000,3812.0000,1,1,1,1,1,1,6,6,1,1
SF,IF2009,2020-05-20 09:33:34.100,3809.8000,23349,-1,377368260.000,2,0,2,多平,S,3808.6000,3807.0000,3806.6000,3806.0000,3805.8000,3809.8000,3810.0000,3810.2000,3810.4000,3810.8000,1,1,2,5,1,3,1,5,6,1
SF,IF2009,2020-05-20 09:33:34.600,3809.8000,23349,0,377368260.000,0,-,-,-,-,3808.6000,3807.0000,3806.6000,3806.0000,3805.8000,3809.8000,3810.4000,3810.8000,3812.0000,3812.2000,1,1,2,5,1,2,1,1,1,1
SF,IF2009,2020-05-20 09:33:35.600,3809.8000,23349,0,377368260.000,0,-,-,-,-,3808.6000,3807.0000,3806.6000,3806.0000,3805.8000,3809.8000,3810.4000,3810.8000,3812.0000,3812.2000,2,1,2,5,1,2,1,1,1,1
SF,IF2009,2020-05-20 09:33:36.100,3809.8000,23349,0,377368260.000,0,-,-,-,-,3808.8000,3808.6000,3807.0000,3806.6000,3806.0000,3809.8000,3810.4000,3810.8000,3812.0000,3812.2000,1,2,1,2,5,3,1,1,1,1
SF,IF2009,2020-05-20 09:33:36.600,3809.8000,23349,0,377368260.000,0,-,-,-,-,3809.0000,3807.4000,3807.0000,3806.6000,3806.0000,3809.8000,3810.4000,3810.8000,3812.0000,3812.2000,1,3,1,2,5,3,1,1,1,1
SF,IF2009,2020-05-20 09:33:38.100,3809.8000,23349,0,377368260.000,0,-,-,-,-,3809.0000,3807.4000,3807.0000,3806.6000,3806.0000,3809.6000,3809.8000,3810.4000,3810.8000,3812.0000,1,3,1,2,5,1,3,1,1,1
SF,IF2009,2020-05-20 09:33:38.600,3809.0000,23348,-1,378510960.000,1,0,1,双平,S,3807.4000,3807.0000,3806.6000,3806.0000,3805.8000,3809.6000,3809.8000,3810.4000,3810.8000,3812.0000,3,1,2,5,1,1,3,1,1,1
SF,IF2009,2020-05-20 09:33:39.100,3809.0000,23348,0,378510960.000,0,-,-,-,-,3808.6000,3808.4000,3808.0000,3807.8000,3807.6000,3809.4000,3809.8000,3810.4000,3810.8000,3812.0000,2,3,4,2,7,1,3,1,1,1
SF,IF2009,2020-05-20 09:33:39.600,3809.0000,23348,0,378510960.000,0,-,-,-,-,3808.0000,3807.6000,3807.4000,3807.0000,3806.6000,3809.4000,3809.8000,3810.4000,3810.8000,3812.0000,1,3,3,1,2,2,3,1,1,1
SF,IF2009,2020-05-20 09:33:40.100,3809.0000,23348,0,378510960.000,0,-,-,-,-,3808.2000,3808.0000,3807.6000,3807.4000,3807.0000,3809.4000,3809.8000,3810.4000,3810.8000,3812.0000,4,1,2,3,1,1,3,1,1,1
SF,IF2009,2020-05-20 09:33:40.600,3809.0000,23348,0,378510960.000,0,-,-,-,-,3808.2000,3808.0000,3807.4000,3807.0000,3806.6000,3809.2000,3809.4000,3809.8000,3810.4000,3810.8000,2,1,3,1,2,1,1,3,1,1
SF,IF2009,2020-05-20 09:33:41.100,3809.0000,23348,0,378510960.000,0,-,-,-,-,3808.8000,3808.4000,3808.2000,3808.0000,3807.4000,3809.8000,3810.8000,3812.0000,3812.2000,3812.4000,1,1,1,1,3,3,1,1,1,2
SF,IF2009,2020-05-20 09:33:41.600,3809.0000,23348,0,378510960.000,0,-,-,-,-,3808.8000,3808.2000,3808.0000,3807.4000,3807.0000,3809.6000,3809.8000,3810.8000,3812.0000,3812.2000,1,1,1,3,1,2,3,1,1,1
SF,IF2009,2020-05-20 09:33:42.100,3809.0000,23348,0,378510960.000,0,-,-,-,-,3808.8000,3808.2000,3808.0000,3807.4000,3807.0000,3809.6000,3809.8000,3810.8000,3812.0000,3812.2000,3,1,1,3,1,5,3,1,1,1
SF,IF2009,2020-05-20 09:33:42.600,3809.0000,23348,0,378510960.000,0,-,-,-,-,3809.0000,3808.8000,3808.2000,3808.0000,3807.4000,3809.8000,3810.8000,3812.0000,3812.2000,3812.4000,2,1,1,1,3,3,1,1,1,2
SF,IF2009,2020-05-20 09:33:43.100,3809.0000,23348,0,378510960.000,0,-,-,-,-,3809.0000,3808.8000,3808.2000,3807.4000,3807.0000,3809.8000,3810.8000,3812.0000,3812.2000,3812.4000,1,1,1,3,1,3,1,1,1,2
SF,IF2009,2020-05-20 09:33:44.100,3809.0000,23348,0,378510960.000,0,-,-,-,-,3809.0000,3808.8000,3808.2000,3807.4000,3807.0000,3809.8000,3810.8000,3812.0000,3812.2000,3812.4000,2,1,1,3,1,1,1,1,1,2
SF,IF2009,2020-05-20 09:33:44.600,3809.0000,23347,-1,379653660.000,1,0,1,双平,S,3809.0000,3808.8000,3808.2000,3807.4000,3807.0000,3809.8000,3810.8000,3812.0000,3812.2000,3812.4000,1,1,1,3,1,1,1,1,1,2
SF,IF2009,2020-05-20 09:33:45.100,3809.0000,23347,0,379653660.000,0,-,-,-,-,3809.0000,3808.8000,3808.2000,3807.4000,3807.0000,3809.6000,3809.8000,3810.8000,3812.0000,3812.2000,1,1,1,3,1,1,1,1,1,1
SF,IF2009,2020-05-20 09:33:45.600,3809.0000,23347,0,380796360.000,1,0,1,多换,S,3808.8000,3807.4000,3807.0000,3806.8000,3806.6000,3809.6000,3809.8000,3810.8000,3812.0000,3812.2000,1,3,1,2,2,2,2,1,1,1
SF,IF2009,2020-05-20 09:33:46.100,3809.0000,23347,0,380796360.000,0,-,-,-,-,3808.8000,3807.4000,3807.0000,3806.8000,3806.6000,3809.6000,3809.8000,3810.8000,3812.0000,3812.2000,1,3,1,2,2,2,1,1,1,1
SF,IF2009,2020-05-20 09:33:47.100,3809.0000,23347,0,380796360.000,0,-,-,-,-,3808.8000,3807.4000,3807.0000,3806.8000,3806.6000,3809.6000,3809.8000,3810.2000,3810.8000,3812.0000,1,3,1,2,2,2,1,1,1,1
SF,IF2009,2020-05-20 09:33:47.600,3809.0000,23347,0,380796360.000,0,-,-,-,-,3808.8000,3807.4000,3807.0000,3806.8000,3806.6000,3809.6000,3809.8000,3810.2000,3810.8000,3812.0000,2,3,1,2,2,1,1,1,1,1
SF,IF2009,2020-05-20 09:33:48.100,3809.6000,23347,0,381939240.000,1,0,1,多换,S,3809.6000,3808.8000,3807.4000,3807.0000,3806.8000,3809.8000,3810.2000,3810.8000,3812.0000,3812.2000,1,2,3,1,2,1,1,1,1,1
SF,IF2009,2020-05-20 09:33:48.600,3809.8000,23346,-1,383082180.000,1,0,1,双平,S,3809.8000,3809.6000,3809.0000,3808.8000,3807.4000,3810.2000,3810.8000,3812.0000,3812.2000,3812.4000,2,1,1,1,3,1,1,1,1,2
SF,IF2009,2020-05-20 09:33:49.100,3810.2000,23345,-1,384225240.000,1,0,1,双平,S,3809.8000,3809.6000,3809.0000,3808.8000,3807.4000,3810.8000,3812.0000,3812.2000,3812.4000,3815.0000,2,1,1,1,3,1,1,1,2,6
SF,IF2009,2020-05-20 09:33:49.600,3810.2000,23345,0,384225240.000,0,-,-,-,-,3809.8000,3809.6000,3809.0000,3808.8000,3807.4000,3810.6000,3810.8000,3812.0000,3812.2000,3812.4000,2,1,1,1,3,6,1,1,1,2
SF,IF2009,2020-05-20 09:33:50.100,3810.2000,23345,0,384225240.000,0,-,-,-,-,3810.0000,3809.8000,3809.6000,3809.0000,3808.8000,3810.6000,3810.8000,3812.0000,3812.2000,3812.4000,1,2,1,1,1,1,1,1,1,2
SF,IF2009,2020-05-20 09:33:50.600,3810.2000,23345,0,384225240.000,0,-,-,-,-,3810.0000,3809.8000,3809.6000,3808.8000,3807.4000,3810.8000,3812.0000,3812.2000,3815.0000,3815.2000,1,2,1,1,3,1,1,1,6,1
SF,IF2009,2020-05-20 09:33:51.100,3810.2000,23345,0,384225240.000,0,-,-,-,-,3809.8000,3809.6000,3808.8000,3807.4000,3807.0000,3810.6000,3810.8000,3812.0000,3812.2000,3815.0000,2,1,1,3,1,1,1,1,1,6
SF,IF2009,2020-05-20 09:33:51.600,3810.2000,23345,0,384225240.000,0,-,-,-,-,3809.8000,3809.6000,3808.8000,3807.4000,3807.0000,3810.6000,3810.8000,3812.0000,3812.2000,3815.0000,1,1,1,3,1,1,1,1,1,6
SF,IF2009,2020-05-20 09:33:52.100,3810.2000,23345,0,384225240.000,0,-,-,-,-,3809.6000,3808.8000,3807.4000,3807.0000,3806.8000,3810.6000,3810.8000,3812.0000,3812.2000,3815.0000,1,1,3,1,2,2,1,1,1,6
SF,IF2009,2020-05-20 09:33:52.600,3810.6000,23345,0,385368420.000,1,0,1,多换,S,3809.6000,3808.8000,3807.4000,3807.0000,3806.8000,3810.8000,3812.0000,3812.2000,3815.0000,3815.2000,1,1,3,1,2,1,1,1,6,1
SF,IF2009,2020-05-20 09:33:53.100,3810.6000,23345,0,385368420.000,0,-,-,-,-,3809.6000,3808.8000,3807.4000,3807.0000,3806.8000,3810.8000,3812.0000,3812.2000,3815.0000,3815.2000,2,1,3,1,2,1,1,1,6,1
SF,IF2009,2020-05-20 09:33:53.600,3810.6000,23345,0,385368420.000,0,-,-,-,-,3809.8000,3809.6000,3808.8000,3808.0000,3807.4000,3810.8000,3812.0000,3812.2000,3815.0000,3815.2000,1,2,1,1,3,1,1,1,6,1
SF,IF2009,2020-05-20 09:33:54.100,3810.6000,23345,0,385368420.000,0,-,-,-,-,3809.8000,3809.6000,3808.8000,3808.0000,3807.4000,3810.8000,3812.0000,3812.2000,3815.0000,3815.2000,2,1,1,1,3,1,1,1,6,1
SF,IF2009,2020-05-20 09:33:54.600,3810.6000,23345,0,385368420.000,0,-,-,-,-,3810.0000,3809.8000,3809.6000,3808.8000,3808.0000,3810.8000,3812.0000,3812.2000,3815.0000,3815.2000,1,2,1,1,1,1,1,1,6,1
SF,IF2009,2020-05-20 09:33:55.100,3810.6000,23345,0,385368420.000,0,-,-,-,-,3810.0000,3809.8000,3809.6000,3808.8000,3808.0000,3810.8000,3812.0000,3812.2000,3815.0000,3815.2000,2,1,1,1,1,1,1,1,6,1
SF,IF2009,2020-05-20 09:33:56.100,3810.6000,23345,0,385368420.000,0,-,-,-,-,3810.0000,3809.8000,3809.6000,3808.8000,3808.0000,3810.8000,3811.0000,3812.0000,3812.2000,3815.0000,2,1,1,1,1,1,2,1,1,6
SF,IF2009,2020-05-20 09:33:57.600,3810.6000,23345,0,385368420.000,0,-,-,-,-,3810.0000,3809.8000,3809.6000,3808.8000,3808.0000,3810.8000,3811.0000,3812.0000,3812.2000,3815.0000,2,1,1,1,1,1,2,1,1,6
SF,IF2009,2020-05-20 09:33:58.100,3810.6000,23345,0,385368420.000,0,-,-,-,-,3810.0000,3809.8000,3809.6000,3808.8000,3808.0000,3810.8000,3811.0000,3812.0000,3812.2000,3815.0000,1,1,1,1,1,1,2,1,1,6
SF,IF2009,2020-05-20 09:33:58.600,3810.6000,23345,0,385368420.000,0,-,-,-,-,3810.0000,3809.8000,3809.6000,3808.8000,3808.0000,3810.8000,3811.0000,3812.0000,3812.2000,3815.0000,1,1,1,1,1,2,2,1,1,6
SF,IF2009,2020-05-20 09:33:59.100,3810.6000,23345,0,385368420.000,0,-,-,-,-,3810.0000,3809.6000,3808.8000,3808.0000,3807.4000,3810.8000,3811.0000,3812.0000,3812.2000,3815.0000,1,1,1,1,3,2,2,1,1,6
SF,IF2009,2020-05-20 09:33:59.600,3810.6000,23345,0,385368420.000,0,-,-,-,-,3810.0000,3809.6000,3808.8000,3808.0000,3807.4000,3810.8000,3811.0000,3812.0000,3812.2000,3815.0000,2,1,1,1,3,2,2,1,1,6
SF,IF2009,2020-05-20 09:34:00.100,3810.8000,23346,1,386511660.000,1,1,0,双开,S,3810.0000,3809.6000,3808.8000,3808.0000,3807.4000,3811.0000,3812.0000,3812.2000,3815.0000,3815.2000,2,1,1,1,3,2,1,1,6,1
SF,IF2009,2020-05-20 09:34:00.600,3810.8000,23346,0,386511660.000,0,-,-,-,-,3810.0000,3809.8000,3809.6000,3808.8000,3808.0000,3811.0000,3812.0000,3812.2000,3815.0000,3815.2000,1,2,1,1,1,2,1,1,6,1
SF,IF2009,2020-05-20 09:34:01.100,3810.8000,23346,0,386511660.000,0,-,-,-,-,3810.2000,3809.8000,3809.6000,3808.0000,3807.4000,3810.8000,3811.0000,3812.0000,3812.2000,3815.0000,1,2,1,1,3,4,2,1,1,6
SF,IF2009,2020-05-20 09:34:01.600,3810.8000,23346,0,386511660.000,0,-,-,-,-,3810.2000,3809.8000,3809.6000,3808.0000,3807.4000,3810.6000,3810.8000,3811.0000,3812.0000,3812.2000,1,2,1,1,3,1,2,2,1,1
SF,IF2009,2020-05-20 09:34:02.100,3810.8000,23346,0,386511660.000,0,-,-,-,-,3810.2000,3809.8000,3809.6000,3808.0000,3807.4000,3810.6000,3810.8000,3811.0000,3812.0000,3812.2000,1,2,1,1,3,1,1,2,1,1
SF,IF2009,2020-05-20 09:34:02.600,3810.2000,23347,1,387654720.000,1,1,0,双开,S,3809.8000,3809.6000,3808.0000,3807.4000,3807.0000,3810.2000,3810.6000,3810.8000,3811.0000,3812.0000,2,1,1,3,1,1,1,1,2,1
SF,IF2009,2020-05-20 09:34:03.100,3810.2000,23347,0,387654720.000,0,-,-,-,-,3809.8000,3809.6000,3808.0000,3807.4000,3807.0000,3810.6000,3810.8000,3811.0000,3812.0000,3812.2000,2,1,1,3,1,1,1,2,1,1
SF,IF2009,2020-05-20 09:34:03.600,3810.2000,23347,0,387654720.000,0,-,-,-,-,3810.2000,3810.0000,3809.8000,3809.6000,3808.0000,3810.8000,3811.0000,3812.0000,3812.2000,3815.0000,1,1,2,1,1,1,2,1,1,6
SF,IF2009,2020-05-20 09:34:04.100,3810.2000,23347,0,387654720.000,0,-,-,-,-,3810.2000,3810.0000,3809.8000,3809.6000,3808.0000,3811.0000,3812.0000,3812.2000,3815.0000,3815.2000,1,1,2,1,1,2,1,1,6,1
SF,IF2009,2020-05-20 09:34:04.600,3810.2000,23347,0,387654720.000,0,-,-,-,-,3810.2000,3809.8000,3809.6000,3808.0000,3807.4000,3811.0000,3812.0000,3812.2000,3815.0000,3815.2000,2,2,1,1,3,2,1,1,6,1
SF,IF2009,2020-05-20 09:34:05.100,3810.2000,23347,0,387654720.000,0,-,-,-,-,3810.4000,3810.2000,3809.8000,3809.6000,3808.0000,3811.0000,3812.0000,3812.2000,3815.0000,3815.2000,1,2,2,1,1,2,1,1,6,1
SF,IF2009,2020-05-20 09:34:06.100,3810.2000,23347,0,387654720.000,0,-,-,-,-,3810.4000,3810.2000,3809.8000,3809.6000,3808.0000,3811.0000,3812.0000,3812.2000,3815.0000,3815.2000,1,2,2,1,1,2,1,1,6,1
SF,IF2009,2020-05-20 09:34:06.600,3810.2000,23348,1,388797780.000,1,1,0,双开,S,3810.2000,3809.8000,3809.6000,3808.0000,3807.4000,3811.0000,3812.0000,3812.2000,3815.0000,3815.2000,1,2,1,1,3,2,1,1,6,1
SF,IF2009,2020-05-20 09:34:07.100,3811.0000,23347,-1,389941080.000,1,0,1,双平,S,3810.2000,3809.8000,3809.6000,3808.0000,3807.4000,3811.0000,3812.0000,3812.2000,3815.0000,3815.2000,1,2,1,1,3,1,1,1,6,1
SF,IF2009,2020-05-20 09:34:07.600,3811.0000,23346,-1,391084380.000,1,0,1,双平,S,3811.2000,3811.0000,3810.4000,3810.2000,3809.8000,3812.0000,3812.2000,3815.0000,3815.2000,3817.2000,1,3,1,1,2,1,1,1,1,1
SF,IF2009,2020-05-20 09:34:08.100,3812.2000,23345,-1,393371640.000,2,0,2,多平,S,3811.2000,3811.0000,3810.4000,3809.8000,3809.6000,3815.0000,3815.2000,3817.2000,3817.6000,3818.6000,2,2,3,2,1,1,1,1,1,1
SF,IF2009,2020-05-20 09:34:08.600,3811.4000,23342,-3,399089220.000,5,1,4,多平,S,3811.4000,3811.2000,3811.0000,3810.4000,3809.8000,3813.0000,3813.2000,3813.4000,3814.2000,3814.4000,3,2,1,2,2,5,5,1,3,2
SF,IF2009,2020-05-20 09:34:09.100,3813.0000,23341,-1,400233120.000,1,0,1,双平,S,3811.6000,3811.4000,3811.2000,3811.0000,3810.4000,3814.8000,3815.0000,3815.2000,3817.2000,3817.6000,4,7,2,1,2,3,1,1,1,1
SF,IF2009,2020-05-20 09:34:09.600,3813.0000,23341,0,400233120.000,0,-,-,-,-,3811.8000,3811.6000,3811.4000,3811.2000,3811.0000,3814.6000,3814.8000,3815.0000,3815.2000,3817.2000,9,2,7,1,1,1,1,1,1,1
SF,IF2009,2020-05-20 09:34:10.100,3813.0000,23341,0,400233120.000,0,-,-,-,-,3812.0000,3811.8000,3811.6000,3811.4000,3811.2000,3814.4000,3814.6000,3815.0000,3815.2000,3817.2000,1,7,1,6,1,1,1,1,1,1
SF,IF2009,2020-05-20 09:34:10.600,3813.0000,23341,0,400233120.000,0,-,-,-,-,3812.4000,3812.2000,3812.0000,3811.8000,3811.6000,3814.4000,3814.6000,3815.0000,3815.2000,3817.2000,1,5,2,4,1,1,1,1,1,1
SF,IF2009,2020-05-20 09:34:11.100,3813.0000,23341,0,400233120.000,0,-,-,-,-,3812.6000,3812.4000,3812.2000,3812.0000,3811.8000,3814.2000,3814.6000,3815.0000,3815.2000,3817.2000,4,2,3,1,3,1,1,1,1,1
SF,IF2009,2020-05-20 09:34:11.600,3813.0000,23341,0,400233120.000,0,-,-,-,-,3812.8000,3812.6000,3812.4000,3812.0000,3811.8000,3815.0000,3815.2000,3817.2000,3817.6000,3818.6000,1,8,1,1,3,1,1,1,1,1
SF,IF2009,2020-05-20 09:34:12.100,3813.0000,23341,0,400233120.000,0,-,-,-,-,3813.0000,3812.8000,3812.6000,3812.0000,3811.8000,3814.8000,3815.0000,3815.2000,3817.2000,3817.6000,4,1,2,1,2,1,1,1,1,1
SF,IF2009,2020-05-20 09:34:12.600,3813.0000,23341,0,400233120.000,0,-,-,-,-,3813.2000,3813.0000,3812.6000,3811.8000,3811.4000,3814.6000,3815.0000,3815.2000,3817.2000,3817.6000,3,4,2,2,4,1,1,1,1,1
SF,IF2009,2020-05-20 09:34:13.100,3813.0000,23341,0,400233120.000,0,-,-,-,-,3813.4000,3813.2000,3813.0000,3812.6000,3811.8000,3815.0000,3815.2000,3817.2000,3817.6000,3818.6000,3,2,2,2,2,1,1,1,1,1
SF,IF2009,2020-05-20 09:34:13.600,3813.0000,23341,0,400233120.000,0,-,-,-,-,3813.4000,3813.0000,3812.6000,3811.8000,3811.4000,3814.8000,3815.0000,3815.2000,3817.2000,3817.6000,4,2,2,2,4,2,1,1,1,1
SF,IF2009,2020-05-20 09:34:14.100,3813.0000,23341,0,400233120.000,0,-,-,-,-,3813.6000,3813.4000,3813.0000,3812.6000,3811.8000,3814.8000,3815.0000,3815.2000,3817.2000,3817.6000,2,2,1,2,2,1,1,1,1,1
SF,IF2009,2020-05-20 09:34:14.600,3813.0000,23341,0,400233120.000,0,-,-,-,-,3813.8000,3813.6000,3813.4000,3813.0000,3812.6000,3815.0000,3815.2000,3817.2000,3817.6000,3818.6000,5,3,1,1,1,1,1,1,1,1
SF,IF2009,2020-05-20 09:34:15.100,3813.0000,23341,0,400233120.000,0,-,-,-,-,3814.8000,3814.0000,3813.8000,3813.6000,3813.4000,3815.0000,3815.2000,3817.2000,3817.6000,3818.6000,3,1,3,1,1,1,1,1,1,1
SF,IF2009,2020-05-20 09:34:15.600,3814.8000,23340,-1,401377560.000,1,0,1,双平,S,3814.8000,3814.0000,3813.8000,3812.6000,3811.8000,3815.0000,3815.2000,3817.2000,3817.6000,3818.6000,2,1,2,1,2,1,1,1,1,1
SF,IF2009,2020-05-20 09:34:16.100,3814.8000,23336,-4,405955320.000,4,0,4,双平,S,3814.0000,3813.8000,3812.6000,3811.8000,3811.4000,3814.8000,3815.0000,3815.2000,3817.2000,3817.6000,1,2,1,2,4,1,1,1,1,1
SF,IF2009,2020-05-20 09:34:16.600,3814.8000,23336,0,405955320.000,0,-,-,-,-,3813.8000,3812.6000,3811.8000,3811.4000,3811.2000,3815.0000,3815.2000,3817.2000,3817.6000,3818.0000,2,1,2,4,1,1,1,1,1,1
SF,IF2009,2020-05-20 09:34:17.100,3814.8000,23336,0,405955320.000,0,-,-,-,-,3814.0000,3813.8000,3812.6000,3811.8000,3811.4000,3815.0000,3815.2000,3817.2000,3817.6000,3818.0000,2,1,1,2,4,1,1,1,1,1
SF,IF2009,2020-05-20 09:34:17.600,3814.8000,23336,0,405955320.000,0,-,-,-,-,3814.0000,3813.8000,3812.6000,3811.8000,3811.4000,3815.0000,3815.2000,3817.2000,3817.6000,3818.0000,2,1,1,2,4,2,1,1,1,1
SF,IF2009,2020-05-20 09:34:18.100,3814.8000,23336,0,405955320.000,0,-,-,-,-,3813.8000,3812.6000,3811.8000,3811.4000,3811.2000,3814.8000,3815.0000,3815.2000,3817.2000,3817.6000,1,1,2,4,1,1,2,1,1,1
SF,IF2009,2020-05-20 09:34:18.600,3814.8000,23336,0,405955320.000,0,-,-,-,-,3814.2000,3814.0000,3813.8000,3812.6000,3811.8000,3815.0000,3815.2000,3817.2000,3817.6000,3818.0000,2,2,1,1,2,1,1,1,1,1
SF,IF2009,2020-05-20 09:34:19.100,3815.0000,23335,-1,407099820.000,1,0,1,双平,S,3814.4000,3814.2000,3812.6000,3811.8000,3811.4000,3815.2000,3817.2000,3817.6000,3818.0000,3818.6000,1,2,1,2,4,1,1,1,1,1
SF,IF2009,2020-05-20 09:34:19.600,3815.2000,23334,-1,408244380.000,1,0,1,双平,S,3815.2000,3814.8000,3814.6000,3814.4000,3814.2000,3817.2000,3817.6000,3818.0000,3818.2000,3818.6000,1,4,2,2,1,1,1,1,1,1
SF,IF2009,2020-05-20 09:34:20.100,3815.2000,23333,-1,409388940.000,1,0,1,双平,S,3815.0000,3814.6000,3812.6000,3811.8000,3811.4000,3816.2000,3816.4000,3817.0000,3817.2000,3817.6000,1,1,1,2,4,4,1,4,1,1
SF,IF2009,2020-05-20 09:34:20.600,3815.0000,23333,0,411677940.000,2,1,1,多换,S,3812.6000,3811.8000,3811.4000,3811.0000,3810.4000,3815.0000,3816.0000,3816.2000,3816.8000,3817.0000,1,2,4,1,1,3,9,4,1,3
SF,IF2009,2020-05-20 09:34:21.100,3815.0000,23334,1,412822440.000,1,1,0,双开,S,3813.8000,3813.6000,3813.4000,3813.0000,3812.8000,3814.8000,3815.0000,3815.8000,3816.0000,3816.2000,2,2,1,2,8,2,1,5,8,1
SF,IF2009,2020-05-20 09:34:21.600,3815.0000,23334,0,412822440.000,0,-,-,-,-,3813.4000,3812.8000,3812.6000,3812.4000,3811.4000,3814.6000,3814.8000,3815.0000,3815.8000,3816.0000,1,4,2,2,4,1,2,1,5,2
SF,IF2009,2020-05-20 09:34:22.100,3815.0000,23334,0,412822440.000,0,-,-,-,-,3812.8000,3812.6000,3811.4000,3811.0000,3810.4000,3814.4000,3814.6000,3815.0000,3816.0000,3816.8000,1,1,4,1,1,1,2,1,2,1
SF,IF2009,2020-05-20 09:34:22.600,3815.0000,23334,0,412822440.000,0,-,-,-,-,3813.0000,3811.4000,3811.0000,3810.4000,3809.8000,3814.6000,3815.0000,3816.0000,3816.8000,3817.0000,2,4,1,1,2,1,1,2,1,2
SF,IF2009,2020-05-20 09:34:23.100,3815.0000,23334,0,412822440.000,0,-,-,-,-,3814.6000,3813.2000,3813.0000,3811.4000,3811.0000,3815.0000,3816.0000,3816.8000,3817.0000,3817.2000,1,1,3,4,1,1,1,1,2,1
SF,IF2009,2020-05-20 09:34:23.600,3814.6000,23333,-1,413966820.000,1,0,1,双平,S,3813.2000,3813.0000,3811.4000,3811.0000,3810.4000,3814.6000,3814.8000,3815.0000,3816.0000,3816.8000,2,1,4,1,1,2,2,1,1,1
SF,IF2009,2020-05-20 09:34:24.100,3815.0000,23331,-2,417400200.000,3,0,3,多平,S,3813.4000,3813.2000,3811.4000,3811.0000,3810.4000,3816.0000,3816.8000,3817.0000,3817.2000,3817.6000,4,4,4,1,1,1,1,2,1,1
SF,IF2009,2020-05-20 09:34:24.600,3815.0000,23331,0,417400200.000,0,-,-,-,-,3813.8000,3813.6000,3813.4000,3813.2000,3812.0000,3815.8000,3816.0000,3816.8000,3817.0000,3817.2000,1,3,3,3,2,1,2,1,4,1
SF,IF2009,2020-05-20 09:34:25.100,3815.0000,23331,0,417400200.000,0,-,-,-,-,3814.0000,3813.8000,3813.6000,3813.4000,3813.2000,3815.6000,3815.8000,3816.0000,3816.8000,3817.0000,4,2,1,2,2,1,1,2,1,4
