市场代码,合约代码,时间,最新,持仓,增仓,成交额,成交量,开仓,平仓,成交类型,方向,买一价,买二价,买三价,买四价,买五价,卖一价,卖二价,卖三价,卖四价,卖五价,买一量,买二量,买三量,买四量,买五量,卖一量,卖二量,卖三量,卖四量,卖五量
SF,IF2007,2020-06-12 09:29:00.200,3900.0000,25191,0,72540000.000,62.000,-,-,-,-,3890.0000,3880.0000,3876.0000,3875.0000,3870.0000,3900.0000,3901.2000,3910.0000,3912.0000,3912.2000,2,2,1,9,2,4,3,2,1,1
SF,IF2007,2020-06-12 09:30:00.200,3868.0000,25204,13,102750900.000,26,19,7,空开,S,3866.0000,3861.2000,3860.0000,3857.0000,3856.4000,3868.0000,3869.2000,3870.6000,3871.2000,3873.4000,6,3,4,1,1,7,1,2,1,1
SF,IF2007,2020-06-12 09:30:00.700,3863.2000,25191,-13,128249520.000,22,4,18,多平,S,3856.4000,3856.0000,3853.0000,3851.0000,3850.4000,3865.0000,3865.8000,3866.0000,3866.2000,3867.8000,1,1,3,2,1,2,2,6,4,7
SF,IF2007,2020-06-12 09:30:01.200,3861.2000,25187,-4,136354380.000,7,1,6,多平,S,3856.6000,3856.4000,3856.0000,3853.0000,3851.0000,3863.6000,3864.0000,3864.6000,3864.8000,3865.0000,2,1,1,3,2,1,1,2,1,2
SF,IF2007,2020-06-12 09:30:01.700,3859.0000,25180,-7,151399620.000,13,3,10,多平,S,3856.0000,3853.0000,3851.0000,3850.0000,3848.8000,3856.6000,3859.0000,3860.0000,3861.0000,3862.8000,1,3,2,3,1,4,1,2,4,1
SF,IF2007,2020-06-12 09:30:02.200,3856.6000,25175,-5,160655460.000,8,1,7,多平,S,3856.0000,3853.0000,3851.0000,3850.0000,3848.8000,3856.6000,3861.8000,3863.2000,3865.0000,3866.0000,3,3,2,3,1,4,3,2,2,6
SF,IF2007,2020-06-12 09:30:02.700,3861.8000,25172,-3,175698420.000,13,5,8,多平,S,3853.0000,3851.0000,3850.0000,3848.8000,3840.2000,3861.8000,3863.2000,3865.0000,3866.0000,3866.2000,3,2,3,1,3,1,2,2,6,3
SF,IF2007,2020-06-12 09:30:03.200,3860.8000,25171,-1,181484580.000,5,2,3,多平,S,3856.4000,3855.6000,3854.6000,3854.0000,3853.6000,3861.0000,3861.4000,3861.6000,3861.8000,3863.2000,2,1,1,2,1,1,2,4,1,1
SF,IF2007,2020-06-12 09:30:03.700,3856.6000,25171,0,187270920.000,5,2,3,多换,S,3856.6000,3855.6000,3853.4000,3853.2000,3853.0000,3860.2000,3860.6000,3860.8000,3861.0000,3861.4000,1,1,1,1,3,1,2,3,5,1
SF,IF2007,2020-06-12 09:30:04.200,3860.0000,25165,-6,202316040.000,13,3,10,多平,S,3856.8000,3856.6000,3855.6000,3854.0000,3853.4000,3859.8000,3860.0000,3860.2000,3860.6000,3860.8000,2,1,1,2,1,1,2,2,3,1
SF,IF2007,2020-06-12 09:30:04.700,3857.0000,25163,-2,210417240.000,7,2,5,多平,S,3853.4000,3853.2000,3853.0000,3851.0000,3850.0000,3856.4000,3856.8000,3858.8000,3859.6000,3859.8000,1,1,3,2,4,2,12,1,5,2
SF,IF2007,2020-06-12 09:30:05.200,3856.4000,25160,-3,215044920.000,4,0,4,多平,S,3854.4000,3853.6000,3853.2000,3853.0000,3851.0000,3856.6000,3856.8000,3858.8000,3859.6000,3859.8000,2,2,1,3,2,1,13,1,6,1
SF,IF2007,2020-06-12 09:30:05.700,3856.8000,25157,-3,218515980.000,3,0,3,双平,S,3855.6000,3854.6000,3854.4000,3854.0000,3853.2000,3856.8000,3858.8000,3859.4000,3859.6000,3859.8000,1,2,2,1,1,11,1,1,6,1
SF,IF2007,2020-06-12 09:30:06.200,3856.8000,25153,-4,224301180.000,5,0,5,多平,S,3855.8000,3855.6000,3854.8000,3854.6000,3854.4000,3856.8000,3858.8000,3859.4000,3859.6000,3859.8000,2,1,1,1,2,7,1,1,6,1
SF,IF2007,2020-06-12 09:30:06.700,3856.6000,25149,-4,231242760.000,6,1,5,多平,S,3856.6000,3856.4000,3854.8000,3854.6000,3854.4000,3856.8000,3859.4000,3859.6000,3859.8000,3861.0000,5,1,1,1,2,4,1,6,1,5
SF,IF2007,2020-06-12 09:30:07.200,3856.8000,25144,-5,242812860.000,10,2,8,多平,S,3856.6000,3856.4000,3854.8000,3854.4000,3853.2000,3856.8000,3859.4000,3859.6000,3859.8000,3861.0000,2,1,1,2,1,1,1,6,2,5
SF,IF2007,2020-06-12 09:30:07.700,3856.0000,25142,-2,250911660.000,7,2,5,多平,S,3854.4000,3853.2000,3853.0000,3851.0000,3850.0000,3855.6000,3856.8000,3859.4000,3859.6000,3859.8000,2,1,3,2,4,1,1,1,6,1
SF,IF2007,2020-06-12 09:30:08.200,3856.6000,25141,-1,253225320.000,2,0,2,多平,S,3854.6000,3853.2000,3853.0000,3851.0000,3850.0000,3856.8000,3859.4000,3859.6000,3859.8000,3861.0000,1,1,3,2,4,1,1,3,1,5
SF,IF2007,2020-06-12 09:30:08.700,3855.6000,25141,0,254382000.000,1,0,1,多换,S,3855.4000,3854.8000,3854.6000,3853.8000,3853.2000,3856.4000,3856.6000,3856.8000,3859.4000,3859.6000,2,1,1,1,1,21,2,1,1,3
SF,IF2007,2020-06-12 09:30:09.200,3854.8000,25141,0,259007880.000,4,2,2,多换,S,3853.8000,3853.2000,3853.0000,3851.0000,3850.0000,3856.2000,3856.4000,3856.6000,3856.8000,3859.4000,1,1,3,2,4,1,21,3,1,1
SF,IF2007,2020-06-12 09:30:09.700,3856.4000,25141,0,261321720.000,2,1,1,多换,S,3856.2000,3855.4000,3855.2000,3854.0000,3853.8000,3856.4000,3856.6000,3856.8000,3859.4000,3859.6000,1,2,2,1,1,23,4,1,1,1
SF,IF2007,2020-06-12 09:30:10.200,3856.4000,25139,-2,278674860.000,15,6,9,多平,S,3854.4000,3854.0000,3853.8000,3853.2000,3853.0000,3856.4000,3856.6000,3856.8000,3859.4000,3859.6000,1,1,1,1,3,13,4,1,1,1
SF,IF2007,2020-06-12 09:30:10.700,3854.6000,25146,7,297183120.000,16,11,5,空开,S,3854.6000,3854.4000,3853.8000,3853.2000,3853.0000,3856.4000,3856.6000,3856.8000,3859.4000,3859.6000,1,1,1,1,3,4,4,1,1,1
SF,IF2007,2020-06-12 09:30:11.200,3854.4000,25147,1,302965620.000,5,3,2,空开,S,3853.8000,3853.2000,3853.0000,3851.0000,3850.0000,3854.4000,3854.6000,3856.4000,3856.6000,3856.8000,1,1,3,2,4,1,1,3,5,1
SF,IF2007,2020-06-12 09:30:11.700,3856.0000,25148,1,308748900.000,5,3,2,空开,S,3854.2000,3853.8000,3853.2000,3853.0000,3851.0000,3856.4000,3856.6000,3856.8000,3859.4000,3859.6000,2,1,1,3,2,2,5,1,1,1
SF,IF2007,2020-06-12 09:30:12.200,3853.8000,25149,1,312217320.000,3,2,1,空开,S,3853.2000,3853.0000,3851.0000,3850.6000,3850.0000,3853.8000,3856.2000,3856.4000,3856.6000,3856.8000,1,3,2,1,4,6,2,2,5,1
SF,IF2007,2020-06-12 09:30:12.700,3856.2000,25148,-1,322623120.000,9,4,5,多平,S,3854.4000,3854.2000,3853.8000,3853.0000,3851.0000,3856.2000,3856.4000,3856.6000,3856.8000,3859.6000,3,1,1,3,2,1,2,5,1,1
SF,IF2007,2020-06-12 09:30:13.200,3854.4000,25146,-2,324935760.000,2,0,2,双平,S,3854.6000,3854.4000,3854.2000,3853.8000,3853.0000,3856.2000,3856.4000,3856.6000,3856.8000,3859.6000,1,2,2,1,3,1,2,5,1,1
SF,IF2007,2020-06-12 09:30:13.700,3854.4000,25145,-1,328404720.000,3,1,2,多平,S,3854.4000,3854.2000,3853.8000,3853.0000,3851.0000,3856.0000,3856.2000,3856.4000,3856.6000,3856.8000,1,2,1,3,2,1,1,2,5,1
SF,IF2007,2020-06-12 09:30:14.200,3854.4000,25145,0,328404720.000,0,-,-,-,-,3855.0000,3854.4000,3854.2000,3853.8000,3853.0000,3855.8000,3856.0000,3856.4000,3856.6000,3856.8000,1,2,2,1,3,1,1,2,5,1
SF,IF2007,2020-06-12 09:30:14.700,3854.4000,25144,-1,330717480.000,2,0,2,多平,S,3854.4000,3854.2000,3853.8000,3853.0000,3851.8000,3855.0000,3855.8000,3856.0000,3856.4000,3856.6000,1,2,5,3,1,4,1,2,2,5
SF,IF2007,2020-06-12 09:30:15.200,3854.4000,25144,0,331873800.000,1,0,1,多换,S,3854.6000,3854.4000,3854.2000,3853.8000,3853.0000,3855.0000,3856.0000,3856.4000,3856.6000,3856.8000,1,1,2,5,3,4,2,2,4,1
SF,IF2007,2020-06-12 09:30:15.700,3855.0000,25139,-5,338812500.000,6,0,6,多平,S,3854.2000,3854.0000,3853.8000,3853.2000,3853.0000,3856.0000,3856.4000,3856.6000,3856.8000,3859.6000,2,1,5,2,3,2,2,4,1,1
SF,IF2007,2020-06-12 09:30:16.200,3855.8000,25139,0,341125560.000,2,1,1,多换,S,3855.0000,3854.2000,3854.0000,3853.8000,3853.2000,3856.0000,3856.4000,3856.6000,3856.8000,3859.6000,1,2,1,5,2,2,2,4,1,1
SF,IF2007,2020-06-12 09:30:16.700,3856.0000,25139,0,343439160.000,2,1,1,多换,S,3855.2000,3855.0000,3854.2000,3854.0000,3853.8000,3856.4000,3856.6000,3856.8000,3859.6000,3859.8000,1,2,2,1,5,2,3,1,1,1
SF,IF2007,2020-06-12 09:30:17.200,3855.2000,25138,-1,345752280.000,2,0,2,多平,S,3856.0000,3855.0000,3854.2000,3854.0000,3853.8000,3856.4000,3856.6000,3856.8000,3859.6000,3859.8000,1,2,2,1,5,2,3,1,1,1
SF,IF2007,2020-06-12 09:30:17.700,3855.8000,25135,-3,351535560.000,5,1,4,多平,S,3855.0000,3854.2000,3854.0000,3853.8000,3853.2000,3855.8000,3856.0000,3856.2000,3856.4000,3856.6000,2,2,1,5,2,1,1,1,2,3
SF,IF2007,2020-06-12 09:30:18.200,3855.6000,25135,0,355005240.000,3,1,2,多换,S,3854.2000,3854.0000,3853.8000,3853.2000,3853.0000,3855.8000,3856.0000,3856.4000,3856.6000,3856.8000,2,1,5,2,3,1,1,2,3,1
SF,IF2007,2020-06-12 09:30:18.700,3855.6000,25131,-4,359631300.000,4,0,4,双平,S,3854.2000,3854.0000,3853.8000,3853.2000,3853.0000,3856.0000,3856.4000,3856.6000,3856.8000,3859.6000,1,2,5,2,3,1,2,3,1,1
SF,IF2007,2020-06-12 09:30:19.200,3854.2000,25130,-1,360787560.000,1,0,1,双平,S,3854.4000,3854.2000,3854.0000,3853.8000,3853.2000,3856.4000,3856.6000,3856.8000,3859.6000,3861.0000,1,1,2,5,2,2,3,1,1,1
SF,IF2007,2020-06-12 09:30:19.700,3854.2000,25130,0,360787560.000,0,-,-,-,-,3854.4000,3854.2000,3854.0000,3853.8000,3853.2000,3855.6000,3856.2000,3856.4000,3856.6000,3856.8000,1,2,3,5,2,1,2,2,3,1
SF,IF2007,2020-06-12 09:30:20.200,3855.6000,25129,-1,361944240.000,1,0,1,双平,S,3854.6000,3854.4000,3854.2000,3854.0000,3853.8000,3855.0000,3856.0000,3856.2000,3856.4000,3856.6000,1,1,2,3,5,1,1,2,2,3
SF,IF2007,2020-06-12 09:30:20.700,3856.4000,25127,-2,367728360.000,5,1,4,多平,S,3855.0000,3854.6000,3854.4000,3854.2000,3854.0000,3856.6000,3856.8000,3859.6000,3861.0000,3866.0000,1,1,1,2,4,3,1,1,1,5
SF,IF2007,2020-06-12 09:30:21.200,3856.2000,25123,-4,374669100.000,6,1,5,多平,S,3855.8000,3855.6000,3854.4000,3854.2000,3854.0000,3856.4000,3856.8000,3859.6000,3861.0000,3864.4000,1,1,1,2,4,2,1,1,1,1
SF,IF2007,2020-06-12 09:30:21.700,3855.6000,25121,-2,379296360.000,4,1,3,多平,S,3854.4000,3854.2000,3854.0000,3853.8000,3853.2000,3854.6000,3856.8000,3859.6000,3861.0000,3864.4000,1,2,4,5,2,17,1,1,1,1
SF,IF2007,2020-06-12 09:30:22.200,3854.6000,25121,0,400111200.000,18,9,9,多换,S,3856.4000,3855.6000,3854.8000,3854.6000,3854.4000,3856.8000,3859.6000,3861.0000,3864.4000,3866.0000,13,1,7,1,1,1,1,1,1,5
SF,IF2007,2020-06-12 09:30:22.700,3856.4000,25121,0,405895920.000,5,2,3,多换,S,3856.4000,3856.0000,3855.6000,3854.8000,3854.4000,3859.6000,3861.0000,3864.4000,3866.0000,3868.0000,11,1,1,6,2,1,1,1,5,1
SF,IF2007,2020-06-12 09:30:23.200,3856.4000,25122,1,408209760.000,2,1,1,空开,S,3856.4000,3856.0000,3855.6000,3854.4000,3854.2000,3858.8000,3859.4000,3859.6000,3861.0000,3864.4000,10,1,1,2,2,1,2,3,1,1
SF,IF2007,2020-06-12 09:30:23.700,3856.4000,25122,0,408209760.000,0,-,-,-,-,3856.8000,3856.6000,3856.4000,3856.0000,3855.8000,3858.4000,3858.6000,3859.4000,3859.6000,3861.0000,1,1,10,1,1,1,1,1,3,1
SF,IF2007,2020-06-12 09:30:24.200,3858.4000,25120,-2,410524740.000,2,0,2,双平,S,3858.8000,3857.0000,3856.8000,3856.6000,3856.4000,3864.4000,3866.0000,3868.0000,3870.0000,3875.0000,4,1,1,1,10,1,5,1,6,9
SF,IF2007,2020-06-12 09:30:24.700,3858.8000,25115,-5,417470460.000,6,0,6,多平,S,3856.8000,3856.4000,3856.0000,3855.8000,3855.6000,3858.0000,3858.4000,3858.6000,3859.8000,3860.0000,1,10,1,1,2,1,1,1,1,2
SF,IF2007,2020-06-12 09:30:25.200,3856.4000,25111,-4,425570580.000,7,1,6,多平,S,3857.2000,3856.4000,3856.0000,3855.6000,3854.4000,3861.0000,3862.4000,3863.4000,3864.0000,3864.2000,1,8,1,2,2,5,3,3,4,2
SF,IF2007,2020-06-12 09:30:25.700,3859.2000,25111,0,426728340.000,1,0,1,多换,S,3857.4000,3857.2000,3856.4000,3856.0000,3855.6000,3860.6000,3860.8000,3861.0000,3862.4000,3863.4000,3,1,8,1,2,2,3,5,3,3
SF,IF2007,2020-06-12 09:30:26.200,3860.4000,25110,-1,429043680.000,2,0,2,多平,S,3857.4000,3857.2000,3856.4000,3856.0000,3855.6000,3860.4000,3861.0000,3862.4000,3863.4000,3864.0000,2,1,8,1,2,3,2,3,3,2
SF,IF2007,2020-06-12 09:30:26.700,3857.4000,25109,-1,430200900.000,1,0,1,双平,S,3857.2000,3856.4000,3856.0000,3855.6000,3854.4000,3860.2000,3860.4000,3861.0000,3862.4000,3863.4000,1,8,1,2,2,1,3,2,3,3
SF,IF2007,2020-06-12 09:30:27.200,3860.0000,25107,-2,432516900.000,2,0,2,双平,S,3857.4000,3857.2000,3856.4000,3856.0000,3855.8000,3860.2000,3860.4000,3861.0000,3862.4000,3863.4000,1,1,8,1,1,1,1,2,3,3
SF,IF2007,2020-06-12 09:30:27.700,3860.0000,25107,0,432516900.000,0,-,-,-,-,3857.6000,3857.2000,3857.0000,3856.4000,3856.0000,3860.2000,3862.4000,3863.4000,3864.0000,3864.4000,1,1,2,8,1,1,3,3,2,1
SF,IF2007,2020-06-12 09:30:28.200,3860.0000,25106,-1,433674900.000,1,0,1,双平,S,3858.8000,3857.6000,3857.2000,3856.4000,3856.0000,3860.2000,3862.4000,3863.4000,3864.0000,3864.4000,1,1,1,8,1,1,3,3,2,1
SF,IF2007,2020-06-12 09:30:28.700,3857.8000,25106,0,435989880.000,2,1,1,多换,S,3857.6000,3857.2000,3856.4000,3856.0000,3855.8000,3860.0000,3862.4000,3863.4000,3864.0000,3864.4000,1,1,8,1,1,4,3,3,2,1
SF,IF2007,2020-06-12 09:30:29.200,3859.0000,25106,0,437147580.000,1,0,1,多换,S,3857.8000,3857.6000,3857.2000,3857.0000,3856.4000,3860.0000,3862.4000,3863.4000,3864.0000,3864.4000,1,2,1,1,8,3,3,3,2,1
SF,IF2007,2020-06-12 09:30:29.700,3858.0000,25105,-1,438304980.000,1,0,1,双平,S,3857.8000,3857.6000,3857.2000,3857.0000,3856.4000,3859.4000,3859.8000,3860.0000,3862.4000,3863.4000,1,1,1,1,8,1,1,3,3,3
SF,IF2007,2020-06-12 09:30:30.200,3858.0000,25104,-1,439462380.000,1,0,1,双平,S,3858.0000,3857.8000,3857.6000,3857.2000,3857.0000,3860.0000,3862.4000,3863.4000,3864.0000,3864.4000,1,1,1,1,1,2,3,3,2,1
SF,IF2007,2020-06-12 09:30:30.700,3860.0000,25106,2,441778380.000,2,2,0,双开,S,3859.4000,3858.6000,3858.2000,3857.6000,3857.2000,3859.8000,3860.0000,3862.4000,3863.4000,3864.0000,1,1,1,1,2,3,1,3,3,2
SF,IF2007,2020-06-12 09:30:31.200,3859.4000,25104,-2,444094020.000,2,0,2,双平,S,3858.6000,3858.2000,3857.6000,3857.2000,3857.0000,3859.8000,3860.0000,3862.4000,3863.4000,3864.0000,1,1,3,2,1,3,1,3,3,2
SF,IF2007,2020-06-12 09:30:31.700,3860.0000,25105,1,447567180.000,3,2,1,空开,S,3858.2000,3857.6000,3857.2000,3857.0000,3856.4000,3862.4000,3863.4000,3864.0000,3864.4000,3866.0000,1,3,2,1,8,3,3,2,1,5
SF,IF2007,2020-06-12 09:30:32.200,3858.2000,25105,0,448724640.000,1,0,1,多换,S,3857.6000,3857.2000,3857.0000,3856.4000,3856.0000,3859.4000,3862.0000,3862.2000,3862.4000,3863.4000,3,1,1,8,1,6,2,3,3,3
SF,IF2007,2020-06-12 09:30:32.700,3859.4000,25101,-4,454513740.000,5,0,5,多平,S,3859.2000,3858.0000,3857.8000,3857.6000,3857.2000,3859.4000,3862.2000,3864.0000,3864.4000,3866.0000,1,1,1,3,1,1,3,2,1,5
SF,IF2007,2020-06-12 09:30:33.200,3859.4000,25100,-1,455671560.000,1,0,1,双平,S,3859.4000,3858.0000,3857.6000,3857.2000,3857.0000,3862.2000,3864.0000,3864.4000,3866.0000,3868.0000,1,2,3,1,1,3,2,1,5,1
SF,IF2007,2020-06-12 09:30:33.700,3858.0000,25102,2,457986780.000,2,2,0,双开,S,3858.0000,3857.6000,3857.0000,3856.4000,3856.0000,3861.8000,3862.0000,3862.2000,3862.4000,3864.0000,1,3,1,8,1,1,1,2,3,2
SF,IF2007,2020-06-12 09:30:34.200,3858.0000,25102,0,460301580.000,2,1,1,多换,S,3857.6000,3857.0000,3856.4000,3856.0000,3855.6000,3858.0000,3861.6000,3864.0000,3864.4000,3866.0000,3,1,8,1,2,2,4,2,1,5
SF,IF2007,2020-06-12 09:30:34.700,3858.0000,25102,0,462616380.000,2,1,1,多换,S,3859.2000,3858.2000,3858.0000,3857.8000,3857.6000,3861.6000,3864.0000,3864.4000,3866.0000,3868.0000,1,1,2,1,3,2,2,1,5,1
SF,IF2007,2020-06-12 09:30:35.200,3856.4000,25111,9,479972400.000,15,12,3,空开,S,3855.6000,3854.4000,3854.2000,3854.0000,3853.8000,3856.0000,3861.4000,3861.6000,3864.0000,3864.4000,2,2,2,3,5,35,1,2,2,1
SF,IF2007,2020-06-12 09:30:35.700,3856.0000,25121,10,527403060.000,41,25,16,空开,S,3856.0000,3855.8000,3855.6000,3854.4000,3854.2000,3859.2000,3861.4000,3861.6000,3864.0000,3864.4000,1,1,2,2,2,1,1,2,1,1
SF,IF2007,2020-06-12 09:30:36.200,3861.6000,25120,-1,532034700.000,4,1,3,多平,S,3858.6000,3857.2000,3856.2000,3856.0000,3855.6000,3861.6000,3864.0000,3864.4000,3866.0000,3868.0000,1,1,1,1,2,1,1,1,4,1
SF,IF2007,2020-06-12 09:30:36.700,3858.6000,25121,1,535507440.000,3,2,1,空开,S,3857.2000,3856.6000,3856.4000,3856.2000,3856.0000,3859.6000,3859.8000,3861.4000,3861.6000,3864.0000,1,1,1,1,1,1,2,2,1,1
SF,IF2007,2020-06-12 09:30:37.200,3861.6000,25120,-1,540139620.000,4,1,3,多平,S,3860.0000,3858.0000,3857.8000,3857.4000,3857.2000,3864.0000,3864.4000,3866.0000,3868.0000,3870.0000,1,1,1,2,1,1,1,4,1,7
SF,IF2007,2020-06-12 09:30:37.700,3861.2000,25122,2,557503320.000,15,8,7,空开,S,3861.6000,3856.4000,3856.2000,3856.0000,3855.6000,3861.8000,3863.2000,3863.6000,3863.8000,3864.0000,6,1,2,1,2,1,3,3,3,2
SF,IF2007,2020-06-12 09:30:38.200,3861.6000,25115,-7,565612680.000,7,0,7,双平,S,3856.4000,3856.0000,3855.6000,3854.4000,3854.2000,3859.8000,3860.4000,3861.0000,3861.2000,3861.4000,1,2,2,2,2,1,1,1,3,1
SF,IF2007,2020-06-12 09:30:38.700,3859.6000,25118,3,574871700.000,8,5,3,空开,S,3857.8000,3857.4000,3857.2000,3857.0000,3856.6000,3860.0000,3860.2000,3860.4000,3860.6000,3860.8000,1,1,3,1,1,1,2,1,1,1
SF,IF2007,2020-06-12 09:30:39.200,3860.4000,25116,-2,580661940.000,5,1,4,多平,S,3858.0000,3857.8000,3857.4000,3857.2000,3856.0000,3860.6000,3860.8000,3861.0000,3861.2000,3863.4000,1,1,1,5,2,1,1,1,1,1
SF,IF2007,2020-06-12 09:30:39.700,3860.4000,25116,0,580661940.000,0,-,-,-,-,3858.2000,3858.0000,3857.4000,3857.2000,3856.0000,3860.4000,3860.6000,3860.8000,3861.0000,3861.2000,1,1,1,2,2,1,1,1,1,1
SF,IF2007,2020-06-12 09:30:40.200,3860.2000,25117,1,588764400.000,7,4,3,空开,S,3858.6000,3858.4000,3856.6000,3856.2000,3856.0000,3860.4000,3860.6000,3861.0000,3861.2000,3864.4000,1,1,1,1,2,1,1,1,1,1
SF,IF2007,2020-06-12 09:30:40.700,3860.2000,25117,0,588764400.000,0,-,-,-,-,3860.0000,3858.8000,3858.6000,3858.4000,3856.6000,3860.4000,3860.6000,3861.0000,3861.2000,3864.4000,1,1,1,1,1,1,1,1,1,1
SF,IF2007,2020-06-12 09:30:41.200,3860.4000,25115,-2,595713180.000,6,2,4,多平,S,3858.6000,3858.4000,3856.6000,3856.2000,3856.0000,3861.2000,3863.0000,3864.4000,3865.0000,3866.0000,1,2,1,1,2,1,1,1,2,3
SF,IF2007,2020-06-12 09:30:41.700,3861.0000,25115,0,596871480.000,1,0,1,多换,S,3860.4000,3860.0000,3858.8000,3858.4000,3857.6000,3860.6000,3863.0000,3864.4000,3865.0000,3866.0000,2,2,1,1,1,1,1,1,2,3
SF,IF2007,2020-06-12 09:30:42.200,3860.6000,25111,-4,601504200.000,4,0,4,双平,S,3861.6000,3860.4000,3860.0000,3858.8000,3858.4000,3863.0000,3864.4000,3865.0000,3866.0000,3868.0000,2,2,2,2,1,1,1,2,3,1
SF,IF2007,2020-06-12 09:30:42.700,3861.6000,25109,-2,603821160.000,2,0,2,双平,S,3860.4000,3860.0000,3858.8000,3858.4000,3857.8000,3861.8000,3864.4000,3865.0000,3866.0000,3868.0000,2,2,2,1,1,1,1,2,3,1
SF,IF2007,2020-06-12 09:30:43.200,3861.8000,25108,-1,604979700.000,1,0,1,双平,S,3860.4000,3860.0000,3858.8000,3858.4000,3857.8000,3864.4000,3865.0000,3866.0000,3868.0000,3870.0000,2,2,2,3,1,1,1,3,1,2
SF,IF2007,2020-06-12 09:30:43.700,3860.8000,25108,0,608454480.000,3,1,2,多换,S,3860.8000,3860.6000,3860.4000,3860.0000,3858.8000,3864.4000,3864.6000,3865.0000,3865.4000,3866.0000,3,1,1,2,2,1,1,1,1,3
SF,IF2007,2020-06-12 09:30:44.200,3861.6000,25108,0,609612960.000,1,0,1,多换,S,3861.0000,3860.4000,3860.0000,3858.8000,3858.4000,3864.4000,3864.6000,3865.0000,3866.0000,3867.4000,1,1,2,2,3,1,1,1,3,1
SF,IF2007,2020-06-12 09:30:44.700,3861.6000,25108,0,609612960.000,0,-,-,-,-,3861.0000,3860.4000,3860.0000,3858.8000,3858.4000,3864.4000,3865.0000,3866.0000,3867.4000,3868.0000,1,1,2,2,3,1,1,3,1,1
SF,IF2007,2020-06-12 09:30:45.200,3861.6000,25108,0,609612960.000,0,-,-,-,-,3861.6000,3861.2000,3861.0000,3860.4000,3860.0000,3864.2000,3864.4000,3865.0000,3865.4000,3866.0000,1,2,1,1,2,1,1,1,1,3
SF,IF2007,2020-06-12 09:30:45.700,3861.6000,25108,0,609612960.000,0,-,-,-,-,3861.8000,3861.6000,3861.2000,3860.4000,3860.0000,3863.0000,3864.2000,3864.4000,3865.0000,3865.4000,1,1,1,1,2,1,1,1,1,1
SF,IF2007,2020-06-12 09:30:46.200,3861.2000,25110,2,613088160.000,3,2,1,空开,S,3860.4000,3860.0000,3858.8000,3858.4000,3858.0000,3861.0000,3863.0000,3864.2000,3864.4000,3865.0000,1,2,2,2,1,8,1,1,1,1
SF,IF2007,2020-06-12 09:30:46.700,3861.0000,25110,0,623512860.000,9,4,5,多换,S,3861.8000,3860.4000,3860.0000,3859.4000,3858.8000,3864.2000,3864.4000,3864.6000,3864.8000,3865.0000,4,1,2,1,2,1,1,3,1,1
SF,IF2007,2020-06-12 09:30:47.200,3864.0000,25110,0,626989500.000,3,1,2,多换,S,3860.4000,3860.0000,3859.4000,3858.8000,3858.4000,3864.0000,3864.2000,3864.4000,3864.6000,3864.8000,1,2,2,2,2,1,1,1,4,1
SF,IF2007,2020-06-12 09:30:47.700,3858.4000,25115,5,639726360.000,11,8,3,空开,S,3858.0000,3857.8000,3857.6000,3856.8000,3856.6000,3858.4000,3863.8000,3864.0000,3864.2000,3864.4000,1,1,1,1,1,49,2,1,1,1
SF,IF2007,2020-06-12 09:30:48.200,3858.4000,25140,25,695287320.000,48,36,12,空开,S,3858.2000,3858.0000,3857.6000,3856.8000,3856.6000,3858.4000,3863.4000,3863.8000,3864.0000,3864.2000,6,2,1,1,1,1,1,2,1,1
SF,IF2007,2020-06-12 09:30:48.700,3863.4000,25139,-1,697603860.000,2,0,2,多平,S,3860.8000,3859.4000,3858.8000,3858.4000,3858.2000,3861.4000,3863.8000,3864.0000,3864.2000,3864.4000,1,1,1,2,7,2,2,1,1,1
SF,IF2007,2020-06-12 09:30:49.200,3861.4000,25138,-1,702237360.000,4,1,3,多平,S,3861.0000,3859.4000,3859.2000,3859.0000,3858.8000,3863.8000,3864.0000,3864.2000,3864.4000,3864.6000,1,1,1,1,1,2,1,1,1,4
SF,IF2007,2020-06-12 09:30:49.700,3861.8000,25139,1,704554440.000,2,1,1,空开,S,3859.4000,3859.2000,3859.0000,3858.8000,3858.6000,3861.8000,3862.2000,3863.6000,3863.8000,3864.2000,1,2,1,1,4,1,1,2,2,1
SF,IF2007,2020-06-12 09:30:50.200,3861.8000,25140,1,705712980.000,1,1,0,双开,S,3861.2000,3860.6000,3859.8000,3859.6000,3859.4000,3861.6000,3863.6000,3863.8000,3864.2000,3864.4000,5,5,1,1,1,1,1,1,1,1
SF,IF2007,2020-06-12 09:30:50.700,3861.2000,25137,-3,714979980.000,8,2,6,多平,S,3860.6000,3860.0000,3859.8000,3859.6000,3859.2000,3861.0000,3863.6000,3863.8000,3864.2000,3864.4000,5,1,1,1,2,10,1,1,1,1
SF,IF2007,2020-06-12 09:30:51.200,3861.2000,25138,1,727721340.000,11,6,5,空开,S,3861.0000,3860.6000,3860.0000,3859.6000,3859.2000,3861.2000,3863.6000,3863.8000,3864.2000,3864.4000,1,5,1,1,2,2,1,1,1,1
SF,IF2007,2020-06-12 09:30:51.700,3860.0000,25136,-2,733512600.000,5,1,4,多平,S,3859.2000,3859.0000,3858.8000,3858.6000,3858.2000,3861.2000,3863.6000,3863.8000,3864.2000,3864.4000,2,1,1,3,4,2,1,1,1,1
SF,IF2007,2020-06-12 09:30:52.200,3861.0000,25137,1,736987560.000,3,2,1,空开,S,3861.6000,3861.4000,3860.2000,3859.8000,3859.6000,3863.6000,3863.8000,3864.2000,3864.4000,3864.6000,1,4,2,1,5,1,1,1,1,2
SF,IF2007,2020-06-12 09:30:52.700,3861.0000,25137,0,736987560.000,0,-,-,-,-,3861.8000,3861.6000,3859.8000,3859.2000,3859.0000,3863.4000,3863.6000,3863.8000,3864.2000,3864.4000,1,1,2,6,1,1,1,1,1,1
SF,IF2007,2020-06-12 09:30:53.200,3861.8000,25137,0,739304700.000,2,1,1,多换,S,3859.8000,3859.2000,3859.0000,3858.6000,3858.2000,3863.2000,3863.6000,3863.8000,3864.2000,3864.4000,3,7,1,1,1,2,1,1,1,1
SF,IF2007,2020-06-12 09:30:53.700,3862.4000,25136,-1,740463420.000,1,0,1,双平,S,3861.0000,3860.6000,3859.8000,3859.2000,3859.0000,3861.6000,3863.0000,3863.2000,3863.6000,3863.8000,5,5,4,7,2,1,1,1,1,1
SF,IF2007,2020-06-12 09:30:54.200,3860.6000,25135,-1,747412800.000,6,2,4,多平,S,3861.6000,3859.8000,3859.6000,3859.2000,3859.0000,3863.0000,3863.2000,3863.6000,3863.8000,3864.2000,2,3,1,7,3,1,1,1,1,1
SF,IF2007,2020-06-12 09:30:54.700,3861.6000,25135,0,748571280.000,1,0,1,多换,S,3861.6000,3860.8000,3860.2000,3859.8000,3859.6000,3862.8000,3863.2000,3863.6000,3863.8000,3864.2000,1,1,1,3,1,1,2,1,1,1
SF,IF2007,2020-06-12 09:30:55.200,3859.8000,25138,3,754361940.000,5,4,1,空开,S,3862.8000,3860.8000,3859.8000,3859.2000,3859.0000,3863.6000,3863.8000,3864.2000,3864.4000,3864.6000,1,1,1,7,2,1,1,1,1,2
SF,IF2007,2020-06-12 09:30:55.700,3862.8000,25137,-1,756679620.000,2,0,2,多平,S,3860.8000,3859.8000,3859.2000,3859.0000,3858.6000,3862.6000,3863.2000,3863.4000,3863.6000,3864.2000,1,1,7,2,2,2,5,1,1,1
SF,IF2007,2020-06-12 09:30:56.200,3862.4000,25133,-4,767105940.000,9,2,7,多平,S,3861.6000,3861.0000,3860.8000,3859.8000,3859.6000,3862.2000,3862.6000,3862.8000,3863.2000,3863.4000,1,2,1,1,1,2,1,1,1,1
SF,IF2007,2020-06-12 09:30:56.700,3862.2000,25133,0,768264600.000,1,0,1,多换,S,3861.6000,3859.8000,3859.6000,3859.2000,3859.0000,3862.2000,3862.6000,3862.8000,3863.2000,3863.4000,1,1,1,7,1,1,1,2,1,1
SF,IF2007,2020-06-12 09:30:57.200,3859.2000,25136,3,776371980.000,7,5,2,空开,S,3860.0000,3859.2000,3859.0000,3858.6000,3858.0000,3860.2000,3862.8000,3863.2000,3863.4000,3863.6000,1,5,1,1,4,1,2,1,1,1
SF,IF2007,2020-06-12 09:30:57.700,3860.2000,25135,-1,777530040.000,1,0,1,双平,S,3860.4000,3860.2000,3859.4000,3859.2000,3859.0000,3861.2000,3862.8000,3863.2000,3863.4000,3863.6000,1,5,1,5,1,1,2,1,1,1
SF,IF2007,2020-06-12 09:30:58.200,3861.2000,25133,-2,779846760.000,2,0,2,双平,S,3860.2000,3859.6000,3859.2000,3858.8000,3858.0000,3862.8000,3863.0000,3863.2000,3863.4000,3863.6000,5,1,6,1,4,2,1,1,1,1
SF,IF2007,2020-06-12 09:30:58.700,3861.2000,25133,0,779846760.000,0,-,-,-,-,3862.2000,3860.4000,3860.2000,3859.6000,3859.2000,3862.4000,3862.8000,3863.0000,3863.2000,3863.4000,1,1,1,1,8,2,12,3,1,1
SF,IF2007,2020-06-12 09:30:59.200,3861.4000,25134,1,784480020.000,4,2,2,空开,S,3860.8000,3859.8000,3859.6000,3859.2000,3858.8000,3861.6000,3862.0000,3862.2000,3862.4000,3862.8000,1,1,1,6,1,1,1,3,2,12
SF,IF2007,2020-06-12 09:30:59.700,3861.0000,25135,1,787954860.000,3,2,1,空开,S,3860.2000,3859.6000,3859.2000,3859.0000,3858.8000,3861.4000,3861.6000,3862.2000,3862.4000,3862.8000,1,1,6,1,1,1,1,2,2,12
SF,IF2007,2020-06-12 09:31:00.200,3861.0000,25135,0,787954860.000,0,-,-,-,-,3861.4000,3861.0000,3860.4000,3860.2000,3859.8000,3861.6000,3862.2000,3862.4000,3862.8000,3863.0000,3,1,1,1,1,1,1,2,12,3
SF,IF2007,2020-06-12 09:31:00.700,3861.0000,25130,-5,794905380.000,6,0,6,多平,S,3861.2000,3860.6000,3860.2000,3859.8000,3859.6000,3862.2000,3862.4000,3862.8000,3863.0000,3863.2000,1,1,1,1,1,1,2,12,3,1
SF,IF2007,2020-06-12 09:31:01.200,3861.6000,25129,-1,798380820.000,3,1,2,多平,S,3860.6000,3860.2000,3859.6000,3859.2000,3858.8000,3862.0000,3862.2000,3862.8000,3863.0000,3863.2000,1,1,1,4,2,1,1,12,3,1
SF,IF2007,2020-06-12 09:31:01.700,3861.0000,25129,0,799539120.000,1,0,1,多换,S,3860.6000,3860.2000,3859.6000,3859.2000,3858.8000,3861.8000,3862.0000,3862.2000,3862.8000,3863.0000,1,1,1,4,2,2,1,1,12,3
SF,IF2007,2020-06-12 09:31:02.200,3860.6000,25128,-1,800697300.000,1,0,1,双平,S,3860.2000,3860.0000,3859.6000,3859.2000,3858.8000,3861.8000,3862.0000,3862.2000,3862.8000,3863.0000,1,2,1,4,2,2,1,1,12,3
SF,IF2007,2020-06-12 09:31:02.700,3860.0000,25128,0,804171360.000,3,1,2,多换,S,3859.6000,3859.2000,3858.8000,3858.6000,3858.2000,3860.2000,3860.8000,3861.0000,3861.8000,3862.0000,1,5,2,1,1,1,1,3,2,1
SF,IF2007,2020-06-12 09:31:03.200,3860.0000,25126,-2,813434040.000,8,3,5,多平,S,3858.8000,3858.0000,3857.6000,3857.0000,3856.8000,3860.0000,3860.2000,3861.0000,3861.8000,3862.2000,1,3,2,1,1,2,1,3,2,1
SF,IF2007,2020-06-12 09:31:03.700,3859.0000,25125,-1,816907740.000,3,1,2,多平,S,3858.8000,3858.0000,3857.6000,3857.2000,3856.8000,3860.0000,3860.2000,3861.0000,3861.8000,3862.2000,1,3,1,1,1,2,1,3,2,1
SF,IF2007,2020-06-12 09:31:04.200,3859.0000,25125,0,819223440.000,2,1,1,多换,S,3858.8000,3858.0000,3857.6000,3857.2000,3856.2000,3860.0000,3860.2000,3861.0000,3861.8000,3862.2000,1,3,1,1,1,1,1,3,2,1
SF,IF2007,2020-06-12 09:31:04.700,3859.0000,25125,0,819223440.000,0,-,-,-,-,3859.8000,3858.8000,3858.0000,3857.6000,3857.2000,3860.0000,3860.2000,3861.0000,3861.8000,3862.2000,1,1,3,1,1,1,1,3,2,1
SF,IF2007,2020-06-12 09:31:05.200,3860.0000,25121,-4,825013200.000,5,0,5,多平,S,3858.8000,3858.0000,3857.6000,3857.2000,3856.0000,3859.6000,3860.2000,3861.0000,3861.8000,3862.2000,1,3,1,1,1,1,1,3,2,1
SF,IF2007,2020-06-12 09:31:05.700,3859.6000,25120,-1,826171080.000,1,0,1,双平,S,3860.0000,3859.6000,3859.0000,3858.8000,3858.0000,3860.2000,3861.0000,3862.2000,3862.8000,3863.0000,1,1,1,1,2,1,3,1,11,3
SF,IF2007,2020-06-12 09:31:06.200,3860.0000,25119,-1,828487080.000,2,0,2,多平,S,3858.8000,3858.0000,3857.6000,3857.2000,3856.0000,3860.2000,3861.0000,3862.2000,3862.8000,3863.0000,1,2,1,1,1,2,3,1,11,3
SF,IF2007,2020-06-12 09:31:06.700,3858.8000,25120,1,836591520.000,7,4,3,空开,S,3858.0000,3857.6000,3857.2000,3856.0000,3855.6000,3858.8000,3860.0000,3860.2000,3861.0000,3862.2000,2,1,1,1,1,5,1,1,3,1
SF,IF2007,2020-06-12 09:31:07.200,3858.8000,25121,1,843537360.000,6,3,3,空开,S,3858.8000,3858.2000,3858.0000,3857.6000,3857.2000,3860.2000,3861.0000,3862.2000,3862.8000,3863.0000,3,5,2,1,1,1,3,1,11,3
SF,IF2007,2020-06-12 09:31:07.700,3858.8000,25121,0,843537360.000,0,-,-,-,-,3858.0000,3857.6000,3857.2000,3856.0000,3855.8000,3860.0000,3860.2000,3861.0000,3862.2000,3862.8000,2,1,1,1,2,1,2,3,1,11
SF,IF2007,2020-06-12 09:31:08.200,3858.0000,25121,0,844694760.000,1,0,1,多换,S,3859.6000,3858.0000,3857.6000,3857.2000,3856.8000,3859.8000,3860.2000,3861.0000,3862.8000,3863.0000,1,1,1,1,1,3,2,3,11,3
SF,IF2007,2020-06-12 09:31:08.700,3859.8000,25119,-2,850484400.000,5,1,4,多平,S,3858.0000,3857.6000,3857.2000,3856.8000,3856.0000,3859.8000,3860.2000,3861.0000,3862.8000,3863.0000,1,1,1,1,1,3,2,3,11,3
SF,IF2007,2020-06-12 09:31:09.200,3859.8000,25119,0,850484400.000,0,-,-,-,-,3858.2000,3858.0000,3857.6000,3856.8000,3856.0000,3859.8000,3860.2000,3861.0000,3862.8000,3863.0000,1,1,2,1,1,2,2,3,11,3
SF,IF2007,2020-06-12 09:31:09.700,3859.8000,25119,0,850484400.000,0,-,-,-,-,3858.4000,3858.0000,3857.6000,3856.8000,3856.0000,3859.6000,3859.8000,3860.2000,3861.0000,3862.8000,1,1,2,1,1,2,2,2,3,11
SF,IF2007,2020-06-12 09:31:10.200,3859.6000,25118,-1,852800160.000,2,0,2,多平,S,3858.6000,3858.2000,3858.0000,3857.6000,3856.8000,3859.8000,3860.2000,3861.0000,3862.8000,3863.0000,6,1,1,1,1,2,2,3,11,3
SF,IF2007,2020-06-12 09:31:10.700,3859.6000,25118,0,852800160.000,0,-,-,-,-,3859.8000,3858.6000,3858.2000,3858.0000,3857.6000,3860.2000,3861.0000,3862.8000,3863.0000,3863.4000,1,1,1,1,1,2,3,11,3,1
SF,IF2007,2020-06-12 09:31:11.200,3860.0000,25116,-2,855116100.000,2,0,2,双平,S,3859.8000,3858.8000,3858.0000,3857.6000,3857.2000,3860.0000,3860.2000,3861.0000,3862.8000,3863.0000,2,1,1,1,1,3,2,2,11,3
SF,IF2007,2020-06-12 09:31:11.700,3860.2000,25112,-4,860906220.000,5,0,5,多平,S,3860.0000,3859.8000,3858.8000,3858.0000,3857.6000,3861.0000,3862.8000,3863.0000,3863.4000,3863.6000,4,2,1,1,1,1,11,3,1,1
SF,IF2007,2020-06-12 09:31:12.200,3860.2000,25112,0,862064280.000,1,0,1,多换,S,3860.0000,3859.8000,3858.8000,3858.6000,3858.0000,3861.0000,3862.8000,3863.0000,3863.4000,3863.6000,1,3,1,1,1,2,11,3,1,1
SF,IF2007,2020-06-12 09:31:12.700,3861.0000,25111,-1,863222580.000,1,0,1,双平,S,3860.4000,3860.2000,3860.0000,3859.8000,3858.8000,3862.8000,3863.0000,3863.4000,3863.6000,3863.8000,1,1,1,3,1,11,3,1,1,1
SF,IF2007,2020-06-12 09:31:13.200,3861.0000,25111,0,863222580.000,0,-,-,-,-,3860.6000,3860.4000,3860.2000,3860.0000,3859.8000,3861.6000,3862.4000,3862.8000,3863.0000,3863.4000,1,1,1,12,3,1,2,11,3,1
SF,IF2007,2020-06-12 09:31:13.700,3861.0000,25111,0,863222580.000,0,-,-,-,-,3861.0000,3860.4000,3860.2000,3860.0000,3859.8000,3862.4000,3862.8000,3863.0000,3863.4000,3863.6000,1,1,1,12,6,2,11,3,1,1
SF,IF2007,2020-06-12 09:31:14.200,3861.0000,25111,0,863222580.000,0,-,-,-,-,3861.0000,3860.4000,3860.2000,3860.0000,3859.8000,3861.4000,3862.2000,3862.4000,3862.8000,3863.0000,1,1,1,12,6,1,1,2,11,3
SF,IF2007,2020-06-12 09:31:14.700,3861.0000,25111,0,866697600.000,3,1,2,多换,S,3860.4000,3860.2000,3860.0000,3859.8000,3858.8000,3860.6000,3862.4000,3862.8000,3863.0000,3863.4000,1,1,12,6,1,4,2,11,2,1
SF,IF2007,2020-06-12 09:31:15.200,3860.6000,25111,0,871330320.000,4,2,2,多换,S,3860.8000,3860.6000,3860.2000,3860.0000,3859.8000,3862.0000,3862.4000,3862.8000,3863.0000,3863.4000,1,6,1,12,6,1,2,11,5,1
SF,IF2007,2020-06-12 09:31:15.700,3860.6000,25111,0,871330320.000,0,-,-,-,-,3861.6000,3860.6000,3860.2000,3860.0000,3859.8000,3862.0000,3862.4000,3862.8000,3863.0000,3863.4000,1,3,1,12,6,1,2,11,5,1
SF,IF2007,2020-06-12 09:31:16.200,3861.6000,25109,-2,873647280.000,2,0,2,双平,S,3860.2000,3860.0000,3859.8000,3858.6000,3858.2000,3861.6000,3861.8000,3862.0000,3862.4000,3862.8000,1,12,6,1,1,1,1,1,2,11
SF,IF2007,2020-06-12 09:31:16.700,3861.6000,25109,0,873647280.000,0,-,-,-,-,3860.4000,3860.2000,3860.0000,3859.8000,3859.0000,3862.0000,3862.4000,3862.8000,3863.0000,3863.4000,1,1,12,6,1,1,2,11,5,1
SF,IF2007,2020-06-12 09:31:17.200,3861.6000,25109,0,873647280.000,0,-,-,-,-,3860.6000,3860.2000,3860.0000,3859.8000,3858.6000,3862.0000,3862.4000,3862.8000,3863.0000,3863.4000,1,1,12,6,1,1,2,11,5,1
SF,IF2007,2020-06-12 09:31:17.700,3861.6000,25109,0,873647280.000,0,-,-,-,-,3860.2000,3860.0000,3859.8000,3858.8000,3858.6000,3862.0000,3862.4000,3862.8000,3863.0000,3863.4000,1,12,6,1,1,1,2,11,5,1
SF,IF2007,2020-06-12 09:31:18.200,3860.4000,25108,-1,880596420.000,6,2,4,多平,S,3860.2000,3860.0000,3859.8000,3858.8000,3858.6000,3860.4000,3861.8000,3862.0000,3862.4000,3862.8000,1,12,6,1,1,5,1,1,3,11
SF,IF2007,2020-06-12 09:31:18.700,3860.4000,25108,0,886387020.000,5,2,3,多换,S,3860.6000,3860.4000,3860.2000,3860.0000,3859.8000,3862.0000,3862.4000,3862.8000,3863.0000,3863.4000,1,5,1,12,6,1,3,11,5,1
SF,IF2007,2020-06-12 09:31:19.200,3860.4000,25108,0,886387020.000,0,-,-,-,-,3860.4000,3860.2000,3860.0000,3859.8000,3858.6000,3861.8000,3862.0000,3862.4000,3862.8000,3863.0000,4,1,12,6,1,1,1,3,11,5
SF,IF2007,2020-06-12 09:31:19.700,3860.4000,25108,0,886387020.000,0,-,-,-,-,3861.2000,3860.4000,3860.2000,3860.0000,3859.8000,3862.0000,3862.4000,3862.8000,3863.0000,3863.4000,1,1,1,12,6,1,3,11,5,1
SF,IF2007,2020-06-12 09:31:20.200,3861.6000,25105,-3,889862400.000,3,0,3,双平,S,3860.4000,3860.2000,3860.0000,3859.8000,3858.6000,3861.8000,3862.0000,3862.4000,3862.8000,3863.0000,1,1,12,6,1,2,1,3,11,5
SF,IF2007,2020-06-12 09:31:20.700,3861.8000,25105,0,892179480.000,2,1,1,多换,S,3860.6000,3860.4000,3860.2000,3860.0000,3859.8000,3862.0000,3862.4000,3862.8000,3863.0000,3863.4000,1,1,1,12,6,1,3,11,5,1
SF,IF2007,2020-06-12 09:31:21.200,3861.8000,25105,0,892179480.000,0,-,-,-,-,3861.8000,3860.4000,3860.2000,3860.0000,3859.8000,3862.0000,3862.4000,3862.8000,3863.0000,3863.4000,1,1,1,12,6,1,3,11,5,1
SF,IF2007,2020-06-12 09:31:21.700,3862.0000,25104,-1,894496620.000,2,0,2,多平,S,3860.4000,3860.2000,3860.0000,3859.8000,3858.6000,3861.2000,3861.6000,3861.8000,3862.0000,3862.4000,1,1,8,6,1,1,1,1,2,3
SF,IF2007,2020-06-12 09:31:22.200,3861.2000,25103,-1,895654980.000,1,0,1,双平,S,3860.2000,3860.0000,3859.8000,3858.6000,3858.2000,3861.2000,3862.0000,3862.4000,3862.8000,3863.0000,3,8,6,1,1,1,2,3,11,5
SF,IF2007,2020-06-12 09:31:22.700,3861.2000,25104,1,896813340.000,1,1,0,双开,S,3860.2000,3860.0000,3859.8000,3859.0000,3858.6000,3861.0000,3861.2000,3862.0000,3862.4000,3862.8000,3,8,6,1,1,1,1,2,3,11
SF,IF2007,2020-06-12 09:31:23.200,3861.0000,25105,1,897971640.000,1,1,0,双开,S,3860.6000,3860.2000,3860.0000,3859.8000,3859.0000,3861.0000,3861.2000,3862.0000,3862.4000,3862.8000,1,3,8,6,1,2,1,2,3,11
SF,IF2007,2020-06-12 09:31:23.700,3860.8000,25105,0,900288060.000,2,1,1,多换,S,3860.2000,3860.0000,3859.8000,3859.0000,3858.6000,3861.2000,3861.4000,3862.0000,3862.4000,3862.8000,3,8,6,1,1,1,1,1,3,11
SF,IF2007,2020-06-12 09:31:24.200,3861.2000,25105,0,901446420.000,1,0,1,多换,S,3861.2000,3860.2000,3860.0000,3859.8000,3859.0000,3861.4000,3862.0000,3862.4000,3862.8000,3863.0000,5,3,9,6,1,1,1,3,11,5
SF,IF2007,2020-06-12 09:31:24.700,3861.2000,25098,-7,911871660.000,9,1,8,多平,S,3861.8000,3861.4000,3860.2000,3860.0000,3859.8000,3862.0000,3862.4000,3862.8000,3863.0000,3863.4000,4,1,3,2,6,1,3,11,5,1
SF,IF2007,2020-06-12 09:31:25.200,3860.2000,25094,-4,919980840.000,7,1,6,多平,S,3861.0000,3860.2000,3860.0000,3859.8000,3859.0000,3861.8000,3862.4000,3862.8000,3863.0000,3863.4000,1,2,2,6,1,1,3,11,5,1
SF,IF2007,2020-06-12 09:31:25.700,3861.0000,25095,1,921139140.000,1,1,0,双开,S,3860.2000,3860.0000,3859.8000,3859.0000,3858.6000,3861.8000,3862.4000,3862.8000,3863.0000,3863.4000,2,2,6,1,1,1,3,11,5,1
SF,IF2007,2020-06-12 09:31:26.200,3860.4000,25092,-3,924613980.000,3,0,3,双平,S,3860.4000,3860.2000,3860.0000,3859.8000,3859.0000,3862.4000,3862.8000,3863.0000,3863.4000,3863.6000,2,2,2,6,1,3,11,5,1,1
SF,IF2007,2020-06-12 09:31:26.700,3860.4000,25092,0,924613980.000,0,-,-,-,-,3860.8000,3860.6000,3860.4000,3860.2000,3860.0000,3862.2000,3862.4000,3862.8000,3863.0000,3863.4000,1,1,2,3,2,1,3,11,5,1
SF,IF2007,2020-06-12 09:31:27.200,3860.4000,25092,0,924613980.000,0,-,-,-,-,3861.0000,3860.8000,3860.6000,3860.2000,3860.0000,3862.4000,3862.8000,3863.0000,3863.4000,3863.6000,1,2,1,3,2,3,11,5,1,1
SF,IF2007,2020-06-12 09:31:27.700,3860.4000,25092,0,924613980.000,0,-,-,-,-,3861.2000,3860.8000,3860.6000,3860.2000,3860.0000,3862.4000,3862.8000,3863.0000,3863.4000,3863.6000,1,2,1,3,2,1,11,5,1,1
SF,IF2007,2020-06-12 09:31:28.200,3862.4000,25093,1,925772700.000,1,1,0,双开,S,3862.4000,3861.4000,3860.8000,3860.6000,3860.2000,3862.8000,3863.0000,3863.4000,3863.6000,3863.8000,1,1,2,1,3,11,5,1,1,1
SF,IF2007,2020-06-12 09:31:28.700,3862.4000,25100,7,935043300.000,8,7,1,空开,S,3860.8000,3860.6000,3860.4000,3860.2000,3860.0000,3862.8000,3863.0000,3863.4000,3863.6000,3863.8000,2,1,1,3,2,4,5,1,1,1
SF,IF2007,2020-06-12 09:31:29.200,3862.8000,25104,4,939678660.000,4,4,0,双开,S,3862.8000,3861.0000,3860.8000,3860.4000,3860.2000,3863.0000,3863.2000,3863.4000,3863.6000,3863.8000,1,8,2,1,3,5,1,1,1,1
SF,IF2007,2020-06-12 09:31:29.700,3863.0000,25106,2,945473160.000,5,3,2,空开,S,3863.0000,3862.8000,3862.4000,3861.0000,3860.8000,3863.2000,3863.4000,3863.6000,3863.8000,3864.2000,1,1,1,2,3,1,1,1,1,1
SF,IF2007,2020-06-12 09:31:30.200,3863.0000,25109,3,951267720.000,5,4,1,空开,S,3862.8000,3862.4000,3861.0000,3860.8000,3860.4000,3863.4000,3863.6000,3863.8000,3864.2000,3864.4000,1,2,2,3,1,1,1,1,1,1
SF,IF2007,2020-06-12 09:31:30.700,3863.4000,25111,2,954744660.000,3,2,1,空开,S,3863.0000,3862.8000,3862.4000,3861.0000,3860.8000,3863.6000,3863.8000,3864.2000,3864.4000,3864.6000,1,1,2,2,3,1,1,1,1,2
SF,IF2007,2020-06-12 09:31:31.200,3863.6000,25112,1,957062640.000,2,1,1,空开,S,3863.6000,3862.8000,3862.4000,3861.0000,3860.8000,3863.8000,3864.2000,3864.4000,3864.6000,3865.0000,1,1,2,2,3,1,1,1,2,1
SF,IF2007,2020-06-12 09:31:31.700,3863.6000,25112,0,959380860.000,2,1,1,多换,S,3863.0000,3862.8000,3862.4000,3861.0000,3860.8000,3864.2000,3864.4000,3864.6000,3865.0000,3866.0000,3,1,2,2,3,1,1,2,1,2
SF,IF2007,2020-06-12 09:31:32.200,3864.4000,25110,-2,961699440.000,2,0,2,双平,S,3864.2000,3863.0000,3862.8000,3862.4000,3861.0000,3864.6000,3865.0000,3866.0000,3868.0000,3868.6000,2,3,1,2,2,2,1,2,1,1
SF,IF2007,2020-06-12 09:31:32.700,3865.0000,25104,-6,968655660.000,6,0,6,双平,S,3864.6000,3864.2000,3863.8000,3863.6000,3863.0000,3866.0000,3868.0000,3868.6000,3868.8000,3870.0000,2,2,1,1,3,2,1,1,1,2
SF,IF2007,2020-06-12 09:31:33.200,3865.6000,25105,1,970975020.000,2,1,1,空开,S,3864.6000,3864.2000,3863.8000,3863.6000,3863.0000,3865.8000,3866.0000,3868.0000,3868.6000,3868.8000,2,2,1,1,4,3,2,1,1,1
SF,IF2007,2020-06-12 09:31:33.700,3865.6000,25105,0,972134700.000,1,0,1,多换,S,3865.8000,3864.8000,3864.6000,3864.2000,3863.8000,3866.0000,3868.0000,3868.6000,3868.8000,3870.0000,1,1,2,2,1,2,1,1,1,2
SF,IF2007,2020-06-12 09:31:34.200,3866.0000,25104,-1,975614040.000,3,1,2,多平,S,3865.8000,3864.6000,3864.2000,3863.8000,3863.6000,3868.0000,3868.6000,3868.8000,3870.0000,3875.0000,1,2,2,1,1,1,1,1,2,14
SF,IF2007,2020-06-12 09:31:34.700,3866.0000,25103,-1,980253180.000,4,1,3,多平,S,3866.0000,3864.6000,3864.2000,3863.8000,3863.6000,3866.8000,3867.4000,3867.8000,3868.0000,3868.6000,4,2,2,1,1,1,2,1,1,1
SF,IF2007,2020-06-12 09:31:35.200,3866.0000,25100,-3,983732580.000,3,0,3,双平,S,3866.0000,3864.6000,3864.2000,3863.8000,3863.6000,3866.6000,3867.8000,3868.0000,3868.6000,3868.8000,1,2,2,1,1,1,1,1,1,1
SF,IF2007,2020-06-12 09:31:35.700,3866.0000,25099,-1,986052180.000,2,0,2,多平,S,3864.6000,3864.2000,3863.8000,3863.6000,3863.0000,3867.8000,3868.0000,3868.6000,3868.8000,3870.0000,2,2,1,1,4,1,1,1,1,2
SF,IF2007,2020-06-12 09:31:36.200,3866.0000,25099,0,986052180.000,0,-,-,-,-,3866.8000,3865.4000,3864.6000,3864.2000,3863.8000,3867.6000,3867.8000,3868.0000,3868.6000,3868.8000,1,1,2,2,1,2,1,1,1,1
SF,IF2007,2020-06-12 09:31:36.700,3867.4000,25096,-3,989532660.000,3,0,3,双平,S,3865.4000,3864.6000,3864.2000,3863.8000,3863.6000,3867.4000,3867.6000,3868.0000,3868.6000,3868.8000,1,2,2,1,1,1,2,1,1,1
SF,IF2007,2020-06-12 09:31:37.200,3867.4000,25096,0,989532660.000,0,-,-,-,-,3866.8000,3865.6000,3865.4000,3864.6000,3864.2000,3867.2000,3868.0000,3868.6000,3868.8000,3870.0000,1,1,1,2,2,1,1,1,1,2
SF,IF2007,2020-06-12 09:31:37.700,3868.0000,25095,-1,991853100.000,2,0,2,多平,S,3865.4000,3865.0000,3864.6000,3864.2000,3863.8000,3868.6000,3868.8000,3870.0000,3875.0000,3880.0000,1,1,2,2,1,1,1,2,9,8
SF,IF2007,2020-06-12 09:31:38.200,3868.0000,25095,0,991853100.000,0,-,-,-,-,3867.8000,3865.8000,3865.4000,3865.0000,3864.6000,3868.4000,3868.6000,3868.8000,3870.0000,3875.0000,1,1,1,1,2,1,1,2,2,9
SF,IF2007,2020-06-12 09:31:38.700,3868.8000,25089,-6,1001136900.000,8,1,7,多平,S,3868.6000,3865.8000,3865.4000,3865.0000,3864.6000,3870.0000,3875.0000,3880.0000,3882.0000,3882.8000,2,1,1,1,2,2,9,8,1,1
SF,IF2007,2020-06-12 09:31:39.200,3869.4000,25088,-1,1002297720.000,1,0,1,双平,S,3868.6000,3868.4000,3867.6000,3865.8000,3865.4000,3869.4000,3869.8000,3870.0000,3875.0000,3880.0000,2,1,1,1,1,1,1,2,9,8
SF,IF2007,2020-06-12 09:31:39.700,3868.8000,25086,-2,1005779820.000,3,0,3,多平,S,3868.6000,3868.4000,3867.6000,3865.8000,3865.4000,3870.0000,3875.0000,3880.0000,3882.0000,3882.8000,2,1,1,1,1,2,9,8,1,1
SF,IF2007,2020-06-12 09:31:40.200,3868.8000,25086,0,1005779820.000,0,-,-,-,-,3868.6000,3868.4000,3867.6000,3865.8000,3865.4000,3869.8000,3870.0000,3875.0000,3880.0000,3882.0000,2,1,1,1,1,1,2,9,8,1
SF,IF2007,2020-06-12 09:31:40.700,3870.0000,25087,1,1008101400.000,2,1,1,空开,S,3869.4000,3868.6000,3868.4000,3867.6000,3865.8000,3870.0000,3870.4000,3875.0000,3880.0000,3882.0000,4,1,3,1,1,1,1,9,8,1
SF,IF2007,2020-06-12 09:31:41.200,3870.0000,25086,-1,1010423220.000,2,0,2,多平,S,3869.8000,3869.4000,3868.6000,3868.4000,3867.6000,3870.4000,3875.0000,3880.0000,3882.0000,3882.8000,1,4,2,3,1,1,9,8,1,1
SF,IF2007,2020-06-12 09:31:41.700,3869.8000,25087,1,1011584160.000,1,1,0,双开,S,3870.0000,3869.4000,3868.6000,3868.4000,3867.6000,3870.4000,3875.0000,3880.0000,3882.0000,3882.8000,1,4,2,3,1,1,9,8,1,1
SF,IF2007,2020-06-12 09:31:42.200,3870.0000,25086,-1,1015067160.000,3,1,2,多平,S,3869.4000,3868.6000,3868.4000,3867.6000,3865.8000,3870.4000,3875.0000,3880.0000,3882.0000,3882.8000,4,2,3,1,1,1,9,8,1,1
SF,IF2007,2020-06-12 09:31:42.700,3870.4000,25086,0,1016228280.000,1,0,1,多换,S,3870.0000,3869.6000,3869.4000,3868.6000,3868.4000,3875.0000,3880.0000,3882.0000,3882.8000,3887.6000,1,1,4,2,3,9,8,1,1,10
SF,IF2007,2020-06-12 09:31:43.200,3870.0000,25085,-1,1017389280.000,1,0,1,双平,S,3869.4000,3868.6000,3868.4000,3867.6000,3865.8000,3871.0000,3871.6000,3874.0000,3874.2000,3874.6000,4,2,3,1,1,2,1,1,3,4
SF,IF2007,2020-06-12 09:31:43.700,3870.0000,25085,0,1017389280.000,0,-,-,-,-,3870.0000,3869.6000,3869.4000,3868.6000,3868.4000,3871.6000,3874.0000,3874.2000,3874.6000,3874.8000,1,1,4,2,3,1,1,3,4,2
SF,IF2007,2020-06-12 09:31:44.200,3870.0000,25084,-1,1018550280.000,1,0,1,双平,S,3869.4000,3868.6000,3868.4000,3867.6000,3865.8000,3871.4000,3871.6000,3874.0000,3874.2000,3874.6000,4,2,3,1,1,1,1,1,3,4
SF,IF2007,2020-06-12 09:31:44.700,3870.0000,25084,0,1018550280.000,0,-,-,-,-,3870.2000,3869.6000,3869.4000,3868.6000,3868.4000,3871.2000,3871.6000,3874.0000,3874.2000,3874.6000,1,1,4,2,3,1,1,1,3,4
SF,IF2007,2020-06-12 09:31:45.200,3870.0000,25084,0,1018550280.000,0,-,-,-,-,3871.6000,3870.2000,3869.4000,3868.6000,3868.4000,3874.0000,3874.2000,3874.6000,3874.8000,3875.0000,1,1,4,2,3,1,3,4,1,9
SF,IF2007,2020-06-12 09:31:45.700,3871.4000,25083,-1,1023195300.000,4,1,3,多平,S,3871.2000,3869.4000,3868.6000,3868.4000,3866.0000,3872.0000,3873.8000,3874.0000,3874.2000,3874.6000,1,4,1,3,1,3,2,1,3,2
SF,IF2007,2020-06-12 09:31:46.200,3871.4000,25083,0,1023195300.000,0,-,-,-,-,3871.2000,3870.2000,3869.4000,3868.6000,3868.4000,3872.0000,3873.8000,3874.2000,3874.6000,3875.0000,1,2,4,1,3,3,2,3,2,9
SF,IF2007,2020-06-12 09:31:46.700,3871.8000,25082,-1,1025518200.000,2,0,2,多平,S,3870.2000,3869.4000,3868.6000,3868.4000,3866.0000,3872.0000,3873.8000,3874.2000,3874.6000,3875.0000,2,4,1,3,1,3,2,3,2,9
SF,IF2007,2020-06-12 09:31:47.200,3870.4000,25082,0,1026679320.000,1,0,1,多换,S,3870.4000,3870.2000,3869.4000,3868.6000,3868.4000,3871.8000,3872.0000,3873.8000,3874.2000,3874.6000,1,2,4,1,3,1,3,2,3,2
SF,IF2007,2020-06-12 09:31:47.700,3870.2000,25082,0,1029001440.000,2,1,1,多换,S,3869.4000,3868.6000,3868.4000,3866.0000,3865.8000,3870.8000,3871.6000,3872.0000,3873.8000,3874.2000,4,1,3,1,1,1,2,2,1,1
SF,IF2007,2020-06-12 09:31:48.200,3870.2000,25082,0,1029001440.000,0,-,-,-,-,3869.4000,3868.8000,3868.6000,3868.4000,3866.0000,3870.8000,3871.2000,3873.8000,3874.2000,3874.6000,4,1,1,3,1,1,2,1,1,2
SF,IF2007,2020-06-12 09:31:48.700,3870.8000,25081,-1,1030162680.000,1,0,1,双平,S,3870.2000,3869.6000,3869.4000,3868.8000,3868.6000,3870.6000,3873.8000,3874.2000,3874.6000,3875.0000,1,1,4,1,1,2,1,1,2,9
SF,IF2007,2020-06-12 09:31:49.200,3870.4000,25080,-1,1034807340.000,4,1,3,多平,S,3871.8000,3870.2000,3869.4000,3868.8000,3868.6000,3873.8000,3874.2000,3874.6000,3875.0000,3875.2000,11,1,4,1,1,1,1,2,9,3
SF,IF2007,2020-06-12 09:31:49.700,3873.6000,25078,-2,1049909040.000,13,5,8,多平,S,3871.8000,3870.8000,3870.2000,3869.4000,3868.8000,3873.6000,3873.8000,3874.6000,3875.0000,3875.2000,3,1,2,4,1,2,1,2,9,3
SF,IF2007,2020-06-12 09:31:50.200,3871.8000,25080,2,1054555260.000,4,3,1,空开,S,3870.8000,3870.2000,3869.4000,3868.8000,3868.6000,3871.2000,3872.8000,3873.2000,3873.4000,3873.6000,1,2,2,1,1,1,1,1,1,3
SF,IF2007,2020-06-12 09:31:50.700,3871.4000,25080,0,1056878100.000,2,1,1,多换,S,3871.4000,3870.8000,3870.2000,3869.4000,3868.8000,3871.8000,3872.8000,3873.2000,3873.4000,3873.6000,1,3,2,2,1,1,1,3,1,2
SF,IF2007,2020-06-12 09:31:51.200,3870.8000,25077,-3,1061523240.000,4,0,4,多平,S,3870.2000,3869.4000,3868.8000,3868.6000,3868.4000,3871.6000,3871.8000,3873.2000,3873.4000,3873.6000,2,2,1,1,3,2,1,3,1,2
SF,IF2007,2020-06-12 09:31:51.700,3871.6000,25077,0,1062684720.000,1,0,1,多换,S,3870.2000,3869.4000,3868.8000,3868.6000,3868.4000,3873.2000,3873.4000,3873.6000,3873.8000,3874.4000,2,2,1,1,3,1,1,1,1,1
SF,IF2007,2020-06-12 09:31:52.200,3871.6000,25077,0,1062684720.000,0,-,-,-,-,3871.8000,3870.2000,3870.0000,3869.4000,3868.8000,3872.4000,3872.8000,3873.0000,3873.6000,3874.4000,1,2,1,1,1,1,1,1,1,1
SF,IF2007,2020-06-12 09:31:52.700,3872.4000,25071,-6,1074301440.000,10,2,8,多平,S,3872.4000,3870.2000,3870.0000,3869.4000,3868.8000,3872.8000,3873.6000,3875.0000,3876.6000,3877.6000,1,2,1,1,1,3,1,9,1,1
SF,IF2007,2020-06-12 09:31:53.200,3872.8000,25066,-5,1082433780.000,7,1,6,多平,S,3872.8000,3870.2000,3870.0000,3869.4000,3868.8000,3873.6000,3875.0000,3876.6000,3877.6000,3880.0000,1,2,1,1,1,1,9,1,1,5
SF,IF2007,2020-06-12 09:31:53.700,3873.6000,25062,-4,1087081560.000,4,0,4,双平,S,3873.6000,3871.8000,3870.2000,3870.0000,3869.4000,3875.0000,3876.6000,3877.6000,3880.0000,3882.0000,2,5,2,1,1,9,1,1,5,1
SF,IF2007,2020-06-12 09:31:54.200,3874.4000,25050,-12,1106837460.000,17,2,15,多平,S,3871.8000,3870.2000,3870.0000,3869.4000,3868.8000,3874.8000,3875.0000,3875.2000,3876.6000,3877.6000,5,2,1,1,1,1,9,3,1,1
SF,IF2007,2020-06-12 09:31:54.700,3874.8000,25047,-3,1114973460.000,7,2,5,多平,S,3874.8000,3872.8000,3872.0000,3871.8000,3870.2000,3875.0000,3875.2000,3876.6000,3877.6000,3880.0000,5,1,1,5,1,8,3,1,1,5
SF,IF2007,2020-06-12 09:31:55.200,3872.8000,25037,-10,1127759700.000,11,0,11,多平,S,3872.0000,3871.8000,3870.2000,3870.0000,3869.4000,3874.0000,3874.6000,3874.8000,3875.0000,3875.2000,1,5,1,1,1,1,1,1,8,3
SF,IF2007,2020-06-12 09:31:55.700,3874.0000,25036,-1,1130084100.000,2,0,2,多平,S,3872.4000,3872.2000,3872.0000,3871.8000,3870.2000,3874.8000,3875.0000,3876.6000,3877.0000,3877.6000,1,2,1,5,1,1,8,1,2,1
SF,IF2007,2020-06-12 09:31:56.200,3872.6000,25036,0,1131245880.000,1,0,1,多换,S,3872.6000,3872.4000,3871.8000,3870.2000,3870.0000,3873.6000,3874.8000,3875.0000,3876.6000,3877.0000,1,1,5,1,1,1,1,8,1,2
SF,IF2007,2020-06-12 09:31:56.700,3875.0000,25030,-6,1139382540.000,7,0,7,多平,S,3873.6000,3873.0000,3872.8000,3872.4000,3871.8000,3875.0000,3877.0000,3877.6000,3880.0000,3880.2000,1,2,1,1,5,3,2,1,6,1
SF,IF2007,2020-06-12 09:31:57.200,3875.0000,25026,-4,1144031460.000,4,0,4,双平,S,3873.8000,3873.6000,3872.4000,3871.8000,3870.2000,3874.4000,3875.0000,3877.0000,3877.6000,3880.0000,1,1,1,5,1,1,2,2,1,1
SF,IF2007,2020-06-12 09:31:57.700,3874.2000,25025,-1,1146356100.000,2,0,2,多平,S,3872.4000,3871.8000,3870.2000,3870.0000,3869.4000,3875.0000,3877.0000,3880.0000,3880.2000,3882.0000,1,5,1,1,1,2,2,1,1,1
SF,IF2007,2020-06-12 09:31:58.200,3875.0000,25025,0,1148681100.000,2,1,1,多换,S,3874.0000,3873.8000,3872.6000,3871.8000,3870.2000,3877.0000,3880.0000,3880.2000,3882.0000,3882.8000,1,1,1,5,1,2,1,1,1,1
SF,IF2007,2020-06-12 09:31:58.700,3877.0000,25023,-2,1154495820.000,5,1,4,多平,S,3875.0000,3874.4000,3874.2000,3871.8000,3870.2000,3880.0000,3880.2000,3882.0000,3882.8000,3885.0000,6,1,1,5,1,1,1,1,1,5
SF,IF2007,2020-06-12 09:31:59.200,3875.0000,25020,-3,1160308440.000,5,1,4,多平,S,3875.0000,3874.4000,3871.8000,3870.2000,3870.0000,3876.2000,3876.4000,3876.6000,3877.6000,3877.8000,4,1,5,1,1,1,1,3,5,1
SF,IF2007,2020-06-12 09:31:59.700,3876.2000,25019,-1,1162633800.000,2,0,2,多平,S,3875.0000,3874.4000,3871.8000,3870.2000,3870.0000,3877.8000,3878.2000,3878.4000,3878.6000,3879.0000,3,1,5,1,1,2,1,3,1,1
SF,IF2007,2020-06-12 09:32:00.200,3875.0000,25013,-6,1173100320.000,9,1,8,多平,S,3875.0000,3874.4000,3871.8000,3870.2000,3870.0000,3877.4000,3877.6000,3877.8000,3878.4000,3878.6000,1,1,5,1,1,2,1,1,3,1
SF,IF2007,2020-06-12 09:32:00.700,3877.0000,25013,0,1177750920.000,4,2,2,多换,S,3874.4000,3871.8000,3870.2000,3870.0000,3868.8000,3877.2000,3877.4000,3877.8000,3878.4000,3878.6000,1,5,1,1,1,1,2,1,3,1
SF,IF2007,2020-06-12 09:32:01.200,3876.2000,25013,0,1180076880.000,2,1,1,多换,S,3876.2000,3874.8000,3874.4000,3871.8000,3870.2000,3876.6000,3877.0000,3877.2000,3878.4000,3878.6000,6,1,1,5,1,1,1,1,3,1
SF,IF2007,2020-06-12 09:32:01.700,3876.2000,25008,-5,1188217020.000,7,1,6,多平,S,3875.0000,3874.8000,3874.4000,3871.8000,3870.2000,3877.8000,3878.4000,3878.6000,3879.0000,3879.6000,1,1,1,5,1,1,3,1,1,3
SF,IF2007,2020-06-12 09:32:02.200,3876.2000,25008,0,1188217020.000,0,-,-,-,-,3877.2000,3876.8000,3875.0000,3874.8000,3874.4000,3877.4000,3877.6000,3877.8000,3878.4000,3878.6000,1,1,2,1,1,1,1,1,3,1
SF,IF2007,2020-06-12 09:32:02.700,3877.2000,25008,0,1190543400.000,2,1,1,多换,S,3876.8000,3875.0000,3874.8000,3874.4000,3871.8000,3877.2000,3877.8000,3878.6000,3879.0000,3879.8000,1,2,1,1,5,1,1,1,1,1
SF,IF2007,2020-06-12 09:32:03.200,3876.8000,25007,-1,1191706440.000,1,0,1,双平,S,3875.0000,3874.8000,3874.4000,3871.8000,3870.2000,3876.8000,3877.8000,3878.6000,3879.0000,3879.8000,3,1,1,5,1,1,1,1,1,1
SF,IF2007,2020-06-12 09:32:03.700,3875.2000,25005,-2,1195194660.000,3,0,3,多平,S,3875.2000,3875.0000,3874.8000,3874.4000,3871.8000,3877.8000,3879.8000,3880.0000,3881.2000,3882.0000,1,3,1,1,5,1,1,1,1,1
SF,IF2007,2020-06-12 09:32:04.200,3875.0000,25005,0,1196357160.000,1,0,1,多换,S,3877.4000,3875.0000,3874.8000,3871.8000,3870.2000,3877.6000,3877.8000,3879.8000,3880.0000,3881.2000,1,1,1,5,1,2,1,1,1,1
SF,IF2007,2020-06-12 09:32:04.700,3877.2000,25005,0,1199846700.000,3,1,2,多换,S,3877.2000,3875.0000,3874.8000,3871.8000,3870.2000,3877.4000,3877.6000,3877.8000,3879.8000,3880.0000,18,1,1,5,1,4,1,1,1,1
SF,IF2007,2020-06-12 09:32:05.200,3875.0000,25005,0,1221946080.000,19,9,10,多换,S,3871.8000,3870.2000,3868.8000,3868.6000,3868.4000,3875.6000,3877.2000,3877.4000,3877.6000,3877.8000,5,1,1,1,1,3,4,5,1,1
SF,IF2007,2020-06-12 09:32:05.700,3875.0000,25005,0,1221946080.000,0,-,-,-,-,3874.2000,3873.0000,3872.4000,3872.0000,3871.8000,3875.4000,3875.6000,3876.8000,3877.2000,3877.6000,1,2,1,1,5,1,3,1,4,1
SF,IF2007,2020-06-12 09:32:06.200,3875.2000,25004,-1,1225433760.000,3,1,2,多平,S,3873.0000,3872.4000,3872.0000,3871.8000,3870.2000,3875.2000,3875.6000,3876.8000,3877.2000,3877.6000,2,1,1,5,1,1,1,1,3,1
SF,IF2007,2020-06-12 09:32:06.700,3875.6000,25005,1,1232408580.000,6,3,3,空开,S,3872.4000,3871.8000,3870.2000,3868.8000,3868.6000,3875.8000,3876.8000,3877.2000,3877.6000,3879.8000,1,5,1,1,1,1,1,3,1,1
SF,IF2007,2020-06-12 09:32:07.200,3875.6000,25005,0,1232408580.000,0,-,-,-,-,3873.6000,3872.6000,3872.4000,3871.8000,3870.2000,3875.6000,3875.8000,3877.0000,3877.2000,3877.6000,1,1,1,5,1,2,1,1,3,1
SF,IF2007,2020-06-12 09:32:07.700,3873.8000,25005,0,1233570720.000,1,0,1,多换,S,3875.2000,3873.6000,3872.6000,3872.4000,3871.8000,3875.4000,3875.6000,3875.8000,3877.0000,3877.2000,1,1,1,1,5,2,2,1,1,2
SF,IF2007,2020-06-12 09:32:08.200,3872.6000,25004,-1,1238218800.000,4,1,3,多平,S,3871.8000,3870.2000,3868.8000,3868.6000,3868.4000,3872.0000,3875.2000,3875.4000,3875.6000,3875.8000,5,1,1,1,1,2,2,2,2,1
SF,IF2007,2020-06-12 09:32:08.700,3872.0000,25004,0,1241703600.000,3,1,2,多换,S,3872.4000,3872.2000,3872.0000,3871.8000,3870.2000,3875.4000,3875.6000,3875.8000,3877.0000,3877.2000,1,1,12,6,1,1,2,1,1,1
SF,IF2007,2020-06-12 09:32:09.200,3872.0000,25003,-1,1242865200.000,1,0,1,双平,S,3872.4000,3872.0000,3871.8000,3871.4000,3870.2000,3873.6000,3875.2000,3875.4000,3875.6000,3875.8000,2,7,5,1,1,2,1,1,2,1
SF,IF2007,2020-06-12 09:32:09.700,3875.4000,25000,-3,1248676620.000,5,1,4,多平,S,3875.4000,3873.6000,3872.4000,3872.0000,3871.8000,3875.6000,3877.0000,3877.2000,3877.6000,3879.8000,5,2,2,5,5,2,1,1,1,1
SF,IF2007,2020-06-12 09:32:10.200,3872.4000,24996,-4,1257975600.000,8,2,6,多平,S,3872.0000,3871.8000,3870.2000,3868.8000,3868.6000,3872.4000,3874.0000,3874.4000,3874.8000,3875.2000,3,5,1,1,1,5,1,1,1,1
SF,IF2007,2020-06-12 09:32:10.700,3872.4000,24990,-6,1264945920.000,6,0,6,双平,S,3872.4000,3872.0000,3871.8000,3870.2000,3868.8000,3874.0000,3874.4000,3874.8000,3875.2000,3875.4000,5,3,5,1,1,1,1,1,1,1
SF,IF2007,2020-06-12 09:32:11.200,3872.4000,24987,-3,1268431080.000,3,0,3,双平,S,3872.0000,3871.8000,3870.2000,3868.8000,3868.6000,3874.0000,3874.2000,3874.4000,3874.8000,3875.0000,4,5,1,1,1,1,1,1,1,1
SF,IF2007,2020-06-12 09:32:11.700,3874.0000,24988,1,1269593280.000,1,1,0,双开,S,3874.0000,3873.2000,3872.2000,3872.0000,3871.8000,3874.4000,3874.8000,3875.0000,3875.2000,3875.6000,1,1,2,3,5,1,1,1,2,1
SF,IF2007,2020-06-12 09:32:12.200,3874.0000,24988,0,1270755480.000,1,0,1,多换,S,3872.2000,3872.0000,3871.8000,3871.2000,3868.8000,3873.8000,3874.0000,3874.2000,3874.4000,3874.8000,1,3,5,1,1,2,7,3,1,1
SF,IF2007,2020-06-12 09:32:12.700,3872.2000,24988,0,1271917140.000,1,0,1,多换,S,3872.0000,3871.8000,3871.2000,3868.8000,3868.6000,3872.2000,3873.6000,3873.8000,3874.0000,3874.2000,3,5,1,1,1,2,1,2,1,2
SF,IF2007,2020-06-12 09:32:13.200,3871.8000,24987,-1,1284694500.000,11,5,6,多平,S,3871.2000,3868.8000,3868.6000,3868.4000,3866.0000,3873.6000,3873.8000,3874.0000,3874.2000,3874.4000,1,1,1,1,1,1,1,1,2,1
SF,IF2007,2020-06-12 09:32:13.700,3871.2000,24986,-1,1289340660.000,4,1,3,多平,S,3868.8000,3868.6000,3868.4000,3866.0000,3865.8000,3873.2000,3873.4000,3873.6000,3873.8000,3874.0000,1,1,1,1,1,2,2,2,1,1
SF,IF2007,2020-06-12 09:32:14.200,3871.2000,24986,0,1290502020.000,1,0,1,多换,S,3868.8000,3868.6000,3868.4000,3866.0000,3865.8000,3872.2000,3873.0000,3873.2000,3873.6000,3873.8000,1,1,1,1,1,1,6,3,1,1
SF,IF2007,2020-06-12 09:32:14.700,3870.8000,24986,0,1291663260.000,1,0,1,多换,S,3868.8000,3868.6000,3868.4000,3866.0000,3865.8000,3872.0000,3872.2000,3873.0000,3873.2000,3873.6000,1,1,1,1,1,1,1,5,3,1
SF,IF2007,2020-06-12 09:32:15.200,3870.4000,24986,0,1292824380.000,1,0,1,多换,S,3868.8000,3868.6000,3868.4000,3866.0000,3865.8000,3871.8000,3872.0000,3872.2000,3872.4000,3873.0000,1,1,1,1,1,1,2,1,1,3
SF,IF2007,2020-06-12 09:32:15.700,3871.8000,24985,-1,1295147400.000,2,0,2,多平,S,3871.8000,3870.2000,3869.0000,3868.8000,3868.6000,3872.0000,3872.2000,3872.4000,3873.0000,3873.2000,3,1,1,1,1,1,1,1,3,3
SF,IF2007,2020-06-12 09:32:16.200,3868.8000,24980,-5,1302114900.000,6,0,6,多平,S,3868.6000,3868.4000,3866.0000,3865.8000,3864.6000,3868.8000,3870.6000,3870.8000,3871.0000,3871.8000,1,1,1,1,2,5,1,1,1,4
SF,IF2007,2020-06-12 09:32:16.700,3868.8000,24973,-7,1312560660.000,9,1,8,多平,S,3868.8000,3868.6000,3868.4000,3866.0000,3865.8000,3870.6000,3871.4000,3871.8000,3872.0000,3872.2000,5,3,1,1,1,1,1,1,7,1
SF,IF2007,2020-06-12 09:32:17.200,3868.8000,24973,0,1312560660.000,0,-,-,-,-,3869.0000,3868.8000,3868.6000,3868.4000,3866.0000,3870.6000,3871.4000,3871.8000,3872.0000,3872.2000,1,4,3,1,1,1,2,1,7,1
SF,IF2007,2020-06-12 09:32:17.700,3868.8000,24973,0,1312560660.000,0,-,-,-,-,3869.0000,3868.8000,3868.6000,3868.4000,3866.0000,3870.6000,3871.4000,3871.8000,3872.0000,3872.2000,1,1,3,1,1,1,2,1,7,1
SF,IF2007,2020-06-12 09:32:18.200,3868.8000,24973,0,1312560660.000,0,-,-,-,-,3869.0000,3868.8000,3868.6000,3868.4000,3866.0000,3870.6000,3871.4000,3871.8000,3872.0000,3872.2000,1,1,3,1,1,2,1,1,7,1
SF,IF2007,2020-06-12 09:32:18.700,3868.8000,24973,0,1312560660.000,0,-,-,-,-,3869.2000,3869.0000,3868.8000,3868.6000,3868.4000,3870.6000,3871.4000,3871.8000,3872.0000,3872.2000,1,1,1,3,1,2,1,1,7,1
SF,IF2007,2020-06-12 09:32:19.200,3869.8000,24971,-2,1314882780.000,2,0,2,双平,S,3869.6000,3869.4000,3868.8000,3868.6000,3868.4000,3870.2000,3871.4000,3871.8000,3872.0000,3872.2000,2,4,1,1,1,1,1,1,3,1
SF,IF2007,2020-06-12 09:32:19.700,3869.8000,24968,-3,1318365840.000,3,0,3,双平,S,3869.8000,3869.4000,3868.6000,3868.4000,3866.2000,3871.4000,3871.8000,3872.0000,3872.2000,3872.4000,1,2,1,1,2,1,1,3,1,1
SF,IF2007,2020-06-12 09:32:20.200,3869.8000,24968,0,1319526780.000,1,0,1,多换,S,3869.4000,3868.6000,3868.4000,3866.2000,3866.0000,3869.8000,3870.0000,3871.4000,3871.8000,3872.0000,2,1,1,2,1,1,1,2,1,3
SF,IF2007,2020-06-12 09:32:20.700,3869.8000,24967,-1,1320687720.000,1,0,1,双平,S,3868.6000,3868.4000,3866.2000,3866.0000,3865.8000,3869.8000,3870.0000,3871.4000,3871.8000,3872.0000,1,1,2,1,1,1,1,1,1,3
SF,IF2007,2020-06-12 09:32:21.200,3869.8000,24967,0,1320687720.000,0,-,-,-,-,3868.6000,3868.4000,3866.2000,3866.0000,3865.8000,3870.0000,3871.4000,3871.8000,3872.0000,3872.2000,1,1,2,1,1,1,1,1,3,1
SF,IF2007,2020-06-12 09:32:21.700,3869.8000,24967,0,1320687720.000,0,-,-,-,-,3868.6000,3868.4000,3866.2000,3866.0000,3865.8000,3870.0000,3870.2000,3871.4000,3871.8000,3872.0000,1,1,2,1,1,1,1,1,1,3
SF,IF2007,2020-06-12 09:32:22.200,3868.6000,24966,-1,1321848300.000,1,0,1,双平,S,3868.4000,3866.2000,3866.0000,3865.8000,3864.6000,3870.0000,3870.2000,3870.6000,3871.2000,3871.4000,1,2,1,1,2,1,1,1,1,1
SF,IF2007,2020-06-12 09:32:22.700,3868.6000,24966,0,1321848300.000,0,-,-,-,-,3868.6000,3868.4000,3866.2000,3866.0000,3865.8000,3870.0000,3870.2000,3870.6000,3871.2000,3871.4000,1,1,2,1,1,1,1,1,1,1
SF,IF2007,2020-06-12 09:32:23.200,3868.6000,24966,0,1321848300.000,0,-,-,-,-,3868.8000,3868.4000,3866.2000,3866.0000,3865.8000,3870.0000,3870.2000,3870.6000,3871.2000,3871.4000,3,1,2,1,1,1,1,1,1,1
SF,IF2007,2020-06-12 09:32:23.700,3870.0000,24965,-1,1323009300.000,1,0,1,双平,S,3868.8000,3868.4000,3866.2000,3866.0000,3865.8000,3870.2000,3870.6000,3871.2000,3871.4000,3871.8000,3,1,2,1,1,1,1,1,1,1
SF,IF2007,2020-06-12 09:32:24.200,3870.2000,24966,1,1324170360.000,1,1,0,双开,S,3868.8000,3868.4000,3866.2000,3866.0000,3865.8000,3870.6000,3871.2000,3871.4000,3871.8000,3872.0000,3,1,2,1,1,1,1,1,1,1
SF,IF2007,2020-06-12 09:32:24.700,3870.2000,24966,0,1324170360.000,0,-,-,-,-,3868.8000,3868.4000,3866.2000,3866.0000,3865.8000,3870.0000,3870.6000,3871.2000,3871.4000,3871.8000,3,1,2,1,1,2,4,1,1,1
SF,IF2007,2020-06-12 09:32:25.200,3869.0000,24965,-1,1326492060.000,2,0,2,多平,S,3869.0000,3868.8000,3868.4000,3866.2000,3866.0000,3870.0000,3870.6000,3871.2000,3871.4000,3871.8000,1,3,1,2,1,1,4,1,1,1
SF,IF2007,2020-06-12 09:32:25.700,3870.0000,24965,0,1327653060.000,1,0,1,多换,S,3869.2000,3869.0000,3868.4000,3866.2000,3866.0000,3870.6000,3871.2000,3871.4000,3871.8000,3872.0000,3,1,1,2,1,4,1,1,1,1
SF,IF2007,2020-06-12 09:32:26.200,3870.0000,24965,0,1327653060.000,0,-,-,-,-,3869.2000,3868.4000,3866.2000,3866.0000,3865.8000,3870.6000,3871.2000,3871.4000,3871.8000,3872.0000,1,1,2,1,1,4,1,1,1,1
SF,IF2007,2020-06-12 09:32:26.700,3870.0000,24965,0,1327653060.000,0,-,-,-,-,3868.4000,3866.2000,3866.0000,3865.8000,3864.6000,3870.6000,3871.2000,3871.4000,3871.8000,3872.0000,1,2,1,1,2,4,1,1,1,1
SF,IF2007,2020-06-12 09:32:27.200,3870.0000,24965,0,1327653060.000,0,-,-,-,-,3868.6000,3868.4000,3866.2000,3866.0000,3865.8000,3870.4000,3870.6000,3871.2000,3871.4000,3871.8000,3,1,2,1,1,2,4,1,1,1
SF,IF2007,2020-06-12 09:32:27.700,3870.0000,24965,0,1327653060.000,0,-,-,-,-,3868.8000,3868.6000,3868.4000,3866.2000,3866.0000,3870.4000,3870.6000,3871.2000,3871.4000,3871.8000,1,3,1,2,1,3,4,1,1,1
SF,IF2007,2020-06-12 09:32:28.200,3870.0000,24965,0,1327653060.000,0,-,-,-,-,3868.6000,3868.4000,3866.2000,3866.0000,3864.6000,3869.0000,3870.2000,3870.4000,3870.6000,3871.2000,3,1,2,1,2,1,2,2,4,1
SF,IF2007,2020-06-12 09:32:28.700,3870.0000,24965,0,1327653060.000,0,-,-,-,-,3868.6000,3868.4000,3866.2000,3866.0000,3864.6000,3869.0000,3870.2000,3870.4000,3870.6000,3871.2000,1,1,2,1,2,1,2,2,3,1
SF,IF2007,2020-06-12 09:32:29.200,3868.6000,24964,-1,1328813640.000,1,0,1,双平,S,3868.4000,3866.2000,3866.0000,3864.6000,3864.2000,3869.0000,3869.4000,3870.2000,3870.4000,3870.6000,1,2,1,2,2,1,1,2,2,3
SF,IF2007,2020-06-12 09:32:29.700,3868.4000,24963,-1,1329974160.000,1,0,1,双平,S,3866.2000,3866.0000,3864.6000,3864.2000,3863.6000,3868.6000,3869.0000,3869.4000,3870.4000,3870.6000,2,1,2,2,1,1,1,1,2,3
SF,IF2007,2020-06-12 09:32:30.200,3867.2000,24964,1,1332294840.000,2,1,1,空开,S,3866.8000,3866.6000,3866.2000,3866.0000,3864.6000,3868.6000,3869.0000,3869.4000,3870.4000,3870.6000,1,4,2,1,2,1,1,1,1,3
SF,IF2007,2020-06-12 09:32:30.700,3868.6000,24961,-3,1335776460.000,3,0,3,双平,S,3867.8000,3867.6000,3867.2000,3867.0000,3866.8000,3869.0000,3869.4000,3870.4000,3870.6000,3871.2000,1,1,2,1,1,1,1,1,3,1
SF,IF2007,2020-06-12 09:32:31.200,3869.4000,24960,-1,1339258680.000,3,1,2,多平,S,3868.2000,3868.0000,3867.8000,3866.8000,3866.6000,3870.4000,3870.6000,3871.2000,3871.4000,3872.0000,1,1,1,1,2,1,3,1,1,1
SF,IF2007,2020-06-12 09:32:31.700,3869.4000,24960,0,1339258680.000,0,-,-,-,-,3869.6000,3868.2000,3867.8000,3866.8000,3866.6000,3870.2000,3870.4000,3870.6000,3871.2000,3871.4000,1,1,1,1,2,1,1,3,1,1
SF,IF2007,2020-06-12 09:32:32.200,3867.8000,24959,-1,1341579360.000,2,0,2,多平,S,3866.6000,3866.2000,3866.0000,3864.6000,3864.2000,3870.4000,3870.6000,3871.2000,3871.4000,3872.0000,2,2,1,2,2,1,3,1,1,1
SF,IF2007,2020-06-12 09:32:32.700,3867.8000,24957,-2,1343900040.000,2,0,2,双平,S,3867.6000,3866.8000,3866.6000,3866.2000,3866.0000,3870.2000,3870.4000,3870.6000,3871.2000,3871.4000,1,3,2,2,1,2,1,3,1,1
SF,IF2007,2020-06-12 09:32:33.200,3867.8000,24957,0,1343900040.000,0,-,-,-,-,3867.8000,3867.6000,3866.8000,3866.6000,3866.2000,3869.2000,3869.6000,3870.0000,3870.2000,3870.4000,3,1,1,2,2,1,1,1,2,1
SF,IF2007,2020-06-12 09:32:33.700,3869.6000,24956,-1,1346221680.000,2,0,2,多平,S,3868.2000,3868.0000,3867.8000,3866.8000,3866.6000,3869.6000,3870.0000,3870.2000,3870.4000,3870.6000,3,1,1,1,2,2,1,2,1,3
SF,IF2007,2020-06-12 09:32:34.200,3869.6000,24956,0,1346221680.000,0,-,-,-,-,3869.2000,3868.6000,3868.4000,3867.6000,3866.8000,3869.6000,3870.2000,3870.4000,3870.6000,3871.2000,1,3,2,1,1,1,2,1,3,1
SF,IF2007,2020-06-12 09:32:34.700,3869.2000,24955,-1,1348543260.000,2,0,2,多平,S,3868.6000,3868.4000,3867.6000,3867.2000,3866.8000,3869.6000,3870.6000,3871.6000,3872.0000,3872.2000,1,1,1,1,1,1,3,1,1,1
SF,IF2007,2020-06-12 09:32:35.200,3868.6000,24954,-1,1350864480.000,2,0,2,多平,S,3868.4000,3867.6000,3867.2000,3866.8000,3866.6000,3868.6000,3869.4000,3869.6000,3870.0000,3870.6000,1,1,1,1,2,1,1,1,1,3
SF,IF2007,2020-06-12 09:32:35.700,3868.6000,24955,1,1353185640.000,2,1,1,空开,S,3868.4000,3867.6000,3867.2000,3866.6000,3866.2000,3869.6000,3870.0000,3870.6000,3871.6000,3872.0000,1,1,1,2,2,1,1,3,1,1
SF,IF2007,2020-06-12 09:32:36.200,3868.6000,24955,0,1353185640.000,0,-,-,-,-,3868.6000,3868.4000,3867.2000,3866.6000,3866.2000,3869.4000,3869.6000,3869.8000,3870.0000,3870.6000,1,1,1,2,2,1,1,1,1,3
SF,IF2007,2020-06-12 09:32:36.700,3869.6000,24955,0,1355507340.000,2,1,1,多换,S,3869.4000,3868.8000,3868.6000,3867.2000,3866.6000,3869.8000,3870.0000,3870.6000,3871.6000,3872.0000,2,4,1,1,2,1,1,3,1,1
SF,IF2007,2020-06-12 09:32:37.200,3869.4000,24954,-1,1357828980.000,2,0,2,多平,S,3869.0000,3868.8000,3868.6000,3867.2000,3866.6000,3869.8000,3870.0000,3870.6000,3871.6000,3872.0000,1,3,1,1,2,1,1,3,1,1
SF,IF2007,2020-06-12 09:32:37.700,3868.8000,24953,-1,1362471600.000,4,1,3,多平,S,3868.6000,3867.2000,3866.6000,3866.2000,3866.0000,3869.2000,3869.6000,3869.8000,3870.0000,3870.6000,1,1,2,2,1,1,1,1,1,3
SF,IF2007,2020-06-12 09:32:38.200,3869.8000,24954,1,1365953820.000,3,2,1,空开,S,3867.2000,3866.6000,3866.2000,3866.0000,3864.6000,3870.0000,3870.6000,3871.6000,3872.0000,3872.2000,1,1,2,2,2,1,3,1,1,1
SF,IF2007,2020-06-12 09:32:38.700,3869.8000,24954,0,1365953820.000,0,-,-,-,-,3867.6000,3867.2000,3866.6000,3866.2000,3866.0000,3869.0000,3869.6000,3869.8000,3870.0000,3870.6000,2,1,1,2,2,1,3,1,1,3
SF,IF2007,2020-06-12 09:32:39.200,3869.8000,24954,0,1365953820.000,0,-,-,-,-,3868.0000,3867.6000,3867.2000,3866.6000,3866.2000,3868.8000,3869.0000,3869.2000,3869.6000,3869.8000,2,1,1,1,2,1,1,2,3,1
SF,IF2007,2020-06-12 09:32:39.700,3868.0000,24953,-1,1368274620.000,2,0,2,多平,S,3867.2000,3866.6000,3866.2000,3866.0000,3864.6000,3868.6000,3869.0000,3869.6000,3869.8000,3870.0000,1,1,2,2,2,2,1,2,1,1
SF,IF2007,2020-06-12 09:32:40.200,3867.4000,24954,1,1371755940.000,3,2,1,空开,S,3867.2000,3866.6000,3866.2000,3866.0000,3864.6000,3868.4000,3868.6000,3868.8000,3869.0000,3869.6000,1,1,2,2,2,1,1,1,1,2
SF,IF2007,2020-06-12 09:32:40.700,3867.4000,24954,0,1371755940.000,0,-,-,-,-,3867.2000,3866.6000,3866.2000,3866.0000,3864.6000,3867.6000,3868.2000,3868.6000,3869.0000,3869.6000,1,1,2,2,2,1,1,1,1,2
SF,IF2007,2020-06-12 09:32:41.200,3868.2000,24955,1,1374076680.000,2,1,1,空开,S,3868.2000,3867.2000,3866.6000,3866.2000,3866.0000,3868.6000,3869.0000,3869.6000,3869.8000,3870.0000,1,1,1,2,2,1,1,2,1,1
SF,IF2007,2020-06-12 09:32:41.700,3868.2000,24955,0,1375237140.000,1,0,1,多换,S,3867.2000,3866.6000,3866.2000,3866.0000,3864.6000,3868.2000,3868.6000,3869.0000,3869.6000,3869.8000,1,1,2,2,2,1,1,1,3,1
SF,IF2007,2020-06-12 09:32:42.200,3868.2000,24955,0,1375237140.000,0,-,-,-,-,3867.2000,3866.6000,3866.2000,3866.0000,3864.6000,3868.6000,3869.0000,3869.6000,3869.8000,3870.0000,1,1,2,2,2,1,1,3,1,1
SF,IF2007,2020-06-12 09:32:42.700,3868.2000,24955,0,1375237140.000,0,-,-,-,-,3867.2000,3866.6000,3866.4000,3866.2000,3866.0000,3868.4000,3868.6000,3869.0000,3869.6000,3869.8000,2,1,3,2,2,1,1,1,3,1
SF,IF2007,2020-06-12 09:32:43.200,3868.6000,24956,1,1376397720.000,1,1,0,双开,S,3867.2000,3866.6000,3866.4000,3866.2000,3866.0000,3869.0000,3869.6000,3869.8000,3870.0000,3870.6000,2,1,3,2,2,1,3,1,1,3
SF,IF2007,2020-06-12 09:32:43.700,3868.6000,24956,0,1376397720.000,0,-,-,-,-,3867.2000,3866.6000,3866.4000,3866.2000,3866.0000,3868.6000,3868.8000,3869.0000,3869.6000,3869.8000,2,1,3,2,1,1,1,1,3,1
SF,IF2007,2020-06-12 09:32:44.200,3868.6000,24956,0,1376397720.000,0,-,-,-,-,3867.2000,3866.6000,3866.4000,3866.2000,3866.0000,3869.0000,3869.6000,3869.8000,3870.0000,3870.6000,1,1,3,2,1,1,3,1,1,3
SF,IF2007,2020-06-12 09:32:44.700,3868.8000,24956,0,1377558360.000,1,0,1,多换,S,3867.4000,3867.2000,3866.6000,3866.4000,3866.2000,3869.0000,3869.6000,3869.8000,3870.0000,3870.6000,1,1,1,3,2,1,3,1,1,3
SF,IF2007,2020-06-12 09:32:45.200,3867.6000,24957,1,1378718640.000,1,1,0,双开,S,3867.6000,3867.2000,3866.6000,3866.4000,3866.2000,3869.0000,3869.4000,3869.6000,3870.0000,3870.6000,1,1,1,3,2,1,1,3,1,3
SF,IF2007,2020-06-12 09:32:45.700,3867.6000,24957,0,1378718640.000,0,-,-,-,-,3867.6000,3867.2000,3866.4000,3866.2000,3866.0000,3868.6000,3868.8000,3869.0000,3869.4000,3869.6000,1,1,3,2,1,1,1,1,1,4
SF,IF2007,2020-06-12 09:32:46.200,3867.6000,24957,0,1378718640.000,0,-,-,-,-,3867.6000,3867.2000,3866.4000,3866.2000,3866.0000,3868.4000,3868.6000,3869.0000,3869.4000,3869.6000,1,1,3,2,1,1,1,1,1,4
SF,IF2007,2020-06-12 09:32:46.700,3867.6000,24957,0,1378718640.000,0,-,-,-,-,3867.6000,3867.2000,3866.4000,3866.2000,3866.0000,3868.2000,3869.0000,3869.4000,3869.6000,3870.0000,1,1,3,2,1,1,1,1,4,1
SF,IF2007,2020-06-12 09:32:47.200,3868.0000,24958,1,1382199600.000,3,2,1,空开,S,3868.6000,3867.2000,3866.4000,3866.2000,3866.0000,3869.0000,3869.4000,3869.6000,3870.0000,3870.6000,1,1,3,2,2,1,1,4,1,3
SF,IF2007,2020-06-12 09:32:47.700,3868.6000,24958,0,1383360180.000,1,0,1,多换,S,3867.2000,3866.4000,3866.2000,3866.0000,3864.8000,3867.6000,3868.2000,3868.4000,3868.6000,3869.0000,1,3,2,2,1,1,1,1,2,1
SF,IF2007,2020-06-12 09:32:48.200,3867.4000,24957,-1,1385680680.000,2,0,2,多平,S,3867.2000,3866.4000,3866.2000,3866.0000,3864.8000,3869.0000,3869.4000,3869.6000,3870.0000,3870.6000,3,3,2,2,1,2,1,4,1,3
SF,IF2007,2020-06-12 09:32:48.700,3867.4000,24957,0,1385680680.000,0,-,-,-,-,3867.4000,3867.2000,3866.4000,3866.2000,3866.0000,3868.6000,3869.0000,3869.4000,3869.6000,3870.0000,2,1,3,2,2,2,2,1,4,1
SF,IF2007,2020-06-12 09:32:49.200,3866.4000,24958,1,1391481420.000,5,3,2,空开,S,3866.4000,3866.2000,3866.0000,3864.8000,3864.6000,3869.0000,3869.4000,3869.6000,3870.0000,3870.2000,2,2,2,1,2,2,1,4,1,5
SF,IF2007,2020-06-12 09:32:49.700,3866.4000,24958,0,1391481420.000,0,-,-,-,-,3866.8000,3866.6000,3866.4000,3866.2000,3866.0000,3868.6000,3869.0000,3869.4000,3869.6000,3870.0000,1,2,2,2,2,1,12,1,4,1
SF,IF2007,2020-06-12 09:32:50.200,3866.4000,24958,0,1391481420.000,0,-,-,-,-,3867.0000,3866.8000,3866.6000,3866.4000,3866.2000,3867.2000,3868.6000,3869.0000,3869.4000,3869.6000,1,1,2,2,2,3,1,12,1,4
SF,IF2007,2020-06-12 09:32:50.700,3866.2000,24957,-1,1400761740.000,8,3,5,多平,S,3866.2000,3866.0000,3864.6000,3864.2000,3863.6000,3868.6000,3869.0000,3869.4000,3869.6000,3870.0000,1,2,2,2,1,1,12,1,4,1
SF,IF2007,2020-06-12 09:32:51.200,3866.2000,24957,0,1400761740.000,0,-,-,-,-,3866.4000,3866.2000,3866.0000,3864.6000,3864.2000,3867.0000,3867.6000,3868.2000,3868.6000,3869.0000,1,1,2,2,2,1,1,2,1,12
SF,IF2007,2020-06-12 09:32:51.700,3866.4000,24957,0,1401921660.000,1,0,1,多换,S,3866.2000,3866.0000,3864.6000,3864.2000,3863.6000,3867.6000,3868.0000,3868.6000,3869.0000,3869.4000,1,2,2,2,1,2,8,1,12,2
SF,IF2007,2020-06-12 09:32:52.200,3867.6000,24959,2,1410040380.000,7,4,3,空开,S,3864.2000,3863.6000,3863.0000,3862.8000,3861.0000,3866.6000,3867.6000,3868.0000,3868.6000,3869.0000,2,1,1,1,1,3,1,8,1,12
SF,IF2007,2020-06-12 09:32:52.700,3866.6000,24958,-1,1412360340.000,2,0,2,多平,S,3865.2000,3864.8000,3864.6000,3864.2000,3863.6000,3866.6000,3867.6000,3868.0000,3868.6000,3869.0000,1,1,1,2,1,2,1,8,1,12
SF,IF2007,2020-06-12 09:32:53.200,3866.6000,24958,0,1412360340.000,0,-,-,-,-,3865.4000,3865.2000,3864.6000,3864.2000,3863.6000,3866.6000,3867.6000,3868.0000,3868.6000,3869.0000,1,1,1,2,1,2,1,8,1,12
SF,IF2007,2020-06-12 09:32:53.700,3866.6000,24957,-1,1413520320.000,1,0,1,双平,S,3865.8000,3865.6000,3865.2000,3864.6000,3864.2000,3866.6000,3867.0000,3867.6000,3868.0000,3868.6000,1,1,1,1,2,1,1,1,8,1
SF,IF2007,2020-06-12 09:32:54.200,3865.8000,24957,0,1414680060.000,1,0,1,多换,S,3865.2000,3864.6000,3864.2000,3863.6000,3863.0000,3866.6000,3867.0000,3867.6000,3868.0000,3868.6000,1,1,2,1,2,1,1,1,8,1
SF,IF2007,2020-06-12 09:32:54.700,3866.6000,24957,0,1415840040.000,1,0,1,多换,S,3865.4000,3865.2000,3864.6000,3864.2000,3863.6000,3867.0000,3867.6000,3868.0000,3868.6000,3869.0000,1,1,1,2,1,1,1,8,1,12
SF,IF2007,2020-06-12 09:32:55.200,3866.6000,24957,0,1415840040.000,0,-,-,-,-,3866.6000,3865.6000,3865.2000,3864.6000,3864.2000,3867.0000,3867.6000,3868.0000,3868.6000,3869.0000,1,1,1,1,2,1,1,8,1,12
SF,IF2007,2020-06-12 09:32:55.700,3866.6000,24957,0,1417000020.000,1,0,1,多换,S,3864.6000,3864.2000,3863.6000,3863.0000,3862.8000,3866.6000,3867.0000,3867.6000,3868.0000,3868.6000,1,2,1,2,1,5,1,1,8,1
SF,IF2007,2020-06-12 09:32:56.200,3865.4000,24957,0,1422799560.000,5,2,3,多换,S,3865.0000,3864.8000,3864.6000,3864.2000,3863.6000,3867.0000,3867.4000,3867.6000,3868.0000,3868.6000,1,2,1,2,1,1,1,1,8,1
SF,IF2007,2020-06-12 09:32:56.700,3865.4000,24957,0,1422799560.000,0,-,-,-,-,3865.2000,3865.0000,3864.2000,3863.6000,3863.0000,3866.4000,3866.8000,3867.0000,3867.4000,3867.6000,2,1,2,1,2,1,1,1,1,1
SF,IF2007,2020-06-12 09:32:57.200,3866.4000,24956,-1,1425119400.000,2,0,2,多平,S,3865.2000,3865.0000,3864.2000,3863.6000,3863.0000,3866.8000,3867.0000,3867.4000,3867.6000,3868.0000,1,1,2,1,2,10,1,1,1,8
SF,IF2007,2020-06-12 09:32:57.700,3866.6000,24956,0,1426279380.000,1,0,1,多换,S,3865.4000,3865.0000,3864.2000,3863.6000,3863.0000,3866.6000,3866.8000,3867.0000,3867.4000,3867.6000,1,1,2,1,2,1,10,1,1,1
SF,IF2007,2020-06-12 09:32:58.200,3866.6000,24956,0,1426279380.000,0,-,-,-,-,3865.6000,3865.0000,3864.2000,3863.6000,3863.0000,3866.8000,3867.0000,3867.4000,3867.6000,3868.0000,1,1,2,1,2,9,1,1,1,8
SF,IF2007,2020-06-12 09:32:58.700,3866.6000,24956,0,1426279380.000,0,-,-,-,-,3865.0000,3864.2000,3863.6000,3863.0000,3862.8000,3866.8000,3867.0000,3867.4000,3867.6000,3868.0000,1,2,1,2,1,9,1,1,1,8
SF,IF2007,2020-06-12 09:32:59.200,3866.8000,24957,1,1430919540.000,4,2,2,空开,S,3865.6000,3865.4000,3865.2000,3865.0000,3864.2000,3866.8000,3867.0000,3867.4000,3867.6000,3868.0000,1,1,1,1,2,5,1,11,1,8
SF,IF2007,2020-06-12 09:32:59.700,3867.4000,24959,2,1441360500.000,9,5,4,空开,S,3866.8000,3866.0000,3865.8000,3864.2000,3863.6000,3867.4000,3867.6000,3868.0000,3868.6000,3869.0000,2,1,2,2,1,8,1,8,1,12
SF,IF2007,2020-06-12 09:33:00.200,3867.4000,24959,0,1450642260.000,8,4,4,多换,S,3866.8000,3865.8000,3864.2000,3863.6000,3863.0000,3867.6000,3868.0000,3868.6000,3869.0000,3869.6000,2,1,2,1,2,1,8,1,12,3
SF,IF2007,2020-06-12 09:33:00.700,3868.0000,24960,1,1452962940.000,2,1,1,空开,S,3867.8000,3867.0000,3866.8000,3865.8000,3864.2000,3868.0000,3868.6000,3869.0000,3869.6000,3870.0000,1,2,2,1,2,7,1,11,3,1
SF,IF2007,2020-06-12 09:33:01.200,3868.0000,24959,-1,1462246080.000,8,3,5,多平,S,3866.8000,3865.8000,3864.2000,3863.6000,3863.0000,3869.0000,3869.6000,3870.0000,3870.2000,3870.6000,1,1,2,1,2,11,3,1,5,3
SF,IF2007,2020-06-12 09:33:01.700,3868.0000,24959,0,1462246080.000,0,-,-,-,-,3868.0000,3867.4000,3867.2000,3867.0000,3866.8000,3869.0000,3869.6000,3870.0000,3870.2000,3870.6000,1,1,1,1,1,11,3,1,5,3
SF,IF2007,2020-06-12 09:33:02.200,3866.8000,24958,-1,1468047420.000,5,2,3,多平,S,3865.8000,3865.2000,3864.2000,3863.6000,3863.0000,3869.0000,3869.6000,3870.0000,3870.2000,3870.6000,1,1,2,1,2,11,3,1,5,3
SF,IF2007,2020-06-12 09:33:02.700,3866.8000,24958,0,1468047420.000,0,-,-,-,-,3867.4000,3866.4000,3866.2000,3866.0000,3865.8000,3868.8000,3869.0000,3869.6000,3870.0000,3870.2000,1,1,3,1,1,2,11,3,1,5
SF,IF2007,2020-06-12 09:33:03.200,3867.4000,24958,0,1469207640.000,1,0,1,多换,S,3867.6000,3867.4000,3866.4000,3866.2000,3866.0000,3868.4000,3869.0000,3869.6000,3870.0000,3870.2000,2,1,1,1,1,1,11,3,1,5
SF,IF2007,2020-06-12 09:33:03.700,3867.6000,24957,-1,1471528200.000,2,0,2,多平,S,3867.4000,3866.4000,3866.2000,3866.0000,3865.8000,3869.0000,3869.6000,3870.0000,3870.2000,3870.6000,1,1,1,1,1,11,3,1,5,3
SF,IF2007,2020-06-12 09:33:04.200,3867.6000,24957,0,1471528200.000,0,-,-,-,-,3867.4000,3866.4000,3866.2000,3866.0000,3865.2000,3868.8000,3869.0000,3869.6000,3870.0000,3870.2000,1,1,1,1,1,1,11,3,1,5
SF,IF2007,2020-06-12 09:33:04.700,3867.6000,24957,0,1471528200.000,0,-,-,-,-,3867.8000,3867.6000,3866.4000,3866.2000,3866.0000,3869.0000,3869.6000,3870.0000,3870.2000,3870.6000,1,1,1,1,1,11,3,1,5,3
SF,IF2007,2020-06-12 09:33:05.200,3867.6000,24957,0,1471528200.000,0,-,-,-,-,3867.8000,3866.4000,3866.2000,3866.0000,3865.2000,3869.0000,3869.6000,3870.0000,3870.2000,3870.6000,1,1,1,1,1,11,3,1,5,3
SF,IF2007,2020-06-12 09:33:05.700,3869.0000,24958,1,1472688900.000,1,1,0,双开,S,3868.2000,3868.0000,3867.6000,3866.8000,3866.4000,3869.0000,3869.6000,3870.0000,3870.2000,3870.6000,1,1,1,1,1,10,3,1,5,3
SF,IF2007,2020-06-12 09:33:06.200,3869.0000,24959,1,1483135080.000,9,5,4,空开,S,3868.4000,3867.8000,3867.6000,3866.8000,3866.4000,3869.0000,3869.6000,3870.0000,3870.2000,3870.6000,1,1,1,1,1,2,3,1,5,3
SF,IF2007,2020-06-12 09:33:06.700,3869.0000,24959,0,1485456480.000,2,1,1,多换,S,3868.6000,3867.8000,3867.6000,3866.8000,3866.4000,3869.0000,3869.4000,3869.6000,3870.0000,3870.2000,1,1,1,1,1,6,1,2,1,5
SF,IF2007,2020-06-12 09:33:07.200,3869.0000,24959,0,1488938580.000,3,1,2,多换,S,3867.8000,3867.6000,3866.8000,3866.4000,3866.2000,3868.8000,3869.0000,3869.4000,3869.6000,3870.0000,1,1,1,1,1,8,5,1,2,1
SF,IF2007,2020-06-12 09:33:07.700,3866.8000,24960,1,1498221780.000,8,4,4,空开,S,3866.8000,3866.4000,3866.0000,3865.2000,3864.2000,3868.8000,3869.0000,3869.4000,3869.6000,3870.0000,1,1,1,1,2,6,5,1,2,1
SF,IF2007,2020-06-12 09:33:08.200,3868.6000,24959,-1,1499382360.000,1,0,1,双平,S,3867.6000,3867.4000,3867.0000,3866.8000,3866.4000,3868.6000,3868.8000,3869.0000,3869.4000,3869.6000,1,1,2,1,1,1,6,5,1,2
SF,IF2007,2020-06-12 09:33:08.700,3867.6000,24957,-2,1502863140.000,3,0,3,多平,S,3867.0000,3866.8000,3866.4000,3866.0000,3865.2000,3868.4000,3868.8000,3869.0000,3869.4000,3869.6000,1,1,1,1,1,1,6,5,1,2
SF,IF2007,2020-06-12 09:33:09.200,3864.2000,24959,2,1509821820.000,6,4,2,空开,S,3864.2000,3863.6000,3863.0000,3862.8000,3861.0000,3868.0000,3868.2000,3868.4000,3868.8000,3869.0000,1,1,1,1,1,1,2,1,6,5
SF,IF2007,2020-06-12 09:33:09.700,3868.8000,24956,-3,1514463660.000,4,0,4,多平,S,3866.2000,3866.0000,3865.0000,3864.6000,3864.4000,3868.8000,3869.0000,3869.4000,3869.6000,3870.0000,1,2,1,3,3,5,5,1,2,1
SF,IF2007,2020-06-12 09:33:10.200,3864.2000,24958,2,1521421800.000,6,4,2,空开,S,3865.6000,3864.8000,3864.0000,3863.6000,3862.8000,3868.2000,3868.6000,3868.8000,3869.0000,3869.4000,2,1,1,1,1,1,10,5,5,1
SF,IF2007,2020-06-12 09:33:10.700,3868.0000,24957,-1,1523742480.000,2,0,2,多平,S,3866.6000,3865.8000,3865.6000,3865.2000,3864.8000,3868.0000,3868.4000,3868.6000,3868.8000,3869.0000,1,2,2,1,1,1,1,8,5,5
SF,IF2007,2020-06-12 09:33:11.200,3865.6000,24956,-1,1531862400.000,7,3,4,多平,S,3866.6000,3865.2000,3864.8000,3864.6000,3864.4000,3868.0000,3868.4000,3868.6000,3868.8000,3869.0000,2,1,3,5,1,1,1,8,5,5
SF,IF2007,2020-06-12 09:33:11.700,3868.0000,24955,-1,1533022800.000,1,0,1,双平,S,3867.0000,3866.6000,3865.2000,3865.0000,3864.8000,3868.4000,3868.6000,3868.8000,3869.0000,3869.4000,1,2,3,2,6,1,8,5,5,1
SF,IF2007,2020-06-12 09:33:12.200,3866.0000,24955,0,1541144400.000,7,3,4,多换,S,3867.6000,3866.0000,3865.8000,3865.2000,3865.0000,3868.6000,3868.8000,3869.0000,3869.4000,3869.6000,2,1,1,5,2,7,5,6,1,2
SF,IF2007,2020-06-12 09:33:12.700,3868.6000,24946,-9,1551589620.000,9,0,9,双平,S,3867.6000,3866.2000,3866.0000,3865.8000,3865.6000,3868.8000,3869.0000,3869.4000,3869.6000,3870.0000,2,1,5,2,1,5,6,1,2,1
SF,IF2007,2020-06-12 09:33:13.200,3866.0000,24947,1,1563192960.000,10,5,5,空开,S,3867.6000,3866.8000,3866.4000,3866.2000,3866.0000,3869.0000,3869.4000,3869.6000,3870.0000,3870.2000,1,1,1,1,5,6,1,2,1,5
SF,IF2007,2020-06-12 09:33:13.700,3869.0000,24946,-1,1564353660.000,1,0,1,双平,S,3867.6000,3866.8000,3866.4000,3866.2000,3866.0000,3869.0000,3869.4000,3869.6000,3870.0000,3870.2000,1,1,3,2,3,5,1,2,1,5
SF,IF2007,2020-06-12 09:33:14.200,3869.0000,24946,0,1564353660.000,0,-,-,-,-,3867.6000,3866.8000,3866.6000,3866.4000,3866.2000,3868.2000,3868.4000,3868.6000,3868.8000,3869.0000,1,2,3,3,2,1,1,1,1,5
SF,IF2007,2020-06-12 09:33:14.700,3866.8000,24945,-1,1571315460.000,6,2,4,多平,S,3867.6000,3866.8000,3866.6000,3866.4000,3866.2000,3868.4000,3868.8000,3869.0000,3869.4000,3869.6000,1,1,2,5,3,1,1,5,1,2
SF,IF2007,2020-06-12 09:33:15.200,3868.4000,24944,-1,1573636500.000,2,0,2,多平,S,3866.8000,3866.6000,3866.4000,3866.2000,3866.0000,3868.8000,3869.0000,3869.4000,3869.6000,3870.0000,1,1,5,3,4,1,5,1,2,2
SF,IF2007,2020-06-12 09:33:15.700,3868.8000,24944,0,1575957720.000,2,1,1,多换,S,3868.2000,3867.2000,3867.0000,3866.8000,3866.4000,3868.8000,3869.0000,3869.4000,3869.6000,3870.0000,2,2,2,3,5,8,5,1,2,2
SF,IF2007,2020-06-12 09:33:16.200,3868.2000,24940,-4,1581760020.000,5,0,5,多平,S,3868.4000,3867.2000,3867.0000,3866.8000,3866.4000,3868.8000,3869.0000,3869.4000,3869.6000,3870.0000,2,1,2,3,3,8,5,1,2,2
SF,IF2007,2020-06-12 09:33:16.700,3868.4000,24942,2,1585241580.000,3,2,1,空开,S,3867.2000,3867.0000,3866.8000,3866.4000,3866.2000,3868.4000,3868.8000,3869.0000,3869.4000,3869.6000,1,4,3,3,4,2,8,5,1,2
SF,IF2007,2020-06-12 09:33:17.200,3867.4000,24944,2,1594524060.000,8,5,3,空开,S,3867.0000,3866.8000,3866.6000,3866.4000,3866.2000,3867.2000,3868.8000,3869.0000,3869.4000,3869.6000,3,4,1,3,4,4,16,5,1,2
SF,IF2007,2020-06-12 09:33:17.700,3867.2000,24944,0,1599164700.000,4,2,2,多换,S,3867.4000,3867.2000,3867.0000,3866.4000,3866.2000,3868.8000,3869.0000,3869.4000,3869.6000,3870.0000,1,11,1,3,2,16,5,1,2,2
SF,IF2007,2020-06-12 09:33:18.200,3868.4000,24944,0,1600325220.000,1,0,1,多换,S,3867.8000,3867.2000,3867.0000,3866.8000,3866.4000,3868.6000,3868.8000,3869.0000,3869.2000,3869.4000,1,3,1,1,3,1,16,5,1,1
SF,IF2007,2020-06-12 09:33:18.700,3867.8000,24943,-1,1601485560.000,1,0,1,双平,S,3867.2000,3867.0000,3866.8000,3866.4000,3866.2000,3868.8000,3869.0000,3869.2000,3869.4000,3869.6000,3,1,1,2,1,16,5,1,1,2
SF,IF2007,2020-06-12 09:33:19.200,3867.8000,24943,0,1601485560.000,0,-,-,-,-,3867.6000,3867.4000,3867.0000,3866.8000,3866.4000,3868.6000,3868.8000,3869.0000,3869.2000,3869.4000,1,2,1,1,3,1,16,5,1,1
SF,IF2007,2020-06-12 09:33:19.700,3867.8000,24943,0,1601485560.000,0,-,-,-,-,3867.4000,3867.0000,3866.8000,3866.4000,3866.2000,3868.6000,3868.8000,3869.0000,3869.2000,3869.4000,2,1,1,3,4,1,16,5,1,1
SF,IF2007,2020-06-12 09:33:20.200,3867.8000,24943,0,1601485560.000,0,-,-,-,-,3867.8000,3867.4000,3867.0000,3866.8000,3866.4000,3868.6000,3868.8000,3869.0000,3869.2000,3869.4000,1,3,1,1,3,9,16,5,1,1
SF,IF2007,2020-06-12 09:33:20.700,3867.8000,24941,-2,1603806240.000,2,0,2,双平,S,3867.4000,3867.0000,3866.8000,3866.4000,3866.2000,3868.6000,3868.8000,3869.0000,3869.2000,3869.4000,1,1,1,3,2,9,16,5,1,1
SF,IF2007,2020-06-12 09:33:21.200,3867.4000,24942,1,1604966460.000,1,1,0,双开,S,3867.0000,3866.8000,3866.4000,3866.2000,3866.0000,3868.2000,3868.6000,3868.8000,3869.0000,3869.2000,1,1,3,2,5,1,8,16,5,1
SF,IF2007,2020-06-12 09:33:21.700,3868.2000,24941,-1,1606126920.000,1,0,1,双平,S,3867.4000,3867.0000,3866.8000,3866.4000,3866.2000,3868.6000,3868.8000,3869.0000,3869.2000,3869.4000,1,1,1,3,2,8,16,5,1,1
SF,IF2007,2020-06-12 09:33:22.200,3867.4000,24942,1,1607287140.000,1,1,0,双开,S,3867.0000,3866.4000,3866.2000,3866.0000,3865.6000,3867.4000,3868.0000,3868.4000,3868.6000,3868.8000,1,3,1,5,1,2,1,3,8,16
SF,IF2007,2020-06-12 09:33:22.700,3868.0000,24940,-2,1611927960.000,4,1,3,多平,S,3866.2000,3866.0000,3865.6000,3865.4000,3865.2000,3868.4000,3868.6000,3868.8000,3869.0000,3869.2000,1,4,1,6,2,1,8,16,5,1
SF,IF2007,2020-06-12 09:33:23.200,3868.0000,24940,0,1611927960.000,0,-,-,-,-,3866.4000,3866.0000,3865.4000,3865.2000,3864.8000,3867.2000,3867.6000,3868.0000,3868.2000,3868.4000,1,3,2,1,4,1,1,1,1,1
SF,IF2007,2020-06-12 09:33:23.700,3867.2000,24941,1,1614248280.000,2,1,1,空开,S,3867.4000,3866.0000,3865.4000,3865.0000,3864.8000,3868.2000,3868.4000,3868.6000,3868.8000,3869.0000,1,3,3,1,4,1,1,8,16,5
SF,IF2007,2020-06-12 09:33:24.200,3867.4000,24941,0,1616568720.000,2,1,1,多换,S,3866.0000,3865.4000,3864.4000,3864.0000,3863.8000,3867.2000,3867.4000,3867.6000,3867.8000,3868.0000,3,3,2,2,1,2,1,1,1,2
SF,IF2007,2020-06-12 09:33:24.700,3867.2000,24941,0,1618889040.000,2,1,1,多换,S,3866.4000,3866.2000,3866.0000,3865.4000,3864.4000,3867.8000,3868.2000,3868.6000,3868.8000,3869.0000,1,3,3,3,3,1,1,8,16,5
SF,IF2007,2020-06-12 09:33:25.200,3867.2000,24941,0,1618889040.000,0,-,-,-,-,3866.4000,3866.2000,3866.0000,3865.4000,3864.4000,3867.6000,3867.8000,3868.2000,3868.6000,3868.8000,1,2,3,1,3,4,1,1,8,16
SF,IF2007,2020-06-12 09:33:25.700,3867.2000,24941,0,1618889040.000,0,-,-,-,-,3866.8000,3866.4000,3866.2000,3866.0000,3865.4000,3867.6000,3867.8000,3868.2000,3868.6000,3868.8000,1,1,2,3,1,4,1,1,8,16
SF,IF2007,2020-06-12 09:33:26.200,3866.8000,24941,0,1620049080.000,1,0,1,多换,S,3866.4000,3866.2000,3866.0000,3865.4000,3864.6000,3867.0000,3867.6000,3867.8000,3868.2000,3868.6000,2,2,3,1,1,1,4,1,1,8
SF,IF2007,2020-06-12 09:33:26.700,3867.0000,24941,0,1621209180.000,1,0,1,多换,S,3866.4000,3866.2000,3866.0000,3865.4000,3864.6000,3867.4000,3867.6000,3867.8000,3868.2000,3868.6000,2,2,3,1,1,1,4,1,1,8
SF,IF2007,2020-06-12 09:33:27.200,3867.0000,24941,0,1621209180.000,0,-,-,-,-,3866.4000,3866.2000,3866.0000,3865.4000,3864.6000,3867.4000,3867.6000,3867.8000,3868.2000,3868.6000,2,2,3,1,2,1,4,1,1,8
SF,IF2007,2020-06-12 09:33:27.700,3867.4000,24942,1,1622369400.000,1,1,0,双开,S,3866.4000,3866.2000,3866.0000,3865.4000,3864.8000,3867.4000,3867.6000,3867.8000,3868.2000,3868.6000,2,1,3,1,1,8,4,1,1,8
SF,IF2007,2020-06-12 09:33:28.200,3867.4000,24938,-4,1629330420.000,6,1,5,多平,S,3866.4000,3866.2000,3866.0000,3865.4000,3864.8000,3867.4000,3867.6000,3867.8000,3868.2000,3868.6000,2,1,1,1,1,3,4,1,1,8
SF,IF2007,2020-06-12 09:33:28.700,3866.4000,24938,0,1630490340.000,1,0,1,多换,S,3866.4000,3866.2000,3866.0000,3865.4000,3864.8000,3867.4000,3867.6000,3867.8000,3868.2000,3868.6000,1,1,1,1,1,3,3,1,1,8
SF,IF2007,2020-06-12 09:33:29.200,3866.4000,24938,0,1630490340.000,0,-,-,-,-,3866.4000,3866.2000,3866.0000,3865.4000,3864.8000,3867.4000,3867.6000,3867.8000,3868.2000,3868.6000,1,1,1,1,1,3,3,1,1,8
SF,IF2007,2020-06-12 09:33:29.700,3867.4000,24935,-3,1633971000.000,3,0,3,双平,S,3867.4000,3867.0000,3866.8000,3866.6000,3866.4000,3867.6000,3867.8000,3868.6000,3869.0000,3869.6000,2,1,1,3,1,2,1,8,5,2
SF,IF2007,2020-06-12 09:33:30.200,3867.0000,24934,-1,1642092780.000,7,3,4,多平,S,3866.8000,3866.6000,3866.4000,3866.0000,3865.4000,3867.4000,3868.6000,3869.0000,3869.6000,3870.0000,1,1,1,1,1,6,8,5,2,2
SF,IF2007,2020-06-12 09:33:30.700,3867.4000,24928,-6,1649054100.000,6,0,6,双平,S,3868.2000,3867.4000,3867.0000,3866.8000,3866.6000,3868.6000,3869.0000,3869.6000,3870.0000,3870.2000,1,3,1,1,1,8,5,2,2,5
SF,IF2007,2020-06-12 09:33:31.200,3867.4000,24928,0,1651374780.000,2,1,1,多换,S,3867.4000,3866.8000,3866.6000,3866.0000,3865.4000,3868.2000,3868.6000,3869.0000,3869.6000,3870.0000,3,1,1,2,1,1,8,5,2,2
SF,IF2007,2020-06-12 09:33:31.700,3867.4000,24928,0,1651374780.000,0,-,-,-,-,3868.2000,3867.8000,3867.6000,3867.4000,3866.8000,3869.0000,3869.6000,3870.0000,3870.2000,3870.6000,1,1,1,4,1,6,2,2,5,2
SF,IF2007,2020-06-12 09:33:32.200,3868.2000,24928,0,1652535240.000,1,0,1,多换,S,3867.8000,3867.4000,3866.8000,3866.6000,3866.0000,3869.0000,3869.6000,3870.0000,3870.2000,3870.6000,1,4,1,1,2,6,2,2,5,2
SF,IF2007,2020-06-12 09:33:32.700,3868.2000,24928,0,1652535240.000,0,-,-,-,-,3868.2000,3868.0000,3867.8000,3867.4000,3866.8000,3869.0000,3869.6000,3870.0000,3870.2000,3870.6000,1,1,1,4,1,6,2,2,5,2
SF,IF2007,2020-06-12 09:33:33.200,3868.2000,24928,0,1652535240.000,0,-,-,-,-,3868.2000,3867.8000,3867.4000,3866.8000,3866.6000,3869.0000,3869.6000,3870.0000,3870.2000,3870.6000,1,1,4,1,1,6,2,2,5,2
SF,IF2007,2020-06-12 09:33:33.700,3868.2000,24926,-2,1654856160.000,2,0,2,双平,S,3868.2000,3867.8000,3867.4000,3866.8000,3866.6000,3868.8000,3869.0000,3869.6000,3870.0000,3870.2000,1,1,2,1,1,8,6,2,2,5
SF,IF2007,2020-06-12 09:33:34.200,3867.8000,24924,-2,1657176960.000,2,0,2,双平,S,3867.4000,3866.8000,3866.6000,3866.2000,3866.0000,3867.6000,3868.0000,3868.2000,3868.6000,3868.8000,2,1,1,2,2,1,2,1,2,8
SF,IF2007,2020-06-12 09:33:34.700,3867.6000,24922,-2,1661817960.000,4,1,3,多平,S,3866.8000,3866.6000,3866.2000,3866.0000,3865.8000,3868.0000,3868.8000,3869.0000,3869.6000,3870.0000,1,1,2,2,3,1,8,6,2,2
SF,IF2007,2020-06-12 09:33:35.200,3867.6000,24922,0,1662978240.000,1,0,1,多换,S,3866.8000,3866.6000,3866.2000,3866.0000,3865.8000,3867.8000,3868.0000,3868.8000,3869.0000,3869.6000,1,1,2,1,1,1,1,8,6,2
SF,IF2007,2020-06-12 09:33:35.700,3867.6000,24922,0,1662978240.000,0,-,-,-,-,3867.2000,3867.0000,3866.8000,3866.6000,3866.2000,3868.8000,3869.0000,3869.6000,3869.8000,3870.0000,1,2,1,1,2,8,6,2,2,2
SF,IF2007,2020-06-12 09:33:36.200,3866.6000,24923,1,1667618520.000,4,2,2,空开,S,3867.2000,3866.0000,3865.8000,3865.0000,3864.6000,3867.8000,3868.4000,3868.6000,3868.8000,3869.0000,1,1,1,1,1,1,1,5,8,6
SF,IF2007,2020-06-12 09:33:36.700,3866.6000,24923,0,1667618520.000,0,-,-,-,-,3866.0000,3865.0000,3864.8000,3864.6000,3864.4000,3867.8000,3868.4000,3868.6000,3868.8000,3869.0000,1,1,2,1,2,1,1,2,8,6
SF,IF2007,2020-06-12 09:33:37.200,3867.8000,24922,-1,1668778860.000,1,0,1,双平,S,3868.0000,3866.8000,3866.4000,3866.2000,3866.0000,3868.4000,3868.6000,3868.8000,3869.0000,3869.6000,1,2,2,2,1,1,2,8,6,2
SF,IF2007,2020-06-12 09:33:37.700,3866.0000,24923,1,1674578880.000,5,3,2,空开,S,3866.4000,3866.2000,3864.8000,3864.6000,3864.4000,3868.0000,3868.4000,3868.6000,3868.8000,3869.0000,1,1,2,1,2,3,1,2,8,6
SF,IF2007,2020-06-12 09:33:38.200,3866.0000,24923,0,1674578880.000,0,-,-,-,-,3867.0000,3866.6000,3866.4000,3865.2000,3864.8000,3867.8000,3868.0000,3868.4000,3868.6000,3868.8000,1,2,1,1,2,1,1,1,2,8
SF,IF2007,2020-06-12 09:33:38.700,3864.8000,24924,1,1679217480.000,4,2,2,空开,S,3866.0000,3864.8000,3864.6000,3864.4000,3864.2000,3867.8000,3868.0000,3868.4000,3868.6000,3868.8000,1,1,1,2,1,1,8,1,2,8
SF,IF2007,2020-06-12 09:33:39.200,3868.0000,24924,0,1680377880.000,1,0,1,多换,S,3867.8000,3866.2000,3866.0000,3865.8000,3865.2000,3868.0000,3868.4000,3868.6000,3868.8000,3869.0000,2,1,2,2,1,7,2,2,8,6
SF,IF2007,2020-06-12 09:33:39.700,3865.8000,24925,1,1687337640.000,6,3,3,空开,S,3865.2000,3864.6000,3864.4000,3864.2000,3863.6000,3867.0000,3867.6000,3867.8000,3868.0000,3868.4000,2,2,2,1,2,1,2,3,8,2
SF,IF2007,2020-06-12 09:33:40.200,3867.0000,24924,-1,1688497740.000,1,0,1,双平,S,3867.0000,3866.6000,3865.8000,3865.6000,3865.4000,3867.6000,3868.0000,3868.4000,3868.6000,3868.8000,3,3,1,3,4,1,8,2,1,8
SF,IF2007,2020-06-12 09:33:40.700,3867.0000,24925,1,1690817940.000,2,1,1,空开,S,3867.0000,3865.8000,3865.6000,3865.4000,3865.2000,3868.0000,3868.4000,3868.6000,3868.8000,3869.0000,2,1,1,2,2,8,2,1,8,6
SF,IF2007,2020-06-12 09:33:41.200,3868.0000,24928,3,1694299140.000,3,3,0,双开,S,3867.2000,3866.0000,3865.8000,3865.6000,3865.4000,3868.0000,3868.4000,3868.8000,3869.0000,3869.6000,1,1,3,2,2,6,2,8,6,2
SF,IF2007,2020-06-12 09:33:41.700,3868.0000,24931,3,1697780340.000,3,3,0,双开,S,3867.4000,3866.0000,3865.8000,3865.6000,3865.4000,3867.6000,3868.0000,3868.4000,3868.8000,3869.0000,1,1,6,2,2,1,2,2,8,6
SF,IF2007,2020-06-12 09:33:42.200,3867.6000,24931,0,1700100900.000,2,1,1,多换,S,3867.6000,3866.0000,3865.8000,3865.6000,3865.4000,3868.0000,3868.4000,3868.8000,3869.0000,3869.6000,1,4,8,2,2,2,2,8,6,2
SF,IF2007,2020-06-12 09:33:42.700,3867.6000,24931,0,1700100900.000,0,-,-,-,-,3866.0000,3865.8000,3865.6000,3865.4000,3865.2000,3868.0000,3868.4000,3868.8000,3869.0000,3869.6000,4,8,2,2,2,2,2,8,6,2
SF,IF2007,2020-06-12 09:33:43.200,3867.6000,24931,0,1700100900.000,0,-,-,-,-,3866.8000,3866.4000,3866.2000,3866.0000,3865.8000,3868.0000,3868.4000,3868.8000,3869.0000,3869.6000,3,2,4,4,9,2,2,8,6,2
SF,IF2007,2020-06-12 09:33:43.700,3867.6000,24931,0,1700100900.000,0,-,-,-,-,3867.0000,3866.8000,3866.4000,3866.2000,3866.0000,3868.0000,3868.4000,3868.8000,3869.0000,3869.6000,1,3,2,1,4,2,2,8,6,2
SF,IF2007,2020-06-12 09:33:44.200,3866.8000,24931,0,1702421100.000,2,1,1,多换,S,3866.8000,3866.4000,3866.2000,3866.0000,3865.8000,3868.0000,3868.4000,3868.8000,3869.0000,3869.6000,2,2,1,4,6,2,2,8,6,2
SF,IF2007,2020-06-12 09:33:44.700,3866.8000,24931,0,1702421100.000,0,-,-,-,-,3866.2000,3866.0000,3865.8000,3865.6000,3865.4000,3867.0000,3867.8000,3868.0000,3868.4000,3869.0000,1,5,4,1,1,2,2,2,2,6
SF,IF2007,2020-06-12 09:33:45.200,3867.0000,24931,0,1704741300.000,2,1,1,多换,S,3867.0000,3866.6000,3866.0000,3865.8000,3865.6000,3867.8000,3868.0000,3868.4000,3869.0000,3869.6000,2,3,3,3,4,1,2,2,5,2
SF,IF2007,2020-06-12 09:33:45.700,3867.8000,24931,0,1705901640.000,1,0,1,多换,S,3866.0000,3865.8000,3865.6000,3865.4000,3865.2000,3867.4000,3868.0000,3868.4000,3869.0000,3869.6000,3,3,1,1,3,1,2,2,5,2
SF,IF2007,2020-06-12 09:33:46.200,3867.8000,24931,0,1712863560.000,6,3,3,多换,S,3866.6000,3866.4000,3866.2000,3866.0000,3865.8000,3867.8000,3868.0000,3868.4000,3869.0000,3869.6000,3,1,1,3,3,3,2,2,5,2
SF,IF2007,2020-06-12 09:33:46.700,3867.8000,24929,-2,1715184240.000,2,0,2,双平,S,3866.2000,3866.0000,3865.8000,3865.6000,3865.4000,3867.8000,3868.0000,3868.4000,3869.0000,3869.4000,1,3,1,1,2,1,2,2,5,2
SF,IF2007,2020-06-12 09:33:47.200,3867.8000,24930,1,1716344580.000,1,1,0,双开,S,3866.8000,3866.4000,3866.2000,3866.0000,3865.8000,3867.8000,3868.0000,3868.4000,3869.0000,3869.4000,3,2,2,3,1,1,2,2,5,2
SF,IF2007,2020-06-12 09:33:47.700,3868.0000,24930,0,1718665320.000,2,1,1,多换,S,3866.8000,3866.2000,3866.0000,3865.8000,3865.6000,3868.0000,3868.4000,3869.0000,3869.4000,3869.6000,3,2,3,1,1,1,2,5,2,2
SF,IF2007,2020-06-12 09:33:48.200,3868.0000,24930,0,1718665320.000,0,-,-,-,-,3866.8000,3866.2000,3866.0000,3865.8000,3865.6000,3867.8000,3868.0000,3868.4000,3869.0000,3869.4000,3,2,3,1,1,1,1,2,5,2
SF,IF2007,2020-06-12 09:33:48.700,3867.8000,24930,0,1719825660.000,1,0,1,多换,S,3866.8000,3866.2000,3866.0000,3865.8000,3865.6000,3868.0000,3868.4000,3869.0000,3869.4000,3869.6000,3,2,3,1,2,1,2,5,2,2
SF,IF2007,2020-06-12 09:33:49.200,3868.0000,24930,0,1720986060.000,1,0,1,多换,S,3867.4000,3867.0000,3866.8000,3866.2000,3866.0000,3868.4000,3869.0000,3869.4000,3869.6000,3870.0000,1,1,3,2,3,2,5,2,2,2
SF,IF2007,2020-06-12 09:33:49.700,3868.4000,24929,-1,1722146580.000,1,0,1,双平,S,3867.4000,3866.8000,3866.2000,3866.0000,3865.8000,3869.0000,3869.6000,3870.0000,3870.2000,3870.6000,1,3,3,3,1,5,2,2,5,2
SF,IF2007,2020-06-12 09:33:50.200,3868.4000,24929,0,1722146580.000,0,-,-,-,-,3867.8000,3867.6000,3867.4000,3866.8000,3866.2000,3868.8000,3869.0000,3869.6000,3870.0000,3870.2000,1,1,1,3,4,2,5,2,2,5
SF,IF2007,2020-06-12 09:33:50.700,3867.8000,24927,-2,1724467320.000,2,0,2,双平,S,3867.4000,3866.8000,3866.4000,3866.2000,3866.0000,3868.8000,3869.0000,3869.6000,3870.0000,3870.2000,1,3,1,4,3,2,5,2,2,5
SF,IF2007,2020-06-12 09:33:51.200,3869.0000,24927,0,1726788660.000,2,1,1,多换,S,3868.8000,3867.6000,3867.4000,3866.4000,3866.2000,3869.0000,3869.6000,3870.0000,3870.2000,3870.6000,9,2,4,2,4,4,2,2,5,2
SF,IF2007,2020-06-12 09:33:51.700,3868.8000,24928,1,1731431340.000,4,2,2,空开,S,3868.8000,3867.6000,3867.4000,3866.4000,3866.2000,3869.0000,3869.6000,3870.0000,3870.2000,3870.6000,7,1,1,2,4,2,2,2,5,2
SF,IF2007,2020-06-12 09:33:52.200,3869.0000,24927,-1,1734913320.000,3,1,2,多平,S,3868.8000,3867.6000,3867.4000,3866.4000,3866.2000,3869.0000,3869.6000,3870.0000,3870.2000,3870.6000,5,1,1,2,4,1,2,2,5,2
SF,IF2007,2020-06-12 09:33:52.700,3868.8000,24928,1,1737234600.000,2,1,1,空开,S,3868.8000,3867.6000,3867.4000,3866.8000,3866.4000,3869.0000,3869.6000,3870.0000,3870.2000,3870.6000,8,1,1,2,2,1,2,2,5,2
SF,IF2007,2020-06-12 09:33:53.200,3869.0000,24929,1,1738395300.000,1,1,0,双开,S,3869.2000,3869.0000,3868.8000,3867.6000,3867.4000,3869.6000,3870.0000,3870.2000,3870.6000,3871.6000,1,1,8,1,1,2,2,5,2,1
SF,IF2007,2020-06-12 09:33:53.700,3869.0000,24929,0,1738395300.000,0,-,-,-,-,3869.0000,3868.8000,3867.6000,3867.4000,3867.2000,3869.2000,3869.6000,3870.0000,3870.2000,3870.6000,1,8,1,1,1,2,2,2,5,2
SF,IF2007,2020-06-12 09:33:54.200,3868.8000,24930,1,1745359320.000,6,3,3,空开,S,3868.8000,3867.6000,3867.4000,3867.2000,3867.0000,3869.6000,3870.0000,3870.2000,3870.6000,3871.6000,4,1,1,1,1,2,2,5,2,1
SF,IF2007,2020-06-12 09:33:54.700,3868.8000,24930,0,1745359320.000,0,-,-,-,-,3868.8000,3867.6000,3867.4000,3867.2000,3867.0000,3869.4000,3869.6000,3870.0000,3870.2000,3870.6000,4,1,1,1,1,1,2,2,5,2
SF,IF2007,2020-06-12 09:33:55.200,3868.8000,24929,-1,1746519960.000,1,0,1,双平,S,3868.8000,3867.6000,3867.4000,3867.2000,3867.0000,3869.4000,3869.6000,3870.0000,3870.2000,3870.6000,3,1,1,1,1,1,2,2,5,2
SF,IF2007,2020-06-12 09:33:55.700,3868.8000,24929,0,1746519960.000,0,-,-,-,-,3868.8000,3867.8000,3867.6000,3867.4000,3867.2000,3869.4000,3869.6000,3870.0000,3870.2000,3870.6000,3,1,1,1,1,1,2,2,5,2
SF,IF2007,2020-06-12 09:33:56.200,3868.8000,24926,-3,1750001880.000,3,0,3,双平,S,3867.8000,3867.6000,3867.4000,3867.2000,3867.0000,3869.4000,3869.6000,3870.0000,3870.2000,3870.6000,1,1,1,1,1,1,2,2,5,2
SF,IF2007,2020-06-12 09:33:56.700,3868.8000,24925,-1,1751162520.000,1,0,1,双平,S,3868.0000,3867.8000,3867.4000,3867.2000,3867.0000,3869.0000,3869.2000,3869.6000,3870.0000,3870.2000,2,1,1,1,1,1,1,2,2,5
SF,IF2007,2020-06-12 09:33:57.200,3868.8000,24925,0,1752323160.000,1,0,1,多换,S,3868.0000,3867.8000,3867.4000,3867.2000,3867.0000,3869.0000,3869.2000,3869.6000,3870.0000,3870.2000,1,1,1,1,1,1,1,2,2,5
SF,IF2007,2020-06-12 09:33:57.700,3869.0000,24924,-1,1753483860.000,1,0,1,双平,S,3868.0000,3867.8000,3867.4000,3866.8000,3866.4000,3869.2000,3869.6000,3870.0000,3870.2000,3870.6000,1,1,1,2,1,1,2,2,5,2
SF,IF2007,2020-06-12 09:33:58.200,3869.2000,24923,-1,1754644620.000,1,0,1,双平,S,3869.0000,3867.8000,3867.4000,3866.8000,3866.4000,3869.6000,3870.0000,3870.2000,3870.6000,3871.6000,5,1,1,2,1,2,2,5,2,1
SF,IF2007,2020-06-12 09:33:58.700,3869.0000,24925,2,1760448120.000,5,3,2,空开,S,3867.8000,3867.4000,3866.8000,3866.4000,3866.2000,3868.8000,3869.0000,3869.2000,3869.4000,3869.6000,1,1,2,1,6,1,4,1,2,2
SF,IF2007,2020-06-12 09:33:59.200,3868.8000,24924,-1,1761608760.000,1,0,1,双平,S,3868.0000,3867.8000,3867.4000,3866.8000,3866.4000,3869.2000,3869.6000,3870.0000,3870.2000,3870.6000,1,1,1,2,1,1,2,2,5,2
SF,IF2007,2020-06-12 09:33:59.700,3868.8000,24924,0,1761608760.000,0,-,-,-,-,3867.8000,3867.4000,3866.8000,3866.4000,3866.2000,3869.0000,3869.2000,3869.6000,3870.0000,3870.2000,1,1,2,1,6,2,1,2,2,5
SF,IF2007,2020-06-12 09:34:00.200,3869.0000,24923,-1,1763930100.000,2,0,2,多平,S,3867.8000,3867.4000,3866.8000,3866.4000,3866.2000,3869.0000,3869.6000,3870.0000,3870.2000,3870.6000,1,1,2,1,4,1,2,2,5,2
SF,IF2007,2020-06-12 09:34:00.700,3869.0000,24923,0,1765090800.000,1,0,1,多换,S,3868.0000,3867.8000,3867.4000,3866.8000,3866.4000,3869.6000,3870.0000,3870.2000,3870.6000,3871.6000,3,1,1,2,1,2,2,5,2,1
SF,IF2007,2020-06-12 09:34:01.200,3869.0000,24923,0,1765090800.000,0,-,-,-,-,3868.4000,3868.0000,3867.8000,3867.4000,3866.8000,3869.4000,3869.6000,3870.0000,3870.2000,3870.6000,2,1,1,1,2,2,3,2,5,2
SF,IF2007,2020-06-12 09:34:01.700,3869.0000,24923,0,1765090800.000,0,-,-,-,-,3868.4000,3867.8000,3867.4000,3866.8000,3866.4000,3869.4000,3869.6000,3870.0000,3870.2000,3870.6000,2,1,1,2,1,2,3,3,5,2
SF,IF2007,2020-06-12 09:34:02.200,3869.6000,24924,1,1768573320.000,3,2,1,空开,S,3868.4000,3867.8000,3867.4000,3866.8000,3866.4000,3869.6000,3870.0000,3870.2000,3870.6000,3871.6000,2,1,1,2,1,1,3,5,2,1
SF,IF2007,2020-06-12 09:34:02.700,3868.4000,24922,-2,1772054940.000,3,0,3,多平,S,3867.8000,3867.4000,3866.8000,3866.4000,3866.2000,3869.6000,3870.0000,3870.2000,3870.6000,3871.6000,1,1,2,1,3,1,3,5,2,1
SF,IF2007,2020-06-12 09:34:03.200,3868.4000,24922,0,1772054940.000,0,-,-,-,-,3868.2000,3868.0000,3867.8000,3867.4000,3866.8000,3869.4000,3869.6000,3870.0000,3870.2000,3870.6000,1,6,1,1,2,1,1,3,5,2
SF,IF2007,2020-06-12 09:34:03.700,3868.4000,24922,0,1772054940.000,0,-,-,-,-,3868.4000,3868.0000,3867.8000,3867.4000,3866.8000,3869.6000,3870.0000,3870.2000,3870.6000,3871.6000,1,4,1,1,2,1,3,5,2,1
SF,IF2007,2020-06-12 09:34:04.200,3868.0000,24920,-2,1774375860.000,2,0,2,双平,S,3868.0000,3867.8000,3867.4000,3866.8000,3866.4000,3869.2000,3869.4000,3869.6000,3870.0000,3870.2000,3,1,1,2,3,1,2,1,3,5
SF,IF2007,2020-06-12 09:34:04.700,3868.0000,24920,0,1774375860.000,0,-,-,-,-,3868.0000,3867.8000,3867.4000,3866.8000,3866.4000,3868.4000,3869.2000,3869.4000,3869.6000,3870.0000,3,1,1,2,3,1,1,1,1,3
SF,IF2007,2020-06-12 09:34:05.200,3868.4000,24920,0,1775536380.000,1,0,1,多换,S,3868.6000,3868.4000,3868.0000,3867.8000,3867.4000,3869.2000,3869.6000,3870.0000,3870.2000,3870.6000,1,2,3,1,1,1,1,3,5,2
SF,IF2007,2020-06-12 09:34:05.700,3868.4000,24920,0,1775536380.000,0,-,-,-,-,3868.4000,3868.0000,3867.8000,3867.4000,3866.8000,3868.6000,3869.2000,3869.6000,3870.0000,3870.2000,2,3,1,1,2,2,1,1,3,5
SF,IF2007,2020-06-12 09:34:06.200,3868.6000,24919,-1,1777857540.000,2,0,2,多平,S,3868.4000,3868.0000,3867.8000,3867.4000,3866.8000,3869.2000,3869.6000,3870.0000,3870.2000,3870.6000,2,3,1,1,2,1,1,3,5,2
SF,IF2007,2020-06-12 09:34:06.700,3868.6000,24919,0,1777857540.000,0,-,-,-,-,3868.2000,3868.0000,3867.8000,3867.4000,3866.8000,3869.2000,3869.6000,3870.0000,3870.2000,3870.6000,1,3,1,1,2,1,1,3,5,2
SF,IF2007,2020-06-12 09:34:07.200,3868.2000,24919,0,1779018000.000,1,0,1,多换,S,3868.0000,3867.8000,3867.4000,3866.8000,3866.2000,3869.2000,3869.6000,3870.0000,3870.2000,3870.6000,3,1,1,2,3,1,1,3,5,2
SF,IF2007,2020-06-12 09:34:07.700,3868.0000,24916,-3,1782499200.000,3,0,3,双平,S,3867.8000,3867.4000,3867.0000,3866.8000,3866.2000,3869.2000,3869.6000,3870.0000,3870.2000,3870.6000,1,1,1,2,2,1,1,3,5,2
SF,IF2007,2020-06-12 09:34:08.200,3868.0000,24916,0,1782499200.000,0,-,-,-,-,3868.2000,3868.0000,3867.8000,3867.4000,3867.0000,3869.2000,3869.6000,3870.0000,3870.2000,3870.6000,1,2,1,1,1,1,1,3,5,2
SF,IF2007,2020-06-12 09:34:08.700,3868.0000,24916,0,1782499200.000,0,-,-,-,-,3868.0000,3867.8000,3867.4000,3867.0000,3866.8000,3868.8000,3869.6000,3870.0000,3870.2000,3870.6000,1,1,1,1,2,1,1,3,5,2
SF,IF2007,2020-06-12 09:34:09.200,3868.0000,24916,0,1782499200.000,0,-,-,-,-,3867.8000,3867.4000,3867.0000,3866.8000,3866.2000,3868.8000,3869.6000,3870.0000,3870.2000,3870.6000,1,1,1,2,2,1,1,3,5,2
SF,IF2007,2020-06-12 09:34:09.700,3867.8000,24915,-1,1783659540.000,1,0,1,双平,S,3867.4000,3867.0000,3866.8000,3866.2000,3865.8000,3867.8000,3868.8000,3869.6000,3870.0000,3870.2000,1,1,2,2,1,1,1,1,3,5
