市场代码,合约代码,时间,最新,持仓,增仓,成交额,成交量,开仓,平仓,成交类型,方向,买一价,买二价,买三价,买四价,买五价,卖一价,卖二价,卖三价,卖四价,卖五价,买一量,买二量,买三量,买四量,买五量,卖一量,卖二量,卖三量,卖四量,卖五量
SF,IF2003,2020-01-02 09:29:00.100,4158.2000,36116,0,41166180.000,33.000,-,-,-,-,4158.0000,4155.6000,4155.2000,4155.0000,4150.6000,4158.8000,4159.0000,4159.6000,4159.8000,4160.0000,1,5,1,25,5,1,1,4,1,8
SF,IF2003,2020-01-02 09:30:00.100,4157.6000,36127,11,81063180.000,32,21,11,空开,S,4157.0000,4155.0000,4150.6000,4150.4000,4150.0000,4157.4000,4157.6000,4157.8000,4158.0000,4158.2000,1,13,5,1,14,2,3,1,9,2
SF,IF2003,2020-01-02 09:30:00.600,4156.6000,36126,-1,133427760.000,42,20,22,多平,S,4150.6000,4150.4000,4150.0000,4148.2000,4148.0000,4157.0000,4157.2000,4157.4000,4157.6000,4157.8000,5,1,14,2,1,6,11,2,6,3
SF,IF2003,2020-01-02 09:30:01.100,4156.4000,36132,6,158348400.000,20,13,7,空开,S,4151.4000,4150.6000,4150.4000,4150.0000,4148.6000,4156.8000,4157.0000,4157.2000,4157.4000,4157.6000,1,2,1,14,2,8,6,8,4,3
SF,IF2003,2020-01-02 09:30:01.600,4156.4000,36134,2,167071860.000,7,4,3,空开,S,4152.2000,4151.6000,4151.4000,4151.2000,4150.6000,4155.0000,4156.4000,4156.6000,4156.8000,4157.0000,1,1,1,3,1,5,3,2,6,4
SF,IF2003,2020-01-02 09:30:02.100,4152.4000,36137,3,194486640.000,22,12,10,空开,S,4152.4000,4151.6000,4151.2000,4150.8000,4150.6000,4156.8000,4157.0000,4157.2000,4157.4000,4157.6000,5,1,2,2,1,1,4,4,4,3
SF,IF2003,2020-01-02 09:30:02.600,4154.8000,36133,-4,206948280.000,10,3,7,多平,S,4153.0000,4152.4000,4151.6000,4150.8000,4150.6000,4155.2000,4156.2000,4156.6000,4157.0000,4157.2000,2,3,1,2,1,5,1,1,4,2
SF,IF2003,2020-01-02 09:30:03.100,4153.0000,36126,-7,223149180.000,13,3,10,多平,S,4153.0000,4152.4000,4151.6000,4150.8000,4150.6000,4155.0000,4156.8000,4157.0000,4157.2000,4157.4000,1,2,1,2,1,1,1,4,4,4
SF,IF2003,2020-01-02 09:30:03.600,4153.0000,36122,-4,233116380.000,8,2,6,多平,S,4152.4000,4152.0000,4151.6000,4150.8000,4150.6000,4153.0000,4153.6000,4154.0000,4154.8000,4155.0000,2,2,1,2,1,6,1,1,1,1
SF,IF2003,2020-01-02 09:30:04.100,4155.0000,36116,-6,245577000.000,10,2,8,多平,S,4155.2000,4153.0000,4152.4000,4152.0000,4151.6000,4157.0000,4157.2000,4157.4000,4157.6000,4157.8000,1,22,1,2,1,4,3,4,3,2
SF,IF2003,2020-01-02 09:30:04.600,4153.0000,36112,-4,251807160.000,5,0,5,多平,S,4155.0000,4153.0000,4152.6000,4152.4000,4152.0000,4155.8000,4156.4000,4156.8000,4157.0000,4157.2000,1,19,1,1,2,1,1,4,4,3
SF,IF2003,2020-01-02 09:30:05.100,4155.0000,36110,-2,255546720.000,3,0,3,多平,S,4153.0000,4152.6000,4152.4000,4152.0000,4151.6000,4155.2000,4155.8000,4156.4000,4156.8000,4157.0000,21,1,1,2,1,1,1,1,4,4
SF,IF2003,2020-01-02 09:30:05.600,4155.2000,36102,-8,274247100.000,15,3,12,多平,S,4155.2000,4153.6000,4153.0000,4152.6000,4152.4000,4157.2000,4157.4000,4157.6000,4157.8000,4158.0000,17,1,22,1,1,3,4,3,2,8
SF,IF2003,2020-01-02 09:30:06.100,4156.4000,36104,2,282973980.000,7,4,3,空开,S,4155.2000,4155.0000,4153.6000,4153.0000,4152.6000,4156.4000,4156.6000,4157.0000,4157.2000,4157.4000,13,1,1,22,1,4,5,3,3,4
SF,IF2003,2020-01-02 09:30:06.600,4155.0000,36109,5,305411820.000,18,11,7,空开,S,4153.6000,4153.0000,4152.6000,4152.4000,4151.6000,4155.0000,4155.2000,4156.2000,4156.4000,4156.6000,1,22,2,1,1,6,3,3,2,5
SF,IF2003,2020-01-02 09:30:07.100,4153.6000,36115,6,320369520.000,12,9,3,空开,S,4153.0000,4152.6000,4152.4000,4151.6000,4150.8000,4156.2000,4157.2000,4157.4000,4157.6000,4157.8000,22,2,1,1,2,2,3,4,3,2
SF,IF2003,2020-01-02 09:30:07.600,4154.8000,36113,-2,325354200.000,4,1,3,多平,S,4153.2000,4153.0000,4152.6000,4152.4000,4151.6000,4154.8000,4155.0000,4155.2000,4155.6000,4156.0000,1,22,2,1,1,4,3,3,1,3
SF,IF2003,2020-01-02 09:30:08.100,4155.2000,36108,-5,347790480.000,18,6,12,多平,S,4155.0000,4153.6000,4153.0000,4152.6000,4152.4000,4155.2000,4155.4000,4155.6000,4156.2000,4157.2000,1,15,22,1,1,2,1,1,1,3
SF,IF2003,2020-01-02 09:30:08.600,4154.0000,36101,-7,365236920.000,14,3,11,多平,S,4153.6000,4153.4000,4153.0000,4152.6000,4152.2000,4154.0000,4155.0000,4155.2000,4155.4000,4155.6000,7,1,22,1,1,1,4,2,3,1
SF,IF2003,2020-01-02 09:30:09.100,4155.0000,36094,-7,401379180.000,29,11,18,多平,S,4153.0000,4152.6000,4152.2000,4151.6000,4151.0000,4157.2000,4157.4000,4157.6000,4157.8000,4158.0000,17,1,1,1,2,3,2,3,2,5
SF,IF2003,2020-01-02 09:30:09.600,4157.0000,36089,-5,415086720.000,11,3,8,多平,S,4156.2000,4154.8000,4153.0000,4152.6000,4152.2000,4157.0000,4157.2000,4157.4000,4157.6000,4157.8000,1,1,15,1,1,2,5,2,3,2
SF,IF2003,2020-01-02 09:30:10.100,4153.0000,36079,-10,431292960.000,13,1,12,多平,S,4155.2000,4153.0000,4152.6000,4152.2000,4151.6000,4156.2000,4156.4000,4156.8000,4157.0000,4157.2000,2,12,1,1,3,1,1,1,1,5
SF,IF2003,2020-01-02 09:30:10.600,4156.0000,36082,3,440018280.000,7,5,2,空开,S,4153.6000,4153.0000,4152.6000,4152.2000,4151.6000,4156.0000,4156.4000,4156.8000,4157.2000,4157.4000,1,12,1,1,3,2,1,1,5,2
SF,IF2003,2020-01-02 09:30:11.100,4156.0000,36068,-14,458713200.000,15,0,15,多平,S,4153.8000,4153.6000,4153.0000,4152.6000,4152.2000,4155.2000,4156.4000,4157.2000,4157.4000,4157.6000,1,1,12,1,1,1,1,5,2,3
SF,IF2003,2020-01-02 09:30:11.600,4155.2000,36065,-3,469930080.000,9,3,6,多平,S,4154.8000,4153.8000,4153.6000,4153.0000,4152.6000,4157.2000,4157.4000,4157.6000,4157.8000,4158.0000,1,2,1,12,1,5,2,3,2,7
SF,IF2003,2020-01-02 09:30:12.100,4154.8000,36065,0,476162340.000,5,2,3,多换,S,4155.2000,4153.6000,4153.0000,4152.6000,4152.2000,4156.8000,4157.0000,4157.2000,4157.4000,4157.6000,1,1,12,1,1,1,4,5,2,3
SF,IF2003,2020-01-02 09:30:12.600,4154.8000,36065,0,489872940.000,11,5,6,多换,S,4153.6000,4153.0000,4152.6000,4152.2000,4151.6000,4154.8000,4155.2000,4156.6000,4157.0000,4157.2000,1,12,1,1,3,2,1,1,3,5
SF,IF2003,2020-01-02 09:30:13.100,4154.6000,36059,-6,502335540.000,10,2,8,多平,S,4153.0000,4152.6000,4152.2000,4151.6000,4151.0000,4154.6000,4155.2000,4157.2000,4157.4000,4157.6000,12,1,1,3,2,2,2,5,2,3
SF,IF2003,2020-01-02 09:30:13.600,4154.6000,36059,0,507321060.000,4,2,2,多换,S,4153.2000,4153.0000,4152.8000,4152.6000,4152.2000,4155.2000,4155.8000,4157.2000,4157.4000,4157.6000,2,9,2,1,1,2,2,5,2,3
SF,IF2003,2020-01-02 09:30:14.100,4155.2000,36059,0,511060740.000,3,1,2,多换,S,4153.8000,4153.4000,4153.2000,4153.0000,4152.8000,4155.8000,4156.0000,4156.4000,4157.2000,4157.4000,2,3,2,9,2,2,2,1,3,2
SF,IF2003,2020-01-02 09:30:14.600,4155.0000,36059,0,513553440.000,2,1,1,多换,S,4154.2000,4154.0000,4153.8000,4153.4000,4153.0000,4155.6000,4155.8000,4156.0000,4156.4000,4157.2000,1,2,2,2,9,1,3,2,1,3
SF,IF2003,2020-01-02 09:30:15.100,4155.8000,36061,2,517293240.000,3,2,1,空开,S,4155.6000,4155.2000,4154.2000,4153.8000,4153.0000,4155.8000,4156.0000,4156.4000,4157.2000,4157.4000,7,1,1,2,2,1,2,1,3,2
SF,IF2003,2020-01-02 09:30:15.600,4155.6000,36058,-3,538486260.000,17,7,10,多平,S,4155.8000,4155.6000,4153.8000,4153.0000,4152.8000,4157.2000,4157.4000,4157.6000,4157.8000,4158.0000,1,3,1,2,2,3,2,3,3,6
SF,IF2003,2020-01-02 09:30:16.100,4155.6000,36061,3,544719720.000,5,4,1,空开,S,4154.4000,4153.8000,4153.0000,4152.8000,4152.6000,4155.8000,4157.0000,4157.2000,4157.4000,4157.6000,2,2,2,2,1,1,1,4,2,3
SF,IF2003,2020-01-02 09:30:16.600,4155.8000,36061,0,549706200.000,4,2,2,多换,S,4155.2000,4154.4000,4153.8000,4153.0000,4152.8000,4155.8000,4156.0000,4156.8000,4157.2000,4157.4000,5,1,2,2,2,1,2,1,3,2
SF,IF2003,2020-01-02 09:30:17.100,4155.2000,36061,0,552199320.000,2,1,1,多换,S,4155.2000,4154.4000,4153.8000,4153.0000,4152.8000,4155.8000,4156.0000,4156.6000,4156.8000,4157.2000,3,1,2,2,2,3,2,1,1,3
SF,IF2003,2020-01-02 09:30:17.600,4155.8000,36063,2,558433020.000,5,3,2,空开,S,4155.2000,4154.4000,4153.8000,4153.0000,4152.8000,4156.0000,4156.6000,4156.8000,4157.2000,4157.4000,3,1,2,2,2,2,1,1,3,2
SF,IF2003,2020-01-02 09:30:18.100,4155.8000,36063,0,558433020.000,0,-,-,-,-,4155.8000,4155.6000,4155.2000,4154.4000,4153.8000,4156.0000,4156.6000,4156.8000,4157.2000,4157.4000,10,1,3,1,2,2,1,1,3,2
SF,IF2003,2020-01-02 09:30:18.600,4155.8000,36062,-1,575887200.000,14,6,8,多平,S,4155.2000,4154.4000,4153.8000,4153.0000,4152.8000,4156.0000,4156.6000,4156.8000,4157.2000,4157.4000,3,1,2,3,2,3,1,2,3,2
SF,IF2003,2020-01-02 09:30:19.100,4156.0000,36064,2,580873920.000,4,3,1,空开,S,4156.0000,4155.2000,4154.4000,4153.8000,4153.0000,4156.6000,4156.8000,4157.2000,4157.4000,4157.6000,2,1,1,2,3,1,2,3,2,3
SF,IF2003,2020-01-02 09:30:19.600,4156.0000,36065,1,582120720.000,1,1,0,双开,S,4156.0000,4155.8000,4155.2000,4154.4000,4153.8000,4156.4000,4156.6000,4156.8000,4157.2000,4157.4000,3,2,1,1,2,2,1,2,3,2
SF,IF2003,2020-01-02 09:30:20.100,4156.0000,36065,0,582120720.000,0,-,-,-,-,4156.0000,4155.8000,4155.2000,4154.4000,4153.8000,4156.6000,4156.8000,4157.2000,4157.4000,4157.6000,4,2,1,1,2,1,2,3,2,3
SF,IF2003,2020-01-02 09:30:20.600,4156.8000,36064,-1,593342460.000,9,4,5,多平,S,4156.0000,4155.8000,4155.2000,4154.4000,4153.8000,4156.8000,4157.2000,4157.4000,4157.6000,4157.8000,18,1,1,1,2,1,3,2,3,3
SF,IF2003,2020-01-02 09:30:21.100,4156.0000,36065,1,595836060.000,2,1,1,空开,S,4156.0000,4155.8000,4155.2000,4154.4000,4153.8000,4156.6000,4156.8000,4157.2000,4157.4000,4157.6000,16,5,1,1,2,1,3,3,2,3
SF,IF2003,2020-01-02 09:30:21.600,4156.6000,36066,1,600823560.000,4,2,2,空开,S,4156.0000,4155.8000,4155.4000,4155.2000,4154.4000,4156.8000,4157.2000,4157.4000,4157.6000,4157.8000,16,5,1,1,1,3,3,2,3,3
SF,IF2003,2020-01-02 09:30:22.100,4156.8000,36070,4,613293900.000,10,7,3,空开,S,4156.0000,4155.8000,4155.4000,4155.2000,4154.4000,4157.2000,4157.4000,4157.6000,4157.8000,4158.0000,15,5,1,1,1,1,2,3,3,5
SF,IF2003,2020-01-02 09:30:22.600,4156.8000,36070,0,613293900.000,0,-,-,-,-,4156.8000,4156.6000,4156.2000,4156.0000,4155.8000,4157.2000,4157.4000,4157.6000,4157.8000,4158.0000,1,7,1,15,5,1,2,3,3,5
SF,IF2003,2020-01-02 09:30:23.100,4156.6000,36070,0,617034900.000,3,1,2,多换,S,4156.8000,4156.6000,4156.2000,4156.0000,4155.8000,4157.2000,4157.4000,4157.6000,4157.8000,4158.0000,2,6,1,15,5,1,2,3,3,5
SF,IF2003,2020-01-02 09:30:23.600,4157.2000,36071,1,618282060.000,1,1,0,双开,S,4157.2000,4156.8000,4156.6000,4156.2000,4156.0000,4157.4000,4157.6000,4157.8000,4158.0000,4158.2000,4,4,6,1,15,2,3,3,5,3
SF,IF2003,2020-01-02 09:30:24.100,4156.8000,36074,3,624517740.000,5,4,1,空开,S,4156.8000,4156.6000,4156.2000,4156.0000,4155.8000,4157.4000,4157.6000,4157.8000,4158.0000,4158.2000,3,11,1,11,5,2,3,3,5,3
SF,IF2003,2020-01-02 09:30:24.600,4156.8000,36074,0,630753120.000,5,2,3,多换,S,4156.8000,4156.6000,4156.2000,4156.0000,4155.8000,4157.4000,4157.6000,4157.8000,4158.0000,4158.2000,6,11,1,11,7,2,3,3,5,3
SF,IF2003,2020-01-02 09:30:25.100,4157.4000,36072,-2,636988980.000,5,1,4,多平,S,4156.8000,4156.6000,4156.2000,4156.0000,4155.8000,4157.6000,4157.8000,4158.0000,4158.2000,4158.4000,5,11,1,11,7,3,3,5,3,3
SF,IF2003,2020-01-02 09:30:25.600,4156.8000,36072,0,640730100.000,3,1,2,多换,S,4156.8000,4156.6000,4156.2000,4156.0000,4155.8000,4157.6000,4157.8000,4158.0000,4158.2000,4158.4000,2,11,1,11,7,3,3,5,3,3
SF,IF2003,2020-01-02 09:30:26.100,4157.6000,36072,0,644471940.000,3,1,2,多换,S,4157.6000,4157.0000,4156.8000,4156.6000,4156.2000,4157.8000,4158.0000,4158.2000,4158.4000,4158.8000,2,1,2,12,1,3,5,3,3,2
SF,IF2003,2020-01-02 09:30:26.600,4157.6000,36074,2,650708280.000,5,3,2,空开,S,4157.6000,4157.4000,4157.0000,4156.8000,4156.6000,4157.8000,4158.0000,4158.2000,4158.4000,4158.8000,2,7,1,2,13,3,5,3,3,2
SF,IF2003,2020-01-02 09:30:27.100,4158.0000,36077,3,659439600.000,7,5,2,空开,S,4157.6000,4157.4000,4157.0000,4156.8000,4156.6000,4158.0000,4158.2000,4158.4000,4158.8000,4159.0000,3,7,1,2,13,6,3,3,2,3
SF,IF2003,2020-01-02 09:30:27.600,4158.0000,36076,-1,663181800.000,3,1,2,多平,S,4157.6000,4157.4000,4157.0000,4156.8000,4156.6000,4158.0000,4158.2000,4158.4000,4158.8000,4159.0000,3,22,1,2,13,1,3,4,2,3
SF,IF2003,2020-01-02 09:30:28.100,4157.8000,36075,-1,665676540.000,2,0,2,多平,S,4157.8000,4157.6000,4157.4000,4157.0000,4156.8000,4158.0000,4158.2000,4158.4000,4158.8000,4159.0000,2,3,22,1,2,2,3,4,2,3
SF,IF2003,2020-01-02 09:30:28.600,4158.0000,36075,0,669418680.000,3,1,2,多换,S,4158.0000,4157.8000,4157.6000,4157.4000,4157.0000,4158.2000,4158.4000,4158.8000,4159.0000,4159.6000,8,1,3,22,1,3,4,2,4,13
SF,IF2003,2020-01-02 09:30:29.100,4158.0000,36075,0,681892620.000,10,5,5,多换,S,4157.6000,4157.4000,4157.0000,4156.8000,4156.6000,4158.2000,4158.4000,4158.8000,4159.0000,4159.6000,3,22,1,2,13,4,5,2,4,13
SF,IF2003,2020-01-02 09:30:29.600,4158.2000,36074,-1,684387360.000,2,0,2,多平,S,4158.0000,4157.6000,4157.4000,4157.0000,4156.8000,4158.2000,4158.4000,4158.8000,4159.0000,4159.6000,1,2,22,1,2,3,5,2,4,13
SF,IF2003,2020-01-02 09:30:30.100,4158.2000,36074,0,688129500.000,3,1,2,多换,S,4157.6000,4157.4000,4157.0000,4156.8000,4156.6000,4158.2000,4158.4000,4158.8000,4159.0000,4159.6000,1,22,1,2,13,3,5,2,4,13
SF,IF2003,2020-01-02 09:30:30.600,4158.4000,36073,-1,699356760.000,9,4,5,多平,S,4158.2000,4157.4000,4157.0000,4156.8000,4156.6000,4158.8000,4159.0000,4159.6000,4159.8000,4160.0000,3,22,1,2,13,2,4,13,5,8
SF,IF2003,2020-01-02 09:30:31.100,4158.2000,36073,0,704346600.000,4,2,2,多换,S,4157.4000,4157.0000,4156.8000,4156.6000,4156.2000,4158.6000,4158.8000,4159.0000,4159.6000,4159.8000,22,1,2,13,1,1,2,4,13,5
SF,IF2003,2020-01-02 09:30:31.600,4158.8000,36071,-2,708089460.000,3,0,3,多平,S,4158.2000,4157.6000,4157.4000,4157.0000,4156.8000,4159.0000,4159.6000,4159.8000,4160.0000,4160.4000,1,4,22,1,2,4,13,5,8,2
SF,IF2003,2020-01-02 09:30:32.100,4157.4000,36065,-6,720564600.000,10,2,8,多平,S,4157.4000,4157.0000,4156.8000,4156.6000,4156.0000,4159.0000,4159.6000,4159.8000,4160.0000,4160.4000,21,1,2,13,11,1,13,5,9,2
SF,IF2003,2020-01-02 09:30:32.600,4157.4000,36065,0,720564600.000,0,-,-,-,-,4158.8000,4158.2000,4157.6000,4157.4000,4157.0000,4159.0000,4159.6000,4159.8000,4160.0000,4160.4000,1,4,8,21,2,1,13,5,9,2
SF,IF2003,2020-01-02 09:30:33.100,4159.0000,36063,-2,729298260.000,7,2,5,多平,S,4159.0000,4158.4000,4158.2000,4157.6000,4157.4000,4159.6000,4159.8000,4160.0000,4160.4000,4160.8000,4,5,3,7,21,12,5,9,2,3
SF,IF2003,2020-01-02 09:30:33.600,4159.6000,36066,3,733041900.000,3,3,0,双开,S,4159.0000,4158.4000,4158.2000,4157.6000,4157.4000,4159.2000,4159.6000,4159.8000,4160.0000,4160.4000,6,5,3,2,21,1,10,5,9,2
SF,IF2003,2020-01-02 09:30:34.100,4159.6000,36069,3,738033000.000,4,3,1,空开,S,4159.0000,4158.4000,4158.2000,4157.6000,4157.4000,4159.6000,4159.8000,4160.0000,4160.4000,4160.8000,5,5,3,1,21,9,5,9,2,3
SF,IF2003,2020-01-02 09:30:34.600,4159.0000,36065,-4,746767140.000,7,1,6,多平,S,4159.0000,4158.4000,4158.2000,4157.6000,4157.4000,4159.4000,4159.6000,4159.8000,4160.0000,4160.4000,2,5,3,2,21,1,9,5,9,2
SF,IF2003,2020-01-02 09:30:35.100,4159.2000,36067,2,750510300.000,3,2,1,空开,S,4158.4000,4158.2000,4157.6000,4157.4000,4157.0000,4159.4000,4159.6000,4159.8000,4160.0000,4160.4000,5,3,2,21,2,1,10,5,9,2
SF,IF2003,2020-01-02 09:30:35.600,4159.2000,36067,0,750510300.000,0,-,-,-,-,4158.6000,4158.4000,4158.2000,4157.6000,4157.4000,4159.4000,4159.6000,4159.8000,4160.0000,4160.4000,1,5,3,1,21,1,10,5,9,2
SF,IF2003,2020-01-02 09:30:36.100,4158.8000,36068,1,755500860.000,4,2,2,空开,S,4158.8000,4158.4000,4158.2000,4157.6000,4157.4000,4159.4000,4159.6000,4159.8000,4160.0000,4160.4000,1,4,3,1,21,1,10,5,9,2
SF,IF2003,2020-01-02 09:30:36.600,4158.2000,36068,0,764233500.000,7,3,4,多换,S,4158.2000,4157.6000,4157.4000,4157.0000,4156.8000,4158.6000,4159.2000,4159.4000,4159.6000,4159.8000,1,1,21,2,2,1,1,1,10,5
SF,IF2003,2020-01-02 09:30:37.100,4157.4000,36069,1,771717720.000,6,3,3,空开,S,4157.4000,4157.0000,4156.8000,4156.6000,4156.0000,4158.4000,4159.0000,4159.2000,4159.4000,4159.6000,19,2,2,6,10,1,1,1,1,10
SF,IF2003,2020-01-02 09:30:37.600,4158.2000,36069,0,772965180.000,1,0,1,多换,S,4157.6000,4157.4000,4157.0000,4156.8000,4156.6000,4158.4000,4159.0000,4159.2000,4159.4000,4159.6000,1,19,2,2,4,1,2,1,1,10
SF,IF2003,2020-01-02 09:30:38.100,4157.4000,36072,3,781696620.000,7,5,2,空开,S,4157.4000,4157.0000,4156.8000,4156.6000,4156.0000,4158.4000,4159.0000,4159.2000,4159.4000,4159.6000,16,2,2,4,10,1,2,1,1,10
SF,IF2003,2020-01-02 09:30:38.600,4158.4000,36070,-2,787934220.000,5,1,4,多平,S,4157.6000,4157.4000,4157.0000,4156.8000,4156.6000,4159.0000,4159.2000,4159.4000,4159.6000,4159.8000,1,16,2,2,4,2,1,1,10,6
SF,IF2003,2020-01-02 09:30:39.100,4158.4000,36071,1,789181740.000,1,1,0,双开,S,4158.4000,4157.6000,4157.4000,4157.0000,4156.8000,4158.8000,4159.0000,4159.2000,4159.4000,4159.6000,1,1,16,2,2,1,2,1,1,10
SF,IF2003,2020-01-02 09:30:39.600,4158.8000,36071,0,790429380.000,1,0,1,多换,S,4158.8000,4158.4000,4157.6000,4157.4000,4157.0000,4159.0000,4159.2000,4159.4000,4159.6000,4159.8000,4,6,1,16,2,2,1,1,10,6
SF,IF2003,2020-01-02 09:30:40.100,4159.4000,36077,6,801658200.000,9,7,2,空开,S,4158.4000,4158.2000,4157.6000,4157.4000,4157.0000,4159.6000,4159.8000,4160.0000,4160.4000,4160.8000,9,1,1,16,2,10,6,9,2,3
SF,IF2003,2020-01-02 09:30:40.600,4159.4000,36081,4,816630540.000,12,8,4,空开,S,4158.4000,4158.2000,4157.6000,4157.4000,4157.0000,4159.6000,4159.8000,4160.0000,4160.4000,4160.8000,5,1,1,16,2,7,6,9,2,3
SF,IF2003,2020-01-02 09:30:41.100,4159.6000,36080,-1,824117460.000,6,2,4,多平,S,4158.6000,4158.4000,4158.2000,4157.4000,4157.0000,4159.6000,4159.8000,4160.0000,4160.4000,4160.8000,1,5,3,16,2,4,6,9,2,3
SF,IF2003,2020-01-02 09:30:41.600,4159.6000,36081,1,825365340.000,1,1,0,双开,S,4159.0000,4158.6000,4158.4000,4158.2000,4157.4000,4159.6000,4159.8000,4160.0000,4160.4000,4160.8000,1,1,5,3,16,3,6,9,2,3
SF,IF2003,2020-01-02 09:30:42.100,4159.6000,36082,1,829108980.000,3,2,1,空开,S,4159.6000,4159.0000,4158.6000,4158.4000,4158.2000,4159.8000,4160.0000,4160.4000,4160.8000,4161.2000,2,2,1,5,3,6,9,2,3,2
SF,IF2003,2020-01-02 09:30:42.600,4159.0000,36082,0,834100380.000,4,2,2,多换,S,4159.0000,4158.6000,4158.4000,4158.2000,4157.4000,4159.6000,4159.8000,4160.0000,4160.4000,4160.8000,1,1,5,4,16,1,5,9,2,3
SF,IF2003,2020-01-02 09:30:43.100,4159.6000,36082,0,835348260.000,1,0,1,多换,S,4159.2000,4159.0000,4158.6000,4158.4000,4158.2000,4159.4000,4159.8000,4160.0000,4160.4000,4160.8000,1,1,1,5,4,1,5,10,2,3
SF,IF2003,2020-01-02 09:30:43.600,4159.2000,36083,1,836596020.000,1,1,0,双开,S,4159.0000,4158.6000,4158.4000,4158.2000,4157.4000,4159.2000,4159.4000,4159.8000,4160.0000,4160.4000,1,1,5,4,16,2,1,5,10,2
SF,IF2003,2020-01-02 09:30:44.100,4159.8000,36083,0,844083180.000,6,3,3,多换,S,4159.6000,4159.4000,4159.0000,4158.6000,4158.4000,4159.8000,4160.0000,4160.4000,4160.8000,4161.2000,1,3,1,1,5,2,10,2,3,2
SF,IF2003,2020-01-02 09:30:44.600,4159.6000,36083,0,847826940.000,3,1,2,多换,S,4159.6000,4159.4000,4159.0000,4158.4000,4158.2000,4160.0000,4160.4000,4160.8000,4161.2000,4161.6000,1,3,1,5,4,10,2,3,2,3
SF,IF2003,2020-01-02 09:30:45.100,4159.8000,36083,0,850322760.000,2,1,1,多换,S,4159.4000,4159.0000,4158.4000,4158.2000,4158.0000,4160.0000,4160.4000,4160.8000,4161.2000,4161.6000,3,1,5,4,3,12,2,3,2,3
SF,IF2003,2020-01-02 09:30:45.600,4159.4000,36083,0,854066220.000,3,1,2,多换,S,4159.8000,4159.2000,4159.0000,4158.4000,4158.2000,4160.0000,4160.4000,4160.8000,4161.2000,4161.6000,10,1,1,5,4,12,2,3,2,3
SF,IF2003,2020-01-02 09:30:46.100,4159.8000,36082,-1,859058040.000,4,1,3,多平,S,4159.8000,4159.2000,4159.0000,4158.4000,4158.2000,4160.0000,4160.4000,4160.8000,4161.2000,4161.6000,8,2,1,5,4,11,2,3,2,3
SF,IF2003,2020-01-02 09:30:46.600,4160.0000,36081,-1,862801980.000,3,1,2,多平,S,4159.8000,4159.6000,4159.4000,4159.2000,4159.0000,4160.0000,4160.4000,4160.8000,4161.2000,4161.6000,7,2,3,2,1,7,2,3,2,3
SF,IF2003,2020-01-02 09:30:47.100,4159.8000,36080,-1,871537920.000,7,3,4,多平,S,4159.8000,4159.6000,4159.4000,4159.2000,4159.0000,4160.0000,4160.4000,4160.8000,4161.2000,4161.6000,6,2,3,2,1,1,2,3,2,3
SF,IF2003,2020-01-02 09:30:47.600,4160.0000,36078,-2,875282040.000,3,0,3,多平,S,4160.0000,4159.8000,4159.6000,4159.4000,4159.2000,4160.4000,4160.8000,4161.2000,4161.6000,4161.8000,1,6,2,3,2,1,3,2,3,3
SF,IF2003,2020-01-02 09:30:48.100,4160.4000,36078,0,877778280.000,2,1,1,多换,S,4160.0000,4159.8000,4159.6000,4159.4000,4159.2000,4160.8000,4161.2000,4161.6000,4161.8000,4162.0000,5,6,2,3,4,3,2,3,3,3
SF,IF2003,2020-01-02 09:30:48.600,4160.8000,36080,2,885267540.000,6,4,2,空开,S,4160.8000,4160.0000,4159.8000,4159.6000,4159.4000,4161.2000,4161.6000,4161.8000,4162.0000,4162.4000,5,5,6,2,3,2,3,3,3,2
SF,IF2003,2020-01-02 09:30:49.100,4160.8000,36080,0,891508740.000,5,2,3,多换,S,4160.0000,4159.8000,4159.6000,4159.4000,4159.2000,4160.8000,4161.2000,4161.6000,4161.8000,4162.0000,5,6,2,3,4,2,2,3,3,3
SF,IF2003,2020-01-02 09:30:49.600,4161.2000,36085,5,903990480.000,10,7,3,空开,S,4161.2000,4160.4000,4160.0000,4159.8000,4159.6000,4161.6000,4161.8000,4162.0000,4162.4000,4162.8000,4,10,1,7,2,3,3,3,2,3
SF,IF2003,2020-01-02 09:30:50.100,4161.2000,36086,1,910232280.000,5,3,2,空开,S,4160.4000,4160.0000,4159.8000,4159.6000,4159.4000,4161.2000,4161.4000,4161.6000,4161.8000,4162.0000,10,1,7,2,3,6,1,3,3,3
SF,IF2003,2020-01-02 09:30:50.600,4160.4000,36087,1,912728520.000,2,1,1,空开,S,4160.4000,4160.0000,4159.8000,4159.6000,4159.4000,4160.8000,4161.2000,4161.4000,4161.6000,4161.8000,18,1,7,2,4,1,5,1,3,3
SF,IF2003,2020-01-02 09:30:51.100,4160.8000,36087,0,913976760.000,1,0,1,多换,S,4160.8000,4160.4000,4160.0000,4159.8000,4159.6000,4161.2000,4161.4000,4161.6000,4161.8000,4162.0000,3,18,1,7,2,2,1,3,3,3
SF,IF2003,2020-01-02 09:30:51.600,4161.2000,36088,1,916473480.000,2,1,1,空开,S,4161.2000,4160.8000,4160.4000,4160.0000,4159.8000,4161.4000,4161.6000,4161.8000,4162.0000,4162.4000,1,3,18,1,7,1,3,3,3,2
SF,IF2003,2020-01-02 09:30:52.100,4161.2000,36088,0,918970200.000,2,1,1,多换,S,4161.2000,4160.8000,4160.4000,4160.0000,4159.8000,4161.4000,4161.6000,4161.8000,4162.0000,4162.4000,11,3,18,2,7,1,3,3,3,2
SF,IF2003,2020-01-02 09:30:52.600,4161.2000,36087,-1,923963700.000,4,1,3,多平,S,4161.4000,4161.2000,4160.8000,4160.4000,4160.0000,4161.6000,4161.8000,4162.0000,4162.2000,4162.4000,10,8,3,18,2,3,3,3,1,2
SF,IF2003,2020-01-02 09:30:53.100,4161.4000,36094,7,933951300.000,8,7,1,空开,S,4161.4000,4161.2000,4160.8000,4160.4000,4160.0000,4161.8000,4162.0000,4162.2000,4162.4000,4162.8000,7,8,1,18,2,5,3,1,2,3
SF,IF2003,2020-01-02 09:30:53.600,4161.4000,36094,0,935199720.000,1,0,1,多换,S,4161.4000,4161.2000,4160.8000,4160.4000,4160.0000,4161.6000,4161.8000,4162.0000,4162.2000,4162.4000,16,8,1,18,2,1,5,5,1,2
SF,IF2003,2020-01-02 09:30:54.100,4161.6000,36093,-1,936448200.000,1,0,1,双平,S,4161.6000,4161.4000,4161.2000,4160.8000,4160.4000,4161.8000,4162.0000,4162.2000,4162.4000,4162.8000,2,17,8,1,18,5,5,1,2,3
SF,IF2003,2020-01-02 09:30:54.600,4161.8000,36090,-3,943939440.000,6,1,5,多平,S,4161.6000,4161.4000,4161.2000,4160.8000,4160.4000,4162.0000,4162.2000,4162.4000,4162.8000,4163.0000,6,17,8,1,18,5,1,2,3,2
SF,IF2003,2020-01-02 09:30:55.100,4161.6000,36091,1,946436400.000,2,1,1,空开,S,4161.6000,4161.4000,4161.2000,4160.8000,4160.4000,4162.0000,4162.2000,4162.4000,4162.8000,4163.0000,5,17,8,1,18,5,1,2,3,2
SF,IF2003,2020-01-02 09:30:55.600,4162.0000,36091,0,950181960.000,3,1,2,多换,S,4161.8000,4161.6000,4161.4000,4161.2000,4161.0000,4162.0000,4162.2000,4162.4000,4162.8000,4163.0000,2,3,17,8,1,4,1,2,3,2
SF,IF2003,2020-01-02 09:30:56.100,4162.0000,36088,-3,955176360.000,4,0,4,多平,S,4161.8000,4161.6000,4161.4000,4161.2000,4161.0000,4162.2000,4162.4000,4162.8000,4163.0000,4163.2000,3,3,17,8,1,1,2,3,2,2
SF,IF2003,2020-01-02 09:30:56.600,4162.2000,36087,-1,956425020.000,1,0,1,双平,S,4162.2000,4161.8000,4161.6000,4161.4000,4161.2000,4162.4000,4162.8000,4163.0000,4163.2000,4163.6000,10,3,3,17,8,2,3,2,2,2
SF,IF2003,2020-01-02 09:30:57.100,4162.2000,36086,-1,966414660.000,8,3,5,多平,S,4162.2000,4161.8000,4161.6000,4161.4000,4161.2000,4162.8000,4163.0000,4163.2000,4163.6000,4163.8000,7,3,3,17,8,2,2,2,2,6
SF,IF2003,2020-01-02 09:30:57.600,4162.2000,36087,1,972657960.000,5,3,2,空开,S,4162.2000,4161.8000,4161.6000,4161.4000,4161.2000,4162.6000,4162.8000,4163.0000,4163.2000,4163.6000,2,3,4,17,8,1,2,2,2,2
SF,IF2003,2020-01-02 09:30:58.100,4162.6000,36087,0,975155400.000,2,1,1,多换,S,4162.4000,4162.2000,4161.8000,4161.6000,4161.4000,4162.8000,4163.0000,4163.2000,4163.6000,4163.8000,2,2,3,4,16,2,2,2,2,6
SF,IF2003,2020-01-02 09:30:58.600,4162.4000,36085,-2,977652840.000,2,0,2,双平,S,4162.2000,4161.8000,4161.6000,4161.4000,4161.2000,4162.8000,4163.0000,4163.2000,4163.6000,4163.8000,2,3,4,17,8,2,2,2,2,6
SF,IF2003,2020-01-02 09:30:59.100,4163.0000,36086,1,983896980.000,5,3,2,空开,S,4162.6000,4162.2000,4161.8000,4161.6000,4161.4000,4163.0000,4163.2000,4163.6000,4163.8000,4164.0000,1,2,3,4,17,1,2,2,6,2
SF,IF2003,2020-01-02 09:30:59.600,4162.6000,36086,0,986394540.000,2,1,1,多换,S,4162.2000,4161.8000,4161.6000,4161.4000,4161.2000,4162.6000,4163.0000,4163.2000,4163.6000,4163.8000,1,3,4,12,7,2,1,2,2,6
SF,IF2003,2020-01-02 09:31:00.100,4163.0000,36088,2,990141000.000,3,2,1,空开,S,4162.8000,4162.2000,4161.8000,4161.6000,4161.4000,4163.2000,4163.6000,4163.8000,4164.0000,4164.4000,4,5,3,4,12,2,2,6,2,2
SF,IF2003,2020-01-02 09:31:00.600,4163.0000,36091,3,1000131660.000,8,5,3,空开,S,4162.2000,4161.8000,4161.6000,4161.4000,4161.2000,4163.0000,4163.2000,4163.6000,4163.8000,4164.0000,6,3,4,12,9,1,2,2,6,2
SF,IF2003,2020-01-02 09:31:01.100,4163.0000,36089,-2,1003878120.000,3,0,3,多平,S,4162.2000,4161.8000,4161.6000,4161.4000,4161.2000,4163.2000,4163.6000,4163.8000,4164.0000,4164.4000,5,3,4,12,9,2,2,6,2,2
SF,IF2003,2020-01-02 09:31:01.600,4162.4000,36091,2,1007624760.000,3,2,1,空开,S,4162.2000,4161.8000,4161.6000,4161.4000,4161.2000,4163.0000,4163.6000,4163.8000,4164.0000,4164.4000,7,3,4,12,9,1,2,6,2,2
SF,IF2003,2020-01-02 09:31:02.100,4163.0000,36090,-1,1010122560.000,2,0,2,多平,S,4163.0000,4162.4000,4162.2000,4162.0000,4161.8000,4163.6000,4163.8000,4164.0000,4164.4000,4164.8000,3,3,7,1,3,2,6,2,2,4
SF,IF2003,2020-01-02 09:31:02.600,4163.0000,36090,0,1010122560.000,0,-,-,-,-,4163.0000,4162.4000,4162.2000,4162.0000,4161.8000,4163.4000,4163.6000,4163.8000,4164.0000,4164.4000,3,3,7,1,3,1,2,6,2,2
SF,IF2003,2020-01-02 09:31:03.100,4163.0000,36089,-1,1015118460.000,4,1,3,多平,S,4163.0000,4162.4000,4162.2000,4162.0000,4161.8000,4163.6000,4163.8000,4164.0000,4164.4000,4164.8000,3,3,7,1,3,1,6,2,2,4
SF,IF2003,2020-01-02 09:31:03.600,4163.4000,36089,0,1020114540.000,4,2,2,多换,S,4163.0000,4162.4000,4162.2000,4162.0000,4161.8000,4163.6000,4163.8000,4164.0000,4164.4000,4164.8000,5,3,7,1,3,1,6,2,2,4
SF,IF2003,2020-01-02 09:31:04.100,4163.0000,36088,-1,1030106400.000,8,3,5,多平,S,4162.4000,4162.2000,4162.0000,4161.8000,4161.6000,4163.4000,4163.8000,4164.0000,4164.4000,4164.8000,3,7,1,3,4,1,5,2,2,4
SF,IF2003,2020-01-02 09:31:04.600,4162.6000,36085,-3,1035101760.000,4,0,4,多平,S,4163.4000,4163.2000,4162.6000,4162.4000,4162.2000,4163.8000,4164.0000,4164.4000,4164.8000,4165.0000,2,2,1,2,7,5,2,2,4,20
SF,IF2003,2020-01-02 09:31:05.100,4163.8000,36086,1,1043845560.000,7,4,3,空开,S,4163.6000,4163.4000,4163.2000,4162.6000,4162.4000,4164.0000,4164.4000,4164.8000,4165.0000,4165.2000,11,2,2,1,1,2,2,5,20,2
SF,IF2003,2020-01-02 09:31:05.600,4163.6000,36086,0,1046343780.000,2,1,1,多换,S,4163.6000,4163.4000,4163.2000,4162.6000,4162.4000,4164.0000,4164.4000,4164.8000,4165.0000,4165.2000,11,2,2,1,1,2,2,5,20,2
SF,IF2003,2020-01-02 09:31:06.100,4164.0000,36090,4,1051340580.000,4,4,0,双开,S,4164.0000,4163.6000,4163.4000,4163.2000,4162.6000,4164.4000,4164.8000,4165.0000,4165.2000,4165.4000,6,11,2,2,1,2,5,20,2,1
SF,IF2003,2020-01-02 09:31:06.600,4164.4000,36091,1,1053839100.000,2,1,1,空开,S,4164.0000,4163.6000,4163.4000,4163.2000,4162.6000,4164.4000,4164.8000,4165.0000,4165.2000,4165.4000,5,11,2,2,1,1,5,20,2,1
SF,IF2003,2020-01-02 09:31:07.100,4164.4000,36093,2,1056337740.000,2,2,0,双开,S,4164.2000,4164.0000,4163.6000,4163.4000,4163.2000,4164.8000,4165.0000,4165.2000,4165.4000,4165.6000,1,5,11,2,2,5,15,2,1,2
SF,IF2003,2020-01-02 09:31:07.600,4164.8000,36094,1,1061335140.000,4,2,2,空开,S,4164.0000,4163.6000,4163.4000,4163.2000,4162.2000,4164.8000,4165.0000,4165.2000,4165.4000,4165.6000,5,11,2,2,7,5,15,2,1,2
SF,IF2003,2020-01-02 09:31:08.100,4164.8000,36094,0,1063834020.000,2,1,1,多换,S,4164.2000,4164.0000,4163.6000,4163.4000,4163.2000,4164.8000,4165.0000,4165.2000,4165.4000,4165.6000,2,5,11,2,2,4,15,2,1,2
SF,IF2003,2020-01-02 09:31:08.600,4164.4000,36091,-3,1070080980.000,5,1,4,多平,S,4164.2000,4164.0000,4163.8000,4163.6000,4163.4000,4164.6000,4164.8000,4165.0000,4165.2000,4165.4000,2,5,1,11,2,1,1,15,2,1
SF,IF2003,2020-01-02 09:31:09.100,4164.0000,36090,-1,1075077900.000,4,1,3,多平,S,4164.0000,4163.8000,4163.6000,4163.4000,4163.2000,4164.8000,4165.0000,4165.2000,4165.4000,4165.6000,4,1,10,2,2,1,15,2,1,2
SF,IF2003,2020-01-02 09:31:09.600,4164.8000,36090,0,1077576720.000,2,1,1,多换,S,4164.0000,4163.8000,4163.4000,4163.2000,4162.4000,4165.0000,4165.2000,4165.4000,4165.6000,4165.8000,4,1,2,2,10,15,2,1,2,7
SF,IF2003,2020-01-02 09:31:10.100,4164.8000,36090,0,1078826160.000,1,0,1,多换,S,4164.8000,4164.6000,4164.0000,4163.8000,4163.4000,4165.0000,4165.2000,4165.4000,4165.6000,4165.8000,5,2,4,1,2,15,2,1,2,7
SF,IF2003,2020-01-02 09:31:10.600,4164.8000,36087,-3,1083823920.000,4,0,4,多平,S,4164.8000,4164.6000,4164.0000,4163.8000,4163.4000,4165.0000,4165.2000,4165.4000,4165.6000,4165.8000,2,2,4,1,2,15,2,1,2,7
SF,IF2003,2020-01-02 09:31:11.100,4164.8000,36088,1,1086322800.000,2,1,1,空开,S,4164.6000,4164.0000,4163.8000,4163.4000,4163.2000,4164.8000,4165.0000,4165.2000,4165.4000,4165.6000,2,4,1,2,2,1,15,2,1,2
SF,IF2003,2020-01-02 09:31:11.600,4164.8000,36082,-6,1100066040.000,11,2,9,多平,S,4164.8000,4164.0000,4163.8000,4163.4000,4163.2000,4165.0000,4165.2000,4165.4000,4165.6000,4165.8000,3,4,1,2,2,15,2,1,2,8
SF,IF2003,2020-01-02 09:31:12.100,4164.8000,36085,3,1115057940.000,12,7,5,空开,S,4163.8000,4163.4000,4163.2000,4162.2000,4162.0000,4164.2000,4164.8000,4165.0000,4165.2000,4165.4000,1,2,2,7,1,1,2,15,2,1
SF,IF2003,2020-01-02 09:31:12.600,4163.4000,36085,0,1117556100.000,2,1,1,多换,S,4163.4000,4163.2000,4162.2000,4162.0000,4161.8000,4164.2000,4165.0000,4165.2000,4165.4000,4165.6000,1,2,7,1,2,1,15,2,1,2
SF,IF2003,2020-01-02 09:31:13.100,4163.8000,36086,1,1122552180.000,4,2,2,空开,S,4162.2000,4162.0000,4161.8000,4161.6000,4161.4000,4164.2000,4164.4000,4165.0000,4165.2000,4165.4000,7,1,2,4,5,2,1,15,2,1
SF,IF2003,2020-01-02 09:31:13.600,4163.8000,36088,2,1125050460.000,2,2,0,双开,S,4162.4000,4162.2000,4162.0000,4161.8000,4161.6000,4164.0000,4164.2000,4164.4000,4164.6000,4165.0000,5,5,1,2,4,3,4,1,1,15
SF,IF2003,2020-01-02 09:31:14.100,4162.6000,36088,0,1135042500.000,8,4,4,多换,S,4162.4000,4162.2000,4162.0000,4161.8000,4161.6000,4163.8000,4164.0000,4164.2000,4164.4000,4164.6000,5,5,1,2,4,2,4,2,1,1
SF,IF2003,2020-01-02 09:31:14.600,4164.2000,36092,4,1147534320.000,10,7,3,空开,S,4162.6000,4162.4000,4162.2000,4162.0000,4161.8000,4164.4000,4164.8000,4165.0000,4165.2000,4165.4000,2,1,5,1,2,1,1,15,2,1
SF,IF2003,2020-01-02 09:31:15.100,4162.4000,36091,-1,1156278000.000,7,3,4,多平,S,4162.2000,4162.0000,4161.8000,4161.6000,4161.4000,4162.6000,4164.2000,4164.4000,4164.8000,4165.0000,5,1,2,4,5,1,3,2,1,15
SF,IF2003,2020-01-02 09:31:15.600,4162.6000,36090,-1,1158775560.000,2,0,2,多平,S,4162.6000,4162.2000,4162.0000,4161.8000,4161.6000,4164.4000,4164.8000,4165.0000,4165.2000,4165.4000,4,7,1,2,4,2,1,15,2,1
SF,IF2003,2020-01-02 09:31:16.100,4162.6000,36090,0,1163770680.000,4,2,2,多换,S,4162.6000,4162.2000,4162.0000,4161.8000,4161.6000,4164.2000,4164.4000,4164.8000,4165.0000,4165.2000,1,7,1,2,3,4,2,1,15,2
SF,IF2003,2020-01-02 09:31:16.600,4162.6000,36090,0,1163770680.000,0,-,-,-,-,4163.8000,4162.8000,4162.6000,4162.2000,4162.0000,4164.0000,4164.2000,4164.4000,4164.8000,4165.0000,3,1,1,7,1,1,4,1,1,15
SF,IF2003,2020-01-02 09:31:17.100,4163.8000,36090,0,1170016440.000,5,2,3,多换,S,4163.8000,4162.2000,4162.0000,4161.8000,4161.6000,4164.2000,4164.4000,4164.8000,4165.0000,4165.2000,19,7,1,2,3,3,1,1,15,2
SF,IF2003,2020-01-02 09:31:17.600,4164.2000,36092,2,1182508200.000,10,6,4,空开,S,4163.8000,4162.2000,4162.0000,4161.8000,4161.6000,4164.4000,4164.8000,4165.0000,4165.2000,4165.4000,14,8,1,2,3,1,2,15,2,1
SF,IF2003,2020-01-02 09:31:18.100,4164.0000,36093,1,1185006720.000,2,1,1,空开,S,4163.8000,4162.2000,4162.0000,4161.8000,4161.6000,4164.8000,4165.0000,4165.2000,4165.4000,4165.6000,14,6,1,2,3,2,15,2,1,3
SF,IF2003,2020-01-02 09:31:18.600,4163.8000,36093,0,1197498180.000,10,5,5,多换,S,4163.8000,4162.2000,4162.0000,4161.8000,4161.6000,4164.8000,4165.0000,4165.2000,4165.4000,4165.6000,5,6,1,2,3,2,15,2,1,3
SF,IF2003,2020-01-02 09:31:19.100,4163.8000,36094,1,1201245600.000,3,2,1,空开,S,4164.6000,4163.8000,4163.2000,4162.2000,4162.0000,4164.8000,4165.0000,4165.2000,4165.4000,4165.6000,8,5,2,6,1,2,15,2,1,3
SF,IF2003,2020-01-02 09:31:19.600,4163.8000,36094,0,1214988660.000,11,5,6,多换,S,4164.8000,4163.8000,4163.2000,4162.2000,4162.0000,4165.0000,4165.2000,4165.4000,4165.6000,4165.8000,2,4,2,6,1,15,2,1,3,8
SF,IF2003,2020-01-02 09:31:20.100,4163.8000,36095,1,1223733480.000,7,4,3,空开,S,4162.2000,4162.0000,4161.8000,4161.6000,4161.4000,4165.0000,4165.2000,4165.4000,4165.6000,4165.8000,6,1,2,3,5,15,2,1,3,8
SF,IF2003,2020-01-02 09:31:20.600,4163.8000,36095,0,1223733480.000,0,-,-,-,-,4162.8000,4162.4000,4162.2000,4162.0000,4161.8000,4164.4000,4164.8000,4165.0000,4165.2000,4165.4000,1,6,7,1,2,1,8,15,2,1
SF,IF2003,2020-01-02 09:31:21.100,4164.8000,36094,-1,1228730940.000,4,1,3,多平,S,4163.0000,4162.4000,4162.2000,4162.0000,4161.8000,4164.8000,4165.0000,4165.2000,4165.4000,4165.6000,1,5,7,1,2,5,15,2,1,3
SF,IF2003,2020-01-02 09:31:21.600,4163.2000,36093,-1,1231228860.000,2,0,2,多平,S,4164.6000,4163.2000,4163.0000,4162.4000,4162.2000,4164.8000,4165.0000,4165.2000,4165.4000,4165.6000,9,1,1,5,7,1,15,2,1,3
SF,IF2003,2020-01-02 09:31:22.100,4164.6000,36095,2,1237475760.000,5,3,2,空开,S,4164.6000,4163.0000,4162.2000,4161.8000,4161.6000,4164.8000,4165.0000,4165.2000,4165.4000,4165.6000,4,1,7,2,3,1,15,2,1,3
SF,IF2003,2020-01-02 09:31:22.600,4164.8000,36097,2,1241224080.000,3,2,1,空开,S,4164.8000,4164.6000,4163.0000,4162.2000,4161.8000,4165.0000,4165.2000,4165.4000,4165.6000,4165.8000,3,4,1,7,2,15,2,1,3,8
SF,IF2003,2020-01-02 09:31:23.100,4164.8000,36093,-4,1252469520.000,9,2,7,多平,S,4164.8000,4164.6000,4163.0000,4162.2000,4161.8000,4165.0000,4165.2000,4165.4000,4165.6000,4165.8000,2,4,1,7,2,7,2,1,3,8
SF,IF2003,2020-01-02 09:31:23.600,4165.0000,36087,-6,1262465520.000,8,1,7,多平,S,4165.0000,4164.8000,4164.6000,4163.0000,4162.2000,4165.2000,4165.4000,4165.6000,4165.8000,4166.0000,1,4,14,1,7,2,1,3,8,7
SF,IF2003,2020-01-02 09:31:24.100,4164.8000,36088,1,1266213960.000,3,2,1,空开,S,4164.8000,4164.6000,4163.0000,4162.2000,4161.8000,4165.2000,4165.4000,4165.6000,4165.8000,4166.0000,2,14,1,7,2,1,1,3,8,7
SF,IF2003,2020-01-02 09:31:24.600,4164.8000,36090,2,1268712840.000,2,2,0,双开,S,4164.6000,4163.0000,4162.2000,4161.8000,4161.6000,4164.8000,4165.2000,4165.4000,4165.6000,4165.8000,14,1,7,2,3,8,1,1,3,8
SF,IF2003,2020-01-02 09:31:25.100,4164.8000,36091,1,1271211660.000,2,1,1,空开,S,4164.6000,4163.0000,4162.2000,4161.8000,4161.6000,4164.8000,4165.2000,4165.4000,4165.6000,4165.8000,13,1,7,2,3,7,2,1,3,8
SF,IF2003,2020-01-02 09:31:25.600,4164.8000,36096,5,1284955140.000,11,8,3,空开,S,4164.6000,4164.2000,4163.0000,4162.2000,4161.8000,4164.8000,4165.2000,4165.4000,4165.6000,4165.8000,7,1,1,7,2,2,2,1,3,8
SF,IF2003,2020-01-02 09:31:26.100,4164.6000,36096,0,1286204520.000,1,0,1,多换,S,4164.6000,4164.2000,4163.0000,4162.2000,4161.8000,4164.8000,4165.2000,4165.4000,4165.6000,4165.8000,6,1,1,7,2,2,2,1,3,8
SF,IF2003,2020-01-02 09:31:26.600,4164.6000,36099,3,1293700800.000,6,4,2,空开,S,4164.2000,4163.2000,4163.0000,4162.2000,4161.8000,4164.8000,4165.2000,4165.4000,4165.6000,4165.8000,1,2,1,7,2,2,2,1,3,8
SF,IF2003,2020-01-02 09:31:27.100,4164.6000,36099,0,1293700800.000,0,-,-,-,-,4164.2000,4163.2000,4163.0000,4162.2000,4161.8000,4164.6000,4164.8000,4165.0000,4165.2000,4165.4000,1,2,1,7,2,1,2,1,2,1
SF,IF2003,2020-01-02 09:31:27.600,4164.6000,36100,1,1296199440.000,2,1,1,空开,S,4163.2000,4163.0000,4162.2000,4161.8000,4161.6000,4164.8000,4165.0000,4165.2000,4165.4000,4165.6000,2,1,7,2,3,2,1,2,1,3
SF,IF2003,2020-01-02 09:31:28.100,4164.6000,36100,0,1296199440.000,0,-,-,-,-,4163.4000,4163.2000,4162.2000,4161.8000,4161.6000,4164.6000,4164.8000,4165.0000,4165.2000,4165.4000,2,2,7,2,3,1,2,1,2,1
SF,IF2003,2020-01-02 09:31:28.600,4164.6000,36100,0,1297448820.000,1,0,1,多换,S,4163.4000,4163.2000,4162.2000,4161.8000,4161.6000,4164.4000,4164.6000,4164.8000,4165.0000,4165.2000,2,2,7,2,3,2,1,3,1,2
SF,IF2003,2020-01-02 09:31:29.100,4163.4000,36099,-1,1299946860.000,2,0,2,多平,S,4163.6000,4163.2000,4162.2000,4161.8000,4161.6000,4164.4000,4164.6000,4164.8000,4165.0000,4165.2000,2,2,7,2,3,2,1,3,1,2
SF,IF2003,2020-01-02 09:31:29.600,4164.8000,36101,2,1309941360.000,8,5,3,空开,S,4164.8000,4164.4000,4163.6000,4163.2000,4162.2000,4165.0000,4165.2000,4165.4000,4165.6000,4165.8000,2,4,1,2,7,1,2,1,3,8
SF,IF2003,2020-01-02 09:31:30.100,4165.2000,36110,9,1327433280.000,14,11,3,空开,S,4164.4000,4163.6000,4163.2000,4162.2000,4161.8000,4164.8000,4165.2000,4165.4000,4165.6000,4165.8000,2,1,2,7,2,1,1,1,3,8
SF,IF2003,2020-01-02 09:31:30.600,4164.4000,36111,1,1332430380.000,4,2,2,空开,S,4163.8000,4163.6000,4163.2000,4162.2000,4161.8000,4164.6000,4164.8000,4165.2000,4165.4000,4165.6000,1,1,2,7,2,1,1,1,1,3
SF,IF2003,2020-01-02 09:31:31.100,4164.4000,36111,0,1332430380.000,0,-,-,-,-,4163.6000,4163.2000,4162.2000,4161.8000,4161.6000,4163.8000,4164.4000,4164.6000,4164.8000,4165.2000,1,2,7,2,3,1,6,1,1,1
SF,IF2003,2020-01-02 09:31:31.600,4163.8000,36111,0,1338676080.000,5,2,3,多换,S,4163.6000,4163.2000,4162.2000,4161.8000,4161.6000,4164.4000,4164.6000,4164.8000,4165.2000,4165.4000,1,2,7,2,3,6,2,1,1,1
SF,IF2003,2020-01-02 09:31:32.100,4164.4000,36112,1,1352418240.000,11,6,5,空开,S,4163.2000,4162.2000,4161.8000,4161.6000,4161.4000,4164.2000,4164.6000,4164.8000,4165.2000,4165.4000,2,7,2,3,5,4,1,1,1,1
SF,IF2003,2020-01-02 09:31:32.600,4163.4000,36112,0,1353667260.000,1,0,1,多换,S,4163.2000,4162.2000,4161.8000,4161.6000,4161.4000,4164.0000,4164.2000,4164.6000,4164.8000,4165.2000,2,7,2,3,5,1,4,1,1,1
SF,IF2003,2020-01-02 09:31:33.100,4163.4000,36106,-6,1362410400.000,7,0,7,多平,S,4163.2000,4163.0000,4162.2000,4161.8000,4161.6000,4164.0000,4164.2000,4164.6000,4164.8000,4165.2000,2,1,7,2,3,1,4,1,1,1
SF,IF2003,2020-01-02 09:31:33.600,4163.2000,36107,1,1364908320.000,2,1,1,空开,S,4163.0000,4162.2000,4161.8000,4161.6000,4161.4000,4163.2000,4164.0000,4164.2000,4164.6000,4164.8000,1,7,2,3,5,1,2,4,2,1
SF,IF2003,2020-01-02 09:31:34.100,4165.0000,36106,-1,1381149420.000,13,6,7,多平,S,4163.2000,4163.0000,4162.2000,4161.8000,4161.6000,4165.0000,4165.2000,4165.4000,4165.6000,4165.8000,1,1,7,2,3,1,1,2,3,8
SF,IF2003,2020-01-02 09:31:34.600,4163.2000,36107,1,1382398380.000,1,1,0,双开,S,4164.0000,4163.0000,4162.2000,4161.8000,4161.6000,4164.8000,4165.0000,4165.2000,4165.4000,4165.6000,1,1,7,2,3,2,1,1,2,3
SF,IF2003,2020-01-02 09:31:35.100,4164.0000,36106,-1,1384896780.000,2,0,2,多平,S,4163.0000,4162.2000,4161.8000,4161.6000,4161.4000,4164.8000,4165.0000,4165.2000,4165.4000,4165.6000,1,7,2,3,5,1,1,1,2,3
SF,IF2003,2020-01-02 09:31:35.600,4164.0000,36107,1,1386145980.000,1,1,0,双开,S,4163.0000,4162.2000,4161.8000,4161.6000,4161.4000,4163.2000,4164.0000,4164.6000,4164.8000,4165.0000,1,7,2,3,5,2,1,1,2,1
SF,IF2003,2020-01-02 09:31:36.100,4163.2000,36105,-2,1389892860.000,3,0,3,多平,S,4163.0000,4162.2000,4161.8000,4161.6000,4161.4000,4164.0000,4164.6000,4164.8000,4165.0000,4165.2000,1,7,2,3,5,1,1,1,1,1
SF,IF2003,2020-01-02 09:31:36.600,4163.2000,36105,0,1389892860.000,0,-,-,-,-,4163.0000,4162.2000,4161.8000,4161.6000,4161.4000,4164.0000,4164.2000,4164.6000,4164.8000,4165.0000,1,7,2,3,5,2,2,1,2,1
SF,IF2003,2020-01-02 09:31:37.100,4165.0000,36108,3,1406133000.000,13,8,5,空开,S,4163.0000,4162.2000,4161.8000,4161.6000,4161.4000,4165.0000,4165.2000,4165.4000,4165.6000,4165.8000,1,7,2,3,5,10,1,2,3,9
SF,IF2003,2020-01-02 09:31:37.600,4165.0000,36108,0,1406133000.000,0,-,-,-,-,4163.2000,4163.0000,4162.2000,4161.8000,4161.6000,4164.4000,4164.6000,4164.8000,4165.0000,4165.2000,1,1,7,2,3,5,5,2,11,1
SF,IF2003,2020-01-02 09:31:38.100,4164.0000,36109,1,1407382200.000,1,1,0,双开,S,4164.0000,4163.4000,4163.2000,4163.0000,4162.2000,4164.2000,4164.6000,4164.8000,4165.0000,4165.2000,1,2,1,1,7,1,5,2,11,1
SF,IF2003,2020-01-02 09:31:38.600,4163.8000,36108,-1,1411129560.000,3,1,2,多平,S,4163.4000,4163.0000,4162.2000,4161.8000,4161.6000,4163.8000,4164.0000,4164.6000,4164.8000,4165.0000,1,1,7,2,3,1,1,5,2,11
SF,IF2003,2020-01-02 09:31:39.100,4163.0000,36107,-1,1413627480.000,2,0,2,多平,S,4162.2000,4161.8000,4161.6000,4161.4000,4161.2000,4163.6000,4164.6000,4165.0000,4165.2000,4165.4000,7,2,3,5,9,4,6,13,1,2
SF,IF2003,2020-01-02 09:31:39.600,4163.2000,36108,1,1414876440.000,1,1,0,双开,S,4162.4000,4162.2000,4161.8000,4161.6000,4161.4000,4163.2000,4163.6000,4163.8000,4164.6000,4165.0000,2,7,2,3,5,1,4,2,7,13
SF,IF2003,2020-01-02 09:31:40.100,4163.2000,36109,1,1417374360.000,2,1,1,空开,S,4162.4000,4162.2000,4161.8000,4161.6000,4161.4000,4163.2000,4163.6000,4163.8000,4164.6000,4165.0000,2,7,2,3,5,1,4,2,2,13
SF,IF2003,2020-01-02 09:31:40.600,4164.6000,36109,0,1432363740.000,12,6,6,多换,S,4163.6000,4162.4000,4162.2000,4161.8000,4161.6000,4164.6000,4165.0000,4165.2000,4165.4000,4165.6000,1,1,7,2,3,1,13,1,2,2
SF,IF2003,2020-01-02 09:31:41.100,4163.2000,36107,-2,1434861780.000,2,0,2,双平,S,4162.2000,4161.8000,4161.6000,4161.4000,4161.2000,4163.2000,4163.6000,4163.8000,4164.4000,4164.6000,7,2,3,5,10,4,1,5,1,1
SF,IF2003,2020-01-02 09:31:41.600,4162.2000,36108,1,1437359100.000,2,1,1,空开,S,4162.2000,4161.8000,4161.6000,4161.4000,4161.2000,4163.0000,4163.2000,4163.8000,4164.4000,4165.0000,5,2,3,5,10,1,4,5,1,13
SF,IF2003,2020-01-02 09:31:42.100,4163.0000,36107,-1,1439856660.000,2,0,2,多平,S,4162.4000,4162.2000,4161.8000,4161.6000,4161.4000,4163.2000,4163.8000,4164.0000,4164.4000,4165.0000,1,2,2,3,5,2,5,2,1,13
SF,IF2003,2020-01-02 09:31:42.600,4163.0000,36106,-1,1441105560.000,1,0,1,双平,S,4162.4000,4162.2000,4161.8000,4161.6000,4161.4000,4163.0000,4163.2000,4163.8000,4164.0000,4164.4000,1,2,2,3,5,4,3,5,2,1
SF,IF2003,2020-01-02 09:31:43.100,4164.4000,36106,0,1457343600.000,13,6,7,多换,S,4162.4000,4162.2000,4161.8000,4161.6000,4161.4000,4162.6000,4162.8000,4165.0000,4165.2000,4165.4000,1,2,2,3,5,2,1,13,3,2
SF,IF2003,2020-01-02 09:31:43.600,4162.6000,36100,-6,1467333960.000,8,1,7,多平,S,4162.4000,4162.2000,4162.0000,4161.8000,4161.6000,4165.0000,4165.2000,4165.4000,4165.6000,4165.8000,2,2,2,2,3,13,3,2,2,10
SF,IF2003,2020-01-02 09:31:44.100,4162.6000,36099,-1,1468582740.000,1,0,1,双平,S,4162.6000,4162.4000,4162.2000,4162.0000,4161.8000,4164.0000,4164.2000,4164.8000,4165.0000,4165.2000,3,2,2,2,2,1,5,5,12,2
SF,IF2003,2020-01-02 09:31:44.600,4162.4000,36100,1,1473577740.000,4,2,2,空开,S,4162.2000,4162.0000,4161.8000,4161.6000,4161.4000,4163.8000,4164.0000,4164.2000,4164.8000,4165.0000,2,2,2,3,5,1,1,5,6,12
SF,IF2003,2020-01-02 09:31:45.100,4162.4000,36100,0,1473577740.000,0,-,-,-,-,4162.4000,4162.2000,4162.0000,4161.8000,4161.6000,4163.8000,4164.0000,4164.2000,4164.8000,4165.0000,5,2,2,2,3,1,1,5,5,12
SF,IF2003,2020-01-02 09:31:45.600,4162.4000,36100,0,1473577740.000,0,-,-,-,-,4162.6000,4162.4000,4162.2000,4162.0000,4161.8000,4163.8000,4164.0000,4164.2000,4164.8000,4165.0000,1,4,2,2,2,1,1,5,5,12
SF,IF2003,2020-01-02 09:31:46.100,4164.8000,36102,2,1487318460.000,11,6,5,空开,S,4162.4000,4162.2000,4162.0000,4161.8000,4161.6000,4164.8000,4165.0000,4165.2000,4165.4000,4165.6000,3,2,2,2,3,4,12,2,2,2
SF,IF2003,2020-01-02 09:31:46.600,4162.6000,36101,-1,1488567240.000,1,0,1,双平,S,4163.8000,4163.0000,4162.6000,4162.4000,4162.2000,4164.0000,4164.6000,4164.8000,4165.0000,4165.2000,1,1,1,3,2,1,5,4,13,2
SF,IF2003,2020-01-02 09:31:47.100,4163.0000,36102,1,1491065280.000,2,1,1,空开,S,4162.6000,4162.4000,4162.2000,4162.0000,4161.8000,4163.8000,4164.0000,4164.6000,4164.8000,4165.0000,1,2,2,2,2,4,2,4,3,13
SF,IF2003,2020-01-02 09:31:47.600,4162.8000,36102,0,1492314120.000,1,0,1,多换,S,4162.6000,4162.4000,4162.2000,4162.0000,4161.8000,4164.0000,4164.6000,4164.8000,4165.0000,4165.2000,1,2,2,2,2,1,3,3,13,2
SF,IF2003,2020-01-02 09:31:48.100,4163.6000,36106,4,1497310440.000,4,4,0,双开,S,4162.6000,4162.4000,4162.2000,4162.0000,4161.8000,4164.0000,4164.6000,4164.8000,4165.0000,4165.2000,2,2,2,2,2,1,3,3,13,2
SF,IF2003,2020-01-02 09:31:48.600,4164.0000,36107,1,1498559640.000,1,1,0,双开,S,4162.8000,4162.6000,4162.4000,4162.2000,4162.0000,4164.6000,4164.8000,4165.0000,4165.2000,4165.4000,1,2,2,2,2,3,3,13,2,2
SF,IF2003,2020-01-02 09:31:49.100,4165.0000,36110,3,1511053920.000,10,6,4,空开,S,4164.0000,4163.0000,4162.8000,4162.6000,4162.4000,4165.0000,4165.2000,4165.4000,4165.6000,4165.8000,1,2,1,1,2,10,2,2,2,10
SF,IF2003,2020-01-02 09:31:49.600,4164.0000,36111,1,1512303120.000,1,1,0,双开,S,4163.6000,4163.0000,4162.8000,4162.6000,4162.4000,4164.6000,4165.0000,4165.2000,4165.4000,4165.6000,1,1,1,1,2,1,10,1,2,2
SF,IF2003,2020-01-02 09:31:50.100,4163.6000,36110,-1,1514801340.000,2,0,2,多平,S,4162.8000,4162.6000,4162.4000,4162.2000,4162.0000,4163.6000,4164.6000,4164.8000,4165.0000,4165.2000,1,1,2,2,2,5,1,2,10,1
SF,IF2003,2020-01-02 09:31:50.600,4163.0000,36104,-6,1522295640.000,6,0,6,双平,S,4163.0000,4162.8000,4162.6000,4162.4000,4162.2000,4164.0000,4164.8000,4165.0000,4165.2000,4165.4000,1,1,1,2,2,1,2,10,1,2
SF,IF2003,2020-01-02 09:31:51.100,4164.0000,36104,0,1538538120.000,13,6,7,多换,S,4163.2000,4163.0000,4162.8000,4162.4000,4162.2000,4163.6000,4165.0000,4165.2000,4165.4000,4165.6000,1,2,1,2,2,2,2,1,2,2
SF,IF2003,2020-01-02 09:31:51.600,4163.6000,36101,-3,1542285360.000,3,0,3,双平,S,4163.8000,4163.6000,4163.2000,4163.0000,4162.8000,4164.0000,4165.0000,4165.2000,4165.4000,4165.6000,1,2,1,1,1,1,2,1,2,2
SF,IF2003,2020-01-02 09:31:52.100,4163.6000,36101,0,1546032780.000,3,1,2,多换,S,4163.6000,4163.2000,4163.0000,4162.8000,4162.4000,4164.8000,4165.0000,4165.2000,4165.4000,4165.6000,1,1,1,1,2,1,2,1,2,2
SF,IF2003,2020-01-02 09:31:52.600,4163.6000,36101,0,1547281860.000,1,0,1,多换,S,4163.2000,4162.8000,4162.4000,4162.2000,4162.0000,4163.8000,4164.6000,4164.8000,4165.0000,4165.2000,1,1,2,2,2,3,1,1,2,1
SF,IF2003,2020-01-02 09:31:53.100,4165.4000,36105,4,1561024200.000,11,7,4,空开,S,4162.8000,4162.4000,4162.2000,4162.0000,4161.8000,4164.0000,4165.4000,4165.6000,4165.8000,4166.0000,1,2,2,2,2,3,1,2,10,8
SF,IF2003,2020-01-02 09:31:53.600,4163.0000,36104,-1,1562273100.000,1,0,1,双平,S,4163.0000,4162.8000,4162.4000,4162.2000,4162.0000,4164.0000,4165.4000,4165.6000,4165.8000,4166.0000,1,1,2,2,2,3,1,2,10,8
SF,IF2003,2020-01-02 09:31:54.100,4165.4000,36108,4,1573516080.000,9,6,3,空开,S,4165.4000,4163.0000,4162.8000,4162.4000,4162.2000,4165.6000,4165.8000,4166.0000,4166.4000,4166.6000,2,1,1,2,2,2,10,5,2,1
SF,IF2003,2020-01-02 09:31:54.600,4165.4000,36108,0,1576015320.000,2,1,1,多换,S,4163.2000,4163.0000,4162.8000,4162.4000,4162.2000,4164.8000,4165.0000,4165.2000,4165.4000,4165.6000,1,1,1,2,2,2,3,4,10,2
SF,IF2003,2020-01-02 09:31:55.100,4165.4000,36108,0,1576015320.000,0,-,-,-,-,4163.8000,4163.4000,4163.2000,4162.8000,4162.4000,4164.8000,4165.0000,4165.2000,4165.4000,4165.6000,1,2,1,1,2,1,2,3,7,2
SF,IF2003,2020-01-02 09:31:55.600,4164.0000,36109,1,1577264520.000,1,1,0,双开,S,4164.0000,4163.8000,4163.4000,4163.2000,4162.8000,4164.6000,4164.8000,4165.0000,4165.2000,4165.4000,1,2,1,1,1,2,1,2,3,7
SF,IF2003,2020-01-02 09:31:56.100,4164.0000,36108,-1,1578513720.000,1,0,1,双平,S,4163.8000,4163.4000,4163.2000,4162.8000,4162.4000,4164.6000,4164.8000,4165.0000,4165.2000,4165.4000,2,1,1,1,2,2,1,2,3,7
SF,IF2003,2020-01-02 09:31:56.600,4165.4000,36115,7,1592258760.000,11,9,2,空开,S,4165.0000,4164.6000,4163.8000,4163.4000,4162.4000,4165.4000,4165.6000,4165.8000,4166.0000,4166.4000,1,4,2,1,2,4,2,10,5,3
SF,IF2003,2020-01-02 09:31:57.100,4165.0000,36114,-1,1593508260.000,1,0,1,双平,S,4164.6000,4163.8000,4162.4000,4162.2000,4162.0000,4165.0000,4165.4000,4165.6000,4165.8000,4166.0000,5,2,2,2,2,3,3,2,10,5
SF,IF2003,2020-01-02 09:31:57.600,4164.6000,36114,0,1594757640.000,1,0,1,多换,S,4164.6000,4163.8000,4162.4000,4162.2000,4162.0000,4165.0000,4165.4000,4165.6000,4165.8000,4166.0000,4,2,2,2,2,2,3,2,10,5
SF,IF2003,2020-01-02 09:31:58.100,4164.6000,36115,1,1596007020.000,1,1,0,双开,S,4164.6000,4163.8000,4162.4000,4162.2000,4162.0000,4165.0000,4165.4000,4165.6000,4165.8000,4166.0000,3,2,2,2,2,2,4,2,10,5
SF,IF2003,2020-01-02 09:31:58.600,4164.6000,36125,10,1613500500.000,14,12,2,空开,S,4163.8000,4162.8000,4162.4000,4162.2000,4162.0000,4164.6000,4164.8000,4165.6000,4165.8000,4166.0000,1,2,2,2,2,1,1,2,10,5
SF,IF2003,2020-01-02 09:31:59.100,4164.0000,36125,0,1615998900.000,2,1,1,多换,S,4164.0000,4163.8000,4162.8000,4162.4000,4162.2000,4164.6000,4164.8000,4165.6000,4165.8000,4166.0000,1,1,2,2,2,2,1,2,10,5
SF,IF2003,2020-01-02 09:31:59.600,4164.6000,36125,0,1619746860.000,3,1,2,多换,S,4163.8000,4163.2000,4162.8000,4162.4000,4162.2000,4164.8000,4165.6000,4165.8000,4166.0000,4166.4000,1,1,3,2,2,1,2,10,5,3
SF,IF2003,2020-01-02 09:32:00.100,4163.8000,36126,1,1620996000.000,1,1,0,双开,S,4163.2000,4162.8000,4162.4000,4162.2000,4162.0000,4164.6000,4164.8000,4165.6000,4165.8000,4166.0000,1,3,2,2,2,3,1,2,10,5
SF,IF2003,2020-01-02 09:32:00.600,4164.8000,36126,0,1622245440.000,1,0,1,多换,S,4163.4000,4163.2000,4162.8000,4162.4000,4162.2000,4165.6000,4165.8000,4166.0000,4166.4000,4166.6000,2,1,3,2,2,2,10,5,3,1
SF,IF2003,2020-01-02 09:32:01.100,4164.0000,36125,-1,1623494640.000,1,0,1,双平,S,4163.6000,4163.4000,4162.8000,4162.4000,4162.2000,4165.2000,4165.4000,4165.6000,4165.8000,4166.0000,2,1,3,2,2,1,5,2,10,5
SF,IF2003,2020-01-02 09:32:01.600,4164.0000,36125,0,1624743840.000,1,0,1,多换,S,4163.8000,4163.6000,4162.8000,4162.4000,4162.2000,4165.4000,4165.6000,4165.8000,4166.0000,4166.4000,6,1,3,2,2,5,2,11,5,3
SF,IF2003,2020-01-02 09:32:02.100,4165.4000,36126,1,1630991400.000,5,3,2,空开,S,4165.4000,4164.6000,4164.0000,4163.8000,4162.8000,4165.6000,4165.8000,4166.0000,4166.4000,4166.6000,1,1,3,4,3,2,11,5,3,1
SF,IF2003,2020-01-02 09:32:02.600,4165.4000,36126,0,1632241020.000,1,0,1,多换,S,4164.6000,4164.0000,4163.8000,4162.8000,4162.4000,4165.2000,4165.4000,4165.6000,4165.8000,4166.0000,1,2,3,3,2,1,3,2,10,5
SF,IF2003,2020-01-02 09:32:03.100,4165.2000,36125,-1,1633490580.000,1,0,1,双平,S,4164.8000,4164.6000,4164.0000,4163.8000,4162.8000,4165.6000,4165.8000,4166.0000,4166.4000,4166.6000,1,1,4,2,3,2,10,5,2,1
SF,IF2003,2020-01-02 09:32:03.600,4165.6000,36125,0,1634740260.000,1,0,1,多换,S,4165.0000,4164.8000,4164.6000,4164.4000,4164.0000,4165.6000,4165.8000,4166.0000,4166.4000,4166.6000,1,4,1,1,2,1,10,5,2,1
SF,IF2003,2020-01-02 09:32:04.100,4165.6000,36125,0,1634740260.000,0,-,-,-,-,4164.8000,4164.6000,4164.4000,4164.0000,4163.8000,4165.6000,4165.8000,4166.0000,4166.4000,4166.6000,4,2,1,2,2,1,10,5,2,1
SF,IF2003,2020-01-02 09:32:04.600,4165.6000,36125,0,1634740260.000,0,-,-,-,-,4165.0000,4164.8000,4164.6000,4164.0000,4163.8000,4165.6000,4165.8000,4166.0000,4166.4000,4166.6000,1,4,2,2,2,1,10,5,2,1
SF,IF2003,2020-01-02 09:32:05.100,4164.8000,36124,-1,1637239200.000,2,0,2,多平,S,4164.8000,4164.6000,4164.0000,4163.8000,4163.4000,4165.0000,4165.6000,4165.8000,4166.0000,4166.4000,3,2,2,2,1,1,1,10,5,2
SF,IF2003,2020-01-02 09:32:05.600,4165.4000,36123,-1,1640988000.000,3,1,2,多平,S,4165.4000,4165.2000,4165.0000,4164.8000,4164.6000,4165.8000,4166.0000,4166.4000,4166.6000,4166.8000,1,4,5,3,2,10,5,2,1,5
SF,IF2003,2020-01-02 09:32:06.100,4165.4000,36122,-1,1645986480.000,4,1,3,多平,S,4165.2000,4165.0000,4164.8000,4164.6000,4164.0000,4165.4000,4165.8000,4166.0000,4166.4000,4166.6000,1,3,7,2,2,3,10,5,2,1
SF,IF2003,2020-01-02 09:32:06.600,4165.4000,36118,-4,1650984960.000,4,0,4,双平,S,4165.4000,4165.2000,4165.0000,4164.8000,4164.6000,4165.8000,4166.0000,4166.4000,4166.6000,4166.8000,2,1,3,6,2,10,5,2,1,5
SF,IF2003,2020-01-02 09:32:07.100,4165.0000,36117,-1,1655983260.000,4,1,3,多平,S,4165.0000,4164.8000,4164.6000,4164.0000,4163.8000,4165.8000,4166.0000,4166.4000,4166.6000,4166.8000,2,6,2,2,2,10,5,2,1,5
SF,IF2003,2020-01-02 09:32:07.600,4165.0000,36117,0,1655983260.000,0,-,-,-,-,4165.4000,4165.2000,4165.0000,4164.8000,4164.6000,4165.6000,4165.8000,4166.0000,4166.4000,4166.6000,1,1,2,6,2,1,10,5,2,1
SF,IF2003,2020-01-02 09:32:08.100,4165.4000,36118,1,1659732240.000,3,2,1,空开,S,4165.2000,4165.0000,4164.8000,4164.6000,4164.0000,4165.4000,4165.8000,4166.0000,4166.4000,4166.6000,1,2,6,2,2,1,10,5,2,1
SF,IF2003,2020-01-02 09:32:08.600,4165.4000,36117,-1,1662231480.000,2,0,2,多平,S,4165.4000,4165.2000,4165.0000,4164.8000,4164.6000,4165.8000,4166.0000,4166.4000,4166.6000,4166.8000,2,1,2,6,2,10,5,2,1,5
SF,IF2003,2020-01-02 09:32:09.100,4165.8000,36117,0,1663481220.000,1,0,1,多换,S,4165.2000,4165.0000,4164.8000,4164.6000,4164.0000,4165.8000,4166.0000,4166.4000,4166.6000,4166.8000,1,2,6,2,2,9,5,2,1,5
SF,IF2003,2020-01-02 09:32:09.600,4165.4000,36116,-1,1665980580.000,2,0,2,多平,S,4165.2000,4165.0000,4164.8000,4164.6000,4164.0000,4165.8000,4166.0000,4166.4000,4166.6000,4166.8000,1,2,6,2,2,8,5,2,1,5
SF,IF2003,2020-01-02 09:32:10.100,4165.0000,36116,0,1670979300.000,4,2,2,多换,S,4165.0000,4164.8000,4164.6000,4164.0000,4163.4000,4165.2000,4165.8000,4166.0000,4166.4000,4166.6000,2,6,2,2,1,1,5,5,2,1
SF,IF2003,2020-01-02 09:32:10.600,4165.2000,36115,-1,1673478420.000,2,0,2,多平,S,4165.0000,4164.8000,4164.6000,4164.0000,4163.4000,4165.8000,4166.0000,4166.4000,4166.6000,4166.8000,2,4,2,2,1,5,5,2,1,5
SF,IF2003,2020-01-02 09:32:11.100,4165.4000,36114,-1,1674728040.000,1,0,1,双平,S,4165.0000,4164.8000,4164.6000,4164.0000,4163.4000,4165.8000,4166.0000,4166.4000,4166.6000,4166.8000,2,4,2,2,1,5,5,2,1,5
SF,IF2003,2020-01-02 09:32:11.600,4165.8000,36118,4,1680976740.000,5,4,1,空开,S,4165.4000,4165.2000,4165.0000,4164.8000,4164.6000,4166.0000,4166.4000,4166.6000,4166.8000,4167.0000,2,16,2,4,2,5,2,1,5,3
SF,IF2003,2020-01-02 09:32:12.100,4165.2000,36113,-5,1695972660.000,12,3,9,多平,S,4165.2000,4165.0000,4164.8000,4164.6000,4164.0000,4165.6000,4166.0000,4166.4000,4166.6000,4166.8000,12,2,4,2,2,1,1,2,1,5
SF,IF2003,2020-01-02 09:32:12.600,4166.0000,36112,-1,1698472140.000,2,0,2,多平,S,4166.0000,4165.8000,4165.2000,4165.0000,4164.8000,4166.4000,4166.6000,4166.8000,4167.0000,4167.2000,1,2,12,2,4,2,1,5,3,2
SF,IF2003,2020-01-02 09:32:13.100,4165.8000,36113,1,1700971680.000,2,1,1,空开,S,4165.8000,4165.2000,4165.0000,4164.8000,4164.6000,4166.0000,4166.4000,4166.6000,4166.8000,4167.0000,1,14,2,4,2,1,2,1,5,3
SF,IF2003,2020-01-02 09:32:13.600,4165.8000,36113,0,1702221420.000,1,0,1,多换,S,4165.2000,4165.0000,4164.8000,4164.6000,4164.0000,4165.8000,4166.4000,4166.6000,4166.8000,4167.0000,14,2,4,2,2,1,2,1,5,3
SF,IF2003,2020-01-02 09:32:14.100,4165.6000,36114,1,1704720780.000,2,1,1,空开,S,4165.2000,4165.0000,4164.8000,4164.6000,4164.0000,4166.0000,4166.4000,4166.6000,4166.8000,4167.0000,14,2,4,2,2,1,2,1,5,3
SF,IF2003,2020-01-02 09:32:14.600,4166.0000,36113,-1,1705970580.000,1,0,1,双平,S,4165.2000,4165.0000,4164.8000,4164.6000,4164.0000,4166.4000,4166.6000,4166.8000,4167.0000,4167.2000,14,2,4,2,2,2,2,5,3,2
SF,IF2003,2020-01-02 09:32:15.100,4166.0000,36113,0,1705970580.000,0,-,-,-,-,4165.4000,4165.2000,4165.0000,4164.8000,4164.6000,4166.2000,4166.4000,4166.6000,4166.8000,4167.0000,1,14,2,4,2,2,2,2,5,3
SF,IF2003,2020-01-02 09:32:15.600,4166.2000,36112,-1,1707220440.000,1,0,1,双平,S,4165.4000,4165.2000,4165.0000,4164.8000,4164.6000,4166.4000,4166.6000,4166.8000,4167.0000,4167.2000,1,14,2,4,2,2,2,5,3,2
SF,IF2003,2020-01-02 09:32:16.100,4166.2000,36112,0,1707220440.000,0,-,-,-,-,4165.4000,4165.2000,4165.0000,4164.8000,4164.6000,4166.2000,4166.4000,4166.6000,4166.8000,4167.0000,1,14,2,4,2,1,2,2,5,3
SF,IF2003,2020-01-02 09:32:16.600,4166.2000,36112,0,1707220440.000,0,-,-,-,-,4165.2000,4165.0000,4164.8000,4164.6000,4164.0000,4166.0000,4166.4000,4166.6000,4166.8000,4167.0000,14,2,4,2,2,2,2,2,5,3
SF,IF2003,2020-01-02 09:32:17.100,4165.2000,36112,0,1708470000.000,1,0,1,多换,S,4165.2000,4165.0000,4164.8000,4164.6000,4164.0000,4166.0000,4166.4000,4166.6000,4166.8000,4167.0000,13,2,4,2,2,1,2,2,5,3
SF,IF2003,2020-01-02 09:32:17.600,4166.4000,36115,3,1712219640.000,3,3,0,双开,S,4166.4000,4165.2000,4165.0000,4164.8000,4164.6000,4166.6000,4166.8000,4167.0000,4167.2000,4167.6000,2,13,2,4,2,2,5,3,2,2
SF,IF2003,2020-01-02 09:32:18.100,4165.2000,36111,-4,1722216840.000,8,2,6,多平,S,4165.4000,4165.2000,4165.0000,4164.8000,4164.6000,4166.0000,4166.4000,4166.6000,4166.8000,4167.0000,2,7,2,4,2,4,10,2,5,3
SF,IF2003,2020-01-02 09:32:18.600,4166.0000,36110,-1,1724716260.000,2,0,2,多平,S,4165.4000,4165.2000,4165.0000,4164.8000,4164.6000,4166.2000,4166.4000,4166.6000,4166.8000,4167.0000,1,7,2,4,2,1,3,2,5,3
SF,IF2003,2020-01-02 09:32:19.100,4166.0000,36110,0,1724716260.000,0,-,-,-,-,4165.4000,4165.2000,4165.0000,4164.8000,4164.6000,4166.0000,4166.2000,4166.4000,4166.6000,4166.8000,1,7,2,4,2,1,1,3,2,5
SF,IF2003,2020-01-02 09:32:19.600,4166.0000,36109,-1,1725966060.000,1,0,1,双平,S,4165.6000,4165.4000,4165.2000,4165.0000,4164.8000,4166.2000,4166.4000,4166.6000,4166.8000,4167.0000,1,1,7,1,4,1,3,2,5,3
SF,IF2003,2020-01-02 09:32:20.100,4165.4000,36108,-1,1728465540.000,2,0,2,多平,S,4165.4000,4165.2000,4165.0000,4164.8000,4164.6000,4166.0000,4166.4000,4166.6000,4166.8000,4167.0000,2,5,1,4,2,1,3,2,5,3
SF,IF2003,2020-01-02 09:32:20.600,4166.6000,36106,-2,1737214860.000,7,2,5,多平,S,4166.6000,4166.0000,4165.6000,4165.4000,4165.2000,4166.8000,4167.0000,4167.2000,4167.6000,4167.8000,5,1,1,2,5,5,3,2,2,1
SF,IF2003,2020-01-02 09:32:21.100,4166.6000,36105,-1,1745964900.000,7,3,4,多平,S,4166.6000,4166.0000,4165.6000,4165.4000,4165.2000,4166.8000,4167.0000,4167.8000,4168.0000,4168.8000,1,1,1,2,5,1,3,1,2,4
SF,IF2003,2020-01-02 09:32:21.600,4166.8000,36105,0,1747214940.000,1,0,1,多换,S,4166.6000,4166.2000,4166.0000,4165.6000,4165.4000,4167.0000,4167.8000,4168.0000,4168.8000,4169.0000,1,2,2,1,2,3,1,2,4,6
SF,IF2003,2020-01-02 09:32:22.100,4166.8000,36105,0,1752215280.000,4,2,2,多换,S,4166.8000,4166.6000,4166.2000,4166.0000,4165.6000,4167.8000,4168.0000,4168.8000,4169.0000,4169.2000,1,1,2,2,1,1,2,4,6,2
SF,IF2003,2020-01-02 09:32:22.600,4166.8000,36106,1,1754715360.000,2,1,1,空开,S,4166.8000,4166.6000,4166.2000,4166.0000,4165.6000,4167.0000,4167.6000,4167.8000,4168.0000,4168.8000,2,1,2,2,1,1,1,1,1,4
SF,IF2003,2020-01-02 09:32:23.100,4167.0000,36105,-1,1757215560.000,2,0,2,多平,S,4167.0000,4166.8000,4166.6000,4166.2000,4166.0000,4167.6000,4167.8000,4168.0000,4168.8000,4169.0000,2,2,1,2,2,1,1,1,4,6
SF,IF2003,2020-01-02 09:32:23.600,4166.8000,36105,0,1760965800.000,3,1,2,多换,S,4166.8000,4166.6000,4166.2000,4166.0000,4165.2000,4167.8000,4168.0000,4168.8000,4169.0000,4169.2000,3,1,2,2,5,1,1,4,6,2
SF,IF2003,2020-01-02 09:32:24.100,4167.8000,36105,0,1763466480.000,2,1,1,多换,S,4167.8000,4166.8000,4166.6000,4166.2000,4166.0000,4168.0000,4168.8000,4169.0000,4169.2000,4169.4000,8,3,1,2,2,1,4,6,2,1
SF,IF2003,2020-01-02 09:32:24.600,4167.8000,36105,0,1763466480.000,0,-,-,-,-,4167.8000,4167.0000,4166.8000,4166.6000,4166.2000,4168.0000,4168.8000,4169.0000,4169.2000,4169.4000,8,2,3,1,2,1,4,6,2,1
SF,IF2003,2020-01-02 09:32:25.100,4168.0000,36104,-1,1778470740.000,12,5,7,多平,S,4167.8000,4167.0000,4166.8000,4166.6000,4166.2000,4168.0000,4168.8000,4169.0000,4169.2000,4169.4000,1,2,3,1,2,1,4,6,2,1
SF,IF2003,2020-01-02 09:32:25.600,4167.8000,36104,0,1779721080.000,1,0,1,多换,S,4167.0000,4166.8000,4166.6000,4166.2000,4166.0000,4167.8000,4168.0000,4168.8000,4169.0000,4169.2000,2,2,1,2,2,8,1,4,6,2
SF,IF2003,2020-01-02 09:32:26.100,4167.8000,36104,0,1782221760.000,2,1,1,多换,S,4167.0000,4166.8000,4166.6000,4166.2000,4166.0000,4167.8000,4168.0000,4168.8000,4169.0000,4169.2000,2,2,1,2,2,7,1,4,6,2
SF,IF2003,2020-01-02 09:32:26.600,4167.6000,36104,0,1783472040.000,1,0,1,多换,S,4167.6000,4167.0000,4166.8000,4166.6000,4166.2000,4167.8000,4168.0000,4168.8000,4169.0000,4169.2000,7,2,2,1,2,7,1,4,6,2
SF,IF2003,2020-01-02 09:32:27.100,4167.6000,36097,-7,1792224000.000,7,0,7,双平,S,4167.0000,4166.8000,4166.6000,4166.2000,4166.0000,4167.6000,4167.8000,4168.0000,4168.8000,4169.0000,2,2,1,2,2,2,4,1,4,6
SF,IF2003,2020-01-02 09:32:27.600,4167.0000,36097,0,1794724200.000,2,1,1,多换,S,4166.8000,4166.6000,4166.2000,4166.0000,4165.2000,4167.6000,4167.8000,4168.0000,4168.8000,4169.0000,2,1,2,2,5,1,6,1,4,6
SF,IF2003,2020-01-02 09:32:28.100,4167.8000,36093,-4,1804726860.000,8,2,6,多平,S,4167.8000,4166.8000,4166.6000,4166.2000,4166.0000,4168.0000,4168.8000,4169.0000,4169.2000,4169.6000,17,2,1,2,2,1,4,6,2,3
SF,IF2003,2020-01-02 09:32:28.600,4167.8000,36076,-17,1825982640.000,17,0,17,双平,S,4166.8000,4166.6000,4166.2000,4166.0000,4165.2000,4167.6000,4167.8000,4168.0000,4168.8000,4169.0000,2,1,2,2,5,1,1,1,4,5
SF,IF2003,2020-01-02 09:32:29.100,4168.0000,36077,1,1830984120.000,4,2,2,空开,S,4168.2000,4168.0000,4167.6000,4167.0000,4166.6000,4168.8000,4169.0000,4169.2000,4169.6000,4169.8000,1,9,3,2,1,4,5,2,3,13
SF,IF2003,2020-01-02 09:32:29.600,4168.0000,36077,0,1833484980.000,2,1,1,多换,S,4168.0000,4167.6000,4167.2000,4167.0000,4166.6000,4168.2000,4168.6000,4168.8000,4169.0000,4169.2000,8,3,2,1,1,1,1,4,5,2
SF,IF2003,2020-01-02 09:32:30.100,4168.0000,36077,0,1833484980.000,0,-,-,-,-,4168.0000,4167.6000,4167.2000,4167.0000,4166.6000,4168.6000,4168.8000,4169.0000,4169.2000,4169.6000,8,3,2,1,1,1,4,6,2,3
SF,IF2003,2020-01-02 09:32:30.600,4168.0000,36079,2,1840987560.000,6,4,2,空开,S,4168.0000,4167.8000,4167.6000,4167.2000,4167.0000,4168.8000,4169.0000,4169.2000,4169.6000,4169.8000,3,1,3,2,1,4,6,2,3,13
SF,IF2003,2020-01-02 09:32:31.100,4168.0000,36082,3,1845989160.000,4,3,1,空开,S,4167.8000,4167.6000,4167.2000,4167.0000,4166.6000,4168.0000,4168.8000,4169.0000,4169.2000,4169.6000,1,3,2,1,1,1,4,6,2,3
SF,IF2003,2020-01-02 09:32:31.600,4168.0000,36084,2,1849740360.000,3,2,1,空开,S,4168.0000,4167.8000,4167.6000,4167.2000,4167.0000,4168.8000,4169.0000,4169.2000,4169.6000,4169.8000,3,1,1,2,1,4,6,2,3,13
SF,IF2003,2020-01-02 09:32:32.100,4168.0000,36082,-2,1852241160.000,2,0,2,双平,S,4168.0000,4167.8000,4167.6000,4167.2000,4166.6000,4168.6000,4168.8000,4169.0000,4169.2000,4169.6000,2,1,1,2,1,2,5,6,2,3
SF,IF2003,2020-01-02 09:32:32.600,4168.0000,36082,0,1852241160.000,0,-,-,-,-,4168.0000,4167.8000,4167.6000,4167.4000,4167.2000,4168.8000,4169.0000,4169.2000,4169.6000,4169.8000,2,1,1,1,2,4,6,2,3,13
SF,IF2003,2020-01-02 09:32:33.100,4168.8000,36081,-1,1855992900.000,3,1,2,多平,S,4168.2000,4168.0000,4167.8000,4167.6000,4167.4000,4168.8000,4169.0000,4169.2000,4169.6000,4169.8000,1,2,1,1,1,2,6,2,3,13
SF,IF2003,2020-01-02 09:32:33.600,4168.8000,36081,0,1855992900.000,0,-,-,-,-,4168.2000,4168.0000,4167.8000,4167.6000,4167.4000,4168.8000,4169.0000,4169.2000,4169.6000,4169.8000,1,2,1,1,1,2,6,2,3,13
SF,IF2003,2020-01-02 09:32:34.100,4168.0000,36080,-1,1862245440.000,5,2,3,多平,S,4167.8000,4167.6000,4167.4000,4167.2000,4166.6000,4168.4000,4168.6000,4169.0000,4169.2000,4169.6000,1,1,1,2,1,1,1,6,2,3
SF,IF2003,2020-01-02 09:32:34.600,4168.4000,36079,-1,1867247460.000,4,1,3,多平,S,4168.0000,4167.8000,4167.6000,4167.4000,4167.2000,4169.0000,4169.2000,4169.6000,4169.8000,4170.0000,2,1,1,1,2,6,2,3,13,13
SF,IF2003,2020-01-02 09:32:35.100,4169.0000,36080,1,1870999080.000,3,2,1,空开,S,4168.0000,4167.8000,4167.6000,4167.4000,4167.2000,4169.0000,4169.2000,4169.6000,4169.8000,4170.0000,2,1,1,1,2,5,2,3,13,13
SF,IF2003,2020-01-02 09:32:35.600,4169.0000,36080,0,1870999080.000,0,-,-,-,-,4168.8000,4168.0000,4167.8000,4167.6000,4167.4000,4169.0000,4169.2000,4169.6000,4169.8000,4170.0000,8,2,1,1,1,5,2,3,13,13
SF,IF2003,2020-01-02 09:32:36.100,4169.0000,36075,-5,1879753980.000,7,1,6,多平,S,4168.8000,4168.0000,4167.8000,4167.6000,4167.4000,4169.2000,4169.6000,4169.8000,4170.0000,4170.4000,8,2,1,1,1,2,3,13,13,2
SF,IF2003,2020-01-02 09:32:36.600,4169.2000,36075,0,1882255500.000,2,1,1,多换,S,4168.8000,4168.0000,4167.8000,4167.4000,4167.2000,4169.6000,4169.8000,4170.0000,4170.4000,4170.8000,8,2,1,1,2,3,13,13,2,3
SF,IF2003,2020-01-02 09:32:37.100,4169.2000,36075,0,1882255500.000,0,-,-,-,-,4169.0000,4168.8000,4168.2000,4168.0000,4167.8000,4169.4000,4169.6000,4169.8000,4170.0000,4170.4000,2,8,1,2,1,1,3,13,13,2
SF,IF2003,2020-01-02 09:32:37.600,4169.2000,36074,-1,1884757080.000,2,0,2,多平,S,4169.0000,4168.8000,4168.2000,4168.0000,4167.8000,4169.6000,4169.8000,4170.0000,4170.4000,4170.8000,2,8,1,2,1,3,13,13,2,3
SF,IF2003,2020-01-02 09:32:38.100,4169.2000,36076,2,1888509480.000,3,2,1,空开,S,4169.0000,4168.8000,4168.2000,4168.0000,4167.8000,4169.4000,4169.6000,4169.8000,4170.0000,4170.4000,2,8,1,2,1,4,2,13,13,2
SF,IF2003,2020-01-02 09:32:38.600,4169.0000,36077,1,1889760180.000,1,1,0,双开,S,4169.0000,4168.8000,4168.2000,4168.0000,4167.8000,4169.4000,4169.6000,4169.8000,4170.0000,4170.4000,1,8,1,2,1,4,2,13,13,2
SF,IF2003,2020-01-02 09:32:39.100,4169.4000,36079,2,1894763400.000,4,3,1,空开,S,4169.0000,4168.8000,4168.2000,4168.0000,4167.8000,4169.4000,4169.6000,4169.8000,4170.0000,4170.4000,1,8,1,4,1,1,2,13,13,2
SF,IF2003,2020-01-02 09:32:39.600,4169.6000,36076,-3,1901017380.000,5,1,4,多平,S,4169.4000,4169.0000,4168.8000,4168.2000,4168.0000,4169.6000,4169.8000,4170.0000,4170.4000,4170.8000,1,1,8,1,4,1,13,13,2,3
SF,IF2003,2020-01-02 09:32:40.100,4169.6000,36076,0,1902268260.000,1,0,1,多换,S,4169.4000,4169.0000,4168.8000,4168.2000,4168.0000,4169.8000,4170.0000,4170.4000,4170.8000,4171.8000,1,1,8,1,4,13,13,2,3,2
SF,IF2003,2020-01-02 09:32:40.600,4169.6000,36076,0,1902268260.000,0,-,-,-,-,4169.6000,4169.4000,4169.0000,4168.8000,4168.2000,4169.8000,4170.0000,4170.4000,4170.8000,4171.8000,1,1,1,8,1,13,8,2,3,2
SF,IF2003,2020-01-02 09:32:41.100,4169.4000,36073,-3,1907271600.000,4,0,4,多平,S,4169.0000,4168.8000,4168.2000,4168.0000,4167.8000,4169.4000,4169.8000,4170.0000,4170.4000,4170.8000,1,8,1,14,1,7,13,8,2,3
SF,IF2003,2020-01-02 09:32:41.600,4169.4000,36067,-6,1916027340.000,7,0,7,多平,S,4169.2000,4169.0000,4168.8000,4168.2000,4168.0000,4169.8000,4170.0000,4170.4000,4170.8000,4171.8000,1,1,8,3,14,13,8,2,3,2
SF,IF2003,2020-01-02 09:32:42.100,4169.8000,36068,1,1917278280.000,1,1,0,双开,S,4169.4000,4169.2000,4169.0000,4168.8000,4168.2000,4169.8000,4170.0000,4170.4000,4170.8000,4171.8000,1,1,1,8,1,12,8,2,3,2
SF,IF2003,2020-01-02 09:32:42.600,4169.4000,36067,-1,1922281860.000,4,1,3,多平,S,4169.2000,4169.0000,4168.8000,4168.2000,4168.0000,4169.8000,4170.0000,4170.4000,4170.8000,4171.8000,1,1,8,1,14,10,8,2,3,2
SF,IF2003,2020-01-02 09:32:43.100,4169.8000,36074,7,1934791260.000,10,8,2,空开,S,4169.4000,4169.2000,4169.0000,4168.8000,4168.2000,4170.0000,4170.4000,4170.8000,4171.8000,4172.0000,1,1,1,8,1,8,2,3,2,1
SF,IF2003,2020-01-02 09:32:43.600,4169.8000,36074,0,1934791260.000,0,-,-,-,-,4169.8000,4169.4000,4169.2000,4169.0000,4168.8000,4170.0000,4170.4000,4170.8000,4171.8000,4172.0000,1,1,1,1,8,9,2,3,2,1
SF,IF2003,2020-01-02 09:32:44.100,4170.0000,36075,1,1939795260.000,4,2,2,空开,S,4169.8000,4169.4000,4169.0000,4168.8000,4168.2000,4170.0000,4170.4000,4170.8000,4171.8000,4172.0000,1,1,1,8,1,5,2,3,2,1
SF,IF2003,2020-01-02 09:32:44.600,4169.4000,36070,-5,1952304000.000,10,2,8,多平,S,4168.0000,4167.8000,4167.4000,4167.2000,4166.6000,4170.4000,4170.8000,4171.8000,4172.0000,4172.8000,13,1,1,2,1,2,3,2,1,1
SF,IF2003,2020-01-02 09:32:45.100,4169.4000,36071,1,1953554820.000,1,1,0,双开,S,4169.0000,4168.4000,4168.2000,4168.0000,4167.8000,4170.2000,4170.4000,4170.8000,4171.8000,4172.0000,1,1,3,14,1,3,2,3,2,1
SF,IF2003,2020-01-02 09:32:45.600,4169.2000,36071,0,1954805580.000,1,0,1,多换,S,4169.0000,4168.4000,4168.2000,4168.0000,4167.8000,4170.2000,4170.4000,4170.8000,4171.8000,4172.0000,1,1,3,14,1,2,2,3,2,1
SF,IF2003,2020-01-02 09:32:46.100,4169.0000,36071,0,1956056280.000,1,0,1,多换,S,4168.4000,4168.2000,4168.0000,4167.8000,4167.4000,4170.0000,4170.2000,4170.4000,4170.8000,4171.8000,1,3,14,1,1,3,1,2,3,2
SF,IF2003,2020-01-02 09:32:46.600,4169.0000,36071,0,1956056280.000,0,-,-,-,-,4168.6000,4168.4000,4168.2000,4168.0000,4167.8000,4169.8000,4170.0000,4170.4000,4170.8000,4171.8000,1,1,2,14,1,1,3,2,3,2
SF,IF2003,2020-01-02 09:32:47.100,4169.0000,36071,0,1956056280.000,0,-,-,-,-,4168.2000,4168.0000,4167.8000,4167.4000,4167.2000,4169.0000,4169.6000,4169.8000,4170.0000,4170.4000,2,14,1,1,2,1,1,1,3,2
SF,IF2003,2020-01-02 09:32:47.600,4169.0000,36071,0,1957306980.000,1,0,1,多换,S,4168.2000,4168.0000,4167.8000,4167.4000,4167.2000,4169.6000,4169.8000,4170.0000,4170.4000,4170.8000,2,14,1,1,2,1,1,2,2,3
SF,IF2003,2020-01-02 09:32:48.100,4169.0000,36072,1,1958557680.000,1,1,0,双开,S,4168.2000,4168.0000,4167.8000,4167.4000,4167.2000,4169.4000,4169.6000,4170.0000,4170.4000,4170.8000,2,14,1,1,2,1,2,1,2,3
SF,IF2003,2020-01-02 09:32:48.600,4169.0000,36072,0,1958557680.000,0,-,-,-,-,4168.4000,4168.2000,4168.0000,4167.8000,4167.4000,4169.2000,4169.4000,4169.6000,4170.0000,4170.4000,1,2,14,1,1,1,1,1,1,2
SF,IF2003,2020-01-02 09:32:49.100,4169.2000,36073,1,1959808440.000,1,1,0,双开,S,4168.2000,4168.0000,4167.8000,4167.4000,4167.2000,4169.6000,4170.0000,4170.4000,4170.8000,4171.8000,2,14,1,1,2,1,1,2,3,2
SF,IF2003,2020-01-02 09:32:49.600,4168.4000,36074,1,1962309780.000,2,1,1,空开,S,4168.2000,4168.0000,4167.8000,4167.4000,4167.2000,4169.6000,4170.0000,4170.4000,4170.8000,4171.8000,1,14,1,1,2,1,1,2,3,2
SF,IF2003,2020-01-02 09:32:50.100,4170.0000,36072,-2,1967313300.000,4,1,3,多平,S,4168.2000,4168.0000,4167.8000,4167.4000,4167.2000,4168.4000,4170.4000,4170.8000,4171.8000,4172.0000,1,13,1,1,2,1,2,3,2,1
SF,IF2003,2020-01-02 09:32:50.600,4168.4000,36072,0,1968563820.000,1,0,1,多换,S,4168.6000,4168.4000,4168.0000,4167.8000,4167.4000,4169.8000,4170.4000,4170.8000,4171.8000,4172.0000,1,6,13,1,1,1,2,3,2,1
SF,IF2003,2020-01-02 09:32:51.100,4168.4000,36072,0,1969814340.000,1,0,1,多换,S,4168.8000,4168.6000,4168.4000,4168.0000,4167.8000,4169.8000,4170.4000,4170.8000,4171.8000,4172.0000,3,1,3,13,1,1,2,3,2,1
SF,IF2003,2020-01-02 09:32:51.600,4169.6000,36071,-1,1971065220.000,1,0,1,双平,S,4169.0000,4168.8000,4168.4000,4168.0000,4167.8000,4169.8000,4170.4000,4170.8000,4171.8000,4172.0000,1,2,3,13,1,1,2,3,2,1
SF,IF2003,2020-01-02 09:32:52.100,4169.0000,36069,-2,1973566680.000,2,0,2,双平,S,4168.8000,4168.4000,4168.0000,4167.8000,4167.4000,4169.8000,4170.4000,4170.8000,4171.8000,4172.0000,1,4,13,1,1,1,2,3,2,1
SF,IF2003,2020-01-02 09:32:52.600,4169.8000,36069,0,1974817620.000,1,0,1,多换,S,4168.8000,4168.4000,4168.0000,4167.8000,4167.4000,4170.4000,4170.8000,4171.8000,4172.0000,4172.8000,1,4,13,1,1,2,3,2,1,1
SF,IF2003,2020-01-02 09:32:53.100,4169.8000,36069,0,1974817620.000,0,-,-,-,-,4169.0000,4168.8000,4168.4000,4168.0000,4167.8000,4170.0000,4170.2000,4170.4000,4170.8000,4171.8000,1,1,4,13,1,1,2,2,3,2
SF,IF2003,2020-01-02 09:32:53.600,4169.8000,36069,0,1974817620.000,0,-,-,-,-,4169.0000,4168.8000,4168.4000,4168.0000,4167.8000,4170.0000,4170.2000,4170.4000,4170.8000,4171.8000,2,1,3,13,1,1,1,2,3,2
SF,IF2003,2020-01-02 09:32:54.100,4170.0000,36070,1,1976068620.000,1,1,0,双开,S,4169.0000,4168.8000,4168.4000,4168.0000,4167.8000,4170.0000,4170.2000,4170.4000,4170.8000,4171.8000,2,1,3,13,1,1,1,2,3,2
SF,IF2003,2020-01-02 09:32:54.600,4169.0000,36070,0,1979820780.000,3,1,2,多换,S,4168.8000,4168.4000,4168.0000,4167.8000,4167.4000,4169.0000,4170.0000,4170.4000,4170.8000,4171.8000,1,4,14,1,1,7,1,2,3,2
SF,IF2003,2020-01-02 09:32:55.100,4169.0000,36066,-4,1994829780.000,12,4,8,多平,S,4169.0000,4168.8000,4168.4000,4168.0000,4167.8000,4170.4000,4170.8000,4171.8000,4172.0000,4172.8000,3,1,1,14,1,2,3,2,1,1
SF,IF2003,2020-01-02 09:32:55.600,4169.0000,36065,-1,1996080480.000,1,0,1,双平,S,4169.8000,4169.2000,4169.0000,4168.8000,4168.4000,4170.4000,4170.8000,4171.8000,4172.0000,4172.8000,4,1,3,1,1,2,3,2,1,1
SF,IF2003,2020-01-02 09:32:56.100,4169.0000,36065,0,1996080480.000,0,-,-,-,-,4169.8000,4169.4000,4169.0000,4168.8000,4168.4000,4170.4000,4170.8000,4171.8000,4172.0000,4172.8000,4,2,3,1,1,2,3,2,1,1
SF,IF2003,2020-01-02 09:32:56.600,4169.8000,36064,-1,1997331420.000,1,0,1,双平,S,4169.8000,4169.4000,4169.0000,4168.8000,4168.4000,4170.4000,4170.8000,4171.8000,4172.0000,4172.8000,3,3,3,3,1,2,3,2,1,1
SF,IF2003,2020-01-02 09:32:57.100,4169.8000,36064,0,1998582360.000,1,0,1,多换,S,4169.8000,4169.4000,4169.0000,4168.8000,4168.4000,4170.2000,4170.4000,4170.8000,4171.8000,4172.0000,2,3,3,3,1,2,2,4,2,1
SF,IF2003,2020-01-02 09:32:57.600,4170.2000,36062,-2,2001084360.000,2,0,2,双平,S,4169.8000,4169.4000,4169.0000,4168.8000,4168.4000,4170.4000,4170.8000,4171.8000,4172.0000,4172.8000,1,3,3,3,1,2,4,2,1,1
SF,IF2003,2020-01-02 09:32:58.100,4169.8000,36061,-1,2002335300.000,1,0,1,双平,S,4169.4000,4169.0000,4168.8000,4168.4000,4168.0000,4170.2000,4170.4000,4170.8000,4171.8000,4172.0000,3,3,3,1,14,5,2,4,2,1
SF,IF2003,2020-01-02 09:32:58.600,4169.8000,36061,0,2002335300.000,0,-,-,-,-,4169.4000,4169.0000,4168.8000,4168.4000,4168.0000,4170.2000,4170.4000,4170.8000,4171.8000,4172.0000,3,2,3,1,14,5,2,4,2,1
SF,IF2003,2020-01-02 09:32:59.100,4169.8000,36061,0,2002335300.000,0,-,-,-,-,4169.4000,4169.0000,4168.8000,4168.4000,4168.0000,4170.2000,4170.4000,4170.8000,4171.8000,4172.0000,3,2,4,1,14,5,2,4,2,1
SF,IF2003,2020-01-02 09:32:59.600,4169.4000,36062,1,2004837120.000,2,1,1,空开,S,4169.4000,4169.0000,4168.8000,4168.4000,4168.0000,4170.0000,4170.4000,4170.8000,4171.8000,4172.0000,2,2,4,1,13,4,2,4,2,1
SF,IF2003,2020-01-02 09:33:00.100,4169.4000,36064,2,2008589760.000,3,2,1,空开,S,4169.0000,4168.8000,4168.4000,4168.0000,4167.8000,4170.0000,4170.2000,4170.4000,4170.8000,4171.2000,2,4,1,13,1,3,1,2,4,1
SF,IF2003,2020-01-02 09:33:00.600,4169.4000,36064,0,2008589760.000,0,-,-,-,-,4169.2000,4168.8000,4168.4000,4168.0000,4167.8000,4170.0000,4170.2000,4170.4000,4170.8000,4171.0000,1,4,1,13,1,1,1,2,4,2
SF,IF2003,2020-01-02 09:33:01.100,4170.0000,36063,-1,2009840760.000,1,0,1,双平,S,4169.6000,4169.4000,4169.2000,4168.8000,4168.4000,4170.2000,4170.4000,4170.8000,4171.0000,4171.2000,1,1,1,4,1,1,2,4,2,1
SF,IF2003,2020-01-02 09:33:01.600,4170.2000,36062,-1,2011091820.000,1,0,1,双平,S,4170.0000,4169.6000,4169.4000,4168.8000,4168.4000,4170.4000,4170.8000,4171.0000,4171.2000,4171.8000,1,1,1,4,1,2,4,2,1,2
SF,IF2003,2020-01-02 09:33:02.100,4170.4000,36062,0,2013594060.000,2,1,1,多换,S,4170.4000,4170.2000,4170.0000,4169.8000,4169.6000,4170.8000,4171.0000,4171.2000,4171.8000,4172.0000,8,2,1,1,1,4,2,1,2,1
SF,IF2003,2020-01-02 09:33:02.600,4170.4000,36062,0,2014845180.000,1,0,1,多换,S,4170.6000,4170.4000,4170.2000,4170.0000,4169.8000,4170.8000,4171.0000,4171.2000,4171.8000,4172.0000,2,7,3,1,1,6,2,1,2,1
SF,IF2003,2020-01-02 09:33:03.100,4170.4000,36064,2,2018598600.000,3,2,1,空开,S,4170.4000,4170.2000,4170.0000,4169.8000,4169.6000,4170.8000,4171.0000,4171.2000,4171.8000,4172.0000,6,3,1,1,1,6,2,1,2,1
SF,IF2003,2020-01-02 09:33:03.600,4170.4000,36064,0,2021100960.000,2,1,1,多换,S,4170.4000,4170.2000,4170.0000,4169.8000,4169.6000,4170.8000,4171.0000,4171.2000,4171.8000,4172.0000,5,3,2,1,1,5,2,1,2,1
SF,IF2003,2020-01-02 09:33:04.100,4170.4000,36065,1,2024854440.000,3,2,1,空开,S,4170.4000,4170.2000,4170.0000,4169.8000,4169.6000,4170.8000,4171.0000,4171.2000,4171.8000,4172.0000,3,3,2,1,1,4,2,1,2,1
SF,IF2003,2020-01-02 09:33:04.600,4170.8000,36068,3,2031110520.000,5,4,1,空开,S,4170.8000,4170.4000,4170.2000,4170.0000,4169.8000,4171.0000,4171.2000,4171.8000,4172.0000,4172.8000,5,2,1,2,1,2,1,2,1,1
SF,IF2003,2020-01-02 09:33:05.100,4170.8000,36070,2,2037366720.000,5,3,2,空开,S,4170.4000,4170.2000,4170.0000,4169.8000,4168.8000,4170.6000,4170.8000,4171.0000,4171.2000,4171.8000,2,1,2,1,4,1,3,2,1,2
SF,IF2003,2020-01-02 09:33:05.600,4170.4000,36069,-1,2042371380.000,4,1,3,多平,S,4170.4000,4170.2000,4170.0000,4169.8000,4168.8000,4171.0000,4171.2000,4171.8000,4172.0000,4172.8000,1,1,4,1,4,2,1,2,1,1
SF,IF2003,2020-01-02 09:33:06.100,4170.4000,36069,0,2042371380.000,0,-,-,-,-,4170.8000,4170.4000,4170.2000,4170.0000,4168.8000,4171.0000,4171.2000,4171.8000,4172.0000,4172.8000,6,1,1,4,4,2,1,2,1,1
SF,IF2003,2020-01-02 09:33:06.600,4170.8000,36071,2,2049878820.000,6,4,2,空开,S,4170.6000,4170.4000,4170.2000,4170.0000,4168.8000,4170.8000,4171.0000,4171.2000,4171.8000,4172.0000,1,1,1,4,4,4,2,1,2,1
SF,IF2003,2020-01-02 09:33:07.100,4171.0000,36067,-4,2059888500.000,8,2,6,多平,S,4170.2000,4170.0000,4168.8000,4168.4000,4168.0000,4171.2000,4171.8000,4172.0000,4172.8000,4173.8000,1,4,4,1,13,1,2,1,1,1
SF,IF2003,2020-01-02 09:33:07.600,4171.2000,36067,0,2061139860.000,1,0,1,多换,S,4171.0000,4170.4000,4170.2000,4170.0000,4168.8000,4171.8000,4172.0000,4172.8000,4173.8000,4174.2000,3,1,2,4,4,2,1,1,1,1
SF,IF2003,2020-01-02 09:33:08.100,4171.0000,36067,0,2062391160.000,1,0,1,多换,S,4171.0000,4170.4000,4170.2000,4170.0000,4168.8000,4171.6000,4171.8000,4172.0000,4172.8000,4173.8000,2,1,2,4,4,1,3,1,1,1
SF,IF2003,2020-01-02 09:33:08.600,4170.8000,36068,1,2066145000.000,3,2,1,空开,S,4170.8000,4170.4000,4170.2000,4170.0000,4168.8000,4171.0000,4171.6000,4171.8000,4172.0000,4172.8000,3,1,2,4,4,2,2,2,1,1
SF,IF2003,2020-01-02 09:33:09.100,4170.8000,36068,0,2069898720.000,3,1,2,多换,S,4170.2000,4170.0000,4168.8000,4168.4000,4168.0000,4170.4000,4170.6000,4171.0000,4171.8000,4172.0000,2,4,4,1,13,2,1,1,2,1
SF,IF2003,2020-01-02 09:33:09.600,4171.8000,36067,-1,2079909120.000,8,3,5,多平,S,4171.8000,4170.0000,4168.8000,4168.4000,4168.0000,4172.0000,4172.8000,4173.8000,4174.8000,4175.0000,1,4,4,1,13,1,1,1,1,12
SF,IF2003,2020-01-02 09:33:10.100,4170.0000,36068,1,2082411660.000,2,1,1,空开,S,4170.0000,4168.8000,4168.4000,4168.0000,4167.8000,4171.4000,4171.6000,4171.8000,4172.0000,4172.8000,3,4,1,13,1,3,3,8,1,1
SF,IF2003,2020-01-02 09:33:10.600,4170.0000,36068,0,2082411660.000,0,-,-,-,-,4170.2000,4170.0000,4168.8000,4168.4000,4168.0000,4171.2000,4171.6000,4171.8000,4172.0000,4172.8000,1,3,4,1,13,2,1,5,1,1
SF,IF2003,2020-01-02 09:33:11.100,4170.0000,36068,0,2082411660.000,0,-,-,-,-,4171.0000,4170.2000,4170.0000,4168.8000,4168.4000,4171.2000,4171.8000,4172.0000,4172.8000,4173.8000,1,1,3,4,1,2,5,1,1,1
SF,IF2003,2020-01-02 09:33:11.600,4171.0000,36067,-1,2084914260.000,2,0,2,多平,S,4170.2000,4170.0000,4168.8000,4168.4000,4168.0000,4170.8000,4171.0000,4171.2000,4171.8000,4172.0000,1,3,4,1,13,2,7,1,2,1
SF,IF2003,2020-01-02 09:33:12.100,4171.0000,36066,-1,2086165560.000,1,0,1,双平,S,4170.2000,4170.0000,4168.8000,4168.4000,4168.0000,4171.0000,4171.2000,4171.8000,4172.0000,4172.8000,1,3,4,1,13,4,1,1,1,1
SF,IF2003,2020-01-02 09:33:12.600,4171.0000,36066,0,2086165560.000,0,-,-,-,-,4170.2000,4170.0000,4168.8000,4168.4000,4168.0000,4170.8000,4171.0000,4171.8000,4172.0000,4172.8000,1,3,4,1,13,1,3,1,1,1
SF,IF2003,2020-01-02 09:33:13.100,4171.0000,36066,0,2087416860.000,1,0,1,多换,S,4170.0000,4168.8000,4168.4000,4168.0000,4167.8000,4171.0000,4171.8000,4172.0000,4172.8000,4173.8000,3,4,1,13,1,3,1,1,1,1
SF,IF2003,2020-01-02 09:33:13.600,4170.0000,36066,0,2091169860.000,3,1,2,多换,S,4168.8000,4168.4000,4168.0000,4167.8000,4167.4000,4169.6000,4170.2000,4170.8000,4171.0000,4171.8000,4,1,13,1,1,1,1,3,3,1
SF,IF2003,2020-01-02 09:33:14.100,4169.8000,36066,0,2093671740.000,2,1,1,多换,S,4169.0000,4168.8000,4168.4000,4168.0000,4167.8000,4170.2000,4170.8000,4171.0000,4171.8000,4172.0000,2,3,1,13,1,1,2,3,1,1
SF,IF2003,2020-01-02 09:33:14.600,4170.0000,36065,-1,2094922740.000,1,0,1,双平,S,4169.6000,4169.4000,4169.2000,4169.0000,4168.8000,4170.0000,4170.2000,4170.8000,4171.0000,4171.8000,1,1,1,1,3,3,3,1,3,1
SF,IF2003,2020-01-02 09:33:15.100,4169.4000,36065,0,2097424440.000,2,1,1,多换,S,4169.2000,4169.0000,4168.8000,4168.4000,4168.0000,4169.4000,4169.6000,4170.0000,4170.2000,4170.8000,1,1,3,1,13,2,3,2,3,1
SF,IF2003,2020-01-02 09:33:15.600,4169.4000,36065,0,2098675260.000,1,0,1,多换,S,4169.6000,4169.4000,4169.0000,4168.8000,4168.4000,4170.2000,4170.8000,4171.0000,4171.8000,4172.0000,1,3,1,3,1,3,1,3,1,1
SF,IF2003,2020-01-02 09:33:16.100,4170.2000,36065,0,2102428200.000,3,1,2,多换,S,4169.4000,4168.8000,4168.4000,4168.0000,4167.8000,4170.2000,4171.0000,4171.8000,4172.0000,4172.8000,1,3,1,13,1,2,2,1,1,1
SF,IF2003,2020-01-02 09:33:16.600,4169.4000,36065,0,2103679020.000,1,0,1,多换,S,4168.8000,4168.4000,4168.0000,4167.8000,4167.4000,4169.0000,4169.6000,4170.0000,4170.2000,4171.0000,3,1,13,1,1,1,1,1,1,2
SF,IF2003,2020-01-02 09:33:17.100,4168.8000,36062,-3,2109932400.000,5,1,4,多平,S,4168.4000,4168.0000,4167.8000,4167.4000,4167.2000,4168.8000,4169.6000,4170.0000,4170.2000,4171.0000,1,13,1,1,2,1,1,1,1,2
SF,IF2003,2020-01-02 09:33:17.600,4168.8000,36062,0,2116185600.000,5,2,3,多换,S,4168.8000,4168.6000,4168.4000,4168.0000,4167.8000,4170.2000,4171.0000,4171.8000,4172.0000,4172.8000,2,1,1,13,1,1,2,1,1,1
SF,IF2003,2020-01-02 09:33:18.100,4168.8000,36062,0,2117436240.000,1,0,1,多换,S,4168.8000,4168.6000,4168.4000,4168.0000,4167.8000,4169.8000,4170.0000,4170.2000,4171.0000,4171.8000,1,1,1,13,1,1,4,1,2,1
SF,IF2003,2020-01-02 09:33:18.600,4168.8000,36063,1,2118686880.000,1,1,0,双开,S,4168.8000,4168.6000,4168.4000,4168.0000,4167.8000,4169.6000,4169.8000,4170.0000,4170.2000,4171.0000,1,1,2,13,1,2,1,2,1,2
SF,IF2003,2020-01-02 09:33:19.100,4168.8000,36063,0,2121188340.000,2,1,1,多换,S,4168.4000,4168.0000,4167.8000,4167.4000,4167.2000,4168.8000,4169.4000,4169.6000,4170.0000,4170.2000,2,13,1,1,2,1,1,2,2,1
SF,IF2003,2020-01-02 09:33:19.600,4168.0000,36062,-1,2127440820.000,5,2,3,多平,S,4168.0000,4167.8000,4167.4000,4165.2000,4165.0000,4169.4000,4169.8000,4170.0000,4170.2000,4171.0000,11,1,1,5,1,1,2,1,1,2
SF,IF2003,2020-01-02 09:33:20.100,4168.0000,36063,1,2131192020.000,3,2,1,空开,S,4168.0000,4167.8000,4167.4000,4165.2000,4165.0000,4168.4000,4168.6000,4169.2000,4169.4000,4169.8000,8,1,1,5,1,1,1,3,3,2
SF,IF2003,2020-01-02 09:33:20.600,4168.6000,36063,0,2133693120.000,2,1,1,多换,S,4168.0000,4167.8000,4167.4000,4165.2000,4165.0000,4169.2000,4169.4000,4169.8000,4170.0000,4170.2000,8,1,1,5,1,1,3,2,1,1
SF,IF2003,2020-01-02 09:33:21.100,4168.6000,36063,0,2133693120.000,0,-,-,-,-,4168.0000,4167.8000,4167.4000,4165.2000,4165.0000,4169.0000,4169.2000,4169.4000,4169.8000,4170.0000,8,1,1,5,1,2,1,3,2,1
SF,IF2003,2020-01-02 09:33:21.600,4168.0000,36064,1,2134943520.000,1,1,0,双开,S,4168.0000,4167.8000,4167.4000,4165.2000,4165.0000,4168.8000,4169.2000,4169.4000,4169.8000,4170.0000,8,1,1,5,1,3,1,2,2,1
SF,IF2003,2020-01-02 09:33:22.100,4168.0000,36063,-1,2142446100.000,6,2,4,多平,S,4168.0000,4167.8000,4167.4000,4165.2000,4165.0000,4168.8000,4169.2000,4169.4000,4169.8000,4170.0000,3,1,1,5,1,2,1,1,2,1
SF,IF2003,2020-01-02 09:33:22.600,4168.0000,36063,0,2142446100.000,0,-,-,-,-,4168.0000,4167.8000,4167.4000,4165.2000,4165.0000,4168.6000,4168.8000,4169.2000,4169.4000,4169.8000,3,1,1,5,1,1,2,1,1,2
SF,IF2003,2020-01-02 09:33:23.100,4168.6000,36064,1,2143696680.000,1,1,0,双开,S,4168.0000,4167.8000,4167.4000,4165.2000,4165.0000,4169.2000,4169.4000,4169.8000,4170.0000,4170.2000,3,1,1,5,1,1,1,2,1,1
SF,IF2003,2020-01-02 09:33:23.600,4168.0000,36064,0,2147448180.000,3,1,2,多换,S,4168.0000,4167.8000,4167.4000,4165.2000,4165.0000,4169.0000,4169.2000,4169.8000,4170.0000,4170.2000,1,1,1,5,1,3,3,2,1,1
SF,IF2003,2020-01-02 09:33:24.100,4168.0000,36063,-1,2148698580.000,1,0,1,双平,S,4167.8000,4167.4000,4165.2000,4165.0000,4164.8000,4169.0000,4169.2000,4169.8000,4170.0000,4170.2000,1,1,5,1,4,1,3,2,1,1
SF,IF2003,2020-01-02 09:33:24.600,4168.0000,36063,0,2148698580.000,0,-,-,-,-,4168.0000,4167.8000,4167.4000,4166.6000,4165.2000,4169.2000,4169.8000,4170.0000,4170.2000,4171.0000,2,1,1,1,5,2,2,1,1,3
SF,IF2003,2020-01-02 09:33:25.100,4169.0000,36064,1,2153701080.000,4,2,2,空开,S,4169.0000,4168.6000,4168.2000,4168.0000,4167.8000,4169.2000,4169.8000,4170.0000,4170.2000,4171.0000,3,3,1,1,1,1,2,1,1,3
SF,IF2003,2020-01-02 09:33:25.600,4168.6000,36064,0,2158703760.000,4,2,2,多换,S,4168.6000,4168.2000,4168.0000,4167.8000,4167.4000,4169.0000,4169.2000,4169.8000,4170.0000,4170.2000,2,1,1,1,1,7,1,2,1,1
SF,IF2003,2020-01-02 09:33:26.100,4169.0000,36063,-1,2163706440.000,4,1,3,多平,S,4168.6000,4168.2000,4168.0000,4167.8000,4167.4000,4168.8000,4169.2000,4169.8000,4170.0000,4170.2000,1,1,1,1,1,1,1,2,1,1
SF,IF2003,2020-01-02 09:33:26.600,4168.8000,36062,-1,2164957080.000,1,0,1,双平,S,4168.8000,4168.6000,4168.2000,4168.0000,4167.8000,4169.2000,4169.8000,4170.0000,4170.2000,4171.0000,1,1,1,1,1,1,2,1,1,3
SF,IF2003,2020-01-02 09:33:27.100,4169.2000,36062,0,2166207840.000,1,0,1,多换,S,4168.8000,4168.6000,4168.2000,4168.0000,4167.8000,4169.8000,4170.0000,4170.2000,4171.0000,4172.0000,2,1,1,1,1,2,1,1,3,1
SF,IF2003,2020-01-02 09:33:27.600,4169.2000,36062,0,2166207840.000,0,-,-,-,-,4169.0000,4168.8000,4168.6000,4168.2000,4168.0000,4169.8000,4170.0000,4170.2000,4171.0000,4172.0000,2,2,1,2,1,2,1,1,3,1
SF,IF2003,2020-01-02 09:33:28.100,4168.8000,36062,0,2167458480.000,1,0,1,多换,S,4168.8000,4168.6000,4168.2000,4168.0000,4167.8000,4169.0000,4169.8000,4170.0000,4170.2000,4171.0000,1,1,2,1,1,1,2,1,1,3
SF,IF2003,2020-01-02 09:33:28.600,4169.0000,36061,-1,2168709180.000,1,0,1,双平,S,4168.8000,4168.6000,4168.2000,4168.0000,4167.8000,4169.8000,4170.0000,4170.2000,4171.0000,4172.0000,1,1,2,1,1,2,1,1,3,1
SF,IF2003,2020-01-02 09:33:29.100,4169.0000,36059,-2,2171210580.000,2,0,2,双平,S,4168.8000,4168.6000,4168.2000,4168.0000,4167.8000,4169.0000,4169.8000,4170.0000,4170.2000,4171.0000,1,1,2,1,1,3,2,1,1,3
SF,IF2003,2020-01-02 09:33:29.600,4169.0000,36057,-2,2174962680.000,3,0,3,多平,S,4168.8000,4168.6000,4168.2000,4168.0000,4167.8000,4169.8000,4170.0000,4170.2000,4171.0000,4172.0000,1,1,2,1,1,2,1,1,3,1
SF,IF2003,2020-01-02 09:33:30.100,4169.0000,36057,0,2174962680.000,0,-,-,-,-,4168.8000,4168.6000,4168.2000,4168.0000,4167.8000,4169.6000,4169.8000,4170.0000,4170.2000,4170.4000,1,1,2,1,1,4,2,1,1,1
SF,IF2003,2020-01-02 09:33:30.600,4168.6000,36056,-1,2177463900.000,2,0,2,多平,S,4168.2000,4168.0000,4167.8000,4167.4000,4165.2000,4168.6000,4168.8000,4169.4000,4169.6000,4169.8000,2,1,1,1,5,2,1,1,4,2
SF,IF2003,2020-01-02 09:33:31.100,4168.4000,36055,-1,2179964880.000,2,0,2,多平,S,4168.0000,4167.8000,4167.4000,4165.2000,4165.0000,4168.4000,4168.8000,4169.4000,4169.6000,4169.8000,1,1,1,5,1,1,2,1,1,2
SF,IF2003,2020-01-02 09:33:31.600,4168.4000,36055,0,2181215400.000,1,0,1,多换,S,4168.0000,4167.8000,4167.4000,4165.4000,4165.2000,4168.8000,4169.6000,4169.8000,4170.0000,4170.2000,1,1,1,1,5,2,1,2,1,1
SF,IF2003,2020-01-02 09:33:32.100,4168.4000,36055,0,2181215400.000,0,-,-,-,-,4168.0000,4167.8000,4167.4000,4165.4000,4165.2000,4168.8000,4169.8000,4170.0000,4170.2000,4170.4000,1,1,1,1,5,2,2,1,1,1
SF,IF2003,2020-01-02 09:33:33.100,4168.0000,36055,0,2182465800.000,1,0,1,多换,S,4167.8000,4167.4000,4165.4000,4165.2000,4165.0000,4168.0000,4168.8000,4169.8000,4170.0000,4170.2000,1,1,1,5,1,3,2,2,1,1
SF,IF2003,2020-01-02 09:33:33.600,4168.0000,36056,1,2188717800.000,5,3,2,空开,S,4168.2000,4167.8000,4167.4000,4165.4000,4165.2000,4168.6000,4168.8000,4169.8000,4170.0000,4170.2000,1,1,1,1,5,1,2,2,1,1
SF,IF2003,2020-01-02 09:33:34.100,4168.2000,36055,-1,2189968260.000,1,0,1,双平,S,4168.0000,4167.8000,4167.4000,4165.4000,4165.2000,4168.6000,4168.8000,4169.8000,4170.0000,4170.2000,10,1,1,1,5,1,2,2,1,1
SF,IF2003,2020-01-02 09:33:34.600,4168.2000,36055,0,2189968260.000,0,-,-,-,-,4168.0000,4167.8000,4167.4000,4165.4000,4165.2000,4168.4000,4168.8000,4169.8000,4170.0000,4170.2000,10,1,1,1,5,1,2,2,1,1
SF,IF2003,2020-01-02 09:33:35.100,4168.0000,36054,-1,2193719820.000,3,1,2,多平,S,4168.0000,4167.8000,4167.4000,4165.4000,4165.2000,4168.8000,4169.8000,4170.0000,4170.2000,4170.4000,9,1,1,1,5,1,2,1,1,1
SF,IF2003,2020-01-02 09:33:35.600,4168.0000,36054,0,2207474520.000,11,5,6,多换,S,4167.8000,4167.4000,4165.4000,4165.2000,4165.0000,4168.0000,4169.8000,4170.0000,4170.2000,4170.4000,1,1,1,5,1,2,2,1,1,1
SF,IF2003,2020-01-02 09:33:36.100,4168.0000,36054,0,2212476120.000,4,2,2,多换,S,4168.2000,4168.0000,4167.8000,4167.4000,4166.2000,4169.8000,4170.0000,4170.2000,4170.4000,4171.0000,3,3,1,1,2,2,1,1,1,3
SF,IF2003,2020-01-02 09:33:36.600,4168.0000,36054,0,2212476120.000,0,-,-,-,-,4168.4000,4168.2000,4168.0000,4167.8000,4167.4000,4169.6000,4169.8000,4170.0000,4170.2000,4170.4000,2,2,2,1,1,3,2,1,1,1
SF,IF2003,2020-01-02 09:33:37.100,4168.4000,36054,0,2213726640.000,1,0,1,多换,S,4168.4000,4168.0000,4167.8000,4167.4000,4166.2000,4169.4000,4169.6000,4169.8000,4170.0000,4170.2000,1,2,1,1,2,2,1,2,1,1
SF,IF2003,2020-01-02 09:33:37.600,4168.4000,36053,-1,2214977160.000,1,0,1,双平,S,4168.0000,4167.8000,4167.4000,4166.2000,4165.4000,4169.2000,4169.8000,4170.0000,4170.4000,4171.0000,2,1,1,2,1,3,2,1,1,3
SF,IF2003,2020-01-02 09:33:38.100,4168.0000,36052,-1,2216227560.000,1,0,1,双平,S,4168.0000,4167.8000,4167.4000,4166.2000,4165.4000,4169.0000,4169.2000,4169.8000,4170.0000,4170.4000,1,1,1,2,1,8,1,2,1,1
SF,IF2003,2020-01-02 09:33:38.600,4167.8000,36052,0,2218728300.000,2,1,1,多换,S,4167.4000,4166.2000,4165.4000,4165.2000,4165.0000,4167.6000,4168.8000,4169.0000,4169.2000,4169.8000,1,2,1,5,1,1,8,1,1,2
SF,IF2003,2020-01-02 09:33:39.100,4167.6000,36051,-1,2221228860.000,2,0,2,多平,S,4168.0000,4167.8000,4167.6000,4167.4000,4166.2000,4168.8000,4169.2000,4169.8000,4170.0000,4170.4000,5,2,6,1,2,5,1,2,1,1
SF,IF2003,2020-01-02 09:33:39.600,4168.2000,36048,-3,2224980420.000,3,0,3,双平,S,4168.0000,4167.8000,4167.6000,4167.4000,4167.0000,4169.2000,4169.8000,4170.0000,4170.4000,4170.6000,4,2,3,1,1,1,2,1,1,1
SF,IF2003,2020-01-02 09:33:40.100,4169.0000,36046,-2,2228732520.000,3,0,3,多平,S,4168.2000,4168.0000,4167.6000,4167.4000,4167.0000,4169.0000,4169.2000,4169.8000,4170.0000,4170.4000,1,4,3,2,1,1,3,2,1,1
SF,IF2003,2020-01-02 09:33:40.600,4169.2000,36046,0,2229983280.000,1,0,1,多换,S,4169.0000,4168.2000,4168.0000,4167.6000,4167.4000,4169.2000,4169.8000,4170.0000,4170.4000,4170.6000,2,1,4,1,2,1,2,1,1,1
SF,IF2003,2020-01-02 09:33:41.100,4169.0000,36043,-3,2234986080.000,4,0,4,多平,S,4168.0000,4167.6000,4167.4000,4167.0000,4166.2000,4169.2000,4169.4000,4169.8000,4170.0000,4170.4000,4,1,2,1,2,1,2,2,1,1
SF,IF2003,2020-01-02 09:33:41.600,4168.0000,36042,-1,2237486940.000,2,0,2,多平,S,4168.0000,4167.6000,4167.4000,4167.0000,4166.2000,4169.0000,4169.4000,4169.8000,4170.0000,4170.4000,3,1,2,1,2,1,2,2,1,1
SF,IF2003,2020-01-02 09:33:42.100,4168.0000,36042,0,2237486940.000,0,-,-,-,-,4168.0000,4167.6000,4167.4000,4167.0000,4166.2000,4168.8000,4169.0000,4169.8000,4170.0000,4170.4000,3,1,2,1,2,4,3,2,1,1
SF,IF2003,2020-01-02 09:33:42.600,4168.0000,36042,0,2237486940.000,0,-,-,-,-,4168.0000,4167.6000,4167.4000,4167.0000,4166.2000,4168.6000,4168.8000,4169.0000,4169.8000,4170.0000,3,1,2,1,2,1,2,3,2,1
SF,IF2003,2020-01-02 09:33:43.100,4168.0000,36042,0,2237486940.000,0,-,-,-,-,4168.0000,4167.6000,4167.4000,4167.0000,4166.2000,4168.6000,4168.8000,4169.0000,4169.8000,4170.0000,3,1,2,1,2,1,2,3,2,1
SF,IF2003,2020-01-02 09:33:43.600,4168.0000,36039,-3,2241238140.000,3,0,3,双平,S,4167.4000,4167.0000,4166.2000,4165.4000,4165.2000,4167.8000,4168.0000,4168.4000,4168.6000,4169.0000,2,1,2,1,5,1,2,2,1,2
SF,IF2003,2020-01-02 09:33:44.100,4168.4000,36034,-5,2248740240.000,6,0,6,多平,S,4167.0000,4166.2000,4165.4000,4165.2000,4165.0000,4168.4000,4168.6000,4169.0000,4169.8000,4170.0000,1,2,1,5,1,1,1,1,2,1
SF,IF2003,2020-01-02 09:33:44.600,4167.2000,36033,-1,2249990400.000,1,0,1,双平,S,4167.0000,4166.2000,4165.4000,4165.2000,4165.0000,4167.6000,4168.2000,4168.4000,4168.6000,4169.0000,1,2,1,5,1,1,3,2,1,1
SF,IF2003,2020-01-02 09:33:45.100,4167.0000,36033,0,2252490780.000,2,1,1,多换,S,4166.2000,4165.4000,4165.2000,4165.0000,4164.8000,4168.0000,4168.2000,4168.4000,4169.0000,4169.8000,2,1,5,1,4,1,1,2,1,2
SF,IF2003,2020-01-02 09:33:45.600,4167.0000,36033,0,2252490780.000,0,-,-,-,-,4166.4000,4166.2000,4165.4000,4165.2000,4165.0000,4167.8000,4168.0000,4168.2000,4168.4000,4169.0000,1,2,1,5,1,4,1,1,3,1
SF,IF2003,2020-01-02 09:33:46.100,4167.0000,36033,0,2252490780.000,0,-,-,-,-,4166.4000,4166.2000,4165.4000,4165.2000,4165.0000,4167.6000,4168.0000,4168.2000,4168.4000,4169.0000,1,2,1,5,1,2,1,1,3,1
SF,IF2003,2020-01-02 09:33:46.600,4167.0000,36033,0,2252490780.000,0,-,-,-,-,4166.4000,4165.4000,4165.2000,4165.0000,4164.8000,4167.4000,4168.0000,4168.2000,4168.4000,4169.0000,1,1,5,1,4,2,1,1,3,1
SF,IF2003,2020-01-02 09:33:47.100,4166.4000,36032,-1,2253740700.000,1,0,1,双平,S,4165.4000,4165.2000,4165.0000,4164.8000,4163.4000,4166.4000,4167.2000,4168.0000,4168.2000,4168.4000,1,5,1,4,1,1,5,1,1,3
SF,IF2003,2020-01-02 09:33:47.600,4167.2000,36029,-3,2259990780.000,5,1,4,多平,S,4166.8000,4166.4000,4165.6000,4165.4000,4165.2000,4168.0000,4168.4000,4169.0000,4170.0000,4170.4000,1,1,1,1,5,1,3,1,2,1
SF,IF2003,2020-01-02 09:33:48.100,4166.8000,36028,-1,2261240820.000,1,0,1,双平,S,4165.6000,4165.4000,4165.2000,4165.0000,4164.8000,4167.8000,4168.0000,4168.4000,4169.0000,4170.0000,1,1,5,1,4,4,1,3,1,2
SF,IF2003,2020-01-02 09:33:48.600,4166.8000,36028,0,2261240820.000,0,-,-,-,-,4166.2000,4166.0000,4165.8000,4165.6000,4165.4000,4166.4000,4167.6000,4167.8000,4168.0000,4168.4000,1,1,1,1,1,1,1,2,1,3
SF,IF2003,2020-01-02 09:33:49.100,4166.8000,36027,-1,2262490860.000,1,0,1,双平,S,4166.8000,4166.4000,4166.2000,4165.6000,4165.4000,4167.8000,4168.0000,4168.4000,4169.0000,4170.0000,1,1,1,1,1,1,1,2,1,2
SF,IF2003,2020-01-02 09:33:49.600,4166.8000,36027,0,2262490860.000,0,-,-,-,-,4166.8000,4166.2000,4165.6000,4165.4000,4165.2000,4167.6000,4167.8000,4168.0000,4168.4000,4169.0000,1,1,1,1,5,3,2,2,2,1
SF,IF2003,2020-01-02 09:33:50.100,4166.8000,36027,0,2262490860.000,0,-,-,-,-,4166.8000,4166.2000,4165.6000,4165.4000,4165.2000,4167.6000,4167.8000,4168.0000,4168.4000,4169.0000,1,1,1,1,5,4,1,2,2,1
SF,IF2003,2020-01-02 09:33:50.600,4166.8000,36027,0,2266240980.000,3,1,2,多换,S,4166.2000,4165.6000,4165.4000,4165.2000,4165.0000,4167.4000,4167.6000,4168.0000,4168.4000,4169.0000,1,1,1,5,1,1,4,2,2,1
SF,IF2003,2020-01-02 09:33:51.100,4166.8000,36027,0,2266240980.000,0,-,-,-,-,4166.2000,4165.6000,4165.4000,4165.2000,4165.0000,4167.4000,4167.6000,4168.0000,4168.4000,4169.0000,1,1,1,5,1,2,2,2,2,1
SF,IF2003,2020-01-02 09:33:51.600,4166.8000,36027,0,2266240980.000,0,-,-,-,-,4166.2000,4165.4000,4165.2000,4165.0000,4164.8000,4167.2000,4167.4000,4167.6000,4168.0000,4168.4000,1,1,5,1,4,2,2,1,2,2
SF,IF2003,2020-01-02 09:33:52.100,4166.2000,36027,0,2267490840.000,1,0,1,多换,S,4165.4000,4165.2000,4165.0000,4164.8000,4163.4000,4166.2000,4167.0000,4167.2000,4167.4000,4167.6000,1,5,1,4,1,2,1,1,3,1
SF,IF2003,2020-01-02 09:33:52.600,4165.6000,36026,-1,2271240240.000,3,1,2,多平,S,4166.6000,4165.2000,4165.0000,4164.8000,4163.4000,4167.0000,4167.2000,4167.4000,4168.0000,4168.4000,1,5,1,4,1,1,1,3,2,2
SF,IF2003,2020-01-02 09:33:53.100,4166.6000,36025,-1,2273740200.000,2,0,2,多平,S,4165.2000,4165.0000,4164.8000,4163.4000,4163.2000,4166.4000,4166.6000,4167.0000,4167.2000,4167.4000,5,1,4,1,1,1,4,2,1,2
SF,IF2003,2020-01-02 09:33:53.600,4166.6000,36025,0,2273740200.000,0,-,-,-,-,4165.4000,4165.2000,4165.0000,4164.8000,4163.4000,4166.2000,4166.4000,4166.6000,4167.0000,4167.2000,1,5,1,4,1,5,1,2,2,1
SF,IF2003,2020-01-02 09:33:54.100,4166.6000,36025,0,2273740200.000,0,-,-,-,-,4165.4000,4165.2000,4165.0000,4164.8000,4163.6000,4166.0000,4166.2000,4166.6000,4167.0000,4167.2000,1,5,1,4,1,1,4,2,2,1
SF,IF2003,2020-01-02 09:33:54.600,4165.4000,36024,-1,2277489480.000,3,1,2,多平,S,4165.2000,4165.0000,4164.8000,4163.6000,4163.4000,4166.2000,4166.6000,4167.0000,4167.2000,4167.4000,5,1,4,1,1,3,2,1,1,1
SF,IF2003,2020-01-02 09:33:55.100,4166.2000,36024,0,2281239000.000,3,1,2,多换,S,4165.2000,4165.0000,4164.8000,4163.6000,4163.4000,4166.2000,4166.6000,4167.0000,4167.4000,4168.0000,5,1,4,1,1,1,2,1,1,2
SF,IF2003,2020-01-02 09:33:55.600,4165.2000,36022,-2,2283738120.000,2,0,2,双平,S,4165.2000,4165.0000,4164.8000,4163.6000,4163.4000,4166.2000,4166.6000,4167.0000,4167.4000,4168.0000,3,1,4,1,1,2,2,1,1,1
SF,IF2003,2020-01-02 09:33:56.100,4165.4000,36022,0,2286237600.000,2,1,1,多换,S,4165.4000,4165.2000,4165.0000,4164.8000,4163.6000,4166.6000,4167.0000,4167.4000,4168.0000,4168.4000,1,3,3,4,1,2,1,1,1,2
SF,IF2003,2020-01-02 09:33:56.600,4165.4000,36022,0,2286237600.000,0,-,-,-,-,4166.2000,4165.4000,4165.2000,4165.0000,4164.8000,4166.6000,4167.0000,4167.4000,4168.0000,4168.4000,1,3,3,3,4,2,1,1,1,2
SF,IF2003,2020-01-02 09:33:57.100,4165.4000,36023,1,2287487220.000,1,1,0,双开,S,4165.4000,4165.2000,4165.0000,4164.8000,4163.6000,4166.6000,4167.0000,4167.4000,4168.0000,4168.4000,3,3,3,4,1,2,1,1,1,2
SF,IF2003,2020-01-02 09:33:57.600,4165.4000,36023,0,2287487220.000,0,-,-,-,-,4165.8000,4165.6000,4165.2000,4165.0000,4164.8000,4166.6000,4167.0000,4167.4000,4168.0000,4168.4000,1,2,3,3,4,2,1,1,1,2
SF,IF2003,2020-01-02 09:33:58.100,4166.6000,36021,-2,2289987180.000,2,0,2,双平,S,4165.8000,4165.6000,4165.2000,4165.0000,4164.8000,4167.0000,4167.4000,4168.0000,4168.4000,4169.2000,1,1,3,3,4,1,1,1,2,2
SF,IF2003,2020-01-02 09:33:58.600,4166.6000,36021,0,2291237160.000,1,0,1,多换,S,4166.6000,4165.8000,4165.2000,4165.0000,4164.8000,4166.8000,4167.0000,4168.0000,4168.4000,4169.2000,1,3,3,3,4,1,1,1,2,2
SF,IF2003,2020-01-02 09:33:59.100,4166.8000,36022,1,2292487200.000,1,1,0,双开,S,4166.8000,4166.6000,4165.8000,4165.2000,4165.0000,4167.0000,4168.0000,4168.4000,4169.2000,4170.0000,1,1,3,3,3,1,1,2,2,2
SF,IF2003,2020-01-02 09:33:59.600,4167.0000,36020,-2,2297487420.000,4,1,3,多平,S,4165.8000,4165.2000,4165.0000,4164.8000,4163.4000,4166.4000,4168.0000,4168.4000,4169.2000,4170.0000,3,3,3,4,1,3,1,2,2,2
SF,IF2003,2020-01-02 09:34:00.100,4166.0000,36020,0,2298737220.000,1,0,1,多换,S,4165.8000,4165.2000,4165.0000,4164.8000,4163.4000,4166.4000,4168.0000,4168.4000,4169.2000,4170.0000,3,3,3,4,1,3,1,2,2,2
SF,IF2003,2020-01-02 09:34:00.600,4166.0000,36020,0,2298737220.000,0,-,-,-,-,4166.0000,4165.8000,4165.2000,4165.0000,4164.8000,4166.4000,4167.0000,4168.0000,4168.4000,4169.2000,1,2,3,3,4,3,1,1,2,2
SF,IF2003,2020-01-02 09:34:01.100,4166.0000,36020,0,2298737220.000,0,-,-,-,-,4166.0000,4165.8000,4165.2000,4165.0000,4164.8000,4166.4000,4167.0000,4168.0000,4168.4000,4169.2000,1,2,3,3,4,3,1,1,2,2
SF,IF2003,2020-01-02 09:34:01.600,4166.0000,36020,0,2299987020.000,1,0,1,多换,S,4165.8000,4165.2000,4165.0000,4164.8000,4163.4000,4166.4000,4167.0000,4168.0000,4168.4000,4169.2000,1,3,3,4,1,3,1,1,2,2
SF,IF2003,2020-01-02 09:34:02.100,4166.0000,36020,0,2299987020.000,0,-,-,-,-,4165.8000,4165.2000,4165.0000,4164.8000,4163.4000,4166.0000,4166.4000,4167.0000,4168.0000,4168.4000,1,3,3,4,1,2,3,1,1,2
SF,IF2003,2020-01-02 09:34:02.600,4165.8000,36020,0,2303736360.000,3,1,2,多换,S,4165.2000,4165.0000,4164.8000,4163.4000,4163.2000,4166.4000,4167.0000,4168.0000,4168.4000,4169.2000,3,3,4,1,1,3,1,1,2,2
SF,IF2003,2020-01-02 09:34:03.100,4165.8000,36020,0,2303736360.000,0,-,-,-,-,4165.4000,4165.2000,4165.0000,4164.8000,4163.4000,4166.4000,4167.0000,4168.0000,4168.4000,4169.2000,1,3,3,4,1,3,1,1,2,2
SF,IF2003,2020-01-02 09:34:03.600,4165.6000,36019,-1,2304986040.000,1,0,1,双平,S,4165.2000,4165.0000,4164.8000,4163.4000,4163.2000,4165.4000,4165.8000,4166.0000,4166.2000,4166.4000,3,3,4,1,1,2,3,2,5,3
SF,IF2003,2020-01-02 09:34:04.100,4165.2000,36015,-4,2309984340.000,4,0,4,双平,S,4165.0000,4164.8000,4163.4000,4163.2000,4163.0000,4165.2000,4165.8000,4166.0000,4166.2000,4166.4000,3,4,1,1,5,1,3,2,3,3
SF,IF2003,2020-01-02 09:34:04.600,4165.0000,36014,-1,2313732840.000,3,1,2,多平,S,4164.8000,4163.4000,4163.2000,4163.0000,4162.8000,4165.0000,4165.2000,4165.8000,4166.0000,4166.2000,4,1,1,5,2,1,1,3,2,2
SF,IF2003,2020-01-02 09:34:05.100,4164.8000,36009,-5,2322478020.000,7,1,6,多平,S,4163.0000,4162.8000,4162.2000,4162.0000,4161.6000,4165.0000,4165.8000,4166.0000,4166.2000,4166.4000,5,2,1,3,3,1,4,2,2,3
SF,IF2003,2020-01-02 09:34:05.600,4163.2000,36009,0,2323726980.000,1,0,1,多换,S,4163.2000,4163.0000,4162.8000,4162.2000,4162.0000,4164.8000,4165.0000,4165.8000,4166.0000,4166.4000,4,5,2,1,3,2,2,4,2,3
SF,IF2003,2020-01-02 09:34:06.100,4164.8000,36009,0,2326225380.000,2,1,1,多换,S,4163.2000,4163.0000,4162.8000,4162.2000,4162.0000,4164.8000,4165.0000,4165.8000,4166.0000,4166.4000,4,5,2,1,3,2,2,4,2,3
SF,IF2003,2020-01-02 09:34:06.600,4163.4000,36009,0,2328723420.000,2,1,1,多换,S,4163.2000,4163.0000,4162.8000,4162.2000,4162.0000,4164.8000,4165.0000,4165.8000,4166.0000,4166.4000,4,5,2,1,3,2,2,4,2,3
SF,IF2003,2020-01-02 09:34:07.100,4163.4000,36009,0,2328723420.000,0,-,-,-,-,4163.2000,4163.0000,4162.8000,4162.2000,4162.0000,4164.8000,4165.0000,4165.8000,4166.0000,4166.4000,2,5,2,1,3,2,2,4,2,3
SF,IF2003,2020-01-02 09:34:07.600,4163.4000,36009,0,2328723420.000,0,-,-,-,-,4164.0000,4163.2000,4163.0000,4162.8000,4162.2000,4164.6000,4164.8000,4165.0000,4165.8000,4166.0000,1,2,5,2,1,1,2,2,4,1
SF,IF2003,2020-01-02 09:34:08.100,4163.2000,36008,-1,2332470360.000,3,1,2,多平,S,4163.0000,4162.8000,4162.2000,4162.0000,4161.6000,4163.2000,4164.6000,4164.8000,4165.0000,4165.8000,5,2,1,3,3,1,2,2,2,1
SF,IF2003,2020-01-02 09:34:08.600,4163.2000,36007,-1,2333719320.000,1,0,1,双平,S,4163.6000,4163.4000,4163.2000,4163.0000,4162.8000,4164.6000,4164.8000,4165.8000,4166.0000,4166.4000,5,1,9,5,2,1,1,1,1,3
SF,IF2003,2020-01-02 09:34:09.100,4163.2000,36007,0,2333719320.000,0,-,-,-,-,4163.6000,4163.4000,4163.2000,4163.0000,4162.8000,4164.4000,4164.6000,4164.8000,4165.8000,4166.0000,2,1,8,5,2,2,1,1,1,1
