市场代码,合约代码,时间,最新,持仓,增仓,成交额,成交量,开仓,平仓,成交类型,方向,买一价,买二价,买三价,买四价,买五价,卖一价,卖二价,卖三价,卖四价,卖五价,买一量,买二量,买三量,买四量,买五量,卖一量,卖二量,卖三量,卖四量,卖五量
SF,IF2006,2019-12-23 09:29:00.400,4050.0000,11072,0,1215000.000,1.000,-,-,-,-,4050.0000,4045.2000,4043.8000,4040.6000,4036.6000,4053.8000,4055.0000,4055.8000,4056.0000,4057.0000,4,1,1,1,5,2,1,1,2,5
SF,IF2006,2019-12-23 09:30:00.400,4045.2000,11075,3,7288560.000,5,4,1,空开,S,4040.6000,4036.2000,4034.4000,4033.2000,4030.2000,4044.6000,4045.0000,4046.0000,4046.8000,4047.0000,1,1,2,1,6,1,1,1,1,1
SF,IF2006,2019-12-23 09:30:00.900,4046.0000,11074,-1,10929240.000,3,1,2,多平,S,4040.6000,4040.4000,4036.2000,4034.4000,4033.2000,4046.8000,4047.0000,4048.0000,4048.2000,4048.6000,1,2,1,2,1,1,1,2,1,2
SF,IF2006,2019-12-23 09:30:01.400,4048.2000,11076,2,14572200.000,3,2,1,空开,S,4040.4000,4036.2000,4034.4000,4033.2000,4030.2000,4048.6000,4048.8000,4049.0000,4049.4000,4049.6000,3,1,2,1,6,2,3,4,1,2
SF,IF2006,2019-12-23 09:30:01.900,4048.2000,11076,0,14572200.000,0,-,-,-,-,4040.4000,4036.2000,4034.4000,4033.2000,4032.0000,4048.2000,4048.6000,4048.8000,4049.0000,4049.4000,3,1,2,1,5,2,2,3,3,1
SF,IF2006,2019-12-23 09:30:02.400,4048.2000,11076,0,14572200.000,0,-,-,-,-,4040.4000,4036.2000,4034.4000,4033.2000,4032.0000,4046.8000,4047.2000,4047.8000,4048.2000,4048.6000,3,1,2,1,5,1,2,1,2,2
SF,IF2006,2019-12-23 09:30:02.900,4048.2000,11076,0,14572200.000,0,-,-,-,-,4036.2000,4034.4000,4033.2000,4032.0000,4030.2000,4046.8000,4047.2000,4047.8000,4048.0000,4048.2000,1,2,1,5,6,2,3,1,1,2
SF,IF2006,2019-12-23 09:30:03.400,4048.2000,11076,0,14572200.000,0,-,-,-,-,4040.4000,4039.2000,4036.4000,4036.2000,4034.4000,4044.6000,4045.4000,4046.8000,4047.2000,4047.8000,1,1,1,3,2,1,1,1,3,1
SF,IF2006,2019-12-23 09:30:03.900,4040.6000,11077,1,15784380.000,1,1,0,双开,S,4040.6000,4040.4000,4039.2000,4038.0000,4036.4000,4045.4000,4046.8000,4047.2000,4047.8000,4048.0000,3,1,1,1,1,1,1,4,1,1
SF,IF2006,2019-12-23 09:30:04.400,4045.4000,11077,0,16998000.000,1,0,1,多换,S,4040.6000,4039.2000,4038.0000,4036.4000,4036.2000,4045.0000,4046.8000,4047.2000,4048.0000,4048.2000,3,1,1,1,3,1,1,2,1,2
SF,IF2006,2019-12-23 09:30:04.900,4040.6000,11077,0,18210180.000,1,0,1,多换,S,4040.6000,4039.2000,4038.0000,4036.4000,4036.2000,4044.6000,4046.8000,4047.2000,4048.0000,4048.2000,2,1,1,1,3,2,1,2,1,2
SF,IF2006,2019-12-23 09:30:05.400,4040.6000,11077,0,18210180.000,0,-,-,-,-,4040.6000,4039.2000,4038.0000,4036.4000,4036.2000,4044.6000,4046.8000,4047.2000,4048.2000,4048.6000,2,1,1,1,2,2,1,2,2,1
SF,IF2006,2019-12-23 09:30:05.900,4040.6000,11077,0,18210180.000,0,-,-,-,-,4040.6000,4039.2000,4038.0000,4036.4000,4036.2000,4044.0000,4044.2000,4044.6000,4046.0000,4046.8000,2,1,1,1,2,1,1,2,1,1
SF,IF2006,2019-12-23 09:30:06.400,4040.6000,11078,1,19422360.000,1,1,0,双开,S,4040.6000,4038.0000,4036.4000,4036.2000,4033.2000,4044.0000,4044.2000,4044.6000,4046.0000,4046.2000,1,1,1,2,1,1,1,2,1,1
SF,IF2006,2019-12-23 09:30:06.900,4040.6000,11078,0,19422360.000,0,-,-,-,-,4040.6000,4038.0000,4036.4000,4036.2000,4033.2000,4044.0000,4044.2000,4044.6000,4046.0000,4046.2000,1,1,1,2,1,1,1,2,1,1
SF,IF2006,2019-12-23 09:30:07.900,4040.6000,11078,0,19422360.000,0,-,-,-,-,4040.6000,4038.0000,4036.4000,4036.2000,4033.2000,4043.8000,4044.0000,4044.2000,4044.6000,4046.0000,1,1,1,2,1,1,1,1,2,1
SF,IF2006,2019-12-23 09:30:08.900,4043.8000,11078,0,20635500.000,1,0,1,多换,S,4040.6000,4038.0000,4036.4000,4036.2000,4033.2000,4044.0000,4044.2000,4044.6000,4046.0000,4046.2000,1,1,1,2,1,1,1,2,1,1
SF,IF2006,2019-12-23 09:30:09.400,4040.6000,11079,1,21847680.000,1,1,0,双开,S,4040.8000,4038.0000,4036.4000,4036.2000,4033.2000,4044.0000,4044.2000,4044.6000,4046.0000,4046.2000,1,1,1,2,1,1,1,2,1,1
SF,IF2006,2019-12-23 09:30:09.900,4040.6000,11079,0,21847680.000,0,-,-,-,-,4040.8000,4038.0000,4036.4000,4036.2000,4033.2000,4044.0000,4044.2000,4044.6000,4046.0000,4046.2000,1,1,1,2,1,1,1,2,1,1
SF,IF2006,2019-12-23 09:30:10.400,4040.6000,11079,0,21847680.000,0,-,-,-,-,4040.8000,4038.0000,4036.4000,4036.2000,4033.2000,4043.8000,4044.0000,4044.6000,4046.0000,4046.2000,1,1,1,2,1,2,1,2,1,1
SF,IF2006,2019-12-23 09:30:10.900,4040.6000,11079,0,21847680.000,0,-,-,-,-,4041.0000,4040.8000,4038.0000,4036.4000,4036.2000,4043.8000,4044.0000,4044.6000,4046.2000,4046.8000,1,1,1,1,2,1,1,2,1,1
SF,IF2006,2019-12-23 09:30:11.400,4040.6000,11079,0,21847680.000,0,-,-,-,-,4041.2000,4041.0000,4040.8000,4038.0000,4036.4000,4043.0000,4044.6000,4046.2000,4046.8000,4047.2000,1,1,1,1,1,1,1,1,1,1
SF,IF2006,2019-12-23 09:30:11.900,4040.6000,11079,0,21847680.000,0,-,-,-,-,4041.2000,4041.0000,4038.0000,4036.4000,4036.2000,4043.0000,4046.2000,4046.8000,4047.2000,4048.6000,1,1,1,1,1,1,1,1,1,1
SF,IF2006,2019-12-23 09:30:12.400,4040.6000,11079,0,21847680.000,0,-,-,-,-,4041.2000,4038.0000,4036.4000,4036.2000,4033.2000,4043.0000,4045.0000,4046.8000,4047.2000,4048.6000,1,1,1,1,1,1,1,1,1,1
SF,IF2006,2019-12-23 09:30:12.900,4040.6000,11079,0,21847680.000,0,-,-,-,-,4042.2000,4041.2000,4039.6000,4038.0000,4036.4000,4043.0000,4045.0000,4046.8000,4047.2000,4048.6000,1,1,1,1,1,1,1,1,1,1
SF,IF2006,2019-12-23 09:30:13.400,4040.6000,11079,0,21847680.000,0,-,-,-,-,4042.2000,4041.6000,4041.2000,4039.6000,4038.0000,4043.0000,4045.0000,4046.8000,4047.2000,4048.6000,1,1,1,1,1,1,1,1,1,1
SF,IF2006,2019-12-23 09:30:13.900,4040.6000,11079,0,21847680.000,0,-,-,-,-,4042.2000,4039.6000,4038.0000,4036.4000,4036.2000,4045.0000,4047.2000,4048.6000,4049.0000,4049.8000,1,1,1,1,1,1,1,1,1,1
SF,IF2006,2019-12-23 09:30:14.400,4040.6000,11079,0,21847680.000,0,-,-,-,-,4042.4000,4042.2000,4041.0000,4039.6000,4038.0000,4044.8000,4045.0000,4047.2000,4048.6000,4049.0000,1,1,1,1,1,1,1,1,1,1
SF,IF2006,2019-12-23 09:30:14.900,4040.6000,11079,0,21847680.000,0,-,-,-,-,4042.4000,4042.2000,4041.0000,4039.6000,4038.0000,4044.8000,4047.2000,4048.6000,4049.0000,4049.8000,1,1,1,1,1,1,1,1,1,1
SF,IF2006,2019-12-23 09:30:15.400,4040.6000,11079,0,21847680.000,0,-,-,-,-,4042.4000,4042.2000,4039.6000,4038.0000,4036.4000,4044.8000,4047.2000,4048.6000,4049.0000,4049.8000,1,1,1,1,1,1,1,1,1,1
SF,IF2006,2019-12-23 09:30:15.900,4042.4000,11079,0,24273120.000,2,1,1,多换,S,4042.2000,4039.6000,4038.0000,4036.4000,4036.2000,4044.6000,4044.8000,4046.2000,4047.2000,4048.6000,1,1,1,1,1,1,1,1,1,1
SF,IF2006,2019-12-23 09:30:16.400,4042.2000,11078,-1,25485780.000,1,0,1,双平,S,4039.6000,4038.0000,4036.4000,4036.2000,4033.2000,4044.0000,4044.6000,4044.8000,4046.2000,4047.2000,1,1,1,1,1,1,1,1,1,1
SF,IF2006,2019-12-23 09:30:16.900,4042.2000,11078,0,25485780.000,0,-,-,-,-,4040.4000,4039.6000,4038.0000,4036.4000,4036.2000,4044.0000,4044.6000,4044.8000,4046.2000,4047.2000,3,1,1,1,1,1,1,1,1,1
SF,IF2006,2019-12-23 09:30:17.400,4042.2000,11078,0,25485780.000,0,-,-,-,-,4040.4000,4039.6000,4038.0000,4036.4000,4036.2000,4044.0000,4044.6000,4044.8000,4046.2000,4047.2000,3,1,1,1,1,1,1,1,1,1
SF,IF2006,2019-12-23 09:30:17.900,4042.2000,11078,0,25485780.000,0,-,-,-,-,4040.4000,4039.6000,4038.0000,4036.4000,4036.2000,4043.8000,4044.8000,4046.2000,4047.2000,4048.6000,3,1,1,1,1,2,1,1,1,1
SF,IF2006,2019-12-23 09:30:18.400,4042.2000,11078,0,25485780.000,0,-,-,-,-,4040.8000,4040.4000,4039.6000,4038.0000,4036.4000,4043.8000,4044.8000,4046.2000,4047.2000,4048.6000,1,2,1,1,1,2,1,1,1,1
SF,IF2006,2019-12-23 09:30:18.900,4040.4000,11079,1,30334380.000,4,2,2,空开,S,4039.6000,4038.0000,4036.4000,4036.2000,4033.2000,4043.8000,4044.8000,4046.2000,4047.2000,4048.6000,1,1,1,1,1,2,1,1,1,1
SF,IF2006,2019-12-23 09:30:19.400,4040.4000,11079,0,30334380.000,0,-,-,-,-,4039.6000,4038.0000,4036.4000,4036.2000,4033.2000,4040.4000,4043.8000,4046.2000,4047.2000,4048.6000,1,1,1,1,1,1,2,1,1,1
SF,IF2006,2019-12-23 09:30:19.900,4040.4000,11079,0,31546500.000,1,0,1,多换,S,4039.6000,4038.0000,4036.4000,4036.2000,4033.2000,4042.4000,4043.6000,4043.8000,4046.2000,4047.2000,1,1,1,1,1,2,1,1,1,1
SF,IF2006,2019-12-23 09:30:20.400,4040.4000,11079,0,31546500.000,0,-,-,-,-,4040.0000,4039.8000,4039.6000,4038.0000,4036.4000,4042.4000,4043.6000,4043.8000,4046.2000,4047.2000,1,1,1,1,1,2,1,1,1,1
SF,IF2006,2019-12-23 09:30:20.900,4040.4000,11079,0,31546500.000,0,-,-,-,-,4040.4000,4040.0000,4039.8000,4039.6000,4038.0000,4042.4000,4043.6000,4043.8000,4046.2000,4047.2000,1,1,1,1,1,2,1,1,1,1
SF,IF2006,2019-12-23 09:30:21.400,4040.4000,11079,0,31546500.000,0,-,-,-,-,4040.4000,4040.0000,4039.8000,4039.6000,4038.0000,4042.4000,4043.6000,4043.8000,4046.2000,4047.2000,2,1,1,1,1,2,1,1,1,1
SF,IF2006,2019-12-23 09:30:21.900,4040.4000,11079,0,31546500.000,0,-,-,-,-,4040.4000,4040.0000,4039.8000,4039.6000,4038.0000,4042.2000,4042.4000,4046.2000,4047.2000,4048.6000,2,1,1,1,1,1,2,1,1,1
SF,IF2006,2019-12-23 09:30:22.400,4040.4000,11079,0,31546500.000,0,-,-,-,-,4040.6000,4040.4000,4039.8000,4039.6000,4038.0000,4042.2000,4042.4000,4046.2000,4047.2000,4048.6000,1,2,1,1,1,1,2,1,1,1
SF,IF2006,2019-12-23 09:30:22.900,4040.4000,11079,0,31546500.000,0,-,-,-,-,4040.8000,4040.6000,4040.4000,4039.8000,4039.6000,4042.2000,4042.4000,4046.2000,4047.2000,4048.6000,1,1,2,1,1,1,2,1,1,1
SF,IF2006,2019-12-23 09:30:23.400,4042.4000,11079,0,35184600.000,3,1,2,多换,S,4042.4000,4041.0000,4040.8000,4040.6000,4040.4000,4046.2000,4047.2000,4048.6000,4049.0000,4049.8000,7,1,1,1,2,1,1,1,1,1
SF,IF2006,2019-12-23 09:30:23.900,4042.4000,11079,0,35184600.000,0,-,-,-,-,4042.4000,4041.0000,4040.6000,4040.4000,4039.8000,4044.6000,4046.0000,4046.2000,4047.2000,4048.6000,7,1,1,1,1,1,1,1,1,1
SF,IF2006,2019-12-23 09:30:24.400,4042.4000,11081,2,37610040.000,2,2,0,双开,S,4042.4000,4041.0000,4040.4000,4039.8000,4039.6000,4044.6000,4046.0000,4046.2000,4047.2000,4048.6000,5,2,1,1,1,1,1,1,1,1
SF,IF2006,2019-12-23 09:30:24.900,4042.4000,11085,4,42460920.000,4,4,0,双开,S,4042.4000,4041.0000,4040.4000,4039.8000,4039.6000,4044.2000,4044.6000,4046.0000,4046.2000,4049.0000,1,2,1,1,1,1,1,1,1,1
SF,IF2006,2019-12-23 09:30:25.400,4042.4000,11085,0,42460920.000,0,-,-,-,-,4042.4000,4041.0000,4040.4000,4039.8000,4039.6000,4044.2000,4044.6000,4046.0000,4046.2000,4049.0000,1,1,1,1,1,1,1,1,1,1
SF,IF2006,2019-12-23 09:30:25.900,4042.4000,11085,0,42460920.000,0,-,-,-,-,4042.4000,4041.0000,4040.4000,4039.8000,4039.6000,4044.2000,4044.6000,4046.2000,4049.0000,4049.8000,1,1,1,1,1,1,1,1,1,1
SF,IF2006,2019-12-23 09:30:26.400,4044.2000,11084,-1,43674180.000,1,0,1,双平,S,4044.2000,4042.4000,4041.0000,4040.4000,4039.8000,4046.2000,4049.0000,4049.8000,4050.0000,4053.8000,1,1,1,1,1,1,1,1,6,1
SF,IF2006,2019-12-23 09:30:26.900,4044.2000,11083,-1,44887440.000,1,0,1,双平,S,4042.4000,4041.0000,4040.4000,4039.8000,4039.6000,4046.0000,4049.0000,4049.8000,4050.0000,4053.8000,1,1,1,1,1,1,1,1,6,1
SF,IF2006,2019-12-23 09:30:27.400,4042.4000,11083,0,46100160.000,1,0,1,多换,S,4041.0000,4040.4000,4039.8000,4039.6000,4038.0000,4042.4000,4046.0000,4049.0000,4049.8000,4050.0000,1,1,1,1,1,2,2,1,1,6
SF,IF2006,2019-12-23 09:30:27.900,4042.4000,11081,-2,48525600.000,2,0,2,双平,S,4042.2000,4041.0000,4040.4000,4039.8000,4039.6000,4046.0000,4049.0000,4049.8000,4050.0000,4053.8000,1,1,1,1,1,1,1,1,6,1
SF,IF2006,2019-12-23 09:30:28.400,4042.4000,11081,0,48525600.000,0,-,-,-,-,4042.4000,4042.2000,4041.0000,4040.4000,4039.8000,4046.0000,4049.0000,4049.8000,4050.0000,4053.8000,1,1,1,1,1,1,1,1,6,1
SF,IF2006,2019-12-23 09:30:29.900,4042.4000,11081,0,48525600.000,0,-,-,-,-,4042.6000,4042.4000,4042.2000,4040.4000,4039.8000,4046.0000,4049.0000,4049.8000,4050.0000,4053.8000,1,1,1,1,1,1,1,1,6,1
SF,IF2006,2019-12-23 09:30:31.400,4042.4000,11081,0,48525600.000,0,-,-,-,-,4042.6000,4042.2000,4040.4000,4039.8000,4039.6000,4045.8000,4046.0000,4049.0000,4049.8000,4050.0000,1,1,1,1,1,1,1,1,1,6
SF,IF2006,2019-12-23 09:30:31.900,4042.4000,11081,0,48525600.000,0,-,-,-,-,4042.2000,4040.4000,4039.8000,4039.6000,4038.0000,4045.8000,4046.0000,4049.0000,4049.8000,4050.0000,1,1,1,1,1,1,1,1,1,6
SF,IF2006,2019-12-23 09:30:32.400,4042.4000,11081,0,48525600.000,0,-,-,-,-,4042.4000,4042.2000,4040.4000,4039.8000,4039.6000,4046.0000,4049.0000,4049.8000,4050.0000,4053.8000,1,1,1,1,1,1,1,1,6,1
SF,IF2006,2019-12-23 09:30:32.900,4042.4000,11081,0,48525600.000,0,-,-,-,-,4042.6000,4042.4000,4042.2000,4040.4000,4039.8000,4045.6000,4046.0000,4049.0000,4049.8000,4050.0000,1,1,1,1,1,1,2,1,1,6
SF,IF2006,2019-12-23 09:30:33.400,4042.4000,11081,0,48525600.000,0,-,-,-,-,4042.6000,4042.4000,4042.2000,4040.4000,4039.8000,4045.6000,4046.0000,4049.0000,4049.8000,4050.0000,1,1,1,1,1,1,2,1,1,6
SF,IF2006,2019-12-23 09:30:33.900,4042.6000,11081,0,49738380.000,1,0,1,多换,S,4042.6000,4042.2000,4040.4000,4039.8000,4039.6000,4045.4000,4045.6000,4046.0000,4049.0000,4049.8000,1,1,1,1,1,1,1,2,1,1
SF,IF2006,2019-12-23 09:30:34.400,4042.6000,11081,0,49738380.000,0,-,-,-,-,4043.6000,4042.8000,4042.6000,4042.2000,4040.4000,4045.0000,4045.2000,4045.4000,4045.6000,4046.0000,1,1,1,1,1,1,1,2,1,1
SF,IF2006,2019-12-23 09:30:34.900,4042.6000,11082,1,50951160.000,1,1,0,双开,S,4043.0000,4042.2000,4040.4000,4039.8000,4039.6000,4044.8000,4045.0000,4045.2000,4045.4000,4045.6000,1,1,1,1,1,1,1,1,1,1
SF,IF2006,2019-12-23 09:30:35.400,4042.6000,11082,0,50951160.000,0,-,-,-,-,4043.0000,4042.2000,4040.4000,4039.8000,4039.6000,4043.6000,4044.8000,4045.0000,4045.2000,4045.6000,1,1,1,1,1,1,1,1,2,1
SF,IF2006,2019-12-23 09:30:35.900,4043.6000,11083,1,53377320.000,2,1,1,空开,S,4042.2000,4040.4000,4039.8000,4039.6000,4038.0000,4044.8000,4045.0000,4045.2000,4045.6000,4046.0000,1,1,1,1,1,1,1,1,1,1
SF,IF2006,2019-12-23 09:30:36.400,4043.6000,11083,0,53377320.000,0,-,-,-,-,4042.4000,4042.2000,4040.4000,4039.8000,4039.6000,4043.0000,4044.8000,4045.0000,4045.2000,4045.6000,2,2,1,1,1,1,1,1,1,1
SF,IF2006,2019-12-23 09:30:36.900,4043.0000,11083,0,54590220.000,1,0,1,多换,S,4042.4000,4042.2000,4040.4000,4039.8000,4039.6000,4044.8000,4045.0000,4045.2000,4045.6000,4046.0000,2,2,1,1,1,1,1,1,1,1
SF,IF2006,2019-12-23 09:30:37.400,4043.0000,11083,0,54590220.000,0,-,-,-,-,4042.6000,4042.4000,4042.2000,4040.4000,4039.8000,4044.6000,4044.8000,4045.0000,4045.2000,4045.6000,1,1,2,1,1,1,1,1,1,1
SF,IF2006,2019-12-23 09:30:37.900,4043.0000,11083,0,54590220.000,0,-,-,-,-,4042.6000,4042.2000,4040.4000,4039.8000,4039.6000,4044.4000,4044.6000,4045.0000,4045.2000,4045.6000,1,2,1,1,1,1,1,1,1,1
SF,IF2006,2019-12-23 09:30:38.400,4043.0000,11083,0,54590220.000,0,-,-,-,-,4042.8000,4042.6000,4042.2000,4040.4000,4039.8000,4044.4000,4045.0000,4045.2000,4045.6000,4046.0000,1,1,2,1,1,1,1,1,1,1
SF,IF2006,2019-12-23 09:30:38.900,4043.0000,11083,0,54590220.000,0,-,-,-,-,4042.8000,4042.6000,4042.2000,4040.4000,4039.8000,4044.4000,4045.0000,4045.2000,4045.6000,4046.0000,1,1,2,1,1,1,1,1,1,1
SF,IF2006,2019-12-23 09:30:39.400,4043.0000,11083,0,54590220.000,0,-,-,-,-,4043.0000,4042.8000,4042.2000,4040.4000,4039.8000,4044.2000,4044.4000,4045.0000,4045.6000,4046.0000,1,1,2,1,1,1,2,1,1,1
SF,IF2006,2019-12-23 09:30:39.900,4044.0000,11083,0,57016320.000,2,1,1,多换,S,4043.0000,4042.8000,4042.4000,4042.2000,4040.4000,4044.2000,4044.4000,4045.0000,4045.6000,4046.0000,1,1,1,2,1,1,1,1,1,1
SF,IF2006,2019-12-23 09:30:40.400,4044.0000,11083,0,57016320.000,0,-,-,-,-,4043.2000,4042.4000,4042.2000,4040.4000,4039.8000,4044.2000,4044.4000,4045.0000,4045.6000,4046.0000,1,1,2,1,1,1,1,1,1,1
SF,IF2006,2019-12-23 09:30:40.900,4044.2000,11082,-1,58229580.000,1,0,1,双平,S,4042.6000,4042.4000,4042.2000,4040.4000,4039.8000,4044.4000,4045.0000,4045.6000,4046.0000,4049.0000,1,1,2,1,1,1,1,1,1,1
SF,IF2006,2019-12-23 09:30:41.400,4044.2000,11082,0,58229580.000,0,-,-,-,-,4042.8000,4042.6000,4042.4000,4042.2000,4040.4000,4044.2000,4044.4000,4045.0000,4045.6000,4046.0000,1,1,1,2,1,1,1,1,1,1
SF,IF2006,2019-12-23 09:30:43.900,4042.8000,11081,-1,59442420.000,1,0,1,双平,S,4042.6000,4042.4000,4042.2000,4040.4000,4039.8000,4042.8000,4044.2000,4044.4000,4045.0000,4045.6000,1,1,2,1,1,2,1,1,1,1
SF,IF2006,2019-12-23 09:30:44.400,4042.8000,11079,-2,61868100.000,2,0,2,双平,S,4042.6000,4042.4000,4042.2000,4040.4000,4039.8000,4044.2000,4045.0000,4045.6000,4046.0000,4049.0000,1,1,2,1,1,1,1,1,1,1
SF,IF2006,2019-12-23 09:30:44.900,4042.8000,11079,0,61868100.000,0,-,-,-,-,4042.6000,4042.4000,4042.2000,4040.4000,4039.8000,4044.0000,4044.2000,4045.0000,4045.6000,4046.0000,1,1,2,1,1,1,1,1,1,1
SF,IF2006,2019-12-23 09:30:45.400,4042.8000,11079,0,61868100.000,0,-,-,-,-,4042.6000,4042.4000,4042.2000,4040.4000,4039.8000,4043.8000,4044.0000,4045.0000,4045.6000,4046.0000,1,1,2,1,1,1,1,1,1,1
SF,IF2006,2019-12-23 09:30:45.900,4044.0000,11079,0,63081300.000,1,0,1,多换,S,4042.8000,4042.6000,4042.4000,4042.2000,4040.4000,4045.0000,4045.6000,4046.0000,4049.0000,4049.8000,2,1,1,2,1,1,1,1,1,1
SF,IF2006,2019-12-23 09:30:46.400,4044.0000,11079,0,63081300.000,0,-,-,-,-,4042.8000,4042.6000,4042.4000,4042.2000,4040.4000,4044.8000,4045.0000,4045.6000,4046.0000,4049.0000,2,1,1,2,1,1,1,1,1,1
SF,IF2006,2019-12-23 09:30:46.900,4044.0000,11079,0,63081300.000,0,-,-,-,-,4044.2000,4042.8000,4042.6000,4042.4000,4042.2000,4044.8000,4045.0000,4045.6000,4046.0000,4049.0000,1,2,1,1,2,1,1,1,1,1
SF,IF2006,2019-12-23 09:30:47.400,4044.2000,11078,-1,64294560.000,1,0,1,双平,S,4042.6000,4042.4000,4042.2000,4040.4000,4039.8000,4044.8000,4045.0000,4045.6000,4046.0000,4049.0000,1,1,2,2,1,1,1,1,1,1
SF,IF2006,2019-12-23 09:30:47.900,4044.2000,11078,0,64294560.000,0,-,-,-,-,4042.8000,4042.6000,4042.4000,4042.2000,4040.4000,4044.2000,4044.8000,4045.0000,4045.6000,4046.0000,2,1,1,2,2,1,1,1,1,1
SF,IF2006,2019-12-23 09:30:48.400,4044.2000,11078,0,64294560.000,0,-,-,-,-,4042.8000,4042.6000,4042.4000,4042.2000,4040.4000,4044.0000,4044.2000,4045.0000,4045.6000,4046.0000,1,1,1,2,2,1,1,1,1,1
SF,IF2006,2019-12-23 09:30:49.400,4044.2000,11078,0,64294560.000,0,-,-,-,-,4042.8000,4042.6000,4042.4000,4042.2000,4040.4000,4044.0000,4045.0000,4045.6000,4046.0000,4049.0000,1,1,1,2,2,1,1,1,1,1
SF,IF2006,2019-12-23 09:30:49.900,4042.8000,11078,0,65507400.000,1,0,1,多换,S,4042.6000,4042.4000,4042.2000,4040.4000,4039.8000,4044.0000,4045.0000,4045.6000,4046.0000,4049.0000,1,1,2,2,1,1,1,1,1,1
SF,IF2006,2019-12-23 09:30:51.400,4042.8000,11078,0,65507400.000,0,-,-,-,-,4042.6000,4042.4000,4042.2000,4040.4000,4039.8000,4044.0000,4045.0000,4045.6000,4046.0000,4049.0000,1,1,2,2,1,1,1,1,1,1
SF,IF2006,2019-12-23 09:30:53.900,4042.8000,11078,0,65507400.000,0,-,-,-,-,4042.6000,4042.4000,4042.2000,4040.4000,4039.8000,4044.0000,4045.0000,4045.6000,4046.0000,4049.0000,1,1,2,2,1,1,1,1,1,1
SF,IF2006,2019-12-23 09:30:54.400,4042.8000,11078,0,65507400.000,0,-,-,-,-,4042.8000,4042.6000,4042.4000,4042.2000,4040.4000,4045.0000,4045.6000,4046.0000,4049.0000,4049.8000,2,1,1,2,2,1,1,1,1,1
SF,IF2006,2019-12-23 09:30:54.900,4042.8000,11078,0,65507400.000,0,-,-,-,-,4043.0000,4042.8000,4042.6000,4042.4000,4042.2000,4044.8000,4045.0000,4045.6000,4046.0000,4049.0000,1,2,1,1,2,1,1,1,1,1
SF,IF2006,2019-12-23 09:30:55.400,4042.8000,11078,0,65507400.000,0,-,-,-,-,4043.0000,4042.8000,4042.6000,4042.4000,4042.2000,4044.8000,4045.0000,4045.6000,4046.0000,4049.0000,1,1,1,1,2,1,1,1,1,1
SF,IF2006,2019-12-23 09:30:55.900,4042.8000,11078,0,65507400.000,0,-,-,-,-,4043.0000,4042.8000,4042.6000,4042.4000,4042.2000,4044.8000,4045.0000,4045.6000,4046.0000,4049.0000,1,1,1,1,2,1,2,1,1,1
SF,IF2006,2019-12-23 09:30:56.400,4042.8000,11078,0,65507400.000,0,-,-,-,-,4042.8000,4042.6000,4042.4000,4042.2000,4040.4000,4044.6000,4044.8000,4045.0000,4045.6000,4046.0000,1,1,1,2,2,1,1,2,1,1
SF,IF2006,2019-12-23 09:30:56.900,4042.8000,11078,0,65507400.000,0,-,-,-,-,4042.8000,4042.6000,4042.4000,4042.2000,4040.4000,4044.4000,4044.6000,4045.0000,4045.6000,4046.0000,1,1,1,2,2,1,1,2,1,1
SF,IF2006,2019-12-23 09:30:57.400,4042.8000,11078,0,65507400.000,0,-,-,-,-,4043.0000,4042.8000,4042.6000,4042.4000,4042.2000,4044.4000,4045.0000,4045.6000,4046.0000,4049.0000,2,1,1,1,2,1,2,1,1,1
SF,IF2006,2019-12-23 09:30:57.900,4042.8000,11078,0,65507400.000,0,-,-,-,-,4043.0000,4042.6000,4042.4000,4042.2000,4040.4000,4044.4000,4045.0000,4045.6000,4046.0000,4049.0000,1,1,1,2,2,1,2,1,1,1
SF,IF2006,2019-12-23 09:30:58.900,4042.8000,11078,0,65507400.000,0,-,-,-,-,4042.6000,4042.4000,4042.2000,4040.4000,4039.8000,4044.4000,4045.0000,4045.6000,4046.0000,4049.0000,1,1,2,2,1,1,2,1,1,1
SF,IF2006,2019-12-23 09:30:59.400,4042.8000,11078,0,65507400.000,0,-,-,-,-,4042.6000,4042.4000,4042.2000,4040.4000,4039.8000,4044.2000,4044.4000,4045.0000,4045.6000,4046.0000,1,1,2,2,1,1,1,2,1,1
SF,IF2006,2019-12-23 09:30:59.900,4042.8000,11078,0,65507400.000,0,-,-,-,-,4042.6000,4042.4000,4042.2000,4040.4000,4040.0000,4044.0000,4044.2000,4045.0000,4045.6000,4046.0000,1,1,2,2,1,1,1,2,1,1
SF,IF2006,2019-12-23 09:31:00.400,4042.8000,11078,0,65507400.000,0,-,-,-,-,4042.6000,4042.4000,4042.2000,4040.4000,4040.0000,4044.0000,4045.0000,4045.6000,4046.0000,4049.0000,1,1,2,2,1,1,2,1,1,1
SF,IF2006,2019-12-23 09:31:01.400,4042.8000,11078,0,65507400.000,0,-,-,-,-,4042.8000,4042.6000,4042.4000,4042.2000,4040.4000,4044.0000,4045.0000,4045.6000,4046.0000,4049.0000,1,1,1,2,2,1,2,1,1,1
SF,IF2006,2019-12-23 09:31:01.900,4042.8000,11078,0,65507400.000,0,-,-,-,-,4042.8000,4042.6000,4042.4000,4042.2000,4040.4000,4044.0000,4045.0000,4045.6000,4046.0000,4049.0000,1,1,1,2,2,1,2,1,1,1
SF,IF2006,2019-12-23 09:31:02.400,4042.8000,11078,0,65507400.000,0,-,-,-,-,4042.8000,4042.6000,4042.4000,4042.2000,4040.4000,4044.0000,4045.0000,4045.6000,4046.0000,4049.0000,1,2,1,2,2,1,2,1,1,1
SF,IF2006,2019-12-23 09:31:04.900,4042.8000,11078,0,65507400.000,0,-,-,-,-,4042.6000,4042.4000,4042.2000,4040.4000,4040.0000,4044.0000,4045.0000,4045.6000,4046.0000,4049.0000,2,1,2,2,1,1,2,1,1,1
SF,IF2006,2019-12-23 09:31:05.400,4042.8000,11078,0,65507400.000,0,-,-,-,-,4042.6000,4042.4000,4042.2000,4040.4000,4040.0000,4044.0000,4045.0000,4045.6000,4046.0000,4049.0000,2,1,2,2,1,1,2,1,1,1
SF,IF2006,2019-12-23 09:31:05.900,4042.8000,11078,0,65507400.000,0,-,-,-,-,4042.6000,4042.4000,4042.2000,4040.4000,4040.0000,4044.0000,4045.0000,4045.6000,4046.0000,4049.0000,2,1,2,2,1,1,2,1,1,1
SF,IF2006,2019-12-23 09:31:06.400,4042.8000,11078,0,65507400.000,0,-,-,-,-,4042.6000,4042.4000,4042.2000,4040.4000,4040.0000,4043.8000,4044.0000,4045.0000,4045.6000,4046.0000,2,1,2,2,1,1,1,2,1,1
SF,IF2006,2019-12-23 09:31:06.900,4042.6000,11078,0,67932960.000,2,1,1,多换,S,4042.4000,4042.2000,4040.4000,4040.0000,4039.8000,4043.6000,4043.8000,4045.0000,4045.6000,4046.0000,1,2,2,1,1,1,1,2,1,1
SF,IF2006,2019-12-23 09:31:07.400,4042.6000,11078,0,67932960.000,0,-,-,-,-,4042.4000,4042.2000,4040.4000,4040.0000,4039.8000,4043.6000,4043.8000,4045.0000,4045.6000,4046.0000,1,2,2,1,1,1,1,2,1,1
SF,IF2006,2019-12-23 09:31:08.400,4042.6000,11078,0,67932960.000,0,-,-,-,-,4042.4000,4042.2000,4040.4000,4040.0000,4039.8000,4043.6000,4043.8000,4045.0000,4045.6000,4046.0000,1,2,2,1,1,1,1,2,1,1
SF,IF2006,2019-12-23 09:31:11.900,4042.6000,11078,0,67932960.000,0,-,-,-,-,4042.6000,4042.4000,4042.2000,4040.4000,4040.0000,4043.6000,4043.8000,4045.0000,4045.6000,4046.0000,2,1,2,2,1,1,1,2,1,1
SF,IF2006,2019-12-23 09:31:12.400,4042.6000,11076,-2,70358520.000,2,0,2,双平,S,4042.4000,4042.2000,4040.4000,4040.0000,4039.8000,4043.6000,4043.8000,4045.0000,4045.6000,4046.0000,1,2,2,1,1,1,1,2,1,1
SF,IF2006,2019-12-23 09:31:16.900,4042.6000,11076,0,70358520.000,0,-,-,-,-,4042.4000,4042.2000,4040.4000,4040.0000,4039.8000,4043.6000,4043.8000,4045.0000,4045.6000,4046.0000,1,1,2,1,1,1,1,2,1,1
SF,IF2006,2019-12-23 09:31:17.400,4042.4000,11076,0,71571240.000,1,0,1,多换,S,4042.2000,4040.4000,4040.0000,4039.8000,4039.6000,4043.6000,4043.8000,4045.0000,4045.6000,4046.0000,1,2,1,1,1,1,1,2,1,1
SF,IF2006,2019-12-23 09:31:21.900,4042.4000,11076,0,71571240.000,0,-,-,-,-,4042.2000,4040.4000,4040.0000,4039.8000,4039.6000,4043.6000,4043.8000,4045.0000,4045.6000,4046.0000,1,2,1,1,1,1,1,2,1,1
SF,IF2006,2019-12-23 09:31:22.400,4043.6000,11075,-1,72784320.000,1,0,1,双平,S,4042.2000,4040.4000,4040.0000,4039.8000,4039.6000,4043.8000,4045.0000,4045.6000,4046.0000,4049.0000,1,2,1,1,1,1,2,1,1,2
SF,IF2006,2019-12-23 09:31:22.900,4043.8000,11074,-1,73997460.000,1,0,1,双平,S,4042.4000,4042.2000,4040.4000,4040.0000,4039.8000,4043.4000,4045.0000,4045.6000,4046.0000,4049.0000,2,1,2,1,1,1,2,1,1,2
SF,IF2006,2019-12-23 09:31:23.400,4043.6000,11073,-1,75210540.000,1,0,1,双平,S,4042.4000,4042.2000,4040.4000,4040.0000,4039.8000,4045.0000,4045.6000,4046.0000,4049.0000,4049.8000,2,1,2,1,1,2,1,1,2,1
SF,IF2006,2019-12-23 09:31:23.900,4043.6000,11073,0,75210540.000,0,-,-,-,-,4042.4000,4042.2000,4040.4000,4040.0000,4039.8000,4044.8000,4045.0000,4045.6000,4046.0000,4049.0000,2,1,2,1,1,1,2,1,1,2
SF,IF2006,2019-12-23 09:31:24.400,4043.6000,11073,0,75210540.000,0,-,-,-,-,4042.4000,4042.2000,4040.4000,4040.0000,4039.8000,4044.8000,4045.0000,4045.6000,4046.0000,4049.0000,1,1,2,1,1,1,1,1,1,2
SF,IF2006,2019-12-23 09:31:24.900,4043.6000,11073,0,75210540.000,0,-,-,-,-,4042.6000,4042.4000,4042.2000,4040.4000,4040.0000,4044.8000,4045.0000,4045.6000,4046.0000,4049.0000,1,1,1,2,1,1,1,1,1,2
SF,IF2006,2019-12-23 09:31:25.400,4043.6000,11073,0,75210540.000,0,-,-,-,-,4042.8000,4042.6000,4042.2000,4040.4000,4040.0000,4044.8000,4045.0000,4045.6000,4046.0000,4049.0000,1,1,1,2,1,1,1,1,1,2
SF,IF2006,2019-12-23 09:31:26.400,4043.6000,11073,0,75210540.000,0,-,-,-,-,4043.0000,4042.8000,4042.6000,4042.2000,4040.4000,4044.8000,4045.0000,4045.6000,4046.0000,4049.0000,1,1,1,1,2,1,1,1,1,2
SF,IF2006,2019-12-23 09:31:26.900,4043.6000,11073,0,75210540.000,0,-,-,-,-,4043.2000,4043.0000,4042.2000,4040.4000,4040.0000,4044.8000,4045.0000,4045.6000,4046.0000,4049.0000,1,1,1,2,1,1,1,1,1,2
SF,IF2006,2019-12-23 09:31:27.400,4043.6000,11073,0,75210540.000,0,-,-,-,-,4043.4000,4042.2000,4040.4000,4040.0000,4039.8000,4044.8000,4045.0000,4045.6000,4046.0000,4049.0000,1,1,2,1,1,1,1,1,1,2
SF,IF2006,2019-12-23 09:31:27.900,4043.6000,11073,0,75210540.000,0,-,-,-,-,4043.4000,4042.2000,4040.4000,4040.0000,4039.8000,4044.8000,4045.0000,4045.6000,4046.0000,4049.0000,1,1,2,1,1,1,1,1,1,2
SF,IF2006,2019-12-23 09:31:28.400,4043.6000,11073,0,75210540.000,0,-,-,-,-,4042.2000,4040.4000,4040.0000,4039.8000,4039.6000,4044.8000,4045.0000,4045.6000,4046.0000,4049.0000,1,2,1,1,1,1,1,1,1,2
SF,IF2006,2019-12-23 09:31:28.900,4043.6000,11073,0,75210540.000,0,-,-,-,-,4042.4000,4042.2000,4040.4000,4040.0000,4039.8000,4044.8000,4045.0000,4045.6000,4046.0000,4049.0000,2,1,2,1,1,1,1,1,1,2
SF,IF2006,2019-12-23 09:31:31.400,4043.6000,11073,0,75210540.000,0,-,-,-,-,4043.0000,4042.4000,4042.2000,4040.4000,4040.0000,4044.8000,4045.0000,4045.6000,4046.0000,4049.0000,1,2,1,2,1,1,1,1,1,2
SF,IF2006,2019-12-23 09:31:31.900,4043.6000,11073,0,75210540.000,0,-,-,-,-,4043.2000,4043.0000,4042.4000,4042.2000,4040.4000,4045.0000,4045.6000,4046.0000,4049.0000,4049.8000,2,1,2,1,2,1,1,1,2,1
SF,IF2006,2019-12-23 09:31:32.400,4043.6000,11073,0,75210540.000,0,-,-,-,-,4043.2000,4043.0000,4042.4000,4042.2000,4040.4000,4045.0000,4045.6000,4046.0000,4049.0000,4049.8000,2,1,2,1,2,1,1,1,2,1
SF,IF2006,2019-12-23 09:31:32.900,4043.6000,11073,0,75210540.000,0,-,-,-,-,4043.2000,4043.0000,4042.4000,4042.2000,4040.4000,4044.8000,4045.0000,4045.6000,4046.0000,4049.0000,1,1,1,1,2,1,1,1,1,2
SF,IF2006,2019-12-23 09:31:33.400,4044.6000,11072,-1,76423920.000,1,0,1,双平,S,4042.2000,4040.4000,4040.0000,4039.8000,4039.6000,4044.6000,4044.8000,4045.0000,4045.6000,4046.0000,1,2,1,1,1,1,1,1,1,1
SF,IF2006,2019-12-23 09:31:33.900,4044.6000,11072,0,77637300.000,1,0,1,多换,S,4042.4000,4042.2000,4040.4000,4040.0000,4039.8000,4044.6000,4045.0000,4045.6000,4046.0000,4049.0000,1,1,2,1,1,1,1,1,1,2
SF,IF2006,2019-12-23 09:31:34.400,4044.6000,11072,0,77637300.000,0,-,-,-,-,4042.4000,4042.2000,4040.4000,4040.0000,4039.8000,4044.4000,4044.6000,4045.0000,4045.6000,4046.0000,1,1,2,1,1,1,1,1,1,1
SF,IF2006,2019-12-23 09:31:34.900,4044.6000,11072,0,77637300.000,0,-,-,-,-,4042.6000,4042.4000,4042.2000,4040.4000,4040.0000,4044.4000,4045.0000,4045.6000,4046.0000,4049.0000,1,2,1,2,1,1,1,1,1,2
SF,IF2006,2019-12-23 09:31:35.400,4042.8000,11071,-1,78850140.000,1,0,1,双平,S,4042.6000,4042.4000,4042.2000,4040.4000,4040.0000,4044.4000,4045.0000,4045.6000,4046.0000,4049.0000,1,1,1,2,1,1,1,1,1,2
SF,IF2006,2019-12-23 09:31:35.900,4042.8000,11071,0,78850140.000,0,-,-,-,-,4042.8000,4042.6000,4042.4000,4042.2000,4040.4000,4044.4000,4045.0000,4045.6000,4046.0000,4049.0000,1,1,1,1,2,1,1,1,1,2
SF,IF2006,2019-12-23 09:31:36.400,4042.8000,11071,0,78850140.000,0,-,-,-,-,4043.0000,4042.8000,4042.6000,4042.4000,4042.2000,4044.4000,4045.0000,4045.6000,4046.0000,4049.0000,1,1,1,1,1,1,1,1,1,2
SF,IF2006,2019-12-23 09:31:36.900,4042.8000,11071,0,78850140.000,0,-,-,-,-,4043.2000,4043.0000,4042.6000,4042.4000,4042.2000,4044.4000,4045.0000,4045.6000,4046.0000,4049.0000,1,1,1,1,1,1,1,1,1,2
SF,IF2006,2019-12-23 09:31:37.400,4042.8000,11071,0,78850140.000,0,-,-,-,-,4043.4000,4043.2000,4043.0000,4042.6000,4042.4000,4045.0000,4045.6000,4046.0000,4049.0000,4049.8000,1,1,1,1,1,1,1,1,2,1
SF,IF2006,2019-12-23 09:31:37.900,4042.8000,11071,0,78850140.000,0,-,-,-,-,4043.6000,4043.4000,4043.0000,4042.6000,4042.4000,4045.0000,4045.6000,4046.0000,4049.0000,4049.8000,2,1,1,1,1,1,1,1,2,1
SF,IF2006,2019-12-23 09:31:38.400,4042.8000,11071,0,78850140.000,0,-,-,-,-,4043.6000,4043.0000,4042.6000,4042.4000,4042.2000,4044.8000,4045.0000,4045.6000,4046.0000,4049.0000,2,1,1,1,1,1,1,1,1,2
SF,IF2006,2019-12-23 09:31:38.900,4042.8000,11071,0,78850140.000,0,-,-,-,-,4043.6000,4043.0000,4042.4000,4042.2000,4040.4000,4044.8000,4045.0000,4045.6000,4046.0000,4049.0000,1,1,1,1,2,1,1,1,1,2
SF,IF2006,2019-12-23 09:31:39.400,4042.8000,11071,0,78850140.000,0,-,-,-,-,4043.6000,4042.4000,4042.2000,4040.4000,4040.0000,4044.8000,4045.0000,4045.6000,4046.0000,4049.0000,1,1,1,2,1,1,1,1,1,2
SF,IF2006,2019-12-23 09:31:39.900,4042.8000,11071,0,78850140.000,0,-,-,-,-,4042.4000,4042.2000,4040.4000,4040.0000,4039.8000,4044.8000,4045.0000,4046.0000,4049.0000,4049.8000,1,1,2,1,1,1,1,1,2,1
SF,IF2006,2019-12-23 09:31:40.400,4042.8000,11071,0,78850140.000,0,-,-,-,-,4042.6000,4042.4000,4042.2000,4040.4000,4040.0000,4044.8000,4045.0000,4046.0000,4049.0000,4049.8000,2,1,1,2,1,1,1,1,2,1
SF,IF2006,2019-12-23 09:31:40.900,4042.8000,11071,0,78850140.000,0,-,-,-,-,4042.6000,4042.4000,4042.2000,4040.4000,4040.0000,4044.8000,4045.0000,4046.0000,4049.0000,4049.8000,2,1,1,2,1,1,1,1,2,1
SF,IF2006,2019-12-23 09:31:41.400,4042.8000,11071,0,78850140.000,0,-,-,-,-,4042.6000,4042.4000,4042.2000,4040.4000,4040.0000,4044.8000,4045.0000,4046.0000,4049.0000,4049.8000,1,1,1,2,1,1,1,1,2,1
SF,IF2006,2019-12-23 09:31:41.900,4042.8000,11071,0,78850140.000,0,-,-,-,-,4043.0000,4042.8000,4042.6000,4042.4000,4042.2000,4044.8000,4045.0000,4046.0000,4049.0000,4049.8000,1,1,1,1,1,1,1,1,2,1
SF,IF2006,2019-12-23 09:31:42.400,4042.8000,11071,0,78850140.000,0,-,-,-,-,4043.2000,4043.0000,4042.8000,4042.4000,4042.2000,4044.8000,4045.0000,4046.0000,4049.0000,4049.8000,1,1,1,1,1,1,1,1,2,1
SF,IF2006,2019-12-23 09:31:42.900,4042.8000,11071,0,78850140.000,0,-,-,-,-,4043.4000,4043.2000,4043.0000,4042.8000,4042.4000,4045.0000,4046.0000,4049.0000,4049.8000,4050.0000,1,1,1,1,1,1,1,2,1,5
SF,IF2006,2019-12-23 09:31:43.400,4042.8000,11071,0,78850140.000,0,-,-,-,-,4043.6000,4043.4000,4042.8000,4042.4000,4042.2000,4045.0000,4046.0000,4049.0000,4049.8000,4050.0000,1,1,1,1,1,1,1,2,1,5
SF,IF2006,2019-12-23 09:31:43.900,4042.8000,11071,0,78850140.000,0,-,-,-,-,4043.8000,4043.6000,4043.4000,4042.8000,4042.4000,4045.0000,4046.0000,4049.0000,4049.8000,4050.0000,1,1,1,1,1,1,1,2,1,5
SF,IF2006,2019-12-23 09:31:44.400,4042.8000,11071,0,78850140.000,0,-,-,-,-,4044.0000,4043.8000,4043.4000,4042.8000,4042.4000,4045.0000,4046.0000,4049.0000,4049.8000,4050.0000,1,1,1,1,1,1,1,2,1,5
SF,IF2006,2019-12-23 09:31:44.900,4042.8000,11071,0,78850140.000,0,-,-,-,-,4044.2000,4044.0000,4043.4000,4042.8000,4042.4000,4045.0000,4046.0000,4049.0000,4049.8000,4050.0000,1,1,1,1,1,1,1,2,1,5
SF,IF2006,2019-12-23 09:31:46.400,4045.0000,11070,-1,80063640.000,1,0,1,双平,S,4044.2000,4044.0000,4043.4000,4042.8000,4042.4000,4046.0000,4049.0000,4049.8000,4050.0000,4053.8000,1,1,1,1,1,1,2,1,5,1
SF,IF2006,2019-12-23 09:31:46.900,4045.0000,11070,0,80063640.000,0,-,-,-,-,4044.4000,4044.2000,4043.4000,4042.8000,4042.4000,4045.8000,4046.0000,4049.0000,4049.8000,4050.0000,2,1,1,1,1,1,2,2,1,5
SF,IF2006,2019-12-23 09:31:47.400,4045.0000,11070,0,80063640.000,0,-,-,-,-,4044.4000,4043.4000,4042.4000,4042.2000,4041.6000,4045.8000,4046.0000,4049.0000,4049.8000,4050.0000,1,1,1,1,1,1,1,2,1,5
SF,IF2006,2019-12-23 09:31:47.900,4045.0000,11070,0,80063640.000,0,-,-,-,-,4044.4000,4042.4000,4042.2000,4041.6000,4040.4000,4045.8000,4046.0000,4049.0000,4049.8000,4050.0000,1,1,1,1,2,1,1,2,1,5
SF,IF2006,2019-12-23 09:31:49.400,4045.0000,11070,0,80063640.000,0,-,-,-,-,4044.4000,4042.4000,4042.2000,4041.6000,4040.4000,4045.8000,4046.0000,4049.0000,4049.8000,4050.0000,1,1,1,1,2,1,1,2,1,5
SF,IF2006,2019-12-23 09:31:49.900,4045.0000,11070,0,80063640.000,0,-,-,-,-,4044.6000,4044.4000,4042.4000,4042.2000,4041.6000,4046.0000,4049.0000,4049.8000,4053.8000,4055.0000,1,1,1,1,1,1,2,1,1,5
SF,IF2006,2019-12-23 09:31:50.400,4045.0000,11070,0,80063640.000,0,-,-,-,-,4044.6000,4044.4000,4042.4000,4042.2000,4041.6000,4046.0000,4049.0000,4049.8000,4053.8000,4055.0000,2,1,1,1,1,1,2,1,1,5
SF,IF2006,2019-12-23 09:31:50.900,4045.0000,11070,0,80063640.000,0,-,-,-,-,4044.6000,4044.4000,4042.4000,4042.2000,4041.6000,4046.0000,4049.0000,4049.8000,4053.8000,4055.0000,2,1,1,1,1,1,2,1,1,5
SF,IF2006,2019-12-23 09:31:51.400,4046.0000,11070,0,81277440.000,1,0,1,多换,S,4044.6000,4044.4000,4042.4000,4042.2000,4041.6000,4049.0000,4049.8000,4053.8000,4055.0000,4055.8000,1,1,1,1,1,2,1,1,5,1
SF,IF2006,2019-12-23 09:31:51.900,4046.0000,11070,0,81277440.000,0,-,-,-,-,4044.8000,4044.6000,4044.4000,4042.4000,4042.2000,4048.2000,4048.8000,4049.0000,4049.8000,4053.8000,1,2,1,1,1,1,2,3,1,1
SF,IF2006,2019-12-23 09:31:52.400,4046.0000,11070,0,81277440.000,0,-,-,-,-,4045.0000,4044.8000,4044.6000,4042.4000,4042.2000,4048.0000,4048.2000,4048.8000,4049.0000,4049.8000,1,1,1,1,1,2,1,1,3,1
SF,IF2006,2019-12-23 09:31:52.900,4046.0000,11070,0,81277440.000,0,-,-,-,-,4045.0000,4044.8000,4044.6000,4042.4000,4042.2000,4047.8000,4048.0000,4048.2000,4048.8000,4049.0000,1,1,1,1,1,1,1,1,1,3
SF,IF2006,2019-12-23 09:31:53.400,4046.0000,11070,0,81277440.000,0,-,-,-,-,4045.2000,4045.0000,4044.8000,4044.6000,4042.4000,4047.6000,4047.8000,4048.2000,4048.8000,4049.0000,1,1,1,1,1,1,2,1,1,2
SF,IF2006,2019-12-23 09:31:53.900,4046.0000,11070,0,81277440.000,0,-,-,-,-,4045.4000,4045.2000,4044.8000,4044.6000,4042.4000,4047.6000,4047.8000,4048.2000,4048.8000,4049.0000,1,1,1,1,1,1,2,1,1,2
SF,IF2006,2019-12-23 09:31:54.400,4046.0000,11070,0,81277440.000,0,-,-,-,-,4045.6000,4045.4000,4045.2000,4044.8000,4044.6000,4047.6000,4047.8000,4048.2000,4048.8000,4049.0000,1,1,1,1,1,1,1,1,1,2
SF,IF2006,2019-12-23 09:31:54.900,4046.0000,11070,0,81277440.000,0,-,-,-,-,4045.8000,4045.6000,4044.8000,4044.6000,4042.4000,4047.0000,4047.6000,4047.8000,4048.2000,4048.8000,1,1,1,1,1,1,1,1,1,1
SF,IF2006,2019-12-23 09:31:55.400,4046.0000,11070,0,81277440.000,0,-,-,-,-,4045.8000,4045.6000,4044.8000,4044.6000,4042.4000,4047.0000,4047.8000,4049.0000,4049.8000,4053.8000,1,1,1,1,1,1,1,2,1,1
SF,IF2006,2019-12-23 09:31:55.900,4046.0000,11070,0,81277440.000,0,-,-,-,-,4045.8000,4045.6000,4044.8000,4044.6000,4042.4000,4047.0000,4049.0000,4049.8000,4053.8000,4055.0000,1,1,1,1,1,1,2,1,1,5
SF,IF2006,2019-12-23 09:31:56.900,4047.0000,11069,-1,82491540.000,1,0,1,双平,S,4045.8000,4045.6000,4044.8000,4044.6000,4042.4000,4049.0000,4049.8000,4053.8000,4055.0000,4055.8000,1,1,1,1,1,2,1,1,5,1
SF,IF2006,2019-12-23 09:31:57.400,4047.0000,11069,0,82491540.000,0,-,-,-,-,4045.8000,4045.6000,4044.8000,4044.6000,4042.4000,4048.8000,4049.0000,4049.8000,4053.8000,4055.0000,1,1,1,1,1,2,3,1,1,5
SF,IF2006,2019-12-23 09:31:57.900,4047.0000,11069,0,82491540.000,0,-,-,-,-,4047.0000,4045.8000,4045.6000,4044.8000,4044.6000,4048.8000,4049.0000,4049.8000,4053.8000,4055.0000,1,1,1,1,1,2,3,1,1,5
SF,IF2006,2019-12-23 09:31:58.400,4047.0000,11069,0,83705640.000,1,0,1,多换,S,4045.8000,4045.6000,4044.6000,4042.4000,4042.2000,4048.8000,4049.0000,4049.8000,4053.8000,4055.0000,1,1,1,1,1,2,3,1,1,5
SF,IF2006,2019-12-23 09:31:58.900,4047.0000,11069,0,83705640.000,0,-,-,-,-,4045.8000,4044.6000,4042.4000,4042.2000,4041.6000,4047.0000,4048.8000,4049.0000,4049.8000,4053.8000,1,1,1,1,1,1,2,3,1,1
SF,IF2006,2019-12-23 09:31:59.400,4047.0000,11069,0,83705640.000,0,-,-,-,-,4044.6000,4042.4000,4042.2000,4041.6000,4040.4000,4046.8000,4047.0000,4049.0000,4049.8000,4053.8000,1,1,1,1,6,1,1,3,1,1
SF,IF2006,2019-12-23 09:31:59.900,4047.0000,11069,0,83705640.000,0,-,-,-,-,4045.8000,4044.8000,4044.6000,4042.4000,4042.2000,4046.6000,4046.8000,4049.0000,4049.8000,4053.8000,1,1,1,1,1,1,1,3,1,1
SF,IF2006,2019-12-23 09:32:00.400,4047.0000,11069,0,83705640.000,0,-,-,-,-,4045.8000,4044.8000,4044.6000,4042.4000,4042.2000,4046.6000,4049.0000,4049.8000,4053.8000,4055.0000,1,1,1,1,1,1,3,1,1,5
SF,IF2006,2019-12-23 09:32:00.900,4047.0000,11069,0,83705640.000,0,-,-,-,-,4046.0000,4045.8000,4044.6000,4042.4000,4042.2000,4046.6000,4049.0000,4049.8000,4053.8000,4055.0000,1,1,1,1,1,1,3,1,1,5
SF,IF2006,2019-12-23 09:32:01.400,4047.0000,11069,0,83705640.000,0,-,-,-,-,4046.0000,4045.8000,4044.6000,4042.4000,4042.2000,4046.6000,4048.4000,4049.0000,4049.8000,4053.8000,1,1,1,1,1,1,1,3,1,1
SF,IF2006,2019-12-23 09:32:01.900,4047.0000,11069,0,83705640.000,0,-,-,-,-,4045.8000,4044.6000,4042.4000,4042.2000,4041.6000,4046.6000,4048.4000,4049.0000,4049.8000,4053.8000,1,1,1,1,1,1,1,3,1,1
SF,IF2006,2019-12-23 09:32:02.400,4045.8000,11069,0,84919380.000,1,0,1,多换,S,4044.6000,4042.4000,4042.2000,4041.6000,4040.4000,4045.6000,4046.4000,4046.6000,4048.4000,4049.0000,1,1,1,1,6,1,1,1,1,3
SF,IF2006,2019-12-23 09:32:03.900,4045.8000,11069,0,84919380.000,0,-,-,-,-,4044.6000,4042.4000,4042.2000,4041.6000,4040.4000,4045.6000,4046.4000,4046.6000,4048.4000,4049.0000,1,1,1,1,1,1,1,1,1,3
SF,IF2006,2019-12-23 09:32:04.400,4045.8000,11069,0,84919380.000,0,-,-,-,-,4044.8000,4044.6000,4042.4000,4042.2000,4041.6000,4045.6000,4046.4000,4046.6000,4046.8000,4048.4000,1,1,1,1,1,1,1,1,1,1
SF,IF2006,2019-12-23 09:32:04.900,4045.6000,11069,0,86133060.000,1,0,1,多换,S,4044.8000,4044.6000,4042.4000,4042.2000,4041.6000,4046.8000,4048.4000,4049.0000,4049.8000,4053.8000,1,1,1,1,1,1,1,3,1,1
SF,IF2006,2019-12-23 09:32:05.400,4045.6000,11069,0,86133060.000,0,-,-,-,-,4045.0000,4044.8000,4044.6000,4042.4000,4042.2000,4046.8000,4048.4000,4049.0000,4049.8000,4053.8000,1,1,1,1,1,1,1,3,1,1
SF,IF2006,2019-12-23 09:32:05.900,4045.6000,11069,0,86133060.000,0,-,-,-,-,4045.2000,4045.0000,4044.6000,4042.4000,4042.2000,4046.8000,4048.4000,4049.0000,4049.8000,4053.8000,1,1,1,1,1,1,1,3,1,1
SF,IF2006,2019-12-23 09:32:06.400,4045.6000,11069,0,86133060.000,0,-,-,-,-,4045.4000,4045.2000,4045.0000,4044.6000,4042.4000,4046.8000,4048.4000,4049.0000,4049.8000,4053.8000,1,1,1,1,1,1,1,3,1,1
SF,IF2006,2019-12-23 09:32:06.900,4045.6000,11069,0,86133060.000,0,-,-,-,-,4045.6000,4045.4000,4044.6000,4042.4000,4042.2000,4046.8000,4047.0000,4048.4000,4049.0000,4049.8000,1,1,1,1,1,1,1,1,3,1
SF,IF2006,2019-12-23 09:32:07.400,4045.6000,11069,0,86133060.000,0,-,-,-,-,4044.6000,4042.4000,4042.2000,4041.6000,4040.4000,4046.6000,4046.8000,4047.0000,4048.4000,4049.0000,1,1,1,1,1,1,1,1,1,3
SF,IF2006,2019-12-23 09:32:07.900,4045.6000,11069,0,86133060.000,0,-,-,-,-,4044.8000,4044.6000,4042.4000,4042.2000,4041.6000,4046.4000,4046.6000,4046.8000,4047.0000,4048.4000,1,1,1,1,1,1,1,1,1,1
SF,IF2006,2019-12-23 09:32:08.400,4045.6000,11069,0,86133060.000,0,-,-,-,-,4044.8000,4044.6000,4042.4000,4042.2000,4041.6000,4046.2000,4046.4000,4046.8000,4047.0000,4048.4000,1,1,1,1,1,1,1,1,1,1
SF,IF2006,2019-12-23 09:32:08.900,4045.6000,11069,0,86133060.000,0,-,-,-,-,4045.0000,4044.8000,4044.6000,4042.4000,4042.2000,4046.2000,4046.8000,4047.0000,4048.4000,4049.0000,1,1,1,1,1,1,1,1,1,3
SF,IF2006,2019-12-23 09:32:09.400,4045.6000,11069,0,86133060.000,0,-,-,-,-,4045.0000,4044.8000,4044.6000,4042.4000,4042.2000,4046.2000,4046.8000,4047.0000,4048.4000,4049.0000,1,1,1,1,1,1,1,1,1,3
SF,IF2006,2019-12-23 09:32:09.900,4045.6000,11069,0,86133060.000,0,-,-,-,-,4045.2000,4045.0000,4044.6000,4042.4000,4042.2000,4046.8000,4047.0000,4048.4000,4049.0000,4049.8000,1,1,1,1,1,1,1,1,3,1
SF,IF2006,2019-12-23 09:32:10.400,4045.6000,11069,0,86133060.000,0,-,-,-,-,4045.4000,4045.2000,4045.0000,4044.6000,4042.4000,4046.6000,4046.8000,4047.0000,4048.4000,4049.0000,1,1,1,1,1,1,1,1,1,3
SF,IF2006,2019-12-23 09:32:11.400,4045.6000,11069,0,86133060.000,0,-,-,-,-,4045.4000,4045.2000,4042.4000,4042.2000,4041.6000,4046.6000,4046.8000,4047.0000,4048.4000,4049.0000,1,1,1,1,1,1,1,1,1,3
SF,IF2006,2019-12-23 09:32:11.900,4045.6000,11069,0,86133060.000,0,-,-,-,-,4045.2000,4042.4000,4042.2000,4041.6000,4040.4000,4046.6000,4046.8000,4047.0000,4048.4000,4049.0000,1,1,1,1,1,1,1,1,1,3
SF,IF2006,2019-12-23 09:32:12.400,4045.6000,11069,0,86133060.000,0,-,-,-,-,4045.4000,4045.2000,4042.4000,4042.2000,4041.6000,4046.6000,4046.8000,4047.0000,4048.4000,4049.0000,1,1,1,1,1,1,1,1,1,3
SF,IF2006,2019-12-23 09:32:13.400,4045.6000,11069,0,86133060.000,0,-,-,-,-,4045.4000,4045.2000,4042.4000,4042.2000,4041.6000,4046.6000,4046.8000,4047.0000,4048.4000,4049.0000,1,1,1,1,1,1,1,1,1,3
SF,IF2006,2019-12-23 09:32:13.900,4045.6000,11069,0,86133060.000,0,-,-,-,-,4045.2000,4042.4000,4042.2000,4041.6000,4041.0000,4046.6000,4046.8000,4047.0000,4048.4000,4049.0000,1,1,1,1,1,1,1,1,1,3
SF,IF2006,2019-12-23 09:32:14.400,4045.6000,11069,0,86133060.000,0,-,-,-,-,4045.4000,4045.2000,4042.4000,4042.2000,4041.6000,4046.6000,4046.8000,4047.0000,4048.4000,4049.0000,1,1,1,1,1,1,1,1,1,3
SF,IF2006,2019-12-23 09:32:14.900,4045.6000,11069,0,86133060.000,0,-,-,-,-,4045.6000,4045.4000,4042.4000,4042.2000,4041.6000,4046.8000,4047.0000,4048.4000,4049.0000,4049.8000,1,1,1,1,1,1,1,1,3,1
SF,IF2006,2019-12-23 09:32:15.900,4045.6000,11069,0,86133060.000,0,-,-,-,-,4045.6000,4042.4000,4042.2000,4041.6000,4041.0000,4046.8000,4047.0000,4048.4000,4049.0000,4049.8000,1,1,1,1,1,1,1,1,3,1
SF,IF2006,2019-12-23 09:32:16.400,4045.6000,11069,0,86133060.000,0,-,-,-,-,4045.8000,4045.6000,4043.6000,4042.4000,4042.2000,4046.8000,4047.0000,4048.4000,4049.0000,4049.8000,1,1,1,1,1,1,1,1,3,1
SF,IF2006,2019-12-23 09:32:17.400,4045.6000,11069,0,86133060.000,0,-,-,-,-,4045.8000,4045.6000,4044.6000,4043.6000,4042.4000,4046.8000,4047.0000,4048.4000,4049.0000,4049.8000,1,1,1,1,1,1,1,1,3,1
SF,IF2006,2019-12-23 09:32:17.900,4045.6000,11069,0,86133060.000,0,-,-,-,-,4045.8000,4045.6000,4044.6000,4043.6000,4042.4000,4046.8000,4047.0000,4047.8000,4048.4000,4049.0000,1,1,1,1,1,1,1,1,1,3
SF,IF2006,2019-12-23 09:32:18.400,4045.6000,11069,0,86133060.000,0,-,-,-,-,4046.0000,4045.8000,4044.6000,4043.6000,4042.4000,4046.8000,4047.0000,4047.8000,4048.4000,4049.0000,1,1,1,1,1,1,1,1,1,3
SF,IF2006,2019-12-23 09:32:18.900,4046.8000,11068,-1,87347100.000,1,0,1,双平,S,4046.0000,4045.8000,4044.6000,4043.6000,4042.4000,4047.0000,4047.8000,4048.4000,4049.0000,4049.8000,1,1,1,1,1,1,1,1,3,1
SF,IF2006,2019-12-23 09:32:19.400,4046.8000,11068,0,87347100.000,0,-,-,-,-,4046.0000,4045.8000,4044.6000,4043.6000,4042.2000,4047.0000,4047.8000,4048.4000,4049.0000,4049.8000,1,1,1,1,1,1,1,1,3,1
SF,IF2006,2019-12-23 09:32:19.900,4047.0000,11068,0,88561200.000,1,0,1,多换,S,4046.0000,4045.8000,4044.6000,4043.6000,4042.2000,4047.8000,4048.4000,4049.0000,4049.8000,4053.8000,1,1,1,1,1,1,1,3,1,1
SF,IF2006,2019-12-23 09:32:20.400,4047.0000,11068,0,88561200.000,0,-,-,-,-,4046.0000,4044.6000,4043.6000,4042.2000,4041.6000,4047.6000,4047.8000,4048.4000,4049.0000,4049.8000,1,1,1,1,1,2,1,1,3,1
SF,IF2006,2019-12-23 09:32:20.900,4047.0000,11068,0,88561200.000,0,-,-,-,-,4044.6000,4043.6000,4042.2000,4041.6000,4041.0000,4047.6000,4047.8000,4048.4000,4049.0000,4049.8000,1,1,1,1,1,2,1,1,3,1
SF,IF2006,2019-12-23 09:32:21.400,4047.0000,11068,0,88561200.000,0,-,-,-,-,4044.8000,4044.6000,4043.6000,4042.2000,4041.6000,4047.6000,4047.8000,4048.4000,4049.0000,4049.8000,2,2,1,1,1,1,1,1,3,1
SF,IF2006,2019-12-23 09:32:21.900,4047.0000,11068,0,88561200.000,0,-,-,-,-,4044.8000,4044.6000,4043.6000,4042.2000,4041.6000,4047.6000,4047.8000,4048.4000,4049.0000,4049.8000,3,2,1,1,1,1,1,1,3,1
SF,IF2006,2019-12-23 09:32:22.400,4047.0000,11068,0,88561200.000,0,-,-,-,-,4044.8000,4044.6000,4043.6000,4042.2000,4041.6000,4047.6000,4047.8000,4048.4000,4049.0000,4049.8000,2,2,1,1,1,1,1,1,3,1
SF,IF2006,2019-12-23 09:32:22.900,4047.0000,11068,0,88561200.000,0,-,-,-,-,4044.8000,4044.6000,4043.6000,4042.2000,4041.6000,4047.6000,4047.8000,4048.4000,4049.0000,4049.8000,1,2,1,1,1,1,1,1,3,1
SF,IF2006,2019-12-23 09:32:23.400,4047.0000,11068,0,88561200.000,0,-,-,-,-,4045.0000,4044.8000,4044.6000,4043.6000,4042.2000,4047.6000,4048.4000,4049.0000,4049.8000,4053.8000,1,1,2,1,1,1,1,3,1,1
SF,IF2006,2019-12-23 09:32:23.900,4047.0000,11068,0,88561200.000,0,-,-,-,-,4045.2000,4045.0000,4044.6000,4043.6000,4042.2000,4047.6000,4048.4000,4049.0000,4049.8000,4053.8000,1,1,2,1,1,1,1,4,1,1
SF,IF2006,2019-12-23 09:32:24.400,4047.0000,11068,0,88561200.000,0,-,-,-,-,4045.4000,4045.2000,4045.0000,4044.6000,4043.6000,4047.6000,4048.0000,4048.4000,4049.0000,4049.8000,1,1,1,2,1,1,1,1,4,1
SF,IF2006,2019-12-23 09:32:24.900,4047.0000,11068,0,88561200.000,0,-,-,-,-,4045.6000,4045.4000,4045.0000,4044.6000,4044.4000,4047.6000,4048.0000,4048.4000,4049.0000,4049.8000,1,1,1,2,1,1,1,1,4,1
SF,IF2006,2019-12-23 09:32:25.400,4047.0000,11068,0,88561200.000,0,-,-,-,-,4045.6000,4045.4000,4045.0000,4044.6000,4044.4000,4048.0000,4048.4000,4049.0000,4049.8000,4050.4000,1,1,1,2,1,1,1,4,1,1
SF,IF2006,2019-12-23 09:32:25.900,4047.0000,11068,0,88561200.000,0,-,-,-,-,4045.8000,4045.6000,4045.4000,4045.0000,4044.6000,4047.8000,4048.0000,4048.4000,4049.0000,4049.8000,1,1,1,1,1,1,1,1,3,1
SF,IF2006,2019-12-23 09:32:26.400,4047.0000,11068,0,88561200.000,0,-,-,-,-,4046.0000,4045.8000,4045.6000,4045.4000,4045.0000,4048.0000,4048.4000,4049.0000,4049.8000,4050.4000,1,1,1,1,1,1,1,3,1,1
SF,IF2006,2019-12-23 09:32:26.900,4047.0000,11068,0,88561200.000,0,-,-,-,-,4046.2000,4046.0000,4045.8000,4045.6000,4045.4000,4047.8000,4048.0000,4048.2000,4048.4000,4049.0000,1,1,1,1,1,1,1,1,1,3
SF,IF2006,2019-12-23 09:32:27.400,4047.0000,11068,0,88561200.000,0,-,-,-,-,4046.4000,4046.2000,4045.8000,4045.6000,4045.4000,4047.8000,4048.0000,4048.2000,4048.4000,4049.0000,1,1,1,1,1,1,1,1,1,3
SF,IF2006,2019-12-23 09:32:27.900,4047.0000,11068,0,88561200.000,0,-,-,-,-,4046.6000,4046.4000,4046.2000,4045.8000,4045.6000,4047.8000,4048.0000,4048.2000,4048.4000,4049.0000,1,1,1,1,1,2,1,1,1,3
SF,IF2006,2019-12-23 09:32:28.400,4047.0000,11068,0,88561200.000,0,-,-,-,-,4046.6000,4046.4000,4046.2000,4045.8000,4045.6000,4047.6000,4047.8000,4048.0000,4048.2000,4048.4000,1,1,1,1,1,1,2,1,1,1
SF,IF2006,2019-12-23 09:32:28.900,4047.0000,11068,0,88561200.000,0,-,-,-,-,4046.6000,4046.4000,4046.2000,4045.8000,4045.6000,4047.8000,4048.0000,4048.2000,4048.4000,4049.0000,1,1,1,1,1,2,1,1,1,3
SF,IF2006,2019-12-23 09:32:29.400,4047.0000,11068,0,88561200.000,0,-,-,-,-,4046.6000,4046.2000,4045.8000,4045.6000,4045.4000,4047.6000,4047.8000,4048.0000,4048.2000,4048.4000,1,1,1,1,1,1,2,1,1,1
SF,IF2006,2019-12-23 09:32:29.900,4046.6000,11068,0,89775180.000,1,0,1,多换,S,4046.2000,4045.8000,4045.6000,4044.6000,4044.4000,4047.6000,4047.8000,4048.0000,4048.2000,4048.4000,1,1,1,1,1,1,2,1,1,1
SF,IF2006,2019-12-23 09:32:30.400,4046.6000,11068,0,89775180.000,0,-,-,-,-,4046.2000,4045.6000,4044.6000,4044.4000,4043.6000,4047.6000,4047.8000,4048.0000,4048.2000,4048.4000,1,1,1,1,1,1,2,1,1,1
SF,IF2006,2019-12-23 09:32:30.900,4046.6000,11068,0,89775180.000,0,-,-,-,-,4045.6000,4044.6000,4044.4000,4043.6000,4043.0000,4047.6000,4047.8000,4048.0000,4048.2000,4048.4000,1,1,1,1,1,1,2,1,1,1
SF,IF2006,2019-12-23 09:32:31.400,4046.6000,11068,0,89775180.000,0,-,-,-,-,4045.8000,4045.6000,4044.6000,4044.4000,4043.6000,4046.6000,4047.4000,4047.6000,4047.8000,4048.0000,1,1,1,1,1,1,1,1,2,1
SF,IF2006,2019-12-23 09:32:31.900,4046.6000,11068,0,90989160.000,1,0,1,多换,S,4046.8000,4045.8000,4045.6000,4044.6000,4044.4000,4047.4000,4047.6000,4047.8000,4048.0000,4048.2000,1,1,1,1,1,1,1,2,1,1
SF,IF2006,2019-12-23 09:32:32.400,4046.8000,11067,-1,92203200.000,1,0,1,双平,S,4046.6000,4045.8000,4045.6000,4044.6000,4044.4000,4047.2000,4047.4000,4047.8000,4048.0000,4048.2000,1,1,1,1,1,1,1,2,1,1
SF,IF2006,2019-12-23 09:32:32.900,4046.6000,11067,0,93417180.000,1,0,1,多换,S,4045.8000,4045.6000,4044.6000,4044.4000,4043.6000,4047.8000,4048.0000,4048.2000,4048.4000,4049.0000,1,1,1,1,1,2,1,1,1,2
SF,IF2006,2019-12-23 09:32:33.400,4046.6000,11067,0,93417180.000,0,-,-,-,-,4046.0000,4044.6000,4044.4000,4043.6000,4043.0000,4047.6000,4047.8000,4048.0000,4048.2000,4048.4000,1,1,1,1,1,1,2,1,1,1
SF,IF2006,2019-12-23 09:32:33.900,4046.6000,11067,0,93417180.000,0,-,-,-,-,4046.0000,4044.6000,4044.4000,4043.6000,4043.0000,4047.6000,4047.8000,4048.0000,4048.2000,4048.4000,1,1,1,1,1,1,2,1,1,1
SF,IF2006,2019-12-23 09:32:34.400,4046.6000,11067,0,93417180.000,0,-,-,-,-,4046.0000,4044.6000,4044.4000,4043.6000,4043.0000,4047.6000,4047.8000,4048.0000,4048.2000,4048.4000,1,2,1,1,1,1,2,1,1,1
SF,IF2006,2019-12-23 09:32:34.900,4046.6000,11067,0,93417180.000,0,-,-,-,-,4044.6000,4044.4000,4043.6000,4043.0000,4042.2000,4047.4000,4047.6000,4047.8000,4048.0000,4048.2000,2,1,1,1,1,1,1,2,1,1
SF,IF2006,2019-12-23 09:32:35.400,4046.6000,11067,0,93417180.000,0,-,-,-,-,4044.8000,4044.4000,4043.6000,4043.0000,4042.2000,4047.2000,4047.4000,4047.8000,4048.0000,4048.2000,1,1,1,1,1,1,1,2,1,2
SF,IF2006,2019-12-23 09:32:35.900,4046.6000,11067,0,93417180.000,0,-,-,-,-,4044.8000,4044.6000,4044.4000,4044.2000,4043.6000,4047.2000,4047.4000,4047.8000,4048.0000,4048.2000,1,1,1,1,1,1,1,2,1,2
SF,IF2006,2019-12-23 09:32:36.400,4046.6000,11067,0,93417180.000,0,-,-,-,-,4044.8000,4044.4000,4043.6000,4043.0000,4042.2000,4047.0000,4047.2000,4047.4000,4047.8000,4048.0000,1,2,1,1,1,1,1,1,2,1
SF,IF2006,2019-12-23 09:32:36.900,4046.6000,11067,0,93417180.000,0,-,-,-,-,4044.8000,4044.4000,4043.6000,4043.0000,4042.2000,4046.8000,4047.0000,4047.4000,4047.8000,4048.0000,1,2,1,1,1,1,1,1,2,1
SF,IF2006,2019-12-23 09:32:37.400,4046.6000,11067,0,93417180.000,0,-,-,-,-,4045.0000,4044.8000,4044.6000,4044.4000,4043.6000,4046.8000,4047.0000,4047.8000,4048.0000,4048.2000,1,1,1,1,1,1,1,2,1,2
SF,IF2006,2019-12-23 09:32:37.900,4046.6000,11067,0,93417180.000,0,-,-,-,-,4045.0000,4044.6000,4044.4000,4043.6000,4043.4000,4046.8000,4047.0000,4047.8000,4048.0000,4048.2000,1,1,1,1,1,1,1,2,1,1
SF,IF2006,2019-12-23 09:32:38.400,4046.6000,11067,0,93417180.000,0,-,-,-,-,4045.0000,4044.6000,4044.4000,4043.6000,4043.4000,4046.8000,4047.6000,4047.8000,4048.0000,4048.2000,1,1,1,1,1,1,1,2,1,1
SF,IF2006,2019-12-23 09:32:38.900,4046.6000,11067,0,93417180.000,0,-,-,-,-,4044.6000,4044.4000,4043.6000,4043.4000,4043.0000,4046.6000,4046.8000,4047.6000,4047.8000,4048.0000,1,1,1,1,1,1,1,1,2,1
SF,IF2006,2019-12-23 09:32:39.400,4046.6000,11067,0,93417180.000,0,-,-,-,-,4044.8000,4044.6000,4044.4000,4043.6000,4043.4000,4046.4000,4046.6000,4047.6000,4047.8000,4048.0000,1,1,1,1,1,1,1,1,2,1
SF,IF2006,2019-12-23 09:32:39.900,4046.6000,11067,0,93417180.000,0,-,-,-,-,4044.8000,4044.6000,4044.4000,4043.6000,4043.4000,4046.4000,4046.6000,4047.6000,4047.8000,4048.0000,2,1,1,1,1,1,1,1,2,1
SF,IF2006,2019-12-23 09:32:40.400,4046.6000,11067,0,93417180.000,0,-,-,-,-,4045.0000,4044.8000,4044.6000,4044.4000,4043.6000,4046.4000,4046.6000,4047.6000,4047.8000,4048.0000,1,2,1,1,1,1,1,1,2,1
SF,IF2006,2019-12-23 09:32:40.900,4046.6000,11067,0,93417180.000,0,-,-,-,-,4045.0000,4044.8000,4044.4000,4043.6000,4043.4000,4046.4000,4047.6000,4047.8000,4048.0000,4048.2000,1,2,1,1,1,1,1,2,1,1
SF,IF2006,2019-12-23 09:32:41.400,4046.6000,11067,0,93417180.000,0,-,-,-,-,4044.8000,4044.4000,4043.6000,4043.4000,4043.0000,4046.4000,4047.6000,4047.8000,4048.0000,4048.2000,1,1,1,1,1,1,1,2,1,1
SF,IF2006,2019-12-23 09:32:41.900,4046.6000,11067,0,93417180.000,0,-,-,-,-,4044.4000,4043.6000,4043.4000,4043.0000,4042.2000,4046.2000,4046.4000,4047.6000,4047.8000,4048.0000,1,1,1,1,1,1,1,1,2,1
SF,IF2006,2019-12-23 09:32:42.400,4046.6000,11067,0,93417180.000,0,-,-,-,-,4044.6000,4044.4000,4043.6000,4043.4000,4043.0000,4046.0000,4046.2000,4047.6000,4047.8000,4048.0000,1,1,1,1,1,1,1,1,2,1
SF,IF2006,2019-12-23 09:32:42.900,4046.6000,11067,0,93417180.000,0,-,-,-,-,4044.6000,4044.4000,4043.6000,4043.4000,4043.0000,4046.0000,4047.6000,4047.8000,4048.0000,4048.2000,2,1,1,1,1,1,1,2,1,1
SF,IF2006,2019-12-23 09:32:43.400,4046.6000,11067,0,93417180.000,0,-,-,-,-,4044.6000,4044.4000,4043.6000,4043.4000,4043.0000,4047.6000,4047.8000,4048.0000,4048.2000,4048.4000,2,1,1,1,1,1,2,1,1,1
SF,IF2006,2019-12-23 09:32:43.900,4046.6000,11067,0,93417180.000,0,-,-,-,-,4044.8000,4044.6000,4044.4000,4043.6000,4043.4000,4047.4000,4047.6000,4047.8000,4048.0000,4048.2000,1,2,1,1,1,1,2,2,1,1
SF,IF2006,2019-12-23 09:32:44.400,4045.0000,11066,-1,94630680.000,1,0,1,双平,S,4044.8000,4044.6000,4044.4000,4043.6000,4043.4000,4047.4000,4047.6000,4047.8000,4048.0000,4048.2000,1,1,1,1,1,1,2,2,1,1
SF,IF2006,2019-12-23 09:32:44.900,4045.0000,11066,0,94630680.000,0,-,-,-,-,4044.6000,4044.4000,4043.6000,4043.4000,4043.0000,4044.8000,4047.2000,4047.4000,4047.6000,4047.8000,1,1,1,1,1,1,1,1,1,2
SF,IF2006,2019-12-23 09:32:45.400,4044.8000,11065,-1,95844120.000,1,0,1,双平,S,4044.6000,4044.4000,4043.6000,4043.4000,4043.0000,4047.2000,4047.4000,4047.6000,4047.8000,4048.0000,1,1,1,1,1,1,1,1,2,1
SF,IF2006,2019-12-23 09:32:45.900,4044.8000,11065,0,95844120.000,0,-,-,-,-,4044.6000,4044.4000,4043.6000,4043.4000,4043.0000,4047.0000,4047.2000,4047.6000,4047.8000,4048.0000,1,1,1,1,1,1,1,1,2,1
SF,IF2006,2019-12-23 09:32:46.400,4044.8000,11065,0,95844120.000,0,-,-,-,-,4044.8000,4044.6000,4044.4000,4043.6000,4043.4000,4046.8000,4047.0000,4047.2000,4047.6000,4047.8000,1,1,1,1,1,1,1,1,1,2
SF,IF2006,2019-12-23 09:32:46.900,4044.8000,11065,0,95844120.000,0,-,-,-,-,4044.6000,4044.4000,4043.6000,4043.4000,4043.0000,4046.6000,4046.8000,4047.6000,4047.8000,4048.0000,1,1,1,1,1,1,1,1,2,1
SF,IF2006,2019-12-23 09:32:47.400,4044.8000,11065,0,95844120.000,0,-,-,-,-,4044.8000,4044.6000,4044.4000,4043.6000,4043.4000,4046.4000,4046.6000,4047.6000,4047.8000,4048.0000,1,1,1,1,1,1,1,1,2,1
SF,IF2006,2019-12-23 09:32:47.900,4044.8000,11065,0,95844120.000,0,-,-,-,-,4044.6000,4044.4000,4043.6000,4043.4000,4043.0000,4046.2000,4046.4000,4047.6000,4047.8000,4048.0000,1,1,1,1,1,1,1,1,2,1
SF,IF2006,2019-12-23 09:32:48.400,4044.8000,11065,0,95844120.000,0,-,-,-,-,4044.8000,4044.6000,4044.4000,4043.6000,4043.4000,4046.2000,4047.6000,4047.8000,4048.0000,4048.2000,1,1,1,1,1,1,1,2,1,1
SF,IF2006,2019-12-23 09:32:48.900,4044.8000,11066,1,97057560.000,1,1,0,双开,S,4044.6000,4044.4000,4043.6000,4043.4000,4043.0000,4046.2000,4047.6000,4047.8000,4048.0000,4048.2000,1,1,1,1,1,1,1,2,1,1
SF,IF2006,2019-12-23 09:32:49.400,4044.8000,11066,0,97057560.000,0,-,-,-,-,4044.6000,4044.4000,4043.6000,4043.4000,4043.0000,4046.0000,4046.2000,4047.6000,4047.8000,4048.0000,1,1,1,1,1,1,1,1,2,1
SF,IF2006,2019-12-23 09:32:49.900,4044.8000,11066,0,97057560.000,0,-,-,-,-,4044.6000,4044.4000,4043.6000,4043.4000,4043.0000,4045.8000,4046.0000,4047.6000,4047.8000,4048.0000,1,1,1,1,1,1,1,1,2,1
SF,IF2006,2019-12-23 09:32:50.400,4044.8000,11066,0,97057560.000,0,-,-,-,-,4044.6000,4044.4000,4043.6000,4043.4000,4043.0000,4045.6000,4045.8000,4047.6000,4047.8000,4048.0000,1,1,1,1,1,1,1,1,2,1
SF,IF2006,2019-12-23 09:32:51.900,4044.8000,11066,0,97057560.000,0,-,-,-,-,4044.6000,4044.4000,4043.6000,4043.4000,4043.0000,4045.8000,4047.6000,4047.8000,4048.0000,4048.2000,1,1,1,1,1,1,1,2,1,1
SF,IF2006,2019-12-23 09:32:52.400,4044.8000,11066,0,97057560.000,0,-,-,-,-,4044.6000,4044.4000,4043.6000,4043.4000,4043.0000,4045.6000,4045.8000,4047.6000,4047.8000,4048.0000,1,1,1,1,1,1,1,1,2,1
SF,IF2006,2019-12-23 09:32:52.900,4044.8000,11066,0,97057560.000,0,-,-,-,-,4044.4000,4043.6000,4043.4000,4043.0000,4042.2000,4045.4000,4045.6000,4047.6000,4047.8000,4048.0000,1,1,1,1,1,1,1,1,2,1
SF,IF2006,2019-12-23 09:32:53.400,4044.8000,11066,0,97057560.000,0,-,-,-,-,4044.4000,4043.6000,4043.4000,4043.0000,4042.2000,4045.4000,4047.6000,4047.8000,4048.0000,4048.2000,1,1,1,1,1,1,1,2,1,1
SF,IF2006,2019-12-23 09:32:55.400,4044.4000,11065,-1,98270880.000,1,0,1,双平,S,4043.6000,4043.4000,4043.0000,4042.2000,4041.6000,4045.4000,4047.8000,4048.0000,4048.2000,4048.4000,1,1,1,1,1,1,2,1,1,1
SF,IF2006,2019-12-23 09:32:55.900,4044.4000,11065,0,98270880.000,0,-,-,-,-,4045.0000,4043.6000,4043.4000,4043.0000,4042.2000,4045.2000,4045.4000,4046.4000,4047.8000,4048.0000,1,1,1,1,1,1,1,1,2,1
SF,IF2006,2019-12-23 09:32:56.400,4045.0000,11064,-1,99484380.000,1,0,1,双平,S,4043.6000,4043.4000,4043.0000,4042.2000,4041.6000,4045.2000,4045.4000,4046.4000,4047.8000,4048.0000,1,1,1,1,1,1,1,1,2,1
SF,IF2006,2019-12-23 09:32:56.900,4045.0000,11064,0,99484380.000,0,-,-,-,-,4043.6000,4043.4000,4043.0000,4042.2000,4041.6000,4045.0000,4045.2000,4046.4000,4047.8000,4048.0000,1,1,1,1,1,1,1,1,2,1
SF,IF2006,2019-12-23 09:32:57.400,4045.0000,11064,0,99484380.000,0,-,-,-,-,4043.6000,4043.4000,4043.0000,4042.2000,4041.6000,4045.0000,4046.4000,4047.8000,4048.0000,4048.2000,1,1,1,1,1,1,1,2,1,1
SF,IF2006,2019-12-23 09:32:57.900,4045.0000,11064,0,99484380.000,0,-,-,-,-,4043.6000,4043.4000,4043.0000,4042.2000,4041.6000,4045.0000,4046.4000,4047.8000,4048.0000,4048.2000,1,1,1,1,1,1,1,2,1,1
SF,IF2006,2019-12-23 09:32:58.400,4045.0000,11064,0,99484380.000,0,-,-,-,-,4043.6000,4043.4000,4043.0000,4042.2000,4041.6000,4045.0000,4046.4000,4047.8000,4048.0000,4048.2000,1,1,1,1,1,1,1,2,2,1
SF,IF2006,2019-12-23 09:32:59.400,4045.0000,11064,0,99484380.000,0,-,-,-,-,4043.6000,4043.4000,4043.0000,4042.2000,4041.6000,4044.8000,4045.0000,4046.4000,4047.8000,4048.0000,1,1,1,1,1,1,1,1,2,2
SF,IF2006,2019-12-23 09:32:59.900,4045.0000,11064,0,99484380.000,0,-,-,-,-,4043.6000,4043.4000,4043.0000,4042.2000,4041.6000,4044.6000,4044.8000,4046.4000,4047.8000,4048.0000,1,1,1,1,1,1,1,1,2,2
SF,IF2006,2019-12-23 09:33:00.400,4045.0000,11064,0,99484380.000,0,-,-,-,-,4043.6000,4043.4000,4043.0000,4042.2000,4041.6000,4044.6000,4044.8000,4046.4000,4047.0000,4047.8000,1,1,1,1,1,1,1,1,1,2
SF,IF2006,2019-12-23 09:33:00.900,4045.0000,11064,0,99484380.000,0,-,-,-,-,4043.6000,4043.4000,4043.0000,4042.2000,4041.6000,4044.6000,4044.8000,4046.4000,4047.0000,4047.8000,1,1,1,1,1,1,1,1,1,2
SF,IF2006,2019-12-23 09:33:01.400,4045.0000,11064,0,99484380.000,0,-,-,-,-,4043.6000,4043.4000,4043.0000,4042.2000,4041.6000,4044.6000,4046.4000,4047.0000,4047.8000,4048.0000,1,1,1,1,1,1,1,1,2,2
SF,IF2006,2019-12-23 09:33:03.400,4045.0000,11064,0,99484380.000,0,-,-,-,-,4043.6000,4043.0000,4042.2000,4041.6000,4041.0000,4044.6000,4046.4000,4047.0000,4047.8000,4048.0000,1,1,1,1,1,1,1,1,2,2
SF,IF2006,2019-12-23 09:33:03.900,4043.6000,11064,0,100697460.000,1,0,1,多换,S,4043.0000,4042.2000,4041.6000,4041.0000,4040.4000,4044.6000,4046.4000,4047.0000,4047.8000,4048.0000,1,1,1,1,1,1,1,1,2,2
SF,IF2006,2019-12-23 09:33:04.400,4044.4000,11063,-1,101910780.000,1,0,1,双平,S,4043.0000,4042.2000,4042.0000,4041.6000,4041.0000,4044.4000,4044.6000,4046.4000,4047.0000,4047.8000,1,1,1,1,1,1,1,1,1,2
SF,IF2006,2019-12-23 09:33:04.900,4044.4000,11063,0,101910780.000,0,-,-,-,-,4043.0000,4042.2000,4042.0000,4041.6000,4041.0000,4044.2000,4044.4000,4046.4000,4047.0000,4047.8000,1,1,1,1,1,1,1,1,1,2
SF,IF2006,2019-12-23 09:33:05.400,4044.4000,11063,0,101910780.000,0,-,-,-,-,4043.0000,4042.2000,4042.0000,4041.6000,4041.0000,4044.2000,4044.4000,4047.0000,4047.8000,4048.0000,1,1,1,1,1,1,1,1,2,2
SF,IF2006,2019-12-23 09:33:05.900,4044.4000,11063,0,101910780.000,0,-,-,-,-,4043.0000,4042.2000,4042.0000,4041.6000,4041.0000,4044.0000,4044.2000,4044.4000,4045.6000,4047.0000,1,1,1,1,1,1,1,1,1,1
SF,IF2006,2019-12-23 09:33:06.400,4044.4000,11063,0,101910780.000,0,-,-,-,-,4043.0000,4042.2000,4042.0000,4041.6000,4041.0000,4043.8000,4044.0000,4044.4000,4045.6000,4047.0000,1,1,1,1,1,1,1,1,1,1
SF,IF2006,2019-12-23 09:33:07.400,4044.4000,11063,0,101910780.000,0,-,-,-,-,4043.0000,4042.2000,4042.0000,4041.6000,4041.0000,4043.8000,4044.0000,4045.6000,4047.0000,4047.8000,1,1,1,1,1,1,1,1,1,2
SF,IF2006,2019-12-23 09:33:07.900,4044.4000,11063,0,101910780.000,0,-,-,-,-,4043.0000,4042.2000,4042.0000,4041.6000,4041.0000,4043.8000,4045.6000,4047.0000,4047.8000,4048.0000,1,1,1,1,1,1,1,1,2,2
SF,IF2006,2019-12-23 09:33:11.900,4044.4000,11063,0,101910780.000,0,-,-,-,-,4043.0000,4042.2000,4042.0000,4041.6000,4041.0000,4043.8000,4045.6000,4047.0000,4047.8000,4048.0000,1,1,1,1,1,1,1,1,3,2
SF,IF2006,2019-12-23 09:33:13.900,4044.4000,11063,0,101910780.000,0,-,-,-,-,4043.0000,4042.6000,4042.2000,4042.0000,4041.6000,4043.8000,4045.6000,4047.0000,4047.8000,4048.0000,1,1,1,1,1,1,1,1,3,2
SF,IF2006,2019-12-23 09:33:14.400,4044.4000,11063,0,101910780.000,0,-,-,-,-,4043.0000,4042.6000,4042.2000,4042.0000,4041.6000,4043.8000,4045.6000,4047.0000,4047.8000,4048.0000,1,1,1,1,1,1,1,1,3,2
SF,IF2006,2019-12-23 09:33:16.400,4044.4000,11063,0,101910780.000,0,-,-,-,-,4043.0000,4042.2000,4042.0000,4041.6000,4041.0000,4043.8000,4045.6000,4047.0000,4047.8000,4048.0000,1,1,1,1,1,1,1,1,3,2
SF,IF2006,2019-12-23 09:33:19.900,4044.4000,11063,0,101910780.000,0,-,-,-,-,4043.2000,4043.0000,4042.2000,4042.0000,4041.6000,4043.8000,4045.6000,4047.0000,4047.8000,4048.0000,1,1,1,1,1,1,1,1,3,2
SF,IF2006,2019-12-23 09:33:20.900,4043.8000,11063,0,103123920.000,1,0,1,多换,S,4043.0000,4042.2000,4042.0000,4041.6000,4041.0000,4045.6000,4047.0000,4047.8000,4048.0000,4048.2000,1,1,1,1,1,1,1,3,2,1
SF,IF2006,2019-12-23 09:33:21.400,4043.8000,11063,0,103123920.000,0,-,-,-,-,4043.2000,4043.0000,4042.2000,4042.0000,4041.6000,4045.4000,4045.6000,4047.0000,4047.8000,4048.0000,1,1,1,1,1,2,1,1,3,2
SF,IF2006,2019-12-23 09:33:21.900,4043.8000,11063,0,103123920.000,0,-,-,-,-,4043.2000,4043.0000,4042.2000,4042.0000,4041.6000,4045.4000,4045.6000,4047.0000,4047.8000,4048.0000,1,1,1,1,1,2,1,1,3,2
SF,IF2006,2019-12-23 09:33:22.400,4043.8000,11063,0,103123920.000,0,-,-,-,-,4043.4000,4043.2000,4043.0000,4042.2000,4042.0000,4045.4000,4045.6000,4047.0000,4047.8000,4048.0000,1,1,1,1,1,1,1,1,3,2
SF,IF2006,2019-12-23 09:33:22.900,4043.8000,11063,0,103123920.000,0,-,-,-,-,4043.6000,4043.4000,4043.0000,4042.2000,4042.0000,4045.4000,4045.6000,4047.0000,4047.8000,4048.0000,1,1,1,1,1,1,1,1,3,2
SF,IF2006,2019-12-23 09:33:23.400,4043.8000,11063,0,103123920.000,0,-,-,-,-,4044.0000,4043.8000,4043.6000,4043.4000,4043.0000,4045.4000,4045.6000,4047.0000,4047.8000,4048.0000,5,1,1,1,1,1,1,1,3,2
SF,IF2006,2019-12-23 09:33:23.900,4043.8000,11063,0,103123920.000,0,-,-,-,-,4044.4000,4044.0000,4043.8000,4043.6000,4043.0000,4045.4000,4045.6000,4047.0000,4047.8000,4048.0000,1,5,1,1,1,1,1,1,3,2
SF,IF2006,2019-12-23 09:33:24.400,4043.8000,11063,0,103123920.000,0,-,-,-,-,4044.4000,4044.0000,4043.6000,4043.0000,4042.2000,4045.4000,4045.6000,4047.0000,4047.8000,4048.0000,1,5,1,1,1,1,1,1,3,2
SF,IF2006,2019-12-23 09:33:24.900,4043.8000,11063,0,103123920.000,0,-,-,-,-,4044.0000,4043.6000,4043.0000,4042.2000,4042.0000,4045.4000,4045.6000,4047.0000,4047.8000,4048.0000,5,1,1,1,1,1,1,1,3,2
SF,IF2006,2019-12-23 09:33:25.400,4043.8000,11063,0,103123920.000,0,-,-,-,-,4044.0000,4043.6000,4043.0000,4042.2000,4042.0000,4045.2000,4045.4000,4045.6000,4047.0000,4047.8000,5,1,1,1,1,1,1,1,1,3
SF,IF2006,2019-12-23 09:33:25.900,4043.8000,11063,0,103123920.000,0,-,-,-,-,4044.0000,4043.6000,4043.0000,4042.2000,4042.0000,4045.0000,4045.2000,4045.6000,4047.0000,4047.8000,5,1,1,1,1,1,1,1,1,3
SF,IF2006,2019-12-23 09:33:28.900,4043.8000,11063,0,103123920.000,0,-,-,-,-,4044.2000,4044.0000,4043.6000,4043.0000,4042.2000,4045.0000,4045.2000,4045.6000,4047.0000,4047.8000,1,5,1,1,1,1,1,1,1,3
SF,IF2006,2019-12-23 09:33:29.400,4043.8000,11063,0,103123920.000,0,-,-,-,-,4044.2000,4044.0000,4043.6000,4043.0000,4042.2000,4045.0000,4045.6000,4047.0000,4047.8000,4048.0000,1,5,1,1,1,1,1,1,3,2
SF,IF2006,2019-12-23 09:33:30.400,4044.2000,11063,0,104337180.000,1,0,1,多换,S,4044.0000,4043.6000,4043.0000,4042.2000,4042.0000,4045.0000,4045.6000,4047.0000,4047.8000,4048.0000,5,1,1,1,1,1,1,1,3,2
SF,IF2006,2019-12-23 09:33:30.900,4044.2000,11063,0,104337180.000,0,-,-,-,-,4044.0000,4043.0000,4042.2000,4042.0000,4041.6000,4045.0000,4045.6000,4047.0000,4047.8000,4048.0000,5,1,1,1,1,1,1,1,3,2
SF,IF2006,2019-12-23 09:33:32.400,4044.2000,11063,0,104337180.000,0,-,-,-,-,4044.2000,4044.0000,4043.0000,4042.2000,4042.0000,4045.0000,4045.6000,4047.0000,4047.8000,4048.0000,1,5,1,1,1,1,1,1,3,2
SF,IF2006,2019-12-23 09:33:32.900,4044.2000,11063,0,104337180.000,0,-,-,-,-,4044.2000,4044.0000,4043.0000,4042.2000,4042.0000,4045.0000,4045.6000,4047.0000,4047.8000,4048.0000,1,6,1,1,1,1,1,1,3,2
SF,IF2006,2019-12-23 09:33:33.400,4044.0000,11063,0,107976840.000,3,1,2,多换,S,4044.0000,4043.0000,4042.2000,4042.0000,4041.6000,4045.0000,4045.6000,4047.0000,4047.8000,4048.0000,4,1,1,1,1,1,1,1,3,2
SF,IF2006,2019-12-23 09:33:33.900,4044.0000,11063,0,112829640.000,4,2,2,多换,S,4043.0000,4042.2000,4042.0000,4041.6000,4041.0000,4045.0000,4045.6000,4047.0000,4047.8000,4048.0000,1,1,1,1,1,1,1,1,3,2
SF,IF2006,2019-12-23 09:33:34.400,4044.0000,11063,0,112829640.000,0,-,-,-,-,4043.0000,4042.2000,4042.0000,4041.6000,4041.0000,4044.8000,4045.0000,4045.6000,4047.0000,4047.8000,1,1,1,1,1,1,1,1,1,3
SF,IF2006,2019-12-23 09:33:34.900,4044.0000,11063,0,112829640.000,0,-,-,-,-,4043.0000,4042.2000,4042.0000,4041.6000,4041.0000,4044.6000,4044.8000,4045.6000,4047.0000,4047.8000,1,1,1,1,1,1,2,1,1,3
SF,IF2006,2019-12-23 09:33:35.400,4044.0000,11063,0,112829640.000,0,-,-,-,-,4043.0000,4042.2000,4042.0000,4041.6000,4041.0000,4044.4000,4044.6000,4044.8000,4047.0000,4047.8000,1,1,1,1,1,1,1,2,1,3
SF,IF2006,2019-12-23 09:33:35.900,4044.0000,11063,0,112829640.000,0,-,-,-,-,4043.0000,4042.2000,4042.0000,4041.6000,4041.0000,4044.2000,4044.4000,4044.8000,4045.2000,4047.0000,1,1,1,1,1,1,2,1,1,1
SF,IF2006,2019-12-23 09:33:36.400,4044.0000,11063,0,112829640.000,0,-,-,-,-,4043.6000,4043.2000,4043.0000,4042.2000,4042.0000,4044.4000,4045.2000,4047.0000,4047.8000,4048.0000,1,1,1,1,1,1,1,1,3,2
SF,IF2006,2019-12-23 09:33:36.900,4044.0000,11063,0,112829640.000,0,-,-,-,-,4043.6000,4043.2000,4043.0000,4042.2000,4042.0000,4045.2000,4047.0000,4047.8000,4048.0000,4048.2000,1,1,1,1,1,1,1,3,2,1
SF,IF2006,2019-12-23 09:33:37.400,4044.0000,11063,0,112829640.000,0,-,-,-,-,4043.6000,4043.2000,4043.0000,4042.2000,4042.0000,4045.0000,4045.2000,4047.0000,4047.8000,4048.0000,1,1,1,1,1,1,1,1,3,2
SF,IF2006,2019-12-23 09:33:37.900,4044.0000,11063,0,112829640.000,0,-,-,-,-,4043.6000,4043.2000,4043.0000,4042.2000,4042.0000,4045.0000,4045.2000,4047.0000,4047.8000,4048.0000,1,1,1,1,1,1,1,1,3,2
SF,IF2006,2019-12-23 09:33:38.400,4044.0000,11063,0,112829640.000,0,-,-,-,-,4043.6000,4043.0000,4042.2000,4042.0000,4041.6000,4044.8000,4045.0000,4045.2000,4047.0000,4047.8000,1,1,1,1,1,1,1,1,1,3
SF,IF2006,2019-12-23 09:33:38.900,4043.6000,11062,-1,114042720.000,1,0,1,双平,S,4043.0000,4042.2000,4042.0000,4041.6000,4041.0000,4044.6000,4044.8000,4045.2000,4047.0000,4047.8000,1,1,1,1,1,2,2,1,1,3
SF,IF2006,2019-12-23 09:33:39.400,4043.6000,11062,0,114042720.000,0,-,-,-,-,4043.0000,4042.2000,4041.6000,4041.0000,4040.4000,4044.6000,4044.8000,4045.2000,4047.0000,4047.8000,1,1,1,1,1,2,2,1,1,3
SF,IF2006,2019-12-23 09:33:40.900,4043.6000,11062,0,114042720.000,0,-,-,-,-,4043.0000,4042.2000,4041.6000,4041.0000,4040.4000,4044.4000,4044.6000,4044.8000,4047.0000,4047.8000,1,1,1,1,1,1,2,1,1,3
SF,IF2006,2019-12-23 09:33:41.400,4043.2000,11062,0,115255680.000,1,0,1,多换,S,4043.0000,4042.2000,4041.6000,4041.0000,4040.4000,4044.4000,4044.6000,4044.8000,4045.0000,4047.0000,1,1,1,1,1,1,1,1,1,1
SF,IF2006,2019-12-23 09:33:41.900,4043.2000,11062,0,115255680.000,0,-,-,-,-,4043.0000,4042.2000,4041.6000,4041.0000,4040.4000,4044.2000,4044.4000,4045.0000,4047.0000,4047.8000,1,1,1,1,1,2,1,1,1,3
SF,IF2006,2019-12-23 09:33:43.400,4043.2000,11062,0,115255680.000,0,-,-,-,-,4043.0000,4042.2000,4041.6000,4041.0000,4040.4000,4044.0000,4044.2000,4045.0000,4047.0000,4047.8000,1,1,1,1,1,1,2,1,1,3
SF,IF2006,2019-12-23 09:33:43.900,4044.0000,11062,0,118895100.000,3,1,2,多换,S,4044.0000,4043.0000,4042.2000,4041.6000,4041.0000,4044.2000,4045.0000,4047.0000,4047.8000,4048.0000,2,1,1,1,1,1,1,1,3,2
SF,IF2006,2019-12-23 09:33:44.400,4044.0000,11062,0,121321500.000,2,1,1,多换,S,4043.0000,4042.2000,4041.6000,4041.0000,4040.4000,4044.0000,4044.2000,4045.0000,4047.0000,4047.8000,1,1,1,1,1,1,1,1,1,3
SF,IF2006,2019-12-23 09:33:44.900,4044.0000,11062,0,121321500.000,0,-,-,-,-,4043.0000,4042.2000,4041.6000,4041.0000,4040.4000,4044.0000,4045.0000,4047.0000,4047.8000,4048.0000,1,1,1,1,1,1,1,1,3,2
SF,IF2006,2019-12-23 09:33:45.400,4044.0000,11062,0,121321500.000,0,-,-,-,-,4043.0000,4042.2000,4041.6000,4041.0000,4040.4000,4045.0000,4047.0000,4047.8000,4048.0000,4048.2000,1,1,1,1,1,1,1,3,2,1
SF,IF2006,2019-12-23 09:33:45.900,4044.0000,11062,0,121321500.000,0,-,-,-,-,4043.0000,4042.2000,4041.6000,4041.0000,4040.4000,4044.8000,4045.0000,4047.0000,4047.8000,4048.0000,1,1,1,1,1,2,2,1,3,2
SF,IF2006,2019-12-23 09:33:46.400,4044.0000,11062,0,121321500.000,0,-,-,-,-,4043.0000,4042.2000,4041.6000,4041.0000,4040.4000,4044.8000,4045.0000,4047.0000,4047.8000,4048.0000,1,1,1,1,1,2,1,1,3,2
SF,IF2006,2019-12-23 09:33:46.900,4044.0000,11062,0,121321500.000,0,-,-,-,-,4043.2000,4043.0000,4042.2000,4041.6000,4041.0000,4044.8000,4045.0000,4047.0000,4047.8000,4048.0000,1,1,1,1,1,2,1,1,3,2
SF,IF2006,2019-12-23 09:33:47.400,4044.0000,11062,0,121321500.000,0,-,-,-,-,4043.4000,4043.2000,4043.0000,4042.2000,4041.6000,4044.8000,4045.0000,4047.0000,4047.8000,4048.0000,1,1,1,1,1,1,1,1,3,2
SF,IF2006,2019-12-23 09:33:47.900,4044.0000,11062,0,121321500.000,0,-,-,-,-,4043.4000,4043.2000,4043.0000,4042.2000,4041.6000,4043.6000,4044.8000,4045.0000,4047.0000,4047.8000,1,1,1,1,1,1,1,1,1,3
SF,IF2006,2019-12-23 09:33:48.400,4043.6000,11062,0,122534580.000,1,0,1,多换,S,4043.4000,4043.2000,4043.0000,4042.2000,4041.6000,4044.8000,4045.0000,4047.0000,4047.8000,4048.0000,1,1,1,1,1,1,1,1,3,2
SF,IF2006,2019-12-23 09:33:48.900,4043.6000,11062,0,122534580.000,0,-,-,-,-,4043.0000,4042.2000,4041.6000,4041.0000,4040.4000,4044.6000,4044.8000,4045.0000,4047.0000,4047.8000,1,1,1,1,1,1,1,1,1,3
SF,IF2006,2019-12-23 09:33:49.400,4043.6000,11062,0,122534580.000,0,-,-,-,-,4043.0000,4042.2000,4041.6000,4041.0000,4040.4000,4043.4000,4044.4000,4044.6000,4047.0000,4047.8000,1,1,1,1,1,1,1,2,1,3
SF,IF2006,2019-12-23 09:33:49.900,4043.4000,11062,0,123747600.000,1,0,1,多换,S,4043.0000,4042.2000,4041.6000,4041.0000,4040.4000,4043.4000,4044.0000,4044.4000,4044.6000,4047.0000,1,1,1,1,1,1,1,1,1,1
SF,IF2006,2019-12-23 09:33:50.400,4044.0000,11062,0,126173820.000,2,1,1,多换,S,4043.2000,4043.0000,4042.2000,4041.6000,4041.0000,4047.0000,4047.8000,4048.0000,4048.2000,4048.4000,1,1,1,1,1,1,3,2,1,1
SF,IF2006,2019-12-23 09:33:50.900,4044.0000,11062,0,126173820.000,0,-,-,-,-,4043.4000,4043.2000,4043.0000,4042.2000,4041.6000,4046.8000,4047.0000,4047.8000,4048.0000,4048.2000,1,1,1,1,1,2,3,3,2,1
SF,IF2006,2019-12-23 09:33:51.400,4044.0000,11062,0,126173820.000,0,-,-,-,-,4043.6000,4043.4000,4043.0000,4042.2000,4041.6000,4046.8000,4047.0000,4047.8000,4048.0000,4048.2000,1,1,1,1,1,2,3,3,2,1
SF,IF2006,2019-12-23 09:33:51.900,4043.6000,11062,0,127386900.000,1,0,1,多换,S,4043.4000,4043.0000,4042.2000,4041.6000,4041.0000,4046.8000,4047.0000,4047.8000,4048.0000,4048.2000,1,1,1,1,1,2,3,3,2,1
SF,IF2006,2019-12-23 09:33:52.400,4043.6000,11062,0,127386900.000,0,-,-,-,-,4043.4000,4043.0000,4042.2000,4041.6000,4041.0000,4046.8000,4047.0000,4047.8000,4048.0000,4048.2000,1,1,1,1,1,2,3,3,2,1
SF,IF2006,2019-12-23 09:33:52.900,4043.4000,11063,1,128599920.000,1,1,0,双开,S,4043.0000,4042.2000,4041.8000,4041.6000,4041.0000,4046.6000,4046.8000,4047.0000,4047.8000,4048.0000,1,1,2,1,1,1,2,3,3,2
SF,IF2006,2019-12-23 09:33:53.400,4043.4000,11063,0,128599920.000,0,-,-,-,-,4043.2000,4043.0000,4042.2000,4041.8000,4041.6000,4046.4000,4046.8000,4047.0000,4047.8000,4048.0000,1,1,1,2,1,3,1,3,3,2
SF,IF2006,2019-12-23 09:33:53.900,4043.4000,11063,0,128599920.000,0,-,-,-,-,4043.0000,4042.2000,4041.8000,4041.6000,4041.0000,4046.2000,4046.4000,4047.0000,4047.8000,4048.0000,1,1,2,1,1,3,2,3,3,2
SF,IF2006,2019-12-23 09:33:54.400,4044.6000,11063,0,129813300.000,1,0,1,多换,S,4043.0000,4042.2000,4041.8000,4041.6000,4041.0000,4046.0000,4046.2000,4047.0000,4047.8000,4048.0000,1,1,2,1,1,3,2,3,3,2
SF,IF2006,2019-12-23 09:33:54.900,4044.6000,11063,0,129813300.000,0,-,-,-,-,4043.0000,4042.2000,4041.8000,4041.6000,4041.0000,4045.6000,4045.8000,4046.0000,4047.0000,4047.8000,1,1,2,1,1,1,1,2,3,3
SF,IF2006,2019-12-23 09:33:55.400,4043.0000,11064,1,131026200.000,1,1,0,双开,S,4042.2000,4041.8000,4041.6000,4041.0000,4040.4000,4043.0000,4045.4000,4045.6000,4046.0000,4047.0000,1,2,1,1,1,1,3,2,1,3
SF,IF2006,2019-12-23 09:33:55.900,4043.0000,11065,1,133452000.000,2,1,1,空开,S,4042.4000,4042.2000,4041.8000,4041.6000,4041.0000,4043.0000,4045.0000,4045.4000,4045.6000,4047.0000,1,1,2,1,1,1,1,4,2,2
SF,IF2006,2019-12-23 09:33:56.400,4043.0000,11065,0,134664900.000,1,0,1,多换,S,4042.4000,4042.2000,4041.8000,4041.6000,4041.0000,4045.0000,4045.4000,4045.6000,4047.0000,4047.8000,1,1,2,1,1,1,4,2,2,3
SF,IF2006,2019-12-23 09:33:56.900,4043.0000,11065,0,134664900.000,0,-,-,-,-,4042.6000,4042.2000,4041.8000,4041.6000,4041.0000,4044.8000,4045.0000,4045.4000,4045.6000,4047.0000,1,1,2,1,1,3,2,2,2,2
SF,IF2006,2019-12-23 09:33:57.400,4043.0000,11065,0,134664900.000,0,-,-,-,-,4042.6000,4042.2000,4041.8000,4041.6000,4041.0000,4044.6000,4044.8000,4045.0000,4045.4000,4045.6000,1,1,2,1,1,1,2,2,1,2
SF,IF2006,2019-12-23 09:33:57.900,4043.0000,11065,0,134664900.000,0,-,-,-,-,4042.6000,4042.2000,4041.8000,4041.6000,4041.0000,4044.4000,4044.8000,4045.0000,4045.4000,4045.6000,1,1,2,1,1,2,1,2,1,2
SF,IF2006,2019-12-23 09:33:58.400,4043.0000,11065,0,134664900.000,0,-,-,-,-,4042.2000,4041.8000,4041.6000,4041.0000,4040.4000,4044.2000,4044.4000,4044.8000,4045.0000,4045.4000,1,2,1,1,1,2,1,1,2,1
SF,IF2006,2019-12-23 09:33:58.900,4043.0000,11065,0,134664900.000,0,-,-,-,-,4042.2000,4041.8000,4041.6000,4041.0000,4040.4000,4044.0000,4044.2000,4045.0000,4045.4000,4045.6000,1,2,1,1,1,2,1,2,1,1
SF,IF2006,2019-12-23 09:33:59.400,4043.0000,11065,0,134664900.000,0,-,-,-,-,4042.2000,4041.8000,4041.6000,4041.0000,4040.4000,4043.8000,4044.0000,4044.2000,4045.0000,4045.6000,1,2,1,1,1,2,1,1,2,1
SF,IF2006,2019-12-23 09:33:59.900,4043.0000,11065,0,134664900.000,0,-,-,-,-,4042.4000,4042.2000,4041.8000,4041.6000,4041.0000,4043.6000,4043.8000,4044.2000,4045.0000,4045.6000,1,1,2,1,1,1,2,1,2,1
SF,IF2006,2019-12-23 09:34:00.400,4043.0000,11065,0,134664900.000,0,-,-,-,-,4042.4000,4042.2000,4041.8000,4041.6000,4041.0000,4043.6000,4043.8000,4044.2000,4045.0000,4045.6000,2,1,2,1,1,1,2,1,2,1
SF,IF2006,2019-12-23 09:34:02.400,4042.2000,11064,-1,137090280.000,2,0,2,多平,S,4041.8000,4041.6000,4041.0000,4040.4000,4040.0000,4042.2000,4043.6000,4043.8000,4044.2000,4045.0000,2,1,1,1,1,7,1,2,1,2
SF,IF2006,2019-12-23 09:34:02.900,4042.2000,11058,-6,144366240.000,6,0,6,双平,S,4041.6000,4041.0000,4040.4000,4040.0000,4039.8000,4042.2000,4043.6000,4043.8000,4044.2000,4045.0000,1,1,1,1,1,1,1,1,1,2
SF,IF2006,2019-12-23 09:34:03.400,4042.2000,11058,0,144366240.000,0,-,-,-,-,4041.6000,4041.0000,4040.4000,4040.0000,4039.8000,4042.2000,4043.6000,4043.8000,4045.0000,4045.6000,1,1,2,1,1,1,1,1,2,1
SF,IF2006,2019-12-23 09:34:03.900,4042.2000,11058,0,144366240.000,0,-,-,-,-,4041.8000,4041.6000,4041.0000,4040.4000,4040.0000,4042.2000,4043.6000,4043.8000,4045.0000,4045.6000,1,1,1,2,1,1,1,1,2,1
SF,IF2006,2019-12-23 09:34:04.400,4042.2000,11058,0,144366240.000,0,-,-,-,-,4041.6000,4041.0000,4040.4000,4040.0000,4039.8000,4042.2000,4043.6000,4043.8000,4045.0000,4045.6000,1,1,2,1,1,1,1,1,2,1
SF,IF2006,2019-12-23 09:34:05.400,4042.2000,11058,0,144366240.000,0,-,-,-,-,4041.6000,4041.0000,4040.4000,4040.0000,4039.8000,4042.2000,4043.6000,4043.8000,4045.0000,4045.6000,1,1,2,1,1,1,1,1,1,1
SF,IF2006,2019-12-23 09:34:05.900,4042.2000,11058,0,144366240.000,0,-,-,-,-,4041.6000,4041.0000,4040.4000,4040.0000,4039.8000,4042.2000,4043.6000,4043.8000,4045.0000,4045.6000,1,1,2,1,1,1,1,1,1,1
SF,IF2006,2019-12-23 09:34:06.400,4041.6000,11059,1,145578720.000,1,1,0,双开,S,4041.0000,4040.4000,4040.0000,4039.8000,4039.6000,4042.2000,4043.6000,4043.8000,4045.0000,4045.6000,1,2,1,1,1,1,1,1,1,1
SF,IF2006,2019-12-23 09:34:06.900,4041.6000,11059,0,145578720.000,0,-,-,-,-,4041.0000,4040.4000,4040.0000,4039.8000,4039.6000,4042.0000,4042.2000,4043.8000,4045.0000,4047.0000,1,2,1,1,1,1,1,1,1,2
SF,IF2006,2019-12-23 09:34:07.400,4041.6000,11059,0,145578720.000,0,-,-,-,-,4041.0000,4040.4000,4040.0000,4039.8000,4039.6000,4042.0000,4042.2000,4043.8000,4045.0000,4047.0000,1,2,1,1,1,1,1,1,1,2
SF,IF2006,2019-12-23 09:34:07.900,4041.6000,11059,0,145578720.000,0,-,-,-,-,4041.0000,4040.4000,4040.0000,4039.8000,4039.6000,4042.0000,4042.2000,4043.8000,4045.0000,4047.0000,1,2,1,1,1,1,1,1,1,2
SF,IF2006,2019-12-23 09:34:09.400,4041.6000,11059,0,145578720.000,0,-,-,-,-,4041.0000,4040.4000,4040.0000,4039.8000,4039.6000,4042.0000,4043.8000,4045.0000,4047.0000,4047.2000,1,2,1,1,1,1,1,1,2,1
SF,IF2006,2019-12-23 09:34:09.900,4041.6000,11059,0,145578720.000,0,-,-,-,-,4041.0000,4040.4000,4040.0000,4039.8000,4039.6000,4042.0000,4043.8000,4045.0000,4047.0000,4047.2000,1,2,1,1,1,1,1,1,2,1
SF,IF2006,2019-12-23 09:34:10.400,4041.6000,11059,0,145578720.000,0,-,-,-,-,4041.0000,4040.4000,4040.0000,4039.8000,4039.6000,4043.8000,4045.0000,4047.0000,4047.2000,4047.8000,1,2,1,1,1,1,1,2,1,3
SF,IF2006,2019-12-23 09:34:10.900,4041.6000,11059,0,145578720.000,0,-,-,-,-,4041.0000,4040.4000,4040.0000,4039.8000,4039.6000,4043.6000,4045.0000,4047.0000,4047.2000,4047.8000,1,2,1,1,1,3,1,2,1,3
SF,IF2006,2019-12-23 09:34:11.400,4041.6000,11059,0,145578720.000,0,-,-,-,-,4042.0000,4041.2000,4041.0000,4040.4000,4040.0000,4043.4000,4043.6000,4045.0000,4047.0000,4047.2000,1,1,1,2,1,1,2,1,2,1
SF,IF2006,2019-12-23 09:34:11.900,4041.6000,11059,0,145578720.000,0,-,-,-,-,4042.0000,4041.0000,4040.4000,4040.0000,4039.8000,4043.2000,4043.6000,4045.0000,4047.0000,4047.2000,1,1,2,1,1,2,1,1,2,1
SF,IF2006,2019-12-23 09:34:12.400,4041.6000,11059,0,145578720.000,0,-,-,-,-,4042.0000,4041.0000,4040.4000,4040.0000,4039.8000,4043.0000,4043.2000,4045.0000,4047.0000,4047.2000,1,1,2,1,1,1,1,1,2,1
SF,IF2006,2019-12-23 09:34:12.900,4041.6000,11059,0,145578720.000,0,-,-,-,-,4042.0000,4041.0000,4040.4000,4040.0000,4039.8000,4042.8000,4043.0000,4045.0000,4047.0000,4047.2000,1,1,2,1,1,1,1,1,2,1
SF,IF2006,2019-12-23 09:34:13.900,4042.0000,11059,0,146791320.000,1,0,1,多换,S,4041.0000,4040.4000,4040.0000,4039.8000,4039.6000,4042.8000,4043.0000,4045.0000,4047.0000,4047.2000,1,2,1,1,1,1,1,1,2,1
SF,IF2006,2019-12-23 09:34:14.400,4042.0000,11059,0,146791320.000,0,-,-,-,-,4041.0000,4040.4000,4040.0000,4039.8000,4039.6000,4042.0000,4042.6000,4042.8000,4043.0000,4045.0000,1,2,1,1,1,1,1,1,1,1
SF,IF2006,2019-12-23 09:34:14.900,4042.0000,11059,0,146791320.000,0,-,-,-,-,4041.0000,4040.4000,4040.0000,4039.8000,4039.6000,4042.0000,4042.6000,4042.8000,4043.0000,4045.0000,1,2,1,1,1,1,1,1,1,1
SF,IF2006,2019-12-23 09:34:15.400,4042.0000,11059,0,146791320.000,0,-,-,-,-,4041.2000,4041.0000,4040.4000,4040.0000,4039.8000,4042.0000,4042.6000,4042.8000,4043.0000,4045.0000,1,1,2,1,1,1,1,1,1,1
SF,IF2006,2019-12-23 09:34:15.900,4042.0000,11059,0,146791320.000,0,-,-,-,-,4041.0000,4040.4000,4040.0000,4039.8000,4039.6000,4041.8000,4042.0000,4042.6000,4043.0000,4045.0000,1,2,1,1,1,1,1,1,1,1
SF,IF2006,2019-12-23 09:34:17.900,4042.0000,11059,0,146791320.000,0,-,-,-,-,4041.0000,4040.4000,4040.0000,4039.8000,4039.6000,4041.8000,4042.0000,4042.6000,4043.0000,4045.0000,1,1,1,1,1,1,1,1,1,1
SF,IF2006,2019-12-23 09:34:18.900,4042.0000,11059,0,146791320.000,0,-,-,-,-,4041.0000,4040.4000,4040.0000,4039.8000,4039.6000,4041.8000,4042.0000,4042.6000,4043.0000,4045.0000,1,1,1,1,1,1,1,1,1,6
SF,IF2006,2019-12-23 09:34:19.400,4041.8000,11059,0,149216160.000,2,1,1,多换,S,4042.0000,4040.4000,4040.0000,4039.8000,4039.6000,4042.6000,4043.0000,4045.0000,4047.0000,4047.2000,4,1,1,1,1,1,1,6,2,1
SF,IF2006,2019-12-23 09:34:19.900,4042.0000,11059,0,154066500.000,4,2,2,多换,S,4040.4000,4040.0000,4039.8000,4039.6000,4038.0000,4041.8000,4042.0000,4042.6000,4043.0000,4045.0000,1,1,1,1,6,1,1,1,1,6
SF,IF2006,2019-12-23 09:34:20.400,4040.4000,11058,-1,155278620.000,1,0,1,双平,S,4040.0000,4039.8000,4039.6000,4038.0000,4037.2000,4041.6000,4041.8000,4042.6000,4043.0000,4045.0000,1,1,1,6,1,1,1,1,1,6
SF,IF2006,2019-12-23 09:34:20.900,4040.4000,11058,0,155278620.000,0,-,-,-,-,4040.0000,4039.8000,4039.6000,4038.0000,4037.2000,4041.6000,4041.8000,4042.6000,4043.0000,4045.0000,1,1,1,6,1,1,1,1,1,6
SF,IF2006,2019-12-23 09:34:21.400,4040.0000,11058,0,156490620.000,1,0,1,多换,S,4040.2000,4039.8000,4039.6000,4038.0000,4037.2000,4041.4000,4041.6000,4041.8000,4042.6000,4043.0000,1,1,1,6,1,1,1,1,1,1
SF,IF2006,2019-12-23 09:34:21.900,4039.8000,11057,-1,157702560.000,1,0,1,双平,S,4039.6000,4038.0000,4037.2000,4036.4000,4036.2000,4040.2000,4041.2000,4041.4000,4041.8000,4042.6000,1,6,1,1,1,2,1,2,1,1
SF,IF2006,2019-12-23 09:34:22.400,4039.8000,11057,0,157702560.000,0,-,-,-,-,4039.6000,4038.0000,4037.2000,4036.4000,4036.2000,4040.2000,4041.2000,4041.4000,4041.8000,4042.6000,1,6,1,1,1,2,1,2,1,1
SF,IF2006,2019-12-23 09:34:22.900,4039.8000,11057,0,157702560.000,0,-,-,-,-,4039.6000,4038.6000,4038.0000,4037.2000,4036.4000,4040.2000,4041.2000,4041.4000,4041.8000,4043.0000,1,1,6,1,1,2,1,2,1,1
SF,IF2006,2019-12-23 09:34:23.400,4040.2000,11058,1,158914620.000,1,1,0,双开,S,4039.6000,4038.6000,4038.0000,4037.2000,4036.4000,4040.2000,4041.2000,4041.4000,4041.8000,4043.0000,1,1,6,1,1,1,1,2,1,1
SF,IF2006,2019-12-23 09:34:23.900,4040.2000,11058,0,158914620.000,0,-,-,-,-,4039.8000,4039.6000,4038.0000,4037.2000,4036.4000,4040.2000,4041.2000,4041.4000,4041.8000,4043.0000,1,1,6,1,1,1,1,2,1,1
SF,IF2006,2019-12-23 09:34:24.400,4040.2000,11058,0,158914620.000,0,-,-,-,-,4039.8000,4039.6000,4038.0000,4037.2000,4036.4000,4040.2000,4041.2000,4041.4000,4043.0000,4045.0000,1,1,6,1,1,1,1,2,1,6
SF,IF2006,2019-12-23 09:34:24.900,4039.6000,11057,-1,161338440.000,2,0,2,多平,S,4038.0000,4037.2000,4036.4000,4036.2000,4032.0000,4040.2000,4041.2000,4041.4000,4043.0000,4045.0000,6,1,1,1,5,1,1,2,1,6
SF,IF2006,2019-12-23 09:34:25.400,4039.6000,11057,0,161338440.000,0,-,-,-,-,4038.4000,4038.2000,4038.0000,4037.2000,4036.4000,4040.0000,4040.2000,4040.4000,4041.4000,4043.0000,1,1,6,2,1,2,1,1,2,1
SF,IF2006,2019-12-23 09:34:25.900,4039.6000,11057,0,161338440.000,0,-,-,-,-,4038.6000,4038.4000,4038.0000,4037.2000,4036.4000,4040.0000,4040.2000,4041.4000,4043.0000,4045.0000,1,1,6,2,1,1,1,1,1,6
SF,IF2006,2019-12-23 09:34:26.400,4039.6000,11057,0,161338440.000,0,-,-,-,-,4038.6000,4038.4000,4038.0000,4037.2000,4036.2000,4039.8000,4040.2000,4041.4000,4043.0000,4045.0000,1,1,6,2,1,2,1,1,1,6
SF,IF2006,2019-12-23 09:34:26.900,4039.6000,11057,0,161338440.000,0,-,-,-,-,4038.0000,4037.2000,4036.2000,4032.0000,4030.2000,4039.8000,4040.2000,4041.4000,4043.0000,4045.0000,6,2,1,5,1,2,1,1,1,6
SF,IF2006,2019-12-23 09:34:27.400,4039.6000,11057,0,161338440.000,0,-,-,-,-,4038.2000,4038.0000,4037.2000,4036.2000,4032.0000,4039.8000,4040.2000,4041.4000,4043.0000,4045.0000,2,6,2,1,5,1,1,1,1,6
SF,IF2006,2019-12-23 09:34:27.900,4039.6000,11057,0,161338440.000,0,-,-,-,-,4038.4000,4038.2000,4038.0000,4037.2000,4036.2000,4039.8000,4040.2000,4041.4000,4043.0000,4045.0000,1,2,6,2,1,1,1,1,1,6
SF,IF2006,2019-12-23 09:34:28.400,4039.8000,11056,-1,162550380.000,1,0,1,双平,S,4038.8000,4038.6000,4038.4000,4038.2000,4038.0000,4040.2000,4041.4000,4043.0000,4045.0000,4047.0000,1,1,1,1,6,1,1,1,6,2
SF,IF2006,2019-12-23 09:34:28.900,4039.8000,11056,0,162550380.000,0,-,-,-,-,4039.0000,4038.8000,4038.2000,4038.0000,4037.8000,4040.2000,4043.0000,4045.0000,4047.0000,4047.2000,1,1,1,6,1,1,1,6,2,1
SF,IF2006,2019-12-23 09:34:29.400,4039.8000,11056,0,162550380.000,0,-,-,-,-,4039.0000,4038.8000,4038.0000,4037.8000,4037.2000,4040.2000,4043.0000,4045.0000,4047.0000,4047.2000,1,1,6,1,1,1,1,6,2,1
SF,IF2006,2019-12-23 09:34:29.900,4039.8000,11056,0,162550380.000,0,-,-,-,-,4039.2000,4039.0000,4038.8000,4038.0000,4037.8000,4040.2000,4043.0000,4045.0000,4047.0000,4047.2000,1,1,1,6,1,1,1,6,2,1
SF,IF2006,2019-12-23 09:34:30.400,4039.2000,11056,0,163762140.000,1,0,1,多换,S,4038.0000,4037.8000,4037.2000,4036.2000,4032.0000,4038.4000,4040.2000,4043.0000,4045.0000,4047.0000,6,1,1,1,5,1,1,1,6,2
SF,IF2006,2019-12-23 09:34:30.900,4038.4000,11055,-1,164973660.000,1,0,1,双平,S,4039.4000,4038.6000,4038.2000,4038.0000,4037.8000,4040.2000,4043.0000,4045.0000,4047.0000,4047.2000,5,1,1,6,1,1,1,6,2,1
SF,IF2006,2019-12-23 09:34:31.400,4039.4000,11055,0,167397300.000,2,1,1,多换,S,4039.4000,4038.6000,4038.2000,4038.0000,4037.8000,4040.0000,4040.2000,4043.0000,4045.0000,4047.0000,3,1,1,6,1,1,1,1,6,2
SF,IF2006,2019-12-23 09:34:31.900,4039.4000,11055,0,167397300.000,0,-,-,-,-,4039.4000,4038.6000,4038.2000,4038.0000,4037.8000,4040.0000,4040.2000,4043.0000,4045.0000,4047.0000,3,1,2,6,1,1,1,1,6,2
SF,IF2006,2019-12-23 09:34:33.400,4039.4000,11056,1,168609120.000,1,1,0,双开,S,4039.4000,4038.6000,4038.2000,4038.0000,4037.8000,4040.0000,4040.2000,4043.0000,4045.0000,4047.0000,2,1,2,6,1,1,1,1,6,2
SF,IF2006,2019-12-23 09:34:33.900,4039.4000,11056,0,171032760.000,2,1,1,多换,S,4038.6000,4038.2000,4038.0000,4037.8000,4037.2000,4040.0000,4040.2000,4043.0000,4045.0000,4047.0000,1,2,6,1,1,1,1,1,6,2
SF,IF2006,2019-12-23 09:34:34.400,4039.4000,11056,0,171032760.000,0,-,-,-,-,4038.8000,4038.6000,4038.2000,4038.0000,4037.8000,4040.0000,4040.2000,4043.0000,4045.0000,4047.0000,1,1,1,6,1,1,1,1,6,2
SF,IF2006,2019-12-23 09:34:34.900,4039.4000,11056,0,171032760.000,0,-,-,-,-,4038.8000,4038.6000,4038.2000,4038.0000,4037.8000,4040.2000,4043.0000,4045.0000,4047.0000,4047.2000,1,1,1,6,1,1,1,6,2,1
SF,IF2006,2019-12-23 09:34:35.400,4039.4000,11056,0,171032760.000,0,-,-,-,-,4039.0000,4038.8000,4038.6000,4038.2000,4038.0000,4039.4000,4040.2000,4043.0000,4045.0000,4047.0000,2,1,1,1,6,2,1,1,6,2
SF,IF2006,2019-12-23 09:34:35.900,4039.4000,11055,-1,173456400.000,2,0,2,多平,S,4038.8000,4038.6000,4038.2000,4038.0000,4037.8000,4040.2000,4043.0000,4045.0000,4047.0000,4047.2000,1,1,1,6,1,1,1,6,2,1
SF,IF2006,2019-12-23 09:34:36.400,4039.4000,11055,0,173456400.000,0,-,-,-,-,4038.8000,4038.6000,4038.2000,4038.0000,4037.8000,4040.2000,4043.0000,4045.0000,4047.0000,4047.2000,1,1,1,6,1,1,1,6,2,1
SF,IF2006,2019-12-23 09:34:37.400,4039.4000,11055,0,173456400.000,0,-,-,-,-,4038.8000,4038.6000,4038.2000,4038.0000,4037.8000,4040.2000,4043.0000,4045.0000,4047.0000,4047.2000,1,1,2,6,1,1,1,6,2,1
SF,IF2006,2019-12-23 09:34:40.900,4039.4000,11055,0,173456400.000,0,-,-,-,-,4038.8000,4038.6000,4038.2000,4038.0000,4037.8000,4040.2000,4043.0000,4045.0000,4047.0000,4047.2000,1,1,1,6,1,1,1,6,2,1
SF,IF2006,2019-12-23 09:34:42.900,4039.4000,11055,0,173456400.000,0,-,-,-,-,4038.8000,4038.6000,4038.2000,4038.0000,4037.8000,4040.2000,4043.0000,4045.0000,4047.0000,4047.2000,1,1,1,1,1,1,1,6,2,1
SF,IF2006,2019-12-23 09:34:43.400,4039.4000,11055,0,173456400.000,0,-,-,-,-,4038.8000,4038.6000,4038.2000,4038.0000,4037.8000,4040.0000,4040.2000,4043.0000,4045.0000,4047.0000,1,1,1,1,1,1,1,1,6,2
SF,IF2006,2019-12-23 09:34:43.900,4039.4000,11055,0,173456400.000,0,-,-,-,-,4038.6000,4038.2000,4038.0000,4037.8000,4037.2000,4040.0000,4040.2000,4043.0000,4045.0000,4047.0000,1,1,1,1,1,1,1,1,6,2
SF,IF2006,2019-12-23 09:34:44.400,4038.8000,11054,-1,174668040.000,1,0,1,双平,S,4038.6000,4038.2000,4038.0000,4037.8000,4037.2000,4038.8000,4040.0000,4040.2000,4043.0000,4045.0000,1,1,1,1,1,1,1,1,1,6
SF,IF2006,2019-12-23 09:34:44.900,4038.8000,11053,-1,175879680.000,1,0,1,双平,S,4038.6000,4038.2000,4038.0000,4037.8000,4037.2000,4040.0000,4040.2000,4043.0000,4045.0000,4047.0000,1,1,1,1,1,1,1,1,6,2
SF,IF2006,2019-12-23 09:34:47.400,4038.8000,11053,0,175879680.000,0,-,-,-,-,4038.8000,4038.6000,4038.2000,4038.0000,4037.8000,4040.0000,4040.2000,4043.0000,4045.0000,4047.0000,1,1,1,1,1,1,1,1,6,2
SF,IF2006,2019-12-23 09:34:48.900,4038.8000,11053,0,175879680.000,0,-,-,-,-,4038.6000,4038.2000,4038.0000,4037.8000,4037.2000,4040.0000,4040.2000,4043.0000,4045.0000,4047.0000,1,1,1,1,1,1,1,1,6,2
SF,IF2006,2019-12-23 09:34:49.400,4038.8000,11053,0,175879680.000,0,-,-,-,-,4038.2000,4038.0000,4037.8000,4037.2000,4036.2000,4040.0000,4040.2000,4043.0000,4045.0000,4047.0000,1,1,1,1,1,1,1,1,6,2
SF,IF2006,2019-12-23 09:34:49.900,4038.8000,11053,0,175879680.000,0,-,-,-,-,4038.6000,4038.2000,4038.0000,4037.8000,4037.2000,4039.8000,4040.0000,4040.2000,4043.0000,4045.0000,1,1,1,1,1,1,1,1,1,6
SF,IF2006,2019-12-23 09:34:50.400,4038.8000,11053,0,175879680.000,0,-,-,-,-,4038.6000,4038.2000,4038.0000,4037.8000,4037.2000,4039.6000,4039.8000,4040.2000,4043.0000,4045.0000,1,1,1,1,1,1,1,1,1,6
SF,IF2006,2019-12-23 09:34:50.900,4038.8000,11053,0,175879680.000,0,-,-,-,-,4038.2000,4038.0000,4037.8000,4037.2000,4036.2000,4039.6000,4040.2000,4043.0000,4045.0000,4047.0000,1,1,1,1,1,1,1,1,6,2
SF,IF2006,2019-12-23 09:34:52.400,4038.8000,11053,0,175879680.000,0,-,-,-,-,4038.4000,4038.2000,4038.0000,4037.8000,4037.2000,4039.6000,4040.2000,4043.0000,4045.0000,4047.0000,1,1,1,1,1,1,1,1,6,2
SF,IF2006,2019-12-23 09:34:52.900,4038.8000,11053,0,175879680.000,0,-,-,-,-,4038.6000,4038.4000,4038.2000,4038.0000,4037.8000,4039.6000,4040.2000,4043.0000,4045.0000,4047.0000,1,1,1,1,1,1,1,1,6,2
SF,IF2006,2019-12-23 09:34:54.900,4038.6000,11053,0,177091260.000,1,0,1,多换,S,4038.4000,4038.2000,4038.0000,4037.8000,4037.2000,4039.6000,4040.2000,4043.0000,4045.0000,4047.0000,1,1,1,1,1,1,1,1,6,2
SF,IF2006,2019-12-23 09:34:55.400,4039.6000,11052,-1,180726240.000,3,1,2,多平,S,4038.2000,4038.0000,4037.8000,4037.2000,4036.2000,4039.6000,4040.2000,4043.0000,4045.0000,4047.0000,1,1,1,1,1,2,1,1,6,2
SF,IF2006,2019-12-23 09:34:55.900,4039.6000,11052,0,180726240.000,0,-,-,-,-,4038.4000,4038.2000,4038.0000,4037.8000,4037.2000,4038.6000,4039.6000,4040.2000,4043.0000,4045.0000,1,1,1,1,1,1,2,1,1,6
SF,IF2006,2019-12-23 09:34:56.400,4038.6000,11052,0,181937820.000,1,0,1,多换,S,4038.4000,4038.2000,4038.0000,4037.8000,4037.2000,4039.6000,4040.2000,4043.0000,4045.0000,4047.0000,1,1,1,1,1,2,1,1,6,2
SF,IF2006,2019-12-23 09:35:01.900,4038.4000,11051,-1,183149340.000,1,0,1,双平,S,4038.2000,4038.0000,4037.8000,4037.2000,4036.2000,4039.6000,4040.2000,4043.0000,4045.0000,4047.0000,1,1,1,1,1,2,1,1,6,2
SF,IF2006,2019-12-23 09:35:02.400,4038.4000,11051,0,183149340.000,0,-,-,-,-,4038.2000,4038.0000,4037.2000,4036.2000,4032.0000,4039.4000,4039.6000,4040.2000,4043.0000,4045.0000,1,1,1,1,5,1,2,1,1,6
SF,IF2006,2019-12-23 09:35:02.900,4038.4000,11051,0,183149340.000,0,-,-,-,-,4038.2000,4038.0000,4037.2000,4036.2000,4032.0000,4039.4000,4039.6000,4040.2000,4043.0000,4045.0000,1,1,1,1,5,1,2,1,1,6
SF,IF2006,2019-12-23 09:35:03.400,4038.2000,11050,-1,184360800.000,1,0,1,双平,S,4038.0000,4037.2000,4036.2000,4032.0000,4030.2000,4039.2000,4039.4000,4039.6000,4040.2000,4043.0000,1,1,1,5,1,1,1,2,1,1
SF,IF2006,2019-12-23 09:35:03.900,4038.2000,11050,0,184360800.000,0,-,-,-,-,4038.0000,4037.2000,4036.2000,4032.0000,4030.2000,4039.0000,4039.2000,4039.6000,4040.2000,4043.0000,1,1,1,5,1,1,1,2,1,1
SF,IF2006,2019-12-23 09:35:04.400,4038.2000,11050,0,184360800.000,0,-,-,-,-,4038.0000,4037.2000,4036.6000,4036.2000,4032.0000,4039.0000,4039.2000,4039.6000,4040.2000,4043.0000,1,1,1,1,5,1,1,2,1,1
SF,IF2006,2019-12-23 09:35:04.900,4038.2000,11050,0,184360800.000,0,-,-,-,-,4038.0000,4037.2000,4036.6000,4036.2000,4032.0000,4039.0000,4039.6000,4040.2000,4043.0000,4045.0000,1,1,1,1,5,1,2,1,1,6
SF,IF2006,2019-12-23 09:35:05.400,4038.2000,11050,0,184360800.000,0,-,-,-,-,4038.0000,4037.2000,4036.6000,4036.2000,4032.0000,4039.0000,4039.6000,4040.2000,4043.0000,4045.0000,1,1,1,1,5,1,2,1,1,6
SF,IF2006,2019-12-23 09:35:07.900,4038.0000,11050,0,185572200.000,1,0,1,多换,S,4037.2000,4036.6000,4036.2000,4032.0000,4030.2000,4039.0000,4039.6000,4040.2000,4043.0000,4045.0000,1,1,1,5,1,1,2,1,1,6
SF,IF2006,2019-12-23 09:35:08.400,4036.6000,11048,-2,189205560.000,3,0,3,多平,S,4036.2000,4032.0000,4030.2000,4030.0000,4026.0000,4036.6000,4038.8000,4039.0000,4039.6000,4040.2000,1,5,1,2,1,17,1,1,2,2
SF,IF2006,2019-12-23 09:35:08.900,4036.6000,11033,-15,211003200.000,18,1,17,多平,S,4036.4000,4036.2000,4032.0000,4030.2000,4030.0000,4038.8000,4039.0000,4039.6000,4040.2000,4043.0000,2,3,5,1,2,1,1,2,2,1
SF,IF2006,2019-12-23 09:35:09.400,4036.6000,11033,0,211003200.000,0,-,-,-,-,4036.4000,4036.2000,4032.0000,4030.2000,4030.0000,4038.6000,4038.8000,4039.6000,4040.2000,4043.0000,1,3,5,1,2,1,1,2,2,1
SF,IF2006,2019-12-23 09:35:09.900,4036.6000,11033,0,211003200.000,0,-,-,-,-,4036.6000,4036.2000,4032.0000,4030.2000,4030.0000,4038.4000,4038.6000,4039.6000,4040.2000,4043.0000,1,3,5,1,2,1,1,2,2,1
SF,IF2006,2019-12-23 09:35:10.400,4036.6000,11033,0,211003200.000,0,-,-,-,-,4036.6000,4036.2000,4032.0000,4030.2000,4030.0000,4038.2000,4038.4000,4039.6000,4040.2000,4043.0000,1,3,5,1,2,1,1,2,2,1
SF,IF2006,2019-12-23 09:35:10.900,4036.6000,11033,0,211003200.000,0,-,-,-,-,4036.6000,4036.2000,4032.0000,4030.2000,4030.0000,4038.0000,4038.2000,4039.6000,4040.2000,4043.0000,2,3,5,1,2,1,1,2,2,1
SF,IF2006,2019-12-23 09:35:11.400,4036.6000,11033,0,211003200.000,0,-,-,-,-,4036.8000,4036.6000,4036.2000,4032.0000,4030.2000,4038.0000,4038.2000,4039.6000,4040.2000,4043.0000,1,3,3,5,1,1,1,2,2,1
SF,IF2006,2019-12-23 09:35:11.900,4038.2000,11032,-1,213426060.000,2,0,2,多平,S,4036.8000,4036.6000,4036.2000,4032.0000,4030.2000,4039.6000,4040.2000,4043.0000,4045.0000,4047.0000,4,3,3,5,1,2,2,1,6,2
SF,IF2006,2019-12-23 09:35:12.400,4038.2000,11032,0,213426060.000,0,-,-,-,-,4037.0000,4036.8000,4036.6000,4036.2000,4032.0000,4039.4000,4039.6000,4040.2000,4045.0000,4047.0000,4,3,3,3,5,3,2,2,6,2
SF,IF2006,2019-12-23 09:35:12.900,4038.2000,11032,0,213426060.000,0,-,-,-,-,4037.2000,4037.0000,4036.8000,4036.6000,4036.2000,4039.2000,4039.4000,4039.6000,4040.2000,4045.0000,2,4,1,1,3,2,1,2,2,6
SF,IF2006,2019-12-23 09:35:13.400,4038.2000,11032,0,213426060.000,0,-,-,-,-,4037.4000,4037.2000,4037.0000,4036.8000,4036.6000,4039.0000,4039.6000,4040.2000,4043.0000,4045.0000,2,3,2,1,1,3,2,2,1,6
SF,IF2006,2019-12-23 09:35:13.900,4038.2000,11032,0,213426060.000,0,-,-,-,-,4037.6000,4037.4000,4037.2000,4037.0000,4036.8000,4038.8000,4039.0000,4039.6000,4040.2000,4043.0000,2,3,2,2,1,1,2,2,2,1
SF,IF2006,2019-12-23 09:35:14.400,4038.2000,11032,0,213426060.000,0,-,-,-,-,4037.6000,4037.4000,4037.2000,4037.0000,4036.8000,4038.8000,4039.0000,4039.6000,4040.2000,4043.0000,3,3,1,1,1,1,1,2,2,1
SF,IF2006,2019-12-23 09:35:14.900,4038.2000,11032,0,213426060.000,0,-,-,-,-,4037.6000,4037.4000,4037.2000,4037.0000,4036.8000,4038.8000,4039.0000,4039.6000,4040.2000,4043.0000,2,3,1,1,1,1,1,2,2,1
SF,IF2006,2019-12-23 09:35:15.400,4038.2000,11032,0,213426060.000,0,-,-,-,-,4037.8000,4037.6000,4037.4000,4037.2000,4037.0000,4038.8000,4039.0000,4039.6000,4040.2000,4043.0000,1,2,3,1,1,1,1,2,2,1
SF,IF2006,2019-12-23 09:35:15.900,4038.2000,11032,0,213426060.000,0,-,-,-,-,4037.8000,4037.6000,4037.4000,4037.2000,4037.0000,4038.8000,4039.0000,4039.6000,4040.2000,4043.0000,1,2,2,1,1,1,1,2,2,1
SF,IF2006,2019-12-23 09:35:16.400,4038.2000,11032,0,213426060.000,0,-,-,-,-,4038.0000,4037.8000,4037.6000,4037.4000,4037.2000,4039.0000,4039.6000,4040.2000,4043.0000,4045.0000,1,1,1,2,1,1,2,1,1,6
SF,IF2006,2019-12-23 09:35:16.900,4038.2000,11032,0,213426060.000,0,-,-,-,-,4038.0000,4037.6000,4037.4000,4037.0000,4036.6000,4039.0000,4039.6000,4040.2000,4043.0000,4045.0000,1,1,2,1,1,1,2,1,1,6
SF,IF2006,2019-12-23 09:35:17.400,4038.2000,11032,0,213426060.000,0,-,-,-,-,4038.0000,4037.6000,4037.4000,4036.6000,4036.2000,4039.0000,4039.6000,4040.2000,4043.0000,4045.0000,1,1,2,1,3,1,2,1,1,6
SF,IF2006,2019-12-23 09:35:18.400,4038.2000,11032,0,213426060.000,0,-,-,-,-,4038.0000,4037.6000,4037.4000,4036.6000,4036.2000,4039.0000,4039.6000,4040.2000,4043.0000,4045.0000,1,1,2,2,3,1,2,1,1,6
SF,IF2006,2019-12-23 09:35:18.900,4038.2000,11032,0,213426060.000,0,-,-,-,-,4038.2000,4038.0000,4037.6000,4037.4000,4036.6000,4039.0000,4039.6000,4040.2000,4043.0000,4045.0000,1,1,1,1,2,1,2,1,1,6
SF,IF2006,2019-12-23 09:35:19.400,4038.2000,11032,0,213426060.000,0,-,-,-,-,4038.4000,4038.2000,4037.4000,4036.6000,4036.2000,4039.6000,4040.2000,4043.0000,4045.0000,4047.0000,1,3,1,2,3,2,1,1,6,2
SF,IF2006,2019-12-23 09:35:20.400,4038.2000,11032,0,213426060.000,0,-,-,-,-,4038.6000,4038.4000,4038.2000,4037.0000,4036.6000,4039.6000,4040.2000,4043.0000,4045.0000,4047.0000,1,1,2,1,2,2,1,1,6,2
SF,IF2006,2019-12-23 09:35:20.900,4038.2000,11032,0,213426060.000,0,-,-,-,-,4038.8000,4038.6000,4038.4000,4038.2000,4037.0000,4039.4000,4039.6000,4040.2000,4043.0000,4045.0000,1,1,1,1,1,2,2,1,1,6
SF,IF2006,2019-12-23 09:35:21.400,4038.2000,11032,0,213426060.000,0,-,-,-,-,4038.8000,4038.4000,4038.2000,4037.0000,4036.6000,4039.4000,4039.6000,4040.2000,4043.0000,4045.0000,1,1,1,1,2,2,2,1,1,6
SF,IF2006,2019-12-23 09:35:21.900,4038.2000,11032,0,213426060.000,0,-,-,-,-,4038.6000,4038.4000,4038.2000,4037.0000,4036.6000,4039.6000,4040.2000,4043.0000,4045.0000,4047.0000,1,1,1,1,2,2,1,1,6,2
SF,IF2006,2019-12-23 09:35:22.400,4038.2000,11032,0,213426060.000,0,-,-,-,-,4038.6000,4038.4000,4038.2000,4037.0000,4036.6000,4039.6000,4040.2000,4043.0000,4045.0000,4047.0000,1,2,1,1,2,2,1,1,6,2
SF,IF2006,2019-12-23 09:35:22.900,4038.2000,11032,0,213426060.000,0,-,-,-,-,4038.8000,4038.6000,4038.4000,4038.2000,4037.0000,4039.6000,4040.2000,4043.0000,4045.0000,4047.0000,1,1,1,1,1,2,1,1,6,2
SF,IF2006,2019-12-23 09:35:23.900,4039.6000,11031,-1,214637940.000,1,0,1,双平,S,4038.8000,4038.6000,4038.4000,4038.2000,4037.0000,4039.6000,4040.2000,4043.0000,4045.0000,4047.0000,1,1,1,1,1,1,1,1,6,2
SF,IF2006,2019-12-23 09:35:24.400,4039.6000,11031,0,215849820.000,1,0,1,多换,S,4038.8000,4038.6000,4038.4000,4037.0000,4036.6000,4040.2000,4043.0000,4045.0000,4047.0000,4047.2000,1,1,1,1,2,1,1,6,2,1
SF,IF2006,2019-12-23 09:35:24.900,4039.6000,11031,0,215849820.000,0,-,-,-,-,4039.0000,4038.8000,4038.6000,4038.4000,4037.0000,4040.2000,4043.0000,4045.0000,4047.0000,4047.2000,1,1,1,1,1,1,1,6,2,1
SF,IF2006,2019-12-23 09:35:25.400,4040.2000,11032,1,217061880.000,1,1,0,双开,S,4039.2000,4039.0000,4038.6000,4038.4000,4037.0000,4043.0000,4045.0000,4047.0000,4047.2000,4047.8000,1,1,1,2,1,1,6,2,1,3
SF,IF2006,2019-12-23 09:35:25.900,4040.2000,11032,0,217061880.000,0,-,-,-,-,4039.4000,4039.2000,4039.0000,4038.6000,4038.4000,4042.4000,4042.8000,4043.0000,4045.0000,4047.0000,1,1,1,1,2,1,4,2,5,2
SF,IF2006,2019-12-23 09:35:26.400,4040.2000,11032,0,217061880.000,0,-,-,-,-,4040.4000,4039.6000,4039.4000,4038.4000,4036.6000,4042.2000,4042.4000,4042.8000,4043.0000,4047.0000,1,2,2,1,1,3,1,1,1,2
SF,IF2006,2019-12-23 09:35:26.900,4040.2000,11032,0,217061880.000,0,-,-,-,-,4039.6000,4038.4000,4036.6000,4036.2000,4032.0000,4042.0000,4042.2000,4042.8000,4043.0000,4047.0000,1,1,1,1,5,3,1,1,1,2
SF,IF2006,2019-12-23 09:35:27.400,4040.2000,11032,0,217061880.000,0,-,-,-,-,4039.8000,4039.6000,4038.4000,4036.6000,4036.2000,4041.8000,4042.0000,4042.8000,4043.0000,4047.0000,1,1,1,1,1,4,1,1,1,2
SF,IF2006,2019-12-23 09:35:27.900,4040.2000,11032,0,217061880.000,0,-,-,-,-,4040.4000,4039.8000,4039.6000,4038.4000,4036.8000,4041.8000,4042.0000,4042.8000,4043.0000,4047.0000,1,1,1,1,1,4,1,1,1,2
SF,IF2006,2019-12-23 09:35:28.400,4040.2000,11032,0,217061880.000,0,-,-,-,-,4039.8000,4039.6000,4036.8000,4036.6000,4036.2000,4041.6000,4041.8000,4042.8000,4043.0000,4047.0000,1,1,1,1,1,3,2,1,1,2
SF,IF2006,2019-12-23 09:35:28.900,4040.2000,11032,0,217061880.000,0,-,-,-,-,4039.8000,4039.6000,4036.8000,4036.6000,4036.2000,4041.4000,4041.6000,4041.8000,4042.8000,4043.0000,1,1,1,1,1,1,3,1,1,1
SF,IF2006,2019-12-23 09:35:29.400,4040.2000,11032,0,217061880.000,0,-,-,-,-,4040.4000,4039.8000,4039.6000,4036.8000,4036.6000,4041.2000,4041.4000,4041.6000,4041.8000,4042.8000,1,1,1,1,1,1,1,3,1,1
SF,IF2006,2019-12-23 09:35:30.400,4041.4000,11031,-1,219486660.000,2,0,2,多平,S,4040.4000,4039.8000,4039.6000,4036.8000,4036.6000,4041.6000,4041.8000,4042.8000,4043.0000,4047.0000,1,1,1,1,1,2,1,1,1,2
SF,IF2006,2019-12-23 09:35:30.900,4041.4000,11031,0,219486660.000,0,-,-,-,-,4040.6000,4040.4000,4039.6000,4036.8000,4036.6000,4041.6000,4041.8000,4042.8000,4043.0000,4047.0000,1,1,1,1,1,2,1,1,1,2
