市场代码,合约代码,时间,最新,持仓,增仓,成交额,成交量,开仓,平仓,成交类型,方向,买一价,买二价,买三价,买四价,买五价,卖一价,卖二价,卖三价,卖四价,卖五价,买一量,买二量,买三量,买四量,买五量,卖一量,卖二量,卖三量,卖四量,卖五量
SF,IF2010,2020-09-08 09:29:00.100,4644.0000,9996,0,8359200.000,6.000,-,-,-,-,4640.0000,4639.0000,4636.0000,4635.0000,4631.8000,4645.0000,4648.0000,4648.6000,4649.0000,4650.0000,2,1,1,1,1,3,5,1,14,50
SF,IF2010,2020-09-08 09:30:00.100,4644.0000,9996,0,8359200.000,0,-,-,-,-,4640.0000,4639.0000,4636.0000,4635.0000,4631.8000,4644.8000,4645.0000,4648.6000,4649.0000,4650.0000,2,1,1,1,1,1,3,1,14,50
SF,IF2010,2020-09-08 09:30:00.600,4640.2000,9995,-1,9751260.000,1,0,1,双平,S,4640.2000,4640.0000,4639.0000,4638.0000,4636.0000,4641.6000,4642.0000,4642.2000,4644.6000,4644.8000,1,2,1,1,1,1,1,1,5,1
SF,IF2010,2020-09-08 09:30:01.100,4640.4000,9994,-1,11143380.000,1,0,1,双平,S,4640.0000,4638.0000,4635.0000,4633.2000,4631.0000,4641.2000,4644.0000,4644.6000,4644.8000,4645.0000,2,1,1,1,5,1,1,3,1,3
SF,IF2010,2020-09-08 09:30:01.600,4640.0000,9993,-1,12535380.000,1,0,1,双平,S,4640.0000,4635.0000,4633.2000,4631.0000,4630.4000,4640.6000,4641.2000,4641.6000,4644.0000,4644.6000,1,1,1,5,4,1,1,1,1,4
SF,IF2010,2020-09-08 09:30:02.100,4640.2000,9990,-3,18104280.000,4,0,4,多平,S,4635.0000,4633.2000,4631.0000,4630.4000,4630.2000,4644.6000,4644.8000,4645.0000,4648.6000,4649.0000,5,1,5,4,1,4,1,3,1,14
SF,IF2010,2020-09-08 09:30:02.600,4640.2000,9990,0,18104280.000,0,-,-,-,-,4635.4000,4635.2000,4635.0000,4633.2000,4631.0000,4638.6000,4641.6000,4642.0000,4642.2000,4643.2000,1,3,1,1,5,1,2,1,1,1
SF,IF2010,2020-09-08 09:30:03.100,4640.2000,9990,0,18104280.000,0,-,-,-,-,4636.0000,4635.6000,4635.4000,4635.2000,4633.2000,4638.4000,4638.6000,4641.6000,4642.0000,4642.2000,1,3,1,1,1,1,1,2,1,1
SF,IF2010,2020-09-08 09:30:03.600,4640.2000,9990,0,18104280.000,0,-,-,-,-,4636.2000,4635.6000,4635.4000,4635.2000,4633.2000,4638.4000,4638.6000,4641.6000,4642.0000,4643.2000,1,2,1,1,1,1,1,2,1,1
SF,IF2010,2020-09-08 09:30:04.100,4640.2000,9990,0,18104280.000,0,-,-,-,-,4636.6000,4636.2000,4635.6000,4635.2000,4633.2000,4638.4000,4638.6000,4641.6000,4642.0000,4643.2000,1,1,2,1,1,1,1,2,1,1
SF,IF2010,2020-09-08 09:30:04.600,4640.2000,9990,0,18104280.000,0,-,-,-,-,4638.0000,4636.2000,4635.6000,4635.2000,4633.2000,4638.4000,4638.6000,4641.6000,4642.0000,4643.2000,1,1,2,1,1,1,1,2,1,1
SF,IF2010,2020-09-08 09:30:05.100,4636.2000,9988,-2,20886540.000,2,0,2,双平,S,4633.2000,4631.0000,4630.4000,4630.2000,4630.0000,4635.0000,4638.0000,4638.6000,4641.6000,4642.0000,1,5,4,1,5,2,1,1,2,1
SF,IF2010,2020-09-08 09:30:05.600,4635.0000,9987,-1,23667600.000,2,0,2,多平,S,4637.2000,4635.6000,4635.0000,4634.8000,4634.4000,4638.6000,4641.6000,4642.0000,4643.2000,4644.6000,1,2,14,2,3,1,2,1,1,2
SF,IF2010,2020-09-08 09:30:06.100,4638.6000,9986,-1,25059180.000,1,0,1,双平,S,4637.2000,4636.8000,4636.0000,4635.4000,4635.0000,4641.6000,4642.0000,4643.2000,4644.6000,4644.8000,1,1,1,1,9,2,1,1,2,2
SF,IF2010,2020-09-08 09:30:06.600,4638.6000,9986,0,25059180.000,0,-,-,-,-,4638.4000,4637.4000,4637.2000,4636.0000,4635.4000,4639.0000,4639.4000,4641.4000,4641.6000,4642.0000,1,3,1,1,1,1,1,1,2,1
SF,IF2010,2020-09-08 09:30:07.100,4638.6000,9986,0,25059180.000,0,-,-,-,-,4640.2000,4638.6000,4638.4000,4637.4000,4636.0000,4641.4000,4641.6000,4642.0000,4643.2000,4644.6000,1,1,1,3,1,1,2,1,1,1
SF,IF2010,2020-09-08 09:30:07.600,4640.2000,9986,0,27843300.000,2,1,1,多换,S,4639.0000,4638.6000,4638.4000,4637.4000,4636.0000,4641.6000,4643.2000,4644.6000,4644.8000,4645.0000,1,1,1,1,1,2,1,1,2,8
SF,IF2010,2020-09-08 09:30:08.100,4640.2000,9986,0,27843300.000,0,-,-,-,-,4639.2000,4639.0000,4638.6000,4638.4000,4636.6000,4640.4000,4641.6000,4643.2000,4644.6000,4644.8000,3,1,1,1,2,1,1,1,1,2
SF,IF2010,2020-09-08 09:30:08.600,4640.2000,9985,-1,29235360.000,1,0,1,双平,S,4639.2000,4639.0000,4638.6000,4638.4000,4636.6000,4643.2000,4644.6000,4644.8000,4645.0000,4649.0000,1,1,1,1,2,1,1,2,8,14
SF,IF2010,2020-09-08 09:30:09.100,4640.2000,9985,0,29235360.000,0,-,-,-,-,4640.4000,4639.4000,4639.2000,4639.0000,4638.6000,4643.0000,4644.6000,4644.8000,4645.0000,4649.0000,1,1,2,1,1,1,1,2,8,14
SF,IF2010,2020-09-08 09:30:09.600,4640.2000,9985,0,29235360.000,0,-,-,-,-,4640.6000,4639.2000,4639.0000,4638.6000,4638.4000,4641.2000,4641.6000,4643.2000,4644.6000,4644.8000,1,1,1,1,1,1,1,1,1,2
SF,IF2010,2020-09-08 09:30:10.100,4640.2000,9985,0,29235360.000,0,-,-,-,-,4640.6000,4639.4000,4639.2000,4639.0000,4638.4000,4643.2000,4644.6000,4644.8000,4645.0000,4649.0000,1,1,1,1,1,1,1,2,8,14
SF,IF2010,2020-09-08 09:30:10.600,4640.2000,9985,0,29235360.000,0,-,-,-,-,4640.8000,4640.6000,4639.4000,4639.2000,4639.0000,4643.2000,4644.6000,4644.8000,4645.0000,4649.0000,2,1,1,1,1,1,1,2,8,14
SF,IF2010,2020-09-08 09:30:11.100,4640.2000,9985,0,29235360.000,0,-,-,-,-,4641.0000,4640.8000,4640.6000,4639.4000,4639.2000,4643.2000,4644.6000,4644.8000,4645.0000,4649.0000,2,2,1,1,1,1,1,2,8,14
SF,IF2010,2020-09-08 09:30:11.600,4641.2000,9984,-1,32020680.000,2,0,2,多平,S,4641.2000,4641.0000,4640.6000,4639.2000,4639.0000,4644.6000,4644.8000,4645.0000,4649.0000,4650.0000,1,3,1,1,1,1,2,8,14,57
SF,IF2010,2020-09-08 09:30:12.100,4641.2000,9984,0,32020680.000,0,-,-,-,-,4641.4000,4641.2000,4641.0000,4640.6000,4639.0000,4643.0000,4644.6000,4644.8000,4645.0000,4649.0000,1,1,3,1,1,1,2,2,8,14
SF,IF2010,2020-09-08 09:30:12.600,4643.0000,9983,-1,33413580.000,1,0,1,双平,S,4641.4000,4641.2000,4641.0000,4640.6000,4639.0000,4644.6000,4644.8000,4645.0000,4649.0000,4650.0000,1,1,2,1,1,2,2,8,14,57
SF,IF2010,2020-09-08 09:30:13.100,4643.0000,9983,0,33413580.000,0,-,-,-,-,4641.6000,4641.4000,4641.0000,4640.6000,4639.0000,4644.4000,4644.6000,4644.8000,4645.0000,4649.0000,2,1,2,1,1,1,2,2,8,14
SF,IF2010,2020-09-08 09:30:13.600,4644.4000,9982,-1,34806900.000,1,0,1,双平,S,4641.6000,4641.4000,4641.0000,4640.6000,4639.0000,4644.6000,4644.8000,4645.0000,4649.0000,4650.0000,3,1,1,1,1,2,2,8,14,57
SF,IF2010,2020-09-08 09:30:14.600,4644.4000,9982,0,34806900.000,0,-,-,-,-,4643.0000,4641.6000,4641.4000,4641.0000,4640.6000,4644.6000,4644.8000,4645.0000,4649.0000,4650.0000,1,4,1,1,1,2,2,8,14,57
SF,IF2010,2020-09-08 09:30:15.100,4644.4000,9982,0,34806900.000,0,-,-,-,-,4643.0000,4641.6000,4641.4000,4639.0000,4638.4000,4643.6000,4644.2000,4644.6000,4644.8000,4645.0000,1,3,1,1,1,1,1,2,2,8
SF,IF2010,2020-09-08 09:30:15.600,4643.6000,9980,-2,37593060.000,2,0,2,双平,S,4643.0000,4641.6000,4641.4000,4639.0000,4638.4000,4644.6000,4644.8000,4645.0000,4649.0000,4650.0000,1,2,1,1,1,2,2,8,21,57
SF,IF2010,2020-09-08 09:30:16.100,4643.0000,9980,0,38985960.000,1,0,1,多换,S,4641.6000,4641.4000,4639.0000,4638.4000,4635.4000,4644.6000,4644.8000,4645.0000,4649.0000,4650.0000,2,1,1,1,2,2,2,8,21,57
SF,IF2010,2020-09-08 09:30:16.600,4643.0000,9980,0,38985960.000,0,-,-,-,-,4641.8000,4641.6000,4641.4000,4639.0000,4638.4000,4644.6000,4644.8000,4645.0000,4649.0000,4650.0000,3,2,1,1,1,1,2,8,21,52
SF,IF2010,2020-09-08 09:30:17.100,4643.0000,9980,0,38985960.000,0,-,-,-,-,4643.8000,4642.0000,4641.8000,4641.6000,4641.4000,4644.6000,4644.8000,4645.0000,4649.0000,4650.0000,5,2,3,1,1,1,2,8,21,52
SF,IF2010,2020-09-08 09:30:17.600,4643.0000,9980,0,38985960.000,0,-,-,-,-,4643.8000,4642.0000,4641.8000,4641.6000,4639.0000,4644.6000,4644.8000,4645.0000,4649.0000,4650.0000,5,2,1,1,1,1,2,9,21,52
SF,IF2010,2020-09-08 09:30:18.100,4643.0000,9980,0,38985960.000,0,-,-,-,-,4643.8000,4642.2000,4642.0000,4641.6000,4639.0000,4644.6000,4644.8000,4645.0000,4649.0000,4650.0000,5,1,2,1,1,1,2,9,21,52
SF,IF2010,2020-09-08 09:30:18.600,4644.6000,9980,0,40379340.000,1,0,1,多换,S,4643.8000,4642.2000,4642.0000,4641.6000,4639.0000,4644.8000,4645.0000,4649.0000,4650.0000,4655.0000,5,1,2,1,1,2,9,21,52,10
SF,IF2010,2020-09-08 09:30:19.600,4644.6000,9980,0,40379340.000,0,-,-,-,-,4643.8000,4642.2000,4642.0000,4641.6000,4639.0000,4644.8000,4645.0000,4649.0000,4650.0000,4655.0000,5,1,2,1,1,3,9,21,52,10
SF,IF2010,2020-09-08 09:30:20.100,4643.8000,9980,0,47345040.000,5,2,3,多换,S,4642.2000,4642.0000,4641.6000,4639.0000,4638.4000,4644.6000,4644.8000,4645.0000,4649.0000,4650.0000,1,2,1,1,1,1,3,9,21,52
SF,IF2010,2020-09-08 09:30:20.600,4643.8000,9980,0,47345040.000,0,-,-,-,-,4642.4000,4642.2000,4641.6000,4639.0000,4638.4000,4644.6000,4644.8000,4645.0000,4649.0000,4650.0000,4,1,1,1,1,1,3,9,21,52
SF,IF2010,2020-09-08 09:30:21.100,4643.8000,9980,0,47345040.000,0,-,-,-,-,4642.4000,4641.6000,4639.0000,4638.4000,4635.4000,4643.8000,4644.6000,4644.8000,4645.0000,4649.0000,3,1,1,1,2,1,1,3,9,21
SF,IF2010,2020-09-08 09:30:21.600,4643.8000,9980,0,47345040.000,0,-,-,-,-,4639.0000,4638.4000,4635.4000,4633.4000,4631.0000,4643.8000,4644.4000,4644.6000,4644.8000,4645.0000,1,1,2,1,5,1,1,1,3,9
SF,IF2010,2020-09-08 09:30:22.100,4643.8000,9979,-1,48738180.000,1,0,1,双平,S,4639.2000,4639.0000,4638.4000,4635.4000,4633.4000,4643.8000,4644.4000,4644.6000,4644.8000,4645.0000,4,1,1,2,1,1,1,1,3,9
SF,IF2010,2020-09-08 09:30:22.600,4643.8000,9979,0,48738180.000,0,-,-,-,-,4639.2000,4639.0000,4638.4000,4635.4000,4633.4000,4643.6000,4643.8000,4644.4000,4644.6000,4644.8000,4,1,1,2,1,2,2,1,1,3
SF,IF2010,2020-09-08 09:30:23.100,4643.8000,9979,0,48738180.000,0,-,-,-,-,4639.2000,4639.0000,4638.4000,4635.4000,4633.4000,4643.2000,4643.4000,4643.6000,4643.8000,4644.4000,4,1,1,2,1,1,1,4,2,1
SF,IF2010,2020-09-08 09:30:23.600,4643.8000,9978,-1,51524460.000,2,0,2,多平,S,4640.0000,4639.2000,4639.0000,4638.4000,4635.4000,4643.6000,4643.8000,4644.4000,4644.6000,4644.8000,1,4,1,1,2,4,2,1,1,3
SF,IF2010,2020-09-08 09:30:24.100,4643.8000,9978,0,51524460.000,0,-,-,-,-,4640.2000,4640.0000,4639.2000,4639.0000,4638.4000,4643.2000,4643.6000,4643.8000,4644.4000,4644.6000,1,1,3,1,1,1,2,2,1,1
SF,IF2010,2020-09-08 09:30:24.600,4643.8000,9978,0,51524460.000,0,-,-,-,-,4640.4000,4640.2000,4640.0000,4639.2000,4639.0000,4643.0000,4643.2000,4643.6000,4643.8000,4644.4000,1,1,1,3,1,1,2,2,2,1
SF,IF2010,2020-09-08 09:30:25.100,4643.8000,9978,0,51524460.000,0,-,-,-,-,4640.6000,4640.4000,4640.0000,4639.2000,4639.0000,4642.8000,4643.0000,4643.2000,4643.8000,4644.4000,1,1,1,3,1,1,1,1,2,1
SF,IF2010,2020-09-08 09:30:25.600,4643.8000,9978,0,51524460.000,0,-,-,-,-,4640.8000,4640.6000,4640.4000,4640.0000,4639.2000,4642.8000,4643.0000,4643.2000,4643.8000,4644.4000,1,1,1,1,3,1,2,1,1,1
SF,IF2010,2020-09-08 09:30:26.100,4643.8000,9978,0,51524460.000,0,-,-,-,-,4641.0000,4640.8000,4640.4000,4640.0000,4639.2000,4642.8000,4643.0000,4643.2000,4643.8000,4644.4000,2,1,1,1,3,1,2,1,2,1
SF,IF2010,2020-09-08 09:30:26.600,4643.8000,9978,0,51524460.000,0,-,-,-,-,4641.0000,4640.8000,4640.0000,4639.2000,4639.0000,4643.0000,4643.8000,4644.4000,4644.6000,4644.8000,2,1,1,3,1,2,2,1,1,3
SF,IF2010,2020-09-08 09:30:27.100,4640.8000,9976,-2,54309000.000,2,0,2,双平,S,4640.0000,4639.2000,4639.0000,4638.6000,4638.4000,4643.0000,4643.8000,4644.4000,4644.6000,4644.8000,1,3,1,1,1,2,1,1,2,3
SF,IF2010,2020-09-08 09:30:27.600,4640.8000,9976,0,54309000.000,0,-,-,-,-,4640.2000,4640.0000,4639.2000,4639.0000,4638.8000,4642.8000,4643.0000,4643.8000,4644.4000,4644.6000,1,1,3,1,1,1,2,2,1,2
SF,IF2010,2020-09-08 09:30:28.100,4640.8000,9976,0,54309000.000,0,-,-,-,-,4640.4000,4640.2000,4640.0000,4639.2000,4639.0000,4642.8000,4643.0000,4643.8000,4644.4000,4644.6000,2,1,1,3,1,1,2,2,1,2
SF,IF2010,2020-09-08 09:30:28.600,4640.4000,9976,0,55701120.000,1,0,1,多换,S,4640.6000,4640.4000,4639.2000,4639.0000,4638.8000,4642.8000,4643.0000,4643.8000,4644.4000,4644.6000,1,1,3,1,1,2,1,1,1,2
SF,IF2010,2020-09-08 09:30:29.100,4640.4000,9976,0,55701120.000,0,-,-,-,-,4640.6000,4640.4000,4640.2000,4639.2000,4639.0000,4640.8000,4642.8000,4643.0000,4643.8000,4644.4000,1,1,1,3,1,1,2,1,1,1
SF,IF2010,2020-09-08 09:30:29.600,4640.4000,9976,0,55701120.000,0,-,-,-,-,4640.4000,4639.2000,4639.0000,4638.8000,4638.4000,4640.8000,4642.8000,4643.0000,4643.8000,4644.6000,1,3,1,1,1,1,1,1,1,2
SF,IF2010,2020-09-08 09:30:30.100,4640.8000,9975,-1,57093360.000,1,0,1,双平,S,4640.4000,4639.2000,4639.0000,4638.8000,4638.4000,4642.8000,4643.0000,4643.8000,4644.6000,4644.8000,1,3,1,1,1,1,1,1,2,3
SF,IF2010,2020-09-08 09:30:30.600,4640.8000,9975,0,57093360.000,0,-,-,-,-,4640.4000,4639.2000,4639.0000,4638.8000,4638.4000,4642.6000,4642.8000,4643.0000,4643.8000,4644.6000,1,3,1,1,1,2,1,1,1,2
SF,IF2010,2020-09-08 09:30:31.600,4640.8000,9975,0,57093360.000,0,-,-,-,-,4640.6000,4640.4000,4639.2000,4639.0000,4638.8000,4642.6000,4642.8000,4643.0000,4643.8000,4644.6000,1,1,3,1,1,2,1,1,1,2
SF,IF2010,2020-09-08 09:30:32.100,4640.8000,9975,0,57093360.000,0,-,-,-,-,4640.6000,4640.4000,4639.2000,4639.0000,4638.8000,4642.6000,4642.8000,4643.0000,4643.8000,4644.6000,1,1,3,1,1,1,1,1,1,2
SF,IF2010,2020-09-08 09:30:32.600,4640.8000,9975,0,57093360.000,0,-,-,-,-,4640.8000,4640.4000,4639.2000,4639.0000,4638.8000,4642.6000,4642.8000,4643.0000,4643.8000,4644.6000,1,1,3,1,1,1,1,1,1,2
SF,IF2010,2020-09-08 09:30:33.100,4640.8000,9974,-1,58485600.000,1,0,1,双平,S,4640.4000,4639.2000,4639.0000,4638.8000,4638.4000,4642.4000,4642.6000,4642.8000,4643.0000,4643.8000,1,3,1,1,1,2,1,1,1,1
SF,IF2010,2020-09-08 09:30:33.600,4640.8000,9974,0,58485600.000,0,-,-,-,-,4640.4000,4639.2000,4639.0000,4638.8000,4638.4000,4640.6000,4642.2000,4642.4000,4642.8000,4643.0000,1,3,1,1,1,2,1,2,1,1
SF,IF2010,2020-09-08 09:30:34.100,4640.4000,9973,-1,61269900.000,2,0,2,多平,S,4639.2000,4639.0000,4638.8000,4638.4000,4638.0000,4640.6000,4642.2000,4642.4000,4642.8000,4643.0000,3,1,1,1,1,1,1,2,1,1
SF,IF2010,2020-09-08 09:30:34.600,4640.4000,9973,0,61269900.000,0,-,-,-,-,4639.4000,4639.0000,4638.8000,4638.4000,4638.0000,4640.6000,4642.2000,4642.4000,4642.8000,4643.0000,1,1,1,1,1,1,1,1,1,1
SF,IF2010,2020-09-08 09:30:35.100,4640.4000,9973,0,61269900.000,0,-,-,-,-,4639.4000,4639.0000,4638.8000,4638.4000,4638.0000,4640.6000,4642.2000,4642.4000,4642.8000,4643.0000,2,1,1,1,1,1,1,1,1,1
SF,IF2010,2020-09-08 09:30:35.600,4640.4000,9973,0,61269900.000,0,-,-,-,-,4639.0000,4638.8000,4638.4000,4638.0000,4635.4000,4640.6000,4642.4000,4642.8000,4643.0000,4643.8000,1,1,1,1,2,1,1,1,1,1
SF,IF2010,2020-09-08 09:30:36.100,4640.4000,9973,0,61269900.000,0,-,-,-,-,4639.0000,4638.8000,4638.4000,4638.0000,4635.4000,4640.6000,4642.4000,4642.8000,4643.0000,4643.8000,1,1,1,1,2,2,1,1,1,1
SF,IF2010,2020-09-08 09:30:36.600,4640.4000,9973,0,64053720.000,2,1,1,多换,S,4638.8000,4638.4000,4638.0000,4635.4000,4635.0000,4640.4000,4640.6000,4642.4000,4642.8000,4643.0000,1,1,1,2,1,1,2,1,1,1
SF,IF2010,2020-09-08 09:30:37.100,4638.8000,9973,0,65445360.000,1,0,1,多换,S,4638.4000,4638.0000,4635.4000,4635.0000,4633.4000,4640.4000,4640.6000,4642.4000,4643.0000,4643.8000,1,1,2,1,1,1,2,1,1,1
SF,IF2010,2020-09-08 09:30:37.600,4638.8000,9973,0,65445360.000,0,-,-,-,-,4638.4000,4638.0000,4635.4000,4635.0000,4633.4000,4640.2000,4640.4000,4640.6000,4642.4000,4643.0000,1,1,2,1,1,1,1,2,1,1
SF,IF2010,2020-09-08 09:30:38.100,4638.8000,9973,0,65445360.000,0,-,-,-,-,4638.4000,4638.0000,4635.4000,4635.0000,4633.4000,4640.2000,4640.4000,4640.6000,4642.4000,4643.0000,1,1,2,1,1,1,2,2,1,1
SF,IF2010,2020-09-08 09:30:38.600,4638.8000,9973,0,65445360.000,0,-,-,-,-,4638.4000,4638.0000,4635.4000,4635.0000,4633.4000,4640.2000,4640.4000,4640.6000,4642.4000,4643.0000,1,1,2,1,1,1,1,2,1,1
SF,IF2010,2020-09-08 09:30:39.100,4638.8000,9973,0,65445360.000,0,-,-,-,-,4639.4000,4638.4000,4638.0000,4635.4000,4635.0000,4640.2000,4640.6000,4642.4000,4643.0000,4643.8000,1,1,1,1,1,1,2,1,1,1
SF,IF2010,2020-09-08 09:30:39.600,4639.4000,9973,0,66837180.000,1,0,1,多换,S,4638.4000,4638.0000,4635.4000,4635.0000,4633.4000,4640.0000,4640.6000,4642.4000,4643.0000,4643.8000,1,1,1,1,1,1,2,1,1,1
SF,IF2010,2020-09-08 09:30:40.100,4639.4000,9973,0,66837180.000,0,-,-,-,-,4638.6000,4638.4000,4638.0000,4635.4000,4635.0000,4640.0000,4640.6000,4642.4000,4643.0000,4643.8000,1,1,1,1,1,1,2,1,1,1
SF,IF2010,2020-09-08 09:30:40.600,4639.4000,9973,0,66837180.000,0,-,-,-,-,4638.6000,4638.4000,4638.0000,4635.4000,4635.0000,4639.4000,4640.0000,4640.6000,4642.4000,4643.0000,1,1,1,1,1,1,1,2,1,1
SF,IF2010,2020-09-08 09:30:41.100,4639.4000,9971,-2,69620580.000,2,0,2,双平,S,4638.4000,4638.0000,4635.4000,4635.0000,4633.4000,4640.0000,4640.6000,4642.4000,4643.0000,4644.6000,1,1,1,1,1,2,2,1,1,1
SF,IF2010,2020-09-08 09:30:41.600,4639.4000,9970,-1,71012400.000,1,0,1,双平,S,4638.4000,4638.0000,4635.4000,4635.0000,4633.4000,4640.0000,4640.6000,4642.4000,4644.6000,4644.8000,1,1,1,1,1,1,1,1,1,1
SF,IF2010,2020-09-08 09:30:42.100,4639.4000,9970,0,71012400.000,0,-,-,-,-,4638.6000,4638.4000,4638.0000,4635.4000,4635.0000,4640.0000,4640.6000,4642.4000,4644.6000,4644.8000,1,1,1,1,1,1,1,1,1,1
SF,IF2010,2020-09-08 09:30:43.100,4640.0000,9970,0,72404400.000,1,0,1,多换,S,4638.6000,4638.4000,4638.0000,4637.0000,4635.4000,4640.6000,4642.4000,4644.6000,4644.8000,4645.0000,1,1,1,1,1,1,1,1,1,14
SF,IF2010,2020-09-08 09:30:43.600,4640.0000,9970,0,72404400.000,0,-,-,-,-,4638.8000,4638.6000,4638.4000,4638.0000,4637.0000,4640.6000,4642.4000,4644.6000,4644.8000,4645.0000,2,1,1,1,1,1,1,1,1,14
SF,IF2010,2020-09-08 09:30:44.100,4638.8000,9969,-1,73796040.000,1,0,1,双平,S,4638.8000,4638.4000,4638.0000,4637.0000,4635.4000,4640.6000,4642.4000,4644.6000,4644.8000,4645.0000,1,1,1,1,1,1,1,1,1,14
SF,IF2010,2020-09-08 09:30:44.600,4638.8000,9969,0,73796040.000,0,-,-,-,-,4640.0000,4638.8000,4638.4000,4638.0000,4637.0000,4640.4000,4640.6000,4642.4000,4644.6000,4644.8000,1,1,1,1,1,1,1,1,1,1
SF,IF2010,2020-09-08 09:30:45.100,4638.8000,9968,-1,76579680.000,2,0,2,多平,S,4638.4000,4638.0000,4637.0000,4635.4000,4635.0000,4640.0000,4640.4000,4640.6000,4642.4000,4644.6000,1,1,1,1,1,2,2,1,1,1
SF,IF2010,2020-09-08 09:30:45.600,4638.8000,9968,0,76579680.000,0,-,-,-,-,4638.4000,4638.0000,4637.0000,4635.4000,4635.0000,4640.4000,4640.6000,4642.4000,4644.6000,4644.8000,1,1,1,1,1,1,1,1,1,1
SF,IF2010,2020-09-08 09:30:46.100,4638.8000,9968,0,76579680.000,0,-,-,-,-,4638.4000,4638.0000,4637.0000,4636.6000,4635.4000,4639.8000,4640.2000,4640.4000,4640.6000,4642.4000,1,1,1,1,1,2,1,2,1,1
SF,IF2010,2020-09-08 09:30:46.600,4638.4000,9968,0,77971200.000,1,0,1,多换,S,4638.0000,4636.6000,4635.4000,4635.0000,4633.4000,4638.4000,4639.8000,4640.2000,4640.4000,4640.6000,1,1,1,1,1,1,2,1,2,1
SF,IF2010,2020-09-08 09:30:47.100,4638.0000,9968,0,79362600.000,1,0,1,多换,S,4636.6000,4635.4000,4635.0000,4633.4000,4631.0000,4639.8000,4640.2000,4640.4000,4640.6000,4642.4000,1,1,1,1,5,2,1,2,1,1
SF,IF2010,2020-09-08 09:30:47.600,4638.0000,9968,0,79362600.000,0,-,-,-,-,4636.8000,4636.6000,4635.4000,4635.0000,4633.4000,4639.6000,4639.8000,4640.4000,4640.6000,4642.4000,1,1,1,1,1,1,2,2,1,1
SF,IF2010,2020-09-08 09:30:48.100,4638.0000,9968,0,79362600.000,0,-,-,-,-,4636.8000,4636.6000,4635.4000,4635.0000,4633.4000,4639.2000,4639.6000,4639.8000,4640.4000,4640.6000,1,1,1,1,1,1,1,3,2,1
SF,IF2010,2020-09-08 09:30:48.600,4638.0000,9968,0,79362600.000,0,-,-,-,-,4636.6000,4635.4000,4635.0000,4633.4000,4631.0000,4639.0000,4639.2000,4639.8000,4640.4000,4640.6000,1,1,1,1,5,1,1,3,2,1
SF,IF2010,2020-09-08 09:30:49.100,4638.0000,9968,0,79362600.000,0,-,-,-,-,4636.6000,4635.4000,4635.0000,4633.4000,4631.0000,4639.0000,4639.2000,4639.8000,4640.4000,4640.6000,1,1,1,1,5,1,1,2,2,1
SF,IF2010,2020-09-08 09:30:49.600,4639.2000,9968,0,83537640.000,3,1,2,多换,S,4639.2000,4636.6000,4635.4000,4635.0000,4633.4000,4639.8000,4640.4000,4640.6000,4642.4000,4644.6000,2,1,1,1,1,2,1,1,1,1
SF,IF2010,2020-09-08 09:30:50.100,4639.2000,9968,0,86321160.000,2,1,1,多换,S,4636.6000,4635.4000,4635.0000,4633.4000,4631.0000,4638.0000,4638.8000,4639.0000,4639.2000,4639.6000,1,1,1,1,5,2,2,2,5,1
SF,IF2010,2020-09-08 09:30:50.600,4639.2000,9968,0,86321160.000,0,-,-,-,-,4636.6000,4635.4000,4635.0000,4633.4000,4631.0000,4638.0000,4638.6000,4638.8000,4639.0000,4639.2000,1,1,1,1,5,1,1,2,1,1
SF,IF2010,2020-09-08 09:30:51.100,4636.6000,9968,0,87712140.000,1,0,1,多换,S,4635.4000,4635.0000,4633.4000,4631.0000,4630.2000,4638.0000,4638.6000,4638.8000,4639.0000,4639.2000,1,1,1,5,1,1,1,2,1,1
SF,IF2010,2020-09-08 09:30:51.600,4636.6000,9968,0,87712140.000,0,-,-,-,-,4635.4000,4635.0000,4633.4000,4631.0000,4630.2000,4636.6000,4637.6000,4637.8000,4638.0000,4638.6000,1,1,1,5,1,1,2,1,1,1
SF,IF2010,2020-09-08 09:30:52.100,4636.6000,9967,-1,89103120.000,1,0,1,双平,S,4635.4000,4635.0000,4631.0000,4630.2000,4630.0000,4636.6000,4637.4000,4637.6000,4637.8000,4638.4000,1,1,5,1,5,1,1,2,1,1
SF,IF2010,2020-09-08 09:30:52.600,4636.6000,9967,0,89103120.000,0,-,-,-,-,4635.4000,4635.0000,4632.0000,4631.0000,4630.2000,4636.6000,4637.4000,4637.6000,4637.8000,4638.4000,1,1,5,5,1,1,1,1,1,1
SF,IF2010,2020-09-08 09:30:53.100,4635.4000,9967,0,90493740.000,1,0,1,多换,S,4635.0000,4632.0000,4631.0000,4630.2000,4629.6000,4636.6000,4637.4000,4637.6000,4637.8000,4638.4000,1,5,5,1,3,1,1,1,1,3
SF,IF2010,2020-09-08 09:30:53.600,4635.4000,9967,0,90493740.000,0,-,-,-,-,4635.0000,4632.0000,4631.0000,4630.2000,4629.6000,4636.6000,4637.8000,4638.0000,4638.4000,4638.6000,1,5,5,1,3,1,1,1,2,1
SF,IF2010,2020-09-08 09:30:54.100,4637.8000,9965,-2,93276060.000,2,0,2,双平,S,4635.0000,4632.0000,4631.0000,4630.2000,4629.6000,4638.0000,4638.4000,4638.8000,4639.0000,4639.2000,1,5,5,1,3,1,2,2,1,1
SF,IF2010,2020-09-08 09:30:54.600,4635.0000,9964,-1,96057120.000,2,0,2,多平,S,4632.0000,4631.0000,4630.2000,4629.6000,4625.0000,4636.0000,4637.0000,4637.2000,4637.6000,4637.8000,5,5,1,3,5,1,1,1,1,3
SF,IF2010,2020-09-08 09:30:55.100,4635.0000,9964,0,96057120.000,0,-,-,-,-,4634.4000,4633.6000,4633.2000,4632.6000,4632.2000,4635.8000,4637.4000,4637.8000,4638.0000,4638.4000,1,1,1,1,1,1,1,1,1,1
SF,IF2010,2020-09-08 09:30:55.600,4635.0000,9964,0,96057120.000,0,-,-,-,-,4633.6000,4633.2000,4632.6000,4632.4000,4632.0000,4636.8000,4637.0000,4637.4000,4638.4000,4638.8000,1,1,1,1,5,1,1,2,1,2
SF,IF2010,2020-09-08 09:30:56.100,4635.0000,9964,0,96057120.000,0,-,-,-,-,4633.8000,4633.6000,4633.2000,4632.6000,4632.4000,4636.6000,4636.8000,4637.0000,4637.4000,4638.0000,1,1,1,1,1,1,2,1,2,1
SF,IF2010,2020-09-08 09:30:56.600,4635.0000,9964,0,96057120.000,0,-,-,-,-,4634.4000,4633.8000,4633.6000,4633.2000,4632.6000,4636.2000,4636.6000,4636.8000,4637.0000,4637.4000,1,3,1,1,1,1,1,1,1,1
SF,IF2010,2020-09-08 09:30:57.100,4636.2000,9963,-1,97447980.000,1,0,1,双平,S,4634.6000,4634.4000,4633.8000,4633.6000,4633.2000,4636.8000,4637.0000,4637.4000,4638.6000,4638.8000,1,1,3,1,1,1,1,1,1,2
SF,IF2010,2020-09-08 09:30:57.600,4636.8000,9962,-1,98839020.000,1,0,1,双平,S,4635.0000,4634.8000,4634.6000,4634.4000,4633.8000,4637.4000,4638.8000,4640.6000,4642.4000,4644.6000,1,1,2,1,3,1,2,1,1,1
SF,IF2010,2020-09-08 09:30:58.100,4636.8000,9962,0,98839020.000,0,-,-,-,-,4635.2000,4635.0000,4634.6000,4634.4000,4633.8000,4637.4000,4638.8000,4640.6000,4642.4000,4644.6000,1,1,2,1,3,1,2,1,1,1
SF,IF2010,2020-09-08 09:30:58.600,4637.4000,9961,-1,100230240.000,1,0,1,双平,S,4635.2000,4635.0000,4634.6000,4634.4000,4633.8000,4638.8000,4640.6000,4642.4000,4644.6000,4645.0000,1,1,2,1,3,2,1,1,1,14
SF,IF2010,2020-09-08 09:30:59.100,4637.4000,9961,0,100230240.000,0,-,-,-,-,4635.8000,4635.2000,4635.0000,4634.6000,4634.4000,4638.8000,4640.6000,4642.4000,4644.6000,4645.0000,1,1,1,2,1,2,1,1,1,14
SF,IF2010,2020-09-08 09:30:59.600,4636.0000,9960,-1,101621040.000,1,0,1,双平,S,4637.4000,4636.0000,4635.8000,4635.0000,4634.6000,4638.6000,4638.8000,4640.6000,4642.4000,4644.6000,5,2,1,1,2,1,2,1,1,1
SF,IF2010,2020-09-08 09:31:00.100,4636.0000,9960,0,101621040.000,0,-,-,-,-,4637.4000,4636.8000,4636.0000,4635.8000,4634.6000,4638.8000,4640.6000,4641.4000,4642.4000,4644.6000,5,1,4,1,1,2,1,1,1,1
SF,IF2010,2020-09-08 09:31:00.600,4638.8000,9958,-2,104404320.000,2,0,2,双平,S,4637.6000,4637.4000,4636.8000,4636.0000,4635.8000,4640.6000,4642.4000,4644.6000,4645.0000,4650.0000,2,5,1,4,1,1,1,1,14,52
SF,IF2010,2020-09-08 09:31:01.100,4638.8000,9958,0,104404320.000,0,-,-,-,-,4637.6000,4637.4000,4636.8000,4636.0000,4635.8000,4639.8000,4640.4000,4640.6000,4642.4000,4644.6000,2,5,1,4,1,1,1,1,1,1
SF,IF2010,2020-09-08 09:31:01.600,4638.8000,9958,0,104404320.000,0,-,-,-,-,4637.8000,4637.4000,4636.8000,4636.0000,4635.8000,4639.6000,4640.6000,4642.4000,4644.6000,4645.0000,1,5,1,4,1,1,1,1,1,9
SF,IF2010,2020-09-08 09:31:02.100,4639.4000,9958,0,105796140.000,1,0,1,多换,S,4637.4000,4636.8000,4636.0000,4635.8000,4632.6000,4639.4000,4639.6000,4640.6000,4642.4000,4644.6000,5,1,4,1,1,1,1,1,1,1
SF,IF2010,2020-09-08 09:31:02.600,4639.4000,9958,0,105796140.000,0,-,-,-,-,4637.4000,4636.8000,4636.0000,4632.6000,4632.4000,4639.2000,4639.4000,4640.6000,4642.4000,4644.6000,5,1,4,1,1,2,1,1,1,1
SF,IF2010,2020-09-08 09:31:03.100,4639.4000,9958,0,105796140.000,0,-,-,-,-,4637.6000,4637.4000,4636.0000,4633.0000,4632.6000,4639.0000,4639.2000,4639.4000,4640.6000,4642.4000,1,5,3,1,1,1,1,1,1,2
SF,IF2010,2020-09-08 09:31:03.600,4637.6000,9957,-1,107187420.000,1,0,1,双平,S,4637.4000,4636.0000,4633.0000,4632.6000,4632.4000,4639.0000,4639.2000,4639.4000,4640.6000,4642.4000,5,1,1,1,1,1,1,1,1,2
SF,IF2010,2020-09-08 09:31:04.600,4637.6000,9957,0,107187420.000,0,-,-,-,-,4637.4000,4636.0000,4633.0000,4632.6000,4632.4000,4639.2000,4639.4000,4640.6000,4642.4000,4644.6000,5,1,1,1,1,1,1,1,2,1
SF,IF2010,2020-09-08 09:31:05.100,4637.4000,9956,-1,108578640.000,1,0,1,双平,S,4637.4000,4636.0000,4633.0000,4632.6000,4632.4000,4638.4000,4639.2000,4639.4000,4640.6000,4642.4000,4,1,1,1,1,1,1,1,1,2
SF,IF2010,2020-09-08 09:31:05.600,4637.4000,9952,-4,114143520.000,4,0,4,双平,S,4636.0000,4633.0000,4632.6000,4632.4000,4632.0000,4639.0000,4639.2000,4639.4000,4640.6000,4642.4000,1,1,1,1,5,1,1,1,1,2
SF,IF2010,2020-09-08 09:31:06.100,4637.4000,9952,0,114143520.000,0,-,-,-,-,4637.0000,4636.2000,4636.0000,4633.0000,4632.6000,4638.8000,4639.0000,4640.6000,4642.4000,4644.6000,1,1,1,1,1,2,1,1,2,1
SF,IF2010,2020-09-08 09:31:06.600,4637.4000,9952,0,114143520.000,0,-,-,-,-,4637.2000,4637.0000,4636.0000,4633.0000,4632.6000,4638.8000,4640.6000,4642.4000,4644.6000,4645.0000,1,1,1,1,1,1,1,2,1,9
SF,IF2010,2020-09-08 09:31:07.100,4638.8000,9951,-1,115535160.000,1,0,1,双平,S,4637.2000,4637.0000,4636.0000,4633.0000,4632.6000,4640.6000,4642.4000,4644.6000,4645.0000,4650.0000,1,1,1,1,1,1,2,1,9,57
SF,IF2010,2020-09-08 09:31:07.600,4638.8000,9951,0,115535160.000,0,-,-,-,-,4637.4000,4637.2000,4637.0000,4636.0000,4633.0000,4638.8000,4639.8000,4640.2000,4640.4000,4640.6000,1,1,1,1,1,1,1,1,3,1
SF,IF2010,2020-09-08 09:31:08.100,4638.8000,9951,0,115535160.000,0,-,-,-,-,4637.2000,4637.0000,4636.0000,4633.0000,4632.6000,4639.8000,4640.2000,4640.4000,4640.6000,4642.4000,1,1,1,1,1,1,1,3,1,2
SF,IF2010,2020-09-08 09:31:08.600,4638.8000,9951,0,115535160.000,0,-,-,-,-,4639.0000,4637.4000,4637.0000,4636.0000,4633.0000,4639.6000,4639.8000,4640.2000,4640.4000,4640.6000,1,1,1,1,1,2,1,1,2,1
SF,IF2010,2020-09-08 09:31:09.100,4638.8000,9951,0,116926800.000,1,0,1,多换,S,4637.4000,4637.0000,4636.0000,4633.0000,4632.6000,4638.4000,4638.8000,4639.0000,4639.4000,4639.6000,1,1,1,1,1,1,1,1,1,2
SF,IF2010,2020-09-08 09:31:09.600,4638.8000,9951,0,118318440.000,1,0,1,多换,S,4637.6000,4637.0000,4636.0000,4633.0000,4632.6000,4640.6000,4642.4000,4644.6000,4645.0000,4650.0000,1,1,1,1,1,1,2,1,9,57
SF,IF2010,2020-09-08 09:31:10.100,4638.8000,9951,0,118318440.000,0,-,-,-,-,4637.8000,4637.6000,4637.0000,4636.0000,4633.0000,4640.6000,4642.4000,4644.6000,4645.0000,4650.0000,2,1,1,1,1,1,2,1,9,57
SF,IF2010,2020-09-08 09:31:10.600,4638.8000,9951,0,118318440.000,0,-,-,-,-,4637.8000,4637.6000,4637.0000,4636.0000,4633.0000,4640.4000,4640.6000,4642.4000,4644.6000,4645.0000,2,1,1,1,1,1,1,2,1,9
SF,IF2010,2020-09-08 09:31:11.100,4638.8000,9951,0,118318440.000,0,-,-,-,-,4637.8000,4637.6000,4637.0000,4633.0000,4632.6000,4640.4000,4640.6000,4642.4000,4644.6000,4645.0000,2,1,1,1,1,1,1,2,1,9
SF,IF2010,2020-09-08 09:31:11.600,4638.8000,9951,0,118318440.000,0,-,-,-,-,4637.8000,4637.6000,4637.0000,4633.0000,4632.6000,4640.4000,4640.6000,4642.4000,4644.6000,4645.0000,2,1,1,1,1,1,1,2,1,9
SF,IF2010,2020-09-08 09:31:12.100,4638.8000,9951,0,118318440.000,0,-,-,-,-,4637.8000,4637.0000,4633.0000,4632.6000,4632.4000,4640.2000,4640.4000,4640.6000,4642.4000,4644.6000,1,1,1,1,1,2,1,1,2,1
SF,IF2010,2020-09-08 09:31:12.600,4638.8000,9951,0,118318440.000,0,-,-,-,-,4637.8000,4637.0000,4633.0000,4632.6000,4632.4000,4640.0000,4640.2000,4640.6000,4642.4000,4644.6000,1,1,1,1,1,2,2,1,2,1
SF,IF2010,2020-09-08 09:31:13.100,4637.0000,9952,1,119709540.000,1,1,0,双开,S,4633.0000,4632.6000,4632.4000,4632.0000,4631.0000,4639.8000,4640.0000,4640.2000,4640.6000,4642.4000,1,1,1,5,5,1,2,1,1,2
SF,IF2010,2020-09-08 09:31:13.600,4637.0000,9952,0,119709540.000,0,-,-,-,-,4636.8000,4635.4000,4634.4000,4634.2000,4633.4000,4639.6000,4639.8000,4640.6000,4642.4000,4644.6000,3,1,1,1,1,2,1,1,2,1
SF,IF2010,2020-09-08 09:31:14.100,4639.4000,9951,-1,121101360.000,1,0,1,双平,S,4637.0000,4636.8000,4635.2000,4634.4000,4634.2000,4639.6000,4640.6000,4642.4000,4644.6000,4645.0000,1,3,1,1,1,2,1,2,1,9
SF,IF2010,2020-09-08 09:31:14.600,4639.4000,9951,0,121101360.000,0,-,-,-,-,4637.2000,4637.0000,4636.8000,4635.2000,4634.4000,4639.6000,4640.6000,4642.4000,4644.6000,4645.0000,1,1,3,1,1,1,1,2,1,9
SF,IF2010,2020-09-08 09:31:15.100,4639.4000,9951,0,121101360.000,0,-,-,-,-,4637.4000,4637.2000,4636.8000,4635.2000,4634.4000,4639.6000,4640.6000,4642.4000,4644.6000,4645.0000,1,3,3,1,1,1,1,2,1,9
SF,IF2010,2020-09-08 09:31:15.600,4639.6000,9950,-1,122493240.000,1,0,1,双平,S,4637.6000,4637.4000,4637.2000,4636.8000,4635.2000,4640.6000,4642.4000,4644.0000,4644.6000,4645.0000,1,1,2,3,1,1,2,3,1,9
SF,IF2010,2020-09-08 09:31:16.100,4639.6000,9950,0,122493240.000,0,-,-,-,-,4637.8000,4637.6000,4637.2000,4636.8000,4635.2000,4640.6000,4642.4000,4644.0000,4644.6000,4645.0000,1,3,2,3,1,1,2,3,1,9
SF,IF2010,2020-09-08 09:31:16.600,4639.6000,9950,0,122493240.000,0,-,-,-,-,4638.0000,4637.8000,4637.6000,4637.2000,4636.8000,4640.6000,4642.4000,4644.0000,4644.6000,4645.0000,1,1,2,2,3,1,2,3,1,9
SF,IF2010,2020-09-08 09:31:17.100,4639.6000,9950,0,122493240.000,0,-,-,-,-,4639.6000,4638.2000,4638.0000,4637.6000,4637.2000,4640.6000,4642.4000,4644.0000,4644.6000,4645.0000,1,1,2,2,2,1,2,3,1,9
SF,IF2010,2020-09-08 09:31:17.600,4639.6000,9950,0,122493240.000,0,-,-,-,-,4639.6000,4638.6000,4638.2000,4638.0000,4637.2000,4640.4000,4640.6000,4642.4000,4644.0000,4644.6000,1,1,1,2,1,1,1,2,3,1
SF,IF2010,2020-09-08 09:31:18.100,4639.6000,9950,0,122493240.000,0,-,-,-,-,4639.6000,4638.2000,4638.0000,4637.2000,4636.8000,4640.4000,4640.6000,4642.4000,4644.0000,4644.6000,1,1,2,1,2,1,1,2,3,1
SF,IF2010,2020-09-08 09:31:19.600,4639.6000,9948,-2,126669420.000,3,0,3,多平,S,4638.2000,4638.0000,4637.2000,4636.8000,4635.2000,4639.6000,4642.4000,4644.0000,4644.6000,4645.0000,1,2,1,2,1,1,2,3,1,9
SF,IF2010,2020-09-08 09:31:20.100,4639.6000,9947,-1,128061300.000,1,0,1,双平,S,4638.6000,4638.4000,4638.0000,4637.2000,4636.8000,4642.4000,4644.0000,4644.6000,4645.0000,4650.0000,1,3,1,1,2,2,3,1,9,57
SF,IF2010,2020-09-08 09:31:20.600,4639.6000,9947,0,128061300.000,0,-,-,-,-,4639.2000,4638.8000,4638.6000,4638.4000,4638.0000,4642.2000,4642.4000,4644.0000,4644.6000,4645.0000,1,3,1,3,1,1,2,3,1,9
SF,IF2010,2020-09-08 09:31:21.100,4639.6000,9947,0,128061300.000,0,-,-,-,-,4639.4000,4639.2000,4638.8000,4638.6000,4638.4000,4642.4000,4644.0000,4644.6000,4645.0000,4650.0000,2,1,1,1,3,1,3,1,9,57
SF,IF2010,2020-09-08 09:31:21.600,4639.6000,9947,0,128061300.000,0,-,-,-,-,4639.4000,4639.2000,4638.8000,4638.6000,4638.4000,4639.6000,4642.2000,4642.4000,4644.0000,4644.6000,2,1,1,1,2,1,1,1,3,1
SF,IF2010,2020-09-08 09:31:22.100,4639.6000,9947,0,129453180.000,1,0,1,多换,S,4640.0000,4639.6000,4639.2000,4638.8000,4638.6000,4642.2000,4642.4000,4644.0000,4644.6000,4645.0000,2,1,1,1,1,1,1,3,1,9
SF,IF2010,2020-09-08 09:31:22.600,4639.6000,9947,0,129453180.000,0,-,-,-,-,4640.2000,4640.0000,4639.6000,4639.2000,4638.8000,4642.2000,4642.4000,4644.0000,4644.6000,4645.0000,2,2,1,1,1,1,1,3,1,9
SF,IF2010,2020-09-08 09:31:23.100,4639.6000,9947,0,129453180.000,0,-,-,-,-,4640.2000,4640.0000,4639.6000,4639.2000,4638.8000,4642.2000,4642.4000,4644.6000,4645.0000,4647.2000,2,2,1,1,1,1,1,1,9,3
SF,IF2010,2020-09-08 09:31:23.600,4639.6000,9946,-1,130845060.000,1,0,1,双平,S,4640.4000,4640.2000,4640.0000,4639.6000,4639.2000,4642.4000,4644.6000,4645.0000,4647.2000,4650.0000,2,2,2,1,1,1,1,9,3,57
SF,IF2010,2020-09-08 09:31:24.100,4639.6000,9946,0,130845060.000,0,-,-,-,-,4640.6000,4640.4000,4640.0000,4639.8000,4639.6000,4642.4000,4644.6000,4645.0000,4647.2000,4650.0000,2,2,2,1,1,1,1,9,3,57
SF,IF2010,2020-09-08 09:31:24.600,4642.4000,9945,-1,132237780.000,1,0,1,双平,S,4640.6000,4640.4000,4640.0000,4639.6000,4639.2000,4644.6000,4645.0000,4647.2000,4650.0000,4655.0000,2,1,2,1,1,1,9,3,57,5
SF,IF2010,2020-09-08 09:31:25.100,4642.4000,9945,0,132237780.000,0,-,-,-,-,4640.6000,4640.4000,4640.0000,4639.6000,4639.2000,4643.8000,4644.0000,4644.2000,4644.4000,4644.6000,2,1,2,1,1,1,1,1,3,1
SF,IF2010,2020-09-08 09:31:25.600,4642.4000,9945,0,132237780.000,0,-,-,-,-,4640.6000,4640.4000,4640.0000,4639.6000,4639.2000,4643.6000,4643.8000,4644.0000,4644.2000,4644.4000,2,1,2,1,1,1,1,1,1,2
SF,IF2010,2020-09-08 09:31:26.100,4642.4000,9945,0,132237780.000,0,-,-,-,-,4640.6000,4640.4000,4640.0000,4639.6000,4639.2000,4643.6000,4643.8000,4644.0000,4644.2000,4644.4000,2,1,2,1,1,1,1,1,1,2
SF,IF2010,2020-09-08 09:31:26.600,4642.4000,9945,0,132237780.000,0,-,-,-,-,4640.6000,4640.4000,4640.0000,4639.6000,4639.2000,4643.4000,4643.6000,4643.8000,4644.0000,4644.2000,2,1,2,1,1,2,1,1,1,1
SF,IF2010,2020-09-08 09:31:27.100,4642.4000,9945,0,132237780.000,0,-,-,-,-,4640.6000,4640.4000,4640.0000,4639.6000,4639.2000,4643.2000,4643.4000,4643.8000,4644.0000,4644.2000,2,1,2,1,1,3,2,1,1,1
SF,IF2010,2020-09-08 09:31:27.600,4642.4000,9945,0,132237780.000,0,-,-,-,-,4640.6000,4640.4000,4640.0000,4639.6000,4639.2000,4642.0000,4643.0000,4643.2000,4643.4000,4643.8000,2,1,2,1,1,1,2,3,2,1
SF,IF2010,2020-09-08 09:31:28.100,4642.4000,9945,0,132237780.000,0,-,-,-,-,4640.6000,4640.4000,4640.0000,4639.6000,4639.2000,4642.0000,4642.6000,4643.2000,4643.4000,4643.8000,1,1,2,1,1,1,1,3,1,1
SF,IF2010,2020-09-08 09:31:28.600,4642.4000,9945,0,132237780.000,0,-,-,-,-,4641.0000,4640.6000,4640.4000,4640.0000,4639.6000,4642.0000,4643.2000,4643.4000,4643.8000,4644.0000,1,1,1,2,1,1,3,1,1,1
SF,IF2010,2020-09-08 09:31:29.100,4642.4000,9945,0,132237780.000,0,-,-,-,-,4641.0000,4640.6000,4640.0000,4639.6000,4639.2000,4642.0000,4643.2000,4643.4000,4643.8000,4644.0000,1,1,2,1,1,1,3,1,1,1
SF,IF2010,2020-09-08 09:31:29.600,4641.0000,9945,0,136415280.000,3,1,2,多换,S,4640.6000,4640.0000,4639.6000,4639.2000,4637.2000,4643.2000,4643.4000,4643.8000,4644.0000,4644.2000,1,2,1,1,1,3,1,1,1,1
SF,IF2010,2020-09-08 09:31:30.100,4641.0000,9945,0,136415280.000,0,-,-,-,-,4640.8000,4640.0000,4639.6000,4639.2000,4637.2000,4641.6000,4642.8000,4643.0000,4643.2000,4643.4000,1,1,1,1,1,1,1,2,3,1
SF,IF2010,2020-09-08 09:31:30.600,4641.0000,9945,0,136415280.000,0,-,-,-,-,4640.0000,4639.6000,4639.2000,4637.2000,4635.2000,4642.8000,4643.0000,4643.2000,4643.4000,4644.2000,1,1,1,1,1,1,2,3,1,1
SF,IF2010,2020-09-08 09:31:31.100,4641.0000,9945,0,136415280.000,0,-,-,-,-,4640.2000,4640.0000,4639.6000,4639.2000,4637.2000,4641.0000,4642.6000,4642.8000,4643.0000,4643.2000,2,1,1,1,1,1,1,1,2,2
SF,IF2010,2020-09-08 09:31:31.600,4641.0000,9945,0,136415280.000,0,-,-,-,-,4640.2000,4640.0000,4639.6000,4639.2000,4637.2000,4641.0000,4642.6000,4643.0000,4643.4000,4644.2000,1,1,1,1,1,1,1,1,1,1
SF,IF2010,2020-09-08 09:31:32.100,4641.0000,9945,0,137807580.000,1,0,1,多换,S,4640.2000,4640.0000,4639.6000,4639.2000,4637.2000,4642.6000,4643.0000,4643.4000,4644.2000,4644.6000,1,1,1,1,1,1,1,1,1,1
SF,IF2010,2020-09-08 09:31:32.600,4641.0000,9945,0,137807580.000,0,-,-,-,-,4640.4000,4640.2000,4640.0000,4639.6000,4639.2000,4642.4000,4642.6000,4643.0000,4643.4000,4644.2000,1,1,1,1,1,1,1,1,2,1
SF,IF2010,2020-09-08 09:31:33.100,4641.0000,9945,0,137807580.000,0,-,-,-,-,4640.6000,4640.4000,4640.0000,4639.6000,4639.2000,4642.4000,4642.6000,4643.0000,4643.4000,4644.2000,1,1,1,1,1,1,1,1,1,1
SF,IF2010,2020-09-08 09:31:33.600,4641.0000,9945,0,137807580.000,0,-,-,-,-,4640.6000,4640.4000,4640.0000,4639.6000,4639.2000,4642.4000,4644.2000,4644.6000,4645.0000,4650.0000,1,2,1,1,1,1,1,1,9,57
SF,IF2010,2020-09-08 09:31:34.100,4641.0000,9945,0,137807580.000,0,-,-,-,-,4642.6000,4640.6000,4640.4000,4640.0000,4639.6000,4644.2000,4644.6000,4645.0000,4650.0000,4655.0000,1,1,2,1,1,1,1,9,57,5
SF,IF2010,2020-09-08 09:31:34.600,4642.6000,9945,0,140593140.000,2,1,1,多换,S,4640.6000,4640.4000,4640.0000,4639.6000,4639.2000,4644.0000,4644.2000,4644.6000,4645.0000,4650.0000,1,2,1,1,1,2,1,1,9,57
SF,IF2010,2020-09-08 09:31:35.100,4642.6000,9945,0,140593140.000,0,-,-,-,-,4640.8000,4640.6000,4640.4000,4640.0000,4639.6000,4644.0000,4644.2000,4644.6000,4645.0000,4650.0000,1,1,1,1,1,2,1,1,9,57
SF,IF2010,2020-09-08 09:31:35.600,4642.6000,9945,0,140593140.000,0,-,-,-,-,4641.0000,4640.8000,4640.4000,4640.0000,4639.6000,4644.0000,4644.2000,4644.6000,4645.0000,4650.0000,2,1,1,1,1,2,1,1,9,57
SF,IF2010,2020-09-08 09:31:36.100,4642.6000,9945,0,140593140.000,0,-,-,-,-,4641.2000,4641.0000,4640.4000,4640.0000,4639.6000,4643.4000,4643.8000,4644.0000,4644.2000,4644.6000,1,2,1,1,1,1,2,2,1,1
SF,IF2010,2020-09-08 09:31:36.600,4642.6000,9945,0,140593140.000,0,-,-,-,-,4641.4000,4641.2000,4641.0000,4640.4000,4640.0000,4643.4000,4643.8000,4644.0000,4644.2000,4644.6000,1,1,1,1,1,1,2,1,1,1
SF,IF2010,2020-09-08 09:31:37.100,4642.6000,9945,0,140593140.000,0,-,-,-,-,4641.6000,4641.4000,4641.0000,4640.4000,4640.0000,4643.8000,4644.2000,4644.6000,4645.0000,4650.0000,1,1,1,1,1,2,1,1,9,57
SF,IF2010,2020-09-08 09:31:37.600,4642.6000,9945,0,140593140.000,0,-,-,-,-,4641.8000,4641.6000,4640.6000,4640.4000,4640.0000,4643.8000,4644.6000,4645.0000,4650.0000,4655.0000,1,1,1,1,1,2,1,9,57,5
SF,IF2010,2020-09-08 09:31:38.100,4642.6000,9945,0,140593140.000,0,-,-,-,-,4642.0000,4641.8000,4640.6000,4640.4000,4640.0000,4643.8000,4644.6000,4645.0000,4650.0000,4655.0000,1,1,1,1,1,2,1,9,57,5
SF,IF2010,2020-09-08 09:31:38.600,4642.6000,9945,0,140593140.000,0,-,-,-,-,4642.2000,4642.0000,4640.6000,4640.4000,4640.0000,4643.8000,4644.6000,4645.0000,4650.0000,4655.0000,1,1,1,1,1,2,1,9,57,5
SF,IF2010,2020-09-08 09:31:39.100,4642.6000,9945,0,140593140.000,0,-,-,-,-,4642.2000,4642.0000,4640.6000,4640.4000,4640.0000,4643.8000,4644.6000,4645.0000,4650.0000,4655.0000,1,1,1,1,1,2,1,9,57,5
SF,IF2010,2020-09-08 09:31:39.600,4642.6000,9945,0,140593140.000,0,-,-,-,-,4642.2000,4642.0000,4640.6000,4640.0000,4639.6000,4643.8000,4644.6000,4645.0000,4650.0000,4655.0000,2,1,1,1,1,2,1,9,57,5
SF,IF2010,2020-09-08 09:31:40.100,4642.6000,9945,0,140593140.000,0,-,-,-,-,4642.2000,4642.0000,4640.6000,4640.0000,4639.6000,4643.8000,4644.6000,4645.0000,4650.0000,4655.0000,1,1,1,1,1,2,1,9,57,5
SF,IF2010,2020-09-08 09:31:40.600,4642.6000,9945,0,140593140.000,0,-,-,-,-,4642.2000,4642.0000,4640.6000,4640.0000,4639.6000,4643.6000,4643.8000,4644.6000,4645.0000,4650.0000,2,1,1,1,1,1,2,1,9,57
SF,IF2010,2020-09-08 09:31:43.600,4642.6000,9945,0,140593140.000,0,-,-,-,-,4642.2000,4642.0000,4640.6000,4640.0000,4639.6000,4642.6000,4643.6000,4643.8000,4644.6000,4645.0000,2,1,1,1,1,1,1,2,1,9
SF,IF2010,2020-09-08 09:31:44.100,4642.6000,9944,-1,141985920.000,1,0,1,双平,S,4642.6000,4642.2000,4640.6000,4640.0000,4639.6000,4643.8000,4644.6000,4645.0000,4650.0000,4655.0000,1,1,1,1,1,2,1,9,57,5
SF,IF2010,2020-09-08 09:31:44.600,4642.6000,9944,0,141985920.000,0,-,-,-,-,4642.6000,4642.2000,4640.6000,4640.0000,4639.6000,4643.6000,4643.8000,4644.6000,4645.0000,4650.0000,1,1,1,1,1,1,2,1,9,57
SF,IF2010,2020-09-08 09:31:45.100,4642.6000,9944,0,141985920.000,0,-,-,-,-,4642.6000,4642.2000,4640.6000,4640.0000,4639.6000,4643.6000,4643.8000,4644.6000,4645.0000,4650.0000,1,1,1,1,1,1,2,1,9,57
SF,IF2010,2020-09-08 09:31:45.600,4642.6000,9943,-1,143378700.000,1,0,1,双平,S,4642.2000,4640.6000,4640.0000,4637.2000,4635.2000,4643.6000,4643.8000,4644.6000,4645.0000,4650.0000,1,1,1,1,1,1,2,1,9,7
SF,IF2010,2020-09-08 09:31:46.100,4643.4000,9943,0,144771720.000,1,0,1,多换,S,4642.2000,4640.6000,4640.0000,4637.2000,4635.2000,4643.6000,4643.8000,4644.6000,4645.0000,4650.0000,1,1,1,1,1,1,2,1,9,7
SF,IF2010,2020-09-08 09:31:47.600,4643.6000,9943,0,146164800.000,1,0,1,多换,S,4642.2000,4640.6000,4640.0000,4637.2000,4635.2000,4643.8000,4644.6000,4645.0000,4650.0000,4655.0000,1,1,1,1,1,2,1,9,7,5
SF,IF2010,2020-09-08 09:31:48.100,4643.6000,9943,0,146164800.000,0,-,-,-,-,4642.4000,4642.2000,4640.6000,4640.0000,4637.2000,4643.8000,4644.6000,4645.0000,4650.0000,4655.0000,1,1,1,1,1,2,1,9,7,5
SF,IF2010,2020-09-08 09:31:53.100,4642.4000,9942,-1,147557520.000,1,0,1,双平,S,4642.2000,4640.6000,4640.0000,4637.2000,4635.2000,4643.8000,4644.6000,4645.0000,4650.0000,4655.0000,1,1,1,1,1,2,1,9,7,5
SF,IF2010,2020-09-08 09:31:53.600,4642.2000,9941,-1,148950180.000,1,0,1,双平,S,4640.6000,4640.0000,4637.2000,4635.2000,4635.0000,4643.6000,4643.8000,4644.6000,4645.0000,4647.4000,1,1,1,1,5,2,2,1,9,1
SF,IF2010,2020-09-08 09:31:54.100,4642.2000,9941,0,148950180.000,0,-,-,-,-,4641.6000,4640.8000,4640.6000,4640.0000,4637.2000,4643.6000,4643.8000,4644.6000,4645.0000,4647.4000,1,3,1,1,1,2,2,1,9,1
SF,IF2010,2020-09-08 09:31:54.600,4642.2000,9941,0,148950180.000,0,-,-,-,-,4641.8000,4641.6000,4640.8000,4640.6000,4640.0000,4643.6000,4643.8000,4644.6000,4645.0000,4647.4000,1,1,2,1,1,2,2,1,9,1
SF,IF2010,2020-09-08 09:31:55.100,4642.2000,9941,0,148950180.000,0,-,-,-,-,4641.8000,4641.6000,4640.8000,4640.6000,4640.0000,4643.6000,4643.8000,4644.6000,4645.0000,4647.4000,1,1,2,1,1,1,2,1,9,1
SF,IF2010,2020-09-08 09:31:55.600,4641.8000,9940,-1,150342720.000,1,0,1,双平,S,4641.6000,4640.8000,4640.6000,4640.0000,4637.2000,4643.6000,4643.8000,4644.6000,4645.0000,4647.4000,1,2,1,1,1,1,2,1,9,1
SF,IF2010,2020-09-08 09:31:56.100,4641.8000,9940,0,150342720.000,0,-,-,-,-,4640.8000,4640.6000,4640.0000,4637.2000,4635.2000,4643.4000,4643.6000,4643.8000,4644.6000,4645.0000,2,1,1,1,1,1,1,2,1,9
SF,IF2010,2020-09-08 09:31:56.600,4641.8000,9940,0,150342720.000,0,-,-,-,-,4642.6000,4640.8000,4640.6000,4640.0000,4637.2000,4643.2000,4643.4000,4643.8000,4644.6000,4645.0000,1,2,1,1,1,1,1,2,1,9
SF,IF2010,2020-09-08 09:31:57.100,4642.6000,9940,0,151735500.000,1,0,1,多换,S,4641.6000,4640.8000,4640.6000,4640.0000,4637.2000,4643.2000,4643.8000,4644.6000,4645.0000,4647.4000,1,2,1,1,1,1,2,1,9,1
SF,IF2010,2020-09-08 09:31:57.600,4642.6000,9940,0,151735500.000,0,-,-,-,-,4640.8000,4640.6000,4640.0000,4637.2000,4635.2000,4643.2000,4643.8000,4644.6000,4645.0000,4647.4000,2,1,1,1,1,1,2,1,9,1
SF,IF2010,2020-09-08 09:31:58.100,4642.6000,9940,0,151735500.000,0,-,-,-,-,4641.6000,4640.8000,4640.6000,4640.0000,4637.2000,4643.0000,4643.8000,4645.0000,4647.4000,4648.4000,1,2,1,1,1,1,2,9,1,1
SF,IF2010,2020-09-08 09:31:58.600,4642.6000,9940,0,151735500.000,0,-,-,-,-,4641.6000,4640.8000,4640.6000,4640.0000,4637.2000,4643.8000,4645.0000,4647.4000,4648.4000,4650.0000,1,2,1,1,1,2,9,1,1,7
SF,IF2010,2020-09-08 09:31:59.100,4642.6000,9940,0,151735500.000,0,-,-,-,-,4641.6000,4640.8000,4640.6000,4640.0000,4637.2000,4643.6000,4643.8000,4645.0000,4647.4000,4648.4000,1,2,1,1,1,3,2,9,1,1
SF,IF2010,2020-09-08 09:32:00.600,4642.6000,9940,0,151735500.000,0,-,-,-,-,4641.8000,4641.6000,4640.8000,4640.6000,4640.0000,4643.6000,4643.8000,4645.0000,4647.4000,4648.4000,1,1,2,1,1,2,2,9,1,1
SF,IF2010,2020-09-08 09:32:01.100,4642.6000,9940,0,151735500.000,0,-,-,-,-,4641.6000,4640.8000,4640.6000,4640.0000,4637.2000,4643.6000,4643.8000,4645.0000,4647.4000,4648.4000,1,2,1,1,1,2,2,9,1,1
SF,IF2010,2020-09-08 09:32:01.600,4642.6000,9940,0,151735500.000,0,-,-,-,-,4641.8000,4641.6000,4640.8000,4640.6000,4640.0000,4643.6000,4643.8000,4645.0000,4647.4000,4648.4000,2,2,1,1,1,1,2,9,1,1
SF,IF2010,2020-09-08 09:32:02.100,4642.6000,9940,0,151735500.000,0,-,-,-,-,4641.8000,4641.6000,4640.8000,4640.6000,4640.0000,4643.4000,4643.6000,4643.8000,4645.0000,4647.4000,1,1,1,1,1,2,1,2,9,1
SF,IF2010,2020-09-08 09:32:02.600,4642.6000,9940,0,151735500.000,0,-,-,-,-,4641.8000,4641.6000,4640.8000,4640.6000,4640.0000,4643.2000,4643.4000,4643.6000,4643.8000,4645.0000,1,1,1,1,1,2,1,1,2,9
SF,IF2010,2020-09-08 09:32:03.600,4642.6000,9940,0,151735500.000,0,-,-,-,-,4641.8000,4641.6000,4640.8000,4640.6000,4640.0000,4643.4000,4643.6000,4643.8000,4645.0000,4647.4000,1,1,1,1,1,1,1,2,9,1
SF,IF2010,2020-09-08 09:32:04.100,4642.6000,9940,0,151735500.000,0,-,-,-,-,4642.2000,4641.8000,4641.6000,4640.8000,4640.6000,4643.4000,4643.6000,4643.8000,4645.0000,4647.4000,1,1,1,1,1,1,1,2,9,1
SF,IF2010,2020-09-08 09:32:04.600,4642.6000,9940,0,151735500.000,0,-,-,-,-,4641.8000,4641.6000,4640.8000,4640.6000,4640.0000,4643.4000,4643.8000,4645.0000,4647.4000,4648.4000,1,1,1,1,1,1,2,9,1,1
SF,IF2010,2020-09-08 09:32:05.100,4642.6000,9940,0,151735500.000,0,-,-,-,-,4642.0000,4641.8000,4641.6000,4640.8000,4640.6000,4642.6000,4643.4000,4643.8000,4645.0000,4647.4000,1,1,1,1,1,1,1,2,9,1
SF,IF2010,2020-09-08 09:32:05.600,4642.6000,9939,-1,153128280.000,1,0,1,双平,S,4642.0000,4641.8000,4641.6000,4640.8000,4640.6000,4643.4000,4643.8000,4645.0000,4647.4000,4648.4000,1,1,1,1,1,1,2,9,1,1
SF,IF2010,2020-09-08 09:32:06.100,4642.6000,9939,0,153128280.000,0,-,-,-,-,4641.8000,4641.6000,4640.8000,4640.6000,4640.0000,4643.4000,4643.8000,4645.0000,4647.4000,4648.4000,1,1,1,1,2,1,2,9,1,1
SF,IF2010,2020-09-08 09:32:06.600,4642.6000,9939,0,153128280.000,0,-,-,-,-,4642.0000,4641.8000,4641.6000,4640.8000,4640.6000,4643.4000,4643.8000,4645.0000,4647.4000,4648.4000,1,1,1,1,1,1,2,9,1,1
SF,IF2010,2020-09-08 09:32:08.600,4643.4000,9938,-1,154521300.000,1,0,1,双平,S,4642.4000,4641.8000,4641.6000,4640.8000,4640.6000,4643.8000,4645.0000,4647.4000,4648.4000,4650.0000,1,1,1,1,1,2,9,1,1,6
SF,IF2010,2020-09-08 09:32:09.600,4643.4000,9938,0,154521300.000,0,-,-,-,-,4641.8000,4641.6000,4640.8000,4640.6000,4640.0000,4643.4000,4643.6000,4643.8000,4645.0000,4647.4000,1,1,1,1,2,1,1,2,9,1
SF,IF2010,2020-09-08 09:32:10.100,4641.8000,9937,-1,155913840.000,1,0,1,双平,S,4641.6000,4640.8000,4640.6000,4640.0000,4637.2000,4642.0000,4643.2000,4643.6000,4643.8000,4645.0000,1,1,1,2,1,1,2,1,2,9
SF,IF2010,2020-09-08 09:32:10.600,4641.6000,9936,-1,157306320.000,1,0,1,双平,S,4640.6000,4640.0000,4637.2000,4635.2000,4635.0000,4641.6000,4642.0000,4642.4000,4643.6000,4643.8000,1,2,1,1,5,1,1,1,1,2
SF,IF2010,2020-09-08 09:32:11.100,4641.6000,9936,0,157306320.000,0,-,-,-,-,4640.6000,4640.0000,4637.2000,4635.2000,4635.0000,4641.6000,4642.0000,4642.4000,4643.2000,4643.6000,1,2,1,1,5,1,1,1,1,1
SF,IF2010,2020-09-08 09:32:12.100,4640.6000,9936,0,158698500.000,1,0,1,多换,S,4640.0000,4637.2000,4635.2000,4635.0000,4633.4000,4641.6000,4642.0000,4642.4000,4643.2000,4643.6000,2,1,1,5,1,1,1,1,1,1
SF,IF2010,2020-09-08 09:32:12.600,4640.6000,9936,0,158698500.000,0,-,-,-,-,4640.0000,4637.2000,4635.2000,4635.0000,4633.4000,4641.4000,4641.6000,4642.0000,4642.4000,4643.2000,2,1,1,5,1,1,1,1,1,1
SF,IF2010,2020-09-08 09:32:13.100,4640.6000,9936,0,158698500.000,0,-,-,-,-,4640.2000,4640.0000,4637.2000,4635.2000,4635.0000,4641.4000,4642.0000,4642.4000,4643.2000,4643.6000,1,2,1,1,5,1,1,1,1,1
SF,IF2010,2020-09-08 09:32:13.600,4640.2000,9935,-1,160090560.000,1,0,1,双平,S,4640.0000,4637.2000,4635.2000,4635.0000,4633.4000,4641.4000,4642.0000,4642.4000,4643.2000,4643.6000,2,1,1,5,1,1,1,1,1,1
SF,IF2010,2020-09-08 09:32:14.100,4640.0000,9933,-2,162874560.000,2,0,2,双平,S,4637.2000,4635.2000,4635.0000,4633.4000,4633.0000,4641.0000,4641.2000,4641.4000,4642.0000,4642.4000,1,1,5,1,1,1,1,1,1,1
SF,IF2010,2020-09-08 09:32:14.600,4640.0000,9933,0,162874560.000,0,-,-,-,-,4639.2000,4637.6000,4637.4000,4637.2000,4635.0000,4640.8000,4641.0000,4641.2000,4642.0000,4642.4000,1,1,3,1,5,2,1,1,1,1
SF,IF2010,2020-09-08 09:32:15.100,4640.0000,9933,0,162874560.000,0,-,-,-,-,4639.2000,4637.6000,4637.4000,4637.2000,4635.0000,4640.6000,4640.8000,4641.2000,4642.0000,4642.4000,1,1,3,1,5,2,2,1,1,1
SF,IF2010,2020-09-08 09:32:15.600,4639.2000,9932,-1,164266320.000,1,0,1,双平,S,4637.6000,4637.4000,4637.2000,4633.4000,4633.0000,4640.4000,4640.6000,4640.8000,4641.2000,4642.0000,1,2,1,1,1,1,2,1,1,1
SF,IF2010,2020-09-08 09:32:16.100,4639.2000,9932,0,164266320.000,0,-,-,-,-,4637.8000,4637.4000,4637.2000,4633.4000,4633.0000,4640.2000,4640.4000,4641.2000,4642.0000,4642.4000,1,2,1,1,1,1,1,1,1,1
SF,IF2010,2020-09-08 09:32:16.600,4639.2000,9932,0,164266320.000,0,-,-,-,-,4637.8000,4637.4000,4637.2000,4633.4000,4633.0000,4639.8000,4640.0000,4640.2000,4641.2000,4642.0000,1,2,1,1,1,2,1,1,1,1
SF,IF2010,2020-09-08 09:32:17.100,4639.2000,9932,0,164266320.000,0,-,-,-,-,4637.4000,4637.2000,4633.4000,4633.0000,4632.6000,4639.6000,4639.8000,4641.2000,4642.0000,4642.4000,2,1,1,1,1,2,2,1,1,1
SF,IF2010,2020-09-08 09:32:17.600,4639.2000,9932,0,164266320.000,0,-,-,-,-,4637.2000,4633.4000,4633.0000,4632.6000,4631.0000,4639.6000,4641.2000,4642.0000,4642.4000,4643.6000,1,1,1,1,5,2,1,1,1,1
SF,IF2010,2020-09-08 09:32:18.100,4639.2000,9932,0,164266320.000,0,-,-,-,-,4637.2000,4633.4000,4633.0000,4632.6000,4631.0000,4639.2000,4639.6000,4641.2000,4642.0000,4642.4000,1,1,1,1,5,1,2,1,1,1
SF,IF2010,2020-09-08 09:32:18.600,4637.2000,9931,-1,165657480.000,1,0,1,双平,S,4633.4000,4633.0000,4632.6000,4631.0000,4630.2000,4639.0000,4639.2000,4641.2000,4642.0000,4642.4000,1,1,1,5,1,4,1,1,1,1
SF,IF2010,2020-09-08 09:32:19.100,4637.2000,9931,0,165657480.000,0,-,-,-,-,4633.6000,4633.4000,4633.0000,4632.6000,4631.0000,4638.6000,4639.0000,4639.2000,4641.2000,4642.0000,3,1,1,1,5,1,2,1,1,1
SF,IF2010,2020-09-08 09:32:19.600,4637.2000,9931,0,165657480.000,0,-,-,-,-,4634.8000,4634.2000,4633.6000,4633.4000,4633.0000,4638.4000,4638.6000,4639.2000,4641.2000,4642.0000,1,1,3,1,1,2,1,1,1,1
SF,IF2010,2020-09-08 09:32:20.100,4637.2000,9931,0,165657480.000,0,-,-,-,-,4635.0000,4634.8000,4634.2000,4633.6000,4633.4000,4638.2000,4638.4000,4638.6000,4639.2000,4639.4000,3,1,1,2,1,1,2,2,1,1
SF,IF2010,2020-09-08 09:32:20.600,4635.0000,9930,-1,167047980.000,1,0,1,双平,S,4635.0000,4634.8000,4634.2000,4633.6000,4633.4000,4638.0000,4638.2000,4638.6000,4639.2000,4639.4000,2,1,1,2,1,2,1,1,1,1
SF,IF2010,2020-09-08 09:32:21.100,4635.0000,9930,0,167047980.000,0,-,-,-,-,4635.0000,4634.8000,4634.2000,4633.6000,4633.4000,4638.0000,4638.2000,4638.6000,4639.2000,4639.4000,3,1,1,2,1,2,1,1,1,1
SF,IF2010,2020-09-08 09:32:21.600,4635.0000,9930,0,167047980.000,0,-,-,-,-,4635.2000,4635.0000,4634.8000,4634.2000,4633.6000,4638.0000,4638.2000,4639.4000,4641.2000,4642.0000,1,2,1,1,2,1,1,1,1,1
SF,IF2010,2020-09-08 09:32:22.100,4635.0000,9930,0,167047980.000,0,-,-,-,-,4635.2000,4635.0000,4634.8000,4634.2000,4633.6000,4637.8000,4638.0000,4639.4000,4641.2000,4642.0000,1,2,1,1,2,1,1,1,1,1
SF,IF2010,2020-09-08 09:32:22.600,4635.0000,9930,0,167047980.000,0,-,-,-,-,4636.8000,4635.2000,4635.0000,4634.8000,4634.2000,4637.6000,4639.4000,4642.0000,4643.8000,4644.4000,1,1,2,1,1,1,1,1,2,1
SF,IF2010,2020-09-08 09:32:23.100,4637.6000,9929,-1,168439260.000,1,0,1,双平,S,4637.6000,4636.8000,4635.4000,4635.2000,4635.0000,4639.4000,4642.0000,4643.8000,4644.4000,4645.0000,1,1,1,1,2,1,1,2,1,9
SF,IF2010,2020-09-08 09:32:23.600,4637.6000,9929,0,168439260.000,0,-,-,-,-,4637.6000,4637.0000,4636.8000,4635.4000,4635.2000,4639.0000,4639.2000,4640.2000,4642.0000,4643.8000,1,1,1,2,1,1,1,1,1,2
SF,IF2010,2020-09-08 09:32:24.100,4637.6000,9929,0,168439260.000,0,-,-,-,-,4637.6000,4637.0000,4636.8000,4635.4000,4635.2000,4638.8000,4640.2000,4642.0000,4643.8000,4644.4000,1,1,1,1,1,1,1,1,2,1
SF,IF2010,2020-09-08 09:32:24.600,4637.6000,9929,0,168439260.000,0,-,-,-,-,4637.6000,4637.0000,4636.8000,4636.4000,4635.4000,4638.8000,4640.2000,4642.0000,4643.8000,4644.4000,1,1,1,1,1,1,1,1,2,1
SF,IF2010,2020-09-08 09:32:25.100,4637.6000,9929,0,168439260.000,0,-,-,-,-,4637.0000,4636.8000,4636.4000,4635.4000,4635.2000,4638.8000,4640.2000,4642.0000,4643.8000,4644.4000,1,1,1,1,1,1,1,1,2,1
SF,IF2010,2020-09-08 09:32:25.600,4638.6000,9929,0,174005520.000,4,2,2,多换,S,4636.8000,4635.4000,4634.2000,4633.4000,4633.0000,4638.8000,4640.0000,4640.2000,4642.0000,4643.8000,1,1,1,1,1,1,1,1,1,2
SF,IF2010,2020-09-08 09:32:26.100,4638.6000,9929,0,174005520.000,0,-,-,-,-,4637.0000,4635.0000,4634.2000,4633.4000,4633.0000,4638.4000,4638.8000,4640.0000,4640.2000,4642.0000,1,1,1,1,1,1,1,1,1,1
SF,IF2010,2020-09-08 09:32:26.600,4638.6000,9929,0,174005520.000,0,-,-,-,-,4635.0000,4634.2000,4633.4000,4633.0000,4631.0000,4638.0000,4638.2000,4640.0000,4640.2000,4642.0000,1,1,1,1,5,1,1,1,1,1
SF,IF2010,2020-09-08 09:32:27.100,4638.4000,9928,-1,175397040.000,1,0,1,双平,S,4637.6000,4637.4000,4637.2000,4636.8000,4636.4000,4640.0000,4640.2000,4642.0000,4643.8000,4644.4000,2,2,2,2,1,1,1,1,2,1
SF,IF2010,2020-09-08 09:32:27.600,4638.4000,9928,0,175397040.000,0,-,-,-,-,4637.8000,4637.4000,4637.2000,4636.8000,4635.8000,4639.8000,4640.0000,4640.2000,4642.0000,4643.8000,2,1,2,2,1,1,1,1,1,2
SF,IF2010,2020-09-08 09:32:28.100,4638.4000,9928,0,175397040.000,0,-,-,-,-,4638.0000,4637.8000,4637.2000,4636.8000,4635.8000,4639.8000,4640.0000,4640.2000,4642.0000,4643.8000,1,2,2,2,1,1,1,1,1,2
SF,IF2010,2020-09-08 09:32:28.600,4638.4000,9928,0,175397040.000,0,-,-,-,-,4638.0000,4637.8000,4637.2000,4636.8000,4635.8000,4639.8000,4640.0000,4640.2000,4642.0000,4643.8000,1,2,2,2,1,1,1,1,1,2
SF,IF2010,2020-09-08 09:32:29.600,4638.4000,9928,0,175397040.000,0,-,-,-,-,4637.8000,4637.2000,4636.8000,4635.8000,4635.4000,4639.6000,4639.8000,4640.0000,4640.2000,4642.0000,1,2,1,1,1,1,1,1,1,1
SF,IF2010,2020-09-08 09:32:30.100,4638.4000,9928,0,175397040.000,0,-,-,-,-,4637.8000,4636.8000,4635.8000,4635.2000,4634.2000,4639.4000,4639.6000,4640.0000,4640.2000,4642.0000,1,1,1,1,1,2,1,1,1,1
SF,IF2010,2020-09-08 09:32:30.600,4638.4000,9928,0,175397040.000,0,-,-,-,-,4637.8000,4636.8000,4635.8000,4635.2000,4634.2000,4639.2000,4639.4000,4639.6000,4640.0000,4640.2000,1,1,1,1,1,1,1,1,1,1
SF,IF2010,2020-09-08 09:32:31.100,4638.4000,9928,0,175397040.000,0,-,-,-,-,4636.8000,4635.8000,4635.2000,4634.2000,4633.4000,4639.2000,4639.4000,4639.6000,4640.0000,4640.2000,1,1,1,1,1,1,1,1,1,1
SF,IF2010,2020-09-08 09:32:31.600,4638.4000,9928,0,175397040.000,0,-,-,-,-,4637.2000,4637.0000,4636.8000,4635.8000,4635.2000,4639.0000,4640.0000,4640.2000,4642.0000,4643.8000,1,1,1,1,1,1,1,1,1,2
SF,IF2010,2020-09-08 09:32:32.100,4639.0000,9928,0,176788740.000,1,0,1,多换,S,4637.2000,4637.0000,4636.8000,4635.8000,4635.2000,4640.0000,4640.2000,4642.0000,4643.8000,4644.4000,1,1,1,1,1,1,1,1,2,1
SF,IF2010,2020-09-08 09:32:32.600,4639.0000,9928,0,176788740.000,0,-,-,-,-,4637.4000,4636.8000,4635.8000,4635.2000,4634.2000,4639.6000,4639.8000,4640.0000,4640.2000,4642.0000,1,1,1,1,1,1,3,1,1,1
SF,IF2010,2020-09-08 09:32:33.100,4637.4000,9927,-1,178179960.000,1,0,1,双平,S,4635.8000,4635.2000,4634.2000,4633.4000,4633.0000,4639.2000,4639.4000,4639.6000,4639.8000,4640.0000,1,1,1,1,1,2,2,1,3,1
SF,IF2010,2020-09-08 09:32:33.600,4637.4000,9927,0,178179960.000,0,-,-,-,-,4636.0000,4634.2000,4633.4000,4633.0000,4631.0000,4639.0000,4639.2000,4639.6000,4639.8000,4640.0000,2,1,1,1,5,2,2,1,3,1
SF,IF2010,2020-09-08 09:32:34.100,4637.4000,9927,0,178179960.000,0,-,-,-,-,4636.8000,4636.0000,4635.0000,4634.2000,4633.4000,4639.0000,4639.6000,4639.8000,4640.0000,4640.2000,1,2,1,1,1,2,1,1,1,1
SF,IF2010,2020-09-08 09:32:34.600,4637.4000,9927,0,178179960.000,0,-,-,-,-,4636.0000,4635.0000,4634.2000,4633.4000,4633.0000,4638.8000,4639.0000,4639.6000,4639.8000,4640.0000,2,1,1,1,1,1,2,1,1,1
SF,IF2010,2020-09-08 09:32:35.100,4637.4000,9927,0,178179960.000,0,-,-,-,-,4636.2000,4636.0000,4635.0000,4634.2000,4633.4000,4638.6000,4638.8000,4639.6000,4639.8000,4640.0000,1,2,1,1,1,2,1,1,1,1
SF,IF2010,2020-09-08 09:32:35.600,4637.4000,9927,0,178179960.000,0,-,-,-,-,4636.2000,4635.0000,4634.2000,4633.4000,4633.0000,4638.2000,4638.6000,4639.6000,4640.0000,4640.2000,1,1,1,1,1,1,1,1,1,1
SF,IF2010,2020-09-08 09:32:36.100,4637.4000,9927,0,178179960.000,0,-,-,-,-,4635.0000,4634.2000,4633.4000,4633.0000,4631.0000,4638.0000,4638.6000,4639.6000,4640.0000,4640.2000,1,1,1,1,5,3,1,1,1,1
SF,IF2010,2020-09-08 09:32:36.600,4637.4000,9927,0,178179960.000,0,-,-,-,-,4635.2000,4635.0000,4634.2000,4633.4000,4633.0000,4638.0000,4638.6000,4639.6000,4640.0000,4640.2000,6,1,1,1,1,2,1,1,1,1
SF,IF2010,2020-09-08 09:32:37.600,4637.4000,9927,0,178179960.000,0,-,-,-,-,4635.2000,4633.6000,4633.4000,4633.0000,4631.0000,4637.4000,4638.0000,4638.6000,4639.6000,4640.0000,3,1,1,1,5,1,2,1,1,1
SF,IF2010,2020-09-08 09:32:38.100,4637.4000,9927,0,178179960.000,0,-,-,-,-,4633.6000,4633.4000,4633.0000,4631.0000,4630.2000,4637.2000,4637.4000,4638.6000,4639.6000,4640.0000,1,1,1,5,1,2,1,1,1,1
SF,IF2010,2020-09-08 09:32:38.600,4637.4000,9927,0,178179960.000,0,-,-,-,-,4633.8000,4633.6000,4633.4000,4633.0000,4631.0000,4637.2000,4637.4000,4638.6000,4639.6000,4640.0000,2,1,1,1,5,2,1,1,1,1
SF,IF2010,2020-09-08 09:32:39.100,4637.4000,9927,0,178179960.000,0,-,-,-,-,4633.8000,4633.6000,4633.0000,4631.0000,4630.2000,4636.8000,4637.0000,4637.2000,4637.4000,4638.6000,2,1,1,5,1,1,2,2,1,1
SF,IF2010,2020-09-08 09:32:39.600,4637.4000,9927,0,178179960.000,0,-,-,-,-,4633.8000,4633.0000,4631.0000,4630.6000,4630.2000,4636.6000,4636.8000,4637.0000,4637.4000,4640.0000,2,1,5,1,1,2,2,2,1,1
SF,IF2010,2020-09-08 09:32:40.100,4637.4000,9927,0,178179960.000,0,-,-,-,-,4633.8000,4633.0000,4631.0000,4630.6000,4630.2000,4636.6000,4636.8000,4637.0000,4637.4000,4640.0000,1,1,5,1,1,2,2,2,1,1
SF,IF2010,2020-09-08 09:32:40.600,4637.4000,9927,0,178179960.000,0,-,-,-,-,4633.0000,4631.0000,4630.6000,4630.2000,4629.6000,4636.6000,4636.8000,4637.0000,4637.4000,4640.0000,1,5,1,1,3,2,2,2,1,1
SF,IF2010,2020-09-08 09:32:41.100,4637.4000,9927,0,178179960.000,0,-,-,-,-,4633.6000,4633.2000,4633.0000,4631.0000,4630.6000,4636.6000,4637.4000,4640.0000,4640.2000,4642.0000,1,4,1,5,1,2,1,1,1,1
SF,IF2010,2020-09-08 09:32:41.600,4637.4000,9927,0,178179960.000,0,-,-,-,-,4633.8000,4633.6000,4633.2000,4633.0000,4631.0000,4636.6000,4637.4000,4640.0000,4640.2000,4642.0000,2,1,3,1,5,1,1,1,1,1
SF,IF2010,2020-09-08 09:32:42.100,4637.4000,9927,0,178179960.000,0,-,-,-,-,4634.0000,4633.8000,4633.6000,4633.2000,4633.0000,4636.6000,4640.0000,4640.2000,4642.0000,4644.4000,1,2,1,3,1,1,1,1,1,1
SF,IF2010,2020-09-08 09:32:42.600,4637.4000,9927,0,178179960.000,0,-,-,-,-,4634.2000,4634.0000,4633.6000,4633.2000,4633.0000,4636.6000,4640.0000,4640.2000,4642.0000,4644.4000,2,1,1,3,1,1,1,1,1,1
SF,IF2010,2020-09-08 09:32:43.100,4637.4000,9927,0,178179960.000,0,-,-,-,-,4634.4000,4634.2000,4634.0000,4633.6000,4633.2000,4636.2000,4637.4000,4640.0000,4640.2000,4642.0000,1,2,1,1,3,1,1,1,1,1
SF,IF2010,2020-09-08 09:32:44.100,4637.4000,9927,0,178179960.000,0,-,-,-,-,4634.4000,4634.2000,4634.0000,4633.6000,4633.2000,4637.4000,4640.0000,4640.2000,4642.0000,4644.4000,1,2,1,1,3,1,1,1,1,1
SF,IF2010,2020-09-08 09:32:44.600,4637.4000,9927,0,178179960.000,0,-,-,-,-,4634.6000,4634.4000,4633.6000,4633.2000,4633.0000,4637.2000,4637.4000,4640.0000,4640.2000,4642.0000,2,1,1,3,1,1,1,1,1,1
SF,IF2010,2020-09-08 09:32:45.100,4637.4000,9927,0,178179960.000,0,-,-,-,-,4634.6000,4633.6000,4633.2000,4633.0000,4631.0000,4636.8000,4637.2000,4637.4000,4640.0000,4640.2000,2,1,3,1,5,2,2,1,1,1
SF,IF2010,2020-09-08 09:32:45.600,4637.4000,9927,0,178179960.000,0,-,-,-,-,4634.6000,4633.6000,4633.2000,4633.0000,4631.0000,4636.6000,4636.8000,4637.2000,4637.4000,4640.0000,1,1,3,1,5,1,1,1,1,2
SF,IF2010,2020-09-08 09:32:46.100,4637.4000,9927,0,178179960.000,0,-,-,-,-,4634.8000,4634.6000,4633.6000,4633.2000,4633.0000,4636.6000,4637.4000,4640.0000,4640.2000,4642.0000,2,1,1,3,1,1,1,2,1,1
SF,IF2010,2020-09-08 09:32:46.600,4637.4000,9927,0,178179960.000,0,-,-,-,-,4634.8000,4634.6000,4633.6000,4633.2000,4633.0000,4636.4000,4636.6000,4637.4000,4640.0000,4640.2000,2,1,1,3,1,1,1,1,2,1
SF,IF2010,2020-09-08 09:32:47.100,4637.4000,9927,0,178179960.000,0,-,-,-,-,4634.8000,4634.6000,4633.6000,4633.2000,4633.0000,4636.4000,4636.6000,4637.4000,4640.0000,4640.2000,1,1,1,3,1,1,1,1,2,1
SF,IF2010,2020-09-08 09:32:47.600,4637.4000,9927,0,178179960.000,0,-,-,-,-,4634.6000,4633.6000,4633.2000,4633.0000,4631.0000,4636.4000,4636.6000,4637.4000,4640.0000,4640.2000,1,1,3,1,5,1,1,1,2,1
SF,IF2010,2020-09-08 09:32:48.100,4637.4000,9927,0,178179960.000,0,-,-,-,-,4633.6000,4633.2000,4633.0000,4631.0000,4630.6000,4636.6000,4637.4000,4640.0000,4640.2000,4642.0000,1,3,1,5,1,1,1,2,1,1
SF,IF2010,2020-09-08 09:32:48.600,4637.4000,9927,0,178179960.000,0,-,-,-,-,4633.8000,4633.6000,4633.2000,4633.0000,4631.0000,4636.4000,4636.6000,4637.4000,4640.0000,4640.2000,1,1,4,1,5,1,1,1,2,1
SF,IF2010,2020-09-08 09:32:49.100,4637.4000,9927,0,178179960.000,0,-,-,-,-,4633.8000,4633.6000,4633.2000,4633.0000,4631.0000,4636.4000,4636.6000,4637.2000,4637.4000,4640.0000,1,1,4,1,5,1,1,1,1,2
SF,IF2010,2020-09-08 09:32:49.600,4637.4000,9927,0,178179960.000,0,-,-,-,-,4633.8000,4633.6000,4633.2000,4633.0000,4631.0000,4634.8000,4636.2000,4636.4000,4637.2000,4637.4000,1,1,4,1,5,1,1,1,1,1
SF,IF2010,2020-09-08 09:32:50.600,4634.8000,9926,-1,179570400.000,1,0,1,双平,S,4633.8000,4633.6000,4633.2000,4633.0000,4631.0000,4636.2000,4636.4000,4637.2000,4637.4000,4640.0000,1,1,4,1,5,1,1,1,1,2
SF,IF2010,2020-09-08 09:32:51.100,4634.8000,9926,0,179570400.000,0,-,-,-,-,4633.2000,4633.0000,4631.0000,4630.6000,4630.2000,4635.8000,4636.0000,4636.2000,4637.4000,4640.0000,1,1,5,1,1,1,2,1,1,7
SF,IF2010,2020-09-08 09:32:51.600,4634.8000,9926,0,179570400.000,0,-,-,-,-,4633.4000,4633.2000,4633.0000,4631.0000,4630.6000,4635.6000,4636.0000,4637.4000,4640.0000,4640.2000,1,1,1,5,1,2,1,1,7,1
SF,IF2010,2020-09-08 09:32:52.100,4634.8000,9926,0,179570400.000,0,-,-,-,-,4633.4000,4633.2000,4633.0000,4631.0000,4630.6000,4635.6000,4637.4000,4640.0000,4640.2000,4642.0000,1,1,1,5,1,2,1,7,1,1
SF,IF2010,2020-09-08 09:32:52.600,4633.4000,9926,0,180960420.000,1,0,1,多换,S,4633.2000,4633.0000,4631.0000,4630.6000,4630.2000,4635.6000,4637.4000,4640.0000,4640.2000,4642.0000,1,1,5,1,1,2,1,7,1,1
SF,IF2010,2020-09-08 09:32:53.100,4633.4000,9926,0,180960420.000,0,-,-,-,-,4633.2000,4633.0000,4631.0000,4630.6000,4630.2000,4635.6000,4637.4000,4640.0000,4640.2000,4642.0000,1,1,5,1,1,2,1,7,1,1
SF,IF2010,2020-09-08 09:32:53.600,4633.4000,9926,0,180960420.000,0,-,-,-,-,4633.2000,4633.0000,4631.0000,4630.6000,4630.2000,4635.2000,4635.6000,4637.4000,4640.0000,4640.2000,1,1,5,1,1,1,2,1,7,1
SF,IF2010,2020-09-08 09:32:54.100,4633.4000,9926,0,180960420.000,0,-,-,-,-,4633.6000,4633.4000,4633.2000,4633.0000,4631.0000,4635.0000,4635.6000,4637.4000,4640.0000,4640.2000,1,2,1,1,5,1,1,1,7,1
SF,IF2010,2020-09-08 09:32:54.600,4633.4000,9926,0,180960420.000,0,-,-,-,-,4633.6000,4633.4000,4633.2000,4633.0000,4631.0000,4635.6000,4637.4000,4640.0000,4640.2000,4642.0000,1,1,1,1,5,1,1,7,1,1
SF,IF2010,2020-09-08 09:32:55.100,4633.4000,9926,0,180960420.000,0,-,-,-,-,4633.8000,4633.4000,4633.2000,4633.0000,4631.0000,4635.6000,4637.4000,4640.0000,4640.2000,4642.0000,2,1,1,1,5,1,1,7,1,1
SF,IF2010,2020-09-08 09:32:55.600,4633.4000,9926,0,180960420.000,0,-,-,-,-,4634.2000,4634.0000,4633.8000,4633.4000,4633.2000,4637.4000,4640.0000,4640.2000,4642.0000,4644.4000,1,2,2,1,1,1,2,1,1,1
SF,IF2010,2020-09-08 09:32:56.100,4633.4000,9926,0,180960420.000,0,-,-,-,-,4634.4000,4634.0000,4633.8000,4633.4000,4633.2000,4637.2000,4637.4000,4640.0000,4640.2000,4642.0000,2,1,1,1,1,1,1,2,1,1
SF,IF2010,2020-09-08 09:32:56.600,4633.4000,9926,0,180960420.000,0,-,-,-,-,4634.4000,4634.0000,4633.8000,4633.2000,4633.0000,4637.2000,4637.4000,4640.0000,4640.2000,4642.0000,2,1,1,1,1,1,1,2,1,1
SF,IF2010,2020-09-08 09:32:57.100,4633.4000,9926,0,180960420.000,0,-,-,-,-,4634.4000,4633.8000,4633.2000,4633.0000,4631.0000,4637.2000,4637.4000,4640.0000,4640.2000,4642.0000,1,1,1,1,5,1,1,2,1,1
SF,IF2010,2020-09-08 09:32:57.600,4633.4000,9926,0,180960420.000,0,-,-,-,-,4634.4000,4633.8000,4633.2000,4633.0000,4631.0000,4636.8000,4637.0000,4637.2000,4637.4000,4640.0000,1,1,1,1,5,1,1,1,1,2
SF,IF2010,2020-09-08 09:32:58.100,4633.4000,9926,0,180960420.000,0,-,-,-,-,4634.4000,4633.2000,4633.0000,4631.8000,4631.0000,4636.4000,4636.6000,4636.8000,4637.0000,4637.4000,1,1,1,1,5,1,1,2,2,1
SF,IF2010,2020-09-08 09:32:58.600,4633.4000,9926,0,180960420.000,0,-,-,-,-,4633.2000,4633.0000,4631.8000,4631.0000,4630.6000,4636.2000,4636.6000,4636.8000,4637.0000,4637.4000,1,1,1,5,1,3,1,2,2,1
SF,IF2010,2020-09-08 09:32:59.100,4633.4000,9926,0,180960420.000,0,-,-,-,-,4633.4000,4633.2000,4633.0000,4631.8000,4631.0000,4634.4000,4636.2000,4636.6000,4636.8000,4637.0000,1,1,1,1,5,1,3,1,2,1
SF,IF2010,2020-09-08 09:32:59.600,4633.4000,9926,0,180960420.000,0,-,-,-,-,4633.4000,4633.2000,4633.0000,4631.8000,4631.0000,4634.4000,4636.2000,4636.6000,4636.8000,4637.4000,1,1,1,1,5,1,2,1,2,1
SF,IF2010,2020-09-08 09:33:00.100,4634.4000,9926,0,182350740.000,1,0,1,多换,S,4633.4000,4633.2000,4633.0000,4631.8000,4631.0000,4636.2000,4636.6000,4636.8000,4637.4000,4640.0000,1,1,1,1,5,2,1,2,1,2
SF,IF2010,2020-09-08 09:33:00.600,4634.4000,9926,0,182350740.000,0,-,-,-,-,4633.2000,4633.0000,4631.8000,4631.0000,4630.6000,4636.0000,4636.2000,4636.6000,4636.8000,4637.4000,1,1,1,5,1,1,2,1,2,1
SF,IF2010,2020-09-08 09:33:01.100,4634.4000,9926,0,182350740.000,0,-,-,-,-,4633.6000,4633.4000,4633.2000,4633.0000,4631.8000,4635.8000,4636.0000,4636.6000,4636.8000,4637.4000,1,2,1,1,1,2,1,1,2,1
SF,IF2010,2020-09-08 09:33:01.600,4634.4000,9926,0,182350740.000,0,-,-,-,-,4634.2000,4633.2000,4633.0000,4631.8000,4631.0000,4635.8000,4636.0000,4636.8000,4637.4000,4640.0000,1,1,1,1,5,2,1,2,1,2
SF,IF2010,2020-09-08 09:33:02.100,4634.2000,9926,0,183741000.000,1,0,1,多换,S,4633.2000,4633.0000,4631.8000,4631.0000,4630.6000,4635.4000,4635.6000,4635.8000,4636.0000,4636.8000,1,1,1,5,1,1,1,2,1,2
SF,IF2010,2020-09-08 09:33:02.600,4634.2000,9926,0,183741000.000,0,-,-,-,-,4633.2000,4633.0000,4631.8000,4631.0000,4630.6000,4635.2000,4635.4000,4635.6000,4636.0000,4636.8000,1,1,1,5,1,2,2,3,1,2
SF,IF2010,2020-09-08 09:33:03.100,4633.0000,9926,0,186520860.000,2,1,1,多换,S,4631.8000,4631.0000,4630.6000,4630.2000,4629.2000,4635.0000,4635.2000,4635.4000,4635.6000,4636.0000,1,5,1,1,1,1,2,1,3,1
SF,IF2010,2020-09-08 09:33:03.600,4633.0000,9926,0,186520860.000,0,-,-,-,-,4632.0000,4631.8000,4631.0000,4630.6000,4630.2000,4634.8000,4635.4000,4635.6000,4636.0000,4636.8000,1,1,5,1,1,2,1,3,1,2
SF,IF2010,2020-09-08 09:33:04.600,4633.0000,9926,0,186520860.000,0,-,-,-,-,4632.0000,4631.8000,4631.0000,4630.6000,4630.2000,4634.8000,4635.4000,4635.6000,4636.8000,4637.4000,1,1,5,1,1,2,1,3,1,1
SF,IF2010,2020-09-08 09:33:05.100,4633.0000,9926,0,186520860.000,0,-,-,-,-,4632.0000,4631.8000,4631.0000,4630.6000,4630.2000,4634.8000,4635.6000,4636.8000,4637.4000,4640.0000,1,1,5,1,1,2,2,1,1,2
SF,IF2010,2020-09-08 09:33:05.600,4633.0000,9926,0,186520860.000,0,-,-,-,-,4632.0000,4631.8000,4631.0000,4630.6000,4630.2000,4634.8000,4635.6000,4636.8000,4637.4000,4640.0000,1,1,5,1,1,2,1,1,1,2
SF,IF2010,2020-09-08 09:33:06.100,4633.0000,9926,0,186520860.000,0,-,-,-,-,4632.2000,4632.0000,4631.8000,4631.0000,4630.6000,4634.8000,4635.6000,4636.8000,4637.4000,4640.0000,3,1,1,5,1,2,1,1,1,2
SF,IF2010,2020-09-08 09:33:06.600,4633.0000,9926,0,186520860.000,0,-,-,-,-,4632.4000,4632.2000,4631.8000,4631.0000,4630.6000,4634.8000,4635.6000,4636.8000,4637.4000,4640.0000,2,3,1,5,1,1,1,1,1,2
SF,IF2010,2020-09-08 09:33:07.100,4633.0000,9926,0,186520860.000,0,-,-,-,-,4632.8000,4632.4000,4632.2000,4631.8000,4631.0000,4634.8000,4635.6000,4636.8000,4637.4000,4640.0000,1,2,3,1,5,1,1,1,1,2
SF,IF2010,2020-09-08 09:33:07.600,4633.0000,9926,0,186520860.000,0,-,-,-,-,4633.0000,4632.2000,4631.8000,4631.0000,4630.6000,4635.6000,4636.8000,4637.4000,4640.0000,4640.2000,3,3,1,5,1,1,1,1,2,1
SF,IF2010,2020-09-08 09:33:08.100,4633.0000,9926,0,187910760.000,1,0,1,多换,S,4633.0000,4632.2000,4631.8000,4631.0000,4630.6000,4635.4000,4635.6000,4636.8000,4637.4000,4640.0000,2,3,1,5,1,1,1,1,1,2
SF,IF2010,2020-09-08 09:33:08.600,4633.0000,9926,0,187910760.000,0,-,-,-,-,4633.6000,4633.4000,4633.0000,4632.2000,4631.8000,4635.4000,4635.6000,4636.8000,4637.4000,4640.0000,1,1,1,3,1,1,1,1,1,2
SF,IF2010,2020-09-08 09:33:09.100,4633.0000,9926,0,187910760.000,0,-,-,-,-,4633.4000,4633.0000,4632.2000,4631.8000,4631.0000,4635.4000,4635.6000,4636.8000,4637.4000,4640.0000,1,1,3,1,5,1,1,1,1,2
SF,IF2010,2020-09-08 09:33:09.600,4633.0000,9926,0,187910760.000,0,-,-,-,-,4633.6000,4632.2000,4631.8000,4631.0000,4630.6000,4635.4000,4635.6000,4636.8000,4637.4000,4640.0000,1,3,1,5,1,1,1,1,1,2
SF,IF2010,2020-09-08 09:33:10.100,4633.0000,9926,0,187910760.000,0,-,-,-,-,4633.6000,4632.2000,4631.8000,4631.0000,4630.6000,4635.4000,4636.8000,4637.4000,4640.0000,4640.2000,2,3,1,5,1,1,1,1,2,1
SF,IF2010,2020-09-08 09:33:10.600,4633.0000,9925,-1,189300660.000,1,0,1,双平,S,4632.2000,4631.8000,4631.0000,4630.6000,4630.2000,4635.4000,4636.8000,4637.4000,4640.0000,4640.2000,3,1,5,1,1,1,1,1,2,1
SF,IF2010,2020-09-08 09:33:11.100,4633.0000,9925,0,189300660.000,0,-,-,-,-,4632.4000,4632.2000,4631.8000,4631.0000,4630.6000,4635.2000,4635.4000,4636.8000,4637.4000,4640.0000,1,4,1,5,1,1,1,1,1,2
SF,IF2010,2020-09-08 09:33:11.600,4633.0000,9925,0,189300660.000,0,-,-,-,-,4632.4000,4632.2000,4631.8000,4631.0000,4630.6000,4635.0000,4635.2000,4636.8000,4637.4000,4640.0000,1,4,1,5,1,1,1,1,1,2
SF,IF2010,2020-09-08 09:33:12.100,4633.0000,9925,0,189300660.000,0,-,-,-,-,4632.2000,4631.8000,4631.0000,4630.6000,4630.2000,4634.8000,4635.0000,4636.8000,4637.4000,4640.0000,6,1,5,1,1,2,1,1,1,2
SF,IF2010,2020-09-08 09:33:12.600,4633.0000,9925,0,189300660.000,0,-,-,-,-,4632.4000,4632.2000,4631.8000,4631.0000,4630.6000,4634.6000,4634.8000,4636.8000,4637.4000,4640.0000,1,6,1,5,1,1,2,1,1,2
SF,IF2010,2020-09-08 09:33:13.100,4633.0000,9925,0,189300660.000,0,-,-,-,-,4632.6000,4632.4000,4632.2000,4631.8000,4631.0000,4634.4000,4634.6000,4634.8000,4636.8000,4637.4000,1,1,6,1,5,1,1,1,1,1
SF,IF2010,2020-09-08 09:33:13.600,4632.6000,9925,0,190690440.000,1,0,1,多换,S,4632.4000,4632.2000,4631.8000,4631.0000,4630.6000,4634.2000,4634.4000,4634.8000,4635.2000,4636.8000,1,6,1,5,1,1,1,1,1,1
SF,IF2010,2020-09-08 09:33:14.100,4632.6000,9925,0,190690440.000,0,-,-,-,-,4632.2000,4631.8000,4631.0000,4630.6000,4630.2000,4634.2000,4634.4000,4634.8000,4635.2000,4636.8000,6,1,5,1,1,1,1,1,1,1
SF,IF2010,2020-09-08 09:33:14.600,4632.6000,9925,0,190690440.000,0,-,-,-,-,4632.4000,4632.2000,4631.8000,4631.0000,4630.6000,4634.0000,4634.2000,4634.8000,4635.2000,4636.8000,1,6,1,5,1,1,1,1,1,1
SF,IF2010,2020-09-08 09:33:15.100,4634.2000,9923,-2,193470900.000,2,0,2,双平,S,4632.6000,4632.2000,4631.8000,4631.0000,4630.6000,4635.2000,4636.8000,4637.4000,4640.0000,4640.2000,2,6,1,5,1,1,1,1,2,1
SF,IF2010,2020-09-08 09:33:15.600,4634.2000,9923,0,193470900.000,0,-,-,-,-,4632.8000,4632.6000,4632.2000,4631.8000,4631.0000,4635.0000,4635.2000,4636.8000,4637.4000,4640.0000,1,2,6,1,5,2,1,1,1,2
SF,IF2010,2020-09-08 09:33:16.100,4632.8000,9920,-3,201810240.000,6,1,5,多平,S,4632.6000,4632.2000,4631.8000,4631.0000,4630.6000,4635.0000,4635.2000,4636.8000,4637.4000,4640.0000,1,6,1,5,1,2,1,1,1,2
SF,IF2010,2020-09-08 09:33:16.600,4632.8000,9920,0,201810240.000,0,-,-,-,-,4633.6000,4633.2000,4633.0000,4632.8000,4632.6000,4635.0000,4635.2000,4636.8000,4637.4000,4640.0000,1,1,2,2,1,1,1,1,1,2
SF,IF2010,2020-09-08 09:33:17.100,4632.8000,9920,0,201810240.000,0,-,-,-,-,4633.8000,4633.6000,4633.2000,4633.0000,4632.8000,4637.4000,4640.0000,4640.2000,4642.0000,4644.4000,1,1,1,1,2,1,2,1,1,1
SF,IF2010,2020-09-08 09:33:17.600,4632.8000,9920,0,201810240.000,0,-,-,-,-,4634.0000,4633.8000,4633.6000,4633.0000,4632.8000,4637.2000,4637.4000,4640.0000,4640.2000,4642.0000,1,1,1,1,1,1,1,2,1,1
SF,IF2010,2020-09-08 09:33:18.100,4632.8000,9920,0,201810240.000,0,-,-,-,-,4634.2000,4634.0000,4633.6000,4633.0000,4632.8000,4637.2000,4637.4000,4640.0000,4640.2000,4642.0000,1,1,1,1,1,1,1,2,1,1
SF,IF2010,2020-09-08 09:33:18.600,4632.8000,9920,0,201810240.000,0,-,-,-,-,4634.4000,4634.2000,4633.6000,4633.2000,4633.0000,4637.2000,4637.4000,4640.0000,4640.2000,4642.0000,2,1,1,1,1,1,1,2,1,1
SF,IF2010,2020-09-08 09:33:19.100,4633.8000,9919,-1,203200380.000,1,0,1,双平,S,4633.6000,4633.2000,4633.0000,4632.8000,4632.4000,4637.0000,4637.2000,4637.4000,4640.0000,4640.2000,2,1,1,1,1,2,1,1,2,1
SF,IF2010,2020-09-08 09:33:19.600,4633.8000,9919,0,203200380.000,0,-,-,-,-,4633.8000,4633.6000,4633.2000,4633.0000,4632.8000,4636.8000,4637.0000,4637.4000,4640.0000,4640.2000,1,2,1,1,1,3,2,1,2,1
SF,IF2010,2020-09-08 09:33:20.100,4633.8000,9919,0,203200380.000,0,-,-,-,-,4634.0000,4633.8000,4633.6000,4633.2000,4633.0000,4636.6000,4636.8000,4637.4000,4640.0000,4640.2000,2,1,2,1,1,1,2,1,2,1
SF,IF2010,2020-09-08 09:33:20.600,4633.8000,9918,-1,205980660.000,2,0,2,多平,S,4634.0000,4633.8000,4633.6000,4633.2000,4633.0000,4636.6000,4636.8000,4637.4000,4640.0000,4640.2000,2,1,2,1,1,1,1,1,2,1
SF,IF2010,2020-09-08 09:33:21.100,4633.8000,9918,0,205980660.000,0,-,-,-,-,4634.2000,4634.0000,4633.8000,4633.6000,4633.2000,4636.4000,4636.6000,4637.4000,4640.0000,4640.2000,4,3,1,1,1,1,1,1,2,1
SF,IF2010,2020-09-08 09:33:21.600,4636.4000,9916,-2,208762440.000,2,0,2,双平,S,4635.2000,4634.6000,4634.4000,4634.2000,4634.0000,4637.4000,4640.0000,4640.2000,4642.0000,4644.4000,2,1,4,6,2,1,2,1,1,1
SF,IF2010,2020-09-08 09:33:22.100,4636.4000,9916,0,208762440.000,0,-,-,-,-,4635.4000,4634.4000,4634.2000,4633.8000,4633.6000,4637.2000,4637.4000,4640.0000,4640.2000,4642.0000,1,2,4,1,1,1,1,2,1,1
SF,IF2010,2020-09-08 09:33:23.100,4636.4000,9916,0,208762440.000,0,-,-,-,-,4635.8000,4635.4000,4635.0000,4634.4000,4634.2000,4637.2000,4637.4000,4640.0000,4640.2000,4642.0000,1,1,1,2,4,1,1,2,1,1
SF,IF2010,2020-09-08 09:33:23.600,4636.4000,9916,0,208762440.000,0,-,-,-,-,4635.8000,4635.4000,4635.0000,4634.2000,4633.6000,4637.2000,4637.4000,4640.0000,4640.2000,4642.0000,1,1,1,3,1,1,1,2,1,1
SF,IF2010,2020-09-08 09:33:24.100,4636.4000,9916,0,208762440.000,0,-,-,-,-,4635.8000,4635.4000,4634.2000,4633.6000,4632.8000,4637.2000,4637.4000,4640.0000,4640.2000,4642.0000,1,1,2,1,1,1,1,2,1,1
SF,IF2010,2020-09-08 09:33:24.600,4636.4000,9916,0,208762440.000,0,-,-,-,-,4635.8000,4635.4000,4634.2000,4633.6000,4632.8000,4637.2000,4637.4000,4640.0000,4640.2000,4642.0000,1,1,3,1,1,1,1,2,1,1
SF,IF2010,2020-09-08 09:33:25.100,4637.4000,9915,-1,211544820.000,2,0,2,多平,S,4636.2000,4636.0000,4635.4000,4634.2000,4633.6000,4640.0000,4640.2000,4642.0000,4644.4000,4645.0000,1,1,1,3,1,2,1,1,1,14
SF,IF2010,2020-09-08 09:33:25.600,4637.4000,9915,0,211544820.000,0,-,-,-,-,4636.4000,4636.0000,4634.2000,4633.6000,4632.8000,4639.2000,4639.6000,4639.8000,4640.0000,4640.2000,2,2,2,1,1,1,1,4,2,1
SF,IF2010,2020-09-08 09:33:26.100,4637.4000,9915,0,211544820.000,0,-,-,-,-,4636.8000,4636.6000,4636.4000,4636.0000,4634.2000,4639.0000,4639.8000,4640.0000,4640.2000,4642.0000,1,1,3,2,2,1,2,2,1,1
SF,IF2010,2020-09-08 09:33:26.600,4637.4000,9915,0,211544820.000,0,-,-,-,-,4637.2000,4637.0000,4636.8000,4636.6000,4636.4000,4640.0000,4640.2000,4642.0000,4644.4000,4645.0000,1,2,1,1,1,2,1,1,1,14
SF,IF2010,2020-09-08 09:33:27.100,4637.4000,9915,0,211544820.000,0,-,-,-,-,4637.4000,4636.8000,4636.6000,4636.0000,4634.2000,4639.8000,4640.0000,4640.2000,4642.0000,4644.4000,1,1,1,2,2,2,2,1,1,1
SF,IF2010,2020-09-08 09:33:27.600,4637.4000,9915,0,211544820.000,0,-,-,-,-,4637.4000,4636.6000,4634.2000,4632.8000,4632.4000,4639.6000,4639.8000,4640.0000,4640.2000,4642.0000,1,1,2,1,1,1,2,2,1,1
SF,IF2010,2020-09-08 09:33:28.100,4637.4000,9914,-1,212936040.000,1,0,1,双平,S,4634.2000,4632.8000,4632.4000,4632.2000,4631.8000,4639.2000,4639.4000,4639.6000,4639.8000,4640.0000,2,1,1,3,1,1,2,4,1,2
SF,IF2010,2020-09-08 09:33:28.600,4637.4000,9914,0,212936040.000,0,-,-,-,-,4634.4000,4634.2000,4632.8000,4632.4000,4632.2000,4639.0000,4639.2000,4639.6000,4639.8000,4640.0000,3,2,1,1,3,3,1,4,1,2
SF,IF2010,2020-09-08 09:33:29.100,4637.4000,9914,0,212936040.000,0,-,-,-,-,4634.4000,4634.2000,4632.8000,4632.4000,4632.2000,4638.6000,4639.0000,4639.2000,4639.6000,4639.8000,2,2,1,1,3,1,4,1,3,1
SF,IF2010,2020-09-08 09:33:29.600,4637.4000,9914,0,212936040.000,0,-,-,-,-,4634.4000,4634.2000,4632.8000,4632.4000,4632.2000,4638.4000,4638.6000,4639.0000,4639.2000,4639.6000,2,1,1,1,3,2,1,2,1,3
SF,IF2010,2020-09-08 09:33:30.100,4637.4000,9914,0,212936040.000,0,-,-,-,-,4634.6000,4634.4000,4634.2000,4632.4000,4632.2000,4638.4000,4639.0000,4639.6000,4639.8000,4640.0000,3,2,1,1,3,2,1,2,1,2
SF,IF2010,2020-09-08 09:33:30.600,4637.4000,9914,0,212936040.000,0,-,-,-,-,4635.0000,4634.8000,4634.6000,4634.4000,4634.2000,4638.4000,4639.0000,4639.6000,4639.8000,4640.0000,1,2,4,1,1,1,1,1,1,2
SF,IF2010,2020-09-08 09:33:31.100,4637.4000,9914,0,212936040.000,0,-,-,-,-,4635.6000,4635.2000,4635.0000,4634.8000,4634.6000,4638.2000,4638.4000,4639.0000,4639.6000,4639.8000,1,1,2,1,4,1,1,1,1,1
SF,IF2010,2020-09-08 09:33:31.600,4637.4000,9914,0,212936040.000,0,-,-,-,-,4635.8000,4635.6000,4635.0000,4634.8000,4634.6000,4638.0000,4638.2000,4639.0000,4639.6000,4639.8000,1,1,2,1,4,1,1,2,1,1
SF,IF2010,2020-09-08 09:33:32.100,4637.4000,9914,0,212936040.000,0,-,-,-,-,4635.6000,4635.0000,4634.8000,4634.4000,4634.2000,4637.6000,4637.8000,4638.0000,4639.0000,4639.6000,1,1,1,1,1,1,1,1,2,1
SF,IF2010,2020-09-08 09:33:32.600,4637.4000,9914,0,212936040.000,0,-,-,-,-,4634.8000,4634.4000,4634.2000,4634.0000,4632.4000,4637.4000,4637.6000,4639.0000,4639.6000,4639.8000,1,1,1,1,1,2,1,2,1,1
SF,IF2010,2020-09-08 09:33:33.100,4637.4000,9914,0,212936040.000,0,-,-,-,-,4634.4000,4634.2000,4634.0000,4632.4000,4632.2000,4637.4000,4639.0000,4639.6000,4639.8000,4640.0000,1,1,1,1,3,2,2,1,1,2
SF,IF2010,2020-09-08 09:33:33.600,4637.4000,9914,0,212936040.000,0,-,-,-,-,4634.6000,4634.4000,4634.2000,4634.0000,4632.4000,4637.4000,4639.0000,4639.6000,4639.8000,4640.0000,3,1,1,1,1,2,2,1,1,2
SF,IF2010,2020-09-08 09:33:34.100,4637.4000,9914,0,212936040.000,0,-,-,-,-,4634.6000,4634.4000,4634.2000,4634.0000,4632.4000,4637.4000,4639.0000,4639.6000,4639.8000,4640.0000,3,1,1,1,1,2,2,1,1,2
SF,IF2010,2020-09-08 09:33:34.600,4637.4000,9914,0,212936040.000,0,-,-,-,-,4635.0000,4634.6000,4634.4000,4634.2000,4634.0000,4637.4000,4639.0000,4639.6000,4639.8000,4640.0000,1,3,1,1,1,1,2,1,1,2
SF,IF2010,2020-09-08 09:33:35.100,4637.4000,9914,0,212936040.000,0,-,-,-,-,4635.4000,4635.2000,4635.0000,4634.6000,4634.4000,4637.4000,4639.0000,4639.6000,4639.8000,4640.0000,1,1,1,3,1,1,2,1,1,2
SF,IF2010,2020-09-08 09:33:35.600,4635.4000,9914,0,215717340.000,2,1,1,多换,S,4635.0000,4634.6000,4634.4000,4634.2000,4634.0000,4635.4000,4637.4000,4639.0000,4639.6000,4639.8000,1,3,1,1,1,1,1,2,1,1
SF,IF2010,2020-09-08 09:33:36.100,4635.4000,9914,0,221279820.000,4,2,2,多换,S,4635.4000,4635.0000,4634.6000,4634.4000,4634.2000,4637.2000,4637.4000,4639.0000,4639.6000,4639.8000,1,1,3,1,1,2,1,2,1,1
SF,IF2010,2020-09-08 09:33:36.600,4634.6000,9914,0,222670200.000,1,0,1,多换,S,4634.6000,4634.4000,4634.2000,4634.0000,4632.4000,4637.0000,4637.4000,4639.0000,4639.6000,4639.8000,1,1,1,1,1,1,1,2,1,1
SF,IF2010,2020-09-08 09:33:37.100,4634.6000,9914,0,222670200.000,0,-,-,-,-,4634.6000,4634.4000,4634.2000,4634.0000,4633.8000,4636.8000,4637.0000,4639.0000,4639.6000,4639.8000,1,1,1,1,1,3,1,2,1,1
SF,IF2010,2020-09-08 09:33:37.600,4634.6000,9914,0,222670200.000,0,-,-,-,-,4634.6000,4634.4000,4634.2000,4634.0000,4633.8000,4636.6000,4636.8000,4639.0000,4639.6000,4639.8000,2,1,1,1,1,1,2,2,1,1
SF,IF2010,2020-09-08 09:33:38.100,4634.6000,9914,0,222670200.000,0,-,-,-,-,4634.6000,4634.4000,4634.2000,4634.0000,4633.8000,4636.4000,4636.6000,4636.8000,4639.0000,4639.6000,2,1,1,1,1,1,1,1,2,1
SF,IF2010,2020-09-08 09:33:38.600,4634.6000,9914,0,222670200.000,0,-,-,-,-,4635.0000,4634.6000,4634.0000,4632.4000,4632.2000,4636.2000,4636.4000,4636.8000,4639.0000,4639.6000,1,2,1,1,3,1,3,1,2,1
SF,IF2010,2020-09-08 09:33:39.100,4634.6000,9914,0,222670200.000,0,-,-,-,-,4634.8000,4634.6000,4634.0000,4632.4000,4632.2000,4636.2000,4636.8000,4639.0000,4639.6000,4640.0000,1,1,1,1,3,1,1,2,1,2
SF,IF2010,2020-09-08 09:33:39.600,4634.6000,9914,0,222670200.000,0,-,-,-,-,4634.8000,4634.6000,4634.0000,4632.4000,4632.2000,4636.2000,4639.0000,4639.6000,4640.0000,4640.2000,1,1,1,1,3,1,2,1,2,1
SF,IF2010,2020-09-08 09:33:40.100,4634.6000,9914,0,222670200.000,0,-,-,-,-,4635.0000,4634.6000,4634.0000,4632.4000,4632.2000,4636.2000,4639.0000,4639.6000,4640.0000,4640.2000,1,1,1,1,3,1,2,1,2,1
SF,IF2010,2020-09-08 09:33:41.100,4634.6000,9914,0,222670200.000,0,-,-,-,-,4635.0000,4634.6000,4634.0000,4633.0000,4632.4000,4636.2000,4639.0000,4639.6000,4640.0000,4640.2000,1,1,1,1,1,1,2,1,2,1
SF,IF2010,2020-09-08 09:33:42.100,4634.6000,9914,0,222670200.000,0,-,-,-,-,4635.2000,4635.0000,4634.6000,4634.0000,4633.0000,4636.2000,4639.0000,4639.6000,4640.0000,4640.2000,1,1,1,1,1,1,2,1,2,1
SF,IF2010,2020-09-08 09:33:42.600,4634.6000,9914,0,222670200.000,0,-,-,-,-,4635.2000,4635.0000,4634.6000,4634.0000,4633.0000,4639.0000,4639.6000,4640.0000,4640.2000,4641.4000,1,1,1,1,1,2,1,2,1,1
SF,IF2010,2020-09-08 09:33:43.100,4634.6000,9914,0,222670200.000,0,-,-,-,-,4635.0000,4634.6000,4634.0000,4633.0000,4632.4000,4638.6000,4638.8000,4639.0000,4639.6000,4640.0000,1,1,1,1,1,2,5,2,1,2
SF,IF2010,2020-09-08 09:33:43.600,4634.6000,9914,0,222670200.000,0,-,-,-,-,4635.4000,4635.2000,4635.0000,4634.6000,4634.0000,4638.4000,4638.6000,4638.8000,4639.0000,4639.6000,1,1,1,1,1,2,2,3,2,1
SF,IF2010,2020-09-08 09:33:44.100,4634.6000,9914,0,222670200.000,0,-,-,-,-,4635.0000,4634.6000,4634.0000,4633.0000,4632.4000,4638.4000,4638.6000,4638.8000,4639.0000,4639.6000,1,1,1,1,1,2,1,1,2,1
SF,IF2010,2020-09-08 09:33:44.600,4634.6000,9914,0,222670200.000,0,-,-,-,-,4635.2000,4635.0000,4634.6000,4634.0000,4633.0000,4638.4000,4639.0000,4639.6000,4640.0000,4640.2000,2,1,1,1,1,2,2,1,2,1
SF,IF2010,2020-09-08 09:33:45.100,4634.6000,9914,0,222670200.000,0,-,-,-,-,4635.4000,4635.2000,4635.0000,4634.6000,4634.0000,4638.4000,4639.0000,4639.6000,4640.0000,4640.2000,2,2,1,1,1,2,2,1,2,1
SF,IF2010,2020-09-08 09:33:45.600,4634.6000,9914,0,222670200.000,0,-,-,-,-,4635.6000,4635.4000,4635.2000,4635.0000,4634.6000,4638.4000,4639.0000,4639.6000,4640.0000,4640.2000,1,2,1,1,1,2,2,1,2,1
SF,IF2010,2020-09-08 09:33:46.100,4638.4000,9914,0,224061720.000,1,0,1,多换,S,4635.8000,4635.6000,4635.4000,4635.2000,4635.0000,4639.0000,4639.6000,4640.0000,4640.2000,4641.4000,2,2,2,1,1,2,1,2,1,1
SF,IF2010,2020-09-08 09:33:46.600,4638.4000,9914,0,224061720.000,0,-,-,-,-,4636.8000,4636.0000,4635.8000,4635.6000,4635.4000,4638.8000,4639.0000,4640.0000,4640.2000,4641.4000,1,1,2,1,2,1,1,2,1,1
SF,IF2010,2020-09-08 09:33:47.100,4638.4000,9914,0,224061720.000,0,-,-,-,-,4637.0000,4636.8000,4636.4000,4635.8000,4635.4000,4638.8000,4639.0000,4640.0000,4640.2000,4641.4000,2,1,1,1,2,1,1,2,1,1
SF,IF2010,2020-09-08 09:33:47.600,4638.4000,9914,0,224061720.000,0,-,-,-,-,4637.0000,4636.8000,4636.4000,4635.8000,4635.4000,4638.8000,4640.0000,4640.2000,4641.4000,4642.0000,2,1,1,1,2,1,2,1,1,1
SF,IF2010,2020-09-08 09:33:48.100,4638.4000,9914,0,224061720.000,0,-,-,-,-,4637.0000,4636.8000,4636.4000,4635.8000,4635.2000,4638.8000,4640.0000,4640.2000,4641.4000,4642.0000,1,1,1,1,1,1,2,1,1,1
SF,IF2010,2020-09-08 09:33:48.600,4637.0000,9913,-1,225452820.000,1,0,1,双平,S,4636.8000,4636.4000,4635.2000,4634.6000,4634.0000,4638.8000,4640.0000,4640.2000,4641.4000,4642.0000,1,1,1,1,1,1,2,1,1,1
SF,IF2010,2020-09-08 09:33:49.100,4637.0000,9913,0,225452820.000,0,-,-,-,-,4636.8000,4636.4000,4635.2000,4634.6000,4634.0000,4638.4000,4638.6000,4638.8000,4640.0000,4640.2000,1,1,1,1,1,1,2,1,2,1
SF,IF2010,2020-09-08 09:33:49.600,4636.8000,9913,0,226843860.000,1,0,1,多换,S,4635.2000,4634.6000,4634.0000,4632.4000,4632.2000,4638.2000,4638.6000,4640.0000,4640.2000,4641.4000,1,1,1,1,3,1,3,2,1,1
SF,IF2010,2020-09-08 09:33:50.100,4636.8000,9913,0,226843860.000,0,-,-,-,-,4635.2000,4634.6000,4634.0000,4632.4000,4632.2000,4638.0000,4638.2000,4638.6000,4640.0000,4640.2000,1,1,1,1,3,2,1,1,2,1
SF,IF2010,2020-09-08 09:33:50.600,4636.8000,9913,0,226843860.000,0,-,-,-,-,4635.2000,4634.6000,4634.0000,4632.4000,4632.2000,4637.8000,4638.0000,4638.6000,4640.0000,4640.2000,1,1,1,1,3,1,2,1,2,1
SF,IF2010,2020-09-08 09:33:51.100,4636.8000,9913,0,226843860.000,0,-,-,-,-,4635.6000,4635.2000,4634.6000,4634.0000,4632.4000,4637.6000,4637.8000,4638.0000,4638.6000,4640.0000,1,1,1,1,1,1,1,1,1,2
SF,IF2010,2020-09-08 09:33:51.600,4636.8000,9913,0,226843860.000,0,-,-,-,-,4635.6000,4634.6000,4634.0000,4632.4000,4632.2000,4637.4000,4637.6000,4638.0000,4638.6000,4640.0000,1,1,1,1,3,3,1,1,1,2
SF,IF2010,2020-09-08 09:33:52.100,4636.8000,9913,0,226843860.000,0,-,-,-,-,4634.6000,4634.0000,4632.4000,4632.2000,4631.8000,4637.0000,4637.4000,4637.6000,4638.0000,4638.6000,1,1,1,3,1,2,1,1,1,1
SF,IF2010,2020-09-08 09:33:52.600,4636.8000,9913,0,226843860.000,0,-,-,-,-,4634.8000,4634.0000,4633.2000,4632.4000,4632.2000,4636.8000,4637.4000,4640.0000,4640.2000,4641.4000,3,1,1,1,3,1,1,2,1,1
SF,IF2010,2020-09-08 09:33:53.100,4636.8000,9913,0,226843860.000,0,-,-,-,-,4635.2000,4634.8000,4634.0000,4633.2000,4632.4000,4636.8000,4637.4000,4640.0000,4640.2000,4641.4000,1,3,1,1,1,1,1,2,1,1
SF,IF2010,2020-09-08 09:33:53.600,4636.8000,9913,0,226843860.000,0,-,-,-,-,4635.2000,4634.8000,4634.0000,4633.2000,4632.4000,4636.8000,4637.0000,4637.4000,4640.0000,4640.2000,1,2,1,1,1,1,1,1,2,1
SF,IF2010,2020-09-08 09:33:54.100,4636.8000,9913,0,226843860.000,0,-,-,-,-,4635.2000,4634.8000,4634.0000,4633.2000,4632.4000,4636.6000,4636.8000,4637.0000,4637.4000,4640.0000,1,2,1,1,1,1,1,1,1,2
SF,IF2010,2020-09-08 09:33:55.100,4636.8000,9913,0,228234900.000,1,0,1,多换,S,4634.8000,4634.0000,4633.2000,4632.4000,4632.2000,4636.8000,4637.0000,4637.4000,4640.0000,4640.2000,2,1,1,1,3,1,1,1,2,1
SF,IF2010,2020-09-08 09:33:55.600,4636.8000,9913,0,228234900.000,0,-,-,-,-,4635.2000,4634.8000,4634.0000,4633.2000,4632.4000,4636.6000,4636.8000,4637.0000,4637.4000,4640.0000,1,2,1,1,1,1,1,1,1,2
SF,IF2010,2020-09-08 09:33:56.100,4635.2000,9916,3,232406580.000,3,3,0,双开,S,4634.0000,4633.2000,4632.4000,4632.2000,4631.8000,4636.4000,4636.6000,4636.8000,4637.0000,4640.0000,1,1,1,3,1,1,3,1,1,2
SF,IF2010,2020-09-08 09:33:56.600,4635.2000,9916,0,232406580.000,0,-,-,-,-,4635.4000,4634.4000,4634.2000,4634.0000,4633.2000,4636.2000,4636.4000,4636.6000,4637.0000,4640.0000,1,1,1,1,1,1,1,1,1,2
SF,IF2010,2020-09-08 09:33:57.100,4635.2000,9916,0,232406580.000,0,-,-,-,-,4634.0000,4633.2000,4632.4000,4632.2000,4631.8000,4636.0000,4636.6000,4637.0000,4640.0000,4640.2000,1,1,1,3,1,1,1,1,2,1
SF,IF2010,2020-09-08 09:33:57.600,4635.2000,9916,0,232406580.000,0,-,-,-,-,4634.2000,4634.0000,4633.2000,4632.4000,4632.2000,4635.8000,4636.0000,4636.6000,4637.0000,4640.0000,2,1,1,1,3,1,1,1,1,2
SF,IF2010,2020-09-08 09:33:58.100,4635.2000,9916,0,232406580.000,0,-,-,-,-,4634.2000,4634.0000,4633.2000,4632.4000,4632.2000,4635.8000,4636.0000,4636.6000,4637.0000,4640.0000,2,1,1,1,3,3,1,1,1,2
SF,IF2010,2020-09-08 09:33:58.600,4635.8000,9915,-1,233797320.000,1,0,1,双平,S,4634.2000,4634.0000,4633.2000,4632.4000,4632.2000,4637.0000,4640.0000,4640.2000,4641.4000,4642.0000,3,1,1,1,3,1,2,1,1,1
SF,IF2010,2020-09-08 09:33:59.100,4635.8000,9915,0,233797320.000,0,-,-,-,-,4634.2000,4634.0000,4633.2000,4632.4000,4632.2000,4636.8000,4637.0000,4640.0000,4640.2000,4641.4000,3,1,1,1,3,2,1,2,1,1
SF,IF2010,2020-09-08 09:33:59.600,4635.8000,9915,0,233797320.000,0,-,-,-,-,4634.8000,4634.4000,4634.2000,4634.0000,4632.4000,4636.8000,4637.0000,4640.0000,4640.2000,4641.4000,1,1,3,1,1,2,1,2,1,1
SF,IF2010,2020-09-08 09:34:00.100,4635.8000,9915,0,233797320.000,0,-,-,-,-,4634.8000,4634.4000,4634.2000,4634.0000,4632.4000,4636.6000,4636.8000,4637.0000,4640.0000,4640.2000,1,1,3,1,1,1,2,1,2,1
SF,IF2010,2020-09-08 09:34:00.600,4635.8000,9915,0,233797320.000,0,-,-,-,-,4634.8000,4634.2000,4634.0000,4632.4000,4632.2000,4636.4000,4636.6000,4636.8000,4637.0000,4640.0000,1,1,1,1,3,2,3,1,1,2
SF,IF2010,2020-09-08 09:34:01.100,4634.8000,9914,-1,235187760.000,1,0,1,双平,S,4634.0000,4632.4000,4632.2000,4631.8000,4631.0000,4636.2000,4636.4000,4636.6000,4636.8000,4637.0000,1,1,3,1,5,3,2,1,1,1
SF,IF2010,2020-09-08 09:34:01.600,4634.8000,9914,0,235187760.000,0,-,-,-,-,4634.0000,4632.4000,4632.2000,4631.8000,4631.0000,4636.0000,4636.2000,4636.4000,4636.6000,4637.0000,1,1,3,1,5,2,3,1,1,1
SF,IF2010,2020-09-08 09:34:02.100,4634.8000,9914,0,235187760.000,0,-,-,-,-,4634.0000,4632.4000,4632.2000,4631.8000,4631.0000,4635.8000,4636.0000,4636.2000,4636.6000,4637.0000,1,1,3,1,5,4,2,1,1,1
SF,IF2010,2020-09-08 09:34:02.600,4634.0000,9914,0,236577960.000,1,0,1,多换,S,4632.4000,4632.2000,4631.8000,4631.0000,4630.8000,4635.6000,4635.8000,4636.0000,4636.2000,4636.6000,1,3,1,5,1,1,4,1,1,1
SF,IF2010,2020-09-08 09:34:03.100,4634.0000,9914,0,236577960.000,0,-,-,-,-,4632.6000,4632.4000,4632.2000,4631.8000,4631.0000,4635.4000,4635.6000,4635.8000,4636.2000,4636.6000,2,1,3,1,5,1,1,2,1,1
SF,IF2010,2020-09-08 09:34:03.600,4634.0000,9914,0,236577960.000,0,-,-,-,-,4632.6000,4632.4000,4632.2000,4631.8000,4631.0000,4635.2000,4635.4000,4635.8000,4636.2000,4636.6000,2,1,3,1,5,1,1,2,1,1
SF,IF2010,2020-09-08 09:34:04.100,4634.0000,9914,0,236577960.000,0,-,-,-,-,4633.8000,4633.2000,4632.8000,4632.6000,4632.4000,4635.0000,4635.8000,4636.2000,4636.6000,4637.0000,2,1,2,2,1,1,2,1,1,1
SF,IF2010,2020-09-08 09:34:04.600,4634.0000,9914,0,236577960.000,0,-,-,-,-,4632.8000,4632.6000,4632.4000,4632.2000,4631.8000,4635.8000,4636.2000,4636.6000,4637.0000,4640.0000,2,2,1,3,1,2,1,1,1,2
SF,IF2010,2020-09-08 09:34:05.100,4634.0000,9914,0,236577960.000,0,-,-,-,-,4633.0000,4632.8000,4632.6000,4632.4000,4632.2000,4635.6000,4635.8000,4636.2000,4637.0000,4640.0000,1,2,1,1,3,2,2,1,1,2
SF,IF2010,2020-09-08 09:34:05.600,4634.0000,9914,0,236577960.000,0,-,-,-,-,4633.2000,4633.0000,4632.8000,4632.6000,4632.4000,4635.6000,4635.8000,4637.0000,4640.0000,4640.2000,3,1,2,1,1,1,2,1,2,1
SF,IF2010,2020-09-08 09:34:06.100,4634.0000,9914,0,236577960.000,0,-,-,-,-,4634.6000,4634.4000,4633.4000,4633.2000,4632.8000,4635.6000,4635.8000,4637.0000,4640.0000,4640.2000,2,1,2,3,1,1,2,1,2,1
SF,IF2010,2020-09-08 09:34:06.600,4635.6000,9913,-1,237968640.000,1,0,1,双平,S,4633.4000,4633.2000,4632.8000,4632.4000,4632.2000,4635.8000,4637.0000,4640.0000,4640.2000,4641.4000,3,3,1,1,3,2,1,2,1,1
SF,IF2010,2020-09-08 09:34:07.100,4635.6000,9913,0,237968640.000,0,-,-,-,-,4635.6000,4634.8000,4633.6000,4633.4000,4633.2000,4635.8000,4637.0000,4640.0000,4640.2000,4641.4000,1,1,1,3,3,2,1,2,1,1
SF,IF2010,2020-09-08 09:34:07.600,4635.6000,9912,-1,239359320.000,1,0,1,双平,S,4634.8000,4634.2000,4633.6000,4633.4000,4633.2000,4635.8000,4637.0000,4640.0000,4640.2000,4641.4000,1,1,2,3,2,2,1,2,1,1
SF,IF2010,2020-09-08 09:34:08.100,4635.6000,9912,0,239359320.000,0,-,-,-,-,4634.8000,4634.2000,4633.8000,4633.6000,4633.4000,4635.8000,4637.0000,4637.6000,4640.0000,4640.2000,1,2,1,2,3,2,1,1,2,1
SF,IF2010,2020-09-08 09:34:08.600,4635.8000,9911,-1,240750060.000,1,0,1,双平,S,4634.8000,4634.2000,4633.8000,4633.6000,4633.4000,4635.8000,4637.0000,4637.6000,4640.0000,4640.2000,1,2,1,1,3,1,1,1,2,1
SF,IF2010,2020-09-08 09:34:09.100,4635.8000,9911,0,240750060.000,0,-,-,-,-,4634.8000,4634.2000,4633.8000,4633.6000,4633.4000,4636.8000,4637.0000,4637.6000,4640.0000,4640.2000,1,2,1,1,3,1,1,1,2,1
SF,IF2010,2020-09-08 09:34:09.600,4635.8000,9911,0,240750060.000,0,-,-,-,-,4635.0000,4634.8000,4634.2000,4633.8000,4633.4000,4636.6000,4636.8000,4637.6000,4640.0000,4640.2000,1,1,2,1,3,2,1,1,2,1
SF,IF2010,2020-09-08 09:34:10.100,4635.8000,9911,0,240750060.000,0,-,-,-,-,4635.0000,4634.8000,4634.2000,4633.4000,4633.2000,4636.6000,4636.8000,4637.6000,4640.0000,4640.2000,1,1,2,3,1,1,1,1,2,1
SF,IF2010,2020-09-08 09:34:10.600,4635.8000,9911,0,240750060.000,0,-,-,-,-,4635.2000,4635.0000,4634.8000,4634.2000,4633.4000,4636.8000,4637.6000,4640.0000,4640.2000,4641.4000,1,1,1,2,2,1,1,2,1,1
SF,IF2010,2020-09-08 09:34:11.100,4636.8000,9910,-1,242141100.000,1,0,1,双平,S,4636.8000,4636.0000,4635.4000,4635.2000,4635.0000,4637.6000,4640.0000,4640.2000,4641.4000,4642.0000,2,2,1,1,2,1,2,1,1,1
SF,IF2010,2020-09-08 09:34:11.600,4636.8000,9910,0,242141100.000,0,-,-,-,-,4636.8000,4635.6000,4635.4000,4635.2000,4635.0000,4637.6000,4640.0000,4640.2000,4641.4000,4642.0000,3,1,2,1,1,1,2,1,1,1
SF,IF2010,2020-09-08 09:34:12.100,4637.6000,9909,-1,243532380.000,1,0,1,双平,S,4636.8000,4635.6000,4635.4000,4635.2000,4635.0000,4640.0000,4640.2000,4641.4000,4642.0000,4644.4000,2,1,2,1,1,2,1,1,1,1
SF,IF2010,2020-09-08 09:34:12.600,4637.6000,9909,0,243532380.000,0,-,-,-,-,4637.0000,4636.8000,4635.6000,4635.4000,4635.2000,4639.8000,4640.0000,4640.2000,4641.4000,4642.0000,2,2,1,1,1,1,2,1,1,1
SF,IF2010,2020-09-08 09:34:13.100,4637.6000,9909,0,243532380.000,0,-,-,-,-,4637.0000,4636.8000,4635.6000,4635.2000,4633.4000,4639.8000,4640.0000,4640.2000,4641.4000,4642.0000,2,2,1,1,2,1,2,1,1,1
SF,IF2010,2020-09-08 09:34:13.600,4637.6000,9909,0,243532380.000,0,-,-,-,-,4637.0000,4636.8000,4635.6000,4635.2000,4633.4000,4639.8000,4640.0000,4640.2000,4641.4000,4642.0000,1,2,1,1,2,1,2,1,1,1
SF,IF2010,2020-09-08 09:34:14.100,4637.2000,9909,0,244923540.000,1,0,1,多换,S,4637.2000,4637.0000,4636.8000,4635.6000,4633.4000,4639.8000,4640.0000,4640.2000,4641.4000,4642.0000,2,1,2,1,2,1,2,1,1,1
SF,IF2010,2020-09-08 09:34:14.600,4639.8000,9908,-1,246315480.000,1,0,1,双平,S,4637.4000,4637.2000,4637.0000,4636.8000,4635.6000,4640.0000,4640.2000,4641.4000,4642.0000,4644.4000,1,2,1,2,1,2,1,1,1,1
SF,IF2010,2020-09-08 09:34:15.100,4640.0000,9906,-2,249099480.000,2,0,2,双平,S,4638.6000,4637.6000,4637.4000,4637.2000,4636.8000,4640.2000,4641.4000,4642.0000,4644.4000,4645.0000,2,2,2,1,2,1,1,1,1,9
SF,IF2010,2020-09-08 09:34:15.600,4640.0000,9906,0,249099480.000,0,-,-,-,-,4638.8000,4637.6000,4637.4000,4637.2000,4636.8000,4640.2000,4641.4000,4642.0000,4644.4000,4645.0000,1,1,2,1,2,1,1,1,1,9
SF,IF2010,2020-09-08 09:34:16.100,4640.0000,9906,0,249099480.000,0,-,-,-,-,4638.8000,4638.2000,4637.6000,4637.4000,4637.2000,4640.2000,4641.4000,4642.0000,4644.4000,4645.0000,1,1,1,1,1,1,1,1,1,9
SF,IF2010,2020-09-08 09:34:16.600,4640.2000,9905,-1,250491540.000,1,0,1,双平,S,4638.8000,4638.2000,4637.6000,4637.4000,4637.2000,4641.4000,4642.0000,4644.4000,4645.0000,4647.4000,1,1,1,1,1,1,1,1,9,1
SF,IF2010,2020-09-08 09:34:17.100,4640.2000,9905,0,250491540.000,0,-,-,-,-,4639.0000,4638.8000,4637.6000,4637.2000,4636.8000,4641.4000,4642.0000,4644.4000,4645.0000,4647.4000,2,1,1,1,2,1,1,1,9,1
SF,IF2010,2020-09-08 09:34:17.600,4640.2000,9905,0,250491540.000,0,-,-,-,-,4639.2000,4639.0000,4637.6000,4637.2000,4636.8000,4641.4000,4642.0000,4644.4000,4645.0000,4647.4000,1,2,1,1,2,1,1,1,9,1
SF,IF2010,2020-09-08 09:34:18.100,4640.2000,9905,0,250491540.000,0,-,-,-,-,4639.4000,4639.2000,4639.0000,4637.6000,4637.2000,4641.4000,4642.0000,4644.4000,4645.0000,4647.4000,1,1,1,1,1,1,1,1,9,1
SF,IF2010,2020-09-08 09:34:18.600,4641.4000,9906,1,251883960.000,1,1,0,双开,S,4639.6000,4639.4000,4639.0000,4637.6000,4636.8000,4642.0000,4644.4000,4645.0000,4647.4000,4648.4000,1,1,1,1,2,1,1,9,1,1
SF,IF2010,2020-09-08 09:34:19.100,4641.4000,9906,0,251883960.000,0,-,-,-,-,4639.8000,4639.6000,4639.0000,4636.8000,4635.0000,4641.8000,4642.0000,4644.4000,4645.0000,4647.4000,1,1,1,2,5,1,1,1,9,1
SF,IF2010,2020-09-08 09:34:19.600,4641.4000,9906,0,251883960.000,0,-,-,-,-,4639.8000,4639.0000,4636.8000,4635.0000,4633.4000,4641.6000,4641.8000,4642.0000,4644.4000,4645.0000,1,1,2,5,1,2,1,1,1,9
SF,IF2010,2020-09-08 09:34:20.100,4639.8000,9905,-1,253275900.000,1,0,1,双平,S,4636.8000,4635.0000,4633.4000,4632.8000,4632.4000,4641.2000,4641.4000,4642.0000,4644.4000,4645.0000,2,5,1,1,1,2,1,1,1,9
SF,IF2010,2020-09-08 09:34:20.600,4639.8000,9905,0,253275900.000,0,-,-,-,-,4639.4000,4639.2000,4637.6000,4637.4000,4637.0000,4642.0000,4644.4000,4645.0000,4647.4000,4648.4000,2,1,1,1,4,1,1,9,1,1
SF,IF2010,2020-09-08 09:34:21.100,4639.8000,9905,0,253275900.000,0,-,-,-,-,4640.0000,4639.6000,4639.4000,4637.6000,4637.4000,4642.0000,4644.4000,4645.0000,4647.4000,4648.4000,1,2,1,1,1,1,1,9,1,1
SF,IF2010,2020-09-08 09:34:21.600,4639.8000,9905,0,253275900.000,0,-,-,-,-,4640.2000,4639.6000,4639.4000,4637.6000,4637.4000,4641.8000,4642.0000,4644.4000,4645.0000,4647.4000,1,1,1,1,1,1,1,1,9,1
SF,IF2010,2020-09-08 09:34:22.100,4641.8000,9904,-1,254668440.000,1,0,1,双平,S,4640.4000,4640.2000,4639.4000,4637.6000,4637.4000,4642.0000,4644.4000,4645.0000,4647.4000,4648.4000,1,1,1,1,1,1,1,9,1,1
SF,IF2010,2020-09-08 09:34:22.600,4642.0000,9904,0,256061040.000,1,0,1,多换,S,4640.6000,4640.4000,4640.2000,4637.4000,4637.0000,4644.4000,4645.0000,4647.4000,4648.4000,4650.0000,1,1,1,1,2,1,9,1,1,6
SF,IF2010,2020-09-08 09:34:23.100,4642.0000,9904,0,256061040.000,0,-,-,-,-,4640.8000,4640.6000,4637.4000,4637.0000,4636.8000,4644.2000,4644.4000,4645.0000,4647.4000,4648.4000,2,1,1,2,2,1,1,9,1,1
SF,IF2010,2020-09-08 09:34:23.600,4642.0000,9904,0,256061040.000,0,-,-,-,-,4641.0000,4640.8000,4640.6000,4637.4000,4636.8000,4644.2000,4644.4000,4645.0000,4647.4000,4648.4000,1,2,1,1,2,1,1,9,1,1
SF,IF2010,2020-09-08 09:34:24.100,4642.0000,9904,0,256061040.000,0,-,-,-,-,4641.2000,4641.0000,4637.4000,4636.8000,4635.0000,4644.2000,4644.4000,4645.0000,4647.4000,4648.4000,2,1,1,2,6,1,1,9,1,1
SF,IF2010,2020-09-08 09:34:24.600,4642.0000,9904,0,256061040.000,0,-,-,-,-,4637.4000,4636.8000,4635.0000,4633.4000,4632.4000,4644.0000,4644.2000,4644.4000,4645.0000,4647.4000,1,2,6,1,1,1,1,1,9,1
SF,IF2010,2020-09-08 09:34:25.100,4642.0000,9904,0,256061040.000,0,-,-,-,-,4640.8000,4640.6000,4638.6000,4638.4000,4638.2000,4643.8000,4644.0000,4644.4000,4645.0000,4647.4000,2,1,1,1,1,1,1,1,9,1
SF,IF2010,2020-09-08 09:34:25.600,4642.0000,9904,0,256061040.000,0,-,-,-,-,4640.4000,4639.2000,4638.6000,4638.4000,4638.2000,4643.6000,4643.8000,4644.4000,4645.0000,4647.4000,1,1,1,1,1,1,1,1,9,1
SF,IF2010,2020-09-08 09:34:26.100,4642.0000,9904,0,256061040.000,0,-,-,-,-,4640.6000,4639.2000,4638.6000,4638.4000,4638.2000,4643.4000,4643.6000,4644.4000,4645.0000,4647.4000,1,1,1,1,1,1,1,1,9,1
SF,IF2010,2020-09-08 09:34:26.600,4642.0000,9904,0,256061040.000,0,-,-,-,-,4640.6000,4639.2000,4638.6000,4638.4000,4638.2000,4643.2000,4643.4000,4645.0000,4647.4000,4648.4000,1,1,1,1,1,1,1,9,1,1
SF,IF2010,2020-09-08 09:34:27.100,4642.0000,9904,0,256061040.000,0,-,-,-,-,4640.8000,4640.6000,4639.2000,4638.6000,4638.4000,4645.0000,4647.4000,4648.4000,4650.0000,4655.0000,1,1,1,1,1,9,1,1,6,5
SF,IF2010,2020-09-08 09:34:27.600,4642.0000,9904,0,256061040.000,0,-,-,-,-,4641.0000,4640.8000,4639.2000,4638.6000,4638.4000,4644.6000,4644.8000,4645.0000,4647.4000,4648.4000,1,1,1,1,1,1,2,9,1,1
SF,IF2010,2020-09-08 09:34:28.100,4642.0000,9904,0,256061040.000,0,-,-,-,-,4639.2000,4638.6000,4638.4000,4638.2000,4637.6000,4644.4000,4644.6000,4644.8000,4645.0000,4647.4000,1,1,1,1,1,2,1,3,9,1
SF,IF2010,2020-09-08 09:34:28.600,4639.4000,9905,1,258844860.000,2,1,1,空开,S,4639.2000,4638.6000,4638.4000,4638.2000,4637.6000,4644.4000,4644.6000,4644.8000,4645.0000,4647.4000,1,1,1,1,1,2,1,3,4,1
SF,IF2010,2020-09-08 09:34:29.100,4639.4000,9905,0,258844860.000,0,-,-,-,-,4640.4000,4640.0000,4639.4000,4639.2000,4638.6000,4644.2000,4644.4000,4644.6000,4644.8000,4645.0000,1,1,1,1,1,1,2,1,3,4
SF,IF2010,2020-09-08 09:34:29.600,4639.4000,9905,0,258844860.000,0,-,-,-,-,4639.4000,4638.6000,4638.4000,4638.2000,4637.6000,4644.0000,4644.2000,4644.6000,4644.8000,4645.0000,1,1,1,1,1,2,1,1,3,4
SF,IF2010,2020-09-08 09:34:30.100,4639.4000,9905,0,258844860.000,0,-,-,-,-,4640.0000,4639.6000,4639.4000,4638.6000,4638.4000,4644.0000,4644.2000,4644.6000,4644.8000,4645.0000,1,1,1,1,1,2,2,1,3,4
SF,IF2010,2020-09-08 09:34:30.600,4639.4000,9905,0,258844860.000,0,-,-,-,-,4640.2000,4640.0000,4639.4000,4638.6000,4638.4000,4644.0000,4644.2000,4644.6000,4644.8000,4645.0000,1,2,1,1,1,3,2,1,3,4
SF,IF2010,2020-09-08 09:34:31.100,4639.4000,9905,0,258844860.000,0,-,-,-,-,4640.2000,4640.0000,4639.4000,4638.6000,4638.4000,4643.4000,4644.0000,4644.2000,4644.6000,4644.8000,1,2,1,1,1,1,2,1,1,3
SF,IF2010,2020-09-08 09:34:31.600,4639.4000,9905,0,258844860.000,0,-,-,-,-,4640.6000,4640.4000,4640.2000,4640.0000,4638.6000,4643.2000,4643.4000,4644.2000,4644.6000,4644.8000,1,1,1,1,1,2,1,1,1,2
SF,IF2010,2020-09-08 09:34:32.100,4639.4000,9905,0,258844860.000,0,-,-,-,-,4640.8000,4640.6000,4640.4000,4640.0000,4639.6000,4643.2000,4643.4000,4644.2000,4644.6000,4644.8000,2,1,1,1,1,2,1,1,1,2
SF,IF2010,2020-09-08 09:34:32.600,4639.4000,9905,0,258844860.000,0,-,-,-,-,4640.8000,4640.6000,4640.4000,4640.0000,4639.6000,4643.2000,4643.4000,4644.6000,4644.8000,4645.0000,2,1,1,1,1,2,1,1,1,4
SF,IF2010,2020-09-08 09:34:33.100,4639.4000,9905,0,258844860.000,0,-,-,-,-,4641.0000,4640.8000,4640.6000,4639.6000,4638.6000,4643.2000,4643.4000,4644.6000,4644.8000,4645.0000,1,2,1,1,1,2,1,1,1,4
