市场代码,合约代码,时间,最新,持仓,增仓,成交额,成交量,开仓,平仓,成交类型,方向,买一价,买二价,买三价,买四价,买五价,卖一价,卖二价,卖三价,卖四价,卖五价,买一量,买二量,买三量,买四量,买五量,卖一量,卖二量,卖三量,卖四量,卖五量
SF,IF2009,2020-04-28 09:29:00.200,3685.0000,20832,0,2211000.000,2.000,-,-,-,-,3681.2000,3681.0000,3680.8000,3679.4000,3677.6000,3686.0000,3688.0000,3688.8000,3690.0000,3692.0000,1,1,2,1,1,1,1,1,7,1
SF,IF2009,2020-04-28 09:30:00.200,3686.0000,20829,-3,7740000.000,5,1,4,多平,S,3686.2000,3681.8000,3681.6000,3681.4000,3681.2000,3688.0000,3688.8000,3689.4000,3690.0000,3692.0000,8,1,8,4,1,1,1,1,7,1
SF,IF2009,2020-04-28 09:30:00.700,3687.6000,20828,-1,8846280.000,1,0,1,双平,S,3686.2000,3681.8000,3681.6000,3681.4000,3681.2000,3687.8000,3688.0000,3688.8000,3689.4000,3690.0000,8,1,1,4,1,1,1,1,1,7
SF,IF2009,2020-04-28 09:30:01.200,3687.6000,20828,0,8846280.000,0,-,-,-,-,3686.2000,3681.8000,3681.6000,3681.4000,3681.2000,3687.8000,3688.0000,3688.8000,3689.4000,3690.0000,8,1,1,3,1,1,1,1,1,7
SF,IF2009,2020-04-28 09:30:01.700,3686.2000,20825,-3,18799020.000,9,3,6,多平,S,3681.6000,3681.4000,3681.2000,3680.0000,3676.2000,3686.0000,3686.2000,3687.6000,3687.8000,3688.0000,1,3,1,5,1,7,1,3,1,1
SF,IF2009,2020-04-28 09:30:02.200,3685.8000,20822,-3,24324240.000,5,1,4,多平,S,3681.8000,3681.6000,3681.4000,3681.2000,3676.2000,3686.0000,3686.2000,3687.6000,3688.0000,3688.8000,3,2,1,1,1,7,1,1,1,1
SF,IF2009,2020-04-28 09:30:02.700,3685.8000,20823,1,26535720.000,2,1,1,空开,S,3681.8000,3681.6000,3681.4000,3681.2000,3676.2000,3685.6000,3685.8000,3686.0000,3686.2000,3687.6000,1,1,1,1,1,5,3,8,1,1
SF,IF2009,2020-04-28 09:30:03.200,3685.8000,20823,0,26535720.000,0,-,-,-,-,3681.8000,3681.6000,3681.4000,3681.2000,3676.2000,3685.4000,3685.6000,3686.0000,3686.2000,3687.6000,1,1,1,1,1,4,2,8,1,1
SF,IF2009,2020-04-28 09:30:03.700,3685.6000,20825,2,30958440.000,4,3,1,空开,S,3681.6000,3681.4000,3681.2000,3676.2000,3675.0000,3682.2000,3685.0000,3685.4000,3685.6000,3686.0000,1,1,1,1,5,1,2,5,1,7
SF,IF2009,2020-04-28 09:30:04.200,3682.0000,20824,-1,32063040.000,1,0,1,双平,S,3682.6000,3682.0000,3681.6000,3681.4000,3681.2000,3685.0000,3685.2000,3685.4000,3685.6000,3685.8000,8,5,1,1,1,2,1,4,1,1
SF,IF2009,2020-04-28 09:30:04.700,3682.6000,20822,-2,40901040.000,8,3,5,多平,S,3681.6000,3681.4000,3681.2000,3676.2000,3675.0000,3682.4000,3684.6000,3684.8000,3685.0000,3685.2000,1,1,1,1,5,1,1,3,2,1
SF,IF2009,2020-04-28 09:30:05.200,3681.4000,20821,-1,43109940.000,2,0,2,多平,S,3681.2000,3676.2000,3675.0000,3670.4000,3670.0000,3684.4000,3684.8000,3685.0000,3685.6000,3686.0000,1,1,5,1,1,1,3,2,2,1
SF,IF2009,2020-04-28 09:30:05.700,3681.4000,20821,0,43109940.000,0,-,-,-,-,3681.2000,3676.2000,3675.0000,3670.4000,3670.0000,3684.2000,3684.4000,3685.0000,3685.6000,3686.0000,1,1,5,1,1,4,1,2,2,1
SF,IF2009,2020-04-28 09:30:06.200,3681.2000,20821,0,44214300.000,1,0,1,多换,S,3676.2000,3675.0000,3670.4000,3670.0000,3669.8000,3684.2000,3684.4000,3685.0000,3685.6000,3686.0000,1,5,1,1,2,4,1,2,1,1
SF,IF2009,2020-04-28 09:30:06.700,3679.2000,20820,-1,45318060.000,1,0,1,双平,S,3678.8000,3677.4000,3676.8000,3676.6000,3676.4000,3684.2000,3684.4000,3685.0000,3685.4000,3685.6000,1,1,1,7,3,3,1,2,1,1
SF,IF2009,2020-04-28 09:30:07.200,3679.2000,20820,0,45318060.000,0,-,-,-,-,3679.2000,3679.0000,3678.8000,3677.4000,3676.8000,3683.4000,3684.2000,3684.4000,3685.0000,3685.4000,5,6,1,1,1,1,3,1,2,1
SF,IF2009,2020-04-28 09:30:07.700,3679.2000,20820,0,45318060.000,0,-,-,-,-,3679.4000,3679.2000,3679.0000,3678.8000,3677.4000,3683.2000,3683.4000,3683.8000,3684.2000,3685.0000,3,5,3,1,1,1,2,1,2,2
SF,IF2009,2020-04-28 09:30:08.200,3679.4000,20819,-1,46421880.000,1,0,1,双平,S,3679.8000,3679.6000,3679.4000,3679.0000,3678.8000,3683.2000,3683.4000,3683.8000,3684.2000,3685.0000,4,1,3,2,1,1,1,1,2,2
SF,IF2009,2020-04-28 09:30:08.700,3679.4000,20819,0,46421880.000,0,-,-,-,-,3680.0000,3679.8000,3679.6000,3679.4000,3679.0000,3683.2000,3683.4000,3683.8000,3684.2000,3685.0000,3,4,1,1,2,1,1,1,2,2
SF,IF2009,2020-04-28 09:30:09.200,3679.4000,20819,0,46421880.000,0,-,-,-,-,3680.4000,3680.0000,3679.6000,3679.0000,3678.8000,3683.0000,3683.2000,3683.4000,3683.8000,3684.2000,4,2,1,1,2,1,1,1,1,2
SF,IF2009,2020-04-28 09:30:09.700,3679.4000,20819,0,46421880.000,0,-,-,-,-,3681.0000,3680.0000,3679.6000,3679.0000,3678.8000,3682.8000,3683.0000,3683.4000,3683.8000,3685.0000,1,2,1,1,2,3,1,1,1,3
SF,IF2009,2020-04-28 09:30:10.200,3681.0000,20818,-1,47526180.000,1,0,1,双平,S,3680.0000,3679.0000,3678.8000,3677.4000,3676.2000,3682.6000,3682.8000,3683.4000,3685.0000,3685.6000,2,1,2,1,1,2,1,1,2,1
SF,IF2009,2020-04-28 09:30:10.700,3682.6000,20817,-1,48630960.000,1,0,1,双平,S,3678.8000,3677.4000,3676.2000,3675.0000,3670.4000,3682.4000,3682.6000,3683.4000,3684.8000,3685.0000,2,1,1,5,1,1,1,1,1,2
SF,IF2009,2020-04-28 09:30:11.200,3682.6000,20817,0,48630960.000,0,-,-,-,-,3679.2000,3679.0000,3678.8000,3677.4000,3676.2000,3682.4000,3682.6000,3683.4000,3684.8000,3685.0000,4,2,2,1,1,1,1,1,1,2
SF,IF2009,2020-04-28 09:30:11.700,3682.6000,20817,0,48630960.000,0,-,-,-,-,3679.4000,3679.2000,3678.8000,3677.4000,3676.2000,3682.4000,3682.6000,3683.4000,3684.6000,3685.0000,5,4,2,1,1,1,1,1,1,2
SF,IF2009,2020-04-28 09:30:12.200,3682.6000,20817,0,48630960.000,0,-,-,-,-,3679.8000,3679.6000,3679.4000,3678.8000,3677.4000,3682.6000,3683.4000,3684.6000,3685.0000,3685.6000,4,1,5,2,1,1,1,1,2,1
SF,IF2009,2020-04-28 09:30:12.700,3682.6000,20816,-1,49735740.000,1,0,1,双平,S,3680.0000,3679.8000,3678.8000,3677.8000,3677.4000,3683.4000,3685.0000,3685.6000,3686.0000,3686.2000,4,4,1,1,1,1,2,1,1,1
SF,IF2009,2020-04-28 09:30:13.200,3680.4000,20817,1,50839860.000,1,1,0,双开,S,3680.4000,3680.2000,3680.0000,3678.8000,3677.8000,3684.4000,3685.0000,3685.6000,3686.0000,3686.2000,3,1,5,1,1,1,2,1,1,1
SF,IF2009,2020-04-28 09:30:13.700,3680.4000,20817,0,50839860.000,0,-,-,-,-,3680.6000,3680.4000,3680.2000,3680.0000,3678.8000,3683.4000,3684.4000,3685.0000,3685.6000,3686.0000,3,3,1,1,1,1,1,2,1,1
SF,IF2009,2020-04-28 09:30:14.200,3680.4000,20817,0,50839860.000,0,-,-,-,-,3681.0000,3680.8000,3680.6000,3680.2000,3678.8000,3683.4000,3684.2000,3685.0000,3685.6000,3686.0000,3,2,3,1,1,1,1,2,1,1
SF,IF2009,2020-04-28 09:30:14.700,3680.4000,20817,0,50839860.000,0,-,-,-,-,3681.4000,3681.2000,3681.0000,3680.8000,3680.6000,3683.4000,3684.2000,3685.0000,3685.6000,3686.0000,1,2,3,2,1,1,1,2,1,1
SF,IF2009,2020-04-28 09:30:15.200,3680.4000,20817,0,50839860.000,0,-,-,-,-,3681.6000,3681.4000,3681.2000,3680.6000,3678.8000,3683.2000,3683.4000,3685.0000,3685.6000,3686.0000,1,1,1,1,1,1,1,2,1,1
SF,IF2009,2020-04-28 09:30:15.700,3680.4000,20817,0,50839860.000,0,-,-,-,-,3681.6000,3681.2000,3680.6000,3678.8000,3677.4000,3683.4000,3684.0000,3685.0000,3685.6000,3686.2000,1,1,1,1,1,1,1,2,1,1
SF,IF2009,2020-04-28 09:30:16.200,3680.4000,20817,0,50839860.000,0,-,-,-,-,3681.6000,3681.2000,3680.6000,3678.8000,3677.4000,3683.2000,3683.4000,3684.0000,3685.0000,3685.6000,1,1,1,1,1,1,2,1,2,1
SF,IF2009,2020-04-28 09:30:16.700,3680.4000,20817,0,50839860.000,0,-,-,-,-,3681.6000,3681.2000,3680.6000,3678.8000,3677.4000,3683.2000,3683.4000,3683.8000,3685.0000,3685.6000,1,1,1,1,1,2,1,1,2,1
SF,IF2009,2020-04-28 09:30:17.200,3680.4000,20817,0,50839860.000,0,-,-,-,-,3681.8000,3681.6000,3681.2000,3680.6000,3678.8000,3683.2000,3683.4000,3683.8000,3685.0000,3685.6000,3,1,1,1,1,1,1,1,2,1
SF,IF2009,2020-04-28 09:30:17.700,3681.4000,20816,-1,51944280.000,1,0,1,双平,S,3681.8000,3681.6000,3681.2000,3680.6000,3678.8000,3683.2000,3683.4000,3685.0000,3685.6000,3686.2000,3,1,1,1,1,1,1,2,1,1
SF,IF2009,2020-04-28 09:30:18.200,3682.0000,20815,-1,54153840.000,2,0,2,多平,S,3682.0000,3681.8000,3681.6000,3681.2000,3680.6000,3683.6000,3685.0000,3685.6000,3686.2000,3687.0000,1,3,1,1,1,2,2,1,1,1
SF,IF2009,2020-04-28 09:30:18.700,3682.0000,20815,0,54153840.000,0,-,-,-,-,3682.4000,3682.0000,3681.6000,3681.2000,3680.6000,3683.4000,3683.6000,3685.0000,3685.6000,3686.0000,3,1,1,1,1,1,2,2,1,1
SF,IF2009,2020-04-28 09:30:19.200,3682.4000,20811,-4,60783300.000,6,1,5,多平,S,3682.4000,3681.6000,3681.2000,3680.6000,3678.8000,3685.0000,3685.6000,3686.0000,3686.2000,3687.0000,2,1,1,1,1,2,1,1,1,1
SF,IF2009,2020-04-28 09:30:19.700,3682.4000,20811,0,60783300.000,0,-,-,-,-,3682.6000,3682.4000,3681.2000,3680.6000,3678.8000,3685.0000,3685.6000,3686.0000,3686.2000,3687.0000,1,2,1,1,1,2,1,1,1,1
SF,IF2009,2020-04-28 09:30:20.200,3682.4000,20811,0,60783300.000,0,-,-,-,-,3682.6000,3682.4000,3681.2000,3680.6000,3678.8000,3684.8000,3685.0000,3685.6000,3686.0000,3686.2000,1,2,1,1,1,1,2,1,1,1
SF,IF2009,2020-04-28 09:30:21.200,3682.4000,20811,0,60783300.000,0,-,-,-,-,3684.2000,3682.6000,3682.4000,3681.2000,3680.6000,3684.8000,3685.0000,3685.6000,3686.0000,3686.2000,1,1,2,1,1,1,2,1,1,1
SF,IF2009,2020-04-28 09:30:21.700,3684.2000,20811,0,61888560.000,1,0,1,多换,S,3682.6000,3682.4000,3681.2000,3680.6000,3678.8000,3684.0000,3684.2000,3684.6000,3684.8000,3685.0000,1,2,1,1,1,1,1,1,1,2
SF,IF2009,2020-04-28 09:30:22.200,3684.2000,20811,0,61888560.000,0,-,-,-,-,3682.8000,3681.2000,3680.6000,3678.8000,3677.4000,3684.0000,3684.2000,3685.0000,3685.6000,3686.0000,2,1,1,1,1,1,1,2,1,1
SF,IF2009,2020-04-28 09:30:22.700,3684.2000,20811,0,62993820.000,1,0,1,多换,S,3684.8000,3684.0000,3682.8000,3681.2000,3680.6000,3685.0000,3685.6000,3686.0000,3686.2000,3687.0000,1,1,2,1,1,2,1,1,1,1
SF,IF2009,2020-04-28 09:30:23.200,3684.0000,20811,0,65204460.000,2,1,1,多换,S,3682.8000,3681.2000,3680.6000,3678.8000,3677.4000,3684.8000,3685.0000,3685.6000,3686.0000,3686.2000,2,1,1,1,1,1,2,1,1,1
SF,IF2009,2020-04-28 09:30:23.700,3684.0000,20811,0,65204460.000,0,-,-,-,-,3683.0000,3682.8000,3681.2000,3680.6000,3678.8000,3684.6000,3685.0000,3685.6000,3686.0000,3686.2000,1,2,1,1,1,1,2,1,1,1
SF,IF2009,2020-04-28 09:30:24.200,3684.0000,20811,0,65204460.000,0,-,-,-,-,3683.0000,3682.8000,3681.2000,3680.6000,3678.8000,3684.4000,3685.0000,3685.6000,3686.0000,3686.2000,1,2,1,1,1,1,2,1,1,1
SF,IF2009,2020-04-28 09:30:24.700,3684.0000,20811,0,65204460.000,0,-,-,-,-,3682.8000,3681.2000,3680.6000,3678.8000,3677.4000,3684.2000,3685.0000,3685.6000,3686.0000,3686.2000,2,1,1,1,1,1,2,1,1,1
SF,IF2009,2020-04-28 09:30:25.200,3684.0000,20811,0,65204460.000,0,-,-,-,-,3683.0000,3682.8000,3681.2000,3680.6000,3678.8000,3685.0000,3685.6000,3686.0000,3686.2000,3687.0000,1,2,1,1,1,2,1,1,1,1
SF,IF2009,2020-04-28 09:30:25.700,3684.0000,20811,0,65204460.000,0,-,-,-,-,3683.2000,3683.0000,3682.8000,3681.2000,3680.6000,3684.8000,3685.0000,3685.6000,3686.0000,3686.2000,1,1,2,1,1,1,2,1,1,1
SF,IF2009,2020-04-28 09:30:26.200,3684.8000,20811,0,66309900.000,1,0,1,多换,S,3683.2000,3683.0000,3681.2000,3680.6000,3678.8000,3684.6000,3685.0000,3685.6000,3686.0000,3686.2000,1,1,1,1,1,2,2,1,1,1
SF,IF2009,2020-04-28 09:30:26.700,3684.8000,20811,0,66309900.000,0,-,-,-,-,3684.2000,3681.2000,3680.6000,3678.8000,3677.4000,3684.4000,3684.6000,3685.0000,3685.6000,3686.0000,1,1,1,1,1,1,2,2,1,1
SF,IF2009,2020-04-28 09:30:27.200,3684.2000,20810,-1,67415160.000,1,0,1,双平,S,3681.2000,3680.6000,3680.0000,3678.8000,3677.4000,3683.2000,3684.2000,3684.4000,3685.0000,3685.6000,1,1,1,1,1,1,1,1,2,1
SF,IF2009,2020-04-28 09:30:27.700,3683.2000,20810,0,69625080.000,2,1,1,多换,S,3683.2000,3681.6000,3681.4000,3680.6000,3680.0000,3684.2000,3684.4000,3685.0000,3685.6000,3686.0000,2,2,3,1,1,1,1,2,1,1
SF,IF2009,2020-04-28 09:30:28.200,3683.2000,20810,0,71835000.000,2,1,1,多换,S,3681.4000,3680.6000,3680.0000,3678.8000,3677.4000,3684.0000,3684.4000,3685.0000,3685.6000,3686.0000,1,1,1,1,1,2,1,2,1,1
SF,IF2009,2020-04-28 09:30:28.700,3683.2000,20810,0,71835000.000,0,-,-,-,-,3681.4000,3680.6000,3680.0000,3678.8000,3677.4000,3684.0000,3685.0000,3685.6000,3686.0000,3686.2000,1,1,1,1,1,3,2,1,1,1
SF,IF2009,2020-04-28 09:30:29.200,3683.2000,20810,0,71835000.000,0,-,-,-,-,3681.6000,3681.4000,3680.6000,3680.0000,3678.8000,3684.0000,3685.0000,3685.6000,3686.0000,3686.2000,2,1,1,1,1,3,3,1,1,1
SF,IF2009,2020-04-28 09:30:29.700,3683.2000,20810,0,71835000.000,0,-,-,-,-,3681.6000,3680.6000,3680.0000,3678.8000,3677.4000,3683.8000,3684.0000,3685.0000,3685.6000,3686.0000,2,1,1,1,1,1,2,3,1,1
SF,IF2009,2020-04-28 09:30:30.200,3683.8000,20810,0,72940140.000,1,0,1,多换,S,3681.8000,3680.6000,3680.0000,3678.8000,3677.4000,3683.8000,3684.0000,3685.0000,3685.6000,3686.0000,1,1,1,1,1,1,1,3,1,1
SF,IF2009,2020-04-28 09:30:30.700,3683.8000,20810,0,72940140.000,0,-,-,-,-,3682.0000,3681.8000,3680.6000,3680.0000,3678.8000,3683.6000,3683.8000,3685.0000,3685.6000,3686.0000,2,1,1,1,1,1,1,3,1,1
SF,IF2009,2020-04-28 09:30:31.200,3683.8000,20810,0,72940140.000,0,-,-,-,-,3682.2000,3682.0000,3681.8000,3680.6000,3680.0000,3683.6000,3683.8000,3685.0000,3685.6000,3686.0000,1,1,1,1,1,2,1,3,1,1
SF,IF2009,2020-04-28 09:30:31.700,3683.8000,20810,0,72940140.000,0,-,-,-,-,3681.8000,3680.6000,3680.0000,3679.4000,3678.8000,3683.4000,3683.6000,3683.8000,3685.0000,3685.6000,1,1,1,1,1,1,2,1,3,1
SF,IF2009,2020-04-28 09:30:32.200,3683.8000,20810,0,72940140.000,0,-,-,-,-,3682.0000,3681.8000,3680.6000,3680.0000,3679.4000,3683.4000,3683.6000,3685.0000,3685.6000,3686.0000,1,1,1,1,1,1,1,3,1,1
SF,IF2009,2020-04-28 09:30:32.700,3683.8000,20810,0,72940140.000,0,-,-,-,-,3682.2000,3681.8000,3680.6000,3680.0000,3679.4000,3683.4000,3683.6000,3684.0000,3685.0000,3685.6000,1,1,1,1,1,2,1,1,3,1
SF,IF2009,2020-04-28 09:30:33.200,3683.8000,20810,0,72940140.000,0,-,-,-,-,3681.8000,3680.6000,3680.0000,3679.4000,3678.8000,3683.2000,3683.4000,3683.6000,3684.0000,3685.0000,1,1,1,1,1,2,2,1,1,3
SF,IF2009,2020-04-28 09:30:33.700,3683.8000,20810,0,72940140.000,0,-,-,-,-,3680.6000,3680.0000,3679.4000,3678.8000,3677.4000,3683.0000,3683.2000,3683.4000,3684.0000,3685.0000,1,1,1,1,1,2,3,1,1,3
SF,IF2009,2020-04-28 09:30:34.200,3683.8000,20810,0,72940140.000,0,-,-,-,-,3680.8000,3680.0000,3679.4000,3678.8000,3677.4000,3683.0000,3683.2000,3684.0000,3685.0000,3685.6000,1,1,1,1,1,1,3,1,3,1
SF,IF2009,2020-04-28 09:30:34.700,3683.8000,20810,0,72940140.000,0,-,-,-,-,3680.8000,3680.0000,3679.4000,3678.8000,3677.4000,3683.0000,3683.2000,3684.0000,3685.0000,3685.6000,1,1,1,2,1,1,2,1,3,1
SF,IF2009,2020-04-28 09:30:35.200,3683.8000,20810,0,72940140.000,0,-,-,-,-,3681.0000,3680.8000,3680.0000,3679.4000,3678.8000,3683.2000,3684.0000,3685.0000,3685.6000,3686.0000,1,1,1,1,2,2,1,3,1,1
SF,IF2009,2020-04-28 09:30:35.700,3683.8000,20810,0,72940140.000,0,-,-,-,-,3681.2000,3681.0000,3680.0000,3679.4000,3678.8000,3683.2000,3684.0000,3685.0000,3685.6000,3686.0000,1,1,1,1,2,2,1,3,1,1
SF,IF2009,2020-04-28 09:30:36.200,3683.8000,20810,0,72940140.000,0,-,-,-,-,3681.4000,3681.2000,3681.0000,3680.0000,3679.4000,3683.0000,3683.2000,3684.0000,3685.0000,3685.6000,1,1,1,1,1,1,2,1,3,1
SF,IF2009,2020-04-28 09:30:36.700,3683.8000,20810,0,72940140.000,0,-,-,-,-,3681.6000,3681.2000,3680.0000,3679.4000,3678.8000,3683.0000,3683.2000,3684.0000,3685.0000,3685.6000,1,1,1,1,2,1,1,1,3,1
SF,IF2009,2020-04-28 09:30:37.200,3683.8000,20810,0,72940140.000,0,-,-,-,-,3681.2000,3680.0000,3679.4000,3678.8000,3677.4000,3682.8000,3683.0000,3684.0000,3685.0000,3685.6000,1,1,1,2,1,1,1,1,3,1
SF,IF2009,2020-04-28 09:30:37.700,3683.8000,20810,0,72940140.000,0,-,-,-,-,3681.4000,3681.2000,3680.0000,3679.4000,3678.8000,3683.0000,3684.0000,3685.0000,3685.6000,3686.0000,1,1,1,1,2,1,1,3,1,1
SF,IF2009,2020-04-28 09:30:38.200,3683.8000,20810,0,72940140.000,0,-,-,-,-,3681.2000,3680.0000,3679.4000,3678.8000,3677.4000,3682.6000,3682.8000,3684.0000,3685.0000,3685.6000,1,1,1,2,1,1,1,1,3,1
SF,IF2009,2020-04-28 09:30:38.700,3683.8000,20810,0,72940140.000,0,-,-,-,-,3680.0000,3679.4000,3678.8000,3677.4000,3675.0000,3682.6000,3682.8000,3684.0000,3685.0000,3685.6000,1,1,2,1,5,1,1,1,3,1
SF,IF2009,2020-04-28 09:30:39.200,3683.8000,20810,0,72940140.000,0,-,-,-,-,3680.2000,3680.0000,3679.4000,3678.8000,3677.4000,3681.2000,3682.6000,3682.8000,3684.0000,3685.0000,4,1,1,2,1,1,1,1,1,3
SF,IF2009,2020-04-28 09:30:39.700,3681.2000,20809,-1,74044500.000,1,0,1,双平,S,3680.4000,3680.2000,3680.0000,3678.8000,3677.4000,3681.4000,3682.6000,3684.0000,3685.0000,3685.6000,1,3,1,2,1,6,2,1,3,1
SF,IF2009,2020-04-28 09:30:40.200,3681.4000,20808,-1,75148920.000,1,0,1,双平,S,3680.6000,3680.2000,3680.0000,3678.8000,3677.4000,3681.4000,3682.6000,3684.0000,3685.0000,3685.6000,3,3,1,2,1,5,2,1,3,1
SF,IF2009,2020-04-28 09:30:40.700,3681.4000,20808,0,75148920.000,0,-,-,-,-,3680.6000,3680.2000,3680.0000,3678.8000,3677.4000,3681.4000,3684.0000,3685.0000,3685.6000,3686.0000,3,3,1,2,1,5,1,3,1,1
SF,IF2009,2020-04-28 09:30:41.200,3681.4000,20808,0,75148920.000,0,-,-,-,-,3680.8000,3680.6000,3680.2000,3680.0000,3678.8000,3681.4000,3682.4000,3684.0000,3685.0000,3685.6000,1,2,3,1,2,5,1,1,3,1
SF,IF2009,2020-04-28 09:30:41.700,3681.4000,20808,0,75148920.000,0,-,-,-,-,3680.6000,3680.2000,3680.0000,3678.8000,3677.4000,3681.4000,3682.4000,3684.0000,3685.0000,3685.6000,2,3,1,2,1,5,1,1,3,1
SF,IF2009,2020-04-28 09:30:42.200,3681.4000,20808,0,75148920.000,0,-,-,-,-,3680.6000,3680.2000,3680.0000,3678.8000,3677.4000,3681.4000,3682.2000,3684.0000,3685.0000,3685.6000,2,3,1,2,1,5,1,1,3,1
SF,IF2009,2020-04-28 09:30:42.700,3681.4000,20808,0,75148920.000,0,-,-,-,-,3680.8000,3680.6000,3680.2000,3680.0000,3678.8000,3681.4000,3682.2000,3684.0000,3685.0000,3685.6000,2,2,1,1,2,5,1,1,3,1
SF,IF2009,2020-04-28 09:30:43.200,3681.4000,20808,0,75148920.000,0,-,-,-,-,3680.6000,3680.2000,3680.0000,3678.8000,3677.4000,3681.4000,3684.0000,3685.0000,3685.6000,3686.0000,2,1,1,2,1,5,1,3,1,1
SF,IF2009,2020-04-28 09:30:43.700,3681.4000,20808,0,75148920.000,0,-,-,-,-,3681.2000,3681.0000,3680.8000,3680.6000,3680.2000,3681.4000,3682.0000,3684.0000,3685.0000,3685.6000,1,2,1,2,1,5,1,1,3,1
SF,IF2009,2020-04-28 09:30:44.200,3681.4000,20808,0,75148920.000,0,-,-,-,-,3680.6000,3680.2000,3680.0000,3678.8000,3677.4000,3681.4000,3682.0000,3684.0000,3685.0000,3685.6000,2,1,1,2,1,5,1,1,3,1
SF,IF2009,2020-04-28 09:30:44.700,3681.4000,20808,0,75148920.000,0,-,-,-,-,3680.8000,3680.6000,3680.2000,3680.0000,3678.8000,3681.4000,3681.8000,3684.0000,3685.0000,3685.6000,3,2,1,1,2,5,1,1,3,1
SF,IF2009,2020-04-28 09:30:45.200,3681.4000,20808,0,75148920.000,0,-,-,-,-,3681.0000,3680.8000,3680.6000,3680.2000,3680.0000,3681.4000,3681.8000,3684.0000,3685.0000,3685.6000,3,2,2,1,1,5,1,1,2,1
SF,IF2009,2020-04-28 09:30:45.700,3681.4000,20804,-4,79566600.000,4,0,4,双平,S,3681.2000,3681.0000,3680.8000,3680.6000,3680.2000,3681.4000,3684.0000,3685.0000,3685.6000,3686.0000,1,2,2,2,1,1,1,2,1,1
SF,IF2009,2020-04-28 09:30:46.200,3681.4000,20802,-2,81775380.000,2,0,2,双平,S,3681.0000,3680.6000,3680.0000,3678.8000,3677.4000,3681.6000,3684.0000,3685.0000,3685.6000,3686.0000,2,2,1,2,1,1,1,2,1,1
SF,IF2009,2020-04-28 09:30:46.700,3681.4000,20802,0,81775380.000,0,-,-,-,-,3681.0000,3680.0000,3678.8000,3677.4000,3675.0000,3681.6000,3684.0000,3685.0000,3685.6000,3686.0000,2,1,2,1,5,1,1,2,1,1
SF,IF2009,2020-04-28 09:30:47.200,3681.4000,20802,0,81775380.000,0,-,-,-,-,3680.0000,3678.8000,3677.4000,3675.0000,3670.0000,3681.4000,3684.0000,3685.0000,3685.6000,3686.0000,1,2,1,5,1,1,1,2,1,1
SF,IF2009,2020-04-28 09:30:47.700,3681.4000,20802,0,81775380.000,0,-,-,-,-,3680.4000,3680.0000,3678.8000,3677.4000,3675.0000,3681.4000,3684.0000,3685.0000,3685.6000,3686.0000,2,1,2,1,5,1,1,2,1,1
SF,IF2009,2020-04-28 09:30:48.200,3681.4000,20802,0,81775380.000,0,-,-,-,-,3680.4000,3680.0000,3678.8000,3677.4000,3675.0000,3684.0000,3685.0000,3685.6000,3686.0000,3686.2000,2,1,2,1,5,1,2,1,1,1
SF,IF2009,2020-04-28 09:30:48.700,3681.4000,20802,0,81775380.000,0,-,-,-,-,3680.6000,3680.4000,3680.0000,3678.8000,3677.4000,3681.2000,3682.2000,3683.8000,3684.0000,3685.0000,1,2,1,2,1,1,1,4,1,2
SF,IF2009,2020-04-28 09:30:49.200,3681.2000,20802,0,82879740.000,1,0,1,多换,S,3680.6000,3680.0000,3678.8000,3677.4000,3675.0000,3682.2000,3683.8000,3684.0000,3685.0000,3685.6000,1,1,2,1,5,1,4,1,2,1
SF,IF2009,2020-04-28 09:30:49.700,3681.2000,20802,0,82879740.000,0,-,-,-,-,3680.6000,3680.0000,3678.8000,3677.4000,3675.0000,3682.0000,3682.2000,3683.8000,3684.0000,3685.0000,1,1,2,1,5,4,1,4,1,2
SF,IF2009,2020-04-28 09:30:50.200,3681.2000,20802,0,82879740.000,0,-,-,-,-,3680.6000,3680.0000,3678.8000,3677.4000,3675.0000,3681.8000,3682.2000,3683.8000,3684.0000,3685.0000,1,1,2,1,5,1,1,3,1,2
SF,IF2009,2020-04-28 09:30:50.700,3681.2000,20802,0,82879740.000,0,-,-,-,-,3680.6000,3680.0000,3678.8000,3677.4000,3675.0000,3681.6000,3682.2000,3683.8000,3684.0000,3685.0000,1,1,2,1,5,2,1,3,1,2
SF,IF2009,2020-04-28 09:30:51.200,3680.6000,20801,-1,83983920.000,1,0,1,双平,S,3680.0000,3678.8000,3677.4000,3675.0000,3670.0000,3681.4000,3681.6000,3682.2000,3683.8000,3684.0000,1,1,1,5,1,1,1,1,2,1
SF,IF2009,2020-04-28 09:30:51.700,3680.6000,20801,0,83983920.000,0,-,-,-,-,3680.2000,3680.0000,3678.8000,3677.4000,3675.0000,3681.2000,3682.2000,3683.8000,3684.0000,3685.0000,1,1,1,1,5,1,1,2,1,2
SF,IF2009,2020-04-28 09:30:52.200,3680.0000,20800,-1,86191980.000,2,0,2,多平,S,3678.8000,3677.4000,3675.0000,3670.0000,3669.8000,3680.2000,3681.0000,3682.2000,3683.8000,3684.0000,1,1,5,1,2,1,2,1,2,1
SF,IF2009,2020-04-28 09:30:52.700,3680.0000,20800,0,86191980.000,0,-,-,-,-,3678.8000,3675.0000,3670.0000,3669.8000,3667.6000,3680.0000,3680.2000,3682.2000,3683.8000,3684.0000,1,5,1,2,1,2,1,1,2,1
SF,IF2009,2020-04-28 09:30:53.200,3680.0000,20800,0,86191980.000,0,-,-,-,-,3678.8000,3675.0000,3670.0000,3669.8000,3667.6000,3679.8000,3680.0000,3682.2000,3683.8000,3684.0000,1,5,1,2,1,1,2,1,2,1
SF,IF2009,2020-04-28 09:30:53.700,3680.0000,20800,0,86191980.000,0,-,-,-,-,3678.8000,3675.0000,3670.0000,3669.8000,3667.6000,3679.6000,3680.0000,3682.2000,3683.8000,3684.0000,1,5,1,2,1,1,2,1,2,1
SF,IF2009,2020-04-28 09:30:54.200,3680.0000,20800,0,86191980.000,0,-,-,-,-,3678.8000,3675.0000,3670.0000,3669.8000,3667.6000,3680.0000,3682.2000,3683.8000,3684.0000,3684.4000,1,5,1,2,1,1,1,2,1,1
SF,IF2009,2020-04-28 09:30:54.700,3680.0000,20800,0,86191980.000,0,-,-,-,-,3678.8000,3675.0000,3670.0000,3669.8000,3667.6000,3679.8000,3680.0000,3682.2000,3683.8000,3684.0000,1,5,1,2,1,1,1,1,2,1
SF,IF2009,2020-04-28 09:30:55.700,3679.8000,20801,1,87295920.000,1,1,0,双开,S,3679.0000,3678.8000,3675.0000,3670.0000,3669.8000,3682.2000,3683.8000,3684.0000,3684.4000,3685.0000,1,1,5,1,2,1,2,1,1,2
SF,IF2009,2020-04-28 09:30:56.200,3679.8000,20801,0,87295920.000,0,-,-,-,-,3679.2000,3679.0000,3678.8000,3675.0000,3670.0000,3682.0000,3682.2000,3683.8000,3684.0000,3684.4000,1,1,1,5,1,2,2,2,1,1
SF,IF2009,2020-04-28 09:30:56.700,3679.8000,20801,0,87295920.000,0,-,-,-,-,3679.2000,3678.8000,3675.0000,3670.0000,3669.8000,3681.6000,3681.8000,3682.0000,3682.2000,3684.0000,1,1,5,1,2,3,3,2,2,1
SF,IF2009,2020-04-28 09:30:57.200,3679.8000,20801,0,87295920.000,0,-,-,-,-,3679.2000,3678.8000,3675.0000,3670.0000,3669.8000,3681.4000,3681.8000,3682.0000,3682.2000,3684.0000,1,1,5,1,2,2,1,1,1,1
SF,IF2009,2020-04-28 09:30:57.700,3679.8000,20801,0,87295920.000,0,-,-,-,-,3679.4000,3679.2000,3678.8000,3675.0000,3670.0000,3682.0000,3682.2000,3684.0000,3684.4000,3685.0000,1,1,1,5,1,1,1,1,1,2
SF,IF2009,2020-04-28 09:30:58.200,3679.8000,20801,0,87295920.000,0,-,-,-,-,3679.6000,3679.4000,3678.8000,3675.0000,3670.0000,3681.8000,3682.0000,3682.2000,3684.0000,3684.4000,1,1,1,5,1,2,1,2,1,1
SF,IF2009,2020-04-28 09:30:58.700,3679.8000,20801,0,87295920.000,0,-,-,-,-,3679.6000,3678.8000,3675.0000,3670.0000,3669.8000,3681.6000,3681.8000,3682.0000,3682.2000,3684.0000,1,1,5,1,2,1,2,1,2,1
SF,IF2009,2020-04-28 09:30:59.200,3679.6000,20801,0,88399800.000,1,0,1,多换,S,3678.8000,3675.0000,3670.0000,3669.8000,3667.6000,3681.0000,3681.4000,3681.6000,3682.2000,3684.0000,1,5,1,2,1,1,5,1,2,1
SF,IF2009,2020-04-28 09:30:59.700,3679.6000,20801,0,88399800.000,0,-,-,-,-,3679.0000,3678.8000,3675.0000,3670.0000,3669.8000,3681.0000,3681.4000,3681.6000,3682.2000,3684.0000,2,1,5,1,2,1,3,2,2,1
SF,IF2009,2020-04-28 09:31:00.200,3679.6000,20801,0,88399800.000,0,-,-,-,-,3679.2000,3679.0000,3678.8000,3675.0000,3670.0000,3680.8000,3681.0000,3681.4000,3681.6000,3682.2000,1,2,1,5,1,2,1,2,1,2
SF,IF2009,2020-04-28 09:31:00.700,3679.6000,20801,0,88399800.000,0,-,-,-,-,3679.2000,3678.8000,3675.0000,3670.0000,3669.8000,3680.6000,3680.8000,3681.0000,3681.4000,3681.6000,1,1,5,1,2,1,1,1,2,1
SF,IF2009,2020-04-28 09:31:01.200,3679.6000,20801,0,88399800.000,0,-,-,-,-,3678.8000,3675.0000,3670.0000,3669.8000,3667.6000,3679.6000,3680.4000,3680.8000,3681.0000,3681.4000,1,5,1,2,1,2,1,1,1,2
SF,IF2009,2020-04-28 09:31:01.700,3678.8000,20801,0,89503440.000,1,0,1,多换,S,3670.0000,3669.8000,3667.6000,3667.0000,3666.0000,3679.4000,3679.6000,3680.8000,3681.0000,3681.4000,6,2,1,1,1,2,2,1,1,2
SF,IF2009,2020-04-28 09:31:02.200,3678.8000,20801,0,89503440.000,0,-,-,-,-,3677.2000,3675.4000,3675.0000,3673.6000,3672.0000,3679.2000,3679.6000,3681.0000,3681.4000,3681.6000,1,1,1,1,1,1,2,1,2,1
SF,IF2009,2020-04-28 09:31:02.700,3678.8000,20801,0,89503440.000,0,-,-,-,-,3677.6000,3677.4000,3677.2000,3675.4000,3675.0000,3679.0000,3679.2000,3679.6000,3681.0000,3681.4000,2,1,1,1,1,2,1,2,1,2
SF,IF2009,2020-04-28 09:31:03.200,3678.8000,20801,0,89503440.000,0,-,-,-,-,3677.8000,3677.6000,3677.2000,3675.4000,3675.0000,3679.0000,3679.2000,3679.6000,3681.0000,3681.4000,1,2,1,1,1,1,1,2,1,2
SF,IF2009,2020-04-28 09:31:03.700,3678.8000,20801,0,89503440.000,0,-,-,-,-,3678.2000,3677.8000,3677.2000,3675.4000,3675.0000,3679.0000,3679.6000,3681.0000,3681.4000,3681.6000,2,1,1,1,1,1,2,1,2,1
SF,IF2009,2020-04-28 09:31:04.200,3678.8000,20801,0,89503440.000,0,-,-,-,-,3678.2000,3677.8000,3677.2000,3675.4000,3675.0000,3679.0000,3679.6000,3681.0000,3681.4000,3681.6000,2,1,1,1,1,1,2,1,2,1
SF,IF2009,2020-04-28 09:31:04.700,3678.8000,20801,0,89503440.000,0,-,-,-,-,3678.2000,3677.8000,3677.2000,3675.4000,3675.0000,3679.0000,3679.6000,3681.0000,3681.4000,3681.6000,2,1,1,1,1,1,2,1,2,1
SF,IF2009,2020-04-28 09:31:05.200,3678.8000,20801,0,89503440.000,0,-,-,-,-,3678.2000,3677.8000,3677.2000,3675.4000,3675.0000,3679.0000,3679.6000,3681.0000,3681.4000,3681.6000,2,1,1,1,1,1,2,1,2,1
SF,IF2009,2020-04-28 09:31:05.700,3678.2000,20800,-1,90606900.000,1,0,1,双平,S,3678.2000,3677.8000,3677.2000,3675.4000,3675.0000,3679.6000,3681.0000,3681.4000,3681.6000,3682.2000,1,1,1,1,1,2,1,2,1,1
SF,IF2009,2020-04-28 09:31:06.200,3678.2000,20800,0,90606900.000,0,-,-,-,-,3678.2000,3677.8000,3677.2000,3675.4000,3675.0000,3679.4000,3679.6000,3681.0000,3681.4000,3681.6000,1,1,1,1,1,2,2,1,2,1
SF,IF2009,2020-04-28 09:31:06.700,3678.2000,20800,0,90606900.000,0,-,-,-,-,3678.2000,3677.8000,3677.2000,3675.4000,3675.0000,3679.4000,3679.6000,3681.0000,3681.4000,3681.6000,1,1,1,1,1,1,2,1,2,1
SF,IF2009,2020-04-28 09:31:07.200,3678.2000,20800,0,90606900.000,0,-,-,-,-,3678.2000,3677.8000,3677.2000,3675.4000,3675.0000,3679.4000,3679.6000,3681.0000,3681.4000,3681.6000,1,1,1,1,1,1,2,1,2,1
SF,IF2009,2020-04-28 09:31:07.700,3678.2000,20800,0,90606900.000,0,-,-,-,-,3678.2000,3677.8000,3677.2000,3675.4000,3675.0000,3679.4000,3679.6000,3681.0000,3681.4000,3681.6000,1,1,1,1,1,1,2,1,2,1
SF,IF2009,2020-04-28 09:31:08.200,3678.2000,20800,0,90606900.000,0,-,-,-,-,3678.2000,3677.8000,3677.2000,3675.4000,3675.0000,3679.6000,3681.0000,3681.4000,3681.6000,3682.2000,1,1,1,1,1,2,1,2,1,1
SF,IF2009,2020-04-28 09:31:08.700,3678.2000,20800,0,90606900.000,0,-,-,-,-,3678.2000,3677.8000,3677.2000,3675.4000,3675.0000,3679.6000,3681.0000,3681.4000,3681.6000,3682.2000,1,1,1,1,1,2,1,2,1,1
SF,IF2009,2020-04-28 09:31:09.200,3678.2000,20800,0,90606900.000,0,-,-,-,-,3678.4000,3678.2000,3677.8000,3677.2000,3675.4000,3679.6000,3681.0000,3681.4000,3681.6000,3682.2000,1,1,1,1,1,2,1,2,1,1
SF,IF2009,2020-04-28 09:31:09.700,3678.2000,20800,0,90606900.000,0,-,-,-,-,3678.8000,3678.6000,3678.4000,3677.8000,3677.2000,3679.6000,3681.0000,3681.4000,3681.6000,3682.2000,1,1,1,1,1,2,1,2,1,1
SF,IF2009,2020-04-28 09:31:10.200,3678.2000,20800,0,90606900.000,0,-,-,-,-,3678.8000,3678.6000,3678.4000,3677.8000,3677.2000,3679.6000,3681.0000,3681.4000,3681.6000,3682.2000,1,1,1,1,1,2,1,2,1,1
SF,IF2009,2020-04-28 09:31:11.200,3678.2000,20800,0,90606900.000,0,-,-,-,-,3678.8000,3678.6000,3678.4000,3677.8000,3677.2000,3679.4000,3679.6000,3681.0000,3681.4000,3681.6000,1,1,1,1,1,1,2,1,2,1
SF,IF2009,2020-04-28 09:31:11.700,3678.2000,20800,0,90606900.000,0,-,-,-,-,3678.8000,3678.6000,3677.8000,3677.2000,3675.4000,3679.6000,3681.0000,3681.4000,3681.6000,3682.2000,1,1,1,1,1,2,1,2,1,1
SF,IF2009,2020-04-28 09:31:12.200,3678.2000,20800,0,90606900.000,0,-,-,-,-,3678.8000,3677.8000,3677.2000,3675.4000,3675.0000,3679.4000,3679.6000,3681.0000,3681.4000,3681.6000,1,1,1,1,1,1,2,1,2,1
SF,IF2009,2020-04-28 09:31:12.700,3678.2000,20800,0,90606900.000,0,-,-,-,-,3678.8000,3677.8000,3677.2000,3675.4000,3675.0000,3679.6000,3681.0000,3681.4000,3681.6000,3682.2000,1,1,1,1,1,2,1,2,1,1
SF,IF2009,2020-04-28 09:31:13.200,3678.2000,20800,0,90606900.000,0,-,-,-,-,3679.0000,3678.8000,3677.8000,3677.2000,3675.0000,3679.6000,3681.0000,3681.4000,3681.6000,3682.2000,1,2,1,1,1,2,1,2,1,1
SF,IF2009,2020-04-28 09:31:13.700,3678.2000,20800,0,90606900.000,0,-,-,-,-,3679.0000,3678.8000,3677.8000,3677.2000,3675.0000,3679.4000,3679.6000,3681.0000,3681.4000,3681.6000,1,1,1,1,1,1,2,1,2,1
SF,IF2009,2020-04-28 09:31:14.200,3678.8000,20799,-1,91710540.000,1,0,1,双平,S,3679.0000,3678.8000,3677.8000,3677.2000,3675.0000,3679.4000,3679.6000,3681.0000,3681.4000,3681.6000,1,2,1,1,1,1,2,1,2,1
SF,IF2009,2020-04-28 09:31:14.700,3679.6000,20797,-2,93918240.000,2,0,2,双平,S,3679.2000,3678.8000,3677.8000,3677.2000,3675.0000,3679.6000,3681.0000,3681.4000,3681.6000,3682.2000,1,1,1,1,1,1,1,2,1,1
SF,IF2009,2020-04-28 09:31:15.200,3679.6000,20797,0,93918240.000,0,-,-,-,-,3677.8000,3677.2000,3675.0000,3673.0000,3672.8000,3679.6000,3681.0000,3681.4000,3681.6000,3682.2000,1,1,1,1,1,1,1,2,1,1
SF,IF2009,2020-04-28 09:31:15.700,3679.6000,20797,0,93918240.000,0,-,-,-,-,3678.2000,3678.0000,3677.8000,3677.2000,3675.0000,3679.4000,3679.6000,3681.0000,3681.4000,3681.6000,1,2,1,1,1,1,1,1,2,1
SF,IF2009,2020-04-28 09:31:16.200,3679.6000,20797,0,93918240.000,0,-,-,-,-,3678.4000,3678.2000,3677.8000,3677.2000,3675.0000,3679.4000,3679.6000,3681.0000,3681.4000,3681.6000,2,1,1,1,1,1,1,1,2,1
SF,IF2009,2020-04-28 09:31:16.700,3678.4000,20798,1,96125400.000,2,1,1,空开,S,3678.4000,3677.8000,3677.2000,3675.0000,3673.0000,3679.4000,3679.6000,3681.0000,3681.4000,3681.6000,1,1,1,1,1,1,1,1,1,1
SF,IF2009,2020-04-28 09:31:17.200,3678.4000,20798,0,96125400.000,0,-,-,-,-,3677.8000,3677.2000,3675.0000,3673.0000,3672.8000,3679.4000,3679.6000,3681.0000,3681.4000,3681.6000,1,1,1,1,1,1,1,1,1,1
SF,IF2009,2020-04-28 09:31:17.700,3678.4000,20798,0,96125400.000,0,-,-,-,-,3678.0000,3677.8000,3677.2000,3675.0000,3673.0000,3679.2000,3679.4000,3679.6000,3681.0000,3681.4000,1,1,1,1,1,1,1,1,1,1
SF,IF2009,2020-04-28 09:31:18.200,3678.4000,20798,0,96125400.000,0,-,-,-,-,3678.0000,3677.8000,3677.2000,3675.0000,3673.0000,3679.4000,3679.6000,3681.0000,3681.4000,3681.6000,1,1,1,1,1,1,1,1,1,1
SF,IF2009,2020-04-28 09:31:18.700,3678.4000,20798,0,96125400.000,0,-,-,-,-,3677.8000,3677.2000,3675.0000,3673.0000,3672.8000,3679.2000,3679.6000,3681.0000,3681.4000,3681.6000,1,1,1,1,1,2,1,1,1,1
SF,IF2009,2020-04-28 09:31:19.200,3678.4000,20798,0,96125400.000,0,-,-,-,-,3678.0000,3677.8000,3677.2000,3675.0000,3673.0000,3679.0000,3679.6000,3681.0000,3681.4000,3681.6000,1,1,1,1,1,1,1,1,1,1
SF,IF2009,2020-04-28 09:31:19.700,3678.4000,20798,0,96125400.000,0,-,-,-,-,3677.8000,3677.2000,3675.0000,3673.0000,3672.8000,3679.6000,3681.0000,3681.4000,3681.6000,3682.2000,1,1,1,1,1,1,1,1,1,1
SF,IF2009,2020-04-28 09:31:20.200,3678.4000,20798,0,96125400.000,0,-,-,-,-,3677.2000,3675.0000,3673.0000,3672.8000,3670.4000,3679.4000,3679.6000,3681.0000,3681.4000,3681.6000,1,1,1,1,4,2,1,1,1,1
SF,IF2009,2020-04-28 09:31:20.700,3678.4000,20798,0,96125400.000,0,-,-,-,-,3677.4000,3677.2000,3675.0000,3673.0000,3672.8000,3679.2000,3679.6000,3681.0000,3681.4000,3681.6000,2,1,1,1,1,1,1,1,1,1
SF,IF2009,2020-04-28 09:31:21.200,3679.0000,20798,0,97229100.000,1,0,1,多换,S,3677.6000,3677.4000,3677.2000,3675.0000,3673.0000,3679.2000,3679.6000,3681.0000,3681.4000,3681.6000,1,2,1,1,1,1,1,1,1,1
SF,IF2009,2020-04-28 09:31:21.700,3679.0000,20798,0,97229100.000,0,-,-,-,-,3677.8000,3677.4000,3677.2000,3675.0000,3673.0000,3679.2000,3679.6000,3681.0000,3681.4000,3681.6000,2,1,1,1,1,1,1,1,1,1
SF,IF2009,2020-04-28 09:31:22.200,3679.0000,20798,0,97229100.000,0,-,-,-,-,3678.0000,3677.4000,3677.2000,3675.0000,3673.0000,3679.0000,3679.6000,3681.0000,3681.4000,3681.6000,1,1,2,1,1,1,1,1,1,1
SF,IF2009,2020-04-28 09:31:22.700,3679.0000,20798,0,97229100.000,0,-,-,-,-,3678.2000,3677.4000,3677.2000,3675.0000,3673.0000,3679.0000,3679.6000,3681.0000,3681.4000,3681.6000,1,1,2,1,1,1,1,1,1,1
SF,IF2009,2020-04-28 09:31:23.200,3679.0000,20798,0,97229100.000,0,-,-,-,-,3677.4000,3677.2000,3675.0000,3673.0000,3672.8000,3679.0000,3679.6000,3681.0000,3681.4000,3681.6000,1,2,1,1,1,1,1,1,1,1
SF,IF2009,2020-04-28 09:31:23.700,3679.0000,20798,0,97229100.000,0,-,-,-,-,3677.6000,3677.4000,3677.2000,3675.0000,3673.0000,3679.6000,3681.0000,3681.4000,3681.6000,3682.2000,3,1,2,1,1,1,1,1,1,1
SF,IF2009,2020-04-28 09:31:24.200,3679.0000,20798,0,97229100.000,0,-,-,-,-,3677.8000,3677.6000,3677.4000,3677.2000,3675.0000,3679.4000,3679.6000,3681.0000,3681.4000,3681.6000,2,1,1,2,1,2,1,1,1,1
SF,IF2009,2020-04-28 09:31:24.700,3679.0000,20798,0,97229100.000,0,-,-,-,-,3677.4000,3677.2000,3675.0000,3673.0000,3672.8000,3679.2000,3679.4000,3679.6000,3681.0000,3681.4000,1,2,1,1,1,3,2,1,1,1
SF,IF2009,2020-04-28 09:31:25.200,3679.0000,20798,0,97229100.000,0,-,-,-,-,3677.6000,3677.4000,3677.2000,3675.0000,3673.0000,3679.0000,3679.2000,3679.4000,3679.6000,3681.0000,1,1,2,1,1,2,2,6,1,1
SF,IF2009,2020-04-28 09:31:25.700,3679.0000,20798,0,97229100.000,0,-,-,-,-,3677.4000,3677.2000,3675.0000,3673.0000,3672.8000,3679.0000,3679.4000,3679.6000,3681.0000,3681.4000,1,2,1,1,1,2,6,1,1,1
SF,IF2009,2020-04-28 09:31:26.200,3679.0000,20798,0,97229100.000,0,-,-,-,-,3677.6000,3677.4000,3677.2000,3675.0000,3673.0000,3679.4000,3679.6000,3681.0000,3681.4000,3681.6000,2,1,2,1,1,6,1,1,1,1
SF,IF2009,2020-04-28 09:31:26.700,3679.0000,20798,0,97229100.000,0,-,-,-,-,3677.8000,3677.4000,3677.2000,3675.0000,3673.0000,3679.2000,3679.4000,3679.6000,3681.0000,3681.4000,1,1,2,1,1,2,6,1,1,1
SF,IF2009,2020-04-28 09:31:27.200,3679.0000,20798,0,97229100.000,0,-,-,-,-,3678.0000,3677.4000,3677.2000,3675.0000,3673.0000,3679.4000,3679.6000,3681.0000,3681.4000,3681.6000,2,1,2,1,1,6,1,1,1,1
SF,IF2009,2020-04-28 09:31:27.700,3678.0000,20798,0,98332500.000,1,0,1,多换,S,3677.4000,3677.2000,3675.0000,3673.0000,3672.8000,3679.2000,3679.4000,3679.6000,3681.0000,3681.4000,1,2,1,1,1,2,5,1,1,1
SF,IF2009,2020-04-28 09:31:28.200,3678.0000,20798,0,98332500.000,0,-,-,-,-,3677.6000,3677.4000,3677.2000,3675.0000,3673.0000,3679.0000,3679.4000,3679.6000,3681.0000,3681.4000,1,1,2,1,1,1,5,1,1,1
SF,IF2009,2020-04-28 09:31:28.700,3678.0000,20798,0,98332500.000,0,-,-,-,-,3677.8000,3677.6000,3677.4000,3677.2000,3675.0000,3679.4000,3679.6000,3681.0000,3681.4000,3681.6000,1,1,1,2,1,5,1,1,1,1
SF,IF2009,2020-04-28 09:31:29.200,3678.0000,20798,0,98332500.000,0,-,-,-,-,3677.8000,3677.2000,3675.0000,3673.0000,3672.8000,3679.2000,3679.4000,3679.6000,3681.0000,3681.4000,1,2,1,1,1,2,5,1,1,1
SF,IF2009,2020-04-28 09:31:29.700,3678.0000,20798,0,98332500.000,0,-,-,-,-,3677.8000,3677.2000,3675.0000,3673.0000,3672.8000,3679.0000,3679.2000,3679.4000,3679.6000,3681.0000,1,2,1,1,1,1,1,5,1,1
SF,IF2009,2020-04-28 09:31:30.200,3678.0000,20798,0,98332500.000,0,-,-,-,-,3678.0000,3677.2000,3675.0000,3673.0000,3672.8000,3678.8000,3679.4000,3679.6000,3681.0000,3681.4000,1,2,1,1,1,1,5,1,1,1
SF,IF2009,2020-04-28 09:31:30.700,3678.0000,20798,0,98332500.000,0,-,-,-,-,3678.0000,3677.2000,3675.0000,3673.0000,3672.8000,3679.4000,3679.6000,3681.0000,3681.4000,3681.6000,1,2,1,1,1,5,1,1,1,1
SF,IF2009,2020-04-28 09:31:31.200,3678.0000,20798,0,98332500.000,0,-,-,-,-,3677.2000,3675.0000,3673.0000,3672.8000,3670.4000,3679.2000,3679.4000,3679.6000,3681.0000,3681.4000,2,1,1,1,4,2,5,1,1,1
SF,IF2009,2020-04-28 09:31:31.700,3678.0000,20798,0,98332500.000,0,-,-,-,-,3677.4000,3677.2000,3675.0000,3673.0000,3672.8000,3679.0000,3679.4000,3679.6000,3681.0000,3681.4000,4,2,1,1,1,2,5,1,1,1
SF,IF2009,2020-04-28 09:31:32.200,3678.0000,20798,0,98332500.000,0,-,-,-,-,3677.4000,3677.2000,3675.0000,3673.0000,3672.8000,3678.8000,3679.0000,3679.4000,3679.6000,3681.0000,4,2,1,1,1,1,1,5,1,1
SF,IF2009,2020-04-28 09:31:32.700,3678.0000,20798,0,98332500.000,0,-,-,-,-,3677.6000,3677.4000,3677.2000,3675.0000,3673.0000,3679.0000,3679.4000,3679.6000,3681.0000,3681.4000,1,2,2,1,1,1,5,1,1,1
SF,IF2009,2020-04-28 09:31:33.200,3678.0000,20798,0,98332500.000,0,-,-,-,-,3677.6000,3677.4000,3677.2000,3675.0000,3673.0000,3678.8000,3679.4000,3679.6000,3681.0000,3681.4000,1,1,2,1,1,2,5,1,1,1
SF,IF2009,2020-04-28 09:31:33.700,3678.8000,20797,-1,99436140.000,1,0,1,双平,S,3677.8000,3677.6000,3677.4000,3677.2000,3675.0000,3679.4000,3679.6000,3681.0000,3681.4000,3681.6000,2,1,1,1,1,5,1,1,1,1
SF,IF2009,2020-04-28 09:31:34.200,3678.8000,20797,0,99436140.000,0,-,-,-,-,3678.0000,3677.8000,3677.6000,3677.4000,3677.2000,3679.2000,3679.4000,3679.6000,3681.0000,3681.4000,1,2,1,1,1,1,5,1,1,1
SF,IF2009,2020-04-28 09:31:34.700,3678.8000,20797,0,99436140.000,0,-,-,-,-,3678.2000,3678.0000,3677.8000,3677.6000,3677.4000,3679.4000,3679.6000,3681.0000,3681.4000,3681.6000,1,1,1,1,1,5,1,1,1,1
SF,IF2009,2020-04-28 09:31:35.200,3678.8000,20797,0,99436140.000,0,-,-,-,-,3678.0000,3677.8000,3677.6000,3677.4000,3677.2000,3679.2000,3679.4000,3679.6000,3681.0000,3681.4000,1,1,1,1,1,1,5,1,2,1
SF,IF2009,2020-04-28 09:31:35.700,3678.8000,20797,0,99436140.000,0,-,-,-,-,3677.8000,3677.6000,3677.4000,3677.2000,3675.0000,3679.4000,3679.6000,3681.0000,3681.4000,3681.6000,1,1,1,1,1,5,1,2,1,1
SF,IF2009,2020-04-28 09:31:36.200,3678.8000,20797,0,99436140.000,0,-,-,-,-,3678.8000,3678.0000,3677.8000,3677.6000,3677.4000,3679.4000,3679.6000,3681.0000,3681.4000,3681.6000,1,2,1,1,1,5,1,2,1,1
SF,IF2009,2020-04-28 09:31:36.700,3678.8000,20797,0,99436140.000,0,-,-,-,-,3678.0000,3677.8000,3677.6000,3677.4000,3677.2000,3679.2000,3679.4000,3679.6000,3681.0000,3681.4000,1,1,1,1,1,1,5,1,2,1
SF,IF2009,2020-04-28 09:31:37.200,3679.4000,20797,0,100539960.000,1,0,1,多换,S,3677.8000,3677.6000,3677.4000,3677.2000,3675.0000,3679.4000,3679.6000,3681.0000,3681.4000,3681.6000,1,1,1,1,1,4,1,2,1,1
SF,IF2009,2020-04-28 09:31:37.700,3679.4000,20797,0,100539960.000,0,-,-,-,-,3677.8000,3677.6000,3677.4000,3677.2000,3675.0000,3678.0000,3679.2000,3679.4000,3679.6000,3681.0000,1,1,1,1,1,1,1,4,1,2
SF,IF2009,2020-04-28 09:31:38.200,3678.0000,20797,0,101643360.000,1,0,1,多换,S,3678.0000,3677.8000,3677.6000,3677.4000,3677.2000,3679.4000,3679.6000,3681.0000,3681.4000,3681.6000,1,1,1,1,1,4,1,2,1,1
SF,IF2009,2020-04-28 09:31:38.700,3678.0000,20797,0,101643360.000,0,-,-,-,-,3677.8000,3677.6000,3677.4000,3677.2000,3675.0000,3679.2000,3679.4000,3679.6000,3681.0000,3681.4000,1,1,1,1,1,1,4,1,2,1
SF,IF2009,2020-04-28 09:31:39.200,3678.0000,20797,0,101643360.000,0,-,-,-,-,3677.8000,3677.6000,3677.4000,3677.2000,3675.0000,3679.0000,3679.4000,3679.6000,3681.0000,3681.4000,1,1,1,1,1,2,4,1,2,1
SF,IF2009,2020-04-28 09:31:39.700,3678.0000,20797,0,101643360.000,0,-,-,-,-,3678.0000,3677.8000,3677.6000,3677.4000,3677.2000,3678.8000,3679.0000,3679.4000,3679.6000,3681.0000,1,1,1,1,1,1,1,4,1,2
SF,IF2009,2020-04-28 09:31:40.200,3678.0000,20797,0,101643360.000,0,-,-,-,-,3677.6000,3677.4000,3677.2000,3675.0000,3672.8000,3679.0000,3679.4000,3679.6000,3681.0000,3681.4000,1,1,1,1,1,1,4,1,2,1
SF,IF2009,2020-04-28 09:31:40.700,3678.0000,20797,0,101643360.000,0,-,-,-,-,3677.6000,3677.4000,3677.2000,3675.0000,3672.8000,3678.8000,3679.0000,3679.4000,3679.6000,3681.0000,1,1,1,1,1,2,1,4,1,2
SF,IF2009,2020-04-28 09:31:41.200,3678.0000,20797,0,101643360.000,0,-,-,-,-,3677.6000,3677.2000,3675.0000,3672.8000,3671.6000,3678.6000,3678.8000,3679.0000,3679.4000,3679.6000,1,1,1,1,2,1,1,1,4,1
SF,IF2009,2020-04-28 09:31:41.700,3678.0000,20797,0,101643360.000,0,-,-,-,-,3677.6000,3677.2000,3675.0000,3672.8000,3671.6000,3678.4000,3678.8000,3679.0000,3679.4000,3679.6000,1,1,1,1,2,1,1,1,4,1
SF,IF2009,2020-04-28 09:31:42.200,3678.0000,20797,0,101643360.000,0,-,-,-,-,3677.6000,3677.2000,3675.0000,3672.8000,3671.6000,3678.2000,3679.0000,3679.4000,3679.6000,3681.0000,1,1,1,1,2,1,1,4,1,2
SF,IF2009,2020-04-28 09:31:42.700,3678.0000,20797,0,101643360.000,0,-,-,-,-,3677.8000,3677.6000,3677.2000,3675.0000,3672.8000,3679.0000,3679.4000,3679.6000,3681.0000,3681.4000,2,1,1,1,1,1,4,1,2,1
SF,IF2009,2020-04-28 09:31:43.200,3678.0000,20797,0,101643360.000,0,-,-,-,-,3678.4000,3677.8000,3677.6000,3677.2000,3675.0000,3678.8000,3679.0000,3679.4000,3679.6000,3681.0000,1,1,1,1,1,1,1,4,1,2
SF,IF2009,2020-04-28 09:31:43.700,3678.0000,20797,0,101643360.000,0,-,-,-,-,3678.4000,3677.8000,3677.6000,3677.2000,3675.0000,3679.0000,3679.4000,3679.6000,3681.0000,3681.4000,1,1,1,1,1,1,4,1,2,1
SF,IF2009,2020-04-28 09:31:44.200,3678.0000,20797,0,101643360.000,0,-,-,-,-,3678.4000,3677.8000,3677.6000,3677.2000,3675.0000,3679.0000,3679.4000,3679.6000,3681.0000,3681.4000,1,1,1,1,1,1,4,1,2,1
SF,IF2009,2020-04-28 09:31:44.700,3679.0000,20797,0,102747060.000,1,0,1,多换,S,3678.6000,3678.4000,3677.8000,3677.6000,3677.2000,3679.4000,3679.6000,3681.0000,3681.4000,3681.6000,1,1,1,1,1,4,1,2,1,1
SF,IF2009,2020-04-28 09:31:45.200,3679.0000,20797,0,102747060.000,0,-,-,-,-,3678.4000,3677.8000,3677.6000,3677.2000,3675.0000,3679.2000,3679.4000,3679.6000,3681.0000,3681.4000,1,1,1,1,1,1,4,1,2,1
SF,IF2009,2020-04-28 09:31:45.700,3679.0000,20797,0,102747060.000,0,-,-,-,-,3678.4000,3677.6000,3677.2000,3675.0000,3672.8000,3679.0000,3679.4000,3679.6000,3681.0000,3681.4000,1,1,1,1,1,1,4,1,2,1
SF,IF2009,2020-04-28 09:31:46.200,3679.0000,20797,0,102747060.000,0,-,-,-,-,3678.6000,3678.4000,3677.6000,3677.2000,3675.0000,3679.4000,3679.6000,3681.0000,3681.4000,3681.6000,1,1,1,1,1,4,1,2,1,1
SF,IF2009,2020-04-28 09:31:46.700,3679.0000,20797,0,102747060.000,0,-,-,-,-,3678.4000,3677.6000,3677.2000,3675.0000,3672.8000,3679.2000,3679.4000,3679.6000,3681.0000,3681.4000,1,1,1,1,1,1,4,1,2,1
SF,IF2009,2020-04-28 09:31:47.200,3679.0000,20797,0,102747060.000,0,-,-,-,-,3678.4000,3677.6000,3677.2000,3675.0000,3672.8000,3679.0000,3679.4000,3679.6000,3681.0000,3681.4000,1,1,1,1,1,1,4,1,2,1
SF,IF2009,2020-04-28 09:31:47.700,3678.4000,20797,0,103850580.000,1,0,1,多换,S,3677.6000,3677.2000,3675.0000,3672.8000,3671.6000,3679.4000,3679.6000,3681.0000,3681.4000,3681.6000,1,1,1,1,2,4,1,2,1,1
SF,IF2009,2020-04-28 09:31:48.200,3678.4000,20797,0,103850580.000,0,-,-,-,-,3677.8000,3677.6000,3677.2000,3675.0000,3672.8000,3679.2000,3679.4000,3679.6000,3681.0000,3681.4000,1,1,1,1,1,1,4,1,2,1
SF,IF2009,2020-04-28 09:31:48.700,3678.4000,20797,0,103850580.000,0,-,-,-,-,3677.8000,3677.6000,3677.2000,3675.0000,3672.8000,3679.0000,3679.4000,3679.6000,3681.0000,3681.4000,1,1,1,1,1,1,4,1,2,1
SF,IF2009,2020-04-28 09:31:49.200,3678.4000,20797,0,103850580.000,0,-,-,-,-,3677.8000,3677.6000,3677.2000,3675.0000,3672.8000,3679.4000,3679.6000,3681.0000,3681.4000,3681.6000,1,1,1,1,1,4,1,2,1,1
SF,IF2009,2020-04-28 09:31:49.700,3678.4000,20797,0,103850580.000,0,-,-,-,-,3677.8000,3677.6000,3677.2000,3675.0000,3672.8000,3679.2000,3679.4000,3679.6000,3681.0000,3681.4000,1,1,1,1,1,1,4,1,2,1
SF,IF2009,2020-04-28 09:31:50.200,3678.4000,20797,0,103850580.000,0,-,-,-,-,3677.8000,3677.6000,3677.2000,3675.0000,3672.8000,3679.0000,3679.4000,3679.6000,3681.0000,3681.4000,1,1,1,1,1,1,4,1,2,1
SF,IF2009,2020-04-28 09:31:50.700,3678.4000,20797,0,103850580.000,0,-,-,-,-,3677.8000,3677.6000,3677.2000,3675.0000,3672.8000,3679.4000,3679.6000,3681.0000,3681.4000,3681.6000,1,1,1,1,1,4,1,2,1,1
SF,IF2009,2020-04-28 09:31:51.200,3678.4000,20797,0,103850580.000,0,-,-,-,-,3678.0000,3677.8000,3677.6000,3677.2000,3675.0000,3679.2000,3679.4000,3679.6000,3681.0000,3681.4000,2,1,1,1,1,1,4,1,2,1
SF,IF2009,2020-04-28 09:31:51.700,3678.4000,20797,0,103850580.000,0,-,-,-,-,3678.8000,3678.2000,3678.0000,3677.6000,3677.2000,3679.4000,3679.6000,3681.0000,3681.4000,3681.6000,1,1,2,1,1,4,1,2,1,1
SF,IF2009,2020-04-28 09:31:52.200,3678.4000,20797,0,103850580.000,0,-,-,-,-,3677.6000,3677.2000,3675.0000,3672.8000,3671.6000,3679.4000,3679.6000,3681.0000,3681.4000,3681.6000,1,1,1,1,2,4,1,2,1,1
SF,IF2009,2020-04-28 09:31:52.700,3678.4000,20797,0,103850580.000,0,-,-,-,-,3678.8000,3677.8000,3677.6000,3677.4000,3677.2000,3679.4000,3679.6000,3681.0000,3681.4000,3681.6000,1,1,1,1,1,4,1,2,1,1
SF,IF2009,2020-04-28 09:31:53.200,3678.4000,20797,0,103850580.000,0,-,-,-,-,3677.6000,3677.4000,3677.2000,3675.0000,3672.8000,3679.4000,3679.6000,3681.0000,3681.4000,3681.6000,1,1,1,1,1,4,1,2,1,1
SF,IF2009,2020-04-28 09:31:53.700,3678.4000,20797,0,103850580.000,0,-,-,-,-,3677.8000,3677.6000,3677.4000,3677.2000,3675.0000,3679.2000,3679.4000,3679.6000,3681.0000,3681.4000,2,1,1,1,1,1,4,1,2,1
SF,IF2009,2020-04-28 09:31:54.200,3678.4000,20797,0,103850580.000,0,-,-,-,-,3677.8000,3677.6000,3677.4000,3677.2000,3675.0000,3679.4000,3679.6000,3681.0000,3681.4000,3681.6000,2,1,1,1,1,4,1,2,1,1
SF,IF2009,2020-04-28 09:31:54.700,3678.4000,20797,0,103850580.000,0,-,-,-,-,3678.8000,3677.8000,3677.6000,3677.4000,3677.2000,3679.4000,3679.6000,3681.0000,3681.4000,3681.6000,1,2,1,1,1,4,1,2,1,1
SF,IF2009,2020-04-28 09:31:55.200,3678.4000,20797,0,103850580.000,0,-,-,-,-,3678.8000,3677.8000,3677.6000,3677.4000,3677.2000,3679.4000,3679.6000,3681.0000,3681.4000,3681.6000,1,1,1,1,1,4,1,2,1,1
SF,IF2009,2020-04-28 09:31:56.200,3678.4000,20797,0,103850580.000,0,-,-,-,-,3678.8000,3677.8000,3677.6000,3677.4000,3677.2000,3679.4000,3679.6000,3681.0000,3681.4000,3681.6000,1,1,1,1,1,4,1,1,1,1
SF,IF2009,2020-04-28 09:31:57.200,3678.4000,20797,0,103850580.000,0,-,-,-,-,3677.8000,3677.6000,3677.4000,3677.2000,3675.0000,3679.2000,3679.4000,3679.6000,3681.0000,3681.4000,1,1,1,1,1,1,4,1,1,1
SF,IF2009,2020-04-28 09:31:57.700,3678.4000,20797,0,103850580.000,0,-,-,-,-,3678.0000,3677.8000,3677.6000,3677.4000,3677.2000,3679.4000,3679.6000,3681.0000,3681.4000,3681.6000,2,1,1,1,1,4,1,1,1,1
SF,IF2009,2020-04-28 09:31:58.200,3679.2000,20796,-1,104954340.000,1,0,1,双平,S,3678.2000,3678.0000,3677.6000,3677.4000,3677.2000,3679.4000,3679.6000,3681.0000,3681.4000,3681.6000,2,2,1,1,1,4,1,1,1,1
SF,IF2009,2020-04-28 09:31:58.700,3679.2000,20796,0,104954340.000,0,-,-,-,-,3678.8000,3678.4000,3678.2000,3678.0000,3677.6000,3679.4000,3679.6000,3681.0000,3681.4000,3681.6000,1,4,1,1,1,4,1,1,1,1
SF,IF2009,2020-04-28 09:31:59.200,3679.2000,20796,0,104954340.000,0,-,-,-,-,3678.4000,3678.2000,3678.0000,3677.6000,3677.4000,3679.4000,3679.6000,3681.0000,3681.4000,3681.6000,2,1,1,1,1,5,1,1,1,1
SF,IF2009,2020-04-28 09:31:59.700,3679.2000,20796,0,104954340.000,0,-,-,-,-,3678.8000,3678.6000,3678.4000,3678.2000,3678.0000,3679.4000,3679.6000,3681.0000,3681.4000,3681.6000,1,2,2,1,1,5,1,1,1,1
SF,IF2009,2020-04-28 09:32:00.200,3678.8000,20792,-4,109369080.000,4,0,4,双平,S,3678.4000,3678.2000,3678.0000,3677.6000,3677.4000,3679.4000,3679.6000,3681.0000,3681.4000,3681.6000,2,1,1,1,1,5,1,1,1,1
SF,IF2009,2020-04-28 09:32:00.700,3678.4000,20790,-2,111576120.000,2,0,2,双平,S,3678.2000,3678.0000,3677.4000,3677.2000,3675.0000,3679.4000,3679.6000,3681.0000,3681.4000,3681.6000,1,1,1,1,1,5,1,1,1,1
SF,IF2009,2020-04-28 09:32:01.200,3678.4000,20790,0,111576120.000,0,-,-,-,-,3678.0000,3677.4000,3677.2000,3675.0000,3672.8000,3679.2000,3679.4000,3679.6000,3681.0000,3681.4000,1,1,1,1,1,1,5,1,1,1
SF,IF2009,2020-04-28 09:32:01.700,3678.4000,20790,0,111576120.000,0,-,-,-,-,3678.2000,3677.4000,3677.2000,3675.0000,3672.8000,3679.0000,3679.4000,3679.6000,3681.0000,3681.4000,2,1,1,1,1,1,5,1,1,1
SF,IF2009,2020-04-28 09:32:03.200,3678.4000,20790,0,111576120.000,0,-,-,-,-,3677.4000,3677.2000,3675.0000,3672.8000,3671.6000,3679.0000,3679.4000,3679.6000,3681.0000,3681.4000,1,1,1,1,2,1,5,1,1,1
SF,IF2009,2020-04-28 09:32:03.700,3678.4000,20790,0,111576120.000,0,-,-,-,-,3677.6000,3677.4000,3677.2000,3675.0000,3672.8000,3679.4000,3679.6000,3681.0000,3681.4000,3681.6000,2,1,1,1,1,5,1,1,1,1
SF,IF2009,2020-04-28 09:32:04.200,3678.4000,20790,0,111576120.000,0,-,-,-,-,3677.8000,3677.4000,3677.2000,3675.0000,3672.8000,3679.2000,3679.4000,3679.6000,3681.0000,3681.4000,2,1,1,1,1,4,5,1,1,1
SF,IF2009,2020-04-28 09:32:04.700,3678.4000,20790,0,111576120.000,0,-,-,-,-,3677.8000,3677.4000,3677.2000,3675.0000,3672.8000,3679.2000,3679.4000,3679.6000,3681.0000,3681.4000,1,1,1,1,1,4,5,1,1,1
SF,IF2009,2020-04-28 09:32:05.200,3678.0000,20789,-1,112679520.000,1,0,1,双平,S,3678.0000,3677.4000,3677.2000,3675.0000,3672.8000,3679.0000,3679.2000,3679.4000,3679.6000,3681.0000,1,1,1,1,1,1,2,5,1,1
SF,IF2009,2020-04-28 09:32:05.700,3678.0000,20788,-1,113782920.000,1,0,1,双平,S,3677.4000,3677.2000,3675.0000,3672.8000,3671.6000,3678.8000,3679.2000,3679.4000,3679.6000,3681.0000,1,1,1,1,2,3,2,5,1,1
SF,IF2009,2020-04-28 09:32:06.200,3678.0000,20788,0,113782920.000,0,-,-,-,-,3677.4000,3677.2000,3675.0000,3672.8000,3671.6000,3678.6000,3678.8000,3679.4000,3679.6000,3681.0000,1,1,1,1,2,1,2,5,1,1
SF,IF2009,2020-04-28 09:32:06.700,3678.8000,20787,-1,114886560.000,1,0,1,双平,S,3678.6000,3677.4000,3677.2000,3675.0000,3672.8000,3679.4000,3679.6000,3681.0000,3681.4000,3681.6000,1,1,1,1,1,5,1,1,1,1
SF,IF2009,2020-04-28 09:32:07.200,3678.6000,20786,-1,117093720.000,2,0,2,多平,S,3677.4000,3677.2000,3675.0000,3672.8000,3671.6000,3679.2000,3679.4000,3679.6000,3680.4000,3681.0000,1,1,1,1,2,2,5,1,1,1
SF,IF2009,2020-04-28 09:32:07.700,3679.0000,20785,-1,118197420.000,1,0,1,双平,S,3677.6000,3677.4000,3677.2000,3675.0000,3672.8000,3679.4000,3679.6000,3680.4000,3681.0000,3681.4000,1,1,1,1,1,5,1,1,1,1
SF,IF2009,2020-04-28 09:32:08.200,3679.0000,20785,0,118197420.000,0,-,-,-,-,3677.8000,3677.4000,3677.2000,3675.0000,3672.8000,3679.2000,3679.4000,3679.6000,3680.4000,3681.0000,1,1,1,1,1,2,5,1,1,1
SF,IF2009,2020-04-28 09:32:08.700,3679.0000,20785,0,118197420.000,0,-,-,-,-,3677.4000,3677.2000,3675.0000,3672.8000,3671.6000,3679.2000,3679.4000,3679.6000,3680.4000,3681.0000,1,1,1,1,2,2,5,1,1,1
SF,IF2009,2020-04-28 09:32:09.200,3679.0000,20785,0,118197420.000,0,-,-,-,-,3677.6000,3677.4000,3677.2000,3675.0000,3672.8000,3679.0000,3679.4000,3679.6000,3681.0000,3681.4000,1,1,1,1,1,1,5,1,1,1
SF,IF2009,2020-04-28 09:32:09.700,3679.0000,20785,0,118197420.000,0,-,-,-,-,3677.4000,3677.2000,3675.0000,3672.8000,3671.6000,3678.8000,3679.4000,3679.6000,3681.0000,3681.4000,1,1,1,1,2,1,5,1,1,1
SF,IF2009,2020-04-28 09:32:12.200,3679.0000,20785,0,118197420.000,0,-,-,-,-,3677.4000,3677.2000,3675.0000,3672.8000,3671.6000,3679.4000,3679.6000,3681.0000,3681.4000,3681.6000,1,1,1,1,2,5,1,1,1,1
SF,IF2009,2020-04-28 09:32:12.700,3679.0000,20785,0,118197420.000,0,-,-,-,-,3677.6000,3677.4000,3677.2000,3675.0000,3672.8000,3679.2000,3679.4000,3679.6000,3681.0000,3681.4000,1,1,1,1,1,4,5,1,1,1
SF,IF2009,2020-04-28 09:32:13.200,3679.0000,20785,0,118197420.000,0,-,-,-,-,3677.4000,3677.2000,3675.0000,3672.8000,3671.6000,3679.0000,3679.2000,3679.4000,3679.6000,3681.0000,1,1,1,1,2,1,3,5,1,1
SF,IF2009,2020-04-28 09:32:13.700,3679.0000,20785,0,118197420.000,0,-,-,-,-,3677.4000,3677.2000,3675.0000,3672.8000,3671.6000,3678.8000,3679.2000,3679.4000,3679.6000,3681.0000,1,1,1,1,2,3,2,5,1,1
SF,IF2009,2020-04-28 09:32:14.200,3679.0000,20785,0,118197420.000,0,-,-,-,-,3677.2000,3675.0000,3672.8000,3671.6000,3670.4000,3678.6000,3678.8000,3679.2000,3679.4000,3679.6000,1,1,1,2,4,1,2,2,5,1
SF,IF2009,2020-04-28 09:32:14.700,3679.0000,20785,0,118197420.000,0,-,-,-,-,3677.4000,3677.2000,3675.0000,3672.8000,3671.6000,3678.8000,3679.2000,3679.4000,3679.6000,3681.0000,2,1,1,1,2,1,2,5,1,1
SF,IF2009,2020-04-28 09:32:15.200,3679.0000,20785,0,118197420.000,0,-,-,-,-,3677.2000,3675.0000,3672.8000,3671.6000,3670.4000,3677.4000,3678.6000,3678.8000,3679.2000,3679.4000,1,1,1,2,4,1,1,1,2,5
SF,IF2009,2020-04-28 09:32:15.700,3677.4000,20784,-1,119300640.000,1,0,1,双平,S,3677.4000,3677.2000,3675.0000,3672.8000,3671.6000,3678.6000,3678.8000,3679.2000,3679.4000,3679.6000,1,1,1,1,2,1,1,2,5,1
SF,IF2009,2020-04-28 09:32:16.200,3677.4000,20784,0,119300640.000,0,-,-,-,-,3677.2000,3675.0000,3672.8000,3671.6000,3670.4000,3678.4000,3678.6000,3678.8000,3679.2000,3679.4000,1,1,1,2,4,1,1,1,2,5
SF,IF2009,2020-04-28 09:32:16.700,3677.4000,20784,0,119300640.000,0,-,-,-,-,3677.2000,3675.0000,3672.8000,3671.6000,3670.4000,3678.2000,3678.4000,3678.8000,3679.2000,3679.4000,1,1,1,2,4,1,1,1,2,5
SF,IF2009,2020-04-28 09:32:17.700,3677.4000,20784,0,119300640.000,0,-,-,-,-,3677.2000,3675.0000,3672.8000,3671.6000,3670.4000,3678.0000,3678.2000,3678.4000,3678.8000,3679.2000,1,1,1,2,4,1,1,1,1,2
SF,IF2009,2020-04-28 09:32:18.200,3677.4000,20784,0,119300640.000,0,-,-,-,-,3677.2000,3675.0000,3672.8000,3671.6000,3670.4000,3678.0000,3678.4000,3678.8000,3679.2000,3679.4000,1,1,1,2,4,1,1,1,2,5
SF,IF2009,2020-04-28 09:32:18.700,3677.4000,20784,0,119300640.000,0,-,-,-,-,3677.2000,3675.0000,3672.8000,3671.6000,3670.4000,3678.0000,3678.4000,3678.8000,3679.2000,3679.4000,1,1,1,2,4,1,1,1,1,5
SF,IF2009,2020-04-28 09:32:19.200,3677.4000,20784,0,119300640.000,0,-,-,-,-,3677.2000,3675.0000,3672.8000,3671.6000,3670.4000,3677.8000,3678.0000,3678.4000,3679.4000,3679.6000,1,1,1,2,4,1,1,1,5,1
SF,IF2009,2020-04-28 09:32:19.700,3677.4000,20784,0,119300640.000,0,-,-,-,-,3677.2000,3675.0000,3672.8000,3671.6000,3670.4000,3678.0000,3678.4000,3679.4000,3679.6000,3681.0000,1,1,1,2,4,1,1,5,1,1
SF,IF2009,2020-04-28 09:32:20.200,3677.4000,20784,0,119300640.000,0,-,-,-,-,3675.0000,3672.8000,3671.6000,3670.4000,3670.2000,3678.0000,3678.4000,3679.4000,3679.6000,3681.0000,1,1,2,4,3,1,1,5,1,1
SF,IF2009,2020-04-28 09:32:20.700,3677.4000,20784,0,119300640.000,0,-,-,-,-,3675.8000,3675.4000,3675.2000,3675.0000,3672.8000,3678.0000,3679.0000,3679.4000,3679.6000,3681.0000,1,6,3,1,1,1,1,5,1,1
SF,IF2009,2020-04-28 09:32:21.200,3677.4000,20784,0,119300640.000,0,-,-,-,-,3676.0000,3675.8000,3675.4000,3675.2000,3675.0000,3679.0000,3679.4000,3679.6000,3681.0000,3681.4000,2,1,6,1,1,1,5,1,1,1
SF,IF2009,2020-04-28 09:32:21.700,3677.4000,20784,0,119300640.000,0,-,-,-,-,3676.0000,3675.8000,3675.4000,3675.2000,3675.0000,3678.8000,3679.0000,3679.4000,3679.6000,3681.0000,2,1,6,1,1,1,1,5,1,1
SF,IF2009,2020-04-28 09:32:22.200,3677.4000,20784,0,119300640.000,0,-,-,-,-,3677.4000,3676.8000,3676.0000,3675.8000,3675.4000,3679.0000,3679.4000,3679.6000,3681.0000,3681.4000,1,1,2,1,6,1,5,1,1,1
SF,IF2009,2020-04-28 09:32:22.700,3677.4000,20784,0,119300640.000,0,-,-,-,-,3676.0000,3675.8000,3675.4000,3675.2000,3675.0000,3678.8000,3679.0000,3679.4000,3679.6000,3681.0000,1,1,6,1,1,2,1,5,1,1
SF,IF2009,2020-04-28 09:32:23.200,3677.4000,20784,0,119300640.000,0,-,-,-,-,3677.4000,3676.8000,3676.2000,3676.0000,3675.8000,3679.0000,3679.4000,3679.6000,3681.0000,3681.4000,1,1,7,1,1,1,5,1,1,1
SF,IF2009,2020-04-28 09:32:23.700,3677.4000,20784,0,119300640.000,0,-,-,-,-,3678.0000,3677.6000,3676.8000,3676.0000,3675.8000,3678.8000,3679.0000,3679.4000,3679.6000,3681.0000,1,1,1,1,1,2,1,5,1,1
SF,IF2009,2020-04-28 09:32:24.200,3678.0000,20783,-1,120404040.000,1,0,1,双平,S,3676.0000,3675.8000,3675.2000,3675.0000,3672.8000,3678.8000,3679.0000,3679.4000,3679.6000,3681.0000,1,1,1,1,1,2,1,5,1,1
SF,IF2009,2020-04-28 09:32:24.700,3678.0000,20783,0,120404040.000,0,-,-,-,-,3676.8000,3676.4000,3676.2000,3676.0000,3675.8000,3679.0000,3679.4000,3679.6000,3681.0000,3681.4000,1,6,1,1,1,1,5,1,1,1
SF,IF2009,2020-04-28 09:32:25.200,3678.8000,20782,-1,121507680.000,1,0,1,双平,S,3677.0000,3676.8000,3676.4000,3676.2000,3675.8000,3678.8000,3679.0000,3679.4000,3679.6000,3681.0000,1,1,1,1,1,1,1,5,1,1
SF,IF2009,2020-04-28 09:32:25.700,3678.8000,20782,0,121507680.000,0,-,-,-,-,3677.2000,3677.0000,3676.4000,3676.2000,3675.8000,3678.8000,3679.0000,3679.4000,3679.6000,3681.0000,1,1,1,1,1,1,1,5,1,1
SF,IF2009,2020-04-28 09:32:26.200,3678.8000,20782,0,121507680.000,0,-,-,-,-,3677.4000,3677.0000,3676.4000,3675.8000,3675.2000,3678.8000,3679.0000,3679.4000,3679.6000,3681.0000,1,1,1,1,1,1,1,5,1,1
SF,IF2009,2020-04-28 09:32:26.700,3678.8000,20782,0,121507680.000,0,-,-,-,-,3677.6000,3677.4000,3677.0000,3676.4000,3675.8000,3679.0000,3679.4000,3679.6000,3681.0000,3681.4000,1,1,1,1,1,1,5,1,1,1
SF,IF2009,2020-04-28 09:32:27.200,3678.8000,20782,0,121507680.000,0,-,-,-,-,3677.0000,3676.4000,3675.8000,3675.2000,3675.0000,3678.8000,3679.0000,3679.4000,3679.6000,3681.0000,1,1,1,1,1,1,1,5,1,1
SF,IF2009,2020-04-28 09:32:27.700,3678.8000,20782,0,121507680.000,0,-,-,-,-,3677.2000,3676.4000,3675.8000,3675.2000,3675.0000,3678.8000,3679.0000,3679.4000,3679.6000,3681.0000,1,1,1,1,1,1,1,5,1,1
SF,IF2009,2020-04-28 09:32:28.200,3678.8000,20782,0,121507680.000,0,-,-,-,-,3677.4000,3676.4000,3675.8000,3675.2000,3675.0000,3679.0000,3679.4000,3679.6000,3681.0000,3681.4000,1,1,1,1,1,1,5,1,1,1
SF,IF2009,2020-04-28 09:32:28.700,3678.8000,20782,0,121507680.000,0,-,-,-,-,3677.6000,3676.4000,3675.8000,3675.2000,3675.0000,3678.8000,3679.0000,3679.4000,3679.6000,3681.0000,1,1,1,1,1,1,1,5,1,1
SF,IF2009,2020-04-28 09:32:29.200,3678.8000,20782,0,121507680.000,0,-,-,-,-,3676.4000,3675.8000,3675.2000,3675.0000,3671.6000,3678.8000,3679.0000,3679.4000,3679.6000,3681.0000,1,1,1,1,2,1,1,5,1,1
SF,IF2009,2020-04-28 09:32:29.700,3678.8000,20782,0,121507680.000,0,-,-,-,-,3676.4000,3675.8000,3675.2000,3675.0000,3671.6000,3679.0000,3679.4000,3679.6000,3681.0000,3681.4000,1,1,1,1,2,1,5,1,1,1
SF,IF2009,2020-04-28 09:32:30.200,3678.8000,20782,0,121507680.000,0,-,-,-,-,3676.4000,3675.8000,3675.2000,3675.0000,3671.6000,3679.0000,3679.4000,3679.6000,3681.0000,3681.4000,1,1,1,1,2,1,5,1,1,1
SF,IF2009,2020-04-28 09:32:30.700,3678.8000,20782,0,121507680.000,0,-,-,-,-,3676.8000,3676.6000,3676.4000,3675.8000,3675.2000,3679.0000,3679.4000,3679.6000,3681.0000,3681.4000,1,1,1,1,1,1,5,1,1,1
SF,IF2009,2020-04-28 09:32:31.200,3678.8000,20782,0,121507680.000,0,-,-,-,-,3677.0000,3676.8000,3676.4000,3675.8000,3675.2000,3678.8000,3679.0000,3679.4000,3679.6000,3681.0000,1,1,1,1,1,1,1,5,1,1
SF,IF2009,2020-04-28 09:32:31.700,3678.8000,20782,0,121507680.000,0,-,-,-,-,3677.2000,3676.8000,3675.8000,3675.2000,3675.0000,3678.8000,3679.0000,3679.4000,3679.6000,3681.0000,1,1,1,1,1,1,1,5,1,1
SF,IF2009,2020-04-28 09:32:32.200,3678.8000,20782,0,121507680.000,0,-,-,-,-,3677.4000,3675.8000,3675.2000,3675.0000,3671.6000,3678.8000,3679.0000,3679.4000,3679.6000,3681.0000,1,1,1,1,2,1,1,5,1,1
SF,IF2009,2020-04-28 09:32:32.700,3678.8000,20782,0,121507680.000,0,-,-,-,-,3675.8000,3675.2000,3675.0000,3671.6000,3670.2000,3678.6000,3678.8000,3679.0000,3679.4000,3679.6000,1,1,1,2,3,1,2,1,5,1
SF,IF2009,2020-04-28 09:32:33.200,3678.8000,20782,0,121507680.000,0,-,-,-,-,3676.0000,3675.8000,3675.2000,3675.0000,3671.6000,3678.4000,3678.8000,3679.0000,3679.4000,3679.6000,1,1,1,1,2,1,1,1,5,1
SF,IF2009,2020-04-28 09:32:34.700,3678.8000,20781,-1,122611320.000,1,0,1,双平,S,3676.2000,3676.0000,3675.8000,3675.2000,3675.0000,3678.8000,3679.0000,3679.2000,3679.4000,3679.6000,1,1,1,1,1,1,1,1,5,1
SF,IF2009,2020-04-28 09:32:35.200,3678.8000,20781,0,122611320.000,0,-,-,-,-,3676.2000,3675.8000,3675.0000,3671.6000,3670.2000,3678.6000,3678.8000,3679.0000,3679.2000,3679.4000,1,1,1,2,3,3,1,1,1,5
SF,IF2009,2020-04-28 09:32:35.700,3678.8000,20781,0,122611320.000,0,-,-,-,-,3676.2000,3675.0000,3671.6000,3670.2000,3670.0000,3678.6000,3678.8000,3679.0000,3679.2000,3679.4000,1,1,2,3,10,2,1,1,1,5
SF,IF2009,2020-04-28 09:32:36.200,3678.8000,20781,0,122611320.000,0,-,-,-,-,3676.2000,3675.0000,3671.6000,3670.2000,3670.0000,3678.4000,3678.6000,3678.8000,3679.0000,3679.2000,1,1,2,3,10,1,1,1,1,1
SF,IF2009,2020-04-28 09:32:36.700,3678.8000,20781,0,122611320.000,0,-,-,-,-,3676.2000,3675.0000,3671.6000,3670.2000,3670.0000,3678.4000,3678.6000,3678.8000,3679.2000,3679.4000,1,1,2,3,10,2,1,1,1,5
SF,IF2009,2020-04-28 09:32:37.200,3678.8000,20781,0,122611320.000,0,-,-,-,-,3676.2000,3675.0000,3671.6000,3670.2000,3670.0000,3678.2000,3678.4000,3678.6000,3678.8000,3679.2000,1,1,2,3,10,1,2,1,1,1
SF,IF2009,2020-04-28 09:32:37.700,3678.6000,20781,0,124818480.000,2,1,1,多换,S,3676.4000,3676.2000,3675.0000,3671.6000,3670.2000,3678.4000,3678.6000,3678.8000,3679.2000,3679.4000,1,1,1,2,3,2,1,1,1,5
SF,IF2009,2020-04-28 09:32:38.200,3678.6000,20781,0,124818480.000,0,-,-,-,-,3676.6000,3675.0000,3671.6000,3670.2000,3670.0000,3678.2000,3678.4000,3678.6000,3678.8000,3679.2000,2,1,2,3,10,1,2,1,1,1
SF,IF2009,2020-04-28 09:32:38.700,3678.6000,20781,0,124818480.000,0,-,-,-,-,3676.8000,3676.6000,3675.0000,3671.6000,3670.2000,3678.2000,3678.4000,3678.6000,3678.8000,3679.2000,1,1,1,2,3,1,2,1,1,1
SF,IF2009,2020-04-28 09:32:39.200,3677.0000,20782,1,125921580.000,1,1,0,双开,S,3676.6000,3675.0000,3671.6000,3670.2000,3670.0000,3678.2000,3678.4000,3678.6000,3678.8000,3679.2000,1,1,2,3,10,1,2,1,1,1
SF,IF2009,2020-04-28 09:32:39.700,3677.0000,20782,0,125921580.000,0,-,-,-,-,3676.8000,3676.6000,3675.0000,3671.6000,3670.2000,3678.0000,3678.2000,3678.4000,3678.6000,3678.8000,1,1,1,2,3,1,1,2,1,1
SF,IF2009,2020-04-28 09:32:40.200,3677.0000,20782,0,125921580.000,0,-,-,-,-,3676.8000,3675.0000,3671.6000,3670.2000,3670.0000,3677.8000,3678.2000,3678.4000,3678.6000,3678.8000,1,1,2,3,10,1,1,1,1,1
SF,IF2009,2020-04-28 09:32:40.700,3677.0000,20782,0,125921580.000,0,-,-,-,-,3676.8000,3675.0000,3671.6000,3670.2000,3670.0000,3677.6000,3677.8000,3678.2000,3678.4000,3678.6000,1,1,2,3,10,1,1,1,1,1
SF,IF2009,2020-04-28 09:32:41.200,3677.0000,20782,0,125921580.000,0,-,-,-,-,3676.8000,3675.0000,3671.6000,3670.2000,3670.0000,3678.2000,3678.4000,3678.6000,3678.8000,3679.2000,1,1,2,3,10,1,1,1,1,1
SF,IF2009,2020-04-28 09:32:41.700,3677.0000,20782,0,125921580.000,0,-,-,-,-,3676.8000,3675.0000,3671.6000,3670.2000,3670.0000,3678.0000,3678.2000,3678.4000,3678.6000,3678.8000,1,1,2,3,10,2,1,3,1,1
SF,IF2009,2020-04-28 09:32:42.200,3676.8000,20782,0,127024620.000,1,0,1,多换,S,3675.0000,3671.6000,3670.2000,3670.0000,3669.8000,3677.8000,3678.0000,3678.2000,3678.4000,3678.6000,1,2,3,10,7,1,1,1,3,1
SF,IF2009,2020-04-28 09:32:42.700,3676.8000,20782,0,127024620.000,0,-,-,-,-,3675.2000,3675.0000,3671.6000,3670.2000,3670.0000,3677.6000,3678.2000,3678.4000,3678.8000,3679.2000,2,1,2,3,10,1,1,3,1,1
SF,IF2009,2020-04-28 09:32:43.200,3676.8000,20782,0,127024620.000,0,-,-,-,-,3675.2000,3675.0000,3671.6000,3670.2000,3670.0000,3678.2000,3678.4000,3678.8000,3679.2000,3679.4000,2,1,2,3,10,1,3,1,1,5
SF,IF2009,2020-04-28 09:32:43.700,3676.8000,20782,0,127024620.000,0,-,-,-,-,3675.2000,3671.6000,3670.0000,3669.8000,3667.6000,3678.0000,3678.2000,3678.4000,3678.8000,3679.2000,1,2,10,7,1,3,1,3,1,1
SF,IF2009,2020-04-28 09:32:44.200,3676.8000,20782,0,127024620.000,0,-,-,-,-,3675.4000,3675.2000,3671.6000,3670.0000,3669.8000,3678.0000,3678.2000,3678.4000,3678.8000,3679.2000,1,1,2,10,7,2,1,3,1,1
SF,IF2009,2020-04-28 09:32:44.700,3676.8000,20782,0,127024620.000,0,-,-,-,-,3675.6000,3675.4000,3671.6000,3670.0000,3669.8000,3678.0000,3678.4000,3678.8000,3679.2000,3679.4000,1,1,2,10,7,2,3,1,1,5
SF,IF2009,2020-04-28 09:32:45.200,3676.8000,20782,0,127024620.000,0,-,-,-,-,3675.6000,3671.6000,3670.0000,3669.8000,3667.6000,3677.6000,3677.8000,3678.0000,3678.4000,3678.8000,1,2,10,7,1,1,1,2,3,1
SF,IF2009,2020-04-28 09:32:45.700,3676.8000,20782,0,127024620.000,0,-,-,-,-,3675.8000,3675.6000,3671.6000,3670.0000,3669.8000,3677.4000,3677.6000,3678.0000,3678.4000,3678.8000,2,1,2,10,7,1,1,2,3,1
SF,IF2009,2020-04-28 09:32:46.200,3676.8000,20782,0,127024620.000,0,-,-,-,-,3676.0000,3675.8000,3675.6000,3671.6000,3670.0000,3677.6000,3678.0000,3678.4000,3678.8000,3679.2000,1,1,1,2,10,1,1,3,1,1
SF,IF2009,2020-04-28 09:32:46.700,3676.8000,20782,0,127024620.000,0,-,-,-,-,3676.2000,3675.6000,3671.6000,3670.0000,3669.8000,3677.4000,3677.6000,3678.0000,3678.4000,3678.8000,1,1,2,10,7,2,1,1,3,1
SF,IF2009,2020-04-28 09:32:47.200,3676.8000,20782,0,127024620.000,0,-,-,-,-,3676.4000,3675.6000,3671.6000,3670.0000,3669.8000,3678.0000,3678.4000,3678.8000,3679.2000,3679.4000,1,1,2,10,7,1,3,1,1,5
SF,IF2009,2020-04-28 09:32:47.700,3676.8000,20782,0,127024620.000,0,-,-,-,-,3676.6000,3675.6000,3671.6000,3670.0000,3669.8000,3677.8000,3678.4000,3678.8000,3679.2000,3679.4000,1,1,2,10,7,2,3,1,1,5
SF,IF2009,2020-04-28 09:32:48.200,3676.8000,20782,0,127024620.000,0,-,-,-,-,3676.8000,3675.6000,3671.6000,3670.0000,3669.8000,3678.4000,3678.8000,3679.2000,3679.4000,3679.6000,2,1,2,10,7,3,1,1,5,1
SF,IF2009,2020-04-28 09:32:48.700,3676.8000,20782,0,127024620.000,0,-,-,-,-,3677.0000,3676.8000,3675.6000,3671.6000,3670.0000,3678.4000,3678.8000,3679.2000,3679.4000,3679.6000,1,1,1,2,12,3,1,1,5,1
SF,IF2009,2020-04-28 09:32:49.200,3676.8000,20782,0,127024620.000,0,-,-,-,-,3677.2000,3676.0000,3675.6000,3671.6000,3670.0000,3678.4000,3678.8000,3679.2000,3679.4000,3679.6000,2,1,1,2,12,3,1,1,5,1
SF,IF2009,2020-04-28 09:32:49.700,3676.8000,20782,0,127024620.000,0,-,-,-,-,3676.0000,3675.6000,3671.6000,3670.0000,3669.8000,3676.2000,3678.2000,3678.4000,3678.8000,3679.2000,1,1,2,12,7,1,1,3,1,1
SF,IF2009,2020-04-28 09:32:50.200,3676.2000,20781,-1,128127480.000,1,0,1,双平,S,3676.2000,3676.0000,3671.6000,3670.0000,3669.8000,3678.4000,3678.8000,3679.2000,3679.4000,3679.6000,6,1,2,12,7,3,1,1,5,1
SF,IF2009,2020-04-28 09:32:50.700,3676.2000,20781,0,128127480.000,0,-,-,-,-,3676.4000,3676.2000,3676.0000,3671.6000,3670.0000,3678.2000,3678.4000,3678.8000,3679.2000,3679.4000,1,4,1,2,12,1,3,1,1,5
SF,IF2009,2020-04-28 09:32:51.200,3678.0000,20781,0,129230880.000,1,0,1,多换,S,3676.6000,3676.4000,3676.2000,3676.0000,3675.2000,3678.2000,3678.4000,3678.8000,3679.2000,3679.4000,1,1,3,1,1,1,3,1,1,5
SF,IF2009,2020-04-28 09:32:51.700,3678.2000,20780,-1,130334340.000,1,0,1,双平,S,3676.8000,3676.4000,3676.2000,3676.0000,3675.2000,3678.4000,3678.8000,3679.2000,3679.4000,3679.6000,1,1,2,1,1,3,1,1,5,1
SF,IF2009,2020-04-28 09:32:52.200,3678.2000,20780,0,130334340.000,0,-,-,-,-,3677.0000,3676.4000,3676.2000,3676.0000,3675.2000,3678.4000,3678.8000,3679.2000,3679.4000,3679.6000,1,1,2,1,1,3,1,1,5,1
SF,IF2009,2020-04-28 09:32:52.700,3678.2000,20780,0,130334340.000,0,-,-,-,-,3677.2000,3676.4000,3676.2000,3676.0000,3675.2000,3678.4000,3678.8000,3679.2000,3679.4000,3679.6000,1,1,2,1,1,3,1,1,5,1
SF,IF2009,2020-04-28 09:32:53.200,3678.2000,20780,0,130334340.000,0,-,-,-,-,3676.4000,3676.2000,3676.0000,3675.2000,3671.6000,3678.4000,3678.8000,3679.2000,3679.4000,3679.6000,1,2,1,1,2,3,1,1,5,1
SF,IF2009,2020-04-28 09:32:53.700,3678.2000,20780,0,130334340.000,0,-,-,-,-,3676.6000,3676.4000,3676.2000,3676.0000,3675.2000,3678.4000,3678.8000,3679.2000,3679.4000,3679.6000,2,1,2,1,1,3,1,1,5,1
SF,IF2009,2020-04-28 09:32:54.200,3678.2000,20780,0,130334340.000,0,-,-,-,-,3676.8000,3676.6000,3676.4000,3676.2000,3676.0000,3678.4000,3679.2000,3679.4000,3679.6000,3680.0000,1,1,1,2,1,4,1,5,1,1
SF,IF2009,2020-04-28 09:32:54.700,3678.2000,20780,0,130334340.000,0,-,-,-,-,3677.0000,3676.4000,3676.2000,3676.0000,3675.2000,3678.4000,3678.8000,3679.2000,3679.4000,3679.6000,1,1,2,1,1,4,1,1,5,1
SF,IF2009,2020-04-28 09:32:55.200,3678.2000,20780,0,130334340.000,0,-,-,-,-,3677.2000,3676.4000,3676.2000,3676.0000,3675.2000,3678.2000,3678.4000,3678.8000,3679.2000,3679.4000,1,1,2,1,1,1,4,1,1,5
SF,IF2009,2020-04-28 09:32:55.700,3678.2000,20780,0,130334340.000,0,-,-,-,-,3677.4000,3676.4000,3676.2000,3676.0000,3675.2000,3678.2000,3678.4000,3678.8000,3679.2000,3679.4000,2,1,2,1,1,1,4,1,1,5
SF,IF2009,2020-04-28 09:32:56.200,3678.2000,20780,0,130334340.000,0,-,-,-,-,3677.6000,3677.4000,3676.4000,3676.2000,3676.0000,3678.4000,3678.8000,3679.2000,3679.4000,3679.6000,1,1,1,2,1,4,1,1,5,1
SF,IF2009,2020-04-28 09:32:56.700,3678.2000,20780,0,130334340.000,0,-,-,-,-,3677.8000,3676.4000,3676.2000,3676.0000,3675.2000,3678.4000,3678.8000,3679.2000,3679.4000,3679.6000,1,1,2,1,1,4,1,1,5,1
SF,IF2009,2020-04-28 09:32:57.200,3678.2000,20780,0,130334340.000,0,-,-,-,-,3676.4000,3676.2000,3676.0000,3675.2000,3671.6000,3678.4000,3678.8000,3679.2000,3679.4000,3679.6000,1,2,1,1,2,4,1,1,5,1
SF,IF2009,2020-04-28 09:32:57.700,3678.2000,20780,0,130334340.000,0,-,-,-,-,3678.2000,3676.6000,3676.4000,3676.2000,3676.0000,3678.4000,3678.8000,3679.2000,3679.4000,3679.6000,2,4,1,2,1,4,1,1,5,1
SF,IF2009,2020-04-28 09:32:58.200,3678.2000,20778,-2,132541260.000,2,0,2,双平,S,3676.6000,3676.4000,3676.0000,3675.2000,3671.6000,3678.4000,3678.8000,3679.2000,3679.4000,3679.6000,3,1,1,1,2,4,1,1,5,1
SF,IF2009,2020-04-28 09:32:58.700,3678.2000,20778,0,132541260.000,0,-,-,-,-,3676.8000,3676.6000,3676.4000,3676.0000,3675.2000,3678.4000,3678.8000,3679.2000,3679.4000,3679.6000,1,2,1,1,1,2,1,1,5,1
SF,IF2009,2020-04-28 09:32:59.200,3678.2000,20778,0,132541260.000,0,-,-,-,-,3677.0000,3676.6000,3676.4000,3676.0000,3675.2000,3678.4000,3678.8000,3679.2000,3679.4000,3679.6000,2,1,1,1,1,2,1,1,5,1
SF,IF2009,2020-04-28 09:32:59.700,3678.2000,20778,0,132541260.000,0,-,-,-,-,3677.2000,3677.0000,3676.6000,3676.4000,3676.0000,3678.4000,3678.8000,3679.2000,3679.4000,3679.6000,1,1,1,1,1,2,1,1,5,1
SF,IF2009,2020-04-28 09:33:00.200,3678.2000,20778,0,132541260.000,0,-,-,-,-,3677.4000,3676.6000,3676.4000,3676.0000,3675.2000,3678.4000,3678.8000,3679.2000,3679.4000,3679.6000,1,1,1,1,1,2,1,1,5,1
SF,IF2009,2020-04-28 09:33:00.700,3678.2000,20778,0,132541260.000,0,-,-,-,-,3677.6000,3676.6000,3676.4000,3676.0000,3675.2000,3678.4000,3678.8000,3679.2000,3679.4000,3679.6000,1,1,1,1,1,2,1,1,5,1
SF,IF2009,2020-04-28 09:33:01.200,3678.2000,20778,0,132541260.000,0,-,-,-,-,3676.4000,3676.0000,3675.2000,3671.6000,3670.0000,3678.4000,3678.8000,3679.2000,3679.4000,3679.6000,1,1,1,2,12,2,1,1,5,1
SF,IF2009,2020-04-28 09:33:01.700,3678.2000,20778,0,132541260.000,0,-,-,-,-,3676.6000,3676.4000,3676.0000,3675.2000,3671.6000,3678.4000,3678.8000,3679.2000,3679.4000,3679.6000,2,1,1,1,2,2,1,1,5,1
SF,IF2009,2020-04-28 09:33:02.200,3678.2000,20778,0,132541260.000,0,-,-,-,-,3676.8000,3676.6000,3676.4000,3676.0000,3675.2000,3678.4000,3678.8000,3679.2000,3679.4000,3679.6000,1,1,1,1,1,2,1,1,5,1
SF,IF2009,2020-04-28 09:33:02.700,3678.2000,20778,0,132541260.000,0,-,-,-,-,3677.0000,3676.4000,3676.0000,3675.2000,3671.6000,3678.4000,3678.8000,3679.2000,3679.4000,3679.6000,1,1,1,1,2,2,1,1,5,1
SF,IF2009,2020-04-28 09:33:03.200,3678.2000,20778,0,132541260.000,0,-,-,-,-,3677.2000,3676.4000,3676.0000,3675.2000,3671.6000,3678.4000,3678.8000,3679.2000,3679.4000,3679.6000,1,1,1,1,2,2,1,1,5,1
SF,IF2009,2020-04-28 09:33:03.700,3678.2000,20778,0,132541260.000,0,-,-,-,-,3677.4000,3676.4000,3676.0000,3675.2000,3671.6000,3678.4000,3678.8000,3679.2000,3679.4000,3679.6000,1,1,1,1,2,2,1,1,5,1
SF,IF2009,2020-04-28 09:33:04.200,3678.2000,20778,0,132541260.000,0,-,-,-,-,3676.4000,3676.0000,3675.2000,3671.6000,3670.0000,3678.4000,3678.8000,3679.2000,3679.4000,3679.6000,1,1,1,2,12,2,1,1,5,1
SF,IF2009,2020-04-28 09:33:04.700,3678.2000,20778,0,132541260.000,0,-,-,-,-,3676.6000,3676.4000,3676.0000,3675.2000,3671.6000,3678.4000,3678.8000,3679.2000,3679.4000,3679.6000,1,1,1,1,2,2,1,1,5,1
SF,IF2009,2020-04-28 09:33:05.200,3678.2000,20778,0,132541260.000,0,-,-,-,-,3676.8000,3676.4000,3676.0000,3675.2000,3671.6000,3678.4000,3678.8000,3679.2000,3679.4000,3679.6000,2,1,1,1,2,2,1,1,5,1
SF,IF2009,2020-04-28 09:33:05.700,3678.2000,20778,0,132541260.000,0,-,-,-,-,3677.0000,3676.4000,3676.0000,3675.2000,3671.6000,3678.4000,3678.8000,3679.2000,3679.4000,3679.6000,1,1,1,1,2,2,1,1,5,1
SF,IF2009,2020-04-28 09:33:06.200,3678.2000,20778,0,132541260.000,0,-,-,-,-,3677.2000,3676.4000,3676.0000,3675.2000,3671.6000,3678.4000,3678.8000,3679.2000,3679.4000,3679.6000,1,1,1,1,2,2,1,1,5,1
SF,IF2009,2020-04-28 09:33:06.700,3678.2000,20778,0,132541260.000,0,-,-,-,-,3677.4000,3676.4000,3676.0000,3675.2000,3671.6000,3678.4000,3678.8000,3679.2000,3679.4000,3679.6000,2,1,1,1,2,2,1,1,5,1
SF,IF2009,2020-04-28 09:33:07.200,3678.2000,20778,0,132541260.000,0,-,-,-,-,3676.4000,3676.0000,3675.2000,3671.6000,3670.0000,3678.4000,3678.8000,3679.2000,3679.4000,3679.6000,1,1,1,2,12,2,1,1,5,1
SF,IF2009,2020-04-28 09:33:07.700,3678.2000,20778,0,132541260.000,0,-,-,-,-,3676.6000,3676.4000,3676.0000,3675.2000,3671.6000,3678.4000,3678.8000,3679.2000,3679.4000,3679.6000,2,1,1,1,2,1,1,1,5,1
SF,IF2009,2020-04-28 09:33:08.200,3678.2000,20778,0,132541260.000,0,-,-,-,-,3676.8000,3676.4000,3676.0000,3675.2000,3671.6000,3678.2000,3678.8000,3679.2000,3679.4000,3679.6000,1,1,1,1,2,1,1,1,5,1
SF,IF2009,2020-04-28 09:33:08.700,3678.2000,20778,0,132541260.000,0,-,-,-,-,3677.0000,3676.4000,3676.0000,3675.2000,3671.6000,3678.2000,3678.8000,3679.2000,3679.4000,3679.6000,1,1,1,1,2,1,1,1,5,1
SF,IF2009,2020-04-28 09:33:09.200,3678.2000,20778,0,132541260.000,0,-,-,-,-,3677.2000,3676.4000,3676.0000,3675.2000,3671.6000,3678.2000,3678.8000,3679.2000,3679.4000,3679.6000,1,1,1,1,2,1,1,1,5,1
SF,IF2009,2020-04-28 09:33:09.700,3678.2000,20778,0,132541260.000,0,-,-,-,-,3676.4000,3676.0000,3675.2000,3671.6000,3670.0000,3678.2000,3678.8000,3679.2000,3679.4000,3679.6000,1,1,1,2,12,1,1,1,5,1
SF,IF2009,2020-04-28 09:33:10.200,3678.2000,20778,0,132541260.000,0,-,-,-,-,3676.6000,3676.4000,3676.0000,3675.2000,3671.6000,3678.2000,3678.8000,3679.2000,3679.4000,3679.6000,2,1,1,1,2,1,1,1,5,1
SF,IF2009,2020-04-28 09:33:10.700,3678.2000,20778,0,132541260.000,0,-,-,-,-,3676.8000,3676.6000,3676.4000,3676.0000,3675.2000,3678.2000,3678.8000,3679.2000,3679.4000,3679.6000,1,1,1,1,1,1,1,1,5,1
SF,IF2009,2020-04-28 09:33:11.200,3678.2000,20778,0,132541260.000,0,-,-,-,-,3677.0000,3676.4000,3676.0000,3675.2000,3671.6000,3678.2000,3678.8000,3679.2000,3679.4000,3679.6000,2,1,1,1,2,1,1,1,5,1
SF,IF2009,2020-04-28 09:33:11.700,3678.2000,20778,0,132541260.000,0,-,-,-,-,3677.2000,3676.4000,3676.0000,3675.2000,3671.6000,3678.2000,3678.8000,3679.2000,3679.4000,3679.6000,1,1,1,1,2,1,1,1,5,1
SF,IF2009,2020-04-28 09:33:12.200,3678.2000,20778,0,132541260.000,0,-,-,-,-,3676.4000,3676.0000,3675.2000,3671.6000,3670.0000,3678.2000,3678.8000,3679.2000,3679.4000,3679.6000,1,1,1,2,12,1,1,1,5,1
SF,IF2009,2020-04-28 09:33:12.700,3678.2000,20778,0,132541260.000,0,-,-,-,-,3676.6000,3676.4000,3676.0000,3675.2000,3671.6000,3678.2000,3678.8000,3679.2000,3679.4000,3679.6000,1,1,1,1,2,1,1,1,5,1
SF,IF2009,2020-04-28 09:33:13.200,3678.2000,20778,0,132541260.000,0,-,-,-,-,3676.8000,3676.4000,3676.0000,3675.2000,3671.6000,3678.2000,3678.8000,3679.2000,3679.4000,3679.6000,1,1,1,1,2,1,1,1,5,1
SF,IF2009,2020-04-28 09:33:13.700,3678.2000,20778,0,132541260.000,0,-,-,-,-,3677.0000,3676.4000,3676.0000,3675.2000,3671.6000,3678.2000,3678.8000,3679.2000,3679.4000,3679.6000,1,1,1,1,2,1,1,1,5,1
SF,IF2009,2020-04-28 09:33:14.200,3678.2000,20778,0,132541260.000,0,-,-,-,-,3676.4000,3676.0000,3675.2000,3671.6000,3670.0000,3678.2000,3678.8000,3679.2000,3679.4000,3679.6000,1,1,1,2,12,1,1,1,5,1
SF,IF2009,2020-04-28 09:33:14.700,3678.2000,20778,0,132541260.000,0,-,-,-,-,3676.6000,3676.4000,3676.0000,3675.2000,3671.6000,3678.2000,3678.8000,3679.2000,3679.4000,3679.6000,1,1,1,1,2,1,1,1,5,1
SF,IF2009,2020-04-28 09:33:15.200,3678.2000,20778,0,132541260.000,0,-,-,-,-,3676.8000,3676.4000,3676.0000,3675.2000,3671.6000,3678.2000,3678.8000,3679.2000,3679.4000,3679.6000,2,1,1,1,2,1,1,1,5,1
SF,IF2009,2020-04-28 09:33:15.700,3678.2000,20778,0,132541260.000,0,-,-,-,-,3677.0000,3676.4000,3676.0000,3675.2000,3671.6000,3678.2000,3678.8000,3679.2000,3679.4000,3679.6000,1,1,1,1,2,1,1,1,5,1
SF,IF2009,2020-04-28 09:33:16.200,3678.2000,20778,0,132541260.000,0,-,-,-,-,3677.2000,3676.4000,3676.0000,3675.2000,3671.6000,3678.2000,3678.8000,3679.2000,3679.4000,3679.6000,1,1,1,1,2,1,1,1,5,1
SF,IF2009,2020-04-28 09:33:16.700,3678.2000,20778,0,132541260.000,0,-,-,-,-,3677.4000,3676.4000,3676.0000,3675.2000,3671.6000,3678.2000,3678.8000,3679.2000,3679.4000,3679.6000,2,1,1,1,2,1,1,1,5,1
SF,IF2009,2020-04-28 09:33:17.200,3678.2000,20778,0,132541260.000,0,-,-,-,-,3676.4000,3676.0000,3675.2000,3671.6000,3671.0000,3678.2000,3678.8000,3679.2000,3679.4000,3679.6000,1,1,1,2,1,1,1,1,5,1
SF,IF2009,2020-04-28 09:33:17.700,3678.2000,20778,0,132541260.000,0,-,-,-,-,3676.6000,3676.4000,3676.0000,3675.2000,3671.6000,3678.2000,3678.8000,3679.2000,3679.4000,3679.6000,2,1,1,1,2,1,1,1,5,1
SF,IF2009,2020-04-28 09:33:18.200,3678.2000,20778,0,132541260.000,0,-,-,-,-,3676.8000,3676.6000,3676.4000,3676.0000,3675.2000,3678.2000,3678.8000,3679.2000,3679.4000,3679.6000,1,1,1,1,1,1,1,1,5,1
SF,IF2009,2020-04-28 09:33:18.700,3678.2000,20778,0,132541260.000,0,-,-,-,-,3677.0000,3676.4000,3676.0000,3675.2000,3671.6000,3678.2000,3678.8000,3679.2000,3679.4000,3679.6000,1,1,1,1,2,1,1,1,5,1
SF,IF2009,2020-04-28 09:33:19.200,3678.2000,20778,0,132541260.000,0,-,-,-,-,3677.2000,3676.4000,3676.0000,3675.2000,3671.6000,3678.2000,3678.8000,3679.2000,3679.4000,3679.6000,1,1,1,1,2,1,1,1,5,1
SF,IF2009,2020-04-28 09:33:19.700,3678.2000,20778,0,132541260.000,0,-,-,-,-,3676.4000,3676.0000,3675.2000,3671.6000,3671.0000,3678.2000,3678.8000,3679.2000,3679.4000,3679.6000,1,1,1,2,1,1,1,1,5,1
SF,IF2009,2020-04-28 09:33:20.200,3678.2000,20778,0,132541260.000,0,-,-,-,-,3676.6000,3676.4000,3676.0000,3675.2000,3671.6000,3678.2000,3678.8000,3679.2000,3679.4000,3679.6000,2,1,1,1,2,1,1,1,5,1
SF,IF2009,2020-04-28 09:33:20.700,3678.2000,20778,0,132541260.000,0,-,-,-,-,3676.8000,3676.6000,3676.4000,3676.0000,3675.2000,3678.2000,3678.8000,3679.2000,3679.4000,3679.6000,2,1,1,1,1,1,1,1,5,1
SF,IF2009,2020-04-28 09:33:21.200,3678.2000,20778,0,132541260.000,0,-,-,-,-,3677.0000,3676.8000,3676.4000,3676.0000,3675.2000,3678.2000,3678.8000,3679.2000,3679.4000,3679.6000,2,1,1,1,1,1,1,1,5,1
SF,IF2009,2020-04-28 09:33:21.700,3678.2000,20778,0,132541260.000,0,-,-,-,-,3677.2000,3677.0000,3676.8000,3676.4000,3676.0000,3678.2000,3678.8000,3679.2000,3679.4000,3679.6000,1,1,1,1,1,1,1,1,5,1
SF,IF2009,2020-04-28 09:33:22.200,3678.2000,20778,0,132541260.000,0,-,-,-,-,3677.4000,3676.8000,3676.4000,3676.0000,3675.2000,3678.2000,3678.8000,3679.2000,3679.4000,3679.6000,2,1,1,1,1,1,1,1,5,1
SF,IF2009,2020-04-28 09:33:22.700,3678.2000,20778,0,132541260.000,0,-,-,-,-,3677.6000,3676.8000,3676.4000,3676.0000,3675.2000,3678.2000,3678.8000,3679.2000,3679.4000,3679.6000,1,1,1,1,1,1,1,1,5,1
SF,IF2009,2020-04-28 09:33:23.200,3678.2000,20778,0,132541260.000,0,-,-,-,-,3677.8000,3676.8000,3676.4000,3676.0000,3675.2000,3678.2000,3678.8000,3679.2000,3679.4000,3679.6000,2,1,1,1,1,1,1,1,5,1
SF,IF2009,2020-04-28 09:33:23.700,3678.2000,20778,0,132541260.000,0,-,-,-,-,3678.0000,3677.8000,3676.8000,3676.4000,3676.0000,3678.2000,3678.8000,3679.2000,3679.4000,3679.6000,1,1,1,1,1,1,1,1,5,1
SF,IF2009,2020-04-28 09:33:24.200,3678.2000,20777,-1,133644720.000,1,0,1,双平,S,3677.8000,3676.8000,3676.4000,3676.0000,3675.2000,3678.8000,3679.2000,3679.4000,3679.6000,3680.0000,1,1,1,1,1,1,1,5,1,1
SF,IF2009,2020-04-28 09:33:24.700,3678.2000,20777,0,133644720.000,0,-,-,-,-,3678.0000,3676.8000,3676.4000,3676.0000,3675.2000,3678.8000,3679.2000,3679.4000,3679.6000,3680.0000,1,1,1,1,1,2,1,5,1,1
SF,IF2009,2020-04-28 09:33:25.200,3678.2000,20777,0,133644720.000,0,-,-,-,-,3678.0000,3676.8000,3676.4000,3676.0000,3675.2000,3678.8000,3679.2000,3679.4000,3679.6000,3680.0000,1,1,1,1,1,2,1,5,1,1
SF,IF2009,2020-04-28 09:33:26.200,3678.2000,20777,0,133644720.000,0,-,-,-,-,3678.2000,3678.0000,3676.8000,3676.4000,3676.0000,3678.8000,3679.2000,3679.4000,3679.6000,3680.0000,2,1,1,1,1,2,1,5,1,1
SF,IF2009,2020-04-28 09:33:26.700,3678.2000,20777,0,133644720.000,0,-,-,-,-,3678.2000,3678.0000,3676.8000,3676.4000,3676.0000,3678.8000,3679.2000,3679.4000,3679.6000,3680.0000,1,1,1,1,1,2,1,5,1,1
SF,IF2009,2020-04-28 09:33:27.200,3678.2000,20777,0,133644720.000,0,-,-,-,-,3678.0000,3676.8000,3676.4000,3676.0000,3675.2000,3678.8000,3679.2000,3679.4000,3679.6000,3680.0000,1,1,1,1,1,2,1,5,1,1
SF,IF2009,2020-04-28 09:33:30.200,3678.2000,20776,-1,136955460.000,3,1,2,多平,S,3678.2000,3678.0000,3676.8000,3676.4000,3676.0000,3679.2000,3679.4000,3679.6000,3680.0000,3681.4000,1,1,1,1,1,1,5,1,1,1
SF,IF2009,2020-04-28 09:33:32.700,3678.2000,20776,0,136955460.000,0,-,-,-,-,3678.2000,3678.0000,3676.8000,3676.4000,3676.0000,3679.2000,3679.4000,3679.6000,3680.0000,3681.4000,1,1,1,1,1,1,5,1,1,1
SF,IF2009,2020-04-28 09:33:34.200,3678.2000,20776,0,136955460.000,0,-,-,-,-,3678.0000,3676.8000,3676.4000,3676.0000,3675.2000,3679.2000,3679.4000,3679.6000,3680.0000,3681.4000,1,1,1,1,1,1,5,1,1,1
SF,IF2009,2020-04-28 09:33:34.700,3678.2000,20776,0,136955460.000,0,-,-,-,-,3678.0000,3676.8000,3676.4000,3676.0000,3675.2000,3679.0000,3679.2000,3679.4000,3679.6000,3680.0000,1,1,1,1,1,1,1,5,1,1
SF,IF2009,2020-04-28 09:33:35.200,3678.2000,20776,0,136955460.000,0,-,-,-,-,3678.2000,3678.0000,3676.8000,3676.4000,3676.0000,3679.2000,3679.4000,3679.6000,3680.0000,3681.4000,2,1,1,1,1,1,5,1,1,1
SF,IF2009,2020-04-28 09:33:35.700,3678.2000,20776,0,136955460.000,0,-,-,-,-,3678.0000,3676.8000,3676.4000,3676.0000,3675.2000,3679.2000,3679.4000,3679.6000,3680.0000,3681.4000,1,1,1,1,1,1,5,1,1,1
SF,IF2009,2020-04-28 09:33:36.200,3678.2000,20776,0,136955460.000,0,-,-,-,-,3678.2000,3678.0000,3676.8000,3676.4000,3676.0000,3679.2000,3679.4000,3679.6000,3680.0000,3681.4000,1,1,1,1,1,1,5,1,1,1
SF,IF2009,2020-04-28 09:33:37.200,3678.2000,20776,0,136955460.000,0,-,-,-,-,3678.2000,3676.8000,3676.4000,3676.0000,3675.2000,3679.2000,3679.4000,3679.6000,3680.0000,3681.4000,1,1,1,1,1,1,5,1,1,1
SF,IF2009,2020-04-28 09:33:38.200,3678.2000,20776,0,136955460.000,0,-,-,-,-,3678.2000,3676.8000,3676.4000,3676.0000,3675.2000,3679.2000,3679.4000,3679.6000,3680.0000,3681.4000,1,1,2,1,1,1,5,1,1,1
SF,IF2009,2020-04-28 09:33:39.700,3678.2000,20776,0,136955460.000,0,-,-,-,-,3678.4000,3678.2000,3676.8000,3676.4000,3676.0000,3679.2000,3679.4000,3679.6000,3680.0000,3681.4000,1,1,1,2,1,1,5,1,1,1
SF,IF2009,2020-04-28 09:33:40.200,3679.2000,20776,0,138059220.000,1,0,1,多换,S,3678.6000,3676.4000,3676.0000,3675.2000,3671.6000,3679.4000,3679.6000,3680.0000,3681.4000,3681.6000,2,2,1,1,2,5,1,1,1,1
SF,IF2009,2020-04-28 09:33:40.700,3679.2000,20776,0,138059220.000,0,-,-,-,-,3678.8000,3678.6000,3676.4000,3676.0000,3675.2000,3679.4000,3679.6000,3680.0000,3681.4000,3681.6000,1,1,2,1,1,5,1,1,1,1
SF,IF2009,2020-04-28 09:33:41.200,3679.4000,20775,-1,140266620.000,2,0,2,多平,S,3676.4000,3676.0000,3675.2000,3671.6000,3671.0000,3679.4000,3679.6000,3680.0000,3681.4000,3681.6000,2,1,1,2,1,4,1,1,1,1
SF,IF2009,2020-04-28 09:33:41.700,3679.4000,20775,0,141370440.000,1,0,1,多换,S,3677.4000,3677.0000,3676.8000,3676.6000,3676.4000,3679.4000,3679.6000,3680.0000,3681.4000,3681.6000,1,1,1,2,2,3,1,1,1,1
SF,IF2009,2020-04-28 09:33:42.200,3679.4000,20775,0,141370440.000,0,-,-,-,-,3677.6000,3677.4000,3677.0000,3676.8000,3676.4000,3679.4000,3679.6000,3680.0000,3681.4000,3681.6000,5,1,1,1,1,3,1,1,1,1
SF,IF2009,2020-04-28 09:33:42.700,3679.4000,20775,0,141370440.000,0,-,-,-,-,3677.8000,3677.6000,3677.4000,3677.0000,3676.8000,3679.2000,3679.4000,3679.6000,3680.0000,3681.4000,1,3,1,1,1,1,3,1,1,1
SF,IF2009,2020-04-28 09:33:43.200,3679.4000,20775,0,141370440.000,0,-,-,-,-,3678.0000,3677.6000,3677.4000,3677.0000,3676.8000,3679.4000,3679.6000,3680.0000,3681.4000,3681.6000,2,3,1,1,1,3,1,1,1,1
SF,IF2009,2020-04-28 09:33:43.700,3679.4000,20775,0,141370440.000,0,-,-,-,-,3678.2000,3678.0000,3677.6000,3677.4000,3677.0000,3679.4000,3679.6000,3680.0000,3681.4000,3681.6000,1,1,3,1,1,3,1,1,1,1
SF,IF2009,2020-04-28 09:33:44.200,3679.4000,20775,0,141370440.000,0,-,-,-,-,3678.4000,3677.6000,3677.4000,3677.0000,3676.8000,3679.2000,3679.4000,3679.6000,3680.0000,3681.4000,1,3,1,1,1,1,3,1,1,1
SF,IF2009,2020-04-28 09:33:44.700,3679.4000,20775,0,141370440.000,0,-,-,-,-,3678.8000,3678.6000,3677.6000,3677.4000,3677.0000,3679.4000,3679.6000,3680.0000,3681.4000,3681.6000,1,1,3,1,1,3,1,1,1,1
SF,IF2009,2020-04-28 09:33:45.200,3679.6000,20774,-1,145785780.000,4,1,3,多平,S,3679.0000,3678.8000,3677.6000,3677.4000,3677.0000,3680.0000,3681.4000,3681.6000,3682.2000,3683.6000,1,1,2,1,1,1,1,1,1,1
SF,IF2009,2020-04-28 09:33:45.700,3680.0000,20773,-1,146889780.000,1,0,1,双平,S,3679.2000,3678.8000,3677.6000,3677.4000,3677.0000,3681.4000,3681.6000,3682.2000,3683.6000,3684.8000,2,1,2,1,1,1,1,1,1,1
SF,IF2009,2020-04-28 09:33:46.200,3680.0000,20773,0,146889780.000,0,-,-,-,-,3679.4000,3679.2000,3678.8000,3677.6000,3677.4000,3681.2000,3681.6000,3682.2000,3683.6000,3684.8000,1,1,1,1,1,1,1,1,1,1
SF,IF2009,2020-04-28 09:33:46.700,3680.0000,20773,0,146889780.000,0,-,-,-,-,3679.6000,3679.4000,3678.8000,3677.6000,3677.4000,3680.0000,3681.0000,3681.2000,3681.6000,3682.2000,1,1,1,1,1,1,1,1,1,1
SF,IF2009,2020-04-28 09:33:47.200,3680.0000,20772,-1,147993780.000,1,0,1,双平,S,3680.0000,3678.8000,3677.6000,3677.4000,3676.8000,3681.2000,3681.6000,3682.2000,3683.6000,3684.8000,1,1,1,1,1,1,1,1,1,1
SF,IF2009,2020-04-28 09:33:47.700,3680.0000,20772,0,147993780.000,0,-,-,-,-,3678.8000,3677.6000,3677.4000,3676.8000,3676.0000,3681.0000,3681.2000,3681.6000,3682.2000,3683.6000,1,1,1,1,1,1,1,1,1,1
SF,IF2009,2020-04-28 09:33:48.200,3680.0000,20772,0,147993780.000,0,-,-,-,-,3679.2000,3679.0000,3678.8000,3677.6000,3677.4000,3681.6000,3682.2000,3683.6000,3684.8000,3685.0000,1,2,1,1,1,1,1,1,1,4
SF,IF2009,2020-04-28 09:33:48.700,3680.0000,20772,0,147993780.000,0,-,-,-,-,3679.4000,3679.2000,3678.8000,3677.4000,3676.8000,3681.4000,3681.6000,3682.2000,3683.6000,3684.8000,2,1,1,1,1,1,1,1,1,1
SF,IF2009,2020-04-28 09:33:49.200,3680.0000,20772,0,147993780.000,0,-,-,-,-,3679.6000,3679.4000,3679.2000,3678.8000,3677.4000,3681.2000,3681.4000,3681.6000,3682.2000,3683.6000,1,2,1,1,1,1,1,1,1,1
SF,IF2009,2020-04-28 09:33:49.700,3680.0000,20772,0,147993780.000,0,-,-,-,-,3679.8000,3679.4000,3679.2000,3678.8000,3677.4000,3680.0000,3681.0000,3681.6000,3682.2000,3683.6000,1,2,1,1,1,1,1,1,1,1
SF,IF2009,2020-04-28 09:33:50.200,3680.0000,20771,-1,149097780.000,1,0,1,双平,S,3680.0000,3679.4000,3678.8000,3677.4000,3676.8000,3681.0000,3681.6000,3682.2000,3683.6000,3684.8000,2,1,1,1,1,1,1,1,1,1
SF,IF2009,2020-04-28 09:33:50.700,3680.0000,20771,0,149097780.000,0,-,-,-,-,3679.4000,3678.8000,3677.4000,3676.8000,3676.0000,3681.0000,3681.6000,3682.2000,3683.6000,3684.8000,1,1,1,1,1,1,1,1,1,1
SF,IF2009,2020-04-28 09:33:51.200,3680.0000,20771,0,149097780.000,0,-,-,-,-,3679.6000,3679.4000,3678.8000,3677.4000,3676.8000,3681.6000,3682.2000,3683.6000,3684.0000,3684.8000,2,1,1,1,1,1,1,1,1,1
SF,IF2009,2020-04-28 09:33:51.700,3680.0000,20771,0,149097780.000,0,-,-,-,-,3679.8000,3679.4000,3678.8000,3677.4000,3676.8000,3681.4000,3681.6000,3682.2000,3683.6000,3684.0000,2,1,1,1,1,2,1,1,1,1
SF,IF2009,2020-04-28 09:33:52.200,3680.0000,20771,0,149097780.000,0,-,-,-,-,3679.8000,3679.4000,3678.8000,3677.4000,3676.8000,3681.2000,3681.4000,3681.6000,3682.2000,3683.6000,1,1,1,1,1,1,1,1,1,1
SF,IF2009,2020-04-28 09:33:52.700,3680.0000,20771,0,149097780.000,0,-,-,-,-,3679.4000,3678.8000,3677.4000,3676.8000,3676.0000,3681.0000,3681.6000,3682.2000,3683.6000,3684.0000,1,1,1,1,1,2,1,1,1,1
SF,IF2009,2020-04-28 09:33:53.200,3680.0000,20771,0,149097780.000,0,-,-,-,-,3679.6000,3679.4000,3678.8000,3677.4000,3676.8000,3680.8000,3681.6000,3682.2000,3683.6000,3684.0000,1,1,1,1,1,1,1,1,1,1
SF,IF2009,2020-04-28 09:33:53.700,3680.0000,20771,0,149097780.000,0,-,-,-,-,3679.4000,3678.8000,3677.4000,3676.8000,3676.0000,3680.6000,3681.6000,3682.2000,3683.6000,3684.0000,1,1,1,1,1,2,1,1,1,1
SF,IF2009,2020-04-28 09:33:54.200,3679.4000,20770,-1,150201600.000,1,0,1,双平,S,3678.8000,3677.4000,3676.8000,3676.0000,3675.2000,3680.4000,3680.6000,3681.6000,3682.2000,3683.6000,1,1,1,1,2,1,1,1,1,1
SF,IF2009,2020-04-28 09:33:54.700,3679.4000,20770,0,150201600.000,0,-,-,-,-,3677.4000,3676.8000,3676.0000,3675.2000,3671.6000,3680.2000,3681.6000,3682.2000,3683.6000,3684.0000,1,1,1,2,2,3,1,1,1,1
SF,IF2009,2020-04-28 09:33:55.200,3679.4000,20770,0,150201600.000,0,-,-,-,-,3677.6000,3677.4000,3676.8000,3676.0000,3675.2000,3681.6000,3682.2000,3683.6000,3684.0000,3684.8000,2,1,1,1,2,1,1,1,1,1
SF,IF2009,2020-04-28 09:33:55.700,3679.4000,20770,0,150201600.000,0,-,-,-,-,3677.8000,3677.6000,3677.4000,3676.8000,3676.0000,3681.0000,3681.4000,3681.6000,3682.2000,3683.6000,1,1,1,1,1,1,3,1,1,1
SF,IF2009,2020-04-28 09:33:56.200,3679.4000,20770,0,150201600.000,0,-,-,-,-,3678.0000,3677.8000,3677.4000,3676.8000,3676.0000,3680.8000,3681.0000,3681.4000,3681.6000,3682.2000,2,1,1,1,1,1,1,1,1,1
SF,IF2009,2020-04-28 09:33:56.700,3679.4000,20770,0,150201600.000,0,-,-,-,-,3678.0000,3677.8000,3677.4000,3676.8000,3676.0000,3680.8000,3681.0000,3681.4000,3681.6000,3682.2000,2,1,1,1,1,1,1,1,1,1
SF,IF2009,2020-04-28 09:33:57.200,3679.4000,20770,0,150201600.000,0,-,-,-,-,3678.2000,3678.0000,3677.4000,3676.8000,3676.0000,3680.8000,3681.0000,3681.4000,3681.6000,3682.2000,1,2,1,1,1,1,1,1,1,1
SF,IF2009,2020-04-28 09:33:57.700,3679.4000,20770,0,150201600.000,0,-,-,-,-,3678.4000,3677.4000,3676.8000,3676.0000,3675.2000,3680.6000,3680.8000,3681.0000,3681.4000,3681.6000,1,1,1,1,2,1,1,1,1,1
SF,IF2009,2020-04-28 09:33:59.200,3679.4000,20770,0,150201600.000,0,-,-,-,-,3678.6000,3678.4000,3677.4000,3676.8000,3676.0000,3680.8000,3681.0000,3681.4000,3681.6000,3682.2000,1,1,1,1,1,1,1,1,1,1
SF,IF2009,2020-04-28 09:33:59.700,3679.4000,20770,0,150201600.000,0,-,-,-,-,3678.8000,3677.4000,3676.8000,3676.0000,3675.2000,3680.6000,3680.8000,3681.0000,3681.4000,3681.6000,1,1,1,1,2,1,1,1,1,1
SF,IF2009,2020-04-28 09:34:00.200,3679.4000,20770,0,150201600.000,0,-,-,-,-,3678.8000,3677.4000,3676.8000,3676.0000,3675.2000,3680.4000,3680.6000,3681.0000,3681.4000,3681.6000,1,1,1,1,2,2,1,1,1,1
SF,IF2009,2020-04-28 09:34:00.700,3679.4000,20770,0,150201600.000,0,-,-,-,-,3678.8000,3677.4000,3676.8000,3676.0000,3675.2000,3680.2000,3680.4000,3681.0000,3681.4000,3681.6000,1,1,1,1,2,2,1,1,1,1
SF,IF2009,2020-04-28 09:34:01.200,3679.4000,20770,0,150201600.000,0,-,-,-,-,3676.8000,3676.0000,3675.2000,3671.6000,3671.0000,3680.0000,3680.2000,3680.4000,3681.0000,3681.6000,1,1,2,2,1,2,1,1,1,1
SF,IF2009,2020-04-28 09:34:01.700,3679.4000,20770,0,150201600.000,0,-,-,-,-,3677.0000,3676.8000,3676.0000,3675.2000,3671.6000,3679.8000,3681.0000,3681.6000,3682.2000,3683.6000,2,1,1,2,2,1,1,1,1,1
SF,IF2009,2020-04-28 09:34:02.200,3679.4000,20770,0,150201600.000,0,-,-,-,-,3677.2000,3677.0000,3676.8000,3676.0000,3675.2000,3681.0000,3681.6000,3682.2000,3683.6000,3684.0000,1,2,1,1,2,1,1,1,1,1
SF,IF2009,2020-04-28 09:34:02.700,3679.4000,20770,0,150201600.000,0,-,-,-,-,3677.4000,3677.2000,3676.8000,3676.0000,3675.2000,3680.8000,3681.0000,3681.6000,3682.2000,3683.6000,1,1,1,1,2,3,1,1,1,1
SF,IF2009,2020-04-28 09:34:04.200,3680.8000,20770,0,151305840.000,1,0,1,多换,S,3677.4000,3677.2000,3676.8000,3676.0000,3675.2000,3680.8000,3681.0000,3681.6000,3682.2000,3683.6000,1,1,1,1,2,2,1,1,1,1
SF,IF2009,2020-04-28 09:34:04.700,3680.8000,20770,0,151305840.000,0,-,-,-,-,3677.6000,3677.4000,3676.8000,3676.0000,3675.2000,3680.2000,3680.8000,3681.0000,3681.6000,3682.2000,2,2,1,1,2,1,1,1,1,1
SF,IF2009,2020-04-28 09:34:05.200,3680.8000,20770,0,151305840.000,0,-,-,-,-,3677.8000,3677.6000,3677.4000,3676.8000,3676.0000,3680.2000,3680.8000,3681.0000,3681.6000,3682.2000,1,2,1,1,1,1,1,1,1,1
SF,IF2009,2020-04-28 09:34:05.700,3680.8000,20770,0,151305840.000,0,-,-,-,-,3678.0000,3677.8000,3677.4000,3676.8000,3676.0000,3680.2000,3680.8000,3681.0000,3681.6000,3682.2000,1,1,1,1,1,1,1,1,1,1
SF,IF2009,2020-04-28 09:34:06.200,3680.8000,20770,0,151305840.000,0,-,-,-,-,3678.2000,3678.0000,3677.4000,3676.8000,3676.0000,3680.2000,3680.8000,3681.0000,3681.6000,3682.2000,1,1,1,1,1,1,1,1,1,1
SF,IF2009,2020-04-28 09:34:06.700,3680.8000,20770,0,151305840.000,0,-,-,-,-,3678.4000,3678.2000,3676.8000,3676.0000,3675.2000,3680.0000,3680.2000,3680.8000,3681.0000,3681.6000,1,1,1,1,2,1,1,1,1,1
SF,IF2009,2020-04-28 09:34:07.200,3680.8000,20770,0,151305840.000,0,-,-,-,-,3678.2000,3676.8000,3676.0000,3675.2000,3671.6000,3679.8000,3680.0000,3680.2000,3680.8000,3681.0000,1,1,1,2,2,1,1,1,1,1
SF,IF2009,2020-04-28 09:34:07.700,3680.8000,20770,0,151305840.000,0,-,-,-,-,3678.4000,3678.2000,3676.8000,3676.0000,3675.2000,3680.2000,3680.8000,3681.0000,3681.6000,3682.2000,2,1,1,1,2,1,1,1,1,1
SF,IF2009,2020-04-28 09:34:08.200,3680.8000,20770,0,151305840.000,0,-,-,-,-,3678.6000,3678.4000,3678.2000,3676.8000,3676.0000,3680.2000,3680.8000,3681.0000,3681.6000,3682.2000,1,1,1,1,1,1,1,1,1,1
SF,IF2009,2020-04-28 09:34:08.700,3680.8000,20770,0,151305840.000,0,-,-,-,-,3678.8000,3678.2000,3676.8000,3676.0000,3675.2000,3680.8000,3681.0000,3681.6000,3682.2000,3683.6000,2,1,1,1,2,1,1,1,1,1
SF,IF2009,2020-04-28 09:34:09.200,3680.8000,20770,0,151305840.000,0,-,-,-,-,3679.0000,3676.8000,3676.0000,3675.2000,3671.6000,3680.6000,3681.0000,3681.6000,3682.2000,3683.6000,2,1,1,2,2,1,1,1,1,1
SF,IF2009,2020-04-28 09:34:09.700,3680.8000,20770,0,151305840.000,0,-,-,-,-,3679.8000,3679.0000,3676.8000,3676.2000,3676.0000,3680.4000,3680.6000,3681.0000,3681.6000,3682.2000,1,1,1,1,1,1,1,1,1,1
SF,IF2009,2020-04-28 09:34:10.200,3679.8000,20770,0,152409780.000,1,0,1,多换,S,3676.8000,3676.2000,3676.0000,3675.2000,3671.6000,3681.0000,3681.6000,3682.2000,3683.6000,3684.0000,1,1,1,2,2,1,1,1,1,1
SF,IF2009,2020-04-28 09:34:10.700,3679.8000,20770,0,152409780.000,0,-,-,-,-,3677.4000,3677.0000,3676.8000,3676.2000,3676.0000,3681.0000,3681.6000,3682.2000,3683.6000,3684.0000,1,5,1,1,1,1,1,1,1,1
SF,IF2009,2020-04-28 09:34:11.200,3679.8000,20770,0,152409780.000,0,-,-,-,-,3677.6000,3677.4000,3677.0000,3676.8000,3676.2000,3681.0000,3681.6000,3682.2000,3683.6000,3684.0000,4,1,1,1,1,1,1,1,1,2
SF,IF2009,2020-04-28 09:34:12.700,3679.8000,20770,0,152409780.000,0,-,-,-,-,3677.6000,3677.4000,3677.0000,3676.8000,3676.2000,3681.0000,3681.6000,3682.2000,3683.0000,3683.6000,4,1,1,1,1,1,1,1,1,1
SF,IF2009,2020-04-28 09:34:13.200,3679.8000,20770,0,152409780.000,0,-,-,-,-,3677.6000,3677.4000,3677.0000,3676.8000,3676.2000,3681.0000,3681.6000,3682.2000,3683.0000,3683.6000,4,1,1,1,1,1,1,1,1,1
SF,IF2009,2020-04-28 09:34:13.700,3679.8000,20770,0,152409780.000,0,-,-,-,-,3677.6000,3677.4000,3677.0000,3676.8000,3676.2000,3680.8000,3681.0000,3681.6000,3682.2000,3683.0000,3,1,1,1,1,1,1,1,1,1
SF,IF2009,2020-04-28 09:34:14.700,3679.8000,20770,0,152409780.000,0,-,-,-,-,3677.8000,3677.6000,3677.4000,3677.0000,3676.8000,3681.0000,3681.6000,3682.2000,3683.0000,3683.6000,1,3,1,1,1,1,1,1,1,1
SF,IF2009,2020-04-28 09:34:15.200,3679.8000,20770,0,152409780.000,0,-,-,-,-,3678.0000,3677.6000,3677.4000,3677.0000,3676.8000,3680.8000,3681.0000,3681.6000,3682.2000,3683.0000,2,1,1,1,1,1,1,1,1,1
SF,IF2009,2020-04-28 09:34:15.700,3679.8000,20770,0,152409780.000,0,-,-,-,-,3678.8000,3678.2000,3678.0000,3677.6000,3677.4000,3681.0000,3681.6000,3682.2000,3683.0000,3683.6000,1,1,2,1,1,1,1,1,1,1
SF,IF2009,2020-04-28 09:34:16.200,3679.8000,20770,0,152409780.000,0,-,-,-,-,3679.0000,3678.0000,3677.6000,3677.4000,3677.0000,3680.8000,3681.6000,3682.2000,3683.0000,3683.6000,1,1,1,1,1,1,1,1,1,1
SF,IF2009,2020-04-28 09:34:16.700,3679.8000,20770,0,152409780.000,0,-,-,-,-,3679.2000,3679.0000,3678.8000,3678.0000,3677.6000,3680.8000,3681.6000,3682.2000,3683.0000,3683.6000,1,1,1,1,1,1,1,1,1,1
SF,IF2009,2020-04-28 09:34:17.200,3679.8000,20770,0,152409780.000,0,-,-,-,-,3679.4000,3679.0000,3678.8000,3678.0000,3677.6000,3681.6000,3682.2000,3683.0000,3683.6000,3684.0000,2,1,1,1,1,1,1,1,1,1
SF,IF2009,2020-04-28 09:34:17.700,3679.8000,20770,0,152409780.000,0,-,-,-,-,3679.6000,3678.8000,3678.0000,3677.6000,3677.4000,3681.4000,3681.6000,3682.2000,3683.0000,3683.6000,1,1,1,1,1,1,1,1,1,1
SF,IF2009,2020-04-28 09:34:18.200,3679.8000,20770,0,152409780.000,0,-,-,-,-,3679.8000,3679.6000,3678.8000,3678.0000,3677.6000,3681.2000,3681.4000,3681.6000,3682.2000,3683.0000,1,1,1,1,1,1,1,1,1,1
SF,IF2009,2020-04-28 09:34:18.700,3679.8000,20770,0,152409780.000,0,-,-,-,-,3680.0000,3679.6000,3678.8000,3678.0000,3677.6000,3681.6000,3682.2000,3683.0000,3683.6000,3684.0000,1,1,1,1,1,1,1,1,1,1
SF,IF2009,2020-04-28 09:34:19.200,3679.8000,20770,0,152409780.000,0,-,-,-,-,3679.6000,3678.8000,3678.0000,3677.6000,3677.4000,3681.4000,3681.6000,3682.2000,3683.0000,3683.6000,1,1,1,1,1,2,1,1,1,1
SF,IF2009,2020-04-28 09:34:19.700,3679.8000,20770,0,152409780.000,0,-,-,-,-,3679.8000,3679.6000,3678.8000,3678.0000,3677.6000,3681.2000,3681.6000,3682.2000,3683.0000,3683.6000,2,1,1,1,1,1,1,1,1,1
SF,IF2009,2020-04-28 09:34:20.200,3679.8000,20770,0,152409780.000,0,-,-,-,-,3679.8000,3679.6000,3678.8000,3678.0000,3677.6000,3681.0000,3681.6000,3682.2000,3683.0000,3683.6000,1,1,1,1,1,1,1,1,1,1
SF,IF2009,2020-04-28 09:34:20.700,3679.8000,20770,0,152409780.000,0,-,-,-,-,3678.8000,3678.0000,3677.6000,3677.4000,3677.0000,3681.0000,3681.6000,3682.2000,3683.0000,3683.6000,1,1,1,1,1,1,1,1,1,1
SF,IF2009,2020-04-28 09:34:21.200,3679.8000,20770,0,152409780.000,0,-,-,-,-,3679.2000,3679.0000,3678.8000,3678.0000,3677.6000,3681.6000,3682.2000,3683.0000,3683.6000,3684.0000,1,2,1,1,1,1,1,1,1,1
SF,IF2009,2020-04-28 09:34:21.700,3679.8000,20770,0,152409780.000,0,-,-,-,-,3679.4000,3679.2000,3678.8000,3677.6000,3677.4000,3681.6000,3682.2000,3683.0000,3683.6000,3684.0000,3,1,1,1,1,1,1,1,1,1
SF,IF2009,2020-04-28 09:34:22.200,3679.8000,20770,0,152409780.000,0,-,-,-,-,3679.4000,3679.2000,3678.8000,3677.6000,3677.4000,3681.4000,3681.6000,3682.2000,3683.0000,3683.6000,1,1,1,1,1,1,1,1,1,1
SF,IF2009,2020-04-28 09:34:22.700,3681.4000,20769,-1,153514200.000,1,0,1,双平,S,3679.6000,3679.4000,3679.2000,3678.8000,3677.4000,3681.6000,3682.2000,3683.0000,3683.6000,3684.0000,3,1,1,1,1,1,1,1,1,1
SF,IF2009,2020-04-28 09:34:23.200,3681.4000,20769,0,153514200.000,0,-,-,-,-,3679.8000,3679.6000,3679.2000,3678.8000,3677.4000,3681.6000,3682.2000,3683.0000,3683.6000,3684.0000,3,2,1,1,1,1,1,1,1,1
SF,IF2009,2020-04-28 09:34:23.700,3681.4000,20769,0,153514200.000,0,-,-,-,-,3680.0000,3679.8000,3679.6000,3679.2000,3678.8000,3681.6000,3682.2000,3683.0000,3683.6000,3684.0000,2,2,1,1,1,1,1,1,1,1
SF,IF2009,2020-04-28 09:34:24.200,3681.4000,20769,0,153514200.000,0,-,-,-,-,3680.2000,3680.0000,3679.8000,3679.6000,3679.2000,3681.6000,3682.2000,3683.0000,3683.6000,3684.0000,2,2,1,1,1,1,1,1,1,1
SF,IF2009,2020-04-28 09:34:24.700,3681.6000,20768,-1,154618680.000,1,0,1,双平,S,3680.4000,3680.2000,3680.0000,3679.8000,3679.6000,3682.2000,3683.0000,3683.6000,3684.0000,3684.8000,2,1,1,1,1,1,1,1,1,1
SF,IF2009,2020-04-28 09:34:25.200,3681.6000,20768,0,154618680.000,0,-,-,-,-,3680.6000,3680.2000,3679.8000,3679.2000,3678.8000,3682.2000,3683.0000,3683.6000,3684.0000,3684.8000,1,1,1,1,1,1,1,1,1,1
SF,IF2009,2020-04-28 09:34:25.700,3681.6000,20768,0,154618680.000,0,-,-,-,-,3680.8000,3680.2000,3679.8000,3679.2000,3678.8000,3682.2000,3683.0000,3683.6000,3684.0000,3684.8000,1,1,1,1,1,1,1,1,1,1
SF,IF2009,2020-04-28 09:34:26.200,3681.6000,20768,0,154618680.000,0,-,-,-,-,3680.2000,3679.8000,3679.2000,3678.8000,3677.4000,3682.0000,3682.2000,3683.0000,3683.6000,3684.0000,1,1,1,1,1,1,1,1,1,1
SF,IF2009,2020-04-28 09:34:26.700,3681.6000,20768,0,154618680.000,0,-,-,-,-,3680.4000,3680.0000,3679.8000,3679.2000,3678.8000,3682.2000,3683.0000,3683.6000,3684.0000,3684.8000,2,1,1,1,1,1,1,1,1,1
SF,IF2009,2020-04-28 09:34:27.200,3681.6000,20768,0,154618680.000,0,-,-,-,-,3680.6000,3680.4000,3680.0000,3679.8000,3679.2000,3682.2000,3683.0000,3683.6000,3684.0000,3684.8000,1,1,1,1,1,1,1,1,1,1
SF,IF2009,2020-04-28 09:34:27.700,3681.6000,20768,0,154618680.000,0,-,-,-,-,3680.8000,3680.0000,3679.8000,3679.2000,3678.8000,3682.2000,3683.0000,3683.6000,3684.0000,3684.8000,1,1,1,1,1,1,1,1,1,1
SF,IF2009,2020-04-28 09:34:28.200,3681.6000,20768,0,154618680.000,0,-,-,-,-,3679.8000,3679.2000,3678.8000,3677.4000,3677.0000,3682.2000,3683.0000,3683.6000,3684.0000,3684.8000,1,1,1,1,1,1,1,1,1,1
SF,IF2009,2020-04-28 09:34:28.700,3681.6000,20768,0,154618680.000,0,-,-,-,-,3680.0000,3679.8000,3679.2000,3678.8000,3677.4000,3682.2000,3683.0000,3683.6000,3684.0000,3684.8000,4,1,1,1,1,1,1,1,1,1
SF,IF2009,2020-04-28 09:34:29.200,3681.6000,20768,0,154618680.000,0,-,-,-,-,3680.2000,3680.0000,3679.2000,3678.8000,3677.4000,3682.2000,3683.0000,3683.6000,3684.0000,3684.8000,1,4,1,1,1,1,1,1,1,1
SF,IF2009,2020-04-28 09:34:29.700,3681.6000,20768,0,154618680.000,0,-,-,-,-,3680.4000,3680.2000,3680.0000,3679.2000,3678.8000,3682.2000,3683.0000,3683.6000,3684.0000,3684.8000,1,1,1,1,1,1,1,1,1,1
SF,IF2009,2020-04-28 09:34:30.200,3681.6000,20768,0,154618680.000,0,-,-,-,-,3680.6000,3680.2000,3680.0000,3679.2000,3678.8000,3682.0000,3682.2000,3683.0000,3683.6000,3684.0000,1,1,1,1,1,1,1,1,1,1
SF,IF2009,2020-04-28 09:34:30.700,3681.6000,20768,0,154618680.000,0,-,-,-,-,3680.2000,3680.0000,3679.2000,3678.8000,3677.4000,3681.8000,3682.2000,3683.0000,3683.6000,3684.0000,1,2,1,1,1,1,1,1,1,1
SF,IF2009,2020-04-28 09:34:31.200,3680.4000,20767,-1,156826920.000,2,0,2,多平,S,3680.2000,3680.0000,3679.2000,3678.8000,3677.4000,3681.6000,3681.8000,3682.2000,3683.0000,3683.6000,1,2,1,1,1,1,1,1,1,1
