市场代码,合约代码,时间,最新,持仓,增仓,成交额,成交量,开仓,平仓,成交类型,方向,买一价,买二价,买三价,买四价,买五价,卖一价,卖二价,卖三价,卖四价,卖五价,买一量,买二量,买三量,买四量,买五量,卖一量,卖二量,卖三量,卖四量,卖五量
SF,IF2008,2020-06-24 09:29:00.400,4049.2000,1354,0,1214760.000,1.000,-,-,-,-,4049.0000,4048.8000,4048.6000,4047.0000,4045.6000,4059.0000,4061.0000,4064.0000,4065.0000,4065.4000,3,1,1,1,1,1,1,5,1,1
SF,IF2008,2020-06-24 09:30:00.400,4059.0000,1354,0,2432460.000,1,0,1,多换,S,4049.8000,4049.6000,4049.2000,4049.0000,4048.6000,4058.8000,4061.0000,4064.0000,4065.0000,4065.6000,1,1,1,3,1,3,1,5,1,2
SF,IF2008,2020-06-24 09:30:00.900,4059.0000,1354,0,2432460.000,0,-,-,-,-,4053.6000,4050.0000,4049.8000,4049.6000,4049.2000,4058.6000,4058.8000,4061.0000,4065.6000,4066.4000,1,1,1,1,2,2,3,1,2,1
SF,IF2008,2020-06-24 09:30:01.400,4059.0000,1354,0,2432460.000,0,-,-,-,-,4053.8000,4053.6000,4052.8000,4050.4000,4049.8000,4058.4000,4058.6000,4058.8000,4061.0000,4065.6000,1,1,1,3,1,1,1,1,1,2
SF,IF2008,2020-06-24 09:30:01.900,4059.0000,1354,0,2432460.000,0,-,-,-,-,4054.0000,4053.8000,4053.6000,4052.8000,4050.4000,4058.2000,4058.4000,4058.8000,4061.0000,4065.6000,1,1,1,1,2,1,1,1,1,2
SF,IF2008,2020-06-24 09:30:02.400,4054.0000,1352,-2,4864920.000,2,0,2,双平,S,4053.6000,4052.8000,4050.4000,4049.2000,4048.6000,4058.0000,4058.2000,4061.0000,4066.4000,4067.6000,1,1,2,1,1,2,1,1,1,1
SF,IF2008,2020-06-24 09:30:02.900,4054.0000,1352,0,4864920.000,0,-,-,-,-,4053.8000,4053.6000,4052.8000,4050.4000,4049.2000,4057.8000,4058.0000,4061.0000,4066.4000,4067.6000,2,1,1,2,1,1,2,1,1,1
SF,IF2008,2020-06-24 09:30:03.400,4054.0000,1352,0,4864920.000,0,-,-,-,-,4053.8000,4053.6000,4052.8000,4050.4000,4049.2000,4057.6000,4057.8000,4061.0000,4066.4000,4067.6000,2,1,1,2,1,2,1,1,1,1
SF,IF2008,2020-06-24 09:30:03.900,4054.0000,1352,0,4864920.000,0,-,-,-,-,4054.0000,4053.8000,4053.6000,4052.8000,4049.2000,4057.4000,4057.6000,4061.0000,4066.4000,4067.6000,2,1,1,1,1,1,3,1,1,1
SF,IF2008,2020-06-24 09:30:04.400,4054.0000,1352,0,4864920.000,0,-,-,-,-,4054.2000,4054.0000,4053.6000,4052.8000,4049.2000,4057.2000,4057.4000,4058.0000,4061.0000,4066.4000,1,2,1,1,1,2,1,1,1,1
SF,IF2008,2020-06-24 09:30:04.900,4054.0000,1352,0,4864920.000,0,-,-,-,-,4054.2000,4053.6000,4052.8000,4049.2000,4048.6000,4057.0000,4057.2000,4058.0000,4059.2000,4061.0000,2,1,1,1,1,1,2,1,1,1
SF,IF2008,2020-06-24 09:30:05.400,4054.0000,1352,0,4864920.000,0,-,-,-,-,4054.2000,4053.6000,4052.8000,4049.2000,4048.6000,4056.8000,4057.0000,4058.0000,4061.0000,4065.0000,2,1,1,1,1,3,1,1,1,1
SF,IF2008,2020-06-24 09:30:05.900,4054.0000,1352,0,4864920.000,0,-,-,-,-,4054.2000,4053.6000,4052.8000,4049.2000,4048.6000,4056.6000,4056.8000,4058.0000,4061.0000,4065.0000,2,1,1,1,1,1,2,1,1,1
SF,IF2008,2020-06-24 09:30:06.400,4054.0000,1352,0,4864920.000,0,-,-,-,-,4054.2000,4053.6000,4052.8000,4049.2000,4048.6000,4056.4000,4056.8000,4058.0000,4061.0000,4065.0000,2,1,1,1,1,1,1,1,1,1
SF,IF2008,2020-06-24 09:30:06.900,4056.4000,1351,-1,6081840.000,1,0,1,双平,S,4056.6000,4054.2000,4053.6000,4052.8000,4049.2000,4056.8000,4058.0000,4061.0000,4065.0000,4066.4000,1,2,1,1,1,1,1,1,1,1
SF,IF2008,2020-06-24 09:30:07.400,4056.6000,1349,-2,8515860.000,2,0,2,双平,S,4054.2000,4053.6000,4052.8000,4049.2000,4048.6000,4056.4000,4058.0000,4061.0000,4065.0000,4066.4000,2,1,1,1,1,1,1,1,1,1
SF,IF2008,2020-06-24 09:30:07.900,4056.6000,1349,0,8515860.000,0,-,-,-,-,4054.2000,4053.6000,4052.8000,4049.2000,4048.6000,4058.0000,4061.0000,4065.0000,4066.4000,4067.6000,2,1,1,1,1,1,1,1,1,1
SF,IF2008,2020-06-24 09:30:08.400,4056.6000,1349,0,8515860.000,0,-,-,-,-,4054.4000,4054.2000,4053.6000,4052.8000,4049.2000,4057.8000,4058.0000,4061.0000,4065.0000,4066.4000,3,2,1,1,1,1,1,1,1,1
SF,IF2008,2020-06-24 09:30:08.900,4056.6000,1349,0,8515860.000,0,-,-,-,-,4054.6000,4054.4000,4054.2000,4053.6000,4050.0000,4057.8000,4058.0000,4061.0000,4065.0000,4066.4000,1,3,1,1,1,1,1,1,1,1
SF,IF2008,2020-06-24 09:30:09.400,4056.6000,1349,0,8515860.000,0,-,-,-,-,4054.8000,4054.6000,4054.4000,4054.2000,4053.6000,4057.8000,4058.0000,4061.0000,4065.0000,4066.4000,2,1,1,1,1,1,1,1,1,1
SF,IF2008,2020-06-24 09:30:09.900,4056.6000,1349,0,8515860.000,0,-,-,-,-,4055.0000,4054.8000,4054.4000,4054.2000,4053.6000,4057.8000,4058.0000,4061.0000,4065.0000,4066.4000,2,2,1,1,1,1,1,1,1,1
SF,IF2008,2020-06-24 09:30:10.400,4058.0000,1349,0,9733260.000,1,0,1,多换,S,4055.2000,4055.0000,4054.4000,4054.2000,4053.6000,4061.0000,4065.0000,4066.4000,4067.6000,4068.6000,1,2,1,1,1,1,1,1,1,1
SF,IF2008,2020-06-24 09:30:10.900,4058.0000,1349,0,9733260.000,0,-,-,-,-,4055.4000,4055.2000,4054.2000,4053.6000,4050.8000,4060.8000,4061.0000,4065.0000,4066.4000,4067.6000,1,1,1,1,1,2,1,1,1,1
SF,IF2008,2020-06-24 09:30:11.400,4060.6000,1350,1,10951440.000,1,1,0,双开,S,4055.6000,4055.4000,4054.2000,4053.6000,4050.8000,4060.8000,4061.0000,4061.2000,4065.0000,4066.4000,1,1,1,1,1,1,1,2,1,1
SF,IF2008,2020-06-24 09:30:11.900,4060.6000,1350,0,10951440.000,0,-,-,-,-,4056.0000,4055.8000,4055.6000,4055.4000,4054.2000,4060.6000,4060.8000,4061.0000,4065.0000,4066.4000,1,1,1,1,1,1,1,1,1,1
SF,IF2008,2020-06-24 09:30:12.400,4056.2000,1350,0,12168300.000,1,0,1,多换,S,4056.2000,4056.0000,4055.4000,4054.2000,4053.8000,4060.4000,4060.6000,4061.0000,4065.0000,4066.4000,1,1,1,1,1,1,1,1,1,1
SF,IF2008,2020-06-24 09:30:12.900,4056.2000,1350,0,12168300.000,0,-,-,-,-,4056.4000,4056.2000,4056.0000,4055.4000,4054.2000,4060.2000,4060.4000,4061.0000,4065.0000,4066.4000,2,1,1,1,1,1,2,1,1,1
SF,IF2008,2020-06-24 09:30:13.400,4056.2000,1350,0,12168300.000,0,-,-,-,-,4056.6000,4056.4000,4056.0000,4055.4000,4054.2000,4060.0000,4060.2000,4060.4000,4061.0000,4065.0000,4,2,1,1,1,1,1,1,1,1
SF,IF2008,2020-06-24 09:30:13.900,4056.2000,1350,0,12168300.000,0,-,-,-,-,4057.0000,4056.8000,4056.6000,4055.4000,4054.2000,4060.0000,4060.4000,4061.0000,4065.0000,4066.4000,1,2,6,1,1,1,1,1,1,1
SF,IF2008,2020-06-24 09:30:14.400,4056.2000,1350,0,12168300.000,0,-,-,-,-,4057.6000,4057.2000,4057.0000,4056.8000,4056.6000,4060.0000,4060.4000,4060.6000,4061.0000,4065.0000,1,2,1,2,4,1,1,1,1,1
SF,IF2008,2020-06-24 09:30:14.900,4056.2000,1350,0,12168300.000,0,-,-,-,-,4057.6000,4057.2000,4057.0000,4056.6000,4055.4000,4059.8000,4060.0000,4060.6000,4061.0000,4065.0000,1,1,1,2,1,1,1,1,1,1
SF,IF2008,2020-06-24 09:30:15.400,4056.2000,1350,0,12168300.000,0,-,-,-,-,4057.6000,4057.2000,4057.0000,4056.6000,4055.4000,4059.6000,4059.8000,4060.6000,4061.0000,4065.0000,1,1,1,2,1,1,1,1,1,1
SF,IF2008,2020-06-24 09:30:15.900,4056.2000,1350,0,12168300.000,0,-,-,-,-,4057.6000,4057.0000,4056.6000,4055.4000,4055.2000,4059.6000,4059.8000,4060.6000,4061.0000,4065.0000,1,1,2,1,1,1,1,1,1,1
SF,IF2008,2020-06-24 09:30:16.400,4056.2000,1350,0,12168300.000,0,-,-,-,-,4057.0000,4056.6000,4055.4000,4055.2000,4054.2000,4059.4000,4059.6000,4059.8000,4060.6000,4061.0000,1,2,1,1,1,1,1,1,1,1
SF,IF2008,2020-06-24 09:30:16.900,4056.2000,1350,0,12168300.000,0,-,-,-,-,4056.6000,4055.4000,4055.2000,4054.2000,4053.6000,4059.2000,4059.4000,4060.6000,4061.0000,4065.0000,1,1,1,1,1,1,1,1,1,1
SF,IF2008,2020-06-24 09:30:17.400,4056.2000,1350,0,12168300.000,0,-,-,-,-,4056.8000,4056.6000,4055.4000,4055.2000,4054.2000,4059.0000,4059.2000,4059.4000,4060.6000,4061.0000,1,1,1,1,1,1,2,1,2,1
SF,IF2008,2020-06-24 09:30:17.900,4056.2000,1350,0,12168300.000,0,-,-,-,-,4056.6000,4055.4000,4055.2000,4054.2000,4053.6000,4058.8000,4059.0000,4059.2000,4060.6000,4061.0000,1,1,1,1,1,1,2,1,2,1
SF,IF2008,2020-06-24 09:30:18.400,4056.2000,1350,0,12168300.000,0,-,-,-,-,4056.8000,4056.6000,4055.4000,4055.2000,4054.2000,4058.8000,4059.0000,4059.2000,4060.6000,4061.0000,2,1,1,1,1,1,1,1,2,1
SF,IF2008,2020-06-24 09:30:18.900,4056.2000,1350,0,12168300.000,0,-,-,-,-,4056.8000,4056.6000,4055.4000,4055.2000,4054.2000,4058.8000,4059.0000,4060.6000,4061.0000,4066.4000,1,1,1,1,1,1,1,1,1,1
SF,IF2008,2020-06-24 09:30:19.400,4056.2000,1350,0,12168300.000,0,-,-,-,-,4056.8000,4056.6000,4055.2000,4054.2000,4053.6000,4058.8000,4059.0000,4060.6000,4061.0000,4066.4000,1,2,1,1,1,1,1,1,1,1
SF,IF2008,2020-06-24 09:30:19.900,4056.2000,1350,0,12168300.000,0,-,-,-,-,4056.8000,4056.6000,4055.2000,4054.2000,4053.6000,4058.8000,4059.0000,4060.6000,4061.0000,4066.4000,1,2,1,1,1,1,1,1,1,1
SF,IF2008,2020-06-24 09:30:20.400,4056.2000,1350,0,12168300.000,0,-,-,-,-,4056.8000,4056.6000,4055.2000,4053.6000,4050.0000,4058.8000,4059.0000,4060.6000,4061.0000,4066.4000,1,2,1,1,1,1,1,1,1,1
SF,IF2008,2020-06-24 09:30:20.900,4056.8000,1350,0,13385340.000,1,0,1,多换,S,4056.6000,4053.6000,4053.2000,4050.0000,4049.2000,4058.6000,4058.8000,4059.0000,4060.6000,4061.0000,1,1,1,1,1,1,1,1,1,1
SF,IF2008,2020-06-24 09:30:21.400,4058.4000,1350,0,15819840.000,2,1,1,多换,S,4053.6000,4053.2000,4050.0000,4049.2000,4048.6000,4058.6000,4059.0000,4060.6000,4061.0000,4066.4000,1,1,1,1,1,1,1,1,1,1
SF,IF2008,2020-06-24 09:30:21.900,4058.4000,1350,0,15819840.000,0,-,-,-,-,4053.8000,4053.6000,4053.2000,4050.0000,4049.2000,4058.4000,4060.6000,4061.0000,4067.6000,4068.6000,1,1,1,1,1,2,1,1,1,1
SF,IF2008,2020-06-24 09:30:22.400,4058.4000,1350,0,15819840.000,0,-,-,-,-,4053.8000,4053.6000,4053.2000,4050.0000,4049.2000,4058.4000,4060.6000,4061.0000,4067.6000,4068.6000,1,1,1,1,1,3,1,1,1,1
SF,IF2008,2020-06-24 09:30:22.900,4058.4000,1350,0,15819840.000,0,-,-,-,-,4053.8000,4053.6000,4053.2000,4050.0000,4049.2000,4057.6000,4057.8000,4058.0000,4058.4000,4061.0000,1,1,1,1,1,1,2,3,3,1
SF,IF2008,2020-06-24 09:30:23.400,4058.4000,1350,0,15819840.000,0,-,-,-,-,4054.4000,4054.0000,4053.8000,4053.6000,4053.2000,4057.4000,4057.6000,4057.8000,4058.0000,4058.4000,1,2,1,1,1,1,1,2,3,1
SF,IF2008,2020-06-24 09:30:23.900,4058.4000,1350,0,15819840.000,0,-,-,-,-,4054.6000,4054.4000,4054.0000,4050.0000,4049.2000,4057.0000,4057.4000,4057.6000,4057.8000,4058.0000,1,1,2,1,1,1,1,1,1,2
SF,IF2008,2020-06-24 09:30:24.400,4058.4000,1350,0,15819840.000,0,-,-,-,-,4054.6000,4054.0000,4050.8000,4050.0000,4049.2000,4056.8000,4057.0000,4057.2000,4057.6000,4058.0000,1,2,1,1,1,1,1,1,1,2
SF,IF2008,2020-06-24 09:30:24.900,4054.6000,1350,0,17036220.000,1,0,1,多换,S,4054.0000,4050.8000,4050.0000,4049.2000,4048.6000,4056.8000,4057.0000,4057.2000,4057.6000,4058.0000,1,2,1,1,1,1,1,1,1,2
SF,IF2008,2020-06-24 09:30:25.400,4054.6000,1350,0,17036220.000,0,-,-,-,-,4054.0000,4050.8000,4050.0000,4049.2000,4048.6000,4056.6000,4056.8000,4057.2000,4057.6000,4058.0000,1,2,1,1,1,2,1,1,1,2
SF,IF2008,2020-06-24 09:30:25.900,4054.6000,1350,0,17036220.000,0,-,-,-,-,4054.2000,4050.8000,4050.0000,4049.2000,4048.6000,4056.4000,4056.6000,4057.6000,4058.0000,4061.0000,1,2,1,1,1,1,2,1,2,1
SF,IF2008,2020-06-24 09:30:26.400,4054.6000,1350,0,17036220.000,0,-,-,-,-,4054.2000,4050.8000,4050.0000,4049.2000,4048.6000,4056.4000,4056.6000,4058.0000,4061.0000,4061.8000,1,1,1,1,1,1,2,2,1,1
SF,IF2008,2020-06-24 09:30:26.900,4056.4000,1350,0,18253140.000,1,0,1,多换,S,4054.2000,4050.8000,4050.0000,4049.2000,4048.6000,4056.6000,4058.0000,4061.0000,4061.8000,4067.6000,1,1,1,1,1,2,2,1,1,1
SF,IF2008,2020-06-24 09:30:27.400,4056.4000,1350,0,18253140.000,0,-,-,-,-,4050.8000,4050.0000,4049.2000,4048.6000,4045.6000,4056.4000,4056.6000,4058.0000,4061.0000,4061.8000,1,1,1,1,1,1,2,2,1,1
SF,IF2008,2020-06-24 09:30:27.900,4056.4000,1350,0,18253140.000,0,-,-,-,-,4051.0000,4050.8000,4050.0000,4049.2000,4048.6000,4056.2000,4056.4000,4056.6000,4058.0000,4061.0000,2,1,1,1,1,1,1,1,2,1
SF,IF2008,2020-06-24 09:30:28.400,4056.4000,1350,0,18253140.000,0,-,-,-,-,4051.2000,4051.0000,4050.8000,4050.0000,4049.2000,4056.0000,4056.2000,4056.6000,4061.0000,4061.8000,1,2,1,1,1,1,1,1,1,1
SF,IF2008,2020-06-24 09:30:28.900,4056.4000,1350,0,18253140.000,0,-,-,-,-,4051.4000,4051.2000,4051.0000,4050.8000,4050.0000,4055.6000,4055.8000,4056.0000,4061.0000,4061.8000,1,1,1,1,1,1,1,1,1,1
SF,IF2008,2020-06-24 09:30:29.400,4056.4000,1350,0,18253140.000,0,-,-,-,-,4052.4000,4051.8000,4051.6000,4051.4000,4051.2000,4055.4000,4055.6000,4061.0000,4061.8000,4067.6000,1,1,2,2,1,2,1,1,1,1
SF,IF2008,2020-06-24 09:30:29.900,4056.4000,1350,0,18253140.000,0,-,-,-,-,4052.6000,4052.4000,4051.8000,4051.4000,4051.2000,4055.4000,4055.6000,4061.0000,4061.8000,4067.6000,1,1,1,1,1,2,1,1,1,1
SF,IF2008,2020-06-24 09:30:30.400,4056.4000,1350,0,18253140.000,0,-,-,-,-,4052.6000,4052.4000,4051.8000,4051.2000,4050.8000,4055.4000,4055.6000,4061.0000,4061.8000,4067.6000,2,1,1,1,1,2,1,1,1,1
SF,IF2008,2020-06-24 09:30:30.900,4049.2000,1351,1,30408000.000,10,5,5,空开,S,4048.6000,4045.6000,4043.0000,4040.4000,4038.2000,4055.4000,4055.6000,4061.0000,4061.8000,4067.6000,1,1,2,1,1,2,1,1,1,1
SF,IF2008,2020-06-24 09:30:31.400,4049.2000,1351,0,30408000.000,0,-,-,-,-,4048.8000,4048.6000,4045.6000,4043.0000,4040.4000,4053.4000,4055.2000,4055.4000,4057.6000,4061.0000,2,1,1,2,1,1,1,2,1,1
SF,IF2008,2020-06-24 09:30:31.900,4053.4000,1350,-1,34056000.000,3,1,2,多平,S,4049.6000,4049.0000,4048.8000,4048.6000,4045.6000,4053.0000,4055.2000,4061.0000,4061.8000,4067.6000,2,1,2,1,1,1,1,1,1,1
SF,IF2008,2020-06-24 09:30:32.400,4053.0000,1349,-1,35271900.000,1,0,1,双平,S,4049.8000,4049.6000,4049.4000,4049.0000,4048.8000,4052.8000,4053.0000,4055.2000,4061.0000,4061.8000,1,3,1,1,1,1,1,1,1,1
SF,IF2008,2020-06-24 09:30:32.900,4052.8000,1349,0,36487740.000,1,0,1,多换,S,4050.2000,4050.0000,4049.8000,4049.4000,4049.0000,4052.4000,4052.6000,4055.2000,4058.4000,4061.0000,1,5,1,2,1,1,1,1,2,1
SF,IF2008,2020-06-24 09:30:33.400,4052.4000,1348,-1,37703460.000,1,0,1,双平,S,4050.4000,4050.2000,4050.0000,4049.4000,4049.0000,4052.2000,4055.2000,4058.4000,4061.0000,4061.8000,2,1,3,2,1,1,1,2,1,1
SF,IF2008,2020-06-24 09:30:33.900,4052.2000,1347,-1,38919120.000,1,0,1,双平,S,4050.4000,4050.2000,4050.0000,4049.4000,4049.2000,4055.2000,4058.4000,4059.8000,4061.0000,4061.8000,2,1,3,2,1,1,2,1,1,1
SF,IF2008,2020-06-24 09:30:34.400,4052.2000,1347,0,38919120.000,0,-,-,-,-,4050.6000,4050.4000,4049.4000,4049.2000,4048.8000,4052.0000,4055.0000,4058.4000,4059.8000,4061.0000,1,2,2,1,1,1,1,2,1,1
SF,IF2008,2020-06-24 09:30:34.900,4052.2000,1347,0,40134780.000,1,0,1,多换,S,4050.8000,4050.4000,4049.6000,4049.4000,4049.2000,4053.6000,4055.0000,4058.4000,4059.8000,4061.0000,1,1,1,2,1,1,1,2,1,1
SF,IF2008,2020-06-24 09:30:35.400,4052.2000,1347,0,40134780.000,0,-,-,-,-,4051.0000,4050.8000,4050.4000,4049.6000,4049.4000,4053.4000,4058.4000,4059.8000,4061.0000,4068.6000,3,1,1,1,2,1,2,1,1,1
SF,IF2008,2020-06-24 09:30:35.900,4052.2000,1347,0,40134780.000,0,-,-,-,-,4051.2000,4051.0000,4050.4000,4049.6000,4049.4000,4053.2000,4053.4000,4058.4000,4059.8000,4061.0000,1,3,1,1,2,1,1,2,1,1
SF,IF2008,2020-06-24 09:30:36.400,4052.2000,1347,0,40134780.000,0,-,-,-,-,4051.2000,4051.0000,4050.4000,4049.6000,4049.4000,4053.0000,4053.2000,4055.8000,4058.4000,4059.8000,1,3,1,3,4,1,1,1,2,1
SF,IF2008,2020-06-24 09:30:36.900,4052.2000,1347,0,40134780.000,0,-,-,-,-,4051.2000,4051.0000,4049.6000,4049.4000,4048.6000,4053.0000,4053.2000,4055.8000,4058.4000,4059.8000,1,1,3,4,1,1,1,1,2,1
SF,IF2008,2020-06-24 09:30:37.400,4052.2000,1347,0,40134780.000,0,-,-,-,-,4051.4000,4051.2000,4051.0000,4049.6000,4049.4000,4053.0000,4053.2000,4055.8000,4058.4000,4059.8000,1,1,1,3,4,1,1,1,2,1
SF,IF2008,2020-06-24 09:30:37.900,4052.2000,1347,0,40134780.000,0,-,-,-,-,4051.4000,4051.2000,4051.0000,4049.6000,4049.4000,4053.0000,4053.2000,4055.8000,4058.4000,4059.8000,1,1,1,3,3,1,1,1,2,1
SF,IF2008,2020-06-24 09:30:38.400,4052.2000,1347,0,40134780.000,0,-,-,-,-,4051.6000,4051.4000,4051.0000,4049.6000,4049.4000,4055.8000,4058.4000,4059.8000,4061.0000,4068.6000,1,1,1,3,3,1,2,1,1,1
SF,IF2008,2020-06-24 09:30:38.900,4052.2000,1347,0,40134780.000,0,-,-,-,-,4051.8000,4051.6000,4051.4000,4051.0000,4049.6000,4055.6000,4055.8000,4058.4000,4059.8000,4061.0000,1,1,1,1,2,1,1,2,1,1
SF,IF2008,2020-06-24 09:30:39.400,4052.2000,1347,0,40134780.000,0,-,-,-,-,4052.0000,4051.8000,4051.4000,4049.6000,4049.4000,4055.4000,4055.6000,4055.8000,4059.8000,4061.0000,1,1,1,2,2,1,1,1,1,1
SF,IF2008,2020-06-24 09:30:39.900,4052.2000,1347,0,40134780.000,0,-,-,-,-,4052.2000,4052.0000,4051.4000,4049.6000,4049.4000,4055.0000,4055.2000,4055.4000,4059.8000,4061.0000,1,1,1,2,2,1,1,1,1,1
SF,IF2008,2020-06-24 09:30:40.400,4052.2000,1347,0,40134780.000,0,-,-,-,-,4052.4000,4052.2000,4051.4000,4049.6000,4049.4000,4054.8000,4057.4000,4059.8000,4061.0000,4068.6000,1,1,1,2,2,1,1,1,1,1
SF,IF2008,2020-06-24 09:30:41.400,4052.2000,1347,0,40134780.000,0,-,-,-,-,4052.4000,4052.2000,4051.4000,4049.6000,4049.4000,4054.6000,4054.8000,4057.4000,4059.8000,4061.0000,1,1,1,2,2,1,1,1,1,1
SF,IF2008,2020-06-24 09:30:41.900,4052.2000,1347,0,40134780.000,0,-,-,-,-,4052.6000,4052.4000,4052.2000,4050.8000,4049.6000,4054.4000,4054.6000,4057.4000,4059.8000,4061.0000,1,1,1,1,2,1,1,1,1,1
SF,IF2008,2020-06-24 09:30:42.400,4052.2000,1347,0,40134780.000,0,-,-,-,-,4052.8000,4052.6000,4052.2000,4050.8000,4049.6000,4054.4000,4054.6000,4057.4000,4059.8000,4061.0000,1,1,1,1,2,1,1,1,1,1
SF,IF2008,2020-06-24 09:30:42.900,4052.2000,1347,0,40134780.000,0,-,-,-,-,4052.6000,4052.2000,4050.8000,4049.6000,4049.4000,4054.4000,4054.6000,4057.4000,4059.8000,4061.0000,1,1,1,2,2,1,1,1,1,1
SF,IF2008,2020-06-24 09:30:43.400,4052.2000,1347,0,40134780.000,0,-,-,-,-,4052.8000,4052.2000,4051.2000,4050.8000,4049.6000,4054.2000,4054.4000,4054.6000,4057.4000,4059.8000,1,1,1,1,1,1,1,1,1,1
SF,IF2008,2020-06-24 09:30:43.900,4052.2000,1347,0,40134780.000,0,-,-,-,-,4052.8000,4051.2000,4050.8000,4049.6000,4049.4000,4054.2000,4054.4000,4057.4000,4059.8000,4061.0000,1,1,1,1,2,2,1,1,1,1
SF,IF2008,2020-06-24 09:30:44.400,4052.2000,1347,0,40134780.000,0,-,-,-,-,4053.2000,4052.8000,4051.2000,4050.8000,4049.6000,4054.2000,4059.4000,4059.8000,4061.0000,4068.6000,1,1,1,1,1,1,1,1,1,1
SF,IF2008,2020-06-24 09:30:44.900,4054.2000,1346,-1,41351040.000,1,0,1,双平,S,4053.2000,4052.8000,4051.2000,4050.8000,4049.6000,4059.4000,4059.8000,4061.0000,4068.6000,4070.0000,1,1,1,1,1,1,1,1,1,5
SF,IF2008,2020-06-24 09:30:45.400,4054.2000,1346,0,41351040.000,0,-,-,-,-,4053.4000,4053.2000,4051.2000,4050.8000,4049.6000,4058.6000,4059.2000,4059.4000,4059.8000,4061.0000,2,1,1,1,2,1,2,1,1,1
SF,IF2008,2020-06-24 09:30:45.900,4054.2000,1346,0,41351040.000,0,-,-,-,-,4053.4000,4053.2000,4051.2000,4050.8000,4049.6000,4058.4000,4058.6000,4059.2000,4059.4000,4059.8000,2,1,1,1,2,1,1,1,1,1
SF,IF2008,2020-06-24 09:30:46.400,4054.2000,1346,0,41351040.000,0,-,-,-,-,4053.4000,4053.2000,4051.2000,4050.8000,4049.6000,4057.4000,4058.2000,4058.4000,4058.6000,4059.2000,2,1,1,1,2,2,1,1,1,1
SF,IF2008,2020-06-24 09:30:46.900,4054.2000,1346,0,41351040.000,0,-,-,-,-,4053.4000,4053.2000,4051.2000,4050.8000,4049.6000,4057.2000,4057.4000,4058.2000,4058.6000,4059.4000,2,1,1,1,2,1,3,1,1,1
SF,IF2008,2020-06-24 09:30:47.400,4054.2000,1346,0,41351040.000,0,-,-,-,-,4053.4000,4053.2000,4051.2000,4051.0000,4050.8000,4056.6000,4057.2000,4057.4000,4058.2000,4058.6000,2,1,1,1,1,1,1,2,1,1
SF,IF2008,2020-06-24 09:30:47.900,4054.2000,1346,0,41351040.000,0,-,-,-,-,4053.4000,4053.2000,4051.2000,4051.0000,4050.8000,4056.4000,4056.6000,4056.8000,4058.2000,4058.6000,2,1,1,1,1,1,1,2,1,1
SF,IF2008,2020-06-24 09:30:48.400,4054.2000,1346,0,41351040.000,0,-,-,-,-,4053.4000,4053.2000,4051.2000,4051.0000,4050.8000,4056.0000,4056.4000,4058.2000,4058.6000,4059.4000,2,1,1,1,1,3,1,1,1,1
SF,IF2008,2020-06-24 09:30:48.900,4054.2000,1346,0,41351040.000,0,-,-,-,-,4053.4000,4053.2000,4051.2000,4051.0000,4050.8000,4055.8000,4056.0000,4058.6000,4059.4000,4059.8000,2,1,1,1,1,1,1,1,1,1
SF,IF2008,2020-06-24 09:30:49.400,4054.2000,1346,0,41351040.000,0,-,-,-,-,4053.4000,4053.2000,4051.2000,4050.8000,4049.6000,4055.8000,4056.0000,4058.6000,4059.4000,4061.0000,2,1,1,1,1,1,1,1,1,1
SF,IF2008,2020-06-24 09:30:49.900,4054.2000,1346,0,41351040.000,0,-,-,-,-,4053.6000,4053.4000,4053.2000,4051.2000,4050.8000,4055.8000,4059.4000,4061.0000,4068.6000,4070.0000,1,2,1,1,1,1,1,1,1,5
SF,IF2008,2020-06-24 09:30:50.400,4054.2000,1346,0,41351040.000,0,-,-,-,-,4053.8000,4053.6000,4053.4000,4053.2000,4051.2000,4055.8000,4059.4000,4061.0000,4068.6000,4070.0000,1,1,1,1,1,1,1,1,1,5
SF,IF2008,2020-06-24 09:30:50.900,4054.2000,1346,0,41351040.000,0,-,-,-,-,4053.8000,4053.6000,4053.4000,4053.2000,4051.2000,4055.8000,4059.4000,4061.0000,4068.6000,4070.0000,1,1,1,1,1,1,1,1,1,5
SF,IF2008,2020-06-24 09:30:51.400,4054.2000,1346,0,41351040.000,0,-,-,-,-,4053.8000,4053.4000,4053.2000,4051.2000,4049.6000,4055.6000,4055.8000,4059.4000,4061.0000,4068.6000,1,1,1,1,1,1,1,1,1,1
SF,IF2008,2020-06-24 09:30:51.900,4054.2000,1346,0,41351040.000,0,-,-,-,-,4053.8000,4053.4000,4053.2000,4051.2000,4049.6000,4055.4000,4055.6000,4059.4000,4061.0000,4068.6000,1,1,1,1,1,1,1,1,1,1
SF,IF2008,2020-06-24 09:30:52.400,4054.2000,1346,0,41351040.000,0,-,-,-,-,4053.8000,4053.2000,4051.2000,4049.6000,4049.4000,4055.4000,4059.4000,4061.0000,4068.6000,4070.0000,1,1,1,1,2,1,1,1,1,5
SF,IF2008,2020-06-24 09:30:52.900,4054.2000,1346,0,41351040.000,0,-,-,-,-,4053.8000,4053.2000,4051.2000,4049.6000,4049.4000,4055.4000,4059.4000,4061.0000,4068.6000,4070.0000,1,1,1,1,2,1,1,1,1,5
SF,IF2008,2020-06-24 09:30:53.400,4054.2000,1346,0,41351040.000,0,-,-,-,-,4054.0000,4053.8000,4053.2000,4051.2000,4049.6000,4059.4000,4061.0000,4068.6000,4070.0000,4073.0000,1,1,1,1,1,1,1,1,5,2
SF,IF2008,2020-06-24 09:30:53.900,4054.2000,1346,0,41351040.000,0,-,-,-,-,4054.2000,4054.0000,4053.2000,4051.2000,4049.6000,4059.0000,4059.2000,4059.4000,4061.0000,4068.6000,2,1,1,1,1,1,1,1,1,1
SF,IF2008,2020-06-24 09:30:54.400,4054.2000,1346,0,41351040.000,0,-,-,-,-,4054.2000,4054.0000,4053.2000,4051.2000,4049.6000,4058.8000,4059.0000,4059.4000,4061.0000,4068.6000,2,1,1,1,1,1,1,1,1,1
SF,IF2008,2020-06-24 09:30:54.900,4054.2000,1346,0,41351040.000,0,-,-,-,-,4054.2000,4053.2000,4051.2000,4050.0000,4049.6000,4057.6000,4058.6000,4058.8000,4059.0000,4059.4000,2,1,1,3,1,2,1,1,1,1
SF,IF2008,2020-06-24 09:30:55.400,4054.2000,1346,0,41351040.000,0,-,-,-,-,4054.2000,4053.2000,4051.2000,4050.0000,4049.6000,4057.4000,4057.6000,4057.8000,4058.0000,4058.6000,2,1,1,3,1,2,2,1,1,1
SF,IF2008,2020-06-24 09:30:55.900,4054.2000,1346,0,41351040.000,0,-,-,-,-,4054.2000,4053.2000,4051.2000,4050.0000,4049.6000,4057.2000,4057.4000,4057.6000,4057.8000,4058.0000,2,1,1,3,1,1,2,2,1,1
SF,IF2008,2020-06-24 09:30:56.400,4054.2000,1346,0,41351040.000,0,-,-,-,-,4054.6000,4054.2000,4053.2000,4051.2000,4050.0000,4057.0000,4057.2000,4057.4000,4057.6000,4057.8000,1,2,1,1,3,1,1,1,2,1
SF,IF2008,2020-06-24 09:30:56.900,4054.2000,1346,0,41351040.000,0,-,-,-,-,4054.8000,4054.6000,4054.2000,4053.2000,4051.2000,4056.8000,4057.0000,4057.2000,4057.4000,4057.6000,1,1,1,1,1,1,2,1,1,2
SF,IF2008,2020-06-24 09:30:57.400,4054.2000,1346,0,41351040.000,0,-,-,-,-,4054.8000,4054.6000,4054.2000,4053.2000,4051.2000,4056.8000,4057.0000,4057.2000,4057.8000,4058.0000,1,1,1,1,1,2,2,1,1,1
SF,IF2008,2020-06-24 09:30:57.900,4054.2000,1346,0,41351040.000,0,-,-,-,-,4054.8000,4054.6000,4054.2000,4053.2000,4051.2000,4056.6000,4056.8000,4057.0000,4057.2000,4057.8000,1,1,1,1,1,1,1,2,1,1
SF,IF2008,2020-06-24 09:30:58.400,4054.2000,1346,0,41351040.000,0,-,-,-,-,4054.8000,4054.6000,4054.2000,4053.2000,4051.2000,4056.4000,4056.6000,4057.8000,4058.0000,4058.6000,1,1,1,1,1,2,1,1,1,1
SF,IF2008,2020-06-24 09:30:58.900,4056.4000,1345,-1,42567960.000,1,0,1,双平,S,4054.8000,4054.6000,4054.2000,4053.2000,4051.2000,4057.8000,4058.0000,4058.6000,4059.4000,4060.2000,1,1,1,1,1,1,1,1,3,1
SF,IF2008,2020-06-24 09:30:59.400,4056.4000,1345,0,42567960.000,0,-,-,-,-,4055.0000,4054.8000,4054.6000,4053.2000,4051.2000,4057.6000,4057.8000,4058.6000,4059.4000,4060.2000,1,1,1,1,1,1,1,1,3,1
SF,IF2008,2020-06-24 09:30:59.900,4056.4000,1345,0,42567960.000,0,-,-,-,-,4055.2000,4055.0000,4054.6000,4053.2000,4051.2000,4057.6000,4057.8000,4058.6000,4059.4000,4060.2000,1,1,1,1,1,1,1,1,3,1
SF,IF2008,2020-06-24 09:31:00.900,4056.4000,1345,0,42567960.000,0,-,-,-,-,4055.2000,4055.0000,4054.6000,4053.2000,4051.2000,4057.6000,4058.6000,4059.4000,4060.0000,4060.2000,1,1,1,1,1,1,1,3,1,1
SF,IF2008,2020-06-24 09:31:01.400,4056.4000,1345,0,42567960.000,0,-,-,-,-,4055.2000,4055.0000,4054.6000,4053.2000,4051.2000,4057.4000,4057.6000,4058.6000,4060.0000,4060.2000,1,1,1,1,1,1,1,1,1,1
SF,IF2008,2020-06-24 09:31:01.900,4056.4000,1345,0,42567960.000,0,-,-,-,-,4055.2000,4055.0000,4054.6000,4053.2000,4051.2000,4057.2000,4057.4000,4058.6000,4060.0000,4060.2000,2,1,1,1,1,1,1,1,1,1
SF,IF2008,2020-06-24 09:31:03.900,4056.4000,1345,0,42567960.000,0,-,-,-,-,4055.2000,4055.0000,4054.6000,4053.2000,4051.2000,4057.0000,4057.2000,4057.4000,4058.6000,4060.0000,2,1,1,1,1,1,1,1,1,1
SF,IF2008,2020-06-24 09:31:04.400,4056.4000,1345,0,42567960.000,0,-,-,-,-,4055.2000,4054.6000,4053.2000,4051.2000,4050.0000,4057.0000,4057.4000,4058.6000,4060.0000,4060.2000,2,1,1,1,3,1,1,1,1,1
SF,IF2008,2020-06-24 09:31:04.900,4056.4000,1345,0,42567960.000,0,-,-,-,-,4055.6000,4055.2000,4054.6000,4053.2000,4051.2000,4057.0000,4058.6000,4060.0000,4060.2000,4061.0000,1,2,1,1,1,1,1,1,1,1
SF,IF2008,2020-06-24 09:31:05.400,4056.4000,1345,0,42567960.000,0,-,-,-,-,4055.8000,4055.6000,4055.2000,4054.6000,4053.2000,4058.6000,4060.0000,4060.2000,4061.0000,4063.8000,1,1,1,1,1,1,1,1,1,1
SF,IF2008,2020-06-24 09:31:05.900,4056.4000,1345,0,42567960.000,0,-,-,-,-,4056.0000,4055.8000,4055.6000,4055.2000,4054.6000,4058.4000,4058.6000,4060.0000,4060.2000,4061.0000,1,1,1,1,1,1,1,1,1,1
SF,IF2008,2020-06-24 09:31:06.400,4056.4000,1345,0,42567960.000,0,-,-,-,-,4056.2000,4056.0000,4055.6000,4055.2000,4054.6000,4057.6000,4058.2000,4058.4000,4058.6000,4060.0000,1,1,1,1,1,1,1,1,1,1
SF,IF2008,2020-06-24 09:31:06.900,4057.6000,1344,-1,43785240.000,1,0,1,双平,S,4056.2000,4055.6000,4055.2000,4054.6000,4053.2000,4058.2000,4058.6000,4060.0000,4060.2000,4061.0000,1,1,1,1,1,1,1,1,1,1
SF,IF2008,2020-06-24 09:31:07.400,4057.6000,1344,0,43785240.000,0,-,-,-,-,4056.4000,4056.2000,4055.6000,4055.2000,4054.6000,4058.2000,4060.0000,4060.2000,4061.0000,4063.8000,1,1,1,1,1,1,1,1,1,1
SF,IF2008,2020-06-24 09:31:07.900,4057.6000,1344,0,43785240.000,0,-,-,-,-,4056.6000,4056.4000,4055.6000,4055.2000,4054.6000,4058.2000,4060.0000,4060.2000,4061.0000,4063.8000,1,1,1,1,1,1,1,1,1,1
SF,IF2008,2020-06-24 09:31:08.400,4057.6000,1344,0,43785240.000,0,-,-,-,-,4056.6000,4056.4000,4055.6000,4055.2000,4054.6000,4058.0000,4058.2000,4059.8000,4060.0000,4060.2000,1,1,1,1,1,1,1,1,1,1
SF,IF2008,2020-06-24 09:31:09.400,4057.6000,1344,0,43785240.000,0,-,-,-,-,4056.6000,4056.4000,4055.6000,4055.2000,4054.6000,4058.0000,4059.8000,4060.0000,4060.2000,4061.0000,1,1,1,1,1,1,1,1,1,1
SF,IF2008,2020-06-24 09:31:09.900,4057.6000,1344,0,43785240.000,0,-,-,-,-,4056.6000,4056.4000,4055.6000,4055.2000,4054.6000,4059.8000,4060.0000,4060.2000,4061.0000,4063.8000,1,1,1,1,1,2,1,1,1,1
SF,IF2008,2020-06-24 09:31:10.400,4057.6000,1344,0,43785240.000,0,-,-,-,-,4056.8000,4056.6000,4056.4000,4055.6000,4055.2000,4059.6000,4059.8000,4060.2000,4061.0000,4063.8000,1,1,1,1,1,1,2,1,1,1
SF,IF2008,2020-06-24 09:31:10.900,4057.6000,1344,0,43785240.000,0,-,-,-,-,4057.0000,4056.8000,4056.4000,4055.6000,4055.2000,4059.6000,4059.8000,4060.2000,4061.0000,4063.8000,1,1,1,1,1,1,2,1,1,1
SF,IF2008,2020-06-24 09:31:11.400,4057.6000,1344,0,43785240.000,0,-,-,-,-,4057.2000,4057.0000,4055.6000,4055.2000,4054.6000,4059.6000,4059.8000,4060.2000,4061.0000,4063.8000,1,1,1,1,1,1,2,1,1,1
SF,IF2008,2020-06-24 09:31:11.900,4057.2000,1344,0,45002400.000,1,0,1,多换,S,4057.2000,4055.6000,4055.2000,4054.6000,4053.2000,4059.4000,4059.6000,4059.8000,4060.2000,4061.0000,1,1,1,1,1,2,1,1,1,1
SF,IF2008,2020-06-24 09:31:12.400,4057.2000,1343,-1,46219560.000,1,0,1,双平,S,4055.6000,4055.2000,4054.6000,4053.2000,4051.2000,4059.2000,4059.4000,4059.8000,4060.2000,4061.0000,1,1,1,1,1,1,2,1,1,1
SF,IF2008,2020-06-24 09:31:12.900,4057.2000,1343,0,46219560.000,0,-,-,-,-,4055.8000,4055.6000,4055.2000,4054.6000,4053.2000,4059.2000,4059.4000,4059.8000,4060.2000,4061.0000,2,1,1,1,1,1,2,1,1,1
SF,IF2008,2020-06-24 09:31:14.400,4057.2000,1343,0,46219560.000,0,-,-,-,-,4055.8000,4055.6000,4055.2000,4054.6000,4053.2000,4059.2000,4059.4000,4059.8000,4060.2000,4061.0000,2,1,1,1,1,1,2,1,1,1
SF,IF2008,2020-06-24 09:31:14.900,4057.2000,1343,0,46219560.000,0,-,-,-,-,4055.8000,4055.6000,4055.2000,4054.6000,4053.2000,4059.2000,4059.4000,4059.8000,4060.2000,4061.0000,2,1,1,1,1,1,1,1,1,1
SF,IF2008,2020-06-24 09:31:15.400,4057.2000,1343,0,46219560.000,0,-,-,-,-,4055.8000,4055.6000,4055.2000,4054.6000,4053.2000,4059.0000,4059.2000,4059.4000,4059.8000,4060.2000,2,1,1,1,1,1,1,1,1,1
SF,IF2008,2020-06-24 09:31:15.900,4057.2000,1343,0,46219560.000,0,-,-,-,-,4055.8000,4055.6000,4055.2000,4054.6000,4053.2000,4058.8000,4059.0000,4059.4000,4059.8000,4060.2000,2,1,1,1,1,1,1,1,1,1
SF,IF2008,2020-06-24 09:31:16.400,4057.2000,1343,0,46219560.000,0,-,-,-,-,4055.8000,4055.6000,4055.2000,4054.6000,4053.2000,4058.8000,4059.0000,4059.4000,4059.8000,4060.2000,2,1,1,1,1,1,1,1,1,1
SF,IF2008,2020-06-24 09:31:16.900,4057.2000,1343,0,46219560.000,0,-,-,-,-,4055.8000,4055.6000,4055.2000,4054.6000,4053.2000,4058.8000,4059.0000,4059.4000,4059.8000,4060.2000,2,1,1,1,1,1,1,1,1,1
SF,IF2008,2020-06-24 09:31:17.400,4057.2000,1343,0,46219560.000,0,-,-,-,-,4055.8000,4055.6000,4055.2000,4054.6000,4053.2000,4058.8000,4059.4000,4059.8000,4060.2000,4061.0000,2,1,1,1,1,1,1,1,1,1
SF,IF2008,2020-06-24 09:31:17.900,4057.2000,1343,0,46219560.000,0,-,-,-,-,4055.8000,4055.6000,4055.2000,4054.6000,4053.2000,4058.6000,4058.8000,4059.4000,4059.8000,4060.2000,2,1,1,1,1,1,1,1,1,1
SF,IF2008,2020-06-24 09:31:18.400,4057.2000,1343,0,46219560.000,0,-,-,-,-,4055.8000,4055.6000,4055.2000,4054.6000,4053.2000,4058.4000,4058.6000,4059.4000,4059.8000,4060.2000,2,1,1,1,1,1,1,1,1,1
SF,IF2008,2020-06-24 09:31:19.900,4057.2000,1343,0,46219560.000,0,-,-,-,-,4055.8000,4055.6000,4055.2000,4054.6000,4053.2000,4058.2000,4058.4000,4059.4000,4059.8000,4060.2000,2,1,1,1,1,1,1,1,1,1
SF,IF2008,2020-06-24 09:31:20.400,4057.2000,1343,0,46219560.000,0,-,-,-,-,4055.8000,4055.6000,4055.2000,4054.6000,4053.2000,4058.0000,4058.2000,4059.4000,4059.8000,4060.2000,1,1,1,1,1,2,1,1,1,1
SF,IF2008,2020-06-24 09:31:20.900,4057.2000,1343,0,46219560.000,0,-,-,-,-,4055.6000,4055.2000,4054.6000,4053.2000,4052.2000,4058.0000,4058.2000,4059.4000,4059.8000,4060.2000,1,1,1,1,2,2,1,1,1,1
SF,IF2008,2020-06-24 09:31:21.400,4057.2000,1343,0,46219560.000,0,-,-,-,-,4055.8000,4055.6000,4055.2000,4054.6000,4053.2000,4058.0000,4058.2000,4059.4000,4059.8000,4060.2000,1,1,1,1,1,2,1,1,1,1
SF,IF2008,2020-06-24 09:31:21.900,4057.2000,1343,0,46219560.000,0,-,-,-,-,4055.8000,4055.6000,4055.2000,4054.6000,4053.2000,4057.8000,4058.0000,4059.4000,4059.8000,4060.2000,1,1,1,1,1,1,2,1,1,1
SF,IF2008,2020-06-24 09:31:22.400,4057.2000,1343,0,46219560.000,0,-,-,-,-,4055.6000,4055.2000,4054.6000,4053.2000,4052.2000,4057.6000,4057.8000,4058.0000,4059.4000,4059.8000,1,1,1,1,2,1,1,1,1,1
SF,IF2008,2020-06-24 09:31:22.900,4057.2000,1343,0,46219560.000,0,-,-,-,-,4055.8000,4055.6000,4055.2000,4054.6000,4053.2000,4057.4000,4057.6000,4057.8000,4058.0000,4059.8000,1,1,1,1,1,2,1,1,1,1
SF,IF2008,2020-06-24 09:31:23.400,4057.2000,1343,0,46219560.000,0,-,-,-,-,4055.8000,4055.6000,4055.2000,4054.6000,4053.2000,4057.2000,4057.4000,4057.8000,4058.0000,4059.8000,1,1,1,1,1,1,2,1,1,1
SF,IF2008,2020-06-24 09:31:23.900,4057.0000,1343,0,47436660.000,1,0,1,多换,S,4055.8000,4055.6000,4055.2000,4054.6000,4053.2000,4057.2000,4058.0000,4059.8000,4060.2000,4061.0000,1,1,1,1,1,1,1,1,1,1
SF,IF2008,2020-06-24 09:31:24.400,4053.2000,1347,4,53518980.000,5,4,1,空开,S,4052.2000,4051.2000,4050.0000,4049.6000,4049.0000,4052.8000,4057.2000,4058.0000,4059.8000,4060.0000,2,1,3,1,1,5,1,1,1,2
SF,IF2008,2020-06-24 09:31:24.900,4052.8000,1349,2,59598180.000,5,3,2,空开,S,4053.0000,4052.4000,4052.2000,4051.2000,4050.0000,4058.0000,4059.8000,4060.0000,4060.2000,4061.0000,1,1,2,1,3,1,1,2,1,1
SF,IF2008,2020-06-24 09:31:25.400,4052.8000,1349,0,59598180.000,0,-,-,-,-,4053.2000,4052.4000,4052.2000,4051.2000,4050.0000,4057.8000,4058.0000,4059.8000,4060.0000,4060.2000,1,1,2,1,3,2,1,1,2,1
SF,IF2008,2020-06-24 09:31:25.900,4052.8000,1349,0,59598180.000,0,-,-,-,-,4053.6000,4053.4000,4053.2000,4052.4000,4052.2000,4057.8000,4058.0000,4059.8000,4060.0000,4060.2000,1,1,2,1,2,2,1,1,2,1
SF,IF2008,2020-06-24 09:31:26.400,4052.8000,1349,0,59598180.000,0,-,-,-,-,4057.0000,4053.8000,4053.6000,4053.4000,4053.2000,4057.4000,4057.6000,4057.8000,4058.0000,4059.8000,1,1,1,2,1,1,1,2,1,1
SF,IF2008,2020-06-24 09:31:26.900,4057.0000,1350,1,60815280.000,1,1,0,双开,S,4053.6000,4053.4000,4053.2000,4053.0000,4052.4000,4056.8000,4057.4000,4057.6000,4058.0000,4059.8000,1,3,2,2,1,1,1,1,1,1
SF,IF2008,2020-06-24 09:31:27.400,4057.0000,1350,0,60815280.000,0,-,-,-,-,4053.8000,4053.6000,4053.4000,4053.2000,4053.0000,4056.6000,4057.4000,4057.6000,4058.0000,4059.8000,2,1,3,2,3,3,1,1,1,1
SF,IF2008,2020-06-24 09:31:27.900,4057.0000,1350,0,60815280.000,0,-,-,-,-,4054.0000,4053.8000,4053.4000,4053.2000,4053.0000,4056.6000,4057.4000,4057.6000,4058.0000,4059.8000,1,2,3,2,3,3,1,1,1,1
SF,IF2008,2020-06-24 09:31:28.400,4057.0000,1350,0,62032380.000,1,0,1,多换,S,4054.2000,4054.0000,4053.8000,4053.4000,4053.2000,4056.6000,4057.4000,4057.6000,4058.0000,4059.6000,2,1,1,3,2,1,1,1,1,1
SF,IF2008,2020-06-24 09:31:28.900,4057.0000,1350,0,62032380.000,0,-,-,-,-,4054.4000,4054.2000,4054.0000,4053.8000,4053.4000,4056.4000,4056.6000,4057.4000,4057.6000,4058.0000,2,2,1,1,4,1,1,1,1,1
SF,IF2008,2020-06-24 09:31:29.400,4057.0000,1350,0,62032380.000,0,-,-,-,-,4054.6000,4054.4000,4054.2000,4054.0000,4053.8000,4056.2000,4057.4000,4057.6000,4058.0000,4059.6000,1,2,1,1,1,2,1,1,1,1
SF,IF2008,2020-06-24 09:31:29.900,4057.0000,1350,0,62032380.000,0,-,-,-,-,4054.6000,4054.4000,4053.8000,4053.4000,4053.2000,4056.2000,4057.6000,4058.0000,4059.6000,4059.8000,1,2,1,3,2,1,1,1,1,1
SF,IF2008,2020-06-24 09:31:30.400,4057.0000,1350,0,62032380.000,0,-,-,-,-,4054.6000,4054.4000,4053.8000,4053.4000,4053.2000,4056.0000,4056.2000,4057.6000,4058.0000,4059.6000,1,1,1,3,2,1,1,1,1,1
SF,IF2008,2020-06-24 09:31:31.400,4057.0000,1350,0,62032380.000,0,-,-,-,-,4054.6000,4054.4000,4053.8000,4053.4000,4053.2000,4056.0000,4056.2000,4057.6000,4058.0000,4059.6000,1,1,1,3,2,1,1,1,1,1
SF,IF2008,2020-06-24 09:31:31.900,4057.0000,1350,0,62032380.000,0,-,-,-,-,4054.4000,4053.4000,4053.2000,4053.0000,4052.8000,4056.0000,4056.2000,4058.0000,4059.6000,4059.8000,1,2,2,5,2,1,1,1,1,1
SF,IF2008,2020-06-24 09:31:32.400,4057.0000,1350,0,62032380.000,0,-,-,-,-,4053.4000,4053.2000,4053.0000,4052.8000,4052.6000,4055.8000,4056.0000,4056.2000,4058.0000,4059.6000,1,1,5,2,2,1,1,1,1,1
SF,IF2008,2020-06-24 09:31:32.900,4057.0000,1350,0,62032380.000,0,-,-,-,-,4053.6000,4053.4000,4053.0000,4052.8000,4052.6000,4056.0000,4056.2000,4058.0000,4059.6000,4059.8000,2,1,5,1,2,1,1,1,1,1
SF,IF2008,2020-06-24 09:31:33.400,4057.0000,1350,0,62032380.000,0,-,-,-,-,4053.6000,4053.4000,4053.0000,4052.8000,4052.6000,4056.0000,4056.2000,4058.0000,4059.6000,4059.8000,2,1,4,1,2,1,1,1,1,1
SF,IF2008,2020-06-24 09:31:33.900,4057.0000,1350,0,62032380.000,0,-,-,-,-,4053.6000,4053.4000,4053.0000,4052.8000,4052.6000,4056.0000,4056.2000,4058.0000,4059.6000,4059.8000,1,1,4,1,2,1,1,1,1,1
SF,IF2008,2020-06-24 09:31:34.400,4057.0000,1350,0,62032380.000,0,-,-,-,-,4053.6000,4053.0000,4052.8000,4052.6000,4052.4000,4055.8000,4056.0000,4056.2000,4058.0000,4059.6000,1,4,1,2,1,1,1,1,1,1
SF,IF2008,2020-06-24 09:31:34.900,4057.0000,1350,0,62032380.000,0,-,-,-,-,4053.6000,4053.0000,4052.8000,4052.6000,4052.4000,4055.8000,4056.0000,4056.2000,4058.0000,4059.6000,1,4,1,1,1,1,1,1,1,1
SF,IF2008,2020-06-24 09:31:35.400,4057.0000,1350,0,62032380.000,0,-,-,-,-,4053.8000,4053.6000,4053.0000,4052.6000,4052.4000,4055.6000,4055.8000,4056.2000,4058.0000,4059.6000,2,1,4,1,1,1,1,1,1,1
SF,IF2008,2020-06-24 09:31:35.900,4055.6000,1349,-1,63249060.000,1,0,1,双平,S,4054.0000,4053.8000,4053.0000,4052.6000,4052.4000,4055.8000,4056.2000,4058.0000,4059.6000,4059.8000,1,2,4,1,1,1,1,1,1,1
SF,IF2008,2020-06-24 09:31:36.400,4055.6000,1349,0,63249060.000,0,-,-,-,-,4054.0000,4053.8000,4053.0000,4052.6000,4052.4000,4056.2000,4058.0000,4059.6000,4059.8000,4060.2000,1,2,3,1,1,1,1,1,1,1
SF,IF2008,2020-06-24 09:31:36.900,4055.6000,1349,0,63249060.000,0,-,-,-,-,4054.2000,4054.0000,4053.0000,4052.6000,4052.4000,4056.0000,4056.2000,4057.6000,4058.0000,4059.6000,1,1,4,1,1,1,1,1,1,1
SF,IF2008,2020-06-24 09:31:37.400,4055.6000,1349,0,63249060.000,0,-,-,-,-,4054.2000,4054.0000,4053.0000,4052.6000,4052.0000,4056.0000,4056.2000,4057.6000,4058.0000,4059.8000,1,1,4,2,1,1,1,1,1,1
SF,IF2008,2020-06-24 09:31:37.900,4055.6000,1349,0,63249060.000,0,-,-,-,-,4054.2000,4054.0000,4053.0000,4052.6000,4052.0000,4056.0000,4056.2000,4057.6000,4058.0000,4059.8000,1,1,2,2,1,1,1,1,1,1
SF,IF2008,2020-06-24 09:31:38.400,4055.6000,1349,0,63249060.000,0,-,-,-,-,4054.6000,4054.4000,4054.2000,4053.0000,4052.6000,4055.8000,4056.0000,4056.2000,4057.6000,4058.0000,1,1,1,2,2,1,1,1,1,1
SF,IF2008,2020-06-24 09:31:38.900,4055.6000,1349,0,63249060.000,0,-,-,-,-,4054.8000,4054.6000,4054.2000,4053.0000,4052.6000,4055.8000,4056.2000,4057.6000,4058.0000,4059.8000,1,1,1,2,2,1,1,1,1,1
SF,IF2008,2020-06-24 09:31:39.400,4055.6000,1349,0,63249060.000,0,-,-,-,-,4054.8000,4054.6000,4054.2000,4053.0000,4052.6000,4056.2000,4057.6000,4058.0000,4059.8000,4060.2000,1,1,1,2,2,1,1,1,1,1
SF,IF2008,2020-06-24 09:31:39.900,4055.6000,1349,0,63249060.000,0,-,-,-,-,4054.8000,4054.6000,4054.2000,4052.6000,4052.4000,4056.2000,4057.6000,4058.0000,4059.8000,4060.2000,1,1,1,2,2,1,1,1,1,1
SF,IF2008,2020-06-24 09:31:40.400,4055.6000,1349,0,63249060.000,0,-,-,-,-,4054.6000,4054.2000,4052.6000,4052.4000,4052.0000,4056.0000,4056.2000,4057.6000,4058.0000,4059.4000,1,1,2,2,5,1,1,1,1,2
SF,IF2008,2020-06-24 09:31:40.900,4055.6000,1349,0,63249060.000,0,-,-,-,-,4054.8000,4054.6000,4054.2000,4052.6000,4052.4000,4056.2000,4058.0000,4059.4000,4059.8000,4061.0000,1,1,1,2,2,1,1,2,1,1
SF,IF2008,2020-06-24 09:31:41.900,4055.6000,1349,0,63249060.000,0,-,-,-,-,4055.0000,4054.8000,4054.6000,4052.6000,4052.4000,4056.2000,4058.0000,4059.8000,4061.0000,4063.8000,1,1,1,2,2,1,1,1,1,1
SF,IF2008,2020-06-24 09:31:42.400,4055.6000,1349,0,63249060.000,0,-,-,-,-,4055.0000,4054.8000,4054.6000,4052.6000,4052.4000,4056.2000,4058.0000,4059.8000,4061.0000,4063.8000,2,1,1,2,2,1,1,1,1,1
SF,IF2008,2020-06-24 09:31:42.900,4055.6000,1349,0,63249060.000,0,-,-,-,-,4055.2000,4055.0000,4054.6000,4052.6000,4052.4000,4056.2000,4058.0000,4059.8000,4061.0000,4063.8000,1,2,1,2,2,1,1,1,1,1
SF,IF2008,2020-06-24 09:31:43.400,4055.6000,1349,0,63249060.000,0,-,-,-,-,4055.4000,4055.0000,4054.6000,4052.6000,4052.4000,4056.2000,4058.0000,4059.8000,4061.0000,4063.8000,1,2,1,2,2,1,1,1,1,1
SF,IF2008,2020-06-24 09:31:43.900,4055.6000,1349,0,63249060.000,0,-,-,-,-,4055.4000,4055.0000,4054.6000,4053.4000,4052.6000,4056.2000,4058.0000,4059.8000,4061.0000,4063.8000,1,2,1,1,1,1,1,1,1,1
SF,IF2008,2020-06-24 09:31:44.900,4056.2000,1348,-1,64465920.000,1,0,1,双平,S,4055.4000,4055.0000,4054.6000,4054.0000,4053.4000,4058.0000,4059.8000,4061.0000,4063.8000,4064.0000,1,2,1,1,1,1,1,1,1,1
SF,IF2008,2020-06-24 09:31:45.400,4056.2000,1348,0,64465920.000,0,-,-,-,-,4055.6000,4055.4000,4055.0000,4054.6000,4054.0000,4057.8000,4058.0000,4059.8000,4060.2000,4061.0000,2,1,1,1,1,1,1,1,3,1
SF,IF2008,2020-06-24 09:31:45.900,4056.2000,1348,0,64465920.000,0,-,-,-,-,4055.6000,4054.6000,4054.0000,4053.4000,4052.4000,4057.8000,4058.0000,4059.8000,4060.2000,4061.0000,2,1,1,1,1,1,1,1,3,1
SF,IF2008,2020-06-24 09:31:46.400,4056.2000,1348,0,64465920.000,0,-,-,-,-,4055.8000,4055.6000,4054.6000,4054.0000,4053.4000,4057.8000,4058.0000,4059.8000,4060.2000,4061.0000,2,2,1,1,1,1,1,1,3,1
SF,IF2008,2020-06-24 09:31:46.900,4056.2000,1348,0,64465920.000,0,-,-,-,-,4056.0000,4055.8000,4055.6000,4054.6000,4053.4000,4057.8000,4058.0000,4059.8000,4060.2000,4061.0000,1,2,1,2,1,1,1,1,3,1
SF,IF2008,2020-06-24 09:31:47.400,4056.2000,1348,0,64465920.000,0,-,-,-,-,4056.0000,4055.8000,4055.6000,4054.6000,4053.4000,4057.8000,4058.0000,4059.8000,4060.2000,4061.0000,1,1,1,2,1,1,1,1,3,1
SF,IF2008,2020-06-24 09:31:47.900,4056.2000,1348,0,64465920.000,0,-,-,-,-,4056.0000,4055.8000,4055.6000,4054.6000,4053.4000,4058.0000,4059.8000,4060.2000,4061.0000,4063.8000,1,1,1,2,1,1,1,3,1,1
SF,IF2008,2020-06-24 09:31:48.400,4056.2000,1348,0,64465920.000,0,-,-,-,-,4056.0000,4055.8000,4055.6000,4054.6000,4053.8000,4057.8000,4059.8000,4060.2000,4061.0000,4063.8000,1,1,1,2,1,1,1,3,1,1
SF,IF2008,2020-06-24 09:31:48.900,4056.2000,1348,0,64465920.000,0,-,-,-,-,4056.2000,4056.0000,4055.8000,4055.6000,4054.6000,4059.8000,4060.2000,4061.0000,4063.8000,4064.0000,1,1,1,1,2,1,3,1,1,1
SF,IF2008,2020-06-24 09:31:49.400,4056.2000,1348,0,64465920.000,0,-,-,-,-,4056.4000,4056.2000,4055.8000,4054.6000,4053.8000,4059.6000,4059.8000,4060.2000,4061.0000,4063.8000,2,1,1,2,1,1,1,3,1,1
SF,IF2008,2020-06-24 09:31:49.900,4056.2000,1348,0,64465920.000,0,-,-,-,-,4056.4000,4056.2000,4055.8000,4054.6000,4053.8000,4059.2000,4059.6000,4059.8000,4060.2000,4061.0000,2,1,1,2,1,1,1,1,3,1
SF,IF2008,2020-06-24 09:31:50.400,4056.2000,1348,0,64465920.000,0,-,-,-,-,4056.4000,4055.8000,4054.6000,4053.8000,4053.4000,4059.0000,4059.2000,4059.8000,4061.0000,4063.8000,2,1,2,1,1,1,4,1,1,1
SF,IF2008,2020-06-24 09:31:50.900,4056.2000,1348,0,64465920.000,0,-,-,-,-,4056.6000,4056.4000,4055.8000,4054.6000,4053.8000,4059.0000,4059.2000,4059.8000,4061.0000,4063.8000,1,2,1,2,1,1,4,1,1,1
SF,IF2008,2020-06-24 09:31:51.400,4056.2000,1348,0,64465920.000,0,-,-,-,-,4056.8000,4056.6000,4056.4000,4054.6000,4053.8000,4058.8000,4059.0000,4059.2000,4059.8000,4061.0000,1,1,1,2,1,2,1,3,1,1
SF,IF2008,2020-06-24 09:31:51.900,4056.2000,1348,0,64465920.000,0,-,-,-,-,4056.8000,4056.6000,4056.4000,4054.6000,4053.8000,4058.6000,4058.8000,4059.2000,4059.8000,4061.0000,1,1,1,2,1,1,2,3,1,1
SF,IF2008,2020-06-24 09:31:52.400,4056.2000,1348,0,64465920.000,0,-,-,-,-,4056.8000,4056.6000,4056.4000,4054.6000,4053.8000,4058.4000,4058.6000,4058.8000,4059.8000,4061.0000,1,1,1,2,1,1,1,1,1,1
SF,IF2008,2020-06-24 09:31:52.900,4056.2000,1348,0,64465920.000,0,-,-,-,-,4056.8000,4056.6000,4054.6000,4053.8000,4053.4000,4058.4000,4058.6000,4058.8000,4059.8000,4061.0000,1,1,2,1,1,1,1,1,1,4
SF,IF2008,2020-06-24 09:31:53.400,4056.2000,1348,0,64465920.000,0,-,-,-,-,4057.0000,4056.8000,4056.6000,4054.6000,4053.8000,4058.4000,4058.6000,4058.8000,4059.8000,4061.0000,1,1,1,2,1,1,1,1,1,4
SF,IF2008,2020-06-24 09:31:53.900,4056.2000,1348,0,64465920.000,0,-,-,-,-,4057.2000,4057.0000,4056.6000,4054.6000,4053.8000,4058.8000,4059.8000,4061.0000,4063.8000,4064.0000,1,1,1,2,1,1,1,4,1,1
SF,IF2008,2020-06-24 09:31:54.400,4056.2000,1348,0,64465920.000,0,-,-,-,-,4057.4000,4057.2000,4057.0000,4056.6000,4054.6000,4058.8000,4059.8000,4061.0000,4063.8000,4064.0000,1,1,1,1,2,1,1,4,1,1
SF,IF2008,2020-06-24 09:31:54.900,4058.8000,1347,-1,65683560.000,1,0,1,双平,S,4058.4000,4057.6000,4057.4000,4057.0000,4056.6000,4059.8000,4061.0000,4063.8000,4064.0000,4068.6000,5,1,1,1,1,1,4,1,1,1
SF,IF2008,2020-06-24 09:31:55.400,4058.8000,1347,0,65683560.000,0,-,-,-,-,4058.6000,4058.4000,4057.4000,4057.0000,4054.6000,4059.8000,4060.4000,4061.0000,4063.8000,4064.0000,1,5,1,1,2,1,1,1,1,1
SF,IF2008,2020-06-24 09:31:55.900,4058.8000,1347,0,65683560.000,0,-,-,-,-,4058.8000,4058.6000,4058.4000,4057.4000,4057.0000,4059.8000,4061.0000,4063.8000,4064.0000,4066.0000,1,1,5,1,1,1,1,1,1,1
SF,IF2008,2020-06-24 09:31:56.400,4059.8000,1346,-1,66901500.000,1,0,1,双平,S,4059.0000,4058.8000,4058.4000,4057.4000,4057.0000,4061.0000,4063.8000,4064.0000,4066.0000,4068.6000,1,1,5,1,1,1,1,1,1,1
SF,IF2008,2020-06-24 09:31:56.900,4059.8000,1346,0,66901500.000,0,-,-,-,-,4059.0000,4058.4000,4057.4000,4057.0000,4054.6000,4061.0000,4064.0000,4066.0000,4068.6000,4070.0000,1,5,1,1,1,1,1,1,1,5
SF,IF2008,2020-06-24 09:31:57.400,4059.8000,1346,0,66901500.000,0,-,-,-,-,4059.0000,4058.4000,4057.4000,4057.0000,4054.6000,4061.0000,4064.0000,4066.0000,4068.6000,4070.0000,1,5,1,1,1,1,1,1,1,5
SF,IF2008,2020-06-24 09:31:57.900,4059.8000,1346,0,66901500.000,0,-,-,-,-,4059.2000,4059.0000,4058.4000,4057.4000,4057.0000,4061.0000,4064.0000,4066.0000,4068.6000,4070.0000,1,1,5,1,1,1,1,1,1,5
SF,IF2008,2020-06-24 09:31:58.400,4059.8000,1346,0,66901500.000,0,-,-,-,-,4059.4000,4059.2000,4058.4000,4057.4000,4057.0000,4061.0000,4064.0000,4066.0000,4068.6000,4070.0000,2,1,5,1,1,1,1,1,1,5
SF,IF2008,2020-06-24 09:31:58.900,4059.8000,1346,0,66901500.000,0,-,-,-,-,4059.4000,4059.2000,4058.4000,4057.4000,4057.0000,4061.0000,4064.0000,4065.2000,4066.0000,4068.6000,2,1,5,1,1,1,1,3,1,1
SF,IF2008,2020-06-24 09:31:59.400,4059.8000,1346,0,66901500.000,0,-,-,-,-,4059.4000,4059.2000,4058.4000,4057.4000,4057.0000,4061.0000,4064.0000,4065.2000,4066.0000,4068.6000,2,1,5,1,1,1,1,3,1,1
SF,IF2008,2020-06-24 09:31:59.900,4061.0000,1345,-1,68119800.000,1,0,1,双平,S,4059.4000,4059.2000,4058.4000,4058.2000,4057.4000,4064.0000,4066.0000,4068.6000,4070.0000,4072.4000,2,1,5,1,1,1,1,1,5,1
SF,IF2008,2020-06-24 09:32:00.400,4061.0000,1345,0,68119800.000,0,-,-,-,-,4059.6000,4059.4000,4058.4000,4058.2000,4057.4000,4063.8000,4064.0000,4066.0000,4068.6000,4070.0000,2,1,5,1,1,1,1,1,1,5
SF,IF2008,2020-06-24 09:32:00.900,4061.0000,1345,0,68119800.000,0,-,-,-,-,4059.8000,4059.6000,4058.4000,4058.2000,4057.4000,4063.8000,4064.0000,4066.0000,4068.6000,4070.0000,1,2,5,1,1,1,1,1,1,5
SF,IF2008,2020-06-24 09:32:01.400,4061.0000,1345,0,68119800.000,0,-,-,-,-,4060.0000,4059.8000,4059.6000,4058.4000,4058.2000,4063.4000,4063.8000,4064.0000,4066.0000,4068.6000,1,1,1,5,1,1,1,1,1,1
SF,IF2008,2020-06-24 09:32:01.900,4061.0000,1345,0,68119800.000,0,-,-,-,-,4060.2000,4060.0000,4058.4000,4058.2000,4057.4000,4063.2000,4063.4000,4064.0000,4066.0000,4068.6000,1,1,5,1,1,1,1,1,1,1
SF,IF2008,2020-06-24 09:32:02.400,4061.0000,1345,0,68119800.000,0,-,-,-,-,4060.4000,4060.2000,4058.4000,4058.2000,4057.4000,4063.4000,4064.0000,4066.0000,4068.6000,4070.0000,1,2,5,1,1,1,1,1,1,5
SF,IF2008,2020-06-24 09:32:02.900,4063.4000,1344,-1,69338820.000,1,0,1,双平,S,4060.6000,4060.4000,4060.2000,4058.4000,4058.2000,4064.0000,4066.0000,4068.6000,4072.4000,4073.0000,2,1,1,5,1,1,1,1,1,2
SF,IF2008,2020-06-24 09:32:03.400,4063.4000,1344,0,69338820.000,0,-,-,-,-,4060.8000,4060.6000,4060.2000,4059.8000,4058.4000,4063.8000,4064.0000,4066.0000,4068.6000,4072.4000,1,1,1,1,5,1,1,1,1,1
SF,IF2008,2020-06-24 09:32:03.900,4063.4000,1344,0,69338820.000,0,-,-,-,-,4061.0000,4060.8000,4060.2000,4059.8000,4058.4000,4064.0000,4066.0000,4067.6000,4068.6000,4072.4000,1,1,1,1,5,1,1,3,1,1
SF,IF2008,2020-06-24 09:32:04.400,4063.4000,1344,0,69338820.000,0,-,-,-,-,4061.2000,4061.0000,4059.8000,4058.4000,4057.4000,4063.8000,4064.0000,4066.0000,4067.6000,4068.6000,1,1,1,5,1,1,1,1,3,1
SF,IF2008,2020-06-24 09:32:04.900,4063.4000,1344,0,69338820.000,0,-,-,-,-,4061.4000,4061.2000,4059.8000,4058.4000,4057.4000,4064.0000,4066.0000,4067.6000,4068.6000,4072.4000,1,2,1,5,1,1,1,3,1,1
SF,IF2008,2020-06-24 09:32:05.400,4063.4000,1344,0,69338820.000,0,-,-,-,-,4061.6000,4061.4000,4061.2000,4059.8000,4058.4000,4064.0000,4067.6000,4068.6000,4072.4000,4073.0000,1,1,1,1,5,1,3,1,1,2
SF,IF2008,2020-06-24 09:32:05.900,4063.4000,1344,0,69338820.000,0,-,-,-,-,4061.8000,4061.6000,4061.2000,4059.8000,4058.4000,4063.8000,4064.0000,4067.6000,4068.6000,4072.4000,1,1,1,1,5,1,1,3,1,1
SF,IF2008,2020-06-24 09:32:07.400,4063.4000,1344,0,69338820.000,0,-,-,-,-,4062.0000,4061.8000,4061.6000,4058.4000,4056.2000,4063.8000,4064.0000,4067.6000,4068.6000,4072.4000,1,1,1,5,1,1,1,3,1,1
SF,IF2008,2020-06-24 09:32:07.900,4063.4000,1344,0,69338820.000,0,-,-,-,-,4062.2000,4062.0000,4061.6000,4058.4000,4056.2000,4064.0000,4067.6000,4068.6000,4072.4000,4073.0000,1,1,1,5,1,1,3,1,1,2
SF,IF2008,2020-06-24 09:32:08.400,4063.4000,1344,0,69338820.000,0,-,-,-,-,4062.2000,4062.0000,4058.4000,4056.2000,4054.6000,4064.0000,4067.6000,4068.6000,4072.4000,4073.0000,1,1,5,1,1,1,3,1,1,2
SF,IF2008,2020-06-24 09:32:08.900,4063.4000,1344,0,69338820.000,0,-,-,-,-,4062.2000,4062.0000,4058.4000,4056.2000,4054.6000,4064.0000,4067.6000,4068.6000,4072.4000,4073.0000,1,1,5,1,1,1,3,1,1,2
SF,IF2008,2020-06-24 09:32:09.400,4063.4000,1344,0,69338820.000,0,-,-,-,-,4062.4000,4062.2000,4058.4000,4056.2000,4054.6000,4063.8000,4064.0000,4067.6000,4068.6000,4072.4000,1,1,5,1,1,1,1,3,1,1
SF,IF2008,2020-06-24 09:32:09.900,4062.4000,1343,-1,70557540.000,1,0,1,双平,S,4058.4000,4056.2000,4054.6000,4052.4000,4052.0000,4063.8000,4064.0000,4067.6000,4068.6000,4072.4000,5,1,1,1,5,1,1,3,1,1
SF,IF2008,2020-06-24 09:32:10.400,4062.4000,1343,0,70557540.000,0,-,-,-,-,4058.6000,4058.4000,4056.2000,4054.6000,4052.4000,4063.6000,4063.8000,4064.0000,4067.6000,4068.6000,2,5,1,1,1,1,1,1,3,1
SF,IF2008,2020-06-24 09:32:10.900,4062.4000,1343,0,70557540.000,0,-,-,-,-,4059.8000,4058.6000,4058.4000,4054.6000,4052.4000,4063.4000,4063.6000,4064.0000,4067.6000,4068.6000,1,2,5,1,1,1,1,1,3,1
SF,IF2008,2020-06-24 09:32:11.400,4062.4000,1343,0,70557540.000,0,-,-,-,-,4060.0000,4059.8000,4058.6000,4058.4000,4054.6000,4063.2000,4063.4000,4064.0000,4068.6000,4072.4000,1,1,1,5,1,1,1,1,1,1
SF,IF2008,2020-06-24 09:32:11.900,4062.4000,1343,0,70557540.000,0,-,-,-,-,4060.8000,4060.0000,4059.8000,4058.6000,4058.4000,4063.2000,4064.0000,4068.6000,4072.4000,4073.0000,1,1,1,1,5,1,1,1,1,2
SF,IF2008,2020-06-24 09:32:12.400,4062.4000,1343,0,70557540.000,0,-,-,-,-,4061.0000,4060.8000,4059.8000,4058.6000,4058.4000,4064.0000,4068.6000,4072.4000,4073.0000,4075.0000,1,1,1,1,5,1,1,1,2,9
SF,IF2008,2020-06-24 09:32:12.900,4064.0000,1343,0,71776740.000,1,0,1,多换,S,4061.2000,4061.0000,4060.8000,4059.8000,4058.6000,4068.6000,4072.4000,4073.0000,4075.0000,4076.6000,1,1,1,1,1,1,1,2,9,1
SF,IF2008,2020-06-24 09:32:13.400,4064.0000,1343,0,71776740.000,0,-,-,-,-,4061.4000,4061.2000,4060.8000,4058.6000,4054.6000,4068.0000,4068.4000,4068.6000,4072.4000,4073.0000,1,1,1,1,1,1,1,1,1,2
SF,IF2008,2020-06-24 09:32:13.900,4064.0000,1343,0,71776740.000,0,-,-,-,-,4062.6000,4061.6000,4061.4000,4060.8000,4058.6000,4067.8000,4068.0000,4068.6000,4072.4000,4073.0000,1,1,2,1,1,1,1,1,1,2
SF,IF2008,2020-06-24 09:32:14.400,4064.0000,1343,0,71776740.000,0,-,-,-,-,4062.8000,4062.6000,4060.8000,4054.6000,4052.4000,4067.6000,4067.8000,4068.0000,4068.6000,4072.4000,3,1,1,1,1,1,1,1,1,1
SF,IF2008,2020-06-24 09:32:14.900,4064.0000,1343,0,71776740.000,0,-,-,-,-,4063.0000,4062.8000,4062.6000,4060.8000,4054.6000,4067.2000,4067.4000,4067.6000,4068.0000,4068.6000,1,3,1,1,1,3,1,1,1,1
SF,IF2008,2020-06-24 09:32:15.400,4060.8000,1346,3,79089420.000,6,4,2,空开,S,4054.6000,4052.4000,4052.0000,4051.8000,4049.0000,4055.8000,4067.0000,4067.2000,4067.6000,4068.6000,1,1,3,1,1,4,2,3,1,1
SF,IF2008,2020-06-24 09:32:15.900,4067.2000,1343,-3,90056880.000,9,3,6,多平,S,4065.6000,4056.0000,4055.8000,4054.8000,4054.6000,4067.2000,4067.6000,4068.6000,4072.4000,4073.0000,1,2,12,2,1,1,1,1,1,2
SF,IF2008,2020-06-24 09:32:16.400,4065.6000,1343,0,91276560.000,1,0,1,多换,S,4059.6000,4057.0000,4055.8000,4054.8000,4054.6000,4067.0000,4067.6000,4068.6000,4072.4000,4073.0000,1,1,4,1,1,1,1,1,1,2
SF,IF2008,2020-06-24 09:32:16.900,4065.6000,1343,0,91276560.000,0,-,-,-,-,4062.6000,4062.2000,4062.0000,4061.8000,4061.4000,4067.0000,4067.6000,4068.6000,4072.4000,4073.0000,1,1,1,1,1,1,1,1,1,2
SF,IF2008,2020-06-24 09:32:17.400,4065.6000,1343,0,91276560.000,0,-,-,-,-,4062.8000,4062.6000,4062.2000,4062.0000,4061.8000,4067.0000,4067.6000,4068.6000,4072.4000,4073.0000,2,1,2,1,1,1,1,1,1,2
SF,IF2008,2020-06-24 09:32:17.900,4065.6000,1343,0,91276560.000,0,-,-,-,-,4062.8000,4062.4000,4062.2000,4062.0000,4061.8000,4067.0000,4068.6000,4072.4000,4073.0000,4075.0000,2,1,2,1,2,1,1,1,2,9
SF,IF2008,2020-06-24 09:32:18.400,4065.6000,1343,0,91276560.000,0,-,-,-,-,4063.4000,4062.8000,4062.4000,4062.2000,4062.0000,4067.0000,4068.6000,4072.4000,4073.0000,4075.0000,1,2,1,2,1,1,1,1,2,9
SF,IF2008,2020-06-24 09:32:18.900,4065.6000,1343,0,91276560.000,0,-,-,-,-,4063.6000,4063.4000,4062.4000,4062.2000,4062.0000,4068.6000,4072.4000,4073.0000,4075.0000,4076.6000,2,1,1,2,1,1,1,2,9,1
SF,IF2008,2020-06-24 09:32:19.400,4065.6000,1343,0,91276560.000,0,-,-,-,-,4063.6000,4063.4000,4062.2000,4062.0000,4061.8000,4068.0000,4068.4000,4068.6000,4072.4000,4073.0000,2,1,2,1,2,1,1,1,1,2
SF,IF2008,2020-06-24 09:32:19.900,4065.6000,1343,0,91276560.000,0,-,-,-,-,4063.6000,4063.4000,4063.0000,4062.2000,4062.0000,4067.8000,4068.0000,4068.6000,4072.4000,4073.0000,2,1,1,2,1,1,1,1,1,2
SF,IF2008,2020-06-24 09:32:20.400,4065.6000,1343,0,91276560.000,0,-,-,-,-,4063.6000,4063.4000,4063.0000,4062.8000,4062.2000,4067.6000,4067.8000,4068.0000,4068.6000,4072.4000,2,1,1,1,2,1,1,1,1,1
SF,IF2008,2020-06-24 09:32:20.900,4065.6000,1343,0,91276560.000,0,-,-,-,-,4063.6000,4063.4000,4063.0000,4062.8000,4062.2000,4067.4000,4067.6000,4068.0000,4068.6000,4072.4000,2,1,1,1,2,1,1,1,1,1
SF,IF2008,2020-06-24 09:32:21.400,4065.6000,1343,0,91276560.000,0,-,-,-,-,4064.0000,4063.6000,4063.4000,4063.0000,4062.8000,4067.4000,4067.6000,4068.0000,4068.6000,4072.4000,1,2,1,1,1,1,1,1,1,1
SF,IF2008,2020-06-24 09:32:21.900,4065.6000,1343,0,91276560.000,0,-,-,-,-,4064.2000,4064.0000,4063.4000,4063.0000,4062.2000,4067.4000,4067.6000,4068.0000,4068.6000,4072.4000,2,1,1,1,1,1,1,1,1,1
SF,IF2008,2020-06-24 09:32:22.400,4065.6000,1343,0,91276560.000,0,-,-,-,-,4064.2000,4064.0000,4063.4000,4062.6000,4062.4000,4067.4000,4067.6000,4068.0000,4068.6000,4072.4000,2,1,1,2,1,1,1,1,1,1
SF,IF2008,2020-06-24 09:32:22.900,4065.6000,1343,0,91276560.000,0,-,-,-,-,4064.2000,4062.6000,4062.4000,4062.2000,4061.8000,4067.4000,4068.0000,4068.6000,4072.4000,4073.0000,2,2,2,1,2,1,1,1,1,4
SF,IF2008,2020-06-24 09:32:23.400,4065.6000,1343,0,91276560.000,0,-,-,-,-,4064.4000,4064.2000,4062.6000,4062.4000,4062.2000,4067.2000,4067.4000,4068.0000,4068.6000,4072.4000,1,2,1,2,1,1,1,1,1,1
SF,IF2008,2020-06-24 09:32:23.900,4065.6000,1343,0,91276560.000,0,-,-,-,-,4064.6000,4064.4000,4062.6000,4062.4000,4062.2000,4067.0000,4067.2000,4068.0000,4072.4000,4073.0000,2,1,1,2,1,1,1,1,1,4
SF,IF2008,2020-06-24 09:32:24.400,4064.6000,1342,-1,93715320.000,2,0,2,多平,S,4062.6000,4062.4000,4062.2000,4061.8000,4061.6000,4067.0000,4067.2000,4068.0000,4069.6000,4072.4000,1,1,1,2,3,1,1,1,1,1
SF,IF2008,2020-06-24 09:32:24.900,4064.6000,1342,0,93715320.000,0,-,-,-,-,4062.8000,4062.6000,4062.4000,4062.2000,4061.8000,4066.8000,4067.0000,4067.2000,4068.0000,4069.6000,1,1,1,1,2,1,1,1,1,1
SF,IF2008,2020-06-24 09:32:25.400,4064.6000,1342,0,93715320.000,0,-,-,-,-,4063.2000,4062.8000,4062.6000,4062.4000,4062.2000,4066.6000,4066.8000,4067.2000,4068.0000,4069.6000,1,1,1,1,1,1,1,1,1,1
SF,IF2008,2020-06-24 09:32:25.900,4064.6000,1342,0,93715320.000,0,-,-,-,-,4063.4000,4063.2000,4062.6000,4062.4000,4061.6000,4066.4000,4066.6000,4068.0000,4069.6000,4072.4000,1,1,1,1,1,1,1,1,1,1
SF,IF2008,2020-06-24 09:32:26.400,4064.6000,1342,0,93715320.000,0,-,-,-,-,4063.4000,4063.2000,4062.6000,4062.4000,4061.8000,4066.2000,4066.4000,4068.0000,4069.6000,4072.4000,1,1,1,1,2,1,1,1,1,1
SF,IF2008,2020-06-24 09:32:26.900,4064.6000,1342,0,93715320.000,0,-,-,-,-,4063.4000,4063.2000,4062.6000,4062.4000,4061.8000,4066.0000,4066.2000,4068.0000,4069.6000,4071.2000,1,1,1,1,4,1,1,1,1,2
SF,IF2008,2020-06-24 09:32:27.400,4064.6000,1342,0,93715320.000,0,-,-,-,-,4063.4000,4063.2000,4062.6000,4062.4000,4061.8000,4065.8000,4066.0000,4068.0000,4069.6000,4071.2000,1,1,1,1,4,1,1,1,1,2
SF,IF2008,2020-06-24 09:32:27.900,4064.6000,1342,0,93715320.000,0,-,-,-,-,4063.4000,4063.2000,4062.6000,4061.8000,4061.6000,4065.8000,4066.0000,4068.0000,4069.6000,4071.2000,1,1,1,4,1,1,1,1,1,2
SF,IF2008,2020-06-24 09:32:28.400,4064.6000,1342,0,93715320.000,0,-,-,-,-,4063.4000,4063.2000,4062.6000,4061.8000,4061.6000,4065.8000,4066.0000,4068.0000,4069.6000,4071.2000,1,1,1,4,1,1,1,1,1,2
SF,IF2008,2020-06-24 09:32:28.900,4064.6000,1342,0,93715320.000,0,-,-,-,-,4063.4000,4063.2000,4062.6000,4061.8000,4061.6000,4065.8000,4066.0000,4068.0000,4069.6000,4071.2000,1,1,1,4,1,1,1,1,1,2
SF,IF2008,2020-06-24 09:32:29.400,4064.6000,1342,0,93715320.000,0,-,-,-,-,4063.2000,4062.6000,4061.8000,4061.6000,4061.2000,4065.8000,4066.0000,4068.0000,4069.6000,4071.2000,1,1,4,1,4,1,1,1,1,2
SF,IF2008,2020-06-24 09:32:29.900,4064.6000,1342,0,93715320.000,0,-,-,-,-,4063.4000,4063.2000,4062.6000,4061.8000,4061.6000,4065.6000,4065.8000,4068.0000,4069.6000,4071.2000,1,1,1,3,1,1,1,1,1,2
SF,IF2008,2020-06-24 09:32:30.400,4064.6000,1342,0,93715320.000,0,-,-,-,-,4063.4000,4062.6000,4061.8000,4061.6000,4061.2000,4065.4000,4065.6000,4068.0000,4069.6000,4071.2000,1,1,3,1,3,1,1,1,1,2
SF,IF2008,2020-06-24 09:32:30.900,4064.6000,1342,0,93715320.000,0,-,-,-,-,4063.4000,4062.6000,4062.0000,4061.8000,4061.6000,4065.4000,4065.6000,4068.0000,4069.6000,4071.2000,1,1,1,3,1,1,1,1,1,2
SF,IF2008,2020-06-24 09:32:31.400,4064.6000,1342,0,93715320.000,0,-,-,-,-,4063.4000,4062.6000,4062.0000,4061.8000,4061.6000,4065.4000,4065.6000,4068.0000,4069.6000,4071.2000,1,1,1,3,1,1,1,1,1,2
SF,IF2008,2020-06-24 09:32:31.900,4064.6000,1342,0,93715320.000,0,-,-,-,-,4062.6000,4062.0000,4061.8000,4061.6000,4061.4000,4065.4000,4065.6000,4068.0000,4069.6000,4071.2000,1,1,3,1,1,1,1,1,1,2
SF,IF2008,2020-06-24 09:32:32.400,4064.6000,1342,0,93715320.000,0,-,-,-,-,4062.8000,4062.6000,4061.8000,4061.6000,4061.4000,4065.2000,4065.4000,4068.0000,4069.6000,4071.2000,1,1,3,1,1,1,1,1,1,2
SF,IF2008,2020-06-24 09:32:32.900,4064.6000,1342,0,93715320.000,0,-,-,-,-,4062.8000,4062.6000,4061.8000,4061.6000,4061.4000,4065.0000,4065.2000,4066.8000,4068.0000,4069.6000,1,1,2,1,1,1,1,1,1,1
SF,IF2008,2020-06-24 09:32:33.400,4064.6000,1342,0,93715320.000,0,-,-,-,-,4062.8000,4062.6000,4061.8000,4061.4000,4061.2000,4065.0000,4065.2000,4066.8000,4068.0000,4069.6000,1,1,2,1,3,1,1,1,1,1
SF,IF2008,2020-06-24 09:32:33.900,4064.6000,1342,0,93715320.000,0,-,-,-,-,4062.8000,4062.6000,4061.8000,4061.4000,4061.2000,4065.0000,4065.2000,4066.8000,4068.0000,4069.6000,1,1,2,1,3,1,1,1,1,1
SF,IF2008,2020-06-24 09:32:34.400,4064.6000,1342,0,93715320.000,0,-,-,-,-,4063.0000,4062.8000,4062.6000,4061.8000,4061.4000,4065.0000,4065.2000,4066.8000,4068.0000,4069.6000,1,1,1,2,1,1,1,1,1,1
SF,IF2008,2020-06-24 09:32:34.900,4064.6000,1342,0,93715320.000,0,-,-,-,-,4063.2000,4063.0000,4062.6000,4061.8000,4061.4000,4065.0000,4065.2000,4066.8000,4068.0000,4069.6000,2,1,1,2,1,1,1,1,1,1
SF,IF2008,2020-06-24 09:32:35.400,4064.6000,1342,0,93715320.000,0,-,-,-,-,4063.2000,4062.6000,4061.8000,4061.4000,4061.2000,4065.0000,4066.8000,4068.0000,4069.6000,4071.2000,1,1,2,1,3,1,1,1,1,2
SF,IF2008,2020-06-24 09:32:35.900,4064.6000,1342,0,93715320.000,0,-,-,-,-,4063.2000,4062.6000,4061.8000,4061.4000,4061.2000,4065.0000,4066.8000,4068.0000,4069.6000,4071.2000,1,1,3,1,3,1,1,1,1,2
SF,IF2008,2020-06-24 09:32:36.400,4063.2000,1342,0,94934280.000,1,0,1,多换,S,4062.6000,4061.8000,4061.4000,4061.2000,4061.0000,4063.2000,4064.8000,4065.0000,4066.8000,4068.0000,1,3,1,3,1,1,1,1,1,1
SF,IF2008,2020-06-24 09:32:36.900,4062.6000,1342,0,96153060.000,1,0,1,多换,S,4061.8000,4061.4000,4061.2000,4061.0000,4060.6000,4063.2000,4064.8000,4065.0000,4066.8000,4068.0000,1,1,1,1,2,1,1,1,1,1
SF,IF2008,2020-06-24 09:32:37.400,4062.6000,1342,0,96153060.000,0,-,-,-,-,4060.6000,4060.0000,4059.8000,4059.6000,4059.4000,4063.2000,4064.8000,4065.0000,4066.8000,4068.0000,1,1,3,2,3,1,1,1,1,1
SF,IF2008,2020-06-24 09:32:37.900,4062.6000,1342,0,96153060.000,0,-,-,-,-,4060.8000,4060.0000,4059.8000,4059.6000,4059.4000,4063.0000,4063.2000,4064.8000,4066.8000,4068.0000,1,1,3,2,3,2,1,1,1,1
SF,IF2008,2020-06-24 09:32:38.400,4062.6000,1342,0,96153060.000,0,-,-,-,-,4060.8000,4060.6000,4059.8000,4059.6000,4059.4000,4063.0000,4063.2000,4064.8000,4068.0000,4069.6000,1,1,2,2,3,2,1,1,1,1
SF,IF2008,2020-06-24 09:32:38.900,4062.6000,1342,0,96153060.000,0,-,-,-,-,4060.8000,4060.6000,4059.6000,4059.4000,4059.2000,4063.0000,4063.2000,4064.8000,4068.0000,4069.6000,2,1,2,3,1,2,1,1,1,1
SF,IF2008,2020-06-24 09:32:39.400,4060.8000,1341,-1,97371300.000,1,0,1,双平,S,4060.6000,4059.6000,4059.4000,4059.2000,4059.0000,4063.0000,4063.2000,4064.8000,4068.0000,4069.6000,1,2,3,2,3,2,1,1,1,1
SF,IF2008,2020-06-24 09:32:39.900,4060.6000,1340,-1,98589480.000,1,0,1,双平,S,4059.2000,4059.0000,4058.6000,4058.4000,4058.2000,4063.0000,4063.2000,4064.8000,4068.0000,4069.6000,2,3,1,2,3,2,1,1,1,1
SF,IF2008,2020-06-24 09:32:40.400,4060.6000,1340,0,98589480.000,0,-,-,-,-,4059.4000,4059.2000,4059.0000,4058.6000,4058.4000,4063.0000,4063.2000,4068.0000,4069.6000,4071.2000,1,1,2,1,2,2,1,1,1,2
SF,IF2008,2020-06-24 09:32:40.900,4060.6000,1340,0,98589480.000,0,-,-,-,-,4059.4000,4059.2000,4059.0000,4058.6000,4058.2000,4062.6000,4062.8000,4063.0000,4063.2000,4068.0000,1,1,2,1,3,1,1,2,1,1
SF,IF2008,2020-06-24 09:32:41.400,4060.6000,1340,0,98589480.000,0,-,-,-,-,4059.4000,4059.2000,4059.0000,4058.6000,4058.2000,4062.4000,4062.6000,4062.8000,4063.2000,4068.0000,1,1,2,1,2,2,1,1,1,1
SF,IF2008,2020-06-24 09:32:41.900,4060.6000,1340,0,98589480.000,0,-,-,-,-,4059.4000,4059.2000,4059.0000,4058.2000,4057.8000,4062.4000,4062.6000,4062.8000,4063.2000,4068.0000,1,1,1,2,2,2,1,1,1,1
SF,IF2008,2020-06-24 09:32:42.400,4060.6000,1340,0,98589480.000,0,-,-,-,-,4059.4000,4059.2000,4059.0000,4058.2000,4057.8000,4062.4000,4062.6000,4062.8000,4063.2000,4068.0000,1,1,1,2,2,2,1,1,1,1
SF,IF2008,2020-06-24 09:32:42.900,4060.6000,1340,0,98589480.000,0,-,-,-,-,4059.4000,4059.2000,4059.0000,4058.2000,4057.8000,4062.4000,4062.8000,4063.2000,4065.6000,4068.0000,1,1,1,2,2,2,1,1,2,1
SF,IF2008,2020-06-24 09:32:43.400,4060.6000,1340,0,98589480.000,0,-,-,-,-,4059.4000,4059.2000,4059.0000,4058.2000,4057.8000,4062.4000,4062.8000,4063.2000,4065.6000,4068.0000,1,1,1,2,2,2,1,1,2,1
SF,IF2008,2020-06-24 09:32:43.900,4060.6000,1340,0,98589480.000,0,-,-,-,-,4059.6000,4059.4000,4059.2000,4059.0000,4058.2000,4062.4000,4063.2000,4065.6000,4068.0000,4069.6000,1,1,1,1,2,2,1,2,1,1
SF,IF2008,2020-06-24 09:32:44.400,4060.6000,1340,0,98589480.000,0,-,-,-,-,4059.8000,4059.6000,4059.2000,4059.0000,4058.2000,4062.4000,4063.2000,4065.6000,4068.0000,4069.6000,1,1,1,1,2,2,1,2,1,1
SF,IF2008,2020-06-24 09:32:44.900,4060.6000,1340,0,98589480.000,0,-,-,-,-,4059.8000,4059.6000,4059.2000,4059.0000,4058.2000,4062.4000,4063.2000,4065.6000,4068.0000,4069.6000,1,1,1,1,2,2,1,2,1,1
SF,IF2008,2020-06-24 09:32:45.400,4060.6000,1340,0,98589480.000,0,-,-,-,-,4059.8000,4059.6000,4059.2000,4059.0000,4057.8000,4062.4000,4063.2000,4065.6000,4068.0000,4069.6000,1,1,1,1,1,2,1,2,1,1
SF,IF2008,2020-06-24 09:32:45.900,4060.6000,1340,0,98589480.000,0,-,-,-,-,4059.8000,4059.6000,4059.2000,4059.0000,4057.8000,4062.4000,4063.2000,4065.6000,4068.0000,4069.6000,1,1,1,1,1,2,1,2,1,1
SF,IF2008,2020-06-24 09:32:46.900,4060.6000,1340,0,98589480.000,0,-,-,-,-,4059.8000,4059.2000,4059.0000,4057.8000,4057.6000,4062.4000,4063.2000,4065.6000,4068.0000,4069.6000,1,1,1,1,3,2,1,2,1,1
SF,IF2008,2020-06-24 09:32:47.400,4060.6000,1340,0,98589480.000,0,-,-,-,-,4059.8000,4059.2000,4059.0000,4057.8000,4057.6000,4062.4000,4063.2000,4065.6000,4068.0000,4069.6000,1,1,1,1,3,2,1,2,1,1
SF,IF2008,2020-06-24 09:32:48.400,4060.6000,1340,0,98589480.000,0,-,-,-,-,4059.2000,4059.0000,4057.8000,4057.6000,4057.4000,4062.4000,4063.2000,4065.6000,4068.0000,4069.6000,1,1,4,3,2,2,1,2,1,1
SF,IF2008,2020-06-24 09:32:48.900,4060.6000,1340,0,98589480.000,0,-,-,-,-,4059.4000,4059.2000,4059.0000,4057.8000,4057.6000,4062.4000,4063.2000,4065.6000,4068.0000,4069.6000,1,1,1,5,3,2,1,2,1,1
SF,IF2008,2020-06-24 09:32:49.400,4060.6000,1340,0,98589480.000,0,-,-,-,-,4059.4000,4059.2000,4059.0000,4057.8000,4057.6000,4062.4000,4063.2000,4065.6000,4068.0000,4069.6000,1,1,1,5,3,2,1,2,1,1
SF,IF2008,2020-06-24 09:32:49.900,4060.6000,1340,0,98589480.000,0,-,-,-,-,4059.4000,4059.2000,4059.0000,4057.8000,4057.6000,4062.4000,4063.2000,4065.6000,4068.0000,4069.6000,1,1,1,5,3,2,1,2,1,1
SF,IF2008,2020-06-24 09:32:50.400,4060.6000,1340,0,98589480.000,0,-,-,-,-,4059.4000,4059.0000,4057.8000,4057.6000,4057.4000,4062.4000,4063.2000,4065.6000,4068.0000,4069.6000,1,1,2,3,2,2,1,2,1,1
SF,IF2008,2020-06-24 09:32:50.900,4060.6000,1340,0,98589480.000,0,-,-,-,-,4059.4000,4059.0000,4057.8000,4057.6000,4057.4000,4062.4000,4063.2000,4065.6000,4068.0000,4069.6000,1,1,2,3,2,2,1,2,1,1
SF,IF2008,2020-06-24 09:32:51.400,4060.6000,1340,0,98589480.000,0,-,-,-,-,4059.4000,4059.0000,4057.8000,4057.6000,4057.2000,4062.4000,4063.2000,4065.6000,4068.0000,4069.6000,1,1,2,3,1,2,1,2,1,1
SF,IF2008,2020-06-24 09:32:52.900,4060.6000,1340,0,98589480.000,0,-,-,-,-,4059.4000,4059.0000,4057.8000,4057.6000,4057.2000,4062.4000,4063.2000,4065.6000,4068.0000,4069.6000,1,1,2,3,1,2,1,2,1,1
SF,IF2008,2020-06-24 09:32:53.400,4060.6000,1340,0,98589480.000,0,-,-,-,-,4059.4000,4059.0000,4057.8000,4057.6000,4057.2000,4062.4000,4063.2000,4065.6000,4068.0000,4069.6000,1,1,2,3,1,2,1,2,1,1
SF,IF2008,2020-06-24 09:32:54.900,4060.6000,1340,0,98589480.000,0,-,-,-,-,4059.4000,4059.0000,4057.8000,4057.6000,4057.2000,4062.4000,4063.2000,4065.6000,4068.0000,4069.6000,1,1,2,3,1,2,1,2,1,1
SF,IF2008,2020-06-24 09:32:55.900,4060.6000,1340,0,98589480.000,0,-,-,-,-,4059.4000,4059.0000,4057.8000,4057.6000,4057.2000,4062.2000,4062.4000,4063.2000,4065.6000,4068.0000,1,1,2,3,1,1,2,1,2,1
SF,IF2008,2020-06-24 09:32:56.400,4060.6000,1340,0,98589480.000,0,-,-,-,-,4059.0000,4057.8000,4057.6000,4057.2000,4057.0000,4062.0000,4062.2000,4063.2000,4065.6000,4068.0000,1,2,3,1,2,2,1,1,2,1
SF,IF2008,2020-06-24 09:32:56.900,4060.6000,1340,0,98589480.000,0,-,-,-,-,4059.2000,4059.0000,4057.8000,4057.6000,4057.2000,4059.4000,4062.0000,4062.2000,4063.2000,4065.6000,1,1,2,3,1,1,2,1,1,2
SF,IF2008,2020-06-24 09:32:57.400,4059.4000,1339,-1,99807300.000,1,0,1,双平,S,4059.6000,4059.4000,4059.2000,4059.0000,4057.8000,4062.0000,4062.2000,4063.2000,4065.6000,4068.0000,1,1,1,1,1,2,1,1,2,1
SF,IF2008,2020-06-24 09:32:57.900,4059.4000,1339,0,99807300.000,0,-,-,-,-,4059.8000,4059.0000,4057.8000,4057.6000,4057.2000,4062.0000,4062.2000,4063.2000,4065.6000,4068.0000,1,1,1,3,1,2,1,1,2,1
SF,IF2008,2020-06-24 09:32:58.900,4059.4000,1339,0,99807300.000,0,-,-,-,-,4059.8000,4059.0000,4057.8000,4057.6000,4057.2000,4062.0000,4063.2000,4065.6000,4068.0000,4069.6000,1,1,1,3,1,2,1,2,1,1
SF,IF2008,2020-06-24 09:32:59.400,4059.4000,1339,0,99807300.000,0,-,-,-,-,4059.8000,4059.0000,4058.6000,4057.8000,4057.6000,4062.0000,4063.2000,4065.6000,4068.0000,4069.6000,1,1,1,1,3,2,1,2,1,1
SF,IF2008,2020-06-24 09:32:59.900,4059.4000,1339,0,99807300.000,0,-,-,-,-,4059.4000,4059.0000,4058.6000,4057.8000,4057.6000,4061.8000,4062.0000,4063.2000,4065.6000,4068.0000,1,1,1,1,3,1,2,1,2,1
SF,IF2008,2020-06-24 09:33:00.400,4059.4000,1339,0,99807300.000,0,-,-,-,-,4060.0000,4059.6000,4059.4000,4059.0000,4058.6000,4061.6000,4061.8000,4062.0000,4063.2000,4065.6000,1,1,1,1,1,1,1,1,1,2
SF,IF2008,2020-06-24 09:33:00.900,4059.4000,1339,0,99807300.000,0,-,-,-,-,4060.2000,4060.0000,4059.4000,4059.0000,4058.6000,4061.6000,4061.8000,4063.2000,4065.6000,4068.0000,1,1,1,1,1,1,1,1,2,1
SF,IF2008,2020-06-24 09:33:01.400,4061.6000,1338,-1,101025780.000,1,0,1,双平,S,4060.0000,4059.4000,4059.0000,4058.6000,4057.6000,4063.2000,4065.6000,4068.0000,4069.6000,4071.2000,1,1,1,1,1,1,2,1,1,2
SF,IF2008,2020-06-24 09:33:01.900,4061.6000,1338,0,101025780.000,0,-,-,-,-,4060.2000,4059.4000,4059.0000,4058.6000,4057.6000,4063.0000,4063.2000,4065.6000,4068.0000,4069.6000,1,1,1,1,1,2,1,2,1,1
SF,IF2008,2020-06-24 09:33:02.400,4061.6000,1338,0,101025780.000,0,-,-,-,-,4060.2000,4059.4000,4059.0000,4058.6000,4057.6000,4062.8000,4063.0000,4063.2000,4065.6000,4068.0000,1,1,1,1,1,1,2,1,2,1
SF,IF2008,2020-06-24 09:33:02.900,4061.6000,1338,0,101025780.000,0,-,-,-,-,4060.2000,4059.4000,4059.0000,4058.6000,4057.6000,4062.6000,4062.8000,4063.2000,4065.6000,4068.0000,1,1,1,1,1,2,1,1,2,1
SF,IF2008,2020-06-24 09:33:03.900,4061.6000,1338,0,101025780.000,0,-,-,-,-,4060.8000,4060.4000,4060.2000,4059.4000,4059.0000,4062.6000,4062.8000,4063.2000,4065.6000,4068.0000,1,1,1,1,1,2,1,1,2,1
SF,IF2008,2020-06-24 09:33:04.400,4061.6000,1338,0,101025780.000,0,-,-,-,-,4060.8000,4060.4000,4060.2000,4059.4000,4059.0000,4062.6000,4062.8000,4063.2000,4068.0000,4069.6000,1,2,1,1,1,1,1,1,1,1
SF,IF2008,2020-06-24 09:33:05.400,4061.6000,1338,0,101025780.000,0,-,-,-,-,4060.4000,4060.2000,4059.4000,4059.0000,4058.6000,4062.6000,4062.8000,4063.2000,4068.0000,4069.6000,2,1,1,1,1,1,1,1,1,1
SF,IF2008,2020-06-24 09:33:06.400,4061.6000,1338,0,101025780.000,0,-,-,-,-,4060.4000,4060.2000,4059.4000,4059.0000,4058.6000,4062.6000,4062.8000,4063.2000,4068.0000,4069.6000,1,1,1,1,1,1,1,1,1,1
SF,IF2008,2020-06-24 09:33:06.900,4061.6000,1338,0,101025780.000,0,-,-,-,-,4060.4000,4059.4000,4059.0000,4058.6000,4057.6000,4062.6000,4062.8000,4063.2000,4068.0000,4069.6000,1,1,1,1,1,1,1,1,1,1
SF,IF2008,2020-06-24 09:33:07.900,4060.4000,1337,-1,102243900.000,1,0,1,双平,S,4059.0000,4057.8000,4057.6000,4057.2000,4057.0000,4062.6000,4062.8000,4063.2000,4068.0000,4069.6000,1,1,1,4,1,1,1,1,1,1
SF,IF2008,2020-06-24 09:33:08.400,4060.4000,1337,0,102243900.000,0,-,-,-,-,4059.2000,4059.0000,4057.8000,4057.6000,4057.2000,4062.4000,4062.6000,4062.8000,4063.2000,4068.0000,1,1,1,1,4,1,1,1,1,1
SF,IF2008,2020-06-24 09:33:08.900,4060.4000,1337,0,102243900.000,0,-,-,-,-,4059.0000,4057.8000,4057.6000,4057.2000,4057.0000,4062.2000,4062.4000,4062.8000,4063.2000,4068.0000,1,1,1,4,1,1,1,1,1,1
SF,IF2008,2020-06-24 09:33:09.400,4060.4000,1337,0,102243900.000,0,-,-,-,-,4059.0000,4057.8000,4057.6000,4057.2000,4057.0000,4062.0000,4062.2000,4062.8000,4063.2000,4068.0000,1,1,1,4,1,1,1,1,1,1
SF,IF2008,2020-06-24 09:33:09.900,4060.4000,1337,0,102243900.000,0,-,-,-,-,4059.0000,4057.2000,4057.0000,4056.8000,4056.4000,4061.8000,4062.0000,4062.8000,4063.2000,4068.0000,1,3,1,2,4,2,1,1,1,1
SF,IF2008,2020-06-24 09:33:10.400,4060.4000,1337,0,102243900.000,0,-,-,-,-,4059.0000,4057.2000,4057.0000,4056.8000,4056.4000,4061.6000,4061.8000,4062.8000,4063.2000,4068.0000,1,3,1,1,4,1,2,1,1,1
SF,IF2008,2020-06-24 09:33:10.900,4060.4000,1337,0,102243900.000,0,-,-,-,-,4059.0000,4057.2000,4057.0000,4056.8000,4056.2000,4060.4000,4061.4000,4061.6000,4062.8000,4063.2000,1,3,1,1,1,1,1,1,1,1
SF,IF2008,2020-06-24 09:33:11.400,4060.4000,1337,0,102243900.000,0,-,-,-,-,4059.0000,4057.2000,4057.0000,4056.8000,4056.2000,4060.4000,4061.4000,4061.6000,4062.8000,4063.2000,1,3,1,1,1,1,2,1,1,1
SF,IF2008,2020-06-24 09:33:11.900,4060.4000,1337,0,102243900.000,0,-,-,-,-,4059.0000,4057.0000,4056.8000,4056.2000,4055.8000,4060.2000,4060.4000,4061.4000,4061.6000,4062.8000,1,1,1,1,1,1,1,1,1,1
SF,IF2008,2020-06-24 09:33:12.400,4059.0000,1337,0,103461600.000,1,0,1,多换,S,4057.0000,4056.8000,4056.2000,4055.8000,4055.6000,4060.2000,4060.4000,4061.4000,4061.6000,4062.8000,1,1,1,1,1,1,1,1,1,1
SF,IF2008,2020-06-24 09:33:12.900,4059.0000,1337,0,103461600.000,0,-,-,-,-,4057.2000,4057.0000,4056.8000,4056.2000,4055.8000,4060.0000,4060.2000,4060.4000,4061.4000,4063.2000,1,1,1,1,1,1,1,1,1,1
SF,IF2008,2020-06-24 09:33:13.400,4059.0000,1337,0,103461600.000,0,-,-,-,-,4057.2000,4057.0000,4056.8000,4056.2000,4055.8000,4059.8000,4060.0000,4060.4000,4063.2000,4069.6000,1,1,1,1,1,1,1,1,1,1
SF,IF2008,2020-06-24 09:33:13.900,4059.0000,1337,0,103461600.000,0,-,-,-,-,4057.2000,4057.0000,4056.8000,4056.2000,4055.8000,4059.6000,4059.8000,4060.4000,4063.2000,4069.6000,1,1,1,1,1,2,2,1,1,1
SF,IF2008,2020-06-24 09:33:14.400,4057.2000,1336,-1,104678760.000,1,0,1,双平,S,4057.0000,4055.8000,4055.6000,4055.2000,4055.0000,4059.4000,4059.6000,4059.8000,4060.4000,4063.2000,1,1,1,3,3,1,2,1,1,1
SF,IF2008,2020-06-24 09:33:14.900,4057.2000,1336,0,104678760.000,0,-,-,-,-,4057.0000,4055.8000,4055.2000,4054.8000,4054.6000,4059.4000,4059.6000,4059.8000,4060.4000,4063.2000,1,1,3,2,1,1,2,1,1,1
SF,IF2008,2020-06-24 09:33:15.400,4057.2000,1336,0,104678760.000,0,-,-,-,-,4057.2000,4057.0000,4055.8000,4055.2000,4054.8000,4059.4000,4059.6000,4059.8000,4060.4000,4063.2000,1,1,1,3,2,1,2,1,1,1
SF,IF2008,2020-06-24 09:33:15.900,4057.2000,1336,0,104678760.000,0,-,-,-,-,4057.0000,4055.8000,4055.2000,4054.8000,4054.6000,4059.4000,4059.6000,4059.8000,4060.4000,4063.2000,1,1,3,2,1,1,2,1,1,1
SF,IF2008,2020-06-24 09:33:16.400,4057.2000,1336,0,104678760.000,0,-,-,-,-,4057.2000,4057.0000,4055.8000,4055.2000,4054.8000,4059.4000,4059.6000,4059.8000,4060.4000,4063.2000,1,1,1,3,2,1,2,1,1,1
SF,IF2008,2020-06-24 09:33:16.900,4057.2000,1336,0,104678760.000,0,-,-,-,-,4057.0000,4055.8000,4055.2000,4054.8000,4054.6000,4059.4000,4059.6000,4059.8000,4060.4000,4063.2000,1,1,3,2,1,1,1,1,1,1
SF,IF2008,2020-06-24 09:33:17.400,4057.2000,1336,0,104678760.000,0,-,-,-,-,4057.2000,4057.0000,4055.8000,4055.2000,4054.8000,4059.4000,4059.6000,4059.8000,4060.4000,4063.2000,2,1,1,3,2,1,1,1,1,1
SF,IF2008,2020-06-24 09:33:17.900,4057.2000,1336,0,104678760.000,0,-,-,-,-,4057.2000,4057.0000,4055.8000,4055.2000,4054.8000,4059.4000,4059.6000,4059.8000,4060.4000,4063.2000,1,1,1,3,2,1,1,1,1,1
SF,IF2008,2020-06-24 09:33:18.400,4059.4000,1336,0,105896580.000,1,0,1,多换,S,4057.4000,4057.0000,4055.8000,4055.2000,4054.8000,4059.6000,4059.8000,4060.4000,4063.2000,4066.8000,2,1,1,3,2,1,1,1,1,2
SF,IF2008,2020-06-24 09:33:18.900,4059.4000,1336,0,105896580.000,0,-,-,-,-,4057.4000,4057.0000,4055.8000,4055.2000,4054.8000,4059.4000,4059.6000,4059.8000,4060.4000,4063.2000,2,1,1,3,2,1,1,1,1,1
SF,IF2008,2020-06-24 09:33:19.400,4059.4000,1336,0,105896580.000,0,-,-,-,-,4057.6000,4057.4000,4057.0000,4055.8000,4055.2000,4059.4000,4059.6000,4059.8000,4060.4000,4063.2000,1,2,1,1,3,1,1,1,1,1
SF,IF2008,2020-06-24 09:33:19.900,4059.4000,1336,0,105896580.000,0,-,-,-,-,4057.6000,4057.4000,4057.0000,4055.8000,4055.2000,4059.2000,4059.4000,4059.8000,4060.4000,4063.2000,1,1,1,1,3,1,1,1,1,1
SF,IF2008,2020-06-24 09:33:20.400,4059.4000,1336,0,105896580.000,0,-,-,-,-,4057.6000,4057.0000,4055.8000,4055.2000,4054.8000,4059.0000,4059.2000,4059.8000,4060.4000,4063.2000,1,1,1,3,2,1,1,1,1,1
SF,IF2008,2020-06-24 09:33:21.400,4059.4000,1336,0,105896580.000,0,-,-,-,-,4057.6000,4057.0000,4056.0000,4055.8000,4055.2000,4059.0000,4059.2000,4059.8000,4060.4000,4063.2000,1,1,1,1,3,1,1,1,1,1
SF,IF2008,2020-06-24 09:33:21.900,4059.4000,1336,0,105896580.000,0,-,-,-,-,4057.6000,4057.0000,4056.0000,4055.8000,4055.6000,4059.0000,4059.2000,4059.8000,4060.4000,4063.2000,1,1,1,2,1,1,1,1,1,1
SF,IF2008,2020-06-24 09:33:22.400,4059.4000,1336,0,105896580.000,0,-,-,-,-,4057.6000,4057.0000,4056.0000,4055.8000,4055.6000,4059.0000,4059.8000,4060.4000,4063.2000,4066.8000,1,1,1,2,1,1,1,1,1,2
SF,IF2008,2020-06-24 09:33:22.900,4059.4000,1336,0,105896580.000,0,-,-,-,-,4057.6000,4057.0000,4055.8000,4055.6000,4055.2000,4059.0000,4059.8000,4060.4000,4063.2000,4066.8000,1,2,2,1,3,1,1,1,1,2
SF,IF2008,2020-06-24 09:33:23.400,4059.4000,1336,0,105896580.000,0,-,-,-,-,4057.6000,4057.0000,4055.8000,4055.6000,4055.2000,4058.8000,4059.0000,4059.8000,4060.4000,4063.2000,1,2,2,1,3,1,1,1,1,1
SF,IF2008,2020-06-24 09:33:23.900,4059.4000,1336,0,105896580.000,0,-,-,-,-,4057.6000,4057.0000,4055.8000,4055.6000,4055.2000,4058.6000,4058.8000,4059.8000,4060.4000,4063.2000,1,2,2,1,3,1,1,1,1,1
SF,IF2008,2020-06-24 09:33:24.400,4059.4000,1336,0,105896580.000,0,-,-,-,-,4057.6000,4057.0000,4055.8000,4055.6000,4055.2000,4058.6000,4058.8000,4059.8000,4060.4000,4063.2000,1,1,2,1,3,1,1,1,1,1
SF,IF2008,2020-06-24 09:33:24.900,4059.4000,1336,0,105896580.000,0,-,-,-,-,4057.6000,4057.0000,4056.0000,4055.8000,4055.6000,4058.6000,4059.8000,4060.4000,4063.2000,4066.8000,1,1,1,2,1,1,1,1,1,2
SF,IF2008,2020-06-24 09:33:26.400,4058.6000,1335,-1,107114160.000,1,0,1,双平,S,4057.6000,4057.0000,4056.0000,4055.8000,4055.6000,4059.8000,4060.4000,4063.2000,4066.8000,4068.0000,1,1,1,2,1,1,1,1,2,1
SF,IF2008,2020-06-24 09:33:26.900,4058.6000,1335,0,107114160.000,0,-,-,-,-,4057.6000,4057.0000,4056.0000,4055.8000,4055.6000,4059.6000,4059.8000,4060.4000,4063.2000,4066.8000,1,1,1,2,1,2,1,1,1,2
SF,IF2008,2020-06-24 09:33:27.400,4058.6000,1335,0,107114160.000,0,-,-,-,-,4057.8000,4057.6000,4057.0000,4055.8000,4055.6000,4059.6000,4059.8000,4060.4000,4063.2000,4066.8000,2,1,1,2,1,2,1,1,1,2
SF,IF2008,2020-06-24 09:33:27.900,4058.6000,1335,0,107114160.000,0,-,-,-,-,4057.8000,4057.6000,4057.0000,4055.8000,4055.6000,4059.6000,4059.8000,4060.4000,4063.2000,4066.8000,2,1,1,2,1,2,1,1,1,2
SF,IF2008,2020-06-24 09:33:28.400,4058.6000,1335,0,107114160.000,0,-,-,-,-,4057.8000,4057.6000,4057.0000,4055.8000,4055.6000,4059.6000,4059.8000,4060.4000,4063.2000,4066.8000,2,1,1,2,1,1,1,1,1,2
SF,IF2008,2020-06-24 09:33:28.900,4058.6000,1335,0,107114160.000,0,-,-,-,-,4057.8000,4057.6000,4057.0000,4055.8000,4055.6000,4059.6000,4060.4000,4063.2000,4066.8000,4068.0000,2,1,1,2,1,1,1,1,2,1
SF,IF2008,2020-06-24 09:33:29.400,4058.6000,1335,0,107114160.000,0,-,-,-,-,4057.8000,4057.0000,4055.8000,4055.6000,4054.8000,4060.4000,4063.2000,4066.8000,4068.0000,4069.6000,2,1,2,1,5,1,1,2,1,1
SF,IF2008,2020-06-24 09:33:29.900,4058.6000,1335,0,107114160.000,0,-,-,-,-,4058.0000,4057.8000,4057.0000,4055.8000,4055.6000,4060.2000,4060.4000,4063.2000,4066.8000,4068.0000,2,1,1,2,1,2,1,1,2,1
SF,IF2008,2020-06-24 09:33:30.400,4058.6000,1335,0,107114160.000,0,-,-,-,-,4058.2000,4058.0000,4057.0000,4055.8000,4055.6000,4060.2000,4060.4000,4063.2000,4066.8000,4068.0000,1,2,1,1,1,1,1,1,2,1
SF,IF2008,2020-06-24 09:33:30.900,4058.6000,1335,0,107114160.000,0,-,-,-,-,4058.2000,4058.0000,4057.0000,4055.8000,4055.6000,4060.0000,4060.4000,4063.2000,4066.8000,4068.0000,1,2,1,1,1,1,1,1,2,1
SF,IF2008,2020-06-24 09:33:31.400,4058.6000,1335,0,107114160.000,0,-,-,-,-,4058.6000,4058.2000,4058.0000,4057.0000,4055.8000,4060.0000,4060.4000,4063.2000,4066.8000,4068.0000,1,1,1,1,1,1,1,1,2,1
SF,IF2008,2020-06-24 09:33:31.900,4058.6000,1335,0,107114160.000,0,-,-,-,-,4058.8000,4058.6000,4057.0000,4055.8000,4055.6000,4060.0000,4060.4000,4063.2000,4066.8000,4068.0000,1,1,1,1,1,1,1,1,2,1
SF,IF2008,2020-06-24 09:33:32.400,4058.6000,1335,0,107114160.000,0,-,-,-,-,4058.6000,4057.0000,4055.8000,4055.6000,4054.8000,4060.0000,4060.4000,4063.2000,4066.8000,4068.0000,1,1,1,1,5,1,1,1,2,1
SF,IF2008,2020-06-24 09:33:32.900,4058.6000,1335,0,107114160.000,0,-,-,-,-,4057.0000,4055.8000,4055.6000,4054.8000,4054.6000,4059.8000,4060.0000,4060.4000,4063.2000,4066.8000,1,1,1,5,1,1,1,1,1,2
SF,IF2008,2020-06-24 09:33:33.400,4058.6000,1335,0,107114160.000,0,-,-,-,-,4057.2000,4057.0000,4055.8000,4055.6000,4054.8000,4059.6000,4059.8000,4060.4000,4063.2000,4066.8000,1,1,1,1,5,2,1,1,1,2
SF,IF2008,2020-06-24 09:33:33.900,4058.6000,1335,0,107114160.000,0,-,-,-,-,4057.2000,4057.0000,4055.8000,4055.6000,4054.8000,4059.6000,4060.4000,4063.2000,4066.8000,4068.0000,1,1,1,1,5,2,1,1,2,1
SF,IF2008,2020-06-24 09:33:34.900,4057.2000,1334,-1,108331320.000,1,0,1,双平,S,4057.0000,4055.8000,4055.6000,4054.8000,4054.6000,4059.6000,4060.4000,4063.2000,4066.8000,4068.0000,1,1,1,4,3,2,1,1,2,1
SF,IF2008,2020-06-24 09:33:35.400,4057.2000,1334,0,108331320.000,0,-,-,-,-,4057.0000,4056.2000,4055.8000,4055.6000,4054.8000,4059.4000,4059.6000,4060.4000,4063.2000,4066.8000,1,1,1,1,4,1,2,1,1,2
SF,IF2008,2020-06-24 09:33:35.900,4057.2000,1334,0,108331320.000,0,-,-,-,-,4057.2000,4057.0000,4056.2000,4055.8000,4054.8000,4059.2000,4059.4000,4059.6000,4060.4000,4063.2000,1,1,1,1,4,1,1,1,1,1
SF,IF2008,2020-06-24 09:33:36.400,4057.2000,1334,0,108331320.000,0,-,-,-,-,4057.0000,4056.2000,4055.8000,4054.8000,4054.6000,4059.2000,4059.4000,4059.6000,4060.4000,4063.2000,1,1,1,4,3,1,1,1,1,1
SF,IF2008,2020-06-24 09:33:36.900,4057.2000,1334,0,108331320.000,0,-,-,-,-,4057.0000,4056.2000,4055.8000,4054.8000,4054.6000,4059.2000,4059.4000,4059.6000,4060.4000,4063.2000,1,1,1,4,3,1,1,1,1,1
SF,IF2008,2020-06-24 09:33:37.900,4057.2000,1334,0,108331320.000,0,-,-,-,-,4057.0000,4056.2000,4055.8000,4054.8000,4054.6000,4059.0000,4059.2000,4059.4000,4059.6000,4060.4000,1,1,1,4,3,1,1,1,1,1
SF,IF2008,2020-06-24 09:33:38.400,4057.2000,1334,0,108331320.000,0,-,-,-,-,4057.2000,4057.0000,4056.2000,4055.8000,4054.8000,4058.8000,4059.0000,4059.6000,4060.4000,4063.2000,1,1,1,1,4,1,1,1,1,1
SF,IF2008,2020-06-24 09:33:38.900,4057.2000,1334,0,108331320.000,0,-,-,-,-,4057.0000,4056.2000,4055.8000,4054.8000,4054.6000,4058.8000,4059.0000,4059.6000,4060.4000,4063.2000,1,1,1,4,3,1,1,1,1,1
SF,IF2008,2020-06-24 09:33:39.400,4057.2000,1334,0,108331320.000,0,-,-,-,-,4057.2000,4057.0000,4056.2000,4055.8000,4054.8000,4058.8000,4059.6000,4060.4000,4063.2000,4066.8000,1,1,1,1,4,1,1,1,1,2
SF,IF2008,2020-06-24 09:33:39.900,4057.2000,1334,0,108331320.000,0,-,-,-,-,4057.2000,4057.0000,4056.2000,4055.8000,4054.8000,4058.6000,4058.8000,4059.6000,4060.4000,4063.2000,1,1,1,1,4,1,1,1,1,1
SF,IF2008,2020-06-24 09:33:40.400,4057.2000,1334,0,108331320.000,0,-,-,-,-,4057.2000,4057.0000,4056.2000,4055.8000,4054.8000,4058.4000,4058.6000,4059.6000,4060.4000,4063.2000,1,1,1,1,4,1,1,1,1,1
SF,IF2008,2020-06-24 09:33:40.900,4057.2000,1334,0,108331320.000,0,-,-,-,-,4057.0000,4056.2000,4055.8000,4054.8000,4054.6000,4058.4000,4058.6000,4059.6000,4060.4000,4063.2000,1,1,1,4,3,1,1,1,1,1
SF,IF2008,2020-06-24 09:33:41.400,4057.2000,1334,0,108331320.000,0,-,-,-,-,4057.0000,4056.2000,4055.8000,4054.8000,4054.6000,4058.2000,4058.4000,4058.6000,4059.6000,4060.4000,1,1,1,4,3,1,1,1,1,1
SF,IF2008,2020-06-24 09:33:42.400,4058.2000,1333,-1,109548780.000,1,0,1,双平,S,4057.0000,4056.2000,4055.8000,4054.8000,4054.6000,4058.4000,4058.6000,4059.6000,4060.4000,4063.2000,1,1,1,4,3,1,1,1,1,1
SF,IF2008,2020-06-24 09:33:42.900,4058.2000,1333,0,109548780.000,0,-,-,-,-,4057.2000,4057.0000,4056.2000,4055.8000,4054.8000,4058.4000,4058.6000,4059.6000,4060.4000,4063.2000,1,1,1,1,4,1,1,1,1,1
SF,IF2008,2020-06-24 09:33:43.400,4058.4000,1332,-1,110766300.000,1,0,1,双平,S,4057.2000,4057.0000,4056.2000,4055.8000,4054.8000,4059.6000,4060.4000,4063.2000,4066.8000,4068.0000,1,1,1,1,4,1,1,1,2,1
SF,IF2008,2020-06-24 09:33:43.900,4058.4000,1332,0,110766300.000,0,-,-,-,-,4057.4000,4057.2000,4057.0000,4056.2000,4055.8000,4059.4000,4059.6000,4060.4000,4063.2000,4066.8000,1,1,1,1,1,1,1,1,1,2
SF,IF2008,2020-06-24 09:33:44.400,4058.4000,1332,0,110766300.000,0,-,-,-,-,4057.6000,4057.4000,4057.2000,4057.0000,4056.2000,4059.6000,4060.4000,4063.2000,4066.8000,4068.0000,1,1,1,1,1,1,1,1,2,1
SF,IF2008,2020-06-24 09:33:44.900,4058.4000,1332,0,110766300.000,0,-,-,-,-,4057.8000,4057.6000,4057.2000,4057.0000,4056.2000,4060.4000,4063.2000,4066.8000,4068.0000,4069.6000,1,1,1,1,1,1,1,2,1,1
SF,IF2008,2020-06-24 09:33:45.400,4058.4000,1332,0,110766300.000,0,-,-,-,-,4058.0000,4057.8000,4057.6000,4057.2000,4057.0000,4060.2000,4060.4000,4063.2000,4066.8000,4068.0000,1,1,1,1,1,2,1,1,2,1
SF,IF2008,2020-06-24 09:33:45.900,4058.4000,1332,0,110766300.000,0,-,-,-,-,4058.0000,4057.8000,4057.6000,4057.2000,4057.0000,4060.0000,4060.2000,4060.4000,4063.2000,4066.8000,1,1,1,1,1,1,2,1,1,2
SF,IF2008,2020-06-24 09:33:46.400,4058.4000,1332,0,110766300.000,0,-,-,-,-,4058.0000,4057.8000,4057.6000,4057.0000,4056.2000,4059.8000,4060.0000,4060.2000,4060.4000,4063.2000,1,1,1,1,2,1,1,1,1,1
SF,IF2008,2020-06-24 09:33:46.900,4058.4000,1332,0,110766300.000,0,-,-,-,-,4058.0000,4057.8000,4057.0000,4056.2000,4055.8000,4059.8000,4060.0000,4060.2000,4060.4000,4063.2000,1,1,1,2,1,1,1,1,1,1
SF,IF2008,2020-06-24 09:33:47.400,4058.4000,1332,0,110766300.000,0,-,-,-,-,4057.0000,4056.2000,4055.8000,4055.4000,4054.8000,4059.6000,4059.8000,4060.2000,4060.4000,4063.2000,1,2,1,2,1,1,1,1,1,1
SF,IF2008,2020-06-24 09:33:47.900,4058.4000,1332,0,110766300.000,0,-,-,-,-,4057.2000,4057.0000,4056.2000,4055.8000,4055.4000,4059.4000,4059.6000,4060.4000,4063.2000,4066.8000,1,1,2,1,2,2,1,1,1,2
SF,IF2008,2020-06-24 09:33:49.400,4058.4000,1332,0,110766300.000,0,-,-,-,-,4057.2000,4057.0000,4056.2000,4055.8000,4055.4000,4059.4000,4060.4000,4063.2000,4066.8000,4068.0000,2,1,1,3,2,2,1,1,2,1
SF,IF2008,2020-06-24 09:33:49.900,4058.4000,1332,0,110766300.000,0,-,-,-,-,4057.2000,4057.0000,4056.2000,4055.8000,4055.4000,4059.2000,4059.4000,4060.4000,4063.2000,4066.8000,2,1,1,3,2,1,2,1,1,2
SF,IF2008,2020-06-24 09:33:50.900,4058.4000,1332,0,110766300.000,0,-,-,-,-,4057.2000,4057.0000,4056.2000,4055.8000,4055.4000,4059.4000,4060.4000,4063.2000,4066.8000,4068.0000,2,1,1,3,2,2,1,1,2,1
SF,IF2008,2020-06-24 09:33:51.400,4058.4000,1332,0,110766300.000,0,-,-,-,-,4057.4000,4057.2000,4057.0000,4056.2000,4055.8000,4059.4000,4060.4000,4063.2000,4066.8000,4068.0000,2,2,1,1,3,2,1,1,2,1
SF,IF2008,2020-06-24 09:33:51.900,4058.4000,1332,0,110766300.000,0,-,-,-,-,4057.6000,4057.4000,4057.0000,4056.2000,4055.8000,4059.4000,4060.4000,4063.2000,4066.8000,4068.0000,1,3,1,1,3,1,1,1,2,1
SF,IF2008,2020-06-24 09:33:52.900,4058.4000,1332,0,110766300.000,0,-,-,-,-,4057.6000,4057.4000,4057.0000,4056.2000,4055.8000,4059.4000,4060.4000,4063.2000,4066.8000,4068.0000,1,2,1,1,3,1,1,1,2,1
SF,IF2008,2020-06-24 09:33:53.400,4058.4000,1332,0,110766300.000,0,-,-,-,-,4057.6000,4057.4000,4057.0000,4056.2000,4055.8000,4059.4000,4060.4000,4063.2000,4066.8000,4068.0000,1,2,1,1,3,1,1,1,2,1
SF,IF2008,2020-06-24 09:33:53.900,4058.4000,1332,0,110766300.000,0,-,-,-,-,4057.6000,4057.4000,4057.0000,4056.2000,4055.8000,4059.4000,4060.4000,4063.2000,4066.8000,4068.0000,1,2,1,1,3,1,1,1,2,1
SF,IF2008,2020-06-24 09:33:54.400,4058.4000,1332,0,110766300.000,0,-,-,-,-,4057.6000,4057.0000,4055.8000,4054.8000,4054.6000,4059.4000,4060.4000,4063.2000,4066.8000,4068.0000,1,1,3,1,5,1,1,1,2,1
SF,IF2008,2020-06-24 09:33:55.900,4058.4000,1332,0,110766300.000,0,-,-,-,-,4057.6000,4057.0000,4055.8000,4054.8000,4054.6000,4059.2000,4059.4000,4060.4000,4063.2000,4066.8000,1,1,3,1,5,1,1,1,1,2
SF,IF2008,2020-06-24 09:33:56.400,4059.0000,1332,0,111984000.000,1,0,1,多换,S,4057.6000,4057.0000,4055.8000,4054.8000,4054.6000,4059.2000,4060.4000,4063.2000,4066.8000,4068.0000,1,1,3,1,5,1,1,1,2,1
SF,IF2008,2020-06-24 09:33:56.900,4059.0000,1332,0,111984000.000,0,-,-,-,-,4057.6000,4057.0000,4055.8000,4054.8000,4054.6000,4059.2000,4060.4000,4063.2000,4066.8000,4068.0000,1,1,3,1,5,1,1,1,2,1
SF,IF2008,2020-06-24 09:33:57.400,4059.0000,1332,0,111984000.000,0,-,-,-,-,4057.6000,4057.0000,4055.8000,4054.8000,4054.6000,4059.2000,4060.4000,4063.2000,4066.8000,4068.0000,1,1,3,1,5,1,1,1,2,1
SF,IF2008,2020-06-24 09:33:57.900,4059.0000,1332,0,111984000.000,0,-,-,-,-,4057.8000,4057.6000,4057.0000,4055.8000,4054.8000,4059.2000,4060.4000,4063.2000,4066.8000,4068.0000,1,1,1,3,1,1,1,1,2,1
SF,IF2008,2020-06-24 09:33:58.400,4057.8000,1330,-2,114418740.000,2,0,2,双平,S,4057.0000,4055.8000,4054.8000,4054.6000,4054.4000,4059.2000,4060.4000,4063.2000,4066.8000,4068.0000,1,3,1,5,3,1,1,1,2,1
SF,IF2008,2020-06-24 09:33:58.900,4057.8000,1330,0,114418740.000,0,-,-,-,-,4057.2000,4057.0000,4055.8000,4054.8000,4054.6000,4059.2000,4060.4000,4063.2000,4066.8000,4068.0000,1,1,3,1,5,1,1,1,2,1
SF,IF2008,2020-06-24 09:34:00.400,4057.8000,1330,0,114418740.000,0,-,-,-,-,4057.2000,4057.0000,4055.8000,4054.8000,4054.6000,4059.2000,4060.4000,4063.2000,4066.8000,4068.0000,3,1,3,1,5,1,1,1,2,1
SF,IF2008,2020-06-24 09:34:00.900,4057.8000,1330,0,114418740.000,0,-,-,-,-,4057.2000,4057.0000,4055.8000,4054.8000,4054.6000,4060.4000,4063.2000,4066.8000,4068.0000,4069.6000,3,1,3,1,5,1,1,2,1,1
SF,IF2008,2020-06-24 09:34:01.400,4057.8000,1330,0,114418740.000,0,-,-,-,-,4057.4000,4057.2000,4057.0000,4055.8000,4054.8000,4060.2000,4060.4000,4063.2000,4066.8000,4068.0000,1,1,1,3,1,2,1,1,2,1
SF,IF2008,2020-06-24 09:34:01.900,4057.8000,1330,0,114418740.000,0,-,-,-,-,4057.6000,4057.4000,4057.0000,4055.8000,4055.2000,4060.2000,4060.4000,4063.2000,4066.8000,4068.0000,1,1,1,3,1,2,1,1,2,1
SF,IF2008,2020-06-24 09:34:02.400,4057.8000,1330,0,114418740.000,0,-,-,-,-,4057.6000,4057.4000,4057.0000,4055.8000,4055.2000,4060.0000,4060.2000,4060.4000,4063.2000,4066.8000,2,1,1,3,1,1,2,1,1,2
SF,IF2008,2020-06-24 09:34:02.900,4057.8000,1330,0,114418740.000,0,-,-,-,-,4057.6000,4057.4000,4057.0000,4055.8000,4055.2000,4059.8000,4060.0000,4060.2000,4060.4000,4063.2000,1,1,1,3,1,1,1,1,1,1
SF,IF2008,2020-06-24 09:34:03.400,4057.8000,1330,0,114418740.000,0,-,-,-,-,4057.6000,4057.0000,4055.8000,4055.2000,4054.8000,4059.8000,4060.0000,4060.2000,4060.4000,4063.2000,1,1,3,1,2,1,1,1,1,1
SF,IF2008,2020-06-24 09:34:03.900,4057.8000,1330,0,114418740.000,0,-,-,-,-,4057.6000,4057.0000,4055.8000,4055.2000,4054.8000,4059.6000,4059.8000,4060.2000,4060.4000,4063.2000,1,1,3,1,2,1,1,1,1,1
SF,IF2008,2020-06-24 09:34:04.400,4057.8000,1330,0,114418740.000,0,-,-,-,-,4057.6000,4057.0000,4055.8000,4055.2000,4054.8000,4059.4000,4059.6000,4060.2000,4060.4000,4063.2000,1,1,3,1,2,1,1,1,1,1
SF,IF2008,2020-06-24 09:34:05.400,4057.8000,1330,0,114418740.000,0,-,-,-,-,4057.6000,4057.0000,4055.8000,4055.2000,4054.8000,4059.4000,4059.6000,4060.2000,4060.4000,4063.2000,1,1,3,1,2,1,1,1,1,1
SF,IF2008,2020-06-24 09:34:09.400,4057.8000,1330,0,114418740.000,0,-,-,-,-,4057.6000,4057.0000,4055.8000,4055.2000,4054.8000,4059.4000,4059.6000,4060.2000,4060.4000,4063.2000,1,1,3,1,2,1,1,1,1,1
SF,IF2008,2020-06-24 09:34:10.400,4057.8000,1330,0,114418740.000,0,-,-,-,-,4057.6000,4057.0000,4055.8000,4055.2000,4054.8000,4059.4000,4060.2000,4060.4000,4063.2000,4066.8000,1,1,3,1,2,1,1,1,1,2
SF,IF2008,2020-06-24 09:34:10.900,4059.4000,1329,-1,115636560.000,1,0,1,双平,S,4057.8000,4057.6000,4057.0000,4055.8000,4055.2000,4060.2000,4060.4000,4063.2000,4066.8000,4068.0000,2,1,1,3,1,1,1,1,2,2
SF,IF2008,2020-06-24 09:34:11.400,4059.4000,1329,0,115636560.000,0,-,-,-,-,4058.0000,4057.8000,4057.0000,4055.8000,4055.2000,4060.2000,4060.4000,4063.2000,4066.8000,4068.0000,1,3,1,3,1,1,1,1,2,2
SF,IF2008,2020-06-24 09:34:11.900,4060.2000,1330,1,116854620.000,1,1,0,双开,S,4058.0000,4057.8000,4057.0000,4055.8000,4055.2000,4060.4000,4063.2000,4066.8000,4068.0000,4069.6000,2,3,1,3,1,1,1,2,2,1
SF,IF2008,2020-06-24 09:34:12.400,4060.2000,1330,0,116854620.000,0,-,-,-,-,4058.0000,4057.8000,4057.0000,4055.8000,4055.2000,4060.4000,4063.2000,4066.8000,4068.0000,4069.6000,2,3,1,3,1,1,1,2,2,1
SF,IF2008,2020-06-24 09:34:12.900,4060.4000,1329,-1,118072740.000,1,0,1,双平,S,4058.0000,4057.8000,4057.0000,4056.4000,4055.8000,4063.2000,4066.8000,4068.0000,4069.6000,4071.2000,2,3,1,1,3,1,2,2,1,2
SF,IF2008,2020-06-24 09:34:13.400,4060.4000,1329,0,118072740.000,0,-,-,-,-,4058.2000,4058.0000,4057.8000,4057.0000,4056.6000,4063.0000,4063.2000,4066.8000,4068.0000,4069.6000,2,1,3,1,1,1,1,2,2,1
SF,IF2008,2020-06-24 09:34:13.900,4060.4000,1329,0,118072740.000,0,-,-,-,-,4058.4000,4058.2000,4057.8000,4057.0000,4056.6000,4063.0000,4063.2000,4066.8000,4068.0000,4069.6000,1,3,3,1,1,1,1,2,2,1
SF,IF2008,2020-06-24 09:34:14.400,4060.4000,1329,0,118072740.000,0,-,-,-,-,4058.6000,4058.4000,4058.2000,4057.8000,4057.0000,4062.8000,4063.0000,4063.2000,4066.8000,4068.0000,1,1,1,3,1,1,1,1,2,2
SF,IF2008,2020-06-24 09:34:14.900,4060.4000,1329,0,118072740.000,0,-,-,-,-,4059.0000,4058.8000,4058.6000,4057.8000,4057.0000,4062.6000,4062.8000,4063.2000,4066.8000,4068.0000,1,2,2,3,1,1,1,1,2,2
SF,IF2008,2020-06-24 09:34:15.400,4060.4000,1329,0,118072740.000,0,-,-,-,-,4059.2000,4059.0000,4058.8000,4058.6000,4057.8000,4062.6000,4062.8000,4063.2000,4066.8000,4068.0000,2,1,1,1,1,1,1,1,2,2
SF,IF2008,2020-06-24 09:34:15.900,4060.4000,1329,0,118072740.000,0,-,-,-,-,4059.2000,4059.0000,4058.8000,4057.8000,4057.0000,4062.4000,4062.6000,4063.2000,4066.8000,4068.0000,2,1,1,1,1,1,1,1,2,2
SF,IF2008,2020-06-24 09:34:16.400,4060.4000,1329,0,118072740.000,0,-,-,-,-,4059.4000,4059.2000,4059.0000,4057.0000,4056.6000,4062.0000,4062.2000,4062.4000,4063.2000,4066.8000,1,2,1,1,1,1,1,1,1,2
SF,IF2008,2020-06-24 09:34:16.900,4060.4000,1329,0,118072740.000,0,-,-,-,-,4059.6000,4059.4000,4059.0000,4058.8000,4057.0000,4061.8000,4062.0000,4062.4000,4063.2000,4066.8000,3,1,1,1,1,1,1,1,1,2
SF,IF2008,2020-06-24 09:34:17.400,4060.4000,1329,0,118072740.000,0,-,-,-,-,4059.6000,4059.0000,4058.8000,4057.0000,4056.6000,4061.8000,4062.0000,4062.4000,4063.2000,4066.8000,3,1,1,1,1,1,1,1,1,2
SF,IF2008,2020-06-24 09:34:17.900,4060.4000,1329,0,118072740.000,0,-,-,-,-,4059.6000,4059.0000,4058.8000,4057.0000,4056.6000,4061.8000,4062.0000,4063.2000,4066.8000,4068.0000,3,1,1,1,1,1,1,1,2,2
SF,IF2008,2020-06-24 09:34:18.400,4060.4000,1329,0,118072740.000,0,-,-,-,-,4059.6000,4059.0000,4058.8000,4057.0000,4056.6000,4061.6000,4062.0000,4063.2000,4066.8000,4068.0000,3,1,1,1,2,1,1,1,2,2
SF,IF2008,2020-06-24 09:34:18.900,4060.4000,1329,0,118072740.000,0,-,-,-,-,4059.6000,4059.0000,4058.8000,4057.0000,4056.6000,4061.6000,4062.0000,4063.2000,4066.8000,4068.0000,2,1,1,1,2,1,1,1,2,2
SF,IF2008,2020-06-24 09:34:19.400,4060.4000,1329,0,118072740.000,0,-,-,-,-,4060.0000,4059.6000,4059.0000,4058.8000,4057.0000,4062.0000,4063.2000,4066.4000,4066.8000,4068.0000,2,2,1,1,1,1,1,1,2,2
SF,IF2008,2020-06-24 09:34:19.900,4060.4000,1329,0,118072740.000,0,-,-,-,-,4060.2000,4060.0000,4059.6000,4059.0000,4058.8000,4062.0000,4063.2000,4066.4000,4066.8000,4068.0000,1,2,1,1,1,1,1,1,2,2
SF,IF2008,2020-06-24 09:34:20.400,4060.4000,1329,0,118072740.000,0,-,-,-,-,4060.2000,4060.0000,4059.6000,4058.8000,4057.8000,4062.0000,4063.2000,4066.4000,4066.8000,4068.0000,1,2,1,1,1,1,1,1,2,2
SF,IF2008,2020-06-24 09:34:20.900,4060.4000,1329,0,118072740.000,0,-,-,-,-,4060.2000,4060.0000,4059.6000,4058.8000,4057.8000,4062.0000,4063.2000,4066.4000,4066.8000,4068.0000,1,2,2,1,1,1,1,1,2,2
SF,IF2008,2020-06-24 09:34:21.400,4060.4000,1329,0,118072740.000,0,-,-,-,-,4060.4000,4060.2000,4060.0000,4059.6000,4058.8000,4061.8000,4062.0000,4063.2000,4066.8000,4068.0000,1,1,2,2,1,1,1,1,2,2
SF,IF2008,2020-06-24 09:34:21.900,4060.4000,1329,0,118072740.000,0,-,-,-,-,4060.6000,4060.4000,4060.0000,4059.6000,4057.8000,4061.8000,4062.0000,4063.2000,4066.8000,4068.0000,1,1,2,2,1,1,1,1,2,2
SF,IF2008,2020-06-24 09:34:22.400,4060.4000,1329,0,118072740.000,0,-,-,-,-,4060.6000,4060.4000,4060.0000,4059.6000,4057.8000,4062.0000,4063.2000,4066.8000,4068.0000,4069.6000,1,1,2,2,1,1,1,2,2,1
SF,IF2008,2020-06-24 09:34:22.900,4060.4000,1329,0,118072740.000,0,-,-,-,-,4060.8000,4060.6000,4060.0000,4059.6000,4057.8000,4062.0000,4063.2000,4066.8000,4068.0000,4069.6000,1,1,2,1,1,1,1,2,2,1
SF,IF2008,2020-06-24 09:34:23.400,4060.4000,1329,0,118072740.000,0,-,-,-,-,4061.0000,4060.8000,4060.0000,4059.6000,4057.8000,4062.0000,4063.2000,4066.8000,4068.0000,4069.6000,1,1,2,1,1,1,1,2,2,1
SF,IF2008,2020-06-24 09:34:23.900,4062.0000,1328,-1,119291340.000,1,0,1,双平,S,4061.0000,4060.8000,4060.0000,4059.6000,4057.8000,4063.2000,4066.8000,4068.0000,4069.6000,4071.2000,1,1,2,1,1,1,2,2,1,2
SF,IF2008,2020-06-24 09:34:24.400,4062.0000,1328,0,119291340.000,0,-,-,-,-,4061.2000,4061.0000,4060.8000,4059.6000,4058.8000,4063.0000,4063.2000,4066.8000,4068.0000,4069.6000,1,1,1,1,1,1,1,2,2,1
SF,IF2008,2020-06-24 09:34:24.900,4062.0000,1328,0,119291340.000,0,-,-,-,-,4061.4000,4061.2000,4060.8000,4059.6000,4058.8000,4063.0000,4063.2000,4066.8000,4068.0000,4069.6000,1,1,1,1,1,1,1,2,2,1
SF,IF2008,2020-06-24 09:34:25.400,4062.0000,1328,0,119291340.000,0,-,-,-,-,4061.2000,4060.8000,4059.6000,4058.8000,4057.8000,4063.0000,4063.2000,4066.8000,4068.0000,4069.6000,1,1,1,1,1,1,1,2,2,1
SF,IF2008,2020-06-24 09:34:25.900,4062.0000,1328,0,119291340.000,0,-,-,-,-,4061.2000,4060.8000,4059.6000,4058.8000,4057.8000,4063.0000,4063.2000,4066.8000,4068.0000,4069.6000,1,1,1,1,1,1,1,2,2,1
SF,IF2008,2020-06-24 09:34:26.400,4062.0000,1328,0,119291340.000,0,-,-,-,-,4061.4000,4061.2000,4059.6000,4058.8000,4057.8000,4062.8000,4063.0000,4063.2000,4066.8000,4068.0000,1,1,1,2,1,1,1,1,2,2
SF,IF2008,2020-06-24 09:34:26.900,4062.0000,1328,0,119291340.000,0,-,-,-,-,4061.4000,4059.6000,4058.8000,4057.8000,4057.0000,4062.8000,4063.0000,4063.2000,4066.8000,4068.0000,1,1,2,1,1,1,1,1,2,2
SF,IF2008,2020-06-24 09:34:27.400,4062.0000,1328,0,119291340.000,0,-,-,-,-,4061.4000,4059.6000,4058.8000,4057.8000,4057.0000,4062.6000,4062.8000,4063.2000,4066.8000,4068.0000,1,1,2,1,2,1,1,1,2,2
SF,IF2008,2020-06-24 09:34:27.900,4062.0000,1328,0,119291340.000,0,-,-,-,-,4059.6000,4058.8000,4057.8000,4057.0000,4056.6000,4062.6000,4062.8000,4063.2000,4066.8000,4068.0000,1,2,1,2,4,1,1,1,2,2
SF,IF2008,2020-06-24 09:34:28.400,4062.0000,1328,0,119291340.000,0,-,-,-,-,4059.8000,4059.6000,4058.8000,4057.8000,4057.0000,4062.6000,4062.8000,4063.2000,4066.8000,4068.0000,4,1,2,1,2,1,1,1,2,2
SF,IF2008,2020-06-24 09:34:29.400,4062.0000,1328,0,119291340.000,0,-,-,-,-,4059.8000,4059.6000,4058.8000,4057.8000,4057.0000,4062.6000,4062.8000,4063.2000,4066.8000,4068.0000,2,1,2,1,2,1,1,1,2,2
SF,IF2008,2020-06-24 09:34:29.900,4062.0000,1328,0,119291340.000,0,-,-,-,-,4060.0000,4059.8000,4059.6000,4058.8000,4057.8000,4062.6000,4062.8000,4063.2000,4066.8000,4068.0000,1,2,1,2,1,1,1,1,2,2
SF,IF2008,2020-06-24 09:34:30.400,4062.0000,1328,0,119291340.000,0,-,-,-,-,4060.2000,4060.0000,4059.6000,4058.8000,4057.8000,4062.8000,4063.2000,4066.8000,4068.0000,4069.6000,2,1,1,2,1,1,1,2,2,1
SF,IF2008,2020-06-24 09:34:30.900,4062.0000,1328,0,119291340.000,0,-,-,-,-,4060.2000,4060.0000,4059.6000,4058.8000,4057.8000,4062.6000,4062.8000,4063.2000,4066.8000,4068.0000,2,1,1,2,1,1,1,1,2,2
SF,IF2008,2020-06-24 09:34:31.400,4062.0000,1328,0,119291340.000,0,-,-,-,-,4060.2000,4060.0000,4059.6000,4058.8000,4057.8000,4062.8000,4063.2000,4066.8000,4068.0000,4069.6000,2,1,1,2,1,1,1,2,2,1
SF,IF2008,2020-06-24 09:34:31.900,4062.0000,1328,0,119291340.000,0,-,-,-,-,4060.2000,4060.0000,4059.6000,4058.8000,4057.8000,4062.6000,4062.8000,4063.2000,4066.8000,4068.0000,2,1,1,2,1,1,1,1,2,2
SF,IF2008,2020-06-24 09:34:32.400,4062.0000,1328,0,119291340.000,0,-,-,-,-,4060.4000,4060.2000,4059.6000,4058.8000,4057.8000,4062.8000,4063.2000,4066.8000,4068.0000,4069.6000,1,4,1,2,1,1,1,2,2,1
SF,IF2008,2020-06-24 09:34:32.900,4062.0000,1328,0,119291340.000,0,-,-,-,-,4060.6000,4060.4000,4060.2000,4059.6000,4058.8000,4063.0000,4063.2000,4066.8000,4068.0000,4069.6000,1,1,1,1,2,1,1,2,2,1
SF,IF2008,2020-06-24 09:34:33.400,4062.0000,1328,0,119291340.000,0,-,-,-,-,4060.8000,4060.6000,4060.4000,4060.2000,4059.6000,4062.8000,4063.0000,4063.2000,4066.8000,4068.0000,2,1,1,1,1,1,1,1,2,2
SF,IF2008,2020-06-24 09:34:33.900,4062.0000,1328,0,119291340.000,0,-,-,-,-,4061.0000,4060.8000,4060.4000,4059.6000,4058.8000,4063.0000,4063.2000,4066.8000,4068.0000,4069.6000,1,2,1,1,2,1,1,2,2,1
SF,IF2008,2020-06-24 09:34:34.900,4063.0000,1329,1,120510240.000,1,1,0,双开,S,4061.0000,4060.8000,4060.4000,4059.6000,4058.8000,4063.2000,4066.8000,4068.0000,4069.6000,4071.2000,3,2,1,1,2,1,2,2,1,2
SF,IF2008,2020-06-24 09:34:35.400,4063.0000,1329,0,120510240.000,0,-,-,-,-,4061.0000,4060.8000,4060.4000,4059.6000,4058.8000,4063.2000,4066.8000,4068.0000,4069.6000,4071.2000,3,2,1,1,2,1,2,2,1,2
SF,IF2008,2020-06-24 09:34:35.900,4063.0000,1329,0,120510240.000,0,-,-,-,-,4061.2000,4061.0000,4060.8000,4059.6000,4059.4000,4063.2000,4066.8000,4068.0000,4069.6000,4071.2000,1,3,2,1,1,1,2,2,1,2
SF,IF2008,2020-06-24 09:34:36.400,4063.2000,1329,0,121729200.000,1,0,1,多换,S,4061.4000,4061.2000,4061.0000,4060.8000,4059.6000,4066.8000,4068.0000,4069.6000,4071.2000,4072.2000,1,1,2,2,1,2,2,1,2,2
SF,IF2008,2020-06-24 09:34:36.900,4063.2000,1329,0,121729200.000,0,-,-,-,-,4061.6000,4061.4000,4061.2000,4060.8000,4059.6000,4066.6000,4066.8000,4068.0000,4069.6000,4071.2000,1,1,1,2,1,3,4,2,1,2
SF,IF2008,2020-06-24 09:34:37.400,4063.2000,1329,0,121729200.000,0,-,-,-,-,4061.8000,4061.6000,4061.2000,4060.8000,4059.6000,4065.4000,4066.6000,4066.8000,4068.0000,4069.6000,1,1,1,2,1,2,3,4,2,1
SF,IF2008,2020-06-24 09:34:37.900,4063.2000,1329,0,121729200.000,0,-,-,-,-,4062.0000,4061.8000,4061.2000,4060.8000,4059.6000,4065.2000,4065.4000,4066.6000,4066.8000,4068.0000,1,1,1,2,1,1,2,2,2,2
SF,IF2008,2020-06-24 09:34:38.400,4063.2000,1329,0,121729200.000,0,-,-,-,-,4062.2000,4062.0000,4061.2000,4060.8000,4059.4000,4065.0000,4065.2000,4066.6000,4066.8000,4068.0000,2,1,1,2,1,2,1,2,2,2
SF,IF2008,2020-06-24 09:34:38.900,4063.2000,1329,0,121729200.000,0,-,-,-,-,4062.4000,4062.2000,4061.2000,4059.4000,4058.8000,4064.8000,4065.0000,4066.6000,4066.8000,4068.0000,1,2,1,1,2,1,2,2,2,2
SF,IF2008,2020-06-24 09:34:39.400,4063.2000,1329,0,121729200.000,0,-,-,-,-,4062.6000,4062.4000,4062.2000,4061.2000,4059.4000,4064.8000,4065.0000,4066.6000,4066.8000,4068.0000,1,1,1,1,1,1,1,2,2,2
SF,IF2008,2020-06-24 09:34:39.900,4063.2000,1329,0,121729200.000,0,-,-,-,-,4062.6000,4062.4000,4062.2000,4059.4000,4058.8000,4064.6000,4064.8000,4066.6000,4066.8000,4068.0000,1,1,1,1,2,1,1,2,2,2
SF,IF2008,2020-06-24 09:34:40.400,4063.2000,1329,0,121729200.000,0,-,-,-,-,4062.8000,4062.6000,4062.4000,4059.4000,4058.8000,4064.4000,4064.6000,4066.6000,4066.8000,4068.0000,1,1,1,1,2,1,1,2,2,2
