市场代码,合约代码,时间,最新,持仓,增仓,成交额,成交量,开仓,平仓,成交类型,方向,买一价,买二价,买三价,买四价,买五价,卖一价,卖二价,卖三价,卖四价,卖五价,买一量,买二量,买三量,买四量,买五量,卖一量,卖二量,卖三量,卖四量,卖五量
SF,IF2012,2020-06-23 09:29:00.000,3972.2000,15197,0,5958300.000,5.000,-,-,-,-,3972.2000,3971.0000,3968.0000,3967.0000,3966.2000,3972.8000,3973.4000,3980.0000,3991.8000,3997.4000,1,2,4,1,1,1,1,1,10,1
SF,IF2012,2020-06-23 09:30:00.500,3972.2000,15197,0,8341800.000,2,1,1,多换,S,3972.4000,3971.0000,3968.0000,3966.2000,3964.6000,3972.8000,3973.4000,3980.0000,3980.6000,3984.6000,1,2,4,1,2,1,1,1,2,3
SF,IF2012,2020-06-23 09:30:01.000,3972.4000,15196,-1,9533520.000,1,0,1,双平,S,3971.0000,3968.0000,3966.2000,3964.6000,3962.2000,3972.8000,3980.6000,3984.6000,3991.8000,3997.4000,2,4,1,2,1,1,2,3,10,1
SF,IF2012,2020-06-23 09:30:01.500,3972.4000,15196,0,11916600.000,2,1,1,多换,S,3971.0000,3968.0000,3966.2000,3964.6000,3961.6000,3972.8000,3980.6000,3984.6000,3991.8000,3997.4000,2,4,1,2,1,1,2,3,10,1
SF,IF2012,2020-06-23 09:30:02.000,3971.2000,15194,-2,20256600.000,7,2,5,多平,S,3972.8000,3971.0000,3968.0000,3966.2000,3963.0000,3980.6000,3984.6000,3991.8000,3997.4000,3998.0000,1,2,4,1,1,2,3,10,1,1
SF,IF2012,2020-06-23 09:30:02.500,3980.4000,15194,0,25027980.000,4,2,2,多换,S,3971.2000,3971.0000,3968.0000,3966.2000,3963.0000,3980.4000,3984.6000,3991.8000,3997.4000,3998.0000,1,2,4,1,1,1,3,10,1,1
SF,IF2012,2020-06-23 09:30:03.000,3972.8000,15195,1,29793900.000,4,2,2,空开,S,3971.0000,3968.0000,3966.2000,3963.0000,3961.6000,3978.0000,3980.0000,3980.2000,3984.6000,3991.8000,1,4,1,1,1,1,5,1,3,10
SF,IF2012,2020-06-23 09:30:03.500,3972.8000,15195,0,29793900.000,0,-,-,-,-,3971.0000,3968.0000,3966.2000,3963.0000,3961.6000,3971.2000,3977.8000,3980.0000,3984.6000,3991.8000,1,4,1,1,1,2,1,5,3,10
SF,IF2012,2020-06-23 09:30:04.000,3971.2000,15194,-1,34559280.000,4,1,3,多平,S,3968.0000,3966.2000,3965.0000,3963.0000,3961.6000,3971.0000,3971.2000,3977.2000,3977.6000,3977.8000,4,1,1,1,1,1,1,1,1,1
SF,IF2012,2020-06-23 09:30:04.500,3971.0000,15192,-2,39324600.000,4,1,3,多平,S,3971.2000,3971.0000,3968.8000,3968.6000,3968.4000,3977.2000,3977.6000,3980.0000,3980.2000,3991.8000,1,3,1,3,1,1,1,5,1,10
SF,IF2012,2020-06-23 09:30:05.000,3971.2000,15192,0,44089980.000,4,2,2,多换,S,3971.0000,3968.8000,3968.6000,3968.2000,3968.0000,3972.8000,3977.0000,3977.2000,3977.6000,3978.6000,3,1,3,1,4,1,1,1,1,1
SF,IF2012,2020-06-23 09:30:05.500,3971.0000,15193,1,48855360.000,4,2,2,空开,S,3971.0000,3968.8000,3968.6000,3968.2000,3968.0000,3972.8000,3974.6000,3977.0000,3977.2000,3977.6000,1,1,3,1,4,1,1,2,1,1
SF,IF2012,2020-06-23 09:30:06.000,3972.8000,15194,1,53621640.000,4,2,2,空开,S,3968.8000,3968.6000,3968.2000,3968.0000,3966.2000,3974.6000,3977.0000,3977.2000,3977.6000,3978.6000,1,3,1,4,1,1,2,1,1,1
SF,IF2012,2020-06-23 09:30:06.500,3968.8000,15194,0,56003640.000,2,1,1,多换,S,3969.2000,3968.6000,3968.2000,3968.0000,3966.2000,3974.4000,3974.6000,3977.0000,3977.2000,3977.6000,1,3,1,4,1,1,2,1,1,1
SF,IF2012,2020-06-23 09:30:07.000,3968.8000,15194,0,57194280.000,1,0,1,多换,S,3969.4000,3969.0000,3968.8000,3968.6000,3968.2000,3974.4000,3977.0000,3977.2000,3977.6000,3979.6000,1,1,8,3,1,1,1,1,1,2
SF,IF2012,2020-06-23 09:30:07.500,3969.2000,15195,1,58385040.000,1,1,0,双开,S,3969.0000,3968.8000,3968.6000,3968.2000,3968.0000,3969.2000,3974.4000,3974.6000,3977.0000,3977.2000,1,8,3,1,4,2,1,2,1,1
SF,IF2012,2020-06-23 09:30:08.000,3969.4000,15196,1,61957380.000,3,2,1,空开,S,3969.6000,3969.4000,3969.2000,3968.8000,3968.6000,3974.4000,3977.0000,3977.2000,3977.6000,3979.6000,2,1,4,8,3,1,1,1,1,2
SF,IF2012,2020-06-23 09:30:08.500,3969.4000,15196,0,63148200.000,1,0,1,多换,S,3969.6000,3968.8000,3968.6000,3968.0000,3966.2000,3974.4000,3977.0000,3977.2000,3977.6000,3979.6000,1,8,3,4,1,1,1,1,1,2
SF,IF2012,2020-06-23 09:30:09.000,3969.6000,15196,0,64339080.000,1,0,1,多换,S,3969.8000,3968.8000,3968.6000,3968.0000,3966.2000,3972.4000,3974.4000,3977.0000,3977.2000,3977.6000,1,8,3,1,1,1,1,1,1,1
SF,IF2012,2020-06-23 09:30:09.500,3972.2000,15190,-6,71487000.000,6,0,6,双平,S,3970.2000,3970.0000,3968.8000,3968.6000,3968.0000,3977.0000,3977.2000,3977.6000,3979.6000,3980.2000,1,1,8,3,1,1,1,1,2,1
SF,IF2012,2020-06-23 09:30:10.000,3970.0000,15189,-1,76251300.000,4,1,3,多平,S,3968.8000,3968.6000,3966.2000,3965.0000,3963.0000,3969.8000,3974.6000,3976.8000,3977.0000,3977.2000,8,3,1,1,1,1,2,2,1,1
SF,IF2012,2020-06-23 09:30:10.500,3970.0000,15188,-1,77442300.000,1,0,1,双平,S,3970.0000,3969.8000,3969.4000,3968.8000,3968.6000,3976.8000,3977.2000,3977.6000,3979.6000,3980.2000,6,2,1,8,3,2,1,1,1,1
SF,IF2012,2020-06-23 09:30:11.000,3970.0000,15188,0,77442300.000,0,-,-,-,-,3970.0000,3969.8000,3968.8000,3968.6000,3966.2000,3972.6000,3976.8000,3977.2000,3977.6000,3978.2000,5,2,8,3,1,1,2,1,1,1
SF,IF2012,2020-06-23 09:30:11.500,3972.6000,15186,-2,79825800.000,2,0,2,双平,S,3972.8000,3970.2000,3970.0000,3969.8000,3968.8000,3976.8000,3977.2000,3977.6000,3978.2000,3979.6000,1,2,6,2,8,1,1,1,1,1
SF,IF2012,2020-06-23 09:30:12.000,3972.8000,15184,-2,84592320.000,4,1,3,多平,S,3970.4000,3970.2000,3970.0000,3969.8000,3968.8000,3976.6000,3977.2000,3977.6000,3978.2000,3979.6000,1,1,5,2,8,1,1,1,1,1
SF,IF2012,2020-06-23 09:30:12.500,3975.4000,15184,0,85784940.000,1,0,1,多换,S,3970.4000,3970.2000,3970.0000,3969.8000,3968.8000,3976.6000,3977.6000,3978.2000,3979.4000,3979.6000,1,1,5,2,8,1,1,1,1,1
SF,IF2012,2020-06-23 09:30:13.000,3970.4000,15184,0,88167180.000,2,1,1,多换,S,3970.8000,3970.0000,3969.8000,3968.8000,3968.6000,3976.6000,3977.6000,3978.2000,3979.4000,3979.6000,1,5,2,8,4,1,1,1,1,1
SF,IF2012,2020-06-23 09:30:13.500,3970.4000,15184,0,88167180.000,0,-,-,-,-,3971.8000,3971.0000,3970.8000,3970.0000,3969.8000,3976.0000,3976.6000,3977.6000,3978.2000,3979.4000,1,1,1,5,2,1,1,1,1,1
SF,IF2012,2020-06-23 09:30:14.000,3970.4000,15184,0,88167180.000,0,-,-,-,-,3972.4000,3971.8000,3971.0000,3970.8000,3970.0000,3974.8000,3975.8000,3976.0000,3977.6000,3978.2000,1,1,1,1,5,1,2,1,1,1
SF,IF2012,2020-06-23 09:30:14.500,3972.4000,15183,-1,91743000.000,3,1,2,多平,S,3971.8000,3971.0000,3970.6000,3970.0000,3968.8000,3974.6000,3974.8000,3976.0000,3977.6000,3978.2000,2,2,1,5,9,1,1,1,1,1
SF,IF2012,2020-06-23 09:30:15.000,3974.8000,15180,-3,95320260.000,3,0,3,双平,S,3974.8000,3972.6000,3971.0000,3970.6000,3970.0000,3977.6000,3978.2000,3979.4000,3979.6000,3985.0000,1,2,1,2,5,1,1,1,1,5
SF,IF2012,2020-06-23 09:30:15.500,3974.8000,15180,0,98897580.000,3,1,2,多换,S,3972.6000,3971.2000,3971.0000,3970.6000,3970.0000,3977.4000,3977.6000,3978.2000,3979.4000,3979.6000,1,1,1,2,6,2,1,1,1,1
SF,IF2012,2020-06-23 09:30:16.000,3971.2000,15180,0,101280720.000,2,1,1,多换,S,3971.0000,3970.6000,3970.0000,3968.8000,3968.6000,3974.8000,3975.8000,3976.4000,3977.4000,3977.6000,1,2,6,9,4,1,1,1,2,1
SF,IF2012,2020-06-23 09:30:16.500,3974.8000,15180,0,102473160.000,1,0,1,多换,S,3972.8000,3971.0000,3970.6000,3970.0000,3968.8000,3974.6000,3975.8000,3976.4000,3977.4000,3977.6000,1,1,2,6,9,1,1,1,1,1
SF,IF2012,2020-06-23 09:30:17.000,3972.8000,15181,1,103665000.000,1,1,0,双开,S,3971.8000,3971.4000,3971.2000,3971.0000,3970.6000,3972.8000,3974.2000,3974.4000,3974.6000,3976.4000,1,1,1,1,1,1,1,1,2,1
SF,IF2012,2020-06-23 09:30:17.500,3972.8000,15181,0,104856840.000,1,0,1,多换,S,3972.2000,3971.8000,3971.6000,3971.4000,3971.2000,3974.0000,3974.2000,3974.4000,3974.6000,3976.4000,1,2,1,1,1,1,1,1,2,1
SF,IF2012,2020-06-23 09:30:18.000,3972.2000,15180,-1,107240640.000,2,0,2,多平,S,3971.6000,3971.0000,3970.0000,3968.8000,3968.6000,3972.2000,3974.0000,3974.2000,3974.4000,3974.6000,1,2,6,8,4,1,1,1,1,2
SF,IF2012,2020-06-23 09:30:18.500,3972.2000,15180,0,108432300.000,1,0,1,多换,S,3972.2000,3971.6000,3971.0000,3970.6000,3970.0000,3974.0000,3974.4000,3974.6000,3976.4000,3985.0000,2,1,1,1,6,1,1,2,1,5
SF,IF2012,2020-06-23 09:30:19.000,3972.2000,15180,0,109623960.000,1,0,1,多换,S,3971.0000,3970.6000,3970.0000,3968.8000,3968.6000,3972.2000,3973.2000,3974.4000,3974.6000,3976.4000,1,1,5,8,4,2,2,1,2,1
SF,IF2012,2020-06-23 09:30:19.500,3972.2000,15181,1,112007280.000,2,1,1,空开,S,3971.0000,3970.0000,3969.4000,3968.8000,3968.6000,3973.2000,3974.4000,3974.6000,3976.4000,3985.0000,1,5,1,8,4,2,1,1,1,5
SF,IF2012,2020-06-23 09:30:20.000,3971.0000,15180,-1,113198580.000,1,0,1,双平,S,3968.8000,3968.6000,3966.2000,3965.0000,3963.0000,3973.0000,3973.2000,3974.4000,3976.4000,3985.0000,8,4,1,6,1,1,2,1,1,5
SF,IF2012,2020-06-23 09:30:20.500,3971.0000,15180,0,113198580.000,0,-,-,-,-,3969.0000,3968.8000,3968.6000,3966.2000,3965.0000,3972.0000,3972.2000,3972.4000,3973.0000,3974.4000,1,8,4,1,6,1,1,1,1,1
SF,IF2012,2020-06-23 09:30:21.000,3971.8000,15180,0,114390120.000,1,0,1,多换,S,3969.6000,3969.0000,3968.8000,3968.6000,3966.6000,3971.8000,3972.0000,3972.2000,3972.4000,3974.4000,1,1,8,4,1,1,1,1,1,1
SF,IF2012,2020-06-23 09:30:21.500,3971.8000,15180,0,114390120.000,0,-,-,-,-,3969.2000,3968.8000,3968.6000,3966.6000,3966.2000,3971.8000,3972.0000,3972.2000,3972.4000,3974.4000,1,8,4,1,1,1,1,1,1,1
SF,IF2012,2020-06-23 09:30:22.000,3971.8000,15180,0,114390120.000,0,-,-,-,-,3969.4000,3969.2000,3968.8000,3968.6000,3966.6000,3969.6000,3971.2000,3971.8000,3972.0000,3972.4000,1,1,8,4,1,1,1,1,1,1
SF,IF2012,2020-06-23 09:30:22.500,3969.2000,15179,-1,117962580.000,3,1,2,多平,S,3969.6000,3968.8000,3968.6000,3966.2000,3965.0000,3971.0000,3971.2000,3971.8000,3972.0000,3972.4000,2,8,4,1,6,1,1,1,1,1
SF,IF2012,2020-06-23 09:30:23.000,3969.2000,15179,0,117962580.000,0,-,-,-,-,3968.8000,3968.6000,3966.2000,3965.0000,3963.0000,3971.0000,3971.2000,3971.8000,3972.0000,3972.4000,8,4,1,6,1,1,1,1,1,1
SF,IF2012,2020-06-23 09:30:23.500,3969.2000,15179,0,117962580.000,0,-,-,-,-,3968.8000,3968.6000,3966.2000,3965.0000,3963.0000,3969.6000,3970.4000,3970.8000,3971.0000,3971.2000,8,4,1,6,1,2,1,1,1,1
SF,IF2012,2020-06-23 09:30:24.000,3969.6000,15179,0,121535220.000,3,1,2,多换,S,3968.8000,3968.6000,3966.2000,3965.0000,3963.0000,3969.6000,3970.4000,3970.8000,3971.0000,3971.2000,8,4,1,6,1,1,1,2,1,1
SF,IF2012,2020-06-23 09:30:24.500,3970.4000,15177,-2,123917220.000,2,0,2,双平,S,3969.6000,3968.8000,3968.6000,3966.2000,3965.0000,3970.8000,3971.0000,3971.2000,3972.0000,3974.4000,1,8,4,1,6,2,1,1,1,1
SF,IF2012,2020-06-23 09:30:25.000,3970.6000,15175,-2,126299280.000,2,0,2,双平,S,3968.8000,3968.6000,3966.2000,3965.0000,3963.0000,3969.6000,3971.0000,3971.2000,3972.0000,3974.4000,8,4,1,6,1,2,1,1,1,1
SF,IF2012,2020-06-23 09:30:25.500,3968.8000,15176,1,131062560.000,4,2,2,空开,S,3968.8000,3968.6000,3966.4000,3966.2000,3965.0000,3971.0000,3971.2000,3972.0000,3974.4000,3976.4000,7,4,1,1,6,1,1,1,1,1
SF,IF2012,2020-06-23 09:30:26.000,3968.8000,15176,0,138206400.000,6,3,3,多换,S,3968.8000,3968.6000,3966.4000,3966.2000,3965.0000,3970.8000,3971.0000,3971.2000,3972.0000,3974.4000,2,4,1,1,6,2,1,1,1,1
SF,IF2012,2020-06-23 09:30:26.500,3968.8000,15177,1,140587680.000,2,1,1,空开,S,3968.6000,3966.4000,3966.2000,3965.0000,3963.0000,3970.0000,3970.8000,3971.0000,3972.0000,3974.4000,4,1,1,6,1,1,3,1,1,1
SF,IF2012,2020-06-23 09:30:27.000,3968.6000,15169,-8,153684060.000,11,1,10,多平,S,3966.4000,3966.2000,3965.0000,3963.0000,3961.0000,3968.6000,3968.8000,3969.8000,3970.0000,3970.8000,1,1,6,1,2,1,1,1,1,3
SF,IF2012,2020-06-23 09:30:27.500,3968.6000,15169,0,154874640.000,1,0,1,多换,S,3967.4000,3966.4000,3966.2000,3965.0000,3963.0000,3968.6000,3968.8000,3969.8000,3970.0000,3970.8000,3,1,1,6,1,1,1,1,1,1
SF,IF2012,2020-06-23 09:30:28.000,3967.4000,15169,0,156064860.000,1,0,1,多换,S,3967.4000,3966.4000,3966.2000,3965.0000,3963.0000,3968.6000,3968.8000,3969.8000,3970.0000,3972.0000,2,1,1,6,1,1,1,1,1,1
SF,IF2012,2020-06-23 09:30:28.500,3968.4000,15169,0,157255380.000,1,0,1,多换,S,3967.4000,3966.4000,3966.2000,3965.0000,3963.0000,3968.6000,3968.8000,3969.8000,3970.0000,3972.0000,2,1,1,6,1,1,1,1,1,1
SF,IF2012,2020-06-23 09:30:29.000,3968.4000,15169,0,157255380.000,0,-,-,-,-,3967.4000,3966.4000,3966.2000,3965.0000,3963.0000,3968.2000,3968.6000,3968.8000,3969.8000,3970.0000,2,1,1,6,1,1,1,1,1,1
SF,IF2012,2020-06-23 09:30:29.500,3967.4000,15167,-2,160826340.000,3,0,3,多平,S,3966.2000,3965.0000,3963.0000,3961.0000,3960.4000,3968.6000,3968.8000,3969.8000,3970.0000,3972.0000,1,6,1,2,2,1,1,1,1,1
SF,IF2012,2020-06-23 09:30:30.000,3969.8000,15167,0,166779540.000,5,2,3,多换,S,3967.6000,3966.4000,3966.2000,3965.0000,3964.2000,3970.0000,3972.0000,3974.4000,3976.4000,3977.8000,1,4,1,10,1,1,1,1,1,2
SF,IF2012,2020-06-23 09:30:30.500,3967.6000,15166,-1,169160160.000,2,0,2,多平,S,3966.4000,3966.2000,3965.0000,3964.2000,3963.0000,3967.6000,3969.8000,3970.0000,3972.0000,3974.4000,3,1,10,1,1,6,1,1,1,1
SF,IF2012,2020-06-23 09:30:31.000,3967.6000,15166,0,169160160.000,0,-,-,-,-,3966.4000,3966.2000,3965.0000,3964.2000,3963.0000,3967.6000,3969.8000,3970.0000,3972.0000,3974.4000,3,1,10,1,1,5,1,1,1,1
SF,IF2012,2020-06-23 09:30:31.500,3967.6000,15164,-2,171540720.000,2,0,2,双平,S,3967.2000,3966.6000,3966.4000,3966.2000,3965.0000,3967.6000,3969.8000,3970.0000,3972.0000,3974.4000,1,1,3,1,5,3,1,1,1,1
SF,IF2012,2020-06-23 09:30:32.000,3967.2000,15162,-2,177492000.000,5,1,4,多平,S,3966.6000,3966.4000,3966.2000,3965.0000,3963.0000,3969.8000,3970.0000,3972.0000,3974.4000,3976.4000,1,3,1,5,1,1,1,1,1,1
SF,IF2012,2020-06-23 09:30:33.000,3967.2000,15162,0,177492000.000,0,-,-,-,-,3966.6000,3966.4000,3966.2000,3965.0000,3963.0000,3969.8000,3970.0000,3972.0000,3974.4000,3976.4000,1,3,1,5,1,1,1,1,1,1
SF,IF2012,2020-06-23 09:30:33.500,3967.2000,15162,0,177492000.000,0,-,-,-,-,3967.6000,3967.2000,3966.6000,3966.4000,3966.2000,3969.6000,3969.8000,3970.0000,3972.0000,3974.4000,1,1,1,3,1,1,1,1,1,1
SF,IF2012,2020-06-23 09:30:34.000,3967.2000,15161,-1,179872440.000,2,0,2,多平,S,3966.6000,3966.4000,3966.2000,3965.0000,3963.0000,3967.6000,3969.4000,3969.6000,3970.0000,3972.0000,1,3,1,5,1,1,1,1,1,1
SF,IF2012,2020-06-23 09:30:34.500,3967.6000,15161,0,181062720.000,1,0,1,多换,S,3966.6000,3966.4000,3966.2000,3965.0000,3963.0000,3969.4000,3970.0000,3972.0000,3974.4000,3976.4000,1,3,1,5,1,1,1,1,1,1
SF,IF2012,2020-06-23 09:30:35.500,3967.6000,15161,0,181062720.000,0,-,-,-,-,3966.6000,3966.4000,3966.2000,3965.0000,3963.0000,3969.2000,3969.4000,3970.0000,3972.0000,3974.4000,1,3,1,5,1,1,1,1,1,1
SF,IF2012,2020-06-23 09:30:36.000,3967.6000,15161,0,181062720.000,0,-,-,-,-,3966.8000,3966.6000,3966.4000,3966.2000,3965.0000,3969.2000,3970.0000,3972.0000,3974.4000,3976.4000,1,1,3,1,5,1,1,1,1,1
SF,IF2012,2020-06-23 09:30:36.500,3967.6000,15161,0,181062720.000,0,-,-,-,-,3966.6000,3966.4000,3966.2000,3965.0000,3963.0000,3969.0000,3970.0000,3972.0000,3974.4000,3976.4000,1,3,1,5,1,1,1,1,1,1
SF,IF2012,2020-06-23 09:30:37.000,3967.6000,15161,0,181062720.000,0,-,-,-,-,3966.8000,3966.6000,3966.4000,3966.2000,3965.0000,3969.0000,3970.0000,3972.0000,3974.4000,3976.4000,1,1,3,1,5,1,1,1,1,1
SF,IF2012,2020-06-23 09:30:37.500,3967.6000,15161,0,181062720.000,0,-,-,-,-,3967.6000,3967.0000,3966.8000,3966.6000,3966.4000,3970.0000,3972.0000,3974.4000,3976.4000,3977.0000,1,1,1,1,3,1,1,1,1,5
SF,IF2012,2020-06-23 09:30:38.000,3967.6000,15161,0,183443280.000,2,1,1,多换,S,3969.0000,3966.8000,3966.6000,3966.4000,3966.2000,3969.8000,3970.0000,3971.4000,3972.0000,3974.4000,3,1,2,3,1,1,1,1,1,1
SF,IF2012,2020-06-23 09:30:38.500,3969.6000,15156,-5,189397140.000,5,0,5,双平,S,3966.6000,3966.4000,3966.2000,3965.0000,3963.0000,3969.0000,3970.0000,3971.4000,3972.0000,3974.4000,2,3,1,5,1,1,1,1,1,1
SF,IF2012,2020-06-23 09:30:39.000,3969.6000,15156,0,189397140.000,0,-,-,-,-,3966.8000,3966.6000,3966.4000,3966.2000,3965.0000,3968.8000,3969.0000,3970.0000,3971.4000,3972.0000,1,2,3,1,5,1,2,1,1,1
SF,IF2012,2020-06-23 09:30:39.500,3969.0000,15155,-1,191778540.000,2,0,2,多平,S,3967.0000,3966.8000,3966.6000,3966.4000,3966.2000,3970.0000,3971.4000,3972.0000,3974.4000,3976.4000,1,1,2,3,1,1,1,1,1,1
SF,IF2012,2020-06-23 09:30:40.000,3969.0000,15155,0,191778540.000,0,-,-,-,-,3967.0000,3966.8000,3966.6000,3966.4000,3966.2000,3970.0000,3971.4000,3972.0000,3974.4000,3976.4000,1,1,2,3,1,1,1,1,1,1
SF,IF2012,2020-06-23 09:30:40.500,3969.0000,15155,0,191778540.000,0,-,-,-,-,3967.2000,3967.0000,3966.8000,3966.6000,3966.4000,3970.0000,3971.4000,3972.0000,3974.4000,3976.4000,3,1,1,1,3,1,1,1,1,1
SF,IF2012,2020-06-23 09:30:41.000,3969.0000,15155,0,191778540.000,0,-,-,-,-,3967.4000,3967.2000,3966.6000,3966.4000,3966.2000,3970.0000,3971.4000,3972.0000,3974.4000,3976.4000,1,7,1,3,1,1,1,1,1,1
SF,IF2012,2020-06-23 09:30:41.500,3970.0000,15154,-1,192969540.000,1,0,1,双平,S,3967.6000,3967.4000,3967.2000,3966.6000,3966.4000,3971.4000,3972.0000,3974.4000,3976.4000,3977.0000,1,1,8,1,3,1,1,1,1,5
SF,IF2012,2020-06-23 09:30:42.000,3970.0000,15154,0,192969540.000,0,-,-,-,-,3968.6000,3967.8000,3967.6000,3967.2000,3966.6000,3971.4000,3972.0000,3974.4000,3976.4000,3977.0000,1,2,2,7,1,1,1,1,1,5
SF,IF2012,2020-06-23 09:30:42.500,3970.0000,15154,0,192969540.000,0,-,-,-,-,3971.2000,3968.8000,3968.6000,3967.8000,3967.6000,3971.4000,3972.0000,3974.4000,3976.4000,3977.0000,1,1,1,1,2,1,1,1,1,5
SF,IF2012,2020-06-23 09:30:43.000,3971.4000,15152,-2,196543740.000,3,0,3,多平,S,3968.8000,3968.6000,3967.8000,3967.6000,3967.2000,3971.2000,3972.0000,3974.4000,3976.4000,3977.0000,1,1,1,2,6,2,1,1,1,5
SF,IF2012,2020-06-23 09:30:43.500,3971.4000,15153,1,197735160.000,1,1,0,双开,S,3969.0000,3968.8000,3968.6000,3967.8000,3967.6000,3972.0000,3974.4000,3976.4000,3977.0000,3977.8000,2,1,2,1,2,1,1,1,5,2
SF,IF2012,2020-06-23 09:30:44.000,3971.4000,15153,0,197735160.000,0,-,-,-,-,3969.2000,3969.0000,3968.6000,3968.0000,3967.8000,3972.0000,3974.4000,3976.4000,3977.0000,3977.8000,2,2,1,1,1,1,1,1,5,2
SF,IF2012,2020-06-23 09:30:44.500,3967.6000,15147,-6,206068980.000,7,0,7,多平,S,3967.6000,3967.2000,3966.6000,3966.4000,3966.2000,3971.8000,3972.0000,3974.4000,3976.4000,3977.0000,2,5,1,3,1,1,1,1,1,5
SF,IF2012,2020-06-23 09:30:45.000,3967.6000,15147,0,206068980.000,0,-,-,-,-,3969.2000,3967.6000,3967.2000,3966.6000,3966.4000,3971.8000,3972.0000,3974.4000,3976.4000,3977.0000,1,2,5,1,3,1,1,1,1,5
SF,IF2012,2020-06-23 09:30:45.500,3967.6000,15147,0,206068980.000,0,-,-,-,-,3969.2000,3968.2000,3967.6000,3967.2000,3966.6000,3970.4000,3971.6000,3971.8000,3972.0000,3974.4000,1,2,2,5,1,1,1,1,1,1
SF,IF2012,2020-06-23 09:30:46.000,3967.6000,15147,0,206068980.000,0,-,-,-,-,3969.2000,3968.2000,3968.0000,3967.6000,3967.2000,3970.4000,3970.8000,3971.6000,3971.8000,3972.0000,1,3,2,2,5,1,1,1,1,1
SF,IF2012,2020-06-23 09:30:46.500,3967.6000,15147,0,206068980.000,0,-,-,-,-,3968.2000,3968.0000,3967.6000,3967.2000,3966.6000,3970.4000,3970.8000,3971.6000,3971.8000,3972.0000,3,2,3,5,1,1,1,1,1,1
SF,IF2012,2020-06-23 09:30:47.000,3967.6000,15147,0,206068980.000,0,-,-,-,-,3968.4000,3968.2000,3968.0000,3967.6000,3967.2000,3970.2000,3970.8000,3971.6000,3972.0000,3974.4000,1,3,2,5,5,1,1,1,1,1
SF,IF2012,2020-06-23 09:30:47.500,3967.6000,15147,0,206068980.000,0,-,-,-,-,3969.0000,3968.2000,3968.0000,3967.6000,3967.2000,3969.8000,3970.2000,3970.8000,3972.0000,3974.4000,1,3,2,4,5,1,2,1,1,1
SF,IF2012,2020-06-23 09:30:48.000,3969.8000,15147,0,207259920.000,1,0,1,多换,S,3968.2000,3968.0000,3967.8000,3967.6000,3967.2000,3970.2000,3970.8000,3972.0000,3975.4000,3976.4000,3,2,1,4,5,1,1,1,3,1
SF,IF2012,2020-06-23 09:30:48.500,3969.8000,15147,0,207259920.000,0,-,-,-,-,3968.2000,3968.0000,3967.8000,3967.6000,3967.2000,3969.0000,3970.0000,3970.2000,3970.8000,3972.0000,2,2,1,3,4,2,1,1,1,1
SF,IF2012,2020-06-23 09:30:49.000,3969.0000,15147,0,209641320.000,2,1,1,多换,S,3969.0000,3967.8000,3967.6000,3967.2000,3966.6000,3970.0000,3970.2000,3970.8000,3972.0000,3975.4000,1,1,3,4,1,1,1,1,1,3
SF,IF2012,2020-06-23 09:30:49.500,3969.0000,15145,-2,212022720.000,2,0,2,双平,S,3969.0000,3967.6000,3967.2000,3966.6000,3966.4000,3969.8000,3970.2000,3970.8000,3972.0000,3975.4000,1,1,4,1,3,1,1,1,1,3
SF,IF2012,2020-06-23 09:30:50.000,3969.0000,15144,-1,213213420.000,1,0,1,双平,S,3967.6000,3967.2000,3967.0000,3966.6000,3966.4000,3969.0000,3969.8000,3970.8000,3972.0000,3975.4000,1,4,2,1,3,2,1,1,1,3
SF,IF2012,2020-06-23 09:30:50.500,3969.0000,15144,0,213213420.000,0,-,-,-,-,3967.8000,3967.6000,3967.2000,3967.0000,3966.6000,3970.8000,3972.0000,3975.4000,3976.4000,3977.0000,1,1,4,2,1,1,1,3,1,5
SF,IF2012,2020-06-23 09:30:51.000,3969.0000,15144,0,213213420.000,0,-,-,-,-,3967.6000,3967.2000,3966.6000,3966.4000,3966.2000,3970.6000,3970.8000,3972.0000,3975.4000,3976.4000,1,4,1,3,2,2,1,1,3,1
SF,IF2012,2020-06-23 09:30:51.500,3967.6000,15144,0,215594100.000,2,1,1,多换,S,3967.2000,3966.6000,3966.4000,3966.2000,3965.6000,3967.8000,3970.6000,3970.8000,3972.0000,3975.4000,4,1,3,3,2,1,2,1,1,3
SF,IF2012,2020-06-23 09:30:52.000,3967.8000,15144,0,216784440.000,1,0,1,多换,S,3967.2000,3966.6000,3966.4000,3966.2000,3965.6000,3969.0000,3969.8000,3970.6000,3970.8000,3972.0000,4,1,3,3,3,1,1,1,1,1
SF,IF2012,2020-06-23 09:30:52.500,3969.0000,15143,-1,217975140.000,1,0,1,双平,S,3967.2000,3966.6000,3966.4000,3966.2000,3965.6000,3969.8000,3970.6000,3970.8000,3972.0000,3975.4000,4,1,3,3,3,1,1,1,1,3
SF,IF2012,2020-06-23 09:30:53.000,3969.0000,15143,0,217975140.000,0,-,-,-,-,3969.0000,3967.2000,3966.6000,3966.4000,3966.2000,3969.6000,3969.8000,3970.8000,3972.0000,3975.4000,1,4,1,3,3,3,1,1,1,3
SF,IF2012,2020-06-23 09:30:53.500,3967.2000,15142,-1,220356000.000,2,0,2,多平,S,3967.2000,3966.6000,3966.4000,3966.2000,3965.6000,3969.0000,3969.6000,3969.8000,3970.8000,3972.0000,3,1,3,3,2,3,2,1,1,1
SF,IF2012,2020-06-23 09:30:54.000,3967.2000,15142,0,222736320.000,2,1,1,多换,S,3967.2000,3966.6000,3966.4000,3966.2000,3965.6000,3969.6000,3969.8000,3970.8000,3972.0000,3975.4000,1,1,3,3,2,2,1,1,1,3
SF,IF2012,2020-06-23 09:30:54.500,3967.2000,15142,0,225116640.000,2,1,1,多换,S,3966.6000,3966.4000,3966.2000,3965.6000,3965.0000,3967.2000,3969.4000,3969.6000,3969.8000,3970.8000,1,3,3,2,7,1,1,2,1,1
SF,IF2012,2020-06-23 09:30:55.000,3967.2000,15141,-1,227496780.000,2,0,2,多平,S,3966.4000,3966.2000,3965.6000,3965.0000,3963.0000,3969.4000,3969.6000,3969.8000,3970.8000,3972.0000,3,3,2,7,1,1,2,1,1,1
SF,IF2012,2020-06-23 09:30:55.500,3966.4000,15139,-2,229876620.000,2,0,2,双平,S,3966.4000,3966.2000,3965.6000,3965.0000,3963.0000,3969.2000,3969.4000,3969.8000,3972.0000,3975.4000,1,2,2,7,1,3,1,1,1,3
SF,IF2012,2020-06-23 09:30:56.000,3966.4000,15139,0,229876620.000,0,-,-,-,-,3966.4000,3966.2000,3965.0000,3964.2000,3963.0000,3969.0000,3969.2000,3969.8000,3972.0000,3975.4000,1,2,7,2,1,1,3,1,1,3
SF,IF2012,2020-06-23 09:30:57.000,3966.4000,15139,0,229876620.000,0,-,-,-,-,3966.6000,3966.4000,3966.2000,3965.0000,3964.2000,3969.0000,3969.2000,3969.8000,3972.0000,3975.4000,1,1,2,7,2,1,1,1,1,3
SF,IF2012,2020-06-23 09:30:57.500,3966.4000,15139,0,229876620.000,0,-,-,-,-,3966.8000,3966.6000,3966.4000,3966.2000,3965.0000,3969.0000,3969.2000,3969.8000,3972.0000,3975.4000,1,1,1,2,7,1,1,1,1,3
SF,IF2012,2020-06-23 09:30:58.500,3966.4000,15139,0,229876620.000,0,-,-,-,-,3966.6000,3966.4000,3966.2000,3965.0000,3964.2000,3968.8000,3969.0000,3969.2000,3969.6000,3969.8000,1,1,2,7,2,1,1,1,1,1
SF,IF2012,2020-06-23 09:30:59.000,3966.4000,15139,0,229876620.000,0,-,-,-,-,3966.6000,3966.4000,3966.2000,3965.0000,3964.2000,3968.6000,3968.8000,3969.2000,3969.6000,3969.8000,1,1,2,7,2,1,1,1,1,1
SF,IF2012,2020-06-23 09:30:59.500,3966.4000,15139,0,229876620.000,0,-,-,-,-,3966.6000,3966.4000,3966.2000,3965.0000,3964.2000,3968.6000,3969.2000,3969.6000,3969.8000,3972.0000,1,1,2,7,2,1,1,1,1,1
SF,IF2012,2020-06-23 09:31:00.000,3966.8000,15138,-1,231066660.000,1,0,1,双平,S,3966.8000,3966.6000,3966.4000,3966.2000,3965.0000,3968.6000,3969.2000,3969.6000,3969.8000,3972.0000,1,1,1,2,7,1,1,1,1,1
SF,IF2012,2020-06-23 09:31:00.500,3968.6000,15137,-1,232257240.000,1,0,1,双平,S,3967.4000,3966.8000,3966.6000,3966.4000,3966.2000,3969.2000,3969.6000,3969.8000,3972.0000,3975.4000,1,1,1,1,2,1,1,1,1,3
SF,IF2012,2020-06-23 09:31:01.000,3968.6000,15137,0,232257240.000,0,-,-,-,-,3967.4000,3966.4000,3966.2000,3965.0000,3964.2000,3968.4000,3969.2000,3969.6000,3969.8000,3972.0000,1,1,2,7,2,1,1,1,1,1
SF,IF2012,2020-06-23 09:31:01.500,3968.4000,15137,0,233447760.000,1,0,1,多换,S,3968.0000,3967.4000,3966.4000,3966.2000,3965.0000,3969.0000,3969.2000,3969.6000,3969.8000,3972.0000,1,2,1,2,7,1,1,1,1,1
SF,IF2012,2020-06-23 09:31:02.000,3968.0000,15136,-1,234638160.000,1,0,1,双平,S,3967.4000,3966.4000,3966.2000,3965.0000,3964.2000,3968.0000,3968.8000,3969.0000,3969.2000,3969.6000,1,1,2,7,2,1,1,1,1,1
SF,IF2012,2020-06-23 09:31:02.500,3967.4000,15136,0,237018780.000,2,1,1,多换,S,3966.4000,3966.2000,3965.0000,3964.2000,3963.0000,3968.8000,3969.0000,3969.2000,3969.6000,3969.8000,1,2,7,2,1,1,1,1,1,1
SF,IF2012,2020-06-23 09:31:03.000,3966.6000,15137,1,238208760.000,1,1,0,双开,S,3966.6000,3966.4000,3966.2000,3965.0000,3964.2000,3968.6000,3968.8000,3969.0000,3969.2000,3969.6000,1,1,2,8,2,1,1,1,1,1
SF,IF2012,2020-06-23 09:31:03.500,3966.6000,15136,-1,240588720.000,2,0,2,多平,S,3966.4000,3966.2000,3965.0000,3964.2000,3963.0000,3966.6000,3968.4000,3968.6000,3969.2000,3969.6000,1,2,8,2,1,1,2,1,1,1
SF,IF2012,2020-06-23 09:31:04.000,3966.6000,15134,-2,244158660.000,3,0,3,多平,S,3966.4000,3966.2000,3965.0000,3964.2000,3963.0000,3966.6000,3968.4000,3969.2000,3969.6000,3969.8000,1,2,8,2,1,2,2,1,1,1
SF,IF2012,2020-06-23 09:31:04.500,3966.6000,15132,-2,246538620.000,2,0,2,双平,S,3966.6000,3966.4000,3966.2000,3965.0000,3964.2000,3968.4000,3969.6000,3969.8000,3972.0000,3975.4000,1,1,2,8,2,2,1,1,1,3
SF,IF2012,2020-06-23 09:31:05.000,3966.6000,15132,0,246538620.000,0,-,-,-,-,3966.8000,3966.6000,3966.4000,3966.2000,3965.0000,3967.8000,3968.4000,3968.8000,3969.6000,3969.8000,1,2,1,2,8,1,2,1,1,1
SF,IF2012,2020-06-23 09:31:05.500,3967.8000,15131,-1,247728960.000,1,0,1,双平,S,3966.8000,3966.6000,3966.4000,3966.2000,3965.0000,3968.2000,3968.4000,3968.8000,3969.6000,3969.8000,1,2,1,2,8,1,2,1,1,1
SF,IF2012,2020-06-23 09:31:06.000,3968.2000,15130,-1,248919420.000,1,0,1,双平,S,3966.8000,3966.6000,3966.4000,3966.2000,3965.0000,3968.4000,3968.8000,3969.6000,3969.8000,3972.0000,1,2,1,2,8,2,1,1,1,1
SF,IF2012,2020-06-23 09:31:06.500,3968.2000,15130,0,248919420.000,0,-,-,-,-,3966.8000,3966.6000,3966.4000,3966.2000,3965.0000,3968.4000,3968.8000,3969.6000,3969.8000,3972.0000,1,3,1,3,8,2,1,1,1,1
SF,IF2012,2020-06-23 09:31:07.000,3968.2000,15130,0,248919420.000,0,-,-,-,-,3967.0000,3966.8000,3966.6000,3966.4000,3966.2000,3968.4000,3968.8000,3969.6000,3969.8000,3972.0000,2,1,3,2,4,2,1,1,1,1
SF,IF2012,2020-06-23 09:31:07.500,3968.4000,15129,-1,251300460.000,2,0,2,多平,S,3967.2000,3967.0000,3966.6000,3966.4000,3966.2000,3968.8000,3969.6000,3969.8000,3972.0000,3975.4000,1,3,3,3,3,1,1,1,1,3
SF,IF2012,2020-06-23 09:31:08.000,3968.8000,15129,0,252491100.000,1,0,1,多换,S,3967.2000,3967.0000,3966.6000,3966.4000,3966.2000,3969.6000,3972.0000,3975.4000,3976.4000,3977.0000,2,3,2,3,3,1,1,3,1,5
SF,IF2012,2020-06-23 09:31:08.500,3968.8000,15129,0,252491100.000,0,-,-,-,-,3967.6000,3967.4000,3967.2000,3967.0000,3966.6000,3969.4000,3969.6000,3972.0000,3975.4000,3976.4000,1,2,2,3,2,3,1,1,3,1
SF,IF2012,2020-06-23 09:31:09.000,3968.8000,15129,0,252491100.000,0,-,-,-,-,3967.8000,3967.6000,3967.4000,3967.2000,3967.0000,3969.4000,3969.6000,3972.0000,3975.4000,3976.4000,1,1,2,1,3,2,1,1,3,1
SF,IF2012,2020-06-23 09:31:09.500,3969.6000,15126,-3,256063620.000,3,0,3,双平,S,3967.8000,3967.6000,3967.4000,3967.2000,3967.0000,3970.6000,3972.0000,3975.4000,3976.4000,3977.0000,1,1,2,1,4,1,1,3,1,5
SF,IF2012,2020-06-23 09:31:10.000,3970.4000,15126,0,257254740.000,1,0,1,多换,S,3968.0000,3967.8000,3967.6000,3967.4000,3967.2000,3970.6000,3972.0000,3975.4000,3976.4000,3977.0000,2,1,1,1,1,1,1,3,1,5
SF,IF2012,2020-06-23 09:31:10.500,3970.4000,15126,0,257254740.000,0,-,-,-,-,3969.4000,3968.6000,3968.2000,3968.0000,3967.4000,3970.0000,3970.4000,3970.6000,3972.0000,3975.4000,1,1,2,2,1,1,1,1,1,3
SF,IF2012,2020-06-23 09:31:11.000,3969.6000,15124,-2,262019040.000,4,1,3,多平,S,3969.4000,3968.2000,3968.0000,3967.4000,3967.2000,3970.4000,3972.0000,3975.4000,3976.4000,3977.0000,1,1,2,1,1,1,1,3,1,5
SF,IF2012,2020-06-23 09:31:11.500,3970.4000,15124,0,263210160.000,1,0,1,多换,S,3969.8000,3969.6000,3969.4000,3968.2000,3968.0000,3972.0000,3975.4000,3976.4000,3977.0000,3977.8000,1,1,1,1,2,1,3,1,5,2
SF,IF2012,2020-06-23 09:31:12.000,3970.4000,15124,0,263210160.000,0,-,-,-,-,3970.0000,3969.8000,3969.4000,3968.2000,3968.0000,3971.8000,3972.0000,3975.4000,3976.4000,3977.0000,2,1,1,1,2,1,1,3,1,5
SF,IF2012,2020-06-23 09:31:12.500,3970.4000,15124,0,263210160.000,0,-,-,-,-,3970.0000,3969.8000,3969.6000,3969.4000,3969.0000,3971.8000,3972.0000,3975.4000,3976.4000,3977.0000,2,1,1,1,1,1,1,3,1,5
SF,IF2012,2020-06-23 09:31:13.000,3971.8000,15124,0,264401700.000,1,0,1,多换,S,3970.2000,3970.0000,3969.8000,3969.6000,3969.4000,3972.0000,3975.4000,3976.4000,3977.0000,3977.8000,1,2,1,1,1,1,3,1,5,2
SF,IF2012,2020-06-23 09:31:13.500,3971.8000,15124,0,264401700.000,0,-,-,-,-,3970.4000,3970.2000,3970.0000,3969.6000,3969.4000,3972.0000,3975.4000,3976.4000,3977.0000,3977.8000,3,1,1,1,1,1,3,1,5,2
SF,IF2012,2020-06-23 09:31:14.000,3971.8000,15124,0,264401700.000,0,-,-,-,-,3970.4000,3970.0000,3969.6000,3969.4000,3969.0000,3972.0000,3975.4000,3976.4000,3977.0000,3977.8000,4,1,1,1,1,1,3,1,5,2
SF,IF2012,2020-06-23 09:31:15.500,3972.0000,15123,-1,265593300.000,1,0,1,双平,S,3970.4000,3970.0000,3969.6000,3969.4000,3969.0000,3976.4000,3977.0000,3977.8000,3978.8000,3979.0000,4,1,1,1,1,1,5,2,2,3
SF,IF2012,2020-06-23 09:31:16.000,3972.0000,15123,0,265593300.000,0,-,-,-,-,3970.6000,3970.4000,3969.6000,3969.4000,3969.0000,3976.2000,3976.4000,3977.0000,3977.8000,3978.8000,1,4,1,1,2,3,1,5,2,2
SF,IF2012,2020-06-23 09:31:16.500,3972.0000,15123,0,265593300.000,0,-,-,-,-,3970.8000,3970.6000,3970.4000,3969.6000,3969.4000,3976.2000,3977.0000,3977.8000,3978.8000,3979.0000,1,1,3,1,1,3,5,2,2,3
SF,IF2012,2020-06-23 09:31:17.000,3972.0000,15123,0,265593300.000,0,-,-,-,-,3971.0000,3970.8000,3970.4000,3969.6000,3969.4000,3976.0000,3976.2000,3977.0000,3977.8000,3978.8000,1,2,3,1,1,4,1,5,2,2
SF,IF2012,2020-06-23 09:31:17.500,3972.0000,15123,0,265593300.000,0,-,-,-,-,3971.2000,3971.0000,3970.8000,3970.4000,3969.6000,3975.8000,3977.0000,3977.8000,3978.8000,3979.0000,1,1,1,3,1,1,5,2,2,3
SF,IF2012,2020-06-23 09:31:18.000,3971.4000,15122,-1,266784720.000,1,0,1,双平,S,3971.4000,3971.2000,3970.8000,3970.4000,3970.2000,3975.2000,3975.6000,3975.8000,3977.0000,3977.8000,1,2,1,3,1,1,1,1,5,2
SF,IF2012,2020-06-23 09:31:18.500,3971.4000,15122,0,266784720.000,0,-,-,-,-,3971.6000,3971.2000,3970.8000,3970.4000,3970.2000,3975.0000,3975.2000,3977.0000,3977.8000,3978.8000,2,1,1,3,1,2,1,5,2,1
SF,IF2012,2020-06-23 09:31:19.000,3971.4000,15122,0,266784720.000,0,-,-,-,-,3971.6000,3971.2000,3970.8000,3970.4000,3970.2000,3975.0000,3977.0000,3977.8000,3978.8000,3979.0000,2,1,1,3,1,2,5,2,1,3
SF,IF2012,2020-06-23 09:31:19.500,3971.4000,15122,0,266784720.000,0,-,-,-,-,3972.0000,3971.8000,3971.6000,3971.2000,3970.8000,3975.0000,3977.0000,3977.8000,3978.8000,3979.0000,1,1,2,1,1,2,5,2,1,3
SF,IF2012,2020-06-23 09:31:20.000,3971.4000,15122,0,266784720.000,0,-,-,-,-,3972.2000,3972.0000,3971.8000,3971.6000,3971.2000,3975.0000,3977.0000,3977.8000,3978.8000,3979.0000,1,2,2,1,1,2,5,2,1,3
SF,IF2012,2020-06-23 09:31:20.500,3971.4000,15122,0,266784720.000,0,-,-,-,-,3972.2000,3972.0000,3971.8000,3971.6000,3971.2000,3975.0000,3977.0000,3977.8000,3978.8000,3979.0000,2,2,2,1,1,2,5,2,1,3
SF,IF2012,2020-06-23 09:31:21.000,3971.4000,15122,0,266784720.000,0,-,-,-,-,3972.8000,3972.2000,3972.0000,3971.8000,3971.6000,3975.0000,3977.0000,3978.8000,3979.0000,3985.0000,2,2,2,2,1,2,5,1,3,5
SF,IF2012,2020-06-23 09:31:21.500,3972.8000,15123,1,267976560.000,1,1,0,双开,S,3972.8000,3972.4000,3972.2000,3972.0000,3971.8000,3975.0000,3977.0000,3978.8000,3979.0000,3985.0000,2,1,1,2,2,1,5,1,3,5
SF,IF2012,2020-06-23 09:31:22.000,3973.2000,15121,-2,270361020.000,2,0,2,双平,S,3973.0000,3972.8000,3972.4000,3972.2000,3972.0000,3974.8000,3977.0000,3978.8000,3979.0000,3985.0000,2,2,1,1,2,1,5,1,3,5
SF,IF2012,2020-06-23 09:31:22.500,3973.2000,15121,0,270361020.000,0,-,-,-,-,3973.4000,3973.0000,3972.8000,3972.4000,3972.2000,3977.0000,3978.8000,3979.0000,3985.0000,3987.8000,1,2,2,1,1,5,1,3,5,2
SF,IF2012,2020-06-23 09:31:23.000,3973.4000,15121,0,272745060.000,2,1,1,多换,S,3973.6000,3973.4000,3972.8000,3972.4000,3972.2000,3976.8000,3977.0000,3978.8000,3979.0000,3985.0000,2,1,2,1,1,1,5,1,3,5
SF,IF2012,2020-06-23 09:31:23.500,3973.6000,15121,0,273937140.000,1,0,1,多换,S,3973.6000,3973.4000,3972.2000,3972.0000,3971.8000,3976.6000,3976.8000,3977.0000,3978.8000,3979.0000,3,1,1,2,1,1,1,5,1,3
SF,IF2012,2020-06-23 09:31:24.000,3973.6000,15122,1,275129220.000,1,1,0,双开,S,3974.0000,3973.6000,3973.4000,3972.2000,3972.0000,3976.4000,3976.6000,3977.0000,3978.8000,3979.0000,1,3,1,1,2,1,1,5,1,3
SF,IF2012,2020-06-23 09:31:24.500,3974.0000,15123,1,276321420.000,1,1,0,双开,S,3974.2000,3974.0000,3973.8000,3973.6000,3973.4000,3975.2000,3976.2000,3976.4000,3976.6000,3977.0000,1,1,1,1,1,1,1,1,1,5
SF,IF2012,2020-06-23 09:31:25.000,3974.0000,15123,0,276321420.000,0,-,-,-,-,3974.0000,3973.8000,3973.6000,3973.4000,3972.2000,3974.2000,3975.0000,3975.2000,3976.2000,3976.6000,1,1,1,1,1,1,1,1,1,1
SF,IF2012,2020-06-23 09:31:25.500,3974.0000,15124,1,279898380.000,3,2,1,空开,S,3974.4000,3973.8000,3973.4000,3972.2000,3972.0000,3975.2000,3976.2000,3977.0000,3978.8000,3979.0000,2,1,1,1,1,1,1,5,1,3
SF,IF2012,2020-06-23 09:31:26.000,3974.4000,15124,0,282283020.000,2,1,1,多换,S,3973.8000,3973.4000,3972.4000,3972.2000,3972.0000,3974.0000,3974.4000,3975.2000,3977.0000,3978.8000,1,1,1,1,2,1,1,1,5,1
SF,IF2012,2020-06-23 09:31:26.500,3974.2000,15123,-1,283475280.000,1,0,1,双平,S,3973.8000,3973.4000,3972.4000,3972.2000,3972.0000,3974.4000,3977.0000,3978.8000,3979.0000,3985.0000,1,1,1,1,2,1,5,1,3,5
SF,IF2012,2020-06-23 09:31:27.000,3973.8000,15123,0,284667420.000,1,0,1,多换,S,3973.4000,3972.4000,3972.2000,3972.0000,3971.8000,3977.0000,3978.8000,3979.0000,3985.0000,3987.8000,1,1,1,2,1,5,1,3,5,2
SF,IF2012,2020-06-23 09:31:27.500,3973.6000,15124,1,285859500.000,1,1,0,双开,S,3973.4000,3972.4000,3972.0000,3971.8000,3971.4000,3976.8000,3977.0000,3978.8000,3979.0000,3985.0000,3,1,2,1,1,2,5,1,3,5
SF,IF2012,2020-06-23 09:31:28.000,3973.6000,15125,1,287051580.000,1,1,0,双开,S,3973.6000,3973.4000,3972.4000,3972.0000,3971.8000,3976.8000,3977.0000,3978.8000,3979.0000,3985.0000,1,3,1,1,1,2,5,1,3,5
SF,IF2012,2020-06-23 09:31:28.500,3973.6000,15125,0,287051580.000,0,-,-,-,-,3973.8000,3973.6000,3973.4000,3972.4000,3972.0000,3976.4000,3976.8000,3977.0000,3978.8000,3979.0000,1,1,3,1,1,1,2,5,1,3
SF,IF2012,2020-06-23 09:31:29.000,3973.6000,15125,0,287051580.000,0,-,-,-,-,3973.8000,3973.6000,3973.4000,3972.4000,3972.0000,3976.2000,3976.4000,3976.6000,3977.0000,3978.8000,2,1,3,1,1,3,1,1,5,1
SF,IF2012,2020-06-23 09:31:29.500,3973.6000,15125,0,287051580.000,0,-,-,-,-,3974.0000,3973.8000,3973.4000,3972.4000,3972.0000,3976.2000,3976.6000,3977.0000,3978.8000,3979.0000,1,2,3,1,1,3,1,5,1,3
SF,IF2012,2020-06-23 09:31:30.000,3974.0000,15126,1,288243780.000,1,1,0,双开,S,3974.2000,3974.0000,3973.8000,3973.4000,3972.4000,3976.2000,3977.0000,3978.8000,3979.0000,3985.0000,1,1,2,3,1,3,5,1,3,5
SF,IF2012,2020-06-23 09:31:30.500,3974.2000,15126,0,289436040.000,1,0,1,多换,S,3973.8000,3973.4000,3972.4000,3972.0000,3971.8000,3975.4000,3976.2000,3977.0000,3978.8000,3979.0000,2,4,1,1,1,1,3,5,1,3
SF,IF2012,2020-06-23 09:31:31.000,3974.2000,15125,-1,290628300.000,1,0,1,双平,S,3973.8000,3973.4000,3972.4000,3972.0000,3971.8000,3975.2000,3975.4000,3976.2000,3977.0000,3978.8000,2,2,1,1,1,1,2,2,5,1
SF,IF2012,2020-06-23 09:31:31.500,3975.2000,15126,1,291820860.000,1,1,0,双开,S,3973.8000,3973.4000,3972.4000,3972.0000,3971.8000,3975.4000,3976.2000,3977.0000,3978.8000,3979.0000,2,2,1,1,1,2,2,5,1,3
SF,IF2012,2020-06-23 09:31:32.000,3975.2000,15126,0,293013420.000,1,0,1,多换,S,3974.0000,3973.8000,3973.4000,3972.4000,3972.0000,3974.2000,3975.4000,3976.2000,3977.0000,3978.8000,1,8,2,1,1,1,1,2,5,1
SF,IF2012,2020-06-23 09:31:32.500,3974.4000,15125,-1,294205740.000,1,0,1,双平,S,3974.0000,3973.8000,3973.4000,3972.4000,3972.0000,3975.4000,3976.2000,3977.0000,3978.8000,3979.0000,1,8,2,1,1,1,2,5,1,3
SF,IF2012,2020-06-23 09:31:33.000,3974.0000,15125,0,295397940.000,1,0,1,多换,S,3973.8000,3973.4000,3972.4000,3972.0000,3971.8000,3975.2000,3975.4000,3976.2000,3977.0000,3978.8000,8,2,1,1,1,1,1,2,5,1
SF,IF2012,2020-06-23 09:31:33.500,3974.0000,15125,0,295397940.000,0,-,-,-,-,3973.8000,3973.4000,3972.4000,3972.0000,3971.8000,3974.0000,3975.2000,3975.4000,3976.2000,3977.0000,8,2,1,1,1,1,1,1,2,5
SF,IF2012,2020-06-23 09:31:34.000,3974.0000,15125,0,296590140.000,1,0,1,多换,S,3973.8000,3973.4000,3972.4000,3972.0000,3971.8000,3975.4000,3976.2000,3977.0000,3978.8000,3979.0000,7,2,1,1,1,1,2,5,1,3
SF,IF2012,2020-06-23 09:31:34.500,3974.0000,15125,0,296590140.000,0,-,-,-,-,3974.0000,3973.8000,3973.4000,3972.0000,3971.8000,3975.2000,3975.4000,3976.2000,3977.0000,3978.8000,2,7,2,1,1,1,1,1,5,1
SF,IF2012,2020-06-23 09:31:35.000,3974.0000,15125,0,296590140.000,0,-,-,-,-,3974.2000,3974.0000,3973.8000,3973.4000,3972.0000,3975.4000,3976.2000,3977.0000,3978.8000,3979.0000,1,2,7,2,1,1,1,5,1,3
SF,IF2012,2020-06-23 09:31:35.500,3974.0000,15125,0,296590140.000,0,-,-,-,-,3974.4000,3974.2000,3974.0000,3973.8000,3973.4000,3975.4000,3976.2000,3977.0000,3978.8000,3979.0000,1,1,1,7,2,1,1,5,1,3
SF,IF2012,2020-06-23 09:31:36.000,3974.4000,15126,1,297782460.000,1,1,0,双开,S,3974.2000,3974.0000,3973.8000,3973.4000,3972.0000,3975.4000,3976.2000,3977.0000,3978.8000,3985.0000,2,1,6,2,1,1,1,5,1,5
SF,IF2012,2020-06-23 09:31:37.000,3974.4000,15126,0,297782460.000,0,-,-,-,-,3974.2000,3974.0000,3973.8000,3973.4000,3972.0000,3975.4000,3976.2000,3977.0000,3978.8000,3985.0000,2,1,6,2,2,1,1,5,1,5
SF,IF2012,2020-06-23 09:31:37.500,3974.2000,15126,0,300166980.000,2,1,1,多换,S,3974.0000,3973.8000,3973.4000,3972.0000,3971.8000,3975.2000,3975.4000,3976.2000,3977.0000,3978.8000,1,6,2,2,2,1,1,1,5,1
SF,IF2012,2020-06-23 09:31:38.000,3975.4000,15124,-2,302552160.000,2,0,2,双平,S,3975.4000,3974.2000,3974.0000,3973.8000,3973.4000,3976.2000,3977.0000,3978.8000,3985.0000,3987.8000,1,1,1,6,2,1,5,1,5,2
SF,IF2012,2020-06-23 09:31:38.500,3975.4000,15123,-1,303744780.000,1,0,1,双平,S,3974.2000,3974.0000,3973.8000,3973.4000,3972.0000,3976.0000,3977.0000,3978.8000,3985.0000,3987.8000,1,1,6,2,2,1,5,1,5,2
SF,IF2012,2020-06-23 09:31:39.500,3974.4000,15121,-2,306129900.000,2,0,2,双平,S,3975.2000,3974.2000,3973.8000,3973.4000,3972.0000,3977.0000,3978.8000,3985.0000,3987.8000,3991.8000,2,2,6,2,2,5,1,5,2,10
SF,IF2012,2020-06-23 09:31:40.000,3974.4000,15121,0,306129900.000,0,-,-,-,-,3975.4000,3975.2000,3974.2000,3974.0000,3973.8000,3976.8000,3977.0000,3978.8000,3985.0000,3987.8000,1,2,1,1,6,1,5,1,5,2
SF,IF2012,2020-06-23 09:31:40.500,3974.4000,15121,0,306129900.000,0,-,-,-,-,3975.4000,3975.2000,3974.4000,3974.2000,3974.0000,3976.8000,3977.0000,3978.8000,3985.0000,3987.8000,1,2,1,1,1,1,5,1,5,2
SF,IF2012,2020-06-23 09:31:41.000,3974.4000,15121,0,306129900.000,0,-,-,-,-,3975.4000,3975.2000,3974.4000,3974.2000,3974.0000,3976.6000,3976.8000,3977.0000,3978.8000,3985.0000,1,2,2,1,1,1,1,5,1,5
SF,IF2012,2020-06-23 09:31:42.000,3974.4000,15121,0,306129900.000,0,-,-,-,-,3976.6000,3975.4000,3975.2000,3974.4000,3974.2000,3976.8000,3977.0000,3978.8000,3985.0000,3987.8000,1,1,2,2,2,1,5,1,5,2
SF,IF2012,2020-06-23 09:31:42.500,3976.6000,15121,0,307322880.000,1,0,1,多换,S,3975.4000,3975.2000,3974.6000,3974.4000,3974.2000,3976.8000,3977.0000,3978.8000,3985.0000,3987.8000,1,2,1,2,2,1,5,1,5,2
SF,IF2012,2020-06-23 09:31:43.000,3976.6000,15121,0,307322880.000,0,-,-,-,-,3976.4000,3975.4000,3975.2000,3974.6000,3974.4000,3976.8000,3977.0000,3978.8000,3985.0000,3987.8000,1,1,2,3,2,1,5,1,5,2
SF,IF2012,2020-06-23 09:31:43.500,3976.4000,15120,-1,309708720.000,2,0,2,多平,S,3975.2000,3974.6000,3974.4000,3974.0000,3973.4000,3976.8000,3977.0000,3978.8000,3985.0000,3987.8000,2,3,2,1,2,1,5,1,5,2
SF,IF2012,2020-06-23 09:31:44.000,3976.4000,15120,0,309708720.000,0,-,-,-,-,3975.4000,3975.2000,3974.6000,3974.4000,3974.0000,3976.0000,3976.8000,3977.0000,3978.8000,3985.0000,1,2,2,3,1,1,1,5,1,5
SF,IF2012,2020-06-23 09:31:44.500,3976.4000,15120,0,309708720.000,0,-,-,-,-,3975.2000,3974.4000,3974.0000,3973.4000,3972.0000,3975.4000,3976.0000,3976.8000,3977.0000,3978.8000,2,3,1,2,2,1,1,1,5,1
SF,IF2012,2020-06-23 09:31:45.000,3975.2000,15119,-1,312093840.000,2,0,2,多平,S,3974.4000,3974.0000,3973.4000,3972.0000,3971.8000,3975.4000,3976.0000,3976.8000,3977.0000,3978.8000,1,1,2,2,1,1,1,1,5,1
SF,IF2012,2020-06-23 09:31:45.500,3975.4000,15119,0,314479080.000,2,1,1,多换,S,3974.4000,3974.0000,3973.4000,3972.0000,3971.8000,3976.0000,3977.0000,3978.8000,3985.0000,3987.8000,1,1,2,2,1,1,5,1,5,2
SF,IF2012,2020-06-23 09:31:46.000,3975.4000,15119,0,314479080.000,0,-,-,-,-,3974.6000,3974.0000,3973.4000,3972.0000,3971.8000,3976.0000,3977.0000,3978.8000,3985.0000,3987.8000,1,1,1,2,1,1,5,1,5,2
SF,IF2012,2020-06-23 09:31:46.500,3975.4000,15119,0,314479080.000,0,-,-,-,-,3975.4000,3975.2000,3974.6000,3974.0000,3973.4000,3977.0000,3978.8000,3985.0000,3987.8000,3990.4000,2,1,1,1,1,5,1,5,2,1
SF,IF2012,2020-06-23 09:31:47.000,3975.4000,15119,0,314479080.000,0,-,-,-,-,3976.0000,3975.4000,3974.6000,3974.0000,3973.4000,3976.8000,3977.0000,3978.8000,3985.0000,3987.8000,1,4,1,1,1,1,5,1,5,2
SF,IF2012,2020-06-23 09:31:48.500,3975.4000,15119,0,314479080.000,0,-,-,-,-,3976.0000,3975.4000,3974.6000,3974.0000,3973.4000,3976.8000,3977.0000,3978.8000,3985.0000,3987.8000,1,4,1,1,1,1,5,1,5,2
SF,IF2012,2020-06-23 09:31:49.000,3976.0000,15119,0,315671880.000,1,0,1,多换,S,3975.4000,3974.6000,3974.0000,3973.4000,3972.0000,3977.0000,3978.8000,3985.0000,3987.8000,3990.4000,4,2,1,1,2,5,1,5,2,1
SF,IF2012,2020-06-23 09:31:49.500,3976.0000,15119,0,315671880.000,0,-,-,-,-,3975.6000,3975.4000,3974.6000,3974.0000,3973.4000,3977.0000,3978.8000,3985.0000,3987.8000,3990.4000,1,4,1,1,1,5,1,5,2,1
SF,IF2012,2020-06-23 09:31:50.000,3976.0000,15119,0,315671880.000,0,-,-,-,-,3975.6000,3975.4000,3974.6000,3974.0000,3973.4000,3976.0000,3976.8000,3977.0000,3978.8000,3985.0000,1,4,1,1,1,1,1,5,1,5
SF,IF2012,2020-06-23 09:31:50.500,3976.0000,15119,0,316864680.000,1,0,1,多换,S,3975.6000,3975.4000,3974.6000,3974.0000,3973.4000,3976.8000,3977.0000,3978.8000,3985.0000,3987.8000,1,4,1,1,1,1,5,1,5,2
SF,IF2012,2020-06-23 09:31:51.000,3976.0000,15119,0,316864680.000,0,-,-,-,-,3975.6000,3975.4000,3974.6000,3974.0000,3973.4000,3976.6000,3976.8000,3977.0000,3978.8000,3985.0000,1,4,1,1,1,1,1,5,1,5
SF,IF2012,2020-06-23 09:31:51.500,3976.6000,15119,0,318057660.000,1,0,1,多换,S,3976.2000,3975.6000,3975.4000,3974.6000,3974.0000,3977.0000,3978.8000,3985.0000,3987.8000,3990.4000,1,1,4,1,1,5,1,5,2,1
SF,IF2012,2020-06-23 09:31:53.500,3976.2000,15113,-6,325216020.000,6,0,6,双平,S,3977.0000,3975.6000,3975.4000,3974.6000,3974.0000,3978.8000,3985.0000,3987.8000,3990.4000,3994.0000,2,1,4,1,1,1,5,2,1,2
SF,IF2012,2020-06-23 09:31:54.000,3976.2000,15113,0,325216020.000,0,-,-,-,-,3977.2000,3977.0000,3975.4000,3974.6000,3974.0000,3978.6000,3978.8000,3985.0000,3987.8000,3990.4000,1,2,4,1,1,1,1,5,2,1
SF,IF2012,2020-06-23 09:31:54.500,3976.2000,15113,0,325216020.000,0,-,-,-,-,3977.2000,3977.0000,3975.4000,3974.6000,3974.0000,3978.8000,3987.8000,3990.0000,3990.4000,3994.0000,1,3,4,1,1,1,2,5,1,2
SF,IF2012,2020-06-23 09:31:55.000,3976.2000,15113,0,325216020.000,0,-,-,-,-,3977.2000,3977.0000,3975.4000,3974.6000,3974.0000,3978.8000,3987.8000,3990.0000,3990.4000,3994.0000,1,3,4,1,1,1,2,5,1,2
SF,IF2012,2020-06-23 09:31:55.500,3976.2000,15113,0,325216020.000,0,-,-,-,-,3977.2000,3977.0000,3975.4000,3975.0000,3974.6000,3978.8000,3987.8000,3990.0000,3990.4000,3994.0000,1,3,4,5,1,1,2,5,1,2
SF,IF2012,2020-06-23 09:31:56.000,3977.4000,15112,-1,327602880.000,2,0,2,多平,S,3977.0000,3975.4000,3975.0000,3974.6000,3974.0000,3987.8000,3990.0000,3990.4000,3994.0000,3997.4000,3,4,5,1,1,2,5,1,2,1
SF,IF2012,2020-06-23 09:31:56.500,3984.8000,15112,0,328798320.000,1,0,1,多换,S,3977.4000,3977.2000,3977.0000,3975.4000,3975.0000,3981.4000,3986.0000,3987.4000,3987.6000,3987.8000,1,2,3,4,5,1,1,1,1,2
SF,IF2012,2020-06-23 09:31:57.000,3984.8000,15112,0,328798320.000,0,-,-,-,-,3977.6000,3977.4000,3977.0000,3975.4000,3975.0000,3980.0000,3981.2000,3986.0000,3987.4000,3987.6000,2,1,1,4,5,1,1,1,1,2
SF,IF2012,2020-06-23 09:31:57.500,3984.8000,15112,0,328798320.000,0,-,-,-,-,3978.4000,3978.0000,3977.6000,3977.4000,3977.2000,3980.0000,3981.2000,3987.4000,3987.6000,3987.8000,1,1,3,1,1,1,1,1,2,2
SF,IF2012,2020-06-23 09:31:58.000,3980.0000,15111,-1,329992320.000,1,0,1,双平,S,3978.4000,3978.0000,3977.6000,3977.4000,3977.2000,3983.8000,3984.0000,3984.4000,3987.4000,3987.8000,1,1,2,1,1,1,1,2,1,2
SF,IF2012,2020-06-23 09:31:58.500,3980.0000,15111,0,329992320.000,0,-,-,-,-,3979.6000,3978.6000,3978.4000,3978.0000,3977.4000,3983.6000,3983.8000,3984.0000,3984.2000,3984.4000,1,2,1,1,1,4,1,3,1,3
SF,IF2012,2020-06-23 09:31:59.000,3980.0000,15111,0,329992320.000,0,-,-,-,-,3979.8000,3978.4000,3978.0000,3977.4000,3977.2000,3980.6000,3983.6000,3983.8000,3984.0000,3984.2000,2,1,1,1,1,1,4,1,2,2
SF,IF2012,2020-06-23 09:31:59.500,3980.0000,15111,0,329992320.000,0,-,-,-,-,3979.8000,3978.4000,3978.0000,3977.4000,3977.2000,3983.6000,3983.8000,3984.0000,3984.2000,3984.4000,1,1,1,1,1,3,1,2,2,4
SF,IF2012,2020-06-23 09:32:00.000,3980.0000,15111,0,329992320.000,0,-,-,-,-,3980.0000,3979.8000,3978.4000,3978.0000,3977.4000,3983.4000,3983.6000,3983.8000,3984.0000,3984.2000,1,1,1,1,1,2,3,1,2,2
SF,IF2012,2020-06-23 09:32:00.500,3980.0000,15111,0,329992320.000,0,-,-,-,-,3980.2000,3980.0000,3978.4000,3978.0000,3977.4000,3981.4000,3983.2000,3983.4000,3983.6000,3983.8000,1,2,1,1,1,1,1,2,1,1
SF,IF2012,2020-06-23 09:32:01.000,3981.4000,15111,0,331186740.000,1,0,1,多换,S,3980.4000,3980.2000,3980.0000,3978.4000,3977.4000,3983.2000,3983.6000,3983.8000,3984.0000,3984.2000,1,1,1,1,1,1,1,1,2,2
SF,IF2012,2020-06-23 09:32:01.500,3980.4000,15108,-3,334769100.000,3,0,3,双平,S,3978.4000,3977.4000,3977.0000,3975.4000,3975.0000,3983.0000,3983.2000,3983.6000,3983.8000,3984.0000,1,1,1,4,5,1,1,1,1,2
SF,IF2012,2020-06-23 09:32:02.000,3982.8000,15108,0,335963940.000,1,0,1,多换,S,3980.6000,3978.6000,3978.4000,3977.4000,3977.0000,3983.0000,3983.6000,3984.0000,3984.2000,3984.4000,1,1,1,1,1,1,1,2,1,3
SF,IF2012,2020-06-23 09:32:02.500,3980.6000,15107,-1,337158120.000,1,0,1,双平,S,3978.6000,3978.4000,3977.4000,3977.0000,3975.4000,3982.6000,3982.8000,3983.0000,3983.6000,3984.0000,1,1,1,1,4,1,2,1,1,2
SF,IF2012,2020-06-23 09:32:03.000,3982.4000,15107,0,338352840.000,1,0,1,多换,S,3980.0000,3978.6000,3978.4000,3978.2000,3977.4000,3982.4000,3982.8000,3983.6000,3984.0000,3984.2000,1,2,1,1,1,1,2,1,2,1
SF,IF2012,2020-06-23 09:32:03.500,3982.4000,15107,0,338352840.000,0,-,-,-,-,3980.2000,3980.0000,3979.0000,3978.4000,3978.2000,3982.0000,3982.2000,3982.4000,3982.8000,3984.0000,1,1,2,1,1,2,1,2,3,2
SF,IF2012,2020-06-23 09:32:04.000,3982.4000,15107,0,338352840.000,0,-,-,-,-,3980.2000,3980.0000,3979.0000,3978.4000,3978.2000,3981.6000,3981.8000,3982.0000,3982.2000,3982.4000,1,1,2,1,1,1,1,1,1,2
SF,IF2012,2020-06-23 09:32:04.500,3982.4000,15107,0,338352840.000,0,-,-,-,-,3980.2000,3979.2000,3979.0000,3978.4000,3978.2000,3981.2000,3981.8000,3982.0000,3982.2000,3982.4000,1,1,2,1,1,1,1,1,1,2
SF,IF2012,2020-06-23 09:32:05.000,3982.4000,15107,0,338352840.000,0,-,-,-,-,3979.2000,3978.4000,3978.2000,3977.4000,3977.0000,3981.8000,3982.0000,3982.2000,3982.4000,3982.8000,1,1,1,1,1,1,1,1,2,2
SF,IF2012,2020-06-23 09:32:05.500,3982.4000,15107,0,338352840.000,0,-,-,-,-,3979.4000,3978.4000,3978.2000,3977.4000,3977.0000,3981.6000,3981.8000,3982.0000,3982.8000,3984.0000,1,1,1,1,1,1,1,1,1,2
SF,IF2012,2020-06-23 09:32:06.000,3982.4000,15107,0,338352840.000,0,-,-,-,-,3979.4000,3978.4000,3978.2000,3977.4000,3977.0000,3981.6000,3982.0000,3982.8000,3984.0000,3984.2000,2,1,1,1,1,1,1,1,2,5
SF,IF2012,2020-06-23 09:32:06.500,3982.4000,15107,0,338352840.000,0,-,-,-,-,3979.8000,3979.6000,3979.4000,3978.4000,3977.4000,3981.6000,3982.8000,3984.0000,3984.2000,3984.4000,1,1,2,1,1,1,1,2,5,1
SF,IF2012,2020-06-23 09:32:07.000,3982.4000,15107,0,338352840.000,0,-,-,-,-,3980.2000,3980.0000,3979.6000,3979.4000,3977.6000,3981.6000,3982.8000,3984.0000,3984.2000,3984.4000,1,1,1,1,1,1,1,2,5,1
SF,IF2012,2020-06-23 09:32:07.500,3982.4000,15107,0,338352840.000,0,-,-,-,-,3980.4000,3980.2000,3979.6000,3979.4000,3977.6000,3982.8000,3984.0000,3984.2000,3984.4000,3984.6000,1,1,1,1,1,1,2,5,1,2
SF,IF2012,2020-06-23 09:32:08.000,3980.4000,15108,1,339546960.000,1,1,0,双开,S,3980.4000,3979.4000,3977.6000,3977.4000,3977.0000,3981.4000,3982.2000,3982.4000,3982.6000,3982.8000,1,1,1,1,1,1,1,1,2,1
SF,IF2012,2020-06-23 09:32:08.500,3981.4000,15108,0,340741380.000,1,0,1,多换,S,3980.4000,3979.4000,3978.8000,3977.6000,3977.4000,3982.2000,3982.6000,3982.8000,3984.0000,3984.2000,1,1,1,1,1,1,2,1,1,5
SF,IF2012,2020-06-23 09:32:09.000,3982.0000,15108,0,341935980.000,1,0,1,多换,S,3980.0000,3979.4000,3978.8000,3977.6000,3977.4000,3982.0000,3982.2000,3982.6000,3982.8000,3984.0000,1,1,1,1,1,2,1,1,1,1
SF,IF2012,2020-06-23 09:32:09.500,3982.0000,15108,0,341935980.000,0,-,-,-,-,3980.2000,3980.0000,3979.4000,3978.8000,3977.6000,3981.8000,3982.0000,3982.2000,3982.8000,3983.4000,1,1,1,1,1,1,2,1,1,1
SF,IF2012,2020-06-23 09:32:10.000,3982.0000,15108,0,341935980.000,0,-,-,-,-,3980.2000,3980.0000,3979.4000,3978.8000,3977.6000,3981.6000,3981.8000,3982.0000,3982.2000,3982.8000,1,1,1,1,1,2,1,1,1,1
SF,IF2012,2020-06-23 09:32:10.500,3982.0000,15108,0,341935980.000,0,-,-,-,-,3980.2000,3980.0000,3979.4000,3978.8000,3977.6000,3981.6000,3981.8000,3982.2000,3982.8000,3983.4000,1,1,1,1,1,2,1,1,1,1
SF,IF2012,2020-06-23 09:32:11.000,3982.0000,15108,0,341935980.000,0,-,-,-,-,3980.2000,3980.0000,3979.4000,3978.8000,3977.6000,3981.4000,3981.6000,3981.8000,3982.2000,3982.8000,1,1,1,1,1,1,2,1,1,1
SF,IF2012,2020-06-23 09:32:11.500,3982.0000,15108,0,341935980.000,0,-,-,-,-,3980.6000,3980.0000,3979.4000,3978.8000,3977.6000,3981.2000,3981.4000,3981.8000,3982.2000,3982.8000,1,1,1,1,1,2,1,1,1,1
SF,IF2012,2020-06-23 09:32:12.000,3980.6000,15107,-1,343130160.000,1,0,1,双平,S,3980.0000,3979.4000,3978.8000,3977.6000,3977.4000,3981.2000,3981.4000,3982.2000,3982.8000,3983.4000,1,1,1,1,1,2,1,1,1,1
SF,IF2012,2020-06-23 09:32:12.500,3981.2000,15107,0,344324520.000,1,0,1,多换,S,3980.2000,3979.4000,3978.8000,3977.6000,3977.4000,3981.2000,3982.2000,3982.8000,3983.4000,3984.0000,1,1,1,1,1,1,1,1,1,1
SF,IF2012,2020-06-23 09:32:13.000,3981.2000,15107,0,344324520.000,0,-,-,-,-,3980.2000,3979.4000,3977.6000,3977.4000,3977.0000,3981.2000,3982.2000,3982.8000,3983.4000,3984.0000,1,1,1,1,1,1,1,1,1,1
SF,IF2012,2020-06-23 09:32:13.500,3980.2000,15106,-1,345518580.000,1,0,1,双平,S,3980.4000,3979.4000,3977.6000,3977.4000,3977.0000,3981.2000,3982.2000,3982.8000,3983.4000,3984.0000,1,1,1,1,1,1,1,1,1,1
SF,IF2012,2020-06-23 09:32:14.000,3980.2000,15106,0,346712640.000,1,0,1,多换,S,3979.4000,3977.6000,3977.4000,3977.0000,3976.8000,3981.2000,3982.2000,3982.8000,3983.4000,3984.0000,1,1,1,1,1,1,1,1,1,1
SF,IF2012,2020-06-23 09:32:14.500,3980.2000,15106,0,346712640.000,0,-,-,-,-,3979.6000,3979.4000,3977.6000,3977.4000,3977.0000,3981.0000,3981.2000,3981.4000,3982.2000,3982.8000,1,1,1,1,1,1,1,1,1,1
SF,IF2012,2020-06-23 09:32:15.000,3980.2000,15106,0,346712640.000,0,-,-,-,-,3979.4000,3977.4000,3977.0000,3976.8000,3975.4000,3980.8000,3981.0000,3981.2000,3981.4000,3982.2000,1,1,1,1,4,1,1,1,1,1
SF,IF2012,2020-06-23 09:32:15.500,3980.2000,15106,0,346712640.000,0,-,-,-,-,3979.6000,3979.4000,3977.4000,3977.0000,3976.8000,3981.0000,3981.2000,3981.4000,3982.2000,3982.8000,1,1,1,1,1,1,1,1,1,1
SF,IF2012,2020-06-23 09:32:16.000,3979.8000,15105,-1,347906580.000,1,0,1,双平,S,3979.6000,3979.4000,3977.4000,3977.0000,3976.8000,3980.6000,3981.0000,3981.2000,3981.4000,3982.2000,1,1,1,1,1,1,1,1,1,1
SF,IF2012,2020-06-23 09:32:16.500,3979.6000,15105,0,349100460.000,1,0,1,多换,S,3979.4000,3977.4000,3977.0000,3976.8000,3976.6000,3981.0000,3981.4000,3982.2000,3982.8000,3983.4000,1,1,1,1,1,1,1,1,1,1
SF,IF2012,2020-06-23 09:32:17.000,3979.4000,15104,-1,350294280.000,1,0,1,双平,S,3977.4000,3976.8000,3976.6000,3975.4000,3975.0000,3980.8000,3981.0000,3981.4000,3982.2000,3982.8000,1,1,1,4,5,3,1,1,1,1
SF,IF2012,2020-06-23 09:32:17.500,3979.4000,15104,0,350294280.000,0,-,-,-,-,3977.6000,3977.4000,3976.8000,3976.6000,3975.4000,3980.6000,3980.8000,3982.2000,3982.8000,3983.4000,1,1,1,1,4,3,2,1,1,1
SF,IF2012,2020-06-23 09:32:18.000,3979.4000,15104,0,350294280.000,0,-,-,-,-,3977.6000,3977.4000,3976.8000,3976.6000,3975.4000,3980.4000,3980.6000,3980.8000,3982.2000,3982.8000,1,1,1,1,4,1,4,1,1,1
SF,IF2012,2020-06-23 09:32:18.500,3979.4000,15104,0,350294280.000,0,-,-,-,-,3978.0000,3977.6000,3977.4000,3976.8000,3976.6000,3979.6000,3980.2000,3980.4000,3980.6000,3980.8000,1,1,1,1,1,5,1,1,1,1
SF,IF2012,2020-06-23 09:32:19.000,3979.4000,15104,0,350294280.000,0,-,-,-,-,3978.2000,3978.0000,3977.4000,3976.8000,3976.6000,3979.4000,3979.6000,3980.2000,3980.8000,3982.2000,1,1,1,1,1,1,5,2,1,1
SF,IF2012,2020-06-23 09:32:19.500,3978.0000,15104,0,351487680.000,1,0,1,多换,S,3978.0000,3977.4000,3976.8000,3976.6000,3975.4000,3979.4000,3979.6000,3980.2000,3980.8000,3982.2000,1,1,1,1,4,1,5,2,1,1
SF,IF2012,2020-06-23 09:32:20.000,3978.0000,15104,0,351487680.000,0,-,-,-,-,3978.0000,3977.4000,3976.8000,3975.4000,3975.0000,3979.2000,3979.4000,3979.6000,3980.2000,3980.4000,1,1,1,4,5,1,1,5,2,1
SF,IF2012,2020-06-23 09:32:20.500,3978.0000,15103,-1,352681080.000,1,0,1,双平,S,3977.4000,3976.8000,3975.4000,3973.4000,3973.0000,3978.2000,3979.0000,3979.2000,3979.6000,3980.2000,1,1,4,1,1,2,3,1,5,2
SF,IF2012,2020-06-23 09:32:21.000,3977.4000,15102,-1,353874300.000,1,0,1,双平,S,3976.8000,3976.0000,3975.6000,3975.4000,3973.4000,3978.2000,3979.0000,3979.2000,3979.6000,3980.2000,1,1,1,4,1,2,2,1,5,1
SF,IF2012,2020-06-23 09:32:21.500,3978.0000,15101,-1,356260920.000,2,0,2,多平,S,3976.8000,3976.0000,3975.6000,3975.4000,3973.4000,3977.4000,3978.2000,3979.2000,3979.6000,3980.2000,1,1,1,4,1,1,2,1,5,1
SF,IF2012,2020-06-23 09:32:22.000,3978.0000,15101,0,357454320.000,1,0,1,多换,S,3977.0000,3976.8000,3975.6000,3975.4000,3973.4000,3978.2000,3979.6000,3980.2000,3980.4000,3980.8000,1,1,1,4,1,2,5,1,1,1
SF,IF2012,2020-06-23 09:32:23.000,3978.0000,15101,0,357454320.000,0,-,-,-,-,3977.0000,3976.8000,3975.6000,3975.4000,3973.4000,3978.2000,3979.6000,3980.2000,3980.4000,3980.8000,1,1,1,5,1,2,5,1,1,1
SF,IF2012,2020-06-23 09:32:23.500,3978.0000,15101,0,357454320.000,0,-,-,-,-,3977.0000,3976.8000,3975.6000,3975.4000,3973.8000,3978.2000,3979.6000,3980.2000,3980.4000,3980.8000,1,1,1,5,2,2,5,1,1,1
SF,IF2012,2020-06-23 09:32:24.000,3978.2000,15099,-2,359841240.000,2,0,2,双平,S,3977.2000,3977.0000,3976.8000,3975.6000,3975.4000,3979.6000,3980.2000,3980.4000,3980.8000,3982.2000,1,1,1,1,5,5,1,1,1,1
SF,IF2012,2020-06-23 09:32:24.500,3978.2000,15099,0,359841240.000,0,-,-,-,-,3977.4000,3977.2000,3976.8000,3975.6000,3975.4000,3979.4000,3979.6000,3980.4000,3980.8000,3982.2000,1,1,1,1,5,1,5,1,1,1
SF,IF2012,2020-06-23 09:32:25.000,3978.2000,15099,0,359841240.000,0,-,-,-,-,3977.4000,3977.2000,3976.8000,3976.0000,3975.6000,3979.4000,3979.6000,3980.4000,3980.8000,3982.2000,1,1,1,1,1,1,5,1,1,1
SF,IF2012,2020-06-23 09:32:25.500,3978.2000,15099,0,359841240.000,0,-,-,-,-,3978.0000,3977.6000,3977.4000,3977.2000,3976.8000,3979.4000,3979.6000,3980.8000,3982.2000,3982.4000,1,1,1,1,1,1,5,1,1,2
SF,IF2012,2020-06-23 09:32:26.000,3978.2000,15099,0,359841240.000,0,-,-,-,-,3978.2000,3978.0000,3976.8000,3976.0000,3975.6000,3979.2000,3979.6000,3980.8000,3982.2000,3982.4000,1,1,1,1,2,1,5,1,1,2
SF,IF2012,2020-06-23 09:32:26.500,3978.2000,15099,0,368196900.000,7,3,4,多换,S,3978.0000,3976.8000,3976.0000,3975.6000,3975.4000,3979.2000,3979.6000,3980.8000,3982.2000,3982.4000,1,1,1,2,5,1,5,1,1,2
SF,IF2012,2020-06-23 09:32:27.000,3978.2000,15099,0,368196900.000,0,-,-,-,-,3978.0000,3976.8000,3976.0000,3975.6000,3975.4000,3979.0000,3979.2000,3979.6000,3980.8000,3982.2000,1,1,1,2,5,1,1,5,1,1
SF,IF2012,2020-06-23 09:32:27.500,3978.0000,15098,-1,369390300.000,1,0,1,双平,S,3976.8000,3976.0000,3975.6000,3975.4000,3975.0000,3978.8000,3979.0000,3979.2000,3979.6000,3980.8000,1,1,2,5,1,1,1,1,5,1
SF,IF2012,2020-06-23 09:32:28.000,3978.0000,15098,0,369390300.000,0,-,-,-,-,3977.0000,3976.8000,3976.0000,3975.6000,3975.4000,3978.6000,3978.8000,3979.6000,3980.8000,3982.2000,1,1,1,2,5,1,1,5,1,1
SF,IF2012,2020-06-23 09:32:28.500,3978.0000,15098,0,369390300.000,0,-,-,-,-,3977.0000,3976.8000,3976.0000,3975.6000,3975.4000,3978.6000,3978.8000,3979.6000,3980.8000,3982.2000,1,1,1,2,5,1,1,5,1,1
SF,IF2012,2020-06-23 09:32:29.000,3978.0000,15098,0,369390300.000,0,-,-,-,-,3977.0000,3976.8000,3976.0000,3975.6000,3975.4000,3978.4000,3978.6000,3979.6000,3980.8000,3982.2000,1,1,1,2,5,1,1,5,1,1
SF,IF2012,2020-06-23 09:32:29.500,3978.0000,15098,0,369390300.000,0,-,-,-,-,3977.0000,3976.8000,3976.0000,3975.6000,3975.4000,3978.4000,3978.6000,3979.6000,3980.8000,3982.2000,1,1,1,2,5,1,1,5,1,1
SF,IF2012,2020-06-23 09:32:30.000,3978.0000,15098,0,369390300.000,0,-,-,-,-,3977.2000,3977.0000,3976.8000,3976.0000,3975.6000,3978.6000,3979.6000,3980.8000,3982.2000,3982.4000,1,1,1,1,2,1,5,1,1,2
SF,IF2012,2020-06-23 09:32:30.500,3978.0000,15098,0,369390300.000,0,-,-,-,-,3978.0000,3977.4000,3977.2000,3976.8000,3976.0000,3979.6000,3980.8000,3981.0000,3982.2000,3982.4000,1,1,1,1,1,5,1,3,1,2
SF,IF2012,2020-06-23 09:32:31.000,3978.0000,15098,0,369390300.000,0,-,-,-,-,3978.2000,3978.0000,3977.2000,3976.8000,3976.0000,3979.4000,3979.6000,3980.8000,3981.0000,3982.2000,1,1,1,1,1,3,5,1,3,1
SF,IF2012,2020-06-23 09:32:32.000,3978.0000,15098,0,369390300.000,0,-,-,-,-,3978.2000,3978.0000,3977.2000,3976.8000,3976.0000,3979.4000,3979.6000,3980.8000,3981.0000,3982.2000,1,1,1,1,1,1,5,1,3,1
SF,IF2012,2020-06-23 09:32:33.000,3978.0000,15098,0,369390300.000,0,-,-,-,-,3978.2000,3978.0000,3977.2000,3976.8000,3976.0000,3979.4000,3979.6000,3980.8000,3981.0000,3982.2000,1,1,1,1,1,1,5,1,3,1
SF,IF2012,2020-06-23 09:32:33.500,3978.0000,15098,0,369390300.000,0,-,-,-,-,3978.2000,3978.0000,3977.2000,3976.8000,3976.0000,3979.4000,3979.6000,3980.8000,3981.0000,3982.2000,1,1,1,1,1,1,6,1,3,1
SF,IF2012,2020-06-23 09:32:34.000,3978.0000,15098,0,369390300.000,0,-,-,-,-,3978.2000,3976.8000,3976.0000,3975.6000,3975.4000,3979.6000,3980.8000,3981.0000,3982.2000,3982.4000,1,1,1,2,5,6,1,3,1,2
SF,IF2012,2020-06-23 09:32:34.500,3978.0000,15098,0,369390300.000,0,-,-,-,-,3978.2000,3976.8000,3976.0000,3975.6000,3975.4000,3979.4000,3979.6000,3980.8000,3981.0000,3982.2000,1,1,1,2,5,3,6,1,3,1
SF,IF2012,2020-06-23 09:32:35.000,3978.2000,15098,0,370583760.000,1,0,1,多换,S,3976.8000,3976.6000,3976.0000,3975.6000,3975.4000,3978.8000,3979.2000,3979.4000,3979.6000,3980.8000,1,1,1,2,5,1,1,3,6,1
SF,IF2012,2020-06-23 09:32:35.500,3978.2000,15098,0,370583760.000,0,-,-,-,-,3977.0000,3976.8000,3976.6000,3976.0000,3975.6000,3978.6000,3978.8000,3979.4000,3979.6000,3980.8000,1,1,1,1,2,2,1,2,6,1
SF,IF2012,2020-06-23 09:32:36.000,3978.2000,15098,0,370583760.000,0,-,-,-,-,3976.8000,3976.6000,3976.0000,3975.6000,3975.4000,3978.4000,3978.6000,3978.8000,3979.4000,3979.6000,1,1,1,1,5,1,3,1,2,6
SF,IF2012,2020-06-23 09:32:36.500,3978.2000,15098,0,370583760.000,0,-,-,-,-,3976.8000,3976.6000,3976.0000,3975.6000,3975.4000,3978.2000,3978.4000,3978.6000,3978.8000,3979.4000,1,1,1,1,5,3,1,1,1,2
SF,IF2012,2020-06-23 09:32:37.000,3978.2000,15097,-1,372970680.000,2,0,2,多平,S,3976.8000,3976.6000,3976.0000,3975.6000,3975.4000,3978.2000,3978.4000,3978.6000,3978.8000,3979.4000,1,1,1,1,5,1,1,1,1,2
SF,IF2012,2020-06-23 09:32:37.500,3978.2000,15097,0,372970680.000,0,-,-,-,-,3977.0000,3976.8000,3976.6000,3976.0000,3975.6000,3978.4000,3978.6000,3978.8000,3979.4000,3979.6000,1,1,1,1,1,1,1,1,2,6
SF,IF2012,2020-06-23 09:32:38.500,3978.2000,15097,0,372970680.000,0,-,-,-,-,3977.0000,3976.8000,3976.6000,3976.0000,3975.6000,3978.0000,3978.4000,3978.6000,3978.8000,3979.4000,1,1,1,1,1,1,1,1,1,2
SF,IF2012,2020-06-23 09:32:39.000,3978.2000,15097,0,372970680.000,0,-,-,-,-,3977.6000,3977.0000,3976.8000,3976.6000,3976.0000,3978.0000,3978.2000,3978.4000,3978.6000,3978.8000,1,1,1,1,1,1,1,1,1,1
SF,IF2012,2020-06-23 09:32:39.500,3977.6000,15096,-1,374163960.000,1,0,1,双平,S,3976.8000,3976.6000,3976.0000,3975.6000,3975.4000,3978.0000,3978.2000,3978.4000,3978.8000,3979.6000,1,1,1,1,5,1,1,1,1,6
SF,IF2012,2020-06-23 09:32:40.000,3977.6000,15096,0,374163960.000,0,-,-,-,-,3977.0000,3976.8000,3976.6000,3976.0000,3975.6000,3978.0000,3978.2000,3978.8000,3979.6000,3980.8000,1,1,1,1,1,1,1,1,6,1
SF,IF2012,2020-06-23 09:32:40.500,3977.0000,15096,0,375357060.000,1,0,1,多换,S,3976.8000,3976.6000,3976.0000,3975.6000,3975.4000,3977.8000,3978.2000,3978.8000,3979.6000,3980.8000,1,1,1,1,5,1,1,1,6,1
SF,IF2012,2020-06-23 09:32:41.000,3976.6000,15095,-1,377743080.000,2,0,2,多平,S,3976.0000,3975.6000,3975.4000,3975.0000,3973.8000,3977.6000,3977.8000,3978.2000,3978.8000,3979.6000,1,1,5,4,2,1,1,2,1,6
SF,IF2012,2020-06-23 09:32:41.500,3976.6000,15095,0,377743080.000,0,-,-,-,-,3976.0000,3975.4000,3975.0000,3973.8000,3973.4000,3977.6000,3978.2000,3978.8000,3979.6000,3980.8000,1,5,4,2,1,1,2,1,6,1
SF,IF2012,2020-06-23 09:32:42.000,3976.6000,15095,0,377743080.000,0,-,-,-,-,3976.2000,3976.0000,3975.4000,3975.0000,3974.0000,3977.4000,3977.6000,3978.2000,3978.8000,3979.6000,1,1,4,4,1,1,1,2,1,6
SF,IF2012,2020-06-23 09:32:42.500,3976.6000,15095,0,377743080.000,0,-,-,-,-,3976.2000,3976.0000,3975.4000,3975.0000,3974.0000,3978.2000,3978.8000,3979.6000,3980.8000,3981.0000,2,1,4,4,1,2,1,5,1,3
SF,IF2012,2020-06-23 09:32:43.000,3976.6000,15095,0,377743080.000,0,-,-,-,-,3976.4000,3976.2000,3976.0000,3975.4000,3975.0000,3978.0000,3978.2000,3978.8000,3979.6000,3980.0000,3,1,1,4,4,1,2,1,5,1
SF,IF2012,2020-06-23 09:32:43.500,3976.6000,15095,0,377743080.000,0,-,-,-,-,3976.6000,3976.4000,3976.0000,3975.4000,3975.0000,3977.6000,3978.0000,3978.2000,3978.8000,3979.6000,2,2,1,4,4,1,1,2,1,5
SF,IF2012,2020-06-23 09:32:44.000,3977.6000,15095,0,378936360.000,1,0,1,多换,S,3976.6000,3976.4000,3976.0000,3975.4000,3975.0000,3978.2000,3978.8000,3979.6000,3980.0000,3980.8000,1,2,1,4,4,1,1,5,1,1
SF,IF2012,2020-06-23 09:32:44.500,3977.6000,15095,0,378936360.000,0,-,-,-,-,3976.6000,3976.0000,3975.4000,3975.0000,3974.0000,3978.0000,3978.2000,3978.8000,3979.6000,3980.0000,2,1,4,4,2,1,1,1,5,1
SF,IF2012,2020-06-23 09:32:45.000,3977.6000,15095,0,378936360.000,0,-,-,-,-,3976.8000,3976.6000,3976.0000,3975.4000,3975.0000,3978.0000,3978.2000,3978.8000,3979.6000,3980.0000,1,1,1,4,4,1,1,1,5,1
SF,IF2012,2020-06-23 09:32:45.500,3977.6000,15095,0,378936360.000,0,-,-,-,-,3976.8000,3976.0000,3975.4000,3975.0000,3974.0000,3978.0000,3978.2000,3978.8000,3979.6000,3980.0000,1,1,4,4,2,1,1,1,5,1
SF,IF2012,2020-06-23 09:32:46.000,3977.6000,15095,0,378936360.000,0,-,-,-,-,3976.0000,3975.4000,3975.0000,3974.0000,3973.8000,3978.0000,3978.2000,3978.8000,3979.6000,3980.0000,1,4,4,2,1,1,1,1,5,1
SF,IF2012,2020-06-23 09:32:46.500,3977.6000,15095,0,378936360.000,0,-,-,-,-,3976.2000,3976.0000,3975.4000,3975.0000,3974.0000,3977.8000,3978.0000,3978.2000,3978.8000,3979.6000,1,1,4,4,2,1,1,1,1,5
SF,IF2012,2020-06-23 09:32:47.000,3977.6000,15095,0,378936360.000,0,-,-,-,-,3976.2000,3976.0000,3975.4000,3975.0000,3974.0000,3977.6000,3977.8000,3978.2000,3978.8000,3979.6000,1,1,4,4,2,1,2,1,1,5
SF,IF2012,2020-06-23 09:32:47.500,3977.6000,15095,0,378936360.000,0,-,-,-,-,3976.4000,3976.2000,3976.0000,3975.4000,3975.0000,3977.6000,3977.8000,3978.2000,3978.8000,3979.6000,2,1,1,4,4,1,2,1,1,5
SF,IF2012,2020-06-23 09:32:48.000,3977.6000,15095,0,378936360.000,0,-,-,-,-,3976.4000,3976.2000,3976.0000,3975.4000,3975.0000,3977.6000,3977.8000,3978.2000,3978.8000,3979.6000,1,1,1,4,4,1,1,1,1,5
SF,IF2012,2020-06-23 09:32:48.500,3977.6000,15095,0,378936360.000,0,-,-,-,-,3976.4000,3976.2000,3976.0000,3975.4000,3975.0000,3977.6000,3978.2000,3978.8000,3979.6000,3980.0000,1,1,1,4,4,1,1,1,5,1
SF,IF2012,2020-06-23 09:32:49.000,3977.6000,15095,0,380129640.000,1,0,1,多换,S,3976.6000,3976.4000,3976.0000,3975.4000,3975.0000,3978.2000,3978.8000,3979.6000,3980.0000,3980.8000,2,1,1,4,4,1,2,5,1,1
SF,IF2012,2020-06-23 09:32:49.500,3977.6000,15095,0,380129640.000,0,-,-,-,-,3976.8000,3976.6000,3976.4000,3976.0000,3975.4000,3978.2000,3978.8000,3979.6000,3980.0000,3980.8000,2,2,1,1,4,1,1,5,1,1
SF,IF2012,2020-06-23 09:32:50.000,3978.2000,15095,0,381323100.000,1,0,1,多换,S,3977.6000,3977.2000,3977.0000,3976.8000,3976.6000,3978.8000,3979.6000,3980.0000,3980.8000,3981.0000,1,1,1,1,1,1,5,1,1,3
SF,IF2012,2020-06-23 09:32:50.500,3978.2000,15095,0,381323100.000,0,-,-,-,-,3977.8000,3977.6000,3976.8000,3976.6000,3976.4000,3978.8000,3979.6000,3980.0000,3980.8000,3981.0000,1,1,1,1,2,1,5,1,1,3
SF,IF2012,2020-06-23 09:32:51.000,3978.2000,15095,0,381323100.000,0,-,-,-,-,3977.8000,3977.6000,3976.8000,3976.4000,3976.0000,3978.8000,3979.6000,3980.0000,3980.8000,3981.0000,1,1,1,2,1,1,5,1,1,3
SF,IF2012,2020-06-23 09:32:51.500,3978.2000,15095,0,381323100.000,0,-,-,-,-,3977.8000,3977.6000,3976.8000,3976.4000,3976.0000,3978.8000,3979.6000,3980.0000,3980.8000,3981.0000,1,1,1,2,2,1,5,1,1,3
SF,IF2012,2020-06-23 09:32:52.000,3978.8000,15094,-1,382516740.000,1,0,1,双平,S,3977.8000,3977.6000,3976.8000,3976.4000,3976.0000,3979.6000,3980.0000,3980.8000,3981.0000,3983.0000,1,1,1,2,2,5,1,1,3,3
SF,IF2012,2020-06-23 09:32:52.500,3978.8000,15094,0,382516740.000,0,-,-,-,-,3977.8000,3977.6000,3976.8000,3976.4000,3976.0000,3979.4000,3979.6000,3980.0000,3980.8000,3981.0000,1,1,1,2,2,1,5,1,1,3
SF,IF2012,2020-06-23 09:32:53.000,3978.8000,15094,0,382516740.000,0,-,-,-,-,3978.0000,3977.8000,3977.6000,3976.8000,3976.4000,3979.4000,3979.6000,3980.0000,3980.8000,3981.0000,1,1,1,1,2,1,5,1,1,3
SF,IF2012,2020-06-23 09:32:53.500,3978.8000,15094,0,382516740.000,0,-,-,-,-,3978.2000,3978.0000,3977.6000,3976.8000,3976.4000,3979.4000,3979.6000,3980.0000,3980.8000,3981.0000,1,2,1,1,2,1,5,1,1,3
SF,IF2012,2020-06-23 09:32:54.000,3978.8000,15094,0,382516740.000,0,-,-,-,-,3978.2000,3978.0000,3977.6000,3976.8000,3976.4000,3979.6000,3980.0000,3980.8000,3981.0000,3983.0000,2,1,1,1,2,5,1,1,3,3
SF,IF2012,2020-06-23 09:32:55.500,3978.8000,15094,0,382516740.000,0,-,-,-,-,3978.2000,3978.0000,3977.6000,3976.8000,3976.4000,3979.6000,3980.0000,3980.8000,3981.0000,3983.4000,2,1,1,1,2,5,1,1,3,1
SF,IF2012,2020-06-23 09:32:56.500,3978.6000,15093,-1,383710320.000,1,0,1,双平,S,3978.2000,3977.6000,3976.8000,3976.4000,3976.0000,3979.6000,3980.0000,3980.2000,3980.8000,3981.0000,2,1,1,2,2,5,1,1,1,3
SF,IF2012,2020-06-23 09:32:57.000,3979.6000,15092,-1,384904200.000,1,0,1,双平,S,3978.4000,3978.2000,3977.6000,3976.8000,3976.4000,3979.6000,3980.0000,3980.2000,3980.8000,3981.0000,1,2,1,1,2,4,1,1,1,3
SF,IF2012,2020-06-23 09:32:57.500,3979.6000,15088,-4,389679720.000,4,0,4,双平,S,3978.6000,3978.4000,3978.2000,3977.6000,3976.8000,3980.0000,3980.2000,3980.8000,3981.0000,3983.4000,1,1,1,1,1,1,1,1,3,1
SF,IF2012,2020-06-23 09:32:58.000,3979.6000,15088,0,389679720.000,0,-,-,-,-,3979.6000,3978.8000,3978.6000,3978.4000,3977.6000,3980.0000,3980.2000,3980.8000,3981.0000,3983.4000,1,2,1,1,1,1,1,1,3,1
SF,IF2012,2020-06-23 09:32:58.500,3980.0000,15087,-1,390873720.000,1,0,1,双平,S,3979.6000,3978.8000,3978.6000,3978.4000,3977.6000,3980.2000,3980.8000,3981.0000,3983.4000,3984.0000,1,2,1,1,1,1,1,3,1,1
SF,IF2012,2020-06-23 09:32:59.000,3980.0000,15087,0,390873720.000,0,-,-,-,-,3979.6000,3978.8000,3978.6000,3978.4000,3977.6000,3980.8000,3981.0000,3983.4000,3984.0000,3984.2000,1,2,1,1,1,1,3,1,1,5
SF,IF2012,2020-06-23 09:32:59.500,3980.0000,15087,0,390873720.000,0,-,-,-,-,3979.6000,3978.8000,3978.6000,3978.4000,3977.6000,3980.6000,3980.8000,3981.0000,3983.4000,3984.0000,1,4,1,1,1,1,1,3,1,1
SF,IF2012,2020-06-23 09:33:00.500,3980.0000,15087,0,390873720.000,0,-,-,-,-,3979.6000,3978.8000,3978.6000,3978.4000,3977.6000,3980.6000,3980.8000,3981.0000,3983.4000,3984.0000,2,4,1,1,1,1,1,3,1,1
SF,IF2012,2020-06-23 09:33:01.500,3980.0000,15087,0,390873720.000,0,-,-,-,-,3979.6000,3978.8000,3978.6000,3978.4000,3977.6000,3980.6000,3980.8000,3981.0000,3983.4000,3984.0000,2,3,1,1,1,1,1,3,1,1
SF,IF2012,2020-06-23 09:33:02.000,3980.0000,15087,0,390873720.000,0,-,-,-,-,3979.8000,3979.6000,3978.8000,3978.6000,3978.4000,3980.4000,3980.6000,3980.8000,3981.0000,3983.4000,1,2,3,1,1,1,1,1,3,1
SF,IF2012,2020-06-23 09:33:03.000,3980.4000,15085,-2,395649540.000,4,1,3,多平,S,3978.8000,3978.6000,3978.4000,3977.6000,3976.8000,3980.6000,3980.8000,3981.0000,3983.4000,3984.0000,3,1,1,1,1,1,1,3,1,1
SF,IF2012,2020-06-23 09:33:03.500,3980.4000,15085,0,395649540.000,0,-,-,-,-,3978.8000,3978.4000,3977.6000,3976.8000,3976.4000,3980.2000,3980.6000,3980.8000,3981.0000,3983.4000,3,1,1,1,2,1,1,1,3,1
SF,IF2012,2020-06-23 09:33:04.000,3980.4000,15085,0,395649540.000,0,-,-,-,-,3978.8000,3978.4000,3977.6000,3976.8000,3976.4000,3980.0000,3980.2000,3980.8000,3981.0000,3983.4000,3,1,1,1,1,1,2,1,3,1
SF,IF2012,2020-06-23 09:33:04.500,3980.4000,15085,0,395649540.000,0,-,-,-,-,3978.8000,3978.4000,3977.6000,3976.8000,3976.4000,3980.0000,3980.8000,3981.0000,3983.4000,3984.0000,3,1,1,1,1,1,1,3,1,1
SF,IF2012,2020-06-23 09:33:05.000,3980.4000,15085,0,395649540.000,0,-,-,-,-,3979.0000,3978.8000,3978.4000,3978.0000,3977.6000,3980.4000,3980.8000,3981.0000,3983.4000,3984.0000,1,3,1,1,1,1,1,3,1,1
SF,IF2012,2020-06-23 09:33:05.500,3980.4000,15085,0,395649540.000,0,-,-,-,-,3978.8000,3978.4000,3978.0000,3977.6000,3976.8000,3980.0000,3980.2000,3980.4000,3980.8000,3981.0000,3,1,1,1,1,2,1,1,1,3
SF,IF2012,2020-06-23 09:33:06.000,3980.4000,15085,0,395649540.000,0,-,-,-,-,3979.2000,3979.0000,3978.8000,3978.4000,3978.0000,3980.4000,3980.8000,3981.0000,3983.4000,3984.0000,1,1,2,1,1,1,1,3,1,1
SF,IF2012,2020-06-23 09:33:06.500,3980.4000,15085,0,395649540.000,0,-,-,-,-,3979.2000,3978.8000,3978.4000,3978.0000,3977.6000,3980.2000,3980.4000,3980.8000,3981.0000,3983.4000,1,2,1,1,1,1,1,1,3,1
SF,IF2012,2020-06-23 09:33:07.000,3980.4000,15085,0,395649540.000,0,-,-,-,-,3978.8000,3978.4000,3978.0000,3977.6000,3976.4000,3980.2000,3980.4000,3980.8000,3981.0000,3983.4000,2,1,1,1,1,1,1,1,3,1
SF,IF2012,2020-06-23 09:33:07.500,3980.4000,15085,0,395649540.000,0,-,-,-,-,3978.8000,3978.4000,3978.0000,3976.4000,3976.0000,3979.8000,3980.2000,3980.4000,3980.8000,3981.0000,2,1,1,1,2,1,1,1,1,3
SF,IF2012,2020-06-23 09:33:08.000,3980.4000,15085,0,395649540.000,0,-,-,-,-,3978.8000,3978.0000,3976.4000,3976.0000,3975.4000,3979.8000,3980.2000,3980.4000,3980.8000,3981.0000,2,1,1,2,2,1,1,1,1,3
SF,IF2012,2020-06-23 09:33:08.500,3980.4000,15086,1,396843660.000,1,1,0,双开,S,3978.8000,3978.0000,3976.4000,3976.0000,3975.4000,3979.8000,3980.4000,3980.8000,3981.0000,3983.4000,2,1,1,2,2,1,1,1,3,1
SF,IF2012,2020-06-23 09:33:09.000,3979.6000,15086,0,399231600.000,2,1,1,多换,S,3978.8000,3978.0000,3976.4000,3976.0000,3975.4000,3979.2000,3980.4000,3980.8000,3981.0000,3983.4000,2,1,1,2,2,3,1,1,3,1
SF,IF2012,2020-06-23 09:33:09.500,3979.2000,15085,-1,401619240.000,2,0,2,多平,S,3978.8000,3978.0000,3976.4000,3976.0000,3975.4000,3979.2000,3980.4000,3980.8000,3981.0000,3983.4000,2,1,1,2,2,1,1,1,3,1
SF,IF2012,2020-06-23 09:33:10.000,3979.2000,15084,-1,402813000.000,1,0,1,双平,S,3978.8000,3978.0000,3976.4000,3976.0000,3975.4000,3980.4000,3980.8000,3981.0000,3983.4000,3984.0000,2,1,1,2,2,1,1,3,1,1
SF,IF2012,2020-06-23 09:33:10.500,3979.2000,15084,0,402813000.000,0,-,-,-,-,3979.0000,3978.8000,3978.0000,3976.4000,3976.0000,3980.2000,3980.8000,3981.0000,3983.4000,3984.0000,1,2,1,1,2,4,1,3,1,1
SF,IF2012,2020-06-23 09:33:11.000,3979.2000,15084,0,402813000.000,0,-,-,-,-,3979.0000,3978.8000,3978.0000,3976.4000,3976.0000,3980.2000,3980.8000,3981.0000,3983.4000,3984.0000,1,2,1,1,2,2,1,3,1,1
SF,IF2012,2020-06-23 09:33:12.000,3980.2000,15084,0,405201120.000,2,1,1,多换,S,3979.8000,3979.0000,3978.8000,3978.0000,3976.4000,3980.8000,3981.0000,3983.4000,3984.0000,3984.2000,2,1,2,1,1,1,3,1,1,5
SF,IF2012,2020-06-23 09:33:12.500,3980.2000,15084,0,405201120.000,0,-,-,-,-,3980.0000,3978.8000,3978.0000,3976.4000,3976.0000,3981.0000,3983.4000,3984.0000,3984.2000,3985.0000,1,2,1,1,2,3,1,1,5,1
SF,IF2012,2020-06-23 09:33:13.000,3980.2000,15079,-5,411171900.000,5,0,5,双平,S,3980.6000,3980.0000,3978.8000,3978.0000,3976.4000,3981.0000,3983.4000,3984.0000,3984.2000,3985.0000,2,1,2,1,1,1,1,1,5,1
SF,IF2012,2020-06-23 09:33:13.500,3981.0000,15079,0,412366200.000,1,0,1,多换,S,3980.2000,3978.8000,3978.0000,3976.4000,3976.0000,3983.4000,3984.0000,3984.2000,3985.0000,3987.2000,1,2,1,1,2,1,1,5,1,4
SF,IF2012,2020-06-23 09:33:14.000,3981.0000,15079,0,412366200.000,0,-,-,-,-,3980.6000,3980.4000,3980.2000,3978.8000,3978.0000,3983.2000,3983.4000,3984.0000,3984.2000,3985.0000,2,1,1,2,1,3,1,1,5,1
SF,IF2012,2020-06-23 09:33:14.500,3981.0000,15079,0,412366200.000,0,-,-,-,-,3980.8000,3978.8000,3978.0000,3976.4000,3976.0000,3982.0000,3983.2000,3983.4000,3984.0000,3984.2000,3,2,1,1,2,1,3,1,1,5
SF,IF2012,2020-06-23 09:33:15.000,3982.0000,15078,-1,413560800.000,1,0,1,双平,S,3980.8000,3978.8000,3978.0000,3976.4000,3976.0000,3983.2000,3984.0000,3984.2000,3985.0000,3987.2000,3,2,1,1,2,2,1,5,1,4
SF,IF2012,2020-06-23 09:33:15.500,3982.0000,15078,0,413560800.000,0,-,-,-,-,3980.8000,3978.8000,3978.0000,3976.4000,3976.0000,3982.8000,3983.2000,3984.0000,3984.2000,3985.0000,1,2,1,1,2,2,2,1,5,1
SF,IF2012,2020-06-23 09:33:16.000,3982.0000,15078,0,413560800.000,0,-,-,-,-,3981.4000,3981.0000,3980.8000,3978.8000,3978.0000,3982.6000,3983.2000,3984.0000,3984.2000,3985.0000,1,2,1,2,1,1,1,1,5,1
SF,IF2012,2020-06-23 09:33:16.500,3982.0000,15078,0,413560800.000,0,-,-,-,-,3981.6000,3981.4000,3978.8000,3978.0000,3976.4000,3983.2000,3984.0000,3984.2000,3985.0000,3987.2000,1,1,2,1,1,1,1,5,1,4
SF,IF2012,2020-06-23 09:33:17.000,3982.0000,15078,0,413560800.000,0,-,-,-,-,3981.6000,3981.4000,3978.8000,3978.0000,3976.4000,3983.0000,3983.2000,3984.2000,3985.0000,3987.2000,1,1,2,1,1,2,1,5,1,1
SF,IF2012,2020-06-23 09:33:17.500,3982.0000,15078,0,413560800.000,0,-,-,-,-,3981.6000,3981.4000,3978.8000,3978.0000,3976.4000,3984.2000,3985.0000,3987.2000,3987.6000,3987.8000,1,1,2,2,1,5,1,1,1,2
SF,IF2012,2020-06-23 09:33:18.000,3982.0000,15078,0,413560800.000,0,-,-,-,-,3982.2000,3981.6000,3981.4000,3978.8000,3978.0000,3984.0000,3984.2000,3985.0000,3987.6000,3987.8000,2,1,1,2,2,2,5,1,1,2
SF,IF2012,2020-06-23 09:33:18.500,3982.0000,15078,0,413560800.000,0,-,-,-,-,3982.4000,3982.2000,3981.4000,3978.8000,3978.0000,3983.6000,3984.0000,3984.2000,3985.0000,3987.6000,1,2,1,2,2,1,2,5,1,1
SF,IF2012,2020-06-23 09:33:19.000,3982.0000,15078,0,413560800.000,0,-,-,-,-,3982.4000,3982.2000,3981.4000,3978.8000,3978.0000,3983.6000,3984.0000,3984.2000,3985.0000,3987.6000,1,2,1,2,2,2,2,5,1,1
SF,IF2012,2020-06-23 09:33:19.500,3982.0000,15078,0,413560800.000,0,-,-,-,-,3982.4000,3982.0000,3981.4000,3978.8000,3978.0000,3983.6000,3984.0000,3984.2000,3985.0000,3987.6000,3,1,1,2,2,1,2,5,1,1
SF,IF2012,2020-06-23 09:33:20.000,3982.0000,15078,0,413560800.000,0,-,-,-,-,3982.4000,3982.0000,3981.4000,3978.8000,3978.0000,3983.6000,3984.0000,3984.2000,3985.0000,3987.6000,1,1,1,2,2,1,2,5,1,1
SF,IF2012,2020-06-23 09:33:20.500,3982.0000,15078,0,413560800.000,0,-,-,-,-,3982.6000,3982.4000,3981.4000,3978.8000,3978.0000,3983.6000,3984.0000,3984.2000,3985.0000,3987.6000,2,1,1,2,2,1,2,5,1,1
SF,IF2012,2020-06-23 09:33:21.000,3983.6000,15077,-1,414755880.000,1,0,1,双平,S,3982.6000,3982.4000,3981.4000,3978.8000,3978.0000,3984.0000,3984.2000,3985.0000,3987.6000,3987.8000,2,1,1,2,2,1,5,1,1,2
SF,IF2012,2020-06-23 09:33:21.500,3983.6000,15074,-3,418340520.000,3,0,3,双平,S,3982.4000,3981.4000,3978.8000,3978.0000,3976.4000,3984.0000,3984.2000,3985.0000,3987.6000,3987.8000,1,1,2,2,1,1,5,1,1,2
SF,IF2012,2020-06-23 09:33:22.000,3983.6000,15074,0,418340520.000,0,-,-,-,-,3982.4000,3981.4000,3978.8000,3978.0000,3976.4000,3983.6000,3983.8000,3984.0000,3984.2000,3985.0000,1,1,2,2,1,1,1,1,5,1
SF,IF2012,2020-06-23 09:33:22.500,3983.6000,15074,0,418340520.000,0,-,-,-,-,3982.4000,3981.4000,3978.8000,3978.0000,3976.4000,3983.8000,3984.0000,3984.2000,3985.0000,3987.6000,1,1,2,3,1,1,1,5,1,1
SF,IF2012,2020-06-23 09:33:23.000,3982.4000,15074,0,419535240.000,1,0,1,多换,S,3981.4000,3978.8000,3978.0000,3976.4000,3976.0000,3982.4000,3983.8000,3984.0000,3984.2000,3985.0000,1,2,3,1,1,2,1,1,5,1
SF,IF2012,2020-06-23 09:33:23.500,3982.4000,15072,-2,421924680.000,2,0,2,双平,S,3983.6000,3982.4000,3981.6000,3981.4000,3978.8000,3984.0000,3984.2000,3985.0000,3987.6000,3987.8000,2,1,1,1,2,1,5,1,1,2
SF,IF2012,2020-06-23 09:33:24.000,3983.6000,15072,0,424314840.000,2,1,1,多换,S,3982.4000,3981.6000,3981.4000,3980.4000,3978.8000,3984.2000,3987.6000,3987.8000,3988.4000,3989.0000,1,2,1,1,2,5,1,2,1,1
SF,IF2012,2020-06-23 09:33:24.500,3984.0000,15073,1,425510040.000,1,1,0,双开,S,3982.6000,3981.6000,3981.4000,3980.4000,3978.8000,3984.2000,3987.6000,3987.8000,3988.4000,3989.0000,3,1,1,1,2,5,1,2,1,1
SF,IF2012,2020-06-23 09:33:25.000,3984.0000,15073,0,425510040.000,0,-,-,-,-,3982.8000,3982.6000,3981.6000,3981.4000,3980.4000,3984.2000,3987.6000,3987.8000,3988.4000,3989.0000,1,3,1,1,1,5,1,2,1,1
SF,IF2012,2020-06-23 09:33:25.500,3984.0000,15073,0,425510040.000,0,-,-,-,-,3983.0000,3982.8000,3982.6000,3981.6000,3981.4000,3984.2000,3987.6000,3987.8000,3988.4000,3989.0000,1,1,2,2,1,5,1,2,1,1
SF,IF2012,2020-06-23 09:33:26.000,3984.0000,15073,0,425510040.000,0,-,-,-,-,3983.0000,3982.8000,3982.6000,3981.6000,3981.4000,3984.2000,3987.6000,3987.8000,3988.4000,3989.0000,1,1,2,2,1,5,1,2,1,1
SF,IF2012,2020-06-23 09:33:26.500,3984.0000,15073,0,425510040.000,0,-,-,-,-,3984.0000,3983.8000,3983.0000,3981.6000,3981.4000,3984.2000,3987.6000,3988.4000,3989.0000,3990.0000,1,2,1,2,1,5,1,1,1,10
SF,IF2012,2020-06-23 09:33:27.000,3983.8000,15071,-2,427900380.000,2,0,2,双平,S,3983.8000,3983.0000,3982.0000,3981.4000,3980.4000,3984.2000,3987.6000,3988.4000,3989.0000,3990.0000,1,1,1,1,1,5,1,1,1,10
SF,IF2012,2020-06-23 09:33:27.500,3983.8000,15070,-1,429095520.000,1,0,1,双平,S,3983.0000,3982.0000,3981.4000,3980.4000,3980.2000,3984.2000,3987.6000,3988.4000,3989.0000,3990.0000,1,1,1,1,1,5,1,1,1,10
SF,IF2012,2020-06-23 09:33:28.500,3983.8000,15070,0,429095520.000,0,-,-,-,-,3983.0000,3982.0000,3981.8000,3981.4000,3980.4000,3984.2000,3987.6000,3988.4000,3989.0000,3990.0000,1,1,1,1,1,5,1,1,1,10
SF,IF2012,2020-06-23 09:33:29.000,3983.8000,15070,0,429095520.000,0,-,-,-,-,3983.0000,3982.0000,3981.8000,3981.4000,3981.0000,3984.2000,3987.6000,3988.4000,3989.0000,3990.0000,1,1,1,1,1,5,1,1,1,10
SF,IF2012,2020-06-23 09:33:29.500,3983.8000,15070,0,429095520.000,0,-,-,-,-,3983.0000,3982.0000,3981.8000,3981.4000,3981.0000,3984.2000,3987.6000,3988.4000,3989.0000,3990.0000,1,1,1,1,1,5,1,1,1,10
SF,IF2012,2020-06-23 09:33:30.000,3983.8000,15070,0,429095520.000,0,-,-,-,-,3983.0000,3982.0000,3981.8000,3981.4000,3981.0000,3984.2000,3987.6000,3988.4000,3989.0000,3990.0000,1,1,1,1,1,5,1,1,1,10
SF,IF2012,2020-06-23 09:33:30.500,3983.8000,15070,0,429095520.000,0,-,-,-,-,3983.0000,3982.0000,3981.8000,3981.4000,3981.0000,3984.0000,3984.2000,3987.6000,3988.4000,3989.0000,1,1,1,1,1,1,5,1,1,1
SF,IF2012,2020-06-23 09:33:31.000,3983.8000,15070,0,429095520.000,0,-,-,-,-,3983.0000,3982.0000,3981.8000,3981.4000,3981.0000,3984.0000,3984.2000,3987.6000,3988.4000,3989.0000,1,1,1,1,1,1,5,1,1,1
SF,IF2012,2020-06-23 09:33:32.000,3983.8000,15070,0,429095520.000,0,-,-,-,-,3983.0000,3982.0000,3981.8000,3981.4000,3981.0000,3984.0000,3984.2000,3984.8000,3987.6000,3988.4000,1,1,1,1,1,1,5,1,1,1
SF,IF2012,2020-06-23 09:33:32.500,3983.8000,15070,0,429095520.000,0,-,-,-,-,3983.0000,3982.0000,3981.8000,3981.4000,3981.0000,3984.0000,3984.2000,3986.8000,3987.6000,3988.4000,1,1,1,1,1,1,5,1,1,1
SF,IF2012,2020-06-23 09:33:33.000,3983.8000,15070,0,429095520.000,0,-,-,-,-,3983.0000,3982.0000,3981.8000,3981.4000,3981.0000,3984.0000,3984.2000,3986.8000,3987.6000,3988.4000,1,1,1,1,1,1,5,1,1,1
SF,IF2012,2020-06-23 09:33:33.500,3983.8000,15070,0,429095520.000,0,-,-,-,-,3983.0000,3982.0000,3981.8000,3981.4000,3981.0000,3984.0000,3984.2000,3986.8000,3987.6000,3988.4000,1,1,1,1,1,1,5,1,1,1
SF,IF2012,2020-06-23 09:33:35.000,3983.0000,15070,0,430290420.000,1,0,1,多换,S,3982.0000,3981.8000,3981.4000,3981.0000,3980.4000,3983.8000,3984.0000,3984.2000,3986.8000,3987.6000,1,1,1,1,1,1,1,5,1,1
SF,IF2012,2020-06-23 09:33:35.500,3983.0000,15070,0,430290420.000,0,-,-,-,-,3982.2000,3982.0000,3981.4000,3981.0000,3980.4000,3983.6000,3983.8000,3984.0000,3984.2000,3986.8000,1,1,1,1,1,1,1,1,5,1
SF,IF2012,2020-06-23 09:33:36.000,3983.0000,15070,0,430290420.000,0,-,-,-,-,3982.2000,3982.0000,3981.4000,3981.0000,3980.4000,3983.6000,3984.0000,3984.2000,3986.8000,3987.6000,1,1,1,1,1,1,1,5,1,1
SF,IF2012,2020-06-23 09:33:36.500,3983.0000,15070,0,430290420.000,0,-,-,-,-,3982.0000,3981.4000,3981.0000,3980.4000,3980.2000,3983.6000,3984.0000,3984.2000,3986.8000,3987.6000,1,1,1,1,1,1,1,5,1,1
SF,IF2012,2020-06-23 09:33:37.000,3983.0000,15070,0,430290420.000,0,-,-,-,-,3982.0000,3981.4000,3981.0000,3980.4000,3980.2000,3983.2000,3983.4000,3983.6000,3984.0000,3984.2000,1,1,1,1,1,1,1,1,1,5
SF,IF2012,2020-06-23 09:33:37.500,3983.4000,15070,0,431485440.000,1,0,1,多换,S,3982.0000,3981.4000,3981.0000,3980.4000,3980.2000,3983.6000,3984.0000,3984.2000,3986.8000,3987.6000,1,1,1,1,1,1,1,5,1,1
SF,IF2012,2020-06-23 09:33:38.000,3983.4000,15070,0,431485440.000,0,-,-,-,-,3982.0000,3981.4000,3981.0000,3980.4000,3980.2000,3983.4000,3983.6000,3984.0000,3984.2000,3986.8000,1,1,1,1,1,1,1,1,5,1
SF,IF2012,2020-06-23 09:33:38.500,3983.4000,15070,0,431485440.000,0,-,-,-,-,3982.0000,3981.4000,3981.0000,3980.4000,3980.2000,3983.2000,3983.4000,3984.0000,3984.2000,3986.8000,1,1,1,1,1,1,1,1,5,1
SF,IF2012,2020-06-23 09:33:39.000,3983.4000,15070,0,431485440.000,0,-,-,-,-,3982.0000,3981.4000,3981.0000,3980.4000,3980.2000,3983.2000,3983.4000,3984.0000,3984.2000,3987.6000,1,1,1,1,1,1,1,1,5,1
SF,IF2012,2020-06-23 09:33:39.500,3983.4000,15070,0,431485440.000,0,-,-,-,-,3982.0000,3981.4000,3981.0000,3980.4000,3980.2000,3983.0000,3983.2000,3984.0000,3984.2000,3987.6000,1,1,1,1,1,1,1,1,5,1
SF,IF2012,2020-06-23 09:33:40.000,3982.0000,15070,0,432680040.000,1,0,1,多换,S,3981.4000,3981.0000,3980.4000,3980.2000,3978.8000,3982.0000,3983.2000,3983.8000,3984.0000,3984.2000,1,1,1,1,2,9,1,1,1,5
SF,IF2012,2020-06-23 09:33:40.500,3982.0000,15069,-1,433874640.000,1,0,1,双平,S,3981.4000,3981.0000,3980.4000,3980.2000,3978.8000,3982.0000,3983.2000,3984.0000,3984.2000,3987.6000,1,1,1,1,2,8,1,1,5,1
SF,IF2012,2020-06-23 09:33:41.000,3982.0000,15069,0,433874640.000,0,-,-,-,-,3981.4000,3981.0000,3980.4000,3980.2000,3978.8000,3982.0000,3983.2000,3984.0000,3984.2000,3984.6000,1,1,1,1,2,8,1,1,5,1
SF,IF2012,2020-06-23 09:33:41.500,3982.0000,15069,0,435069240.000,1,0,1,多换,S,3981.4000,3981.0000,3980.4000,3980.2000,3978.8000,3982.0000,3983.2000,3984.0000,3984.2000,3984.6000,1,1,1,1,2,8,1,1,5,1
SF,IF2012,2020-06-23 09:33:42.000,3982.0000,15068,-1,436263840.000,1,0,1,双平,S,3981.4000,3981.0000,3980.4000,3980.2000,3978.8000,3982.0000,3983.2000,3984.0000,3984.2000,3987.6000,1,1,1,1,2,7,1,1,5,1
SF,IF2012,2020-06-23 09:33:42.500,3982.0000,15065,-3,439847640.000,3,0,3,双平,S,3981.4000,3981.0000,3980.4000,3980.2000,3978.8000,3982.0000,3983.2000,3984.0000,3984.2000,3987.6000,1,1,1,1,2,4,1,1,5,1
SF,IF2012,2020-06-23 09:33:43.000,3982.0000,15061,-4,444626040.000,4,0,4,双平,S,3981.4000,3981.0000,3980.4000,3980.2000,3979.4000,3983.2000,3984.0000,3984.2000,3987.6000,3988.4000,1,1,1,1,2,1,1,5,1,1
SF,IF2012,2020-06-23 09:33:43.500,3982.0000,15061,0,444626040.000,0,-,-,-,-,3981.6000,3981.4000,3981.0000,3980.4000,3980.2000,3983.2000,3984.0000,3984.2000,3987.6000,3988.4000,1,1,1,1,1,1,1,5,1,1
SF,IF2012,2020-06-23 09:33:44.000,3982.0000,15061,0,444626040.000,0,-,-,-,-,3981.6000,3981.4000,3981.0000,3980.4000,3980.2000,3983.0000,3983.2000,3984.0000,3984.2000,3987.6000,1,1,1,1,1,1,1,1,5,1
SF,IF2012,2020-06-23 09:33:44.500,3982.0000,15061,0,444626040.000,0,-,-,-,-,3981.8000,3981.6000,3981.4000,3981.0000,3980.4000,3983.2000,3984.0000,3984.2000,3987.6000,3988.4000,1,1,1,1,1,1,1,5,1,1
SF,IF2012,2020-06-23 09:33:45.000,3982.0000,15061,0,444626040.000,0,-,-,-,-,3982.0000,3981.8000,3981.4000,3981.0000,3980.4000,3984.0000,3984.2000,3987.6000,3988.4000,3990.0000,1,2,1,1,1,1,5,1,1,10
SF,IF2012,2020-06-23 09:33:45.500,3982.0000,15061,0,444626040.000,0,-,-,-,-,3982.0000,3981.8000,3981.4000,3981.0000,3980.4000,3983.8000,3984.0000,3984.2000,3987.6000,3988.4000,1,1,1,1,1,2,1,5,1,1
SF,IF2012,2020-06-23 09:33:46.000,3982.0000,15061,0,444626040.000,0,-,-,-,-,3982.2000,3982.0000,3981.8000,3981.4000,3981.0000,3983.8000,3984.0000,3984.2000,3987.6000,3988.4000,1,1,1,1,1,2,1,5,1,1
SF,IF2012,2020-06-23 09:33:46.500,3982.0000,15061,0,444626040.000,0,-,-,-,-,3982.4000,3982.2000,3981.8000,3981.4000,3981.0000,3983.6000,3983.8000,3984.0000,3984.2000,3987.6000,1,1,1,1,1,1,2,1,5,1
SF,IF2012,2020-06-23 09:33:47.000,3982.0000,15061,0,444626040.000,0,-,-,-,-,3982.4000,3981.8000,3981.4000,3981.0000,3980.4000,3983.6000,3983.8000,3984.0000,3984.2000,3987.6000,1,1,1,1,1,1,1,1,5,2
SF,IF2012,2020-06-23 09:33:48.000,3982.0000,15061,0,444626040.000,0,-,-,-,-,3982.4000,3981.8000,3981.4000,3981.0000,3980.4000,3983.8000,3984.0000,3984.2000,3987.6000,3990.0000,1,1,1,1,1,1,1,5,2,10
SF,IF2012,2020-06-23 09:33:48.500,3982.0000,15061,0,444626040.000,0,-,-,-,-,3981.8000,3981.4000,3981.0000,3980.4000,3980.2000,3983.8000,3984.0000,3984.2000,3987.6000,3990.0000,1,1,1,1,1,1,1,5,2,10
SF,IF2012,2020-06-23 09:33:49.000,3982.0000,15061,0,444626040.000,0,-,-,-,-,3982.0000,3981.8000,3981.4000,3981.0000,3980.4000,3983.6000,3983.8000,3984.0000,3984.2000,3987.6000,2,1,1,1,1,1,1,1,5,2
SF,IF2012,2020-06-23 09:33:49.500,3982.0000,15061,0,444626040.000,0,-,-,-,-,3982.2000,3982.0000,3981.8000,3981.4000,3981.0000,3983.6000,3983.8000,3984.0000,3984.2000,3987.6000,1,1,1,1,1,1,1,1,5,2
SF,IF2012,2020-06-23 09:33:50.000,3982.4000,15061,0,445820760.000,1,0,1,多换,S,3982.2000,3981.8000,3981.4000,3981.0000,3980.4000,3982.4000,3984.0000,3984.2000,3987.6000,3990.0000,1,1,1,1,1,4,1,5,2,9
SF,IF2012,2020-06-23 09:33:50.500,3982.4000,15056,-5,451794360.000,5,0,5,双平,S,3981.8000,3981.4000,3981.0000,3980.4000,3980.2000,3984.0000,3984.2000,3987.6000,3990.0000,3993.6000,1,1,1,1,1,1,5,2,9,2
SF,IF2012,2020-06-23 09:33:51.000,3982.4000,15056,0,451794360.000,0,-,-,-,-,3982.4000,3982.0000,3981.8000,3981.4000,3981.0000,3983.8000,3984.0000,3984.2000,3987.6000,3990.0000,1,1,1,1,1,2,1,5,2,9
SF,IF2012,2020-06-23 09:33:51.500,3982.4000,15056,0,452989080.000,1,0,1,多换,S,3982.0000,3981.8000,3981.4000,3981.0000,3980.4000,3982.4000,3983.6000,3983.8000,3984.0000,3984.2000,1,1,1,1,1,4,1,1,1,5
SF,IF2012,2020-06-23 09:33:52.000,3982.4000,15055,-1,454183800.000,1,0,1,双平,S,3982.0000,3981.8000,3981.4000,3981.0000,3980.4000,3982.4000,3983.6000,3983.8000,3984.0000,3984.2000,1,1,1,1,1,3,1,1,1,5
SF,IF2012,2020-06-23 09:33:52.500,3982.0000,15055,0,455378400.000,1,0,1,多换,S,3981.8000,3981.4000,3981.0000,3980.4000,3980.2000,3982.4000,3983.8000,3984.0000,3984.2000,3987.6000,1,1,1,1,1,3,1,1,5,2
SF,IF2012,2020-06-23 09:33:53.000,3982.4000,15054,-1,456573120.000,1,0,1,双平,S,3981.8000,3981.4000,3981.0000,3980.4000,3980.2000,3982.4000,3983.8000,3984.0000,3984.2000,3987.6000,1,1,1,1,1,2,1,2,5,2
SF,IF2012,2020-06-23 09:33:53.500,3982.4000,15054,0,456573120.000,0,-,-,-,-,3981.8000,3981.4000,3981.0000,3980.4000,3980.2000,3982.4000,3983.8000,3984.0000,3984.2000,3987.6000,1,1,1,1,1,2,1,2,5,2
SF,IF2012,2020-06-23 09:33:55.000,3982.4000,15054,0,456573120.000,0,-,-,-,-,3981.8000,3981.4000,3981.0000,3980.4000,3980.2000,3982.4000,3983.8000,3984.0000,3984.2000,3987.6000,1,1,1,1,1,2,1,2,5,2
SF,IF2012,2020-06-23 09:33:55.500,3982.4000,15054,0,456573120.000,0,-,-,-,-,3981.8000,3981.4000,3981.0000,3980.4000,3980.2000,3982.2000,3982.4000,3984.0000,3984.2000,3987.6000,1,1,1,1,1,1,2,2,5,2
SF,IF2012,2020-06-23 09:33:56.500,3981.8000,15054,0,457767660.000,1,0,1,多换,S,3981.4000,3981.0000,3980.4000,3980.2000,3980.0000,3982.2000,3982.4000,3984.0000,3984.2000,3987.6000,1,1,1,1,1,1,2,2,5,2
SF,IF2012,2020-06-23 09:33:57.000,3982.2000,15054,0,458962320.000,1,0,1,多换,S,3981.4000,3981.0000,3980.4000,3980.2000,3980.0000,3982.4000,3984.0000,3984.2000,3987.6000,3990.0000,1,1,1,1,1,2,2,5,2,9
SF,IF2012,2020-06-23 09:33:57.500,3982.2000,15054,0,458962320.000,0,-,-,-,-,3981.4000,3981.0000,3980.4000,3980.2000,3980.0000,3982.2000,3982.4000,3984.0000,3984.2000,3987.6000,1,1,1,1,1,1,2,2,5,2
SF,IF2012,2020-06-23 09:33:58.000,3982.2000,15053,-1,460156980.000,1,0,1,双平,S,3981.0000,3980.4000,3980.2000,3980.0000,3979.0000,3982.2000,3982.4000,3984.0000,3984.2000,3987.6000,1,1,1,1,1,1,2,2,5,2
SF,IF2012,2020-06-23 09:33:59.500,3982.2000,15053,0,460156980.000,0,-,-,-,-,3981.0000,3980.4000,3980.0000,3979.0000,3978.8000,3982.2000,3982.4000,3984.0000,3984.2000,3987.6000,1,1,1,1,2,1,2,2,5,2
SF,IF2012,2020-06-23 09:34:00.000,3982.2000,15053,0,460156980.000,0,-,-,-,-,3981.0000,3980.4000,3980.0000,3979.0000,3978.8000,3982.0000,3982.2000,3982.4000,3984.0000,3984.2000,1,1,1,1,2,1,1,2,2,5
SF,IF2012,2020-06-23 09:34:00.500,3982.2000,15053,0,460156980.000,0,-,-,-,-,3981.0000,3980.4000,3980.0000,3979.0000,3978.8000,3981.8000,3982.0000,3982.4000,3984.0000,3984.2000,1,1,1,1,2,1,2,2,2,5
SF,IF2012,2020-06-23 09:34:01.000,3981.6000,15051,-2,463740240.000,3,0,3,多平,S,3980.4000,3980.0000,3979.0000,3978.8000,3978.0000,3981.8000,3982.0000,3982.4000,3984.0000,3984.2000,1,1,1,2,2,1,2,2,2,5
SF,IF2012,2020-06-23 09:34:01.500,3981.6000,15048,-3,467323680.000,3,0,3,双平,S,3980.4000,3980.0000,3979.0000,3978.8000,3978.0000,3981.6000,3981.8000,3982.0000,3982.4000,3984.0000,1,1,1,2,2,1,1,1,2,2
SF,IF2012,2020-06-23 09:34:02.000,3981.6000,15047,-1,469712640.000,2,0,2,多平,S,3980.4000,3980.0000,3979.0000,3978.8000,3978.0000,3981.6000,3982.0000,3982.4000,3984.0000,3984.2000,1,1,1,2,2,1,1,2,2,5
SF,IF2012,2020-06-23 09:34:02.500,3981.6000,15047,0,470907120.000,1,0,1,多换,S,3980.4000,3980.0000,3979.0000,3978.8000,3978.0000,3981.4000,3982.0000,3982.4000,3984.0000,3984.2000,1,1,1,2,2,1,1,2,2,5
SF,IF2012,2020-06-23 09:34:03.000,3980.4000,15047,0,472101240.000,1,0,1,多换,S,3980.0000,3979.0000,3978.8000,3978.0000,3976.0000,3981.4000,3982.0000,3982.4000,3982.6000,3984.0000,1,1,2,2,1,1,1,2,1,2
SF,IF2012,2020-06-23 09:34:03.500,3980.4000,15047,0,472101240.000,0,-,-,-,-,3980.0000,3979.0000,3978.8000,3978.0000,3976.0000,3981.2000,3981.4000,3982.0000,3982.4000,3982.6000,1,1,2,2,1,1,1,1,2,1
SF,IF2012,2020-06-23 09:34:04.000,3980.4000,15047,0,472101240.000,0,-,-,-,-,3980.0000,3979.0000,3978.8000,3978.0000,3976.0000,3981.2000,3981.4000,3982.4000,3982.6000,3984.0000,1,1,2,2,1,1,1,2,1,3
SF,IF2012,2020-06-23 09:34:04.500,3981.2000,15046,-1,473295600.000,1,0,1,双平,S,3980.2000,3980.0000,3979.0000,3978.8000,3978.0000,3982.4000,3982.6000,3984.0000,3984.2000,3987.6000,1,1,1,2,2,2,1,3,5,1
SF,IF2012,2020-06-23 09:34:05.000,3981.2000,15046,0,473295600.000,0,-,-,-,-,3980.2000,3980.0000,3979.0000,3978.8000,3978.0000,3982.2000,3982.4000,3984.0000,3984.2000,3987.6000,1,1,1,2,2,2,2,3,5,1
SF,IF2012,2020-06-23 09:34:05.500,3981.2000,15046,0,473295600.000,0,-,-,-,-,3980.2000,3980.0000,3979.0000,3978.8000,3978.0000,3982.2000,3982.4000,3984.0000,3984.2000,3987.6000,1,1,1,2,2,3,2,3,5,1
SF,IF2012,2020-06-23 09:34:06.000,3981.2000,15046,0,473295600.000,0,-,-,-,-,3980.2000,3980.0000,3979.0000,3978.8000,3978.0000,3982.2000,3982.4000,3984.0000,3984.2000,3987.6000,1,1,1,2,2,3,2,3,5,1
SF,IF2012,2020-06-23 09:34:06.500,3981.2000,15046,0,473295600.000,0,-,-,-,-,3980.4000,3980.2000,3980.0000,3979.0000,3978.8000,3982.2000,3982.4000,3984.0000,3984.2000,3987.6000,1,1,1,1,2,2,2,3,5,1
SF,IF2012,2020-06-23 09:34:07.000,3981.2000,15046,0,473295600.000,0,-,-,-,-,3980.6000,3980.0000,3979.0000,3978.8000,3978.0000,3982.2000,3982.4000,3984.0000,3984.2000,3986.4000,1,1,1,2,2,2,2,3,5,3
SF,IF2012,2020-06-23 09:34:07.500,3981.2000,15046,0,473295600.000,0,-,-,-,-,3980.0000,3979.0000,3978.8000,3978.0000,3976.0000,3982.2000,3982.4000,3984.0000,3984.2000,3986.4000,2,1,2,2,1,2,2,3,5,3
SF,IF2012,2020-06-23 09:34:08.000,3981.2000,15046,0,473295600.000,0,-,-,-,-,3980.2000,3980.0000,3979.0000,3978.8000,3978.0000,3982.2000,3982.4000,3984.0000,3984.2000,3986.4000,1,2,1,2,2,2,2,3,5,3
SF,IF2012,2020-06-23 09:34:09.000,3981.2000,15046,0,473295600.000,0,-,-,-,-,3980.4000,3980.2000,3980.0000,3979.0000,3978.8000,3982.0000,3982.2000,3982.4000,3984.0000,3984.2000,3,1,1,1,2,1,2,2,3,5
SF,IF2012,2020-06-23 09:34:09.500,3981.2000,15046,0,473295600.000,0,-,-,-,-,3980.6000,3980.4000,3980.0000,3979.0000,3978.8000,3982.0000,3982.2000,3982.4000,3984.0000,3984.2000,3,1,1,1,2,1,2,2,3,5
SF,IF2012,2020-06-23 09:34:10.000,3981.2000,15046,0,473295600.000,0,-,-,-,-,3980.6000,3980.4000,3980.0000,3979.0000,3978.8000,3982.0000,3982.2000,3982.4000,3984.0000,3984.2000,3,1,1,1,2,1,2,2,3,5
SF,IF2012,2020-06-23 09:34:10.500,3981.2000,15046,0,473295600.000,0,-,-,-,-,3980.6000,3980.4000,3980.0000,3979.0000,3978.8000,3981.8000,3982.0000,3982.2000,3982.4000,3984.0000,3,1,1,1,2,1,1,1,2,2
SF,IF2012,2020-06-23 09:34:11.000,3981.2000,15046,0,473295600.000,0,-,-,-,-,3980.0000,3979.0000,3978.8000,3978.0000,3976.0000,3981.6000,3981.8000,3982.0000,3982.2000,3982.4000,1,1,2,2,1,2,1,1,1,2
SF,IF2012,2020-06-23 09:34:11.500,3981.2000,15046,0,473295600.000,0,-,-,-,-,3980.2000,3980.0000,3979.0000,3978.8000,3978.0000,3981.4000,3981.6000,3982.0000,3982.2000,3982.4000,3,1,1,2,2,1,2,1,1,2
SF,IF2012,2020-06-23 09:34:12.000,3981.4000,15046,0,474490020.000,1,0,1,多换,S,3980.2000,3980.0000,3979.0000,3978.8000,3978.0000,3981.6000,3982.0000,3982.2000,3982.4000,3984.0000,1,1,1,2,2,2,1,1,2,2
SF,IF2012,2020-06-23 09:34:13.000,3981.4000,15046,0,474490020.000,0,-,-,-,-,3980.6000,3980.2000,3980.0000,3979.0000,3978.8000,3981.6000,3982.2000,3982.4000,3984.0000,3984.2000,2,1,1,1,2,2,1,2,2,5
SF,IF2012,2020-06-23 09:34:13.500,3981.4000,15046,0,474490020.000,0,-,-,-,-,3980.6000,3980.4000,3980.2000,3980.0000,3979.0000,3982.2000,3982.4000,3984.0000,3984.2000,3986.4000,2,1,1,1,1,1,2,2,5,3
SF,IF2012,2020-06-23 09:34:14.000,3981.4000,15046,0,474490020.000,0,-,-,-,-,3980.8000,3980.6000,3980.4000,3980.0000,3979.0000,3982.0000,3982.2000,3982.4000,3984.0000,3984.2000,1,1,1,1,1,1,1,2,2,5
SF,IF2012,2020-06-23 09:34:14.500,3980.8000,15047,1,475684260.000,1,1,0,双开,S,3981.2000,3980.4000,3980.0000,3979.0000,3978.8000,3982.0000,3982.4000,3984.0000,3984.2000,3986.4000,1,1,1,1,2,1,2,2,5,3
SF,IF2012,2020-06-23 09:34:15.000,3981.2000,15046,-1,476878620.000,1,0,1,双平,S,3980.4000,3980.0000,3979.0000,3978.8000,3978.0000,3982.0000,3982.4000,3984.0000,3984.2000,3986.4000,1,1,1,2,2,1,2,2,5,3
SF,IF2012,2020-06-23 09:34:15.500,3981.2000,15046,0,476878620.000,0,-,-,-,-,3981.6000,3980.6000,3980.4000,3980.0000,3979.0000,3982.0000,3982.4000,3984.0000,3984.2000,3986.4000,1,1,1,1,1,1,2,2,5,3
SF,IF2012,2020-06-23 09:34:16.000,3981.6000,15045,-1,478073100.000,1,0,1,双平,S,3980.6000,3980.4000,3980.0000,3979.0000,3978.8000,3982.0000,3982.4000,3984.0000,3984.2000,3986.4000,3,1,2,1,2,1,2,2,5,3
SF,IF2012,2020-06-23 09:34:16.500,3981.6000,15045,0,478073100.000,0,-,-,-,-,3980.6000,3980.4000,3980.0000,3979.0000,3978.8000,3982.0000,3982.4000,3984.0000,3984.2000,3986.4000,1,1,2,1,2,1,2,2,5,3
SF,IF2012,2020-06-23 09:34:17.000,3981.6000,15045,0,478073100.000,0,-,-,-,-,3980.6000,3980.4000,3980.0000,3979.0000,3978.8000,3982.0000,3982.4000,3984.0000,3984.2000,3985.0000,1,1,2,1,2,1,2,2,5,2
SF,IF2012,2020-06-23 09:34:17.500,3981.6000,15045,0,478073100.000,0,-,-,-,-,3980.6000,3980.4000,3980.0000,3979.0000,3978.8000,3982.0000,3982.4000,3984.0000,3984.2000,3985.0000,1,1,3,1,2,1,2,2,5,2
SF,IF2012,2020-06-23 09:34:18.500,3981.6000,15045,0,478073100.000,0,-,-,-,-,3980.6000,3980.4000,3980.0000,3979.0000,3978.8000,3982.0000,3982.4000,3984.0000,3984.2000,3985.0000,1,1,3,1,2,1,2,2,5,2
SF,IF2012,2020-06-23 09:34:19.000,3981.6000,15045,0,478073100.000,0,-,-,-,-,3980.6000,3980.4000,3980.0000,3979.0000,3978.8000,3982.0000,3982.4000,3984.0000,3984.2000,3985.0000,1,1,3,1,2,1,2,2,5,2
SF,IF2012,2020-06-23 09:34:19.500,3981.6000,15045,0,478073100.000,0,-,-,-,-,3980.6000,3980.4000,3980.0000,3979.0000,3978.8000,3981.8000,3982.0000,3982.4000,3984.0000,3984.2000,1,1,3,1,2,1,1,2,2,5
SF,IF2012,2020-06-23 09:34:20.000,3980.6000,15045,0,479267280.000,1,0,1,多换,S,3980.0000,3979.0000,3978.8000,3978.0000,3976.0000,3981.6000,3981.8000,3982.4000,3984.0000,3984.2000,3,1,2,2,1,1,1,2,2,5
SF,IF2012,2020-06-23 09:34:21.000,3980.6000,15045,0,479267280.000,0,-,-,-,-,3980.0000,3979.0000,3978.8000,3978.0000,3976.0000,3981.4000,3981.6000,3981.8000,3982.4000,3984.0000,3,1,2,2,1,3,2,1,2,2
SF,IF2012,2020-06-23 09:34:21.500,3980.6000,15045,0,479267280.000,0,-,-,-,-,3980.0000,3979.0000,3978.8000,3978.0000,3976.0000,3981.2000,3981.4000,3981.8000,3982.4000,3984.0000,3,1,2,2,1,1,3,1,2,2
SF,IF2012,2020-06-23 09:34:22.000,3980.6000,15045,0,479267280.000,0,-,-,-,-,3980.0000,3979.0000,3978.8000,3978.0000,3976.0000,3981.2000,3981.4000,3981.8000,3982.4000,3984.0000,3,1,2,2,1,1,2,1,2,2
SF,IF2012,2020-06-23 09:34:23.000,3980.6000,15045,0,479267280.000,0,-,-,-,-,3980.0000,3979.0000,3978.8000,3978.0000,3976.0000,3981.2000,3981.4000,3981.8000,3982.4000,3984.0000,3,1,2,2,1,1,2,1,2,2
SF,IF2012,2020-06-23 09:34:25.500,3980.6000,15045,0,479267280.000,0,-,-,-,-,3980.0000,3979.0000,3978.8000,3978.0000,3976.0000,3981.2000,3981.4000,3981.8000,3982.4000,3984.0000,3,1,2,2,1,1,2,1,2,2
SF,IF2012,2020-06-23 09:34:26.000,3980.2000,15045,0,480461340.000,1,0,1,多换,S,3980.0000,3979.0000,3978.8000,3978.0000,3976.0000,3981.2000,3981.4000,3981.8000,3982.4000,3984.0000,3,1,2,2,1,1,2,1,2,2
SF,IF2012,2020-06-23 09:34:26.500,3980.2000,15045,0,480461340.000,0,-,-,-,-,3980.2000,3980.0000,3979.0000,3978.8000,3978.0000,3981.2000,3981.4000,3981.8000,3982.4000,3984.0000,1,3,1,2,2,1,2,1,2,2
SF,IF2012,2020-06-23 09:34:27.000,3980.2000,15045,0,480461340.000,0,-,-,-,-,3980.6000,3980.0000,3979.0000,3978.8000,3978.0000,3981.2000,3981.4000,3981.8000,3982.4000,3984.0000,1,3,1,2,2,1,2,1,2,2
SF,IF2012,2020-06-23 09:34:27.500,3980.2000,15044,-1,481655400.000,1,0,1,双平,S,3980.0000,3979.0000,3978.8000,3978.0000,3976.0000,3981.2000,3981.4000,3981.8000,3982.4000,3984.0000,3,1,2,2,1,1,2,1,2,2
SF,IF2012,2020-06-23 09:34:28.000,3980.2000,15044,0,481655400.000,0,-,-,-,-,3980.0000,3979.0000,3978.8000,3978.0000,3976.0000,3981.2000,3981.4000,3981.8000,3982.4000,3984.0000,3,1,2,2,1,1,2,1,2,2
SF,IF2012,2020-06-23 09:34:28.500,3980.2000,15044,0,481655400.000,0,-,-,-,-,3980.0000,3979.0000,3978.8000,3978.0000,3976.0000,3980.8000,3981.2000,3981.4000,3981.8000,3982.4000,3,1,2,2,1,1,1,2,1,2
SF,IF2012,2020-06-23 09:34:29.000,3980.2000,15044,0,481655400.000,0,-,-,-,-,3980.0000,3979.0000,3978.8000,3978.0000,3976.0000,3980.6000,3980.8000,3981.4000,3981.8000,3982.4000,3,1,2,2,1,1,1,2,1,2
SF,IF2012,2020-06-23 09:34:29.500,3980.6000,15044,0,482849580.000,1,0,1,多换,S,3980.0000,3979.0000,3978.8000,3978.0000,3976.0000,3980.8000,3981.4000,3981.8000,3982.4000,3984.0000,3,1,2,2,1,1,2,1,2,2
SF,IF2012,2020-06-23 09:34:32.500,3980.6000,15044,0,482849580.000,0,-,-,-,-,3980.0000,3979.0000,3978.8000,3978.0000,3976.0000,3980.8000,3981.4000,3981.8000,3982.4000,3984.0000,3,1,2,2,1,1,2,1,2,2
SF,IF2012,2020-06-23 09:34:33.000,3980.6000,15044,0,482849580.000,0,-,-,-,-,3980.0000,3979.0000,3978.8000,3978.0000,3976.0000,3980.8000,3981.4000,3982.4000,3984.0000,3984.2000,3,1,2,2,1,1,2,2,2,5
SF,IF2012,2020-06-23 09:34:34.000,3980.0000,15044,0,486431580.000,3,1,2,多换,S,3979.0000,3978.8000,3978.0000,3976.0000,3975.4000,3980.8000,3981.4000,3982.4000,3984.0000,3984.2000,1,2,2,1,2,1,2,2,2,5
SF,IF2012,2020-06-23 09:34:34.500,3980.0000,15044,0,486431580.000,0,-,-,-,-,3979.0000,3978.8000,3978.0000,3976.0000,3975.4000,3980.6000,3980.8000,3982.4000,3984.0000,3984.2000,1,2,2,1,2,1,1,2,2,5
SF,IF2012,2020-06-23 09:34:35.000,3980.0000,15044,0,486431580.000,0,-,-,-,-,3979.2000,3979.0000,3978.8000,3978.0000,3976.0000,3980.6000,3980.8000,3982.4000,3984.0000,3984.2000,2,1,2,2,1,1,1,2,2,5
SF,IF2012,2020-06-23 09:34:35.500,3980.0000,15044,0,486431580.000,0,-,-,-,-,3979.4000,3979.2000,3979.0000,3978.8000,3978.0000,3982.4000,3984.0000,3984.2000,3985.0000,3986.4000,1,4,1,2,2,2,1,5,2,3
SF,IF2012,2020-06-23 09:34:36.000,3980.0000,15044,0,486431580.000,0,-,-,-,-,3979.4000,3979.2000,3979.0000,3978.8000,3978.0000,3982.2000,3982.4000,3984.0000,3984.2000,3985.0000,1,2,1,2,2,2,2,1,5,2
SF,IF2012,2020-06-23 09:34:36.500,3979.6000,15044,0,487625460.000,1,0,1,多换,S,3979.4000,3979.2000,3979.0000,3978.8000,3978.0000,3982.2000,3982.4000,3984.0000,3984.2000,3985.0000,1,2,1,2,2,2,2,1,5,2
SF,IF2012,2020-06-23 09:34:37.000,3979.6000,15044,0,487625460.000,0,-,-,-,-,3979.4000,3979.2000,3979.0000,3978.8000,3978.0000,3982.0000,3982.2000,3982.4000,3984.0000,3984.2000,1,2,1,2,2,1,2,2,1,5
