市场代码,合约代码,时间,最新,持仓,增仓,成交额,成交量,开仓,平仓,成交类型,方向,买一价,买二价,买三价,买四价,买五价,卖一价,卖二价,卖三价,卖四价,卖五价,买一量,买二量,买三量,买四量,买五量,卖一量,卖二量,卖三量,卖四量,卖五量
SF,IF2003,2019-12-18 09:29:00.200,4067.0000,35639,0,14641200.000,12.000,-,-,-,-,4066.6000,4065.0000,4062.0000,4061.8000,4061.6000,4067.4000,4069.0000,4069.6000,4070.0000,4071.6000,1,1,1,1,1,1,1,2,1,3
SF,IF2003,2019-12-18 09:30:00.200,4066.6000,35639,0,15861180.000,1,0,1,多换,S,4065.0000,4062.0000,4061.8000,4061.6000,4061.0000,4065.6000,4066.2000,4066.4000,4066.6000,4067.0000,1,1,1,1,2,1,2,3,5,11
SF,IF2003,2019-12-18 09:30:00.700,4065.0000,35639,0,36597960.000,17,8,9,多换,S,4065.6000,4064.8000,4063.2000,4061.8000,4061.6000,4067.0000,4067.2000,4068.0000,4068.8000,4069.0000,1,5,1,1,1,11,2,1,1,2
SF,IF2003,2019-12-18 09:30:01.200,4064.8000,35639,0,39036900.000,2,1,1,多换,S,4065.0000,4064.8000,4063.2000,4061.8000,4061.6000,4066.0000,4066.2000,4066.6000,4066.8000,4067.0000,1,4,1,1,1,2,1,1,1,11
SF,IF2003,2019-12-18 09:30:01.700,4065.8000,35638,-1,40256640.000,1,0,1,双平,S,4065.2000,4065.0000,4064.8000,4063.2000,4061.8000,4066.0000,4066.2000,4066.6000,4067.2000,4068.0000,2,1,4,1,1,2,1,2,1,1
SF,IF2003,2019-12-18 09:30:02.200,4065.4000,35637,-1,41476260.000,1,0,1,双平,S,4065.2000,4065.0000,4064.8000,4063.2000,4061.8000,4066.0000,4066.2000,4066.6000,4067.2000,4068.0000,2,1,4,1,1,2,1,2,1,1
SF,IF2003,2019-12-18 09:30:02.700,4065.6000,35637,0,43915620.000,2,1,1,多换,S,4065.2000,4065.0000,4064.8000,4063.2000,4061.8000,4065.6000,4065.8000,4066.0000,4066.2000,4066.6000,1,1,4,1,1,2,1,2,1,2
SF,IF2003,2019-12-18 09:30:03.200,4066.0000,35636,-1,47574780.000,3,1,2,多平,S,4065.0000,4064.8000,4063.2000,4061.8000,4061.6000,4066.2000,4066.6000,4067.2000,4068.0000,4068.8000,1,4,1,1,1,1,1,1,1,1
SF,IF2003,2019-12-18 09:30:03.700,4066.0000,35636,0,47574780.000,0,-,-,-,-,4065.2000,4065.0000,4064.8000,4063.2000,4061.8000,4065.8000,4066.0000,4066.2000,4066.6000,4067.2000,1,1,4,1,1,3,2,1,1,1
SF,IF2003,2019-12-18 09:30:04.200,4066.0000,35636,0,48794580.000,1,0,1,多换,S,4065.2000,4065.0000,4064.8000,4063.2000,4061.8000,4065.8000,4066.0000,4066.6000,4067.2000,4068.0000,1,1,4,1,1,1,2,1,1,1
SF,IF2003,2019-12-18 09:30:04.700,4066.0000,35636,0,48794580.000,0,-,-,-,-,4065.2000,4065.0000,4064.8000,4063.2000,4061.8000,4065.8000,4066.0000,4066.6000,4067.2000,4068.0000,1,1,4,1,1,1,1,1,1,1
SF,IF2003,2019-12-18 09:30:05.200,4065.2000,35635,-1,50014140.000,1,0,1,双平,S,4065.0000,4064.8000,4063.2000,4061.8000,4061.6000,4065.8000,4066.6000,4067.2000,4068.0000,4068.8000,1,4,1,1,1,2,1,1,1,1
SF,IF2003,2019-12-18 09:30:05.700,4065.4000,35634,-1,51233760.000,1,0,1,双平,S,4065.0000,4064.8000,4063.2000,4061.8000,4061.6000,4065.6000,4065.8000,4066.6000,4067.2000,4068.0000,1,4,1,1,1,2,2,1,1,1
SF,IF2003,2019-12-18 09:30:06.200,4065.4000,35634,0,51233760.000,0,-,-,-,-,4065.0000,4064.8000,4063.2000,4061.8000,4061.6000,4065.6000,4065.8000,4066.6000,4067.2000,4068.0000,1,4,1,1,1,1,1,1,1,1
SF,IF2003,2019-12-18 09:30:06.700,4065.6000,35633,-1,53672940.000,2,0,2,多平,S,4064.8000,4063.2000,4061.8000,4061.6000,4061.0000,4066.6000,4067.2000,4068.0000,4068.8000,4069.0000,4,1,1,1,2,1,1,1,1,1
SF,IF2003,2019-12-18 09:30:07.200,4065.0000,35632,-1,56111940.000,2,0,2,多平,S,4065.0000,4064.8000,4063.2000,4061.8000,4061.6000,4066.0000,4066.2000,4066.4000,4066.6000,4067.2000,2,4,1,1,1,1,1,1,1,1
SF,IF2003,2019-12-18 09:30:07.700,4065.0000,35632,0,56111940.000,0,-,-,-,-,4065.6000,4065.2000,4065.0000,4064.8000,4063.2000,4065.8000,4066.0000,4066.2000,4066.6000,4067.0000,1,1,1,4,1,1,1,4,2,2
SF,IF2003,2019-12-18 09:30:08.200,4065.4000,35627,-5,62210400.000,5,0,5,双平,S,4065.2000,4064.8000,4063.2000,4061.8000,4061.6000,4066.6000,4067.0000,4067.2000,4068.0000,4068.8000,1,4,1,1,1,2,2,1,1,1
SF,IF2003,2019-12-18 09:30:08.700,4065.4000,35627,0,62210400.000,0,-,-,-,-,4065.4000,4064.8000,4063.2000,4061.8000,4061.6000,4066.4000,4066.6000,4067.0000,4067.2000,4068.0000,1,4,1,1,1,2,2,2,1,1
SF,IF2003,2019-12-18 09:30:09.200,4065.4000,35627,0,62210400.000,0,-,-,-,-,4065.4000,4064.8000,4063.2000,4061.8000,4061.6000,4066.4000,4066.6000,4067.0000,4067.2000,4068.0000,2,4,1,1,1,1,1,2,1,1
SF,IF2003,2019-12-18 09:30:09.700,4065.4000,35627,0,62210400.000,0,-,-,-,-,4065.4000,4064.8000,4063.2000,4061.8000,4061.6000,4066.4000,4066.6000,4067.0000,4067.2000,4068.0000,1,4,1,1,1,1,1,2,1,1
SF,IF2003,2019-12-18 09:30:10.200,4066.6000,35626,-1,64650300.000,2,0,2,多平,S,4065.6000,4065.4000,4064.8000,4063.2000,4061.8000,4067.0000,4067.2000,4068.0000,4068.8000,4069.0000,2,1,4,1,1,2,1,1,1,1
SF,IF2003,2019-12-18 09:30:10.700,4066.6000,35626,0,64650300.000,0,-,-,-,-,4065.8000,4065.6000,4065.4000,4064.8000,4063.2000,4067.0000,4067.2000,4068.0000,4068.8000,4069.0000,3,2,3,4,1,2,1,1,1,1
SF,IF2003,2019-12-18 09:30:11.200,4066.0000,35625,-1,65870100.000,1,0,1,双平,S,4066.0000,4065.8000,4065.6000,4065.4000,4064.8000,4067.0000,4067.2000,4068.0000,4068.8000,4069.0000,1,3,1,3,4,2,1,1,1,1
SF,IF2003,2019-12-18 09:30:11.700,4066.0000,35624,-1,67089900.000,1,0,1,双平,S,4066.0000,4065.8000,4065.6000,4065.4000,4064.8000,4067.0000,4067.2000,4068.0000,4068.8000,4069.0000,1,1,1,5,4,2,1,1,1,1
SF,IF2003,2019-12-18 09:30:12.200,4066.0000,35624,0,67089900.000,0,-,-,-,-,4066.2000,4066.0000,4065.8000,4065.4000,4064.8000,4067.0000,4067.2000,4067.4000,4068.0000,4068.8000,1,1,1,5,4,2,1,1,1,1
SF,IF2003,2019-12-18 09:30:12.700,4066.0000,35624,0,67089900.000,0,-,-,-,-,4066.2000,4066.0000,4065.8000,4065.4000,4064.8000,4066.6000,4067.0000,4067.2000,4067.4000,4068.0000,1,1,1,5,4,1,2,1,1,1
SF,IF2003,2019-12-18 09:30:13.200,4066.4000,35624,0,69529740.000,2,1,1,多换,S,4066.2000,4066.0000,4065.8000,4065.4000,4064.8000,4067.0000,4067.2000,4067.4000,4068.0000,4068.8000,1,1,1,5,4,2,1,1,1,1
SF,IF2003,2019-12-18 09:30:13.700,4066.2000,35624,0,71969460.000,2,1,1,多换,S,4065.8000,4065.4000,4064.8000,4063.2000,4062.8000,4067.0000,4067.2000,4067.4000,4068.0000,4068.8000,1,5,4,1,1,2,1,1,1,1
SF,IF2003,2019-12-18 09:30:14.200,4066.2000,35624,0,71969460.000,0,-,-,-,-,4066.0000,4065.8000,4065.4000,4064.8000,4063.2000,4066.2000,4066.8000,4067.0000,4067.2000,4067.4000,1,1,5,4,1,1,2,2,1,1
SF,IF2003,2019-12-18 09:30:14.700,4066.2000,35624,0,73189320.000,1,0,1,多换,S,4066.0000,4065.8000,4065.4000,4064.8000,4063.2000,4066.8000,4067.0000,4067.2000,4067.4000,4068.0000,2,1,5,4,1,2,2,1,1,1
SF,IF2003,2019-12-18 09:30:15.200,4066.2000,35621,-3,78069360.000,4,0,4,多平,S,4066.2000,4066.0000,4065.8000,4065.4000,4064.8000,4067.0000,4067.2000,4067.4000,4068.0000,4068.8000,2,2,1,5,4,1,1,1,1,1
SF,IF2003,2019-12-18 09:30:15.700,4066.2000,35621,0,80509080.000,2,1,1,多换,S,4066.8000,4066.4000,4066.2000,4066.0000,4065.8000,4067.0000,4067.2000,4067.4000,4068.0000,4068.8000,1,2,1,2,1,1,1,1,1,1
SF,IF2003,2019-12-18 09:30:16.200,4066.8000,35620,-1,81729120.000,1,0,1,双平,S,4066.4000,4066.2000,4066.0000,4065.8000,4065.4000,4067.0000,4067.2000,4067.4000,4068.0000,4068.8000,1,1,2,1,5,1,1,1,1,1
SF,IF2003,2019-12-18 09:30:16.700,4066.8000,35620,0,81729120.000,0,-,-,-,-,4066.4000,4066.2000,4066.0000,4065.8000,4065.4000,4067.0000,4067.2000,4067.4000,4068.0000,4068.8000,1,1,2,1,5,1,1,1,1,1
SF,IF2003,2019-12-18 09:30:17.700,4066.4000,35619,-1,82949040.000,1,0,1,双平,S,4066.2000,4066.0000,4065.8000,4065.4000,4064.8000,4067.0000,4067.2000,4067.4000,4068.0000,4068.8000,1,2,1,5,4,1,1,1,1,1
SF,IF2003,2019-12-18 09:30:18.200,4066.4000,35619,0,82949040.000,0,-,-,-,-,4066.4000,4066.2000,4066.0000,4065.8000,4065.4000,4066.8000,4067.0000,4067.2000,4067.4000,4068.0000,2,1,2,1,5,1,1,1,1,1
SF,IF2003,2019-12-18 09:30:18.700,4066.4000,35619,0,85388880.000,2,1,1,多换,S,4066.2000,4066.0000,4065.8000,4065.4000,4064.8000,4066.8000,4067.0000,4067.2000,4067.4000,4068.0000,1,2,1,5,4,1,1,1,1,1
SF,IF2003,2019-12-18 09:30:19.200,4066.0000,35618,-1,89048340.000,3,1,2,多平,S,4065.8000,4065.4000,4064.8000,4063.2000,4062.8000,4066.2000,4066.4000,4066.8000,4067.0000,4067.2000,1,5,4,1,1,1,2,1,1,1
SF,IF2003,2019-12-18 09:30:19.700,4066.4000,35618,0,91488120.000,2,1,1,多换,S,4065.8000,4065.4000,4064.8000,4063.2000,4062.8000,4066.4000,4066.8000,4067.0000,4067.2000,4067.4000,1,5,4,1,1,1,1,1,1,1
SF,IF2003,2019-12-18 09:30:20.200,4066.4000,35618,0,92708040.000,1,0,1,多换,S,4066.0000,4065.8000,4065.4000,4065.0000,4064.8000,4066.2000,4067.0000,4067.2000,4067.4000,4068.0000,1,1,5,1,4,2,1,1,1,1
SF,IF2003,2019-12-18 09:30:20.700,4067.2000,35617,-1,97588020.000,4,1,3,多平,S,4065.8000,4065.4000,4065.0000,4064.8000,4063.2000,4067.4000,4068.0000,4068.8000,4069.0000,4069.6000,1,5,1,4,1,1,1,1,1,2
SF,IF2003,2019-12-18 09:30:21.200,4067.2000,35617,0,97588020.000,0,-,-,-,-,4066.0000,4065.8000,4065.4000,4065.0000,4064.8000,4066.8000,4067.2000,4067.4000,4068.0000,4068.8000,3,2,5,1,4,1,1,1,1,1
SF,IF2003,2019-12-18 09:30:21.700,4067.2000,35616,-1,98808180.000,1,0,1,双平,S,4066.2000,4066.0000,4065.8000,4065.4000,4065.0000,4067.0000,4067.2000,4067.4000,4068.0000,4068.8000,1,2,2,5,1,1,1,1,1,1
SF,IF2003,2019-12-18 09:30:22.200,4067.2000,35616,0,98808180.000,0,-,-,-,-,4066.2000,4065.8000,4065.4000,4065.0000,4064.8000,4066.8000,4067.4000,4068.0000,4068.8000,4069.0000,1,1,5,2,4,2,1,1,1,1
SF,IF2003,2019-12-18 09:30:23.200,4066.8000,35614,-2,101248260.000,2,0,2,双平,S,4066.4000,4066.2000,4065.8000,4065.4000,4065.0000,4067.4000,4068.0000,4068.8000,4069.0000,4070.0000,1,1,1,5,2,1,1,1,1,2
SF,IF2003,2019-12-18 09:30:23.700,4066.8000,35614,0,101248260.000,0,-,-,-,-,4067.0000,4066.6000,4066.4000,4066.2000,4066.0000,4067.2000,4067.4000,4068.0000,4068.8000,4069.0000,1,2,4,2,2,1,1,1,1,1
SF,IF2003,2019-12-18 09:30:24.200,4067.0000,35611,-3,106128900.000,4,0,4,多平,S,4066.6000,4066.4000,4066.2000,4066.0000,4065.8000,4068.0000,4068.8000,4069.0000,4070.0000,4071.6000,1,4,2,2,1,1,1,1,2,1
SF,IF2003,2019-12-18 09:30:24.700,4068.0000,35609,-2,108569700.000,2,0,2,双平,S,4066.8000,4066.6000,4066.4000,4066.2000,4066.0000,4068.8000,4069.0000,4070.0000,4071.6000,4072.0000,7,4,4,1,2,1,1,2,1,1
SF,IF2003,2019-12-18 09:30:25.200,4068.0000,35609,0,108569700.000,0,-,-,-,-,4067.0000,4066.8000,4066.6000,4066.4000,4066.2000,4068.6000,4068.8000,4069.0000,4069.6000,4070.0000,1,5,4,4,2,1,1,1,1,2
SF,IF2003,2019-12-18 09:30:25.700,4068.0000,35609,0,108569700.000,0,-,-,-,-,4067.4000,4067.2000,4067.0000,4066.8000,4066.6000,4068.6000,4068.8000,4069.0000,4070.0000,4071.6000,1,2,2,6,2,1,1,1,2,1
SF,IF2003,2019-12-18 09:30:26.200,4068.0000,35609,0,108569700.000,0,-,-,-,-,4067.4000,4067.2000,4067.0000,4066.8000,4066.6000,4068.6000,4068.8000,4069.0000,4069.4000,4070.0000,1,3,1,6,2,1,1,1,1,2
SF,IF2003,2019-12-18 09:30:26.700,4067.4000,35609,0,109789920.000,1,0,1,多换,S,4067.2000,4067.0000,4066.8000,4066.6000,4066.4000,4068.2000,4068.6000,4068.8000,4069.0000,4069.4000,3,1,5,2,2,1,2,1,1,1
SF,IF2003,2019-12-18 09:30:27.200,4068.2000,35607,-2,113451060.000,3,0,3,多平,S,4067.2000,4066.8000,4066.6000,4066.4000,4066.2000,4068.6000,4068.8000,4069.0000,4069.4000,4070.0000,1,5,1,2,2,1,1,1,1,2
SF,IF2003,2019-12-18 09:30:27.700,4067.2000,35606,-1,118332180.000,4,1,3,多平,S,4067.2000,4066.8000,4066.6000,4066.4000,4066.2000,4068.4000,4068.6000,4068.8000,4069.0000,4069.4000,1,5,1,2,2,1,1,1,1,1
SF,IF2003,2019-12-18 09:30:28.200,4067.2000,35606,0,119552340.000,1,0,1,多换,S,4066.8000,4066.6000,4066.4000,4066.2000,4066.0000,4067.8000,4068.2000,4068.8000,4069.0000,4070.0000,5,1,2,2,2,1,4,1,1,2
SF,IF2003,2019-12-18 09:30:28.700,4067.8000,35605,-1,121992900.000,2,0,2,多平,S,4067.0000,4066.8000,4066.6000,4066.2000,4066.0000,4068.0000,4068.2000,4068.6000,4068.8000,4069.0000,1,5,1,1,2,3,1,2,1,2
SF,IF2003,2019-12-18 09:30:29.200,4068.0000,35605,0,123213300.000,1,0,1,多换,S,4067.0000,4066.8000,4066.6000,4066.2000,4066.0000,4068.0000,4068.2000,4068.6000,4068.8000,4069.0000,1,5,1,1,2,2,1,2,1,2
SF,IF2003,2019-12-18 09:30:29.700,4067.2000,35605,0,124433460.000,1,0,1,多换,S,4067.0000,4066.8000,4066.6000,4066.2000,4066.0000,4067.8000,4068.0000,4068.2000,4068.6000,4068.8000,1,5,1,1,2,1,2,1,2,1
SF,IF2003,2019-12-18 09:30:30.200,4067.0000,35602,-3,128094180.000,3,0,3,双平,S,4066.8000,4066.6000,4066.2000,4066.0000,4065.8000,4068.0000,4068.2000,4068.6000,4068.8000,4069.0000,5,1,1,2,1,2,1,2,1,2
SF,IF2003,2019-12-18 09:30:30.700,4067.2000,35601,-1,129314340.000,1,0,1,双平,S,4067.0000,4066.8000,4066.6000,4066.2000,4066.0000,4067.8000,4068.0000,4068.6000,4068.8000,4069.0000,2,5,1,1,2,2,2,2,1,2
SF,IF2003,2019-12-18 09:30:31.200,4067.2000,35601,0,129314340.000,0,-,-,-,-,4067.0000,4066.8000,4066.6000,4066.2000,4066.0000,4067.2000,4067.6000,4067.8000,4068.0000,4068.6000,2,5,1,1,2,1,1,1,2,2
SF,IF2003,2019-12-18 09:30:31.700,4067.8000,35599,-2,131754840.000,2,0,2,双平,S,4067.2000,4067.0000,4066.8000,4066.6000,4066.2000,4068.0000,4068.6000,4068.8000,4069.0000,4070.0000,2,1,5,1,1,2,3,1,1,2
SF,IF2003,2019-12-18 09:30:32.200,4068.0000,35597,-2,134195640.000,2,0,2,双平,S,4067.2000,4067.0000,4066.8000,4066.6000,4066.2000,4067.8000,4068.6000,4068.8000,4069.0000,4070.0000,6,1,5,1,1,1,3,1,1,2
SF,IF2003,2019-12-18 09:30:32.700,4068.0000,35596,-1,136636380.000,2,0,2,多平,S,4067.8000,4067.2000,4067.0000,4066.8000,4066.6000,4068.6000,4068.8000,4069.0000,4070.0000,4071.6000,8,6,1,7,1,3,1,1,2,1
SF,IF2003,2019-12-18 09:30:33.200,4068.0000,35596,0,137856780.000,1,0,1,多换,S,4067.8000,4067.4000,4067.2000,4067.0000,4066.8000,4068.4000,4068.6000,4068.8000,4069.0000,4069.6000,8,1,5,1,7,1,3,1,1,1
SF,IF2003,2019-12-18 09:30:33.700,4068.0000,35596,0,137856780.000,0,-,-,-,-,4067.8000,4067.4000,4067.2000,4067.0000,4066.8000,4068.4000,4068.6000,4068.8000,4069.0000,4069.6000,8,1,3,1,7,1,3,1,1,1
SF,IF2003,2019-12-18 09:30:34.200,4067.8000,35591,-5,143958480.000,5,0,5,双平,S,4067.8000,4067.6000,4067.2000,4067.0000,4066.8000,4068.4000,4068.6000,4068.8000,4069.0000,4069.6000,3,1,3,1,7,1,3,1,1,1
SF,IF2003,2019-12-18 09:30:34.700,4067.6000,35587,-4,148839780.000,4,0,4,双平,S,4067.2000,4067.0000,4066.8000,4066.6000,4066.2000,4068.2000,4068.4000,4068.6000,4068.8000,4069.0000,1,1,7,1,1,1,1,3,1,1
SF,IF2003,2019-12-18 09:30:35.200,4067.6000,35587,0,148839780.000,0,-,-,-,-,4067.6000,4066.8000,4066.2000,4066.0000,4065.6000,4068.0000,4068.2000,4068.4000,4068.6000,4068.8000,1,5,1,2,2,8,1,1,3,1
SF,IF2003,2019-12-18 09:30:35.700,4067.6000,35586,-1,150060060.000,1,0,1,双平,S,4066.8000,4066.2000,4066.0000,4065.6000,4065.4000,4067.8000,4068.0000,4068.2000,4068.6000,4068.8000,5,1,2,2,3,1,4,2,3,1
SF,IF2003,2019-12-18 09:30:36.200,4067.6000,35585,-1,151280340.000,1,0,1,双平,S,4066.8000,4066.2000,4066.0000,4065.6000,4065.4000,4067.6000,4067.8000,4068.0000,4068.2000,4068.6000,5,1,2,2,3,1,2,2,1,3
SF,IF2003,2019-12-18 09:30:36.700,4067.6000,35584,-1,152500620.000,1,0,1,双平,S,4066.8000,4066.2000,4066.0000,4065.6000,4065.4000,4067.6000,4067.8000,4068.0000,4068.2000,4068.6000,5,1,2,2,3,2,1,2,1,3
SF,IF2003,2019-12-18 09:30:37.200,4067.6000,35584,0,152500620.000,0,-,-,-,-,4066.8000,4066.2000,4066.0000,4065.6000,4065.4000,4067.6000,4067.8000,4068.0000,4068.6000,4068.8000,5,1,2,2,3,1,1,3,3,1
SF,IF2003,2019-12-18 09:30:37.700,4067.6000,35583,-1,153720900.000,1,0,1,双平,S,4067.0000,4066.8000,4066.2000,4066.0000,4065.6000,4067.6000,4067.8000,4068.0000,4068.6000,4068.8000,1,5,1,2,1,1,1,3,3,1
SF,IF2003,2019-12-18 09:30:38.200,4067.6000,35583,0,153720900.000,0,-,-,-,-,4067.0000,4066.8000,4066.2000,4066.0000,4065.6000,4067.6000,4067.8000,4068.0000,4068.6000,4068.8000,1,5,1,2,1,1,2,2,3,1
SF,IF2003,2019-12-18 09:30:38.700,4067.4000,35581,-2,156161220.000,2,0,2,双平,S,4067.0000,4066.8000,4066.2000,4066.0000,4065.6000,4067.4000,4067.6000,4067.8000,4068.0000,4068.6000,2,5,1,2,1,1,1,2,2,3
SF,IF2003,2019-12-18 09:30:39.200,4067.6000,35581,0,159821700.000,3,1,2,多换,S,4066.8000,4066.2000,4066.0000,4065.6000,4065.4000,4067.6000,4067.8000,4068.0000,4068.6000,4068.8000,5,1,2,1,3,1,1,2,3,1
SF,IF2003,2019-12-18 09:30:39.700,4067.6000,35581,0,159821700.000,0,-,-,-,-,4066.8000,4066.2000,4066.0000,4065.6000,4065.4000,4067.4000,4067.6000,4067.8000,4068.0000,4068.6000,5,1,2,1,3,1,1,1,2,3
SF,IF2003,2019-12-18 09:30:40.200,4067.4000,35579,-2,162262140.000,2,0,2,双平,S,4066.8000,4066.2000,4066.0000,4065.6000,4065.4000,4067.8000,4068.0000,4068.6000,4068.8000,4069.0000,5,1,2,1,3,1,2,3,1,1
SF,IF2003,2019-12-18 09:30:40.700,4067.4000,35579,0,162262140.000,0,-,-,-,-,4067.0000,4066.8000,4066.2000,4066.0000,4065.6000,4067.6000,4067.8000,4068.0000,4068.6000,4068.8000,1,5,1,2,1,5,1,2,3,1
SF,IF2003,2019-12-18 09:30:41.200,4067.4000,35579,0,162262140.000,0,-,-,-,-,4067.4000,4067.0000,4066.8000,4066.2000,4066.0000,4067.6000,4067.8000,4068.0000,4068.6000,4068.8000,1,1,5,1,2,5,1,2,3,1
SF,IF2003,2019-12-18 09:30:41.700,4067.4000,35579,0,164702580.000,2,1,1,多换,S,4067.0000,4066.8000,4066.2000,4066.0000,4065.6000,4067.6000,4067.8000,4068.0000,4068.6000,4068.8000,1,5,1,2,1,4,1,2,3,1
SF,IF2003,2019-12-18 09:30:42.200,4067.6000,35578,-1,165922860.000,1,0,1,双平,S,4067.0000,4066.8000,4066.2000,4066.0000,4065.6000,4067.6000,4067.8000,4068.0000,4068.6000,4068.8000,1,5,1,2,1,2,1,2,3,1
SF,IF2003,2019-12-18 09:30:42.700,4067.6000,35578,0,165922860.000,0,-,-,-,-,4067.0000,4066.8000,4066.2000,4066.0000,4065.6000,4067.4000,4067.8000,4068.0000,4068.6000,4068.8000,1,5,1,2,1,1,1,2,3,1
SF,IF2003,2019-12-18 09:30:43.200,4067.6000,35578,0,165922860.000,0,-,-,-,-,4067.0000,4066.8000,4066.2000,4066.0000,4065.6000,4067.4000,4067.8000,4068.0000,4068.6000,4068.8000,1,5,1,2,1,1,1,2,3,1
SF,IF2003,2019-12-18 09:30:43.700,4067.0000,35578,0,168363180.000,2,1,1,多换,S,4066.8000,4066.2000,4066.0000,4065.6000,4065.4000,4067.8000,4068.0000,4068.6000,4068.8000,4069.0000,5,1,2,1,3,1,1,3,1,1
SF,IF2003,2019-12-18 09:30:44.200,4067.0000,35578,0,168363180.000,0,-,-,-,-,4067.0000,4066.8000,4066.2000,4066.0000,4065.6000,4067.4000,4067.6000,4067.8000,4068.0000,4068.6000,1,5,1,2,1,2,5,1,2,3
SF,IF2003,2019-12-18 09:30:44.700,4067.2000,35576,-2,170803440.000,2,0,2,双平,S,4066.8000,4066.2000,4066.0000,4065.6000,4065.4000,4067.4000,4067.6000,4067.8000,4068.0000,4068.6000,5,1,2,1,3,2,4,1,2,3
SF,IF2003,2019-12-18 09:30:45.700,4066.8000,35574,-2,173243520.000,2,0,2,双平,S,4066.8000,4066.2000,4066.0000,4065.6000,4065.4000,4067.4000,4067.6000,4067.8000,4068.0000,4068.6000,3,1,2,1,3,2,4,1,2,3
SF,IF2003,2019-12-18 09:30:46.200,4066.8000,35571,-3,176903640.000,3,0,3,双平,S,4066.2000,4066.0000,4065.6000,4065.4000,4065.0000,4067.2000,4067.4000,4067.6000,4067.8000,4068.0000,1,2,1,3,2,1,3,2,1,2
SF,IF2003,2019-12-18 09:30:46.700,4066.8000,35571,0,176903640.000,0,-,-,-,-,4066.2000,4066.0000,4065.6000,4065.4000,4065.0000,4067.0000,4067.2000,4067.4000,4067.6000,4067.8000,1,2,1,3,2,1,1,3,2,1
SF,IF2003,2019-12-18 09:30:47.200,4066.8000,35571,0,176903640.000,0,-,-,-,-,4066.2000,4066.0000,4065.6000,4065.4000,4065.0000,4066.8000,4067.0000,4067.2000,4067.6000,4067.8000,1,2,1,3,2,4,1,2,1,1
SF,IF2003,2019-12-18 09:30:47.700,4066.8000,35570,-1,178123680.000,1,0,1,双平,S,4066.2000,4066.0000,4065.6000,4065.4000,4065.0000,4066.8000,4067.0000,4067.2000,4067.6000,4067.8000,1,2,1,3,2,2,1,2,1,1
SF,IF2003,2019-12-18 09:30:48.200,4066.8000,35570,0,183003480.000,4,2,2,多换,S,4066.0000,4065.6000,4065.4000,4065.0000,4064.8000,4067.0000,4067.2000,4067.6000,4067.8000,4068.0000,2,1,3,2,4,2,1,1,1,2
SF,IF2003,2019-12-18 09:30:48.700,4066.8000,35570,0,183003480.000,0,-,-,-,-,4066.8000,4066.4000,4066.2000,4066.0000,4065.6000,4067.0000,4067.2000,4067.6000,4067.8000,4068.0000,1,1,1,2,1,2,1,1,1,2
SF,IF2003,2019-12-18 09:30:49.200,4067.0000,35568,-2,185443680.000,2,0,2,双平,S,4066.8000,4066.4000,4066.2000,4066.0000,4065.6000,4067.0000,4067.2000,4067.8000,4068.0000,4068.6000,1,1,1,2,1,1,1,1,2,3
SF,IF2003,2019-12-18 09:30:49.700,4067.0000,35568,0,186663780.000,1,0,1,多换,S,4066.8000,4066.4000,4066.2000,4066.0000,4065.6000,4067.2000,4067.8000,4068.0000,4068.6000,4068.8000,1,1,1,2,1,1,1,2,3,1
SF,IF2003,2019-12-18 09:30:50.200,4067.0000,35568,0,186663780.000,0,-,-,-,-,4066.8000,4066.4000,4066.2000,4066.0000,4065.6000,4067.8000,4068.0000,4068.6000,4068.8000,4071.6000,1,1,1,2,1,1,1,3,1,1
SF,IF2003,2019-12-18 09:30:50.700,4067.0000,35568,0,186663780.000,0,-,-,-,-,4067.0000,4066.8000,4066.4000,4066.0000,4065.6000,4067.4000,4067.8000,4068.0000,4068.6000,4068.8000,1,7,1,2,1,1,1,1,3,1
SF,IF2003,2019-12-18 09:30:51.200,4067.0000,35568,0,187883880.000,1,0,1,多换,S,4066.8000,4066.4000,4066.0000,4065.6000,4065.4000,4067.2000,4067.8000,4068.0000,4068.6000,4068.8000,7,1,2,1,3,2,1,1,3,1
SF,IF2003,2019-12-18 09:30:51.700,4067.2000,35567,-1,191544360.000,3,1,2,多平,S,4066.8000,4066.4000,4066.0000,4065.6000,4065.4000,4067.8000,4068.0000,4068.6000,4068.8000,4071.6000,7,1,2,1,3,1,1,3,1,1
SF,IF2003,2019-12-18 09:30:52.200,4067.2000,35567,0,191544360.000,0,-,-,-,-,4067.0000,4066.8000,4066.4000,4066.0000,4065.6000,4067.4000,4067.6000,4067.8000,4068.0000,4068.6000,2,6,1,2,1,1,2,1,1,3
SF,IF2003,2019-12-18 09:30:52.700,4067.6000,35564,-3,195205140.000,3,0,3,双平,S,4067.4000,4067.2000,4067.0000,4066.8000,4066.4000,4067.8000,4068.0000,4068.6000,4068.8000,4071.6000,2,1,1,7,1,1,1,3,1,1
SF,IF2003,2019-12-18 09:30:53.200,4067.6000,35564,0,195205140.000,0,-,-,-,-,4067.4000,4067.2000,4066.8000,4066.0000,4065.6000,4067.8000,4068.0000,4068.6000,4068.8000,4071.6000,1,1,7,2,1,1,1,1,1,1
SF,IF2003,2019-12-18 09:30:53.700,4067.8000,35563,-1,196425480.000,1,0,1,双平,S,4067.4000,4067.2000,4067.0000,4066.8000,4066.0000,4068.0000,4068.6000,4068.8000,4071.6000,4072.0000,1,1,1,6,2,1,1,1,1,1
SF,IF2003,2019-12-18 09:30:54.200,4068.0000,35563,0,197645880.000,1,0,1,多换,S,4067.2000,4067.0000,4066.8000,4066.0000,4065.6000,4068.6000,4068.8000,4071.6000,4072.0000,4073.8000,1,1,6,2,1,1,1,1,1,1
SF,IF2003,2019-12-18 09:30:54.700,4067.8000,35563,0,198866220.000,1,0,1,多换,S,4067.4000,4067.2000,4067.0000,4066.8000,4066.0000,4068.2000,4068.6000,4068.8000,4071.6000,4072.0000,1,1,1,6,2,1,1,1,1,1
SF,IF2003,2019-12-18 09:30:55.200,4067.8000,35563,0,198866220.000,0,-,-,-,-,4067.8000,4067.4000,4067.2000,4067.0000,4066.8000,4068.6000,4068.8000,4071.6000,4072.0000,4073.8000,1,2,1,1,6,1,1,1,1,1
SF,IF2003,2019-12-18 09:30:55.700,4067.8000,35563,0,198866220.000,0,-,-,-,-,4067.4000,4067.2000,4066.8000,4066.0000,4065.6000,4068.6000,4068.8000,4071.6000,4072.0000,4073.8000,3,1,6,2,1,1,1,1,1,1
SF,IF2003,2019-12-18 09:30:56.200,4067.6000,35561,-2,201306780.000,2,0,2,双平,S,4067.4000,4067.2000,4066.8000,4066.0000,4065.6000,4068.6000,4068.8000,4071.6000,4072.0000,4073.8000,2,1,6,2,1,1,1,1,1,1
SF,IF2003,2019-12-18 09:30:56.700,4067.6000,35561,0,201306780.000,0,-,-,-,-,4067.8000,4067.4000,4067.2000,4067.0000,4066.8000,4068.6000,4068.8000,4071.6000,4072.0000,4073.8000,1,2,1,2,6,3,1,1,1,1
SF,IF2003,2019-12-18 09:30:57.200,4067.6000,35560,-1,202527060.000,1,0,1,双平,S,4067.4000,4067.2000,4067.0000,4066.8000,4066.0000,4068.6000,4068.8000,4071.6000,4072.0000,4073.8000,2,1,2,6,2,3,1,1,1,1
SF,IF2003,2019-12-18 09:30:57.700,4067.6000,35560,0,202527060.000,0,-,-,-,-,4067.4000,4067.2000,4067.0000,4066.8000,4065.6000,4068.2000,4068.4000,4068.6000,4068.8000,4071.6000,2,1,2,6,1,1,2,3,1,1
SF,IF2003,2019-12-18 09:30:58.200,4067.6000,35560,0,202527060.000,0,-,-,-,-,4067.4000,4067.2000,4067.0000,4066.8000,4065.6000,4068.4000,4068.6000,4068.8000,4071.6000,4072.0000,2,1,2,6,1,1,3,1,1,1
SF,IF2003,2019-12-18 09:30:58.700,4068.4000,35558,-2,204967920.000,2,0,2,双平,S,4067.4000,4067.0000,4066.8000,4065.6000,4065.4000,4068.6000,4068.8000,4071.6000,4072.0000,4073.8000,2,2,6,1,3,3,1,1,1,1
SF,IF2003,2019-12-18 09:30:59.200,4068.4000,35558,0,204967920.000,0,-,-,-,-,4067.6000,4067.4000,4067.0000,4066.8000,4065.6000,4068.0000,4068.4000,4068.6000,4068.8000,4071.6000,1,2,2,6,1,1,1,3,1,1
SF,IF2003,2019-12-18 09:30:59.700,4068.4000,35558,0,204967920.000,0,-,-,-,-,4068.2000,4067.8000,4067.6000,4067.4000,4067.0000,4068.6000,4068.8000,4071.6000,4072.0000,4073.8000,1,1,1,1,2,3,1,1,1,1
SF,IF2003,2019-12-18 09:31:00.200,4068.4000,35556,-2,207408900.000,2,0,2,双平,S,4067.6000,4067.4000,4067.0000,4066.8000,4065.6000,4068.6000,4068.8000,4071.6000,4072.0000,4073.8000,1,1,2,6,1,3,1,1,1,1
SF,IF2003,2019-12-18 09:31:00.700,4068.4000,35556,0,207408900.000,0,-,-,-,-,4067.8000,4067.6000,4067.4000,4067.0000,4066.8000,4068.4000,4068.6000,4068.8000,4071.6000,4072.0000,4,1,1,2,6,1,3,1,1,1
SF,IF2003,2019-12-18 09:31:01.200,4068.4000,35556,0,207408900.000,0,-,-,-,-,4067.8000,4067.6000,4067.4000,4067.0000,4066.8000,4068.6000,4068.8000,4071.6000,4072.0000,4073.8000,3,1,1,2,6,3,1,1,1,1
SF,IF2003,2019-12-18 09:31:01.700,4068.6000,35556,0,208629480.000,1,0,1,多换,S,4068.0000,4067.8000,4067.6000,4067.0000,4066.8000,4068.6000,4068.8000,4071.6000,4072.0000,4073.8000,1,3,1,2,6,2,1,1,1,1
SF,IF2003,2019-12-18 09:31:02.200,4068.6000,35555,-1,213511560.000,4,1,3,多平,S,4068.2000,4068.0000,4067.8000,4067.6000,4067.0000,4070.0000,4071.6000,4072.0000,4073.8000,4074.0000,2,1,1,1,2,1,1,1,1,5
SF,IF2003,2019-12-18 09:31:02.700,4068.6000,35555,0,213511560.000,0,-,-,-,-,4068.6000,4068.4000,4068.2000,4067.8000,4067.6000,4069.2000,4069.6000,4069.8000,4070.0000,4071.6000,3,4,2,1,1,1,2,3,3,1
SF,IF2003,2019-12-18 09:31:03.200,4069.2000,35553,-2,215953080.000,2,0,2,双平,S,4069.2000,4068.8000,4068.6000,4068.4000,4067.8000,4069.6000,4069.8000,4070.0000,4071.6000,4072.0000,1,2,2,3,1,1,1,3,1,1
SF,IF2003,2019-12-18 09:31:03.700,4069.2000,35553,0,217173840.000,1,0,1,多换,S,4069.4000,4068.6000,4068.4000,4067.8000,4067.6000,4069.8000,4070.0000,4071.6000,4072.0000,4073.8000,1,2,3,1,1,1,3,1,1,1
SF,IF2003,2019-12-18 09:31:04.200,4069.2000,35553,0,217173840.000,0,-,-,-,-,4069.4000,4068.6000,4068.4000,4067.8000,4067.6000,4069.6000,4069.8000,4070.0000,4071.6000,4072.0000,1,2,2,1,1,1,1,1,1,1
SF,IF2003,2019-12-18 09:31:04.700,4069.4000,35552,-1,218394660.000,1,0,1,双平,S,4068.6000,4068.4000,4067.8000,4067.6000,4067.0000,4069.6000,4069.8000,4070.0000,4071.6000,4072.0000,2,2,1,1,2,1,1,1,1,1
SF,IF2003,2019-12-18 09:31:05.200,4069.4000,35552,0,218394660.000,0,-,-,-,-,4068.6000,4068.4000,4067.8000,4067.6000,4067.0000,4069.4000,4069.6000,4069.8000,4070.0000,4071.6000,2,2,1,1,3,2,1,1,1,1
SF,IF2003,2019-12-18 09:31:05.700,4069.4000,35552,0,218394660.000,0,-,-,-,-,4068.6000,4068.4000,4067.8000,4067.6000,4067.0000,4069.4000,4069.6000,4069.8000,4070.0000,4071.6000,2,1,1,1,3,3,1,1,1,1
SF,IF2003,2019-12-18 09:31:06.200,4069.4000,35552,0,218394660.000,0,-,-,-,-,4068.6000,4068.4000,4067.8000,4067.6000,4067.0000,4068.8000,4069.4000,4069.6000,4069.8000,4070.0000,2,1,1,1,3,1,2,1,1,1
SF,IF2003,2019-12-18 09:31:06.700,4068.8000,35552,0,219615300.000,1,0,1,多换,S,4068.8000,4068.6000,4068.4000,4067.8000,4067.6000,4069.4000,4069.6000,4069.8000,4070.0000,4071.6000,2,2,1,1,1,1,1,1,1,1
SF,IF2003,2019-12-18 09:31:07.200,4068.8000,35552,0,219615300.000,0,-,-,-,-,4068.8000,4068.6000,4068.4000,4067.8000,4067.6000,4069.4000,4069.6000,4069.8000,4070.0000,4071.6000,1,3,1,1,1,1,1,1,1,1
SF,IF2003,2019-12-18 09:31:07.700,4068.8000,35551,-1,222056700.000,2,0,2,多平,S,4068.6000,4068.4000,4067.8000,4067.6000,4067.0000,4069.4000,4069.6000,4070.0000,4071.6000,4072.0000,3,1,1,1,3,12,1,1,1,1
SF,IF2003,2019-12-18 09:31:08.200,4068.8000,35551,0,222056700.000,0,-,-,-,-,4068.8000,4068.6000,4068.4000,4067.8000,4067.6000,4069.2000,4069.4000,4069.6000,4070.0000,4071.6000,1,3,1,1,1,1,12,1,1,1
SF,IF2003,2019-12-18 09:31:09.200,4068.8000,35551,0,222056700.000,0,-,-,-,-,4068.8000,4068.6000,4068.4000,4067.8000,4067.6000,4069.2000,4069.4000,4069.6000,4070.0000,4071.6000,1,3,1,1,1,2,12,1,1,1
SF,IF2003,2019-12-18 09:31:09.700,4069.2000,35551,0,223277460.000,1,0,1,多换,S,4068.8000,4068.6000,4068.4000,4067.8000,4067.6000,4069.2000,4069.4000,4069.6000,4070.0000,4071.6000,1,3,1,1,1,1,12,1,1,1
SF,IF2003,2019-12-18 09:31:10.200,4069.2000,35550,-1,224498220.000,1,0,1,双平,S,4068.8000,4068.6000,4068.4000,4067.8000,4067.6000,4069.0000,4069.4000,4069.6000,4070.0000,4071.6000,1,3,1,1,1,1,12,1,1,1
SF,IF2003,2019-12-18 09:31:10.700,4069.2000,35549,-1,225718980.000,1,0,1,双平,S,4069.2000,4068.8000,4068.6000,4068.4000,4067.8000,4069.4000,4069.6000,4070.0000,4071.6000,4072.0000,1,1,3,1,1,11,1,1,1,1
SF,IF2003,2019-12-18 09:31:11.200,4069.2000,35549,0,226939740.000,1,0,1,多换,S,4068.8000,4068.6000,4068.4000,4067.8000,4067.6000,4069.2000,4069.4000,4069.6000,4070.0000,4071.6000,1,3,1,1,1,4,11,1,1,1
SF,IF2003,2019-12-18 09:31:11.700,4069.2000,35549,0,226939740.000,0,-,-,-,-,4068.6000,4068.4000,4067.8000,4067.6000,4067.0000,4068.8000,4069.4000,4069.6000,4070.0000,4071.6000,3,1,1,1,3,2,11,1,1,1
SF,IF2003,2019-12-18 09:31:12.200,4069.2000,35549,0,226939740.000,0,-,-,-,-,4068.8000,4068.6000,4068.4000,4067.8000,4067.6000,4069.4000,4069.6000,4071.6000,4072.0000,4073.8000,1,4,1,1,1,11,1,1,1,1
SF,IF2003,2019-12-18 09:31:12.700,4068.8000,35548,-1,228160380.000,1,0,1,双平,S,4068.6000,4068.4000,4067.8000,4067.6000,4067.0000,4069.6000,4071.6000,4072.0000,4073.8000,4074.0000,4,1,1,1,3,1,1,1,1,5
SF,IF2003,2019-12-18 09:31:13.200,4068.8000,35548,0,228160380.000,0,-,-,-,-,4068.6000,4068.4000,4067.8000,4067.6000,4067.0000,4068.8000,4069.6000,4071.6000,4072.0000,4073.8000,9,1,1,1,3,1,1,1,1,1
SF,IF2003,2019-12-18 09:31:13.700,4068.8000,35547,-1,230601660.000,2,0,2,多平,S,4069.0000,4068.8000,4068.6000,4068.4000,4068.0000,4069.2000,4069.6000,4071.6000,4072.0000,4073.8000,1,4,9,1,1,1,1,1,1,1
SF,IF2003,2019-12-18 09:31:14.200,4069.2000,35545,-2,233043180.000,2,0,2,双平,S,4069.0000,4068.8000,4068.6000,4068.4000,4068.0000,4069.6000,4071.6000,4072.0000,4073.8000,4074.0000,1,3,9,1,1,1,1,1,1,5
SF,IF2003,2019-12-18 09:31:14.700,4069.2000,35545,0,233043180.000,0,-,-,-,-,4069.2000,4069.0000,4068.8000,4068.6000,4068.4000,4069.6000,4071.6000,4072.0000,4073.8000,4074.0000,1,1,3,8,1,1,1,1,1,5
SF,IF2003,2019-12-18 09:31:15.200,4069.6000,35544,-1,234264060.000,1,0,1,双平,S,4069.6000,4069.4000,4069.2000,4069.0000,4068.8000,4071.6000,4072.0000,4073.8000,4074.0000,4074.4000,3,1,1,1,3,1,1,1,5,1
SF,IF2003,2019-12-18 09:31:15.700,4069.6000,35544,0,234264060.000,0,-,-,-,-,4070.0000,4069.8000,4069.6000,4069.4000,4069.0000,4071.0000,4071.2000,4071.4000,4071.6000,4072.0000,1,4,2,1,1,2,10,3,2,1
SF,IF2003,2019-12-18 09:31:16.200,4069.8000,35540,-4,239147940.000,4,0,4,双平,S,4069.6000,4069.4000,4069.0000,4068.8000,4068.6000,4070.6000,4070.8000,4071.0000,4071.2000,4071.4000,2,1,3,3,8,3,1,2,8,3
SF,IF2003,2019-12-18 09:31:16.700,4069.4000,35534,-6,246473220.000,6,0,6,双平,S,4069.0000,4068.8000,4068.6000,4068.4000,4068.0000,4069.2000,4069.8000,4071.0000,4071.2000,4071.4000,3,3,8,1,1,5,2,2,8,3
SF,IF2003,2019-12-18 09:31:17.200,4069.2000,35529,-5,252577020.000,5,0,5,双平,S,4069.6000,4069.2000,4069.0000,4068.8000,4068.6000,4071.0000,4071.2000,4071.4000,4071.6000,4072.0000,2,2,3,3,8,2,8,3,1,1
SF,IF2003,2019-12-18 09:31:17.700,4070.2000,35529,0,253798080.000,1,0,1,多换,S,4069.6000,4069.0000,4068.8000,4068.6000,4068.4000,4070.6000,4070.8000,4071.0000,4071.2000,4071.4000,1,3,3,8,1,1,2,1,8,2
SF,IF2003,2019-12-18 09:31:18.200,4070.6000,35529,0,255019260.000,1,0,1,多换,S,4070.2000,4069.6000,4069.0000,4068.8000,4068.6000,4070.8000,4071.0000,4071.2000,4071.4000,4071.6000,1,1,3,3,8,1,1,1,2,1
SF,IF2003,2019-12-18 09:31:18.700,4070.2000,35528,-1,256240320.000,1,0,1,双平,S,4069.6000,4069.0000,4068.8000,4068.6000,4068.0000,4070.2000,4070.8000,4071.0000,4071.2000,4071.4000,1,3,3,8,1,2,1,1,1,2
SF,IF2003,2019-12-18 09:31:19.200,4070.2000,35528,0,256240320.000,0,-,-,-,-,4069.6000,4069.0000,4068.8000,4068.6000,4068.0000,4070.2000,4070.8000,4071.0000,4071.2000,4071.4000,1,3,3,8,1,3,2,1,1,2
SF,IF2003,2019-12-18 09:31:19.700,4069.6000,35527,-1,257461200.000,1,0,1,双平,S,4069.0000,4068.8000,4068.6000,4068.0000,4067.8000,4070.2000,4070.8000,4071.0000,4071.2000,4071.4000,3,3,8,1,1,1,2,1,1,2
SF,IF2003,2019-12-18 09:31:20.200,4069.6000,35527,0,257461200.000,0,-,-,-,-,4069.2000,4069.0000,4068.8000,4068.6000,4068.0000,4070.0000,4070.2000,4070.8000,4071.0000,4071.2000,2,8,3,3,1,2,2,2,1,1
SF,IF2003,2019-12-18 09:31:20.700,4069.2000,35526,-1,259902720.000,2,0,2,多平,S,4069.0000,4068.8000,4068.6000,4068.0000,4067.8000,4069.8000,4070.0000,4070.8000,4071.0000,4071.2000,9,3,3,1,1,4,2,1,1,1
SF,IF2003,2019-12-18 09:31:21.200,4069.0000,35525,-1,263564820.000,3,1,2,多平,S,4069.0000,4068.8000,4068.6000,4068.0000,4067.8000,4069.6000,4069.8000,4070.0000,4070.8000,4071.0000,6,3,3,1,1,4,5,3,1,1
SF,IF2003,2019-12-18 09:31:21.700,4069.0000,35525,0,264785520.000,1,0,1,多换,S,4069.0000,4068.8000,4068.6000,4068.0000,4067.8000,4069.6000,4069.8000,4070.0000,4070.8000,4071.0000,5,4,3,1,1,1,4,1,1,1
SF,IF2003,2019-12-18 09:31:22.200,4069.4000,35525,0,270889620.000,5,2,3,多换,S,4069.0000,4068.8000,4068.6000,4068.0000,4067.8000,4069.6000,4069.8000,4070.0000,4070.8000,4071.0000,6,4,3,1,1,2,3,1,1,1
SF,IF2003,2019-12-18 09:31:22.700,4069.6000,35525,0,272110500.000,1,0,1,多换,S,4069.0000,4068.8000,4068.6000,4068.0000,4067.8000,4069.6000,4069.8000,4070.0000,4070.8000,4071.0000,6,4,3,1,1,1,3,1,1,1
SF,IF2003,2019-12-18 09:31:23.200,4069.6000,35524,-1,273331380.000,1,0,1,双平,S,4069.0000,4068.8000,4068.6000,4068.0000,4067.8000,4069.8000,4070.0000,4070.8000,4071.0000,4071.2000,6,4,3,1,1,2,1,1,1,1
SF,IF2003,2019-12-18 09:31:23.700,4069.6000,35524,0,273331380.000,0,-,-,-,-,4069.0000,4068.8000,4068.6000,4068.0000,4067.8000,4069.4000,4069.6000,4069.8000,4070.0000,4070.8000,6,4,3,1,1,2,1,2,1,1
SF,IF2003,2019-12-18 09:31:24.200,4069.6000,35522,-2,275773080.000,2,0,2,双平,S,4069.6000,4069.2000,4069.0000,4068.8000,4068.6000,4069.8000,4070.0000,4070.8000,4071.0000,4071.2000,1,1,6,5,3,2,1,1,1,1
SF,IF2003,2019-12-18 09:31:24.700,4069.6000,35522,0,276993960.000,1,0,1,多换,S,4069.2000,4069.0000,4068.8000,4068.6000,4068.0000,4069.4000,4069.6000,4069.8000,4070.0000,4070.8000,1,6,4,3,1,2,4,2,1,1
SF,IF2003,2019-12-18 09:31:25.200,4069.8000,35519,-3,280656720.000,3,0,3,双平,S,4069.8000,4069.2000,4069.0000,4068.8000,4068.6000,4070.0000,4070.8000,4071.0000,4071.2000,4071.4000,3,1,6,4,3,1,1,1,1,2
SF,IF2003,2019-12-18 09:31:25.700,4069.8000,35516,-3,284319540.000,3,0,3,双平,S,4069.4000,4069.2000,4069.0000,4068.8000,4068.6000,4070.0000,4070.8000,4071.0000,4071.2000,4071.4000,1,1,6,4,3,1,1,1,1,2
SF,IF2003,2019-12-18 09:31:26.200,4069.8000,35516,0,284319540.000,0,-,-,-,-,4069.4000,4069.2000,4069.0000,4068.8000,4068.6000,4069.8000,4070.0000,4070.8000,4071.0000,4071.2000,1,1,7,4,3,1,1,1,1,1
SF,IF2003,2019-12-18 09:31:26.700,4069.8000,35516,0,284319540.000,0,-,-,-,-,4069.4000,4069.2000,4069.0000,4068.8000,4068.6000,4069.8000,4070.0000,4070.8000,4071.0000,4071.2000,2,1,7,4,3,1,3,1,1,1
SF,IF2003,2019-12-18 09:31:27.200,4070.0000,35515,-1,286761480.000,2,0,2,多平,S,4069.4000,4069.2000,4069.0000,4068.8000,4068.6000,4070.0000,4070.8000,4071.0000,4071.2000,4071.4000,6,1,3,4,3,2,1,1,1,2
SF,IF2003,2019-12-18 09:31:27.700,4069.4000,35515,0,289203120.000,2,1,1,多换,S,4069.4000,4069.2000,4069.0000,4068.8000,4068.6000,4070.0000,4070.8000,4071.0000,4071.2000,4071.4000,5,1,3,4,3,2,1,1,1,2
SF,IF2003,2019-12-18 09:31:28.200,4069.8000,35515,0,290424060.000,1,0,1,多换,S,4069.4000,4069.2000,4069.0000,4068.8000,4068.6000,4069.8000,4070.0000,4070.8000,4071.0000,4071.2000,5,1,4,4,3,1,2,1,1,1
SF,IF2003,2019-12-18 09:31:28.700,4069.8000,35514,-1,291645000.000,1,0,1,双平,S,4069.4000,4069.2000,4069.0000,4068.8000,4068.6000,4069.8000,4070.0000,4070.8000,4071.0000,4071.2000,5,1,4,4,3,1,2,1,1,1
SF,IF2003,2019-12-18 09:31:29.200,4069.4000,35514,0,292865820.000,1,0,1,多换,S,4069.4000,4069.2000,4069.0000,4068.8000,4068.6000,4069.8000,4070.0000,4070.8000,4071.0000,4071.2000,4,1,5,4,3,1,2,1,1,1
SF,IF2003,2019-12-18 09:31:30.700,4069.4000,35515,1,294086640.000,1,1,0,双开,S,4069.4000,4069.2000,4069.0000,4068.8000,4068.6000,4069.8000,4070.0000,4070.8000,4071.0000,4071.2000,3,7,5,4,3,1,2,1,1,1
SF,IF2003,2019-12-18 09:31:31.200,4069.8000,35514,-1,295307580.000,1,0,1,双平,S,4069.8000,4069.4000,4069.2000,4069.0000,4068.8000,4070.8000,4071.0000,4071.2000,4071.4000,4071.6000,1,3,7,5,4,1,1,1,2,1
SF,IF2003,2019-12-18 09:31:31.700,4069.8000,35514,0,295307580.000,0,-,-,-,-,4069.8000,4069.6000,4069.4000,4069.2000,4069.0000,4070.2000,4070.4000,4070.6000,4070.8000,4071.0000,2,1,3,7,5,1,1,1,1,2
SF,IF2003,2019-12-18 09:31:32.200,4069.8000,35514,0,295307580.000,0,-,-,-,-,4069.8000,4069.6000,4069.4000,4069.2000,4069.0000,4070.4000,4070.8000,4071.0000,4071.2000,4071.4000,5,1,3,7,5,1,1,2,1,2
SF,IF2003,2019-12-18 09:31:33.200,4069.8000,35513,-1,296528520.000,1,0,1,双平,S,4069.8000,4069.6000,4069.4000,4069.2000,4069.0000,4070.4000,4070.8000,4071.0000,4071.2000,4071.4000,4,1,3,7,5,1,1,2,1,2
SF,IF2003,2019-12-18 09:31:33.700,4069.8000,35513,0,296528520.000,0,-,-,-,-,4069.8000,4069.6000,4069.4000,4069.2000,4069.0000,4070.4000,4070.8000,4071.0000,4071.2000,4071.4000,4,2,3,7,5,2,1,2,1,2
SF,IF2003,2019-12-18 09:31:34.200,4069.8000,35513,0,296528520.000,0,-,-,-,-,4069.8000,4069.6000,4069.4000,4069.2000,4069.0000,4070.4000,4070.8000,4071.0000,4071.2000,4071.4000,6,2,1,7,5,2,1,2,1,2
SF,IF2003,2019-12-18 09:31:34.700,4070.4000,35514,1,297749640.000,1,1,0,双开,S,4069.8000,4069.6000,4069.4000,4069.2000,4069.0000,4070.4000,4070.8000,4071.0000,4071.2000,4071.4000,6,2,1,7,5,1,1,2,1,2
SF,IF2003,2019-12-18 09:31:35.200,4070.4000,35514,0,298970760.000,1,0,1,多换,S,4070.4000,4069.8000,4069.6000,4069.4000,4069.2000,4070.8000,4071.0000,4071.2000,4071.4000,4071.6000,2,5,2,1,7,1,2,1,2,1
SF,IF2003,2019-12-18 09:31:35.700,4070.4000,35514,0,298970760.000,0,-,-,-,-,4070.4000,4070.2000,4069.8000,4069.6000,4069.4000,4070.8000,4071.0000,4071.2000,4071.4000,4071.6000,2,1,5,2,1,1,2,1,2,1
SF,IF2003,2019-12-18 09:31:36.200,4070.4000,35514,0,298970760.000,0,-,-,-,-,4070.4000,4070.0000,4069.8000,4069.6000,4069.4000,4070.8000,4071.0000,4071.2000,4071.4000,4071.6000,2,5,5,2,1,1,2,1,2,1
SF,IF2003,2019-12-18 09:31:36.700,4070.4000,35514,0,298970760.000,0,-,-,-,-,4070.4000,4070.0000,4069.8000,4069.6000,4069.4000,4070.8000,4071.0000,4071.2000,4071.4000,4071.6000,9,5,5,2,1,1,2,1,2,1
SF,IF2003,2019-12-18 09:31:37.200,4070.4000,35514,0,298970760.000,0,-,-,-,-,4070.4000,4070.0000,4069.8000,4069.6000,4069.4000,4070.8000,4071.0000,4071.2000,4071.4000,4071.6000,9,5,4,2,1,1,2,1,2,1
SF,IF2003,2019-12-18 09:31:37.700,4070.4000,35514,0,300191880.000,1,0,1,多换,S,4070.4000,4070.0000,4069.8000,4069.6000,4069.4000,4070.8000,4071.0000,4071.2000,4071.4000,4071.6000,8,5,4,2,1,1,2,1,2,1
SF,IF2003,2019-12-18 09:31:38.200,4070.8000,35514,0,301413120.000,1,0,1,多换,S,4070.4000,4070.0000,4069.8000,4069.6000,4069.4000,4071.0000,4071.2000,4071.4000,4071.6000,4072.0000,8,5,4,2,1,2,1,2,1,1
SF,IF2003,2019-12-18 09:31:38.700,4070.8000,35514,0,301413120.000,0,-,-,-,-,4070.4000,4070.0000,4069.8000,4069.6000,4069.4000,4070.6000,4070.8000,4071.0000,4071.2000,4071.4000,8,5,4,2,1,7,1,3,1,1
SF,IF2003,2019-12-18 09:31:39.200,4070.8000,35514,0,301413120.000,0,-,-,-,-,4070.4000,4070.0000,4069.8000,4069.6000,4069.4000,4070.6000,4070.8000,4071.0000,4071.2000,4071.4000,8,5,4,2,1,7,1,3,1,1
SF,IF2003,2019-12-18 09:31:39.700,4070.4000,35513,-1,303855480.000,2,0,2,多平,S,4070.4000,4070.0000,4069.8000,4069.6000,4069.4000,4070.6000,4070.8000,4071.0000,4071.2000,4071.4000,7,5,4,2,1,6,1,3,1,1
SF,IF2003,2019-12-18 09:31:40.200,4070.6000,35510,-3,308740200.000,4,0,4,多平,S,4070.4000,4070.0000,4069.8000,4069.6000,4069.4000,4070.8000,4071.0000,4071.2000,4071.4000,4071.6000,7,5,4,2,1,1,3,1,1,1
SF,IF2003,2019-12-18 09:31:40.700,4070.6000,35509,-1,309961380.000,1,0,1,双平,S,4070.6000,4070.4000,4070.0000,4069.8000,4069.6000,4071.0000,4071.2000,4071.4000,4071.6000,4072.0000,1,7,5,4,2,3,1,1,1,1
SF,IF2003,2019-12-18 09:31:41.200,4070.6000,35509,0,309961380.000,0,-,-,-,-,4070.8000,4070.6000,4070.4000,4070.0000,4069.8000,4071.0000,4071.2000,4071.4000,4071.6000,4072.0000,7,2,7,5,2,3,1,1,1,1
SF,IF2003,2019-12-18 09:31:41.700,4071.0000,35507,-2,313625280.000,3,0,3,多平,S,4070.8000,4070.6000,4070.4000,4070.0000,4069.8000,4071.2000,4071.4000,4071.6000,4072.0000,4073.6000,7,2,7,5,2,1,1,1,1,1
SF,IF2003,2019-12-18 09:31:42.200,4071.0000,35507,0,313625280.000,0,-,-,-,-,4070.8000,4070.6000,4070.4000,4070.0000,4069.8000,4071.0000,4071.2000,4071.4000,4071.6000,4072.0000,8,2,7,5,2,1,1,1,1,2
SF,IF2003,2019-12-18 09:31:42.700,4070.8000,35506,-1,317289180.000,3,1,2,多平,S,4070.8000,4070.6000,4070.4000,4070.0000,4069.8000,4071.4000,4071.6000,4072.0000,4073.6000,4073.8000,7,2,7,5,2,1,1,2,1,1
SF,IF2003,2019-12-18 09:31:43.200,4071.0000,35505,-1,318510480.000,1,0,1,双平,S,4071.0000,4070.8000,4070.6000,4070.4000,4070.0000,4071.4000,4071.6000,4072.0000,4073.6000,4073.8000,1,7,2,7,5,1,1,2,1,1
SF,IF2003,2019-12-18 09:31:43.700,4071.6000,35503,-2,320953380.000,2,0,2,双平,S,4071.4000,4071.0000,4070.8000,4070.6000,4070.4000,4072.0000,4073.6000,4073.8000,4075.0000,4075.6000,1,1,7,2,7,2,1,1,1,1
SF,IF2003,2019-12-18 09:31:44.200,4071.6000,35502,-1,322174860.000,1,0,1,双平,S,4071.0000,4070.8000,4070.6000,4070.4000,4070.0000,4072.0000,4073.6000,4073.8000,4075.0000,4075.6000,2,7,2,7,6,2,1,1,1,1
SF,IF2003,2019-12-18 09:31:44.700,4071.6000,35502,0,322174860.000,0,-,-,-,-,4071.0000,4070.8000,4070.6000,4070.4000,4070.0000,4072.0000,4073.6000,4073.8000,4075.0000,4075.6000,2,7,2,7,6,2,1,1,1,1
SF,IF2003,2019-12-18 09:31:45.200,4071.0000,35501,-1,327060060.000,4,1,3,多平,S,4070.8000,4070.6000,4070.4000,4070.0000,4069.8000,4071.0000,4072.0000,4073.6000,4073.8000,4075.0000,7,2,7,6,2,1,2,1,1,1
SF,IF2003,2019-12-18 09:31:45.700,4071.0000,35500,-1,328281360.000,1,0,1,双平,S,4071.2000,4071.0000,4070.8000,4070.6000,4070.4000,4072.0000,4073.6000,4073.8000,4075.0000,4075.6000,4,3,7,2,7,2,1,1,1,1
SF,IF2003,2019-12-18 09:31:46.200,4071.0000,35500,0,328281360.000,0,-,-,-,-,4071.0000,4070.8000,4070.6000,4070.4000,4070.0000,4072.0000,4073.6000,4073.8000,4075.0000,4075.6000,2,7,2,7,7,2,1,1,1,1
SF,IF2003,2019-12-18 09:31:46.700,4072.0000,35500,0,331945920.000,3,1,2,多换,S,4072.0000,4071.0000,4070.8000,4070.6000,4070.4000,4073.6000,4073.8000,4075.0000,4075.6000,4076.0000,4,2,7,2,7,1,1,1,1,1
SF,IF2003,2019-12-18 09:31:47.200,4072.0000,35496,-4,336832320.000,4,0,4,双平,S,4071.0000,4070.8000,4070.6000,4070.4000,4070.0000,4072.0000,4073.0000,4073.2000,4073.4000,4073.6000,3,7,2,7,7,1,1,3,4,1
SF,IF2003,2019-12-18 09:31:47.700,4072.0000,35496,0,336832320.000,0,-,-,-,-,4071.0000,4070.8000,4070.6000,4070.4000,4070.0000,4072.0000,4073.0000,4073.2000,4073.4000,4073.6000,7,7,2,7,7,3,1,2,3,1
SF,IF2003,2019-12-18 09:31:48.200,4072.0000,35496,0,339275520.000,2,1,1,多换,S,4071.0000,4070.8000,4070.4000,4070.0000,4069.8000,4071.8000,4072.0000,4073.0000,4073.4000,4073.6000,9,7,7,8,2,3,2,1,2,1
SF,IF2003,2019-12-18 09:31:48.700,4072.0000,35496,0,339275520.000,0,-,-,-,-,4071.0000,4070.8000,4070.4000,4070.0000,4069.8000,4071.8000,4073.0000,4073.4000,4073.6000,4073.8000,9,7,7,8,3,3,1,2,1,1
SF,IF2003,2019-12-18 09:31:49.200,4071.0000,35497,1,341718420.000,2,1,1,空开,S,4071.0000,4070.8000,4070.4000,4070.0000,4069.8000,4071.8000,4073.0000,4073.4000,4073.6000,4073.8000,8,7,7,8,3,3,1,2,1,1
SF,IF2003,2019-12-18 09:31:49.700,4071.0000,35497,0,341718420.000,0,-,-,-,-,4071.4000,4071.0000,4070.8000,4070.4000,4070.0000,4071.8000,4073.0000,4073.4000,4073.6000,4073.8000,1,9,7,7,8,4,1,2,1,1
SF,IF2003,2019-12-18 09:31:50.200,4071.4000,35496,-1,342939840.000,1,0,1,双平,S,4071.4000,4071.0000,4070.8000,4070.4000,4070.0000,4071.6000,4071.8000,4073.0000,4073.4000,4073.6000,1,9,7,7,8,2,4,1,2,1
SF,IF2003,2019-12-18 09:31:50.700,4071.4000,35496,0,344161260.000,1,0,1,多换,S,4071.0000,4070.8000,4070.4000,4070.0000,4069.8000,4071.6000,4071.8000,4073.0000,4073.4000,4073.6000,9,7,7,8,3,1,4,1,2,1
SF,IF2003,2019-12-18 09:31:51.200,4071.4000,35493,-3,351489360.000,6,1,5,多平,S,4071.0000,4070.8000,4070.4000,4070.0000,4069.8000,4071.4000,4071.8000,4073.0000,4073.4000,4073.6000,5,7,7,8,3,1,4,1,2,1
SF,IF2003,2019-12-18 09:31:52.200,4071.4000,35492,-1,352710780.000,1,0,1,双平,S,4071.0000,4070.8000,4070.4000,4070.0000,4069.8000,4071.8000,4072.2000,4073.0000,4073.4000,4073.6000,6,7,7,8,3,4,1,1,2,1
SF,IF2003,2019-12-18 09:31:52.700,4071.4000,35492,0,352710780.000,0,-,-,-,-,4071.6000,4071.0000,4070.8000,4070.4000,4070.0000,4071.8000,4072.2000,4073.0000,4073.4000,4073.6000,1,6,7,7,8,4,1,1,2,1
SF,IF2003,2019-12-18 09:31:53.200,4071.6000,35491,-1,353932260.000,1,0,1,双平,S,4071.0000,4070.8000,4070.4000,4070.0000,4069.8000,4071.8000,4072.2000,4073.0000,4073.4000,4073.6000,6,7,7,8,3,4,1,1,2,1
SF,IF2003,2019-12-18 09:31:53.700,4071.0000,35491,0,355153560.000,1,0,1,多换,S,4071.0000,4070.8000,4070.4000,4070.0000,4069.8000,4071.8000,4072.2000,4073.0000,4073.4000,4073.6000,5,7,7,8,3,4,1,1,2,1
SF,IF2003,2019-12-18 09:31:54.200,4071.8000,35489,-2,358818180.000,3,0,3,多平,S,4071.8000,4071.0000,4070.8000,4070.4000,4070.0000,4072.2000,4073.0000,4073.4000,4073.6000,4073.8000,3,5,7,7,8,1,1,2,1,1
SF,IF2003,2019-12-18 09:31:55.200,4071.8000,35486,-3,362482800.000,3,0,3,双平,S,4071.8000,4071.0000,4070.8000,4070.4000,4070.0000,4072.2000,4073.0000,4073.4000,4073.6000,4073.8000,2,3,7,7,8,1,1,2,1,1
SF,IF2003,2019-12-18 09:31:55.700,4071.8000,35486,0,364925880.000,2,1,1,多换,S,4071.0000,4070.8000,4070.4000,4070.0000,4069.8000,4072.2000,4073.0000,4073.4000,4073.6000,4073.8000,3,7,7,8,3,1,1,2,1,1
SF,IF2003,2019-12-18 09:31:56.200,4071.8000,35486,0,364925880.000,0,-,-,-,-,4071.0000,4070.8000,4070.4000,4070.0000,4069.8000,4071.8000,4072.2000,4073.0000,4073.4000,4073.6000,3,7,7,18,3,1,2,1,2,1
SF,IF2003,2019-12-18 09:31:56.700,4072.2000,35485,-1,368590740.000,3,1,2,多平,S,4071.0000,4070.8000,4070.4000,4070.0000,4069.8000,4073.0000,4073.4000,4073.6000,4073.8000,4075.0000,2,7,7,18,3,1,2,1,1,1
SF,IF2003,2019-12-18 09:31:57.200,4072.2000,35485,0,368590740.000,0,-,-,-,-,4071.0000,4070.8000,4070.4000,4070.0000,4069.8000,4071.8000,4072.6000,4072.8000,4073.0000,4073.4000,3,7,7,18,3,3,2,5,1,1
SF,IF2003,2019-12-18 09:31:57.700,4072.2000,35485,0,368590740.000,0,-,-,-,-,4071.2000,4071.0000,4070.8000,4070.4000,4070.0000,4071.8000,4072.6000,4072.8000,4073.0000,4073.4000,1,3,7,7,18,3,2,4,1,1
SF,IF2003,2019-12-18 09:31:58.200,4072.2000,35485,0,371034060.000,2,1,1,多换,S,4071.2000,4071.0000,4070.8000,4070.4000,4070.0000,4071.8000,4072.6000,4072.8000,4073.0000,4073.4000,1,3,7,7,18,1,2,4,1,1
SF,IF2003,2019-12-18 09:31:59.200,4072.2000,35485,0,371034060.000,0,-,-,-,-,4071.2000,4071.0000,4070.8000,4070.4000,4070.0000,4071.8000,4072.6000,4072.8000,4073.0000,4073.4000,1,3,7,7,18,2,2,3,1,1
SF,IF2003,2019-12-18 09:32:00.200,4071.8000,35484,-1,372255600.000,1,0,1,双平,S,4071.2000,4071.0000,4070.8000,4070.4000,4070.0000,4071.8000,4072.6000,4072.8000,4073.0000,4073.4000,1,3,7,7,18,1,2,3,1,1
SF,IF2003,2019-12-18 09:32:00.700,4071.8000,35483,-1,374698500.000,2,0,2,多平,S,4071.0000,4070.8000,4070.4000,4070.0000,4069.8000,4072.6000,4072.8000,4073.0000,4073.4000,4073.6000,3,7,7,18,3,2,3,1,1,1
SF,IF2003,2019-12-18 09:32:01.200,4071.8000,35483,0,374698500.000,0,-,-,-,-,4071.0000,4070.8000,4070.4000,4070.0000,4069.8000,4072.2000,4072.4000,4072.6000,4072.8000,4073.0000,3,7,7,18,3,2,4,2,1,1
SF,IF2003,2019-12-18 09:32:01.700,4071.8000,35483,0,374698500.000,0,-,-,-,-,4071.0000,4070.8000,4070.4000,4070.0000,4069.8000,4071.2000,4071.8000,4072.0000,4072.2000,4072.4000,3,7,7,18,3,1,1,1,2,2
SF,IF2003,2019-12-18 09:32:02.200,4071.0000,35480,-3,379583700.000,4,0,4,多平,S,4070.8000,4070.4000,4070.0000,4069.8000,4069.2000,4071.0000,4071.2000,4071.8000,4072.0000,4072.4000,7,7,18,3,7,4,2,2,1,2
SF,IF2003,2019-12-18 09:32:02.700,4072.4000,35476,-4,393019740.000,11,3,8,多平,S,4072.6000,4071.8000,4070.8000,4070.4000,4070.0000,4072.8000,4073.4000,4073.6000,4073.8000,4075.0000,6,1,7,7,18,1,1,1,1,1
SF,IF2003,2019-12-18 09:32:03.200,4071.0000,35474,-2,404014560.000,9,3,6,多平,S,4071.8000,4070.8000,4070.4000,4070.0000,4069.8000,4072.2000,4072.4000,4072.6000,4073.4000,4073.6000,1,7,7,18,3,4,1,7,1,1
SF,IF2003,2019-12-18 09:32:03.700,4071.8000,35474,0,405236100.000,1,0,1,多换,S,4070.8000,4070.4000,4070.0000,4069.8000,4069.2000,4071.8000,4072.0000,4072.2000,4072.6000,4073.4000,7,7,18,3,7,6,6,1,4,1
SF,IF2003,2019-12-18 09:32:04.200,4071.8000,35474,0,405236100.000,0,-,-,-,-,4071.0000,4070.8000,4070.4000,4070.0000,4069.8000,4071.4000,4072.0000,4072.2000,4072.6000,4073.4000,2,7,7,18,3,1,5,2,2,1
SF,IF2003,2019-12-18 09:32:04.700,4071.8000,35474,0,405236100.000,0,-,-,-,-,4071.0000,4070.8000,4070.4000,4070.0000,4069.8000,4071.4000,4072.0000,4072.2000,4072.6000,4073.4000,3,7,7,18,3,1,5,2,1,1
SF,IF2003,2019-12-18 09:32:05.200,4071.8000,35474,0,406457640.000,1,0,1,多换,S,4071.8000,4071.0000,4070.8000,4070.4000,4070.0000,4072.0000,4072.2000,4072.6000,4073.4000,4073.6000,2,3,7,7,18,5,2,1,1,1
SF,IF2003,2019-12-18 09:32:05.700,4071.8000,35474,0,408900720.000,2,1,1,多换,S,4071.0000,4070.8000,4070.4000,4070.0000,4069.8000,4071.6000,4071.8000,4072.0000,4072.2000,4072.6000,2,7,7,18,3,5,6,1,2,1
SF,IF2003,2019-12-18 09:32:06.200,4071.0000,35473,-1,411343320.000,2,0,2,多平,S,4070.8000,4070.6000,4070.4000,4070.0000,4069.8000,4071.4000,4071.6000,4071.8000,4072.0000,4072.2000,7,5,7,18,3,3,4,1,1,2
SF,IF2003,2019-12-18 09:32:06.700,4071.0000,35473,0,411343320.000,0,-,-,-,-,4070.8000,4070.6000,4070.4000,4070.0000,4069.8000,4071.4000,4071.6000,4071.8000,4072.0000,4072.2000,7,5,7,18,3,3,5,1,1,2
SF,IF2003,2019-12-18 09:32:07.200,4071.0000,35473,0,411343320.000,0,-,-,-,-,4070.8000,4070.6000,4070.4000,4070.0000,4069.8000,4071.4000,4071.6000,4071.8000,4072.0000,4072.2000,8,5,7,18,3,3,5,2,1,2
SF,IF2003,2019-12-18 09:32:07.700,4071.0000,35473,0,411343320.000,0,-,-,-,-,4071.0000,4070.8000,4070.6000,4070.4000,4070.0000,4071.4000,4071.6000,4071.8000,4072.0000,4072.2000,1,8,5,7,18,3,5,2,1,2
SF,IF2003,2019-12-18 09:32:08.200,4071.4000,35473,0,412564740.000,1,0,1,多换,S,4071.0000,4070.8000,4070.6000,4070.4000,4070.0000,4071.4000,4071.6000,4071.8000,4072.0000,4072.2000,1,8,5,7,18,2,5,2,1,2
SF,IF2003,2019-12-18 09:32:09.200,4071.4000,35473,0,412564740.000,0,-,-,-,-,4071.0000,4070.8000,4070.6000,4070.4000,4070.0000,4071.4000,4071.6000,4071.8000,4072.0000,4072.2000,1,8,5,7,18,3,5,2,2,2
SF,IF2003,2019-12-18 09:32:09.700,4071.0000,35472,-1,413786040.000,1,0,1,双平,S,4071.0000,4070.8000,4070.6000,4070.4000,4070.0000,4071.4000,4071.6000,4071.8000,4072.0000,4072.2000,1,8,5,7,18,3,4,2,2,2
SF,IF2003,2019-12-18 09:32:10.200,4071.0000,35472,0,415007340.000,1,0,1,多换,S,4070.8000,4070.6000,4070.4000,4070.0000,4069.8000,4071.4000,4071.6000,4071.8000,4072.0000,4072.2000,8,5,7,18,3,3,4,2,2,2
SF,IF2003,2019-12-18 09:32:11.200,4070.8000,35472,0,421113600.000,5,2,3,多换,S,4070.8000,4070.6000,4070.4000,4070.0000,4069.8000,4071.2000,4071.4000,4071.8000,4072.0000,4072.2000,4,5,7,19,3,4,3,2,2,2
SF,IF2003,2019-12-18 09:32:12.200,4070.8000,35472,0,423556200.000,2,1,1,多换,S,4070.8000,4070.6000,4070.4000,4070.0000,4069.8000,4071.2000,4071.4000,4071.8000,4072.0000,4072.2000,4,5,7,19,3,3,3,2,2,1
SF,IF2003,2019-12-18 09:32:13.200,4070.8000,35472,0,423556200.000,0,-,-,-,-,4070.8000,4070.6000,4070.4000,4070.0000,4069.8000,4071.2000,4071.4000,4071.8000,4072.0000,4072.2000,4,5,7,19,3,3,3,2,2,1
SF,IF2003,2019-12-18 09:32:14.200,4070.8000,35470,-2,427219920.000,3,0,3,多平,S,4070.8000,4070.6000,4070.4000,4070.0000,4069.8000,4071.2000,4071.4000,4071.8000,4072.0000,4072.2000,1,5,7,19,3,4,3,2,2,1
SF,IF2003,2019-12-18 09:32:14.700,4071.2000,35470,0,432105360.000,4,2,2,多换,S,4071.2000,4070.8000,4070.6000,4070.4000,4070.0000,4071.4000,4071.8000,4072.0000,4072.2000,4072.4000,5,1,10,7,19,3,2,2,1,1
SF,IF2003,2019-12-18 09:32:15.200,4071.2000,35470,0,435769440.000,3,1,2,多换,S,4071.2000,4070.8000,4070.6000,4070.4000,4070.0000,4071.4000,4071.8000,4072.0000,4072.2000,4072.4000,3,1,11,7,19,3,1,2,1,1
SF,IF2003,2019-12-18 09:32:15.700,4071.2000,35470,0,436990800.000,1,0,1,多换,S,4071.2000,4070.8000,4070.6000,4070.4000,4070.0000,4071.4000,4071.8000,4072.0000,4072.2000,4072.4000,2,1,11,7,19,3,1,2,1,1
SF,IF2003,2019-12-18 09:32:16.200,4071.2000,35469,-1,439433520.000,2,0,2,多平,S,4070.8000,4070.6000,4070.4000,4070.0000,4069.8000,4071.2000,4071.4000,4071.6000,4071.8000,4072.0000,1,11,7,19,3,2,3,3,1,2
SF,IF2003,2019-12-18 09:32:16.700,4071.2000,35469,0,439433520.000,0,-,-,-,-,4070.8000,4070.6000,4070.4000,4070.0000,4069.8000,4071.2000,4071.4000,4071.6000,4071.8000,4072.0000,1,11,7,19,3,1,3,3,1,2
SF,IF2003,2019-12-18 09:32:17.200,4070.8000,35468,-1,440654760.000,1,0,1,双平,S,4071.0000,4070.8000,4070.6000,4070.4000,4070.0000,4071.2000,4071.4000,4071.6000,4071.8000,4072.0000,1,1,11,7,19,1,3,3,1,2
SF,IF2003,2019-12-18 09:32:18.200,4071.0000,35468,0,441876060.000,1,0,1,多换,S,4071.0000,4070.8000,4070.6000,4070.4000,4070.0000,4071.2000,4071.4000,4071.6000,4071.8000,4072.0000,5,1,11,7,19,1,3,3,1,2
SF,IF2003,2019-12-18 09:32:18.700,4071.0000,35468,0,443097360.000,1,0,1,多换,S,4071.0000,4070.8000,4070.6000,4070.4000,4070.0000,4071.2000,4071.4000,4071.6000,4071.8000,4072.0000,4,1,11,7,19,1,3,3,1,2
SF,IF2003,2019-12-18 09:32:19.200,4071.0000,35468,0,443097360.000,0,-,-,-,-,4071.0000,4070.8000,4070.6000,4070.4000,4070.0000,4071.2000,4071.4000,4071.6000,4071.8000,4072.0000,4,1,11,7,19,2,3,3,1,2
SF,IF2003,2019-12-18 09:32:19.700,4071.2000,35468,0,444318720.000,1,0,1,多换,S,4071.0000,4070.8000,4070.6000,4070.4000,4070.0000,4071.2000,4071.4000,4071.6000,4072.0000,4072.2000,4,1,11,7,19,1,3,3,2,1
SF,IF2003,2019-12-18 09:32:20.200,4071.2000,35467,-1,445540080.000,1,0,1,双平,S,4071.0000,4070.8000,4070.6000,4070.4000,4070.0000,4071.4000,4071.6000,4072.0000,4072.2000,4072.4000,4,1,6,7,19,3,3,2,1,1
SF,IF2003,2019-12-18 09:32:20.700,4070.8000,35466,-1,451646520.000,5,2,3,多平,S,4070.6000,4070.4000,4070.0000,4069.8000,4069.2000,4071.4000,4071.6000,4072.0000,4072.2000,4072.4000,6,7,19,3,7,1,3,2,1,1
SF,IF2003,2019-12-18 09:32:21.200,4071.0000,35466,0,452867820.000,1,0,1,多换,S,4071.2000,4070.6000,4070.4000,4070.0000,4069.8000,4071.4000,4071.6000,4072.0000,4072.2000,4072.4000,1,6,7,19,3,1,3,3,1,1
SF,IF2003,2019-12-18 09:32:21.700,4071.2000,35464,-2,456532020.000,3,0,3,多平,S,4071.0000,4070.6000,4070.4000,4070.0000,4069.8000,4071.6000,4072.0000,4072.2000,4072.4000,4073.4000,1,6,7,19,3,3,3,1,1,1
SF,IF2003,2019-12-18 09:32:22.200,4071.2000,35464,0,456532020.000,0,-,-,-,-,4071.2000,4071.0000,4070.6000,4070.4000,4070.0000,4072.0000,4072.2000,4072.4000,4073.4000,4073.6000,1,1,6,7,19,3,1,1,1,1
SF,IF2003,2019-12-18 09:32:22.700,4071.2000,35464,0,456532020.000,0,-,-,-,-,4071.2000,4071.0000,4070.6000,4070.4000,4070.0000,4071.8000,4072.0000,4072.2000,4072.4000,4073.4000,2,2,6,7,19,1,3,1,1,1
SF,IF2003,2019-12-18 09:32:23.200,4071.2000,35464,0,456532020.000,0,-,-,-,-,4071.2000,4071.0000,4070.6000,4070.4000,4070.0000,4072.0000,4072.2000,4072.4000,4073.4000,4073.6000,2,2,6,7,19,3,1,1,1,1
SF,IF2003,2019-12-18 09:32:23.700,4071.2000,35464,0,456532020.000,0,-,-,-,-,4071.2000,4071.0000,4070.6000,4070.4000,4070.0000,4072.0000,4072.2000,4073.4000,4073.6000,4073.8000,2,2,6,7,19,3,1,1,1,1
SF,IF2003,2019-12-18 09:32:24.200,4072.0000,35461,-3,460196580.000,3,0,3,双平,S,4071.2000,4071.0000,4070.6000,4070.4000,4070.0000,4072.0000,4072.2000,4073.4000,4073.6000,4073.8000,2,2,6,7,19,1,1,1,1,1
SF,IF2003,2019-12-18 09:32:24.700,4072.0000,35461,0,461418180.000,1,0,1,多换,S,4071.2000,4071.0000,4070.6000,4070.4000,4070.0000,4072.2000,4073.4000,4073.6000,4073.8000,4074.4000,2,3,6,7,19,1,1,1,1,1
SF,IF2003,2019-12-18 09:32:25.200,4072.0000,35461,0,461418180.000,0,-,-,-,-,4071.4000,4071.2000,4071.0000,4070.6000,4070.4000,4072.2000,4073.4000,4073.6000,4073.8000,4074.4000,1,2,3,6,7,1,1,1,1,1
SF,IF2003,2019-12-18 09:32:25.700,4072.2000,35460,-1,463861500.000,2,0,2,多平,S,4072.2000,4071.4000,4071.2000,4071.0000,4070.6000,4073.4000,4073.6000,4073.8000,4074.4000,4075.0000,4,4,1,3,6,1,1,1,1,1
SF,IF2003,2019-12-18 09:32:26.200,4072.2000,35460,0,463861500.000,0,-,-,-,-,4072.4000,4072.2000,4071.4000,4071.2000,4071.0000,4073.2000,4073.4000,4073.6000,4073.8000,4074.4000,1,4,1,1,2,4,1,1,1,1
SF,IF2003,2019-12-18 09:32:26.700,4072.2000,35460,0,463861500.000,0,-,-,-,-,4072.4000,4072.2000,4071.4000,4071.2000,4071.0000,4073.0000,4073.2000,4073.4000,4073.6000,4073.8000,1,4,1,1,2,1,2,1,1,1
SF,IF2003,2019-12-18 09:32:27.200,4073.0000,35460,0,465083400.000,1,0,1,多换,S,4072.4000,4072.2000,4071.4000,4071.2000,4071.0000,4073.2000,4073.4000,4073.6000,4073.8000,4074.0000,2,4,1,1,2,1,1,1,1,1
SF,IF2003,2019-12-18 09:32:28.200,4072.4000,35460,0,466305120.000,1,0,1,多换,S,4072.4000,4072.2000,4071.4000,4071.2000,4071.0000,4073.0000,4073.2000,4073.4000,4073.6000,4073.8000,1,4,1,1,2,3,1,1,1,1
SF,IF2003,2019-12-18 09:32:28.700,4072.4000,35460,0,467526840.000,1,0,1,多换,S,4072.2000,4071.4000,4071.2000,4071.0000,4070.6000,4072.4000,4073.0000,4073.2000,4073.4000,4073.6000,4,1,1,2,5,2,1,1,1,1
SF,IF2003,2019-12-18 09:32:29.200,4072.4000,35460,0,469970280.000,2,1,1,多换,S,4072.2000,4071.4000,4071.2000,4071.0000,4070.6000,4073.0000,4073.4000,4073.6000,4073.8000,4074.0000,4,1,1,2,5,1,1,1,1,1
SF,IF2003,2019-12-18 09:32:29.700,4072.4000,35460,0,469970280.000,0,-,-,-,-,4072.2000,4071.4000,4071.2000,4071.0000,4070.6000,4073.0000,4073.4000,4073.6000,4073.8000,4074.0000,4,1,1,2,5,2,1,1,1,1
SF,IF2003,2019-12-18 09:32:30.200,4072.4000,35460,0,469970280.000,0,-,-,-,-,4072.2000,4071.4000,4071.2000,4071.0000,4070.6000,4072.8000,4073.0000,4073.4000,4073.6000,4073.8000,4,1,1,2,5,1,1,1,1,1
SF,IF2003,2019-12-18 09:32:30.700,4072.2000,35458,-2,472413720.000,2,0,2,双平,S,4072.4000,4072.2000,4071.4000,4071.2000,4071.0000,4072.8000,4073.0000,4073.4000,4073.6000,4073.8000,2,3,1,1,2,1,1,1,1,1
SF,IF2003,2019-12-18 09:32:31.200,4072.2000,35458,0,472413720.000,0,-,-,-,-,4072.4000,4072.2000,4071.4000,4071.2000,4071.0000,4072.6000,4072.8000,4073.0000,4073.4000,4073.6000,2,3,1,1,2,1,1,1,1,1
SF,IF2003,2019-12-18 09:32:31.700,4072.6000,35457,-1,473635500.000,1,0,1,双平,S,4072.4000,4072.2000,4071.4000,4071.2000,4071.0000,4072.8000,4073.0000,4073.2000,4073.4000,4073.6000,2,3,1,1,2,1,1,1,1,1
SF,IF2003,2019-12-18 09:32:32.200,4072.8000,35456,-1,474857340.000,1,0,1,双平,S,4072.4000,4072.2000,4071.4000,4071.2000,4071.0000,4073.0000,4073.2000,4073.4000,4073.6000,4073.8000,3,3,1,1,2,1,1,1,1,1
SF,IF2003,2019-12-18 09:32:32.700,4072.4000,35458,2,478522500.000,3,2,1,空开,S,4072.8000,4072.2000,4071.4000,4071.2000,4071.0000,4073.0000,4073.2000,4073.4000,4073.6000,4073.8000,8,3,1,1,2,1,1,1,1,1
SF,IF2003,2019-12-18 09:32:33.200,4072.8000,35457,-1,479744340.000,1,0,1,双平,S,4072.8000,4072.2000,4071.4000,4071.2000,4071.0000,4073.0000,4073.2000,4073.4000,4073.6000,4073.8000,7,3,1,1,2,1,1,1,1,1
SF,IF2003,2019-12-18 09:32:33.700,4072.8000,35452,-5,485853540.000,5,0,5,双平,S,4072.8000,4072.2000,4071.4000,4071.2000,4071.0000,4073.0000,4073.2000,4073.4000,4073.6000,4073.8000,2,3,1,1,2,1,1,1,1,1
SF,IF2003,2019-12-18 09:32:34.200,4072.8000,35451,-1,488297220.000,2,0,2,多平,S,4072.2000,4071.4000,4071.2000,4071.0000,4070.6000,4072.4000,4073.0000,4073.2000,4073.4000,4073.6000,3,1,1,2,5,2,2,1,1,1
SF,IF2003,2019-12-18 09:32:34.700,4072.2000,35450,-1,490740600.000,2,0,2,多平,S,4072.2000,4071.2000,4071.0000,4070.6000,4070.4000,4072.4000,4072.8000,4073.0000,4073.2000,4073.4000,2,1,2,5,7,1,1,2,1,1
SF,IF2003,2019-12-18 09:32:35.200,4072.2000,35448,-2,493183920.000,2,0,2,双平,S,4071.2000,4071.0000,4070.6000,4070.4000,4070.2000,4072.2000,4072.4000,4073.0000,4073.2000,4073.4000,1,2,5,7,1,1,1,2,1,1
SF,IF2003,2019-12-18 09:32:35.700,4072.4000,35449,1,494405640.000,1,1,0,双开,S,4071.4000,4071.2000,4071.0000,4070.6000,4070.4000,4072.2000,4073.0000,4073.2000,4073.4000,4073.6000,2,1,2,5,7,3,2,1,1,1
SF,IF2003,2019-12-18 09:32:36.200,4072.4000,35449,0,494405640.000,0,-,-,-,-,4071.4000,4071.2000,4071.0000,4070.6000,4070.4000,4072.2000,4073.0000,4073.2000,4073.4000,4073.6000,1,1,2,5,7,3,2,1,1,1
SF,IF2003,2019-12-18 09:32:36.700,4072.4000,35449,0,494405640.000,0,-,-,-,-,4071.4000,4071.2000,4071.0000,4070.6000,4070.4000,4072.2000,4072.4000,4073.0000,4073.2000,4073.4000,1,1,2,5,7,3,1,2,1,1
SF,IF2003,2019-12-18 09:32:37.200,4071.6000,35449,0,498070080.000,3,1,2,多换,S,4071.4000,4071.2000,4071.0000,4070.6000,4070.4000,4072.2000,4072.4000,4073.0000,4073.2000,4073.4000,3,1,2,5,7,3,1,2,1,1
SF,IF2003,2019-12-18 09:32:37.700,4071.6000,35449,0,498070080.000,0,-,-,-,-,4071.6000,4071.4000,4071.2000,4071.0000,4070.6000,4072.2000,4073.0000,4073.2000,4073.4000,4073.6000,1,3,1,12,5,3,2,1,1,1
SF,IF2003,2019-12-18 09:32:38.200,4071.6000,35449,0,498070080.000,0,-,-,-,-,4071.8000,4071.4000,4071.2000,4071.0000,4070.6000,4072.2000,4073.0000,4073.2000,4073.4000,4073.6000,1,2,1,12,5,3,2,1,1,1
SF,IF2003,2019-12-18 09:32:38.700,4072.2000,35446,-3,501735060.000,3,0,3,双平,S,4071.8000,4071.4000,4071.2000,4071.0000,4070.6000,4073.0000,4073.2000,4073.4000,4073.6000,4073.8000,1,2,1,12,5,2,1,1,1,1
SF,IF2003,2019-12-18 09:32:39.200,4072.2000,35446,0,501735060.000,0,-,-,-,-,4071.8000,4071.4000,4071.2000,4071.0000,4070.6000,4072.2000,4073.0000,4073.2000,4073.4000,4073.6000,2,1,1,12,5,1,2,1,1,1
SF,IF2003,2019-12-18 09:32:39.700,4072.2000,35445,-1,502956720.000,1,0,1,双平,S,4072.2000,4071.8000,4071.4000,4071.2000,4071.0000,4072.6000,4073.0000,4073.2000,4073.4000,4073.6000,3,1,1,1,12,1,2,1,1,1
SF,IF2003,2019-12-18 09:32:40.200,4072.2000,35445,0,504178380.000,1,0,1,多换,S,4072.2000,4071.8000,4071.4000,4071.2000,4071.0000,4072.6000,4073.0000,4073.2000,4073.4000,4073.6000,2,1,1,1,12,1,2,1,1,1
SF,IF2003,2019-12-18 09:32:40.700,4072.2000,35446,1,507843360.000,3,2,1,空开,S,4071.8000,4071.4000,4071.2000,4071.0000,4070.6000,4072.2000,4072.6000,4072.8000,4073.0000,4073.2000,1,1,1,11,5,2,1,1,3,1
SF,IF2003,2019-12-18 09:32:41.200,4072.2000,35446,0,507843360.000,0,-,-,-,-,4071.8000,4071.4000,4071.2000,4071.0000,4070.6000,4072.2000,4072.6000,4072.8000,4073.0000,4073.2000,1,1,1,11,5,3,1,1,3,1
SF,IF2003,2019-12-18 09:32:42.200,4072.2000,35446,0,507843360.000,0,-,-,-,-,4071.8000,4071.4000,4071.2000,4071.0000,4070.6000,4072.2000,4072.6000,4072.8000,4073.0000,4073.2000,2,1,1,11,5,2,1,1,3,1
SF,IF2003,2019-12-18 09:32:42.700,4072.2000,35446,0,510286680.000,2,1,1,多换,S,4072.2000,4071.8000,4071.4000,4071.2000,4071.0000,4072.6000,4072.8000,4073.0000,4073.2000,4073.4000,2,1,1,1,11,1,1,3,1,1
SF,IF2003,2019-12-18 09:32:43.200,4072.2000,35447,1,511508340.000,1,1,0,双开,S,4072.0000,4071.8000,4071.4000,4071.2000,4071.0000,4072.6000,4072.8000,4073.0000,4073.2000,4073.4000,2,1,1,1,11,1,1,3,1,1
SF,IF2003,2019-12-18 09:32:43.700,4072.2000,35447,0,511508340.000,0,-,-,-,-,4072.0000,4071.8000,4071.4000,4071.2000,4071.0000,4072.2000,4072.6000,4072.8000,4073.0000,4073.2000,2,1,1,1,11,1,1,1,3,1
SF,IF2003,2019-12-18 09:32:44.200,4072.0000,35448,1,516394920.000,4,2,2,空开,S,4072.0000,4071.8000,4071.4000,4071.2000,4071.0000,4072.6000,4072.8000,4073.0000,4073.2000,4073.4000,1,1,1,1,11,2,1,3,1,1
SF,IF2003,2019-12-18 09:32:44.700,4072.0000,35448,0,516394920.000,0,-,-,-,-,4072.0000,4071.8000,4071.4000,4071.2000,4071.0000,4072.4000,4072.6000,4072.8000,4073.0000,4073.2000,1,1,1,1,11,1,2,1,3,1
SF,IF2003,2019-12-18 09:32:45.200,4072.4000,35447,-1,517616640.000,1,0,1,双平,S,4072.0000,4071.8000,4071.4000,4071.2000,4071.0000,4072.2000,4072.4000,4072.6000,4072.8000,4073.0000,1,1,1,1,11,1,1,2,1,3
SF,IF2003,2019-12-18 09:32:45.700,4072.2000,35446,-1,518838300.000,1,0,1,双平,S,4072.0000,4071.8000,4071.4000,4071.2000,4071.0000,4072.4000,4072.6000,4072.8000,4073.0000,4073.2000,1,1,1,1,11,1,2,1,3,1
SF,IF2003,2019-12-18 09:32:46.200,4072.4000,35445,-1,520060020.000,1,0,1,双平,S,4072.0000,4071.8000,4071.4000,4071.2000,4071.0000,4072.6000,4072.8000,4073.0000,4073.2000,4073.4000,2,1,1,1,11,2,1,3,1,1
SF,IF2003,2019-12-18 09:32:46.700,4072.4000,35445,0,520060020.000,0,-,-,-,-,4072.0000,4071.8000,4071.4000,4071.2000,4071.0000,4072.6000,4072.8000,4073.0000,4073.2000,4073.4000,2,1,1,1,11,2,1,3,1,1
SF,IF2003,2019-12-18 09:32:47.200,4072.2000,35442,-3,523725000.000,3,0,3,双平,S,4072.0000,4071.8000,4071.4000,4071.2000,4071.0000,4072.6000,4072.8000,4073.0000,4073.2000,4073.4000,3,1,1,1,11,2,1,3,1,1
SF,IF2003,2019-12-18 09:32:47.700,4072.0000,35444,2,527389800.000,3,2,1,空开,S,4072.4000,4071.8000,4071.4000,4071.2000,4071.0000,4072.6000,4072.8000,4073.0000,4073.2000,4073.4000,1,1,1,1,11,2,1,3,1,1
SF,IF2003,2019-12-18 09:32:48.200,4072.8000,35442,-2,531055200.000,3,0,3,多平,S,4072.6000,4072.4000,4071.8000,4071.4000,4071.2000,4073.0000,4073.2000,4073.4000,4073.6000,4073.8000,3,1,1,1,1,3,1,1,1,1
SF,IF2003,2019-12-18 09:32:48.700,4072.8000,35437,-5,537164580.000,5,0,5,双平,S,4072.6000,4072.4000,4071.8000,4071.4000,4071.2000,4073.2000,4073.4000,4073.6000,4073.8000,4074.4000,3,1,1,1,1,1,1,1,1,1
SF,IF2003,2019-12-18 09:32:49.200,4072.8000,35437,0,537164580.000,0,-,-,-,-,4072.8000,4072.6000,4072.4000,4071.8000,4071.4000,4073.0000,4073.2000,4073.4000,4073.6000,4073.8000,1,3,1,1,1,1,1,1,1,1
SF,IF2003,2019-12-18 09:32:49.700,4073.0000,35436,-1,538386480.000,1,0,1,双平,S,4073.0000,4072.8000,4072.6000,4072.4000,4071.8000,4073.2000,4073.4000,4073.6000,4073.8000,4074.4000,1,1,3,1,1,1,1,1,1,1
SF,IF2003,2019-12-18 09:32:50.200,4073.2000,35435,-1,539608440.000,1,0,1,双平,S,4072.8000,4072.6000,4072.4000,4071.8000,4071.4000,4073.4000,4073.6000,4073.8000,4074.4000,4075.0000,1,3,1,1,1,1,1,1,1,1
SF,IF2003,2019-12-18 09:32:50.700,4073.4000,35434,-1,540830460.000,1,0,1,双平,S,4073.2000,4072.8000,4072.6000,4072.4000,4071.8000,4073.6000,4073.8000,4074.4000,4075.0000,4075.6000,2,1,2,1,1,1,1,1,1,1
SF,IF2003,2019-12-18 09:32:51.700,4073.6000,35434,0,542052540.000,1,0,1,多换,S,4073.2000,4072.8000,4072.6000,4072.4000,4071.8000,4073.8000,4074.4000,4075.0000,4075.6000,4076.0000,2,1,2,1,1,1,1,1,1,1
SF,IF2003,2019-12-18 09:32:52.200,4073.2000,35436,2,545718420.000,3,2,1,空开,S,4072.8000,4072.6000,4072.4000,4071.8000,4071.4000,4073.8000,4074.4000,4075.0000,4075.6000,4076.0000,1,2,1,1,1,1,1,1,2,1
SF,IF2003,2019-12-18 09:32:52.700,4073.2000,35436,0,545718420.000,0,-,-,-,-,4073.0000,4072.8000,4072.6000,4072.4000,4071.8000,4073.8000,4074.4000,4075.0000,4075.6000,4076.0000,3,1,2,1,1,1,1,1,2,1
SF,IF2003,2019-12-18 09:32:53.200,4073.2000,35436,0,545718420.000,0,-,-,-,-,4073.6000,4073.0000,4072.8000,4072.6000,4072.4000,4073.8000,4074.4000,4075.0000,4075.6000,4076.0000,2,1,2,2,1,1,1,1,2,1
SF,IF2003,2019-12-18 09:32:53.700,4073.2000,35436,0,545718420.000,0,-,-,-,-,4073.6000,4072.8000,4072.6000,4072.4000,4071.8000,4073.8000,4074.4000,4075.0000,4075.6000,4076.0000,2,2,2,1,1,1,1,1,2,1
SF,IF2003,2019-12-18 09:32:54.200,4073.8000,35437,1,546940560.000,1,1,0,双开,S,4073.6000,4072.8000,4072.6000,4072.4000,4071.8000,4073.8000,4074.4000,4075.0000,4075.6000,4076.0000,2,2,2,1,1,1,1,1,2,1
SF,IF2003,2019-12-18 09:32:54.700,4073.8000,35436,-1,548162700.000,1,0,1,双平,S,4073.6000,4072.8000,4072.6000,4072.4000,4071.8000,4074.4000,4075.0000,4075.6000,4076.0000,4078.0000,2,2,2,1,1,1,1,2,1,2
SF,IF2003,2019-12-18 09:32:55.200,4073.6000,35436,0,550606860.000,2,1,1,多换,S,4072.8000,4072.6000,4072.4000,4071.8000,4071.4000,4074.4000,4075.0000,4075.6000,4076.0000,4078.0000,2,2,1,1,1,1,1,2,1,2
SF,IF2003,2019-12-18 09:32:55.700,4072.8000,35436,0,554272440.000,3,1,2,多换,S,4072.6000,4072.4000,4071.8000,4071.4000,4071.2000,4074.2000,4074.4000,4075.0000,4075.6000,4076.0000,2,1,1,1,1,3,1,1,2,1
SF,IF2003,2019-12-18 09:32:56.200,4072.8000,35436,0,554272440.000,0,-,-,-,-,4072.8000,4072.6000,4072.4000,4071.8000,4071.4000,4074.0000,4074.2000,4074.4000,4075.0000,4075.6000,2,2,1,1,1,2,3,2,1,2
SF,IF2003,2019-12-18 09:32:56.700,4072.8000,35436,0,554272440.000,0,-,-,-,-,4072.6000,4072.4000,4071.8000,4071.4000,4071.2000,4073.8000,4074.0000,4074.2000,4074.4000,4075.0000,2,1,1,1,1,1,1,1,2,1
SF,IF2003,2019-12-18 09:32:57.200,4072.8000,35436,0,554272440.000,0,-,-,-,-,4072.8000,4072.6000,4072.4000,4071.8000,4071.4000,4073.6000,4073.8000,4074.4000,4075.0000,4075.6000,3,2,1,1,1,2,1,2,1,2
SF,IF2003,2019-12-18 09:32:57.700,4072.8000,35436,0,554272440.000,0,-,-,-,-,4072.8000,4072.6000,4072.4000,4071.8000,4071.4000,4073.6000,4073.8000,4074.4000,4075.0000,4075.6000,1,2,2,1,1,2,1,2,1,2
SF,IF2003,2019-12-18 09:32:58.200,4072.8000,35436,0,554272440.000,0,-,-,-,-,4072.8000,4072.6000,4072.4000,4071.8000,4071.4000,4073.6000,4073.8000,4074.4000,4075.0000,4075.6000,1,2,2,1,1,1,1,2,1,2
SF,IF2003,2019-12-18 09:32:59.200,4072.8000,35436,0,554272440.000,0,-,-,-,-,4072.8000,4072.6000,4072.4000,4071.8000,4071.4000,4073.6000,4073.8000,4074.4000,4075.0000,4075.6000,1,2,2,2,1,2,1,2,1,2
SF,IF2003,2019-12-18 09:32:59.700,4072.8000,35436,0,555494280.000,1,0,1,多换,S,4072.6000,4072.4000,4071.8000,4071.4000,4071.2000,4072.8000,4073.4000,4073.6000,4073.8000,4074.4000,2,2,2,1,1,3,1,2,1,2
SF,IF2003,2019-12-18 09:33:00.200,4072.8000,35435,-1,560381640.000,4,1,3,多平,S,4072.6000,4072.4000,4071.8000,4071.4000,4071.2000,4073.4000,4073.6000,4073.8000,4074.4000,4075.0000,4,2,2,1,1,1,2,1,2,1
SF,IF2003,2019-12-18 09:33:00.700,4072.8000,35435,0,560381640.000,0,-,-,-,-,4072.8000,4072.6000,4072.4000,4071.8000,4071.4000,4073.2000,4073.4000,4073.6000,4073.8000,4074.4000,1,4,2,2,1,1,3,1,1,2
SF,IF2003,2019-12-18 09:33:01.200,4073.0000,35434,-1,562825380.000,2,0,2,多平,S,4072.6000,4072.4000,4071.8000,4071.4000,4071.2000,4073.2000,4073.4000,4073.6000,4073.8000,4074.4000,3,2,2,1,1,1,3,1,1,2
SF,IF2003,2019-12-18 09:33:01.700,4072.4000,35432,-2,568934160.000,5,1,4,多平,S,4071.8000,4071.4000,4071.2000,4071.0000,4070.6000,4072.4000,4072.6000,4072.8000,4073.2000,4073.4000,2,1,1,12,6,1,2,1,2,3
SF,IF2003,2019-12-18 09:33:02.200,4071.8000,35428,-4,573820680.000,4,0,4,双平,S,4071.4000,4071.2000,4071.0000,4070.6000,4070.4000,4072.4000,4072.8000,4073.2000,4073.4000,4073.6000,1,1,12,6,7,3,1,2,3,1
SF,IF2003,2019-12-18 09:33:02.700,4072.2000,35428,0,575042340.000,1,0,1,多换,S,4072.4000,4071.4000,4071.2000,4071.0000,4070.6000,4073.6000,4074.4000,4075.0000,4075.6000,4076.0000,1,1,1,12,6,1,2,1,2,1
SF,IF2003,2019-12-18 09:33:03.200,4072.4000,35429,1,577485780.000,2,1,1,空开,S,4071.6000,4071.4000,4071.2000,4071.0000,4070.6000,4072.4000,4073.4000,4073.6000,4074.4000,4075.0000,2,1,1,12,6,2,5,2,1,1
SF,IF2003,2019-12-18 09:33:03.700,4072.4000,35430,1,579929220.000,2,1,1,空开,S,4072.4000,4071.8000,4071.4000,4071.2000,4071.0000,4073.4000,4073.6000,4074.4000,4075.0000,4075.6000,1,2,1,1,12,2,2,1,1,2
SF,IF2003,2019-12-18 09:33:04.200,4073.6000,35427,-3,584817120.000,4,0,4,多平,S,4073.6000,4072.4000,4071.8000,4071.4000,4071.2000,4074.4000,4075.0000,4075.6000,4076.0000,4078.0000,7,1,1,1,1,1,1,2,1,2
SF,IF2003,2019-12-18 09:33:04.700,4073.6000,35422,-5,594593760.000,8,1,7,多平,S,4071.4000,4071.2000,4071.0000,4070.6000,4070.4000,4073.2000,4073.6000,4074.2000,4074.4000,4075.0000,1,1,12,6,7,1,3,4,1,1
SF,IF2003,2019-12-18 09:33:05.200,4073.2000,35421,-1,595815720.000,1,0,1,双平,S,4072.2000,4072.0000,4071.8000,4071.6000,4071.4000,4073.6000,4074.2000,4074.4000,4075.0000,4075.6000,1,1,2,3,5,1,2,1,1,2
SF,IF2003,2019-12-18 09:33:05.700,4072.4000,35421,0,597037440.000,1,0,1,多换,S,4072.4000,4072.2000,4072.0000,4071.8000,4071.6000,4073.4000,4073.6000,4074.2000,4074.4000,4075.0000,1,1,1,2,1,1,1,1,1,4
SF,IF2003,2019-12-18 09:33:06.200,4072.4000,35421,0,597037440.000,0,-,-,-,-,4072.2000,4072.0000,4071.6000,4071.4000,4071.2000,4073.2000,4073.6000,4074.0000,4074.2000,4074.4000,1,1,1,5,1,1,1,1,1,1
SF,IF2003,2019-12-18 09:33:06.700,4072.2000,35421,0,598259100.000,1,0,1,多换,S,4072.0000,4071.6000,4071.4000,4071.2000,4071.0000,4072.2000,4073.2000,4073.6000,4074.0000,4074.2000,1,1,5,1,12,2,2,1,1,1
SF,IF2003,2019-12-18 09:33:07.200,4072.2000,35421,0,600702420.000,2,1,1,多换,S,4072.4000,4072.2000,4071.6000,4071.4000,4071.2000,4073.2000,4073.6000,4074.0000,4074.2000,4074.4000,2,4,1,5,1,1,1,1,1,1
SF,IF2003,2019-12-18 09:33:07.700,4072.2000,35421,0,600702420.000,0,-,-,-,-,4072.2000,4071.6000,4071.4000,4071.2000,4071.0000,4073.6000,4074.0000,4074.2000,4074.4000,4075.0000,3,1,5,2,12,1,1,1,1,4
SF,IF2003,2019-12-18 09:33:08.200,4072.2000,35421,0,600702420.000,0,-,-,-,-,4072.4000,4072.2000,4071.6000,4071.4000,4071.2000,4073.4000,4073.6000,4074.0000,4074.2000,4074.4000,1,3,1,5,2,3,1,1,1,1
SF,IF2003,2019-12-18 09:33:08.700,4072.2000,35421,0,601924080.000,1,0,1,多换,S,4072.2000,4071.6000,4071.4000,4071.2000,4071.0000,4073.4000,4073.6000,4074.0000,4074.2000,4074.4000,3,1,5,2,12,3,1,1,1,1
SF,IF2003,2019-12-18 09:33:09.200,4072.2000,35421,0,601924080.000,0,-,-,-,-,4072.2000,4071.6000,4071.4000,4071.2000,4071.0000,4073.2000,4073.4000,4073.6000,4074.0000,4074.2000,3,1,5,2,12,1,3,1,1,1
SF,IF2003,2019-12-18 09:33:09.700,4072.2000,35421,0,601924080.000,0,-,-,-,-,4072.2000,4071.6000,4071.4000,4071.2000,4071.0000,4073.0000,4073.2000,4073.4000,4073.6000,4074.0000,3,1,5,2,12,1,1,2,1,1
SF,IF2003,2019-12-18 09:33:10.200,4072.8000,35421,0,603145920.000,1,0,1,多换,S,4072.2000,4071.6000,4071.4000,4071.2000,4071.0000,4073.0000,4073.6000,4074.0000,4074.2000,4074.4000,3,1,5,2,12,2,1,1,1,1
SF,IF2003,2019-12-18 09:33:10.700,4073.6000,35421,0,609255480.000,5,2,3,多换,S,4072.2000,4071.6000,4071.4000,4071.2000,4071.0000,4074.0000,4074.2000,4074.4000,4075.0000,4075.6000,3,1,5,2,12,1,1,1,4,2
SF,IF2003,2019-12-18 09:33:11.200,4072.4000,35421,0,610477200.000,1,0,1,多换,S,4071.4000,4071.2000,4071.0000,4070.6000,4070.4000,4072.2000,4073.6000,4073.8000,4074.0000,4074.2000,4,2,12,6,7,2,1,7,3,1
SF,IF2003,2019-12-18 09:33:11.700,4072.4000,35421,0,610477200.000,0,-,-,-,-,4071.4000,4071.2000,4071.0000,4070.6000,4070.4000,4072.0000,4072.2000,4073.4000,4073.6000,4073.8000,4,2,12,6,7,1,2,1,3,5
SF,IF2003,2019-12-18 09:33:12.200,4072.0000,35422,1,611698800.000,1,1,0,双开,S,4071.4000,4071.2000,4071.0000,4070.6000,4070.4000,4072.2000,4073.4000,4073.6000,4073.8000,4074.0000,1,2,12,6,7,2,1,1,5,2
SF,IF2003,2019-12-18 09:33:12.700,4072.0000,35422,0,611698800.000,0,-,-,-,-,4072.0000,4071.4000,4071.2000,4071.0000,4070.6000,4072.2000,4073.0000,4073.4000,4073.6000,4073.8000,10,2,2,12,6,2,1,1,2,5
SF,IF2003,2019-12-18 09:33:13.200,4072.2000,35422,0,612920460.000,1,0,1,多换,S,4072.0000,4071.4000,4071.2000,4071.0000,4070.6000,4072.2000,4073.0000,4073.4000,4073.6000,4073.8000,10,2,2,12,6,1,1,1,2,6
SF,IF2003,2019-12-18 09:33:13.700,4072.0000,35422,0,619028460.000,5,2,3,多换,S,4072.0000,4071.4000,4071.2000,4071.0000,4070.6000,4072.2000,4073.0000,4073.4000,4073.6000,4073.8000,5,2,2,12,6,1,1,1,2,6
SF,IF2003,2019-12-18 09:33:14.700,4072.2000,35422,0,620250120.000,1,0,1,多换,S,4072.2000,4072.0000,4071.4000,4071.2000,4071.0000,4073.0000,4073.4000,4073.6000,4073.8000,4074.0000,9,5,2,2,12,1,1,2,6,1
SF,IF2003,2019-12-18 09:33:15.200,4072.2000,35422,0,620250120.000,0,-,-,-,-,4072.4000,4072.2000,4072.0000,4071.4000,4071.2000,4072.8000,4073.0000,4073.4000,4073.6000,4073.8000,1,10,5,2,2,4,1,1,2,3
SF,IF2003,2019-12-18 09:33:15.700,4072.2000,35419,-3,626358600.000,5,1,4,多平,S,4072.2000,4072.0000,4071.4000,4071.2000,4071.0000,4072.6000,4072.8000,4073.4000,4073.6000,4073.8000,7,5,2,2,12,2,2,1,2,3
SF,IF2003,2019-12-18 09:33:16.200,4072.2000,35416,-3,633688560.000,6,1,5,多平,S,4072.2000,4072.0000,4071.4000,4071.2000,4071.0000,4072.6000,4072.8000,4073.4000,4073.6000,4073.8000,1,5,2,2,12,2,1,1,1,3
SF,IF2003,2019-12-18 09:33:16.700,4072.2000,35416,0,634910220.000,1,0,1,多换,S,4072.0000,4071.4000,4071.2000,4071.0000,4070.8000,4072.6000,4072.8000,4073.4000,4073.6000,4073.8000,5,2,2,12,1,2,1,1,1,3
SF,IF2003,2019-12-18 09:33:17.700,4072.2000,35416,0,634910220.000,0,-,-,-,-,4072.0000,4071.4000,4071.2000,4071.0000,4070.8000,4072.6000,4072.8000,4073.4000,4073.6000,4073.8000,5,2,2,12,1,2,1,1,1,3
SF,IF2003,2019-12-18 09:33:18.200,4072.6000,35415,-1,637353780.000,2,0,2,多平,S,4072.0000,4071.4000,4071.2000,4071.0000,4070.8000,4073.4000,4073.6000,4073.8000,4074.0000,4074.4000,5,2,2,12,1,1,1,2,1,1
SF,IF2003,2019-12-18 09:33:18.700,4072.6000,35415,0,637353780.000,0,-,-,-,-,4072.2000,4072.0000,4071.4000,4071.2000,4071.0000,4073.2000,4073.4000,4073.6000,4073.8000,4074.0000,2,5,2,2,12,1,1,1,2,1
SF,IF2003,2019-12-18 09:33:19.200,4072.6000,35415,0,637353780.000,0,-,-,-,-,4072.2000,4072.0000,4071.4000,4071.2000,4071.0000,4073.4000,4073.6000,4073.8000,4074.0000,4074.4000,2,5,2,2,12,1,1,2,1,1
SF,IF2003,2019-12-18 09:33:19.700,4072.4000,35414,-1,642240960.000,4,1,3,多平,S,4072.4000,4072.2000,4072.0000,4071.4000,4071.2000,4073.2000,4073.6000,4073.8000,4074.0000,4074.4000,2,2,5,2,2,1,1,2,1,1
SF,IF2003,2019-12-18 09:33:20.200,4073.2000,35414,0,643462920.000,1,0,1,多换,S,4072.6000,4072.2000,4072.0000,4071.4000,4071.2000,4073.6000,4073.8000,4074.0000,4074.4000,4075.0000,1,2,5,1,2,1,1,1,1,4
SF,IF2003,2019-12-18 09:33:21.200,4073.2000,35414,0,643462920.000,0,-,-,-,-,4072.8000,4072.6000,4072.2000,4072.0000,4071.4000,4073.8000,4074.0000,4074.4000,4075.0000,4075.6000,2,1,2,5,1,1,1,1,4,2
SF,IF2003,2019-12-18 09:33:21.700,4073.2000,35414,0,643462920.000,0,-,-,-,-,4073.0000,4072.8000,4072.2000,4072.0000,4071.4000,4073.8000,4074.0000,4074.4000,4075.0000,4075.6000,1,2,2,5,1,1,1,1,4,2
SF,IF2003,2019-12-18 09:33:22.700,4073.8000,35413,-1,644685060.000,1,0,1,双平,S,4073.8000,4073.0000,4072.8000,4072.2000,4072.0000,4074.0000,4074.4000,4075.0000,4075.6000,4076.0000,1,1,2,2,5,1,1,4,2,1
SF,IF2003,2019-12-18 09:33:23.200,4072.2000,35413,0,648350760.000,3,1,2,多换,S,4072.0000,4071.4000,4071.2000,4071.0000,4070.8000,4072.2000,4073.4000,4073.8000,4074.0000,4074.4000,5,1,2,12,1,2,4,7,1,1
SF,IF2003,2019-12-18 09:33:23.700,4072.2000,35413,0,650794080.000,2,1,1,多换,S,4072.2000,4072.0000,4071.4000,4071.2000,4071.0000,4073.8000,4074.0000,4074.4000,4075.0000,4075.6000,6,5,1,2,12,8,1,1,4,2
SF,IF2003,2019-12-18 09:33:24.200,4072.2000,35413,0,650794080.000,0,-,-,-,-,4072.4000,4072.0000,4071.4000,4071.2000,4071.0000,4073.4000,4073.6000,4073.8000,4074.0000,4074.4000,1,5,1,2,12,1,2,8,1,1
SF,IF2003,2019-12-18 09:33:24.700,4072.2000,35413,0,650794080.000,0,-,-,-,-,4072.4000,4072.0000,4071.4000,4071.2000,4071.0000,4073.4000,4073.6000,4073.8000,4074.0000,4074.4000,1,5,1,2,2,1,1,8,1,1
SF,IF2003,2019-12-18 09:33:25.200,4072.2000,35413,0,650794080.000,0,-,-,-,-,4072.0000,4071.4000,4071.2000,4071.0000,4070.8000,4073.4000,4073.6000,4073.8000,4074.0000,4074.4000,5,1,2,2,1,1,1,8,1,1
SF,IF2003,2019-12-18 09:33:25.700,4072.2000,35413,0,650794080.000,0,-,-,-,-,4072.2000,4072.0000,4071.4000,4071.2000,4071.0000,4073.6000,4073.8000,4074.0000,4074.4000,4075.0000,1,5,1,2,2,2,8,1,1,4
SF,IF2003,2019-12-18 09:33:26.200,4072.2000,35413,0,650794080.000,0,-,-,-,-,4072.4000,4072.2000,4072.0000,4071.4000,4071.2000,4073.4000,4073.6000,4073.8000,4074.0000,4074.4000,1,1,5,1,2,1,2,8,1,1
SF,IF2003,2019-12-18 09:33:26.700,4073.4000,35413,0,652016100.000,1,0,1,多换,S,4072.4000,4072.0000,4071.4000,4071.2000,4071.0000,4073.6000,4073.8000,4074.0000,4074.2000,4074.4000,1,5,1,2,2,2,8,1,1,1
SF,IF2003,2019-12-18 09:33:27.200,4073.4000,35413,0,653238120.000,1,0,1,多换,S,4072.4000,4072.0000,4071.4000,4071.2000,4071.0000,4073.4000,4073.6000,4073.8000,4074.0000,4074.2000,1,5,1,2,2,1,2,8,1,1
SF,IF2003,2019-12-18 09:33:28.200,4072.4000,35413,0,654459840.000,1,0,1,多换,S,4072.0000,4071.4000,4071.2000,4071.0000,4070.8000,4072.4000,4073.4000,4073.6000,4073.8000,4074.0000,5,1,2,2,1,2,1,2,5,1
SF,IF2003,2019-12-18 09:33:28.700,4072.0000,35416,3,660568080.000,5,4,1,空开,S,4072.0000,4071.4000,4071.2000,4071.0000,4070.8000,4073.6000,4073.8000,4074.0000,4074.2000,4074.4000,2,1,2,2,1,2,5,1,1,1
SF,IF2003,2019-12-18 09:33:29.200,4073.4000,35415,-1,664234020.000,3,1,2,多平,S,4072.2000,4072.0000,4071.4000,4071.2000,4071.0000,4073.4000,4073.6000,4073.8000,4074.0000,4074.2000,2,2,1,2,2,2,2,5,1,1
SF,IF2003,2019-12-18 09:33:29.700,4073.4000,35415,0,664234020.000,0,-,-,-,-,4072.2000,4072.0000,4071.4000,4071.2000,4071.0000,4073.2000,4073.4000,4073.6000,4073.8000,4074.0000,2,2,1,2,2,1,2,3,5,1
SF,IF2003,2019-12-18 09:33:30.200,4073.4000,35415,0,664234020.000,0,-,-,-,-,4072.2000,4072.0000,4071.4000,4071.2000,4071.0000,4073.2000,4073.4000,4073.6000,4073.8000,4074.0000,2,2,1,2,2,1,2,3,2,1
SF,IF2003,2019-12-18 09:33:30.700,4073.4000,35415,0,664234020.000,0,-,-,-,-,4072.6000,4072.2000,4072.0000,4071.4000,4071.2000,4073.4000,4073.6000,4073.8000,4074.0000,4074.2000,1,2,2,1,2,1,3,2,1,1
SF,IF2003,2019-12-18 09:33:31.200,4073.4000,35415,0,664234020.000,0,-,-,-,-,4072.6000,4072.2000,4072.0000,4071.4000,4071.2000,4073.4000,4073.6000,4073.8000,4074.0000,4074.2000,1,2,2,1,2,1,3,2,1,1
SF,IF2003,2019-12-18 09:33:31.700,4073.4000,35415,0,664234020.000,0,-,-,-,-,4072.8000,4072.6000,4072.2000,4072.0000,4071.4000,4073.4000,4073.6000,4073.8000,4074.0000,4074.2000,1,1,1,2,1,1,3,2,1,1
SF,IF2003,2019-12-18 09:33:32.200,4072.8000,35414,-1,665455860.000,1,0,1,双平,S,4072.2000,4072.0000,4071.4000,4071.2000,4071.0000,4072.8000,4073.4000,4073.6000,4073.8000,4074.0000,1,2,1,2,2,3,1,3,2,1
SF,IF2003,2019-12-18 09:33:32.700,4072.8000,35414,0,665455860.000,0,-,-,-,-,4072.2000,4072.0000,4071.4000,4071.2000,4071.0000,4072.8000,4073.4000,4073.6000,4073.8000,4074.0000,1,2,1,2,2,3,1,3,2,1
SF,IF2003,2019-12-18 09:33:33.200,4072.8000,35417,3,669121380.000,3,3,0,双开,S,4072.8000,4072.6000,4072.2000,4072.0000,4071.4000,4073.4000,4073.6000,4073.8000,4074.0000,4074.2000,10,1,1,2,1,1,3,1,1,1
SF,IF2003,2019-12-18 09:33:33.700,4072.8000,35417,0,671565060.000,2,1,1,多换,S,4072.8000,4072.2000,4072.0000,4071.4000,4071.2000,4073.4000,4073.6000,4073.8000,4074.0000,4074.2000,8,1,2,1,2,1,3,1,1,1
SF,IF2003,2019-12-18 09:33:34.200,4072.8000,35417,0,671565060.000,0,-,-,-,-,4072.8000,4072.2000,4072.0000,4071.4000,4071.2000,4073.6000,4073.8000,4074.0000,4074.2000,4075.0000,8,1,2,1,2,2,1,1,1,4
SF,IF2003,2019-12-18 09:33:34.700,4072.8000,35417,0,671565060.000,0,-,-,-,-,4072.8000,4072.2000,4072.0000,4071.4000,4071.2000,4073.2000,4073.6000,4073.8000,4074.0000,4074.2000,8,1,2,1,2,1,2,1,1,1
SF,IF2003,2019-12-18 09:33:35.700,4073.2000,35416,-1,672787020.000,1,0,1,双平,S,4072.8000,4072.2000,4072.0000,4071.4000,4071.2000,4073.6000,4073.8000,4074.0000,4074.2000,4075.0000,8,2,2,1,2,2,1,1,1,4
SF,IF2003,2019-12-18 09:33:36.700,4073.2000,35416,0,672787020.000,0,-,-,-,-,4073.2000,4072.8000,4072.2000,4072.0000,4071.4000,4073.4000,4073.6000,4074.0000,4074.2000,4075.0000,1,8,2,2,1,1,2,1,1,4
SF,IF2003,2019-12-18 09:33:37.200,4073.2000,35415,-1,677675040.000,4,1,3,多平,S,4072.8000,4072.2000,4072.0000,4071.4000,4071.2000,4073.6000,4074.0000,4074.2000,4075.0000,4075.6000,8,2,2,1,2,1,1,1,4,2
SF,IF2003,2019-12-18 09:33:37.700,4073.6000,35414,-1,678897120.000,1,0,1,双平,S,4073.0000,4072.8000,4072.2000,4072.0000,4071.4000,4074.0000,4074.2000,4075.0000,4075.6000,4076.0000,3,8,1,2,1,1,1,4,2,1
SF,IF2003,2019-12-18 09:33:38.200,4073.6000,35414,0,678897120.000,0,-,-,-,-,4073.2000,4073.0000,4072.8000,4072.2000,4072.0000,4074.0000,4074.2000,4075.0000,4075.6000,4076.0000,1,2,8,1,2,1,1,4,2,1
SF,IF2003,2019-12-18 09:33:38.700,4073.6000,35414,0,678897120.000,0,-,-,-,-,4073.4000,4073.2000,4073.0000,4072.8000,4072.2000,4074.0000,4074.2000,4075.0000,4075.6000,4076.0000,1,2,1,8,1,1,1,4,2,1
SF,IF2003,2019-12-18 09:33:39.200,4074.0000,35413,-1,680119320.000,1,0,1,双平,S,4073.4000,4073.2000,4073.0000,4072.8000,4072.2000,4074.2000,4075.0000,4075.6000,4076.0000,4077.6000,1,2,1,8,1,1,4,2,1,3
SF,IF2003,2019-12-18 09:33:39.700,4074.0000,35413,0,680119320.000,0,-,-,-,-,4073.4000,4073.2000,4073.0000,4072.8000,4072.2000,4074.0000,4074.2000,4075.0000,4075.6000,4076.0000,1,1,1,8,1,1,1,4,2,1
SF,IF2003,2019-12-18 09:33:40.700,4074.2000,35412,-1,682563780.000,2,0,2,多平,S,4073.4000,4073.2000,4073.0000,4072.8000,4072.2000,4075.0000,4075.6000,4076.0000,4077.6000,4078.0000,1,1,1,8,1,4,2,1,3,2
SF,IF2003,2019-12-18 09:33:41.200,4073.6000,35412,0,686230080.000,3,1,2,多换,S,4074.0000,4073.4000,4072.8000,4072.2000,4072.0000,4074.8000,4075.0000,4075.6000,4076.0000,4077.6000,5,4,8,1,2,2,4,2,1,3
SF,IF2003,2019-12-18 09:33:41.700,4073.6000,35412,0,686230080.000,0,-,-,-,-,4074.2000,4074.0000,4073.4000,4072.2000,4072.0000,4074.8000,4075.0000,4075.6000,4076.0000,4077.6000,1,5,4,1,2,1,4,2,1,3
SF,IF2003,2019-12-18 09:33:43.700,4074.8000,35410,-2,688674780.000,2,0,2,双平,S,4074.0000,4073.4000,4072.2000,4072.0000,4071.4000,4075.0000,4075.6000,4076.0000,4077.6000,4078.0000,5,4,1,2,1,4,3,1,3,2
SF,IF2003,2019-12-18 09:33:44.200,4074.8000,35410,0,688674780.000,0,-,-,-,-,4074.0000,4073.4000,4072.2000,4072.0000,4071.4000,4074.6000,4075.0000,4075.6000,4076.0000,4077.6000,5,2,1,2,1,1,4,3,1,3
SF,IF2003,2019-12-18 09:33:44.700,4074.8000,35410,0,689897220.000,1,0,1,多换,S,4074.2000,4074.0000,4073.4000,4073.0000,4072.2000,4074.8000,4075.0000,4075.6000,4076.0000,4077.6000,1,5,2,1,1,1,4,3,1,3
SF,IF2003,2019-12-18 09:33:45.200,4074.2000,35411,1,692341800.000,2,1,1,空开,S,4074.0000,4073.4000,4073.0000,4072.2000,4072.0000,4074.2000,4074.8000,4075.0000,4075.6000,4076.0000,5,2,1,1,2,1,1,4,3,1
SF,IF2003,2019-12-18 09:33:45.700,4074.2000,35411,0,693564060.000,1,0,1,多换,S,4074.0000,4073.4000,4073.0000,4072.2000,4072.0000,4074.8000,4075.0000,4075.6000,4076.0000,4077.6000,5,1,1,1,2,1,4,3,1,3
SF,IF2003,2019-12-18 09:33:46.200,4074.2000,35411,0,693564060.000,0,-,-,-,-,4074.0000,4073.4000,4073.0000,4072.2000,4072.0000,4074.6000,4074.8000,4075.0000,4075.6000,4076.0000,5,1,1,1,2,1,2,4,3,1
SF,IF2003,2019-12-18 09:33:46.700,4074.6000,35411,0,694786440.000,1,0,1,多换,S,4074.0000,4073.4000,4073.0000,4072.2000,4072.0000,4074.8000,4075.0000,4075.6000,4076.0000,4077.6000,5,1,1,1,2,2,4,3,1,3
SF,IF2003,2019-12-18 09:33:47.200,4074.6000,35411,0,694786440.000,0,-,-,-,-,4074.2000,4074.0000,4073.4000,4073.0000,4072.2000,4075.0000,4075.6000,4076.0000,4077.6000,4078.0000,1,5,1,1,1,4,3,1,3,2
SF,IF2003,2019-12-18 09:33:47.700,4074.0000,35410,-1,702119700.000,6,2,4,多平,S,4073.4000,4073.0000,4072.2000,4072.0000,4071.4000,4074.0000,4075.0000,4075.6000,4076.0000,4077.6000,1,1,1,2,1,13,4,3,1,3
SF,IF2003,2019-12-18 09:33:48.200,4074.0000,35404,-6,709452900.000,6,0,6,双平,S,4073.4000,4073.0000,4072.2000,4072.0000,4071.4000,4074.0000,4075.0000,4075.6000,4076.0000,4077.6000,1,1,1,2,1,7,5,3,1,3
SF,IF2003,2019-12-18 09:33:48.700,4074.0000,35403,-1,716786100.000,6,2,4,多平,S,4073.4000,4073.0000,4072.2000,4072.0000,4071.4000,4074.0000,4075.0000,4075.6000,4076.0000,4077.6000,1,1,1,2,1,1,5,3,1,3
SF,IF2003,2019-12-18 09:33:49.700,4073.6000,35402,-1,721674660.000,4,1,3,多平,S,4073.6000,4073.4000,4073.0000,4072.2000,4072.0000,4075.0000,4075.6000,4076.0000,4077.6000,4078.0000,1,2,1,1,2,5,3,1,3,2
SF,IF2003,2019-12-18 09:33:50.200,4073.6000,35402,0,721674660.000,0,-,-,-,-,4073.8000,4073.6000,4073.4000,4073.2000,4073.0000,4075.0000,4075.6000,4076.0000,4077.6000,4078.0000,1,1,2,1,1,5,3,1,3,2
SF,IF2003,2019-12-18 09:33:50.700,4073.6000,35401,-1,722896740.000,1,0,1,双平,S,4073.8000,4073.6000,4073.4000,4073.2000,4073.0000,4075.0000,4075.6000,4075.8000,4076.0000,4077.6000,1,1,2,1,1,5,3,1,1,3
SF,IF2003,2019-12-18 09:33:51.200,4073.6000,35401,0,722896740.000,0,-,-,-,-,4074.0000,4073.8000,4073.6000,4073.4000,4073.2000,4074.8000,4075.0000,4075.6000,4075.8000,4076.0000,4,1,1,2,1,1,5,3,1,1
SF,IF2003,2019-12-18 09:33:51.700,4073.6000,35401,0,722896740.000,0,-,-,-,-,4074.0000,4073.8000,4073.6000,4073.4000,4073.2000,4074.8000,4075.0000,4075.6000,4075.8000,4076.0000,2,2,1,2,1,1,5,3,1,1
SF,IF2003,2019-12-18 09:33:52.200,4073.6000,35401,0,722896740.000,0,-,-,-,-,4074.0000,4073.8000,4073.6000,4073.4000,4073.2000,4074.8000,4075.0000,4075.6000,4075.8000,4076.0000,2,2,1,2,1,1,5,3,1,1
SF,IF2003,2019-12-18 09:33:52.700,4073.6000,35401,0,722896740.000,0,-,-,-,-,4074.0000,4073.8000,4073.6000,4073.4000,4073.2000,4074.8000,4075.0000,4075.6000,4075.8000,4076.0000,2,1,1,2,1,1,5,3,1,1
SF,IF2003,2019-12-18 09:33:53.700,4073.6000,35401,0,722896740.000,0,-,-,-,-,4074.0000,4073.8000,4073.6000,4073.4000,4073.2000,4074.8000,4075.0000,4075.6000,4075.8000,4076.0000,2,1,1,2,1,1,5,2,1,1
SF,IF2003,2019-12-18 09:33:54.200,4074.0000,35403,2,725341140.000,2,2,0,双开,S,4073.6000,4073.4000,4073.2000,4073.0000,4072.8000,4074.0000,4074.8000,4075.0000,4075.6000,4075.8000,1,2,1,1,1,1,1,5,2,1
SF,IF2003,2019-12-18 09:33:54.700,4074.0000,35403,0,726563340.000,1,0,1,多换,S,4073.6000,4073.4000,4073.2000,4073.0000,4072.8000,4074.8000,4075.0000,4075.6000,4075.8000,4076.0000,1,2,1,1,1,1,5,2,1,1
SF,IF2003,2019-12-18 09:33:55.200,4074.0000,35403,0,726563340.000,0,-,-,-,-,4074.0000,4073.6000,4073.4000,4073.2000,4073.0000,4074.4000,4074.8000,4075.0000,4075.6000,4075.8000,1,1,2,1,1,1,1,5,2,1
SF,IF2003,2019-12-18 09:33:55.700,4074.0000,35403,0,726563340.000,0,-,-,-,-,4074.0000,4073.8000,4073.6000,4073.4000,4073.2000,4074.4000,4074.8000,4075.0000,4075.6000,4075.8000,1,2,1,2,1,1,1,5,2,1
SF,IF2003,2019-12-18 09:33:56.200,4074.0000,35403,0,726563340.000,0,-,-,-,-,4074.0000,4073.6000,4073.4000,4073.2000,4073.0000,4074.8000,4075.0000,4075.6000,4075.8000,4076.0000,1,1,2,1,1,1,5,2,1,1
SF,IF2003,2019-12-18 09:33:56.700,4074.0000,35403,0,726563340.000,0,-,-,-,-,4074.0000,4073.6000,4073.4000,4073.2000,4073.0000,4074.8000,4075.0000,4075.6000,4075.8000,4076.0000,1,1,2,1,1,1,5,2,1,1
SF,IF2003,2019-12-18 09:33:57.200,4074.8000,35403,0,727785780.000,1,0,1,多换,S,4074.8000,4074.0000,4073.6000,4073.4000,4073.2000,4075.0000,4075.6000,4075.8000,4076.0000,4077.6000,9,1,1,2,1,5,2,1,1,3
SF,IF2003,2019-12-18 09:33:57.700,4074.8000,35403,0,740010180.000,10,5,5,多换,S,4074.0000,4073.6000,4073.4000,4073.2000,4073.0000,4074.8000,4075.0000,4075.6000,4075.8000,4076.0000,1,1,2,1,1,3,5,2,1,1
SF,IF2003,2019-12-18 09:33:58.200,4074.8000,35403,0,740010180.000,0,-,-,-,-,4074.0000,4073.6000,4073.4000,4073.2000,4073.0000,4074.8000,4075.0000,4075.6000,4075.8000,4076.0000,1,1,2,1,1,3,5,2,1,1
SF,IF2003,2019-12-18 09:33:58.700,4074.0000,35404,1,741232380.000,1,1,0,双开,S,4073.6000,4073.4000,4073.2000,4073.0000,4072.8000,4074.0000,4074.8000,4075.0000,4075.6000,4075.8000,1,2,1,1,2,2,3,5,2,1
SF,IF2003,2019-12-18 09:33:59.200,4074.0000,35404,0,743676780.000,2,1,1,多换,S,4073.6000,4073.4000,4073.0000,4072.8000,4072.2000,4074.8000,4075.0000,4075.6000,4075.8000,4076.0000,1,2,1,2,1,3,5,2,1,1
SF,IF2003,2019-12-18 09:33:59.700,4074.6000,35403,-1,744899160.000,1,0,1,双平,S,4073.6000,4073.4000,4073.0000,4072.8000,4072.2000,4074.8000,4075.0000,4075.6000,4075.8000,4076.0000,1,2,1,2,1,3,5,2,1,1
SF,IF2003,2019-12-18 09:34:00.200,4074.6000,35403,0,744899160.000,0,-,-,-,-,4073.8000,4073.6000,4073.4000,4073.0000,4072.8000,4074.8000,4075.0000,4075.6000,4075.8000,4076.0000,1,2,2,1,2,3,5,2,1,1
SF,IF2003,2019-12-18 09:34:00.700,4074.6000,35403,0,744899160.000,0,-,-,-,-,4073.8000,4073.6000,4073.4000,4073.0000,4072.8000,4074.6000,4074.8000,4075.0000,4075.6000,4075.8000,1,2,2,1,2,1,3,5,2,1
SF,IF2003,2019-12-18 09:34:01.200,4073.8000,35403,0,746121300.000,1,0,1,多换,S,4073.6000,4073.4000,4073.0000,4072.8000,4072.2000,4074.4000,4074.6000,4075.0000,4075.6000,4075.8000,2,2,2,2,1,1,1,5,2,1
SF,IF2003,2019-12-18 09:34:01.700,4073.4000,35400,-3,751009560.000,4,0,4,多平,S,4073.0000,4072.8000,4072.2000,4072.0000,4071.4000,4073.4000,4074.2000,4074.4000,4075.0000,4075.6000,2,2,1,2,1,1,1,2,5,2
SF,IF2003,2019-12-18 09:34:02.200,4073.0000,35400,0,754675260.000,3,1,2,多换,S,4072.8000,4072.2000,4072.0000,4071.4000,4071.2000,4073.0000,4073.6000,4074.2000,4074.4000,4075.0000,2,1,2,1,2,3,2,1,1,5
SF,IF2003,2019-12-18 09:34:02.700,4072.8000,35399,-1,757118940.000,2,0,2,多平,S,4072.2000,4072.0000,4071.4000,4071.2000,4071.0000,4073.0000,4073.6000,4074.2000,4074.4000,4075.0000,1,2,1,2,1,3,3,1,1,5
SF,IF2003,2019-12-18 09:34:03.200,4072.8000,35399,0,757118940.000,0,-,-,-,-,4072.2000,4072.0000,4071.4000,4071.2000,4071.0000,4072.6000,4072.8000,4073.0000,4073.6000,4074.2000,1,2,1,2,1,1,1,3,4,1
SF,IF2003,2019-12-18 09:34:03.700,4072.8000,35399,0,758340780.000,1,0,1,多换,S,4072.8000,4072.2000,4072.0000,4071.4000,4071.2000,4073.0000,4073.6000,4074.2000,4074.4000,4075.0000,1,2,2,1,2,3,2,1,1,5
SF,IF2003,2019-12-18 09:34:04.200,4073.0000,35399,0,762006480.000,3,1,2,多换,S,4073.0000,4072.4000,4072.2000,4072.0000,4071.4000,4073.6000,4074.2000,4074.4000,4075.0000,4075.6000,1,2,2,2,1,2,1,1,5,2
SF,IF2003,2019-12-18 09:34:04.700,4073.0000,35399,0,762006480.000,0,-,-,-,-,4073.2000,4072.4000,4072.2000,4072.0000,4071.4000,4073.6000,4074.2000,4074.4000,4075.0000,4075.6000,1,2,2,2,1,2,1,1,5,2
SF,IF2003,2019-12-18 09:34:05.200,4073.0000,35399,0,762006480.000,0,-,-,-,-,4073.2000,4072.4000,4072.2000,4072.0000,4071.4000,4073.6000,4074.2000,4074.4000,4075.0000,4075.6000,1,2,2,2,1,2,1,1,5,2
SF,IF2003,2019-12-18 09:34:05.700,4073.0000,35399,0,762006480.000,0,-,-,-,-,4073.2000,4072.4000,4072.2000,4072.0000,4071.4000,4073.6000,4074.2000,4074.4000,4075.0000,4075.6000,1,2,2,2,1,2,1,1,5,2
SF,IF2003,2019-12-18 09:34:06.200,4073.0000,35399,0,762006480.000,0,-,-,-,-,4073.2000,4072.4000,4072.2000,4072.0000,4071.4000,4073.6000,4074.2000,4074.4000,4075.0000,4075.6000,1,2,2,2,1,2,1,1,5,2
SF,IF2003,2019-12-18 09:34:06.700,4073.0000,35399,0,762006480.000,0,-,-,-,-,4073.2000,4072.4000,4072.2000,4072.0000,4071.4000,4073.6000,4074.2000,4074.4000,4075.0000,4075.6000,1,2,2,2,1,2,1,1,5,2
SF,IF2003,2019-12-18 09:34:07.700,4073.6000,35399,0,763228560.000,1,0,1,多换,S,4073.2000,4072.4000,4072.2000,4072.0000,4071.4000,4073.6000,4074.2000,4074.4000,4075.0000,4075.6000,1,2,2,2,1,1,1,1,5,2
SF,IF2003,2019-12-18 09:34:08.200,4073.6000,35399,0,763228560.000,0,-,-,-,-,4073.2000,4072.4000,4072.2000,4072.0000,4071.4000,4073.6000,4074.2000,4075.0000,4075.6000,4075.8000,1,2,2,2,1,1,1,5,2,1
SF,IF2003,2019-12-18 09:34:08.700,4073.6000,35399,0,765672600.000,2,1,1,多换,S,4072.2000,4072.0000,4071.4000,4071.2000,4071.0000,4074.2000,4075.0000,4075.6000,4075.8000,4076.0000,2,2,1,2,1,1,5,2,1,3
SF,IF2003,2019-12-18 09:34:09.200,4073.6000,35399,0,765672600.000,0,-,-,-,-,4072.4000,4072.2000,4072.0000,4071.4000,4071.2000,4074.0000,4074.2000,4075.0000,4075.6000,4075.8000,8,5,2,1,2,1,1,5,2,1
SF,IF2003,2019-12-18 09:34:09.700,4073.6000,35399,0,765672600.000,0,-,-,-,-,4072.4000,4072.2000,4072.0000,4071.4000,4071.2000,4073.8000,4074.0000,4075.0000,4075.6000,4075.8000,3,5,2,1,2,2,1,5,2,1
SF,IF2003,2019-12-18 09:34:10.200,4074.0000,35399,0,769339080.000,3,1,2,多换,S,4074.0000,4073.6000,4072.6000,4072.4000,4072.2000,4075.0000,4075.6000,4075.8000,4076.0000,4077.6000,2,1,1,1,5,5,2,1,3,3
SF,IF2003,2019-12-18 09:34:10.700,4074.0000,35399,0,771783480.000,2,1,1,多换,S,4073.6000,4073.0000,4072.4000,4072.2000,4072.0000,4073.8000,4074.0000,4074.6000,4074.8000,4075.0000,1,1,2,5,2,2,6,2,4,6
SF,IF2003,2019-12-18 09:34:11.200,4073.6000,35398,-1,773005560.000,1,0,1,双平,S,4073.0000,4072.4000,4072.2000,4072.0000,4071.4000,4073.2000,4073.4000,4073.6000,4074.0000,4074.6000,1,2,4,2,1,4,1,4,4,2
SF,IF2003,2019-12-18 09:34:11.700,4073.0000,35397,-1,774227460.000,1,0,1,双平,S,4072.4000,4072.2000,4072.0000,4071.4000,4071.2000,4073.0000,4073.6000,4074.4000,4074.6000,4074.8000,2,4,2,1,2,3,3,1,1,2
SF,IF2003,2019-12-18 09:34:12.200,4073.0000,35397,0,774227460.000,0,-,-,-,-,4072.4000,4072.2000,4072.0000,4071.4000,4071.2000,4073.0000,4073.6000,4074.4000,4074.6000,4074.8000,2,4,2,1,2,3,3,1,1,2
SF,IF2003,2019-12-18 09:34:12.700,4073.0000,35397,0,777893160.000,3,1,2,多换,S,4072.4000,4072.2000,4072.0000,4071.4000,4071.2000,4073.6000,4074.4000,4074.6000,4074.8000,4075.0000,2,4,2,1,2,3,1,1,2,5
SF,IF2003,2019-12-18 09:34:13.200,4073.0000,35397,0,777893160.000,0,-,-,-,-,4072.4000,4072.2000,4072.0000,4071.4000,4071.2000,4073.6000,4074.0000,4074.4000,4074.6000,4074.8000,2,4,2,1,2,3,1,1,1,2
SF,IF2003,2019-12-18 09:34:13.700,4073.0000,35397,0,777893160.000,0,-,-,-,-,4072.4000,4072.2000,4072.0000,4071.4000,4071.2000,4073.6000,4074.0000,4074.4000,4074.6000,4074.8000,2,4,2,1,2,3,1,1,1,2
SF,IF2003,2019-12-18 09:34:14.200,4073.0000,35397,0,777893160.000,0,-,-,-,-,4072.8000,4072.6000,4072.4000,4072.2000,4072.0000,4073.6000,4074.0000,4074.4000,4074.6000,4074.8000,1,1,2,4,2,3,1,1,1,3
SF,IF2003,2019-12-18 09:34:14.700,4073.0000,35397,0,777893160.000,0,-,-,-,-,4072.8000,4072.4000,4072.2000,4072.0000,4071.4000,4073.6000,4074.0000,4074.4000,4074.6000,4074.8000,1,2,4,2,1,2,1,1,1,3
SF,IF2003,2019-12-18 09:34:15.200,4073.6000,35396,-1,779115240.000,1,0,1,双平,S,4072.8000,4072.4000,4072.2000,4072.0000,4071.4000,4073.6000,4074.0000,4074.4000,4074.6000,4074.8000,1,2,4,2,1,1,1,1,1,3
SF,IF2003,2019-12-18 09:34:15.700,4073.6000,35396,0,779115240.000,0,-,-,-,-,4072.8000,4072.4000,4072.2000,4072.0000,4071.4000,4074.0000,4074.4000,4074.6000,4074.8000,4075.0000,1,2,4,2,1,1,1,1,3,5
SF,IF2003,2019-12-18 09:34:16.200,4073.6000,35396,0,779115240.000,0,-,-,-,-,4072.8000,4072.4000,4072.2000,4072.0000,4071.4000,4074.0000,4074.4000,4074.6000,4074.8000,4075.0000,1,3,4,2,1,1,1,1,3,5
SF,IF2003,2019-12-18 09:34:16.700,4073.6000,35396,0,779115240.000,0,-,-,-,-,4072.8000,4072.4000,4072.2000,4072.0000,4071.4000,4074.0000,4074.4000,4074.6000,4074.8000,4075.0000,1,3,4,2,1,1,1,1,3,5
SF,IF2003,2019-12-18 09:34:17.200,4073.6000,35396,0,779115240.000,0,-,-,-,-,4072.8000,4072.4000,4072.2000,4072.0000,4071.4000,4073.6000,4074.0000,4074.4000,4074.6000,4074.8000,1,3,4,2,1,1,1,1,1,3
SF,IF2003,2019-12-18 09:34:17.700,4073.6000,35396,0,779115240.000,0,-,-,-,-,4072.4000,4072.2000,4072.0000,4071.4000,4071.2000,4073.6000,4074.0000,4074.4000,4074.6000,4074.8000,3,4,2,1,2,1,1,1,1,3
SF,IF2003,2019-12-18 09:34:18.200,4073.6000,35396,0,780337320.000,1,0,1,多换,S,4073.6000,4072.4000,4072.2000,4072.0000,4071.4000,4074.0000,4074.4000,4074.6000,4074.8000,4075.0000,1,3,4,2,1,1,1,1,3,5
SF,IF2003,2019-12-18 09:34:18.700,4073.6000,35395,-1,781559400.000,1,0,1,双平,S,4072.4000,4072.2000,4072.0000,4071.4000,4071.2000,4073.6000,4074.0000,4074.4000,4074.6000,4074.8000,3,4,2,1,2,1,1,1,1,5
SF,IF2003,2019-12-18 09:34:19.200,4073.6000,35395,0,781559400.000,0,-,-,-,-,4072.4000,4072.2000,4072.0000,4071.4000,4071.2000,4074.0000,4074.4000,4074.6000,4074.8000,4075.0000,3,4,2,1,2,1,1,1,5,5
SF,IF2003,2019-12-18 09:34:19.700,4073.6000,35395,0,781559400.000,0,-,-,-,-,4072.6000,4072.4000,4072.2000,4072.0000,4071.4000,4073.2000,4073.6000,4073.8000,4074.0000,4074.4000,1,3,4,2,1,1,2,2,2,1
SF,IF2003,2019-12-18 09:34:20.200,4073.6000,35395,0,781559400.000,0,-,-,-,-,4073.6000,4072.8000,4072.4000,4072.2000,4072.0000,4073.8000,4074.0000,4074.4000,4074.6000,4074.8000,1,1,3,4,2,1,2,1,1,3
SF,IF2003,2019-12-18 09:34:20.700,4073.6000,35394,-1,782781480.000,1,0,1,双平,S,4072.8000,4072.4000,4072.2000,4072.0000,4071.4000,4073.6000,4074.0000,4074.4000,4074.6000,4074.8000,1,3,4,2,1,1,2,1,1,3
SF,IF2003,2019-12-18 09:34:21.200,4072.8000,35395,1,785225160.000,2,1,1,空开,S,4072.4000,4072.2000,4072.0000,4071.4000,4071.2000,4072.8000,4074.0000,4074.4000,4074.6000,4074.8000,3,4,2,1,2,1,1,1,1,3
SF,IF2003,2019-12-18 09:34:21.700,4072.8000,35395,0,786447000.000,1,0,1,多换,S,4073.0000,4072.8000,4072.6000,4072.4000,4072.2000,4074.0000,4074.4000,4074.6000,4074.8000,4075.0000,1,2,1,2,4,1,1,1,3,6
SF,IF2003,2019-12-18 09:34:22.200,4072.8000,35395,0,786447000.000,0,-,-,-,-,4072.8000,4072.6000,4072.4000,4072.2000,4072.0000,4073.8000,4074.0000,4074.4000,4074.6000,4074.8000,2,1,2,4,2,2,1,1,1,3
SF,IF2003,2019-12-18 09:34:22.700,4072.8000,35395,0,786447000.000,0,-,-,-,-,4073.0000,4072.8000,4072.6000,4072.4000,4072.2000,4073.8000,4074.0000,4074.4000,4074.6000,4074.8000,1,4,1,2,4,2,1,1,1,3
SF,IF2003,2019-12-18 09:34:23.200,4072.8000,35395,0,786447000.000,0,-,-,-,-,4073.2000,4073.0000,4072.8000,4072.6000,4072.4000,4073.8000,4074.0000,4074.4000,4074.6000,4074.8000,1,1,4,1,2,2,1,2,1,3
SF,IF2003,2019-12-18 09:34:23.700,4072.8000,35395,0,786447000.000,0,-,-,-,-,4073.2000,4073.0000,4072.8000,4072.6000,4072.4000,4074.0000,4074.4000,4074.8000,4075.0000,4075.4000,1,1,4,1,2,1,2,3,6,1
SF,IF2003,2019-12-18 09:34:24.200,4072.8000,35395,0,787668840.000,1,0,1,多换,S,4073.0000,4072.8000,4072.6000,4072.4000,4072.2000,4074.0000,4074.4000,4074.8000,4075.0000,4075.4000,1,4,1,2,4,1,2,3,6,1
SF,IF2003,2019-12-18 09:34:24.700,4073.0000,35396,1,788890740.000,1,1,0,双开,S,4072.8000,4072.6000,4072.4000,4072.2000,4072.0000,4073.0000,4074.0000,4074.4000,4074.8000,4075.0000,4,1,2,3,2,2,1,2,3,6
SF,IF2003,2019-12-18 09:34:25.200,4073.0000,35396,0,791334540.000,2,1,1,多换,S,4073.0000,4072.8000,4072.6000,4072.4000,4072.2000,4074.0000,4074.4000,4074.8000,4075.0000,4075.4000,2,2,1,2,3,1,2,3,6,1
SF,IF2003,2019-12-18 09:34:25.700,4073.0000,35396,0,791334540.000,0,-,-,-,-,4073.0000,4072.8000,4072.6000,4072.4000,4072.2000,4073.6000,4073.8000,4074.0000,4074.4000,4074.8000,4,2,1,2,3,1,1,3,2,3
SF,IF2003,2019-12-18 09:34:26.200,4073.0000,35396,0,791334540.000,0,-,-,-,-,4073.0000,4072.8000,4072.6000,4072.4000,4072.2000,4073.8000,4074.0000,4074.4000,4074.8000,4075.0000,4,2,1,2,3,1,2,2,3,6
SF,IF2003,2019-12-18 09:34:26.700,4073.0000,35395,-1,792556440.000,1,0,1,双平,S,4073.0000,4072.8000,4072.6000,4072.4000,4072.2000,4073.8000,4074.0000,4074.4000,4074.8000,4075.0000,3,2,1,2,3,1,2,2,3,6
SF,IF2003,2019-12-18 09:34:27.200,4073.0000,35395,0,792556440.000,0,-,-,-,-,4073.0000,4072.8000,4072.6000,4072.4000,4072.2000,4074.0000,4074.4000,4074.8000,4075.0000,4075.4000,3,2,1,2,3,2,2,3,6,1
SF,IF2003,2019-12-18 09:34:27.700,4073.0000,35395,0,792556440.000,0,-,-,-,-,4073.0000,4072.8000,4072.6000,4072.4000,4072.2000,4074.0000,4074.4000,4074.8000,4075.0000,4075.4000,3,2,1,2,3,3,2,3,6,1
SF,IF2003,2019-12-18 09:34:28.200,4073.0000,35394,-1,795000240.000,2,0,2,多平,S,4073.0000,4072.8000,4072.6000,4072.4000,4072.2000,4074.0000,4074.4000,4074.8000,4075.0000,4075.4000,1,2,1,2,3,2,2,3,6,1
SF,IF2003,2019-12-18 09:34:28.700,4073.0000,35395,1,796222140.000,1,1,0,双开,S,4072.8000,4072.6000,4072.4000,4072.2000,4072.0000,4073.0000,4074.0000,4074.4000,4074.8000,4075.0000,2,1,2,3,2,2,1,1,3,6
