市场代码,合约代码,时间,最新,持仓,增仓,成交额,成交量,开仓,平仓,成交类型,方向,买一价,买二价,买三价,买四价,买五价,卖一价,卖二价,卖三价,卖四价,卖五价,买一量,买二量,买三量,买四量,买五量,卖一量,卖二量,卖三量,卖四量,卖五量
SF,IF2012,2020-04-23 09:29:00.000,3655.0000,1818,0,1096500.000,1.000,-,-,-,-,3653.0000,3652.6000,3650.6000,3649.4000,3639.4000,3664.4000,3664.6000,3671.4000,3675.6000,3678.6000,2,1,2,1,1,1,1,2,1,2
SF,IF2012,2020-04-23 09:30:00.500,3655.0000,1818,0,1096500.000,0,-,-,-,-,3656.4000,3653.2000,3653.0000,3650.6000,3649.4000,3664.0000,3664.2000,3664.4000,3664.6000,3671.4000,1,2,2,1,1,2,2,1,1,1
SF,IF2012,2020-04-23 09:30:01.000,3655.0000,1818,0,1096500.000,0,-,-,-,-,3656.6000,3656.4000,3653.2000,3653.0000,3650.6000,3663.8000,3664.0000,3664.2000,3664.6000,3671.4000,2,1,1,2,1,1,2,1,1,1
SF,IF2012,2020-04-23 09:30:01.500,3655.0000,1818,0,1096500.000,0,-,-,-,-,3656.6000,3656.4000,3653.2000,3653.0000,3650.6000,3663.4000,3663.6000,3663.8000,3664.2000,3664.6000,2,1,1,2,1,2,1,1,1,1
SF,IF2012,2020-04-23 09:30:02.000,3655.0000,1818,0,1096500.000,0,-,-,-,-,3656.6000,3656.4000,3653.2000,3653.0000,3650.6000,3663.2000,3663.4000,3664.2000,3664.6000,3671.4000,2,1,1,2,1,2,2,1,1,1
SF,IF2012,2020-04-23 09:30:02.500,3655.0000,1818,0,1096500.000,0,-,-,-,-,3656.6000,3656.4000,3653.2000,3653.0000,3650.6000,3663.0000,3663.2000,3664.2000,3664.6000,3676.0000,2,1,1,2,1,2,2,1,1,1
SF,IF2012,2020-04-23 09:30:03.000,3655.0000,1818,0,1096500.000,0,-,-,-,-,3656.8000,3656.6000,3656.4000,3653.0000,3650.6000,3662.8000,3664.2000,3664.6000,3676.0000,3678.6000,1,2,1,2,1,2,1,1,1,2
SF,IF2012,2020-04-23 09:30:03.500,3655.0000,1818,0,1096500.000,0,-,-,-,-,3657.0000,3656.8000,3656.4000,3653.0000,3650.6000,3662.8000,3664.2000,3664.6000,3676.0000,3678.6000,2,1,1,2,1,2,1,1,1,2
SF,IF2012,2020-04-23 09:30:04.000,3655.0000,1818,0,1096500.000,0,-,-,-,-,3657.2000,3657.0000,3656.4000,3653.0000,3635.8000,3662.8000,3664.2000,3664.6000,3676.0000,3678.6000,1,2,1,2,1,2,1,1,1,2
SF,IF2012,2020-04-23 09:30:04.500,3655.0000,1818,0,1096500.000,0,-,-,-,-,3657.4000,3657.2000,3656.4000,3653.0000,3635.8000,3662.8000,3664.2000,3664.6000,3676.0000,3678.6000,3,1,1,2,1,2,1,1,1,2
SF,IF2012,2020-04-23 09:30:05.000,3655.0000,1818,0,1096500.000,0,-,-,-,-,3657.6000,3657.4000,3656.4000,3653.0000,3635.8000,3662.8000,3664.2000,3664.6000,3676.0000,3678.6000,1,3,1,2,1,2,1,1,1,2
SF,IF2012,2020-04-23 09:30:05.500,3655.0000,1818,0,1096500.000,0,-,-,-,-,3657.8000,3657.4000,3656.4000,3653.0000,3635.8000,3662.8000,3664.2000,3664.6000,3676.0000,3678.6000,2,1,1,2,1,2,1,1,1,2
SF,IF2012,2020-04-23 09:30:06.500,3655.0000,1818,0,1096500.000,0,-,-,-,-,3658.2000,3657.8000,3656.4000,3653.0000,3635.8000,3662.8000,3664.2000,3664.6000,3676.0000,3678.6000,1,2,1,2,1,2,1,1,1,2
SF,IF2012,2020-04-23 09:30:07.000,3655.0000,1818,0,1096500.000,0,-,-,-,-,3658.4000,3656.4000,3653.0000,3635.8000,3631.8000,3662.8000,3664.2000,3664.6000,3676.0000,3695.0000,2,1,2,1,1,2,1,1,1,1
SF,IF2012,2020-04-23 09:30:08.000,3655.0000,1818,0,1096500.000,0,-,-,-,-,3658.4000,3656.4000,3653.0000,3635.8000,3631.8000,3662.4000,3662.8000,3664.2000,3664.6000,3669.0000,2,1,2,1,1,2,2,1,1,1
SF,IF2012,2020-04-23 09:30:08.500,3655.0000,1818,0,1096500.000,0,-,-,-,-,3658.4000,3656.4000,3653.0000,3635.8000,3631.8000,3662.2000,3662.4000,3664.2000,3664.6000,3669.0000,2,1,2,1,1,2,2,1,1,1
SF,IF2012,2020-04-23 09:30:10.000,3655.0000,1818,0,1096500.000,0,-,-,-,-,3658.6000,3658.4000,3656.4000,3653.0000,3635.8000,3662.2000,3662.4000,3664.2000,3664.6000,3669.0000,1,2,1,2,1,2,2,1,1,1
SF,IF2012,2020-04-23 09:30:10.500,3655.0000,1818,0,1096500.000,0,-,-,-,-,3658.8000,3658.6000,3656.4000,3653.0000,3635.8000,3662.0000,3662.2000,3662.4000,3664.2000,3664.6000,1,1,1,2,1,1,2,2,1,1
SF,IF2012,2020-04-23 09:30:11.000,3658.6000,1816,-2,3291720.000,2,0,2,双平,S,3656.4000,3653.0000,3635.8000,3631.8000,3626.0000,3661.8000,3662.0000,3664.2000,3664.6000,3669.0000,1,2,1,1,1,4,1,1,1,1
SF,IF2012,2020-04-23 09:30:11.500,3658.6000,1816,0,3291720.000,0,-,-,-,-,3658.8000,3656.6000,3656.4000,3653.0000,3635.8000,3661.6000,3661.8000,3664.2000,3664.6000,3669.0000,3,1,1,2,1,2,4,1,1,1
SF,IF2012,2020-04-23 09:30:12.000,3658.6000,1816,0,3291720.000,0,-,-,-,-,3658.8000,3656.6000,3656.4000,3653.0000,3635.8000,3661.4000,3661.6000,3661.8000,3664.2000,3664.6000,3,1,1,2,1,2,2,2,1,1
SF,IF2012,2020-04-23 09:30:12.500,3658.6000,1816,0,3291720.000,0,-,-,-,-,3658.8000,3656.6000,3656.4000,3653.0000,3635.8000,3661.2000,3661.4000,3661.6000,3661.8000,3664.2000,3,1,1,2,1,1,2,1,2,1
SF,IF2012,2020-04-23 09:30:13.000,3658.6000,1816,0,3291720.000,0,-,-,-,-,3658.8000,3656.6000,3656.4000,3653.0000,3635.8000,3661.0000,3661.2000,3661.6000,3661.8000,3664.2000,3,1,1,2,1,2,1,1,2,1
SF,IF2012,2020-04-23 09:30:13.500,3658.8000,1813,-3,6584640.000,3,0,3,双平,S,3656.6000,3656.4000,3653.0000,3635.8000,3631.8000,3660.8000,3661.0000,3661.2000,3661.6000,3664.2000,1,1,2,1,1,2,2,1,1,1
SF,IF2012,2020-04-23 09:30:14.000,3658.8000,1813,0,6584640.000,0,-,-,-,-,3656.6000,3656.4000,3653.0000,3635.8000,3631.8000,3660.6000,3660.8000,3664.2000,3664.6000,3669.0000,1,1,2,1,1,3,2,1,1,1
SF,IF2012,2020-04-23 09:30:15.000,3658.8000,1813,0,6584640.000,0,-,-,-,-,3656.8000,3656.6000,3656.4000,3653.0000,3635.8000,3660.6000,3660.8000,3664.2000,3664.6000,3669.0000,1,1,1,2,1,3,2,1,1,1
SF,IF2012,2020-04-23 09:30:15.500,3658.8000,1813,0,6584640.000,0,-,-,-,-,3656.8000,3656.4000,3653.0000,3635.8000,3631.8000,3660.6000,3660.8000,3664.2000,3664.6000,3669.0000,1,1,2,1,1,3,2,1,1,1
SF,IF2012,2020-04-23 09:30:16.000,3658.8000,1813,0,6584640.000,0,-,-,-,-,3657.0000,3656.8000,3656.4000,3653.0000,3635.8000,3660.6000,3660.8000,3664.2000,3664.6000,3669.0000,1,1,1,2,1,3,2,1,1,1
SF,IF2012,2020-04-23 09:30:16.500,3658.8000,1813,0,6584640.000,0,-,-,-,-,3657.0000,3656.8000,3656.4000,3653.0000,3635.8000,3660.6000,3664.2000,3664.6000,3669.0000,3676.0000,1,1,1,2,1,3,1,1,1,1
SF,IF2012,2020-04-23 09:30:18.000,3658.8000,1813,0,6584640.000,0,-,-,-,-,3657.0000,3656.8000,3656.4000,3653.0000,3635.8000,3660.6000,3664.2000,3664.6000,3665.6000,3669.0000,1,1,1,2,1,3,1,1,1,1
SF,IF2012,2020-04-23 09:30:18.500,3658.8000,1813,0,6584640.000,0,-,-,-,-,3657.2000,3657.0000,3656.8000,3656.4000,3653.0000,3660.6000,3664.2000,3664.6000,3665.6000,3669.0000,2,1,1,1,2,2,1,1,1,1
SF,IF2012,2020-04-23 09:30:19.000,3658.8000,1813,0,6584640.000,0,-,-,-,-,3657.2000,3656.8000,3656.4000,3653.0000,3635.8000,3660.6000,3664.2000,3664.6000,3665.6000,3669.0000,2,1,1,2,1,2,1,1,1,1
SF,IF2012,2020-04-23 09:30:19.500,3658.8000,1813,0,6584640.000,0,-,-,-,-,3657.4000,3657.2000,3656.4000,3653.0000,3635.8000,3660.6000,3664.2000,3664.6000,3665.6000,3669.0000,1,2,1,2,1,2,1,1,1,1
SF,IF2012,2020-04-23 09:30:20.000,3658.8000,1813,0,6584640.000,0,-,-,-,-,3657.6000,3657.4000,3656.4000,3653.0000,3635.8000,3660.6000,3664.2000,3664.6000,3665.6000,3669.0000,1,1,1,2,1,2,1,1,1,1
SF,IF2012,2020-04-23 09:30:20.500,3658.8000,1813,0,6584640.000,0,-,-,-,-,3657.6000,3656.4000,3653.0000,3635.8000,3631.8000,3660.6000,3664.2000,3664.6000,3665.6000,3669.0000,1,1,2,1,1,2,1,1,1,1
SF,IF2012,2020-04-23 09:30:21.000,3658.8000,1813,0,6584640.000,0,-,-,-,-,3657.8000,3656.4000,3653.0000,3635.8000,3631.8000,3660.4000,3660.6000,3664.2000,3664.6000,3665.6000,1,1,2,1,1,1,2,1,1,1
SF,IF2012,2020-04-23 09:30:21.500,3658.8000,1813,0,6584640.000,0,-,-,-,-,3657.8000,3656.4000,3653.0000,3635.8000,3631.8000,3660.2000,3660.4000,3664.2000,3664.6000,3665.6000,1,1,2,1,1,2,1,1,1,1
SF,IF2012,2020-04-23 09:30:22.000,3658.8000,1813,0,6584640.000,0,-,-,-,-,3656.4000,3653.0000,3635.8000,3631.8000,3626.0000,3660.0000,3660.2000,3664.2000,3664.6000,3665.6000,1,2,1,1,1,1,2,1,1,1
SF,IF2012,2020-04-23 09:30:22.500,3658.8000,1813,0,6584640.000,0,-,-,-,-,3656.6000,3656.4000,3653.0000,3635.8000,3631.8000,3659.8000,3660.0000,3664.2000,3664.6000,3665.6000,1,1,2,1,1,2,1,1,1,1
SF,IF2012,2020-04-23 09:30:23.000,3658.8000,1813,0,6584640.000,0,-,-,-,-,3656.6000,3656.4000,3653.0000,3635.8000,3631.8000,3659.6000,3659.8000,3664.2000,3664.6000,3665.6000,1,1,2,1,1,2,2,1,1,1
SF,IF2012,2020-04-23 09:30:23.500,3658.8000,1813,0,6584640.000,0,-,-,-,-,3656.6000,3656.4000,3653.0000,3635.8000,3631.8000,3659.4000,3659.6000,3664.2000,3664.6000,3665.6000,1,1,2,1,1,1,2,1,1,1
SF,IF2012,2020-04-23 09:30:24.000,3658.8000,1813,0,6584640.000,0,-,-,-,-,3656.4000,3653.0000,3635.8000,3631.8000,3626.0000,3659.2000,3659.4000,3664.2000,3664.6000,3665.6000,1,2,1,1,2,2,1,1,1,1
SF,IF2012,2020-04-23 09:30:24.500,3658.8000,1813,0,6584640.000,0,-,-,-,-,3656.4000,3653.0000,3635.8000,3631.8000,3626.0000,3659.0000,3659.2000,3664.2000,3664.6000,3665.6000,1,2,1,1,2,1,2,1,1,1
SF,IF2012,2020-04-23 09:30:25.000,3658.8000,1813,0,6584640.000,0,-,-,-,-,3656.4000,3653.0000,3635.8000,3631.8000,3626.0000,3658.8000,3659.0000,3664.2000,3664.6000,3665.6000,1,2,1,1,2,2,1,1,1,1
SF,IF2012,2020-04-23 09:30:25.500,3658.8000,1813,0,6584640.000,0,-,-,-,-,3656.4000,3653.0000,3635.8000,3631.8000,3626.0000,3658.6000,3658.8000,3664.2000,3664.6000,3665.6000,1,2,1,1,2,1,2,1,1,1
SF,IF2012,2020-04-23 09:30:26.000,3658.8000,1813,0,6584640.000,0,-,-,-,-,3656.4000,3653.0000,3635.8000,3631.8000,3626.0000,3658.4000,3658.6000,3658.8000,3664.2000,3664.6000,1,2,1,1,2,1,1,1,1,1
SF,IF2012,2020-04-23 09:30:26.500,3658.8000,1813,0,6584640.000,0,-,-,-,-,3656.4000,3653.0000,3635.8000,3631.8000,3626.0000,3658.2000,3658.4000,3658.8000,3664.2000,3664.6000,1,2,1,1,2,1,1,1,1,1
SF,IF2012,2020-04-23 09:30:27.000,3658.8000,1813,0,6584640.000,0,-,-,-,-,3656.4000,3653.0000,3635.8000,3631.8000,3626.0000,3658.0000,3658.2000,3658.8000,3664.2000,3664.6000,1,2,1,1,2,1,1,1,1,1
SF,IF2012,2020-04-23 09:30:27.500,3658.8000,1813,0,6584640.000,0,-,-,-,-,3656.4000,3653.0000,3635.8000,3631.8000,3626.0000,3657.8000,3658.0000,3658.8000,3664.2000,3664.6000,1,2,1,1,2,1,1,1,1,1
SF,IF2012,2020-04-23 09:30:28.000,3658.8000,1813,0,6584640.000,0,-,-,-,-,3656.4000,3653.0000,3635.8000,3631.8000,3626.0000,3657.6000,3657.8000,3664.2000,3664.6000,3665.6000,1,2,1,1,2,1,1,1,1,1
SF,IF2012,2020-04-23 09:30:28.500,3658.8000,1813,0,6584640.000,0,-,-,-,-,3656.4000,3653.0000,3635.8000,3631.8000,3626.0000,3657.4000,3657.6000,3664.2000,3664.6000,3665.6000,1,2,1,1,2,1,1,1,1,1
SF,IF2012,2020-04-23 09:30:29.000,3657.6000,1812,-1,7681920.000,1,0,1,双平,S,3656.4000,3653.0000,3635.8000,3631.8000,3626.0000,3657.2000,3664.2000,3664.6000,3665.6000,3669.0000,1,2,1,1,2,1,1,1,1,1
SF,IF2012,2020-04-23 09:30:29.500,3657.6000,1812,0,7681920.000,0,-,-,-,-,3656.4000,3635.8000,3631.8000,3626.0000,3555.2000,3657.2000,3664.2000,3664.6000,3665.6000,3669.0000,1,1,1,2,1,1,1,1,1,1
SF,IF2012,2020-04-23 09:30:30.000,3657.2000,1811,-1,8779080.000,1,0,1,双平,S,3656.4000,3635.8000,3631.8000,3626.0000,3555.2000,3664.2000,3664.6000,3665.6000,3669.0000,3676.0000,1,1,1,2,1,1,1,1,1,1
SF,IF2012,2020-04-23 09:30:30.500,3657.2000,1811,0,8779080.000,0,-,-,-,-,3656.6000,3656.4000,3635.8000,3631.8000,3626.0000,3663.8000,3664.2000,3664.6000,3665.6000,3669.0000,3,1,1,1,2,2,1,1,1,1
SF,IF2012,2020-04-23 09:30:31.000,3657.2000,1811,0,8779080.000,0,-,-,-,-,3656.6000,3656.4000,3635.8000,3631.8000,3626.0000,3663.6000,3663.8000,3664.2000,3664.6000,3665.6000,3,1,1,1,2,1,2,1,1,1
SF,IF2012,2020-04-23 09:30:31.500,3657.2000,1811,0,8779080.000,0,-,-,-,-,3656.6000,3656.4000,3635.8000,3631.8000,3626.0000,3663.2000,3663.6000,3664.2000,3664.6000,3665.6000,2,1,1,1,2,2,1,1,1,1
SF,IF2012,2020-04-23 09:30:32.000,3657.2000,1811,0,8779080.000,0,-,-,-,-,3656.6000,3656.4000,3635.8000,3631.8000,3626.0000,3663.2000,3664.2000,3664.6000,3665.6000,3669.0000,2,1,1,1,2,2,1,1,1,1
SF,IF2012,2020-04-23 09:30:32.500,3657.2000,1811,0,8779080.000,0,-,-,-,-,3656.6000,3656.4000,3635.8000,3631.8000,3626.0000,3663.0000,3663.2000,3664.2000,3664.6000,3665.6000,2,1,1,1,2,1,2,1,1,1
SF,IF2012,2020-04-23 09:30:33.000,3657.2000,1811,0,8779080.000,0,-,-,-,-,3656.6000,3656.4000,3635.8000,3631.8000,3626.0000,3662.6000,3663.0000,3664.2000,3664.6000,3665.6000,2,1,1,1,2,2,1,1,1,1
SF,IF2012,2020-04-23 09:30:33.500,3657.2000,1811,0,8779080.000,0,-,-,-,-,3656.6000,3656.4000,3635.8000,3631.8000,3626.0000,3662.6000,3664.2000,3664.6000,3665.6000,3669.0000,2,1,1,1,2,2,1,1,1,1
SF,IF2012,2020-04-23 09:30:34.000,3657.2000,1811,0,8779080.000,0,-,-,-,-,3656.8000,3656.6000,3656.4000,3635.8000,3631.8000,3662.4000,3662.6000,3664.2000,3664.6000,3665.6000,2,2,1,1,1,1,2,1,1,1
SF,IF2012,2020-04-23 09:30:34.500,3657.2000,1811,0,8779080.000,0,-,-,-,-,3657.0000,3656.8000,3656.4000,3635.8000,3631.8000,3662.0000,3662.4000,3664.2000,3664.6000,3665.6000,1,2,1,1,1,2,1,1,1,1
SF,IF2012,2020-04-23 09:30:35.000,3657.2000,1811,0,8779080.000,0,-,-,-,-,3657.2000,3657.0000,3656.8000,3656.4000,3635.8000,3662.0000,3664.2000,3664.6000,3665.6000,3669.0000,1,1,2,1,1,2,1,1,1,1
SF,IF2012,2020-04-23 09:30:35.500,3657.2000,1811,0,8779080.000,0,-,-,-,-,3657.4000,3657.2000,3656.8000,3656.4000,3635.8000,3661.8000,3662.0000,3664.2000,3664.6000,3665.6000,1,1,2,1,1,1,2,1,1,1
SF,IF2012,2020-04-23 09:30:36.000,3657.2000,1811,0,8779080.000,0,-,-,-,-,3657.4000,3656.8000,3656.4000,3635.8000,3631.8000,3661.4000,3661.8000,3664.2000,3664.6000,3665.6000,1,2,1,1,1,2,1,1,1,1
SF,IF2012,2020-04-23 09:30:36.500,3657.2000,1811,0,8779080.000,0,-,-,-,-,3657.6000,3657.4000,3656.8000,3656.4000,3635.8000,3661.4000,3664.2000,3664.6000,3665.6000,3669.0000,1,1,2,1,1,2,1,1,1,1
SF,IF2012,2020-04-23 09:30:37.000,3657.2000,1811,0,8779080.000,0,-,-,-,-,3657.8000,3657.6000,3656.8000,3656.4000,3635.8000,3661.2000,3664.2000,3664.6000,3665.6000,3669.0000,1,1,2,1,1,1,1,1,1,1
SF,IF2012,2020-04-23 09:30:37.500,3657.2000,1811,0,8779080.000,0,-,-,-,-,3657.8000,3656.8000,3656.4000,3635.8000,3631.8000,3661.2000,3664.2000,3664.6000,3665.6000,3669.0000,1,2,1,1,1,1,1,1,1,1
SF,IF2012,2020-04-23 09:30:38.000,3657.2000,1811,0,8779080.000,0,-,-,-,-,3658.0000,3657.8000,3656.8000,3656.4000,3635.8000,3661.2000,3664.2000,3664.6000,3665.6000,3669.0000,1,1,1,1,1,1,1,1,1,1
SF,IF2012,2020-04-23 09:30:38.500,3657.2000,1811,0,8779080.000,0,-,-,-,-,3658.2000,3658.0000,3656.8000,3656.4000,3635.8000,3661.2000,3664.2000,3664.6000,3665.6000,3669.0000,1,1,1,1,1,1,1,1,1,1
SF,IF2012,2020-04-23 09:30:39.000,3657.2000,1811,0,8779080.000,0,-,-,-,-,3658.2000,3656.4000,3635.8000,3631.8000,3626.0000,3661.2000,3664.2000,3664.6000,3665.6000,3669.0000,1,1,1,1,2,1,1,1,1,1
SF,IF2012,2020-04-23 09:30:39.500,3657.2000,1811,0,8779080.000,0,-,-,-,-,3658.4000,3658.2000,3656.4000,3635.8000,3631.8000,3660.8000,3661.2000,3664.2000,3664.6000,3665.6000,1,1,1,1,1,2,1,1,1,1
SF,IF2012,2020-04-23 09:30:40.000,3657.2000,1811,0,8779080.000,0,-,-,-,-,3658.6000,3658.4000,3656.4000,3635.8000,3631.8000,3664.2000,3664.6000,3665.6000,3669.0000,3676.0000,1,1,1,1,1,1,1,1,1,1
SF,IF2012,2020-04-23 09:30:40.500,3657.2000,1811,0,8779080.000,0,-,-,-,-,3658.6000,3656.4000,3635.8000,3631.8000,3626.0000,3663.8000,3664.0000,3664.2000,3664.6000,3665.6000,1,1,1,1,2,2,1,1,1,1
SF,IF2012,2020-04-23 09:30:41.000,3657.2000,1811,0,8779080.000,0,-,-,-,-,3658.8000,3656.4000,3635.8000,3631.8000,3626.0000,3663.6000,3663.8000,3664.2000,3664.6000,3665.6000,1,1,1,1,2,2,2,1,1,1
SF,IF2012,2020-04-23 09:30:41.500,3657.2000,1811,0,8779080.000,0,-,-,-,-,3658.8000,3656.4000,3635.8000,3631.8000,3626.0000,3663.2000,3663.4000,3663.6000,3664.2000,3664.6000,1,1,1,1,2,2,1,2,1,1
SF,IF2012,2020-04-23 09:30:42.000,3658.8000,1810,-1,9876720.000,1,0,1,双平,S,3656.4000,3635.8000,3631.8000,3626.0000,3555.2000,3663.0000,3663.2000,3663.6000,3664.2000,3664.6000,1,1,1,2,1,1,2,1,1,1
SF,IF2012,2020-04-23 09:30:42.500,3658.8000,1810,0,9876720.000,0,-,-,-,-,3656.4000,3635.8000,3631.8000,3626.0000,3555.2000,3662.6000,3662.8000,3663.0000,3663.6000,3664.2000,1,1,1,2,1,2,1,1,1,1
SF,IF2012,2020-04-23 09:30:43.000,3658.8000,1810,0,9876720.000,0,-,-,-,-,3656.4000,3635.8000,3631.8000,3626.0000,3555.2000,3662.4000,3662.6000,3662.8000,3663.6000,3664.2000,1,1,1,2,1,1,2,1,1,1
SF,IF2012,2020-04-23 09:30:43.500,3658.8000,1810,0,9876720.000,0,-,-,-,-,3656.4000,3635.8000,3631.8000,3626.0000,3555.2000,3662.0000,3662.2000,3662.4000,3663.6000,3664.2000,1,1,1,2,1,3,1,1,1,1
SF,IF2012,2020-04-23 09:30:44.000,3658.8000,1810,0,9876720.000,0,-,-,-,-,3656.4000,3635.8000,3631.8000,3626.0000,3555.2000,3661.4000,3661.8000,3662.0000,3663.6000,3664.2000,1,1,1,2,1,1,1,3,1,1
SF,IF2012,2020-04-23 09:30:44.500,3658.8000,1810,0,9876720.000,0,-,-,-,-,3656.4000,3635.8000,3631.8000,3626.0000,3555.2000,3661.0000,3661.2000,3661.4000,3662.0000,3663.6000,1,1,1,2,1,2,2,1,1,1
SF,IF2012,2020-04-23 09:30:45.000,3658.8000,1810,0,9876720.000,0,-,-,-,-,3656.4000,3635.8000,3631.8000,3626.0000,3555.2000,3660.8000,3661.0000,3661.4000,3662.0000,3664.2000,1,1,1,2,1,1,2,1,1,1
SF,IF2012,2020-04-23 09:30:45.500,3658.8000,1810,0,9876720.000,0,-,-,-,-,3656.4000,3635.8000,3631.8000,3626.0000,3555.2000,3660.4000,3660.6000,3660.8000,3661.4000,3662.0000,1,1,1,2,1,2,1,1,1,1
SF,IF2012,2020-04-23 09:30:46.000,3658.8000,1810,0,9876720.000,0,-,-,-,-,3656.4000,3635.8000,3631.8000,3626.0000,3555.2000,3660.2000,3660.4000,3661.4000,3662.0000,3664.2000,1,1,1,2,1,1,2,1,1,1
SF,IF2012,2020-04-23 09:30:46.500,3658.8000,1810,0,9876720.000,0,-,-,-,-,3656.4000,3635.8000,3631.8000,3626.0000,3555.2000,3659.8000,3660.0000,3660.2000,3661.4000,3662.0000,1,1,1,2,1,2,1,1,1,1
SF,IF2012,2020-04-23 09:30:47.000,3658.8000,1810,0,9876720.000,0,-,-,-,-,3656.4000,3635.8000,3631.8000,3626.0000,3555.2000,3659.6000,3659.8000,3661.4000,3662.0000,3664.2000,1,1,1,2,1,1,2,1,1,1
SF,IF2012,2020-04-23 09:30:47.500,3658.8000,1810,0,9876720.000,0,-,-,-,-,3656.4000,3635.8000,3631.8000,3626.0000,3555.2000,3659.2000,3659.4000,3659.6000,3661.4000,3662.0000,1,1,1,2,1,2,1,1,1,1
SF,IF2012,2020-04-23 09:30:48.000,3658.8000,1810,0,9876720.000,0,-,-,-,-,3656.4000,3635.8000,3631.8000,3626.0000,3555.2000,3659.0000,3659.2000,3661.4000,3662.0000,3664.2000,1,1,1,2,1,1,2,1,1,1
SF,IF2012,2020-04-23 09:30:48.500,3658.8000,1810,0,9876720.000,0,-,-,-,-,3656.4000,3635.8000,3631.8000,3626.0000,3555.2000,3658.8000,3659.0000,3661.4000,3662.0000,3664.2000,1,1,1,2,1,3,1,1,1,1
SF,IF2012,2020-04-23 09:30:49.000,3658.8000,1810,0,9876720.000,0,-,-,-,-,3656.4000,3635.8000,3631.8000,3626.0000,3555.2000,3658.6000,3658.8000,3661.4000,3662.0000,3664.2000,1,1,1,2,1,1,3,1,1,1
SF,IF2012,2020-04-23 09:30:49.500,3658.8000,1810,0,9876720.000,0,-,-,-,-,3656.4000,3635.8000,3631.8000,3626.0000,3555.2000,3658.6000,3658.8000,3661.4000,3662.0000,3664.2000,1,1,1,2,1,1,2,1,1,1
SF,IF2012,2020-04-23 09:30:50.000,3658.8000,1810,0,9876720.000,0,-,-,-,-,3656.4000,3635.8000,3631.8000,3626.0000,3555.2000,3658.2000,3658.4000,3661.4000,3662.0000,3664.2000,1,1,1,2,1,2,1,1,1,1
SF,IF2012,2020-04-23 09:30:50.500,3658.8000,1810,0,9876720.000,0,-,-,-,-,3656.4000,3635.8000,3631.8000,3626.0000,3555.2000,3658.2000,3661.4000,3662.0000,3664.2000,3664.6000,1,1,1,2,1,2,1,1,1,1
SF,IF2012,2020-04-23 09:30:51.000,3658.8000,1810,0,9876720.000,0,-,-,-,-,3656.4000,3635.8000,3631.8000,3626.0000,3555.2000,3658.0000,3658.2000,3661.4000,3662.0000,3664.2000,1,1,1,2,1,1,2,1,1,1
SF,IF2012,2020-04-23 09:30:51.500,3658.8000,1810,0,9876720.000,0,-,-,-,-,3656.4000,3635.8000,3631.8000,3626.0000,3555.2000,3658.0000,3658.2000,3661.4000,3664.2000,3664.6000,1,1,1,2,1,2,2,1,1,1
SF,IF2012,2020-04-23 09:30:52.000,3658.8000,1810,0,9876720.000,0,-,-,-,-,3656.4000,3635.8000,3631.8000,3626.0000,3555.2000,3658.0000,3661.4000,3664.2000,3664.6000,3665.6000,1,1,1,2,1,2,1,1,1,1
SF,IF2012,2020-04-23 09:30:52.500,3658.8000,1810,0,9876720.000,0,-,-,-,-,3656.4000,3635.8000,3631.8000,3626.0000,3555.2000,3658.0000,3661.4000,3664.2000,3664.6000,3665.6000,1,1,1,2,1,1,1,1,1,1
SF,IF2012,2020-04-23 09:30:53.000,3658.2000,1810,0,10974180.000,1,0,1,多换,S,3656.4000,3635.8000,3631.8000,3626.0000,3555.2000,3661.4000,3664.2000,3664.6000,3665.6000,3669.0000,1,1,1,2,1,1,1,1,1,1
SF,IF2012,2020-04-23 09:30:53.500,3658.2000,1810,0,10974180.000,0,-,-,-,-,3656.6000,3656.4000,3635.8000,3631.8000,3626.0000,3661.0000,3661.2000,3661.4000,3664.2000,3664.6000,1,1,1,1,2,2,1,1,1,1
SF,IF2012,2020-04-23 09:30:54.000,3658.2000,1810,0,10974180.000,0,-,-,-,-,3656.6000,3656.4000,3635.8000,3631.8000,3626.0000,3661.0000,3661.4000,3664.2000,3664.6000,3665.6000,1,1,1,1,2,2,1,1,1,1
SF,IF2012,2020-04-23 09:30:54.500,3658.2000,1810,0,10974180.000,0,-,-,-,-,3656.6000,3656.4000,3635.8000,3631.8000,3626.0000,3660.8000,3661.0000,3664.2000,3664.6000,3665.6000,1,1,1,1,2,1,2,1,1,1
SF,IF2012,2020-04-23 09:30:55.000,3656.6000,1809,-1,12071160.000,1,0,1,双平,S,3656.4000,3635.8000,3631.8000,3626.0000,3555.2000,3660.4000,3660.6000,3660.8000,3664.2000,3664.6000,1,1,1,2,1,2,1,1,1,1
SF,IF2012,2020-04-23 09:30:55.500,3656.6000,1809,0,12071160.000,0,-,-,-,-,3656.4000,3635.8000,3631.8000,3626.0000,3555.2000,3660.2000,3660.4000,3664.2000,3664.6000,3665.6000,1,1,1,2,1,1,2,1,1,1
SF,IF2012,2020-04-23 09:30:56.000,3656.6000,1809,0,12071160.000,0,-,-,-,-,3656.4000,3635.8000,3631.8000,3626.0000,3555.2000,3659.8000,3660.0000,3660.2000,3664.2000,3664.6000,1,1,1,2,1,2,1,1,1,1
SF,IF2012,2020-04-23 09:30:56.500,3656.6000,1809,0,12071160.000,0,-,-,-,-,3656.4000,3635.8000,3631.8000,3626.0000,3555.2000,3659.6000,3659.8000,3664.2000,3664.6000,3665.6000,1,1,1,2,1,1,2,1,1,1
SF,IF2012,2020-04-23 09:30:57.000,3656.4000,1810,1,13168080.000,1,1,0,双开,S,3635.8000,3631.8000,3626.0000,3555.2000,3550.8000,3659.2000,3659.4000,3659.6000,3664.2000,3664.6000,1,1,2,1,1,2,1,1,1,1
SF,IF2012,2020-04-23 09:30:57.500,3656.4000,1810,0,13168080.000,0,-,-,-,-,3636.2000,3636.0000,3635.8000,3631.8000,3626.0000,3659.0000,3659.2000,3664.2000,3664.6000,3665.6000,2,4,3,1,2,1,2,1,1,1
SF,IF2012,2020-04-23 09:30:58.000,3656.4000,1810,0,13168080.000,0,-,-,-,-,3636.4000,3636.2000,3636.0000,3635.8000,3631.8000,3658.8000,3659.0000,3659.2000,3664.2000,3664.6000,1,2,2,1,1,1,1,2,1,1
SF,IF2012,2020-04-23 09:30:58.500,3656.4000,1810,0,13168080.000,0,-,-,-,-,3647.8000,3645.4000,3640.2000,3636.8000,3636.4000,3658.6000,3658.8000,3659.2000,3664.2000,3664.6000,1,1,1,2,2,1,1,2,1,1
SF,IF2012,2020-04-23 09:30:59.000,3656.4000,1810,0,13168080.000,0,-,-,-,-,3648.2000,3648.0000,3647.8000,3647.0000,3645.4000,3658.6000,3659.2000,3664.2000,3664.6000,3665.6000,2,1,1,1,1,1,2,1,1,1
SF,IF2012,2020-04-23 09:30:59.500,3656.4000,1810,0,13168080.000,0,-,-,-,-,3649.8000,3649.6000,3648.6000,3648.4000,3648.2000,3658.4000,3658.6000,3659.2000,3664.2000,3664.6000,1,4,2,1,2,1,1,2,1,1
SF,IF2012,2020-04-23 09:31:00.000,3656.4000,1810,0,13168080.000,0,-,-,-,-,3650.4000,3650.2000,3650.0000,3649.8000,3649.6000,3658.2000,3658.4000,3659.2000,3664.2000,3664.6000,1,2,3,1,4,2,1,2,1,1
SF,IF2012,2020-04-23 09:31:00.500,3656.4000,1810,0,13168080.000,0,-,-,-,-,3654.2000,3650.6000,3650.4000,3650.0000,3649.8000,3658.2000,3659.2000,3664.2000,3664.6000,3665.6000,1,3,1,2,1,2,2,1,1,1
SF,IF2012,2020-04-23 09:31:01.000,3656.4000,1810,0,13168080.000,0,-,-,-,-,3654.2000,3650.6000,3650.4000,3650.0000,3649.8000,3658.0000,3658.2000,3659.2000,3664.2000,3664.6000,1,1,1,2,1,1,2,2,1,1
SF,IF2012,2020-04-23 09:31:01.500,3656.4000,1810,0,13168080.000,0,-,-,-,-,3654.2000,3650.6000,3650.4000,3650.0000,3649.6000,3657.8000,3658.0000,3658.2000,3659.2000,3664.2000,1,1,1,2,4,1,1,1,2,1
SF,IF2012,2020-04-23 09:31:02.000,3656.4000,1810,0,13168080.000,0,-,-,-,-,3654.2000,3650.6000,3650.4000,3650.0000,3649.6000,3657.8000,3658.2000,3659.2000,3664.2000,3664.6000,1,1,1,2,4,1,1,2,1,1
SF,IF2012,2020-04-23 09:31:02.500,3656.4000,1810,0,13168080.000,0,-,-,-,-,3654.2000,3650.6000,3650.4000,3650.0000,3649.6000,3657.6000,3657.8000,3658.2000,3659.2000,3664.2000,1,1,1,1,4,1,1,1,2,1
SF,IF2012,2020-04-23 09:31:03.000,3656.4000,1810,0,13168080.000,0,-,-,-,-,3654.2000,3650.6000,3650.4000,3650.0000,3649.6000,3657.4000,3657.6000,3658.2000,3659.2000,3664.2000,1,1,1,1,4,1,1,1,2,1
SF,IF2012,2020-04-23 09:31:03.500,3656.4000,1810,0,13168080.000,0,-,-,-,-,3654.2000,3650.6000,3650.4000,3650.0000,3649.6000,3657.4000,3658.2000,3659.2000,3664.2000,3664.6000,1,1,1,1,4,1,1,2,1,1
SF,IF2012,2020-04-23 09:31:04.000,3656.4000,1810,0,13168080.000,0,-,-,-,-,3654.2000,3650.6000,3650.4000,3650.0000,3649.6000,3657.2000,3657.4000,3658.2000,3659.2000,3664.2000,1,1,1,1,4,1,1,1,2,1
SF,IF2012,2020-04-23 09:31:04.500,3656.4000,1810,0,13168080.000,0,-,-,-,-,3654.2000,3650.6000,3650.4000,3650.0000,3649.6000,3657.0000,3657.2000,3658.2000,3659.2000,3664.2000,1,1,1,1,4,1,1,1,2,1
SF,IF2012,2020-04-23 09:31:05.000,3656.4000,1810,0,13168080.000,0,-,-,-,-,3654.2000,3650.6000,3650.4000,3650.0000,3649.6000,3657.0000,3658.2000,3659.2000,3664.2000,3664.6000,1,1,1,1,4,1,1,2,1,1
SF,IF2012,2020-04-23 09:31:05.500,3656.4000,1810,0,13168080.000,0,-,-,-,-,3654.2000,3650.6000,3650.4000,3650.0000,3649.6000,3656.8000,3657.0000,3658.2000,3659.2000,3664.2000,1,1,1,1,4,1,1,1,2,1
SF,IF2012,2020-04-23 09:31:06.000,3656.4000,1810,0,13168080.000,0,-,-,-,-,3654.2000,3650.6000,3650.4000,3649.6000,3649.4000,3656.6000,3656.8000,3658.2000,3659.2000,3664.2000,1,1,1,3,1,1,1,1,2,1
SF,IF2012,2020-04-23 09:31:06.500,3656.4000,1810,0,13168080.000,0,-,-,-,-,3654.2000,3650.6000,3650.4000,3649.6000,3649.4000,3656.6000,3658.2000,3659.2000,3664.2000,3664.6000,1,1,1,3,1,1,1,2,1,1
SF,IF2012,2020-04-23 09:31:07.000,3656.4000,1810,0,13168080.000,0,-,-,-,-,3654.2000,3650.6000,3650.4000,3649.6000,3649.4000,3656.4000,3656.6000,3658.2000,3659.2000,3664.2000,1,1,1,3,1,1,1,1,2,1
SF,IF2012,2020-04-23 09:31:09.000,3656.4000,1810,0,13168080.000,0,-,-,-,-,3654.4000,3654.2000,3650.6000,3650.4000,3649.6000,3656.4000,3656.6000,3658.2000,3659.2000,3664.2000,1,1,1,1,3,1,1,1,2,1
SF,IF2012,2020-04-23 09:31:09.500,3656.4000,1810,0,13168080.000,0,-,-,-,-,3654.4000,3654.2000,3651.2000,3650.6000,3650.4000,3656.4000,3656.6000,3658.2000,3659.2000,3664.2000,1,1,1,1,1,1,1,1,2,1
SF,IF2012,2020-04-23 09:31:10.000,3656.4000,1810,0,13168080.000,0,-,-,-,-,3654.4000,3654.2000,3651.2000,3650.6000,3650.4000,3656.4000,3656.6000,3658.2000,3659.2000,3664.2000,1,1,1,1,1,1,1,1,2,1
SF,IF2012,2020-04-23 09:31:16.000,3656.4000,1810,0,13168080.000,0,-,-,-,-,3654.4000,3654.2000,3651.2000,3650.6000,3650.4000,3656.4000,3656.6000,3658.2000,3659.2000,3664.6000,1,1,1,1,1,1,1,1,2,1
SF,IF2012,2020-04-23 09:31:16.500,3656.4000,1810,0,13168080.000,0,-,-,-,-,3654.4000,3654.2000,3651.2000,3650.6000,3650.4000,3656.2000,3656.4000,3656.6000,3658.2000,3659.2000,1,1,1,1,1,1,3,1,1,2
SF,IF2012,2020-04-23 09:31:17.500,3656.4000,1810,0,13168080.000,0,-,-,-,-,3654.4000,3654.2000,3651.2000,3650.6000,3650.4000,3656.2000,3656.4000,3656.6000,3658.2000,3664.6000,1,1,1,1,1,1,3,1,1,1
SF,IF2012,2020-04-23 09:31:18.000,3656.4000,1810,0,13168080.000,0,-,-,-,-,3654.4000,3654.2000,3651.2000,3650.6000,3650.4000,3656.2000,3656.4000,3656.6000,3658.2000,3664.6000,1,1,1,1,1,1,2,1,1,1
SF,IF2012,2020-04-23 09:31:18.500,3656.4000,1810,0,13168080.000,0,-,-,-,-,3654.4000,3654.2000,3651.2000,3650.6000,3650.4000,3656.0000,3656.2000,3656.4000,3656.6000,3658.2000,1,1,1,1,1,1,1,2,1,1
SF,IF2012,2020-04-23 09:31:19.000,3656.0000,1809,-1,14264880.000,1,0,1,双平,S,3654.4000,3654.2000,3651.2000,3650.6000,3650.4000,3656.2000,3656.4000,3656.6000,3658.2000,3664.6000,1,1,1,1,1,1,2,1,1,1
SF,IF2012,2020-04-23 09:31:27.500,3656.0000,1809,0,14264880.000,0,-,-,-,-,3654.2000,3650.6000,3650.4000,3649.6000,3649.4000,3656.2000,3656.4000,3656.6000,3658.2000,3664.6000,1,1,1,3,1,1,2,1,1,1
SF,IF2012,2020-04-23 09:31:28.000,3656.0000,1809,0,14264880.000,0,-,-,-,-,3654.4000,3654.2000,3650.6000,3650.4000,3649.6000,3656.0000,3656.2000,3656.4000,3656.6000,3658.2000,1,1,1,1,3,1,1,2,1,1
SF,IF2012,2020-04-23 09:31:29.500,3654.4000,1808,-1,15361200.000,1,0,1,双平,S,3654.2000,3650.6000,3650.4000,3649.6000,3649.4000,3656.0000,3656.2000,3656.4000,3656.6000,3658.2000,1,1,1,3,1,1,1,2,1,1
SF,IF2012,2020-04-23 09:31:31.500,3656.0000,1807,-1,16458000.000,1,0,1,双平,S,3654.2000,3650.6000,3650.4000,3649.6000,3649.4000,3656.2000,3656.4000,3656.6000,3658.2000,3664.6000,1,1,1,3,1,1,2,1,1,1
SF,IF2012,2020-04-23 09:31:32.000,3656.0000,1807,0,16458000.000,0,-,-,-,-,3654.4000,3654.2000,3650.6000,3650.4000,3649.6000,3656.2000,3656.4000,3656.6000,3664.6000,3665.6000,1,1,1,1,3,1,2,1,1,1
SF,IF2012,2020-04-23 09:31:32.500,3656.0000,1807,0,16458000.000,0,-,-,-,-,3654.4000,3654.2000,3650.6000,3650.4000,3649.6000,3656.0000,3656.2000,3656.4000,3656.6000,3664.6000,1,1,1,1,3,1,1,2,1,1
SF,IF2012,2020-04-23 09:31:33.000,3656.2000,1806,-1,17554860.000,1,0,1,双平,S,3654.4000,3654.2000,3650.6000,3650.4000,3649.6000,3656.4000,3656.6000,3664.6000,3665.6000,3669.0000,1,1,1,1,3,2,1,1,1,1
SF,IF2012,2020-04-23 09:31:34.000,3656.4000,1806,0,19748700.000,2,1,1,多换,S,3654.6000,3654.4000,3654.2000,3650.4000,3649.6000,3656.6000,3664.6000,3665.6000,3669.0000,3676.0000,1,1,1,1,3,1,1,1,1,1
SF,IF2012,2020-04-23 09:31:34.500,3656.6000,1805,-1,20845680.000,1,0,1,双平,S,3654.8000,3654.6000,3654.2000,3650.4000,3649.6000,3664.6000,3665.6000,3669.0000,3676.0000,3756.2000,1,1,1,1,3,1,1,1,1,1
SF,IF2012,2020-04-23 09:31:35.000,3656.6000,1805,0,20845680.000,0,-,-,-,-,3655.0000,3654.8000,3654.6000,3654.2000,3649.6000,3660.4000,3664.2000,3664.4000,3664.6000,3665.6000,1,1,1,1,3,1,2,2,1,1
SF,IF2012,2020-04-23 09:31:35.500,3656.6000,1805,0,20845680.000,0,-,-,-,-,3655.2000,3655.0000,3654.2000,3649.6000,3649.4000,3656.6000,3660.2000,3660.4000,3664.4000,3664.6000,1,2,1,3,1,1,3,1,1,1
SF,IF2012,2020-04-23 09:31:36.000,3656.6000,1804,-1,21942660.000,1,0,1,双平,S,3655.2000,3655.0000,3654.2000,3649.6000,3649.4000,3660.2000,3660.4000,3664.4000,3664.6000,3665.6000,1,1,1,3,1,3,1,1,1,1
SF,IF2012,2020-04-23 09:31:36.500,3656.6000,1804,0,21942660.000,0,-,-,-,-,3655.4000,3655.2000,3655.0000,3654.2000,3649.6000,3660.2000,3660.4000,3664.6000,3665.6000,3669.0000,1,1,1,1,3,3,1,1,1,1
SF,IF2012,2020-04-23 09:31:37.000,3656.6000,1804,0,21942660.000,0,-,-,-,-,3655.6000,3655.4000,3654.2000,3649.6000,3649.4000,3660.2000,3660.4000,3664.6000,3665.6000,3669.0000,2,1,1,3,1,3,1,1,1,1
SF,IF2012,2020-04-23 09:31:37.500,3656.6000,1804,0,21942660.000,0,-,-,-,-,3655.6000,3654.2000,3649.6000,3649.4000,3647.8000,3660.2000,3660.4000,3664.6000,3665.6000,3669.0000,1,1,3,1,1,3,1,1,1,1
SF,IF2012,2020-04-23 09:31:38.500,3656.6000,1804,0,21942660.000,0,-,-,-,-,3655.6000,3654.2000,3649.6000,3649.4000,3647.8000,3659.0000,3660.2000,3660.4000,3664.6000,3665.6000,1,1,3,1,1,1,3,1,1,1
SF,IF2012,2020-04-23 09:31:39.000,3656.6000,1804,0,21942660.000,0,-,-,-,-,3655.6000,3654.2000,3649.6000,3649.4000,3647.8000,3658.8000,3659.0000,3660.2000,3660.4000,3664.6000,1,1,3,1,1,1,1,2,1,1
SF,IF2012,2020-04-23 09:31:40.500,3656.6000,1804,0,21942660.000,0,-,-,-,-,3655.6000,3654.2000,3649.6000,3649.4000,3647.8000,3658.6000,3658.8000,3660.2000,3660.4000,3664.6000,1,1,3,1,1,1,1,2,1,1
SF,IF2012,2020-04-23 09:31:41.000,3656.6000,1804,0,21942660.000,0,-,-,-,-,3655.6000,3654.2000,3649.6000,3649.4000,3647.8000,3658.4000,3658.6000,3660.2000,3660.4000,3664.6000,1,1,3,1,1,1,1,2,1,1
SF,IF2012,2020-04-23 09:31:42.500,3656.6000,1804,0,21942660.000,0,-,-,-,-,3655.6000,3654.2000,3649.6000,3649.4000,3647.8000,3658.2000,3658.4000,3660.2000,3660.4000,3664.6000,1,1,3,1,1,1,1,2,1,1
SF,IF2012,2020-04-23 09:31:43.000,3656.6000,1804,0,21942660.000,0,-,-,-,-,3655.8000,3655.6000,3654.2000,3649.6000,3649.4000,3658.0000,3660.2000,3660.4000,3664.6000,3665.6000,1,1,1,3,1,1,2,1,1,1
SF,IF2012,2020-04-23 09:31:43.500,3656.6000,1804,0,21942660.000,0,-,-,-,-,3656.0000,3655.8000,3654.2000,3649.6000,3649.4000,3658.0000,3660.2000,3660.4000,3664.6000,3665.6000,1,1,1,3,1,1,2,1,1,1
SF,IF2012,2020-04-23 09:31:45.000,3656.6000,1804,0,21942660.000,0,-,-,-,-,3656.0000,3655.8000,3654.2000,3649.6000,3649.4000,3658.0000,3660.2000,3660.4000,3664.6000,3665.6000,3,1,1,3,1,1,2,1,1,1
SF,IF2012,2020-04-23 09:31:46.000,3656.0000,1803,-1,23039460.000,1,0,1,双平,S,3656.0000,3655.8000,3654.2000,3649.6000,3649.4000,3658.0000,3664.6000,3665.6000,3667.8000,3669.0000,2,1,1,3,1,1,1,1,3,1
SF,IF2012,2020-04-23 09:31:46.500,3656.0000,1803,0,23039460.000,0,-,-,-,-,3656.2000,3656.0000,3655.8000,3654.2000,3649.6000,3664.6000,3665.6000,3667.8000,3669.0000,3676.0000,2,2,1,1,3,1,1,3,1,1
SF,IF2012,2020-04-23 09:31:47.000,3656.0000,1803,0,23039460.000,0,-,-,-,-,3656.4000,3656.2000,3656.0000,3654.2000,3649.6000,3661.2000,3664.2000,3664.4000,3664.6000,3665.6000,3,2,2,1,3,1,2,1,1,1
SF,IF2012,2020-04-23 09:31:47.500,3656.0000,1803,0,23039460.000,0,-,-,-,-,3656.8000,3656.6000,3656.4000,3656.0000,3654.2000,3661.0000,3661.2000,3664.6000,3665.6000,3667.8000,1,2,3,2,1,3,1,1,1,3
SF,IF2012,2020-04-23 09:31:48.000,3656.0000,1803,0,23039460.000,0,-,-,-,-,3657.0000,3656.8000,3656.6000,3656.0000,3654.2000,3661.0000,3661.2000,3664.6000,3665.6000,3667.8000,3,1,1,2,1,3,1,1,1,3
SF,IF2012,2020-04-23 09:31:48.500,3656.0000,1803,0,23039460.000,0,-,-,-,-,3657.0000,3656.8000,3656.6000,3656.0000,3654.2000,3661.0000,3661.2000,3664.6000,3665.6000,3667.8000,1,1,1,2,1,3,1,1,1,3
SF,IF2012,2020-04-23 09:31:49.000,3656.0000,1803,0,23039460.000,0,-,-,-,-,3657.0000,3656.8000,3656.0000,3654.2000,3649.6000,3661.0000,3661.2000,3664.6000,3665.6000,3667.8000,1,1,2,1,3,3,1,1,1,3
SF,IF2012,2020-04-23 09:31:49.500,3656.0000,1803,0,23039460.000,0,-,-,-,-,3657.0000,3656.0000,3654.2000,3649.6000,3649.4000,3661.0000,3661.2000,3664.6000,3665.6000,3667.8000,1,2,1,3,1,1,1,1,1,3
SF,IF2012,2020-04-23 09:31:50.000,3656.0000,1803,0,23039460.000,0,-,-,-,-,3657.2000,3657.0000,3656.0000,3654.2000,3649.6000,3661.0000,3661.2000,3664.6000,3665.6000,3667.8000,1,1,2,1,3,1,1,1,1,3
SF,IF2012,2020-04-23 09:31:50.500,3656.0000,1803,0,23039460.000,0,-,-,-,-,3657.4000,3657.2000,3656.0000,3654.2000,3649.6000,3660.6000,3661.0000,3661.2000,3664.6000,3665.6000,1,1,2,1,3,1,1,1,1,1
SF,IF2012,2020-04-23 09:31:51.000,3656.0000,1803,0,23039460.000,0,-,-,-,-,3657.6000,3657.4000,3657.2000,3656.0000,3654.2000,3660.4000,3660.6000,3664.6000,3665.6000,3667.8000,1,1,1,2,1,1,1,1,1,3
SF,IF2012,2020-04-23 09:31:51.500,3656.0000,1803,0,23039460.000,0,-,-,-,-,3657.8000,3657.6000,3657.2000,3656.0000,3654.2000,3660.4000,3660.6000,3664.6000,3665.6000,3667.8000,1,1,1,2,1,1,1,1,1,3
SF,IF2012,2020-04-23 09:31:52.000,3656.0000,1803,0,23039460.000,0,-,-,-,-,3658.0000,3657.8000,3657.2000,3656.0000,3654.2000,3660.4000,3664.6000,3665.6000,3667.8000,3669.0000,1,1,1,2,1,1,1,1,3,1
SF,IF2012,2020-04-23 09:31:52.500,3656.0000,1803,0,23039460.000,0,-,-,-,-,3658.2000,3658.0000,3657.2000,3656.0000,3654.2000,3660.4000,3664.6000,3665.6000,3667.8000,3669.0000,1,1,1,2,1,1,1,1,3,1
SF,IF2012,2020-04-23 09:31:56.000,3656.0000,1803,0,23039460.000,0,-,-,-,-,3658.2000,3658.0000,3656.0000,3654.2000,3649.6000,3660.4000,3664.6000,3665.6000,3667.8000,3669.0000,1,1,2,1,3,1,1,1,3,1
SF,IF2012,2020-04-23 09:31:56.500,3656.0000,1803,0,23039460.000,0,-,-,-,-,3656.0000,3654.2000,3649.6000,3649.4000,3647.8000,3660.4000,3664.6000,3665.6000,3667.8000,3669.0000,2,1,3,1,1,1,1,1,3,1
SF,IF2012,2020-04-23 09:31:57.000,3656.0000,1803,0,23039460.000,0,-,-,-,-,3656.2000,3656.0000,3654.2000,3649.6000,3649.4000,3660.4000,3664.6000,3665.6000,3667.8000,3669.0000,1,2,1,3,1,1,1,1,3,1
SF,IF2012,2020-04-23 09:31:57.500,3656.0000,1803,0,23039460.000,0,-,-,-,-,3656.4000,3656.2000,3656.0000,3654.2000,3649.6000,3660.4000,3664.6000,3665.6000,3667.8000,3669.0000,1,1,2,1,3,1,1,1,3,1
SF,IF2012,2020-04-23 09:31:58.000,3656.0000,1803,0,23039460.000,0,-,-,-,-,3656.6000,3656.4000,3656.0000,3654.2000,3649.6000,3660.4000,3664.6000,3665.6000,3667.8000,3669.0000,2,1,2,1,3,1,1,1,3,1
SF,IF2012,2020-04-23 09:31:58.500,3656.0000,1803,0,23039460.000,0,-,-,-,-,3656.8000,3656.6000,3656.0000,3654.2000,3649.6000,3660.4000,3664.6000,3665.6000,3667.8000,3669.0000,1,2,2,1,3,1,1,1,3,1
SF,IF2012,2020-04-23 09:31:59.000,3656.0000,1803,0,23039460.000,0,-,-,-,-,3657.0000,3656.0000,3654.2000,3649.6000,3649.4000,3660.4000,3664.6000,3665.6000,3667.8000,3669.0000,2,2,1,3,1,1,1,1,3,1
SF,IF2012,2020-04-23 09:31:59.500,3656.0000,1803,0,23039460.000,0,-,-,-,-,3657.0000,3656.0000,3654.2000,3649.6000,3649.4000,3660.2000,3660.4000,3664.6000,3665.6000,3667.8000,1,2,1,3,1,1,1,1,1,3
SF,IF2012,2020-04-23 09:32:00.000,3656.0000,1803,0,23039460.000,0,-,-,-,-,3657.0000,3656.0000,3654.2000,3649.6000,3649.4000,3660.0000,3660.2000,3664.6000,3665.6000,3667.8000,1,2,1,3,1,2,1,1,1,3
SF,IF2012,2020-04-23 09:32:00.500,3656.0000,1803,0,23039460.000,0,-,-,-,-,3657.0000,3656.0000,3654.2000,3649.6000,3649.4000,3660.0000,3660.2000,3664.6000,3665.6000,3667.8000,1,2,1,3,1,1,1,1,1,3
SF,IF2012,2020-04-23 09:32:01.000,3656.0000,1803,0,23039460.000,0,-,-,-,-,3657.0000,3656.0000,3654.2000,3649.6000,3649.4000,3659.8000,3660.0000,3664.6000,3665.6000,3667.8000,1,2,1,3,1,1,1,1,1,3
SF,IF2012,2020-04-23 09:32:01.500,3656.0000,1803,0,23039460.000,0,-,-,-,-,3657.0000,3656.0000,3654.2000,3649.6000,3649.4000,3659.6000,3659.8000,3664.6000,3665.6000,3667.8000,1,2,1,3,1,2,1,1,1,3
SF,IF2012,2020-04-23 09:32:02.500,3656.0000,1803,0,23039460.000,0,-,-,-,-,3657.0000,3656.0000,3654.2000,3649.6000,3649.4000,3659.6000,3664.6000,3665.6000,3667.8000,3669.0000,1,2,1,3,1,2,1,1,3,1
SF,IF2012,2020-04-23 09:32:07.000,3656.0000,1803,0,23039460.000,0,-,-,-,-,3657.0000,3656.0000,3654.2000,3649.6000,3649.4000,3659.6000,3664.6000,3665.6000,3667.8000,3669.0000,1,2,1,3,1,1,1,1,3,1
SF,IF2012,2020-04-23 09:32:07.500,3656.0000,1803,0,23039460.000,0,-,-,-,-,3657.4000,3657.2000,3657.0000,3656.0000,3654.2000,3659.6000,3664.6000,3665.6000,3667.8000,3669.0000,1,1,1,2,1,1,1,1,3,1
SF,IF2012,2020-04-23 09:32:08.000,3656.0000,1803,0,23039460.000,0,-,-,-,-,3657.6000,3657.4000,3657.2000,3656.0000,3654.2000,3659.6000,3664.6000,3665.6000,3667.8000,3669.0000,1,1,2,2,1,1,1,1,3,1
SF,IF2012,2020-04-23 09:32:08.500,3656.0000,1803,0,23039460.000,0,-,-,-,-,3657.8000,3657.6000,3657.2000,3656.0000,3654.2000,3659.6000,3664.6000,3665.6000,3667.8000,3669.0000,1,1,2,2,1,1,1,1,3,1
SF,IF2012,2020-04-23 09:32:09.000,3656.0000,1803,0,23039460.000,0,-,-,-,-,3658.0000,3657.8000,3657.2000,3656.0000,3654.2000,3659.6000,3664.6000,3665.6000,3667.8000,3669.0000,1,1,2,2,1,1,1,1,3,1
SF,IF2012,2020-04-23 09:32:09.500,3656.0000,1803,0,23039460.000,0,-,-,-,-,3658.2000,3658.0000,3657.2000,3656.0000,3654.2000,3659.6000,3664.6000,3665.6000,3667.8000,3669.0000,1,1,2,2,1,1,1,1,3,1
SF,IF2012,2020-04-23 09:32:10.500,3656.0000,1803,0,23039460.000,0,-,-,-,-,3658.0000,3657.2000,3656.0000,3654.2000,3649.6000,3659.6000,3664.6000,3665.6000,3667.8000,3669.0000,1,2,2,1,3,1,1,1,3,1
SF,IF2012,2020-04-23 09:32:11.000,3656.0000,1803,0,23039460.000,0,-,-,-,-,3657.2000,3656.0000,3654.2000,3649.6000,3649.4000,3659.6000,3664.6000,3665.6000,3667.8000,3669.0000,2,2,1,3,1,1,1,1,3,1
SF,IF2012,2020-04-23 09:32:11.500,3656.0000,1803,0,23039460.000,0,-,-,-,-,3657.4000,3657.2000,3656.0000,3654.2000,3649.6000,3659.4000,3659.6000,3664.6000,3665.6000,3667.8000,2,2,2,1,3,1,1,1,1,3
SF,IF2012,2020-04-23 09:32:12.000,3656.0000,1803,0,23039460.000,0,-,-,-,-,3657.4000,3657.2000,3656.0000,3654.2000,3649.6000,3659.2000,3664.6000,3665.6000,3667.8000,3669.0000,2,1,2,1,3,1,1,1,3,1
SF,IF2012,2020-04-23 09:32:13.000,3656.0000,1803,0,23039460.000,0,-,-,-,-,3657.4000,3657.2000,3656.0000,3654.2000,3649.6000,3659.2000,3664.6000,3665.6000,3667.8000,3669.0000,1,1,2,1,3,1,1,1,3,1
SF,IF2012,2020-04-23 09:32:14.500,3656.0000,1803,0,23039460.000,0,-,-,-,-,3657.4000,3657.2000,3656.0000,3654.2000,3649.6000,3659.0000,3659.2000,3664.6000,3665.6000,3667.8000,1,1,2,1,3,1,1,1,1,3
SF,IF2012,2020-04-23 09:32:15.000,3657.4000,1802,-1,24136680.000,1,0,1,双平,S,3656.8000,3656.0000,3654.2000,3649.6000,3649.4000,3658.8000,3664.6000,3665.6000,3667.8000,3669.0000,1,2,1,3,1,2,1,1,3,1
SF,IF2012,2020-04-23 09:32:15.500,3657.4000,1802,0,24136680.000,0,-,-,-,-,3656.8000,3656.0000,3654.2000,3649.6000,3649.4000,3658.6000,3658.8000,3664.6000,3665.6000,3667.8000,1,2,1,3,1,1,1,1,1,3
SF,IF2012,2020-04-23 09:32:16.000,3657.4000,1802,0,24136680.000,0,-,-,-,-,3656.8000,3656.0000,3654.2000,3649.6000,3649.4000,3658.4000,3658.6000,3664.6000,3665.6000,3667.8000,1,2,1,3,1,1,1,1,1,3
SF,IF2012,2020-04-23 09:32:16.500,3657.4000,1802,0,24136680.000,0,-,-,-,-,3656.8000,3656.0000,3654.2000,3649.6000,3649.4000,3658.2000,3658.4000,3664.6000,3665.6000,3667.8000,1,2,1,3,1,1,1,1,1,3
SF,IF2012,2020-04-23 09:32:17.000,3657.4000,1802,0,24136680.000,0,-,-,-,-,3656.8000,3656.0000,3654.2000,3649.6000,3649.4000,3658.0000,3658.2000,3664.6000,3665.6000,3667.8000,1,2,1,3,1,1,1,1,1,3
SF,IF2012,2020-04-23 09:32:18.000,3657.4000,1802,0,24136680.000,0,-,-,-,-,3656.8000,3656.0000,3654.2000,3649.6000,3649.4000,3658.0000,3664.6000,3665.6000,3667.8000,3669.0000,1,2,1,3,1,1,1,1,3,1
SF,IF2012,2020-04-23 09:32:19.000,3656.8000,1801,-1,25233720.000,1,0,1,双平,S,3656.0000,3654.2000,3649.6000,3649.4000,3647.8000,3658.0000,3664.6000,3665.6000,3667.8000,3669.0000,2,1,3,1,1,1,1,1,3,1
SF,IF2012,2020-04-23 09:32:19.500,3656.8000,1801,0,25233720.000,0,-,-,-,-,3656.2000,3656.0000,3654.2000,3649.6000,3649.4000,3657.8000,3658.0000,3664.6000,3665.6000,3667.8000,1,2,1,3,1,1,1,1,1,3
SF,IF2012,2020-04-23 09:32:20.000,3656.8000,1801,0,25233720.000,0,-,-,-,-,3656.0000,3654.2000,3649.6000,3649.4000,3647.8000,3657.6000,3664.6000,3665.6000,3667.8000,3669.0000,2,1,3,1,1,2,1,1,3,1
SF,IF2012,2020-04-23 09:32:21.000,3656.8000,1801,0,25233720.000,0,-,-,-,-,3656.2000,3656.0000,3654.2000,3649.6000,3649.4000,3657.6000,3664.6000,3665.6000,3667.8000,3669.0000,1,2,1,3,1,1,1,1,3,1
SF,IF2012,2020-04-23 09:32:21.500,3656.8000,1801,0,25233720.000,0,-,-,-,-,3656.0000,3654.2000,3649.6000,3649.4000,3647.8000,3657.4000,3657.6000,3664.6000,3665.6000,3667.8000,2,1,3,1,1,1,1,1,1,3
SF,IF2012,2020-04-23 09:32:22.000,3656.8000,1801,0,25233720.000,0,-,-,-,-,3656.0000,3654.2000,3649.6000,3649.4000,3647.8000,3657.2000,3664.6000,3665.6000,3667.8000,3669.0000,2,1,3,1,1,1,1,1,3,1
SF,IF2012,2020-04-23 09:32:22.500,3657.2000,1800,-1,26330880.000,1,0,1,双平,S,3657.0000,3656.2000,3656.0000,3654.2000,3649.6000,3664.6000,3665.6000,3667.8000,3669.0000,3676.0000,1,2,2,1,3,1,1,3,1,1
SF,IF2012,2020-04-23 09:32:23.000,3657.2000,1799,-1,27428040.000,1,0,1,双平,S,3657.2000,3657.0000,3656.0000,3654.2000,3649.6000,3659.8000,3664.0000,3664.2000,3664.4000,3664.6000,1,1,2,1,3,1,1,2,1,1
SF,IF2012,2020-04-23 09:32:23.500,3657.2000,1799,0,27428040.000,0,-,-,-,-,3657.2000,3657.0000,3656.0000,3654.2000,3649.6000,3659.6000,3659.8000,3664.0000,3664.2000,3664.4000,1,1,2,1,3,1,1,1,2,1
SF,IF2012,2020-04-23 09:32:24.000,3657.2000,1799,0,27428040.000,0,-,-,-,-,3657.4000,3657.2000,3657.0000,3656.0000,3654.2000,3659.6000,3659.8000,3664.0000,3664.2000,3664.4000,1,1,1,2,1,1,1,1,2,1
SF,IF2012,2020-04-23 09:32:24.500,3657.2000,1799,0,27428040.000,0,-,-,-,-,3657.4000,3657.2000,3657.0000,3656.0000,3654.2000,3659.6000,3664.0000,3664.2000,3664.6000,3667.8000,1,1,1,2,1,1,1,2,1,3
SF,IF2012,2020-04-23 09:32:25.000,3657.2000,1799,0,27428040.000,0,-,-,-,-,3657.4000,3657.2000,3657.0000,3656.0000,3654.2000,3659.6000,3664.2000,3664.6000,3667.8000,3669.0000,1,1,1,2,1,1,2,1,3,1
SF,IF2012,2020-04-23 09:32:25.500,3657.2000,1799,0,27428040.000,0,-,-,-,-,3657.2000,3657.0000,3656.0000,3654.2000,3649.6000,3659.6000,3664.2000,3664.6000,3667.8000,3669.0000,1,1,2,1,3,1,2,1,3,1
SF,IF2012,2020-04-23 09:32:26.000,3657.2000,1799,0,27428040.000,0,-,-,-,-,3657.4000,3657.2000,3657.0000,3656.0000,3654.2000,3659.6000,3664.2000,3664.6000,3667.8000,3669.0000,1,1,1,2,1,1,2,1,3,1
SF,IF2012,2020-04-23 09:32:26.500,3657.2000,1799,0,27428040.000,0,-,-,-,-,3657.2000,3657.0000,3656.0000,3654.2000,3649.6000,3659.4000,3659.6000,3664.2000,3664.6000,3667.8000,1,1,2,1,3,1,1,2,1,3
SF,IF2012,2020-04-23 09:32:27.000,3657.2000,1799,0,27428040.000,0,-,-,-,-,3657.4000,3657.2000,3657.0000,3656.0000,3654.2000,3659.2000,3664.2000,3664.6000,3667.8000,3669.0000,1,1,1,2,1,1,2,1,3,1
SF,IF2012,2020-04-23 09:32:27.500,3657.2000,1799,0,27428040.000,0,-,-,-,-,3657.2000,3657.0000,3656.0000,3654.2000,3649.6000,3659.2000,3664.2000,3664.6000,3667.8000,3669.0000,1,1,2,1,3,1,2,1,3,1
SF,IF2012,2020-04-23 09:32:28.500,3657.2000,1799,0,27428040.000,0,-,-,-,-,3657.2000,3657.0000,3656.0000,3654.2000,3649.6000,3659.0000,3659.2000,3664.2000,3664.6000,3667.8000,1,1,2,1,3,1,1,2,1,3
SF,IF2012,2020-04-23 09:32:29.000,3657.2000,1799,0,27428040.000,0,-,-,-,-,3657.4000,3657.0000,3656.0000,3654.2000,3649.6000,3658.8000,3664.2000,3664.6000,3667.8000,3669.0000,1,1,2,1,3,1,2,1,3,1
SF,IF2012,2020-04-23 09:32:29.500,3657.2000,1799,0,27428040.000,0,-,-,-,-,3657.6000,3657.4000,3657.0000,3656.0000,3654.2000,3658.8000,3664.2000,3664.6000,3667.8000,3669.0000,1,1,1,2,1,1,2,1,3,1
SF,IF2012,2020-04-23 09:32:30.000,3657.2000,1799,0,27428040.000,0,-,-,-,-,3657.6000,3657.0000,3656.0000,3654.2000,3649.6000,3658.8000,3664.2000,3664.6000,3667.8000,3669.0000,1,1,2,1,3,1,2,1,3,1
SF,IF2012,2020-04-23 09:32:30.500,3657.2000,1799,0,27428040.000,0,-,-,-,-,3657.0000,3656.0000,3654.2000,3649.6000,3649.4000,3658.8000,3664.2000,3664.6000,3667.8000,3669.0000,1,2,1,3,1,1,2,1,3,1
SF,IF2012,2020-04-23 09:32:31.000,3657.2000,1799,0,27428040.000,0,-,-,-,-,3657.2000,3657.0000,3656.0000,3654.2000,3649.6000,3658.8000,3664.2000,3664.6000,3667.8000,3669.0000,1,1,2,1,3,1,2,1,3,1
SF,IF2012,2020-04-23 09:32:31.500,3657.2000,1799,0,27428040.000,0,-,-,-,-,3657.2000,3657.0000,3656.0000,3654.2000,3649.6000,3658.8000,3664.2000,3664.6000,3667.8000,3669.0000,2,1,2,1,3,1,2,1,3,1
SF,IF2012,2020-04-23 09:32:32.000,3657.2000,1799,0,27428040.000,0,-,-,-,-,3657.4000,3657.2000,3657.0000,3656.0000,3654.2000,3658.8000,3664.2000,3664.6000,3667.8000,3669.0000,1,1,1,2,1,1,2,1,3,1
SF,IF2012,2020-04-23 09:32:33.500,3658.8000,1798,-1,28525680.000,1,0,1,双平,S,3657.2000,3657.0000,3656.0000,3654.2000,3649.6000,3664.2000,3664.6000,3667.8000,3669.0000,3676.0000,1,1,2,1,3,2,1,3,1,1
SF,IF2012,2020-04-23 09:32:34.000,3658.8000,1798,0,28525680.000,0,-,-,-,-,3657.6000,3657.4000,3657.2000,3657.0000,3656.0000,3660.6000,3664.0000,3664.2000,3664.6000,3667.8000,1,1,1,1,2,1,2,3,1,3
SF,IF2012,2020-04-23 09:32:34.500,3658.8000,1798,0,28525680.000,0,-,-,-,-,3657.8000,3657.0000,3656.0000,3654.2000,3649.6000,3660.4000,3660.6000,3664.0000,3664.2000,3664.6000,2,1,2,1,3,1,1,1,3,1
SF,IF2012,2020-04-23 09:32:35.000,3658.8000,1798,0,28525680.000,0,-,-,-,-,3657.8000,3657.0000,3656.0000,3654.2000,3649.6000,3660.4000,3660.6000,3664.2000,3664.6000,3667.8000,3,1,2,1,3,1,1,2,1,3
SF,IF2012,2020-04-23 09:32:36.000,3658.8000,1798,0,28525680.000,0,-,-,-,-,3658.2000,3657.8000,3657.0000,3656.0000,3654.2000,3660.4000,3660.6000,3664.2000,3664.6000,3667.8000,1,2,1,2,1,1,1,2,1,3
SF,IF2012,2020-04-23 09:32:36.500,3658.8000,1798,0,28525680.000,0,-,-,-,-,3658.4000,3658.2000,3657.8000,3657.0000,3656.0000,3660.4000,3660.6000,3664.2000,3664.6000,3667.8000,1,1,1,1,2,1,1,2,1,3
SF,IF2012,2020-04-23 09:32:37.000,3658.8000,1798,0,28525680.000,0,-,-,-,-,3658.6000,3658.4000,3657.8000,3657.0000,3656.0000,3660.4000,3660.6000,3664.2000,3664.6000,3667.8000,1,1,1,1,2,1,1,2,1,3
SF,IF2012,2020-04-23 09:32:39.000,3658.8000,1798,0,28525680.000,0,-,-,-,-,3658.4000,3657.8000,3657.0000,3656.0000,3654.2000,3660.4000,3664.2000,3664.6000,3667.8000,3669.0000,1,1,1,2,1,1,2,1,3,1
SF,IF2012,2020-04-23 09:32:39.500,3658.8000,1798,0,28525680.000,0,-,-,-,-,3657.8000,3657.0000,3656.0000,3654.2000,3649.6000,3660.2000,3660.4000,3664.2000,3664.6000,3667.8000,1,1,2,1,3,1,1,2,1,3
SF,IF2012,2020-04-23 09:32:40.000,3658.8000,1798,0,28525680.000,0,-,-,-,-,3658.0000,3657.8000,3657.0000,3656.0000,3654.2000,3660.0000,3660.2000,3664.2000,3664.6000,3667.8000,1,1,1,2,1,2,1,2,1,3
SF,IF2012,2020-04-23 09:32:40.500,3658.8000,1798,0,28525680.000,0,-,-,-,-,3657.8000,3657.0000,3656.0000,3654.2000,3649.6000,3659.8000,3660.0000,3660.2000,3664.2000,3664.6000,1,1,2,1,3,1,1,1,2,1
SF,IF2012,2020-04-23 09:32:41.000,3658.8000,1798,0,28525680.000,0,-,-,-,-,3657.8000,3657.0000,3656.0000,3654.2000,3649.6000,3659.6000,3660.2000,3664.2000,3664.6000,3667.8000,1,1,2,1,3,2,1,2,1,3
SF,IF2012,2020-04-23 09:32:41.500,3658.8000,1798,0,28525680.000,0,-,-,-,-,3657.0000,3656.0000,3654.2000,3649.6000,3649.4000,3659.6000,3660.2000,3664.2000,3664.6000,3667.8000,1,2,1,3,1,2,1,2,1,3
SF,IF2012,2020-04-23 09:32:42.000,3658.8000,1798,0,28525680.000,0,-,-,-,-,3657.2000,3657.0000,3656.0000,3654.2000,3649.6000,3659.6000,3660.2000,3664.2000,3664.6000,3667.8000,1,1,2,1,3,2,1,2,1,3
SF,IF2012,2020-04-23 09:32:42.500,3658.8000,1798,0,28525680.000,0,-,-,-,-,3657.2000,3657.0000,3656.0000,3654.2000,3649.6000,3659.4000,3659.6000,3660.2000,3664.2000,3664.6000,1,1,2,1,3,1,1,1,2,1
SF,IF2012,2020-04-23 09:32:43.000,3658.8000,1798,0,28525680.000,0,-,-,-,-,3657.2000,3657.0000,3656.0000,3654.2000,3649.6000,3659.2000,3659.4000,3660.2000,3664.2000,3664.6000,1,1,2,1,3,1,1,1,2,1
SF,IF2012,2020-04-23 09:32:44.000,3658.8000,1798,0,28525680.000,0,-,-,-,-,3657.2000,3657.0000,3656.0000,3654.2000,3649.6000,3659.0000,3659.2000,3660.2000,3664.2000,3664.6000,1,1,2,1,3,1,1,1,2,1
SF,IF2012,2020-04-23 09:32:44.500,3658.8000,1798,0,28525680.000,0,-,-,-,-,3657.4000,3657.2000,3657.0000,3656.0000,3654.2000,3658.8000,3660.2000,3664.2000,3664.6000,3667.8000,1,1,1,2,1,1,1,2,1,3
SF,IF2012,2020-04-23 09:32:46.000,3658.8000,1798,0,28525680.000,0,-,-,-,-,3657.2000,3657.0000,3656.0000,3654.2000,3649.6000,3658.8000,3660.2000,3664.2000,3664.6000,3667.8000,1,1,2,1,3,1,1,2,1,3
SF,IF2012,2020-04-23 09:32:46.500,3658.8000,1798,0,28525680.000,0,-,-,-,-,3657.8000,3657.6000,3657.2000,3657.0000,3656.0000,3660.2000,3664.2000,3664.6000,3667.8000,3669.0000,1,1,1,1,2,1,2,1,3,1
SF,IF2012,2020-04-23 09:32:47.000,3658.8000,1798,0,28525680.000,0,-,-,-,-,3658.0000,3657.8000,3657.0000,3656.0000,3654.2000,3660.0000,3660.2000,3664.2000,3664.6000,3667.8000,1,1,1,2,1,2,1,2,1,3
SF,IF2012,2020-04-23 09:32:47.500,3658.8000,1798,0,28525680.000,0,-,-,-,-,3657.8000,3657.0000,3656.0000,3654.2000,3649.6000,3659.8000,3660.0000,3660.2000,3664.2000,3664.6000,1,1,2,1,3,1,1,1,2,1
SF,IF2012,2020-04-23 09:32:48.000,3658.8000,1798,0,28525680.000,0,-,-,-,-,3657.8000,3657.0000,3656.0000,3654.2000,3649.6000,3658.8000,3659.6000,3659.8000,3660.2000,3664.2000,1,1,2,1,3,1,1,1,1,2
SF,IF2012,2020-04-23 09:32:48.500,3658.8000,1798,0,28525680.000,0,-,-,-,-,3657.8000,3657.0000,3656.0000,3654.2000,3649.6000,3658.8000,3659.6000,3660.2000,3664.2000,3664.6000,1,1,2,1,3,1,1,1,2,1
SF,IF2012,2020-04-23 09:32:54.500,3658.8000,1797,-1,29623320.000,1,0,1,双平,S,3657.8000,3657.0000,3656.0000,3654.2000,3649.6000,3659.6000,3660.2000,3664.2000,3664.6000,3667.8000,1,1,2,1,3,1,1,2,1,3
SF,IF2012,2020-04-23 09:32:58.000,3658.8000,1797,0,29623320.000,0,-,-,-,-,3657.8000,3657.0000,3656.0000,3654.2000,3649.6000,3659.4000,3659.6000,3660.2000,3664.2000,3664.6000,1,1,2,1,3,1,1,1,2,1
SF,IF2012,2020-04-23 09:32:58.500,3658.8000,1797,0,29623320.000,0,-,-,-,-,3657.8000,3657.0000,3656.0000,3654.2000,3649.6000,3659.2000,3660.2000,3664.2000,3664.6000,3667.8000,1,1,2,1,3,2,1,2,1,3
SF,IF2012,2020-04-23 09:33:01.500,3658.8000,1797,0,29623320.000,0,-,-,-,-,3657.8000,3657.0000,3656.0000,3654.2000,3649.6000,3659.2000,3660.2000,3664.2000,3664.6000,3667.8000,1,1,2,1,3,1,1,2,1,3
SF,IF2012,2020-04-23 09:33:06.500,3658.8000,1797,0,29623320.000,0,-,-,-,-,3657.8000,3657.0000,3656.0000,3654.2000,3649.6000,3659.0000,3659.2000,3660.2000,3664.2000,3664.6000,1,1,2,1,3,1,1,1,2,1
SF,IF2012,2020-04-23 09:33:07.000,3658.8000,1797,0,29623320.000,0,-,-,-,-,3657.8000,3657.0000,3656.0000,3654.2000,3649.6000,3658.8000,3660.2000,3664.2000,3664.6000,3667.8000,1,1,2,1,3,1,1,2,1,3
SF,IF2012,2020-04-23 09:33:07.500,3657.8000,1797,0,30720660.000,1,0,1,多换,S,3657.0000,3656.0000,3654.2000,3649.6000,3649.4000,3658.8000,3660.2000,3664.2000,3664.6000,3667.8000,1,2,1,3,1,1,1,2,1,3
SF,IF2012,2020-04-23 09:33:08.000,3657.8000,1797,0,30720660.000,0,-,-,-,-,3657.2000,3657.0000,3656.0000,3654.2000,3649.6000,3658.8000,3660.2000,3664.2000,3664.6000,3667.8000,1,1,2,1,3,1,1,2,1,3
SF,IF2012,2020-04-23 09:33:08.500,3657.8000,1797,0,30720660.000,0,-,-,-,-,3657.2000,3657.0000,3656.0000,3654.2000,3649.6000,3658.6000,3658.8000,3660.2000,3664.2000,3664.6000,1,1,2,1,3,1,1,1,2,1
SF,IF2012,2020-04-23 09:33:09.000,3657.8000,1797,0,30720660.000,0,-,-,-,-,3657.0000,3656.0000,3654.2000,3649.6000,3649.4000,3658.4000,3658.6000,3660.2000,3664.2000,3664.6000,1,2,1,3,1,1,1,1,2,1
SF,IF2012,2020-04-23 09:33:11.500,3657.8000,1797,0,30720660.000,0,-,-,-,-,3657.0000,3656.0000,3654.2000,3649.6000,3649.4000,3658.4000,3660.2000,3664.2000,3664.6000,3667.8000,1,2,1,3,1,1,1,2,1,3
SF,IF2012,2020-04-23 09:33:17.000,3657.8000,1797,0,30720660.000,0,-,-,-,-,3657.0000,3656.0000,3654.2000,3649.6000,3649.4000,3658.4000,3660.2000,3664.2000,3664.6000,3667.8000,1,3,1,3,1,1,1,2,1,3
SF,IF2012,2020-04-23 09:33:19.000,3657.8000,1797,0,30720660.000,0,-,-,-,-,3657.0000,3656.0000,3654.2000,3649.6000,3649.4000,3658.2000,3658.4000,3660.2000,3664.2000,3664.6000,1,3,1,3,1,1,1,1,2,1
SF,IF2012,2020-04-23 09:33:19.500,3657.8000,1797,0,30720660.000,0,-,-,-,-,3657.0000,3656.0000,3654.2000,3649.6000,3649.4000,3658.0000,3660.2000,3664.2000,3664.6000,3667.8000,1,3,1,3,1,1,1,2,1,3
SF,IF2012,2020-04-23 09:33:23.500,3657.0000,1797,0,31817760.000,1,0,1,多换,S,3656.0000,3654.2000,3649.6000,3649.4000,3647.8000,3658.0000,3660.2000,3664.2000,3664.6000,3667.8000,3,1,3,1,1,1,1,2,1,3
SF,IF2012,2020-04-23 09:33:24.000,3657.0000,1797,0,31817760.000,0,-,-,-,-,3656.0000,3654.2000,3649.6000,3649.4000,3647.8000,3657.8000,3658.0000,3660.2000,3664.2000,3664.6000,3,1,3,1,1,1,1,1,2,1
SF,IF2012,2020-04-23 09:33:24.500,3657.0000,1797,0,31817760.000,0,-,-,-,-,3656.0000,3654.2000,3649.6000,3649.4000,3647.8000,3657.6000,3657.8000,3660.2000,3664.2000,3664.6000,3,1,3,1,1,1,1,1,2,1
SF,IF2012,2020-04-23 09:33:25.000,3657.0000,1797,0,31817760.000,0,-,-,-,-,3656.0000,3654.2000,3649.6000,3649.4000,3647.8000,3657.4000,3657.6000,3660.2000,3664.2000,3664.6000,3,1,3,1,1,1,1,1,2,1
SF,IF2012,2020-04-23 09:33:25.500,3657.0000,1797,0,31817760.000,0,-,-,-,-,3656.0000,3654.2000,3649.6000,3649.4000,3647.8000,3657.2000,3657.4000,3660.2000,3664.2000,3664.6000,3,1,3,1,1,1,1,1,2,1
SF,IF2012,2020-04-23 09:33:26.000,3657.0000,1797,0,31817760.000,0,-,-,-,-,3656.0000,3654.2000,3649.6000,3649.4000,3647.8000,3657.2000,3660.2000,3664.2000,3664.6000,3667.8000,3,1,3,1,1,1,1,2,1,3
SF,IF2012,2020-04-23 09:33:26.500,3657.2000,1796,-1,32914920.000,1,0,1,双平,S,3656.0000,3654.2000,3649.6000,3649.4000,3647.8000,3660.2000,3664.2000,3664.6000,3667.8000,3669.0000,3,1,3,1,1,1,2,1,3,1
SF,IF2012,2020-04-23 09:33:27.000,3656.2000,1795,-1,34011780.000,1,0,1,双平,S,3656.0000,3654.2000,3649.6000,3649.4000,3647.8000,3659.8000,3660.0000,3660.2000,3664.6000,3667.8000,3,1,3,1,1,2,1,1,1,3
SF,IF2012,2020-04-23 09:33:27.500,3656.2000,1795,0,34011780.000,0,-,-,-,-,3656.2000,3656.0000,3654.2000,3649.6000,3649.4000,3659.6000,3659.8000,3664.6000,3667.8000,3669.0000,1,3,1,3,1,1,2,1,3,1
SF,IF2012,2020-04-23 09:33:28.000,3656.2000,1795,0,34011780.000,0,-,-,-,-,3656.4000,3656.2000,3656.0000,3654.2000,3649.6000,3659.0000,3659.6000,3664.6000,3667.8000,3669.0000,1,1,3,1,3,1,1,1,3,1
SF,IF2012,2020-04-23 09:33:28.500,3656.2000,1795,0,34011780.000,0,-,-,-,-,3656.6000,3656.4000,3656.0000,3654.2000,3649.6000,3658.8000,3664.6000,3667.8000,3669.0000,3672.0000,2,1,3,1,3,1,1,3,1,9
SF,IF2012,2020-04-23 09:33:29.000,3656.2000,1795,0,34011780.000,0,-,-,-,-,3657.0000,3656.6000,3656.4000,3656.0000,3654.2000,3664.6000,3667.8000,3669.0000,3672.0000,3676.0000,1,1,1,3,1,1,3,1,9,1
SF,IF2012,2020-04-23 09:33:29.500,3656.2000,1795,0,34011780.000,0,-,-,-,-,3657.2000,3656.0000,3654.2000,3649.6000,3649.4000,3660.0000,3664.2000,3664.4000,3664.6000,3667.8000,2,3,1,3,1,1,2,2,1,3
SF,IF2012,2020-04-23 09:33:30.000,3656.2000,1795,0,34011780.000,0,-,-,-,-,3657.2000,3656.0000,3654.2000,3649.6000,3649.4000,3659.8000,3660.0000,3664.2000,3664.4000,3664.6000,1,3,1,3,1,2,1,2,1,1
SF,IF2012,2020-04-23 09:33:30.500,3656.2000,1795,0,34011780.000,0,-,-,-,-,3656.0000,3654.2000,3649.6000,3649.4000,3647.8000,3659.8000,3660.0000,3664.2000,3664.4000,3664.6000,3,1,3,1,1,2,1,2,1,1
SF,IF2012,2020-04-23 09:33:31.000,3656.2000,1795,0,34011780.000,0,-,-,-,-,3656.2000,3656.0000,3654.2000,3649.6000,3649.4000,3659.8000,3660.0000,3664.2000,3664.6000,3667.8000,1,3,1,3,1,1,1,2,1,3
SF,IF2012,2020-04-23 09:33:31.500,3656.2000,1795,0,34011780.000,0,-,-,-,-,3656.2000,3656.0000,3654.2000,3649.6000,3649.4000,3659.8000,3664.2000,3664.6000,3667.8000,3669.0000,1,3,1,3,1,1,2,1,3,1
SF,IF2012,2020-04-23 09:33:32.000,3656.2000,1795,0,34011780.000,0,-,-,-,-,3656.4000,3656.2000,3656.0000,3654.2000,3649.6000,3659.6000,3659.8000,3664.2000,3664.6000,3667.8000,1,1,3,1,3,1,1,2,1,3
SF,IF2012,2020-04-23 09:33:32.500,3656.2000,1795,0,34011780.000,0,-,-,-,-,3656.8000,3656.6000,3656.4000,3656.0000,3654.2000,3659.4000,3664.2000,3664.6000,3667.8000,3669.0000,1,1,1,3,1,1,2,1,3,1
SF,IF2012,2020-04-23 09:33:33.000,3656.2000,1795,0,34011780.000,0,-,-,-,-,3657.0000,3656.8000,3656.0000,3654.2000,3649.6000,3659.4000,3664.2000,3664.6000,3667.8000,3669.0000,2,1,3,1,3,1,2,1,3,1
SF,IF2012,2020-04-23 09:33:33.500,3656.2000,1795,0,34011780.000,0,-,-,-,-,3657.2000,3657.0000,3656.0000,3654.2000,3649.6000,3659.4000,3664.2000,3664.6000,3667.8000,3669.0000,1,2,3,1,3,1,2,1,3,1
SF,IF2012,2020-04-23 09:33:34.000,3656.2000,1795,0,34011780.000,0,-,-,-,-,3657.4000,3657.2000,3657.0000,3656.0000,3654.2000,3659.4000,3664.2000,3664.6000,3667.8000,3669.0000,1,1,1,3,1,1,2,1,3,1
SF,IF2012,2020-04-23 09:33:34.500,3656.2000,1795,0,34011780.000,0,-,-,-,-,3657.6000,3657.4000,3657.0000,3656.0000,3654.2000,3659.4000,3664.2000,3664.6000,3667.8000,3669.0000,1,1,1,3,1,1,2,1,3,1
SF,IF2012,2020-04-23 09:33:35.000,3656.2000,1795,0,34011780.000,0,-,-,-,-,3657.8000,3657.6000,3657.0000,3656.0000,3654.2000,3659.4000,3664.2000,3664.6000,3667.8000,3669.0000,1,1,1,3,1,1,2,1,3,1
SF,IF2012,2020-04-23 09:33:35.500,3656.2000,1795,0,34011780.000,0,-,-,-,-,3657.8000,3657.0000,3656.0000,3654.2000,3649.6000,3659.2000,3659.4000,3664.2000,3664.6000,3667.8000,1,1,3,1,3,1,1,2,1,3
SF,IF2012,2020-04-23 09:33:36.000,3656.2000,1795,0,34011780.000,0,-,-,-,-,3657.0000,3656.0000,3654.2000,3649.6000,3649.4000,3659.0000,3659.2000,3664.2000,3664.6000,3667.8000,1,3,1,3,1,1,1,2,1,3
SF,IF2012,2020-04-23 09:33:36.500,3656.2000,1795,0,34011780.000,0,-,-,-,-,3657.2000,3657.0000,3656.0000,3654.2000,3649.6000,3659.0000,3664.2000,3664.6000,3667.8000,3669.0000,2,1,3,1,3,1,2,1,3,1
SF,IF2012,2020-04-23 09:33:37.500,3656.2000,1795,0,34011780.000,0,-,-,-,-,3657.2000,3657.0000,3656.0000,3654.2000,3649.4000,3659.0000,3664.2000,3664.6000,3667.8000,3669.0000,2,1,3,1,1,1,2,1,3,1
SF,IF2012,2020-04-23 09:33:38.500,3656.2000,1795,0,34011780.000,0,-,-,-,-,3657.4000,3657.2000,3657.0000,3656.0000,3654.2000,3659.0000,3664.2000,3664.6000,3667.8000,3669.0000,1,1,1,3,1,1,2,1,3,1
SF,IF2012,2020-04-23 09:33:39.000,3659.0000,1794,-1,35109480.000,1,0,1,双平,S,3657.6000,3657.0000,3656.0000,3654.2000,3649.4000,3664.2000,3664.6000,3667.8000,3669.0000,3672.0000,2,1,3,1,1,2,1,3,1,9
SF,IF2012,2020-04-23 09:33:39.500,3659.0000,1794,0,35109480.000,0,-,-,-,-,3657.8000,3657.6000,3656.0000,3654.2000,3649.4000,3660.8000,3664.0000,3664.2000,3664.6000,3667.8000,1,1,3,1,1,1,1,2,1,3
SF,IF2012,2020-04-23 09:33:40.000,3659.0000,1794,0,35109480.000,0,-,-,-,-,3658.0000,3657.8000,3657.0000,3656.0000,3654.2000,3660.6000,3660.8000,3664.2000,3664.6000,3667.8000,1,2,1,3,1,1,1,2,1,3
SF,IF2012,2020-04-23 09:33:40.500,3659.0000,1794,0,35109480.000,0,-,-,-,-,3658.2000,3658.0000,3657.8000,3657.0000,3656.0000,3660.6000,3660.8000,3664.2000,3664.6000,3667.8000,1,1,1,1,3,1,1,2,1,3
SF,IF2012,2020-04-23 09:33:41.000,3659.0000,1794,0,35109480.000,0,-,-,-,-,3658.4000,3658.2000,3657.0000,3656.0000,3654.2000,3660.6000,3660.8000,3664.2000,3664.6000,3667.8000,2,1,1,3,1,1,1,2,1,3
SF,IF2012,2020-04-23 09:33:41.500,3659.0000,1794,0,35109480.000,0,-,-,-,-,3658.4000,3658.2000,3657.0000,3656.0000,3654.2000,3660.4000,3660.6000,3660.8000,3664.2000,3664.6000,1,1,1,3,1,1,1,1,2,1
SF,IF2012,2020-04-23 09:33:42.000,3659.0000,1794,0,35109480.000,0,-,-,-,-,3658.4000,3658.2000,3657.0000,3656.0000,3654.2000,3660.2000,3660.8000,3664.2000,3664.6000,3667.8000,1,1,1,3,1,2,1,2,1,3
SF,IF2012,2020-04-23 09:33:43.000,3659.0000,1794,0,35109480.000,0,-,-,-,-,3658.4000,3658.2000,3657.0000,3656.2000,3656.0000,3660.2000,3660.8000,3664.2000,3664.6000,3667.8000,1,1,1,1,3,2,1,2,1,3
SF,IF2012,2020-04-23 09:33:44.000,3659.0000,1794,0,35109480.000,0,-,-,-,-,3658.4000,3658.2000,3657.0000,3656.2000,3656.0000,3660.2000,3660.8000,3664.2000,3664.6000,3667.8000,1,1,1,1,3,1,1,2,1,3
SF,IF2012,2020-04-23 09:33:45.000,3659.0000,1794,0,35109480.000,0,-,-,-,-,3658.4000,3658.2000,3657.0000,3656.2000,3656.0000,3660.2000,3660.8000,3664.2000,3664.6000,3667.8000,1,1,1,1,3,1,1,2,1,3
SF,IF2012,2020-04-23 09:33:46.000,3659.0000,1794,0,35109480.000,0,-,-,-,-,3658.4000,3658.2000,3657.0000,3656.2000,3656.0000,3660.2000,3664.2000,3664.6000,3667.8000,3669.0000,1,1,1,1,3,1,2,1,3,1
SF,IF2012,2020-04-23 09:33:46.500,3659.0000,1794,0,35109480.000,0,-,-,-,-,3658.4000,3658.2000,3657.0000,3656.2000,3656.0000,3664.2000,3664.6000,3667.8000,3669.0000,3672.0000,1,1,1,1,3,2,1,3,1,9
SF,IF2012,2020-04-23 09:33:47.000,3659.0000,1794,0,35109480.000,0,-,-,-,-,3658.6000,3658.4000,3657.0000,3656.2000,3656.0000,3661.2000,3664.0000,3664.2000,3664.6000,3667.8000,2,1,1,1,3,1,1,2,1,3
SF,IF2012,2020-04-23 09:33:47.500,3659.0000,1794,0,35109480.000,0,-,-,-,-,3658.8000,3658.6000,3657.0000,3656.2000,3656.0000,3661.0000,3661.2000,3664.2000,3664.6000,3667.8000,1,1,1,1,3,1,1,2,1,3
SF,IF2012,2020-04-23 09:33:49.500,3659.0000,1794,0,35109480.000,0,-,-,-,-,3658.8000,3658.6000,3657.0000,3656.2000,3656.0000,3660.8000,3661.0000,3661.2000,3664.2000,3664.6000,1,1,1,1,3,1,1,1,2,1
SF,IF2012,2020-04-23 09:33:50.000,3659.0000,1794,0,35109480.000,0,-,-,-,-,3658.8000,3658.6000,3657.0000,3656.2000,3656.0000,3660.6000,3660.8000,3661.2000,3664.2000,3664.6000,1,1,1,1,3,1,1,1,2,1
SF,IF2012,2020-04-23 09:33:50.500,3659.0000,1794,0,35109480.000,0,-,-,-,-,3658.8000,3658.6000,3657.0000,3656.2000,3656.0000,3660.6000,3661.2000,3664.2000,3664.6000,3667.8000,1,1,1,1,3,2,1,2,1,3
SF,IF2012,2020-04-23 09:33:51.000,3658.8000,1793,-1,36207120.000,1,0,1,双平,S,3657.0000,3656.2000,3656.0000,3655.2000,3654.2000,3660.4000,3660.6000,3661.2000,3664.2000,3664.6000,1,1,3,1,1,2,1,1,2,1
SF,IF2012,2020-04-23 09:33:51.500,3658.8000,1793,0,36207120.000,0,-,-,-,-,3657.2000,3657.0000,3656.2000,3656.0000,3655.2000,3660.2000,3660.4000,3661.2000,3664.2000,3664.6000,1,1,1,3,1,1,2,1,2,1
SF,IF2012,2020-04-23 09:33:52.000,3658.8000,1793,0,36207120.000,0,-,-,-,-,3657.2000,3657.0000,3656.2000,3656.0000,3655.2000,3660.2000,3661.2000,3664.2000,3664.6000,3667.8000,1,1,1,3,1,1,1,2,1,3
SF,IF2012,2020-04-23 09:33:52.500,3658.8000,1793,0,36207120.000,0,-,-,-,-,3657.2000,3657.0000,3656.2000,3656.0000,3655.2000,3660.0000,3660.2000,3661.2000,3664.2000,3664.6000,1,1,1,3,1,1,1,1,2,1
SF,IF2012,2020-04-23 09:33:53.000,3658.8000,1793,0,36207120.000,0,-,-,-,-,3657.4000,3657.2000,3657.0000,3656.2000,3656.0000,3659.8000,3660.0000,3661.2000,3664.2000,3664.6000,1,1,1,1,3,1,1,1,2,1
SF,IF2012,2020-04-23 09:33:53.500,3658.8000,1793,0,36207120.000,0,-,-,-,-,3657.6000,3657.0000,3656.2000,3656.0000,3655.2000,3659.8000,3661.2000,3664.2000,3664.6000,3667.8000,2,1,1,3,1,1,1,2,1,3
SF,IF2012,2020-04-23 09:33:55.000,3658.8000,1793,0,36207120.000,0,-,-,-,-,3658.0000,3657.6000,3657.0000,3656.2000,3656.0000,3659.8000,3661.2000,3664.2000,3664.6000,3667.8000,1,1,1,1,3,1,1,2,1,3
SF,IF2012,2020-04-23 09:33:55.500,3658.8000,1793,0,36207120.000,0,-,-,-,-,3658.2000,3658.0000,3657.0000,3656.2000,3656.0000,3659.8000,3661.2000,3664.2000,3664.6000,3667.8000,1,1,1,1,3,1,1,2,1,3
SF,IF2012,2020-04-23 09:33:56.000,3658.8000,1793,0,36207120.000,0,-,-,-,-,3658.4000,3658.2000,3657.0000,3656.2000,3656.0000,3659.8000,3661.2000,3664.2000,3664.6000,3667.8000,1,1,1,1,3,1,1,2,1,3
SF,IF2012,2020-04-23 09:33:57.500,3658.8000,1793,0,36207120.000,0,-,-,-,-,3658.2000,3657.0000,3656.2000,3656.0000,3655.2000,3659.8000,3661.2000,3664.2000,3664.6000,3667.8000,1,1,1,3,1,1,1,2,1,3
SF,IF2012,2020-04-23 09:33:58.000,3658.8000,1793,0,36207120.000,0,-,-,-,-,3658.4000,3658.2000,3657.0000,3656.2000,3656.0000,3659.8000,3661.2000,3664.2000,3664.6000,3667.8000,1,1,1,1,3,1,1,2,1,3
SF,IF2012,2020-04-23 09:33:58.500,3658.8000,1793,0,36207120.000,0,-,-,-,-,3658.6000,3658.4000,3657.0000,3656.2000,3656.0000,3659.8000,3661.2000,3664.2000,3664.6000,3667.8000,1,1,1,1,3,1,1,2,1,3
SF,IF2012,2020-04-23 09:33:59.000,3658.8000,1793,0,36207120.000,0,-,-,-,-,3658.6000,3657.0000,3656.2000,3656.0000,3655.2000,3659.8000,3661.2000,3664.2000,3664.6000,3667.8000,1,1,1,3,1,1,1,2,1,3
SF,IF2012,2020-04-23 09:34:02.500,3658.6000,1792,-1,37304700.000,1,0,1,双平,S,3657.0000,3656.2000,3656.0000,3655.2000,3654.2000,3659.8000,3661.2000,3664.2000,3664.6000,3667.8000,1,1,3,1,1,1,1,2,1,3
SF,IF2012,2020-04-23 09:34:03.000,3658.6000,1792,0,37304700.000,0,-,-,-,-,3657.2000,3657.0000,3656.2000,3656.0000,3655.2000,3659.8000,3661.2000,3664.2000,3664.6000,3667.8000,1,1,1,3,1,1,1,2,1,3
SF,IF2012,2020-04-23 09:34:04.500,3658.6000,1792,0,37304700.000,0,-,-,-,-,3657.4000,3657.2000,3657.0000,3656.2000,3656.0000,3659.8000,3661.2000,3664.2000,3664.6000,3667.8000,1,1,1,1,3,1,1,2,1,3
SF,IF2012,2020-04-23 09:34:05.000,3658.6000,1792,0,37304700.000,0,-,-,-,-,3657.6000,3657.4000,3657.0000,3656.2000,3656.0000,3659.8000,3661.2000,3664.2000,3664.6000,3667.8000,3,1,1,1,3,1,1,2,1,3
SF,IF2012,2020-04-23 09:34:06.000,3658.6000,1792,0,37304700.000,0,-,-,-,-,3657.6000,3657.0000,3656.2000,3656.0000,3655.2000,3659.8000,3661.2000,3664.2000,3664.6000,3667.8000,3,1,1,3,1,1,1,2,1,3
SF,IF2012,2020-04-23 09:34:09.000,3658.6000,1792,0,37304700.000,0,-,-,-,-,3657.6000,3657.0000,3656.2000,3656.0000,3655.2000,3659.8000,3661.2000,3664.2000,3664.6000,3667.8000,2,1,1,3,1,1,1,2,1,3
SF,IF2012,2020-04-23 09:34:12.000,3658.6000,1792,0,37304700.000,0,-,-,-,-,3657.6000,3657.0000,3656.2000,3656.0000,3655.2000,3659.6000,3659.8000,3661.2000,3664.2000,3664.6000,2,1,1,3,1,1,1,1,2,1
SF,IF2012,2020-04-23 09:34:12.500,3658.6000,1792,0,37304700.000,0,-,-,-,-,3657.8000,3657.6000,3657.0000,3656.2000,3656.0000,3659.4000,3661.2000,3664.2000,3664.6000,3667.8000,1,1,1,1,3,1,1,2,1,3
SF,IF2012,2020-04-23 09:34:13.000,3658.6000,1792,0,37304700.000,0,-,-,-,-,3658.0000,3657.6000,3657.0000,3656.2000,3656.0000,3659.4000,3661.2000,3664.2000,3664.6000,3667.8000,1,1,1,1,3,1,1,2,1,3
SF,IF2012,2020-04-23 09:34:17.000,3658.6000,1792,0,37304700.000,0,-,-,-,-,3658.2000,3657.6000,3657.0000,3656.2000,3656.0000,3659.4000,3661.2000,3664.2000,3664.6000,3667.8000,1,1,1,1,3,1,1,2,1,3
SF,IF2012,2020-04-23 09:34:17.500,3658.6000,1792,0,37304700.000,0,-,-,-,-,3657.6000,3657.0000,3656.2000,3656.0000,3655.2000,3659.4000,3661.2000,3664.2000,3664.6000,3667.8000,1,1,1,3,1,1,1,2,1,3
SF,IF2012,2020-04-23 09:34:18.000,3658.6000,1792,0,37304700.000,0,-,-,-,-,3657.8000,3657.6000,3657.0000,3656.2000,3656.0000,3659.4000,3661.2000,3664.2000,3664.6000,3667.8000,1,1,1,1,3,1,1,2,1,3
SF,IF2012,2020-04-23 09:34:18.500,3658.6000,1792,0,37304700.000,0,-,-,-,-,3658.0000,3657.6000,3657.0000,3656.2000,3656.0000,3659.4000,3661.2000,3664.2000,3664.6000,3667.8000,1,1,1,1,3,1,1,2,1,3
SF,IF2012,2020-04-23 09:34:19.000,3658.6000,1792,0,37304700.000,0,-,-,-,-,3658.2000,3658.0000,3657.0000,3656.2000,3656.0000,3659.4000,3661.2000,3664.2000,3664.6000,3667.8000,1,1,1,1,3,1,1,2,1,3
SF,IF2012,2020-04-23 09:34:19.500,3658.6000,1792,0,37304700.000,0,-,-,-,-,3658.2000,3657.0000,3656.2000,3656.0000,3655.2000,3659.4000,3661.2000,3664.2000,3664.6000,3667.8000,1,1,1,3,1,1,1,2,1,3
SF,IF2012,2020-04-23 09:34:20.000,3658.6000,1792,0,37304700.000,0,-,-,-,-,3657.0000,3656.2000,3656.0000,3655.2000,3654.2000,3659.4000,3661.2000,3664.2000,3664.6000,3667.8000,1,1,3,1,1,1,1,2,1,3
SF,IF2012,2020-04-23 09:34:20.500,3658.6000,1792,0,37304700.000,0,-,-,-,-,3657.2000,3657.0000,3656.2000,3656.0000,3655.2000,3659.4000,3661.2000,3664.2000,3664.6000,3667.8000,2,1,1,3,1,1,1,2,1,3
SF,IF2012,2020-04-23 09:34:21.000,3658.6000,1792,0,37304700.000,0,-,-,-,-,3657.6000,3657.2000,3657.0000,3656.2000,3656.0000,3659.4000,3661.2000,3664.2000,3664.6000,3667.8000,1,1,1,1,3,1,1,2,1,3
SF,IF2012,2020-04-23 09:34:21.500,3658.6000,1792,0,37304700.000,0,-,-,-,-,3657.8000,3657.6000,3657.0000,3656.2000,3656.0000,3659.4000,3661.2000,3664.2000,3664.6000,3667.8000,1,1,1,1,3,1,1,2,1,3
SF,IF2012,2020-04-23 09:34:22.000,3658.6000,1792,0,37304700.000,0,-,-,-,-,3658.0000,3657.8000,3657.0000,3656.2000,3656.0000,3659.4000,3661.2000,3664.2000,3664.6000,3667.8000,1,1,1,1,3,1,1,2,1,3
SF,IF2012,2020-04-23 09:34:23.500,3658.6000,1792,0,37304700.000,0,-,-,-,-,3657.8000,3657.0000,3656.2000,3656.0000,3655.2000,3659.4000,3661.2000,3664.2000,3664.6000,3667.8000,1,1,1,3,1,1,1,2,1,3
SF,IF2012,2020-04-23 09:34:24.500,3658.6000,1792,0,37304700.000,0,-,-,-,-,3658.0000,3657.8000,3657.0000,3656.2000,3656.0000,3659.4000,3661.2000,3664.2000,3664.6000,3667.8000,1,1,1,1,3,1,1,2,1,3
SF,IF2012,2020-04-23 09:34:25.500,3658.6000,1792,0,37304700.000,0,-,-,-,-,3657.8000,3657.0000,3656.2000,3656.0000,3655.2000,3659.4000,3661.2000,3664.2000,3664.6000,3667.8000,1,1,1,3,1,1,1,2,1,3
SF,IF2012,2020-04-23 09:34:26.000,3658.6000,1792,0,37304700.000,0,-,-,-,-,3657.0000,3656.2000,3656.0000,3655.2000,3654.2000,3659.2000,3659.4000,3661.2000,3664.2000,3664.6000,1,1,3,1,1,1,1,1,2,1
SF,IF2012,2020-04-23 09:34:26.500,3658.6000,1792,0,37304700.000,0,-,-,-,-,3657.2000,3657.0000,3656.2000,3656.0000,3655.2000,3659.0000,3659.2000,3661.2000,3664.2000,3664.6000,1,1,1,3,1,1,1,1,2,1
SF,IF2012,2020-04-23 09:34:27.500,3658.6000,1792,0,37304700.000,0,-,-,-,-,3657.2000,3657.0000,3656.2000,3656.0000,3655.2000,3659.0000,3661.2000,3664.2000,3664.6000,3667.8000,1,1,1,3,1,1,1,2,1,3
SF,IF2012,2020-04-23 09:34:35.500,3658.6000,1792,0,37304700.000,0,-,-,-,-,3657.2000,3657.0000,3656.6000,3656.2000,3656.0000,3659.0000,3661.2000,3664.2000,3664.6000,3667.8000,1,1,1,1,3,1,1,2,1,3
SF,IF2012,2020-04-23 09:34:36.000,3658.6000,1792,0,37304700.000,0,-,-,-,-,3657.4000,3657.2000,3657.0000,3656.6000,3656.2000,3659.0000,3661.2000,3664.2000,3664.6000,3667.8000,2,1,1,1,1,1,1,2,1,3
SF,IF2012,2020-04-23 09:34:36.500,3658.6000,1792,0,37304700.000,0,-,-,-,-,3657.6000,3657.4000,3657.0000,3656.6000,3656.2000,3659.0000,3661.2000,3664.2000,3664.6000,3667.8000,2,1,1,1,1,1,1,2,1,3
SF,IF2012,2020-04-23 09:34:37.000,3658.6000,1792,0,37304700.000,0,-,-,-,-,3657.8000,3657.6000,3657.4000,3657.0000,3656.6000,3659.0000,3661.2000,3664.2000,3664.6000,3667.8000,1,1,1,1,1,1,1,2,1,3
SF,IF2012,2020-04-23 09:34:37.500,3658.6000,1792,0,37304700.000,0,-,-,-,-,3657.6000,3657.4000,3657.0000,3656.6000,3656.2000,3659.0000,3661.2000,3664.2000,3664.6000,3667.8000,1,1,1,1,1,1,1,2,1,3
SF,IF2012,2020-04-23 09:34:38.500,3658.6000,1792,0,37304700.000,0,-,-,-,-,3658.0000,3657.8000,3657.6000,3657.4000,3657.0000,3659.0000,3661.2000,3664.2000,3664.6000,3667.8000,1,1,1,1,1,1,1,2,1,3
SF,IF2012,2020-04-23 09:34:39.000,3659.0000,1791,-1,38402400.000,1,0,1,双平,S,3658.0000,3657.6000,3657.4000,3657.0000,3656.6000,3661.2000,3664.2000,3664.6000,3667.8000,3669.0000,1,1,1,1,1,1,2,1,3,1
SF,IF2012,2020-04-23 09:34:39.500,3659.0000,1791,0,38402400.000,0,-,-,-,-,3658.2000,3658.0000,3657.4000,3657.0000,3656.6000,3660.8000,3661.0000,3661.2000,3664.2000,3664.6000,2,1,1,1,1,1,1,1,2,1
SF,IF2012,2020-04-23 09:34:40.000,3659.0000,1791,0,38402400.000,0,-,-,-,-,3658.2000,3658.0000,3657.0000,3656.6000,3656.2000,3660.6000,3660.8000,3661.2000,3664.2000,3664.6000,2,1,1,1,1,1,1,1,2,1
SF,IF2012,2020-04-23 09:34:41.000,3659.0000,1791,0,38402400.000,0,-,-,-,-,3658.4000,3658.2000,3658.0000,3657.0000,3656.6000,3660.6000,3661.2000,3664.2000,3664.6000,3667.8000,1,2,1,1,1,1,1,2,1,3
SF,IF2012,2020-04-23 09:34:41.500,3659.0000,1791,0,38402400.000,0,-,-,-,-,3658.6000,3658.4000,3658.2000,3658.0000,3657.0000,3660.6000,3661.2000,3664.2000,3664.6000,3667.8000,1,1,1,1,1,1,1,2,1,3
SF,IF2012,2020-04-23 09:34:42.500,3659.0000,1791,0,38402400.000,0,-,-,-,-,3658.6000,3658.2000,3658.0000,3657.0000,3656.6000,3660.6000,3661.2000,3664.2000,3664.6000,3667.8000,1,1,1,1,1,1,1,2,1,3
SF,IF2012,2020-04-23 09:34:43.000,3659.0000,1791,0,38402400.000,0,-,-,-,-,3658.6000,3658.2000,3658.0000,3657.0000,3656.6000,3660.4000,3660.6000,3664.2000,3664.6000,3667.8000,1,1,1,1,1,1,1,2,1,3
SF,IF2012,2020-04-23 09:34:43.500,3659.0000,1791,0,38402400.000,0,-,-,-,-,3658.6000,3658.2000,3658.0000,3657.0000,3656.6000,3660.2000,3660.4000,3664.2000,3664.6000,3667.8000,1,1,1,1,1,1,1,2,1,3
SF,IF2012,2020-04-23 09:34:44.000,3659.0000,1791,0,38402400.000,0,-,-,-,-,3658.6000,3658.2000,3658.0000,3657.0000,3656.6000,3660.0000,3660.2000,3664.2000,3664.6000,3667.8000,1,1,1,1,1,1,1,2,1,3
SF,IF2012,2020-04-23 09:34:44.500,3658.6000,1790,-1,39499980.000,1,0,1,双平,S,3658.0000,3657.0000,3656.6000,3656.2000,3656.0000,3659.8000,3660.0000,3664.2000,3664.6000,3667.8000,1,1,1,1,3,1,1,2,1,3
SF,IF2012,2020-04-23 09:34:45.000,3658.6000,1790,0,39499980.000,0,-,-,-,-,3658.2000,3658.0000,3657.0000,3656.6000,3656.2000,3659.8000,3664.2000,3664.6000,3667.8000,3669.0000,1,1,1,1,1,1,2,1,3,1
SF,IF2012,2020-04-23 09:34:45.500,3658.6000,1790,0,39499980.000,0,-,-,-,-,3658.2000,3658.0000,3657.0000,3656.6000,3656.2000,3659.8000,3664.2000,3664.6000,3667.8000,3669.0000,2,1,1,1,1,1,2,1,3,1
SF,IF2012,2020-04-23 09:34:46.000,3658.6000,1790,0,39499980.000,0,-,-,-,-,3658.4000,3658.2000,3658.0000,3657.0000,3656.6000,3659.8000,3664.2000,3664.6000,3667.8000,3669.0000,1,1,1,1,1,1,2,1,3,1
SF,IF2012,2020-04-23 09:34:46.500,3658.6000,1790,0,39499980.000,0,-,-,-,-,3658.6000,3658.4000,3658.0000,3657.0000,3656.6000,3659.8000,3664.2000,3664.6000,3667.8000,3669.0000,1,1,1,1,1,1,2,1,3,1
SF,IF2012,2020-04-23 09:34:47.000,3658.6000,1790,0,39499980.000,0,-,-,-,-,3658.6000,3658.0000,3657.0000,3656.6000,3656.2000,3664.2000,3664.6000,3667.8000,3669.0000,3672.0000,1,1,1,1,1,2,1,3,1,9
SF,IF2012,2020-04-23 09:34:47.500,3658.6000,1790,0,39499980.000,0,-,-,-,-,3658.8000,3658.6000,3658.0000,3657.0000,3656.6000,3661.6000,3664.0000,3664.2000,3664.6000,3667.8000,1,1,1,1,1,1,1,2,1,3
SF,IF2012,2020-04-23 09:34:48.000,3658.6000,1790,0,39499980.000,0,-,-,-,-,3658.8000,3658.0000,3657.0000,3656.6000,3656.2000,3661.4000,3661.6000,3664.2000,3664.6000,3667.8000,1,1,1,1,1,2,1,2,1,3
SF,IF2012,2020-04-23 09:34:48.500,3658.6000,1790,0,39499980.000,0,-,-,-,-,3659.0000,3658.8000,3658.0000,3657.0000,3656.6000,3661.0000,3661.4000,3661.6000,3664.2000,3664.6000,1,1,1,1,1,1,1,1,2,1
SF,IF2012,2020-04-23 09:34:49.000,3658.6000,1790,0,39499980.000,0,-,-,-,-,3658.8000,3658.0000,3657.0000,3656.6000,3656.2000,3660.8000,3661.6000,3664.2000,3664.6000,3667.8000,1,1,1,1,1,2,1,2,1,3
SF,IF2012,2020-04-23 09:34:49.500,3658.6000,1790,0,39499980.000,0,-,-,-,-,3658.8000,3658.0000,3657.0000,3656.6000,3656.2000,3660.6000,3660.8000,3661.6000,3664.2000,3664.6000,1,1,1,1,1,1,1,1,2,1
SF,IF2012,2020-04-23 09:34:50.000,3658.6000,1790,0,39499980.000,0,-,-,-,-,3658.0000,3657.0000,3656.6000,3656.2000,3656.0000,3660.4000,3660.6000,3661.6000,3664.2000,3664.6000,1,1,1,1,3,1,1,1,2,1
SF,IF2012,2020-04-23 09:34:50.500,3658.6000,1790,0,39499980.000,0,-,-,-,-,3658.2000,3658.0000,3657.0000,3656.6000,3656.2000,3660.4000,3661.6000,3664.2000,3664.6000,3667.8000,3,1,1,1,1,1,1,2,1,3
SF,IF2012,2020-04-23 09:34:51.000,3658.6000,1790,0,39499980.000,0,-,-,-,-,3658.6000,3658.2000,3658.0000,3657.0000,3656.6000,3660.4000,3661.6000,3664.2000,3664.6000,3667.8000,1,3,1,1,1,1,1,2,1,3
SF,IF2012,2020-04-23 09:34:51.500,3658.6000,1790,0,39499980.000,0,-,-,-,-,3658.8000,3658.6000,3658.2000,3658.0000,3657.0000,3660.4000,3661.6000,3664.2000,3664.6000,3667.8000,1,1,2,1,1,1,1,2,1,3
SF,IF2012,2020-04-23 09:34:52.000,3658.6000,1790,0,39499980.000,0,-,-,-,-,3659.0000,3658.8000,3658.2000,3658.0000,3657.0000,3660.4000,3661.6000,3664.2000,3664.6000,3667.8000,1,1,2,1,1,1,1,2,1,3
SF,IF2012,2020-04-23 09:34:53.500,3658.6000,1790,0,39499980.000,0,-,-,-,-,3659.0000,3658.8000,3658.2000,3658.0000,3657.0000,3660.4000,3664.2000,3664.6000,3667.8000,3669.0000,1,1,2,1,1,1,2,1,3,1
SF,IF2012,2020-04-23 09:34:58.000,3658.6000,1790,0,39499980.000,0,-,-,-,-,3658.8000,3658.2000,3658.0000,3657.0000,3656.6000,3660.4000,3664.2000,3664.6000,3667.8000,3669.0000,1,2,1,1,1,1,2,1,3,1
SF,IF2012,2020-04-23 09:34:58.500,3658.6000,1790,0,39499980.000,0,-,-,-,-,3658.2000,3658.0000,3657.0000,3656.6000,3656.2000,3660.4000,3664.2000,3664.6000,3667.8000,3669.0000,2,1,1,1,1,1,2,1,3,1
SF,IF2012,2020-04-23 09:34:59.000,3658.6000,1790,0,39499980.000,0,-,-,-,-,3658.4000,3658.2000,3658.0000,3657.0000,3656.6000,3660.4000,3664.2000,3664.6000,3667.8000,3669.0000,1,2,1,1,1,1,2,1,3,1
SF,IF2012,2020-04-23 09:34:59.500,3658.6000,1790,0,39499980.000,0,-,-,-,-,3658.6000,3658.4000,3658.2000,3658.0000,3657.0000,3660.4000,3664.2000,3664.6000,3667.8000,3669.0000,1,1,2,1,1,1,2,1,3,1
SF,IF2012,2020-04-23 09:35:00.500,3658.6000,1790,0,39499980.000,0,-,-,-,-,3658.4000,3658.2000,3658.0000,3657.0000,3656.6000,3660.4000,3664.2000,3664.6000,3667.8000,3669.0000,1,2,1,1,1,1,2,1,3,1
SF,IF2012,2020-04-23 09:35:01.000,3658.6000,1790,0,39499980.000,0,-,-,-,-,3658.6000,3658.4000,3658.2000,3658.0000,3657.0000,3660.4000,3664.2000,3664.6000,3667.8000,3669.0000,1,1,2,1,1,1,2,1,3,1
SF,IF2012,2020-04-23 09:35:01.500,3658.6000,1790,0,39499980.000,0,-,-,-,-,3658.8000,3658.6000,3658.2000,3658.0000,3657.0000,3660.4000,3664.2000,3664.6000,3667.8000,3669.0000,1,1,2,1,1,1,2,1,3,1
SF,IF2012,2020-04-23 09:35:02.000,3658.6000,1790,0,39499980.000,0,-,-,-,-,3659.0000,3658.8000,3658.2000,3658.0000,3657.0000,3660.4000,3664.2000,3664.6000,3667.8000,3669.0000,1,1,2,1,1,1,2,1,3,1
SF,IF2012,2020-04-23 09:35:02.500,3660.4000,1789,-1,40598100.000,1,0,1,双平,S,3659.0000,3658.8000,3658.2000,3658.0000,3657.0000,3664.2000,3664.6000,3667.8000,3669.0000,3672.0000,1,1,2,1,1,2,1,3,1,9
SF,IF2012,2020-04-23 09:35:03.000,3660.4000,1789,0,40598100.000,0,-,-,-,-,3659.2000,3658.2000,3658.0000,3657.0000,3656.6000,3662.0000,3664.0000,3664.2000,3664.6000,3667.8000,2,1,1,1,1,1,1,2,1,3
SF,IF2012,2020-04-23 09:35:03.500,3660.4000,1789,0,40598100.000,0,-,-,-,-,3659.2000,3658.2000,3658.0000,3657.0000,3656.6000,3661.8000,3662.0000,3664.2000,3664.6000,3667.8000,2,1,1,1,1,2,1,2,1,3
SF,IF2012,2020-04-23 09:35:04.000,3660.4000,1789,0,40598100.000,0,-,-,-,-,3659.4000,3659.2000,3658.2000,3658.0000,3657.0000,3661.8000,3662.0000,3664.2000,3664.6000,3667.8000,1,2,1,1,1,1,1,2,1,3
SF,IF2012,2020-04-23 09:35:04.500,3660.4000,1789,0,40598100.000,0,-,-,-,-,3659.6000,3658.2000,3658.0000,3657.0000,3656.6000,3661.8000,3664.2000,3664.6000,3667.8000,3669.0000,3,1,1,1,1,1,2,1,3,1
SF,IF2012,2020-04-23 09:35:05.500,3660.4000,1789,0,40598100.000,0,-,-,-,-,3660.0000,3659.6000,3658.2000,3658.0000,3657.0000,3661.8000,3664.2000,3664.6000,3667.8000,3669.0000,1,2,1,1,1,1,2,1,3,1
SF,IF2012,2020-04-23 09:35:06.000,3660.4000,1789,0,40598100.000,0,-,-,-,-,3660.2000,3659.6000,3658.2000,3658.0000,3657.0000,3661.8000,3664.2000,3664.6000,3667.8000,3669.0000,2,1,1,1,1,1,2,1,3,1
SF,IF2012,2020-04-23 09:35:06.500,3660.4000,1789,0,40598100.000,0,-,-,-,-,3660.2000,3659.6000,3658.0000,3657.0000,3656.6000,3661.8000,3664.2000,3664.6000,3667.8000,3669.0000,2,1,1,1,1,1,2,1,3,1
SF,IF2012,2020-04-23 09:35:07.000,3660.4000,1789,0,40598100.000,0,-,-,-,-,3659.6000,3658.0000,3657.0000,3656.6000,3656.2000,3661.6000,3661.8000,3664.2000,3664.6000,3667.8000,1,1,1,1,1,1,1,2,1,3
SF,IF2012,2020-04-23 09:35:07.500,3660.4000,1789,0,40598100.000,0,-,-,-,-,3659.8000,3659.6000,3658.0000,3657.0000,3656.6000,3661.4000,3664.2000,3664.6000,3667.8000,3669.0000,1,1,1,1,1,1,2,1,3,1
SF,IF2012,2020-04-23 09:35:08.000,3660.4000,1789,0,40598100.000,0,-,-,-,-,3658.0000,3657.0000,3656.6000,3656.2000,3656.0000,3661.4000,3664.2000,3664.6000,3667.8000,3669.0000,1,1,1,1,3,2,2,1,3,1
SF,IF2012,2020-04-23 09:35:08.500,3660.4000,1789,0,40598100.000,0,-,-,-,-,3658.2000,3658.0000,3657.0000,3656.6000,3656.2000,3661.4000,3664.2000,3664.6000,3667.8000,3669.0000,1,1,1,1,1,1,2,1,3,1
SF,IF2012,2020-04-23 09:35:09.000,3660.4000,1789,0,40598100.000,0,-,-,-,-,3658.4000,3658.2000,3658.0000,3657.0000,3656.6000,3661.4000,3664.2000,3664.6000,3667.8000,3669.0000,1,1,1,1,1,1,2,1,3,1
SF,IF2012,2020-04-23 09:35:09.500,3660.4000,1789,0,40598100.000,0,-,-,-,-,3658.8000,3658.6000,3658.4000,3658.0000,3657.0000,3661.4000,3664.2000,3664.6000,3667.8000,3669.0000,1,2,1,1,1,1,2,1,3,1
SF,IF2012,2020-04-23 09:35:10.000,3660.4000,1789,0,40598100.000,0,-,-,-,-,3659.0000,3658.8000,3658.0000,3657.0000,3656.6000,3664.2000,3664.6000,3667.8000,3669.0000,3672.0000,3,1,1,1,1,2,1,3,1,9
SF,IF2012,2020-04-23 09:35:10.500,3660.4000,1789,0,40598100.000,0,-,-,-,-,3659.0000,3658.0000,3657.0000,3656.6000,3656.2000,3663.2000,3664.0000,3664.2000,3664.6000,3667.8000,2,1,1,1,1,1,1,2,1,3
SF,IF2012,2020-04-23 09:35:11.000,3660.4000,1789,0,40598100.000,0,-,-,-,-,3659.0000,3658.0000,3657.0000,3656.6000,3656.2000,3663.0000,3663.2000,3664.2000,3664.6000,3667.8000,2,1,1,1,1,1,1,2,1,3
SF,IF2012,2020-04-23 09:35:11.500,3660.4000,1789,0,40598100.000,0,-,-,-,-,3659.0000,3658.0000,3657.0000,3656.6000,3656.2000,3663.0000,3664.2000,3664.6000,3667.8000,3669.0000,2,1,1,1,1,1,2,1,3,1
SF,IF2012,2020-04-23 09:35:12.000,3660.4000,1789,0,40598100.000,0,-,-,-,-,3659.0000,3658.0000,3657.0000,3656.6000,3656.2000,3663.0000,3664.2000,3664.6000,3667.8000,3669.0000,2,1,1,1,1,2,2,1,3,1
SF,IF2012,2020-04-23 09:35:13.000,3660.4000,1789,0,40598100.000,0,-,-,-,-,3659.0000,3658.0000,3657.0000,3656.6000,3656.2000,3662.6000,3663.0000,3664.2000,3664.6000,3667.8000,2,1,1,1,1,1,2,2,1,3
SF,IF2012,2020-04-23 09:35:13.500,3660.4000,1789,0,40598100.000,0,-,-,-,-,3659.0000,3658.0000,3657.0000,3656.6000,3656.2000,3662.4000,3662.6000,3663.0000,3664.2000,3664.6000,2,1,1,1,1,1,1,1,2,1
SF,IF2012,2020-04-23 09:35:15.500,3662.4000,1788,-1,41696820.000,1,0,1,双平,S,3659.0000,3658.0000,3657.0000,3656.6000,3656.2000,3662.6000,3664.2000,3664.6000,3667.8000,3669.0000,2,1,1,1,1,1,2,1,3,1
SF,IF2012,2020-04-23 09:35:16.000,3662.4000,1788,0,41696820.000,0,-,-,-,-,3659.4000,3659.2000,3659.0000,3658.0000,3657.0000,3662.4000,3662.6000,3664.2000,3664.6000,3667.8000,1,1,2,1,1,1,1,2,1,3
SF,IF2012,2020-04-23 09:35:16.500,3662.4000,1788,0,41696820.000,0,-,-,-,-,3659.6000,3659.4000,3659.2000,3658.0000,3657.0000,3662.4000,3662.6000,3664.2000,3664.6000,3667.8000,2,1,1,1,1,1,1,2,1,3
SF,IF2012,2020-04-23 09:35:17.000,3662.4000,1788,0,41696820.000,0,-,-,-,-,3659.8000,3659.6000,3659.2000,3658.0000,3657.0000,3662.4000,3662.6000,3664.6000,3667.8000,3669.0000,1,3,1,1,1,1,1,1,3,1
SF,IF2012,2020-04-23 09:35:17.500,3662.6000,1787,-1,43894320.000,2,0,2,多平,S,3660.2000,3660.0000,3659.6000,3659.2000,3658.0000,3664.6000,3667.8000,3669.0000,3672.0000,3676.0000,1,2,1,1,1,1,3,1,9,1
SF,IF2012,2020-04-23 09:35:18.000,3662.6000,1787,0,43894320.000,0,-,-,-,-,3660.4000,3660.2000,3660.0000,3659.2000,3658.0000,3664.4000,3664.6000,3667.8000,3669.0000,3672.0000,3,1,1,1,1,2,1,3,1,9
SF,IF2012,2020-04-23 09:35:18.500,3662.6000,1787,0,43894320.000,0,-,-,-,-,3660.4000,3660.0000,3659.2000,3658.0000,3657.0000,3664.4000,3664.6000,3667.8000,3669.0000,3672.0000,3,1,1,1,1,2,1,3,1,9
SF,IF2012,2020-04-23 09:35:20.000,3662.6000,1787,0,43894320.000,0,-,-,-,-,3660.4000,3660.0000,3658.0000,3657.0000,3656.6000,3664.4000,3664.6000,3667.8000,3669.0000,3672.0000,3,1,1,1,1,2,1,3,1,9
SF,IF2012,2020-04-23 09:35:20.500,3662.6000,1787,0,43894320.000,0,-,-,-,-,3660.4000,3658.0000,3657.0000,3656.6000,3656.2000,3664.4000,3664.6000,3667.8000,3669.0000,3672.0000,3,1,1,1,1,2,1,3,1,9
SF,IF2012,2020-04-23 09:35:21.000,3662.6000,1787,0,43894320.000,0,-,-,-,-,3660.4000,3658.0000,3657.0000,3656.6000,3656.2000,3664.4000,3664.6000,3667.8000,3669.0000,3672.0000,2,1,1,1,1,2,1,3,1,9
SF,IF2012,2020-04-23 09:35:22.000,3662.6000,1787,0,43894320.000,0,-,-,-,-,3660.4000,3658.0000,3657.0000,3656.6000,3656.2000,3664.4000,3664.6000,3669.0000,3672.0000,3676.0000,2,1,1,1,1,2,1,1,9,1
SF,IF2012,2020-04-23 09:35:22.500,3662.6000,1787,0,43894320.000,0,-,-,-,-,3660.8000,3660.4000,3658.0000,3657.0000,3656.6000,3664.4000,3664.6000,3669.0000,3672.0000,3673.2000,1,2,1,1,1,2,1,1,9,3
SF,IF2012,2020-04-23 09:35:23.000,3662.6000,1787,0,43894320.000,0,-,-,-,-,3661.0000,3660.8000,3658.0000,3657.0000,3656.6000,3664.4000,3664.6000,3669.0000,3672.0000,3673.2000,2,1,1,1,1,2,1,1,9,3
SF,IF2012,2020-04-23 09:35:23.500,3662.6000,1787,0,43894320.000,0,-,-,-,-,3661.0000,3660.8000,3658.0000,3657.0000,3656.6000,3664.4000,3664.6000,3669.0000,3672.0000,3673.2000,1,1,1,1,1,2,1,1,9,3
SF,IF2012,2020-04-23 09:35:25.000,3662.6000,1787,0,43894320.000,0,-,-,-,-,3661.0000,3658.0000,3657.0000,3656.6000,3656.2000,3664.4000,3664.6000,3669.0000,3672.0000,3673.2000,1,1,1,1,1,2,1,1,9,3
SF,IF2012,2020-04-23 09:35:26.000,3662.6000,1787,0,43894320.000,0,-,-,-,-,3661.0000,3658.0000,3657.0000,3656.6000,3656.2000,3664.4000,3664.6000,3669.0000,3672.0000,3673.2000,1,1,1,1,1,2,1,1,9,3
SF,IF2012,2020-04-23 09:35:27.500,3662.6000,1787,0,43894320.000,0,-,-,-,-,3661.0000,3658.0000,3657.0000,3656.6000,3656.2000,3664.0000,3664.2000,3664.4000,3664.6000,3669.0000,1,1,1,1,1,1,1,2,1,1
SF,IF2012,2020-04-23 09:35:28.000,3662.6000,1787,0,43894320.000,0,-,-,-,-,3661.0000,3658.0000,3657.0000,3656.6000,3656.2000,3663.6000,3663.8000,3664.2000,3664.6000,3669.0000,1,1,1,1,1,1,1,1,1,1
SF,IF2012,2020-04-23 09:35:28.500,3662.6000,1787,0,43894320.000,0,-,-,-,-,3661.0000,3658.0000,3657.0000,3656.6000,3656.2000,3663.4000,3663.6000,3664.2000,3664.6000,3669.0000,1,1,1,1,1,1,1,1,1,1
SF,IF2012,2020-04-23 09:35:29.000,3662.6000,1787,0,43894320.000,0,-,-,-,-,3661.0000,3658.0000,3657.0000,3656.6000,3656.2000,3663.2000,3663.4000,3664.2000,3664.6000,3669.0000,1,1,1,1,1,1,2,1,1,1
SF,IF2012,2020-04-23 09:35:29.500,3662.6000,1787,0,43894320.000,0,-,-,-,-,3661.0000,3658.0000,3657.0000,3656.6000,3656.2000,3663.0000,3663.2000,3664.6000,3669.0000,3672.0000,1,1,1,1,1,1,1,1,1,9
SF,IF2012,2020-04-23 09:35:30.500,3662.6000,1787,0,43894320.000,0,-,-,-,-,3661.2000,3661.0000,3658.0000,3657.0000,3656.6000,3663.0000,3664.6000,3669.0000,3672.0000,3673.2000,1,1,1,1,1,1,1,1,9,3
SF,IF2012,2020-04-23 09:35:31.000,3662.6000,1787,0,43894320.000,0,-,-,-,-,3661.4000,3661.2000,3658.0000,3657.0000,3656.6000,3664.6000,3669.0000,3672.0000,3673.2000,3676.0000,1,1,1,1,1,1,1,9,3,1
SF,IF2012,2020-04-23 09:35:31.500,3662.6000,1787,0,43894320.000,0,-,-,-,-,3661.6000,3661.4000,3660.6000,3658.0000,3657.0000,3664.2000,3664.4000,3664.6000,3669.0000,3672.0000,1,1,1,1,1,1,2,1,1,9
SF,IF2012,2020-04-23 09:35:32.000,3662.6000,1787,0,43894320.000,0,-,-,-,-,3661.8000,3661.6000,3660.6000,3658.0000,3657.0000,3664.0000,3664.2000,3664.6000,3669.0000,3672.0000,1,1,1,1,1,1,1,1,1,9
SF,IF2012,2020-04-23 09:35:32.500,3662.6000,1787,0,43894320.000,0,-,-,-,-,3661.8000,3661.6000,3660.6000,3658.0000,3657.0000,3663.6000,3664.0000,3664.6000,3669.0000,3672.0000,1,1,1,1,1,1,1,1,1,9
SF,IF2012,2020-04-23 09:35:33.000,3662.6000,1787,0,43894320.000,0,-,-,-,-,3661.8000,3660.6000,3658.0000,3657.0000,3656.2000,3663.4000,3663.6000,3664.6000,3669.0000,3672.0000,1,1,1,1,1,1,1,1,1,9
SF,IF2012,2020-04-23 09:35:33.500,3661.8000,1786,-1,44992860.000,1,0,1,双平,S,3660.6000,3658.0000,3657.0000,3656.2000,3656.0000,3663.2000,3663.4000,3664.6000,3669.0000,3672.0000,1,1,1,1,3,1,1,1,1,9
SF,IF2012,2020-04-23 09:35:34.000,3661.8000,1786,0,44992860.000,0,-,-,-,-,3660.8000,3660.6000,3658.0000,3657.0000,3656.2000,3663.0000,3664.6000,3669.0000,3672.0000,3673.2000,1,1,1,1,1,1,1,1,9,3
SF,IF2012,2020-04-23 09:35:34.500,3661.8000,1786,0,44992860.000,0,-,-,-,-,3661.0000,3660.8000,3660.6000,3658.0000,3657.0000,3663.0000,3664.6000,3669.0000,3672.0000,3673.2000,1,1,1,1,1,1,1,1,9,3
SF,IF2012,2020-04-23 09:35:35.000,3661.8000,1786,0,44992860.000,0,-,-,-,-,3661.2000,3661.0000,3660.6000,3658.0000,3657.0000,3663.0000,3664.6000,3669.0000,3672.0000,3673.2000,1,1,1,1,1,1,1,1,9,3
SF,IF2012,2020-04-23 09:35:35.500,3661.8000,1786,0,44992860.000,0,-,-,-,-,3661.2000,3660.6000,3658.0000,3657.0000,3656.2000,3662.8000,3663.0000,3664.6000,3669.0000,3672.0000,1,1,1,1,1,1,1,1,1,9
SF,IF2012,2020-04-23 09:35:36.500,3661.8000,1786,0,44992860.000,0,-,-,-,-,3661.2000,3660.6000,3658.0000,3657.0000,3656.2000,3662.6000,3663.0000,3664.6000,3669.0000,3672.0000,1,1,1,1,1,1,1,1,1,9
SF,IF2012,2020-04-23 09:35:37.000,3661.8000,1786,0,44992860.000,0,-,-,-,-,3661.2000,3660.6000,3658.0000,3657.0000,3656.2000,3662.4000,3662.6000,3664.6000,3669.0000,3672.0000,1,1,1,1,1,1,1,1,1,9
SF,IF2012,2020-04-23 09:35:37.500,3661.8000,1786,0,44992860.000,0,-,-,-,-,3661.2000,3660.6000,3658.0000,3657.0000,3656.2000,3662.4000,3662.6000,3664.6000,3669.0000,3672.0000,1,1,1,1,1,1,1,1,1,9
SF,IF2012,2020-04-23 09:35:38.000,3661.8000,1786,0,44992860.000,0,-,-,-,-,3661.2000,3660.6000,3658.0000,3657.0000,3656.2000,3662.4000,3664.6000,3669.0000,3672.0000,3673.2000,1,1,1,1,1,1,1,1,9,3
SF,IF2012,2020-04-23 09:35:40.000,3661.2000,1785,-1,46091220.000,1,0,1,双平,S,3660.6000,3658.0000,3657.0000,3656.2000,3656.0000,3662.4000,3664.6000,3669.0000,3672.0000,3673.2000,1,1,1,1,3,1,1,1,9,3
SF,IF2012,2020-04-23 09:35:41.000,3662.2000,1784,-1,48288060.000,2,0,2,多平,S,3658.0000,3657.0000,3656.2000,3656.0000,3655.2000,3662.2000,3662.4000,3664.6000,3669.0000,3672.0000,1,1,1,3,4,1,1,1,1,9
SF,IF2012,2020-04-23 09:35:41.500,3662.2000,1784,0,48288060.000,0,-,-,-,-,3658.2000,3658.0000,3657.0000,3656.2000,3656.0000,3662.0000,3662.2000,3664.6000,3669.0000,3672.0000,2,1,1,1,3,1,1,1,1,9
SF,IF2012,2020-04-23 09:35:42.000,3662.2000,1784,0,48288060.000,0,-,-,-,-,3658.2000,3658.0000,3657.0000,3656.2000,3656.0000,3662.0000,3662.2000,3664.6000,3669.0000,3672.0000,1,1,1,1,3,1,1,1,1,9
SF,IF2012,2020-04-23 09:35:43.000,3662.2000,1784,0,48288060.000,0,-,-,-,-,3658.4000,3658.2000,3658.0000,3657.0000,3656.2000,3662.0000,3662.2000,3664.6000,3669.0000,3672.0000,1,1,1,1,1,1,1,1,1,9
SF,IF2012,2020-04-23 09:35:43.500,3662.2000,1784,0,48288060.000,0,-,-,-,-,3658.6000,3658.4000,3658.0000,3657.0000,3656.2000,3662.0000,3664.6000,3669.0000,3672.0000,3673.2000,1,1,1,1,1,1,1,1,9,3
SF,IF2012,2020-04-23 09:35:45.000,3662.2000,1784,0,48288060.000,0,-,-,-,-,3659.0000,3658.8000,3658.6000,3658.0000,3657.0000,3662.0000,3664.6000,3669.0000,3672.0000,3673.2000,1,1,1,1,1,1,1,1,9,3
SF,IF2012,2020-04-23 09:35:45.500,3662.2000,1784,0,48288060.000,0,-,-,-,-,3659.2000,3659.0000,3658.0000,3657.0000,3656.2000,3662.0000,3664.6000,3669.0000,3672.0000,3673.2000,1,1,1,1,1,1,1,1,9,3
SF,IF2012,2020-04-23 09:35:46.000,3662.2000,1784,0,48288060.000,0,-,-,-,-,3659.2000,3658.0000,3657.0000,3656.2000,3656.0000,3662.0000,3664.6000,3669.0000,3672.0000,3673.2000,1,1,1,1,3,1,1,1,9,3
SF,IF2012,2020-04-23 09:35:46.500,3662.2000,1784,0,48288060.000,0,-,-,-,-,3659.4000,3659.2000,3658.0000,3657.0000,3656.2000,3662.0000,3664.6000,3669.0000,3672.0000,3673.2000,2,1,1,1,1,1,1,1,9,3
SF,IF2012,2020-04-23 09:35:47.000,3662.2000,1784,0,48288060.000,0,-,-,-,-,3659.6000,3658.0000,3657.0000,3656.2000,3656.0000,3662.0000,3664.6000,3669.0000,3672.0000,3673.2000,1,1,1,1,3,1,1,1,9,3
SF,IF2012,2020-04-23 09:35:48.500,3662.2000,1784,0,48288060.000,0,-,-,-,-,3659.6000,3658.0000,3657.0000,3656.2000,3656.0000,3661.8000,3662.0000,3664.6000,3669.0000,3672.0000,1,1,1,1,3,1,1,1,1,9
SF,IF2012,2020-04-23 09:35:49.000,3662.2000,1784,0,48288060.000,0,-,-,-,-,3659.6000,3658.0000,3657.0000,3656.2000,3656.0000,3661.6000,3664.6000,3669.0000,3672.0000,3673.2000,1,1,1,1,3,1,1,1,9,3
SF,IF2012,2020-04-23 09:35:51.000,3659.6000,1783,-1,49385940.000,1,0,1,双平,S,3658.0000,3657.0000,3656.2000,3656.0000,3655.2000,3661.4000,3661.6000,3664.6000,3669.0000,3672.0000,1,1,1,3,4,1,1,1,1,9
SF,IF2012,2020-04-23 09:35:51.500,3659.6000,1783,0,49385940.000,0,-,-,-,-,3658.2000,3658.0000,3657.0000,3656.2000,3656.0000,3661.2000,3661.4000,3661.6000,3664.6000,3669.0000,1,1,1,1,3,1,1,1,1,1
SF,IF2012,2020-04-23 09:35:52.000,3659.6000,1783,0,49385940.000,0,-,-,-,-,3658.0000,3657.0000,3656.2000,3656.0000,3655.2000,3661.2000,3664.6000,3669.0000,3672.0000,3673.2000,1,1,1,3,4,1,1,1,9,3
SF,IF2012,2020-04-23 09:35:52.500,3659.6000,1783,0,49385940.000,0,-,-,-,-,3658.2000,3658.0000,3657.0000,3656.2000,3656.0000,3660.8000,3661.0000,3661.2000,3664.6000,3669.0000,1,1,1,1,3,1,1,1,1,1
SF,IF2012,2020-04-23 09:35:53.000,3659.6000,1783,0,49385940.000,0,-,-,-,-,3658.2000,3658.0000,3657.0000,3656.2000,3656.0000,3660.6000,3660.8000,3664.6000,3669.0000,3672.0000,1,1,1,1,3,1,1,1,1,9
SF,IF2012,2020-04-23 09:35:53.500,3659.6000,1783,0,49385940.000,0,-,-,-,-,3658.2000,3658.0000,3657.0000,3656.2000,3656.0000,3660.6000,3660.8000,3664.6000,3669.0000,3672.0000,1,1,1,1,3,1,1,1,1,9
SF,IF2012,2020-04-23 09:35:54.000,3659.6000,1783,0,49385940.000,0,-,-,-,-,3658.2000,3658.0000,3657.0000,3656.2000,3656.0000,3660.4000,3660.6000,3664.6000,3669.0000,3672.0000,1,1,1,1,3,1,1,1,1,9
SF,IF2012,2020-04-23 09:35:54.500,3659.6000,1783,0,49385940.000,0,-,-,-,-,3658.2000,3658.0000,3657.0000,3656.2000,3656.0000,3660.2000,3660.4000,3664.6000,3669.0000,3672.0000,1,1,1,1,3,2,1,1,1,9
SF,IF2012,2020-04-23 09:35:55.000,3659.6000,1783,0,49385940.000,0,-,-,-,-,3658.2000,3658.0000,3657.0000,3656.2000,3656.0000,3660.2000,3664.6000,3669.0000,3672.0000,3673.2000,1,1,1,1,3,1,1,1,9,3
SF,IF2012,2020-04-23 09:35:55.500,3659.6000,1783,0,49385940.000,0,-,-,-,-,3660.0000,3658.4000,3658.2000,3658.0000,3657.0000,3660.2000,3664.6000,3669.0000,3672.0000,3673.2000,1,2,1,1,1,1,1,1,9,3
SF,IF2012,2020-04-23 09:35:56.000,3660.0000,1783,0,50483940.000,1,0,1,多换,S,3658.2000,3658.0000,3657.0000,3656.2000,3656.0000,3664.6000,3669.0000,3672.0000,3673.2000,3676.0000,1,1,1,1,3,1,1,9,3,1
SF,IF2012,2020-04-23 09:35:56.500,3660.0000,1783,0,50483940.000,0,-,-,-,-,3658.2000,3658.0000,3657.0000,3656.2000,3656.0000,3661.6000,3664.2000,3664.4000,3664.6000,3669.0000,1,1,1,1,3,1,2,2,1,1
SF,IF2012,2020-04-23 09:35:57.000,3660.0000,1783,0,50483940.000,0,-,-,-,-,3658.2000,3658.0000,3657.0000,3656.2000,3656.0000,3661.4000,3661.6000,3661.8000,3664.2000,3664.4000,1,1,1,1,3,1,1,1,2,1
SF,IF2012,2020-04-23 09:35:57.500,3660.0000,1783,0,50483940.000,0,-,-,-,-,3658.2000,3658.0000,3657.0000,3656.2000,3656.0000,3661.2000,3661.4000,3661.6000,3661.8000,3664.2000,1,1,1,1,3,1,1,1,1,2
SF,IF2012,2020-04-23 09:35:58.000,3660.0000,1783,0,50483940.000,0,-,-,-,-,3658.2000,3658.0000,3657.0000,3656.2000,3656.0000,3661.0000,3661.8000,3664.2000,3664.6000,3669.0000,1,1,1,1,3,1,1,2,1,1
SF,IF2012,2020-04-23 09:35:58.500,3660.0000,1783,0,50483940.000,0,-,-,-,-,3658.2000,3658.0000,3657.0000,3656.2000,3656.0000,3660.8000,3661.0000,3661.8000,3664.2000,3664.6000,1,1,1,1,3,1,1,1,2,1
SF,IF2012,2020-04-23 09:35:59.000,3660.0000,1783,0,50483940.000,0,-,-,-,-,3658.2000,3658.0000,3657.0000,3656.2000,3656.0000,3660.6000,3660.8000,3661.8000,3664.2000,3664.6000,1,1,1,1,3,1,1,1,2,1
SF,IF2012,2020-04-23 09:35:59.500,3660.0000,1783,0,50483940.000,0,-,-,-,-,3658.0000,3657.0000,3656.2000,3656.0000,3655.2000,3660.6000,3661.8000,3664.2000,3664.6000,3669.0000,1,1,1,3,4,2,1,2,1,1
SF,IF2012,2020-04-23 09:36:00.000,3660.0000,1783,0,50483940.000,0,-,-,-,-,3658.2000,3658.0000,3657.0000,3656.2000,3656.0000,3660.4000,3660.6000,3661.8000,3664.2000,3664.6000,1,1,1,1,3,1,2,1,2,1
SF,IF2012,2020-04-23 09:36:00.500,3660.0000,1783,0,50483940.000,0,-,-,-,-,3658.2000,3658.0000,3657.0000,3656.2000,3656.0000,3660.2000,3660.6000,3661.8000,3664.2000,3664.6000,1,1,1,1,3,1,1,1,2,1
SF,IF2012,2020-04-23 09:36:01.000,3660.0000,1783,0,50483940.000,0,-,-,-,-,3658.2000,3658.0000,3657.0000,3656.2000,3656.0000,3660.2000,3660.6000,3664.2000,3664.6000,3669.0000,1,1,1,1,3,1,1,2,1,1
SF,IF2012,2020-04-23 09:36:01.500,3660.0000,1783,0,50483940.000,0,-,-,-,-,3658.0000,3657.0000,3656.2000,3656.0000,3655.2000,3660.0000,3660.2000,3660.6000,3664.2000,3664.6000,1,1,1,3,4,1,1,1,2,1
SF,IF2012,2020-04-23 09:36:02.000,3660.0000,1783,0,50483940.000,0,-,-,-,-,3658.0000,3657.0000,3656.2000,3656.0000,3655.2000,3659.8000,3660.6000,3664.2000,3664.6000,3669.0000,1,1,1,3,4,1,1,2,1,1
SF,IF2012,2020-04-23 09:36:03.500,3660.0000,1783,0,50483940.000,0,-,-,-,-,3658.0000,3657.0000,3656.2000,3656.0000,3655.2000,3659.6000,3659.8000,3660.6000,3664.2000,3664.6000,1,1,1,3,4,1,1,1,2,1
SF,IF2012,2020-04-23 09:36:04.000,3660.0000,1783,0,50483940.000,0,-,-,-,-,3658.0000,3657.0000,3656.2000,3656.0000,3655.2000,3659.4000,3660.6000,3664.2000,3664.6000,3669.0000,1,1,1,3,4,1,1,2,1,1
SF,IF2012,2020-04-23 09:36:04.500,3660.0000,1783,0,50483940.000,0,-,-,-,-,3658.0000,3657.0000,3656.2000,3656.0000,3655.2000,3659.4000,3660.6000,3664.2000,3664.6000,3669.0000,1,1,1,3,1,2,1,2,1,1
SF,IF2012,2020-04-23 09:36:05.000,3660.0000,1783,0,50483940.000,0,-,-,-,-,3658.0000,3657.0000,3656.2000,3656.0000,3655.2000,3659.4000,3660.6000,3664.2000,3664.6000,3669.0000,1,1,1,3,1,1,1,2,1,1
SF,IF2012,2020-04-23 09:36:06.000,3659.4000,1782,-1,51581760.000,1,0,1,双平,S,3658.2000,3658.0000,3657.0000,3656.2000,3656.0000,3660.6000,3664.2000,3664.6000,3669.0000,3672.0000,1,1,1,1,3,1,2,1,1,9
SF,IF2012,2020-04-23 09:36:06.500,3659.4000,1782,0,51581760.000,0,-,-,-,-,3658.4000,3658.0000,3657.0000,3656.2000,3656.0000,3660.4000,3664.2000,3664.6000,3669.0000,3672.0000,2,1,1,1,3,1,2,1,1,9
SF,IF2012,2020-04-23 09:36:07.000,3659.4000,1782,0,51581760.000,0,-,-,-,-,3658.4000,3658.0000,3657.0000,3656.2000,3656.0000,3660.4000,3664.2000,3664.6000,3669.0000,3672.0000,2,1,1,1,3,2,2,1,1,9
SF,IF2012,2020-04-23 09:36:07.500,3659.4000,1782,0,51581760.000,0,-,-,-,-,3658.4000,3658.0000,3657.0000,3656.2000,3656.0000,3660.4000,3664.2000,3664.6000,3669.0000,3672.0000,1,1,1,1,3,2,2,1,1,9
SF,IF2012,2020-04-23 09:36:08.000,3659.4000,1782,0,51581760.000,0,-,-,-,-,3658.0000,3657.0000,3656.2000,3656.0000,3655.2000,3660.2000,3660.4000,3664.2000,3664.6000,3669.0000,1,1,1,3,1,1,3,2,1,1
SF,IF2012,2020-04-23 09:36:08.500,3659.4000,1782,0,51581760.000,0,-,-,-,-,3658.0000,3657.0000,3656.2000,3656.0000,3655.2000,3660.0000,3660.2000,3660.4000,3664.2000,3664.6000,1,1,1,3,1,1,1,1,2,1
SF,IF2012,2020-04-23 09:36:09.000,3659.4000,1782,0,51581760.000,0,-,-,-,-,3658.0000,3657.0000,3656.2000,3656.0000,3655.2000,3660.0000,3660.2000,3664.2000,3664.6000,3669.0000,1,1,1,3,1,3,1,2,1,1
SF,IF2012,2020-04-23 09:36:11.500,3659.4000,1782,0,51581760.000,0,-,-,-,-,3658.0000,3657.0000,3656.2000,3656.0000,3655.2000,3660.0000,3660.2000,3664.2000,3664.6000,3669.0000,1,1,1,3,1,1,1,2,1,1
SF,IF2012,2020-04-23 09:36:12.000,3659.4000,1782,0,51581760.000,0,-,-,-,-,3658.2000,3658.0000,3657.0000,3656.2000,3656.0000,3660.0000,3664.2000,3664.6000,3669.0000,3672.0000,3,1,1,1,3,1,2,1,1,9
SF,IF2012,2020-04-23 09:36:15.000,3659.4000,1782,0,51581760.000,0,-,-,-,-,3658.2000,3658.0000,3657.0000,3656.2000,3656.0000,3660.0000,3664.2000,3664.6000,3669.0000,3672.0000,1,1,1,1,3,1,2,1,1,9
SF,IF2012,2020-04-23 09:36:17.500,3659.4000,1782,0,51581760.000,0,-,-,-,-,3658.2000,3658.0000,3657.0000,3656.2000,3656.0000,3660.0000,3664.2000,3664.6000,3669.0000,3672.0000,1,1,1,1,3,2,2,1,1,9
SF,IF2012,2020-04-23 09:36:18.000,3659.4000,1782,0,51581760.000,0,-,-,-,-,3658.0000,3657.0000,3656.2000,3656.0000,3655.2000,3660.0000,3664.2000,3664.6000,3669.0000,3672.0000,1,1,1,3,1,2,2,1,1,9
SF,IF2012,2020-04-23 09:36:18.500,3659.4000,1782,0,51581760.000,0,-,-,-,-,3658.2000,3658.0000,3657.0000,3656.2000,3656.0000,3659.8000,3660.0000,3664.2000,3664.6000,3669.0000,1,1,1,1,3,1,3,2,1,1
SF,IF2012,2020-04-23 09:36:19.000,3659.4000,1782,0,51581760.000,0,-,-,-,-,3658.2000,3658.0000,3657.0000,3656.2000,3656.0000,3659.6000,3659.8000,3660.0000,3664.2000,3664.6000,1,1,1,1,3,1,1,2,2,1
SF,IF2012,2020-04-23 09:36:19.500,3659.4000,1782,0,51581760.000,0,-,-,-,-,3658.0000,3657.0000,3656.2000,3656.0000,3655.2000,3659.6000,3659.8000,3660.0000,3664.2000,3664.6000,1,1,1,3,1,1,1,2,2,1
SF,IF2012,2020-04-23 09:36:22.000,3659.4000,1782,0,51581760.000,0,-,-,-,-,3658.0000,3657.0000,3656.2000,3656.0000,3655.2000,3659.6000,3660.0000,3664.2000,3664.6000,3669.0000,1,1,1,3,1,1,2,2,1,1
SF,IF2012,2020-04-23 09:36:22.500,3658.0000,1782,0,52679160.000,1,0,1,多换,S,3657.0000,3656.2000,3656.0000,3655.2000,3651.6000,3659.4000,3659.6000,3660.0000,3664.2000,3664.6000,1,1,3,1,3,1,1,1,2,1
SF,IF2012,2020-04-23 09:36:23.000,3658.0000,1782,0,52679160.000,0,-,-,-,-,3657.2000,3657.0000,3656.2000,3656.0000,3655.2000,3659.2000,3659.4000,3659.6000,3660.0000,3664.2000,1,1,1,3,1,1,1,1,1,2
SF,IF2012,2020-04-23 09:36:23.500,3658.0000,1782,0,52679160.000,0,-,-,-,-,3657.2000,3657.0000,3656.2000,3656.0000,3655.2000,3659.2000,3660.0000,3664.2000,3664.6000,3669.0000,1,1,1,3,1,1,1,2,1,1
SF,IF2012,2020-04-23 09:36:24.500,3658.0000,1782,0,52679160.000,0,-,-,-,-,3657.2000,3657.0000,3656.2000,3656.0000,3655.2000,3659.0000,3659.2000,3660.0000,3664.2000,3664.6000,1,1,1,3,1,2,1,1,2,1
SF,IF2012,2020-04-23 09:36:25.000,3658.0000,1782,0,52679160.000,0,-,-,-,-,3657.0000,3656.2000,3656.0000,3655.2000,3651.6000,3658.8000,3659.0000,3660.0000,3664.2000,3664.6000,1,1,3,1,3,1,1,1,2,1
SF,IF2012,2020-04-23 09:36:25.500,3658.0000,1782,0,52679160.000,0,-,-,-,-,3657.2000,3657.0000,3656.2000,3656.0000,3655.2000,3658.8000,3659.0000,3660.0000,3664.2000,3664.6000,1,1,1,3,1,1,1,1,2,1
