市场代码,合约代码,时间,最新,持仓,增仓,成交额,成交量,开仓,平仓,成交类型,方向,买一价,买二价,买三价,买四价,买五价,卖一价,卖二价,卖三价,卖四价,卖五价,买一量,买二量,买三量,买四量,买五量,卖一量,卖二量,卖三量,卖四量,卖五量
SF,IF2006,2020-01-13 09:29:00.200,4178.6000,16529,0,3760740.000,3.000,-,-,-,-,4178.4000,4175.0000,4173.0000,4171.8000,4171.0000,4180.0000,4183.0000,4184.0000,4184.8000,4185.0000,1,2,1,1,1,3,1,2,1,2
SF,IF2006,2020-01-13 09:30:00.200,4178.4000,16530,1,8774820.000,4,2,2,空开,S,4175.0000,4173.0000,4171.8000,4171.0000,4170.0000,4178.4000,4179.0000,4179.8000,4180.0000,4180.2000,2,1,1,1,10,1,1,1,4,1
SF,IF2006,2020-01-13 09:30:00.700,4178.4000,16530,0,10028340.000,1,0,1,多换,S,4177.8000,4176.2000,4176.0000,4175.4000,4175.2000,4178.4000,4179.8000,4180.0000,4180.2000,4182.8000,1,1,1,8,2,6,1,3,1,1
SF,IF2006,2020-01-13 09:30:01.200,4177.8000,16529,-1,11281680.000,1,0,1,双平,S,4176.2000,4176.0000,4175.4000,4175.2000,4175.0000,4178.0000,4178.4000,4179.8000,4180.0000,4180.2000,1,1,8,1,2,2,6,1,3,1
SF,IF2006,2020-01-13 09:30:01.700,4177.8000,16529,0,11281680.000,0,-,-,-,-,4176.2000,4176.0000,4175.0000,4173.0000,4171.8000,4177.8000,4178.0000,4178.4000,4179.8000,4180.0000,1,1,2,1,1,1,2,6,1,3
SF,IF2006,2020-01-13 09:30:02.200,4177.8000,16529,0,11281680.000,0,-,-,-,-,4176.0000,4175.0000,4173.0000,4171.8000,4170.6000,4177.4000,4177.8000,4178.0000,4178.4000,4179.8000,1,2,1,1,5,1,1,2,6,1
SF,IF2006,2020-01-13 09:30:02.700,4177.4000,16529,0,13788120.000,2,1,1,多换,S,4177.4000,4176.0000,4175.0000,4173.0000,4171.8000,4178.0000,4178.4000,4179.0000,4179.8000,4180.0000,1,1,2,1,1,2,6,1,1,3
SF,IF2006,2020-01-13 09:30:03.200,4177.4000,16529,0,15041340.000,1,0,1,多换,S,4176.0000,4175.0000,4173.0000,4171.8000,4170.6000,4178.0000,4178.4000,4179.0000,4179.8000,4180.0000,1,2,1,1,5,2,6,2,1,3
SF,IF2006,2020-01-13 09:30:03.700,4177.4000,16529,0,15041340.000,0,-,-,-,-,4176.0000,4175.0000,4173.0000,4170.6000,4170.0000,4177.8000,4178.0000,4178.4000,4179.0000,4179.8000,1,2,1,5,10,1,2,6,2,1
SF,IF2006,2020-01-13 09:30:04.200,4176.0000,16528,-1,16294140.000,1,0,1,双平,S,4175.0000,4173.0000,4170.6000,4170.0000,4169.0000,4177.8000,4178.0000,4178.4000,4179.0000,4179.8000,2,1,5,10,11,1,2,6,1,1
SF,IF2006,2020-01-13 09:30:04.700,4176.0000,16528,0,16294140.000,0,-,-,-,-,4175.2000,4175.0000,4173.0000,4170.6000,4170.0000,4176.0000,4177.4000,4177.8000,4178.0000,4178.4000,1,2,1,5,10,1,1,2,2,7
SF,IF2006,2020-01-13 09:30:05.200,4176.0000,16528,0,16294140.000,0,-,-,-,-,4175.2000,4175.0000,4173.0000,4170.6000,4170.0000,4176.0000,4177.2000,4177.4000,4177.8000,4178.0000,1,2,1,5,10,1,1,1,2,2
SF,IF2006,2020-01-13 09:30:05.700,4176.0000,16528,0,17546940.000,1,0,1,多换,S,4176.0000,4175.2000,4175.0000,4173.0000,4170.6000,4177.2000,4177.4000,4177.8000,4178.0000,4178.4000,2,1,2,1,5,1,1,2,2,1
SF,IF2006,2020-01-13 09:30:06.200,4175.2000,16527,-1,21305100.000,3,1,2,多平,S,4175.0000,4173.0000,4170.6000,4170.0000,4169.0000,4177.0000,4177.2000,4177.4000,4177.8000,4178.0000,2,1,5,10,11,1,1,1,1,2
SF,IF2006,2020-01-13 09:30:06.700,4175.2000,16526,-1,22557660.000,1,0,1,双平,S,4175.0000,4173.0000,4170.6000,4170.0000,4169.0000,4177.2000,4177.4000,4177.8000,4178.0000,4178.4000,2,1,5,10,11,1,1,1,2,1
SF,IF2006,2020-01-13 09:30:07.200,4175.2000,16526,0,22557660.000,0,-,-,-,-,4175.2000,4175.0000,4173.0000,4170.6000,4170.0000,4177.0000,4177.8000,4178.0000,4178.4000,4179.0000,1,2,1,5,10,1,1,2,1,1
SF,IF2006,2020-01-13 09:30:07.700,4175.2000,16526,0,22557660.000,0,-,-,-,-,4175.0000,4173.0000,4170.6000,4170.0000,4169.0000,4175.2000,4177.0000,4177.8000,4178.0000,4178.4000,2,1,5,10,11,1,2,1,2,1
SF,IF2006,2020-01-13 09:30:08.200,4175.2000,16525,-1,23810220.000,1,0,1,双平,S,4175.0000,4173.0000,4170.6000,4170.0000,4169.0000,4177.0000,4177.8000,4178.0000,4178.4000,4179.0000,2,1,5,10,11,2,1,2,1,1
SF,IF2006,2020-01-13 09:30:08.700,4175.2000,16525,0,23810220.000,0,-,-,-,-,4175.0000,4173.0000,4170.6000,4170.0000,4169.0000,4176.8000,4177.0000,4177.8000,4178.0000,4178.4000,2,1,5,10,11,1,2,1,2,1
SF,IF2006,2020-01-13 09:30:09.200,4177.8000,16526,1,27569640.000,3,2,1,空开,S,4177.8000,4175.0000,4173.0000,4170.6000,4170.0000,4178.0000,4178.4000,4179.0000,4179.8000,4180.0000,3,2,1,5,10,2,1,1,1,3
SF,IF2006,2020-01-13 09:30:09.700,4177.8000,16526,0,35089680.000,6,3,3,多换,S,4175.0000,4174.0000,4173.0000,4170.6000,4170.0000,4177.4000,4177.8000,4178.0000,4178.4000,4179.0000,2,1,1,5,10,1,8,2,1,1
SF,IF2006,2020-01-13 09:30:10.200,4175.2000,16525,-1,36342240.000,1,0,1,双平,S,4175.2000,4175.0000,4174.0000,4173.0000,4170.6000,4177.4000,4177.8000,4178.0000,4178.4000,4179.0000,1,2,1,1,5,2,8,2,1,1
SF,IF2006,2020-01-13 09:30:10.700,4175.2000,16525,0,36342240.000,0,-,-,-,-,4175.2000,4175.0000,4174.0000,4173.0000,4170.6000,4176.6000,4177.0000,4177.2000,4177.4000,4177.8000,1,2,1,1,5,1,1,1,1,2
SF,IF2006,2020-01-13 09:30:11.200,4175.2000,16525,0,36342240.000,0,-,-,-,-,4175.2000,4175.0000,4174.0000,4173.0000,4170.6000,4176.8000,4177.0000,4177.4000,4177.6000,4177.8000,1,1,1,1,5,2,1,1,1,1
SF,IF2006,2020-01-13 09:30:11.700,4175.2000,16525,0,36342240.000,0,-,-,-,-,4175.4000,4175.2000,4175.0000,4174.0000,4173.0000,4176.8000,4177.0000,4177.4000,4177.6000,4177.8000,1,1,1,1,1,1,1,1,1,1
SF,IF2006,2020-01-13 09:30:12.200,4175.2000,16525,0,36342240.000,0,-,-,-,-,4176.6000,4175.6000,4175.4000,4175.0000,4174.0000,4176.8000,4177.0000,4177.4000,4177.6000,4178.0000,3,1,1,1,1,1,1,1,1,2
SF,IF2006,2020-01-13 09:30:12.700,4176.6000,16522,-3,40101180.000,3,0,3,双平,S,4175.6000,4175.0000,4174.0000,4173.0000,4170.6000,4176.6000,4176.8000,4177.0000,4177.4000,4178.0000,1,1,1,1,5,1,1,1,1,2
SF,IF2006,2020-01-13 09:30:13.200,4176.6000,16522,0,40101180.000,0,-,-,-,-,4175.6000,4175.0000,4174.0000,4173.0000,4170.6000,4176.6000,4176.8000,4177.0000,4177.4000,4178.0000,1,1,1,1,5,1,1,1,1,2
SF,IF2006,2020-01-13 09:30:13.700,4176.6000,16522,0,41354160.000,1,0,1,多换,S,4176.6000,4175.0000,4174.0000,4173.0000,4170.6000,4176.8000,4177.0000,4177.4000,4178.0000,4178.4000,3,1,1,1,5,1,1,1,2,1
SF,IF2006,2020-01-13 09:30:14.200,4176.8000,16521,-1,42607200.000,1,0,1,双平,S,4176.6000,4175.0000,4174.8000,4174.0000,4173.0000,4177.0000,4177.4000,4178.0000,4178.4000,4178.6000,3,1,1,1,1,1,1,2,1,2
SF,IF2006,2020-01-13 09:30:14.700,4176.6000,16520,-1,45113280.000,2,0,2,多平,S,4176.6000,4175.0000,4174.8000,4174.0000,4173.0000,4177.4000,4178.0000,4178.4000,4178.6000,4179.0000,2,1,1,1,1,1,2,1,2,1
SF,IF2006,2020-01-13 09:30:15.200,4176.6000,16520,0,45113280.000,0,-,-,-,-,4176.6000,4175.0000,4174.8000,4174.0000,4173.0000,4177.0000,4177.4000,4178.0000,4178.4000,4178.6000,2,1,1,1,1,1,1,2,1,2
SF,IF2006,2020-01-13 09:30:15.700,4176.6000,16520,0,45113280.000,0,-,-,-,-,4176.6000,4175.0000,4174.8000,4174.0000,4173.0000,4177.0000,4177.4000,4178.0000,4178.4000,4178.6000,2,1,1,1,1,2,1,2,1,1
SF,IF2006,2020-01-13 09:30:16.200,4176.6000,16520,0,47619240.000,2,1,1,多换,S,4175.0000,4174.8000,4174.0000,4173.0000,4170.6000,4176.4000,4177.0000,4177.4000,4178.0000,4178.4000,1,1,1,1,5,1,2,1,2,1
SF,IF2006,2020-01-13 09:30:16.700,4176.4000,16520,0,52629300.000,4,2,2,多换,S,4176.4000,4173.0000,4170.6000,4170.0000,4169.0000,4177.0000,4177.4000,4178.0000,4178.4000,4178.6000,2,1,5,11,10,1,1,2,1,1
SF,IF2006,2020-01-13 09:30:17.200,4176.4000,16519,-1,56388060.000,3,1,2,多平,S,4173.0000,4170.6000,4170.0000,4169.0000,4168.0000,4176.2000,4177.0000,4177.4000,4178.0000,4178.4000,1,5,11,10,10,1,1,1,2,1
SF,IF2006,2020-01-13 09:30:17.700,4176.4000,16519,0,56388060.000,0,-,-,-,-,4173.4000,4173.2000,4173.0000,4170.6000,4170.0000,4176.2000,4176.6000,4177.0000,4177.4000,4178.0000,1,1,1,5,11,1,1,2,1,2
SF,IF2006,2020-01-13 09:30:18.200,4176.4000,16519,0,56388060.000,0,-,-,-,-,4173.6000,4173.4000,4173.2000,4173.0000,4170.6000,4176.0000,4176.6000,4177.0000,4177.4000,4178.0000,2,1,1,1,5,2,2,1,1,2
SF,IF2006,2020-01-13 09:30:18.700,4176.4000,16519,0,56388060.000,0,-,-,-,-,4173.6000,4173.4000,4173.0000,4170.0000,4169.0000,4176.0000,4176.6000,4177.0000,4177.4000,4178.0000,1,1,1,11,10,3,1,1,1,2
SF,IF2006,2020-01-13 09:30:19.200,4176.4000,16519,0,56388060.000,0,-,-,-,-,4173.6000,4173.4000,4173.0000,4170.0000,4169.0000,4175.8000,4176.0000,4176.6000,4177.0000,4177.4000,1,1,1,11,10,1,3,1,1,1
SF,IF2006,2020-01-13 09:30:19.700,4176.4000,16519,0,56388060.000,0,-,-,-,-,4173.4000,4173.0000,4170.0000,4169.0000,4168.0000,4175.6000,4175.8000,4176.0000,4176.4000,4176.6000,1,1,11,10,10,1,1,2,1,1
SF,IF2006,2020-01-13 09:30:20.200,4176.4000,16519,0,56388060.000,0,-,-,-,-,4173.4000,4173.0000,4170.0000,4169.0000,4168.0000,4175.4000,4175.6000,4175.8000,4176.0000,4176.4000,1,1,11,10,10,1,2,1,1,1
SF,IF2006,2020-01-13 09:30:20.700,4176.4000,16519,0,56388060.000,0,-,-,-,-,4173.4000,4173.0000,4170.0000,4169.0000,4168.0000,4175.4000,4175.6000,4175.8000,4176.4000,4176.6000,1,1,11,10,10,2,2,1,1,1
SF,IF2006,2020-01-13 09:30:21.200,4176.4000,16519,0,56388060.000,0,-,-,-,-,4173.4000,4173.0000,4170.0000,4169.0000,4168.0000,4175.4000,4175.6000,4176.4000,4176.6000,4177.0000,1,1,11,10,10,2,1,1,1,1
SF,IF2006,2020-01-13 09:30:21.700,4176.4000,16519,0,56388060.000,0,-,-,-,-,4173.6000,4173.4000,4173.0000,4170.0000,4169.0000,4175.2000,4175.4000,4175.6000,4176.6000,4177.0000,1,1,1,11,10,1,1,1,1,1
SF,IF2006,2020-01-13 09:30:22.200,4176.4000,16519,0,56388060.000,0,-,-,-,-,4173.6000,4173.0000,4170.0000,4169.0000,4168.0000,4175.2000,4175.6000,4176.6000,4177.0000,4177.4000,1,1,11,10,10,1,1,2,1,1
SF,IF2006,2020-01-13 09:30:22.700,4175.2000,16518,-1,57640620.000,1,0,1,双平,S,4173.0000,4170.0000,4169.0000,4168.0000,4167.0000,4173.4000,4175.0000,4175.6000,4176.6000,4177.0000,1,11,10,10,10,2,1,1,2,1
SF,IF2006,2020-01-13 09:30:23.200,4173.4000,16516,-2,60144660.000,2,0,2,双平,S,4173.0000,4170.0000,4169.0000,4168.0000,4167.0000,4175.0000,4175.6000,4176.6000,4177.0000,4177.4000,1,11,10,10,10,1,1,1,1,1
SF,IF2006,2020-01-13 09:30:23.700,4173.4000,16516,0,60144660.000,0,-,-,-,-,4173.0000,4170.0000,4169.0000,4168.0000,4167.0000,4174.8000,4175.0000,4175.6000,4176.4000,4176.6000,1,11,10,10,10,1,1,1,1,1
SF,IF2006,2020-01-13 09:30:24.200,4173.4000,16516,0,60144660.000,0,-,-,-,-,4173.0000,4170.0000,4169.0000,4168.0000,4167.0000,4174.6000,4175.0000,4175.6000,4176.4000,4176.6000,1,11,10,10,10,1,1,1,1,1
SF,IF2006,2020-01-13 09:30:24.700,4173.4000,16516,0,60144660.000,0,-,-,-,-,4173.0000,4170.0000,4169.0000,4168.0000,4167.0000,4174.6000,4175.6000,4176.4000,4176.6000,4177.0000,1,11,10,10,10,1,1,1,1,1
SF,IF2006,2020-01-13 09:30:25.200,4173.4000,16516,0,60144660.000,0,-,-,-,-,4173.2000,4173.0000,4170.0000,4169.0000,4168.0000,4175.6000,4176.4000,4176.6000,4177.0000,4177.4000,1,1,11,10,10,1,1,1,1,1
SF,IF2006,2020-01-13 09:30:26.200,4173.4000,16516,0,60144660.000,0,-,-,-,-,4173.0000,4170.0000,4169.0000,4168.0000,4167.0000,4175.4000,4175.6000,4176.6000,4177.0000,4177.4000,1,11,10,10,10,3,2,1,1,1
SF,IF2006,2020-01-13 09:30:26.700,4173.4000,16516,0,60144660.000,0,-,-,-,-,4173.0000,4170.0000,4169.0000,4168.0000,4167.0000,4173.2000,4175.4000,4175.6000,4176.6000,4177.0000,1,11,10,10,10,1,2,1,1,1
SF,IF2006,2020-01-13 09:30:27.200,4173.2000,16515,-1,61396620.000,1,0,1,双平,S,4173.4000,4173.0000,4170.0000,4169.0000,4168.0000,4175.2000,4175.4000,4175.6000,4176.6000,4177.0000,1,1,11,10,10,1,1,1,1,1
SF,IF2006,2020-01-13 09:30:27.700,4173.2000,16515,0,61396620.000,0,-,-,-,-,4173.0000,4170.0000,4169.0000,4168.0000,4167.0000,4175.0000,4175.4000,4175.6000,4176.6000,4177.0000,1,11,10,10,10,1,1,1,1,1
SF,IF2006,2020-01-13 09:30:28.200,4173.2000,16515,0,61396620.000,0,-,-,-,-,4173.0000,4170.0000,4169.0000,4168.0000,4167.0000,4173.8000,4174.8000,4175.0000,4175.2000,4175.6000,1,11,10,10,10,1,1,1,1,1
SF,IF2006,2020-01-13 09:30:29.200,4173.8000,16514,-1,62648760.000,1,0,1,双平,S,4174.0000,4173.0000,4170.0000,4169.0000,4168.0000,4175.2000,4175.6000,4176.6000,4177.0000,4177.4000,1,1,11,10,10,1,1,1,1,1
SF,IF2006,2020-01-13 09:30:29.700,4173.0000,16514,0,65152860.000,2,1,1,多换,S,4170.0000,4169.0000,4168.0000,4167.0000,4166.4000,4173.0000,4175.6000,4176.0000,4176.6000,4177.0000,11,10,10,10,5,1,1,1,1,1
SF,IF2006,2020-01-13 09:30:30.200,4173.0000,16513,-1,66404760.000,1,0,1,双平,S,4172.8000,4171.2000,4170.2000,4170.0000,4169.0000,4175.6000,4176.0000,4176.6000,4177.0000,4177.4000,1,1,10,12,10,1,1,1,1,1
SF,IF2006,2020-01-13 09:30:30.700,4173.0000,16513,0,66404760.000,0,-,-,-,-,4175.2000,4172.8000,4171.2000,4170.2000,4170.0000,4175.6000,4176.0000,4176.6000,4177.0000,4177.4000,1,1,1,10,12,2,1,1,1,1
SF,IF2006,2020-01-13 09:30:31.200,4175.2000,16513,0,67657320.000,1,0,1,多换,S,4172.8000,4171.2000,4170.2000,4170.0000,4169.0000,4175.6000,4176.0000,4176.6000,4177.0000,4177.4000,1,1,9,12,10,2,1,1,1,1
SF,IF2006,2020-01-13 09:30:31.700,4175.2000,16513,0,67657320.000,0,-,-,-,-,4172.8000,4171.2000,4170.2000,4170.0000,4169.0000,4174.6000,4175.4000,4175.6000,4176.6000,4177.0000,1,1,9,12,10,1,1,2,1,1
SF,IF2006,2020-01-13 09:30:32.200,4175.2000,16513,0,67657320.000,0,-,-,-,-,4172.8000,4171.2000,4170.2000,4170.0000,4169.0000,4175.4000,4175.6000,4176.6000,4177.0000,4177.4000,1,1,9,12,10,1,1,1,1,1
SF,IF2006,2020-01-13 09:30:32.700,4175.6000,16513,0,68910000.000,1,0,1,多换,S,4175.6000,4173.0000,4172.8000,4171.2000,4170.2000,4175.8000,4176.6000,4177.0000,4177.4000,4178.0000,2,1,1,1,9,1,1,1,1,2
SF,IF2006,2020-01-13 09:30:33.200,4175.6000,16513,0,72668100.000,3,1,2,多换,S,4173.0000,4172.8000,4171.2000,4170.2000,4170.0000,4175.6000,4176.0000,4176.6000,4177.0000,4177.4000,1,1,1,9,12,1,2,1,1,1
SF,IF2006,2020-01-13 09:30:33.700,4175.6000,16513,0,72668100.000,0,-,-,-,-,4173.2000,4173.0000,4172.8000,4171.2000,4170.2000,4175.6000,4176.0000,4176.6000,4177.0000,4177.4000,1,2,1,1,9,1,2,1,1,1
SF,IF2006,2020-01-13 09:30:34.200,4175.6000,16513,0,72668100.000,0,-,-,-,-,4173.4000,4173.2000,4173.0000,4172.8000,4171.2000,4175.6000,4176.0000,4176.6000,4177.0000,4177.4000,1,1,2,1,1,1,2,1,1,1
SF,IF2006,2020-01-13 09:30:34.700,4175.6000,16513,0,72668100.000,0,-,-,-,-,4173.6000,4173.4000,4173.2000,4173.0000,4172.8000,4175.6000,4176.0000,4176.6000,4177.0000,4177.4000,1,2,1,2,1,1,2,1,1,1
SF,IF2006,2020-01-13 09:30:35.200,4175.6000,16513,0,72668100.000,0,-,-,-,-,4173.8000,4173.6000,4173.4000,4173.2000,4173.0000,4175.6000,4176.6000,4177.0000,4177.4000,4178.0000,1,1,2,1,2,1,1,1,1,2
SF,IF2006,2020-01-13 09:30:35.700,4175.6000,16513,0,72668100.000,0,-,-,-,-,4174.0000,4173.8000,4173.6000,4173.4000,4173.2000,4175.6000,4176.6000,4177.0000,4177.4000,4178.0000,1,1,1,2,1,1,1,1,1,2
SF,IF2006,2020-01-13 09:30:36.200,4175.6000,16513,0,72668100.000,0,-,-,-,-,4174.0000,4173.8000,4173.6000,4173.4000,4173.2000,4175.6000,4176.6000,4177.0000,4177.4000,4178.4000,2,1,1,2,1,1,1,1,2,1
SF,IF2006,2020-01-13 09:30:36.700,4175.6000,16513,0,72668100.000,0,-,-,-,-,4174.2000,4174.0000,4173.8000,4173.6000,4173.4000,4175.6000,4176.6000,4177.0000,4177.4000,4178.4000,1,2,1,1,2,1,1,1,2,1
SF,IF2006,2020-01-13 09:30:37.200,4175.6000,16513,0,72668100.000,0,-,-,-,-,4174.2000,4174.0000,4173.4000,4172.8000,4170.2000,4175.6000,4176.6000,4177.0000,4177.4000,4178.4000,1,1,1,1,9,1,1,1,2,1
SF,IF2006,2020-01-13 09:30:37.700,4175.6000,16513,0,72668100.000,0,-,-,-,-,4174.2000,4173.4000,4172.8000,4170.2000,4170.0000,4175.6000,4176.6000,4177.0000,4177.4000,4178.4000,1,1,1,9,12,1,1,1,2,1
SF,IF2006,2020-01-13 09:30:39.200,4175.6000,16513,0,72668100.000,0,-,-,-,-,4174.4000,4174.2000,4173.4000,4172.8000,4170.2000,4175.6000,4176.6000,4177.0000,4177.4000,4178.4000,1,1,1,1,9,1,1,1,2,1
SF,IF2006,2020-01-13 09:30:39.700,4175.6000,16513,0,72668100.000,0,-,-,-,-,4174.6000,4174.4000,4174.2000,4173.4000,4172.8000,4175.6000,4176.6000,4177.0000,4177.4000,4179.0000,1,1,1,1,1,1,1,1,2,1
SF,IF2006,2020-01-13 09:30:40.200,4175.6000,16513,0,72668100.000,0,-,-,-,-,4174.6000,4174.2000,4173.4000,4172.8000,4170.2000,4175.6000,4176.6000,4177.0000,4177.4000,4179.0000,1,1,1,1,9,1,1,1,1,1
SF,IF2006,2020-01-13 09:30:40.700,4175.6000,16513,0,72668100.000,0,-,-,-,-,4174.6000,4173.4000,4172.8000,4170.2000,4170.0000,4175.6000,4176.6000,4177.0000,4177.4000,4179.0000,1,1,1,9,12,1,1,1,1,1
SF,IF2006,2020-01-13 09:30:41.200,4175.6000,16513,0,72668100.000,0,-,-,-,-,4173.4000,4172.8000,4170.2000,4170.0000,4169.6000,4175.6000,4176.6000,4177.0000,4177.4000,4179.0000,1,1,9,12,1,1,1,1,1,1
SF,IF2006,2020-01-13 09:30:41.700,4175.6000,16513,0,73920780.000,1,0,1,多换,S,4175.6000,4173.6000,4173.4000,4172.8000,4170.2000,4177.0000,4177.4000,4179.0000,4179.8000,4180.0000,2,2,1,1,9,1,1,1,1,2
SF,IF2006,2020-01-13 09:30:42.200,4175.6000,16513,0,73920780.000,0,-,-,-,-,4175.6000,4173.6000,4173.4000,4172.8000,4170.2000,4177.0000,4177.4000,4179.0000,4179.8000,4180.0000,2,2,1,1,9,1,1,1,1,2
SF,IF2006,2020-01-13 09:30:42.700,4175.6000,16513,0,73920780.000,0,-,-,-,-,4175.8000,4175.6000,4173.6000,4173.4000,4172.8000,4177.0000,4177.4000,4179.0000,4179.8000,4180.0000,1,2,1,1,1,1,1,1,1,2
SF,IF2006,2020-01-13 09:30:43.200,4175.6000,16513,0,73920780.000,0,-,-,-,-,4175.8000,4175.6000,4173.6000,4173.4000,4173.0000,4177.0000,4177.4000,4179.0000,4179.8000,4180.0000,1,2,1,1,4,1,1,1,1,2
SF,IF2006,2020-01-13 09:30:43.700,4175.6000,16513,0,73920780.000,0,-,-,-,-,4175.6000,4173.6000,4173.4000,4173.0000,4172.8000,4177.0000,4177.4000,4179.0000,4179.8000,4180.0000,2,1,1,4,1,1,1,1,1,2
SF,IF2006,2020-01-13 09:30:44.200,4175.6000,16513,0,73920780.000,0,-,-,-,-,4175.8000,4175.6000,4173.6000,4173.4000,4173.0000,4177.0000,4177.4000,4179.0000,4179.8000,4180.0000,2,2,1,1,4,1,1,1,1,2
SF,IF2006,2020-01-13 09:30:44.700,4175.6000,16513,0,73920780.000,0,-,-,-,-,4175.8000,4175.6000,4173.6000,4173.4000,4173.0000,4177.0000,4177.4000,4179.0000,4179.8000,4180.0000,2,2,1,1,4,1,1,1,1,2
SF,IF2006,2020-01-13 09:30:45.200,4175.6000,16513,0,73920780.000,0,-,-,-,-,4175.8000,4175.6000,4173.6000,4173.4000,4173.0000,4177.0000,4177.4000,4179.0000,4179.8000,4180.0000,1,2,1,1,4,1,1,1,1,2
SF,IF2006,2020-01-13 09:30:46.200,4175.6000,16513,0,73920780.000,0,-,-,-,-,4176.0000,4175.8000,4175.6000,4173.6000,4173.4000,4177.0000,4177.4000,4179.0000,4179.8000,4180.0000,1,1,2,1,1,1,1,1,1,2
SF,IF2006,2020-01-13 09:30:46.700,4175.6000,16513,0,73920780.000,0,-,-,-,-,4176.2000,4176.0000,4175.6000,4173.6000,4173.4000,4177.0000,4177.4000,4177.8000,4179.0000,4179.8000,1,2,2,1,1,1,1,1,1,1
SF,IF2006,2020-01-13 09:30:47.200,4175.6000,16513,0,73920780.000,0,-,-,-,-,4176.2000,4175.6000,4173.6000,4173.4000,4173.0000,4177.0000,4177.4000,4177.8000,4179.0000,4179.8000,2,2,1,1,4,1,1,1,1,1
SF,IF2006,2020-01-13 09:30:48.700,4176.2000,16511,-2,76426500.000,2,0,2,双平,S,4175.6000,4173.6000,4173.0000,4172.8000,4170.2000,4177.0000,4177.4000,4177.8000,4179.0000,4179.8000,2,1,4,1,9,1,1,1,1,1
SF,IF2006,2020-01-13 09:30:49.200,4176.2000,16511,0,76426500.000,0,-,-,-,-,4175.6000,4173.6000,4173.0000,4172.8000,4170.2000,4176.8000,4177.0000,4177.4000,4177.8000,4179.0000,2,1,4,1,9,1,1,1,1,1
SF,IF2006,2020-01-13 09:30:49.700,4176.2000,16511,0,76426500.000,0,-,-,-,-,4175.8000,4175.6000,4173.6000,4173.0000,4172.8000,4176.8000,4177.0000,4177.4000,4177.8000,4179.0000,1,2,1,4,1,1,1,1,1,1
SF,IF2006,2020-01-13 09:30:50.200,4175.8000,16510,-1,77679240.000,1,0,1,双平,S,4175.6000,4173.6000,4173.0000,4172.8000,4170.2000,4176.0000,4176.6000,4176.8000,4177.0000,4177.4000,2,1,4,1,9,1,1,1,1,1
SF,IF2006,2020-01-13 09:30:50.700,4176.0000,16509,-1,78932040.000,1,0,1,双平,S,4175.6000,4173.6000,4173.0000,4172.8000,4170.2000,4176.6000,4176.8000,4177.0000,4177.4000,4177.8000,2,1,4,1,9,1,1,1,1,1
SF,IF2006,2020-01-13 09:30:51.200,4176.0000,16509,0,78932040.000,0,-,-,-,-,4175.6000,4173.6000,4173.0000,4172.8000,4170.2000,4176.4000,4176.6000,4177.0000,4177.4000,4177.8000,2,1,4,1,9,1,1,1,1,1
SF,IF2006,2020-01-13 09:30:51.700,4176.0000,16509,0,78932040.000,0,-,-,-,-,4175.6000,4173.6000,4173.0000,4172.8000,4170.2000,4176.4000,4176.6000,4177.0000,4177.4000,4177.8000,2,1,5,1,9,1,1,1,1,1
SF,IF2006,2020-01-13 09:30:52.200,4176.0000,16509,0,78932040.000,0,-,-,-,-,4175.6000,4173.6000,4173.0000,4172.8000,4170.2000,4176.6000,4177.0000,4177.4000,4177.8000,4179.0000,2,1,5,1,9,1,2,1,1,1
SF,IF2006,2020-01-13 09:30:52.700,4176.0000,16509,0,78932040.000,0,-,-,-,-,4175.6000,4173.6000,4173.0000,4172.8000,4170.2000,4176.4000,4177.0000,4177.4000,4179.0000,4179.8000,3,1,5,1,9,2,2,1,1,1
SF,IF2006,2020-01-13 09:30:53.200,4175.6000,16509,0,81437400.000,2,1,1,多换,S,4173.6000,4173.0000,4172.8000,4170.2000,4170.0000,4176.4000,4177.0000,4177.4000,4179.0000,4179.8000,1,5,1,9,12,1,2,1,1,1
SF,IF2006,2020-01-13 09:30:53.700,4175.6000,16509,0,81437400.000,0,-,-,-,-,4173.8000,4173.6000,4173.0000,4172.8000,4170.2000,4176.4000,4177.0000,4177.4000,4179.0000,4179.8000,2,1,5,1,9,1,2,1,1,1
SF,IF2006,2020-01-13 09:30:54.200,4175.6000,16509,0,81437400.000,0,-,-,-,-,4174.0000,4173.8000,4173.6000,4173.0000,4172.8000,4176.4000,4177.0000,4177.4000,4179.0000,4179.8000,1,2,1,5,1,1,2,1,1,1
SF,IF2006,2020-01-13 09:30:54.700,4175.6000,16509,0,81437400.000,0,-,-,-,-,4174.2000,4173.8000,4173.6000,4173.0000,4172.8000,4176.2000,4176.4000,4177.0000,4177.4000,4179.0000,1,1,1,5,1,2,1,2,1,1
SF,IF2006,2020-01-13 09:30:55.200,4175.6000,16509,0,81437400.000,0,-,-,-,-,4174.4000,4174.2000,4173.8000,4173.6000,4173.0000,4176.0000,4176.2000,4177.0000,4177.4000,4179.0000,1,1,1,1,5,1,2,2,1,1
SF,IF2006,2020-01-13 09:30:55.700,4175.6000,16509,0,81437400.000,0,-,-,-,-,4174.6000,4174.4000,4173.0000,4172.8000,4170.2000,4176.0000,4176.2000,4177.0000,4177.4000,4179.0000,1,1,5,1,9,1,2,2,1,1
SF,IF2006,2020-01-13 09:30:56.200,4175.6000,16509,0,81437400.000,0,-,-,-,-,4174.6000,4173.0000,4172.8000,4170.2000,4170.0000,4176.2000,4177.0000,4177.4000,4179.0000,4179.8000,1,5,1,9,12,2,2,1,1,1
SF,IF2006,2020-01-13 09:30:56.700,4175.6000,16509,0,81437400.000,0,-,-,-,-,4174.8000,4174.6000,4173.0000,4172.8000,4170.2000,4176.2000,4177.0000,4177.4000,4179.0000,4179.8000,1,1,5,1,9,2,2,1,1,1
SF,IF2006,2020-01-13 09:30:57.200,4175.6000,16509,0,81437400.000,0,-,-,-,-,4174.8000,4174.6000,4173.0000,4172.8000,4170.2000,4176.0000,4176.2000,4177.0000,4177.4000,4179.0000,1,1,5,1,9,1,2,2,1,1
SF,IF2006,2020-01-13 09:30:57.700,4175.6000,16509,0,81437400.000,0,-,-,-,-,4174.6000,4173.0000,4172.8000,4170.2000,4170.0000,4176.0000,4176.2000,4177.0000,4177.4000,4179.0000,1,5,1,9,12,1,1,2,1,1
SF,IF2006,2020-01-13 09:30:58.200,4175.6000,16509,0,81437400.000,0,-,-,-,-,4174.6000,4173.0000,4172.8000,4170.2000,4170.0000,4175.8000,4176.0000,4176.2000,4177.0000,4177.4000,1,5,1,9,12,1,1,1,2,1
SF,IF2006,2020-01-13 09:30:58.700,4175.6000,16509,0,81437400.000,0,-,-,-,-,4174.6000,4173.0000,4172.8000,4170.2000,4170.0000,4175.8000,4176.0000,4176.4000,4177.0000,4177.4000,1,5,1,9,12,2,1,1,2,1
SF,IF2006,2020-01-13 09:30:59.200,4174.6000,16508,-1,82689780.000,1,0,1,双平,S,4173.0000,4172.8000,4170.2000,4170.0000,4169.6000,4175.8000,4176.4000,4177.0000,4177.4000,4177.8000,5,1,9,12,1,2,1,2,1,1
SF,IF2006,2020-01-13 09:30:59.700,4174.6000,16508,0,82689780.000,0,-,-,-,-,4173.4000,4173.2000,4173.0000,4172.8000,4170.2000,4175.6000,4175.8000,4176.4000,4177.0000,4177.4000,1,4,5,1,9,1,1,1,2,1
SF,IF2006,2020-01-13 09:31:00.200,4175.6000,16508,0,83942460.000,1,0,1,多换,S,4173.6000,4173.4000,4173.2000,4173.0000,4172.8000,4175.6000,4176.4000,4177.0000,4177.4000,4177.8000,2,1,3,5,1,1,1,2,2,1
SF,IF2006,2020-01-13 09:31:00.700,4175.6000,16508,0,83942460.000,0,-,-,-,-,4173.8000,4173.6000,4173.4000,4173.2000,4173.0000,4175.6000,4176.4000,4177.0000,4177.4000,4177.8000,1,2,1,3,5,3,1,2,2,1
SF,IF2006,2020-01-13 09:31:01.200,4175.6000,16508,0,83942460.000,0,-,-,-,-,4174.0000,4173.8000,4173.6000,4173.4000,4173.2000,4175.6000,4176.4000,4177.0000,4177.4000,4177.8000,2,1,1,1,3,3,1,2,2,1
SF,IF2006,2020-01-13 09:31:01.700,4175.6000,16508,0,83942460.000,0,-,-,-,-,4174.0000,4173.8000,4173.6000,4173.4000,4173.2000,4175.6000,4176.4000,4177.0000,4177.4000,4177.6000,2,1,1,1,3,3,1,2,2,1
SF,IF2006,2020-01-13 09:31:02.200,4175.6000,16508,0,83942460.000,0,-,-,-,-,4174.0000,4173.8000,4173.6000,4173.4000,4173.2000,4175.6000,4176.4000,4177.0000,4177.4000,4177.6000,2,1,2,1,3,3,1,2,1,1
SF,IF2006,2020-01-13 09:31:03.200,4175.6000,16508,0,83942460.000,0,-,-,-,-,4174.0000,4173.8000,4173.6000,4173.4000,4173.2000,4175.6000,4177.0000,4177.4000,4177.6000,4177.8000,2,1,2,1,3,3,2,1,1,1
SF,IF2006,2020-01-13 09:31:04.700,4175.6000,16506,-2,87700500.000,3,0,3,多平,S,4174.0000,4173.8000,4173.6000,4173.4000,4173.2000,4177.0000,4177.4000,4177.6000,4177.8000,4179.0000,2,1,2,1,3,2,1,1,1,1
SF,IF2006,2020-01-13 09:31:05.200,4175.6000,16506,0,87700500.000,0,-,-,-,-,4174.0000,4173.8000,4173.6000,4173.4000,4173.2000,4176.8000,4177.0000,4177.4000,4177.6000,4177.8000,2,1,2,1,3,1,2,1,1,1
SF,IF2006,2020-01-13 09:31:05.700,4175.6000,16506,0,87700500.000,0,-,-,-,-,4174.2000,4174.0000,4173.8000,4173.6000,4173.4000,4176.8000,4177.0000,4177.4000,4177.6000,4177.8000,3,2,1,2,1,1,2,1,1,1
SF,IF2006,2020-01-13 09:31:06.200,4175.6000,16506,0,87700500.000,0,-,-,-,-,4175.6000,4174.4000,4174.2000,4174.0000,4173.8000,4176.6000,4176.8000,4177.0000,4177.4000,4177.8000,1,2,3,1,1,1,1,2,1,1
SF,IF2006,2020-01-13 09:31:06.700,4175.6000,16506,0,87700500.000,0,-,-,-,-,4175.6000,4174.4000,4174.2000,4174.0000,4173.8000,4176.6000,4176.8000,4177.0000,4177.4000,4177.8000,1,2,1,1,1,1,1,2,1,1
SF,IF2006,2020-01-13 09:31:07.200,4175.6000,16506,0,87700500.000,0,-,-,-,-,4175.6000,4174.4000,4174.2000,4174.0000,4173.8000,4176.8000,4177.0000,4177.4000,4177.8000,4179.0000,1,2,1,1,1,1,2,1,1,1
SF,IF2006,2020-01-13 09:31:07.700,4175.6000,16506,0,87700500.000,0,-,-,-,-,4174.4000,4174.2000,4174.0000,4173.8000,4173.6000,4176.4000,4176.8000,4177.0000,4177.4000,4177.8000,2,1,1,1,2,1,1,2,1,1
SF,IF2006,2020-01-13 09:31:08.200,4175.6000,16506,0,87700500.000,0,-,-,-,-,4174.6000,4174.4000,4174.2000,4174.0000,4173.8000,4176.4000,4177.0000,4177.4000,4177.8000,4178.2000,1,2,1,1,1,2,2,1,1,1
SF,IF2006,2020-01-13 09:31:08.700,4175.6000,16506,0,87700500.000,0,-,-,-,-,4174.8000,4174.6000,4174.4000,4174.2000,4174.0000,4176.2000,4176.4000,4177.0000,4177.4000,4177.8000,2,1,1,1,1,1,2,2,1,1
SF,IF2006,2020-01-13 09:31:09.200,4175.6000,16506,0,87700500.000,0,-,-,-,-,4175.0000,4174.8000,4174.6000,4174.4000,4174.0000,4176.2000,4176.4000,4177.0000,4177.4000,4177.8000,1,2,1,1,1,1,2,2,1,1
SF,IF2006,2020-01-13 09:31:09.700,4175.6000,16506,0,87700500.000,0,-,-,-,-,4175.2000,4175.0000,4174.8000,4174.6000,4174.4000,4176.4000,4177.0000,4177.4000,4177.8000,4178.2000,1,1,1,1,1,2,2,1,1,1
SF,IF2006,2020-01-13 09:31:10.200,4175.6000,16506,0,87700500.000,0,-,-,-,-,4175.4000,4175.2000,4175.0000,4174.8000,4174.6000,4176.4000,4177.0000,4177.4000,4177.8000,4178.2000,1,1,1,1,1,2,2,1,1,1
SF,IF2006,2020-01-13 09:31:10.700,4175.6000,16506,0,87700500.000,0,-,-,-,-,4175.0000,4174.6000,4174.0000,4173.8000,4173.6000,4175.4000,4176.2000,4176.4000,4177.0000,4177.4000,1,1,1,1,2,1,1,1,2,1
SF,IF2006,2020-01-13 09:31:11.200,4175.4000,16505,-1,88953120.000,1,0,1,双平,S,4175.6000,4175.0000,4174.6000,4174.0000,4173.8000,4176.0000,4176.4000,4177.0000,4177.2000,4177.4000,1,1,1,1,1,1,1,2,1,1
SF,IF2006,2020-01-13 09:31:11.700,4175.4000,16505,0,88953120.000,0,-,-,-,-,4175.0000,4174.6000,4174.0000,4173.8000,4173.6000,4175.2000,4176.0000,4176.4000,4177.0000,4177.2000,1,1,1,1,2,1,1,1,2,1
SF,IF2006,2020-01-13 09:31:12.200,4175.2000,16504,-1,90205680.000,1,0,1,双平,S,4175.2000,4175.0000,4174.6000,4174.0000,4173.8000,4176.0000,4176.4000,4177.0000,4177.2000,4177.4000,2,1,1,1,1,1,1,2,1,1
SF,IF2006,2020-01-13 09:31:13.200,4175.2000,16504,0,90205680.000,0,-,-,-,-,4175.4000,4175.2000,4175.0000,4174.6000,4174.0000,4175.8000,4176.0000,4176.4000,4177.0000,4177.4000,1,2,1,1,1,1,1,1,2,1
SF,IF2006,2020-01-13 09:31:13.700,4175.8000,16503,-1,91458420.000,1,0,1,双平,S,4175.2000,4175.0000,4174.6000,4174.0000,4173.8000,4176.0000,4176.4000,4177.0000,4177.4000,4177.8000,2,1,1,1,1,1,1,2,1,1
SF,IF2006,2020-01-13 09:31:14.200,4175.8000,16503,0,91458420.000,0,-,-,-,-,4175.2000,4175.0000,4174.6000,4174.0000,4173.8000,4176.0000,4176.4000,4177.0000,4177.4000,4177.8000,2,1,1,1,1,1,1,2,1,1
SF,IF2006,2020-01-13 09:31:14.700,4175.8000,16503,0,91458420.000,0,-,-,-,-,4175.2000,4175.0000,4174.6000,4174.0000,4173.8000,4176.0000,4176.4000,4177.0000,4177.4000,4177.8000,2,1,1,1,1,1,1,2,1,1
SF,IF2006,2020-01-13 09:31:15.200,4175.8000,16503,0,91458420.000,0,-,-,-,-,4175.2000,4175.0000,4174.6000,4174.0000,4173.8000,4176.0000,4176.4000,4177.0000,4177.4000,4177.8000,2,1,1,1,1,1,1,2,1,1
SF,IF2006,2020-01-13 09:31:15.700,4175.8000,16503,0,91458420.000,0,-,-,-,-,4175.2000,4175.0000,4174.6000,4174.0000,4173.8000,4176.0000,4176.4000,4177.0000,4177.4000,4177.8000,2,1,1,1,1,1,1,2,1,1
SF,IF2006,2020-01-13 09:31:16.200,4176.0000,16502,-1,92711220.000,1,0,1,双平,S,4175.2000,4175.0000,4174.6000,4174.0000,4173.8000,4176.4000,4177.0000,4177.4000,4177.8000,4179.0000,2,1,1,1,1,1,2,1,1,1
SF,IF2006,2020-01-13 09:31:16.700,4176.0000,16502,0,92711220.000,0,-,-,-,-,4175.4000,4175.2000,4175.0000,4174.6000,4174.0000,4176.4000,4177.0000,4177.4000,4177.8000,4179.0000,1,2,1,1,1,1,2,1,1,1
SF,IF2006,2020-01-13 09:31:17.200,4176.0000,16502,0,92711220.000,0,-,-,-,-,4175.4000,4175.2000,4175.0000,4174.6000,4174.0000,4176.0000,4176.4000,4177.0000,4177.4000,4177.8000,1,2,1,1,1,1,1,2,1,1
SF,IF2006,2020-01-13 09:31:17.700,4176.0000,16503,1,93964020.000,1,1,0,双开,S,4176.0000,4175.4000,4175.2000,4175.0000,4174.6000,4176.4000,4177.0000,4177.4000,4177.8000,4179.0000,1,1,2,1,1,1,2,1,1,1
SF,IF2006,2020-01-13 09:31:18.200,4176.0000,16503,0,95216820.000,1,0,1,多换,S,4175.4000,4175.2000,4175.0000,4174.0000,4173.8000,4176.4000,4177.0000,4177.4000,4177.8000,4179.0000,1,2,1,1,1,1,2,1,1,1
SF,IF2006,2020-01-13 09:31:18.700,4176.0000,16503,0,95216820.000,0,-,-,-,-,4175.4000,4175.2000,4175.0000,4174.0000,4173.8000,4176.4000,4177.0000,4177.4000,4177.8000,4179.0000,1,2,1,1,1,1,2,1,1,1
SF,IF2006,2020-01-13 09:31:19.200,4176.0000,16503,0,95216820.000,0,-,-,-,-,4175.4000,4175.2000,4175.0000,4174.0000,4173.8000,4176.4000,4177.0000,4177.4000,4177.8000,4179.0000,1,2,1,1,1,1,2,1,1,1
SF,IF2006,2020-01-13 09:31:19.700,4176.0000,16503,0,95216820.000,0,-,-,-,-,4175.4000,4175.2000,4175.0000,4174.0000,4173.8000,4176.4000,4177.0000,4177.4000,4177.8000,4179.0000,1,2,1,1,1,1,2,1,1,1
SF,IF2006,2020-01-13 09:31:20.200,4176.4000,16502,-1,96469740.000,1,0,1,双平,S,4175.4000,4175.2000,4175.0000,4174.0000,4173.8000,4177.0000,4177.4000,4177.8000,4179.0000,4179.8000,1,2,1,1,1,2,1,1,1,1
SF,IF2006,2020-01-13 09:31:20.700,4176.4000,16502,0,96469740.000,0,-,-,-,-,4175.6000,4175.4000,4175.2000,4175.0000,4174.0000,4176.8000,4177.0000,4177.4000,4177.8000,4179.0000,2,1,2,1,1,1,2,1,1,1
SF,IF2006,2020-01-13 09:31:21.200,4176.4000,16502,0,96469740.000,0,-,-,-,-,4175.8000,4175.6000,4175.2000,4175.0000,4174.0000,4177.0000,4177.4000,4177.8000,4179.0000,4179.8000,1,2,2,1,1,2,1,1,1,1
SF,IF2006,2020-01-13 09:31:21.700,4176.4000,16502,0,96469740.000,0,-,-,-,-,4175.8000,4175.6000,4175.2000,4175.0000,4174.0000,4177.0000,4177.4000,4177.8000,4179.0000,4179.8000,1,2,2,1,1,2,1,1,1,1
SF,IF2006,2020-01-13 09:31:23.700,4177.0000,16503,1,97722840.000,1,1,0,双开,S,4175.8000,4175.6000,4175.2000,4175.0000,4174.0000,4177.0000,4177.4000,4177.8000,4179.0000,4179.8000,1,2,2,1,1,1,1,1,1,1
SF,IF2006,2020-01-13 09:31:24.200,4177.0000,16503,0,98975940.000,1,0,1,多换,S,4175.8000,4175.6000,4175.2000,4175.0000,4174.0000,4177.4000,4177.8000,4179.0000,4179.8000,4180.0000,1,2,2,1,1,1,1,1,1,2
SF,IF2006,2020-01-13 09:31:24.700,4177.0000,16503,0,98975940.000,0,-,-,-,-,4176.0000,4175.8000,4175.6000,4175.2000,4175.0000,4177.4000,4177.8000,4178.4000,4179.0000,4179.8000,1,1,2,2,1,1,1,1,1,1
SF,IF2006,2020-01-13 09:31:25.200,4177.0000,16503,0,98975940.000,0,-,-,-,-,4176.2000,4175.6000,4175.2000,4175.0000,4174.0000,4177.4000,4177.8000,4178.4000,4179.0000,4179.8000,1,2,2,1,1,1,1,1,1,1
SF,IF2006,2020-01-13 09:31:26.200,4177.4000,16502,-1,100229160.000,1,0,1,双平,S,4176.4000,4176.2000,4175.6000,4175.2000,4175.0000,4177.8000,4179.0000,4179.8000,4180.0000,4182.8000,1,1,2,2,1,1,1,2,2,1
SF,IF2006,2020-01-13 09:31:26.700,4177.4000,16502,0,100229160.000,0,-,-,-,-,4176.6000,4176.4000,4175.6000,4175.2000,4175.0000,4177.8000,4179.0000,4179.8000,4180.0000,4182.8000,1,1,2,2,1,1,1,2,2,1
SF,IF2006,2020-01-13 09:31:27.200,4177.4000,16502,0,100229160.000,0,-,-,-,-,4176.6000,4176.4000,4175.6000,4175.2000,4175.0000,4177.8000,4179.0000,4179.8000,4180.0000,4182.8000,1,1,2,2,1,1,1,2,2,1
SF,IF2006,2020-01-13 09:31:27.700,4177.4000,16502,0,100229160.000,0,-,-,-,-,4176.8000,4176.6000,4176.4000,4175.6000,4175.2000,4177.8000,4179.0000,4179.8000,4180.0000,4182.8000,1,1,1,2,2,1,1,2,2,1
SF,IF2006,2020-01-13 09:31:28.200,4177.4000,16502,0,100229160.000,0,-,-,-,-,4176.6000,4176.4000,4175.6000,4175.2000,4175.0000,4177.8000,4179.0000,4179.8000,4180.0000,4182.8000,1,1,2,2,1,1,1,2,2,1
SF,IF2006,2020-01-13 09:31:28.700,4177.4000,16502,0,100229160.000,0,-,-,-,-,4176.6000,4175.6000,4175.2000,4175.0000,4174.0000,4177.8000,4179.0000,4179.8000,4180.0000,4182.8000,1,1,2,1,1,1,1,2,2,1
SF,IF2006,2020-01-13 09:31:29.200,4177.4000,16502,0,100229160.000,0,-,-,-,-,4176.6000,4175.6000,4175.2000,4174.0000,4173.6000,4177.8000,4179.0000,4179.8000,4180.0000,4182.8000,1,1,2,1,2,1,1,2,2,1
SF,IF2006,2020-01-13 09:31:30.200,4176.6000,16501,-1,101482140.000,1,0,1,双平,S,4175.6000,4175.2000,4174.0000,4173.6000,4173.2000,4177.8000,4179.0000,4179.8000,4180.0000,4182.8000,1,2,1,2,1,1,1,2,2,1
SF,IF2006,2020-01-13 09:31:30.700,4176.6000,16501,0,101482140.000,0,-,-,-,-,4175.8000,4175.6000,4175.2000,4174.0000,4173.6000,4177.6000,4177.8000,4179.0000,4179.8000,4180.0000,1,1,2,1,2,2,1,1,2,2
SF,IF2006,2020-01-13 09:31:31.200,4176.6000,16501,0,101482140.000,0,-,-,-,-,4175.6000,4175.2000,4174.0000,4173.6000,4173.2000,4177.6000,4177.8000,4179.0000,4179.8000,4180.0000,1,2,1,2,1,2,1,1,2,2
SF,IF2006,2020-01-13 09:31:31.700,4176.6000,16501,0,101482140.000,0,-,-,-,-,4175.6000,4175.2000,4174.0000,4173.6000,4173.2000,4177.6000,4177.8000,4179.0000,4179.8000,4180.0000,1,2,1,2,1,1,1,1,2,2
SF,IF2006,2020-01-13 09:31:32.200,4176.6000,16501,0,101482140.000,0,-,-,-,-,4175.6000,4175.2000,4174.0000,4173.6000,4173.2000,4177.4000,4177.6000,4177.8000,4179.0000,4179.8000,1,2,1,2,1,2,1,1,1,2
SF,IF2006,2020-01-13 09:31:32.700,4176.6000,16501,0,101482140.000,0,-,-,-,-,4175.6000,4175.2000,4174.0000,4173.6000,4173.2000,4177.2000,4177.4000,4177.8000,4179.0000,4179.8000,1,2,1,2,1,1,2,1,1,2
SF,IF2006,2020-01-13 09:31:33.200,4176.6000,16501,0,101482140.000,0,-,-,-,-,4175.6000,4175.2000,4174.0000,4173.6000,4173.2000,4177.0000,4177.2000,4177.4000,4177.8000,4179.0000,1,2,1,2,1,1,1,2,1,1
SF,IF2006,2020-01-13 09:31:33.700,4176.6000,16501,0,101482140.000,0,-,-,-,-,4175.6000,4175.2000,4174.0000,4173.6000,4173.2000,4176.8000,4177.0000,4177.4000,4177.8000,4179.0000,1,2,1,2,1,1,1,2,1,1
SF,IF2006,2020-01-13 09:31:34.200,4176.6000,16501,0,101482140.000,0,-,-,-,-,4175.6000,4175.2000,4174.0000,4173.6000,4173.2000,4176.8000,4177.0000,4177.4000,4177.8000,4179.0000,1,2,1,2,1,1,1,1,1,1
SF,IF2006,2020-01-13 09:31:34.700,4176.6000,16501,0,101482140.000,0,-,-,-,-,4175.6000,4175.2000,4174.0000,4173.6000,4173.2000,4176.8000,4177.4000,4177.8000,4179.0000,4179.8000,1,2,1,2,1,1,1,1,1,2
SF,IF2006,2020-01-13 09:31:35.700,4176.6000,16501,0,101482140.000,0,-,-,-,-,4175.6000,4175.2000,4174.0000,4173.6000,4173.2000,4176.8000,4177.4000,4177.8000,4179.0000,4179.8000,1,2,1,2,1,1,1,1,1,2
SF,IF2006,2020-01-13 09:31:36.700,4176.8000,16500,-1,102735180.000,1,0,1,双平,S,4175.8000,4175.6000,4175.2000,4174.0000,4173.6000,4177.4000,4177.8000,4179.0000,4179.8000,4180.0000,1,1,2,1,2,1,1,1,2,3
SF,IF2006,2020-01-13 09:31:37.200,4176.8000,16500,0,102735180.000,0,-,-,-,-,4176.0000,4175.8000,4175.6000,4175.2000,4174.0000,4177.2000,4177.4000,4177.8000,4179.0000,4179.8000,2,1,1,2,1,1,1,1,1,2
SF,IF2006,2020-01-13 09:31:37.700,4176.8000,16500,0,102735180.000,0,-,-,-,-,4176.0000,4175.8000,4175.6000,4175.2000,4174.0000,4177.2000,4177.4000,4177.8000,4179.0000,4179.8000,1,1,1,2,1,1,1,1,1,2
SF,IF2006,2020-01-13 09:31:38.200,4176.8000,16500,0,102735180.000,0,-,-,-,-,4175.8000,4175.6000,4175.2000,4174.0000,4173.6000,4177.2000,4177.4000,4177.8000,4179.0000,4179.8000,1,1,2,1,2,1,1,1,1,2
SF,IF2006,2020-01-13 09:31:39.200,4176.8000,16500,0,102735180.000,0,-,-,-,-,4175.6000,4175.2000,4174.0000,4173.6000,4173.2000,4177.2000,4177.4000,4177.8000,4179.0000,4179.8000,1,2,1,2,1,1,1,1,1,2
SF,IF2006,2020-01-13 09:31:39.700,4176.8000,16500,0,102735180.000,0,-,-,-,-,4175.8000,4175.6000,4175.2000,4174.0000,4173.6000,4177.0000,4177.2000,4177.4000,4177.8000,4179.0000,1,1,2,1,2,1,1,1,1,1
SF,IF2006,2020-01-13 09:31:40.200,4176.8000,16500,0,102735180.000,0,-,-,-,-,4175.6000,4175.2000,4174.0000,4173.6000,4173.2000,4176.8000,4177.0000,4177.4000,4177.8000,4179.0000,1,2,1,2,1,1,1,1,1,1
SF,IF2006,2020-01-13 09:31:41.200,4176.8000,16500,0,102735180.000,0,-,-,-,-,4175.8000,4175.6000,4175.2000,4174.0000,4173.6000,4176.8000,4177.4000,4177.8000,4179.0000,4179.8000,1,1,2,1,2,1,1,1,1,2
SF,IF2006,2020-01-13 09:31:41.700,4176.8000,16500,0,102735180.000,0,-,-,-,-,4175.6000,4175.2000,4174.0000,4173.6000,4173.2000,4177.4000,4177.8000,4179.0000,4179.8000,4180.0000,1,2,1,2,1,1,1,1,2,3
SF,IF2006,2020-01-13 09:31:42.200,4176.8000,16500,0,102735180.000,0,-,-,-,-,4175.8000,4175.6000,4175.2000,4174.0000,4173.6000,4177.2000,4177.4000,4177.8000,4179.0000,4179.8000,1,1,2,1,2,1,1,1,1,2
SF,IF2006,2020-01-13 09:31:42.700,4176.8000,16500,0,102735180.000,0,-,-,-,-,4175.8000,4175.6000,4175.2000,4174.0000,4173.6000,4177.2000,4177.4000,4177.8000,4179.0000,4179.8000,1,1,2,1,2,1,1,1,2,2
SF,IF2006,2020-01-13 09:31:43.200,4176.8000,16500,0,102735180.000,0,-,-,-,-,4175.6000,4175.2000,4174.0000,4173.6000,4173.2000,4175.8000,4177.2000,4177.4000,4177.8000,4179.0000,1,2,1,2,1,1,1,1,1,2
SF,IF2006,2020-01-13 09:31:43.700,4175.8000,16499,-1,103987920.000,1,0,1,双平,S,4175.6000,4175.2000,4174.0000,4173.6000,4173.2000,4177.2000,4177.4000,4177.8000,4179.0000,4179.8000,1,2,1,2,1,1,1,1,2,2
SF,IF2006,2020-01-13 09:31:44.200,4175.8000,16499,0,103987920.000,0,-,-,-,-,4175.6000,4175.2000,4174.0000,4173.6000,4173.2000,4177.0000,4177.2000,4177.4000,4177.8000,4179.0000,1,2,1,2,1,1,1,1,1,2
SF,IF2006,2020-01-13 09:31:44.700,4175.8000,16497,-2,106493400.000,2,0,2,双平,S,4175.6000,4175.2000,4173.6000,4173.0000,4172.8000,4177.0000,4177.2000,4177.4000,4177.8000,4179.0000,1,2,1,5,1,1,1,1,1,2
SF,IF2006,2020-01-13 09:31:45.200,4175.8000,16497,0,106493400.000,0,-,-,-,-,4175.6000,4175.2000,4173.6000,4173.0000,4172.8000,4176.8000,4177.0000,4177.4000,4177.8000,4179.0000,1,2,1,5,1,1,1,1,1,2
SF,IF2006,2020-01-13 09:31:45.700,4175.8000,16497,0,106493400.000,0,-,-,-,-,4175.6000,4175.2000,4173.6000,4173.0000,4172.8000,4176.8000,4177.0000,4177.4000,4177.8000,4179.0000,1,2,1,5,1,1,1,1,1,2
SF,IF2006,2020-01-13 09:31:46.200,4175.8000,16497,0,106493400.000,0,-,-,-,-,4175.6000,4175.2000,4173.6000,4173.0000,4172.8000,4176.8000,4177.4000,4177.8000,4179.0000,4179.8000,1,2,1,5,1,1,1,1,2,2
SF,IF2006,2020-01-13 09:31:46.700,4175.8000,16497,0,106493400.000,0,-,-,-,-,4175.6000,4175.2000,4173.6000,4173.0000,4172.8000,4176.8000,4177.4000,4177.8000,4179.0000,4179.8000,1,2,1,5,1,1,1,1,2,2
SF,IF2006,2020-01-13 09:31:48.700,4175.6000,16498,1,107746080.000,1,1,0,双开,S,4175.2000,4173.6000,4173.0000,4172.8000,4171.2000,4176.8000,4177.4000,4177.8000,4179.0000,4179.8000,2,1,5,1,1,1,1,1,2,2
SF,IF2006,2020-01-13 09:31:49.200,4175.6000,16498,0,107746080.000,0,-,-,-,-,4175.2000,4173.6000,4173.0000,4172.8000,4171.2000,4176.6000,4176.8000,4177.4000,4177.8000,4179.0000,2,1,5,1,1,1,1,1,1,2
SF,IF2006,2020-01-13 09:31:49.700,4175.6000,16498,0,107746080.000,0,-,-,-,-,4173.6000,4173.0000,4172.8000,4171.2000,4170.2000,4176.4000,4176.6000,4177.4000,4177.8000,4179.0000,1,5,1,1,8,1,1,1,1,2
SF,IF2006,2020-01-13 09:31:50.200,4175.6000,16498,0,107746080.000,0,-,-,-,-,4173.8000,4173.6000,4173.0000,4172.8000,4171.2000,4176.4000,4176.6000,4177.4000,4177.8000,4179.0000,1,1,5,1,1,1,1,1,1,2
SF,IF2006,2020-01-13 09:31:50.700,4175.6000,16498,0,107746080.000,0,-,-,-,-,4173.8000,4173.6000,4173.0000,4172.8000,4171.2000,4176.2000,4176.4000,4177.4000,4177.8000,4179.0000,1,1,5,1,1,1,1,1,1,2
SF,IF2006,2020-01-13 09:31:51.200,4175.6000,16498,0,107746080.000,0,-,-,-,-,4173.8000,4173.6000,4173.0000,4172.8000,4171.2000,4176.2000,4177.4000,4177.8000,4179.0000,4179.8000,1,1,5,1,1,2,1,1,2,1
SF,IF2006,2020-01-13 09:31:51.700,4175.6000,16498,0,107746080.000,0,-,-,-,-,4174.0000,4173.8000,4173.6000,4173.0000,4172.8000,4176.0000,4177.4000,4177.8000,4179.0000,4179.8000,4,2,2,5,1,1,1,1,2,1
SF,IF2006,2020-01-13 09:31:52.200,4175.6000,16498,0,107746080.000,0,-,-,-,-,4174.2000,4174.0000,4173.8000,4173.6000,4173.0000,4176.0000,4177.4000,4177.8000,4179.0000,4179.8000,1,4,1,2,5,1,1,1,2,1
SF,IF2006,2020-01-13 09:31:52.700,4175.6000,16498,0,107746080.000,0,-,-,-,-,4174.2000,4174.0000,4173.8000,4173.6000,4173.0000,4175.8000,4176.0000,4177.4000,4177.8000,4179.0000,1,3,1,2,5,1,1,1,1,2
SF,IF2006,2020-01-13 09:31:53.200,4175.6000,16498,0,107746080.000,0,-,-,-,-,4174.2000,4174.0000,4173.8000,4173.6000,4173.0000,4175.6000,4175.8000,4177.4000,4177.8000,4179.0000,1,3,1,2,5,1,1,1,1,2
SF,IF2006,2020-01-13 09:31:53.700,4175.6000,16497,-1,108998760.000,1,0,1,双平,S,4174.2000,4174.0000,4173.8000,4173.6000,4173.0000,4175.8000,4176.0000,4177.4000,4177.8000,4179.0000,1,3,1,2,5,1,2,1,1,2
SF,IF2006,2020-01-13 09:31:54.200,4175.6000,16497,0,108998760.000,0,-,-,-,-,4174.4000,4174.2000,4174.0000,4173.8000,4173.6000,4175.8000,4176.0000,4177.4000,4177.8000,4179.0000,1,1,3,1,2,1,2,1,1,2
SF,IF2006,2020-01-13 09:31:54.700,4175.6000,16497,0,108998760.000,0,-,-,-,-,4174.6000,4174.4000,4174.0000,4173.8000,4173.6000,4176.0000,4177.4000,4177.8000,4179.0000,4179.8000,1,1,3,1,2,2,1,1,2,1
SF,IF2006,2020-01-13 09:31:55.200,4175.6000,16497,0,108998760.000,0,-,-,-,-,4174.6000,4174.4000,4174.0000,4173.8000,4173.6000,4176.0000,4177.4000,4177.8000,4179.0000,4179.8000,1,1,3,1,2,2,1,1,2,1
SF,IF2006,2020-01-13 09:31:55.700,4175.6000,16497,0,108998760.000,0,-,-,-,-,4174.6000,4174.4000,4174.0000,4173.8000,4173.6000,4175.8000,4176.0000,4177.4000,4177.8000,4179.0000,1,1,3,1,2,1,2,1,1,2
SF,IF2006,2020-01-13 09:31:56.200,4175.6000,16497,0,108998760.000,0,-,-,-,-,4174.6000,4174.0000,4173.8000,4173.6000,4173.0000,4175.8000,4176.0000,4177.4000,4177.8000,4179.0000,2,3,1,2,5,1,2,1,1,2
SF,IF2006,2020-01-13 09:31:56.700,4175.6000,16497,0,108998760.000,0,-,-,-,-,4174.6000,4174.0000,4173.8000,4173.6000,4173.0000,4175.8000,4176.0000,4177.4000,4177.8000,4179.0000,2,3,1,2,5,1,2,1,1,2
SF,IF2006,2020-01-13 09:31:57.200,4175.6000,16497,0,108998760.000,0,-,-,-,-,4174.6000,4174.0000,4173.8000,4173.6000,4173.0000,4175.8000,4176.0000,4177.4000,4179.0000,4179.8000,2,3,1,2,5,1,2,1,2,1
SF,IF2006,2020-01-13 09:31:57.700,4175.6000,16497,0,108998760.000,0,-,-,-,-,4174.6000,4174.0000,4173.8000,4173.6000,4173.0000,4175.8000,4176.0000,4177.4000,4179.0000,4179.8000,2,3,1,2,5,1,2,1,2,1
SF,IF2006,2020-01-13 09:31:58.700,4175.6000,16497,0,108998760.000,0,-,-,-,-,4174.6000,4174.0000,4173.8000,4173.6000,4173.0000,4175.8000,4176.0000,4177.4000,4179.0000,4179.8000,2,3,1,1,5,1,2,1,2,1
SF,IF2006,2020-01-13 09:31:59.700,4175.6000,16497,0,110251440.000,1,0,1,多换,S,4174.6000,4174.0000,4173.8000,4173.6000,4173.0000,4175.6000,4175.8000,4176.0000,4177.4000,4179.0000,2,3,1,1,5,1,1,2,1,2
SF,IF2006,2020-01-13 09:32:00.700,4175.6000,16497,0,110251440.000,0,-,-,-,-,4174.6000,4174.0000,4173.8000,4173.6000,4173.0000,4175.6000,4175.8000,4176.0000,4177.4000,4179.0000,1,3,1,1,5,1,1,2,1,2
SF,IF2006,2020-01-13 09:32:01.200,4175.6000,16497,0,110251440.000,0,-,-,-,-,4174.6000,4174.0000,4173.8000,4173.6000,4173.0000,4175.6000,4175.8000,4176.0000,4177.4000,4179.0000,1,3,1,1,5,1,1,2,1,2
SF,IF2006,2020-01-13 09:32:01.700,4175.6000,16497,0,110251440.000,0,-,-,-,-,4173.8000,4173.6000,4173.0000,4172.8000,4171.2000,4175.6000,4175.8000,4176.0000,4177.4000,4179.0000,1,1,5,1,1,1,1,2,1,2
SF,IF2006,2020-01-13 09:32:02.200,4175.6000,16497,0,110251440.000,0,-,-,-,-,4174.0000,4173.8000,4173.6000,4173.0000,4172.8000,4175.4000,4175.6000,4175.8000,4176.0000,4177.4000,1,1,2,5,1,1,1,1,2,1
SF,IF2006,2020-01-13 09:32:02.700,4175.4000,16496,-1,111504060.000,1,0,1,双平,S,4174.0000,4173.8000,4173.6000,4173.0000,4172.8000,4175.6000,4176.0000,4177.4000,4179.0000,4179.8000,1,1,2,5,1,1,2,1,2,1
SF,IF2006,2020-01-13 09:32:03.200,4175.4000,16496,0,112756680.000,1,0,1,多换,S,4174.2000,4174.0000,4173.8000,4173.6000,4173.0000,4175.6000,4176.0000,4177.4000,4179.0000,4179.8000,3,1,1,2,5,1,2,1,2,1
SF,IF2006,2020-01-13 09:32:03.700,4175.4000,16496,0,112756680.000,0,-,-,-,-,4174.4000,4174.2000,4173.8000,4173.6000,4173.0000,4175.6000,4176.0000,4177.4000,4179.0000,4179.8000,1,3,1,2,5,1,2,1,2,1
SF,IF2006,2020-01-13 09:32:04.200,4175.4000,16496,0,112756680.000,0,-,-,-,-,4174.6000,4174.4000,4174.2000,4173.8000,4173.6000,4175.6000,4176.0000,4177.4000,4179.0000,4179.8000,4,1,3,1,2,1,2,1,2,1
SF,IF2006,2020-01-13 09:32:04.700,4175.4000,16496,0,112756680.000,0,-,-,-,-,4174.6000,4174.4000,4174.2000,4173.8000,4173.6000,4175.6000,4176.0000,4177.4000,4179.0000,4179.8000,1,1,3,1,2,1,2,1,2,1
SF,IF2006,2020-01-13 09:32:05.200,4175.4000,16496,0,112756680.000,0,-,-,-,-,4174.8000,4174.6000,4174.2000,4173.8000,4173.6000,4175.6000,4176.0000,4177.4000,4179.0000,4179.8000,1,1,3,1,2,1,2,1,2,1
SF,IF2006,2020-01-13 09:32:05.700,4175.6000,16495,-1,114009360.000,1,0,1,双平,S,4174.8000,4174.6000,4174.2000,4173.8000,4173.6000,4176.0000,4177.4000,4179.0000,4179.8000,4180.0000,1,1,3,1,2,2,1,2,1,1
SF,IF2006,2020-01-13 09:32:06.200,4175.6000,16495,0,114009360.000,0,-,-,-,-,4175.0000,4174.8000,4174.6000,4174.2000,4173.8000,4176.0000,4177.4000,4179.0000,4179.8000,4180.0000,1,1,1,3,1,2,1,2,1,1
SF,IF2006,2020-01-13 09:32:06.700,4176.0000,16493,-2,116514960.000,2,0,2,双平,S,4175.2000,4175.0000,4174.6000,4174.2000,4173.8000,4177.4000,4178.8000,4179.0000,4179.8000,4180.0000,1,1,1,3,1,1,1,2,1,1
SF,IF2006,2020-01-13 09:32:07.200,4176.0000,16493,0,116514960.000,0,-,-,-,-,4175.4000,4175.2000,4175.0000,4174.6000,4174.2000,4177.2000,4177.4000,4178.8000,4179.0000,4179.8000,1,2,1,1,3,1,1,1,2,1
SF,IF2006,2020-01-13 09:32:07.700,4176.0000,16493,0,116514960.000,0,-,-,-,-,4175.6000,4175.4000,4175.2000,4175.0000,4174.6000,4176.2000,4177.2000,4177.4000,4178.8000,4179.0000,1,1,1,1,1,1,1,1,1,2
SF,IF2006,2020-01-13 09:32:08.200,4176.2000,16492,-1,117767820.000,1,0,1,双平,S,4175.4000,4175.2000,4175.0000,4173.8000,4173.6000,4177.2000,4177.4000,4178.8000,4179.0000,4179.8000,1,1,1,1,2,1,1,1,2,1
SF,IF2006,2020-01-13 09:32:08.700,4176.2000,16492,0,117767820.000,0,-,-,-,-,4175.6000,4175.4000,4175.0000,4173.8000,4173.6000,4177.2000,4177.4000,4178.8000,4179.0000,4179.8000,1,1,1,1,2,1,1,1,2,1
SF,IF2006,2020-01-13 09:32:09.200,4176.2000,16492,0,117767820.000,0,-,-,-,-,4175.8000,4175.6000,4175.4000,4173.8000,4173.6000,4177.2000,4177.4000,4178.8000,4179.0000,4179.8000,1,1,1,1,2,1,1,1,2,1
SF,IF2006,2020-01-13 09:32:09.700,4176.2000,16492,0,117767820.000,0,-,-,-,-,4176.0000,4175.8000,4173.8000,4173.6000,4173.0000,4177.4000,4178.8000,4179.0000,4179.8000,4180.0000,1,1,1,2,5,1,1,2,1,1
SF,IF2006,2020-01-13 09:32:10.200,4176.2000,16492,0,117767820.000,0,-,-,-,-,4176.0000,4173.8000,4173.6000,4173.0000,4172.8000,4177.4000,4178.8000,4179.0000,4179.8000,4180.0000,1,1,2,5,1,1,1,2,1,1
SF,IF2006,2020-01-13 09:32:10.700,4176.2000,16492,0,117767820.000,0,-,-,-,-,4176.0000,4173.8000,4173.6000,4173.0000,4172.8000,4177.4000,4178.8000,4179.0000,4179.8000,4180.0000,1,1,2,5,1,1,1,2,1,3
SF,IF2006,2020-01-13 09:32:11.200,4176.2000,16492,0,117767820.000,0,-,-,-,-,4176.2000,4176.0000,4173.8000,4173.6000,4173.0000,4177.4000,4178.8000,4179.0000,4179.8000,4180.0000,1,1,1,2,5,1,1,2,1,3
SF,IF2006,2020-01-13 09:32:11.700,4177.4000,16491,-1,119021040.000,1,0,1,双平,S,4176.4000,4176.2000,4173.8000,4173.6000,4173.0000,4178.8000,4179.0000,4179.8000,4180.0000,4180.2000,1,1,1,2,5,1,2,1,3,1
SF,IF2006,2020-01-13 09:32:12.200,4177.4000,16491,0,119021040.000,0,-,-,-,-,4177.4000,4176.4000,4176.2000,4173.8000,4173.6000,4178.6000,4178.8000,4179.0000,4179.8000,4180.0000,3,1,1,1,2,1,1,2,1,3
SF,IF2006,2020-01-13 09:32:12.700,4177.4000,16491,0,119021040.000,0,-,-,-,-,4177.6000,4177.4000,4176.4000,4176.2000,4174.8000,4178.6000,4178.8000,4179.0000,4179.8000,4180.0000,2,3,1,1,5,1,1,2,1,3
SF,IF2006,2020-01-13 09:32:13.700,4177.4000,16490,-1,122780760.000,3,1,2,多平,S,4177.4000,4176.4000,4176.2000,4174.8000,4173.8000,4178.6000,4178.8000,4179.0000,4179.8000,4180.0000,1,1,1,5,1,1,1,2,1,3
SF,IF2006,2020-01-13 09:32:14.200,4177.4000,16490,0,124033980.000,1,0,1,多换,S,4174.8000,4173.8000,4173.6000,4173.0000,4172.8000,4178.6000,4178.8000,4179.0000,4179.8000,4180.0000,5,1,2,5,1,1,1,2,1,3
SF,IF2006,2020-01-13 09:32:14.700,4177.4000,16490,0,124033980.000,0,-,-,-,-,4175.0000,4174.8000,4173.8000,4173.6000,4173.0000,4177.6000,4178.4000,4178.6000,4178.8000,4179.0000,1,1,1,2,5,1,1,1,1,2
SF,IF2006,2020-01-13 09:32:15.200,4177.4000,16490,0,124033980.000,0,-,-,-,-,4175.0000,4174.8000,4173.8000,4173.6000,4173.0000,4177.6000,4178.4000,4178.6000,4178.8000,4179.0000,1,1,1,2,5,1,1,1,1,2
SF,IF2006,2020-01-13 09:32:15.700,4177.4000,16490,0,124033980.000,0,-,-,-,-,4175.2000,4175.0000,4174.8000,4173.8000,4173.6000,4177.4000,4177.6000,4178.8000,4179.0000,4179.8000,4,1,1,1,2,1,1,1,2,1
SF,IF2006,2020-01-13 09:32:16.200,4177.4000,16490,0,124033980.000,0,-,-,-,-,4175.4000,4175.2000,4174.8000,4173.8000,4173.6000,4177.4000,4177.6000,4178.8000,4179.0000,4179.8000,1,4,1,1,2,1,1,1,2,1
SF,IF2006,2020-01-13 09:32:16.700,4177.4000,16490,0,124033980.000,0,-,-,-,-,4175.6000,4175.4000,4175.2000,4174.8000,4173.8000,4177.6000,4178.8000,4179.0000,4179.8000,4180.0000,1,1,4,1,1,1,1,2,1,3
SF,IF2006,2020-01-13 09:32:17.200,4177.4000,16490,0,124033980.000,0,-,-,-,-,4175.8000,4175.6000,4175.2000,4174.8000,4173.8000,4177.4000,4177.6000,4178.8000,4179.0000,4179.8000,1,1,3,1,1,1,1,1,2,1
SF,IF2006,2020-01-13 09:32:17.700,4177.4000,16490,0,124033980.000,0,-,-,-,-,4175.8000,4175.2000,4174.8000,4173.8000,4173.6000,4177.2000,4177.4000,4177.6000,4178.8000,4179.0000,1,3,1,1,2,1,1,1,1,2
SF,IF2006,2020-01-13 09:32:18.200,4177.4000,16490,0,124033980.000,0,-,-,-,-,4175.2000,4174.8000,4173.8000,4173.6000,4173.0000,4177.0000,4177.2000,4177.6000,4178.8000,4179.0000,3,1,1,2,5,1,1,1,1,2
SF,IF2006,2020-01-13 09:32:18.700,4177.4000,16490,0,124033980.000,0,-,-,-,-,4173.8000,4173.6000,4173.0000,4172.8000,4171.2000,4177.0000,4177.2000,4177.6000,4178.8000,4179.0000,1,2,5,1,1,1,1,1,1,2
SF,IF2006,2020-01-13 09:32:19.200,4177.4000,16490,0,124033980.000,0,-,-,-,-,4174.0000,4173.8000,4173.6000,4173.0000,4172.8000,4177.0000,4177.2000,4177.4000,4177.6000,4178.8000,1,1,2,5,1,1,1,2,1,1
SF,IF2006,2020-01-13 09:32:19.700,4177.4000,16490,0,124033980.000,0,-,-,-,-,4174.0000,4173.8000,4173.6000,4173.0000,4172.8000,4176.2000,4176.8000,4177.0000,4177.2000,4177.4000,1,1,1,5,1,1,1,1,1,2
SF,IF2006,2020-01-13 09:32:20.200,4177.4000,16490,0,124033980.000,0,-,-,-,-,4174.0000,4173.8000,4173.6000,4173.0000,4172.8000,4176.0000,4176.2000,4176.8000,4177.4000,4177.6000,1,1,1,5,1,1,1,1,2,1
SF,IF2006,2020-01-13 09:32:20.700,4177.4000,16490,0,124033980.000,0,-,-,-,-,4174.2000,4174.0000,4173.8000,4173.6000,4173.0000,4176.8000,4177.4000,4177.6000,4178.8000,4179.0000,3,1,1,1,5,1,2,1,1,2
SF,IF2006,2020-01-13 09:32:21.200,4177.4000,16490,0,124033980.000,0,-,-,-,-,4174.4000,4174.2000,4173.8000,4173.6000,4173.0000,4176.6000,4176.8000,4177.4000,4177.6000,4178.8000,1,3,1,1,5,1,1,2,1,1
SF,IF2006,2020-01-13 09:32:21.700,4177.4000,16490,0,124033980.000,0,-,-,-,-,4174.6000,4174.4000,4174.2000,4173.8000,4173.6000,4176.6000,4176.8000,4177.4000,4177.6000,4178.8000,1,2,3,1,1,1,1,2,1,1
SF,IF2006,2020-01-13 09:32:22.200,4177.4000,16490,0,124033980.000,0,-,-,-,-,4174.8000,4174.6000,4174.4000,4174.2000,4173.8000,4176.6000,4177.4000,4177.6000,4178.8000,4179.0000,1,1,1,2,1,1,2,1,1,2
SF,IF2006,2020-01-13 09:32:22.700,4177.4000,16490,0,124033980.000,0,-,-,-,-,4174.6000,4173.8000,4173.6000,4173.0000,4172.8000,4176.6000,4177.4000,4177.6000,4178.8000,4179.0000,1,1,1,5,1,1,2,1,1,2
SF,IF2006,2020-01-13 09:32:23.200,4177.4000,16490,0,124033980.000,0,-,-,-,-,4174.8000,4173.8000,4173.6000,4173.0000,4172.8000,4176.4000,4176.6000,4177.4000,4177.6000,4178.8000,1,1,1,5,1,1,1,2,1,1
SF,IF2006,2020-01-13 09:32:23.700,4177.4000,16490,0,124033980.000,0,-,-,-,-,4174.8000,4173.8000,4173.6000,4173.0000,4172.8000,4176.2000,4176.4000,4177.4000,4177.6000,4178.8000,1,1,1,5,1,1,2,2,1,1
SF,IF2006,2020-01-13 09:32:24.200,4177.4000,16490,0,124033980.000,0,-,-,-,-,4175.0000,4174.8000,4173.8000,4173.6000,4173.0000,4176.2000,4176.4000,4177.4000,4177.6000,4178.8000,1,1,1,1,5,1,1,2,1,1
SF,IF2006,2020-01-13 09:32:24.700,4177.4000,16490,0,124033980.000,0,-,-,-,-,4175.0000,4174.8000,4173.8000,4173.6000,4173.0000,4176.2000,4176.4000,4177.4000,4177.6000,4178.0000,1,1,1,1,5,1,1,2,1,1
SF,IF2006,2020-01-13 09:32:25.200,4177.4000,16490,0,124033980.000,0,-,-,-,-,4174.8000,4173.8000,4173.6000,4173.0000,4172.8000,4176.2000,4177.4000,4177.6000,4178.0000,4178.8000,1,1,1,5,1,1,2,1,1,1
SF,IF2006,2020-01-13 09:32:25.700,4177.4000,16490,0,124033980.000,0,-,-,-,-,4175.0000,4174.8000,4173.8000,4173.6000,4173.0000,4176.2000,4177.4000,4177.6000,4178.0000,4178.8000,1,1,1,1,5,1,2,1,1,1
SF,IF2006,2020-01-13 09:32:27.200,4175.0000,16489,-1,125286480.000,1,0,1,双平,S,4174.8000,4173.8000,4173.6000,4173.0000,4172.8000,4176.2000,4177.4000,4177.6000,4178.0000,4178.8000,1,1,1,5,1,1,2,1,1,1
SF,IF2006,2020-01-13 09:32:29.200,4175.0000,16489,0,125286480.000,0,-,-,-,-,4174.8000,4173.8000,4173.6000,4173.0000,4172.8000,4176.2000,4177.4000,4177.6000,4178.0000,4178.8000,1,1,1,4,1,1,2,1,1,1
SF,IF2006,2020-01-13 09:32:29.700,4175.0000,16489,0,125286480.000,0,-,-,-,-,4173.8000,4173.6000,4173.0000,4172.8000,4171.2000,4176.2000,4177.4000,4177.6000,4178.0000,4178.8000,1,1,4,1,1,1,2,1,1,1
SF,IF2006,2020-01-13 09:32:30.200,4175.0000,16489,0,125286480.000,0,-,-,-,-,4174.4000,4174.0000,4173.6000,4173.0000,4172.8000,4176.0000,4176.2000,4177.4000,4177.6000,4178.0000,1,1,1,4,1,1,1,2,1,1
SF,IF2006,2020-01-13 09:32:30.700,4175.0000,16489,0,125286480.000,0,-,-,-,-,4174.4000,4174.0000,4173.6000,4173.0000,4172.8000,4175.8000,4176.0000,4177.4000,4177.6000,4178.0000,1,1,1,4,1,1,1,2,1,1
SF,IF2006,2020-01-13 09:32:33.700,4174.4000,16488,-1,126538800.000,1,0,1,双平,S,4174.0000,4173.6000,4173.0000,4172.8000,4171.2000,4175.8000,4176.0000,4177.4000,4177.6000,4178.0000,1,1,4,1,1,2,1,2,1,1
SF,IF2006,2020-01-13 09:32:34.200,4174.4000,16488,0,126538800.000,0,-,-,-,-,4173.6000,4173.0000,4172.8000,4171.2000,4170.6000,4175.8000,4176.0000,4177.4000,4177.6000,4178.0000,1,4,1,1,5,2,1,2,1,1
SF,IF2006,2020-01-13 09:32:34.700,4174.4000,16488,0,126538800.000,0,-,-,-,-,4173.8000,4173.6000,4173.0000,4172.8000,4171.2000,4175.8000,4176.0000,4177.4000,4177.6000,4178.0000,1,1,4,1,1,2,1,2,1,1
SF,IF2006,2020-01-13 09:32:35.200,4174.4000,16488,0,126538800.000,0,-,-,-,-,4173.8000,4173.6000,4173.0000,4172.8000,4171.2000,4175.6000,4175.8000,4177.4000,4177.6000,4178.0000,1,1,4,1,1,1,2,2,1,1
SF,IF2006,2020-01-13 09:32:35.700,4174.4000,16488,0,126538800.000,0,-,-,-,-,4173.8000,4173.6000,4173.0000,4172.8000,4171.2000,4175.4000,4175.6000,4175.8000,4177.4000,4177.6000,1,1,4,1,1,1,1,1,2,1
SF,IF2006,2020-01-13 09:32:36.200,4174.4000,16488,0,126538800.000,0,-,-,-,-,4173.6000,4173.0000,4172.8000,4171.2000,4170.6000,4175.4000,4175.6000,4177.4000,4177.6000,4178.0000,1,4,1,1,5,1,1,2,1,1
SF,IF2006,2020-01-13 09:32:36.700,4174.4000,16488,0,126538800.000,0,-,-,-,-,4173.8000,4173.6000,4173.0000,4172.8000,4171.2000,4175.4000,4175.6000,4177.4000,4177.6000,4178.0000,1,1,4,1,1,1,1,2,1,1
SF,IF2006,2020-01-13 09:32:37.200,4174.4000,16488,0,126538800.000,0,-,-,-,-,4173.8000,4173.6000,4173.0000,4172.8000,4171.2000,4175.4000,4177.4000,4177.6000,4178.0000,4178.8000,1,1,4,1,1,1,2,1,1,1
SF,IF2006,2020-01-13 09:32:37.700,4174.4000,16488,0,126538800.000,0,-,-,-,-,4173.8000,4173.6000,4173.0000,4172.8000,4171.2000,4175.2000,4175.4000,4177.4000,4177.6000,4178.0000,1,1,4,1,1,1,1,2,1,1
SF,IF2006,2020-01-13 09:32:38.200,4173.8000,16487,-1,127790940.000,1,0,1,双平,S,4173.6000,4173.0000,4172.8000,4171.2000,4170.6000,4175.0000,4175.2000,4177.4000,4177.6000,4178.0000,1,4,1,1,5,1,1,2,1,1
SF,IF2006,2020-01-13 09:32:38.700,4173.8000,16487,0,127790940.000,0,-,-,-,-,4173.6000,4173.0000,4172.8000,4171.2000,4170.6000,4173.8000,4175.0000,4175.2000,4177.4000,4177.6000,1,4,1,1,5,1,1,1,2,1
SF,IF2006,2020-01-13 09:32:39.200,4173.8000,16487,0,129043080.000,1,0,1,多换,S,4173.8000,4173.6000,4173.0000,4172.8000,4171.2000,4175.0000,4177.4000,4177.6000,4178.0000,4178.8000,2,2,4,1,1,1,2,1,1,1
SF,IF2006,2020-01-13 09:32:39.700,4173.8000,16487,0,129043080.000,0,-,-,-,-,4173.8000,4173.6000,4173.0000,4172.8000,4171.2000,4175.0000,4177.4000,4177.6000,4178.0000,4178.8000,2,1,4,1,1,1,2,1,1,1
SF,IF2006,2020-01-13 09:32:40.200,4173.8000,16487,0,129043080.000,0,-,-,-,-,4173.6000,4173.0000,4172.8000,4172.6000,4171.2000,4175.0000,4177.4000,4177.6000,4178.0000,4178.8000,1,4,1,1,1,1,2,1,1,1
SF,IF2006,2020-01-13 09:32:40.700,4173.8000,16487,0,129043080.000,0,-,-,-,-,4173.6000,4173.0000,4172.8000,4172.6000,4171.2000,4174.8000,4175.0000,4177.4000,4177.6000,4178.0000,1,4,1,1,1,1,1,2,1,1
SF,IF2006,2020-01-13 09:32:41.200,4173.8000,16487,0,129043080.000,0,-,-,-,-,4173.6000,4173.0000,4172.8000,4172.6000,4171.2000,4174.6000,4174.8000,4177.4000,4177.6000,4178.0000,1,4,1,1,1,1,1,2,1,1
SF,IF2006,2020-01-13 09:32:44.700,4173.8000,16487,0,129043080.000,0,-,-,-,-,4173.6000,4173.0000,4172.8000,4172.6000,4171.2000,4174.6000,4174.8000,4177.4000,4178.0000,4178.8000,1,4,1,1,1,1,1,2,1,1
SF,IF2006,2020-01-13 09:32:46.700,4173.6000,16487,0,130295160.000,1,0,1,多换,S,4173.0000,4172.8000,4172.6000,4171.2000,4170.6000,4173.6000,4174.6000,4174.8000,4177.4000,4178.0000,4,1,1,1,5,1,1,1,2,1
SF,IF2006,2020-01-13 09:32:47.200,4173.6000,16487,0,131547240.000,1,0,1,多换,S,4173.0000,4172.8000,4172.6000,4171.2000,4170.6000,4174.6000,4174.8000,4177.4000,4178.0000,4178.8000,5,1,1,1,5,1,1,2,1,1
SF,IF2006,2020-01-13 09:32:47.700,4173.6000,16487,0,131547240.000,0,-,-,-,-,4173.0000,4172.8000,4172.6000,4171.2000,4170.6000,4174.4000,4174.6000,4174.8000,4177.4000,4178.0000,5,1,1,1,5,1,1,1,2,1
SF,IF2006,2020-01-13 09:32:48.200,4173.0000,16487,0,134051040.000,2,1,1,多换,S,4173.0000,4172.8000,4172.6000,4171.2000,4170.6000,4174.2000,4174.4000,4174.8000,4177.4000,4178.0000,3,1,1,1,5,1,1,1,2,1
SF,IF2006,2020-01-13 09:32:48.700,4173.0000,16487,0,134051040.000,0,-,-,-,-,4173.0000,4172.8000,4172.6000,4171.2000,4170.6000,4174.2000,4174.4000,4174.8000,4177.4000,4178.0000,3,1,1,1,5,1,1,1,2,1
SF,IF2006,2020-01-13 09:32:49.200,4173.0000,16487,0,134051040.000,0,-,-,-,-,4173.0000,4172.8000,4172.6000,4171.2000,4170.6000,4174.2000,4174.8000,4177.4000,4178.0000,4178.8000,3,1,1,1,5,1,1,2,1,1
SF,IF2006,2020-01-13 09:32:50.700,4174.2000,16486,-1,135303300.000,1,0,1,双平,S,4173.0000,4172.8000,4172.6000,4171.2000,4170.6000,4174.8000,4177.4000,4178.0000,4178.8000,4179.0000,3,1,1,1,5,1,2,1,1,2
SF,IF2006,2020-01-13 09:32:51.200,4174.2000,16486,0,135303300.000,0,-,-,-,-,4173.2000,4173.0000,4172.8000,4172.6000,4171.2000,4174.8000,4177.4000,4178.0000,4178.8000,4179.0000,2,2,1,1,1,1,2,1,1,2
SF,IF2006,2020-01-13 09:32:51.700,4174.2000,16486,0,135303300.000,0,-,-,-,-,4173.2000,4173.0000,4172.8000,4172.6000,4171.2000,4174.8000,4177.4000,4178.0000,4178.8000,4179.0000,2,2,1,1,1,1,2,1,1,2
SF,IF2006,2020-01-13 09:32:52.200,4174.2000,16486,0,135303300.000,0,-,-,-,-,4173.2000,4173.0000,4172.8000,4172.6000,4171.2000,4174.8000,4177.4000,4178.0000,4178.8000,4179.0000,2,2,1,1,1,1,2,1,1,2
SF,IF2006,2020-01-13 09:32:52.700,4174.2000,16486,0,135303300.000,0,-,-,-,-,4173.4000,4173.2000,4173.0000,4172.8000,4172.6000,4174.6000,4174.8000,4177.4000,4178.0000,4178.8000,2,1,2,1,1,1,1,2,1,1
SF,IF2006,2020-01-13 09:32:53.700,4174.2000,16486,0,135303300.000,0,-,-,-,-,4173.4000,4173.2000,4173.0000,4172.8000,4172.6000,4174.6000,4174.8000,4177.4000,4178.0000,4178.8000,2,1,2,1,1,1,1,2,1,1
SF,IF2006,2020-01-13 09:32:54.200,4174.2000,16486,0,135303300.000,0,-,-,-,-,4173.0000,4172.8000,4172.6000,4172.0000,4171.2000,4174.6000,4174.8000,4177.4000,4178.0000,4178.8000,2,1,1,1,1,1,1,2,1,1
SF,IF2006,2020-01-13 09:32:54.700,4174.2000,16486,0,135303300.000,0,-,-,-,-,4173.2000,4173.0000,4172.8000,4172.6000,4172.0000,4174.6000,4174.8000,4177.4000,4178.0000,4178.8000,2,2,1,1,1,2,1,2,1,1
SF,IF2006,2020-01-13 09:32:55.200,4174.2000,16486,0,135303300.000,0,-,-,-,-,4173.2000,4173.0000,4172.8000,4172.6000,4172.0000,4174.6000,4174.8000,4176.6000,4177.4000,4178.0000,2,3,1,1,1,1,1,1,2,1
SF,IF2006,2020-01-13 09:32:55.700,4174.2000,16486,0,135303300.000,0,-,-,-,-,4173.2000,4173.0000,4172.8000,4172.6000,4172.0000,4174.6000,4174.8000,4176.6000,4177.4000,4178.0000,1,3,1,1,1,1,1,1,2,1
SF,IF2006,2020-01-13 09:32:57.700,4174.2000,16486,0,135303300.000,0,-,-,-,-,4173.4000,4173.2000,4173.0000,4172.8000,4172.6000,4174.6000,4174.8000,4176.6000,4177.4000,4178.0000,2,1,3,1,1,1,1,1,2,1
SF,IF2006,2020-01-13 09:32:58.200,4174.2000,16486,0,135303300.000,0,-,-,-,-,4173.4000,4173.2000,4173.0000,4172.8000,4172.6000,4174.6000,4174.8000,4176.6000,4177.4000,4178.0000,1,1,3,1,1,1,1,1,2,1
SF,IF2006,2020-01-13 09:32:58.700,4174.2000,16486,0,135303300.000,0,-,-,-,-,4173.0000,4172.8000,4172.6000,4172.0000,4171.2000,4174.4000,4174.6000,4174.8000,4176.6000,4177.4000,3,1,1,1,1,1,1,1,1,2
SF,IF2006,2020-01-13 09:32:59.200,4174.2000,16486,0,135303300.000,0,-,-,-,-,4173.2000,4173.0000,4172.8000,4172.6000,4172.0000,4174.4000,4174.6000,4174.8000,4176.6000,4177.4000,1,3,1,1,1,1,1,1,1,2
SF,IF2006,2020-01-13 09:32:59.700,4174.2000,16486,0,135303300.000,0,-,-,-,-,4173.2000,4173.0000,4172.8000,4172.6000,4172.0000,4174.4000,4174.6000,4174.8000,4176.6000,4177.4000,1,3,1,1,1,1,1,1,1,2
SF,IF2006,2020-01-13 09:33:00.200,4173.4000,16485,-1,136555320.000,1,0,1,双平,S,4173.2000,4173.0000,4172.8000,4172.6000,4172.0000,4173.4000,4174.6000,4174.8000,4176.6000,4177.4000,1,3,1,1,1,1,1,1,1,2
SF,IF2006,2020-01-13 09:33:00.700,4173.4000,16484,-1,137807340.000,1,0,1,双平,S,4173.4000,4173.2000,4173.0000,4172.8000,4172.6000,4174.6000,4174.8000,4176.6000,4177.4000,4178.0000,2,1,3,1,1,1,1,1,2,1
SF,IF2006,2020-01-13 09:33:01.200,4173.4000,16484,0,140311380.000,2,1,1,多换,S,4173.2000,4173.0000,4172.8000,4172.6000,4172.0000,4174.2000,4174.4000,4174.6000,4174.8000,4177.4000,1,3,1,1,1,1,1,1,1,2
SF,IF2006,2020-01-13 09:33:01.700,4173.4000,16484,0,140311380.000,0,-,-,-,-,4173.2000,4173.0000,4172.8000,4172.6000,4172.0000,4174.2000,4174.4000,4174.6000,4174.8000,4177.4000,1,3,1,1,1,1,1,1,1,2
SF,IF2006,2020-01-13 09:33:02.200,4174.2000,16484,0,141563640.000,1,0,1,多换,S,4173.2000,4173.0000,4172.8000,4172.6000,4172.0000,4174.4000,4174.6000,4174.8000,4177.4000,4178.0000,1,3,1,1,1,1,1,1,2,1
SF,IF2006,2020-01-13 09:33:03.200,4174.4000,16483,-1,142815960.000,1,0,1,双平,S,4173.2000,4173.0000,4172.8000,4172.6000,4172.0000,4174.6000,4174.8000,4177.4000,4178.0000,4178.8000,1,3,1,1,1,1,1,2,1,1
SF,IF2006,2020-01-13 09:33:03.700,4174.4000,16483,0,142815960.000,0,-,-,-,-,4173.4000,4173.2000,4173.0000,4172.8000,4172.6000,4174.6000,4174.8000,4177.4000,4178.0000,4178.8000,3,1,3,1,1,1,1,2,1,1
SF,IF2006,2020-01-13 09:33:04.200,4174.4000,16483,0,142815960.000,0,-,-,-,-,4173.4000,4173.0000,4172.8000,4172.6000,4172.0000,4174.6000,4174.8000,4177.4000,4178.0000,4178.8000,3,3,1,1,1,1,1,2,1,1
SF,IF2006,2020-01-13 09:33:06.700,4174.4000,16483,0,142815960.000,0,-,-,-,-,4173.4000,4173.2000,4173.0000,4172.8000,4172.6000,4174.6000,4177.4000,4178.0000,4178.8000,4179.0000,3,1,3,1,1,1,2,1,1,2
SF,IF2006,2020-01-13 09:33:07.200,4174.4000,16483,0,142815960.000,0,-,-,-,-,4173.4000,4173.2000,4173.0000,4172.8000,4172.6000,4174.6000,4177.4000,4178.0000,4178.8000,4179.0000,3,1,3,1,1,1,2,1,1,2
SF,IF2006,2020-01-13 09:33:07.700,4173.4000,16482,-1,144067980.000,1,0,1,双平,S,4173.2000,4173.0000,4172.8000,4172.6000,4172.0000,4173.4000,4174.6000,4177.4000,4178.0000,4178.8000,1,3,1,1,1,1,1,2,1,1
SF,IF2006,2020-01-13 09:33:08.200,4173.4000,16481,-1,145320000.000,1,0,1,双平,S,4173.6000,4173.4000,4173.2000,4173.0000,4172.8000,4174.6000,4177.4000,4178.0000,4178.8000,4179.0000,1,1,1,3,1,1,2,1,1,2
SF,IF2006,2020-01-13 09:33:09.700,4173.4000,16481,0,145320000.000,0,-,-,-,-,4173.2000,4173.0000,4172.8000,4172.6000,4172.0000,4174.6000,4177.4000,4178.0000,4178.8000,4179.0000,1,3,1,1,1,1,2,1,1,2
SF,IF2006,2020-01-13 09:33:10.200,4173.4000,16481,0,145320000.000,0,-,-,-,-,4173.2000,4173.0000,4172.8000,4172.6000,4172.0000,4174.4000,4174.6000,4177.4000,4178.0000,4178.8000,1,3,1,1,1,1,1,2,1,1
SF,IF2006,2020-01-13 09:33:11.200,4173.4000,16481,0,145320000.000,0,-,-,-,-,4173.2000,4173.0000,4172.8000,4172.6000,4172.0000,4174.4000,4174.6000,4177.4000,4178.0000,4178.8000,1,4,1,1,1,1,1,2,1,1
SF,IF2006,2020-01-13 09:33:11.700,4173.2000,16481,0,146571960.000,1,0,1,多换,S,4173.0000,4172.8000,4172.6000,4172.0000,4171.2000,4174.4000,4174.6000,4177.4000,4178.0000,4178.8000,4,1,1,1,1,1,1,2,1,1
SF,IF2006,2020-01-13 09:33:12.200,4173.2000,16481,0,146571960.000,0,-,-,-,-,4173.0000,4172.8000,4172.6000,4172.0000,4171.2000,4174.4000,4174.6000,4177.4000,4178.0000,4178.8000,4,1,1,1,1,1,1,2,1,1
SF,IF2006,2020-01-13 09:33:12.700,4173.2000,16481,0,146571960.000,0,-,-,-,-,4173.0000,4172.8000,4172.6000,4172.0000,4171.2000,4174.4000,4174.6000,4177.4000,4178.0000,4178.8000,4,1,1,1,1,1,1,2,1,1
SF,IF2006,2020-01-13 09:33:13.200,4173.0000,16482,1,147823860.000,1,1,0,双开,S,4173.0000,4172.8000,4172.6000,4172.0000,4171.2000,4174.2000,4174.4000,4174.6000,4177.4000,4178.0000,2,1,1,1,1,1,1,1,2,1
SF,IF2006,2020-01-13 09:33:13.700,4173.0000,16482,0,147823860.000,0,-,-,-,-,4173.0000,4172.8000,4172.6000,4172.0000,4171.2000,4174.0000,4174.2000,4174.6000,4177.4000,4178.0000,2,1,1,1,1,1,1,1,2,1
SF,IF2006,2020-01-13 09:33:14.200,4173.0000,16482,0,147823860.000,0,-,-,-,-,4173.0000,4172.8000,4172.6000,4172.0000,4171.2000,4174.0000,4174.2000,4174.6000,4177.4000,4178.0000,2,1,1,1,1,1,1,1,2,1
SF,IF2006,2020-01-13 09:33:14.700,4173.0000,16482,0,149075760.000,1,0,1,多换,S,4173.0000,4172.8000,4172.6000,4172.0000,4171.2000,4174.0000,4174.6000,4177.4000,4178.0000,4178.8000,1,1,1,1,1,1,1,2,1,1
SF,IF2006,2020-01-13 09:33:15.200,4173.0000,16482,0,149075760.000,0,-,-,-,-,4173.2000,4173.0000,4172.8000,4172.6000,4172.0000,4174.0000,4174.6000,4177.4000,4178.0000,4178.8000,1,1,1,1,1,1,1,2,1,1
SF,IF2006,2020-01-13 09:33:15.700,4172.0000,16481,-1,155334840.000,5,2,3,多平,S,4171.2000,4171.0000,4170.0000,4169.0000,4168.8000,4174.0000,4174.6000,4177.4000,4178.0000,4178.8000,1,1,11,11,1,1,1,2,1,1
SF,IF2006,2020-01-13 09:33:16.200,4171.4000,16480,-1,156586260.000,1,0,1,双平,S,4171.2000,4171.0000,4170.0000,4169.0000,4168.8000,4173.8000,4174.0000,4174.6000,4177.4000,4178.0000,2,1,11,11,1,1,1,1,2,1
SF,IF2006,2020-01-13 09:33:16.700,4171.4000,16480,0,156586260.000,0,-,-,-,-,4171.4000,4171.2000,4171.0000,4170.0000,4169.0000,4173.6000,4173.8000,4174.6000,4177.4000,4178.0000,2,2,1,11,11,1,1,1,2,1
SF,IF2006,2020-01-13 09:33:17.700,4171.4000,16480,0,156586260.000,0,-,-,-,-,4171.4000,4171.2000,4171.0000,4170.0000,4169.0000,4173.6000,4173.8000,4174.6000,4177.4000,4178.0000,2,1,1,11,11,1,1,1,2,1
SF,IF2006,2020-01-13 09:33:18.200,4171.4000,16478,-2,159089100.000,2,0,2,双平,S,4171.2000,4171.0000,4170.0000,4169.0000,4168.8000,4173.6000,4173.8000,4174.6000,4177.4000,4178.0000,1,1,11,11,1,1,1,1,2,1
SF,IF2006,2020-01-13 09:33:18.700,4171.0000,16477,-1,161591760.000,2,0,2,多平,S,4170.0000,4169.0000,4168.8000,4168.0000,4167.0000,4173.8000,4174.6000,4177.4000,4178.0000,4178.8000,11,11,1,11,10,1,1,2,1,1
SF,IF2006,2020-01-13 09:33:19.200,4171.0000,16477,0,161591760.000,0,-,-,-,-,4170.2000,4170.0000,4169.0000,4168.8000,4168.0000,4173.4000,4173.6000,4173.8000,4174.6000,4177.4000,1,11,11,1,11,2,2,1,1,2
SF,IF2006,2020-01-13 09:33:19.700,4171.0000,16477,0,161591760.000,0,-,-,-,-,4170.2000,4170.0000,4169.0000,4168.8000,4168.0000,4173.2000,4173.4000,4173.6000,4174.6000,4177.4000,1,11,11,1,11,2,2,1,1,2
SF,IF2006,2020-01-13 09:33:20.200,4171.0000,16477,0,161591760.000,0,-,-,-,-,4170.0000,4169.0000,4168.8000,4168.0000,4167.0000,4173.2000,4173.4000,4173.6000,4174.6000,4177.4000,11,11,1,11,10,3,1,1,1,2
SF,IF2006,2020-01-13 09:33:20.700,4171.0000,16477,0,161591760.000,0,-,-,-,-,4170.2000,4170.0000,4169.0000,4168.8000,4168.0000,4173.2000,4173.4000,4173.6000,4174.6000,4177.4000,2,11,11,1,11,3,1,1,1,2
SF,IF2006,2020-01-13 09:33:21.200,4171.0000,16477,0,161591760.000,0,-,-,-,-,4170.2000,4170.0000,4169.0000,4168.8000,4168.0000,4173.2000,4174.6000,4177.4000,4178.0000,4178.8000,2,11,11,1,11,2,1,2,1,1
SF,IF2006,2020-01-13 09:33:21.700,4170.2000,16476,-1,162842820.000,1,0,1,双平,S,4170.2000,4170.0000,4169.0000,4168.8000,4168.0000,4173.2000,4174.6000,4177.4000,4178.0000,4178.8000,1,11,11,1,11,2,1,2,1,1
SF,IF2006,2020-01-13 09:33:22.200,4170.2000,16476,0,162842820.000,0,-,-,-,-,4170.0000,4169.0000,4168.8000,4168.0000,4167.0000,4173.0000,4173.2000,4174.6000,4177.4000,4178.0000,11,11,1,11,10,1,2,1,2,1
SF,IF2006,2020-01-13 09:33:22.700,4170.2000,16475,-1,164093880.000,1,0,1,双平,S,4170.0000,4169.0000,4168.8000,4168.0000,4167.0000,4171.8000,4172.8000,4173.0000,4174.6000,4177.4000,12,11,1,11,10,1,1,2,1,2
SF,IF2006,2020-01-13 09:33:23.200,4170.2000,16475,0,164093880.000,0,-,-,-,-,4170.2000,4170.0000,4169.0000,4168.8000,4168.0000,4171.6000,4171.8000,4172.6000,4173.0000,4174.6000,1,11,11,1,11,1,1,1,2,1
SF,IF2006,2020-01-13 09:33:23.700,4171.4000,16475,0,166596360.000,2,1,1,多换,S,4170.0000,4169.0000,4168.8000,4168.0000,4167.0000,4171.8000,4172.6000,4173.0000,4174.6000,4177.4000,11,11,1,11,10,1,1,1,1,2
SF,IF2006,2020-01-13 09:33:24.200,4171.4000,16475,0,166596360.000,0,-,-,-,-,4170.0000,4169.0000,4168.8000,4168.0000,4167.0000,4171.6000,4171.8000,4173.0000,4174.6000,4177.4000,11,11,1,11,10,1,1,1,1,2
SF,IF2006,2020-01-13 09:33:25.200,4171.4000,16475,0,166596360.000,0,-,-,-,-,4170.2000,4170.0000,4169.0000,4168.8000,4168.0000,4171.6000,4171.8000,4173.0000,4174.6000,4177.4000,1,11,11,1,11,1,1,1,1,2
SF,IF2006,2020-01-13 09:33:25.700,4171.4000,16475,0,166596360.000,0,-,-,-,-,4170.2000,4170.0000,4169.0000,4168.8000,4168.0000,4171.6000,4171.8000,4174.6000,4177.4000,4178.0000,1,11,11,1,11,1,1,1,2,1
SF,IF2006,2020-01-13 09:33:26.200,4171.4000,16475,0,166596360.000,0,-,-,-,-,4170.2000,4170.0000,4169.0000,4168.8000,4168.0000,4171.6000,4171.8000,4174.6000,4177.4000,4178.0000,1,11,11,1,11,1,1,1,2,1
SF,IF2006,2020-01-13 09:33:26.700,4171.4000,16475,0,166596360.000,0,-,-,-,-,4170.2000,4170.0000,4169.0000,4168.8000,4168.0000,4171.4000,4171.6000,4171.8000,4174.6000,4177.4000,1,11,11,1,11,1,1,1,1,2
SF,IF2006,2020-01-13 09:33:27.200,4171.4000,16475,0,166596360.000,0,-,-,-,-,4170.0000,4169.0000,4168.8000,4168.0000,4167.0000,4170.2000,4171.2000,4171.4000,4171.8000,4174.6000,11,11,1,11,10,1,1,1,1,1
SF,IF2006,2020-01-13 09:33:27.700,4170.2000,16475,0,167847420.000,1,0,1,多换,S,4170.0000,4169.0000,4168.8000,4168.0000,4167.0000,4171.2000,4171.4000,4171.8000,4174.6000,4177.4000,11,11,1,11,10,1,1,1,1,2
SF,IF2006,2020-01-13 09:33:29.200,4170.2000,16475,0,167847420.000,0,-,-,-,-,4170.2000,4170.0000,4169.0000,4168.8000,4168.0000,4171.2000,4171.4000,4171.8000,4174.6000,4177.4000,1,11,11,1,11,2,1,1,1,2
SF,IF2006,2020-01-13 09:33:29.700,4170.2000,16474,-1,169098480.000,1,0,1,双平,S,4170.0000,4169.0000,4168.8000,4168.0000,4167.0000,4171.2000,4171.4000,4171.8000,4174.6000,4177.4000,11,11,1,11,10,1,1,1,1,2
SF,IF2006,2020-01-13 09:33:30.200,4170.2000,16474,0,169098480.000,0,-,-,-,-,4170.2000,4170.0000,4169.0000,4168.8000,4168.0000,4171.0000,4171.2000,4171.4000,4171.8000,4174.6000,1,11,11,1,11,1,1,1,1,1
SF,IF2006,2020-01-13 09:33:30.700,4170.2000,16473,-1,170349540.000,1,0,1,双平,S,4170.0000,4169.0000,4168.8000,4168.0000,4167.0000,4171.2000,4171.4000,4171.8000,4174.6000,4177.4000,11,11,1,11,10,1,1,1,1,2
SF,IF2006,2020-01-13 09:33:31.200,4170.2000,16473,0,170349540.000,0,-,-,-,-,4170.0000,4169.0000,4168.8000,4168.0000,4167.0000,4171.0000,4171.2000,4171.4000,4171.8000,4174.6000,11,11,1,11,10,1,1,1,1,1
SF,IF2006,2020-01-13 09:33:31.700,4170.0000,16473,0,175353540.000,4,2,2,多换,S,4170.0000,4169.0000,4168.8000,4168.0000,4167.0000,4171.0000,4171.2000,4171.4000,4171.8000,4174.6000,7,11,1,11,10,1,1,1,1,1
SF,IF2006,2020-01-13 09:33:32.200,4170.0000,16473,0,182859540.000,6,3,3,多换,S,4170.0000,4169.0000,4168.8000,4168.0000,4167.0000,4171.0000,4171.2000,4171.4000,4171.8000,4174.6000,1,11,1,11,10,1,1,1,1,1
SF,IF2006,2020-01-13 09:33:32.700,4170.0000,16473,0,184110540.000,1,0,1,多换,S,4169.0000,4168.8000,4168.0000,4167.0000,4166.4000,4170.0000,4170.4000,4171.0000,4171.2000,4171.4000,11,1,11,10,5,1,1,1,1,1
SF,IF2006,2020-01-13 09:33:33.200,4170.0000,16473,0,184110540.000,0,-,-,-,-,4169.2000,4169.0000,4168.8000,4168.0000,4167.0000,4170.0000,4170.4000,4171.0000,4171.2000,4171.4000,1,11,1,11,10,1,1,1,1,1
SF,IF2006,2020-01-13 09:33:33.700,4170.0000,16473,0,184110540.000,0,-,-,-,-,4169.2000,4169.0000,4168.8000,4168.0000,4167.0000,4170.4000,4171.0000,4171.4000,4171.8000,4174.6000,1,11,1,11,10,1,1,1,1,1
SF,IF2006,2020-01-13 09:33:35.200,4170.0000,16473,0,184110540.000,0,-,-,-,-,4169.2000,4169.0000,4168.8000,4168.0000,4167.0000,4170.4000,4171.0000,4171.4000,4171.8000,4174.6000,1,11,1,11,10,1,2,1,1,1
SF,IF2006,2020-01-13 09:33:35.700,4169.2000,16472,-1,185361300.000,1,0,1,双平,S,4169.0000,4168.8000,4168.0000,4167.0000,4166.0000,4170.2000,4170.4000,4171.0000,4171.4000,4171.8000,11,1,11,10,10,1,1,1,1,1
SF,IF2006,2020-01-13 09:33:36.200,4169.0000,16472,0,186612000.000,1,0,1,多换,S,4169.0000,4168.8000,4168.0000,4167.0000,4166.0000,4170.2000,4170.4000,4171.0000,4171.4000,4171.8000,10,1,11,10,10,1,1,1,1,1
SF,IF2006,2020-01-13 09:33:36.700,4169.0000,16472,0,186612000.000,0,-,-,-,-,4169.0000,4168.8000,4168.0000,4167.0000,4166.0000,4169.8000,4170.2000,4170.4000,4171.0000,4171.4000,10,1,11,10,10,1,2,1,1,1
SF,IF2006,2020-01-13 09:33:37.200,4169.0000,16472,0,186612000.000,0,-,-,-,-,4169.0000,4168.8000,4168.0000,4167.0000,4166.0000,4169.6000,4169.8000,4170.0000,4170.4000,4170.6000,10,1,11,10,10,1,1,1,1,1
SF,IF2006,2020-01-13 09:33:37.700,4169.0000,16472,0,186612000.000,0,-,-,-,-,4169.0000,4168.8000,4168.0000,4167.0000,4166.0000,4169.6000,4169.8000,4170.4000,4171.4000,4171.8000,10,1,11,10,10,1,1,1,1,1
SF,IF2006,2020-01-13 09:33:38.700,4169.0000,16472,0,189113400.000,2,1,1,多换,S,4169.0000,4168.8000,4168.0000,4167.0000,4166.0000,4169.6000,4170.4000,4171.4000,4171.8000,4174.6000,8,1,11,10,10,1,1,1,1,1
SF,IF2006,2020-01-13 09:33:39.200,4169.0000,16472,0,189113400.000,0,-,-,-,-,4169.0000,4168.8000,4168.0000,4167.0000,4166.0000,4169.6000,4170.4000,4171.4000,4171.8000,4174.6000,8,1,11,10,10,1,1,1,1,1
SF,IF2006,2020-01-13 09:33:39.700,4169.0000,16472,0,190364100.000,1,0,1,多换,S,4169.0000,4168.8000,4168.0000,4167.0000,4166.0000,4169.6000,4170.4000,4171.4000,4171.8000,4174.6000,7,1,11,11,10,1,1,1,1,1
SF,IF2006,2020-01-13 09:33:40.200,4169.0000,16472,0,194116200.000,3,1,2,多换,S,4169.0000,4168.8000,4168.0000,4167.0000,4166.0000,4169.2000,4169.6000,4170.4000,4171.4000,4171.8000,4,1,11,11,10,1,1,1,1,1
SF,IF2006,2020-01-13 09:33:40.700,4169.2000,16471,-1,196617660.000,2,0,2,多平,S,4169.0000,4168.8000,4168.0000,4167.0000,4166.0000,4169.6000,4170.4000,4171.4000,4171.8000,4174.6000,3,1,11,11,10,1,1,1,1,1
SF,IF2006,2020-01-13 09:33:41.200,4169.0000,16471,0,197868360.000,1,0,1,多换,S,4169.0000,4168.8000,4168.0000,4167.0000,4166.0000,4169.6000,4170.4000,4171.4000,4171.8000,4174.6000,2,1,11,11,10,1,1,1,1,1
SF,IF2006,2020-01-13 09:33:41.700,4169.0000,16470,-1,200369940.000,2,0,2,多平,S,4169.0000,4168.8000,4168.0000,4167.0000,4166.0000,4170.4000,4171.4000,4171.8000,4174.6000,4177.4000,1,1,11,11,10,1,1,1,1,2
SF,IF2006,2020-01-13 09:33:42.200,4169.0000,16470,0,200369940.000,0,-,-,-,-,4169.2000,4169.0000,4168.8000,4168.0000,4167.0000,4170.4000,4171.4000,4171.8000,4174.6000,4177.4000,1,2,1,11,11,1,1,1,1,2
SF,IF2006,2020-01-13 09:33:42.700,4169.0000,16470,0,200369940.000,0,-,-,-,-,4169.2000,4169.0000,4168.8000,4168.0000,4167.0000,4170.4000,4171.4000,4171.8000,4174.6000,4177.4000,1,3,1,11,11,1,1,1,1,2
SF,IF2006,2020-01-13 09:33:43.200,4169.0000,16470,0,200369940.000,0,-,-,-,-,4169.2000,4169.0000,4168.8000,4168.0000,4167.0000,4170.4000,4171.4000,4171.8000,4174.6000,4177.4000,2,2,1,11,11,1,1,1,1,2
SF,IF2006,2020-01-13 09:33:43.700,4169.0000,16470,0,200369940.000,0,-,-,-,-,4169.2000,4169.0000,4168.8000,4168.0000,4167.0000,4170.2000,4170.4000,4171.4000,4171.8000,4174.6000,1,2,1,11,11,1,1,1,1,1
SF,IF2006,2020-01-13 09:33:44.200,4169.0000,16470,0,200369940.000,0,-,-,-,-,4169.4000,4169.2000,4169.0000,4168.8000,4168.0000,4171.4000,4171.8000,4174.6000,4177.4000,4178.0000,1,1,2,1,11,1,1,1,2,1
SF,IF2006,2020-01-13 09:33:44.700,4169.2000,16470,0,201620700.000,1,0,1,多换,S,4169.4000,4169.2000,4169.0000,4168.8000,4168.0000,4171.2000,4171.4000,4171.8000,4174.6000,4177.4000,1,1,2,1,11,1,1,1,1,2
SF,IF2006,2020-01-13 09:33:45.200,4169.2000,16470,0,201620700.000,0,-,-,-,-,4169.2000,4169.0000,4168.0000,4167.0000,4166.0000,4171.2000,4171.4000,4171.8000,4174.6000,4177.4000,1,2,11,11,10,1,1,1,1,2
SF,IF2006,2020-01-13 09:33:45.700,4169.2000,16470,0,201620700.000,0,-,-,-,-,4169.4000,4169.2000,4169.0000,4168.0000,4167.0000,4171.0000,4171.2000,4171.4000,4171.8000,4172.6000,1,1,2,11,11,2,1,1,1,1
SF,IF2006,2020-01-13 09:33:46.200,4169.2000,16470,0,201620700.000,0,-,-,-,-,4169.4000,4169.2000,4169.0000,4168.0000,4167.0000,4170.8000,4171.0000,4171.4000,4171.8000,4172.6000,1,1,2,11,11,1,2,1,1,1
SF,IF2006,2020-01-13 09:33:46.700,4169.2000,16470,0,201620700.000,0,-,-,-,-,4169.4000,4169.2000,4169.0000,4168.0000,4167.0000,4170.8000,4171.0000,4171.4000,4171.8000,4172.6000,1,1,2,11,11,1,1,1,1,1
SF,IF2006,2020-01-13 09:33:47.200,4169.2000,16470,0,201620700.000,0,-,-,-,-,4169.4000,4169.0000,4168.0000,4167.0000,4166.0000,4170.8000,4171.0000,4171.4000,4171.8000,4172.6000,1,2,11,11,10,1,1,1,1,1
SF,IF2006,2020-01-13 09:33:47.700,4169.2000,16470,0,201620700.000,0,-,-,-,-,4169.4000,4169.0000,4168.0000,4167.0000,4166.0000,4170.8000,4171.0000,4171.4000,4172.6000,4174.6000,1,2,11,11,10,1,1,1,1,1
SF,IF2006,2020-01-13 09:33:48.200,4169.2000,16470,0,201620700.000,0,-,-,-,-,4169.4000,4169.0000,4168.0000,4167.0000,4166.0000,4171.4000,4172.6000,4174.6000,4177.4000,4178.0000,1,2,11,11,10,1,1,1,2,1
SF,IF2006,2020-01-13 09:33:48.700,4169.2000,16470,0,201620700.000,0,-,-,-,-,4169.4000,4169.0000,4168.0000,4167.0000,4166.0000,4171.2000,4171.4000,4172.6000,4174.6000,4177.4000,1,2,11,11,10,1,1,1,1,2
SF,IF2006,2020-01-13 09:33:51.200,4169.2000,16470,0,201620700.000,0,-,-,-,-,4169.4000,4169.0000,4168.0000,4167.0000,4166.0000,4171.2000,4171.4000,4172.6000,4174.6000,4177.4000,1,2,11,11,10,1,1,1,1,2
SF,IF2006,2020-01-13 09:33:52.700,4169.2000,16469,-1,202871460.000,1,0,1,双平,S,4169.0000,4168.0000,4167.0000,4166.0000,4165.0000,4169.8000,4171.0000,4171.2000,4171.4000,4172.6000,2,11,11,10,11,9,1,1,1,1
SF,IF2006,2020-01-13 09:33:53.700,4169.2000,16469,0,202871460.000,0,-,-,-,-,4169.0000,4168.0000,4167.0000,4166.0000,4165.0000,4169.8000,4171.0000,4171.2000,4171.4000,4172.6000,1,11,11,10,11,9,1,1,1,1
SF,IF2006,2020-01-13 09:33:54.200,4169.2000,16469,0,202871460.000,0,-,-,-,-,4169.0000,4168.0000,4167.0000,4166.0000,4165.0000,4169.8000,4171.2000,4171.4000,4172.6000,4174.6000,1,11,11,10,11,9,1,1,1,1
SF,IF2006,2020-01-13 09:33:54.700,4169.2000,16469,0,202871460.000,0,-,-,-,-,4169.0000,4168.0000,4167.0000,4166.0000,4165.0000,4169.6000,4169.8000,4171.4000,4172.6000,4174.6000,1,11,11,10,11,1,9,1,1,1
SF,IF2006,2020-01-13 09:33:56.200,4169.6000,16468,-1,204122340.000,1,0,1,双平,S,4169.0000,4168.0000,4167.0000,4166.0000,4165.0000,4169.8000,4171.4000,4172.6000,4174.6000,4177.4000,1,11,11,10,11,9,1,1,1,2
SF,IF2006,2020-01-13 09:33:56.700,4169.0000,16467,-1,205373040.000,1,0,1,双平,S,4168.0000,4167.0000,4166.0000,4165.0000,4164.0000,4169.8000,4171.4000,4174.6000,4177.4000,4178.0000,11,11,10,11,10,9,1,1,2,1
SF,IF2006,2020-01-13 09:33:57.200,4169.0000,16467,0,205373040.000,0,-,-,-,-,4168.2000,4168.0000,4167.0000,4166.0000,4165.0000,4169.6000,4169.8000,4171.4000,4174.6000,4175.0000,1,11,11,10,12,1,9,1,1,1
SF,IF2006,2020-01-13 09:33:57.700,4169.0000,16467,0,205373040.000,0,-,-,-,-,4168.2000,4168.0000,4167.0000,4166.0000,4165.0000,4169.6000,4169.8000,4171.4000,4174.6000,4175.0000,1,11,11,11,12,1,9,1,1,1
SF,IF2006,2020-01-13 09:33:58.200,4169.0000,16467,0,205373040.000,0,-,-,-,-,4169.0000,4168.2000,4168.0000,4167.0000,4166.0000,4169.6000,4169.8000,4171.4000,4174.6000,4175.0000,1,1,11,11,11,1,9,1,1,1
SF,IF2006,2020-01-13 09:33:58.700,4169.0000,16467,0,206623740.000,1,0,1,多换,S,4168.2000,4168.0000,4167.0000,4166.0000,4165.0000,4169.6000,4169.8000,4171.4000,4174.6000,4175.0000,1,11,11,11,12,1,9,1,1,1
SF,IF2006,2020-01-13 09:33:59.200,4169.0000,16467,0,206623740.000,0,-,-,-,-,4168.2000,4168.0000,4167.0000,4166.0000,4165.0000,4169.4000,4169.8000,4171.4000,4174.6000,4175.0000,1,11,11,11,12,1,9,1,1,1
SF,IF2006,2020-01-13 09:33:59.700,4169.0000,16467,0,206623740.000,0,-,-,-,-,4168.2000,4168.0000,4167.0000,4166.0000,4165.0000,4169.8000,4171.4000,4174.6000,4175.0000,4177.4000,1,11,11,11,12,9,1,1,1,2
SF,IF2006,2020-01-13 09:34:01.700,4168.2000,16466,-1,207874200.000,1,0,1,双平,S,4168.0000,4167.0000,4166.0000,4165.0000,4164.0000,4169.8000,4171.4000,4174.6000,4175.0000,4177.4000,11,11,11,12,10,9,1,1,1,2
SF,IF2006,2020-01-13 09:34:02.200,4168.2000,16466,0,207874200.000,0,-,-,-,-,4168.0000,4167.0000,4166.0000,4165.0000,4164.0000,4169.6000,4169.8000,4171.4000,4174.6000,4175.0000,11,11,11,12,10,3,9,1,1,1
SF,IF2006,2020-01-13 09:34:02.700,4168.2000,16466,0,207874200.000,0,-,-,-,-,4168.0000,4167.0000,4166.0000,4165.0000,4164.0000,4169.6000,4169.8000,4171.4000,4174.6000,4175.0000,11,11,11,12,10,3,9,1,1,1
SF,IF2006,2020-01-13 09:34:03.200,4168.2000,16466,0,207874200.000,0,-,-,-,-,4168.0000,4167.0000,4166.0000,4165.0000,4164.0000,4169.6000,4169.8000,4171.4000,4174.6000,4175.0000,11,11,11,12,10,3,9,1,1,1
SF,IF2006,2020-01-13 09:34:03.700,4168.2000,16466,0,207874200.000,0,-,-,-,-,4168.2000,4168.0000,4167.0000,4166.0000,4165.0000,4169.6000,4169.8000,4171.4000,4174.6000,4175.0000,1,11,11,11,12,3,9,1,1,1
SF,IF2006,2020-01-13 09:34:04.200,4168.2000,16466,0,207874200.000,0,-,-,-,-,4168.0000,4167.0000,4166.0000,4165.0000,4164.0000,4169.6000,4169.8000,4171.4000,4174.6000,4175.0000,11,11,11,12,10,3,9,1,1,1
SF,IF2006,2020-01-13 09:34:04.700,4168.0000,16466,0,209124600.000,1,0,1,多换,S,4168.0000,4167.0000,4166.0000,4165.0000,4164.0000,4169.4000,4169.6000,4169.8000,4171.4000,4174.6000,10,11,11,12,10,1,2,9,1,1
SF,IF2006,2020-01-13 09:34:05.200,4168.0000,16466,0,209124600.000,0,-,-,-,-,4168.0000,4167.0000,4166.0000,4165.0000,4164.8000,4169.2000,4169.4000,4169.6000,4169.8000,4171.4000,10,11,11,12,1,1,1,1,9,1
SF,IF2006,2020-01-13 09:34:05.700,4168.0000,16465,-1,210375000.000,1,0,1,双平,S,4168.0000,4167.0000,4166.0000,4165.0000,4164.8000,4169.2000,4169.4000,4169.6000,4169.8000,4171.4000,10,11,11,12,1,1,1,1,9,1
SF,IF2006,2020-01-13 09:34:06.700,4168.0000,16465,0,212875800.000,2,1,1,多换,S,4168.0000,4167.0000,4166.0000,4165.0000,4164.8000,4169.0000,4169.2000,4169.6000,4169.8000,4171.4000,8,11,11,12,1,1,1,1,9,1
SF,IF2006,2020-01-13 09:34:07.200,4168.0000,16465,0,212875800.000,0,-,-,-,-,4168.0000,4167.0000,4166.0000,4165.0000,4164.8000,4168.8000,4169.0000,4169.6000,4169.8000,4171.4000,8,11,11,12,1,1,1,1,9,1
SF,IF2006,2020-01-13 09:34:07.700,4168.0000,16465,0,212875800.000,0,-,-,-,-,4168.0000,4167.0000,4166.0000,4165.0000,4164.8000,4168.8000,4169.6000,4169.8000,4171.4000,4174.6000,8,11,11,12,1,1,1,9,1,1
SF,IF2006,2020-01-13 09:34:08.200,4168.0000,16465,0,212875800.000,0,-,-,-,-,4168.0000,4167.0000,4166.0000,4165.0000,4164.8000,4168.8000,4169.6000,4169.8000,4171.4000,4174.6000,9,11,11,12,1,1,1,9,1,1
SF,IF2006,2020-01-13 09:34:09.200,4168.0000,16465,0,215376600.000,2,1,1,多换,S,4168.0000,4167.0000,4166.0000,4165.0000,4164.8000,4168.8000,4169.6000,4169.8000,4171.4000,4174.6000,7,11,11,12,1,1,1,9,1,1
SF,IF2006,2020-01-13 09:34:09.700,4168.0000,16465,0,220378200.000,4,2,2,多换,S,4168.0000,4167.0000,4166.0000,4165.0000,4164.8000,4169.6000,4169.8000,4171.4000,4174.6000,4175.0000,3,11,11,12,1,1,9,1,1,1
SF,IF2006,2020-01-13 09:34:10.200,4168.0000,16465,0,220378200.000,0,-,-,-,-,4168.0000,4167.0000,4166.0000,4165.0000,4164.8000,4169.4000,4169.6000,4169.8000,4171.4000,4174.6000,3,11,11,12,1,1,1,9,1,1
SF,IF2006,2020-01-13 09:34:10.700,4168.0000,16465,0,221628600.000,1,0,1,多换,S,4168.0000,4167.0000,4166.0000,4165.0000,4164.8000,4169.2000,4169.4000,4169.6000,4169.8000,4171.4000,2,11,11,12,1,1,1,1,9,1
SF,IF2006,2020-01-13 09:34:11.200,4168.0000,16465,0,221628600.000,0,-,-,-,-,4168.0000,4167.0000,4166.0000,4165.0000,4164.8000,4169.0000,4169.2000,4169.6000,4169.8000,4171.4000,2,11,11,12,1,1,1,1,9,1
SF,IF2006,2020-01-13 09:34:11.700,4168.0000,16465,0,221628600.000,0,-,-,-,-,4168.0000,4167.0000,4166.0000,4165.0000,4164.0000,4169.0000,4169.2000,4169.6000,4169.8000,4171.4000,2,11,11,12,10,1,1,1,9,1
SF,IF2006,2020-01-13 09:34:12.200,4168.0000,16465,0,221628600.000,0,-,-,-,-,4168.0000,4167.0000,4166.0000,4165.0000,4164.0000,4169.0000,4169.6000,4169.8000,4171.4000,4174.6000,2,11,11,12,10,1,1,9,1,1
SF,IF2006,2020-01-13 09:34:12.700,4168.0000,16465,0,221628600.000,0,-,-,-,-,4168.0000,4167.0000,4166.0000,4165.0000,4164.0000,4169.0000,4169.6000,4169.8000,4171.4000,4174.6000,2,11,11,12,10,1,1,9,1,1
SF,IF2006,2020-01-13 09:34:13.200,4168.0000,16465,0,221628600.000,0,-,-,-,-,4168.0000,4167.0000,4166.0000,4165.0000,4164.0000,4168.8000,4169.0000,4169.6000,4169.8000,4171.4000,2,11,11,12,10,1,1,1,9,1
SF,IF2006,2020-01-13 09:34:13.700,4168.0000,16463,-2,224129400.000,2,0,2,双平,S,4167.0000,4166.0000,4165.0000,4164.0000,4163.6000,4168.8000,4169.0000,4169.6000,4169.8000,4171.4000,11,11,12,10,1,1,1,1,9,1
SF,IF2006,2020-01-13 09:34:14.200,4167.2000,16462,-1,225379560.000,1,0,1,双平,S,4167.0000,4166.0000,4165.0000,4164.0000,4163.6000,4168.8000,4169.6000,4169.8000,4171.4000,4174.6000,11,11,12,10,1,1,1,9,1,1
SF,IF2006,2020-01-13 09:34:14.700,4167.2000,16462,0,225379560.000,0,-,-,-,-,4167.0000,4166.0000,4165.0000,4164.0000,4163.6000,4168.6000,4168.8000,4169.6000,4169.8000,4171.4000,11,11,12,10,1,1,1,1,9,1
SF,IF2006,2020-01-13 09:34:16.700,4167.2000,16462,0,225379560.000,0,-,-,-,-,4167.0000,4166.0000,4165.0000,4164.0000,4163.6000,4168.6000,4168.8000,4169.6000,4169.8000,4171.4000,11,11,12,10,1,1,1,1,9,1
SF,IF2006,2020-01-13 09:34:17.700,4167.2000,16462,0,225379560.000,0,-,-,-,-,4167.2000,4167.0000,4166.0000,4165.0000,4164.0000,4168.6000,4168.8000,4169.6000,4169.8000,4171.4000,1,11,11,12,10,1,1,1,9,1
SF,IF2006,2020-01-13 09:34:18.200,4167.2000,16462,0,225379560.000,0,-,-,-,-,4167.2000,4167.0000,4166.0000,4165.0000,4164.0000,4168.6000,4169.8000,4173.0000,4174.6000,4175.0000,1,11,11,12,10,1,9,2,1,6
SF,IF2006,2020-01-13 09:34:18.700,4167.2000,16462,0,225379560.000,0,-,-,-,-,4167.4000,4167.2000,4167.0000,4166.0000,4165.0000,4168.6000,4169.8000,4173.0000,4174.6000,4175.0000,1,1,11,11,12,1,9,2,1,6
SF,IF2006,2020-01-13 09:34:19.200,4167.2000,16462,0,225379560.000,0,-,-,-,-,4167.4000,4167.2000,4167.0000,4166.0000,4165.0000,4169.8000,4173.0000,4174.6000,4175.0000,4177.4000,1,2,11,11,12,9,2,1,6,2
SF,IF2006,2020-01-13 09:34:19.700,4167.2000,16462,0,225379560.000,0,-,-,-,-,4167.4000,4167.2000,4167.0000,4166.0000,4165.0000,4169.6000,4169.8000,4173.0000,4174.6000,4175.0000,1,2,11,11,12,1,9,2,1,6
SF,IF2006,2020-01-13 09:34:20.200,4167.2000,16462,0,225379560.000,0,-,-,-,-,4167.4000,4167.2000,4167.0000,4166.0000,4165.0000,4169.6000,4173.0000,4174.6000,4175.0000,4177.4000,1,2,11,11,12,1,2,1,1,2
SF,IF2006,2020-01-13 09:34:20.700,4167.2000,16462,0,225379560.000,0,-,-,-,-,4167.6000,4167.4000,4167.2000,4167.0000,4166.0000,4169.6000,4173.0000,4174.6000,4175.0000,4177.4000,1,1,1,11,11,1,2,1,1,2
SF,IF2006,2020-01-13 09:34:21.200,4167.2000,16462,0,225379560.000,0,-,-,-,-,4167.6000,4167.2000,4167.0000,4166.0000,4165.0000,4169.6000,4173.0000,4174.6000,4175.0000,4177.4000,1,1,11,11,12,1,2,1,1,2
SF,IF2006,2020-01-13 09:34:21.700,4167.2000,16462,0,225379560.000,0,-,-,-,-,4167.8000,4167.2000,4167.0000,4166.0000,4165.0000,4169.4000,4169.6000,4173.0000,4174.6000,4175.0000,1,1,11,11,12,1,1,2,1,1
SF,IF2006,2020-01-13 09:34:22.200,4167.2000,16462,0,225379560.000,0,-,-,-,-,4167.8000,4167.2000,4167.0000,4166.0000,4165.0000,4169.2000,4169.4000,4173.0000,4174.6000,4175.0000,1,1,11,11,12,1,1,2,1,1
SF,IF2006,2020-01-13 09:34:22.700,4167.2000,16462,0,225379560.000,0,-,-,-,-,4167.2000,4167.0000,4166.0000,4165.0000,4164.0000,4169.2000,4173.0000,4174.6000,4175.0000,4177.4000,1,11,11,12,10,1,2,1,1,2
SF,IF2006,2020-01-13 09:34:23.200,4169.2000,16461,-1,226630320.000,1,0,1,双平,S,4167.4000,4167.2000,4167.0000,4166.0000,4165.0000,4171.0000,4173.0000,4174.6000,4175.0000,4177.4000,1,1,11,11,12,1,2,1,1,2
SF,IF2006,2020-01-13 09:34:23.700,4169.2000,16461,0,226630320.000,0,-,-,-,-,4167.4000,4167.2000,4167.0000,4166.0000,4165.0000,4170.8000,4171.0000,4173.0000,4174.6000,4175.0000,1,1,11,11,12,1,1,2,1,1
SF,IF2006,2020-01-13 09:34:24.200,4169.2000,16461,0,226630320.000,0,-,-,-,-,4167.4000,4167.2000,4167.0000,4166.0000,4165.0000,4170.6000,4170.8000,4171.0000,4173.0000,4174.6000,1,1,11,11,12,1,1,1,2,1
SF,IF2006,2020-01-13 09:34:24.700,4169.2000,16461,0,226630320.000,0,-,-,-,-,4167.4000,4167.2000,4167.0000,4166.0000,4165.0000,4170.4000,4170.6000,4171.0000,4173.0000,4174.6000,2,1,11,11,12,1,1,1,2,1
SF,IF2006,2020-01-13 09:34:25.700,4169.2000,16461,0,226630320.000,0,-,-,-,-,4167.8000,4167.4000,4167.2000,4167.0000,4166.0000,4170.4000,4170.6000,4171.0000,4173.0000,4174.6000,1,2,1,11,11,1,1,1,2,1
SF,IF2006,2020-01-13 09:34:26.200,4169.2000,16461,0,226630320.000,0,-,-,-,-,4168.0000,4167.8000,4167.6000,4167.4000,4167.2000,4170.4000,4171.0000,4173.0000,4174.6000,4175.0000,1,1,2,1,1,1,1,2,1,1
SF,IF2006,2020-01-13 09:34:26.700,4169.2000,16461,0,226630320.000,0,-,-,-,-,4168.0000,4167.8000,4167.6000,4167.4000,4167.2000,4170.4000,4171.0000,4173.0000,4174.6000,4175.0000,2,1,2,1,1,1,1,2,1,1
SF,IF2006,2020-01-13 09:34:27.200,4169.2000,16461,0,226630320.000,0,-,-,-,-,4168.0000,4167.8000,4167.6000,4167.4000,4167.2000,4170.4000,4171.0000,4173.0000,4174.6000,4175.0000,2,1,1,1,1,1,1,2,1,1
SF,IF2006,2020-01-13 09:34:28.700,4169.2000,16461,0,226630320.000,0,-,-,-,-,4168.0000,4167.8000,4167.6000,4167.4000,4167.2000,4170.4000,4171.0000,4173.0000,4174.6000,4175.0000,2,1,1,1,1,1,1,2,1,1
SF,IF2006,2020-01-13 09:34:29.700,4169.2000,16461,0,226630320.000,0,-,-,-,-,4168.0000,4167.6000,4167.4000,4167.2000,4167.0000,4170.4000,4171.0000,4173.0000,4174.6000,4175.0000,2,1,1,1,13,1,1,2,1,1
SF,IF2006,2020-01-13 09:34:30.200,4169.2000,16461,0,226630320.000,0,-,-,-,-,4168.0000,4167.6000,4167.4000,4167.2000,4167.0000,4170.4000,4171.0000,4173.0000,4174.6000,4175.0000,2,1,1,1,13,1,1,2,1,1
SF,IF2006,2020-01-13 09:34:31.200,4168.0000,16461,0,227880720.000,1,0,1,多换,S,4168.0000,4167.6000,4167.4000,4167.2000,4167.0000,4170.4000,4171.0000,4173.0000,4174.6000,4175.0000,1,1,1,1,13,1,1,2,1,1
SF,IF2006,2020-01-13 09:34:31.700,4168.0000,16461,0,227880720.000,0,-,-,-,-,4168.2000,4168.0000,4167.6000,4167.4000,4167.2000,4170.4000,4171.0000,4173.0000,4174.6000,4175.0000,1,1,1,1,1,1,1,2,1,1
SF,IF2006,2020-01-13 09:34:32.200,4168.0000,16461,0,227880720.000,0,-,-,-,-,4168.2000,4168.0000,4167.4000,4167.2000,4167.0000,4170.4000,4171.0000,4173.0000,4174.6000,4175.0000,2,1,1,1,13,1,1,2,1,1
SF,IF2006,2020-01-13 09:34:32.700,4168.0000,16461,0,227880720.000,0,-,-,-,-,4168.6000,4168.4000,4168.2000,4168.0000,4167.4000,4170.4000,4171.0000,4173.0000,4174.6000,4175.0000,1,1,2,1,1,1,1,2,1,1
SF,IF2006,2020-01-13 09:34:33.200,4168.0000,16461,0,227880720.000,0,-,-,-,-,4168.6000,4168.4000,4168.2000,4168.0000,4167.4000,4170.4000,4171.0000,4173.0000,4174.6000,4175.0000,1,2,2,1,1,1,1,2,1,1
SF,IF2006,2020-01-13 09:34:33.700,4168.6000,16459,-2,230381880.000,2,0,2,双平,S,4168.6000,4168.4000,4168.2000,4168.0000,4167.4000,4170.4000,4170.8000,4171.0000,4173.0000,4174.6000,1,2,1,1,1,1,1,1,2,1
SF,IF2006,2020-01-13 09:34:34.200,4168.6000,16459,0,230381880.000,0,-,-,-,-,4168.6000,4168.4000,4168.2000,4168.0000,4167.4000,4170.2000,4170.4000,4170.8000,4171.0000,4173.0000,1,1,1,1,1,1,1,1,1,2
SF,IF2006,2020-01-13 09:34:34.700,4168.6000,16459,0,230381880.000,0,-,-,-,-,4168.4000,4168.2000,4168.0000,4167.4000,4167.0000,4170.0000,4170.2000,4170.8000,4171.0000,4173.0000,1,1,1,1,13,2,1,1,1,2
SF,IF2006,2020-01-13 09:34:35.200,4168.6000,16459,0,230381880.000,0,-,-,-,-,4168.0000,4167.4000,4167.0000,4166.6000,4166.0000,4170.0000,4170.8000,4171.0000,4173.0000,4174.6000,1,1,13,1,11,2,1,1,2,1
SF,IF2006,2020-01-13 09:34:35.700,4168.6000,16459,0,230381880.000,0,-,-,-,-,4168.2000,4168.0000,4167.4000,4167.0000,4166.6000,4170.0000,4170.2000,4170.8000,4171.0000,4173.0000,1,1,1,13,1,2,1,1,1,2
SF,IF2006,2020-01-13 09:34:36.200,4168.6000,16459,0,230381880.000,0,-,-,-,-,4168.2000,4168.0000,4167.4000,4167.0000,4166.6000,4169.8000,4170.0000,4170.2000,4170.8000,4171.0000,2,1,1,13,1,1,2,1,1,1
SF,IF2006,2020-01-13 09:34:36.700,4168.6000,16459,0,230381880.000,0,-,-,-,-,4168.6000,4168.2000,4168.0000,4167.4000,4167.0000,4169.6000,4169.8000,4170.0000,4170.2000,4170.8000,1,1,1,1,13,1,1,1,1,1
SF,IF2006,2020-01-13 09:34:37.200,4169.6000,16458,-1,231632760.000,1,0,1,双平,S,4169.6000,4169.0000,4168.6000,4168.2000,4168.0000,4169.8000,4170.0000,4170.2000,4170.8000,4171.0000,1,1,1,1,1,1,1,1,1,1
SF,IF2006,2020-01-13 09:34:37.700,4170.2000,16456,-2,235385760.000,3,0,3,多平,S,4169.6000,4168.6000,4168.2000,4168.0000,4167.4000,4170.8000,4171.0000,4173.0000,4174.6000,4175.0000,1,1,1,1,1,1,1,2,1,1
SF,IF2006,2020-01-13 09:34:38.700,4170.2000,16456,0,235385760.000,0,-,-,-,-,4169.6000,4168.8000,4168.6000,4168.2000,4168.0000,4170.8000,4171.0000,4173.0000,4174.6000,4175.0000,1,1,1,1,1,1,1,2,1,1
SF,IF2006,2020-01-13 09:34:40.200,4169.6000,16455,-1,236636640.000,1,0,1,双平,S,4168.8000,4168.6000,4168.2000,4168.0000,4167.4000,4170.8000,4171.0000,4173.0000,4174.6000,4175.0000,1,1,1,1,1,1,1,2,1,1
SF,IF2006,2020-01-13 09:34:40.700,4169.6000,16455,0,236636640.000,0,-,-,-,-,4169.0000,4168.8000,4168.6000,4168.0000,4167.0000,4170.6000,4170.8000,4171.0000,4173.0000,4174.6000,2,2,2,1,13,1,1,1,2,1
SF,IF2006,2020-01-13 09:34:41.200,4169.6000,16455,0,236636640.000,0,-,-,-,-,4169.0000,4168.8000,4168.6000,4168.0000,4167.0000,4170.6000,4170.8000,4171.0000,4173.0000,4174.6000,2,3,2,1,13,1,1,1,2,1
SF,IF2006,2020-01-13 09:34:41.700,4169.6000,16455,0,236636640.000,0,-,-,-,-,4169.2000,4169.0000,4168.8000,4168.6000,4168.0000,4170.6000,4170.8000,4171.0000,4173.0000,4174.6000,1,2,2,1,1,1,1,1,2,1
SF,IF2006,2020-01-13 09:34:42.200,4169.6000,16455,0,236636640.000,0,-,-,-,-,4169.2000,4169.0000,4168.8000,4168.6000,4168.0000,4170.4000,4170.6000,4170.8000,4171.0000,4173.0000,1,2,1,1,1,1,1,1,1,2
SF,IF2006,2020-01-13 09:34:42.700,4170.4000,16455,0,237887760.000,1,0,1,多换,S,4169.2000,4169.0000,4168.8000,4168.6000,4168.0000,4170.6000,4170.8000,4171.0000,4173.0000,4174.6000,1,1,1,1,1,1,1,1,2,1
SF,IF2006,2020-01-13 09:34:43.200,4170.4000,16455,0,237887760.000,0,-,-,-,-,4169.4000,4168.8000,4168.0000,4167.0000,4166.6000,4170.6000,4170.8000,4171.0000,4173.0000,4174.6000,1,1,1,13,1,1,1,1,2,1
SF,IF2006,2020-01-13 09:34:43.700,4170.4000,16455,0,237887760.000,0,-,-,-,-,4169.4000,4168.8000,4168.0000,4167.0000,4166.6000,4170.6000,4170.8000,4171.0000,4173.0000,4174.6000,1,1,1,13,1,1,1,1,2,1
SF,IF2006,2020-01-13 09:34:44.200,4170.4000,16455,0,237887760.000,0,-,-,-,-,4169.4000,4168.8000,4168.4000,4168.0000,4167.0000,4170.8000,4171.0000,4173.0000,4174.6000,4175.0000,1,1,1,1,13,1,1,2,1,1
SF,IF2006,2020-01-13 09:34:44.700,4170.4000,16455,0,237887760.000,0,-,-,-,-,4170.6000,4169.4000,4168.8000,4168.4000,4168.0000,4170.8000,4171.0000,4173.0000,4174.6000,4175.0000,5,1,1,1,1,1,1,2,1,1
SF,IF2006,2020-01-13 09:34:45.200,4170.6000,16454,-1,242892540.000,4,1,3,多平,S,4170.6000,4169.4000,4168.8000,4168.4000,4168.0000,4171.0000,4173.0000,4174.6000,4175.0000,4177.4000,2,1,1,1,1,1,2,1,1,2
SF,IF2006,2020-01-13 09:34:45.700,4170.6000,16454,0,242892540.000,0,-,-,-,-,4170.6000,4169.4000,4168.8000,4168.4000,4168.0000,4171.0000,4173.0000,4174.6000,4175.0000,4177.4000,3,1,1,1,1,1,2,1,1,2
SF,IF2006,2020-01-13 09:34:48.200,4170.6000,16454,0,242892540.000,0,-,-,-,-,4170.6000,4169.4000,4168.8000,4168.4000,4168.0000,4171.0000,4173.0000,4174.6000,4175.0000,4177.4000,3,1,1,1,1,1,2,1,1,2
SF,IF2006,2020-01-13 09:34:48.700,4170.6000,16454,0,246646080.000,3,1,2,多换,S,4169.4000,4168.8000,4168.4000,4168.0000,4167.0000,4171.0000,4173.0000,4174.6000,4175.0000,4177.4000,1,1,1,1,13,1,2,1,1,2
SF,IF2006,2020-01-13 09:34:49.200,4171.0000,16455,1,247897380.000,1,1,0,双开,S,4169.6000,4169.4000,4168.8000,4168.4000,4168.0000,4173.0000,4174.6000,4175.0000,4177.4000,4178.0000,1,1,1,1,1,2,1,1,2,1
SF,IF2006,2020-01-13 09:34:49.700,4171.0000,16455,0,247897380.000,0,-,-,-,-,4169.8000,4169.6000,4168.8000,4168.4000,4168.0000,4173.0000,4174.6000,4175.0000,4177.4000,4178.0000,1,1,1,1,1,2,1,1,2,1
SF,IF2006,2020-01-13 09:34:50.200,4171.0000,16455,0,247897380.000,0,-,-,-,-,4170.0000,4169.8000,4169.6000,4168.8000,4168.4000,4172.8000,4173.0000,4174.6000,4175.0000,4177.4000,1,1,1,1,1,4,2,1,1,2
SF,IF2006,2020-01-13 09:34:50.700,4171.0000,16455,0,247897380.000,0,-,-,-,-,4170.2000,4169.6000,4168.8000,4168.4000,4168.0000,4172.8000,4173.0000,4174.6000,4175.0000,4177.4000,1,1,1,1,1,4,2,1,1,2
SF,IF2006,2020-01-13 09:34:51.200,4171.0000,16455,0,247897380.000,0,-,-,-,-,4170.2000,4169.6000,4168.8000,4168.4000,4168.0000,4172.6000,4172.8000,4173.0000,4174.6000,4175.0000,2,1,1,1,1,1,3,2,1,1
SF,IF2006,2020-01-13 09:34:51.700,4171.0000,16455,0,247897380.000,0,-,-,-,-,4170.2000,4168.8000,4168.0000,4167.6000,4167.0000,4172.4000,4172.6000,4172.8000,4173.0000,4174.6000,2,1,1,1,13,3,1,2,2,1
SF,IF2006,2020-01-13 09:34:52.200,4172.2000,16456,1,249149040.000,1,1,0,双开,S,4170.2000,4168.8000,4168.0000,4167.6000,4167.0000,4172.4000,4172.6000,4172.8000,4173.0000,4174.6000,2,1,1,1,13,3,1,2,2,1
SF,IF2006,2020-01-13 09:34:52.700,4172.2000,16456,0,249149040.000,0,-,-,-,-,4170.2000,4168.8000,4168.0000,4167.6000,4167.0000,4172.0000,4172.4000,4172.6000,4172.8000,4173.0000,2,1,1,1,13,1,3,1,2,2
SF,IF2006,2020-01-13 09:34:53.200,4172.2000,16456,0,249149040.000,0,-,-,-,-,4170.2000,4168.8000,4168.0000,4167.6000,4167.0000,4171.8000,4172.0000,4172.2000,4172.4000,4172.6000,2,1,1,1,13,1,1,1,2,1
SF,IF2006,2020-01-13 09:34:54.200,4172.2000,16456,0,249149040.000,0,-,-,-,-,4170.2000,4168.8000,4168.0000,4167.6000,4167.0000,4171.6000,4171.8000,4172.2000,4172.4000,4172.6000,2,1,1,1,13,1,1,1,2,1
SF,IF2006,2020-01-13 09:34:55.700,4172.2000,16456,0,249149040.000,0,-,-,-,-,4170.2000,4168.0000,4167.6000,4167.0000,4166.6000,4171.6000,4171.8000,4172.2000,4172.4000,4172.6000,2,1,1,13,1,1,1,1,2,1
SF,IF2006,2020-01-13 09:34:56.200,4170.2000,16455,-1,251651160.000,2,0,2,多平,S,4168.0000,4167.6000,4167.0000,4166.6000,4166.0000,4170.2000,4171.4000,4171.6000,4171.8000,4172.2000,1,1,13,1,11,1,1,1,1,1
SF,IF2006,2020-01-13 09:34:56.700,4170.2000,16454,-1,254153280.000,2,0,2,多平,S,4168.2000,4168.0000,4167.6000,4167.0000,4166.6000,4171.4000,4171.6000,4171.8000,4172.2000,4172.4000,1,1,1,13,1,1,1,1,1,1
SF,IF2006,2020-01-13 09:34:57.200,4170.2000,16454,0,254153280.000,0,-,-,-,-,4168.6000,4168.2000,4168.0000,4167.6000,4167.0000,4171.4000,4171.6000,4171.8000,4172.2000,4172.4000,1,1,1,1,13,1,1,1,1,1
SF,IF2006,2020-01-13 09:34:57.700,4170.2000,16454,0,254153280.000,0,-,-,-,-,4168.8000,4168.6000,4168.0000,4167.6000,4167.0000,4171.2000,4171.4000,4171.8000,4172.2000,4172.4000,1,1,1,1,13,4,1,1,1,1
SF,IF2006,2020-01-13 09:34:58.200,4170.2000,16454,0,254153280.000,0,-,-,-,-,4169.0000,4168.8000,4168.6000,4168.0000,4167.6000,4171.0000,4171.2000,4172.2000,4173.0000,4174.6000,1,1,1,1,1,1,4,1,2,1
SF,IF2006,2020-01-13 09:34:58.700,4170.2000,16454,0,254153280.000,0,-,-,-,-,4169.2000,4169.0000,4168.6000,4168.0000,4167.6000,4170.8000,4171.0000,4171.2000,4172.2000,4173.0000,1,1,1,1,1,1,1,4,1,2
SF,IF2006,2020-01-13 09:34:59.200,4170.2000,16454,0,254153280.000,0,-,-,-,-,4169.2000,4169.0000,4168.0000,4167.6000,4167.0000,4170.8000,4171.0000,4171.2000,4172.2000,4173.0000,1,1,1,1,13,1,1,3,1,2
SF,IF2006,2020-01-13 09:34:59.700,4170.2000,16454,0,254153280.000,0,-,-,-,-,4169.2000,4169.0000,4168.0000,4167.6000,4167.0000,4170.6000,4170.8000,4171.2000,4172.2000,4173.0000,1,1,1,1,13,1,1,3,1,2
SF,IF2006,2020-01-13 09:35:00.200,4170.2000,16454,0,254153280.000,0,-,-,-,-,4169.4000,4169.2000,4168.0000,4167.6000,4167.0000,4171.2000,4173.0000,4174.6000,4175.0000,4177.4000,1,1,1,1,13,2,2,1,1,2
SF,IF2006,2020-01-13 09:35:00.700,4170.2000,16454,0,254153280.000,0,-,-,-,-,4169.6000,4169.4000,4168.0000,4167.6000,4167.0000,4171.2000,4173.0000,4174.6000,4175.0000,4177.4000,1,1,1,1,13,1,2,1,1,2
SF,IF2006,2020-01-13 09:35:01.200,4170.2000,16454,0,254153280.000,0,-,-,-,-,4169.8000,4169.6000,4169.4000,4168.0000,4167.6000,4171.0000,4171.2000,4173.0000,4174.6000,4175.0000,1,1,1,1,1,1,1,2,1,1
