市场代码,合约代码,时间,最新,持仓,增仓,成交额,成交量,开仓,平仓,成交类型,方向,买一价,买二价,买三价,买四价,买五价,卖一价,卖二价,卖三价,卖四价,卖五价,买一量,买二量,买三量,买四量,买五量,卖一量,卖二量,卖三量,卖四量,卖五量
SF,IF2009,2020-04-15 09:29:00.200,3685.2000,18425,0,2211120.000,2.000,-,-,-,-,3685.0000,3684.0000,3683.4000,3683.0000,3682.0000,3687.2000,3688.0000,3688.4000,3691.2000,3693.6000,2,2,1,3,1,1,1,1,1,1
SF,IF2009,2020-04-15 09:30:00.200,3683.0000,18434,9,12157140.000,9,9,0,双开,S,3682.0000,3681.6000,3680.0000,3678.4000,3677.0000,3684.4000,3684.6000,3684.8000,3685.0000,3685.2000,1,1,2,1,1,1,13,1,6,1
SF,IF2009,2020-04-15 09:30:00.700,3682.0000,18427,-7,22099440.000,9,1,8,多平,S,3681.6000,3680.0000,3678.4000,3676.6000,3676.0000,3682.0000,3683.0000,3684.0000,3684.2000,3684.4000,1,2,1,1,2,1,1,6,3,1
SF,IF2009,2020-04-15 09:30:01.200,3681.6000,18426,-1,24308520.000,2,0,2,多平,S,3680.0000,3678.4000,3676.6000,3676.0000,3675.0000,3683.0000,3684.0000,3684.2000,3684.6000,3684.8000,2,1,1,2,1,1,1,3,2,1
SF,IF2009,2020-04-15 09:30:01.700,3681.6000,18426,0,24308520.000,0,-,-,-,-,3680.2000,3680.0000,3678.4000,3676.6000,3676.0000,3682.8000,3683.0000,3684.0000,3684.2000,3684.8000,1,2,1,1,2,2,1,1,1,1
SF,IF2009,2020-04-15 09:30:02.200,3681.6000,18426,0,24308520.000,0,-,-,-,-,3680.2000,3680.0000,3678.4000,3676.6000,3676.0000,3682.8000,3683.0000,3684.0000,3684.2000,3684.8000,1,2,1,1,2,1,1,1,1,1
SF,IF2009,2020-04-15 09:30:02.700,3681.6000,18426,0,24308520.000,0,-,-,-,-,3680.2000,3680.0000,3678.4000,3676.6000,3676.0000,3682.8000,3683.0000,3684.0000,3684.2000,3684.8000,1,2,1,1,2,1,1,1,1,1
SF,IF2009,2020-04-15 09:30:03.200,3681.6000,18426,0,24308520.000,0,-,-,-,-,3681.6000,3680.2000,3680.0000,3678.4000,3676.6000,3683.0000,3684.0000,3684.2000,3685.0000,3685.2000,3,1,2,1,1,1,1,1,4,1
SF,IF2009,2020-04-15 09:30:03.700,3681.6000,18426,0,24308520.000,0,-,-,-,-,3682.2000,3681.8000,3681.6000,3680.2000,3680.0000,3683.0000,3684.0000,3684.2000,3685.0000,3686.8000,2,8,3,1,2,1,1,1,4,1
SF,IF2009,2020-04-15 09:30:04.200,3683.0000,18426,0,25413420.000,1,0,1,多换,S,3682.8000,3682.4000,3682.2000,3681.6000,3680.2000,3685.0000,3686.8000,3687.0000,3688.0000,3688.4000,1,8,2,3,1,4,1,2,1,1
SF,IF2009,2020-04-15 09:30:04.700,3683.0000,18426,0,25413420.000,0,-,-,-,-,3683.0000,3682.8000,3682.2000,3681.6000,3681.2000,3685.0000,3686.8000,3687.0000,3688.0000,3688.4000,9,1,2,3,2,4,1,2,1,1
SF,IF2009,2020-04-15 09:30:05.200,3683.0000,18426,0,25413420.000,0,-,-,-,-,3683.0000,3682.8000,3682.2000,3681.8000,3681.6000,3685.0000,3686.8000,3687.0000,3688.0000,3688.4000,10,1,2,2,3,4,1,2,1,1
SF,IF2009,2020-04-15 09:30:05.700,3683.0000,18426,0,25413420.000,0,-,-,-,-,3683.0000,3682.8000,3682.2000,3681.8000,3681.6000,3685.0000,3686.8000,3687.0000,3688.0000,3688.4000,10,1,2,2,3,2,1,2,1,1
SF,IF2009,2020-04-15 09:30:06.200,3683.0000,18426,0,25413420.000,0,-,-,-,-,3683.0000,3682.8000,3682.2000,3681.8000,3681.6000,3684.8000,3685.0000,3686.8000,3687.0000,3688.0000,8,1,2,2,3,1,2,1,2,1
SF,IF2009,2020-04-15 09:30:06.700,3684.8000,18426,0,26518860.000,1,0,1,多换,S,3683.0000,3682.8000,3682.2000,3681.6000,3680.0000,3685.0000,3686.8000,3687.0000,3688.0000,3688.4000,9,1,2,3,2,2,1,2,1,1
SF,IF2009,2020-04-15 09:30:07.200,3684.8000,18426,0,26518860.000,0,-,-,-,-,3683.2000,3683.0000,3682.2000,3681.6000,3680.0000,3684.8000,3685.0000,3686.8000,3687.0000,3688.0000,1,8,1,3,2,1,2,1,2,1
SF,IF2009,2020-04-15 09:30:07.700,3684.8000,18426,0,26518860.000,0,-,-,-,-,3683.4000,3683.2000,3682.2000,3681.6000,3680.0000,3684.6000,3684.8000,3685.0000,3686.8000,3687.0000,8,1,1,3,2,1,1,2,1,2
SF,IF2009,2020-04-15 09:30:08.200,3683.4000,18427,1,28728900.000,2,1,1,空开,S,3683.4000,3681.6000,3680.0000,3678.4000,3676.6000,3684.6000,3684.8000,3685.0000,3686.8000,3687.0000,6,3,2,1,1,2,1,2,1,2
SF,IF2009,2020-04-15 09:30:08.700,3683.4000,18429,2,35359020.000,6,4,2,空开,S,3681.6000,3680.0000,3678.4000,3676.6000,3676.0000,3684.4000,3684.6000,3684.8000,3685.0000,3686.8000,3,2,1,1,2,1,2,1,2,1
SF,IF2009,2020-04-15 09:30:09.200,3683.4000,18429,0,35359020.000,0,-,-,-,-,3681.8000,3681.6000,3680.0000,3678.4000,3676.6000,3684.0000,3684.2000,3684.4000,3684.8000,3685.0000,1,1,2,1,1,1,1,2,1,2
SF,IF2009,2020-04-15 09:30:09.700,3683.4000,18429,0,35359020.000,0,-,-,-,-,3681.8000,3680.0000,3678.4000,3676.6000,3676.0000,3683.8000,3684.0000,3684.4000,3684.8000,3685.0000,1,2,1,1,2,2,1,1,1,2
SF,IF2009,2020-04-15 09:30:10.200,3683.4000,18429,0,35359020.000,0,-,-,-,-,3682.0000,3681.8000,3680.0000,3678.4000,3676.6000,3683.6000,3683.8000,3684.0000,3684.4000,3685.0000,1,1,2,1,1,1,3,1,1,2
SF,IF2009,2020-04-15 09:30:10.700,3683.4000,18428,-1,36464040.000,1,0,1,双平,S,3682.0000,3681.8000,3680.0000,3678.4000,3676.6000,3683.4000,3683.6000,3683.8000,3684.0000,3684.4000,1,1,2,1,1,2,1,1,1,1
SF,IF2009,2020-04-15 09:30:11.200,3683.4000,18428,0,36464040.000,0,-,-,-,-,3682.0000,3681.8000,3680.0000,3678.4000,3676.6000,3683.4000,3683.6000,3683.8000,3684.0000,3684.4000,1,1,2,1,1,2,1,1,1,1
SF,IF2009,2020-04-15 09:30:11.700,3683.4000,18428,0,36464040.000,0,-,-,-,-,3682.0000,3681.8000,3680.0000,3678.4000,3676.6000,3683.4000,3683.6000,3683.8000,3684.4000,3685.0000,1,1,2,1,1,2,1,1,1,2
SF,IF2009,2020-04-15 09:30:12.200,3683.4000,18428,0,36464040.000,0,-,-,-,-,3682.0000,3681.8000,3680.0000,3678.4000,3676.6000,3683.2000,3683.4000,3683.6000,3683.8000,3684.4000,1,1,2,1,1,1,2,1,1,1
SF,IF2009,2020-04-15 09:30:12.700,3683.4000,18428,0,36464040.000,0,-,-,-,-,3682.0000,3680.0000,3678.4000,3676.6000,3676.0000,3683.0000,3683.6000,3683.8000,3684.4000,3685.0000,1,2,1,1,2,2,1,1,1,2
SF,IF2009,2020-04-15 09:30:13.200,3682.0000,18427,-1,38673540.000,2,0,2,多平,S,3680.0000,3678.4000,3676.6000,3676.0000,3675.8000,3683.6000,3683.8000,3684.4000,3685.0000,3686.8000,2,1,1,2,1,1,1,1,2,1
SF,IF2009,2020-04-15 09:30:13.700,3682.0000,18427,0,39778140.000,1,0,1,多换,S,3680.2000,3680.0000,3678.4000,3676.6000,3676.0000,3683.4000,3683.6000,3683.8000,3684.4000,3685.0000,2,2,1,1,2,1,1,1,1,2
SF,IF2009,2020-04-15 09:30:14.200,3682.0000,18427,0,39778140.000,0,-,-,-,-,3681.6000,3680.2000,3680.0000,3678.4000,3676.6000,3683.4000,3683.6000,3684.4000,3685.0000,3686.8000,1,2,2,1,1,1,1,1,2,1
SF,IF2009,2020-04-15 09:30:14.700,3682.0000,18427,0,39778140.000,0,-,-,-,-,3681.6000,3680.2000,3680.0000,3678.4000,3676.6000,3683.6000,3684.4000,3685.0000,3686.8000,3687.0000,1,2,2,1,1,1,1,2,1,2
SF,IF2009,2020-04-15 09:30:15.200,3682.0000,18427,0,39778140.000,0,-,-,-,-,3682.0000,3681.8000,3680.2000,3680.0000,3678.4000,3683.6000,3684.4000,3685.0000,3686.8000,3687.0000,1,1,1,2,1,1,1,2,1,2
SF,IF2009,2020-04-15 09:30:15.700,3682.0000,18427,0,39778140.000,0,-,-,-,-,3682.0000,3681.8000,3681.6000,3680.2000,3680.0000,3683.6000,3684.4000,3685.0000,3686.8000,3687.0000,1,1,1,1,2,1,1,2,1,2
SF,IF2009,2020-04-15 09:30:16.200,3682.0000,18427,0,40882740.000,1,0,1,多换,S,3681.8000,3680.2000,3680.0000,3678.4000,3676.6000,3683.6000,3684.4000,3685.0000,3686.8000,3687.0000,1,1,2,1,1,1,1,2,1,2
SF,IF2009,2020-04-15 09:30:16.700,3683.6000,18427,0,41987820.000,1,0,1,多换,S,3683.6000,3681.8000,3680.0000,3678.4000,3676.6000,3684.4000,3685.0000,3686.8000,3687.0000,3688.0000,4,1,2,1,1,1,2,1,2,1
SF,IF2009,2020-04-15 09:30:17.200,3683.6000,18427,0,46408140.000,4,2,2,多换,S,3683.6000,3681.8000,3680.0000,3678.4000,3676.6000,3684.0000,3684.2000,3684.4000,3685.0000,3686.8000,1,2,2,1,1,1,1,1,2,1
SF,IF2009,2020-04-15 09:30:17.700,3683.6000,18427,0,47513220.000,1,0,1,多换,S,3681.8000,3680.0000,3678.4000,3676.6000,3676.0000,3683.6000,3683.8000,3684.0000,3684.4000,3685.0000,2,2,1,1,2,6,1,6,1,2
SF,IF2009,2020-04-15 09:30:18.200,3683.6000,18427,0,47513220.000,0,-,-,-,-,3681.8000,3680.0000,3678.4000,3676.6000,3676.0000,3683.4000,3683.6000,3684.0000,3684.4000,3685.0000,3,2,1,1,2,1,6,6,1,2
SF,IF2009,2020-04-15 09:30:18.700,3683.6000,18427,0,48618300.000,1,0,1,多换,S,3681.8000,3680.0000,3678.4000,3676.6000,3676.0000,3683.6000,3684.0000,3684.4000,3685.0000,3686.8000,1,2,1,1,2,5,1,1,2,1
SF,IF2009,2020-04-15 09:30:19.200,3683.6000,18427,0,48618300.000,0,-,-,-,-,3681.8000,3680.0000,3678.4000,3676.6000,3676.0000,3683.6000,3684.0000,3684.4000,3685.0000,3686.8000,1,2,1,1,2,2,1,1,2,1
SF,IF2009,2020-04-15 09:30:19.700,3683.6000,18427,0,48618300.000,0,-,-,-,-,3681.8000,3680.0000,3678.4000,3676.6000,3676.0000,3683.4000,3683.6000,3684.0000,3684.4000,3684.6000,1,2,1,1,2,1,2,1,1,2
SF,IF2009,2020-04-15 09:30:20.200,3683.6000,18427,0,48618300.000,0,-,-,-,-,3681.8000,3680.0000,3678.4000,3676.6000,3676.0000,3683.4000,3683.6000,3684.0000,3684.4000,3684.6000,1,2,1,1,2,1,2,1,1,2
SF,IF2009,2020-04-15 09:30:20.700,3683.6000,18427,0,48618300.000,0,-,-,-,-,3681.8000,3680.0000,3678.4000,3676.6000,3676.0000,3683.2000,3683.4000,3683.6000,3684.0000,3684.4000,1,2,1,1,2,1,1,2,1,1
SF,IF2009,2020-04-15 09:30:21.200,3683.6000,18427,0,48618300.000,0,-,-,-,-,3680.0000,3678.4000,3676.6000,3676.0000,3675.0000,3683.2000,3683.4000,3683.6000,3684.0000,3684.4000,2,1,1,2,2,1,1,2,1,1
SF,IF2009,2020-04-15 09:30:21.700,3683.6000,18427,0,48618300.000,0,-,-,-,-,3680.2000,3680.0000,3678.4000,3676.6000,3676.0000,3682.8000,3683.2000,3683.6000,3684.0000,3684.4000,1,2,1,1,2,1,1,2,1,1
SF,IF2009,2020-04-15 09:30:22.200,3683.6000,18427,0,48618300.000,0,-,-,-,-,3680.2000,3680.0000,3678.4000,3676.6000,3676.0000,3683.6000,3684.0000,3684.4000,3685.0000,3687.0000,2,2,1,1,2,2,1,3,2,2
SF,IF2009,2020-04-15 09:30:22.700,3683.6000,18427,0,48618300.000,0,-,-,-,-,3683.0000,3680.8000,3680.2000,3680.0000,3678.4000,3683.6000,3684.0000,3684.4000,3685.0000,3687.0000,1,2,2,2,1,2,1,3,2,2
SF,IF2009,2020-04-15 09:30:23.200,3683.0000,18427,0,49723200.000,1,0,1,多换,S,3680.8000,3680.2000,3680.0000,3678.4000,3676.6000,3681.8000,3683.0000,3683.2000,3683.4000,3683.6000,2,1,2,1,1,1,1,3,1,1
SF,IF2009,2020-04-15 09:30:23.700,3681.8000,18426,-1,50827740.000,1,0,1,双平,S,3680.8000,3680.2000,3680.0000,3678.4000,3676.6000,3683.0000,3683.2000,3683.4000,3683.6000,3684.0000,2,1,2,1,1,1,3,1,1,1
SF,IF2009,2020-04-15 09:30:24.200,3681.8000,18426,0,50827740.000,0,-,-,-,-,3681.0000,3680.8000,3680.0000,3678.4000,3676.6000,3683.0000,3683.2000,3683.4000,3683.6000,3684.0000,2,2,2,1,1,1,3,1,1,1
SF,IF2009,2020-04-15 09:30:24.700,3681.8000,18426,0,50827740.000,0,-,-,-,-,3681.0000,3680.0000,3678.4000,3676.6000,3676.0000,3683.0000,3683.2000,3683.4000,3683.6000,3684.0000,2,2,1,1,2,1,3,1,1,1
SF,IF2009,2020-04-15 09:30:25.200,3681.8000,18426,0,50827740.000,0,-,-,-,-,3681.0000,3680.0000,3678.4000,3676.6000,3676.0000,3682.8000,3683.0000,3683.2000,3683.4000,3683.6000,1,2,1,1,2,2,1,3,1,1
SF,IF2009,2020-04-15 09:30:25.700,3681.8000,18426,0,50827740.000,0,-,-,-,-,3681.2000,3681.0000,3680.0000,3678.4000,3676.6000,3682.8000,3683.0000,3683.4000,3683.6000,3684.0000,1,1,2,1,1,2,1,1,1,1
SF,IF2009,2020-04-15 09:30:26.200,3681.8000,18426,0,50827740.000,0,-,-,-,-,3681.2000,3681.0000,3680.0000,3678.4000,3676.6000,3682.4000,3682.6000,3682.8000,3683.0000,3683.4000,1,1,2,1,1,1,1,1,1,1
SF,IF2009,2020-04-15 09:30:26.700,3681.8000,18426,0,50827740.000,0,-,-,-,-,3681.2000,3680.0000,3678.4000,3676.6000,3676.0000,3682.4000,3682.6000,3682.8000,3683.0000,3683.4000,1,2,1,1,2,1,1,1,1,1
SF,IF2009,2020-04-15 09:30:27.200,3682.6000,18424,-2,53037240.000,2,0,2,双平,S,3681.2000,3680.0000,3678.4000,3676.6000,3676.0000,3682.2000,3682.8000,3683.0000,3683.4000,3683.6000,1,2,1,1,2,1,1,1,1,1
SF,IF2009,2020-04-15 09:30:27.700,3682.6000,18424,0,53037240.000,0,-,-,-,-,3681.6000,3681.2000,3680.0000,3678.4000,3676.6000,3682.2000,3682.8000,3683.0000,3683.4000,3683.6000,1,1,2,1,1,2,1,1,1,1
SF,IF2009,2020-04-15 09:30:28.200,3681.6000,18423,-1,54141720.000,1,0,1,双平,S,3681.2000,3680.0000,3678.4000,3676.6000,3676.0000,3682.2000,3682.8000,3683.0000,3683.4000,3683.6000,1,2,1,1,2,1,1,1,1,1
SF,IF2009,2020-04-15 09:30:28.700,3681.6000,18423,0,54141720.000,0,-,-,-,-,3681.2000,3681.0000,3680.0000,3678.4000,3676.6000,3682.2000,3682.8000,3683.0000,3683.4000,3683.6000,1,1,2,1,1,1,1,1,1,1
SF,IF2009,2020-04-15 09:30:29.200,3681.6000,18423,0,54141720.000,0,-,-,-,-,3681.2000,3681.0000,3680.0000,3678.4000,3676.6000,3682.2000,3682.8000,3683.0000,3683.4000,3683.6000,1,1,2,1,1,1,1,1,1,1
SF,IF2009,2020-04-15 09:30:29.700,3681.6000,18423,0,54141720.000,0,-,-,-,-,3681.2000,3681.0000,3680.0000,3678.4000,3676.6000,3682.0000,3682.2000,3682.8000,3683.0000,3683.4000,1,1,2,1,1,1,1,1,1,1
SF,IF2009,2020-04-15 09:30:30.200,3681.2000,18422,-1,55246080.000,1,0,1,双平,S,3681.0000,3680.0000,3678.4000,3676.6000,3676.0000,3681.8000,3682.0000,3682.8000,3683.0000,3683.4000,1,2,1,1,2,2,1,1,1,1
SF,IF2009,2020-04-15 09:30:30.700,3681.2000,18422,0,55246080.000,0,-,-,-,-,3681.2000,3681.0000,3680.0000,3678.4000,3676.6000,3681.8000,3682.0000,3682.8000,3683.0000,3683.4000,1,1,2,1,1,1,1,1,2,1
SF,IF2009,2020-04-15 09:30:31.200,3681.2000,18422,0,55246080.000,0,-,-,-,-,3681.2000,3681.0000,3680.0000,3678.4000,3676.6000,3681.8000,3682.0000,3682.4000,3682.8000,3683.0000,1,1,2,1,1,1,1,2,1,2
SF,IF2009,2020-04-15 09:30:31.700,3681.2000,18422,0,55246080.000,0,-,-,-,-,3681.2000,3681.0000,3680.0000,3678.4000,3676.6000,3681.8000,3682.0000,3682.8000,3683.0000,3683.4000,1,1,2,1,1,1,1,1,2,1
SF,IF2009,2020-04-15 09:30:32.200,3681.2000,18422,0,56350440.000,1,0,1,多换,S,3681.6000,3681.0000,3680.0000,3678.4000,3676.6000,3681.8000,3682.0000,3682.8000,3683.0000,3683.4000,1,1,2,1,1,1,1,1,2,1
SF,IF2009,2020-04-15 09:30:32.700,3681.6000,18422,0,57454920.000,1,0,1,多换,S,3681.0000,3680.0000,3678.4000,3676.6000,3676.0000,3681.8000,3682.0000,3682.8000,3683.0000,3683.4000,1,2,1,1,2,1,1,1,2,1
SF,IF2009,2020-04-15 09:30:33.200,3681.6000,18422,0,57454920.000,0,-,-,-,-,3681.0000,3680.0000,3678.4000,3676.6000,3676.0000,3681.8000,3682.0000,3682.8000,3683.0000,3683.4000,4,2,1,1,2,1,1,1,2,1
SF,IF2009,2020-04-15 09:30:33.700,3681.6000,18422,0,57454920.000,0,-,-,-,-,3681.0000,3680.0000,3678.4000,3676.6000,3676.0000,3682.0000,3682.8000,3683.0000,3683.4000,3683.6000,4,2,1,1,2,1,1,2,1,1
SF,IF2009,2020-04-15 09:30:34.700,3682.0000,18422,0,58559520.000,1,0,1,多换,S,3681.0000,3680.0000,3678.4000,3676.6000,3676.0000,3682.8000,3683.0000,3683.4000,3683.6000,3684.0000,4,2,1,1,2,1,2,1,1,1
SF,IF2009,2020-04-15 09:30:35.200,3682.0000,18422,0,58559520.000,0,-,-,-,-,3681.2000,3681.0000,3680.0000,3678.4000,3676.6000,3682.6000,3683.0000,3683.4000,3683.6000,3684.0000,2,4,2,1,1,1,2,1,1,1
SF,IF2009,2020-04-15 09:30:35.700,3681.2000,18421,-1,59663880.000,1,0,1,双平,S,3681.2000,3681.0000,3680.0000,3678.4000,3676.6000,3682.6000,3683.0000,3683.4000,3683.6000,3684.0000,1,4,2,1,1,1,2,1,1,1
SF,IF2009,2020-04-15 09:30:36.200,3681.2000,18421,0,59663880.000,0,-,-,-,-,3681.0000,3680.0000,3678.4000,3676.6000,3676.0000,3682.6000,3683.0000,3683.4000,3683.6000,3684.0000,4,2,1,1,2,1,2,1,1,1
SF,IF2009,2020-04-15 09:30:36.700,3681.2000,18421,0,59663880.000,0,-,-,-,-,3681.0000,3680.0000,3678.4000,3676.6000,3676.0000,3682.4000,3682.6000,3683.0000,3683.4000,3683.6000,4,2,1,1,2,3,1,2,1,1
SF,IF2009,2020-04-15 09:30:37.200,3681.2000,18421,0,59663880.000,0,-,-,-,-,3681.0000,3680.0000,3678.4000,3676.6000,3676.0000,3682.2000,3682.4000,3683.0000,3683.4000,3684.0000,4,2,1,1,2,1,1,2,1,1
SF,IF2009,2020-04-15 09:30:37.700,3681.2000,18421,0,59663880.000,0,-,-,-,-,3681.0000,3680.0000,3678.4000,3676.6000,3676.0000,3681.8000,3682.2000,3683.0000,3683.2000,3683.4000,4,2,1,1,2,3,2,2,1,1
SF,IF2009,2020-04-15 09:30:38.200,3681.2000,18421,0,59663880.000,0,-,-,-,-,3681.0000,3680.0000,3678.4000,3676.6000,3676.0000,3681.8000,3682.2000,3683.0000,3683.2000,3683.4000,4,2,1,1,2,4,2,2,1,1
SF,IF2009,2020-04-15 09:30:39.200,3681.2000,18421,0,59663880.000,0,-,-,-,-,3681.0000,3680.0000,3678.4000,3676.6000,3676.0000,3681.8000,3682.2000,3683.0000,3683.2000,3683.4000,4,2,1,1,2,4,1,2,1,1
SF,IF2009,2020-04-15 09:30:40.700,3681.8000,18417,-4,64082040.000,4,0,4,双平,S,3681.0000,3680.0000,3678.4000,3676.6000,3676.0000,3682.2000,3683.0000,3683.2000,3683.4000,3684.0000,4,2,1,1,2,1,2,1,1,1
SF,IF2009,2020-04-15 09:30:41.200,3681.8000,18417,0,64082040.000,0,-,-,-,-,3681.2000,3681.0000,3680.0000,3678.4000,3676.6000,3683.0000,3683.2000,3683.4000,3684.0000,3684.4000,2,4,2,1,1,2,1,1,1,1
SF,IF2009,2020-04-15 09:30:41.700,3681.2000,18416,-1,65186400.000,1,0,1,双平,S,3681.2000,3681.0000,3680.0000,3678.4000,3676.6000,3682.8000,3683.0000,3683.2000,3683.4000,3684.0000,1,5,2,1,1,2,2,1,1,1
SF,IF2009,2020-04-15 09:30:42.200,3681.2000,18416,0,65186400.000,0,-,-,-,-,3681.4000,3681.0000,3680.0000,3678.4000,3676.6000,3682.8000,3683.0000,3683.2000,3683.4000,3684.0000,1,5,2,1,1,2,2,1,1,1
SF,IF2009,2020-04-15 09:30:43.200,3681.2000,18416,0,65186400.000,0,-,-,-,-,3681.4000,3681.0000,3680.0000,3678.4000,3676.6000,3682.2000,3682.8000,3683.0000,3683.2000,3683.4000,1,5,2,1,1,1,2,2,1,1
SF,IF2009,2020-04-15 09:30:43.700,3682.2000,18415,-1,66291060.000,1,0,1,双平,S,3681.4000,3681.0000,3680.0000,3678.4000,3676.6000,3682.6000,3682.8000,3683.0000,3683.2000,3683.4000,1,5,2,1,1,1,1,2,1,1
SF,IF2009,2020-04-15 09:30:44.200,3682.6000,18415,0,67395840.000,1,0,1,多换,S,3681.4000,3681.0000,3680.0000,3678.4000,3676.6000,3682.8000,3683.0000,3683.2000,3683.4000,3684.0000,1,5,2,1,1,1,2,1,1,1
SF,IF2009,2020-04-15 09:30:44.700,3682.6000,18415,0,67395840.000,0,-,-,-,-,3681.6000,3681.4000,3681.0000,3680.0000,3678.4000,3682.8000,3683.0000,3683.2000,3683.4000,3684.0000,1,1,5,2,1,1,2,1,1,1
SF,IF2009,2020-04-15 09:30:45.200,3681.8000,18414,-1,68500380.000,1,0,1,双平,S,3681.8000,3681.0000,3680.0000,3678.4000,3676.6000,3682.8000,3683.0000,3683.2000,3684.0000,3684.4000,2,5,2,1,1,1,2,1,1,1
SF,IF2009,2020-04-15 09:30:46.200,3682.8000,18413,-1,69605220.000,1,0,1,双平,S,3682.0000,3681.8000,3681.0000,3680.0000,3678.4000,3683.0000,3683.2000,3684.0000,3684.4000,3685.0000,1,2,5,2,1,2,1,1,1,2
SF,IF2009,2020-04-15 09:30:46.700,3682.8000,18413,0,69605220.000,0,-,-,-,-,3682.0000,3681.8000,3681.0000,3680.0000,3678.4000,3683.0000,3683.2000,3684.0000,3684.4000,3685.0000,1,1,5,2,1,2,1,1,1,2
SF,IF2009,2020-04-15 09:30:47.200,3682.2000,18412,-1,70709880.000,1,0,1,双平,S,3682.2000,3682.0000,3681.8000,3681.0000,3680.0000,3683.0000,3683.2000,3684.0000,3684.4000,3685.0000,1,1,1,5,2,2,1,1,1,2
SF,IF2009,2020-04-15 09:30:47.700,3682.2000,18412,0,70709880.000,0,-,-,-,-,3682.8000,3682.2000,3682.0000,3681.8000,3681.0000,3683.0000,3683.2000,3684.0000,3684.4000,3685.0000,1,1,1,1,5,1,1,1,1,2
SF,IF2009,2020-04-15 09:30:48.200,3682.2000,18412,0,70709880.000,0,-,-,-,-,3682.8000,3682.4000,3682.2000,3682.0000,3681.0000,3683.0000,3683.2000,3684.0000,3684.4000,3685.0000,1,1,1,1,5,1,1,1,1,2
SF,IF2009,2020-04-15 09:30:48.700,3683.0000,18411,-1,71814780.000,1,0,1,双平,S,3682.8000,3682.4000,3682.2000,3682.0000,3681.0000,3683.2000,3683.8000,3684.0000,3684.4000,3685.0000,1,1,1,1,5,1,1,1,1,2
SF,IF2009,2020-04-15 09:30:49.200,3683.2000,18410,-1,72919740.000,1,0,1,双平,S,3682.8000,3682.4000,3682.2000,3682.0000,3681.0000,3683.8000,3684.0000,3684.4000,3685.0000,3687.0000,1,1,1,2,5,1,1,1,2,2
SF,IF2009,2020-04-15 09:30:49.700,3683.2000,18410,0,72919740.000,0,-,-,-,-,3682.8000,3682.4000,3682.2000,3682.0000,3681.0000,3683.8000,3684.4000,3685.0000,3687.0000,3688.0000,1,1,1,2,5,1,1,2,2,1
SF,IF2009,2020-04-15 09:30:50.200,3683.2000,18410,0,72919740.000,0,-,-,-,-,3683.0000,3682.8000,3682.2000,3682.0000,3681.0000,3683.8000,3685.0000,3687.0000,3688.0000,3688.6000,1,1,1,2,5,1,2,2,1,1
SF,IF2009,2020-04-15 09:30:50.700,3683.2000,18409,-1,74024700.000,1,0,1,双平,S,3683.0000,3682.8000,3682.0000,3681.0000,3680.0000,3683.8000,3685.0000,3687.0000,3688.0000,3688.6000,1,1,2,5,2,1,2,2,1,1
SF,IF2009,2020-04-15 09:30:51.200,3683.8000,18408,-1,75129840.000,1,0,1,双平,S,3683.0000,3682.8000,3682.0000,3681.0000,3680.0000,3685.0000,3687.0000,3688.0000,3688.6000,3690.0000,1,1,2,5,2,2,2,1,1,5
SF,IF2009,2020-04-15 09:30:51.700,3683.2000,18407,-1,76234800.000,1,0,1,双平,S,3683.0000,3682.8000,3682.0000,3681.0000,3680.0000,3684.8000,3685.0000,3687.0000,3688.0000,3688.6000,1,1,2,5,2,3,2,2,1,1
SF,IF2009,2020-04-15 09:30:52.200,3683.2000,18407,0,76234800.000,0,-,-,-,-,3682.8000,3682.0000,3681.0000,3680.0000,3678.4000,3684.2000,3684.6000,3684.8000,3685.0000,3687.0000,1,2,5,2,1,1,2,3,2,2
SF,IF2009,2020-04-15 09:30:52.700,3682.8000,18407,0,77339640.000,1,0,1,多换,S,3682.0000,3681.0000,3680.0000,3678.4000,3676.6000,3683.0000,3684.0000,3684.2000,3684.4000,3684.6000,2,5,2,1,1,1,4,1,8,2
SF,IF2009,2020-04-15 09:30:53.200,3682.8000,18407,0,77339640.000,0,-,-,-,-,3682.0000,3681.0000,3680.0000,3678.4000,3676.6000,3682.8000,3683.0000,3684.0000,3684.2000,3684.4000,2,5,2,1,1,1,1,4,1,10
SF,IF2009,2020-04-15 09:30:53.700,3682.8000,18406,-1,78444480.000,1,0,1,双平,S,3682.2000,3682.0000,3681.0000,3680.0000,3678.4000,3683.0000,3684.0000,3684.2000,3684.4000,3684.8000,2,2,5,2,1,1,4,1,7,1
SF,IF2009,2020-04-15 09:30:54.200,3682.8000,18406,0,78444480.000,0,-,-,-,-,3682.2000,3682.0000,3681.0000,3680.0000,3678.4000,3683.0000,3684.0000,3684.2000,3684.4000,3684.8000,1,2,5,2,1,1,4,1,7,1
SF,IF2009,2020-04-15 09:30:57.200,3682.8000,18406,0,78444480.000,0,-,-,-,-,3682.2000,3682.0000,3681.0000,3680.0000,3678.4000,3683.0000,3684.0000,3684.2000,3684.4000,3684.8000,1,2,5,2,1,1,4,1,5,1
SF,IF2009,2020-04-15 09:30:57.700,3682.8000,18406,0,78444480.000,0,-,-,-,-,3682.2000,3682.0000,3681.0000,3680.0000,3678.4000,3683.0000,3684.0000,3684.2000,3684.8000,3685.0000,1,2,5,2,1,1,3,1,1,2
SF,IF2009,2020-04-15 09:30:59.200,3682.4000,18404,-2,80653920.000,2,0,2,双平,S,3682.0000,3681.0000,3680.0000,3678.4000,3676.6000,3683.0000,3684.0000,3684.2000,3684.8000,3685.0000,2,5,2,1,1,1,3,1,1,2
SF,IF2009,2020-04-15 09:31:00.200,3682.4000,18404,0,80653920.000,0,-,-,-,-,3682.2000,3682.0000,3681.0000,3680.0000,3678.4000,3683.0000,3684.0000,3684.2000,3684.8000,3685.0000,1,2,5,2,1,1,3,1,1,2
SF,IF2009,2020-04-15 09:31:00.700,3682.4000,18404,0,80653920.000,0,-,-,-,-,3682.0000,3681.0000,3680.0000,3678.4000,3676.6000,3683.0000,3683.2000,3684.0000,3684.2000,3684.8000,2,5,2,1,1,1,2,3,1,1
SF,IF2009,2020-04-15 09:31:01.200,3682.4000,18404,0,80653920.000,0,-,-,-,-,3682.0000,3681.0000,3680.0000,3678.4000,3676.6000,3682.8000,3683.0000,3683.2000,3684.0000,3684.2000,2,5,2,1,1,2,1,2,3,1
SF,IF2009,2020-04-15 09:31:01.700,3682.4000,18404,0,80653920.000,0,-,-,-,-,3682.0000,3681.0000,3680.0000,3678.4000,3676.6000,3682.8000,3683.0000,3683.2000,3684.0000,3684.2000,2,5,2,1,1,3,1,2,3,1
SF,IF2009,2020-04-15 09:31:02.200,3682.0000,18404,0,81758520.000,1,0,1,多换,S,3682.0000,3681.0000,3680.0000,3678.4000,3676.6000,3682.6000,3682.8000,3683.0000,3683.2000,3684.0000,1,5,2,1,1,1,3,1,2,2
SF,IF2009,2020-04-15 09:31:02.700,3682.0000,18404,0,81758520.000,0,-,-,-,-,3682.0000,3681.0000,3680.0000,3678.4000,3676.6000,3682.6000,3682.8000,3683.0000,3683.2000,3684.0000,1,5,2,1,1,1,2,1,2,2
SF,IF2009,2020-04-15 09:31:04.200,3682.0000,18404,0,81758520.000,0,-,-,-,-,3682.0000,3681.0000,3680.0000,3678.4000,3676.6000,3682.6000,3682.8000,3683.0000,3683.2000,3684.0000,1,5,2,1,1,1,1,1,2,2
SF,IF2009,2020-04-15 09:31:04.700,3682.0000,18404,0,81758520.000,0,-,-,-,-,3682.0000,3681.0000,3680.0000,3678.4000,3676.6000,3682.8000,3683.0000,3683.2000,3684.0000,3684.2000,1,5,2,1,1,1,1,2,2,1
SF,IF2009,2020-04-15 09:31:05.200,3682.0000,18403,-1,82863120.000,1,0,1,双平,S,3681.0000,3680.0000,3678.4000,3676.6000,3676.0000,3682.0000,3682.6000,3682.8000,3683.0000,3683.2000,5,2,1,1,2,1,3,1,1,2
SF,IF2009,2020-04-15 09:31:05.700,3682.0000,18403,0,82863120.000,0,-,-,-,-,3681.2000,3681.0000,3680.0000,3678.4000,3676.6000,3682.0000,3682.6000,3682.8000,3683.0000,3683.2000,2,5,2,1,1,1,1,1,1,2
SF,IF2009,2020-04-15 09:31:06.200,3682.0000,18403,0,82863120.000,0,-,-,-,-,3681.0000,3680.0000,3678.4000,3676.6000,3676.0000,3682.0000,3682.6000,3682.8000,3683.0000,3683.2000,5,2,1,1,2,1,1,1,1,2
SF,IF2009,2020-04-15 09:31:06.700,3681.0000,18403,0,83967420.000,1,0,1,多换,S,3681.0000,3680.0000,3678.4000,3676.6000,3676.0000,3682.6000,3682.8000,3683.0000,3683.2000,3684.0000,4,2,1,1,2,1,1,1,2,1
SF,IF2009,2020-04-15 09:31:07.200,3681.0000,18403,0,83967420.000,0,-,-,-,-,3681.0000,3680.0000,3678.4000,3676.6000,3676.0000,3682.4000,3682.6000,3682.8000,3683.0000,3683.2000,4,2,1,1,2,4,1,1,1,2
SF,IF2009,2020-04-15 09:31:07.700,3681.0000,18403,0,83967420.000,0,-,-,-,-,3681.0000,3680.0000,3678.4000,3676.6000,3676.0000,3682.2000,3682.4000,3682.8000,3683.0000,3683.2000,3,2,1,1,2,1,4,1,1,2
SF,IF2009,2020-04-15 09:31:08.200,3681.0000,18403,0,83967420.000,0,-,-,-,-,3681.0000,3680.0000,3678.4000,3676.6000,3676.0000,3682.0000,3682.2000,3682.4000,3682.8000,3683.0000,3,2,1,1,2,2,2,3,1,1
SF,IF2009,2020-04-15 09:31:08.700,3681.0000,18403,0,83967420.000,0,-,-,-,-,3681.0000,3680.0000,3678.4000,3676.6000,3676.0000,3681.8000,3682.0000,3682.2000,3682.4000,3682.8000,3,2,1,1,2,1,3,1,3,1
SF,IF2009,2020-04-15 09:31:09.200,3681.0000,18403,0,83967420.000,0,-,-,-,-,3681.0000,3680.0000,3678.4000,3676.6000,3676.0000,3681.8000,3682.0000,3682.2000,3682.4000,3682.8000,3,2,1,1,2,1,2,1,3,1
SF,IF2009,2020-04-15 09:31:09.700,3681.0000,18401,-2,87280860.000,3,0,3,多平,S,3681.0000,3680.0000,3678.4000,3676.6000,3676.0000,3682.0000,3682.2000,3682.4000,3682.8000,3683.0000,2,2,1,1,2,1,1,3,1,1
SF,IF2009,2020-04-15 09:31:10.200,3681.0000,18401,0,87280860.000,0,-,-,-,-,3681.0000,3680.0000,3678.4000,3676.6000,3676.0000,3681.8000,3682.0000,3682.2000,3682.4000,3682.8000,2,2,1,1,2,2,1,1,3,1
SF,IF2009,2020-04-15 09:31:10.700,3681.0000,18401,0,87280860.000,0,-,-,-,-,3681.0000,3680.0000,3678.4000,3676.6000,3676.0000,3681.8000,3682.0000,3682.2000,3682.4000,3682.8000,2,2,1,1,3,2,1,1,3,1
SF,IF2009,2020-04-15 09:31:11.700,3681.0000,18401,0,89489460.000,2,1,1,多换,S,3680.0000,3678.4000,3676.6000,3676.0000,3675.0000,3681.8000,3682.0000,3682.2000,3682.4000,3682.8000,2,1,1,3,2,2,1,1,3,1
SF,IF2009,2020-04-15 09:31:12.200,3681.0000,18401,0,89489460.000,0,-,-,-,-,3680.2000,3680.0000,3678.4000,3676.6000,3676.0000,3681.8000,3682.0000,3682.2000,3682.4000,3682.8000,2,2,1,1,3,2,1,1,1,1
SF,IF2009,2020-04-15 09:31:12.700,3681.0000,18401,0,89489460.000,0,-,-,-,-,3680.2000,3680.0000,3678.4000,3676.6000,3676.0000,3681.8000,3682.0000,3682.4000,3682.8000,3683.0000,2,2,1,1,3,2,1,1,1,1
SF,IF2009,2020-04-15 09:31:13.200,3680.2000,18402,1,90593520.000,1,1,0,双开,S,3680.2000,3680.0000,3678.4000,3676.6000,3676.0000,3681.8000,3682.0000,3682.4000,3682.8000,3683.0000,1,2,1,1,3,2,1,1,1,1
SF,IF2009,2020-04-15 09:31:14.200,3680.2000,18402,0,90593520.000,0,-,-,-,-,3680.2000,3680.0000,3678.4000,3676.6000,3676.0000,3681.6000,3681.8000,3682.0000,3682.4000,3682.8000,1,2,1,1,3,1,2,1,1,1
SF,IF2009,2020-04-15 09:31:14.700,3680.2000,18402,0,90593520.000,0,-,-,-,-,3680.0000,3678.4000,3676.6000,3676.0000,3675.0000,3681.4000,3681.6000,3682.0000,3682.4000,3682.8000,2,1,1,3,2,2,1,1,1,1
SF,IF2009,2020-04-15 09:31:15.200,3680.2000,18402,0,90593520.000,0,-,-,-,-,3680.0000,3678.4000,3676.6000,3676.0000,3675.0000,3681.2000,3681.4000,3681.6000,3682.0000,3682.4000,2,1,1,3,2,1,2,1,1,1
SF,IF2009,2020-04-15 09:31:15.700,3680.0000,18402,0,91697520.000,1,0,1,多换,S,3680.0000,3678.4000,3676.6000,3676.0000,3675.0000,3681.0000,3681.2000,3681.6000,3682.0000,3682.4000,1,1,1,3,2,2,4,1,1,1
SF,IF2009,2020-04-15 09:31:16.200,3680.0000,18402,0,91697520.000,0,-,-,-,-,3680.0000,3678.4000,3676.6000,3676.0000,3675.0000,3681.0000,3681.2000,3681.6000,3682.0000,3682.4000,2,1,1,3,2,2,4,1,1,1
SF,IF2009,2020-04-15 09:31:16.700,3680.0000,18400,-2,93905520.000,2,0,2,双平,S,3678.4000,3676.6000,3676.0000,3675.0000,3672.0000,3681.0000,3681.2000,3681.6000,3682.0000,3682.4000,1,1,3,2,1,2,4,1,1,1
SF,IF2009,2020-04-15 09:31:17.200,3680.8000,18400,0,95009760.000,1,0,1,多换,S,3678.6000,3678.4000,3676.6000,3676.0000,3675.0000,3681.0000,3681.2000,3681.6000,3682.0000,3682.4000,3,1,1,3,2,2,2,1,1,1
SF,IF2009,2020-04-15 09:31:17.700,3680.8000,18400,0,95009760.000,0,-,-,-,-,3678.6000,3678.4000,3676.6000,3676.0000,3675.0000,3680.8000,3681.0000,3681.2000,3681.6000,3682.0000,3,1,1,3,2,2,2,2,1,1
SF,IF2009,2020-04-15 09:31:18.200,3678.6000,18399,-1,96113340.000,1,0,1,双平,S,3678.6000,3678.4000,3676.6000,3676.0000,3675.0000,3680.6000,3680.8000,3681.0000,3681.2000,3681.6000,2,1,1,3,2,1,3,1,1,1
SF,IF2009,2020-04-15 09:31:18.700,3678.6000,18399,0,96113340.000,0,-,-,-,-,3678.8000,3678.6000,3678.4000,3676.6000,3676.0000,3680.4000,3680.6000,3680.8000,3681.2000,3681.6000,1,1,1,1,3,2,1,3,1,1
SF,IF2009,2020-04-15 09:31:19.200,3678.6000,18399,0,96113340.000,0,-,-,-,-,3678.8000,3678.6000,3678.4000,3676.6000,3676.0000,3680.2000,3680.4000,3680.8000,3681.2000,3681.6000,1,1,1,1,3,1,1,2,1,1
SF,IF2009,2020-04-15 09:31:19.700,3680.2000,18398,-1,97217400.000,1,0,1,双平,S,3678.8000,3678.6000,3678.4000,3676.6000,3676.0000,3680.8000,3681.2000,3681.6000,3682.0000,3682.8000,1,1,1,1,3,2,1,1,1,1
SF,IF2009,2020-04-15 09:31:20.200,3680.2000,18398,0,97217400.000,0,-,-,-,-,3679.0000,3678.8000,3678.4000,3676.6000,3676.0000,3680.6000,3680.8000,3681.2000,3681.6000,3682.0000,1,1,1,1,3,3,1,1,1,1
SF,IF2009,2020-04-15 09:31:20.700,3680.2000,18398,0,97217400.000,0,-,-,-,-,3679.2000,3679.0000,3678.4000,3676.6000,3676.0000,3680.6000,3680.8000,3681.2000,3681.6000,3682.0000,1,1,1,1,3,2,1,1,1,1
SF,IF2009,2020-04-15 09:31:21.200,3680.6000,18397,-1,99425760.000,2,0,2,多平,S,3679.2000,3679.0000,3678.4000,3676.6000,3676.0000,3680.8000,3681.2000,3681.6000,3682.0000,3683.0000,1,1,1,1,3,1,1,1,1,1
SF,IF2009,2020-04-15 09:31:21.700,3680.6000,18397,0,99425760.000,0,-,-,-,-,3679.4000,3679.2000,3679.0000,3678.8000,3678.4000,3680.8000,3681.2000,3681.6000,3682.0000,3683.0000,1,1,1,1,1,1,1,1,1,1
SF,IF2009,2020-04-15 09:31:22.200,3680.6000,18397,0,99425760.000,0,-,-,-,-,3679.6000,3679.4000,3679.0000,3678.8000,3678.4000,3680.8000,3682.0000,3683.0000,3683.2000,3684.2000,2,1,1,1,1,1,1,1,2,1
SF,IF2009,2020-04-15 09:31:22.700,3680.6000,18397,0,99425760.000,0,-,-,-,-,3679.6000,3679.4000,3679.0000,3678.8000,3678.4000,3680.8000,3682.0000,3683.0000,3683.2000,3684.2000,2,1,1,1,1,1,1,1,2,1
SF,IF2009,2020-04-15 09:31:23.200,3680.8000,18396,-1,100530000.000,1,0,1,双平,S,3679.6000,3679.4000,3679.0000,3678.8000,3678.4000,3682.0000,3683.0000,3683.2000,3684.2000,3685.0000,2,1,1,1,1,1,1,2,1,2
SF,IF2009,2020-04-15 09:31:23.700,3680.8000,18396,0,100530000.000,0,-,-,-,-,3679.8000,3679.6000,3679.4000,3678.8000,3678.4000,3681.8000,3682.0000,3683.0000,3683.2000,3684.2000,1,1,1,1,1,1,1,1,2,1
SF,IF2009,2020-04-15 09:31:24.200,3680.8000,18396,0,100530000.000,0,-,-,-,-,3680.0000,3679.8000,3679.4000,3678.8000,3678.4000,3681.6000,3681.8000,3682.0000,3683.0000,3683.2000,2,1,1,1,1,1,1,1,1,2
SF,IF2009,2020-04-15 09:31:24.700,3680.8000,18396,0,100530000.000,0,-,-,-,-,3680.0000,3679.8000,3679.4000,3678.8000,3678.4000,3680.8000,3683.0000,3683.2000,3684.2000,3685.0000,2,1,1,1,1,1,1,2,1,2
SF,IF2009,2020-04-15 09:31:25.200,3680.8000,18395,-1,101634240.000,1,0,1,双平,S,3680.0000,3679.4000,3678.8000,3678.4000,3676.6000,3683.0000,3683.2000,3684.2000,3685.0000,3687.0000,2,1,1,1,1,1,2,1,2,2
SF,IF2009,2020-04-15 09:31:25.700,3680.2000,18394,-1,102738300.000,1,0,1,双平,S,3680.0000,3678.8000,3678.4000,3676.6000,3676.0000,3682.8000,3683.0000,3683.2000,3684.2000,3687.0000,1,1,1,1,3,2,1,2,1,2
SF,IF2009,2020-04-15 09:31:26.200,3680.2000,18394,0,102738300.000,0,-,-,-,-,3680.0000,3678.8000,3678.4000,3676.6000,3676.0000,3682.8000,3683.0000,3683.2000,3684.2000,3687.0000,1,1,1,1,3,3,1,2,1,2
SF,IF2009,2020-04-15 09:31:27.200,3680.2000,18394,0,102738300.000,0,-,-,-,-,3680.0000,3678.8000,3678.4000,3676.6000,3676.0000,3682.8000,3683.0000,3683.2000,3684.2000,3687.0000,1,1,1,1,3,2,1,2,1,2
SF,IF2009,2020-04-15 09:31:27.700,3680.2000,18394,0,102738300.000,0,-,-,-,-,3680.2000,3680.0000,3678.8000,3678.4000,3676.6000,3682.8000,3683.0000,3683.2000,3684.2000,3687.0000,1,1,1,1,1,2,1,2,1,2
SF,IF2009,2020-04-15 09:31:28.200,3680.2000,18394,0,102738300.000,0,-,-,-,-,3680.4000,3680.2000,3680.0000,3678.8000,3678.4000,3682.8000,3683.0000,3683.2000,3684.2000,3687.0000,1,1,1,1,1,2,1,2,1,2
SF,IF2009,2020-04-15 09:31:29.200,3680.2000,18394,0,102738300.000,0,-,-,-,-,3680.4000,3680.0000,3678.8000,3678.4000,3676.6000,3682.6000,3682.8000,3683.0000,3683.2000,3684.2000,1,1,1,1,1,1,2,1,2,1
SF,IF2009,2020-04-15 09:31:29.700,3680.2000,18394,0,102738300.000,0,-,-,-,-,3680.6000,3680.4000,3680.0000,3678.8000,3678.4000,3682.4000,3682.6000,3682.8000,3683.0000,3683.2000,1,1,1,1,1,2,1,1,1,2
SF,IF2009,2020-04-15 09:31:30.200,3680.2000,18394,0,102738300.000,0,-,-,-,-,3680.8000,3680.6000,3680.0000,3678.8000,3678.4000,3682.2000,3682.4000,3682.6000,3682.8000,3683.0000,1,1,1,1,1,1,2,1,1,1
SF,IF2009,2020-04-15 09:31:30.700,3680.2000,18394,0,102738300.000,0,-,-,-,-,3680.8000,3680.6000,3680.0000,3678.8000,3678.4000,3682.4000,3682.6000,3682.8000,3683.0000,3683.2000,1,1,1,1,1,1,1,1,1,2
SF,IF2009,2020-04-15 09:31:31.200,3680.2000,18394,0,102738300.000,0,-,-,-,-,3680.8000,3680.6000,3680.0000,3678.8000,3678.4000,3682.2000,3682.4000,3682.6000,3682.8000,3683.0000,1,1,1,1,1,1,1,1,1,1
SF,IF2009,2020-04-15 09:31:31.700,3682.4000,18394,0,103843020.000,1,0,1,多换,S,3680.8000,3680.6000,3680.0000,3678.8000,3678.4000,3682.8000,3683.0000,3683.2000,3684.2000,3687.0000,1,1,1,1,1,1,1,2,1,2
SF,IF2009,2020-04-15 09:31:32.200,3682.4000,18394,0,103843020.000,0,-,-,-,-,3681.0000,3680.8000,3680.6000,3680.0000,3678.8000,3682.6000,3682.8000,3683.0000,3683.2000,3684.2000,1,1,1,1,1,2,1,1,2,1
SF,IF2009,2020-04-15 09:31:32.700,3682.4000,18394,0,103843020.000,0,-,-,-,-,3680.8000,3680.0000,3678.8000,3678.4000,3676.6000,3682.6000,3682.8000,3683.0000,3683.2000,3684.2000,1,1,1,1,1,2,1,1,2,1
SF,IF2009,2020-04-15 09:31:33.200,3682.4000,18394,0,103843020.000,0,-,-,-,-,3681.0000,3680.8000,3680.0000,3678.8000,3678.4000,3682.4000,3682.6000,3683.0000,3683.2000,3684.2000,1,1,1,1,1,1,2,1,2,1
SF,IF2009,2020-04-15 09:31:33.700,3682.4000,18394,0,103843020.000,0,-,-,-,-,3680.8000,3680.0000,3678.8000,3678.4000,3676.6000,3682.2000,3682.4000,3683.0000,3683.2000,3684.2000,1,1,1,1,1,1,1,1,2,1
SF,IF2009,2020-04-15 09:31:34.200,3682.4000,18394,0,103843020.000,0,-,-,-,-,3681.0000,3680.8000,3680.0000,3678.8000,3678.4000,3682.2000,3682.4000,3683.0000,3683.2000,3684.2000,1,1,1,1,1,1,1,1,2,1
SF,IF2009,2020-04-15 09:31:34.700,3682.4000,18392,-2,106052460.000,2,0,2,双平,S,3680.8000,3680.0000,3678.8000,3678.4000,3676.6000,3682.4000,3683.0000,3683.2000,3684.2000,3687.0000,1,1,1,1,1,1,1,2,1,2
SF,IF2009,2020-04-15 09:31:35.200,3682.4000,18392,0,106052460.000,0,-,-,-,-,3681.0000,3680.8000,3680.0000,3678.8000,3678.4000,3682.2000,3682.4000,3683.0000,3683.2000,3684.2000,1,1,1,1,1,1,1,1,2,1
SF,IF2009,2020-04-15 09:31:35.700,3682.4000,18392,0,106052460.000,0,-,-,-,-,3681.2000,3680.0000,3678.8000,3678.4000,3676.6000,3682.4000,3683.0000,3683.2000,3684.2000,3687.0000,2,1,1,1,1,1,1,2,1,2
SF,IF2009,2020-04-15 09:31:36.200,3682.4000,18392,0,106052460.000,0,-,-,-,-,3681.2000,3680.0000,3678.8000,3678.4000,3676.6000,3682.4000,3683.0000,3683.2000,3684.2000,3687.0000,1,1,1,1,1,1,1,2,1,2
SF,IF2009,2020-04-15 09:31:36.700,3682.4000,18392,0,106052460.000,0,-,-,-,-,3680.0000,3678.8000,3678.4000,3676.6000,3676.0000,3682.2000,3682.4000,3683.0000,3683.2000,3684.2000,1,1,1,1,3,1,1,1,2,1
SF,IF2009,2020-04-15 09:31:37.200,3682.2000,18391,-1,107157120.000,1,0,1,双平,S,3680.2000,3680.0000,3678.8000,3678.4000,3676.6000,3682.4000,3683.0000,3683.2000,3684.2000,3687.0000,3,1,1,1,1,1,1,2,1,2
SF,IF2009,2020-04-15 09:31:37.700,3682.2000,18391,0,107157120.000,0,-,-,-,-,3680.2000,3680.0000,3678.8000,3678.4000,3676.6000,3682.2000,3682.4000,3683.0000,3683.2000,3684.2000,3,1,1,1,1,1,1,1,2,1
SF,IF2009,2020-04-15 09:31:38.200,3682.2000,18391,0,107157120.000,0,-,-,-,-,3680.4000,3680.2000,3680.0000,3678.8000,3678.4000,3682.2000,3682.4000,3683.0000,3683.2000,3684.2000,1,3,1,1,1,1,1,1,2,1
SF,IF2009,2020-04-15 09:31:38.700,3682.2000,18390,-1,108261780.000,1,0,1,双平,S,3680.6000,3680.2000,3680.0000,3678.8000,3678.4000,3682.4000,3683.0000,3683.2000,3684.2000,3687.0000,2,2,1,1,1,1,1,2,1,2
SF,IF2009,2020-04-15 09:31:39.200,3682.2000,18390,0,108261780.000,0,-,-,-,-,3680.6000,3680.2000,3680.0000,3678.8000,3678.4000,3682.2000,3682.4000,3683.0000,3683.2000,3684.2000,2,2,1,1,1,2,1,1,2,1
SF,IF2009,2020-04-15 09:31:39.700,3682.2000,18390,0,108261780.000,0,-,-,-,-,3680.8000,3680.6000,3680.2000,3680.0000,3678.8000,3682.4000,3683.0000,3683.2000,3684.2000,3687.0000,1,2,2,1,1,1,1,2,1,2
SF,IF2009,2020-04-15 09:31:40.200,3682.2000,18390,0,108261780.000,0,-,-,-,-,3681.0000,3680.8000,3680.2000,3680.0000,3678.8000,3682.4000,3683.0000,3683.2000,3684.2000,3687.0000,2,1,2,1,1,1,1,2,1,2
SF,IF2009,2020-04-15 09:31:40.700,3682.2000,18390,0,108261780.000,0,-,-,-,-,3681.0000,3680.8000,3680.6000,3680.2000,3680.0000,3682.4000,3683.0000,3683.2000,3684.2000,3687.0000,2,1,1,2,1,1,1,2,1,2
SF,IF2009,2020-04-15 09:31:41.200,3682.2000,18390,0,108261780.000,0,-,-,-,-,3681.0000,3680.8000,3680.6000,3680.2000,3680.0000,3682.2000,3682.4000,3683.0000,3683.2000,3684.2000,3,1,1,2,1,1,2,1,2,1
SF,IF2009,2020-04-15 09:31:41.700,3682.2000,18390,0,108261780.000,0,-,-,-,-,3681.0000,3680.8000,3680.6000,3680.2000,3680.0000,3682.2000,3682.4000,3683.0000,3683.2000,3684.2000,3,1,1,2,1,1,2,1,2,1
SF,IF2009,2020-04-15 09:31:42.200,3682.2000,18389,-1,109366440.000,1,0,1,双平,S,3681.0000,3680.8000,3680.6000,3680.2000,3680.0000,3682.4000,3683.0000,3683.2000,3684.2000,3687.0000,3,1,1,2,1,2,1,2,1,1
SF,IF2009,2020-04-15 09:31:43.200,3682.2000,18389,0,109366440.000,0,-,-,-,-,3681.0000,3680.8000,3680.6000,3680.2000,3680.0000,3682.2000,3682.4000,3683.0000,3683.2000,3684.2000,2,1,1,2,1,1,2,1,2,1
SF,IF2009,2020-04-15 09:31:43.700,3682.2000,18389,0,109366440.000,0,-,-,-,-,3681.0000,3680.8000,3680.6000,3680.2000,3680.0000,3682.4000,3683.0000,3683.2000,3684.2000,3687.0000,2,1,1,2,1,2,1,2,1,1
SF,IF2009,2020-04-15 09:31:44.200,3682.2000,18389,0,109366440.000,0,-,-,-,-,3681.0000,3680.8000,3680.6000,3680.2000,3680.0000,3682.2000,3682.4000,3683.0000,3683.2000,3684.2000,2,1,1,2,1,1,2,1,2,1
SF,IF2009,2020-04-15 09:31:44.700,3682.2000,18389,0,109366440.000,0,-,-,-,-,3681.2000,3681.0000,3680.8000,3680.6000,3680.2000,3682.4000,3683.0000,3683.2000,3684.2000,3687.0000,1,2,1,1,2,2,1,2,1,1
SF,IF2009,2020-04-15 09:31:45.200,3682.2000,18389,0,109366440.000,0,-,-,-,-,3681.4000,3681.0000,3680.8000,3680.6000,3680.2000,3682.4000,3683.0000,3683.2000,3684.2000,3687.0000,1,1,1,1,2,2,1,2,1,1
SF,IF2009,2020-04-15 09:31:47.200,3682.2000,18389,0,109366440.000,0,-,-,-,-,3681.4000,3681.0000,3680.8000,3680.6000,3680.2000,3682.4000,3683.0000,3683.2000,3684.2000,3687.0000,1,1,1,1,2,2,1,2,1,1
SF,IF2009,2020-04-15 09:31:47.700,3682.2000,18389,0,109366440.000,0,-,-,-,-,3681.4000,3681.0000,3680.8000,3680.6000,3680.2000,3682.4000,3683.0000,3683.2000,3684.2000,3687.0000,1,1,1,1,2,2,1,2,1,1
SF,IF2009,2020-04-15 09:31:48.200,3682.4000,18389,0,110471160.000,1,0,1,多换,S,3681.6000,3681.4000,3681.0000,3680.8000,3680.6000,3682.4000,3683.0000,3683.2000,3684.2000,3687.0000,1,1,1,1,1,1,1,2,1,1
SF,IF2009,2020-04-15 09:31:48.700,3682.4000,18389,0,110471160.000,0,-,-,-,-,3681.4000,3681.0000,3680.8000,3680.6000,3680.2000,3682.4000,3683.0000,3683.2000,3684.2000,3687.0000,1,1,1,1,2,1,1,2,1,1
SF,IF2009,2020-04-15 09:31:51.200,3682.4000,18389,0,110471160.000,0,-,-,-,-,3681.4000,3681.0000,3680.8000,3680.6000,3680.2000,3682.4000,3683.0000,3683.2000,3684.2000,3687.0000,1,1,1,1,2,1,1,2,1,1
SF,IF2009,2020-04-15 09:31:51.700,3682.4000,18389,0,110471160.000,0,-,-,-,-,3681.4000,3681.0000,3680.8000,3680.6000,3680.2000,3682.4000,3683.0000,3683.2000,3684.2000,3687.0000,1,1,1,1,2,1,1,2,1,1
SF,IF2009,2020-04-15 09:31:53.200,3682.4000,18389,0,110471160.000,0,-,-,-,-,3681.6000,3681.4000,3681.0000,3680.8000,3680.6000,3682.4000,3683.0000,3683.2000,3684.2000,3687.0000,1,1,1,1,2,1,1,2,1,1
SF,IF2009,2020-04-15 09:31:53.700,3682.4000,18389,0,110471160.000,0,-,-,-,-,3681.6000,3681.4000,3681.0000,3680.8000,3680.6000,3682.4000,3683.0000,3683.2000,3684.2000,3687.0000,1,1,1,1,2,1,1,2,1,1
SF,IF2009,2020-04-15 09:31:55.200,3681.6000,18388,-1,111575640.000,1,0,1,双平,S,3681.4000,3681.0000,3680.8000,3680.6000,3680.2000,3681.6000,3682.4000,3683.0000,3683.2000,3684.2000,1,1,1,2,2,1,1,1,2,1
SF,IF2009,2020-04-15 09:31:55.700,3681.6000,18387,-1,112680120.000,1,0,1,双平,S,3681.6000,3681.4000,3681.0000,3680.8000,3680.6000,3682.4000,3683.0000,3683.2000,3684.2000,3687.0000,2,1,1,1,2,1,1,2,1,1
SF,IF2009,2020-04-15 09:31:56.200,3681.6000,18387,0,112680120.000,0,-,-,-,-,3681.6000,3681.4000,3681.0000,3680.8000,3680.6000,3682.4000,3683.0000,3683.2000,3684.2000,3687.0000,2,1,1,1,2,1,1,2,1,1
SF,IF2009,2020-04-15 09:31:56.700,3681.6000,18387,0,112680120.000,0,-,-,-,-,3681.6000,3681.4000,3681.0000,3680.6000,3680.0000,3682.4000,3683.0000,3683.2000,3684.2000,3687.0000,2,1,1,2,1,1,1,2,1,1
SF,IF2009,2020-04-15 09:31:57.200,3681.6000,18387,0,112680120.000,0,-,-,-,-,3681.6000,3681.4000,3681.0000,3680.6000,3680.0000,3682.2000,3682.4000,3683.0000,3683.2000,3684.2000,2,1,1,2,1,1,1,1,2,1
SF,IF2009,2020-04-15 09:31:57.700,3681.6000,18387,0,112680120.000,0,-,-,-,-,3681.4000,3681.0000,3680.6000,3680.0000,3679.0000,3682.4000,3683.0000,3683.2000,3684.2000,3687.0000,1,1,2,1,1,1,1,2,1,1
SF,IF2009,2020-04-15 09:31:58.200,3681.6000,18387,0,112680120.000,0,-,-,-,-,3681.0000,3680.6000,3680.0000,3679.0000,3678.8000,3682.2000,3682.4000,3683.0000,3683.2000,3684.2000,1,2,1,1,1,1,1,1,2,1
SF,IF2009,2020-04-15 09:31:58.700,3681.6000,18387,0,112680120.000,0,-,-,-,-,3681.0000,3680.6000,3680.0000,3679.0000,3678.8000,3682.4000,3683.0000,3683.2000,3684.2000,3687.0000,1,2,1,1,1,1,1,2,1,1
SF,IF2009,2020-04-15 09:31:59.200,3681.6000,18387,0,112680120.000,0,-,-,-,-,3681.0000,3680.6000,3680.0000,3679.0000,3678.8000,3682.2000,3682.4000,3683.0000,3683.2000,3684.2000,1,2,1,1,1,1,1,1,2,1
SF,IF2009,2020-04-15 09:31:59.700,3681.6000,18387,0,112680120.000,0,-,-,-,-,3681.0000,3680.6000,3680.0000,3679.0000,3678.8000,3682.0000,3682.2000,3682.4000,3683.0000,3683.2000,1,2,1,1,1,1,1,1,1,2
SF,IF2009,2020-04-15 09:32:00.200,3681.6000,18387,0,112680120.000,0,-,-,-,-,3681.0000,3680.6000,3680.0000,3679.0000,3678.8000,3681.8000,3682.2000,3682.4000,3683.0000,3683.2000,1,2,1,1,1,1,1,1,1,2
SF,IF2009,2020-04-15 09:32:00.700,3681.6000,18387,0,112680120.000,0,-,-,-,-,3681.0000,3680.6000,3680.0000,3679.0000,3678.8000,3682.4000,3683.0000,3683.2000,3684.2000,3687.0000,1,2,1,1,1,1,1,2,1,1
SF,IF2009,2020-04-15 09:32:01.200,3681.6000,18387,0,112680120.000,0,-,-,-,-,3681.0000,3680.6000,3680.0000,3679.0000,3678.8000,3682.2000,3682.4000,3683.0000,3683.2000,3684.2000,1,2,1,1,1,2,1,1,2,1
SF,IF2009,2020-04-15 09:32:01.700,3681.6000,18387,0,112680120.000,0,-,-,-,-,3681.0000,3680.6000,3680.0000,3679.0000,3678.8000,3682.2000,3682.4000,3683.0000,3683.2000,3684.2000,1,2,1,1,1,2,2,1,2,1
SF,IF2009,2020-04-15 09:32:02.200,3681.6000,18387,0,112680120.000,0,-,-,-,-,3681.0000,3680.6000,3680.0000,3679.0000,3678.8000,3681.8000,3682.2000,3682.4000,3683.0000,3683.2000,1,2,1,1,1,3,2,2,1,2
SF,IF2009,2020-04-15 09:32:02.700,3681.0000,18386,-1,113784420.000,1,0,1,双平,S,3680.6000,3680.0000,3679.0000,3678.8000,3678.4000,3682.4000,3683.0000,3683.2000,3684.2000,3687.0000,2,1,1,1,1,1,1,2,1,1
SF,IF2009,2020-04-15 09:32:03.200,3681.0000,18386,0,113784420.000,0,-,-,-,-,3680.8000,3680.6000,3680.0000,3679.0000,3678.8000,3682.2000,3682.4000,3683.0000,3683.2000,3684.2000,1,2,1,1,1,1,1,1,2,1
SF,IF2009,2020-04-15 09:32:03.700,3681.0000,18386,0,113784420.000,0,-,-,-,-,3680.6000,3680.0000,3679.0000,3678.8000,3678.4000,3682.0000,3682.4000,3683.0000,3683.2000,3684.2000,2,1,1,1,1,1,1,1,2,1
SF,IF2009,2020-04-15 09:32:04.200,3681.0000,18386,0,113784420.000,0,-,-,-,-,3680.6000,3680.0000,3679.0000,3678.8000,3678.4000,3681.8000,3682.4000,3683.0000,3683.2000,3684.2000,2,1,1,1,1,1,1,1,2,1
SF,IF2009,2020-04-15 09:32:04.700,3681.0000,18386,0,113784420.000,0,-,-,-,-,3680.6000,3680.0000,3679.0000,3678.8000,3678.4000,3682.4000,3683.0000,3683.2000,3684.2000,3687.0000,2,1,1,1,1,1,1,2,1,1
SF,IF2009,2020-04-15 09:32:05.200,3681.0000,18386,0,113784420.000,0,-,-,-,-,3680.6000,3680.0000,3679.0000,3678.8000,3678.4000,3682.2000,3682.4000,3683.0000,3683.2000,3684.2000,2,1,1,1,1,2,1,1,2,1
SF,IF2009,2020-04-15 09:32:05.700,3681.0000,18386,0,113784420.000,0,-,-,-,-,3680.8000,3680.6000,3680.0000,3679.0000,3678.8000,3682.2000,3682.4000,3683.0000,3683.2000,3684.2000,1,2,1,1,1,2,1,1,2,1
SF,IF2009,2020-04-15 09:32:06.200,3681.0000,18386,0,113784420.000,0,-,-,-,-,3680.8000,3680.6000,3680.0000,3679.0000,3678.8000,3682.2000,3682.4000,3683.0000,3683.2000,3684.2000,1,2,1,1,1,1,1,1,2,1
SF,IF2009,2020-04-15 09:32:06.700,3681.0000,18386,0,113784420.000,0,-,-,-,-,3680.8000,3680.6000,3680.0000,3679.0000,3678.8000,3682.4000,3683.0000,3683.2000,3684.2000,3687.0000,1,2,1,1,1,1,1,2,1,1
SF,IF2009,2020-04-15 09:32:07.200,3681.0000,18386,0,113784420.000,0,-,-,-,-,3680.8000,3680.6000,3680.0000,3679.0000,3678.8000,3681.8000,3682.2000,3682.4000,3683.0000,3683.2000,1,2,1,1,1,1,1,1,1,2
SF,IF2009,2020-04-15 09:32:07.700,3681.0000,18386,0,113784420.000,0,-,-,-,-,3680.8000,3680.6000,3680.0000,3679.0000,3678.8000,3681.8000,3682.4000,3683.0000,3683.2000,3684.2000,1,2,1,1,1,1,1,1,2,1
SF,IF2009,2020-04-15 09:32:08.200,3681.0000,18386,0,113784420.000,0,-,-,-,-,3681.0000,3680.8000,3680.6000,3680.0000,3679.0000,3681.8000,3682.4000,3683.0000,3683.2000,3684.2000,1,1,2,1,1,1,1,1,2,1
SF,IF2009,2020-04-15 09:32:08.700,3681.0000,18386,0,113784420.000,0,-,-,-,-,3680.8000,3680.6000,3680.0000,3679.0000,3678.8000,3681.8000,3682.4000,3683.0000,3683.2000,3684.2000,1,2,1,1,1,1,1,1,2,1
SF,IF2009,2020-04-15 09:32:09.200,3681.0000,18386,0,113784420.000,0,-,-,-,-,3680.6000,3680.0000,3679.0000,3678.8000,3678.4000,3681.8000,3682.4000,3683.0000,3683.2000,3684.2000,2,1,1,1,1,1,1,1,2,1
SF,IF2009,2020-04-15 09:32:09.700,3681.0000,18386,0,113784420.000,0,-,-,-,-,3680.6000,3680.0000,3679.0000,3678.8000,3678.4000,3681.8000,3682.4000,3683.0000,3683.2000,3684.2000,2,1,1,1,1,1,1,1,2,1
SF,IF2009,2020-04-15 09:32:10.200,3681.0000,18386,0,113784420.000,0,-,-,-,-,3680.6000,3680.0000,3679.0000,3678.8000,3678.4000,3681.6000,3681.8000,3682.4000,3683.0000,3683.2000,2,1,1,1,1,1,1,1,1,2
SF,IF2009,2020-04-15 09:32:10.700,3681.0000,18386,0,113784420.000,0,-,-,-,-,3680.6000,3680.0000,3679.0000,3678.8000,3678.4000,3681.8000,3682.4000,3683.0000,3683.2000,3684.2000,2,1,1,1,1,1,1,1,2,1
SF,IF2009,2020-04-15 09:32:11.200,3681.0000,18386,0,113784420.000,0,-,-,-,-,3680.6000,3680.0000,3679.0000,3678.8000,3678.4000,3681.6000,3681.8000,3682.4000,3683.0000,3683.2000,2,1,1,1,1,1,1,1,1,2
SF,IF2009,2020-04-15 09:32:11.700,3680.6000,18385,-1,114888600.000,1,0,1,双平,S,3680.6000,3680.0000,3679.0000,3678.8000,3678.4000,3681.4000,3681.6000,3682.4000,3683.0000,3683.2000,1,1,1,1,1,1,1,1,1,2
SF,IF2009,2020-04-15 09:32:12.200,3680.6000,18385,0,114888600.000,0,-,-,-,-,3680.6000,3680.0000,3679.0000,3678.8000,3678.4000,3681.6000,3682.4000,3683.0000,3683.2000,3684.2000,1,1,1,1,1,1,1,1,2,1
SF,IF2009,2020-04-15 09:32:12.700,3680.6000,18385,0,114888600.000,0,-,-,-,-,3680.6000,3680.0000,3679.0000,3678.8000,3678.4000,3681.4000,3681.6000,3682.4000,3683.0000,3683.2000,1,1,1,1,1,1,1,1,1,2
SF,IF2009,2020-04-15 09:32:13.200,3680.6000,18385,0,114888600.000,0,-,-,-,-,3680.6000,3680.0000,3679.0000,3678.8000,3678.4000,3681.4000,3681.6000,3683.0000,3683.2000,3684.2000,1,1,1,1,1,1,1,1,2,1
SF,IF2009,2020-04-15 09:32:15.700,3680.6000,18385,0,114888600.000,0,-,-,-,-,3680.6000,3680.0000,3679.0000,3678.8000,3678.4000,3681.4000,3681.6000,3683.0000,3683.2000,3684.2000,1,1,1,1,1,1,1,1,2,1
SF,IF2009,2020-04-15 09:32:16.200,3680.6000,18385,0,115992780.000,1,0,1,多换,S,3680.0000,3679.0000,3678.8000,3678.4000,3678.0000,3680.6000,3681.4000,3683.0000,3683.2000,3684.2000,1,1,1,1,3,1,1,1,2,1
SF,IF2009,2020-04-15 09:32:16.700,3680.6000,18385,0,117096960.000,1,0,1,多换,S,3680.0000,3679.0000,3678.8000,3678.4000,3678.0000,3681.4000,3683.0000,3683.2000,3684.2000,3687.0000,1,1,1,1,3,1,1,2,1,1
SF,IF2009,2020-04-15 09:32:17.200,3680.6000,18385,0,117096960.000,0,-,-,-,-,3680.0000,3679.0000,3678.8000,3678.4000,3678.0000,3681.2000,3681.4000,3683.0000,3683.2000,3684.2000,1,1,1,1,3,1,1,1,2,1
SF,IF2009,2020-04-15 09:32:17.700,3681.2000,18386,1,118201320.000,1,1,0,双开,S,3680.0000,3679.0000,3678.8000,3678.4000,3678.0000,3681.0000,3681.4000,3683.0000,3683.2000,3684.2000,1,1,1,1,3,1,1,1,2,1
SF,IF2009,2020-04-15 09:32:18.200,3681.2000,18386,0,118201320.000,0,-,-,-,-,3680.0000,3679.0000,3678.8000,3678.4000,3678.0000,3681.4000,3683.0000,3683.2000,3684.2000,3687.0000,1,1,1,1,3,1,1,2,1,1
SF,IF2009,2020-04-15 09:32:18.700,3681.2000,18386,0,118201320.000,0,-,-,-,-,3680.0000,3679.0000,3678.8000,3678.4000,3678.0000,3681.2000,3681.4000,3683.0000,3683.2000,3684.2000,1,1,1,1,3,1,1,1,2,1
SF,IF2009,2020-04-15 09:32:19.200,3681.2000,18386,0,118201320.000,0,-,-,-,-,3680.0000,3679.0000,3678.8000,3678.4000,3678.0000,3681.0000,3681.4000,3683.0000,3683.2000,3684.2000,1,1,1,1,3,1,1,1,2,1
SF,IF2009,2020-04-15 09:32:19.700,3681.2000,18386,0,118201320.000,0,-,-,-,-,3680.0000,3679.0000,3678.8000,3678.4000,3678.0000,3680.8000,3681.2000,3681.4000,3683.0000,3683.2000,1,1,1,1,3,2,1,1,1,2
SF,IF2009,2020-04-15 09:32:21.200,3681.2000,18386,0,118201320.000,0,-,-,-,-,3680.0000,3679.0000,3678.8000,3678.4000,3678.0000,3680.8000,3681.2000,3683.0000,3683.2000,3684.2000,1,1,1,1,3,2,1,1,2,1
SF,IF2009,2020-04-15 09:32:21.700,3681.2000,18386,0,118201320.000,0,-,-,-,-,3680.0000,3679.0000,3678.8000,3678.4000,3678.0000,3680.8000,3681.2000,3683.0000,3683.2000,3684.2000,1,1,1,1,3,1,1,1,2,1
SF,IF2009,2020-04-15 09:32:22.200,3681.2000,18386,0,118201320.000,0,-,-,-,-,3680.0000,3679.0000,3678.8000,3678.4000,3678.0000,3680.8000,3681.2000,3682.8000,3683.0000,3683.2000,1,1,1,1,3,1,1,1,1,2
SF,IF2009,2020-04-15 09:32:23.200,3680.0000,18385,-1,119305320.000,1,0,1,双平,S,3679.0000,3678.8000,3678.4000,3678.0000,3676.6000,3680.8000,3681.2000,3682.8000,3683.0000,3683.2000,1,1,1,3,1,1,1,1,1,2
SF,IF2009,2020-04-15 09:32:23.700,3680.0000,18385,0,119305320.000,0,-,-,-,-,3679.2000,3679.0000,3678.8000,3678.4000,3678.0000,3680.8000,3681.2000,3682.8000,3683.0000,3683.2000,2,1,1,1,3,1,1,1,1,2
SF,IF2009,2020-04-15 09:32:24.200,3680.0000,18385,0,119305320.000,0,-,-,-,-,3679.2000,3679.0000,3678.8000,3678.4000,3678.0000,3680.8000,3681.2000,3682.8000,3683.0000,3683.2000,2,1,1,1,3,1,1,1,1,2
SF,IF2009,2020-04-15 09:32:24.700,3679.2000,18386,1,120409080.000,1,1,0,双开,S,3679.2000,3679.0000,3678.8000,3678.4000,3678.0000,3680.6000,3680.8000,3681.2000,3682.8000,3683.0000,1,1,1,1,3,1,1,1,1,1
SF,IF2009,2020-04-15 09:32:25.200,3679.2000,18386,0,120409080.000,0,-,-,-,-,3679.2000,3679.0000,3678.8000,3678.4000,3678.0000,3680.4000,3680.8000,3681.2000,3682.8000,3683.0000,1,1,1,1,3,1,1,1,1,1
SF,IF2009,2020-04-15 09:32:25.700,3679.2000,18386,0,120409080.000,0,-,-,-,-,3679.2000,3679.0000,3678.8000,3678.4000,3678.0000,3680.2000,3680.8000,3681.2000,3682.8000,3683.0000,1,1,1,1,3,1,1,1,1,1
SF,IF2009,2020-04-15 09:32:26.200,3679.2000,18385,-1,121512840.000,1,0,1,双平,S,3679.0000,3678.8000,3678.4000,3678.0000,3676.6000,3680.8000,3681.2000,3682.8000,3683.0000,3683.2000,1,1,1,3,1,1,1,1,1,2
SF,IF2009,2020-04-15 09:32:26.700,3679.2000,18385,0,121512840.000,0,-,-,-,-,3679.2000,3679.0000,3678.8000,3678.4000,3678.0000,3680.6000,3680.8000,3681.2000,3682.8000,3683.0000,1,1,1,1,3,2,1,1,1,1
SF,IF2009,2020-04-15 09:32:29.200,3679.2000,18385,0,121512840.000,0,-,-,-,-,3679.2000,3679.0000,3678.8000,3678.4000,3678.0000,3680.6000,3681.2000,3682.8000,3683.0000,3683.2000,1,1,1,1,3,3,1,1,1,2
SF,IF2009,2020-04-15 09:32:29.700,3679.2000,18385,0,121512840.000,0,-,-,-,-,3679.2000,3679.0000,3678.8000,3678.4000,3678.0000,3680.6000,3682.8000,3683.0000,3683.2000,3684.2000,1,1,1,1,3,3,1,1,2,1
SF,IF2009,2020-04-15 09:32:30.700,3680.6000,18385,0,122617020.000,1,0,1,多换,S,3679.2000,3679.0000,3678.8000,3678.4000,3678.0000,3680.4000,3680.6000,3682.8000,3683.0000,3683.2000,1,1,1,1,3,1,2,1,1,2
SF,IF2009,2020-04-15 09:32:31.200,3680.6000,18385,0,122617020.000,0,-,-,-,-,3679.2000,3679.0000,3678.8000,3678.4000,3678.0000,3680.6000,3682.8000,3683.0000,3683.2000,3684.2000,1,1,1,1,3,2,1,1,2,1
SF,IF2009,2020-04-15 09:32:32.200,3680.6000,18385,0,122617020.000,0,-,-,-,-,3679.2000,3679.0000,3678.8000,3678.4000,3678.0000,3680.6000,3682.8000,3683.2000,3684.2000,3687.0000,1,1,1,1,3,2,1,2,1,1
SF,IF2009,2020-04-15 09:32:34.200,3679.2000,18384,-1,123720780.000,1,0,1,双平,S,3679.0000,3678.8000,3678.4000,3678.0000,3677.8000,3680.6000,3682.8000,3683.2000,3684.2000,3687.0000,1,1,1,3,1,2,1,2,1,1
SF,IF2009,2020-04-15 09:32:34.700,3679.2000,18384,0,123720780.000,0,-,-,-,-,3679.2000,3679.0000,3678.8000,3678.4000,3678.0000,3680.6000,3682.8000,3683.2000,3684.2000,3687.0000,2,1,1,1,3,2,1,2,1,1
SF,IF2009,2020-04-15 09:32:35.200,3679.2000,18384,0,123720780.000,0,-,-,-,-,3679.2000,3679.0000,3678.8000,3678.4000,3678.0000,3680.6000,3682.8000,3683.2000,3684.2000,3687.0000,2,1,1,1,3,2,1,2,1,1
SF,IF2009,2020-04-15 09:32:36.200,3679.2000,18384,0,123720780.000,0,-,-,-,-,3679.2000,3679.0000,3678.8000,3678.4000,3678.0000,3680.4000,3680.6000,3682.8000,3683.2000,3684.2000,1,1,1,1,3,1,2,1,2,1
SF,IF2009,2020-04-15 09:32:36.700,3679.2000,18384,0,123720780.000,0,-,-,-,-,3679.2000,3679.0000,3678.8000,3678.4000,3678.0000,3680.6000,3682.8000,3683.2000,3684.2000,3687.0000,1,1,1,1,3,2,1,2,1,1
SF,IF2009,2020-04-15 09:32:39.200,3679.2000,18384,0,123720780.000,0,-,-,-,-,3679.4000,3679.2000,3679.0000,3678.8000,3678.4000,3680.6000,3682.8000,3683.2000,3684.2000,3687.0000,1,1,1,1,1,2,1,2,1,1
SF,IF2009,2020-04-15 09:32:39.700,3679.2000,18384,0,123720780.000,0,-,-,-,-,3679.6000,3679.0000,3678.8000,3678.4000,3678.0000,3680.6000,3682.8000,3683.2000,3684.2000,3687.0000,1,1,1,1,3,1,1,2,1,1
SF,IF2009,2020-04-15 09:32:41.200,3679.2000,18384,0,123720780.000,0,-,-,-,-,3679.6000,3679.0000,3678.8000,3678.4000,3678.0000,3680.6000,3682.8000,3683.2000,3684.2000,3687.0000,1,1,1,1,3,1,1,2,1,1
SF,IF2009,2020-04-15 09:32:42.200,3679.2000,18384,0,123720780.000,0,-,-,-,-,3680.0000,3679.8000,3679.6000,3679.0000,3678.8000,3680.6000,3682.8000,3683.2000,3684.2000,3687.0000,3,1,1,1,1,1,1,2,1,1
SF,IF2009,2020-04-15 09:32:42.700,3679.2000,18384,0,123720780.000,0,-,-,-,-,3680.0000,3679.6000,3679.0000,3678.8000,3678.4000,3680.6000,3682.8000,3683.2000,3684.2000,3687.0000,3,1,1,1,1,1,1,2,1,1
SF,IF2009,2020-04-15 09:32:43.700,3680.0000,18384,0,124824780.000,1,0,1,多换,S,3680.0000,3679.6000,3679.0000,3678.8000,3678.4000,3680.6000,3682.8000,3683.2000,3684.2000,3687.0000,2,1,1,1,1,1,1,2,1,1
SF,IF2009,2020-04-15 09:32:44.700,3680.0000,18384,0,124824780.000,0,-,-,-,-,3680.0000,3679.6000,3679.0000,3678.8000,3678.4000,3680.4000,3680.6000,3682.8000,3683.2000,3684.2000,4,1,1,1,1,1,1,1,2,1
SF,IF2009,2020-04-15 09:32:45.200,3680.0000,18384,0,124824780.000,0,-,-,-,-,3680.0000,3679.6000,3679.0000,3678.8000,3678.4000,3680.4000,3682.8000,3683.2000,3684.2000,3687.0000,4,1,1,1,1,2,1,2,1,1
SF,IF2009,2020-04-15 09:32:48.700,3680.0000,18384,0,127032780.000,2,1,1,多换,S,3680.0000,3679.6000,3679.0000,3678.8000,3678.4000,3680.4000,3682.8000,3683.2000,3684.2000,3687.0000,2,1,1,1,1,2,1,2,1,1
SF,IF2009,2020-04-15 09:32:49.200,3680.0000,18384,0,129240780.000,2,1,1,多换,S,3679.0000,3678.8000,3678.4000,3678.0000,3677.8000,3680.0000,3680.4000,3682.8000,3683.2000,3684.2000,1,1,1,3,1,1,2,1,2,1
SF,IF2009,2020-04-15 09:32:49.700,3680.0000,18384,0,129240780.000,0,-,-,-,-,3679.2000,3679.0000,3678.8000,3678.4000,3678.0000,3680.0000,3680.4000,3682.8000,3683.2000,3684.2000,2,1,1,1,3,2,2,1,2,1
SF,IF2009,2020-04-15 09:32:50.200,3680.0000,18384,0,129240780.000,0,-,-,-,-,3679.2000,3679.0000,3678.8000,3678.4000,3678.0000,3680.0000,3680.4000,3682.8000,3683.2000,3684.2000,1,1,1,1,3,2,2,1,2,1
SF,IF2009,2020-04-15 09:32:50.700,3680.0000,18384,0,129240780.000,0,-,-,-,-,3679.0000,3678.8000,3678.4000,3678.0000,3677.8000,3680.0000,3680.4000,3682.8000,3683.2000,3684.2000,1,1,1,3,1,2,2,1,2,1
SF,IF2009,2020-04-15 09:32:51.200,3680.0000,18384,0,129240780.000,0,-,-,-,-,3679.0000,3678.8000,3678.4000,3678.0000,3677.8000,3680.0000,3680.4000,3682.8000,3683.2000,3684.2000,1,1,1,3,1,2,2,1,2,1
SF,IF2009,2020-04-15 09:32:52.200,3680.0000,18384,0,129240780.000,0,-,-,-,-,3679.0000,3678.8000,3678.4000,3678.0000,3677.8000,3680.0000,3680.4000,3682.8000,3683.2000,3684.2000,2,1,1,3,1,2,2,1,2,1
SF,IF2009,2020-04-15 09:32:53.200,3680.0000,18384,0,129240780.000,0,-,-,-,-,3679.0000,3678.8000,3678.4000,3678.0000,3677.8000,3680.0000,3680.4000,3682.8000,3683.2000,3684.2000,2,1,1,3,1,3,1,1,2,1
SF,IF2009,2020-04-15 09:32:53.700,3680.0000,18384,0,129240780.000,0,-,-,-,-,3679.0000,3678.8000,3678.4000,3678.0000,3677.8000,3680.0000,3680.4000,3682.8000,3683.2000,3684.2000,2,1,1,3,1,3,1,1,2,1
SF,IF2009,2020-04-15 09:32:54.200,3679.0000,18385,1,130344480.000,1,1,0,双开,S,3679.0000,3678.8000,3678.4000,3678.0000,3677.8000,3680.0000,3680.4000,3682.8000,3683.2000,3684.2000,1,1,1,3,1,3,1,1,2,1
SF,IF2009,2020-04-15 09:32:55.200,3679.0000,18385,0,130344480.000,0,-,-,-,-,3679.0000,3678.8000,3678.4000,3678.0000,3677.8000,3680.0000,3680.4000,3682.8000,3683.2000,3684.2000,1,1,1,3,1,3,1,1,2,1
SF,IF2009,2020-04-15 09:32:56.700,3679.0000,18385,0,130344480.000,0,-,-,-,-,3679.0000,3678.8000,3678.4000,3678.0000,3677.8000,3680.0000,3680.4000,3682.8000,3683.2000,3684.2000,1,1,1,3,1,2,1,1,2,1
SF,IF2009,2020-04-15 09:32:57.200,3679.0000,18385,0,130344480.000,0,-,-,-,-,3679.0000,3678.8000,3678.4000,3678.0000,3677.8000,3680.0000,3680.4000,3682.8000,3683.2000,3684.2000,1,1,1,3,1,2,1,1,2,1
SF,IF2009,2020-04-15 09:32:57.700,3680.0000,18383,-2,132552480.000,2,0,2,双平,S,3679.2000,3679.0000,3678.8000,3678.4000,3678.0000,3680.4000,3682.8000,3683.2000,3684.2000,3687.0000,1,1,1,1,3,1,1,2,1,1
SF,IF2009,2020-04-15 09:32:58.200,3680.4000,18382,-1,133656600.000,1,0,1,双平,S,3679.2000,3679.0000,3678.8000,3678.4000,3678.0000,3682.8000,3683.2000,3684.2000,3687.0000,3688.0000,1,1,1,1,3,1,2,1,1,2
SF,IF2009,2020-04-15 09:32:58.700,3680.4000,18382,0,133656600.000,0,-,-,-,-,3679.4000,3679.2000,3679.0000,3678.8000,3678.4000,3681.8000,3682.0000,3682.6000,3682.8000,3683.2000,2,1,1,1,1,1,1,2,1,2
SF,IF2009,2020-04-15 09:32:59.200,3680.4000,18382,0,133656600.000,0,-,-,-,-,3679.6000,3679.4000,3679.0000,3678.8000,3678.4000,3681.6000,3681.8000,3682.0000,3682.6000,3682.8000,1,1,1,1,1,1,1,1,2,1
SF,IF2009,2020-04-15 09:32:59.700,3680.4000,18382,0,133656600.000,0,-,-,-,-,3679.8000,3679.6000,3679.0000,3678.8000,3678.4000,3681.4000,3681.6000,3681.8000,3682.0000,3682.6000,1,1,1,1,1,1,1,1,1,2
SF,IF2009,2020-04-15 09:33:00.200,3680.0000,18381,-1,135864600.000,2,0,2,多平,S,3679.8000,3679.0000,3678.8000,3678.4000,3678.0000,3681.2000,3681.8000,3682.6000,3682.8000,3683.2000,1,1,1,1,3,2,1,2,1,2
SF,IF2009,2020-04-15 09:33:00.700,3680.0000,18381,0,135864600.000,0,-,-,-,-,3679.0000,3678.8000,3678.4000,3678.0000,3677.8000,3681.2000,3681.8000,3682.6000,3682.8000,3683.2000,1,1,1,3,1,2,1,2,1,2
SF,IF2009,2020-04-15 09:33:01.200,3680.0000,18381,0,135864600.000,0,-,-,-,-,3679.2000,3679.0000,3678.8000,3678.4000,3678.0000,3681.2000,3681.8000,3682.6000,3682.8000,3683.2000,2,1,1,1,3,1,1,2,1,2
SF,IF2009,2020-04-15 09:33:01.700,3680.0000,18381,0,135864600.000,0,-,-,-,-,3679.4000,3679.2000,3679.0000,3678.8000,3678.4000,3681.0000,3681.2000,3681.8000,3682.6000,3682.8000,1,2,1,1,1,1,1,1,2,1
SF,IF2009,2020-04-15 09:33:02.200,3680.0000,18381,0,135864600.000,0,-,-,-,-,3679.6000,3679.4000,3679.2000,3679.0000,3678.8000,3680.8000,3681.8000,3682.6000,3682.8000,3683.2000,1,1,1,1,1,2,1,2,1,2
SF,IF2009,2020-04-15 09:33:02.700,3680.0000,18381,0,135864600.000,0,-,-,-,-,3680.2000,3679.6000,3679.2000,3679.0000,3678.8000,3680.8000,3681.8000,3682.6000,3682.8000,3683.2000,1,1,1,1,1,2,1,2,1,2
SF,IF2009,2020-04-15 09:33:03.700,3680.0000,18381,0,135864600.000,0,-,-,-,-,3680.2000,3679.6000,3679.2000,3679.0000,3678.8000,3680.8000,3681.8000,3682.6000,3682.8000,3683.2000,1,1,1,1,1,1,1,2,1,2
SF,IF2009,2020-04-15 09:33:04.200,3680.0000,18381,0,135864600.000,0,-,-,-,-,3680.2000,3679.6000,3679.2000,3679.0000,3678.8000,3682.6000,3682.8000,3683.2000,3684.2000,3685.0000,1,1,1,1,1,2,1,2,1,2
SF,IF2009,2020-04-15 09:33:04.700,3680.0000,18381,0,135864600.000,0,-,-,-,-,3680.4000,3680.2000,3679.0000,3678.8000,3678.4000,3682.4000,3682.6000,3682.8000,3683.2000,3684.2000,2,1,1,1,1,1,2,1,2,1
SF,IF2009,2020-04-15 09:33:05.200,3680.0000,18381,0,135864600.000,0,-,-,-,-,3680.4000,3680.2000,3679.2000,3679.0000,3678.8000,3682.2000,3682.4000,3682.6000,3682.8000,3683.2000,2,1,2,1,1,1,1,1,1,2
SF,IF2009,2020-04-15 09:33:05.700,3680.0000,18381,0,136968600.000,1,0,1,多换,S,3680.2000,3679.2000,3679.0000,3678.8000,3678.4000,3682.0000,3682.6000,3682.8000,3683.2000,3684.2000,1,2,1,1,1,2,1,1,2,1
SF,IF2009,2020-04-15 09:33:06.200,3680.0000,18381,0,136968600.000,0,-,-,-,-,3680.2000,3679.2000,3679.0000,3678.8000,3678.4000,3682.0000,3682.6000,3682.8000,3683.2000,3684.2000,1,2,1,1,1,3,1,1,2,1
SF,IF2009,2020-04-15 09:33:06.700,3680.0000,18381,0,136968600.000,0,-,-,-,-,3680.4000,3680.2000,3679.2000,3679.0000,3678.8000,3682.0000,3682.6000,3682.8000,3683.2000,3684.2000,1,1,2,1,1,3,1,1,2,1
SF,IF2009,2020-04-15 09:33:07.200,3680.0000,18381,0,136968600.000,0,-,-,-,-,3680.4000,3680.2000,3679.2000,3679.0000,3678.8000,3681.8000,3682.0000,3682.6000,3682.8000,3683.2000,1,1,2,1,1,1,2,1,1,2
SF,IF2009,2020-04-15 09:33:07.700,3680.0000,18381,0,136968600.000,0,-,-,-,-,3679.2000,3679.0000,3678.8000,3678.4000,3678.0000,3681.6000,3681.8000,3682.6000,3682.8000,3683.2000,2,1,1,1,3,2,1,1,1,2
SF,IF2009,2020-04-15 09:33:08.200,3680.0000,18381,0,136968600.000,0,-,-,-,-,3680.6000,3679.4000,3679.2000,3679.0000,3678.8000,3681.4000,3681.6000,3681.8000,3682.6000,3682.8000,1,1,2,1,1,2,1,1,1,1
SF,IF2009,2020-04-15 09:33:08.700,3680.6000,18381,0,138072780.000,1,0,1,多换,S,3679.4000,3679.2000,3679.0000,3678.8000,3678.4000,3681.2000,3681.4000,3681.8000,3682.6000,3682.8000,1,2,1,1,1,2,1,1,1,1
SF,IF2009,2020-04-15 09:33:09.200,3679.4000,18381,0,139176600.000,1,0,1,多换,S,3679.2000,3679.0000,3678.8000,3678.4000,3678.0000,3681.2000,3681.8000,3682.6000,3682.8000,3683.2000,2,1,1,1,3,2,1,1,1,2
SF,IF2009,2020-04-15 09:33:09.700,3679.4000,18381,0,139176600.000,0,-,-,-,-,3679.4000,3679.2000,3679.0000,3678.8000,3678.4000,3680.2000,3681.0000,3681.2000,3681.8000,3682.6000,1,2,1,1,1,1,1,2,1,1
SF,IF2009,2020-04-15 09:33:10.200,3680.2000,18380,-1,140280660.000,1,0,1,双平,S,3679.4000,3679.2000,3679.0000,3678.8000,3678.4000,3681.0000,3681.2000,3681.8000,3682.6000,3682.8000,1,2,1,1,1,1,1,1,1,1
SF,IF2009,2020-04-15 09:33:10.700,3679.6000,18380,0,141384540.000,1,0,1,多换,S,3679.4000,3679.2000,3679.0000,3678.8000,3678.4000,3680.8000,3681.0000,3681.8000,3682.6000,3682.8000,1,2,1,1,1,2,1,1,1,1
SF,IF2009,2020-04-15 09:33:11.200,3679.6000,18380,0,141384540.000,0,-,-,-,-,3679.4000,3679.2000,3679.0000,3678.8000,3678.4000,3681.0000,3682.6000,3682.8000,3683.2000,3684.2000,1,2,1,1,1,1,1,1,2,1
SF,IF2009,2020-04-15 09:33:11.700,3681.0000,18379,-1,142488840.000,1,0,1,双平,S,3679.4000,3679.2000,3679.0000,3678.8000,3678.4000,3682.6000,3682.8000,3683.2000,3684.2000,3685.0000,1,2,1,1,1,1,1,2,1,1
SF,IF2009,2020-04-15 09:33:12.200,3681.0000,18379,0,142488840.000,0,-,-,-,-,3679.6000,3679.4000,3679.2000,3679.0000,3678.8000,3682.4000,3682.6000,3682.8000,3683.2000,3684.2000,2,1,2,1,1,1,1,1,2,1
SF,IF2009,2020-04-15 09:33:12.700,3681.0000,18379,0,142488840.000,0,-,-,-,-,3679.8000,3679.6000,3679.2000,3679.0000,3678.8000,3682.4000,3682.6000,3682.8000,3683.2000,3684.2000,1,3,2,1,1,1,1,1,2,1
SF,IF2009,2020-04-15 09:33:13.200,3681.0000,18379,0,142488840.000,0,-,-,-,-,3680.0000,3679.8000,3679.6000,3679.2000,3679.0000,3682.4000,3682.8000,3683.2000,3684.2000,3685.0000,2,1,2,2,1,1,1,2,1,1
SF,IF2009,2020-04-15 09:33:13.700,3681.0000,18379,0,142488840.000,0,-,-,-,-,3680.2000,3680.0000,3679.6000,3679.2000,3679.0000,3682.4000,3682.8000,3683.2000,3684.2000,3685.0000,1,2,2,2,1,1,1,2,1,1
SF,IF2009,2020-04-15 09:33:14.200,3681.0000,18379,0,142488840.000,0,-,-,-,-,3680.4000,3680.2000,3679.6000,3679.2000,3679.0000,3682.4000,3682.8000,3683.2000,3684.2000,3685.0000,2,1,2,2,1,1,1,2,1,1
SF,IF2009,2020-04-15 09:33:14.700,3681.0000,18379,0,142488840.000,0,-,-,-,-,3680.6000,3680.4000,3679.6000,3679.2000,3679.0000,3682.2000,3682.4000,3682.8000,3683.2000,3684.2000,1,2,1,2,1,1,1,1,2,1
SF,IF2009,2020-04-15 09:33:15.200,3681.0000,18379,0,142488840.000,0,-,-,-,-,3680.6000,3680.4000,3679.6000,3679.2000,3679.0000,3682.0000,3682.8000,3683.2000,3684.2000,3685.0000,1,1,1,2,1,2,1,2,1,1
SF,IF2009,2020-04-15 09:33:15.700,3681.0000,18379,0,142488840.000,0,-,-,-,-,3680.6000,3680.4000,3679.6000,3679.2000,3679.0000,3682.0000,3682.8000,3683.2000,3684.2000,3685.0000,2,1,1,2,1,2,1,2,1,1
SF,IF2009,2020-04-15 09:33:16.200,3681.0000,18379,0,142488840.000,0,-,-,-,-,3680.4000,3679.6000,3679.2000,3679.0000,3678.8000,3682.0000,3682.8000,3683.2000,3684.2000,3685.0000,1,1,2,1,1,2,1,2,1,1
SF,IF2009,2020-04-15 09:33:16.700,3681.0000,18379,0,142488840.000,0,-,-,-,-,3680.6000,3680.4000,3679.6000,3679.2000,3679.0000,3682.0000,3682.8000,3683.2000,3684.2000,3685.0000,1,2,1,2,1,2,1,2,1,1
SF,IF2009,2020-04-15 09:33:17.200,3681.0000,18379,0,142488840.000,0,-,-,-,-,3680.6000,3680.4000,3679.6000,3679.2000,3679.0000,3682.0000,3682.8000,3683.2000,3684.2000,3685.0000,2,1,1,2,1,2,1,2,1,1
SF,IF2009,2020-04-15 09:33:20.700,3682.0000,18379,0,143593440.000,1,0,1,多换,S,3680.6000,3680.4000,3679.6000,3679.2000,3679.0000,3682.0000,3682.8000,3683.2000,3684.2000,3685.0000,2,1,1,2,1,1,1,2,1,1
SF,IF2009,2020-04-15 09:33:21.200,3680.6000,18377,-2,145801800.000,2,0,2,双平,S,3680.4000,3679.2000,3679.0000,3678.8000,3678.4000,3681.4000,3681.8000,3682.0000,3682.8000,3683.2000,1,2,1,1,1,1,1,1,1,2
SF,IF2009,2020-04-15 09:33:21.700,3680.6000,18377,0,145801800.000,0,-,-,-,-,3680.8000,3679.2000,3679.0000,3678.8000,3678.4000,3681.2000,3681.4000,3682.0000,3682.8000,3683.2000,1,2,1,1,1,2,1,1,1,2
SF,IF2009,2020-04-15 09:33:22.200,3680.8000,18377,0,146906040.000,1,0,1,多换,S,3679.2000,3679.0000,3678.8000,3678.4000,3678.0000,3681.2000,3681.4000,3682.0000,3682.8000,3683.2000,2,1,1,1,3,2,1,1,1,2
SF,IF2009,2020-04-15 09:33:22.700,3679.4000,18377,0,148009860.000,1,0,1,多换,S,3679.4000,3679.2000,3679.0000,3678.8000,3678.4000,3681.2000,3681.4000,3682.0000,3682.8000,3683.2000,1,2,1,1,1,2,1,1,1,2
SF,IF2009,2020-04-15 09:33:23.200,3681.2000,18377,0,150218580.000,2,1,1,多换,S,3679.6000,3679.4000,3679.2000,3679.0000,3678.8000,3680.6000,3681.0000,3682.0000,3682.8000,3683.2000,2,1,2,1,1,1,1,1,1,2
SF,IF2009,2020-04-15 09:33:23.700,3679.6000,18377,0,151322460.000,1,0,1,多换,S,3679.6000,3679.2000,3679.0000,3678.8000,3678.4000,3680.4000,3680.6000,3682.0000,3682.8000,3683.2000,1,2,1,1,1,1,1,1,1,2
SF,IF2009,2020-04-15 09:33:24.200,3680.4000,18377,0,152426580.000,1,0,1,多换,S,3679.8000,3679.6000,3679.2000,3679.0000,3678.8000,3680.6000,3682.0000,3682.8000,3683.2000,3684.2000,2,1,2,1,1,1,1,1,2,1
SF,IF2009,2020-04-15 09:33:25.200,3680.4000,18377,0,152426580.000,0,-,-,-,-,3679.8000,3679.6000,3679.2000,3679.0000,3678.8000,3680.6000,3682.0000,3682.8000,3683.2000,3684.2000,2,1,2,1,1,1,1,1,2,1
SF,IF2009,2020-04-15 09:33:26.200,3680.4000,18377,0,152426580.000,0,-,-,-,-,3679.8000,3679.6000,3679.2000,3679.0000,3678.8000,3680.6000,3682.0000,3682.8000,3683.2000,3684.2000,1,1,2,1,1,1,1,1,2,1
SF,IF2009,2020-04-15 09:33:26.700,3679.8000,18376,-1,153530520.000,1,0,1,双平,S,3679.6000,3679.2000,3679.0000,3678.8000,3678.4000,3680.4000,3680.6000,3682.0000,3682.8000,3683.2000,1,2,1,1,1,1,1,1,1,2
SF,IF2009,2020-04-15 09:33:27.200,3679.8000,18376,0,153530520.000,0,-,-,-,-,3679.6000,3679.2000,3679.0000,3678.8000,3678.4000,3680.4000,3680.6000,3682.0000,3682.8000,3683.2000,1,2,1,1,1,1,1,1,1,2
SF,IF2009,2020-04-15 09:33:27.700,3679.6000,18376,0,154634400.000,1,0,1,多换,S,3679.2000,3679.0000,3678.8000,3678.4000,3678.0000,3680.4000,3680.6000,3682.0000,3682.8000,3683.2000,2,1,1,1,3,1,1,1,1,2
SF,IF2009,2020-04-15 09:33:29.700,3679.2000,18376,0,155738160.000,1,0,1,多换,S,3679.2000,3679.0000,3678.8000,3678.4000,3678.0000,3680.4000,3680.6000,3682.0000,3682.8000,3683.2000,1,1,1,1,3,1,1,1,1,2
SF,IF2009,2020-04-15 09:33:30.200,3679.2000,18376,0,155738160.000,0,-,-,-,-,3679.2000,3679.0000,3678.8000,3678.4000,3678.0000,3680.4000,3680.6000,3682.0000,3682.8000,3683.2000,1,1,1,1,3,1,1,1,1,2
SF,IF2009,2020-04-15 09:33:30.700,3679.2000,18376,0,156841920.000,1,0,1,多换,S,3679.0000,3678.8000,3678.4000,3678.0000,3677.8000,3680.2000,3680.4000,3680.6000,3682.0000,3682.8000,1,1,1,3,1,1,1,1,1,1
SF,IF2009,2020-04-15 09:33:31.200,3679.2000,18376,0,156841920.000,0,-,-,-,-,3679.0000,3678.8000,3678.4000,3678.0000,3677.8000,3680.0000,3680.2000,3680.6000,3682.0000,3682.8000,1,1,1,3,1,1,1,1,1,1
SF,IF2009,2020-04-15 09:33:32.700,3679.2000,18376,0,156841920.000,0,-,-,-,-,3679.0000,3678.8000,3678.4000,3678.0000,3677.8000,3680.0000,3680.2000,3680.6000,3682.0000,3682.8000,1,1,1,3,1,1,1,1,1,1
SF,IF2009,2020-04-15 09:33:33.200,3679.2000,18376,0,156841920.000,0,-,-,-,-,3679.2000,3679.0000,3678.8000,3678.4000,3678.0000,3680.6000,3682.0000,3682.8000,3683.2000,3684.2000,2,1,1,1,3,1,1,1,2,1
SF,IF2009,2020-04-15 09:33:33.700,3679.2000,18376,0,156841920.000,0,-,-,-,-,3679.2000,3679.0000,3678.8000,3678.4000,3678.0000,3680.6000,3682.0000,3682.8000,3683.2000,3684.2000,2,1,1,1,3,1,1,1,2,1
SF,IF2009,2020-04-15 09:33:34.200,3679.2000,18376,0,156841920.000,0,-,-,-,-,3679.2000,3679.0000,3678.8000,3678.4000,3678.0000,3680.6000,3682.0000,3682.8000,3683.2000,3684.2000,2,1,1,1,3,1,1,1,2,1
SF,IF2009,2020-04-15 09:33:34.700,3679.2000,18376,0,156841920.000,0,-,-,-,-,3679.2000,3679.0000,3678.8000,3678.4000,3678.0000,3680.4000,3680.6000,3682.0000,3682.8000,3683.2000,2,1,1,1,3,1,1,1,1,2
SF,IF2009,2020-04-15 09:33:37.700,3679.2000,18376,0,156841920.000,0,-,-,-,-,3679.2000,3679.0000,3678.8000,3678.4000,3678.0000,3680.4000,3680.6000,3682.0000,3682.8000,3683.2000,2,1,1,1,3,1,1,1,1,2
SF,IF2009,2020-04-15 09:33:38.200,3679.2000,18376,0,156841920.000,0,-,-,-,-,3680.4000,3679.2000,3679.0000,3678.8000,3678.4000,3680.6000,3682.0000,3682.8000,3683.2000,3684.2000,1,2,1,1,1,1,1,1,2,1
SF,IF2009,2020-04-15 09:33:38.700,3680.4000,18376,0,157946040.000,1,0,1,多换,S,3679.2000,3679.0000,3678.8000,3678.4000,3678.0000,3680.6000,3682.0000,3682.8000,3683.2000,3684.2000,1,1,1,1,3,1,1,1,2,1
SF,IF2009,2020-04-15 09:33:39.200,3680.4000,18376,0,157946040.000,0,-,-,-,-,3679.4000,3679.2000,3679.0000,3678.8000,3678.4000,3680.6000,3682.0000,3682.8000,3683.2000,3684.2000,1,1,1,1,1,1,1,1,2,1
SF,IF2009,2020-04-15 09:33:39.700,3680.4000,18376,0,157946040.000,0,-,-,-,-,3679.6000,3679.2000,3679.0000,3678.8000,3678.4000,3680.2000,3680.6000,3682.0000,3682.8000,3683.2000,1,1,1,1,1,3,1,1,1,2
SF,IF2009,2020-04-15 09:33:40.200,3680.4000,18376,0,157946040.000,0,-,-,-,-,3679.2000,3679.0000,3678.8000,3678.4000,3678.0000,3680.6000,3682.0000,3682.8000,3683.2000,3684.2000,1,1,1,1,3,1,1,1,2,1
SF,IF2009,2020-04-15 09:33:40.700,3680.4000,18376,0,157946040.000,0,-,-,-,-,3679.4000,3679.2000,3679.0000,3678.8000,3678.4000,3680.6000,3682.0000,3682.8000,3683.2000,3684.2000,1,1,2,1,1,1,1,1,2,1
SF,IF2009,2020-04-15 09:33:41.200,3680.4000,18376,0,157946040.000,0,-,-,-,-,3679.2000,3679.0000,3678.8000,3678.4000,3678.0000,3680.4000,3680.6000,3682.0000,3682.8000,3683.2000,1,2,1,1,3,1,1,1,1,2
SF,IF2009,2020-04-15 09:33:41.700,3680.4000,18376,0,157946040.000,0,-,-,-,-,3679.4000,3679.2000,3679.0000,3678.8000,3678.4000,3680.4000,3680.6000,3682.0000,3682.8000,3683.2000,1,1,2,1,1,1,1,1,1,2
SF,IF2009,2020-04-15 09:33:42.200,3680.4000,18376,0,157946040.000,0,-,-,-,-,3679.6000,3679.2000,3679.0000,3678.8000,3678.4000,3680.6000,3682.0000,3682.8000,3683.2000,3684.2000,1,1,2,1,1,1,1,1,2,1
SF,IF2009,2020-04-15 09:33:42.700,3680.4000,18376,0,157946040.000,0,-,-,-,-,3679.8000,3679.2000,3679.0000,3678.8000,3678.4000,3680.6000,3682.0000,3682.8000,3683.2000,3684.2000,1,1,2,1,1,1,1,1,2,1
SF,IF2009,2020-04-15 09:33:43.200,3680.4000,18376,0,157946040.000,0,-,-,-,-,3679.2000,3679.0000,3678.8000,3678.4000,3678.0000,3680.6000,3682.0000,3682.8000,3683.2000,3684.2000,1,2,1,1,3,1,1,1,2,1
SF,IF2009,2020-04-15 09:33:43.700,3680.4000,18376,0,157946040.000,0,-,-,-,-,3679.4000,3679.2000,3679.0000,3678.8000,3678.4000,3680.6000,3682.0000,3682.8000,3683.2000,3684.2000,1,1,2,1,1,1,1,1,2,1
SF,IF2009,2020-04-15 09:33:44.200,3680.4000,18376,0,157946040.000,0,-,-,-,-,3679.6000,3679.2000,3679.0000,3678.8000,3678.4000,3680.6000,3682.0000,3682.8000,3683.2000,3684.2000,1,1,2,1,1,1,1,1,2,1
SF,IF2009,2020-04-15 09:33:44.700,3680.4000,18376,0,157946040.000,0,-,-,-,-,3679.2000,3679.0000,3678.8000,3678.4000,3678.0000,3680.6000,3682.0000,3682.8000,3683.2000,3684.2000,1,2,1,1,3,1,1,1,2,1
SF,IF2009,2020-04-15 09:33:45.200,3680.4000,18376,0,157946040.000,0,-,-,-,-,3679.4000,3679.2000,3679.0000,3678.8000,3678.4000,3680.4000,3680.6000,3682.0000,3682.8000,3683.2000,1,1,2,1,1,1,1,1,1,2
SF,IF2009,2020-04-15 09:33:45.700,3680.4000,18376,0,157946040.000,0,-,-,-,-,3679.2000,3679.0000,3678.8000,3678.4000,3678.0000,3680.2000,3680.4000,3680.6000,3682.0000,3682.8000,1,2,1,1,3,2,1,1,1,1
SF,IF2009,2020-04-15 09:33:46.200,3680.4000,18376,0,157946040.000,0,-,-,-,-,3679.0000,3678.8000,3678.4000,3678.0000,3677.8000,3680.2000,3680.4000,3680.6000,3682.0000,3682.8000,2,1,1,3,1,3,1,1,1,1
SF,IF2009,2020-04-15 09:33:46.700,3680.4000,18376,0,157946040.000,0,-,-,-,-,3679.2000,3679.0000,3678.8000,3678.4000,3678.0000,3680.0000,3680.2000,3680.4000,3680.6000,3682.0000,1,2,1,1,3,1,2,1,1,1
SF,IF2009,2020-04-15 09:33:47.200,3680.4000,18376,0,157946040.000,0,-,-,-,-,3679.0000,3678.8000,3678.4000,3678.0000,3677.8000,3680.0000,3680.2000,3680.4000,3680.6000,3682.0000,2,1,1,3,1,1,2,1,1,1
SF,IF2009,2020-04-15 09:33:47.700,3680.4000,18376,0,157946040.000,0,-,-,-,-,3679.2000,3679.0000,3678.8000,3678.4000,3678.0000,3680.2000,3680.4000,3680.6000,3682.0000,3682.8000,1,2,1,1,3,2,1,1,1,1
SF,IF2009,2020-04-15 09:33:48.200,3680.4000,18376,0,157946040.000,0,-,-,-,-,3679.0000,3678.8000,3678.4000,3678.0000,3677.8000,3680.2000,3680.4000,3680.6000,3682.0000,3682.8000,2,1,1,3,1,2,1,1,1,1
SF,IF2009,2020-04-15 09:33:48.700,3680.4000,18376,0,157946040.000,0,-,-,-,-,3679.2000,3679.0000,3678.8000,3678.4000,3678.0000,3680.2000,3680.4000,3680.6000,3682.0000,3682.8000,1,2,1,1,3,2,1,1,1,1
SF,IF2009,2020-04-15 09:33:49.200,3680.4000,18376,0,157946040.000,0,-,-,-,-,3679.0000,3678.8000,3678.4000,3678.0000,3677.8000,3680.2000,3680.4000,3680.6000,3682.0000,3682.8000,2,1,1,3,1,2,1,1,1,1
SF,IF2009,2020-04-15 09:33:50.200,3680.4000,18376,0,157946040.000,0,-,-,-,-,3679.2000,3679.0000,3678.8000,3678.4000,3678.0000,3680.4000,3680.6000,3682.0000,3682.8000,3683.2000,1,2,1,1,3,1,1,1,1,2
SF,IF2009,2020-04-15 09:33:50.700,3680.4000,18376,0,157946040.000,0,-,-,-,-,3679.0000,3678.8000,3678.4000,3678.0000,3677.8000,3679.8000,3680.0000,3680.4000,3680.6000,3682.0000,2,1,1,3,1,2,1,2,1,1
SF,IF2009,2020-04-15 09:33:52.200,3680.4000,18376,0,157946040.000,0,-,-,-,-,3679.2000,3679.0000,3678.8000,3678.4000,3678.0000,3680.0000,3680.4000,3680.6000,3682.0000,3682.8000,1,2,1,1,3,1,2,1,1,1
SF,IF2009,2020-04-15 09:33:52.700,3680.4000,18376,0,157946040.000,0,-,-,-,-,3679.0000,3678.8000,3678.4000,3678.0000,3677.8000,3680.0000,3680.4000,3680.6000,3682.0000,3682.8000,2,1,1,3,1,1,2,1,1,1
SF,IF2009,2020-04-15 09:33:53.200,3680.4000,18376,0,157946040.000,0,-,-,-,-,3679.0000,3678.8000,3678.4000,3678.0000,3677.8000,3680.0000,3680.4000,3680.6000,3682.0000,3682.8000,2,1,1,3,1,1,2,1,1,1
SF,IF2009,2020-04-15 09:33:54.200,3680.4000,18376,0,157946040.000,0,-,-,-,-,3679.2000,3679.0000,3678.8000,3678.4000,3678.0000,3680.0000,3680.4000,3680.6000,3682.0000,3682.8000,1,2,1,1,3,1,2,1,1,1
SF,IF2009,2020-04-15 09:33:54.700,3680.4000,18376,0,157946040.000,0,-,-,-,-,3679.0000,3678.8000,3678.4000,3678.0000,3677.8000,3680.0000,3680.4000,3680.6000,3682.0000,3682.8000,2,1,1,3,1,1,2,1,1,1
SF,IF2009,2020-04-15 09:33:55.200,3679.2000,18376,0,159049800.000,1,0,1,多换,S,3679.0000,3678.8000,3678.4000,3678.0000,3677.8000,3680.0000,3680.4000,3680.6000,3682.0000,3682.8000,2,1,1,3,1,1,2,1,1,1
SF,IF2009,2020-04-15 09:33:56.700,3679.2000,18376,0,159049800.000,0,-,-,-,-,3679.0000,3678.8000,3678.4000,3678.0000,3677.8000,3679.2000,3680.0000,3680.4000,3680.6000,3682.0000,2,1,1,3,1,3,1,2,1,1
SF,IF2009,2020-04-15 09:33:57.200,3679.0000,18372,-4,163464780.000,4,0,4,双平,S,3679.0000,3678.8000,3678.4000,3678.0000,3677.8000,3680.4000,3680.6000,3682.0000,3682.8000,3683.2000,1,1,1,3,1,2,1,1,1,2
SF,IF2009,2020-04-15 09:33:57.700,3679.0000,18372,0,163464780.000,0,-,-,-,-,3679.0000,3678.8000,3678.4000,3678.0000,3677.8000,3680.2000,3680.4000,3680.6000,3682.0000,3682.8000,1,1,1,3,1,1,2,1,1,1
SF,IF2009,2020-04-15 09:33:58.200,3679.0000,18372,0,163464780.000,0,-,-,-,-,3679.0000,3678.8000,3678.4000,3678.0000,3677.8000,3680.4000,3680.6000,3682.0000,3682.8000,3683.2000,1,1,1,3,1,2,1,1,1,2
SF,IF2009,2020-04-15 09:33:58.700,3679.0000,18372,0,163464780.000,0,-,-,-,-,3679.2000,3679.0000,3678.8000,3678.4000,3678.0000,3680.4000,3680.6000,3682.0000,3682.8000,3683.2000,2,1,1,1,3,2,1,1,1,2
SF,IF2009,2020-04-15 09:33:59.200,3680.4000,18370,-2,165673020.000,2,0,2,双平,S,3679.2000,3679.0000,3678.8000,3678.4000,3678.0000,3680.6000,3682.0000,3682.8000,3683.2000,3684.2000,2,1,1,1,3,1,1,1,2,1
SF,IF2009,2020-04-15 09:33:59.700,3680.4000,18370,0,165673020.000,0,-,-,-,-,3679.2000,3679.0000,3678.8000,3678.4000,3678.0000,3680.6000,3682.0000,3682.8000,3683.2000,3684.2000,3,1,1,1,3,1,1,1,4,1
SF,IF2009,2020-04-15 09:34:00.200,3680.4000,18370,0,165673020.000,0,-,-,-,-,3679.2000,3679.0000,3678.8000,3678.4000,3678.0000,3680.6000,3682.0000,3682.8000,3683.2000,3684.2000,3,1,1,1,3,1,1,1,4,1
SF,IF2009,2020-04-15 09:34:00.700,3680.4000,18370,0,165673020.000,0,-,-,-,-,3679.4000,3679.2000,3679.0000,3678.8000,3678.4000,3680.6000,3682.0000,3682.8000,3683.2000,3684.2000,1,3,1,1,1,1,1,1,2,1
SF,IF2009,2020-04-15 09:34:01.200,3680.4000,18370,0,165673020.000,0,-,-,-,-,3679.6000,3679.4000,3679.0000,3678.8000,3678.4000,3680.6000,3682.0000,3682.8000,3683.2000,3684.2000,2,2,1,1,1,1,1,1,2,1
SF,IF2009,2020-04-15 09:34:01.700,3680.4000,18370,0,165673020.000,0,-,-,-,-,3679.6000,3679.0000,3678.8000,3678.4000,3678.0000,3680.6000,3682.0000,3682.8000,3683.2000,3684.2000,1,1,1,1,3,1,1,1,2,1
SF,IF2009,2020-04-15 09:34:02.200,3680.4000,18370,0,165673020.000,0,-,-,-,-,3679.0000,3678.8000,3678.4000,3678.0000,3677.8000,3680.6000,3682.0000,3682.8000,3683.2000,3684.2000,1,1,1,3,1,1,1,1,2,1
SF,IF2009,2020-04-15 09:34:02.700,3680.4000,18370,0,165673020.000,0,-,-,-,-,3679.2000,3679.0000,3678.8000,3678.4000,3678.0000,3680.4000,3680.6000,3682.0000,3682.8000,3683.2000,1,2,1,1,3,1,1,1,1,2
SF,IF2009,2020-04-15 09:34:03.200,3680.4000,18370,0,165673020.000,0,-,-,-,-,3679.0000,3678.8000,3678.4000,3678.0000,3677.8000,3680.4000,3680.6000,3682.0000,3682.8000,3683.2000,1,1,1,3,1,2,1,1,1,2
SF,IF2009,2020-04-15 09:34:03.700,3680.4000,18370,0,165673020.000,0,-,-,-,-,3679.0000,3678.8000,3678.4000,3678.0000,3677.8000,3680.2000,3680.4000,3680.6000,3682.0000,3682.8000,1,1,1,3,1,1,2,1,1,1
SF,IF2009,2020-04-15 09:34:04.200,3680.4000,18370,0,165673020.000,0,-,-,-,-,3679.2000,3679.0000,3678.8000,3678.4000,3678.0000,3680.4000,3680.6000,3682.0000,3682.8000,3683.2000,1,1,1,1,3,2,1,1,1,2
SF,IF2009,2020-04-15 09:34:04.700,3680.4000,18370,0,165673020.000,0,-,-,-,-,3679.0000,3678.8000,3678.4000,3678.0000,3677.8000,3680.2000,3680.4000,3680.6000,3682.0000,3682.8000,1,1,1,3,1,1,2,1,1,1
SF,IF2009,2020-04-15 09:34:05.200,3680.4000,18370,0,165673020.000,0,-,-,-,-,3679.2000,3679.0000,3678.8000,3678.4000,3678.0000,3680.4000,3680.6000,3682.0000,3682.8000,3683.2000,1,1,1,1,3,2,1,1,1,2
SF,IF2009,2020-04-15 09:34:05.700,3680.4000,18370,0,165673020.000,0,-,-,-,-,3679.4000,3679.2000,3679.0000,3678.8000,3678.4000,3680.4000,3680.6000,3682.0000,3682.8000,3683.2000,1,1,1,1,1,1,1,1,1,2
SF,IF2009,2020-04-15 09:34:06.200,3680.4000,18370,0,165673020.000,0,-,-,-,-,3679.4000,3679.2000,3679.0000,3678.8000,3678.4000,3680.6000,3682.0000,3682.8000,3683.2000,3684.2000,1,1,1,1,1,1,1,1,2,1
SF,IF2009,2020-04-15 09:34:06.700,3680.6000,18369,-1,166777200.000,1,0,1,双平,S,3679.6000,3679.4000,3679.0000,3678.8000,3678.4000,3682.0000,3682.8000,3683.2000,3684.2000,3685.0000,2,2,1,1,1,1,1,2,1,1
SF,IF2009,2020-04-15 09:34:07.200,3680.6000,18369,0,166777200.000,0,-,-,-,-,3679.8000,3679.6000,3679.0000,3678.8000,3678.4000,3681.8000,3682.0000,3682.8000,3683.2000,3684.2000,3,1,1,1,1,1,1,1,2,1
SF,IF2009,2020-04-15 09:34:07.700,3680.6000,18369,0,166777200.000,0,-,-,-,-,3680.0000,3679.8000,3679.6000,3679.0000,3678.8000,3681.4000,3681.6000,3681.8000,3682.0000,3682.8000,1,3,1,1,1,3,1,1,1,1
SF,IF2009,2020-04-15 09:34:08.200,3680.6000,18369,0,166777200.000,0,-,-,-,-,3679.8000,3679.6000,3679.0000,3678.8000,3678.4000,3681.2000,3681.4000,3682.0000,3682.8000,3683.2000,2,1,1,1,1,2,3,1,1,2
SF,IF2009,2020-04-15 09:34:08.700,3680.6000,18369,0,166777200.000,0,-,-,-,-,3679.8000,3679.6000,3679.0000,3678.8000,3678.4000,3681.2000,3681.4000,3682.0000,3682.8000,3683.2000,1,1,1,1,1,2,3,1,1,2
SF,IF2009,2020-04-15 09:34:09.200,3680.6000,18369,0,166777200.000,0,-,-,-,-,3679.6000,3679.0000,3678.8000,3678.4000,3678.0000,3681.2000,3681.4000,3682.0000,3682.8000,3683.2000,1,1,1,1,3,2,3,1,1,2
SF,IF2009,2020-04-15 09:34:09.700,3680.6000,18369,0,166777200.000,0,-,-,-,-,3679.2000,3679.0000,3678.8000,3678.4000,3678.0000,3681.2000,3681.4000,3682.0000,3682.8000,3683.2000,1,1,1,1,3,2,3,1,1,2
SF,IF2009,2020-04-15 09:34:10.200,3680.6000,18369,0,166777200.000,0,-,-,-,-,3679.4000,3679.2000,3679.0000,3678.8000,3678.4000,3681.0000,3681.2000,3682.0000,3682.8000,3683.2000,2,1,1,1,1,1,2,1,1,2
SF,IF2009,2020-04-15 09:34:10.700,3680.6000,18369,0,166777200.000,0,-,-,-,-,3679.4000,3679.2000,3679.0000,3678.8000,3678.4000,3680.8000,3681.0000,3682.0000,3682.8000,3683.2000,3,1,1,1,1,4,1,1,1,2
SF,IF2009,2020-04-15 09:34:11.200,3680.6000,18369,0,166777200.000,0,-,-,-,-,3679.4000,3679.2000,3679.0000,3678.8000,3678.4000,3680.8000,3681.0000,3682.0000,3682.8000,3683.2000,2,1,1,1,1,5,1,1,1,2
SF,IF2009,2020-04-15 09:34:11.700,3680.6000,18369,0,166777200.000,0,-,-,-,-,3679.4000,3679.2000,3679.0000,3678.8000,3678.4000,3680.8000,3682.0000,3682.8000,3683.2000,3684.2000,1,1,1,1,1,5,1,1,2,1
SF,IF2009,2020-04-15 09:34:12.200,3680.6000,18369,0,166777200.000,0,-,-,-,-,3679.4000,3679.2000,3679.0000,3678.8000,3678.4000,3680.6000,3680.8000,3681.0000,3682.0000,3682.8000,1,1,1,1,1,1,2,1,1,1
SF,IF2009,2020-04-15 09:34:12.700,3680.6000,18369,0,166777200.000,0,-,-,-,-,3679.4000,3679.2000,3679.0000,3678.8000,3678.4000,3680.6000,3680.8000,3682.0000,3682.8000,3683.2000,1,1,1,1,1,1,1,1,1,2
SF,IF2009,2020-04-15 09:34:13.200,3680.6000,18369,0,166777200.000,0,-,-,-,-,3679.4000,3679.0000,3678.8000,3678.4000,3678.0000,3680.6000,3680.8000,3682.0000,3682.8000,3683.2000,1,1,1,1,3,1,1,1,1,2
SF,IF2009,2020-04-15 09:34:14.700,3680.6000,18369,0,166777200.000,0,-,-,-,-,3679.4000,3679.0000,3678.8000,3678.4000,3678.0000,3680.6000,3680.8000,3681.0000,3682.0000,3682.8000,1,1,1,1,3,1,1,1,1,1
SF,IF2009,2020-04-15 09:34:15.700,3680.6000,18369,0,167881380.000,1,0,1,多换,S,3679.4000,3679.0000,3678.8000,3678.4000,3678.0000,3680.8000,3681.0000,3682.0000,3682.8000,3683.2000,1,1,1,1,3,1,1,1,1,2
SF,IF2009,2020-04-15 09:34:17.200,3680.6000,18369,0,167881380.000,0,-,-,-,-,3679.4000,3679.0000,3678.8000,3678.4000,3678.0000,3680.8000,3681.0000,3682.0000,3682.8000,3683.2000,3,2,1,1,3,1,1,1,1,2
SF,IF2009,2020-04-15 09:34:17.700,3679.4000,18368,-1,171192900.000,3,1,2,多平,S,3679.4000,3679.0000,3678.8000,3678.4000,3678.0000,3680.6000,3680.8000,3681.0000,3682.0000,3682.8000,1,2,1,1,3,1,1,1,1,1
SF,IF2009,2020-04-15 09:34:18.200,3679.4000,18368,0,171192900.000,0,-,-,-,-,3679.4000,3679.0000,3678.8000,3678.4000,3678.0000,3680.4000,3680.8000,3681.0000,3682.0000,3682.8000,1,2,1,1,3,1,1,1,1,1
SF,IF2009,2020-04-15 09:34:18.700,3679.4000,18368,0,171192900.000,0,-,-,-,-,3679.6000,3679.4000,3679.0000,3678.8000,3678.4000,3681.0000,3682.0000,3682.8000,3683.2000,3683.4000,1,1,2,1,1,1,1,1,2,2
SF,IF2009,2020-04-15 09:34:19.200,3679.4000,18368,0,171192900.000,0,-,-,-,-,3679.6000,3679.4000,3679.0000,3678.8000,3678.4000,3680.8000,3681.0000,3682.0000,3682.8000,3683.2000,1,1,2,1,1,2,1,1,1,2
SF,IF2009,2020-04-15 09:34:23.200,3679.4000,18368,0,171192900.000,0,-,-,-,-,3679.6000,3679.4000,3679.0000,3678.8000,3678.4000,3680.8000,3681.0000,3682.0000,3682.8000,3683.2000,1,1,2,1,1,2,1,1,1,2
SF,IF2009,2020-04-15 09:34:23.700,3680.8000,18368,0,172297140.000,1,0,1,多换,S,3679.4000,3679.0000,3678.8000,3678.4000,3678.0000,3680.6000,3680.8000,3681.0000,3682.0000,3682.8000,1,2,1,1,3,1,1,1,1,1
SF,IF2009,2020-04-15 09:34:24.200,3680.8000,18368,0,172297140.000,0,-,-,-,-,3679.4000,3679.0000,3678.8000,3678.4000,3678.0000,3679.6000,3680.8000,3681.0000,3682.0000,3682.8000,1,2,1,1,3,3,1,1,1,1
SF,IF2009,2020-04-15 09:34:25.200,3680.8000,18368,0,172297140.000,0,-,-,-,-,3679.4000,3679.0000,3678.8000,3678.4000,3678.0000,3679.6000,3680.4000,3680.8000,3681.0000,3682.0000,1,2,1,1,3,3,1,1,1,1
SF,IF2009,2020-04-15 09:34:25.700,3679.4000,18368,0,173400960.000,1,0,1,多换,S,3679.0000,3678.8000,3678.4000,3678.0000,3677.8000,3679.6000,3680.4000,3680.8000,3681.0000,3682.0000,2,1,1,3,1,3,1,1,1,1
SF,IF2009,2020-04-15 09:34:28.200,3679.6000,18368,0,175608720.000,2,1,1,多换,S,3679.2000,3679.0000,3678.8000,3678.4000,3678.0000,3679.6000,3680.4000,3680.8000,3681.0000,3682.0000,1,2,1,1,3,1,1,1,1,1
SF,IF2009,2020-04-15 09:34:28.700,3679.6000,18368,0,176712600.000,1,0,1,多换,S,3679.6000,3679.4000,3679.0000,3678.8000,3678.4000,3680.4000,3681.0000,3682.0000,3682.8000,3683.2000,2,1,2,1,1,1,1,1,1,2
SF,IF2009,2020-04-15 09:34:29.200,3679.6000,18368,0,176712600.000,0,-,-,-,-,3679.6000,3679.0000,3678.8000,3678.4000,3678.0000,3680.4000,3681.0000,3682.0000,3682.8000,3683.2000,2,2,1,1,3,1,1,1,1,2
SF,IF2009,2020-04-15 09:34:29.700,3679.6000,18368,0,176712600.000,0,-,-,-,-,3679.6000,3679.0000,3678.8000,3678.4000,3678.0000,3680.4000,3681.0000,3682.0000,3682.8000,3683.2000,2,2,1,1,3,1,1,1,1,2
SF,IF2009,2020-04-15 09:34:30.200,3679.6000,18368,0,176712600.000,0,-,-,-,-,3679.6000,3679.0000,3678.8000,3678.4000,3678.0000,3680.4000,3681.0000,3682.0000,3682.8000,3683.2000,2,2,1,1,3,1,1,1,1,2
SF,IF2009,2020-04-15 09:34:30.700,3680.4000,18367,-1,177816720.000,1,0,1,双平,S,3679.8000,3679.6000,3679.0000,3678.8000,3678.4000,3681.0000,3682.0000,3682.8000,3683.2000,3684.2000,1,2,2,1,1,1,1,1,2,1
SF,IF2009,2020-04-15 09:34:32.200,3680.4000,18367,0,177816720.000,0,-,-,-,-,3680.0000,3679.8000,3679.6000,3679.0000,3678.8000,3681.0000,3682.0000,3682.8000,3683.2000,3684.2000,1,1,2,2,1,1,1,1,2,1
SF,IF2009,2020-04-15 09:34:32.700,3680.4000,18367,0,177816720.000,0,-,-,-,-,3680.2000,3679.6000,3679.0000,3678.8000,3678.4000,3681.0000,3682.0000,3682.8000,3683.2000,3684.2000,2,2,2,1,1,1,1,1,2,1
SF,IF2009,2020-04-15 09:34:33.200,3681.0000,18367,0,178921020.000,1,0,1,多换,S,3680.2000,3679.6000,3679.0000,3678.8000,3678.4000,3682.0000,3682.8000,3683.2000,3684.2000,3685.0000,2,2,2,1,1,1,1,2,1,1
SF,IF2009,2020-04-15 09:34:33.700,3681.0000,18367,0,178921020.000,0,-,-,-,-,3680.2000,3679.6000,3679.0000,3678.8000,3678.4000,3681.8000,3682.0000,3682.8000,3683.2000,3684.2000,2,2,2,1,1,1,1,1,2,1
SF,IF2009,2020-04-15 09:34:34.200,3681.0000,18367,0,178921020.000,0,-,-,-,-,3680.2000,3679.6000,3679.0000,3678.8000,3678.4000,3682.0000,3682.8000,3683.2000,3684.2000,3685.0000,2,2,2,1,1,1,1,2,1,1
SF,IF2009,2020-04-15 09:34:34.700,3681.0000,18367,0,178921020.000,0,-,-,-,-,3680.2000,3679.6000,3679.0000,3678.8000,3678.4000,3681.8000,3682.0000,3682.8000,3683.2000,3684.2000,1,2,2,1,1,1,1,1,2,1
SF,IF2009,2020-04-15 09:34:35.200,3681.0000,18367,0,178921020.000,0,-,-,-,-,3680.2000,3679.6000,3679.0000,3678.8000,3678.4000,3682.0000,3682.8000,3683.2000,3684.2000,3685.0000,1,2,2,1,1,1,1,2,1,1
SF,IF2009,2020-04-15 09:34:35.700,3681.0000,18367,0,178921020.000,0,-,-,-,-,3680.2000,3679.6000,3679.0000,3678.8000,3678.4000,3681.8000,3682.0000,3682.8000,3683.2000,3684.2000,1,2,2,1,1,1,1,1,2,1
SF,IF2009,2020-04-15 09:34:36.200,3681.0000,18367,0,178921020.000,0,-,-,-,-,3680.2000,3679.6000,3679.0000,3678.8000,3678.4000,3681.8000,3682.0000,3682.8000,3683.2000,3684.2000,1,2,2,1,1,1,1,1,2,1
SF,IF2009,2020-04-15 09:34:36.700,3681.0000,18367,0,178921020.000,0,-,-,-,-,3680.2000,3679.6000,3679.0000,3678.8000,3678.4000,3681.8000,3682.0000,3682.8000,3683.2000,3684.2000,1,2,2,1,1,1,1,1,2,1
SF,IF2009,2020-04-15 09:34:37.200,3681.0000,18367,0,178921020.000,0,-,-,-,-,3679.6000,3679.0000,3678.8000,3678.4000,3678.0000,3681.8000,3682.0000,3682.8000,3683.2000,3684.2000,2,2,1,1,3,1,1,1,2,1
SF,IF2009,2020-04-15 09:34:37.700,3681.0000,18367,0,178921020.000,0,-,-,-,-,3679.8000,3679.6000,3679.0000,3678.8000,3678.4000,3681.8000,3682.0000,3682.8000,3683.2000,3684.2000,2,2,2,1,1,1,1,1,2,1
SF,IF2009,2020-04-15 09:34:39.200,3681.0000,18367,0,178921020.000,0,-,-,-,-,3679.8000,3679.6000,3679.0000,3678.8000,3678.4000,3681.8000,3682.0000,3682.8000,3683.2000,3684.2000,2,2,2,1,1,1,1,1,2,1
SF,IF2009,2020-04-15 09:34:40.700,3679.8000,18367,0,180024960.000,1,0,1,多换,S,3679.8000,3679.6000,3679.0000,3678.8000,3678.4000,3681.8000,3682.0000,3682.8000,3683.2000,3684.2000,1,2,2,1,1,1,1,1,2,1
SF,IF2009,2020-04-15 09:34:41.200,3679.8000,18367,0,180024960.000,0,-,-,-,-,3680.0000,3679.8000,3679.6000,3679.0000,3678.8000,3682.0000,3682.8000,3683.2000,3684.2000,3685.0000,2,1,2,2,1,1,1,2,1,1
SF,IF2009,2020-04-15 09:34:41.700,3682.0000,18366,-1,181129560.000,1,0,1,双平,S,3680.2000,3680.0000,3679.6000,3679.0000,3678.8000,3682.8000,3683.2000,3684.2000,3685.0000,3687.0000,1,4,2,2,1,1,2,1,1,1
SF,IF2009,2020-04-15 09:34:42.200,3680.4000,18366,0,182233680.000,1,0,1,多换,S,3680.4000,3680.2000,3680.0000,3679.6000,3679.0000,3682.6000,3682.8000,3683.2000,3684.2000,3685.0000,1,1,2,2,2,1,1,2,1,1
SF,IF2009,2020-04-15 09:34:42.700,3680.4000,18366,0,182233680.000,0,-,-,-,-,3680.6000,3680.4000,3680.0000,3679.6000,3679.0000,3682.8000,3683.2000,3684.2000,3685.0000,3687.0000,1,1,1,2,2,1,2,1,1,1
SF,IF2009,2020-04-15 09:34:43.200,3680.4000,18366,0,182233680.000,0,-,-,-,-,3680.8000,3680.6000,3680.0000,3679.6000,3679.0000,3681.8000,3682.8000,3683.2000,3684.2000,3685.0000,1,3,1,2,2,1,1,2,1,1
SF,IF2009,2020-04-15 09:34:43.700,3681.8000,18366,0,183338220.000,1,0,1,多换,S,3682.6000,3681.0000,3680.8000,3680.6000,3680.0000,3682.8000,3683.2000,3684.2000,3685.0000,3686.6000,1,1,1,2,1,1,2,1,1,1
SF,IF2009,2020-04-15 09:34:44.200,3682.6000,18366,0,184443000.000,1,0,1,多换,S,3680.8000,3680.6000,3679.0000,3678.8000,3678.4000,3682.8000,3683.2000,3684.2000,3685.0000,3686.6000,1,2,2,1,1,1,2,1,1,1
SF,IF2009,2020-04-15 09:34:44.700,3681.0000,18367,1,185547300.000,1,1,0,双开,S,3681.0000,3680.8000,3680.6000,3679.0000,3678.8000,3682.6000,3682.8000,3683.2000,3684.2000,3685.0000,1,1,1,2,1,2,1,2,1,1
SF,IF2009,2020-04-15 09:34:45.200,3681.0000,18367,0,185547300.000,0,-,-,-,-,3681.0000,3680.8000,3679.0000,3678.8000,3678.4000,3682.6000,3682.8000,3683.2000,3684.2000,3685.0000,1,1,2,1,1,2,1,2,1,1
SF,IF2009,2020-04-15 09:34:45.700,3681.0000,18367,0,185547300.000,0,-,-,-,-,3681.0000,3680.8000,3679.0000,3678.8000,3678.4000,3682.6000,3682.8000,3683.2000,3684.2000,3685.0000,1,1,2,1,1,2,1,2,1,1
SF,IF2009,2020-04-15 09:34:46.200,3681.0000,18367,0,185547300.000,0,-,-,-,-,3681.0000,3679.6000,3679.0000,3678.8000,3678.4000,3682.6000,3682.8000,3683.2000,3684.2000,3685.0000,1,1,2,1,1,2,1,2,1,1
SF,IF2009,2020-04-15 09:34:47.700,3682.6000,18366,-1,187756860.000,2,0,2,多平,S,3681.0000,3679.6000,3679.0000,3678.8000,3678.4000,3682.4000,3682.8000,3683.2000,3684.2000,3685.0000,1,1,2,1,1,1,1,2,1,1
SF,IF2009,2020-04-15 09:34:48.200,3681.2000,18366,0,188861220.000,1,0,1,多换,S,3681.2000,3679.6000,3679.0000,3678.8000,3678.4000,3682.8000,3683.2000,3684.2000,3685.0000,3686.6000,1,1,2,1,1,1,2,1,1,1
SF,IF2009,2020-04-15 09:34:48.700,3681.2000,18366,0,188861220.000,0,-,-,-,-,3679.8000,3679.6000,3679.0000,3678.8000,3678.4000,3682.6000,3682.8000,3683.2000,3684.2000,3685.0000,1,1,2,1,1,1,1,2,1,1
SF,IF2009,2020-04-15 09:34:49.200,3681.2000,18366,0,188861220.000,0,-,-,-,-,3680.0000,3679.8000,3679.6000,3679.0000,3678.8000,3682.6000,3682.8000,3683.2000,3684.2000,3685.0000,3,1,1,2,1,1,1,2,1,1
SF,IF2009,2020-04-15 09:34:49.700,3681.2000,18366,0,188861220.000,0,-,-,-,-,3680.0000,3679.8000,3679.6000,3679.0000,3678.8000,3682.6000,3682.8000,3683.2000,3684.2000,3685.0000,3,2,1,2,1,1,1,2,1,1
SF,IF2009,2020-04-15 09:34:50.200,3681.2000,18366,0,188861220.000,0,-,-,-,-,3680.0000,3679.8000,3679.6000,3679.0000,3678.8000,3682.6000,3682.8000,3683.2000,3684.2000,3685.0000,3,2,1,2,1,1,1,2,1,1
SF,IF2009,2020-04-15 09:34:50.700,3681.2000,18366,0,188861220.000,0,-,-,-,-,3680.0000,3679.8000,3679.6000,3679.0000,3678.8000,3682.6000,3682.8000,3683.2000,3684.2000,3685.0000,3,1,1,2,1,1,1,2,1,1
SF,IF2009,2020-04-15 09:34:51.200,3681.2000,18366,0,188861220.000,0,-,-,-,-,3680.0000,3679.8000,3679.6000,3679.0000,3678.8000,3682.6000,3682.8000,3683.2000,3684.2000,3685.0000,4,1,1,2,1,1,1,2,1,1
SF,IF2009,2020-04-15 09:34:52.200,3681.2000,18366,0,188861220.000,0,-,-,-,-,3680.2000,3680.0000,3679.8000,3679.6000,3679.0000,3682.6000,3682.8000,3683.2000,3684.2000,3685.0000,3,4,1,1,2,1,1,2,1,1
SF,IF2009,2020-04-15 09:34:52.700,3681.2000,18366,0,188861220.000,0,-,-,-,-,3680.4000,3680.2000,3680.0000,3679.6000,3679.0000,3682.6000,3682.8000,3683.2000,3684.2000,3685.0000,3,3,1,1,2,1,1,2,1,1
SF,IF2009,2020-04-15 09:34:53.200,3681.2000,18366,0,188861220.000,0,-,-,-,-,3680.8000,3680.4000,3680.2000,3680.0000,3679.6000,3682.6000,3682.8000,3683.2000,3684.2000,3685.0000,1,3,3,1,1,1,1,2,1,1
SF,IF2009,2020-04-15 09:34:53.700,3681.2000,18366,0,188861220.000,0,-,-,-,-,3681.0000,3680.8000,3680.4000,3680.2000,3680.0000,3682.6000,3682.8000,3683.2000,3684.2000,3685.0000,1,1,2,3,1,1,1,2,1,1
SF,IF2009,2020-04-15 09:34:54.200,3681.0000,18366,0,189965520.000,1,0,1,多换,S,3680.8000,3680.4000,3680.2000,3680.0000,3679.6000,3682.6000,3682.8000,3683.2000,3684.2000,3685.0000,1,2,3,1,1,1,1,2,1,1
SF,IF2009,2020-04-15 09:34:54.700,3681.0000,18366,0,189965520.000,0,-,-,-,-,3680.4000,3680.2000,3679.6000,3679.0000,3678.8000,3682.6000,3682.8000,3683.2000,3684.2000,3685.0000,2,3,1,3,1,1,1,2,1,1
SF,IF2009,2020-04-15 09:34:55.700,3681.0000,18366,0,189965520.000,0,-,-,-,-,3680.4000,3680.2000,3679.6000,3679.0000,3678.8000,3682.4000,3682.6000,3682.8000,3683.2000,3684.2000,2,1,1,3,1,1,1,1,2,1
SF,IF2009,2020-04-15 09:34:56.200,3681.0000,18366,0,189965520.000,0,-,-,-,-,3680.4000,3679.6000,3679.0000,3678.8000,3678.4000,3682.2000,3682.4000,3682.8000,3683.2000,3684.2000,1,2,3,1,1,1,1,1,2,1
SF,IF2009,2020-04-15 09:34:56.700,3680.4000,18367,1,191069640.000,1,1,0,双开,S,3679.6000,3679.0000,3678.8000,3678.4000,3678.0000,3682.2000,3682.4000,3682.8000,3683.2000,3684.2000,2,3,1,1,4,1,1,1,2,1
SF,IF2009,2020-04-15 09:34:57.200,3680.4000,18367,0,191069640.000,0,-,-,-,-,3679.8000,3679.6000,3679.0000,3678.8000,3678.4000,3682.0000,3682.2000,3682.4000,3682.8000,3683.2000,2,2,3,1,1,1,1,1,1,2
SF,IF2009,2020-04-15 09:34:57.700,3680.4000,18367,0,191069640.000,0,-,-,-,-,3679.8000,3679.6000,3679.0000,3678.8000,3678.4000,3681.8000,3682.0000,3682.4000,3682.8000,3683.2000,2,2,3,1,1,1,1,1,1,2
SF,IF2009,2020-04-15 09:34:58.200,3680.4000,18367,0,191069640.000,0,-,-,-,-,3679.8000,3679.6000,3679.0000,3678.8000,3678.4000,3681.6000,3681.8000,3682.4000,3682.8000,3683.2000,2,2,3,1,1,1,1,1,1,2
SF,IF2009,2020-04-15 09:34:58.700,3680.4000,18367,0,191069640.000,0,-,-,-,-,3679.8000,3679.6000,3679.0000,3678.8000,3678.4000,3681.8000,3682.4000,3682.8000,3683.2000,3684.2000,2,2,3,1,1,1,1,1,2,1
SF,IF2009,2020-04-15 09:35:00.700,3681.8000,18366,-1,192174180.000,1,0,1,双平,S,3679.8000,3679.6000,3679.0000,3678.8000,3678.4000,3682.4000,3682.8000,3683.2000,3684.2000,3685.0000,2,2,3,1,1,1,1,2,1,1
SF,IF2009,2020-04-15 09:35:01.200,3681.8000,18366,0,192174180.000,0,-,-,-,-,3680.0000,3679.6000,3679.0000,3678.8000,3678.4000,3682.2000,3682.4000,3682.8000,3683.2000,3684.2000,1,2,3,1,1,3,1,1,2,1
SF,IF2009,2020-04-15 09:35:01.700,3681.8000,18366,0,192174180.000,0,-,-,-,-,3680.2000,3679.6000,3679.0000,3678.8000,3678.4000,3681.6000,3682.2000,3682.4000,3682.8000,3683.2000,1,2,3,1,1,3,3,1,1,2
SF,IF2009,2020-04-15 09:35:02.200,3680.2000,18365,-1,193278240.000,1,0,1,双平,S,3680.2000,3679.6000,3679.0000,3678.8000,3678.4000,3681.4000,3681.6000,3682.2000,3682.4000,3682.8000,2,2,3,1,1,1,3,3,1,1
SF,IF2009,2020-04-15 09:35:02.700,3680.2000,18365,0,195486360.000,2,1,1,多换,S,3679.6000,3679.0000,3678.8000,3678.4000,3678.0000,3681.4000,3682.2000,3682.4000,3682.8000,3683.0000,2,3,1,1,4,1,3,1,1,1
SF,IF2009,2020-04-15 09:35:03.200,3680.2000,18365,0,195486360.000,0,-,-,-,-,3679.8000,3679.6000,3679.0000,3678.8000,3678.4000,3681.4000,3682.2000,3682.4000,3682.8000,3683.0000,1,2,3,1,1,1,3,1,1,1
SF,IF2009,2020-04-15 09:35:03.700,3680.2000,18365,0,195486360.000,0,-,-,-,-,3679.8000,3679.6000,3679.0000,3678.8000,3678.4000,3681.4000,3682.2000,3682.4000,3682.8000,3683.0000,1,2,3,1,1,1,2,1,1,1
SF,IF2009,2020-04-15 09:35:04.700,3680.2000,18365,0,195486360.000,0,-,-,-,-,3679.8000,3679.6000,3679.0000,3678.8000,3678.4000,3681.4000,3682.2000,3682.4000,3682.8000,3683.0000,1,1,3,1,1,1,2,1,1,1
SF,IF2009,2020-04-15 09:35:05.200,3680.2000,18365,0,195486360.000,0,-,-,-,-,3679.6000,3679.0000,3678.8000,3678.4000,3678.0000,3681.4000,3682.2000,3682.4000,3682.8000,3683.0000,1,3,1,1,4,1,2,1,1,1
SF,IF2009,2020-04-15 09:35:05.700,3680.2000,18365,0,195486360.000,0,-,-,-,-,3679.8000,3679.6000,3679.0000,3678.8000,3678.4000,3681.4000,3682.2000,3682.4000,3682.8000,3683.0000,1,1,3,1,1,1,2,1,1,1
SF,IF2009,2020-04-15 09:35:06.200,3680.2000,18365,0,195486360.000,0,-,-,-,-,3679.6000,3679.0000,3678.8000,3678.4000,3678.0000,3681.4000,3682.2000,3682.4000,3682.8000,3683.0000,1,3,1,1,4,1,2,1,1,1
SF,IF2009,2020-04-15 09:35:06.700,3680.2000,18365,0,195486360.000,0,-,-,-,-,3679.6000,3679.0000,3678.8000,3678.4000,3678.0000,3681.4000,3682.2000,3682.4000,3682.8000,3683.0000,1,3,1,1,4,1,2,1,1,1
SF,IF2009,2020-04-15 09:35:07.200,3680.2000,18365,0,195486360.000,0,-,-,-,-,3679.8000,3679.6000,3679.0000,3678.8000,3678.4000,3681.2000,3681.4000,3682.2000,3682.4000,3682.8000,1,1,3,1,1,1,1,2,1,1
SF,IF2009,2020-04-15 09:35:08.200,3680.2000,18365,0,195486360.000,0,-,-,-,-,3679.8000,3679.6000,3679.0000,3678.8000,3678.4000,3681.2000,3681.4000,3682.2000,3682.4000,3682.8000,1,1,3,1,1,1,1,2,1,1
SF,IF2009,2020-04-15 09:35:08.700,3680.2000,18365,0,195486360.000,0,-,-,-,-,3679.8000,3679.6000,3679.0000,3678.8000,3678.4000,3681.0000,3681.2000,3682.2000,3682.4000,3682.8000,1,1,3,1,1,1,1,2,1,1
SF,IF2009,2020-04-15 09:35:09.700,3680.2000,18365,0,195486360.000,0,-,-,-,-,3679.8000,3679.6000,3679.0000,3678.8000,3678.4000,3681.0000,3681.2000,3682.2000,3682.4000,3682.8000,1,2,3,1,1,1,1,2,1,1
SF,IF2009,2020-04-15 09:35:10.200,3680.2000,18365,0,195486360.000,0,-,-,-,-,3679.8000,3679.6000,3679.0000,3678.8000,3678.4000,3681.0000,3681.2000,3682.2000,3682.4000,3682.8000,1,2,3,1,1,1,1,1,1,1
SF,IF2009,2020-04-15 09:35:12.700,3681.0000,18364,-1,196590660.000,1,0,1,双平,S,3679.8000,3679.6000,3679.0000,3678.8000,3678.4000,3681.2000,3682.2000,3682.4000,3682.8000,3683.0000,1,2,3,1,1,1,1,1,1,1
SF,IF2009,2020-04-15 09:35:13.200,3681.0000,18364,0,196590660.000,0,-,-,-,-,3679.6000,3679.0000,3678.8000,3678.4000,3678.0000,3681.0000,3681.2000,3682.2000,3682.4000,3682.8000,2,3,1,1,4,1,1,1,1,1
SF,IF2009,2020-04-15 09:35:16.700,3681.0000,18364,0,196590660.000,0,-,-,-,-,3679.6000,3679.0000,3678.8000,3678.4000,3678.0000,3681.0000,3681.2000,3682.2000,3682.4000,3682.8000,3,3,1,1,4,1,1,1,1,1
SF,IF2009,2020-04-15 09:35:17.200,3681.0000,18364,0,196590660.000,0,-,-,-,-,3679.8000,3679.6000,3679.0000,3678.8000,3678.4000,3681.2000,3682.2000,3682.4000,3682.8000,3683.0000,1,3,3,1,1,1,1,1,1,1
SF,IF2009,2020-04-15 09:35:17.700,3679.8000,18364,0,197694600.000,1,0,1,多换,S,3679.6000,3679.0000,3678.8000,3678.4000,3678.0000,3681.2000,3682.2000,3682.4000,3682.8000,3683.0000,3,3,1,1,4,1,1,1,1,1
SF,IF2009,2020-04-15 09:35:18.200,3679.8000,18364,0,197694600.000,0,-,-,-,-,3679.8000,3679.6000,3679.0000,3678.8000,3678.4000,3681.2000,3682.2000,3682.4000,3682.8000,3683.0000,2,3,3,1,1,1,1,1,1,1
SF,IF2009,2020-04-15 09:35:18.700,3679.8000,18364,0,197694600.000,0,-,-,-,-,3679.8000,3679.6000,3679.0000,3678.8000,3678.4000,3681.2000,3682.4000,3682.8000,3683.0000,3683.2000,2,3,3,1,1,1,1,1,1,2
SF,IF2009,2020-04-15 09:35:19.700,3679.8000,18364,0,198798540.000,1,0,1,多换,S,3679.8000,3679.6000,3679.0000,3678.8000,3678.4000,3681.2000,3682.4000,3682.8000,3683.0000,3683.2000,1,3,3,1,1,1,1,1,1,2
SF,IF2009,2020-04-15 09:35:21.700,3679.8000,18364,0,198798540.000,0,-,-,-,-,3680.0000,3679.8000,3679.6000,3679.0000,3678.8000,3681.2000,3682.4000,3682.8000,3683.0000,3683.2000,1,1,3,3,1,1,1,1,1,2
SF,IF2009,2020-04-15 09:35:22.200,3679.8000,18365,1,199902480.000,1,1,0,双开,S,3679.8000,3679.6000,3679.0000,3678.8000,3678.4000,3681.2000,3682.4000,3682.8000,3683.0000,3683.2000,1,3,3,1,1,1,1,1,1,2
SF,IF2009,2020-04-15 09:35:24.200,3679.8000,18365,0,201006420.000,1,0,1,多换,S,3679.6000,3679.0000,3678.8000,3678.4000,3678.0000,3681.2000,3682.4000,3682.8000,3683.0000,3683.2000,3,3,1,1,4,1,1,1,1,2
