市场代码,合约代码,时间,最新,持仓,增仓,成交额,成交量,开仓,平仓,成交类型,方向,买一价,买二价,买三价,买四价,买五价,卖一价,卖二价,卖三价,卖四价,卖五价,买一量,买二量,买三量,买四量,买五量,卖一量,卖二量,卖三量,卖四量,卖五量
SF,IF2008,2020-06-22 09:29:00.400,4057.8000,0,0,0.000,0.000,-,-,-,-,4010.2000,4007.8000,4002.0000,4001.2000,4000.8000,4022.0000,4027.0000,4031.6000,4040.0000,4046.8000,1,1,2,1,1,1,1,1,2,1
SF,IF2008,2020-06-22 09:30:00.400,4057.8000,0,0,0.000,0,-,-,-,-,4016.0000,4010.6000,4010.4000,4010.2000,4007.8000,4022.0000,4027.0000,4031.6000,4040.0000,4046.8000,1,1,1,1,1,1,1,1,2,1
SF,IF2008,2020-06-22 09:30:00.900,4057.8000,0,0,0.000,0,-,-,-,-,4017.6000,4016.0000,4010.6000,4010.4000,4010.2000,4022.0000,4027.0000,4031.6000,4040.0000,4046.8000,1,1,1,1,1,1,1,1,2,1
SF,IF2008,2020-06-22 09:30:01.400,4017.6000,1,1,1205280.000,1,1,0,双开,S,4017.8000,4010.6000,4010.4000,4010.2000,4007.8000,4020.8000,4022.0000,4027.0000,4031.6000,4040.0000,1,1,1,1,1,1,1,1,1,2
SF,IF2008,2020-06-22 09:30:01.900,4017.6000,1,0,1205280.000,0,-,-,-,-,4017.8000,4010.6000,4010.4000,4010.2000,4007.8000,4020.8000,4027.0000,4031.6000,4040.0000,4046.8000,1,1,1,1,1,1,1,1,2,1
SF,IF2008,2020-06-22 09:30:02.400,4017.6000,1,0,1205280.000,0,-,-,-,-,4010.6000,4010.4000,4010.2000,4007.8000,4002.0000,4020.4000,4020.8000,4027.0000,4031.6000,4040.0000,1,1,1,1,2,1,1,1,1,2
SF,IF2008,2020-06-22 09:30:02.900,4017.6000,1,0,1205280.000,0,-,-,-,-,4017.6000,4010.6000,4010.4000,4010.2000,4007.8000,4020.8000,4027.0000,4031.6000,4040.0000,4046.8000,1,1,1,1,1,1,1,1,2,1
SF,IF2008,2020-06-22 09:30:03.400,4017.6000,1,0,1205280.000,0,-,-,-,-,4018.4000,4010.6000,4010.4000,4010.2000,4007.8000,4020.8000,4027.0000,4031.6000,4040.0000,4046.8000,1,1,1,1,1,1,1,1,2,1
SF,IF2008,2020-06-22 09:30:03.900,4017.6000,1,0,1205280.000,0,-,-,-,-,4018.4000,4010.6000,4010.4000,4010.2000,4007.8000,4020.8000,4027.0000,4040.0000,4046.8000,4050.6000,1,1,1,1,1,1,1,2,1,1
SF,IF2008,2020-06-22 09:30:04.400,4017.6000,1,0,1205280.000,0,-,-,-,-,4018.4000,4010.6000,4010.4000,4010.2000,4007.8000,4019.8000,4020.8000,4027.0000,4040.0000,4046.8000,1,1,1,1,1,1,1,1,2,1
SF,IF2008,2020-06-22 09:30:04.900,4017.6000,1,0,1205280.000,0,-,-,-,-,4018.4000,4010.6000,4010.4000,4010.2000,4007.8000,4019.8000,4020.8000,4027.0000,4040.0000,4046.8000,1,1,1,1,1,1,1,1,2,1
SF,IF2008,2020-06-22 09:30:05.400,4017.6000,1,0,1205280.000,0,-,-,-,-,4018.4000,4010.6000,4010.4000,4010.2000,4007.8000,4027.0000,4046.8000,4050.6000,4052.0000,4055.0000,1,1,1,1,1,1,1,1,2,2
SF,IF2008,2020-06-22 09:30:05.900,4017.6000,1,0,1205280.000,0,-,-,-,-,4018.4000,4010.4000,4010.2000,4007.8000,4001.2000,4020.6000,4027.0000,4046.8000,4050.6000,4052.0000,2,1,1,1,1,1,1,1,1,2
SF,IF2008,2020-06-22 09:30:06.400,4017.6000,1,0,1205280.000,0,-,-,-,-,4019.0000,4010.2000,4007.8000,4001.2000,4000.0000,4020.6000,4027.0000,4046.8000,4050.6000,4052.0000,1,1,1,1,1,1,1,1,1,2
SF,IF2008,2020-06-22 09:30:06.900,4017.6000,1,0,1205280.000,0,-,-,-,-,4019.0000,4010.2000,4007.8000,4001.2000,4000.0000,4020.6000,4027.0000,4046.8000,4050.6000,4052.0000,1,1,1,1,1,1,1,1,1,2
SF,IF2008,2020-06-22 09:30:07.400,4017.6000,1,0,1205280.000,0,-,-,-,-,4019.0000,4010.2000,4007.8000,4001.2000,4000.0000,4020.6000,4027.0000,4046.8000,4050.6000,4052.0000,2,1,1,1,1,1,1,1,1,2
SF,IF2008,2020-06-22 09:30:07.900,4017.6000,1,0,1205280.000,0,-,-,-,-,4019.0000,4010.2000,4007.8000,4001.2000,4000.0000,4020.6000,4027.0000,4046.8000,4050.6000,4052.0000,1,1,1,1,1,1,1,1,1,2
SF,IF2008,2020-06-22 09:30:08.400,4017.6000,1,0,1205280.000,0,-,-,-,-,4020.2000,4010.2000,4007.8000,4001.2000,4000.0000,4020.6000,4027.0000,4046.8000,4050.6000,4052.0000,1,1,1,1,1,1,1,1,1,2
SF,IF2008,2020-06-22 09:30:08.900,4017.6000,1,0,1205280.000,0,-,-,-,-,4020.2000,4010.2000,4007.8000,4001.2000,4000.0000,4027.0000,4046.8000,4050.6000,4052.0000,4055.0000,1,1,1,1,1,1,1,1,2,2
SF,IF2008,2020-06-22 09:30:09.400,4017.6000,1,0,1205280.000,0,-,-,-,-,4020.8000,4010.2000,4007.8000,4001.2000,4000.0000,4021.4000,4027.0000,4046.8000,4050.6000,4052.0000,1,1,1,1,1,1,1,1,1,2
SF,IF2008,2020-06-22 09:30:09.900,4017.6000,1,0,1205280.000,0,-,-,-,-,4020.8000,4010.2000,4007.8000,4001.2000,4000.0000,4027.0000,4046.8000,4050.6000,4052.0000,4055.0000,2,1,1,1,1,1,1,1,2,2
SF,IF2008,2020-06-22 09:30:10.400,4017.6000,1,0,1205280.000,0,-,-,-,-,4020.8000,4010.2000,4007.8000,4001.2000,4000.0000,4021.8000,4027.0000,4046.8000,4050.6000,4052.0000,1,1,1,1,1,1,2,1,1,2
SF,IF2008,2020-06-22 09:30:11.400,4017.6000,1,0,1205280.000,0,-,-,-,-,4021.4000,4018.4000,4010.2000,4007.8000,4001.2000,4027.0000,4046.8000,4050.6000,4052.0000,4055.0000,1,1,1,1,1,2,1,1,2,2
SF,IF2008,2020-06-22 09:30:11.900,4017.6000,1,0,1205280.000,0,-,-,-,-,4021.4000,4018.4000,4010.2000,4007.8000,4001.2000,4022.2000,4027.0000,4046.8000,4050.6000,4052.0000,1,1,1,1,1,1,2,1,1,2
SF,IF2008,2020-06-22 09:30:12.400,4022.2000,2,1,2411940.000,1,1,0,双开,S,4018.4000,4010.2000,4007.8000,4001.2000,4000.0000,4027.0000,4046.8000,4050.6000,4052.0000,4055.0000,2,1,1,1,1,1,1,1,2,2
SF,IF2008,2020-06-22 09:30:12.900,4022.2000,2,0,2411940.000,0,-,-,-,-,4021.4000,4018.4000,4010.2000,4007.8000,4001.2000,4027.0000,4046.8000,4050.6000,4052.0000,4055.0000,1,1,1,1,1,1,1,1,2,2
SF,IF2008,2020-06-22 09:30:13.400,4022.2000,2,0,2411940.000,0,-,-,-,-,4021.4000,4018.4000,4010.2000,4007.8000,4001.2000,4027.0000,4046.8000,4050.6000,4052.0000,4055.0000,1,1,1,1,1,2,1,1,2,2
SF,IF2008,2020-06-22 09:30:13.900,4022.2000,2,0,2411940.000,0,-,-,-,-,4021.4000,4018.4000,4010.2000,4007.8000,4001.2000,4026.2000,4027.0000,4046.8000,4050.6000,4052.0000,1,1,1,1,1,2,2,1,1,2
SF,IF2008,2020-06-22 09:30:14.400,4022.2000,2,0,2411940.000,0,-,-,-,-,4023.0000,4018.4000,4012.8000,4010.2000,4007.8000,4026.2000,4027.0000,4046.8000,4052.0000,4055.0000,1,1,1,1,1,2,2,1,2,2
SF,IF2008,2020-06-22 09:30:14.900,4022.2000,2,0,2411940.000,0,-,-,-,-,4023.8000,4023.0000,4018.4000,4012.8000,4010.2000,4026.2000,4027.0000,4046.8000,4052.0000,4055.0000,1,1,1,1,1,2,1,1,2,2
SF,IF2008,2020-06-22 09:30:15.400,4022.2000,2,0,2411940.000,0,-,-,-,-,4023.0000,4018.4000,4012.8000,4010.2000,4007.8000,4026.0000,4027.0000,4046.8000,4052.0000,4055.0000,1,1,1,1,1,1,1,1,2,2
SF,IF2008,2020-06-22 09:30:15.900,4022.2000,2,0,2411940.000,0,-,-,-,-,4023.0000,4018.4000,4012.8000,4010.2000,4007.8000,4026.0000,4027.0000,4046.8000,4052.0000,4055.0000,1,1,1,1,1,1,1,1,2,2
SF,IF2008,2020-06-22 09:30:16.400,4022.2000,2,0,2411940.000,0,-,-,-,-,4018.4000,4012.8000,4010.2000,4007.8000,4001.2000,4027.0000,4046.8000,4052.0000,4055.0000,4057.0000,1,1,1,1,1,1,1,2,2,2
SF,IF2008,2020-06-22 09:30:16.900,4022.2000,2,0,2411940.000,0,-,-,-,-,4023.6000,4018.4000,4012.8000,4010.2000,4007.8000,4027.0000,4046.8000,4052.0000,4055.0000,4057.0000,1,1,1,1,1,1,1,2,2,2
SF,IF2008,2020-06-22 09:30:17.400,4022.2000,2,0,2411940.000,0,-,-,-,-,4024.2000,4018.4000,4012.8000,4010.2000,4007.8000,4027.0000,4046.8000,4052.0000,4055.0000,4057.0000,1,1,1,1,1,2,1,2,2,2
SF,IF2008,2020-06-22 09:30:17.900,4022.2000,2,0,2411940.000,0,-,-,-,-,4024.2000,4018.4000,4012.8000,4010.2000,4007.8000,4027.0000,4046.8000,4052.0000,4055.0000,4057.0000,1,1,1,1,1,2,1,2,2,2
SF,IF2008,2020-06-22 09:30:23.400,4022.2000,2,0,2411940.000,0,-,-,-,-,4024.2000,4012.8000,4010.2000,4007.8000,4001.2000,4027.0000,4046.8000,4052.0000,4055.0000,4057.0000,1,1,1,1,1,2,1,2,2,2
SF,IF2008,2020-06-22 09:30:23.900,4022.2000,2,0,2411940.000,0,-,-,-,-,4024.2000,4012.8000,4010.2000,4007.8000,4001.2000,4027.0000,4046.8000,4052.0000,4055.0000,4057.0000,1,1,1,1,1,1,1,2,2,2
SF,IF2008,2020-06-22 09:30:24.400,4027.0000,3,1,3620040.000,1,1,0,双开,S,4012.8000,4010.2000,4007.8000,4001.2000,4000.0000,4027.0000,4046.8000,4052.0000,4055.0000,4057.0000,1,1,1,1,1,1,1,2,2,2
SF,IF2008,2020-06-22 09:30:24.900,4027.0000,3,0,3620040.000,0,-,-,-,-,4027.2000,4012.8000,4010.2000,4007.8000,4001.2000,4046.8000,4052.0000,4055.0000,4057.0000,4059.8000,1,1,1,1,1,1,2,2,2,3
SF,IF2008,2020-06-22 09:30:25.400,4027.2000,4,1,4828200.000,1,1,0,双开,S,4012.8000,4010.2000,4007.8000,4001.2000,4000.0000,4046.6000,4046.8000,4052.0000,4055.0000,4057.0000,1,1,1,1,1,3,2,2,2,2
SF,IF2008,2020-06-22 09:30:25.900,4027.2000,4,0,4828200.000,0,-,-,-,-,4012.8000,4010.2000,4007.8000,4001.2000,4000.0000,4046.6000,4046.8000,4052.0000,4055.0000,4057.0000,1,1,1,1,1,2,1,2,2,2
SF,IF2008,2020-06-22 09:30:26.400,4027.2000,4,0,4828200.000,0,-,-,-,-,4023.0000,4019.0000,4018.8000,4012.8000,4010.2000,4041.0000,4042.6000,4046.4000,4046.6000,4046.8000,1,1,1,1,1,1,1,1,2,1
SF,IF2008,2020-06-22 09:30:26.900,4027.2000,4,0,4828200.000,0,-,-,-,-,4023.0000,4019.0000,4018.8000,4012.8000,4010.2000,4040.8000,4041.0000,4042.6000,4046.4000,4046.6000,1,1,1,1,1,2,2,1,1,1
SF,IF2008,2020-06-22 09:30:27.400,4027.2000,4,0,4828200.000,0,-,-,-,-,4023.4000,4023.0000,4019.8000,4019.0000,4017.6000,4034.2000,4038.2000,4040.6000,4040.8000,4041.0000,1,1,2,1,1,1,1,1,2,1
SF,IF2008,2020-06-22 09:30:27.900,4027.2000,4,0,4828200.000,0,-,-,-,-,4023.4000,4019.8000,4019.0000,4018.0000,4017.6000,4033.8000,4034.0000,4034.2000,4038.2000,4038.4000,1,2,1,1,1,1,1,2,1,1
SF,IF2008,2020-06-22 09:30:28.400,4027.2000,4,0,4828200.000,0,-,-,-,-,4025.6000,4024.8000,4023.6000,4023.4000,4019.8000,4033.8000,4034.0000,4034.2000,4038.2000,4040.8000,1,1,1,1,2,2,1,1,1,1
SF,IF2008,2020-06-22 09:30:28.900,4027.2000,4,0,4828200.000,0,-,-,-,-,4025.6000,4024.8000,4023.6000,4023.4000,4019.8000,4033.8000,4034.0000,4034.2000,4038.2000,4040.8000,1,1,1,1,2,2,1,1,1,1
SF,IF2008,2020-06-22 09:30:29.400,4027.2000,4,0,4828200.000,0,-,-,-,-,4026.4000,4024.8000,4023.4000,4019.8000,4018.0000,4033.8000,4034.0000,4034.2000,4038.2000,4040.8000,2,1,1,2,1,2,1,1,1,1
SF,IF2008,2020-06-22 09:30:29.900,4027.2000,4,0,4828200.000,0,-,-,-,-,4026.6000,4026.4000,4023.4000,4019.8000,4018.0000,4033.8000,4034.0000,4034.2000,4038.2000,4040.8000,1,2,1,2,1,1,1,1,1,1
SF,IF2008,2020-06-22 09:30:30.400,4027.2000,4,0,4828200.000,0,-,-,-,-,4026.6000,4026.4000,4023.4000,4019.8000,4018.0000,4033.8000,4034.0000,4034.2000,4038.2000,4040.8000,1,2,1,2,1,2,1,1,1,1
SF,IF2008,2020-06-22 09:30:30.900,4027.2000,4,0,4828200.000,0,-,-,-,-,4026.6000,4026.4000,4023.4000,4019.8000,4018.0000,4033.8000,4034.0000,4034.2000,4038.2000,4040.8000,1,2,1,2,1,2,1,1,1,1
SF,IF2008,2020-06-22 09:30:31.400,4027.2000,4,0,4828200.000,0,-,-,-,-,4026.6000,4023.4000,4019.8000,4018.0000,4017.6000,4033.8000,4034.0000,4034.2000,4038.2000,4040.8000,1,1,2,1,1,2,1,1,1,1
SF,IF2008,2020-06-22 09:30:31.900,4026.6000,5,1,6036180.000,1,1,0,双开,S,4019.8000,4018.0000,4017.6000,4012.8000,4007.8000,4033.8000,4038.2000,4040.8000,4046.6000,4046.8000,2,1,1,1,1,1,1,1,1,1
SF,IF2008,2020-06-22 09:30:32.400,4026.6000,5,0,6036180.000,0,-,-,-,-,4019.8000,4018.0000,4017.6000,4012.8000,4007.8000,4033.6000,4033.8000,4040.8000,4046.6000,4046.8000,2,1,1,1,1,1,1,1,1,1
SF,IF2008,2020-06-22 09:30:32.900,4026.6000,5,0,6036180.000,0,-,-,-,-,4027.6000,4019.8000,4018.0000,4017.6000,4012.8000,4033.6000,4033.8000,4040.8000,4046.6000,4046.8000,1,2,1,1,1,2,1,1,1,1
SF,IF2008,2020-06-22 09:30:33.400,4027.4000,6,1,7244400.000,1,1,0,双开,S,4024.4000,4023.8000,4019.8000,4018.0000,4017.6000,4033.6000,4033.8000,4040.8000,4046.6000,4046.8000,1,2,2,1,1,2,1,1,1,1
SF,IF2008,2020-06-22 09:30:33.900,4027.4000,6,0,7244400.000,0,-,-,-,-,4023.8000,4019.8000,4018.0000,4017.6000,4012.8000,4033.6000,4033.8000,4040.8000,4046.6000,4046.8000,2,2,1,1,1,2,1,1,1,1
SF,IF2008,2020-06-22 09:30:34.400,4027.4000,6,0,7244400.000,0,-,-,-,-,4026.8000,4025.0000,4019.8000,4018.0000,4017.6000,4030.2000,4033.6000,4040.8000,4046.6000,4046.8000,1,2,2,1,1,1,1,1,1,1
SF,IF2008,2020-06-22 09:30:34.900,4026.8000,7,1,8452440.000,1,1,0,双开,S,4025.0000,4019.8000,4018.0000,4017.6000,4012.8000,4030.2000,4033.6000,4040.8000,4046.6000,4046.8000,3,2,1,1,1,2,1,1,1,1
SF,IF2008,2020-06-22 09:30:35.400,4026.8000,7,0,8452440.000,0,-,-,-,-,4025.0000,4019.8000,4018.0000,4017.6000,4012.8000,4030.2000,4033.6000,4040.8000,4046.6000,4046.8000,3,2,1,1,1,1,1,1,1,1
SF,IF2008,2020-06-22 09:30:35.900,4026.8000,7,0,8452440.000,0,-,-,-,-,4025.0000,4022.8000,4019.8000,4018.0000,4012.8000,4030.2000,4040.8000,4046.6000,4046.8000,4052.0000,3,1,2,1,1,2,1,1,1,2
SF,IF2008,2020-06-22 09:30:36.400,4030.0000,8,1,9661440.000,1,1,0,双开,S,4025.0000,4022.8000,4019.8000,4018.0000,4012.8000,4030.2000,4040.8000,4046.6000,4046.8000,4052.0000,3,1,2,1,1,2,1,1,1,2
SF,IF2008,2020-06-22 09:30:36.900,4030.0000,8,0,9661440.000,0,-,-,-,-,4025.0000,4019.8000,4018.0000,4012.8000,4007.8000,4030.2000,4040.8000,4046.6000,4046.8000,4052.0000,1,2,1,1,1,1,1,1,1,2
SF,IF2008,2020-06-22 09:30:37.400,4025.2000,9,1,10869000.000,1,1,0,双开,S,4025.6000,4025.0000,4019.8000,4018.0000,4012.8000,4030.2000,4040.8000,4046.6000,4046.8000,4052.0000,2,1,2,1,1,1,1,1,1,2
SF,IF2008,2020-06-22 09:30:37.900,4025.4000,11,2,13284240.000,2,2,0,双开,S,4025.6000,4025.4000,4019.8000,4018.0000,4012.8000,4030.2000,4040.8000,4046.6000,4046.8000,4052.0000,3,1,2,1,1,1,1,1,1,2
SF,IF2008,2020-06-22 09:30:38.400,4025.4000,13,2,15699480.000,2,2,0,双开,S,4026.4000,4026.0000,4019.8000,4018.0000,4012.8000,4030.0000,4040.8000,4046.6000,4046.8000,4052.0000,1,1,2,1,1,1,1,1,1,2
SF,IF2008,2020-06-22 09:30:38.900,4025.4000,13,0,15699480.000,0,-,-,-,-,4026.4000,4026.0000,4019.8000,4018.0000,4012.8000,4029.2000,4030.0000,4040.8000,4046.6000,4046.8000,1,1,2,1,1,2,1,1,1,1
SF,IF2008,2020-06-22 09:30:39.400,4026.2000,14,1,16907340.000,1,1,0,双开,S,4019.8000,4018.0000,4012.8000,4007.8000,4000.0000,4029.2000,4030.0000,4040.8000,4046.6000,4046.8000,2,1,1,1,1,2,1,1,1,1
SF,IF2008,2020-06-22 09:30:39.900,4026.2000,14,0,16907340.000,0,-,-,-,-,4020.0000,4019.8000,4018.0000,4012.8000,4007.8000,4028.0000,4029.2000,4030.0000,4040.8000,4046.6000,1,2,1,1,1,1,2,1,1,1
SF,IF2008,2020-06-22 09:30:40.400,4026.2000,14,0,16907340.000,0,-,-,-,-,4024.4000,4020.0000,4019.8000,4018.0000,4012.8000,4028.0000,4029.2000,4030.0000,4040.8000,4046.6000,1,2,2,1,1,1,2,1,1,1
SF,IF2008,2020-06-22 09:30:40.900,4026.2000,14,0,16907340.000,0,-,-,-,-,4024.4000,4020.0000,4019.8000,4018.0000,4012.8000,4028.0000,4029.2000,4030.0000,4040.8000,4046.6000,1,1,2,1,1,1,2,1,1,1
SF,IF2008,2020-06-22 09:30:41.400,4028.0000,15,1,18115740.000,1,1,0,双开,S,4024.4000,4020.0000,4019.8000,4018.0000,4012.8000,4029.2000,4040.8000,4046.6000,4046.8000,4052.0000,1,1,2,1,1,2,1,1,1,2
SF,IF2008,2020-06-22 09:30:41.900,4028.0000,15,0,18115740.000,0,-,-,-,-,4024.4000,4023.0000,4020.0000,4019.8000,4018.0000,4029.2000,4040.8000,4046.6000,4046.8000,4052.0000,1,1,1,2,1,2,1,1,1,2
SF,IF2008,2020-06-22 09:30:42.400,4028.0000,15,0,18115740.000,0,-,-,-,-,4025.0000,4020.0000,4019.8000,4018.0000,4012.8000,4040.8000,4046.6000,4046.8000,4052.0000,4059.8000,1,1,2,1,1,1,1,1,2,3
SF,IF2008,2020-06-22 09:30:42.900,4025.0000,16,1,19323240.000,1,1,0,双开,S,4020.0000,4019.8000,4018.0000,4012.8000,4007.8000,4040.6000,4040.8000,4046.6000,4046.8000,4052.0000,1,2,1,1,1,2,2,1,1,2
SF,IF2008,2020-06-22 09:30:43.400,4025.0000,16,0,19323240.000,0,-,-,-,-,4025.8000,4020.0000,4019.8000,4018.0000,4012.8000,4030.6000,4040.6000,4046.6000,4046.8000,4052.0000,1,1,2,1,1,2,2,1,1,2
SF,IF2008,2020-06-22 09:30:43.900,4025.0000,16,0,19323240.000,0,-,-,-,-,4025.8000,4020.0000,4019.8000,4012.8000,4007.8000,4030.4000,4030.6000,4032.8000,4040.6000,4046.6000,1,1,2,1,1,1,2,1,1,1
SF,IF2008,2020-06-22 09:30:44.400,4025.0000,16,0,19323240.000,0,-,-,-,-,4025.8000,4020.0000,4019.8000,4012.8000,4007.8000,4029.6000,4030.4000,4040.6000,4046.6000,4046.8000,1,1,2,1,1,2,1,1,1,1
SF,IF2008,2020-06-22 09:30:44.900,4025.0000,16,0,19323240.000,0,-,-,-,-,4025.8000,4020.0000,4019.8000,4012.8000,4007.8000,4029.6000,4030.4000,4040.6000,4046.6000,4046.8000,1,1,2,1,1,3,1,1,1,1
SF,IF2008,2020-06-22 09:30:45.400,4025.0000,16,0,19323240.000,0,-,-,-,-,4025.8000,4020.0000,4019.8000,4012.8000,4007.8000,4029.0000,4029.6000,4040.6000,4046.6000,4046.8000,1,1,2,1,1,1,3,1,1,1
SF,IF2008,2020-06-22 09:30:45.900,4025.0000,16,0,19323240.000,0,-,-,-,-,4025.8000,4020.0000,4019.8000,4012.8000,4007.8000,4028.0000,4029.0000,4029.6000,4040.6000,4046.6000,1,1,2,1,1,1,1,2,1,1
SF,IF2008,2020-06-22 09:30:46.400,4025.0000,16,0,19323240.000,0,-,-,-,-,4025.8000,4020.0000,4019.8000,4012.8000,4007.8000,4028.0000,4028.6000,4028.8000,4029.0000,4035.8000,1,1,2,1,1,1,1,2,1,2
SF,IF2008,2020-06-22 09:30:46.900,4025.0000,16,0,19323240.000,0,-,-,-,-,4025.8000,4020.0000,4019.8000,4012.8000,4007.8000,4028.0000,4028.6000,4029.0000,4035.8000,4040.6000,1,1,2,1,1,1,1,1,2,1
SF,IF2008,2020-06-22 09:30:47.400,4027.8000,17,1,20531580.000,1,1,0,双开,S,4025.8000,4020.4000,4020.0000,4019.8000,4012.8000,4027.8000,4028.0000,4028.6000,4029.0000,4035.8000,1,1,1,2,1,1,1,1,1,2
SF,IF2008,2020-06-22 09:30:47.900,4027.8000,17,0,20531580.000,0,-,-,-,-,4025.8000,4020.4000,4020.0000,4019.8000,4012.8000,4027.8000,4028.0000,4029.0000,4035.8000,4040.6000,2,1,1,2,1,1,1,1,2,1
SF,IF2008,2020-06-22 09:30:48.400,4027.8000,17,0,20531580.000,0,-,-,-,-,4026.4000,4025.8000,4020.4000,4020.0000,4019.8000,4027.8000,4028.0000,4029.0000,4035.8000,4040.6000,1,2,1,1,2,1,1,1,2,1
SF,IF2008,2020-06-22 09:30:50.400,4027.8000,17,0,20531580.000,0,-,-,-,-,4026.4000,4025.8000,4020.4000,4020.0000,4019.8000,4028.0000,4029.0000,4035.8000,4040.6000,4046.6000,2,1,1,1,2,1,1,2,1,1
SF,IF2008,2020-06-22 09:30:51.900,4027.8000,17,0,20531580.000,0,-,-,-,-,4026.4000,4025.8000,4020.4000,4020.0000,4019.8000,4028.0000,4028.8000,4029.0000,4035.8000,4040.6000,2,1,1,1,2,1,1,1,2,1
SF,IF2008,2020-06-22 09:30:52.400,4027.8000,17,0,20531580.000,0,-,-,-,-,4025.8000,4020.4000,4020.0000,4019.8000,4012.8000,4028.0000,4028.8000,4029.0000,4035.8000,4040.6000,1,1,1,2,1,1,1,1,2,1
SF,IF2008,2020-06-22 09:30:52.900,4027.8000,17,0,20531580.000,0,-,-,-,-,4027.8000,4025.8000,4020.4000,4020.0000,4019.8000,4028.0000,4028.8000,4029.0000,4035.8000,4040.6000,1,1,1,1,2,1,1,1,2,1
SF,IF2008,2020-06-22 09:30:53.900,4027.8000,17,0,20531580.000,0,-,-,-,-,4027.8000,4025.8000,4020.4000,4020.0000,4019.8000,4028.0000,4028.8000,4029.0000,4035.8000,4040.6000,1,1,1,1,2,1,1,1,2,1
SF,IF2008,2020-06-22 09:30:54.400,4027.8000,17,0,20531580.000,0,-,-,-,-,4027.8000,4020.0000,4019.8000,4018.0000,4012.8000,4028.0000,4028.8000,4029.0000,4035.8000,4040.6000,1,1,2,1,1,1,1,1,2,1
SF,IF2008,2020-06-22 09:30:54.900,4028.0000,18,1,21739980.000,1,1,0,双开,S,4027.8000,4025.2000,4020.0000,4019.8000,4018.0000,4028.8000,4029.0000,4035.8000,4040.6000,4046.6000,1,1,1,2,1,1,1,2,1,1
SF,IF2008,2020-06-22 09:30:55.400,4028.0000,18,0,21739980.000,0,-,-,-,-,4027.8000,4025.2000,4020.0000,4019.8000,4018.0000,4028.8000,4029.0000,4035.8000,4040.6000,4046.6000,1,1,1,2,1,1,1,2,1,1
SF,IF2008,2020-06-22 09:30:55.900,4028.0000,18,0,21739980.000,0,-,-,-,-,4028.0000,4027.8000,4025.2000,4020.0000,4019.8000,4029.0000,4035.8000,4040.6000,4046.6000,4046.8000,1,2,1,1,2,1,2,1,1,1
SF,IF2008,2020-06-22 09:30:58.400,4028.0000,18,0,21739980.000,0,-,-,-,-,4028.0000,4027.8000,4025.2000,4020.0000,4019.8000,4035.8000,4040.6000,4046.6000,4046.8000,4052.0000,2,1,1,1,2,2,1,1,1,2
SF,IF2008,2020-06-22 09:30:58.900,4028.0000,18,0,21739980.000,0,-,-,-,-,4028.0000,4027.8000,4025.2000,4020.0000,4019.8000,4035.6000,4035.8000,4040.6000,4046.6000,4046.8000,1,1,1,1,2,1,2,1,1,1
SF,IF2008,2020-06-22 09:30:59.400,4028.0000,18,0,21739980.000,0,-,-,-,-,4028.0000,4027.8000,4025.2000,4020.0000,4019.8000,4032.2000,4035.6000,4035.8000,4040.6000,4046.8000,1,1,1,1,2,1,1,2,1,1
SF,IF2008,2020-06-22 09:30:59.900,4028.0000,18,0,21739980.000,0,-,-,-,-,4028.0000,4027.8000,4025.2000,4020.0000,4019.8000,4032.2000,4035.8000,4040.6000,4046.8000,4052.0000,1,1,1,1,2,1,2,1,1,2
SF,IF2008,2020-06-22 09:31:01.400,4028.0000,18,0,21739980.000,0,-,-,-,-,4028.0000,4027.8000,4026.0000,4025.2000,4020.0000,4032.2000,4035.8000,4040.6000,4046.8000,4052.0000,1,1,1,1,1,1,2,1,1,2
SF,IF2008,2020-06-22 09:31:01.900,4028.0000,18,0,21739980.000,0,-,-,-,-,4028.0000,4027.8000,4026.0000,4025.2000,4020.0000,4032.2000,4040.6000,4042.2000,4046.8000,4052.0000,1,1,1,1,1,1,1,2,1,2
SF,IF2008,2020-06-22 09:31:02.400,4028.0000,18,0,21739980.000,0,-,-,-,-,4028.0000,4027.8000,4026.0000,4025.2000,4020.0000,4032.2000,4040.6000,4046.8000,4052.0000,4059.8000,1,1,1,1,1,1,1,1,2,3
SF,IF2008,2020-06-22 09:31:02.900,4028.0000,18,0,21739980.000,0,-,-,-,-,4028.0000,4027.8000,4026.0000,4025.2000,4020.0000,4032.2000,4040.6000,4046.8000,4052.0000,4059.8000,1,1,1,1,1,1,1,1,2,3
SF,IF2008,2020-06-22 09:31:03.900,4028.0000,18,0,21739980.000,0,-,-,-,-,4028.0000,4027.8000,4026.0000,4025.2000,4020.0000,4032.0000,4032.2000,4040.6000,4046.8000,4052.0000,1,1,1,1,1,1,1,1,1,2
SF,IF2008,2020-06-22 09:31:04.400,4028.0000,18,0,21739980.000,0,-,-,-,-,4028.0000,4027.8000,4026.0000,4025.2000,4020.0000,4032.0000,4040.6000,4046.8000,4052.0000,4059.8000,1,1,1,1,1,1,1,1,2,3
SF,IF2008,2020-06-22 09:31:04.900,4028.0000,18,0,21739980.000,0,-,-,-,-,4028.0000,4027.8000,4026.0000,4025.2000,4020.0000,4031.4000,4032.0000,4040.6000,4046.8000,4052.0000,1,1,1,1,1,1,1,1,1,2
SF,IF2008,2020-06-22 09:31:05.400,4028.0000,18,0,21739980.000,0,-,-,-,-,4028.0000,4027.8000,4026.0000,4025.2000,4020.0000,4031.4000,4032.0000,4040.6000,4046.8000,4052.0000,1,1,1,1,1,1,1,1,1,2
SF,IF2008,2020-06-22 09:31:06.400,4028.0000,18,0,21739980.000,0,-,-,-,-,4028.0000,4027.8000,4026.0000,4025.2000,4020.0000,4031.4000,4032.0000,4040.6000,4046.8000,4052.0000,1,1,1,1,1,1,1,1,1,2
SF,IF2008,2020-06-22 09:31:06.900,4028.0000,18,0,21739980.000,0,-,-,-,-,4028.2000,4028.0000,4027.8000,4026.0000,4025.2000,4031.4000,4032.0000,4040.6000,4046.8000,4052.0000,1,1,1,1,1,1,1,1,1,2
SF,IF2008,2020-06-22 09:31:07.400,4028.0000,18,0,21739980.000,0,-,-,-,-,4028.2000,4028.0000,4027.8000,4026.0000,4025.2000,4031.4000,4032.0000,4040.6000,4046.8000,4052.0000,1,1,1,1,1,1,1,1,1,2
SF,IF2008,2020-06-22 09:31:07.900,4028.0000,18,0,21739980.000,0,-,-,-,-,4028.2000,4028.0000,4027.8000,4026.0000,4025.2000,4031.4000,4032.0000,4040.6000,4046.8000,4052.0000,1,1,1,1,1,1,1,1,1,2
SF,IF2008,2020-06-22 09:31:08.400,4031.4000,19,1,22949400.000,1,1,0,双开,S,4028.2000,4028.0000,4027.8000,4026.0000,4025.2000,4032.0000,4040.6000,4046.8000,4052.0000,4059.8000,1,1,1,1,1,1,1,1,2,3
SF,IF2008,2020-06-22 09:31:08.900,4031.4000,19,0,22949400.000,0,-,-,-,-,4028.2000,4028.0000,4027.8000,4026.0000,4025.2000,4032.0000,4040.6000,4052.0000,4059.8000,4068.0000,1,1,1,1,1,2,1,2,3,1
SF,IF2008,2020-06-22 09:31:09.400,4031.4000,19,0,22949400.000,0,-,-,-,-,4028.4000,4028.2000,4028.0000,4027.8000,4026.0000,4032.0000,4040.6000,4052.0000,4059.8000,4068.0000,1,1,1,1,1,1,1,2,3,1
SF,IF2008,2020-06-22 09:31:09.900,4031.4000,19,0,22949400.000,0,-,-,-,-,4028.6000,4028.4000,4028.0000,4027.8000,4026.0000,4032.0000,4040.6000,4052.0000,4059.8000,4068.0000,1,1,1,1,1,1,1,2,3,1
SF,IF2008,2020-06-22 09:31:10.400,4031.4000,19,0,22949400.000,0,-,-,-,-,4028.6000,4028.4000,4028.0000,4027.8000,4026.0000,4032.0000,4040.6000,4052.0000,4059.8000,4068.0000,1,1,1,1,1,1,1,2,3,1
SF,IF2008,2020-06-22 09:31:10.900,4031.4000,19,0,22949400.000,0,-,-,-,-,4028.6000,4028.4000,4028.0000,4027.8000,4026.0000,4032.0000,4040.6000,4052.0000,4059.8000,4068.0000,2,1,1,1,1,1,1,2,3,1
SF,IF2008,2020-06-22 09:31:11.400,4031.4000,19,0,22949400.000,0,-,-,-,-,4028.6000,4028.4000,4028.0000,4027.8000,4026.0000,4032.0000,4040.6000,4052.0000,4059.8000,4068.0000,2,1,1,1,1,1,1,2,3,1
SF,IF2008,2020-06-22 09:31:11.900,4031.4000,19,0,22949400.000,0,-,-,-,-,4028.6000,4028.4000,4028.0000,4027.8000,4026.0000,4032.0000,4040.6000,4052.0000,4059.8000,4068.0000,2,1,1,1,1,1,1,2,3,1
SF,IF2008,2020-06-22 09:31:12.400,4031.4000,19,0,22949400.000,0,-,-,-,-,4028.6000,4028.4000,4028.0000,4027.8000,4026.0000,4031.2000,4032.0000,4040.6000,4052.0000,4059.8000,1,1,1,1,1,1,1,1,2,3
SF,IF2008,2020-06-22 09:31:12.900,4031.2000,20,1,24158760.000,1,1,0,双开,S,4028.6000,4028.4000,4028.0000,4027.8000,4026.0000,4032.0000,4040.6000,4052.0000,4059.8000,4068.0000,1,1,1,1,1,1,1,2,3,1
SF,IF2008,2020-06-22 09:31:13.400,4031.2000,20,0,24158760.000,0,-,-,-,-,4028.6000,4028.4000,4028.0000,4027.8000,4026.0000,4032.0000,4040.6000,4052.0000,4059.8000,4068.0000,1,1,1,1,1,1,1,2,3,1
SF,IF2008,2020-06-22 09:31:13.900,4032.0000,21,1,25368360.000,1,1,0,双开,S,4028.6000,4028.4000,4028.0000,4027.8000,4026.0000,4040.6000,4052.0000,4059.8000,4068.0000,4090.0000,2,1,1,1,1,1,2,3,1,1
SF,IF2008,2020-06-22 09:31:14.400,4032.0000,21,0,25368360.000,0,-,-,-,-,4028.4000,4028.0000,4027.8000,4026.0000,4025.2000,4040.4000,4040.6000,4052.0000,4059.8000,4068.0000,1,1,1,1,1,3,1,2,3,1
SF,IF2008,2020-06-22 09:31:14.900,4032.0000,21,0,25368360.000,0,-,-,-,-,4028.4000,4028.0000,4027.8000,4026.0000,4025.2000,4040.4000,4052.0000,4059.8000,4068.0000,4090.0000,1,1,1,1,1,3,2,3,1,1
SF,IF2008,2020-06-22 09:31:15.400,4032.0000,21,0,25368360.000,0,-,-,-,-,4028.6000,4028.4000,4028.0000,4027.8000,4026.0000,4040.2000,4040.4000,4052.0000,4059.8000,4068.0000,1,1,1,1,1,1,3,2,3,1
SF,IF2008,2020-06-22 09:31:15.900,4032.0000,21,0,25368360.000,0,-,-,-,-,4028.6000,4028.0000,4027.8000,4026.0000,4025.2000,4040.0000,4040.2000,4040.4000,4052.0000,4059.8000,1,1,1,1,1,2,1,1,2,3
SF,IF2008,2020-06-22 09:31:16.400,4032.0000,21,0,25368360.000,0,-,-,-,-,4030.4000,4028.6000,4028.0000,4027.8000,4026.0000,4035.4000,4039.8000,4040.0000,4040.2000,4040.4000,1,1,1,1,1,1,2,2,1,1
SF,IF2008,2020-06-22 09:31:16.900,4032.0000,21,0,25368360.000,0,-,-,-,-,4030.4000,4029.4000,4028.6000,4028.0000,4027.8000,4035.2000,4035.4000,4040.0000,4052.0000,4059.8000,1,1,1,1,1,1,2,1,2,3
SF,IF2008,2020-06-22 09:31:17.400,4032.0000,21,0,25368360.000,0,-,-,-,-,4030.4000,4029.4000,4028.6000,4028.0000,4027.8000,4035.2000,4035.4000,4040.0000,4052.0000,4059.8000,1,1,1,1,1,2,1,1,2,3
SF,IF2008,2020-06-22 09:31:17.900,4032.0000,21,0,25368360.000,0,-,-,-,-,4029.4000,4028.6000,4028.0000,4027.8000,4026.0000,4034.6000,4035.2000,4040.0000,4052.0000,4059.8000,1,1,1,1,1,1,2,1,2,3
SF,IF2008,2020-06-22 09:31:18.400,4032.0000,21,0,25368360.000,0,-,-,-,-,4029.6000,4028.0000,4027.8000,4026.0000,4025.2000,4034.6000,4035.2000,4052.0000,4059.8000,4068.0000,1,1,1,1,1,1,2,2,3,1
SF,IF2008,2020-06-22 09:31:18.900,4032.0000,21,0,25368360.000,0,-,-,-,-,4029.6000,4028.0000,4027.8000,4026.0000,4025.2000,4034.4000,4052.0000,4059.8000,4068.0000,4143.0000,1,1,1,1,1,1,2,3,1,2
SF,IF2008,2020-06-22 09:31:19.400,4032.0000,21,0,25368360.000,0,-,-,-,-,4029.6000,4028.0000,4027.8000,4026.0000,4025.2000,4034.4000,4035.0000,4052.0000,4059.8000,4060.2000,1,1,1,1,1,2,1,2,3,1
SF,IF2008,2020-06-22 09:31:21.900,4032.0000,21,0,25368360.000,0,-,-,-,-,4029.6000,4028.0000,4027.8000,4026.0000,4025.2000,4034.4000,4052.0000,4059.8000,4060.2000,4068.0000,1,1,1,1,1,2,2,3,1,1
SF,IF2008,2020-06-22 09:31:23.400,4032.0000,21,0,25368360.000,0,-,-,-,-,4029.6000,4028.0000,4027.8000,4026.0000,4025.2000,4033.0000,4034.4000,4052.0000,4059.8000,4060.2000,1,1,1,1,1,1,2,2,3,1
SF,IF2008,2020-06-22 09:31:23.900,4034.4000,23,2,27788580.000,2,2,0,双开,S,4028.0000,4027.8000,4026.0000,4025.2000,4020.0000,4052.0000,4059.8000,4060.2000,4068.0000,4143.0000,1,1,1,1,1,2,3,1,1,2
SF,IF2008,2020-06-22 09:31:24.400,4034.4000,23,0,27788580.000,0,-,-,-,-,4028.2000,4028.0000,4027.8000,4026.0000,4025.2000,4034.2000,4050.0000,4051.8000,4052.0000,4059.8000,1,1,1,1,1,1,6,6,2,3
SF,IF2008,2020-06-22 09:31:24.900,4034.4000,23,0,27788580.000,0,-,-,-,-,4028.2000,4028.0000,4027.8000,4026.0000,4025.2000,4034.2000,4038.2000,4050.0000,4051.8000,4052.0000,1,1,1,1,1,1,1,6,5,2
SF,IF2008,2020-06-22 09:31:25.400,4034.4000,23,0,27788580.000,0,-,-,-,-,4028.8000,4028.2000,4028.0000,4027.8000,4026.0000,4033.0000,4034.0000,4034.2000,4049.0000,4050.0000,1,1,1,1,1,1,2,2,1,6
SF,IF2008,2020-06-22 09:31:25.900,4034.4000,23,0,27788580.000,0,-,-,-,-,4029.0000,4028.8000,4028.0000,4027.8000,4026.0000,4033.0000,4033.8000,4034.0000,4034.2000,4049.0000,1,2,1,1,1,2,1,2,2,1
SF,IF2008,2020-06-22 09:31:26.400,4034.4000,23,0,27788580.000,0,-,-,-,-,4029.8000,4029.0000,4028.8000,4028.0000,4027.8000,4033.0000,4033.8000,4034.0000,4034.2000,4049.0000,1,1,1,1,1,2,1,2,2,1
SF,IF2008,2020-06-22 09:31:27.400,4034.4000,23,0,27788580.000,0,-,-,-,-,4029.8000,4029.0000,4028.8000,4028.0000,4027.8000,4033.0000,4033.8000,4034.0000,4034.2000,4049.0000,1,1,1,1,1,1,1,1,2,1
SF,IF2008,2020-06-22 09:31:27.900,4034.4000,23,0,27788580.000,0,-,-,-,-,4028.0000,4027.8000,4026.0000,4025.2000,4020.0000,4032.8000,4034.2000,4049.0000,4050.0000,4051.0000,1,1,1,1,1,1,2,1,6,1
SF,IF2008,2020-06-22 09:31:28.400,4034.4000,23,0,27788580.000,0,-,-,-,-,4028.2000,4028.0000,4027.8000,4026.0000,4025.2000,4032.8000,4034.2000,4049.0000,4050.0000,4051.0000,1,1,1,1,1,2,2,1,6,1
SF,IF2008,2020-06-22 09:31:29.400,4034.4000,23,0,27788580.000,0,-,-,-,-,4028.2000,4028.0000,4027.8000,4026.0000,4025.2000,4032.8000,4033.8000,4034.2000,4049.0000,4050.0000,1,1,1,1,1,2,2,1,1,6
SF,IF2008,2020-06-22 09:31:29.900,4034.4000,23,0,27788580.000,0,-,-,-,-,4028.6000,4028.2000,4028.0000,4027.8000,4026.0000,4032.8000,4033.8000,4034.2000,4049.0000,4050.0000,1,1,1,1,1,1,2,1,1,6
SF,IF2008,2020-06-22 09:31:30.900,4034.4000,23,0,27788580.000,0,-,-,-,-,4028.6000,4028.2000,4028.0000,4027.8000,4026.0000,4032.6000,4032.8000,4033.8000,4034.2000,4049.0000,1,1,1,1,1,1,2,2,1,1
SF,IF2008,2020-06-22 09:31:31.400,4034.4000,23,0,27788580.000,0,-,-,-,-,4028.6000,4028.2000,4028.0000,4027.8000,4026.0000,4031.8000,4032.4000,4032.6000,4033.8000,4034.2000,1,1,1,1,1,2,1,2,2,1
SF,IF2008,2020-06-22 09:31:31.900,4034.4000,23,0,27788580.000,0,-,-,-,-,4028.6000,4028.0000,4027.8000,4026.0000,4025.2000,4031.6000,4032.6000,4033.8000,4034.2000,4049.0000,1,1,1,1,1,1,2,2,1,1
SF,IF2008,2020-06-22 09:31:32.400,4034.4000,23,0,27788580.000,0,-,-,-,-,4028.0000,4027.8000,4026.0000,4025.2000,4020.0000,4032.6000,4033.8000,4034.2000,4049.0000,4050.0000,1,1,1,1,1,2,3,1,1,6
SF,IF2008,2020-06-22 09:31:32.900,4034.4000,23,0,27788580.000,0,-,-,-,-,4028.2000,4028.0000,4027.8000,4026.0000,4025.2000,4032.6000,4033.8000,4034.2000,4049.0000,4050.0000,1,1,1,1,1,1,1,1,1,6
SF,IF2008,2020-06-22 09:31:33.400,4034.4000,23,0,27788580.000,0,-,-,-,-,4028.2000,4028.0000,4027.8000,4026.0000,4025.2000,4032.4000,4032.6000,4033.8000,4034.2000,4049.0000,1,1,1,1,1,1,1,1,1,1
SF,IF2008,2020-06-22 09:31:34.900,4034.4000,23,0,27788580.000,0,-,-,-,-,4028.2000,4028.0000,4027.8000,4026.0000,4025.2000,4032.4000,4032.6000,4034.2000,4049.0000,4050.0000,1,1,1,1,1,1,1,1,1,6
SF,IF2008,2020-06-22 09:31:35.400,4034.4000,23,0,27788580.000,0,-,-,-,-,4028.2000,4028.0000,4027.8000,4026.0000,4025.2000,4032.4000,4034.2000,4049.0000,4050.0000,4051.0000,1,1,1,1,1,1,1,1,6,1
SF,IF2008,2020-06-22 09:31:37.400,4034.4000,23,0,27788580.000,0,-,-,-,-,4032.0000,4028.2000,4028.0000,4027.8000,4026.0000,4032.4000,4034.2000,4049.0000,4050.0000,4051.0000,2,1,1,1,1,1,1,1,6,1
SF,IF2008,2020-06-22 09:31:37.900,4032.0000,25,2,30207780.000,2,2,0,双开,S,4028.0000,4027.8000,4027.6000,4026.0000,4025.2000,4032.2000,4034.2000,4049.0000,4050.0000,4051.0000,1,1,1,1,1,1,1,1,6,1
SF,IF2008,2020-06-22 09:31:38.400,4032.0000,25,0,30207780.000,0,-,-,-,-,4028.2000,4028.0000,4027.8000,4027.6000,4026.0000,4032.2000,4034.2000,4049.0000,4050.0000,4051.0000,1,2,1,1,1,1,1,1,6,1
SF,IF2008,2020-06-22 09:31:40.900,4032.0000,25,0,30207780.000,0,-,-,-,-,4028.2000,4028.0000,4027.8000,4027.6000,4026.0000,4032.2000,4034.2000,4050.0000,4051.0000,4051.8000,1,2,1,1,1,1,1,6,1,3
SF,IF2008,2020-06-22 09:31:41.400,4032.0000,25,0,30207780.000,0,-,-,-,-,4028.2000,4028.0000,4027.8000,4027.6000,4026.0000,4031.8000,4032.2000,4034.2000,4050.0000,4051.0000,1,2,1,1,1,1,1,1,6,1
SF,IF2008,2020-06-22 09:31:41.900,4032.0000,25,0,30207780.000,0,-,-,-,-,4028.2000,4028.0000,4027.8000,4027.6000,4026.0000,4031.8000,4032.2000,4034.2000,4050.0000,4051.0000,1,1,1,1,1,1,1,1,6,1
SF,IF2008,2020-06-22 09:31:42.400,4032.0000,25,0,30207780.000,0,-,-,-,-,4028.2000,4028.0000,4027.8000,4027.6000,4026.0000,4032.2000,4034.2000,4050.0000,4051.0000,4051.8000,1,1,1,1,1,1,1,6,1,3
SF,IF2008,2020-06-22 09:31:43.400,4032.0000,25,0,30207780.000,0,-,-,-,-,4028.2000,4028.0000,4027.8000,4027.6000,4026.0000,4032.2000,4034.2000,4050.0000,4051.0000,4051.8000,2,1,1,1,1,1,1,6,1,3
SF,IF2008,2020-06-22 09:31:43.900,4032.0000,25,0,30207780.000,0,-,-,-,-,4028.2000,4028.0000,4027.8000,4027.6000,4026.0000,4032.2000,4034.2000,4050.0000,4051.0000,4051.8000,2,1,1,1,1,1,1,6,1,3
SF,IF2008,2020-06-22 09:31:44.400,4032.0000,25,0,30207780.000,0,-,-,-,-,4028.4000,4028.2000,4028.0000,4027.8000,4027.6000,4032.2000,4034.2000,4050.0000,4051.0000,4051.8000,1,2,1,1,1,1,1,6,1,3
SF,IF2008,2020-06-22 09:31:44.900,4032.0000,25,0,30207780.000,0,-,-,-,-,4028.6000,4028.4000,4028.0000,4027.8000,4027.6000,4032.2000,4034.2000,4050.0000,4051.0000,4051.8000,1,1,1,1,1,1,1,6,1,3
SF,IF2008,2020-06-22 09:31:45.400,4028.8000,26,1,31416420.000,1,1,0,双开,S,4028.6000,4028.4000,4028.0000,4027.8000,4027.6000,4032.2000,4034.2000,4050.0000,4051.0000,4051.8000,1,1,1,1,1,1,1,6,1,3
SF,IF2008,2020-06-22 09:31:45.900,4028.8000,26,0,31416420.000,0,-,-,-,-,4028.6000,4028.0000,4027.8000,4027.6000,4026.0000,4032.2000,4034.2000,4050.0000,4051.0000,4051.8000,1,1,1,1,1,1,1,6,1,3
SF,IF2008,2020-06-22 09:31:46.400,4028.8000,26,0,31416420.000,0,-,-,-,-,4028.6000,4028.0000,4027.8000,4027.6000,4026.0000,4032.2000,4034.2000,4050.0000,4051.0000,4051.8000,2,1,1,1,1,1,1,6,1,3
SF,IF2008,2020-06-22 09:31:46.900,4028.8000,26,0,31416420.000,0,-,-,-,-,4028.6000,4028.0000,4027.8000,4027.6000,4026.0000,4032.2000,4034.2000,4050.0000,4051.0000,4051.8000,1,1,1,1,1,1,1,6,1,3
SF,IF2008,2020-06-22 09:31:47.400,4028.8000,26,0,31416420.000,0,-,-,-,-,4028.8000,4028.6000,4028.0000,4027.8000,4027.6000,4032.2000,4034.2000,4050.0000,4051.0000,4051.8000,1,1,1,1,1,1,1,6,1,3
SF,IF2008,2020-06-22 09:31:47.900,4028.8000,26,0,31416420.000,0,-,-,-,-,4029.0000,4028.8000,4028.0000,4027.8000,4027.6000,4032.2000,4034.2000,4050.0000,4051.0000,4051.8000,1,1,1,1,1,1,1,6,1,3
SF,IF2008,2020-06-22 09:31:48.400,4028.8000,26,0,31416420.000,0,-,-,-,-,4029.0000,4028.8000,4028.0000,4027.8000,4027.6000,4032.2000,4034.2000,4050.0000,4051.0000,4051.8000,2,1,1,1,1,1,1,6,1,3
SF,IF2008,2020-06-22 09:31:49.400,4028.8000,26,0,31416420.000,0,-,-,-,-,4029.0000,4028.0000,4027.8000,4027.6000,4026.0000,4032.2000,4034.2000,4050.0000,4051.0000,4051.8000,2,1,1,1,1,1,1,6,1,3
SF,IF2008,2020-06-22 09:31:49.900,4028.8000,26,0,31416420.000,0,-,-,-,-,4029.8000,4029.0000,4028.0000,4027.8000,4027.6000,4032.2000,4034.2000,4050.0000,4051.0000,4051.8000,1,2,1,1,1,1,1,6,1,3
SF,IF2008,2020-06-22 09:31:50.400,4028.8000,26,0,31416420.000,0,-,-,-,-,4029.0000,4028.0000,4027.8000,4027.6000,4026.0000,4032.2000,4034.2000,4050.0000,4051.0000,4051.8000,2,1,1,1,1,1,1,6,1,3
SF,IF2008,2020-06-22 09:31:50.900,4028.8000,26,0,31416420.000,0,-,-,-,-,4029.2000,4029.0000,4028.0000,4027.8000,4027.6000,4032.2000,4034.2000,4050.0000,4051.0000,4051.8000,1,2,1,1,1,1,1,6,1,3
SF,IF2008,2020-06-22 09:31:51.400,4028.8000,26,0,31416420.000,0,-,-,-,-,4029.4000,4029.0000,4028.0000,4027.8000,4027.6000,4032.2000,4034.2000,4050.0000,4051.0000,4051.8000,1,1,1,1,1,1,1,6,1,3
SF,IF2008,2020-06-22 09:31:51.900,4032.2000,27,1,32626080.000,1,1,0,双开,S,4032.2000,4029.4000,4029.0000,4028.0000,4027.8000,4034.2000,4050.0000,4051.0000,4051.8000,4059.8000,1,1,1,1,1,1,6,1,3,3
SF,IF2008,2020-06-22 09:31:52.400,4032.2000,28,1,33835740.000,1,1,0,双开,S,4029.0000,4028.0000,4027.8000,4027.6000,4026.0000,4034.2000,4050.0000,4051.0000,4051.8000,4059.8000,1,1,1,1,1,2,6,1,3,3
SF,IF2008,2020-06-22 09:31:52.900,4032.2000,28,0,33835740.000,0,-,-,-,-,4029.2000,4029.0000,4028.0000,4027.8000,4027.6000,4034.2000,4050.0000,4051.0000,4051.8000,4059.8000,1,1,1,1,1,1,6,1,3,3
SF,IF2008,2020-06-22 09:31:53.900,4032.2000,28,0,33835740.000,0,-,-,-,-,4029.6000,4029.2000,4029.0000,4028.0000,4027.8000,4034.2000,4050.0000,4051.0000,4051.8000,4059.8000,1,1,1,1,1,1,6,1,3,3
SF,IF2008,2020-06-22 09:31:54.400,4032.2000,28,0,33835740.000,0,-,-,-,-,4029.8000,4029.6000,4029.4000,4028.0000,4027.8000,4034.2000,4050.0000,4051.0000,4051.8000,4059.8000,1,1,1,1,1,1,6,1,3,3
SF,IF2008,2020-06-22 09:31:54.900,4032.2000,28,0,33835740.000,0,-,-,-,-,4029.8000,4029.6000,4029.4000,4028.0000,4027.8000,4034.0000,4034.2000,4050.0000,4051.0000,4051.8000,1,1,1,1,1,1,1,6,1,3
SF,IF2008,2020-06-22 09:31:55.400,4032.2000,28,0,33835740.000,0,-,-,-,-,4029.8000,4028.0000,4027.8000,4027.6000,4026.0000,4034.0000,4034.2000,4050.0000,4051.0000,4051.8000,1,1,1,1,1,1,1,6,1,3
SF,IF2008,2020-06-22 09:31:55.900,4032.2000,28,0,33835740.000,0,-,-,-,-,4029.8000,4028.0000,4027.8000,4027.6000,4026.0000,4034.0000,4034.2000,4050.0000,4051.0000,4051.8000,1,1,1,1,1,2,1,6,1,3
SF,IF2008,2020-06-22 09:31:57.900,4032.2000,28,0,33835740.000,0,-,-,-,-,4030.0000,4029.8000,4028.0000,4027.8000,4027.6000,4034.0000,4034.2000,4050.0000,4051.0000,4051.8000,1,1,1,1,1,2,1,6,1,3
SF,IF2008,2020-06-22 09:31:58.400,4032.2000,28,0,33835740.000,0,-,-,-,-,4030.0000,4029.8000,4028.0000,4027.8000,4027.6000,4033.8000,4034.0000,4034.2000,4050.0000,4051.0000,1,1,1,1,1,1,2,1,6,1
SF,IF2008,2020-06-22 09:31:58.900,4032.2000,28,0,33835740.000,0,-,-,-,-,4030.0000,4029.8000,4028.0000,4027.8000,4027.6000,4033.8000,4034.0000,4034.2000,4050.0000,4051.0000,1,1,1,1,1,1,1,1,6,1
SF,IF2008,2020-06-22 09:31:59.400,4032.2000,28,0,33835740.000,0,-,-,-,-,4030.2000,4030.0000,4028.0000,4027.8000,4027.6000,4033.8000,4034.0000,4034.2000,4050.0000,4051.0000,1,1,1,1,1,1,1,1,6,1
SF,IF2008,2020-06-22 09:31:59.900,4032.2000,28,0,33835740.000,0,-,-,-,-,4030.2000,4030.0000,4028.0000,4027.8000,4027.6000,4033.4000,4033.8000,4034.2000,4050.0000,4051.0000,1,1,1,1,1,1,1,1,6,1
SF,IF2008,2020-06-22 09:32:00.900,4032.2000,28,0,33835740.000,0,-,-,-,-,4030.2000,4028.0000,4027.8000,4027.6000,4026.0000,4033.4000,4033.8000,4034.2000,4050.0000,4051.0000,1,1,1,1,1,1,1,1,6,1
SF,IF2008,2020-06-22 09:32:01.400,4032.2000,28,0,33835740.000,0,-,-,-,-,4030.2000,4028.0000,4027.8000,4027.6000,4026.0000,4032.8000,4033.4000,4033.8000,4050.0000,4051.0000,1,1,1,1,1,1,1,1,6,1
SF,IF2008,2020-06-22 09:32:01.900,4032.2000,28,0,33835740.000,0,-,-,-,-,4030.2000,4028.0000,4027.8000,4027.6000,4026.0000,4032.8000,4033.8000,4050.0000,4051.0000,4051.8000,1,1,1,1,1,1,1,6,1,3
SF,IF2008,2020-06-22 09:32:02.400,4032.2000,28,0,33835740.000,0,-,-,-,-,4030.2000,4028.0000,4027.8000,4027.6000,4026.0000,4032.8000,4033.8000,4050.0000,4051.0000,4051.8000,1,1,1,1,1,2,1,6,1,3
SF,IF2008,2020-06-22 09:32:03.400,4032.2000,28,0,33835740.000,0,-,-,-,-,4030.2000,4028.0000,4027.8000,4027.6000,4026.0000,4032.8000,4033.8000,4050.0000,4051.0000,4051.8000,1,3,1,1,1,1,1,6,1,3
SF,IF2008,2020-06-22 09:32:04.400,4030.2000,29,1,35044800.000,1,1,0,双开,S,4028.0000,4027.8000,4027.6000,4026.0000,4025.2000,4032.8000,4033.8000,4050.0000,4051.0000,4051.8000,3,1,1,1,1,1,1,6,1,3
SF,IF2008,2020-06-22 09:32:04.900,4030.2000,29,0,35044800.000,0,-,-,-,-,4028.2000,4028.0000,4027.8000,4027.6000,4026.0000,4033.8000,4050.0000,4051.0000,4051.8000,4059.8000,1,3,1,1,1,1,6,1,3,3
SF,IF2008,2020-06-22 09:32:05.400,4030.2000,29,0,35044800.000,0,-,-,-,-,4028.2000,4028.0000,4027.8000,4027.6000,4026.0000,4033.6000,4033.8000,4050.0000,4051.0000,4051.8000,1,3,1,1,1,1,2,6,1,3
SF,IF2008,2020-06-22 09:32:05.900,4030.2000,29,0,35044800.000,0,-,-,-,-,4029.0000,4028.6000,4028.2000,4028.0000,4027.8000,4033.6000,4033.8000,4050.0000,4051.0000,4051.8000,1,1,1,3,1,1,1,6,1,3
SF,IF2008,2020-06-22 09:32:06.400,4030.2000,29,0,35044800.000,0,-,-,-,-,4029.2000,4029.0000,4028.6000,4028.4000,4028.0000,4033.6000,4033.8000,4050.0000,4051.0000,4051.8000,1,1,1,1,3,2,1,6,1,3
SF,IF2008,2020-06-22 09:32:06.900,4030.2000,29,0,35044800.000,0,-,-,-,-,4029.0000,4028.4000,4028.0000,4027.8000,4027.6000,4033.6000,4033.8000,4050.0000,4051.0000,4051.8000,1,1,3,1,1,2,1,6,1,3
SF,IF2008,2020-06-22 09:32:07.400,4030.2000,29,0,35044800.000,0,-,-,-,-,4032.8000,4028.4000,4028.0000,4027.8000,4027.6000,4033.4000,4033.6000,4050.0000,4051.0000,4051.8000,1,1,3,1,1,1,2,6,1,3
SF,IF2008,2020-06-22 09:32:07.900,4032.8000,30,1,36254640.000,1,1,0,双开,S,4028.4000,4028.0000,4027.8000,4027.6000,4026.0000,4050.0000,4051.0000,4051.8000,4059.8000,4060.2000,1,3,1,1,1,6,1,3,3,1
SF,IF2008,2020-06-22 09:32:08.400,4032.8000,30,0,36254640.000,0,-,-,-,-,4028.6000,4028.4000,4028.0000,4027.8000,4027.6000,4049.8000,4051.0000,4051.8000,4059.8000,4060.2000,1,1,3,1,1,3,1,2,3,1
SF,IF2008,2020-06-22 09:32:08.900,4032.8000,30,0,36254640.000,0,-,-,-,-,4028.6000,4028.4000,4028.0000,4027.8000,4027.6000,4034.6000,4049.6000,4049.8000,4051.0000,4051.8000,1,1,3,1,1,1,2,3,1,1
SF,IF2008,2020-06-22 09:32:09.400,4028.4000,33,3,39882060.000,3,3,0,双开,S,4029.4000,4028.0000,4027.8000,4027.6000,4026.0000,4033.2000,4034.6000,4041.6000,4049.6000,4049.8000,1,3,1,1,1,1,1,1,2,2
SF,IF2008,2020-06-22 09:32:09.900,4029.4000,34,1,41090880.000,1,1,0,双开,S,4029.4000,4028.0000,4027.8000,4027.6000,4026.0000,4033.2000,4034.6000,4041.6000,4049.6000,4049.8000,1,3,1,1,1,2,1,1,1,1
SF,IF2008,2020-06-22 09:32:10.400,4029.4000,34,0,41090880.000,0,-,-,-,-,4029.6000,4028.0000,4027.8000,4027.6000,4026.0000,4032.6000,4033.0000,4033.2000,4046.8000,4049.6000,1,3,1,1,1,1,2,1,1,1
SF,IF2008,2020-06-22 09:32:10.900,4029.4000,34,0,41090880.000,0,-,-,-,-,4030.2000,4029.6000,4028.8000,4028.0000,4027.8000,4032.6000,4032.8000,4033.0000,4033.2000,4046.8000,1,1,1,3,1,1,1,1,1,1
SF,IF2008,2020-06-22 09:32:11.400,4029.4000,34,0,41090880.000,0,-,-,-,-,4030.2000,4029.8000,4029.6000,4028.8000,4028.0000,4032.6000,4032.8000,4033.0000,4033.2000,4046.8000,1,1,1,1,3,1,1,1,1,1
SF,IF2008,2020-06-22 09:32:11.900,4029.4000,34,0,41090880.000,0,-,-,-,-,4030.2000,4029.8000,4029.6000,4028.8000,4028.0000,4032.6000,4032.8000,4033.0000,4033.2000,4049.6000,1,1,1,1,3,1,1,1,1,1
SF,IF2008,2020-06-22 09:32:12.400,4029.4000,34,0,41090880.000,0,-,-,-,-,4030.2000,4029.8000,4029.6000,4028.8000,4028.0000,4032.6000,4032.8000,4033.0000,4049.6000,4049.8000,1,1,1,1,3,1,1,1,1,1
SF,IF2008,2020-06-22 09:32:12.900,4029.4000,34,0,41090880.000,0,-,-,-,-,4030.6000,4029.8000,4029.6000,4028.8000,4028.0000,4032.8000,4033.0000,4049.6000,4049.8000,4051.0000,2,1,1,1,3,1,1,1,1,1
SF,IF2008,2020-06-22 09:32:13.400,4029.4000,34,0,41090880.000,0,-,-,-,-,4030.6000,4029.6000,4028.8000,4028.0000,4027.8000,4032.8000,4033.0000,4043.2000,4049.6000,4049.8000,2,1,1,3,1,1,1,2,1,1
SF,IF2008,2020-06-22 09:32:13.900,4029.4000,34,0,41090880.000,0,-,-,-,-,4030.6000,4029.6000,4028.0000,4027.8000,4027.6000,4032.8000,4033.0000,4043.2000,4049.6000,4049.8000,2,1,3,1,1,1,1,2,1,1
SF,IF2008,2020-06-22 09:32:14.900,4030.2000,35,1,42299940.000,1,1,0,双开,S,4030.6000,4029.6000,4028.0000,4027.8000,4027.6000,4032.6000,4032.8000,4043.2000,4049.6000,4049.8000,1,1,3,1,1,2,1,2,1,1
SF,IF2008,2020-06-22 09:32:15.400,4030.2000,35,0,42299940.000,0,-,-,-,-,4030.6000,4029.6000,4028.0000,4027.8000,4027.6000,4032.6000,4043.2000,4049.6000,4049.8000,4051.0000,1,1,3,1,1,2,2,1,1,1
SF,IF2008,2020-06-22 09:32:15.900,4030.2000,35,0,42299940.000,0,-,-,-,-,4030.6000,4029.6000,4028.0000,4027.8000,4027.6000,4032.4000,4032.6000,4034.4000,4043.2000,4049.6000,1,1,3,1,1,1,2,1,2,1
SF,IF2008,2020-06-22 09:32:16.400,4030.6000,36,1,43509120.000,1,1,0,双开,S,4030.6000,4029.0000,4028.0000,4027.8000,4027.6000,4032.4000,4032.6000,4034.4000,4043.2000,4049.6000,1,1,3,1,1,1,2,1,2,1
SF,IF2008,2020-06-22 09:32:16.900,4030.6000,36,0,43509120.000,0,-,-,-,-,4030.6000,4029.0000,4028.0000,4027.8000,4027.6000,4032.4000,4032.6000,4034.4000,4043.2000,4049.6000,1,1,3,1,1,1,1,1,2,1
SF,IF2008,2020-06-22 09:32:17.400,4030.6000,36,0,43509120.000,0,-,-,-,-,4030.6000,4028.0000,4027.8000,4027.6000,4026.0000,4032.2000,4032.6000,4034.4000,4043.2000,4049.6000,1,3,1,1,1,1,1,1,2,1
SF,IF2008,2020-06-22 09:32:17.900,4030.6000,37,1,44718300.000,1,1,0,双开,S,4028.0000,4027.8000,4027.6000,4026.0000,4025.2000,4032.2000,4032.6000,4034.4000,4043.2000,4049.6000,3,1,1,1,1,2,1,1,2,1
SF,IF2008,2020-06-22 09:32:18.400,4030.6000,37,0,44718300.000,0,-,-,-,-,4028.2000,4028.0000,4027.8000,4027.6000,4026.0000,4032.2000,4032.6000,4034.4000,4043.2000,4049.6000,1,3,1,1,1,1,1,1,2,1
SF,IF2008,2020-06-22 09:32:19.400,4030.6000,37,0,44718300.000,0,-,-,-,-,4028.6000,4028.2000,4028.0000,4027.8000,4027.6000,4032.2000,4032.6000,4034.4000,4043.2000,4049.6000,1,1,3,1,1,1,1,1,2,1
SF,IF2008,2020-06-22 09:32:19.900,4030.6000,37,0,44718300.000,0,-,-,-,-,4028.6000,4028.2000,4028.0000,4027.8000,4027.6000,4032.2000,4032.6000,4034.4000,4043.2000,4049.6000,2,1,3,1,1,1,1,1,2,1
SF,IF2008,2020-06-22 09:32:20.400,4030.6000,37,0,44718300.000,0,-,-,-,-,4028.6000,4028.2000,4028.0000,4027.8000,4027.6000,4031.8000,4032.0000,4032.2000,4032.6000,4034.4000,1,1,3,1,1,1,1,1,1,1
SF,IF2008,2020-06-22 09:32:20.900,4030.6000,37,0,44718300.000,0,-,-,-,-,4028.0000,4027.8000,4027.6000,4026.0000,4025.2000,4031.6000,4031.8000,4032.2000,4034.4000,4043.2000,3,1,1,1,1,1,2,1,1,2
SF,IF2008,2020-06-22 09:32:21.400,4030.6000,37,0,44718300.000,0,-,-,-,-,4029.2000,4028.2000,4028.0000,4027.8000,4027.6000,4031.4000,4031.8000,4032.2000,4034.4000,4043.2000,1,1,3,1,1,1,2,1,1,2
SF,IF2008,2020-06-22 09:32:21.900,4030.6000,37,0,44718300.000,0,-,-,-,-,4029.6000,4029.2000,4028.0000,4027.8000,4027.6000,4031.4000,4032.2000,4034.4000,4043.2000,4049.6000,1,1,3,1,1,1,1,1,2,1
SF,IF2008,2020-06-22 09:32:22.400,4030.6000,37,0,44718300.000,0,-,-,-,-,4029.6000,4029.2000,4028.0000,4027.8000,4027.6000,4030.8000,4031.4000,4032.2000,4034.4000,4043.2000,1,1,3,1,1,1,1,1,1,2
SF,IF2008,2020-06-22 09:32:22.900,4030.6000,37,0,44718300.000,0,-,-,-,-,4029.6000,4029.2000,4028.8000,4028.0000,4027.8000,4030.8000,4031.4000,4032.2000,4034.4000,4043.2000,1,1,1,3,1,1,1,1,1,2
SF,IF2008,2020-06-22 09:32:23.400,4030.6000,37,0,44718300.000,0,-,-,-,-,4029.6000,4029.2000,4028.8000,4028.0000,4027.8000,4030.8000,4034.4000,4043.2000,4049.6000,4051.0000,1,1,1,3,1,1,1,2,1,1
SF,IF2008,2020-06-22 09:32:23.900,4030.6000,37,0,44718300.000,0,-,-,-,-,4029.6000,4029.2000,4028.8000,4028.0000,4027.8000,4030.8000,4034.4000,4049.6000,4051.0000,4051.8000,1,1,1,3,1,1,1,1,1,1
SF,IF2008,2020-06-22 09:32:24.400,4030.6000,37,0,44718300.000,0,-,-,-,-,4029.6000,4029.2000,4028.0000,4027.8000,4027.6000,4030.8000,4034.4000,4049.6000,4051.0000,4051.8000,1,1,3,1,1,1,1,1,1,1
SF,IF2008,2020-06-22 09:32:24.900,4030.6000,37,0,44718300.000,0,-,-,-,-,4029.6000,4029.2000,4028.0000,4027.8000,4027.6000,4030.8000,4034.4000,4049.6000,4051.0000,4051.8000,2,1,3,1,1,1,1,1,1,1
SF,IF2008,2020-06-22 09:32:25.900,4030.6000,37,0,44718300.000,0,-,-,-,-,4029.6000,4029.2000,4028.0000,4027.8000,4027.6000,4034.4000,4049.6000,4051.0000,4051.8000,4059.8000,1,1,3,1,1,1,1,1,1,3
SF,IF2008,2020-06-22 09:32:26.400,4030.6000,37,0,44718300.000,0,-,-,-,-,4029.6000,4029.2000,4028.0000,4027.8000,4027.6000,4034.2000,4034.4000,4049.6000,4051.0000,4051.8000,1,1,3,1,1,3,2,1,1,1
SF,IF2008,2020-06-22 09:32:26.900,4030.6000,37,0,44718300.000,0,-,-,-,-,4029.6000,4029.2000,4028.0000,4027.8000,4027.6000,4032.8000,4034.2000,4034.4000,4049.6000,4051.0000,1,1,3,1,1,1,3,2,1,1
SF,IF2008,2020-06-22 09:32:27.400,4030.6000,37,0,44718300.000,0,-,-,-,-,4029.6000,4029.2000,4028.0000,4027.8000,4027.6000,4032.8000,4034.2000,4034.4000,4049.6000,4051.0000,1,1,3,1,1,2,1,2,1,1
SF,IF2008,2020-06-22 09:32:27.900,4029.6000,38,1,45927180.000,1,1,0,双开,S,4029.2000,4028.0000,4027.8000,4027.6000,4026.0000,4032.6000,4032.8000,4034.2000,4034.4000,4049.6000,1,3,1,1,1,2,2,1,1,1
SF,IF2008,2020-06-22 09:32:28.400,4029.6000,38,0,45927180.000,0,-,-,-,-,4029.2000,4028.0000,4027.8000,4027.6000,4026.0000,4032.4000,4032.6000,4032.8000,4034.4000,4049.6000,1,3,1,1,1,1,3,1,1,1
SF,IF2008,2020-06-22 09:32:28.900,4029.6000,38,0,45927180.000,0,-,-,-,-,4029.2000,4028.0000,4027.8000,4027.6000,4026.0000,4032.4000,4032.6000,4032.8000,4034.4000,4049.6000,1,3,1,1,1,2,2,1,1,1
SF,IF2008,2020-06-22 09:32:29.400,4029.6000,38,0,45927180.000,0,-,-,-,-,4029.2000,4028.0000,4027.8000,4027.6000,4026.0000,4032.0000,4032.2000,4032.4000,4032.6000,4034.4000,1,3,1,1,1,1,1,2,2,1
SF,IF2008,2020-06-22 09:32:29.900,4029.6000,38,0,45927180.000,0,-,-,-,-,4029.2000,4028.0000,4027.8000,4027.6000,4026.0000,4032.0000,4032.2000,4032.4000,4032.6000,4034.4000,1,3,1,1,1,2,1,1,2,1
SF,IF2008,2020-06-22 09:32:31.400,4029.2000,39,1,47135940.000,1,1,0,双开,S,4028.0000,4027.8000,4027.6000,4026.0000,4025.2000,4032.0000,4032.2000,4032.4000,4032.6000,4034.4000,3,1,1,1,1,2,1,1,2,1
SF,IF2008,2020-06-22 09:32:31.900,4029.2000,39,0,47135940.000,0,-,-,-,-,4028.2000,4028.0000,4027.8000,4027.6000,4026.0000,4032.0000,4032.2000,4032.4000,4032.6000,4034.4000,1,3,1,1,1,2,1,1,2,1
SF,IF2008,2020-06-22 09:32:32.400,4029.2000,39,0,47135940.000,0,-,-,-,-,4028.2000,4028.0000,4027.8000,4027.6000,4026.0000,4032.0000,4032.2000,4032.6000,4034.4000,4049.6000,1,3,1,1,1,2,1,2,1,1
SF,IF2008,2020-06-22 09:32:32.900,4029.2000,39,0,47135940.000,0,-,-,-,-,4029.0000,4028.2000,4028.0000,4027.8000,4027.6000,4032.0000,4032.2000,4032.6000,4034.4000,4049.6000,1,1,3,1,1,2,1,2,1,1
SF,IF2008,2020-06-22 09:32:33.400,4029.2000,39,0,47135940.000,0,-,-,-,-,4029.0000,4028.2000,4028.0000,4027.8000,4027.6000,4031.8000,4032.0000,4032.2000,4032.6000,4034.4000,1,1,3,1,1,1,2,1,2,1
SF,IF2008,2020-06-22 09:32:33.900,4029.2000,39,0,47135940.000,0,-,-,-,-,4029.0000,4028.2000,4028.0000,4027.8000,4027.6000,4031.8000,4032.0000,4032.2000,4032.6000,4034.4000,1,1,3,1,1,2,1,1,1,1
SF,IF2008,2020-06-22 09:32:34.400,4029.2000,39,0,47135940.000,0,-,-,-,-,4028.2000,4028.0000,4027.8000,4027.6000,4026.0000,4031.8000,4032.0000,4032.2000,4032.6000,4034.4000,1,3,1,1,1,2,1,1,1,1
SF,IF2008,2020-06-22 09:32:35.400,4029.2000,39,0,47135940.000,0,-,-,-,-,4028.2000,4028.0000,4027.8000,4027.6000,4026.0000,4031.8000,4032.2000,4032.6000,4034.4000,4049.6000,1,3,1,1,1,2,1,1,1,1
SF,IF2008,2020-06-22 09:32:37.900,4029.2000,39,0,47135940.000,0,-,-,-,-,4028.2000,4028.0000,4027.8000,4027.6000,4026.0000,4031.6000,4031.8000,4032.2000,4032.6000,4034.4000,1,3,1,1,1,1,2,1,1,1
SF,IF2008,2020-06-22 09:32:38.400,4029.2000,39,0,47135940.000,0,-,-,-,-,4028.2000,4028.0000,4027.8000,4027.6000,4026.0000,4031.6000,4031.8000,4032.2000,4032.6000,4034.4000,1,3,1,1,1,2,1,1,1,1
SF,IF2008,2020-06-22 09:32:41.400,4029.2000,39,0,47135940.000,0,-,-,-,-,4028.2000,4028.0000,4027.8000,4027.6000,4026.0000,4031.6000,4031.8000,4032.2000,4032.6000,4034.4000,2,3,1,1,1,1,1,1,1,1
SF,IF2008,2020-06-22 09:32:42.400,4029.2000,39,0,47135940.000,0,-,-,-,-,4028.2000,4028.0000,4027.8000,4027.6000,4026.0000,4031.6000,4031.8000,4032.2000,4032.6000,4049.6000,1,3,1,1,1,1,1,1,1,1
SF,IF2008,2020-06-22 09:32:42.900,4029.2000,39,0,47135940.000,0,-,-,-,-,4028.2000,4028.0000,4027.8000,4027.6000,4026.0000,4031.6000,4031.8000,4032.2000,4032.6000,4049.6000,2,3,1,1,1,1,1,1,1,1
SF,IF2008,2020-06-22 09:32:43.400,4029.2000,39,0,47135940.000,0,-,-,-,-,4028.2000,4028.0000,4027.8000,4027.6000,4026.0000,4031.6000,4031.8000,4032.2000,4032.6000,4049.6000,1,3,1,1,1,2,1,1,1,1
SF,IF2008,2020-06-22 09:32:46.900,4029.2000,39,0,47135940.000,0,-,-,-,-,4028.2000,4028.0000,4027.8000,4027.6000,4026.0000,4031.6000,4031.8000,4049.6000,4051.0000,4051.8000,1,3,1,1,1,2,1,1,1,1
SF,IF2008,2020-06-22 09:32:47.400,4029.2000,39,0,47135940.000,0,-,-,-,-,4028.2000,4028.0000,4027.8000,4027.6000,4026.0000,4031.4000,4031.6000,4031.8000,4049.6000,4051.0000,1,3,1,1,1,1,2,1,1,1
SF,IF2008,2020-06-22 09:32:47.900,4029.2000,39,0,47135940.000,0,-,-,-,-,4028.0000,4027.8000,4027.6000,4026.0000,4025.2000,4031.2000,4031.4000,4031.6000,4031.8000,4049.6000,3,1,1,1,1,2,2,1,1,1
SF,IF2008,2020-06-22 09:32:48.400,4029.2000,39,0,47135940.000,0,-,-,-,-,4028.0000,4027.8000,4027.6000,4026.0000,4025.2000,4031.2000,4031.4000,4031.6000,4031.8000,4049.6000,3,1,1,1,1,3,1,1,1,1
SF,IF2008,2020-06-22 09:32:49.400,4029.2000,39,0,47135940.000,0,-,-,-,-,4028.0000,4027.8000,4027.6000,4026.0000,4025.2000,4031.0000,4031.2000,4031.4000,4031.6000,4031.8000,3,1,1,1,1,1,2,1,1,1
SF,IF2008,2020-06-22 09:32:49.900,4029.2000,39,0,47135940.000,0,-,-,-,-,4028.0000,4027.8000,4027.6000,4026.0000,4025.2000,4030.8000,4031.0000,4031.2000,4031.4000,4031.6000,3,1,1,1,1,1,2,1,1,1
SF,IF2008,2020-06-22 09:32:50.400,4029.2000,39,0,47135940.000,0,-,-,-,-,4028.0000,4027.8000,4027.6000,4026.0000,4025.2000,4030.6000,4030.8000,4031.2000,4031.4000,4031.6000,3,1,1,1,1,1,3,1,1,1
SF,IF2008,2020-06-22 09:32:50.900,4029.2000,39,0,47135940.000,0,-,-,-,-,4028.0000,4027.8000,4027.6000,4026.0000,4025.2000,4030.4000,4030.6000,4030.8000,4031.2000,4031.4000,3,1,1,1,1,1,2,1,1,1
SF,IF2008,2020-06-22 09:32:51.400,4028.0000,40,1,48344340.000,1,1,0,双开,S,4028.0000,4027.8000,4027.6000,4026.0000,4025.2000,4030.4000,4030.6000,4030.8000,4031.4000,4031.6000,2,1,1,1,1,2,1,1,1,1
SF,IF2008,2020-06-22 09:32:51.900,4028.0000,40,0,48344340.000,0,-,-,-,-,4028.0000,4027.8000,4027.6000,4026.0000,4025.2000,4030.4000,4030.6000,4031.4000,4031.6000,4049.6000,2,1,1,1,1,1,1,1,1,1
SF,IF2008,2020-06-22 09:32:52.400,4028.0000,41,1,49552740.000,1,1,0,双开,S,4028.0000,4027.8000,4027.6000,4026.0000,4025.2000,4030.4000,4030.6000,4031.4000,4031.6000,4049.6000,1,1,1,1,1,2,1,1,1,1
SF,IF2008,2020-06-22 09:32:52.900,4028.0000,41,0,49552740.000,0,-,-,-,-,4028.0000,4027.8000,4027.6000,4026.0000,4025.2000,4030.4000,4030.6000,4031.4000,4031.6000,4049.6000,1,1,1,1,1,1,1,1,1,1
SF,IF2008,2020-06-22 09:32:53.400,4028.0000,41,0,49552740.000,0,-,-,-,-,4028.2000,4028.0000,4027.8000,4027.6000,4026.0000,4030.4000,4030.6000,4031.4000,4049.6000,4051.0000,1,1,1,1,1,1,1,1,1,1
SF,IF2008,2020-06-22 09:32:53.900,4028.0000,42,1,50761140.000,1,1,0,双开,S,4028.0000,4027.8000,4027.6000,4026.0000,4025.2000,4030.4000,4030.6000,4031.4000,4049.6000,4051.0000,1,1,1,1,1,1,1,1,1,1
SF,IF2008,2020-06-22 09:32:54.400,4028.0000,42,0,50761140.000,0,-,-,-,-,4028.2000,4028.0000,4027.8000,4027.6000,4026.0000,4030.4000,4030.6000,4031.4000,4049.6000,4051.0000,1,1,1,1,1,1,1,1,1,1
SF,IF2008,2020-06-22 09:32:54.900,4028.0000,42,0,50761140.000,0,-,-,-,-,4028.2000,4028.0000,4027.8000,4027.6000,4026.0000,4030.6000,4031.4000,4049.6000,4051.0000,4051.8000,1,1,1,1,1,1,1,1,1,1
SF,IF2008,2020-06-22 09:32:55.900,4028.0000,42,0,50761140.000,0,-,-,-,-,4028.2000,4028.0000,4027.8000,4027.6000,4026.0000,4049.6000,4051.0000,4051.8000,4059.8000,4060.2000,1,1,1,1,1,1,1,1,3,1
SF,IF2008,2020-06-22 09:32:56.400,4028.0000,42,0,50761140.000,0,-,-,-,-,4028.2000,4028.0000,4027.8000,4027.6000,4026.0000,4048.2000,4049.4000,4049.6000,4051.0000,4051.8000,1,1,1,1,1,6,3,3,1,1
SF,IF2008,2020-06-22 09:32:56.900,4028.0000,42,0,50761140.000,0,-,-,-,-,4028.2000,4028.0000,4027.8000,4027.6000,4026.0000,4048.0000,4048.2000,4051.0000,4051.8000,4059.8000,1,1,1,1,1,2,7,1,1,3
SF,IF2008,2020-06-22 09:32:57.400,4028.2000,43,1,51969600.000,1,1,0,双开,S,4028.4000,4028.0000,4027.8000,4027.6000,4026.0000,4047.8000,4048.0000,4048.2000,4051.0000,4051.8000,1,1,1,1,1,2,3,6,1,1
SF,IF2008,2020-06-22 09:32:57.900,4028.2000,43,0,51969600.000,0,-,-,-,-,4028.6000,4028.4000,4028.0000,4027.8000,4027.6000,4036.4000,4047.0000,4047.6000,4047.8000,4048.0000,1,1,1,1,1,1,1,10,3,1
SF,IF2008,2020-06-22 09:32:58.400,4028.2000,43,0,51969600.000,0,-,-,-,-,4028.6000,4028.4000,4028.0000,4027.8000,4027.6000,4036.2000,4036.4000,4045.6000,4047.0000,4047.8000,1,1,1,1,1,2,2,1,1,1
SF,IF2008,2020-06-22 09:32:58.900,4028.2000,43,0,51969600.000,0,-,-,-,-,4028.0000,4027.8000,4027.6000,4026.0000,4025.2000,4036.0000,4036.2000,4036.4000,4045.6000,4047.0000,1,1,1,1,1,1,3,1,1,1
SF,IF2008,2020-06-22 09:32:59.400,4028.2000,43,0,51969600.000,0,-,-,-,-,4028.8000,4028.2000,4028.0000,4027.8000,4027.6000,4035.8000,4036.0000,4036.2000,4036.4000,4045.6000,1,1,1,1,1,2,2,1,1,1
SF,IF2008,2020-06-22 09:32:59.900,4028.0000,44,1,53178000.000,1,1,0,双开,S,4027.8000,4027.6000,4026.0000,4025.2000,4021.0000,4034.6000,4035.6000,4035.8000,4036.0000,4036.2000,1,1,1,1,1,1,1,3,1,1
SF,IF2008,2020-06-22 09:33:00.400,4028.0000,45,1,54386400.000,1,1,0,双开,S,4027.8000,4027.6000,4026.0000,4025.2000,4021.0000,4034.4000,4034.6000,4036.4000,4045.6000,4047.0000,1,1,1,1,1,2,2,1,1,1
SF,IF2008,2020-06-22 09:33:00.900,4028.0000,45,0,54386400.000,0,-,-,-,-,4028.0000,4027.8000,4027.6000,4026.0000,4025.2000,4034.4000,4036.4000,4045.6000,4047.0000,4047.8000,1,1,1,1,1,3,1,1,1,1
SF,IF2008,2020-06-22 09:33:01.400,4028.0000,45,0,54386400.000,0,-,-,-,-,4028.0000,4027.8000,4027.6000,4026.0000,4025.2000,4033.4000,4034.2000,4034.4000,4045.6000,4047.0000,1,1,1,1,1,1,1,3,1,1
SF,IF2008,2020-06-22 09:33:01.900,4028.0000,45,0,54386400.000,0,-,-,-,-,4028.8000,4028.0000,4027.8000,4027.6000,4026.0000,4033.2000,4033.4000,4045.6000,4047.0000,4047.8000,1,1,1,1,1,2,2,1,1,1
SF,IF2008,2020-06-22 09:33:02.400,4028.0000,45,0,54386400.000,0,-,-,-,-,4028.0000,4027.8000,4027.6000,4026.0000,4025.2000,4033.2000,4033.4000,4045.6000,4047.0000,4047.8000,1,1,1,1,1,3,1,1,1,1
SF,IF2008,2020-06-22 09:33:02.900,4028.0000,45,0,54386400.000,0,-,-,-,-,4028.0000,4027.8000,4027.6000,4026.0000,4025.2000,4033.0000,4033.2000,4033.4000,4045.6000,4047.0000,1,1,1,1,1,1,2,1,1,1
SF,IF2008,2020-06-22 09:33:03.400,4028.0000,46,1,55594800.000,1,1,0,双开,S,4028.8000,4027.8000,4027.6000,4026.0000,4025.2000,4032.8000,4033.0000,4033.2000,4047.0000,4047.8000,1,1,1,1,1,2,2,1,1,1
SF,IF2008,2020-06-22 09:33:03.900,4031.0000,47,1,56804100.000,1,1,0,双开,S,4028.8000,4027.8000,4027.6000,4026.0000,4025.2000,4032.6000,4032.8000,4033.2000,4047.0000,4047.8000,1,1,1,1,1,1,2,1,1,1
SF,IF2008,2020-06-22 09:33:04.400,4031.0000,47,0,56804100.000,0,-,-,-,-,4027.8000,4027.6000,4026.0000,4025.2000,4021.0000,4032.6000,4032.8000,4033.2000,4047.8000,4051.8000,1,1,1,1,1,1,2,1,1,1
SF,IF2008,2020-06-22 09:33:04.900,4031.0000,47,0,56804100.000,0,-,-,-,-,4028.0000,4027.8000,4027.6000,4026.0000,4025.2000,4032.4000,4032.6000,4032.8000,4033.2000,4047.8000,1,1,1,1,1,1,1,2,1,1
SF,IF2008,2020-06-22 09:33:05.400,4031.0000,47,0,56804100.000,0,-,-,-,-,4028.0000,4027.8000,4027.6000,4026.0000,4025.2000,4032.2000,4032.4000,4032.6000,4047.8000,4051.8000,1,1,1,1,1,1,1,1,1,1
SF,IF2008,2020-06-22 09:33:05.900,4031.0000,47,0,56804100.000,0,-,-,-,-,4028.0000,4027.8000,4027.6000,4026.0000,4025.2000,4028.8000,4032.0000,4032.2000,4032.4000,4032.6000,1,1,1,1,1,1,1,1,1,1
SF,IF2008,2020-06-22 09:33:06.400,4028.8000,48,1,58012740.000,1,1,0,双开,S,4029.0000,4027.8000,4027.6000,4026.0000,4025.2000,4032.4000,4047.8000,4051.8000,4057.6000,4059.8000,1,1,1,1,1,1,1,1,3,3
SF,IF2008,2020-06-22 09:33:06.900,4028.8000,48,0,58012740.000,0,-,-,-,-,4028.2000,4027.8000,4027.6000,4026.0000,4025.2000,4032.2000,4032.4000,4047.8000,4051.8000,4057.6000,1,1,1,1,1,3,1,1,1,3
SF,IF2008,2020-06-22 09:33:07.400,4028.8000,48,0,58012740.000,0,-,-,-,-,4029.8000,4028.2000,4027.8000,4027.6000,4026.0000,4032.2000,4032.4000,4047.8000,4051.8000,4057.6000,1,2,1,1,1,3,1,1,1,3
SF,IF2008,2020-06-22 09:33:07.900,4028.8000,48,0,58012740.000,0,-,-,-,-,4029.8000,4028.8000,4028.2000,4027.8000,4027.6000,4032.2000,4032.4000,4047.8000,4051.8000,4057.6000,2,1,1,1,1,3,1,1,1,3
SF,IF2008,2020-06-22 09:33:08.900,4028.8000,48,0,58012740.000,0,-,-,-,-,4029.8000,4028.8000,4028.2000,4027.8000,4027.6000,4032.2000,4032.4000,4047.8000,4051.8000,4057.6000,2,1,1,1,1,2,1,1,1,3
SF,IF2008,2020-06-22 09:33:09.400,4028.8000,48,0,58012740.000,0,-,-,-,-,4029.8000,4028.8000,4028.2000,4027.8000,4027.6000,4032.0000,4032.2000,4032.4000,4047.8000,4051.8000,2,1,1,2,1,1,1,1,1,1
SF,IF2008,2020-06-22 09:33:09.900,4029.8000,49,1,59221680.000,1,1,0,双开,S,4028.8000,4027.8000,4027.6000,4026.0000,4025.2000,4032.0000,4032.2000,4032.4000,4047.8000,4051.8000,1,2,1,1,1,1,1,1,1,1
SF,IF2008,2020-06-22 09:33:10.400,4029.8000,49,0,59221680.000,0,-,-,-,-,4029.0000,4028.8000,4027.8000,4027.6000,4026.0000,4032.0000,4032.2000,4032.4000,4047.8000,4051.8000,1,2,2,1,1,1,1,1,1,1
SF,IF2008,2020-06-22 09:33:10.900,4029.8000,49,0,59221680.000,0,-,-,-,-,4029.0000,4028.8000,4027.8000,4027.6000,4026.0000,4031.2000,4032.0000,4032.2000,4032.4000,4047.8000,2,1,2,1,1,1,1,1,1,1
SF,IF2008,2020-06-22 09:33:11.900,4029.8000,49,0,59221680.000,0,-,-,-,-,4029.2000,4029.0000,4028.8000,4027.8000,4027.6000,4031.2000,4032.0000,4032.2000,4032.4000,4047.8000,1,2,1,2,1,1,1,1,1,1
SF,IF2008,2020-06-22 09:33:12.400,4029.8000,49,0,59221680.000,0,-,-,-,-,4029.4000,4029.2000,4029.0000,4028.8000,4027.8000,4031.2000,4032.0000,4032.2000,4032.4000,4047.8000,1,1,1,1,2,1,1,1,1,1
SF,IF2008,2020-06-22 09:33:12.900,4029.8000,49,0,59221680.000,0,-,-,-,-,4029.4000,4029.2000,4028.8000,4027.8000,4027.6000,4031.2000,4032.0000,4047.8000,4051.8000,4057.6000,1,1,1,2,1,1,1,1,1,3
SF,IF2008,2020-06-22 09:33:13.400,4029.8000,49,0,59221680.000,0,-,-,-,-,4029.4000,4029.2000,4028.8000,4027.8000,4027.6000,4031.2000,4032.0000,4047.8000,4051.8000,4057.6000,2,1,1,2,1,1,1,1,1,3
SF,IF2008,2020-06-22 09:33:13.900,4029.8000,49,0,59221680.000,0,-,-,-,-,4029.4000,4028.8000,4027.8000,4027.6000,4026.0000,4031.2000,4032.0000,4047.8000,4051.8000,4057.6000,2,1,2,1,1,1,1,1,1,3
SF,IF2008,2020-06-22 09:33:14.400,4031.2000,50,1,60431040.000,1,1,0,双开,S,4029.4000,4028.8000,4027.8000,4027.6000,4026.0000,4032.0000,4047.8000,4051.8000,4057.6000,4059.8000,2,1,2,1,1,1,1,1,3,3
SF,IF2008,2020-06-22 09:33:14.900,4031.2000,50,0,60431040.000,0,-,-,-,-,4029.6000,4029.4000,4028.8000,4027.8000,4027.6000,4032.0000,4047.8000,4051.8000,4057.6000,4059.8000,1,1,1,2,1,1,1,1,3,3
SF,IF2008,2020-06-22 09:33:15.900,4031.2000,50,0,60431040.000,0,-,-,-,-,4029.6000,4029.4000,4028.8000,4027.8000,4027.6000,4032.0000,4047.8000,4051.8000,4057.6000,4059.8000,2,1,1,2,1,1,1,1,3,3
SF,IF2008,2020-06-22 09:33:16.400,4031.2000,50,0,60431040.000,0,-,-,-,-,4029.8000,4029.6000,4028.8000,4027.8000,4027.6000,4032.0000,4047.8000,4051.8000,4057.6000,4059.8000,1,2,1,2,1,1,1,1,3,3
SF,IF2008,2020-06-22 09:33:16.900,4031.2000,50,0,60431040.000,0,-,-,-,-,4029.8000,4029.6000,4028.8000,4027.8000,4027.6000,4047.8000,4051.8000,4057.6000,4059.8000,4060.2000,2,2,1,2,1,1,1,3,3,1
SF,IF2008,2020-06-22 09:33:17.400,4031.2000,50,0,60431040.000,0,-,-,-,-,4029.8000,4029.6000,4028.8000,4027.8000,4027.6000,4043.8000,4047.6000,4047.8000,4051.8000,4057.6000,1,1,1,2,1,1,4,1,1,3
SF,IF2008,2020-06-22 09:33:17.900,4031.2000,50,0,60431040.000,0,-,-,-,-,4030.0000,4029.8000,4028.8000,4027.8000,4027.6000,4043.6000,4043.8000,4047.6000,4051.8000,4057.6000,1,1,1,2,1,2,2,1,1,3
SF,IF2008,2020-06-22 09:33:18.400,4031.2000,50,0,60431040.000,0,-,-,-,-,4030.2000,4030.0000,4028.8000,4027.8000,4027.6000,4043.4000,4043.6000,4043.8000,4047.6000,4051.8000,1,1,1,2,1,1,2,1,1,1
SF,IF2008,2020-06-22 09:33:18.900,4031.2000,50,0,60431040.000,0,-,-,-,-,4030.2000,4030.0000,4028.8000,4027.8000,4027.6000,4037.2000,4043.2000,4043.4000,4043.6000,4043.8000,2,1,1,2,1,1,2,2,1,1
SF,IF2008,2020-06-22 09:33:19.400,4031.2000,50,0,60431040.000,0,-,-,-,-,4030.4000,4030.2000,4030.0000,4028.8000,4027.8000,4037.0000,4037.2000,4043.4000,4043.8000,4051.8000,1,2,1,1,2,2,2,1,1,1
SF,IF2008,2020-06-22 09:33:19.900,4031.2000,50,0,60431040.000,0,-,-,-,-,4030.4000,4030.2000,4030.0000,4028.8000,4027.8000,4037.0000,4037.2000,4043.4000,4043.8000,4051.8000,1,2,1,1,2,2,2,2,1,1
SF,IF2008,2020-06-22 09:33:20.400,4031.2000,50,0,60431040.000,0,-,-,-,-,4030.2000,4030.0000,4028.8000,4027.8000,4027.6000,4036.8000,4037.0000,4037.2000,4043.4000,4043.8000,1,1,1,2,1,1,2,2,2,1
SF,IF2008,2020-06-22 09:33:20.900,4031.2000,50,0,60431040.000,0,-,-,-,-,4030.6000,4030.2000,4030.0000,4028.8000,4027.8000,4036.6000,4036.8000,4037.0000,4037.2000,4043.4000,1,1,1,1,2,1,1,1,1,1
SF,IF2008,2020-06-22 09:33:21.400,4031.2000,50,0,60431040.000,0,-,-,-,-,4030.6000,4030.2000,4030.0000,4028.8000,4027.8000,4036.4000,4036.6000,4037.0000,4037.2000,4043.4000,1,1,1,1,2,1,2,1,1,1
SF,IF2008,2020-06-22 09:33:21.900,4031.2000,50,0,60431040.000,0,-,-,-,-,4030.8000,4030.6000,4030.2000,4030.0000,4028.8000,4036.2000,4036.4000,4036.6000,4037.0000,4037.2000,1,1,1,1,1,1,1,1,1,1
SF,IF2008,2020-06-22 09:33:22.400,4031.2000,50,0,60431040.000,0,-,-,-,-,4030.8000,4030.6000,4030.2000,4030.0000,4028.8000,4036.0000,4036.2000,4036.4000,4036.6000,4037.2000,1,1,1,1,1,1,1,1,1,1
SF,IF2008,2020-06-22 09:33:22.900,4031.2000,50,0,60431040.000,0,-,-,-,-,4030.8000,4030.6000,4030.2000,4030.0000,4028.8000,4035.8000,4036.0000,4036.4000,4037.2000,4043.8000,1,1,1,1,1,2,1,1,1,1
SF,IF2008,2020-06-22 09:33:23.400,4031.2000,50,0,60431040.000,0,-,-,-,-,4031.8000,4030.8000,4030.6000,4030.2000,4030.0000,4035.6000,4035.8000,4036.4000,4037.2000,4043.8000,1,1,1,1,1,1,2,1,1,1
SF,IF2008,2020-06-22 09:33:23.900,4031.2000,50,0,60431040.000,0,-,-,-,-,4031.8000,4030.8000,4030.6000,4030.2000,4030.0000,4035.4000,4035.6000,4035.8000,4037.2000,4043.8000,1,1,1,1,1,1,1,1,1,1
SF,IF2008,2020-06-22 09:33:24.400,4031.2000,50,0,60431040.000,0,-,-,-,-,4030.8000,4030.6000,4030.2000,4030.0000,4028.8000,4035.2000,4035.4000,4035.8000,4037.2000,4043.8000,1,1,1,1,1,2,2,1,1,1
SF,IF2008,2020-06-22 09:33:24.900,4031.2000,50,0,60431040.000,0,-,-,-,-,4030.8000,4030.6000,4030.0000,4028.8000,4027.8000,4035.0000,4035.2000,4035.4000,4035.8000,4037.2000,1,1,1,1,2,1,1,1,1,1
SF,IF2008,2020-06-22 09:33:25.400,4031.2000,50,0,60431040.000,0,-,-,-,-,4030.6000,4030.0000,4028.8000,4027.8000,4027.6000,4035.0000,4035.2000,4037.2000,4043.8000,4051.8000,1,1,1,2,1,2,1,1,1,1
SF,IF2008,2020-06-22 09:33:25.900,4031.2000,50,0,60431040.000,0,-,-,-,-,4030.8000,4030.6000,4030.0000,4028.8000,4027.8000,4035.0000,4035.2000,4037.2000,4043.8000,4051.8000,1,1,1,1,2,1,1,1,1,1
SF,IF2008,2020-06-22 09:33:26.400,4031.2000,50,0,60431040.000,0,-,-,-,-,4030.6000,4030.0000,4028.8000,4027.8000,4027.6000,4034.8000,4035.0000,4035.2000,4037.2000,4043.8000,1,1,1,2,1,1,2,1,1,1
SF,IF2008,2020-06-22 09:33:26.900,4031.2000,50,0,60431040.000,0,-,-,-,-,4030.6000,4030.0000,4028.8000,4027.8000,4027.6000,4034.6000,4034.8000,4035.2000,4037.2000,4043.8000,1,1,1,2,1,2,1,1,1,1
SF,IF2008,2020-06-22 09:33:27.400,4031.2000,50,0,60431040.000,0,-,-,-,-,4030.6000,4030.0000,4028.8000,4027.8000,4027.6000,4034.6000,4035.2000,4037.2000,4043.8000,4051.8000,2,1,1,2,1,2,1,1,1,1
SF,IF2008,2020-06-22 09:33:27.900,4031.2000,50,0,60431040.000,0,-,-,-,-,4030.6000,4030.0000,4028.8000,4027.8000,4027.6000,4034.6000,4034.8000,4035.2000,4037.2000,4043.8000,2,1,1,2,1,2,1,1,1,1
SF,IF2008,2020-06-22 09:33:28.400,4031.2000,50,0,60431040.000,0,-,-,-,-,4030.8000,4030.6000,4030.0000,4028.8000,4027.8000,4034.6000,4034.8000,4035.2000,4037.2000,4043.8000,1,2,1,1,2,2,1,1,1,1
SF,IF2008,2020-06-22 09:33:28.900,4031.2000,50,0,60431040.000,0,-,-,-,-,4030.8000,4030.6000,4030.0000,4028.8000,4027.8000,4034.6000,4034.8000,4035.2000,4037.2000,4043.8000,1,1,1,1,2,2,1,1,1,1
SF,IF2008,2020-06-22 09:33:29.400,4031.2000,50,0,60431040.000,0,-,-,-,-,4030.8000,4030.6000,4030.0000,4028.8000,4028.0000,4034.6000,4034.8000,4035.2000,4037.2000,4043.8000,1,1,1,1,2,2,1,1,1,1
SF,IF2008,2020-06-22 09:33:30.900,4034.6000,51,1,61641420.000,1,1,0,双开,S,4030.8000,4030.6000,4030.0000,4028.8000,4028.0000,4034.6000,4035.2000,4037.2000,4043.8000,4051.8000,1,1,1,1,2,1,1,1,1,1
SF,IF2008,2020-06-22 09:33:31.400,4034.6000,51,0,61641420.000,0,-,-,-,-,4031.0000,4030.6000,4028.8000,4028.0000,4027.8000,4034.6000,4035.2000,4037.2000,4043.8000,4051.8000,1,1,1,2,2,1,1,1,1,1
SF,IF2008,2020-06-22 09:33:31.900,4034.6000,51,0,61641420.000,0,-,-,-,-,4031.0000,4030.6000,4028.8000,4028.0000,4027.8000,4034.6000,4035.2000,4037.2000,4043.8000,4051.8000,2,1,1,2,2,1,1,1,1,1
SF,IF2008,2020-06-22 09:33:32.400,4034.6000,51,0,61641420.000,0,-,-,-,-,4031.0000,4030.6000,4028.8000,4028.0000,4027.8000,4034.4000,4034.6000,4035.2000,4043.8000,4051.8000,2,1,1,2,2,2,2,1,1,1
SF,IF2008,2020-06-22 09:33:32.900,4034.6000,51,0,61641420.000,0,-,-,-,-,4031.0000,4030.6000,4028.8000,4028.0000,4027.8000,4034.4000,4034.6000,4043.8000,4051.8000,4057.6000,2,1,1,2,2,2,2,1,1,3
SF,IF2008,2020-06-22 09:33:33.900,4034.6000,51,0,61641420.000,0,-,-,-,-,4031.0000,4030.6000,4028.8000,4028.0000,4027.8000,4034.4000,4034.6000,4043.8000,4051.8000,4057.6000,2,1,1,2,2,2,1,1,1,3
SF,IF2008,2020-06-22 09:33:34.400,4034.6000,51,0,61641420.000,0,-,-,-,-,4031.0000,4030.6000,4028.8000,4028.0000,4027.8000,4034.2000,4034.4000,4034.6000,4043.8000,4051.8000,1,1,1,2,2,1,2,1,1,1
SF,IF2008,2020-06-22 09:33:34.900,4034.6000,51,0,61641420.000,0,-,-,-,-,4031.0000,4030.6000,4028.8000,4028.0000,4027.8000,4034.0000,4034.2000,4034.4000,4034.6000,4043.8000,1,1,1,2,2,1,1,1,1,1
SF,IF2008,2020-06-22 09:33:35.400,4034.6000,51,0,61641420.000,0,-,-,-,-,4031.2000,4031.0000,4030.6000,4028.8000,4028.0000,4034.0000,4034.2000,4034.4000,4034.6000,4043.8000,1,1,1,1,2,1,1,1,1,1
SF,IF2008,2020-06-22 09:33:35.900,4034.6000,51,0,61641420.000,0,-,-,-,-,4031.2000,4031.0000,4030.6000,4028.8000,4028.0000,4033.8000,4034.0000,4034.4000,4034.6000,4043.8000,1,1,1,1,2,1,1,1,1,1
SF,IF2008,2020-06-22 09:33:36.400,4034.6000,51,0,61641420.000,0,-,-,-,-,4031.2000,4030.6000,4028.8000,4028.0000,4027.8000,4034.0000,4034.4000,4043.8000,4051.8000,4057.6000,1,1,1,2,2,1,1,1,1,3
SF,IF2008,2020-06-22 09:33:36.900,4034.6000,51,0,61641420.000,0,-,-,-,-,4031.2000,4028.8000,4028.0000,4027.8000,4027.6000,4034.0000,4034.4000,4043.8000,4051.8000,4057.6000,1,1,2,2,1,1,1,1,1,3
SF,IF2008,2020-06-22 09:33:38.900,4034.6000,51,0,61641420.000,0,-,-,-,-,4031.2000,4028.8000,4028.0000,4027.8000,4027.6000,4034.0000,4043.8000,4051.8000,4057.6000,4059.8000,1,1,2,2,1,1,1,1,3,3
SF,IF2008,2020-06-22 09:33:40.400,4034.6000,51,0,61641420.000,0,-,-,-,-,4031.2000,4028.8000,4028.0000,4027.8000,4027.6000,4033.8000,4034.0000,4043.8000,4051.8000,4057.6000,1,1,2,2,1,1,1,1,1,3
SF,IF2008,2020-06-22 09:33:42.400,4033.8000,52,1,62851560.000,1,1,0,双开,S,4031.2000,4028.8000,4028.0000,4027.8000,4027.6000,4034.0000,4043.8000,4051.8000,4057.6000,4059.8000,1,1,2,2,1,1,1,1,3,3
SF,IF2008,2020-06-22 09:33:43.900,4033.8000,52,0,62851560.000,0,-,-,-,-,4031.2000,4028.8000,4028.0000,4027.8000,4027.6000,4033.8000,4034.0000,4043.8000,4051.8000,4057.6000,1,1,2,2,1,1,1,1,1,3
SF,IF2008,2020-06-22 09:33:44.400,4033.8000,52,0,62851560.000,0,-,-,-,-,4031.2000,4028.8000,4028.0000,4027.8000,4027.6000,4033.8000,4034.0000,4043.8000,4051.8000,4057.6000,2,1,2,2,1,1,1,1,1,3
SF,IF2008,2020-06-22 09:33:44.900,4033.8000,52,0,62851560.000,0,-,-,-,-,4031.2000,4028.8000,4028.0000,4027.8000,4027.6000,4034.0000,4043.8000,4051.8000,4057.6000,4059.8000,1,1,2,2,1,1,1,1,3,3
SF,IF2008,2020-06-22 09:33:45.400,4033.8000,53,1,64061700.000,1,1,0,双开,S,4028.8000,4028.0000,4027.8000,4027.6000,4026.0000,4034.0000,4043.8000,4051.8000,4057.6000,4059.8000,1,2,2,1,1,1,1,1,3,3
SF,IF2008,2020-06-22 09:33:45.900,4033.8000,53,0,64061700.000,0,-,-,-,-,4029.0000,4028.8000,4028.0000,4027.8000,4027.6000,4034.0000,4043.8000,4051.8000,4057.6000,4059.8000,1,1,2,2,1,1,1,1,3,3
SF,IF2008,2020-06-22 09:33:46.400,4034.0000,54,1,65271900.000,1,1,0,双开,S,4029.0000,4028.8000,4028.0000,4027.8000,4027.6000,4043.8000,4051.8000,4057.6000,4059.8000,4060.2000,1,1,2,2,1,1,1,3,3,1
SF,IF2008,2020-06-22 09:33:46.900,4034.0000,54,0,65271900.000,0,-,-,-,-,4029.4000,4028.8000,4028.0000,4027.8000,4027.6000,4033.8000,4043.6000,4043.8000,4051.8000,4057.6000,1,1,2,2,1,1,4,2,1,3
SF,IF2008,2020-06-22 09:33:47.400,4034.0000,54,0,65271900.000,0,-,-,-,-,4029.6000,4029.4000,4029.2000,4029.0000,4028.8000,4033.6000,4033.8000,4043.6000,4043.8000,4051.8000,1,1,1,1,1,1,1,3,1,1
SF,IF2008,2020-06-22 09:33:47.900,4034.0000,54,0,65271900.000,0,-,-,-,-,4030.8000,4029.8000,4029.6000,4029.4000,4029.2000,4033.6000,4033.8000,4043.6000,4051.8000,4057.6000,1,1,2,1,1,1,1,3,1,3
SF,IF2008,2020-06-22 09:33:48.400,4034.0000,54,0,65271900.000,0,-,-,-,-,4031.0000,4030.8000,4029.8000,4029.6000,4029.2000,4033.6000,4033.8000,4043.6000,4051.8000,4057.6000,1,1,1,1,1,1,1,3,1,3
SF,IF2008,2020-06-22 09:33:48.900,4034.0000,54,0,65271900.000,0,-,-,-,-,4031.0000,4029.8000,4029.6000,4029.2000,4029.0000,4033.6000,4033.8000,4043.6000,4051.8000,4057.6000,1,1,1,1,1,1,1,3,1,3
SF,IF2008,2020-06-22 09:33:49.400,4034.0000,55,1,66482100.000,1,1,0,双开,S,4031.0000,4029.8000,4029.2000,4029.0000,4028.8000,4033.8000,4043.6000,4051.8000,4057.6000,4059.8000,1,1,1,1,1,1,3,1,3,3
SF,IF2008,2020-06-22 09:33:49.900,4034.0000,55,0,66482100.000,0,-,-,-,-,4031.0000,4029.8000,4029.2000,4029.0000,4028.8000,4033.6000,4033.8000,4043.6000,4051.8000,4057.6000,1,1,1,1,1,1,1,3,1,3
SF,IF2008,2020-06-22 09:33:50.400,4034.0000,55,0,66482100.000,0,-,-,-,-,4031.0000,4029.8000,4028.8000,4028.0000,4027.8000,4033.8000,4043.6000,4051.8000,4057.6000,4059.8000,1,1,1,2,2,1,3,1,3,3
SF,IF2008,2020-06-22 09:33:50.900,4034.0000,55,0,66482100.000,0,-,-,-,-,4031.2000,4031.0000,4029.8000,4028.8000,4028.0000,4033.8000,4043.6000,4051.8000,4057.6000,4059.8000,1,1,1,1,2,1,3,1,3,3
SF,IF2008,2020-06-22 09:33:51.400,4034.0000,55,0,66482100.000,0,-,-,-,-,4031.2000,4031.0000,4029.8000,4028.8000,4028.0000,4033.6000,4033.8000,4043.6000,4051.8000,4057.6000,2,1,1,1,2,1,1,3,1,3
SF,IF2008,2020-06-22 09:33:52.400,4034.0000,55,0,66482100.000,0,-,-,-,-,4031.2000,4031.0000,4029.8000,4028.8000,4028.0000,4033.4000,4033.8000,4043.6000,4051.8000,4057.6000,2,1,1,1,2,1,1,3,1,3
SF,IF2008,2020-06-22 09:33:52.900,4034.0000,55,0,66482100.000,0,-,-,-,-,4031.0000,4029.8000,4028.8000,4028.0000,4027.8000,4033.4000,4033.8000,4043.6000,4051.8000,4057.6000,1,1,1,2,2,1,1,3,1,3
SF,IF2008,2020-06-22 09:33:53.400,4033.8000,56,1,67692240.000,1,1,0,双开,S,4031.0000,4029.8000,4028.8000,4028.0000,4027.8000,4033.8000,4043.6000,4051.8000,4057.6000,4059.8000,2,1,1,2,2,1,3,1,3,3
SF,IF2008,2020-06-22 09:33:53.900,4033.8000,56,0,67692240.000,0,-,-,-,-,4031.4000,4031.0000,4029.8000,4028.8000,4028.0000,4043.6000,4051.8000,4057.6000,4059.8000,4060.2000,1,2,1,1,2,3,1,3,3,1
SF,IF2008,2020-06-22 09:33:54.400,4033.8000,56,0,67692240.000,0,-,-,-,-,4031.0000,4029.8000,4028.8000,4028.0000,4027.8000,4042.8000,4043.4000,4043.6000,4051.8000,4057.6000,1,1,1,2,2,1,2,2,1,3
SF,IF2008,2020-06-22 09:33:54.900,4033.8000,56,0,67692240.000,0,-,-,-,-,4031.2000,4029.8000,4028.8000,4028.0000,4027.8000,4042.6000,4042.8000,4043.4000,4051.8000,4057.6000,1,1,1,2,2,3,1,2,1,3
SF,IF2008,2020-06-22 09:33:55.400,4033.8000,56,0,67692240.000,0,-,-,-,-,4031.6000,4031.4000,4029.8000,4028.8000,4028.0000,4042.4000,4042.6000,4042.8000,4043.4000,4051.8000,1,1,1,1,2,1,3,1,1,1
SF,IF2008,2020-06-22 09:33:55.900,4033.8000,56,0,67692240.000,0,-,-,-,-,4034.6000,4031.6000,4031.4000,4029.8000,4028.8000,4041.8000,4042.2000,4042.4000,4042.6000,4042.8000,1,1,1,1,1,2,1,2,1,1
SF,IF2008,2020-06-22 09:33:56.400,4034.6000,57,1,68902620.000,1,1,0,双开,S,4031.6000,4031.4000,4029.8000,4028.8000,4028.0000,4039.2000,4041.6000,4041.8000,4042.8000,4051.8000,1,1,1,1,2,1,3,2,1,1
SF,IF2008,2020-06-22 09:33:56.900,4034.6000,57,0,68902620.000,0,-,-,-,-,4031.8000,4031.6000,4031.4000,4029.8000,4028.8000,4039.0000,4039.2000,4041.8000,4042.8000,4051.8000,1,1,1,1,1,2,2,2,1,1
SF,IF2008,2020-06-22 09:33:57.400,4034.6000,57,0,68902620.000,0,-,-,-,-,4031.8000,4031.6000,4031.4000,4029.8000,4028.8000,4038.8000,4039.0000,4039.2000,4042.8000,4051.8000,1,1,1,1,1,1,2,1,1,1
SF,IF2008,2020-06-22 09:33:57.900,4034.6000,57,0,68902620.000,0,-,-,-,-,4032.6000,4031.8000,4031.6000,4029.8000,4028.8000,4038.6000,4038.8000,4039.0000,4039.2000,4042.8000,2,1,1,1,1,1,1,1,1,1
SF,IF2008,2020-06-22 09:33:58.400,4034.6000,57,0,68902620.000,0,-,-,-,-,4032.6000,4032.0000,4029.8000,4028.8000,4028.0000,4038.4000,4038.6000,4039.0000,4039.2000,4042.8000,2,2,1,1,2,1,2,1,1,1
SF,IF2008,2020-06-22 09:33:58.900,4034.6000,57,0,68902620.000,0,-,-,-,-,4032.6000,4032.0000,4029.8000,4028.8000,4028.0000,4038.2000,4038.4000,4039.0000,4042.8000,4051.8000,2,2,1,1,2,1,2,1,1,1
SF,IF2008,2020-06-22 09:33:59.400,4034.6000,57,0,68902620.000,0,-,-,-,-,4032.8000,4032.6000,4032.0000,4029.8000,4028.8000,4037.4000,4038.0000,4038.2000,4038.4000,4042.8000,1,2,1,1,1,1,1,2,1,1
SF,IF2008,2020-06-22 09:33:59.900,4034.6000,57,0,68902620.000,0,-,-,-,-,4032.0000,4029.8000,4028.8000,4028.0000,4027.8000,4037.2000,4037.4000,4042.8000,4051.8000,4057.6000,1,1,1,2,2,2,2,1,1,3
SF,IF2008,2020-06-22 09:34:00.900,4034.6000,57,0,68902620.000,0,-,-,-,-,4032.0000,4029.8000,4028.8000,4028.0000,4027.8000,4037.0000,4037.2000,4037.4000,4042.8000,4051.8000,1,1,1,2,2,1,2,1,1,1
SF,IF2008,2020-06-22 09:34:01.400,4034.6000,57,0,68902620.000,0,-,-,-,-,4032.0000,4029.8000,4028.8000,4028.0000,4027.8000,4036.8000,4037.0000,4037.2000,4037.4000,4042.8000,1,1,1,2,2,1,2,1,1,1
SF,IF2008,2020-06-22 09:34:01.900,4034.6000,57,0,68902620.000,0,-,-,-,-,4032.0000,4029.8000,4028.8000,4028.0000,4027.8000,4036.6000,4036.8000,4037.0000,4037.2000,4037.4000,1,1,1,2,2,1,1,2,1,1
SF,IF2008,2020-06-22 09:34:02.400,4034.6000,57,0,68902620.000,0,-,-,-,-,4032.0000,4029.8000,4028.8000,4028.0000,4027.8000,4036.4000,4036.6000,4037.2000,4037.4000,4042.8000,1,1,1,2,2,1,2,1,1,1
SF,IF2008,2020-06-22 09:34:02.900,4034.6000,57,0,68902620.000,0,-,-,-,-,4032.0000,4029.8000,4028.8000,4028.0000,4027.8000,4036.4000,4036.6000,4037.4000,4042.8000,4051.8000,1,1,1,2,2,1,2,1,1,1
SF,IF2008,2020-06-22 09:34:03.400,4034.6000,57,0,68902620.000,0,-,-,-,-,4032.0000,4029.8000,4028.8000,4028.0000,4027.8000,4036.2000,4036.4000,4036.6000,4037.4000,4042.8000,1,1,1,2,2,1,2,1,1,1
SF,IF2008,2020-06-22 09:34:03.900,4034.6000,57,0,68902620.000,0,-,-,-,-,4029.8000,4028.8000,4028.0000,4027.8000,4027.6000,4036.0000,4036.2000,4036.6000,4037.4000,4042.8000,1,1,2,2,1,2,1,1,1,1
SF,IF2008,2020-06-22 09:34:04.400,4034.6000,57,0,68902620.000,0,-,-,-,-,4030.0000,4029.8000,4028.8000,4028.0000,4027.8000,4036.0000,4036.6000,4037.4000,4042.8000,4051.8000,1,1,1,2,2,2,1,1,1,1
SF,IF2008,2020-06-22 09:34:04.900,4034.6000,57,0,68902620.000,0,-,-,-,-,4030.0000,4029.8000,4028.8000,4028.0000,4027.8000,4035.8000,4036.0000,4036.6000,4037.4000,4042.8000,1,1,1,2,2,1,2,1,1,1
SF,IF2008,2020-06-22 09:34:05.400,4034.6000,57,0,68902620.000,0,-,-,-,-,4030.0000,4029.8000,4028.8000,4028.0000,4027.8000,4035.6000,4035.8000,4036.0000,4042.8000,4051.8000,2,1,1,2,2,1,1,1,1,1
SF,IF2008,2020-06-22 09:34:05.900,4034.6000,57,0,68902620.000,0,-,-,-,-,4030.2000,4030.0000,4028.8000,4028.0000,4027.8000,4035.4000,4036.0000,4042.8000,4051.8000,4057.6000,1,2,1,2,2,1,1,1,1,3
SF,IF2008,2020-06-22 09:34:06.400,4034.6000,57,0,68902620.000,0,-,-,-,-,4030.4000,4030.2000,4028.8000,4028.0000,4027.8000,4035.4000,4036.0000,4042.8000,4051.8000,4057.6000,1,2,1,2,2,1,1,1,1,3
SF,IF2008,2020-06-22 09:34:06.900,4034.6000,57,0,68902620.000,0,-,-,-,-,4030.4000,4030.2000,4028.8000,4028.0000,4027.8000,4035.4000,4036.0000,4042.8000,4051.8000,4057.6000,2,1,1,2,2,1,1,1,1,3
SF,IF2008,2020-06-22 09:34:07.900,4034.6000,57,0,68902620.000,0,-,-,-,-,4030.6000,4030.4000,4030.2000,4028.8000,4028.0000,4035.4000,4036.0000,4042.8000,4051.8000,4057.6000,1,2,1,1,2,1,1,1,1,3
SF,IF2008,2020-06-22 09:34:08.400,4034.6000,57,0,68902620.000,0,-,-,-,-,4030.8000,4030.6000,4030.4000,4030.2000,4028.8000,4035.2000,4035.4000,4036.0000,4042.8000,4051.8000,1,1,1,1,1,1,1,1,1,1
SF,IF2008,2020-06-22 09:34:08.900,4034.6000,57,0,68902620.000,0,-,-,-,-,4030.8000,4030.6000,4030.2000,4028.8000,4028.0000,4035.2000,4035.4000,4042.8000,4051.8000,4057.6000,1,1,1,1,2,1,1,1,1,3
SF,IF2008,2020-06-22 09:34:09.400,4034.6000,57,0,68902620.000,0,-,-,-,-,4030.8000,4030.2000,4028.8000,4028.0000,4027.8000,4035.2000,4035.4000,4042.8000,4051.8000,4057.6000,2,1,1,2,2,1,1,1,1,3
SF,IF2008,2020-06-22 09:34:10.400,4034.6000,57,0,68902620.000,0,-,-,-,-,4031.0000,4030.8000,4030.2000,4028.8000,4028.0000,4035.2000,4035.4000,4042.8000,4051.8000,4057.6000,1,2,1,1,2,1,1,1,1,3
SF,IF2008,2020-06-22 09:34:10.900,4034.6000,57,0,68902620.000,0,-,-,-,-,4031.2000,4031.0000,4030.8000,4030.2000,4028.8000,4035.2000,4035.4000,4042.8000,4051.8000,4057.6000,1,1,1,1,1,1,1,1,1,3
SF,IF2008,2020-06-22 09:34:11.400,4034.6000,57,0,68902620.000,0,-,-,-,-,4031.2000,4031.0000,4030.2000,4028.8000,4028.0000,4035.4000,4042.8000,4051.8000,4057.6000,4059.8000,1,1,1,1,2,1,1,1,3,3
SF,IF2008,2020-06-22 09:34:11.900,4034.6000,57,0,68902620.000,0,-,-,-,-,4035.2000,4031.4000,4031.2000,4031.0000,4030.2000,4035.4000,4042.8000,4051.8000,4057.6000,4059.8000,1,1,1,1,1,1,1,1,3,3
SF,IF2008,2020-06-22 09:34:12.400,4035.2000,58,1,70113180.000,1,1,0,双开,S,4031.4000,4031.0000,4030.2000,4028.8000,4028.0000,4047.0000,4051.8000,4057.6000,4059.8000,4060.2000,1,1,1,1,2,10,1,3,3,1
SF,IF2008,2020-06-22 09:34:12.900,4035.2000,58,0,70113180.000,0,-,-,-,-,4031.4000,4031.0000,4030.2000,4028.8000,4028.0000,4045.0000,4046.8000,4047.0000,4051.8000,4057.6000,2,1,1,1,2,1,3,10,1,3
SF,IF2008,2020-06-22 09:34:13.400,4035.2000,58,0,70113180.000,0,-,-,-,-,4031.6000,4030.2000,4028.8000,4028.0000,4027.8000,4044.8000,4045.0000,4047.0000,4051.8000,4057.6000,1,1,1,2,2,5,1,10,1,3
SF,IF2008,2020-06-22 09:34:13.900,4035.2000,58,0,70113180.000,0,-,-,-,-,4032.0000,4031.6000,4030.2000,4028.8000,4028.0000,4044.8000,4045.0000,4047.0000,4051.8000,4057.6000,1,1,1,1,2,5,1,10,1,3
SF,IF2008,2020-06-22 09:34:14.400,4035.2000,58,0,70113180.000,0,-,-,-,-,4032.0000,4031.6000,4030.2000,4028.8000,4028.0000,4044.8000,4045.0000,4047.0000,4051.8000,4057.6000,1,1,1,1,2,5,1,10,1,3
SF,IF2008,2020-06-22 09:34:14.900,4035.2000,58,0,70113180.000,0,-,-,-,-,4032.0000,4031.6000,4030.2000,4028.8000,4028.0000,4044.8000,4045.0000,4047.0000,4051.8000,4057.6000,1,1,1,1,2,4,1,10,1,3
SF,IF2008,2020-06-22 09:34:15.400,4035.2000,58,0,70113180.000,0,-,-,-,-,4032.0000,4031.6000,4030.2000,4028.8000,4028.0000,4044.6000,4044.8000,4045.0000,4047.0000,4051.8000,1,1,1,1,2,1,4,1,10,1
SF,IF2008,2020-06-22 09:34:15.900,4035.2000,58,0,70113180.000,0,-,-,-,-,4031.6000,4030.2000,4028.8000,4028.0000,4027.8000,4041.8000,4044.4000,4044.6000,4044.8000,4045.0000,1,1,1,2,2,2,1,1,2,1
SF,IF2008,2020-06-22 09:34:16.400,4035.2000,58,0,70113180.000,0,-,-,-,-,4031.8000,4031.6000,4030.2000,4028.8000,4028.0000,4041.6000,4041.8000,4045.0000,4047.0000,4051.8000,1,1,1,1,2,3,2,1,10,1
SF,IF2008,2020-06-22 09:34:16.900,4035.2000,58,0,70113180.000,0,-,-,-,-,4032.2000,4031.8000,4031.6000,4030.2000,4028.8000,4040.0000,4040.6000,4041.4000,4041.6000,4045.0000,1,1,1,1,1,1,2,2,2,1
SF,IF2008,2020-06-22 09:34:17.400,4035.2000,58,0,70113180.000,0,-,-,-,-,4032.4000,4032.2000,4031.6000,4030.2000,4028.8000,4039.8000,4040.0000,4040.6000,4045.0000,4047.0000,1,1,1,1,1,2,2,2,1,10
SF,IF2008,2020-06-22 09:34:17.900,4035.2000,58,0,70113180.000,0,-,-,-,-,4032.2000,4031.6000,4030.2000,4028.8000,4028.0000,4039.2000,4039.8000,4040.0000,4045.0000,4047.0000,1,1,1,1,2,2,2,2,1,10
SF,IF2008,2020-06-22 09:34:18.400,4035.2000,58,0,70113180.000,0,-,-,-,-,4032.4000,4032.2000,4031.6000,4030.2000,4028.8000,4039.0000,4039.2000,4039.8000,4040.0000,4045.0000,1,1,1,1,1,3,2,1,2,1
SF,IF2008,2020-06-22 09:34:18.900,4035.2000,58,0,70113180.000,0,-,-,-,-,4032.2000,4030.2000,4028.8000,4028.0000,4027.8000,4039.0000,4039.2000,4045.0000,4047.0000,4051.8000,1,1,1,2,2,3,2,1,10,1
SF,IF2008,2020-06-22 09:34:19.400,4035.2000,58,0,70113180.000,0,-,-,-,-,4032.4000,4032.2000,4030.2000,4028.8000,4028.0000,4038.4000,4039.0000,4045.0000,4047.0000,4051.8000,1,1,1,1,2,2,3,1,10,1
SF,IF2008,2020-06-22 09:34:19.900,4035.2000,58,0,70113180.000,0,-,-,-,-,4032.4000,4032.2000,4030.2000,4028.8000,4028.0000,4038.2000,4038.4000,4039.0000,4045.0000,4047.0000,1,1,1,1,2,2,2,1,1,10
SF,IF2008,2020-06-22 09:34:20.400,4035.2000,58,0,70113180.000,0,-,-,-,-,4032.4000,4030.2000,4028.8000,4028.0000,4027.8000,4038.2000,4038.4000,4045.0000,4047.0000,4051.8000,1,1,1,2,2,2,2,1,10,1
SF,IF2008,2020-06-22 09:34:20.900,4035.2000,58,0,70113180.000,0,-,-,-,-,4032.6000,4032.4000,4030.2000,4028.8000,4028.0000,4038.0000,4038.2000,4038.4000,4045.0000,4047.0000,1,1,1,1,2,1,2,2,1,10
SF,IF2008,2020-06-22 09:34:21.400,4035.2000,58,0,70113180.000,0,-,-,-,-,4032.6000,4030.2000,4028.8000,4028.0000,4027.8000,4037.8000,4038.0000,4038.2000,4038.4000,4045.0000,1,1,1,2,2,1,2,1,2,1
SF,IF2008,2020-06-22 09:34:21.900,4035.2000,58,0,70113180.000,0,-,-,-,-,4032.6000,4030.2000,4028.8000,4028.0000,4027.8000,4037.6000,4037.8000,4038.0000,4038.2000,4038.4000,1,1,1,2,2,1,1,1,1,2
SF,IF2008,2020-06-22 09:34:22.400,4035.2000,58,0,70113180.000,0,-,-,-,-,4032.6000,4030.2000,4028.8000,4028.0000,4027.8000,4037.4000,4037.6000,4038.0000,4038.2000,4038.4000,1,1,1,2,2,1,1,1,1,2
SF,IF2008,2020-06-22 09:34:22.900,4035.2000,58,0,70113180.000,0,-,-,-,-,4032.8000,4032.6000,4030.2000,4028.8000,4028.0000,4037.2000,4037.4000,4037.6000,4045.0000,4047.0000,1,1,1,1,2,1,1,1,1,10
SF,IF2008,2020-06-22 09:34:23.400,4035.2000,58,0,70113180.000,0,-,-,-,-,4032.8000,4032.6000,4030.2000,4028.8000,4028.0000,4037.0000,4037.2000,4037.6000,4045.0000,4047.0000,2,1,1,1,2,2,1,1,1,10
SF,IF2008,2020-06-22 09:34:23.900,4035.2000,58,0,70113180.000,0,-,-,-,-,4032.8000,4030.2000,4028.8000,4028.0000,4027.8000,4037.0000,4037.6000,4045.0000,4047.0000,4051.8000,1,1,1,2,2,2,1,1,10,1
SF,IF2008,2020-06-22 09:34:24.900,4035.2000,58,0,70113180.000,0,-,-,-,-,4032.8000,4030.2000,4028.8000,4028.0000,4027.8000,4036.8000,4037.0000,4037.6000,4045.0000,4047.0000,1,1,1,2,2,1,2,1,1,10
SF,IF2008,2020-06-22 09:34:25.400,4035.2000,58,0,70113180.000,0,-,-,-,-,4032.8000,4030.2000,4028.8000,4028.0000,4027.8000,4036.6000,4036.8000,4037.0000,4045.0000,4047.0000,1,1,1,2,2,1,1,1,1,10
SF,IF2008,2020-06-22 09:34:25.900,4032.8000,59,1,71323020.000,1,1,0,双开,S,4030.2000,4028.8000,4028.0000,4027.8000,4027.6000,4036.4000,4036.6000,4037.0000,4045.0000,4047.0000,1,1,2,2,1,1,1,1,1,10
SF,IF2008,2020-06-22 09:34:26.400,4032.8000,59,0,71323020.000,0,-,-,-,-,4030.4000,4030.2000,4028.8000,4028.0000,4027.8000,4036.4000,4037.0000,4045.0000,4047.0000,4051.8000,1,2,1,2,2,1,1,1,10,1
SF,IF2008,2020-06-22 09:34:26.900,4032.8000,59,0,71323020.000,0,-,-,-,-,4030.4000,4030.2000,4028.8000,4028.0000,4027.8000,4036.2000,4036.4000,4037.0000,4045.0000,4047.0000,2,1,1,2,2,2,1,1,1,10
SF,IF2008,2020-06-22 09:34:27.400,4032.8000,59,0,71323020.000,0,-,-,-,-,4030.4000,4030.2000,4028.8000,4028.0000,4027.8000,4036.2000,4036.4000,4045.0000,4047.0000,4051.8000,2,1,1,2,2,1,1,1,10,1
SF,IF2008,2020-06-22 09:34:27.900,4032.8000,59,0,71323020.000,0,-,-,-,-,4031.4000,4030.8000,4030.4000,4030.2000,4028.8000,4036.0000,4036.2000,4036.4000,4045.0000,4047.0000,1,1,2,1,1,1,1,1,1,10
SF,IF2008,2020-06-22 09:34:28.400,4032.8000,59,0,71323020.000,0,-,-,-,-,4031.6000,4031.4000,4030.8000,4030.2000,4028.8000,4035.8000,4036.0000,4036.2000,4036.4000,4045.0000,1,1,1,1,1,2,1,1,1,1
SF,IF2008,2020-06-22 09:34:28.900,4032.8000,59,0,71323020.000,0,-,-,-,-,4031.6000,4031.4000,4030.8000,4030.2000,4028.8000,4035.8000,4036.0000,4036.2000,4036.4000,4045.0000,2,1,1,1,1,2,1,1,1,1
SF,IF2008,2020-06-22 09:34:29.900,4032.8000,59,0,71323020.000,0,-,-,-,-,4032.4000,4031.6000,4030.8000,4030.2000,4028.8000,4035.8000,4036.0000,4036.2000,4036.4000,4045.0000,1,1,1,1,1,2,1,1,1,1
SF,IF2008,2020-06-22 09:34:30.400,4032.8000,59,0,71323020.000,0,-,-,-,-,4032.4000,4031.6000,4030.2000,4028.8000,4028.0000,4035.8000,4036.0000,4036.2000,4036.4000,4045.0000,1,1,1,1,2,2,1,1,1,1
SF,IF2008,2020-06-22 09:34:31.400,4032.8000,59,0,71323020.000,0,-,-,-,-,4031.6000,4030.2000,4028.8000,4028.0000,4027.8000,4035.8000,4036.0000,4036.4000,4045.0000,4047.0000,1,1,1,2,2,2,1,1,1,10
SF,IF2008,2020-06-22 09:34:31.900,4032.8000,59,0,71323020.000,0,-,-,-,-,4031.6000,4030.2000,4028.8000,4028.0000,4027.8000,4035.8000,4036.0000,4036.4000,4045.0000,4047.0000,2,1,1,2,2,2,1,1,1,10
SF,IF2008,2020-06-22 09:34:32.400,4032.8000,59,0,71323020.000,0,-,-,-,-,4032.2000,4031.6000,4028.8000,4028.0000,4027.8000,4035.8000,4036.0000,4036.4000,4045.0000,4047.0000,1,2,1,2,2,2,1,1,1,10
SF,IF2008,2020-06-22 09:34:32.900,4032.8000,59,0,71323020.000,0,-,-,-,-,4032.2000,4031.6000,4028.8000,4028.0000,4027.8000,4035.8000,4036.0000,4036.4000,4045.0000,4047.0000,2,1,1,2,2,2,1,1,1,10
SF,IF2008,2020-06-22 09:34:36.400,4032.8000,59,0,71323020.000,0,-,-,-,-,4032.6000,4032.2000,4031.6000,4028.8000,4028.0000,4035.6000,4035.8000,4036.0000,4036.4000,4045.0000,1,1,1,1,2,1,2,1,1,1
SF,IF2008,2020-06-22 09:34:36.900,4032.8000,59,0,71323020.000,0,-,-,-,-,4032.6000,4032.2000,4031.6000,4028.8000,4028.0000,4035.6000,4035.8000,4036.0000,4045.0000,4047.0000,1,1,1,1,2,1,1,1,1,10
SF,IF2008,2020-06-22 09:34:37.400,4032.8000,59,0,71323020.000,0,-,-,-,-,4032.6000,4031.6000,4028.8000,4028.0000,4027.8000,4035.6000,4035.8000,4045.0000,4047.0000,4051.8000,1,1,1,2,2,1,1,1,10,1
SF,IF2008,2020-06-22 09:34:37.900,4032.8000,59,0,71323020.000,0,-,-,-,-,4032.6000,4031.6000,4028.8000,4028.0000,4027.8000,4035.6000,4035.8000,4045.0000,4047.0000,4051.8000,2,1,1,2,2,1,1,1,10,1
SF,IF2008,2020-06-22 09:34:38.400,4032.8000,59,0,71323020.000,0,-,-,-,-,4032.8000,4032.6000,4028.8000,4028.0000,4027.8000,4035.6000,4035.8000,4045.0000,4047.0000,4051.8000,1,2,1,2,2,1,1,1,10,1
SF,IF2008,2020-06-22 09:34:38.900,4032.8000,59,0,71323020.000,0,-,-,-,-,4032.8000,4032.6000,4028.8000,4028.0000,4027.8000,4035.6000,4035.8000,4045.0000,4047.0000,4051.8000,2,1,1,2,2,1,1,1,10,1
SF,IF2008,2020-06-22 09:34:39.400,4035.6000,60,1,72533700.000,1,1,0,双开,S,4032.8000,4028.8000,4028.0000,4027.8000,4027.6000,4035.8000,4045.0000,4047.0000,4051.8000,4057.6000,2,1,2,2,1,1,1,10,1,3
SF,IF2008,2020-06-22 09:34:39.900,4035.6000,60,0,72533700.000,0,-,-,-,-,4032.8000,4028.8000,4028.0000,4027.8000,4027.6000,4035.8000,4045.0000,4047.0000,4051.8000,4057.6000,2,1,2,2,1,1,1,10,1,3
SF,IF2008,2020-06-22 09:34:40.400,4035.6000,60,0,72533700.000,0,-,-,-,-,4032.8000,4028.8000,4028.0000,4027.8000,4027.6000,4035.8000,4045.0000,4047.0000,4051.8000,4057.6000,1,1,2,2,1,1,1,10,1,3
SF,IF2008,2020-06-22 09:34:41.400,4035.8000,61,1,73744440.000,1,1,0,双开,S,4032.8000,4028.8000,4028.0000,4027.8000,4027.6000,4045.0000,4047.0000,4051.8000,4057.6000,4059.8000,1,1,2,2,1,1,10,1,3,3
SF,IF2008,2020-06-22 09:34:41.900,4035.8000,61,0,73744440.000,0,-,-,-,-,4028.8000,4028.0000,4027.8000,4027.6000,4026.0000,4044.8000,4045.0000,4047.0000,4051.8000,4057.6000,1,2,2,1,1,4,2,10,1,3
SF,IF2008,2020-06-22 09:34:42.400,4035.8000,61,0,73744440.000,0,-,-,-,-,4029.0000,4028.8000,4028.0000,4027.8000,4027.6000,4044.8000,4045.0000,4047.0000,4051.8000,4057.6000,1,1,2,2,1,4,1,10,1,3
SF,IF2008,2020-06-22 09:34:42.900,4035.8000,61,0,73744440.000,0,-,-,-,-,4029.0000,4028.8000,4028.0000,4027.8000,4027.6000,4044.8000,4045.0000,4047.0000,4051.8000,4057.6000,2,1,2,2,1,4,1,10,1,3
SF,IF2008,2020-06-22 09:34:43.400,4035.8000,61,0,73744440.000,0,-,-,-,-,4032.4000,4029.0000,4028.8000,4028.0000,4027.8000,4043.6000,4044.8000,4045.0000,4047.0000,4051.8000,1,2,1,2,2,2,4,1,10,1
SF,IF2008,2020-06-22 09:34:43.900,4035.8000,61,0,73744440.000,0,-,-,-,-,4032.4000,4030.2000,4028.8000,4028.0000,4027.8000,4043.4000,4043.6000,4045.0000,4047.0000,4051.8000,1,1,1,2,2,2,2,1,10,1
SF,IF2008,2020-06-22 09:34:44.400,4035.8000,61,0,73744440.000,0,-,-,-,-,4033.6000,4033.0000,4032.4000,4028.8000,4028.0000,4042.6000,4043.4000,4045.0000,4047.0000,4057.6000,1,1,1,1,2,2,2,1,10,3
SF,IF2008,2020-06-22 09:34:44.900,4035.8000,61,0,73744440.000,0,-,-,-,-,4033.6000,4033.0000,4032.4000,4028.8000,4028.0000,4042.4000,4042.6000,4045.0000,4047.0000,4057.6000,1,1,1,1,2,3,2,1,10,3
SF,IF2008,2020-06-22 09:34:45.400,4035.8000,61,0,73744440.000,0,-,-,-,-,4033.6000,4033.0000,4032.4000,4028.8000,4028.0000,4042.2000,4042.4000,4042.6000,4045.0000,4047.0000,1,1,1,1,2,1,3,2,1,10
SF,IF2008,2020-06-22 09:34:45.900,4035.8000,61,0,73744440.000,0,-,-,-,-,4034.0000,4033.6000,4033.0000,4028.8000,4028.0000,4041.2000,4042.0000,4042.2000,4042.4000,4045.0000,1,1,1,1,2,2,1,1,1,1
SF,IF2008,2020-06-22 09:34:46.400,4035.8000,61,0,73744440.000,0,-,-,-,-,4034.0000,4033.6000,4028.8000,4028.0000,4027.8000,4041.0000,4041.2000,4042.2000,4045.0000,4047.0000,1,1,1,2,2,2,2,1,1,10
SF,IF2008,2020-06-22 09:34:46.900,4035.8000,61,0,73744440.000,0,-,-,-,-,4034.0000,4033.6000,4028.8000,4028.0000,4027.8000,4040.8000,4041.0000,4041.2000,4045.0000,4047.0000,1,1,1,2,2,1,3,2,1,10
SF,IF2008,2020-06-22 09:34:47.400,4035.8000,61,0,73744440.000,0,-,-,-,-,4034.4000,4034.2000,4034.0000,4028.8000,4028.0000,4040.6000,4040.8000,4041.0000,4041.2000,4045.0000,1,1,1,1,2,1,1,2,2,1
SF,IF2008,2020-06-22 09:34:47.900,4035.8000,61,0,73744440.000,0,-,-,-,-,4034.4000,4034.0000,4028.8000,4028.0000,4027.8000,4040.6000,4041.0000,4041.2000,4045.0000,4047.0000,1,1,1,2,2,2,2,2,1,10
SF,IF2008,2020-06-22 09:34:48.400,4035.8000,61,0,73744440.000,0,-,-,-,-,4034.4000,4034.0000,4028.8000,4028.0000,4027.8000,4040.6000,4041.0000,4041.2000,4045.0000,4047.0000,1,1,1,2,2,2,2,2,1,10
SF,IF2008,2020-06-22 09:34:48.900,4035.8000,61,0,73744440.000,0,-,-,-,-,4034.4000,4034.0000,4028.8000,4028.0000,4027.8000,4040.4000,4040.6000,4041.0000,4041.2000,4045.0000,1,1,1,2,2,1,2,1,2,1
SF,IF2008,2020-06-22 09:34:49.400,4035.8000,61,0,73744440.000,0,-,-,-,-,4034.4000,4034.0000,4028.8000,4028.0000,4027.8000,4040.2000,4040.4000,4041.0000,4041.2000,4045.0000,1,1,1,2,2,1,1,1,2,1
SF,IF2008,2020-06-22 09:34:49.900,4040.0000,62,1,74956440.000,1,1,0,双开,S,4034.4000,4034.0000,4028.8000,4028.0000,4027.8000,4040.2000,4041.2000,4045.0000,4047.0000,4057.6000,1,1,1,2,2,2,2,1,10,3
SF,IF2008,2020-06-22 09:34:50.400,4040.0000,62,0,74956440.000,0,-,-,-,-,4034.6000,4034.4000,4034.0000,4028.8000,4028.0000,4040.2000,4041.2000,4045.0000,4047.0000,4057.6000,1,1,1,1,2,2,2,1,10,3
SF,IF2008,2020-06-22 09:34:50.900,4034.6000,63,1,76166820.000,1,1,0,双开,S,4034.4000,4034.0000,4028.8000,4028.0000,4027.8000,4040.0000,4040.2000,4041.2000,4045.0000,4047.0000,1,1,1,2,2,1,2,2,1,10
SF,IF2008,2020-06-22 09:34:51.400,4034.6000,63,0,76166820.000,0,-,-,-,-,4034.6000,4034.4000,4028.8000,4028.0000,4027.8000,4039.8000,4040.0000,4041.2000,4045.0000,4047.0000,1,1,1,2,2,2,1,2,1,10
SF,IF2008,2020-06-22 09:34:51.900,4034.6000,63,0,76166820.000,0,-,-,-,-,4034.8000,4034.6000,4034.4000,4028.8000,4028.0000,4039.8000,4041.2000,4045.0000,4047.0000,4057.6000,1,1,1,1,2,2,2,1,10,3
SF,IF2008,2020-06-22 09:34:52.400,4039.8000,64,1,77378760.000,1,1,0,双开,S,4035.0000,4034.8000,4034.4000,4028.8000,4028.0000,4039.8000,4041.2000,4045.0000,4047.0000,4057.6000,1,1,1,1,2,1,2,1,10,3
SF,IF2008,2020-06-22 09:34:52.900,4039.6000,66,2,79801140.000,2,2,0,双开,S,4034.8000,4034.4000,4028.8000,4028.0000,4027.8000,4039.6000,4039.8000,4041.2000,4045.0000,4047.0000,1,1,1,2,2,1,2,2,1,10
SF,IF2008,2020-06-22 09:34:53.400,4039.6000,66,0,79801140.000,0,-,-,-,-,4035.0000,4034.8000,4028.8000,4028.0000,4027.8000,4039.0000,4039.8000,4041.2000,4045.0000,4047.0000,1,1,1,2,2,1,2,2,1,10
SF,IF2008,2020-06-22 09:34:53.900,4035.0000,67,1,81011640.000,1,1,0,双开,S,4035.2000,4035.0000,4028.8000,4028.0000,4027.8000,4039.0000,4039.8000,4041.2000,4047.0000,4057.6000,1,1,1,2,2,1,1,2,10,3
SF,IF2008,2020-06-22 09:34:54.400,4035.0000,67,0,81011640.000,0,-,-,-,-,4035.6000,4035.4000,4035.2000,4028.8000,4028.0000,4038.8000,4039.0000,4039.6000,4039.8000,4041.2000,1,1,1,1,2,1,1,1,1,2
SF,IF2008,2020-06-22 09:34:54.900,4038.8000,68,1,82223280.000,1,1,0,双开,S,4035.8000,4035.6000,4035.2000,4028.8000,4028.0000,4039.0000,4039.6000,4039.8000,4041.2000,4047.0000,1,1,1,1,2,1,1,1,2,10
SF,IF2008,2020-06-22 09:34:55.400,4038.8000,68,0,82223280.000,0,-,-,-,-,4036.2000,4035.8000,4035.6000,4028.8000,4028.0000,4039.0000,4039.6000,4039.8000,4041.2000,4047.0000,2,3,1,1,2,1,1,1,2,10
SF,IF2008,2020-06-22 09:34:55.900,4038.8000,68,0,82223280.000,0,-,-,-,-,4036.2000,4035.8000,4028.8000,4028.0000,4027.8000,4038.8000,4039.6000,4039.8000,4047.0000,4057.6000,1,2,1,2,2,1,1,1,10,3
SF,IF2008,2020-06-22 09:34:56.400,4038.8000,68,0,82223280.000,0,-,-,-,-,4036.2000,4035.8000,4028.8000,4028.0000,4027.8000,4038.8000,4039.8000,4047.0000,4057.6000,4059.8000,1,1,1,2,2,1,1,10,3,3
SF,IF2008,2020-06-22 09:34:56.900,4038.8000,68,0,82223280.000,0,-,-,-,-,4036.4000,4036.2000,4035.8000,4028.8000,4028.0000,4038.8000,4039.8000,4047.0000,4057.6000,4059.8000,2,1,1,1,2,1,1,10,3,3
SF,IF2008,2020-06-22 09:34:57.400,4038.8000,68,0,82223280.000,0,-,-,-,-,4036.4000,4036.2000,4035.8000,4028.8000,4028.0000,4038.8000,4047.0000,4057.6000,4059.8000,4060.2000,2,1,1,1,2,1,10,3,3,1
SF,IF2008,2020-06-22 09:34:57.900,4038.8000,68,0,82223280.000,0,-,-,-,-,4036.8000,4036.6000,4036.4000,4028.8000,4028.0000,4038.6000,4038.8000,4047.0000,4057.6000,4059.8000,1,1,2,1,2,1,1,10,3,3
SF,IF2008,2020-06-22 09:34:58.400,4038.8000,69,1,83434920.000,1,1,0,双开,S,4036.8000,4036.6000,4036.4000,4028.8000,4028.0000,4047.0000,4057.6000,4059.8000,4060.2000,4068.0000,1,1,2,1,2,10,3,3,1,1
SF,IF2008,2020-06-22 09:34:58.900,4038.8000,69,0,83434920.000,0,-,-,-,-,4036.8000,4036.4000,4028.8000,4028.0000,4027.8000,4046.4000,4046.8000,4047.0000,4057.6000,4059.8000,1,2,1,2,2,1,2,10,3,3
SF,IF2008,2020-06-22 09:34:59.400,4038.8000,69,0,83434920.000,0,-,-,-,-,4037.0000,4036.8000,4036.4000,4028.8000,4028.0000,4046.2000,4046.4000,4046.8000,4047.0000,4057.6000,1,1,2,1,2,1,1,2,10,3
SF,IF2008,2020-06-22 09:34:59.900,4038.8000,69,0,83434920.000,0,-,-,-,-,4037.0000,4036.8000,4036.4000,4028.8000,4028.0000,4046.2000,4046.8000,4047.0000,4057.6000,4059.8000,1,1,2,1,2,2,1,10,3,3
SF,IF2008,2020-06-22 09:35:00.400,4038.8000,69,0,83434920.000,0,-,-,-,-,4037.6000,4037.2000,4037.0000,4028.8000,4028.0000,4046.2000,4047.0000,4057.6000,4059.8000,4060.2000,2,1,1,1,2,2,10,3,3,1
SF,IF2008,2020-06-22 09:35:00.900,4038.8000,69,0,83434920.000,0,-,-,-,-,4037.8000,4037.6000,4037.0000,4028.8000,4028.0000,4046.0000,4046.2000,4047.0000,4057.6000,4059.8000,1,2,1,1,2,2,2,10,3,3
SF,IF2008,2020-06-22 09:35:01.400,4038.8000,69,0,83434920.000,0,-,-,-,-,4037.6000,4037.0000,4028.8000,4028.0000,4027.8000,4045.8000,4046.0000,4047.0000,4057.6000,4059.8000,2,1,1,2,2,1,2,10,3,3
SF,IF2008,2020-06-22 09:35:01.900,4045.6000,70,1,84648600.000,1,1,0,双开,S,4037.8000,4037.6000,4037.0000,4028.8000,4028.0000,4045.8000,4046.0000,4047.0000,4057.6000,4059.8000,1,2,1,1,2,2,1,10,3,3
SF,IF2008,2020-06-22 09:35:02.400,4045.6000,70,0,84648600.000,0,-,-,-,-,4037.6000,4037.0000,4028.8000,4028.0000,4027.8000,4045.8000,4046.0000,4047.0000,4057.6000,4059.8000,2,1,1,2,2,2,1,10,3,3
SF,IF2008,2020-06-22 09:35:02.900,4045.6000,70,0,84648600.000,0,-,-,-,-,4038.4000,4037.0000,4028.8000,4028.0000,4027.8000,4045.6000,4045.8000,4046.0000,4047.0000,4057.6000,2,1,1,2,2,1,2,1,10,3
SF,IF2008,2020-06-22 09:35:03.400,4038.4000,71,1,85860120.000,1,1,0,双开,S,4038.4000,4038.2000,4037.0000,4028.8000,4028.0000,4045.2000,4045.4000,4046.0000,4047.0000,4057.6000,1,1,1,1,2,1,1,1,10,3
SF,IF2008,2020-06-22 09:35:03.900,4038.4000,71,0,85860120.000,0,-,-,-,-,4038.2000,4037.0000,4028.8000,4028.0000,4027.8000,4044.0000,4045.0000,4045.2000,4046.0000,4047.0000,1,1,1,2,2,1,1,2,1,10
SF,IF2008,2020-06-22 09:35:04.400,4038.2000,72,1,87071580.000,1,1,0,双开,S,4028.8000,4028.0000,4027.8000,4027.6000,4026.0000,4043.8000,4044.0000,4047.0000,4057.6000,4059.8000,1,2,2,1,1,1,2,10,3,3
SF,IF2008,2020-06-22 09:35:04.900,4038.2000,72,0,87071580.000,0,-,-,-,-,4038.4000,4029.0000,4028.8000,4028.0000,4027.8000,4043.4000,4044.0000,4047.0000,4057.6000,4059.8000,1,2,1,2,2,1,1,10,3,3
SF,IF2008,2020-06-22 09:35:05.400,4038.4000,73,1,88283100.000,1,1,0,双开,S,4029.0000,4028.8000,4028.0000,4027.8000,4027.6000,4042.8000,4043.2000,4043.4000,4047.0000,4057.6000,2,1,2,2,1,1,1,2,10,3
SF,IF2008,2020-06-22 09:35:05.900,4038.4000,73,0,88283100.000,0,-,-,-,-,4036.0000,4029.0000,4028.8000,4028.0000,4027.8000,4042.6000,4042.8000,4043.4000,4047.0000,4057.6000,1,2,1,2,2,1,1,2,10,3
SF,IF2008,2020-06-22 09:35:06.400,4038.4000,73,0,88283100.000,0,-,-,-,-,4036.0000,4029.0000,4028.8000,4028.0000,4027.8000,4042.4000,4042.6000,4042.8000,4043.4000,4047.0000,1,2,1,2,2,1,2,1,2,10
SF,IF2008,2020-06-22 09:35:06.900,4038.4000,73,0,88283100.000,0,-,-,-,-,4036.8000,4036.0000,4029.0000,4028.8000,4028.0000,4042.0000,4042.2000,4042.4000,4042.6000,4043.4000,1,1,2,1,2,1,1,2,1,2
SF,IF2008,2020-06-22 09:35:07.400,4038.4000,73,0,88283100.000,0,-,-,-,-,4036.8000,4036.0000,4029.0000,4028.8000,4028.0000,4041.8000,4042.0000,4042.2000,4042.4000,4042.6000,1,1,2,1,2,2,1,1,1,1
SF,IF2008,2020-06-22 09:35:07.900,4038.4000,73,0,88283100.000,0,-,-,-,-,4036.8000,4029.0000,4028.8000,4028.0000,4027.8000,4041.4000,4041.8000,4042.0000,4042.4000,4042.6000,1,2,1,2,2,1,2,1,1,1
SF,IF2008,2020-06-22 09:35:08.400,4038.4000,73,0,88283100.000,0,-,-,-,-,4036.8000,4029.0000,4028.8000,4028.0000,4027.8000,4041.2000,4041.4000,4041.8000,4042.0000,4042.6000,1,2,1,2,2,1,1,1,1,1
SF,IF2008,2020-06-22 09:35:08.900,4038.4000,73,0,88283100.000,0,-,-,-,-,4036.8000,4029.0000,4028.8000,4028.0000,4027.8000,4041.2000,4041.4000,4042.6000,4043.4000,4047.0000,1,2,1,2,2,1,1,1,1,10
SF,IF2008,2020-06-22 09:35:09.400,4038.4000,73,0,88283100.000,0,-,-,-,-,4036.8000,4029.0000,4028.8000,4028.0000,4027.8000,4041.2000,4041.4000,4042.6000,4043.4000,4047.0000,1,2,1,2,2,1,1,1,1,10
SF,IF2008,2020-06-22 09:35:09.900,4038.4000,73,0,88283100.000,0,-,-,-,-,4036.8000,4029.0000,4028.8000,4028.0000,4027.8000,4041.2000,4041.4000,4042.6000,4047.0000,4057.6000,1,2,1,2,2,1,1,1,10,3
SF,IF2008,2020-06-22 09:35:10.400,4038.4000,73,0,88283100.000,0,-,-,-,-,4029.0000,4028.8000,4028.0000,4027.8000,4027.6000,4041.2000,4041.4000,4042.6000,4047.0000,4057.6000,2,1,2,2,1,1,1,1,10,3
SF,IF2008,2020-06-22 09:35:10.900,4038.4000,73,0,88283100.000,0,-,-,-,-,4029.2000,4029.0000,4028.8000,4028.0000,4027.8000,4040.8000,4042.6000,4047.0000,4057.6000,4059.8000,2,2,1,2,2,1,1,10,3,3
