市场代码,合约代码,时间,最新,持仓,增仓,成交额,成交量,开仓,平仓,成交类型,方向,买一价,买二价,买三价,买四价,买五价,卖一价,卖二价,卖三价,卖四价,卖五价,买一量,买二量,买三量,买四量,买五量,卖一量,卖二量,卖三量,卖四量,卖五量
SF,IF2006,2020-04-09 09:29:00.400,3740.0000,39478,0,21318000.000,19.000,-,-,-,-,3738.4000,3737.0000,3736.0000,3733.2000,3733.0000,3741.0000,3742.0000,3743.4000,3745.0000,3748.6000,1,1,2,1,2,2,1,1,3,1
SF,IF2006,2020-04-09 09:30:00.400,3738.8000,39471,-7,33660960.000,11,2,9,多平,S,3738.8000,3738.6000,3737.0000,3736.0000,3733.2000,3741.0000,3742.0000,3743.2000,3743.4000,3744.0000,2,1,1,2,1,5,3,1,1,1
SF,IF2006,2020-04-09 09:30:00.900,3740.8000,39465,-6,41514600.000,7,0,7,多平,S,3739.4000,3739.0000,3738.8000,3737.0000,3736.0000,3740.8000,3741.0000,3742.0000,3743.2000,3743.4000,1,1,2,1,2,8,5,3,1,1
SF,IF2006,2020-04-09 09:30:01.400,3740.8000,39461,-4,47125320.000,5,0,5,多平,S,3740.8000,3740.0000,3739.6000,3739.4000,3739.0000,3741.0000,3742.0000,3743.2000,3743.4000,3744.0000,3,1,2,1,1,5,3,1,1,1
SF,IF2006,2020-04-09 09:30:01.900,3740.8000,39460,-1,51614400.000,4,1,3,多平,S,3740.8000,3740.0000,3739.6000,3739.4000,3739.0000,3741.0000,3742.0000,3743.2000,3743.4000,3744.0000,1,1,2,1,1,3,3,1,1,1
SF,IF2006,2020-04-09 09:30:02.400,3741.0000,39456,-4,60592320.000,8,2,6,多平,S,3739.6000,3739.4000,3739.0000,3738.8000,3737.0000,3742.0000,3743.2000,3743.4000,3744.0000,3745.0000,2,1,1,2,1,3,1,1,1,3
SF,IF2006,2020-04-09 09:30:02.900,3740.8000,39453,-3,66202920.000,5,1,4,多平,S,3741.0000,3739.8000,3739.6000,3739.0000,3738.8000,3741.8000,3742.0000,3743.2000,3743.4000,3744.0000,2,2,2,1,2,3,4,1,1,1
SF,IF2006,2020-04-09 09:30:03.400,3741.6000,39451,-2,70691820.000,4,1,3,多平,S,3739.8000,3739.6000,3739.0000,3738.8000,3738.0000,3741.8000,3742.0000,3743.2000,3743.4000,3744.0000,1,2,1,2,1,3,4,1,1,1
SF,IF2006,2020-04-09 09:30:03.900,3740.6000,39450,-1,77424840.000,6,2,4,多平,S,3739.8000,3739.6000,3739.0000,3738.8000,3738.0000,3741.0000,3741.6000,3741.8000,3742.0000,3743.2000,1,2,1,2,1,1,5,2,4,1
SF,IF2006,2020-04-09 09:30:04.400,3741.0000,39450,0,80791380.000,3,1,2,多换,S,3739.6000,3739.0000,3738.8000,3738.0000,3737.0000,3741.0000,3741.6000,3741.8000,3742.0000,3743.2000,2,2,2,1,1,1,5,2,4,1
SF,IF2006,2020-04-09 09:30:04.900,3740.4000,39449,-1,81913500.000,1,0,1,双平,S,3739.8000,3739.6000,3739.0000,3738.8000,3738.6000,3740.8000,3741.6000,3741.8000,3742.0000,3743.2000,1,2,2,2,2,3,4,2,4,3
SF,IF2006,2020-04-09 09:30:05.400,3739.8000,39445,-4,86401620.000,4,0,4,双平,S,3740.0000,3739.8000,3739.6000,3739.0000,3738.8000,3741.6000,3741.8000,3742.0000,3743.2000,3743.4000,1,1,1,2,2,4,1,4,3,1
SF,IF2006,2020-04-09 09:30:05.900,3740.0000,39443,-2,88646040.000,2,0,2,双平,S,3739.6000,3739.0000,3738.8000,3738.6000,3738.2000,3741.4000,3741.6000,3742.0000,3743.2000,3743.4000,1,2,2,2,1,1,8,3,3,1
SF,IF2006,2020-04-09 09:30:06.400,3739.8000,39442,-1,89767980.000,1,0,1,双平,S,3739.6000,3739.0000,3738.8000,3738.6000,3738.2000,3741.2000,3741.4000,3741.6000,3742.0000,3743.2000,1,2,2,2,1,2,3,8,3,3
SF,IF2006,2020-04-09 09:30:06.900,3741.0000,39440,-2,93134460.000,3,0,3,多平,S,3739.8000,3739.0000,3738.8000,3738.2000,3738.0000,3741.0000,3741.2000,3741.4000,3741.6000,3742.0000,1,2,2,1,1,3,3,2,2,3
SF,IF2006,2020-04-09 09:30:07.400,3739.8000,39440,0,95378340.000,2,1,1,多换,S,3739.0000,3738.8000,3738.2000,3738.0000,3737.4000,3740.8000,3741.0000,3741.6000,3742.0000,3743.2000,2,2,1,1,2,7,6,1,3,3
SF,IF2006,2020-04-09 09:30:07.900,3740.4000,39439,-1,97622580.000,2,0,2,多平,S,3739.0000,3738.8000,3738.2000,3738.0000,3737.4000,3740.4000,3740.6000,3740.8000,3741.0000,3741.6000,2,2,1,1,2,1,6,6,2,1
SF,IF2006,2020-04-09 09:30:08.400,3739.0000,39439,0,98744280.000,1,0,1,多换,S,3739.0000,3738.8000,3738.2000,3738.0000,3737.4000,3739.6000,3740.2000,3740.4000,3740.6000,3740.8000,1,2,1,1,2,12,4,4,1,3
SF,IF2006,2020-04-09 09:30:08.900,3738.8000,39438,-1,100987620.000,2,0,2,多平,S,3738.8000,3738.2000,3738.0000,3737.4000,3737.0000,3739.4000,3739.6000,3740.2000,3740.4000,3740.6000,1,1,1,2,1,3,13,4,2,1
SF,IF2006,2020-04-09 09:30:09.400,3739.2000,39437,-1,105474360.000,4,1,3,多平,S,3738.2000,3738.0000,3737.4000,3737.0000,3736.0000,3739.4000,3739.6000,3740.2000,3740.4000,3741.0000,1,1,2,1,2,1,12,3,1,2
SF,IF2006,2020-04-09 09:30:09.900,3738.6000,39434,-3,108839160.000,3,0,3,双平,S,3738.6000,3738.4000,3738.2000,3737.4000,3737.0000,3739.6000,3740.2000,3741.0000,3741.2000,3741.4000,1,2,2,2,1,12,3,2,1,2
SF,IF2006,2020-04-09 09:30:10.400,3739.0000,39428,-6,117814020.000,8,1,7,多平,S,3739.0000,3738.8000,3738.6000,3738.4000,3738.2000,3739.6000,3740.2000,3741.0000,3741.2000,3741.4000,3,2,3,1,1,5,3,2,1,1
SF,IF2006,2020-04-09 09:30:10.900,3739.2000,39424,-4,124545180.000,6,1,5,多平,S,3739.2000,3739.0000,3738.8000,3738.6000,3738.4000,3739.6000,3740.2000,3741.0000,3741.2000,3741.4000,1,1,1,1,1,1,3,2,1,1
SF,IF2006,2020-04-09 09:30:11.400,3741.6000,39426,2,135767580.000,10,6,4,空开,S,3738.6000,3738.4000,3738.2000,3737.4000,3737.0000,3741.6000,3742.0000,3743.2000,3743.4000,3744.0000,1,1,1,2,1,1,3,3,1,1
SF,IF2006,2020-04-09 09:30:11.900,3739.6000,39426,0,136889460.000,1,0,1,多换,S,3739.6000,3739.4000,3738.8000,3738.6000,3738.2000,3740.8000,3741.2000,3741.4000,3741.6000,3741.8000,1,1,6,1,1,3,3,11,4,2
SF,IF2006,2020-04-09 09:30:12.400,3738.8000,39427,1,140254620.000,3,2,1,空开,S,3738.8000,3738.2000,3737.8000,3737.4000,3737.0000,3740.6000,3740.8000,3741.4000,3741.6000,3741.8000,3,1,1,2,4,3,1,5,2,2
SF,IF2006,2020-04-09 09:30:12.900,3739.2000,39426,-1,141376380.000,1,0,1,双平,S,3739.0000,3738.8000,3738.2000,3737.8000,3737.4000,3740.4000,3740.6000,3740.8000,3741.4000,3741.6000,3,3,1,1,2,1,1,1,6,2
SF,IF2006,2020-04-09 09:30:13.400,3739.0000,39423,-3,144741600.000,3,0,3,双平,S,3739.0000,3738.8000,3738.2000,3737.8000,3737.4000,3740.2000,3740.8000,3741.4000,3741.6000,3741.8000,1,1,1,1,2,2,1,6,2,2
SF,IF2006,2020-04-09 09:30:13.900,3739.0000,39422,-1,145863300.000,1,0,1,双平,S,3739.6000,3738.2000,3737.8000,3737.4000,3737.0000,3740.0000,3740.2000,3740.8000,3741.0000,3741.4000,1,1,1,2,4,5,2,1,1,5
SF,IF2006,2020-04-09 09:30:14.400,3739.6000,39421,-1,146985180.000,1,0,1,双平,S,3738.2000,3737.8000,3737.4000,3737.0000,3736.0000,3739.0000,3739.8000,3740.0000,3740.2000,3740.6000,1,1,2,4,2,1,2,3,1,1
SF,IF2006,2020-04-09 09:30:14.900,3739.6000,39421,0,148107060.000,1,0,1,多换,S,3738.4000,3738.2000,3737.8000,3737.4000,3737.0000,3739.0000,3739.8000,3740.0000,3740.6000,3740.8000,1,1,1,2,4,4,1,1,1,1
SF,IF2006,2020-04-09 09:30:15.400,3738.2000,39421,0,150350040.000,2,1,1,多换,S,3738.6000,3737.8000,3737.4000,3737.0000,3736.0000,3739.0000,3739.8000,3740.0000,3740.6000,3740.8000,1,1,2,4,2,4,1,1,1,1
SF,IF2006,2020-04-09 09:30:15.900,3738.6000,39420,-1,151471620.000,1,0,1,双平,S,3737.8000,3737.4000,3737.0000,3736.0000,3735.6000,3738.8000,3739.0000,3739.8000,3740.0000,3740.6000,1,2,4,2,2,1,5,1,1,1
SF,IF2006,2020-04-09 09:30:16.400,3740.0000,39415,-5,158202360.000,6,0,6,多平,S,3740.0000,3737.8000,3737.4000,3737.0000,3736.0000,3740.6000,3740.8000,3741.0000,3741.4000,3741.6000,14,1,2,4,2,2,1,3,3,3
SF,IF2006,2020-04-09 09:30:16.900,3740.0000,39401,-14,173910360.000,14,0,14,双平,S,3737.8000,3737.4000,3737.0000,3736.0000,3735.6000,3738.2000,3739.0000,3739.4000,3740.0000,3740.2000,1,2,4,2,2,1,1,2,3,4
SF,IF2006,2020-04-09 09:30:17.400,3738.2000,39400,-1,177274800.000,3,1,2,多平,S,3737.8000,3737.4000,3737.0000,3736.0000,3735.6000,3738.4000,3739.8000,3740.0000,3740.2000,3740.4000,1,2,4,2,2,1,1,1,4,14
SF,IF2006,2020-04-09 09:30:17.900,3740.4000,39400,0,190738200.000,12,6,6,多换,S,3738.0000,3737.8000,3737.4000,3737.0000,3736.0000,3739.2000,3740.0000,3740.2000,3740.4000,3740.6000,5,2,2,4,2,1,2,1,8,2
SF,IF2006,2020-04-09 09:30:18.400,3740.4000,39400,0,190738200.000,0,-,-,-,-,3738.2000,3738.0000,3737.8000,3737.4000,3737.0000,3739.0000,3739.2000,3739.6000,3739.8000,3740.0000,2,1,1,2,1,2,2,1,1,2
SF,IF2006,2020-04-09 09:30:18.900,3738.2000,39400,0,194102520.000,3,1,2,多换,S,3738.2000,3737.4000,3737.0000,3736.0000,3735.6000,3739.0000,3739.2000,3739.6000,3739.8000,3740.0000,6,2,1,2,2,2,1,1,1,2
SF,IF2006,2020-04-09 09:30:19.400,3738.2000,39400,0,194102520.000,0,-,-,-,-,3738.4000,3738.2000,3737.4000,3737.0000,3736.0000,3739.0000,3739.2000,3739.6000,3739.8000,3740.0000,1,7,2,1,2,2,1,1,1,2
SF,IF2006,2020-04-09 09:30:19.900,3738.8000,39400,0,196345620.000,2,1,1,多换,S,3738.2000,3737.4000,3737.0000,3736.0000,3735.6000,3739.0000,3739.2000,3739.8000,3740.0000,3740.2000,7,2,1,2,2,5,1,1,2,5
SF,IF2006,2020-04-09 09:30:20.400,3738.8000,39400,0,196345620.000,0,-,-,-,-,3738.2000,3737.4000,3737.0000,3736.0000,3735.6000,3738.8000,3739.0000,3739.2000,3739.8000,3740.0000,7,2,1,2,2,2,2,1,1,5
SF,IF2006,2020-04-09 09:30:20.900,3738.8000,39400,0,196345620.000,0,-,-,-,-,3738.2000,3737.4000,3737.0000,3736.0000,3735.6000,3738.8000,3739.0000,3739.2000,3739.8000,3740.0000,7,2,1,2,2,2,2,1,1,5
SF,IF2006,2020-04-09 09:30:21.400,3738.2000,39398,-2,198588540.000,2,0,2,双平,S,3738.2000,3737.4000,3737.0000,3736.0000,3735.6000,3738.4000,3738.8000,3739.0000,3739.2000,3739.8000,5,2,1,2,2,1,2,2,1,4
SF,IF2006,2020-04-09 09:30:21.900,3738.2000,39395,-3,207560460.000,8,2,6,多平,S,3737.4000,3737.0000,3736.0000,3735.6000,3733.2000,3738.2000,3739.0000,3739.2000,3739.6000,3739.8000,2,1,2,2,1,3,2,1,1,4
SF,IF2006,2020-04-09 09:30:22.400,3738.2000,39395,0,208681920.000,1,0,1,多换,S,3737.4000,3737.0000,3736.0000,3735.6000,3733.2000,3738.2000,3739.0000,3739.2000,3739.6000,3739.8000,2,1,2,5,1,2,2,1,2,4
SF,IF2006,2020-04-09 09:30:22.900,3738.2000,39395,0,208681920.000,0,-,-,-,-,3737.4000,3737.0000,3736.0000,3735.6000,3733.8000,3738.2000,3738.8000,3739.0000,3739.2000,3739.6000,2,1,2,5,1,2,1,2,1,2
SF,IF2006,2020-04-09 09:30:23.400,3738.2000,39395,0,208681920.000,0,-,-,-,-,3737.4000,3737.0000,3736.0000,3735.6000,3733.8000,3738.2000,3738.8000,3739.0000,3739.2000,3739.6000,2,1,2,5,1,2,1,2,1,2
SF,IF2006,2020-04-09 09:30:23.900,3738.2000,39395,0,208681920.000,0,-,-,-,-,3737.4000,3737.0000,3736.0000,3735.6000,3733.8000,3738.0000,3738.2000,3738.8000,3739.0000,3739.2000,2,1,2,5,1,1,4,1,2,1
SF,IF2006,2020-04-09 09:30:24.400,3738.2000,39395,0,208681920.000,0,-,-,-,-,3737.4000,3737.0000,3736.0000,3735.6000,3733.8000,3738.0000,3738.2000,3738.8000,3739.0000,3739.2000,2,1,2,5,1,1,8,1,2,1
SF,IF2006,2020-04-09 09:30:24.900,3737.6000,39394,-1,209803200.000,1,0,1,双平,S,3737.4000,3737.0000,3736.0000,3735.6000,3733.8000,3738.2000,3738.8000,3739.0000,3739.2000,3739.6000,2,1,2,5,1,8,1,2,1,2
SF,IF2006,2020-04-09 09:30:25.400,3737.4000,39393,-1,212045880.000,2,0,2,多平,S,3737.4000,3737.0000,3736.0000,3735.6000,3733.8000,3738.2000,3738.8000,3739.0000,3739.2000,3739.6000,1,1,2,5,1,7,1,2,1,2
SF,IF2006,2020-04-09 09:30:25.900,3738.2000,39394,1,213167340.000,1,1,0,双开,S,3737.4000,3737.0000,3736.0000,3735.6000,3733.8000,3738.0000,3738.2000,3738.8000,3739.0000,3739.2000,1,1,2,5,1,1,6,1,2,1
SF,IF2006,2020-04-09 09:30:26.400,3738.2000,39394,0,213167340.000,0,-,-,-,-,3737.4000,3737.0000,3736.0000,3735.6000,3733.8000,3738.0000,3738.2000,3738.8000,3739.0000,3739.2000,1,1,2,5,1,1,6,1,2,1
SF,IF2006,2020-04-09 09:30:26.900,3737.4000,39394,0,214288560.000,1,0,1,多换,S,3737.0000,3736.0000,3735.6000,3733.8000,3733.2000,3737.4000,3738.0000,3738.2000,3738.8000,3739.0000,1,2,5,1,1,1,1,9,1,2
SF,IF2006,2020-04-09 09:30:27.400,3737.4000,39394,0,214288560.000,0,-,-,-,-,3737.0000,3736.0000,3735.6000,3733.8000,3733.2000,3737.4000,3738.0000,3738.2000,3738.8000,3739.0000,1,2,5,1,1,1,1,9,1,2
SF,IF2006,2020-04-09 09:30:27.900,3737.4000,39394,0,214288560.000,0,-,-,-,-,3737.0000,3736.0000,3735.6000,3733.8000,3733.2000,3737.4000,3738.0000,3738.2000,3738.8000,3739.0000,1,2,5,1,1,3,1,12,1,2
SF,IF2006,2020-04-09 09:30:28.400,3737.4000,39394,0,214288560.000,0,-,-,-,-,3737.0000,3736.0000,3735.6000,3733.8000,3733.2000,3737.4000,3738.0000,3738.2000,3738.8000,3739.0000,1,2,5,1,1,3,1,12,1,2
SF,IF2006,2020-04-09 09:30:28.900,3737.0000,39393,-1,215409660.000,1,0,1,双平,S,3736.0000,3735.6000,3733.8000,3733.2000,3733.0000,3737.0000,3737.4000,3738.0000,3738.2000,3738.8000,2,5,1,1,3,1,3,1,12,1
SF,IF2006,2020-04-09 09:30:29.400,3737.0000,39393,0,215409660.000,0,-,-,-,-,3736.4000,3736.2000,3736.0000,3735.6000,3733.8000,3737.0000,3737.4000,3738.0000,3738.2000,3738.8000,2,3,3,5,1,3,3,1,12,1
SF,IF2006,2020-04-09 09:30:29.900,3737.0000,39391,-2,217651860.000,2,0,2,双平,S,3736.6000,3736.0000,3735.6000,3733.8000,3733.2000,3737.0000,3737.4000,3738.0000,3738.2000,3738.8000,2,2,5,1,1,1,3,1,12,1
SF,IF2006,2020-04-09 09:30:30.400,3737.0000,39391,0,217651860.000,0,-,-,-,-,3736.6000,3736.0000,3735.6000,3733.8000,3733.2000,3737.0000,3737.4000,3738.0000,3738.2000,3738.8000,2,2,5,1,1,2,3,1,13,1
SF,IF2006,2020-04-09 09:30:30.900,3736.6000,39392,1,225499680.000,7,4,3,空开,S,3736.0000,3735.6000,3733.8000,3733.2000,3733.0000,3736.2000,3738.0000,3738.2000,3738.8000,3739.0000,2,5,1,1,3,4,1,12,1,4
SF,IF2006,2020-04-09 09:30:31.400,3736.6000,39393,1,232225080.000,6,3,3,空开,S,3736.4000,3736.2000,3736.0000,3735.6000,3733.8000,3736.6000,3738.0000,3738.2000,3738.8000,3739.0000,2,4,2,5,1,2,1,12,1,4
SF,IF2006,2020-04-09 09:30:31.900,3736.6000,39393,0,232225080.000,0,-,-,-,-,3736.0000,3735.6000,3733.8000,3733.2000,3733.0000,3736.6000,3738.0000,3738.2000,3738.8000,3739.0000,2,5,1,1,3,3,1,12,1,4
SF,IF2006,2020-04-09 09:30:32.400,3736.6000,39392,-1,234466860.000,2,0,2,多平,S,3736.0000,3735.6000,3733.8000,3733.2000,3733.0000,3736.6000,3738.0000,3738.2000,3738.8000,3739.0000,1,5,1,1,3,2,1,12,1,4
SF,IF2006,2020-04-09 09:30:32.900,3736.6000,39391,-1,236708820.000,2,0,2,多平,S,3737.0000,3736.0000,3735.6000,3733.8000,3733.2000,3738.0000,3738.2000,3738.8000,3739.0000,3739.2000,6,1,2,1,1,1,12,1,5,1
SF,IF2006,2020-04-09 09:30:33.400,3737.0000,39388,-3,240072120.000,3,0,3,双平,S,3737.0000,3736.0000,3735.6000,3733.8000,3733.2000,3737.8000,3738.0000,3738.2000,3738.8000,3739.0000,3,1,2,1,1,2,1,10,2,4
SF,IF2006,2020-04-09 09:30:33.900,3737.0000,39388,0,241193220.000,1,0,1,多换,S,3737.2000,3737.0000,3736.0000,3735.6000,3733.8000,3737.8000,3738.0000,3738.2000,3738.8000,3739.0000,1,3,1,2,1,2,2,10,1,4
SF,IF2006,2020-04-09 09:30:34.400,3737.0000,39388,0,241193220.000,0,-,-,-,-,3737.2000,3737.0000,3736.0000,3735.6000,3733.8000,3737.8000,3738.0000,3738.2000,3738.8000,3739.0000,1,3,1,2,1,1,2,10,1,4
SF,IF2006,2020-04-09 09:30:34.900,3737.0000,39387,-1,242314320.000,1,0,1,双平,S,3737.0000,3736.0000,3735.6000,3733.8000,3733.2000,3737.2000,3737.8000,3738.0000,3738.2000,3738.8000,3,1,2,1,1,1,1,2,10,3
SF,IF2006,2020-04-09 09:30:35.400,3737.0000,39386,-1,243435420.000,1,0,1,双平,S,3737.0000,3736.0000,3735.6000,3733.8000,3733.2000,3737.2000,3737.6000,3737.8000,3738.0000,3738.2000,2,1,2,1,1,4,1,1,2,10
SF,IF2006,2020-04-09 09:30:35.900,3737.6000,39387,1,249041340.000,5,3,2,空开,S,3737.2000,3737.0000,3736.2000,3736.0000,3735.6000,3737.8000,3738.0000,3738.2000,3738.8000,3739.0000,1,2,1,1,2,1,3,10,3,2
SF,IF2006,2020-04-09 09:30:36.400,3737.6000,39387,0,249041340.000,0,-,-,-,-,3737.2000,3737.0000,3736.2000,3736.0000,3735.6000,3737.8000,3738.0000,3738.2000,3738.8000,3739.0000,1,2,1,1,2,1,3,9,3,2
SF,IF2006,2020-04-09 09:30:36.900,3737.6000,39387,0,249041340.000,0,-,-,-,-,3737.2000,3737.0000,3736.2000,3736.0000,3735.6000,3737.8000,3738.0000,3738.2000,3738.8000,3739.0000,1,2,1,1,2,1,3,7,3,2
SF,IF2006,2020-04-09 09:30:37.400,3737.6000,39387,0,249041340.000,0,-,-,-,-,3737.2000,3737.0000,3736.2000,3736.0000,3735.6000,3737.8000,3738.0000,3738.2000,3738.8000,3739.0000,1,2,1,1,2,1,2,7,1,2
SF,IF2006,2020-04-09 09:30:37.900,3737.8000,39385,-2,251284020.000,2,0,2,双平,S,3737.2000,3737.0000,3736.2000,3736.0000,3735.6000,3738.0000,3738.2000,3738.8000,3739.0000,3739.2000,1,2,1,1,2,2,6,1,2,1
SF,IF2006,2020-04-09 09:30:38.400,3737.8000,39385,0,251284020.000,0,-,-,-,-,3737.2000,3737.0000,3736.2000,3736.0000,3735.6000,3738.0000,3738.2000,3738.8000,3739.0000,3739.2000,1,2,1,1,3,1,6,1,2,1
SF,IF2006,2020-04-09 09:30:38.900,3738.2000,39384,-1,259133280.000,7,3,4,多平,S,3737.0000,3736.2000,3736.0000,3735.6000,3733.8000,3738.2000,3738.8000,3739.0000,3739.2000,3740.0000,1,1,1,3,1,4,1,2,1,7
SF,IF2006,2020-04-09 09:30:39.400,3737.0000,39384,0,260254380.000,1,0,1,多换,S,3736.2000,3736.0000,3735.6000,3733.8000,3733.2000,3737.0000,3737.4000,3737.6000,3738.0000,3738.2000,1,1,3,1,1,1,2,1,9,5
SF,IF2006,2020-04-09 09:30:39.900,3738.0000,39383,-1,262496880.000,2,0,2,多平,S,3736.4000,3736.2000,3736.0000,3735.6000,3733.8000,3738.0000,3738.2000,3738.8000,3739.0000,3739.2000,3,1,1,3,1,6,5,1,2,1
SF,IF2006,2020-04-09 09:30:40.400,3738.0000,39383,0,262496880.000,0,-,-,-,-,3736.6000,3736.4000,3736.2000,3736.0000,3735.6000,3737.0000,3738.0000,3738.2000,3738.8000,3739.0000,3,3,1,1,3,1,3,4,1,2
SF,IF2006,2020-04-09 09:30:40.900,3737.0000,39382,-1,263617980.000,1,0,1,双平,S,3737.0000,3736.8000,3736.6000,3736.4000,3736.2000,3738.0000,3738.2000,3738.8000,3739.0000,3739.2000,3,3,3,1,1,3,4,1,2,1
SF,IF2006,2020-04-09 09:30:41.400,3737.0000,39382,0,263617980.000,0,-,-,-,-,3737.2000,3737.0000,3736.8000,3736.6000,3736.2000,3738.0000,3738.2000,3738.8000,3739.0000,3739.2000,3,1,1,1,1,1,4,1,2,1
SF,IF2006,2020-04-09 09:30:41.900,3738.2000,39382,0,269225220.000,5,2,3,多换,S,3737.4000,3737.2000,3737.0000,3736.8000,3736.6000,3738.2000,3738.8000,3739.0000,3739.2000,3740.0000,2,3,1,1,1,1,1,2,1,7
SF,IF2006,2020-04-09 09:30:42.400,3737.6000,39381,-1,270346500.000,1,0,1,双平,S,3737.4000,3737.2000,3737.0000,3736.8000,3736.6000,3738.2000,3738.8000,3739.0000,3739.2000,3740.0000,1,2,6,1,1,1,1,2,1,9
SF,IF2006,2020-04-09 09:30:42.900,3738.2000,39381,0,271467960.000,1,0,1,多换,S,3738.0000,3737.6000,3737.4000,3737.0000,3736.8000,3738.8000,3739.0000,3739.2000,3740.0000,3740.2000,1,3,2,6,1,1,2,1,9,2
SF,IF2006,2020-04-09 09:30:43.400,3739.0000,39379,-2,273711300.000,2,0,2,双平,S,3738.2000,3738.0000,3737.6000,3737.0000,3736.8000,3739.0000,3739.2000,3740.0000,3740.2000,3740.4000,2,3,1,6,1,1,1,9,2,4
SF,IF2006,2020-04-09 09:30:43.900,3738.4000,39378,-1,274832820.000,1,0,1,双平,S,3738.4000,3738.2000,3738.0000,3737.6000,3737.0000,3739.0000,3739.2000,3740.0000,3740.4000,3740.8000,1,5,1,1,6,1,1,4,4,1
SF,IF2006,2020-04-09 09:30:44.400,3740.4000,39378,0,282686400.000,7,3,4,多换,S,3738.6000,3738.4000,3738.2000,3738.0000,3737.6000,3740.4000,3740.8000,3741.0000,3741.2000,3741.4000,1,1,4,1,1,1,1,3,1,2
SF,IF2006,2020-04-09 09:30:44.900,3740.4000,39378,0,282686400.000,0,-,-,-,-,3738.8000,3738.6000,3738.2000,3738.0000,3737.0000,3740.2000,3740.4000,3740.8000,3741.0000,3741.2000,4,1,3,1,6,4,2,1,3,1
SF,IF2006,2020-04-09 09:30:45.400,3738.8000,39377,-1,283808040.000,1,0,1,双平,S,3738.8000,3738.6000,3738.2000,3738.0000,3737.0000,3740.2000,3740.4000,3740.8000,3741.0000,3741.2000,3,1,3,1,6,5,1,1,1,1
SF,IF2006,2020-04-09 09:30:45.900,3738.8000,39376,-1,284929680.000,1,0,1,双平,S,3738.8000,3738.6000,3738.2000,3738.0000,3737.0000,3740.2000,3740.4000,3740.8000,3741.0000,3741.2000,2,1,3,1,6,5,1,1,1,1
SF,IF2006,2020-04-09 09:30:46.400,3740.4000,39376,0,290540040.000,5,2,3,多换,S,3738.8000,3738.6000,3738.2000,3738.0000,3737.0000,3740.2000,3740.8000,3741.0000,3741.2000,3741.4000,2,1,3,1,6,2,2,1,1,2
SF,IF2006,2020-04-09 09:30:46.900,3739.0000,39375,-1,291661740.000,1,0,1,双平,S,3738.8000,3738.6000,3738.2000,3738.0000,3737.0000,3740.0000,3740.2000,3740.4000,3740.8000,3741.0000,2,1,3,1,6,2,2,1,3,1
SF,IF2006,2020-04-09 09:30:47.400,3739.0000,39375,0,291661740.000,0,-,-,-,-,3738.8000,3738.6000,3738.2000,3738.0000,3737.0000,3740.0000,3740.2000,3740.4000,3740.8000,3741.0000,2,1,3,1,6,2,2,1,3,1
SF,IF2006,2020-04-09 09:30:47.900,3739.0000,39375,0,291661740.000,0,-,-,-,-,3739.0000,3738.8000,3738.2000,3738.0000,3737.0000,3739.6000,3740.0000,3740.4000,3740.8000,3741.0000,1,2,3,1,6,1,1,1,3,1
SF,IF2006,2020-04-09 09:30:48.400,3739.6000,39374,-1,292783620.000,1,0,1,双平,S,3740.2000,3739.2000,3739.0000,3738.8000,3738.2000,3740.4000,3740.8000,3741.0000,3741.2000,3741.8000,1,1,1,1,3,1,4,1,1,6
SF,IF2006,2020-04-09 09:30:48.900,3740.2000,39372,-2,296149860.000,3,0,3,多平,S,3739.2000,3739.0000,3738.8000,3738.2000,3738.0000,3740.2000,3740.8000,3741.0000,3741.2000,3741.8000,1,1,1,3,1,1,3,1,1,6
SF,IF2006,2020-04-09 09:30:49.400,3738.8000,39369,-3,299514960.000,3,0,3,双平,S,3738.2000,3738.0000,3737.0000,3736.8000,3736.6000,3740.2000,3740.8000,3741.0000,3741.2000,3741.8000,3,1,6,3,1,1,2,1,1,4
SF,IF2006,2020-04-09 09:30:49.900,3738.6000,39369,0,300636540.000,1,0,1,多换,S,3738.6000,3738.4000,3738.2000,3738.0000,3737.0000,3740.0000,3740.2000,3740.8000,3741.0000,3741.2000,1,6,3,1,6,1,1,2,1,1
SF,IF2006,2020-04-09 09:30:50.400,3738.6000,39369,0,300636540.000,0,-,-,-,-,3738.8000,3738.6000,3738.4000,3738.2000,3738.0000,3740.0000,3740.2000,3740.8000,3741.0000,3741.2000,4,1,1,3,1,1,1,2,1,1
SF,IF2006,2020-04-09 09:30:50.900,3738.6000,39369,0,300636540.000,0,-,-,-,-,3738.8000,3738.4000,3738.2000,3738.0000,3737.0000,3739.8000,3740.0000,3740.2000,3740.8000,3741.0000,4,1,3,1,6,1,1,2,2,1
SF,IF2006,2020-04-09 09:30:51.400,3738.6000,39368,-1,301758120.000,1,0,1,双平,S,3738.8000,3738.2000,3738.0000,3737.0000,3736.8000,3739.8000,3740.0000,3740.2000,3740.8000,3741.0000,1,3,1,6,2,2,2,2,3,1
SF,IF2006,2020-04-09 09:30:51.900,3738.6000,39368,0,301758120.000,0,-,-,-,-,3738.8000,3738.2000,3738.0000,3737.0000,3736.8000,3739.6000,3739.8000,3740.0000,3740.2000,3740.8000,1,3,1,6,2,2,1,1,2,3
SF,IF2006,2020-04-09 09:30:52.400,3738.6000,39368,0,301758120.000,0,-,-,-,-,3738.8000,3738.2000,3738.0000,3737.0000,3736.8000,3739.6000,3739.8000,3740.0000,3740.2000,3740.8000,2,3,1,6,2,1,1,2,2,3
SF,IF2006,2020-04-09 09:30:52.900,3738.6000,39368,0,301758120.000,0,-,-,-,-,3738.8000,3738.2000,3738.0000,3737.0000,3736.8000,3739.6000,3739.8000,3740.0000,3740.2000,3740.8000,2,3,1,6,2,1,1,2,2,2
SF,IF2006,2020-04-09 09:30:53.400,3740.2000,39369,1,312978120.000,10,5,5,空开,S,3738.8000,3738.0000,3737.0000,3736.8000,3736.2000,3740.0000,3740.2000,3740.8000,3741.0000,3741.2000,2,1,8,2,1,1,1,2,1,1
SF,IF2006,2020-04-09 09:30:53.900,3738.8000,39368,-1,314099760.000,1,0,1,双平,S,3738.8000,3738.0000,3737.0000,3736.8000,3736.2000,3739.8000,3740.0000,3740.2000,3740.8000,3741.0000,1,1,8,2,1,3,1,1,2,1
SF,IF2006,2020-04-09 09:30:54.400,3738.8000,39367,-1,315221400.000,1,0,1,双平,S,3738.0000,3737.0000,3736.8000,3736.2000,3736.0000,3739.2000,3739.6000,3739.8000,3740.0000,3740.2000,1,8,2,1,2,1,2,3,1,2
SF,IF2006,2020-04-09 09:30:54.900,3738.8000,39365,-2,317464800.000,2,0,2,双平,S,3738.8000,3738.4000,3738.2000,3738.0000,3737.2000,3739.6000,3739.8000,3740.0000,3740.2000,3740.8000,1,1,4,1,1,2,2,1,2,1
SF,IF2006,2020-04-09 09:30:55.400,3738.8000,39365,0,317464800.000,0,-,-,-,-,3738.2000,3738.0000,3737.0000,3736.8000,3736.2000,3739.8000,3740.0000,3740.2000,3740.8000,3741.0000,3,1,8,2,1,2,1,2,1,1
SF,IF2006,2020-04-09 09:30:55.900,3738.8000,39365,0,317464800.000,0,-,-,-,-,3739.2000,3738.4000,3738.2000,3738.0000,3737.0000,3739.6000,3739.8000,3740.0000,3740.2000,3740.8000,3,1,3,1,8,2,1,1,2,1
SF,IF2006,2020-04-09 09:30:56.400,3739.6000,39365,0,318586680.000,1,0,1,多换,S,3739.2000,3738.2000,3738.0000,3737.0000,3736.8000,3739.6000,3739.8000,3740.0000,3740.2000,3740.8000,3,3,1,8,2,1,1,1,2,1
SF,IF2006,2020-04-09 09:30:56.900,3739.6000,39365,0,318586680.000,0,-,-,-,-,3739.2000,3738.2000,3738.0000,3737.0000,3736.8000,3739.6000,3739.8000,3740.0000,3740.2000,3740.8000,3,3,1,8,2,1,1,1,2,1
SF,IF2006,2020-04-09 09:30:57.400,3739.2000,39366,1,319708440.000,1,1,0,双开,S,3739.2000,3738.2000,3738.0000,3737.0000,3736.8000,3739.8000,3740.0000,3740.2000,3740.8000,3741.0000,2,3,1,8,2,1,2,2,1,1
SF,IF2006,2020-04-09 09:30:57.900,3739.2000,39366,0,319708440.000,0,-,-,-,-,3739.2000,3738.2000,3738.0000,3737.0000,3736.8000,3739.8000,3740.0000,3740.2000,3740.8000,3741.0000,2,3,1,8,2,1,2,2,1,1
SF,IF2006,2020-04-09 09:30:58.400,3740.2000,39368,2,325318500.000,5,3,2,空开,S,3739.6000,3739.2000,3738.2000,3738.0000,3737.0000,3740.8000,3741.0000,3741.2000,3741.6000,3741.8000,1,2,3,1,8,1,1,1,4,6
SF,IF2006,2020-04-09 09:30:58.900,3739.6000,39368,0,327562260.000,2,1,1,多换,S,3739.8000,3739.6000,3739.2000,3738.2000,3738.0000,3740.2000,3740.4000,3740.6000,3740.8000,3741.0000,4,1,2,3,1,3,5,12,4,1
SF,IF2006,2020-04-09 09:30:59.400,3739.6000,39367,-1,334293780.000,6,2,4,多平,S,3739.2000,3738.2000,3738.0000,3737.0000,3736.8000,3739.4000,3740.0000,3740.2000,3740.4000,3740.6000,2,3,1,8,2,1,10,1,5,8
SF,IF2006,2020-04-09 09:30:59.900,3739.4000,39363,-4,338780940.000,4,0,4,双平,S,3739.2000,3738.2000,3738.0000,3737.0000,3736.8000,3740.0000,3740.6000,3740.8000,3741.0000,3741.2000,1,3,1,8,2,3,3,3,1,1
SF,IF2006,2020-04-09 09:31:00.400,3740.6000,39363,0,344391300.000,5,2,3,多换,S,3739.8000,3739.2000,3738.2000,3738.0000,3737.0000,3740.6000,3740.8000,3741.0000,3741.2000,3741.6000,5,1,2,1,8,1,1,1,1,4
SF,IF2006,2020-04-09 09:31:00.900,3740.0000,39362,-1,346635300.000,2,0,2,多平,S,3740.0000,3739.8000,3739.2000,3738.2000,3738.0000,3740.4000,3740.6000,3740.8000,3741.0000,3741.2000,1,5,1,2,1,2,2,1,1,1
SF,IF2006,2020-04-09 09:31:01.400,3740.2000,39362,0,353367600.000,6,3,3,多换,S,3739.8000,3739.2000,3738.2000,3738.0000,3737.0000,3740.4000,3740.6000,3740.8000,3741.0000,3741.2000,5,1,2,1,8,3,2,1,1,1
SF,IF2006,2020-04-09 09:31:01.900,3740.0000,39357,-5,360099300.000,6,0,6,多平,S,3739.2000,3739.0000,3738.2000,3737.0000,3736.8000,3739.4000,3739.6000,3740.2000,3740.4000,3740.6000,1,1,2,8,2,1,2,3,3,1
SF,IF2006,2020-04-09 09:31:02.400,3739.6000,39354,-3,363464880.000,3,0,3,双平,S,3739.4000,3739.2000,3739.0000,3738.2000,3738.0000,3739.8000,3740.0000,3740.2000,3740.4000,3740.6000,1,1,1,2,1,1,1,3,2,1
SF,IF2006,2020-04-09 09:31:02.900,3739.6000,39354,0,363464880.000,0,-,-,-,-,3739.4000,3739.2000,3739.0000,3738.2000,3738.0000,3739.8000,3740.0000,3740.2000,3740.4000,3740.6000,1,1,1,2,1,1,1,3,2,1
SF,IF2006,2020-04-09 09:31:03.400,3739.6000,39354,0,363464880.000,0,-,-,-,-,3739.2000,3739.0000,3738.2000,3738.0000,3737.2000,3739.8000,3740.0000,3740.2000,3740.4000,3740.6000,1,1,2,1,1,3,1,2,3,2
SF,IF2006,2020-04-09 09:31:03.900,3739.8000,39353,-1,365708700.000,2,0,2,多平,S,3739.2000,3739.0000,3738.2000,3738.0000,3737.2000,3739.8000,3740.0000,3740.2000,3740.4000,3740.6000,1,1,2,1,1,2,1,2,3,2
SF,IF2006,2020-04-09 09:31:04.400,3739.8000,39353,0,379173120.000,12,6,6,多换,S,3740.0000,3739.8000,3739.0000,3738.2000,3738.0000,3740.4000,3740.8000,3741.0000,3741.2000,3741.6000,1,9,1,1,1,1,3,2,1,4
SF,IF2006,2020-04-09 09:31:04.900,3739.8000,39353,0,385904820.000,6,3,3,多换,S,3739.8000,3739.0000,3738.2000,3738.0000,3737.2000,3740.2000,3740.4000,3740.8000,3741.0000,3741.2000,4,1,1,1,1,6,1,5,2,1
SF,IF2006,2020-04-09 09:31:05.400,3739.8000,39353,0,388148700.000,2,1,1,多换,S,3739.8000,3739.0000,3738.2000,3738.0000,3737.2000,3740.4000,3740.8000,3741.0000,3741.2000,3741.4000,2,1,1,1,1,1,3,2,1,1
SF,IF2006,2020-04-09 09:31:05.900,3740.4000,39352,-1,390392760.000,2,0,2,多平,S,3739.8000,3739.0000,3738.2000,3738.0000,3737.2000,3740.4000,3740.8000,3741.0000,3741.2000,3741.4000,1,1,1,1,1,1,1,2,1,1
SF,IF2006,2020-04-09 09:31:06.400,3739.8000,39352,0,391514700.000,1,0,1,多换,S,3739.0000,3738.2000,3738.0000,3737.2000,3737.0000,3740.4000,3740.8000,3741.0000,3741.2000,3741.4000,1,1,1,1,8,1,1,2,1,1
SF,IF2006,2020-04-09 09:31:06.900,3740.4000,39354,2,403860180.000,11,6,5,空开,S,3740.4000,3739.8000,3739.2000,3739.0000,3738.0000,3741.8000,3742.0000,3743.2000,3743.4000,3743.6000,1,1,3,1,1,4,3,3,1,1
SF,IF2006,2020-04-09 09:31:07.400,3740.4000,39353,-1,406104420.000,2,0,2,多平,S,3740.4000,3739.8000,3739.2000,3739.0000,3738.6000,3740.8000,3741.2000,3741.4000,3741.6000,3741.8000,4,1,2,1,2,5,2,3,7,6
SF,IF2006,2020-04-09 09:31:07.900,3740.4000,39347,-6,412837140.000,6,0,6,双平,S,3739.8000,3739.2000,3739.0000,3738.6000,3738.0000,3740.6000,3740.8000,3741.4000,3741.6000,3741.8000,1,2,1,2,1,7,7,3,5,3
SF,IF2006,2020-04-09 09:31:08.400,3739.8000,39346,-1,413959080.000,1,0,1,双平,S,3739.2000,3739.0000,3738.6000,3738.0000,3737.2000,3740.6000,3740.8000,3741.2000,3741.4000,3741.6000,2,1,2,1,1,3,6,3,3,5
SF,IF2006,2020-04-09 09:31:08.900,3740.8000,39346,0,420692220.000,6,3,3,多换,S,3740.0000,3739.2000,3739.0000,3738.6000,3738.0000,3740.8000,3741.2000,3741.4000,3741.6000,3741.8000,4,2,1,2,1,4,3,3,4,3
SF,IF2006,2020-04-09 09:31:09.400,3740.8000,39345,-1,421814460.000,1,0,1,双平,S,3740.2000,3740.0000,3739.2000,3739.0000,3738.6000,3740.8000,3741.0000,3741.2000,3741.4000,3741.6000,1,4,2,1,2,1,1,3,1,4
SF,IF2006,2020-04-09 09:31:09.900,3740.8000,39345,0,421814460.000,0,-,-,-,-,3740.2000,3740.0000,3739.2000,3739.0000,3738.6000,3740.8000,3741.2000,3741.4000,3741.6000,3741.8000,1,4,2,2,2,1,1,1,4,2
SF,IF2006,2020-04-09 09:31:10.400,3740.8000,39345,0,421814460.000,0,-,-,-,-,3740.2000,3740.0000,3739.2000,3739.0000,3738.6000,3740.4000,3740.8000,3741.2000,3741.4000,3741.6000,1,4,2,2,2,1,1,1,1,4
SF,IF2006,2020-04-09 09:31:10.900,3740.4000,39343,-2,424058640.000,2,0,2,双平,S,3740.0000,3739.2000,3739.0000,3738.6000,3738.0000,3740.8000,3741.4000,3741.6000,3741.8000,3742.0000,4,2,2,2,1,1,1,6,2,4
SF,IF2006,2020-04-09 09:31:11.400,3741.6000,39344,1,437526360.000,12,6,6,空开,S,3740.0000,3739.2000,3739.0000,3738.6000,3738.0000,3740.8000,3741.4000,3741.6000,3741.8000,3742.0000,8,2,2,2,1,1,1,1,3,4
SF,IF2006,2020-04-09 09:31:11.900,3740.8000,39344,0,442015320.000,4,2,2,多换,S,3740.0000,3739.2000,3739.0000,3738.6000,3738.0000,3740.6000,3740.8000,3741.4000,3741.6000,3741.8000,7,2,2,2,1,2,3,1,1,2
SF,IF2006,2020-04-09 09:31:12.400,3740.6000,39343,-1,443137500.000,1,0,1,双平,S,3740.0000,3739.2000,3739.0000,3738.6000,3738.0000,3740.6000,3740.8000,3741.4000,3741.6000,3741.8000,7,2,2,2,1,1,2,1,1,3
SF,IF2006,2020-04-09 09:31:12.900,3740.6000,39342,-1,444259680.000,1,0,1,双平,S,3740.0000,3739.2000,3739.0000,3738.6000,3738.0000,3740.4000,3740.6000,3740.8000,3741.4000,3741.6000,7,2,2,2,1,1,1,2,2,3
SF,IF2006,2020-04-09 09:31:13.400,3740.2000,39341,-1,445381740.000,1,0,1,双平,S,3740.0000,3739.2000,3739.0000,3738.6000,3738.0000,3740.4000,3740.6000,3740.8000,3741.4000,3741.6000,7,2,2,2,1,1,1,1,5,3
SF,IF2006,2020-04-09 09:31:13.900,3740.2000,39341,0,445381740.000,0,-,-,-,-,3740.0000,3739.2000,3739.0000,3738.6000,3738.0000,3740.4000,3740.6000,3740.8000,3741.4000,3741.6000,8,2,2,2,1,1,1,1,8,2
SF,IF2006,2020-04-09 09:31:14.400,3740.2000,39341,0,445381740.000,0,-,-,-,-,3740.0000,3739.2000,3739.0000,3738.6000,3738.0000,3740.2000,3740.4000,3740.8000,3741.2000,3741.4000,9,2,2,2,2,5,2,1,1,8
SF,IF2006,2020-04-09 09:31:14.900,3740.0000,39340,-1,456601740.000,10,4,6,多平,S,3739.2000,3739.0000,3738.6000,3738.0000,3737.8000,3740.0000,3740.2000,3740.4000,3741.2000,3741.4000,2,2,2,2,1,1,5,1,1,8
SF,IF2006,2020-04-09 09:31:15.400,3740.0000,39340,0,456601740.000,0,-,-,-,-,3739.6000,3739.4000,3739.2000,3739.0000,3738.6000,3740.0000,3740.4000,3741.2000,3741.4000,3741.6000,2,1,2,2,2,1,1,1,8,1
SF,IF2006,2020-04-09 09:31:15.900,3739.0000,39335,-5,462210720.000,5,0,5,双平,S,3739.0000,3738.0000,3737.8000,3737.2000,3737.0000,3740.0000,3740.4000,3741.2000,3741.4000,3741.6000,1,2,1,1,8,2,1,1,8,1
SF,IF2006,2020-04-09 09:31:16.400,3739.0000,39335,0,462210720.000,0,-,-,-,-,3739.0000,3738.2000,3738.0000,3737.8000,3737.2000,3739.8000,3740.0000,3740.4000,3741.2000,3741.4000,1,1,2,1,1,7,3,1,1,8
SF,IF2006,2020-04-09 09:31:16.900,3739.0000,39335,0,462210720.000,0,-,-,-,-,3739.0000,3738.0000,3737.8000,3737.2000,3737.0000,3739.8000,3740.0000,3740.4000,3741.0000,3741.2000,1,2,1,1,8,8,4,1,2,1
SF,IF2006,2020-04-09 09:31:17.400,3739.0000,39335,0,462210720.000,0,-,-,-,-,3739.0000,3738.0000,3737.8000,3737.2000,3737.0000,3739.8000,3740.0000,3740.4000,3740.6000,3740.8000,1,2,1,1,8,8,4,2,1,1
SF,IF2006,2020-04-09 09:31:17.900,3739.0000,39335,0,462210720.000,0,-,-,-,-,3739.0000,3738.0000,3737.8000,3737.2000,3737.0000,3739.8000,3740.0000,3740.4000,3740.6000,3740.8000,1,2,1,1,8,8,4,3,1,1
SF,IF2006,2020-04-09 09:31:18.400,3739.0000,39335,0,462210720.000,0,-,-,-,-,3739.0000,3738.0000,3737.8000,3737.2000,3737.0000,3739.8000,3740.0000,3740.4000,3740.6000,3740.8000,1,2,1,1,8,2,4,3,1,1
SF,IF2006,2020-04-09 09:31:18.900,3739.0000,39335,0,462210720.000,0,-,-,-,-,3739.0000,3738.0000,3737.8000,3737.2000,3737.0000,3739.6000,3739.8000,3740.0000,3740.4000,3740.6000,1,2,1,1,8,5,2,4,3,1
SF,IF2006,2020-04-09 09:31:19.400,3739.6000,39335,0,465576180.000,3,1,2,多换,S,3738.0000,3737.8000,3737.2000,3737.0000,3736.8000,3739.6000,3739.8000,3740.0000,3740.4000,3740.6000,2,1,1,8,2,4,1,4,2,1
SF,IF2006,2020-04-09 09:31:19.900,3739.6000,39335,0,465576180.000,0,-,-,-,-,3738.2000,3738.0000,3737.8000,3737.2000,3737.0000,3739.4000,3739.6000,3739.8000,3740.0000,3740.4000,2,2,1,1,8,8,4,1,4,3
SF,IF2006,2020-04-09 09:31:20.400,3739.6000,39335,0,465576180.000,0,-,-,-,-,3738.0000,3737.8000,3737.2000,3737.0000,3736.8000,3739.2000,3739.4000,3739.6000,3739.8000,3740.0000,2,1,1,8,2,2,9,3,1,4
SF,IF2006,2020-04-09 09:31:20.900,3739.6000,39335,0,465576180.000,0,-,-,-,-,3738.0000,3737.8000,3737.2000,3737.0000,3736.8000,3739.0000,3739.2000,3739.4000,3739.6000,3739.8000,2,1,1,8,2,3,3,5,3,1
SF,IF2006,2020-04-09 09:31:21.400,3738.0000,39335,0,466697580.000,1,0,1,多换,S,3738.0000,3737.8000,3737.2000,3737.0000,3736.8000,3738.8000,3739.0000,3739.2000,3739.4000,3739.6000,1,1,1,8,2,2,2,1,5,3
SF,IF2006,2020-04-09 09:31:21.900,3739.4000,39335,0,472306380.000,5,2,3,多换,S,3738.0000,3737.8000,3737.2000,3737.0000,3736.8000,3739.0000,3739.4000,3739.6000,3739.8000,3740.0000,1,1,1,8,1,1,3,3,1,4
SF,IF2006,2020-04-09 09:31:22.400,3739.4000,39335,0,472306380.000,0,-,-,-,-,3738.2000,3738.0000,3737.8000,3737.2000,3737.0000,3739.0000,3739.4000,3739.6000,3739.8000,3740.0000,1,1,1,1,8,1,4,3,1,4
SF,IF2006,2020-04-09 09:31:22.900,3739.4000,39335,0,472306380.000,0,-,-,-,-,3738.0000,3737.8000,3737.2000,3737.0000,3736.8000,3739.0000,3739.4000,3739.6000,3739.8000,3740.0000,1,1,1,8,1,2,4,3,1,5
SF,IF2006,2020-04-09 09:31:23.400,3738.0000,39336,1,473427780.000,1,1,0,双开,S,3737.8000,3737.2000,3737.0000,3736.8000,3736.2000,3738.8000,3739.0000,3739.4000,3739.6000,3739.8000,1,1,8,1,1,3,2,5,3,1
SF,IF2006,2020-04-09 09:31:23.900,3737.8000,39335,-1,474549120.000,1,0,1,双平,S,3737.2000,3737.0000,3736.8000,3736.2000,3736.0000,3738.2000,3738.8000,3739.0000,3739.4000,3739.6000,1,8,1,1,2,2,3,1,5,3
SF,IF2006,2020-04-09 09:31:24.400,3738.2000,39335,0,476791980.000,2,1,1,多换,S,3737.2000,3737.0000,3736.8000,3736.2000,3736.0000,3738.2000,3738.8000,3739.0000,3739.4000,3739.8000,1,8,1,1,2,1,3,1,2,3
SF,IF2006,2020-04-09 09:31:24.900,3738.2000,39335,0,476791980.000,0,-,-,-,-,3737.2000,3737.0000,3736.8000,3736.2000,3736.0000,3738.2000,3738.8000,3739.0000,3739.4000,3739.8000,1,8,1,1,2,1,2,2,1,3
SF,IF2006,2020-04-09 09:31:25.400,3738.2000,39334,-1,477913440.000,1,0,1,双平,S,3738.2000,3737.4000,3737.2000,3737.0000,3736.8000,3738.8000,3739.0000,3739.4000,3739.8000,3740.0000,2,1,1,8,1,2,2,1,3,6
SF,IF2006,2020-04-09 09:31:25.900,3738.2000,39334,0,479034900.000,1,0,1,多换,S,3738.4000,3738.2000,3737.4000,3737.2000,3737.0000,3738.6000,3738.8000,3739.0000,3739.4000,3739.8000,1,1,1,1,8,5,2,3,1,3
SF,IF2006,2020-04-09 09:31:26.400,3738.4000,39333,-1,481277940.000,2,0,2,多平,S,3738.6000,3738.2000,3737.4000,3737.2000,3737.0000,3738.8000,3739.0000,3739.4000,3739.8000,3740.0000,1,1,1,1,8,2,2,1,1,6
SF,IF2006,2020-04-09 09:31:26.900,3738.4000,39333,0,484642500.000,3,1,2,多换,S,3738.2000,3737.4000,3737.2000,3737.0000,3736.8000,3738.4000,3738.6000,3738.8000,3739.0000,3739.4000,1,1,1,8,1,5,1,1,1,1
SF,IF2006,2020-04-09 09:31:27.400,3738.4000,39333,0,491371560.000,6,3,3,多换,S,3737.4000,3737.2000,3737.0000,3736.8000,3736.2000,3738.4000,3738.8000,3739.0000,3739.4000,3739.8000,1,1,8,1,1,1,1,1,2,1
SF,IF2006,2020-04-09 09:31:27.900,3738.4000,39333,0,491371560.000,0,-,-,-,-,3737.4000,3737.2000,3737.0000,3736.8000,3736.2000,3737.8000,3738.4000,3738.8000,3739.0000,3739.4000,1,1,8,1,1,2,1,1,1,2
SF,IF2006,2020-04-09 09:31:28.400,3737.8000,39331,-2,493614240.000,2,0,2,双平,S,3737.8000,3737.6000,3737.4000,3737.2000,3737.0000,3738.4000,3738.6000,3738.8000,3739.0000,3739.4000,1,1,1,1,8,1,1,1,1,2
SF,IF2006,2020-04-09 09:31:28.900,3738.4000,39331,0,496978800.000,3,1,2,多换,S,3738.4000,3737.8000,3737.6000,3737.4000,3737.2000,3738.6000,3738.8000,3739.0000,3739.4000,3739.8000,1,1,1,1,1,1,4,1,1,1
SF,IF2006,2020-04-09 09:31:29.400,3737.8000,39329,-2,500343240.000,3,0,3,多平,S,3737.6000,3737.4000,3737.2000,3737.0000,3736.8000,3738.8000,3739.4000,3739.8000,3740.0000,3740.2000,1,1,1,8,1,4,1,1,6,1
SF,IF2006,2020-04-09 09:31:29.900,3737.8000,39329,0,500343240.000,0,-,-,-,-,3737.8000,3737.2000,3737.0000,3736.8000,3736.2000,3738.8000,3739.4000,3739.8000,3740.0000,3740.2000,3,1,8,1,1,3,1,1,6,1
SF,IF2006,2020-04-09 09:31:30.400,3737.8000,39328,-1,501464580.000,1,0,1,双平,S,3738.0000,3737.8000,3737.2000,3737.0000,3736.8000,3738.4000,3738.8000,3739.4000,3739.8000,3740.0000,2,2,1,8,1,1,3,2,1,6
SF,IF2006,2020-04-09 09:31:30.900,3737.8000,39326,-2,503707260.000,2,0,2,双平,S,3737.8000,3737.2000,3737.0000,3736.8000,3736.2000,3738.4000,3738.8000,3739.4000,3739.8000,3740.0000,1,1,8,1,1,1,3,2,1,6
SF,IF2006,2020-04-09 09:31:31.400,3737.8000,39326,0,503707260.000,0,-,-,-,-,3737.2000,3737.0000,3736.8000,3736.2000,3735.6000,3737.8000,3738.2000,3738.4000,3738.6000,3738.8000,1,8,1,1,3,30,1,3,1,3
SF,IF2006,2020-04-09 09:31:31.900,3737.8000,39326,0,508192620.000,4,2,2,多换,S,3737.4000,3737.2000,3737.0000,3736.8000,3736.2000,3737.8000,3738.0000,3738.2000,3738.4000,3738.6000,1,1,8,1,1,26,1,1,4,1
SF,IF2006,2020-04-09 09:31:32.400,3737.2000,39325,-1,510435000.000,2,0,2,多平,S,3737.2000,3737.0000,3736.8000,3736.2000,3735.6000,3737.8000,3738.0000,3738.2000,3738.4000,3738.6000,1,8,1,1,3,26,1,1,4,1
SF,IF2006,2020-04-09 09:31:32.900,3737.2000,39324,-1,511556160.000,1,0,1,双平,S,3737.0000,3736.8000,3736.2000,3735.6000,3735.0000,3737.2000,3737.6000,3737.8000,3738.0000,3738.2000,8,1,1,3,1,1,2,26,1,1
SF,IF2006,2020-04-09 09:31:33.400,3737.2000,39324,0,512677320.000,1,0,1,多换,S,3737.2000,3737.0000,3736.8000,3736.2000,3735.6000,3737.4000,3737.6000,3737.8000,3738.0000,3738.2000,1,8,1,1,3,1,2,28,1,1
SF,IF2006,2020-04-09 09:31:33.900,3737.6000,39323,-1,514919820.000,2,0,2,多平,S,3737.0000,3736.8000,3736.2000,3735.6000,3735.0000,3737.6000,3737.8000,3738.0000,3738.2000,3738.4000,8,1,1,3,1,1,28,1,1,2
SF,IF2006,2020-04-09 09:31:34.400,3737.2000,39321,-2,517162140.000,2,0,2,双平,S,3737.2000,3737.0000,3736.8000,3736.2000,3735.6000,3737.6000,3737.8000,3738.0000,3738.2000,3738.4000,1,8,1,1,3,1,28,1,1,2
SF,IF2006,2020-04-09 09:31:34.900,3737.2000,39321,0,517162140.000,0,-,-,-,-,3737.2000,3737.0000,3736.8000,3736.2000,3735.6000,3737.6000,3737.8000,3738.0000,3738.2000,3738.4000,1,9,1,1,3,1,28,1,1,2
SF,IF2006,2020-04-09 09:31:35.400,3737.2000,39320,-1,518283300.000,1,0,1,双平,S,3737.0000,3736.8000,3736.2000,3735.6000,3735.0000,3737.6000,3737.8000,3738.0000,3738.2000,3738.4000,9,1,1,3,1,1,28,1,1,2
SF,IF2006,2020-04-09 09:31:35.900,3737.2000,39320,0,518283300.000,0,-,-,-,-,3737.0000,3736.8000,3736.2000,3735.6000,3735.0000,3737.8000,3738.0000,3738.2000,3738.4000,3738.8000,9,1,1,3,1,28,1,1,2,3
SF,IF2006,2020-04-09 09:31:36.400,3737.2000,39320,0,518283300.000,0,-,-,-,-,3737.0000,3736.8000,3736.2000,3735.6000,3735.0000,3737.8000,3738.0000,3738.2000,3738.4000,3738.8000,9,1,1,3,1,28,2,1,2,3
SF,IF2006,2020-04-09 09:31:36.900,3737.0000,39321,1,519404400.000,1,1,0,双开,S,3737.0000,3736.8000,3736.2000,3735.6000,3735.0000,3737.8000,3738.0000,3738.2000,3738.4000,3738.8000,8,1,1,3,1,28,2,1,2,3
SF,IF2006,2020-04-09 09:31:37.400,3737.0000,39321,0,520525500.000,1,0,1,多换,S,3737.0000,3736.8000,3736.2000,3735.6000,3735.0000,3737.2000,3737.8000,3738.0000,3738.2000,3738.4000,7,1,1,3,1,3,28,2,1,2
SF,IF2006,2020-04-09 09:31:37.900,3737.2000,39319,-2,522767820.000,2,0,2,双平,S,3737.0000,3736.8000,3736.2000,3735.6000,3735.0000,3737.2000,3737.8000,3738.0000,3738.2000,3738.4000,7,1,1,3,1,1,28,2,1,2
SF,IF2006,2020-04-09 09:31:38.400,3737.2000,39318,-1,523888980.000,1,0,1,双平,S,3737.6000,3737.2000,3737.0000,3736.8000,3736.2000,3737.8000,3738.0000,3738.2000,3738.4000,3738.8000,10,1,8,1,1,28,2,1,2,3
SF,IF2006,2020-04-09 09:31:38.900,3737.6000,39318,0,532859220.000,8,4,4,多换,S,3737.6000,3737.0000,3736.8000,3736.2000,3735.6000,3737.8000,3738.0000,3738.2000,3738.4000,3738.8000,2,7,1,2,3,28,2,1,2,3
SF,IF2006,2020-04-09 09:31:39.400,3737.6000,39319,1,535101780.000,2,1,1,空开,S,3737.0000,3736.8000,3736.2000,3735.6000,3735.0000,3737.8000,3738.0000,3738.2000,3738.4000,3738.8000,7,1,2,3,3,29,2,1,2,3
SF,IF2006,2020-04-09 09:31:39.900,3737.6000,39319,0,535101780.000,0,-,-,-,-,3737.0000,3736.8000,3736.2000,3735.6000,3735.0000,3737.6000,3737.8000,3738.0000,3738.2000,3738.4000,7,3,2,3,3,1,29,2,1,2
SF,IF2006,2020-04-09 09:31:40.400,3737.6000,39319,0,535101780.000,0,-,-,-,-,3737.2000,3737.0000,3736.8000,3736.2000,3735.6000,3737.6000,3737.8000,3738.0000,3738.2000,3738.4000,1,7,3,2,3,1,29,2,1,2
SF,IF2006,2020-04-09 09:31:40.900,3737.6000,39319,0,535101780.000,0,-,-,-,-,3737.0000,3736.8000,3736.2000,3735.6000,3735.0000,3737.2000,3737.6000,3737.8000,3738.0000,3738.2000,7,3,2,3,1,1,1,29,2,1
SF,IF2006,2020-04-09 09:31:41.400,3737.6000,39319,0,535101780.000,0,-,-,-,-,3737.2000,3737.0000,3736.8000,3736.2000,3735.6000,3737.6000,3737.8000,3738.0000,3738.2000,3738.4000,1,8,3,2,3,1,27,2,1,2
SF,IF2006,2020-04-09 09:31:41.900,3737.6000,39319,0,535101780.000,0,-,-,-,-,3737.0000,3736.8000,3736.2000,3735.6000,3735.0000,3737.6000,3737.8000,3738.0000,3738.2000,3738.4000,7,3,2,3,1,1,27,2,1,2
SF,IF2006,2020-04-09 09:31:42.400,3737.6000,39319,0,535101780.000,0,-,-,-,-,3737.2000,3737.0000,3736.8000,3736.2000,3735.6000,3737.6000,3737.8000,3738.0000,3738.2000,3738.4000,1,7,3,2,3,1,27,3,1,2
SF,IF2006,2020-04-09 09:31:42.900,3737.0000,39318,-1,537344040.000,2,0,2,多平,S,3737.0000,3736.8000,3736.2000,3735.6000,3735.0000,3737.6000,3737.8000,3738.0000,3738.2000,3738.4000,6,3,1,3,2,1,27,3,1,2
SF,IF2006,2020-04-09 09:31:43.400,3737.0000,39318,0,537344040.000,0,-,-,-,-,3737.0000,3736.8000,3736.2000,3735.6000,3735.0000,3737.6000,3737.8000,3738.0000,3738.2000,3738.4000,7,3,1,3,2,2,27,3,1,2
SF,IF2006,2020-04-09 09:31:43.900,3737.0000,39320,2,539586240.000,2,2,0,双开,S,3737.0000,3736.8000,3736.2000,3735.6000,3735.0000,3737.6000,3737.8000,3738.0000,3738.2000,3738.4000,5,3,1,3,2,2,27,3,1,2
SF,IF2006,2020-04-09 09:31:44.400,3737.0000,39320,0,539586240.000,0,-,-,-,-,3737.0000,3736.8000,3736.2000,3735.6000,3735.0000,3737.6000,3737.8000,3738.0000,3738.2000,3738.4000,6,3,1,3,2,2,27,3,1,2
SF,IF2006,2020-04-09 09:31:44.900,3737.2000,39321,1,541828680.000,2,1,1,空开,S,3737.2000,3737.0000,3736.8000,3736.2000,3735.6000,3737.6000,3737.8000,3738.0000,3738.2000,3738.4000,9,7,3,1,3,1,27,3,1,2
SF,IF2006,2020-04-09 09:31:45.400,3737.2000,39321,0,542949840.000,1,0,1,多换,S,3737.2000,3737.0000,3736.8000,3736.2000,3735.6000,3737.6000,3737.8000,3738.0000,3738.2000,3738.4000,8,6,3,1,3,1,27,3,1,2
SF,IF2006,2020-04-09 09:31:45.900,3737.2000,39321,0,542949840.000,0,-,-,-,-,3737.2000,3737.0000,3736.8000,3736.2000,3735.6000,3737.6000,3737.8000,3738.0000,3738.2000,3738.4000,8,6,3,1,3,2,27,3,1,2
SF,IF2006,2020-04-09 09:31:46.400,3737.6000,39321,0,544071120.000,1,0,1,多换,S,3737.6000,3737.2000,3737.0000,3736.8000,3736.2000,3737.8000,3738.0000,3738.2000,3738.4000,3738.6000,1,8,6,3,1,27,3,1,2,1
SF,IF2006,2020-04-09 09:31:46.900,3737.6000,39321,0,546313680.000,2,1,1,多换,S,3737.2000,3737.0000,3736.8000,3736.2000,3735.6000,3737.8000,3738.0000,3738.2000,3738.4000,3738.6000,8,6,3,1,3,27,3,1,2,1
SF,IF2006,2020-04-09 09:31:47.400,3737.2000,39322,1,547434840.000,1,1,0,双开,S,3737.2000,3737.0000,3736.8000,3736.2000,3735.6000,3737.6000,3737.8000,3738.0000,3738.2000,3738.4000,7,6,4,1,3,1,27,3,1,1
SF,IF2006,2020-04-09 09:31:48.400,3737.2000,39322,0,547434840.000,0,-,-,-,-,3737.2000,3737.0000,3736.8000,3736.2000,3735.6000,3737.6000,3737.8000,3738.0000,3738.2000,3738.4000,7,6,4,1,3,1,27,3,1,1
SF,IF2006,2020-04-09 09:31:48.900,3737.2000,39322,0,548556000.000,1,0,1,多换,S,3737.2000,3737.0000,3736.8000,3736.2000,3735.6000,3737.4000,3737.6000,3737.8000,3738.0000,3738.2000,6,6,4,1,3,1,2,27,3,1
SF,IF2006,2020-04-09 09:31:49.400,3737.2000,39322,0,553040640.000,4,2,2,多换,S,3737.2000,3737.0000,3736.8000,3736.2000,3735.6000,3737.4000,3737.6000,3737.8000,3738.0000,3738.2000,2,6,4,1,3,1,2,27,3,1
SF,IF2006,2020-04-09 09:31:49.900,3737.2000,39322,0,555282960.000,2,1,1,多换,S,3737.0000,3736.8000,3736.2000,3735.6000,3735.0000,3737.2000,3737.4000,3737.6000,3737.8000,3738.0000,6,4,1,3,2,1,1,2,27,3
SF,IF2006,2020-04-09 09:31:50.400,3737.0000,39323,1,556404060.000,1,1,0,双开,S,3737.0000,3736.8000,3736.2000,3735.6000,3735.0000,3737.4000,3737.6000,3737.8000,3738.0000,3738.2000,5,4,1,3,2,1,2,27,3,1
SF,IF2006,2020-04-09 09:31:50.900,3737.0000,39324,1,557525160.000,1,1,0,双开,S,3737.0000,3736.8000,3736.2000,3735.6000,3735.0000,3737.2000,3737.4000,3737.6000,3737.8000,3738.0000,4,4,1,3,2,2,1,2,27,3
SF,IF2006,2020-04-09 09:31:51.400,3737.2000,39323,-1,559767480.000,2,0,2,多平,S,3737.0000,3736.8000,3736.2000,3735.6000,3735.0000,3737.4000,3737.6000,3737.8000,3738.0000,3738.2000,4,4,1,3,2,1,2,27,3,1
SF,IF2006,2020-04-09 09:31:51.900,3737.0000,39322,-1,562009800.000,2,0,2,多平,S,3737.0000,3736.8000,3736.2000,3735.6000,3735.0000,3737.6000,3737.8000,3738.0000,3738.2000,3738.4000,3,4,1,3,2,2,27,3,1,1
SF,IF2006,2020-04-09 09:31:52.400,3737.0000,39322,0,562009800.000,0,-,-,-,-,3737.0000,3736.8000,3736.2000,3735.6000,3735.0000,3737.6000,3737.8000,3738.0000,3738.2000,3738.4000,3,4,1,3,2,2,28,3,1,1
SF,IF2006,2020-04-09 09:31:52.900,3737.0000,39322,0,563130900.000,1,0,1,多换,S,3737.0000,3736.8000,3736.2000,3735.6000,3735.0000,3737.6000,3737.8000,3738.0000,3738.2000,3738.4000,2,4,1,3,2,2,28,3,1,1
SF,IF2006,2020-04-09 09:31:53.400,3737.0000,39322,0,563130900.000,0,-,-,-,-,3737.0000,3736.8000,3736.2000,3735.6000,3735.0000,3737.4000,3737.6000,3737.8000,3738.0000,3738.2000,2,4,1,3,2,1,2,28,3,1
SF,IF2006,2020-04-09 09:31:53.900,3737.4000,39321,-1,564252120.000,1,0,1,双平,S,3737.0000,3736.8000,3736.2000,3735.6000,3735.0000,3737.6000,3737.8000,3738.0000,3738.2000,3738.4000,2,5,1,3,2,2,28,3,1,1
SF,IF2006,2020-04-09 09:31:55.400,3737.4000,39321,0,564252120.000,0,-,-,-,-,3737.4000,3737.0000,3736.8000,3736.2000,3735.6000,3737.6000,3737.8000,3738.0000,3738.2000,3738.4000,2,2,5,1,3,2,28,2,1,1
SF,IF2006,2020-04-09 09:31:55.900,3737.4000,39322,1,566494560.000,2,1,1,空开,S,3737.0000,3736.8000,3736.2000,3736.0000,3735.6000,3737.4000,3737.6000,3737.8000,3738.0000,3738.2000,2,5,1,1,3,1,2,28,2,1
SF,IF2006,2020-04-09 09:31:56.400,3737.0000,39323,1,567615660.000,1,1,0,双开,S,3737.0000,3736.8000,3736.2000,3736.0000,3735.6000,3737.4000,3737.6000,3737.8000,3738.0000,3738.2000,1,5,1,1,3,1,2,28,2,1
SF,IF2006,2020-04-09 09:31:56.900,3737.0000,39323,0,567615660.000,0,-,-,-,-,3737.0000,3736.8000,3736.2000,3736.0000,3735.6000,3737.4000,3737.6000,3737.8000,3738.0000,3738.2000,1,5,1,1,3,1,2,28,1,1
SF,IF2006,2020-04-09 09:31:57.900,3737.0000,39322,-1,568736760.000,1,0,1,双平,S,3736.8000,3736.2000,3736.0000,3735.6000,3735.0000,3737.4000,3737.6000,3737.8000,3738.0000,3738.2000,5,1,1,3,2,1,2,28,1,1
SF,IF2006,2020-04-09 09:31:58.400,3737.0000,39322,0,568736760.000,0,-,-,-,-,3736.8000,3736.2000,3736.0000,3735.6000,3735.0000,3737.4000,3737.6000,3737.8000,3738.0000,3738.2000,5,2,1,3,2,1,2,28,1,1
SF,IF2006,2020-04-09 09:31:59.400,3737.0000,39322,0,568736760.000,0,-,-,-,-,3736.8000,3736.2000,3736.0000,3735.6000,3735.0000,3737.0000,3737.4000,3737.6000,3737.8000,3738.0000,5,2,1,3,2,1,1,2,28,1
SF,IF2006,2020-04-09 09:31:59.900,3737.0000,39322,0,568736760.000,0,-,-,-,-,3736.8000,3736.2000,3736.0000,3735.6000,3735.0000,3737.0000,3737.4000,3737.6000,3737.8000,3738.0000,6,2,1,3,2,1,1,2,28,1
SF,IF2006,2020-04-09 09:32:00.400,3737.0000,39322,0,569857860.000,1,0,1,多换,S,3736.8000,3736.2000,3736.0000,3735.6000,3735.0000,3737.4000,3737.6000,3737.8000,3738.0000,3738.2000,6,2,1,3,2,1,2,28,1,1
SF,IF2006,2020-04-09 09:32:01.400,3736.8000,39323,1,570978900.000,1,1,0,双开,S,3736.8000,3736.2000,3736.0000,3735.6000,3735.0000,3737.4000,3737.6000,3737.8000,3738.0000,3738.2000,5,2,1,3,2,1,2,28,1,1
SF,IF2006,2020-04-09 09:32:01.900,3737.4000,39323,0,573221160.000,2,1,1,多换,S,3736.8000,3736.2000,3736.0000,3735.6000,3735.0000,3737.6000,3737.8000,3738.0000,3738.2000,3738.4000,5,2,1,3,2,2,28,1,1,1
SF,IF2006,2020-04-09 09:32:02.400,3737.4000,39323,0,573221160.000,0,-,-,-,-,3736.8000,3736.2000,3736.0000,3735.6000,3735.0000,3737.6000,3737.8000,3738.0000,3738.2000,3738.4000,4,2,1,3,2,2,28,1,1,1
SF,IF2006,2020-04-09 09:32:02.900,3736.8000,39323,0,576584520.000,3,1,2,多换,S,3736.8000,3736.2000,3736.0000,3735.6000,3735.0000,3737.6000,3737.8000,3738.0000,3738.2000,3738.4000,2,2,1,3,2,1,28,1,1,2
SF,IF2006,2020-04-09 09:32:03.900,3737.6000,39323,0,577705800.000,1,0,1,多换,S,3736.8000,3736.2000,3736.0000,3735.6000,3735.0000,3737.8000,3738.0000,3738.2000,3738.4000,3738.6000,2,2,1,3,2,28,1,1,2,1
SF,IF2006,2020-04-09 09:32:04.400,3737.8000,39323,0,578827140.000,1,0,1,多换,S,3736.8000,3736.2000,3736.0000,3735.6000,3735.0000,3737.8000,3738.0000,3738.2000,3738.4000,3738.6000,2,2,1,3,2,27,1,1,2,1
SF,IF2006,2020-04-09 09:32:04.900,3736.8000,39323,0,582190500.000,3,1,2,多换,S,3736.2000,3736.0000,3735.6000,3735.0000,3733.8000,3736.8000,3737.8000,3738.0000,3738.2000,3738.4000,2,1,3,2,1,3,27,1,1,2
SF,IF2006,2020-04-09 09:32:05.400,3736.8000,39323,0,583311540.000,1,0,1,多换,S,3736.4000,3736.2000,3736.0000,3735.6000,3735.0000,3736.8000,3737.8000,3738.0000,3738.2000,3738.4000,7,2,1,3,2,2,27,1,1,2
SF,IF2006,2020-04-09 09:32:05.900,3737.6000,39323,0,586674900.000,3,1,2,多换,S,3736.8000,3736.4000,3736.2000,3736.0000,3735.6000,3737.8000,3738.0000,3738.2000,3738.4000,3738.6000,1,6,2,1,3,27,1,1,2,1
SF,IF2006,2020-04-09 09:32:06.400,3737.6000,39323,0,586674900.000,0,-,-,-,-,3736.8000,3736.4000,3736.2000,3736.0000,3735.6000,3737.6000,3737.8000,3738.0000,3738.4000,3738.6000,1,5,2,1,3,1,27,1,2,1
SF,IF2006,2020-04-09 09:32:06.900,3736.8000,39324,1,587795940.000,1,1,0,双开,S,3736.4000,3736.2000,3736.0000,3735.6000,3735.0000,3737.6000,3737.8000,3738.0000,3738.4000,3738.6000,5,2,1,3,2,1,27,1,2,1
SF,IF2006,2020-04-09 09:32:07.400,3736.8000,39324,0,587795940.000,0,-,-,-,-,3736.6000,3736.4000,3736.2000,3736.0000,3735.6000,3737.6000,3737.8000,3738.0000,3738.4000,3738.6000,1,5,2,1,3,1,27,2,2,1
SF,IF2006,2020-04-09 09:32:07.900,3737.6000,39324,0,588917220.000,1,0,1,多换,S,3736.4000,3736.2000,3736.0000,3735.6000,3735.0000,3737.8000,3738.0000,3738.4000,3738.6000,3738.8000,5,2,1,3,2,27,2,2,1,2
SF,IF2006,2020-04-09 09:32:08.400,3737.6000,39324,0,588917220.000,0,-,-,-,-,3736.6000,3736.4000,3736.2000,3736.0000,3735.6000,3737.6000,3737.8000,3738.0000,3738.4000,3738.6000,1,5,2,1,3,2,27,2,2,1
SF,IF2006,2020-04-09 09:32:08.900,3737.6000,39324,0,588917220.000,0,-,-,-,-,3736.4000,3736.2000,3736.0000,3735.6000,3735.0000,3736.6000,3737.4000,3737.6000,3737.8000,3738.0000,5,2,1,4,2,1,2,3,27,2
SF,IF2006,2020-04-09 09:32:09.400,3736.4000,39323,-1,591159120.000,2,0,2,多平,S,3736.2000,3736.0000,3735.6000,3735.0000,3733.8000,3737.2000,3737.4000,3737.6000,3737.8000,3738.0000,2,1,4,2,1,1,2,3,27,2
SF,IF2006,2020-04-09 09:32:09.900,3736.4000,39323,0,591159120.000,0,-,-,-,-,3736.2000,3736.0000,3735.6000,3735.0000,3733.8000,3736.4000,3737.0000,3737.2000,3737.4000,3737.6000,2,1,4,2,1,1,1,1,2,3
SF,IF2006,2020-04-09 09:32:10.400,3736.4000,39322,-1,592280040.000,1,0,1,双平,S,3736.4000,3736.2000,3736.0000,3735.6000,3735.0000,3737.0000,3737.2000,3737.4000,3737.6000,3737.8000,2,2,1,4,2,1,2,1,3,27
SF,IF2006,2020-04-09 09:32:10.900,3736.4000,39322,0,592280040.000,0,-,-,-,-,3736.6000,3736.4000,3736.2000,3736.0000,3735.6000,3737.0000,3737.2000,3737.6000,3737.8000,3738.0000,1,2,2,1,4,1,2,3,27,2
SF,IF2006,2020-04-09 09:32:11.400,3736.4000,39322,0,592280040.000,0,-,-,-,-,3736.6000,3736.4000,3736.2000,3736.0000,3735.6000,3737.0000,3737.2000,3737.6000,3737.8000,3738.0000,1,1,1,1,4,1,2,3,27,2
SF,IF2006,2020-04-09 09:32:11.900,3736.4000,39322,0,592280040.000,0,-,-,-,-,3736.6000,3736.2000,3736.0000,3735.6000,3735.0000,3737.0000,3737.2000,3737.6000,3737.8000,3738.0000,1,1,1,4,2,1,2,3,27,3
SF,IF2006,2020-04-09 09:32:12.400,3736.6000,39321,-1,593401020.000,1,0,1,双平,S,3736.2000,3736.0000,3735.6000,3735.0000,3733.8000,3737.0000,3737.2000,3737.6000,3737.8000,3738.0000,1,1,4,2,1,1,2,3,27,3
SF,IF2006,2020-04-09 09:32:12.900,3736.6000,39321,0,593401020.000,0,-,-,-,-,3736.8000,3736.2000,3736.0000,3735.6000,3735.0000,3737.0000,3737.2000,3737.6000,3737.8000,3738.0000,1,1,1,4,2,1,2,3,27,3
SF,IF2006,2020-04-09 09:32:13.400,3736.8000,39321,0,594522060.000,1,0,1,多换,S,3736.2000,3736.0000,3735.6000,3735.0000,3733.8000,3737.2000,3737.6000,3737.8000,3738.0000,3738.4000,1,1,4,2,1,2,1,27,3,2
SF,IF2006,2020-04-09 09:32:13.900,3736.6000,39320,-1,595643040.000,1,0,1,双平,S,3736.4000,3736.2000,3736.0000,3735.6000,3735.0000,3737.2000,3737.6000,3737.8000,3738.0000,3738.4000,6,1,1,4,2,2,1,27,3,2
SF,IF2006,2020-04-09 09:32:14.400,3737.6000,39319,-1,599006640.000,3,1,2,多平,S,3737.2000,3736.4000,3736.2000,3736.0000,3735.6000,3737.8000,3738.0000,3738.4000,3738.6000,3738.8000,1,7,1,1,4,27,3,1,1,2
SF,IF2006,2020-04-09 09:32:14.900,3737.8000,39318,-1,600127980.000,1,0,1,双平,S,3736.6000,3736.4000,3736.2000,3736.0000,3735.6000,3737.8000,3738.0000,3738.4000,3738.6000,3738.8000,1,7,1,1,4,26,3,1,1,2
SF,IF2006,2020-04-09 09:32:15.400,3737.8000,39316,-2,602370660.000,2,0,2,双平,S,3736.8000,3736.6000,3736.4000,3736.2000,3736.0000,3737.8000,3738.0000,3738.4000,3738.6000,3738.8000,7,1,2,1,1,24,3,1,1,2
SF,IF2006,2020-04-09 09:32:15.900,3737.0000,39314,-2,604612860.000,2,0,2,双平,S,3736.8000,3736.6000,3736.4000,3736.2000,3736.0000,3737.8000,3738.0000,3738.4000,3738.6000,3738.8000,7,1,2,1,1,24,3,1,1,2
SF,IF2006,2020-04-09 09:32:16.400,3737.0000,39313,-1,605733960.000,1,0,1,双平,S,3737.0000,3736.8000,3736.6000,3736.4000,3736.2000,3737.8000,3738.0000,3738.4000,3738.6000,3738.8000,1,7,2,2,1,24,3,1,1,2
SF,IF2006,2020-04-09 09:32:16.900,3737.0000,39313,0,605733960.000,0,-,-,-,-,3737.2000,3737.0000,3736.8000,3736.6000,3736.4000,3737.8000,3738.0000,3738.4000,3738.6000,3738.8000,3,1,2,2,2,24,3,1,1,2
SF,IF2006,2020-04-09 09:32:17.400,3737.0000,39313,0,605733960.000,0,-,-,-,-,3737.2000,3737.0000,3736.8000,3736.6000,3736.4000,3737.8000,3738.0000,3738.4000,3738.6000,3738.8000,3,2,2,1,2,24,3,1,1,2
SF,IF2006,2020-04-09 09:32:17.900,3737.0000,39313,0,605733960.000,0,-,-,-,-,3737.2000,3737.0000,3736.8000,3736.6000,3736.4000,3737.8000,3738.0000,3738.4000,3738.6000,3738.8000,3,1,2,1,2,24,3,1,1,2
SF,IF2006,2020-04-09 09:32:18.400,3737.6000,39313,0,606855240.000,1,0,1,多换,S,3737.6000,3737.2000,3737.0000,3736.8000,3736.6000,3737.8000,3738.0000,3738.4000,3738.6000,3738.8000,1,3,1,2,1,24,3,1,1,2
SF,IF2006,2020-04-09 09:32:18.900,3737.6000,39313,0,607976520.000,1,0,1,多换,S,3737.2000,3737.0000,3736.8000,3736.6000,3736.4000,3737.8000,3738.0000,3738.4000,3738.6000,3738.8000,4,1,2,1,2,25,3,1,1,2
SF,IF2006,2020-04-09 09:32:19.400,3737.6000,39313,0,607976520.000,0,-,-,-,-,3737.2000,3737.0000,3736.8000,3736.6000,3736.4000,3737.8000,3738.0000,3738.4000,3738.6000,3738.8000,5,1,2,1,2,25,3,1,1,2
SF,IF2006,2020-04-09 09:32:20.400,3737.6000,39313,0,607976520.000,0,-,-,-,-,3737.2000,3737.0000,3736.8000,3736.6000,3736.4000,3737.8000,3738.0000,3738.4000,3738.6000,3738.8000,5,1,3,1,2,25,3,1,1,2
SF,IF2006,2020-04-09 09:32:20.900,3737.6000,39313,0,607976520.000,0,-,-,-,-,3737.2000,3737.0000,3736.8000,3736.6000,3736.4000,3737.8000,3738.0000,3738.4000,3738.6000,3738.8000,5,1,3,1,2,25,4,1,1,2
SF,IF2006,2020-04-09 09:32:21.900,3737.2000,39304,-9,619189560.000,10,0,10,多平,S,3737.2000,3737.0000,3736.8000,3736.6000,3736.4000,3737.8000,3738.0000,3738.4000,3738.6000,3738.8000,3,1,3,1,2,17,4,1,1,2
SF,IF2006,2020-04-09 09:32:22.400,3737.2000,39304,0,619189560.000,0,-,-,-,-,3737.2000,3737.0000,3736.8000,3736.6000,3736.4000,3737.8000,3738.0000,3738.4000,3738.6000,3738.8000,3,1,3,1,2,17,4,1,1,2
SF,IF2006,2020-04-09 09:32:22.900,3737.4000,39303,-1,621432120.000,2,0,2,多平,S,3737.2000,3737.0000,3736.8000,3736.6000,3736.4000,3737.8000,3738.0000,3738.4000,3738.6000,3738.8000,4,1,3,1,2,16,5,1,1,2
SF,IF2006,2020-04-09 09:32:23.400,3737.8000,39301,-2,623674800.000,2,0,2,双平,S,3737.4000,3737.2000,3737.0000,3736.8000,3736.6000,3737.8000,3738.0000,3738.4000,3738.6000,3738.8000,1,4,1,3,1,14,5,1,1,2
SF,IF2006,2020-04-09 09:32:23.900,3737.8000,39299,-2,627038760.000,3,0,3,多平,S,3737.4000,3737.2000,3737.0000,3736.8000,3736.6000,3737.8000,3738.0000,3738.4000,3738.6000,3738.8000,1,4,1,3,1,12,5,1,1,2
SF,IF2006,2020-04-09 09:32:24.400,3737.8000,39299,0,627038760.000,0,-,-,-,-,3737.4000,3737.2000,3737.0000,3736.8000,3736.6000,3737.8000,3738.0000,3738.4000,3738.6000,3738.8000,1,4,1,3,1,12,5,1,1,2
SF,IF2006,2020-04-09 09:32:24.900,3737.8000,39299,0,632645460.000,5,2,3,多换,S,3737.4000,3737.2000,3737.0000,3736.8000,3736.6000,3737.8000,3738.0000,3738.4000,3738.6000,3738.8000,1,4,1,3,1,7,5,1,1,2
SF,IF2006,2020-04-09 09:32:25.400,3737.8000,39295,-4,637130820.000,4,0,4,双平,S,3737.4000,3737.2000,3736.8000,3736.6000,3736.4000,3737.8000,3738.0000,3738.4000,3738.6000,3738.8000,1,4,3,1,2,3,5,1,1,2
SF,IF2006,2020-04-09 09:32:25.900,3737.8000,39296,1,640494840.000,3,2,1,空开,S,3737.8000,3737.6000,3737.4000,3737.2000,3736.8000,3738.0000,3738.4000,3738.6000,3738.8000,3739.8000,3,1,1,4,3,5,1,1,2,1
SF,IF2006,2020-04-09 09:32:26.400,3738.0000,39292,-4,644980440.000,4,0,4,双平,S,3737.8000,3737.6000,3737.4000,3737.2000,3736.8000,3738.0000,3738.4000,3738.6000,3738.8000,3739.8000,3,1,1,4,3,1,1,1,2,1
SF,IF2006,2020-04-09 09:32:26.900,3738.0000,39291,-1,646101840.000,1,0,1,双平,S,3738.0000,3737.8000,3737.6000,3737.4000,3737.2000,3738.4000,3738.6000,3738.8000,3739.8000,3740.0000,5,3,1,1,4,1,1,2,1,4
SF,IF2006,2020-04-09 09:32:27.400,3738.4000,39291,0,647223360.000,1,0,1,多换,S,3738.0000,3737.8000,3737.6000,3737.4000,3737.2000,3738.6000,3738.8000,3739.8000,3740.0000,3740.8000,5,2,1,1,4,1,2,1,4,4
SF,IF2006,2020-04-09 09:32:27.900,3738.6000,39291,0,648344940.000,1,0,1,多换,S,3738.0000,3737.8000,3737.6000,3737.4000,3737.2000,3738.8000,3739.8000,3740.0000,3740.2000,3740.8000,5,2,1,1,4,2,1,4,2,4
SF,IF2006,2020-04-09 09:32:28.400,3738.0000,39290,-1,649466340.000,1,0,1,双平,S,3738.0000,3737.8000,3737.6000,3737.4000,3737.2000,3738.8000,3739.8000,3740.0000,3740.2000,3740.8000,3,2,1,1,4,2,1,4,2,4
SF,IF2006,2020-04-09 09:32:28.900,3738.8000,39289,-1,650587980.000,1,0,1,双平,S,3738.0000,3737.8000,3737.6000,3737.4000,3737.2000,3738.8000,3739.8000,3740.0000,3740.2000,3740.8000,4,2,1,1,4,1,1,4,2,4
SF,IF2006,2020-04-09 09:32:29.400,3738.0000,39288,-1,651709380.000,1,0,1,双平,S,3738.0000,3737.8000,3737.6000,3737.4000,3737.2000,3738.8000,3739.8000,3740.0000,3740.2000,3740.8000,3,2,1,1,3,1,1,4,2,4
SF,IF2006,2020-04-09 09:32:29.900,3738.0000,39288,0,651709380.000,0,-,-,-,-,3738.0000,3737.8000,3737.6000,3737.4000,3737.2000,3738.8000,3739.8000,3740.0000,3740.8000,3741.0000,2,2,1,1,3,1,1,4,4,1
SF,IF2006,2020-04-09 09:32:30.400,3738.0000,39288,0,651709380.000,0,-,-,-,-,3738.2000,3738.0000,3737.8000,3737.6000,3737.4000,3738.8000,3739.8000,3740.0000,3740.8000,3741.0000,1,2,2,1,1,1,1,4,4,1
SF,IF2006,2020-04-09 09:32:32.400,3738.0000,39288,0,651709380.000,0,-,-,-,-,3738.2000,3738.0000,3737.8000,3737.6000,3737.4000,3738.8000,3739.8000,3740.0000,3740.8000,3741.0000,1,2,2,1,1,1,1,4,4,1
SF,IF2006,2020-04-09 09:32:32.900,3738.0000,39288,0,651709380.000,0,-,-,-,-,3738.2000,3738.0000,3737.8000,3737.6000,3737.2000,3738.8000,3739.8000,3740.0000,3740.8000,3741.0000,1,2,2,1,3,2,1,4,4,1
SF,IF2006,2020-04-09 09:32:33.400,3738.0000,39288,0,651709380.000,0,-,-,-,-,3738.2000,3738.0000,3737.8000,3737.6000,3737.2000,3738.8000,3739.8000,3740.0000,3740.8000,3741.0000,1,2,2,1,3,2,1,4,4,1
SF,IF2006,2020-04-09 09:32:33.900,3738.8000,39286,-2,653952660.000,2,0,2,双平,S,3738.2000,3738.0000,3737.8000,3737.6000,3737.2000,3739.8000,3740.0000,3740.8000,3741.0000,3742.0000,2,2,2,1,3,1,4,4,1,4
SF,IF2006,2020-04-09 09:32:34.400,3738.8000,39286,0,653952660.000,0,-,-,-,-,3738.2000,3738.0000,3737.8000,3737.6000,3737.2000,3739.6000,3739.8000,3740.0000,3740.8000,3741.0000,2,2,2,1,3,6,2,4,4,1
SF,IF2006,2020-04-09 09:32:34.900,3738.2000,39286,0,655074120.000,1,0,1,多换,S,3738.0000,3737.8000,3737.2000,3737.0000,3736.8000,3738.2000,3739.2000,3739.4000,3739.6000,3739.8000,1,2,3,1,3,6,8,8,5,1
SF,IF2006,2020-04-09 09:32:35.400,3737.8000,39285,-1,658438200.000,3,1,2,多平,S,3737.2000,3737.0000,3736.8000,3736.6000,3736.4000,3738.0000,3738.2000,3739.2000,3739.4000,3739.6000,3,1,3,1,1,2,6,8,7,3
SF,IF2006,2020-04-09 09:32:35.900,3737.8000,39285,0,658438200.000,0,-,-,-,-,3737.4000,3737.2000,3737.0000,3736.8000,3736.6000,3738.2000,3739.4000,3739.6000,3739.8000,3740.0000,3,3,1,1,1,7,5,3,1,5
SF,IF2006,2020-04-09 09:32:36.400,3737.8000,39285,0,658438200.000,0,-,-,-,-,3737.6000,3737.4000,3737.2000,3737.0000,3736.8000,3738.2000,3739.4000,3739.6000,3739.8000,3740.0000,1,2,3,1,1,7,4,3,1,5
SF,IF2006,2020-04-09 09:32:36.900,3737.8000,39285,0,658438200.000,0,-,-,-,-,3738.0000,3737.4000,3737.2000,3737.0000,3736.8000,3738.2000,3739.4000,3739.6000,3739.8000,3740.0000,1,2,3,1,1,7,4,3,1,5
SF,IF2006,2020-04-09 09:32:37.400,3738.0000,39284,-1,660681000.000,2,0,2,多平,S,3737.4000,3737.2000,3737.0000,3736.8000,3736.6000,3738.0000,3738.2000,3739.4000,3739.6000,3739.8000,2,3,1,1,1,2,7,4,3,1
SF,IF2006,2020-04-09 09:32:37.900,3738.0000,39284,0,660681000.000,0,-,-,-,-,3737.4000,3737.2000,3737.0000,3736.8000,3736.6000,3738.0000,3738.2000,3739.4000,3739.6000,3739.8000,2,3,1,1,1,1,7,4,3,1
SF,IF2006,2020-04-09 09:32:38.900,3738.0000,39284,0,660681000.000,0,-,-,-,-,3737.8000,3737.4000,3737.2000,3737.0000,3736.8000,3738.0000,3738.2000,3739.4000,3739.6000,3739.8000,1,1,3,1,1,1,7,4,3,1
SF,IF2006,2020-04-09 09:32:39.400,3737.8000,39284,0,661802340.000,1,0,1,多换,S,3737.2000,3737.0000,3736.8000,3736.6000,3736.4000,3737.8000,3738.0000,3738.2000,3739.4000,3739.6000,3,1,1,1,1,3,1,7,4,3
SF,IF2006,2020-04-09 09:32:39.900,3737.8000,39284,0,661802340.000,0,-,-,-,-,3737.2000,3737.0000,3736.8000,3736.6000,3736.4000,3737.8000,3738.0000,3738.2000,3738.6000,3739.4000,2,1,1,1,1,1,1,7,1,4
SF,IF2006,2020-04-09 09:32:40.400,3737.8000,39284,0,661802340.000,0,-,-,-,-,3737.2000,3737.0000,3736.8000,3736.6000,3736.4000,3738.0000,3738.2000,3738.6000,3739.4000,3739.6000,2,1,1,1,1,1,7,1,4,3
SF,IF2006,2020-04-09 09:32:41.900,3737.8000,39284,0,661802340.000,0,-,-,-,-,3737.2000,3737.0000,3736.8000,3736.6000,3736.4000,3738.0000,3738.2000,3738.6000,3738.8000,3739.4000,2,1,1,1,1,1,7,1,1,4
SF,IF2006,2020-04-09 09:32:42.900,3737.8000,39284,0,661802340.000,0,-,-,-,-,3737.2000,3737.0000,3736.8000,3736.6000,3736.4000,3738.0000,3738.2000,3738.6000,3738.8000,3739.0000,2,1,1,1,1,1,7,1,1,1
SF,IF2006,2020-04-09 09:32:43.400,3737.2000,39282,-2,664044660.000,2,0,2,双平,S,3737.0000,3736.8000,3736.6000,3736.4000,3736.2000,3737.2000,3738.0000,3738.2000,3738.6000,3738.8000,1,1,1,1,1,1,3,7,1,1
SF,IF2006,2020-04-09 09:32:43.900,3737.2000,39281,-1,665165820.000,1,0,1,双平,S,3737.6000,3737.0000,3736.8000,3736.6000,3736.4000,3738.0000,3738.2000,3738.6000,3738.8000,3739.0000,1,1,1,1,1,3,7,1,1,1
SF,IF2006,2020-04-09 09:32:44.400,3737.0000,39282,1,667408200.000,2,1,1,空开,S,3736.8000,3736.6000,3736.4000,3736.2000,3736.0000,3738.0000,3738.2000,3738.6000,3738.8000,3739.0000,1,1,1,1,4,3,7,1,1,1
SF,IF2006,2020-04-09 09:32:44.900,3737.0000,39282,0,667408200.000,0,-,-,-,-,3737.6000,3737.0000,3736.8000,3736.6000,3736.4000,3738.0000,3738.2000,3738.6000,3738.8000,3739.0000,1,2,1,1,1,2,7,1,1,1
SF,IF2006,2020-04-09 09:32:45.400,3737.6000,39281,-1,668529480.000,1,0,1,双平,S,3737.0000,3736.8000,3736.6000,3736.4000,3736.2000,3738.0000,3738.2000,3738.6000,3738.8000,3739.0000,1,1,1,1,1,2,7,1,1,1
SF,IF2006,2020-04-09 09:32:45.900,3738.0000,39281,0,669650880.000,1,0,1,多换,S,3737.0000,3736.8000,3736.6000,3736.4000,3736.2000,3738.2000,3738.6000,3738.8000,3739.0000,3739.4000,2,1,1,1,1,7,1,1,1,3
SF,IF2006,2020-04-09 09:32:46.400,3738.0000,39281,0,669650880.000,0,-,-,-,-,3737.2000,3737.0000,3736.8000,3736.6000,3736.4000,3738.2000,3738.6000,3738.8000,3739.0000,3739.4000,5,2,1,1,1,7,1,1,1,3
SF,IF2006,2020-04-09 09:32:46.900,3738.0000,39281,0,669650880.000,0,-,-,-,-,3737.4000,3737.2000,3736.8000,3736.6000,3736.4000,3738.2000,3738.6000,3738.8000,3739.0000,3739.4000,2,5,1,1,1,7,1,1,1,3
SF,IF2006,2020-04-09 09:32:47.400,3738.0000,39281,0,669650880.000,0,-,-,-,-,3737.4000,3737.2000,3736.8000,3736.6000,3736.4000,3738.0000,3738.2000,3738.6000,3738.8000,3739.0000,1,2,1,1,1,3,8,1,1,1
SF,IF2006,2020-04-09 09:32:47.900,3738.0000,39281,0,669650880.000,0,-,-,-,-,3737.2000,3736.8000,3736.6000,3736.4000,3736.2000,3738.2000,3738.6000,3738.8000,3739.0000,3739.4000,1,1,1,1,1,7,1,1,1,2
SF,IF2006,2020-04-09 09:32:48.400,3738.0000,39281,0,669650880.000,0,-,-,-,-,3737.2000,3736.8000,3736.6000,3736.4000,3736.2000,3738.2000,3738.6000,3738.8000,3739.0000,3739.4000,3,1,1,1,2,7,1,1,1,2
SF,IF2006,2020-04-09 09:32:48.900,3738.2000,39280,-1,670772340.000,1,0,1,双平,S,3737.4000,3737.2000,3736.8000,3736.6000,3736.4000,3738.2000,3738.6000,3738.8000,3739.0000,3739.4000,3,3,1,1,1,6,1,1,1,2
SF,IF2006,2020-04-09 09:32:49.400,3738.2000,39280,0,670772340.000,0,-,-,-,-,3737.6000,3737.4000,3737.2000,3736.8000,3736.6000,3738.2000,3738.6000,3738.8000,3739.0000,3739.4000,1,3,2,1,1,6,1,1,1,2
SF,IF2006,2020-04-09 09:32:49.900,3737.6000,39279,-1,671893620.000,1,0,1,双平,S,3737.4000,3737.2000,3736.8000,3736.6000,3736.4000,3738.2000,3738.6000,3738.8000,3739.0000,3739.4000,2,2,1,1,1,6,1,1,1,2
SF,IF2006,2020-04-09 09:32:50.400,3737.6000,39279,0,671893620.000,0,-,-,-,-,3737.4000,3737.2000,3736.8000,3736.6000,3736.4000,3738.2000,3738.6000,3738.8000,3739.0000,3739.4000,1,1,1,1,1,6,1,1,1,2
SF,IF2006,2020-04-09 09:32:50.900,3738.0000,39278,-1,674136240.000,2,0,2,多平,S,3737.2000,3736.8000,3736.6000,3736.4000,3736.2000,3738.0000,3738.2000,3738.6000,3738.8000,3739.0000,1,1,1,1,2,2,6,1,1,1
SF,IF2006,2020-04-09 09:32:51.400,3738.0000,39278,0,674136240.000,0,-,-,-,-,3736.8000,3736.6000,3736.4000,3736.2000,3736.0000,3738.0000,3738.2000,3738.6000,3738.8000,3739.0000,1,1,1,2,3,2,6,1,1,1
SF,IF2006,2020-04-09 09:32:51.900,3738.0000,39278,0,676379040.000,2,1,1,多换,S,3736.8000,3736.6000,3736.4000,3736.2000,3736.0000,3738.0000,3738.2000,3738.6000,3738.8000,3739.0000,1,1,1,2,3,2,6,1,1,1
SF,IF2006,2020-04-09 09:32:52.400,3738.0000,39278,0,676379040.000,0,-,-,-,-,3737.0000,3736.8000,3736.6000,3736.4000,3736.2000,3737.8000,3738.0000,3738.2000,3738.6000,3738.8000,1,1,1,1,2,1,1,6,1,1
SF,IF2006,2020-04-09 09:32:53.900,3738.0000,39278,0,676379040.000,0,-,-,-,-,3737.0000,3736.8000,3736.6000,3736.4000,3736.2000,3737.8000,3738.0000,3738.2000,3738.6000,3738.8000,1,1,1,1,2,1,1,2,1,1
SF,IF2006,2020-04-09 09:32:54.400,3738.0000,39278,0,676379040.000,0,-,-,-,-,3737.0000,3736.8000,3736.6000,3736.4000,3736.2000,3737.8000,3738.0000,3738.2000,3738.6000,3738.8000,1,1,1,1,2,1,1,2,1,1
SF,IF2006,2020-04-09 09:32:54.900,3737.8000,39278,0,677500380.000,1,0,1,多换,S,3737.0000,3736.8000,3736.6000,3736.4000,3736.2000,3738.2000,3738.6000,3738.8000,3739.0000,3739.4000,1,1,1,1,2,2,1,1,1,2
SF,IF2006,2020-04-09 09:32:55.900,3738.2000,39279,1,678621840.000,1,1,0,双开,S,3737.0000,3736.8000,3736.6000,3736.4000,3736.2000,3738.2000,3738.6000,3738.8000,3739.0000,3739.4000,4,1,1,1,2,1,1,1,1,2
SF,IF2006,2020-04-09 09:32:56.400,3738.2000,39279,0,678621840.000,0,-,-,-,-,3737.0000,3736.8000,3736.6000,3736.4000,3736.2000,3738.2000,3738.6000,3738.8000,3739.0000,3739.4000,4,1,1,1,1,1,1,1,2,2
SF,IF2006,2020-04-09 09:32:56.900,3738.2000,39280,1,679743300.000,1,1,0,双开,S,3737.0000,3736.8000,3736.6000,3736.4000,3736.2000,3738.0000,3738.2000,3738.6000,3738.8000,3739.0000,4,1,1,1,1,1,1,1,1,2
SF,IF2006,2020-04-09 09:32:57.400,3738.2000,39280,0,679743300.000,0,-,-,-,-,3737.2000,3737.0000,3736.8000,3736.6000,3736.4000,3738.0000,3738.2000,3738.6000,3738.8000,3739.0000,1,4,1,1,1,1,1,1,1,2
SF,IF2006,2020-04-09 09:32:57.900,3738.2000,39280,0,679743300.000,0,-,-,-,-,3737.0000,3736.8000,3736.6000,3736.4000,3736.2000,3737.8000,3738.0000,3738.2000,3738.6000,3738.8000,4,1,1,1,1,1,1,1,1,1
SF,IF2006,2020-04-09 09:32:58.400,3738.2000,39280,0,679743300.000,0,-,-,-,-,3737.2000,3737.0000,3736.8000,3736.6000,3736.4000,3737.8000,3738.0000,3738.2000,3738.4000,3738.6000,1,4,1,4,1,1,1,1,1,1
SF,IF2006,2020-04-09 09:32:58.900,3738.2000,39280,0,679743300.000,0,-,-,-,-,3737.4000,3737.0000,3736.8000,3736.6000,3736.4000,3737.8000,3738.0000,3738.2000,3738.4000,3738.6000,1,4,1,4,1,2,1,1,1,1
SF,IF2006,2020-04-09 09:32:59.400,3737.8000,39281,1,680864640.000,1,1,0,双开,S,3737.0000,3736.8000,3736.6000,3736.4000,3736.2000,3737.8000,3738.0000,3738.2000,3738.6000,3738.8000,4,1,4,1,1,1,1,1,1,1
SF,IF2006,2020-04-09 09:32:59.900,3737.8000,39281,0,680864640.000,0,-,-,-,-,3737.4000,3737.0000,3736.8000,3736.6000,3736.4000,3737.8000,3738.0000,3738.2000,3738.6000,3738.8000,1,4,1,4,1,1,1,1,1,1
SF,IF2006,2020-04-09 09:33:00.400,3737.8000,39281,0,680864640.000,0,-,-,-,-,3737.4000,3737.0000,3736.8000,3736.6000,3736.4000,3738.0000,3738.2000,3738.6000,3738.8000,3739.0000,1,4,1,4,1,1,1,1,1,2
SF,IF2006,2020-04-09 09:33:00.900,3737.8000,39281,0,681985980.000,1,0,1,多换,S,3737.4000,3737.0000,3736.8000,3736.6000,3736.4000,3738.2000,3738.6000,3738.8000,3739.0000,3739.4000,1,4,1,4,1,3,1,1,2,2
SF,IF2006,2020-04-09 09:33:01.400,3737.6000,39280,-1,683107260.000,1,0,1,双平,S,3737.4000,3737.0000,3736.8000,3736.6000,3736.4000,3738.2000,3738.6000,3738.8000,3739.0000,3739.4000,1,4,1,4,1,3,1,1,2,2
SF,IF2006,2020-04-09 09:33:01.900,3738.0000,39279,-1,685349940.000,2,0,2,多平,S,3737.6000,3737.4000,3737.0000,3736.8000,3736.6000,3738.2000,3738.6000,3738.8000,3739.0000,3739.4000,1,1,4,1,4,3,1,1,2,2
SF,IF2006,2020-04-09 09:33:02.400,3738.2000,39278,-1,686471400.000,1,0,1,双平,S,3737.6000,3737.4000,3737.0000,3736.8000,3736.6000,3738.2000,3738.6000,3738.8000,3739.0000,3739.4000,1,1,4,1,4,2,1,1,2,2
SF,IF2006,2020-04-09 09:33:02.900,3737.6000,39278,0,687592680.000,1,0,1,多换,S,3737.4000,3737.0000,3736.8000,3736.6000,3736.4000,3738.2000,3738.6000,3738.8000,3739.0000,3739.4000,1,4,1,4,1,2,1,1,2,2
SF,IF2006,2020-04-09 09:33:03.400,3738.2000,39278,0,688714140.000,1,0,1,多换,S,3737.4000,3737.0000,3736.8000,3736.6000,3736.4000,3738.2000,3738.6000,3738.8000,3739.0000,3739.4000,1,4,1,4,1,1,1,1,2,2
SF,IF2006,2020-04-09 09:33:03.900,3737.4000,39278,0,689835360.000,1,0,1,多换,S,3737.0000,3736.8000,3736.6000,3736.4000,3736.2000,3738.2000,3738.6000,3738.8000,3739.0000,3739.4000,4,1,4,1,1,1,1,1,2,2
SF,IF2006,2020-04-09 09:33:04.400,3738.2000,39278,0,690956820.000,1,0,1,多换,S,3737.2000,3737.0000,3736.8000,3736.6000,3736.4000,3738.6000,3738.8000,3739.0000,3739.4000,3739.6000,5,4,1,4,1,1,1,2,2,1
SF,IF2006,2020-04-09 09:33:04.900,3738.2000,39278,0,690956820.000,0,-,-,-,-,3737.4000,3737.2000,3737.0000,3736.8000,3736.6000,3738.6000,3738.8000,3739.0000,3739.4000,3739.6000,1,5,3,1,4,1,1,2,2,1
SF,IF2006,2020-04-09 09:33:05.400,3738.2000,39278,0,690956820.000,0,-,-,-,-,3737.4000,3737.2000,3737.0000,3736.8000,3736.6000,3738.6000,3738.8000,3739.0000,3739.4000,3739.6000,2,2,3,1,4,1,1,2,2,1
SF,IF2006,2020-04-09 09:33:05.900,3738.2000,39278,0,690956820.000,0,-,-,-,-,3737.4000,3737.2000,3737.0000,3736.8000,3736.6000,3738.6000,3738.8000,3739.0000,3739.4000,3739.6000,2,3,3,1,4,1,1,2,2,1
SF,IF2006,2020-04-09 09:33:06.400,3737.4000,39277,-1,692078040.000,1,0,1,双平,S,3737.4000,3737.2000,3737.0000,3736.8000,3736.6000,3738.6000,3738.8000,3739.0000,3739.4000,3739.8000,1,3,3,1,4,1,1,2,2,1
SF,IF2006,2020-04-09 09:33:06.900,3737.4000,39277,0,692078040.000,0,-,-,-,-,3737.4000,3737.2000,3737.0000,3736.8000,3736.6000,3738.4000,3738.6000,3738.8000,3739.0000,3739.4000,1,3,3,1,4,1,1,1,2,2
SF,IF2006,2020-04-09 09:33:07.400,3737.2000,39276,-1,693199200.000,1,0,1,双平,S,3737.2000,3737.0000,3736.8000,3736.6000,3736.4000,3738.4000,3738.6000,3738.8000,3739.0000,3739.4000,2,3,1,4,1,1,1,1,2,2
SF,IF2006,2020-04-09 09:33:07.900,3737.2000,39276,0,693199200.000,0,-,-,-,-,3737.4000,3737.2000,3737.0000,3736.8000,3736.6000,3738.4000,3738.6000,3738.8000,3739.0000,3739.4000,3,2,3,1,4,1,1,1,2,2
SF,IF2006,2020-04-09 09:33:08.900,3737.2000,39276,0,693199200.000,0,-,-,-,-,3737.4000,3737.2000,3737.0000,3736.8000,3736.6000,3738.4000,3738.6000,3738.8000,3739.0000,3739.4000,3,2,3,1,4,1,1,1,2,2
SF,IF2006,2020-04-09 09:33:09.400,3737.2000,39276,0,693199200.000,0,-,-,-,-,3737.4000,3737.2000,3737.0000,3736.8000,3736.6000,3738.2000,3738.4000,3738.6000,3738.8000,3739.0000,3,2,3,1,4,1,1,1,1,2
SF,IF2006,2020-04-09 09:33:09.900,3737.4000,39275,-1,694320420.000,1,0,1,双平,S,3737.2000,3737.0000,3736.6000,3736.4000,3736.2000,3738.2000,3738.4000,3738.6000,3738.8000,3739.0000,2,3,4,1,2,1,1,1,1,2
SF,IF2006,2020-04-09 09:33:10.900,3737.4000,39275,0,694320420.000,0,-,-,-,-,3737.6000,3737.2000,3737.0000,3736.6000,3736.4000,3738.2000,3738.4000,3738.6000,3738.8000,3739.0000,1,2,3,4,1,1,1,1,1,2
SF,IF2006,2020-04-09 09:33:11.400,3737.4000,39276,1,695441640.000,1,1,0,双开,S,3737.2000,3737.0000,3736.6000,3736.4000,3736.2000,3738.2000,3738.4000,3738.6000,3738.8000,3739.0000,2,3,4,1,2,2,1,1,1,2
SF,IF2006,2020-04-09 09:33:11.900,3737.4000,39276,0,695441640.000,0,-,-,-,-,3737.2000,3737.0000,3736.6000,3736.4000,3736.2000,3738.0000,3738.2000,3738.4000,3738.6000,3738.8000,2,3,4,1,2,1,2,1,1,1
SF,IF2006,2020-04-09 09:33:12.400,3737.4000,39276,0,695441640.000,0,-,-,-,-,3737.2000,3737.0000,3736.6000,3736.4000,3736.2000,3738.0000,3738.2000,3738.4000,3738.6000,3738.8000,2,3,4,1,2,2,1,1,1,1
SF,IF2006,2020-04-09 09:33:12.900,3737.4000,39276,0,695441640.000,0,-,-,-,-,3737.4000,3737.2000,3737.0000,3736.6000,3736.4000,3738.0000,3738.2000,3738.4000,3738.6000,3738.8000,1,2,3,4,1,3,1,1,1,1
SF,IF2006,2020-04-09 09:33:13.400,3737.4000,39276,0,695441640.000,0,-,-,-,-,3737.4000,3737.2000,3737.0000,3736.6000,3736.4000,3738.0000,3738.2000,3738.4000,3738.6000,3738.8000,1,2,3,4,1,3,1,1,1,1
SF,IF2006,2020-04-09 09:33:13.900,3737.4000,39276,0,695441640.000,0,-,-,-,-,3737.2000,3737.0000,3736.6000,3736.4000,3736.2000,3738.0000,3738.2000,3738.4000,3738.6000,3738.8000,2,3,4,1,2,2,1,1,1,1
SF,IF2006,2020-04-09 09:33:14.400,3737.4000,39276,0,695441640.000,0,-,-,-,-,3737.2000,3737.0000,3736.6000,3736.4000,3736.2000,3738.0000,3738.2000,3738.4000,3738.6000,3738.8000,1,3,4,1,2,2,1,1,1,1
SF,IF2006,2020-04-09 09:33:14.900,3737.4000,39276,0,695441640.000,0,-,-,-,-,3737.6000,3737.2000,3737.0000,3736.6000,3736.4000,3738.0000,3738.2000,3738.4000,3738.6000,3738.8000,1,1,3,4,1,2,1,1,2,1
SF,IF2006,2020-04-09 09:33:15.400,3737.4000,39276,0,695441640.000,0,-,-,-,-,3737.6000,3737.2000,3737.0000,3736.6000,3736.4000,3738.0000,3738.2000,3738.4000,3738.6000,3738.8000,1,1,3,4,1,2,1,1,2,1
SF,IF2006,2020-04-09 09:33:15.900,3737.2000,39275,-1,697684020.000,2,0,2,多平,S,3737.0000,3736.6000,3736.4000,3736.2000,3736.0000,3737.2000,3738.0000,3738.2000,3738.4000,3738.6000,3,4,1,2,3,1,2,1,1,2
SF,IF2006,2020-04-09 09:33:16.400,3737.2000,39274,-1,698805180.000,1,0,1,双平,S,3737.2000,3737.0000,3736.6000,3736.4000,3736.2000,3738.0000,3738.2000,3738.4000,3738.6000,3738.8000,1,3,4,1,2,2,1,1,2,1
SF,IF2006,2020-04-09 09:33:16.900,3737.2000,39274,0,698805180.000,0,-,-,-,-,3737.0000,3736.6000,3736.4000,3736.2000,3736.0000,3737.2000,3738.0000,3738.2000,3738.4000,3738.6000,3,4,1,2,3,1,2,1,1,2
SF,IF2006,2020-04-09 09:33:17.400,3737.2000,39274,0,699926340.000,1,0,1,多换,S,3737.0000,3736.6000,3736.4000,3736.2000,3736.0000,3738.0000,3738.2000,3738.4000,3738.6000,3738.8000,3,4,1,2,3,2,1,1,2,1
SF,IF2006,2020-04-09 09:33:19.400,3737.2000,39274,0,699926340.000,0,-,-,-,-,3737.0000,3736.6000,3736.4000,3736.2000,3736.0000,3737.8000,3738.0000,3738.4000,3738.6000,3738.8000,3,4,1,2,3,1,2,1,2,1
SF,IF2006,2020-04-09 09:33:20.400,3737.2000,39274,0,699926340.000,0,-,-,-,-,3737.0000,3736.6000,3736.4000,3736.2000,3736.0000,3737.8000,3738.0000,3738.4000,3738.6000,3738.8000,3,4,1,1,3,1,2,1,2,1
SF,IF2006,2020-04-09 09:33:21.400,3737.2000,39274,0,699926340.000,0,-,-,-,-,3737.0000,3736.6000,3736.4000,3736.2000,3736.0000,3737.8000,3738.0000,3738.4000,3738.6000,3738.8000,3,4,1,1,3,1,2,1,2,1
SF,IF2006,2020-04-09 09:33:21.900,3737.0000,39274,0,702168540.000,2,1,1,多换,S,3737.0000,3736.6000,3736.4000,3736.2000,3736.0000,3737.8000,3738.0000,3738.4000,3738.6000,3738.8000,1,4,1,1,3,1,3,1,2,1
SF,IF2006,2020-04-09 09:33:22.400,3737.0000,39274,0,702168540.000,0,-,-,-,-,3737.0000,3736.6000,3736.4000,3736.2000,3736.0000,3737.8000,3738.0000,3738.4000,3738.6000,3738.8000,1,4,1,1,3,2,3,1,2,1
SF,IF2006,2020-04-09 09:33:23.900,3737.0000,39274,0,702168540.000,0,-,-,-,-,3737.0000,3736.6000,3736.4000,3736.2000,3736.0000,3737.6000,3737.8000,3738.0000,3738.4000,3738.6000,1,4,1,1,3,1,2,3,1,2
SF,IF2006,2020-04-09 09:33:24.400,3737.0000,39274,0,703289640.000,1,0,1,多换,S,3736.6000,3736.4000,3736.2000,3736.0000,3735.8000,3737.6000,3737.8000,3738.0000,3738.4000,3738.6000,4,1,1,3,3,1,2,3,1,2
SF,IF2006,2020-04-09 09:33:24.900,3736.6000,39274,0,704410620.000,1,0,1,多换,S,3736.6000,3736.4000,3736.2000,3736.0000,3735.8000,3737.6000,3737.8000,3738.0000,3738.4000,3738.6000,3,1,1,3,3,1,1,3,1,2
SF,IF2006,2020-04-09 09:33:26.400,3737.6000,39275,1,705531900.000,1,1,0,双开,S,3736.6000,3736.4000,3736.2000,3736.0000,3735.8000,3737.8000,3738.0000,3738.4000,3738.6000,3738.8000,3,1,1,3,3,1,3,1,2,1
SF,IF2006,2020-04-09 09:33:26.900,3737.6000,39275,0,705531900.000,0,-,-,-,-,3737.2000,3736.8000,3736.6000,3736.4000,3736.2000,3737.8000,3738.0000,3738.4000,3738.6000,3738.8000,4,3,3,1,1,2,3,1,2,1
SF,IF2006,2020-04-09 09:33:27.400,3737.2000,39275,0,710016540.000,4,2,2,多换,S,3736.8000,3736.6000,3736.4000,3736.2000,3736.0000,3737.0000,3737.2000,3737.8000,3738.0000,3738.4000,1,3,1,1,3,1,7,2,3,1
SF,IF2006,2020-04-09 09:33:27.900,3737.0000,39275,0,711137640.000,1,0,1,多换,S,3736.8000,3736.6000,3736.4000,3736.2000,3736.0000,3737.2000,3737.8000,3738.0000,3738.4000,3738.6000,1,3,1,1,3,7,2,3,1,2
SF,IF2006,2020-04-09 09:33:28.400,3737.0000,39275,0,711137640.000,0,-,-,-,-,3736.8000,3736.6000,3736.4000,3736.2000,3736.0000,3737.2000,3737.8000,3738.0000,3738.4000,3738.6000,1,3,1,1,3,7,1,3,1,2
SF,IF2006,2020-04-09 09:33:29.400,3737.0000,39275,0,711137640.000,0,-,-,-,-,3736.8000,3736.6000,3736.4000,3736.2000,3736.0000,3737.2000,3737.8000,3738.0000,3738.4000,3738.6000,1,3,1,1,3,7,1,3,1,2
SF,IF2006,2020-04-09 09:33:29.900,3737.0000,39275,0,711137640.000,0,-,-,-,-,3736.8000,3736.6000,3736.4000,3736.2000,3736.0000,3737.2000,3737.8000,3738.0000,3738.4000,3738.6000,2,3,1,1,3,7,1,3,1,2
SF,IF2006,2020-04-09 09:33:30.400,3737.0000,39275,0,711137640.000,0,-,-,-,-,3736.8000,3736.6000,3736.4000,3736.2000,3736.0000,3737.2000,3737.8000,3738.0000,3738.4000,3738.6000,2,3,1,1,3,7,1,3,1,2
SF,IF2006,2020-04-09 09:33:30.900,3737.2000,39270,-5,716743440.000,5,0,5,双平,S,3736.8000,3736.6000,3736.4000,3736.2000,3736.0000,3737.2000,3737.8000,3738.0000,3738.4000,3738.6000,2,3,1,1,3,2,1,3,1,2
SF,IF2006,2020-04-09 09:33:31.400,3737.2000,39269,-1,717864600.000,1,0,1,双平,S,3736.8000,3736.6000,3736.4000,3736.2000,3736.0000,3737.2000,3737.8000,3738.0000,3738.4000,3738.6000,2,3,1,1,3,1,1,3,1,2
SF,IF2006,2020-04-09 09:33:31.900,3737.2000,39268,-1,718985760.000,1,0,1,双平,S,3737.0000,3736.8000,3736.6000,3736.4000,3736.2000,3737.8000,3738.0000,3738.4000,3738.6000,3738.8000,1,3,3,1,1,1,3,1,2,1
SF,IF2006,2020-04-09 09:33:32.400,3737.2000,39268,0,718985760.000,0,-,-,-,-,3737.0000,3736.8000,3736.6000,3736.4000,3736.2000,3737.6000,3738.0000,3738.4000,3738.6000,3738.8000,1,3,3,1,1,1,3,1,2,1
SF,IF2006,2020-04-09 09:33:33.400,3737.2000,39268,0,718985760.000,0,-,-,-,-,3737.0000,3736.8000,3736.6000,3736.4000,3736.2000,3737.6000,3738.0000,3738.4000,3738.6000,3738.8000,1,3,3,1,1,1,3,1,2,1
SF,IF2006,2020-04-09 09:33:33.900,3737.2000,39268,0,718985760.000,0,-,-,-,-,3737.6000,3737.0000,3736.8000,3736.6000,3736.4000,3738.0000,3738.4000,3738.6000,3738.8000,3739.0000,1,1,3,3,1,3,1,2,1,2
SF,IF2006,2020-04-09 09:33:34.400,3737.2000,39268,0,718985760.000,0,-,-,-,-,3737.6000,3737.2000,3737.0000,3736.8000,3736.6000,3737.8000,3738.0000,3738.4000,3738.6000,3738.8000,1,1,1,3,3,1,3,1,2,1
SF,IF2006,2020-04-09 09:33:34.900,3737.2000,39269,1,721228200.000,2,1,1,空开,S,3737.0000,3736.8000,3736.6000,3736.4000,3736.2000,3738.0000,3738.4000,3738.6000,3738.8000,3739.0000,1,3,3,1,1,3,1,2,1,2
SF,IF2006,2020-04-09 09:33:35.400,3737.2000,39269,0,721228200.000,0,-,-,-,-,3737.0000,3736.8000,3736.6000,3736.4000,3736.2000,3738.0000,3738.4000,3738.6000,3738.8000,3739.0000,1,3,3,1,1,3,1,2,1,2
SF,IF2006,2020-04-09 09:33:35.900,3737.0000,39268,-1,722349300.000,1,0,1,双平,S,3736.8000,3736.6000,3736.4000,3736.2000,3736.0000,3737.0000,3738.0000,3738.4000,3738.6000,3738.8000,3,3,1,1,4,19,3,1,2,1
SF,IF2006,2020-04-09 09:33:36.400,3737.0000,39266,-2,724591500.000,2,0,2,双平,S,3736.8000,3736.6000,3736.4000,3736.2000,3736.0000,3737.0000,3738.0000,3738.4000,3738.6000,3738.8000,3,3,1,1,4,17,3,1,2,1
SF,IF2006,2020-04-09 09:33:36.900,3737.0000,39266,0,724591500.000,0,-,-,-,-,3736.8000,3736.6000,3736.4000,3736.2000,3736.0000,3737.0000,3738.0000,3738.4000,3738.6000,3738.8000,2,3,1,1,4,17,3,1,2,1
SF,IF2006,2020-04-09 09:33:37.400,3737.0000,39265,-1,725712600.000,1,0,1,双平,S,3736.8000,3736.6000,3736.4000,3736.2000,3736.0000,3737.0000,3738.0000,3738.4000,3738.6000,3738.8000,2,3,1,1,4,16,3,1,2,1
SF,IF2006,2020-04-09 09:33:37.900,3736.8000,39263,-2,727954680.000,2,0,2,双平,S,3736.6000,3736.4000,3736.2000,3736.0000,3735.8000,3737.0000,3738.0000,3738.4000,3738.6000,3738.8000,3,1,1,4,3,16,3,1,2,1
SF,IF2006,2020-04-09 09:33:38.400,3736.6000,39263,0,729075660.000,1,0,1,多换,S,3736.6000,3736.4000,3736.2000,3736.0000,3735.8000,3737.0000,3738.0000,3738.4000,3738.6000,3738.8000,2,1,1,4,3,16,3,1,2,1
SF,IF2006,2020-04-09 09:33:38.900,3736.6000,39261,-2,733559520.000,4,1,3,多平,S,3736.2000,3736.0000,3735.8000,3735.6000,3735.0000,3736.8000,3738.0000,3738.4000,3738.6000,3738.8000,1,4,3,4,2,16,3,1,2,1
SF,IF2006,2020-04-09 09:33:39.400,3736.4000,39260,-1,734680440.000,1,0,1,双平,S,3736.4000,3736.2000,3736.0000,3735.8000,3735.6000,3736.6000,3736.8000,3738.0000,3738.4000,3738.6000,2,1,4,3,4,1,16,3,1,2
SF,IF2006,2020-04-09 09:33:39.900,3736.4000,39260,0,734680440.000,0,-,-,-,-,3736.4000,3736.2000,3736.0000,3735.8000,3735.6000,3736.6000,3736.8000,3738.0000,3738.4000,3738.6000,1,1,4,3,4,1,16,3,1,2
SF,IF2006,2020-04-09 09:33:40.400,3736.4000,39260,0,734680440.000,0,-,-,-,-,3736.4000,3736.2000,3736.0000,3735.8000,3735.6000,3736.6000,3736.8000,3738.0000,3738.4000,3738.6000,1,1,4,3,4,1,16,3,1,2
SF,IF2006,2020-04-09 09:33:40.900,3736.4000,39260,0,734680440.000,0,-,-,-,-,3736.2000,3736.0000,3735.8000,3735.6000,3735.0000,3736.8000,3738.0000,3738.4000,3738.6000,3738.8000,1,4,3,4,2,16,3,1,2,1
SF,IF2006,2020-04-09 09:33:41.400,3736.4000,39260,0,734680440.000,0,-,-,-,-,3736.4000,3736.2000,3736.0000,3735.8000,3735.6000,3736.8000,3738.0000,3738.4000,3738.6000,3738.8000,1,1,4,3,4,16,3,1,2,1
SF,IF2006,2020-04-09 09:33:41.900,3736.4000,39260,0,734680440.000,0,-,-,-,-,3736.4000,3736.2000,3736.0000,3735.8000,3735.6000,3736.8000,3738.0000,3738.4000,3738.6000,3738.8000,1,1,4,3,4,16,3,1,2,1
SF,IF2006,2020-04-09 09:33:42.400,3736.4000,39260,0,734680440.000,0,-,-,-,-,3736.6000,3736.4000,3736.2000,3736.0000,3735.8000,3736.8000,3738.0000,3738.4000,3738.6000,3738.8000,1,1,1,5,3,16,3,1,2,1
SF,IF2006,2020-04-09 09:33:42.900,3736.8000,39259,-1,735801480.000,1,0,1,双平,S,3736.6000,3736.4000,3736.2000,3736.0000,3735.8000,3736.8000,3738.0000,3738.4000,3738.6000,3738.8000,1,1,1,5,3,15,3,1,2,1
SF,IF2006,2020-04-09 09:33:43.400,3736.8000,39256,-3,739164600.000,3,0,3,双平,S,3736.6000,3736.4000,3736.2000,3736.0000,3735.8000,3736.8000,3738.0000,3738.4000,3738.6000,3738.8000,1,1,1,5,3,12,3,1,2,1
SF,IF2006,2020-04-09 09:33:43.900,3736.6000,39255,-1,741406620.000,2,0,2,多平,S,3736.4000,3736.2000,3736.0000,3735.8000,3735.6000,3736.8000,3738.0000,3738.4000,3738.6000,3738.8000,1,1,5,3,4,11,3,1,2,1
SF,IF2006,2020-04-09 09:33:44.400,3736.8000,39254,-1,742527660.000,1,0,1,双平,S,3736.6000,3736.4000,3736.2000,3736.0000,3735.8000,3736.8000,3738.0000,3738.4000,3738.6000,3738.8000,6,2,1,5,3,10,3,1,2,1
SF,IF2006,2020-04-09 09:33:44.900,3736.6000,39248,-6,749253540.000,6,0,6,双平,S,3736.4000,3736.2000,3736.0000,3735.8000,3735.6000,3736.8000,3738.0000,3738.4000,3738.6000,3738.8000,1,1,6,3,4,10,3,1,2,1
SF,IF2006,2020-04-09 09:33:45.400,3736.4000,39248,0,750374460.000,1,0,1,多换,S,3736.2000,3736.0000,3735.8000,3735.6000,3735.0000,3736.8000,3738.0000,3738.4000,3738.6000,3738.8000,1,5,3,4,2,10,3,1,2,1
SF,IF2006,2020-04-09 09:33:45.900,3736.4000,39248,0,750374460.000,0,-,-,-,-,3736.2000,3736.0000,3735.8000,3735.6000,3735.0000,3736.6000,3736.8000,3738.0000,3738.4000,3738.6000,1,5,3,4,2,1,10,3,1,2
SF,IF2006,2020-04-09 09:33:46.400,3736.4000,39248,0,750374460.000,0,-,-,-,-,3736.2000,3736.0000,3735.8000,3735.6000,3735.0000,3736.4000,3736.6000,3736.8000,3738.0000,3738.4000,1,5,3,4,2,2,1,10,3,1
SF,IF2006,2020-04-09 09:33:46.900,3736.2000,39245,-3,754858020.000,4,0,4,多平,S,3736.0000,3735.8000,3735.6000,3735.0000,3734.0000,3736.2000,3736.6000,3736.8000,3738.0000,3738.4000,5,3,4,2,1,3,1,10,3,1
SF,IF2006,2020-04-09 09:33:47.400,3736.6000,39241,-4,759341580.000,4,0,4,双平,S,3736.2000,3736.0000,3735.8000,3735.6000,3735.0000,3736.8000,3738.0000,3738.4000,3738.6000,3738.8000,4,8,3,4,2,10,3,1,2,1
SF,IF2006,2020-04-09 09:33:47.900,3736.6000,39241,0,759341580.000,0,-,-,-,-,3736.4000,3736.2000,3736.0000,3735.8000,3735.6000,3736.8000,3738.0000,3738.4000,3738.6000,3738.8000,1,4,6,3,4,10,3,1,2,1
SF,IF2006,2020-04-09 09:33:48.400,3736.6000,39241,0,759341580.000,0,-,-,-,-,3736.4000,3736.2000,3736.0000,3735.8000,3735.6000,3736.8000,3738.0000,3738.4000,3738.6000,3738.8000,1,3,6,3,4,10,3,1,2,1
SF,IF2006,2020-04-09 09:33:48.900,3736.8000,39241,0,760462620.000,1,0,1,多换,S,3736.4000,3736.2000,3736.0000,3735.8000,3735.6000,3736.8000,3738.0000,3738.4000,3738.6000,3738.8000,1,1,6,3,4,9,3,1,2,1
SF,IF2006,2020-04-09 09:33:49.400,3736.8000,39241,0,760462620.000,0,-,-,-,-,3736.4000,3736.2000,3736.0000,3735.8000,3735.6000,3736.8000,3738.0000,3738.4000,3738.6000,3738.8000,2,1,5,3,4,9,3,1,2,1
SF,IF2006,2020-04-09 09:33:49.900,3736.4000,39241,0,761583540.000,1,0,1,多换,S,3736.4000,3736.2000,3736.0000,3735.8000,3735.6000,3736.8000,3738.0000,3738.4000,3738.6000,3738.8000,1,1,5,3,4,9,3,1,2,1
SF,IF2006,2020-04-09 09:33:50.900,3736.4000,39240,-1,762704460.000,1,0,1,双平,S,3736.2000,3736.0000,3735.8000,3735.6000,3735.0000,3736.4000,3736.8000,3738.0000,3738.4000,3738.6000,1,5,3,4,2,1,9,3,1,2
SF,IF2006,2020-04-09 09:33:51.900,3736.4000,39239,-1,763825380.000,1,0,1,双平,S,3736.2000,3736.0000,3735.8000,3735.6000,3735.0000,3736.8000,3738.0000,3738.4000,3738.6000,3738.8000,1,5,3,4,2,9,3,1,2,1
SF,IF2006,2020-04-09 09:33:52.400,3736.4000,39239,0,763825380.000,0,-,-,-,-,3736.2000,3736.0000,3735.8000,3735.6000,3735.0000,3736.8000,3738.0000,3738.4000,3738.6000,3738.8000,1,5,3,4,2,10,3,1,2,1
SF,IF2006,2020-04-09 09:33:52.900,3736.4000,39239,0,763825380.000,0,-,-,-,-,3736.4000,3736.0000,3735.8000,3735.6000,3735.0000,3736.8000,3738.0000,3738.4000,3738.6000,3738.8000,1,5,3,4,2,10,3,1,2,1
SF,IF2006,2020-04-09 09:33:53.400,3736.4000,39239,0,764946300.000,1,0,1,多换,S,3736.0000,3735.8000,3735.6000,3735.0000,3734.0000,3736.8000,3738.0000,3738.4000,3738.6000,3738.8000,5,3,4,2,1,10,3,1,2,1
SF,IF2006,2020-04-09 09:33:54.400,3736.4000,39239,0,764946300.000,0,-,-,-,-,3736.2000,3736.0000,3735.8000,3735.6000,3735.0000,3736.4000,3736.8000,3738.0000,3738.4000,3738.6000,1,5,3,4,2,1,10,3,1,2
SF,IF2006,2020-04-09 09:33:54.900,3736.2000,39238,-1,766067160.000,1,0,1,双平,S,3736.0000,3735.8000,3735.6000,3735.0000,3734.0000,3736.4000,3736.8000,3738.0000,3738.4000,3738.6000,5,3,4,2,1,2,10,3,1,2
SF,IF2006,2020-04-09 09:33:55.400,3736.2000,39238,0,766067160.000,0,-,-,-,-,3736.0000,3735.8000,3735.6000,3735.0000,3734.0000,3736.4000,3736.8000,3738.0000,3738.4000,3738.6000,5,3,4,2,1,2,10,3,1,2
SF,IF2006,2020-04-09 09:33:55.900,3736.0000,39237,-1,767187960.000,1,0,1,双平,S,3736.0000,3735.8000,3735.6000,3735.0000,3734.0000,3736.4000,3736.6000,3736.8000,3738.0000,3738.4000,4,3,4,2,1,2,1,10,3,1
SF,IF2006,2020-04-09 09:33:56.400,3736.0000,39237,0,768308760.000,1,0,1,多换,S,3736.0000,3735.8000,3735.6000,3735.0000,3734.0000,3736.4000,3736.6000,3736.8000,3738.0000,3738.4000,3,3,4,2,1,2,1,10,2,1
SF,IF2006,2020-04-09 09:33:56.900,3736.0000,39237,0,768308760.000,0,-,-,-,-,3736.0000,3735.8000,3735.6000,3735.0000,3734.0000,3736.4000,3736.6000,3736.8000,3738.0000,3738.4000,3,3,4,2,1,2,1,10,2,1
SF,IF2006,2020-04-09 09:33:57.400,3736.0000,39237,0,769429560.000,1,0,1,多换,S,3736.0000,3735.8000,3735.6000,3735.0000,3734.0000,3736.4000,3736.6000,3736.8000,3738.0000,3738.4000,3,3,4,2,1,2,1,10,2,1
SF,IF2006,2020-04-09 09:33:58.400,3736.0000,39237,0,772791960.000,3,1,2,多换,S,3735.8000,3735.6000,3735.0000,3734.0000,3733.8000,3736.0000,3736.4000,3736.6000,3736.8000,3738.0000,3,4,2,1,1,6,2,1,1,2
SF,IF2006,2020-04-09 09:33:58.900,3736.4000,39230,-7,781758600.000,8,0,8,多平,S,3736.0000,3735.8000,3735.6000,3735.0000,3734.0000,3736.6000,3736.8000,3738.0000,3738.4000,3738.6000,2,3,4,2,1,1,1,2,1,2
SF,IF2006,2020-04-09 09:33:59.400,3736.6000,39229,-1,782879580.000,1,0,1,双平,S,3736.6000,3736.0000,3735.8000,3735.6000,3735.0000,3736.8000,3738.0000,3738.4000,3738.6000,3738.8000,1,2,3,4,2,1,2,1,2,1
SF,IF2006,2020-04-09 09:33:59.900,3736.6000,39228,-1,784000560.000,1,0,1,双平,S,3736.0000,3735.8000,3735.6000,3735.0000,3734.0000,3736.6000,3736.8000,3738.0000,3738.4000,3738.6000,3,3,4,2,1,3,1,2,1,2
SF,IF2006,2020-04-09 09:34:00.400,3736.0000,39225,-3,787362960.000,3,0,3,双平,S,3735.8000,3735.6000,3735.0000,3734.0000,3733.8000,3736.0000,3736.8000,3738.0000,3738.4000,3738.6000,3,4,2,1,1,2,1,2,1,2
SF,IF2006,2020-04-09 09:34:00.900,3735.6000,39220,-5,796328640.000,8,1,7,多平,S,3735.0000,3734.0000,3733.8000,3733.6000,3733.2000,3735.8000,3736.0000,3736.8000,3738.0000,3738.4000,2,1,1,2,1,5,1,1,2,1
SF,IF2006,2020-04-09 09:34:01.400,3735.2000,39220,0,798569880.000,2,1,1,多换,S,3735.0000,3734.0000,3733.8000,3733.6000,3733.2000,3735.6000,3735.8000,3736.0000,3736.8000,3738.0000,3,1,1,2,1,2,2,1,1,2
SF,IF2006,2020-04-09 09:34:01.900,3735.0000,39220,0,801931380.000,3,1,2,多换,S,3734.0000,3733.8000,3733.6000,3733.2000,3733.0000,3735.6000,3735.8000,3736.0000,3736.8000,3738.0000,1,1,2,1,4,1,2,1,1,2
SF,IF2006,2020-04-09 09:34:02.400,3735.0000,39220,0,801931380.000,0,-,-,-,-,3735.2000,3734.4000,3734.2000,3734.0000,3733.8000,3735.4000,3735.6000,3735.8000,3736.0000,3736.8000,4,2,5,2,1,2,2,2,1,1
SF,IF2006,2020-04-09 09:34:02.900,3735.2000,39216,-4,806413620.000,4,0,4,双平,S,3734.4000,3734.2000,3734.0000,3733.8000,3733.6000,3735.2000,3735.4000,3735.6000,3735.8000,3736.0000,2,3,1,1,2,1,1,1,1,1
SF,IF2006,2020-04-09 09:34:03.400,3735.2000,39216,0,806413620.000,0,-,-,-,-,3734.4000,3734.2000,3734.0000,3733.8000,3733.6000,3735.2000,3735.4000,3735.8000,3736.0000,3736.8000,3,3,1,1,1,3,1,1,1,1
SF,IF2006,2020-04-09 09:34:03.900,3735.2000,39216,0,806413620.000,0,-,-,-,-,3734.4000,3734.2000,3734.0000,3733.8000,3733.6000,3735.0000,3735.2000,3735.4000,3735.8000,3736.0000,1,3,1,1,1,2,1,1,1,1
SF,IF2006,2020-04-09 09:34:04.900,3735.2000,39216,0,806413620.000,0,-,-,-,-,3734.4000,3734.2000,3734.0000,3733.8000,3733.6000,3735.0000,3735.2000,3735.4000,3735.8000,3736.0000,1,3,1,1,1,2,1,1,1,1
SF,IF2006,2020-04-09 09:34:05.400,3735.0000,39214,-2,809774760.000,3,0,3,多平,S,3734.2000,3734.0000,3733.8000,3733.6000,3733.2000,3735.0000,3735.2000,3735.4000,3735.8000,3736.0000,3,1,1,1,1,1,1,1,1,1
SF,IF2006,2020-04-09 09:34:05.900,3734.4000,39213,-1,810895080.000,1,0,1,双平,S,3734.4000,3734.2000,3734.0000,3733.8000,3733.6000,3734.8000,3735.2000,3735.4000,3735.8000,3736.0000,1,1,1,1,1,1,1,1,1,1
SF,IF2006,2020-04-09 09:34:06.400,3734.2000,39211,-2,813135660.000,2,0,2,双平,S,3734.0000,3733.8000,3733.6000,3733.2000,3733.0000,3734.4000,3734.6000,3735.2000,3735.4000,3735.8000,1,1,1,1,4,1,1,1,1,1
SF,IF2006,2020-04-09 09:34:06.900,3734.2000,39211,0,813135660.000,0,-,-,-,-,3734.0000,3733.8000,3733.6000,3733.2000,3733.0000,3735.2000,3735.4000,3735.8000,3736.0000,3736.8000,1,1,1,1,4,1,1,1,1,1
SF,IF2006,2020-04-09 09:34:07.400,3734.2000,39211,0,813135660.000,0,-,-,-,-,3734.0000,3733.8000,3733.6000,3733.2000,3733.0000,3734.2000,3735.0000,3735.2000,3735.8000,3736.0000,1,1,1,1,4,1,3,1,1,1
SF,IF2006,2020-04-09 09:34:07.900,3734.2000,39210,-1,814255920.000,1,0,1,双平,S,3734.0000,3733.8000,3733.6000,3733.2000,3733.0000,3735.0000,3735.2000,3735.8000,3736.0000,3736.8000,1,1,1,1,4,2,1,1,1,1
SF,IF2006,2020-04-09 09:34:08.400,3734.2000,39210,0,814255920.000,0,-,-,-,-,3734.0000,3733.8000,3733.6000,3733.2000,3733.0000,3734.8000,3735.0000,3735.2000,3735.8000,3736.0000,2,1,1,1,4,1,2,1,1,2
SF,IF2006,2020-04-09 09:34:08.900,3734.2000,39210,0,814255920.000,0,-,-,-,-,3734.0000,3733.8000,3733.6000,3733.2000,3733.0000,3735.0000,3735.2000,3736.0000,3736.8000,3738.0000,2,1,1,1,4,2,1,2,1,2
SF,IF2006,2020-04-09 09:34:09.400,3734.0000,39208,-2,816496320.000,2,0,2,双平,S,3733.8000,3733.6000,3733.2000,3733.0000,3732.4000,3734.0000,3734.8000,3735.0000,3735.2000,3736.0000,1,1,1,4,2,2,1,2,1,2
SF,IF2006,2020-04-09 09:34:09.900,3734.0000,39207,-1,817616520.000,1,0,1,双平,S,3733.8000,3733.6000,3733.2000,3733.0000,3732.4000,3734.0000,3735.0000,3735.2000,3736.0000,3736.8000,1,1,1,4,2,1,2,1,2,1
SF,IF2006,2020-04-09 09:34:10.400,3733.8000,39206,-1,819856860.000,2,0,2,多平,S,3733.6000,3733.2000,3733.0000,3732.4000,3731.8000,3735.0000,3736.0000,3736.8000,3738.0000,3738.6000,1,1,4,2,1,2,2,1,2,2
SF,IF2006,2020-04-09 09:34:10.900,3733.8000,39206,0,819856860.000,0,-,-,-,-,3733.6000,3733.2000,3733.0000,3732.4000,3731.8000,3734.8000,3735.0000,3736.0000,3736.8000,3738.0000,1,1,4,2,3,3,2,2,1,2
SF,IF2006,2020-04-09 09:34:11.400,3733.6000,39205,-1,820976940.000,1,0,1,双平,S,3733.2000,3733.0000,3732.4000,3731.8000,3731.0000,3734.6000,3734.8000,3735.0000,3736.0000,3736.8000,1,4,2,3,31,3,1,1,2,1
SF,IF2006,2020-04-09 09:34:11.900,3733.6000,39205,0,820976940.000,0,-,-,-,-,3734.0000,3733.2000,3733.0000,3732.4000,3731.8000,3734.4000,3734.6000,3735.0000,3736.0000,3736.8000,1,1,4,2,4,4,1,1,2,1
SF,IF2006,2020-04-09 09:34:12.400,3734.0000,39204,-1,822097140.000,1,0,1,双平,S,3733.2000,3733.0000,3732.4000,3731.8000,3731.0000,3734.0000,3734.4000,3734.6000,3735.0000,3736.0000,1,4,2,4,31,3,3,1,1,2
SF,IF2006,2020-04-09 09:34:12.900,3734.0000,39204,0,822097140.000,0,-,-,-,-,3733.2000,3733.0000,3732.4000,3731.8000,3731.0000,3733.8000,3734.6000,3735.0000,3736.0000,3736.8000,1,4,2,4,31,2,1,1,2,1
SF,IF2006,2020-04-09 09:34:13.400,3733.8000,39202,-2,824337420.000,2,0,2,双平,S,3734.0000,3733.4000,3733.2000,3733.0000,3732.4000,3735.0000,3736.0000,3736.8000,3738.0000,3738.6000,1,1,1,4,2,1,2,1,2,1
SF,IF2006,2020-04-09 09:34:13.900,3734.0000,39202,0,826577820.000,2,1,1,多换,S,3734.0000,3733.4000,3733.2000,3733.0000,3732.4000,3734.8000,3735.0000,3736.0000,3736.8000,3738.0000,1,1,1,4,2,2,1,2,1,2
SF,IF2006,2020-04-09 09:34:14.400,3734.0000,39201,-1,827698020.000,1,0,1,双平,S,3733.2000,3733.0000,3732.4000,3731.8000,3731.0000,3734.0000,3734.4000,3734.6000,3734.8000,3735.0000,1,4,2,4,31,1,1,4,3,1
SF,IF2006,2020-04-09 09:34:14.900,3734.0000,39201,0,827698020.000,0,-,-,-,-,3733.2000,3733.0000,3732.4000,3731.8000,3731.0000,3734.0000,3734.6000,3734.8000,3735.0000,3736.0000,1,4,2,4,31,1,1,1,1,2
SF,IF2006,2020-04-09 09:34:15.400,3734.0000,39201,0,827698020.000,0,-,-,-,-,3733.4000,3733.2000,3733.0000,3732.4000,3731.8000,3734.6000,3734.8000,3735.0000,3736.0000,3736.8000,1,2,4,2,4,1,1,1,2,1
SF,IF2006,2020-04-09 09:34:15.900,3734.0000,39201,0,827698020.000,0,-,-,-,-,3733.6000,3733.4000,3733.2000,3733.0000,3732.4000,3734.4000,3734.6000,3735.0000,3736.0000,3736.8000,1,2,1,4,2,2,1,1,2,1
SF,IF2006,2020-04-09 09:34:16.400,3733.6000,39200,-1,828818100.000,1,0,1,双平,S,3733.4000,3733.2000,3733.0000,3732.4000,3731.8000,3734.4000,3734.6000,3735.0000,3736.0000,3736.8000,2,1,4,2,4,2,1,1,2,1
SF,IF2006,2020-04-09 09:34:16.900,3733.4000,39200,0,829938120.000,1,0,1,多换,S,3734.0000,3733.4000,3733.2000,3733.0000,3732.4000,3734.4000,3734.6000,3735.0000,3736.0000,3736.8000,3,1,1,4,2,2,1,1,2,1
SF,IF2006,2020-04-09 09:34:17.400,3734.0000,39200,0,831058320.000,1,0,1,多换,S,3734.0000,3733.4000,3733.2000,3733.0000,3732.4000,3734.4000,3735.0000,3736.0000,3736.8000,3738.0000,2,1,1,4,2,1,1,2,1,2
SF,IF2006,2020-04-09 09:34:17.900,3734.0000,39200,0,832178520.000,1,0,1,多换,S,3734.0000,3733.4000,3733.2000,3733.0000,3732.4000,3734.8000,3735.0000,3735.6000,3736.0000,3736.8000,1,1,1,4,2,1,1,1,2,1
SF,IF2006,2020-04-09 09:34:18.400,3734.0000,39200,0,832178520.000,0,-,-,-,-,3734.0000,3733.2000,3733.0000,3732.4000,3731.8000,3734.8000,3735.0000,3735.6000,3736.0000,3736.8000,2,1,4,2,4,1,1,1,2,1
SF,IF2006,2020-04-09 09:34:18.900,3734.0000,39200,0,832178520.000,0,-,-,-,-,3734.0000,3733.4000,3733.2000,3733.0000,3732.4000,3734.6000,3734.8000,3735.0000,3735.6000,3736.0000,2,1,1,4,2,2,2,1,1,2
SF,IF2006,2020-04-09 09:34:19.400,3734.0000,39200,0,833298720.000,1,0,1,多换,S,3734.0000,3733.2000,3733.0000,3732.4000,3731.8000,3734.4000,3734.6000,3734.8000,3735.0000,3735.6000,1,1,4,2,4,1,2,1,1,1
SF,IF2006,2020-04-09 09:34:19.900,3734.0000,39199,-1,834418920.000,1,0,1,双平,S,3733.2000,3733.0000,3732.4000,3731.8000,3731.0000,3734.4000,3734.6000,3734.8000,3735.0000,3735.6000,1,4,2,4,31,1,1,1,1,1
SF,IF2006,2020-04-09 09:34:20.400,3734.0000,39199,0,834418920.000,0,-,-,-,-,3733.4000,3733.2000,3733.0000,3732.4000,3731.8000,3734.2000,3734.4000,3734.8000,3735.0000,3735.6000,2,1,4,2,4,1,1,1,1,1
SF,IF2006,2020-04-09 09:34:20.900,3734.0000,39199,0,834418920.000,0,-,-,-,-,3733.2000,3733.0000,3732.4000,3731.8000,3731.0000,3734.2000,3734.8000,3735.0000,3735.6000,3736.0000,1,4,2,4,31,2,1,1,1,1
SF,IF2006,2020-04-09 09:34:21.400,3734.0000,39199,0,834418920.000,0,-,-,-,-,3733.2000,3733.0000,3732.4000,3731.8000,3731.0000,3734.0000,3734.2000,3734.8000,3735.0000,3735.6000,1,4,2,4,31,1,2,1,1,1
SF,IF2006,2020-04-09 09:34:21.900,3734.0000,39199,0,834418920.000,0,-,-,-,-,3733.2000,3733.0000,3732.4000,3731.8000,3731.0000,3734.0000,3734.2000,3734.8000,3735.0000,3735.6000,1,4,2,4,31,2,1,1,1,1
SF,IF2006,2020-04-09 09:34:22.400,3734.0000,39199,0,834418920.000,0,-,-,-,-,3733.2000,3733.0000,3732.4000,3731.8000,3731.0000,3733.4000,3734.0000,3734.2000,3734.8000,3735.0000,1,4,2,4,31,1,2,1,1,1
SF,IF2006,2020-04-09 09:34:22.900,3733.4000,39198,-1,835538940.000,1,0,1,双平,S,3733.4000,3733.2000,3733.0000,3732.4000,3731.8000,3734.0000,3734.2000,3734.8000,3735.0000,3735.6000,2,1,4,2,2,2,1,1,1,1
SF,IF2006,2020-04-09 09:34:23.400,3734.0000,39197,-1,836659140.000,1,0,1,双平,S,3734.0000,3733.6000,3733.2000,3733.0000,3732.4000,3734.8000,3735.0000,3735.6000,3736.0000,3736.8000,1,3,1,4,2,1,1,1,1,1
SF,IF2006,2020-04-09 09:34:23.900,3734.0000,39197,0,836659140.000,0,-,-,-,-,3734.0000,3733.6000,3733.4000,3733.2000,3733.0000,3734.8000,3735.0000,3735.6000,3736.0000,3736.8000,3,2,1,1,4,1,1,1,1,1
SF,IF2006,2020-04-09 09:34:24.900,3734.2000,39195,-2,838899840.000,2,0,2,双平,S,3734.2000,3734.0000,3733.6000,3733.4000,3733.2000,3735.6000,3736.0000,3736.8000,3738.0000,3738.6000,2,3,2,1,1,1,1,1,2,1
SF,IF2006,2020-04-09 09:34:25.400,3734.2000,39195,0,838899840.000,0,-,-,-,-,3734.4000,3734.2000,3734.0000,3733.6000,3733.4000,3735.4000,3735.6000,3736.0000,3736.8000,3738.0000,1,1,3,1,1,2,1,1,1,2
SF,IF2006,2020-04-09 09:34:25.900,3734.2000,39195,0,838899840.000,0,-,-,-,-,3734.2000,3734.0000,3733.6000,3733.4000,3733.2000,3735.4000,3735.6000,3736.0000,3736.8000,3738.0000,1,3,1,1,1,2,1,1,1,2
SF,IF2006,2020-04-09 09:34:26.400,3734.2000,39195,0,838899840.000,0,-,-,-,-,3734.2000,3734.0000,3733.6000,3733.4000,3733.2000,3735.2000,3735.4000,3735.6000,3736.0000,3736.8000,1,3,1,1,1,1,2,1,1,1
SF,IF2006,2020-04-09 09:34:26.900,3734.2000,39195,0,838899840.000,0,-,-,-,-,3734.0000,3733.6000,3733.4000,3733.2000,3733.0000,3735.0000,3735.2000,3735.6000,3736.0000,3736.8000,2,1,1,1,4,2,1,1,1,1
SF,IF2006,2020-04-09 09:34:27.400,3734.0000,39196,1,840020040.000,1,1,0,双开,S,3733.6000,3733.4000,3733.2000,3733.0000,3732.4000,3734.4000,3734.8000,3735.0000,3735.2000,3735.6000,1,1,1,4,2,1,1,2,1,1
SF,IF2006,2020-04-09 09:34:27.900,3734.0000,39196,0,840020040.000,0,-,-,-,-,3733.8000,3733.6000,3733.4000,3733.2000,3733.0000,3734.4000,3735.0000,3735.6000,3736.0000,3736.8000,1,1,1,1,4,2,1,1,1,1
SF,IF2006,2020-04-09 09:34:28.400,3734.4000,39195,-1,841140360.000,1,0,1,双平,S,3733.8000,3733.6000,3733.4000,3733.2000,3733.0000,3734.4000,3735.0000,3735.6000,3736.0000,3736.8000,2,1,1,1,4,1,1,1,1,1
SF,IF2006,2020-04-09 09:34:28.900,3734.4000,39195,0,841140360.000,0,-,-,-,-,3733.8000,3733.6000,3733.4000,3733.2000,3733.0000,3734.4000,3735.0000,3735.6000,3736.0000,3736.8000,2,1,1,1,4,1,1,1,1,1
SF,IF2006,2020-04-09 09:34:29.400,3734.4000,39195,0,841140360.000,0,-,-,-,-,3734.2000,3733.8000,3733.6000,3733.4000,3733.2000,3735.0000,3735.6000,3736.0000,3736.8000,3738.0000,2,3,1,1,1,1,1,1,1,2
SF,IF2006,2020-04-09 09:34:29.900,3734.2000,39195,0,842260620.000,1,0,1,多换,S,3734.2000,3733.8000,3733.6000,3733.4000,3733.2000,3735.0000,3735.6000,3736.0000,3736.8000,3738.0000,1,3,1,1,1,1,2,1,1,2
