市场代码,合约代码,时间,最新,持仓,增仓,成交额,成交量,开仓,平仓,成交类型,方向,买一价,买二价,买三价,买四价,买五价,卖一价,卖二价,卖三价,卖四价,卖五价,买一量,买二量,买三量,买四量,买五量,卖一量,卖二量,卖三量,卖四量,卖五量
SF,IF2006,2019-12-26 09:29:00.100,4010.2000,11718,0,0.000,0.000,-,-,-,-,4003.0000,4002.8000,4002.6000,4002.4000,4002.2000,4009.0000,4010.2000,4012.0000,4012.8000,4014.8000,3,2,2,2,2,1,1,1,1,1
SF,IF2006,2019-12-26 09:30:00.100,4012.0000,11716,-2,3609720.000,3,0,3,多平,S,4005.2000,4004.4000,4004.0000,4003.2000,4003.0000,4012.8000,4014.8000,4015.6000,4018.0000,4020.2000,2,1,2,2,3,1,1,1,3,1
SF,IF2006,2019-12-26 09:30:00.600,4012.0000,11716,0,3609720.000,0,-,-,-,-,4009.0000,4005.4000,4005.2000,4005.0000,4004.4000,4012.0000,4012.4000,4012.6000,4012.8000,4014.8000,1,4,2,1,1,1,1,1,2,1
SF,IF2006,2019-12-26 09:30:01.100,4012.0000,11716,0,3609720.000,0,-,-,-,-,4009.2000,4009.0000,4005.4000,4005.2000,4005.0000,4012.0000,4012.4000,4012.8000,4015.6000,4023.8000,2,1,2,2,1,1,1,2,1,1
SF,IF2006,2019-12-26 09:30:01.600,4012.0000,11716,0,3609720.000,0,-,-,-,-,4009.2000,4009.0000,4007.6000,4005.4000,4005.2000,4011.8000,4012.0000,4012.4000,4012.8000,4015.6000,2,1,1,1,2,1,1,1,2,1
SF,IF2006,2019-12-26 09:30:02.100,4012.0000,11716,0,3609720.000,0,-,-,-,-,4009.2000,4009.0000,4007.6000,4005.4000,4005.2000,4011.6000,4011.8000,4012.0000,4012.4000,4012.8000,1,1,1,1,1,1,1,1,1,2
SF,IF2006,2019-12-26 09:30:02.600,4012.0000,11716,0,3609720.000,0,-,-,-,-,4009.6000,4009.2000,4009.0000,4005.4000,4005.2000,4011.4000,4011.6000,4012.0000,4012.4000,4012.8000,1,1,1,1,1,1,1,1,1,2
SF,IF2006,2019-12-26 09:30:03.100,4012.0000,11716,0,3609720.000,0,-,-,-,-,4009.8000,4009.6000,4009.2000,4009.0000,4005.4000,4011.2000,4011.4000,4012.0000,4012.4000,4012.8000,2,1,1,1,1,1,1,1,1,2
SF,IF2006,2019-12-26 09:30:03.600,4012.0000,11716,0,3609720.000,0,-,-,-,-,4009.8000,4009.6000,4009.2000,4005.4000,4005.2000,4011.2000,4011.4000,4012.0000,4012.4000,4012.8000,1,1,1,1,1,1,1,1,1,2
SF,IF2006,2019-12-26 09:30:04.100,4012.0000,11716,0,3609720.000,0,-,-,-,-,4009.2000,4005.4000,4005.2000,4005.0000,4004.4000,4011.0000,4011.2000,4012.0000,4012.4000,4012.8000,1,1,1,6,1,1,1,1,1,2
SF,IF2006,2019-12-26 09:30:04.600,4012.0000,11716,0,3609720.000,0,-,-,-,-,4009.4000,4009.2000,4005.4000,4005.2000,4005.0000,4010.8000,4011.0000,4012.0000,4012.4000,4012.8000,2,1,1,1,6,1,1,1,1,2
SF,IF2006,2019-12-26 09:30:05.100,4012.0000,11716,0,3609720.000,0,-,-,-,-,4010.0000,4009.4000,4009.2000,4005.4000,4005.2000,4010.6000,4010.8000,4012.0000,4012.4000,4012.8000,1,1,1,1,1,1,1,1,1,2
SF,IF2006,2019-12-26 09:30:05.600,4010.0000,11716,0,4812720.000,1,0,1,多换,S,4009.4000,4009.2000,4005.4000,4005.2000,4005.0000,4010.4000,4012.0000,4012.4000,4012.8000,4015.6000,1,1,1,1,6,1,1,1,2,1
SF,IF2006,2019-12-26 09:30:06.100,4010.0000,11716,0,4812720.000,0,-,-,-,-,4009.6000,4009.4000,4009.2000,4005.4000,4005.2000,4010.4000,4012.0000,4012.4000,4012.8000,4015.6000,1,1,1,1,1,1,1,1,2,1
SF,IF2006,2019-12-26 09:30:06.600,4010.0000,11716,0,4812720.000,0,-,-,-,-,4009.6000,4009.4000,4009.2000,4005.4000,4005.2000,4010.4000,4012.0000,4012.4000,4012.8000,4015.6000,1,1,1,1,1,1,1,1,2,1
SF,IF2006,2019-12-26 09:30:07.100,4010.0000,11716,0,4812720.000,0,-,-,-,-,4009.4000,4009.2000,4005.4000,4005.2000,4005.0000,4010.4000,4012.0000,4012.4000,4012.8000,4015.6000,1,1,1,1,6,1,1,1,2,1
SF,IF2006,2019-12-26 09:30:07.600,4010.0000,11716,0,4812720.000,0,-,-,-,-,4009.6000,4009.4000,4009.2000,4005.4000,4005.2000,4010.4000,4012.0000,4012.4000,4012.8000,4015.6000,1,1,1,1,1,1,1,1,2,1
SF,IF2006,2019-12-26 09:30:08.600,4010.0000,11716,0,4812720.000,0,-,-,-,-,4009.2000,4005.4000,4005.2000,4005.0000,4004.4000,4010.4000,4012.0000,4012.4000,4012.8000,4015.6000,1,1,1,6,1,1,1,1,2,1
SF,IF2006,2019-12-26 09:30:09.100,4010.0000,11716,0,4812720.000,0,-,-,-,-,4009.2000,4005.4000,4005.2000,4005.0000,4004.4000,4010.4000,4012.0000,4012.8000,4015.6000,4023.8000,1,1,1,6,1,1,1,2,1,1
SF,IF2006,2019-12-26 09:30:09.600,4010.0000,11716,0,4812720.000,0,-,-,-,-,4009.2000,4005.4000,4005.2000,4005.0000,4004.4000,4010.2000,4010.4000,4012.0000,4012.8000,4015.6000,1,1,1,6,1,1,1,1,2,1
SF,IF2006,2019-12-26 09:30:10.100,4010.0000,11716,0,4812720.000,0,-,-,-,-,4009.4000,4009.2000,4005.4000,4005.2000,4005.0000,4010.0000,4010.2000,4012.0000,4012.8000,4015.6000,1,1,1,1,6,1,1,1,2,1
SF,IF2006,2019-12-26 09:30:10.600,4010.0000,11716,0,4812720.000,0,-,-,-,-,4005.4000,4005.2000,4005.0000,4004.4000,4003.0000,4010.0000,4010.2000,4012.0000,4012.8000,4015.6000,1,1,6,1,2,1,1,1,2,1
SF,IF2006,2019-12-26 09:30:11.100,4010.0000,11717,1,7218720.000,2,1,1,空开,S,4005.6000,4005.4000,4005.2000,4005.0000,4004.4000,4012.0000,4012.8000,4015.6000,4023.8000,4024.2000,4,1,1,6,1,1,2,1,1,1
SF,IF2006,2019-12-26 09:30:11.600,4010.0000,11717,0,7218720.000,0,-,-,-,-,4006.4000,4005.6000,4005.4000,4005.2000,4005.0000,4009.4000,4011.2000,4011.8000,4012.0000,4012.8000,2,4,1,1,6,1,1,2,1,2
SF,IF2006,2019-12-26 09:30:12.100,4011.2000,11714,-3,10826880.000,3,0,3,双平,S,4006.6000,4006.4000,4005.6000,4005.4000,4005.2000,4011.8000,4012.0000,4012.8000,4015.6000,4023.8000,4,2,2,1,1,2,1,2,1,1
SF,IF2006,2019-12-26 09:30:12.600,4011.2000,11714,0,10826880.000,0,-,-,-,-,4006.6000,4006.4000,4005.6000,4005.4000,4005.2000,4011.8000,4012.0000,4012.8000,4015.6000,4023.8000,4,2,1,1,1,2,1,2,1,1
SF,IF2006,2019-12-26 09:30:13.100,4011.2000,11714,0,10826880.000,0,-,-,-,-,4007.4000,4006.8000,4006.6000,4005.6000,4005.4000,4010.4000,4011.0000,4011.4000,4011.8000,4012.0000,1,1,3,1,1,1,1,1,2,1
SF,IF2006,2019-12-26 09:30:13.600,4011.2000,11714,0,10826880.000,0,-,-,-,-,4007.6000,4007.4000,4006.8000,4006.6000,4005.6000,4010.2000,4010.4000,4011.0000,4011.4000,4012.0000,4,1,1,1,1,1,1,1,1,1
SF,IF2006,2019-12-26 09:30:14.100,4011.2000,11714,0,10826880.000,0,-,-,-,-,4008.6000,4007.6000,4007.4000,4006.8000,4006.6000,4010.2000,4010.4000,4011.0000,4011.4000,4012.0000,1,4,1,1,1,1,1,1,1,1
SF,IF2006,2019-12-26 09:30:14.600,4011.2000,11714,0,10826880.000,0,-,-,-,-,4008.8000,4008.6000,4008.0000,4007.8000,4007.6000,4010.4000,4011.4000,4012.0000,4012.8000,4015.6000,3,1,1,1,2,1,1,1,2,1
SF,IF2006,2019-12-26 09:30:15.100,4011.2000,11714,0,10826880.000,0,-,-,-,-,4008.8000,4008.0000,4007.8000,4007.6000,4006.6000,4010.4000,4010.6000,4011.4000,4012.0000,4012.8000,4,1,1,2,1,1,1,1,1,1
SF,IF2006,2019-12-26 09:30:15.600,4011.2000,11714,0,10826880.000,0,-,-,-,-,4008.8000,4008.0000,4007.8000,4007.6000,4006.6000,4010.4000,4011.4000,4012.0000,4012.8000,4015.6000,4,1,1,1,1,1,1,1,1,1
SF,IF2006,2019-12-26 09:30:16.100,4011.2000,11714,0,10826880.000,0,-,-,-,-,4008.8000,4008.0000,4007.6000,4006.6000,4005.6000,4010.4000,4011.4000,4012.0000,4012.8000,4015.6000,3,1,1,1,1,1,1,1,1,1
SF,IF2006,2019-12-26 09:30:16.600,4011.2000,11714,0,10826880.000,0,-,-,-,-,4009.0000,4008.8000,4008.0000,4007.6000,4006.6000,4010.4000,4010.6000,4011.4000,4012.0000,4012.8000,1,3,1,1,1,1,1,1,1,1
SF,IF2006,2019-12-26 09:30:17.100,4010.4000,11714,0,12030000.000,1,0,1,多换,S,4009.2000,4009.0000,4008.8000,4008.0000,4007.6000,4010.6000,4011.4000,4012.0000,4012.8000,4015.6000,2,2,2,1,1,1,1,1,1,1
SF,IF2006,2019-12-26 09:30:17.600,4010.4000,11714,0,12030000.000,0,-,-,-,-,4009.4000,4009.2000,4009.0000,4008.8000,4008.0000,4010.6000,4011.4000,4012.0000,4012.8000,4015.6000,1,2,2,2,1,1,1,3,1,1
SF,IF2006,2019-12-26 09:30:18.100,4009.6000,11713,-1,13232880.000,1,0,1,双平,S,4009.4000,4009.2000,4009.0000,4008.8000,4008.0000,4010.6000,4011.4000,4012.0000,4012.8000,4015.6000,2,1,1,2,1,1,1,3,1,1
SF,IF2006,2019-12-26 09:30:18.600,4010.6000,11712,-1,14436060.000,1,0,1,双平,S,4009.6000,4009.4000,4009.2000,4009.0000,4008.8000,4011.4000,4012.0000,4012.8000,4015.6000,4020.0000,1,2,1,1,1,1,3,1,1,1
SF,IF2006,2019-12-26 09:30:19.100,4010.6000,11712,0,14436060.000,0,-,-,-,-,4009.8000,4009.6000,4009.4000,4009.2000,4009.0000,4011.0000,4011.2000,4011.4000,4012.0000,4012.8000,2,1,1,2,1,1,1,1,3,1
SF,IF2006,2019-12-26 09:30:19.600,4010.6000,11712,0,14436060.000,0,-,-,-,-,4009.8000,4009.6000,4009.4000,4009.2000,4009.0000,4011.0000,4011.2000,4011.4000,4012.0000,4012.8000,2,1,1,2,1,1,1,1,1,1
SF,IF2006,2019-12-26 09:30:20.100,4010.6000,11712,0,14436060.000,0,-,-,-,-,4009.8000,4009.6000,4009.4000,4009.2000,4009.0000,4011.0000,4011.2000,4012.0000,4012.8000,4015.6000,2,1,1,2,1,1,1,1,1,1
SF,IF2006,2019-12-26 09:30:20.600,4010.6000,11712,0,14436060.000,0,-,-,-,-,4009.8000,4009.4000,4009.2000,4008.8000,4008.0000,4010.8000,4011.0000,4012.0000,4012.8000,4015.6000,2,1,1,1,1,2,1,1,1,1
SF,IF2006,2019-12-26 09:30:21.100,4010.6000,11712,0,14436060.000,0,-,-,-,-,4009.8000,4009.4000,4009.2000,4008.8000,4008.0000,4010.8000,4011.0000,4012.0000,4012.8000,4015.6000,1,1,1,1,1,2,1,1,1,1
SF,IF2006,2019-12-26 09:30:22.100,4009.8000,11711,-1,15639000.000,1,0,1,双平,S,4009.4000,4009.2000,4008.8000,4008.0000,4007.6000,4009.8000,4010.8000,4011.0000,4012.0000,4012.8000,1,1,1,1,1,1,2,1,1,1
SF,IF2006,2019-12-26 09:30:22.600,4009.8000,11710,-1,16841940.000,1,0,1,双平,S,4009.4000,4009.2000,4008.8000,4008.0000,4007.6000,4010.8000,4011.0000,4012.0000,4015.6000,4016.6000,1,1,1,1,1,2,1,1,1,2
SF,IF2006,2019-12-26 09:30:23.100,4009.8000,11710,0,16841940.000,0,-,-,-,-,4009.4000,4009.2000,4008.8000,4008.0000,4007.6000,4010.8000,4012.0000,4015.6000,4016.6000,4018.0000,1,1,1,1,1,2,1,1,2,1
SF,IF2006,2019-12-26 09:30:23.600,4009.8000,11710,0,16841940.000,0,-,-,-,-,4009.6000,4009.4000,4009.2000,4008.8000,4008.0000,4010.8000,4011.0000,4012.0000,4015.6000,4016.6000,1,1,1,1,1,1,1,1,1,2
SF,IF2006,2019-12-26 09:30:24.100,4009.8000,11710,0,16841940.000,0,-,-,-,-,4009.2000,4008.8000,4008.0000,4007.6000,4006.6000,4010.6000,4010.8000,4011.0000,4012.0000,4015.6000,1,1,1,1,1,2,1,1,1,1
SF,IF2006,2019-12-26 09:30:24.600,4009.8000,11710,0,16841940.000,0,-,-,-,-,4009.2000,4008.8000,4008.0000,4007.6000,4006.6000,4010.6000,4010.8000,4011.0000,4012.0000,4016.6000,1,1,1,1,1,2,1,1,1,2
SF,IF2006,2019-12-26 09:30:25.100,4009.8000,11710,0,16841940.000,0,-,-,-,-,4009.2000,4008.8000,4008.0000,4007.6000,4006.6000,4010.4000,4010.6000,4011.0000,4012.0000,4016.6000,1,1,1,1,1,1,2,1,1,2
SF,IF2006,2019-12-26 09:30:25.600,4009.8000,11710,0,16841940.000,0,-,-,-,-,4009.2000,4008.8000,4008.0000,4007.6000,4006.6000,4010.4000,4010.6000,4011.0000,4012.0000,4016.6000,1,1,1,1,1,1,1,1,1,2
SF,IF2006,2019-12-26 09:30:26.600,4009.8000,11710,0,16841940.000,0,-,-,-,-,4009.2000,4008.8000,4008.0000,4007.6000,4006.6000,4010.4000,4010.6000,4011.0000,4012.0000,4018.0000,1,1,1,1,1,1,1,1,1,1
SF,IF2006,2019-12-26 09:30:27.100,4009.8000,11710,0,16841940.000,0,-,-,-,-,4009.4000,4009.2000,4008.8000,4008.0000,4007.6000,4010.4000,4010.6000,4011.0000,4011.8000,4012.0000,1,1,1,1,1,1,1,1,1,1
SF,IF2006,2019-12-26 09:30:28.600,4009.2000,11708,-2,19247520.000,2,0,2,双平,S,4008.8000,4008.0000,4007.6000,4006.6000,4005.6000,4010.4000,4010.6000,4011.0000,4011.8000,4012.0000,1,1,1,1,1,1,1,1,1,1
SF,IF2006,2019-12-26 09:30:29.100,4009.2000,11708,0,19247520.000,0,-,-,-,-,4008.8000,4008.0000,4007.6000,4006.6000,4005.6000,4010.2000,4010.4000,4011.0000,4011.8000,4012.0000,1,1,1,1,1,2,1,1,1,1
SF,IF2006,2019-12-26 09:30:29.600,4009.2000,11708,0,19247520.000,0,-,-,-,-,4009.0000,4008.8000,4008.0000,4007.6000,4006.6000,4010.2000,4010.4000,4011.0000,4011.8000,4012.0000,1,1,1,1,1,2,1,1,1,1
SF,IF2006,2019-12-26 09:30:30.100,4009.2000,11708,0,19247520.000,0,-,-,-,-,4009.0000,4008.8000,4008.0000,4007.6000,4006.6000,4010.2000,4010.4000,4011.0000,4011.8000,4012.0000,1,1,1,1,1,2,1,1,1,1
SF,IF2006,2019-12-26 09:30:30.600,4009.2000,11708,0,19247520.000,0,-,-,-,-,4008.0000,4007.6000,4006.6000,4005.6000,4005.4000,4010.2000,4010.4000,4011.0000,4011.8000,4012.0000,1,1,1,1,1,1,1,1,1,1
SF,IF2006,2019-12-26 09:30:31.100,4009.2000,11708,0,19247520.000,0,-,-,-,-,4008.4000,4008.2000,4008.0000,4007.6000,4006.6000,4010.0000,4010.2000,4011.0000,4011.8000,4012.0000,1,3,1,1,1,1,1,1,1,1
SF,IF2006,2019-12-26 09:30:31.600,4009.2000,11708,0,19247520.000,0,-,-,-,-,4008.6000,4008.4000,4008.2000,4008.0000,4007.6000,4009.8000,4010.0000,4011.0000,4011.8000,4012.0000,2,1,3,1,1,1,1,1,1,1
SF,IF2006,2019-12-26 09:30:32.100,4009.2000,11708,0,19247520.000,0,-,-,-,-,4008.6000,4008.4000,4008.2000,4008.0000,4007.6000,4009.8000,4010.0000,4011.0000,4011.8000,4012.0000,2,1,2,1,1,1,1,1,1,1
SF,IF2006,2019-12-26 09:30:33.100,4009.2000,11708,0,19247520.000,0,-,-,-,-,4008.8000,4008.6000,4008.4000,4008.2000,4007.6000,4009.8000,4010.0000,4011.0000,4011.8000,4012.0000,1,2,1,2,1,1,1,1,1,1
SF,IF2006,2019-12-26 09:30:33.600,4009.2000,11708,0,19247520.000,0,-,-,-,-,4009.0000,4008.8000,4008.6000,4008.4000,4008.2000,4009.8000,4010.0000,4011.8000,4012.0000,4013.8000,2,1,1,1,2,1,1,1,1,1
SF,IF2006,2019-12-26 09:30:34.100,4009.2000,11708,0,19247520.000,0,-,-,-,-,4009.0000,4008.8000,4008.6000,4008.4000,4008.2000,4009.8000,4010.0000,4011.8000,4012.0000,4013.8000,1,1,1,1,1,1,1,1,1,1
SF,IF2006,2019-12-26 09:30:36.100,4009.2000,11708,0,19247520.000,0,-,-,-,-,4009.2000,4009.0000,4008.6000,4008.4000,4008.2000,4009.8000,4010.0000,4011.8000,4012.0000,4013.8000,1,1,1,1,1,1,1,1,1,1
SF,IF2006,2019-12-26 09:30:36.600,4009.8000,11707,-1,20450460.000,1,0,1,双平,S,4009.0000,4008.6000,4008.4000,4008.2000,4007.6000,4010.0000,4011.8000,4012.0000,4013.8000,4018.0000,1,1,1,1,1,1,1,1,1,1
SF,IF2006,2019-12-26 09:30:37.100,4009.8000,11707,0,20450460.000,0,-,-,-,-,4009.2000,4009.0000,4008.6000,4008.4000,4008.2000,4011.8000,4012.0000,4013.8000,4018.0000,4020.0000,1,1,1,1,1,1,1,1,1,1
SF,IF2006,2019-12-26 09:30:37.600,4009.8000,11707,0,20450460.000,0,-,-,-,-,4009.4000,4009.2000,4009.0000,4008.6000,4008.4000,4011.0000,4011.6000,4011.8000,4012.0000,4013.8000,2,1,1,1,1,1,2,1,1,1
SF,IF2006,2019-12-26 09:30:38.100,4009.8000,11707,0,20450460.000,0,-,-,-,-,4009.6000,4009.4000,4008.6000,4008.4000,4008.2000,4011.6000,4011.8000,4012.0000,4013.8000,4018.0000,1,3,1,1,1,2,1,1,1,1
SF,IF2006,2019-12-26 09:30:38.600,4009.8000,11707,0,20450460.000,0,-,-,-,-,4009.8000,4009.6000,4009.4000,4008.6000,4008.4000,4010.6000,4011.6000,4011.8000,4012.0000,4013.8000,2,1,2,1,1,1,2,1,1,1
SF,IF2006,2019-12-26 09:30:39.100,4010.6000,11706,-1,21653640.000,1,0,1,双平,S,4009.8000,4009.6000,4009.4000,4008.6000,4008.4000,4011.6000,4011.8000,4012.0000,4013.8000,4018.0000,2,1,2,1,1,2,1,1,1,1
SF,IF2006,2019-12-26 09:30:39.600,4010.6000,11706,0,21653640.000,0,-,-,-,-,4009.8000,4009.6000,4009.4000,4008.6000,4008.4000,4011.4000,4011.6000,4011.8000,4012.0000,4013.8000,2,1,1,1,1,1,2,1,1,1
SF,IF2006,2019-12-26 09:30:40.100,4010.6000,11706,0,21653640.000,0,-,-,-,-,4010.0000,4009.8000,4009.4000,4008.6000,4008.4000,4011.2000,4011.4000,4011.6000,4011.8000,4012.0000,2,1,1,1,1,1,1,1,1,1
SF,IF2006,2019-12-26 09:30:40.600,4010.6000,11706,0,21653640.000,0,-,-,-,-,4010.0000,4009.8000,4009.4000,4008.6000,4008.4000,4011.6000,4011.8000,4012.0000,4013.8000,4018.0000,2,1,1,1,1,1,1,1,1,1
SF,IF2006,2019-12-26 09:30:41.100,4010.6000,11706,0,21653640.000,0,-,-,-,-,4010.2000,4010.0000,4009.4000,4008.6000,4008.4000,4011.8000,4013.8000,4018.0000,4020.0000,4023.8000,2,2,1,1,1,1,1,1,1,1
SF,IF2006,2019-12-26 09:30:41.600,4010.4000,11705,-1,22856760.000,1,0,1,双平,S,4010.2000,4010.0000,4009.4000,4008.6000,4008.4000,4011.8000,4013.8000,4018.0000,4020.0000,4023.8000,2,1,1,1,1,1,1,1,1,1
SF,IF2006,2019-12-26 09:30:42.100,4010.4000,11705,0,22856760.000,0,-,-,-,-,4010.4000,4010.2000,4009.4000,4008.6000,4008.4000,4011.6000,4011.8000,4013.8000,4018.0000,4020.0000,3,1,1,1,1,1,1,1,1,1
SF,IF2006,2019-12-26 09:30:42.600,4010.4000,11705,0,22856760.000,0,-,-,-,-,4010.6000,4010.4000,4009.4000,4008.6000,4008.4000,4011.6000,4011.8000,4013.8000,4018.0000,4020.0000,1,2,1,1,1,1,1,1,1,1
SF,IF2006,2019-12-26 09:30:44.600,4010.4000,11705,0,22856760.000,0,-,-,-,-,4010.8000,4010.6000,4009.4000,4008.6000,4008.4000,4011.6000,4011.8000,4013.8000,4018.0000,4020.0000,1,1,1,1,1,1,1,1,1,1
SF,IF2006,2019-12-26 09:30:45.100,4010.4000,11705,0,22856760.000,0,-,-,-,-,4010.8000,4009.4000,4008.6000,4008.4000,4008.2000,4011.6000,4011.8000,4013.8000,4018.0000,4020.0000,1,1,1,1,1,1,1,1,1,1
SF,IF2006,2019-12-26 09:30:46.100,4010.4000,11705,0,22856760.000,0,-,-,-,-,4011.0000,4010.8000,4009.4000,4008.6000,4008.4000,4011.6000,4011.8000,4013.8000,4018.0000,4020.0000,1,1,1,1,1,1,1,1,1,1
SF,IF2006,2019-12-26 09:30:47.100,4011.6000,11704,-1,24060240.000,1,0,1,双平,S,4011.0000,4010.8000,4009.4000,4008.6000,4008.4000,4011.8000,4013.8000,4018.0000,4020.0000,4023.8000,1,1,1,1,1,1,1,1,1,1
SF,IF2006,2019-12-26 09:30:47.600,4011.8000,11703,-1,25263780.000,1,0,1,双平,S,4011.2000,4011.0000,4009.4000,4008.6000,4008.2000,4013.8000,4018.0000,4020.0000,4023.8000,4025.0000,1,1,1,1,1,1,1,1,1,3
SF,IF2006,2019-12-26 09:30:48.100,4011.8000,11703,0,25263780.000,0,-,-,-,-,4011.6000,4011.4000,4011.2000,4011.0000,4009.4000,4013.6000,4013.8000,4018.0000,4020.0000,4023.8000,7,1,1,1,1,3,1,1,1,1
SF,IF2006,2019-12-26 09:30:48.600,4011.8000,11703,0,25263780.000,0,-,-,-,-,4011.8000,4011.6000,4011.4000,4011.0000,4009.4000,4013.6000,4013.8000,4018.0000,4020.0000,4023.8000,1,7,1,1,1,3,1,1,1,1
SF,IF2006,2019-12-26 09:30:49.100,4011.8000,11703,0,25263780.000,0,-,-,-,-,4012.0000,4011.8000,4011.6000,4011.4000,4011.0000,4013.6000,4013.8000,4018.0000,4020.0000,4023.8000,1,1,7,1,1,2,1,1,1,1
SF,IF2006,2019-12-26 09:30:49.600,4011.8000,11703,0,25263780.000,0,-,-,-,-,4012.0000,4011.8000,4011.6000,4011.0000,4009.4000,4013.2000,4013.6000,4013.8000,4018.0000,4020.0000,1,1,7,1,1,1,2,2,1,1
SF,IF2006,2019-12-26 09:30:50.100,4011.8000,11703,0,25263780.000,0,-,-,-,-,4012.0000,4011.8000,4011.6000,4011.0000,4009.4000,4013.0000,4013.2000,4013.6000,4013.8000,4018.0000,1,1,7,1,1,1,1,2,2,1
SF,IF2006,2019-12-26 09:30:50.600,4012.0000,11702,-1,26467380.000,1,0,1,双平,S,4011.8000,4011.6000,4011.0000,4009.4000,4009.2000,4013.0000,4013.6000,4013.8000,4018.0000,4020.0000,1,7,1,1,1,1,2,2,1,1
SF,IF2006,2019-12-26 09:30:51.100,4012.0000,11702,0,26467380.000,0,-,-,-,-,4011.8000,4011.6000,4011.0000,4009.4000,4009.2000,4013.6000,4013.8000,4018.0000,4020.0000,4023.8000,1,7,1,1,1,2,1,1,1,1
SF,IF2006,2019-12-26 09:30:51.600,4012.0000,11702,0,26467380.000,0,-,-,-,-,4012.0000,4011.8000,4011.6000,4009.4000,4009.2000,4013.6000,4013.8000,4018.0000,4020.0000,4023.8000,1,1,7,1,1,2,1,1,1,1
SF,IF2006,2019-12-26 09:30:52.100,4012.0000,11702,0,26467380.000,0,-,-,-,-,4012.0000,4011.8000,4011.6000,4010.0000,4009.4000,4013.6000,4013.8000,4018.0000,4020.0000,4023.8000,2,1,7,1,1,2,1,1,1,1
SF,IF2006,2019-12-26 09:30:53.100,4012.0000,11702,0,26467380.000,0,-,-,-,-,4012.0000,4011.8000,4011.6000,4010.0000,4009.4000,4013.4000,4013.6000,4013.8000,4018.0000,4020.0000,1,1,7,1,1,1,2,1,1,1
SF,IF2006,2019-12-26 09:30:53.600,4012.0000,11702,0,26467380.000,0,-,-,-,-,4012.0000,4011.8000,4011.6000,4010.0000,4009.4000,4013.2000,4013.4000,4013.8000,4018.0000,4020.0000,1,1,7,1,1,1,1,1,1,1
SF,IF2006,2019-12-26 09:30:54.100,4012.0000,11702,0,26467380.000,0,-,-,-,-,4012.2000,4012.0000,4011.8000,4011.6000,4010.0000,4013.2000,4013.8000,4018.0000,4020.0000,4023.8000,1,1,1,7,1,1,1,1,1,1
SF,IF2006,2019-12-26 09:30:54.600,4013.2000,11701,-1,27671340.000,1,0,1,双平,S,4012.2000,4012.0000,4011.8000,4011.6000,4010.0000,4013.8000,4018.0000,4020.0000,4023.8000,4025.0000,1,1,1,7,1,1,1,1,1,3
SF,IF2006,2019-12-26 09:30:55.100,4013.2000,11701,0,27671340.000,0,-,-,-,-,4012.6000,4012.4000,4012.2000,4011.8000,4011.6000,4013.8000,4018.0000,4020.0000,4023.8000,4025.0000,1,3,1,1,7,1,1,1,1,3
SF,IF2006,2019-12-26 09:30:55.600,4013.2000,11701,0,27671340.000,0,-,-,-,-,4012.8000,4012.6000,4012.4000,4012.2000,4011.8000,4013.8000,4018.0000,4020.0000,4023.8000,4025.0000,1,1,2,1,1,1,1,1,1,3
SF,IF2006,2019-12-26 09:30:56.100,4013.2000,11701,0,27671340.000,0,-,-,-,-,4012.4000,4012.2000,4011.8000,4011.6000,4010.0000,4013.8000,4018.0000,4020.0000,4023.8000,4025.0000,1,1,1,7,1,1,1,1,1,3
SF,IF2006,2019-12-26 09:30:56.600,4013.8000,11702,1,31283700.000,3,2,1,空开,S,4013.8000,4012.6000,4012.4000,4012.2000,4011.8000,4018.0000,4020.0000,4023.8000,4025.0000,4027.0000,1,1,1,1,1,1,1,1,3,2
SF,IF2006,2019-12-26 09:30:57.100,4013.8000,11702,0,31283700.000,0,-,-,-,-,4013.8000,4013.0000,4012.4000,4012.2000,4011.8000,4014.4000,4015.2000,4017.2000,4017.8000,4018.0000,1,2,1,1,1,1,1,2,6,1
SF,IF2006,2019-12-26 09:30:57.600,4013.8000,11702,0,32487840.000,1,0,1,多换,S,4013.0000,4012.2000,4011.8000,4011.6000,4010.0000,4014.4000,4015.2000,4017.2000,4017.8000,4018.0000,2,1,1,7,1,1,1,2,5,1
SF,IF2006,2019-12-26 09:30:58.100,4014.4000,11702,0,36100560.000,3,1,2,多换,S,4014.4000,4013.2000,4013.0000,4012.2000,4011.8000,4014.6000,4017.2000,4017.8000,4018.0000,4020.0000,1,1,2,1,1,1,2,4,1,3
SF,IF2006,2019-12-26 09:30:58.600,4014.4000,11702,0,37304880.000,1,0,1,多换,S,4013.2000,4013.0000,4011.8000,4011.6000,4010.0000,4014.6000,4017.2000,4017.8000,4018.0000,4020.0000,1,2,1,7,1,1,2,4,1,3
SF,IF2006,2019-12-26 09:30:59.100,4014.4000,11702,0,37304880.000,0,-,-,-,-,4013.6000,4013.0000,4011.8000,4011.6000,4010.0000,4014.4000,4014.6000,4017.2000,4017.8000,4018.0000,1,2,1,7,1,2,1,2,4,1
SF,IF2006,2019-12-26 09:30:59.600,4013.6000,11701,-1,38508960.000,1,0,1,双平,S,4013.0000,4011.8000,4011.6000,4010.0000,4009.4000,4014.4000,4017.2000,4017.8000,4018.0000,4020.0000,2,1,7,1,1,2,2,4,1,3
SF,IF2006,2019-12-26 09:31:00.100,4014.2000,11703,2,43325640.000,4,3,1,空开,S,4013.2000,4013.0000,4011.8000,4011.6000,4010.0000,4014.2000,4014.4000,4017.2000,4017.8000,4018.0000,1,2,1,7,1,2,1,1,4,1
SF,IF2006,2019-12-26 09:31:00.600,4013.2000,11702,-1,44529600.000,1,0,1,双平,S,4013.0000,4011.8000,4011.6000,4010.0000,4009.4000,4014.2000,4014.4000,4017.2000,4017.8000,4018.0000,2,1,7,1,1,2,1,1,4,1
SF,IF2006,2019-12-26 09:31:01.100,4014.2000,11702,0,48142380.000,3,1,2,多换,S,4014.2000,4013.2000,4013.0000,4011.8000,4011.6000,4016.6000,4017.2000,4017.8000,4018.0000,4020.0000,1,1,2,1,7,2,1,4,1,3
SF,IF2006,2019-12-26 09:31:01.600,4014.2000,11701,-1,50550900.000,2,0,2,多平,S,4013.0000,4011.8000,4011.6000,4010.0000,4009.4000,4015.0000,4015.2000,4015.4000,4016.0000,4016.4000,2,1,7,1,1,1,1,1,1,4
SF,IF2006,2019-12-26 09:31:02.100,4014.2000,11701,0,50550900.000,0,-,-,-,-,4013.2000,4013.0000,4011.8000,4011.6000,4010.0000,4014.8000,4015.0000,4015.2000,4015.4000,4015.8000,1,2,1,7,1,2,1,1,1,1
SF,IF2006,2019-12-26 09:31:02.600,4014.2000,11701,0,50550900.000,0,-,-,-,-,4013.2000,4013.0000,4011.8000,4011.6000,4010.0000,4014.6000,4014.8000,4015.4000,4015.8000,4016.0000,1,2,1,7,1,1,2,1,1,1
SF,IF2006,2019-12-26 09:31:03.100,4014.2000,11701,0,50550900.000,0,-,-,-,-,4013.2000,4013.0000,4011.8000,4011.6000,4010.0000,4014.4000,4014.6000,4015.4000,4015.8000,4016.0000,1,2,1,7,1,2,1,1,1,1
SF,IF2006,2019-12-26 09:31:03.600,4013.2000,11700,-1,51754860.000,1,0,1,双平,S,4013.0000,4011.8000,4011.6000,4010.0000,4009.4000,4014.2000,4014.4000,4015.4000,4015.8000,4016.0000,2,1,7,1,1,1,1,1,1,1
SF,IF2006,2019-12-26 09:31:04.100,4013.2000,11700,0,51754860.000,0,-,-,-,-,4013.0000,4011.8000,4011.6000,4010.0000,4009.4000,4014.0000,4014.2000,4015.4000,4015.8000,4016.0000,2,1,7,1,1,1,1,1,1,1
SF,IF2006,2019-12-26 09:31:04.600,4013.2000,11700,0,51754860.000,0,-,-,-,-,4013.0000,4011.8000,4011.6000,4010.0000,4009.4000,4013.8000,4014.2000,4015.4000,4015.8000,4016.0000,2,1,7,1,1,1,2,1,1,1
SF,IF2006,2019-12-26 09:31:05.100,4013.2000,11700,0,51754860.000,0,-,-,-,-,4013.2000,4013.0000,4011.8000,4011.6000,4010.0000,4013.8000,4014.2000,4015.4000,4015.8000,4016.0000,1,2,1,7,1,1,1,1,1,1
SF,IF2006,2019-12-26 09:31:05.600,4013.8000,11700,0,52959000.000,1,0,1,多换,S,4013.2000,4013.0000,4011.8000,4011.6000,4010.0000,4015.4000,4015.8000,4016.0000,4016.4000,4016.6000,2,2,1,7,1,1,1,1,1,2
SF,IF2006,2019-12-26 09:31:06.100,4013.8000,11700,0,52959000.000,0,-,-,-,-,4013.2000,4013.0000,4011.8000,4011.6000,4010.0000,4015.0000,4015.2000,4015.4000,4015.8000,4016.4000,2,2,1,7,1,1,4,1,1,1
SF,IF2006,2019-12-26 09:31:06.600,4013.8000,11700,0,52959000.000,0,-,-,-,-,4013.6000,4013.2000,4013.0000,4011.8000,4011.6000,4014.8000,4015.4000,4015.8000,4016.4000,4016.6000,1,2,2,1,7,2,1,1,1,2
SF,IF2006,2019-12-26 09:31:07.100,4013.8000,11700,0,52959000.000,0,-,-,-,-,4013.6000,4013.2000,4013.0000,4011.8000,4011.6000,4014.8000,4015.4000,4015.8000,4016.4000,4016.6000,1,2,2,1,7,2,1,1,1,2
SF,IF2006,2019-12-26 09:31:07.600,4013.8000,11700,0,52959000.000,0,-,-,-,-,4013.8000,4013.6000,4013.2000,4013.0000,4011.8000,4015.4000,4015.8000,4016.4000,4016.6000,4017.2000,1,1,1,2,1,1,1,1,2,2
SF,IF2006,2019-12-26 09:31:08.100,4013.8000,11700,0,52959000.000,0,-,-,-,-,4013.8000,4013.6000,4013.2000,4013.0000,4011.8000,4015.2000,4015.4000,4015.8000,4016.4000,4016.6000,1,1,1,2,1,2,1,1,1,2
SF,IF2006,2019-12-26 09:31:09.100,4013.8000,11700,0,52959000.000,0,-,-,-,-,4013.8000,4013.6000,4013.2000,4013.0000,4011.8000,4015.2000,4015.4000,4016.4000,4016.6000,4017.2000,1,1,1,2,1,1,1,1,2,2
SF,IF2006,2019-12-26 09:31:09.600,4013.8000,11700,0,52959000.000,0,-,-,-,-,4013.6000,4013.2000,4013.0000,4011.8000,4011.6000,4015.0000,4015.2000,4015.4000,4016.4000,4016.6000,1,1,2,1,7,1,1,1,1,2
SF,IF2006,2019-12-26 09:31:10.100,4013.8000,11700,0,52959000.000,0,-,-,-,-,4013.6000,4013.2000,4013.0000,4011.8000,4011.6000,4014.8000,4015.0000,4015.4000,4016.4000,4016.6000,1,1,2,1,7,1,1,1,1,2
SF,IF2006,2019-12-26 09:31:10.600,4013.8000,11700,0,52959000.000,0,-,-,-,-,4013.2000,4013.0000,4011.8000,4011.6000,4010.0000,4014.8000,4015.4000,4016.4000,4016.6000,4017.2000,1,2,1,7,1,1,1,1,2,2
SF,IF2006,2019-12-26 09:31:11.100,4013.8000,11700,0,52959000.000,0,-,-,-,-,4013.4000,4013.2000,4013.0000,4011.8000,4011.6000,4014.8000,4015.4000,4016.4000,4016.6000,4017.2000,1,1,2,1,7,1,1,1,2,2
SF,IF2006,2019-12-26 09:31:12.100,4014.8000,11700,0,54163440.000,1,0,1,多换,S,4014.8000,4013.4000,4013.2000,4013.0000,4011.8000,4015.0000,4015.4000,4016.4000,4016.6000,4017.2000,3,1,1,2,1,1,1,1,2,2
SF,IF2006,2019-12-26 09:31:12.600,4014.8000,11700,0,57776760.000,3,1,2,多换,S,4013.4000,4013.2000,4013.0000,4011.8000,4011.6000,4015.4000,4016.4000,4016.6000,4017.2000,4017.4000,1,1,2,1,7,1,1,2,2,2
SF,IF2006,2019-12-26 09:31:13.100,4015.2000,11701,1,62594700.000,4,2,2,空开,S,4013.4000,4013.2000,4013.0000,4011.6000,4010.0000,4015.2000,4015.4000,4016.4000,4016.6000,4017.2000,1,1,2,7,1,2,1,1,2,2
SF,IF2006,2019-12-26 09:31:13.600,4015.2000,11701,0,62594700.000,0,-,-,-,-,4014.0000,4013.4000,4013.2000,4013.0000,4011.6000,4015.0000,4015.2000,4015.4000,4016.4000,4016.6000,2,1,1,2,7,3,3,1,1,2
SF,IF2006,2019-12-26 09:31:14.100,4014.0000,11701,0,65003100.000,2,1,1,多换,S,4013.4000,4013.2000,4013.0000,4011.6000,4010.0000,4014.6000,4015.0000,4015.2000,4015.4000,4016.4000,1,1,2,7,1,1,4,4,1,1
SF,IF2006,2019-12-26 09:31:14.600,4014.0000,11701,0,65003100.000,0,-,-,-,-,4013.4000,4013.2000,4013.0000,4011.6000,4010.0000,4014.6000,4015.0000,4015.2000,4015.4000,4016.4000,1,1,2,7,1,1,4,4,1,1
SF,IF2006,2019-12-26 09:31:15.100,4013.4000,11700,-1,66207120.000,1,0,1,双平,S,4013.2000,4013.0000,4011.6000,4010.0000,4009.4000,4014.6000,4015.0000,4015.2000,4015.4000,4016.4000,1,2,7,1,1,1,5,4,1,1
SF,IF2006,2019-12-26 09:31:15.600,4014.6000,11700,0,69820200.000,3,1,2,多换,S,4014.6000,4013.4000,4013.2000,4013.0000,4011.6000,4015.0000,4015.2000,4015.4000,4016.4000,4017.2000,1,1,1,2,7,4,3,1,1,1
SF,IF2006,2019-12-26 09:31:16.100,4014.6000,11700,0,71024580.000,1,0,1,多换,S,4013.4000,4013.2000,4013.0000,4011.6000,4010.0000,4015.0000,4015.2000,4015.4000,4016.4000,4017.2000,1,1,2,7,1,4,2,1,1,1
SF,IF2006,2019-12-26 09:31:16.600,4014.6000,11700,0,71024580.000,0,-,-,-,-,4013.4000,4013.2000,4013.0000,4011.6000,4010.0000,4014.8000,4015.0000,4015.2000,4015.4000,4016.4000,1,1,2,7,1,1,3,1,1,1
SF,IF2006,2019-12-26 09:31:17.100,4014.6000,11700,0,71024580.000,0,-,-,-,-,4013.6000,4013.4000,4013.2000,4013.0000,4011.6000,4014.8000,4015.0000,4015.2000,4015.4000,4016.4000,1,1,1,2,7,2,3,1,1,1
SF,IF2006,2019-12-26 09:31:17.600,4014.8000,11701,1,74637900.000,3,2,1,空开,S,4014.8000,4013.6000,4013.4000,4013.2000,4013.0000,4015.0000,4015.2000,4015.4000,4016.4000,4017.2000,1,1,1,1,2,3,1,1,1,1
SF,IF2006,2019-12-26 09:31:18.100,4014.8000,11701,0,75842340.000,1,0,1,多换,S,4013.4000,4013.2000,4013.0000,4011.6000,4010.0000,4014.6000,4015.0000,4015.2000,4015.4000,4016.4000,1,1,2,7,1,1,2,1,1,1
SF,IF2006,2019-12-26 09:31:18.600,4014.8000,11701,0,75842340.000,0,-,-,-,-,4013.4000,4013.2000,4013.0000,4011.6000,4010.0000,4015.0000,4015.4000,4016.4000,4017.2000,4017.8000,1,1,2,7,1,2,1,1,1,3
SF,IF2006,2019-12-26 09:31:19.100,4014.8000,11701,0,75842340.000,0,-,-,-,-,4013.8000,4013.6000,4013.4000,4013.2000,4013.0000,4015.2000,4015.4000,4016.4000,4016.8000,4017.2000,1,1,1,1,2,1,1,1,1,1
SF,IF2006,2019-12-26 09:31:19.600,4014.8000,11701,0,75842340.000,0,-,-,-,-,4014.0000,4013.8000,4013.6000,4013.2000,4013.0000,4015.0000,4015.2000,4015.4000,4016.4000,4016.8000,1,1,1,1,2,1,1,1,1,1
SF,IF2006,2019-12-26 09:31:20.100,4014.8000,11701,0,75842340.000,0,-,-,-,-,4014.0000,4013.2000,4013.0000,4011.6000,4010.0000,4015.0000,4015.2000,4015.4000,4016.4000,4016.8000,1,1,2,7,1,2,1,1,1,1
SF,IF2006,2019-12-26 09:31:20.600,4014.8000,11701,0,75842340.000,0,-,-,-,-,4014.0000,4013.2000,4013.0000,4011.6000,4010.0000,4014.8000,4015.0000,4015.2000,4015.4000,4016.4000,1,1,2,7,1,1,3,1,1,1
SF,IF2006,2019-12-26 09:31:21.100,4014.8000,11701,0,75842340.000,0,-,-,-,-,4014.0000,4013.2000,4013.0000,4011.6000,4010.0000,4014.8000,4015.0000,4015.4000,4016.4000,4017.2000,1,1,2,7,1,2,2,1,1,1
SF,IF2006,2019-12-26 09:31:21.600,4014.8000,11701,0,75842340.000,0,-,-,-,-,4014.0000,4013.2000,4013.0000,4011.6000,4010.0000,4014.8000,4015.0000,4015.4000,4016.4000,4017.2000,1,1,2,7,1,3,1,1,1,1
SF,IF2006,2019-12-26 09:31:22.100,4014.8000,11701,0,75842340.000,0,-,-,-,-,4013.2000,4013.0000,4011.6000,4010.0000,4009.4000,4014.6000,4014.8000,4015.0000,4015.4000,4016.4000,1,2,7,1,1,1,3,1,1,1
SF,IF2006,2019-12-26 09:31:22.600,4014.8000,11701,0,75842340.000,0,-,-,-,-,4013.4000,4013.2000,4013.0000,4011.6000,4010.0000,4014.8000,4015.0000,4015.4000,4016.4000,4017.2000,2,1,2,7,1,3,1,1,1,1
SF,IF2006,2019-12-26 09:31:23.100,4014.8000,11701,0,75842340.000,0,-,-,-,-,4013.4000,4013.2000,4013.0000,4011.6000,4010.0000,4014.4000,4014.6000,4014.8000,4015.0000,4015.4000,2,1,2,7,1,1,3,2,1,1
SF,IF2006,2019-12-26 09:31:23.600,4014.8000,11701,0,75842340.000,0,-,-,-,-,4013.4000,4013.2000,4013.0000,4011.6000,4010.0000,4014.6000,4014.8000,4015.0000,4015.4000,4016.4000,1,1,2,7,1,1,2,1,1,1
SF,IF2006,2019-12-26 09:31:24.100,4014.8000,11701,0,75842340.000,0,-,-,-,-,4013.4000,4013.2000,4013.0000,4011.6000,4010.0000,4014.0000,4014.8000,4015.0000,4015.2000,4015.4000,1,1,2,7,1,1,1,1,1,1
SF,IF2006,2019-12-26 09:31:24.600,4014.0000,11700,-1,77046540.000,1,0,1,双平,S,4013.2000,4013.0000,4011.6000,4010.0000,4009.4000,4014.8000,4015.0000,4015.4000,4016.0000,4016.4000,1,2,7,1,1,1,1,1,1,1
SF,IF2006,2019-12-26 09:31:25.100,4014.0000,11700,0,77046540.000,0,-,-,-,-,4013.2000,4013.0000,4011.6000,4010.0000,4009.4000,4014.6000,4014.8000,4015.0000,4015.4000,4016.0000,1,2,7,1,1,2,1,1,1,1
SF,IF2006,2019-12-26 09:31:25.600,4014.0000,11700,0,77046540.000,0,-,-,-,-,4013.2000,4013.0000,4011.6000,4010.0000,4009.4000,4013.4000,4014.6000,4015.4000,4016.0000,4016.4000,1,2,7,1,1,2,2,1,1,2
SF,IF2006,2019-12-26 09:31:26.100,4013.4000,11698,-2,79454580.000,2,0,2,双平,S,4013.2000,4013.0000,4011.6000,4010.0000,4009.4000,4014.6000,4015.0000,4015.4000,4016.0000,4016.4000,1,2,7,1,1,1,1,1,1,2
SF,IF2006,2019-12-26 09:31:26.600,4013.4000,11698,0,79454580.000,0,-,-,-,-,4013.2000,4013.0000,4010.0000,4009.4000,4008.6000,4014.4000,4014.6000,4015.4000,4016.0000,4016.4000,1,2,1,1,1,1,2,1,1,2
SF,IF2006,2019-12-26 09:31:27.100,4013.4000,11698,0,79454580.000,0,-,-,-,-,4013.2000,4013.0000,4010.0000,4009.4000,4008.6000,4014.2000,4014.4000,4015.0000,4015.4000,4016.0000,1,2,1,1,1,1,1,1,1,1
SF,IF2006,2019-12-26 09:31:27.600,4013.4000,11698,0,79454580.000,0,-,-,-,-,4013.2000,4013.0000,4010.0000,4009.4000,4008.6000,4014.2000,4014.4000,4015.0000,4015.4000,4016.0000,1,2,1,1,1,1,2,2,1,1
SF,IF2006,2019-12-26 09:31:28.100,4013.4000,11698,0,79454580.000,0,-,-,-,-,4013.2000,4013.0000,4010.0000,4009.4000,4008.6000,4014.2000,4014.4000,4014.8000,4015.0000,4015.4000,1,2,1,1,1,1,1,1,2,1
SF,IF2006,2019-12-26 09:31:28.600,4013.4000,11698,0,79454580.000,0,-,-,-,-,4013.2000,4013.0000,4010.0000,4009.4000,4008.6000,4014.2000,4014.4000,4014.6000,4014.8000,4015.0000,1,2,1,1,1,1,1,1,1,2
SF,IF2006,2019-12-26 09:31:29.100,4013.4000,11698,0,79454580.000,0,-,-,-,-,4013.2000,4013.0000,4010.0000,4009.4000,4008.6000,4014.2000,4014.4000,4014.6000,4014.8000,4015.0000,1,2,1,1,1,1,1,1,1,2
SF,IF2006,2019-12-26 09:31:29.600,4013.4000,11698,0,79454580.000,0,-,-,-,-,4013.2000,4013.0000,4010.0000,4009.4000,4008.6000,4014.2000,4014.4000,4014.6000,4014.8000,4015.0000,1,2,1,1,1,1,1,2,1,2
SF,IF2006,2019-12-26 09:31:30.100,4013.4000,11698,0,79454580.000,0,-,-,-,-,4013.2000,4013.0000,4010.0000,4009.4000,4008.6000,4014.2000,4014.4000,4014.6000,4014.8000,4015.0000,1,2,1,1,1,2,1,1,1,2
SF,IF2006,2019-12-26 09:31:30.600,4013.4000,11698,0,79454580.000,0,-,-,-,-,4013.2000,4013.0000,4010.0000,4009.4000,4008.6000,4014.2000,4014.4000,4014.6000,4014.8000,4015.0000,1,2,1,1,1,2,1,1,1,2
SF,IF2006,2019-12-26 09:31:31.100,4013.4000,11698,0,79454580.000,0,-,-,-,-,4013.2000,4010.0000,4009.4000,4008.6000,4008.2000,4014.2000,4014.4000,4014.8000,4015.0000,4015.4000,1,1,1,1,1,2,1,1,2,1
SF,IF2006,2019-12-26 09:31:31.600,4013.4000,11698,0,79454580.000,0,-,-,-,-,4013.2000,4010.0000,4009.4000,4008.6000,4008.2000,4013.6000,4014.2000,4014.4000,4014.8000,4015.0000,1,1,1,1,1,1,2,1,1,2
SF,IF2006,2019-12-26 09:31:32.100,4013.6000,11697,-1,80658660.000,1,0,1,双平,S,4013.2000,4010.0000,4009.4000,4008.6000,4008.2000,4014.2000,4014.4000,4014.8000,4015.0000,4015.4000,1,1,1,1,1,2,1,1,2,1
SF,IF2006,2019-12-26 09:31:32.600,4013.2000,11697,0,81862620.000,1,0,1,多换,S,4010.0000,4009.4000,4008.6000,4008.2000,4007.6000,4014.2000,4014.4000,4014.8000,4015.0000,4015.4000,1,1,1,1,1,2,1,1,2,1
SF,IF2006,2019-12-26 09:31:33.100,4014.2000,11698,1,84271140.000,2,1,1,空开,S,4010.8000,4010.6000,4010.2000,4010.0000,4009.4000,4014.4000,4014.8000,4015.0000,4015.4000,4016.0000,1,1,6,1,1,1,1,2,1,1
SF,IF2006,2019-12-26 09:31:33.600,4014.2000,11698,0,84271140.000,0,-,-,-,-,4012.8000,4012.0000,4011.0000,4010.8000,4010.2000,4014.2000,4014.4000,4014.8000,4015.0000,4015.4000,1,1,3,2,4,1,1,1,2,1
SF,IF2006,2019-12-26 09:31:34.100,4014.2000,11698,0,84271140.000,0,-,-,-,-,4013.0000,4012.8000,4012.0000,4011.0000,4010.8000,4014.0000,4014.2000,4014.4000,4014.8000,4015.0000,1,1,1,2,1,1,1,1,1,1
SF,IF2006,2019-12-26 09:31:34.600,4014.2000,11698,0,84271140.000,0,-,-,-,-,4013.0000,4012.8000,4012.0000,4011.4000,4011.0000,4014.2000,4014.4000,4014.8000,4015.0000,4015.4000,1,1,1,1,2,1,1,1,1,1
SF,IF2006,2019-12-26 09:31:35.100,4014.2000,11698,0,84271140.000,0,-,-,-,-,4013.0000,4012.8000,4012.0000,4011.6000,4011.4000,4014.4000,4015.0000,4015.4000,4016.0000,4016.4000,1,1,1,1,1,2,1,1,1,1
SF,IF2006,2019-12-26 09:31:35.600,4014.2000,11698,0,84271140.000,0,-,-,-,-,4013.0000,4012.8000,4012.0000,4011.6000,4011.4000,4014.4000,4015.0000,4015.4000,4016.0000,4016.4000,1,1,1,1,1,1,1,1,1,1
SF,IF2006,2019-12-26 09:31:36.100,4014.2000,11698,0,84271140.000,0,-,-,-,-,4013.2000,4013.0000,4012.8000,4011.6000,4011.4000,4014.8000,4015.0000,4015.4000,4016.0000,4016.4000,1,1,1,1,1,1,1,1,1,1
SF,IF2006,2019-12-26 09:31:36.600,4014.2000,11698,0,84271140.000,0,-,-,-,-,4013.4000,4013.2000,4012.8000,4011.6000,4011.4000,4014.8000,4015.0000,4015.4000,4016.0000,4016.4000,1,2,1,1,1,1,1,1,1,1
SF,IF2006,2019-12-26 09:31:37.100,4014.2000,11698,0,84271140.000,0,-,-,-,-,4013.6000,4013.4000,4013.2000,4012.8000,4011.6000,4014.8000,4015.4000,4016.0000,4016.4000,4016.8000,3,1,2,1,1,1,1,2,1,1
SF,IF2006,2019-12-26 09:31:37.600,4014.2000,11698,0,84271140.000,0,-,-,-,-,4013.8000,4013.6000,4013.4000,4013.2000,4012.8000,4014.8000,4015.4000,4016.0000,4016.4000,4016.8000,1,3,1,2,1,1,1,2,1,1
SF,IF2006,2019-12-26 09:31:38.100,4014.8000,11698,0,85475580.000,1,0,1,多换,S,4014.8000,4013.8000,4013.6000,4013.4000,4013.2000,4015.4000,4016.0000,4016.4000,4016.8000,4017.2000,3,1,1,1,1,1,2,1,1,1
SF,IF2006,2019-12-26 09:31:38.600,4014.8000,11698,0,89088900.000,3,1,2,多换,S,4013.8000,4013.4000,4013.2000,4012.8000,4011.6000,4015.4000,4016.0000,4016.4000,4016.8000,4017.2000,1,1,1,1,1,1,2,1,1,1
SF,IF2006,2019-12-26 09:31:39.100,4014.0000,11697,-1,90293100.000,1,0,1,双平,S,4013.8000,4013.4000,4013.2000,4012.8000,4011.6000,4014.8000,4015.4000,4016.0000,4016.4000,4016.8000,1,1,1,1,1,1,1,2,1,1
SF,IF2006,2019-12-26 09:31:39.600,4014.8000,11697,0,92701800.000,2,1,1,多换,S,4014.8000,4013.8000,4013.4000,4013.2000,4012.8000,4015.4000,4016.0000,4016.4000,4016.8000,4017.2000,2,1,1,1,1,1,2,1,1,1
SF,IF2006,2019-12-26 09:31:40.100,4014.8000,11697,0,92701800.000,0,-,-,-,-,4014.8000,4014.2000,4013.8000,4013.4000,4013.2000,4015.4000,4016.0000,4016.4000,4016.8000,4017.2000,2,2,1,1,1,1,2,1,1,1
SF,IF2006,2019-12-26 09:31:40.600,4014.8000,11697,0,92701800.000,0,-,-,-,-,4015.0000,4014.8000,4014.2000,4013.4000,4013.2000,4015.4000,4016.0000,4016.4000,4016.8000,4017.2000,1,2,2,1,1,1,2,1,1,1
SF,IF2006,2019-12-26 09:31:41.100,4014.8000,11697,0,92701800.000,0,-,-,-,-,4015.0000,4014.8000,4013.4000,4013.2000,4012.8000,4015.4000,4016.0000,4016.4000,4016.8000,4017.2000,1,2,1,1,1,1,2,1,1,1
SF,IF2006,2019-12-26 09:31:41.600,4015.4000,11696,-1,93906420.000,1,0,1,双平,S,4015.4000,4014.8000,4013.4000,4013.2000,4012.8000,4016.0000,4016.4000,4016.8000,4017.8000,4018.0000,4,2,1,1,1,2,1,1,2,2
SF,IF2006,2019-12-26 09:31:42.100,4015.4000,11696,0,93906420.000,0,-,-,-,-,4015.6000,4015.4000,4014.8000,4013.2000,4012.8000,4016.0000,4016.4000,4016.8000,4017.6000,4017.8000,1,4,2,1,1,1,1,1,1,2
SF,IF2006,2019-12-26 09:31:42.600,4016.0000,11696,0,95111220.000,1,0,1,多换,S,4016.0000,4015.4000,4014.8000,4013.2000,4012.8000,4016.8000,4017.6000,4017.8000,4018.0000,4020.0000,4,4,2,1,1,1,1,2,2,1
SF,IF2006,2019-12-26 09:31:43.100,4016.0000,11696,0,95111220.000,0,-,-,-,-,4016.0000,4015.4000,4014.8000,4012.8000,4011.6000,4016.6000,4016.8000,4017.6000,4017.8000,4018.0000,4,4,2,1,1,1,1,1,2,2
SF,IF2006,2019-12-26 09:31:43.600,4016.8000,11696,0,96316260.000,1,0,1,多换,S,4016.8000,4016.0000,4015.4000,4014.8000,4012.8000,4017.6000,4017.8000,4018.0000,4020.0000,4023.8000,3,4,4,2,1,1,2,2,1,1
SF,IF2006,2019-12-26 09:31:44.100,4016.8000,11697,1,97521300.000,1,1,0,双开,S,4016.8000,4016.0000,4015.4000,4014.8000,4012.8000,4017.4000,4017.6000,4017.8000,4018.0000,4020.0000,4,4,4,2,1,2,1,2,2,1
SF,IF2006,2019-12-26 09:31:44.600,4016.8000,11697,0,101136420.000,3,1,2,多换,S,4016.8000,4016.0000,4015.4000,4014.8000,4012.8000,4017.6000,4017.8000,4018.0000,4020.0000,4022.0000,1,4,4,2,1,1,2,2,1,2
SF,IF2006,2019-12-26 09:31:45.100,4016.8000,11696,-1,102341460.000,1,0,1,双平,S,4016.0000,4015.4000,4014.8000,4012.8000,4011.6000,4016.4000,4017.4000,4017.6000,4017.8000,4018.0000,4,4,2,1,1,1,1,1,2,2
SF,IF2006,2019-12-26 09:31:45.600,4016.4000,11696,0,103546380.000,1,0,1,多换,S,4016.2000,4016.0000,4015.4000,4014.8000,4012.8000,4016.6000,4017.4000,4017.8000,4018.0000,4020.0000,1,4,4,2,1,1,1,2,2,1
SF,IF2006,2019-12-26 09:31:47.100,4016.4000,11696,0,103546380.000,0,-,-,-,-,4016.2000,4016.0000,4015.4000,4014.8000,4012.8000,4016.6000,4017.4000,4017.8000,4018.0000,4020.0000,1,4,4,2,1,2,1,2,2,1
SF,IF2006,2019-12-26 09:31:47.600,4016.4000,11695,-1,105956160.000,2,0,2,多平,S,4016.0000,4015.4000,4014.8000,4012.8000,4011.6000,4016.6000,4018.0000,4020.0000,4020.2000,4023.8000,4,4,2,1,1,2,2,1,1,1
SF,IF2006,2019-12-26 09:31:48.100,4016.0000,11695,0,107160960.000,1,0,1,多换,S,4016.0000,4015.4000,4014.8000,4012.8000,4011.6000,4016.6000,4018.0000,4020.0000,4020.2000,4023.8000,3,4,2,1,1,2,2,1,1,1
SF,IF2006,2019-12-26 09:31:48.600,4016.0000,11695,0,108365760.000,1,0,1,多换,S,4016.0000,4015.4000,4012.8000,4011.6000,4011.4000,4016.6000,4018.0000,4020.0000,4020.2000,4023.8000,2,4,1,1,1,1,2,1,1,1
SF,IF2006,2019-12-26 09:31:49.600,4016.6000,11694,-1,109570740.000,1,0,1,双平,S,4016.0000,4015.4000,4012.8000,4011.6000,4011.4000,4018.0000,4020.0000,4020.2000,4023.8000,4025.0000,2,4,1,1,1,2,1,1,1,3
SF,IF2006,2019-12-26 09:31:50.100,4016.6000,11694,0,109570740.000,0,-,-,-,-,4016.2000,4015.4000,4012.8000,4011.6000,4011.4000,4017.8000,4018.0000,4020.0000,4020.2000,4023.8000,1,4,1,1,1,3,3,1,1,1
SF,IF2006,2019-12-26 09:31:50.600,4016.6000,11694,0,109570740.000,0,-,-,-,-,4015.4000,4012.8000,4011.6000,4011.4000,4011.0000,4017.8000,4018.0000,4020.0000,4020.2000,4023.8000,4,1,1,1,1,3,3,1,1,1
SF,IF2006,2019-12-26 09:31:51.100,4017.8000,11694,0,113186700.000,3,1,2,多换,S,4017.8000,4015.6000,4015.4000,4012.8000,4011.6000,4018.0000,4020.0000,4020.2000,4023.8000,4025.0000,1,1,4,1,1,3,1,1,1,3
SF,IF2006,2019-12-26 09:31:51.600,4018.0000,11694,0,116802840.000,3,1,2,多换,S,4015.6000,4015.4000,4012.8000,4011.6000,4011.4000,4017.4000,4017.8000,4018.0000,4020.0000,4020.2000,1,4,1,1,1,2,1,2,1,1
SF,IF2006,2019-12-26 09:31:52.100,4018.0000,11694,0,116802840.000,0,-,-,-,-,4015.6000,4015.4000,4012.8000,4011.6000,4011.4000,4018.0000,4020.0000,4020.2000,4023.8000,4025.0000,1,4,1,1,1,2,1,1,1,3
SF,IF2006,2019-12-26 09:31:52.600,4018.0000,11694,0,116802840.000,0,-,-,-,-,4015.6000,4015.4000,4011.6000,4011.4000,4011.0000,4017.8000,4018.0000,4018.4000,4020.0000,4020.2000,1,4,1,1,1,1,2,1,1,1
SF,IF2006,2019-12-26 09:31:53.100,4018.0000,11695,1,121624440.000,4,2,2,空开,S,4018.0000,4015.6000,4015.4000,4011.6000,4011.4000,4018.4000,4020.0000,4020.2000,4023.8000,4025.0000,3,1,4,1,1,1,1,1,1,3
SF,IF2006,2019-12-26 09:31:53.600,4018.0000,11695,0,125240640.000,3,1,2,多换,S,4015.6000,4015.4000,4011.6000,4011.4000,4011.0000,4017.6000,4018.0000,4018.4000,4018.6000,4020.0000,1,4,1,1,1,1,2,1,1,1
SF,IF2006,2019-12-26 09:31:54.100,4018.0000,11695,0,125240640.000,0,-,-,-,-,4015.6000,4015.4000,4011.6000,4011.4000,4011.0000,4018.0000,4018.4000,4018.6000,4019.2000,4020.0000,1,4,1,1,1,1,1,1,1,1
SF,IF2006,2019-12-26 09:31:54.600,4018.0000,11695,0,125240640.000,0,-,-,-,-,4015.6000,4015.4000,4011.6000,4011.4000,4011.0000,4017.8000,4018.0000,4018.4000,4018.6000,4019.2000,1,4,1,1,1,1,1,1,1,1
SF,IF2006,2019-12-26 09:31:55.100,4018.0000,11694,-1,126446040.000,1,0,1,双平,S,4015.6000,4015.4000,4011.6000,4011.4000,4011.0000,4018.0000,4018.6000,4019.0000,4019.2000,4019.4000,1,4,1,1,1,1,1,1,1,1
SF,IF2006,2019-12-26 09:31:55.600,4018.0000,11694,0,126446040.000,0,-,-,-,-,4015.8000,4015.6000,4015.4000,4011.6000,4011.4000,4017.8000,4018.6000,4019.0000,4019.2000,4019.4000,3,1,4,1,1,1,1,1,1,1
SF,IF2006,2019-12-26 09:31:56.100,4018.0000,11694,0,126446040.000,0,-,-,-,-,4016.0000,4015.8000,4015.4000,4011.6000,4011.4000,4017.8000,4018.0000,4018.6000,4019.2000,4019.4000,3,1,4,1,1,1,1,1,1,1
SF,IF2006,2019-12-26 09:31:56.600,4018.0000,11694,0,126446040.000,0,-,-,-,-,4016.2000,4016.0000,4015.4000,4011.6000,4011.4000,4017.6000,4017.8000,4018.0000,4018.6000,4019.2000,2,1,4,1,1,2,1,1,1,1
SF,IF2006,2019-12-26 09:31:57.100,4018.0000,11694,0,126446040.000,0,-,-,-,-,4016.4000,4016.0000,4015.4000,4011.6000,4011.4000,4017.6000,4017.8000,4018.0000,4019.2000,4019.4000,3,1,4,1,1,3,1,1,1,1
SF,IF2006,2019-12-26 09:31:57.600,4017.6000,11695,1,128856600.000,2,1,1,空开,S,4017.6000,4016.4000,4016.0000,4015.4000,4011.6000,4018.0000,4019.2000,4019.4000,4020.0000,4020.6000,2,3,1,4,1,1,1,1,1,1
SF,IF2006,2019-12-26 09:31:58.100,4017.6000,11695,0,131267160.000,2,1,1,多换,S,4016.4000,4016.0000,4015.4000,4011.6000,4011.0000,4017.2000,4017.6000,4017.8000,4019.2000,4019.4000,3,1,4,1,1,1,1,1,1,1
SF,IF2006,2019-12-26 09:31:58.600,4017.6000,11695,0,131267160.000,0,-,-,-,-,4016.4000,4016.0000,4015.4000,4011.6000,4011.0000,4017.2000,4017.8000,4019.2000,4019.4000,4020.0000,3,1,4,1,1,1,1,1,2,1
SF,IF2006,2019-12-26 09:31:59.100,4017.2000,11695,0,132472320.000,1,0,1,多换,S,4017.6000,4016.4000,4016.0000,4015.4000,4011.6000,4017.8000,4018.0000,4019.2000,4019.4000,4020.0000,1,3,1,4,1,1,1,1,2,1
SF,IF2006,2019-12-26 09:31:59.600,4017.6000,11695,0,134882880.000,2,1,1,多换,S,4016.4000,4016.0000,4015.4000,4011.6000,4011.0000,4017.8000,4018.0000,4018.8000,4019.4000,4020.0000,3,1,4,1,1,1,1,1,2,1
SF,IF2006,2019-12-26 09:32:00.100,4017.6000,11695,0,134882880.000,0,-,-,-,-,4016.6000,4016.4000,4016.0000,4015.4000,4011.6000,4017.8000,4018.0000,4018.8000,4019.4000,4019.6000,1,3,1,4,1,2,1,1,2,1
SF,IF2006,2019-12-26 09:32:00.600,4017.6000,11695,0,134882880.000,0,-,-,-,-,4016.8000,4016.6000,4016.4000,4016.0000,4015.4000,4017.8000,4018.0000,4018.8000,4019.4000,4019.6000,1,1,2,1,4,2,1,1,2,1
SF,IF2006,2019-12-26 09:32:01.600,4017.8000,11695,0,137293560.000,2,1,1,多换,S,4017.8000,4016.8000,4016.6000,4016.4000,4016.0000,4018.0000,4018.8000,4019.0000,4019.4000,4020.0000,5,1,1,2,1,1,1,1,2,1
SF,IF2006,2019-12-26 09:32:02.100,4018.0000,11695,0,138498960.000,1,0,1,多换,S,4017.8000,4016.4000,4016.0000,4015.4000,4011.6000,4018.8000,4019.0000,4019.4000,4020.0000,4023.8000,5,2,1,4,1,1,1,1,2,1
SF,IF2006,2019-12-26 09:32:02.600,4018.0000,11695,0,138498960.000,0,-,-,-,-,4018.0000,4017.8000,4016.4000,4016.0000,4015.4000,4018.8000,4019.0000,4019.4000,4020.0000,4020.8000,1,5,2,1,4,1,1,1,2,1
SF,IF2006,2019-12-26 09:32:03.100,4018.8000,11694,-1,139704600.000,1,0,1,双平,S,4018.2000,4017.8000,4016.0000,4015.4000,4011.6000,4019.0000,4020.0000,4020.8000,4023.4000,4023.8000,2,5,1,4,1,1,2,1,2,1
SF,IF2006,2019-12-26 09:32:03.600,4019.0000,11693,-1,140910300.000,1,0,1,双平,S,4018.6000,4018.4000,4018.0000,4017.8000,4016.0000,4020.0000,4020.8000,4021.6000,4023.4000,4023.8000,1,2,1,5,1,2,1,1,2,1
SF,IF2006,2019-12-26 09:32:04.100,4019.0000,11693,0,140910300.000,0,-,-,-,-,4018.8000,4018.6000,4018.4000,4017.8000,4016.0000,4019.8000,4020.0000,4021.6000,4023.0000,4023.4000,1,1,2,5,1,1,2,1,1,2
SF,IF2006,2019-12-26 09:32:04.600,4019.0000,11693,0,140910300.000,0,-,-,-,-,4018.4000,4017.8000,4016.0000,4015.4000,4011.6000,4019.6000,4019.8000,4020.0000,4021.6000,4023.0000,2,5,1,4,1,1,1,2,1,1
SF,IF2006,2019-12-26 09:32:05.100,4019.0000,11693,0,140910300.000,0,-,-,-,-,4017.8000,4016.0000,4015.4000,4011.6000,4011.0000,4019.6000,4019.8000,4020.0000,4021.6000,4023.0000,5,1,4,1,1,1,1,2,1,1
SF,IF2006,2019-12-26 09:32:05.600,4019.0000,11693,0,140910300.000,0,-,-,-,-,4017.8000,4016.0000,4015.4000,4011.6000,4011.0000,4019.4000,4019.6000,4019.8000,4020.0000,4021.6000,5,1,4,1,1,1,1,1,2,1
SF,IF2006,2019-12-26 09:32:06.100,4019.0000,11693,0,140910300.000,0,-,-,-,-,4017.8000,4016.0000,4015.4000,4011.6000,4011.0000,4019.2000,4019.4000,4019.8000,4020.0000,4021.6000,5,1,4,1,1,1,1,1,2,1
SF,IF2006,2019-12-26 09:32:06.600,4019.0000,11693,0,140910300.000,0,-,-,-,-,4018.0000,4017.8000,4016.0000,4015.4000,4011.6000,4019.2000,4019.4000,4019.8000,4020.0000,4021.6000,1,5,1,4,1,1,1,1,2,1
SF,IF2006,2019-12-26 09:32:07.100,4019.0000,11693,0,140910300.000,0,-,-,-,-,4018.0000,4017.8000,4016.0000,4015.4000,4011.6000,4019.0000,4019.2000,4019.6000,4019.8000,4020.0000,1,5,1,4,1,1,1,1,1,2
SF,IF2006,2019-12-26 09:32:07.600,4019.0000,11693,0,140910300.000,0,-,-,-,-,4018.0000,4017.8000,4016.0000,4015.4000,4011.6000,4019.0000,4019.6000,4019.8000,4020.0000,4021.6000,1,5,1,4,1,1,1,1,2,1
SF,IF2006,2019-12-26 09:32:08.100,4019.0000,11693,0,140910300.000,0,-,-,-,-,4018.0000,4017.8000,4016.0000,4015.4000,4011.6000,4019.6000,4019.8000,4020.0000,4021.6000,4023.0000,1,5,1,4,1,1,2,2,1,1
SF,IF2006,2019-12-26 09:32:08.600,4019.0000,11693,0,140910300.000,0,-,-,-,-,4018.2000,4018.0000,4017.8000,4016.0000,4015.4000,4018.8000,4019.6000,4019.8000,4020.0000,4021.6000,4,1,5,1,4,1,1,2,2,1
SF,IF2006,2019-12-26 09:32:09.100,4018.8000,11693,0,142115940.000,1,0,1,多换,S,4018.2000,4018.0000,4017.8000,4016.0000,4015.4000,4019.8000,4020.0000,4021.6000,4023.0000,4023.8000,4,1,5,1,4,2,2,1,1,1
SF,IF2006,2019-12-26 09:32:09.600,4018.8000,11693,0,142115940.000,0,-,-,-,-,4018.4000,4018.2000,4017.8000,4016.0000,4015.4000,4019.6000,4019.8000,4020.0000,4021.6000,4023.0000,1,3,5,1,4,1,2,2,1,1
SF,IF2006,2019-12-26 09:32:10.600,4018.8000,11693,0,142115940.000,0,-,-,-,-,4018.2000,4017.8000,4016.0000,4015.4000,4011.6000,4019.4000,4019.6000,4019.8000,4020.0000,4021.6000,2,5,1,4,1,1,1,2,2,1
SF,IF2006,2019-12-26 09:32:11.100,4018.4000,11691,-2,144526980.000,2,0,2,双平,S,4017.8000,4016.0000,4015.4000,4011.6000,4011.0000,4018.2000,4019.4000,4019.6000,4019.8000,4020.0000,5,1,4,1,1,3,1,1,2,2
SF,IF2006,2019-12-26 09:32:11.600,4018.2000,11688,-3,148143360.000,3,0,3,双平,S,4017.8000,4016.0000,4015.4000,4011.6000,4011.0000,4019.4000,4019.6000,4019.8000,4020.0000,4021.6000,5,1,4,1,1,1,1,2,2,1
SF,IF2006,2019-12-26 09:32:12.100,4018.2000,11688,0,148143360.000,0,-,-,-,-,4018.0000,4017.8000,4016.0000,4015.4000,4011.6000,4019.2000,4019.4000,4019.8000,4020.0000,4021.6000,2,5,1,4,1,2,1,2,2,1
SF,IF2006,2019-12-26 09:32:12.600,4018.2000,11688,0,148143360.000,0,-,-,-,-,4018.4000,4018.2000,4018.0000,4017.8000,4016.0000,4019.2000,4019.4000,4019.8000,4020.0000,4021.6000,1,1,3,5,1,2,1,2,2,1
SF,IF2006,2019-12-26 09:32:13.100,4018.2000,11688,0,148143360.000,0,-,-,-,-,4018.4000,4018.0000,4017.8000,4016.0000,4015.4000,4019.2000,4019.4000,4019.8000,4020.0000,4021.6000,1,2,5,1,4,1,1,2,2,1
SF,IF2006,2019-12-26 09:32:14.600,4018.2000,11688,0,148143360.000,0,-,-,-,-,4018.4000,4018.0000,4017.8000,4016.0000,4015.4000,4019.2000,4019.8000,4020.0000,4021.6000,4023.2000,1,2,5,1,4,1,2,2,1,1
SF,IF2006,2019-12-26 09:32:15.100,4018.2000,11688,0,148143360.000,0,-,-,-,-,4018.4000,4018.0000,4017.8000,4016.0000,4015.4000,4019.8000,4020.0000,4021.6000,4023.2000,4023.8000,1,2,5,1,4,2,2,1,1,1
SF,IF2006,2019-12-26 09:32:15.600,4018.2000,11688,0,148143360.000,0,-,-,-,-,4018.4000,4018.0000,4017.8000,4016.0000,4015.4000,4019.6000,4019.8000,4020.0000,4021.6000,4023.2000,1,2,5,1,4,4,2,2,1,1
SF,IF2006,2019-12-26 09:32:16.100,4018.2000,11688,0,148143360.000,0,-,-,-,-,4018.6000,4018.0000,4017.8000,4016.0000,4015.4000,4019.4000,4019.6000,4019.8000,4020.0000,4021.6000,1,2,5,1,4,2,1,2,2,1
SF,IF2006,2019-12-26 09:32:16.600,4018.2000,11688,0,148143360.000,0,-,-,-,-,4018.0000,4016.0000,4015.4000,4011.0000,4010.2000,4019.4000,4019.8000,4020.0000,4021.6000,4023.2000,2,1,4,1,2,2,2,2,1,1
SF,IF2006,2019-12-26 09:32:17.100,4018.2000,11688,0,148143360.000,0,-,-,-,-,4018.2000,4018.0000,4016.0000,4015.4000,4011.0000,4019.4000,4019.8000,4020.0000,4021.6000,4023.2000,2,2,1,4,1,2,2,2,1,1
SF,IF2006,2019-12-26 09:32:17.600,4018.2000,11688,0,148143360.000,0,-,-,-,-,4018.4000,4018.2000,4018.0000,4016.0000,4015.4000,4019.4000,4019.8000,4020.0000,4021.6000,4023.2000,1,3,3,1,4,2,2,2,1,1
SF,IF2006,2019-12-26 09:32:18.100,4018.2000,11688,0,148143360.000,0,-,-,-,-,4018.6000,4018.4000,4018.2000,4018.0000,4016.0000,4019.8000,4020.0000,4021.6000,4023.2000,4023.8000,3,1,2,3,1,2,2,1,1,1
SF,IF2006,2019-12-26 09:32:18.600,4018.2000,11688,0,148143360.000,0,-,-,-,-,4018.6000,4018.4000,4018.2000,4018.0000,4016.0000,4019.8000,4020.0000,4021.6000,4023.2000,4023.8000,3,1,2,3,1,2,2,1,1,1
SF,IF2006,2019-12-26 09:32:19.100,4018.2000,11688,0,148143360.000,0,-,-,-,-,4018.6000,4018.2000,4018.0000,4016.0000,4015.4000,4019.8000,4020.0000,4021.2000,4021.6000,4023.2000,4,2,3,1,4,2,2,1,1,1
SF,IF2006,2019-12-26 09:32:19.600,4019.8000,11687,-1,149349300.000,1,0,1,双平,S,4019.4000,4018.8000,4018.6000,4018.0000,4016.0000,4019.8000,4020.0000,4021.2000,4021.6000,4023.2000,6,2,3,3,1,1,2,1,1,1
SF,IF2006,2019-12-26 09:32:21.600,4019.8000,11687,0,150555240.000,1,0,1,多换,S,4019.8000,4019.4000,4018.8000,4018.6000,4018.0000,4020.0000,4021.2000,4021.6000,4023.2000,4023.8000,2,6,2,3,3,2,1,1,1,1
SF,IF2006,2019-12-26 09:32:22.100,4020.0000,11685,-2,152967240.000,2,0,2,双平,S,4019.8000,4019.4000,4018.8000,4018.6000,4018.0000,4021.2000,4021.6000,4023.2000,4023.8000,4025.0000,2,6,1,3,3,1,1,1,1,3
SF,IF2006,2019-12-26 09:32:22.600,4020.0000,11685,0,152967240.000,0,-,-,-,-,4020.0000,4019.8000,4019.4000,4018.8000,4018.6000,4021.0000,4021.2000,4021.6000,4023.2000,4023.8000,1,2,6,1,3,3,1,1,1,1
SF,IF2006,2019-12-26 09:32:23.100,4020.0000,11684,-1,154173240.000,1,0,1,双平,S,4019.8000,4019.4000,4018.8000,4018.6000,4018.0000,4020.6000,4020.8000,4021.0000,4021.2000,4021.6000,2,6,1,3,3,1,2,1,1,1
SF,IF2006,2019-12-26 09:32:23.600,4020.0000,11684,0,154173240.000,0,-,-,-,-,4020.0000,4019.8000,4019.4000,4018.8000,4018.6000,4020.6000,4020.8000,4021.0000,4021.2000,4023.2000,5,2,6,1,3,1,2,1,1,1
SF,IF2006,2019-12-26 09:32:24.100,4020.0000,11684,0,154173240.000,0,-,-,-,-,4020.0000,4019.8000,4019.4000,4018.8000,4018.6000,4020.6000,4020.8000,4021.0000,4021.2000,4023.2000,5,2,6,1,3,1,2,1,1,1
SF,IF2006,2019-12-26 09:32:25.100,4020.0000,11684,0,154173240.000,0,-,-,-,-,4020.0000,4019.8000,4019.4000,4018.8000,4018.6000,4020.6000,4020.8000,4021.0000,4023.2000,4023.8000,5,2,6,1,3,1,2,1,1,1
SF,IF2006,2019-12-26 09:32:25.600,4020.6000,11683,-1,155379420.000,1,0,1,双平,S,4020.0000,4019.8000,4019.4000,4018.8000,4018.6000,4020.8000,4021.0000,4023.2000,4023.8000,4025.0000,5,2,6,1,3,2,1,1,1,4
SF,IF2006,2019-12-26 09:32:26.100,4020.6000,11683,0,155379420.000,0,-,-,-,-,4020.0000,4019.8000,4019.4000,4018.8000,4018.6000,4020.8000,4023.2000,4023.8000,4025.0000,4025.4000,5,2,6,1,2,2,1,1,4,1
SF,IF2006,2019-12-26 09:32:26.600,4020.6000,11683,0,155379420.000,0,-,-,-,-,4020.0000,4019.4000,4018.8000,4018.6000,4018.0000,4023.2000,4023.8000,4025.0000,4025.4000,4026.0000,5,6,1,2,2,1,1,4,1,1
SF,IF2006,2019-12-26 09:32:27.100,4020.6000,11683,0,155379420.000,0,-,-,-,-,4020.2000,4020.0000,4019.4000,4018.8000,4018.6000,4023.0000,4023.2000,4023.8000,4025.0000,4025.4000,2,5,6,1,1,3,1,1,4,1
SF,IF2006,2019-12-26 09:32:27.600,4020.6000,11683,0,155379420.000,0,-,-,-,-,4020.2000,4020.0000,4019.4000,4018.8000,4018.6000,4022.8000,4023.0000,4023.2000,4023.8000,4025.0000,2,5,6,1,1,2,1,1,1,4
SF,IF2006,2019-12-26 09:32:28.100,4020.6000,11683,0,155379420.000,0,-,-,-,-,4021.2000,4020.6000,4020.2000,4020.0000,4019.4000,4022.6000,4023.2000,4023.8000,4025.0000,4025.4000,4,1,2,5,6,3,1,1,4,1
SF,IF2006,2019-12-26 09:32:28.600,4020.6000,11683,0,155379420.000,0,-,-,-,-,4021.2000,4020.6000,4020.2000,4020.0000,4019.4000,4022.4000,4022.6000,4023.2000,4023.8000,4025.0000,4,1,1,5,6,3,2,1,1,4
SF,IF2006,2019-12-26 09:32:29.100,4021.2000,11680,-3,158998500.000,3,0,3,双平,S,4021.2000,4020.6000,4020.2000,4020.0000,4019.4000,4022.2000,4022.4000,4022.6000,4023.2000,4023.8000,1,1,1,5,6,3,1,1,1,1
SF,IF2006,2019-12-26 09:32:29.600,4021.2000,11679,-1,160204860.000,1,0,1,双平,S,4020.2000,4020.0000,4019.4000,4018.8000,4018.6000,4021.2000,4022.2000,4022.4000,4023.0000,4023.2000,1,5,6,1,1,1,2,1,1,1
SF,IF2006,2019-12-26 09:32:30.100,4022.2000,11678,-1,163824540.000,3,1,2,多平,S,4020.2000,4019.4000,4018.8000,4018.6000,4018.0000,4023.0000,4023.2000,4023.8000,4025.0000,4025.4000,1,6,1,1,1,1,1,1,4,1
SF,IF2006,2019-12-26 09:32:30.600,4022.2000,11678,0,163824540.000,0,-,-,-,-,4020.4000,4020.2000,4019.4000,4018.8000,4018.6000,4022.8000,4023.0000,4023.2000,4023.8000,4025.0000,1,1,6,1,1,3,1,1,1,4
SF,IF2006,2019-12-26 09:32:31.100,4022.2000,11678,0,163824540.000,0,-,-,-,-,4020.6000,4020.4000,4019.4000,4018.8000,4018.6000,4022.2000,4022.4000,4022.6000,4022.8000,4023.2000,1,1,6,1,1,1,1,2,2,1
SF,IF2006,2019-12-26 09:32:31.600,4022.2000,11678,0,163824540.000,0,-,-,-,-,4020.6000,4019.4000,4018.8000,4018.6000,4018.0000,4022.0000,4022.2000,4022.4000,4022.8000,4023.2000,1,6,1,1,1,1,1,1,2,1
SF,IF2006,2019-12-26 09:32:32.100,4022.2000,11678,0,163824540.000,0,-,-,-,-,4020.6000,4019.4000,4018.8000,4018.6000,4018.0000,4021.8000,4022.0000,4022.2000,4022.4000,4022.8000,1,6,1,1,1,1,2,1,1,2
SF,IF2006,2019-12-26 09:32:32.600,4022.2000,11678,0,163824540.000,0,-,-,-,-,4020.6000,4019.4000,4018.8000,4018.6000,4018.0000,4021.6000,4021.8000,4022.0000,4022.2000,4022.4000,1,6,1,1,1,1,2,2,1,1
SF,IF2006,2019-12-26 09:32:33.100,4022.2000,11678,0,163824540.000,0,-,-,-,-,4020.6000,4019.4000,4018.8000,4018.6000,4018.0000,4021.6000,4021.8000,4022.0000,4022.2000,4022.8000,1,6,1,1,1,1,2,3,1,2
SF,IF2006,2019-12-26 09:32:33.600,4021.6000,11677,-1,165031020.000,1,0,1,双平,S,4020.6000,4019.4000,4018.8000,4018.6000,4018.0000,4021.6000,4021.8000,4022.0000,4022.2000,4022.8000,1,6,1,1,1,1,1,2,1,2
SF,IF2006,2019-12-26 09:32:34.100,4020.6000,11676,-1,166237200.000,1,0,1,双平,S,4019.4000,4018.8000,4018.6000,4018.0000,4016.0000,4021.4000,4021.6000,4021.8000,4022.0000,4022.2000,6,1,1,1,1,1,1,1,1,1
SF,IF2006,2019-12-26 09:32:34.600,4020.6000,11676,0,166237200.000,0,-,-,-,-,4019.6000,4019.4000,4018.8000,4018.6000,4018.0000,4021.4000,4021.6000,4021.8000,4022.0000,4022.2000,2,8,1,1,1,1,1,1,1,2
SF,IF2006,2019-12-26 09:32:35.100,4020.6000,11676,0,166237200.000,0,-,-,-,-,4019.6000,4019.4000,4018.8000,4018.6000,4018.0000,4021.8000,4022.0000,4022.2000,4022.8000,4023.2000,2,7,1,1,1,1,1,2,2,1
SF,IF2006,2019-12-26 09:32:35.600,4020.6000,11676,0,166237200.000,0,-,-,-,-,4021.4000,4020.0000,4019.6000,4019.4000,4018.8000,4021.6000,4021.8000,4022.0000,4022.2000,4022.8000,5,1,1,7,1,1,1,1,2,2
SF,IF2006,2019-12-26 09:32:36.100,4021.4000,11677,1,172269180.000,5,3,2,空开,S,4020.0000,4019.6000,4019.4000,4018.8000,4018.6000,4021.4000,4021.8000,4022.0000,4022.2000,4022.8000,1,1,7,1,1,1,1,1,1,2
SF,IF2006,2019-12-26 09:32:36.600,4021.4000,11677,0,172269180.000,0,-,-,-,-,4020.2000,4020.0000,4019.4000,4018.8000,4018.0000,4021.0000,4021.8000,4022.0000,4022.2000,4022.8000,2,1,7,1,1,1,1,1,1,2
SF,IF2006,2019-12-26 09:32:37.100,4021.0000,11677,0,173475480.000,1,0,1,多换,S,4020.2000,4020.0000,4019.4000,4018.8000,4018.0000,4022.0000,4022.2000,4022.8000,4023.2000,4023.8000,2,1,7,1,1,2,1,2,1,1
SF,IF2006,2019-12-26 09:32:37.600,4021.0000,11677,0,173475480.000,0,-,-,-,-,4020.8000,4020.6000,4020.2000,4019.4000,4018.8000,4021.8000,4022.0000,4022.2000,4022.8000,4023.2000,1,1,2,7,1,2,1,1,1,1
SF,IF2006,2019-12-26 09:32:38.100,4021.0000,11677,0,173475480.000,0,-,-,-,-,4020.8000,4020.6000,4020.2000,4019.4000,4018.8000,4021.8000,4022.0000,4022.8000,4023.2000,4023.6000,1,1,2,7,1,2,1,1,1,1
SF,IF2006,2019-12-26 09:32:38.600,4021.0000,11677,0,173475480.000,0,-,-,-,-,4020.8000,4020.6000,4020.2000,4019.4000,4018.8000,4021.6000,4021.8000,4022.0000,4022.8000,4023.2000,1,1,1,7,1,1,1,1,1,1
SF,IF2006,2019-12-26 09:32:39.100,4020.8000,11676,-1,174681720.000,1,0,1,双平,S,4020.6000,4020.2000,4019.4000,4018.8000,4018.0000,4021.6000,4021.8000,4022.0000,4022.8000,4023.2000,1,1,7,1,1,1,1,1,1,1
SF,IF2006,2019-12-26 09:32:39.600,4020.8000,11676,0,174681720.000,0,-,-,-,-,4019.4000,4019.2000,4018.8000,4018.0000,4016.0000,4021.4000,4021.6000,4021.8000,4022.0000,4022.8000,7,2,1,1,1,1,1,1,1,1
SF,IF2006,2019-12-26 09:32:40.100,4020.8000,11676,0,174681720.000,0,-,-,-,-,4020.6000,4019.6000,4019.4000,4019.2000,4018.8000,4021.2000,4021.4000,4021.6000,4021.8000,4022.0000,1,1,8,2,1,1,1,1,1,1
SF,IF2006,2019-12-26 09:32:40.600,4020.6000,11676,0,175887900.000,1,0,1,多换,S,4019.6000,4019.4000,4018.8000,4018.0000,4016.0000,4020.6000,4021.2000,4021.6000,4021.8000,4022.0000,1,7,1,1,1,1,1,1,1,1
SF,IF2006,2019-12-26 09:32:41.100,4020.6000,11676,0,175887900.000,0,-,-,-,-,4019.4000,4018.8000,4018.0000,4016.0000,4015.4000,4020.4000,4020.6000,4021.2000,4021.8000,4022.0000,6,1,1,1,4,1,1,1,1,1
SF,IF2006,2019-12-26 09:32:41.600,4020.6000,11676,0,175887900.000,0,-,-,-,-,4019.4000,4018.8000,4018.0000,4016.0000,4015.4000,4020.4000,4020.6000,4021.2000,4021.6000,4021.8000,6,1,1,1,4,2,1,1,1,1
SF,IF2006,2019-12-26 09:32:42.100,4020.6000,11676,0,175887900.000,0,-,-,-,-,4020.0000,4019.4000,4018.8000,4018.0000,4016.0000,4020.2000,4020.4000,4020.6000,4021.2000,4021.6000,1,6,1,1,1,2,2,1,1,1
SF,IF2006,2019-12-26 09:32:42.600,4019.4000,11675,-1,179505540.000,3,1,2,多平,S,4019.4000,4018.0000,4016.0000,4015.4000,4011.0000,4020.2000,4020.4000,4021.0000,4021.2000,4021.6000,4,1,2,4,1,2,2,1,1,1
SF,IF2006,2019-12-26 09:32:43.100,4019.4000,11675,0,179505540.000,0,-,-,-,-,4019.4000,4018.0000,4016.0000,4015.4000,4011.0000,4020.2000,4020.4000,4021.2000,4021.6000,4022.0000,4,1,2,4,1,2,1,2,2,1
SF,IF2006,2019-12-26 09:32:43.600,4019.4000,11675,0,179505540.000,0,-,-,-,-,4019.4000,4018.0000,4016.0000,4015.4000,4011.0000,4020.2000,4020.4000,4021.2000,4021.6000,4022.0000,4,1,2,4,1,2,1,1,2,2
SF,IF2006,2019-12-26 09:32:44.100,4019.4000,11675,0,179505540.000,0,-,-,-,-,4019.4000,4018.0000,4016.0000,4015.4000,4011.0000,4020.2000,4021.2000,4021.6000,4022.0000,4023.0000,4,1,2,4,1,2,1,2,2,1
SF,IF2006,2019-12-26 09:32:44.600,4019.4000,11675,0,179505540.000,0,-,-,-,-,4019.4000,4018.0000,4016.0000,4015.4000,4011.0000,4020.2000,4021.2000,4021.6000,4022.0000,4023.0000,4,1,2,4,1,2,1,2,2,1
SF,IF2006,2019-12-26 09:32:45.100,4019.4000,11675,0,179505540.000,0,-,-,-,-,4020.0000,4019.4000,4018.0000,4016.0000,4015.4000,4020.2000,4021.2000,4021.6000,4022.0000,4023.0000,1,4,1,1,4,2,1,2,2,1
SF,IF2006,2019-12-26 09:32:45.600,4020.0000,11674,-1,180711540.000,1,0,1,双平,S,4020.0000,4019.6000,4019.4000,4018.0000,4016.0000,4020.2000,4021.2000,4021.6000,4022.0000,4023.0000,1,1,4,1,1,2,1,2,2,1
SF,IF2006,2019-12-26 09:32:46.100,4020.0000,11674,0,181917540.000,1,0,1,多换,S,4019.6000,4019.4000,4018.0000,4016.0000,4015.4000,4020.2000,4021.2000,4021.6000,4022.0000,4023.0000,1,4,1,1,4,2,1,2,2,1
SF,IF2006,2019-12-26 09:32:46.600,4020.2000,11675,1,184329660.000,2,1,1,空开,S,4020.0000,4019.6000,4019.4000,4018.0000,4016.0000,4021.6000,4022.0000,4023.0000,4023.2000,4023.8000,1,1,4,1,1,2,2,1,1,1
SF,IF2006,2019-12-26 09:32:47.100,4020.2000,11675,0,184329660.000,0,-,-,-,-,4020.0000,4019.6000,4019.4000,4018.0000,4016.0000,4021.4000,4021.6000,4022.0000,4023.0000,4023.2000,1,1,4,1,1,2,2,2,1,1
SF,IF2006,2019-12-26 09:32:48.100,4020.2000,11675,0,184329660.000,0,-,-,-,-,4020.0000,4019.6000,4018.0000,4016.0000,4015.4000,4021.2000,4021.4000,4021.6000,4022.0000,4023.0000,1,1,1,1,4,1,2,1,2,1
SF,IF2006,2019-12-26 09:32:48.600,4020.0000,11674,-1,185535660.000,1,0,1,双平,S,4019.6000,4018.0000,4016.0000,4015.4000,4011.0000,4021.0000,4021.2000,4021.4000,4021.6000,4022.0000,1,1,1,4,1,1,1,2,1,2
SF,IF2006,2019-12-26 09:32:49.100,4020.0000,11674,0,185535660.000,0,-,-,-,-,4019.6000,4018.0000,4016.0000,4015.4000,4011.0000,4020.8000,4021.0000,4021.2000,4021.4000,4021.6000,1,1,1,4,1,1,1,1,2,1
SF,IF2006,2019-12-26 09:32:49.600,4020.0000,11674,0,185535660.000,0,-,-,-,-,4019.6000,4018.0000,4016.0000,4015.4000,4011.0000,4020.6000,4020.8000,4021.2000,4021.4000,4021.6000,1,1,1,4,1,1,1,1,2,1
SF,IF2006,2019-12-26 09:32:50.100,4020.0000,11674,0,185535660.000,0,-,-,-,-,4018.0000,4016.0000,4015.4000,4011.0000,4010.2000,4020.6000,4020.8000,4021.2000,4021.4000,4021.6000,1,1,4,1,2,1,1,1,2,1
SF,IF2006,2019-12-26 09:32:50.600,4020.0000,11674,0,185535660.000,0,-,-,-,-,4018.2000,4018.0000,4016.0000,4015.4000,4011.0000,4020.4000,4020.6000,4020.8000,4021.2000,4021.4000,2,2,1,4,1,2,2,1,1,2
SF,IF2006,2019-12-26 09:32:51.100,4020.0000,11674,0,185535660.000,0,-,-,-,-,4018.2000,4018.0000,4016.0000,4015.4000,4011.0000,4020.2000,4020.4000,4020.6000,4020.8000,4021.2000,2,2,1,4,1,1,2,1,2,1
SF,IF2006,2019-12-26 09:32:51.600,4018.6000,11674,0,186741240.000,1,0,1,多换,S,4018.4000,4018.2000,4018.0000,4016.0000,4015.4000,4020.2000,4020.4000,4020.6000,4020.8000,4021.2000,2,1,2,1,4,1,2,1,2,1
SF,IF2006,2019-12-26 09:32:52.100,4018.6000,11674,0,186741240.000,0,-,-,-,-,4018.6000,4018.4000,4018.0000,4016.0000,4015.4000,4020.0000,4020.2000,4020.4000,4020.6000,4020.8000,2,2,1,1,4,1,1,2,1,2
SF,IF2006,2019-12-26 09:32:52.600,4018.6000,11674,0,186741240.000,0,-,-,-,-,4018.6000,4018.4000,4018.0000,4016.0000,4015.4000,4019.8000,4020.0000,4020.4000,4020.6000,4020.8000,1,2,1,1,4,1,1,2,1,2
SF,IF2006,2019-12-26 09:32:53.100,4018.6000,11674,0,186741240.000,0,-,-,-,-,4018.6000,4018.0000,4016.0000,4015.4000,4011.0000,4019.8000,4020.0000,4020.4000,4020.8000,4021.2000,1,1,1,4,1,1,1,2,3,1
SF,IF2006,2019-12-26 09:32:53.600,4018.6000,11674,0,186741240.000,0,-,-,-,-,4018.0000,4016.0000,4015.4000,4011.0000,4010.2000,4019.8000,4020.0000,4020.4000,4020.8000,4021.2000,1,1,4,1,2,1,1,2,3,1
SF,IF2006,2019-12-26 09:32:54.100,4018.6000,11674,0,186741240.000,0,-,-,-,-,4018.2000,4018.0000,4016.0000,4015.4000,4011.0000,4019.6000,4019.8000,4020.0000,4020.4000,4020.8000,1,2,1,4,1,1,1,1,2,3
SF,IF2006,2019-12-26 09:32:54.600,4018.6000,11674,0,186741240.000,0,-,-,-,-,4018.2000,4018.0000,4016.0000,4015.4000,4011.0000,4019.4000,4019.6000,4020.0000,4020.4000,4020.8000,1,2,1,4,1,1,1,1,2,3
SF,IF2006,2019-12-26 09:32:55.100,4018.6000,11674,0,186741240.000,0,-,-,-,-,4018.2000,4018.0000,4017.0000,4016.0000,4015.4000,4019.4000,4019.6000,4020.0000,4020.4000,4020.8000,1,2,1,1,4,1,1,1,2,3
SF,IF2006,2019-12-26 09:32:55.600,4018.6000,11674,0,186741240.000,0,-,-,-,-,4018.2000,4018.0000,4017.2000,4016.0000,4015.4000,4019.4000,4019.6000,4020.0000,4020.4000,4020.8000,1,2,1,1,4,1,1,1,1,3
SF,IF2006,2019-12-26 09:32:56.100,4018.6000,11674,0,186741240.000,0,-,-,-,-,4018.2000,4018.0000,4017.2000,4016.0000,4015.4000,4019.4000,4019.6000,4020.0000,4020.4000,4020.8000,1,1,1,1,4,1,1,1,1,3
SF,IF2006,2019-12-26 09:32:56.600,4018.6000,11674,0,186741240.000,0,-,-,-,-,4018.2000,4018.0000,4017.2000,4016.0000,4015.4000,4018.8000,4019.6000,4020.0000,4020.4000,4020.8000,1,1,1,1,4,3,1,1,1,2
SF,IF2006,2019-12-26 09:32:57.100,4018.8000,11671,-3,190358160.000,3,0,3,双平,S,4018.2000,4018.0000,4017.2000,4016.0000,4015.4000,4019.6000,4020.0000,4020.8000,4021.2000,4022.0000,1,2,1,1,4,1,1,2,1,2
SF,IF2006,2019-12-26 09:32:57.600,4018.8000,11671,0,190358160.000,0,-,-,-,-,4018.4000,4018.2000,4018.0000,4017.2000,4016.0000,4019.6000,4020.0000,4020.8000,4021.2000,4022.0000,1,1,2,1,1,1,1,2,1,2
SF,IF2006,2019-12-26 09:32:58.100,4018.8000,11671,0,190358160.000,0,-,-,-,-,4018.6000,4018.4000,4018.0000,4017.2000,4016.0000,4019.6000,4020.8000,4021.2000,4022.0000,4023.0000,2,1,2,1,1,1,2,1,2,1
SF,IF2006,2019-12-26 09:32:58.600,4018.8000,11671,0,190358160.000,0,-,-,-,-,4018.6000,4018.4000,4018.0000,4017.2000,4016.0000,4020.8000,4021.2000,4022.0000,4023.0000,4023.2000,2,1,2,1,1,2,1,2,1,1
SF,IF2006,2019-12-26 09:32:59.100,4018.8000,11671,0,190358160.000,0,-,-,-,-,4018.6000,4018.0000,4017.2000,4016.0000,4015.4000,4020.6000,4020.8000,4021.2000,4022.0000,4023.0000,2,2,1,1,4,2,2,1,2,1
SF,IF2006,2019-12-26 09:32:59.600,4018.8000,11671,0,190358160.000,0,-,-,-,-,4018.8000,4018.6000,4018.0000,4017.2000,4016.0000,4020.6000,4020.8000,4021.2000,4022.0000,4023.0000,1,2,2,1,1,2,2,1,2,1
SF,IF2006,2019-12-26 09:33:00.100,4018.8000,11671,0,190358160.000,0,-,-,-,-,4019.0000,4018.6000,4018.0000,4017.2000,4016.0000,4020.6000,4020.8000,4021.2000,4022.0000,4023.0000,1,1,2,1,1,2,1,1,2,1
SF,IF2006,2019-12-26 09:33:00.600,4018.8000,11671,0,190358160.000,0,-,-,-,-,4019.0000,4018.6000,4018.0000,4017.2000,4016.0000,4020.6000,4020.8000,4021.2000,4022.0000,4023.0000,1,1,2,1,1,1,1,1,2,1
SF,IF2006,2019-12-26 09:33:01.100,4018.8000,11671,0,190358160.000,0,-,-,-,-,4019.4000,4019.2000,4019.0000,4018.0000,4017.2000,4020.4000,4020.6000,4020.8000,4021.2000,4022.0000,1,1,1,2,1,1,1,1,1,1
SF,IF2006,2019-12-26 09:33:01.600,4019.0000,11670,-1,191563860.000,1,0,1,双平,S,4019.6000,4019.4000,4019.2000,4018.0000,4017.2000,4020.4000,4020.8000,4021.2000,4022.0000,4023.0000,1,1,1,2,1,1,1,1,1,1
SF,IF2006,2019-12-26 09:33:02.100,4019.0000,11670,0,191563860.000,0,-,-,-,-,4019.4000,4019.2000,4018.0000,4017.2000,4016.0000,4020.4000,4020.8000,4021.2000,4022.0000,4023.0000,1,1,2,1,1,1,1,1,1,1
SF,IF2006,2019-12-26 09:33:02.600,4020.4000,11669,-1,192769980.000,1,0,1,双平,S,4019.6000,4019.4000,4019.2000,4018.0000,4017.2000,4020.8000,4021.2000,4022.0000,4023.0000,4023.2000,1,2,1,1,1,1,1,1,1,1
SF,IF2006,2019-12-26 09:33:03.100,4020.4000,11669,0,192769980.000,0,-,-,-,-,4019.6000,4019.4000,4019.2000,4018.0000,4017.2000,4020.6000,4020.8000,4022.0000,4023.0000,4023.2000,1,3,1,1,1,1,1,1,1,1
SF,IF2006,2019-12-26 09:33:03.600,4020.4000,11669,0,192769980.000,0,-,-,-,-,4019.6000,4019.4000,4019.2000,4018.0000,4017.2000,4020.8000,4022.0000,4023.0000,4023.2000,4024.4000,1,3,1,1,1,1,1,1,1,1
SF,IF2006,2019-12-26 09:33:04.100,4020.4000,11669,0,192769980.000,0,-,-,-,-,4019.4000,4019.2000,4018.0000,4017.2000,4016.0000,4020.6000,4020.8000,4023.0000,4023.2000,4024.4000,3,1,1,1,1,1,1,1,1,1
SF,IF2006,2019-12-26 09:33:04.600,4020.4000,11669,0,192769980.000,0,-,-,-,-,4019.6000,4019.4000,4019.2000,4018.0000,4017.2000,4020.6000,4020.8000,4023.0000,4023.2000,4023.8000,1,3,1,1,1,2,1,1,1,1
SF,IF2006,2019-12-26 09:33:05.100,4020.4000,11669,0,192769980.000,0,-,-,-,-,4019.4000,4019.2000,4018.0000,4017.2000,4016.0000,4020.6000,4020.8000,4023.0000,4023.2000,4023.8000,3,1,1,1,1,2,1,1,1,1
SF,IF2006,2019-12-26 09:33:05.600,4020.4000,11669,0,192769980.000,0,-,-,-,-,4019.4000,4018.0000,4017.2000,4016.0000,4015.4000,4020.6000,4020.8000,4023.0000,4023.2000,4023.8000,1,1,1,1,4,2,1,1,1,1
SF,IF2006,2019-12-26 09:33:06.100,4019.4000,11668,-1,193975800.000,1,0,1,双平,S,4018.0000,4017.2000,4016.0000,4015.4000,4014.6000,4020.6000,4023.0000,4023.2000,4023.8000,4024.4000,1,1,1,4,2,2,1,1,1,1
SF,IF2006,2019-12-26 09:33:06.600,4019.4000,11668,0,193975800.000,0,-,-,-,-,4019.4000,4018.2000,4018.0000,4017.2000,4016.0000,4020.6000,4023.0000,4023.2000,4023.8000,4024.4000,1,3,1,1,1,1,1,1,1,1
SF,IF2006,2019-12-26 09:33:07.600,4019.4000,11668,0,193975800.000,0,-,-,-,-,4019.4000,4019.0000,4018.2000,4018.0000,4017.2000,4020.6000,4023.0000,4023.2000,4023.8000,4024.4000,1,1,2,1,1,1,1,1,1,1
SF,IF2006,2019-12-26 09:33:08.100,4019.0000,11668,0,196387320.000,2,1,1,多换,S,4018.2000,4018.0000,4017.2000,4016.0000,4015.4000,4019.4000,4020.4000,4020.6000,4023.0000,4023.2000,1,1,1,1,4,1,1,1,1,1
SF,IF2006,2019-12-26 09:33:08.600,4019.4000,11667,-1,197593140.000,1,0,1,双平,S,4018.4000,4018.2000,4018.0000,4017.2000,4016.0000,4020.4000,4020.6000,4023.0000,4023.2000,4023.8000,1,1,3,1,1,2,1,1,1,1
SF,IF2006,2019-12-26 09:33:09.100,4019.4000,11667,0,197593140.000,0,-,-,-,-,4018.6000,4018.4000,4018.0000,4017.2000,4016.0000,4020.2000,4020.4000,4020.8000,4023.0000,4023.2000,1,1,3,1,1,1,2,1,1,1
SF,IF2006,2019-12-26 09:33:09.600,4019.4000,11667,0,197593140.000,0,-,-,-,-,4018.6000,4018.4000,4018.0000,4017.2000,4016.0000,4020.2000,4020.4000,4020.8000,4023.0000,4023.2000,1,1,3,1,1,1,2,1,2,1
SF,IF2006,2019-12-26 09:33:10.100,4019.4000,11667,0,197593140.000,0,-,-,-,-,4018.8000,4018.6000,4018.0000,4017.2000,4016.0000,4020.2000,4020.4000,4020.8000,4023.0000,4023.2000,1,1,3,1,1,1,2,1,2,1
SF,IF2006,2019-12-26 09:33:10.600,4019.4000,11667,0,197593140.000,0,-,-,-,-,4018.8000,4018.6000,4018.0000,4017.2000,4016.0000,4020.2000,4020.4000,4020.8000,4021.0000,4023.0000,1,1,3,1,1,1,2,1,1,2
SF,IF2006,2019-12-26 09:33:11.100,4019.4000,11667,0,197593140.000,0,-,-,-,-,4018.6000,4018.0000,4017.2000,4016.0000,4015.4000,4020.0000,4020.2000,4020.4000,4020.8000,4021.0000,1,3,1,1,4,1,1,2,1,1
SF,IF2006,2019-12-26 09:33:11.600,4019.4000,11667,0,197593140.000,0,-,-,-,-,4018.6000,4018.0000,4017.2000,4016.0000,4015.4000,4020.0000,4020.2000,4020.4000,4020.8000,4023.0000,1,3,1,1,4,1,1,2,1,2
SF,IF2006,2019-12-26 09:33:12.600,4019.4000,11667,0,197593140.000,0,-,-,-,-,4018.6000,4018.0000,4017.2000,4016.0000,4015.4000,4020.0000,4020.2000,4020.4000,4020.8000,4023.0000,1,3,1,1,4,1,1,1,1,2
SF,IF2006,2019-12-26 09:33:13.100,4019.4000,11667,0,197593140.000,0,-,-,-,-,4018.8000,4018.6000,4018.0000,4017.2000,4016.0000,4020.0000,4020.2000,4020.8000,4023.0000,4023.2000,1,1,3,1,1,1,1,1,2,1
SF,IF2006,2019-12-26 09:33:13.600,4019.4000,11667,0,197593140.000,0,-,-,-,-,4018.8000,4018.6000,4018.0000,4017.2000,4016.0000,4020.2000,4020.8000,4023.0000,4023.2000,4023.8000,1,1,4,1,1,1,1,2,1,1
SF,IF2006,2019-12-26 09:33:15.100,4019.4000,11667,0,197593140.000,0,-,-,-,-,4018.8000,4018.6000,4018.0000,4017.2000,4016.0000,4020.2000,4023.0000,4023.2000,4023.8000,4025.0000,2,1,4,1,1,1,2,1,1,4
SF,IF2006,2019-12-26 09:33:15.600,4019.4000,11667,0,197593140.000,0,-,-,-,-,4019.0000,4018.8000,4018.0000,4017.2000,4016.0000,4020.2000,4023.0000,4023.2000,4023.8000,4025.0000,1,1,4,1,1,1,2,1,1,4
SF,IF2006,2019-12-26 09:33:16.100,4019.4000,11667,0,197593140.000,0,-,-,-,-,4018.8000,4018.0000,4017.2000,4016.0000,4015.4000,4020.2000,4023.0000,4023.2000,4023.8000,4025.0000,1,4,1,1,4,1,2,1,1,4
SF,IF2006,2019-12-26 09:33:16.600,4019.4000,11667,0,197593140.000,0,-,-,-,-,4019.0000,4018.8000,4018.0000,4017.2000,4016.0000,4020.2000,4023.0000,4023.2000,4023.8000,4025.0000,2,1,4,1,1,1,2,1,1,4
SF,IF2006,2019-12-26 09:33:17.100,4019.4000,11667,0,197593140.000,0,-,-,-,-,4019.0000,4018.8000,4018.0000,4017.2000,4016.0000,4020.2000,4023.0000,4023.2000,4023.8000,4025.0000,1,1,4,1,1,1,2,1,1,4
SF,IF2006,2019-12-26 09:33:17.600,4019.4000,11667,0,197593140.000,0,-,-,-,-,4018.8000,4018.0000,4017.2000,4016.0000,4015.4000,4020.2000,4023.0000,4023.2000,4023.8000,4025.0000,1,4,1,1,4,4,2,1,1,4
SF,IF2006,2019-12-26 09:33:18.100,4019.4000,11667,0,197593140.000,0,-,-,-,-,4019.0000,4018.8000,4018.0000,4017.2000,4016.0000,4020.0000,4020.2000,4023.0000,4023.2000,4023.8000,2,1,4,1,1,1,4,2,1,1
SF,IF2006,2019-12-26 09:33:19.600,4019.4000,11667,0,197593140.000,0,-,-,-,-,4019.0000,4018.8000,4018.0000,4017.2000,4016.0000,4020.0000,4020.2000,4023.0000,4023.2000,4023.8000,1,1,4,1,1,1,4,2,1,1
SF,IF2006,2019-12-26 09:33:20.100,4019.4000,11667,0,197593140.000,0,-,-,-,-,4019.0000,4018.8000,4018.0000,4017.2000,4016.0000,4020.0000,4020.2000,4022.0000,4023.0000,4023.2000,1,1,4,1,1,1,4,1,2,1
SF,IF2006,2019-12-26 09:33:20.600,4019.4000,11667,0,197593140.000,0,-,-,-,-,4018.8000,4018.0000,4017.2000,4016.0000,4015.4000,4020.0000,4020.2000,4022.0000,4023.0000,4023.2000,1,4,1,1,4,1,4,1,2,1
SF,IF2006,2019-12-26 09:33:21.100,4019.4000,11667,0,197593140.000,0,-,-,-,-,4019.0000,4018.8000,4018.0000,4017.2000,4016.0000,4020.0000,4020.2000,4023.0000,4023.2000,4023.8000,1,1,4,1,1,1,4,2,1,1
SF,IF2006,2019-12-26 09:33:21.600,4019.4000,11667,0,197593140.000,0,-,-,-,-,4019.0000,4018.8000,4018.0000,4017.2000,4016.0000,4020.0000,4020.2000,4023.0000,4023.2000,4023.8000,1,2,3,1,1,1,4,2,1,1
SF,IF2006,2019-12-26 09:33:22.600,4019.4000,11667,0,197593140.000,0,-,-,-,-,4019.0000,4018.8000,4018.0000,4017.2000,4016.0000,4020.0000,4020.2000,4023.0000,4023.2000,4023.8000,1,2,3,1,1,1,4,2,1,1
SF,IF2006,2019-12-26 09:33:23.100,4019.4000,11667,0,197593140.000,0,-,-,-,-,4019.0000,4018.8000,4018.0000,4017.2000,4016.0000,4020.0000,4020.2000,4023.0000,4023.2000,4023.8000,1,2,3,1,1,1,4,2,1,1
SF,IF2006,2019-12-26 09:33:23.600,4020.2000,11664,-3,202417320.000,4,0,4,多平,S,4019.2000,4019.0000,4018.8000,4018.0000,4017.2000,4023.0000,4023.2000,4023.8000,4025.0000,4026.0000,1,1,2,3,1,2,1,1,4,1
SF,IF2006,2019-12-26 09:33:24.100,4020.2000,11664,0,202417320.000,0,-,-,-,-,4019.4000,4019.2000,4019.0000,4018.8000,4018.0000,4021.6000,4022.8000,4023.0000,4023.2000,4023.8000,1,1,1,2,3,1,3,2,1,1
SF,IF2006,2019-12-26 09:33:24.600,4020.2000,11664,0,202417320.000,0,-,-,-,-,4019.6000,4019.4000,4019.0000,4018.8000,4018.0000,4021.2000,4021.4000,4022.8000,4023.0000,4023.2000,1,2,1,2,3,1,1,2,2,1
SF,IF2006,2019-12-26 09:33:25.100,4020.2000,11664,0,202417320.000,0,-,-,-,-,4019.8000,4019.6000,4019.4000,4019.0000,4018.8000,4022.8000,4023.0000,4023.2000,4023.8000,4025.0000,3,1,3,1,2,2,2,1,1,4
SF,IF2006,2019-12-26 09:33:25.600,4020.2000,11664,0,202417320.000,0,-,-,-,-,4020.0000,4019.8000,4019.4000,4018.8000,4018.0000,4022.0000,4022.4000,4022.6000,4022.8000,4023.0000,1,3,3,2,3,1,1,1,1,3
SF,IF2006,2019-12-26 09:33:26.100,4020.2000,11664,0,202417320.000,0,-,-,-,-,4020.2000,4020.0000,4019.8000,4019.4000,4018.8000,4021.8000,4022.4000,4023.0000,4023.2000,4023.8000,2,1,2,3,2,1,1,3,1,1
SF,IF2006,2019-12-26 09:33:26.600,4020.2000,11664,0,202417320.000,0,-,-,-,-,4020.4000,4020.2000,4019.8000,4019.4000,4018.8000,4023.0000,4023.2000,4023.8000,4025.0000,4026.0000,1,2,1,2,2,3,1,1,4,1
SF,IF2006,2019-12-26 09:33:27.100,4020.2000,11664,0,202417320.000,0,-,-,-,-,4020.8000,4020.4000,4020.2000,4019.8000,4019.4000,4022.8000,4023.0000,4023.2000,4023.8000,4025.0000,1,1,2,1,2,2,3,1,1,4
SF,IF2006,2019-12-26 09:33:27.600,4020.2000,11664,0,202417320.000,0,-,-,-,-,4021.0000,4020.8000,4020.2000,4019.8000,4019.4000,4022.8000,4023.0000,4023.2000,4023.8000,4025.0000,1,1,2,1,2,2,3,1,1,4
SF,IF2006,2019-12-26 09:33:28.100,4020.2000,11664,0,202417320.000,0,-,-,-,-,4020.2000,4019.8000,4019.4000,4018.8000,4018.0000,4022.8000,4023.0000,4023.2000,4023.8000,4025.0000,2,1,2,2,3,1,3,1,1,4
SF,IF2006,2019-12-26 09:33:28.600,4020.2000,11664,0,202417320.000,0,-,-,-,-,4020.6000,4020.4000,4020.2000,4019.4000,4018.8000,4022.6000,4022.8000,4023.0000,4023.2000,4023.8000,1,1,1,2,2,1,1,3,1,1
SF,IF2006,2019-12-26 09:33:29.100,4020.2000,11664,0,202417320.000,0,-,-,-,-,4020.8000,4020.6000,4019.4000,4018.8000,4018.0000,4022.4000,4022.6000,4023.0000,4023.2000,4023.8000,1,1,2,3,3,1,1,3,1,1
SF,IF2006,2019-12-26 09:33:29.600,4020.2000,11664,0,202417320.000,0,-,-,-,-,4020.6000,4019.4000,4018.8000,4018.0000,4017.2000,4022.2000,4022.4000,4022.6000,4023.0000,4023.2000,1,2,3,3,1,1,1,1,3,1
SF,IF2006,2019-12-26 09:33:30.100,4020.2000,11664,0,202417320.000,0,-,-,-,-,4020.8000,4020.6000,4019.4000,4018.8000,4018.0000,4022.0000,4022.2000,4023.0000,4023.2000,4023.8000,1,1,2,3,3,1,1,3,1,1
SF,IF2006,2019-12-26 09:33:30.600,4020.2000,11664,0,202417320.000,0,-,-,-,-,4021.0000,4020.6000,4019.4000,4018.8000,4018.0000,4022.0000,4023.0000,4023.2000,4023.8000,4025.0000,1,1,2,3,3,1,3,1,1,4
SF,IF2006,2019-12-26 09:33:31.100,4020.2000,11664,0,202417320.000,0,-,-,-,-,4021.2000,4021.0000,4020.6000,4019.4000,4018.8000,4023.0000,4023.2000,4023.8000,4025.0000,4026.0000,1,1,1,2,3,3,1,1,4,1
SF,IF2006,2019-12-26 09:33:31.600,4021.2000,11663,-1,203623680.000,1,0,1,双平,S,4021.0000,4020.6000,4019.4000,4018.8000,4018.0000,4022.8000,4023.0000,4023.2000,4023.8000,4025.0000,1,1,2,3,3,1,3,1,1,4
SF,IF2006,2019-12-26 09:33:32.100,4021.2000,11663,0,203623680.000,0,-,-,-,-,4021.2000,4020.6000,4019.4000,4018.8000,4018.0000,4022.8000,4023.0000,4023.2000,4023.8000,4025.0000,1,1,2,3,3,1,3,1,1,4
SF,IF2006,2019-12-26 09:33:32.600,4021.2000,11663,0,203623680.000,0,-,-,-,-,4021.2000,4020.6000,4019.4000,4018.8000,4018.0000,4022.6000,4022.8000,4023.0000,4023.2000,4023.8000,1,1,2,3,3,1,1,3,1,1
SF,IF2006,2019-12-26 09:33:33.100,4021.2000,11662,-1,204830040.000,1,0,1,双平,S,4020.6000,4019.4000,4018.8000,4018.0000,4017.2000,4022.6000,4022.8000,4023.0000,4023.2000,4023.8000,1,2,3,3,1,1,1,2,1,1
SF,IF2006,2019-12-26 09:33:33.600,4021.2000,11662,0,204830040.000,0,-,-,-,-,4020.8000,4020.6000,4019.4000,4018.8000,4018.0000,4022.4000,4023.0000,4023.2000,4023.8000,4025.0000,3,1,2,3,3,1,2,1,1,4
SF,IF2006,2019-12-26 09:33:34.100,4021.2000,11662,0,204830040.000,0,-,-,-,-,4020.8000,4019.4000,4018.8000,4018.0000,4017.2000,4022.4000,4023.0000,4023.2000,4023.8000,4025.0000,3,2,3,3,1,1,2,1,1,4
SF,IF2006,2019-12-26 09:33:34.600,4021.2000,11662,0,204830040.000,0,-,-,-,-,4021.4000,4019.4000,4018.8000,4018.0000,4017.2000,4022.2000,4022.4000,4023.0000,4023.2000,4023.8000,1,2,3,3,1,1,1,2,1,1
SF,IF2006,2019-12-26 09:33:35.100,4021.2000,11662,0,204830040.000,0,-,-,-,-,4021.4000,4021.2000,4019.4000,4018.8000,4018.0000,4022.0000,4022.2000,4023.0000,4023.2000,4023.8000,1,1,2,3,3,1,1,2,1,1
SF,IF2006,2019-12-26 09:33:35.600,4021.2000,11662,0,204830040.000,0,-,-,-,-,4019.4000,4018.8000,4018.0000,4017.2000,4016.0000,4022.0000,4022.2000,4023.0000,4023.2000,4023.8000,2,3,3,1,1,1,1,2,1,1
SF,IF2006,2019-12-26 09:33:36.100,4021.2000,11662,0,204830040.000,0,-,-,-,-,4020.2000,4019.6000,4019.4000,4018.8000,4018.0000,4021.8000,4022.0000,4022.2000,4023.0000,4023.2000,1,1,2,3,3,1,1,1,2,1
SF,IF2006,2019-12-26 09:33:36.600,4021.2000,11662,0,204830040.000,0,-,-,-,-,4020.2000,4019.6000,4019.4000,4018.8000,4018.0000,4021.6000,4021.8000,4023.0000,4023.2000,4023.8000,1,1,2,3,3,1,1,2,1,1
SF,IF2006,2019-12-26 09:33:37.100,4021.2000,11662,0,204830040.000,0,-,-,-,-,4020.2000,4019.6000,4019.4000,4018.8000,4018.0000,4021.4000,4021.6000,4021.8000,4023.0000,4023.2000,1,1,2,3,3,1,1,1,2,1
SF,IF2006,2019-12-26 09:33:37.600,4021.2000,11662,0,204830040.000,0,-,-,-,-,4020.2000,4019.6000,4019.4000,4018.8000,4018.0000,4021.2000,4021.4000,4021.8000,4023.0000,4023.2000,1,1,2,3,3,1,1,1,2,1
SF,IF2006,2019-12-26 09:33:38.100,4021.2000,11662,0,204830040.000,0,-,-,-,-,4020.2000,4019.6000,4019.4000,4018.8000,4018.0000,4021.2000,4021.8000,4023.0000,4023.2000,4023.8000,1,1,2,3,3,1,1,2,1,1
SF,IF2006,2019-12-26 09:33:38.600,4021.2000,11662,0,204830040.000,0,-,-,-,-,4020.2000,4019.6000,4019.4000,4018.8000,4018.0000,4021.2000,4023.0000,4023.2000,4023.8000,4025.0000,1,1,2,3,3,1,2,1,1,4
SF,IF2006,2019-12-26 09:33:39.100,4021.2000,11661,-1,206036400.000,1,0,1,双平,S,4020.2000,4019.6000,4019.4000,4018.8000,4018.0000,4023.0000,4023.2000,4023.8000,4025.0000,4026.0000,1,1,2,3,3,2,1,1,4,1
SF,IF2006,2019-12-26 09:33:39.600,4021.2000,11661,0,206036400.000,0,-,-,-,-,4020.4000,4020.2000,4019.4000,4018.8000,4018.0000,4022.8000,4023.0000,4023.2000,4023.8000,4025.0000,1,1,2,3,3,2,2,1,1,4
SF,IF2006,2019-12-26 09:33:40.600,4021.2000,11661,0,206036400.000,0,-,-,-,-,4020.4000,4020.2000,4019.4000,4018.8000,4018.0000,4022.8000,4023.0000,4023.2000,4023.8000,4025.0000,1,1,2,3,3,1,2,1,1,4
SF,IF2006,2019-12-26 09:33:41.100,4021.2000,11661,0,206036400.000,0,-,-,-,-,4020.6000,4020.4000,4020.2000,4019.4000,4018.8000,4022.0000,4022.8000,4023.0000,4023.2000,4023.8000,2,1,1,2,3,1,1,2,1,1
SF,IF2006,2019-12-26 09:33:41.600,4021.2000,11661,0,206036400.000,0,-,-,-,-,4020.8000,4020.6000,4020.2000,4019.4000,4018.8000,4022.0000,4022.8000,4023.0000,4023.2000,4023.8000,1,2,6,2,3,1,1,2,1,1
SF,IF2006,2019-12-26 09:33:42.100,4021.2000,11661,0,206036400.000,0,-,-,-,-,4021.0000,4020.8000,4020.6000,4020.2000,4019.4000,4022.0000,4022.8000,4023.0000,4023.2000,4023.8000,1,1,1,6,2,1,1,2,1,1
SF,IF2006,2019-12-26 09:33:42.600,4021.2000,11661,0,206036400.000,0,-,-,-,-,4021.0000,4020.8000,4020.2000,4019.4000,4018.8000,4022.0000,4022.8000,4023.0000,4023.2000,4023.8000,1,1,6,2,3,1,1,2,1,1
SF,IF2006,2019-12-26 09:33:43.600,4021.2000,11661,0,206036400.000,0,-,-,-,-,4021.0000,4020.8000,4020.2000,4019.4000,4018.8000,4022.0000,4022.8000,4023.0000,4023.2000,4025.0000,1,1,6,2,3,1,1,2,1,4
SF,IF2006,2019-12-26 09:33:45.600,4021.2000,11661,0,206036400.000,0,-,-,-,-,4021.0000,4020.8000,4020.2000,4019.4000,4018.8000,4022.0000,4022.6000,4022.8000,4023.0000,4023.2000,1,1,6,2,3,1,1,1,2,1
SF,IF2006,2019-12-26 09:33:46.100,4021.2000,11661,0,206036400.000,0,-,-,-,-,4020.8000,4020.2000,4019.4000,4018.8000,4018.0000,4022.0000,4022.6000,4022.8000,4023.0000,4023.2000,1,6,2,3,3,1,1,1,2,1
SF,IF2006,2019-12-26 09:33:46.600,4021.2000,11661,0,206036400.000,0,-,-,-,-,4020.8000,4020.2000,4019.4000,4018.8000,4018.0000,4021.8000,4022.0000,4022.6000,4022.8000,4023.0000,1,6,2,3,3,1,1,1,1,2
SF,IF2006,2019-12-26 09:33:48.600,4022.0000,11661,0,208449540.000,2,1,1,多换,S,4022.0000,4020.8000,4020.2000,4019.4000,4018.8000,4022.6000,4022.8000,4023.0000,4023.2000,4025.0000,1,1,6,2,3,1,1,2,1,4
SF,IF2006,2019-12-26 09:33:49.100,4022.0000,11661,0,209656140.000,1,0,1,多换,S,4020.2000,4019.4000,4018.8000,4018.0000,4017.2000,4022.4000,4022.6000,4023.0000,4023.2000,4025.0000,6,2,3,3,1,3,1,2,1,4
SF,IF2006,2019-12-26 09:33:49.600,4022.0000,11661,0,209656140.000,0,-,-,-,-,4020.4000,4020.2000,4019.4000,4018.8000,4018.0000,4022.2000,4022.4000,4022.6000,4023.0000,4023.2000,2,6,2,3,3,1,3,1,2,1
SF,IF2006,2019-12-26 09:33:50.100,4022.0000,11661,0,209656140.000,0,-,-,-,-,4020.4000,4019.4000,4018.8000,4018.0000,4017.2000,4022.0000,4022.2000,4022.4000,4022.6000,4023.0000,2,2,3,3,1,1,1,1,1,2
SF,IF2006,2019-12-26 09:33:50.600,4022.0000,11661,0,209656140.000,0,-,-,-,-,4020.4000,4019.4000,4018.8000,4018.0000,4017.2000,4021.8000,4022.0000,4022.2000,4022.4000,4022.6000,2,2,3,3,1,1,1,1,1,1
SF,IF2006,2019-12-26 09:33:51.100,4022.0000,11661,0,209656140.000,0,-,-,-,-,4020.4000,4019.4000,4018.8000,4018.0000,4017.2000,4021.8000,4022.2000,4022.4000,4022.6000,4023.0000,2,2,3,3,1,1,1,1,1,2
SF,IF2006,2019-12-26 09:33:51.600,4022.0000,11661,0,209656140.000,0,-,-,-,-,4020.6000,4020.4000,4019.4000,4018.8000,4018.0000,4021.8000,4022.2000,4022.4000,4022.6000,4023.0000,1,2,2,3,3,1,1,1,1,2
SF,IF2006,2019-12-26 09:33:52.100,4022.0000,11661,0,209656140.000,0,-,-,-,-,4020.8000,4020.6000,4020.4000,4019.4000,4018.8000,4021.8000,4022.4000,4022.6000,4023.0000,4023.2000,1,1,1,2,3,1,1,1,2,1
SF,IF2006,2019-12-26 09:33:52.600,4022.0000,11661,0,209656140.000,0,-,-,-,-,4020.8000,4020.6000,4019.4000,4018.8000,4018.0000,4022.4000,4022.6000,4023.0000,4023.2000,4025.0000,1,1,2,3,3,1,1,2,1,4
SF,IF2006,2019-12-26 09:33:53.100,4022.0000,11661,0,209656140.000,0,-,-,-,-,4021.2000,4019.4000,4018.8000,4018.0000,4017.2000,4022.2000,4022.4000,4022.6000,4023.0000,4023.2000,1,2,3,3,1,2,1,1,2,1
SF,IF2006,2019-12-26 09:33:53.600,4022.0000,11661,0,209656140.000,0,-,-,-,-,4019.4000,4018.8000,4018.0000,4017.2000,4016.0000,4022.2000,4022.4000,4022.6000,4023.0000,4023.2000,2,3,3,1,1,2,1,1,2,1
SF,IF2006,2019-12-26 09:33:54.100,4022.0000,11661,0,209656140.000,0,-,-,-,-,4020.8000,4019.8000,4019.6000,4019.4000,4019.0000,4022.4000,4022.6000,4023.0000,4023.2000,4025.0000,1,1,2,2,1,1,1,2,1,4
SF,IF2006,2019-12-26 09:33:54.600,4022.0000,11661,0,209656140.000,0,-,-,-,-,4021.8000,4021.0000,4020.8000,4019.8000,4019.6000,4022.4000,4022.6000,4023.0000,4023.2000,4025.0000,3,1,1,1,1,1,1,2,1,4
SF,IF2006,2019-12-26 09:33:55.100,4021.8000,11661,0,213275760.000,3,1,2,多换,S,4021.0000,4020.8000,4019.8000,4019.4000,4018.8000,4021.8000,4022.4000,4022.6000,4022.8000,4023.0000,1,1,1,2,3,1,1,1,1,2
SF,IF2006,2019-12-26 09:33:56.600,4021.8000,11661,0,213275760.000,0,-,-,-,-,4021.0000,4020.8000,4019.8000,4019.4000,4018.8000,4021.8000,4022.4000,4022.6000,4022.8000,4023.0000,1,1,1,2,3,1,1,1,1,2
SF,IF2006,2019-12-26 09:33:57.100,4021.8000,11661,0,213275760.000,0,-,-,-,-,4020.8000,4020.2000,4019.8000,4019.4000,4018.8000,4021.8000,4022.4000,4022.6000,4022.8000,4023.0000,1,2,1,2,3,1,1,1,1,2
SF,IF2006,2019-12-26 09:33:57.600,4021.8000,11661,0,213275760.000,0,-,-,-,-,4020.2000,4019.8000,4019.4000,4018.8000,4018.0000,4021.8000,4022.4000,4022.6000,4022.8000,4023.0000,2,1,2,3,1,1,1,1,1,2
SF,IF2006,2019-12-26 09:33:58.100,4021.8000,11661,0,213275760.000,0,-,-,-,-,4020.4000,4020.2000,4019.4000,4018.8000,4018.0000,4021.6000,4021.8000,4022.4000,4022.6000,4022.8000,1,2,2,3,1,2,1,1,1,1
SF,IF2006,2019-12-26 09:33:59.100,4021.8000,11661,0,213275760.000,0,-,-,-,-,4020.4000,4020.2000,4019.4000,4018.8000,4018.0000,4021.6000,4021.8000,4022.4000,4022.6000,4022.8000,1,2,2,4,1,2,1,1,1,1
SF,IF2006,2019-12-26 09:34:00.100,4021.8000,11661,0,213275760.000,0,-,-,-,-,4020.4000,4020.2000,4019.4000,4018.8000,4018.0000,4021.6000,4022.4000,4022.6000,4022.8000,4023.0000,1,2,2,4,1,1,1,1,1,2
SF,IF2006,2019-12-26 09:34:00.600,4021.6000,11661,0,214482240.000,1,0,1,多换,S,4020.2000,4019.4000,4018.8000,4018.0000,4017.2000,4022.4000,4022.6000,4022.8000,4023.0000,4023.2000,2,2,4,1,1,1,1,1,2,1
SF,IF2006,2019-12-26 09:34:01.100,4021.6000,11661,0,214482240.000,0,-,-,-,-,4022.0000,4021.6000,4020.4000,4020.2000,4018.8000,4022.2000,4022.4000,4022.6000,4022.8000,4023.0000,1,1,1,2,4,3,1,1,1,2
SF,IF2006,2019-12-26 09:34:01.600,4021.6000,11660,-1,216895320.000,2,0,2,多平,S,4020.4000,4020.2000,4018.8000,4018.0000,4017.2000,4021.6000,4022.0000,4022.2000,4022.4000,4022.6000,1,4,4,1,1,3,3,3,1,1
SF,IF2006,2019-12-26 09:34:02.100,4021.6000,11660,0,216895320.000,0,-,-,-,-,4020.4000,4020.2000,4018.8000,4018.0000,4017.2000,4021.6000,4022.0000,4022.2000,4022.4000,4022.6000,1,4,4,1,1,1,2,2,1,1
SF,IF2006,2019-12-26 09:34:02.600,4021.6000,11660,0,216895320.000,0,-,-,-,-,4020.4000,4020.2000,4018.8000,4018.0000,4017.2000,4021.6000,4021.8000,4022.0000,4022.2000,4022.4000,1,4,4,1,1,1,1,2,3,1
SF,IF2006,2019-12-26 09:34:03.100,4021.6000,11660,0,216895320.000,0,-,-,-,-,4020.4000,4020.2000,4018.8000,4018.0000,4017.2000,4021.8000,4022.0000,4022.2000,4022.4000,4022.6000,1,4,4,1,1,4,3,2,1,1
SF,IF2006,2019-12-26 09:34:03.600,4020.2000,11659,-1,219307500.000,2,0,2,多平,S,4020.2000,4018.8000,4018.0000,4017.2000,4016.0000,4021.6000,4021.8000,4022.0000,4022.2000,4022.4000,3,4,1,1,1,3,4,3,1,1
SF,IF2006,2019-12-26 09:34:04.100,4020.2000,11658,-1,220513560.000,1,0,1,双平,S,4020.2000,4018.8000,4018.0000,4017.2000,4016.0000,4021.4000,4021.6000,4021.8000,4022.0000,4022.4000,2,4,1,1,1,1,4,4,3,1
SF,IF2006,2019-12-26 09:34:04.600,4021.2000,11658,0,222926280.000,2,1,1,多换,S,4020.2000,4018.8000,4018.0000,4017.2000,4016.0000,4021.2000,4021.4000,4021.6000,4021.8000,4022.0000,2,4,1,1,1,1,2,3,3,2
SF,IF2006,2019-12-26 09:34:05.100,4021.2000,11658,0,222926280.000,0,-,-,-,-,4020.4000,4020.2000,4018.8000,4018.0000,4017.2000,4021.2000,4021.4000,4021.6000,4021.8000,4022.0000,1,2,4,1,1,1,3,3,3,2
SF,IF2006,2019-12-26 09:34:05.600,4021.2000,11658,0,222926280.000,0,-,-,-,-,4020.4000,4020.2000,4018.8000,4018.0000,4017.2000,4021.2000,4021.4000,4021.6000,4021.8000,4022.0000,1,2,4,1,1,1,2,3,3,2
SF,IF2006,2019-12-26 09:34:06.100,4021.2000,11658,0,222926280.000,0,-,-,-,-,4020.4000,4020.2000,4018.8000,4018.0000,4017.2000,4021.2000,4021.4000,4021.6000,4021.8000,4022.4000,1,2,4,1,1,1,2,2,3,1
SF,IF2006,2019-12-26 09:34:06.600,4020.4000,11658,0,224132400.000,1,0,1,多换,S,4020.2000,4018.8000,4018.0000,4017.2000,4016.0000,4020.4000,4021.2000,4021.4000,4021.6000,4021.8000,2,4,1,1,1,1,1,2,1,4
SF,IF2006,2019-12-26 09:34:07.100,4020.4000,11658,0,225338520.000,1,0,1,多换,S,4020.2000,4018.8000,4018.0000,4017.2000,4016.0000,4021.2000,4021.4000,4021.6000,4021.8000,4022.4000,2,4,1,1,1,1,2,1,4,1
SF,IF2006,2019-12-26 09:34:07.600,4021.2000,11658,0,226544880.000,1,0,1,多换,S,4021.2000,4020.2000,4018.8000,4018.0000,4017.2000,4021.4000,4021.6000,4021.8000,4022.4000,4022.6000,1,2,4,1,1,2,1,4,1,1
SF,IF2006,2019-12-26 09:34:08.100,4021.4000,11659,1,231370440.000,4,2,2,空开,S,4020.2000,4018.8000,4018.0000,4017.2000,4016.0000,4021.6000,4021.8000,4022.4000,4022.6000,4022.8000,2,4,1,1,1,1,4,1,1,1
SF,IF2006,2019-12-26 09:34:08.600,4021.4000,11659,0,231370440.000,0,-,-,-,-,4020.4000,4020.2000,4018.8000,4018.0000,4017.2000,4021.4000,4021.6000,4021.8000,4022.4000,4022.6000,1,2,4,1,1,2,1,3,1,1
SF,IF2006,2019-12-26 09:34:09.100,4021.4000,11659,0,231370440.000,0,-,-,-,-,4020.4000,4020.2000,4018.8000,4018.0000,4017.2000,4021.4000,4021.8000,4022.4000,4022.6000,4022.8000,1,2,4,1,1,2,3,1,1,1
SF,IF2006,2019-12-26 09:34:09.600,4021.4000,11659,0,231370440.000,0,-,-,-,-,4020.4000,4020.2000,4018.8000,4018.0000,4017.2000,4021.8000,4022.4000,4022.6000,4022.8000,4023.0000,1,2,4,1,1,3,1,1,1,2
SF,IF2006,2019-12-26 09:34:10.100,4021.4000,11659,0,231370440.000,0,-,-,-,-,4020.4000,4020.2000,4018.8000,4018.0000,4017.2000,4021.6000,4021.8000,4022.4000,4022.6000,4022.8000,1,2,4,1,1,2,3,1,1,1
SF,IF2006,2019-12-26 09:34:10.600,4021.4000,11659,0,231370440.000,0,-,-,-,-,4020.4000,4020.2000,4018.8000,4018.0000,4017.2000,4021.6000,4021.8000,4022.4000,4022.6000,4022.8000,1,2,4,1,1,2,4,1,1,1
SF,IF2006,2019-12-26 09:34:11.100,4021.4000,11659,0,231370440.000,0,-,-,-,-,4020.4000,4018.8000,4018.0000,4017.2000,4016.0000,4021.2000,4021.4000,4021.6000,4021.8000,4022.4000,1,4,1,1,1,1,1,3,4,1
SF,IF2006,2019-12-26 09:34:12.100,4021.4000,11659,0,231370440.000,0,-,-,-,-,4020.4000,4018.8000,4018.0000,4017.2000,4016.8000,4021.2000,4021.4000,4021.6000,4021.8000,4022.4000,1,4,1,1,2,1,1,3,4,1
SF,IF2006,2019-12-26 09:34:13.100,4021.4000,11659,0,231370440.000,0,-,-,-,-,4020.4000,4018.8000,4018.0000,4017.2000,4016.8000,4021.2000,4021.4000,4021.6000,4021.8000,4022.4000,1,4,1,1,2,1,1,3,4,1
SF,IF2006,2019-12-26 09:34:14.100,4021.4000,11659,0,231370440.000,0,-,-,-,-,4018.8000,4018.0000,4017.2000,4016.8000,4016.0000,4020.0000,4021.2000,4021.4000,4021.6000,4021.8000,4,1,1,2,1,1,1,1,3,4
SF,IF2006,2019-12-26 09:34:14.600,4020.0000,11659,0,232576440.000,1,0,1,多换,S,4019.4000,4019.0000,4018.8000,4018.0000,4017.2000,4020.4000,4021.2000,4021.4000,4021.6000,4021.8000,2,3,4,1,1,1,1,1,2,3
SF,IF2006,2019-12-26 09:34:15.100,4021.4000,11658,-1,236195340.000,3,1,2,多平,S,4019.6000,4019.4000,4019.0000,4018.8000,4018.0000,4021.4000,4021.6000,4021.8000,4022.4000,4022.6000,1,3,2,4,1,1,2,4,1,1
SF,IF2006,2019-12-26 09:34:15.600,4021.4000,11658,0,236195340.000,0,-,-,-,-,4021.2000,4019.8000,4019.6000,4019.4000,4019.0000,4021.6000,4021.8000,4022.4000,4022.6000,4022.8000,1,1,1,2,2,2,4,1,1,1
SF,IF2006,2019-12-26 09:34:16.100,4021.2000,11657,-1,237401700.000,1,0,1,双平,S,4020.0000,4019.8000,4019.6000,4019.4000,4018.8000,4020.8000,4021.6000,4021.8000,4022.4000,4022.6000,1,1,1,2,4,1,2,4,1,1
SF,IF2006,2019-12-26 09:34:16.600,4021.2000,11657,0,237401700.000,0,-,-,-,-,4020.0000,4019.8000,4019.6000,4019.4000,4018.8000,4020.8000,4021.4000,4021.6000,4021.8000,4022.4000,1,1,1,2,4,1,1,2,4,1
SF,IF2006,2019-12-26 09:34:17.100,4021.2000,11657,0,237401700.000,0,-,-,-,-,4020.0000,4019.6000,4019.4000,4018.8000,4018.0000,4020.8000,4021.4000,4021.6000,4021.8000,4022.4000,1,1,1,4,1,1,1,2,5,1
SF,IF2006,2019-12-26 09:34:18.100,4020.0000,11657,0,238607700.000,1,0,1,多换,S,4019.6000,4019.4000,4018.8000,4018.0000,4017.2000,4020.8000,4021.4000,4021.6000,4021.8000,4022.4000,1,1,4,1,3,1,1,3,4,1
SF,IF2006,2019-12-26 09:34:18.600,4020.0000,11657,0,238607700.000,0,-,-,-,-,4018.8000,4018.0000,4017.2000,4016.0000,4015.4000,4020.6000,4020.8000,4021.4000,4021.6000,4021.8000,4,1,1,1,4,1,1,1,3,4
SF,IF2006,2019-12-26 09:34:19.100,4020.0000,11657,0,238607700.000,0,-,-,-,-,4019.0000,4018.8000,4018.0000,4017.2000,4016.0000,4020.6000,4020.8000,4021.2000,4021.4000,4021.6000,1,4,1,1,1,1,1,1,1,3
SF,IF2006,2019-12-26 09:34:19.600,4020.0000,11657,0,238607700.000,0,-,-,-,-,4019.2000,4019.0000,4018.8000,4018.0000,4017.2000,4020.6000,4020.8000,4021.0000,4021.2000,4021.4000,1,1,4,1,1,1,1,1,1,1
SF,IF2006,2019-12-26 09:34:20.100,4020.0000,11657,0,238607700.000,0,-,-,-,-,4019.4000,4019.2000,4018.8000,4018.0000,4017.2000,4020.4000,4020.6000,4020.8000,4021.0000,4021.2000,1,1,4,1,1,1,1,1,1,1
SF,IF2006,2019-12-26 09:34:20.600,4020.0000,11657,0,238607700.000,0,-,-,-,-,4019.4000,4018.8000,4018.0000,4017.2000,4016.0000,4020.4000,4020.8000,4021.0000,4021.2000,4021.4000,1,4,1,1,1,1,1,1,1,1
SF,IF2006,2019-12-26 09:34:21.600,4019.4000,11656,-1,239813520.000,1,0,1,双平,S,4018.8000,4018.0000,4017.2000,4016.0000,4015.4000,4020.4000,4020.8000,4021.0000,4021.2000,4021.4000,4,1,1,1,4,1,1,1,1,1
SF,IF2006,2019-12-26 09:34:22.100,4019.4000,11656,0,239813520.000,0,-,-,-,-,4019.0000,4018.8000,4018.0000,4017.2000,4016.0000,4020.2000,4020.4000,4020.8000,4021.0000,4021.2000,2,4,1,1,1,1,1,1,1,1
SF,IF2006,2019-12-26 09:34:22.600,4019.4000,11656,0,239813520.000,0,-,-,-,-,4019.0000,4018.8000,4018.0000,4017.2000,4016.0000,4020.2000,4020.4000,4020.8000,4021.0000,4021.2000,2,4,1,1,1,1,1,1,1,1
SF,IF2006,2019-12-26 09:34:23.100,4019.4000,11656,0,239813520.000,0,-,-,-,-,4019.2000,4018.8000,4018.0000,4017.2000,4016.0000,4020.2000,4020.4000,4020.8000,4021.0000,4021.2000,1,4,1,1,1,1,1,1,1,1
SF,IF2006,2019-12-26 09:34:23.600,4019.2000,11656,0,241019280.000,1,0,1,多换,S,4018.8000,4018.0000,4017.2000,4016.0000,4015.4000,4019.4000,4020.2000,4020.8000,4021.0000,4021.2000,4,1,1,1,4,2,1,1,1,1
SF,IF2006,2019-12-26 09:34:24.100,4019.4000,11654,-2,243430920.000,2,0,2,双平,S,4018.8000,4018.0000,4017.2000,4016.0000,4015.4000,4020.2000,4020.8000,4021.0000,4021.2000,4021.4000,4,1,1,1,4,1,1,1,1,1
SF,IF2006,2019-12-26 09:34:25.100,4019.4000,11654,0,243430920.000,0,-,-,-,-,4019.0000,4018.8000,4018.0000,4017.2000,4016.0000,4020.2000,4020.8000,4021.0000,4021.2000,4021.4000,2,4,1,1,1,1,1,1,1,1
SF,IF2006,2019-12-26 09:34:25.600,4019.4000,11654,0,243430920.000,0,-,-,-,-,4019.0000,4018.8000,4018.0000,4017.2000,4016.0000,4020.0000,4020.2000,4020.8000,4021.0000,4021.2000,4,4,1,1,1,1,1,1,1,1
SF,IF2006,2019-12-26 09:34:26.100,4019.4000,11654,0,243430920.000,0,-,-,-,-,4019.0000,4018.8000,4018.0000,4017.2000,4016.0000,4019.8000,4020.0000,4020.8000,4021.0000,4021.2000,4,4,1,1,1,1,1,1,1,1
SF,IF2006,2019-12-26 09:34:27.100,4019.4000,11654,0,243430920.000,0,-,-,-,-,4019.0000,4018.8000,4018.0000,4017.2000,4016.0000,4019.8000,4020.0000,4020.8000,4021.0000,4021.2000,1,4,1,1,1,1,1,1,1,1
SF,IF2006,2019-12-26 09:34:28.100,4019.4000,11654,0,243430920.000,0,-,-,-,-,4019.0000,4018.8000,4018.0000,4017.2000,4016.0000,4019.8000,4020.0000,4020.8000,4021.0000,4021.4000,1,4,1,1,1,1,1,1,1,1
SF,IF2006,2019-12-26 09:34:30.600,4019.4000,11654,0,243430920.000,0,-,-,-,-,4019.0000,4018.8000,4018.0000,4017.2000,4016.0000,4019.8000,4020.8000,4021.0000,4021.4000,4021.6000,1,4,1,1,1,1,1,1,1,1
SF,IF2006,2019-12-26 09:34:31.100,4019.4000,11654,0,243430920.000,0,-,-,-,-,4019.0000,4018.8000,4018.0000,4017.2000,4016.0000,4019.8000,4020.8000,4021.0000,4021.4000,4021.6000,1,4,1,1,1,1,1,1,1,1
SF,IF2006,2019-12-26 09:34:31.600,4019.0000,11653,-1,244636620.000,1,0,1,双平,S,4018.8000,4018.0000,4017.2000,4016.0000,4015.4000,4019.8000,4020.8000,4021.0000,4021.4000,4021.6000,4,1,1,1,6,1,1,1,1,1
SF,IF2006,2019-12-26 09:34:33.100,4018.8000,11653,0,247047900.000,2,1,1,多换,S,4018.8000,4018.0000,4017.2000,4016.0000,4015.4000,4019.8000,4020.8000,4021.0000,4021.4000,4021.6000,2,1,1,1,6,1,1,1,1,1
SF,IF2006,2019-12-26 09:34:33.600,4018.8000,11652,-1,248253540.000,1,0,1,双平,S,4018.8000,4018.0000,4017.2000,4016.0000,4015.4000,4019.8000,4020.8000,4021.0000,4021.4000,4021.6000,1,1,1,1,6,1,1,1,1,1
SF,IF2006,2019-12-26 09:34:34.100,4018.8000,11652,0,249459180.000,1,0,1,多换,S,4018.0000,4017.2000,4016.0000,4015.4000,4014.6000,4019.8000,4020.8000,4021.0000,4021.4000,4021.6000,1,1,1,6,2,1,1,1,1,1
SF,IF2006,2019-12-26 09:34:35.100,4018.8000,11652,0,249459180.000,0,-,-,-,-,4018.0000,4017.2000,4016.0000,4015.4000,4014.6000,4019.8000,4020.8000,4021.0000,4021.4000,4021.8000,1,1,1,6,2,1,1,1,1,3
SF,IF2006,2019-12-26 09:34:36.100,4018.8000,11652,0,249459180.000,0,-,-,-,-,4018.2000,4018.0000,4017.2000,4016.0000,4015.4000,4019.0000,4019.8000,4020.2000,4020.8000,4021.4000,1,1,1,1,4,5,1,1,1,1
SF,IF2006,2019-12-26 09:34:36.600,4019.0000,11653,1,253076280.000,3,2,1,空开,S,4018.4000,4018.2000,4018.0000,4017.2000,4016.0000,4019.0000,4019.8000,4020.2000,4020.8000,4021.4000,1,1,1,1,1,2,1,1,1,1
SF,IF2006,2019-12-26 09:34:37.100,4019.0000,11653,0,255487680.000,2,1,1,多换,S,4018.4000,4018.2000,4018.0000,4017.2000,4016.0000,4019.8000,4020.8000,4021.4000,4021.8000,4022.6000,1,1,1,1,1,1,1,1,3,1
SF,IF2006,2019-12-26 09:34:37.600,4019.0000,11653,0,255487680.000,0,-,-,-,-,4018.6000,4018.4000,4018.0000,4017.2000,4016.0000,4019.8000,4020.8000,4021.4000,4021.8000,4022.6000,1,1,1,1,1,1,1,1,3,1
SF,IF2006,2019-12-26 09:34:38.100,4019.0000,11653,0,255487680.000,0,-,-,-,-,4018.6000,4018.4000,4018.0000,4017.2000,4016.0000,4019.8000,4020.8000,4021.4000,4021.8000,4022.6000,1,1,1,1,1,1,1,1,3,1
SF,IF2006,2019-12-26 09:34:39.100,4019.0000,11653,0,255487680.000,0,-,-,-,-,4018.6000,4018.4000,4018.0000,4017.2000,4016.0000,4019.8000,4020.8000,4021.8000,4022.6000,4022.8000,1,1,1,1,1,1,1,3,1,1
SF,IF2006,2019-12-26 09:34:39.600,4019.0000,11653,0,255487680.000,0,-,-,-,-,4018.0000,4017.2000,4016.0000,4015.4000,4014.6000,4019.8000,4020.8000,4021.8000,4022.6000,4022.8000,1,1,1,4,2,1,1,3,1,1
SF,IF2006,2019-12-26 09:34:40.100,4019.0000,11653,0,255487680.000,0,-,-,-,-,4018.8000,4018.2000,4018.0000,4017.2000,4016.0000,4019.8000,4020.8000,4021.8000,4022.6000,4022.8000,1,1,1,1,1,1,1,3,1,1
SF,IF2006,2019-12-26 09:34:40.600,4019.0000,11653,0,255487680.000,0,-,-,-,-,4018.8000,4018.2000,4018.0000,4017.2000,4016.0000,4019.6000,4019.8000,4020.8000,4021.8000,4022.6000,1,1,1,1,1,1,1,1,3,1
SF,IF2006,2019-12-26 09:34:41.100,4019.0000,11653,0,255487680.000,0,-,-,-,-,4018.8000,4018.2000,4018.0000,4017.2000,4016.0000,4019.4000,4019.6000,4020.8000,4021.8000,4022.6000,1,1,1,1,1,1,1,1,3,1
SF,IF2006,2019-12-26 09:34:41.600,4018.8000,11652,-1,256693320.000,1,0,1,双平,S,4018.0000,4017.2000,4016.0000,4015.4000,4013.8000,4019.4000,4019.6000,4020.8000,4021.8000,4022.6000,1,1,1,4,1,1,1,1,3,1
SF,IF2006,2019-12-26 09:34:42.100,4018.8000,11652,0,256693320.000,0,-,-,-,-,4018.2000,4018.0000,4017.2000,4016.0000,4015.4000,4019.4000,4019.6000,4020.8000,4021.8000,4022.6000,1,1,1,1,4,1,1,1,3,1
SF,IF2006,2019-12-26 09:34:43.100,4018.8000,11652,0,256693320.000,0,-,-,-,-,4018.2000,4018.0000,4017.2000,4016.0000,4015.4000,4019.4000,4019.6000,4020.8000,4021.8000,4022.6000,1,1,1,1,4,1,1,1,3,1
SF,IF2006,2019-12-26 09:34:44.600,4018.8000,11652,0,256693320.000,0,-,-,-,-,4018.2000,4018.0000,4017.2000,4016.0000,4015.4000,4019.4000,4019.6000,4020.8000,4021.8000,4022.6000,1,1,1,1,4,1,1,1,3,1
SF,IF2006,2019-12-26 09:34:45.600,4018.8000,11652,0,256693320.000,0,-,-,-,-,4018.4000,4018.2000,4018.0000,4017.2000,4016.0000,4019.4000,4019.6000,4020.8000,4021.8000,4022.6000,1,1,1,1,1,1,1,1,3,1
SF,IF2006,2019-12-26 09:34:47.100,4018.4000,11651,-1,257898840.000,1,0,1,双平,S,4018.2000,4018.0000,4017.2000,4016.0000,4015.4000,4019.4000,4019.6000,4020.8000,4022.6000,4022.8000,1,1,1,1,4,1,1,1,1,1
SF,IF2006,2019-12-26 09:34:48.100,4018.4000,11651,0,257898840.000,0,-,-,-,-,4018.2000,4018.0000,4017.2000,4016.0000,4015.4000,4019.4000,4019.6000,4020.8000,4022.6000,4022.8000,1,1,1,1,4,1,1,2,1,1
SF,IF2006,2019-12-26 09:34:48.600,4018.4000,11651,0,257898840.000,0,-,-,-,-,4018.4000,4018.2000,4018.0000,4017.2000,4016.0000,4019.4000,4019.6000,4020.8000,4022.6000,4022.8000,1,1,1,1,1,1,1,2,1,1
