市场代码,合约代码,时间,最新,持仓,增仓,成交额,成交量,开仓,平仓,成交类型,方向,买一价,买二价,买三价,买四价,买五价,卖一价,卖二价,卖三价,卖四价,卖五价,买一量,买二量,买三量,买四量,买五量,卖一量,卖二量,卖三量,卖四量,卖五量
SF,IF2011,2020-09-24 09:29:00.000,4561.2000,2060,0,4105080.000,3.000,-,-,-,-,4559.8000,4558.4000,4558.0000,4557.8000,4556.2000,4576.4000,4581.8000,4582.4000,4584.0000,4585.6000,1,1,1,4,1,1,4,1,2,1
SF,IF2011,2020-09-24 09:30:00.500,4561.2000,2060,0,5473440.000,1,0,1,多换,S,4573.0000,4572.4000,4572.0000,4571.6000,4570.6000,4575.2000,4582.4000,4585.6000,4588.0000,4588.8000,1,1,2,1,1,1,1,1,5,1
SF,IF2011,2020-09-24 09:30:01.000,4561.2000,2060,0,5473440.000,0,-,-,-,-,4572.4000,4572.0000,4571.6000,4570.6000,4566.0000,4575.0000,4575.2000,4582.4000,4585.6000,4588.0000,1,3,1,1,1,1,1,1,1,5
SF,IF2011,2020-09-24 09:30:01.500,4573.8000,2059,-1,8217300.000,2,0,2,多平,S,4566.0000,4564.2000,4563.2000,4562.4000,4562.2000,4572.4000,4573.8000,4575.0000,4582.4000,4585.6000,1,3,3,1,2,1,1,1,1,1
SF,IF2011,2020-09-24 09:30:02.000,4573.8000,2059,0,8217300.000,0,-,-,-,-,4570.4000,4569.8000,4568.4000,4568.2000,4567.2000,4572.2000,4572.4000,4585.6000,4588.0000,4588.8000,1,1,2,1,2,2,2,1,5,1
SF,IF2011,2020-09-24 09:30:02.500,4572.2000,2059,0,10960620.000,2,1,1,多换,S,4568.4000,4568.2000,4567.2000,4566.6000,4566.4000,4571.0000,4572.2000,4572.4000,4585.6000,4588.0000,2,1,2,1,1,1,1,1,1,5
SF,IF2011,2020-09-24 09:30:03.000,4572.2000,2059,0,10960620.000,0,-,-,-,-,4568.6000,4568.4000,4568.2000,4567.2000,4566.4000,4571.0000,4585.6000,4588.0000,4590.0000,4590.6000,1,2,1,2,1,1,1,5,6,6
SF,IF2011,2020-09-24 09:30:03.500,4568.6000,2058,-1,12331200.000,1,0,1,双平,S,4567.2000,4566.4000,4565.0000,4564.2000,4563.2000,4571.0000,4588.0000,4590.0000,4590.6000,4592.8000,1,1,1,3,3,1,5,5,6,1
SF,IF2011,2020-09-24 09:30:04.000,4568.6000,2058,0,12331200.000,0,-,-,-,-,4569.6000,4569.0000,4568.4000,4568.2000,4567.4000,4570.8000,4571.0000,4572.2000,4588.0000,4590.0000,1,1,2,1,1,1,1,1,5,5
SF,IF2011,2020-09-24 09:30:04.500,4569.6000,2057,-1,13702080.000,1,0,1,双平,S,4568.4000,4568.2000,4567.2000,4566.4000,4565.0000,4588.0000,4590.0000,4590.6000,4592.8000,4596.2000,2,1,2,1,1,5,5,6,1,5
SF,IF2011,2020-09-24 09:30:05.000,4569.6000,2057,0,13702080.000,0,-,-,-,-,4568.6000,4567.2000,4566.4000,4565.0000,4564.2000,4572.4000,4573.8000,4574.2000,4574.4000,4575.6000,1,2,1,1,3,1,4,1,2,1
SF,IF2011,2020-09-24 09:30:05.500,4568.6000,2057,0,15072660.000,1,0,1,多换,S,4567.2000,4566.4000,4565.0000,4564.2000,4563.2000,4568.6000,4572.2000,4572.4000,4573.6000,4573.8000,2,1,1,3,3,1,2,1,1,4
SF,IF2011,2020-09-24 09:30:06.000,4568.6000,2057,0,16443240.000,1,0,1,多换,S,4569.8000,4569.2000,4568.4000,4568.2000,4567.8000,4572.2000,4572.4000,4573.8000,4574.0000,4574.2000,1,1,2,1,1,2,1,4,1,1
SF,IF2011,2020-09-24 09:30:06.500,4569.8000,2057,0,17814180.000,1,0,1,多换,S,4568.4000,4568.2000,4567.2000,4566.4000,4565.0000,4571.0000,4572.2000,4573.4000,4573.8000,4574.4000,1,1,2,1,1,1,2,1,4,1
SF,IF2011,2020-09-24 09:30:07.000,4569.8000,2057,0,17814180.000,0,-,-,-,-,4569.6000,4569.4000,4568.4000,4567.2000,4566.4000,4570.8000,4572.2000,4573.4000,4573.8000,4574.4000,3,1,2,1,1,1,1,1,4,1
SF,IF2011,2020-09-24 09:30:07.500,4570.6000,2056,-1,19185360.000,1,0,1,双平,S,4568.4000,4567.2000,4566.4000,4565.6000,4565.0000,4570.8000,4572.2000,4573.4000,4573.8000,4574.4000,2,1,1,1,1,1,1,1,4,1
SF,IF2011,2020-09-24 09:30:08.000,4570.6000,2056,0,19185360.000,0,-,-,-,-,4569.6000,4567.2000,4566.4000,4565.6000,4565.0000,4569.8000,4570.8000,4572.2000,4573.4000,4573.8000,1,1,1,1,1,1,1,1,1,4
SF,IF2011,2020-09-24 09:30:08.500,4569.8000,2054,-2,21927180.000,2,0,2,双平,S,4567.2000,4566.4000,4565.6000,4565.0000,4564.2000,4570.8000,4572.2000,4573.4000,4573.8000,4574.4000,1,1,1,1,3,1,1,1,4,1
SF,IF2011,2020-09-24 09:30:09.000,4569.8000,2054,0,21927180.000,0,-,-,-,-,4567.2000,4566.4000,4565.6000,4565.0000,4564.2000,4570.6000,4570.8000,4573.4000,4573.8000,4574.4000,2,1,1,1,3,1,1,1,4,1
SF,IF2011,2020-09-24 09:30:09.500,4569.8000,2054,0,21927180.000,0,-,-,-,-,4567.2000,4566.4000,4565.6000,4565.0000,4564.2000,4569.6000,4570.4000,4570.6000,4573.4000,4573.8000,2,1,1,1,3,1,1,1,1,1
SF,IF2011,2020-09-24 09:30:10.000,4567.2000,2054,0,23297340.000,1,0,1,多换,S,4567.2000,4566.4000,4565.0000,4564.2000,4563.0000,4569.4000,4570.6000,4573.4000,4573.8000,4584.4000,1,1,1,3,2,1,1,1,1,3
SF,IF2011,2020-09-24 09:30:10.500,4567.2000,2054,0,23297340.000,0,-,-,-,-,4567.2000,4566.4000,4565.0000,4564.2000,4564.0000,4569.4000,4569.6000,4570.6000,4573.4000,4573.8000,1,1,1,3,1,1,1,1,1,1
SF,IF2011,2020-09-24 09:30:11.000,4569.4000,2053,-1,24668160.000,1,0,1,双平,S,4568.6000,4567.2000,4566.4000,4565.0000,4564.2000,4570.6000,4573.4000,4573.8000,4584.4000,4587.6000,1,1,1,1,3,1,1,1,3,1
SF,IF2011,2020-09-24 09:30:11.500,4569.4000,2053,0,24668160.000,0,-,-,-,-,4567.2000,4566.4000,4565.0000,4564.2000,4564.0000,4569.6000,4570.4000,4573.4000,4573.8000,4584.4000,1,1,1,3,1,2,1,1,1,3
SF,IF2011,2020-09-24 09:30:12.000,4569.4000,2053,0,24668160.000,0,-,-,-,-,4566.4000,4565.0000,4564.2000,4564.0000,4563.0000,4569.4000,4569.6000,4573.4000,4573.8000,4584.4000,1,1,3,1,2,2,2,1,1,3
SF,IF2011,2020-09-24 09:30:12.500,4569.4000,2053,0,26038980.000,1,0,1,多换,S,4566.6000,4565.0000,4564.2000,4564.0000,4563.0000,4569.4000,4569.6000,4573.4000,4573.8000,4584.4000,1,1,3,1,2,2,2,1,1,3
SF,IF2011,2020-09-24 09:30:13.000,4566.6000,2053,0,27408960.000,1,0,1,多换,S,4565.0000,4564.2000,4564.0000,4563.0000,4562.8000,4569.2000,4569.4000,4569.6000,4573.4000,4573.8000,1,3,1,2,3,1,2,2,1,1
SF,IF2011,2020-09-24 09:30:13.500,4566.6000,2053,0,27408960.000,0,-,-,-,-,4565.4000,4565.2000,4565.0000,4564.0000,4563.0000,4568.2000,4568.4000,4569.0000,4569.2000,4569.4000,2,2,2,1,2,1,1,1,1,1
SF,IF2011,2020-09-24 09:30:14.000,4566.6000,2053,0,27408960.000,0,-,-,-,-,4565.4000,4565.0000,4564.0000,4563.0000,4562.8000,4568.0000,4568.2000,4568.4000,4569.4000,4569.6000,2,2,1,2,3,2,1,1,1,1
SF,IF2011,2020-09-24 09:30:14.500,4566.6000,2053,0,27408960.000,0,-,-,-,-,4566.8000,4566.2000,4565.6000,4565.4000,4565.0000,4568.0000,4568.2000,4568.4000,4569.2000,4569.4000,1,1,1,2,2,2,1,1,1,1
SF,IF2011,2020-09-24 09:30:15.000,4566.8000,2051,-2,30149040.000,2,0,2,双平,S,4565.8000,4565.4000,4565.0000,4564.0000,4563.0000,4567.2000,4568.0000,4568.2000,4568.4000,4569.4000,1,2,2,1,2,1,1,1,1,1
SF,IF2011,2020-09-24 09:30:15.500,4566.8000,2051,0,30149040.000,0,-,-,-,-,4565.0000,4564.0000,4563.0000,4562.0000,4561.4000,4567.0000,4567.2000,4568.2000,4568.4000,4584.4000,1,1,2,3,1,1,1,1,1,3
SF,IF2011,2020-09-24 09:30:16.000,4566.8000,2051,0,30149040.000,0,-,-,-,-,4565.0000,4562.0000,4561.4000,4560.2000,4560.0000,4566.6000,4566.8000,4567.0000,4567.2000,4584.4000,2,3,1,1,5,1,1,1,1,3
SF,IF2011,2020-09-24 09:30:16.500,4566.8000,2051,0,30149040.000,0,-,-,-,-,4565.0000,4562.0000,4560.2000,4560.0000,4556.2000,4566.4000,4566.8000,4567.2000,4584.4000,4587.6000,2,3,1,5,3,1,1,1,3,1
SF,IF2011,2020-09-24 09:30:17.000,4566.4000,2050,-1,31518960.000,1,0,1,双平,S,4565.0000,4562.0000,4560.2000,4560.0000,4556.2000,4567.2000,4584.4000,4587.6000,4587.8000,4590.0000,2,3,1,5,3,1,3,1,2,5
SF,IF2011,2020-09-24 09:30:17.500,4566.4000,2050,0,31518960.000,0,-,-,-,-,4565.2000,4565.0000,4562.0000,4560.2000,4560.0000,4567.2000,4584.4000,4587.6000,4587.8000,4590.0000,1,3,3,1,5,1,3,1,2,5
SF,IF2011,2020-09-24 09:30:18.000,4566.4000,2050,0,31518960.000,0,-,-,-,-,4565.4000,4565.2000,4565.0000,4562.0000,4560.2000,4584.4000,4587.6000,4587.8000,4590.0000,4592.8000,2,1,3,3,1,3,1,2,5,1
SF,IF2011,2020-09-24 09:30:18.500,4566.4000,2050,0,31518960.000,0,-,-,-,-,4565.6000,4565.4000,4565.0000,4564.2000,4562.0000,4568.2000,4568.4000,4569.0000,4569.6000,4570.6000,2,2,3,1,3,1,1,1,2,1
SF,IF2011,2020-09-24 09:30:19.000,4568.4000,2049,-1,35630400.000,3,1,2,多平,S,4566.2000,4565.6000,4565.4000,4565.0000,4564.2000,4569.6000,4570.6000,4570.8000,4571.0000,4571.6000,1,2,2,3,1,1,1,1,1,1
SF,IF2011,2020-09-24 09:30:19.500,4568.4000,2049,0,35630400.000,0,-,-,-,-,4566.8000,4566.6000,4566.4000,4566.2000,4565.4000,4569.4000,4569.6000,4571.6000,4572.0000,4572.8000,1,2,4,1,1,1,1,1,1,1
SF,IF2011,2020-09-24 09:30:20.000,4569.4000,2048,-1,37001220.000,1,0,1,双平,S,4567.2000,4567.0000,4566.8000,4566.6000,4566.4000,4569.6000,4571.6000,4572.0000,4572.8000,4573.0000,1,1,2,2,3,1,1,1,1,1
SF,IF2011,2020-09-24 09:30:20.500,4569.6000,2048,0,38372100.000,1,0,1,多换,S,4568.4000,4568.2000,4567.4000,4567.2000,4566.6000,4572.8000,4573.0000,4573.2000,4573.4000,4584.0000,1,2,2,2,1,1,1,3,3,1
SF,IF2011,2020-09-24 09:30:21.000,4569.6000,2048,0,38372100.000,0,-,-,-,-,4568.6000,4568.4000,4568.2000,4567.4000,4567.2000,4572.6000,4573.0000,4573.2000,4573.4000,4584.0000,2,2,2,1,2,1,1,3,3,1
SF,IF2011,2020-09-24 09:30:21.500,4569.6000,2048,0,38372100.000,0,-,-,-,-,4569.6000,4569.4000,4568.6000,4568.4000,4568.2000,4573.2000,4573.4000,4584.0000,4584.2000,4587.8000,3,1,2,2,1,3,3,1,3,1
SF,IF2011,2020-09-24 09:30:22.000,4569.6000,2048,0,38372100.000,0,-,-,-,-,4570.2000,4569.8000,4569.6000,4569.4000,4565.0000,4573.2000,4573.4000,4584.2000,4587.8000,4590.0000,2,3,7,1,2,3,3,3,1,5
SF,IF2011,2020-09-24 09:30:22.500,4569.6000,2048,0,38372100.000,0,-,-,-,-,4570.4000,4569.6000,4565.0000,4564.2000,4562.0000,4573.0000,4573.2000,4576.6000,4584.2000,4587.8000,2,2,2,1,3,1,3,3,3,1
SF,IF2011,2020-09-24 09:30:23.000,4569.6000,2048,0,38372100.000,0,-,-,-,-,4570.4000,4569.6000,4565.0000,4564.2000,4562.0000,4573.2000,4576.6000,4584.2000,4587.8000,4590.0000,2,2,2,1,3,3,3,3,1,5
SF,IF2011,2020-09-24 09:30:23.500,4569.6000,2048,0,38372100.000,0,-,-,-,-,4570.4000,4569.6000,4565.0000,4564.2000,4562.0000,4573.2000,4576.6000,4584.2000,4587.8000,4590.0000,2,2,2,1,3,3,3,3,1,5
SF,IF2011,2020-09-24 09:30:24.000,4569.6000,2048,0,38372100.000,0,-,-,-,-,4570.6000,4570.4000,4569.6000,4565.0000,4564.2000,4573.2000,4576.6000,4584.2000,4587.8000,4590.0000,1,2,2,2,1,3,3,3,1,5
SF,IF2011,2020-09-24 09:30:24.500,4569.6000,2048,0,38372100.000,0,-,-,-,-,4570.8000,4570.6000,4570.4000,4569.6000,4565.0000,4573.0000,4573.2000,4576.6000,4584.2000,4587.8000,1,1,1,1,2,1,3,3,3,1
SF,IF2011,2020-09-24 09:30:25.500,4569.8000,2047,-1,39743040.000,1,0,1,双平,S,4570.4000,4569.6000,4565.0000,4564.2000,4562.0000,4572.8000,4573.0000,4573.2000,4576.6000,4584.2000,1,1,2,1,3,1,1,3,3,3
SF,IF2011,2020-09-24 09:30:26.000,4569.8000,2047,0,39743040.000,0,-,-,-,-,4570.4000,4569.6000,4565.0000,4564.2000,4562.0000,4572.6000,4572.8000,4573.2000,4576.6000,4584.2000,1,1,2,1,3,1,1,3,3,3
SF,IF2011,2020-09-24 09:30:26.500,4570.0000,2048,1,41114040.000,1,1,0,双开,S,4570.6000,4569.6000,4565.0000,4564.2000,4562.0000,4572.6000,4572.8000,4576.6000,4580.8000,4584.2000,1,1,2,1,3,1,1,3,3,3
SF,IF2011,2020-09-24 09:30:27.000,4570.0000,2048,0,41114040.000,0,-,-,-,-,4570.6000,4569.6000,4565.0000,4564.2000,4562.0000,4572.6000,4572.8000,4576.6000,4580.8000,4587.8000,1,1,2,1,3,1,1,3,3,1
SF,IF2011,2020-09-24 09:30:27.500,4570.0000,2048,0,41114040.000,0,-,-,-,-,4570.6000,4569.6000,4565.0000,4564.2000,4562.0000,4572.6000,4572.8000,4576.6000,4580.8000,4587.8000,1,1,2,1,3,1,1,3,3,1
SF,IF2011,2020-09-24 09:30:28.000,4572.6000,2047,-1,42485820.000,1,0,1,双平,S,4570.6000,4569.6000,4565.0000,4564.2000,4562.0000,4572.8000,4576.6000,4580.8000,4587.8000,4590.0000,1,1,2,1,3,1,3,3,1,5
SF,IF2011,2020-09-24 09:30:28.500,4572.8000,2046,-1,43857660.000,1,0,1,双平,S,4571.0000,4570.6000,4569.6000,4568.0000,4565.0000,4576.6000,4580.8000,4587.8000,4590.0000,4592.8000,2,1,1,1,2,3,3,1,5,1
SF,IF2011,2020-09-24 09:30:29.000,4572.8000,2046,0,43857660.000,0,-,-,-,-,4571.2000,4569.6000,4568.0000,4565.0000,4564.2000,4575.6000,4576.0000,4576.2000,4576.4000,4576.6000,2,1,1,2,1,2,3,1,3,5
SF,IF2011,2020-09-24 09:30:29.500,4572.8000,2046,0,43857660.000,0,-,-,-,-,4571.2000,4569.6000,4568.0000,4565.0000,4564.2000,4574.4000,4575.2000,4575.4000,4575.6000,4576.0000,2,1,1,2,1,1,3,5,2,3
SF,IF2011,2020-09-24 09:30:30.000,4572.8000,2046,0,43857660.000,0,-,-,-,-,4571.2000,4569.6000,4568.0000,4565.0000,4564.2000,4574.2000,4574.4000,4575.2000,4575.4000,4575.6000,1,1,1,2,1,1,1,2,4,2
SF,IF2011,2020-09-24 09:30:30.500,4572.8000,2046,0,43857660.000,0,-,-,-,-,4571.2000,4569.6000,4568.0000,4565.0000,4564.2000,4572.8000,4573.8000,4574.2000,4574.4000,4575.2000,1,1,1,2,1,1,1,1,1,2
SF,IF2011,2020-09-24 09:30:31.000,4572.6000,2044,-2,46600800.000,2,0,2,双平,S,4569.6000,4568.0000,4565.0000,4564.2000,4562.0000,4573.8000,4574.4000,4575.4000,4576.0000,4576.2000,1,1,2,1,3,1,1,1,2,1
SF,IF2011,2020-09-24 09:30:31.500,4572.6000,2044,0,46600800.000,0,-,-,-,-,4569.8000,4569.6000,4568.0000,4565.0000,4564.2000,4573.2000,4573.6000,4573.8000,4574.4000,4575.4000,1,1,1,2,1,1,2,7,1,1
SF,IF2011,2020-09-24 09:30:32.000,4572.6000,2044,0,46600800.000,0,-,-,-,-,4569.8000,4569.6000,4568.0000,4565.0000,4564.2000,4573.0000,4573.2000,4573.8000,4574.4000,4575.4000,1,1,1,2,1,2,1,7,1,1
SF,IF2011,2020-09-24 09:30:32.500,4572.6000,2044,0,46600800.000,0,-,-,-,-,4569.8000,4569.6000,4568.0000,4565.0000,4564.2000,4572.6000,4572.8000,4573.0000,4573.8000,4574.4000,1,1,1,2,1,1,1,3,6,1
SF,IF2011,2020-09-24 09:30:33.000,4572.6000,2044,0,46600800.000,0,-,-,-,-,4569.6000,4568.0000,4565.0000,4564.2000,4562.0000,4572.4000,4572.6000,4572.8000,4573.0000,4573.8000,1,1,2,1,3,2,1,1,1,6
SF,IF2011,2020-09-24 09:30:33.500,4572.6000,2044,0,46600800.000,0,-,-,-,-,4569.6000,4568.0000,4565.0000,4564.2000,4562.0000,4572.2000,4572.4000,4572.6000,4572.8000,4573.0000,1,1,2,1,3,1,3,1,1,1
SF,IF2011,2020-09-24 09:30:34.000,4569.6000,2043,-1,47971680.000,1,0,1,双平,S,4568.0000,4565.0000,4564.2000,4562.0000,4560.2000,4569.8000,4570.8000,4571.6000,4571.8000,4572.0000,1,2,1,3,1,1,1,1,1,7
SF,IF2011,2020-09-24 09:30:34.500,4569.8000,2043,0,49342620.000,1,0,1,多换,S,4568.8000,4568.4000,4568.2000,4568.0000,4565.0000,4571.8000,4572.0000,4572.2000,4572.4000,4573.0000,1,2,3,1,2,1,2,1,1,1
SF,IF2011,2020-09-24 09:30:35.000,4569.8000,2043,0,49342620.000,0,-,-,-,-,4569.0000,4568.8000,4568.4000,4568.2000,4568.0000,4571.6000,4571.8000,4573.0000,4573.8000,4576.0000,1,1,1,1,1,2,1,1,1,1
SF,IF2011,2020-09-24 09:30:35.500,4569.8000,2043,0,49342620.000,0,-,-,-,-,4569.0000,4568.8000,4568.0000,4565.0000,4564.2000,4571.6000,4571.8000,4573.0000,4573.8000,4576.0000,1,1,1,2,1,2,1,1,1,1
SF,IF2011,2020-09-24 09:30:36.500,4571.6000,2042,-1,52085580.000,2,0,2,多平,S,4569.0000,4568.8000,4568.0000,4565.0000,4564.2000,4573.0000,4573.8000,4576.0000,4576.2000,4576.6000,1,1,1,2,1,1,1,1,1,3
SF,IF2011,2020-09-24 09:30:37.000,4572.8000,2042,0,56200980.000,3,1,2,多换,S,4569.6000,4569.2000,4569.0000,4568.8000,4568.0000,4572.8000,4573.0000,4573.8000,4576.0000,4576.2000,1,2,1,1,1,3,1,1,1,1
SF,IF2011,2020-09-24 09:30:37.500,4572.8000,2042,0,56200980.000,0,-,-,-,-,4571.0000,4569.8000,4569.2000,4568.0000,4565.0000,4572.8000,4573.0000,4573.8000,4576.0000,4576.2000,1,2,2,1,2,2,1,1,1,1
SF,IF2011,2020-09-24 09:30:38.000,4572.8000,2042,0,56200980.000,0,-,-,-,-,4569.8000,4569.2000,4568.0000,4565.0000,4564.2000,4571.4000,4572.8000,4573.0000,4573.8000,4576.0000,2,2,1,2,1,1,1,1,1,1
SF,IF2011,2020-09-24 09:30:38.500,4572.8000,2042,0,56200980.000,0,-,-,-,-,4571.6000,4569.8000,4569.2000,4568.0000,4565.0000,4572.4000,4572.8000,4573.0000,4573.8000,4576.0000,1,2,2,1,2,1,1,1,1,1
SF,IF2011,2020-09-24 09:30:39.000,4571.6000,2041,-1,57572460.000,1,0,1,双平,S,4569.8000,4569.2000,4568.0000,4565.0000,4564.2000,4571.6000,4572.4000,4572.8000,4573.0000,4573.8000,2,2,1,2,1,2,1,1,1,1
SF,IF2011,2020-09-24 09:30:39.500,4571.6000,2041,0,57572460.000,0,-,-,-,-,4571.0000,4570.2000,4569.8000,4569.2000,4568.0000,4572.4000,4573.8000,4576.0000,4576.2000,4576.6000,1,1,2,2,1,1,1,1,1,3
SF,IF2011,2020-09-24 09:30:40.000,4571.6000,2041,0,57572460.000,0,-,-,-,-,4571.2000,4571.0000,4570.2000,4569.8000,4569.2000,4576.0000,4576.2000,4576.6000,4580.8000,4587.8000,1,1,1,1,2,1,1,3,3,1
SF,IF2011,2020-09-24 09:30:40.500,4571.6000,2041,0,57572460.000,0,-,-,-,-,4571.4000,4571.2000,4571.0000,4570.2000,4569.8000,4572.0000,4573.0000,4573.8000,4574.4000,4574.8000,1,1,1,1,1,1,1,5,1,1
SF,IF2011,2020-09-24 09:30:41.000,4571.6000,2041,0,57572460.000,0,-,-,-,-,4571.2000,4571.0000,4569.8000,4568.0000,4565.0000,4572.0000,4573.8000,4574.4000,4574.8000,4575.0000,1,1,1,1,2,1,6,1,1,1
SF,IF2011,2020-09-24 09:30:41.500,4571.6000,2041,0,57572460.000,0,-,-,-,-,4571.2000,4571.0000,4569.8000,4568.0000,4565.0000,4573.8000,4574.4000,4574.8000,4575.0000,4575.8000,1,1,1,1,2,1,1,1,1,1
SF,IF2011,2020-09-24 09:30:42.000,4571.6000,2041,0,57572460.000,0,-,-,-,-,4571.2000,4571.0000,4569.8000,4568.0000,4565.0000,4573.6000,4573.8000,4574.4000,4574.8000,4575.0000,1,1,1,1,2,1,3,1,1,1
SF,IF2011,2020-09-24 09:30:42.500,4571.6000,2041,0,57572460.000,0,-,-,-,-,4571.2000,4571.0000,4569.8000,4568.0000,4565.0000,4572.4000,4573.0000,4573.6000,4574.4000,4574.8000,1,1,1,1,2,1,1,1,1,1
SF,IF2011,2020-09-24 09:30:43.000,4571.6000,2041,0,57572460.000,0,-,-,-,-,4572.4000,4571.6000,4571.4000,4571.2000,4569.8000,4574.4000,4574.8000,4575.0000,4576.0000,4576.6000,1,1,1,1,1,1,1,1,1,3
SF,IF2011,2020-09-24 09:30:43.500,4571.6000,2041,0,57572460.000,0,-,-,-,-,4571.6000,4571.2000,4569.8000,4568.0000,4565.0000,4574.2000,4574.4000,4576.0000,4576.6000,4580.8000,1,1,1,1,2,1,1,1,3,3
SF,IF2011,2020-09-24 09:30:44.000,4571.6000,2041,0,57572460.000,0,-,-,-,-,4571.8000,4571.6000,4569.8000,4568.0000,4565.0000,4572.4000,4573.8000,4574.0000,4574.2000,4574.4000,1,1,1,1,2,1,3,1,1,1
SF,IF2011,2020-09-24 09:30:44.500,4571.6000,2041,0,57572460.000,0,-,-,-,-,4571.8000,4569.8000,4568.0000,4565.0000,4564.2000,4572.4000,4573.8000,4574.0000,4574.2000,4574.4000,1,1,1,2,1,1,3,1,1,1
SF,IF2011,2020-09-24 09:30:45.000,4571.6000,2041,0,57572460.000,0,-,-,-,-,4571.8000,4569.8000,4568.0000,4565.0000,4564.2000,4572.4000,4574.0000,4574.2000,4574.4000,4576.0000,1,1,1,2,1,1,1,1,1,1
SF,IF2011,2020-09-24 09:30:45.500,4572.4000,2040,-1,58944180.000,1,0,1,双平,S,4571.8000,4569.8000,4568.0000,4565.0000,4564.2000,4574.0000,4574.2000,4574.4000,4576.0000,4576.6000,1,1,1,2,1,1,1,1,1,3
SF,IF2011,2020-09-24 09:30:46.000,4572.4000,2040,0,58944180.000,0,-,-,-,-,4571.8000,4569.8000,4568.0000,4565.0000,4564.2000,4573.8000,4574.0000,4574.4000,4576.0000,4576.6000,1,1,1,2,1,1,1,1,1,3
SF,IF2011,2020-09-24 09:30:46.500,4573.8000,2039,-1,60316320.000,1,0,1,双平,S,4569.8000,4568.0000,4565.0000,4564.2000,4562.0000,4573.2000,4573.6000,4573.8000,4574.4000,4576.0000,1,1,2,1,3,1,1,3,1,1
SF,IF2011,2020-09-24 09:30:47.000,4573.8000,2039,0,60316320.000,0,-,-,-,-,4571.0000,4570.6000,4570.0000,4569.8000,4568.0000,4573.0000,4573.2000,4573.6000,4573.8000,4574.4000,1,1,3,1,1,2,1,1,3,1
SF,IF2011,2020-09-24 09:30:47.500,4573.8000,2039,0,60316320.000,0,-,-,-,-,4571.2000,4571.0000,4570.6000,4570.0000,4569.8000,4573.2000,4573.6000,4573.8000,4574.4000,4576.0000,1,1,1,2,1,1,1,3,1,1
SF,IF2011,2020-09-24 09:30:48.000,4573.8000,2039,0,60316320.000,0,-,-,-,-,4571.2000,4570.6000,4569.8000,4568.0000,4565.0000,4572.6000,4573.0000,4573.6000,4573.8000,4574.4000,1,1,1,1,2,1,1,1,3,1
SF,IF2011,2020-09-24 09:30:48.500,4573.8000,2039,0,60316320.000,0,-,-,-,-,4571.2000,4570.6000,4569.8000,4568.0000,4565.0000,4573.6000,4574.4000,4576.0000,4576.6000,4580.8000,1,1,1,1,2,1,1,1,3,3
SF,IF2011,2020-09-24 09:30:49.000,4573.8000,2039,0,60316320.000,0,-,-,-,-,4571.2000,4570.6000,4569.8000,4568.0000,4565.0000,4573.4000,4573.6000,4574.4000,4576.0000,4576.6000,1,1,1,1,2,1,1,1,1,3
SF,IF2011,2020-09-24 09:30:49.500,4573.8000,2039,0,60316320.000,0,-,-,-,-,4571.2000,4570.6000,4568.0000,4565.0000,4564.2000,4572.2000,4572.8000,4573.0000,4573.2000,4573.4000,1,1,1,2,1,1,1,1,5,1
SF,IF2011,2020-09-24 09:30:50.000,4573.8000,2039,0,60316320.000,0,-,-,-,-,4571.2000,4570.6000,4568.0000,4565.0000,4564.2000,4572.8000,4573.0000,4573.2000,4573.4000,4573.6000,1,1,1,2,1,1,1,5,1,1
SF,IF2011,2020-09-24 09:30:50.500,4573.8000,2039,0,60316320.000,0,-,-,-,-,4571.2000,4570.6000,4568.0000,4565.0000,4564.2000,4572.6000,4572.8000,4573.0000,4573.2000,4573.4000,1,1,1,2,1,1,1,1,4,1
SF,IF2011,2020-09-24 09:30:51.000,4573.8000,2039,0,60316320.000,0,-,-,-,-,4571.2000,4570.6000,4568.0000,4565.0000,4564.2000,4572.6000,4573.2000,4573.4000,4573.6000,4574.4000,1,1,1,2,1,1,1,1,1,1
SF,IF2011,2020-09-24 09:30:52.000,4573.8000,2039,0,60316320.000,0,-,-,-,-,4571.2000,4568.0000,4565.0000,4564.2000,4562.0000,4572.6000,4573.2000,4573.4000,4573.6000,4574.4000,1,1,2,1,3,1,1,1,1,1
SF,IF2011,2020-09-24 09:30:53.500,4573.8000,2039,0,60316320.000,0,-,-,-,-,4571.2000,4568.0000,4565.0000,4564.2000,4562.0000,4572.6000,4573.4000,4573.6000,4574.4000,4576.6000,1,1,2,1,3,1,1,1,1,3
SF,IF2011,2020-09-24 09:30:54.500,4573.8000,2039,0,60316320.000,0,-,-,-,-,4571.2000,4568.0000,4565.0000,4564.2000,4562.0000,4573.4000,4573.6000,4574.4000,4576.6000,4580.8000,1,1,2,1,3,1,1,1,3,3
SF,IF2011,2020-09-24 09:30:55.000,4573.8000,2039,0,60316320.000,0,-,-,-,-,4571.2000,4568.0000,4565.0000,4564.2000,4562.0000,4573.0000,4573.2000,4573.4000,4573.6000,4574.4000,1,1,2,1,3,1,1,1,1,1
SF,IF2011,2020-09-24 09:30:55.500,4571.2000,2038,-1,61687680.000,1,0,1,双平,S,4568.0000,4565.0000,4564.2000,4562.0000,4560.2000,4572.0000,4573.0000,4573.2000,4573.4000,4573.6000,1,2,1,3,1,1,3,1,1,1
SF,IF2011,2020-09-24 09:30:56.000,4571.2000,2038,0,61687680.000,0,-,-,-,-,4570.0000,4569.6000,4568.2000,4568.0000,4565.0000,4571.8000,4573.0000,4573.4000,4573.6000,4574.4000,1,1,3,1,2,1,3,1,1,1
SF,IF2011,2020-09-24 09:30:56.500,4571.2000,2038,0,61687680.000,0,-,-,-,-,4570.2000,4570.0000,4569.6000,4568.2000,4568.0000,4573.0000,4573.4000,4573.6000,4574.4000,4576.6000,1,1,1,2,1,3,1,1,1,3
SF,IF2011,2020-09-24 09:30:57.000,4571.2000,2038,0,61687680.000,0,-,-,-,-,4570.2000,4570.0000,4569.6000,4568.2000,4568.0000,4572.8000,4573.0000,4573.6000,4574.4000,4576.6000,1,1,1,2,1,2,2,1,1,3
SF,IF2011,2020-09-24 09:30:57.500,4571.2000,2038,0,61687680.000,0,-,-,-,-,4571.0000,4570.2000,4570.0000,4568.0000,4565.0000,4572.8000,4573.0000,4573.6000,4574.4000,4576.6000,1,1,1,1,2,2,1,1,1,3
SF,IF2011,2020-09-24 09:30:58.000,4572.4000,2038,0,64430460.000,2,1,1,多换,S,4570.0000,4568.0000,4565.0000,4564.2000,4562.0000,4572.8000,4573.0000,4573.6000,4574.4000,4576.6000,1,1,2,1,3,1,1,1,1,3
SF,IF2011,2020-09-24 09:30:58.500,4572.4000,2038,0,64430460.000,0,-,-,-,-,4570.2000,4570.0000,4568.0000,4565.0000,4564.2000,4572.6000,4572.8000,4573.0000,4573.6000,4574.4000,1,1,1,2,1,1,1,1,1,1
SF,IF2011,2020-09-24 09:30:59.000,4572.4000,2038,0,64430460.000,0,-,-,-,-,4570.2000,4570.0000,4568.0000,4565.0000,4564.2000,4572.4000,4572.6000,4573.0000,4574.4000,4576.6000,1,1,1,2,1,3,1,1,1,3
SF,IF2011,2020-09-24 09:30:59.500,4572.4000,2038,0,64430460.000,0,-,-,-,-,4571.0000,4570.2000,4570.0000,4568.0000,4565.0000,4572.4000,4572.6000,4574.4000,4576.6000,4580.8000,1,1,1,1,2,2,1,1,3,3
SF,IF2011,2020-09-24 09:31:00.000,4572.4000,2038,0,64430460.000,0,-,-,-,-,4571.0000,4570.2000,4570.0000,4568.0000,4565.0000,4572.4000,4574.4000,4576.6000,4580.8000,4587.8000,1,1,1,1,2,1,1,3,3,1
SF,IF2011,2020-09-24 09:31:01.000,4572.4000,2038,0,64430460.000,0,-,-,-,-,4570.2000,4570.0000,4568.0000,4565.0000,4564.2000,4572.4000,4574.4000,4576.6000,4580.8000,4587.8000,1,1,1,2,1,1,1,3,3,1
SF,IF2011,2020-09-24 09:31:01.500,4572.4000,2038,0,64430460.000,0,-,-,-,-,4570.2000,4570.0000,4568.0000,4565.0000,4564.2000,4572.2000,4572.4000,4574.4000,4576.6000,4580.8000,1,1,1,2,1,1,1,1,3,3
SF,IF2011,2020-09-24 09:31:02.000,4572.4000,2038,0,64430460.000,0,-,-,-,-,4568.0000,4565.0000,4564.2000,4564.0000,4562.0000,4572.0000,4572.2000,4574.4000,4576.6000,4580.8000,1,2,1,3,3,2,1,1,3,3
SF,IF2011,2020-09-24 09:31:02.500,4572.4000,2038,0,64430460.000,0,-,-,-,-,4569.6000,4569.2000,4568.2000,4568.0000,4565.0000,4572.0000,4572.2000,4574.4000,4576.6000,4580.8000,1,1,4,1,2,3,1,1,3,3
SF,IF2011,2020-09-24 09:31:03.000,4572.4000,2038,0,64430460.000,0,-,-,-,-,4569.8000,4569.6000,4569.2000,4568.2000,4568.0000,4572.0000,4572.2000,4574.4000,4580.8000,4587.8000,1,1,1,3,1,3,1,1,3,1
SF,IF2011,2020-09-24 09:31:03.500,4572.4000,2038,0,64430460.000,0,-,-,-,-,4569.8000,4569.2000,4568.0000,4565.0000,4564.2000,4570.8000,4571.8000,4572.0000,4572.2000,4580.8000,1,1,1,2,1,1,1,4,1,3
SF,IF2011,2020-09-24 09:31:04.000,4572.4000,2038,0,64430460.000,0,-,-,-,-,4571.0000,4568.0000,4565.0000,4564.2000,4564.0000,4571.6000,4571.8000,4572.0000,4580.8000,4587.8000,1,1,2,1,3,1,1,4,3,1
SF,IF2011,2020-09-24 09:31:04.500,4571.0000,2037,-1,65801760.000,1,0,1,双平,S,4568.0000,4565.0000,4564.2000,4564.0000,4560.2000,4571.0000,4571.4000,4571.6000,4571.8000,4572.0000,1,2,1,3,1,1,1,2,1,4
SF,IF2011,2020-09-24 09:31:05.000,4571.0000,2037,0,65801760.000,0,-,-,-,-,4568.6000,4568.2000,4568.0000,4565.0000,4564.2000,4570.8000,4571.0000,4571.4000,4571.6000,4571.8000,1,2,1,2,1,1,1,1,2,1
SF,IF2011,2020-09-24 09:31:05.500,4571.0000,2037,0,65801760.000,0,-,-,-,-,4568.8000,4568.6000,4568.2000,4568.0000,4565.0000,4571.4000,4571.6000,4571.8000,4572.0000,4580.8000,1,1,1,1,2,1,2,1,3,3
SF,IF2011,2020-09-24 09:31:06.000,4571.0000,2037,0,65801760.000,0,-,-,-,-,4568.8000,4568.6000,4568.2000,4568.0000,4565.0000,4571.6000,4571.8000,4572.0000,4580.8000,4587.8000,1,1,1,1,2,1,1,3,3,1
SF,IF2011,2020-09-24 09:31:06.500,4571.0000,2037,0,65801760.000,0,-,-,-,-,4569.6000,4569.0000,4568.8000,4568.6000,4568.0000,4571.6000,4572.0000,4580.8000,4587.8000,4590.0000,1,1,1,1,1,1,3,3,1,5
SF,IF2011,2020-09-24 09:31:07.000,4571.0000,2037,0,65801760.000,0,-,-,-,-,4569.8000,4569.6000,4569.0000,4568.0000,4565.0000,4580.8000,4587.8000,4590.0000,4592.8000,4597.4000,1,1,1,1,2,3,1,5,1,1
SF,IF2011,2020-09-24 09:31:07.500,4571.0000,2037,0,65801760.000,0,-,-,-,-,4570.0000,4569.8000,4568.0000,4565.0000,4564.2000,4571.6000,4572.4000,4572.6000,4572.8000,4573.0000,1,1,1,2,1,1,2,1,1,1
SF,IF2011,2020-09-24 09:31:08.000,4571.0000,2037,0,65801760.000,0,-,-,-,-,4569.8000,4568.0000,4565.0000,4564.2000,4564.0000,4572.4000,4572.6000,4573.0000,4573.8000,4574.4000,1,1,2,1,3,1,1,1,4,1
SF,IF2011,2020-09-24 09:31:08.500,4571.0000,2037,0,65801760.000,0,-,-,-,-,4570.0000,4569.8000,4568.0000,4565.0000,4564.2000,4572.2000,4572.4000,4572.6000,4573.0000,4573.8000,1,1,1,2,1,1,1,1,1,5
SF,IF2011,2020-09-24 09:31:09.000,4571.0000,2037,0,65801760.000,0,-,-,-,-,4570.2000,4570.0000,4568.0000,4565.0000,4564.2000,4572.4000,4572.6000,4573.0000,4573.8000,4574.4000,1,1,1,2,1,1,1,1,4,1
SF,IF2011,2020-09-24 09:31:09.500,4571.0000,2037,0,65801760.000,0,-,-,-,-,4570.2000,4570.0000,4568.0000,4565.0000,4564.2000,4572.6000,4573.0000,4573.8000,4574.4000,4580.8000,1,1,1,2,1,1,1,4,1,3
SF,IF2011,2020-09-24 09:31:10.000,4571.0000,2037,0,65801760.000,0,-,-,-,-,4570.2000,4570.0000,4568.0000,4565.0000,4564.2000,4573.0000,4573.8000,4574.4000,4580.8000,4587.8000,1,1,1,1,1,1,4,1,3,1
SF,IF2011,2020-09-24 09:31:10.500,4571.0000,2037,0,65801760.000,0,-,-,-,-,4570.4000,4570.2000,4570.0000,4568.0000,4565.0000,4572.8000,4573.0000,4573.8000,4574.4000,4580.8000,1,1,1,1,1,1,1,4,1,3
SF,IF2011,2020-09-24 09:31:11.000,4571.0000,2037,0,65801760.000,0,-,-,-,-,4570.6000,4570.4000,4570.0000,4568.0000,4565.0000,4572.6000,4572.8000,4573.0000,4573.8000,4574.4000,1,1,1,1,1,1,1,1,4,1
SF,IF2011,2020-09-24 09:31:11.500,4571.0000,2037,0,65801760.000,0,-,-,-,-,4570.6000,4570.0000,4568.0000,4565.0000,4564.2000,4571.6000,4572.4000,4572.6000,4573.0000,4573.8000,1,1,1,1,1,1,2,1,1,4
SF,IF2011,2020-09-24 09:31:12.000,4571.0000,2037,0,65801760.000,0,-,-,-,-,4571.0000,4570.6000,4570.0000,4568.0000,4565.0000,4572.2000,4572.4000,4573.0000,4573.8000,4574.4000,1,1,1,1,1,1,1,1,4,1
SF,IF2011,2020-09-24 09:31:12.500,4571.0000,2037,0,67173060.000,1,0,1,多换,S,4570.0000,4568.0000,4565.0000,4564.2000,4564.0000,4572.0000,4572.2000,4573.0000,4573.8000,4574.4000,1,1,1,1,3,1,1,1,4,1
SF,IF2011,2020-09-24 09:31:13.000,4571.0000,2037,0,67173060.000,0,-,-,-,-,4570.2000,4570.0000,4568.0000,4565.0000,4564.2000,4572.0000,4572.2000,4573.0000,4573.8000,4574.4000,1,1,1,1,1,1,1,1,4,1
SF,IF2011,2020-09-24 09:31:13.500,4571.0000,2037,0,67173060.000,0,-,-,-,-,4570.2000,4570.0000,4568.0000,4565.0000,4564.2000,4572.2000,4573.0000,4573.8000,4574.4000,4580.8000,1,2,1,1,1,1,1,4,1,3
SF,IF2011,2020-09-24 09:31:14.000,4571.0000,2037,0,67173060.000,0,-,-,-,-,4570.2000,4570.0000,4568.0000,4565.0000,4564.2000,4572.2000,4573.8000,4574.4000,4580.8000,4587.8000,1,2,1,1,1,1,4,1,3,1
SF,IF2011,2020-09-24 09:31:14.500,4571.0000,2037,0,67173060.000,0,-,-,-,-,4570.2000,4570.0000,4568.0000,4565.0000,4564.2000,4572.2000,4573.8000,4574.4000,4580.8000,4587.8000,1,2,1,1,1,1,4,1,3,1
SF,IF2011,2020-09-24 09:31:15.000,4571.0000,2037,0,67173060.000,0,-,-,-,-,4570.4000,4570.2000,4570.0000,4568.0000,4565.0000,4573.8000,4574.4000,4580.8000,4587.8000,4590.0000,1,1,2,1,1,4,1,3,1,5
SF,IF2011,2020-09-24 09:31:15.500,4571.0000,2037,0,67173060.000,0,-,-,-,-,4570.6000,4570.4000,4570.0000,4568.0000,4565.0000,4573.6000,4573.8000,4574.4000,4580.8000,4587.8000,1,1,2,1,1,2,6,1,3,1
SF,IF2011,2020-09-24 09:31:16.000,4571.0000,2037,0,67173060.000,0,-,-,-,-,4570.8000,4570.6000,4570.4000,4570.0000,4568.0000,4573.6000,4573.8000,4574.4000,4580.8000,4587.8000,1,1,1,2,1,2,1,1,3,1
SF,IF2011,2020-09-24 09:31:16.500,4571.0000,2037,0,67173060.000,0,-,-,-,-,4571.0000,4570.4000,4570.0000,4568.0000,4564.2000,4573.2000,4573.6000,4573.8000,4574.4000,4580.8000,1,1,1,1,1,1,2,1,1,3
SF,IF2011,2020-09-24 09:31:17.000,4571.0000,2037,0,67173060.000,0,-,-,-,-,4571.2000,4571.0000,4570.0000,4568.0000,4564.2000,4572.2000,4573.0000,4573.2000,4573.6000,4573.8000,1,1,1,1,1,1,2,1,1,1
SF,IF2011,2020-09-24 09:31:17.500,4571.0000,2037,0,67173060.000,0,-,-,-,-,4571.2000,4571.0000,4570.0000,4568.0000,4564.2000,4573.0000,4573.2000,4573.6000,4573.8000,4574.4000,1,1,1,1,1,1,1,1,1,1
SF,IF2011,2020-09-24 09:31:18.000,4571.0000,2037,0,67173060.000,0,-,-,-,-,4571.4000,4571.2000,4570.0000,4568.0000,4564.2000,4573.2000,4573.6000,4573.8000,4574.4000,4580.8000,1,1,1,1,1,1,1,1,1,3
SF,IF2011,2020-09-24 09:31:18.500,4571.0000,2037,0,67173060.000,0,-,-,-,-,4571.4000,4571.2000,4570.0000,4568.0000,4564.2000,4573.2000,4573.8000,4574.4000,4580.8000,4587.8000,1,1,1,1,1,1,1,1,3,1
SF,IF2011,2020-09-24 09:31:19.000,4571.0000,2037,0,67173060.000,0,-,-,-,-,4571.4000,4571.2000,4570.0000,4568.0000,4564.2000,4573.2000,4573.8000,4574.4000,4580.8000,4587.8000,1,1,1,1,1,1,1,1,3,1
SF,IF2011,2020-09-24 09:31:19.500,4571.0000,2037,0,67173060.000,0,-,-,-,-,4571.4000,4571.2000,4570.0000,4568.0000,4564.2000,4573.2000,4573.8000,4574.4000,4580.8000,4587.8000,1,1,1,1,1,1,1,1,3,1
SF,IF2011,2020-09-24 09:31:20.000,4571.0000,2037,0,67173060.000,0,-,-,-,-,4571.4000,4571.2000,4570.0000,4568.0000,4564.2000,4574.4000,4580.8000,4587.8000,4590.0000,4592.8000,1,1,1,1,1,1,3,1,5,1
SF,IF2011,2020-09-24 09:31:20.500,4571.0000,2037,0,67173060.000,0,-,-,-,-,4571.4000,4571.2000,4570.0000,4568.0000,4564.2000,4573.8000,4574.2000,4574.4000,4580.8000,4587.8000,1,1,1,1,1,1,2,1,3,1
SF,IF2011,2020-09-24 09:31:21.000,4571.0000,2037,0,67173060.000,0,-,-,-,-,4571.4000,4571.2000,4570.0000,4568.0000,4564.2000,4573.6000,4573.8000,4574.2000,4574.4000,4580.8000,1,1,1,1,1,1,1,1,1,3
SF,IF2011,2020-09-24 09:31:21.500,4571.0000,2037,0,67173060.000,0,-,-,-,-,4571.4000,4571.2000,4570.0000,4568.0000,4564.2000,4574.2000,4574.4000,4580.8000,4587.8000,4590.0000,1,1,1,1,1,1,1,3,1,5
SF,IF2011,2020-09-24 09:31:22.000,4571.0000,2037,0,67173060.000,0,-,-,-,-,4571.4000,4571.2000,4570.0000,4568.0000,4564.2000,4574.2000,4580.8000,4587.8000,4590.0000,4592.8000,1,1,1,1,1,1,3,1,5,1
SF,IF2011,2020-09-24 09:31:22.500,4571.0000,2037,0,67173060.000,0,-,-,-,-,4573.6000,4571.6000,4571.4000,4571.2000,4570.0000,4574.0000,4574.2000,4580.8000,4587.8000,4590.0000,2,4,1,1,1,1,1,3,1,5
SF,IF2011,2020-09-24 09:31:23.000,4573.6000,2037,0,69917220.000,2,1,1,多换,S,4571.4000,4570.0000,4568.0000,4564.2000,4564.0000,4573.8000,4580.8000,4587.8000,4590.0000,4592.8000,1,1,1,1,3,2,3,1,5,1
SF,IF2011,2020-09-24 09:31:23.500,4573.6000,2037,0,69917220.000,0,-,-,-,-,4572.0000,4571.4000,4570.0000,4568.0000,4564.2000,4573.8000,4580.8000,4587.8000,4590.0000,4592.8000,1,1,1,1,1,1,3,1,5,1
SF,IF2011,2020-09-24 09:31:24.000,4573.6000,2037,0,69917220.000,0,-,-,-,-,4572.2000,4572.0000,4570.0000,4568.0000,4564.2000,4573.8000,4580.8000,4587.8000,4590.0000,4592.8000,1,1,1,1,1,1,3,1,5,1
SF,IF2011,2020-09-24 09:31:24.500,4573.8000,2036,-1,71289360.000,1,0,1,双平,S,4572.2000,4572.0000,4570.0000,4568.0000,4564.2000,4580.8000,4587.8000,4590.0000,4592.8000,4597.0000,1,1,1,1,1,3,1,5,1,3
SF,IF2011,2020-09-24 09:31:25.000,4573.8000,2036,0,71289360.000,0,-,-,-,-,4572.4000,4572.2000,4572.0000,4570.0000,4568.0000,4574.6000,4575.6000,4575.8000,4576.0000,4576.4000,1,1,1,1,1,1,3,1,2,1
SF,IF2011,2020-09-24 09:31:25.500,4573.8000,2036,0,71289360.000,0,-,-,-,-,4572.6000,4572.4000,4572.0000,4568.0000,4564.2000,4575.6000,4575.8000,4576.0000,4576.4000,4576.6000,1,1,1,1,1,3,1,2,1,2
SF,IF2011,2020-09-24 09:31:26.000,4573.8000,2036,0,71289360.000,0,-,-,-,-,4572.8000,4572.6000,4572.4000,4572.0000,4568.0000,4575.4000,4575.6000,4575.8000,4576.0000,4576.4000,1,1,1,1,1,1,3,1,2,1
SF,IF2011,2020-09-24 09:31:26.500,4573.8000,2036,0,71289360.000,0,-,-,-,-,4573.0000,4572.8000,4568.0000,4564.2000,4564.0000,4575.4000,4575.6000,4575.8000,4576.0000,4576.4000,1,2,1,1,3,1,3,1,2,1
SF,IF2011,2020-09-24 09:31:27.000,4573.8000,2036,0,71289360.000,0,-,-,-,-,4573.2000,4573.0000,4572.8000,4568.0000,4564.2000,4575.4000,4575.6000,4575.8000,4576.0000,4576.4000,1,1,2,1,1,1,3,1,2,1
SF,IF2011,2020-09-24 09:31:27.500,4573.8000,2036,0,71289360.000,0,-,-,-,-,4573.4000,4573.2000,4572.8000,4568.0000,4564.2000,4575.4000,4575.6000,4575.8000,4576.0000,4576.4000,1,1,1,1,1,1,3,1,2,1
SF,IF2011,2020-09-24 09:31:29.500,4573.2000,2034,-2,74033340.000,2,0,2,双平,S,4572.8000,4568.0000,4564.2000,4564.0000,4560.2000,4575.2000,4575.4000,4575.6000,4575.8000,4576.0000,1,1,1,3,1,2,1,3,1,2
SF,IF2011,2020-09-24 09:31:30.000,4573.2000,2034,0,74033340.000,0,-,-,-,-,4572.8000,4568.0000,4564.2000,4564.0000,4560.2000,4575.0000,4575.2000,4575.6000,4575.8000,4576.0000,1,1,1,3,1,2,1,3,1,2
SF,IF2011,2020-09-24 09:31:30.500,4573.2000,2034,0,74033340.000,0,-,-,-,-,4568.0000,4564.2000,4564.0000,4560.2000,4560.0000,4575.0000,4575.6000,4575.8000,4576.0000,4576.4000,1,1,3,1,6,2,3,1,2,1
SF,IF2011,2020-09-24 09:31:31.000,4573.2000,2034,0,74033340.000,0,-,-,-,-,4572.0000,4571.0000,4570.6000,4570.4000,4570.2000,4575.0000,4575.6000,4576.0000,4576.4000,4576.8000,1,1,1,1,2,2,2,2,1,1
SF,IF2011,2020-09-24 09:31:31.500,4573.2000,2034,0,74033340.000,0,-,-,-,-,4572.2000,4570.6000,4570.4000,4570.2000,4569.6000,4575.0000,4575.6000,4576.0000,4576.4000,4576.8000,2,1,1,2,5,1,2,2,1,1
SF,IF2011,2020-09-24 09:31:33.000,4573.2000,2034,0,74033340.000,0,-,-,-,-,4572.4000,4572.2000,4570.6000,4570.4000,4570.2000,4575.0000,4575.6000,4576.0000,4576.4000,4576.8000,1,2,1,1,2,1,2,2,1,1
SF,IF2011,2020-09-24 09:31:33.500,4573.2000,2034,0,74033340.000,0,-,-,-,-,4572.2000,4570.4000,4570.2000,4569.6000,4569.4000,4575.0000,4575.6000,4576.0000,4576.4000,4576.8000,2,1,1,5,1,1,2,2,1,1
SF,IF2011,2020-09-24 09:31:34.000,4573.2000,2034,0,74033340.000,0,-,-,-,-,4572.2000,4569.6000,4569.4000,4568.2000,4568.0000,4573.6000,4574.4000,4574.8000,4575.0000,4575.6000,1,5,1,2,2,1,1,5,1,2
SF,IF2011,2020-09-24 09:31:34.500,4573.2000,2034,0,74033340.000,0,-,-,-,-,4569.6000,4569.4000,4568.2000,4568.0000,4564.2000,4574.8000,4575.0000,4575.6000,4576.0000,4576.4000,5,1,2,2,1,2,1,2,2,1
SF,IF2011,2020-09-24 09:31:35.000,4573.2000,2034,0,74033340.000,0,-,-,-,-,4570.0000,4569.8000,4569.6000,4569.4000,4568.2000,4574.4000,4574.6000,4575.6000,4576.0000,4576.4000,1,4,3,1,2,1,4,2,2,1
SF,IF2011,2020-09-24 09:31:35.500,4573.2000,2034,0,74033340.000,0,-,-,-,-,4570.2000,4570.0000,4569.8000,4569.6000,4569.4000,4573.8000,4574.2000,4574.4000,4574.6000,4575.6000,4,1,2,3,1,3,2,1,4,1
SF,IF2011,2020-09-24 09:31:36.000,4573.6000,2034,0,75405420.000,1,0,1,多换,S,4570.2000,4569.8000,4569.6000,4569.4000,4568.2000,4574.4000,4574.6000,4575.6000,4576.0000,4576.4000,4,2,3,1,2,1,4,1,2,1
SF,IF2011,2020-09-24 09:31:36.500,4573.6000,2034,0,75405420.000,0,-,-,-,-,4570.4000,4570.2000,4569.8000,4569.6000,4569.4000,4574.2000,4574.4000,4574.6000,4575.6000,4576.0000,1,4,2,3,1,1,1,4,1,2
SF,IF2011,2020-09-24 09:31:37.000,4573.6000,2034,0,75405420.000,0,-,-,-,-,4570.6000,4570.4000,4570.2000,4569.8000,4569.6000,4573.8000,4575.6000,4576.0000,4576.4000,4580.6000,4,1,2,2,3,2,1,2,1,3
SF,IF2011,2020-09-24 09:31:37.500,4573.6000,2034,0,75405420.000,0,-,-,-,-,4570.6000,4570.2000,4569.8000,4569.6000,4569.4000,4575.6000,4576.0000,4576.4000,4580.6000,4580.8000,4,2,2,3,1,1,2,1,3,3
SF,IF2011,2020-09-24 09:31:38.000,4573.6000,2034,0,75405420.000,0,-,-,-,-,4571.0000,4570.8000,4570.6000,4570.2000,4569.8000,4575.2000,4575.4000,4575.6000,4576.0000,4576.4000,3,1,4,2,2,2,3,2,2,1
SF,IF2011,2020-09-24 09:31:38.500,4573.6000,2034,0,75405420.000,0,-,-,-,-,4571.2000,4571.0000,4570.8000,4570.6000,4570.2000,4575.0000,4575.2000,4575.4000,4575.6000,4576.0000,3,2,1,2,2,3,2,2,2,2
SF,IF2011,2020-09-24 09:31:39.000,4573.6000,2034,0,75405420.000,0,-,-,-,-,4571.8000,4571.2000,4570.6000,4570.2000,4569.8000,4574.8000,4575.0000,4575.2000,4575.4000,4575.6000,2,3,2,2,2,2,3,2,1,2
SF,IF2011,2020-09-24 09:31:39.500,4573.6000,2034,0,75405420.000,0,-,-,-,-,4572.0000,4571.8000,4571.2000,4570.6000,4570.2000,4574.4000,4574.6000,4574.8000,4575.0000,4575.2000,1,2,1,2,2,1,5,1,3,2
SF,IF2011,2020-09-24 09:31:40.000,4573.6000,2034,0,75405420.000,0,-,-,-,-,4572.0000,4570.6000,4570.2000,4569.6000,4569.4000,4574.4000,4574.6000,4575.0000,4575.2000,4575.4000,1,2,2,2,1,1,5,3,2,1
SF,IF2011,2020-09-24 09:31:40.500,4573.6000,2034,0,75405420.000,0,-,-,-,-,4572.0000,4570.6000,4570.2000,4569.6000,4569.4000,4574.0000,4574.2000,4574.4000,4574.6000,4575.0000,1,2,2,2,1,2,1,1,5,3
SF,IF2011,2020-09-24 09:31:41.000,4573.6000,2034,0,75405420.000,0,-,-,-,-,4572.0000,4570.6000,4570.2000,4569.6000,4569.4000,4574.4000,4574.6000,4575.0000,4575.2000,4575.4000,1,2,2,2,1,1,4,3,2,1
SF,IF2011,2020-09-24 09:31:41.500,4573.6000,2034,0,75405420.000,0,-,-,-,-,4572.0000,4570.6000,4570.2000,4569.6000,4569.4000,4574.2000,4574.6000,4575.0000,4575.2000,4575.4000,1,2,2,2,1,1,1,3,2,1
SF,IF2011,2020-09-24 09:31:42.000,4573.6000,2034,0,75405420.000,0,-,-,-,-,4572.0000,4570.6000,4570.2000,4569.6000,4569.4000,4574.2000,4574.6000,4575.0000,4575.2000,4575.4000,1,2,2,2,1,2,1,3,2,1
SF,IF2011,2020-09-24 09:31:42.500,4573.6000,2034,0,75405420.000,0,-,-,-,-,4572.0000,4570.6000,4570.2000,4569.6000,4569.4000,4574.2000,4575.0000,4575.2000,4575.4000,4575.6000,1,2,2,2,1,2,3,2,1,2
SF,IF2011,2020-09-24 09:31:43.000,4573.6000,2034,0,75405420.000,0,-,-,-,-,4572.0000,4570.6000,4570.2000,4569.6000,4569.4000,4574.2000,4574.4000,4575.0000,4575.2000,4575.4000,1,2,2,2,1,2,1,3,2,1
SF,IF2011,2020-09-24 09:31:44.500,4573.6000,2034,0,75405420.000,0,-,-,-,-,4572.0000,4570.6000,4570.2000,4569.6000,4569.4000,4573.8000,4574.2000,4574.4000,4575.0000,4575.2000,1,2,2,2,1,1,2,1,3,2
SF,IF2011,2020-09-24 09:31:45.000,4573.6000,2034,0,75405420.000,0,-,-,-,-,4572.0000,4570.6000,4570.2000,4569.6000,4569.4000,4573.8000,4574.2000,4574.4000,4575.0000,4575.2000,1,2,2,2,1,1,1,1,3,2
SF,IF2011,2020-09-24 09:31:45.500,4573.6000,2034,0,75405420.000,0,-,-,-,-,4572.0000,4570.6000,4570.2000,4569.6000,4569.4000,4574.2000,4574.4000,4575.0000,4575.2000,4575.4000,1,2,2,2,1,1,1,3,2,1
SF,IF2011,2020-09-24 09:31:46.000,4572.0000,2033,-1,76777020.000,1,0,1,双平,S,4570.6000,4570.2000,4569.6000,4569.4000,4568.0000,4574.2000,4575.0000,4575.2000,4575.4000,4575.6000,2,2,2,1,2,1,3,2,1,2
SF,IF2011,2020-09-24 09:31:46.500,4572.0000,2033,0,76777020.000,0,-,-,-,-,4570.8000,4570.6000,4570.2000,4569.6000,4569.4000,4574.0000,4574.2000,4575.0000,4575.2000,4575.4000,2,2,2,2,1,2,1,3,2,1
SF,IF2011,2020-09-24 09:31:47.000,4572.0000,2033,0,76777020.000,0,-,-,-,-,4570.8000,4570.6000,4570.2000,4569.6000,4569.4000,4574.0000,4574.2000,4575.0000,4575.2000,4575.4000,2,2,2,2,1,2,1,3,2,1
SF,IF2011,2020-09-24 09:31:47.500,4572.0000,2033,0,76777020.000,0,-,-,-,-,4571.0000,4570.8000,4570.6000,4570.2000,4569.6000,4574.0000,4574.2000,4575.0000,4575.2000,4575.4000,1,2,2,2,2,1,1,3,2,1
SF,IF2011,2020-09-24 09:31:48.000,4572.0000,2033,0,76777020.000,0,-,-,-,-,4571.6000,4571.2000,4571.0000,4570.8000,4570.6000,4574.2000,4575.2000,4575.4000,4575.6000,4576.0000,2,3,1,1,2,1,2,1,2,2
SF,IF2011,2020-09-24 09:31:48.500,4572.0000,2033,0,76777020.000,0,-,-,-,-,4571.8000,4571.6000,4571.2000,4570.8000,4570.6000,4574.2000,4575.2000,4575.4000,4575.6000,4576.0000,2,2,3,1,2,1,2,1,2,2
SF,IF2011,2020-09-24 09:31:49.000,4572.0000,2033,0,76777020.000,0,-,-,-,-,4572.4000,4571.8000,4571.2000,4570.8000,4570.6000,4574.2000,4575.6000,4576.0000,4576.4000,4580.8000,2,2,3,1,2,1,2,2,1,3
SF,IF2011,2020-09-24 09:31:49.500,4572.0000,2033,0,76777020.000,0,-,-,-,-,4572.4000,4571.8000,4571.2000,4570.8000,4570.6000,4574.2000,4575.6000,4576.0000,4576.4000,4580.8000,2,1,3,1,2,1,2,2,1,3
SF,IF2011,2020-09-24 09:31:50.000,4572.0000,2033,0,76777020.000,0,-,-,-,-,4572.6000,4571.2000,4570.8000,4570.6000,4570.2000,4574.2000,4575.6000,4576.0000,4576.4000,4580.8000,1,3,1,2,1,1,2,2,1,3
SF,IF2011,2020-09-24 09:31:50.500,4572.0000,2033,0,76777020.000,0,-,-,-,-,4572.6000,4571.2000,4570.8000,4570.2000,4569.6000,4574.2000,4575.6000,4576.0000,4576.4000,4580.8000,1,3,1,1,2,1,2,2,1,3
SF,IF2011,2020-09-24 09:31:51.500,4572.0000,2033,0,76777020.000,0,-,-,-,-,4572.6000,4572.2000,4571.2000,4570.8000,4570.2000,4574.2000,4575.6000,4576.0000,4576.4000,4580.8000,1,2,3,1,1,1,2,2,1,3
SF,IF2011,2020-09-24 09:31:52.000,4574.2000,2032,-1,78149280.000,1,0,1,双平,S,4572.6000,4571.2000,4570.8000,4570.2000,4569.6000,4575.6000,4576.0000,4576.4000,4580.8000,4587.8000,1,3,1,1,2,2,2,1,3,1
SF,IF2011,2020-09-24 09:31:52.500,4574.2000,2032,0,78149280.000,0,-,-,-,-,4572.8000,4572.6000,4572.4000,4571.2000,4570.8000,4575.4000,4575.6000,4576.0000,4576.4000,4580.8000,1,1,2,2,1,1,2,2,1,3
SF,IF2011,2020-09-24 09:31:53.000,4574.2000,2032,0,78149280.000,0,-,-,-,-,4572.8000,4571.2000,4570.2000,4569.6000,4569.4000,4575.2000,4575.4000,4575.6000,4576.0000,4576.4000,3,2,1,2,1,2,1,2,2,1
SF,IF2011,2020-09-24 09:31:53.500,4574.2000,2032,0,78149280.000,0,-,-,-,-,4573.0000,4572.8000,4571.2000,4570.2000,4569.6000,4575.6000,4576.0000,4576.4000,4580.8000,4587.8000,1,3,2,1,2,2,2,1,3,1
SF,IF2011,2020-09-24 09:31:54.000,4574.2000,2032,0,78149280.000,0,-,-,-,-,4573.0000,4572.8000,4571.2000,4570.2000,4569.6000,4575.4000,4575.6000,4576.0000,4576.4000,4580.8000,1,3,2,1,2,1,2,2,1,3
SF,IF2011,2020-09-24 09:31:54.500,4574.2000,2032,0,78149280.000,0,-,-,-,-,4573.4000,4573.0000,4572.8000,4571.2000,4570.2000,4575.4000,4575.6000,4576.0000,4576.4000,4580.8000,1,1,1,2,1,1,2,2,1,3
SF,IF2011,2020-09-24 09:31:55.000,4574.2000,2032,0,78149280.000,0,-,-,-,-,4573.4000,4573.0000,4572.8000,4571.2000,4570.2000,4575.4000,4575.6000,4576.0000,4576.4000,4580.8000,1,1,1,2,1,1,2,2,1,3
SF,IF2011,2020-09-24 09:31:55.500,4574.2000,2032,0,78149280.000,0,-,-,-,-,4573.4000,4572.8000,4571.2000,4570.2000,4569.6000,4575.4000,4575.6000,4576.0000,4576.4000,4580.8000,1,1,2,1,2,1,2,2,1,3
SF,IF2011,2020-09-24 09:31:56.000,4574.2000,2032,0,78149280.000,0,-,-,-,-,4572.8000,4571.2000,4570.2000,4569.6000,4569.4000,4575.4000,4575.6000,4576.0000,4576.4000,4580.8000,1,2,1,2,1,1,2,2,1,3
SF,IF2011,2020-09-24 09:31:56.500,4574.2000,2032,0,78149280.000,0,-,-,-,-,4573.0000,4572.8000,4571.2000,4570.2000,4569.6000,4575.4000,4575.6000,4576.0000,4576.4000,4580.8000,1,1,2,1,2,1,2,2,1,3
SF,IF2011,2020-09-24 09:31:57.000,4574.2000,2032,0,78149280.000,0,-,-,-,-,4573.2000,4573.0000,4572.8000,4571.2000,4570.2000,4575.4000,4576.4000,4580.8000,4587.8000,4590.0000,2,1,1,2,1,1,1,3,1,5
SF,IF2011,2020-09-24 09:31:57.500,4574.2000,2032,0,78149280.000,0,-,-,-,-,4573.2000,4572.8000,4571.2000,4570.2000,4569.6000,4575.4000,4576.4000,4580.8000,4587.8000,4590.0000,2,1,2,1,2,1,1,3,1,5
SF,IF2011,2020-09-24 09:31:58.000,4574.2000,2032,0,78149280.000,0,-,-,-,-,4573.4000,4573.2000,4572.8000,4571.2000,4570.2000,4576.4000,4580.8000,4587.8000,4590.0000,4592.8000,1,2,1,2,1,1,3,1,5,1
SF,IF2011,2020-09-24 09:31:58.500,4574.2000,2032,0,78149280.000,0,-,-,-,-,4573.6000,4573.4000,4573.2000,4571.2000,4570.2000,4576.2000,4576.4000,4580.8000,4587.8000,4590.0000,1,1,2,2,1,1,1,3,1,5
SF,IF2011,2020-09-24 09:31:59.000,4574.2000,2032,0,78149280.000,0,-,-,-,-,4573.8000,4573.6000,4571.2000,4570.2000,4569.6000,4576.2000,4576.4000,4580.8000,4587.8000,4590.0000,2,1,2,1,2,1,1,3,1,5
SF,IF2011,2020-09-24 09:31:59.500,4574.2000,2032,0,78149280.000,0,-,-,-,-,4574.0000,4573.8000,4573.6000,4571.2000,4570.2000,4576.2000,4576.4000,4580.8000,4587.8000,4590.0000,1,2,1,2,1,1,1,3,1,5
SF,IF2011,2020-09-24 09:32:00.500,4574.2000,2032,0,78149280.000,0,-,-,-,-,4574.6000,4574.0000,4573.6000,4571.2000,4570.2000,4576.2000,4576.4000,4580.8000,4587.8000,4590.0000,1,1,1,2,1,1,1,3,1,5
SF,IF2011,2020-09-24 09:32:01.500,4574.2000,2032,0,78149280.000,0,-,-,-,-,4574.0000,4573.6000,4571.2000,4570.2000,4569.6000,4576.2000,4576.4000,4580.8000,4587.8000,4590.0000,1,1,2,1,2,1,1,3,1,5
SF,IF2011,2020-09-24 09:32:02.000,4574.2000,2032,0,78149280.000,0,-,-,-,-,4574.0000,4573.6000,4571.2000,4570.2000,4569.6000,4576.2000,4576.4000,4580.8000,4587.8000,4590.0000,1,1,2,1,2,1,1,3,1,5
SF,IF2011,2020-09-24 09:32:02.500,4574.2000,2032,0,78149280.000,0,-,-,-,-,4574.0000,4573.6000,4571.2000,4570.2000,4569.6000,4576.2000,4576.4000,4580.8000,4587.8000,4590.0000,1,1,2,1,2,1,1,3,1,5
SF,IF2011,2020-09-24 09:32:03.000,4574.2000,2032,0,78149280.000,0,-,-,-,-,4574.0000,4573.6000,4571.2000,4570.2000,4569.6000,4576.0000,4576.2000,4576.4000,4580.8000,4587.8000,1,1,2,1,2,5,1,1,3,1
SF,IF2011,2020-09-24 09:32:03.500,4574.2000,2032,0,78149280.000,0,-,-,-,-,4574.0000,4571.2000,4570.2000,4569.6000,4568.0000,4576.4000,4580.8000,4587.8000,4590.0000,4592.8000,1,2,1,2,2,1,3,1,5,1
SF,IF2011,2020-09-24 09:32:04.000,4574.2000,2032,0,78149280.000,0,-,-,-,-,4574.0000,4571.2000,4570.2000,4569.6000,4568.0000,4576.2000,4576.4000,4580.8000,4587.8000,4590.0000,1,2,1,2,2,1,1,3,1,5
SF,IF2011,2020-09-24 09:32:05.000,4574.2000,2032,0,78149280.000,0,-,-,-,-,4574.0000,4571.2000,4570.2000,4569.6000,4568.0000,4576.0000,4576.2000,4576.4000,4580.8000,4587.8000,1,2,1,2,2,1,1,1,3,1
SF,IF2011,2020-09-24 09:32:05.500,4574.2000,2032,0,78149280.000,0,-,-,-,-,4574.0000,4571.2000,4570.2000,4569.6000,4568.0000,4576.4000,4580.8000,4587.8000,4590.0000,4592.8000,1,2,1,2,2,1,3,1,5,1
SF,IF2011,2020-09-24 09:32:06.000,4574.2000,2032,0,78149280.000,0,-,-,-,-,4574.0000,4571.2000,4570.2000,4569.6000,4568.0000,4576.0000,4576.2000,4576.4000,4580.8000,4587.8000,1,2,1,2,2,1,3,1,3,1
SF,IF2011,2020-09-24 09:32:06.500,4574.2000,2032,0,78149280.000,0,-,-,-,-,4574.0000,4571.2000,4570.2000,4569.6000,4568.0000,4576.2000,4576.4000,4580.8000,4587.8000,4590.0000,1,2,1,2,2,1,1,3,1,5
SF,IF2011,2020-09-24 09:32:07.000,4574.2000,2032,0,78149280.000,0,-,-,-,-,4574.0000,4571.2000,4570.2000,4569.6000,4568.0000,4576.0000,4576.4000,4580.8000,4587.8000,4590.0000,1,2,1,2,2,6,1,3,1,5
SF,IF2011,2020-09-24 09:32:07.500,4574.2000,2032,0,78149280.000,0,-,-,-,-,4574.0000,4571.2000,4570.2000,4569.6000,4568.0000,4576.0000,4576.4000,4580.8000,4587.8000,4590.0000,1,2,1,2,2,3,1,3,1,5
SF,IF2011,2020-09-24 09:32:08.000,4574.2000,2032,0,78149280.000,0,-,-,-,-,4571.2000,4570.2000,4569.6000,4568.0000,4566.0000,4576.0000,4576.4000,4580.8000,4587.8000,4590.0000,2,1,2,2,1,4,1,3,1,5
SF,IF2011,2020-09-24 09:32:08.500,4574.2000,2032,0,78149280.000,0,-,-,-,-,4571.4000,4571.2000,4570.2000,4569.6000,4568.0000,4575.6000,4575.8000,4576.0000,4576.4000,4580.8000,5,2,1,2,2,3,5,3,1,3
SF,IF2011,2020-09-24 09:32:09.000,4574.2000,2032,0,78149280.000,0,-,-,-,-,4571.4000,4571.2000,4570.2000,4569.6000,4568.0000,4575.6000,4575.8000,4576.0000,4576.4000,4580.8000,5,2,1,2,2,3,5,2,1,3
SF,IF2011,2020-09-24 09:32:09.500,4574.2000,2032,0,78149280.000,0,-,-,-,-,4571.4000,4571.2000,4570.2000,4569.6000,4568.0000,4575.2000,4575.4000,4575.6000,4575.8000,4576.0000,5,2,1,2,2,1,1,1,1,2
SF,IF2011,2020-09-24 09:32:10.000,4574.2000,2032,0,78149280.000,0,-,-,-,-,4571.4000,4571.2000,4570.2000,4569.6000,4568.0000,4575.2000,4575.6000,4575.8000,4576.0000,4576.4000,5,2,1,2,2,2,1,1,2,1
SF,IF2011,2020-09-24 09:32:10.500,4574.2000,2032,0,78149280.000,0,-,-,-,-,4571.4000,4571.2000,4570.2000,4569.6000,4568.0000,4575.0000,4575.2000,4575.6000,4575.8000,4576.0000,5,2,1,2,2,1,2,1,1,2
SF,IF2011,2020-09-24 09:32:11.000,4574.2000,2032,0,78149280.000,0,-,-,-,-,4571.6000,4571.4000,4571.2000,4570.2000,4569.6000,4575.0000,4575.8000,4576.4000,4580.8000,4587.8000,1,5,2,1,2,1,1,1,3,1
SF,IF2011,2020-09-24 09:32:11.500,4574.2000,2032,0,78149280.000,0,-,-,-,-,4572.0000,4571.8000,4571.6000,4571.4000,4571.2000,4575.0000,4575.8000,4576.4000,4580.8000,4587.8000,4,2,1,3,2,1,1,1,3,1
SF,IF2011,2020-09-24 09:32:12.000,4574.2000,2032,0,78149280.000,0,-,-,-,-,4572.2000,4572.0000,4571.8000,4571.4000,4571.2000,4575.0000,4576.4000,4580.8000,4587.8000,4590.0000,3,2,1,2,2,1,1,3,1,5
SF,IF2011,2020-09-24 09:32:12.500,4574.2000,2032,0,78149280.000,0,-,-,-,-,4572.4000,4572.2000,4571.8000,4571.4000,4571.2000,4575.0000,4576.4000,4580.8000,4587.8000,4590.0000,2,3,1,2,2,1,1,3,1,5
SF,IF2011,2020-09-24 09:32:13.000,4574.2000,2032,0,78149280.000,0,-,-,-,-,4572.6000,4572.4000,4572.2000,4571.8000,4571.4000,4575.0000,4576.4000,4580.8000,4587.8000,4590.0000,1,2,2,1,2,1,1,3,1,5
SF,IF2011,2020-09-24 09:32:13.500,4574.2000,2032,0,78149280.000,0,-,-,-,-,4572.8000,4572.4000,4571.8000,4571.4000,4571.2000,4575.0000,4576.4000,4580.8000,4587.8000,4590.0000,1,2,1,2,2,1,1,3,1,5
SF,IF2011,2020-09-24 09:32:15.000,4575.0000,2031,-1,79521780.000,1,0,1,双平,S,4572.8000,4571.8000,4571.4000,4571.2000,4569.6000,4576.4000,4580.8000,4587.8000,4590.0000,4592.8000,1,1,2,2,2,1,3,1,5,1
SF,IF2011,2020-09-24 09:32:15.500,4575.0000,2031,0,79521780.000,0,-,-,-,-,4572.8000,4571.8000,4571.4000,4571.2000,4569.6000,4576.2000,4576.4000,4580.8000,4587.8000,4590.0000,1,1,2,2,2,1,1,3,1,5
SF,IF2011,2020-09-24 09:32:16.000,4575.0000,2031,0,79521780.000,0,-,-,-,-,4573.0000,4572.8000,4571.8000,4571.4000,4571.2000,4576.2000,4576.4000,4580.8000,4587.8000,4590.0000,2,1,1,2,2,1,1,3,1,5
SF,IF2011,2020-09-24 09:32:16.500,4575.0000,2031,0,79521780.000,0,-,-,-,-,4573.0000,4571.8000,4571.4000,4571.2000,4569.6000,4576.2000,4576.4000,4580.8000,4587.8000,4590.0000,2,1,2,2,2,1,1,3,1,5
SF,IF2011,2020-09-24 09:32:17.000,4575.0000,2031,0,79521780.000,0,-,-,-,-,4573.2000,4573.0000,4571.8000,4571.4000,4571.2000,4576.2000,4576.4000,4580.8000,4587.8000,4590.0000,1,2,1,2,2,1,1,3,1,5
SF,IF2011,2020-09-24 09:32:17.500,4575.0000,2031,0,79521780.000,0,-,-,-,-,4573.4000,4573.2000,4573.0000,4571.8000,4571.4000,4576.2000,4576.4000,4580.8000,4587.8000,4590.0000,1,1,2,1,2,1,1,3,1,5
SF,IF2011,2020-09-24 09:32:18.000,4575.0000,2031,0,79521780.000,0,-,-,-,-,4573.4000,4573.0000,4571.8000,4569.6000,4568.0000,4576.2000,4576.4000,4580.8000,4587.8000,4590.0000,1,2,1,2,2,1,1,3,1,5
SF,IF2011,2020-09-24 09:32:18.500,4575.0000,2031,0,79521780.000,0,-,-,-,-,4573.6000,4573.4000,4573.0000,4571.8000,4569.6000,4576.2000,4580.8000,4587.8000,4590.0000,4592.8000,2,1,2,1,1,1,3,1,5,1
SF,IF2011,2020-09-24 09:32:19.000,4576.2000,2030,-1,80894640.000,1,0,1,双平,S,4576.2000,4574.8000,4573.8000,4573.6000,4573.4000,4580.8000,4587.8000,4590.0000,4592.8000,4597.0000,1,1,4,2,1,3,1,5,1,3
SF,IF2011,2020-09-24 09:32:19.500,4576.2000,2030,0,80894640.000,0,-,-,-,-,4576.4000,4576.2000,4573.8000,4568.0000,4566.0000,4578.0000,4578.2000,4578.4000,4579.2000,4579.8000,1,1,1,2,1,3,1,1,4,1
SF,IF2011,2020-09-24 09:32:20.000,4576.2000,2030,0,80894640.000,0,-,-,-,-,4574.0000,4573.8000,4568.0000,4566.0000,4564.2000,4578.0000,4578.2000,4579.2000,4579.8000,4580.8000,1,1,2,1,1,1,1,4,1,3
SF,IF2011,2020-09-24 09:32:20.500,4576.2000,2030,0,80894640.000,0,-,-,-,-,4574.2000,4574.0000,4573.8000,4568.0000,4566.0000,4579.2000,4579.8000,4580.8000,4587.8000,4590.0000,4,1,1,2,1,4,1,3,1,5
SF,IF2011,2020-09-24 09:32:21.000,4576.2000,2030,0,80894640.000,0,-,-,-,-,4574.2000,4574.0000,4573.8000,4570.0000,4568.0000,4578.0000,4578.2000,4578.4000,4578.6000,4579.0000,4,1,1,5,2,1,1,1,1,4
SF,IF2011,2020-09-24 09:32:21.500,4576.2000,2030,0,80894640.000,0,-,-,-,-,4574.2000,4574.0000,4568.0000,4566.0000,4565.0000,4577.8000,4578.0000,4578.2000,4578.4000,4578.6000,4,1,2,1,5,1,3,1,1,1
SF,IF2011,2020-09-24 09:32:22.000,4576.2000,2030,0,80894640.000,0,-,-,-,-,4574.2000,4574.0000,4568.0000,4566.0000,4565.0000,4577.8000,4578.0000,4578.2000,4578.4000,4578.6000,4,1,2,1,5,1,3,1,1,1
SF,IF2011,2020-09-24 09:32:22.500,4576.2000,2030,0,80894640.000,0,-,-,-,-,4574.2000,4574.0000,4568.0000,4566.0000,4565.0000,4577.4000,4577.6000,4577.8000,4578.0000,4578.2000,2,1,2,1,5,2,2,1,3,1
SF,IF2011,2020-09-24 09:32:23.000,4576.2000,2030,0,80894640.000,0,-,-,-,-,4574.2000,4574.0000,4568.0000,4566.0000,4565.0000,4577.6000,4577.8000,4578.0000,4578.2000,4578.6000,2,1,2,1,5,1,1,3,1,1
SF,IF2011,2020-09-24 09:32:23.500,4576.2000,2030,0,80894640.000,0,-,-,-,-,4574.2000,4574.0000,4568.0000,4566.0000,4565.0000,4577.0000,4577.4000,4577.6000,4577.8000,4578.0000,2,1,2,1,5,2,6,1,1,3
SF,IF2011,2020-09-24 09:32:24.000,4576.2000,2030,0,80894640.000,0,-,-,-,-,4574.2000,4574.0000,4568.0000,4566.0000,4565.0000,4576.8000,4577.4000,4577.6000,4577.8000,4578.0000,2,1,2,1,5,1,6,1,1,3
SF,IF2011,2020-09-24 09:32:24.500,4576.2000,2030,0,80894640.000,0,-,-,-,-,4574.2000,4574.0000,4568.0000,4566.0000,4565.0000,4577.4000,4577.6000,4577.8000,4578.0000,4578.2000,2,1,2,1,5,6,1,1,3,1
SF,IF2011,2020-09-24 09:32:25.000,4576.2000,2030,0,80894640.000,0,-,-,-,-,4574.2000,4574.0000,4568.0000,4566.0000,4565.0000,4576.4000,4576.6000,4576.8000,4577.0000,4577.4000,2,1,2,1,5,1,2,2,1,6
SF,IF2011,2020-09-24 09:32:25.500,4576.2000,2030,0,80894640.000,0,-,-,-,-,4574.2000,4574.0000,4568.0000,4566.0000,4565.0000,4576.4000,4576.6000,4576.8000,4577.0000,4577.4000,1,1,2,1,5,1,1,2,3,5
SF,IF2011,2020-09-24 09:32:26.500,4576.2000,2030,0,80894640.000,0,-,-,-,-,4574.2000,4574.0000,4568.0000,4566.0000,4565.0000,4576.4000,4576.6000,4576.8000,4577.0000,4577.4000,1,1,2,1,5,1,1,2,1,5
SF,IF2011,2020-09-24 09:32:27.000,4576.2000,2030,0,80894640.000,0,-,-,-,-,4574.0000,4568.0000,4566.0000,4565.0000,4564.2000,4576.2000,4576.4000,4576.6000,4576.8000,4577.0000,1,2,1,5,1,2,1,1,2,1
SF,IF2011,2020-09-24 09:32:27.500,4576.2000,2030,0,80894640.000,0,-,-,-,-,4574.0000,4568.0000,4566.0000,4565.0000,4564.2000,4576.8000,4577.0000,4577.4000,4578.0000,4578.2000,1,2,1,5,1,2,1,5,1,1
SF,IF2011,2020-09-24 09:32:28.000,4576.2000,2030,0,80894640.000,0,-,-,-,-,4574.2000,4574.0000,4568.0000,4566.0000,4565.0000,4576.4000,4576.6000,4576.8000,4577.0000,4577.4000,3,1,2,1,5,3,2,2,1,5
SF,IF2011,2020-09-24 09:32:28.500,4576.2000,2030,0,80894640.000,0,-,-,-,-,4574.2000,4574.0000,4568.0000,4566.0000,4565.0000,4576.4000,4576.6000,4576.8000,4577.0000,4577.4000,1,1,2,1,5,3,2,2,1,5
SF,IF2011,2020-09-24 09:32:29.000,4574.0000,2029,-1,83639100.000,2,0,2,多平,S,4568.0000,4566.0000,4565.0000,4564.2000,4564.0000,4576.0000,4576.2000,4576.4000,4576.6000,4576.8000,2,1,5,1,3,2,2,3,2,2
SF,IF2011,2020-09-24 09:32:29.500,4574.0000,2029,0,83639100.000,0,-,-,-,-,4573.2000,4572.0000,4571.6000,4571.0000,4570.8000,4576.2000,4576.4000,4576.6000,4576.8000,4577.4000,1,1,1,2,1,1,3,1,1,5
SF,IF2011,2020-09-24 09:32:30.000,4574.0000,2029,0,83639100.000,0,-,-,-,-,4573.4000,4571.0000,4570.8000,4570.6000,4570.2000,4576.0000,4576.2000,4576.4000,4576.6000,4576.8000,1,2,1,1,1,4,1,1,1,1
SF,IF2011,2020-09-24 09:32:30.500,4574.0000,2029,0,83639100.000,0,-,-,-,-,4573.4000,4571.0000,4570.8000,4570.6000,4570.2000,4575.6000,4575.8000,4576.0000,4576.2000,4576.4000,1,2,1,1,1,2,2,4,1,1
SF,IF2011,2020-09-24 09:32:31.000,4574.0000,2029,0,83639100.000,0,-,-,-,-,4571.0000,4570.8000,4570.6000,4570.2000,4569.6000,4575.6000,4575.8000,4576.0000,4576.4000,4576.6000,1,1,1,1,3,2,2,4,1,1
SF,IF2011,2020-09-24 09:32:31.500,4574.0000,2029,0,83639100.000,0,-,-,-,-,4571.2000,4571.0000,4570.8000,4570.6000,4570.2000,4575.4000,4575.6000,4576.0000,4576.4000,4576.6000,5,1,1,1,1,1,2,4,1,1
SF,IF2011,2020-09-24 09:32:32.000,4574.0000,2029,0,83639100.000,0,-,-,-,-,4571.2000,4571.0000,4570.8000,4570.6000,4570.2000,4575.4000,4575.6000,4576.0000,4576.4000,4576.6000,5,1,1,1,1,1,2,4,1,1
SF,IF2011,2020-09-24 09:32:32.500,4574.0000,2029,0,83639100.000,0,-,-,-,-,4571.6000,4571.2000,4571.0000,4570.8000,4570.6000,4575.4000,4575.6000,4576.0000,4576.4000,4576.6000,1,5,1,1,1,1,2,4,1,1
SF,IF2011,2020-09-24 09:32:33.000,4574.0000,2029,0,83639100.000,0,-,-,-,-,4571.8000,4571.6000,4571.2000,4571.0000,4570.8000,4575.6000,4576.0000,4576.4000,4576.6000,4576.8000,1,1,3,1,1,2,4,1,1,1
SF,IF2011,2020-09-24 09:32:33.500,4574.0000,2029,0,83639100.000,0,-,-,-,-,4572.4000,4572.0000,4571.8000,4571.6000,4571.2000,4576.4000,4576.6000,4576.8000,4578.0000,4580.6000,2,1,1,1,3,1,1,1,1,2
SF,IF2011,2020-09-24 09:32:34.000,4574.0000,2029,0,83639100.000,0,-,-,-,-,4572.6000,4572.4000,4572.2000,4571.2000,4571.0000,4576.4000,4576.6000,4576.8000,4578.0000,4580.6000,1,2,1,2,1,1,1,1,1,2
SF,IF2011,2020-09-24 09:32:34.500,4574.0000,2029,0,83639100.000,0,-,-,-,-,4572.8000,4572.6000,4572.2000,4571.2000,4570.8000,4576.4000,4576.6000,4576.8000,4578.0000,4580.6000,4,1,1,2,1,1,1,1,1,2
SF,IF2011,2020-09-24 09:32:35.000,4574.0000,2029,0,83639100.000,0,-,-,-,-,4573.0000,4572.8000,4572.2000,4571.2000,4570.8000,4576.4000,4576.6000,4576.8000,4578.0000,4580.6000,1,4,1,2,1,1,1,1,1,2
SF,IF2011,2020-09-24 09:32:35.500,4574.0000,2029,0,83639100.000,0,-,-,-,-,4573.0000,4572.8000,4572.2000,4571.2000,4570.8000,4576.4000,4576.6000,4576.8000,4578.0000,4580.6000,1,3,1,2,1,1,1,1,1,2
SF,IF2011,2020-09-24 09:32:36.000,4574.0000,2029,0,83639100.000,0,-,-,-,-,4573.2000,4573.0000,4572.8000,4572.2000,4571.2000,4576.4000,4576.6000,4576.8000,4578.0000,4580.6000,2,1,1,1,2,1,1,1,1,2
SF,IF2011,2020-09-24 09:32:36.500,4574.0000,2029,0,83639100.000,0,-,-,-,-,4573.4000,4573.2000,4572.8000,4572.2000,4571.2000,4576.4000,4576.6000,4576.8000,4578.0000,4580.6000,1,1,1,1,2,1,1,1,1,2
SF,IF2011,2020-09-24 09:32:37.000,4574.0000,2029,0,83639100.000,0,-,-,-,-,4573.4000,4572.8000,4571.2000,4570.8000,4570.6000,4576.4000,4576.6000,4576.8000,4578.0000,4587.8000,1,1,2,1,1,1,1,1,1,1
SF,IF2011,2020-09-24 09:32:37.500,4574.0000,2029,0,83639100.000,0,-,-,-,-,4573.6000,4573.4000,4572.8000,4571.2000,4570.8000,4576.4000,4576.6000,4576.8000,4578.0000,4587.8000,1,1,1,2,1,1,1,1,1,1
SF,IF2011,2020-09-24 09:32:38.000,4574.0000,2029,0,83639100.000,0,-,-,-,-,4573.8000,4573.6000,4572.8000,4571.2000,4570.8000,4576.8000,4578.0000,4587.8000,4590.0000,4592.8000,1,1,1,2,1,1,1,1,5,1
SF,IF2011,2020-09-24 09:32:38.500,4574.0000,2029,0,83639100.000,0,-,-,-,-,4574.0000,4573.8000,4572.8000,4571.2000,4570.8000,4578.0000,4587.8000,4590.0000,4592.8000,4597.0000,1,1,1,2,1,1,1,5,1,3
SF,IF2011,2020-09-24 09:32:39.000,4574.0000,2030,1,85011300.000,1,1,0,双开,S,4574.2000,4574.0000,4572.8000,4571.2000,4570.8000,4578.0000,4587.8000,4590.0000,4592.8000,4597.0000,2,1,1,2,1,2,1,5,1,3
SF,IF2011,2020-09-24 09:32:39.500,4574.0000,2030,0,85011300.000,0,-,-,-,-,4574.2000,4572.8000,4571.2000,4570.8000,4570.6000,4578.0000,4587.8000,4590.0000,4592.8000,4597.0000,2,1,2,1,1,1,1,5,1,3
SF,IF2011,2020-09-24 09:32:40.000,4574.0000,2030,0,85011300.000,0,-,-,-,-,4574.2000,4572.8000,4571.2000,4570.8000,4570.6000,4578.0000,4587.8000,4590.0000,4592.8000,4597.0000,2,1,2,1,1,1,1,5,1,3
SF,IF2011,2020-09-24 09:32:40.500,4574.0000,2030,0,85011300.000,0,-,-,-,-,4574.4000,4574.2000,4572.8000,4571.2000,4570.8000,4578.0000,4587.8000,4590.0000,4592.8000,4597.0000,1,2,1,2,1,1,1,5,1,3
SF,IF2011,2020-09-24 09:32:41.000,4574.0000,2030,0,85011300.000,0,-,-,-,-,4574.6000,4574.4000,4572.8000,4571.2000,4570.8000,4578.0000,4587.8000,4590.0000,4592.8000,4597.0000,1,3,1,2,1,2,1,5,1,3
SF,IF2011,2020-09-24 09:32:41.500,4574.0000,2030,0,85011300.000,0,-,-,-,-,4574.8000,4574.6000,4574.4000,4571.2000,4570.8000,4578.0000,4587.8000,4590.0000,4592.8000,4597.0000,2,1,3,2,1,1,1,5,1,3
SF,IF2011,2020-09-24 09:32:42.000,4574.0000,2030,0,85011300.000,0,-,-,-,-,4575.0000,4574.8000,4574.4000,4571.2000,4570.8000,4587.8000,4590.0000,4592.8000,4597.0000,4597.4000,1,2,3,2,1,1,5,1,3,1
SF,IF2011,2020-09-24 09:32:42.500,4574.0000,2030,0,85011300.000,0,-,-,-,-,4575.0000,4574.8000,4574.4000,4571.2000,4568.0000,4578.6000,4578.8000,4579.2000,4579.4000,4579.8000,3,1,1,2,1,2,1,4,2,1
SF,IF2011,2020-09-24 09:32:43.000,4574.0000,2030,0,85011300.000,0,-,-,-,-,4575.6000,4575.2000,4575.0000,4574.4000,4571.2000,4578.0000,4578.2000,4578.4000,4578.6000,4578.8000,2,1,1,1,2,3,1,2,1,1
SF,IF2011,2020-09-24 09:32:43.500,4574.0000,2030,0,85011300.000,0,-,-,-,-,4575.0000,4574.4000,4571.2000,4568.0000,4566.0000,4578.6000,4578.8000,4579.2000,4579.8000,4587.6000,1,1,2,1,1,1,1,4,1,4
SF,IF2011,2020-09-24 09:32:44.000,4574.0000,2030,0,85011300.000,0,-,-,-,-,4575.2000,4575.0000,4574.4000,4571.2000,4568.0000,4578.0000,4578.2000,4578.4000,4579.2000,4579.8000,1,1,1,2,1,3,2,2,4,1
SF,IF2011,2020-09-24 09:32:44.500,4574.0000,2030,0,85011300.000,0,-,-,-,-,4575.4000,4575.2000,4574.4000,4571.2000,4568.0000,4578.2000,4578.4000,4579.2000,4579.8000,4587.6000,1,1,1,2,1,1,1,4,1,4
SF,IF2011,2020-09-24 09:32:45.000,4574.0000,2030,0,85011300.000,0,-,-,-,-,4575.4000,4574.4000,4571.2000,4568.0000,4566.0000,4578.2000,4578.4000,4579.2000,4579.8000,4587.6000,1,1,2,1,1,1,1,4,1,4
SF,IF2011,2020-09-24 09:32:45.500,4574.0000,2030,0,85011300.000,0,-,-,-,-,4575.6000,4575.4000,4574.4000,4571.2000,4568.0000,4578.2000,4578.4000,4579.2000,4579.8000,4587.6000,3,1,1,2,1,1,1,4,1,4
SF,IF2011,2020-09-24 09:32:46.000,4574.0000,2030,0,85011300.000,0,-,-,-,-,4575.6000,4575.4000,4574.4000,4571.2000,4568.0000,4579.2000,4579.8000,4587.6000,4587.8000,4592.8000,3,1,1,2,1,4,1,4,1,1
SF,IF2011,2020-09-24 09:32:46.500,4574.0000,2030,0,85011300.000,0,-,-,-,-,4575.8000,4575.6000,4574.4000,4571.2000,4568.0000,4579.2000,4579.8000,4587.6000,4587.8000,4592.8000,3,1,1,2,1,4,1,4,1,1
SF,IF2011,2020-09-24 09:32:47.000,4574.0000,2030,0,85011300.000,0,-,-,-,-,4575.8000,4574.4000,4571.2000,4568.0000,4566.0000,4579.8000,4587.6000,4587.8000,4592.8000,4595.0000,3,1,2,1,1,1,4,1,1,5
SF,IF2011,2020-09-24 09:32:47.500,4574.0000,2030,0,85011300.000,0,-,-,-,-,4576.4000,4576.0000,4575.8000,4574.4000,4571.2000,4587.6000,4592.8000,4595.0000,4597.0000,4597.4000,1,2,2,1,2,4,1,5,3,1
SF,IF2011,2020-09-24 09:32:48.000,4574.0000,2030,0,85011300.000,0,-,-,-,-,4576.6000,4576.4000,4576.0000,4575.8000,4574.4000,4580.4000,4580.6000,4580.8000,4581.0000,4581.2000,2,1,1,1,1,1,1,2,3,1
SF,IF2011,2020-09-24 09:32:48.500,4574.0000,2030,0,85011300.000,0,-,-,-,-,4577.0000,4576.8000,4576.6000,4576.0000,4575.8000,4580.8000,4581.0000,4581.2000,4581.6000,4582.4000,1,1,2,1,1,2,3,1,1,1
SF,IF2011,2020-09-24 09:32:49.000,4574.0000,2030,0,85011300.000,0,-,-,-,-,4577.2000,4577.0000,4576.6000,4575.8000,4574.4000,4580.6000,4580.8000,4581.0000,4581.2000,4581.6000,2,1,1,1,1,1,2,3,1,1
SF,IF2011,2020-09-24 09:32:49.500,4574.0000,2030,0,85011300.000,0,-,-,-,-,4577.4000,4577.2000,4577.0000,4576.6000,4575.8000,4580.4000,4580.6000,4580.8000,4581.0000,4581.2000,1,2,1,1,1,1,1,2,3,1
SF,IF2011,2020-09-24 09:32:50.000,4574.0000,2030,0,85011300.000,0,-,-,-,-,4577.6000,4577.4000,4577.2000,4576.6000,4575.8000,4579.8000,4580.2000,4580.4000,4580.6000,4580.8000,2,1,1,1,1,1,2,1,1,2
SF,IF2011,2020-09-24 09:32:50.500,4574.0000,2030,0,85011300.000,0,-,-,-,-,4577.6000,4577.2000,4575.8000,4568.0000,4566.0000,4579.6000,4579.8000,4580.2000,4580.4000,4580.6000,1,1,1,1,1,1,1,2,1,1
SF,IF2011,2020-09-24 09:32:51.000,4574.0000,2030,0,85011300.000,0,-,-,-,-,4577.2000,4575.8000,4568.0000,4566.0000,4565.0000,4579.6000,4579.8000,4580.2000,4580.4000,4580.6000,1,1,1,1,5,1,1,2,1,1
SF,IF2011,2020-09-24 09:32:51.500,4574.0000,2030,0,85011300.000,0,-,-,-,-,4577.4000,4577.2000,4575.8000,4568.0000,4566.0000,4579.6000,4579.8000,4580.2000,4580.4000,4580.6000,1,1,1,1,1,1,1,2,1,1
SF,IF2011,2020-09-24 09:32:52.000,4574.0000,2030,0,85011300.000,0,-,-,-,-,4577.6000,4577.4000,4577.2000,4575.8000,4568.0000,4579.6000,4579.8000,4580.2000,4580.4000,4580.6000,1,1,1,1,1,1,1,2,1,1
SF,IF2011,2020-09-24 09:32:52.500,4574.0000,2030,0,85011300.000,0,-,-,-,-,4577.6000,4577.2000,4575.8000,4568.0000,4566.0000,4579.6000,4579.8000,4580.2000,4580.4000,4580.6000,1,1,1,1,1,1,1,2,1,1
SF,IF2011,2020-09-24 09:32:53.000,4574.0000,2030,0,85011300.000,0,-,-,-,-,4577.8000,4577.6000,4577.2000,4575.8000,4568.0000,4579.6000,4579.8000,4580.2000,4580.4000,4580.6000,1,1,1,1,1,1,1,2,1,1
SF,IF2011,2020-09-24 09:32:53.500,4574.0000,2030,0,85011300.000,0,-,-,-,-,4578.0000,4577.6000,4577.2000,4568.0000,4566.0000,4579.6000,4579.8000,4580.2000,4580.4000,4580.6000,1,1,1,1,1,1,1,2,1,1
SF,IF2011,2020-09-24 09:32:54.000,4574.0000,2030,0,85011300.000,0,-,-,-,-,4577.6000,4577.2000,4568.0000,4566.0000,4565.0000,4578.0000,4579.4000,4579.6000,4579.8000,4580.2000,1,1,1,1,5,1,2,1,1,2
SF,IF2011,2020-09-24 09:32:54.500,4574.0000,2030,0,85011300.000,0,-,-,-,-,4577.2000,4568.0000,4566.0000,4565.0000,4564.2000,4578.0000,4579.6000,4579.8000,4580.2000,4580.4000,1,1,1,5,1,1,1,1,2,1
SF,IF2011,2020-09-24 09:32:55.000,4577.2000,2030,0,86384460.000,1,0,1,多换,S,4568.0000,4566.0000,4565.0000,4564.2000,4561.0000,4577.8000,4579.6000,4579.8000,4580.2000,4580.4000,1,1,5,1,2,1,1,1,2,1
SF,IF2011,2020-09-24 09:32:55.500,4577.2000,2030,0,86384460.000,0,-,-,-,-,4575.6000,4574.4000,4574.2000,4574.0000,4573.8000,4577.8000,4579.6000,4579.8000,4580.2000,4580.4000,1,1,1,1,6,1,1,1,2,1
SF,IF2011,2020-09-24 09:32:56.000,4577.2000,2030,0,86384460.000,0,-,-,-,-,4574.2000,4574.0000,4573.8000,4573.0000,4572.8000,4577.8000,4579.6000,4579.8000,4580.2000,4580.4000,1,1,6,1,1,1,1,1,2,1
SF,IF2011,2020-09-24 09:32:56.500,4577.2000,2030,0,86384460.000,0,-,-,-,-,4574.4000,4574.0000,4573.8000,4573.0000,4572.8000,4577.8000,4579.6000,4579.8000,4580.2000,4580.4000,3,1,6,1,1,1,1,1,2,1
SF,IF2011,2020-09-24 09:32:57.000,4577.2000,2030,0,86384460.000,0,-,-,-,-,4574.4000,4574.0000,4573.8000,4573.0000,4572.8000,4577.8000,4579.6000,4579.8000,4580.2000,4592.8000,3,1,6,1,1,1,1,1,2,1
SF,IF2011,2020-09-24 09:32:57.500,4577.2000,2030,0,86384460.000,0,-,-,-,-,4574.4000,4573.0000,4568.2000,4568.0000,4566.0000,4577.8000,4579.6000,4579.8000,4580.2000,4592.8000,2,1,2,2,1,1,1,1,2,1
SF,IF2011,2020-09-24 09:32:58.000,4577.2000,2030,0,86384460.000,0,-,-,-,-,4574.4000,4573.0000,4568.0000,4566.0000,4565.0000,4577.8000,4579.6000,4579.8000,4580.2000,4592.8000,2,1,2,1,5,1,1,1,1,1
SF,IF2011,2020-09-24 09:32:58.500,4577.2000,2030,0,86384460.000,0,-,-,-,-,4574.6000,4574.4000,4573.0000,4568.0000,4566.0000,4577.8000,4579.6000,4579.8000,4580.2000,4592.8000,2,2,1,2,1,1,1,1,1,1
SF,IF2011,2020-09-24 09:32:59.000,4577.2000,2030,0,86384460.000,0,-,-,-,-,4574.8000,4574.6000,4573.0000,4568.0000,4566.0000,4577.8000,4579.6000,4579.8000,4580.2000,4592.8000,2,2,1,2,1,1,1,1,1,1
SF,IF2011,2020-09-24 09:32:59.500,4577.2000,2030,0,86384460.000,0,-,-,-,-,4575.0000,4574.8000,4574.6000,4573.0000,4568.0000,4577.8000,4579.6000,4579.8000,4580.2000,4592.8000,1,2,2,1,2,1,1,1,1,1
SF,IF2011,2020-09-24 09:33:00.000,4577.2000,2030,0,86384460.000,0,-,-,-,-,4575.2000,4575.0000,4574.8000,4574.6000,4573.0000,4577.8000,4579.6000,4579.8000,4580.2000,4592.8000,3,1,1,2,1,1,1,1,1,1
SF,IF2011,2020-09-24 09:33:00.500,4577.2000,2030,0,86384460.000,0,-,-,-,-,4575.2000,4574.6000,4573.0000,4568.0000,4566.0000,4577.8000,4579.6000,4579.8000,4580.2000,4592.8000,3,2,1,2,1,1,1,1,1,1
SF,IF2011,2020-09-24 09:33:01.000,4577.2000,2030,0,86384460.000,0,-,-,-,-,4575.4000,4575.2000,4574.6000,4573.0000,4568.0000,4577.6000,4577.8000,4579.6000,4579.8000,4580.2000,1,1,2,1,2,1,1,1,1,1
SF,IF2011,2020-09-24 09:33:01.500,4575.2000,2030,0,87757020.000,1,0,1,多换,S,4573.0000,4568.0000,4566.0000,4565.0000,4564.2000,4577.4000,4577.6000,4577.8000,4579.6000,4579.8000,1,2,1,5,1,1,1,1,1,1
SF,IF2011,2020-09-24 09:33:02.000,4575.2000,2030,0,87757020.000,0,-,-,-,-,4573.2000,4573.0000,4568.0000,4566.0000,4565.0000,4577.2000,4577.4000,4577.6000,4577.8000,4579.6000,3,1,2,1,5,1,3,1,1,1
SF,IF2011,2020-09-24 09:33:02.500,4575.2000,2030,0,87757020.000,0,-,-,-,-,4573.2000,4568.0000,4566.0000,4565.0000,4564.2000,4577.2000,4577.4000,4577.6000,4577.8000,4579.6000,1,2,1,5,1,1,3,1,1,1
SF,IF2011,2020-09-24 09:33:03.000,4575.2000,2030,0,87757020.000,0,-,-,-,-,4573.2000,4568.0000,4566.0000,4565.0000,4564.2000,4576.4000,4576.6000,4576.8000,4577.0000,4577.2000,1,2,1,5,1,1,1,2,4,1
SF,IF2011,2020-09-24 09:33:03.500,4575.2000,2030,0,87757020.000,0,-,-,-,-,4573.4000,4573.2000,4568.0000,4566.0000,4565.0000,4576.2000,4577.0000,4577.4000,4577.8000,4587.8000,2,1,2,1,5,1,1,1,1,1
SF,IF2011,2020-09-24 09:33:04.000,4575.2000,2030,0,87757020.000,0,-,-,-,-,4573.4000,4568.0000,4566.0000,4565.0000,4564.2000,4576.0000,4576.2000,4577.0000,4577.4000,4577.8000,2,2,1,5,1,1,1,1,1,1
SF,IF2011,2020-09-24 09:33:04.500,4575.2000,2030,0,87757020.000,0,-,-,-,-,4573.6000,4573.4000,4568.0000,4566.0000,4565.0000,4576.0000,4577.0000,4577.4000,4577.8000,4587.8000,1,2,2,1,5,1,1,1,1,1
SF,IF2011,2020-09-24 09:33:05.000,4575.2000,2030,0,87757020.000,0,-,-,-,-,4573.8000,4573.6000,4573.4000,4568.0000,4566.0000,4576.0000,4577.0000,4577.4000,4577.8000,4587.8000,1,1,2,2,1,1,1,1,1,1
SF,IF2011,2020-09-24 09:33:05.500,4575.2000,2030,0,87757020.000,0,-,-,-,-,4568.0000,4566.0000,4565.0000,4564.2000,4561.0000,4576.0000,4577.0000,4577.4000,4577.8000,4587.8000,2,1,5,1,2,1,1,1,1,1
SF,IF2011,2020-09-24 09:33:06.000,4575.2000,2030,0,87757020.000,0,-,-,-,-,4573.4000,4572.0000,4571.8000,4571.6000,4571.0000,4575.8000,4576.0000,4577.0000,4577.4000,4577.8000,1,3,1,2,2,1,1,1,1,1
SF,IF2011,2020-09-24 09:33:06.500,4575.2000,2030,0,87757020.000,0,-,-,-,-,4572.0000,4571.8000,4571.6000,4571.0000,4569.8000,4575.8000,4576.0000,4577.0000,4577.4000,4587.8000,3,1,2,1,1,1,1,1,1,1
SF,IF2011,2020-09-24 09:33:07.000,4575.2000,2030,0,87757020.000,0,-,-,-,-,4572.4000,4572.2000,4572.0000,4571.8000,4571.6000,4575.6000,4576.0000,4577.0000,4577.4000,4587.8000,2,5,3,1,2,1,1,1,1,1
SF,IF2011,2020-09-24 09:33:07.500,4575.2000,2030,0,87757020.000,0,-,-,-,-,4573.0000,4572.6000,4572.4000,4572.2000,4572.0000,4575.6000,4576.0000,4577.0000,4577.4000,4587.8000,1,3,2,3,3,1,1,1,1,1
SF,IF2011,2020-09-24 09:33:08.000,4575.2000,2030,0,87757020.000,0,-,-,-,-,4573.2000,4572.6000,4572.4000,4572.2000,4572.0000,4575.6000,4576.0000,4577.0000,4577.4000,4587.8000,3,3,1,2,3,1,1,1,1,1
SF,IF2011,2020-09-24 09:33:08.500,4575.2000,2030,0,87757020.000,0,-,-,-,-,4574.6000,4573.8000,4573.2000,4572.6000,4572.2000,4575.6000,4576.0000,4577.0000,4577.4000,4587.8000,1,4,3,3,2,1,1,1,1,1
SF,IF2011,2020-09-24 09:33:09.000,4575.2000,2030,0,87757020.000,0,-,-,-,-,4573.2000,4572.6000,4572.2000,4572.0000,4571.8000,4575.6000,4576.0000,4577.0000,4577.4000,4587.8000,3,3,2,2,1,1,1,1,1,1
SF,IF2011,2020-09-24 09:33:09.500,4575.6000,2031,1,89129700.000,1,1,0,双开,S,4573.2000,4572.6000,4572.2000,4572.0000,4571.8000,4576.0000,4577.0000,4577.4000,4587.8000,4592.8000,3,3,2,2,1,1,1,1,1,1
SF,IF2011,2020-09-24 09:33:10.000,4575.6000,2031,0,89129700.000,0,-,-,-,-,4573.4000,4573.2000,4572.6000,4572.2000,4572.0000,4575.8000,4576.0000,4577.0000,4577.4000,4587.8000,1,3,2,2,2,1,1,1,1,1
SF,IF2011,2020-09-24 09:33:10.500,4575.6000,2031,0,89129700.000,0,-,-,-,-,4573.4000,4573.2000,4572.6000,4572.2000,4572.0000,4575.8000,4576.0000,4577.0000,4587.8000,4592.8000,1,2,2,2,2,1,1,1,1,1
SF,IF2011,2020-09-24 09:33:11.000,4575.6000,2031,0,89129700.000,0,-,-,-,-,4573.6000,4573.4000,4573.2000,4572.6000,4572.2000,4575.6000,4575.8000,4576.0000,4577.0000,4587.8000,1,1,2,2,2,1,1,1,1,1
SF,IF2011,2020-09-24 09:33:11.500,4575.6000,2031,0,89129700.000,0,-,-,-,-,4573.8000,4573.6000,4573.4000,4573.2000,4572.6000,4575.6000,4576.0000,4577.0000,4587.8000,4592.8000,1,1,1,2,2,1,1,1,1,1
SF,IF2011,2020-09-24 09:33:12.000,4575.6000,2031,0,89129700.000,0,-,-,-,-,4573.8000,4573.4000,4573.2000,4572.6000,4572.2000,4576.0000,4577.0000,4587.8000,4592.8000,4595.0000,1,1,2,2,2,1,1,1,1,5
SF,IF2011,2020-09-24 09:33:12.500,4575.6000,2031,0,89129700.000,0,-,-,-,-,4574.0000,4573.8000,4573.4000,4573.2000,4572.6000,4576.0000,4577.0000,4587.8000,4592.8000,4595.0000,2,1,1,2,2,1,1,1,1,5
SF,IF2011,2020-09-24 09:33:13.000,4576.0000,2031,0,90502500.000,1,0,1,多换,S,4574.2000,4574.0000,4573.8000,4573.4000,4573.2000,4577.0000,4587.8000,4592.8000,4595.0000,4597.0000,1,2,1,1,2,1,1,1,5,3
SF,IF2011,2020-09-24 09:33:13.500,4576.0000,2031,0,90502500.000,0,-,-,-,-,4574.4000,4574.2000,4574.0000,4573.8000,4573.4000,4587.8000,4592.8000,4595.0000,4597.0000,4597.4000,3,1,1,1,1,1,1,5,3,1
SF,IF2011,2020-09-24 09:33:14.000,4576.0000,2031,0,90502500.000,0,-,-,-,-,4574.6000,4574.4000,4574.2000,4574.0000,4573.8000,4579.2000,4579.4000,4579.8000,4580.4000,4580.8000,2,3,1,1,1,6,3,1,1,1
SF,IF2011,2020-09-24 09:33:14.500,4576.0000,2031,0,90502500.000,0,-,-,-,-,4574.8000,4574.6000,4574.4000,4574.2000,4574.0000,4579.2000,4579.4000,4579.8000,4580.4000,4587.4000,3,2,2,1,1,4,3,1,1,1
SF,IF2011,2020-09-24 09:33:15.000,4576.0000,2031,0,90502500.000,0,-,-,-,-,4574.8000,4574.6000,4574.4000,4574.2000,4574.0000,4579.0000,4579.2000,4579.4000,4579.8000,4580.4000,4,1,2,1,1,2,5,3,1,1
SF,IF2011,2020-09-24 09:33:15.500,4576.0000,2031,0,90502500.000,0,-,-,-,-,4575.0000,4574.8000,4574.6000,4574.4000,4574.2000,4578.0000,4578.2000,4579.0000,4579.2000,4579.4000,2,1,1,1,1,3,1,2,5,1
SF,IF2011,2020-09-24 09:33:16.000,4576.0000,2031,0,90502500.000,0,-,-,-,-,4575.0000,4574.6000,4574.4000,4574.2000,4574.0000,4577.8000,4578.0000,4578.2000,4579.0000,4579.2000,2,1,1,1,1,5,3,1,1,4
SF,IF2011,2020-09-24 09:33:16.500,4576.0000,2031,0,90502500.000,0,-,-,-,-,4575.0000,4574.6000,4574.4000,4574.2000,4574.0000,4577.8000,4579.0000,4579.2000,4579.4000,4579.8000,2,1,1,1,1,2,1,4,1,1
SF,IF2011,2020-09-24 09:33:17.000,4576.0000,2031,0,90502500.000,0,-,-,-,-,4575.0000,4574.6000,4574.4000,4574.2000,4574.0000,4577.8000,4579.0000,4579.2000,4579.4000,4579.8000,2,1,1,1,1,1,1,4,1,1
SF,IF2011,2020-09-24 09:33:17.500,4576.0000,2031,0,90502500.000,0,-,-,-,-,4575.0000,4574.6000,4574.4000,4574.2000,4574.0000,4577.8000,4579.2000,4579.4000,4579.8000,4587.6000,2,1,1,1,2,1,3,1,1,1
SF,IF2011,2020-09-24 09:33:18.000,4577.8000,2031,0,91875840.000,1,0,1,多换,S,4575.2000,4575.0000,4574.6000,4574.4000,4574.2000,4579.2000,4579.4000,4579.8000,4587.6000,4587.8000,2,2,1,1,1,3,1,1,1,1
SF,IF2011,2020-09-24 09:33:18.500,4577.8000,2031,0,91875840.000,0,-,-,-,-,4575.2000,4575.0000,4574.6000,4574.4000,4574.2000,4579.2000,4579.4000,4579.8000,4587.6000,4587.8000,2,1,1,1,1,3,1,1,1,1
SF,IF2011,2020-09-24 09:33:19.000,4577.8000,2031,0,91875840.000,0,-,-,-,-,4575.4000,4575.2000,4575.0000,4574.6000,4574.4000,4579.4000,4579.8000,4587.6000,4587.8000,4592.8000,2,4,1,1,1,1,1,1,1,1
SF,IF2011,2020-09-24 09:33:19.500,4577.8000,2031,0,91875840.000,0,-,-,-,-,4575.6000,4575.4000,4575.2000,4575.0000,4574.6000,4579.2000,4579.4000,4579.8000,4587.6000,4587.8000,3,2,1,2,1,3,3,1,1,1
SF,IF2011,2020-09-24 09:33:20.000,4577.8000,2031,0,91875840.000,0,-,-,-,-,4575.6000,4575.4000,4575.2000,4575.0000,4574.6000,4579.0000,4579.2000,4579.4000,4579.8000,4587.6000,1,1,1,2,1,3,4,3,1,1
SF,IF2011,2020-09-24 09:33:20.500,4577.8000,2031,0,91875840.000,0,-,-,-,-,4575.8000,4575.6000,4575.4000,4575.0000,4574.6000,4578.0000,4578.2000,4578.4000,4578.6000,4579.0000,2,1,1,2,1,1,1,1,1,3
SF,IF2011,2020-09-24 09:33:21.000,4577.8000,2031,0,91875840.000,0,-,-,-,-,4575.8000,4575.6000,4575.4000,4575.0000,4574.6000,4578.0000,4578.2000,4578.4000,4578.6000,4579.0000,2,1,1,2,1,2,1,1,1,2
SF,IF2011,2020-09-24 09:33:21.500,4577.8000,2031,0,91875840.000,0,-,-,-,-,4575.8000,4575.6000,4575.4000,4575.0000,4574.6000,4578.0000,4578.2000,4578.4000,4578.6000,4579.0000,1,1,1,2,1,3,1,1,1,2
SF,IF2011,2020-09-24 09:33:22.000,4577.8000,2031,0,91875840.000,0,-,-,-,-,4576.0000,4575.8000,4575.6000,4575.4000,4575.0000,4578.4000,4578.6000,4579.0000,4579.2000,4579.8000,1,1,1,1,2,1,1,1,4,1
SF,IF2011,2020-09-24 09:33:22.500,4577.8000,2031,0,91875840.000,0,-,-,-,-,4576.0000,4575.8000,4575.6000,4575.4000,4575.0000,4578.0000,4578.2000,4578.4000,4578.6000,4579.0000,1,1,1,1,2,3,4,1,1,1
SF,IF2011,2020-09-24 09:33:23.000,4577.8000,2031,0,91875840.000,0,-,-,-,-,4576.2000,4576.0000,4575.8000,4575.6000,4575.4000,4578.0000,4578.2000,4578.4000,4578.6000,4579.0000,1,1,1,1,1,3,4,1,1,1
SF,IF2011,2020-09-24 09:33:23.500,4576.2000,2032,1,93248700.000,1,1,0,双开,S,4575.8000,4575.6000,4575.4000,4575.0000,4574.0000,4576.2000,4577.4000,4577.8000,4578.0000,4578.2000,1,1,1,2,1,1,2,5,3,4
SF,IF2011,2020-09-24 09:33:24.000,4575.8000,2032,0,94621440.000,1,0,1,多换,S,4575.4000,4575.0000,4574.0000,4573.2000,4568.0000,4576.2000,4577.8000,4578.4000,4578.6000,4579.0000,1,2,1,2,1,1,1,1,1,1
SF,IF2011,2020-09-24 09:33:24.500,4576.2000,2031,-1,95994300.000,1,0,1,双平,S,4575.0000,4574.0000,4573.2000,4568.0000,4566.0000,4576.0000,4577.8000,4578.4000,4578.6000,4579.0000,2,1,2,1,1,1,1,1,1,1
SF,IF2011,2020-09-24 09:33:25.000,4576.2000,2031,0,95994300.000,0,-,-,-,-,4575.0000,4574.0000,4573.2000,4568.0000,4566.0000,4576.0000,4577.8000,4578.4000,4578.6000,4579.0000,1,1,2,1,1,1,1,1,1,1
SF,IF2011,2020-09-24 09:33:25.500,4576.2000,2031,0,95994300.000,0,-,-,-,-,4575.0000,4574.0000,4573.2000,4568.0000,4566.0000,4576.0000,4578.4000,4578.6000,4579.0000,4579.2000,1,1,2,1,1,1,1,1,1,2
SF,IF2011,2020-09-24 09:33:26.000,4576.2000,2031,0,95994300.000,0,-,-,-,-,4575.0000,4574.0000,4573.2000,4568.0000,4566.0000,4576.0000,4578.4000,4578.6000,4579.2000,4579.8000,1,1,2,1,1,1,1,1,2,1
SF,IF2011,2020-09-24 09:33:29.000,4576.0000,2031,0,97367100.000,1,0,1,多换,S,4575.0000,4574.0000,4573.2000,4568.0000,4566.0000,4578.4000,4578.6000,4579.2000,4579.8000,4587.6000,1,1,2,1,1,1,1,2,1,1
SF,IF2011,2020-09-24 09:33:29.500,4576.0000,2031,0,97367100.000,0,-,-,-,-,4575.2000,4575.0000,4574.0000,4573.2000,4568.0000,4578.0000,4578.2000,4579.2000,4579.8000,4587.6000,3,1,1,2,1,4,8,2,1,1
SF,IF2011,2020-09-24 09:33:30.000,4576.0000,2031,0,97367100.000,0,-,-,-,-,4575.2000,4575.0000,4574.0000,4568.0000,4566.0000,4578.0000,4578.2000,4579.2000,4579.8000,4587.6000,3,1,1,1,1,4,7,2,1,1
SF,IF2011,2020-09-24 09:33:30.500,4576.0000,2031,0,97367100.000,0,-,-,-,-,4575.2000,4575.0000,4574.0000,4568.0000,4566.0000,4578.0000,4578.2000,4579.2000,4579.8000,4587.6000,3,1,1,1,1,4,6,2,1,1
SF,IF2011,2020-09-24 09:33:31.000,4576.0000,2031,0,97367100.000,0,-,-,-,-,4575.2000,4575.0000,4574.0000,4568.0000,4566.0000,4577.8000,4578.0000,4578.2000,4579.2000,4579.8000,3,1,1,1,1,1,1,2,2,1
SF,IF2011,2020-09-24 09:33:31.500,4576.0000,2031,0,97367100.000,0,-,-,-,-,4575.2000,4575.0000,4574.0000,4568.0000,4566.0000,4577.8000,4578.0000,4578.2000,4579.2000,4579.8000,3,1,1,1,1,1,1,2,2,1
SF,IF2011,2020-09-24 09:33:34.000,4576.0000,2031,0,97367100.000,0,-,-,-,-,4575.4000,4575.2000,4575.0000,4574.0000,4568.0000,4577.8000,4578.2000,4579.2000,4579.8000,4587.6000,1,3,1,1,1,1,2,2,1,1
SF,IF2011,2020-09-24 09:33:34.500,4576.0000,2031,0,97367100.000,0,-,-,-,-,4575.6000,4575.4000,4575.2000,4575.0000,4574.0000,4577.8000,4578.2000,4579.8000,4587.6000,4587.8000,1,1,2,1,1,1,1,1,1,1
SF,IF2011,2020-09-24 09:33:35.000,4576.0000,2031,0,97367100.000,0,-,-,-,-,4575.8000,4575.6000,4575.4000,4575.2000,4575.0000,4577.8000,4578.2000,4579.8000,4587.6000,4587.8000,1,1,1,2,1,1,1,1,1,1
SF,IF2011,2020-09-24 09:33:35.500,4576.0000,2031,0,97367100.000,0,-,-,-,-,4576.0000,4575.8000,4575.6000,4575.4000,4575.2000,4577.8000,4578.2000,4579.8000,4587.6000,4587.8000,1,1,1,1,2,1,1,1,1,1
SF,IF2011,2020-09-24 09:33:36.000,4576.0000,2031,0,97367100.000,0,-,-,-,-,4575.6000,4575.2000,4575.0000,4574.0000,4568.0000,4577.8000,4578.2000,4579.8000,4587.6000,4587.8000,1,2,1,1,1,1,1,1,1,1
SF,IF2011,2020-09-24 09:33:36.500,4576.0000,2031,0,97367100.000,0,-,-,-,-,4575.8000,4575.6000,4575.2000,4575.0000,4574.0000,4577.8000,4578.2000,4579.8000,4587.6000,4587.8000,3,1,2,1,1,1,1,1,1,1
SF,IF2011,2020-09-24 09:33:37.000,4576.0000,2031,0,97367100.000,0,-,-,-,-,4575.8000,4575.6000,4575.2000,4575.0000,4574.0000,4577.8000,4578.2000,4579.8000,4587.6000,4587.8000,3,1,2,1,1,1,1,1,1,1
SF,IF2011,2020-09-24 09:33:37.500,4576.0000,2031,0,97367100.000,0,-,-,-,-,4575.8000,4575.6000,4575.2000,4575.0000,4574.0000,4577.8000,4578.2000,4579.8000,4587.6000,4587.8000,3,1,2,1,1,1,1,1,1,1
SF,IF2011,2020-09-24 09:33:38.000,4576.0000,2031,0,97367100.000,0,-,-,-,-,4575.8000,4575.6000,4575.2000,4575.0000,4574.0000,4577.8000,4578.2000,4579.8000,4587.6000,4587.8000,3,1,2,1,1,1,1,1,1,1
SF,IF2011,2020-09-24 09:33:38.500,4576.0000,2031,0,97367100.000,0,-,-,-,-,4576.8000,4575.8000,4575.6000,4575.2000,4575.0000,4577.8000,4578.2000,4579.8000,4587.6000,4587.8000,1,3,1,2,1,1,1,1,1,1
SF,IF2011,2020-09-24 09:33:39.000,4576.0000,2031,0,97367100.000,0,-,-,-,-,4575.8000,4575.6000,4575.2000,4575.0000,4574.0000,4577.8000,4578.2000,4579.8000,4587.6000,4587.8000,2,1,2,1,1,1,1,1,1,1
SF,IF2011,2020-09-24 09:33:39.500,4577.8000,2031,0,98740440.000,1,0,1,多换,S,4576.0000,4575.8000,4575.6000,4575.2000,4575.0000,4578.2000,4587.6000,4587.8000,4592.8000,4595.0000,2,2,1,2,1,1,1,1,1,5
SF,IF2011,2020-09-24 09:33:40.000,4577.8000,2031,0,98740440.000,0,-,-,-,-,4577.4000,4576.4000,4576.2000,4576.0000,4575.8000,4587.6000,4587.8000,4592.8000,4595.0000,4597.0000,1,1,2,2,2,1,1,1,5,3
SF,IF2011,2020-09-24 09:33:40.500,4577.8000,2031,0,98740440.000,0,-,-,-,-,4577.6000,4576.4000,4576.2000,4576.0000,4575.8000,4580.8000,4581.0000,4581.6000,4582.2000,4582.4000,1,1,2,1,1,2,3,1,1,2
SF,IF2011,2020-09-24 09:33:41.000,4577.8000,2031,0,98740440.000,0,-,-,-,-,4577.8000,4577.6000,4576.8000,4576.4000,4576.2000,4580.8000,4581.0000,4581.6000,4582.2000,4582.4000,1,1,2,1,2,2,2,1,1,2
SF,IF2011,2020-09-24 09:33:41.500,4577.8000,2031,0,98740440.000,0,-,-,-,-,4578.0000,4577.8000,4576.8000,4576.4000,4576.2000,4580.4000,4580.6000,4580.8000,4581.0000,4581.6000,1,1,2,1,2,1,4,2,2,1
SF,IF2011,2020-09-24 09:33:42.000,4578.0000,2031,0,100113840.000,1,0,1,多换,S,4578.0000,4576.4000,4576.2000,4576.0000,4575.2000,4580.6000,4581.0000,4581.6000,4582.4000,4583.2000,1,1,2,1,1,3,2,1,2,1
SF,IF2011,2020-09-24 09:33:42.500,4578.0000,2031,0,100113840.000,0,-,-,-,-,4576.4000,4576.2000,4576.0000,4575.2000,4575.0000,4580.6000,4581.0000,4581.6000,4582.4000,4583.2000,1,2,1,1,1,3,2,1,2,1
SF,IF2011,2020-09-24 09:33:43.000,4578.0000,2031,0,100113840.000,0,-,-,-,-,4576.8000,4576.6000,4576.2000,4576.0000,4575.2000,4580.6000,4581.0000,4581.6000,4582.4000,4583.2000,1,3,2,1,1,2,2,1,2,1
SF,IF2011,2020-09-24 09:33:43.500,4578.0000,2031,0,100113840.000,0,-,-,-,-,4577.2000,4577.0000,4576.8000,4576.6000,4576.2000,4580.4000,4580.6000,4581.0000,4581.6000,4582.4000,1,1,1,1,2,5,1,2,1,2
SF,IF2011,2020-09-24 09:33:44.000,4578.0000,2031,0,100113840.000,0,-,-,-,-,4577.4000,4576.8000,4576.6000,4576.2000,4576.0000,4580.4000,4581.0000,4581.6000,4582.4000,4583.2000,2,1,1,2,1,2,2,1,2,1
SF,IF2011,2020-09-24 09:33:44.500,4578.0000,2031,0,100113840.000,0,-,-,-,-,4577.4000,4577.0000,4576.2000,4575.2000,4575.0000,4579.8000,4580.2000,4580.4000,4581.0000,4581.6000,2,1,2,1,1,1,2,2,2,1
SF,IF2011,2020-09-24 09:33:45.000,4578.0000,2031,0,100113840.000,0,-,-,-,-,4577.4000,4577.0000,4576.2000,4575.2000,4575.0000,4580.2000,4580.4000,4581.0000,4581.6000,4582.4000,2,1,2,1,1,1,2,2,1,2
SF,IF2011,2020-09-24 09:33:45.500,4578.0000,2031,0,100113840.000,0,-,-,-,-,4577.4000,4575.2000,4575.0000,4574.0000,4568.0000,4580.2000,4580.4000,4581.0000,4581.6000,4582.4000,2,1,1,1,1,1,2,2,1,2
SF,IF2011,2020-09-24 09:33:46.000,4578.0000,2031,0,100113840.000,0,-,-,-,-,4577.4000,4575.2000,4575.0000,4574.0000,4568.0000,4580.0000,4580.2000,4580.4000,4581.0000,4581.6000,2,1,1,1,1,1,1,2,2,1
SF,IF2011,2020-09-24 09:33:46.500,4578.0000,2031,0,100113840.000,0,-,-,-,-,4577.4000,4575.2000,4575.0000,4574.0000,4568.0000,4580.0000,4580.2000,4580.4000,4581.0000,4581.6000,2,1,1,1,1,1,1,1,2,1
SF,IF2011,2020-09-24 09:33:47.500,4578.0000,2031,0,100113840.000,0,-,-,-,-,4577.4000,4575.2000,4575.0000,4574.0000,4568.0000,4580.2000,4581.0000,4581.6000,4582.4000,4587.8000,2,1,1,1,1,1,2,1,2,1
SF,IF2011,2020-09-24 09:33:48.000,4578.0000,2031,0,100113840.000,0,-,-,-,-,4577.6000,4577.4000,4575.2000,4575.0000,4574.0000,4580.2000,4581.0000,4581.6000,4582.4000,4587.8000,1,2,1,1,1,1,2,1,2,1
SF,IF2011,2020-09-24 09:33:48.500,4578.0000,2031,0,100113840.000,0,-,-,-,-,4577.6000,4577.4000,4575.2000,4575.0000,4574.0000,4580.2000,4581.0000,4581.6000,4582.4000,4587.8000,1,1,1,1,1,1,2,1,2,1
SF,IF2011,2020-09-24 09:33:49.000,4578.0000,2031,0,100113840.000,0,-,-,-,-,4577.8000,4577.6000,4575.2000,4575.0000,4574.0000,4580.2000,4581.0000,4581.6000,4582.4000,4587.8000,1,1,1,1,1,1,2,1,2,1
SF,IF2011,2020-09-24 09:33:49.500,4578.0000,2031,0,100113840.000,0,-,-,-,-,4577.6000,4575.2000,4575.0000,4574.0000,4568.0000,4579.8000,4580.0000,4580.2000,4581.0000,4581.6000,1,1,1,1,1,1,1,1,2,1
SF,IF2011,2020-09-24 09:33:50.000,4578.0000,2031,0,100113840.000,0,-,-,-,-,4575.2000,4575.0000,4574.0000,4568.0000,4566.0000,4579.8000,4580.0000,4580.2000,4581.0000,4581.6000,1,1,1,1,1,1,1,1,2,1
SF,IF2011,2020-09-24 09:33:50.500,4578.0000,2031,0,100113840.000,0,-,-,-,-,4575.6000,4575.4000,4575.2000,4575.0000,4574.0000,4579.4000,4579.6000,4579.8000,4580.0000,4580.2000,1,2,1,1,1,1,4,1,1,1
SF,IF2011,2020-09-24 09:33:51.000,4578.0000,2031,0,100113840.000,0,-,-,-,-,4575.8000,4575.6000,4575.4000,4575.2000,4575.0000,4579.2000,4579.6000,4579.8000,4581.0000,4581.6000,1,1,1,1,1,1,1,1,2,1
SF,IF2011,2020-09-24 09:33:51.500,4578.0000,2031,0,100113840.000,0,-,-,-,-,4576.0000,4575.8000,4575.6000,4575.4000,4575.2000,4579.2000,4579.6000,4579.8000,4582.4000,4587.8000,1,1,1,1,1,4,1,1,2,1
SF,IF2011,2020-09-24 09:33:52.000,4578.0000,2031,0,100113840.000,0,-,-,-,-,4576.0000,4575.8000,4575.6000,4575.4000,4575.2000,4579.2000,4579.6000,4579.8000,4582.4000,4587.8000,1,1,1,1,1,1,1,1,2,1
SF,IF2011,2020-09-24 09:33:53.500,4578.0000,2031,0,100113840.000,0,-,-,-,-,4576.0000,4575.6000,4575.2000,4575.0000,4574.0000,4579.0000,4579.2000,4579.6000,4579.8000,4582.4000,1,1,1,1,1,1,5,1,1,1
SF,IF2011,2020-09-24 09:33:54.000,4578.0000,2031,0,100113840.000,0,-,-,-,-,4576.0000,4575.6000,4575.2000,4575.0000,4574.0000,4578.8000,4579.2000,4579.6000,4579.8000,4582.4000,1,1,1,1,1,1,2,1,1,1
SF,IF2011,2020-09-24 09:33:54.500,4578.0000,2031,0,100113840.000,0,-,-,-,-,4576.0000,4575.6000,4575.2000,4575.0000,4574.0000,4578.8000,4579.6000,4579.8000,4582.4000,4587.8000,1,1,1,1,1,1,1,1,1,1
SF,IF2011,2020-09-24 09:33:55.000,4578.0000,2031,0,100113840.000,0,-,-,-,-,4576.2000,4576.0000,4575.6000,4575.2000,4575.0000,4579.6000,4579.8000,4582.4000,4587.8000,4591.4000,2,1,1,1,1,1,1,1,1,3
SF,IF2011,2020-09-24 09:33:55.500,4578.0000,2031,0,100113840.000,0,-,-,-,-,4576.2000,4575.6000,4575.2000,4575.0000,4574.0000,4579.4000,4579.6000,4579.8000,4582.4000,4587.8000,1,1,1,1,1,1,1,1,1,1
SF,IF2011,2020-09-24 09:33:56.000,4578.0000,2031,0,100113840.000,0,-,-,-,-,4576.4000,4576.2000,4575.6000,4575.2000,4575.0000,4579.4000,4579.6000,4579.8000,4582.4000,4587.8000,1,1,1,1,1,1,1,1,1,1
SF,IF2011,2020-09-24 09:33:56.500,4578.0000,2031,0,100113840.000,0,-,-,-,-,4576.6000,4576.4000,4575.6000,4575.2000,4575.0000,4579.4000,4579.6000,4579.8000,4582.4000,4587.8000,1,1,1,1,1,1,1,1,1,1
SF,IF2011,2020-09-24 09:33:57.000,4578.0000,2031,0,100113840.000,0,-,-,-,-,4576.6000,4575.6000,4575.2000,4575.0000,4574.0000,4579.2000,4579.4000,4579.6000,4579.8000,4582.4000,1,1,1,1,1,2,2,1,1,1
SF,IF2011,2020-09-24 09:33:57.500,4578.0000,2031,0,100113840.000,0,-,-,-,-,4576.8000,4576.6000,4575.6000,4575.2000,4575.0000,4579.4000,4579.6000,4579.8000,4582.4000,4587.8000,1,1,1,1,1,1,1,1,1,1
SF,IF2011,2020-09-24 09:33:58.000,4578.0000,2031,0,100113840.000,0,-,-,-,-,4576.8000,4576.6000,4575.6000,4575.2000,4575.0000,4579.2000,4579.4000,4579.6000,4579.8000,4582.4000,1,1,1,1,1,7,2,1,1,1
SF,IF2011,2020-09-24 09:33:59.500,4578.0000,2031,0,100113840.000,0,-,-,-,-,4576.8000,4576.6000,4575.6000,4575.2000,4575.0000,4579.6000,4579.8000,4582.4000,4587.8000,4591.4000,1,1,1,1,1,1,1,1,1,3
SF,IF2011,2020-09-24 09:34:00.000,4578.0000,2031,0,100113840.000,0,-,-,-,-,4576.8000,4575.6000,4575.2000,4575.0000,4574.0000,4579.4000,4579.6000,4579.8000,4582.4000,4587.8000,1,1,1,1,1,1,1,1,1,1
SF,IF2011,2020-09-24 09:34:00.500,4578.0000,2031,0,100113840.000,0,-,-,-,-,4577.0000,4576.8000,4575.6000,4575.2000,4575.0000,4579.4000,4579.6000,4579.8000,4582.4000,4587.8000,1,1,1,1,1,1,1,1,1,1
SF,IF2011,2020-09-24 09:34:01.000,4578.0000,2031,0,100113840.000,0,-,-,-,-,4577.0000,4575.6000,4575.2000,4575.0000,4574.0000,4579.4000,4582.4000,4587.8000,4591.4000,4592.8000,1,1,1,1,1,1,1,1,3,1
SF,IF2011,2020-09-24 09:34:01.500,4578.0000,2031,0,100113840.000,0,-,-,-,-,4577.2000,4575.8000,4575.6000,4575.2000,4575.0000,4582.4000,4587.8000,4591.4000,4592.8000,4595.0000,1,1,1,1,1,1,1,3,1,5
SF,IF2011,2020-09-24 09:34:02.000,4578.0000,2031,0,100113840.000,0,-,-,-,-,4577.4000,4577.2000,4575.8000,4575.6000,4575.2000,4580.8000,4581.0000,4581.6000,4581.8000,4582.2000,1,1,1,1,1,3,3,1,1,2
SF,IF2011,2020-09-24 09:34:02.500,4578.0000,2031,0,100113840.000,0,-,-,-,-,4577.6000,4577.4000,4575.2000,4575.0000,4574.0000,4580.8000,4581.0000,4581.6000,4582.2000,4582.4000,1,1,1,1,1,1,1,1,2,1
SF,IF2011,2020-09-24 09:34:03.000,4578.0000,2031,0,100113840.000,0,-,-,-,-,4577.8000,4577.6000,4575.0000,4574.0000,4568.0000,4581.6000,4582.2000,4582.4000,4587.8000,4591.4000,2,1,1,1,1,1,2,1,1,3
SF,IF2011,2020-09-24 09:34:03.500,4578.0000,2031,0,100113840.000,0,-,-,-,-,4578.0000,4577.8000,4577.6000,4575.0000,4574.0000,4581.6000,4582.2000,4582.4000,4587.8000,4591.4000,2,2,1,1,1,1,2,1,1,3
SF,IF2011,2020-09-24 09:34:04.000,4581.6000,2032,1,101488320.000,1,1,0,双开,S,4578.2000,4578.0000,4577.6000,4575.0000,4574.0000,4582.2000,4582.4000,4587.8000,4591.4000,4592.8000,1,1,1,1,1,2,1,1,3,1
SF,IF2011,2020-09-24 09:34:04.500,4581.6000,2032,0,101488320.000,0,-,-,-,-,4578.4000,4578.2000,4578.0000,4577.6000,4575.0000,4582.0000,4582.2000,4582.4000,4587.8000,4591.4000,1,1,1,1,1,3,5,1,1,3
SF,IF2011,2020-09-24 09:34:05.000,4581.6000,2032,0,101488320.000,0,-,-,-,-,4579.2000,4578.6000,4578.4000,4578.0000,4577.6000,4582.0000,4582.2000,4582.4000,4587.8000,4591.4000,1,1,1,1,1,3,2,1,1,3
SF,IF2011,2020-09-24 09:34:05.500,4579.4000,2032,0,102862140.000,1,0,1,多换,S,4579.2000,4577.6000,4575.0000,4574.0000,4568.0000,4581.8000,4582.0000,4582.2000,4582.4000,4587.8000,1,1,1,1,1,1,2,2,1,1
SF,IF2011,2020-09-24 09:34:06.000,4579.4000,2032,0,102862140.000,0,-,-,-,-,4579.4000,4579.2000,4575.0000,4574.0000,4568.0000,4581.8000,4582.0000,4582.2000,4587.8000,4591.4000,1,1,1,1,1,1,1,1,1,3
SF,IF2011,2020-09-24 09:34:06.500,4579.4000,2032,0,102862140.000,0,-,-,-,-,4579.4000,4579.2000,4575.0000,4574.0000,4568.0000,4581.8000,4582.2000,4587.8000,4591.4000,4592.8000,1,1,1,1,1,1,1,1,3,1
SF,IF2011,2020-09-24 09:34:07.500,4579.4000,2032,0,102862140.000,0,-,-,-,-,4579.4000,4579.2000,4575.0000,4574.0000,4568.0000,4581.4000,4581.8000,4582.2000,4587.8000,4591.4000,1,1,1,1,1,1,1,1,1,3
SF,IF2011,2020-09-24 09:34:08.000,4579.4000,2032,0,102862140.000,0,-,-,-,-,4579.4000,4579.2000,4575.0000,4574.0000,4568.0000,4581.4000,4581.8000,4587.8000,4591.4000,4592.8000,1,1,1,1,1,1,1,1,3,1
SF,IF2011,2020-09-24 09:34:08.500,4579.4000,2032,0,102862140.000,0,-,-,-,-,4579.4000,4579.2000,4575.0000,4574.0000,4568.0000,4581.8000,4587.8000,4591.4000,4592.8000,4595.0000,1,1,1,1,1,1,1,3,1,5
SF,IF2011,2020-09-24 09:34:09.500,4579.4000,2032,0,102862140.000,0,-,-,-,-,4579.4000,4575.0000,4574.0000,4568.0000,4566.0000,4581.8000,4585.8000,4587.8000,4591.4000,4592.8000,1,1,1,1,1,1,1,1,3,1
SF,IF2011,2020-09-24 09:34:10.000,4579.4000,2032,0,102862140.000,0,-,-,-,-,4579.4000,4579.2000,4575.0000,4574.0000,4568.0000,4581.6000,4581.8000,4585.8000,4587.8000,4591.4000,1,1,1,1,1,5,1,1,1,3
SF,IF2011,2020-09-24 09:34:11.000,4579.4000,2032,0,102862140.000,0,-,-,-,-,4579.4000,4575.0000,4574.0000,4568.0000,4566.0000,4581.0000,4581.6000,4581.8000,4585.8000,4587.8000,1,1,1,1,1,1,4,1,1,1
SF,IF2011,2020-09-24 09:34:11.500,4579.4000,2032,0,102862140.000,0,-,-,-,-,4579.4000,4579.2000,4575.0000,4574.0000,4568.0000,4581.6000,4581.8000,4585.8000,4587.8000,4591.4000,1,1,1,1,1,1,1,1,1,3
SF,IF2011,2020-09-24 09:34:12.500,4579.4000,2031,-1,104235960.000,1,0,1,双平,S,4579.2000,4575.0000,4574.0000,4568.0000,4566.0000,4581.4000,4581.6000,4581.8000,4585.8000,4587.8000,1,1,1,1,1,1,1,1,1,1
SF,IF2011,2020-09-24 09:34:13.000,4579.4000,2031,0,104235960.000,0,-,-,-,-,4575.0000,4574.0000,4568.0000,4566.0000,4565.0000,4580.8000,4581.0000,4581.2000,4581.4000,4581.8000,1,1,1,1,5,1,3,1,1,1
SF,IF2011,2020-09-24 09:34:13.500,4579.4000,2031,0,104235960.000,0,-,-,-,-,4578.0000,4576.8000,4576.6000,4576.4000,4576.0000,4580.6000,4585.8000,4587.8000,4591.4000,4592.8000,1,1,2,1,2,1,1,1,3,1
SF,IF2011,2020-09-24 09:34:14.000,4579.4000,2031,0,104235960.000,0,-,-,-,-,4579.2000,4576.6000,4576.4000,4576.0000,4575.6000,4580.6000,4585.8000,4587.8000,4591.4000,4592.8000,1,2,1,2,2,1,1,1,3,1
SF,IF2011,2020-09-24 09:34:14.500,4579.4000,2031,0,104235960.000,0,-,-,-,-,4579.2000,4576.6000,4576.4000,4576.0000,4575.6000,4585.8000,4587.8000,4591.4000,4592.8000,4595.0000,1,2,1,2,2,1,1,3,1,5
SF,IF2011,2020-09-24 09:34:15.000,4579.4000,2031,0,104235960.000,0,-,-,-,-,4576.6000,4576.4000,4576.0000,4575.6000,4575.2000,4580.8000,4581.0000,4581.4000,4581.6000,4582.0000,1,1,2,2,2,2,3,1,1,1
SF,IF2011,2020-09-24 09:34:15.500,4579.4000,2031,0,104235960.000,0,-,-,-,-,4577.0000,4576.8000,4576.4000,4576.0000,4575.6000,4580.6000,4581.4000,4581.6000,4582.2000,4582.4000,1,3,1,2,2,1,1,1,1,1
SF,IF2011,2020-09-24 09:34:16.000,4579.4000,2031,0,104235960.000,0,-,-,-,-,4577.0000,4576.8000,4576.4000,4576.0000,4575.6000,4580.4000,4580.6000,4581.4000,4581.6000,4582.2000,1,3,1,2,2,1,1,1,1,1
SF,IF2011,2020-09-24 09:34:16.500,4579.4000,2031,0,104235960.000,0,-,-,-,-,4577.2000,4577.0000,4576.8000,4576.4000,4576.0000,4580.2000,4581.4000,4581.6000,4582.2000,4582.4000,2,1,3,1,2,1,1,1,1,1
SF,IF2011,2020-09-24 09:34:17.000,4579.4000,2031,0,104235960.000,0,-,-,-,-,4577.0000,4576.8000,4576.0000,4575.6000,4575.2000,4580.2000,4581.4000,4581.6000,4582.2000,4582.4000,1,3,1,2,2,1,1,1,1,1
SF,IF2011,2020-09-24 09:34:17.500,4579.4000,2031,0,104235960.000,0,-,-,-,-,4577.2000,4577.0000,4576.8000,4576.0000,4575.6000,4580.2000,4581.4000,4581.6000,4582.2000,4582.4000,1,1,3,1,2,1,1,1,1,1
SF,IF2011,2020-09-24 09:34:18.000,4579.4000,2031,0,104235960.000,0,-,-,-,-,4577.0000,4576.8000,4576.0000,4575.6000,4575.0000,4580.2000,4581.4000,4581.6000,4582.2000,4582.4000,1,3,1,2,1,1,1,1,1,1
SF,IF2011,2020-09-24 09:34:19.000,4579.4000,2031,0,104235960.000,0,-,-,-,-,4577.0000,4576.8000,4576.0000,4575.6000,4575.0000,4580.0000,4580.2000,4581.4000,4581.6000,4582.2000,1,3,1,2,1,1,1,1,1,1
SF,IF2011,2020-09-24 09:34:19.500,4579.4000,2031,0,104235960.000,0,-,-,-,-,4577.2000,4577.0000,4576.8000,4576.0000,4575.6000,4579.8000,4580.0000,4581.4000,4581.6000,4582.2000,1,1,3,1,2,1,1,1,1,1
SF,IF2011,2020-09-24 09:34:21.000,4579.4000,2031,0,104235960.000,0,-,-,-,-,4577.2000,4577.0000,4576.8000,4576.0000,4575.6000,4579.8000,4580.0000,4581.4000,4581.6000,4581.8000,1,1,3,1,2,1,1,1,1,1
SF,IF2011,2020-09-24 09:34:23.000,4579.4000,2031,0,104235960.000,0,-,-,-,-,4577.2000,4577.0000,4576.8000,4576.0000,4575.6000,4579.8000,4581.4000,4581.6000,4581.8000,4582.2000,1,1,3,1,2,1,1,1,1,1
SF,IF2011,2020-09-24 09:34:23.500,4579.4000,2031,0,104235960.000,0,-,-,-,-,4577.2000,4577.0000,4576.8000,4576.0000,4575.6000,4579.6000,4579.8000,4581.4000,4581.6000,4581.8000,1,1,3,1,2,1,1,1,1,1
SF,IF2011,2020-09-24 09:34:26.500,4579.4000,2031,0,104235960.000,0,-,-,-,-,4579.2000,4577.2000,4577.0000,4576.8000,4576.0000,4579.6000,4579.8000,4581.4000,4581.6000,4581.8000,1,1,1,2,1,1,1,1,1,1
SF,IF2011,2020-09-24 09:34:27.000,4579.2000,2031,0,105609720.000,1,0,1,多换,S,4577.2000,4577.0000,4576.8000,4576.0000,4575.6000,4579.6000,4581.8000,4582.2000,4582.4000,4583.2000,1,1,2,1,2,1,1,1,1,1
SF,IF2011,2020-09-24 09:34:30.000,4579.2000,2031,0,105609720.000,0,-,-,-,-,4577.0000,4576.8000,4576.0000,4575.6000,4575.0000,4579.6000,4581.8000,4582.2000,4582.4000,4583.2000,1,2,1,2,1,1,1,1,1,1
SF,IF2011,2020-09-24 09:34:30.500,4579.2000,2031,0,105609720.000,0,-,-,-,-,4577.2000,4577.0000,4576.8000,4576.0000,4575.6000,4579.6000,4581.8000,4582.2000,4582.4000,4583.2000,2,1,2,1,2,1,1,1,1,1
SF,IF2011,2020-09-24 09:34:31.000,4579.2000,2031,0,105609720.000,0,-,-,-,-,4577.2000,4577.0000,4576.8000,4576.0000,4575.6000,4579.6000,4581.8000,4582.2000,4582.4000,4583.2000,2,1,2,1,2,1,1,1,1,1
SF,IF2011,2020-09-24 09:34:31.500,4579.2000,2031,0,105609720.000,0,-,-,-,-,4577.2000,4577.0000,4576.8000,4576.0000,4575.6000,4579.6000,4581.8000,4582.2000,4582.4000,4583.2000,2,1,2,1,2,1,1,1,1,1
SF,IF2011,2020-09-24 09:34:32.000,4579.2000,2031,0,105609720.000,0,-,-,-,-,4577.2000,4577.0000,4576.8000,4576.0000,4575.6000,4579.6000,4581.8000,4582.2000,4582.4000,4583.2000,2,1,2,1,2,1,1,1,1,1
SF,IF2011,2020-09-24 09:34:32.500,4579.2000,2031,0,105609720.000,0,-,-,-,-,4577.2000,4577.0000,4576.8000,4576.0000,4575.6000,4579.6000,4581.8000,4582.2000,4582.4000,4583.2000,2,1,2,1,2,1,1,1,1,1
SF,IF2011,2020-09-24 09:34:34.000,4579.6000,2030,-1,106983600.000,1,0,1,双平,S,4577.4000,4577.2000,4577.0000,4576.8000,4576.0000,4581.8000,4582.2000,4582.4000,4583.2000,4583.4000,2,2,1,2,1,1,1,1,1,2
SF,IF2011,2020-09-24 09:34:34.500,4579.6000,2030,0,106983600.000,0,-,-,-,-,4577.6000,4577.4000,4577.2000,4576.8000,4576.0000,4581.6000,4581.8000,4582.2000,4582.4000,4583.2000,2,2,2,2,1,1,1,1,1,1
SF,IF2011,2020-09-24 09:34:35.000,4579.6000,2030,0,106983600.000,0,-,-,-,-,4578.2000,4578.0000,4577.6000,4577.4000,4577.2000,4581.6000,4581.8000,4582.2000,4583.2000,4583.4000,1,4,2,2,2,1,1,1,1,2
SF,IF2011,2020-09-24 09:34:35.500,4579.6000,2030,0,106983600.000,0,-,-,-,-,4578.4000,4578.2000,4578.0000,4577.6000,4577.4000,4581.6000,4581.8000,4583.2000,4583.4000,4583.6000,2,1,4,2,2,1,1,1,2,3
SF,IF2011,2020-09-24 09:34:36.000,4579.6000,2030,0,106983600.000,0,-,-,-,-,4578.6000,4578.4000,4578.2000,4578.0000,4577.6000,4581.6000,4581.8000,4583.2000,4583.4000,4583.6000,1,2,1,4,2,1,1,1,2,3
SF,IF2011,2020-09-24 09:34:36.500,4579.6000,2030,0,106983600.000,0,-,-,-,-,4578.6000,4578.4000,4578.2000,4578.0000,4577.6000,4581.6000,4581.8000,4583.2000,4583.4000,4583.6000,1,2,1,3,2,1,1,1,2,3
SF,IF2011,2020-09-24 09:34:37.000,4579.6000,2030,0,106983600.000,0,-,-,-,-,4578.8000,4578.6000,4578.4000,4578.2000,4578.0000,4581.6000,4581.8000,4583.2000,4583.4000,4583.6000,1,1,2,1,3,1,1,1,2,3
SF,IF2011,2020-09-24 09:34:37.500,4579.6000,2030,0,106983600.000,0,-,-,-,-,4578.8000,4578.6000,4578.4000,4578.2000,4578.0000,4581.6000,4581.8000,4583.2000,4583.4000,4583.6000,1,1,2,1,3,1,1,1,2,3
SF,IF2011,2020-09-24 09:34:38.000,4579.6000,2030,0,106983600.000,0,-,-,-,-,4578.8000,4578.4000,4578.2000,4578.0000,4577.6000,4581.6000,4581.8000,4583.2000,4583.4000,4583.6000,1,2,1,3,2,1,1,1,2,3
SF,IF2011,2020-09-24 09:34:41.000,4579.6000,2030,0,106983600.000,0,-,-,-,-,4578.8000,4578.4000,4578.2000,4578.0000,4577.6000,4581.6000,4581.8000,4583.2000,4583.4000,4583.6000,1,2,1,3,2,1,1,1,2,3
SF,IF2011,2020-09-24 09:34:42.000,4579.6000,2030,0,106983600.000,0,-,-,-,-,4579.0000,4578.8000,4578.4000,4578.2000,4578.0000,4581.6000,4581.8000,4583.2000,4583.4000,4583.6000,2,1,2,1,3,1,1,1,2,3
SF,IF2011,2020-09-24 09:34:43.000,4579.6000,2030,0,106983600.000,0,-,-,-,-,4579.4000,4579.2000,4579.0000,4578.8000,4578.4000,4581.6000,4581.8000,4583.4000,4583.6000,4587.8000,1,3,2,1,2,1,1,2,3,1
SF,IF2011,2020-09-24 09:34:43.500,4579.6000,2030,0,106983600.000,0,-,-,-,-,4579.6000,4579.4000,4579.2000,4579.0000,4578.4000,4581.8000,4583.4000,4583.6000,4587.8000,4588.8000,2,1,3,2,2,1,2,3,1,1
SF,IF2011,2020-09-24 09:34:44.000,4579.6000,2030,0,106983600.000,0,-,-,-,-,4579.0000,4578.4000,4578.2000,4578.0000,4577.6000,4581.8000,4583.4000,4583.6000,4587.8000,4588.8000,2,2,1,2,2,1,2,3,1,1
SF,IF2011,2020-09-24 09:34:44.500,4579.6000,2030,0,106983600.000,0,-,-,-,-,4579.8000,4579.2000,4579.0000,4578.4000,4578.2000,4581.6000,4581.8000,4583.4000,4583.6000,4587.8000,1,2,2,2,1,1,1,2,3,1
SF,IF2011,2020-09-24 09:34:45.000,4579.6000,2030,0,106983600.000,0,-,-,-,-,4579.2000,4579.0000,4578.4000,4578.2000,4578.0000,4581.8000,4583.4000,4583.6000,4587.8000,4588.8000,2,2,2,1,2,1,2,3,1,1
SF,IF2011,2020-09-24 09:34:45.500,4579.6000,2030,0,106983600.000,0,-,-,-,-,4579.4000,4579.2000,4579.0000,4578.4000,4578.2000,4581.8000,4583.4000,4583.6000,4587.8000,4588.8000,1,4,2,2,1,1,2,3,1,1
SF,IF2011,2020-09-24 09:34:46.000,4579.6000,2030,0,106983600.000,0,-,-,-,-,4579.6000,4579.4000,4579.2000,4579.0000,4578.4000,4581.8000,4583.4000,4583.6000,4587.8000,4588.8000,1,1,4,2,2,1,2,3,1,1
SF,IF2011,2020-09-24 09:34:46.500,4579.6000,2030,0,106983600.000,0,-,-,-,-,4579.6000,4579.2000,4579.0000,4578.4000,4578.2000,4581.8000,4583.4000,4583.6000,4587.8000,4588.8000,1,4,2,2,1,1,2,3,1,1
SF,IF2011,2020-09-24 09:34:47.000,4579.6000,2030,0,106983600.000,0,-,-,-,-,4579.6000,4579.2000,4579.0000,4578.4000,4578.2000,4581.8000,4583.4000,4583.6000,4587.8000,4588.8000,1,2,2,2,1,1,2,3,1,1
