市场代码,合约代码,时间,最新,持仓,增仓,成交额,成交量,开仓,平仓,成交类型,方向,买一价,买二价,买三价,买四价,买五价,卖一价,卖二价,卖三价,卖四价,卖五价,买一量,买二量,买三量,买四量,买五量,卖一量,卖二量,卖三量,卖四量,卖五量
SF,IF2012,2020-04-21 09:29:00.000,3677.8000,851,0,0.000,0.000,-,-,-,-,3657.4000,3653.6000,3649.2000,3644.0000,3640.0000,3668.0000,3671.0000,3675.6000,3676.0000,3676.6000,1,1,1,2,1,1,1,1,1,1
SF,IF2012,2020-04-21 09:30:00.500,3677.8000,851,0,0.000,0,-,-,-,-,3657.8000,3657.6000,3649.2000,3644.0000,3640.0000,3667.8000,3668.0000,3671.0000,3677.0000,3678.0000,1,2,1,2,1,2,1,1,1,5
SF,IF2012,2020-04-21 09:30:01.000,3677.8000,851,0,0.000,0,-,-,-,-,3658.0000,3657.8000,3649.2000,3644.0000,3640.0000,3667.6000,3667.8000,3671.0000,3677.0000,3678.0000,2,1,1,2,1,1,1,1,1,5
SF,IF2012,2020-04-21 09:30:01.500,3677.8000,851,0,0.000,0,-,-,-,-,3658.4000,3658.0000,3644.0000,3640.0000,3613.8000,3667.6000,3671.0000,3677.0000,3678.0000,3680.6000,1,2,2,1,1,1,1,1,5,1
SF,IF2012,2020-04-21 09:30:02.000,3677.8000,851,0,0.000,0,-,-,-,-,3658.6000,3658.4000,3644.0000,3640.0000,3613.8000,3667.6000,3671.0000,3677.0000,3678.0000,3680.6000,2,1,2,1,1,1,1,1,5,1
SF,IF2012,2020-04-21 09:30:02.500,3677.8000,851,0,0.000,0,-,-,-,-,3659.0000,3658.6000,3644.0000,3640.0000,3613.8000,3667.6000,3671.0000,3677.0000,3680.6000,3697.6000,1,2,2,1,1,1,1,1,1,4
SF,IF2012,2020-04-21 09:30:03.000,3677.8000,851,0,0.000,0,-,-,-,-,3659.2000,3659.0000,3644.0000,3640.0000,3613.8000,3667.6000,3671.0000,3680.6000,3697.6000,3699.0000,2,1,2,1,1,1,1,1,4,1
SF,IF2012,2020-04-21 09:30:03.500,3677.8000,851,0,0.000,0,-,-,-,-,3659.6000,3659.2000,3644.0000,3640.0000,3613.8000,3667.6000,3671.0000,3680.6000,3697.6000,3699.0000,1,2,2,1,1,1,1,1,4,1
SF,IF2012,2020-04-21 09:30:04.000,3677.8000,851,0,0.000,0,-,-,-,-,3659.8000,3659.6000,3644.0000,3640.0000,3613.8000,3667.6000,3671.0000,3680.6000,3697.6000,3699.0000,2,1,2,1,1,1,1,1,4,1
SF,IF2012,2020-04-21 09:30:04.500,3677.8000,851,0,0.000,0,-,-,-,-,3660.2000,3659.8000,3644.0000,3640.0000,3613.8000,3667.6000,3671.0000,3680.6000,3697.6000,3699.0000,1,2,2,1,1,1,1,1,4,1
SF,IF2012,2020-04-21 09:30:05.000,3677.8000,851,0,0.000,0,-,-,-,-,3660.4000,3660.2000,3644.0000,3640.0000,3613.8000,3667.6000,3671.0000,3680.6000,3697.6000,3699.0000,2,1,2,1,1,1,1,1,4,1
SF,IF2012,2020-04-21 09:30:05.500,3677.8000,851,0,0.000,0,-,-,-,-,3661.2000,3660.8000,3660.4000,3644.0000,3640.0000,3667.6000,3671.0000,3680.6000,3697.6000,3699.0000,1,1,2,2,1,1,1,1,4,1
SF,IF2012,2020-04-21 09:30:06.000,3677.8000,851,0,0.000,0,-,-,-,-,3661.6000,3661.4000,3661.2000,3644.0000,3640.0000,3667.6000,3671.0000,3680.6000,3697.6000,3699.0000,1,2,1,2,1,1,1,1,4,1
SF,IF2012,2020-04-21 09:30:06.500,3677.8000,851,0,0.000,0,-,-,-,-,3662.4000,3661.8000,3661.6000,3644.0000,3640.0000,3667.6000,3671.0000,3680.6000,3697.6000,3699.0000,1,2,1,2,1,1,1,1,4,1
SF,IF2012,2020-04-21 09:30:07.000,3677.8000,851,0,0.000,0,-,-,-,-,3662.8000,3662.6000,3662.4000,3644.0000,3640.0000,3667.6000,3671.0000,3680.6000,3697.6000,3699.0000,1,2,1,2,1,1,1,1,4,1
SF,IF2012,2020-04-21 09:30:07.500,3677.8000,851,0,0.000,0,-,-,-,-,3663.0000,3662.8000,3662.4000,3644.0000,3640.0000,3667.6000,3671.0000,3680.6000,3697.6000,3699.0000,2,1,1,2,1,1,1,1,4,1
SF,IF2012,2020-04-21 09:30:08.000,3677.8000,851,0,0.000,0,-,-,-,-,3663.4000,3663.0000,3662.4000,3644.0000,3640.0000,3667.6000,3671.0000,3680.6000,3697.6000,3699.0000,1,2,1,2,1,1,1,1,4,1
SF,IF2012,2020-04-21 09:30:08.500,3677.8000,851,0,0.000,0,-,-,-,-,3663.6000,3663.4000,3663.2000,3644.0000,3640.0000,3667.6000,3671.0000,3680.6000,3697.6000,3699.0000,2,1,1,2,1,1,1,1,4,1
SF,IF2012,2020-04-21 09:30:09.000,3677.8000,851,0,0.000,0,-,-,-,-,3664.0000,3663.6000,3663.2000,3644.0000,3640.0000,3667.6000,3671.0000,3680.6000,3697.6000,3699.0000,1,2,1,2,1,1,1,1,4,1
SF,IF2012,2020-04-21 09:30:09.500,3677.8000,851,0,0.000,0,-,-,-,-,3664.2000,3664.0000,3644.0000,3640.0000,3613.8000,3667.6000,3671.0000,3680.6000,3699.0000,3758.2000,2,1,2,1,1,1,1,1,1,1
SF,IF2012,2020-04-21 09:30:10.000,3677.8000,851,0,0.000,0,-,-,-,-,3664.6000,3664.2000,3644.0000,3640.0000,3613.8000,3667.6000,3671.0000,3680.6000,3699.0000,3758.2000,1,2,2,1,1,1,1,1,1,1
SF,IF2012,2020-04-21 09:30:10.500,3677.8000,851,0,0.000,0,-,-,-,-,3664.8000,3664.6000,3664.2000,3644.0000,3640.0000,3667.6000,3671.0000,3680.6000,3699.0000,3758.2000,1,1,1,2,1,1,1,1,1,1
SF,IF2012,2020-04-21 09:30:11.000,3664.8000,850,-1,1099440.000,1,0,1,双平,S,3665.2000,3664.2000,3644.0000,3640.0000,3613.8000,3667.2000,3667.6000,3671.0000,3680.6000,3699.0000,1,1,2,1,1,1,1,1,1,1
SF,IF2012,2020-04-21 09:30:11.500,3665.2000,849,-1,2199000.000,1,0,1,双平,S,3664.2000,3644.0000,3641.0000,3640.0000,3613.8000,3665.2000,3667.0000,3667.2000,3671.0000,3680.6000,1,2,1,1,1,1,1,1,1,1
SF,IF2012,2020-04-21 09:30:12.000,3665.2000,849,0,2199000.000,0,-,-,-,-,3644.0000,3641.0000,3640.0000,3613.8000,3600.0000,3665.2000,3667.0000,3667.2000,3671.0000,3680.6000,2,1,1,1,1,1,1,1,1,1
SF,IF2012,2020-04-21 09:30:12.500,3665.2000,849,0,2199000.000,0,-,-,-,-,3654.8000,3644.2000,3644.0000,3641.0000,3640.0000,3665.0000,3665.2000,3667.2000,3671.0000,3680.6000,1,3,2,1,1,1,1,1,1,1
SF,IF2012,2020-04-21 09:30:13.000,3665.2000,849,0,2199000.000,0,-,-,-,-,3655.0000,3654.8000,3644.2000,3644.0000,3641.0000,3665.0000,3665.2000,3671.0000,3680.6000,3699.0000,2,1,1,2,1,1,1,1,1,1
SF,IF2012,2020-04-21 09:30:13.500,3665.2000,849,0,2199000.000,0,-,-,-,-,3657.0000,3655.8000,3655.0000,3654.8000,3650.0000,3665.0000,3665.2000,3671.0000,3680.6000,3699.0000,2,1,2,1,1,1,1,1,1,1
SF,IF2012,2020-04-21 09:30:14.000,3665.2000,849,0,2199000.000,0,-,-,-,-,3657.2000,3657.0000,3655.8000,3654.8000,3650.0000,3665.0000,3665.2000,3671.0000,3680.6000,3699.0000,3,2,1,1,1,1,1,1,1,1
SF,IF2012,2020-04-21 09:30:14.500,3665.2000,849,0,2199000.000,0,-,-,-,-,3658.6000,3657.2000,3657.0000,3655.8000,3654.8000,3665.0000,3665.2000,3671.0000,3680.6000,3699.0000,1,3,2,1,1,1,1,1,1,1
SF,IF2012,2020-04-21 09:30:15.000,3665.2000,849,0,2199000.000,0,-,-,-,-,3658.8000,3658.6000,3658.4000,3658.0000,3657.2000,3665.0000,3665.2000,3671.0000,3680.6000,3699.0000,2,1,1,2,1,1,1,1,1,1
SF,IF2012,2020-04-21 09:30:15.500,3665.2000,849,0,2199000.000,0,-,-,-,-,3658.8000,3658.6000,3658.4000,3650.0000,3644.2000,3665.0000,3665.2000,3666.6000,3671.0000,3680.6000,4,1,1,1,1,1,1,1,1,1
SF,IF2012,2020-04-21 09:30:16.000,3665.2000,849,0,2199000.000,0,-,-,-,-,3659.6000,3659.0000,3658.8000,3650.0000,3644.2000,3665.0000,3665.2000,3666.6000,3671.0000,3680.6000,1,2,2,1,1,1,1,1,1,1
SF,IF2012,2020-04-21 09:30:16.500,3665.2000,849,0,2199000.000,0,-,-,-,-,3659.8000,3659.6000,3659.4000,3659.0000,3650.0000,3665.0000,3665.2000,3671.0000,3680.6000,3699.0000,2,1,2,2,1,1,1,1,1,1
SF,IF2012,2020-04-21 09:30:17.000,3665.2000,849,0,2199000.000,0,-,-,-,-,3660.0000,3659.8000,3659.6000,3659.0000,3650.8000,3665.0000,3665.2000,3671.0000,3680.6000,3699.0000,2,2,1,2,1,1,1,1,1,1
SF,IF2012,2020-04-21 09:30:17.500,3665.2000,849,0,2199000.000,0,-,-,-,-,3660.4000,3660.2000,3659.6000,3659.0000,3650.8000,3665.0000,3665.2000,3671.0000,3680.6000,3699.0000,2,2,1,2,1,1,1,1,1,1
SF,IF2012,2020-04-21 09:30:18.000,3665.2000,849,0,2199000.000,0,-,-,-,-,3660.8000,3660.6000,3660.4000,3659.6000,3659.0000,3665.0000,3665.2000,3671.0000,3680.6000,3699.0000,1,3,2,1,2,1,1,1,1,1
SF,IF2012,2020-04-21 09:30:18.500,3665.2000,849,0,2199000.000,0,-,-,-,-,3661.0000,3660.8000,3660.6000,3659.0000,3650.8000,3665.0000,3665.2000,3668.6000,3671.0000,3680.6000,3,1,1,2,1,1,1,1,1,1
SF,IF2012,2020-04-21 09:30:19.000,3665.2000,849,0,2199000.000,0,-,-,-,-,3661.0000,3660.8000,3660.6000,3650.8000,3644.2000,3665.0000,3665.2000,3668.6000,3671.0000,3680.6000,3,1,1,1,1,1,1,1,1,1
SF,IF2012,2020-04-21 09:30:19.500,3665.2000,849,0,2199000.000,0,-,-,-,-,3661.2000,3661.0000,3660.8000,3650.8000,3644.2000,3665.0000,3665.2000,3668.6000,3671.0000,3680.6000,1,3,1,1,1,1,1,1,1,1
SF,IF2012,2020-04-21 09:30:20.000,3665.2000,849,0,2199000.000,0,-,-,-,-,3661.4000,3661.2000,3661.0000,3660.8000,3650.8000,3665.0000,3665.2000,3668.6000,3671.0000,3680.6000,2,1,1,1,1,1,1,1,1,1
SF,IF2012,2020-04-21 09:30:20.500,3665.2000,849,0,2199000.000,0,-,-,-,-,3661.4000,3661.0000,3660.8000,3650.8000,3644.2000,3665.0000,3665.2000,3668.6000,3671.0000,3680.6000,3,1,1,1,1,1,1,1,1,1
SF,IF2012,2020-04-21 09:30:21.000,3665.0000,848,-1,3298500.000,1,0,1,双平,S,3661.4000,3661.0000,3660.8000,3650.8000,3644.2000,3665.2000,3668.6000,3671.0000,3680.6000,3699.0000,2,1,1,1,1,1,1,1,1,1
SF,IF2012,2020-04-21 09:30:21.500,3665.0000,848,0,3298500.000,0,-,-,-,-,3661.4000,3661.0000,3660.8000,3650.8000,3644.2000,3665.0000,3665.2000,3668.6000,3671.0000,3680.6000,2,1,1,1,1,1,1,1,1,1
SF,IF2012,2020-04-21 09:30:23.000,3661.4000,849,1,4396920.000,1,1,0,双开,S,3661.4000,3661.0000,3660.8000,3650.8000,3644.2000,3665.0000,3665.2000,3668.6000,3671.0000,3680.6000,1,1,1,1,1,1,1,1,1,1
SF,IF2012,2020-04-21 09:30:23.500,3661.4000,849,0,4396920.000,0,-,-,-,-,3661.6000,3661.4000,3661.0000,3650.8000,3644.2000,3665.0000,3665.2000,3668.6000,3671.0000,3680.6000,2,1,1,1,1,1,1,1,1,1
SF,IF2012,2020-04-21 09:30:24.000,3661.4000,849,0,4396920.000,0,-,-,-,-,3662.4000,3661.8000,3661.6000,3650.8000,3644.2000,3665.0000,3665.2000,3668.6000,3671.0000,3680.6000,1,1,2,1,1,1,1,1,1,1
SF,IF2012,2020-04-21 09:30:24.500,3661.4000,849,0,4396920.000,0,-,-,-,-,3662.6000,3662.4000,3662.2000,3661.6000,3658.8000,3665.0000,3665.2000,3668.6000,3671.0000,3680.6000,1,2,1,2,1,1,1,1,1,1
SF,IF2012,2020-04-21 09:30:25.500,3661.4000,849,0,4396920.000,0,-,-,-,-,3662.6000,3662.4000,3662.2000,3661.6000,3658.8000,3665.0000,3665.2000,3668.6000,3671.0000,3680.6000,1,2,1,2,1,1,1,1,1,1
SF,IF2012,2020-04-21 09:30:26.000,3661.4000,849,0,4396920.000,0,-,-,-,-,3662.8000,3662.6000,3662.4000,3662.2000,3661.6000,3665.0000,3665.2000,3667.0000,3671.0000,3680.6000,1,1,2,1,2,1,1,1,1,1
SF,IF2012,2020-04-21 09:30:26.500,3661.4000,849,0,4396920.000,0,-,-,-,-,3663.0000,3662.8000,3662.4000,3662.2000,3661.6000,3665.0000,3665.2000,3667.0000,3671.0000,3680.6000,1,1,2,1,2,1,1,1,1,1
SF,IF2012,2020-04-21 09:30:27.000,3661.4000,849,0,4396920.000,0,-,-,-,-,3663.0000,3662.8000,3662.4000,3661.6000,3658.8000,3665.0000,3665.2000,3667.0000,3671.0000,3680.6000,2,1,1,1,1,1,1,1,1,1
SF,IF2012,2020-04-21 09:30:27.500,3661.4000,849,0,4396920.000,0,-,-,-,-,3663.0000,3662.4000,3661.6000,3658.8000,3650.8000,3665.0000,3665.2000,3667.0000,3671.0000,3680.6000,2,1,1,1,1,1,1,1,1,1
SF,IF2012,2020-04-21 09:30:28.500,3661.4000,849,0,4396920.000,0,-,-,-,-,3663.4000,3663.0000,3662.4000,3661.6000,3658.8000,3665.0000,3665.2000,3667.0000,3680.6000,3699.0000,1,1,1,1,1,1,1,1,1,1
SF,IF2012,2020-04-21 09:30:29.000,3663.4000,848,-1,5495940.000,1,0,1,双平,S,3663.0000,3662.4000,3661.6000,3658.8000,3650.8000,3665.0000,3665.2000,3667.0000,3680.6000,3699.0000,1,1,1,1,1,1,1,1,1,1
SF,IF2012,2020-04-21 09:30:30.000,3663.4000,848,0,5495940.000,0,-,-,-,-,3663.0000,3662.4000,3658.8000,3650.8000,3644.2000,3665.0000,3665.2000,3667.0000,3680.6000,3699.0000,1,1,1,1,1,1,1,1,1,1
SF,IF2012,2020-04-21 09:30:31.000,3663.0000,848,0,6594840.000,1,0,1,多换,S,3658.8000,3650.8000,3644.2000,3644.0000,3641.0000,3665.0000,3665.2000,3667.0000,3680.6000,3699.0000,1,1,1,2,1,1,1,1,1,1
SF,IF2012,2020-04-21 09:30:31.500,3663.0000,848,0,6594840.000,0,-,-,-,-,3659.0000,3658.8000,3650.8000,3644.2000,3644.0000,3665.0000,3665.2000,3667.0000,3680.6000,3699.0000,2,1,1,1,2,1,1,1,1,1
SF,IF2012,2020-04-21 09:30:32.000,3663.0000,848,0,6594840.000,0,-,-,-,-,3661.6000,3659.0000,3658.8000,3650.8000,3644.2000,3665.0000,3665.2000,3667.0000,3680.6000,3699.0000,1,2,1,1,1,1,1,1,1,1
SF,IF2012,2020-04-21 09:30:32.500,3663.0000,848,0,6594840.000,0,-,-,-,-,3661.8000,3661.6000,3659.6000,3658.8000,3650.8000,3665.0000,3665.2000,3665.8000,3680.6000,3699.0000,1,1,1,1,1,1,1,1,1,1
SF,IF2012,2020-04-21 09:30:33.000,3663.0000,848,0,6594840.000,0,-,-,-,-,3661.8000,3661.6000,3659.6000,3658.8000,3650.8000,3664.8000,3665.0000,3665.2000,3665.8000,3680.6000,1,1,1,1,1,1,1,1,1,1
SF,IF2012,2020-04-21 09:30:33.500,3663.0000,848,0,6594840.000,0,-,-,-,-,3661.8000,3661.6000,3659.6000,3658.8000,3650.8000,3664.6000,3664.8000,3665.2000,3665.8000,3680.6000,1,1,1,1,1,1,1,1,1,1
SF,IF2012,2020-04-21 09:30:34.000,3663.0000,848,0,6594840.000,0,-,-,-,-,3661.8000,3661.6000,3659.6000,3658.8000,3650.8000,3664.6000,3664.8000,3665.2000,3665.8000,3680.6000,1,1,1,1,1,2,1,1,1,1
SF,IF2012,2020-04-21 09:30:34.500,3663.0000,848,0,6594840.000,0,-,-,-,-,3662.0000,3661.8000,3659.6000,3658.8000,3650.8000,3664.6000,3664.8000,3665.2000,3665.8000,3680.6000,1,1,1,1,1,2,1,1,1,1
SF,IF2012,2020-04-21 09:30:35.000,3663.0000,848,0,6594840.000,0,-,-,-,-,3662.2000,3662.0000,3658.8000,3650.8000,3644.2000,3664.6000,3664.8000,3665.2000,3665.8000,3680.6000,1,1,1,1,1,1,1,1,1,1
SF,IF2012,2020-04-21 09:30:36.000,3663.0000,848,0,6594840.000,0,-,-,-,-,3662.2000,3658.8000,3650.8000,3650.0000,3644.2000,3664.6000,3664.8000,3665.2000,3665.8000,3680.6000,1,1,1,1,1,1,1,1,1,1
SF,IF2012,2020-04-21 09:30:37.000,3663.0000,848,0,6594840.000,0,-,-,-,-,3662.2000,3658.8000,3650.8000,3650.0000,3644.2000,3664.6000,3664.8000,3665.2000,3665.8000,3680.6000,1,1,1,1,1,1,1,1,1,1
SF,IF2012,2020-04-21 09:30:39.000,3663.0000,848,0,6594840.000,0,-,-,-,-,3662.2000,3658.8000,3650.8000,3650.0000,3644.2000,3664.4000,3664.6000,3664.8000,3665.2000,3665.8000,1,1,1,1,1,1,1,1,1,1
SF,IF2012,2020-04-21 09:30:39.500,3663.0000,848,0,6594840.000,0,-,-,-,-,3662.2000,3658.8000,3650.8000,3650.0000,3644.2000,3664.2000,3664.4000,3664.8000,3665.2000,3665.8000,1,1,1,1,1,1,1,1,1,1
SF,IF2012,2020-04-21 09:30:41.000,3663.0000,848,0,6594840.000,0,-,-,-,-,3662.2000,3658.8000,3650.8000,3650.0000,3644.2000,3664.2000,3664.8000,3665.2000,3665.8000,3680.6000,1,1,1,1,1,1,1,1,1,1
SF,IF2012,2020-04-21 09:30:42.500,3663.0000,848,0,6594840.000,0,-,-,-,-,3662.4000,3662.2000,3658.8000,3650.8000,3650.0000,3664.2000,3664.8000,3665.2000,3666.6000,3680.6000,1,1,1,1,1,1,1,1,1,1
SF,IF2012,2020-04-21 09:30:43.000,3663.0000,848,0,6594840.000,0,-,-,-,-,3662.6000,3662.4000,3658.8000,3650.8000,3650.0000,3664.2000,3664.8000,3665.2000,3666.6000,3680.6000,1,1,1,1,1,1,1,1,1,1
SF,IF2012,2020-04-21 09:30:44.000,3663.0000,848,0,6594840.000,0,-,-,-,-,3662.6000,3662.4000,3658.8000,3650.8000,3650.0000,3664.2000,3665.2000,3666.6000,3680.6000,3699.0000,1,1,1,1,1,1,1,1,1,1
SF,IF2012,2020-04-21 09:30:45.000,3662.6000,848,0,7693620.000,1,0,1,多换,S,3662.4000,3658.8000,3650.8000,3650.0000,3644.2000,3664.2000,3665.2000,3666.6000,3680.6000,3699.0000,1,1,1,1,1,1,1,1,1,1
SF,IF2012,2020-04-21 09:30:45.500,3662.6000,848,0,7693620.000,0,-,-,-,-,3658.8000,3650.8000,3650.0000,3644.2000,3644.0000,3664.2000,3665.2000,3666.6000,3680.6000,3699.0000,1,1,1,1,2,1,1,1,1,1
SF,IF2012,2020-04-21 09:30:46.000,3662.6000,848,0,7693620.000,0,-,-,-,-,3659.0000,3658.8000,3650.8000,3650.0000,3644.2000,3664.2000,3665.2000,3666.6000,3680.6000,3699.0000,1,1,1,1,1,1,1,1,1,1
SF,IF2012,2020-04-21 09:30:47.000,3662.6000,848,0,7693620.000,0,-,-,-,-,3660.0000,3659.4000,3659.0000,3658.8000,3650.8000,3664.2000,3665.2000,3666.6000,3680.6000,3699.0000,1,1,1,1,1,1,1,1,1,1
SF,IF2012,2020-04-21 09:30:47.500,3662.6000,848,0,7693620.000,0,-,-,-,-,3661.0000,3660.2000,3660.0000,3659.4000,3658.8000,3664.2000,3665.2000,3666.6000,3680.6000,3699.0000,1,1,1,1,1,1,1,1,1,1
SF,IF2012,2020-04-21 09:30:48.000,3662.6000,848,0,7693620.000,0,-,-,-,-,3661.2000,3661.0000,3660.4000,3660.0000,3659.4000,3664.2000,3665.2000,3666.6000,3680.6000,3699.0000,1,1,1,1,1,1,1,1,1,1
SF,IF2012,2020-04-21 09:30:48.500,3662.6000,848,0,7693620.000,0,-,-,-,-,3661.2000,3661.0000,3660.4000,3659.4000,3658.8000,3664.2000,3665.2000,3666.6000,3680.6000,3699.0000,1,1,1,1,1,1,1,1,1,1
SF,IF2012,2020-04-21 09:30:49.000,3662.6000,848,0,7693620.000,0,-,-,-,-,3661.6000,3661.2000,3660.4000,3659.4000,3658.8000,3664.2000,3665.2000,3666.6000,3680.6000,3699.0000,1,1,1,1,1,1,1,1,1,1
SF,IF2012,2020-04-21 09:30:49.500,3662.6000,848,0,7693620.000,0,-,-,-,-,3661.8000,3661.6000,3660.4000,3659.4000,3658.8000,3664.2000,3665.2000,3666.6000,3680.6000,3699.0000,1,1,1,1,1,1,1,1,1,1
SF,IF2012,2020-04-21 09:30:50.000,3662.6000,848,0,7693620.000,0,-,-,-,-,3661.8000,3660.4000,3659.4000,3658.8000,3650.8000,3664.2000,3665.2000,3666.6000,3680.6000,3699.0000,1,1,1,1,1,1,1,1,1,1
SF,IF2012,2020-04-21 09:30:52.500,3662.6000,848,0,7693620.000,0,-,-,-,-,3662.0000,3661.8000,3660.4000,3659.4000,3658.8000,3664.2000,3665.2000,3666.6000,3680.6000,3699.0000,1,1,1,1,1,1,1,1,1,1
SF,IF2012,2020-04-21 09:30:53.000,3662.6000,848,0,7693620.000,0,-,-,-,-,3662.2000,3662.0000,3660.4000,3659.4000,3658.8000,3664.2000,3665.2000,3680.6000,3699.0000,3758.2000,1,2,1,1,1,1,1,1,1,1
SF,IF2012,2020-04-21 09:30:53.500,3662.6000,848,0,7693620.000,0,-,-,-,-,3662.2000,3662.0000,3660.4000,3659.4000,3658.8000,3665.2000,3667.6000,3680.6000,3693.0000,3699.0000,1,2,1,1,1,1,1,1,1,1
SF,IF2012,2020-04-21 09:30:54.000,3662.6000,848,0,7693620.000,0,-,-,-,-,3662.2000,3662.0000,3660.4000,3659.4000,3658.8000,3665.0000,3665.2000,3667.6000,3680.6000,3693.0000,1,2,1,1,1,1,1,1,1,1
SF,IF2012,2020-04-21 09:30:54.500,3662.6000,848,0,7693620.000,0,-,-,-,-,3662.6000,3662.2000,3662.0000,3660.4000,3659.4000,3665.0000,3665.2000,3667.6000,3680.6000,3693.0000,1,1,1,1,1,1,1,1,1,1
SF,IF2012,2020-04-21 09:30:55.000,3662.6000,848,0,7693620.000,0,-,-,-,-,3662.8000,3662.6000,3662.0000,3660.4000,3659.4000,3665.0000,3665.2000,3667.6000,3680.6000,3693.0000,1,1,1,1,1,1,1,1,1,1
SF,IF2012,2020-04-21 09:30:55.500,3662.6000,848,0,7693620.000,0,-,-,-,-,3663.0000,3662.8000,3660.4000,3659.4000,3658.8000,3665.0000,3665.2000,3667.6000,3680.6000,3693.0000,1,1,1,1,1,1,1,1,1,1
SF,IF2012,2020-04-21 09:30:58.000,3662.6000,848,0,7693620.000,0,-,-,-,-,3663.0000,3662.8000,3660.4000,3659.4000,3658.8000,3664.8000,3665.0000,3665.2000,3667.6000,3680.6000,1,1,1,1,1,1,1,1,1,1
SF,IF2012,2020-04-21 09:30:58.500,3662.6000,848,0,7693620.000,0,-,-,-,-,3660.4000,3659.4000,3658.8000,3650.8000,3650.0000,3664.6000,3664.8000,3665.2000,3667.6000,3680.6000,1,1,1,1,1,1,1,1,1,1
SF,IF2012,2020-04-21 09:30:59.000,3662.6000,848,0,7693620.000,0,-,-,-,-,3660.6000,3660.4000,3659.4000,3658.8000,3650.8000,3664.6000,3664.8000,3665.2000,3667.6000,3680.6000,1,1,1,1,1,1,1,1,1,1
SF,IF2012,2020-04-21 09:30:59.500,3662.6000,848,0,7693620.000,0,-,-,-,-,3660.8000,3660.6000,3660.4000,3659.4000,3658.8000,3664.6000,3664.8000,3665.2000,3667.6000,3680.6000,1,1,1,1,1,1,1,1,1,1
SF,IF2012,2020-04-21 09:31:00.000,3662.6000,848,0,7693620.000,0,-,-,-,-,3661.0000,3660.8000,3660.4000,3659.4000,3658.8000,3664.6000,3665.2000,3667.6000,3680.6000,3693.0000,1,1,1,1,1,1,1,1,1,1
SF,IF2012,2020-04-21 09:31:01.000,3661.0000,848,0,8791920.000,1,0,1,多换,S,3660.8000,3660.4000,3659.4000,3658.8000,3650.8000,3664.6000,3665.2000,3667.6000,3680.6000,3693.0000,1,1,1,1,1,1,1,1,1,1
SF,IF2012,2020-04-21 09:31:01.500,3661.0000,848,0,8791920.000,0,-,-,-,-,3661.0000,3660.8000,3660.4000,3659.4000,3658.8000,3664.6000,3665.2000,3667.6000,3680.6000,3693.0000,2,1,1,1,1,1,1,1,1,1
SF,IF2012,2020-04-21 09:31:02.500,3661.0000,848,0,8791920.000,0,-,-,-,-,3661.6000,3661.4000,3661.0000,3660.8000,3660.4000,3664.6000,3665.2000,3667.6000,3680.6000,3693.0000,1,1,2,1,1,1,1,1,1,1
SF,IF2012,2020-04-21 09:31:03.000,3661.0000,848,0,8791920.000,0,-,-,-,-,3661.8000,3661.6000,3661.4000,3661.0000,3658.8000,3664.6000,3665.2000,3667.6000,3680.6000,3693.0000,2,1,1,1,1,1,1,1,1,1
SF,IF2012,2020-04-21 09:31:03.500,3661.0000,848,0,8791920.000,0,-,-,-,-,3661.8000,3661.6000,3661.4000,3661.0000,3658.8000,3664.6000,3665.2000,3667.6000,3680.6000,3693.0000,2,2,1,1,1,1,1,1,1,1
SF,IF2012,2020-04-21 09:31:04.000,3661.0000,848,0,8791920.000,0,-,-,-,-,3662.0000,3661.8000,3661.6000,3661.0000,3658.8000,3664.6000,3665.2000,3667.6000,3680.6000,3693.0000,2,2,2,1,1,1,1,1,1,1
SF,IF2012,2020-04-21 09:31:04.500,3661.0000,848,0,8791920.000,0,-,-,-,-,3662.2000,3662.0000,3661.8000,3661.6000,3661.4000,3664.6000,3665.2000,3667.6000,3680.6000,3693.0000,1,3,1,2,1,1,1,1,1,1
SF,IF2012,2020-04-21 09:31:06.000,3661.0000,848,0,8791920.000,0,-,-,-,-,3662.2000,3662.0000,3661.8000,3661.6000,3661.4000,3664.6000,3665.2000,3667.6000,3680.6000,3693.0000,1,2,1,2,1,1,1,1,1,1
SF,IF2012,2020-04-21 09:31:06.500,3661.0000,848,0,8791920.000,0,-,-,-,-,3662.4000,3662.2000,3662.0000,3661.6000,3661.4000,3664.6000,3665.2000,3667.6000,3680.6000,3693.0000,1,1,2,2,1,1,1,1,1,1
SF,IF2012,2020-04-21 09:31:07.000,3661.0000,848,0,8791920.000,0,-,-,-,-,3662.6000,3662.4000,3662.0000,3661.6000,3661.4000,3664.6000,3665.2000,3667.6000,3680.6000,3693.0000,1,1,2,2,1,1,1,1,1,1
SF,IF2012,2020-04-21 09:31:08.500,3661.0000,848,0,8791920.000,0,-,-,-,-,3663.0000,3662.6000,3662.4000,3662.0000,3661.6000,3664.6000,3665.2000,3667.6000,3680.6000,3693.0000,1,2,1,1,2,1,1,1,1,1
SF,IF2012,2020-04-21 09:31:09.500,3661.0000,848,0,8791920.000,0,-,-,-,-,3663.0000,3662.6000,3662.4000,3662.0000,3661.6000,3664.6000,3665.2000,3667.6000,3680.6000,3693.0000,1,2,1,1,2,1,1,1,1,1
SF,IF2012,2020-04-21 09:31:10.000,3661.0000,848,0,8791920.000,0,-,-,-,-,3663.2000,3663.0000,3662.6000,3662.0000,3661.6000,3664.6000,3665.2000,3667.6000,3680.6000,3693.0000,1,1,2,1,2,1,1,1,1,1
SF,IF2012,2020-04-21 09:31:10.500,3663.0000,847,-1,9890820.000,1,0,1,双平,S,3663.0000,3662.6000,3662.0000,3661.6000,3658.8000,3664.6000,3665.2000,3667.6000,3680.6000,3693.0000,1,2,1,2,1,1,1,1,1,1
SF,IF2012,2020-04-21 09:31:11.000,3663.0000,847,0,9890820.000,0,-,-,-,-,3662.6000,3662.0000,3661.6000,3658.8000,3650.8000,3664.6000,3665.2000,3667.6000,3680.6000,3693.0000,2,1,2,1,1,1,1,1,1,1
SF,IF2012,2020-04-21 09:31:11.500,3663.0000,847,0,9890820.000,0,-,-,-,-,3662.6000,3661.6000,3658.8000,3650.8000,3650.0000,3664.6000,3665.2000,3667.6000,3680.6000,3693.0000,1,2,1,1,1,1,1,1,1,1
SF,IF2012,2020-04-21 09:31:12.000,3663.0000,847,0,9890820.000,0,-,-,-,-,3663.0000,3662.6000,3661.6000,3658.8000,3650.8000,3664.6000,3665.2000,3667.6000,3680.6000,3693.0000,1,1,2,1,1,1,1,1,1,1
SF,IF2012,2020-04-21 09:31:14.500,3663.0000,847,0,9890820.000,0,-,-,-,-,3663.0000,3661.6000,3658.8000,3650.8000,3650.0000,3664.6000,3665.2000,3667.6000,3680.6000,3693.0000,1,2,1,1,1,1,1,1,1,1
SF,IF2012,2020-04-21 09:31:16.000,3663.0000,847,0,9890820.000,0,-,-,-,-,3661.6000,3658.8000,3650.8000,3650.0000,3644.2000,3664.6000,3665.2000,3667.6000,3680.6000,3693.0000,1,1,1,1,1,1,1,1,1,1
SF,IF2012,2020-04-21 09:31:16.500,3663.0000,847,0,9890820.000,0,-,-,-,-,3661.8000,3661.6000,3658.8000,3650.8000,3650.0000,3664.6000,3665.2000,3667.6000,3680.6000,3693.0000,1,1,1,1,1,1,1,1,1,1
SF,IF2012,2020-04-21 09:31:17.000,3663.0000,847,0,9890820.000,0,-,-,-,-,3661.8000,3658.8000,3650.8000,3650.0000,3644.2000,3664.6000,3665.2000,3667.6000,3680.6000,3693.0000,1,1,1,1,1,1,1,1,1,1
SF,IF2012,2020-04-21 09:31:17.500,3663.0000,847,0,9890820.000,0,-,-,-,-,3658.8000,3650.8000,3650.0000,3644.2000,3644.0000,3664.6000,3665.2000,3667.6000,3680.6000,3693.0000,1,1,1,1,2,1,1,1,1,1
SF,IF2012,2020-04-21 09:31:18.000,3663.0000,847,0,9890820.000,0,-,-,-,-,3659.0000,3658.8000,3650.8000,3650.0000,3644.2000,3664.4000,3664.6000,3665.2000,3667.6000,3680.6000,2,1,1,1,1,1,1,1,1,1
SF,IF2012,2020-04-21 09:31:18.500,3663.0000,847,0,9890820.000,0,-,-,-,-,3659.0000,3658.8000,3650.8000,3650.0000,3644.2000,3664.2000,3664.4000,3665.2000,3667.6000,3680.6000,2,1,1,1,1,1,1,1,1,1
SF,IF2012,2020-04-21 09:31:19.000,3663.0000,847,0,9890820.000,0,-,-,-,-,3660.0000,3659.0000,3658.8000,3650.8000,3650.0000,3664.2000,3664.4000,3665.2000,3667.6000,3680.6000,1,2,1,1,1,1,1,1,1,1
SF,IF2012,2020-04-21 09:31:19.500,3663.0000,847,0,9890820.000,0,-,-,-,-,3660.2000,3660.0000,3659.4000,3659.0000,3658.8000,3664.2000,3664.4000,3665.2000,3667.6000,3680.6000,2,1,1,1,1,1,1,1,1,1
SF,IF2012,2020-04-21 09:31:20.000,3663.0000,847,0,9890820.000,0,-,-,-,-,3660.2000,3660.0000,3659.4000,3659.0000,3658.8000,3664.2000,3665.2000,3667.6000,3680.6000,3693.0000,2,1,1,1,1,1,1,1,1,1
SF,IF2012,2020-04-21 09:31:20.500,3663.0000,847,0,9890820.000,0,-,-,-,-,3661.2000,3660.2000,3659.4000,3659.0000,3658.8000,3664.2000,3665.2000,3667.6000,3680.6000,3693.0000,1,2,1,1,1,1,1,1,1,1
SF,IF2012,2020-04-21 09:31:21.000,3663.0000,847,0,9890820.000,0,-,-,-,-,3661.4000,3661.2000,3660.2000,3659.0000,3658.8000,3664.2000,3665.2000,3667.6000,3680.6000,3693.0000,1,1,1,1,1,1,1,1,1,1
SF,IF2012,2020-04-21 09:31:21.500,3663.0000,847,0,9890820.000,0,-,-,-,-,3661.4000,3661.2000,3659.0000,3658.8000,3650.8000,3664.2000,3665.2000,3667.6000,3680.6000,3693.0000,2,1,1,1,1,1,1,1,1,1
SF,IF2012,2020-04-21 09:31:22.500,3663.0000,847,0,9890820.000,0,-,-,-,-,3661.4000,3659.0000,3658.8000,3650.8000,3650.0000,3664.2000,3665.2000,3667.6000,3680.6000,3693.0000,1,1,1,1,1,1,1,1,1,1
SF,IF2012,2020-04-21 09:31:24.500,3663.0000,847,0,9890820.000,0,-,-,-,-,3661.4000,3659.0000,3658.8000,3650.8000,3650.0000,3664.0000,3664.2000,3665.2000,3667.6000,3680.6000,1,1,1,1,1,1,1,1,1,1
SF,IF2012,2020-04-21 09:31:25.000,3663.0000,847,0,9890820.000,0,-,-,-,-,3658.8000,3650.8000,3650.0000,3644.2000,3644.0000,3663.8000,3664.0000,3665.2000,3667.6000,3680.6000,1,1,1,1,2,1,1,1,1,1
SF,IF2012,2020-04-21 09:31:25.500,3663.0000,847,0,9890820.000,0,-,-,-,-,3659.0000,3658.8000,3650.8000,3650.0000,3644.2000,3663.8000,3664.0000,3665.2000,3667.6000,3680.6000,1,1,1,1,1,1,1,1,1,1
SF,IF2012,2020-04-21 09:31:26.000,3663.0000,847,0,9890820.000,0,-,-,-,-,3659.2000,3659.0000,3658.8000,3650.8000,3650.0000,3663.8000,3665.2000,3667.6000,3680.6000,3693.0000,1,1,1,1,1,1,1,1,1,1
SF,IF2012,2020-04-21 09:31:26.500,3663.0000,847,0,9890820.000,0,-,-,-,-,3659.6000,3659.4000,3659.2000,3658.8000,3650.8000,3663.8000,3665.2000,3667.6000,3680.6000,3693.0000,2,1,1,1,1,1,1,1,1,1
SF,IF2012,2020-04-21 09:31:27.000,3663.0000,847,0,9890820.000,0,-,-,-,-,3659.8000,3659.6000,3659.2000,3658.8000,3650.8000,3663.6000,3663.8000,3665.2000,3667.6000,3680.6000,1,2,1,1,1,1,1,1,1,1
SF,IF2012,2020-04-21 09:31:27.500,3663.0000,847,0,9890820.000,0,-,-,-,-,3659.8000,3659.6000,3659.2000,3658.8000,3650.8000,3663.4000,3663.6000,3665.2000,3667.6000,3680.6000,1,2,1,1,1,1,1,1,1,1
SF,IF2012,2020-04-21 09:31:28.000,3663.4000,846,-1,10989840.000,1,0,1,双平,S,3660.2000,3659.8000,3659.2000,3658.8000,3650.8000,3663.6000,3665.2000,3667.6000,3680.6000,3693.0000,2,1,1,1,1,1,1,1,1,1
SF,IF2012,2020-04-21 09:31:28.500,3663.4000,846,0,10989840.000,0,-,-,-,-,3660.4000,3660.2000,3659.2000,3658.8000,3650.8000,3663.4000,3663.6000,3665.2000,3667.6000,3680.6000,1,2,1,1,1,1,1,1,1,1
SF,IF2012,2020-04-21 09:31:29.000,3663.4000,846,0,10989840.000,0,-,-,-,-,3660.4000,3660.2000,3658.8000,3650.0000,3644.2000,3663.4000,3665.2000,3667.6000,3680.6000,3693.0000,1,2,1,1,1,1,1,1,1,1
SF,IF2012,2020-04-21 09:31:29.500,3663.4000,846,0,10989840.000,0,-,-,-,-,3660.4000,3660.2000,3658.8000,3650.0000,3644.2000,3663.4000,3665.2000,3667.6000,3680.6000,3693.0000,1,1,1,1,1,1,1,1,1,1
SF,IF2012,2020-04-21 09:31:30.000,3663.4000,846,0,10989840.000,0,-,-,-,-,3660.8000,3660.4000,3660.2000,3658.8000,3650.0000,3663.0000,3663.4000,3665.2000,3667.6000,3680.6000,1,1,1,1,1,1,1,1,1,1
SF,IF2012,2020-04-21 09:31:30.500,3663.4000,846,0,10989840.000,0,-,-,-,-,3661.0000,3660.8000,3660.2000,3658.8000,3650.0000,3662.8000,3663.0000,3663.2000,3665.2000,3667.6000,1,1,1,1,1,1,1,1,1,1
SF,IF2012,2020-04-21 09:31:31.000,3660.8000,847,1,12088080.000,1,1,0,双开,S,3660.2000,3658.8000,3650.0000,3644.2000,3644.0000,3662.8000,3663.2000,3665.2000,3667.6000,3680.6000,1,1,1,1,2,1,1,1,1,1
SF,IF2012,2020-04-21 09:31:32.000,3660.8000,847,0,12088080.000,0,-,-,-,-,3660.2000,3658.8000,3650.0000,3644.2000,3644.0000,3662.6000,3662.8000,3663.2000,3665.2000,3667.6000,1,1,1,1,2,1,1,1,1,1
SF,IF2012,2020-04-21 09:31:32.500,3660.8000,847,0,12088080.000,0,-,-,-,-,3660.2000,3658.8000,3650.0000,3644.2000,3644.0000,3662.4000,3662.6000,3665.2000,3667.6000,3680.6000,1,1,1,1,2,2,1,1,1,1
SF,IF2012,2020-04-21 09:31:33.500,3660.8000,847,0,12088080.000,0,-,-,-,-,3660.2000,3658.8000,3650.0000,3644.2000,3644.0000,3662.2000,3662.4000,3665.2000,3667.6000,3680.6000,1,1,1,1,2,1,2,1,1,1
SF,IF2012,2020-04-21 09:31:34.000,3660.8000,847,0,12088080.000,0,-,-,-,-,3660.2000,3658.8000,3650.0000,3644.2000,3644.0000,3662.0000,3662.2000,3662.4000,3665.0000,3665.2000,1,1,1,1,2,1,1,1,1,1
SF,IF2012,2020-04-21 09:31:34.500,3660.8000,847,0,12088080.000,0,-,-,-,-,3658.8000,3650.0000,3644.2000,3644.0000,3641.0000,3662.0000,3662.2000,3662.4000,3665.0000,3665.2000,1,1,1,2,1,1,1,1,1,1
SF,IF2012,2020-04-21 09:31:35.000,3660.8000,847,0,12088080.000,0,-,-,-,-,3659.0000,3658.8000,3650.0000,3644.2000,3644.0000,3661.8000,3662.0000,3662.4000,3665.0000,3665.2000,2,1,1,1,2,1,1,1,1,1
SF,IF2012,2020-04-21 09:31:35.500,3660.8000,847,0,12088080.000,0,-,-,-,-,3659.0000,3658.8000,3650.0000,3644.2000,3644.0000,3661.6000,3661.8000,3662.4000,3665.0000,3665.2000,2,1,1,1,2,1,2,1,1,1
SF,IF2012,2020-04-21 09:31:36.000,3660.8000,847,0,12088080.000,0,-,-,-,-,3659.4000,3659.0000,3658.8000,3650.0000,3644.2000,3661.6000,3661.8000,3662.4000,3665.0000,3665.2000,2,2,1,1,1,1,2,1,1,1
SF,IF2012,2020-04-21 09:31:36.500,3661.6000,847,0,13186560.000,1,0,1,多换,S,3659.6000,3659.4000,3659.2000,3659.0000,3658.8000,3661.8000,3662.4000,3665.0000,3665.2000,3667.6000,2,2,1,2,1,1,1,1,1,1
SF,IF2012,2020-04-21 09:31:37.000,3661.6000,847,0,13186560.000,0,-,-,-,-,3659.8000,3659.6000,3659.4000,3659.0000,3658.8000,3661.6000,3661.8000,3665.0000,3665.2000,3667.6000,1,2,2,2,1,1,1,1,1,1
SF,IF2012,2020-04-21 09:31:37.500,3661.6000,847,0,13186560.000,0,-,-,-,-,3660.0000,3659.8000,3659.6000,3659.4000,3659.0000,3661.6000,3661.8000,3665.0000,3665.2000,3667.6000,1,1,1,2,2,1,1,1,1,1
SF,IF2012,2020-04-21 09:31:38.000,3661.6000,847,0,13186560.000,0,-,-,-,-,3660.0000,3659.6000,3659.4000,3659.0000,3658.8000,3661.6000,3661.8000,3665.0000,3665.2000,3667.6000,1,1,1,2,1,1,1,1,1,1
SF,IF2012,2020-04-21 09:31:38.500,3661.6000,847,0,13186560.000,0,-,-,-,-,3660.0000,3659.6000,3659.4000,3659.0000,3658.8000,3661.6000,3665.0000,3665.2000,3667.6000,3680.6000,1,1,1,2,1,1,1,1,1,1
SF,IF2012,2020-04-21 09:31:39.000,3661.6000,847,0,13186560.000,0,-,-,-,-,3660.2000,3660.0000,3659.6000,3659.4000,3659.0000,3661.6000,3665.0000,3665.2000,3667.6000,3680.6000,1,1,1,1,1,1,1,1,1,1
SF,IF2012,2020-04-21 09:31:43.000,3661.6000,846,-1,14285040.000,1,0,1,双平,S,3660.2000,3660.0000,3659.6000,3659.4000,3659.0000,3665.0000,3665.2000,3667.6000,3680.6000,3693.0000,1,1,1,1,1,1,1,1,1,1
SF,IF2012,2020-04-21 09:31:43.500,3661.6000,846,0,14285040.000,0,-,-,-,-,3660.4000,3660.2000,3659.6000,3659.4000,3658.8000,3663.0000,3665.0000,3665.2000,3667.6000,3680.6000,1,1,1,1,1,1,1,1,1,1
SF,IF2012,2020-04-21 09:31:44.000,3661.6000,846,0,14285040.000,0,-,-,-,-,3660.4000,3660.2000,3659.6000,3659.4000,3658.8000,3662.8000,3663.0000,3665.0000,3665.2000,3667.6000,1,1,1,1,1,1,1,1,1,1
SF,IF2012,2020-04-21 09:31:44.500,3661.6000,846,0,14285040.000,0,-,-,-,-,3660.6000,3660.4000,3659.4000,3658.8000,3650.0000,3662.8000,3663.0000,3665.0000,3665.2000,3680.6000,1,1,1,1,1,1,1,1,1,1
SF,IF2012,2020-04-21 09:31:45.000,3660.8000,846,0,15383280.000,1,0,1,多换,S,3659.4000,3658.8000,3650.0000,3644.2000,3644.0000,3662.8000,3663.0000,3665.0000,3665.2000,3680.6000,1,1,1,1,2,1,1,1,1,1
SF,IF2012,2020-04-21 09:31:45.500,3660.8000,846,0,15383280.000,0,-,-,-,-,3659.6000,3659.4000,3658.8000,3650.0000,3644.2000,3662.8000,3663.0000,3665.0000,3665.2000,3680.6000,1,1,1,1,1,1,1,1,1,1
SF,IF2012,2020-04-21 09:31:46.000,3660.8000,846,0,15383280.000,0,-,-,-,-,3659.6000,3659.4000,3658.8000,3650.0000,3644.2000,3662.6000,3662.8000,3663.0000,3665.0000,3665.2000,1,1,1,1,1,1,1,1,1,1
SF,IF2012,2020-04-21 09:31:46.500,3660.8000,846,0,15383280.000,0,-,-,-,-,3659.8000,3659.6000,3658.8000,3650.0000,3644.2000,3662.4000,3662.6000,3663.0000,3665.0000,3665.2000,1,1,1,1,1,1,1,1,1,1
SF,IF2012,2020-04-21 09:31:47.000,3660.8000,846,0,15383280.000,0,-,-,-,-,3659.8000,3659.6000,3658.8000,3650.0000,3644.2000,3662.2000,3662.4000,3662.6000,3663.0000,3664.4000,1,1,1,1,1,1,1,1,1,1
SF,IF2012,2020-04-21 09:31:47.500,3660.8000,846,0,15383280.000,0,-,-,-,-,3659.8000,3658.8000,3650.0000,3644.2000,3644.0000,3662.0000,3662.2000,3663.0000,3664.4000,3665.2000,1,1,1,1,2,1,1,1,1,1
SF,IF2012,2020-04-21 09:31:48.000,3660.8000,846,0,15383280.000,0,-,-,-,-,3658.8000,3650.0000,3644.2000,3644.0000,3641.0000,3661.8000,3662.0000,3663.0000,3664.4000,3665.2000,1,1,1,2,1,1,1,1,1,1
SF,IF2012,2020-04-21 09:31:48.500,3660.8000,846,0,15383280.000,0,-,-,-,-,3659.0000,3658.8000,3650.0000,3644.2000,3644.0000,3661.8000,3663.0000,3664.4000,3665.2000,3680.6000,1,1,1,1,2,1,1,1,1,1
SF,IF2012,2020-04-21 09:31:49.000,3660.8000,846,0,15383280.000,0,-,-,-,-,3659.0000,3658.8000,3650.0000,3644.2000,3644.0000,3661.4000,3661.6000,3663.0000,3664.4000,3665.2000,1,1,1,1,2,1,1,1,1,1
SF,IF2012,2020-04-21 09:31:49.500,3661.2000,846,0,16481640.000,1,0,1,多换,S,3659.0000,3658.8000,3650.0000,3644.2000,3644.0000,3661.4000,3663.0000,3664.4000,3665.2000,3680.6000,1,1,1,1,2,1,1,1,1,1
SF,IF2012,2020-04-21 09:31:50.000,3661.2000,846,0,16481640.000,0,-,-,-,-,3660.0000,3659.0000,3658.8000,3650.0000,3644.2000,3661.2000,3661.4000,3663.0000,3664.4000,3665.2000,1,1,1,1,1,1,1,1,1,1
SF,IF2012,2020-04-21 09:31:50.500,3661.2000,846,0,16481640.000,0,-,-,-,-,3660.0000,3659.0000,3658.8000,3650.0000,3644.2000,3661.2000,3663.0000,3664.4000,3665.2000,3680.6000,1,1,1,1,1,1,1,1,1,1
SF,IF2012,2020-04-21 09:31:51.000,3661.2000,846,0,16481640.000,0,-,-,-,-,3660.0000,3658.8000,3650.0000,3644.2000,3644.0000,3661.0000,3663.0000,3664.4000,3665.2000,3680.6000,1,1,1,1,2,1,1,1,1,1
SF,IF2012,2020-04-21 09:31:53.500,3661.2000,846,0,16481640.000,0,-,-,-,-,3660.0000,3658.8000,3650.6000,3650.0000,3644.2000,3661.0000,3663.0000,3664.4000,3665.2000,3680.6000,1,1,4,1,1,1,1,1,1,1
SF,IF2012,2020-04-21 09:31:58.000,3661.2000,846,0,16481640.000,0,-,-,-,-,3660.0000,3658.8000,3650.6000,3650.0000,3644.2000,3660.8000,3661.0000,3663.0000,3664.4000,3665.2000,1,1,4,1,1,1,1,1,1,1
SF,IF2012,2020-04-21 09:31:59.000,3661.2000,846,0,16481640.000,0,-,-,-,-,3660.0000,3658.8000,3650.6000,3650.0000,3644.2000,3660.8000,3663.0000,3664.4000,3665.2000,3680.6000,1,1,4,1,1,2,1,1,1,1
SF,IF2012,2020-04-21 09:31:59.500,3661.2000,846,0,16481640.000,0,-,-,-,-,3660.0000,3658.8000,3650.6000,3650.0000,3644.2000,3660.8000,3663.0000,3664.4000,3665.2000,3680.6000,2,1,4,1,1,1,1,1,1,1
SF,IF2012,2020-04-21 09:32:00.000,3661.2000,846,0,16481640.000,0,-,-,-,-,3660.0000,3658.8000,3650.6000,3650.0000,3644.2000,3660.6000,3660.8000,3663.0000,3664.4000,3665.2000,2,1,4,1,1,1,1,1,1,1
SF,IF2012,2020-04-21 09:32:01.000,3660.0000,847,1,17579640.000,1,1,0,双开,S,3660.0000,3658.8000,3650.6000,3650.0000,3644.2000,3660.6000,3663.0000,3664.4000,3665.2000,3680.6000,1,1,4,1,1,1,1,1,1,1
SF,IF2012,2020-04-21 09:32:01.500,3660.0000,848,1,18677640.000,1,1,0,双开,S,3658.8000,3650.6000,3650.0000,3644.2000,3644.0000,3660.6000,3663.0000,3664.4000,3665.2000,3680.6000,1,4,1,1,2,1,1,1,1,1
SF,IF2012,2020-04-21 09:32:02.000,3660.0000,848,0,18677640.000,0,-,-,-,-,3658.8000,3650.6000,3650.0000,3644.2000,3644.0000,3660.0000,3660.4000,3660.6000,3663.0000,3664.4000,1,4,1,1,2,1,1,1,1,1
SF,IF2012,2020-04-21 09:32:02.500,3660.0000,848,0,18677640.000,0,-,-,-,-,3658.8000,3650.6000,3650.0000,3644.2000,3644.0000,3660.6000,3663.0000,3664.4000,3665.2000,3680.6000,1,4,1,1,2,1,1,1,1,1
SF,IF2012,2020-04-21 09:32:03.000,3660.0000,848,0,18677640.000,0,-,-,-,-,3658.8000,3650.6000,3650.0000,3644.2000,3644.0000,3660.4000,3660.6000,3664.4000,3665.2000,3680.6000,1,4,1,1,2,1,1,1,1,1
SF,IF2012,2020-04-21 09:32:03.500,3660.0000,848,0,18677640.000,0,-,-,-,-,3658.8000,3650.6000,3650.0000,3644.2000,3644.0000,3660.4000,3660.6000,3664.4000,3665.2000,3680.6000,1,4,1,1,2,2,1,1,1,1
SF,IF2012,2020-04-21 09:32:04.000,3660.0000,848,0,18677640.000,0,-,-,-,-,3658.8000,3650.6000,3650.0000,3644.2000,3644.0000,3660.2000,3660.4000,3664.4000,3665.2000,3680.6000,1,4,1,1,2,1,2,1,1,1
SF,IF2012,2020-04-21 09:32:04.500,3660.0000,848,0,18677640.000,0,-,-,-,-,3658.8000,3650.6000,3650.0000,3644.2000,3644.0000,3660.2000,3664.4000,3665.2000,3680.6000,3693.0000,1,4,1,1,2,1,1,1,1,1
SF,IF2012,2020-04-21 09:32:06.500,3660.0000,848,0,18677640.000,0,-,-,-,-,3658.8000,3650.6000,3650.0000,3644.2000,3644.0000,3660.0000,3660.2000,3664.4000,3665.2000,3680.6000,1,4,1,1,2,1,1,1,1,1
SF,IF2012,2020-04-21 09:32:07.000,3660.0000,848,0,18677640.000,0,-,-,-,-,3658.8000,3650.6000,3650.0000,3644.2000,3644.0000,3660.0000,3664.4000,3665.2000,3680.6000,3693.0000,1,4,1,1,2,2,1,1,1,1
SF,IF2012,2020-04-21 09:32:07.500,3660.0000,848,0,18677640.000,0,-,-,-,-,3658.8000,3650.6000,3650.0000,3644.2000,3644.0000,3659.8000,3660.0000,3664.4000,3665.2000,3680.6000,1,4,1,1,2,1,2,1,1,1
SF,IF2012,2020-04-21 09:32:08.500,3660.0000,848,0,18677640.000,0,-,-,-,-,3658.8000,3650.6000,3650.0000,3644.2000,3644.0000,3659.8000,3660.0000,3664.4000,3665.2000,3680.6000,1,4,1,1,2,1,1,1,1,1
SF,IF2012,2020-04-21 09:32:09.000,3660.0000,848,0,18677640.000,0,-,-,-,-,3658.8000,3650.6000,3650.0000,3644.2000,3644.0000,3659.8000,3660.0000,3661.2000,3665.2000,3680.6000,1,4,1,1,2,1,1,1,1,1
SF,IF2012,2020-04-21 09:32:09.500,3660.0000,848,0,18677640.000,0,-,-,-,-,3658.8000,3655.0000,3650.6000,3650.0000,3644.2000,3659.8000,3661.2000,3665.2000,3680.6000,3693.0000,1,1,4,1,1,1,1,1,1,1
SF,IF2012,2020-04-21 09:32:10.000,3660.0000,848,0,18677640.000,0,-,-,-,-,3658.8000,3655.0000,3650.6000,3650.0000,3644.2000,3659.6000,3659.8000,3661.2000,3665.2000,3680.6000,1,1,4,1,1,1,1,1,1,1
SF,IF2012,2020-04-21 09:32:11.000,3660.0000,848,0,18677640.000,0,-,-,-,-,3658.8000,3655.0000,3650.6000,3650.0000,3644.2000,3659.6000,3661.2000,3665.2000,3680.6000,3693.0000,1,1,4,1,1,1,1,1,1,1
SF,IF2012,2020-04-21 09:32:13.000,3660.0000,848,0,18677640.000,0,-,-,-,-,3658.8000,3655.0000,3650.6000,3650.0000,3644.2000,3659.6000,3665.2000,3680.6000,3693.0000,3699.0000,1,1,4,1,1,1,1,1,1,1
SF,IF2012,2020-04-21 09:32:13.500,3660.0000,848,0,18677640.000,0,-,-,-,-,3658.8000,3655.0000,3650.6000,3650.0000,3644.2000,3659.6000,3665.2000,3680.6000,3693.0000,3699.0000,1,1,4,1,1,1,1,1,1,1
SF,IF2012,2020-04-21 09:32:14.500,3660.0000,848,0,18677640.000,0,-,-,-,-,3658.8000,3655.0000,3650.6000,3650.0000,3644.2000,3659.6000,3665.2000,3680.6000,3693.0000,3699.0000,1,1,4,1,1,1,1,1,1,1
SF,IF2012,2020-04-21 09:32:15.000,3660.0000,848,0,18677640.000,0,-,-,-,-,3658.8000,3655.0000,3650.6000,3650.0000,3644.2000,3659.6000,3665.2000,3680.6000,3693.0000,3758.2000,1,1,4,1,1,1,1,1,1,1
SF,IF2012,2020-04-21 09:32:15.500,3660.0000,848,0,18677640.000,0,-,-,-,-,3658.8000,3655.0000,3650.6000,3650.0000,3644.2000,3659.4000,3659.6000,3665.2000,3680.6000,3693.0000,1,1,4,1,1,1,1,1,1,1
SF,IF2012,2020-04-21 09:32:16.500,3660.0000,848,0,18677640.000,0,-,-,-,-,3658.8000,3655.0000,3650.6000,3650.0000,3644.2000,3659.4000,3665.2000,3680.6000,3693.0000,3758.2000,1,1,4,1,1,1,1,1,1,1
SF,IF2012,2020-04-21 09:32:17.000,3660.0000,848,0,18677640.000,0,-,-,-,-,3658.8000,3655.0000,3650.6000,3650.0000,3644.2000,3659.2000,3665.2000,3680.6000,3693.0000,3758.2000,1,1,4,1,1,1,1,1,1,1
SF,IF2012,2020-04-21 09:32:17.500,3658.8000,849,1,19775280.000,1,1,0,双开,S,3655.0000,3650.6000,3650.0000,3644.2000,3644.0000,3659.2000,3665.2000,3680.6000,3693.0000,3758.2000,1,4,1,1,2,1,1,1,1,1
SF,IF2012,2020-04-21 09:32:18.000,3658.8000,849,0,19775280.000,0,-,-,-,-,3655.2000,3655.0000,3650.6000,3650.0000,3644.2000,3659.2000,3665.2000,3680.6000,3693.0000,3758.2000,1,1,4,1,1,1,1,1,1,1
SF,IF2012,2020-04-21 09:32:18.500,3658.8000,849,0,19775280.000,0,-,-,-,-,3655.2000,3655.0000,3650.6000,3650.0000,3644.2000,3659.0000,3659.2000,3665.2000,3680.6000,3693.0000,1,1,4,1,1,1,1,1,1,1
SF,IF2012,2020-04-21 09:32:19.000,3658.8000,849,0,19775280.000,0,-,-,-,-,3656.0000,3655.2000,3655.0000,3650.6000,3650.0000,3659.0000,3659.2000,3665.2000,3680.6000,3693.0000,2,1,1,4,1,1,1,1,1,1
SF,IF2012,2020-04-21 09:32:19.500,3658.8000,849,0,19775280.000,0,-,-,-,-,3656.0000,3655.0000,3650.6000,3650.0000,3644.2000,3659.0000,3659.2000,3665.2000,3680.6000,3693.0000,2,1,4,1,1,1,1,1,1,1
SF,IF2012,2020-04-21 09:32:20.000,3658.8000,849,0,19775280.000,0,-,-,-,-,3656.2000,3656.0000,3655.0000,3650.6000,3650.0000,3659.0000,3659.2000,3665.2000,3680.6000,3693.0000,2,2,1,4,1,1,1,1,1,1
SF,IF2012,2020-04-21 09:32:20.500,3658.8000,849,0,19775280.000,0,-,-,-,-,3656.2000,3656.0000,3655.0000,3650.6000,3650.0000,3659.0000,3665.2000,3680.6000,3693.0000,3758.2000,2,2,1,4,1,1,1,1,1,1
SF,IF2012,2020-04-21 09:32:21.000,3658.8000,849,0,19775280.000,0,-,-,-,-,3656.6000,3656.2000,3656.0000,3655.0000,3650.6000,3659.0000,3665.2000,3680.6000,3693.0000,3758.2000,1,2,1,1,4,1,1,1,1,1
SF,IF2012,2020-04-21 09:32:21.500,3658.8000,849,0,19775280.000,0,-,-,-,-,3656.6000,3656.2000,3656.0000,3655.0000,3650.6000,3658.8000,3659.0000,3665.2000,3680.6000,3693.0000,1,1,1,1,4,1,1,1,1,1
SF,IF2012,2020-04-21 09:32:22.000,3658.8000,849,0,19775280.000,0,-,-,-,-,3656.8000,3656.6000,3656.2000,3656.0000,3655.0000,3658.8000,3665.2000,3680.6000,3693.0000,3758.2000,1,1,1,1,1,2,1,1,1,1
SF,IF2012,2020-04-21 09:32:22.500,3658.8000,849,0,19775280.000,0,-,-,-,-,3656.8000,3656.6000,3655.0000,3650.6000,3650.0000,3658.6000,3658.8000,3665.2000,3680.6000,3693.0000,1,1,1,4,1,1,2,1,1,1
SF,IF2012,2020-04-21 09:32:23.000,3658.8000,849,0,20872920.000,1,0,1,多换,S,3656.8000,3655.0000,3650.6000,3650.0000,3644.2000,3658.8000,3665.2000,3680.6000,3693.0000,3758.2000,1,1,4,1,1,2,1,1,1,1
SF,IF2012,2020-04-21 09:32:24.000,3658.8000,849,0,20872920.000,0,-,-,-,-,3656.8000,3655.0000,3650.6000,3650.0000,3644.2000,3658.6000,3658.8000,3665.2000,3680.6000,3693.0000,1,1,4,1,1,1,1,1,1,1
SF,IF2012,2020-04-21 09:32:24.500,3658.8000,849,0,20872920.000,0,-,-,-,-,3656.8000,3655.0000,3650.6000,3650.0000,3644.2000,3658.6000,3658.8000,3659.0000,3665.2000,3680.6000,1,1,4,1,1,2,1,1,1,1
SF,IF2012,2020-04-21 09:32:26.500,3658.8000,849,0,20872920.000,0,-,-,-,-,3656.8000,3655.0000,3650.6000,3650.0000,3644.2000,3658.6000,3658.8000,3659.0000,3665.2000,3680.6000,1,1,4,1,1,1,1,1,1,1
SF,IF2012,2020-04-21 09:32:27.000,3658.8000,849,0,20872920.000,0,-,-,-,-,3656.8000,3655.0000,3652.0000,3650.6000,3650.0000,3658.6000,3658.8000,3659.0000,3665.2000,3680.6000,1,1,2,4,1,1,1,1,1,1
SF,IF2012,2020-04-21 09:32:28.500,3658.8000,849,0,20872920.000,0,-,-,-,-,3656.8000,3655.0000,3652.0000,3650.6000,3650.0000,3658.8000,3659.0000,3665.2000,3680.6000,3693.0000,1,1,2,4,1,1,1,1,1,1
SF,IF2012,2020-04-21 09:32:29.500,3658.8000,849,0,20872920.000,0,-,-,-,-,3656.8000,3655.0000,3652.0000,3650.6000,3650.0000,3658.6000,3658.8000,3659.0000,3665.2000,3680.6000,1,1,2,4,1,1,1,1,1,1
SF,IF2012,2020-04-21 09:32:30.000,3658.8000,849,0,20872920.000,0,-,-,-,-,3656.8000,3655.0000,3652.0000,3650.6000,3650.0000,3658.6000,3659.0000,3665.2000,3680.6000,3693.0000,1,1,2,4,1,1,1,1,1,1
SF,IF2012,2020-04-21 09:32:30.500,3658.8000,849,0,20872920.000,0,-,-,-,-,3656.8000,3655.0000,3652.0000,3650.6000,3650.0000,3658.4000,3658.6000,3659.0000,3665.2000,3680.6000,1,1,2,4,1,1,1,1,1,1
SF,IF2012,2020-04-21 09:32:31.000,3656.8000,849,0,21969960.000,1,0,1,多换,S,3655.0000,3652.0000,3650.6000,3650.0000,3644.2000,3658.4000,3658.6000,3659.0000,3665.2000,3680.6000,1,2,4,1,1,1,1,1,1,1
SF,IF2012,2020-04-21 09:32:31.500,3656.8000,849,0,21969960.000,0,-,-,-,-,3655.0000,3652.0000,3650.6000,3650.0000,3644.2000,3658.2000,3658.4000,3659.0000,3665.2000,3680.6000,1,2,4,1,1,1,1,1,1,1
SF,IF2012,2020-04-21 09:32:32.000,3656.8000,849,0,21969960.000,0,-,-,-,-,3655.0000,3652.0000,3650.6000,3650.0000,3646.6000,3658.2000,3658.4000,3659.0000,3665.2000,3680.6000,1,2,4,1,3,1,1,1,1,1
SF,IF2012,2020-04-21 09:32:32.500,3656.8000,849,0,21969960.000,0,-,-,-,-,3655.0000,3652.0000,3650.6000,3650.0000,3646.6000,3658.2000,3659.0000,3665.2000,3680.6000,3693.0000,1,2,4,1,3,1,1,1,1,1
SF,IF2012,2020-04-21 09:32:33.000,3656.8000,849,0,21969960.000,0,-,-,-,-,3655.0000,3652.0000,3650.6000,3650.0000,3646.6000,3658.2000,3659.0000,3665.2000,3680.6000,3693.0000,1,2,4,1,3,2,1,1,1,1
SF,IF2012,2020-04-21 09:32:35.000,3656.8000,849,0,21969960.000,0,-,-,-,-,3655.2000,3655.0000,3652.0000,3650.6000,3650.0000,3658.2000,3659.0000,3665.2000,3680.6000,3693.0000,1,1,2,4,1,2,1,1,1,1
SF,IF2012,2020-04-21 09:32:36.000,3656.8000,849,0,21969960.000,0,-,-,-,-,3655.2000,3655.0000,3650.6000,3650.0000,3646.6000,3658.2000,3665.2000,3680.6000,3693.0000,3758.2000,1,1,4,1,3,2,1,1,1,1
SF,IF2012,2020-04-21 09:32:37.500,3655.0000,851,2,24163020.000,2,2,0,双开,S,3650.6000,3650.0000,3646.6000,3644.2000,3644.0000,3655.0000,3658.2000,3665.2000,3680.6000,3693.0000,4,1,4,1,2,1,2,1,1,1
SF,IF2012,2020-04-21 09:32:38.000,3655.0000,851,0,24163020.000,0,-,-,-,-,3652.4000,3650.8000,3650.6000,3650.0000,3646.6000,3655.0000,3658.2000,3665.2000,3680.6000,3693.0000,1,2,4,1,4,1,2,1,1,1
SF,IF2012,2020-04-21 09:32:38.500,3655.0000,852,1,25259520.000,1,1,0,双开,S,3652.4000,3650.8000,3650.6000,3650.0000,3646.6000,3658.2000,3665.2000,3680.6000,3693.0000,3758.2000,1,2,4,1,4,2,1,1,1,1
SF,IF2012,2020-04-21 09:32:39.000,3655.0000,852,0,25259520.000,0,-,-,-,-,3653.6000,3652.4000,3650.8000,3650.6000,3650.0000,3658.2000,3665.2000,3680.6000,3693.0000,3758.2000,1,1,2,4,1,2,1,1,1,1
SF,IF2012,2020-04-21 09:32:39.500,3655.0000,852,0,25259520.000,0,-,-,-,-,3654.8000,3653.6000,3652.8000,3652.4000,3650.8000,3658.2000,3665.2000,3680.6000,3693.0000,3758.2000,1,1,1,1,2,2,1,1,1,1
SF,IF2012,2020-04-21 09:32:40.000,3655.0000,852,0,25259520.000,0,-,-,-,-,3655.4000,3655.0000,3653.6000,3652.4000,3650.8000,3658.2000,3665.2000,3680.6000,3693.0000,3758.2000,1,1,1,1,2,2,1,1,1,1
SF,IF2012,2020-04-21 09:32:41.000,3655.0000,852,0,25259520.000,0,-,-,-,-,3655.4000,3655.0000,3653.6000,3652.4000,3650.8000,3658.2000,3665.2000,3680.6000,3693.0000,3758.2000,1,1,1,1,2,2,1,1,1,1
SF,IF2012,2020-04-21 09:32:41.500,3655.0000,852,0,25259520.000,0,-,-,-,-,3655.6000,3655.4000,3655.0000,3653.6000,3652.4000,3658.2000,3665.2000,3680.6000,3693.0000,3758.2000,1,1,1,1,1,1,1,1,1,1
SF,IF2012,2020-04-21 09:32:42.000,3655.0000,852,0,25259520.000,0,-,-,-,-,3655.6000,3655.4000,3653.6000,3652.4000,3650.8000,3665.2000,3680.6000,3693.0000,3758.2000,3774.4000,2,1,1,1,1,1,1,1,1,1
SF,IF2012,2020-04-21 09:32:42.500,3655.0000,852,0,25259520.000,0,-,-,-,-,3655.8000,3655.6000,3653.6000,3652.4000,3650.0000,3659.0000,3665.0000,3665.2000,3680.6000,3693.0000,2,2,1,1,1,1,1,1,1,1
SF,IF2012,2020-04-21 09:32:43.000,3655.0000,852,0,25259520.000,0,-,-,-,-,3656.0000,3655.8000,3655.6000,3653.6000,3652.4000,3659.0000,3665.0000,3665.2000,3680.6000,3693.0000,1,2,2,1,1,1,1,1,1,1
SF,IF2012,2020-04-21 09:32:43.500,3655.0000,852,0,25259520.000,0,-,-,-,-,3656.2000,3656.0000,3655.8000,3655.6000,3653.6000,3659.0000,3660.8000,3665.0000,3665.2000,3680.6000,1,2,1,2,1,1,1,1,1,1
SF,IF2012,2020-04-21 09:32:44.000,3655.0000,852,0,25259520.000,0,-,-,-,-,3656.2000,3656.0000,3655.8000,3655.6000,3653.6000,3659.0000,3660.8000,3665.0000,3665.2000,3680.6000,1,1,1,2,1,1,1,1,1,1
SF,IF2012,2020-04-21 09:32:45.000,3656.2000,852,0,26356380.000,1,0,1,多换,S,3656.2000,3656.0000,3655.8000,3655.6000,3655.4000,3659.0000,3660.8000,3665.0000,3665.2000,3680.6000,1,1,1,1,1,1,1,1,1,1
SF,IF2012,2020-04-21 09:32:45.500,3656.2000,852,0,26356380.000,0,-,-,-,-,3656.2000,3656.0000,3655.8000,3655.6000,3655.4000,3660.8000,3665.0000,3665.2000,3680.6000,3693.0000,1,1,1,1,1,1,1,1,1,1
SF,IF2012,2020-04-21 09:32:46.000,3656.2000,852,0,26356380.000,0,-,-,-,-,3656.0000,3655.6000,3655.4000,3652.4000,3650.2000,3659.4000,3660.8000,3665.0000,3665.2000,3680.6000,1,1,1,1,1,1,1,1,1,1
SF,IF2012,2020-04-21 09:32:46.500,3656.2000,852,0,26356380.000,0,-,-,-,-,3656.6000,3655.6000,3655.4000,3652.4000,3650.2000,3659.4000,3660.8000,3665.0000,3665.2000,3680.6000,1,1,1,1,1,1,1,1,1,1
SF,IF2012,2020-04-21 09:32:47.500,3656.2000,852,0,26356380.000,0,-,-,-,-,3656.6000,3655.6000,3655.4000,3652.8000,3652.4000,3659.4000,3660.8000,3665.0000,3665.2000,3680.6000,1,1,1,1,1,1,1,1,1,1
SF,IF2012,2020-04-21 09:32:48.500,3656.2000,852,0,26356380.000,0,-,-,-,-,3656.6000,3655.8000,3655.4000,3652.8000,3652.4000,3659.4000,3660.8000,3665.0000,3665.2000,3680.6000,2,1,1,1,1,1,1,1,1,1
SF,IF2012,2020-04-21 09:32:49.000,3656.2000,852,0,26356380.000,0,-,-,-,-,3656.6000,3655.8000,3655.4000,3652.8000,3652.4000,3659.0000,3659.4000,3660.8000,3665.0000,3665.2000,2,1,1,1,1,1,1,1,1,1
SF,IF2012,2020-04-21 09:32:51.000,3656.2000,852,0,26356380.000,0,-,-,-,-,3657.0000,3656.6000,3655.8000,3655.4000,3652.8000,3659.0000,3659.4000,3660.8000,3665.0000,3665.2000,1,1,1,1,1,1,1,1,1,1
SF,IF2012,2020-04-21 09:32:54.500,3656.2000,852,0,26356380.000,0,-,-,-,-,3657.0000,3656.6000,3655.8000,3655.4000,3652.8000,3658.8000,3659.0000,3659.4000,3660.8000,3665.0000,1,1,1,1,1,1,1,1,1,1
SF,IF2012,2020-04-21 09:32:55.500,3656.2000,852,0,26356380.000,0,-,-,-,-,3657.0000,3655.8000,3655.4000,3652.8000,3652.4000,3658.8000,3659.0000,3659.4000,3660.8000,3665.0000,1,1,1,1,1,1,1,1,1,1
SF,IF2012,2020-04-21 09:32:56.000,3656.2000,852,0,26356380.000,0,-,-,-,-,3657.0000,3655.8000,3652.8000,3652.4000,3650.2000,3658.8000,3659.0000,3660.8000,3665.0000,3665.2000,1,1,1,1,1,1,1,1,1,1
SF,IF2012,2020-04-21 09:32:58.500,3656.2000,852,0,26356380.000,0,-,-,-,-,3652.8000,3652.4000,3650.2000,3650.0000,3649.2000,3658.8000,3659.0000,3660.8000,3665.0000,3665.2000,1,1,1,2,3,1,1,1,1,1
SF,IF2012,2020-04-21 09:32:59.000,3656.2000,852,0,26356380.000,0,-,-,-,-,3652.8000,3650.2000,3650.0000,3649.2000,3648.8000,3658.8000,3659.0000,3660.8000,3665.0000,3665.2000,1,1,2,3,1,1,1,1,1,1
SF,IF2012,2020-04-21 09:32:59.500,3656.2000,852,0,26356380.000,0,-,-,-,-,3654.2000,3653.6000,3652.8000,3650.2000,3650.0000,3658.8000,3659.0000,3660.8000,3665.0000,3665.2000,1,1,1,1,2,1,1,1,1,1
SF,IF2012,2020-04-21 09:33:00.500,3656.2000,852,0,26356380.000,0,-,-,-,-,3655.0000,3654.2000,3653.6000,3652.8000,3650.2000,3658.8000,3659.0000,3660.8000,3665.0000,3665.2000,1,1,1,1,1,1,1,1,1,1
SF,IF2012,2020-04-21 09:33:01.000,3655.0000,852,0,27452880.000,1,0,1,多换,S,3654.2000,3653.6000,3652.8000,3650.2000,3650.0000,3658.6000,3658.8000,3659.0000,3660.8000,3665.0000,1,1,1,1,2,1,2,1,1,1
SF,IF2012,2020-04-21 09:33:01.500,3655.0000,852,0,27452880.000,0,-,-,-,-,3655.4000,3653.6000,3652.8000,3650.2000,3650.0000,3658.6000,3658.8000,3659.0000,3660.8000,3665.0000,1,1,1,1,2,1,2,1,1,1
SF,IF2012,2020-04-21 09:33:02.000,3655.0000,852,0,27452880.000,0,-,-,-,-,3655.4000,3653.6000,3652.8000,3650.0000,3648.8000,3658.6000,3658.8000,3659.0000,3660.8000,3665.0000,1,1,1,2,1,1,2,1,1,1
SF,IF2012,2020-04-21 09:33:02.500,3655.0000,852,0,27452880.000,0,-,-,-,-,3655.4000,3652.8000,3650.0000,3648.8000,3648.4000,3658.6000,3658.8000,3660.8000,3665.0000,3665.2000,1,1,2,1,3,1,2,1,1,1
SF,IF2012,2020-04-21 09:33:03.000,3655.0000,852,0,27452880.000,0,-,-,-,-,3655.4000,3652.8000,3650.0000,3648.8000,3648.4000,3658.6000,3658.8000,3660.8000,3665.0000,3665.2000,1,1,2,1,3,1,1,1,1,1
SF,IF2012,2020-04-21 09:33:04.000,3655.0000,852,0,27452880.000,0,-,-,-,-,3655.4000,3652.8000,3650.0000,3648.8000,3648.4000,3658.4000,3658.6000,3658.8000,3660.8000,3665.0000,1,1,2,1,3,1,1,1,1,1
SF,IF2012,2020-04-21 09:33:05.000,3655.0000,852,0,27452880.000,0,-,-,-,-,3655.4000,3651.6000,3650.0000,3648.8000,3648.4000,3658.4000,3658.6000,3660.8000,3665.0000,3665.2000,1,1,2,1,3,1,1,1,1,1
SF,IF2012,2020-04-21 09:33:05.500,3655.0000,852,0,27452880.000,0,-,-,-,-,3655.4000,3651.6000,3650.0000,3648.8000,3648.4000,3658.4000,3658.6000,3660.8000,3665.0000,3665.2000,1,1,2,1,3,2,1,1,1,1
SF,IF2012,2020-04-21 09:33:06.000,3655.0000,852,0,27452880.000,0,-,-,-,-,3655.4000,3651.6000,3650.0000,3648.8000,3648.4000,3658.0000,3658.4000,3658.6000,3660.8000,3665.0000,1,1,2,1,3,1,2,1,1,1
SF,IF2012,2020-04-21 09:33:06.500,3655.0000,852,0,27452880.000,0,-,-,-,-,3655.4000,3651.6000,3650.0000,3648.8000,3648.4000,3658.0000,3658.2000,3658.4000,3658.6000,3665.0000,1,1,2,1,3,2,1,2,1,1
SF,IF2012,2020-04-21 09:33:07.000,3655.0000,852,0,27452880.000,0,-,-,-,-,3655.4000,3651.6000,3650.0000,3648.8000,3648.4000,3658.0000,3658.2000,3665.0000,3665.2000,3680.6000,1,1,2,1,3,2,1,1,1,1
SF,IF2012,2020-04-21 09:33:08.000,3655.0000,852,0,27452880.000,0,-,-,-,-,3655.4000,3651.6000,3650.0000,3648.8000,3648.4000,3657.8000,3658.0000,3658.2000,3665.0000,3665.2000,1,1,2,1,3,1,2,1,1,1
SF,IF2012,2020-04-21 09:33:08.500,3655.0000,852,0,27452880.000,0,-,-,-,-,3655.4000,3651.6000,3650.0000,3648.8000,3648.4000,3657.8000,3658.0000,3658.2000,3665.0000,3665.2000,1,1,2,1,3,1,3,1,1,1
SF,IF2012,2020-04-21 09:33:09.000,3655.0000,852,0,27452880.000,0,-,-,-,-,3655.4000,3651.6000,3650.0000,3648.8000,3648.4000,3657.8000,3658.0000,3658.2000,3665.0000,3665.2000,1,1,2,1,3,1,2,1,1,1
SF,IF2012,2020-04-21 09:33:09.500,3655.0000,852,0,27452880.000,0,-,-,-,-,3655.4000,3651.6000,3650.0000,3648.8000,3648.4000,3657.6000,3657.8000,3658.0000,3665.0000,3665.2000,1,1,2,1,3,1,1,2,1,1
SF,IF2012,2020-04-21 09:33:10.000,3655.0000,852,0,27452880.000,0,-,-,-,-,3651.6000,3650.0000,3648.8000,3648.4000,3648.2000,3657.6000,3657.8000,3658.0000,3665.0000,3665.2000,1,2,1,3,4,1,1,2,1,1
SF,IF2012,2020-04-21 09:33:10.500,3655.0000,852,0,27452880.000,0,-,-,-,-,3652.4000,3651.6000,3650.0000,3648.8000,3648.4000,3657.4000,3657.6000,3657.8000,3658.0000,3665.0000,1,1,2,1,3,1,1,1,2,1
SF,IF2012,2020-04-21 09:33:11.000,3655.0000,852,0,27452880.000,0,-,-,-,-,3653.6000,3652.4000,3651.6000,3650.0000,3648.8000,3657.4000,3657.6000,3657.8000,3658.0000,3665.0000,1,1,1,2,1,1,1,1,2,1
SF,IF2012,2020-04-21 09:33:11.500,3655.0000,852,0,27452880.000,0,-,-,-,-,3653.6000,3653.0000,3651.6000,3650.0000,3648.8000,3657.4000,3657.6000,3658.0000,3665.0000,3665.2000,1,1,1,2,1,1,1,2,1,1
SF,IF2012,2020-04-21 09:33:12.000,3655.0000,852,0,27452880.000,0,-,-,-,-,3653.6000,3653.0000,3651.6000,3650.0000,3648.8000,3657.4000,3657.6000,3658.0000,3665.0000,3665.2000,1,1,1,2,1,1,1,2,1,1
SF,IF2012,2020-04-21 09:33:12.500,3655.0000,852,0,27452880.000,0,-,-,-,-,3653.6000,3653.0000,3651.6000,3650.0000,3648.8000,3657.0000,3657.6000,3658.0000,3665.0000,3665.2000,1,1,1,2,1,1,1,1,1,1
SF,IF2012,2020-04-21 09:33:14.000,3655.0000,852,0,27452880.000,0,-,-,-,-,3653.6000,3651.6000,3650.0000,3648.8000,3648.4000,3657.0000,3657.6000,3658.0000,3665.0000,3665.2000,1,1,2,1,3,1,1,1,1,1
SF,IF2012,2020-04-21 09:33:14.500,3655.0000,852,0,27452880.000,0,-,-,-,-,3653.6000,3651.6000,3650.0000,3648.8000,3648.4000,3657.0000,3658.0000,3665.0000,3665.2000,3680.6000,1,1,2,1,3,1,1,1,1,1
SF,IF2012,2020-04-21 09:33:16.500,3655.0000,852,0,27452880.000,0,-,-,-,-,3653.6000,3651.6000,3650.0000,3648.8000,3648.4000,3658.0000,3665.0000,3665.2000,3680.6000,3693.0000,1,1,2,1,3,1,1,1,1,1
SF,IF2012,2020-04-21 09:33:17.000,3655.0000,852,0,27452880.000,0,-,-,-,-,3653.6000,3651.6000,3650.0000,3648.8000,3646.8000,3657.4000,3658.0000,3665.0000,3665.2000,3680.6000,1,1,2,1,1,1,1,1,1,1
SF,IF2012,2020-04-21 09:33:17.500,3655.0000,852,0,27452880.000,0,-,-,-,-,3653.6000,3651.6000,3650.0000,3648.8000,3646.8000,3657.6000,3658.0000,3665.0000,3665.2000,3680.6000,1,1,2,1,1,1,1,1,1,1
SF,IF2012,2020-04-21 09:33:18.500,3655.0000,852,0,27452880.000,0,-,-,-,-,3653.6000,3651.6000,3650.0000,3648.8000,3646.8000,3657.6000,3658.0000,3665.0000,3665.2000,3680.6000,1,1,2,1,1,2,1,1,1,1
SF,IF2012,2020-04-21 09:33:19.000,3655.0000,852,0,27452880.000,0,-,-,-,-,3654.0000,3653.6000,3651.6000,3650.0000,3648.8000,3657.6000,3658.0000,3665.0000,3665.2000,3680.6000,1,1,1,2,1,2,1,1,1,1
SF,IF2012,2020-04-21 09:33:20.000,3655.0000,852,0,27452880.000,0,-,-,-,-,3654.4000,3654.0000,3653.0000,3651.6000,3650.0000,3657.6000,3658.0000,3665.0000,3665.2000,3680.6000,1,1,1,1,2,2,1,1,1,1
SF,IF2012,2020-04-21 09:33:20.500,3655.0000,852,0,27452880.000,0,-,-,-,-,3654.6000,3654.4000,3654.0000,3653.0000,3651.6000,3657.4000,3657.6000,3658.0000,3665.0000,3665.2000,1,1,1,1,1,1,2,1,1,1
SF,IF2012,2020-04-21 09:33:21.500,3655.0000,852,0,27452880.000,0,-,-,-,-,3655.0000,3654.6000,3654.0000,3653.0000,3651.6000,3657.4000,3657.6000,3658.0000,3665.0000,3665.2000,1,1,1,1,1,1,1,1,1,1
SF,IF2012,2020-04-21 09:33:22.000,3657.4000,852,0,28550100.000,1,0,1,多换,S,3655.2000,3655.0000,3654.0000,3653.0000,3651.6000,3658.0000,3665.0000,3665.2000,3680.6000,3693.0000,1,1,1,1,1,1,1,1,1,1
SF,IF2012,2020-04-21 09:33:22.500,3657.4000,852,0,28550100.000,0,-,-,-,-,3655.2000,3655.0000,3654.0000,3651.6000,3650.0000,3657.8000,3658.0000,3665.0000,3665.2000,3680.6000,1,1,1,1,2,1,2,1,1,1
SF,IF2012,2020-04-21 09:33:23.000,3657.4000,852,0,28550100.000,0,-,-,-,-,3655.6000,3655.2000,3654.0000,3651.6000,3650.0000,3657.6000,3657.8000,3658.0000,3665.0000,3665.2000,1,1,1,1,2,1,1,2,1,1
SF,IF2012,2020-04-21 09:33:23.500,3657.6000,852,0,29647380.000,1,0,1,多换,S,3655.8000,3655.6000,3654.0000,3651.6000,3650.0000,3657.8000,3658.0000,3665.0000,3665.2000,3680.6000,1,1,1,1,2,1,2,1,1,1
SF,IF2012,2020-04-21 09:33:24.500,3657.8000,852,0,30744720.000,1,0,1,多换,S,3655.8000,3654.0000,3651.6000,3650.0000,3648.8000,3658.0000,3665.0000,3665.2000,3680.6000,3693.0000,1,1,1,2,1,2,1,1,1,1
SF,IF2012,2020-04-21 09:33:25.000,3657.8000,852,0,30744720.000,0,-,-,-,-,3656.0000,3655.8000,3654.0000,3651.6000,3650.0000,3657.8000,3658.0000,3665.0000,3665.2000,3680.6000,1,1,1,1,2,1,2,1,1,1
SF,IF2012,2020-04-21 09:33:25.500,3657.8000,852,0,30744720.000,0,-,-,-,-,3656.2000,3656.0000,3651.6000,3650.0000,3648.8000,3657.8000,3658.0000,3665.0000,3665.2000,3680.6000,1,1,1,2,1,1,2,1,1,1
SF,IF2012,2020-04-21 09:33:26.000,3657.8000,852,0,31842060.000,1,0,1,多换,S,3656.2000,3656.0000,3651.6000,3650.0000,3648.8000,3658.0000,3665.0000,3665.2000,3680.6000,3693.0000,1,1,1,2,1,2,1,1,1,1
SF,IF2012,2020-04-21 09:33:26.500,3657.8000,852,0,31842060.000,0,-,-,-,-,3656.2000,3656.0000,3651.6000,3650.0000,3648.8000,3657.6000,3658.0000,3665.0000,3665.2000,3680.6000,1,1,1,2,1,1,2,1,1,1
SF,IF2012,2020-04-21 09:33:27.000,3657.8000,852,0,32939400.000,1,0,1,多换,S,3656.4000,3656.2000,3651.6000,3650.0000,3648.8000,3658.0000,3665.0000,3665.2000,3680.6000,3693.0000,1,2,1,2,1,1,1,1,1,1
SF,IF2012,2020-04-21 09:33:27.500,3657.8000,852,0,32939400.000,0,-,-,-,-,3656.6000,3656.4000,3656.2000,3651.6000,3650.0000,3658.0000,3665.0000,3665.2000,3680.6000,3693.0000,1,1,1,1,2,1,1,1,1,1
SF,IF2012,2020-04-21 09:33:29.000,3657.8000,852,0,32939400.000,0,-,-,-,-,3656.8000,3656.6000,3656.2000,3651.6000,3650.0000,3658.0000,3665.0000,3665.2000,3680.6000,3693.0000,1,1,1,1,2,1,1,1,1,1
SF,IF2012,2020-04-21 09:33:29.500,3657.8000,852,0,32939400.000,0,-,-,-,-,3657.0000,3656.8000,3656.2000,3651.6000,3650.0000,3658.0000,3665.0000,3665.2000,3680.6000,3693.0000,1,1,1,1,2,1,1,1,1,1
SF,IF2012,2020-04-21 09:33:30.500,3657.8000,852,0,32939400.000,0,-,-,-,-,3657.0000,3656.8000,3656.2000,3651.6000,3651.4000,3658.0000,3665.0000,3665.2000,3680.6000,3693.0000,1,1,1,1,5,1,1,1,1,1
SF,IF2012,2020-04-21 09:33:31.000,3657.0000,852,0,34036500.000,1,0,1,多换,S,3656.2000,3651.6000,3651.4000,3650.0000,3648.8000,3658.0000,3665.0000,3665.2000,3680.6000,3693.0000,1,1,5,2,1,1,1,1,1,1
SF,IF2012,2020-04-21 09:33:31.500,3657.0000,852,0,34036500.000,0,-,-,-,-,3656.4000,3656.2000,3651.6000,3651.4000,3650.0000,3658.0000,3665.0000,3665.2000,3680.6000,3693.0000,1,1,1,5,2,1,1,1,1,1
SF,IF2012,2020-04-21 09:33:32.000,3658.0000,852,0,35133900.000,1,0,1,多换,S,3656.4000,3656.2000,3651.6000,3651.4000,3650.0000,3665.0000,3665.2000,3680.6000,3693.0000,3758.2000,1,1,1,5,2,1,1,1,1,1
SF,IF2012,2020-04-21 09:33:32.500,3658.0000,852,0,35133900.000,0,-,-,-,-,3656.6000,3656.4000,3656.2000,3651.6000,3651.4000,3659.2000,3664.8000,3665.0000,3665.2000,3680.6000,4,1,1,1,5,1,1,1,1,1
SF,IF2012,2020-04-21 09:33:33.000,3658.0000,852,0,35133900.000,0,-,-,-,-,3656.8000,3656.6000,3656.2000,3651.6000,3651.4000,3659.0000,3659.2000,3665.0000,3665.2000,3680.6000,2,4,1,1,5,1,1,1,1,1
SF,IF2012,2020-04-21 09:33:33.500,3658.0000,852,0,35133900.000,0,-,-,-,-,3657.0000,3656.8000,3656.6000,3656.2000,3651.6000,3659.0000,3665.0000,3665.2000,3680.6000,3693.0000,1,2,2,1,1,1,1,1,1,1
SF,IF2012,2020-04-21 09:33:34.000,3658.0000,852,0,35133900.000,0,-,-,-,-,3657.2000,3657.0000,3656.6000,3656.2000,3651.6000,3659.0000,3665.0000,3665.2000,3680.6000,3693.0000,1,1,2,1,1,2,1,1,1,1
SF,IF2012,2020-04-21 09:33:35.000,3658.0000,852,0,35133900.000,0,-,-,-,-,3657.2000,3656.2000,3651.6000,3651.4000,3650.0000,3659.0000,3664.6000,3665.0000,3665.2000,3680.6000,1,1,1,5,2,2,4,1,1,1
SF,IF2012,2020-04-21 09:33:35.500,3658.0000,852,0,35133900.000,0,-,-,-,-,3657.2000,3656.2000,3655.6000,3651.6000,3651.4000,3659.0000,3664.6000,3665.0000,3665.2000,3680.6000,1,1,2,1,5,2,4,1,1,1
SF,IF2012,2020-04-21 09:33:36.500,3658.0000,852,0,35133900.000,0,-,-,-,-,3657.2000,3656.2000,3655.6000,3651.6000,3651.4000,3659.0000,3664.6000,3665.0000,3665.2000,3680.6000,1,1,2,1,5,2,4,1,1,1
SF,IF2012,2020-04-21 09:33:37.500,3658.0000,852,0,35133900.000,0,-,-,-,-,3657.4000,3657.2000,3656.2000,3655.6000,3651.6000,3659.0000,3664.6000,3665.0000,3665.2000,3680.6000,1,1,1,2,1,2,4,1,1,1
SF,IF2012,2020-04-21 09:33:38.500,3658.0000,852,0,35133900.000,0,-,-,-,-,3657.4000,3657.2000,3656.2000,3655.6000,3652.8000,3659.0000,3664.6000,3665.0000,3665.2000,3680.6000,1,1,1,2,1,2,4,1,1,1
SF,IF2012,2020-04-21 09:33:41.000,3658.0000,852,0,35133900.000,0,-,-,-,-,3657.2000,3656.2000,3655.6000,3652.8000,3651.6000,3659.0000,3664.6000,3665.0000,3665.2000,3680.6000,1,1,2,1,1,2,4,1,1,1
SF,IF2012,2020-04-21 09:33:44.500,3659.0000,852,0,36231600.000,1,0,1,多换,S,3657.2000,3656.2000,3655.6000,3652.8000,3651.6000,3659.0000,3664.6000,3665.0000,3665.2000,3680.6000,1,1,2,1,1,1,4,1,1,1
SF,IF2012,2020-04-21 09:33:45.000,3657.2000,852,0,37328760.000,1,0,1,多换,S,3656.2000,3655.6000,3652.8000,3651.6000,3651.4000,3659.0000,3664.6000,3665.0000,3665.2000,3680.6000,1,2,1,1,5,1,4,1,1,1
SF,IF2012,2020-04-21 09:33:45.500,3657.2000,852,0,37328760.000,0,-,-,-,-,3656.4000,3656.2000,3655.6000,3652.8000,3651.6000,3658.8000,3659.0000,3664.6000,3665.0000,3665.2000,1,1,2,1,1,1,1,4,1,1
SF,IF2012,2020-04-21 09:33:46.000,3657.2000,852,0,37328760.000,0,-,-,-,-,3656.6000,3656.4000,3656.2000,3652.8000,3651.6000,3658.8000,3664.6000,3665.0000,3665.2000,3680.6000,2,1,1,1,1,2,4,1,1,1
SF,IF2012,2020-04-21 09:33:46.500,3657.2000,852,0,37328760.000,0,-,-,-,-,3656.8000,3656.6000,3656.2000,3652.8000,3651.6000,3658.8000,3664.6000,3665.0000,3665.2000,3680.6000,1,3,1,1,1,1,4,1,1,1
SF,IF2012,2020-04-21 09:33:47.000,3657.2000,852,0,37328760.000,0,-,-,-,-,3656.8000,3656.6000,3656.2000,3652.8000,3651.6000,3664.6000,3665.0000,3665.2000,3680.6000,3693.0000,1,2,1,1,1,4,1,1,1,1
SF,IF2012,2020-04-21 09:33:47.500,3657.2000,852,0,37328760.000,0,-,-,-,-,3657.2000,3657.0000,3656.8000,3656.2000,3652.8000,3659.4000,3664.4000,3664.6000,3665.2000,3680.6000,1,2,1,1,1,1,2,4,1,1
SF,IF2012,2020-04-21 09:33:48.000,3657.2000,852,0,37328760.000,0,-,-,-,-,3657.4000,3657.2000,3657.0000,3656.2000,3652.8000,3659.2000,3659.4000,3664.4000,3664.6000,3665.2000,1,1,2,1,1,1,1,1,4,1
SF,IF2012,2020-04-21 09:33:49.500,3657.2000,852,0,37328760.000,0,-,-,-,-,3657.6000,3657.4000,3656.2000,3655.6000,3652.8000,3659.2000,3659.4000,3664.4000,3664.6000,3665.2000,1,1,1,1,1,1,1,1,4,1
SF,IF2012,2020-04-21 09:33:50.000,3657.2000,852,0,37328760.000,0,-,-,-,-,3657.6000,3657.4000,3656.2000,3655.6000,3652.8000,3659.2000,3664.4000,3664.6000,3665.2000,3680.6000,1,1,1,1,1,1,1,4,1,1
SF,IF2012,2020-04-21 09:33:50.500,3657.2000,852,0,37328760.000,0,-,-,-,-,3657.4000,3656.4000,3656.2000,3655.6000,3652.8000,3658.8000,3659.2000,3664.4000,3664.6000,3665.2000,1,2,1,1,1,1,1,1,4,1
SF,IF2012,2020-04-21 09:33:51.500,3657.2000,852,0,37328760.000,0,-,-,-,-,3657.4000,3656.4000,3656.2000,3655.6000,3652.8000,3658.8000,3659.2000,3664.4000,3664.6000,3665.2000,1,2,1,1,1,1,1,1,4,1
SF,IF2012,2020-04-21 09:33:54.500,3657.2000,852,0,37328760.000,0,-,-,-,-,3657.4000,3656.4000,3656.2000,3655.2000,3652.8000,3658.8000,3659.2000,3664.4000,3664.6000,3665.2000,1,2,1,1,1,1,1,1,4,1
SF,IF2012,2020-04-21 09:33:55.500,3657.2000,852,0,37328760.000,0,-,-,-,-,3657.6000,3657.4000,3656.4000,3656.2000,3655.2000,3658.8000,3659.2000,3664.4000,3664.6000,3665.2000,1,1,2,1,1,1,1,1,4,1
SF,IF2012,2020-04-21 09:33:58.000,3657.2000,852,0,37328760.000,0,-,-,-,-,3657.6000,3657.4000,3656.4000,3656.2000,3655.2000,3659.2000,3664.4000,3664.6000,3665.2000,3680.6000,1,1,2,1,1,1,1,4,1,1
SF,IF2012,2020-04-21 09:33:58.500,3657.2000,852,0,37328760.000,0,-,-,-,-,3657.8000,3657.6000,3656.4000,3656.2000,3655.2000,3659.2000,3664.4000,3664.6000,3665.2000,3680.6000,1,1,2,1,1,2,1,4,1,1
SF,IF2012,2020-04-21 09:34:00.000,3657.2000,852,0,37328760.000,0,-,-,-,-,3657.8000,3657.6000,3656.2000,3655.2000,3652.8000,3659.2000,3664.4000,3664.6000,3665.2000,3680.6000,1,1,1,1,1,2,1,4,1,1
SF,IF2012,2020-04-21 09:34:00.500,3657.2000,852,0,37328760.000,0,-,-,-,-,3658.0000,3657.8000,3656.2000,3655.2000,3652.8000,3659.2000,3664.4000,3664.6000,3665.2000,3680.6000,1,1,1,1,1,2,1,4,1,1
SF,IF2012,2020-04-21 09:34:01.000,3657.8000,853,1,38426100.000,1,1,0,双开,S,3657.8000,3656.2000,3655.2000,3654.4000,3652.8000,3659.2000,3664.4000,3664.6000,3665.2000,3680.6000,1,1,1,1,1,1,1,4,1,1
SF,IF2012,2020-04-21 09:34:04.500,3657.8000,853,0,38426100.000,0,-,-,-,-,3657.8000,3656.2000,3655.2000,3654.4000,3652.8000,3664.4000,3664.6000,3665.2000,3680.6000,3693.0000,1,1,1,1,1,1,4,1,1,1
SF,IF2012,2020-04-21 09:34:05.000,3657.8000,853,0,38426100.000,0,-,-,-,-,3659.0000,3657.8000,3656.2000,3655.2000,3654.4000,3659.6000,3664.2000,3664.4000,3664.6000,3665.2000,1,1,1,1,1,1,1,1,4,1
SF,IF2012,2020-04-21 09:34:05.500,3657.8000,853,0,38426100.000,0,-,-,-,-,3659.0000,3657.8000,3656.2000,3655.2000,3654.4000,3664.2000,3664.4000,3664.6000,3665.2000,3680.6000,1,1,1,1,1,1,1,4,1,1
SF,IF2012,2020-04-21 09:34:06.000,3657.8000,853,0,38426100.000,0,-,-,-,-,3659.2000,3659.0000,3656.2000,3655.2000,3654.4000,3660.2000,3664.0000,3664.2000,3664.6000,3665.2000,1,1,1,1,1,1,1,1,4,1
SF,IF2012,2020-04-21 09:34:07.000,3657.8000,853,0,38426100.000,0,-,-,-,-,3659.2000,3659.0000,3656.2000,3655.2000,3654.4000,3660.2000,3664.0000,3664.2000,3664.6000,3665.2000,3,1,1,1,1,1,1,1,4,1
SF,IF2012,2020-04-21 09:34:07.500,3657.8000,853,0,38426100.000,0,-,-,-,-,3659.2000,3659.0000,3656.2000,3654.4000,3652.8000,3660.2000,3664.0000,3664.2000,3664.6000,3665.2000,3,1,1,1,1,1,1,1,4,1
SF,IF2012,2020-04-21 09:34:08.500,3657.8000,853,0,38426100.000,0,-,-,-,-,3659.2000,3659.0000,3656.2000,3655.8000,3654.4000,3660.2000,3664.0000,3664.2000,3664.6000,3665.2000,1,1,1,1,1,1,1,1,4,1
SF,IF2012,2020-04-21 09:34:09.000,3657.8000,853,0,38426100.000,0,-,-,-,-,3659.2000,3659.0000,3656.2000,3655.8000,3655.0000,3660.2000,3664.0000,3664.2000,3664.6000,3665.2000,1,1,1,1,1,1,1,1,4,1
SF,IF2012,2020-04-21 09:34:10.000,3657.8000,853,0,38426100.000,0,-,-,-,-,3659.2000,3659.0000,3656.2000,3655.8000,3655.0000,3660.2000,3664.0000,3664.2000,3664.6000,3665.2000,1,1,1,1,1,1,1,1,4,1
SF,IF2012,2020-04-21 09:34:11.000,3657.8000,853,0,38426100.000,0,-,-,-,-,3659.2000,3659.0000,3657.8000,3655.8000,3655.0000,3660.2000,3664.0000,3664.2000,3664.6000,3665.2000,1,1,2,1,1,1,1,1,4,1
SF,IF2012,2020-04-21 09:34:13.500,3657.8000,853,0,38426100.000,0,-,-,-,-,3659.2000,3659.0000,3657.8000,3656.6000,3655.8000,3660.2000,3664.0000,3664.2000,3664.6000,3665.2000,1,1,2,1,1,1,1,1,4,1
SF,IF2012,2020-04-21 09:34:15.000,3657.8000,853,0,38426100.000,0,-,-,-,-,3659.2000,3659.0000,3656.6000,3655.8000,3655.0000,3660.2000,3664.0000,3664.2000,3664.6000,3665.2000,1,1,1,1,1,1,1,1,4,1
SF,IF2012,2020-04-21 09:34:22.500,3657.8000,853,0,38426100.000,0,-,-,-,-,3659.2000,3659.0000,3656.6000,3655.8000,3655.0000,3660.2000,3664.0000,3664.2000,3664.6000,3665.2000,1,1,1,1,1,1,1,1,4,1
SF,IF2012,2020-04-21 09:34:23.000,3657.8000,853,0,38426100.000,0,-,-,-,-,3659.0000,3656.6000,3655.8000,3655.0000,3654.4000,3660.2000,3664.0000,3664.2000,3664.6000,3665.2000,1,1,1,1,1,1,1,1,4,1
SF,IF2012,2020-04-21 09:34:31.000,3659.0000,854,1,39523800.000,1,1,0,双开,S,3656.6000,3655.8000,3655.0000,3654.4000,3654.2000,3660.2000,3664.0000,3664.2000,3664.6000,3665.2000,1,1,1,1,5,1,1,1,4,1
SF,IF2012,2020-04-21 09:34:31.500,3659.0000,854,0,39523800.000,0,-,-,-,-,3656.8000,3656.6000,3655.8000,3655.0000,3654.4000,3660.0000,3660.2000,3664.0000,3664.6000,3665.2000,1,1,1,1,1,1,1,1,4,1
SF,IF2012,2020-04-21 09:34:32.500,3659.0000,854,0,39523800.000,0,-,-,-,-,3657.4000,3656.8000,3656.6000,3655.8000,3655.0000,3660.0000,3660.2000,3664.0000,3664.6000,3665.2000,3,1,1,1,1,1,1,1,4,1
SF,IF2012,2020-04-21 09:34:33.000,3659.0000,854,0,39523800.000,0,-,-,-,-,3657.6000,3657.4000,3657.2000,3656.6000,3655.8000,3660.0000,3664.0000,3664.6000,3665.2000,3680.6000,1,3,1,1,1,1,1,4,1,1
SF,IF2012,2020-04-21 09:34:33.500,3659.0000,854,0,39523800.000,0,-,-,-,-,3657.6000,3657.4000,3657.2000,3656.6000,3655.8000,3660.0000,3664.0000,3664.6000,3665.2000,3680.6000,1,2,1,1,1,2,1,4,1,1
SF,IF2012,2020-04-21 09:34:34.000,3659.0000,854,0,39523800.000,0,-,-,-,-,3658.2000,3657.6000,3657.4000,3656.6000,3655.8000,3660.0000,3664.0000,3664.6000,3665.2000,3680.6000,1,1,2,1,1,2,1,4,1,1
SF,IF2012,2020-04-21 09:34:34.500,3659.0000,854,0,39523800.000,0,-,-,-,-,3658.4000,3658.2000,3657.4000,3656.6000,3655.8000,3660.0000,3664.0000,3664.6000,3665.2000,3680.6000,1,1,2,1,1,2,1,4,1,1
SF,IF2012,2020-04-21 09:34:36.500,3659.0000,854,0,39523800.000,0,-,-,-,-,3658.4000,3657.4000,3656.6000,3655.8000,3655.0000,3660.0000,3664.0000,3664.6000,3665.2000,3680.6000,1,2,1,1,1,2,1,4,1,1
SF,IF2012,2020-04-21 09:34:39.000,3659.0000,854,0,39523800.000,0,-,-,-,-,3658.4000,3657.4000,3656.6000,3655.8000,3655.2000,3660.0000,3664.0000,3664.6000,3665.2000,3680.6000,1,2,1,1,1,2,1,4,1,1
SF,IF2012,2020-04-21 09:34:45.000,3658.4000,854,0,40621320.000,1,0,1,多换,S,3657.4000,3656.6000,3655.8000,3655.2000,3655.0000,3660.0000,3664.0000,3664.6000,3665.2000,3680.6000,2,1,1,1,1,2,1,4,1,1
SF,IF2012,2020-04-21 09:34:45.500,3658.4000,854,0,40621320.000,0,-,-,-,-,3657.6000,3657.4000,3656.6000,3655.8000,3655.2000,3660.0000,3664.0000,3664.6000,3665.2000,3680.6000,1,2,1,1,1,2,1,4,1,1
SF,IF2012,2020-04-21 09:34:46.500,3658.4000,854,0,40621320.000,0,-,-,-,-,3657.8000,3657.6000,3657.4000,3656.6000,3655.8000,3660.0000,3664.0000,3664.6000,3665.2000,3680.6000,1,1,2,1,1,2,1,4,1,1
SF,IF2012,2020-04-21 09:34:47.000,3658.4000,854,0,40621320.000,0,-,-,-,-,3658.0000,3657.8000,3656.6000,3655.8000,3655.2000,3660.0000,3664.0000,3664.6000,3665.2000,3680.6000,1,1,1,1,1,2,1,4,1,1
SF,IF2012,2020-04-21 09:34:48.500,3658.4000,854,0,40621320.000,0,-,-,-,-,3658.0000,3657.8000,3656.6000,3655.8000,3655.2000,3659.8000,3660.0000,3664.0000,3664.6000,3665.2000,1,1,1,1,1,1,2,1,4,1
SF,IF2012,2020-04-21 09:34:49.000,3658.4000,854,0,40621320.000,0,-,-,-,-,3658.0000,3657.8000,3656.6000,3655.8000,3655.2000,3659.6000,3659.8000,3664.0000,3664.6000,3665.2000,1,1,1,1,1,1,1,1,4,1
SF,IF2012,2020-04-21 09:34:49.500,3658.4000,854,0,40621320.000,0,-,-,-,-,3658.0000,3656.6000,3655.8000,3655.2000,3655.0000,3659.6000,3659.8000,3664.0000,3664.6000,3665.2000,1,1,1,1,1,1,1,1,4,1
SF,IF2012,2020-04-21 09:34:51.000,3658.4000,854,0,40621320.000,0,-,-,-,-,3658.0000,3656.6000,3655.8000,3655.2000,3655.0000,3659.6000,3659.8000,3664.0000,3664.6000,3665.2000,1,1,1,1,1,2,1,1,4,1
SF,IF2012,2020-04-21 09:34:53.500,3658.4000,854,0,40621320.000,0,-,-,-,-,3658.0000,3656.6000,3655.8000,3655.2000,3655.0000,3659.6000,3664.0000,3664.6000,3665.2000,3680.6000,1,1,1,1,1,2,1,4,1,1
SF,IF2012,2020-04-21 09:34:54.000,3658.4000,854,0,40621320.000,0,-,-,-,-,3658.0000,3655.8000,3655.2000,3655.0000,3654.4000,3659.6000,3664.0000,3664.6000,3665.2000,3680.6000,1,1,1,1,1,2,1,4,1,1
SF,IF2012,2020-04-21 09:35:01.000,3658.0000,854,0,41718720.000,1,0,1,多换,S,3655.8000,3655.2000,3655.0000,3654.4000,3654.2000,3659.6000,3664.0000,3664.6000,3665.2000,3680.6000,1,1,1,1,5,2,1,4,1,1
SF,IF2012,2020-04-21 09:35:01.500,3658.0000,854,0,41718720.000,0,-,-,-,-,3656.0000,3655.8000,3655.2000,3655.0000,3654.4000,3659.6000,3664.0000,3664.6000,3665.2000,3680.6000,1,1,1,1,1,2,1,4,1,1
SF,IF2012,2020-04-21 09:35:03.000,3658.0000,854,0,41718720.000,0,-,-,-,-,3656.0000,3655.8000,3655.2000,3655.0000,3654.4000,3659.6000,3664.0000,3664.6000,3665.2000,3680.6000,1,1,1,1,1,2,1,4,1,1
SF,IF2012,2020-04-21 09:35:03.500,3658.0000,854,0,41718720.000,0,-,-,-,-,3656.2000,3656.0000,3655.8000,3655.2000,3655.0000,3659.2000,3659.6000,3664.0000,3664.6000,3665.2000,2,1,1,1,1,1,2,1,4,1
SF,IF2012,2020-04-21 09:35:04.000,3658.0000,854,0,41718720.000,0,-,-,-,-,3656.4000,3656.2000,3655.8000,3655.2000,3655.0000,3658.2000,3659.0000,3659.2000,3664.0000,3664.6000,1,2,1,1,1,1,1,1,1,4
SF,IF2012,2020-04-21 09:35:04.500,3658.0000,854,0,42816120.000,1,0,1,多换,S,3656.4000,3656.2000,3655.8000,3655.2000,3652.8000,3658.2000,3659.2000,3664.0000,3664.6000,3665.2000,1,2,1,1,1,1,1,1,4,1
SF,IF2012,2020-04-21 09:35:05.500,3658.0000,854,0,42816120.000,0,-,-,-,-,3656.4000,3656.2000,3655.8000,3655.2000,3652.8000,3664.0000,3664.6000,3665.2000,3680.6000,3693.0000,1,2,1,1,1,1,4,1,1,1
SF,IF2012,2020-04-21 09:35:06.000,3658.0000,854,0,42816120.000,0,-,-,-,-,3656.4000,3656.2000,3655.8000,3655.2000,3652.8000,3658.6000,3663.8000,3664.0000,3664.6000,3665.2000,1,2,1,1,1,1,1,1,4,1
SF,IF2012,2020-04-21 09:35:06.500,3658.6000,854,0,43913700.000,1,0,1,多换,S,3656.6000,3656.4000,3656.2000,3655.8000,3655.2000,3663.8000,3664.0000,3664.6000,3665.2000,3680.6000,1,1,1,1,1,1,1,4,1,1
SF,IF2012,2020-04-21 09:35:07.000,3658.6000,854,0,43913700.000,0,-,-,-,-,3656.8000,3656.6000,3656.2000,3655.8000,3655.2000,3658.6000,3663.6000,3663.8000,3664.6000,3665.2000,1,1,1,1,1,1,1,1,4,1
SF,IF2012,2020-04-21 09:35:07.500,3658.6000,854,0,45011280.000,1,0,1,多换,S,3656.8000,3656.6000,3656.2000,3655.8000,3655.2000,3663.6000,3663.8000,3664.6000,3665.2000,3680.6000,1,1,1,1,1,1,1,4,1,1
SF,IF2012,2020-04-21 09:35:08.000,3658.6000,854,0,45011280.000,0,-,-,-,-,3656.8000,3656.2000,3655.8000,3655.2000,3652.8000,3659.8000,3663.4000,3663.6000,3664.6000,3665.2000,1,1,1,1,1,1,1,1,4,1
SF,IF2012,2020-04-21 09:35:08.500,3658.6000,854,0,45011280.000,0,-,-,-,-,3656.8000,3656.2000,3655.8000,3655.2000,3652.8000,3658.8000,3659.6000,3659.8000,3663.6000,3664.0000,3,1,1,1,1,1,2,2,1,1
SF,IF2012,2020-04-21 09:35:09.000,3658.8000,855,1,46108920.000,1,1,0,双开,S,3656.8000,3656.2000,3655.8000,3655.2000,3652.8000,3659.6000,3659.8000,3663.6000,3664.0000,3664.6000,3,1,1,1,1,2,2,1,1,4
SF,IF2012,2020-04-21 09:35:10.000,3658.8000,855,0,46108920.000,0,-,-,-,-,3657.0000,3656.8000,3656.2000,3655.8000,3655.2000,3659.2000,3659.6000,3659.8000,3663.6000,3664.0000,2,1,1,1,1,1,2,1,1,1
SF,IF2012,2020-04-21 09:35:10.500,3658.8000,855,0,46108920.000,0,-,-,-,-,3657.2000,3657.0000,3656.2000,3655.8000,3655.2000,3659.0000,3659.2000,3659.6000,3659.8000,3663.6000,1,2,1,1,1,1,1,1,1,1
SF,IF2012,2020-04-21 09:35:12.000,3658.8000,855,0,46108920.000,0,-,-,-,-,3657.2000,3656.2000,3655.8000,3655.2000,3652.8000,3659.0000,3659.2000,3659.6000,3659.8000,3663.6000,1,1,1,1,1,1,1,1,1,1
SF,IF2012,2020-04-21 09:35:12.500,3658.8000,855,0,46108920.000,0,-,-,-,-,3657.4000,3657.2000,3656.2000,3655.8000,3655.2000,3659.0000,3659.6000,3663.6000,3664.0000,3664.6000,3,1,1,1,1,1,1,1,1,4
SF,IF2012,2020-04-21 09:35:13.000,3658.8000,855,0,46108920.000,0,-,-,-,-,3657.6000,3657.4000,3656.2000,3655.8000,3655.2000,3659.0000,3659.6000,3663.6000,3664.0000,3664.6000,1,3,1,1,1,1,1,1,1,4
SF,IF2012,2020-04-21 09:35:14.000,3658.8000,855,0,46108920.000,0,-,-,-,-,3657.6000,3657.4000,3656.2000,3655.8000,3655.2000,3659.0000,3659.6000,3663.6000,3664.0000,3664.6000,1,1,1,1,1,1,1,1,1,4
SF,IF2012,2020-04-21 09:35:14.500,3658.8000,855,0,46108920.000,0,-,-,-,-,3657.6000,3657.4000,3656.2000,3655.8000,3655.2000,3659.0000,3663.6000,3664.0000,3664.6000,3665.2000,1,1,1,1,1,1,1,1,4,1
SF,IF2012,2020-04-21 09:35:15.500,3658.8000,855,0,46108920.000,0,-,-,-,-,3657.6000,3656.2000,3655.8000,3655.2000,3652.8000,3659.0000,3663.6000,3664.0000,3664.6000,3665.2000,1,1,1,1,1,1,1,1,4,1
SF,IF2012,2020-04-21 09:35:19.500,3658.8000,855,0,46108920.000,0,-,-,-,-,3658.0000,3657.6000,3656.2000,3655.8000,3655.2000,3659.0000,3663.6000,3664.0000,3664.6000,3665.2000,1,1,1,1,1,1,1,1,4,1
SF,IF2012,2020-04-21 09:35:20.000,3658.8000,855,0,46108920.000,0,-,-,-,-,3658.0000,3656.2000,3655.8000,3655.2000,3652.8000,3659.0000,3663.6000,3664.0000,3664.6000,3665.2000,1,1,1,1,1,1,1,1,4,1
SF,IF2012,2020-04-21 09:35:21.000,3658.0000,856,1,47206320.000,1,1,0,双开,S,3656.2000,3655.8000,3655.2000,3652.8000,3651.4000,3659.0000,3663.6000,3664.0000,3664.6000,3665.2000,1,1,1,1,5,1,1,1,4,1
SF,IF2012,2020-04-21 09:35:21.500,3658.0000,856,0,47206320.000,0,-,-,-,-,3656.4000,3656.2000,3655.8000,3655.2000,3652.8000,3659.0000,3663.6000,3664.0000,3664.6000,3665.2000,1,1,1,1,1,1,1,1,4,1
SF,IF2012,2020-04-21 09:35:22.000,3659.0000,856,0,48304020.000,1,0,1,多换,S,3656.6000,3656.4000,3656.2000,3655.8000,3655.2000,3658.8000,3663.6000,3664.0000,3664.6000,3665.2000,1,1,1,1,1,1,1,1,4,1
SF,IF2012,2020-04-21 09:35:22.500,3659.0000,856,0,48304020.000,0,-,-,-,-,3656.8000,3656.6000,3656.2000,3655.8000,3655.2000,3658.0000,3658.8000,3663.6000,3664.0000,3664.6000,1,1,1,1,1,1,1,1,1,4
SF,IF2012,2020-04-21 09:35:23.000,3658.0000,856,0,49401420.000,1,0,1,多换,S,3658.2000,3656.8000,3656.6000,3656.2000,3655.8000,3663.6000,3664.0000,3664.6000,3665.2000,3680.6000,1,1,1,1,1,1,1,4,1,1
SF,IF2012,2020-04-21 09:35:23.500,3658.0000,856,0,49401420.000,0,-,-,-,-,3658.4000,3658.2000,3657.0000,3656.2000,3655.8000,3660.4000,3663.4000,3663.6000,3664.6000,3665.2000,1,1,1,1,1,1,1,1,4,1
SF,IF2012,2020-04-21 09:35:24.000,3658.0000,856,0,49401420.000,0,-,-,-,-,3658.4000,3658.2000,3657.0000,3656.2000,3655.8000,3660.2000,3660.4000,3663.6000,3664.6000,3665.2000,1,1,1,1,1,1,1,1,4,1
SF,IF2012,2020-04-21 09:35:24.500,3658.0000,856,0,49401420.000,0,-,-,-,-,3658.4000,3658.2000,3657.0000,3656.2000,3656.0000,3660.0000,3660.2000,3660.4000,3663.6000,3664.6000,1,1,1,1,1,1,2,1,1,4
SF,IF2012,2020-04-21 09:35:25.000,3658.0000,856,0,49401420.000,0,-,-,-,-,3658.4000,3658.2000,3657.0000,3656.2000,3656.0000,3659.8000,3660.0000,3660.2000,3660.4000,3663.6000,1,1,1,1,1,1,1,1,1,1
SF,IF2012,2020-04-21 09:35:26.000,3658.0000,856,0,49401420.000,0,-,-,-,-,3658.4000,3658.2000,3657.0000,3656.2000,3656.0000,3659.8000,3660.0000,3660.2000,3660.4000,3663.6000,1,1,1,1,1,1,1,1,1,1
SF,IF2012,2020-04-21 09:35:26.500,3658.0000,856,0,49401420.000,0,-,-,-,-,3658.4000,3658.2000,3657.0000,3656.2000,3656.0000,3659.8000,3660.0000,3660.4000,3663.6000,3664.6000,1,1,1,1,1,1,1,1,1,4
SF,IF2012,2020-04-21 09:35:27.500,3658.0000,856,0,49401420.000,0,-,-,-,-,3658.4000,3658.2000,3657.0000,3656.2000,3656.0000,3659.8000,3660.0000,3663.6000,3664.6000,3665.2000,1,1,1,1,1,1,1,1,4,1
SF,IF2012,2020-04-21 09:35:30.500,3658.0000,856,0,49401420.000,0,-,-,-,-,3658.4000,3658.2000,3657.0000,3656.2000,3656.0000,3659.8000,3660.0000,3663.6000,3664.6000,3680.6000,1,1,1,1,1,1,1,1,4,1
SF,IF2012,2020-04-21 09:35:31.000,3658.4000,856,0,50498940.000,1,0,1,多换,S,3658.2000,3657.0000,3656.2000,3656.0000,3655.8000,3659.8000,3660.0000,3663.6000,3664.6000,3680.6000,1,1,1,1,1,1,1,1,4,1
SF,IF2012,2020-04-21 09:35:34.000,3659.8000,856,0,51596880.000,1,0,1,多换,S,3657.0000,3656.2000,3656.0000,3655.8000,3655.2000,3660.0000,3663.6000,3664.6000,3680.6000,3693.0000,1,1,1,1,1,1,1,4,1,1
SF,IF2012,2020-04-21 09:35:34.500,3659.8000,856,0,51596880.000,0,-,-,-,-,3657.2000,3657.0000,3656.2000,3656.0000,3655.8000,3659.8000,3663.6000,3664.6000,3680.6000,3693.0000,1,1,1,1,1,1,1,4,1,1
SF,IF2012,2020-04-21 09:35:36.500,3659.8000,856,0,51596880.000,0,-,-,-,-,3657.2000,3656.2000,3656.0000,3655.8000,3655.2000,3659.8000,3663.6000,3664.6000,3680.6000,3693.0000,1,1,1,1,1,1,1,4,1,1
SF,IF2012,2020-04-21 09:35:37.000,3659.8000,856,0,51596880.000,0,-,-,-,-,3657.2000,3656.2000,3656.0000,3655.8000,3655.2000,3659.6000,3659.8000,3663.6000,3664.6000,3680.6000,1,1,1,1,1,1,1,1,4,1
SF,IF2012,2020-04-21 09:35:37.500,3659.8000,856,0,51596880.000,0,-,-,-,-,3657.2000,3656.2000,3656.0000,3655.8000,3655.2000,3659.4000,3659.6000,3663.6000,3664.6000,3680.6000,1,1,1,1,1,1,1,1,4,1
SF,IF2012,2020-04-21 09:35:38.500,3659.8000,856,0,51596880.000,0,-,-,-,-,3657.2000,3656.2000,3656.0000,3655.8000,3655.2000,3659.2000,3659.4000,3663.6000,3664.6000,3680.6000,1,1,1,1,1,1,1,1,4,1
SF,IF2012,2020-04-21 09:35:39.000,3659.8000,856,0,51596880.000,0,-,-,-,-,3657.6000,3657.2000,3656.2000,3656.0000,3655.8000,3659.0000,3659.2000,3663.6000,3664.6000,3680.6000,1,1,1,1,1,1,1,1,4,1
SF,IF2012,2020-04-21 09:35:40.500,3659.8000,856,0,51596880.000,0,-,-,-,-,3657.6000,3657.2000,3656.2000,3655.8000,3655.2000,3659.0000,3659.2000,3663.6000,3664.6000,3680.6000,1,1,1,1,1,1,1,1,4,1
SF,IF2012,2020-04-21 09:35:41.000,3659.8000,856,0,51596880.000,0,-,-,-,-,3657.6000,3657.2000,3655.8000,3655.2000,3655.0000,3659.0000,3659.2000,3663.6000,3664.6000,3680.6000,1,1,1,1,1,1,1,1,4,1
SF,IF2012,2020-04-21 09:35:42.000,3659.8000,856,0,51596880.000,0,-,-,-,-,3657.6000,3657.2000,3655.8000,3655.2000,3655.0000,3659.0000,3663.6000,3664.6000,3680.6000,3693.0000,1,1,1,1,1,1,1,4,1,1
SF,IF2012,2020-04-21 09:35:42.500,3659.8000,856,0,51596880.000,0,-,-,-,-,3657.8000,3657.6000,3655.8000,3655.2000,3655.0000,3663.6000,3664.6000,3680.6000,3693.0000,3758.2000,1,1,1,1,1,1,4,1,1,1
SF,IF2012,2020-04-21 09:35:43.000,3659.8000,856,0,51596880.000,0,-,-,-,-,3657.8000,3657.6000,3655.8000,3655.2000,3655.0000,3660.6000,3663.4000,3663.6000,3664.6000,3680.6000,1,1,1,1,1,1,2,1,4,1
SF,IF2012,2020-04-21 09:35:43.500,3659.8000,856,0,51596880.000,0,-,-,-,-,3657.8000,3657.6000,3655.8000,3655.2000,3655.0000,3660.4000,3660.6000,3663.4000,3663.6000,3664.6000,1,1,1,1,1,1,1,1,1,4
SF,IF2012,2020-04-21 09:35:44.500,3659.8000,856,0,51596880.000,0,-,-,-,-,3657.8000,3657.6000,3655.8000,3655.2000,3655.0000,3660.0000,3660.4000,3660.6000,3663.4000,3663.6000,1,1,1,1,1,1,1,1,1,1
SF,IF2012,2020-04-21 09:35:45.000,3657.8000,856,0,52694220.000,1,0,1,多换,S,3657.6000,3655.8000,3655.2000,3655.0000,3652.8000,3659.8000,3660.0000,3660.6000,3663.6000,3664.6000,1,1,2,1,1,1,1,1,1,4
SF,IF2012,2020-04-21 09:35:45.500,3657.8000,856,0,52694220.000,0,-,-,-,-,3657.8000,3657.6000,3655.8000,3655.2000,3655.0000,3659.8000,3660.0000,3660.6000,3663.6000,3664.6000,1,1,1,2,1,1,1,1,1,4
SF,IF2012,2020-04-21 09:35:46.500,3657.8000,856,0,52694220.000,0,-,-,-,-,3657.8000,3657.6000,3655.8000,3655.2000,3655.0000,3659.8000,3660.6000,3663.6000,3664.6000,3680.6000,1,1,1,2,1,1,1,1,4,1
SF,IF2012,2020-04-21 09:35:47.000,3657.8000,856,0,52694220.000,0,-,-,-,-,3657.8000,3655.8000,3655.2000,3655.0000,3652.8000,3659.8000,3663.6000,3664.6000,3680.6000,3693.0000,1,1,2,1,1,1,1,4,1,1
SF,IF2012,2020-04-21 09:35:47.500,3657.8000,856,0,52694220.000,0,-,-,-,-,3658.0000,3657.8000,3655.8000,3655.2000,3655.0000,3663.6000,3664.6000,3680.6000,3693.0000,3758.2000,1,1,1,2,1,1,4,1,1,1
SF,IF2012,2020-04-21 09:35:48.000,3657.8000,856,0,52694220.000,0,-,-,-,-,3658.2000,3658.0000,3655.8000,3655.2000,3655.0000,3661.2000,3663.4000,3663.6000,3664.6000,3680.6000,1,1,1,2,1,1,1,1,4,1
SF,IF2012,2020-04-21 09:35:48.500,3657.8000,856,0,52694220.000,0,-,-,-,-,3658.6000,3658.2000,3655.8000,3655.2000,3655.0000,3661.0000,3661.2000,3663.6000,3664.6000,3680.6000,1,1,1,2,1,1,1,1,4,1
SF,IF2012,2020-04-21 09:35:49.000,3657.8000,856,0,52694220.000,0,-,-,-,-,3658.8000,3658.6000,3655.8000,3655.2000,3655.0000,3660.8000,3661.0000,3661.2000,3663.6000,3664.6000,1,1,1,2,1,1,1,1,1,4
SF,IF2012,2020-04-21 09:35:49.500,3657.8000,856,0,52694220.000,0,-,-,-,-,3658.8000,3658.6000,3655.8000,3655.2000,3655.0000,3660.6000,3660.8000,3661.2000,3663.6000,3664.6000,1,1,1,2,1,1,1,1,1,4
SF,IF2012,2020-04-21 09:35:50.000,3657.8000,856,0,52694220.000,0,-,-,-,-,3658.8000,3655.8000,3655.2000,3655.0000,3652.8000,3660.6000,3660.8000,3661.2000,3663.6000,3664.6000,1,1,2,1,1,1,1,1,1,4
SF,IF2012,2020-04-21 09:35:52.500,3657.8000,856,0,52694220.000,0,-,-,-,-,3658.8000,3655.8000,3655.2000,3655.0000,3652.8000,3660.2000,3660.6000,3661.2000,3663.6000,3664.6000,1,1,2,1,1,1,1,1,1,4
SF,IF2012,2020-04-21 09:35:53.500,3657.8000,856,0,52694220.000,0,-,-,-,-,3658.8000,3655.8000,3655.2000,3655.0000,3652.8000,3660.6000,3661.2000,3663.6000,3664.6000,3680.6000,1,1,2,1,1,1,1,1,4,1
SF,IF2012,2020-04-21 09:35:54.500,3657.8000,856,0,52694220.000,0,-,-,-,-,3658.8000,3655.8000,3655.2000,3655.0000,3652.8000,3660.6000,3663.6000,3664.6000,3680.6000,3693.0000,1,1,2,1,1,1,1,4,1,1
SF,IF2012,2020-04-21 09:35:55.000,3657.8000,856,0,52694220.000,0,-,-,-,-,3658.8000,3655.8000,3655.2000,3655.0000,3652.8000,3660.2000,3660.6000,3663.6000,3664.6000,3680.6000,1,1,2,1,1,1,1,1,4,1
SF,IF2012,2020-04-21 09:35:58.000,3657.8000,856,0,52694220.000,0,-,-,-,-,3658.8000,3655.8000,3655.2000,3655.0000,3652.8000,3660.6000,3663.6000,3664.6000,3680.6000,3693.0000,1,1,2,1,1,1,1,4,1,1
SF,IF2012,2020-04-21 09:36:01.000,3658.8000,856,0,53791860.000,1,0,1,多换,S,3655.8000,3655.2000,3655.0000,3652.8000,3651.4000,3660.6000,3663.6000,3664.6000,3680.6000,3693.0000,1,2,1,1,5,1,1,4,1,1
SF,IF2012,2020-04-21 09:36:01.500,3658.8000,856,0,53791860.000,0,-,-,-,-,3657.2000,3656.0000,3655.8000,3655.2000,3655.0000,3660.6000,3663.6000,3664.6000,3680.6000,3693.0000,1,1,1,2,1,1,1,4,1,1
SF,IF2012,2020-04-21 09:36:02.000,3660.0000,856,0,54889860.000,1,0,1,多换,S,3657.4000,3655.8000,3655.2000,3655.0000,3652.8000,3660.4000,3660.6000,3663.6000,3664.6000,3680.6000,1,1,2,1,1,1,1,1,4,1
SF,IF2012,2020-04-21 09:36:02.500,3660.0000,856,0,54889860.000,0,-,-,-,-,3657.4000,3656.6000,3655.8000,3655.2000,3655.0000,3660.2000,3660.4000,3663.6000,3664.6000,3680.6000,1,1,1,2,1,1,1,1,4,1
SF,IF2012,2020-04-21 09:36:03.500,3660.0000,856,0,54889860.000,0,-,-,-,-,3657.4000,3656.6000,3655.8000,3655.2000,3655.0000,3659.8000,3660.2000,3660.4000,3663.6000,3664.6000,1,1,1,2,1,1,1,1,1,4
SF,IF2012,2020-04-21 09:36:04.000,3660.0000,856,0,54889860.000,0,-,-,-,-,3657.4000,3656.6000,3655.8000,3655.2000,3655.0000,3659.6000,3659.8000,3660.4000,3663.6000,3664.6000,1,1,1,2,1,1,2,1,1,4
SF,IF2012,2020-04-21 09:36:04.500,3660.0000,856,0,54889860.000,0,-,-,-,-,3657.4000,3656.6000,3655.8000,3655.2000,3655.0000,3659.6000,3659.8000,3663.6000,3664.6000,3680.6000,1,1,1,2,1,1,1,1,4,1
SF,IF2012,2020-04-21 09:36:05.000,3660.0000,856,0,54889860.000,0,-,-,-,-,3657.4000,3656.6000,3655.8000,3655.2000,3655.0000,3659.6000,3663.6000,3664.6000,3680.6000,3693.0000,1,1,1,2,1,1,1,4,1,1
SF,IF2012,2020-04-21 09:36:06.000,3660.0000,856,0,54889860.000,0,-,-,-,-,3657.4000,3656.6000,3655.8000,3655.2000,3655.0000,3659.4000,3659.6000,3663.6000,3664.6000,3680.6000,1,1,1,2,1,1,1,1,4,1
SF,IF2012,2020-04-21 09:36:06.500,3660.0000,856,0,54889860.000,0,-,-,-,-,3657.4000,3656.6000,3655.8000,3655.2000,3655.0000,3659.2000,3659.4000,3663.6000,3664.6000,3680.6000,1,1,1,2,1,1,2,1,4,1
SF,IF2012,2020-04-21 09:36:08.000,3660.0000,856,0,54889860.000,0,-,-,-,-,3657.4000,3656.6000,3655.8000,3655.2000,3655.0000,3659.2000,3659.4000,3663.6000,3664.6000,3680.6000,1,1,1,2,1,1,1,1,4,1
SF,IF2012,2020-04-21 09:36:09.500,3660.0000,856,0,54889860.000,0,-,-,-,-,3657.4000,3656.6000,3655.8000,3655.2000,3655.0000,3659.2000,3663.6000,3664.6000,3680.6000,3693.0000,1,1,1,2,1,1,1,4,1,1
SF,IF2012,2020-04-21 09:36:11.000,3660.0000,856,0,54889860.000,0,-,-,-,-,3657.4000,3656.6000,3655.8000,3655.2000,3655.0000,3659.0000,3659.2000,3663.6000,3664.6000,3680.6000,1,1,1,2,1,1,1,1,4,1
SF,IF2012,2020-04-21 09:36:11.500,3660.0000,856,0,54889860.000,0,-,-,-,-,3656.6000,3655.8000,3655.2000,3655.0000,3652.8000,3658.8000,3659.0000,3663.6000,3664.6000,3680.6000,1,1,2,1,1,1,1,1,4,1
SF,IF2012,2020-04-21 09:36:12.000,3660.0000,856,0,54889860.000,0,-,-,-,-,3656.8000,3656.6000,3655.8000,3655.2000,3655.0000,3658.8000,3659.0000,3663.6000,3664.6000,3680.6000,1,1,1,2,1,1,1,1,4,1
SF,IF2012,2020-04-21 09:36:13.000,3659.0000,856,0,55987560.000,1,0,1,多换,S,3656.8000,3656.6000,3655.8000,3655.2000,3655.0000,3659.0000,3663.6000,3664.6000,3680.6000,3693.0000,1,1,1,2,1,1,1,4,1,1
SF,IF2012,2020-04-21 09:36:13.500,3659.0000,856,0,55987560.000,0,-,-,-,-,3656.8000,3656.6000,3655.8000,3655.2000,3655.0000,3658.8000,3663.6000,3664.6000,3680.6000,3693.0000,1,1,1,2,1,1,1,4,1,1
SF,IF2012,2020-04-21 09:36:19.000,3659.0000,856,0,55987560.000,0,-,-,-,-,3656.8000,3656.6000,3655.8000,3655.2000,3655.0000,3658.8000,3663.6000,3664.6000,3680.6000,3693.0000,1,1,1,2,1,1,1,4,1,1
SF,IF2012,2020-04-21 09:36:19.500,3659.0000,856,0,55987560.000,0,-,-,-,-,3656.8000,3656.6000,3655.8000,3655.2000,3655.0000,3663.6000,3664.6000,3680.6000,3693.0000,3758.2000,1,1,1,2,1,1,4,1,1,1
SF,IF2012,2020-04-21 09:36:20.000,3659.0000,856,0,55987560.000,0,-,-,-,-,3656.8000,3656.6000,3655.8000,3655.2000,3655.0000,3660.8000,3663.4000,3663.6000,3664.6000,3680.6000,1,1,1,2,1,1,2,1,4,1
SF,IF2012,2020-04-21 09:36:20.500,3659.0000,856,0,55987560.000,0,-,-,-,-,3656.8000,3656.6000,3655.8000,3655.2000,3655.0000,3660.6000,3660.8000,3663.4000,3663.6000,3664.6000,1,1,1,2,1,1,1,1,1,4
SF,IF2012,2020-04-21 09:36:21.000,3656.8000,856,0,57084600.000,1,0,1,多换,S,3656.6000,3655.8000,3655.2000,3655.0000,3652.8000,3659.8000,3660.4000,3660.6000,3660.8000,3663.4000,1,1,2,1,1,1,1,1,1,1
SF,IF2012,2020-04-21 09:36:21.500,3656.8000,856,0,57084600.000,0,-,-,-,-,3656.8000,3656.6000,3655.8000,3655.2000,3655.0000,3659.6000,3659.8000,3660.4000,3660.8000,3664.6000,1,1,1,2,1,1,1,1,1,4
SF,IF2012,2020-04-21 09:36:22.000,3656.8000,856,0,57084600.000,0,-,-,-,-,3656.8000,3655.8000,3655.2000,3655.0000,3652.8000,3659.6000,3659.8000,3660.4000,3664.6000,3680.6000,1,1,2,1,1,1,1,1,4,1
SF,IF2012,2020-04-21 09:36:22.500,3656.8000,856,0,57084600.000,0,-,-,-,-,3657.2000,3657.0000,3656.8000,3655.8000,3655.2000,3659.6000,3660.4000,3664.6000,3680.6000,3693.0000,1,2,1,1,2,1,1,4,1,1
SF,IF2012,2020-04-21 09:36:23.000,3656.8000,856,0,57084600.000,0,-,-,-,-,3657.4000,3657.2000,3657.0000,3655.8000,3655.2000,3659.6000,3660.4000,3664.6000,3680.6000,3693.0000,1,1,2,1,2,1,1,4,1,1
SF,IF2012,2020-04-21 09:36:23.500,3656.8000,856,0,57084600.000,0,-,-,-,-,3657.6000,3657.4000,3655.8000,3655.2000,3655.0000,3659.6000,3660.4000,3664.6000,3680.6000,3693.0000,1,2,1,2,1,1,1,4,1,1
SF,IF2012,2020-04-21 09:36:24.000,3656.8000,856,0,57084600.000,0,-,-,-,-,3657.8000,3657.6000,3655.8000,3655.2000,3655.0000,3659.6000,3660.4000,3664.6000,3680.6000,3693.0000,2,1,1,2,1,1,1,4,1,1
SF,IF2012,2020-04-21 09:36:24.500,3659.6000,856,0,58182480.000,1,0,1,多换,S,3657.8000,3657.6000,3655.8000,3655.2000,3655.0000,3660.4000,3664.6000,3680.6000,3693.0000,3758.2000,1,1,1,2,1,1,4,1,1,1
SF,IF2012,2020-04-21 09:36:25.000,3659.6000,856,0,58182480.000,0,-,-,-,-,3657.8000,3657.6000,3655.8000,3655.2000,3655.0000,3660.2000,3664.6000,3680.6000,3693.0000,3758.2000,1,1,1,2,1,1,4,1,1,1
SF,IF2012,2020-04-21 09:36:25.500,3659.6000,856,0,58182480.000,0,-,-,-,-,3657.8000,3655.8000,3655.2000,3655.0000,3652.8000,3660.2000,3664.6000,3680.6000,3693.0000,3758.2000,1,1,2,1,1,1,4,1,1,1
SF,IF2012,2020-04-21 09:36:26.000,3659.6000,856,0,58182480.000,0,-,-,-,-,3657.8000,3655.8000,3655.2000,3655.0000,3652.8000,3659.6000,3660.0000,3660.2000,3664.6000,3680.6000,1,1,2,1,1,1,2,1,4,1
SF,IF2012,2020-04-21 09:36:26.500,3659.6000,856,0,58182480.000,0,-,-,-,-,3657.8000,3655.8000,3655.2000,3655.0000,3652.8000,3659.4000,3659.6000,3660.0000,3664.6000,3680.6000,1,1,2,1,1,1,1,2,4,1
SF,IF2012,2020-04-21 09:36:27.000,3659.6000,856,0,58182480.000,0,-,-,-,-,3658.0000,3657.8000,3655.8000,3655.2000,3655.0000,3659.4000,3659.6000,3660.0000,3660.2000,3664.6000,1,1,1,2,1,1,1,2,2,4
SF,IF2012,2020-04-21 09:36:28.000,3659.6000,856,0,58182480.000,0,-,-,-,-,3657.8000,3655.8000,3655.2000,3655.0000,3652.8000,3659.4000,3659.6000,3660.0000,3660.2000,3664.6000,1,1,2,1,1,1,1,2,2,4
SF,IF2012,2020-04-21 09:36:28.500,3659.6000,856,0,58182480.000,0,-,-,-,-,3657.8000,3655.8000,3655.2000,3655.0000,3652.8000,3659.4000,3659.6000,3660.0000,3660.2000,3664.6000,1,1,2,1,1,1,1,1,2,4
SF,IF2012,2020-04-21 09:36:29.500,3659.6000,856,0,58182480.000,0,-,-,-,-,3657.8000,3655.8000,3655.2000,3655.0000,3652.8000,3659.4000,3660.0000,3660.2000,3664.6000,3680.6000,1,1,2,1,1,1,1,2,4,1
SF,IF2012,2020-04-21 09:36:30.500,3659.6000,856,0,58182480.000,0,-,-,-,-,3657.8000,3655.8000,3655.2000,3655.0000,3652.8000,3659.4000,3660.0000,3664.6000,3680.6000,3693.0000,1,1,2,1,1,1,1,4,1,1
SF,IF2012,2020-04-21 09:36:31.000,3657.8000,856,0,59279820.000,1,0,1,多换,S,3655.8000,3655.2000,3655.0000,3652.8000,3651.4000,3659.4000,3660.0000,3664.6000,3680.6000,3693.0000,1,2,1,1,5,1,1,4,1,1
SF,IF2012,2020-04-21 09:36:31.500,3657.8000,856,0,59279820.000,0,-,-,-,-,3657.2000,3656.0000,3655.8000,3655.2000,3655.0000,3659.4000,3660.0000,3664.6000,3680.6000,3693.0000,1,1,1,2,1,1,1,4,1,1
SF,IF2012,2020-04-21 09:36:32.000,3657.8000,856,0,59279820.000,0,-,-,-,-,3657.4000,3657.2000,3655.8000,3655.2000,3655.0000,3659.4000,3664.6000,3680.6000,3693.0000,3758.2000,1,1,1,1,1,1,4,1,1,1
SF,IF2012,2020-04-21 09:36:32.500,3657.8000,856,0,59279820.000,0,-,-,-,-,3657.8000,3657.4000,3655.8000,3655.2000,3655.0000,3664.6000,3680.6000,3693.0000,3758.2000,3774.4000,1,2,1,1,1,4,1,1,1,1
SF,IF2012,2020-04-21 09:36:33.000,3657.8000,856,0,59279820.000,0,-,-,-,-,3658.0000,3657.8000,3657.6000,3657.4000,3655.8000,3661.8000,3664.4000,3664.6000,3680.6000,3693.0000,1,1,1,1,1,1,3,4,1,1
SF,IF2012,2020-04-21 09:36:33.500,3657.8000,856,0,59279820.000,0,-,-,-,-,3658.4000,3658.0000,3657.8000,3655.8000,3655.2000,3661.6000,3661.8000,3664.4000,3664.6000,3680.6000,1,1,1,1,1,1,1,2,4,1
SF,IF2012,2020-04-21 09:36:34.000,3657.8000,856,0,59279820.000,0,-,-,-,-,3658.6000,3658.4000,3657.8000,3655.8000,3655.2000,3660.6000,3661.6000,3661.8000,3664.4000,3664.6000,1,1,1,1,1,1,1,1,1,4
SF,IF2012,2020-04-21 09:36:34.500,3657.8000,856,0,59279820.000,0,-,-,-,-,3658.6000,3658.4000,3657.8000,3655.8000,3655.2000,3660.4000,3660.6000,3661.2000,3661.8000,3664.4000,1,1,1,1,1,1,1,1,1,1
SF,IF2012,2020-04-21 09:36:35.000,3657.8000,856,0,59279820.000,0,-,-,-,-,3658.6000,3657.8000,3655.8000,3655.2000,3655.0000,3660.4000,3660.6000,3661.2000,3661.8000,3664.4000,1,1,1,1,1,1,1,1,1,1
SF,IF2012,2020-04-21 09:36:35.500,3657.8000,856,0,59279820.000,0,-,-,-,-,3657.8000,3655.8000,3655.2000,3655.0000,3652.8000,3660.2000,3660.4000,3661.2000,3661.8000,3664.4000,1,1,1,1,1,1,1,1,1,1
SF,IF2012,2020-04-21 09:36:36.000,3657.8000,856,0,59279820.000,0,-,-,-,-,3658.0000,3657.8000,3655.8000,3655.2000,3655.0000,3660.0000,3660.2000,3661.2000,3661.8000,3664.4000,1,1,1,1,1,1,1,1,1,1
SF,IF2012,2020-04-21 09:36:37.000,3657.8000,856,0,59279820.000,0,-,-,-,-,3658.0000,3657.8000,3655.8000,3655.2000,3655.0000,3659.8000,3660.0000,3661.8000,3664.4000,3664.6000,1,1,1,1,1,2,1,1,1,4
SF,IF2012,2020-04-21 09:36:37.500,3657.8000,856,0,59279820.000,0,-,-,-,-,3658.0000,3657.8000,3655.8000,3655.2000,3655.0000,3659.6000,3659.8000,3661.8000,3664.4000,3664.6000,1,1,1,1,1,1,2,1,1,4
SF,IF2012,2020-04-21 09:36:38.000,3657.8000,856,0,59279820.000,0,-,-,-,-,3658.0000,3655.8000,3655.2000,3655.0000,3652.8000,3659.6000,3659.8000,3661.8000,3664.4000,3664.6000,1,1,1,1,1,1,2,1,1,4
SF,IF2012,2020-04-21 09:36:38.500,3657.8000,856,0,59279820.000,0,-,-,-,-,3658.2000,3658.0000,3655.8000,3655.2000,3655.0000,3659.6000,3659.8000,3664.4000,3664.6000,3680.6000,1,1,1,1,1,1,1,1,4,1
SF,IF2012,2020-04-21 09:36:39.000,3657.8000,856,0,59279820.000,0,-,-,-,-,3658.2000,3658.0000,3655.8000,3655.2000,3655.0000,3659.6000,3664.4000,3664.6000,3680.6000,3693.0000,2,1,1,1,1,1,1,4,1,1
SF,IF2012,2020-04-21 09:36:39.500,3659.6000,856,0,60377700.000,1,0,1,多换,S,3658.4000,3658.2000,3655.8000,3655.2000,3655.0000,3664.4000,3664.6000,3680.6000,3693.0000,3758.2000,1,2,1,1,1,1,4,1,1,1
SF,IF2012,2020-04-21 09:36:40.000,3659.6000,856,0,60377700.000,0,-,-,-,-,3658.4000,3658.2000,3655.8000,3655.2000,3655.0000,3662.2000,3664.2000,3664.4000,3664.6000,3680.6000,1,1,1,1,1,1,2,1,4,1
SF,IF2012,2020-04-21 09:36:40.500,3659.6000,856,0,60377700.000,0,-,-,-,-,3658.4000,3658.2000,3655.8000,3655.2000,3655.0000,3660.8000,3662.0000,3662.2000,3664.2000,3664.6000,1,1,1,1,1,1,2,1,1,4
SF,IF2012,2020-04-21 09:36:41.000,3659.6000,856,0,60377700.000,0,-,-,-,-,3658.4000,3658.2000,3655.8000,3655.2000,3655.0000,3660.6000,3660.8000,3662.0000,3662.2000,3664.6000,2,1,1,1,1,1,1,1,1,4
SF,IF2012,2020-04-21 09:36:42.500,3659.6000,856,0,60377700.000,0,-,-,-,-,3658.4000,3658.2000,3655.8000,3655.2000,3655.0000,3660.4000,3660.6000,3662.0000,3662.2000,3664.6000,2,1,1,1,1,1,1,1,1,4
SF,IF2012,2020-04-21 09:36:43.000,3659.6000,856,0,60377700.000,0,-,-,-,-,3658.4000,3658.2000,3655.8000,3655.2000,3655.0000,3660.2000,3660.4000,3662.0000,3662.2000,3664.6000,2,1,1,1,1,1,1,1,1,4
SF,IF2012,2020-04-21 09:36:43.500,3659.6000,856,0,60377700.000,0,-,-,-,-,3658.4000,3658.2000,3655.8000,3655.2000,3655.0000,3660.2000,3662.0000,3664.6000,3680.6000,3693.0000,2,1,1,1,1,1,1,4,1,1
SF,IF2012,2020-04-21 09:36:44.000,3659.6000,856,0,60377700.000,0,-,-,-,-,3658.6000,3658.4000,3655.8000,3655.2000,3655.0000,3662.0000,3664.6000,3680.6000,3693.0000,3758.2000,1,2,1,1,1,1,4,1,1,1
SF,IF2012,2020-04-21 09:36:44.500,3659.6000,856,0,60377700.000,0,-,-,-,-,3659.4000,3658.8000,3658.6000,3655.8000,3655.2000,3661.8000,3664.6000,3680.6000,3693.0000,3758.2000,1,1,2,1,1,1,4,1,1,1
SF,IF2012,2020-04-21 09:36:45.000,3659.6000,856,0,61475580.000,1,0,1,多换,S,3659.4000,3658.6000,3655.8000,3655.2000,3655.0000,3661.8000,3664.6000,3680.6000,3693.0000,3758.2000,1,1,1,1,1,1,4,1,1,1
SF,IF2012,2020-04-21 09:36:45.500,3659.6000,856,0,61475580.000,0,-,-,-,-,3659.6000,3659.4000,3658.6000,3655.8000,3655.2000,3661.6000,3661.8000,3664.6000,3680.6000,3693.0000,1,1,1,1,1,1,1,4,1,1
SF,IF2012,2020-04-21 09:36:46.000,3659.6000,856,0,61475580.000,0,-,-,-,-,3659.4000,3658.6000,3655.8000,3655.2000,3655.0000,3661.4000,3661.6000,3664.6000,3680.6000,3693.0000,1,1,1,1,1,1,1,4,1,1
SF,IF2012,2020-04-21 09:36:47.000,3659.6000,856,0,61475580.000,0,-,-,-,-,3659.4000,3655.8000,3655.2000,3655.0000,3652.8000,3661.2000,3661.4000,3664.6000,3680.6000,3693.0000,1,1,1,1,1,1,1,4,1,1
SF,IF2012,2020-04-21 09:36:47.500,3659.6000,856,0,61475580.000,0,-,-,-,-,3659.4000,3655.8000,3655.2000,3655.0000,3652.8000,3661.0000,3661.2000,3664.6000,3680.6000,3693.0000,1,1,1,1,1,1,1,4,1,1
SF,IF2012,2020-04-21 09:36:48.000,3659.6000,856,0,61475580.000,0,-,-,-,-,3659.6000,3659.4000,3655.8000,3655.2000,3655.0000,3661.0000,3661.2000,3664.6000,3680.6000,3693.0000,1,1,1,1,1,1,1,4,1,1
SF,IF2012,2020-04-21 09:36:48.500,3659.6000,856,0,61475580.000,0,-,-,-,-,3659.6000,3659.4000,3655.8000,3655.2000,3655.0000,3661.0000,3661.2000,3664.6000,3680.6000,3693.0000,1,1,1,1,1,1,1,4,1,1
SF,IF2012,2020-04-21 09:36:50.500,3661.0000,856,0,62573880.000,1,0,1,多换,S,3659.6000,3659.4000,3655.8000,3655.2000,3655.0000,3661.2000,3664.6000,3680.6000,3693.0000,3758.2000,1,1,1,1,1,1,4,1,1,1
SF,IF2012,2020-04-21 09:36:51.000,3661.0000,856,0,62573880.000,0,-,-,-,-,3659.6000,3659.4000,3655.8000,3655.2000,3655.0000,3664.6000,3680.6000,3693.0000,3758.2000,3774.4000,1,1,1,1,1,4,1,1,1,1
SF,IF2012,2020-04-21 09:36:51.500,3661.0000,856,0,62573880.000,0,-,-,-,-,3659.6000,3659.4000,3655.8000,3655.2000,3655.0000,3663.4000,3664.4000,3664.6000,3680.6000,3693.0000,1,1,1,1,1,1,2,4,1,1
SF,IF2012,2020-04-21 09:36:52.000,3661.0000,856,0,62573880.000,0,-,-,-,-,3659.6000,3659.4000,3655.8000,3655.2000,3655.0000,3662.0000,3663.0000,3663.2000,3663.4000,3664.6000,1,1,1,1,1,1,1,3,1,4
SF,IF2012,2020-04-21 09:36:52.500,3661.0000,856,0,62573880.000,0,-,-,-,-,3659.6000,3655.8000,3655.2000,3655.0000,3652.8000,3661.8000,3662.0000,3663.0000,3663.2000,3663.4000,1,1,1,1,1,1,1,1,2,1
SF,IF2012,2020-04-21 09:36:53.000,3661.0000,856,0,62573880.000,0,-,-,-,-,3659.8000,3659.6000,3655.8000,3655.2000,3655.0000,3661.8000,3662.0000,3663.0000,3663.2000,3663.4000,2,1,1,1,1,1,2,1,1,1
SF,IF2012,2020-04-21 09:36:53.500,3661.0000,856,0,62573880.000,0,-,-,-,-,3660.0000,3659.8000,3655.8000,3655.2000,3655.0000,3661.6000,3661.8000,3662.0000,3663.0000,3663.2000,1,2,1,1,1,1,1,1,1,1
SF,IF2012,2020-04-21 09:36:54.000,3661.0000,856,0,62573880.000,0,-,-,-,-,3660.0000,3659.8000,3655.8000,3655.2000,3655.0000,3661.4000,3661.6000,3662.0000,3663.0000,3663.2000,1,2,1,1,1,1,1,1,1,1
SF,IF2012,2020-04-21 09:36:54.500,3661.0000,856,0,62573880.000,0,-,-,-,-,3660.0000,3659.8000,3655.8000,3655.2000,3655.0000,3661.4000,3661.6000,3662.0000,3663.0000,3663.2000,1,2,1,1,1,1,1,1,1,1
SF,IF2012,2020-04-21 09:36:59.000,3661.0000,856,0,62573880.000,0,-,-,-,-,3660.2000,3660.0000,3659.8000,3655.8000,3655.2000,3661.4000,3661.6000,3662.0000,3663.0000,3663.2000,1,1,2,1,1,1,1,1,1,1
SF,IF2012,2020-04-21 09:37:00.000,3661.4000,856,0,63672300.000,1,0,1,多换,S,3660.2000,3660.0000,3659.8000,3655.8000,3655.2000,3662.0000,3663.0000,3663.2000,3663.4000,3669.4000,1,1,2,1,1,1,1,1,1,4
SF,IF2012,2020-04-21 09:37:00.500,3660.2000,857,1,64770360.000,1,1,0,双开,S,3660.0000,3659.8000,3655.8000,3655.2000,3655.0000,3661.2000,3661.8000,3662.0000,3663.0000,3663.2000,1,1,1,1,1,1,1,1,1,1
SF,IF2012,2020-04-21 09:37:01.000,3660.2000,857,0,64770360.000,0,-,-,-,-,3660.0000,3659.8000,3655.8000,3655.2000,3655.0000,3660.2000,3661.2000,3661.8000,3662.0000,3663.0000,1,1,1,1,1,1,1,1,1,1
SF,IF2012,2020-04-21 09:37:01.500,3660.0000,858,1,66966420.000,2,1,1,空开,S,3655.8000,3655.2000,3655.0000,3652.8000,3651.4000,3661.2000,3661.8000,3662.0000,3663.0000,3663.2000,1,1,1,1,5,1,1,1,1,1
