市场代码,合约代码,时间,最新,持仓,增仓,成交额,成交量,开仓,平仓,成交类型,方向,买一价,买二价,买三价,买四价,买五价,卖一价,卖二价,卖三价,卖四价,卖五价,买一量,买二量,买三量,买四量,买五量,卖一量,卖二量,卖三量,卖四量,卖五量
SF,IF2002,2019-12-26 09:29:00.100,4009.0000,913,0,0.000,0.000,-,-,-,-,4003.0000,4001.6000,4001.4000,4001.2000,4000.8000,4008.0000,4011.4000,4015.2000,4017.6000,4018.6000,1,1,3,3,1,1,1,1,3,1
SF,IF2002,2019-12-26 09:30:00.100,4008.4000,913,0,1202520.000,1,0,1,多换,S,4008.2000,4006.8000,4004.6000,4003.2000,4003.0000,4011.4000,4017.6000,4018.6000,4018.8000,4019.6000,3,1,1,2,1,1,3,1,1,1
SF,IF2002,2019-12-26 09:30:00.600,4008.4000,913,0,1202520.000,0,-,-,-,-,4008.4000,4008.2000,4008.0000,4006.8000,4004.6000,4011.2000,4011.4000,4018.6000,4018.8000,4027.6000,3,3,1,1,1,1,1,1,1,2
SF,IF2002,2019-12-26 09:30:01.100,4008.4000,913,0,1202520.000,0,-,-,-,-,4008.4000,4008.2000,4008.0000,4006.8000,4004.6000,4011.4000,4018.6000,4018.8000,4027.6000,4033.2000,3,3,1,1,1,1,1,1,2,1
SF,IF2002,2019-12-26 09:30:01.600,4008.4000,913,0,1202520.000,0,-,-,-,-,4009.6000,4008.8000,4008.6000,4008.4000,4008.2000,4011.2000,4011.4000,4018.6000,4018.8000,4020.0000,1,1,1,3,3,1,1,1,1,5
SF,IF2002,2019-12-26 09:30:02.100,4009.6000,912,-1,2405400.000,1,0,1,双平,S,4009.6000,4008.8000,4008.6000,4008.4000,4008.0000,4011.0000,4011.2000,4011.4000,4018.6000,4018.8000,1,1,1,3,1,1,1,1,1,1
SF,IF2002,2019-12-26 09:30:02.600,4009.6000,912,0,2405400.000,0,-,-,-,-,4009.8000,4008.4000,4008.0000,4005.0000,4003.2000,4010.8000,4011.0000,4011.4000,4018.6000,4018.8000,1,2,1,5,2,1,1,1,1,1
SF,IF2002,2019-12-26 09:30:03.100,4009.6000,912,0,2405400.000,0,-,-,-,-,4009.8000,4009.6000,4008.4000,4008.0000,4005.0000,4010.6000,4011.4000,4018.6000,4018.8000,4020.0000,2,1,2,1,5,1,1,1,1,5
SF,IF2002,2019-12-26 09:30:03.600,4009.6000,912,0,2405400.000,0,-,-,-,-,4009.8000,4008.4000,4005.0000,4001.6000,3996.2000,4010.6000,4018.6000,4018.8000,4020.0000,4027.6000,2,2,5,1,1,1,1,1,5,2
SF,IF2002,2019-12-26 09:30:05.600,4010.6000,912,0,3608580.000,1,0,1,多换,S,4009.8000,4009.6000,4008.4000,4005.0000,4001.6000,4018.6000,4018.8000,4020.0000,4027.6000,4033.2000,2,1,2,5,1,1,1,5,2,1
SF,IF2002,2019-12-26 09:30:06.100,4010.6000,912,0,3608580.000,0,-,-,-,-,4010.0000,4009.8000,4009.6000,4008.4000,4005.0000,4012.6000,4015.2000,4018.4000,4018.6000,4018.8000,1,2,1,2,5,1,1,4,1,1
SF,IF2002,2019-12-26 09:30:06.600,4010.6000,912,0,3608580.000,0,-,-,-,-,4009.8000,4008.4000,4005.0000,4001.6000,3996.2000,4012.4000,4012.6000,4015.2000,4018.4000,4018.6000,2,2,5,1,1,1,1,1,3,1
SF,IF2002,2019-12-26 09:30:07.100,4010.6000,912,0,3608580.000,0,-,-,-,-,4009.8000,4008.4000,4005.0000,4001.6000,3996.2000,4012.4000,4012.6000,4015.2000,4018.4000,4018.6000,2,2,5,1,1,1,1,1,3,1
SF,IF2002,2019-12-26 09:30:07.600,4010.6000,912,0,3608580.000,0,-,-,-,-,4010.0000,4009.8000,4008.4000,4005.0000,4001.6000,4012.4000,4012.6000,4015.2000,4018.4000,4018.6000,2,1,2,5,1,1,1,1,3,1
SF,IF2002,2019-12-26 09:30:08.600,4010.6000,912,0,3608580.000,0,-,-,-,-,4010.0000,4008.4000,4005.0000,4001.6000,3996.2000,4012.4000,4012.6000,4015.2000,4018.4000,4018.6000,1,2,5,1,1,1,1,1,3,1
SF,IF2002,2019-12-26 09:30:09.100,4010.6000,912,0,3608580.000,0,-,-,-,-,4008.4000,4005.0000,4001.6000,3996.2000,3994.8000,4012.4000,4012.6000,4015.2000,4018.4000,4018.6000,2,5,1,1,1,1,1,1,3,1
SF,IF2002,2019-12-26 09:30:09.600,4010.6000,912,0,3608580.000,0,-,-,-,-,4008.6000,4008.4000,4005.0000,4001.6000,3996.2000,4012.4000,4012.6000,4015.2000,4018.4000,4018.6000,2,2,5,1,1,1,1,1,3,1
SF,IF2002,2019-12-26 09:30:10.100,4010.6000,912,0,3608580.000,0,-,-,-,-,4008.8000,4008.6000,4008.4000,4005.0000,4001.6000,4012.4000,4012.6000,4015.2000,4018.4000,4018.6000,1,2,2,5,1,1,1,1,3,1
SF,IF2002,2019-12-26 09:30:10.600,4010.6000,912,0,3608580.000,0,-,-,-,-,4009.0000,4008.8000,4008.6000,4008.4000,4005.0000,4012.4000,4012.6000,4018.4000,4018.6000,4020.0000,2,1,1,2,5,2,1,3,1,5
SF,IF2002,2019-12-26 09:30:11.100,4010.6000,912,0,3608580.000,0,-,-,-,-,4009.4000,4009.2000,4009.0000,4008.8000,4008.6000,4012.4000,4012.6000,4018.4000,4018.6000,4020.0000,1,1,2,1,1,2,1,3,1,5
SF,IF2002,2019-12-26 09:30:11.600,4010.6000,912,0,3608580.000,0,-,-,-,-,4009.6000,4009.2000,4008.8000,4008.6000,4008.4000,4012.2000,4012.4000,4012.6000,4018.4000,4018.6000,1,1,1,1,2,1,2,1,3,1
SF,IF2002,2019-12-26 09:30:12.100,4010.6000,912,0,3608580.000,0,-,-,-,-,4009.8000,4009.6000,4009.2000,4008.8000,4008.6000,4012.0000,4012.2000,4012.4000,4012.6000,4018.4000,1,1,1,1,1,1,1,1,1,3
SF,IF2002,2019-12-26 09:30:13.100,4010.6000,912,0,3608580.000,0,-,-,-,-,4009.8000,4009.6000,4009.2000,4008.6000,4008.4000,4011.8000,4012.0000,4012.2000,4012.4000,4012.6000,1,1,1,1,2,1,1,1,1,1
SF,IF2002,2019-12-26 09:30:13.600,4010.6000,912,0,3608580.000,0,-,-,-,-,4009.8000,4009.6000,4008.6000,4008.4000,4005.0000,4011.6000,4011.8000,4012.4000,4012.6000,4018.4000,1,1,1,2,5,1,1,1,1,3
SF,IF2002,2019-12-26 09:30:14.100,4010.6000,912,0,3608580.000,0,-,-,-,-,4009.8000,4009.6000,4008.6000,4008.4000,4005.0000,4011.6000,4012.4000,4012.6000,4018.4000,4018.6000,1,1,1,2,5,1,1,1,3,1
SF,IF2002,2019-12-26 09:30:14.600,4010.6000,912,0,3608580.000,0,-,-,-,-,4010.0000,4009.8000,4008.6000,4008.4000,4005.0000,4011.6000,4012.6000,4018.4000,4018.6000,4020.0000,1,1,1,2,5,1,1,3,1,5
SF,IF2002,2019-12-26 09:30:15.100,4010.6000,912,0,3608580.000,0,-,-,-,-,4010.2000,4010.0000,4009.8000,4008.6000,4008.4000,4011.6000,4012.6000,4018.4000,4018.6000,4020.0000,1,1,1,1,2,1,1,3,1,5
SF,IF2002,2019-12-26 09:30:15.600,4010.6000,912,0,3608580.000,0,-,-,-,-,4010.2000,4010.0000,4009.8000,4008.6000,4008.4000,4011.6000,4012.6000,4018.4000,4020.0000,4026.0000,1,1,1,1,2,1,1,3,5,1
SF,IF2002,2019-12-26 09:30:16.100,4010.6000,912,0,3608580.000,0,-,-,-,-,4010.2000,4010.0000,4009.8000,4008.6000,4008.4000,4011.6000,4012.6000,4018.4000,4020.0000,4026.0000,1,1,1,1,2,1,1,3,5,1
SF,IF2002,2019-12-26 09:30:17.100,4010.6000,912,0,3608580.000,0,-,-,-,-,4010.2000,4010.0000,4009.8000,4008.6000,4008.4000,4011.6000,4012.6000,4018.4000,4020.0000,4026.0000,1,1,1,1,2,1,1,3,5,1
SF,IF2002,2019-12-26 09:30:22.600,4010.6000,912,0,3608580.000,0,-,-,-,-,4010.2000,4010.0000,4009.8000,4008.6000,4008.4000,4011.6000,4012.6000,4018.4000,4020.0000,4026.0000,1,1,1,1,2,1,1,3,5,1
SF,IF2002,2019-12-26 09:30:24.100,4010.6000,912,0,3608580.000,0,-,-,-,-,4010.0000,4009.8000,4008.6000,4008.4000,4008.0000,4011.4000,4011.6000,4012.6000,4018.4000,4020.0000,1,1,1,2,1,1,1,1,3,5
SF,IF2002,2019-12-26 09:30:24.600,4010.6000,912,0,3608580.000,0,-,-,-,-,4008.6000,4008.4000,4008.0000,3992.0000,3991.0000,4011.4000,4011.6000,4012.6000,4018.4000,4020.0000,1,2,1,1,1,1,1,1,3,5
SF,IF2002,2019-12-26 09:30:25.100,4010.6000,912,0,3608580.000,0,-,-,-,-,4008.8000,4008.6000,4008.4000,4008.0000,3992.0000,4011.2000,4011.4000,4012.6000,4018.4000,4020.0000,2,1,2,1,1,1,1,1,3,5
SF,IF2002,2019-12-26 09:30:25.600,4010.6000,912,0,3608580.000,0,-,-,-,-,4009.0000,4008.8000,4008.6000,4008.4000,4008.0000,4011.2000,4012.6000,4018.4000,4020.0000,4026.0000,1,2,1,2,1,1,1,3,5,1
SF,IF2002,2019-12-26 09:30:26.100,4010.6000,912,0,3608580.000,0,-,-,-,-,4009.2000,4009.0000,4008.8000,4008.6000,4008.4000,4011.2000,4012.6000,4018.4000,4020.0000,4026.0000,2,1,1,1,2,1,1,3,5,1
SF,IF2002,2019-12-26 09:30:27.100,4010.6000,912,0,3608580.000,0,-,-,-,-,4009.4000,4009.2000,4009.0000,4008.8000,4008.6000,4011.2000,4012.6000,4018.4000,4020.0000,4026.0000,1,2,1,1,1,1,1,3,5,1
SF,IF2002,2019-12-26 09:30:27.600,4010.6000,912,0,3608580.000,0,-,-,-,-,4009.6000,4009.4000,4009.2000,4009.0000,4008.8000,4011.2000,4012.6000,4018.4000,4020.0000,4026.0000,2,1,1,1,1,1,1,3,5,1
SF,IF2002,2019-12-26 09:30:28.100,4010.6000,912,0,3608580.000,0,-,-,-,-,4009.6000,4009.4000,4009.2000,4008.8000,4008.6000,4011.2000,4012.6000,4018.4000,4020.0000,4026.0000,1,1,1,1,1,1,1,3,5,1
SF,IF2002,2019-12-26 09:30:28.600,4010.6000,912,0,3608580.000,0,-,-,-,-,4009.8000,4009.6000,4009.4000,4009.2000,4008.8000,4011.2000,4012.6000,4018.4000,4020.0000,4026.0000,1,1,1,1,1,1,1,3,5,1
SF,IF2002,2019-12-26 09:30:29.600,4010.6000,912,0,3608580.000,0,-,-,-,-,4009.8000,4009.6000,4009.4000,4009.2000,4008.8000,4011.2000,4012.6000,4018.4000,4020.0000,4026.0000,1,1,1,1,1,1,1,3,5,1
SF,IF2002,2019-12-26 09:30:30.600,4010.6000,912,0,3608580.000,0,-,-,-,-,4009.6000,4009.4000,4008.8000,4008.6000,4008.4000,4011.0000,4011.2000,4012.6000,4018.4000,4020.0000,1,1,1,1,2,1,1,1,3,5
SF,IF2002,2019-12-26 09:30:31.100,4010.6000,912,0,3608580.000,0,-,-,-,-,4008.8000,4008.6000,4008.4000,4008.0000,3992.0000,4011.0000,4011.2000,4012.6000,4018.4000,4020.0000,1,1,2,1,1,1,1,1,3,5
SF,IF2002,2019-12-26 09:30:31.600,4010.6000,912,0,3608580.000,0,-,-,-,-,4009.0000,4008.8000,4008.6000,4008.4000,4008.0000,4011.0000,4011.2000,4012.6000,4018.4000,4020.0000,3,1,1,2,1,1,1,1,3,5
SF,IF2002,2019-12-26 09:30:32.600,4010.6000,912,0,3608580.000,0,-,-,-,-,4009.0000,4008.8000,4008.6000,4008.4000,4008.0000,4011.0000,4011.2000,4012.6000,4018.4000,4020.0000,2,1,1,2,1,1,1,1,3,5
SF,IF2002,2019-12-26 09:30:33.600,4010.6000,912,0,3608580.000,0,-,-,-,-,4009.2000,4009.0000,4008.8000,4008.6000,4008.4000,4011.0000,4011.2000,4012.6000,4018.4000,4020.0000,1,2,1,1,2,1,1,1,3,5
SF,IF2002,2019-12-26 09:30:34.100,4010.6000,912,0,3608580.000,0,-,-,-,-,4009.2000,4009.0000,4008.8000,4008.6000,4008.4000,4011.2000,4012.6000,4018.4000,4020.0000,4026.0000,1,2,1,1,2,1,1,3,5,1
SF,IF2002,2019-12-26 09:30:34.600,4010.6000,912,0,3608580.000,0,-,-,-,-,4009.4000,4009.0000,4008.8000,4008.6000,4008.4000,4011.0000,4011.2000,4012.6000,4018.4000,4020.0000,1,1,1,1,2,1,1,1,3,5
SF,IF2002,2019-12-26 09:30:35.600,4010.6000,912,0,3608580.000,0,-,-,-,-,4009.6000,4009.4000,4009.0000,4008.8000,4008.6000,4011.0000,4011.2000,4012.6000,4018.4000,4020.0000,1,1,1,1,1,1,1,1,3,5
SF,IF2002,2019-12-26 09:30:36.100,4010.6000,912,0,3608580.000,0,-,-,-,-,4009.6000,4009.4000,4009.0000,4008.8000,4008.6000,4011.2000,4012.6000,4018.4000,4020.0000,4026.0000,1,1,1,1,1,1,1,3,5,1
SF,IF2002,2019-12-26 09:30:36.600,4010.6000,912,0,3608580.000,0,-,-,-,-,4009.6000,4009.4000,4009.0000,4008.8000,4008.6000,4011.2000,4012.6000,4018.4000,4020.0000,4026.0000,1,1,1,1,1,1,1,3,5,1
SF,IF2002,2019-12-26 09:30:37.600,4010.6000,912,0,3608580.000,0,-,-,-,-,4009.8000,4009.6000,4009.4000,4009.0000,4008.8000,4011.2000,4012.6000,4018.4000,4020.0000,4026.0000,1,1,1,1,1,1,1,3,5,1
SF,IF2002,2019-12-26 09:30:38.100,4010.6000,912,0,3608580.000,0,-,-,-,-,4010.0000,4009.8000,4009.6000,4009.0000,4008.8000,4012.6000,4018.4000,4020.0000,4026.0000,4027.6000,2,1,1,1,1,1,3,5,1,2
SF,IF2002,2019-12-26 09:30:38.600,4010.6000,912,0,3608580.000,0,-,-,-,-,4010.0000,4009.8000,4009.6000,4009.0000,4008.8000,4012.4000,4012.6000,4018.4000,4020.0000,4026.0000,2,1,1,1,1,1,1,3,5,1
SF,IF2002,2019-12-26 09:30:39.100,4010.6000,912,0,3608580.000,0,-,-,-,-,4010.2000,4010.0000,4009.8000,4009.0000,4008.8000,4012.6000,4018.4000,4020.0000,4026.0000,4027.6000,2,1,1,1,1,1,3,5,1,2
SF,IF2002,2019-12-26 09:30:39.600,4010.6000,912,0,3608580.000,0,-,-,-,-,4010.2000,4009.8000,4009.0000,4008.8000,4008.6000,4012.4000,4012.6000,4018.4000,4020.0000,4026.0000,1,1,1,1,1,2,1,3,5,1
SF,IF2002,2019-12-26 09:30:40.600,4010.6000,912,0,3608580.000,0,-,-,-,-,4010.4000,4010.2000,4009.8000,4009.0000,4008.8000,4012.4000,4012.6000,4018.4000,4020.0000,4026.0000,2,1,1,1,1,1,1,3,5,1
SF,IF2002,2019-12-26 09:30:41.100,4010.6000,912,0,3608580.000,0,-,-,-,-,4010.6000,4010.4000,4009.8000,4009.0000,4008.8000,4012.6000,4018.4000,4020.0000,4026.0000,4027.6000,1,2,1,1,1,1,3,5,1,2
SF,IF2002,2019-12-26 09:30:42.100,4010.6000,912,0,3608580.000,0,-,-,-,-,4010.8000,4010.6000,4010.4000,4009.8000,4009.0000,4012.6000,4018.4000,4020.0000,4026.0000,4027.6000,2,1,2,1,1,1,3,5,1,2
SF,IF2002,2019-12-26 09:30:42.600,4010.6000,912,0,3608580.000,0,-,-,-,-,4011.0000,4010.8000,4010.4000,4009.8000,4009.0000,4012.6000,4018.4000,4020.0000,4026.0000,4027.6000,1,2,1,1,1,1,3,5,1,2
SF,IF2002,2019-12-26 09:30:43.100,4010.6000,911,-1,4811760.000,1,0,1,双平,S,4011.0000,4010.8000,4010.4000,4009.8000,4009.0000,4012.4000,4012.6000,4018.4000,4020.0000,4026.0000,1,1,1,1,1,4,1,3,5,1
SF,IF2002,2019-12-26 09:30:43.600,4010.6000,911,0,4811760.000,0,-,-,-,-,4011.0000,4010.8000,4010.4000,4009.8000,4009.0000,4012.6000,4018.4000,4020.0000,4026.0000,4027.6000,1,1,1,1,1,1,3,5,1,2
SF,IF2002,2019-12-26 09:30:44.600,4010.6000,911,0,4811760.000,0,-,-,-,-,4011.0000,4010.4000,4009.8000,4009.0000,4008.8000,4012.4000,4012.6000,4018.4000,4020.0000,4026.0000,1,1,1,1,1,1,1,3,5,1
SF,IF2002,2019-12-26 09:30:46.100,4010.6000,911,0,4811760.000,0,-,-,-,-,4011.2000,4011.0000,4010.4000,4009.8000,4009.0000,4018.4000,4020.0000,4026.0000,4027.6000,4064.0000,1,1,1,1,1,3,5,1,2,3
SF,IF2002,2019-12-26 09:30:46.600,4010.6000,911,0,4811760.000,0,-,-,-,-,4011.4000,4011.2000,4010.4000,4009.8000,4009.0000,4013.4000,4015.2000,4018.2000,4018.4000,4020.0000,1,1,1,1,1,1,1,5,3,5
SF,IF2002,2019-12-26 09:30:47.100,4010.6000,911,0,4811760.000,0,-,-,-,-,4011.4000,4011.2000,4010.4000,4009.8000,4009.0000,4013.2000,4013.4000,4015.2000,4018.2000,4018.4000,1,1,1,1,1,4,1,1,4,3
SF,IF2002,2019-12-26 09:30:47.600,4010.6000,911,0,4811760.000,0,-,-,-,-,4011.4000,4011.2000,4010.4000,4009.8000,4009.0000,4013.2000,4013.4000,4015.2000,4018.2000,4018.4000,1,1,1,1,1,4,1,1,3,3
SF,IF2002,2019-12-26 09:30:48.100,4010.6000,911,0,4811760.000,0,-,-,-,-,4011.6000,4011.4000,4011.2000,4010.4000,4009.8000,4013.0000,4013.2000,4015.2000,4018.2000,4018.4000,1,1,1,1,1,1,4,1,3,3
SF,IF2002,2019-12-26 09:30:48.600,4010.6000,911,0,4811760.000,0,-,-,-,-,4011.8000,4011.6000,4011.2000,4010.4000,4009.8000,4013.0000,4013.2000,4015.2000,4018.2000,4018.4000,1,1,1,1,1,1,4,1,3,3
SF,IF2002,2019-12-26 09:30:49.100,4010.6000,911,0,4811760.000,0,-,-,-,-,4012.0000,4011.8000,4011.6000,4011.2000,4010.4000,4013.0000,4015.2000,4018.2000,4018.4000,4020.0000,1,1,1,1,1,1,1,3,3,5
SF,IF2002,2019-12-26 09:30:49.600,4010.6000,911,0,4811760.000,0,-,-,-,-,4011.8000,4011.2000,4010.4000,4009.8000,4009.0000,4013.0000,4015.2000,4018.2000,4018.4000,4020.0000,1,1,1,1,1,1,1,3,3,5
SF,IF2002,2019-12-26 09:30:50.100,4010.6000,911,0,4811760.000,0,-,-,-,-,4011.8000,4011.2000,4010.4000,4009.8000,4009.0000,4015.2000,4018.2000,4018.4000,4020.0000,4026.0000,1,1,1,1,1,1,3,3,5,1
SF,IF2002,2019-12-26 09:30:50.600,4010.6000,911,0,4811760.000,0,-,-,-,-,4012.0000,4011.8000,4011.2000,4010.4000,4009.8000,4014.4000,4015.0000,4015.2000,4018.2000,4018.4000,1,1,1,1,1,1,2,1,2,3
SF,IF2002,2019-12-26 09:30:51.100,4010.6000,911,0,4811760.000,0,-,-,-,-,4012.2000,4012.0000,4011.2000,4010.4000,4009.8000,4014.4000,4015.0000,4015.2000,4018.2000,4018.4000,1,1,1,1,1,1,6,1,2,3
SF,IF2002,2019-12-26 09:30:51.600,4010.6000,911,0,4811760.000,0,-,-,-,-,4012.2000,4012.0000,4011.2000,4010.4000,4009.8000,4014.2000,4014.4000,4015.0000,4015.2000,4018.2000,1,1,1,1,1,4,1,1,1,2
SF,IF2002,2019-12-26 09:30:52.100,4010.6000,911,0,4811760.000,0,-,-,-,-,4012.2000,4012.0000,4011.2000,4010.4000,4009.8000,4014.0000,4014.2000,4014.4000,4015.0000,4018.2000,1,1,1,1,1,1,4,1,1,2
SF,IF2002,2019-12-26 09:30:53.100,4010.6000,911,0,4811760.000,0,-,-,-,-,4012.4000,4012.2000,4012.0000,4011.2000,4010.4000,4014.0000,4014.2000,4014.4000,4015.0000,4018.2000,1,1,1,1,1,1,4,1,1,2
SF,IF2002,2019-12-26 09:30:53.600,4010.6000,911,0,4811760.000,0,-,-,-,-,4012.6000,4012.4000,4012.0000,4011.2000,4010.4000,4014.0000,4014.2000,4014.4000,4015.0000,4018.2000,1,1,1,1,1,1,4,1,1,2
SF,IF2002,2019-12-26 09:30:54.100,4010.6000,911,0,4811760.000,0,-,-,-,-,4012.6000,4012.4000,4012.0000,4011.2000,4010.4000,4014.2000,4014.4000,4015.0000,4018.2000,4018.4000,1,1,1,1,1,4,1,1,2,3
SF,IF2002,2019-12-26 09:30:55.100,4010.6000,911,0,4811760.000,0,-,-,-,-,4012.8000,4012.6000,4012.4000,4012.0000,4011.2000,4014.2000,4014.4000,4015.0000,4018.2000,4018.4000,1,1,1,1,1,4,1,1,2,3
SF,IF2002,2019-12-26 09:30:55.600,4010.6000,911,0,4811760.000,0,-,-,-,-,4013.0000,4012.8000,4012.4000,4012.0000,4011.2000,4014.0000,4014.2000,4014.4000,4015.0000,4018.2000,1,1,1,1,1,1,4,1,1,2
SF,IF2002,2019-12-26 09:30:56.100,4010.6000,911,0,4811760.000,0,-,-,-,-,4013.0000,4012.4000,4012.0000,4011.2000,4010.4000,4014.0000,4014.2000,4014.4000,4015.0000,4018.2000,1,1,1,1,1,1,4,1,1,2
SF,IF2002,2019-12-26 09:30:59.100,4010.6000,911,0,4811760.000,0,-,-,-,-,4013.0000,4012.0000,4011.2000,4010.4000,4009.8000,4014.0000,4014.4000,4015.0000,4018.2000,4018.4000,1,1,1,1,1,1,1,1,2,3
SF,IF2002,2019-12-26 09:30:59.600,4010.6000,911,0,4811760.000,0,-,-,-,-,4011.2000,4010.4000,4009.8000,4009.0000,4008.8000,4013.8000,4014.0000,4014.4000,4018.2000,4018.4000,1,1,1,1,1,1,1,1,2,3
SF,IF2002,2019-12-26 09:31:00.100,4010.6000,911,0,4811760.000,0,-,-,-,-,4011.4000,4011.2000,4010.4000,4009.8000,4009.0000,4013.8000,4014.4000,4018.2000,4018.4000,4020.0000,2,1,1,1,1,1,1,2,3,5
SF,IF2002,2019-12-26 09:31:05.600,4010.6000,911,0,4811760.000,0,-,-,-,-,4011.6000,4011.4000,4011.2000,4010.4000,4009.8000,4013.8000,4014.4000,4018.2000,4018.4000,4020.0000,1,2,1,1,1,1,1,2,3,5
SF,IF2002,2019-12-26 09:31:06.100,4010.6000,911,0,4811760.000,0,-,-,-,-,4011.8000,4011.6000,4011.4000,4011.2000,4010.4000,4014.4000,4018.2000,4018.4000,4020.0000,4026.0000,2,1,1,1,1,1,2,3,5,1
SF,IF2002,2019-12-26 09:31:06.600,4010.6000,911,0,4811760.000,0,-,-,-,-,4012.0000,4011.8000,4011.4000,4011.2000,4010.4000,4014.4000,4018.2000,4018.4000,4020.0000,4026.0000,1,2,1,1,1,1,2,3,5,1
SF,IF2002,2019-12-26 09:31:07.100,4010.6000,911,0,4811760.000,0,-,-,-,-,4012.2000,4012.0000,4011.8000,4011.4000,4011.2000,4014.2000,4014.4000,4018.2000,4018.4000,4020.0000,2,1,1,1,1,1,1,2,3,5
SF,IF2002,2019-12-26 09:31:07.600,4010.6000,911,0,4811760.000,0,-,-,-,-,4012.2000,4011.8000,4011.4000,4011.2000,4010.4000,4014.2000,4018.2000,4018.4000,4020.0000,4026.0000,2,1,1,1,1,1,2,3,5,1
SF,IF2002,2019-12-26 09:31:08.100,4010.6000,911,0,4811760.000,0,-,-,-,-,4012.4000,4012.2000,4011.8000,4011.4000,4011.2000,4018.2000,4018.4000,4020.0000,4026.0000,4027.6000,1,2,1,1,1,2,3,5,1,2
SF,IF2002,2019-12-26 09:31:08.600,4010.6000,911,0,4811760.000,0,-,-,-,-,4012.6000,4012.4000,4012.2000,4011.8000,4011.4000,4015.4000,4018.0000,4018.2000,4018.4000,4020.0000,2,2,1,1,1,1,5,2,2,5
SF,IF2002,2019-12-26 09:31:09.100,4010.6000,911,0,4811760.000,0,-,-,-,-,4012.6000,4012.2000,4011.8000,4011.4000,4011.2000,4015.2000,4015.4000,4018.0000,4018.2000,4018.4000,2,1,1,1,1,1,1,4,2,2
SF,IF2002,2019-12-26 09:31:09.600,4010.6000,911,0,4811760.000,0,-,-,-,-,4013.0000,4012.6000,4012.2000,4011.8000,4011.4000,4015.2000,4015.4000,4018.0000,4018.2000,4018.4000,1,2,1,1,1,1,1,4,2,2
SF,IF2002,2019-12-26 09:31:10.100,4010.6000,911,0,4811760.000,0,-,-,-,-,4013.2000,4013.0000,4012.6000,4012.2000,4011.8000,4015.0000,4015.2000,4015.4000,4018.0000,4018.2000,1,1,1,1,1,1,1,1,3,2
SF,IF2002,2019-12-26 09:31:10.600,4010.6000,911,0,4811760.000,0,-,-,-,-,4013.2000,4012.6000,4012.2000,4011.8000,4011.4000,4015.0000,4015.2000,4015.4000,4018.0000,4018.2000,1,1,1,1,1,2,1,1,3,2
SF,IF2002,2019-12-26 09:31:11.600,4010.6000,911,0,4811760.000,0,-,-,-,-,4013.2000,4012.6000,4012.2000,4011.8000,4011.4000,4015.0000,4015.2000,4015.4000,4018.0000,4018.2000,1,1,1,1,1,1,1,1,3,2
SF,IF2002,2019-12-26 09:31:12.100,4010.6000,911,0,4811760.000,0,-,-,-,-,4013.2000,4012.6000,4012.2000,4011.8000,4011.4000,4014.8000,4015.0000,4015.4000,4018.0000,4018.2000,1,1,1,1,1,2,1,1,3,2
SF,IF2002,2019-12-26 09:31:12.600,4010.6000,911,0,4811760.000,0,-,-,-,-,4012.2000,4011.8000,4011.4000,4011.2000,4010.4000,4014.8000,4015.0000,4015.4000,4018.0000,4018.2000,1,1,1,1,1,2,1,1,3,2
SF,IF2002,2019-12-26 09:31:13.100,4010.6000,911,0,4811760.000,0,-,-,-,-,4012.4000,4012.2000,4011.8000,4011.4000,4011.2000,4014.8000,4015.0000,4015.4000,4018.0000,4018.2000,2,1,1,1,1,1,1,1,3,2
SF,IF2002,2019-12-26 09:31:13.600,4010.6000,911,0,4811760.000,0,-,-,-,-,4012.4000,4011.8000,4011.4000,4011.2000,4010.4000,4014.6000,4014.8000,4015.4000,4018.0000,4018.2000,1,1,1,1,1,1,1,1,3,2
SF,IF2002,2019-12-26 09:31:14.100,4010.6000,911,0,4811760.000,0,-,-,-,-,4012.4000,4011.4000,4011.2000,4010.4000,4009.8000,4014.4000,4014.6000,4015.4000,4018.0000,4018.2000,1,1,1,1,1,1,1,1,2,2
SF,IF2002,2019-12-26 09:31:14.600,4010.6000,911,0,4811760.000,0,-,-,-,-,4012.4000,4011.4000,4011.2000,4010.4000,4009.8000,4014.4000,4015.4000,4018.0000,4018.2000,4018.4000,1,1,1,1,1,1,1,2,2,2
SF,IF2002,2019-12-26 09:31:15.100,4010.6000,911,0,4811760.000,0,-,-,-,-,4012.4000,4011.4000,4011.2000,4010.4000,4009.8000,4014.4000,4015.4000,4018.0000,4018.2000,4018.4000,1,1,1,1,1,1,1,3,2,2
SF,IF2002,2019-12-26 09:31:15.600,4010.6000,911,0,4811760.000,0,-,-,-,-,4012.6000,4012.4000,4011.4000,4011.2000,4010.4000,4015.4000,4018.0000,4018.2000,4018.4000,4020.0000,2,1,1,1,1,1,3,2,2,5
SF,IF2002,2019-12-26 09:31:16.100,4010.6000,911,0,4811760.000,0,-,-,-,-,4012.8000,4012.6000,4011.4000,4011.2000,4010.4000,4015.2000,4015.4000,4018.0000,4018.2000,4018.4000,1,1,1,1,1,2,1,3,2,2
SF,IF2002,2019-12-26 09:31:16.600,4010.6000,911,0,4811760.000,0,-,-,-,-,4012.8000,4011.4000,4011.2000,4010.4000,4009.8000,4015.2000,4015.4000,4018.0000,4018.2000,4018.4000,1,1,1,1,1,2,1,3,2,2
SF,IF2002,2019-12-26 09:31:17.100,4010.6000,911,0,4811760.000,0,-,-,-,-,4012.8000,4011.4000,4011.2000,4010.4000,4009.8000,4015.2000,4015.4000,4018.0000,4018.2000,4018.4000,1,1,1,1,1,1,1,3,2,2
SF,IF2002,2019-12-26 09:31:18.100,4010.6000,911,0,4811760.000,0,-,-,-,-,4012.8000,4011.4000,4011.2000,4010.4000,4009.8000,4015.0000,4015.2000,4015.4000,4018.0000,4018.2000,1,1,1,1,1,1,1,1,3,2
SF,IF2002,2019-12-26 09:31:18.600,4010.6000,911,0,4811760.000,0,-,-,-,-,4012.8000,4011.4000,4011.2000,4010.4000,4009.8000,4015.0000,4015.4000,4018.0000,4018.2000,4018.4000,1,1,1,1,1,1,1,3,2,2
SF,IF2002,2019-12-26 09:31:19.100,4010.6000,911,0,4811760.000,0,-,-,-,-,4012.8000,4011.4000,4011.2000,4010.4000,4009.8000,4014.8000,4015.0000,4015.4000,4018.0000,4018.2000,1,1,1,1,1,1,1,1,3,2
SF,IF2002,2019-12-26 09:31:19.600,4010.6000,911,0,4811760.000,0,-,-,-,-,4012.8000,4011.4000,4011.2000,4010.4000,4009.8000,4014.6000,4014.8000,4015.4000,4018.0000,4018.2000,1,1,1,1,1,1,1,1,3,2
SF,IF2002,2019-12-26 09:31:21.100,4010.6000,911,0,4811760.000,0,-,-,-,-,4012.8000,4011.4000,4011.2000,4010.4000,4009.8000,4014.8000,4015.4000,4018.0000,4018.2000,4018.4000,1,1,1,1,1,1,1,3,2,2
SF,IF2002,2019-12-26 09:31:22.100,4010.6000,911,0,4811760.000,0,-,-,-,-,4012.8000,4011.4000,4011.2000,4010.4000,4009.8000,4014.6000,4014.8000,4015.4000,4018.0000,4018.2000,1,1,1,1,1,1,1,1,3,2
SF,IF2002,2019-12-26 09:31:23.600,4012.8000,911,0,6015600.000,1,0,1,多换,S,4011.4000,4011.2000,4010.4000,4009.8000,4009.0000,4014.8000,4015.4000,4018.0000,4018.2000,4018.4000,1,1,1,1,1,1,1,3,2,2
SF,IF2002,2019-12-26 09:31:24.100,4012.8000,911,0,6015600.000,0,-,-,-,-,4011.6000,4011.4000,4011.2000,4010.4000,4009.8000,4014.8000,4015.4000,4018.0000,4018.2000,4018.4000,3,1,1,1,1,1,1,3,2,2
SF,IF2002,2019-12-26 09:31:28.600,4012.8000,911,0,6015600.000,0,-,-,-,-,4011.6000,4011.4000,4011.2000,4010.4000,4009.8000,4014.6000,4014.8000,4015.4000,4018.0000,4018.2000,3,1,1,1,1,1,1,1,3,2
SF,IF2002,2019-12-26 09:31:29.100,4012.8000,911,0,6015600.000,0,-,-,-,-,4011.6000,4011.4000,4011.2000,4010.4000,4009.8000,4014.4000,4014.6000,4015.4000,4018.0000,4018.2000,3,1,1,1,1,2,1,1,3,2
SF,IF2002,2019-12-26 09:31:30.600,4012.8000,911,0,6015600.000,0,-,-,-,-,4011.6000,4011.4000,4011.2000,4010.4000,4009.8000,4014.4000,4014.6000,4015.4000,4018.0000,4018.2000,3,1,1,1,1,2,1,1,3,2
SF,IF2002,2019-12-26 09:31:34.100,4012.8000,911,0,6015600.000,0,-,-,-,-,4011.6000,4011.4000,4011.2000,4010.4000,4009.8000,4014.4000,4015.4000,4018.0000,4018.2000,4018.4000,3,1,1,1,1,2,1,3,2,2
SF,IF2002,2019-12-26 09:31:34.600,4012.8000,911,0,6015600.000,0,-,-,-,-,4011.6000,4011.4000,4011.2000,4010.4000,4009.8000,4014.4000,4015.4000,4018.0000,4018.2000,4018.4000,3,1,1,1,1,1,1,3,2,2
SF,IF2002,2019-12-26 09:31:36.100,4012.8000,911,0,6015600.000,0,-,-,-,-,4011.8000,4011.6000,4011.4000,4011.2000,4010.4000,4014.4000,4015.4000,4018.0000,4018.2000,4018.4000,1,3,1,1,1,1,1,3,2,2
SF,IF2002,2019-12-26 09:31:36.600,4012.8000,911,0,6015600.000,0,-,-,-,-,4012.0000,4011.8000,4011.6000,4011.4000,4011.2000,4015.4000,4018.0000,4018.2000,4018.4000,4020.0000,3,1,2,1,1,1,3,2,2,5
SF,IF2002,2019-12-26 09:31:37.100,4012.8000,911,0,6015600.000,0,-,-,-,-,4012.0000,4011.8000,4011.6000,4011.4000,4011.2000,4015.2000,4015.4000,4018.0000,4018.2000,4018.4000,3,1,2,1,1,1,1,3,2,2
SF,IF2002,2019-12-26 09:31:37.600,4012.8000,911,0,6015600.000,0,-,-,-,-,4012.2000,4012.0000,4011.6000,4011.4000,4011.2000,4015.2000,4015.4000,4018.0000,4018.2000,4018.4000,1,3,2,1,1,1,1,3,2,2
SF,IF2002,2019-12-26 09:31:38.100,4012.4000,911,0,7219320.000,1,0,1,多换,S,4012.4000,4012.2000,4012.0000,4011.6000,4008.0000,4015.0000,4015.2000,4015.4000,4018.0000,4018.2000,2,1,1,1,1,1,1,1,3,2
SF,IF2002,2019-12-26 09:31:38.600,4012.4000,911,0,7219320.000,0,-,-,-,-,4012.4000,4012.2000,4012.0000,4011.6000,4008.0000,4014.8000,4015.0000,4015.4000,4018.0000,4018.2000,2,1,1,1,1,1,1,1,3,2
SF,IF2002,2019-12-26 09:31:39.600,4012.4000,911,0,7219320.000,0,-,-,-,-,4012.6000,4012.4000,4012.0000,4011.6000,4008.0000,4014.8000,4015.4000,4018.0000,4018.2000,4018.4000,1,2,1,1,1,1,1,3,2,2
SF,IF2002,2019-12-26 09:31:40.100,4012.4000,911,0,7219320.000,0,-,-,-,-,4012.8000,4012.6000,4012.4000,4012.0000,4011.6000,4014.8000,4015.4000,4018.0000,4018.2000,4018.4000,2,1,1,1,1,1,1,3,2,2
SF,IF2002,2019-12-26 09:31:40.600,4012.4000,911,0,7219320.000,0,-,-,-,-,4012.8000,4012.4000,4012.0000,4011.6000,4008.0000,4015.4000,4018.0000,4018.2000,4018.4000,4020.0000,2,1,1,1,1,1,3,2,2,5
SF,IF2002,2019-12-26 09:31:41.100,4012.4000,911,0,7219320.000,0,-,-,-,-,4012.8000,4012.4000,4012.0000,4011.6000,4008.0000,4015.2000,4015.4000,4018.0000,4018.2000,4018.4000,2,1,1,1,1,1,1,3,2,2
SF,IF2002,2019-12-26 09:31:41.600,4012.4000,911,0,7219320.000,0,-,-,-,-,4013.0000,4012.8000,4012.4000,4012.0000,4011.6000,4015.4000,4018.0000,4018.2000,4018.4000,4020.0000,1,2,1,1,1,1,3,2,2,5
SF,IF2002,2019-12-26 09:31:42.100,4012.4000,911,0,7219320.000,0,-,-,-,-,4013.2000,4013.0000,4012.8000,4012.4000,4012.0000,4015.4000,4018.0000,4018.2000,4018.4000,4020.0000,2,1,1,1,1,1,3,2,2,5
SF,IF2002,2019-12-26 09:31:42.600,4012.4000,911,0,7219320.000,0,-,-,-,-,4013.2000,4013.0000,4012.8000,4012.4000,4012.0000,4018.0000,4018.2000,4018.4000,4020.0000,4027.6000,2,1,1,1,1,3,2,2,5,2
SF,IF2002,2019-12-26 09:31:43.100,4012.4000,911,0,7219320.000,0,-,-,-,-,4013.6000,4013.2000,4012.8000,4012.4000,4012.0000,4016.4000,4017.8000,4018.0000,4018.2000,4018.4000,1,2,1,1,1,1,1,4,2,2
SF,IF2002,2019-12-26 09:31:43.600,4012.4000,911,0,7219320.000,0,-,-,-,-,4013.8000,4013.6000,4013.2000,4012.8000,4012.4000,4016.2000,4016.4000,4018.0000,4018.2000,4018.4000,2,1,1,1,1,1,1,4,2,2
SF,IF2002,2019-12-26 09:31:45.100,4012.4000,911,0,7219320.000,0,-,-,-,-,4013.8000,4013.2000,4012.8000,4012.4000,4012.0000,4016.2000,4016.4000,4018.0000,4018.2000,4018.4000,2,1,1,1,1,1,1,4,2,2
SF,IF2002,2019-12-26 09:31:45.600,4012.4000,911,0,7219320.000,0,-,-,-,-,4013.8000,4013.2000,4012.8000,4012.4000,4012.0000,4016.0000,4016.2000,4016.4000,4018.0000,4018.2000,2,1,1,1,1,1,1,1,4,2
SF,IF2002,2019-12-26 09:31:46.100,4012.4000,911,0,7219320.000,0,-,-,-,-,4013.8000,4013.2000,4012.8000,4012.4000,4012.0000,4015.8000,4016.0000,4016.4000,4018.0000,4018.2000,2,1,1,1,1,1,1,1,4,2
SF,IF2002,2019-12-26 09:31:47.100,4012.4000,911,0,7219320.000,0,-,-,-,-,4014.0000,4013.8000,4013.2000,4012.8000,4012.4000,4015.8000,4016.0000,4016.4000,4018.0000,4018.2000,1,2,1,1,1,1,1,1,4,2
SF,IF2002,2019-12-26 09:31:47.600,4012.4000,911,0,7219320.000,0,-,-,-,-,4014.0000,4013.8000,4013.2000,4012.8000,4012.4000,4015.8000,4016.4000,4018.0000,4018.2000,4018.4000,1,2,1,1,1,1,1,4,2,2
SF,IF2002,2019-12-26 09:31:48.100,4012.4000,911,0,7219320.000,0,-,-,-,-,4013.8000,4013.2000,4012.8000,4012.4000,4012.0000,4015.8000,4016.4000,4018.0000,4018.2000,4018.4000,2,1,1,1,1,1,1,4,2,2
SF,IF2002,2019-12-26 09:31:49.100,4012.4000,911,0,7219320.000,0,-,-,-,-,4013.8000,4013.2000,4012.8000,4012.4000,4012.0000,4015.8000,4016.4000,4018.0000,4018.2000,4018.4000,2,1,1,1,1,1,1,4,2,2
SF,IF2002,2019-12-26 09:31:52.100,4012.4000,911,0,7219320.000,0,-,-,-,-,4013.8000,4013.2000,4012.8000,4012.4000,4012.0000,4015.8000,4016.4000,4018.0000,4018.2000,4018.4000,2,1,1,1,1,1,1,4,2,2
SF,IF2002,2019-12-26 09:31:53.600,4012.4000,911,0,7219320.000,0,-,-,-,-,4013.8000,4013.2000,4012.8000,4012.4000,4012.0000,4015.8000,4018.0000,4018.2000,4018.4000,4025.0000,2,1,1,1,1,1,4,2,2,5
SF,IF2002,2019-12-26 09:31:54.100,4012.4000,911,0,7219320.000,0,-,-,-,-,4013.8000,4013.2000,4012.8000,4012.4000,4012.0000,4018.0000,4018.2000,4018.4000,4025.0000,4027.6000,2,1,1,1,1,4,2,2,5,2
SF,IF2002,2019-12-26 09:31:54.600,4012.4000,911,0,7219320.000,0,-,-,-,-,4013.8000,4013.2000,4012.8000,4012.4000,4012.0000,4017.2000,4017.8000,4018.0000,4018.2000,4018.4000,2,1,1,1,1,1,2,4,2,2
SF,IF2002,2019-12-26 09:31:55.100,4012.4000,911,0,7219320.000,0,-,-,-,-,4013.8000,4013.2000,4012.8000,4012.4000,4012.0000,4017.0000,4017.2000,4017.8000,4018.0000,4018.2000,2,1,1,1,1,1,1,1,4,2
SF,IF2002,2019-12-26 09:31:56.100,4012.4000,911,0,7219320.000,0,-,-,-,-,4013.8000,4013.2000,4012.8000,4012.4000,4012.0000,4016.8000,4017.0000,4017.2000,4017.8000,4018.0000,2,1,1,1,1,1,1,1,1,4
SF,IF2002,2019-12-26 09:31:56.600,4012.4000,911,0,7219320.000,0,-,-,-,-,4013.8000,4013.2000,4012.8000,4012.4000,4012.0000,4016.6000,4016.8000,4017.2000,4017.8000,4018.0000,2,1,1,1,1,1,1,1,1,4
SF,IF2002,2019-12-26 09:31:57.100,4012.4000,911,0,7219320.000,0,-,-,-,-,4013.8000,4013.2000,4012.8000,4012.4000,4012.0000,4016.6000,4016.8000,4017.2000,4017.8000,4018.0000,2,1,1,1,1,1,1,1,1,1
SF,IF2002,2019-12-26 09:31:58.100,4012.4000,911,0,7219320.000,0,-,-,-,-,4013.8000,4013.2000,4012.8000,4012.4000,4012.0000,4016.4000,4016.6000,4016.8000,4017.2000,4017.8000,2,1,1,1,1,1,1,1,1,1
SF,IF2002,2019-12-26 09:31:58.600,4012.4000,911,0,7219320.000,0,-,-,-,-,4013.8000,4013.2000,4012.8000,4012.4000,4012.0000,4016.2000,4016.4000,4016.8000,4017.2000,4017.8000,2,1,1,1,1,1,1,1,1,1
SF,IF2002,2019-12-26 09:32:01.600,4012.4000,911,0,7219320.000,0,-,-,-,-,4013.8000,4013.2000,4012.8000,4012.4000,4012.0000,4016.2000,4016.4000,4016.8000,4017.2000,4017.8000,2,1,1,1,1,1,1,1,1,1
SF,IF2002,2019-12-26 09:32:02.100,4012.4000,911,0,7219320.000,0,-,-,-,-,4014.2000,4014.0000,4013.8000,4013.2000,4012.8000,4016.4000,4016.8000,4018.0000,4025.0000,4027.6000,1,1,5,1,1,1,1,1,5,2
SF,IF2002,2019-12-26 09:32:02.600,4016.4000,910,-1,8424240.000,1,0,1,双平,S,4015.2000,4014.4000,4014.2000,4014.0000,4013.8000,4018.0000,4025.0000,4027.6000,4064.0000,4278.4000,1,3,1,1,4,1,5,2,3,3
SF,IF2002,2019-12-26 09:32:03.100,4018.0000,910,0,9629640.000,1,0,1,多换,S,4015.4000,4015.2000,4014.4000,4014.2000,4013.8000,4025.0000,4027.6000,4064.0000,4278.4000,4318.0000,2,1,2,1,4,5,2,3,3,5
SF,IF2002,2019-12-26 09:32:03.600,4018.0000,910,0,9629640.000,0,-,-,-,-,4015.4000,4015.2000,4014.4000,4014.2000,4013.8000,4019.8000,4020.8000,4024.2000,4024.8000,4025.0000,2,1,2,1,4,1,1,2,4,5
SF,IF2002,2019-12-26 09:32:04.100,4018.0000,910,0,9629640.000,0,-,-,-,-,4015.6000,4015.4000,4015.2000,4014.4000,4014.2000,4019.6000,4019.8000,4020.8000,4024.8000,4025.0000,1,2,1,1,1,1,1,1,9,5
SF,IF2002,2019-12-26 09:32:04.600,4018.0000,910,0,9629640.000,0,-,-,-,-,4015.8000,4015.6000,4015.4000,4015.2000,4014.4000,4019.6000,4019.8000,4020.8000,4021.2000,4024.8000,2,1,1,1,1,1,1,1,1,3
SF,IF2002,2019-12-26 09:32:05.100,4018.0000,910,0,9629640.000,0,-,-,-,-,4015.8000,4015.4000,4015.2000,4014.4000,4014.2000,4019.4000,4019.6000,4019.8000,4020.8000,4021.2000,2,1,1,1,1,1,1,1,1,1
SF,IF2002,2019-12-26 09:32:05.600,4018.0000,910,0,9629640.000,0,-,-,-,-,4015.8000,4015.4000,4015.2000,4014.4000,4014.2000,4019.2000,4019.4000,4019.8000,4020.8000,4021.2000,2,1,1,1,1,1,1,1,1,1
SF,IF2002,2019-12-26 09:32:06.100,4018.0000,910,0,9629640.000,0,-,-,-,-,4016.0000,4015.8000,4015.4000,4015.2000,4014.4000,4019.2000,4019.4000,4019.8000,4020.8000,4021.2000,1,2,1,1,1,1,1,1,1,1
SF,IF2002,2019-12-26 09:32:06.600,4018.0000,910,0,9629640.000,0,-,-,-,-,4016.2000,4016.0000,4015.8000,4015.4000,4015.2000,4019.2000,4019.8000,4020.8000,4021.2000,4024.8000,1,1,1,1,1,1,1,1,1,2
SF,IF2002,2019-12-26 09:32:07.100,4018.0000,910,0,9629640.000,0,-,-,-,-,4016.4000,4016.2000,4016.0000,4015.8000,4015.4000,4019.2000,4019.8000,4020.8000,4021.2000,4024.8000,1,1,1,1,1,1,1,1,1,2
SF,IF2002,2019-12-26 09:32:07.600,4018.0000,910,0,9629640.000,0,-,-,-,-,4016.6000,4016.4000,4016.0000,4015.8000,4015.4000,4019.2000,4019.8000,4020.8000,4021.2000,4024.8000,1,1,1,1,1,1,1,1,1,2
SF,IF2002,2019-12-26 09:32:08.100,4018.0000,910,0,9629640.000,0,-,-,-,-,4016.8000,4016.6000,4016.4000,4016.0000,4015.8000,4019.2000,4019.8000,4020.8000,4021.2000,4024.8000,1,2,1,1,1,1,1,1,1,2
SF,IF2002,2019-12-26 09:32:08.600,4018.0000,910,0,9629640.000,0,-,-,-,-,4017.0000,4016.8000,4016.6000,4016.4000,4016.0000,4019.2000,4019.8000,4020.8000,4021.2000,4024.8000,1,1,1,1,1,1,1,1,1,2
SF,IF2002,2019-12-26 09:32:09.100,4018.0000,910,0,9629640.000,0,-,-,-,-,4017.2000,4017.0000,4016.8000,4016.6000,4016.4000,4019.2000,4019.8000,4020.8000,4021.2000,4024.8000,1,1,1,1,1,1,1,1,1,2
SF,IF2002,2019-12-26 09:32:09.600,4018.0000,910,0,9629640.000,0,-,-,-,-,4017.2000,4017.0000,4016.8000,4016.6000,4016.4000,4019.2000,4019.8000,4020.8000,4021.2000,4024.8000,1,1,1,1,1,1,1,1,1,2
SF,IF2002,2019-12-26 09:32:10.100,4018.0000,910,0,9629640.000,0,-,-,-,-,4017.2000,4017.0000,4016.8000,4016.4000,4015.8000,4019.0000,4019.2000,4019.8000,4020.8000,4021.2000,1,1,1,1,1,1,1,1,1,1
SF,IF2002,2019-12-26 09:32:10.600,4018.0000,910,0,9629640.000,0,-,-,-,-,4017.2000,4017.0000,4016.8000,4015.8000,4015.4000,4018.8000,4019.0000,4019.8000,4020.8000,4021.2000,1,1,1,1,1,1,1,1,1,1
SF,IF2002,2019-12-26 09:32:11.100,4018.0000,910,0,9629640.000,0,-,-,-,-,4017.2000,4017.0000,4016.8000,4015.8000,4015.4000,4018.8000,4019.8000,4020.8000,4021.2000,4024.8000,1,1,1,1,1,1,1,1,1,2
SF,IF2002,2019-12-26 09:32:14.600,4017.2000,909,-1,10834800.000,1,0,1,双平,S,4017.0000,4016.8000,4015.8000,4015.4000,4014.2000,4018.8000,4019.8000,4020.8000,4021.2000,4024.8000,1,1,1,1,1,1,1,1,1,2
SF,IF2002,2019-12-26 09:32:15.600,4017.2000,909,0,10834800.000,0,-,-,-,-,4017.0000,4015.8000,4015.4000,4014.2000,4008.0000,4018.6000,4018.8000,4019.8000,4020.8000,4021.2000,1,1,1,1,1,1,1,1,1,1
SF,IF2002,2019-12-26 09:32:16.100,4018.6000,909,0,12040380.000,1,0,1,多换,S,4017.0000,4015.8000,4015.4000,4014.2000,4008.0000,4018.8000,4019.8000,4020.8000,4021.2000,4024.8000,1,1,1,1,1,1,1,1,1,2
SF,IF2002,2019-12-26 09:32:16.600,4018.6000,909,0,12040380.000,0,-,-,-,-,4017.2000,4017.0000,4015.8000,4015.4000,4014.2000,4018.8000,4019.8000,4020.8000,4021.2000,4024.8000,1,1,1,1,1,1,1,1,1,2
SF,IF2002,2019-12-26 09:32:19.100,4018.6000,909,0,12040380.000,0,-,-,-,-,4017.4000,4017.2000,4017.0000,4015.8000,4015.4000,4018.8000,4019.8000,4020.8000,4021.2000,4024.8000,1,1,1,1,1,1,1,1,1,2
SF,IF2002,2019-12-26 09:32:19.600,4018.6000,909,0,12040380.000,0,-,-,-,-,4017.6000,4017.4000,4017.2000,4015.8000,4015.4000,4019.8000,4020.8000,4021.2000,4024.8000,4025.0000,2,1,1,1,1,1,1,1,2,5
SF,IF2002,2019-12-26 09:32:20.100,4018.6000,909,0,12040380.000,0,-,-,-,-,4017.6000,4017.4000,4015.8000,4015.4000,4014.2000,4019.6000,4019.8000,4020.8000,4021.2000,4024.8000,2,1,1,1,1,1,1,1,1,2
SF,IF2002,2019-12-26 09:32:21.100,4018.6000,909,0,12040380.000,0,-,-,-,-,4017.6000,4017.4000,4015.8000,4015.4000,4014.2000,4019.6000,4019.8000,4020.8000,4024.8000,4025.0000,2,1,1,1,1,1,1,1,2,5
SF,IF2002,2019-12-26 09:32:22.100,4018.6000,909,0,12040380.000,0,-,-,-,-,4017.6000,4017.4000,4015.8000,4015.4000,4014.2000,4019.6000,4019.8000,4020.8000,4024.8000,4025.0000,1,1,1,1,1,1,1,1,2,5
SF,IF2002,2019-12-26 09:32:22.600,4018.6000,909,0,12040380.000,0,-,-,-,-,4017.8000,4017.6000,4017.4000,4015.8000,4015.4000,4019.6000,4019.8000,4020.8000,4024.8000,4025.0000,1,1,1,1,1,1,1,1,2,5
SF,IF2002,2019-12-26 09:32:23.100,4018.6000,909,0,12040380.000,0,-,-,-,-,4018.0000,4017.8000,4017.4000,4015.8000,4015.4000,4019.6000,4019.8000,4024.8000,4025.0000,4027.6000,1,1,1,1,1,1,1,2,5,2
SF,IF2002,2019-12-26 09:32:23.600,4018.6000,909,0,12040380.000,0,-,-,-,-,4018.2000,4018.0000,4017.8000,4017.4000,4015.8000,4019.6000,4019.8000,4024.8000,4025.0000,4027.6000,1,1,1,1,1,1,1,2,5,2
SF,IF2002,2019-12-26 09:32:26.600,4018.6000,909,0,12040380.000,0,-,-,-,-,4018.2000,4018.0000,4017.8000,4017.4000,4015.8000,4019.6000,4024.8000,4025.0000,4027.6000,4064.0000,1,1,1,1,1,1,2,5,2,3
SF,IF2002,2019-12-26 09:32:27.100,4018.6000,909,0,12040380.000,0,-,-,-,-,4018.4000,4018.2000,4017.8000,4017.4000,4015.8000,4024.8000,4025.0000,4027.6000,4064.0000,4278.4000,1,1,1,1,1,2,5,2,3,3
SF,IF2002,2019-12-26 09:32:27.600,4018.6000,909,0,12040380.000,0,-,-,-,-,4018.6000,4018.4000,4018.2000,4017.8000,4017.4000,4020.8000,4023.6000,4024.6000,4024.8000,4025.0000,1,1,1,1,1,1,1,7,2,5
SF,IF2002,2019-12-26 09:32:28.100,4018.6000,909,0,12040380.000,0,-,-,-,-,4018.6000,4018.4000,4018.2000,4017.8000,4017.4000,4020.6000,4020.8000,4023.6000,4024.6000,4024.8000,1,1,1,1,1,1,1,1,6,2
SF,IF2002,2019-12-26 09:32:28.600,4018.6000,909,0,12040380.000,0,-,-,-,-,4018.6000,4018.4000,4018.2000,4017.8000,4017.4000,4020.6000,4020.8000,4023.6000,4024.8000,4025.0000,1,1,1,1,1,1,1,2,2,5
SF,IF2002,2019-12-26 09:32:29.100,4018.6000,909,0,12040380.000,0,-,-,-,-,4018.6000,4018.4000,4018.2000,4017.8000,4017.4000,4020.4000,4020.6000,4020.8000,4023.6000,4024.8000,1,1,1,1,1,1,1,2,1,2
SF,IF2002,2019-12-26 09:32:29.600,4018.6000,909,0,12040380.000,0,-,-,-,-,4018.6000,4018.4000,4018.2000,4017.8000,4017.4000,4020.4000,4020.6000,4020.8000,4023.6000,4024.8000,1,1,1,1,1,1,1,1,1,2
SF,IF2002,2019-12-26 09:32:30.100,4018.6000,909,0,12040380.000,0,-,-,-,-,4018.8000,4018.6000,4018.2000,4017.4000,4015.8000,4020.2000,4020.4000,4020.6000,4020.8000,4023.6000,1,1,1,1,1,1,1,1,1,1
SF,IF2002,2019-12-26 09:32:31.100,4018.6000,909,0,12040380.000,0,-,-,-,-,4018.8000,4018.6000,4017.4000,4015.8000,4014.2000,4020.2000,4020.4000,4020.6000,4020.8000,4023.6000,1,1,1,1,1,1,1,1,1,1
SF,IF2002,2019-12-26 09:32:31.600,4018.6000,909,0,12040380.000,0,-,-,-,-,4017.4000,4015.8000,4014.2000,4008.0000,4001.0000,4020.2000,4020.4000,4020.6000,4020.8000,4023.6000,1,1,1,1,1,1,1,1,1,1
SF,IF2002,2019-12-26 09:32:32.100,4018.6000,909,0,12040380.000,0,-,-,-,-,4017.6000,4017.4000,4015.8000,4014.2000,4008.0000,4020.0000,4020.4000,4020.8000,4023.6000,4024.8000,2,1,1,1,1,1,1,1,1,2
SF,IF2002,2019-12-26 09:32:33.100,4018.6000,909,0,12040380.000,0,-,-,-,-,4017.8000,4017.6000,4017.4000,4015.8000,4014.2000,4020.0000,4020.8000,4023.6000,4024.8000,4025.0000,1,1,1,1,1,1,1,1,2,6
SF,IF2002,2019-12-26 09:32:33.600,4018.6000,909,0,12040380.000,0,-,-,-,-,4018.0000,4017.8000,4017.4000,4015.8000,4014.2000,4019.8000,4020.0000,4020.8000,4023.6000,4024.8000,1,1,1,1,1,1,1,1,1,2
SF,IF2002,2019-12-26 09:32:34.100,4018.6000,909,0,12040380.000,0,-,-,-,-,4018.2000,4018.0000,4017.8000,4017.4000,4015.8000,4019.8000,4020.0000,4020.8000,4023.6000,4024.8000,1,2,1,1,1,1,1,1,1,2
SF,IF2002,2019-12-26 09:32:34.600,4018.6000,909,0,12040380.000,0,-,-,-,-,4018.4000,4018.2000,4018.0000,4017.8000,4017.4000,4020.0000,4020.8000,4023.6000,4024.8000,4025.0000,1,1,1,1,1,1,1,1,2,6
SF,IF2002,2019-12-26 09:32:36.100,4018.6000,909,0,12040380.000,0,-,-,-,-,4018.8000,4018.4000,4018.2000,4018.0000,4017.8000,4020.0000,4020.8000,4023.6000,4024.8000,4025.0000,1,1,1,1,1,1,1,1,2,6
SF,IF2002,2019-12-26 09:32:36.600,4018.6000,909,0,12040380.000,0,-,-,-,-,4018.8000,4018.2000,4018.0000,4017.8000,4017.4000,4020.8000,4023.6000,4024.8000,4025.0000,4027.6000,1,1,1,1,1,1,1,2,6,2
SF,IF2002,2019-12-26 09:32:37.100,4018.6000,909,0,12040380.000,0,-,-,-,-,4019.0000,4018.8000,4018.2000,4017.8000,4017.4000,4020.8000,4023.6000,4024.8000,4025.0000,4027.6000,2,1,1,1,1,1,1,2,6,2
SF,IF2002,2019-12-26 09:32:37.600,4018.6000,909,0,12040380.000,0,-,-,-,-,4019.0000,4018.8000,4018.2000,4017.8000,4017.4000,4020.6000,4020.8000,4023.6000,4024.8000,4025.0000,2,1,1,1,1,2,1,1,2,6
SF,IF2002,2019-12-26 09:32:38.100,4018.6000,909,0,12040380.000,0,-,-,-,-,4019.0000,4018.8000,4018.2000,4017.8000,4017.4000,4020.4000,4020.6000,4020.8000,4023.6000,4024.8000,1,1,1,1,1,1,2,1,1,2
SF,IF2002,2019-12-26 09:32:38.600,4018.6000,909,0,12040380.000,0,-,-,-,-,4019.0000,4018.2000,4017.8000,4017.4000,4014.2000,4020.4000,4020.6000,4020.8000,4023.6000,4024.8000,1,1,1,1,1,1,2,1,1,2
SF,IF2002,2019-12-26 09:32:39.100,4018.6000,909,0,12040380.000,0,-,-,-,-,4018.2000,4017.8000,4017.4000,4014.2000,4008.0000,4020.4000,4020.6000,4020.8000,4023.6000,4024.8000,1,1,1,1,1,1,2,1,1,2
SF,IF2002,2019-12-26 09:32:39.600,4018.6000,909,0,12040380.000,0,-,-,-,-,4018.2000,4017.8000,4017.4000,4014.2000,4008.0000,4020.2000,4020.4000,4020.6000,4020.8000,4023.6000,1,1,1,1,1,1,1,1,1,1
SF,IF2002,2019-12-26 09:32:40.100,4018.6000,909,0,12040380.000,0,-,-,-,-,4018.2000,4017.8000,4017.4000,4014.2000,4008.0000,4020.0000,4020.2000,4020.4000,4020.8000,4023.6000,1,1,1,1,1,1,1,1,1,1
SF,IF2002,2019-12-26 09:32:40.600,4018.6000,909,0,12040380.000,0,-,-,-,-,4017.8000,4017.4000,4014.2000,4008.0000,4001.0000,4019.8000,4020.0000,4020.4000,4020.8000,4023.6000,1,1,1,1,1,1,1,1,1,1
SF,IF2002,2019-12-26 09:32:41.100,4018.6000,909,0,12040380.000,0,-,-,-,-,4014.2000,4008.0000,4001.0000,3992.0000,3991.0000,4019.6000,4019.8000,4020.0000,4020.4000,4020.8000,1,1,1,1,1,1,1,1,1,1
SF,IF2002,2019-12-26 09:32:41.600,4018.6000,909,0,12040380.000,0,-,-,-,-,4015.2000,4014.4000,4014.2000,4008.0000,4001.0000,4019.4000,4019.6000,4020.0000,4020.4000,4020.8000,1,1,1,1,1,1,1,1,1,1
SF,IF2002,2019-12-26 09:32:42.100,4018.6000,909,0,12040380.000,0,-,-,-,-,4015.4000,4015.2000,4014.2000,4008.0000,4001.0000,4019.2000,4019.4000,4019.6000,4020.0000,4020.4000,2,1,1,1,1,1,1,1,1,1
SF,IF2002,2019-12-26 09:32:42.600,4018.6000,909,0,12040380.000,0,-,-,-,-,4015.4000,4015.2000,4014.2000,4008.0000,4001.0000,4019.0000,4019.2000,4019.6000,4020.0000,4020.4000,2,1,1,1,1,1,1,1,1,1
SF,IF2002,2019-12-26 09:32:43.100,4018.6000,909,0,12040380.000,0,-,-,-,-,4015.6000,4015.4000,4015.2000,4014.2000,4008.0000,4019.0000,4019.2000,4019.6000,4020.0000,4020.4000,1,2,1,1,1,1,1,1,1,1
SF,IF2002,2019-12-26 09:32:43.600,4018.6000,909,0,12040380.000,0,-,-,-,-,4016.0000,4015.8000,4015.6000,4015.4000,4015.2000,4019.0000,4019.2000,4019.6000,4020.0000,4020.8000,1,2,1,1,1,1,1,1,1,1
SF,IF2002,2019-12-26 09:32:44.100,4018.6000,909,0,12040380.000,0,-,-,-,-,4016.2000,4015.8000,4015.6000,4015.4000,4015.2000,4019.0000,4019.2000,4019.6000,4020.8000,4023.6000,3,1,1,1,1,1,1,1,1,1
SF,IF2002,2019-12-26 09:32:44.600,4018.6000,909,0,12040380.000,0,-,-,-,-,4016.6000,4016.2000,4015.8000,4015.4000,4015.2000,4019.0000,4019.2000,4019.6000,4020.8000,4023.6000,1,3,1,1,1,1,1,1,1,1
SF,IF2002,2019-12-26 09:32:45.100,4018.6000,909,0,12040380.000,0,-,-,-,-,4016.8000,4016.6000,4016.2000,4015.8000,4015.4000,4019.0000,4019.2000,4020.8000,4023.6000,4024.8000,3,1,2,1,1,1,1,1,1,2
SF,IF2002,2019-12-26 09:32:45.600,4018.6000,909,0,12040380.000,0,-,-,-,-,4016.8000,4016.2000,4015.8000,4015.4000,4015.2000,4019.0000,4019.2000,4020.8000,4023.6000,4024.8000,3,1,1,1,1,1,1,1,1,2
SF,IF2002,2019-12-26 09:32:46.100,4018.6000,909,0,12040380.000,0,-,-,-,-,4017.0000,4016.8000,4016.2000,4015.8000,4015.4000,4018.8000,4019.2000,4020.8000,4023.6000,4024.8000,1,2,1,1,1,1,1,1,1,2
SF,IF2002,2019-12-26 09:32:46.600,4018.6000,909,0,12040380.000,0,-,-,-,-,4017.2000,4017.0000,4016.8000,4016.2000,4015.8000,4018.8000,4020.8000,4023.6000,4024.8000,4025.0000,2,1,1,1,1,1,1,1,2,6
SF,IF2002,2019-12-26 09:32:47.100,4018.6000,909,0,12040380.000,0,-,-,-,-,4017.4000,4017.2000,4017.0000,4016.8000,4016.2000,4018.8000,4020.8000,4023.6000,4024.8000,4025.0000,1,2,1,1,1,1,1,1,2,6
SF,IF2002,2019-12-26 09:32:47.600,4018.6000,909,0,12040380.000,0,-,-,-,-,4017.6000,4017.4000,4017.2000,4016.8000,4016.2000,4020.8000,4023.6000,4024.8000,4025.0000,4027.6000,1,1,1,1,1,1,1,2,6,2
SF,IF2002,2019-12-26 09:32:48.100,4018.6000,909,0,12040380.000,0,-,-,-,-,4017.6000,4017.4000,4017.2000,4016.8000,4016.2000,4020.6000,4020.8000,4023.6000,4024.8000,4025.0000,1,1,1,1,1,2,2,1,2,6
SF,IF2002,2019-12-26 09:32:48.600,4018.6000,909,0,12040380.000,0,-,-,-,-,4017.6000,4017.2000,4016.8000,4016.2000,4015.8000,4020.4000,4020.6000,4020.8000,4023.6000,4024.8000,1,1,1,1,1,1,2,2,1,2
SF,IF2002,2019-12-26 09:32:49.100,4018.6000,909,0,12040380.000,0,-,-,-,-,4017.2000,4016.8000,4016.2000,4015.8000,4015.4000,4020.2000,4020.4000,4020.6000,4020.8000,4023.6000,1,1,1,1,1,1,1,1,2,1
SF,IF2002,2019-12-26 09:32:49.600,4018.6000,909,0,12040380.000,0,-,-,-,-,4017.4000,4017.2000,4016.8000,4016.2000,4015.8000,4020.0000,4020.2000,4020.4000,4020.6000,4020.8000,1,1,1,1,1,1,1,1,1,2
SF,IF2002,2019-12-26 09:32:50.100,4018.6000,909,0,12040380.000,0,-,-,-,-,4017.4000,4016.8000,4016.2000,4015.8000,4015.4000,4019.8000,4020.0000,4020.4000,4020.6000,4020.8000,1,1,1,1,1,1,1,1,1,2
SF,IF2002,2019-12-26 09:32:50.600,4018.6000,909,0,12040380.000,0,-,-,-,-,4017.4000,4016.8000,4016.2000,4015.8000,4015.4000,4019.6000,4019.8000,4020.0000,4020.4000,4020.6000,1,1,1,1,1,1,1,1,1,1
SF,IF2002,2019-12-26 09:32:51.100,4018.6000,909,0,12040380.000,0,-,-,-,-,4017.4000,4016.8000,4016.2000,4015.8000,4015.4000,4019.4000,4019.6000,4020.0000,4020.4000,4020.6000,1,1,1,1,1,1,1,1,1,1
SF,IF2002,2019-12-26 09:32:51.600,4018.6000,909,0,12040380.000,0,-,-,-,-,4016.8000,4016.2000,4015.8000,4015.4000,4015.2000,4019.4000,4019.6000,4020.0000,4020.4000,4020.6000,1,1,1,1,1,1,1,1,1,1
SF,IF2002,2019-12-26 09:32:52.100,4018.6000,909,0,12040380.000,0,-,-,-,-,4017.0000,4016.8000,4016.2000,4015.8000,4015.4000,4019.2000,4019.4000,4019.6000,4020.0000,4020.6000,1,1,1,1,1,1,1,1,1,1
SF,IF2002,2019-12-26 09:32:52.600,4018.6000,909,0,12040380.000,0,-,-,-,-,4017.0000,4016.8000,4016.2000,4015.8000,4015.4000,4019.0000,4019.2000,4019.6000,4020.6000,4020.8000,1,1,1,1,1,1,1,1,1,2
SF,IF2002,2019-12-26 09:32:53.100,4018.6000,909,0,12040380.000,0,-,-,-,-,4017.0000,4016.2000,4015.8000,4015.4000,4015.2000,4018.8000,4019.0000,4019.2000,4019.6000,4020.6000,1,1,1,1,1,1,1,1,1,1
SF,IF2002,2019-12-26 09:32:53.600,4018.6000,909,0,12040380.000,0,-,-,-,-,4017.0000,4016.2000,4015.8000,4015.4000,4015.2000,4018.6000,4018.8000,4019.2000,4019.6000,4020.6000,1,1,1,1,1,1,1,1,1,1
SF,IF2002,2019-12-26 09:32:54.600,4018.6000,909,0,12040380.000,0,-,-,-,-,4017.0000,4016.2000,4015.8000,4015.4000,4015.2000,4018.4000,4018.6000,4018.8000,4019.2000,4019.6000,1,1,1,1,1,1,1,1,1,1
SF,IF2002,2019-12-26 09:32:55.100,4018.6000,909,0,12040380.000,0,-,-,-,-,4016.2000,4015.8000,4015.4000,4015.2000,4015.0000,4018.4000,4018.6000,4018.8000,4019.2000,4019.6000,1,1,1,1,1,1,1,1,1,1
SF,IF2002,2019-12-26 09:32:55.600,4018.6000,909,0,12040380.000,0,-,-,-,-,4016.4000,4016.2000,4015.8000,4015.4000,4015.2000,4018.2000,4018.4000,4018.8000,4019.2000,4019.6000,1,1,1,1,1,1,1,1,1,1
SF,IF2002,2019-12-26 09:32:56.100,4018.6000,909,0,12040380.000,0,-,-,-,-,4016.6000,4016.4000,4016.2000,4015.8000,4015.4000,4018.2000,4019.2000,4019.6000,4020.6000,4020.8000,1,1,1,1,1,1,1,1,1,2
SF,IF2002,2019-12-26 09:32:56.600,4018.6000,909,0,12040380.000,0,-,-,-,-,4016.8000,4016.6000,4016.2000,4015.8000,4015.4000,4019.2000,4020.6000,4020.8000,4023.6000,4024.8000,1,1,1,1,1,1,1,2,1,2
SF,IF2002,2019-12-26 09:32:57.100,4018.6000,909,0,12040380.000,0,-,-,-,-,4017.0000,4016.8000,4016.2000,4015.8000,4015.4000,4019.0000,4020.6000,4020.8000,4023.6000,4024.8000,1,1,1,1,1,1,1,2,1,2
SF,IF2002,2019-12-26 09:32:57.600,4018.6000,909,0,12040380.000,0,-,-,-,-,4017.2000,4017.0000,4016.2000,4015.8000,4015.4000,4019.0000,4020.6000,4020.8000,4023.6000,4024.8000,1,1,1,1,1,1,1,2,1,2
SF,IF2002,2019-12-26 09:32:58.100,4018.6000,909,0,12040380.000,0,-,-,-,-,4017.4000,4017.2000,4017.0000,4016.2000,4015.8000,4019.0000,4020.6000,4020.8000,4023.6000,4024.8000,1,1,1,1,1,1,1,2,1,2
SF,IF2002,2019-12-26 09:32:59.100,4018.6000,909,0,12040380.000,0,-,-,-,-,4017.4000,4017.2000,4017.0000,4016.2000,4015.8000,4018.4000,4019.0000,4020.6000,4020.8000,4023.6000,1,1,1,1,1,1,1,1,2,1
SF,IF2002,2019-12-26 09:32:59.600,4018.6000,909,0,12040380.000,0,-,-,-,-,4017.2000,4017.0000,4016.2000,4015.8000,4015.4000,4018.4000,4019.0000,4020.6000,4020.8000,4023.6000,1,1,1,1,1,1,1,1,2,1
SF,IF2002,2019-12-26 09:33:00.100,4018.6000,909,0,12040380.000,0,-,-,-,-,4017.2000,4017.0000,4016.2000,4015.8000,4015.4000,4018.4000,4020.6000,4020.8000,4023.6000,4024.8000,1,1,1,1,1,1,1,2,1,2
SF,IF2002,2019-12-26 09:33:00.600,4018.6000,909,0,12040380.000,0,-,-,-,-,4017.2000,4016.2000,4015.8000,4015.4000,4015.2000,4018.4000,4020.6000,4020.8000,4023.6000,4024.8000,1,1,1,1,1,1,1,2,1,2
SF,IF2002,2019-12-26 09:33:01.600,4018.6000,909,0,12040380.000,0,-,-,-,-,4017.4000,4017.2000,4016.2000,4015.8000,4015.4000,4018.4000,4020.8000,4023.6000,4024.8000,4025.0000,1,1,1,1,1,1,2,1,2,6
SF,IF2002,2019-12-26 09:33:05.600,4018.6000,909,0,12040380.000,0,-,-,-,-,4017.2000,4016.2000,4015.8000,4015.4000,4015.2000,4018.4000,4020.8000,4023.6000,4024.8000,4025.0000,1,1,1,1,1,1,2,1,2,6
SF,IF2002,2019-12-26 09:33:06.100,4018.6000,909,0,12040380.000,0,-,-,-,-,4016.2000,4015.8000,4015.4000,4015.2000,4015.0000,4018.4000,4020.8000,4023.6000,4024.8000,4025.0000,1,1,1,1,1,1,2,1,2,6
SF,IF2002,2019-12-26 09:33:06.600,4018.6000,909,0,12040380.000,0,-,-,-,-,4016.4000,4016.2000,4015.8000,4015.4000,4015.2000,4018.2000,4018.4000,4020.8000,4023.6000,4024.8000,1,1,1,1,1,1,1,2,1,2
SF,IF2002,2019-12-26 09:33:07.100,4018.6000,909,0,12040380.000,0,-,-,-,-,4016.6000,4016.4000,4016.2000,4015.8000,4015.4000,4018.2000,4018.4000,4020.8000,4023.6000,4024.8000,1,1,1,1,1,1,1,2,1,2
SF,IF2002,2019-12-26 09:33:07.600,4018.6000,909,0,12040380.000,0,-,-,-,-,4016.4000,4016.2000,4015.8000,4015.4000,4015.2000,4018.2000,4018.4000,4020.8000,4023.6000,4024.8000,1,1,1,1,1,1,1,2,1,2
SF,IF2002,2019-12-26 09:33:08.100,4018.6000,909,0,12040380.000,0,-,-,-,-,4016.4000,4016.2000,4015.8000,4015.4000,4015.2000,4018.0000,4018.2000,4018.4000,4020.8000,4023.6000,1,1,1,1,1,1,1,1,2,1
SF,IF2002,2019-12-26 09:33:08.600,4018.6000,909,0,12040380.000,0,-,-,-,-,4016.4000,4016.2000,4015.8000,4015.4000,4015.2000,4017.8000,4018.0000,4018.4000,4020.8000,4023.6000,1,1,1,1,1,1,1,1,2,1
SF,IF2002,2019-12-26 09:33:09.600,4018.6000,909,0,12040380.000,0,-,-,-,-,4016.6000,4016.4000,4016.2000,4015.8000,4015.4000,4017.8000,4018.0000,4018.4000,4020.8000,4023.6000,1,1,1,1,1,1,1,1,2,1
SF,IF2002,2019-12-26 09:33:10.100,4018.6000,909,0,12040380.000,0,-,-,-,-,4016.6000,4016.4000,4016.2000,4015.8000,4015.4000,4018.0000,4018.4000,4020.8000,4023.6000,4024.8000,1,1,1,1,1,1,1,2,1,2
SF,IF2002,2019-12-26 09:33:11.100,4018.6000,909,0,12040380.000,0,-,-,-,-,4016.6000,4016.4000,4016.2000,4015.8000,4015.4000,4017.8000,4018.0000,4018.4000,4020.8000,4023.6000,1,1,1,1,1,1,1,1,2,1
SF,IF2002,2019-12-26 09:33:11.600,4018.6000,909,0,12040380.000,0,-,-,-,-,4016.6000,4016.4000,4016.2000,4015.8000,4015.4000,4017.8000,4018.4000,4020.8000,4023.6000,4024.8000,1,1,1,1,1,1,1,2,1,2
SF,IF2002,2019-12-26 09:33:12.600,4018.6000,909,0,12040380.000,0,-,-,-,-,4016.6000,4016.4000,4016.2000,4015.8000,4015.4000,4018.4000,4020.8000,4023.6000,4024.8000,4025.0000,1,1,1,1,1,1,2,1,2,6
SF,IF2002,2019-12-26 09:33:13.100,4018.6000,909,0,12040380.000,0,-,-,-,-,4016.4000,4016.2000,4015.8000,4015.4000,4015.2000,4018.2000,4018.4000,4020.8000,4023.6000,4024.8000,1,1,1,1,1,1,1,2,1,2
SF,IF2002,2019-12-26 09:33:14.100,4018.6000,909,0,12040380.000,0,-,-,-,-,4016.6000,4016.4000,4016.2000,4015.8000,4015.4000,4018.4000,4020.8000,4023.6000,4024.8000,4025.0000,1,1,1,1,1,1,2,1,2,6
SF,IF2002,2019-12-26 09:33:15.600,4018.6000,909,0,12040380.000,0,-,-,-,-,4016.4000,4016.2000,4015.8000,4015.4000,4015.2000,4018.2000,4018.4000,4020.8000,4023.6000,4024.8000,1,1,1,1,1,1,1,2,1,2
SF,IF2002,2019-12-26 09:33:16.600,4018.6000,909,0,12040380.000,0,-,-,-,-,4016.6000,4016.4000,4016.2000,4015.8000,4015.4000,4018.4000,4020.8000,4023.6000,4024.8000,4025.0000,2,1,1,1,1,1,2,1,2,6
SF,IF2002,2019-12-26 09:33:17.100,4018.6000,909,0,12040380.000,0,-,-,-,-,4016.6000,4016.4000,4016.2000,4015.8000,4015.4000,4018.2000,4018.4000,4020.8000,4023.6000,4024.8000,2,1,1,1,1,1,1,2,1,2
SF,IF2002,2019-12-26 09:33:18.100,4018.6000,909,0,12040380.000,0,-,-,-,-,4016.6000,4016.4000,4016.2000,4015.8000,4015.4000,4018.0000,4018.2000,4018.4000,4020.8000,4023.6000,1,1,1,1,1,1,1,1,2,1
SF,IF2002,2019-12-26 09:33:19.100,4018.6000,909,0,12040380.000,0,-,-,-,-,4016.8000,4016.6000,4016.4000,4016.2000,4015.8000,4018.2000,4018.4000,4020.8000,4023.6000,4024.8000,1,1,1,1,1,1,1,2,1,2
SF,IF2002,2019-12-26 09:33:24.600,4018.6000,909,0,12040380.000,0,-,-,-,-,4017.0000,4016.8000,4016.6000,4016.4000,4016.2000,4018.2000,4018.4000,4020.8000,4023.6000,4024.8000,1,1,1,1,1,1,1,2,1,2
SF,IF2002,2019-12-26 09:33:25.100,4018.6000,909,0,12040380.000,0,-,-,-,-,4018.2000,4017.2000,4017.0000,4016.8000,4016.6000,4018.4000,4020.8000,4023.6000,4024.8000,4025.0000,1,1,2,1,1,1,1,1,2,6
SF,IF2002,2019-12-26 09:33:25.600,4018.4000,908,-1,13245900.000,1,0,1,双平,S,4018.2000,4017.0000,4016.8000,4016.6000,4016.2000,4020.8000,4023.6000,4024.8000,4025.0000,4027.6000,1,2,1,1,1,1,1,2,6,2
SF,IF2002,2019-12-26 09:33:26.100,4018.4000,908,0,13245900.000,0,-,-,-,-,4018.4000,4017.0000,4016.8000,4016.6000,4016.2000,4020.6000,4020.8000,4021.8000,4023.6000,4024.8000,4,2,1,1,1,1,1,5,1,2
SF,IF2002,2019-12-26 09:33:26.600,4018.4000,908,0,13245900.000,0,-,-,-,-,4018.6000,4018.4000,4017.0000,4016.6000,4016.2000,4020.6000,4020.8000,4021.8000,4023.6000,4024.8000,1,4,1,1,1,1,1,5,1,2
SF,IF2002,2019-12-26 09:33:27.100,4018.4000,908,0,13245900.000,0,-,-,-,-,4018.8000,4018.6000,4018.4000,4017.0000,4016.6000,4020.6000,4020.8000,4021.8000,4023.6000,4024.8000,1,1,4,1,1,1,1,5,1,2
SF,IF2002,2019-12-26 09:33:29.600,4018.4000,908,0,13245900.000,0,-,-,-,-,4018.8000,4018.4000,4017.0000,4016.6000,4016.2000,4020.6000,4020.8000,4021.8000,4023.6000,4024.8000,1,4,1,1,1,1,1,5,1,2
SF,IF2002,2019-12-26 09:33:30.100,4018.4000,908,0,13245900.000,0,-,-,-,-,4018.4000,4017.0000,4016.6000,4016.2000,4015.8000,4020.4000,4020.6000,4020.8000,4021.8000,4023.6000,4,1,1,1,1,1,1,1,5,1
SF,IF2002,2019-12-26 09:33:30.600,4018.4000,908,0,13245900.000,0,-,-,-,-,4018.4000,4017.0000,4016.6000,4016.2000,4015.8000,4020.2000,4020.4000,4020.8000,4021.8000,4023.6000,3,1,1,1,1,1,1,1,5,1
SF,IF2002,2019-12-26 09:33:31.100,4018.4000,908,0,13245900.000,0,-,-,-,-,4018.6000,4018.4000,4017.0000,4016.6000,4016.2000,4020.8000,4021.8000,4023.6000,4024.8000,4025.0000,2,3,1,1,1,1,5,1,2,6
SF,IF2002,2019-12-26 09:33:31.600,4018.4000,908,0,13245900.000,0,-,-,-,-,4018.8000,4018.6000,4018.4000,4017.0000,4016.6000,4020.6000,4021.8000,4023.6000,4024.8000,4025.0000,1,2,2,1,1,1,5,1,2,6
SF,IF2002,2019-12-26 09:33:32.100,4018.4000,908,0,13245900.000,0,-,-,-,-,4019.0000,4018.8000,4018.6000,4018.4000,4017.0000,4020.6000,4021.8000,4023.6000,4024.8000,4025.0000,1,1,2,2,1,1,5,1,2,6
SF,IF2002,2019-12-26 09:33:32.600,4018.4000,908,0,13245900.000,0,-,-,-,-,4019.0000,4018.8000,4018.6000,4018.4000,4017.0000,4020.6000,4021.8000,4023.6000,4024.8000,4025.0000,1,1,1,2,1,1,5,1,2,6
SF,IF2002,2019-12-26 09:33:33.100,4018.4000,908,0,13245900.000,0,-,-,-,-,4019.2000,4019.0000,4018.6000,4018.4000,4017.0000,4021.8000,4023.6000,4024.8000,4025.0000,4027.6000,1,1,1,2,1,5,1,2,1,2
SF,IF2002,2019-12-26 09:33:33.600,4018.4000,908,0,13245900.000,0,-,-,-,-,4019.4000,4019.2000,4019.0000,4018.6000,4018.4000,4021.6000,4021.8000,4023.6000,4024.8000,4025.0000,1,1,1,1,2,1,5,1,2,1
SF,IF2002,2019-12-26 09:33:34.100,4018.4000,908,0,13245900.000,0,-,-,-,-,4019.6000,4019.4000,4019.0000,4018.6000,4018.4000,4021.6000,4021.8000,4023.6000,4024.8000,4025.0000,1,1,1,1,2,1,5,1,2,1
SF,IF2002,2019-12-26 09:33:34.600,4018.4000,908,0,13245900.000,0,-,-,-,-,4019.8000,4019.6000,4019.0000,4018.6000,4018.4000,4021.6000,4021.8000,4023.6000,4024.8000,4025.0000,1,1,1,1,2,1,5,1,2,1
SF,IF2002,2019-12-26 09:33:35.100,4018.4000,908,0,13245900.000,0,-,-,-,-,4019.8000,4019.6000,4018.6000,4018.4000,4017.0000,4021.6000,4021.8000,4023.6000,4024.8000,4025.0000,1,1,1,2,1,1,5,1,2,1
SF,IF2002,2019-12-26 09:33:35.600,4018.4000,908,0,13245900.000,0,-,-,-,-,4018.6000,4018.4000,4017.0000,4016.6000,4015.0000,4021.4000,4021.6000,4021.8000,4023.6000,4024.8000,1,2,1,1,1,1,1,5,1,2
SF,IF2002,2019-12-26 09:33:36.100,4018.4000,908,0,13245900.000,0,-,-,-,-,4018.8000,4018.6000,4018.4000,4017.0000,4016.6000,4021.0000,4021.2000,4021.4000,4021.8000,4023.6000,1,1,2,1,1,1,1,1,5,1
SF,IF2002,2019-12-26 09:33:36.600,4018.4000,908,0,13245900.000,0,-,-,-,-,4018.8000,4018.6000,4018.4000,4017.0000,4016.6000,4020.8000,4021.0000,4021.8000,4023.6000,4024.8000,1,1,2,1,1,2,1,5,1,2
SF,IF2002,2019-12-26 09:33:37.600,4018.4000,908,0,13245900.000,0,-,-,-,-,4018.8000,4018.6000,4018.4000,4017.0000,4016.6000,4020.8000,4021.0000,4021.8000,4023.6000,4024.8000,1,1,2,1,1,1,1,5,1,2
SF,IF2002,2019-12-26 09:33:38.100,4018.4000,908,0,13245900.000,0,-,-,-,-,4019.0000,4018.8000,4018.6000,4018.4000,4017.0000,4020.8000,4021.0000,4021.8000,4023.6000,4024.8000,1,1,1,2,1,1,1,5,1,2
SF,IF2002,2019-12-26 09:33:52.600,4018.4000,908,0,13245900.000,0,-,-,-,-,4019.2000,4019.0000,4018.8000,4018.6000,4018.4000,4020.8000,4021.0000,4021.8000,4023.6000,4024.8000,1,1,1,1,2,1,1,5,1,2
SF,IF2002,2019-12-26 09:33:53.100,4018.4000,908,0,13245900.000,0,-,-,-,-,4019.2000,4018.8000,4018.6000,4018.4000,4017.0000,4020.6000,4020.8000,4021.0000,4021.8000,4023.6000,1,1,1,2,1,1,1,1,5,1
SF,IF2002,2019-12-26 09:33:53.600,4019.0000,908,0,14451600.000,1,0,1,多换,S,4018.8000,4018.6000,4018.4000,4017.0000,4016.6000,4020.6000,4020.8000,4021.0000,4021.8000,4023.6000,1,1,2,1,1,1,1,1,5,1
SF,IF2002,2019-12-26 09:33:54.100,4019.0000,908,0,14451600.000,0,-,-,-,-,4019.0000,4018.8000,4018.6000,4018.4000,4017.0000,4020.6000,4021.0000,4021.8000,4023.6000,4024.8000,1,1,1,2,1,1,1,5,1,2
SF,IF2002,2019-12-26 09:33:54.600,4019.0000,908,0,14451600.000,0,-,-,-,-,4019.2000,4019.0000,4018.6000,4018.4000,4017.0000,4021.8000,4023.6000,4024.8000,4025.0000,4027.6000,2,1,1,2,1,5,1,2,1,2
SF,IF2002,2019-12-26 09:33:55.100,4019.0000,908,0,14451600.000,0,-,-,-,-,4019.2000,4019.0000,4018.6000,4018.4000,4017.0000,4021.6000,4021.8000,4023.6000,4024.8000,4025.0000,2,1,1,2,1,1,5,1,2,1
SF,IF2002,2019-12-26 09:33:55.600,4019.0000,908,0,14451600.000,0,-,-,-,-,4019.2000,4019.0000,4018.6000,4018.4000,4017.0000,4021.4000,4021.6000,4021.8000,4023.6000,4024.8000,1,1,1,2,1,1,1,5,1,2
SF,IF2002,2019-12-26 09:33:56.100,4019.0000,908,0,14451600.000,0,-,-,-,-,4019.2000,4019.0000,4018.6000,4018.4000,4017.0000,4021.2000,4021.4000,4021.8000,4023.6000,4024.8000,1,1,1,2,1,1,1,5,1,2
SF,IF2002,2019-12-26 09:33:57.100,4019.0000,908,0,14451600.000,0,-,-,-,-,4019.2000,4019.0000,4018.6000,4018.4000,4017.0000,4021.0000,4021.2000,4021.4000,4021.8000,4023.6000,1,1,1,2,1,1,1,1,5,1
SF,IF2002,2019-12-26 09:33:57.600,4019.0000,908,0,14451600.000,0,-,-,-,-,4019.0000,4018.6000,4018.4000,4017.0000,4016.6000,4020.8000,4021.0000,4021.4000,4021.8000,4023.6000,1,1,2,1,1,1,1,1,5,1
SF,IF2002,2019-12-26 09:33:58.100,4019.0000,908,0,14451600.000,0,-,-,-,-,4018.6000,4018.4000,4017.0000,4016.6000,4015.0000,4020.6000,4020.8000,4021.0000,4021.4000,4021.8000,1,2,1,1,1,1,1,1,1,5
SF,IF2002,2019-12-26 09:33:58.600,4019.0000,908,0,14451600.000,0,-,-,-,-,4018.6000,4018.4000,4017.0000,4016.6000,4015.0000,4020.4000,4020.6000,4021.0000,4021.4000,4021.8000,1,2,1,1,1,1,1,1,1,5
SF,IF2002,2019-12-26 09:33:59.100,4019.0000,908,0,14451600.000,0,-,-,-,-,4018.6000,4018.4000,4017.0000,4016.6000,4015.0000,4020.2000,4020.4000,4020.6000,4021.0000,4021.4000,1,2,1,1,1,1,1,1,1,1
SF,IF2002,2019-12-26 09:34:02.100,4019.0000,908,0,14451600.000,0,-,-,-,-,4018.4000,4017.0000,4016.6000,4015.0000,4008.0000,4020.2000,4020.4000,4020.6000,4021.0000,4021.4000,2,1,1,1,1,1,1,1,1,1
SF,IF2002,2019-12-26 09:34:02.600,4019.0000,908,0,14451600.000,0,-,-,-,-,4018.4000,4017.0000,4016.6000,4015.0000,4008.0000,4020.0000,4020.2000,4020.6000,4021.0000,4021.4000,2,1,1,1,1,1,1,1,1,1
SF,IF2002,2019-12-26 09:34:03.100,4019.0000,908,0,14451600.000,0,-,-,-,-,4018.4000,4017.0000,4016.6000,4015.0000,4008.0000,4019.8000,4020.0000,4020.2000,4020.6000,4021.0000,2,1,1,1,1,1,1,1,1,1
SF,IF2002,2019-12-26 09:34:03.600,4019.0000,908,0,14451600.000,0,-,-,-,-,4018.4000,4017.0000,4016.6000,4015.0000,4008.0000,4019.6000,4019.8000,4020.2000,4020.6000,4021.0000,2,1,1,1,1,1,1,1,1,1
SF,IF2002,2019-12-26 09:34:07.100,4019.0000,908,0,14451600.000,0,-,-,-,-,4018.4000,4017.0000,4016.6000,4015.0000,4008.0000,4019.6000,4019.8000,4020.2000,4020.6000,4021.0000,2,1,1,1,1,1,2,1,1,1
SF,IF2002,2019-12-26 09:34:07.600,4019.0000,908,0,14451600.000,0,-,-,-,-,4018.4000,4017.0000,4016.6000,4015.0000,4008.0000,4019.6000,4019.8000,4020.2000,4020.6000,4021.0000,1,1,1,1,1,1,2,1,1,1
SF,IF2002,2019-12-26 09:34:13.600,4019.0000,908,0,14451600.000,0,-,-,-,-,4018.4000,4017.0000,4016.6000,4015.0000,4008.0000,4019.6000,4019.8000,4020.2000,4020.6000,4021.0000,1,1,1,1,1,1,2,1,1,1
SF,IF2002,2019-12-26 09:34:14.100,4019.0000,908,0,14451600.000,0,-,-,-,-,4018.4000,4017.0000,4016.6000,4015.0000,4008.0000,4019.6000,4019.8000,4020.2000,4020.6000,4021.0000,1,1,1,1,1,1,2,1,1,1
SF,IF2002,2019-12-26 09:34:14.600,4019.0000,908,0,14451600.000,0,-,-,-,-,4018.4000,4017.0000,4016.6000,4015.0000,4008.0000,4019.6000,4019.8000,4020.2000,4020.6000,4021.8000,1,1,1,1,1,1,2,1,1,5
SF,IF2002,2019-12-26 09:34:20.600,4019.0000,908,0,14451600.000,0,-,-,-,-,4017.0000,4016.6000,4015.0000,4008.0000,4001.0000,4019.6000,4019.8000,4020.2000,4020.6000,4021.8000,1,1,1,1,1,1,2,1,1,5
SF,IF2002,2019-12-26 09:34:21.100,4019.0000,908,0,14451600.000,0,-,-,-,-,4017.2000,4017.0000,4016.6000,4015.0000,4008.0000,4019.6000,4019.8000,4020.2000,4021.8000,4023.6000,2,1,1,1,1,1,2,1,5,1
SF,IF2002,2019-12-26 09:34:22.100,4019.0000,908,0,14451600.000,0,-,-,-,-,4017.2000,4017.0000,4016.6000,4015.0000,4008.0000,4019.4000,4019.6000,4019.8000,4020.2000,4021.8000,1,1,1,1,1,1,1,2,1,5
SF,IF2002,2019-12-26 09:34:22.600,4019.0000,908,0,14451600.000,0,-,-,-,-,4017.2000,4017.0000,4016.6000,4015.0000,4008.0000,4019.2000,4019.4000,4019.8000,4020.2000,4021.8000,1,1,1,1,1,1,1,2,1,5
SF,IF2002,2019-12-26 09:34:23.100,4019.0000,908,0,14451600.000,0,-,-,-,-,4017.2000,4017.0000,4016.6000,4015.0000,4008.0000,4019.0000,4019.2000,4019.8000,4020.2000,4021.8000,1,1,1,1,1,1,1,2,1,5
SF,IF2002,2019-12-26 09:34:23.600,4019.0000,908,0,14451600.000,0,-,-,-,-,4017.2000,4017.0000,4016.6000,4015.0000,4008.0000,4019.0000,4019.2000,4019.8000,4021.8000,4023.6000,1,1,1,1,1,1,1,2,5,1
SF,IF2002,2019-12-26 09:34:24.100,4019.0000,908,0,14451600.000,0,-,-,-,-,4017.2000,4017.0000,4016.6000,4015.0000,4008.0000,4018.8000,4019.0000,4019.8000,4021.8000,4023.6000,1,1,1,1,1,1,1,1,5,1
SF,IF2002,2019-12-26 09:34:24.600,4019.0000,908,0,14451600.000,0,-,-,-,-,4017.2000,4017.0000,4016.6000,4015.0000,4008.0000,4018.6000,4018.8000,4019.0000,4019.8000,4021.8000,1,1,1,1,1,1,1,1,1,5
SF,IF2002,2019-12-26 09:34:25.100,4019.0000,908,0,14451600.000,0,-,-,-,-,4017.2000,4017.0000,4016.6000,4015.0000,4008.0000,4018.6000,4018.8000,4019.8000,4021.8000,4023.6000,1,1,1,1,1,1,1,1,5,1
SF,IF2002,2019-12-26 09:34:25.600,4019.0000,908,0,14451600.000,0,-,-,-,-,4017.4000,4017.2000,4017.0000,4016.6000,4015.0000,4018.8000,4019.8000,4021.8000,4023.6000,4024.8000,1,2,1,1,1,1,1,5,1,2
SF,IF2002,2019-12-26 09:34:27.100,4019.0000,908,0,14451600.000,0,-,-,-,-,4017.2000,4017.0000,4016.6000,4015.0000,4008.0000,4018.6000,4018.8000,4019.8000,4021.8000,4023.6000,2,1,1,1,1,1,1,1,5,1
SF,IF2002,2019-12-26 09:34:27.600,4019.0000,908,0,14451600.000,0,-,-,-,-,4017.2000,4017.0000,4016.6000,4015.0000,4008.0000,4018.6000,4018.8000,4019.8000,4021.8000,4023.6000,1,1,1,1,1,1,1,1,5,1
SF,IF2002,2019-12-26 09:34:28.100,4019.0000,908,0,14451600.000,0,-,-,-,-,4017.2000,4016.6000,4015.0000,4008.0000,4001.0000,4018.6000,4018.8000,4019.8000,4021.8000,4023.6000,1,1,1,1,1,1,1,1,5,1
SF,IF2002,2019-12-26 09:34:28.600,4019.0000,908,0,14451600.000,0,-,-,-,-,4017.2000,4016.6000,4015.0000,4008.0000,4001.0000,4018.4000,4018.6000,4019.8000,4021.8000,4023.6000,1,1,1,1,1,1,1,1,5,1
SF,IF2002,2019-12-26 09:34:42.600,4019.0000,908,0,14451600.000,0,-,-,-,-,4017.2000,4016.6000,4015.0000,4008.0000,4001.0000,4018.4000,4018.6000,4019.8000,4021.8000,4023.6000,1,1,1,1,1,1,1,1,5,1
SF,IF2002,2019-12-26 09:34:43.100,4019.0000,908,0,14451600.000,0,-,-,-,-,4017.2000,4016.6000,4015.0000,4008.0000,4001.0000,4018.4000,4019.8000,4021.8000,4023.6000,4024.8000,1,1,1,1,1,1,1,5,1,2
SF,IF2002,2019-12-26 09:34:59.600,4019.0000,908,0,14451600.000,0,-,-,-,-,4017.2000,4015.0000,4008.0000,4001.0000,3992.0000,4018.4000,4019.8000,4021.8000,4023.6000,4024.8000,1,1,1,1,1,1,1,5,1,2
SF,IF2002,2019-12-26 09:35:01.100,4017.2000,907,-1,15656760.000,1,0,1,双平,S,4015.0000,4008.0000,4001.0000,3992.0000,3991.0000,4018.4000,4019.8000,4021.8000,4023.6000,4024.8000,1,1,1,1,1,1,1,5,1,2
SF,IF2002,2019-12-26 09:35:01.600,4017.2000,907,0,15656760.000,0,-,-,-,-,4015.2000,4015.0000,4008.0000,4001.0000,3992.0000,4018.4000,4019.8000,4021.8000,4023.6000,4024.8000,4,1,1,1,1,1,1,5,1,2
SF,IF2002,2019-12-26 09:35:02.600,4017.2000,907,0,15656760.000,0,-,-,-,-,4015.2000,4015.0000,4008.0000,4001.0000,3992.0000,4018.4000,4019.8000,4021.8000,4023.6000,4024.8000,3,1,1,1,1,1,1,5,1,2
SF,IF2002,2019-12-26 09:35:03.100,4017.2000,907,0,15656760.000,0,-,-,-,-,4015.4000,4015.2000,4015.0000,4008.0000,4001.0000,4018.4000,4019.8000,4021.8000,4023.6000,4024.8000,1,3,1,1,1,1,1,5,1,2
SF,IF2002,2019-12-26 09:35:03.600,4017.2000,907,0,15656760.000,0,-,-,-,-,4015.6000,4015.4000,4015.2000,4015.0000,4008.0000,4018.4000,4019.8000,4021.8000,4023.6000,4024.8000,2,1,2,1,1,1,1,5,1,2
SF,IF2002,2019-12-26 09:35:04.100,4017.2000,907,0,15656760.000,0,-,-,-,-,4016.2000,4015.8000,4015.6000,4015.2000,4015.0000,4018.4000,4019.8000,4021.8000,4023.6000,4024.8000,2,1,2,2,1,1,1,5,1,2
SF,IF2002,2019-12-26 09:35:04.600,4017.2000,907,0,15656760.000,0,-,-,-,-,4016.4000,4016.2000,4015.8000,4015.6000,4015.2000,4018.4000,4019.8000,4021.8000,4023.6000,4024.8000,1,2,1,1,2,1,1,5,1,2
SF,IF2002,2019-12-26 09:35:05.600,4017.2000,907,0,15656760.000,0,-,-,-,-,4016.6000,4016.4000,4016.2000,4015.8000,4015.6000,4018.4000,4019.8000,4020.0000,4021.8000,4023.6000,2,1,2,1,1,1,1,5,5,1
SF,IF2002,2019-12-26 09:35:06.100,4017.2000,907,0,15656760.000,0,-,-,-,-,4016.8000,4016.6000,4016.2000,4015.6000,4015.2000,4018.4000,4019.8000,4020.0000,4021.8000,4023.6000,1,2,2,1,2,1,1,5,5,1
SF,IF2002,2019-12-26 09:35:06.600,4017.2000,907,0,15656760.000,0,-,-,-,-,4016.8000,4016.2000,4015.6000,4015.2000,4015.0000,4018.2000,4018.4000,4019.8000,4020.0000,4021.8000,1,2,1,2,1,1,1,1,5,5
SF,IF2002,2019-12-26 09:35:07.600,4017.2000,907,0,15656760.000,0,-,-,-,-,4017.0000,4016.8000,4016.2000,4015.6000,4015.2000,4018.4000,4019.8000,4020.0000,4021.8000,4023.6000,1,1,2,1,2,1,1,5,5,1
SF,IF2002,2019-12-26 09:35:08.100,4017.0000,906,-1,16861860.000,1,0,1,双平,S,4016.2000,4015.6000,4015.2000,4015.0000,4008.0000,4018.4000,4019.8000,4020.0000,4021.8000,4023.6000,2,1,2,1,1,1,1,5,5,1
SF,IF2002,2019-12-26 09:35:08.600,4017.0000,906,0,16861860.000,0,-,-,-,-,4016.4000,4016.2000,4015.6000,4015.2000,4015.0000,4018.2000,4018.4000,4019.8000,4020.0000,4021.8000,1,2,1,2,1,1,1,1,5,5
SF,IF2002,2019-12-26 09:35:09.600,4017.0000,906,0,16861860.000,0,-,-,-,-,4016.4000,4016.2000,4015.6000,4015.2000,4015.0000,4018.4000,4019.8000,4020.0000,4021.8000,4023.6000,1,2,1,2,1,1,1,5,5,1
SF,IF2002,2019-12-26 09:35:10.100,4017.0000,906,0,16861860.000,0,-,-,-,-,4016.4000,4016.2000,4015.6000,4015.2000,4015.0000,4018.2000,4018.4000,4019.8000,4020.0000,4021.8000,1,2,1,2,1,1,1,1,5,5
SF,IF2002,2019-12-26 09:35:11.600,4017.0000,906,0,16861860.000,0,-,-,-,-,4016.4000,4016.2000,4015.6000,4015.2000,4015.0000,4018.4000,4019.8000,4020.0000,4021.8000,4023.6000,1,2,1,2,1,1,1,5,5,1
SF,IF2002,2019-12-26 09:35:17.100,4017.0000,906,0,16861860.000,0,-,-,-,-,4016.4000,4016.2000,4015.6000,4015.2000,4015.0000,4018.0000,4018.4000,4019.8000,4020.0000,4021.8000,1,2,1,1,1,1,1,1,5,5
SF,IF2002,2019-12-26 09:35:17.600,4017.0000,906,0,16861860.000,0,-,-,-,-,4016.2000,4015.6000,4015.2000,4015.0000,4008.0000,4017.8000,4018.0000,4019.8000,4020.0000,4021.8000,2,1,1,1,1,2,1,1,5,5
SF,IF2002,2019-12-26 09:35:18.600,4017.0000,906,0,16861860.000,0,-,-,-,-,4015.6000,4015.2000,4015.0000,4008.0000,4001.0000,4017.8000,4018.0000,4019.8000,4020.0000,4021.8000,1,1,1,1,1,2,1,1,5,5
SF,IF2002,2019-12-26 09:35:19.100,4017.0000,906,0,16861860.000,0,-,-,-,-,4015.8000,4015.6000,4015.2000,4015.0000,4008.0000,4017.8000,4018.0000,4019.8000,4020.0000,4021.8000,1,1,1,1,1,1,1,1,5,5
SF,IF2002,2019-12-26 09:35:19.600,4017.0000,906,0,16861860.000,0,-,-,-,-,4015.8000,4015.6000,4015.2000,4015.0000,4008.0000,4017.6000,4017.8000,4018.0000,4019.8000,4020.0000,1,1,1,1,1,1,1,1,1,5
SF,IF2002,2019-12-26 09:35:20.600,4017.0000,906,0,16861860.000,0,-,-,-,-,4015.8000,4015.6000,4015.2000,4015.0000,4008.0000,4017.8000,4018.0000,4019.8000,4020.0000,4021.8000,1,1,1,1,1,1,1,1,5,5
SF,IF2002,2019-12-26 09:35:21.100,4017.0000,906,0,16861860.000,0,-,-,-,-,4015.8000,4015.6000,4015.2000,4015.0000,4008.0000,4017.6000,4017.8000,4018.0000,4019.8000,4020.0000,1,1,1,1,1,1,1,1,1,5
SF,IF2002,2019-12-26 09:35:31.100,4017.0000,906,0,16861860.000,0,-,-,-,-,4016.0000,4015.8000,4015.6000,4015.2000,4015.0000,4017.6000,4017.8000,4018.0000,4019.8000,4020.0000,1,1,1,1,1,1,1,1,1,5
SF,IF2002,2019-12-26 09:35:31.600,4017.0000,906,0,16861860.000,0,-,-,-,-,4016.2000,4016.0000,4015.6000,4015.2000,4015.0000,4019.8000,4020.0000,4021.8000,4023.6000,4024.8000,1,3,1,1,1,1,5,5,1,2
SF,IF2002,2019-12-26 09:35:32.100,4017.0000,906,0,16861860.000,0,-,-,-,-,4016.2000,4016.0000,4015.6000,4015.2000,4015.0000,4018.8000,4019.6000,4019.8000,4020.0000,4021.8000,1,3,1,1,1,1,3,1,5,5
SF,IF2002,2019-12-26 09:35:32.600,4017.0000,906,0,16861860.000,0,-,-,-,-,4016.2000,4016.0000,4015.6000,4015.2000,4015.0000,4018.6000,4018.8000,4019.6000,4019.8000,4020.0000,1,3,1,1,1,1,1,1,1,5
SF,IF2002,2019-12-26 09:35:33.600,4017.0000,906,0,16861860.000,0,-,-,-,-,4016.2000,4016.0000,4015.6000,4015.2000,4015.0000,4018.6000,4018.8000,4019.8000,4020.0000,4021.8000,1,3,1,1,1,1,1,1,5,5
SF,IF2002,2019-12-26 09:35:34.100,4017.0000,906,0,16861860.000,0,-,-,-,-,4016.4000,4016.2000,4016.0000,4015.6000,4015.2000,4018.6000,4018.8000,4019.8000,4020.0000,4021.8000,1,1,3,1,1,1,1,1,5,5
SF,IF2002,2019-12-26 09:35:34.600,4017.0000,906,0,16861860.000,0,-,-,-,-,4016.6000,4016.4000,4016.0000,4015.6000,4015.2000,4018.8000,4019.8000,4020.0000,4021.8000,4023.6000,1,1,3,1,1,1,1,5,5,1
SF,IF2002,2019-12-26 09:35:35.100,4017.0000,906,0,16861860.000,0,-,-,-,-,4016.8000,4016.6000,4016.4000,4016.0000,4015.6000,4018.8000,4019.8000,4020.0000,4021.8000,4023.6000,1,1,1,3,1,1,1,5,5,1
SF,IF2002,2019-12-26 09:35:35.600,4017.0000,906,0,16861860.000,0,-,-,-,-,4017.0000,4016.8000,4016.4000,4016.0000,4015.6000,4018.8000,4019.8000,4020.0000,4021.8000,4023.6000,1,1,1,3,1,1,1,5,5,1
SF,IF2002,2019-12-26 09:35:36.100,4017.0000,906,0,16861860.000,0,-,-,-,-,4017.0000,4016.8000,4016.4000,4016.0000,4015.6000,4019.8000,4020.0000,4021.8000,4023.6000,4024.8000,1,2,1,3,1,1,5,5,1,2
SF,IF2002,2019-12-26 09:35:36.600,4017.0000,906,0,16861860.000,0,-,-,-,-,4017.0000,4016.8000,4016.4000,4016.0000,4015.6000,4019.6000,4019.8000,4020.0000,4021.8000,4023.6000,1,2,1,3,1,1,1,5,5,1
SF,IF2002,2019-12-26 09:35:38.100,4017.0000,906,0,16861860.000,0,-,-,-,-,4017.2000,4017.0000,4016.8000,4016.4000,4016.0000,4019.6000,4019.8000,4020.0000,4021.8000,4023.6000,1,1,2,1,3,1,1,5,5,1
SF,IF2002,2019-12-26 09:35:38.600,4017.0000,906,0,16861860.000,0,-,-,-,-,4017.4000,4017.2000,4016.8000,4016.4000,4016.0000,4019.6000,4019.8000,4020.0000,4021.8000,4023.6000,1,1,2,1,3,1,1,5,5,1
SF,IF2002,2019-12-26 09:35:39.100,4017.0000,906,0,16861860.000,0,-,-,-,-,4017.4000,4017.2000,4016.8000,4016.4000,4016.0000,4019.4000,4019.6000,4019.8000,4020.0000,4021.8000,1,1,1,1,3,1,1,1,5,5
SF,IF2002,2019-12-26 09:35:40.100,4017.0000,906,0,16861860.000,0,-,-,-,-,4017.4000,4017.2000,4016.8000,4016.4000,4016.0000,4019.6000,4019.8000,4020.0000,4021.8000,4023.6000,1,1,1,1,3,1,1,5,5,1
SF,IF2002,2019-12-26 09:35:42.600,4017.0000,906,0,16861860.000,0,-,-,-,-,4017.6000,4017.4000,4017.2000,4016.8000,4016.4000,4019.6000,4019.8000,4020.0000,4021.8000,4023.6000,1,1,1,1,1,1,1,5,5,1
SF,IF2002,2019-12-26 09:35:43.100,4017.0000,906,0,16861860.000,0,-,-,-,-,4017.8000,4017.6000,4017.2000,4016.8000,4016.4000,4019.8000,4020.0000,4021.8000,4023.6000,4024.8000,1,1,1,1,1,1,5,5,1,2
SF,IF2002,2019-12-26 09:35:43.600,4017.0000,906,0,16861860.000,0,-,-,-,-,4018.0000,4017.8000,4017.6000,4017.2000,4016.8000,4019.8000,4020.0000,4021.8000,4023.6000,4024.8000,1,1,1,1,1,1,5,5,1,2
SF,IF2002,2019-12-26 09:35:44.100,4017.0000,906,0,16861860.000,0,-,-,-,-,4018.2000,4018.0000,4017.6000,4017.2000,4016.8000,4019.6000,4019.8000,4020.0000,4021.8000,4023.6000,1,1,1,1,1,1,1,5,5,1
SF,IF2002,2019-12-26 09:35:44.600,4017.0000,906,0,16861860.000,0,-,-,-,-,4018.4000,4018.2000,4018.0000,4017.6000,4017.2000,4019.6000,4019.8000,4020.0000,4021.8000,4023.6000,1,1,2,1,1,1,1,5,5,1
SF,IF2002,2019-12-26 09:35:45.100,4017.0000,906,0,16861860.000,0,-,-,-,-,4018.4000,4018.2000,4018.0000,4017.6000,4017.2000,4019.8000,4020.0000,4021.8000,4023.6000,4024.8000,1,1,1,1,1,1,5,5,1,2
SF,IF2002,2019-12-26 09:35:45.600,4017.0000,906,0,16861860.000,0,-,-,-,-,4018.4000,4018.2000,4018.0000,4017.6000,4017.2000,4019.6000,4019.8000,4020.0000,4021.8000,4023.6000,1,1,1,1,1,1,1,5,5,1
SF,IF2002,2019-12-26 09:35:46.600,4017.0000,906,0,16861860.000,0,-,-,-,-,4018.4000,4018.2000,4018.0000,4017.6000,4017.2000,4019.8000,4020.0000,4021.8000,4023.6000,4024.8000,1,1,1,1,1,1,5,5,1,2
SF,IF2002,2019-12-26 09:35:47.100,4017.0000,906,0,16861860.000,0,-,-,-,-,4018.6000,4018.4000,4018.0000,4017.6000,4017.2000,4019.8000,4020.0000,4021.8000,4023.6000,4024.8000,1,1,1,1,1,1,5,5,1,2
SF,IF2002,2019-12-26 09:35:49.600,4017.0000,906,0,16861860.000,0,-,-,-,-,4018.8000,4018.6000,4018.4000,4018.0000,4017.6000,4019.8000,4020.0000,4021.8000,4023.6000,4024.8000,1,1,1,1,1,1,5,5,1,2
SF,IF2002,2019-12-26 09:35:50.100,4019.8000,905,-1,18067800.000,1,0,1,双平,S,4018.8000,4018.6000,4018.4000,4018.0000,4017.6000,4020.0000,4021.8000,4023.6000,4024.8000,4025.0000,1,1,1,1,1,5,5,1,2,1
SF,IF2002,2019-12-26 09:35:56.600,4020.0000,905,0,19273800.000,1,0,1,多换,S,4018.8000,4018.6000,4018.4000,4018.0000,4017.6000,4020.0000,4021.8000,4023.6000,4024.8000,4025.0000,1,1,1,1,1,4,5,1,2,1
SF,IF2002,2019-12-26 09:35:57.100,4020.0000,905,0,19273800.000,0,-,-,-,-,4019.0000,4018.8000,4018.4000,4018.0000,4017.6000,4020.0000,4021.8000,4023.6000,4024.8000,4025.0000,1,1,1,1,1,4,5,1,2,1
SF,IF2002,2019-12-26 09:35:57.600,4020.0000,906,1,22891800.000,3,2,1,空开,S,4019.2000,4019.0000,4018.8000,4018.4000,4018.0000,4020.0000,4021.8000,4023.6000,4024.8000,4025.0000,1,1,1,1,1,1,5,1,2,1
SF,IF2002,2019-12-26 09:35:58.100,4020.0000,906,0,22891800.000,0,-,-,-,-,4019.4000,4019.2000,4018.8000,4018.4000,4018.0000,4020.0000,4021.8000,4023.6000,4024.8000,4025.0000,1,1,1,1,1,1,5,1,2,1
SF,IF2002,2019-12-26 09:36:00.600,4020.0000,906,0,22891800.000,0,-,-,-,-,4019.4000,4018.8000,4018.4000,4018.0000,4017.6000,4020.0000,4021.8000,4023.6000,4024.8000,4025.0000,1,1,1,1,1,1,5,1,2,1
SF,IF2002,2019-12-26 09:36:02.100,4020.0000,906,0,24097800.000,1,0,1,多换,S,4019.4000,4018.8000,4018.4000,4018.0000,4017.6000,4021.8000,4023.6000,4024.8000,4025.0000,4026.0000,1,1,1,1,1,5,1,2,1,2
SF,IF2002,2019-12-26 09:36:02.600,4020.0000,906,0,24097800.000,0,-,-,-,-,4020.0000,4019.4000,4018.8000,4018.4000,4018.0000,4021.6000,4021.8000,4023.6000,4024.8000,4025.0000,2,1,1,1,1,1,5,1,2,1
SF,IF2002,2019-12-26 09:36:03.100,4020.0000,906,0,24097800.000,0,-,-,-,-,4020.0000,4019.4000,4018.8000,4018.4000,4018.0000,4021.4000,4021.6000,4021.8000,4023.6000,4024.8000,2,1,1,1,1,1,2,5,1,2
SF,IF2002,2019-12-26 09:36:03.600,4020.0000,906,0,24097800.000,0,-,-,-,-,4020.0000,4018.8000,4018.4000,4018.0000,4017.6000,4021.2000,4021.4000,4021.6000,4021.8000,4023.6000,2,1,1,1,1,1,1,1,5,1
SF,IF2002,2019-12-26 09:36:04.100,4020.0000,906,0,24097800.000,0,-,-,-,-,4020.0000,4018.8000,4018.4000,4018.0000,4017.6000,4021.0000,4021.2000,4021.4000,4021.6000,4021.8000,2,1,1,1,1,1,1,1,1,5
SF,IF2002,2019-12-26 09:36:04.600,4020.0000,906,0,24097800.000,0,-,-,-,-,4020.0000,4018.8000,4018.4000,4018.0000,4017.6000,4021.0000,4021.2000,4021.4000,4021.8000,4023.6000,2,1,1,1,1,1,1,1,5,1
SF,IF2002,2019-12-26 09:36:06.100,4020.0000,906,0,24097800.000,0,-,-,-,-,4020.0000,4018.8000,4018.4000,4018.0000,4017.6000,4021.0000,4021.2000,4021.4000,4021.8000,4023.6000,2,1,1,1,1,1,1,1,5,1
SF,IF2002,2019-12-26 09:36:09.100,4020.0000,906,0,24097800.000,0,-,-,-,-,4018.8000,4018.4000,4018.0000,4017.6000,4015.0000,4021.0000,4021.2000,4021.4000,4021.8000,4023.6000,1,1,1,1,1,1,1,1,5,1
SF,IF2002,2019-12-26 09:36:09.600,4020.0000,906,0,24097800.000,0,-,-,-,-,4019.0000,4018.8000,4018.4000,4018.0000,4017.6000,4021.2000,4021.8000,4023.6000,4024.8000,4025.0000,1,1,1,1,1,1,5,1,2,1
SF,IF2002,2019-12-26 09:36:10.100,4020.0000,906,0,24097800.000,0,-,-,-,-,4019.2000,4019.0000,4018.8000,4018.4000,4018.0000,4021.2000,4021.8000,4023.6000,4024.8000,4025.0000,1,1,1,1,1,1,5,1,2,1
SF,IF2002,2019-12-26 09:36:10.600,4020.0000,906,0,24097800.000,0,-,-,-,-,4019.4000,4019.2000,4018.8000,4018.4000,4018.0000,4021.8000,4023.6000,4024.8000,4025.0000,4026.0000,1,1,1,1,1,5,1,2,1,2
SF,IF2002,2019-12-26 09:36:11.100,4020.0000,906,0,24097800.000,0,-,-,-,-,4019.4000,4019.2000,4018.8000,4018.4000,4018.0000,4021.6000,4021.8000,4023.6000,4024.8000,4025.0000,1,1,1,1,1,1,5,1,2,1
SF,IF2002,2019-12-26 09:36:11.600,4020.0000,906,0,24097800.000,0,-,-,-,-,4019.6000,4019.4000,4019.2000,4018.8000,4018.4000,4021.6000,4021.8000,4023.6000,4024.8000,4025.0000,1,1,1,1,1,1,5,1,2,1
SF,IF2002,2019-12-26 09:36:12.100,4020.0000,906,0,24097800.000,0,-,-,-,-,4019.8000,4019.6000,4019.2000,4018.8000,4018.4000,4021.6000,4021.8000,4023.6000,4024.8000,4025.0000,1,1,1,1,1,1,5,1,2,1
SF,IF2002,2019-12-26 09:36:12.600,4020.0000,906,0,24097800.000,0,-,-,-,-,4020.0000,4019.8000,4019.6000,4019.2000,4018.8000,4021.8000,4023.6000,4024.8000,4025.0000,4026.0000,2,1,1,1,1,5,1,2,1,2
SF,IF2002,2019-12-26 09:36:13.100,4020.0000,906,0,24097800.000,0,-,-,-,-,4020.2000,4020.0000,4019.6000,4019.2000,4018.8000,4021.8000,4023.6000,4024.8000,4025.0000,4026.0000,2,2,1,1,1,5,1,2,1,2
SF,IF2002,2019-12-26 09:36:18.100,4020.0000,906,0,24097800.000,0,-,-,-,-,4020.2000,4020.0000,4019.6000,4019.2000,4018.8000,4021.8000,4023.6000,4024.8000,4025.0000,4026.0000,2,4,1,1,1,5,1,1,1,2
SF,IF2002,2019-12-26 09:36:21.100,4020.0000,906,0,24097800.000,0,-,-,-,-,4020.6000,4020.4000,4020.2000,4020.0000,4019.6000,4021.8000,4023.6000,4024.8000,4025.0000,4026.0000,1,1,2,4,1,5,1,1,1,2
SF,IF2002,2019-12-26 09:36:21.600,4020.0000,906,0,24097800.000,0,-,-,-,-,4020.8000,4020.6000,4020.4000,4020.2000,4020.0000,4021.8000,4023.6000,4024.8000,4025.0000,4026.0000,1,1,1,2,4,5,1,1,1,2
SF,IF2002,2019-12-26 09:36:22.600,4020.0000,906,0,24097800.000,0,-,-,-,-,4020.8000,4020.4000,4020.2000,4020.0000,4019.6000,4021.8000,4023.6000,4024.8000,4025.0000,4026.0000,1,1,2,4,1,5,1,1,1,2
SF,IF2002,2019-12-26 09:36:23.100,4020.0000,906,0,24097800.000,0,-,-,-,-,4020.4000,4020.2000,4020.0000,4019.6000,4019.2000,4021.6000,4021.8000,4023.6000,4024.8000,4025.0000,1,2,4,1,1,1,5,1,1,1
SF,IF2002,2019-12-26 09:36:24.100,4020.0000,906,0,24097800.000,0,-,-,-,-,4020.2000,4020.0000,4019.6000,4019.2000,4018.8000,4021.8000,4023.6000,4024.8000,4025.0000,4026.0000,2,4,1,1,1,5,1,1,1,2
SF,IF2002,2019-12-26 09:36:28.600,4020.0000,906,0,24097800.000,0,-,-,-,-,4020.4000,4020.2000,4020.0000,4019.6000,4019.2000,4021.8000,4023.6000,4024.8000,4025.0000,4026.0000,1,2,4,1,1,5,1,1,1,2
SF,IF2002,2019-12-26 09:36:29.100,4020.0000,906,0,24097800.000,0,-,-,-,-,4020.2000,4020.0000,4019.6000,4019.2000,4018.8000,4021.6000,4021.8000,4023.6000,4024.8000,4025.0000,2,4,1,1,1,1,5,1,1,1
SF,IF2002,2019-12-26 09:36:31.100,4020.0000,906,0,24097800.000,0,-,-,-,-,4020.2000,4020.0000,4019.6000,4019.2000,4018.8000,4021.6000,4021.8000,4023.6000,4024.8000,4025.0000,1,4,1,1,1,1,5,1,1,1
SF,IF2002,2019-12-26 09:36:31.600,4020.0000,906,0,24097800.000,0,-,-,-,-,4020.0000,4019.6000,4019.2000,4018.8000,4015.0000,4021.4000,4021.6000,4021.8000,4023.6000,4024.8000,4,1,1,1,1,1,1,5,1,1
SF,IF2002,2019-12-26 09:36:32.100,4020.0000,906,0,24097800.000,0,-,-,-,-,4020.0000,4019.2000,4018.8000,4015.0000,4008.0000,4021.2000,4021.4000,4021.6000,4021.8000,4023.6000,4,1,1,1,1,1,1,1,5,1
SF,IF2002,2019-12-26 09:36:35.100,4020.0000,906,0,24097800.000,0,-,-,-,-,4020.0000,4019.2000,4018.8000,4015.0000,4008.0000,4021.2000,4021.4000,4021.6000,4021.8000,4023.6000,2,1,1,1,1,1,1,1,5,1
SF,IF2002,2019-12-26 09:36:35.600,4020.0000,906,0,24097800.000,0,-,-,-,-,4020.0000,4018.8000,4015.0000,4008.0000,4001.0000,4021.0000,4021.2000,4021.6000,4021.8000,4023.6000,2,1,1,1,1,1,1,1,5,1
SF,IF2002,2019-12-26 09:36:36.100,4020.0000,905,-1,25303800.000,1,0,1,双平,S,4020.0000,4018.8000,4015.0000,4008.0000,4001.0000,4021.0000,4021.2000,4021.6000,4021.8000,4023.6000,1,1,1,1,1,2,1,1,5,1
SF,IF2002,2019-12-26 09:36:36.600,4020.0000,904,-1,26509800.000,1,0,1,双平,S,4018.8000,4015.0000,4008.0000,4001.0000,3992.0000,4021.0000,4021.2000,4021.6000,4021.8000,4023.6000,1,1,1,1,1,2,1,1,5,1
SF,IF2002,2019-12-26 09:36:37.100,4020.0000,904,0,26509800.000,0,-,-,-,-,4018.8000,4015.0000,4008.0000,4001.0000,3992.0000,4021.0000,4021.2000,4021.8000,4023.6000,4024.8000,1,1,1,1,1,2,1,5,1,1
SF,IF2002,2019-12-26 09:36:37.600,4020.0000,904,0,26509800.000,0,-,-,-,-,4018.8000,4015.0000,4008.0000,4001.0000,3992.0000,4021.0000,4021.8000,4023.6000,4024.8000,4025.0000,1,1,1,1,1,1,5,1,1,1
SF,IF2002,2019-12-26 09:36:38.100,4020.0000,904,0,26509800.000,0,-,-,-,-,4019.0000,4018.8000,4015.0000,4008.0000,4001.0000,4021.0000,4021.8000,4023.6000,4024.8000,4025.0000,1,1,1,1,1,1,5,1,1,1
SF,IF2002,2019-12-26 09:36:39.600,4020.0000,904,0,26509800.000,0,-,-,-,-,4019.0000,4018.8000,4015.0000,4008.0000,4001.0000,4020.8000,4021.0000,4021.8000,4023.6000,4024.8000,1,1,1,1,1,1,1,5,1,1
SF,IF2002,2019-12-26 09:36:42.100,4020.0000,904,0,26509800.000,0,-,-,-,-,4019.2000,4019.0000,4018.8000,4015.0000,4008.0000,4020.8000,4021.0000,4021.8000,4023.6000,4024.8000,1,1,1,1,1,1,1,5,1,1
SF,IF2002,2019-12-26 09:36:42.600,4020.0000,904,0,26509800.000,0,-,-,-,-,4019.2000,4019.0000,4018.8000,4015.0000,4008.0000,4021.0000,4021.8000,4023.6000,4024.8000,4025.0000,1,1,1,1,1,1,5,1,1,1
SF,IF2002,2019-12-26 09:36:43.100,4020.0000,904,0,26509800.000,0,-,-,-,-,4019.4000,4019.2000,4018.8000,4015.0000,4008.0000,4021.0000,4021.8000,4023.6000,4024.8000,4025.0000,1,1,1,1,1,1,5,1,1,1
SF,IF2002,2019-12-26 09:36:43.600,4020.0000,904,0,26509800.000,0,-,-,-,-,4019.4000,4019.2000,4018.8000,4015.0000,4008.0000,4021.8000,4023.6000,4024.8000,4025.0000,4026.0000,1,1,1,1,1,5,1,1,1,2
SF,IF2002,2019-12-26 09:36:44.100,4020.0000,904,0,26509800.000,0,-,-,-,-,4019.4000,4019.2000,4018.8000,4015.0000,4008.0000,4021.6000,4021.8000,4023.6000,4024.8000,4025.0000,1,1,1,1,1,1,5,1,1,1
SF,IF2002,2019-12-26 09:36:44.600,4020.0000,904,0,26509800.000,0,-,-,-,-,4019.4000,4019.2000,4018.8000,4015.0000,4010.0000,4021.4000,4021.6000,4021.8000,4023.6000,4024.8000,1,1,1,1,1,1,1,5,1,1
SF,IF2002,2019-12-26 09:36:45.100,4020.0000,904,0,26509800.000,0,-,-,-,-,4019.4000,4019.2000,4018.8000,4015.0000,4010.0000,4021.2000,4021.4000,4021.8000,4023.6000,4024.8000,1,1,1,1,1,1,1,5,1,1
SF,IF2002,2019-12-26 09:36:45.600,4020.0000,904,0,26509800.000,0,-,-,-,-,4019.4000,4019.2000,4018.8000,4015.0000,4010.0000,4021.0000,4021.2000,4021.4000,4021.8000,4023.6000,1,1,1,1,1,1,1,1,5,1
SF,IF2002,2019-12-26 09:36:46.100,4020.0000,904,0,26509800.000,0,-,-,-,-,4019.2000,4018.8000,4015.0000,4010.0000,4008.0000,4020.8000,4021.0000,4021.4000,4021.8000,4023.6000,1,1,1,1,1,1,1,1,5,1
SF,IF2002,2019-12-26 09:36:46.600,4020.0000,904,0,26509800.000,0,-,-,-,-,4019.2000,4018.8000,4015.0000,4010.0000,4008.0000,4020.6000,4020.8000,4021.0000,4021.4000,4021.8000,1,1,1,1,1,1,1,1,1,5
SF,IF2002,2019-12-26 09:36:47.100,4020.0000,904,0,26509800.000,0,-,-,-,-,4018.8000,4015.0000,4010.0000,4008.0000,4001.0000,4020.4000,4020.6000,4021.0000,4021.4000,4021.8000,1,1,1,1,1,1,1,1,1,5
SF,IF2002,2019-12-26 09:36:47.600,4020.0000,904,0,26509800.000,0,-,-,-,-,4015.0000,4010.0000,4008.0000,4001.0000,3992.0000,4020.2000,4020.4000,4020.6000,4021.0000,4021.4000,1,1,1,1,1,1,1,1,1,1
SF,IF2002,2019-12-26 09:36:48.100,4020.0000,904,0,26509800.000,0,-,-,-,-,4015.2000,4015.0000,4010.0000,4008.0000,4001.0000,4020.0000,4020.2000,4020.6000,4021.8000,4023.6000,2,1,1,1,1,1,1,1,5,1
SF,IF2002,2019-12-26 09:36:48.600,4020.0000,904,0,26509800.000,0,-,-,-,-,4017.6000,4015.4000,4015.2000,4015.0000,4010.0000,4020.0000,4020.2000,4020.6000,4021.8000,4023.6000,2,1,2,1,1,1,1,1,5,1
SF,IF2002,2019-12-26 09:36:49.100,4020.0000,904,0,26509800.000,0,-,-,-,-,4017.8000,4017.6000,4015.4000,4015.2000,4015.0000,4019.8000,4020.0000,4020.2000,4020.6000,4021.8000,2,2,1,1,1,1,1,1,1,5
SF,IF2002,2019-12-26 09:36:50.100,4020.0000,904,0,26509800.000,0,-,-,-,-,4018.0000,4017.8000,4017.6000,4015.4000,4015.0000,4019.8000,4020.0000,4020.2000,4020.6000,4021.8000,1,2,2,1,1,1,1,1,1,5
SF,IF2002,2019-12-26 09:36:50.600,4020.0000,904,0,26509800.000,0,-,-,-,-,4018.2000,4017.8000,4017.6000,4015.4000,4015.0000,4019.8000,4020.0000,4020.2000,4020.6000,4021.8000,2,1,2,1,1,1,1,1,1,5
SF,IF2002,2019-12-26 09:36:52.100,4020.0000,904,0,26509800.000,0,-,-,-,-,4018.2000,4018.0000,4017.8000,4017.6000,4015.4000,4019.8000,4020.0000,4020.2000,4020.6000,4021.8000,2,1,1,2,1,1,1,1,1,5
SF,IF2002,2019-12-26 09:36:52.600,4020.0000,904,0,26509800.000,0,-,-,-,-,4018.2000,4017.8000,4017.6000,4015.4000,4015.0000,4019.8000,4020.0000,4020.2000,4020.6000,4021.8000,2,1,2,1,1,1,1,1,1,5
SF,IF2002,2019-12-26 09:37:03.100,4020.0000,904,0,26509800.000,0,-,-,-,-,4018.2000,4017.8000,4017.6000,4015.4000,4010.0000,4019.8000,4020.0000,4020.2000,4020.6000,4021.8000,2,1,2,1,1,1,1,1,1,5
SF,IF2002,2019-12-26 09:37:03.600,4020.0000,904,0,26509800.000,0,-,-,-,-,4018.2000,4017.8000,4017.6000,4015.4000,4010.0000,4019.6000,4019.8000,4020.2000,4020.6000,4021.8000,1,1,2,1,1,2,1,1,1,5
SF,IF2002,2019-12-26 09:37:04.100,4020.0000,904,0,26509800.000,0,-,-,-,-,4018.2000,4017.8000,4017.6000,4015.4000,4010.0000,4019.4000,4019.6000,4020.2000,4021.8000,4023.6000,1,1,2,1,1,1,2,1,5,1
SF,IF2002,2019-12-26 09:37:04.600,4020.0000,904,0,26509800.000,0,-,-,-,-,4018.2000,4017.8000,4017.6000,4015.4000,4010.0000,4019.4000,4019.6000,4021.8000,4023.6000,4024.8000,1,1,2,1,1,1,2,5,1,1
SF,IF2002,2019-12-26 09:37:05.100,4020.0000,904,0,26509800.000,0,-,-,-,-,4018.2000,4017.8000,4017.6000,4015.4000,4010.0000,4019.2000,4019.4000,4019.6000,4021.8000,4023.6000,1,1,2,1,1,1,1,1,5,1
SF,IF2002,2019-12-26 09:37:08.600,4020.0000,904,0,26509800.000,0,-,-,-,-,4017.8000,4017.6000,4015.4000,4010.0000,4008.0000,4019.2000,4019.4000,4019.6000,4021.8000,4023.6000,1,2,1,1,1,1,1,1,5,1
SF,IF2002,2019-12-26 09:37:09.100,4020.0000,904,0,26509800.000,0,-,-,-,-,4017.8000,4017.6000,4015.4000,4010.0000,4008.0000,4019.0000,4019.2000,4019.6000,4021.8000,4023.6000,1,2,1,1,1,1,1,1,5,1
SF,IF2002,2019-12-26 09:37:11.600,4020.0000,904,0,26509800.000,0,-,-,-,-,4017.6000,4015.4000,4010.0000,4008.0000,4001.0000,4019.0000,4019.2000,4019.6000,4021.8000,4023.6000,2,1,1,1,1,1,1,1,5,1
SF,IF2002,2019-12-26 09:37:12.100,4020.0000,904,0,26509800.000,0,-,-,-,-,4017.6000,4015.4000,4010.0000,4008.0000,4001.0000,4018.8000,4019.0000,4019.2000,4021.8000,4023.6000,2,1,1,1,1,1,1,1,5,1
SF,IF2002,2019-12-26 09:37:12.600,4020.0000,904,0,26509800.000,0,-,-,-,-,4017.6000,4015.4000,4010.0000,4008.0000,4001.0000,4018.6000,4018.8000,4019.0000,4019.2000,4021.8000,2,1,1,1,1,1,1,1,1,5
SF,IF2002,2019-12-26 09:37:21.100,4020.0000,904,0,26509800.000,0,-,-,-,-,4017.8000,4017.6000,4015.4000,4010.0000,4008.0000,4018.6000,4018.8000,4019.0000,4019.2000,4021.8000,1,2,1,1,1,1,1,1,1,5
SF,IF2002,2019-12-26 09:37:21.600,4020.0000,904,0,26509800.000,0,-,-,-,-,4017.8000,4017.6000,4015.4000,4010.0000,4008.0000,4018.6000,4018.8000,4019.2000,4021.8000,4023.6000,1,2,1,1,1,1,1,1,5,1
SF,IF2002,2019-12-26 09:37:22.100,4020.0000,904,0,26509800.000,0,-,-,-,-,4017.8000,4017.6000,4015.4000,4010.0000,4008.0000,4018.6000,4018.8000,4021.8000,4023.6000,4024.8000,1,2,1,1,1,1,1,5,1,1
SF,IF2002,2019-12-26 09:37:22.600,4020.0000,904,0,26509800.000,0,-,-,-,-,4017.8000,4017.6000,4015.4000,4010.0000,4008.0000,4018.6000,4021.8000,4023.6000,4024.8000,4025.0000,1,2,1,1,1,1,5,1,1,1
SF,IF2002,2019-12-26 09:37:23.100,4020.0000,904,0,26509800.000,0,-,-,-,-,4017.6000,4015.4000,4010.0000,4008.0000,4001.0000,4018.6000,4021.8000,4023.6000,4024.8000,4025.0000,2,1,1,1,1,1,5,1,1,1
SF,IF2002,2019-12-26 09:37:38.600,4018.6000,903,-1,27715380.000,1,0,1,双平,S,4017.6000,4015.4000,4010.0000,4008.0000,4001.0000,4020.0000,4021.8000,4023.6000,4024.8000,4025.0000,2,1,1,1,1,1,5,1,1,1
SF,IF2002,2019-12-26 09:37:39.100,4018.6000,903,0,27715380.000,0,-,-,-,-,4017.6000,4015.4000,4010.0000,4008.0000,4001.0000,4019.8000,4020.0000,4021.8000,4023.6000,4024.8000,2,1,1,1,1,2,1,5,1,1
SF,IF2002,2019-12-26 09:37:40.100,4018.6000,903,0,27715380.000,0,-,-,-,-,4017.6000,4015.4000,4010.0000,4008.0000,4001.0000,4019.8000,4021.8000,4023.6000,4024.8000,4025.0000,2,1,1,1,1,2,5,1,1,1
SF,IF2002,2019-12-26 09:37:40.600,4018.6000,903,0,27715380.000,0,-,-,-,-,4017.8000,4017.6000,4015.4000,4010.0000,4008.0000,4019.8000,4021.8000,4023.6000,4024.8000,4025.0000,2,2,1,1,1,1,5,1,1,1
SF,IF2002,2019-12-26 09:37:41.600,4018.6000,903,0,27715380.000,0,-,-,-,-,4017.8000,4017.6000,4015.4000,4010.0000,4008.0000,4019.6000,4019.8000,4021.8000,4023.6000,4024.8000,2,2,1,1,1,1,1,5,1,1
SF,IF2002,2019-12-26 09:37:42.100,4018.6000,903,0,27715380.000,0,-,-,-,-,4017.6000,4015.4000,4010.0000,4008.0000,4001.0000,4019.4000,4019.6000,4021.8000,4023.6000,4024.8000,2,1,1,1,1,1,1,5,1,1
SF,IF2002,2019-12-26 09:37:42.600,4018.6000,903,0,27715380.000,0,-,-,-,-,4017.6000,4015.4000,4010.0000,4008.0000,4001.0000,4019.2000,4019.4000,4019.6000,4021.8000,4023.6000,2,1,1,1,1,1,1,1,5,1
SF,IF2002,2019-12-26 09:37:43.100,4018.6000,903,0,27715380.000,0,-,-,-,-,4017.6000,4015.4000,4010.0000,4008.0000,4001.0000,4019.2000,4019.4000,4021.8000,4023.6000,4024.8000,2,1,1,1,1,1,2,5,1,1
SF,IF2002,2019-12-26 09:37:43.600,4018.6000,903,0,27715380.000,0,-,-,-,-,4017.8000,4017.6000,4015.4000,4010.0000,4008.0000,4019.4000,4021.8000,4023.6000,4024.8000,4025.0000,1,2,1,1,1,1,5,1,1,1
SF,IF2002,2019-12-26 09:37:47.600,4018.6000,903,0,27715380.000,0,-,-,-,-,4017.8000,4017.6000,4015.4000,4010.0000,4008.0000,4019.4000,4021.8000,4023.6000,4024.8000,4025.0000,1,2,1,1,1,1,5,1,1,1
SF,IF2002,2019-12-26 09:37:48.100,4018.6000,903,0,27715380.000,0,-,-,-,-,4018.0000,4017.8000,4017.6000,4015.4000,4010.0000,4021.8000,4023.6000,4024.8000,4025.0000,4026.0000,1,1,2,1,1,5,1,1,1,2
SF,IF2002,2019-12-26 09:37:48.600,4018.6000,903,0,27715380.000,0,-,-,-,-,4018.2000,4018.0000,4017.8000,4017.6000,4015.4000,4020.8000,4021.6000,4021.8000,4023.6000,4024.8000,1,1,1,2,1,1,3,5,1,1
SF,IF2002,2019-12-26 09:37:49.100,4018.6000,903,0,27715380.000,0,-,-,-,-,4018.4000,4018.2000,4017.8000,4017.6000,4015.4000,4020.6000,4020.8000,4021.6000,4021.8000,4023.6000,1,1,1,2,1,1,1,2,5,1
SF,IF2002,2019-12-26 09:37:49.600,4018.6000,903,0,27715380.000,0,-,-,-,-,4018.6000,4018.4000,4018.2000,4017.8000,4017.6000,4020.6000,4020.8000,4021.6000,4021.8000,4023.6000,1,1,1,1,2,1,1,2,5,1
SF,IF2002,2019-12-26 09:37:50.100,4018.6000,903,0,27715380.000,0,-,-,-,-,4018.6000,4018.4000,4018.2000,4017.8000,4017.6000,4020.6000,4020.8000,4021.6000,4021.8000,4023.6000,1,2,1,1,2,1,1,2,5,1
SF,IF2002,2019-12-26 09:37:50.600,4018.6000,903,0,27715380.000,0,-,-,-,-,4018.6000,4018.4000,4018.2000,4017.6000,4010.0000,4020.6000,4020.8000,4021.6000,4021.8000,4023.6000,1,2,1,2,1,1,1,2,5,1
SF,IF2002,2019-12-26 09:37:53.100,4018.6000,903,0,27715380.000,0,-,-,-,-,4018.6000,4018.4000,4018.2000,4010.0000,4008.0000,4020.6000,4020.8000,4021.6000,4021.8000,4023.6000,1,2,1,1,1,1,1,2,5,1
SF,IF2002,2019-12-26 09:37:53.600,4018.6000,903,0,27715380.000,0,-,-,-,-,4018.6000,4018.4000,4010.0000,4008.0000,4001.0000,4020.4000,4020.6000,4020.8000,4021.6000,4021.8000,1,2,1,1,1,1,1,1,2,5
SF,IF2002,2019-12-26 09:37:54.100,4018.6000,903,0,27715380.000,0,-,-,-,-,4018.6000,4018.4000,4010.0000,4008.0000,4001.0000,4020.2000,4020.4000,4020.8000,4021.6000,4021.8000,1,1,1,1,1,1,2,1,2,5
SF,IF2002,2019-12-26 09:37:54.600,4018.6000,903,0,27715380.000,0,-,-,-,-,4018.6000,4018.4000,4010.0000,4008.0000,4001.0000,4020.0000,4020.2000,4020.4000,4020.8000,4021.6000,1,1,1,1,1,1,1,2,1,2
SF,IF2002,2019-12-26 09:37:55.100,4018.6000,903,0,27715380.000,0,-,-,-,-,4018.6000,4018.4000,4010.0000,4008.0000,4001.0000,4020.0000,4020.2000,4020.4000,4020.8000,4021.8000,1,1,1,1,1,1,1,1,1,5
SF,IF2002,2019-12-26 09:37:55.600,4018.6000,903,0,27715380.000,0,-,-,-,-,4018.6000,4010.0000,4008.0000,4001.0000,3992.0000,4020.0000,4020.2000,4020.8000,4021.8000,4023.6000,1,1,1,1,1,1,1,1,5,1
SF,IF2002,2019-12-26 09:37:56.100,4018.6000,903,0,27715380.000,0,-,-,-,-,4010.0000,4008.0000,4001.0000,3992.0000,3991.0000,4020.0000,4020.2000,4020.8000,4021.8000,4023.6000,1,1,1,1,1,1,1,1,5,1
SF,IF2002,2019-12-26 09:37:56.600,4018.6000,903,0,27715380.000,0,-,-,-,-,4015.2000,4011.4000,4010.2000,4010.0000,4008.0000,4019.8000,4020.8000,4021.8000,4023.6000,4024.8000,1,2,3,1,1,1,1,5,1,1
SF,IF2002,2019-12-26 09:37:57.100,4018.6000,903,0,27715380.000,0,-,-,-,-,4017.2000,4015.4000,4015.2000,4011.4000,4010.2000,4019.8000,4020.8000,4021.8000,4023.6000,4024.8000,2,2,1,2,5,1,1,5,1,1
SF,IF2002,2019-12-26 09:37:57.600,4018.6000,903,0,27715380.000,0,-,-,-,-,4017.4000,4017.2000,4015.4000,4015.2000,4010.2000,4019.8000,4020.8000,4021.8000,4023.6000,4024.8000,3,2,1,1,1,1,1,5,1,1
SF,IF2002,2019-12-26 09:37:58.600,4018.6000,903,0,27715380.000,0,-,-,-,-,4017.4000,4017.2000,4015.4000,4015.2000,4011.6000,4019.8000,4020.8000,4021.8000,4023.6000,4024.8000,2,2,1,1,2,1,1,5,1,1
SF,IF2002,2019-12-26 09:37:59.100,4018.6000,903,0,27715380.000,0,-,-,-,-,4017.6000,4017.4000,4017.2000,4015.4000,4015.2000,4019.8000,4020.8000,4021.8000,4023.6000,4024.8000,1,2,2,1,1,1,1,5,1,1
SF,IF2002,2019-12-26 09:37:59.600,4018.6000,903,0,27715380.000,0,-,-,-,-,4017.8000,4017.6000,4017.4000,4017.2000,4015.4000,4019.8000,4020.8000,4021.8000,4023.6000,4024.8000,2,1,1,2,1,1,1,5,1,1
SF,IF2002,2019-12-26 09:38:00.100,4018.6000,903,0,27715380.000,0,-,-,-,-,4018.0000,4017.8000,4017.4000,4017.2000,4015.4000,4019.8000,4020.8000,4021.8000,4023.6000,4024.8000,1,2,1,2,1,1,1,5,1,1
SF,IF2002,2019-12-26 09:38:00.600,4018.6000,903,0,27715380.000,0,-,-,-,-,4018.2000,4018.0000,4017.8000,4017.4000,4017.2000,4019.8000,4020.8000,4021.8000,4023.6000,4024.8000,1,1,1,1,2,1,1,5,1,1
SF,IF2002,2019-12-26 09:38:01.600,4018.6000,903,0,27715380.000,0,-,-,-,-,4018.4000,4018.2000,4018.0000,4017.8000,4017.4000,4019.8000,4020.8000,4021.8000,4023.6000,4024.8000,1,1,1,1,1,1,1,5,1,1
SF,IF2002,2019-12-26 09:38:02.100,4018.6000,903,0,27715380.000,0,-,-,-,-,4018.4000,4018.2000,4018.0000,4017.8000,4017.4000,4020.8000,4021.8000,4023.6000,4024.8000,4025.0000,1,1,1,1,1,1,5,1,1,1
SF,IF2002,2019-12-26 09:38:02.600,4018.6000,903,0,27715380.000,0,-,-,-,-,4018.2000,4018.0000,4017.8000,4017.4000,4017.2000,4020.6000,4020.8000,4021.8000,4023.6000,4024.8000,1,1,1,1,2,2,1,5,1,1
SF,IF2002,2019-12-26 09:38:03.100,4018.6000,903,0,27715380.000,0,-,-,-,-,4018.2000,4018.0000,4017.4000,4017.2000,4015.2000,4020.6000,4020.8000,4021.8000,4023.6000,4024.8000,1,1,1,2,1,2,1,5,1,1
SF,IF2002,2019-12-26 09:38:03.600,4018.6000,903,0,27715380.000,0,-,-,-,-,4018.4000,4018.2000,4018.0000,4017.4000,4017.2000,4020.6000,4020.8000,4021.8000,4023.6000,4024.8000,1,1,1,1,2,1,1,5,1,1
SF,IF2002,2019-12-26 09:38:04.100,4018.6000,903,0,27715380.000,0,-,-,-,-,4018.4000,4018.2000,4017.4000,4017.2000,4015.2000,4020.6000,4020.8000,4021.8000,4023.6000,4024.8000,1,1,1,2,1,1,2,5,1,1
SF,IF2002,2019-12-26 09:38:04.600,4018.6000,903,0,27715380.000,0,-,-,-,-,4018.6000,4018.4000,4017.4000,4015.2000,4011.6000,4020.6000,4020.8000,4021.8000,4023.6000,4024.8000,1,1,1,1,2,1,1,5,1,1
SF,IF2002,2019-12-26 09:38:05.100,4018.6000,903,0,27715380.000,0,-,-,-,-,4018.8000,4018.6000,4018.4000,4017.4000,4015.2000,4020.6000,4020.8000,4021.8000,4023.6000,4024.8000,1,1,1,1,1,1,1,5,1,1
SF,IF2002,2019-12-26 09:38:06.100,4018.6000,903,0,27715380.000,0,-,-,-,-,4018.8000,4018.6000,4017.4000,4015.2000,4011.6000,4020.4000,4020.6000,4020.8000,4021.8000,4023.6000,1,1,1,1,2,1,1,1,5,1
SF,IF2002,2019-12-26 09:38:06.600,4018.6000,903,0,27715380.000,0,-,-,-,-,4018.6000,4017.4000,4015.2000,4011.6000,4010.2000,4020.4000,4020.6000,4020.8000,4021.8000,4023.6000,1,1,1,2,1,1,1,1,5,1
SF,IF2002,2019-12-26 09:38:07.100,4018.6000,903,0,27715380.000,0,-,-,-,-,4018.8000,4018.6000,4017.4000,4015.2000,4011.6000,4020.2000,4020.8000,4021.8000,4023.6000,4024.8000,1,1,1,1,2,1,1,5,1,1
SF,IF2002,2019-12-26 09:38:08.100,4018.6000,903,0,27715380.000,0,-,-,-,-,4018.8000,4018.6000,4017.4000,4011.6000,4010.2000,4020.2000,4020.8000,4021.8000,4023.6000,4024.8000,1,1,1,2,1,1,1,5,1,1
SF,IF2002,2019-12-26 09:38:11.100,4018.6000,903,0,27715380.000,0,-,-,-,-,4018.8000,4018.6000,4017.4000,4011.6000,4010.2000,4020.2000,4021.8000,4023.6000,4024.8000,4025.0000,1,1,1,2,1,1,5,1,1,1
SF,IF2002,2019-12-26 09:38:11.600,4018.6000,903,0,27715380.000,0,-,-,-,-,4019.0000,4018.8000,4017.4000,4011.6000,4010.2000,4021.8000,4023.6000,4024.8000,4025.0000,4026.0000,2,1,1,2,1,5,1,1,1,2
SF,IF2002,2019-12-26 09:38:12.100,4018.6000,903,0,27715380.000,0,-,-,-,-,4019.2000,4019.0000,4018.8000,4017.4000,4011.6000,4021.6000,4021.8000,4023.6000,4024.8000,4025.0000,1,2,1,1,2,1,5,1,1,1
SF,IF2002,2019-12-26 09:38:12.600,4018.6000,903,0,27715380.000,0,-,-,-,-,4019.4000,4019.2000,4019.0000,4018.8000,4017.4000,4021.6000,4021.8000,4023.6000,4024.8000,4025.0000,1,1,1,1,1,1,5,1,1,1
SF,IF2002,2019-12-26 09:38:13.100,4018.6000,903,0,27715380.000,0,-,-,-,-,4019.6000,4019.4000,4019.2000,4019.0000,4017.4000,4021.6000,4021.8000,4023.6000,4024.8000,4025.0000,1,1,1,1,1,1,5,1,1,1
SF,IF2002,2019-12-26 09:38:13.600,4018.6000,903,0,27715380.000,0,-,-,-,-,4019.8000,4019.6000,4019.0000,4018.6000,4017.4000,4021.6000,4021.8000,4023.6000,4024.8000,4025.0000,1,1,1,2,1,1,5,1,1,1
SF,IF2002,2019-12-26 09:38:14.100,4018.6000,903,0,27715380.000,0,-,-,-,-,4019.8000,4019.0000,4018.6000,4017.4000,4011.6000,4021.4000,4021.6000,4021.8000,4023.6000,4024.8000,1,1,2,1,2,1,1,5,1,1
SF,IF2002,2019-12-26 09:38:15.600,4018.6000,903,0,27715380.000,0,-,-,-,-,4020.0000,4019.8000,4019.0000,4018.6000,4017.4000,4021.6000,4021.8000,4023.6000,4024.8000,4025.0000,1,1,1,2,1,1,5,1,1,1
SF,IF2002,2019-12-26 09:38:16.600,4018.6000,903,0,27715380.000,0,-,-,-,-,4020.0000,4019.8000,4019.0000,4018.6000,4017.4000,4021.4000,4021.6000,4021.8000,4023.6000,4024.8000,1,1,1,2,1,1,1,5,1,1
SF,IF2002,2019-12-26 09:38:17.100,4018.6000,903,0,27715380.000,0,-,-,-,-,4019.8000,4019.0000,4018.6000,4017.4000,4016.0000,4021.4000,4021.6000,4021.8000,4023.6000,4024.8000,1,1,2,1,1,1,1,5,1,1
SF,IF2002,2019-12-26 09:38:18.100,4018.6000,903,0,27715380.000,0,-,-,-,-,4020.0000,4019.8000,4019.0000,4018.6000,4017.4000,4021.6000,4021.8000,4023.6000,4024.8000,4025.0000,1,1,1,2,1,1,5,1,1,1
SF,IF2002,2019-12-26 09:38:27.600,4018.6000,903,0,27715380.000,0,-,-,-,-,4020.2000,4020.0000,4019.8000,4019.0000,4018.6000,4021.6000,4021.8000,4023.6000,4024.8000,4025.0000,1,1,1,1,2,1,5,1,1,1
SF,IF2002,2019-12-26 09:38:28.100,4018.6000,903,0,27715380.000,0,-,-,-,-,4020.4000,4020.2000,4019.8000,4019.0000,4018.6000,4021.6000,4021.8000,4023.6000,4024.8000,4025.0000,1,1,1,1,2,1,5,1,1,1
SF,IF2002,2019-12-26 09:38:28.600,4018.6000,903,0,27715380.000,0,-,-,-,-,4020.4000,4020.2000,4019.8000,4019.0000,4018.6000,4021.8000,4023.6000,4024.8000,4025.0000,4026.0000,1,1,1,1,2,5,1,1,1,2
SF,IF2002,2019-12-26 09:38:29.100,4018.6000,903,0,27715380.000,0,-,-,-,-,4020.6000,4020.4000,4020.2000,4019.0000,4018.6000,4021.8000,4023.6000,4024.8000,4025.0000,4026.0000,1,1,1,1,2,5,1,1,1,2
SF,IF2002,2019-12-26 09:38:31.100,4021.8000,902,-1,28921920.000,1,0,1,双平,S,4020.6000,4020.4000,4020.2000,4019.0000,4018.6000,4021.8000,4023.6000,4025.0000,4026.0000,4030.0000,1,1,1,1,2,4,1,1,2,5
SF,IF2002,2019-12-26 09:38:32.100,4021.8000,902,0,28921920.000,0,-,-,-,-,4020.8000,4020.6000,4020.4000,4020.2000,4019.0000,4021.8000,4023.6000,4025.0000,4026.0000,4030.0000,1,1,1,1,1,4,1,1,2,5
SF,IF2002,2019-12-26 09:38:32.600,4021.8000,902,0,30128460.000,1,0,1,多换,S,4021.0000,4020.8000,4020.4000,4020.2000,4019.0000,4021.8000,4023.6000,4025.0000,4026.0000,4030.0000,1,2,1,1,1,3,1,1,2,5
SF,IF2002,2019-12-26 09:38:33.100,4021.8000,900,-2,32541540.000,2,0,2,双平,S,4021.2000,4021.0000,4020.8000,4020.4000,4020.2000,4021.8000,4023.6000,4025.0000,4026.0000,4030.0000,1,1,2,1,1,1,1,1,2,5
