市场代码,合约代码,时间,最新,持仓,增仓,成交额,成交量,开仓,平仓,成交类型,方向,买一价,买二价,买三价,买四价,买五价,卖一价,卖二价,卖三价,卖四价,卖五价,买一量,买二量,买三量,买四量,买五量,卖一量,卖二量,卖三量,卖四量,卖五量
SF,IF2009,2020-02-07 09:29:00.300,3843.8000,5665,0,1153140.000,1.000,-,-,-,-,3832.6000,3828.0000,3826.6000,3824.6000,3821.0000,3844.0000,3846.2000,3854.0000,3862.6000,3865.0000,1,1,1,1,4,1,1,1,2,3
SF,IF2009,2020-02-07 09:30:00.300,3838.8000,5665,0,2304780.000,1,0,1,多换,S,3838.8000,3836.4000,3834.0000,3833.4000,3833.0000,3843.0000,3854.0000,3862.6000,3865.0000,3870.8000,1,1,2,1,1,1,1,2,3,1
SF,IF2009,2020-02-07 09:30:00.800,3838.8000,5665,0,2304780.000,0,-,-,-,-,3839.0000,3838.8000,3836.4000,3834.0000,3833.4000,3842.8000,3843.0000,3854.0000,3865.0000,3870.8000,1,1,1,2,1,1,1,1,3,1
SF,IF2009,2020-02-07 09:30:01.300,3839.0000,5663,-2,4609320.000,2,0,2,双平,S,3836.4000,3832.8000,3832.6000,3832.4000,3830.0000,3842.8000,3843.0000,3865.0000,3870.8000,3883.6000,1,1,1,1,1,1,1,3,1,1
SF,IF2009,2020-02-07 09:30:01.800,3839.0000,5663,0,4609320.000,0,-,-,-,-,3836.6000,3836.4000,3832.8000,3832.6000,3832.4000,3843.0000,3850.0000,3865.0000,3870.8000,3883.6000,4,1,1,1,1,1,5,3,1,1
SF,IF2009,2020-02-07 09:30:02.300,3839.0000,5663,0,4609320.000,0,-,-,-,-,3836.6000,3836.4000,3832.8000,3832.4000,3830.0000,3843.0000,3850.0000,3865.0000,3870.8000,3883.6000,4,3,1,1,1,1,5,3,1,1
SF,IF2009,2020-02-07 09:30:02.800,3836.4000,5661,-2,6911220.000,2,0,2,双平,S,3832.8000,3832.4000,3830.0000,3828.0000,3826.6000,3842.8000,3843.0000,3850.0000,3865.0000,3870.8000,1,1,1,1,1,2,1,5,3,1
SF,IF2009,2020-02-07 09:30:03.300,3836.4000,5661,0,6911220.000,0,-,-,-,-,3834.6000,3833.8000,3833.0000,3832.8000,3832.4000,3842.8000,3843.0000,3850.0000,3870.8000,3883.6000,1,2,2,1,1,2,1,5,1,1
SF,IF2009,2020-02-07 09:30:03.800,3836.4000,5661,0,6911220.000,0,-,-,-,-,3838.8000,3834.8000,3833.8000,3833.0000,3832.8000,3842.8000,3843.0000,3850.0000,3870.8000,3883.6000,1,2,2,1,1,2,1,5,1,1
SF,IF2009,2020-02-07 09:30:04.300,3836.4000,5661,0,8062140.000,1,0,1,多换,S,3834.8000,3833.8000,3832.8000,3832.4000,3830.0000,3842.8000,3843.0000,3850.0000,3870.8000,3883.6000,1,2,1,1,1,2,1,5,1,1
SF,IF2009,2020-02-07 09:30:04.800,3836.4000,5661,0,8062140.000,0,-,-,-,-,3835.0000,3834.8000,3833.8000,3832.8000,3832.4000,3841.0000,3842.8000,3843.0000,3850.0000,3870.8000,3,1,2,1,1,1,2,1,5,1
SF,IF2009,2020-02-07 09:30:05.300,3835.0000,5660,-1,10363200.000,2,0,2,多平,S,3833.8000,3832.8000,3832.4000,3830.0000,3828.0000,3840.8000,3843.0000,3850.0000,3870.8000,3883.6000,2,1,1,1,1,1,1,5,1,1
SF,IF2009,2020-02-07 09:30:05.800,3835.0000,5660,0,10363200.000,0,-,-,-,-,3835.2000,3834.0000,3833.8000,3832.8000,3832.4000,3840.8000,3841.0000,3843.0000,3850.0000,3870.8000,2,4,2,1,1,1,1,1,5,1
SF,IF2009,2020-02-07 09:30:06.300,3835.0000,5660,0,10363200.000,0,-,-,-,-,3835.4000,3835.2000,3834.0000,3832.8000,3832.4000,3840.6000,3840.8000,3843.0000,3850.0000,3870.8000,1,2,3,1,1,1,1,1,5,1
SF,IF2009,2020-02-07 09:30:06.800,3835.0000,5660,0,10363200.000,0,-,-,-,-,3835.6000,3835.4000,3835.2000,3834.0000,3832.8000,3840.4000,3840.6000,3843.0000,3850.0000,3870.8000,1,1,2,3,1,1,1,1,5,1
SF,IF2009,2020-02-07 09:30:07.300,3835.0000,5660,0,10363200.000,0,-,-,-,-,3835.8000,3835.6000,3835.2000,3834.0000,3832.8000,3840.4000,3843.0000,3850.0000,3870.8000,3883.6000,1,1,2,3,1,1,1,5,1,1
SF,IF2009,2020-02-07 09:30:07.800,3835.0000,5660,0,11513700.000,1,0,1,多换,S,3835.8000,3835.6000,3835.2000,3834.0000,3832.8000,3836.6000,3840.4000,3843.0000,3850.0000,3870.8000,1,1,2,3,1,5,1,1,5,1
SF,IF2009,2020-02-07 09:30:08.300,3836.6000,5658,-2,13815660.000,2,0,2,双平,S,3835.2000,3834.0000,3832.8000,3832.4000,3830.0000,3836.6000,3840.4000,3843.0000,3850.0000,3870.8000,2,3,1,1,1,3,1,1,5,1
SF,IF2009,2020-02-07 09:30:08.800,3836.6000,5655,-3,17268600.000,3,0,3,双平,S,3835.4000,3835.2000,3834.0000,3832.8000,3832.4000,3840.4000,3843.0000,3850.0000,3870.8000,3883.6000,1,2,3,1,1,1,1,5,1,1
SF,IF2009,2020-02-07 09:30:09.300,3836.6000,5655,0,17268600.000,0,-,-,-,-,3834.0000,3832.8000,3832.4000,3830.0000,3828.0000,3840.2000,3840.4000,3843.0000,3850.0000,3870.8000,2,1,1,1,1,1,1,1,5,1
SF,IF2009,2020-02-07 09:30:09.800,3836.6000,5655,0,17268600.000,0,-,-,-,-,3834.2000,3834.0000,3832.8000,3832.4000,3830.0000,3840.0000,3840.2000,3843.0000,3850.0000,3870.8000,2,2,1,1,1,1,1,1,5,1
SF,IF2009,2020-02-07 09:30:10.300,3836.6000,5655,0,17268600.000,0,-,-,-,-,3834.0000,3832.8000,3832.4000,3830.0000,3828.0000,3839.8000,3840.0000,3840.2000,3843.0000,3850.0000,2,1,1,1,1,2,2,1,1,5
SF,IF2009,2020-02-07 09:30:10.800,3836.6000,5655,0,17268600.000,0,-,-,-,-,3834.4000,3834.2000,3834.0000,3832.8000,3832.4000,3838.8000,3839.6000,3839.8000,3840.2000,3850.0000,3,3,2,1,1,1,1,2,1,5
SF,IF2009,2020-02-07 09:30:11.300,3836.6000,5655,0,17268600.000,0,-,-,-,-,3832.8000,3832.4000,3831.4000,3830.0000,3828.0000,3838.6000,3839.8000,3840.2000,3850.0000,3870.8000,1,1,1,1,1,2,2,1,5,1
SF,IF2009,2020-02-07 09:30:11.800,3836.6000,5655,0,17268600.000,0,-,-,-,-,3833.0000,3832.8000,3832.4000,3831.4000,3830.0000,3838.6000,3839.8000,3840.2000,3850.0000,3870.8000,2,1,1,1,1,3,1,1,5,1
SF,IF2009,2020-02-07 09:30:12.300,3836.6000,5655,0,17268600.000,0,-,-,-,-,3833.2000,3833.0000,3832.8000,3832.4000,3831.4000,3838.6000,3839.8000,3840.2000,3850.0000,3898.6000,1,2,1,1,1,2,1,1,5,1
SF,IF2009,2020-02-07 09:30:12.800,3836.6000,5655,0,17268600.000,0,-,-,-,-,3833.4000,3833.2000,3833.0000,3832.8000,3832.4000,3838.6000,3839.8000,3840.2000,3850.0000,3898.6000,2,1,1,1,1,2,1,1,5,1
SF,IF2009,2020-02-07 09:30:13.300,3836.6000,5655,0,17268600.000,0,-,-,-,-,3833.2000,3833.0000,3832.8000,3832.4000,3831.4000,3838.6000,3839.8000,3840.2000,3850.0000,3898.6000,1,1,1,1,1,2,1,1,5,1
SF,IF2009,2020-02-07 09:30:13.800,3836.6000,5655,0,17268600.000,0,-,-,-,-,3832.8000,3832.4000,3831.4000,3830.0000,3828.0000,3838.4000,3838.6000,3839.8000,3840.2000,3850.0000,1,1,1,1,1,1,2,1,1,5
SF,IF2009,2020-02-07 09:30:14.300,3836.6000,5655,0,17268600.000,0,-,-,-,-,3832.8000,3832.4000,3831.4000,3830.0000,3828.0000,3836.4000,3838.2000,3838.4000,3838.6000,3839.8000,1,1,1,1,1,1,2,1,1,1
SF,IF2009,2020-02-07 09:30:14.800,3836.6000,5655,0,17268600.000,0,-,-,-,-,3832.8000,3832.4000,3830.0000,3828.0000,3826.6000,3836.2000,3838.2000,3838.4000,3850.0000,3898.6000,1,1,1,1,1,2,1,1,5,1
SF,IF2009,2020-02-07 09:30:15.300,3832.8000,5655,0,18418440.000,1,0,1,多换,S,3832.4000,3830.0000,3828.0000,3826.6000,3821.0000,3836.2000,3836.4000,3838.4000,3850.0000,3898.6000,1,1,1,1,4,2,1,1,5,1
SF,IF2009,2020-02-07 09:30:15.800,3832.8000,5655,0,18418440.000,0,-,-,-,-,3832.4000,3830.0000,3828.0000,3826.6000,3821.0000,3836.2000,3836.4000,3838.4000,3850.0000,3898.6000,1,1,1,1,4,2,1,1,5,1
SF,IF2009,2020-02-07 09:30:16.300,3832.8000,5655,0,18418440.000,0,-,-,-,-,3835.0000,3832.4000,3830.0000,3828.0000,3826.6000,3836.2000,3836.4000,3850.0000,3898.6000,3922.6000,1,1,1,1,1,2,1,5,1,1
SF,IF2009,2020-02-07 09:30:16.800,3835.0000,5655,0,19568940.000,1,0,1,多换,S,3832.8000,3832.4000,3830.0000,3828.0000,3826.6000,3836.2000,3836.4000,3850.0000,3898.6000,3922.6000,2,1,1,1,1,1,1,5,1,1
SF,IF2009,2020-02-07 09:30:17.300,3836.0000,5654,-1,20719740.000,1,0,1,双平,S,3832.8000,3832.4000,3830.0000,3828.0000,3826.6000,3836.0000,3836.2000,3836.4000,3850.0000,3898.6000,2,1,1,1,1,1,1,1,5,1
SF,IF2009,2020-02-07 09:30:17.800,3836.0000,5654,0,20719740.000,0,-,-,-,-,3833.0000,3832.8000,3832.4000,3830.0000,3828.0000,3836.0000,3836.2000,3836.4000,3850.0000,3898.6000,1,2,1,1,1,1,1,1,5,1
SF,IF2009,2020-02-07 09:30:18.300,3836.0000,5654,0,20719740.000,0,-,-,-,-,3833.0000,3832.8000,3832.4000,3830.0000,3828.0000,3836.0000,3836.2000,3836.4000,3850.0000,3898.6000,1,2,1,1,1,1,1,1,5,1
SF,IF2009,2020-02-07 09:30:18.800,3836.0000,5654,0,20719740.000,0,-,-,-,-,3832.8000,3832.4000,3830.0000,3828.0000,3826.6000,3835.8000,3836.0000,3836.2000,3836.4000,3850.0000,2,1,1,1,1,1,1,1,1,5
SF,IF2009,2020-02-07 09:30:19.300,3836.0000,5654,0,20719740.000,0,-,-,-,-,3832.8000,3832.4000,3830.0000,3828.0000,3826.6000,3835.6000,3835.8000,3836.2000,3836.4000,3850.0000,2,1,1,1,1,1,1,1,1,5
SF,IF2009,2020-02-07 09:30:19.800,3836.0000,5654,0,20719740.000,0,-,-,-,-,3832.8000,3832.4000,3830.0000,3828.0000,3826.6000,3835.4000,3835.6000,3835.8000,3836.2000,3836.4000,2,1,1,1,1,1,1,1,1,1
SF,IF2009,2020-02-07 09:30:20.300,3836.0000,5654,0,20719740.000,0,-,-,-,-,3832.8000,3832.4000,3830.0000,3828.0000,3826.6000,3835.2000,3835.4000,3835.8000,3836.2000,3836.4000,2,1,1,1,1,1,1,1,1,1
SF,IF2009,2020-02-07 09:30:20.800,3836.0000,5654,0,20719740.000,0,-,-,-,-,3832.8000,3832.4000,3830.0000,3828.0000,3826.6000,3835.2000,3835.4000,3835.8000,3836.2000,3836.4000,2,1,1,1,1,1,1,1,1,1
SF,IF2009,2020-02-07 09:30:21.300,3836.0000,5654,0,20719740.000,0,-,-,-,-,3832.8000,3832.4000,3830.0000,3828.0000,3826.6000,3835.2000,3835.4000,3835.8000,3836.2000,3836.4000,2,1,1,1,1,1,1,1,1,1
SF,IF2009,2020-02-07 09:30:21.800,3836.0000,5654,0,20719740.000,0,-,-,-,-,3832.8000,3832.4000,3830.0000,3828.0000,3826.6000,3835.2000,3835.4000,3835.8000,3836.2000,3836.4000,2,1,1,1,1,1,1,1,1,1
SF,IF2009,2020-02-07 09:30:22.300,3836.0000,5654,0,20719740.000,0,-,-,-,-,3832.8000,3832.4000,3830.0000,3828.0000,3826.6000,3835.2000,3835.4000,3835.8000,3836.2000,3836.4000,2,1,1,1,1,1,1,1,1,1
SF,IF2009,2020-02-07 09:30:22.800,3836.0000,5654,0,20719740.000,0,-,-,-,-,3832.8000,3832.4000,3830.0000,3828.0000,3826.6000,3835.2000,3835.4000,3835.8000,3836.2000,3836.4000,2,1,1,1,1,1,1,1,1,1
SF,IF2009,2020-02-07 09:30:23.300,3832.8000,5653,-1,21869580.000,1,0,1,双平,S,3832.8000,3832.4000,3830.0000,3828.0000,3826.6000,3834.6000,3835.4000,3835.8000,3836.2000,3836.4000,1,1,1,1,1,1,1,1,1,1
SF,IF2009,2020-02-07 09:30:23.800,3832.8000,5652,-1,23019420.000,1,0,1,双平,S,3832.4000,3830.0000,3828.0000,3826.6000,3821.0000,3834.6000,3835.4000,3835.8000,3836.2000,3836.4000,1,1,1,1,4,1,1,1,1,1
SF,IF2009,2020-02-07 09:30:24.300,3832.8000,5652,0,23019420.000,0,-,-,-,-,3832.4000,3830.0000,3828.0000,3826.6000,3821.0000,3834.4000,3834.6000,3835.4000,3835.8000,3836.2000,1,1,1,1,4,1,1,1,1,1
SF,IF2009,2020-02-07 09:30:24.800,3832.4000,5652,0,24169140.000,1,0,1,多换,S,3830.0000,3828.0000,3826.6000,3821.0000,3814.0000,3834.6000,3835.4000,3835.8000,3836.2000,3836.4000,1,1,1,4,1,1,1,1,1,1
SF,IF2009,2020-02-07 09:30:25.300,3832.4000,5652,0,24169140.000,0,-,-,-,-,3830.0000,3828.0000,3826.6000,3821.0000,3814.0000,3834.4000,3834.6000,3835.4000,3835.8000,3836.2000,1,1,1,4,1,2,1,1,1,1
SF,IF2009,2020-02-07 09:30:25.800,3832.4000,5652,0,24169140.000,0,-,-,-,-,3830.0000,3828.0000,3826.6000,3821.0000,3814.0000,3834.4000,3834.6000,3835.4000,3835.8000,3836.2000,1,1,1,4,1,2,1,1,1,1
SF,IF2009,2020-02-07 09:30:26.300,3832.4000,5652,0,24169140.000,0,-,-,-,-,3830.2000,3830.0000,3828.0000,3826.6000,3821.0000,3834.4000,3835.4000,3836.2000,3836.4000,3850.0000,1,1,1,1,4,2,1,1,1,5
SF,IF2009,2020-02-07 09:30:26.800,3832.4000,5652,0,24169140.000,0,-,-,-,-,3830.2000,3830.0000,3828.0000,3826.6000,3821.0000,3834.4000,3835.4000,3836.4000,3850.0000,3898.6000,1,1,1,1,4,2,1,1,5,1
SF,IF2009,2020-02-07 09:30:27.300,3832.4000,5652,0,24169140.000,0,-,-,-,-,3830.2000,3830.0000,3828.0000,3826.6000,3821.0000,3834.4000,3836.4000,3850.0000,3898.6000,3922.6000,1,1,1,1,4,1,1,5,1,1
SF,IF2009,2020-02-07 09:30:27.800,3832.4000,5652,0,24169140.000,0,-,-,-,-,3830.4000,3830.2000,3830.0000,3828.0000,3826.6000,3836.4000,3850.0000,3898.6000,3922.6000,3945.0000,1,1,1,1,1,1,5,1,1,1
SF,IF2009,2020-02-07 09:30:28.300,3832.4000,5652,0,24169140.000,0,-,-,-,-,3830.4000,3830.0000,3828.0000,3826.6000,3821.0000,3834.2000,3836.2000,3836.4000,3850.0000,3898.6000,1,1,1,1,4,1,2,1,5,1
SF,IF2009,2020-02-07 09:30:28.800,3830.4000,5651,-1,25318260.000,1,0,1,双平,S,3830.0000,3828.0000,3826.6000,3821.0000,3814.0000,3830.2000,3834.2000,3836.2000,3836.4000,3850.0000,1,1,1,4,1,4,1,1,1,5
SF,IF2009,2020-02-07 09:30:29.300,3830.2000,5647,-4,29914560.000,4,0,4,双平,S,3830.6000,3830.2000,3830.0000,3828.0000,3826.6000,3836.2000,3836.4000,3850.0000,3898.6000,3922.6000,3,3,1,1,1,1,1,5,1,1
SF,IF2009,2020-02-07 09:30:29.800,3830.2000,5647,0,29914560.000,0,-,-,-,-,3831.2000,3830.8000,3830.6000,3830.2000,3830.0000,3836.0000,3836.2000,3836.4000,3850.0000,3898.6000,1,2,3,3,1,1,1,1,5,1
SF,IF2009,2020-02-07 09:30:30.300,3830.2000,5647,0,29914560.000,0,-,-,-,-,3831.2000,3830.8000,3830.6000,3830.2000,3830.0000,3835.8000,3836.0000,3836.4000,3850.0000,3898.6000,1,3,3,3,1,1,2,1,5,1
SF,IF2009,2020-02-07 09:30:30.800,3830.2000,5647,0,29914560.000,0,-,-,-,-,3831.2000,3830.8000,3830.6000,3830.4000,3830.2000,3835.6000,3835.8000,3836.0000,3836.4000,3850.0000,1,3,3,1,3,1,1,2,1,5
SF,IF2009,2020-02-07 09:30:31.300,3831.2000,5647,0,32213280.000,2,1,1,多换,S,3831.2000,3830.8000,3830.6000,3830.4000,3830.2000,3835.4000,3835.6000,3836.0000,3836.4000,3850.0000,1,3,3,1,3,2,1,1,1,5
SF,IF2009,2020-02-07 09:30:31.800,3831.2000,5647,0,32213280.000,0,-,-,-,-,3831.2000,3830.8000,3830.6000,3830.4000,3830.2000,3835.2000,3835.4000,3835.6000,3836.0000,3836.4000,1,3,3,1,3,1,2,1,1,1
SF,IF2009,2020-02-07 09:30:32.300,3835.2000,5647,0,35664840.000,3,1,2,多换,S,3831.2000,3830.8000,3830.4000,3830.2000,3830.0000,3835.4000,3835.6000,3836.0000,3836.4000,3850.0000,1,1,1,3,2,1,1,1,1,5
SF,IF2009,2020-02-07 09:30:32.800,3835.2000,5647,0,35664840.000,0,-,-,-,-,3831.8000,3831.2000,3830.8000,3830.4000,3830.2000,3835.0000,3835.2000,3835.4000,3835.6000,3836.0000,1,1,1,1,3,1,1,1,1,1
SF,IF2009,2020-02-07 09:30:33.300,3835.2000,5647,0,35664840.000,0,-,-,-,-,3832.0000,3831.8000,3831.4000,3831.2000,3830.8000,3834.8000,3835.6000,3836.0000,3836.4000,3850.0000,2,1,4,1,1,1,1,1,1,5
SF,IF2009,2020-02-07 09:30:33.800,3835.2000,5647,0,35664840.000,0,-,-,-,-,3832.6000,3832.0000,3831.4000,3831.2000,3830.8000,3834.8000,3836.0000,3836.4000,3850.0000,3898.6000,2,2,4,1,1,1,1,1,5,1
SF,IF2009,2020-02-07 09:30:34.300,3835.2000,5647,0,35664840.000,0,-,-,-,-,3832.6000,3832.0000,3831.4000,3830.8000,3830.2000,3834.8000,3836.0000,3836.4000,3850.0000,3898.6000,2,2,4,1,3,1,1,1,5,1
SF,IF2009,2020-02-07 09:30:34.800,3835.2000,5647,0,35664840.000,0,-,-,-,-,3832.6000,3832.0000,3831.4000,3830.8000,3830.2000,3834.8000,3836.0000,3836.4000,3850.0000,3898.6000,2,1,4,1,3,1,1,1,5,1
SF,IF2009,2020-02-07 09:30:35.300,3835.2000,5647,0,35664840.000,0,-,-,-,-,3832.6000,3832.0000,3831.4000,3830.8000,3830.6000,3834.8000,3836.0000,3836.4000,3850.0000,3898.6000,2,1,4,1,10,1,1,1,5,1
SF,IF2009,2020-02-07 09:30:35.800,3835.2000,5647,0,35664840.000,0,-,-,-,-,3832.6000,3832.0000,3831.4000,3830.8000,3830.6000,3834.8000,3836.0000,3836.4000,3850.0000,3898.6000,2,1,1,1,10,1,1,1,5,1
SF,IF2009,2020-02-07 09:30:36.300,3835.2000,5647,0,35664840.000,0,-,-,-,-,3832.6000,3832.0000,3831.4000,3830.6000,3830.0000,3834.8000,3836.0000,3836.4000,3850.0000,3898.6000,2,1,1,10,2,1,1,1,5,1
SF,IF2009,2020-02-07 09:30:36.800,3835.2000,5647,0,35664840.000,0,-,-,-,-,3832.6000,3832.0000,3831.4000,3830.6000,3830.0000,3834.8000,3836.0000,3836.4000,3850.0000,3898.6000,2,1,1,10,2,1,1,1,5,1
SF,IF2009,2020-02-07 09:30:37.300,3835.2000,5647,0,35664840.000,0,-,-,-,-,3832.0000,3831.4000,3830.6000,3830.0000,3828.0000,3834.6000,3834.8000,3836.0000,3836.4000,3850.0000,1,1,10,2,1,1,1,1,1,5
SF,IF2009,2020-02-07 09:30:37.800,3832.2000,5647,0,36814500.000,1,0,1,多换,S,3832.0000,3831.4000,3830.6000,3830.0000,3828.0000,3834.4000,3836.0000,3836.4000,3850.0000,3898.6000,1,1,10,2,1,1,1,1,5,1
SF,IF2009,2020-02-07 09:30:38.300,3832.2000,5647,0,36814500.000,0,-,-,-,-,3832.0000,3831.4000,3830.6000,3830.0000,3828.0000,3832.6000,3834.4000,3836.0000,3836.4000,3850.0000,1,1,10,2,1,2,1,1,1,5
SF,IF2009,2020-02-07 09:30:38.800,3832.6000,5647,0,39114060.000,2,1,1,多换,S,3832.0000,3831.4000,3830.6000,3830.0000,3828.0000,3834.4000,3836.4000,3850.0000,3898.6000,3922.6000,1,1,10,2,1,1,1,5,1,1
SF,IF2009,2020-02-07 09:30:39.300,3832.6000,5647,0,39114060.000,0,-,-,-,-,3832.0000,3830.6000,3830.0000,3828.0000,3826.6000,3834.4000,3836.4000,3850.0000,3898.6000,3922.6000,1,10,2,1,1,1,1,5,1,1
SF,IF2009,2020-02-07 09:30:39.800,3834.4000,5647,0,40264380.000,1,0,1,多换,S,3832.0000,3830.6000,3830.0000,3828.0000,3826.6000,3836.4000,3850.0000,3898.6000,3922.6000,3945.0000,1,10,2,1,1,1,5,1,1,1
SF,IF2009,2020-02-07 09:30:40.300,3834.4000,5647,0,40264380.000,0,-,-,-,-,3832.2000,3832.0000,3830.6000,3830.0000,3828.0000,3836.2000,3850.0000,3898.6000,3922.6000,3945.0000,1,1,10,2,1,2,5,1,1,1
SF,IF2009,2020-02-07 09:30:40.800,3834.4000,5647,0,40264380.000,0,-,-,-,-,3832.2000,3832.0000,3830.6000,3830.0000,3828.0000,3836.2000,3850.0000,3898.6000,3922.6000,3945.0000,1,1,10,2,1,2,5,1,1,1
SF,IF2009,2020-02-07 09:30:41.300,3834.4000,5647,0,40264380.000,0,-,-,-,-,3832.2000,3832.0000,3830.6000,3830.0000,3828.0000,3836.2000,3850.0000,3898.6000,3922.6000,3945.0000,2,1,10,2,1,2,5,1,1,1
SF,IF2009,2020-02-07 09:30:41.800,3834.4000,5647,0,40264380.000,0,-,-,-,-,3833.0000,3832.2000,3832.0000,3830.6000,3830.0000,3836.2000,3850.0000,3898.6000,3922.6000,3945.0000,2,2,1,10,2,2,5,1,1,1
SF,IF2009,2020-02-07 09:30:42.300,3836.2000,5646,-1,41415240.000,1,0,1,双平,S,3833.2000,3833.0000,3832.2000,3832.0000,3830.6000,3850.0000,3898.6000,3922.6000,3945.0000,4030.0000,1,2,2,1,10,5,1,1,1,1
SF,IF2009,2020-02-07 09:30:42.800,3836.2000,5646,0,41415240.000,0,-,-,-,-,3833.4000,3833.2000,3833.0000,3832.2000,3832.0000,3838.8000,3841.0000,3849.6000,3849.8000,3850.0000,1,1,2,2,1,2,1,2,4,5
SF,IF2009,2020-02-07 09:30:43.300,3836.2000,5646,0,41415240.000,0,-,-,-,-,3833.6000,3833.2000,3833.0000,3832.2000,3832.0000,3838.6000,3838.8000,3841.0000,3849.6000,3849.8000,1,1,2,2,1,2,2,1,2,1
SF,IF2009,2020-02-07 09:30:43.800,3836.2000,5646,0,41415240.000,0,-,-,-,-,3833.8000,3833.6000,3833.2000,3833.0000,3832.2000,3838.6000,3838.8000,3841.0000,3849.6000,3849.8000,1,1,1,2,2,3,1,1,2,1
SF,IF2009,2020-02-07 09:30:44.300,3836.2000,5646,0,41415240.000,0,-,-,-,-,3834.0000,3833.6000,3833.2000,3833.0000,3832.2000,3838.6000,3838.8000,3841.0000,3849.6000,3849.8000,1,1,1,2,2,3,1,1,2,1
SF,IF2009,2020-02-07 09:30:44.800,3836.2000,5646,0,41415240.000,0,-,-,-,-,3834.0000,3833.6000,3833.2000,3833.0000,3832.2000,3838.6000,3838.8000,3841.0000,3849.6000,3849.8000,1,1,1,2,2,3,1,1,2,1
SF,IF2009,2020-02-07 09:30:45.300,3836.2000,5646,0,41415240.000,0,-,-,-,-,3834.0000,3833.6000,3833.2000,3833.0000,3832.2000,3838.4000,3838.6000,3838.8000,3841.0000,3849.6000,1,1,1,2,2,1,3,1,1,2
SF,IF2009,2020-02-07 09:30:45.800,3836.2000,5646,0,41415240.000,0,-,-,-,-,3834.2000,3834.0000,3833.6000,3833.2000,3833.0000,3838.2000,3838.4000,3838.6000,3838.8000,3841.0000,1,1,1,1,2,2,1,1,1,1
SF,IF2009,2020-02-07 09:30:46.300,3836.2000,5646,0,41415240.000,0,-,-,-,-,3834.0000,3833.6000,3833.2000,3833.0000,3832.2000,3838.2000,3838.4000,3838.6000,3838.8000,3841.0000,1,1,1,2,1,3,1,1,1,1
SF,IF2009,2020-02-07 09:30:46.800,3838.2000,5646,0,42566700.000,1,0,1,多换,S,3834.4000,3834.0000,3833.6000,3833.2000,3833.0000,3838.2000,3838.6000,3838.8000,3841.0000,3849.6000,1,1,1,1,2,2,1,1,1,2
SF,IF2009,2020-02-07 09:30:47.300,3838.2000,5646,0,42566700.000,0,-,-,-,-,3834.4000,3834.0000,3833.6000,3833.2000,3833.0000,3838.0000,3838.2000,3838.6000,3838.8000,3841.0000,1,1,1,1,2,1,2,1,1,1
SF,IF2009,2020-02-07 09:30:47.800,3838.2000,5646,0,42566700.000,0,-,-,-,-,3835.4000,3834.4000,3834.0000,3833.6000,3833.2000,3837.8000,3838.0000,3838.2000,3838.6000,3838.8000,5,1,1,1,1,1,1,1,1,1
SF,IF2009,2020-02-07 09:30:48.300,3838.2000,5646,0,42566700.000,0,-,-,-,-,3835.4000,3834.0000,3833.6000,3833.2000,3833.0000,3837.8000,3838.0000,3838.2000,3838.6000,3838.8000,5,1,1,1,2,1,1,1,1,1
SF,IF2009,2020-02-07 09:30:48.800,3838.2000,5646,0,42566700.000,0,-,-,-,-,3835.4000,3835.0000,3834.0000,3833.6000,3833.0000,3837.8000,3838.0000,3838.2000,3838.6000,3838.8000,5,1,1,1,2,1,1,1,1,1
SF,IF2009,2020-02-07 09:30:49.300,3837.8000,5646,0,43718040.000,1,0,1,多换,S,3835.4000,3835.0000,3834.0000,3833.0000,3832.2000,3837.6000,3837.8000,3838.2000,3838.6000,3838.8000,5,1,1,2,1,2,1,1,1,1
SF,IF2009,2020-02-07 09:30:49.800,3837.8000,5646,0,43718040.000,0,-,-,-,-,3835.4000,3835.0000,3833.0000,3832.2000,3832.0000,3837.4000,3837.6000,3837.8000,3838.2000,3838.6000,5,1,2,1,1,1,1,1,1,1
SF,IF2009,2020-02-07 09:30:52.800,3835.4000,5646,0,48320520.000,4,2,2,多换,S,3835.4000,3835.0000,3833.0000,3832.2000,3832.0000,3837.2000,3837.4000,3837.6000,3837.8000,3838.2000,1,1,2,1,1,1,1,1,1,1
SF,IF2009,2020-02-07 09:30:53.300,3835.4000,5646,0,49471140.000,1,0,1,多换,S,3835.0000,3833.0000,3832.2000,3832.0000,3830.8000,3837.0000,3837.2000,3837.4000,3837.8000,3838.2000,1,2,1,1,1,2,1,1,1,1
SF,IF2009,2020-02-07 09:30:53.800,3835.0000,5646,0,50621640.000,1,0,1,多换,S,3833.0000,3832.2000,3832.0000,3830.8000,3830.6000,3835.4000,3837.0000,3837.4000,3837.8000,3838.2000,2,1,1,1,10,1,2,1,1,1
SF,IF2009,2020-02-07 09:30:54.300,3835.0000,5646,0,50621640.000,0,-,-,-,-,3833.0000,3832.2000,3832.0000,3830.8000,3830.6000,3835.0000,3835.4000,3837.0000,3838.8000,3841.0000,2,1,1,1,10,1,1,2,1,1
SF,IF2009,2020-02-07 09:30:54.800,3835.0000,5646,0,50621640.000,0,-,-,-,-,3833.0000,3832.2000,3832.0000,3830.8000,3830.6000,3835.0000,3835.4000,3837.0000,3838.8000,3849.6000,2,1,1,1,10,1,1,1,1,2
SF,IF2009,2020-02-07 09:30:57.300,3835.0000,5646,0,50621640.000,0,-,-,-,-,3833.0000,3832.2000,3832.0000,3830.8000,3830.6000,3834.8000,3835.0000,3835.4000,3837.0000,3838.8000,2,1,1,1,10,1,1,1,1,1
SF,IF2009,2020-02-07 09:30:57.800,3835.0000,5646,0,50621640.000,0,-,-,-,-,3833.0000,3832.0000,3830.8000,3830.6000,3830.0000,3834.6000,3834.8000,3835.0000,3835.4000,3837.0000,2,1,1,10,2,1,1,1,1,1
SF,IF2009,2020-02-07 09:30:58.300,3833.0000,5646,0,51771540.000,1,0,1,多换,S,3833.0000,3832.0000,3830.8000,3830.6000,3830.0000,3834.4000,3838.8000,3840.0000,3849.6000,3849.8000,1,1,1,10,2,1,1,5,2,1
SF,IF2009,2020-02-07 09:30:58.800,3833.0000,5646,0,51771540.000,0,-,-,-,-,3833.0000,3832.0000,3830.8000,3830.6000,3830.0000,3834.4000,3845.0000,3849.6000,3849.8000,3898.6000,1,1,1,10,2,1,5,2,1,1
SF,IF2009,2020-02-07 09:30:59.300,3833.0000,5646,0,51771540.000,0,-,-,-,-,3833.0000,3832.0000,3830.8000,3830.6000,3830.0000,3845.0000,3849.6000,3849.8000,3898.6000,3919.8000,1,1,1,10,2,5,2,1,1,1
SF,IF2009,2020-02-07 09:30:59.800,3833.0000,5646,0,51771540.000,0,-,-,-,-,3833.2000,3833.0000,3832.0000,3830.8000,3830.6000,3836.4000,3838.8000,3844.8000,3845.0000,3849.8000,1,1,1,1,10,1,2,3,5,1
SF,IF2009,2020-02-07 09:31:00.300,3833.0000,5646,0,51771540.000,0,-,-,-,-,3833.0000,3832.0000,3830.8000,3830.6000,3830.0000,3836.2000,3836.4000,3838.8000,3844.8000,3845.0000,1,1,1,10,2,1,1,2,1,5
SF,IF2009,2020-02-07 09:31:00.800,3833.0000,5646,0,51771540.000,0,-,-,-,-,3833.0000,3832.0000,3830.8000,3830.6000,3830.0000,3836.2000,3836.4000,3838.8000,3842.2000,3844.8000,1,1,1,10,2,2,1,2,2,1
SF,IF2009,2020-02-07 09:31:01.300,3833.0000,5646,0,51771540.000,0,-,-,-,-,3833.0000,3832.0000,3830.8000,3830.6000,3830.0000,3836.0000,3836.2000,3836.4000,3838.8000,3842.2000,1,1,1,10,3,1,2,1,2,2
SF,IF2009,2020-02-07 09:31:01.800,3833.0000,5646,0,51771540.000,0,-,-,-,-,3833.0000,3832.0000,3830.8000,3830.6000,3830.0000,3835.8000,3836.0000,3836.4000,3838.8000,3842.2000,1,1,1,10,3,1,1,1,2,2
SF,IF2009,2020-02-07 09:31:02.300,3833.0000,5646,0,51771540.000,0,-,-,-,-,3833.2000,3833.0000,3832.0000,3830.8000,3830.6000,3835.8000,3836.4000,3838.8000,3842.2000,3845.0000,1,1,1,1,10,2,1,2,2,5
SF,IF2009,2020-02-07 09:31:02.800,3833.0000,5646,0,51771540.000,0,-,-,-,-,3833.2000,3833.0000,3832.0000,3830.8000,3830.6000,3834.6000,3835.8000,3836.4000,3838.8000,3842.2000,1,1,1,1,10,1,2,1,1,2
SF,IF2009,2020-02-07 09:31:03.300,3834.6000,5645,-1,52921920.000,1,0,1,双平,S,3833.4000,3833.2000,3833.0000,3832.0000,3830.8000,3836.4000,3838.8000,3842.2000,3845.0000,3849.8000,1,1,1,1,1,1,1,2,5,1
SF,IF2009,2020-02-07 09:31:03.800,3834.6000,5645,0,52921920.000,0,-,-,-,-,3833.6000,3833.4000,3833.2000,3833.0000,3832.0000,3836.2000,3836.4000,3838.8000,3842.2000,3845.0000,1,1,1,1,1,2,1,1,2,5
SF,IF2009,2020-02-07 09:31:04.300,3834.6000,5645,0,52921920.000,0,-,-,-,-,3833.8000,3833.6000,3833.2000,3833.0000,3830.8000,3836.2000,3836.4000,3838.8000,3842.2000,3845.0000,1,1,1,1,1,1,1,1,2,5
SF,IF2009,2020-02-07 09:31:04.800,3834.6000,5645,0,52921920.000,0,-,-,-,-,3833.8000,3833.6000,3833.2000,3833.0000,3830.8000,3836.4000,3838.8000,3845.0000,3849.8000,3898.6000,1,1,1,1,1,1,1,5,1,1
SF,IF2009,2020-02-07 09:31:05.300,3834.6000,5645,0,52921920.000,0,-,-,-,-,3833.8000,3833.6000,3833.0000,3830.8000,3830.6000,3836.2000,3836.4000,3838.8000,3845.0000,3849.8000,1,1,1,1,10,1,1,1,5,1
SF,IF2009,2020-02-07 09:31:05.800,3833.8000,5644,-1,54072060.000,1,0,1,双平,S,3833.0000,3830.8000,3830.6000,3830.0000,3828.0000,3836.0000,3836.2000,3836.4000,3838.8000,3845.0000,1,1,10,3,1,1,1,1,1,5
SF,IF2009,2020-02-07 09:31:06.300,3833.8000,5644,0,54072060.000,0,-,-,-,-,3833.2000,3833.0000,3830.8000,3830.6000,3830.0000,3836.0000,3836.2000,3836.4000,3838.8000,3845.0000,1,1,1,10,3,1,1,1,1,5
SF,IF2009,2020-02-07 09:31:06.800,3833.8000,5644,0,54072060.000,0,-,-,-,-,3833.2000,3833.0000,3830.8000,3830.6000,3830.0000,3836.0000,3836.2000,3838.8000,3845.0000,3849.8000,1,1,1,10,3,1,1,1,5,1
SF,IF2009,2020-02-07 09:31:07.300,3833.8000,5644,0,54072060.000,0,-,-,-,-,3833.0000,3830.8000,3830.6000,3830.0000,3828.0000,3835.8000,3836.0000,3836.2000,3838.8000,3845.0000,1,1,10,3,1,1,1,1,1,5
SF,IF2009,2020-02-07 09:31:07.800,3833.8000,5644,0,54072060.000,0,-,-,-,-,3833.0000,3830.8000,3830.6000,3830.0000,3828.0000,3835.8000,3836.0000,3838.8000,3845.0000,3849.8000,1,1,10,3,1,1,1,1,5,1
SF,IF2009,2020-02-07 09:31:08.300,3833.8000,5644,0,54072060.000,0,-,-,-,-,3833.2000,3833.0000,3830.8000,3830.6000,3830.0000,3835.8000,3838.8000,3845.0000,3849.8000,3898.6000,1,1,1,10,3,1,1,5,1,1
SF,IF2009,2020-02-07 09:31:08.800,3833.8000,5644,0,54072060.000,0,-,-,-,-,3833.2000,3833.0000,3830.8000,3830.6000,3830.0000,3838.8000,3845.0000,3849.8000,3898.6000,3919.8000,2,1,1,10,3,1,5,1,1,1
SF,IF2009,2020-02-07 09:31:09.300,3833.8000,5644,0,54072060.000,0,-,-,-,-,3833.2000,3833.0000,3830.8000,3830.6000,3830.0000,3836.4000,3838.6000,3838.8000,3845.0000,3849.8000,2,1,1,10,3,1,2,2,5,1
SF,IF2009,2020-02-07 09:31:09.800,3833.8000,5644,0,54072060.000,0,-,-,-,-,3833.2000,3833.0000,3830.8000,3830.6000,3830.0000,3836.4000,3838.6000,3838.8000,3845.0000,3849.8000,2,1,1,10,3,1,1,2,5,1
SF,IF2009,2020-02-07 09:31:10.300,3833.8000,5644,0,54072060.000,0,-,-,-,-,3833.2000,3833.0000,3830.8000,3830.6000,3830.0000,3836.4000,3838.6000,3838.8000,3845.0000,3849.8000,2,1,1,10,3,1,1,1,5,1
SF,IF2009,2020-02-07 09:31:10.800,3833.8000,5644,0,54072060.000,0,-,-,-,-,3833.2000,3833.0000,3830.8000,3830.6000,3830.0000,3838.6000,3838.8000,3841.8000,3845.0000,3849.8000,2,1,1,10,3,1,1,2,5,1
SF,IF2009,2020-02-07 09:31:11.300,3833.8000,5644,0,54072060.000,0,-,-,-,-,3833.2000,3833.0000,3830.8000,3830.6000,3830.0000,3836.4000,3838.4000,3838.6000,3838.8000,3841.8000,2,1,1,10,3,1,1,1,1,2
SF,IF2009,2020-02-07 09:31:11.800,3833.8000,5644,0,54072060.000,0,-,-,-,-,3833.6000,3833.2000,3833.0000,3830.8000,3830.6000,3838.6000,3838.8000,3841.8000,3845.0000,3849.8000,1,1,1,1,10,1,1,2,5,1
SF,IF2009,2020-02-07 09:31:12.300,3833.8000,5644,0,54072060.000,0,-,-,-,-,3833.6000,3833.4000,3833.2000,3833.0000,3830.8000,3838.4000,3838.6000,3838.8000,3841.8000,3845.0000,1,1,1,1,1,1,1,1,2,5
SF,IF2009,2020-02-07 09:31:12.800,3833.8000,5644,0,54072060.000,0,-,-,-,-,3836.0000,3833.6000,3833.4000,3833.0000,3830.8000,3838.2000,3838.4000,3838.8000,3841.8000,3845.0000,1,1,1,1,1,1,1,1,2,5
SF,IF2009,2020-02-07 09:31:13.300,3836.0000,5644,0,55222860.000,1,0,1,多换,S,3833.6000,3833.4000,3833.0000,3830.8000,3830.6000,3838.8000,3841.8000,3845.0000,3849.8000,3898.6000,1,1,1,1,10,1,2,5,1,1
SF,IF2009,2020-02-07 09:31:13.800,3836.0000,5644,0,55222860.000,0,-,-,-,-,3833.8000,3833.6000,3833.4000,3833.0000,3830.8000,3836.4000,3838.0000,3838.6000,3838.8000,3841.8000,2,1,1,1,1,1,1,1,1,2
SF,IF2009,2020-02-07 09:31:14.300,3836.0000,5644,0,55222860.000,0,-,-,-,-,3833.8000,3833.6000,3833.0000,3830.8000,3830.6000,3838.6000,3838.8000,3841.8000,3845.0000,3849.8000,2,1,1,1,10,1,1,2,5,1
SF,IF2009,2020-02-07 09:31:14.800,3836.0000,5644,0,55222860.000,0,-,-,-,-,3833.8000,3833.6000,3833.0000,3830.8000,3830.6000,3838.4000,3838.6000,3838.8000,3841.8000,3845.0000,1,1,1,1,10,1,1,1,2,5
SF,IF2009,2020-02-07 09:31:15.300,3836.0000,5644,0,55222860.000,0,-,-,-,-,3833.6000,3833.0000,3830.8000,3830.6000,3830.0000,3837.6000,3838.2000,3838.4000,3838.8000,3845.0000,1,1,1,10,3,1,2,1,1,5
SF,IF2009,2020-02-07 09:31:15.800,3836.0000,5644,0,55222860.000,0,-,-,-,-,3833.0000,3830.8000,3830.6000,3830.0000,3828.0000,3837.4000,3837.6000,3838.2000,3838.8000,3845.0000,1,1,10,3,1,1,1,1,1,5
SF,IF2009,2020-02-07 09:31:16.300,3836.0000,5644,0,55222860.000,0,-,-,-,-,3833.8000,3833.0000,3830.8000,3830.6000,3830.0000,3837.4000,3838.8000,3845.0000,3849.8000,3898.6000,1,1,1,10,3,1,1,5,1,1
SF,IF2009,2020-02-07 09:31:16.800,3836.0000,5644,0,55222860.000,0,-,-,-,-,3833.8000,3833.0000,3830.8000,3830.6000,3830.0000,3837.2000,3837.4000,3838.8000,3845.0000,3849.8000,1,1,1,10,3,1,1,1,5,1
SF,IF2009,2020-02-07 09:31:18.300,3837.2000,5643,-1,56374020.000,1,0,1,双平,S,3837.2000,3833.8000,3833.0000,3830.8000,3830.6000,3837.4000,3838.8000,3845.0000,3849.8000,3919.8000,1,1,1,1,10,1,1,5,1,1
SF,IF2009,2020-02-07 09:31:18.800,3837.2000,5642,-1,57525180.000,1,0,1,双平,S,3833.0000,3830.8000,3830.6000,3830.0000,3828.0000,3838.8000,3845.0000,3849.8000,3919.8000,3922.6000,1,1,10,3,1,1,5,1,1,1
SF,IF2009,2020-02-07 09:31:19.300,3837.2000,5642,0,57525180.000,0,-,-,-,-,3833.2000,3833.0000,3830.8000,3830.6000,3830.0000,3836.4000,3838.6000,3838.8000,3845.0000,3849.8000,1,2,1,10,3,1,1,1,5,1
SF,IF2009,2020-02-07 09:31:19.800,3837.2000,5642,0,57525180.000,0,-,-,-,-,3833.2000,3833.0000,3830.8000,3830.6000,3830.0000,3836.2000,3836.4000,3838.8000,3845.0000,3849.8000,2,2,1,10,3,1,1,1,5,1
SF,IF2009,2020-02-07 09:31:20.300,3837.2000,5642,0,57525180.000,0,-,-,-,-,3833.2000,3833.0000,3830.8000,3830.6000,3830.0000,3836.0000,3836.2000,3836.4000,3838.8000,3845.0000,1,2,1,10,3,1,1,1,1,5
SF,IF2009,2020-02-07 09:31:20.800,3837.2000,5642,0,57525180.000,0,-,-,-,-,3833.2000,3833.0000,3830.8000,3830.6000,3830.0000,3835.8000,3836.0000,3836.4000,3838.8000,3845.0000,1,2,1,10,3,1,1,1,1,5
SF,IF2009,2020-02-07 09:31:24.800,3837.2000,5642,0,57525180.000,0,-,-,-,-,3833.2000,3833.0000,3830.8000,3830.0000,3828.0000,3835.8000,3836.0000,3836.4000,3838.8000,3845.0000,1,2,1,3,1,1,1,1,1,5
SF,IF2009,2020-02-07 09:31:25.300,3837.2000,5642,0,57525180.000,0,-,-,-,-,3833.8000,3833.2000,3833.0000,3830.8000,3830.0000,3835.0000,3835.6000,3835.8000,3836.0000,3836.4000,10,1,2,1,3,2,1,1,1,1
SF,IF2009,2020-02-07 09:31:25.800,3837.2000,5642,0,57525180.000,0,-,-,-,-,3833.8000,3833.2000,3833.0000,3830.8000,3830.0000,3834.8000,3835.0000,3835.6000,3836.0000,3836.4000,10,1,2,1,3,1,2,1,1,1
SF,IF2009,2020-02-07 09:31:26.300,3833.8000,5642,0,64426020.000,6,3,3,多换,S,3833.8000,3833.2000,3833.0000,3830.8000,3830.0000,3834.8000,3835.0000,3835.6000,3836.0000,3836.4000,4,1,2,1,3,1,2,1,1,1
SF,IF2009,2020-02-07 09:31:26.800,3833.8000,5642,0,67876440.000,3,1,2,多换,S,3833.8000,3833.2000,3833.0000,3830.8000,3830.0000,3835.0000,3836.0000,3836.4000,3838.8000,3845.0000,1,1,2,1,3,2,1,1,1,5
SF,IF2009,2020-02-07 09:31:27.300,3833.8000,5642,0,67876440.000,0,-,-,-,-,3833.8000,3833.2000,3833.0000,3830.8000,3830.0000,3835.0000,3836.0000,3836.4000,3838.8000,3845.0000,1,1,2,1,3,2,1,1,1,5
SF,IF2009,2020-02-07 09:31:27.800,3833.8000,5642,0,67876440.000,0,-,-,-,-,3833.8000,3833.2000,3833.0000,3830.8000,3830.0000,3835.0000,3836.0000,3836.4000,3838.8000,3845.0000,1,1,2,1,3,2,1,1,1,5
SF,IF2009,2020-02-07 09:31:28.300,3833.8000,5642,0,67876440.000,0,-,-,-,-,3833.8000,3833.2000,3833.0000,3830.8000,3830.0000,3835.0000,3836.0000,3836.4000,3838.8000,3845.0000,1,1,2,1,3,2,1,1,1,5
SF,IF2009,2020-02-07 09:31:28.800,3833.8000,5642,0,69026580.000,1,0,1,多换,S,3833.2000,3833.0000,3830.8000,3830.0000,3828.0000,3833.4000,3834.6000,3835.0000,3836.0000,3836.4000,1,2,1,3,1,1,1,2,1,1
SF,IF2009,2020-02-07 09:31:29.300,3833.8000,5642,0,69026580.000,0,-,-,-,-,3833.2000,3833.0000,3830.8000,3830.0000,3828.0000,3834.6000,3835.0000,3836.4000,3845.0000,3849.8000,1,2,1,3,1,1,2,1,5,1
SF,IF2009,2020-02-07 09:31:29.800,3833.8000,5642,0,69026580.000,0,-,-,-,-,3833.2000,3833.0000,3830.8000,3830.0000,3828.0000,3834.6000,3835.0000,3836.4000,3845.0000,3849.8000,1,2,1,3,1,1,2,1,5,1
SF,IF2009,2020-02-07 09:31:30.300,3833.8000,5642,0,69026580.000,0,-,-,-,-,3833.2000,3833.0000,3830.8000,3830.0000,3828.0000,3834.6000,3835.0000,3836.4000,3845.0000,3849.8000,1,2,1,3,1,1,2,1,5,1
SF,IF2009,2020-02-07 09:31:31.300,3833.2000,5642,0,70176540.000,1,0,1,多换,S,3833.0000,3830.8000,3830.0000,3828.0000,3827.0000,3834.6000,3835.0000,3836.4000,3845.0000,3849.8000,2,1,3,1,1,1,2,1,5,1
SF,IF2009,2020-02-07 09:31:31.800,3833.2000,5642,0,70176540.000,0,-,-,-,-,3833.0000,3830.8000,3830.0000,3828.0000,3827.0000,3834.6000,3835.0000,3836.4000,3845.0000,3849.8000,2,1,2,1,1,1,2,1,5,1
SF,IF2009,2020-02-07 09:31:33.800,3833.0000,5643,1,71326440.000,1,1,0,双开,S,3833.0000,3830.8000,3830.0000,3828.0000,3827.0000,3835.0000,3836.4000,3845.0000,3849.8000,3919.8000,1,1,2,1,1,2,1,5,1,1
SF,IF2009,2020-02-07 09:31:34.300,3833.0000,5643,0,71326440.000,0,-,-,-,-,3833.0000,3830.8000,3830.0000,3828.0000,3827.0000,3834.6000,3834.8000,3835.0000,3836.4000,3845.0000,1,1,2,1,1,1,1,2,1,5
SF,IF2009,2020-02-07 09:31:34.800,3833.0000,5644,1,72476340.000,1,1,0,双开,S,3830.8000,3830.0000,3828.0000,3827.0000,3826.0000,3833.0000,3834.6000,3835.0000,3836.4000,3845.0000,1,2,1,1,1,6,1,2,1,5
SF,IF2009,2020-02-07 09:31:35.300,3833.0000,5644,0,79375740.000,6,3,3,多换,S,3830.8000,3830.0000,3828.0000,3827.0000,3826.0000,3835.0000,3836.4000,3845.0000,3849.8000,3919.8000,2,2,1,1,1,2,1,5,1,1
SF,IF2009,2020-02-07 09:31:35.800,3833.0000,5644,0,79375740.000,0,-,-,-,-,3830.8000,3830.0000,3828.0000,3827.0000,3826.0000,3835.0000,3836.4000,3845.0000,3849.8000,3885.0000,2,2,1,1,1,2,1,5,1,1
SF,IF2009,2020-02-07 09:31:36.300,3833.0000,5644,0,79375740.000,0,-,-,-,-,3830.8000,3830.0000,3828.0000,3827.0000,3826.0000,3835.0000,3836.4000,3845.0000,3849.8000,3885.0000,2,2,1,1,1,2,1,5,1,1
SF,IF2009,2020-02-07 09:31:36.800,3833.0000,5644,0,79375740.000,0,-,-,-,-,3830.8000,3830.0000,3828.2000,3828.0000,3827.0000,3835.0000,3836.4000,3845.0000,3849.8000,3885.0000,1,2,1,1,1,2,1,5,1,1
SF,IF2009,2020-02-07 09:31:37.300,3833.0000,5644,0,79375740.000,0,-,-,-,-,3831.0000,3830.8000,3830.0000,3828.2000,3828.0000,3834.8000,3835.0000,3836.4000,3845.0000,3849.8000,1,1,2,1,1,1,2,1,5,1
SF,IF2009,2020-02-07 09:31:38.800,3833.0000,5644,0,79375740.000,0,-,-,-,-,3831.0000,3830.8000,3830.0000,3828.2000,3828.0000,3834.8000,3835.0000,3836.4000,3845.0000,3849.8000,1,1,2,1,1,1,2,1,5,1
SF,IF2009,2020-02-07 09:31:39.800,3833.0000,5644,0,79375740.000,0,-,-,-,-,3831.0000,3830.8000,3830.0000,3828.2000,3828.0000,3834.2000,3834.8000,3835.0000,3836.4000,3845.0000,1,1,2,1,1,1,1,2,1,5
SF,IF2009,2020-02-07 09:31:40.300,3833.0000,5644,0,79375740.000,0,-,-,-,-,3831.0000,3830.8000,3830.0000,3828.2000,3828.0000,3834.2000,3835.0000,3836.4000,3845.0000,3849.8000,1,1,2,1,1,1,2,1,5,1
SF,IF2009,2020-02-07 09:31:40.800,3833.0000,5644,0,79375740.000,0,-,-,-,-,3831.0000,3830.8000,3830.0000,3828.2000,3828.0000,3834.0000,3834.2000,3835.0000,3836.4000,3845.0000,1,1,2,1,1,1,1,2,1,5
SF,IF2009,2020-02-07 09:31:41.300,3833.0000,5644,0,79375740.000,0,-,-,-,-,3831.0000,3830.8000,3830.0000,3828.2000,3828.0000,3834.0000,3835.0000,3836.4000,3845.0000,3849.8000,1,1,2,1,1,1,2,1,5,1
SF,IF2009,2020-02-07 09:31:41.800,3833.0000,5644,0,79375740.000,0,-,-,-,-,3831.2000,3831.0000,3830.8000,3830.0000,3828.2000,3834.0000,3835.0000,3836.4000,3845.0000,3849.8000,1,1,1,2,1,1,2,1,5,1
SF,IF2009,2020-02-07 09:31:42.300,3833.0000,5644,0,79375740.000,0,-,-,-,-,3831.4000,3831.2000,3831.0000,3830.8000,3830.0000,3834.0000,3835.0000,3836.4000,3845.0000,3849.8000,1,1,1,1,2,1,2,1,5,1
SF,IF2009,2020-02-07 09:31:42.800,3833.0000,5644,0,79375740.000,0,-,-,-,-,3831.6000,3831.4000,3831.0000,3830.8000,3830.0000,3835.0000,3836.4000,3845.0000,3849.8000,3885.0000,1,1,1,1,3,2,1,5,1,1
SF,IF2009,2020-02-07 09:31:43.300,3833.0000,5644,0,79375740.000,0,-,-,-,-,3831.8000,3831.6000,3831.0000,3830.8000,3830.0000,3834.8000,3835.0000,3836.4000,3845.0000,3849.8000,1,1,1,1,3,1,2,1,5,1
SF,IF2009,2020-02-07 09:31:43.800,3833.0000,5644,0,79375740.000,0,-,-,-,-,3831.8000,3831.0000,3830.8000,3830.0000,3828.2000,3834.6000,3834.8000,3835.0000,3836.4000,3845.0000,1,1,1,3,1,1,1,2,1,5
SF,IF2009,2020-02-07 09:31:44.300,3833.0000,5644,0,79375740.000,0,-,-,-,-,3831.8000,3831.0000,3830.8000,3830.0000,3828.2000,3835.0000,3836.4000,3845.0000,3849.8000,3885.0000,1,1,1,3,1,2,1,5,1,1
SF,IF2009,2020-02-07 09:31:44.800,3833.0000,5644,0,79375740.000,0,-,-,-,-,3831.8000,3831.0000,3830.8000,3830.0000,3828.2000,3834.4000,3835.0000,3836.4000,3845.0000,3849.8000,1,1,1,3,1,1,2,1,5,1
SF,IF2009,2020-02-07 09:31:45.300,3833.0000,5644,0,79375740.000,0,-,-,-,-,3832.0000,3831.8000,3831.0000,3830.8000,3830.0000,3834.4000,3835.0000,3836.4000,3845.0000,3849.8000,1,1,1,1,3,1,2,1,5,1
SF,IF2009,2020-02-07 09:31:45.800,3833.0000,5644,0,79375740.000,0,-,-,-,-,3832.2000,3832.0000,3831.0000,3830.8000,3830.0000,3834.4000,3835.0000,3836.4000,3845.0000,3849.8000,1,1,1,1,3,1,2,1,5,1
SF,IF2009,2020-02-07 09:31:46.800,3832.2000,5644,0,80525400.000,1,0,1,多换,S,3832.0000,3831.0000,3830.8000,3830.0000,3828.2000,3835.0000,3836.4000,3845.0000,3849.8000,3885.0000,1,1,1,3,1,2,1,5,1,1
SF,IF2009,2020-02-07 09:31:47.300,3832.2000,5644,0,80525400.000,0,-,-,-,-,3832.0000,3831.0000,3830.8000,3830.0000,3828.2000,3835.0000,3836.4000,3845.0000,3849.8000,3885.0000,1,1,1,3,1,2,1,5,1,1
SF,IF2009,2020-02-07 09:31:47.800,3832.2000,5644,0,80525400.000,0,-,-,-,-,3832.0000,3831.0000,3830.8000,3830.0000,3828.2000,3834.8000,3835.0000,3836.4000,3845.0000,3849.8000,1,1,1,3,1,1,2,1,5,1
SF,IF2009,2020-02-07 09:31:48.300,3832.2000,5644,0,80525400.000,0,-,-,-,-,3832.0000,3831.0000,3830.8000,3830.0000,3828.2000,3835.0000,3836.4000,3845.0000,3849.8000,3885.0000,1,1,1,3,1,2,1,5,1,1
SF,IF2009,2020-02-07 09:31:48.800,3832.2000,5644,0,80525400.000,0,-,-,-,-,3832.0000,3831.0000,3830.8000,3830.0000,3828.2000,3835.0000,3836.4000,3845.0000,3849.8000,3885.0000,1,1,1,3,1,2,1,5,1,1
SF,IF2009,2020-02-07 09:31:49.300,3832.2000,5644,0,80525400.000,0,-,-,-,-,3832.0000,3831.0000,3830.8000,3830.0000,3828.2000,3835.0000,3836.4000,3845.0000,3849.8000,3885.0000,1,1,1,3,1,2,1,5,1,1
SF,IF2009,2020-02-07 09:31:49.800,3832.2000,5644,0,80525400.000,0,-,-,-,-,3832.0000,3831.0000,3830.8000,3830.0000,3828.2000,3835.0000,3836.4000,3845.0000,3849.8000,3885.0000,1,1,1,3,1,2,1,5,1,1
SF,IF2009,2020-02-07 09:31:50.300,3832.2000,5644,0,80525400.000,0,-,-,-,-,3832.0000,3831.0000,3830.8000,3830.0000,3828.2000,3835.0000,3836.4000,3845.0000,3849.8000,3885.0000,1,1,1,3,1,2,1,5,1,1
SF,IF2009,2020-02-07 09:31:50.800,3835.0000,5644,0,82826400.000,2,1,1,多换,S,3832.0000,3831.8000,3831.0000,3830.8000,3830.0000,3836.4000,3845.0000,3849.8000,3885.0000,3919.8000,1,1,1,1,3,1,5,1,1,1
SF,IF2009,2020-02-07 09:31:51.300,3835.0000,5644,0,82826400.000,0,-,-,-,-,3832.0000,3831.8000,3831.0000,3830.8000,3830.0000,3836.4000,3845.0000,3849.8000,3885.0000,3919.8000,1,1,1,1,3,1,5,1,1,1
SF,IF2009,2020-02-07 09:31:51.800,3835.0000,5644,0,82826400.000,0,-,-,-,-,3832.0000,3831.8000,3831.0000,3830.8000,3830.0000,3845.0000,3849.8000,3885.0000,3919.8000,3922.6000,1,1,1,1,3,5,1,1,1,1
SF,IF2009,2020-02-07 09:31:52.300,3835.0000,5644,0,82826400.000,0,-,-,-,-,3832.2000,3832.0000,3831.8000,3831.0000,3830.8000,3838.8000,3841.0000,3843.0000,3844.8000,3845.0000,1,1,1,1,1,1,1,1,1,5
SF,IF2009,2020-02-07 09:31:52.800,3835.0000,5644,0,82826400.000,0,-,-,-,-,3834.0000,3832.4000,3832.2000,3832.0000,3831.8000,3838.8000,3841.0000,3843.0000,3845.0000,3849.8000,1,1,2,1,1,1,1,1,5,1
SF,IF2009,2020-02-07 09:31:53.300,3835.0000,5644,0,82826400.000,0,-,-,-,-,3832.4000,3832.2000,3831.8000,3831.0000,3830.8000,3838.6000,3838.8000,3841.0000,3843.0000,3845.0000,1,1,1,1,1,1,1,1,1,5
SF,IF2009,2020-02-07 09:31:53.800,3835.0000,5644,0,82826400.000,0,-,-,-,-,3832.2000,3831.8000,3831.0000,3830.8000,3830.6000,3838.6000,3838.8000,3841.0000,3843.0000,3845.0000,1,1,1,1,1,1,1,1,1,5
SF,IF2009,2020-02-07 09:31:54.300,3835.0000,5644,0,82826400.000,0,-,-,-,-,3832.6000,3832.2000,3831.8000,3831.0000,3830.8000,3836.4000,3838.6000,3838.8000,3843.0000,3845.0000,1,1,1,1,1,1,1,1,1,5
SF,IF2009,2020-02-07 09:31:54.800,3835.0000,5644,0,82826400.000,0,-,-,-,-,3832.6000,3832.2000,3831.8000,3831.0000,3830.8000,3836.4000,3838.8000,3843.0000,3845.0000,3849.8000,1,1,1,1,1,1,1,1,5,1
SF,IF2009,2020-02-07 09:31:55.300,3835.0000,5644,0,82826400.000,0,-,-,-,-,3832.6000,3832.2000,3831.8000,3831.0000,3830.8000,3838.8000,3843.0000,3845.0000,3849.8000,3885.0000,1,1,1,1,1,1,1,5,1,1
SF,IF2009,2020-02-07 09:31:55.800,3835.0000,5644,0,82826400.000,0,-,-,-,-,3832.8000,3832.2000,3831.8000,3831.0000,3830.8000,3838.6000,3838.8000,3843.0000,3845.0000,3849.8000,1,1,1,1,1,1,1,1,5,1
SF,IF2009,2020-02-07 09:31:56.300,3835.0000,5644,0,82826400.000,0,-,-,-,-,3832.8000,3832.2000,3831.8000,3831.0000,3830.8000,3838.6000,3838.8000,3843.0000,3845.0000,3849.8000,3,1,1,1,1,1,1,1,5,1
SF,IF2009,2020-02-07 09:31:56.800,3835.0000,5644,0,82826400.000,0,-,-,-,-,3833.0000,3832.8000,3832.2000,3831.8000,3831.0000,3838.0000,3838.6000,3838.8000,3843.0000,3845.0000,1,3,1,1,1,1,1,1,1,5
SF,IF2009,2020-02-07 09:31:57.300,3835.0000,5644,0,82826400.000,0,-,-,-,-,3833.0000,3832.8000,3832.2000,3831.8000,3831.0000,3836.4000,3838.0000,3838.8000,3843.0000,3845.0000,1,1,1,1,1,1,1,1,1,5
SF,IF2009,2020-02-07 09:31:57.800,3835.0000,5644,0,82826400.000,0,-,-,-,-,3833.2000,3833.0000,3831.8000,3831.0000,3830.8000,3836.4000,3838.0000,3838.8000,3845.0000,3849.8000,1,1,1,1,1,1,1,1,5,1
SF,IF2009,2020-02-07 09:31:58.300,3835.0000,5644,0,82826400.000,0,-,-,-,-,3833.2000,3833.0000,3831.8000,3831.0000,3830.8000,3836.4000,3838.8000,3845.0000,3849.8000,3885.0000,1,1,1,1,1,1,1,5,1,1
SF,IF2009,2020-02-07 09:31:58.800,3835.0000,5644,0,82826400.000,0,-,-,-,-,3833.0000,3831.8000,3831.0000,3830.8000,3830.6000,3836.4000,3838.8000,3845.0000,3849.8000,3885.0000,1,1,1,1,1,1,1,5,1,1
SF,IF2009,2020-02-07 09:31:59.300,3835.0000,5644,0,82826400.000,0,-,-,-,-,3833.4000,3833.0000,3831.8000,3831.0000,3830.8000,3836.4000,3838.8000,3845.0000,3849.8000,3885.0000,1,1,1,1,1,1,1,5,1,1
SF,IF2009,2020-02-07 09:32:00.800,3835.0000,5644,0,82826400.000,0,-,-,-,-,3833.8000,3833.0000,3831.8000,3831.0000,3830.8000,3836.2000,3838.8000,3845.0000,3849.8000,3885.0000,1,1,1,1,1,1,1,5,1,1
SF,IF2009,2020-02-07 09:32:01.300,3835.0000,5644,0,82826400.000,0,-,-,-,-,3833.0000,3831.8000,3831.0000,3830.8000,3830.6000,3836.0000,3836.2000,3836.4000,3838.8000,3845.0000,1,1,1,1,1,1,1,1,1,5
SF,IF2009,2020-02-07 09:32:01.800,3835.0000,5644,0,82826400.000,0,-,-,-,-,3833.2000,3833.0000,3831.8000,3831.0000,3830.8000,3836.4000,3838.8000,3845.0000,3849.8000,3885.0000,1,1,1,1,1,1,1,5,1,1
SF,IF2009,2020-02-07 09:32:02.300,3835.0000,5644,0,82826400.000,0,-,-,-,-,3833.6000,3833.4000,3833.2000,3833.0000,3831.8000,3836.4000,3838.8000,3845.0000,3849.8000,3885.0000,1,1,1,1,1,1,1,5,1,1
SF,IF2009,2020-02-07 09:32:02.800,3835.0000,5644,0,82826400.000,0,-,-,-,-,3833.8000,3833.4000,3833.2000,3833.0000,3831.8000,3838.8000,3845.0000,3849.8000,3885.0000,3919.8000,1,1,1,1,1,1,5,1,1,1
SF,IF2009,2020-02-07 09:32:03.300,3835.0000,5644,0,82826400.000,0,-,-,-,-,3833.8000,3833.4000,3833.2000,3833.0000,3832.0000,3838.6000,3838.8000,3845.0000,3849.8000,3885.0000,1,1,1,1,1,1,1,5,1,1
SF,IF2009,2020-02-07 09:32:07.800,3835.0000,5644,0,82826400.000,0,-,-,-,-,3833.8000,3833.4000,3833.2000,3833.0000,3832.0000,3836.4000,3838.6000,3838.8000,3845.0000,3849.8000,1,1,1,1,1,1,1,1,5,1
SF,IF2009,2020-02-07 09:32:08.300,3835.0000,5644,0,82826400.000,0,-,-,-,-,3834.2000,3834.0000,3833.8000,3833.4000,3833.2000,3838.8000,3845.0000,3849.8000,3885.0000,3919.8000,1,1,1,1,1,1,5,1,1,1
SF,IF2009,2020-02-07 09:32:08.800,3835.0000,5644,0,82826400.000,0,-,-,-,-,3834.0000,3833.8000,3833.4000,3833.0000,3832.0000,3838.6000,3838.8000,3845.0000,3849.8000,3885.0000,1,1,1,1,1,1,1,5,1,1
SF,IF2009,2020-02-07 09:32:09.300,3835.0000,5644,0,82826400.000,0,-,-,-,-,3834.4000,3834.0000,3833.4000,3833.0000,3832.0000,3836.4000,3838.6000,3838.8000,3845.0000,3849.8000,1,1,1,1,1,1,1,1,5,1
SF,IF2009,2020-02-07 09:32:09.800,3835.0000,5644,0,82826400.000,0,-,-,-,-,3834.4000,3833.4000,3833.0000,3832.0000,3831.8000,3836.2000,3836.4000,3838.8000,3845.0000,3849.8000,1,1,2,1,1,1,1,1,5,1
SF,IF2009,2020-02-07 09:32:10.300,3835.0000,5644,0,82826400.000,0,-,-,-,-,3833.4000,3833.0000,3832.0000,3831.8000,3831.0000,3836.0000,3836.2000,3836.4000,3837.6000,3838.8000,1,2,1,1,1,1,1,1,1,1
SF,IF2009,2020-02-07 09:32:10.800,3835.0000,5644,0,82826400.000,0,-,-,-,-,3833.6000,3833.4000,3833.0000,3832.0000,3831.8000,3836.0000,3836.4000,3838.8000,3845.0000,3849.8000,1,1,2,1,1,1,1,1,5,1
SF,IF2009,2020-02-07 09:32:11.300,3835.0000,5644,0,82826400.000,0,-,-,-,-,3833.4000,3833.0000,3832.0000,3831.8000,3831.0000,3835.8000,3836.4000,3838.8000,3845.0000,3849.8000,1,2,1,1,1,2,1,1,5,1
SF,IF2009,2020-02-07 09:32:11.800,3835.0000,5644,0,82826400.000,0,-,-,-,-,3833.4000,3833.0000,3832.0000,3831.8000,3831.0000,3835.6000,3835.8000,3836.4000,3838.8000,3845.0000,1,2,1,1,1,1,1,1,1,5
SF,IF2009,2020-02-07 09:32:12.300,3835.0000,5644,0,82826400.000,0,-,-,-,-,3833.4000,3833.0000,3832.0000,3831.8000,3831.0000,3835.6000,3836.4000,3838.8000,3845.0000,3849.8000,1,2,1,1,1,1,1,1,5,1
SF,IF2009,2020-02-07 09:32:13.300,3835.0000,5644,0,82826400.000,0,-,-,-,-,3833.4000,3833.0000,3832.0000,3831.8000,3831.0000,3835.4000,3835.6000,3836.4000,3838.8000,3845.0000,1,2,1,1,1,1,1,1,1,5
SF,IF2009,2020-02-07 09:32:13.800,3835.0000,5644,0,82826400.000,0,-,-,-,-,3833.6000,3833.4000,3833.0000,3832.0000,3831.8000,3836.4000,3838.8000,3845.0000,3849.8000,3885.0000,1,1,2,1,1,1,1,5,1,1
SF,IF2009,2020-02-07 09:32:14.300,3835.0000,5644,0,82826400.000,0,-,-,-,-,3833.8000,3833.4000,3833.0000,3832.0000,3831.8000,3836.2000,3836.4000,3838.8000,3845.0000,3849.8000,1,1,2,1,1,1,1,1,5,1
SF,IF2009,2020-02-07 09:32:14.800,3835.0000,5644,0,82826400.000,0,-,-,-,-,3833.8000,3833.4000,3833.0000,3832.0000,3831.8000,3836.0000,3836.4000,3838.8000,3845.0000,3849.8000,1,1,2,1,1,1,1,1,5,1
SF,IF2009,2020-02-07 09:32:15.300,3835.0000,5644,0,82826400.000,0,-,-,-,-,3833.4000,3833.0000,3832.0000,3831.8000,3831.0000,3835.6000,3836.4000,3838.8000,3845.0000,3849.8000,1,2,1,1,1,1,1,1,5,1
SF,IF2009,2020-02-07 09:32:15.800,3835.0000,5644,0,82826400.000,0,-,-,-,-,3833.4000,3833.0000,3832.0000,3831.8000,3831.0000,3835.6000,3836.4000,3838.8000,3845.0000,3849.8000,1,3,1,1,1,1,1,1,5,1
SF,IF2009,2020-02-07 09:32:16.800,3835.0000,5644,0,82826400.000,0,-,-,-,-,3833.4000,3833.0000,3832.0000,3831.8000,3831.0000,3835.4000,3835.6000,3836.4000,3838.8000,3845.0000,1,3,1,1,1,1,1,1,1,5
SF,IF2009,2020-02-07 09:32:17.300,3835.0000,5644,0,82826400.000,0,-,-,-,-,3833.6000,3833.4000,3833.0000,3832.0000,3831.8000,3835.2000,3835.4000,3836.4000,3838.8000,3845.0000,1,1,3,1,1,1,1,1,1,5
SF,IF2009,2020-02-07 09:32:17.800,3835.0000,5644,0,82826400.000,0,-,-,-,-,3833.6000,3833.4000,3833.0000,3832.0000,3831.8000,3835.0000,3836.4000,3838.8000,3845.0000,3849.8000,1,1,3,1,1,1,1,1,5,1
SF,IF2009,2020-02-07 09:32:18.300,3835.0000,5644,0,82826400.000,0,-,-,-,-,3833.6000,3833.4000,3833.0000,3832.0000,3831.8000,3834.8000,3835.0000,3836.4000,3838.8000,3845.0000,1,1,4,1,1,1,1,1,1,5
SF,IF2009,2020-02-07 09:32:18.800,3835.0000,5645,1,83976900.000,1,1,0,双开,S,3833.6000,3833.4000,3833.0000,3832.0000,3831.8000,3834.0000,3836.4000,3838.8000,3845.0000,3849.8000,1,1,4,1,1,1,1,1,5,1
SF,IF2009,2020-02-07 09:32:19.300,3834.0000,5645,0,85127100.000,1,0,1,多换,S,3835.2000,3834.2000,3833.6000,3833.4000,3833.0000,3836.4000,3838.8000,3845.0000,3849.8000,3885.0000,1,1,1,1,4,1,1,5,1,1
SF,IF2009,2020-02-07 09:32:19.800,3834.0000,5645,0,85127100.000,0,-,-,-,-,3835.2000,3834.2000,3833.6000,3833.4000,3833.0000,3836.2000,3836.4000,3838.8000,3845.0000,3849.8000,1,1,1,1,4,1,1,1,5,1
SF,IF2009,2020-02-07 09:32:20.300,3835.2000,5645,0,86277660.000,1,0,1,多换,S,3834.2000,3833.6000,3833.4000,3833.0000,3832.0000,3836.2000,3836.4000,3838.8000,3845.0000,3849.8000,1,1,1,4,1,1,1,1,5,1
SF,IF2009,2020-02-07 09:32:20.800,3835.2000,5645,0,86277660.000,0,-,-,-,-,3833.6000,3833.4000,3833.0000,3832.0000,3831.8000,3836.0000,3836.2000,3836.4000,3838.8000,3845.0000,1,1,4,1,1,1,1,1,1,5
SF,IF2009,2020-02-07 09:32:21.300,3835.2000,5645,0,86277660.000,0,-,-,-,-,3833.6000,3833.4000,3833.0000,3832.0000,3831.8000,3835.8000,3836.4000,3838.8000,3845.0000,3849.8000,1,1,4,1,1,1,1,1,5,1
SF,IF2009,2020-02-07 09:32:21.800,3835.2000,5645,0,86277660.000,0,-,-,-,-,3833.6000,3833.4000,3833.0000,3832.0000,3831.8000,3835.8000,3836.4000,3838.8000,3845.0000,3849.8000,1,1,4,1,1,2,1,1,5,1
SF,IF2009,2020-02-07 09:32:22.300,3835.2000,5645,0,86277660.000,0,-,-,-,-,3833.6000,3833.4000,3833.0000,3832.0000,3831.8000,3835.8000,3836.4000,3838.8000,3845.0000,3849.8000,1,1,4,1,1,2,1,1,5,1
SF,IF2009,2020-02-07 09:32:22.800,3835.2000,5645,0,86277660.000,0,-,-,-,-,3833.6000,3833.4000,3833.0000,3832.0000,3831.8000,3835.8000,3836.4000,3838.8000,3845.0000,3849.8000,1,1,4,1,1,2,1,1,5,1
SF,IF2009,2020-02-07 09:32:23.800,3835.2000,5645,0,86277660.000,0,-,-,-,-,3833.6000,3833.4000,3833.0000,3832.0000,3831.8000,3836.4000,3838.8000,3845.0000,3849.8000,3885.0000,1,1,4,1,1,1,1,5,1,1
SF,IF2009,2020-02-07 09:32:24.300,3835.2000,5645,0,86277660.000,0,-,-,-,-,3834.0000,3833.8000,3833.6000,3833.4000,3833.0000,3836.2000,3836.4000,3838.8000,3845.0000,3849.8000,1,1,1,1,4,1,1,1,5,1
SF,IF2009,2020-02-07 09:32:24.800,3835.2000,5645,0,86277660.000,0,-,-,-,-,3834.0000,3833.8000,3833.6000,3833.4000,3833.0000,3836.4000,3838.8000,3845.0000,3849.8000,3885.0000,1,1,1,1,4,1,1,5,1,1
SF,IF2009,2020-02-07 09:32:25.300,3835.2000,5645,0,86277660.000,0,-,-,-,-,3834.2000,3833.8000,3833.6000,3833.4000,3833.0000,3836.4000,3838.8000,3845.0000,3849.8000,3885.0000,1,1,1,1,4,1,1,5,1,1
SF,IF2009,2020-02-07 09:32:25.800,3835.2000,5645,0,86277660.000,0,-,-,-,-,3834.2000,3833.8000,3833.6000,3833.4000,3833.0000,3836.4000,3838.8000,3845.0000,3849.8000,3885.0000,1,1,1,1,4,1,1,5,1,1
SF,IF2009,2020-02-07 09:32:26.300,3835.2000,5645,0,86277660.000,0,-,-,-,-,3834.6000,3833.8000,3833.6000,3833.4000,3833.0000,3836.4000,3838.8000,3845.0000,3849.8000,3885.0000,1,1,1,1,4,1,1,5,1,1
SF,IF2009,2020-02-07 09:32:26.800,3835.2000,5645,0,86277660.000,0,-,-,-,-,3834.8000,3833.8000,3833.6000,3833.4000,3833.0000,3838.8000,3845.0000,3849.8000,3885.0000,3919.8000,1,1,1,1,4,1,5,1,1,1
SF,IF2009,2020-02-07 09:32:27.300,3835.2000,5645,0,86277660.000,0,-,-,-,-,3835.0000,3834.0000,3833.8000,3833.6000,3833.4000,3838.6000,3838.8000,3845.0000,3849.8000,3885.0000,1,1,1,1,1,1,1,5,1,1
SF,IF2009,2020-02-07 09:32:27.800,3835.2000,5645,0,86277660.000,0,-,-,-,-,3835.0000,3834.0000,3833.6000,3833.4000,3833.0000,3838.6000,3838.8000,3845.0000,3849.8000,3885.0000,1,1,1,1,4,1,1,5,1,1
SF,IF2009,2020-02-07 09:32:28.300,3835.2000,5645,0,86277660.000,0,-,-,-,-,3834.0000,3833.6000,3833.4000,3833.0000,3832.0000,3838.6000,3838.8000,3845.0000,3849.8000,3885.0000,1,1,1,4,1,1,1,5,1,1
SF,IF2009,2020-02-07 09:32:28.800,3835.2000,5645,0,86277660.000,0,-,-,-,-,3834.2000,3834.0000,3833.6000,3833.4000,3833.0000,3838.6000,3838.8000,3845.0000,3849.8000,3885.0000,1,1,1,1,4,1,1,5,1,1
SF,IF2009,2020-02-07 09:32:31.800,3835.2000,5645,0,86277660.000,0,-,-,-,-,3834.2000,3834.0000,3833.6000,3833.4000,3833.0000,3836.4000,3838.6000,3838.8000,3845.0000,3849.8000,1,1,1,1,4,1,1,1,5,1
SF,IF2009,2020-02-07 09:32:32.300,3835.2000,5645,0,86277660.000,0,-,-,-,-,3834.6000,3834.2000,3834.0000,3833.6000,3833.4000,3836.4000,3838.8000,3845.0000,3849.8000,3885.0000,1,1,1,1,1,1,1,5,1,1
SF,IF2009,2020-02-07 09:32:32.800,3835.2000,5645,0,86277660.000,0,-,-,-,-,3834.0000,3833.6000,3833.4000,3833.0000,3832.0000,3836.4000,3838.8000,3845.0000,3849.8000,3885.0000,1,1,1,4,1,1,1,5,1,1
SF,IF2009,2020-02-07 09:32:33.300,3835.2000,5645,0,86277660.000,0,-,-,-,-,3835.0000,3834.0000,3833.6000,3833.4000,3833.0000,3836.2000,3838.8000,3845.0000,3849.8000,3885.0000,1,1,1,1,4,1,1,5,1,1
SF,IF2009,2020-02-07 09:32:33.800,3835.0000,5645,0,87428160.000,1,0,1,多换,S,3834.0000,3833.6000,3833.4000,3833.0000,3832.0000,3836.2000,3836.4000,3838.8000,3845.0000,3849.8000,1,1,1,4,1,2,1,1,5,1
SF,IF2009,2020-02-07 09:32:34.300,3835.0000,5645,0,87428160.000,0,-,-,-,-,3834.0000,3833.6000,3833.4000,3833.0000,3832.0000,3836.2000,3836.4000,3838.8000,3845.0000,3849.8000,1,1,1,4,1,1,1,1,5,1
SF,IF2009,2020-02-07 09:32:34.800,3835.0000,5645,0,87428160.000,0,-,-,-,-,3834.0000,3833.6000,3833.4000,3833.0000,3832.0000,3835.8000,3836.2000,3836.4000,3838.8000,3845.0000,1,1,1,4,1,1,1,1,1,5
SF,IF2009,2020-02-07 09:32:35.300,3835.0000,5645,0,87428160.000,0,-,-,-,-,3834.0000,3833.6000,3833.4000,3833.0000,3832.0000,3835.8000,3836.4000,3838.8000,3839.8000,3845.0000,1,1,1,4,1,1,1,1,2,5
SF,IF2009,2020-02-07 09:32:35.800,3835.0000,5645,0,87428160.000,0,-,-,-,-,3834.4000,3834.0000,3833.6000,3833.4000,3833.0000,3835.6000,3836.4000,3838.8000,3839.8000,3845.0000,1,1,1,1,4,2,1,1,2,5
SF,IF2009,2020-02-07 09:32:36.300,3834.4000,5645,0,88578480.000,1,0,1,多换,S,3834.0000,3833.6000,3833.4000,3833.0000,3832.0000,3835.6000,3836.4000,3838.8000,3839.8000,3845.0000,1,1,1,4,2,1,1,1,2,5
SF,IF2009,2020-02-07 09:32:36.800,3834.4000,5645,0,88578480.000,0,-,-,-,-,3834.0000,3833.6000,3833.4000,3833.0000,3832.0000,3835.4000,3835.6000,3836.4000,3838.8000,3845.0000,1,1,1,4,2,1,1,1,1,5
SF,IF2009,2020-02-07 09:32:37.300,3834.4000,5645,0,88578480.000,0,-,-,-,-,3834.0000,3833.6000,3833.4000,3833.0000,3832.0000,3835.4000,3836.4000,3838.8000,3845.0000,3849.8000,1,1,1,4,2,1,1,1,5,1
SF,IF2009,2020-02-07 09:32:37.800,3834.4000,5645,0,88578480.000,0,-,-,-,-,3834.0000,3833.6000,3833.4000,3833.0000,3832.0000,3835.2000,3836.4000,3838.8000,3845.0000,3849.8000,1,1,1,4,2,2,1,1,5,1
SF,IF2009,2020-02-07 09:32:38.300,3834.4000,5645,0,88578480.000,0,-,-,-,-,3834.0000,3833.6000,3833.4000,3833.0000,3832.0000,3835.2000,3836.4000,3838.8000,3845.0000,3849.8000,1,1,1,4,2,1,1,1,5,1
SF,IF2009,2020-02-07 09:32:40.300,3834.4000,5645,0,88578480.000,0,-,-,-,-,3834.0000,3833.6000,3833.4000,3833.0000,3832.0000,3835.2000,3836.4000,3838.8000,3845.0000,3849.8000,1,1,1,4,1,1,1,1,5,1
SF,IF2009,2020-02-07 09:32:41.300,3835.2000,5644,-1,89729040.000,1,0,1,双平,S,3835.2000,3834.0000,3833.6000,3833.4000,3833.0000,3836.4000,3838.8000,3845.0000,3849.8000,3885.0000,1,1,1,1,4,1,1,5,1,1
SF,IF2009,2020-02-07 09:32:41.800,3835.2000,5644,0,89729040.000,0,-,-,-,-,3835.2000,3834.0000,3833.6000,3833.4000,3833.0000,3836.2000,3836.4000,3838.8000,3845.0000,3849.8000,1,1,1,1,4,1,1,1,5,1
SF,IF2009,2020-02-07 09:32:43.300,3835.2000,5644,0,89729040.000,0,-,-,-,-,3835.2000,3834.2000,3834.0000,3833.6000,3833.4000,3836.2000,3836.4000,3838.8000,3845.0000,3849.8000,1,2,1,1,1,1,1,1,5,1
SF,IF2009,2020-02-07 09:32:43.800,3835.2000,5644,0,90879600.000,1,0,1,多换,S,3834.2000,3834.0000,3833.6000,3833.4000,3833.0000,3836.2000,3836.4000,3838.8000,3845.0000,3849.8000,2,1,1,1,4,1,1,1,5,1
SF,IF2009,2020-02-07 09:32:44.300,3835.2000,5644,0,90879600.000,0,-,-,-,-,3834.2000,3834.0000,3833.6000,3833.4000,3833.0000,3836.2000,3836.4000,3838.8000,3845.0000,3849.8000,2,1,1,1,4,1,1,1,5,1
SF,IF2009,2020-02-07 09:32:45.300,3835.2000,5644,0,90879600.000,0,-,-,-,-,3834.4000,3834.2000,3834.0000,3833.6000,3833.4000,3836.2000,3836.4000,3838.8000,3845.0000,3849.8000,1,2,1,1,1,1,1,1,5,1
SF,IF2009,2020-02-07 09:32:45.800,3835.2000,5644,0,90879600.000,0,-,-,-,-,3834.4000,3834.2000,3834.0000,3833.6000,3833.4000,3836.2000,3836.4000,3838.8000,3845.0000,3849.8000,1,2,1,1,1,1,1,1,5,1
SF,IF2009,2020-02-07 09:32:46.300,3835.2000,5644,0,90879600.000,0,-,-,-,-,3834.4000,3834.2000,3834.0000,3833.6000,3833.4000,3836.2000,3836.4000,3838.8000,3845.0000,3849.8000,1,2,1,1,1,1,1,1,5,1
SF,IF2009,2020-02-07 09:32:46.800,3836.2000,5643,-1,92030460.000,1,0,1,双平,S,3834.4000,3834.2000,3834.0000,3833.6000,3833.4000,3836.4000,3838.8000,3845.0000,3849.8000,3885.0000,1,2,1,1,1,1,1,5,1,1
SF,IF2009,2020-02-07 09:32:47.300,3836.4000,5642,-1,93181380.000,1,0,1,双平,S,3834.6000,3834.2000,3834.0000,3833.6000,3833.4000,3838.8000,3845.0000,3849.8000,3885.0000,3919.8000,2,2,1,1,1,1,5,1,1,1
SF,IF2009,2020-02-07 09:32:47.800,3836.4000,5642,0,93181380.000,0,-,-,-,-,3834.8000,3834.6000,3834.2000,3834.0000,3833.6000,3838.6000,3838.8000,3845.0000,3849.8000,3885.0000,1,1,2,1,1,1,1,5,1,1
SF,IF2009,2020-02-07 09:32:52.800,3836.4000,5642,0,93181380.000,0,-,-,-,-,3834.8000,3834.6000,3834.2000,3834.0000,3833.6000,3838.4000,3838.6000,3838.8000,3845.0000,3849.8000,1,1,2,1,1,1,1,1,5,1
SF,IF2009,2020-02-07 09:32:53.300,3836.4000,5642,0,93181380.000,0,-,-,-,-,3834.2000,3834.0000,3833.6000,3833.4000,3833.0000,3838.2000,3838.4000,3838.8000,3845.0000,3849.8000,2,1,1,1,4,1,1,1,5,1
SF,IF2009,2020-02-07 09:32:54.300,3836.4000,5642,0,93181380.000,0,-,-,-,-,3834.4000,3834.2000,3834.0000,3833.6000,3833.4000,3838.2000,3838.4000,3838.8000,3845.0000,3849.8000,1,2,1,1,1,1,1,1,5,1
SF,IF2009,2020-02-07 09:32:54.800,3836.4000,5642,0,93181380.000,0,-,-,-,-,3834.4000,3834.2000,3834.0000,3833.6000,3833.4000,3838.2000,3838.4000,3838.8000,3845.0000,3849.8000,1,2,1,1,1,1,1,1,5,1
SF,IF2009,2020-02-07 09:32:55.800,3836.4000,5642,0,93181380.000,0,-,-,-,-,3834.2000,3834.0000,3833.6000,3833.4000,3833.0000,3838.0000,3838.2000,3838.8000,3845.0000,3849.8000,2,1,1,1,4,1,1,1,5,1
SF,IF2009,2020-02-07 09:32:56.300,3836.4000,5642,0,93181380.000,0,-,-,-,-,3834.4000,3834.2000,3834.0000,3833.6000,3833.4000,3837.8000,3838.0000,3838.8000,3845.0000,3849.8000,1,2,1,1,1,1,1,1,5,1
SF,IF2009,2020-02-07 09:32:56.800,3836.4000,5642,0,93181380.000,0,-,-,-,-,3834.4000,3834.2000,3834.0000,3833.6000,3833.4000,3837.4000,3837.8000,3838.0000,3838.8000,3845.0000,1,2,1,1,1,1,1,1,1,5
SF,IF2009,2020-02-07 09:32:57.300,3836.4000,5642,0,93181380.000,0,-,-,-,-,3834.4000,3834.2000,3834.0000,3833.6000,3833.4000,3837.4000,3837.8000,3838.0000,3838.8000,3845.0000,1,2,1,1,1,1,1,1,1,5
SF,IF2009,2020-02-07 09:32:57.800,3836.4000,5642,0,93181380.000,0,-,-,-,-,3834.4000,3834.2000,3834.0000,3833.6000,3833.4000,3837.4000,3837.8000,3838.8000,3845.0000,3849.8000,1,2,1,1,1,1,1,1,5,1
SF,IF2009,2020-02-07 09:32:58.300,3836.4000,5642,0,93181380.000,0,-,-,-,-,3834.6000,3834.4000,3834.2000,3834.0000,3833.6000,3837.8000,3838.8000,3845.0000,3849.8000,3885.0000,1,1,2,1,1,1,1,5,1,1
SF,IF2009,2020-02-07 09:32:58.800,3836.4000,5642,0,93181380.000,0,-,-,-,-,3834.8000,3834.6000,3834.4000,3834.2000,3834.0000,3837.4000,3837.8000,3838.8000,3845.0000,3849.8000,1,1,1,2,1,1,1,1,5,1
SF,IF2009,2020-02-07 09:32:59.300,3834.8000,5642,0,94331820.000,1,0,1,多换,S,3834.6000,3834.4000,3834.2000,3834.0000,3833.6000,3837.4000,3837.8000,3838.8000,3845.0000,3849.8000,1,1,2,1,1,1,1,1,5,1
SF,IF2009,2020-02-07 09:32:59.800,3834.8000,5642,0,94331820.000,0,-,-,-,-,3834.6000,3834.2000,3834.0000,3833.6000,3833.4000,3837.2000,3837.4000,3837.8000,3838.8000,3845.0000,1,2,1,1,1,1,1,1,1,5
SF,IF2009,2020-02-07 09:33:00.300,3834.8000,5642,0,94331820.000,0,-,-,-,-,3834.8000,3834.2000,3834.0000,3833.6000,3833.4000,3837.0000,3837.2000,3838.8000,3845.0000,3849.8000,1,2,1,1,1,1,1,1,5,1
SF,IF2009,2020-02-07 09:33:00.800,3834.8000,5642,0,94331820.000,0,-,-,-,-,3834.2000,3834.0000,3833.6000,3833.4000,3833.0000,3836.8000,3837.0000,3837.2000,3838.8000,3845.0000,2,1,1,1,4,1,1,1,1,5
SF,IF2009,2020-02-07 09:33:01.300,3834.8000,5642,0,94331820.000,0,-,-,-,-,3834.2000,3834.0000,3833.6000,3833.4000,3833.0000,3836.6000,3836.8000,3837.2000,3838.8000,3845.0000,2,1,1,1,4,1,1,1,1,5
SF,IF2009,2020-02-07 09:33:01.800,3834.8000,5642,0,94331820.000,0,-,-,-,-,3835.0000,3834.2000,3834.0000,3833.6000,3833.4000,3836.4000,3836.6000,3837.2000,3838.8000,3845.0000,2,2,1,1,1,1,1,1,1,5
SF,IF2009,2020-02-07 09:33:02.300,3835.0000,5642,0,96632820.000,2,1,1,多换,S,3834.2000,3834.0000,3833.6000,3833.4000,3833.0000,3834.6000,3836.2000,3836.6000,3837.2000,3838.8000,2,1,1,1,4,1,2,1,1,1
SF,IF2009,2020-02-07 09:33:02.800,3835.0000,5642,0,96632820.000,0,-,-,-,-,3834.2000,3834.0000,3833.6000,3833.0000,3832.0000,3834.6000,3836.2000,3836.4000,3836.6000,3837.2000,2,1,1,4,1,1,1,1,1,1
SF,IF2009,2020-02-07 09:33:03.300,3835.0000,5642,0,96632820.000,0,-,-,-,-,3834.2000,3834.0000,3833.6000,3833.0000,3832.0000,3834.6000,3836.2000,3836.4000,3836.6000,3837.2000,2,2,1,4,1,2,1,1,1,1
SF,IF2009,2020-02-07 09:33:03.800,3834.6000,5642,0,97783200.000,1,0,1,多换,S,3834.2000,3834.0000,3833.6000,3833.0000,3832.0000,3836.2000,3836.4000,3836.6000,3837.2000,3845.0000,2,2,1,4,1,1,1,1,1,5
SF,IF2009,2020-02-07 09:33:04.300,3834.6000,5642,0,97783200.000,0,-,-,-,-,3834.2000,3834.0000,3833.6000,3833.0000,3832.0000,3836.0000,3836.2000,3836.6000,3845.0000,3849.8000,3,2,1,4,1,1,1,1,5,1
SF,IF2009,2020-02-07 09:33:05.800,3834.6000,5642,0,97783200.000,0,-,-,-,-,3834.2000,3834.0000,3833.6000,3833.0000,3832.0000,3836.2000,3836.6000,3845.0000,3849.8000,3885.0000,3,2,1,4,1,1,1,5,1,1
SF,IF2009,2020-02-07 09:33:06.300,3834.6000,5642,0,97783200.000,0,-,-,-,-,3834.4000,3834.2000,3834.0000,3833.6000,3833.0000,3836.6000,3845.0000,3849.8000,3885.0000,3919.8000,1,3,2,1,4,1,5,1,1,1
SF,IF2009,2020-02-07 09:33:06.800,3834.6000,5642,0,97783200.000,0,-,-,-,-,3834.2000,3834.0000,3833.6000,3833.0000,3832.0000,3836.0000,3836.6000,3845.0000,3849.8000,3885.0000,3,2,1,4,1,1,1,5,1,1
SF,IF2009,2020-02-07 09:33:07.300,3834.6000,5642,0,97783200.000,0,-,-,-,-,3834.2000,3834.0000,3833.6000,3833.0000,3832.0000,3836.0000,3845.0000,3849.8000,3885.0000,3919.8000,3,2,1,4,1,1,5,1,1,1
SF,IF2009,2020-02-07 09:33:07.800,3834.6000,5642,0,97783200.000,0,-,-,-,-,3834.2000,3834.0000,3833.6000,3833.0000,3832.0000,3845.0000,3849.8000,3885.0000,3919.8000,3922.6000,3,2,1,4,1,5,1,1,1,1
SF,IF2009,2020-02-07 09:33:08.300,3834.6000,5642,0,97783200.000,0,-,-,-,-,3834.2000,3834.0000,3833.6000,3833.0000,3832.0000,3838.8000,3841.0000,3843.4000,3844.8000,3845.0000,3,2,1,4,1,2,1,2,2,5
SF,IF2009,2020-02-07 09:33:08.800,3834.6000,5642,0,97783200.000,0,-,-,-,-,3834.2000,3834.0000,3833.6000,3833.0000,3832.0000,3838.6000,3838.8000,3841.0000,3843.4000,3844.8000,3,2,1,4,1,1,2,1,2,1
SF,IF2009,2020-02-07 09:33:09.300,3834.2000,5643,1,98933460.000,1,1,0,双开,S,3834.2000,3834.0000,3833.6000,3833.0000,3832.0000,3838.4000,3838.6000,3838.8000,3841.0000,3843.4000,2,2,1,4,1,1,1,2,1,2
SF,IF2009,2020-02-07 09:33:09.800,3834.2000,5643,0,98933460.000,0,-,-,-,-,3834.2000,3834.0000,3833.6000,3833.0000,3832.0000,3838.2000,3838.4000,3838.8000,3841.0000,3843.4000,2,2,1,4,1,1,1,2,1,2
SF,IF2009,2020-02-07 09:33:10.300,3834.2000,5643,0,98933460.000,0,-,-,-,-,3834.4000,3834.2000,3834.0000,3833.6000,3833.0000,3838.2000,3838.4000,3838.8000,3841.0000,3843.4000,1,2,2,1,4,1,1,2,1,2
SF,IF2009,2020-02-07 09:33:10.800,3834.2000,5643,0,98933460.000,0,-,-,-,-,3834.4000,3834.2000,3834.0000,3833.6000,3833.0000,3837.6000,3838.2000,3838.4000,3838.8000,3841.0000,1,2,2,1,4,2,1,1,2,1
SF,IF2009,2020-02-07 09:33:11.300,3834.2000,5643,0,98933460.000,0,-,-,-,-,3834.4000,3834.2000,3834.0000,3833.6000,3833.0000,3834.6000,3836.4000,3837.2000,3837.4000,3837.6000,1,2,2,1,4,1,1,1,1,2
SF,IF2009,2020-02-07 09:33:11.800,3834.2000,5643,0,98933460.000,0,-,-,-,-,3834.4000,3834.2000,3834.0000,3833.6000,3833.0000,3836.4000,3837.6000,3838.8000,3843.4000,3845.0000,1,2,2,1,4,1,1,1,2,5
SF,IF2009,2020-02-07 09:33:12.300,3834.2000,5643,0,98933460.000,0,-,-,-,-,3834.6000,3834.2000,3834.0000,3833.6000,3833.0000,3837.6000,3838.8000,3843.4000,3845.0000,3849.8000,1,2,2,1,4,1,1,2,5,1
SF,IF2009,2020-02-07 09:33:12.800,3834.2000,5643,0,98933460.000,0,-,-,-,-,3834.2000,3834.0000,3833.6000,3833.0000,3832.0000,3837.2000,3837.4000,3837.6000,3838.8000,3843.4000,2,2,1,4,1,1,2,1,1,2
SF,IF2009,2020-02-07 09:33:13.300,3834.2000,5643,0,98933460.000,0,-,-,-,-,3834.2000,3834.0000,3833.6000,3833.0000,3832.0000,3837.0000,3837.2000,3837.4000,3837.6000,3838.8000,2,2,1,4,1,1,1,1,1,1
SF,IF2009,2020-02-07 09:33:13.800,3834.2000,5643,0,98933460.000,0,-,-,-,-,3834.2000,3834.0000,3833.6000,3833.0000,3832.0000,3836.8000,3837.0000,3837.4000,3837.6000,3838.8000,2,2,1,4,1,2,1,1,1,1
SF,IF2009,2020-02-07 09:33:14.300,3834.2000,5644,1,100083720.000,1,1,0,双开,S,3834.2000,3834.0000,3833.6000,3833.0000,3832.0000,3836.6000,3836.8000,3837.4000,3837.6000,3838.8000,1,2,1,4,1,1,2,1,1,1
SF,IF2009,2020-02-07 09:33:14.800,3834.2000,5644,0,100083720.000,0,-,-,-,-,3834.2000,3834.0000,3833.6000,3833.0000,3832.0000,3836.0000,3836.4000,3836.6000,3836.8000,3837.4000,1,2,1,4,1,1,1,1,1,1
SF,IF2009,2020-02-07 09:33:15.300,3834.2000,5644,0,100083720.000,0,-,-,-,-,3834.2000,3834.0000,3833.6000,3833.0000,3832.0000,3836.0000,3836.4000,3836.6000,3836.8000,3837.4000,1,2,1,4,1,1,2,1,1,1
SF,IF2009,2020-02-07 09:33:16.300,3834.2000,5644,0,100083720.000,0,-,-,-,-,3834.2000,3834.0000,3833.6000,3833.0000,3832.0000,3834.6000,3836.0000,3836.4000,3836.6000,3836.8000,1,2,1,4,1,1,1,2,1,1
SF,IF2009,2020-02-07 09:33:16.800,3834.4000,5643,-1,102384420.000,2,0,2,多平,S,3834.2000,3834.0000,3833.6000,3833.0000,3832.0000,3836.4000,3836.6000,3836.8000,3837.4000,3838.8000,1,2,1,4,1,1,1,1,1,1
SF,IF2009,2020-02-07 09:33:17.300,3834.4000,5643,0,102384420.000,0,-,-,-,-,3834.2000,3834.0000,3833.6000,3833.0000,3832.0000,3836.2000,3836.4000,3836.8000,3837.4000,3838.8000,1,2,1,4,1,1,1,1,1,1
SF,IF2009,2020-02-07 09:33:17.800,3834.4000,5643,0,102384420.000,0,-,-,-,-,3834.2000,3834.0000,3833.6000,3833.0000,3832.0000,3836.0000,3836.2000,3836.4000,3836.8000,3837.4000,1,2,1,4,1,1,1,1,1,1
SF,IF2009,2020-02-07 09:33:18.300,3834.4000,5643,0,102384420.000,0,-,-,-,-,3834.2000,3834.0000,3833.6000,3833.0000,3832.0000,3836.0000,3836.2000,3836.4000,3836.8000,3837.4000,1,2,1,4,1,1,1,1,1,1
SF,IF2009,2020-02-07 09:33:18.800,3834.0000,5643,0,104684880.000,2,1,1,多换,S,3834.4000,3834.0000,3833.6000,3833.0000,3832.0000,3835.8000,3836.0000,3836.4000,3836.8000,3837.4000,2,1,1,4,1,2,1,1,1,1
SF,IF2009,2020-02-07 09:33:19.300,3834.0000,5642,-1,108135600.000,3,1,2,多平,S,3833.6000,3833.0000,3832.0000,3831.8000,3830.8000,3834.0000,3835.6000,3836.0000,3836.4000,3836.8000,1,4,1,1,1,1,1,1,1,1
SF,IF2009,2020-02-07 09:33:19.800,3833.6000,5642,0,109285680.000,1,0,1,多换,S,3833.0000,3832.0000,3831.8000,3830.8000,3830.6000,3834.0000,3836.0000,3836.4000,3836.8000,3837.4000,4,1,1,1,1,1,1,1,1,1
SF,IF2009,2020-02-07 09:33:20.800,3834.0000,5643,1,110435880.000,1,1,0,双开,S,3833.0000,3832.0000,3831.8000,3830.8000,3830.6000,3836.0000,3836.4000,3836.8000,3837.4000,3838.8000,4,1,1,1,1,1,1,1,1,1
SF,IF2009,2020-02-07 09:33:21.300,3834.0000,5643,0,110435880.000,0,-,-,-,-,3833.0000,3832.0000,3831.8000,3830.8000,3830.6000,3835.6000,3835.8000,3836.0000,3836.4000,3836.8000,4,1,1,1,1,1,1,1,1,1
SF,IF2009,2020-02-07 09:33:21.800,3834.0000,5643,0,110435880.000,0,-,-,-,-,3833.0000,3832.0000,3831.8000,3830.8000,3830.6000,3834.6000,3835.2000,3835.4000,3835.6000,3836.0000,4,1,1,1,1,2,1,1,1,1
SF,IF2009,2020-02-07 09:33:22.300,3833.0000,5644,1,111585780.000,1,1,0,双开,S,3833.0000,3832.0000,3831.8000,3830.8000,3830.6000,3834.4000,3834.6000,3835.4000,3835.6000,3836.0000,3,1,1,1,1,1,2,1,1,1
SF,IF2009,2020-02-07 09:33:22.800,3833.0000,5644,0,111585780.000,0,-,-,-,-,3833.0000,3832.0000,3831.8000,3830.8000,3830.6000,3834.4000,3834.6000,3835.4000,3835.6000,3836.0000,4,1,1,1,1,1,2,1,1,1
SF,IF2009,2020-02-07 09:33:23.300,3833.0000,5644,0,111585780.000,0,-,-,-,-,3833.0000,3832.0000,3831.8000,3830.8000,3830.6000,3835.4000,3835.6000,3836.0000,3836.4000,3836.8000,4,1,1,1,1,1,1,1,1,1
SF,IF2009,2020-02-07 09:33:23.800,3833.0000,5644,0,111585780.000,0,-,-,-,-,3833.2000,3833.0000,3832.0000,3831.8000,3830.8000,3835.6000,3836.0000,3836.4000,3843.4000,3845.0000,1,4,1,1,1,1,1,1,2,5
SF,IF2009,2020-02-07 09:33:24.300,3833.0000,5644,0,111585780.000,0,-,-,-,-,3833.4000,3833.0000,3832.6000,3832.0000,3831.8000,3835.6000,3836.4000,3843.4000,3845.0000,3849.8000,2,4,1,1,1,1,1,2,5,1
SF,IF2009,2020-02-07 09:33:24.800,3833.0000,5644,0,111585780.000,0,-,-,-,-,3833.8000,3833.4000,3833.0000,3832.6000,3832.0000,3836.4000,3843.4000,3845.0000,3849.8000,3885.0000,1,1,4,1,1,1,2,5,1,1
SF,IF2009,2020-02-07 09:33:25.300,3833.0000,5644,0,112735680.000,1,0,1,多换,S,3833.8000,3833.0000,3832.6000,3832.0000,3831.8000,3836.4000,3843.4000,3845.0000,3849.8000,3885.0000,1,4,1,1,1,1,2,5,1,1
SF,IF2009,2020-02-07 09:33:25.800,3833.0000,5644,0,112735680.000,0,-,-,-,-,3833.8000,3833.0000,3832.6000,3832.0000,3831.8000,3836.4000,3843.4000,3845.0000,3849.8000,3885.0000,1,4,1,1,1,1,2,5,1,1
SF,IF2009,2020-02-07 09:33:26.300,3833.0000,5644,0,112735680.000,0,-,-,-,-,3834.2000,3834.0000,3833.0000,3832.6000,3832.0000,3836.4000,3843.4000,3845.0000,3849.8000,3885.0000,1,1,4,1,1,1,2,5,1,1
SF,IF2009,2020-02-07 09:33:26.800,3833.0000,5644,0,112735680.000,0,-,-,-,-,3834.2000,3834.0000,3833.0000,3832.6000,3832.0000,3836.4000,3843.4000,3845.0000,3849.8000,3885.0000,1,1,4,1,1,1,2,5,1,1
SF,IF2009,2020-02-07 09:33:27.300,3833.0000,5644,0,112735680.000,0,-,-,-,-,3834.6000,3834.0000,3833.0000,3832.6000,3832.0000,3836.4000,3843.4000,3845.0000,3849.8000,3885.0000,1,1,4,1,1,1,2,5,1,1
SF,IF2009,2020-02-07 09:33:27.800,3833.0000,5644,0,112735680.000,0,-,-,-,-,3834.6000,3834.0000,3833.0000,3832.6000,3832.0000,3836.4000,3843.4000,3845.0000,3849.8000,3885.0000,1,1,4,1,1,1,2,5,1,1
SF,IF2009,2020-02-07 09:33:28.300,3834.2000,5644,0,113885940.000,1,0,1,多换,S,3834.0000,3833.0000,3832.6000,3832.0000,3831.8000,3836.4000,3843.4000,3845.0000,3849.8000,3885.0000,1,4,1,1,1,1,2,5,1,1
SF,IF2009,2020-02-07 09:33:28.800,3834.2000,5644,0,113885940.000,0,-,-,-,-,3833.0000,3832.6000,3832.0000,3831.8000,3830.8000,3836.4000,3843.4000,3845.0000,3849.8000,3885.0000,4,1,1,1,1,1,2,5,1,1
SF,IF2009,2020-02-07 09:33:29.300,3834.2000,5644,0,113885940.000,0,-,-,-,-,3833.2000,3833.0000,3832.6000,3832.0000,3831.8000,3836.0000,3836.2000,3836.4000,3843.4000,3845.0000,2,4,1,1,1,1,2,1,2,5
SF,IF2009,2020-02-07 09:33:29.800,3834.2000,5644,0,113885940.000,0,-,-,-,-,3833.2000,3833.0000,3832.6000,3832.0000,3831.8000,3835.8000,3836.0000,3836.2000,3836.4000,3843.4000,1,4,1,1,1,1,1,2,1,2
SF,IF2009,2020-02-07 09:33:30.300,3834.2000,5644,0,113885940.000,0,-,-,-,-,3833.0000,3832.6000,3832.0000,3831.8000,3830.8000,3835.8000,3836.0000,3836.4000,3843.4000,3845.0000,4,1,1,1,1,2,1,1,2,5
SF,IF2009,2020-02-07 09:33:30.800,3834.2000,5644,0,113885940.000,0,-,-,-,-,3833.0000,3832.6000,3832.0000,3831.8000,3830.8000,3835.4000,3835.8000,3836.0000,3836.4000,3843.4000,4,1,1,1,1,1,2,1,1,2
SF,IF2009,2020-02-07 09:33:31.300,3834.2000,5644,0,113885940.000,0,-,-,-,-,3833.0000,3832.6000,3832.0000,3831.8000,3830.8000,3835.2000,3835.8000,3836.0000,3836.4000,3843.4000,4,1,1,1,1,3,1,1,1,2
SF,IF2009,2020-02-07 09:33:31.800,3834.2000,5644,0,113885940.000,0,-,-,-,-,3833.0000,3832.6000,3832.0000,3831.8000,3830.8000,3834.8000,3835.0000,3835.2000,3835.8000,3836.4000,4,1,1,1,1,2,1,1,1,1
SF,IF2009,2020-02-07 09:33:32.300,3833.0000,5645,1,115035840.000,1,1,0,双开,S,3833.0000,3832.6000,3832.0000,3831.8000,3830.8000,3834.6000,3834.8000,3835.0000,3835.2000,3836.4000,3,1,1,1,1,2,2,1,1,1
SF,IF2009,2020-02-07 09:33:32.800,3833.0000,5645,0,115035840.000,0,-,-,-,-,3833.0000,3832.6000,3832.0000,3831.8000,3830.8000,3834.6000,3835.0000,3836.4000,3843.4000,3845.0000,3,1,1,1,1,2,1,1,2,5
SF,IF2009,2020-02-07 09:33:33.300,3833.0000,5645,0,115035840.000,0,-,-,-,-,3833.0000,3832.6000,3832.0000,3831.8000,3830.8000,3836.4000,3843.4000,3845.0000,3849.8000,3885.0000,3,1,1,1,1,1,2,5,1,1
SF,IF2009,2020-02-07 09:33:33.800,3833.0000,5645,0,115035840.000,0,-,-,-,-,3833.2000,3833.0000,3832.6000,3832.0000,3831.8000,3836.4000,3843.4000,3845.0000,3849.8000,3885.0000,2,3,1,1,1,1,2,5,1,1
SF,IF2009,2020-02-07 09:33:34.300,3833.0000,5645,0,115035840.000,0,-,-,-,-,3833.2000,3833.0000,3832.6000,3832.0000,3831.8000,3836.0000,3836.4000,3843.4000,3845.0000,3849.8000,2,3,1,1,1,2,1,2,5,1
SF,IF2009,2020-02-07 09:33:34.800,3833.0000,5645,0,115035840.000,0,-,-,-,-,3833.2000,3833.0000,3832.6000,3832.0000,3831.8000,3835.8000,3836.0000,3836.4000,3843.4000,3845.0000,1,3,1,1,1,2,2,1,2,5
SF,IF2009,2020-02-07 09:33:35.300,3833.0000,5645,0,115035840.000,0,-,-,-,-,3833.0000,3832.6000,3832.0000,3831.8000,3830.8000,3835.8000,3836.4000,3843.4000,3845.0000,3849.8000,3,1,1,1,1,2,1,2,5,1
SF,IF2009,2020-02-07 09:33:35.800,3833.0000,5645,0,115035840.000,0,-,-,-,-,3833.0000,3832.6000,3832.0000,3831.8000,3830.8000,3835.4000,3835.8000,3836.4000,3843.4000,3845.0000,3,1,1,1,1,1,2,1,2,5
SF,IF2009,2020-02-07 09:33:36.300,3833.0000,5645,0,115035840.000,0,-,-,-,-,3833.0000,3832.6000,3832.0000,3831.8000,3830.8000,3835.2000,3835.8000,3836.4000,3843.4000,3845.0000,3,1,1,1,1,3,1,1,2,5
SF,IF2009,2020-02-07 09:33:36.800,3833.0000,5645,0,117335640.000,2,1,1,多换,S,3833.0000,3832.6000,3832.0000,3831.8000,3830.8000,3834.0000,3834.8000,3835.2000,3835.8000,3836.4000,1,1,1,1,1,1,2,1,1,1
SF,IF2009,2020-02-07 09:33:37.300,3833.0000,5645,0,117335640.000,0,-,-,-,-,3833.0000,3832.6000,3832.0000,3831.8000,3830.8000,3835.2000,3835.8000,3836.4000,3843.4000,3845.0000,1,1,1,1,1,1,1,1,2,5
SF,IF2009,2020-02-07 09:33:37.800,3833.0000,5644,-1,118485540.000,1,0,1,双平,S,3833.0000,3832.6000,3832.0000,3831.8000,3830.8000,3835.2000,3836.4000,3843.4000,3845.0000,3849.8000,1,1,1,1,1,1,1,2,5,1
SF,IF2009,2020-02-07 09:33:38.300,3833.0000,5644,0,118485540.000,0,-,-,-,-,3833.0000,3832.6000,3832.0000,3831.8000,3830.8000,3836.4000,3843.4000,3845.0000,3849.8000,3885.0000,1,1,1,1,1,1,2,5,1,1
SF,IF2009,2020-02-07 09:33:38.800,3833.0000,5644,0,118485540.000,0,-,-,-,-,3833.2000,3833.0000,3832.6000,3832.0000,3831.8000,3836.0000,3836.2000,3836.4000,3843.4000,3845.0000,1,1,1,1,1,1,1,1,2,5
SF,IF2009,2020-02-07 09:33:39.300,3833.0000,5644,0,118485540.000,0,-,-,-,-,3833.2000,3833.0000,3832.6000,3832.0000,3831.8000,3835.2000,3836.2000,3836.4000,3843.4000,3845.0000,1,1,1,1,1,1,1,1,2,5
SF,IF2009,2020-02-07 09:33:39.800,3833.0000,5644,0,118485540.000,0,-,-,-,-,3833.4000,3833.2000,3833.0000,3832.6000,3832.0000,3836.4000,3843.4000,3845.0000,3849.8000,3885.0000,1,1,1,1,1,1,2,5,1,1
SF,IF2009,2020-02-07 09:33:40.300,3833.0000,5644,0,118485540.000,0,-,-,-,-,3833.0000,3832.6000,3832.0000,3831.8000,3830.8000,3836.0000,3836.2000,3836.4000,3843.4000,3845.0000,1,1,1,1,1,1,2,1,2,5
SF,IF2009,2020-02-07 09:33:40.800,3833.0000,5644,0,118485540.000,0,-,-,-,-,3833.0000,3832.6000,3832.0000,3831.8000,3830.8000,3836.2000,3836.4000,3843.4000,3845.0000,3849.8000,2,1,1,1,1,2,1,2,5,1
SF,IF2009,2020-02-07 09:33:41.300,3833.0000,5644,0,118485540.000,0,-,-,-,-,3833.0000,3832.6000,3832.0000,3831.8000,3830.8000,3835.6000,3836.2000,3836.4000,3843.4000,3845.0000,2,1,1,1,1,1,2,1,2,5
SF,IF2009,2020-02-07 09:33:41.800,3833.0000,5644,0,118485540.000,0,-,-,-,-,3833.0000,3832.6000,3832.0000,3831.8000,3830.8000,3835.8000,3836.2000,3836.4000,3843.4000,3845.0000,2,1,1,1,1,1,2,1,2,5
SF,IF2009,2020-02-07 09:33:42.300,3833.0000,5644,0,118485540.000,0,-,-,-,-,3833.0000,3832.6000,3832.0000,3831.8000,3830.8000,3835.2000,3835.6000,3836.2000,3836.4000,3843.4000,2,1,1,1,1,1,2,1,1,2
SF,IF2009,2020-02-07 09:33:43.800,3833.0000,5644,0,118485540.000,0,-,-,-,-,3833.0000,3832.6000,3832.0000,3831.8000,3830.8000,3834.8000,3835.6000,3836.2000,3836.4000,3843.4000,2,1,1,1,1,2,2,1,1,2
SF,IF2009,2020-02-07 09:33:44.300,3833.0000,5644,0,118485540.000,0,-,-,-,-,3833.0000,3832.6000,3832.0000,3831.8000,3830.8000,3834.6000,3834.8000,3835.6000,3836.4000,3843.4000,2,1,1,1,1,3,2,1,1,2
SF,IF2009,2020-02-07 09:33:44.800,3833.0000,5644,0,118485540.000,0,-,-,-,-,3833.0000,3832.6000,3832.0000,3831.8000,3830.8000,3834.4000,3834.6000,3836.4000,3843.4000,3845.0000,2,1,1,1,1,2,1,1,2,5
SF,IF2009,2020-02-07 09:33:45.300,3833.0000,5644,0,118485540.000,0,-,-,-,-,3833.0000,3832.6000,3832.0000,3831.8000,3830.8000,3834.6000,3836.4000,3843.4000,3845.0000,3849.8000,2,1,1,1,1,1,1,2,5,1
SF,IF2009,2020-02-07 09:33:45.800,3833.0000,5644,0,118485540.000,0,-,-,-,-,3833.0000,3832.6000,3832.0000,3831.8000,3830.8000,3834.6000,3836.4000,3843.4000,3845.0000,3849.8000,2,1,1,1,1,1,1,2,5,1
SF,IF2009,2020-02-07 09:33:46.300,3833.0000,5644,0,118485540.000,0,-,-,-,-,3833.0000,3832.6000,3832.0000,3831.8000,3830.8000,3836.4000,3843.4000,3845.0000,3849.8000,3885.0000,2,1,1,1,1,1,2,5,1,1
SF,IF2009,2020-02-07 09:33:46.800,3833.0000,5644,0,118485540.000,0,-,-,-,-,3833.2000,3833.0000,3832.6000,3832.0000,3831.8000,3836.2000,3836.4000,3843.4000,3845.0000,3849.8000,1,2,1,1,1,1,1,2,5,1
SF,IF2009,2020-02-07 09:33:47.300,3833.0000,5644,0,118485540.000,0,-,-,-,-,3833.4000,3833.2000,3833.0000,3832.6000,3832.0000,3836.2000,3836.4000,3843.4000,3845.0000,3849.8000,1,1,2,1,1,1,1,2,5,1
SF,IF2009,2020-02-07 09:33:47.800,3833.0000,5644,0,118485540.000,0,-,-,-,-,3833.6000,3833.4000,3833.2000,3833.0000,3832.6000,3836.4000,3843.4000,3845.0000,3849.8000,3885.0000,1,1,1,2,1,1,2,5,1,1
SF,IF2009,2020-02-07 09:33:48.300,3833.0000,5644,0,118485540.000,0,-,-,-,-,3833.8000,3833.6000,3833.2000,3833.0000,3832.6000,3836.4000,3843.4000,3845.0000,3849.8000,3885.0000,1,1,1,2,1,1,2,5,1,1
SF,IF2009,2020-02-07 09:33:48.800,3833.2000,5642,-2,120785460.000,2,0,2,双平,S,3833.2000,3833.0000,3832.6000,3832.0000,3831.8000,3836.4000,3843.4000,3845.0000,3849.8000,3885.0000,1,2,1,1,1,1,2,5,1,1
SF,IF2009,2020-02-07 09:33:49.300,3833.2000,5642,0,120785460.000,0,-,-,-,-,3833.2000,3833.0000,3832.6000,3832.0000,3831.8000,3836.0000,3836.4000,3843.4000,3845.0000,3849.8000,1,2,1,1,1,1,1,2,5,1
SF,IF2009,2020-02-07 09:33:49.800,3833.2000,5642,0,120785460.000,0,-,-,-,-,3833.2000,3833.0000,3832.6000,3832.0000,3831.8000,3835.8000,3836.4000,3843.4000,3845.0000,3849.8000,1,2,1,1,1,1,1,2,5,1
SF,IF2009,2020-02-07 09:33:50.300,3833.2000,5642,0,120785460.000,0,-,-,-,-,3833.0000,3832.6000,3832.0000,3831.8000,3830.8000,3835.8000,3836.4000,3843.4000,3845.0000,3849.8000,2,1,1,1,1,4,1,2,5,1
SF,IF2009,2020-02-07 09:33:50.800,3833.2000,5642,0,120785460.000,0,-,-,-,-,3833.0000,3832.6000,3832.0000,3831.8000,3830.8000,3835.6000,3835.8000,3836.4000,3843.4000,3845.0000,2,1,1,1,1,2,2,1,2,5
SF,IF2009,2020-02-07 09:33:51.300,3833.2000,5642,0,120785460.000,0,-,-,-,-,3833.0000,3832.6000,3832.0000,3831.8000,3830.8000,3835.2000,3835.4000,3835.8000,3836.4000,3843.4000,2,1,1,1,1,2,2,1,1,2
SF,IF2009,2020-02-07 09:33:51.800,3833.2000,5642,0,120785460.000,0,-,-,-,-,3833.0000,3832.6000,3832.0000,3831.8000,3830.8000,3834.8000,3835.0000,3835.4000,3835.8000,3836.4000,2,1,1,1,1,2,1,1,1,1
SF,IF2009,2020-02-07 09:33:53.800,3833.2000,5642,0,120785460.000,0,-,-,-,-,3833.0000,3832.6000,3832.0000,3831.8000,3830.8000,3834.6000,3835.0000,3835.4000,3835.8000,3836.4000,2,1,1,1,1,4,1,1,1,1
SF,IF2009,2020-02-07 09:33:54.300,3833.2000,5642,0,120785460.000,0,-,-,-,-,3833.0000,3832.6000,3832.0000,3831.8000,3830.8000,3834.4000,3834.6000,3835.4000,3836.4000,3843.4000,2,1,1,1,1,3,2,1,1,2
SF,IF2009,2020-02-07 09:33:54.800,3833.2000,5642,0,120785460.000,0,-,-,-,-,3833.0000,3832.0000,3831.8000,3830.8000,3830.6000,3834.4000,3834.6000,3836.4000,3843.4000,3845.0000,3,1,1,1,1,3,2,1,2,5
SF,IF2009,2020-02-07 09:33:55.300,3833.0000,5640,-2,124235160.000,3,0,3,多平,S,3832.0000,3831.8000,3830.8000,3830.6000,3830.4000,3834.4000,3836.4000,3843.4000,3845.0000,3849.8000,1,1,1,1,1,1,1,2,5,1
SF,IF2009,2020-02-07 09:33:55.800,3833.0000,5640,0,124235160.000,0,-,-,-,-,3832.2000,3832.0000,3831.8000,3830.8000,3830.6000,3834.2000,3836.4000,3843.4000,3845.0000,3849.8000,1,1,1,1,1,1,1,2,5,1
SF,IF2009,2020-02-07 09:33:56.300,3833.0000,5640,0,124235160.000,0,-,-,-,-,3832.2000,3832.0000,3831.8000,3830.8000,3830.6000,3836.4000,3843.4000,3845.0000,3849.8000,3885.0000,1,1,1,1,1,1,2,5,1,1
SF,IF2009,2020-02-07 09:33:56.800,3833.0000,5640,0,124235160.000,0,-,-,-,-,3832.2000,3832.0000,3831.8000,3830.8000,3830.6000,3836.2000,3836.4000,3843.4000,3845.0000,3849.8000,1,1,1,1,1,1,1,2,5,1
SF,IF2009,2020-02-07 09:33:57.300,3833.0000,5640,0,124235160.000,0,-,-,-,-,3832.2000,3832.0000,3831.8000,3830.8000,3830.6000,3836.2000,3836.4000,3843.4000,3845.0000,3849.8000,1,1,1,1,1,1,1,2,5,1
SF,IF2009,2020-02-07 09:33:57.800,3833.0000,5640,0,124235160.000,0,-,-,-,-,3832.2000,3832.0000,3831.8000,3830.8000,3830.6000,3836.2000,3836.4000,3843.4000,3845.0000,3849.8000,1,1,1,1,1,1,1,2,5,1
SF,IF2009,2020-02-07 09:33:58.300,3833.0000,5640,0,124235160.000,0,-,-,-,-,3832.2000,3832.0000,3831.8000,3830.8000,3830.6000,3836.2000,3836.4000,3843.4000,3845.0000,3849.8000,1,1,1,1,1,1,1,2,5,1
SF,IF2009,2020-02-07 09:33:58.800,3833.0000,5640,0,124235160.000,0,-,-,-,-,3832.2000,3832.0000,3831.8000,3830.8000,3830.6000,3834.6000,3836.2000,3836.4000,3843.4000,3845.0000,1,1,1,1,1,2,1,1,2,5
SF,IF2009,2020-02-07 09:33:59.300,3833.0000,5640,0,124235160.000,0,-,-,-,-,3832.2000,3832.0000,3831.8000,3830.8000,3830.6000,3836.2000,3836.4000,3843.4000,3845.0000,3849.8000,1,1,1,1,1,1,1,2,5,1
SF,IF2009,2020-02-07 09:33:59.800,3833.0000,5640,0,124235160.000,0,-,-,-,-,3832.0000,3831.8000,3830.8000,3830.6000,3830.4000,3834.4000,3836.0000,3836.2000,3836.4000,3838.6000,1,1,1,1,1,2,1,1,1,2
SF,IF2009,2020-02-07 09:34:00.300,3833.0000,5640,0,124235160.000,0,-,-,-,-,3832.0000,3831.8000,3830.8000,3830.6000,3830.4000,3834.2000,3836.0000,3836.4000,3838.6000,3843.4000,1,1,1,1,1,2,1,1,2,2
SF,IF2009,2020-02-07 09:34:00.800,3833.0000,5640,0,124235160.000,0,-,-,-,-,3832.0000,3831.8000,3830.8000,3830.6000,3830.4000,3834.2000,3836.4000,3838.6000,3843.4000,3845.0000,1,1,1,1,1,2,1,2,2,5
SF,IF2009,2020-02-07 09:34:01.300,3833.0000,5640,0,124235160.000,0,-,-,-,-,3832.0000,3831.8000,3830.8000,3830.6000,3830.4000,3833.8000,3834.2000,3836.4000,3843.4000,3845.0000,1,1,1,1,1,1,2,1,2,5
SF,IF2009,2020-02-07 09:34:01.800,3833.0000,5640,0,124235160.000,0,-,-,-,-,3832.0000,3831.8000,3830.8000,3830.6000,3830.4000,3834.0000,3834.2000,3836.4000,3843.4000,3845.0000,1,1,1,1,1,1,2,1,2,5
SF,IF2009,2020-02-07 09:34:02.300,3833.0000,5640,0,124235160.000,0,-,-,-,-,3832.0000,3831.8000,3830.8000,3830.6000,3830.4000,3833.8000,3834.2000,3836.4000,3843.4000,3845.0000,1,1,1,1,1,1,1,1,2,5
SF,IF2009,2020-02-07 09:34:02.800,3833.0000,5640,0,124235160.000,0,-,-,-,-,3832.0000,3831.8000,3830.8000,3830.6000,3830.4000,3834.0000,3834.2000,3836.4000,3843.4000,3845.0000,1,1,1,1,1,1,1,1,2,5
SF,IF2009,2020-02-07 09:34:03.300,3833.0000,5640,0,124235160.000,0,-,-,-,-,3832.0000,3831.8000,3830.8000,3830.6000,3830.4000,3833.6000,3834.0000,3834.2000,3836.4000,3843.4000,1,1,1,1,1,1,1,1,1,2
SF,IF2009,2020-02-07 09:34:03.800,3833.0000,5640,0,124235160.000,0,-,-,-,-,3832.0000,3831.8000,3830.8000,3830.6000,3830.4000,3834.0000,3834.2000,3836.4000,3845.0000,3885.0000,1,1,1,1,1,1,1,1,5,1
SF,IF2009,2020-02-07 09:34:04.300,3833.0000,5640,0,124235160.000,0,-,-,-,-,3832.0000,3831.8000,3830.8000,3830.6000,3830.4000,3834.0000,3836.4000,3845.0000,3885.0000,3919.8000,1,1,1,1,1,1,1,5,1,1
SF,IF2009,2020-02-07 09:34:04.800,3834.0000,5639,-1,125385360.000,1,0,1,双平,S,3832.2000,3832.0000,3831.8000,3830.8000,3830.6000,3836.2000,3836.4000,3845.0000,3885.0000,3919.8000,1,1,1,1,1,1,1,5,1,1
SF,IF2009,2020-02-07 09:34:05.300,3834.0000,5639,0,125385360.000,0,-,-,-,-,3832.2000,3832.0000,3831.8000,3830.8000,3830.6000,3836.4000,3845.0000,3885.0000,3919.8000,3922.6000,1,1,1,1,1,1,5,1,1,1
SF,IF2009,2020-02-07 09:34:05.800,3834.0000,5639,0,125385360.000,0,-,-,-,-,3832.2000,3832.0000,3831.8000,3830.8000,3830.6000,3836.0000,3836.2000,3836.4000,3845.0000,3885.0000,1,1,1,1,1,1,1,1,5,1
SF,IF2009,2020-02-07 09:34:06.300,3834.0000,5639,0,125385360.000,0,-,-,-,-,3832.2000,3832.0000,3831.8000,3830.8000,3830.6000,3836.0000,3836.4000,3845.0000,3885.0000,3919.8000,1,1,1,1,1,1,1,5,1,1
SF,IF2009,2020-02-07 09:34:06.800,3834.0000,5639,0,125385360.000,0,-,-,-,-,3832.2000,3832.0000,3831.8000,3830.8000,3830.6000,3836.4000,3845.0000,3885.0000,3919.8000,3922.6000,1,1,1,1,1,1,5,1,1,1
SF,IF2009,2020-02-07 09:34:07.300,3834.0000,5639,0,125385360.000,0,-,-,-,-,3832.2000,3832.0000,3831.8000,3830.8000,3830.6000,3836.2000,3836.4000,3845.0000,3885.0000,3919.8000,1,1,1,1,1,1,1,5,1,1
SF,IF2009,2020-02-07 09:34:07.800,3834.0000,5639,0,125385360.000,0,-,-,-,-,3832.2000,3832.0000,3831.8000,3830.8000,3830.6000,3836.4000,3845.0000,3885.0000,3919.8000,3922.6000,1,1,1,1,1,1,5,1,1,1
SF,IF2009,2020-02-07 09:34:08.300,3834.0000,5639,0,125385360.000,0,-,-,-,-,3832.2000,3832.0000,3831.8000,3830.8000,3830.6000,3836.2000,3836.4000,3845.0000,3885.0000,3919.8000,1,1,1,1,1,1,1,5,1,1
SF,IF2009,2020-02-07 09:34:08.800,3834.0000,5639,0,125385360.000,0,-,-,-,-,3832.2000,3832.0000,3831.8000,3830.8000,3830.6000,3836.2000,3836.4000,3845.0000,3885.0000,3919.8000,1,1,1,1,1,1,1,5,1,1
SF,IF2009,2020-02-07 09:34:09.300,3834.0000,5639,0,125385360.000,0,-,-,-,-,3832.2000,3832.0000,3831.8000,3830.8000,3830.6000,3836.2000,3836.4000,3845.0000,3885.0000,3919.8000,1,1,1,1,1,1,1,5,1,1
SF,IF2009,2020-02-07 09:34:09.800,3834.0000,5639,0,125385360.000,0,-,-,-,-,3832.2000,3832.0000,3831.8000,3830.8000,3830.6000,3836.0000,3836.2000,3836.4000,3845.0000,3885.0000,1,1,1,1,1,1,1,1,5,1
SF,IF2009,2020-02-07 09:34:10.300,3834.0000,5639,0,125385360.000,0,-,-,-,-,3832.0000,3831.8000,3830.8000,3830.6000,3830.4000,3835.8000,3836.0000,3836.4000,3845.0000,3885.0000,1,1,1,1,1,1,1,1,5,1
SF,IF2009,2020-02-07 09:34:10.800,3834.0000,5639,0,125385360.000,0,-,-,-,-,3832.0000,3831.8000,3830.8000,3830.6000,3830.0000,3835.6000,3835.8000,3836.0000,3836.4000,3845.0000,1,1,1,1,3,1,1,1,1,5
SF,IF2009,2020-02-07 09:34:11.300,3834.0000,5639,0,125385360.000,0,-,-,-,-,3832.0000,3831.8000,3830.8000,3830.6000,3830.0000,3835.4000,3835.6000,3836.0000,3836.4000,3845.0000,1,1,1,1,3,1,1,1,1,5
SF,IF2009,2020-02-07 09:34:11.800,3834.0000,5639,0,125385360.000,0,-,-,-,-,3832.0000,3831.8000,3830.8000,3830.6000,3830.0000,3835.0000,3835.2000,3835.4000,3835.6000,3836.0000,1,1,1,1,3,1,1,1,1,1
SF,IF2009,2020-02-07 09:34:12.300,3834.0000,5639,0,125385360.000,0,-,-,-,-,3832.0000,3831.8000,3830.8000,3830.6000,3830.0000,3834.8000,3835.2000,3836.4000,3845.0000,3885.0000,1,1,1,1,3,1,1,1,5,1
SF,IF2009,2020-02-07 09:34:12.800,3834.0000,5639,0,125385360.000,0,-,-,-,-,3832.0000,3831.8000,3830.8000,3830.6000,3830.0000,3834.6000,3834.8000,3835.2000,3836.4000,3845.0000,1,1,1,1,3,1,1,1,1,5
SF,IF2009,2020-02-07 09:34:13.300,3834.0000,5639,0,125385360.000,0,-,-,-,-,3832.0000,3831.8000,3830.8000,3830.6000,3830.0000,3834.4000,3834.6000,3836.4000,3845.0000,3885.0000,1,1,1,1,3,1,1,1,5,1
SF,IF2009,2020-02-07 09:34:13.800,3834.4000,5638,-1,126535680.000,1,0,1,双平,S,3832.2000,3832.0000,3831.8000,3830.8000,3830.6000,3834.6000,3836.4000,3845.0000,3885.0000,3919.8000,1,1,1,1,1,1,1,5,1,1
SF,IF2009,2020-02-07 09:34:14.300,3834.4000,5638,0,126535680.000,0,-,-,-,-,3832.2000,3832.0000,3831.8000,3830.8000,3830.6000,3836.4000,3845.0000,3885.0000,3919.8000,3922.6000,1,1,1,1,1,1,5,1,1,1
SF,IF2009,2020-02-07 09:34:14.800,3834.4000,5638,0,126535680.000,0,-,-,-,-,3832.2000,3832.0000,3831.8000,3830.8000,3830.6000,3836.2000,3836.4000,3845.0000,3885.0000,3919.8000,1,1,1,1,1,1,1,5,1,1
SF,IF2009,2020-02-07 09:34:15.300,3834.4000,5638,0,126535680.000,0,-,-,-,-,3832.2000,3832.0000,3831.8000,3830.8000,3830.6000,3836.2000,3836.4000,3845.0000,3885.0000,3919.8000,1,1,1,1,1,1,1,5,1,1
SF,IF2009,2020-02-07 09:34:15.800,3834.4000,5638,0,126535680.000,0,-,-,-,-,3832.2000,3832.0000,3831.8000,3830.8000,3830.6000,3836.2000,3836.4000,3845.0000,3885.0000,3919.8000,1,1,1,1,1,1,1,5,1,1
SF,IF2009,2020-02-07 09:34:16.300,3834.4000,5638,0,126535680.000,0,-,-,-,-,3832.2000,3832.0000,3831.8000,3830.8000,3830.6000,3836.2000,3836.4000,3845.0000,3885.0000,3919.8000,1,1,1,1,1,1,1,5,1,1
SF,IF2009,2020-02-07 09:34:16.800,3834.4000,5638,0,126535680.000,0,-,-,-,-,3832.4000,3832.2000,3832.0000,3831.8000,3830.8000,3836.4000,3845.0000,3885.0000,3919.8000,3922.6000,1,1,1,1,1,1,5,1,1,1
SF,IF2009,2020-02-07 09:34:17.300,3834.4000,5638,0,126535680.000,0,-,-,-,-,3832.6000,3832.4000,3832.0000,3831.8000,3830.8000,3836.4000,3845.0000,3885.0000,3919.8000,3922.6000,1,1,1,1,1,1,5,1,1,1
SF,IF2009,2020-02-07 09:34:17.800,3834.4000,5638,0,126535680.000,0,-,-,-,-,3832.6000,3832.4000,3832.0000,3831.8000,3830.8000,3836.2000,3836.4000,3845.0000,3885.0000,3919.8000,1,1,1,1,1,1,1,5,1,1
SF,IF2009,2020-02-07 09:34:18.300,3834.4000,5638,0,126535680.000,0,-,-,-,-,3832.6000,3832.4000,3832.0000,3831.8000,3830.8000,3836.4000,3845.0000,3885.0000,3919.8000,3922.6000,1,1,1,1,1,1,5,1,1,1
SF,IF2009,2020-02-07 09:34:18.800,3834.4000,5638,0,126535680.000,0,-,-,-,-,3832.6000,3832.4000,3832.0000,3831.8000,3830.8000,3836.4000,3845.0000,3885.0000,3919.8000,3922.6000,1,1,1,1,1,1,5,1,1,1
SF,IF2009,2020-02-07 09:34:19.300,3834.4000,5638,0,126535680.000,0,-,-,-,-,3832.6000,3832.4000,3832.0000,3831.8000,3830.8000,3836.4000,3845.0000,3885.0000,3919.8000,3922.6000,1,1,1,1,1,1,5,1,1,1
SF,IF2009,2020-02-07 09:34:19.800,3836.4000,5637,-1,127686600.000,1,0,1,双平,S,3832.6000,3832.4000,3832.0000,3831.8000,3830.8000,3845.0000,3885.0000,3919.8000,3922.6000,3945.0000,1,1,1,1,1,5,1,1,1,1
SF,IF2009,2020-02-07 09:34:20.300,3836.4000,5637,0,127686600.000,0,-,-,-,-,3832.6000,3832.4000,3832.0000,3831.8000,3830.8000,3838.8000,3844.4000,3844.8000,3845.0000,3885.0000,1,1,1,1,1,2,2,1,5,1
SF,IF2009,2020-02-07 09:34:20.800,3836.4000,5637,0,127686600.000,0,-,-,-,-,3832.6000,3832.0000,3831.8000,3830.8000,3830.6000,3838.6000,3838.8000,3844.4000,3845.0000,3885.0000,1,1,1,1,1,1,2,2,5,1
SF,IF2009,2020-02-07 09:34:21.300,3836.4000,5637,0,127686600.000,0,-,-,-,-,3832.8000,3832.6000,3832.0000,3831.8000,3830.8000,3838.6000,3838.8000,3844.4000,3845.0000,3885.0000,2,1,2,1,1,1,2,2,5,1
SF,IF2009,2020-02-07 09:34:21.800,3836.4000,5637,0,127686600.000,0,-,-,-,-,3833.0000,3832.8000,3832.0000,3831.8000,3830.8000,3838.4000,3838.6000,3838.8000,3844.4000,3845.0000,1,2,2,1,1,1,1,2,2,5
SF,IF2009,2020-02-07 09:34:22.300,3836.4000,5637,0,127686600.000,0,-,-,-,-,3832.8000,3832.0000,3831.8000,3830.8000,3830.6000,3838.2000,3838.4000,3838.8000,3844.4000,3845.0000,1,2,1,1,1,1,1,2,2,5
SF,IF2009,2020-02-07 09:34:22.800,3836.4000,5637,0,127686600.000,0,-,-,-,-,3833.2000,3833.0000,3832.0000,3831.8000,3830.8000,3838.2000,3838.8000,3844.4000,3845.0000,3885.0000,1,1,2,1,1,1,2,2,5,1
SF,IF2009,2020-02-07 09:34:23.300,3836.4000,5637,0,127686600.000,0,-,-,-,-,3833.4000,3833.2000,3832.0000,3831.8000,3830.8000,3837.8000,3838.0000,3838.2000,3838.8000,3844.4000,1,1,2,1,1,1,1,1,2,2
SF,IF2009,2020-02-07 09:34:23.800,3836.4000,5637,0,127686600.000,0,-,-,-,-,3833.4000,3833.2000,3832.0000,3831.8000,3830.8000,3837.6000,3837.8000,3838.0000,3838.8000,3844.4000,1,1,2,1,1,1,1,1,2,2
SF,IF2009,2020-02-07 09:34:24.300,3836.4000,5637,0,127686600.000,0,-,-,-,-,3833.4000,3833.2000,3832.0000,3831.8000,3830.8000,3837.6000,3837.8000,3838.8000,3844.4000,3845.0000,1,1,2,1,1,1,1,2,2,5
SF,IF2009,2020-02-07 09:34:24.800,3836.4000,5637,0,127686600.000,0,-,-,-,-,3833.6000,3833.4000,3832.0000,3831.8000,3830.8000,3837.6000,3837.8000,3838.8000,3844.4000,3845.0000,1,1,2,1,1,1,1,2,2,5
SF,IF2009,2020-02-07 09:34:25.300,3836.4000,5637,0,127686600.000,0,-,-,-,-,3833.8000,3833.6000,3832.0000,3831.8000,3830.8000,3837.4000,3837.6000,3837.8000,3838.8000,3845.0000,1,1,2,1,1,1,1,1,2,5
SF,IF2009,2020-02-07 09:34:25.800,3836.4000,5637,0,127686600.000,0,-,-,-,-,3833.8000,3833.6000,3832.0000,3831.8000,3830.8000,3837.2000,3837.4000,3837.8000,3838.8000,3845.0000,1,1,2,1,1,1,1,1,2,5
SF,IF2009,2020-02-07 09:34:26.800,3836.4000,5637,0,127686600.000,0,-,-,-,-,3833.8000,3833.6000,3832.0000,3831.8000,3830.8000,3837.2000,3838.8000,3845.0000,3885.0000,3919.8000,1,1,2,1,1,1,2,5,1,1
SF,IF2009,2020-02-07 09:34:27.300,3836.4000,5637,0,127686600.000,0,-,-,-,-,3833.8000,3833.6000,3832.0000,3831.8000,3830.8000,3837.0000,3838.8000,3845.0000,3885.0000,3919.8000,1,1,2,1,1,1,2,5,1,1
SF,IF2009,2020-02-07 09:34:27.800,3836.4000,5637,0,127686600.000,0,-,-,-,-,3833.8000,3833.6000,3832.0000,3831.8000,3830.8000,3837.0000,3838.8000,3845.0000,3885.0000,3919.8000,1,1,2,1,1,1,2,5,1,1
SF,IF2009,2020-02-07 09:34:28.300,3836.4000,5637,0,127686600.000,0,-,-,-,-,3833.8000,3833.6000,3832.0000,3831.8000,3830.8000,3838.8000,3840.8000,3845.0000,3885.0000,3919.8000,1,1,2,1,1,2,2,5,1,1
SF,IF2009,2020-02-07 09:34:28.800,3836.4000,5637,0,127686600.000,0,-,-,-,-,3833.8000,3832.0000,3831.8000,3830.8000,3830.6000,3838.6000,3838.8000,3840.8000,3845.0000,3885.0000,1,2,1,1,1,1,2,2,5,1
SF,IF2009,2020-02-07 09:34:29.300,3836.4000,5637,0,127686600.000,0,-,-,-,-,3833.8000,3832.0000,3831.8000,3830.8000,3830.6000,3838.4000,3838.6000,3838.8000,3840.8000,3845.0000,1,2,1,1,1,1,1,2,2,5
SF,IF2009,2020-02-07 09:34:29.800,3836.4000,5637,0,127686600.000,0,-,-,-,-,3833.8000,3832.0000,3831.8000,3830.8000,3830.6000,3838.0000,3838.2000,3838.4000,3838.8000,3845.0000,1,2,1,1,1,1,1,1,2,5
SF,IF2009,2020-02-07 09:34:30.300,3836.4000,5637,0,127686600.000,0,-,-,-,-,3834.0000,3833.8000,3832.0000,3831.8000,3830.8000,3837.8000,3838.0000,3838.4000,3845.0000,3885.0000,1,1,2,1,1,1,1,1,5,1
SF,IF2009,2020-02-07 09:34:30.800,3836.4000,5637,0,127686600.000,0,-,-,-,-,3836.4000,3834.0000,3833.8000,3832.0000,3831.8000,3837.8000,3838.0000,3838.4000,3845.0000,3885.0000,1,1,1,2,1,2,1,1,5,1
SF,IF2009,2020-02-07 09:34:31.300,3836.4000,5637,0,127686600.000,0,-,-,-,-,3834.0000,3833.8000,3832.0000,3831.8000,3830.8000,3836.0000,3837.8000,3838.0000,3845.0000,3885.0000,1,1,2,1,1,1,2,1,5,1
SF,IF2009,2020-02-07 09:34:31.800,3836.4000,5637,0,128837520.000,1,0,1,多换,S,3834.0000,3832.0000,3831.8000,3830.8000,3830.6000,3837.6000,3845.0000,3885.0000,3919.8000,3922.6000,1,2,1,1,1,1,5,1,1,1
SF,IF2009,2020-02-07 09:34:32.300,3836.4000,5637,0,128837520.000,0,-,-,-,-,3834.2000,3834.0000,3832.0000,3831.8000,3830.8000,3845.0000,3885.0000,3919.8000,3922.6000,3945.0000,1,1,2,1,1,5,1,1,1,1
SF,IF2009,2020-02-07 09:34:32.800,3836.4000,5637,0,128837520.000,0,-,-,-,-,3834.6000,3834.2000,3834.0000,3832.0000,3831.8000,3843.0000,3844.8000,3845.0000,3885.0000,3919.8000,2,2,1,2,1,2,2,5,1,1
SF,IF2009,2020-02-07 09:34:33.300,3836.4000,5637,0,128837520.000,0,-,-,-,-,3834.0000,3832.0000,3831.8000,3830.8000,3830.6000,3841.0000,3842.8000,3843.0000,3844.8000,3845.0000,1,2,1,1,1,1,2,2,1,7
SF,IF2009,2020-02-07 09:34:33.800,3836.4000,5637,0,128837520.000,0,-,-,-,-,3834.2000,3834.0000,3832.0000,3831.8000,3830.8000,3840.8000,3841.0000,3842.8000,3843.0000,3845.0000,2,1,2,1,1,1,1,1,2,5
SF,IF2009,2020-02-07 09:34:35.800,3836.4000,5637,0,128837520.000,0,-,-,-,-,3834.6000,3834.2000,3834.0000,3832.0000,3831.8000,3840.0000,3840.8000,3841.0000,3842.8000,3843.0000,2,2,1,2,1,1,1,1,1,2
SF,IF2009,2020-02-07 09:34:36.300,3836.4000,5637,0,128837520.000,0,-,-,-,-,3834.8000,3834.6000,3834.2000,3834.0000,3832.0000,3840.0000,3840.8000,3841.0000,3842.8000,3843.0000,1,1,1,1,2,1,1,1,1,2
SF,IF2009,2020-02-07 09:34:36.800,3836.4000,5637,0,128837520.000,0,-,-,-,-,3834.8000,3834.6000,3834.2000,3834.0000,3833.8000,3839.8000,3840.0000,3841.0000,3842.8000,3843.0000,1,1,1,1,1,1,1,1,1,2
SF,IF2009,2020-02-07 09:34:37.300,3836.4000,5637,0,128837520.000,0,-,-,-,-,3835.0000,3834.8000,3834.6000,3834.2000,3834.0000,3839.8000,3840.0000,3842.8000,3843.0000,3845.0000,1,1,1,1,1,1,1,1,2,5
SF,IF2009,2020-02-07 09:34:37.800,3836.4000,5637,0,128837520.000,0,-,-,-,-,3835.2000,3835.0000,3834.2000,3834.0000,3833.8000,3839.8000,3842.8000,3843.0000,3845.0000,3885.0000,1,1,1,1,1,1,1,2,5,1
SF,IF2009,2020-02-07 09:34:38.300,3836.4000,5637,0,128837520.000,0,-,-,-,-,3835.4000,3835.2000,3835.0000,3834.2000,3834.0000,3842.8000,3843.0000,3845.0000,3885.0000,3919.8000,1,1,1,1,1,1,2,5,1,1
SF,IF2009,2020-02-07 09:34:38.800,3836.4000,5637,0,128837520.000,0,-,-,-,-,3835.6000,3835.4000,3835.0000,3834.2000,3834.0000,3842.6000,3843.0000,3845.0000,3885.0000,3919.8000,1,1,1,1,1,2,2,5,1,1
SF,IF2009,2020-02-07 09:34:39.300,3836.4000,5637,0,128837520.000,0,-,-,-,-,3835.8000,3835.6000,3835.4000,3835.0000,3834.2000,3842.6000,3843.0000,3845.0000,3885.0000,3919.8000,1,1,1,1,1,2,2,5,1,1
SF,IF2009,2020-02-07 09:34:39.800,3836.4000,5637,0,128837520.000,0,-,-,-,-,3836.0000,3835.8000,3835.4000,3835.0000,3834.2000,3842.0000,3842.6000,3843.0000,3845.0000,3885.0000,1,1,1,1,1,1,2,2,5,1
SF,IF2009,2020-02-07 09:34:40.300,3836.4000,5637,0,128837520.000,0,-,-,-,-,3836.2000,3836.0000,3835.8000,3835.4000,3835.0000,3841.8000,3842.0000,3843.0000,3845.0000,3885.0000,1,1,1,1,1,1,1,2,5,1
SF,IF2009,2020-02-07 09:34:40.800,3836.4000,5637,0,128837520.000,0,-,-,-,-,3836.4000,3836.2000,3835.8000,3835.4000,3835.0000,3841.8000,3842.0000,3843.0000,3845.0000,3885.0000,1,1,1,1,1,1,1,2,5,1
SF,IF2009,2020-02-07 09:34:41.300,3836.4000,5637,0,128837520.000,0,-,-,-,-,3836.6000,3836.4000,3836.2000,3835.8000,3835.4000,3841.8000,3842.0000,3843.0000,3845.0000,3885.0000,1,2,1,1,1,1,1,2,5,1
SF,IF2009,2020-02-07 09:34:41.800,3836.4000,5637,0,128837520.000,0,-,-,-,-,3836.8000,3836.6000,3836.4000,3836.2000,3835.8000,3841.8000,3842.0000,3843.0000,3845.0000,3885.0000,1,1,1,1,1,1,1,2,5,1
SF,IF2009,2020-02-07 09:34:42.300,3836.4000,5637,0,128837520.000,0,-,-,-,-,3836.8000,3836.6000,3836.4000,3836.2000,3835.8000,3841.6000,3841.8000,3843.0000,3845.0000,3885.0000,1,1,1,1,1,1,1,2,5,1
SF,IF2009,2020-02-07 09:34:42.800,3841.4000,5637,0,129989940.000,1,0,1,多换,S,3837.0000,3836.8000,3836.6000,3836.4000,3836.2000,3841.6000,3843.0000,3845.0000,3885.0000,3919.8000,1,1,1,1,1,1,2,5,1,1
SF,IF2009,2020-02-07 09:34:43.300,3841.4000,5637,0,129989940.000,0,-,-,-,-,3837.2000,3837.0000,3836.6000,3836.4000,3836.2000,3841.6000,3843.0000,3845.0000,3885.0000,3919.8000,1,1,1,1,1,1,2,5,1,1
SF,IF2009,2020-02-07 09:34:43.800,3841.4000,5637,0,129989940.000,0,-,-,-,-,3837.2000,3836.6000,3836.4000,3836.2000,3835.8000,3843.0000,3845.0000,3885.0000,3919.8000,3922.6000,1,1,1,1,1,2,5,1,1,1
SF,IF2009,2020-02-07 09:34:44.300,3841.4000,5637,0,129989940.000,0,-,-,-,-,3837.2000,3836.6000,3836.2000,3835.8000,3835.4000,3842.8000,3843.0000,3845.0000,3885.0000,3919.8000,1,1,1,1,1,2,2,5,1,1
SF,IF2009,2020-02-07 09:34:44.800,3841.4000,5637,0,129989940.000,0,-,-,-,-,3837.2000,3836.6000,3836.2000,3835.8000,3835.4000,3842.8000,3843.0000,3845.0000,3885.0000,3919.8000,1,1,1,1,1,2,2,5,1,1
SF,IF2009,2020-02-07 09:34:45.300,3841.4000,5637,0,129989940.000,0,-,-,-,-,3837.2000,3836.6000,3836.2000,3835.8000,3835.4000,3842.8000,3845.0000,3885.0000,3919.8000,3922.6000,1,1,1,1,1,1,5,1,1,1
SF,IF2009,2020-02-07 09:34:45.800,3841.4000,5637,0,129989940.000,0,-,-,-,-,3837.4000,3837.2000,3836.6000,3836.2000,3835.8000,3842.6000,3842.8000,3845.0000,3885.0000,3919.8000,1,1,1,1,1,1,1,5,1,1
SF,IF2009,2020-02-07 09:34:46.300,3841.4000,5637,0,129989940.000,0,-,-,-,-,3837.6000,3837.4000,3836.6000,3836.2000,3835.8000,3842.4000,3842.6000,3845.0000,3885.0000,3919.8000,1,1,1,1,1,1,2,5,1,1
SF,IF2009,2020-02-07 09:34:46.800,3841.4000,5637,0,129989940.000,0,-,-,-,-,3837.6000,3837.4000,3836.6000,3836.2000,3835.8000,3842.2000,3842.4000,3842.6000,3845.0000,3885.0000,1,1,1,1,1,1,1,2,5,1
SF,IF2009,2020-02-07 09:34:47.300,3841.4000,5637,0,129989940.000,0,-,-,-,-,3837.8000,3836.2000,3835.8000,3835.4000,3834.0000,3842.0000,3842.2000,3842.6000,3845.0000,3885.0000,1,1,1,1,1,1,1,2,5,1
SF,IF2009,2020-02-07 09:34:47.800,3841.4000,5637,0,129989940.000,0,-,-,-,-,3837.8000,3835.8000,3835.4000,3834.0000,3833.8000,3841.8000,3842.0000,3842.2000,3842.6000,3845.0000,1,1,1,1,1,1,1,1,2,5
SF,IF2009,2020-02-07 09:34:48.300,3841.4000,5637,0,129989940.000,0,-,-,-,-,3835.8000,3835.4000,3834.0000,3833.8000,3832.0000,3841.6000,3841.8000,3842.2000,3842.6000,3845.0000,1,1,1,1,2,1,1,1,2,5
SF,IF2009,2020-02-07 09:34:48.800,3841.4000,5637,0,129989940.000,0,-,-,-,-,3836.0000,3834.0000,3833.8000,3832.0000,3831.8000,3841.4000,3841.6000,3841.8000,3842.2000,3842.6000,1,1,1,2,1,3,1,1,1,1
SF,IF2009,2020-02-07 09:34:49.300,3841.4000,5637,0,129989940.000,0,-,-,-,-,3836.0000,3834.0000,3833.8000,3832.0000,3831.8000,3841.2000,3841.4000,3841.8000,3842.2000,3845.0000,1,1,1,2,1,1,3,1,1,5
SF,IF2009,2020-02-07 09:34:49.800,3841.4000,5637,0,129989940.000,0,-,-,-,-,3836.0000,3834.0000,3833.8000,3832.0000,3831.8000,3841.2000,3841.4000,3841.8000,3845.0000,3885.0000,1,1,1,2,1,1,3,1,5,1
SF,IF2009,2020-02-07 09:34:50.300,3841.4000,5637,0,129989940.000,0,-,-,-,-,3836.0000,3834.0000,3833.8000,3832.0000,3831.8000,3841.0000,3841.2000,3841.4000,3845.0000,3885.0000,1,1,1,2,1,1,1,3,5,1
SF,IF2009,2020-02-07 09:34:50.800,3841.4000,5637,0,129989940.000,0,-,-,-,-,3836.2000,3836.0000,3834.0000,3833.8000,3832.0000,3840.8000,3841.0000,3841.4000,3845.0000,3885.0000,1,1,1,1,2,1,2,2,5,1
SF,IF2009,2020-02-07 09:34:51.300,3841.4000,5637,0,129989940.000,0,-,-,-,-,3836.4000,3836.2000,3834.0000,3833.8000,3832.0000,3841.0000,3841.4000,3845.0000,3885.0000,3919.8000,1,1,1,1,2,1,2,5,1,1
SF,IF2009,2020-02-07 09:34:51.800,3841.4000,5637,0,129989940.000,0,-,-,-,-,3836.6000,3836.4000,3836.2000,3834.0000,3833.8000,3841.4000,3845.0000,3885.0000,3919.8000,3922.6000,1,1,1,1,1,2,5,1,1,1
