市场代码,合约代码,时间,最新,持仓,增仓,成交额,成交量,开仓,平仓,成交类型,方向,买一价,买二价,买三价,买四价,买五价,卖一价,卖二价,卖三价,卖四价,卖五价,买一量,买二量,买三量,买四量,买五量,卖一量,卖二量,卖三量,卖四量,卖五量
SF,IF2006,2019-11-27 09:29:00.100,3852.6000,3686,0,0.000,0.000,-,-,-,-,3846.4000,3845.6000,3843.2000,3831.0000,3830.8000,3849.8000,3853.6000,3855.0000,3855.6000,3861.6000,1,1,1,1,1,2,2,1,3,1
SF,IF2006,2019-11-27 09:30:00.100,3852.6000,3686,0,0.000,0,-,-,-,-,3848.2000,3846.4000,3845.6000,3843.2000,3836.8000,3853.6000,3855.6000,3868.2000,3870.0000,3875.6000,1,1,1,1,3,2,3,1,3,1
SF,IF2006,2019-11-27 09:30:00.600,3852.6000,3686,0,0.000,0,-,-,-,-,3845.6000,3843.2000,3836.8000,3830.8000,3830.2000,3853.2000,3853.4000,3868.2000,3868.6000,3870.0000,1,1,3,1,1,1,3,1,1,3
SF,IF2006,2019-11-27 09:30:01.100,3852.6000,3686,0,0.000,0,-,-,-,-,3845.8000,3845.6000,3845.4000,3843.2000,3843.0000,3853.2000,3853.4000,3855.6000,3868.2000,3868.6000,5,3,1,1,5,1,1,5,1,1
SF,IF2006,2019-11-27 09:30:01.600,3852.6000,3686,0,0.000,0,-,-,-,-,3845.8000,3845.6000,3845.4000,3843.2000,3843.0000,3853.0000,3853.2000,3853.4000,3855.6000,3868.2000,5,3,1,1,5,3,3,1,5,1
SF,IF2006,2019-11-27 09:30:02.100,3852.6000,3686,0,0.000,0,-,-,-,-,3848.2000,3845.8000,3845.6000,3845.4000,3843.2000,3853.0000,3853.2000,3853.4000,3855.6000,3868.2000,1,5,3,1,1,3,1,1,5,1
SF,IF2006,2019-11-27 09:30:02.600,3852.6000,3686,0,0.000,0,-,-,-,-,3848.4000,3848.2000,3845.8000,3845.6000,3845.4000,3853.2000,3853.4000,3855.6000,3868.2000,3868.6000,2,1,2,3,1,1,1,5,1,1
SF,IF2006,2019-11-27 09:30:03.100,3852.6000,3686,0,0.000,0,-,-,-,-,3848.4000,3845.8000,3845.6000,3845.4000,3843.2000,3853.0000,3853.2000,3853.4000,3855.6000,3868.2000,1,2,3,1,1,2,3,1,5,1
SF,IF2006,2019-11-27 09:30:03.600,3852.6000,3686,0,0.000,0,-,-,-,-,3848.4000,3845.8000,3845.6000,3845.4000,3843.2000,3852.6000,3852.8000,3853.0000,3853.2000,3855.6000,1,2,3,1,1,1,1,2,3,5
SF,IF2006,2019-11-27 09:30:04.100,3852.6000,3686,0,0.000,0,-,-,-,-,3848.4000,3845.8000,3845.6000,3845.4000,3843.0000,3852.4000,3852.6000,3852.8000,3853.2000,3855.6000,1,2,3,1,5,1,1,1,3,5
SF,IF2006,2019-11-27 09:30:04.600,3852.6000,3686,0,0.000,0,-,-,-,-,3848.4000,3848.2000,3845.8000,3845.6000,3845.4000,3852.4000,3852.6000,3852.8000,3853.2000,3855.6000,1,1,2,3,1,1,1,1,3,5
SF,IF2006,2019-11-27 09:30:05.100,3852.6000,3686,0,0.000,0,-,-,-,-,3848.4000,3845.8000,3845.6000,3845.4000,3843.0000,3852.4000,3852.6000,3852.8000,3853.2000,3855.6000,1,2,3,1,5,1,1,1,3,5
SF,IF2006,2019-11-27 09:30:05.600,3852.6000,3686,0,0.000,0,-,-,-,-,3845.8000,3845.6000,3845.4000,3843.0000,3836.8000,3852.4000,3852.6000,3852.8000,3853.2000,3855.6000,2,2,1,5,3,1,1,1,3,5
SF,IF2006,2019-11-27 09:30:06.100,3852.6000,3686,0,0.000,0,-,-,-,-,3846.0000,3845.8000,3845.6000,3845.4000,3843.0000,3852.4000,3852.6000,3852.8000,3853.2000,3855.6000,5,2,2,1,5,1,1,1,3,5
SF,IF2006,2019-11-27 09:30:07.100,3852.6000,3686,0,0.000,0,-,-,-,-,3846.0000,3845.8000,3845.6000,3845.4000,3843.0000,3852.2000,3852.4000,3852.6000,3853.2000,3855.6000,5,2,2,1,5,1,1,1,3,5
SF,IF2006,2019-11-27 09:30:07.600,3852.6000,3686,0,0.000,0,-,-,-,-,3846.0000,3845.8000,3845.6000,3845.4000,3843.0000,3851.2000,3852.0000,3852.2000,3852.6000,3853.2000,5,2,2,1,5,1,1,1,1,3
SF,IF2006,2019-11-27 09:30:08.100,3852.6000,3686,0,0.000,0,-,-,-,-,3846.0000,3845.8000,3845.6000,3845.4000,3843.0000,3851.2000,3852.2000,3852.6000,3853.2000,3855.6000,5,2,2,1,5,1,1,1,3,5
SF,IF2006,2019-11-27 09:30:08.600,3852.6000,3686,0,0.000,0,-,-,-,-,3846.0000,3845.8000,3845.6000,3845.4000,3843.0000,3851.2000,3852.2000,3853.2000,3855.6000,3868.2000,5,2,2,1,5,1,1,3,5,1
SF,IF2006,2019-11-27 09:30:10.100,3851.2000,3686,0,1155360.000,1,0,1,多换,S,3846.0000,3845.8000,3845.6000,3845.4000,3843.0000,3852.2000,3853.2000,3855.6000,3868.2000,3868.6000,5,2,2,1,5,1,3,5,1,1
SF,IF2006,2019-11-27 09:30:10.600,3851.2000,3686,0,1155360.000,0,-,-,-,-,3851.2000,3846.0000,3845.8000,3845.6000,3845.4000,3851.8000,3852.0000,3852.2000,3853.2000,3855.6000,1,5,2,2,1,1,2,1,3,5
SF,IF2006,2019-11-27 09:30:11.100,3851.2000,3686,0,2310720.000,1,0,1,多换,S,3846.0000,3845.8000,3845.6000,3845.4000,3843.0000,3851.2000,3851.6000,3851.8000,3853.2000,3855.6000,3,2,2,1,5,4,1,1,3,5
SF,IF2006,2019-11-27 09:30:11.600,3851.2000,3686,0,2310720.000,0,-,-,-,-,3847.0000,3846.2000,3846.0000,3845.8000,3845.6000,3851.2000,3851.6000,3851.8000,3853.2000,3855.6000,1,2,3,2,2,1,1,1,3,5
SF,IF2006,2019-11-27 09:30:12.100,3851.2000,3686,0,2310720.000,0,-,-,-,-,3847.2000,3847.0000,3846.0000,3845.8000,3845.6000,3850.8000,3851.2000,3851.6000,3851.8000,3853.2000,1,1,3,2,2,1,1,1,1,3
SF,IF2006,2019-11-27 09:30:12.600,3851.2000,3686,0,2310720.000,0,-,-,-,-,3847.2000,3847.0000,3846.0000,3845.8000,3845.6000,3850.6000,3851.2000,3851.6000,3851.8000,3853.2000,1,1,3,2,2,1,1,1,1,3
SF,IF2006,2019-11-27 09:30:13.100,3851.2000,3686,0,3466080.000,1,0,1,多换,S,3847.8000,3847.2000,3846.0000,3845.8000,3845.6000,3851.6000,3853.2000,3855.6000,3868.2000,3868.6000,1,1,3,2,2,1,3,5,1,1
SF,IF2006,2019-11-27 09:30:13.600,3851.2000,3686,0,3466080.000,0,-,-,-,-,3847.8000,3846.0000,3845.8000,3845.6000,3845.4000,3850.4000,3851.4000,3851.6000,3853.2000,3855.6000,1,3,2,2,1,1,1,1,3,5
SF,IF2006,2019-11-27 09:30:14.100,3851.2000,3686,0,3466080.000,0,-,-,-,-,3848.0000,3847.8000,3846.0000,3845.8000,3845.6000,3850.0000,3850.4000,3851.6000,3853.2000,3855.6000,1,1,3,2,2,1,2,1,3,5
SF,IF2006,2019-11-27 09:30:14.600,3851.2000,3686,0,3466080.000,0,-,-,-,-,3848.0000,3847.8000,3846.0000,3845.8000,3845.6000,3850.0000,3850.2000,3850.4000,3853.2000,3855.6000,1,1,3,2,2,1,1,2,3,5
SF,IF2006,2019-11-27 09:30:15.100,3851.2000,3686,0,3466080.000,0,-,-,-,-,3848.2000,3848.0000,3846.0000,3845.8000,3845.6000,3850.0000,3850.2000,3851.0000,3853.2000,3855.6000,1,1,3,2,2,1,1,1,3,5
SF,IF2006,2019-11-27 09:30:15.600,3851.2000,3686,0,3466080.000,0,-,-,-,-,3848.4000,3848.2000,3846.0000,3845.8000,3845.6000,3850.0000,3850.2000,3851.0000,3853.2000,3855.6000,1,1,3,2,2,1,1,1,3,5
SF,IF2006,2019-11-27 09:30:16.100,3851.2000,3686,0,3466080.000,0,-,-,-,-,3848.4000,3848.2000,3846.0000,3845.8000,3845.6000,3850.0000,3850.2000,3853.2000,3855.6000,3868.2000,1,2,3,2,2,1,1,3,5,1
SF,IF2006,2019-11-27 09:30:16.600,3851.2000,3686,0,3466080.000,0,-,-,-,-,3848.4000,3848.2000,3846.0000,3845.8000,3845.6000,3850.0000,3850.2000,3853.2000,3855.6000,3868.2000,1,1,3,2,2,1,1,3,5,1
SF,IF2006,2019-11-27 09:30:17.100,3851.2000,3686,0,3466080.000,0,-,-,-,-,3848.4000,3848.2000,3846.0000,3845.8000,3845.6000,3850.0000,3853.2000,3855.6000,3868.2000,3868.6000,1,1,3,2,2,1,3,5,1,1
SF,IF2006,2019-11-27 09:30:17.600,3851.2000,3686,0,3466080.000,0,-,-,-,-,3848.4000,3848.2000,3846.0000,3845.8000,3845.6000,3850.0000,3851.4000,3853.2000,3855.6000,3868.2000,1,1,3,2,2,1,1,3,5,1
SF,IF2006,2019-11-27 09:30:18.100,3851.2000,3686,0,3466080.000,0,-,-,-,-,3848.4000,3848.2000,3846.0000,3845.8000,3845.6000,3850.0000,3851.4000,3852.0000,3853.2000,3855.6000,1,1,3,2,2,1,1,1,3,5
SF,IF2006,2019-11-27 09:30:18.600,3851.2000,3686,0,3466080.000,0,-,-,-,-,3848.4000,3848.2000,3846.0000,3845.8000,3845.6000,3850.0000,3851.4000,3852.0000,3853.2000,3855.6000,1,2,3,2,2,1,1,1,3,5
SF,IF2006,2019-11-27 09:30:19.100,3851.2000,3686,0,3466080.000,0,-,-,-,-,3848.4000,3848.2000,3846.0000,3845.8000,3845.6000,3851.4000,3852.0000,3853.2000,3855.6000,3868.2000,1,2,3,2,2,1,1,3,5,1
SF,IF2006,2019-11-27 09:30:19.600,3851.2000,3686,0,3466080.000,0,-,-,-,-,3848.4000,3848.2000,3846.0000,3845.8000,3845.6000,3851.4000,3853.2000,3855.6000,3868.2000,3868.6000,1,1,3,2,2,1,3,5,1,1
SF,IF2006,2019-11-27 09:30:20.100,3851.2000,3686,0,3466080.000,0,-,-,-,-,3848.4000,3848.2000,3846.0000,3845.8000,3845.6000,3851.4000,3853.2000,3855.6000,3868.2000,3868.6000,1,2,3,2,2,1,2,5,1,1
SF,IF2006,2019-11-27 09:30:20.600,3851.2000,3686,0,3466080.000,0,-,-,-,-,3848.8000,3848.4000,3848.2000,3846.0000,3845.8000,3851.4000,3853.2000,3855.6000,3868.2000,3868.6000,1,1,1,3,2,1,2,5,1,1
SF,IF2006,2019-11-27 09:30:21.100,3851.2000,3686,0,3466080.000,0,-,-,-,-,3848.8000,3846.0000,3845.8000,3845.6000,3845.4000,3851.2000,3851.4000,3853.2000,3855.6000,3868.2000,1,3,2,2,1,1,1,2,5,1
SF,IF2006,2019-11-27 09:30:21.600,3851.2000,3686,0,3466080.000,0,-,-,-,-,3848.8000,3846.0000,3845.8000,3845.6000,3845.4000,3851.0000,3851.2000,3851.4000,3853.2000,3855.6000,1,3,2,2,1,1,3,1,2,5
SF,IF2006,2019-11-27 09:30:22.100,3851.2000,3686,0,3466080.000,0,-,-,-,-,3848.8000,3846.0000,3845.8000,3845.6000,3845.4000,3851.0000,3851.2000,3851.4000,3853.2000,3855.6000,1,3,2,2,1,1,2,1,2,5
SF,IF2006,2019-11-27 09:30:22.600,3851.2000,3686,0,3466080.000,0,-,-,-,-,3848.8000,3846.0000,3845.8000,3845.6000,3845.4000,3851.0000,3851.2000,3851.4000,3853.2000,3855.6000,1,3,2,2,1,1,2,1,2,5
SF,IF2006,2019-11-27 09:30:23.600,3851.2000,3686,0,3466080.000,0,-,-,-,-,3848.0000,3846.0000,3845.8000,3845.6000,3845.4000,3851.0000,3851.2000,3851.4000,3853.2000,3855.6000,1,3,2,2,1,1,2,1,2,5
SF,IF2006,2019-11-27 09:30:24.100,3851.2000,3686,0,3466080.000,0,-,-,-,-,3848.8000,3848.2000,3846.0000,3845.8000,3845.6000,3851.2000,3851.4000,3853.2000,3855.6000,3868.2000,1,2,3,2,2,1,1,2,5,1
SF,IF2006,2019-11-27 09:30:24.600,3851.2000,3686,0,3466080.000,0,-,-,-,-,3849.0000,3848.8000,3848.2000,3846.0000,3845.8000,3851.2000,3851.4000,3853.2000,3855.6000,3868.2000,1,1,1,3,2,1,1,2,5,1
SF,IF2006,2019-11-27 09:30:25.100,3851.2000,3686,0,3466080.000,0,-,-,-,-,3849.0000,3848.8000,3848.2000,3846.0000,3845.8000,3851.4000,3853.2000,3855.6000,3868.2000,3868.6000,1,1,1,3,2,1,1,5,1,1
SF,IF2006,2019-11-27 09:30:25.600,3851.2000,3686,0,3466080.000,0,-,-,-,-,3849.2000,3849.0000,3848.2000,3846.0000,3845.8000,3851.4000,3853.2000,3855.6000,3868.2000,3868.6000,1,1,1,3,2,1,1,5,1,1
SF,IF2006,2019-11-27 09:30:26.100,3851.2000,3686,0,3466080.000,0,-,-,-,-,3849.2000,3848.2000,3846.0000,3845.8000,3845.6000,3851.4000,3853.2000,3855.6000,3868.2000,3868.6000,1,1,3,2,2,1,1,5,1,1
SF,IF2006,2019-11-27 09:30:26.600,3851.2000,3686,0,3466080.000,0,-,-,-,-,3851.0000,3849.2000,3848.2000,3846.0000,3845.8000,3851.4000,3853.2000,3855.6000,3868.2000,3868.6000,1,1,1,3,2,1,1,5,1,1
SF,IF2006,2019-11-27 09:30:27.100,3851.0000,3685,-1,4621380.000,1,0,1,双平,S,3849.2000,3848.2000,3846.0000,3845.8000,3845.6000,3851.0000,3851.4000,3853.2000,3855.6000,3868.2000,1,1,3,2,2,1,1,1,5,1
SF,IF2006,2019-11-27 09:30:27.600,3851.0000,3685,0,4621380.000,0,-,-,-,-,3849.4000,3849.2000,3848.2000,3846.0000,3845.8000,3851.0000,3851.4000,3853.2000,3855.6000,3868.2000,1,1,1,3,2,1,1,1,5,1
SF,IF2006,2019-11-27 09:30:29.100,3851.0000,3685,0,4621380.000,0,-,-,-,-,3849.4000,3849.2000,3848.2000,3846.0000,3845.8000,3851.4000,3853.2000,3855.6000,3868.2000,3868.6000,1,1,1,3,2,1,1,5,1,1
SF,IF2006,2019-11-27 09:30:35.100,3851.0000,3685,0,4621380.000,0,-,-,-,-,3849.4000,3849.2000,3848.2000,3846.0000,3845.8000,3851.4000,3853.2000,3855.6000,3856.0000,3868.2000,1,1,1,3,2,1,1,5,3,1
SF,IF2006,2019-11-27 09:30:39.100,3851.0000,3685,0,4621380.000,0,-,-,-,-,3849.4000,3849.2000,3846.0000,3845.8000,3845.6000,3851.4000,3853.2000,3855.6000,3856.0000,3857.4000,1,1,3,2,2,1,1,5,3,1
SF,IF2006,2019-11-27 09:30:41.600,3851.0000,3685,0,4621380.000,0,-,-,-,-,3849.4000,3849.2000,3846.0000,3845.8000,3845.6000,3851.4000,3853.2000,3855.6000,3856.0000,3857.4000,1,1,3,2,2,1,1,5,3,1
SF,IF2006,2019-11-27 09:30:44.100,3851.0000,3685,0,4621380.000,0,-,-,-,-,3849.6000,3849.4000,3846.0000,3845.8000,3845.6000,3851.4000,3853.2000,3855.6000,3856.0000,3857.4000,1,1,3,2,2,1,1,5,3,1
SF,IF2006,2019-11-27 09:30:44.600,3851.0000,3685,0,4621380.000,0,-,-,-,-,3849.6000,3846.0000,3845.8000,3845.6000,3845.4000,3851.4000,3853.2000,3855.6000,3856.0000,3857.4000,1,3,2,2,1,1,1,5,3,1
SF,IF2006,2019-11-27 09:30:46.600,3849.6000,3684,-1,5776260.000,1,0,1,双平,S,3846.0000,3845.8000,3845.6000,3845.4000,3843.0000,3851.4000,3853.2000,3855.6000,3856.0000,3857.4000,3,2,2,1,5,1,1,5,3,1
SF,IF2006,2019-11-27 09:30:47.100,3849.6000,3684,0,5776260.000,0,-,-,-,-,3848.2000,3847.2000,3846.0000,3845.8000,3845.6000,3851.4000,3853.2000,3855.6000,3856.0000,3857.4000,1,3,3,2,2,1,1,5,3,1
SF,IF2006,2019-11-27 09:30:47.600,3849.6000,3684,0,5776260.000,0,-,-,-,-,3848.4000,3848.2000,3846.0000,3845.8000,3845.6000,3851.4000,3853.2000,3855.6000,3856.0000,3857.4000,1,1,3,2,2,1,1,5,3,1
SF,IF2006,2019-11-27 09:30:48.100,3849.6000,3684,0,5776260.000,0,-,-,-,-,3848.4000,3846.0000,3845.8000,3845.6000,3845.4000,3851.2000,3851.4000,3853.2000,3855.6000,3856.0000,1,3,2,2,1,1,1,1,5,3
SF,IF2006,2019-11-27 09:30:49.100,3849.6000,3684,0,5776260.000,0,-,-,-,-,3848.4000,3848.2000,3846.0000,3845.8000,3845.6000,3851.2000,3851.4000,3853.2000,3855.6000,3856.0000,1,1,3,2,2,1,1,1,5,3
SF,IF2006,2019-11-27 09:30:50.100,3849.6000,3684,0,5776260.000,0,-,-,-,-,3848.4000,3846.0000,3845.8000,3845.6000,3845.4000,3851.2000,3851.4000,3853.2000,3855.6000,3856.0000,1,3,2,2,1,1,1,1,5,3
SF,IF2006,2019-11-27 09:30:50.600,3849.6000,3684,0,5776260.000,0,-,-,-,-,3848.4000,3848.2000,3846.0000,3845.8000,3845.6000,3851.2000,3851.4000,3853.2000,3855.6000,3856.0000,1,1,3,2,2,1,1,1,5,3
SF,IF2006,2019-11-27 09:30:51.100,3849.6000,3684,0,5776260.000,0,-,-,-,-,3848.4000,3846.0000,3845.8000,3845.6000,3845.4000,3851.2000,3851.4000,3853.2000,3855.6000,3856.0000,1,3,2,2,1,1,1,1,5,3
SF,IF2006,2019-11-27 09:30:51.600,3849.6000,3684,0,5776260.000,0,-,-,-,-,3848.4000,3848.2000,3846.0000,3845.8000,3845.6000,3851.2000,3851.4000,3853.2000,3855.6000,3856.0000,1,1,3,2,2,1,1,1,5,3
SF,IF2006,2019-11-27 09:30:52.100,3849.6000,3684,0,5776260.000,0,-,-,-,-,3848.4000,3846.0000,3845.8000,3845.6000,3845.4000,3851.2000,3851.4000,3853.2000,3855.6000,3856.0000,1,3,2,2,1,1,1,1,5,3
SF,IF2006,2019-11-27 09:30:52.600,3849.6000,3684,0,5776260.000,0,-,-,-,-,3848.4000,3848.2000,3846.0000,3845.8000,3845.6000,3851.2000,3851.4000,3853.2000,3855.6000,3856.0000,1,1,3,2,2,1,1,1,5,3
SF,IF2006,2019-11-27 09:30:53.100,3849.6000,3684,0,5776260.000,0,-,-,-,-,3848.4000,3848.2000,3846.0000,3845.8000,3845.6000,3851.2000,3851.4000,3853.2000,3855.6000,3856.0000,1,1,3,2,2,1,1,1,5,3
SF,IF2006,2019-11-27 09:30:55.100,3849.6000,3684,0,5776260.000,0,-,-,-,-,3848.4000,3846.0000,3845.8000,3845.6000,3845.4000,3851.2000,3851.4000,3853.2000,3855.6000,3856.0000,1,3,2,2,1,1,1,1,5,3
SF,IF2006,2019-11-27 09:30:58.100,3849.6000,3684,0,5776260.000,0,-,-,-,-,3848.4000,3846.0000,3845.8000,3845.6000,3845.4000,3850.8000,3851.2000,3851.4000,3853.2000,3855.6000,1,3,2,2,1,1,1,1,1,5
SF,IF2006,2019-11-27 09:30:58.600,3849.6000,3684,0,5776260.000,0,-,-,-,-,3848.4000,3846.0000,3845.8000,3845.6000,3845.4000,3850.8000,3851.4000,3853.2000,3855.6000,3856.0000,1,3,2,2,1,1,1,1,5,3
SF,IF2006,2019-11-27 09:31:02.600,3848.4000,3683,-1,6930780.000,1,0,1,双平,S,3845.8000,3845.6000,3838.8000,3836.8000,3830.8000,3850.8000,3851.4000,3853.2000,3855.6000,3856.0000,2,2,5,3,1,1,1,1,5,3
SF,IF2006,2019-11-27 09:31:03.100,3848.4000,3683,0,6930780.000,0,-,-,-,-,3846.0000,3845.8000,3845.6000,3838.8000,3836.8000,3850.8000,3851.4000,3853.2000,3855.6000,3856.0000,1,2,2,5,3,1,1,1,5,3
SF,IF2006,2019-11-27 09:31:03.600,3848.4000,3683,0,6930780.000,0,-,-,-,-,3846.0000,3845.8000,3845.6000,3838.8000,3836.8000,3850.6000,3850.8000,3851.4000,3853.2000,3855.6000,1,2,2,5,3,3,1,1,1,5
SF,IF2006,2019-11-27 09:31:04.100,3848.4000,3683,0,6930780.000,0,-,-,-,-,3846.0000,3845.6000,3838.8000,3836.8000,3830.8000,3850.6000,3850.8000,3851.4000,3853.2000,3855.6000,1,2,5,3,1,3,1,1,1,5
SF,IF2006,2019-11-27 09:31:04.600,3848.4000,3683,0,6930780.000,0,-,-,-,-,3846.0000,3845.6000,3838.8000,3836.8000,3830.8000,3849.6000,3850.4000,3850.6000,3851.4000,3853.2000,1,2,5,3,1,1,1,3,1,1
SF,IF2006,2019-11-27 09:31:05.100,3848.4000,3683,0,6930780.000,0,-,-,-,-,3846.0000,3845.6000,3838.8000,3836.8000,3830.8000,3849.4000,3849.6000,3850.4000,3851.4000,3853.2000,1,2,5,3,1,2,1,1,1,1
SF,IF2006,2019-11-27 09:31:05.600,3848.4000,3683,0,6930780.000,0,-,-,-,-,3846.0000,3845.6000,3838.8000,3836.8000,3830.8000,3849.4000,3849.6000,3851.4000,3853.2000,3855.6000,1,2,5,3,1,2,1,1,1,5
SF,IF2006,2019-11-27 09:31:06.100,3848.4000,3683,0,6930780.000,0,-,-,-,-,3845.6000,3838.8000,3836.8000,3830.8000,3830.2000,3849.4000,3849.6000,3851.4000,3853.2000,3855.6000,1,5,3,1,1,2,1,1,1,5
SF,IF2006,2019-11-27 09:31:06.600,3848.4000,3683,0,6930780.000,0,-,-,-,-,3845.6000,3838.8000,3836.8000,3830.8000,3830.2000,3849.2000,3849.4000,3849.6000,3851.4000,3853.2000,1,5,3,1,1,1,2,1,1,1
SF,IF2006,2019-11-27 09:31:07.100,3848.4000,3683,0,6930780.000,0,-,-,-,-,3845.6000,3838.8000,3836.8000,3830.8000,3830.2000,3849.0000,3849.2000,3849.6000,3851.4000,3853.2000,1,5,3,1,1,3,1,1,1,1
SF,IF2006,2019-11-27 09:31:07.600,3848.4000,3683,0,6930780.000,0,-,-,-,-,3838.8000,3836.8000,3830.8000,3830.2000,3810.2000,3848.8000,3849.0000,3849.2000,3849.6000,3851.4000,5,3,1,1,2,1,3,1,1,1
SF,IF2006,2019-11-27 09:31:08.100,3848.4000,3683,0,6930780.000,0,-,-,-,-,3842.4000,3842.0000,3841.8000,3841.2000,3839.6000,3848.8000,3849.2000,3849.6000,3851.4000,3853.2000,3,1,1,2,1,1,1,1,1,1
SF,IF2006,2019-11-27 09:31:08.600,3848.4000,3683,0,6930780.000,0,-,-,-,-,3842.6000,3842.4000,3842.0000,3841.8000,3841.2000,3848.2000,3848.4000,3848.8000,3849.2000,3849.6000,2,3,1,1,1,1,3,1,1,1
SF,IF2006,2019-11-27 09:31:09.100,3848.4000,3683,0,6930780.000,0,-,-,-,-,3842.8000,3842.6000,3842.0000,3841.8000,3841.2000,3848.2000,3848.8000,3849.2000,3849.6000,3851.4000,2,2,1,1,1,1,1,1,1,1
SF,IF2006,2019-11-27 09:31:09.600,3848.4000,3683,0,6930780.000,0,-,-,-,-,3843.0000,3842.8000,3842.6000,3842.0000,3841.8000,3848.0000,3848.2000,3848.8000,3849.2000,3849.6000,1,2,2,1,1,2,1,1,1,1
SF,IF2006,2019-11-27 09:31:10.100,3848.4000,3683,0,6930780.000,0,-,-,-,-,3843.2000,3843.0000,3842.6000,3842.0000,3841.8000,3847.6000,3848.0000,3848.8000,3849.2000,3849.6000,2,1,2,1,1,1,2,1,1,1
SF,IF2006,2019-11-27 09:31:10.600,3848.4000,3683,0,6930780.000,0,-,-,-,-,3843.4000,3843.2000,3843.0000,3842.6000,3842.0000,3847.4000,3847.6000,3847.8000,3848.8000,3849.2000,1,2,1,2,1,2,1,1,1,1
SF,IF2006,2019-11-27 09:31:11.100,3848.4000,3683,0,6930780.000,0,-,-,-,-,3843.0000,3842.6000,3842.0000,3841.8000,3841.2000,3847.2000,3847.4000,3847.6000,3847.8000,3849.2000,1,1,1,1,1,1,2,1,1,1
SF,IF2006,2019-11-27 09:31:11.600,3848.4000,3683,0,6930780.000,0,-,-,-,-,3843.2000,3843.0000,3842.6000,3842.0000,3841.8000,3847.2000,3847.6000,3847.8000,3849.2000,3851.4000,1,1,1,1,1,1,1,1,1,1
SF,IF2006,2019-11-27 09:31:12.100,3848.4000,3683,0,6930780.000,0,-,-,-,-,3843.2000,3842.6000,3842.0000,3841.8000,3841.2000,3847.0000,3847.2000,3847.6000,3847.8000,3849.2000,1,1,1,1,1,3,1,1,1,1
SF,IF2006,2019-11-27 09:31:12.600,3848.4000,3683,0,6930780.000,0,-,-,-,-,3843.2000,3842.6000,3842.0000,3841.8000,3841.2000,3846.4000,3846.8000,3847.2000,3847.8000,3851.4000,1,1,1,1,1,1,1,1,1,1
SF,IF2006,2019-11-27 09:31:13.100,3848.4000,3683,0,6930780.000,0,-,-,-,-,3843.4000,3843.2000,3842.6000,3842.0000,3841.8000,3846.2000,3846.4000,3847.2000,3847.8000,3851.4000,1,1,1,1,1,1,1,1,1,1
SF,IF2006,2019-11-27 09:31:13.600,3848.4000,3683,0,6930780.000,0,-,-,-,-,3843.6000,3843.4000,3842.6000,3842.0000,3841.8000,3846.2000,3846.4000,3847.2000,3847.8000,3851.4000,1,1,1,1,1,1,1,1,1,1
SF,IF2006,2019-11-27 09:31:14.100,3848.4000,3683,0,6930780.000,0,-,-,-,-,3843.6000,3843.4000,3842.6000,3842.0000,3841.8000,3847.2000,3847.8000,3849.0000,3851.4000,3853.2000,2,1,1,1,1,1,1,1,1,1
SF,IF2006,2019-11-27 09:31:14.600,3848.4000,3683,0,6930780.000,0,-,-,-,-,3843.6000,3843.4000,3842.6000,3842.0000,3841.8000,3847.8000,3849.0000,3851.4000,3853.2000,3855.6000,2,1,1,1,1,1,1,1,1,5
SF,IF2006,2019-11-27 09:31:15.100,3848.4000,3683,0,6930780.000,0,-,-,-,-,3843.8000,3843.6000,3843.4000,3842.6000,3842.0000,3847.6000,3849.0000,3851.4000,3853.2000,3855.6000,1,2,1,1,1,2,1,1,1,5
SF,IF2006,2019-11-27 09:31:15.600,3848.4000,3683,0,6930780.000,0,-,-,-,-,3844.0000,3843.8000,3843.6000,3843.4000,3842.6000,3847.6000,3849.0000,3851.4000,3853.2000,3855.6000,2,1,1,1,1,2,1,1,1,5
SF,IF2006,2019-11-27 09:31:16.100,3848.4000,3683,0,6930780.000,0,-,-,-,-,3844.0000,3843.8000,3843.6000,3843.4000,3842.6000,3847.4000,3847.6000,3849.0000,3851.4000,3853.2000,1,1,1,1,1,1,2,1,1,1
SF,IF2006,2019-11-27 09:31:16.600,3848.4000,3683,0,6930780.000,0,-,-,-,-,3844.2000,3844.0000,3843.8000,3843.6000,3843.4000,3847.2000,3847.4000,3849.0000,3851.4000,3853.2000,1,1,1,1,1,1,1,1,1,1
SF,IF2006,2019-11-27 09:31:17.100,3848.4000,3683,0,6930780.000,0,-,-,-,-,3844.4000,3844.2000,3843.8000,3843.6000,3843.4000,3847.2000,3847.4000,3849.0000,3851.4000,3853.2000,1,1,1,1,1,1,1,1,1,1
SF,IF2006,2019-11-27 09:31:17.600,3848.4000,3683,0,6930780.000,0,-,-,-,-,3844.4000,3843.8000,3843.6000,3843.4000,3842.6000,3847.2000,3847.4000,3849.0000,3851.4000,3853.2000,1,1,1,1,1,1,1,1,1,1
SF,IF2006,2019-11-27 09:31:19.600,3848.4000,3683,0,6930780.000,0,-,-,-,-,3844.4000,3843.8000,3843.6000,3843.4000,3842.6000,3847.2000,3849.0000,3851.4000,3853.2000,3855.6000,1,1,1,1,1,1,1,1,1,5
SF,IF2006,2019-11-27 09:31:21.100,3848.4000,3683,0,6930780.000,0,-,-,-,-,3845.4000,3844.6000,3844.4000,3843.8000,3843.6000,3847.2000,3849.0000,3851.4000,3853.2000,3855.6000,1,1,1,1,1,1,1,1,1,5
SF,IF2006,2019-11-27 09:31:21.600,3848.4000,3683,0,6930780.000,0,-,-,-,-,3843.8000,3843.6000,3842.6000,3842.0000,3841.8000,3847.2000,3849.0000,3851.4000,3853.2000,3855.6000,1,1,1,1,1,1,1,1,1,5
SF,IF2006,2019-11-27 09:31:22.100,3848.4000,3683,0,6930780.000,0,-,-,-,-,3844.0000,3843.8000,3843.6000,3842.6000,3842.0000,3847.2000,3849.0000,3851.4000,3853.2000,3855.6000,1,1,1,1,1,1,1,1,1,5
SF,IF2006,2019-11-27 09:31:23.100,3848.4000,3683,0,6930780.000,0,-,-,-,-,3844.2000,3844.0000,3843.8000,3843.6000,3842.6000,3847.2000,3849.0000,3851.4000,3853.2000,3855.6000,1,1,1,1,1,1,1,1,1,5
SF,IF2006,2019-11-27 09:31:23.600,3848.4000,3683,0,6930780.000,0,-,-,-,-,3843.8000,3843.6000,3842.6000,3842.0000,3841.8000,3847.2000,3849.0000,3851.4000,3853.2000,3855.6000,1,1,1,1,1,1,1,1,1,5
SF,IF2006,2019-11-27 09:31:24.600,3848.4000,3683,0,6930780.000,0,-,-,-,-,3844.0000,3843.8000,3843.6000,3842.6000,3842.0000,3847.2000,3849.0000,3851.4000,3853.2000,3855.6000,1,1,1,1,1,1,1,1,1,5
SF,IF2006,2019-11-27 09:31:25.100,3848.4000,3683,0,6930780.000,0,-,-,-,-,3843.8000,3843.6000,3842.6000,3842.0000,3841.8000,3847.2000,3849.0000,3851.4000,3853.2000,3855.6000,1,1,1,1,1,1,1,1,1,5
SF,IF2006,2019-11-27 09:31:29.100,3848.4000,3683,0,6930780.000,0,-,-,-,-,3844.0000,3843.8000,3843.6000,3842.6000,3842.0000,3847.2000,3849.0000,3851.4000,3853.2000,3855.6000,2,1,1,1,1,1,1,1,1,5
SF,IF2006,2019-11-27 09:31:29.600,3848.4000,3683,0,6930780.000,0,-,-,-,-,3844.2000,3844.0000,3843.8000,3843.6000,3842.6000,3847.0000,3847.2000,3849.0000,3851.4000,3853.2000,1,2,1,1,1,1,1,1,1,1
SF,IF2006,2019-11-27 09:31:30.100,3848.4000,3683,0,6930780.000,0,-,-,-,-,3845.4000,3844.4000,3844.2000,3844.0000,3843.8000,3849.0000,3851.4000,3853.2000,3855.6000,3857.4000,1,1,1,2,1,1,1,1,5,1
SF,IF2006,2019-11-27 09:31:30.600,3848.4000,3683,0,6930780.000,0,-,-,-,-,3845.4000,3844.4000,3844.0000,3843.8000,3843.6000,3848.8000,3849.0000,3851.4000,3853.2000,3855.6000,1,1,2,1,1,4,1,1,1,5
SF,IF2006,2019-11-27 09:31:31.600,3848.4000,3683,0,6930780.000,0,-,-,-,-,3845.4000,3844.4000,3844.0000,3843.8000,3843.6000,3848.4000,3848.8000,3849.0000,3851.4000,3853.2000,1,1,2,1,1,1,4,1,1,1
SF,IF2006,2019-11-27 09:31:32.100,3848.4000,3683,0,6930780.000,0,-,-,-,-,3846.0000,3845.4000,3844.4000,3844.0000,3843.8000,3848.2000,3848.4000,3848.8000,3849.0000,3851.4000,1,1,1,2,1,2,1,1,1,1
SF,IF2006,2019-11-27 09:31:33.100,3848.4000,3683,0,6930780.000,0,-,-,-,-,3846.0000,3845.4000,3844.4000,3844.0000,3843.8000,3848.2000,3848.8000,3849.0000,3851.4000,3853.2000,1,1,1,2,1,2,1,1,1,1
SF,IF2006,2019-11-27 09:31:33.600,3848.4000,3683,0,6930780.000,0,-,-,-,-,3846.0000,3845.4000,3844.4000,3844.0000,3843.8000,3848.2000,3848.8000,3849.0000,3851.4000,3853.2000,1,1,1,2,1,2,1,1,1,1
SF,IF2006,2019-11-27 09:31:34.100,3848.4000,3683,0,6930780.000,0,-,-,-,-,3846.0000,3845.4000,3844.4000,3844.0000,3843.8000,3848.2000,3849.0000,3851.4000,3853.2000,3855.6000,1,1,1,2,1,3,1,1,1,5
SF,IF2006,2019-11-27 09:31:34.600,3848.4000,3683,0,6930780.000,0,-,-,-,-,3845.4000,3844.4000,3844.0000,3843.8000,3843.6000,3847.8000,3848.2000,3849.0000,3851.4000,3853.2000,1,1,2,1,1,1,3,1,1,1
SF,IF2006,2019-11-27 09:31:35.100,3848.4000,3683,0,6930780.000,0,-,-,-,-,3844.0000,3843.8000,3843.6000,3842.6000,3842.0000,3847.6000,3847.8000,3848.2000,3849.0000,3851.4000,2,1,1,1,1,2,1,1,1,1
SF,IF2006,2019-11-27 09:31:35.600,3848.4000,3683,0,6930780.000,0,-,-,-,-,3844.2000,3844.0000,3843.8000,3843.6000,3842.6000,3847.6000,3847.8000,3848.2000,3849.0000,3851.4000,2,2,1,1,1,2,1,1,1,1
SF,IF2006,2019-11-27 09:31:37.100,3848.4000,3683,0,6930780.000,0,-,-,-,-,3844.2000,3844.0000,3843.8000,3843.6000,3842.6000,3847.6000,3847.8000,3848.2000,3849.0000,3851.4000,1,2,1,1,1,2,1,1,1,1
SF,IF2006,2019-11-27 09:31:37.600,3848.4000,3683,0,6930780.000,0,-,-,-,-,3845.4000,3844.4000,3844.2000,3844.0000,3843.8000,3847.6000,3848.2000,3849.0000,3851.4000,3853.2000,1,2,1,2,1,2,1,1,1,1
SF,IF2006,2019-11-27 09:31:38.100,3848.4000,3683,0,6930780.000,0,-,-,-,-,3845.6000,3845.4000,3844.4000,3844.0000,3843.8000,3847.4000,3847.6000,3848.2000,3849.0000,3851.4000,1,1,1,2,1,1,2,1,1,1
SF,IF2006,2019-11-27 09:31:38.600,3848.4000,3683,0,6930780.000,0,-,-,-,-,3845.6000,3845.4000,3844.4000,3844.0000,3843.8000,3847.2000,3848.2000,3849.0000,3851.4000,3853.2000,1,1,1,2,1,1,1,1,1,1
SF,IF2006,2019-11-27 09:31:39.600,3848.4000,3683,0,6930780.000,0,-,-,-,-,3845.6000,3845.4000,3844.4000,3844.0000,3843.8000,3847.2000,3849.0000,3851.4000,3853.2000,3855.6000,2,1,1,2,1,1,2,1,1,5
SF,IF2006,2019-11-27 09:31:40.600,3848.4000,3683,0,6930780.000,0,-,-,-,-,3845.6000,3845.4000,3844.4000,3844.0000,3843.8000,3847.2000,3849.0000,3851.4000,3853.2000,3855.6000,1,1,1,2,1,1,2,1,1,5
SF,IF2006,2019-11-27 09:31:43.100,3848.4000,3683,0,6930780.000,0,-,-,-,-,3845.6000,3844.0000,3843.8000,3843.6000,3842.6000,3847.2000,3849.0000,3851.4000,3853.2000,3855.6000,1,2,1,1,1,1,2,1,1,5
SF,IF2006,2019-11-27 09:31:46.600,3848.4000,3683,0,6930780.000,0,-,-,-,-,3845.6000,3844.0000,3843.8000,3843.6000,3842.6000,3847.2000,3849.0000,3851.4000,3853.2000,3855.6000,2,2,1,1,1,1,2,1,1,5
SF,IF2006,2019-11-27 09:31:47.100,3848.4000,3683,0,6930780.000,0,-,-,-,-,3845.6000,3844.0000,3843.8000,3843.6000,3842.6000,3847.2000,3849.0000,3851.4000,3853.2000,3855.6000,1,2,1,1,1,1,2,1,1,5
SF,IF2006,2019-11-27 09:31:47.600,3848.4000,3683,0,6930780.000,0,-,-,-,-,3845.6000,3844.0000,3843.8000,3843.6000,3842.6000,3847.2000,3849.0000,3851.4000,3853.2000,3855.6000,2,2,1,1,1,1,2,1,1,5
SF,IF2006,2019-11-27 09:31:49.100,3848.4000,3683,0,6930780.000,0,-,-,-,-,3845.6000,3844.0000,3843.8000,3843.6000,3842.6000,3847.2000,3849.0000,3851.4000,3853.2000,3855.6000,2,2,1,1,1,1,1,1,1,5
SF,IF2006,2019-11-27 09:31:50.100,3848.4000,3683,0,6930780.000,0,-,-,-,-,3845.6000,3844.0000,3843.8000,3843.6000,3842.6000,3847.2000,3849.0000,3851.4000,3853.2000,3855.6000,1,2,1,1,1,1,1,1,1,5
SF,IF2006,2019-11-27 09:31:50.600,3848.4000,3683,0,6930780.000,0,-,-,-,-,3845.6000,3844.0000,3843.8000,3843.6000,3842.6000,3847.2000,3849.0000,3851.4000,3853.2000,3855.6000,2,2,1,1,1,1,1,1,1,5
SF,IF2006,2019-11-27 09:31:51.100,3848.4000,3683,0,6930780.000,0,-,-,-,-,3845.6000,3844.0000,3843.8000,3843.6000,3842.6000,3847.2000,3849.0000,3851.4000,3853.2000,3855.6000,1,2,1,1,1,1,1,1,1,5
SF,IF2006,2019-11-27 09:31:52.600,3848.4000,3683,0,6930780.000,0,-,-,-,-,3845.6000,3844.0000,3843.8000,3843.6000,3842.6000,3847.2000,3849.0000,3851.4000,3853.2000,3855.6000,2,2,1,1,1,1,1,1,1,5
SF,IF2006,2019-11-27 09:31:53.100,3848.4000,3683,0,6930780.000,0,-,-,-,-,3845.6000,3844.0000,3843.8000,3843.6000,3842.6000,3847.2000,3849.0000,3851.4000,3853.2000,3855.6000,1,2,1,1,1,1,1,1,1,5
SF,IF2006,2019-11-27 09:31:57.600,3848.4000,3683,0,6930780.000,0,-,-,-,-,3845.6000,3843.8000,3843.6000,3842.6000,3842.0000,3847.2000,3849.0000,3851.4000,3853.2000,3855.6000,1,1,1,1,1,1,1,1,1,5
SF,IF2006,2019-11-27 09:31:58.100,3845.6000,3682,-1,8084460.000,1,0,1,双平,S,3843.8000,3843.6000,3842.6000,3842.0000,3841.2000,3847.0000,3847.2000,3849.0000,3851.4000,3853.2000,1,1,1,1,1,1,1,1,1,1
SF,IF2006,2019-11-27 09:31:58.600,3845.6000,3682,0,8084460.000,0,-,-,-,-,3844.0000,3843.8000,3843.6000,3842.6000,3842.0000,3847.0000,3849.0000,3851.4000,3853.2000,3855.6000,1,1,1,1,1,1,1,1,1,5
SF,IF2006,2019-11-27 09:31:59.100,3845.6000,3682,0,8084460.000,0,-,-,-,-,3843.8000,3842.6000,3842.0000,3841.2000,3839.6000,3846.8000,3847.0000,3849.0000,3851.4000,3853.2000,1,1,1,1,1,2,1,1,1,1
SF,IF2006,2019-11-27 09:31:59.600,3845.6000,3682,0,8084460.000,0,-,-,-,-,3843.8000,3842.6000,3842.0000,3841.2000,3839.6000,3846.8000,3849.0000,3851.4000,3853.2000,3855.6000,1,1,1,1,1,2,1,1,1,5
SF,IF2006,2019-11-27 09:32:00.100,3845.6000,3682,0,8084460.000,0,-,-,-,-,3843.8000,3842.6000,3842.0000,3841.2000,3839.6000,3846.6000,3846.8000,3849.0000,3851.4000,3853.2000,1,1,1,1,1,1,2,1,1,1
SF,IF2006,2019-11-27 09:32:00.600,3845.6000,3682,0,8084460.000,0,-,-,-,-,3843.8000,3842.0000,3841.2000,3839.6000,3839.0000,3846.4000,3846.6000,3849.0000,3851.4000,3853.2000,1,1,1,1,1,2,1,1,1,1
SF,IF2006,2019-11-27 09:32:01.100,3845.6000,3682,0,8084460.000,0,-,-,-,-,3843.8000,3842.0000,3841.2000,3839.6000,3839.0000,3845.4000,3846.4000,3849.0000,3851.4000,3855.6000,1,1,1,1,1,1,3,1,1,5
SF,IF2006,2019-11-27 09:32:01.600,3845.6000,3682,0,8084460.000,0,-,-,-,-,3843.8000,3841.2000,3839.6000,3839.0000,3836.8000,3845.2000,3845.4000,3846.4000,3849.0000,3851.4000,1,1,1,1,3,2,1,1,1,1
SF,IF2006,2019-11-27 09:32:02.100,3845.6000,3682,0,8084460.000,0,-,-,-,-,3843.8000,3841.2000,3839.6000,3839.0000,3836.8000,3845.2000,3845.4000,3846.4000,3849.0000,3851.4000,1,1,1,1,3,3,1,1,1,1
SF,IF2006,2019-11-27 09:32:02.600,3843.8000,3682,0,9237600.000,1,0,1,多换,S,3841.2000,3839.6000,3839.0000,3836.8000,3834.6000,3845.2000,3845.4000,3846.4000,3849.0000,3851.4000,1,1,1,3,5,3,1,1,1,1
SF,IF2006,2019-11-27 09:32:03.100,3843.8000,3682,0,9237600.000,0,-,-,-,-,3841.4000,3841.2000,3839.6000,3839.0000,3834.6000,3845.2000,3845.4000,3846.4000,3849.0000,3851.4000,1,1,1,1,5,3,1,1,1,1
SF,IF2006,2019-11-27 09:32:03.600,3843.8000,3682,0,9237600.000,0,-,-,-,-,3841.8000,3841.4000,3841.2000,3839.6000,3839.0000,3845.2000,3845.4000,3846.4000,3849.0000,3851.4000,1,4,1,1,1,3,1,1,1,1
SF,IF2006,2019-11-27 09:32:04.100,3843.8000,3682,0,9237600.000,0,-,-,-,-,3842.0000,3841.8000,3841.2000,3839.6000,3839.0000,3845.2000,3845.4000,3846.4000,3849.0000,3851.4000,1,1,1,1,1,3,1,1,1,1
SF,IF2006,2019-11-27 09:32:06.100,3843.8000,3682,0,9237600.000,0,-,-,-,-,3842.0000,3841.8000,3841.2000,3839.6000,3839.0000,3845.2000,3845.4000,3846.4000,3849.0000,3851.4000,1,1,1,1,1,2,1,1,1,1
SF,IF2006,2019-11-27 09:32:07.600,3843.8000,3682,0,9237600.000,0,-,-,-,-,3842.0000,3841.8000,3841.2000,3839.6000,3839.0000,3845.2000,3846.4000,3849.0000,3851.4000,3855.6000,2,1,1,1,1,2,1,1,1,5
SF,IF2006,2019-11-27 09:32:08.100,3843.8000,3682,0,9237600.000,0,-,-,-,-,3842.2000,3842.0000,3841.8000,3841.2000,3839.6000,3845.2000,3846.4000,3849.0000,3851.4000,3855.6000,2,2,1,1,1,2,1,1,1,5
SF,IF2006,2019-11-27 09:32:08.600,3843.8000,3682,0,9237600.000,0,-,-,-,-,3842.4000,3842.2000,3842.0000,3841.8000,3841.2000,3845.2000,3846.4000,3849.0000,3851.4000,3855.6000,1,2,1,1,1,1,1,1,1,5
SF,IF2006,2019-11-27 09:32:09.100,3843.8000,3682,0,9237600.000,0,-,-,-,-,3843.4000,3842.4000,3842.2000,3842.0000,3841.8000,3845.2000,3849.0000,3851.4000,3855.6000,3857.4000,1,1,2,1,1,1,1,1,5,1
SF,IF2006,2019-11-27 09:32:09.600,3843.8000,3682,0,9237600.000,0,-,-,-,-,3843.4000,3842.2000,3842.0000,3841.8000,3841.2000,3845.2000,3849.0000,3851.4000,3855.6000,3857.4000,1,1,1,1,1,1,1,1,5,1
SF,IF2006,2019-11-27 09:32:10.100,3843.8000,3682,0,9237600.000,0,-,-,-,-,3843.4000,3842.0000,3841.8000,3841.2000,3839.6000,3845.2000,3849.0000,3851.4000,3855.6000,3857.4000,1,1,1,1,1,1,1,1,5,1
SF,IF2006,2019-11-27 09:32:10.600,3843.8000,3682,0,9237600.000,0,-,-,-,-,3843.4000,3842.0000,3841.8000,3841.2000,3839.6000,3845.2000,3845.4000,3849.0000,3851.4000,3855.6000,1,1,1,1,1,1,1,1,1,5
SF,IF2006,2019-11-27 09:32:11.100,3843.8000,3682,0,9237600.000,0,-,-,-,-,3843.4000,3842.0000,3841.8000,3841.2000,3839.6000,3845.2000,3849.0000,3851.4000,3855.6000,3857.4000,1,1,1,1,1,1,1,1,5,1
SF,IF2006,2019-11-27 09:32:11.600,3843.8000,3682,0,9237600.000,0,-,-,-,-,3843.4000,3842.0000,3841.8000,3841.2000,3839.6000,3845.2000,3845.4000,3849.0000,3851.4000,3855.6000,1,1,1,1,1,1,1,1,1,5
SF,IF2006,2019-11-27 09:32:12.600,3843.8000,3682,0,9237600.000,0,-,-,-,-,3843.4000,3841.8000,3841.2000,3839.6000,3839.0000,3845.2000,3845.4000,3849.0000,3851.4000,3855.6000,1,1,1,1,1,1,1,1,1,5
SF,IF2006,2019-11-27 09:32:13.100,3843.8000,3682,0,9237600.000,0,-,-,-,-,3841.8000,3841.2000,3839.6000,3839.0000,3834.6000,3845.0000,3845.2000,3845.4000,3849.0000,3851.4000,1,1,1,1,5,1,1,1,1,1
SF,IF2006,2019-11-27 09:32:13.600,3843.8000,3682,0,9237600.000,0,-,-,-,-,3842.0000,3841.8000,3841.2000,3839.6000,3839.0000,3845.0000,3845.4000,3849.0000,3851.4000,3855.6000,1,1,1,1,1,1,1,1,1,5
SF,IF2006,2019-11-27 09:32:14.100,3843.8000,3682,0,9237600.000,0,-,-,-,-,3843.0000,3842.0000,3841.8000,3841.2000,3839.6000,3845.0000,3845.4000,3849.0000,3851.4000,3855.6000,1,1,1,1,1,1,1,1,1,5
SF,IF2006,2019-11-27 09:32:14.600,3843.8000,3682,0,9237600.000,0,-,-,-,-,3843.0000,3841.8000,3841.2000,3839.6000,3839.0000,3845.0000,3845.4000,3849.0000,3851.4000,3855.6000,1,1,1,1,1,1,1,1,1,5
SF,IF2006,2019-11-27 09:32:17.100,3843.8000,3682,0,9237600.000,0,-,-,-,-,3843.0000,3841.8000,3841.2000,3839.6000,3839.0000,3845.0000,3849.0000,3851.4000,3855.6000,3857.4000,1,1,1,1,1,1,1,1,5,1
SF,IF2006,2019-11-27 09:32:17.600,3843.8000,3682,0,9237600.000,0,-,-,-,-,3843.0000,3841.8000,3841.2000,3839.6000,3839.0000,3849.0000,3851.4000,3855.6000,3857.4000,3868.2000,1,1,1,1,1,1,1,5,1,1
SF,IF2006,2019-11-27 09:32:18.100,3843.8000,3682,0,9237600.000,0,-,-,-,-,3843.2000,3843.0000,3841.8000,3841.2000,3839.6000,3845.4000,3846.4000,3847.0000,3847.8000,3848.2000,1,1,1,1,1,1,1,3,1,1
SF,IF2006,2019-11-27 09:32:18.600,3843.8000,3682,0,9237600.000,0,-,-,-,-,3843.2000,3843.0000,3841.8000,3841.2000,3839.6000,3845.4000,3847.8000,3848.2000,3848.8000,3849.0000,1,1,1,1,1,1,1,1,1,1
SF,IF2006,2019-11-27 09:32:19.100,3843.8000,3682,0,9237600.000,0,-,-,-,-,3843.2000,3843.0000,3841.8000,3841.2000,3839.6000,3845.2000,3845.4000,3847.8000,3848.2000,3848.8000,1,1,1,1,1,2,1,1,1,1
SF,IF2006,2019-11-27 09:32:19.600,3843.8000,3682,0,9237600.000,0,-,-,-,-,3843.2000,3843.0000,3841.8000,3841.2000,3839.6000,3845.2000,3845.4000,3847.8000,3848.2000,3848.8000,1,1,1,1,1,1,1,1,1,1
SF,IF2006,2019-11-27 09:32:20.100,3843.8000,3682,0,9237600.000,0,-,-,-,-,3843.0000,3841.8000,3841.2000,3839.6000,3839.0000,3845.0000,3845.2000,3845.4000,3847.8000,3848.2000,1,1,1,1,1,1,1,1,1,1
SF,IF2006,2019-11-27 09:32:20.600,3843.8000,3682,0,9237600.000,0,-,-,-,-,3843.0000,3841.8000,3841.2000,3839.6000,3839.0000,3845.0000,3845.4000,3847.8000,3848.2000,3848.8000,1,1,1,1,1,1,1,1,1,1
SF,IF2006,2019-11-27 09:32:21.100,3843.8000,3682,0,9237600.000,0,-,-,-,-,3843.0000,3841.8000,3841.2000,3839.6000,3839.0000,3845.0000,3845.4000,3848.2000,3848.8000,3849.0000,1,1,1,1,1,1,1,1,1,1
SF,IF2006,2019-11-27 09:32:21.600,3843.8000,3682,0,9237600.000,0,-,-,-,-,3843.0000,3841.8000,3841.2000,3839.6000,3839.0000,3845.0000,3845.4000,3848.2000,3848.8000,3851.4000,1,1,1,1,1,1,1,1,1,1
SF,IF2006,2019-11-27 09:32:23.100,3843.8000,3682,0,9237600.000,0,-,-,-,-,3843.0000,3841.8000,3841.2000,3839.6000,3839.0000,3844.8000,3845.0000,3845.4000,3848.2000,3848.8000,1,1,1,1,1,1,1,1,1,1
SF,IF2006,2019-11-27 09:32:23.600,3843.8000,3682,0,9237600.000,0,-,-,-,-,3843.0000,3841.8000,3841.2000,3839.6000,3839.0000,3844.8000,3845.4000,3848.2000,3848.8000,3851.4000,1,1,1,1,1,1,1,1,1,1
SF,IF2006,2019-11-27 09:32:24.100,3843.8000,3682,0,9237600.000,0,-,-,-,-,3843.2000,3843.0000,3841.8000,3841.2000,3839.6000,3844.8000,3845.4000,3848.2000,3848.8000,3851.4000,1,1,1,1,1,1,1,1,1,1
SF,IF2006,2019-11-27 09:32:24.600,3843.8000,3682,0,9237600.000,0,-,-,-,-,3843.2000,3843.0000,3841.8000,3841.2000,3839.6000,3845.4000,3848.2000,3848.8000,3851.4000,3855.6000,1,1,1,1,1,1,1,1,1,5
SF,IF2006,2019-11-27 09:32:25.100,3843.8000,3682,0,9237600.000,0,-,-,-,-,3843.2000,3843.0000,3841.8000,3841.2000,3839.6000,3845.2000,3845.4000,3848.2000,3848.8000,3851.4000,1,1,1,1,1,1,1,1,1,1
SF,IF2006,2019-11-27 09:32:25.600,3843.8000,3682,0,9237600.000,0,-,-,-,-,3843.2000,3843.0000,3841.8000,3841.2000,3839.6000,3845.4000,3848.2000,3848.8000,3851.4000,3855.6000,1,1,1,1,1,1,1,1,1,5
SF,IF2006,2019-11-27 09:32:26.100,3843.8000,3682,0,9237600.000,0,-,-,-,-,3843.2000,3843.0000,3841.8000,3841.2000,3839.6000,3848.2000,3851.4000,3855.6000,3857.4000,3868.2000,1,1,1,1,1,1,1,5,1,1
SF,IF2006,2019-11-27 09:32:26.600,3843.8000,3682,0,9237600.000,0,-,-,-,-,3843.2000,3843.0000,3841.8000,3841.2000,3839.6000,3846.4000,3847.4000,3847.8000,3848.2000,3851.4000,1,1,1,1,1,1,3,1,1,1
SF,IF2006,2019-11-27 09:32:27.100,3843.8000,3682,0,9237600.000,0,-,-,-,-,3843.2000,3843.0000,3841.8000,3841.2000,3839.6000,3846.2000,3847.8000,3848.2000,3851.4000,3855.6000,1,1,1,1,1,1,1,1,1,5
SF,IF2006,2019-11-27 09:32:27.600,3843.8000,3682,0,9237600.000,0,-,-,-,-,3843.4000,3843.2000,3843.0000,3841.8000,3841.2000,3845.8000,3846.2000,3847.8000,3848.2000,3851.4000,1,1,1,1,1,1,1,1,1,1
SF,IF2006,2019-11-27 09:32:28.100,3843.8000,3682,0,9237600.000,0,-,-,-,-,3843.4000,3843.2000,3843.0000,3841.8000,3841.2000,3847.8000,3851.4000,3855.6000,3857.4000,3868.2000,1,1,1,1,1,1,1,5,1,1
SF,IF2006,2019-11-27 09:32:28.600,3843.8000,3682,0,9237600.000,0,-,-,-,-,3843.4000,3843.2000,3843.0000,3841.8000,3841.2000,3846.4000,3847.6000,3851.4000,3855.6000,3857.4000,1,1,1,1,1,1,2,1,5,1
SF,IF2006,2019-11-27 09:32:29.100,3843.8000,3682,0,9237600.000,0,-,-,-,-,3843.4000,3843.2000,3843.0000,3841.8000,3841.2000,3846.2000,3851.4000,3855.6000,3857.4000,3868.2000,1,1,1,1,1,1,1,5,1,1
SF,IF2006,2019-11-27 09:32:31.100,3843.8000,3682,0,9237600.000,0,-,-,-,-,3843.6000,3843.4000,3843.2000,3843.0000,3841.8000,3846.2000,3851.4000,3855.6000,3857.4000,3868.2000,2,1,1,1,1,1,1,5,1,1
SF,IF2006,2019-11-27 09:32:31.600,3843.8000,3682,0,9237600.000,0,-,-,-,-,3843.8000,3843.6000,3843.0000,3841.8000,3841.2000,3846.2000,3851.4000,3855.6000,3857.4000,3868.2000,1,2,1,1,1,1,1,5,1,1
SF,IF2006,2019-11-27 09:32:32.100,3843.8000,3682,0,9237600.000,0,-,-,-,-,3844.2000,3843.8000,3843.6000,3843.0000,3841.8000,3846.2000,3851.4000,3855.6000,3857.4000,3868.2000,1,1,2,1,1,1,1,5,1,1
SF,IF2006,2019-11-27 09:32:32.600,3843.8000,3682,0,9237600.000,0,-,-,-,-,3844.2000,3843.6000,3843.0000,3841.8000,3841.2000,3846.2000,3851.4000,3855.6000,3857.4000,3868.2000,1,2,1,1,1,1,1,5,1,1
SF,IF2006,2019-11-27 09:32:33.100,3843.8000,3682,0,9237600.000,0,-,-,-,-,3844.2000,3843.6000,3843.0000,3841.8000,3841.2000,3846.2000,3848.0000,3851.4000,3855.6000,3857.4000,1,2,1,1,1,4,1,1,5,1
SF,IF2006,2019-11-27 09:32:33.600,3843.8000,3682,0,9237600.000,0,-,-,-,-,3843.6000,3843.0000,3841.8000,3841.2000,3839.6000,3846.0000,3846.2000,3848.0000,3851.4000,3855.6000,1,1,1,1,1,1,4,1,1,5
SF,IF2006,2019-11-27 09:32:34.100,3843.8000,3682,0,9237600.000,0,-,-,-,-,3843.6000,3843.0000,3841.8000,3841.2000,3839.6000,3845.8000,3846.0000,3846.2000,3848.0000,3851.4000,1,1,1,1,1,1,1,3,1,1
SF,IF2006,2019-11-27 09:32:34.600,3843.8000,3682,0,9237600.000,0,-,-,-,-,3843.6000,3843.0000,3841.8000,3841.2000,3839.6000,3845.4000,3845.8000,3846.0000,3846.2000,3848.0000,1,1,1,1,1,1,1,1,3,1
SF,IF2006,2019-11-27 09:32:35.100,3843.8000,3682,0,9237600.000,0,-,-,-,-,3843.0000,3841.8000,3841.2000,3839.6000,3839.0000,3845.4000,3846.0000,3846.2000,3848.0000,3851.4000,1,1,1,1,1,1,1,3,1,1
SF,IF2006,2019-11-27 09:32:36.100,3843.8000,3682,0,9237600.000,0,-,-,-,-,3843.0000,3841.8000,3841.2000,3839.6000,3839.0000,3846.0000,3846.2000,3848.0000,3851.4000,3855.6000,1,1,1,1,1,1,3,1,1,5
SF,IF2006,2019-11-27 09:32:36.600,3843.8000,3682,0,9237600.000,0,-,-,-,-,3843.0000,3841.8000,3841.2000,3839.6000,3839.0000,3845.8000,3846.0000,3846.2000,3848.0000,3851.4000,1,1,1,1,1,1,1,3,1,1
SF,IF2006,2019-11-27 09:32:37.100,3843.8000,3682,0,9237600.000,0,-,-,-,-,3843.2000,3843.0000,3841.8000,3841.2000,3839.6000,3845.8000,3846.0000,3846.2000,3848.0000,3851.4000,1,1,1,1,1,1,1,3,1,1
SF,IF2006,2019-11-27 09:32:37.600,3843.8000,3682,0,9237600.000,0,-,-,-,-,3843.2000,3843.0000,3841.8000,3841.2000,3839.6000,3846.0000,3846.2000,3848.0000,3851.4000,3855.6000,1,1,1,1,1,1,3,1,1,5
SF,IF2006,2019-11-27 09:32:38.100,3843.8000,3682,0,9237600.000,0,-,-,-,-,3843.4000,3843.2000,3843.0000,3841.8000,3841.2000,3846.0000,3846.2000,3848.0000,3851.4000,3855.6000,1,1,1,1,1,1,3,1,1,5
SF,IF2006,2019-11-27 09:32:38.600,3843.8000,3682,0,9237600.000,0,-,-,-,-,3843.4000,3843.0000,3841.8000,3841.2000,3839.6000,3845.8000,3846.0000,3846.2000,3848.0000,3851.4000,1,1,1,1,1,1,1,3,1,1
SF,IF2006,2019-11-27 09:32:39.100,3843.8000,3682,0,9237600.000,0,-,-,-,-,3843.0000,3841.8000,3841.2000,3839.6000,3839.0000,3845.8000,3846.0000,3846.2000,3848.0000,3851.4000,1,1,1,1,1,1,1,3,1,1
SF,IF2006,2019-11-27 09:32:39.600,3843.8000,3682,0,9237600.000,0,-,-,-,-,3843.0000,3841.8000,3841.2000,3839.6000,3839.0000,3845.4000,3845.8000,3846.0000,3846.2000,3848.0000,1,1,1,1,1,1,1,1,3,1
SF,IF2006,2019-11-27 09:32:40.100,3843.8000,3682,0,9237600.000,0,-,-,-,-,3843.0000,3841.8000,3841.2000,3839.6000,3839.0000,3846.0000,3846.2000,3848.0000,3851.4000,3855.6000,1,1,1,1,1,1,3,1,1,5
SF,IF2006,2019-11-27 09:32:40.600,3843.8000,3682,0,9237600.000,0,-,-,-,-,3843.0000,3841.8000,3841.2000,3839.6000,3839.0000,3845.8000,3846.0000,3846.2000,3848.0000,3851.4000,1,1,1,1,1,1,1,3,1,1
SF,IF2006,2019-11-27 09:32:41.100,3843.8000,3682,0,9237600.000,0,-,-,-,-,3843.0000,3841.8000,3841.2000,3839.6000,3839.0000,3845.4000,3845.8000,3846.0000,3846.2000,3848.0000,1,1,1,1,1,1,1,1,3,1
SF,IF2006,2019-11-27 09:32:41.600,3843.8000,3682,0,9237600.000,0,-,-,-,-,3843.0000,3841.8000,3841.2000,3839.6000,3839.0000,3845.4000,3846.2000,3848.0000,3851.4000,3855.6000,1,1,1,1,1,1,3,1,1,5
SF,IF2006,2019-11-27 09:32:42.100,3843.8000,3682,0,9237600.000,0,-,-,-,-,3843.4000,3843.0000,3841.8000,3841.2000,3839.6000,3846.2000,3848.0000,3851.4000,3855.6000,3857.4000,1,1,1,1,1,3,1,1,5,1
SF,IF2006,2019-11-27 09:32:42.600,3843.8000,3682,0,9237600.000,0,-,-,-,-,3843.4000,3843.0000,3841.8000,3841.2000,3839.6000,3845.6000,3846.0000,3846.2000,3848.0000,3851.4000,1,1,1,1,1,1,1,3,1,1
SF,IF2006,2019-11-27 09:32:43.100,3843.8000,3682,0,9237600.000,0,-,-,-,-,3843.4000,3843.0000,3841.8000,3841.2000,3839.6000,3845.4000,3846.2000,3848.0000,3851.4000,3855.6000,1,1,1,1,1,1,3,1,1,5
SF,IF2006,2019-11-27 09:32:43.600,3843.8000,3682,0,9237600.000,0,-,-,-,-,3843.4000,3843.0000,3841.8000,3841.2000,3839.6000,3846.2000,3848.0000,3851.4000,3855.6000,3857.4000,1,1,1,1,1,3,1,1,5,1
SF,IF2006,2019-11-27 09:32:44.100,3843.8000,3682,0,9237600.000,0,-,-,-,-,3843.4000,3843.0000,3841.8000,3841.2000,3839.6000,3845.8000,3846.0000,3846.2000,3848.0000,3851.4000,1,1,1,1,1,1,1,3,1,1
SF,IF2006,2019-11-27 09:32:44.600,3843.8000,3682,0,9237600.000,0,-,-,-,-,3843.6000,3843.4000,3843.0000,3841.8000,3841.2000,3846.2000,3848.0000,3851.4000,3855.6000,3857.4000,1,1,1,1,1,3,1,1,5,1
SF,IF2006,2019-11-27 09:32:46.100,3843.8000,3682,0,9237600.000,0,-,-,-,-,3843.6000,3843.4000,3843.0000,3841.8000,3841.2000,3846.2000,3848.0000,3851.4000,3855.6000,3857.4000,1,1,1,1,1,3,1,1,5,1
SF,IF2006,2019-11-27 09:32:46.600,3843.8000,3682,0,9237600.000,0,-,-,-,-,3843.8000,3843.6000,3843.4000,3843.0000,3841.8000,3846.2000,3848.0000,3851.4000,3855.6000,3857.4000,1,1,1,1,1,3,1,1,5,1
SF,IF2006,2019-11-27 09:32:47.100,3843.8000,3682,0,9237600.000,0,-,-,-,-,3844.0000,3843.8000,3843.0000,3841.8000,3841.2000,3846.2000,3848.0000,3851.4000,3855.6000,3857.4000,1,1,1,1,1,3,1,1,5,1
SF,IF2006,2019-11-27 09:32:47.600,3843.8000,3682,0,9237600.000,0,-,-,-,-,3844.8000,3844.0000,3843.0000,3841.8000,3841.2000,3846.2000,3848.0000,3851.4000,3855.6000,3857.4000,1,1,1,1,1,3,1,1,5,1
SF,IF2006,2019-11-27 09:32:48.100,3843.8000,3682,0,9237600.000,0,-,-,-,-,3844.8000,3843.0000,3841.8000,3841.2000,3839.6000,3846.2000,3848.0000,3851.4000,3855.6000,3857.4000,1,1,1,1,1,3,1,1,5,1
SF,IF2006,2019-11-27 09:32:48.600,3843.8000,3682,0,9237600.000,0,-,-,-,-,3844.8000,3843.0000,3841.8000,3841.2000,3839.6000,3846.2000,3848.0000,3851.4000,3855.6000,3857.4000,1,1,1,1,1,3,1,1,5,1
SF,IF2006,2019-11-27 09:32:50.600,3843.8000,3682,0,9237600.000,0,-,-,-,-,3844.8000,3843.0000,3842.0000,3841.8000,3841.2000,3846.2000,3848.0000,3851.4000,3855.6000,3857.4000,1,1,1,1,1,3,1,1,5,1
SF,IF2006,2019-11-27 09:32:58.100,3844.8000,3681,-1,10391040.000,1,0,1,双平,S,3843.0000,3842.0000,3841.8000,3841.2000,3839.6000,3846.2000,3848.0000,3851.4000,3855.6000,3857.4000,1,1,1,1,1,3,1,1,5,1
SF,IF2006,2019-11-27 09:32:58.600,3844.8000,3681,0,10391040.000,0,-,-,-,-,3843.0000,3842.0000,3841.8000,3841.2000,3839.6000,3845.4000,3846.0000,3846.2000,3848.0000,3851.4000,1,1,1,1,1,1,1,3,1,1
SF,IF2006,2019-11-27 09:32:59.100,3844.8000,3681,0,10391040.000,0,-,-,-,-,3843.0000,3841.8000,3841.2000,3839.6000,3839.0000,3845.4000,3846.2000,3848.0000,3851.4000,3855.6000,1,1,1,1,2,1,3,1,1,5
SF,IF2006,2019-11-27 09:33:00.100,3844.8000,3681,0,10391040.000,0,-,-,-,-,3843.0000,3841.8000,3841.2000,3839.6000,3839.0000,3845.4000,3846.2000,3848.0000,3851.4000,3855.6000,1,1,1,1,2,2,3,1,1,5
SF,IF2006,2019-11-27 09:33:00.600,3844.8000,3681,0,10391040.000,0,-,-,-,-,3843.0000,3841.8000,3841.2000,3839.6000,3839.0000,3845.2000,3845.4000,3846.2000,3848.0000,3851.4000,1,1,1,1,2,1,2,3,1,1
SF,IF2006,2019-11-27 09:33:02.600,3844.8000,3681,0,10391040.000,0,-,-,-,-,3843.0000,3841.8000,3841.2000,3839.6000,3839.0000,3845.2000,3845.4000,3846.2000,3848.0000,3851.4000,1,1,1,1,2,1,2,3,1,1
SF,IF2006,2019-11-27 09:33:10.100,3844.8000,3681,0,10391040.000,0,-,-,-,-,3843.0000,3841.2000,3839.6000,3839.0000,3838.0000,3845.2000,3845.4000,3848.0000,3851.4000,3855.6000,1,1,1,2,1,1,2,1,1,5
SF,IF2006,2019-11-27 09:33:10.600,3844.8000,3681,0,10391040.000,0,-,-,-,-,3843.0000,3839.6000,3839.0000,3838.0000,3834.6000,3845.0000,3845.2000,3845.4000,3848.0000,3851.4000,1,1,2,1,5,1,1,2,1,1
SF,IF2006,2019-11-27 09:33:11.100,3844.8000,3681,0,10391040.000,0,-,-,-,-,3843.0000,3839.6000,3839.0000,3838.0000,3834.6000,3844.8000,3845.0000,3845.4000,3848.0000,3851.4000,1,1,2,1,5,1,1,1,1,1
SF,IF2006,2019-11-27 09:33:11.600,3844.8000,3681,0,10391040.000,0,-,-,-,-,3843.2000,3843.0000,3839.6000,3839.0000,3838.0000,3843.8000,3844.8000,3845.0000,3845.4000,3848.0000,1,1,1,2,1,1,2,1,1,1
SF,IF2006,2019-11-27 09:33:12.100,3844.8000,3681,0,10391040.000,0,-,-,-,-,3843.2000,3843.0000,3839.6000,3839.0000,3838.0000,3843.8000,3844.8000,3845.0000,3845.4000,3848.0000,1,1,1,2,1,1,1,1,1,1
SF,IF2006,2019-11-27 09:33:12.600,3843.8000,3680,-1,11544180.000,1,0,1,双平,S,3843.2000,3843.0000,3839.6000,3839.0000,3838.0000,3845.0000,3845.4000,3848.0000,3851.4000,3855.6000,1,1,1,2,1,1,1,1,1,5
SF,IF2006,2019-11-27 09:33:13.100,3843.8000,3680,0,11544180.000,0,-,-,-,-,3843.2000,3843.0000,3839.6000,3839.0000,3838.0000,3844.6000,3844.8000,3845.0000,3845.4000,3848.0000,1,1,1,2,1,1,1,1,1,1
SF,IF2006,2019-11-27 09:33:13.600,3843.8000,3680,0,11544180.000,0,-,-,-,-,3843.2000,3843.0000,3839.6000,3839.0000,3838.0000,3844.4000,3844.6000,3845.0000,3845.4000,3848.0000,1,1,1,2,1,1,1,1,1,1
SF,IF2006,2019-11-27 09:33:14.600,3843.2000,3680,0,12697140.000,1,0,1,多换,S,3843.0000,3839.6000,3839.0000,3838.0000,3834.6000,3844.4000,3844.6000,3845.4000,3848.0000,3851.4000,1,1,2,1,5,1,1,1,1,1
SF,IF2006,2019-11-27 09:33:15.100,3843.2000,3680,0,12697140.000,0,-,-,-,-,3843.0000,3839.6000,3839.0000,3838.0000,3835.0000,3844.4000,3844.6000,3845.4000,3847.2000,3848.0000,1,1,2,1,1,1,1,1,5,1
SF,IF2006,2019-11-27 09:33:16.100,3843.2000,3680,0,12697140.000,0,-,-,-,-,3843.0000,3839.6000,3839.0000,3838.0000,3835.0000,3844.4000,3844.6000,3845.4000,3847.2000,3848.0000,1,1,2,1,1,1,1,1,5,1
SF,IF2006,2019-11-27 09:33:16.600,3843.0000,3679,-1,13850040.000,1,0,1,双平,S,3839.0000,3838.0000,3835.0000,3834.6000,3831.6000,3844.2000,3844.4000,3844.6000,3845.4000,3847.2000,2,1,1,5,1,1,1,1,1,5
SF,IF2006,2019-11-27 09:33:17.100,3843.0000,3679,0,13850040.000,0,-,-,-,-,3840.2000,3839.2000,3839.0000,3838.0000,3835.0000,3844.2000,3845.4000,3847.2000,3848.0000,3851.4000,3,3,2,1,1,1,1,5,1,1
SF,IF2006,2019-11-27 09:33:17.600,3843.0000,3679,0,13850040.000,0,-,-,-,-,3840.6000,3840.2000,3839.2000,3839.0000,3838.0000,3844.0000,3844.2000,3845.4000,3847.2000,3848.0000,1,3,3,2,1,1,1,1,5,1
SF,IF2006,2019-11-27 09:33:18.100,3843.0000,3679,0,13850040.000,0,-,-,-,-,3840.8000,3840.6000,3839.2000,3839.0000,3838.0000,3844.2000,3845.4000,3847.2000,3848.0000,3851.4000,2,1,3,2,1,1,1,5,1,1
SF,IF2006,2019-11-27 09:33:18.600,3843.0000,3679,0,13850040.000,0,-,-,-,-,3840.8000,3839.2000,3839.0000,3838.0000,3835.0000,3843.8000,3844.2000,3845.4000,3847.2000,3848.0000,2,3,2,1,1,1,1,1,5,1
SF,IF2006,2019-11-27 09:33:19.100,3843.0000,3679,0,13850040.000,0,-,-,-,-,3841.0000,3840.8000,3839.2000,3839.0000,3838.0000,3843.8000,3844.2000,3845.4000,3847.2000,3848.0000,1,2,3,2,1,1,1,1,5,1
SF,IF2006,2019-11-27 09:33:19.600,3843.0000,3679,0,13850040.000,0,-,-,-,-,3841.2000,3841.0000,3839.2000,3839.0000,3838.0000,3843.8000,3844.2000,3845.4000,3847.2000,3848.0000,2,1,3,2,1,1,1,1,5,1
SF,IF2006,2019-11-27 09:33:20.100,3843.0000,3679,0,13850040.000,0,-,-,-,-,3841.2000,3841.0000,3839.2000,3839.0000,3838.0000,3843.8000,3845.4000,3847.2000,3848.0000,3851.4000,2,1,3,2,1,1,1,5,1,1
SF,IF2006,2019-11-27 09:33:21.600,3843.8000,3679,0,15003180.000,1,0,1,多换,S,3841.2000,3841.0000,3839.2000,3839.0000,3838.0000,3845.4000,3847.2000,3848.0000,3851.4000,3857.4000,2,1,3,2,1,1,5,1,1,1
SF,IF2006,2019-11-27 09:33:22.100,3843.8000,3679,0,15003180.000,0,-,-,-,-,3841.8000,3841.2000,3839.2000,3839.0000,3838.0000,3845.2000,3845.4000,3847.2000,3848.0000,3851.4000,1,2,3,2,1,3,1,5,1,1
SF,IF2006,2019-11-27 09:33:22.600,3843.8000,3679,0,15003180.000,0,-,-,-,-,3842.0000,3841.8000,3839.2000,3839.0000,3838.0000,3845.2000,3845.4000,3847.2000,3848.0000,3851.4000,1,1,3,2,1,3,1,5,1,1
SF,IF2006,2019-11-27 09:33:23.100,3843.8000,3679,0,15003180.000,0,-,-,-,-,3842.0000,3841.8000,3839.2000,3839.0000,3838.0000,3845.0000,3845.2000,3845.4000,3847.2000,3848.0000,1,1,3,2,1,1,3,1,5,1
SF,IF2006,2019-11-27 09:33:23.600,3843.8000,3679,0,15003180.000,0,-,-,-,-,3842.0000,3841.8000,3839.2000,3839.0000,3838.0000,3844.8000,3845.0000,3845.2000,3845.4000,3847.2000,1,1,3,2,1,2,1,1,1,5
SF,IF2006,2019-11-27 09:33:25.600,3843.8000,3679,0,15003180.000,0,-,-,-,-,3842.0000,3841.8000,3839.2000,3839.0000,3838.0000,3844.6000,3844.8000,3845.0000,3845.2000,3845.4000,1,1,3,2,1,1,2,4,1,1
SF,IF2006,2019-11-27 09:33:26.100,3843.8000,3679,0,15003180.000,0,-,-,-,-,3839.2000,3839.0000,3838.0000,3835.0000,3834.6000,3844.4000,3844.6000,3844.8000,3845.0000,3845.2000,3,2,1,1,5,2,1,1,4,1
SF,IF2006,2019-11-27 09:33:26.600,3843.8000,3679,0,15003180.000,0,-,-,-,-,3840.8000,3840.0000,3839.2000,3839.0000,3838.0000,3844.4000,3844.6000,3844.8000,3845.0000,3845.2000,1,3,3,2,1,2,1,1,4,1
SF,IF2006,2019-11-27 09:33:27.100,3843.8000,3679,0,15003180.000,0,-,-,-,-,3841.0000,3840.8000,3839.2000,3839.0000,3838.0000,3844.4000,3844.6000,3844.8000,3845.0000,3845.2000,1,1,3,2,1,2,1,1,4,1
SF,IF2006,2019-11-27 09:33:27.600,3843.8000,3679,0,15003180.000,0,-,-,-,-,3841.0000,3840.8000,3839.2000,3839.0000,3838.0000,3844.4000,3844.6000,3844.8000,3845.0000,3845.2000,1,2,3,2,1,2,1,1,4,1
SF,IF2006,2019-11-27 09:33:28.600,3843.8000,3679,0,15003180.000,0,-,-,-,-,3841.0000,3840.8000,3839.2000,3839.0000,3838.0000,3844.2000,3844.4000,3844.8000,3845.0000,3845.2000,1,2,3,2,1,1,2,1,4,1
SF,IF2006,2019-11-27 09:33:29.100,3843.8000,3679,0,15003180.000,0,-,-,-,-,3841.0000,3840.8000,3839.2000,3839.0000,3838.0000,3844.0000,3844.2000,3844.4000,3844.8000,3845.0000,1,1,3,2,1,2,1,1,1,4
SF,IF2006,2019-11-27 09:33:29.600,3843.8000,3679,0,15003180.000,0,-,-,-,-,3841.0000,3840.8000,3839.2000,3839.0000,3838.0000,3843.8000,3844.0000,3844.2000,3844.4000,3844.8000,1,1,3,2,1,1,2,1,1,1
SF,IF2006,2019-11-27 09:33:30.100,3843.8000,3679,0,15003180.000,0,-,-,-,-,3841.0000,3840.8000,3839.2000,3839.0000,3838.0000,3843.8000,3844.0000,3844.2000,3844.4000,3844.8000,1,1,3,2,1,2,1,1,1,1
SF,IF2006,2019-11-27 09:33:30.600,3843.8000,3679,0,15003180.000,0,-,-,-,-,3841.0000,3840.8000,3839.2000,3839.0000,3838.0000,3843.8000,3844.0000,3844.2000,3844.4000,3844.8000,1,1,3,2,1,5,1,1,1,1
SF,IF2006,2019-11-27 09:33:32.100,3843.8000,3679,0,15003180.000,0,-,-,-,-,3841.0000,3840.8000,3839.2000,3839.0000,3838.0000,3843.6000,3843.8000,3844.4000,3844.8000,3845.0000,1,1,3,2,1,1,5,1,1,1
SF,IF2006,2019-11-27 09:33:32.600,3843.8000,3679,0,15003180.000,0,-,-,-,-,3841.0000,3840.8000,3839.2000,3839.0000,3838.0000,3843.6000,3843.8000,3844.4000,3844.8000,3845.2000,1,1,3,2,1,2,5,1,1,1
SF,IF2006,2019-11-27 09:33:34.600,3843.8000,3679,0,15003180.000,0,-,-,-,-,3841.0000,3840.8000,3839.2000,3839.0000,3838.0000,3843.6000,3843.8000,3844.4000,3844.8000,3845.2000,1,1,3,2,1,1,5,1,1,1
SF,IF2006,2019-11-27 09:33:35.100,3843.8000,3679,0,15003180.000,0,-,-,-,-,3841.0000,3840.8000,3839.2000,3839.0000,3838.0000,3843.8000,3844.4000,3844.8000,3845.2000,3845.4000,1,1,3,2,1,5,1,1,1,1
SF,IF2006,2019-11-27 09:33:35.600,3843.8000,3679,0,15003180.000,0,-,-,-,-,3841.0000,3840.8000,3839.2000,3839.0000,3838.0000,3843.8000,3844.4000,3844.8000,3845.2000,3845.4000,1,1,3,2,1,4,1,1,1,1
SF,IF2006,2019-11-27 09:33:42.600,3843.8000,3679,0,15003180.000,0,-,-,-,-,3841.0000,3840.8000,3839.2000,3839.0000,3838.0000,3843.6000,3843.8000,3844.4000,3844.8000,3845.2000,1,1,3,2,1,1,1,1,1,1
SF,IF2006,2019-11-27 09:33:43.100,3843.8000,3679,0,15003180.000,0,-,-,-,-,3841.0000,3840.8000,3839.2000,3839.0000,3838.0000,3843.8000,3844.4000,3844.8000,3845.2000,3845.4000,1,1,3,2,1,1,1,1,1,1
SF,IF2006,2019-11-27 09:33:46.600,3843.8000,3679,0,15003180.000,0,-,-,-,-,3841.0000,3840.8000,3839.2000,3839.0000,3838.0000,3844.4000,3844.8000,3845.2000,3845.4000,3847.2000,1,1,3,2,1,1,1,1,1,5
SF,IF2006,2019-11-27 09:33:49.100,3843.8000,3679,0,15003180.000,0,-,-,-,-,3841.0000,3840.8000,3839.2000,3839.0000,3838.0000,3844.2000,3844.4000,3844.8000,3845.2000,3845.4000,1,1,3,2,1,2,1,1,1,1
SF,IF2006,2019-11-27 09:33:51.100,3843.8000,3679,0,15003180.000,0,-,-,-,-,3841.0000,3840.8000,3839.2000,3839.0000,3838.0000,3844.0000,3844.2000,3844.4000,3844.8000,3845.2000,1,1,3,2,1,1,2,1,1,1
SF,IF2006,2019-11-27 09:33:52.100,3843.8000,3679,0,15003180.000,0,-,-,-,-,3841.0000,3840.8000,3839.2000,3839.0000,3838.0000,3843.6000,3843.8000,3844.0000,3844.2000,3844.4000,1,1,3,2,1,1,1,1,1,1
SF,IF2006,2019-11-27 09:33:53.100,3843.8000,3679,0,15003180.000,0,-,-,-,-,3841.0000,3840.8000,3839.2000,3839.0000,3838.0000,3843.6000,3843.8000,3844.0000,3844.2000,3844.4000,1,1,3,2,1,1,1,1,1,1
SF,IF2006,2019-11-27 09:33:54.100,3843.8000,3679,0,15003180.000,0,-,-,-,-,3841.0000,3840.8000,3839.2000,3839.0000,3838.0000,3843.8000,3844.0000,3844.4000,3844.8000,3845.2000,1,1,3,2,1,1,1,1,1,1
SF,IF2006,2019-11-27 09:33:54.600,3843.8000,3679,0,15003180.000,0,-,-,-,-,3841.0000,3840.8000,3839.2000,3839.0000,3838.0000,3843.8000,3844.0000,3844.4000,3844.8000,3845.2000,1,1,3,2,1,1,1,1,1,1
SF,IF2006,2019-11-27 09:33:55.100,3843.8000,3679,0,15003180.000,0,-,-,-,-,3841.0000,3840.8000,3839.2000,3839.0000,3838.0000,3843.6000,3843.8000,3844.0000,3844.4000,3844.8000,1,1,3,2,1,2,1,1,1,1
SF,IF2006,2019-11-27 09:33:55.600,3843.8000,3679,0,15003180.000,0,-,-,-,-,3841.0000,3840.8000,3839.2000,3839.0000,3838.0000,3843.6000,3843.8000,3844.0000,3844.4000,3844.8000,1,1,3,2,1,2,1,1,1,1
SF,IF2006,2019-11-27 09:33:57.100,3843.8000,3679,0,15003180.000,0,-,-,-,-,3841.0000,3840.8000,3839.2000,3839.0000,3838.0000,3843.8000,3844.0000,3844.4000,3844.8000,3845.2000,1,1,3,2,1,1,1,1,1,1
SF,IF2006,2019-11-27 09:33:58.600,3843.8000,3679,0,15003180.000,0,-,-,-,-,3843.6000,3841.0000,3840.8000,3839.2000,3839.0000,3843.8000,3844.0000,3844.4000,3844.8000,3845.2000,1,1,1,3,2,1,1,1,1,1
SF,IF2006,2019-11-27 09:33:59.100,3843.6000,3679,0,16156260.000,1,0,1,多换,S,3840.8000,3839.2000,3839.0000,3838.0000,3835.0000,3843.6000,3843.8000,3844.0000,3844.4000,3844.8000,1,3,2,1,1,1,1,1,1,1
SF,IF2006,2019-11-27 09:33:59.600,3843.6000,3679,0,16156260.000,0,-,-,-,-,3841.0000,3840.8000,3839.2000,3839.0000,3838.0000,3843.6000,3843.8000,3844.0000,3844.4000,3844.8000,1,1,3,2,1,1,1,1,1,1
SF,IF2006,2019-11-27 09:34:00.100,3843.6000,3679,0,16156260.000,0,-,-,-,-,3841.0000,3840.8000,3839.2000,3839.0000,3838.0000,3843.4000,3843.6000,3843.8000,3844.0000,3844.4000,1,1,3,2,1,2,1,1,1,1
SF,IF2006,2019-11-27 09:34:00.600,3843.6000,3679,0,16156260.000,0,-,-,-,-,3841.0000,3840.8000,3839.2000,3839.0000,3838.0000,3843.4000,3843.6000,3844.0000,3844.4000,3844.8000,1,1,3,2,1,3,2,1,1,1
SF,IF2006,2019-11-27 09:34:01.100,3843.6000,3679,0,16156260.000,0,-,-,-,-,3841.0000,3840.8000,3839.2000,3839.0000,3838.0000,3843.0000,3843.4000,3843.6000,3844.0000,3844.4000,1,1,3,2,1,1,2,1,1,1
SF,IF2006,2019-11-27 09:34:01.600,3843.6000,3679,0,16156260.000,0,-,-,-,-,3841.0000,3840.8000,3839.2000,3839.0000,3838.0000,3843.0000,3843.4000,3843.6000,3844.0000,3844.4000,1,1,3,2,1,1,1,1,1,1
SF,IF2006,2019-11-27 09:34:02.600,3843.6000,3679,0,16156260.000,0,-,-,-,-,3841.0000,3840.8000,3839.2000,3839.0000,3838.0000,3842.8000,3843.0000,3843.4000,3843.6000,3844.0000,1,1,3,2,1,1,1,1,1,1
SF,IF2006,2019-11-27 09:34:03.100,3843.6000,3679,0,16156260.000,0,-,-,-,-,3841.0000,3840.8000,3839.2000,3839.0000,3838.0000,3842.8000,3843.4000,3844.0000,3844.4000,3844.8000,1,1,3,2,1,3,1,1,1,1
SF,IF2006,2019-11-27 09:34:03.600,3843.6000,3679,0,16156260.000,0,-,-,-,-,3841.0000,3840.8000,3839.2000,3839.0000,3838.0000,3843.4000,3844.0000,3844.4000,3844.8000,3845.2000,1,1,3,2,1,1,1,1,1,1
SF,IF2006,2019-11-27 09:34:04.600,3843.6000,3679,0,16156260.000,0,-,-,-,-,3841.0000,3840.8000,3839.2000,3839.0000,3838.0000,3844.0000,3844.4000,3844.8000,3845.2000,3845.4000,1,1,3,2,1,1,1,1,1,1
SF,IF2006,2019-11-27 09:34:05.100,3843.6000,3679,0,16156260.000,0,-,-,-,-,3841.0000,3840.8000,3839.2000,3839.0000,3838.0000,3843.8000,3844.4000,3844.8000,3845.2000,3845.4000,1,1,3,2,1,1,1,1,1,1
SF,IF2006,2019-11-27 09:34:05.600,3843.6000,3679,0,16156260.000,0,-,-,-,-,3841.0000,3840.8000,3839.2000,3839.0000,3838.0000,3844.2000,3844.4000,3844.8000,3845.2000,3845.4000,1,1,3,2,1,1,1,1,1,1
SF,IF2006,2019-11-27 09:34:07.600,3843.6000,3679,0,16156260.000,0,-,-,-,-,3841.0000,3840.8000,3839.2000,3839.0000,3838.0000,3844.0000,3844.2000,3844.4000,3844.8000,3845.2000,1,1,3,2,1,1,1,1,1,1
SF,IF2006,2019-11-27 09:34:08.100,3843.6000,3679,0,16156260.000,0,-,-,-,-,3841.0000,3840.8000,3839.2000,3839.0000,3838.0000,3844.2000,3844.4000,3844.8000,3845.2000,3845.4000,1,1,3,2,1,1,1,1,1,1
SF,IF2006,2019-11-27 09:34:09.600,3843.6000,3679,0,16156260.000,0,-,-,-,-,3841.0000,3840.8000,3839.2000,3839.0000,3838.0000,3843.8000,3844.0000,3844.2000,3844.4000,3844.8000,1,1,3,2,1,1,2,1,1,1
SF,IF2006,2019-11-27 09:34:10.100,3843.6000,3679,0,16156260.000,0,-,-,-,-,3841.0000,3840.8000,3839.2000,3839.0000,3838.0000,3843.6000,3843.8000,3844.0000,3844.2000,3844.4000,1,1,3,2,1,1,1,3,1,1
SF,IF2006,2019-11-27 09:34:11.100,3843.6000,3679,0,16156260.000,0,-,-,-,-,3841.0000,3840.8000,3839.2000,3839.0000,3838.0000,3843.4000,3843.6000,3844.0000,3844.2000,3844.4000,1,1,3,2,1,2,1,3,1,1
SF,IF2006,2019-11-27 09:34:11.600,3843.6000,3679,0,16156260.000,0,-,-,-,-,3841.0000,3839.0000,3838.0000,3835.0000,3834.6000,3843.4000,3843.6000,3844.0000,3844.2000,3844.4000,1,2,1,1,5,2,1,3,1,1
SF,IF2006,2019-11-27 09:34:12.100,3843.6000,3679,0,16156260.000,0,-,-,-,-,3841.0000,3839.0000,3838.0000,3835.0000,3834.6000,3843.2000,3843.4000,3843.6000,3844.0000,3844.2000,1,1,1,1,5,2,2,1,2,1
SF,IF2006,2019-11-27 09:34:12.600,3843.6000,3679,0,16156260.000,0,-,-,-,-,3841.0000,3839.0000,3838.0000,3835.0000,3834.6000,3842.8000,3843.0000,3843.2000,3843.6000,3844.0000,1,1,1,1,5,1,2,2,1,1
SF,IF2006,2019-11-27 09:34:13.100,3843.6000,3679,0,16156260.000,0,-,-,-,-,3841.0000,3839.0000,3838.0000,3835.0000,3834.6000,3842.8000,3843.0000,3843.6000,3844.0000,3844.4000,1,1,1,1,5,1,2,1,1,1
SF,IF2006,2019-11-27 09:34:13.600,3843.6000,3679,0,16156260.000,0,-,-,-,-,3841.0000,3839.0000,3838.0000,3835.0000,3834.6000,3843.0000,3843.6000,3844.0000,3844.4000,3844.8000,1,1,1,1,5,2,1,1,1,1
SF,IF2006,2019-11-27 09:34:15.100,3843.6000,3679,0,16156260.000,0,-,-,-,-,3841.0000,3839.0000,3838.0000,3835.0000,3834.6000,3842.8000,3843.0000,3843.6000,3844.0000,3844.4000,1,1,1,1,5,1,2,1,1,1
SF,IF2006,2019-11-27 09:34:16.600,3843.6000,3679,0,16156260.000,0,-,-,-,-,3841.0000,3839.0000,3838.0000,3835.0000,3834.6000,3842.6000,3842.8000,3843.0000,3843.6000,3844.0000,1,1,1,1,5,3,1,1,1,1
SF,IF2006,2019-11-27 09:34:17.100,3843.6000,3679,0,16156260.000,0,-,-,-,-,3839.0000,3838.0000,3835.0000,3834.6000,3831.6000,3842.6000,3842.8000,3843.6000,3844.0000,3844.4000,1,1,1,5,1,3,1,1,1,1
SF,IF2006,2019-11-27 09:34:17.600,3843.6000,3679,0,16156260.000,0,-,-,-,-,3839.8000,3839.2000,3839.0000,3838.0000,3835.0000,3842.4000,3842.6000,3842.8000,3843.4000,3843.6000,1,4,1,1,1,1,3,1,1,1
SF,IF2006,2019-11-27 09:34:18.100,3843.6000,3679,0,16156260.000,0,-,-,-,-,3840.0000,3839.8000,3839.2000,3839.0000,3838.0000,3842.4000,3842.6000,3843.4000,3843.6000,3844.0000,2,1,1,1,1,2,1,1,1,1
SF,IF2006,2019-11-27 09:34:18.600,3843.6000,3679,0,16156260.000,0,-,-,-,-,3840.0000,3839.2000,3839.0000,3838.0000,3835.0000,3842.4000,3842.6000,3843.4000,3843.6000,3844.0000,2,1,1,1,1,1,1,1,1,1
SF,IF2006,2019-11-27 09:34:19.100,3843.6000,3679,0,16156260.000,0,-,-,-,-,3840.6000,3840.0000,3839.2000,3839.0000,3838.0000,3842.6000,3843.4000,3843.6000,3844.0000,3844.4000,1,2,1,1,1,1,1,1,1,1
SF,IF2006,2019-11-27 09:34:19.600,3843.6000,3679,0,16156260.000,0,-,-,-,-,3840.8000,3840.6000,3839.2000,3839.0000,3838.0000,3842.6000,3843.4000,3843.6000,3844.0000,3844.4000,1,1,1,1,1,1,1,1,1,1
SF,IF2006,2019-11-27 09:34:20.100,3843.6000,3679,0,16156260.000,0,-,-,-,-,3840.8000,3840.6000,3839.2000,3839.0000,3838.0000,3843.4000,3843.6000,3844.0000,3844.4000,3844.8000,1,1,1,1,1,1,1,1,1,1
SF,IF2006,2019-11-27 09:34:20.600,3843.6000,3679,0,16156260.000,0,-,-,-,-,3840.8000,3840.6000,3839.2000,3839.0000,3838.0000,3843.6000,3844.0000,3844.4000,3844.8000,3845.4000,1,1,1,1,1,1,1,1,1,1
SF,IF2006,2019-11-27 09:34:22.100,3843.6000,3679,0,16156260.000,0,-,-,-,-,3840.8000,3840.6000,3839.2000,3839.0000,3838.0000,3844.2000,3844.4000,3844.8000,3845.4000,3847.2000,1,1,1,1,1,1,1,1,1,5
SF,IF2006,2019-11-27 09:34:23.600,3843.6000,3679,0,16156260.000,0,-,-,-,-,3840.8000,3840.6000,3839.2000,3839.0000,3838.0000,3844.0000,3844.2000,3844.4000,3844.8000,3845.4000,1,1,1,1,1,1,1,1,1,1
SF,IF2006,2019-11-27 09:34:24.600,3843.6000,3679,0,16156260.000,0,-,-,-,-,3840.8000,3840.6000,3839.2000,3839.0000,3838.0000,3843.8000,3844.0000,3844.2000,3844.4000,3844.8000,1,1,1,1,1,4,1,1,1,1
SF,IF2006,2019-11-27 09:34:25.100,3843.6000,3679,0,16156260.000,0,-,-,-,-,3840.8000,3840.6000,3839.2000,3839.0000,3838.0000,3843.4000,3843.8000,3844.2000,3844.4000,3844.8000,1,1,1,1,1,1,4,1,1,1
SF,IF2006,2019-11-27 09:34:26.600,3843.6000,3679,0,16156260.000,0,-,-,-,-,3840.8000,3840.6000,3839.2000,3839.0000,3838.0000,3843.0000,3843.4000,3843.8000,3844.2000,3844.4000,1,1,1,1,1,1,1,3,1,1
SF,IF2006,2019-11-27 09:34:27.100,3843.6000,3679,0,16156260.000,0,-,-,-,-,3840.8000,3840.6000,3839.2000,3839.0000,3838.0000,3843.0000,3843.2000,3843.4000,3843.8000,3844.2000,1,1,1,1,1,1,1,1,3,1
SF,IF2006,2019-11-27 09:34:27.600,3843.6000,3679,0,16156260.000,0,-,-,-,-,3840.8000,3840.6000,3839.2000,3839.0000,3838.0000,3842.8000,3843.0000,3843.2000,3843.4000,3843.8000,1,1,1,1,1,1,1,1,1,2
SF,IF2006,2019-11-27 09:34:29.100,3843.6000,3679,0,16156260.000,0,-,-,-,-,3840.8000,3840.6000,3839.2000,3839.0000,3838.0000,3842.6000,3842.8000,3843.2000,3843.8000,3844.2000,1,1,1,1,1,1,1,1,2,1
SF,IF2006,2019-11-27 09:34:29.600,3843.6000,3679,0,16156260.000,0,-,-,-,-,3840.8000,3839.2000,3839.0000,3838.0000,3835.0000,3842.6000,3842.8000,3843.2000,3843.8000,3844.2000,1,1,1,1,1,1,1,1,2,1
SF,IF2006,2019-11-27 09:34:30.600,3843.6000,3679,0,16156260.000,0,-,-,-,-,3840.8000,3839.2000,3839.0000,3838.0000,3835.0000,3842.8000,3843.2000,3843.8000,3844.2000,3844.4000,1,1,1,1,1,1,1,2,1,1
SF,IF2006,2019-11-27 09:34:31.100,3843.6000,3679,0,16156260.000,0,-,-,-,-,3840.8000,3839.2000,3839.0000,3838.0000,3835.0000,3842.6000,3842.8000,3843.2000,3843.8000,3844.2000,1,1,1,1,1,1,1,1,2,1
SF,IF2006,2019-11-27 09:34:34.100,3843.6000,3679,0,16156260.000,0,-,-,-,-,3840.8000,3839.2000,3839.0000,3838.0000,3835.0000,3842.8000,3843.2000,3843.8000,3844.2000,3844.4000,1,1,1,1,1,1,1,2,1,1
SF,IF2006,2019-11-27 09:34:34.600,3843.6000,3679,0,16156260.000,0,-,-,-,-,3841.0000,3840.8000,3839.2000,3839.0000,3838.0000,3842.8000,3843.2000,3843.8000,3844.2000,3844.4000,1,1,1,1,1,1,1,1,1,1
SF,IF2006,2019-11-27 09:34:35.100,3843.6000,3679,0,16156260.000,0,-,-,-,-,3841.2000,3841.0000,3839.2000,3839.0000,3838.0000,3842.8000,3843.2000,3843.8000,3844.2000,3844.4000,1,1,1,1,1,1,1,1,1,1
SF,IF2006,2019-11-27 09:34:38.600,3841.2000,3678,-1,17308620.000,1,0,1,双平,S,3841.0000,3839.2000,3839.0000,3838.0000,3835.0000,3842.8000,3843.2000,3843.8000,3844.2000,3844.4000,1,1,1,1,1,1,1,1,1,1
SF,IF2006,2019-11-27 09:34:39.100,3841.2000,3678,0,17308620.000,0,-,-,-,-,3839.2000,3839.0000,3838.0000,3835.0000,3834.6000,3842.6000,3842.8000,3843.2000,3843.8000,3844.2000,1,1,1,1,5,1,1,1,1,1
SF,IF2006,2019-11-27 09:34:39.600,3841.2000,3678,0,17308620.000,0,-,-,-,-,3840.2000,3839.4000,3839.0000,3838.0000,3835.0000,3842.6000,3842.8000,3843.2000,3843.8000,3844.2000,1,2,1,1,1,1,1,1,1,1
SF,IF2006,2019-11-27 09:34:40.100,3841.2000,3678,0,17308620.000,0,-,-,-,-,3840.2000,3839.4000,3839.0000,3838.0000,3835.0000,3842.6000,3843.2000,3843.8000,3844.2000,3844.4000,1,1,1,1,1,1,1,1,1,1
SF,IF2006,2019-11-27 09:34:41.600,3841.2000,3678,0,17308620.000,0,-,-,-,-,3840.2000,3839.4000,3839.0000,3838.0000,3835.0000,3842.6000,3843.2000,3843.8000,3844.2000,3844.4000,1,1,1,1,1,1,1,1,1,1
SF,IF2006,2019-11-27 09:34:44.600,3841.2000,3678,0,17308620.000,0,-,-,-,-,3840.2000,3839.4000,3839.0000,3838.0000,3835.0000,3842.4000,3842.6000,3843.2000,3843.8000,3844.2000,1,1,1,1,1,1,1,1,1,1
SF,IF2006,2019-11-27 09:34:45.100,3841.2000,3678,0,17308620.000,0,-,-,-,-,3840.2000,3839.4000,3839.0000,3838.0000,3835.0000,3842.4000,3843.2000,3843.8000,3844.2000,3844.4000,1,1,1,1,1,1,1,1,1,1
SF,IF2006,2019-11-27 09:34:46.600,3841.2000,3678,0,17308620.000,0,-,-,-,-,3840.2000,3839.4000,3839.0000,3838.0000,3835.0000,3842.4000,3843.2000,3843.8000,3844.2000,3844.4000,1,1,1,1,1,1,1,1,1,1
SF,IF2006,2019-11-27 09:34:47.600,3841.2000,3678,0,17308620.000,0,-,-,-,-,3840.2000,3839.4000,3839.0000,3838.0000,3835.0000,3843.2000,3843.8000,3844.2000,3844.4000,3844.8000,1,1,1,1,1,1,1,1,1,1
SF,IF2006,2019-11-27 09:34:48.100,3841.2000,3678,0,17308620.000,0,-,-,-,-,3840.2000,3839.4000,3839.0000,3838.0000,3835.0000,3843.0000,3843.2000,3843.8000,3844.2000,3844.4000,1,1,1,1,1,2,1,1,1,1
SF,IF2006,2019-11-27 09:34:48.600,3841.2000,3678,0,17308620.000,0,-,-,-,-,3840.2000,3839.4000,3839.0000,3838.0000,3835.0000,3842.8000,3843.0000,3843.2000,3843.8000,3844.2000,1,1,1,1,1,2,2,1,1,1
SF,IF2006,2019-11-27 09:34:49.100,3841.2000,3678,0,17308620.000,0,-,-,-,-,3840.2000,3839.4000,3839.0000,3838.0000,3835.0000,3842.8000,3843.0000,3843.2000,3843.8000,3844.2000,1,1,1,1,1,2,1,1,1,1
SF,IF2006,2019-11-27 09:34:49.600,3841.2000,3678,0,17308620.000,0,-,-,-,-,3840.2000,3839.4000,3839.0000,3838.0000,3835.0000,3842.8000,3843.2000,3843.8000,3844.2000,3844.4000,1,1,1,1,1,2,1,1,1,1
SF,IF2006,2019-11-27 09:34:53.600,3841.2000,3678,0,17308620.000,0,-,-,-,-,3840.2000,3839.4000,3839.0000,3838.0000,3835.0000,3842.6000,3842.8000,3843.2000,3843.8000,3844.2000,1,1,1,1,1,2,2,1,1,1
SF,IF2006,2019-11-27 09:34:54.100,3841.2000,3678,0,17308620.000,0,-,-,-,-,3840.2000,3839.4000,3839.0000,3838.0000,3835.0000,3842.4000,3842.6000,3842.8000,3843.2000,3843.8000,1,1,1,1,1,1,2,2,1,1
SF,IF2006,2019-11-27 09:34:55.100,3841.2000,3678,0,17308620.000,0,-,-,-,-,3840.2000,3839.4000,3839.0000,3838.0000,3835.0000,3842.4000,3842.6000,3842.8000,3843.2000,3843.8000,1,1,1,1,1,1,1,1,1,1
SF,IF2006,2019-11-27 09:34:55.600,3841.2000,3678,0,17308620.000,0,-,-,-,-,3840.2000,3839.4000,3839.0000,3838.0000,3835.0000,3842.2000,3842.4000,3842.8000,3843.2000,3843.8000,1,1,1,1,1,1,1,1,1,1
SF,IF2006,2019-11-27 09:34:56.100,3841.2000,3678,0,17308620.000,0,-,-,-,-,3840.2000,3839.4000,3839.0000,3838.0000,3835.0000,3842.2000,3842.8000,3843.2000,3843.8000,3844.2000,1,1,1,1,1,1,1,1,1,1
SF,IF2006,2019-11-27 09:34:56.600,3841.2000,3678,0,17308620.000,0,-,-,-,-,3839.4000,3839.0000,3838.0000,3835.0000,3834.6000,3842.2000,3842.8000,3843.2000,3843.8000,3844.2000,1,1,1,1,5,1,1,1,1,1
SF,IF2006,2019-11-27 09:34:57.100,3841.2000,3678,0,17308620.000,0,-,-,-,-,3840.0000,3839.6000,3839.4000,3839.0000,3838.0000,3842.2000,3842.8000,3843.2000,3843.8000,3844.2000,1,1,1,1,1,1,1,1,1,1
SF,IF2006,2019-11-27 09:34:57.600,3841.2000,3678,0,17308620.000,0,-,-,-,-,3840.0000,3839.4000,3839.0000,3838.0000,3835.0000,3842.2000,3842.8000,3843.2000,3843.8000,3844.2000,1,1,1,1,1,1,1,1,1,1
SF,IF2006,2019-11-27 09:34:58.100,3841.2000,3678,0,17308620.000,0,-,-,-,-,3840.0000,3839.4000,3839.0000,3838.0000,3835.0000,3841.8000,3842.2000,3842.8000,3843.2000,3843.8000,1,1,1,1,1,1,1,1,1,1
SF,IF2006,2019-11-27 09:34:59.100,3841.2000,3678,0,17308620.000,0,-,-,-,-,3840.0000,3839.4000,3839.0000,3838.0000,3835.0000,3841.8000,3842.2000,3842.8000,3843.2000,3843.8000,1,1,1,1,1,1,1,1,1,1
SF,IF2006,2019-11-27 09:34:59.600,3841.2000,3678,0,17308620.000,0,-,-,-,-,3840.0000,3839.4000,3839.0000,3838.0000,3835.0000,3842.2000,3842.8000,3843.2000,3843.8000,3844.2000,1,1,1,1,1,1,1,1,1,1
SF,IF2006,2019-11-27 09:35:00.100,3841.2000,3678,0,17308620.000,0,-,-,-,-,3840.0000,3839.4000,3839.0000,3838.0000,3835.0000,3842.8000,3843.2000,3843.8000,3844.2000,3844.4000,1,1,1,1,1,1,1,1,1,1
SF,IF2006,2019-11-27 09:35:00.600,3841.2000,3678,0,17308620.000,0,-,-,-,-,3840.0000,3839.4000,3839.0000,3838.0000,3835.0000,3842.6000,3842.8000,3843.2000,3843.8000,3844.2000,1,1,1,1,1,1,1,1,1,1
SF,IF2006,2019-11-27 09:35:03.600,3841.2000,3678,0,17308620.000,0,-,-,-,-,3840.0000,3839.4000,3839.0000,3838.0000,3835.0000,3842.4000,3842.6000,3842.8000,3843.2000,3843.8000,1,1,1,1,1,2,1,1,1,1
SF,IF2006,2019-11-27 09:35:04.100,3841.2000,3678,0,17308620.000,0,-,-,-,-,3840.0000,3839.4000,3839.0000,3838.0000,3835.0000,3842.2000,3842.4000,3842.8000,3843.2000,3843.8000,1,1,1,1,1,1,2,1,1,1
SF,IF2006,2019-11-27 09:35:04.600,3841.2000,3678,0,17308620.000,0,-,-,-,-,3839.4000,3839.0000,3838.0000,3835.0000,3834.6000,3841.8000,3842.0000,3842.2000,3842.4000,3842.8000,1,1,1,1,5,1,1,1,1,1
SF,IF2006,2019-11-27 09:35:05.100,3841.2000,3678,0,17308620.000,0,-,-,-,-,3839.6000,3839.4000,3839.0000,3838.0000,3835.0000,3841.6000,3841.8000,3842.0000,3842.4000,3842.8000,1,1,1,1,1,1,1,1,1,1
SF,IF2006,2019-11-27 09:35:06.100,3841.2000,3678,0,17308620.000,0,-,-,-,-,3839.6000,3839.4000,3839.0000,3838.0000,3835.0000,3841.6000,3842.0000,3842.4000,3842.8000,3843.2000,1,1,1,1,1,1,1,1,1,1
SF,IF2006,2019-11-27 09:35:07.100,3841.2000,3678,0,17308620.000,0,-,-,-,-,3839.6000,3839.4000,3839.0000,3838.0000,3835.0000,3841.6000,3842.4000,3842.8000,3843.2000,3843.8000,1,1,1,1,1,1,1,1,1,1
SF,IF2006,2019-11-27 09:35:07.600,3841.2000,3678,0,17308620.000,0,-,-,-,-,3839.6000,3839.4000,3839.0000,3838.0000,3835.0000,3842.4000,3842.8000,3843.2000,3843.8000,3844.2000,1,1,1,1,1,1,1,1,1,1
SF,IF2006,2019-11-27 09:35:08.100,3841.2000,3678,0,17308620.000,0,-,-,-,-,3839.8000,3839.6000,3839.4000,3839.0000,3838.0000,3842.4000,3842.8000,3843.2000,3843.8000,3844.2000,1,1,1,1,1,1,1,1,1,1
SF,IF2006,2019-11-27 09:35:09.100,3841.2000,3678,0,17308620.000,0,-,-,-,-,3839.8000,3839.6000,3839.4000,3839.0000,3838.0000,3842.8000,3843.2000,3843.8000,3844.2000,3845.4000,1,1,1,1,1,1,1,1,1,1
SF,IF2006,2019-11-27 09:35:09.600,3841.2000,3678,0,17308620.000,0,-,-,-,-,3839.8000,3839.6000,3839.4000,3839.0000,3838.0000,3843.2000,3843.8000,3844.2000,3845.4000,3847.2000,1,1,1,1,1,1,1,1,1,5
SF,IF2006,2019-11-27 09:35:10.100,3841.2000,3678,0,17308620.000,0,-,-,-,-,3839.8000,3839.6000,3839.4000,3839.0000,3838.0000,3843.0000,3843.2000,3843.8000,3844.2000,3845.4000,1,1,1,1,1,1,1,1,1,1
SF,IF2006,2019-11-27 09:35:13.100,3841.2000,3678,0,17308620.000,0,-,-,-,-,3839.8000,3839.6000,3839.4000,3839.0000,3838.0000,3843.0000,3843.2000,3843.8000,3844.2000,3845.4000,1,1,1,1,1,4,1,1,1,1
SF,IF2006,2019-11-27 09:35:13.600,3841.2000,3678,0,17308620.000,0,-,-,-,-,3839.8000,3839.6000,3839.4000,3839.0000,3838.0000,3843.0000,3843.8000,3844.2000,3845.4000,3847.2000,1,1,1,1,1,3,1,1,1,5
SF,IF2006,2019-11-27 09:35:14.100,3841.2000,3678,0,17308620.000,0,-,-,-,-,3840.0000,3839.8000,3839.6000,3839.4000,3839.0000,3843.0000,3843.8000,3844.2000,3845.4000,3847.2000,1,1,1,1,1,3,1,1,1,5
SF,IF2006,2019-11-27 09:35:14.600,3841.2000,3678,0,17308620.000,0,-,-,-,-,3840.2000,3840.0000,3839.4000,3839.0000,3838.0000,3843.0000,3843.8000,3844.2000,3845.4000,3847.2000,2,1,1,1,1,3,1,1,1,5
SF,IF2006,2019-11-27 09:35:15.100,3841.2000,3678,0,17308620.000,0,-,-,-,-,3841.6000,3840.2000,3840.0000,3839.4000,3839.0000,3843.0000,3843.8000,3844.2000,3845.4000,3847.2000,1,2,1,1,1,3,1,1,1,5
SF,IF2006,2019-11-27 09:35:15.600,3841.2000,3678,0,17308620.000,0,-,-,-,-,3841.6000,3839.4000,3839.0000,3838.0000,3835.0000,3843.0000,3843.8000,3844.2000,3845.4000,3847.2000,1,1,1,1,1,3,1,1,1,5
SF,IF2006,2019-11-27 09:35:18.600,3841.2000,3678,0,17308620.000,0,-,-,-,-,3841.6000,3839.4000,3839.0000,3838.0000,3835.0000,3843.0000,3843.8000,3844.2000,3845.4000,3847.2000,1,1,1,1,1,3,1,1,3,5
SF,IF2006,2019-11-27 09:35:19.600,3841.2000,3678,0,17308620.000,0,-,-,-,-,3841.6000,3839.4000,3839.0000,3838.0000,3835.0000,3843.0000,3843.8000,3844.2000,3845.4000,3847.2000,1,1,1,1,1,3,1,1,1,5
SF,IF2006,2019-11-27 09:35:20.600,3841.6000,3677,-1,18461100.000,1,0,1,双平,S,3839.4000,3839.0000,3838.0000,3835.0000,3834.6000,3843.0000,3843.8000,3844.2000,3845.4000,3847.2000,1,1,1,1,5,3,1,1,1,5
SF,IF2006,2019-11-27 09:35:21.100,3841.6000,3677,0,18461100.000,0,-,-,-,-,3840.6000,3839.6000,3839.0000,3838.0000,3835.0000,3843.0000,3843.8000,3844.2000,3845.4000,3847.2000,1,3,1,1,1,3,1,1,1,5
SF,IF2006,2019-11-27 09:35:21.600,3841.6000,3677,0,18461100.000,0,-,-,-,-,3840.6000,3839.6000,3839.0000,3838.0000,3835.0000,3842.8000,3843.0000,3843.8000,3844.2000,3845.4000,1,1,1,1,1,2,3,1,1,1
SF,IF2006,2019-11-27 09:35:22.100,3841.6000,3677,0,18461100.000,0,-,-,-,-,3840.6000,3839.6000,3839.0000,3838.0000,3835.0000,3842.8000,3843.0000,3843.8000,3844.2000,3845.4000,1,1,1,1,1,1,3,1,1,1
SF,IF2006,2019-11-27 09:35:22.600,3841.6000,3677,0,18461100.000,0,-,-,-,-,3840.6000,3839.6000,3839.0000,3838.0000,3835.0000,3842.6000,3842.8000,3843.0000,3843.8000,3844.2000,1,1,1,1,1,1,1,3,1,1
SF,IF2006,2019-11-27 09:35:23.100,3841.6000,3677,0,18461100.000,0,-,-,-,-,3840.6000,3839.6000,3839.0000,3838.0000,3835.0000,3843.0000,3843.8000,3844.2000,3845.4000,3847.2000,1,1,1,1,1,3,1,1,1,5
SF,IF2006,2019-11-27 09:35:36.600,3841.6000,3677,0,18461100.000,0,-,-,-,-,3840.6000,3839.6000,3839.0000,3838.0000,3835.0000,3843.0000,3843.8000,3844.2000,3845.4000,3847.2000,1,1,1,1,1,3,1,1,1,5
SF,IF2006,2019-11-27 09:35:37.100,3841.6000,3677,0,18461100.000,0,-,-,-,-,3840.6000,3839.6000,3839.0000,3838.0000,3835.0000,3842.8000,3843.0000,3843.8000,3844.2000,3845.4000,1,1,1,1,1,2,3,1,1,1
SF,IF2006,2019-11-27 09:35:37.600,3841.6000,3677,0,18461100.000,0,-,-,-,-,3840.6000,3839.6000,3839.0000,3838.0000,3835.0000,3842.8000,3843.0000,3843.8000,3844.2000,3845.4000,1,1,1,1,1,1,3,1,1,1
SF,IF2006,2019-11-27 09:35:38.100,3841.6000,3677,0,18461100.000,0,-,-,-,-,3840.6000,3839.6000,3839.0000,3838.0000,3835.0000,3842.6000,3842.8000,3843.0000,3843.8000,3844.2000,1,1,1,1,1,1,1,3,1,1
SF,IF2006,2019-11-27 09:35:38.600,3841.6000,3677,0,18461100.000,0,-,-,-,-,3839.6000,3839.0000,3838.0000,3835.0000,3834.6000,3842.4000,3843.0000,3843.8000,3844.2000,3845.4000,1,1,1,1,5,1,3,1,1,1
SF,IF2006,2019-11-27 09:35:39.100,3841.6000,3677,0,18461100.000,0,-,-,-,-,3840.0000,3839.8000,3839.6000,3839.0000,3838.0000,3842.2000,3842.4000,3843.0000,3843.8000,3844.2000,1,1,1,1,1,1,1,3,1,1
SF,IF2006,2019-11-27 09:35:39.600,3841.6000,3677,0,18461100.000,0,-,-,-,-,3840.0000,3839.6000,3839.0000,3838.0000,3835.0000,3843.0000,3843.8000,3844.2000,3845.4000,3847.2000,1,1,1,1,1,3,1,1,1,5
SF,IF2006,2019-11-27 09:35:40.100,3841.6000,3677,0,18461100.000,0,-,-,-,-,3840.0000,3839.6000,3839.0000,3838.0000,3835.0000,3842.6000,3842.8000,3843.0000,3843.8000,3844.2000,1,1,1,1,1,1,1,3,1,1
SF,IF2006,2019-11-27 09:35:40.600,3841.6000,3677,0,18461100.000,0,-,-,-,-,3840.0000,3839.6000,3839.0000,3838.0000,3835.0000,3842.4000,3843.0000,3843.8000,3844.2000,3845.4000,1,1,1,1,1,1,3,1,1,1
SF,IF2006,2019-11-27 09:35:41.100,3841.6000,3677,0,18461100.000,0,-,-,-,-,3840.0000,3839.6000,3839.0000,3838.0000,3835.0000,3842.2000,3842.4000,3843.0000,3843.8000,3844.2000,1,1,1,1,1,1,1,3,1,1
SF,IF2006,2019-11-27 09:35:41.600,3841.6000,3677,0,18461100.000,0,-,-,-,-,3840.0000,3839.6000,3839.0000,3838.0000,3835.0000,3843.0000,3843.8000,3844.2000,3845.4000,3847.2000,1,1,1,1,1,3,1,1,1,5
SF,IF2006,2019-11-27 09:35:42.100,3841.6000,3677,0,18461100.000,0,-,-,-,-,3840.0000,3839.6000,3839.0000,3838.0000,3835.0000,3842.4000,3842.8000,3843.0000,3843.8000,3844.2000,1,1,1,1,1,1,1,3,1,1
SF,IF2006,2019-11-27 09:35:42.600,3841.6000,3677,0,18461100.000,0,-,-,-,-,3840.0000,3839.6000,3839.0000,3838.0000,3835.0000,3843.0000,3843.8000,3844.2000,3845.4000,3847.2000,1,1,1,1,1,3,1,1,1,5
SF,IF2006,2019-11-27 09:35:43.100,3841.6000,3677,0,18461100.000,0,-,-,-,-,3840.0000,3839.6000,3839.0000,3838.0000,3835.0000,3842.6000,3842.8000,3843.0000,3843.8000,3844.2000,1,1,1,1,1,1,1,3,1,1
SF,IF2006,2019-11-27 09:35:51.100,3841.6000,3677,0,18461100.000,0,-,-,-,-,3840.0000,3839.6000,3839.0000,3838.0000,3835.0000,3842.6000,3842.8000,3843.0000,3843.8000,3844.2000,1,1,1,1,1,1,1,3,1,1
SF,IF2006,2019-11-27 09:35:51.600,3841.6000,3677,0,18461100.000,0,-,-,-,-,3840.2000,3840.0000,3839.6000,3839.0000,3838.0000,3843.0000,3843.8000,3844.2000,3845.4000,3847.2000,1,1,1,1,1,3,1,1,1,5
SF,IF2006,2019-11-27 09:35:52.100,3841.6000,3677,0,18461100.000,0,-,-,-,-,3840.2000,3840.0000,3839.6000,3839.0000,3838.0000,3842.8000,3843.0000,3843.8000,3844.2000,3845.4000,1,1,1,1,1,2,3,1,1,1
SF,IF2006,2019-11-27 09:35:52.600,3841.6000,3677,0,18461100.000,0,-,-,-,-,3840.2000,3840.0000,3839.6000,3839.0000,3838.0000,3842.8000,3843.0000,3843.8000,3844.2000,3845.4000,1,1,1,1,1,1,3,1,1,1
SF,IF2006,2019-11-27 09:35:53.100,3841.6000,3677,0,18461100.000,0,-,-,-,-,3840.2000,3840.0000,3839.6000,3839.0000,3838.0000,3842.8000,3843.0000,3843.8000,3844.2000,3845.4000,1,1,1,1,1,1,3,1,1,1
SF,IF2006,2019-11-27 09:35:53.600,3841.6000,3677,0,18461100.000,0,-,-,-,-,3840.2000,3840.0000,3839.6000,3839.0000,3838.0000,3842.6000,3842.8000,3843.0000,3843.8000,3844.2000,1,1,1,1,1,1,1,3,1,1
SF,IF2006,2019-11-27 09:35:54.100,3841.6000,3677,0,18461100.000,0,-,-,-,-,3840.2000,3840.0000,3839.6000,3839.0000,3838.0000,3842.6000,3843.0000,3843.8000,3844.2000,3845.4000,1,1,1,1,1,1,3,1,1,1
SF,IF2006,2019-11-27 09:35:56.600,3841.6000,3677,0,18461100.000,0,-,-,-,-,3840.2000,3840.0000,3839.6000,3839.0000,3838.0000,3843.0000,3843.8000,3844.2000,3845.4000,3847.2000,1,1,1,1,1,3,1,1,1,5
SF,IF2006,2019-11-27 09:35:57.100,3841.6000,3677,0,18461100.000,0,-,-,-,-,3840.2000,3840.0000,3839.6000,3839.0000,3838.0000,3842.8000,3843.0000,3843.8000,3844.2000,3845.4000,1,1,1,1,1,1,3,1,1,1
SF,IF2006,2019-11-27 09:36:01.100,3841.6000,3677,0,18461100.000,0,-,-,-,-,3840.2000,3840.0000,3839.6000,3839.0000,3838.0000,3842.6000,3842.8000,3843.0000,3843.8000,3844.2000,1,1,1,1,1,1,1,3,1,1
SF,IF2006,2019-11-27 09:36:01.600,3841.6000,3677,0,18461100.000,0,-,-,-,-,3839.6000,3839.0000,3838.0000,3835.0000,3834.6000,3842.2000,3842.4000,3842.6000,3843.0000,3843.8000,1,1,1,1,5,1,2,1,3,1
SF,IF2006,2019-11-27 09:36:02.100,3841.6000,3677,0,18461100.000,0,-,-,-,-,3839.0000,3838.0000,3835.0000,3834.6000,3831.6000,3842.0000,3842.2000,3842.6000,3843.0000,3843.8000,1,1,1,5,1,3,1,1,3,1
SF,IF2006,2019-11-27 09:36:02.600,3841.6000,3677,0,18461100.000,0,-,-,-,-,3839.0000,3838.0000,3835.0000,3834.6000,3831.6000,3842.0000,3842.6000,3843.0000,3843.8000,3844.2000,1,1,1,5,1,3,1,3,1,1
SF,IF2006,2019-11-27 09:36:03.100,3841.6000,3677,0,18461100.000,0,-,-,-,-,3839.0000,3838.0000,3835.0000,3834.6000,3831.6000,3841.8000,3842.0000,3842.6000,3843.0000,3843.8000,1,1,1,5,1,1,3,1,3,1
SF,IF2006,2019-11-27 09:36:03.600,3841.6000,3677,0,18461100.000,0,-,-,-,-,3839.0000,3838.0000,3835.0000,3834.6000,3831.6000,3841.6000,3841.8000,3842.0000,3842.6000,3843.0000,1,1,1,5,1,2,1,1,1,3
SF,IF2006,2019-11-27 09:36:04.100,3841.6000,3677,0,18461100.000,0,-,-,-,-,3839.0000,3838.0000,3835.0000,3834.6000,3831.6000,3841.6000,3842.0000,3842.6000,3843.0000,3843.8000,1,1,1,5,1,2,1,1,3,1
SF,IF2006,2019-11-27 09:36:04.600,3841.6000,3677,0,18461100.000,0,-,-,-,-,3839.0000,3838.0000,3835.0000,3834.6000,3831.6000,3841.4000,3841.6000,3842.0000,3842.6000,3843.0000,1,1,1,5,1,1,2,1,1,3
SF,IF2006,2019-11-27 09:36:05.100,3841.6000,3677,0,18461100.000,0,-,-,-,-,3839.0000,3838.0000,3835.0000,3834.6000,3831.6000,3841.2000,3841.4000,3842.6000,3843.0000,3843.8000,1,1,1,5,1,1,1,1,3,1
SF,IF2006,2019-11-27 09:36:13.100,3841.6000,3677,0,18461100.000,0,-,-,-,-,3839.0000,3838.0000,3835.0000,3834.6000,3831.6000,3841.2000,3841.4000,3842.6000,3843.0000,3843.8000,1,1,1,5,1,1,1,1,3,1
SF,IF2006,2019-11-27 09:36:13.600,3841.6000,3677,0,18461100.000,0,-,-,-,-,3839.2000,3839.0000,3838.0000,3835.0000,3834.6000,3841.2000,3842.6000,3843.0000,3843.8000,3844.2000,1,1,1,1,5,1,1,3,1,1
SF,IF2006,2019-11-27 09:36:14.100,3841.6000,3677,0,18461100.000,0,-,-,-,-,3839.6000,3839.2000,3839.0000,3838.0000,3835.0000,3841.2000,3842.6000,3843.0000,3843.8000,3844.2000,1,1,1,1,1,1,1,3,1,1
SF,IF2006,2019-11-27 09:36:14.600,3841.6000,3677,0,18461100.000,0,-,-,-,-,3839.6000,3839.0000,3838.0000,3835.0000,3834.6000,3841.2000,3842.6000,3843.0000,3843.8000,3844.2000,1,1,1,1,5,1,1,3,1,1
SF,IF2006,2019-11-27 09:36:18.600,3841.6000,3677,0,18461100.000,0,-,-,-,-,3839.8000,3839.6000,3839.0000,3838.0000,3835.0000,3841.2000,3842.6000,3843.0000,3843.8000,3844.2000,1,1,1,1,1,1,1,3,1,1
SF,IF2006,2019-11-27 09:36:19.100,3841.6000,3677,0,18461100.000,0,-,-,-,-,3839.8000,3839.0000,3838.0000,3835.0000,3834.6000,3841.2000,3842.6000,3843.0000,3843.8000,3844.2000,1,1,1,1,5,1,1,3,1,1
SF,IF2006,2019-11-27 09:36:19.600,3841.6000,3677,0,18461100.000,0,-,-,-,-,3839.8000,3839.0000,3838.0000,3835.0000,3834.6000,3841.0000,3841.2000,3842.6000,3843.0000,3843.8000,1,1,1,1,5,1,1,1,3,1
SF,IF2006,2019-11-27 09:36:20.100,3841.6000,3677,0,18461100.000,0,-,-,-,-,3839.8000,3839.0000,3838.0000,3835.0000,3834.6000,3841.0000,3842.6000,3843.0000,3843.8000,3844.2000,1,1,1,1,5,1,1,3,1,1
SF,IF2006,2019-11-27 09:36:21.600,3839.8000,3677,0,19613040.000,1,0,1,多换,S,3839.0000,3838.0000,3835.0000,3834.6000,3831.6000,3841.0000,3842.6000,3843.0000,3843.8000,3844.2000,1,1,1,5,1,1,1,3,1,1
SF,IF2006,2019-11-27 09:36:22.100,3839.8000,3677,0,19613040.000,0,-,-,-,-,3839.0000,3838.0000,3835.0000,3834.6000,3831.6000,3841.0000,3842.6000,3843.8000,3844.2000,3845.4000,1,1,1,5,1,1,1,1,1,1
SF,IF2006,2019-11-27 09:36:22.600,3839.8000,3677,0,19613040.000,0,-,-,-,-,3839.0000,3838.0000,3835.0000,3834.6000,3831.6000,3840.8000,3841.0000,3842.6000,3843.8000,3844.2000,1,1,1,5,1,1,1,1,1,1
SF,IF2006,2019-11-27 09:36:23.100,3839.8000,3677,0,19613040.000,0,-,-,-,-,3839.0000,3838.0000,3835.0000,3831.6000,3831.0000,3840.8000,3841.0000,3842.6000,3843.8000,3844.2000,1,1,1,1,2,1,1,1,1,1
SF,IF2006,2019-11-27 09:36:23.600,3839.8000,3677,0,19613040.000,0,-,-,-,-,3839.0000,3838.0000,3835.0000,3831.6000,3831.0000,3840.6000,3840.8000,3841.0000,3842.6000,3843.8000,1,1,1,1,2,1,1,1,1,1
SF,IF2006,2019-11-27 09:36:24.100,3839.8000,3677,0,19613040.000,0,-,-,-,-,3839.0000,3838.0000,3835.0000,3831.6000,3831.0000,3840.4000,3840.6000,3842.6000,3843.8000,3844.2000,1,1,1,1,2,1,1,1,1,1
SF,IF2006,2019-11-27 09:36:24.600,3839.0000,3677,0,20764740.000,1,0,1,多换,S,3838.0000,3835.0000,3831.6000,3831.0000,3830.4000,3840.2000,3840.4000,3842.6000,3843.8000,3845.4000,1,1,1,2,5,1,1,1,1,1
SF,IF2006,2019-11-27 09:36:25.100,3839.0000,3677,0,20764740.000,0,-,-,-,-,3838.0000,3835.0000,3831.6000,3831.0000,3830.4000,3840.0000,3840.2000,3842.6000,3843.8000,3845.4000,1,1,1,2,5,1,2,1,1,1
SF,IF2006,2019-11-27 09:36:26.100,3839.0000,3677,0,20764740.000,0,-,-,-,-,3838.0000,3835.0000,3831.6000,3831.0000,3830.4000,3840.0000,3840.2000,3842.6000,3843.8000,3845.4000,1,1,1,2,5,1,1,1,1,1
SF,IF2006,2019-11-27 09:36:26.600,3839.0000,3677,0,20764740.000,0,-,-,-,-,3838.0000,3835.0000,3831.6000,3831.0000,3830.4000,3839.8000,3840.0000,3840.2000,3842.6000,3843.8000,1,1,1,2,5,3,1,1,1,1
SF,IF2006,2019-11-27 09:36:27.100,3839.0000,3677,0,20764740.000,0,-,-,-,-,3838.0000,3835.0000,3831.6000,3831.0000,3830.4000,3839.6000,3839.8000,3842.6000,3843.8000,3845.4000,1,1,1,2,5,1,3,1,1,1
SF,IF2006,2019-11-27 09:36:27.600,3839.0000,3677,0,20764740.000,0,-,-,-,-,3838.0000,3835.0000,3831.6000,3831.0000,3830.4000,3839.4000,3839.6000,3839.8000,3842.6000,3843.8000,1,1,1,2,5,1,1,3,1,1
SF,IF2006,2019-11-27 09:36:28.100,3839.0000,3677,0,20764740.000,0,-,-,-,-,3838.0000,3835.0000,3831.6000,3831.0000,3830.4000,3839.4000,3839.8000,3842.6000,3843.8000,3845.4000,1,1,1,2,5,1,3,1,1,1
SF,IF2006,2019-11-27 09:36:28.600,3839.0000,3677,0,20764740.000,0,-,-,-,-,3838.0000,3835.0000,3831.6000,3831.0000,3830.4000,3839.4000,3842.6000,3843.8000,3845.4000,3847.2000,1,1,1,2,5,1,1,1,1,5
SF,IF2006,2019-11-27 09:36:29.100,3839.0000,3677,0,20764740.000,0,-,-,-,-,3838.0000,3835.0000,3831.6000,3831.0000,3830.4000,3839.2000,3839.4000,3842.6000,3843.8000,3845.4000,1,1,1,2,5,1,1,1,1,1
SF,IF2006,2019-11-27 09:36:31.100,3838.0000,3676,-1,21916140.000,1,0,1,双平,S,3835.0000,3831.6000,3831.0000,3830.4000,3830.2000,3839.2000,3839.4000,3842.6000,3843.8000,3845.4000,1,1,2,5,1,1,1,1,1,1
SF,IF2006,2019-11-27 09:36:31.600,3838.0000,3676,0,21916140.000,0,-,-,-,-,3835.6000,3835.2000,3835.0000,3831.6000,3831.0000,3839.2000,3839.4000,3842.6000,3843.8000,3845.4000,3,4,1,1,2,1,1,1,1,1
SF,IF2006,2019-11-27 09:36:32.100,3838.0000,3676,0,21916140.000,0,-,-,-,-,3835.8000,3835.6000,3835.2000,3835.0000,3831.6000,3839.2000,3839.4000,3842.6000,3843.8000,3845.4000,2,3,3,1,1,1,1,1,1,1
SF,IF2006,2019-11-27 09:36:32.600,3839.2000,3676,0,23067900.000,1,0,1,多换,S,3836.0000,3835.8000,3835.2000,3835.0000,3831.6000,3839.4000,3842.6000,3843.8000,3845.4000,3847.2000,2,2,3,1,1,1,1,1,1,5
SF,IF2006,2019-11-27 09:36:33.100,3839.2000,3676,0,23067900.000,0,-,-,-,-,3836.0000,3835.2000,3835.0000,3831.6000,3831.0000,3839.4000,3842.6000,3843.8000,3845.4000,3847.2000,2,3,1,1,2,1,1,1,1,5
SF,IF2006,2019-11-27 09:36:34.600,3839.2000,3676,0,23067900.000,0,-,-,-,-,3836.0000,3835.2000,3835.0000,3831.6000,3831.0000,3839.2000,3839.4000,3842.6000,3843.8000,3845.4000,2,3,1,1,2,1,1,1,1,1
SF,IF2006,2019-11-27 09:36:35.100,3839.2000,3676,0,23067900.000,0,-,-,-,-,3836.4000,3836.2000,3836.0000,3835.2000,3835.0000,3842.6000,3843.8000,3845.4000,3847.2000,3851.4000,1,4,2,3,1,1,1,1,5,1
SF,IF2006,2019-11-27 09:36:35.600,3839.2000,3676,0,23067900.000,0,-,-,-,-,3837.4000,3836.8000,3836.4000,3836.2000,3835.2000,3840.6000,3841.8000,3842.4000,3842.6000,3843.8000,1,3,1,4,3,1,1,2,1,1
SF,IF2006,2019-11-27 09:36:36.100,3839.2000,3676,0,23067900.000,0,-,-,-,-,3837.6000,3837.4000,3836.4000,3836.2000,3835.2000,3842.4000,3842.6000,3843.8000,3845.4000,3847.2000,2,1,1,3,3,2,1,1,1,5
SF,IF2006,2019-11-27 09:36:36.600,3839.2000,3676,0,23067900.000,0,-,-,-,-,3837.6000,3836.4000,3836.2000,3835.2000,3835.0000,3840.4000,3840.6000,3841.8000,3842.4000,3842.6000,2,1,3,3,1,1,1,3,2,1
SF,IF2006,2019-11-27 09:36:37.100,3839.2000,3676,0,23067900.000,0,-,-,-,-,3837.6000,3836.2000,3835.2000,3835.0000,3831.6000,3840.6000,3842.4000,3842.6000,3843.8000,3845.4000,2,3,3,1,1,1,2,1,1,1
SF,IF2006,2019-11-27 09:36:38.600,3839.2000,3676,0,23067900.000,0,-,-,-,-,3837.6000,3836.2000,3835.2000,3835.0000,3831.6000,3840.6000,3842.4000,3842.6000,3843.8000,3845.4000,3,3,3,1,1,1,2,1,1,1
SF,IF2006,2019-11-27 09:36:39.100,3839.2000,3676,0,23067900.000,0,-,-,-,-,3837.6000,3836.2000,3835.2000,3835.0000,3831.6000,3842.4000,3842.6000,3843.8000,3845.4000,3847.2000,3,3,3,1,1,2,1,1,1,5
SF,IF2006,2019-11-27 09:36:39.600,3839.2000,3676,0,23067900.000,0,-,-,-,-,3838.0000,3837.6000,3836.2000,3835.2000,3835.0000,3840.8000,3841.8000,3842.2000,3842.4000,3842.6000,1,2,3,3,1,1,3,1,2,1
SF,IF2006,2019-11-27 09:36:40.100,3839.2000,3676,0,23067900.000,0,-,-,-,-,3840.6000,3838.2000,3838.0000,3836.2000,3835.2000,3842.4000,3842.6000,3843.8000,3845.4000,3847.2000,1,1,1,3,3,2,1,1,1,5
SF,IF2006,2019-11-27 09:36:40.600,3840.6000,3675,-1,24220080.000,1,0,1,双平,S,3838.0000,3836.2000,3835.2000,3835.0000,3831.6000,3840.6000,3841.0000,3842.4000,3842.6000,3843.8000,1,3,3,1,1,2,1,2,1,1
SF,IF2006,2019-11-27 09:36:41.100,3840.6000,3675,0,24220080.000,0,-,-,-,-,3838.2000,3838.0000,3836.2000,3835.2000,3835.0000,3840.6000,3842.4000,3842.6000,3843.8000,3845.4000,3,1,3,3,1,2,2,1,1,1
SF,IF2006,2019-11-27 09:36:41.600,3840.6000,3675,0,24220080.000,0,-,-,-,-,3838.2000,3836.2000,3835.2000,3835.0000,3831.6000,3840.6000,3842.4000,3842.6000,3843.8000,3845.4000,3,3,3,1,1,2,2,1,1,1
SF,IF2006,2019-11-27 09:36:42.100,3840.6000,3675,0,24220080.000,0,-,-,-,-,3838.6000,3838.2000,3836.2000,3835.2000,3835.0000,3840.4000,3840.6000,3842.4000,3842.6000,3843.8000,1,3,3,3,1,1,2,2,1,1
SF,IF2006,2019-11-27 09:36:42.600,3840.6000,3675,0,24220080.000,0,-,-,-,-,3838.8000,3838.6000,3836.2000,3835.2000,3835.0000,3840.4000,3840.6000,3842.4000,3842.6000,3843.8000,2,1,3,3,1,1,1,2,1,1
SF,IF2006,2019-11-27 09:36:43.100,3840.6000,3675,0,24220080.000,0,-,-,-,-,3838.8000,3836.2000,3835.2000,3835.0000,3831.6000,3840.4000,3840.6000,3842.4000,3842.6000,3843.8000,2,3,3,1,1,1,2,2,1,1
SF,IF2006,2019-11-27 09:36:43.600,3840.6000,3675,0,24220080.000,0,-,-,-,-,3838.8000,3836.2000,3835.2000,3835.0000,3831.6000,3840.2000,3840.4000,3840.6000,3842.4000,3842.6000,2,3,3,1,1,1,1,2,1,1
SF,IF2006,2019-11-27 09:36:44.100,3840.6000,3675,0,24220080.000,0,-,-,-,-,3838.8000,3836.2000,3835.2000,3835.0000,3831.6000,3840.4000,3840.6000,3842.4000,3842.6000,3843.8000,2,3,3,1,1,1,2,1,1,1
SF,IF2006,2019-11-27 09:36:44.600,3840.6000,3675,0,24220080.000,0,-,-,-,-,3839.0000,3838.8000,3836.2000,3835.2000,3835.0000,3840.2000,3840.4000,3840.6000,3842.4000,3842.6000,1,2,3,3,1,1,1,2,1,1
SF,IF2006,2019-11-27 09:36:45.100,3839.2000,3674,-1,25371840.000,1,0,1,双平,S,3839.0000,3836.2000,3835.2000,3835.0000,3831.6000,3840.2000,3840.6000,3842.4000,3842.6000,3843.8000,1,3,3,1,1,1,1,1,1,1
SF,IF2006,2019-11-27 09:36:45.600,3839.0000,3674,0,26523540.000,1,0,1,多换,S,3836.2000,3835.2000,3835.0000,3831.6000,3831.0000,3840.6000,3842.4000,3842.6000,3843.8000,3845.4000,3,3,1,1,2,1,1,1,1,1
SF,IF2006,2019-11-27 09:36:46.100,3839.0000,3674,0,26523540.000,0,-,-,-,-,3837.4000,3837.2000,3836.8000,3836.2000,3835.2000,3840.0000,3840.4000,3840.6000,3842.4000,3842.6000,1,3,1,3,3,2,1,1,1,1
SF,IF2006,2019-11-27 09:36:46.600,3839.0000,3674,0,26523540.000,0,-,-,-,-,3837.6000,3837.4000,3836.2000,3835.2000,3835.0000,3840.0000,3840.6000,3842.4000,3842.6000,3843.8000,2,1,3,3,1,2,1,1,1,1
SF,IF2006,2019-11-27 09:36:47.100,3839.0000,3674,0,26523540.000,0,-,-,-,-,3837.6000,3836.2000,3835.2000,3835.0000,3831.6000,3839.8000,3840.0000,3840.6000,3842.4000,3842.6000,2,3,3,1,1,1,2,1,1,1
SF,IF2006,2019-11-27 09:36:47.600,3839.0000,3674,0,26523540.000,0,-,-,-,-,3838.0000,3837.6000,3836.2000,3835.2000,3831.6000,3839.8000,3840.0000,3840.6000,3842.4000,3842.6000,1,2,3,3,1,1,2,1,1,1
SF,IF2006,2019-11-27 09:36:48.100,3839.0000,3674,0,26523540.000,0,-,-,-,-,3838.0000,3836.2000,3835.2000,3831.6000,3831.0000,3839.8000,3840.0000,3840.6000,3842.4000,3842.6000,1,3,3,1,2,1,2,1,1,1
SF,IF2006,2019-11-27 09:36:48.600,3839.0000,3674,0,26523540.000,0,-,-,-,-,3835.2000,3831.6000,3831.0000,3830.4000,3830.2000,3839.6000,3839.8000,3840.6000,3842.4000,3842.6000,3,1,2,5,1,2,1,1,1,1
SF,IF2006,2019-11-27 09:36:49.100,3839.0000,3674,0,26523540.000,0,-,-,-,-,3837.0000,3835.4000,3835.2000,3831.6000,3831.0000,3839.6000,3840.6000,3842.4000,3842.6000,3843.8000,3,5,2,1,2,2,1,1,1,1
SF,IF2006,2019-11-27 09:36:49.600,3839.0000,3674,0,26523540.000,0,-,-,-,-,3837.4000,3837.0000,3835.4000,3835.2000,3831.6000,3839.6000,3840.6000,3842.4000,3842.6000,3843.8000,1,3,5,2,1,2,1,1,1,1
SF,IF2006,2019-11-27 09:36:50.100,3839.0000,3674,0,26523540.000,0,-,-,-,-,3837.6000,3837.4000,3835.4000,3835.2000,3831.6000,3839.4000,3839.6000,3840.6000,3842.4000,3842.6000,1,1,5,2,1,1,2,1,1,1
SF,IF2006,2019-11-27 09:36:50.600,3839.0000,3674,0,26523540.000,0,-,-,-,-,3837.6000,3837.4000,3835.4000,3835.2000,3831.6000,3839.6000,3840.6000,3842.4000,3842.6000,3843.8000,1,1,5,2,1,2,1,1,1,1
SF,IF2006,2019-11-27 09:36:51.100,3839.0000,3674,0,26523540.000,0,-,-,-,-,3837.6000,3837.4000,3835.4000,3835.2000,3831.6000,3839.4000,3839.6000,3840.6000,3842.4000,3842.6000,1,1,5,2,1,1,2,1,1,1
SF,IF2006,2019-11-27 09:36:51.600,3839.0000,3674,0,26523540.000,0,-,-,-,-,3837.6000,3837.4000,3835.4000,3835.2000,3831.6000,3839.6000,3840.6000,3842.4000,3842.6000,3843.8000,1,1,5,2,1,2,1,1,1,1
SF,IF2006,2019-11-27 09:36:52.100,3839.0000,3674,0,26523540.000,0,-,-,-,-,3837.6000,3837.4000,3835.4000,3835.2000,3831.6000,3839.4000,3840.6000,3842.4000,3842.6000,3843.8000,1,1,5,2,1,2,1,1,1,1
SF,IF2006,2019-11-27 09:36:53.100,3839.0000,3674,0,26523540.000,0,-,-,-,-,3837.6000,3837.4000,3835.4000,3835.2000,3831.6000,3840.6000,3842.4000,3842.6000,3843.8000,3845.4000,1,1,5,2,1,1,1,1,1,1
SF,IF2006,2019-11-27 09:36:53.600,3839.0000,3674,0,26523540.000,0,-,-,-,-,3837.6000,3837.4000,3835.4000,3835.2000,3831.6000,3840.2000,3840.6000,3842.4000,3842.6000,3843.8000,1,1,5,2,1,1,1,1,1,1
SF,IF2006,2019-11-27 09:36:54.100,3839.0000,3674,0,26523540.000,0,-,-,-,-,3837.6000,3837.4000,3835.4000,3835.2000,3831.6000,3840.6000,3842.4000,3842.6000,3843.8000,3845.4000,1,1,5,2,1,1,1,1,1,1
SF,IF2006,2019-11-27 09:36:54.600,3839.0000,3674,0,26523540.000,0,-,-,-,-,3837.6000,3837.4000,3835.4000,3835.2000,3831.6000,3840.0000,3840.4000,3840.6000,3842.4000,3842.6000,1,1,5,2,1,1,1,1,1,1
SF,IF2006,2019-11-27 09:36:55.100,3839.0000,3674,0,26523540.000,0,-,-,-,-,3837.6000,3837.4000,3835.4000,3835.2000,3831.6000,3840.2000,3840.6000,3842.4000,3842.6000,3843.8000,1,1,5,2,1,1,1,1,1,1
SF,IF2006,2019-11-27 09:36:55.600,3839.0000,3674,0,26523540.000,0,-,-,-,-,3837.6000,3837.4000,3835.4000,3835.2000,3831.6000,3839.8000,3840.2000,3840.6000,3842.4000,3842.6000,1,1,5,2,1,1,1,1,1,1
SF,IF2006,2019-11-27 09:36:56.100,3839.0000,3674,0,26523540.000,0,-,-,-,-,3837.6000,3837.4000,3835.4000,3835.2000,3831.6000,3840.2000,3840.6000,3842.4000,3842.6000,3843.8000,1,1,5,2,1,1,1,1,1,1
SF,IF2006,2019-11-27 09:36:56.600,3839.0000,3674,0,26523540.000,0,-,-,-,-,3837.6000,3837.4000,3835.4000,3835.2000,3831.6000,3839.8000,3840.2000,3840.6000,3842.4000,3842.6000,1,1,5,2,1,1,1,1,1,1
SF,IF2006,2019-11-27 09:36:57.100,3839.0000,3674,0,26523540.000,0,-,-,-,-,3837.6000,3837.4000,3835.4000,3835.2000,3831.6000,3839.6000,3840.6000,3842.4000,3842.6000,3843.8000,1,1,5,2,1,1,1,1,1,1
SF,IF2006,2019-11-27 09:36:57.600,3839.0000,3674,0,26523540.000,0,-,-,-,-,3837.6000,3837.4000,3835.4000,3835.2000,3831.6000,3839.6000,3840.6000,3842.4000,3842.6000,3843.8000,2,1,5,2,1,1,1,1,1,1
SF,IF2006,2019-11-27 09:36:58.100,3839.0000,3674,0,26523540.000,0,-,-,-,-,3837.6000,3835.4000,3835.2000,3831.6000,3831.0000,3839.6000,3840.6000,3842.4000,3842.6000,3843.8000,1,5,2,1,2,1,1,1,1,1
SF,IF2006,2019-11-27 09:36:58.600,3839.0000,3674,0,26523540.000,0,-,-,-,-,3838.0000,3837.6000,3835.4000,3835.2000,3831.6000,3839.6000,3840.6000,3842.4000,3842.6000,3843.8000,1,2,5,2,1,1,1,1,1,1
SF,IF2006,2019-11-27 09:36:59.100,3839.0000,3674,0,26523540.000,0,-,-,-,-,3838.2000,3838.0000,3835.4000,3835.2000,3831.6000,3840.6000,3842.4000,3842.6000,3843.8000,3845.4000,1,1,5,2,1,1,1,1,1,1
SF,IF2006,2019-11-27 09:36:59.600,3839.0000,3674,0,26523540.000,0,-,-,-,-,3838.2000,3838.0000,3835.4000,3835.2000,3831.6000,3840.0000,3840.6000,3842.4000,3842.6000,3843.8000,1,1,5,2,1,1,1,1,1,1
SF,IF2006,2019-11-27 09:37:00.100,3839.0000,3674,0,26523540.000,0,-,-,-,-,3838.2000,3838.0000,3835.4000,3835.2000,3831.6000,3840.0000,3840.6000,3842.4000,3842.6000,3843.8000,1,1,5,2,1,1,1,1,1,1
SF,IF2006,2019-11-27 09:37:00.600,3838.2000,3673,-1,27675000.000,1,0,1,双平,S,3838.0000,3835.4000,3835.2000,3831.6000,3831.0000,3839.8000,3840.6000,3842.4000,3842.6000,3843.8000,1,5,2,1,2,1,1,1,1,1
SF,IF2006,2019-11-27 09:37:01.100,3838.0000,3672,-1,28826400.000,1,0,1,双平,S,3835.4000,3835.2000,3831.6000,3831.0000,3830.4000,3839.6000,3839.8000,3840.6000,3842.4000,3842.6000,5,2,1,2,5,1,1,1,1,1
SF,IF2006,2019-11-27 09:37:01.600,3838.0000,3672,0,28826400.000,0,-,-,-,-,3836.4000,3835.4000,3835.2000,3831.6000,3831.0000,3839.2000,3839.6000,3839.8000,3840.6000,3842.4000,3,4,2,1,2,1,1,1,1,1
SF,IF2006,2019-11-27 09:37:02.100,3838.0000,3672,0,28826400.000,0,-,-,-,-,3836.4000,3835.4000,3835.2000,3831.6000,3831.0000,3839.2000,3839.8000,3840.6000,3842.4000,3842.6000,3,4,2,1,2,1,1,1,1,1
SF,IF2006,2019-11-27 09:37:02.600,3838.0000,3672,0,28826400.000,0,-,-,-,-,3836.6000,3836.4000,3835.4000,3835.2000,3831.6000,3839.2000,3839.8000,3840.6000,3842.4000,3842.6000,1,3,4,2,1,1,1,1,1,1
SF,IF2006,2019-11-27 09:37:03.100,3838.0000,3672,0,28826400.000,0,-,-,-,-,3836.8000,3836.6000,3835.4000,3835.2000,3831.6000,3839.8000,3840.6000,3842.4000,3842.6000,3843.8000,2,1,4,2,1,1,1,1,1,1
SF,IF2006,2019-11-27 09:37:03.600,3838.0000,3672,0,28826400.000,0,-,-,-,-,3836.8000,3836.6000,3835.4000,3835.2000,3831.6000,3839.6000,3839.8000,3840.6000,3842.4000,3842.6000,2,1,4,2,1,1,1,1,1,1
SF,IF2006,2019-11-27 09:37:04.100,3838.0000,3672,0,28826400.000,0,-,-,-,-,3836.8000,3836.6000,3835.4000,3835.2000,3831.6000,3839.6000,3839.8000,3840.6000,3842.4000,3842.6000,3,1,4,2,1,1,1,1,1,1
SF,IF2006,2019-11-27 09:37:05.100,3838.0000,3672,0,28826400.000,0,-,-,-,-,3836.8000,3836.6000,3835.4000,3835.2000,3831.6000,3839.6000,3839.8000,3840.6000,3842.4000,3842.6000,2,1,4,2,1,1,1,1,1,1
SF,IF2006,2019-11-27 09:37:05.600,3838.0000,3672,0,28826400.000,0,-,-,-,-,3836.8000,3836.6000,3835.4000,3835.2000,3831.6000,3839.4000,3839.6000,3839.8000,3840.6000,3842.4000,2,1,4,2,1,1,1,1,1,1
SF,IF2006,2019-11-27 09:37:07.600,3838.0000,3672,0,28826400.000,0,-,-,-,-,3836.8000,3836.6000,3835.4000,3835.2000,3831.6000,3839.6000,3839.8000,3840.6000,3842.4000,3842.6000,3,1,4,2,1,1,1,1,1,1
SF,IF2006,2019-11-27 09:37:10.100,3838.0000,3672,0,28826400.000,0,-,-,-,-,3837.6000,3836.8000,3836.6000,3835.4000,3835.2000,3839.6000,3839.8000,3840.6000,3842.4000,3842.6000,1,3,1,4,2,1,1,1,1,1
SF,IF2006,2019-11-27 09:37:10.600,3838.0000,3672,0,28826400.000,0,-,-,-,-,3837.8000,3837.6000,3837.0000,3836.8000,3836.6000,3840.6000,3842.4000,3842.6000,3843.8000,3845.0000,2,1,2,1,1,1,1,1,1,1
SF,IF2006,2019-11-27 09:37:11.100,3838.0000,3672,0,28826400.000,0,-,-,-,-,3837.8000,3837.6000,3837.0000,3836.8000,3836.6000,3840.4000,3840.6000,3842.4000,3842.6000,3843.8000,2,1,2,1,1,1,1,1,1,1
SF,IF2006,2019-11-27 09:37:11.600,3838.0000,3672,0,28826400.000,0,-,-,-,-,3838.0000,3837.8000,3837.6000,3837.0000,3836.8000,3840.6000,3842.4000,3842.6000,3843.8000,3845.0000,1,2,1,2,1,1,1,1,1,1
SF,IF2006,2019-11-27 09:37:12.100,3838.0000,3672,0,28826400.000,0,-,-,-,-,3838.2000,3838.0000,3837.6000,3837.0000,3836.8000,3840.6000,3842.4000,3842.6000,3843.8000,3845.0000,2,1,1,2,1,1,1,1,1,1
SF,IF2006,2019-11-27 09:37:12.600,3838.0000,3672,0,28826400.000,0,-,-,-,-,3838.2000,3838.0000,3837.6000,3837.0000,3836.8000,3840.6000,3842.6000,3843.8000,3845.0000,3845.4000,2,1,1,2,1,1,1,1,1,1
SF,IF2006,2019-11-27 09:37:13.600,3838.0000,3672,0,28826400.000,0,-,-,-,-,3838.6000,3838.2000,3838.0000,3837.6000,3837.0000,3840.6000,3842.6000,3843.8000,3845.0000,3845.4000,1,2,1,1,2,1,1,1,1,1
SF,IF2006,2019-11-27 09:37:14.100,3838.0000,3672,0,28826400.000,0,-,-,-,-,3838.8000,3838.6000,3838.0000,3837.6000,3837.0000,3840.6000,3842.6000,3843.8000,3845.0000,3845.4000,1,1,1,1,2,1,1,1,1,1
SF,IF2006,2019-11-27 09:37:14.600,3838.0000,3672,0,28826400.000,0,-,-,-,-,3838.8000,3838.6000,3838.0000,3837.6000,3837.0000,3840.6000,3842.6000,3843.8000,3845.0000,3845.4000,1,1,1,1,2,1,1,1,1,1
SF,IF2006,2019-11-27 09:37:17.100,3838.0000,3672,0,28826400.000,0,-,-,-,-,3838.8000,3837.6000,3837.0000,3836.8000,3835.4000,3840.6000,3842.6000,3843.8000,3845.0000,3845.4000,1,1,2,1,3,1,1,1,1,1
SF,IF2006,2019-11-27 09:37:17.600,3838.0000,3672,0,28826400.000,0,-,-,-,-,3838.8000,3837.6000,3837.0000,3836.8000,3835.4000,3840.4000,3840.6000,3842.6000,3843.8000,3845.0000,1,1,2,1,3,1,1,1,1,1
