市场代码,合约代码,时间,最新,持仓,增仓,成交额,成交量,开仓,平仓,成交类型,方向,买一价,买二价,买三价,买四价,买五价,卖一价,卖二价,卖三价,卖四价,卖五价,买一量,买二量,买三量,买四量,买五量,卖一量,卖二量,卖三量,卖四量,卖五量
SF,IF2006,2020-04-27 09:29:00.000,3739.8000,42153,0,12341340.000,11.000,-,-,-,-,3739.0000,3736.6000,3736.2000,3736.0000,3735.4000,3740.0000,3742.0000,3742.6000,3745.0000,3746.4000,1,1,1,1,1,11,2,1,4,1
SF,IF2006,2020-04-27 09:30:00.500,3739.8000,42145,-8,33660960.000,19,5,14,多平,S,3739.4000,3739.2000,3739.0000,3737.0000,3736.2000,3740.0000,3740.2000,3741.0000,3741.2000,3742.6000,5,6,2,1,1,1,1,5,1,1
SF,IF2006,2020-04-27 09:30:01.000,3740.0000,42144,-1,38149320.000,4,1,3,多平,S,3740.2000,3740.0000,3739.8000,3739.6000,3739.4000,3741.0000,3741.2000,3742.6000,3745.0000,3746.4000,5,7,2,11,5,4,1,1,5,1
SF,IF2006,2020-04-27 09:30:01.500,3745.0000,42135,-9,49373880.000,10,0,10,多平,S,3741.4000,3741.0000,3740.6000,3740.4000,3740.2000,3745.0000,3746.4000,3748.0000,3748.2000,3750.0000,2,1,6,10,6,4,1,1,1,3
SF,IF2006,2020-04-27 09:30:02.000,3742.0000,42134,-1,54988500.000,5,2,3,多平,S,3741.8000,3741.6000,3741.4000,3741.0000,3740.4000,3743.8000,3744.4000,3744.6000,3744.8000,3745.0000,11,12,4,6,2,1,1,1,2,4
SF,IF2006,2020-04-27 09:30:02.500,3742.0000,42134,0,54988500.000,0,-,-,-,-,3742.4000,3742.0000,3741.8000,3741.6000,3741.4000,3743.6000,3743.8000,3745.0000,3746.4000,3748.0000,5,11,11,5,1,2,1,4,1,1
SF,IF2006,2020-04-27 09:30:03.000,3743.6000,42133,-1,57234180.000,2,0,2,多平,S,3742.8000,3742.6000,3742.4000,3742.0000,3741.8000,3743.6000,3743.8000,3745.0000,3745.2000,3746.4000,4,15,6,2,5,1,1,4,1,1
SF,IF2006,2020-04-27 09:30:03.500,3742.8000,42132,-1,59479860.000,2,0,2,多平,S,3743.2000,3743.0000,3742.8000,3742.6000,3742.0000,3743.6000,3743.8000,3745.0000,3745.2000,3746.4000,1,6,4,2,2,1,1,4,1,1
SF,IF2006,2020-04-27 09:30:04.000,3743.4000,42127,-5,69587160.000,9,2,7,多平,S,3743.6000,3743.4000,3743.2000,3743.0000,3742.6000,3745.0000,3745.2000,3746.4000,3748.0000,3748.2000,1,6,4,2,2,4,1,1,1,1
SF,IF2006,2020-04-27 09:30:04.500,3744.0000,42125,-2,71833800.000,2,0,2,双平,S,3743.6000,3742.6000,3742.0000,3741.4000,3741.0000,3744.8000,3745.0000,3745.2000,3746.4000,3748.0000,1,2,1,1,3,2,4,3,1,1
SF,IF2006,2020-04-27 09:30:05.000,3744.6000,42122,-3,75203340.000,3,0,3,双平,S,3742.6000,3742.0000,3741.4000,3741.0000,3740.4000,3745.0000,3745.2000,3746.4000,3748.0000,3748.2000,2,1,1,4,2,4,3,1,1,1
SF,IF2006,2020-04-27 09:30:05.500,3744.0000,42120,-2,77449740.000,2,0,2,双平,S,3744.0000,3743.8000,3743.2000,3743.0000,3742.8000,3744.8000,3745.0000,3746.4000,3748.0000,3748.2000,4,2,1,4,3,2,4,1,1,1
SF,IF2006,2020-04-27 09:30:06.000,3744.0000,42116,-4,81942780.000,4,0,4,双平,S,3744.0000,3743.2000,3743.0000,3742.8000,3741.0000,3745.0000,3746.4000,3748.0000,3748.2000,3748.8000,2,1,1,1,4,4,1,1,1,1
SF,IF2006,2020-04-27 09:30:06.500,3744.0000,42116,0,83065980.000,1,0,1,多换,S,3744.0000,3743.2000,3743.0000,3742.8000,3741.0000,3745.0000,3746.4000,3748.0000,3748.2000,3748.8000,3,1,1,1,4,4,1,1,1,1
SF,IF2006,2020-04-27 09:30:07.000,3744.0000,42116,0,83065980.000,0,-,-,-,-,3744.8000,3744.0000,3743.2000,3743.0000,3742.8000,3745.0000,3746.4000,3748.0000,3748.2000,3748.8000,2,2,1,1,1,4,1,1,1,1
SF,IF2006,2020-04-27 09:30:07.500,3744.8000,42114,-2,86436360.000,3,0,3,多平,S,3744.0000,3743.2000,3743.0000,3742.8000,3741.0000,3744.8000,3745.0000,3746.4000,3748.0000,3748.2000,2,1,1,1,4,2,3,1,1,1
SF,IF2006,2020-04-27 09:30:08.000,3744.0000,42115,1,87559560.000,1,1,0,双开,S,3744.0000,3743.2000,3743.0000,3742.8000,3741.0000,3744.8000,3745.0000,3746.4000,3748.0000,3748.2000,1,1,1,1,4,3,3,1,1,1
SF,IF2006,2020-04-27 09:30:08.500,3744.0000,42115,0,87559560.000,0,-,-,-,-,3743.2000,3743.0000,3742.8000,3741.0000,3740.6000,3744.6000,3744.8000,3745.0000,3746.4000,3748.0000,1,1,1,4,1,1,2,4,1,1
SF,IF2006,2020-04-27 09:30:09.000,3744.6000,42113,-2,90928800.000,3,0,3,多平,S,3742.8000,3741.0000,3740.4000,3740.2000,3740.0000,3744.0000,3744.8000,3745.0000,3745.6000,3746.2000,1,4,2,5,8,1,2,4,1,1
SF,IF2006,2020-04-27 09:30:09.500,3744.6000,42113,0,90928800.000,0,-,-,-,-,3741.0000,3740.4000,3740.2000,3740.0000,3739.8000,3744.0000,3744.6000,3744.8000,3745.0000,3745.4000,4,2,5,8,1,1,1,2,4,1
SF,IF2006,2020-04-27 09:30:10.000,3744.6000,42113,0,90928800.000,0,-,-,-,-,3742.4000,3742.2000,3742.0000,3741.8000,3741.4000,3743.2000,3743.4000,3744.0000,3744.6000,3744.8000,1,5,6,2,5,3,1,2,1,2
SF,IF2006,2020-04-27 09:30:10.500,3742.6000,42112,-1,93174300.000,2,0,2,多平,S,3742.0000,3741.4000,3741.2000,3741.0000,3740.8000,3742.4000,3742.8000,3743.2000,3744.0000,3744.2000,5,3,3,4,1,1,1,3,3,1
SF,IF2006,2020-04-27 09:30:11.000,3743.2000,42108,-4,97665600.000,4,0,4,双平,S,3742.8000,3742.6000,3742.4000,3742.2000,3742.0000,3743.2000,3744.0000,3744.2000,3744.6000,3744.8000,1,1,1,10,5,2,3,1,1,2
SF,IF2006,2020-04-27 09:30:11.500,3743.2000,42106,-2,99911520.000,2,0,2,双平,S,3742.8000,3742.4000,3742.2000,3742.0000,3741.4000,3743.2000,3744.0000,3744.2000,3744.6000,3744.8000,1,1,5,5,1,1,3,1,2,2
SF,IF2006,2020-04-27 09:30:12.000,3743.2000,42104,-2,102157320.000,2,0,2,双平,S,3742.4000,3742.2000,3742.0000,3741.4000,3741.2000,3744.0000,3744.2000,3744.6000,3744.8000,3745.0000,1,3,5,1,2,3,1,2,2,6
SF,IF2006,2020-04-27 09:30:12.500,3742.4000,42103,-1,103280040.000,1,0,1,双平,S,3743.2000,3742.4000,3742.2000,3742.0000,3741.4000,3743.8000,3744.0000,3744.2000,3744.6000,3744.8000,1,2,2,5,1,2,3,1,2,2
SF,IF2006,2020-04-27 09:30:13.000,3743.2000,42102,-1,104403000.000,1,0,1,双平,S,3742.4000,3742.2000,3741.4000,3741.2000,3741.0000,3742.8000,3743.8000,3744.0000,3744.2000,3744.6000,2,2,1,2,3,1,1,5,1,2
SF,IF2006,2020-04-27 09:30:13.500,3742.8000,42101,-1,105525840.000,1,0,1,双平,S,3742.4000,3742.2000,3741.4000,3741.2000,3741.0000,3742.6000,3744.0000,3744.2000,3744.6000,3744.8000,2,2,1,2,3,1,3,1,2,3
SF,IF2006,2020-04-27 09:30:14.000,3742.6000,42101,0,106648620.000,1,0,1,多换,S,3742.6000,3742.4000,3742.2000,3741.4000,3741.2000,3743.6000,3744.0000,3744.2000,3744.6000,3744.8000,1,2,2,1,2,1,5,1,2,3
SF,IF2006,2020-04-27 09:30:14.500,3742.6000,42101,0,106648620.000,0,-,-,-,-,3742.6000,3742.2000,3741.4000,3741.2000,3741.0000,3743.2000,3743.4000,3743.6000,3744.0000,3744.2000,3,2,1,2,3,1,1,1,5,1
SF,IF2006,2020-04-27 09:30:15.000,3743.2000,42101,0,107771580.000,1,0,1,多换,S,3742.8000,3742.6000,3742.2000,3741.4000,3741.2000,3743.6000,3744.0000,3744.2000,3744.6000,3744.8000,3,1,2,1,2,1,5,1,2,3
SF,IF2006,2020-04-27 09:30:15.500,3743.0000,42100,-1,110017560.000,2,0,2,多平,S,3743.0000,3742.8000,3742.6000,3742.2000,3741.4000,3744.0000,3744.6000,3744.8000,3745.0000,3745.6000,1,2,1,2,1,5,1,3,8,2
SF,IF2006,2020-04-27 09:30:16.000,3743.0000,42100,0,110017560.000,0,-,-,-,-,3743.0000,3742.8000,3742.6000,3742.2000,3741.4000,3743.8000,3744.0000,3744.8000,3745.0000,3745.6000,2,2,1,1,1,1,5,3,8,2
SF,IF2006,2020-04-27 09:30:16.500,3743.2000,42098,-2,112263660.000,2,0,2,双平,S,3743.6000,3743.0000,3742.8000,3742.6000,3742.2000,3744.0000,3744.8000,3745.0000,3745.6000,3746.2000,1,2,2,1,1,5,3,8,2,1
SF,IF2006,2020-04-27 09:30:17.000,3743.2000,42098,0,112263660.000,0,-,-,-,-,3743.8000,3743.6000,3743.0000,3742.8000,3742.6000,3744.0000,3744.8000,3745.0000,3745.6000,3746.2000,3,2,1,2,1,5,3,8,2,1
SF,IF2006,2020-04-27 09:30:17.500,3743.8000,42095,-3,115633140.000,3,0,3,双平,S,3743.8000,3743.6000,3743.0000,3742.8000,3742.6000,3744.0000,3744.8000,3745.0000,3745.6000,3746.2000,1,2,1,2,1,4,3,8,3,1
SF,IF2006,2020-04-27 09:30:18.000,3743.6000,42093,-2,119002560.000,3,0,3,多平,S,3743.6000,3742.8000,3742.6000,3741.4000,3741.2000,3744.0000,3744.8000,3745.0000,3745.6000,3746.2000,1,2,1,1,2,3,3,9,2,1
SF,IF2006,2020-04-27 09:30:18.500,3743.6000,42091,-2,121248720.000,2,0,2,双平,S,3742.8000,3742.6000,3741.4000,3741.2000,3741.0000,3744.0000,3744.6000,3744.8000,3745.0000,3745.6000,2,1,1,2,3,3,1,3,9,2
SF,IF2006,2020-04-27 09:30:19.000,3743.8000,42091,0,122371860.000,1,0,1,多换,S,3743.4000,3743.2000,3743.0000,3742.8000,3742.6000,3744.0000,3744.6000,3744.8000,3745.0000,3745.6000,6,7,7,2,1,3,1,3,9,2
SF,IF2006,2020-04-27 09:30:19.500,3744.0000,42088,-3,125741460.000,3,0,3,双平,S,3744.0000,3743.8000,3743.6000,3743.4000,3743.2000,3744.6000,3744.8000,3745.0000,3745.6000,3746.2000,3,5,2,5,7,2,3,9,2,1
SF,IF2006,2020-04-27 09:30:20.000,3744.0000,42088,0,125741460.000,0,-,-,-,-,3744.0000,3743.8000,3743.6000,3743.4000,3743.2000,3744.4000,3744.6000,3744.8000,3745.0000,3745.6000,1,5,2,5,7,1,2,3,9,2
SF,IF2006,2020-04-27 09:30:20.500,3744.0000,42082,-6,132480420.000,6,0,6,双平,S,3743.6000,3743.0000,3742.8000,3741.2000,3741.0000,3744.4000,3744.6000,3744.8000,3745.0000,3745.6000,1,1,2,1,3,1,2,3,9,2
SF,IF2006,2020-04-27 09:30:21.000,3744.2000,42080,-2,134726940.000,2,0,2,双平,S,3743.6000,3742.8000,3741.2000,3741.0000,3740.8000,3744.0000,3744.4000,3744.6000,3744.8000,3745.0000,1,2,1,3,1,1,3,2,3,9
SF,IF2006,2020-04-27 09:30:21.500,3744.0000,42079,-1,135850140.000,1,0,1,双平,S,3743.6000,3742.8000,3741.2000,3741.0000,3740.8000,3744.0000,3744.4000,3744.6000,3744.8000,3745.0000,1,2,1,3,1,1,2,2,3,9
SF,IF2006,2020-04-27 09:30:22.000,3744.0000,42079,0,135850140.000,0,-,-,-,-,3743.6000,3742.8000,3741.2000,3741.0000,3740.8000,3744.0000,3744.4000,3744.6000,3744.8000,3745.0000,1,2,1,3,1,1,2,2,3,9
SF,IF2006,2020-04-27 09:30:22.500,3744.0000,42079,0,136973340.000,1,0,1,多换,S,3743.6000,3742.8000,3741.2000,3741.0000,3740.8000,3744.4000,3744.6000,3744.8000,3745.0000,3745.6000,1,2,1,3,1,2,2,3,9,2
SF,IF2006,2020-04-27 09:30:23.000,3743.6000,42078,-1,138096420.000,1,0,1,双平,S,3743.6000,3742.8000,3741.2000,3741.0000,3740.8000,3744.0000,3744.4000,3744.6000,3744.8000,3745.0000,1,2,1,3,1,10,1,2,3,9
SF,IF2006,2020-04-27 09:30:23.500,3744.0000,42079,1,140342820.000,2,1,1,空开,S,3743.6000,3742.8000,3741.2000,3741.0000,3740.8000,3744.0000,3744.4000,3744.6000,3744.8000,3745.0000,1,2,1,3,1,8,1,2,3,9
SF,IF2006,2020-04-27 09:30:24.000,3744.0000,42080,1,141466020.000,1,1,0,双开,S,3743.6000,3742.8000,3741.2000,3741.0000,3740.8000,3744.0000,3744.4000,3744.6000,3744.8000,3745.0000,1,2,1,3,1,7,1,2,3,9
SF,IF2006,2020-04-27 09:30:24.500,3743.6000,42078,-2,143712180.000,2,0,2,双平,S,3742.8000,3741.2000,3741.0000,3740.8000,3740.4000,3744.0000,3744.4000,3744.6000,3744.8000,3745.0000,2,1,3,1,2,7,1,2,3,9
SF,IF2006,2020-04-27 09:30:25.000,3743.6000,42078,0,143712180.000,0,-,-,-,-,3743.6000,3743.2000,3743.0000,3742.8000,3741.2000,3743.8000,3744.0000,3744.4000,3744.6000,3744.8000,5,2,9,2,1,1,7,1,2,3
SF,IF2006,2020-04-27 09:30:25.500,3744.0000,42077,-1,145958520.000,2,0,2,多平,S,3743.8000,3743.0000,3742.8000,3741.2000,3741.0000,3744.0000,3744.4000,3744.6000,3744.8000,3745.0000,2,7,2,1,3,6,1,2,3,9
SF,IF2006,2020-04-27 09:30:26.000,3744.0000,42077,0,145958520.000,0,-,-,-,-,3743.8000,3743.0000,3742.8000,3741.2000,3741.0000,3744.0000,3744.4000,3744.6000,3744.8000,3745.0000,2,7,2,1,3,6,1,2,3,9
SF,IF2006,2020-04-27 09:30:26.500,3744.0000,42077,0,151574460.000,5,2,3,多换,S,3743.8000,3743.0000,3741.2000,3741.0000,3740.8000,3744.0000,3744.4000,3744.6000,3744.8000,3745.0000,1,6,1,3,1,2,1,2,3,9
SF,IF2006,2020-04-27 09:30:27.000,3744.0000,42077,0,152697660.000,1,0,1,多换,S,3743.8000,3743.0000,3741.2000,3741.0000,3740.8000,3744.0000,3744.6000,3744.8000,3745.0000,3745.6000,1,6,1,3,1,2,2,3,9,2
SF,IF2006,2020-04-27 09:30:27.500,3744.0000,42077,0,152697660.000,0,-,-,-,-,3743.8000,3743.0000,3741.2000,3741.0000,3740.8000,3744.0000,3744.6000,3744.8000,3745.0000,3745.6000,1,6,1,3,1,2,2,3,9,2
SF,IF2006,2020-04-27 09:30:28.000,3744.0000,42076,-1,154944000.000,2,0,2,多平,S,3743.0000,3741.2000,3741.0000,3740.8000,3740.4000,3744.0000,3744.6000,3744.8000,3745.0000,3745.6000,7,1,3,1,2,1,2,3,9,2
SF,IF2006,2020-04-27 09:30:28.500,3744.0000,42076,0,154944000.000,0,-,-,-,-,3743.2000,3743.0000,3741.2000,3741.0000,3740.8000,3743.8000,3744.0000,3744.6000,3744.8000,3745.0000,6,7,1,3,1,1,1,2,3,9
SF,IF2006,2020-04-27 09:30:29.000,3744.0000,42076,0,154944000.000,0,-,-,-,-,3743.0000,3741.2000,3741.0000,3740.8000,3740.4000,3743.8000,3744.0000,3744.6000,3744.8000,3745.0000,2,1,3,1,2,4,1,2,3,9
SF,IF2006,2020-04-27 09:30:29.500,3743.8000,42075,-1,156067140.000,1,0,1,双平,S,3743.0000,3741.2000,3741.0000,3740.8000,3740.4000,3743.8000,3744.0000,3744.6000,3744.8000,3745.0000,2,1,3,1,2,5,1,2,3,9
SF,IF2006,2020-04-27 09:30:30.000,3743.8000,42075,0,157190280.000,1,0,1,多换,S,3743.0000,3742.0000,3741.2000,3741.0000,3740.8000,3743.8000,3744.0000,3744.6000,3744.8000,3745.0000,2,1,1,3,1,4,1,2,3,9
SF,IF2006,2020-04-27 09:30:30.500,3743.8000,42075,0,157190280.000,0,-,-,-,-,3743.0000,3742.0000,3741.2000,3741.0000,3740.8000,3743.6000,3743.8000,3744.0000,3744.6000,3744.8000,1,1,1,3,1,1,4,2,2,3
SF,IF2006,2020-04-27 09:30:31.000,3743.0000,42075,0,158313180.000,1,0,1,多换,S,3743.0000,3742.0000,3741.2000,3741.0000,3740.8000,3743.8000,3744.0000,3744.6000,3744.8000,3745.0000,1,1,1,3,1,4,2,2,3,9
SF,IF2006,2020-04-27 09:30:31.500,3743.0000,42075,0,158313180.000,0,-,-,-,-,3742.0000,3741.2000,3741.0000,3740.8000,3740.4000,3743.0000,3743.8000,3744.0000,3744.6000,3744.8000,1,1,3,1,2,1,4,2,2,3
SF,IF2006,2020-04-27 09:30:32.000,3743.0000,42074,-1,160558980.000,2,0,2,多平,S,3743.2000,3743.0000,3742.8000,3742.4000,3742.2000,3743.8000,3744.0000,3744.6000,3744.8000,3745.0000,1,6,5,4,5,5,2,2,3,7
SF,IF2006,2020-04-27 09:30:32.500,3743.0000,42074,0,160558980.000,0,-,-,-,-,3743.2000,3743.0000,3742.8000,3742.4000,3742.2000,3743.8000,3744.0000,3744.6000,3744.8000,3745.0000,1,6,5,2,2,5,2,2,3,7
SF,IF2006,2020-04-27 09:30:33.000,3743.2000,42074,0,161681940.000,1,0,1,多换,S,3743.0000,3742.8000,3742.4000,3742.2000,3742.0000,3743.8000,3744.0000,3744.6000,3744.8000,3745.0000,5,5,2,2,2,5,2,2,3,7
SF,IF2006,2020-04-27 09:30:33.500,3743.8000,42072,-2,163928220.000,2,0,2,双平,S,3743.0000,3742.8000,3742.4000,3742.2000,3742.0000,3743.8000,3744.0000,3744.6000,3744.8000,3745.0000,5,6,2,2,2,3,2,2,3,7
SF,IF2006,2020-04-27 09:30:34.000,3743.8000,42072,0,163928220.000,0,-,-,-,-,3743.2000,3743.0000,3742.8000,3742.4000,3742.2000,3743.8000,3744.0000,3744.6000,3744.8000,3745.0000,7,5,6,2,2,3,2,2,3,7
SF,IF2006,2020-04-27 09:30:34.500,3743.8000,42072,0,163928220.000,0,-,-,-,-,3743.2000,3743.0000,3742.8000,3742.4000,3742.2000,3743.8000,3744.0000,3744.6000,3744.8000,3745.0000,7,5,6,2,2,3,2,2,3,7
SF,IF2006,2020-04-27 09:30:35.000,3743.8000,42072,0,163928220.000,0,-,-,-,-,3743.4000,3743.2000,3743.0000,3742.8000,3742.4000,3743.8000,3744.0000,3744.6000,3744.8000,3745.0000,1,1,5,6,2,3,2,2,3,7
SF,IF2006,2020-04-27 09:30:35.500,3743.8000,42072,0,163928220.000,0,-,-,-,-,3743.4000,3743.0000,3742.8000,3742.4000,3742.2000,3743.8000,3744.0000,3744.6000,3744.8000,3745.0000,1,5,6,2,1,4,2,2,3,7
SF,IF2006,2020-04-27 09:30:36.000,3743.8000,42072,0,163928220.000,0,-,-,-,-,3743.4000,3743.0000,3742.8000,3742.4000,3742.2000,3743.8000,3744.0000,3744.6000,3744.8000,3745.0000,1,5,6,2,1,4,2,2,3,7
SF,IF2006,2020-04-27 09:30:36.500,3743.8000,42071,-1,165051360.000,1,0,1,双平,S,3743.4000,3743.0000,3742.8000,3742.4000,3742.2000,3743.8000,3744.0000,3744.6000,3744.8000,3745.0000,1,5,6,2,1,3,2,2,3,7
SF,IF2006,2020-04-27 09:30:37.000,3743.4000,42070,-1,166174380.000,1,0,1,双平,S,3743.0000,3742.8000,3742.4000,3742.2000,3742.0000,3743.2000,3743.8000,3744.0000,3744.6000,3744.8000,5,6,2,1,1,1,3,2,2,3
SF,IF2006,2020-04-27 09:30:37.500,3743.2000,42069,-1,168420300.000,2,0,2,多平,S,3743.4000,3743.2000,3743.0000,3742.8000,3742.4000,3743.8000,3744.0000,3744.6000,3744.8000,3745.0000,1,5,5,6,2,3,2,2,3,7
SF,IF2006,2020-04-27 09:30:38.000,3743.8000,42069,0,171789720.000,3,1,2,多换,S,3742.8000,3742.2000,3742.0000,3741.2000,3741.0000,3744.0000,3744.6000,3744.8000,3745.0000,3745.6000,6,1,1,1,3,6,2,3,7,2
SF,IF2006,2020-04-27 09:30:38.500,3743.8000,42069,0,171789720.000,0,-,-,-,-,3743.0000,3742.8000,3742.2000,3742.0000,3741.2000,3743.4000,3744.0000,3744.6000,3744.8000,3745.0000,1,6,1,1,1,10,6,2,3,7
SF,IF2006,2020-04-27 09:30:39.000,3743.8000,42069,0,171789720.000,0,-,-,-,-,3742.8000,3742.2000,3742.0000,3741.2000,3741.0000,3743.0000,3743.4000,3744.0000,3744.6000,3744.8000,6,1,1,1,3,1,10,6,2,3
SF,IF2006,2020-04-27 09:30:39.500,3743.0000,42069,0,172912620.000,1,0,1,多换,S,3743.2000,3743.0000,3742.8000,3742.2000,3742.0000,3743.4000,3744.0000,3744.6000,3744.8000,3745.0000,1,8,6,1,1,30,6,2,3,7
SF,IF2006,2020-04-27 09:30:40.000,3743.2000,42068,-1,174035580.000,1,0,1,双平,S,3743.0000,3742.8000,3742.2000,3742.0000,3741.2000,3743.4000,3744.0000,3744.6000,3744.8000,3745.0000,6,6,1,1,1,30,6,2,2,7
SF,IF2006,2020-04-27 09:30:40.500,3743.2000,42068,0,174035580.000,0,-,-,-,-,3743.2000,3743.0000,3742.8000,3742.2000,3742.0000,3743.4000,3744.0000,3744.6000,3744.8000,3745.0000,4,5,6,1,1,30,7,2,2,7
SF,IF2006,2020-04-27 09:30:41.000,3743.2000,42067,-1,175158540.000,1,0,1,双平,S,3743.2000,3743.0000,3742.8000,3742.2000,3742.0000,3743.4000,3744.0000,3744.6000,3744.8000,3745.0000,4,5,6,1,1,30,7,2,2,7
SF,IF2006,2020-04-27 09:30:41.500,3743.4000,42054,-13,190880520.000,14,0,14,多平,S,3743.0000,3742.8000,3742.2000,3742.0000,3741.2000,3743.2000,3743.4000,3744.0000,3744.6000,3744.8000,5,6,1,1,1,1,21,7,2,2
SF,IF2006,2020-04-27 09:30:42.000,3743.2000,42051,-3,194249280.000,3,0,3,双平,S,3743.2000,3742.8000,3742.0000,3741.2000,3741.0000,3743.4000,3744.0000,3744.6000,3744.8000,3745.0000,5,1,1,1,3,21,7,2,2,7
SF,IF2006,2020-04-27 09:30:42.500,3742.8000,42045,-6,200986920.000,6,0,6,双平,S,3742.0000,3741.2000,3741.0000,3740.8000,3740.4000,3743.2000,3743.4000,3744.0000,3744.6000,3744.8000,1,1,3,1,2,1,21,7,2,2
SF,IF2006,2020-04-27 09:30:43.000,3742.8000,42045,0,200986920.000,0,-,-,-,-,3742.0000,3741.0000,3740.4000,3740.2000,3740.0000,3743.2000,3743.4000,3744.0000,3744.6000,3744.8000,1,3,2,5,7,1,21,7,2,2
SF,IF2006,2020-04-27 09:30:43.500,3742.8000,42045,0,200986920.000,0,-,-,-,-,3742.0000,3741.0000,3740.4000,3740.2000,3740.0000,3743.2000,3743.4000,3744.0000,3744.6000,3744.8000,1,3,2,5,7,2,21,7,2,2
SF,IF2006,2020-04-27 09:30:44.000,3742.8000,42045,0,200986920.000,0,-,-,-,-,3742.0000,3741.0000,3740.2000,3740.0000,3739.8000,3743.0000,3743.2000,3743.4000,3744.0000,3744.6000,1,3,5,7,1,1,2,21,7,2
SF,IF2006,2020-04-27 09:30:44.500,3742.8000,42045,0,200986920.000,0,-,-,-,-,3742.0000,3741.0000,3740.2000,3740.0000,3739.8000,3743.0000,3743.2000,3743.4000,3744.0000,3744.6000,1,3,5,7,1,1,3,21,7,2
SF,IF2006,2020-04-27 09:30:45.000,3743.0000,42045,0,202109820.000,1,0,1,多换,S,3742.0000,3741.0000,3740.2000,3740.0000,3739.8000,3743.2000,3743.4000,3744.0000,3744.6000,3744.8000,2,3,5,7,1,2,21,7,2,2
SF,IF2006,2020-04-27 09:30:45.500,3743.0000,42045,0,202109820.000,0,-,-,-,-,3742.2000,3742.0000,3741.0000,3740.2000,3740.0000,3743.2000,3743.4000,3744.0000,3744.6000,3744.8000,1,2,3,5,7,3,21,7,2,2
SF,IF2006,2020-04-27 09:30:46.000,3743.0000,42045,0,202109820.000,0,-,-,-,-,3742.0000,3741.0000,3740.2000,3740.0000,3739.8000,3743.2000,3743.4000,3744.0000,3744.6000,3744.8000,2,3,5,7,1,3,21,7,2,2
SF,IF2006,2020-04-27 09:30:46.500,3742.2000,42045,0,203232480.000,1,0,1,多换,S,3742.2000,3742.0000,3741.0000,3740.2000,3740.0000,3743.2000,3743.4000,3744.0000,3744.6000,3744.8000,1,3,3,5,7,3,21,7,2,2
SF,IF2006,2020-04-27 09:30:47.000,3742.2000,42045,0,203232480.000,0,-,-,-,-,3742.4000,3742.2000,3742.0000,3741.0000,3740.2000,3743.2000,3743.4000,3744.0000,3744.6000,3744.8000,1,1,1,3,5,3,21,6,2,2
SF,IF2006,2020-04-27 09:30:47.500,3742.2000,42045,0,203232480.000,0,-,-,-,-,3742.0000,3741.0000,3740.2000,3740.0000,3739.8000,3743.2000,3743.4000,3744.0000,3744.6000,3744.8000,1,3,5,7,1,4,21,6,2,2
SF,IF2006,2020-04-27 09:30:48.000,3742.2000,42045,0,203232480.000,0,-,-,-,-,3742.2000,3742.0000,3741.0000,3740.2000,3740.0000,3743.2000,3743.4000,3744.0000,3744.6000,3744.8000,2,1,3,5,7,4,21,6,2,2
SF,IF2006,2020-04-27 09:30:48.500,3742.2000,42045,0,203232480.000,0,-,-,-,-,3742.2000,3742.0000,3741.0000,3740.2000,3740.0000,3743.2000,3743.4000,3744.0000,3744.6000,3744.8000,2,1,3,5,7,4,21,6,2,2
SF,IF2006,2020-04-27 09:30:49.000,3742.2000,42045,0,203232480.000,0,-,-,-,-,3742.2000,3742.0000,3741.0000,3740.2000,3740.0000,3743.2000,3743.4000,3744.0000,3744.6000,3744.8000,2,1,3,5,7,4,21,6,2,1
SF,IF2006,2020-04-27 09:30:49.500,3742.2000,42045,0,204355140.000,1,0,1,多换,S,3742.2000,3742.0000,3741.0000,3740.2000,3740.0000,3743.0000,3743.2000,3743.4000,3744.0000,3744.6000,1,1,3,5,7,2,4,21,6,2
SF,IF2006,2020-04-27 09:30:50.000,3742.2000,42045,0,204355140.000,0,-,-,-,-,3742.2000,3742.0000,3741.0000,3740.2000,3740.0000,3743.0000,3743.2000,3743.4000,3744.0000,3744.6000,1,1,3,5,7,5,3,21,6,2
SF,IF2006,2020-04-27 09:30:50.500,3742.0000,42044,-1,206600400.000,2,0,2,多平,S,3741.0000,3740.2000,3740.0000,3739.8000,3739.6000,3743.0000,3743.2000,3743.4000,3744.0000,3744.6000,3,5,7,1,3,5,3,21,6,1
SF,IF2006,2020-04-27 09:30:51.000,3742.0000,42044,0,206600400.000,0,-,-,-,-,3741.4000,3741.2000,3741.0000,3740.2000,3740.0000,3742.8000,3743.0000,3743.2000,3743.4000,3744.0000,4,5,3,5,7,3,4,3,21,6
SF,IF2006,2020-04-27 09:30:51.500,3742.0000,42044,0,206600400.000,0,-,-,-,-,3741.6000,3741.4000,3741.2000,3741.0000,3740.2000,3742.8000,3743.0000,3743.2000,3743.4000,3744.0000,1,2,4,3,5,3,2,3,21,6
SF,IF2006,2020-04-27 09:30:52.000,3742.0000,42044,0,206600400.000,0,-,-,-,-,3741.8000,3741.2000,3741.0000,3740.2000,3740.0000,3742.6000,3742.8000,3743.0000,3743.2000,3743.4000,2,4,3,5,7,1,1,2,3,21
SF,IF2006,2020-04-27 09:30:52.500,3741.2000,42044,0,207722760.000,1,0,1,多换,S,3741.2000,3741.0000,3740.2000,3740.0000,3739.8000,3742.6000,3743.0000,3743.2000,3743.4000,3744.0000,2,3,5,7,1,1,2,3,21,6
SF,IF2006,2020-04-27 09:30:53.000,3741.2000,42044,0,207722760.000,0,-,-,-,-,3741.6000,3741.4000,3741.2000,3741.0000,3740.2000,3742.6000,3743.0000,3743.2000,3743.4000,3744.0000,9,2,3,3,5,1,2,3,21,6
SF,IF2006,2020-04-27 09:30:53.500,3741.4000,42044,0,208845180.000,1,0,1,多换,S,3741.6000,3741.4000,3741.2000,3741.0000,3740.2000,3742.6000,3743.0000,3743.2000,3743.4000,3744.0000,1,1,3,3,5,1,2,3,21,6
SF,IF2006,2020-04-27 09:30:54.000,3741.4000,42044,0,208845180.000,0,-,-,-,-,3741.8000,3741.6000,3741.4000,3741.2000,3741.0000,3743.0000,3743.2000,3743.4000,3744.0000,3744.6000,1,1,1,3,3,2,3,21,6,1
SF,IF2006,2020-04-27 09:30:54.500,3741.4000,42044,0,208845180.000,0,-,-,-,-,3741.8000,3741.4000,3741.2000,3741.0000,3740.2000,3742.8000,3743.0000,3743.2000,3743.4000,3744.0000,2,1,2,3,5,1,2,3,21,6
SF,IF2006,2020-04-27 09:30:55.000,3741.4000,42043,-1,211090020.000,2,0,2,多平,S,3741.2000,3741.0000,3740.2000,3740.0000,3739.8000,3742.6000,3743.0000,3743.2000,3743.4000,3744.0000,2,3,5,7,1,1,2,3,21,6
SF,IF2006,2020-04-27 09:30:55.500,3741.4000,42043,0,211090020.000,0,-,-,-,-,3741.4000,3741.2000,3741.0000,3740.2000,3740.0000,3743.0000,3743.2000,3743.4000,3744.0000,3744.6000,1,2,3,5,7,2,3,21,6,1
SF,IF2006,2020-04-27 09:30:56.000,3741.4000,42043,0,211090020.000,0,-,-,-,-,3741.6000,3741.2000,3741.0000,3740.2000,3740.0000,3742.8000,3743.0000,3743.2000,3743.4000,3744.0000,1,1,3,5,7,2,4,3,21,6
SF,IF2006,2020-04-27 09:30:56.500,3741.4000,42043,0,211090020.000,0,-,-,-,-,3741.6000,3741.2000,3741.0000,3740.2000,3740.0000,3742.8000,3743.0000,3743.2000,3743.4000,3744.0000,1,1,3,5,7,3,2,3,21,6
SF,IF2006,2020-04-27 09:30:57.000,3741.4000,42043,0,211090020.000,0,-,-,-,-,3741.6000,3741.2000,3741.0000,3740.2000,3740.0000,3742.8000,3743.0000,3743.2000,3743.4000,3744.0000,1,1,3,5,7,3,2,3,21,6
SF,IF2006,2020-04-27 09:30:57.500,3741.4000,42043,0,211090020.000,0,-,-,-,-,3741.6000,3741.2000,3741.0000,3740.2000,3740.0000,3742.6000,3742.8000,3743.0000,3743.2000,3743.4000,1,1,3,5,7,1,2,2,3,21
SF,IF2006,2020-04-27 09:30:58.000,3741.4000,42043,0,211090020.000,0,-,-,-,-,3741.6000,3741.2000,3741.0000,3740.2000,3740.0000,3742.4000,3742.6000,3742.8000,3743.0000,3743.2000,1,1,3,5,6,1,1,1,2,3
SF,IF2006,2020-04-27 09:30:58.500,3741.4000,42043,0,211090020.000,0,-,-,-,-,3741.6000,3741.2000,3741.0000,3740.2000,3740.0000,3742.4000,3743.0000,3743.2000,3743.4000,3744.0000,1,1,4,5,6,1,2,3,21,6
SF,IF2006,2020-04-27 09:30:59.000,3741.4000,42043,0,211090020.000,0,-,-,-,-,3741.6000,3741.2000,3741.0000,3740.2000,3740.0000,3742.4000,3743.0000,3743.2000,3743.4000,3744.0000,1,1,4,5,5,2,2,3,21,6
SF,IF2006,2020-04-27 09:30:59.500,3741.4000,42043,0,211090020.000,0,-,-,-,-,3741.6000,3741.2000,3741.0000,3740.2000,3740.0000,3742.4000,3743.0000,3743.2000,3743.4000,3744.0000,1,1,4,5,5,2,2,3,21,6
SF,IF2006,2020-04-27 09:31:00.000,3741.4000,42043,0,211090020.000,0,-,-,-,-,3741.6000,3741.2000,3741.0000,3740.2000,3740.0000,3742.2000,3742.4000,3743.0000,3743.2000,3743.4000,1,1,4,5,5,1,1,2,3,21
SF,IF2006,2020-04-27 09:31:00.500,3742.4000,42042,-1,213335400.000,2,0,2,多平,S,3742.4000,3741.8000,3741.6000,3741.2000,3741.0000,3743.0000,3743.2000,3743.4000,3744.0000,3744.6000,1,1,1,1,4,2,3,21,6,1
SF,IF2006,2020-04-27 09:31:01.000,3742.4000,42042,0,214458120.000,1,0,1,多换,S,3742.6000,3741.6000,3741.2000,3741.0000,3740.2000,3742.8000,3743.0000,3743.2000,3743.4000,3744.0000,1,1,1,4,5,1,3,3,21,6
SF,IF2006,2020-04-27 09:31:01.500,3742.4000,42042,0,214458120.000,0,-,-,-,-,3742.6000,3741.6000,3741.4000,3741.2000,3741.0000,3742.8000,3743.0000,3743.2000,3743.4000,3744.0000,1,1,1,1,4,1,3,3,21,6
SF,IF2006,2020-04-27 09:31:02.000,3741.6000,42042,0,216703320.000,2,1,1,多换,S,3741.4000,3741.2000,3741.0000,3740.2000,3740.0000,3743.0000,3743.2000,3743.4000,3744.0000,3744.6000,1,1,4,5,5,3,3,21,6,1
SF,IF2006,2020-04-27 09:31:02.500,3741.6000,42042,0,216703320.000,0,-,-,-,-,3741.8000,3741.6000,3741.4000,3741.2000,3741.0000,3742.8000,3743.0000,3743.2000,3743.4000,3744.0000,6,5,3,1,4,2,2,3,21,6
SF,IF2006,2020-04-27 09:31:03.000,3741.6000,42042,0,216703320.000,0,-,-,-,-,3742.4000,3742.0000,3741.8000,3741.6000,3741.4000,3742.6000,3743.0000,3743.2000,3743.4000,3744.0000,5,9,5,3,1,3,2,3,21,6
SF,IF2006,2020-04-27 09:31:03.500,3743.2000,42038,-4,226809120.000,9,2,7,多平,S,3742.8000,3742.6000,3742.4000,3742.0000,3741.8000,3743.2000,3743.4000,3744.0000,3744.6000,3744.8000,5,7,6,7,3,1,21,6,1,1
SF,IF2006,2020-04-27 09:31:04.000,3743.4000,42036,-2,229055100.000,2,0,2,双平,S,3743.2000,3743.0000,3742.8000,3742.6000,3742.4000,3743.4000,3744.0000,3744.6000,3745.0000,3745.6000,3,5,5,3,5,20,6,1,8,2
SF,IF2006,2020-04-27 09:31:04.500,3743.4000,42026,-10,240285300.000,10,0,10,双平,S,3743.2000,3743.0000,3742.8000,3742.4000,3742.0000,3743.4000,3744.0000,3744.6000,3745.0000,3745.6000,6,5,5,5,3,10,6,1,8,2
SF,IF2006,2020-04-27 09:31:05.000,3743.4000,42020,-6,247023420.000,6,0,6,双平,S,3743.2000,3743.0000,3742.8000,3742.4000,3742.0000,3743.4000,3744.0000,3744.6000,3745.0000,3745.6000,3,5,5,5,1,4,6,1,8,2
SF,IF2006,2020-04-27 09:31:05.500,3743.4000,42017,-3,250392480.000,3,0,3,双平,S,3743.2000,3743.0000,3742.8000,3742.4000,3742.2000,3743.4000,3744.0000,3744.6000,3745.0000,3745.6000,3,5,5,5,1,1,6,1,8,2
SF,IF2006,2020-04-27 09:31:06.000,3743.2000,42017,0,251515440.000,1,0,1,多换,S,3743.2000,3742.8000,3742.4000,3742.2000,3742.0000,3743.4000,3744.0000,3744.6000,3745.0000,3745.6000,2,5,5,1,1,1,6,1,8,2
SF,IF2006,2020-04-27 09:31:06.500,3743.2000,42014,-3,254884320.000,3,0,3,双平,S,3742.8000,3742.4000,3742.2000,3742.0000,3741.8000,3743.2000,3743.4000,3744.0000,3744.6000,3745.0000,5,5,1,1,1,2,1,6,1,8
SF,IF2006,2020-04-27 09:31:07.000,3743.2000,42014,0,254884320.000,0,-,-,-,-,3742.2000,3742.0000,3741.8000,3741.6000,3741.4000,3742.8000,3743.2000,3743.4000,3744.0000,3744.6000,1,1,1,1,1,1,4,1,6,1
SF,IF2006,2020-04-27 09:31:07.500,3742.8000,42014,0,257130000.000,2,1,1,多换,S,3743.0000,3742.8000,3742.6000,3742.4000,3742.2000,3743.2000,3743.4000,3744.0000,3744.6000,3745.0000,5,1,7,4,2,3,1,6,1,8
SF,IF2006,2020-04-27 09:31:08.000,3743.2000,42011,-3,260498880.000,3,0,3,双平,S,3743.2000,3743.0000,3742.8000,3742.6000,3742.4000,3743.4000,3744.0000,3744.6000,3745.0000,3745.6000,2,5,1,5,2,1,6,1,8,2
SF,IF2006,2020-04-27 09:31:08.500,3743.2000,42011,0,260498880.000,0,-,-,-,-,3743.2000,3742.4000,3742.2000,3741.6000,3741.4000,3743.4000,3744.0000,3744.6000,3745.0000,3745.6000,5,2,1,1,1,1,6,1,8,2
SF,IF2006,2020-04-27 09:31:09.000,3743.2000,42010,-1,261621840.000,1,0,1,双平,S,3743.2000,3742.4000,3742.2000,3741.6000,3741.4000,3743.4000,3744.0000,3744.6000,3745.0000,3745.6000,2,2,1,1,1,1,6,1,8,2
SF,IF2006,2020-04-27 09:31:09.500,3743.2000,42008,-2,263867760.000,2,0,2,双平,S,3742.4000,3742.2000,3741.6000,3741.4000,3741.0000,3743.4000,3744.0000,3744.6000,3745.0000,3745.6000,2,1,1,1,1,1,6,1,8,2
SF,IF2006,2020-04-27 09:31:10.000,3742.8000,42007,-1,264990600.000,1,0,1,双平,S,3742.8000,3742.6000,3742.4000,3742.2000,3741.6000,3743.4000,3744.0000,3744.6000,3745.0000,3745.6000,4,5,2,1,1,1,6,1,8,2
SF,IF2006,2020-04-27 09:31:10.500,3743.4000,42006,-1,266113620.000,1,0,1,双平,S,3743.4000,3742.6000,3742.4000,3742.2000,3741.6000,3744.0000,3744.6000,3745.0000,3745.6000,3746.2000,3,5,2,1,1,7,1,8,2,1
SF,IF2006,2020-04-27 09:31:11.000,3743.4000,42002,-4,270605700.000,4,0,4,双平,S,3743.4000,3742.6000,3742.4000,3742.2000,3741.6000,3743.8000,3744.0000,3744.6000,3745.0000,3745.6000,2,5,2,1,1,1,7,1,8,2
SF,IF2006,2020-04-27 09:31:11.500,3743.4000,41999,-3,273974880.000,3,0,3,双平,S,3742.6000,3742.4000,3742.2000,3741.6000,3741.4000,3742.8000,3743.4000,3744.0000,3744.6000,3745.0000,5,2,1,1,1,11,1,7,1,8
SF,IF2006,2020-04-27 09:31:12.000,3742.8000,41998,-1,285203160.000,10,4,6,多平,S,3742.4000,3742.2000,3741.6000,3741.4000,3741.0000,3742.6000,3742.8000,3744.0000,3744.6000,3745.0000,2,1,1,1,1,1,3,7,1,8
SF,IF2006,2020-04-27 09:31:12.500,3742.6000,41998,0,286325940.000,1,0,1,多换,S,3742.4000,3742.2000,3741.6000,3741.4000,3741.0000,3742.8000,3744.0000,3744.6000,3745.0000,3745.6000,2,1,1,1,1,3,7,1,8,2
SF,IF2006,2020-04-27 09:31:13.000,3742.8000,41998,0,289694460.000,3,1,2,多换,S,3742.6000,3742.4000,3742.2000,3741.6000,3741.4000,3743.0000,3743.8000,3744.0000,3744.6000,3745.0000,5,2,1,1,1,1,1,7,1,8
SF,IF2006,2020-04-27 09:31:13.500,3742.8000,41998,0,289694460.000,0,-,-,-,-,3742.4000,3742.2000,3741.6000,3741.4000,3741.0000,3743.0000,3743.8000,3744.0000,3744.6000,3745.0000,2,1,1,1,1,1,1,7,1,8
SF,IF2006,2020-04-27 09:31:14.000,3742.8000,41998,0,290817300.000,1,0,1,多换,S,3742.4000,3742.2000,3741.6000,3741.4000,3741.0000,3743.0000,3743.2000,3743.6000,3743.8000,3744.0000,1,1,1,1,1,1,1,1,1,7
SF,IF2006,2020-04-27 09:31:14.500,3742.8000,41998,0,290817300.000,0,-,-,-,-,3742.8000,3742.4000,3742.2000,3741.4000,3741.0000,3743.0000,3743.2000,3743.6000,3743.8000,3744.0000,1,1,1,1,1,1,1,1,1,7
SF,IF2006,2020-04-27 09:31:15.000,3742.8000,41997,-1,291940140.000,1,0,1,双平,S,3742.2000,3741.4000,3741.0000,3740.2000,3740.0000,3742.8000,3743.0000,3743.2000,3743.6000,3743.8000,1,1,1,5,7,5,1,2,1,1
SF,IF2006,2020-04-27 09:31:15.500,3742.2000,41997,0,293062800.000,1,0,1,多换,S,3741.4000,3741.0000,3740.2000,3740.0000,3739.8000,3742.6000,3743.0000,3743.2000,3743.6000,3743.8000,1,1,5,7,1,1,1,2,1,1
SF,IF2006,2020-04-27 09:31:16.000,3742.2000,41997,0,293062800.000,0,-,-,-,-,3741.8000,3741.6000,3741.4000,3741.0000,3740.2000,3743.0000,3743.2000,3743.6000,3743.8000,3744.0000,4,1,3,1,5,1,2,1,1,7
SF,IF2006,2020-04-27 09:31:16.500,3742.2000,41997,0,293062800.000,0,-,-,-,-,3742.0000,3741.8000,3741.4000,3741.0000,3740.2000,3742.8000,3743.0000,3743.2000,3743.6000,3743.8000,6,4,1,1,5,1,1,2,1,1
SF,IF2006,2020-04-27 09:31:17.000,3742.2000,41997,0,293062800.000,0,-,-,-,-,3741.4000,3741.0000,3740.2000,3740.0000,3739.8000,3742.8000,3743.0000,3743.2000,3743.6000,3743.8000,1,1,5,7,1,1,2,2,1,1
SF,IF2006,2020-04-27 09:31:17.500,3742.2000,41997,0,293062800.000,0,-,-,-,-,3741.6000,3741.4000,3741.0000,3740.2000,3740.0000,3742.8000,3743.0000,3743.2000,3743.6000,3743.8000,6,1,1,5,7,1,2,2,1,1
SF,IF2006,2020-04-27 09:31:18.000,3742.2000,41997,0,293062800.000,0,-,-,-,-,3741.8000,3741.6000,3741.4000,3741.0000,3740.2000,3742.8000,3743.0000,3743.2000,3743.6000,3743.8000,5,6,1,1,5,2,3,2,1,1
SF,IF2006,2020-04-27 09:31:18.500,3742.2000,41997,0,293062800.000,0,-,-,-,-,3741.6000,3741.4000,3741.0000,3740.2000,3740.0000,3742.8000,3743.0000,3743.2000,3743.6000,3743.8000,6,1,1,5,7,2,3,2,1,1
SF,IF2006,2020-04-27 09:31:19.000,3742.2000,41997,0,293062800.000,0,-,-,-,-,3741.6000,3741.4000,3741.0000,3740.2000,3740.0000,3742.6000,3742.8000,3743.0000,3743.2000,3743.6000,6,1,1,5,7,1,2,4,2,1
SF,IF2006,2020-04-27 09:31:19.500,3741.6000,41997,0,294185280.000,1,0,1,多换,S,3741.4000,3741.0000,3740.2000,3740.0000,3739.8000,3742.8000,3743.0000,3743.2000,3743.6000,3743.8000,1,1,5,7,1,3,4,2,1,1
SF,IF2006,2020-04-27 09:31:20.000,3741.6000,41997,0,294185280.000,0,-,-,-,-,3741.6000,3741.4000,3741.0000,3740.2000,3740.0000,3742.6000,3742.8000,3743.0000,3743.2000,3743.6000,2,1,1,5,7,3,4,4,2,1
SF,IF2006,2020-04-27 09:31:20.500,3741.6000,41997,0,294185280.000,0,-,-,-,-,3741.4000,3741.0000,3740.2000,3740.0000,3739.8000,3741.6000,3742.4000,3742.6000,3742.8000,3743.0000,1,1,5,7,1,1,1,3,3,4
SF,IF2006,2020-04-27 09:31:21.000,3741.6000,41996,-1,297552720.000,3,1,2,多平,S,3741.4000,3741.0000,3740.2000,3740.0000,3739.8000,3742.4000,3742.6000,3742.8000,3743.0000,3743.2000,1,1,5,7,1,1,2,3,4,2
SF,IF2006,2020-04-27 09:31:21.500,3741.6000,41996,0,297552720.000,0,-,-,-,-,3741.6000,3741.4000,3741.0000,3740.2000,3740.0000,3742.4000,3742.8000,3743.0000,3743.2000,3743.6000,1,1,1,5,7,3,3,4,2,1
SF,IF2006,2020-04-27 09:31:22.000,3741.6000,41996,0,298675200.000,1,0,1,多换,S,3741.4000,3741.0000,3740.2000,3740.0000,3739.8000,3742.4000,3742.6000,3742.8000,3743.0000,3743.2000,1,1,5,7,1,1,2,3,4,2
SF,IF2006,2020-04-27 09:31:22.500,3741.6000,41996,0,298675200.000,0,-,-,-,-,3741.6000,3741.4000,3741.0000,3740.2000,3740.0000,3742.6000,3742.8000,3743.0000,3743.2000,3743.6000,1,3,1,5,7,2,3,4,2,1
SF,IF2006,2020-04-27 09:31:23.000,3741.6000,41996,0,298675200.000,0,-,-,-,-,3741.6000,3741.4000,3741.0000,3740.2000,3740.0000,3742.6000,3742.8000,3743.0000,3743.2000,3743.6000,1,2,1,5,7,2,4,4,2,1
SF,IF2006,2020-04-27 09:31:23.500,3741.6000,41996,0,298675200.000,0,-,-,-,-,3741.4000,3741.0000,3740.2000,3740.0000,3739.8000,3742.4000,3742.6000,3742.8000,3743.0000,3743.2000,1,1,5,7,1,1,3,4,4,2
SF,IF2006,2020-04-27 09:31:24.000,3741.6000,41996,0,299797680.000,1,0,1,多换,S,3741.6000,3741.4000,3741.0000,3740.2000,3740.0000,3742.4000,3742.6000,3742.8000,3743.0000,3743.2000,4,1,1,5,7,1,4,4,4,2
SF,IF2006,2020-04-27 09:31:24.500,3741.6000,41996,0,299797680.000,0,-,-,-,-,3741.4000,3741.0000,3740.2000,3740.0000,3739.8000,3742.4000,3742.6000,3742.8000,3743.0000,3743.2000,1,1,5,7,1,2,6,4,4,2
SF,IF2006,2020-04-27 09:31:25.000,3741.6000,41996,0,299797680.000,0,-,-,-,-,3741.4000,3741.0000,3740.2000,3740.0000,3739.8000,3741.6000,3742.4000,3742.6000,3742.8000,3743.0000,1,1,5,7,1,1,2,6,4,4
SF,IF2006,2020-04-27 09:31:25.500,3741.6000,41995,-1,300920160.000,1,0,1,双平,S,3741.6000,3741.4000,3741.0000,3740.2000,3740.0000,3742.4000,3742.6000,3742.8000,3743.0000,3743.2000,1,1,1,5,7,2,6,4,4,2
SF,IF2006,2020-04-27 09:31:26.000,3741.6000,41995,0,300920160.000,0,-,-,-,-,3741.6000,3741.4000,3741.0000,3740.2000,3740.0000,3742.4000,3742.6000,3742.8000,3743.0000,3743.2000,2,1,1,5,7,2,7,4,4,2
SF,IF2006,2020-04-27 09:31:26.500,3741.4000,41993,-2,304287540.000,3,0,3,多平,S,3741.0000,3740.2000,3740.0000,3739.8000,3739.6000,3742.4000,3742.6000,3742.8000,3743.0000,3743.2000,1,5,7,1,2,3,6,4,4,2
SF,IF2006,2020-04-27 09:31:27.000,3741.4000,41993,0,304287540.000,0,-,-,-,-,3741.2000,3741.0000,3740.2000,3740.0000,3739.8000,3742.2000,3742.4000,3742.6000,3742.8000,3743.0000,1,1,5,7,1,2,3,8,4,4
SF,IF2006,2020-04-27 09:31:27.500,3741.4000,41993,0,304287540.000,0,-,-,-,-,3741.4000,3741.2000,3741.0000,3740.2000,3740.0000,3742.0000,3742.2000,3742.4000,3742.6000,3742.8000,5,1,1,5,7,1,2,2,8,4
SF,IF2006,2020-04-27 09:31:28.000,3741.4000,41993,0,304287540.000,0,-,-,-,-,3741.4000,3741.2000,3741.0000,3740.2000,3740.0000,3742.0000,3742.2000,3742.4000,3742.6000,3742.8000,5,1,1,5,7,1,3,2,8,4
SF,IF2006,2020-04-27 09:31:28.500,3741.2000,41992,-1,305409900.000,1,0,1,双平,S,3741.0000,3740.2000,3740.0000,3739.8000,3739.6000,3742.0000,3742.2000,3742.4000,3742.6000,3742.8000,1,5,7,1,2,1,3,1,8,4
SF,IF2006,2020-04-27 09:31:29.000,3741.2000,41992,0,305409900.000,0,-,-,-,-,3741.0000,3740.2000,3740.0000,3739.8000,3739.6000,3742.0000,3742.2000,3742.4000,3742.6000,3742.8000,1,5,7,1,2,1,4,1,8,4
SF,IF2006,2020-04-27 09:31:29.500,3741.4000,41991,-1,306532320.000,1,0,1,双平,S,3741.0000,3740.2000,3740.0000,3739.8000,3739.6000,3742.0000,3742.2000,3742.4000,3742.6000,3742.8000,3,5,7,1,2,1,6,1,9,4
SF,IF2006,2020-04-27 09:31:30.000,3741.4000,41991,0,306532320.000,0,-,-,-,-,3741.0000,3740.2000,3740.0000,3739.8000,3739.6000,3741.4000,3742.0000,3742.2000,3742.4000,3742.6000,3,5,7,1,2,2,1,6,1,9
SF,IF2006,2020-04-27 09:31:30.500,3741.4000,41991,0,306532320.000,0,-,-,-,-,3741.0000,3740.2000,3740.0000,3739.8000,3739.6000,3741.4000,3742.0000,3742.2000,3742.4000,3742.6000,3,5,7,1,2,2,1,6,1,9
SF,IF2006,2020-04-27 09:31:31.000,3741.4000,41989,-2,308777160.000,2,0,2,双平,S,3741.6000,3741.4000,3741.0000,3740.2000,3740.0000,3742.2000,3742.4000,3742.6000,3742.8000,3743.0000,4,7,3,5,7,6,1,9,4,4
SF,IF2006,2020-04-27 09:31:31.500,3742.2000,41988,-1,309899820.000,1,0,1,双平,S,3741.8000,3741.4000,3741.0000,3740.2000,3740.0000,3742.2000,3742.4000,3742.6000,3742.8000,3743.0000,5,7,2,5,7,4,1,9,4,4
SF,IF2006,2020-04-27 09:31:32.000,3742.2000,41987,-1,311022480.000,1,0,1,双平,S,3741.8000,3741.4000,3741.0000,3740.2000,3740.0000,3742.2000,3742.4000,3742.6000,3742.8000,3743.0000,5,5,2,5,7,3,2,9,4,4
SF,IF2006,2020-04-27 09:31:32.500,3741.8000,41986,-1,313267620.000,2,0,2,多平,S,3741.8000,3741.4000,3741.0000,3740.2000,3740.0000,3742.2000,3742.4000,3742.6000,3742.8000,3743.0000,4,4,1,5,7,3,3,9,4,4
SF,IF2006,2020-04-27 09:31:33.000,3742.4000,41982,-4,318881040.000,5,0,5,多平,S,3742.0000,3741.8000,3741.4000,3741.0000,3740.2000,3742.4000,3742.6000,3742.8000,3743.0000,3743.2000,1,4,2,1,5,3,9,4,4,3
SF,IF2006,2020-04-27 09:31:33.500,3742.2000,41978,-4,323371860.000,4,0,4,双平,S,3742.0000,3741.8000,3741.4000,3741.0000,3740.2000,3742.6000,3742.8000,3743.0000,3743.2000,3743.6000,1,4,2,1,6,9,4,4,3,1
SF,IF2006,2020-04-27 09:31:34.000,3742.6000,41973,-5,328985760.000,5,0,5,双平,S,3742.2000,3742.0000,3741.8000,3741.4000,3741.0000,3742.6000,3742.8000,3743.0000,3743.2000,3743.6000,7,1,4,2,1,4,6,4,3,1
SF,IF2006,2020-04-27 09:31:34.500,3742.6000,41970,-3,333476880.000,4,0,4,多平,S,3742.6000,3742.0000,3741.8000,3741.4000,3741.0000,3742.8000,3743.0000,3743.2000,3743.6000,3743.8000,11,1,4,2,1,7,4,3,1,1
SF,IF2006,2020-04-27 09:31:35.000,3742.6000,41968,-2,335722500.000,2,0,2,双平,S,3742.6000,3742.0000,3741.8000,3741.4000,3741.0000,3742.8000,3743.0000,3743.2000,3743.6000,3743.8000,3,1,4,1,1,6,4,3,1,1
SF,IF2006,2020-04-27 09:31:35.500,3742.6000,41968,0,335722500.000,0,-,-,-,-,3742.6000,3742.0000,3741.8000,3741.4000,3741.0000,3742.8000,3743.0000,3743.2000,3743.6000,3743.8000,1,1,4,1,1,6,4,3,1,1
SF,IF2006,2020-04-27 09:31:36.000,3742.8000,41961,-7,344705160.000,8,0,8,多平,S,3742.0000,3741.8000,3741.4000,3741.0000,3740.2000,3743.0000,3743.2000,3743.6000,3743.8000,3744.0000,1,4,1,1,6,4,3,1,1,7
SF,IF2006,2020-04-27 09:31:36.500,3743.2000,41956,-5,352565640.000,7,1,6,多平,S,3743.4000,3743.0000,3742.6000,3742.4000,3742.2000,3743.6000,3743.8000,3744.0000,3744.6000,3745.0000,2,7,1,8,6,1,1,7,1,7
SF,IF2006,2020-04-27 09:31:37.000,3743.4000,41953,-3,355934820.000,3,0,3,双平,S,3743.6000,3743.0000,3742.4000,3742.2000,3741.0000,3743.8000,3744.0000,3744.6000,3745.0000,3745.2000,1,2,7,3,1,2,7,1,7,1
SF,IF2006,2020-04-27 09:31:37.500,3743.6000,41951,-2,358180980.000,2,0,2,双平,S,3742.4000,3742.2000,3741.0000,3740.2000,3740.0000,3743.8000,3744.0000,3744.6000,3745.0000,3745.2000,1,3,1,6,7,2,7,1,7,1
SF,IF2006,2020-04-27 09:31:38.000,3743.0000,41949,-2,360426780.000,2,0,2,双平,S,3743.0000,3742.6000,3742.4000,3742.2000,3741.0000,3743.4000,3743.6000,3743.8000,3744.0000,3744.6000,3,7,1,2,2,1,1,3,8,1
SF,IF2006,2020-04-27 09:31:38.500,3743.4000,41949,0,361549800.000,1,0,1,多换,S,3742.4000,3742.2000,3741.0000,3740.2000,3740.0000,3743.6000,3743.8000,3744.0000,3744.6000,3745.0000,1,2,2,6,7,1,2,8,1,7
SF,IF2006,2020-04-27 09:31:39.000,3743.4000,41949,0,361549800.000,0,-,-,-,-,3742.8000,3742.4000,3742.2000,3741.0000,3740.2000,3743.6000,3743.8000,3744.0000,3744.6000,3745.0000,5,1,2,2,6,1,4,8,1,7
SF,IF2006,2020-04-27 09:31:39.500,3743.4000,41949,0,361549800.000,0,-,-,-,-,3742.8000,3742.4000,3742.2000,3741.0000,3740.2000,3743.6000,3743.8000,3744.0000,3744.6000,3745.0000,5,1,2,2,6,1,5,8,1,6
SF,IF2006,2020-04-27 09:31:40.000,3743.4000,41949,0,361549800.000,0,-,-,-,-,3742.8000,3742.4000,3742.2000,3741.0000,3740.2000,3743.6000,3743.8000,3744.0000,3744.6000,3745.0000,5,1,2,2,6,1,5,8,1,6
SF,IF2006,2020-04-27 09:31:40.500,3743.4000,41949,0,361549800.000,0,-,-,-,-,3743.2000,3742.8000,3742.4000,3742.2000,3741.0000,3743.8000,3744.0000,3744.6000,3745.0000,3745.2000,5,5,1,1,2,5,8,1,6,1
SF,IF2006,2020-04-27 09:31:41.000,3743.2000,41948,-1,362672760.000,1,0,1,双平,S,3743.2000,3742.8000,3742.4000,3742.2000,3741.0000,3743.8000,3744.0000,3744.6000,3745.0000,3745.2000,4,5,1,1,2,5,8,1,6,1
SF,IF2006,2020-04-27 09:31:41.500,3743.2000,41947,-1,364918680.000,2,0,2,多平,S,3743.2000,3742.8000,3742.4000,3742.2000,3741.0000,3743.8000,3744.0000,3744.6000,3745.0000,3745.2000,2,5,1,1,2,5,8,1,6,1
SF,IF2006,2020-04-27 09:31:42.000,3743.2000,41946,-1,367164600.000,2,0,2,多平,S,3742.8000,3742.4000,3742.2000,3741.0000,3740.2000,3743.8000,3744.0000,3744.6000,3745.0000,3745.2000,5,1,1,2,6,5,9,1,6,1
SF,IF2006,2020-04-27 09:31:42.500,3743.2000,41945,-1,368287560.000,1,0,1,双平,S,3743.2000,3742.8000,3742.4000,3742.2000,3741.0000,3743.8000,3744.0000,3744.6000,3745.0000,3745.2000,4,5,1,1,2,5,9,1,6,1
SF,IF2006,2020-04-27 09:31:43.000,3743.8000,41945,0,369410700.000,1,0,1,多换,S,3743.4000,3743.2000,3742.8000,3742.4000,3742.2000,3743.8000,3744.0000,3744.6000,3745.0000,3745.2000,5,4,5,1,1,4,9,1,6,1
SF,IF2006,2020-04-27 09:31:43.500,3743.6000,41941,-4,373903200.000,4,0,4,双平,S,3743.6000,3743.4000,3743.2000,3742.8000,3742.4000,3743.8000,3744.0000,3744.6000,3745.0000,3745.2000,4,5,4,5,1,1,9,1,6,1
SF,IF2006,2020-04-27 09:31:44.000,3743.6000,41940,-1,379518660.000,5,2,3,多平,S,3743.6000,3743.4000,3743.2000,3743.0000,3742.8000,3744.0000,3744.6000,3745.0000,3745.2000,3745.6000,1,5,4,1,5,9,1,6,1,2
SF,IF2006,2020-04-27 09:31:44.500,3743.6000,41940,0,379518660.000,0,-,-,-,-,3743.8000,3743.6000,3743.4000,3743.2000,3743.0000,3744.0000,3744.2000,3744.6000,3745.0000,3745.2000,1,1,5,4,1,9,1,1,6,1
SF,IF2006,2020-04-27 09:31:45.000,3743.6000,41940,0,381764880.000,2,1,1,多换,S,3743.4000,3743.2000,3743.0000,3742.8000,3742.4000,3743.6000,3744.0000,3744.2000,3744.6000,3745.0000,5,4,1,5,1,9,9,1,1,6
SF,IF2006,2020-04-27 09:31:45.500,3743.6000,41940,0,391872600.000,9,4,5,多换,S,3743.6000,3743.4000,3743.2000,3743.0000,3742.8000,3744.0000,3744.2000,3744.6000,3745.0000,3745.2000,4,5,4,1,5,9,1,1,6,1
SF,IF2006,2020-04-27 09:31:46.000,3744.0000,41937,-3,395242200.000,3,0,3,双平,S,3743.8000,3743.6000,3743.4000,3743.2000,3743.0000,3744.0000,3744.2000,3744.6000,3745.0000,3745.2000,5,1,5,4,1,6,1,1,6,1
SF,IF2006,2020-04-27 09:31:46.500,3744.0000,41928,-9,406474260.000,10,0,10,多平,S,3744.0000,3743.8000,3743.6000,3743.4000,3743.2000,3744.6000,3745.0000,3745.2000,3745.6000,3745.8000,1,5,1,5,4,1,6,1,2,1
SF,IF2006,2020-04-27 09:31:47.000,3744.0000,41928,0,407597460.000,1,0,1,多换,S,3744.2000,3744.0000,3743.8000,3743.6000,3743.4000,3744.6000,3745.0000,3745.2000,3745.6000,3745.8000,4,1,5,1,5,1,6,1,2,1
SF,IF2006,2020-04-27 09:31:47.500,3744.2000,41928,0,408720720.000,1,0,1,多换,S,3744.2000,3744.0000,3743.8000,3743.6000,3743.4000,3744.6000,3745.0000,3745.2000,3745.6000,3745.8000,3,1,5,1,5,4,6,1,2,1
SF,IF2006,2020-04-27 09:31:48.000,3744.6000,41924,-4,413214240.000,4,0,4,双平,S,3744.6000,3744.2000,3744.0000,3743.8000,3743.6000,3745.0000,3745.2000,3745.6000,3745.8000,3746.2000,5,3,1,5,1,6,1,2,1,1
SF,IF2006,2020-04-27 09:31:48.500,3744.6000,41921,-3,416584380.000,3,0,3,双平,S,3744.2000,3744.0000,3743.8000,3743.6000,3743.0000,3745.0000,3745.2000,3745.6000,3745.8000,3746.2000,3,2,5,1,1,6,1,2,1,1
SF,IF2006,2020-04-27 09:31:49.000,3744.6000,41921,0,416584380.000,0,-,-,-,-,3744.0000,3743.8000,3743.6000,3743.0000,3742.4000,3744.2000,3744.8000,3745.0000,3745.2000,3745.6000,2,5,1,1,1,1,1,6,1,2
SF,IF2006,2020-04-27 09:31:49.500,3744.2000,41921,0,417707640.000,1,0,1,多换,S,3744.0000,3743.8000,3743.6000,3743.0000,3742.4000,3744.8000,3745.0000,3745.2000,3745.6000,3745.8000,2,5,1,1,1,1,6,1,2,1
SF,IF2006,2020-04-27 09:31:50.000,3744.8000,41920,-1,418831080.000,1,0,1,双平,S,3744.6000,3744.2000,3744.0000,3743.8000,3743.6000,3744.8000,3745.0000,3745.2000,3745.6000,3745.8000,5,5,2,6,1,1,6,1,2,1
SF,IF2006,2020-04-27 09:31:50.500,3744.8000,41919,-1,419954520.000,1,0,1,双平,S,3744.6000,3744.2000,3744.0000,3743.8000,3743.6000,3745.0000,3745.2000,3745.6000,3745.8000,3746.0000,5,5,2,6,1,6,1,2,1,1
SF,IF2006,2020-04-27 09:31:51.000,3745.0000,41916,-3,424448400.000,4,0,4,多平,S,3744.8000,3744.6000,3744.2000,3744.0000,3743.8000,3745.0000,3745.2000,3745.6000,3745.8000,3746.0000,5,4,5,1,6,3,1,2,1,1
SF,IF2006,2020-04-27 09:31:51.500,3744.2000,41915,-1,439051980.000,13,6,7,多平,S,3744.0000,3743.8000,3743.0000,3742.4000,3741.2000,3745.2000,3745.6000,3745.8000,3746.0000,3746.2000,1,6,1,1,4,1,2,1,1,1
SF,IF2006,2020-04-27 09:31:52.000,3744.6000,41915,0,440175360.000,1,0,1,多换,S,3744.0000,3743.8000,3743.0000,3742.4000,3741.2000,3745.0000,3745.2000,3745.6000,3745.8000,3746.0000,1,6,1,1,4,2,1,2,1,1
SF,IF2006,2020-04-27 09:31:52.500,3744.6000,41915,0,440175360.000,0,-,-,-,-,3744.0000,3743.8000,3743.0000,3742.4000,3741.2000,3745.0000,3745.2000,3745.6000,3745.8000,3746.0000,2,6,1,1,4,2,1,2,1,1
SF,IF2006,2020-04-27 09:31:53.000,3744.6000,41915,0,440175360.000,0,-,-,-,-,3744.6000,3744.2000,3744.0000,3743.8000,3743.0000,3744.8000,3745.6000,3745.8000,3746.0000,3746.2000,5,5,2,6,1,1,2,1,1,1
SF,IF2006,2020-04-27 09:31:53.500,3744.8000,41914,-1,441298800.000,1,0,1,双平,S,3744.0000,3743.8000,3743.0000,3742.4000,3741.2000,3745.6000,3745.8000,3746.0000,3746.2000,3747.0000,2,6,1,1,4,2,1,1,1,2
SF,IF2006,2020-04-27 09:31:54.000,3744.8000,41914,0,441298800.000,0,-,-,-,-,3744.2000,3744.0000,3743.8000,3743.0000,3742.4000,3745.0000,3745.4000,3745.6000,3745.8000,3746.0000,6,3,6,1,1,1,3,2,1,1
SF,IF2006,2020-04-27 09:31:54.500,3744.8000,41914,0,441298800.000,0,-,-,-,-,3744.2000,3744.0000,3743.8000,3743.0000,3742.4000,3745.0000,3745.4000,3745.6000,3745.8000,3746.0000,5,2,6,1,1,1,2,2,1,1
SF,IF2006,2020-04-27 09:31:55.000,3745.0000,41913,-1,442422300.000,1,0,1,双平,S,3744.0000,3743.8000,3743.0000,3742.4000,3741.2000,3745.4000,3745.6000,3745.8000,3746.0000,3746.2000,2,6,1,1,4,2,2,1,1,1
SF,IF2006,2020-04-27 09:31:55.500,3745.0000,41913,0,442422300.000,0,-,-,-,-,3744.0000,3743.8000,3743.0000,3742.4000,3741.2000,3745.2000,3745.4000,3745.6000,3745.8000,3746.0000,2,6,1,1,4,3,2,2,1,1
SF,IF2006,2020-04-27 09:31:56.000,3745.0000,41913,0,442422300.000,0,-,-,-,-,3744.8000,3744.4000,3744.2000,3744.0000,3743.8000,3745.0000,3745.4000,3745.6000,3745.8000,3746.0000,5,5,1,2,6,1,1,2,1,1
SF,IF2006,2020-04-27 09:31:56.500,3745.0000,41912,-1,443545800.000,1,0,1,双平,S,3745.0000,3744.8000,3744.4000,3744.0000,3743.8000,3745.6000,3745.8000,3746.0000,3746.2000,3747.0000,5,5,5,2,6,2,1,1,1,2
SF,IF2006,2020-04-27 09:31:57.000,3745.0000,41912,0,443545800.000,0,-,-,-,-,3745.0000,3744.8000,3744.4000,3744.0000,3743.8000,3745.6000,3745.8000,3746.0000,3746.2000,3747.0000,5,5,5,2,1,2,1,1,1,2
SF,IF2006,2020-04-27 09:31:57.500,3745.0000,41909,-3,446916300.000,3,0,3,双平,S,3745.0000,3744.8000,3744.4000,3744.0000,3743.8000,3745.6000,3745.8000,3746.0000,3746.2000,3747.0000,2,5,5,2,1,2,1,1,1,2
SF,IF2006,2020-04-27 09:31:58.000,3745.0000,41909,0,446916300.000,0,-,-,-,-,3744.0000,3743.8000,3743.0000,3742.4000,3741.2000,3744.6000,3745.4000,3745.6000,3745.8000,3746.0000,2,1,1,1,4,1,1,2,1,1
SF,IF2006,2020-04-27 09:31:58.500,3744.6000,41908,-1,448039680.000,1,0,1,双平,S,3744.6000,3744.2000,3744.0000,3743.8000,3743.0000,3745.4000,3745.6000,3745.8000,3746.0000,3746.2000,5,6,2,1,1,1,2,1,1,1
SF,IF2006,2020-04-27 09:31:59.000,3745.4000,41907,-1,449163300.000,1,0,1,双平,S,3745.4000,3745.0000,3744.8000,3744.6000,3744.2000,3745.6000,3745.8000,3746.0000,3746.2000,3747.0000,5,4,2,5,5,2,1,1,1,2
SF,IF2006,2020-04-27 09:31:59.500,3744.8000,41900,-7,459275640.000,9,1,8,多平,S,3744.6000,3744.0000,3743.0000,3741.2000,3741.0000,3745.4000,3745.8000,3746.0000,3746.2000,3747.0000,4,2,1,4,2,1,1,1,1,2
SF,IF2006,2020-04-27 09:32:00.000,3745.2000,41898,-2,461522760.000,2,0,2,双平,S,3745.2000,3744.8000,3744.6000,3744.0000,3743.0000,3745.4000,3745.8000,3746.0000,3746.2000,3747.0000,4,5,4,2,1,3,1,1,1,2
SF,IF2006,2020-04-27 09:32:00.500,3745.2000,41892,-6,469387680.000,7,0,7,多平,S,3745.2000,3744.6000,3744.0000,3743.0000,3741.2000,3745.4000,3745.8000,3746.0000,3746.2000,3747.0000,1,4,2,1,4,2,1,1,1,2
SF,IF2006,2020-04-27 09:32:01.000,3745.2000,41891,-1,470511240.000,1,0,1,双平,S,3745.0000,3744.6000,3744.0000,3743.0000,3741.2000,3745.2000,3745.4000,3745.8000,3746.0000,3746.2000,1,4,1,1,4,1,2,1,1,1
SF,IF2006,2020-04-27 09:32:01.500,3745.2000,41889,-2,475005420.000,4,1,3,多平,S,3744.0000,3743.0000,3741.2000,3741.0000,3740.2000,3745.2000,3745.4000,3745.8000,3746.0000,3746.2000,2,1,4,2,6,1,2,1,1,1
SF,IF2006,2020-04-27 09:32:02.000,3745.2000,41889,0,475005420.000,0,-,-,-,-,3744.8000,3744.4000,3744.2000,3744.0000,3743.0000,3745.2000,3745.4000,3745.8000,3746.0000,3746.2000,5,6,3,2,1,1,1,1,1,1
SF,IF2006,2020-04-27 09:32:02.500,3745.2000,41889,0,478376100.000,3,1,2,多换,S,3745.2000,3744.8000,3744.4000,3744.2000,3744.0000,3745.8000,3746.0000,3746.2000,3747.0000,3748.0000,6,5,5,2,2,1,1,1,2,1
SF,IF2006,2020-04-27 09:32:03.000,3745.2000,41884,-5,483993900.000,5,0,5,双平,S,3745.2000,3745.0000,3744.8000,3744.4000,3744.2000,3745.8000,3746.0000,3746.2000,3747.0000,3748.0000,1,1,5,5,2,2,1,1,2,1
SF,IF2006,2020-04-27 09:32:03.500,3745.2000,41883,-1,485117460.000,1,0,1,双平,S,3745.0000,3744.2000,3744.0000,3743.0000,3741.2000,3745.2000,3745.6000,3745.8000,3746.0000,3746.2000,1,1,2,1,4,2,2,2,1,1
SF,IF2006,2020-04-27 09:32:04.000,3745.2000,41883,0,485117460.000,0,-,-,-,-,3744.2000,3744.0000,3743.0000,3741.2000,3741.0000,3745.2000,3745.6000,3745.8000,3746.0000,3746.2000,1,2,1,4,2,2,2,2,1,1
SF,IF2006,2020-04-27 09:32:04.500,3745.2000,41882,-1,486241020.000,1,0,1,双平,S,3744.6000,3744.2000,3744.0000,3743.0000,3741.2000,3745.2000,3745.6000,3745.8000,3746.0000,3746.2000,5,1,2,1,4,3,2,1,1,1
SF,IF2006,2020-04-27 09:32:05.000,3745.2000,41882,0,486241020.000,0,-,-,-,-,3744.8000,3744.6000,3744.2000,3744.0000,3743.0000,3745.2000,3745.6000,3745.8000,3746.0000,3746.2000,5,5,1,2,1,3,2,1,1,1
SF,IF2006,2020-04-27 09:32:05.500,3745.2000,41882,0,487364580.000,1,0,1,多换,S,3744.6000,3744.2000,3744.0000,3743.0000,3741.2000,3745.2000,3745.6000,3745.8000,3746.0000,3746.2000,5,1,2,1,4,2,2,1,1,1
SF,IF2006,2020-04-27 09:32:06.000,3745.2000,41883,1,488488140.000,1,1,0,双开,S,3744.2000,3744.0000,3743.0000,3741.2000,3741.0000,3745.2000,3745.6000,3745.8000,3746.0000,3746.2000,1,2,1,4,2,1,2,1,1,1
SF,IF2006,2020-04-27 09:32:06.500,3745.2000,41883,0,488488140.000,0,-,-,-,-,3744.4000,3744.2000,3744.0000,3743.0000,3741.2000,3745.0000,3745.6000,3745.8000,3746.0000,3746.2000,5,1,2,1,4,3,1,1,1,1
SF,IF2006,2020-04-27 09:32:07.000,3744.4000,41882,-1,489611460.000,1,0,1,双平,S,3744.6000,3744.2000,3744.0000,3743.0000,3741.2000,3745.0000,3745.6000,3745.8000,3746.0000,3746.2000,1,1,2,1,4,1,1,1,1,1
SF,IF2006,2020-04-27 09:32:07.500,3744.6000,41882,0,490734840.000,1,0,1,多换,S,3744.0000,3743.0000,3741.2000,3741.0000,3740.2000,3745.0000,3745.6000,3745.8000,3746.0000,3746.2000,2,1,4,2,6,1,1,1,1,1
SF,IF2006,2020-04-27 09:32:08.000,3744.0000,41880,-2,492981240.000,2,0,2,双平,S,3743.0000,3741.2000,3741.0000,3740.2000,3740.0000,3744.8000,3745.0000,3745.2000,3745.6000,3745.8000,1,4,2,6,6,2,2,1,1,1
SF,IF2006,2020-04-27 09:32:08.500,3744.0000,41880,0,492981240.000,0,-,-,-,-,3743.6000,3743.2000,3743.0000,3741.2000,3741.0000,3744.6000,3744.8000,3745.0000,3745.2000,3745.6000,5,4,1,4,2,1,4,1,1,1
SF,IF2006,2020-04-27 09:32:09.000,3744.0000,41880,0,492981240.000,0,-,-,-,-,3743.2000,3743.0000,3741.2000,3741.0000,3740.2000,3744.4000,3744.6000,3744.8000,3745.0000,3745.2000,1,1,4,2,6,2,1,2,1,1
SF,IF2006,2020-04-27 09:32:09.500,3744.0000,41880,0,492981240.000,0,-,-,-,-,3743.6000,3743.2000,3743.0000,3741.2000,3741.0000,3744.4000,3744.6000,3745.0000,3745.2000,3745.6000,5,1,2,4,2,1,1,2,1,1
SF,IF2006,2020-04-27 09:32:10.000,3743.8000,41879,-1,494104380.000,1,0,1,双平,S,3743.8000,3743.6000,3743.0000,3741.2000,3741.0000,3744.0000,3745.0000,3745.2000,3745.6000,3745.8000,5,5,2,4,2,1,2,1,1,1
SF,IF2006,2020-04-27 09:32:10.500,3744.0000,41878,-1,496350780.000,2,0,2,多平,S,3743.0000,3741.2000,3741.0000,3740.2000,3740.0000,3745.0000,3745.2000,3745.6000,3745.8000,3746.0000,1,4,2,6,6,2,1,1,1,1
SF,IF2006,2020-04-27 09:32:11.000,3744.0000,41878,0,496350780.000,0,-,-,-,-,3743.2000,3743.0000,3741.2000,3741.0000,3740.2000,3744.8000,3745.0000,3745.2000,3745.6000,3745.8000,1,1,4,2,6,4,2,1,1,1
SF,IF2006,2020-04-27 09:32:11.500,3744.0000,41878,0,496350780.000,0,-,-,-,-,3743.6000,3743.4000,3743.2000,3743.0000,3741.2000,3744.8000,3745.0000,3745.2000,3745.6000,3745.8000,1,3,1,1,4,4,2,1,1,1
SF,IF2006,2020-04-27 09:32:12.000,3744.0000,41878,0,496350780.000,0,-,-,-,-,3743.6000,3743.4000,3743.0000,3741.2000,3741.0000,3744.6000,3744.8000,3745.0000,3745.2000,3745.6000,1,1,1,4,2,2,3,2,1,1
SF,IF2006,2020-04-27 09:32:12.500,3744.0000,41874,-4,500843580.000,4,0,4,双平,S,3744.4000,3743.8000,3743.6000,3743.4000,3743.0000,3744.8000,3745.0000,3745.2000,3745.6000,3745.8000,1,5,1,1,1,2,2,1,1,1
SF,IF2006,2020-04-27 09:32:13.000,3744.4000,41873,-1,501966900.000,1,0,1,双平,S,3743.8000,3743.6000,3743.4000,3743.0000,3741.2000,3744.8000,3745.0000,3745.2000,3745.6000,3745.8000,2,1,1,1,4,2,2,1,1,1
SF,IF2006,2020-04-27 09:32:13.500,3744.4000,41873,0,501966900.000,0,-,-,-,-,3743.8000,3743.6000,3743.4000,3743.0000,3741.2000,3744.8000,3745.0000,3745.2000,3745.6000,3745.8000,3,1,1,1,4,1,2,1,1,1
SF,IF2006,2020-04-27 09:32:14.000,3744.4000,41873,0,501966900.000,0,-,-,-,-,3743.8000,3743.6000,3743.4000,3743.0000,3741.2000,3744.8000,3745.0000,3745.2000,3745.6000,3745.8000,2,1,1,1,4,1,2,1,1,1
SF,IF2006,2020-04-27 09:32:14.500,3744.4000,41873,0,501966900.000,0,-,-,-,-,3743.8000,3743.6000,3743.4000,3743.0000,3741.2000,3744.8000,3745.0000,3745.2000,3745.6000,3745.8000,2,1,1,1,4,1,2,1,1,1
SF,IF2006,2020-04-27 09:32:15.000,3744.4000,41873,0,501966900.000,0,-,-,-,-,3743.8000,3743.6000,3743.4000,3743.0000,3741.2000,3744.8000,3745.0000,3745.2000,3745.6000,3745.8000,2,1,1,1,4,2,2,1,1,1
SF,IF2006,2020-04-27 09:32:15.500,3744.4000,41873,0,501966900.000,0,-,-,-,-,3744.0000,3743.8000,3743.6000,3743.4000,3743.0000,3744.8000,3745.0000,3745.2000,3745.6000,3745.8000,5,2,1,1,1,2,2,1,1,1
SF,IF2006,2020-04-27 09:32:16.000,3744.4000,41873,0,501966900.000,0,-,-,-,-,3744.0000,3743.8000,3743.6000,3743.4000,3743.0000,3744.8000,3745.0000,3745.2000,3745.6000,3745.8000,5,2,1,1,1,4,3,1,1,1
SF,IF2006,2020-04-27 09:32:16.500,3744.0000,41873,0,503090100.000,1,0,1,多换,S,3744.0000,3743.8000,3743.6000,3743.4000,3743.0000,3744.6000,3744.8000,3745.0000,3745.2000,3745.6000,4,2,1,1,1,2,2,3,1,1
SF,IF2006,2020-04-27 09:32:17.000,3744.0000,41873,0,503090100.000,0,-,-,-,-,3744.0000,3743.8000,3743.6000,3743.4000,3743.0000,3744.6000,3744.8000,3745.0000,3745.2000,3745.6000,4,2,1,1,1,2,2,3,1,1
SF,IF2006,2020-04-27 09:32:17.500,3744.8000,41870,-3,507583740.000,4,0,4,多平,S,3744.0000,3743.8000,3743.6000,3743.4000,3743.0000,3745.0000,3745.2000,3745.6000,3745.8000,3746.0000,4,2,1,1,1,3,1,1,1,1
SF,IF2006,2020-04-27 09:32:18.000,3744.8000,41870,0,507583740.000,0,-,-,-,-,3744.0000,3743.8000,3743.6000,3743.4000,3743.0000,3745.0000,3745.2000,3745.6000,3745.8000,3746.0000,4,2,1,1,2,3,1,1,1,1
SF,IF2006,2020-04-27 09:32:18.500,3744.8000,41870,0,507583740.000,0,-,-,-,-,3744.0000,3743.8000,3743.6000,3743.4000,3743.0000,3744.8000,3745.0000,3745.2000,3745.6000,3745.8000,4,2,1,1,2,1,3,1,1,1
SF,IF2006,2020-04-27 09:32:19.000,3744.8000,41870,0,507583740.000,0,-,-,-,-,3744.0000,3743.8000,3743.6000,3743.4000,3743.0000,3744.8000,3745.0000,3745.2000,3745.6000,3745.8000,4,2,1,1,2,1,3,1,1,1
SF,IF2006,2020-04-27 09:32:19.500,3744.8000,41870,0,507583740.000,0,-,-,-,-,3744.2000,3744.0000,3743.8000,3743.6000,3743.4000,3745.0000,3745.2000,3745.6000,3745.8000,3746.0000,1,4,2,1,1,3,1,1,1,1
SF,IF2006,2020-04-27 09:32:20.000,3744.8000,41870,0,507583740.000,0,-,-,-,-,3744.2000,3744.0000,3743.8000,3743.6000,3743.4000,3744.8000,3745.0000,3745.2000,3745.6000,3745.8000,1,4,2,1,1,1,3,1,1,1
SF,IF2006,2020-04-27 09:32:20.500,3744.8000,41870,0,507583740.000,0,-,-,-,-,3744.0000,3743.8000,3743.6000,3743.4000,3743.0000,3744.8000,3745.0000,3745.2000,3745.6000,3745.8000,4,2,1,1,2,1,3,1,1,1
SF,IF2006,2020-04-27 09:32:21.000,3744.8000,41870,0,507583740.000,0,-,-,-,-,3744.0000,3743.8000,3743.6000,3743.4000,3743.0000,3744.8000,3745.0000,3745.2000,3745.6000,3745.8000,4,2,1,1,2,2,3,1,1,1
SF,IF2006,2020-04-27 09:32:21.500,3744.8000,41870,0,507583740.000,0,-,-,-,-,3744.0000,3743.8000,3743.6000,3743.4000,3743.0000,3744.2000,3744.8000,3745.0000,3745.2000,3745.6000,4,2,1,1,2,1,1,3,1,1
SF,IF2006,2020-04-27 09:32:22.000,3744.2000,41870,0,508707000.000,1,0,1,多换,S,3744.2000,3744.0000,3743.8000,3743.6000,3743.4000,3744.8000,3745.0000,3745.2000,3745.6000,3745.8000,4,4,2,1,1,1,3,1,1,1
SF,IF2006,2020-04-27 09:32:22.500,3744.2000,41870,0,508707000.000,0,-,-,-,-,3744.2000,3744.0000,3743.8000,3743.6000,3743.4000,3744.8000,3745.0000,3745.2000,3745.6000,3745.8000,2,4,2,1,1,2,3,1,1,1
SF,IF2006,2020-04-27 09:32:23.000,3744.6000,41868,-2,512077080.000,3,0,3,多平,S,3744.8000,3744.4000,3744.0000,3743.8000,3743.6000,3745.0000,3745.2000,3745.6000,3745.8000,3746.0000,3,5,4,2,1,3,1,1,1,1
SF,IF2006,2020-04-27 09:32:23.500,3745.0000,41866,-2,515447580.000,3,0,3,多平,S,3744.8000,3744.4000,3744.0000,3743.8000,3743.6000,3745.2000,3745.6000,3745.8000,3746.0000,3746.2000,3,5,4,2,1,1,1,1,1,1
SF,IF2006,2020-04-27 09:32:24.000,3744.8000,41864,-2,518817900.000,3,0,3,多平,S,3744.0000,3743.8000,3743.6000,3743.4000,3743.0000,3744.6000,3745.2000,3745.6000,3745.8000,3746.0000,4,2,1,1,2,11,1,1,1,1
SF,IF2006,2020-04-27 09:32:24.500,3744.8000,41864,0,518817900.000,0,-,-,-,-,3744.0000,3743.8000,3743.6000,3743.2000,3743.0000,3744.8000,3745.2000,3745.6000,3745.8000,3746.0000,4,2,1,1,2,1,1,1,1,1
SF,IF2006,2020-04-27 09:32:25.000,3744.8000,41864,0,518817900.000,0,-,-,-,-,3744.2000,3744.0000,3743.8000,3743.6000,3743.2000,3744.8000,3745.2000,3745.6000,3745.8000,3746.0000,5,4,2,1,1,1,1,1,1,1
SF,IF2006,2020-04-27 09:32:25.500,3744.8000,41864,0,518817900.000,0,-,-,-,-,3744.0000,3743.8000,3743.6000,3743.2000,3743.0000,3744.8000,3745.2000,3745.6000,3745.8000,3746.0000,4,2,1,1,2,1,1,1,1,1
SF,IF2006,2020-04-27 09:32:26.500,3744.8000,41864,0,518817900.000,0,-,-,-,-,3744.0000,3743.8000,3743.6000,3743.2000,3743.0000,3744.8000,3745.2000,3745.6000,3745.8000,3746.0000,4,2,1,1,2,2,1,1,1,1
SF,IF2006,2020-04-27 09:32:27.000,3744.8000,41864,0,518817900.000,0,-,-,-,-,3744.0000,3743.8000,3743.6000,3743.2000,3743.0000,3744.8000,3745.2000,3745.6000,3745.8000,3746.0000,4,2,1,1,2,2,1,1,1,1
SF,IF2006,2020-04-27 09:32:28.500,3744.0000,41864,0,519941100.000,1,0,1,多换,S,3744.0000,3743.8000,3743.6000,3743.2000,3743.0000,3744.8000,3745.2000,3745.6000,3745.8000,3746.0000,3,2,1,1,2,4,1,1,1,1
SF,IF2006,2020-04-27 09:32:29.000,3744.0000,41864,0,521064300.000,1,0,1,多换,S,3744.0000,3743.8000,3743.6000,3743.2000,3743.0000,3744.6000,3744.8000,3745.2000,3745.6000,3745.8000,2,2,1,1,2,1,4,1,1,1
SF,IF2006,2020-04-27 09:32:29.500,3743.8000,41863,-1,524433840.000,3,1,2,多平,S,3743.8000,3743.6000,3743.2000,3743.0000,3742.2000,3744.0000,3744.6000,3744.8000,3745.2000,3745.6000,1,1,1,2,1,1,1,4,1,1
SF,IF2006,2020-04-27 09:32:30.000,3743.6000,41861,-2,526680060.000,2,0,2,双平,S,3743.2000,3743.0000,3742.2000,3741.2000,3741.0000,3744.6000,3744.8000,3745.2000,3745.6000,3745.8000,1,2,1,4,2,1,4,1,1,1
SF,IF2006,2020-04-27 09:32:30.500,3743.6000,41861,0,526680060.000,0,-,-,-,-,3743.2000,3743.0000,3742.2000,3741.2000,3741.0000,3744.4000,3744.6000,3744.8000,3745.2000,3745.6000,4,2,1,4,2,2,1,3,1,1
SF,IF2006,2020-04-27 09:32:31.000,3743.6000,41861,0,526680060.000,0,-,-,-,-,3743.2000,3743.0000,3742.2000,3741.2000,3741.0000,3743.8000,3744.2000,3744.4000,3744.8000,3745.2000,4,2,1,4,2,2,1,2,3,1
SF,IF2006,2020-04-27 09:32:31.500,3743.6000,41861,0,526680060.000,0,-,-,-,-,3743.2000,3743.0000,3742.2000,3741.2000,3741.0000,3743.8000,3744.2000,3744.4000,3744.8000,3745.2000,4,2,1,4,2,2,1,1,2,1
SF,IF2006,2020-04-27 09:32:32.500,3743.6000,41861,0,526680060.000,0,-,-,-,-,3743.2000,3743.0000,3742.2000,3741.2000,3741.0000,3743.8000,3744.2000,3744.4000,3744.8000,3745.2000,4,2,1,4,2,1,1,1,2,1
SF,IF2006,2020-04-27 09:32:33.000,3743.2000,41857,-4,531171900.000,4,0,4,双平,S,3743.0000,3742.2000,3741.2000,3741.0000,3740.2000,3743.2000,3743.8000,3744.2000,3744.4000,3744.8000,2,1,4,2,6,1,1,1,1,2
SF,IF2006,2020-04-27 09:32:33.500,3743.2000,41856,-1,532294860.000,1,0,1,双平,S,3743.4000,3743.2000,3743.0000,3742.2000,3741.2000,3743.8000,3744.2000,3744.4000,3744.8000,3745.0000,5,9,2,1,4,1,1,1,2,1
SF,IF2006,2020-04-27 09:32:34.000,3743.2000,41856,0,532294860.000,0,-,-,-,-,3743.6000,3743.2000,3743.0000,3742.2000,3741.2000,3743.8000,3744.2000,3744.4000,3744.8000,3745.0000,1,4,2,1,4,1,1,1,2,2
SF,IF2006,2020-04-27 09:32:34.500,3743.2000,41856,0,532294860.000,0,-,-,-,-,3743.2000,3743.0000,3742.2000,3741.2000,3741.0000,3743.8000,3744.2000,3744.4000,3744.8000,3745.0000,2,2,1,4,2,1,1,1,2,2
SF,IF2006,2020-04-27 09:32:35.000,3743.2000,41854,-2,534540780.000,2,0,2,双平,S,3743.0000,3742.2000,3741.2000,3741.0000,3740.2000,3743.8000,3744.0000,3744.2000,3744.4000,3744.8000,2,1,4,2,6,1,2,1,1,2
SF,IF2006,2020-04-27 09:32:35.500,3743.2000,41854,0,534540780.000,0,-,-,-,-,3743.0000,3742.2000,3741.2000,3741.0000,3740.2000,3743.6000,3743.8000,3744.0000,3744.4000,3744.8000,2,1,4,2,6,2,1,2,1,2
SF,IF2006,2020-04-27 09:32:36.000,3743.4000,41854,0,535663800.000,1,0,1,多换,S,3743.0000,3742.2000,3741.2000,3741.0000,3740.2000,3743.6000,3743.8000,3744.4000,3744.8000,3745.0000,2,1,4,2,6,2,1,1,2,2
SF,IF2006,2020-04-27 09:32:36.500,3743.0000,41852,-2,537909600.000,2,0,2,双平,S,3742.2000,3741.2000,3741.0000,3740.2000,3740.0000,3743.6000,3743.8000,3744.4000,3744.8000,3745.0000,1,4,2,6,7,2,1,1,2,2
SF,IF2006,2020-04-27 09:32:37.000,3743.0000,41852,0,537909600.000,0,-,-,-,-,3742.4000,3742.2000,3741.2000,3741.0000,3740.2000,3743.4000,3743.6000,3743.8000,3744.4000,3744.8000,1,1,4,2,6,1,2,1,1,2
SF,IF2006,2020-04-27 09:32:37.500,3743.0000,41852,0,537909600.000,0,-,-,-,-,3742.4000,3742.2000,3741.2000,3741.0000,3740.2000,3743.0000,3743.6000,3743.8000,3744.4000,3744.8000,1,1,4,2,6,1,2,1,1,2
SF,IF2006,2020-04-27 09:32:38.000,3742.2000,41853,1,539032260.000,1,1,0,双开,S,3741.2000,3741.0000,3740.2000,3740.0000,3739.8000,3742.2000,3743.0000,3743.6000,3743.8000,3744.4000,4,2,6,7,1,2,1,2,1,1
SF,IF2006,2020-04-27 09:32:38.500,3742.2000,41852,-1,543522900.000,4,1,3,多平,S,3742.2000,3742.0000,3741.4000,3741.2000,3741.0000,3743.0000,3743.6000,3743.8000,3744.4000,3744.8000,3,5,3,4,2,1,2,1,1,2
SF,IF2006,2020-04-27 09:32:39.000,3742.2000,41851,-1,544645560.000,1,0,1,双平,S,3742.2000,3741.4000,3741.2000,3741.0000,3740.2000,3742.8000,3743.0000,3743.6000,3743.8000,3744.4000,2,2,4,2,6,1,1,1,1,1
SF,IF2006,2020-04-27 09:32:39.500,3742.8000,41849,-2,548013960.000,3,0,3,多平,S,3742.6000,3742.4000,3742.2000,3742.0000,3741.4000,3743.0000,3743.6000,3743.8000,3744.4000,3744.8000,1,3,2,1,1,1,1,1,1,2
SF,IF2006,2020-04-27 09:32:40.000,3742.8000,41849,0,548013960.000,0,-,-,-,-,3742.2000,3742.0000,3741.4000,3741.2000,3741.0000,3742.8000,3743.0000,3743.6000,3743.8000,3744.4000,2,1,1,4,2,1,1,1,1,1
SF,IF2006,2020-04-27 09:32:40.500,3742.8000,41849,0,548013960.000,0,-,-,-,-,3742.4000,3742.2000,3742.0000,3741.4000,3741.2000,3742.8000,3743.0000,3743.6000,3743.8000,3744.4000,5,2,1,1,4,1,1,1,1,1
SF,IF2006,2020-04-27 09:32:41.000,3742.4000,41848,-1,549136680.000,1,0,1,双平,S,3742.2000,3742.0000,3741.4000,3741.2000,3741.0000,3742.6000,3742.8000,3743.0000,3743.6000,3743.8000,2,1,1,4,2,1,1,1,1,1
SF,IF2006,2020-04-27 09:32:41.500,3742.4000,41848,0,549136680.000,0,-,-,-,-,3742.2000,3742.0000,3741.4000,3741.2000,3741.0000,3742.4000,3742.6000,3743.0000,3743.6000,3743.8000,1,1,1,4,2,1,1,1,1,1
SF,IF2006,2020-04-27 09:32:42.000,3742.6000,41847,-1,552504840.000,3,1,2,多平,S,3742.0000,3741.4000,3741.2000,3741.0000,3740.2000,3743.0000,3743.6000,3743.8000,3744.4000,3744.8000,1,1,4,2,6,1,1,1,1,2
SF,IF2006,2020-04-27 09:32:42.500,3742.6000,41847,0,552504840.000,0,-,-,-,-,3742.0000,3741.4000,3741.2000,3741.0000,3740.2000,3742.8000,3743.0000,3743.6000,3743.8000,3744.8000,1,1,4,2,6,2,2,1,1,2
SF,IF2006,2020-04-27 09:32:43.000,3742.0000,41847,0,553627440.000,1,0,1,多换,S,3741.4000,3741.2000,3741.0000,3740.2000,3740.0000,3742.8000,3743.0000,3743.6000,3743.8000,3744.8000,1,4,2,6,7,2,1,1,1,2
SF,IF2006,2020-04-27 09:32:43.500,3742.0000,41847,0,553627440.000,0,-,-,-,-,3741.8000,3741.6000,3741.4000,3741.2000,3741.0000,3742.8000,3743.0000,3743.6000,3743.8000,3744.8000,5,1,2,4,2,1,1,1,1,2
SF,IF2006,2020-04-27 09:32:44.000,3742.0000,41847,0,553627440.000,0,-,-,-,-,3742.6000,3741.6000,3741.4000,3741.2000,3741.0000,3742.8000,3743.0000,3743.6000,3743.8000,3744.8000,1,1,2,4,2,1,1,1,1,2
SF,IF2006,2020-04-27 09:32:44.500,3742.6000,41846,-1,554750220.000,1,0,1,双平,S,3741.6000,3741.4000,3741.2000,3741.0000,3740.2000,3742.8000,3743.0000,3743.6000,3743.8000,3744.8000,1,2,4,2,6,4,1,1,1,2
SF,IF2006,2020-04-27 09:32:45.000,3741.8000,41845,-1,556995600.000,2,0,2,多平,S,3741.8000,3741.6000,3741.4000,3741.2000,3741.0000,3742.8000,3743.0000,3743.6000,3743.8000,3744.8000,4,3,1,4,2,3,1,1,1,2
SF,IF2006,2020-04-27 09:32:45.500,3742.8000,41843,-2,560364060.000,3,0,3,多平,S,3742.0000,3741.6000,3741.4000,3741.2000,3741.0000,3742.8000,3743.0000,3743.6000,3743.8000,3744.8000,1,1,1,4,2,1,1,1,1,2
SF,IF2006,2020-04-27 09:32:46.000,3742.8000,41843,0,560364060.000,0,-,-,-,-,3742.2000,3742.0000,3741.4000,3741.2000,3741.0000,3742.8000,3743.0000,3743.6000,3743.8000,3744.8000,1,1,1,4,2,1,1,1,1,2
SF,IF2006,2020-04-27 09:32:46.500,3742.8000,41843,0,560364060.000,0,-,-,-,-,3742.2000,3742.0000,3741.6000,3741.4000,3741.2000,3742.8000,3743.0000,3743.6000,3743.8000,3744.8000,1,1,1,1,4,1,1,1,1,2
SF,IF2006,2020-04-27 09:32:47.000,3742.2000,41841,-2,562609560.000,2,0,2,双平,S,3742.0000,3741.6000,3741.4000,3741.2000,3741.0000,3743.0000,3743.6000,3743.8000,3744.8000,3745.0000,1,1,2,4,2,1,1,1,2,2
SF,IF2006,2020-04-27 09:32:47.500,3742.0000,41841,0,563732160.000,1,0,1,多换,S,3742.0000,3741.6000,3741.4000,3741.2000,3741.0000,3742.8000,3743.0000,3743.6000,3743.8000,3744.8000,1,1,2,4,2,1,1,1,1,2
SF,IF2006,2020-04-27 09:32:49.000,3742.6000,41840,-1,564854940.000,1,0,1,双平,S,3741.6000,3741.4000,3741.2000,3741.0000,3740.2000,3742.8000,3743.0000,3743.6000,3743.8000,3744.8000,1,2,4,2,6,2,1,1,1,2
SF,IF2006,2020-04-27 09:32:49.500,3742.6000,41840,0,564854940.000,0,-,-,-,-,3741.8000,3741.6000,3741.4000,3741.2000,3741.0000,3742.8000,3743.0000,3743.6000,3743.8000,3744.8000,1,2,1,4,2,2,1,1,1,2
SF,IF2006,2020-04-27 09:32:50.000,3742.6000,41840,0,564854940.000,0,-,-,-,-,3741.8000,3741.6000,3741.4000,3741.2000,3741.0000,3742.8000,3743.0000,3743.6000,3743.8000,3744.8000,1,2,1,4,2,2,1,1,1,2
SF,IF2006,2020-04-27 09:32:50.500,3742.6000,41840,0,564854940.000,0,-,-,-,-,3742.0000,3741.8000,3741.6000,3741.4000,3741.2000,3742.8000,3743.0000,3743.6000,3743.8000,3744.8000,1,1,2,1,4,2,1,1,1,2
SF,IF2006,2020-04-27 09:32:51.000,3742.0000,41839,-1,565977540.000,1,0,1,双平,S,3741.6000,3741.4000,3741.2000,3741.0000,3740.2000,3742.0000,3742.4000,3742.6000,3742.8000,3743.0000,2,1,4,2,6,1,2,3,2,1
SF,IF2006,2020-04-27 09:32:52.500,3742.0000,41839,0,567100140.000,1,0,1,多换,S,3742.0000,3741.6000,3741.4000,3741.2000,3741.0000,3742.4000,3742.6000,3742.8000,3743.0000,3743.6000,1,2,1,4,2,2,3,2,1,1
SF,IF2006,2020-04-27 09:32:53.000,3742.0000,41839,0,567100140.000,0,-,-,-,-,3741.6000,3741.4000,3741.2000,3741.0000,3740.2000,3742.4000,3742.6000,3742.8000,3743.0000,3743.6000,2,1,4,2,6,2,2,1,1,1
SF,IF2006,2020-04-27 09:32:53.500,3741.8000,41836,-3,570468120.000,3,0,3,双平,S,3741.8000,3741.6000,3741.4000,3741.2000,3741.0000,3742.6000,3743.0000,3743.6000,3743.8000,3744.8000,1,3,1,4,2,1,1,1,1,2
SF,IF2006,2020-04-27 09:32:54.000,3742.6000,41835,-1,571590900.000,1,0,1,双平,S,3742.0000,3741.8000,3741.6000,3741.4000,3741.2000,3743.0000,3743.6000,3743.8000,3744.8000,3745.0000,1,2,2,1,4,1,1,1,2,2
SF,IF2006,2020-04-27 09:32:54.500,3742.2000,41835,0,573836220.000,2,1,1,多换,S,3742.2000,3742.0000,3741.8000,3741.6000,3741.4000,3742.8000,3743.0000,3743.6000,3743.8000,3744.8000,1,1,1,2,1,1,2,1,1,2
SF,IF2006,2020-04-27 09:32:55.000,3742.2000,41835,0,573836220.000,0,-,-,-,-,3742.2000,3742.0000,3741.8000,3741.6000,3741.4000,3742.8000,3743.0000,3743.6000,3743.8000,3744.8000,1,1,1,2,1,2,1,1,1,2
SF,IF2006,2020-04-27 09:32:55.500,3742.2000,41835,0,573836220.000,0,-,-,-,-,3742.2000,3742.0000,3741.6000,3741.4000,3741.2000,3742.8000,3743.0000,3743.6000,3743.8000,3744.8000,2,1,2,1,4,2,1,1,1,2
SF,IF2006,2020-04-27 09:32:56.000,3742.2000,41835,0,573836220.000,0,-,-,-,-,3742.2000,3742.0000,3741.6000,3741.4000,3741.2000,3742.8000,3743.0000,3743.6000,3743.8000,3744.0000,1,1,2,1,4,2,1,1,1,1
SF,IF2006,2020-04-27 09:32:56.500,3742.2000,41835,0,574958880.000,1,0,1,多换,S,3742.0000,3741.6000,3741.4000,3741.2000,3741.0000,3742.2000,3742.8000,3743.0000,3743.6000,3743.8000,1,2,1,4,2,1,2,1,1,1
SF,IF2006,2020-04-27 09:32:57.000,3742.2000,41835,0,576081540.000,1,0,1,多换,S,3742.2000,3742.0000,3741.6000,3741.4000,3741.2000,3742.8000,3743.0000,3743.6000,3743.8000,3744.0000,2,1,2,1,4,2,1,1,1,1
SF,IF2006,2020-04-27 09:32:57.500,3742.2000,41835,0,576081540.000,0,-,-,-,-,3742.2000,3742.0000,3741.6000,3741.4000,3741.2000,3742.8000,3743.0000,3743.6000,3743.8000,3744.0000,1,1,2,1,4,2,1,1,1,1
SF,IF2006,2020-04-27 09:32:58.000,3742.2000,41835,0,576081540.000,0,-,-,-,-,3742.0000,3741.6000,3741.4000,3741.2000,3741.0000,3742.8000,3743.0000,3743.6000,3743.8000,3744.0000,1,2,1,4,2,1,1,1,1,1
SF,IF2006,2020-04-27 09:32:58.500,3742.2000,41835,0,576081540.000,0,-,-,-,-,3742.0000,3741.6000,3741.4000,3741.2000,3741.0000,3742.8000,3743.0000,3743.6000,3743.8000,3744.0000,1,2,1,4,2,3,1,1,1,1
SF,IF2006,2020-04-27 09:32:59.000,3742.2000,41835,0,576081540.000,0,-,-,-,-,3741.6000,3741.4000,3741.2000,3741.0000,3740.2000,3742.6000,3742.8000,3743.0000,3743.6000,3743.8000,2,1,4,2,6,3,1,6,1,1
SF,IF2006,2020-04-27 09:32:59.500,3742.2000,41835,0,576081540.000,0,-,-,-,-,3741.8000,3741.6000,3741.4000,3741.2000,3741.0000,3742.6000,3742.8000,3743.0000,3743.6000,3743.8000,4,2,1,4,2,1,1,6,1,1
SF,IF2006,2020-04-27 09:33:00.000,3742.2000,41835,0,576081540.000,0,-,-,-,-,3741.6000,3741.4000,3741.2000,3741.0000,3740.2000,3742.4000,3742.6000,3742.8000,3743.0000,3743.6000,2,1,4,2,6,1,1,1,6,1
SF,IF2006,2020-04-27 09:33:00.500,3742.2000,41835,0,576081540.000,0,-,-,-,-,3741.8000,3741.6000,3741.4000,3741.2000,3741.0000,3742.4000,3742.8000,3743.0000,3743.6000,3743.8000,6,2,1,4,2,3,1,6,1,1
SF,IF2006,2020-04-27 09:33:01.000,3742.4000,41834,-1,577204260.000,1,0,1,双平,S,3742.0000,3741.8000,3741.6000,3741.4000,3741.2000,3742.4000,3742.8000,3743.0000,3743.6000,3743.8000,1,1,2,1,4,1,1,6,1,1
SF,IF2006,2020-04-27 09:33:01.500,3742.0000,41833,-1,578326860.000,1,0,1,双平,S,3741.8000,3741.6000,3741.4000,3741.2000,3741.0000,3742.4000,3742.8000,3743.0000,3743.6000,3743.8000,1,2,1,4,2,1,1,6,1,1
SF,IF2006,2020-04-27 09:33:02.000,3742.0000,41833,0,578326860.000,0,-,-,-,-,3741.8000,3741.6000,3741.4000,3741.2000,3741.0000,3742.4000,3742.8000,3743.0000,3743.6000,3743.8000,1,2,1,4,2,1,1,6,1,1
SF,IF2006,2020-04-27 09:33:03.000,3742.0000,41833,0,578326860.000,0,-,-,-,-,3742.0000,3741.8000,3741.6000,3741.4000,3741.2000,3742.4000,3742.8000,3743.0000,3743.6000,3743.8000,1,1,2,1,4,1,1,6,1,1
SF,IF2006,2020-04-27 09:33:03.500,3741.8000,41831,-2,580572000.000,2,0,2,双平,S,3741.6000,3741.4000,3741.2000,3741.0000,3740.8000,3741.8000,3742.4000,3742.8000,3743.0000,3743.6000,2,1,4,2,1,1,1,1,6,1
SF,IF2006,2020-04-27 09:33:04.000,3741.8000,41830,-1,582817080.000,2,0,2,多平,S,3741.8000,3741.6000,3741.4000,3741.2000,3741.0000,3742.8000,3743.0000,3743.6000,3743.8000,3744.0000,3,2,1,4,2,1,6,1,1,1
SF,IF2006,2020-04-27 09:33:04.500,3741.8000,41830,0,582817080.000,0,-,-,-,-,3741.8000,3741.6000,3741.4000,3741.2000,3741.0000,3742.6000,3742.8000,3743.0000,3743.6000,3743.8000,1,2,1,4,2,3,2,6,1,1
SF,IF2006,2020-04-27 09:33:05.000,3741.8000,41830,0,583939620.000,1,0,1,多换,S,3741.6000,3741.4000,3741.2000,3741.0000,3740.8000,3742.6000,3742.8000,3743.0000,3743.6000,3743.8000,2,1,4,2,1,3,2,6,1,1
SF,IF2006,2020-04-27 09:33:05.500,3741.8000,41830,0,583939620.000,0,-,-,-,-,3741.8000,3741.6000,3741.4000,3741.2000,3741.0000,3742.6000,3742.8000,3743.0000,3743.6000,3743.8000,1,2,1,4,2,1,2,6,1,1
SF,IF2006,2020-04-27 09:33:06.000,3741.8000,41830,0,583939620.000,0,-,-,-,-,3741.8000,3741.6000,3741.4000,3741.2000,3741.0000,3742.6000,3742.8000,3743.0000,3743.6000,3743.8000,1,2,1,4,2,1,1,6,1,1
SF,IF2006,2020-04-27 09:33:06.500,3741.8000,41830,0,583939620.000,0,-,-,-,-,3741.6000,3741.4000,3741.2000,3741.0000,3740.8000,3742.4000,3742.6000,3742.8000,3743.0000,3743.6000,2,1,4,2,1,1,2,1,6,1
SF,IF2006,2020-04-27 09:33:07.000,3741.6000,41831,1,585062100.000,1,1,0,双开,S,3741.6000,3741.4000,3741.2000,3741.0000,3740.8000,3742.4000,3742.6000,3742.8000,3743.0000,3743.6000,1,1,4,2,1,1,1,1,6,1
SF,IF2006,2020-04-27 09:33:07.500,3741.6000,41831,0,585062100.000,0,-,-,-,-,3741.8000,3741.6000,3741.4000,3741.2000,3741.0000,3742.6000,3742.8000,3743.0000,3743.6000,3743.8000,6,2,1,4,2,1,1,6,1,1
SF,IF2006,2020-04-27 09:33:08.000,3741.6000,41831,0,585062100.000,0,-,-,-,-,3741.6000,3741.4000,3741.2000,3741.0000,3740.8000,3742.6000,3742.8000,3743.0000,3743.6000,3743.8000,1,1,4,2,1,2,1,6,1,1
SF,IF2006,2020-04-27 09:33:08.500,3741.6000,41831,0,585062100.000,0,-,-,-,-,3741.6000,3741.4000,3741.2000,3741.0000,3740.8000,3742.4000,3742.6000,3742.8000,3743.0000,3743.6000,2,1,4,2,1,1,2,1,6,1
SF,IF2006,2020-04-27 09:33:09.000,3741.6000,41831,0,585062100.000,0,-,-,-,-,3741.6000,3741.2000,3741.0000,3740.8000,3740.2000,3742.4000,3742.6000,3742.8000,3743.0000,3743.6000,2,4,2,1,6,3,1,1,6,1
SF,IF2006,2020-04-27 09:33:10.000,3741.6000,41831,0,585062100.000,0,-,-,-,-,3741.6000,3741.2000,3741.0000,3740.8000,3740.2000,3742.2000,3742.4000,3742.6000,3742.8000,3743.0000,2,4,2,1,6,2,2,1,1,6
SF,IF2006,2020-04-27 09:33:10.500,3742.2000,41830,-1,587307420.000,2,0,2,多平,S,3741.6000,3741.2000,3741.0000,3740.8000,3740.2000,3742.4000,3742.6000,3742.8000,3743.0000,3743.6000,3,4,2,1,6,2,1,1,6,1
SF,IF2006,2020-04-27 09:33:11.000,3742.4000,41829,-1,588430140.000,1,0,1,双平,S,3742.0000,3741.8000,3741.6000,3741.2000,3741.0000,3742.6000,3742.8000,3743.0000,3743.6000,3743.8000,1,5,2,4,2,1,1,6,1,1
SF,IF2006,2020-04-27 09:33:11.500,3742.4000,41829,0,588430140.000,0,-,-,-,-,3742.2000,3741.8000,3741.6000,3741.2000,3741.0000,3742.6000,3742.8000,3743.0000,3743.6000,3743.8000,1,3,2,4,2,1,2,6,1,1
SF,IF2006,2020-04-27 09:33:12.000,3742.2000,41828,-1,589552800.000,1,0,1,双平,S,3741.8000,3741.6000,3741.2000,3741.0000,3740.8000,3742.6000,3742.8000,3743.0000,3743.6000,3743.8000,2,2,4,2,1,1,2,6,1,1
SF,IF2006,2020-04-27 09:33:12.500,3742.2000,41828,0,589552800.000,0,-,-,-,-,3741.8000,3741.6000,3741.2000,3741.0000,3740.8000,3742.6000,3742.8000,3743.0000,3743.6000,3743.8000,3,2,4,2,1,1,2,6,1,1
SF,IF2006,2020-04-27 09:33:13.000,3742.6000,41828,0,590675580.000,1,0,1,多换,S,3742.0000,3741.8000,3741.6000,3741.2000,3741.0000,3742.8000,3743.0000,3743.6000,3743.8000,3744.0000,2,1,2,4,2,2,6,1,1,1
SF,IF2006,2020-04-27 09:33:13.500,3742.6000,41828,0,590675580.000,0,-,-,-,-,3742.0000,3741.8000,3741.6000,3741.2000,3741.0000,3742.2000,3742.8000,3743.0000,3743.6000,3743.8000,1,2,2,4,2,1,2,6,1,1
SF,IF2006,2020-04-27 09:33:14.000,3742.2000,41827,-1,595166220.000,4,1,3,多平,S,3742.0000,3741.8000,3741.6000,3741.2000,3741.0000,3742.8000,3743.0000,3743.6000,3743.8000,3744.0000,1,2,2,4,2,2,6,1,1,1
SF,IF2006,2020-04-27 09:33:14.500,3742.0000,41826,-1,596288820.000,1,0,1,双平,S,3741.8000,3741.6000,3741.2000,3741.0000,3740.8000,3742.0000,3742.8000,3743.0000,3743.6000,3743.8000,2,2,4,2,1,1,2,5,1,1
SF,IF2006,2020-04-27 09:33:15.000,3742.0000,41825,-1,597411420.000,1,0,1,双平,S,3742.0000,3741.8000,3741.6000,3741.2000,3741.0000,3742.8000,3743.0000,3743.6000,3743.8000,3744.0000,6,2,2,4,2,2,5,1,1,1
SF,IF2006,2020-04-27 09:33:15.500,3742.0000,41825,0,597411420.000,0,-,-,-,-,3742.2000,3741.8000,3741.6000,3741.2000,3741.0000,3742.8000,3743.0000,3743.6000,3743.8000,3744.0000,2,2,2,4,2,2,5,1,1,1
SF,IF2006,2020-04-27 09:33:16.000,3742.0000,41825,0,597411420.000,0,-,-,-,-,3742.2000,3741.8000,3741.6000,3741.2000,3741.0000,3742.6000,3742.8000,3743.0000,3743.6000,3743.8000,2,1,2,4,2,1,2,5,1,1
SF,IF2006,2020-04-27 09:33:16.500,3742.6000,41824,-1,600779640.000,3,1,2,多平,S,3742.2000,3741.8000,3741.6000,3741.2000,3741.0000,3742.8000,3743.0000,3743.6000,3743.8000,3744.0000,1,1,2,4,2,2,5,1,1,1
SF,IF2006,2020-04-27 09:33:19.500,3742.6000,41824,0,600779640.000,0,-,-,-,-,3742.2000,3741.8000,3741.6000,3741.2000,3741.0000,3742.8000,3743.0000,3743.6000,3743.8000,3744.0000,1,1,2,4,2,2,5,1,1,1
SF,IF2006,2020-04-27 09:33:20.000,3742.6000,41824,0,600779640.000,0,-,-,-,-,3741.8000,3741.6000,3741.2000,3741.0000,3740.8000,3742.8000,3743.0000,3743.6000,3743.8000,3744.0000,1,2,4,2,1,2,7,1,1,1
SF,IF2006,2020-04-27 09:33:20.500,3742.6000,41824,0,600779640.000,0,-,-,-,-,3742.0000,3741.8000,3741.6000,3741.2000,3741.0000,3742.8000,3743.0000,3743.6000,3743.8000,3744.0000,1,1,2,4,2,2,7,1,1,1
SF,IF2006,2020-04-27 09:33:21.000,3742.0000,41823,-1,601902240.000,1,0,1,双平,S,3741.8000,3741.6000,3741.2000,3741.0000,3740.8000,3742.8000,3743.0000,3743.6000,3743.8000,3744.0000,1,2,4,2,1,2,7,1,1,1
SF,IF2006,2020-04-27 09:33:21.500,3742.0000,41823,0,601902240.000,0,-,-,-,-,3742.0000,3741.8000,3741.6000,3741.2000,3741.0000,3742.4000,3742.8000,3743.0000,3743.6000,3743.8000,1,1,2,4,2,2,3,7,1,1
SF,IF2006,2020-04-27 09:33:24.000,3742.0000,41823,0,601902240.000,0,-,-,-,-,3742.0000,3741.8000,3741.6000,3741.2000,3741.0000,3742.4000,3742.8000,3743.0000,3743.6000,3743.8000,1,2,2,4,2,2,3,7,1,1
SF,IF2006,2020-04-27 09:33:24.500,3742.0000,41822,-1,603024840.000,1,0,1,双平,S,3741.8000,3741.6000,3741.2000,3741.0000,3740.8000,3742.0000,3742.4000,3742.8000,3743.0000,3743.6000,2,2,4,2,1,1,2,3,7,1
SF,IF2006,2020-04-27 09:33:25.000,3742.0000,41821,-1,604147440.000,1,0,1,双平,S,3742.0000,3741.8000,3741.6000,3741.2000,3741.0000,3742.2000,3742.4000,3742.8000,3743.0000,3743.6000,1,2,2,4,2,1,2,3,7,1
SF,IF2006,2020-04-27 09:33:25.500,3742.2000,41820,-1,605270100.000,1,0,1,双平,S,3741.8000,3741.6000,3741.2000,3741.0000,3740.8000,3742.0000,3742.4000,3742.8000,3743.0000,3743.6000,2,2,4,2,1,2,3,3,7,1
SF,IF2006,2020-04-27 09:33:26.000,3742.0000,41818,-2,607515300.000,2,0,2,双平,S,3742.0000,3741.8000,3741.6000,3741.2000,3741.0000,3742.4000,3742.8000,3743.0000,3743.6000,3743.8000,5,2,2,4,2,3,3,7,1,1
SF,IF2006,2020-04-27 09:33:26.500,3742.0000,41818,0,607515300.000,0,-,-,-,-,3742.0000,3741.8000,3741.6000,3741.2000,3741.0000,3742.4000,3742.8000,3743.0000,3743.6000,3743.8000,5,3,2,4,2,3,3,7,1,1
SF,IF2006,2020-04-27 09:33:27.000,3742.0000,41818,0,607515300.000,0,-,-,-,-,3742.0000,3741.8000,3741.6000,3741.2000,3741.0000,3742.4000,3742.8000,3743.0000,3743.6000,3743.8000,1,3,2,4,2,3,3,7,1,1
SF,IF2006,2020-04-27 09:33:27.500,3742.0000,41818,0,607515300.000,0,-,-,-,-,3742.0000,3741.8000,3741.6000,3741.2000,3741.0000,3742.4000,3742.6000,3742.8000,3743.0000,3743.6000,1,3,2,4,2,3,1,3,7,1
SF,IF2006,2020-04-27 09:33:28.000,3742.0000,41818,0,608637900.000,1,0,1,多换,S,3741.8000,3741.6000,3741.2000,3741.0000,3740.8000,3742.4000,3742.6000,3742.8000,3743.0000,3743.6000,3,2,4,2,1,3,1,3,7,1
SF,IF2006,2020-04-27 09:33:28.500,3742.4000,41817,-1,609760620.000,1,0,1,双平,S,3741.8000,3741.6000,3741.2000,3741.0000,3740.8000,3742.4000,3742.6000,3742.8000,3743.0000,3743.6000,4,2,4,2,1,2,1,3,7,1
SF,IF2006,2020-04-27 09:33:29.000,3742.0000,41816,-1,610883220.000,1,0,1,双平,S,3741.8000,3741.6000,3741.2000,3741.0000,3740.8000,3742.4000,3742.6000,3742.8000,3743.0000,3743.6000,4,2,4,2,1,2,1,3,7,1
SF,IF2006,2020-04-27 09:33:30.000,3742.0000,41816,0,610883220.000,0,-,-,-,-,3741.8000,3741.6000,3741.2000,3741.0000,3740.8000,3742.2000,3742.4000,3742.6000,3742.8000,3743.0000,4,2,4,2,1,3,2,1,3,7
SF,IF2006,2020-04-27 09:33:31.500,3741.8000,41814,-2,613128420.000,2,0,2,双平,S,3741.8000,3741.6000,3741.2000,3741.0000,3740.8000,3742.2000,3742.4000,3742.6000,3742.8000,3743.0000,3,2,4,2,1,2,2,1,3,7
SF,IF2006,2020-04-27 09:33:32.000,3741.8000,41814,0,613128420.000,0,-,-,-,-,3741.8000,3741.6000,3741.2000,3741.0000,3740.8000,3742.2000,3742.4000,3742.6000,3742.8000,3743.0000,3,2,4,2,1,2,3,1,3,7
SF,IF2006,2020-04-27 09:33:32.500,3741.8000,41814,0,613128420.000,0,-,-,-,-,3741.8000,3741.6000,3741.2000,3741.0000,3740.8000,3742.2000,3742.4000,3742.6000,3742.8000,3743.0000,4,2,4,2,1,2,3,1,3,7
SF,IF2006,2020-04-27 09:33:33.500,3741.8000,41814,0,613128420.000,0,-,-,-,-,3741.8000,3741.6000,3741.2000,3741.0000,3740.8000,3742.2000,3742.4000,3742.6000,3742.8000,3743.0000,4,2,4,2,1,2,3,1,3,7
SF,IF2006,2020-04-27 09:33:34.000,3741.8000,41814,0,613128420.000,0,-,-,-,-,3741.8000,3741.6000,3741.2000,3741.0000,3740.8000,3742.2000,3742.4000,3742.6000,3742.8000,3743.0000,4,2,4,2,1,2,3,1,3,7
SF,IF2006,2020-04-27 09:33:34.500,3741.8000,41814,0,613128420.000,0,-,-,-,-,3741.8000,3741.6000,3741.2000,3741.0000,3740.8000,3742.2000,3742.4000,3742.6000,3742.8000,3743.0000,4,2,4,2,1,2,3,1,3,7
SF,IF2006,2020-04-27 09:33:35.500,3741.8000,41817,3,617618580.000,4,3,1,空开,S,3741.6000,3741.2000,3741.0000,3740.8000,3740.6000,3741.8000,3742.2000,3742.4000,3742.6000,3742.8000,2,4,2,1,1,6,2,3,1,3
SF,IF2006,2020-04-27 09:33:36.000,3741.8000,41820,3,624353820.000,6,4,2,空开,S,3741.8000,3741.6000,3741.2000,3741.0000,3740.8000,3742.2000,3742.4000,3742.6000,3742.8000,3743.0000,7,2,4,2,1,2,3,1,3,7
SF,IF2006,2020-04-27 09:33:36.500,3741.8000,41820,0,624353820.000,0,-,-,-,-,3741.8000,3741.6000,3741.2000,3741.0000,3740.8000,3742.2000,3742.4000,3742.6000,3742.8000,3743.0000,2,2,4,2,1,2,3,1,3,7
SF,IF2006,2020-04-27 09:33:37.000,3741.8000,41820,0,624353820.000,0,-,-,-,-,3741.8000,3741.6000,3741.2000,3741.0000,3740.8000,3742.0000,3742.2000,3742.4000,3742.6000,3742.8000,2,2,4,2,1,1,2,3,1,3
SF,IF2006,2020-04-27 09:33:37.500,3741.8000,41818,-2,626598900.000,2,0,2,双平,S,3741.6000,3741.2000,3741.0000,3740.8000,3740.6000,3742.0000,3742.2000,3742.4000,3742.6000,3742.8000,2,4,2,1,1,1,2,3,1,3
SF,IF2006,2020-04-27 09:33:38.000,3741.8000,41818,0,626598900.000,0,-,-,-,-,3741.6000,3741.2000,3741.0000,3740.8000,3740.6000,3742.0000,3742.2000,3742.4000,3742.6000,3742.8000,2,4,2,1,1,1,2,3,1,3
SF,IF2006,2020-04-27 09:33:39.500,3742.0000,41818,0,627721500.000,1,0,1,多换,S,3741.8000,3741.6000,3741.2000,3741.0000,3740.8000,3742.2000,3742.4000,3742.6000,3742.8000,3743.0000,2,2,4,2,1,2,3,1,3,2
SF,IF2006,2020-04-27 09:33:40.000,3741.6000,41817,-1,631089060.000,3,1,2,多平,S,3741.6000,3741.2000,3741.0000,3740.8000,3740.6000,3741.8000,3742.2000,3742.4000,3742.6000,3742.8000,1,4,2,1,1,1,2,3,1,3
SF,IF2006,2020-04-27 09:33:40.500,3741.6000,41817,0,632211540.000,1,0,1,多换,S,3741.2000,3741.0000,3740.8000,3740.6000,3740.2000,3741.6000,3742.2000,3742.4000,3742.6000,3742.8000,4,2,1,1,6,2,2,3,1,3
SF,IF2006,2020-04-27 09:33:41.000,3741.2000,41817,0,633333900.000,1,0,1,多换,S,3741.2000,3741.0000,3740.8000,3740.6000,3740.2000,3741.6000,3742.2000,3742.4000,3742.6000,3742.8000,3,2,1,1,6,2,2,3,1,3
SF,IF2006,2020-04-27 09:33:41.500,3741.0000,41816,-1,638945580.000,5,2,3,多平,S,3740.8000,3740.6000,3740.2000,3740.0000,3739.8000,3741.6000,3742.2000,3742.4000,3742.6000,3742.8000,1,1,6,6,1,1,2,3,1,3
SF,IF2006,2020-04-27 09:33:42.000,3740.8000,41815,-1,640067820.000,1,0,1,双平,S,3740.6000,3740.2000,3740.0000,3739.8000,3739.6000,3741.4000,3741.6000,3742.2000,3742.4000,3742.6000,1,6,6,1,2,1,2,2,3,1
SF,IF2006,2020-04-27 09:33:42.500,3740.6000,41812,-3,644556420.000,4,0,4,多平,S,3740.8000,3740.2000,3740.0000,3739.8000,3738.2000,3741.4000,3741.6000,3742.2000,3742.4000,3742.6000,4,5,6,1,1,2,1,2,3,1
SF,IF2006,2020-04-27 09:33:43.000,3740.8000,41808,-4,649045380.000,4,0,4,双平,S,3740.2000,3740.0000,3739.8000,3738.2000,3737.8000,3740.6000,3740.8000,3741.0000,3741.2000,3741.4000,5,6,1,1,1,6,9,2,2,3
SF,IF2006,2020-04-27 09:33:43.500,3740.2000,41807,-1,654655680.000,5,2,3,多平,S,3740.0000,3739.8000,3738.2000,3737.8000,3737.6000,3740.8000,3741.0000,3741.4000,3741.6000,3742.4000,6,1,1,1,1,1,2,3,1,3
SF,IF2006,2020-04-27 09:33:44.000,3740.6000,41807,0,656899860.000,2,1,1,多换,S,3740.0000,3739.8000,3738.2000,3737.8000,3737.6000,3740.6000,3740.8000,3741.0000,3741.4000,3741.6000,5,1,1,1,1,3,3,2,1,3
SF,IF2006,2020-04-27 09:33:44.500,3740.4000,41806,-1,659143980.000,2,0,2,多平,S,3740.0000,3739.8000,3738.2000,3737.8000,3737.6000,3740.6000,3740.8000,3741.0000,3741.4000,3741.6000,4,1,1,1,1,3,3,2,1,3
SF,IF2006,2020-04-27 09:33:45.000,3740.4000,41806,0,659143980.000,0,-,-,-,-,3740.2000,3740.0000,3739.8000,3738.2000,3737.8000,3740.8000,3741.0000,3741.4000,3741.6000,3742.4000,1,4,1,1,1,2,2,1,3,3
SF,IF2006,2020-04-27 09:33:45.500,3740.8000,41806,0,660266220.000,1,0,1,多换,S,3740.2000,3740.0000,3739.8000,3738.2000,3737.8000,3740.8000,3741.0000,3741.4000,3741.6000,3742.4000,1,4,1,1,1,1,2,1,3,3
SF,IF2006,2020-04-27 09:33:46.000,3740.4000,41806,0,661388340.000,1,0,1,多换,S,3740.2000,3740.0000,3739.8000,3738.2000,3737.8000,3740.8000,3741.0000,3741.4000,3741.6000,3742.4000,1,4,1,1,1,1,1,1,3,3
SF,IF2006,2020-04-27 09:33:46.500,3740.4000,41806,0,661388340.000,0,-,-,-,-,3740.2000,3740.0000,3739.8000,3738.2000,3737.8000,3740.8000,3741.0000,3741.4000,3741.6000,3742.4000,1,4,1,1,1,1,2,1,1,1
SF,IF2006,2020-04-27 09:33:47.000,3740.4000,41806,0,661388340.000,0,-,-,-,-,3740.0000,3739.8000,3738.2000,3737.8000,3737.6000,3740.8000,3741.0000,3741.4000,3741.6000,3742.4000,4,1,1,1,1,9,2,1,1,1
SF,IF2006,2020-04-27 09:33:47.500,3740.4000,41806,0,661388340.000,0,-,-,-,-,3740.0000,3739.8000,3738.2000,3737.8000,3737.6000,3740.8000,3741.0000,3741.4000,3741.6000,3741.8000,4,1,1,1,1,9,2,1,1,1
SF,IF2006,2020-04-27 09:33:48.000,3740.4000,41806,0,661388340.000,0,-,-,-,-,3740.0000,3739.8000,3738.2000,3737.8000,3737.6000,3740.2000,3740.8000,3741.0000,3741.4000,3741.8000,4,1,1,1,1,2,9,1,1,1
SF,IF2006,2020-04-27 09:33:48.500,3740.2000,41804,-2,663632460.000,2,0,2,双平,S,3740.2000,3740.0000,3739.8000,3738.2000,3737.8000,3740.8000,3741.0000,3741.4000,3741.8000,3742.4000,1,4,1,1,1,9,1,1,1,1
SF,IF2006,2020-04-27 09:33:49.000,3740.2000,41804,0,663632460.000,0,-,-,-,-,3740.0000,3739.8000,3738.2000,3737.8000,3737.6000,3740.8000,3741.0000,3741.4000,3741.8000,3742.4000,4,1,1,1,1,9,2,1,1,1
SF,IF2006,2020-04-27 09:33:49.500,3740.2000,41804,0,663632460.000,0,-,-,-,-,3740.0000,3739.8000,3738.2000,3737.8000,3737.6000,3740.6000,3740.8000,3741.0000,3741.4000,3741.8000,4,1,1,1,1,1,9,2,1,1
SF,IF2006,2020-04-27 09:33:50.000,3740.2000,41804,0,663632460.000,0,-,-,-,-,3740.0000,3739.8000,3738.2000,3737.8000,3737.6000,3740.2000,3740.6000,3740.8000,3741.0000,3741.4000,4,1,1,1,1,1,1,9,2,1
SF,IF2006,2020-04-27 09:33:50.500,3740.2000,41803,-1,664754520.000,1,0,1,双平,S,3740.0000,3739.8000,3738.2000,3737.8000,3737.6000,3740.6000,3740.8000,3741.0000,3741.4000,3741.8000,4,1,1,1,1,1,9,2,1,1
SF,IF2006,2020-04-27 09:33:51.000,3740.0000,41802,-1,670364520.000,5,2,3,多平,S,3739.8000,3738.2000,3737.8000,3737.6000,3737.0000,3740.0000,3740.6000,3740.8000,3741.0000,3741.4000,1,1,1,1,3,5,1,9,2,1
SF,IF2006,2020-04-27 09:33:51.500,3740.0000,41799,-3,673729920.000,3,0,3,双平,S,3737.8000,3737.6000,3737.0000,3736.2000,3736.0000,3740.0000,3740.6000,3740.8000,3741.0000,3741.4000,1,1,3,2,1,4,1,9,2,1
SF,IF2006,2020-04-27 09:33:52.000,3740.0000,41799,0,673729920.000,0,-,-,-,-,3739.0000,3738.8000,3738.6000,3738.4000,3738.2000,3739.8000,3740.0000,3740.8000,3741.0000,3741.4000,6,7,2,1,2,2,4,3,2,1
SF,IF2006,2020-04-27 09:33:52.500,3740.0000,41799,0,673729920.000,0,-,-,-,-,3739.2000,3739.0000,3738.8000,3738.4000,3738.2000,3739.8000,3740.0000,3740.8000,3741.0000,3741.4000,1,1,2,1,1,8,5,2,2,1
SF,IF2006,2020-04-27 09:33:53.000,3739.0000,41798,-1,674851620.000,1,0,1,双平,S,3738.8000,3738.2000,3738.0000,3737.8000,3737.6000,3739.8000,3740.0000,3740.8000,3741.0000,3741.4000,1,1,7,1,1,8,5,2,2,1
SF,IF2006,2020-04-27 09:33:53.500,3739.0000,41798,0,674851620.000,0,-,-,-,-,3738.8000,3738.2000,3738.0000,3737.8000,3737.6000,3739.6000,3739.8000,3740.0000,3740.8000,3741.0000,1,1,7,1,1,1,8,5,2,2
SF,IF2006,2020-04-27 09:33:54.000,3739.0000,41798,0,674851620.000,0,-,-,-,-,3738.8000,3738.0000,3737.8000,3737.6000,3737.0000,3739.4000,3739.6000,3739.8000,3740.0000,3740.8000,1,5,1,1,3,1,2,6,5,2
SF,IF2006,2020-04-27 09:33:54.500,3738.8000,41797,-1,675973260.000,1,0,1,双平,S,3738.0000,3737.8000,3737.6000,3737.0000,3736.2000,3738.2000,3739.4000,3739.6000,3739.8000,3740.0000,5,1,1,3,2,1,1,2,6,5
SF,IF2006,2020-04-27 09:33:55.000,3738.2000,41796,-1,677094720.000,1,0,1,双平,S,3739.0000,3738.6000,3738.4000,3738.2000,3738.0000,3739.4000,3739.6000,3739.8000,3740.0000,3740.8000,1,5,8,4,7,1,2,6,5,2
SF,IF2006,2020-04-27 09:33:55.500,3739.0000,41795,-1,678216420.000,1,0,1,双平,S,3738.6000,3738.4000,3738.2000,3738.0000,3737.8000,3739.4000,3739.6000,3739.8000,3740.0000,3740.8000,5,7,3,5,1,1,1,6,5,2
SF,IF2006,2020-04-27 09:33:56.000,3739.8000,41795,0,683825820.000,5,2,3,多换,S,3738.2000,3738.0000,3737.8000,3737.6000,3737.0000,3739.0000,3739.8000,3740.0000,3740.8000,3741.0000,2,5,1,1,3,20,4,5,2,2
SF,IF2006,2020-04-27 09:33:56.500,3739.0000,41776,-19,705138060.000,19,0,19,双平,S,3738.8000,3738.6000,3738.4000,3738.2000,3738.0000,3739.0000,3739.8000,3740.0000,3740.8000,3741.0000,4,1,10,1,3,3,4,5,2,2
SF,IF2006,2020-04-27 09:33:57.000,3739.0000,41773,-3,708503160.000,3,0,3,双平,S,3739.0000,3738.4000,3738.2000,3738.0000,3737.8000,3739.8000,3740.0000,3740.8000,3741.0000,3741.2000,8,2,1,3,1,4,5,2,2,3
SF,IF2006,2020-04-27 09:33:57.500,3739.0000,41773,0,708503160.000,0,-,-,-,-,3739.0000,3738.4000,3738.2000,3738.0000,3737.8000,3739.2000,3739.6000,3740.0000,3740.8000,3741.0000,4,2,1,3,1,2,1,5,2,2
SF,IF2006,2020-04-27 09:33:58.000,3739.0000,41770,-3,711868260.000,3,0,3,双平,S,3738.4000,3738.2000,3738.0000,3737.8000,3737.6000,3739.2000,3739.6000,3740.0000,3740.8000,3741.0000,2,1,1,1,1,6,1,5,2,2
SF,IF2006,2020-04-27 09:33:58.500,3739.0000,41770,0,711868260.000,0,-,-,-,-,3738.4000,3738.2000,3738.0000,3737.8000,3737.6000,3739.2000,3739.6000,3740.0000,3740.8000,3741.0000,3,1,1,1,1,6,1,5,2,2
SF,IF2006,2020-04-27 09:33:59.000,3739.0000,41770,0,711868260.000,0,-,-,-,-,3738.6000,3738.4000,3738.2000,3737.8000,3737.6000,3739.2000,3739.6000,3740.0000,3740.8000,3741.0000,1,2,1,1,1,6,1,5,2,2
SF,IF2006,2020-04-27 09:33:59.500,3738.6000,41771,1,712989840.000,1,1,0,双开,S,3738.6000,3738.4000,3738.2000,3737.8000,3737.6000,3739.2000,3739.6000,3740.0000,3740.8000,3741.0000,1,1,1,1,1,6,1,5,2,2
SF,IF2006,2020-04-27 09:34:00.000,3738.6000,41771,0,712989840.000,0,-,-,-,-,3738.6000,3738.2000,3737.8000,3737.6000,3737.0000,3739.0000,3739.2000,3739.8000,3740.0000,3740.8000,1,1,1,1,3,2,6,1,5,2
SF,IF2006,2020-04-27 09:34:00.500,3739.0000,41768,-3,716354820.000,3,0,3,双平,S,3737.8000,3737.6000,3737.0000,3736.8000,3736.6000,3738.6000,3739.0000,3739.2000,3739.8000,3740.0000,1,1,3,3,3,1,1,6,1,5
SF,IF2006,2020-04-27 09:34:01.000,3738.6000,41768,0,717476400.000,1,0,1,多换,S,3738.4000,3738.0000,3737.8000,3737.6000,3737.0000,3739.0000,3739.2000,3739.4000,3739.8000,3740.0000,1,7,1,1,3,1,6,1,1,5
SF,IF2006,2020-04-27 09:34:01.500,3738.6000,41768,0,717476400.000,0,-,-,-,-,3738.4000,3738.0000,3737.8000,3737.6000,3737.0000,3738.6000,3739.0000,3739.2000,3739.4000,3739.8000,1,4,1,1,3,1,1,6,1,1
SF,IF2006,2020-04-27 09:34:02.000,3738.6000,41768,0,717476400.000,0,-,-,-,-,3738.6000,3738.4000,3738.0000,3737.8000,3737.6000,3739.0000,3739.2000,3739.4000,3739.8000,3740.0000,2,2,3,1,1,1,6,1,1,10
SF,IF2006,2020-04-27 09:34:02.500,3738.6000,41768,0,717476400.000,0,-,-,-,-,3738.8000,3738.6000,3738.4000,3738.0000,3737.8000,3739.0000,3739.2000,3739.4000,3739.8000,3740.0000,1,1,2,5,1,1,6,1,1,10
SF,IF2006,2020-04-27 09:34:03.000,3739.0000,41766,-2,719719800.000,2,0,2,双平,S,3738.8000,3738.6000,3738.4000,3738.0000,3737.8000,3739.2000,3739.4000,3739.8000,3740.0000,3740.8000,1,1,1,4,1,2,1,1,10,2
SF,IF2006,2020-04-27 09:34:03.500,3739.0000,41766,0,719719800.000,0,-,-,-,-,3739.0000,3738.8000,3738.6000,3738.4000,3738.0000,3739.2000,3739.4000,3739.8000,3740.0000,3740.8000,1,1,1,2,4,6,1,1,10,2
SF,IF2006,2020-04-27 09:34:04.000,3739.0000,41764,-2,721963200.000,2,0,2,双平,S,3738.8000,3738.6000,3738.4000,3738.0000,3737.8000,3739.2000,3739.4000,3739.8000,3740.0000,3740.8000,1,1,1,4,1,6,1,1,10,2
SF,IF2006,2020-04-27 09:34:04.500,3738.0000,41761,-3,726449160.000,4,0,4,多平,S,3738.0000,3737.8000,3737.6000,3737.0000,3736.8000,3738.4000,3739.2000,3739.4000,3739.8000,3740.0000,2,1,1,3,3,3,6,1,1,10
SF,IF2006,2020-04-27 09:34:05.000,3738.0000,41757,-4,732056640.000,5,0,5,多平,S,3738.4000,3738.2000,3738.0000,3737.8000,3737.6000,3739.2000,3739.4000,3739.8000,3740.0000,3740.8000,3,5,1,1,1,6,1,1,10,2
SF,IF2006,2020-04-27 09:34:05.500,3738.0000,41757,0,732056640.000,0,-,-,-,-,3738.6000,3738.4000,3738.2000,3738.0000,3737.8000,3739.2000,3739.4000,3739.8000,3740.0000,3740.8000,1,3,5,1,1,6,1,1,6,2
SF,IF2006,2020-04-27 09:34:06.000,3738.0000,41753,-4,736542240.000,4,0,4,双平,S,3738.2000,3738.0000,3737.8000,3737.6000,3737.0000,3739.2000,3739.4000,3740.0000,3740.8000,3741.0000,5,1,1,1,3,6,1,6,2,2
SF,IF2006,2020-04-27 09:34:06.500,3738.0000,41753,0,736542240.000,0,-,-,-,-,3738.0000,3737.8000,3737.6000,3737.0000,3736.8000,3739.0000,3739.2000,3739.4000,3740.0000,3740.8000,1,1,1,3,3,2,6,1,6,2
SF,IF2006,2020-04-27 09:34:07.000,3738.4000,41752,-1,738785460.000,2,0,2,多平,S,3738.4000,3738.2000,3738.0000,3737.8000,3737.6000,3739.2000,3739.4000,3740.0000,3740.8000,3741.0000,4,8,2,1,1,6,1,6,2,2
SF,IF2006,2020-04-27 09:34:07.500,3738.4000,41752,0,738785460.000,0,-,-,-,-,3738.6000,3738.4000,3738.2000,3738.0000,3737.8000,3739.2000,3739.4000,3740.0000,3740.8000,3741.0000,8,4,5,2,1,6,1,6,2,2
SF,IF2006,2020-04-27 09:34:08.000,3739.4000,41747,-5,746637840.000,7,1,6,多平,S,3738.6000,3738.4000,3738.2000,3738.0000,3737.8000,3740.0000,3740.8000,3741.0000,3741.2000,3741.4000,9,4,5,2,1,6,2,2,3,1
SF,IF2006,2020-04-27 09:34:08.500,3738.8000,41746,-1,747759480.000,1,0,1,双平,S,3738.8000,3738.6000,3738.4000,3738.2000,3738.0000,3739.8000,3740.0000,3740.8000,3741.0000,3741.2000,10,7,4,5,2,1,6,2,2,3
SF,IF2006,2020-04-27 09:34:09.000,3738.8000,41746,0,747759480.000,0,-,-,-,-,3739.2000,3739.0000,3738.8000,3738.6000,3738.4000,3740.0000,3740.8000,3741.0000,3741.2000,3741.4000,5,11,8,5,4,6,2,2,3,1
SF,IF2006,2020-04-27 09:34:09.500,3740.0000,41741,-5,754491480.000,6,0,6,多平,S,3740.2000,3739.8000,3739.6000,3739.4000,3739.2000,3740.8000,3741.0000,3741.2000,3741.4000,3741.8000,1,5,4,6,6,2,1,3,1,1
SF,IF2006,2020-04-27 09:34:10.000,3740.0000,41741,0,754491480.000,0,-,-,-,-,3740.4000,3740.2000,3739.8000,3739.6000,3739.4000,3740.6000,3740.8000,3741.0000,3741.2000,3741.4000,1,1,5,4,3,1,2,1,2,1
SF,IF2006,2020-04-27 09:34:10.500,3740.4000,41740,-1,755613600.000,1,0,1,双平,S,3739.8000,3739.6000,3739.4000,3739.2000,3739.0000,3740.4000,3740.8000,3741.0000,3741.4000,3741.8000,5,4,3,1,1,1,2,1,1,1
SF,IF2006,2020-04-27 09:34:11.000,3740.4000,41740,0,756735720.000,1,0,1,多换,S,3740.4000,3740.0000,3739.8000,3739.6000,3739.4000,3740.8000,3741.0000,3741.4000,3741.8000,3742.4000,1,6,5,4,3,2,1,1,1,1
SF,IF2006,2020-04-27 09:34:11.500,3740.4000,41739,-1,757857840.000,1,0,1,双平,S,3740.0000,3739.8000,3739.6000,3739.4000,3739.2000,3740.8000,3741.0000,3741.4000,3741.8000,3742.4000,1,5,4,2,1,2,1,1,1,1
SF,IF2006,2020-04-27 09:34:12.000,3740.4000,41739,0,757857840.000,0,-,-,-,-,3740.4000,3740.2000,3740.0000,3739.8000,3739.6000,3740.8000,3741.0000,3741.8000,3742.4000,3742.8000,5,8,3,5,4,2,1,1,1,2
SF,IF2006,2020-04-27 09:34:12.500,3740.8000,41737,-2,760102320.000,2,0,2,双平,S,3740.8000,3740.6000,3740.4000,3740.2000,3740.0000,3741.8000,3742.4000,3742.8000,3743.2000,3743.6000,3,6,5,6,2,1,1,2,1,1
SF,IF2006,2020-04-27 09:34:13.000,3740.8000,41737,0,760102320.000,0,-,-,-,-,3741.0000,3740.8000,3740.4000,3740.2000,3740.0000,3741.6000,3741.8000,3742.4000,3742.8000,3743.6000,1,15,5,6,2,1,1,1,2,1
SF,IF2006,2020-04-27 09:34:13.500,3740.8000,41737,0,760102320.000,0,-,-,-,-,3741.0000,3740.8000,3740.4000,3740.2000,3740.0000,3741.8000,3742.4000,3742.8000,3743.6000,3743.8000,1,13,5,6,2,1,1,2,1,1
SF,IF2006,2020-04-27 09:34:14.000,3740.8000,41737,0,760102320.000,0,-,-,-,-,3741.0000,3740.8000,3740.4000,3740.2000,3739.2000,3741.6000,3741.8000,3742.4000,3742.8000,3743.6000,1,13,5,6,1,1,2,1,2,1
SF,IF2006,2020-04-27 09:34:14.500,3740.8000,41737,0,760102320.000,0,-,-,-,-,3741.0000,3740.8000,3740.4000,3740.2000,3739.2000,3741.6000,3741.8000,3742.4000,3742.8000,3743.6000,1,13,5,6,1,1,1,1,2,1
SF,IF2006,2020-04-27 09:34:15.000,3741.6000,41736,-1,761224800.000,1,0,1,双平,S,3740.8000,3740.4000,3740.2000,3739.2000,3738.8000,3741.8000,3742.4000,3742.8000,3743.6000,3743.8000,13,5,6,1,1,1,1,2,1,1
SF,IF2006,2020-04-27 09:34:15.500,3741.6000,41736,0,761224800.000,0,-,-,-,-,3740.8000,3740.4000,3740.2000,3739.2000,3738.8000,3741.4000,3741.6000,3741.8000,3742.4000,3742.8000,13,5,6,1,1,1,1,1,1,2
SF,IF2006,2020-04-27 09:34:16.000,3741.6000,41736,0,761224800.000,0,-,-,-,-,3740.8000,3740.2000,3739.2000,3738.8000,3738.0000,3741.2000,3741.4000,3741.8000,3742.4000,3742.8000,13,1,1,1,2,1,1,1,1,2
SF,IF2006,2020-04-27 09:34:16.500,3741.6000,41736,0,761224800.000,0,-,-,-,-,3740.8000,3740.2000,3739.2000,3738.8000,3738.0000,3741.2000,3741.4000,3741.8000,3742.0000,3742.4000,13,1,1,1,2,1,1,1,5,1
SF,IF2006,2020-04-27 09:34:17.500,3741.6000,41736,0,761224800.000,0,-,-,-,-,3740.8000,3740.2000,3739.2000,3738.8000,3738.0000,3741.2000,3741.4000,3741.8000,3742.0000,3742.4000,13,1,1,1,2,1,2,1,5,1
SF,IF2006,2020-04-27 09:34:18.000,3740.8000,41736,0,762347040.000,1,0,1,多换,S,3740.8000,3740.2000,3739.2000,3738.8000,3738.0000,3741.2000,3741.4000,3741.8000,3742.0000,3742.4000,12,1,1,1,2,1,1,1,5,1
SF,IF2006,2020-04-27 09:34:18.500,3740.8000,41736,0,762347040.000,0,-,-,-,-,3740.8000,3740.2000,3739.2000,3738.8000,3738.0000,3741.2000,3741.4000,3741.8000,3742.0000,3742.4000,12,1,1,1,1,1,2,1,5,1
SF,IF2006,2020-04-27 09:34:19.000,3740.8000,41736,0,762347040.000,0,-,-,-,-,3740.8000,3740.2000,3739.2000,3738.8000,3738.0000,3741.2000,3741.4000,3741.8000,3742.0000,3742.4000,12,1,1,1,1,1,1,1,5,1
SF,IF2006,2020-04-27 09:34:19.500,3740.8000,41736,0,763469280.000,1,0,1,多换,S,3740.8000,3740.2000,3739.2000,3738.8000,3738.0000,3741.2000,3741.4000,3741.8000,3742.0000,3742.4000,11,1,1,1,2,2,2,1,5,1
SF,IF2006,2020-04-27 09:34:20.500,3740.8000,41736,0,763469280.000,0,-,-,-,-,3740.8000,3740.2000,3739.2000,3738.8000,3738.0000,3741.2000,3741.4000,3741.8000,3742.0000,3742.4000,11,1,1,1,2,2,1,1,5,1
SF,IF2006,2020-04-27 09:34:21.500,3740.8000,41736,0,763469280.000,0,-,-,-,-,3740.8000,3740.2000,3739.2000,3738.8000,3738.0000,3741.2000,3741.4000,3741.8000,3742.0000,3742.4000,11,1,1,1,2,2,2,1,5,1
SF,IF2006,2020-04-27 09:34:22.000,3740.8000,41736,0,763469280.000,0,-,-,-,-,3741.0000,3740.8000,3740.2000,3738.8000,3738.0000,3741.2000,3741.4000,3741.8000,3742.0000,3742.4000,1,11,1,1,2,2,1,1,5,1
SF,IF2006,2020-04-27 09:34:22.500,3741.0000,41736,0,764591580.000,1,0,1,多换,S,3740.8000,3740.2000,3738.8000,3738.0000,3737.8000,3741.0000,3741.2000,3741.4000,3741.8000,3742.0000,11,1,1,2,1,1,2,1,1,5
SF,IF2006,2020-04-27 09:34:23.000,3741.0000,41736,0,764591580.000,0,-,-,-,-,3740.8000,3740.2000,3738.8000,3738.0000,3737.8000,3741.2000,3741.4000,3741.8000,3742.0000,3742.4000,11,1,1,2,1,1,1,1,5,1
SF,IF2006,2020-04-27 09:34:23.500,3741.2000,41736,0,765713940.000,1,0,1,多换,S,3740.8000,3740.2000,3738.8000,3738.0000,3737.8000,3741.8000,3742.0000,3742.4000,3742.8000,3743.6000,11,1,1,2,1,1,5,1,2,1
SF,IF2006,2020-04-27 09:34:24.000,3741.2000,41736,0,765713940.000,0,-,-,-,-,3740.8000,3740.2000,3738.8000,3738.0000,3737.8000,3741.4000,3741.6000,3741.8000,3742.0000,3742.4000,11,1,1,2,1,1,2,1,5,1
SF,IF2006,2020-04-27 09:34:24.500,3741.2000,41736,0,765713940.000,0,-,-,-,-,3740.8000,3740.2000,3738.8000,3738.0000,3737.8000,3741.6000,3741.8000,3742.0000,3742.4000,3742.8000,11,1,1,2,1,1,1,5,1,2
SF,IF2006,2020-04-27 09:34:25.000,3741.8000,41736,0,766836480.000,1,0,1,多换,S,3741.2000,3741.0000,3740.8000,3738.8000,3738.0000,3742.0000,3742.4000,3742.8000,3743.6000,3743.8000,5,8,11,1,2,5,1,2,1,1
SF,IF2006,2020-04-27 09:34:25.500,3741.0000,41735,-1,767958780.000,1,0,1,双平,S,3740.8000,3738.8000,3738.0000,3737.8000,3737.6000,3741.8000,3742.0000,3742.4000,3742.8000,3743.6000,11,1,2,1,2,2,6,1,2,1
SF,IF2006,2020-04-27 09:34:26.000,3741.0000,41735,0,767958780.000,0,-,-,-,-,3741.2000,3741.0000,3740.8000,3738.8000,3738.0000,3742.0000,3742.4000,3742.8000,3743.6000,3743.8000,1,8,11,1,2,6,1,2,1,1
