市场代码,合约代码,时间,最新,持仓,增仓,成交额,成交量,开仓,平仓,成交类型,方向,买一价,买二价,买三价,买四价,买五价,卖一价,卖二价,卖三价,卖四价,卖五价,买一量,买二量,买三量,买四量,买五量,卖一量,卖二量,卖三量,卖四量,卖五量
SF,IF2009,2020-03-26 09:29:00.200,3566.2000,14721,0,18187620.000,17.000,-,-,-,-,3566.0000,3565.0000,3551.0000,3550.2000,3550.0000,3568.0000,3572.6000,3580.0000,3581.6000,3583.6000,1,2,2,1,4,1,1,3,1,1
SF,IF2009,2020-03-26 09:30:00.200,3566.0000,14719,-2,23538180.000,5,1,4,多平,S,3565.0000,3555.4000,3551.0000,3550.2000,3550.0000,3567.2000,3568.0000,3568.2000,3572.6000,3580.0000,2,1,2,1,4,1,1,1,1,3
SF,IF2009,2020-03-26 09:30:00.700,3566.8000,14713,-6,32097420.000,8,1,7,多平,S,3555.4000,3554.4000,3551.4000,3551.0000,3550.4000,3566.8000,3567.0000,3567.2000,3568.2000,3580.0000,1,1,1,2,2,2,1,2,1,3
SF,IF2009,2020-03-26 09:30:01.200,3580.0000,14713,0,37456200.000,5,2,3,多换,S,3563.2000,3562.0000,3561.2000,3560.6000,3560.2000,3580.0000,3582.8000,3583.6000,3586.8000,3587.0000,1,2,1,1,2,1,2,1,1,1
SF,IF2009,2020-03-26 09:30:01.700,3567.2000,14713,0,39600360.000,2,1,1,多换,S,3563.4000,3560.6000,3560.0000,3559.6000,3559.0000,3566.4000,3567.0000,3567.8000,3568.0000,3568.2000,1,1,1,1,1,1,1,2,2,1
SF,IF2009,2020-03-26 09:30:02.200,3567.2000,14713,0,39600360.000,0,-,-,-,-,3563.4000,3560.6000,3560.0000,3559.6000,3558.0000,3566.2000,3566.6000,3567.0000,3568.0000,3568.2000,1,1,1,1,1,1,1,1,2,1
SF,IF2009,2020-03-26 09:30:02.700,3567.2000,14712,-1,40670520.000,1,0,1,双平,S,3563.4000,3560.6000,3560.0000,3559.6000,3558.0000,3567.0000,3568.0000,3568.2000,3568.4000,3572.4000,1,1,1,1,1,1,2,1,2,2
SF,IF2009,2020-03-26 09:30:03.200,3563.4000,14711,-1,41739540.000,1,0,1,双平,S,3560.0000,3558.0000,3555.8000,3555.6000,3555.4000,3564.0000,3564.4000,3564.6000,3565.0000,3565.2000,1,1,7,3,2,1,1,2,1,2
SF,IF2009,2020-03-26 09:30:03.700,3563.4000,14711,0,41739540.000,0,-,-,-,-,3560.6000,3560.4000,3560.2000,3560.0000,3558.0000,3565.8000,3566.8000,3567.0000,3568.0000,3568.4000,1,6,3,1,1,1,1,1,2,1
SF,IF2009,2020-03-26 09:30:04.200,3563.4000,14711,0,41739540.000,0,-,-,-,-,3561.0000,3560.8000,3560.2000,3560.0000,3558.0000,3564.0000,3564.6000,3565.4000,3565.8000,3567.0000,1,1,2,1,1,1,2,2,1,1
SF,IF2009,2020-03-26 09:30:04.700,3563.4000,14711,0,41739540.000,0,-,-,-,-,3561.2000,3561.0000,3560.2000,3560.0000,3559.2000,3564.0000,3564.4000,3564.6000,3564.8000,3565.6000,1,1,2,1,1,2,1,2,1,1
SF,IF2009,2020-03-26 09:30:05.200,3561.0000,14711,0,43876860.000,2,1,1,多换,S,3559.2000,3558.0000,3555.8000,3555.6000,3555.4000,3560.2000,3563.0000,3563.8000,3564.0000,3564.4000,1,1,2,3,1,1,1,3,2,1
SF,IF2009,2020-03-26 09:30:05.700,3560.4000,14710,-1,44944980.000,1,0,1,双平,S,3559.4000,3559.2000,3558.0000,3555.8000,3555.6000,3561.0000,3561.2000,3562.2000,3563.8000,3564.0000,1,1,1,2,3,1,1,1,4,2
SF,IF2009,2020-03-26 09:30:06.200,3564.0000,14706,-4,52426680.000,7,1,6,多平,S,3559.4000,3559.2000,3555.8000,3555.6000,3555.4000,3564.4000,3564.6000,3565.6000,3565.8000,3567.0000,1,1,2,3,1,1,2,1,1,1
SF,IF2009,2020-03-26 09:30:06.700,3559.6000,14706,0,53494560.000,1,0,1,多换,S,3559.6000,3559.4000,3559.2000,3555.8000,3555.6000,3562.4000,3563.6000,3564.0000,3564.2000,3564.4000,1,1,1,1,3,1,2,1,3,1
SF,IF2009,2020-03-26 09:30:07.200,3559.4000,14704,-2,55630260.000,2,0,2,双平,S,3559.2000,3555.8000,3555.6000,3555.4000,3555.0000,3561.2000,3562.0000,3562.2000,3564.0000,3564.2000,1,1,3,1,1,1,1,3,1,2
SF,IF2009,2020-03-26 09:30:07.700,3559.4000,14704,0,55630260.000,0,-,-,-,-,3559.2000,3555.8000,3555.6000,3555.4000,3555.0000,3561.0000,3561.2000,3562.2000,3563.6000,3564.0000,1,1,3,1,1,1,1,2,1,1
SF,IF2009,2020-03-26 09:30:08.200,3561.0000,14703,-1,56698560.000,1,0,1,双平,S,3559.4000,3559.2000,3555.8000,3555.6000,3555.4000,3562.2000,3563.6000,3564.0000,3564.2000,3564.4000,1,1,1,3,1,2,1,1,2,1
SF,IF2009,2020-03-26 09:30:08.700,3561.0000,14703,0,56698560.000,0,-,-,-,-,3559.4000,3559.2000,3555.8000,3555.6000,3555.4000,3562.0000,3562.2000,3563.6000,3564.0000,3564.2000,1,1,1,3,1,1,3,1,1,2
SF,IF2009,2020-03-26 09:30:09.200,3561.2000,14703,0,57766920.000,1,0,1,多换,S,3561.6000,3561.0000,3559.4000,3559.2000,3555.8000,3561.8000,3562.0000,3563.6000,3564.0000,3564.2000,2,1,1,1,1,2,1,3,1,2
SF,IF2009,2020-03-26 09:30:09.700,3561.6000,14703,0,59903880.000,2,1,1,多换,S,3561.0000,3559.4000,3559.2000,3555.8000,3555.6000,3561.6000,3563.6000,3564.0000,3564.2000,3564.4000,1,1,1,1,3,1,3,1,2,1
SF,IF2009,2020-03-26 09:30:10.200,3561.0000,14703,0,60972180.000,1,0,1,多换,S,3559.4000,3559.2000,3555.8000,3555.6000,3555.4000,3561.4000,3561.6000,3563.6000,3564.0000,3564.2000,1,1,1,3,1,1,1,3,1,2
SF,IF2009,2020-03-26 09:30:10.700,3561.0000,14703,0,60972180.000,0,-,-,-,-,3561.0000,3559.4000,3559.2000,3555.6000,3555.4000,3561.4000,3561.6000,3563.6000,3564.0000,3564.2000,1,1,1,3,1,1,2,1,1,2
SF,IF2009,2020-03-26 09:30:11.200,3561.0000,14702,-1,62040480.000,1,0,1,双平,S,3559.4000,3559.2000,3555.6000,3555.4000,3555.0000,3561.0000,3561.6000,3563.6000,3564.0000,3564.2000,1,1,3,1,1,1,2,1,1,2
SF,IF2009,2020-03-26 09:30:11.700,3561.0000,14701,-1,63108780.000,1,0,1,双平,S,3561.0000,3559.4000,3559.2000,3555.6000,3555.4000,3561.6000,3563.6000,3564.0000,3564.2000,3564.4000,1,1,1,3,1,1,1,1,2,1
SF,IF2009,2020-03-26 09:30:12.200,3561.0000,14700,-1,64177080.000,1,0,1,双平,S,3559.4000,3559.2000,3555.6000,3555.4000,3555.0000,3561.0000,3561.6000,3563.6000,3564.0000,3564.2000,1,1,3,1,1,3,1,1,1,2
SF,IF2009,2020-03-26 09:30:12.700,3561.0000,14700,0,64177080.000,0,-,-,-,-,3561.0000,3559.4000,3559.2000,3555.6000,3555.4000,3561.6000,3563.6000,3564.0000,3564.2000,3564.4000,1,1,1,3,1,1,1,1,2,1
SF,IF2009,2020-03-26 09:30:13.200,3561.0000,14698,-2,66313680.000,2,0,2,双平,S,3561.0000,3559.4000,3559.2000,3555.6000,3555.4000,3561.6000,3563.6000,3564.0000,3564.2000,3564.4000,1,1,1,3,1,1,1,1,2,1
SF,IF2009,2020-03-26 09:30:13.700,3561.6000,14697,-1,69519000.000,3,1,2,多平,S,3561.0000,3559.2000,3555.6000,3555.4000,3555.0000,3563.6000,3564.4000,3564.6000,3565.6000,3567.6000,1,1,3,1,1,1,1,2,1,1
SF,IF2009,2020-03-26 09:30:14.200,3561.6000,14697,0,69519000.000,0,-,-,-,-,3561.2000,3561.0000,3559.2000,3555.6000,3555.4000,3563.4000,3564.6000,3567.6000,3568.0000,3569.0000,1,1,1,3,1,2,2,1,2,2
SF,IF2009,2020-03-26 09:30:14.700,3563.4000,14696,-1,71657040.000,2,0,2,多平,S,3561.2000,3561.0000,3559.2000,3555.6000,3555.4000,3564.6000,3568.0000,3569.0000,3570.0000,3570.2000,1,2,1,3,1,2,2,2,5,2
SF,IF2009,2020-03-26 09:30:15.200,3563.4000,14696,0,71657040.000,0,-,-,-,-,3561.6000,3561.4000,3561.2000,3561.0000,3559.2000,3568.0000,3569.0000,3570.0000,3570.2000,3572.2000,1,2,1,2,1,2,2,5,2,3
SF,IF2009,2020-03-26 09:30:15.700,3566.4000,14696,0,72726960.000,1,0,1,多换,S,3564.6000,3562.0000,3561.8000,3561.6000,3561.4000,3567.6000,3567.8000,3568.0000,3569.0000,3570.0000,1,2,3,1,9,1,3,2,2,5
SF,IF2009,2020-03-26 09:30:16.200,3562.0000,14696,0,74864940.000,2,1,1,多换,S,3562.0000,3561.8000,3561.6000,3561.4000,3561.2000,3566.4000,3567.2000,3567.4000,3567.6000,3567.8000,1,10,1,3,1,1,1,3,1,4
SF,IF2009,2020-03-26 09:30:16.700,3562.0000,14696,0,74864940.000,0,-,-,-,-,3562.2000,3561.8000,3561.6000,3561.4000,3561.0000,3567.2000,3567.4000,3567.6000,3567.8000,3568.0000,3,2,1,3,2,1,2,1,4,2
SF,IF2009,2020-03-26 09:30:17.200,3562.0000,14696,0,74864940.000,0,-,-,-,-,3562.4000,3562.2000,3562.0000,3561.8000,3561.6000,3565.8000,3566.8000,3567.0000,3567.2000,3567.4000,1,3,1,2,2,1,1,4,1,2
SF,IF2009,2020-03-26 09:30:17.700,3562.0000,14696,0,74864940.000,0,-,-,-,-,3562.6000,3562.4000,3562.2000,3562.0000,3561.8000,3565.6000,3567.0000,3567.2000,3567.4000,3567.8000,3,7,2,1,2,1,1,1,2,4
SF,IF2009,2020-03-26 09:30:18.200,3562.0000,14696,0,74864940.000,0,-,-,-,-,3565.6000,3563.0000,3562.8000,3562.6000,3562.2000,3567.0000,3567.2000,3568.0000,3572.2000,3572.8000,1,6,1,4,1,1,1,2,2,1
SF,IF2009,2020-03-26 09:30:18.700,3562.0000,14696,0,74864940.000,0,-,-,-,-,3565.6000,3562.8000,3562.6000,3562.2000,3562.0000,3567.0000,3567.2000,3568.0000,3572.2000,3572.8000,1,3,4,1,2,1,1,2,2,1
SF,IF2009,2020-03-26 09:30:19.200,3565.6000,14695,-1,75934620.000,1,0,1,双平,S,3562.8000,3562.6000,3562.2000,3562.0000,3561.8000,3567.0000,3567.2000,3568.0000,3572.2000,3572.8000,3,5,1,1,1,2,1,2,2,1
SF,IF2009,2020-03-26 09:30:19.700,3567.0000,14693,-2,78074760.000,2,0,2,双平,S,3563.0000,3562.8000,3562.6000,3562.2000,3562.0000,3567.2000,3568.0000,3572.2000,3572.8000,3573.8000,2,1,4,1,1,1,2,2,1,1
SF,IF2009,2020-03-26 09:30:20.200,3567.0000,14693,0,78074760.000,0,-,-,-,-,3563.2000,3563.0000,3562.8000,3562.6000,3562.2000,3567.2000,3568.0000,3572.2000,3572.8000,3573.8000,1,4,1,4,1,1,2,2,1,1
SF,IF2009,2020-03-26 09:30:20.700,3567.0000,14693,0,78074760.000,0,-,-,-,-,3563.4000,3563.2000,3563.0000,3562.8000,3562.6000,3567.0000,3567.2000,3568.0000,3572.2000,3573.8000,1,1,2,1,3,1,1,2,2,1
SF,IF2009,2020-03-26 09:30:21.200,3567.0000,14693,0,78074760.000,0,-,-,-,-,3563.6000,3563.4000,3562.8000,3562.6000,3562.4000,3567.2000,3572.2000,3573.8000,3575.0000,3575.4000,1,1,1,3,1,1,2,1,5,3
SF,IF2009,2020-03-26 09:30:21.700,3567.0000,14693,0,78074760.000,0,-,-,-,-,3563.8000,3563.6000,3562.8000,3562.6000,3562.4000,3567.2000,3572.2000,3573.8000,3575.0000,3575.4000,1,1,1,3,1,1,2,1,5,3
SF,IF2009,2020-03-26 09:30:22.200,3567.0000,14693,0,78074760.000,0,-,-,-,-,3564.0000,3563.8000,3562.6000,3562.4000,3562.2000,3567.0000,3567.2000,3572.2000,3573.8000,3575.0000,1,1,3,1,1,1,1,2,1,5
SF,IF2009,2020-03-26 09:30:22.700,3567.0000,14693,0,78074760.000,0,-,-,-,-,3564.4000,3564.2000,3564.0000,3562.6000,3562.4000,3567.0000,3567.2000,3572.2000,3573.8000,3575.0000,2,1,3,3,1,1,1,2,1,5
SF,IF2009,2020-03-26 09:30:23.200,3567.0000,14693,0,78074760.000,0,-,-,-,-,3564.6000,3564.4000,3564.0000,3562.6000,3562.4000,3567.0000,3567.2000,3572.2000,3573.8000,3575.0000,3,2,3,3,1,1,1,2,1,5
SF,IF2009,2020-03-26 09:30:23.700,3567.0000,14693,0,78074760.000,0,-,-,-,-,3564.8000,3564.6000,3564.4000,3564.0000,3562.6000,3567.0000,3572.2000,3573.8000,3575.0000,3575.4000,1,3,3,3,3,1,2,1,5,3
SF,IF2009,2020-03-26 09:30:24.200,3567.0000,14693,0,78074760.000,0,-,-,-,-,3565.0000,3564.8000,3564.4000,3564.0000,3562.6000,3567.0000,3572.2000,3573.8000,3575.0000,3575.4000,2,1,2,2,3,1,2,1,5,3
SF,IF2009,2020-03-26 09:30:24.700,3567.0000,14693,0,78074760.000,0,-,-,-,-,3565.2000,3565.0000,3564.0000,3562.6000,3562.4000,3567.0000,3567.2000,3572.2000,3573.8000,3575.0000,1,2,2,3,1,1,1,2,1,5
SF,IF2009,2020-03-26 09:30:25.200,3567.0000,14693,0,78074760.000,0,-,-,-,-,3565.4000,3565.0000,3564.0000,3562.6000,3562.4000,3567.0000,3567.2000,3572.2000,3573.8000,3575.0000,1,3,2,3,1,1,1,2,1,5
SF,IF2009,2020-03-26 09:30:25.700,3567.0000,14693,0,79144860.000,1,0,1,多换,S,3565.6000,3565.0000,3563.0000,3562.6000,3562.4000,3567.2000,3572.2000,3573.8000,3575.0000,3575.4000,1,2,1,3,1,1,2,1,5,3
SF,IF2009,2020-03-26 09:30:26.200,3567.0000,14693,0,79144860.000,0,-,-,-,-,3565.0000,3563.0000,3562.6000,3562.4000,3562.2000,3567.0000,3567.2000,3572.2000,3573.8000,3575.0000,2,1,3,1,1,1,1,2,1,5
SF,IF2009,2020-03-26 09:30:26.700,3567.0000,14693,0,79144860.000,0,-,-,-,-,3565.2000,3565.0000,3563.0000,3562.6000,3562.4000,3566.8000,3567.2000,3572.2000,3573.8000,3575.0000,1,2,1,3,1,1,1,2,1,5
SF,IF2009,2020-03-26 09:30:27.200,3567.0000,14693,0,79144860.000,0,-,-,-,-,3565.4000,3565.0000,3563.0000,3562.6000,3562.4000,3567.2000,3572.2000,3573.8000,3575.0000,3575.4000,2,1,1,3,1,1,2,1,5,3
SF,IF2009,2020-03-26 09:30:27.700,3567.0000,14693,0,79144860.000,0,-,-,-,-,3565.4000,3563.0000,3562.6000,3562.4000,3562.2000,3567.2000,3572.2000,3573.8000,3575.0000,3575.4000,2,1,3,1,1,1,2,1,5,3
SF,IF2009,2020-03-26 09:30:28.200,3567.0000,14693,0,79144860.000,0,-,-,-,-,3566.8000,3565.4000,3563.0000,3562.6000,3562.4000,3567.2000,3572.2000,3573.8000,3575.0000,3575.4000,1,2,1,3,1,1,2,1,5,3
SF,IF2009,2020-03-26 09:30:28.700,3567.0000,14693,0,79144860.000,0,-,-,-,-,3566.8000,3565.4000,3563.0000,3562.6000,3562.4000,3567.2000,3572.2000,3573.8000,3575.0000,3575.4000,1,1,1,3,1,1,2,1,5,3
SF,IF2009,2020-03-26 09:30:29.200,3565.4000,14692,-1,81284520.000,2,0,2,多平,S,3563.0000,3562.6000,3562.4000,3562.2000,3562.0000,3567.2000,3570.0000,3572.2000,3573.8000,3575.0000,1,3,1,1,1,1,1,2,1,5
SF,IF2009,2020-03-26 09:30:29.700,3565.4000,14692,0,81284520.000,0,-,-,-,-,3565.0000,3564.0000,3563.4000,3563.2000,3563.0000,3570.0000,3572.2000,3573.8000,3575.0000,3575.4000,1,1,6,6,1,1,2,1,5,3
SF,IF2009,2020-03-26 09:30:30.200,3565.4000,14692,0,81284520.000,0,-,-,-,-,3566.0000,3565.2000,3564.0000,3563.4000,3563.2000,3567.2000,3568.2000,3569.6000,3569.8000,3570.0000,1,1,1,6,3,1,1,1,3,1
SF,IF2009,2020-03-26 09:30:30.700,3566.0000,14692,0,82354320.000,1,0,1,多换,S,3565.2000,3563.2000,3563.0000,3562.6000,3562.4000,3567.0000,3567.2000,3567.4000,3568.2000,3569.4000,1,2,1,2,1,1,1,1,1,1
SF,IF2009,2020-03-26 09:30:31.200,3566.0000,14692,0,82354320.000,0,-,-,-,-,3563.2000,3563.0000,3562.6000,3562.4000,3562.2000,3566.8000,3567.2000,3568.2000,3569.4000,3569.6000,2,1,2,1,1,1,1,2,1,1
SF,IF2009,2020-03-26 09:30:31.700,3566.0000,14692,0,82354320.000,0,-,-,-,-,3563.4000,3563.0000,3562.6000,3562.4000,3562.2000,3566.4000,3566.6000,3567.2000,3568.2000,3569.4000,2,1,2,1,1,1,2,1,2,1
SF,IF2009,2020-03-26 09:30:32.200,3566.0000,14692,0,82354320.000,0,-,-,-,-,3563.4000,3563.0000,3562.6000,3562.4000,3562.2000,3565.0000,3566.0000,3566.2000,3567.2000,3568.2000,2,1,2,1,1,2,1,1,1,2
SF,IF2009,2020-03-26 09:30:32.700,3565.0000,14692,0,84493320.000,2,1,1,多换,S,3563.6000,3563.4000,3563.0000,3562.6000,3562.4000,3566.0000,3566.2000,3566.4000,3567.2000,3568.2000,1,1,1,2,1,1,1,1,1,2
SF,IF2009,2020-03-26 09:30:33.200,3563.6000,14691,-1,85562400.000,1,0,1,双平,S,3563.8000,3563.0000,3562.4000,3561.6000,3561.4000,3565.6000,3565.8000,3566.0000,3567.2000,3568.2000,1,1,1,1,1,1,6,1,1,2
SF,IF2009,2020-03-26 09:30:33.700,3563.6000,14690,-1,86631480.000,1,0,1,双平,S,3563.0000,3562.4000,3561.6000,3561.4000,3561.0000,3565.4000,3565.6000,3565.8000,3566.0000,3567.2000,1,1,1,1,1,1,2,1,1,1
SF,IF2009,2020-03-26 09:30:34.200,3563.6000,14690,0,86631480.000,0,-,-,-,-,3563.2000,3563.0000,3562.4000,3561.6000,3561.4000,3565.2000,3565.6000,3567.2000,3568.2000,3569.4000,1,1,1,1,1,1,1,1,2,1
SF,IF2009,2020-03-26 09:30:34.700,3563.6000,14690,0,86631480.000,0,-,-,-,-,3563.6000,3563.2000,3563.0000,3562.4000,3561.6000,3565.0000,3565.2000,3565.6000,3567.2000,3568.2000,1,1,1,1,1,1,3,1,1,2
SF,IF2009,2020-03-26 09:30:35.200,3563.6000,14690,0,86631480.000,0,-,-,-,-,3564.0000,3563.6000,3563.2000,3563.0000,3562.4000,3564.6000,3564.8000,3565.2000,3566.2000,3567.2000,3,1,1,1,1,2,1,1,1,1
SF,IF2009,2020-03-26 09:30:35.700,3563.6000,14690,0,86631480.000,0,-,-,-,-,3564.0000,3563.6000,3563.2000,3563.0000,3562.4000,3565.2000,3566.2000,3567.2000,3568.2000,3569.4000,3,1,1,1,1,1,1,1,2,1
SF,IF2009,2020-03-26 09:30:36.200,3565.2000,14690,0,87701040.000,1,0,1,多换,S,3564.0000,3563.6000,3563.2000,3563.0000,3562.4000,3566.2000,3567.2000,3568.2000,3569.4000,3569.8000,3,1,1,1,1,1,1,2,1,3
SF,IF2009,2020-03-26 09:30:36.700,3565.2000,14689,-1,88770600.000,1,0,1,双平,S,3564.0000,3563.6000,3563.2000,3563.0000,3562.4000,3564.2000,3564.4000,3564.6000,3565.0000,3565.8000,3,1,1,1,1,1,1,2,2,1
SF,IF2009,2020-03-26 09:30:37.200,3564.0000,14689,0,91978200.000,3,1,2,多换,S,3563.6000,3563.2000,3563.0000,3562.4000,3561.6000,3564.4000,3564.6000,3565.8000,3566.0000,3566.2000,1,1,1,1,1,1,2,1,2,1
SF,IF2009,2020-03-26 09:30:37.700,3564.0000,14689,0,91978200.000,0,-,-,-,-,3563.6000,3563.0000,3562.4000,3561.6000,3561.4000,3564.0000,3564.2000,3564.4000,3564.6000,3565.8000,1,1,1,1,1,1,1,1,2,1
SF,IF2009,2020-03-26 09:30:38.200,3563.6000,14689,0,93047280.000,1,0,1,多换,S,3563.0000,3562.4000,3561.6000,3561.4000,3561.2000,3563.8000,3564.0000,3564.4000,3564.6000,3565.8000,1,1,1,1,1,1,2,1,2,1
SF,IF2009,2020-03-26 09:30:38.700,3563.6000,14689,0,93047280.000,0,-,-,-,-,3563.0000,3562.4000,3561.6000,3561.4000,3561.2000,3563.6000,3564.0000,3564.4000,3564.6000,3565.8000,1,1,1,1,1,1,1,1,2,1
SF,IF2009,2020-03-26 09:30:39.200,3563.0000,14689,0,94116180.000,1,0,1,多换,S,3562.4000,3561.6000,3561.4000,3561.2000,3561.0000,3563.4000,3563.6000,3564.0000,3564.4000,3564.6000,1,1,1,1,1,2,1,1,1,2
SF,IF2009,2020-03-26 09:30:39.700,3562.4000,14689,0,95184900.000,1,0,1,多换,S,3561.6000,3561.4000,3561.2000,3561.0000,3560.0000,3563.2000,3563.4000,3564.0000,3564.4000,3564.6000,1,1,1,1,1,1,1,1,1,2
SF,IF2009,2020-03-26 09:30:40.200,3563.0000,14689,0,96253800.000,1,0,1,多换,S,3561.6000,3561.4000,3561.2000,3561.0000,3560.0000,3563.0000,3563.2000,3564.0000,3564.4000,3564.6000,1,1,1,1,1,1,2,1,1,2
SF,IF2009,2020-03-26 09:30:40.700,3563.0000,14689,0,96253800.000,0,-,-,-,-,3561.6000,3561.4000,3561.2000,3561.0000,3560.0000,3562.8000,3563.2000,3564.0000,3564.4000,3564.6000,1,1,1,1,1,1,1,1,1,2
SF,IF2009,2020-03-26 09:30:41.200,3563.0000,14689,0,96253800.000,0,-,-,-,-,3562.8000,3561.6000,3561.4000,3561.2000,3561.0000,3563.0000,3563.2000,3564.0000,3564.4000,3564.6000,1,1,1,1,1,1,1,1,1,2
SF,IF2009,2020-03-26 09:30:41.700,3562.8000,14689,0,97322640.000,1,0,1,多换,S,3561.6000,3561.4000,3561.2000,3561.0000,3560.0000,3562.8000,3563.2000,3564.0000,3564.4000,3564.6000,1,1,1,1,1,4,1,1,1,2
SF,IF2009,2020-03-26 09:30:42.200,3562.8000,14689,0,97322640.000,0,-,-,-,-,3561.6000,3561.4000,3561.2000,3561.0000,3560.0000,3562.8000,3563.2000,3564.0000,3564.4000,3564.6000,1,1,1,1,1,4,1,1,1,2
SF,IF2009,2020-03-26 09:30:42.700,3562.8000,14690,1,98391480.000,1,1,0,双开,S,3561.6000,3561.4000,3561.2000,3561.0000,3560.0000,3562.8000,3563.2000,3564.0000,3564.4000,3564.6000,1,1,1,1,1,2,1,1,1,2
SF,IF2009,2020-03-26 09:30:43.200,3562.8000,14690,0,98391480.000,0,-,-,-,-,3561.8000,3561.6000,3561.4000,3561.2000,3561.0000,3562.8000,3563.2000,3564.0000,3564.4000,3564.6000,1,1,1,1,1,2,1,1,1,2
SF,IF2009,2020-03-26 09:30:43.700,3562.8000,14689,-1,99460320.000,1,0,1,双平,S,3562.0000,3561.6000,3561.4000,3561.2000,3561.0000,3562.8000,3563.2000,3564.0000,3564.4000,3564.6000,1,1,1,1,1,1,1,1,1,2
SF,IF2009,2020-03-26 09:30:44.200,3562.8000,14689,0,99460320.000,0,-,-,-,-,3561.6000,3561.4000,3561.0000,3560.0000,3559.2000,3562.8000,3563.2000,3564.0000,3564.4000,3564.6000,1,1,1,1,1,1,1,1,1,2
SF,IF2009,2020-03-26 09:30:44.700,3562.8000,14688,-1,100529160.000,1,0,1,双平,S,3562.8000,3561.8000,3561.6000,3561.4000,3561.0000,3563.2000,3564.4000,3564.6000,3566.0000,3569.0000,1,2,1,1,1,1,1,2,2,5
SF,IF2009,2020-03-26 09:30:45.200,3563.2000,14687,-1,101598120.000,1,0,1,双平,S,3562.8000,3561.8000,3561.6000,3561.4000,3561.0000,3564.4000,3564.6000,3566.0000,3569.0000,3569.8000,1,1,1,1,1,1,2,2,5,3
SF,IF2009,2020-03-26 09:30:45.700,3563.0000,14686,-1,102667020.000,1,0,1,双平,S,3563.0000,3562.8000,3561.8000,3561.6000,3561.4000,3564.2000,3564.4000,3564.6000,3566.0000,3569.0000,1,1,1,1,1,1,1,2,2,5
SF,IF2009,2020-03-26 09:30:46.200,3564.4000,14685,-1,104805600.000,2,0,2,多平,S,3563.2000,3562.8000,3561.6000,3561.4000,3561.0000,3564.6000,3566.0000,3569.0000,3569.8000,3570.0000,1,1,1,1,1,2,2,5,3,6
SF,IF2009,2020-03-26 09:30:46.700,3564.4000,14685,0,104805600.000,0,-,-,-,-,3563.4000,3562.8000,3561.6000,3561.4000,3561.0000,3566.0000,3569.0000,3569.8000,3570.0000,3570.2000,2,1,1,1,1,1,5,3,6,3
SF,IF2009,2020-03-26 09:30:47.200,3564.4000,14685,0,104805600.000,0,-,-,-,-,3563.4000,3562.8000,3561.6000,3561.4000,3561.0000,3569.0000,3569.8000,3570.0000,3570.2000,3573.8000,1,1,1,1,1,5,3,6,3,1
SF,IF2009,2020-03-26 09:30:47.700,3564.4000,14685,0,104805600.000,0,-,-,-,-,3563.6000,3563.4000,3562.8000,3561.6000,3561.4000,3568.6000,3568.8000,3569.0000,3569.8000,3570.0000,2,1,1,1,1,1,1,5,3,6
SF,IF2009,2020-03-26 09:30:48.200,3564.4000,14685,0,104805600.000,0,-,-,-,-,3563.6000,3562.8000,3561.6000,3561.4000,3561.0000,3568.4000,3568.6000,3568.8000,3569.8000,3570.0000,2,1,1,1,1,3,1,1,3,6
SF,IF2009,2020-03-26 09:30:48.700,3564.4000,14685,0,104805600.000,0,-,-,-,-,3563.8000,3563.6000,3562.8000,3561.6000,3561.4000,3567.2000,3568.0000,3568.2000,3568.4000,3568.8000,1,1,1,1,1,3,1,1,3,1
SF,IF2009,2020-03-26 09:30:49.200,3564.4000,14685,0,104805600.000,0,-,-,-,-,3563.8000,3563.6000,3562.8000,3561.6000,3561.4000,3567.2000,3568.2000,3568.4000,3568.8000,3569.8000,1,1,1,1,1,1,1,3,1,3
SF,IF2009,2020-03-26 09:30:49.700,3564.4000,14685,0,104805600.000,0,-,-,-,-,3564.0000,3563.8000,3563.6000,3561.6000,3561.4000,3567.2000,3568.2000,3568.4000,3568.8000,3569.8000,2,3,1,1,1,1,1,1,1,3
SF,IF2009,2020-03-26 09:30:50.200,3564.4000,14685,0,104805600.000,0,-,-,-,-,3563.6000,3561.6000,3561.4000,3561.0000,3560.0000,3567.2000,3568.2000,3568.4000,3568.8000,3569.8000,1,1,1,1,2,1,1,1,1,3
SF,IF2009,2020-03-26 09:30:50.700,3564.4000,14685,0,104805600.000,0,-,-,-,-,3563.8000,3563.6000,3561.6000,3561.4000,3561.0000,3567.0000,3567.2000,3568.4000,3568.8000,3569.2000,1,1,1,1,1,1,1,1,1,2
SF,IF2009,2020-03-26 09:30:51.200,3564.4000,14685,0,104805600.000,0,-,-,-,-,3563.8000,3563.6000,3561.6000,3561.4000,3561.0000,3565.0000,3566.6000,3566.8000,3567.2000,3568.4000,1,1,1,1,1,3,1,1,1,1
SF,IF2009,2020-03-26 09:30:51.700,3565.0000,14682,-3,108014100.000,3,0,3,双平,S,3565.0000,3564.0000,3563.8000,3561.6000,3561.4000,3566.6000,3566.8000,3567.2000,3568.4000,3568.8000,1,1,1,1,1,1,1,1,1,1
SF,IF2009,2020-03-26 09:30:52.200,3565.0000,14681,-1,110153100.000,2,0,2,多平,S,3563.8000,3561.8000,3561.6000,3561.4000,3561.0000,3566.4000,3566.6000,3567.2000,3568.4000,3568.6000,1,1,1,1,1,1,3,1,1,1
SF,IF2009,2020-03-26 09:30:52.700,3564.0000,14681,0,111222300.000,1,0,1,多换,S,3563.8000,3561.8000,3561.6000,3561.4000,3561.0000,3566.2000,3566.6000,3567.2000,3568.4000,3568.6000,1,1,1,1,1,1,3,1,1,1
SF,IF2009,2020-03-26 09:30:53.200,3564.0000,14681,0,112291500.000,1,0,1,多换,S,3563.8000,3561.8000,3561.6000,3561.4000,3561.0000,3566.2000,3566.6000,3567.2000,3568.4000,3568.6000,1,1,1,1,1,1,1,1,1,1
SF,IF2009,2020-03-26 09:30:53.700,3564.0000,14681,0,112291500.000,0,-,-,-,-,3563.8000,3561.8000,3561.6000,3561.4000,3561.0000,3566.2000,3566.6000,3567.2000,3568.4000,3568.6000,1,1,1,1,1,1,1,1,1,1
SF,IF2009,2020-03-26 09:30:54.200,3566.2000,14680,-1,113361360.000,1,0,1,双平,S,3564.0000,3563.8000,3561.8000,3561.6000,3561.4000,3566.6000,3567.2000,3568.4000,3568.6000,3568.8000,2,1,1,1,1,1,1,2,1,1
SF,IF2009,2020-03-26 09:30:54.700,3566.2000,14680,0,113361360.000,0,-,-,-,-,3564.0000,3561.8000,3561.6000,3561.4000,3561.0000,3567.2000,3568.4000,3568.6000,3568.8000,3569.8000,2,1,1,1,1,1,2,1,1,3
SF,IF2009,2020-03-26 09:30:55.200,3566.2000,14679,-1,114431220.000,1,0,1,双平,S,3564.6000,3564.2000,3564.0000,3561.8000,3561.6000,3567.2000,3568.4000,3568.6000,3568.8000,3569.8000,1,1,2,1,1,1,2,1,1,3
SF,IF2009,2020-03-26 09:30:55.700,3566.2000,14679,0,114431220.000,0,-,-,-,-,3564.8000,3564.6000,3561.8000,3561.6000,3561.4000,3567.2000,3568.4000,3568.6000,3568.8000,3569.8000,1,1,1,1,1,1,2,1,1,3
SF,IF2009,2020-03-26 09:30:56.200,3566.2000,14679,0,114431220.000,0,-,-,-,-,3565.0000,3564.8000,3561.8000,3561.6000,3561.4000,3567.2000,3568.4000,3568.6000,3568.8000,3569.8000,1,1,1,1,1,1,1,1,1,3
SF,IF2009,2020-03-26 09:30:57.200,3566.2000,14679,0,114431220.000,0,-,-,-,-,3565.0000,3564.8000,3561.8000,3561.6000,3561.4000,3567.2000,3568.4000,3568.6000,3568.8000,3569.8000,1,1,1,1,1,1,1,1,1,3
SF,IF2009,2020-03-26 09:30:57.700,3566.2000,14679,0,114431220.000,0,-,-,-,-,3565.2000,3565.0000,3564.8000,3561.8000,3561.6000,3567.2000,3568.4000,3568.6000,3568.8000,3569.8000,1,1,1,1,1,1,1,1,1,3
SF,IF2009,2020-03-26 09:30:58.200,3566.2000,14679,0,114431220.000,0,-,-,-,-,3565.2000,3564.8000,3561.8000,3561.6000,3561.4000,3567.2000,3568.4000,3568.6000,3569.8000,3570.0000,1,1,1,1,1,1,1,1,3,1
SF,IF2009,2020-03-26 09:30:58.700,3566.2000,14679,0,114431220.000,0,-,-,-,-,3565.4000,3565.2000,3564.8000,3561.8000,3561.6000,3566.8000,3567.2000,3568.4000,3568.6000,3569.8000,1,1,1,1,1,1,1,1,1,3
SF,IF2009,2020-03-26 09:30:59.200,3566.8000,14679,0,115501260.000,1,0,1,多换,S,3565.4000,3565.2000,3564.8000,3561.8000,3561.6000,3567.2000,3568.4000,3568.6000,3569.8000,3570.0000,1,1,1,1,1,1,1,1,3,1
SF,IF2009,2020-03-26 09:30:59.700,3566.8000,14679,0,115501260.000,0,-,-,-,-,3565.4000,3564.8000,3563.8000,3561.8000,3561.6000,3567.2000,3568.4000,3568.6000,3569.8000,3570.0000,1,2,1,1,1,1,1,1,3,1
SF,IF2009,2020-03-26 09:31:00.200,3566.8000,14679,0,115501260.000,0,-,-,-,-,3566.2000,3565.4000,3564.8000,3563.8000,3561.8000,3567.2000,3568.4000,3568.6000,3569.8000,3570.0000,2,1,2,1,1,1,1,1,3,1
SF,IF2009,2020-03-26 09:31:00.700,3567.2000,14679,0,116571420.000,1,0,1,多换,S,3567.2000,3566.2000,3565.4000,3564.8000,3563.8000,3568.4000,3568.6000,3569.8000,3570.0000,3573.8000,1,2,1,2,1,1,1,3,1,1
SF,IF2009,2020-03-26 09:31:01.200,3567.2000,14679,0,117641580.000,1,0,1,多换,S,3566.2000,3565.4000,3564.8000,3563.8000,3561.8000,3568.4000,3568.6000,3569.8000,3570.0000,3573.8000,2,1,2,1,1,1,1,3,1,1
SF,IF2009,2020-03-26 09:31:01.700,3567.2000,14679,0,117641580.000,0,-,-,-,-,3566.2000,3565.4000,3564.8000,3564.0000,3563.8000,3568.4000,3568.6000,3569.8000,3570.0000,3574.0000,2,1,2,1,1,1,1,3,1,3
SF,IF2009,2020-03-26 09:31:02.200,3568.4000,14678,-1,118712100.000,1,0,1,双平,S,3566.2000,3564.8000,3564.0000,3563.8000,3561.8000,3568.6000,3569.8000,3570.0000,3574.0000,3574.4000,2,2,1,1,1,1,3,1,3,5
SF,IF2009,2020-03-26 09:31:02.700,3568.4000,14678,0,118712100.000,0,-,-,-,-,3566.4000,3566.2000,3564.8000,3564.0000,3563.8000,3568.0000,3568.6000,3569.8000,3570.0000,3574.0000,2,2,1,1,1,1,1,3,1,3
SF,IF2009,2020-03-26 09:31:03.200,3568.4000,14678,0,118712100.000,0,-,-,-,-,3566.4000,3566.2000,3564.8000,3564.0000,3563.8000,3568.0000,3568.6000,3569.8000,3570.0000,3574.0000,1,2,1,1,1,1,1,3,1,3
SF,IF2009,2020-03-26 09:31:04.200,3568.6000,14679,1,120853200.000,2,1,1,空开,S,3566.4000,3566.2000,3564.8000,3564.0000,3563.8000,3569.8000,3570.0000,3574.0000,3574.4000,3575.0000,1,2,1,1,1,3,1,3,5,6
SF,IF2009,2020-03-26 09:31:04.700,3568.6000,14679,0,120853200.000,0,-,-,-,-,3566.6000,3566.4000,3566.2000,3564.8000,3564.0000,3569.4000,3569.6000,3569.8000,3570.0000,3574.0000,1,1,2,1,1,1,2,3,1,3
SF,IF2009,2020-03-26 09:31:05.200,3568.6000,14679,0,120853200.000,0,-,-,-,-,3566.6000,3566.2000,3564.8000,3564.0000,3563.8000,3569.2000,3569.4000,3569.6000,3569.8000,3570.0000,1,2,1,1,1,1,1,2,3,1
SF,IF2009,2020-03-26 09:31:05.700,3568.6000,14679,0,120853200.000,0,-,-,-,-,3566.8000,3566.6000,3566.2000,3564.8000,3564.0000,3569.4000,3569.6000,3569.8000,3570.0000,3574.0000,1,2,2,1,1,1,2,3,1,3
SF,IF2009,2020-03-26 09:31:06.200,3568.6000,14679,0,120853200.000,0,-,-,-,-,3567.0000,3566.8000,3566.6000,3566.2000,3564.8000,3569.0000,3569.4000,3569.6000,3569.8000,3570.0000,1,1,1,2,1,1,1,2,3,1
SF,IF2009,2020-03-26 09:31:06.700,3569.4000,14677,-2,122994720.000,2,0,2,双平,S,3569.4000,3567.0000,3566.6000,3566.2000,3564.8000,3569.6000,3569.8000,3570.0000,3574.0000,3574.4000,1,1,1,2,1,1,3,1,3,5
SF,IF2009,2020-03-26 09:31:07.200,3569.4000,14676,-1,124065540.000,1,0,1,双平,S,3567.0000,3566.6000,3566.2000,3564.8000,3564.0000,3569.4000,3569.8000,3570.0000,3574.0000,3574.4000,1,1,2,1,1,2,3,1,3,5
SF,IF2009,2020-03-26 09:31:07.700,3569.4000,14676,0,124065540.000,0,-,-,-,-,3567.2000,3567.0000,3566.6000,3566.2000,3564.8000,3570.0000,3574.0000,3574.4000,3575.0000,3575.6000,1,1,1,2,1,1,3,5,6,2
SF,IF2009,2020-03-26 09:31:08.200,3569.4000,14676,0,124065540.000,0,-,-,-,-,3567.4000,3567.2000,3566.6000,3566.2000,3564.8000,3569.8000,3570.0000,3574.0000,3574.4000,3575.0000,1,2,1,2,1,1,1,3,5,6
SF,IF2009,2020-03-26 09:31:08.700,3569.4000,14676,0,124065540.000,0,-,-,-,-,3569.6000,3567.4000,3567.2000,3566.6000,3566.2000,3570.0000,3574.0000,3574.4000,3575.0000,3575.6000,2,1,1,1,2,1,3,5,6,2
SF,IF2009,2020-03-26 09:31:09.200,3569.4000,14676,0,124065540.000,0,-,-,-,-,3569.6000,3567.6000,3567.4000,3567.2000,3566.6000,3570.0000,3574.0000,3574.4000,3575.0000,3575.6000,2,1,1,1,1,1,3,5,6,2
SF,IF2009,2020-03-26 09:31:09.700,3570.0000,14675,-1,125136540.000,1,0,1,双平,S,3569.6000,3569.4000,3567.6000,3567.4000,3567.2000,3574.4000,3575.0000,3575.6000,3577.0000,3579.2000,2,1,1,1,1,5,5,2,3,4
SF,IF2009,2020-03-26 09:31:10.200,3570.0000,14675,0,125136540.000,0,-,-,-,-,3570.0000,3569.8000,3569.6000,3569.4000,3567.6000,3572.2000,3572.4000,3574.2000,3574.4000,3575.0000,1,3,2,2,1,1,2,4,5,5
SF,IF2009,2020-03-26 09:31:10.700,3570.0000,14675,0,125136540.000,0,-,-,-,-,3570.0000,3569.8000,3569.6000,3569.4000,3567.6000,3572.0000,3572.4000,3574.2000,3574.4000,3575.0000,1,1,2,2,1,3,2,4,5,5
SF,IF2009,2020-03-26 09:31:11.200,3572.0000,14675,0,126208140.000,1,0,1,多换,S,3570.2000,3570.0000,3569.8000,3569.6000,3569.4000,3572.0000,3572.4000,3572.6000,3574.2000,3575.0000,2,1,1,2,2,2,2,2,4,5
SF,IF2009,2020-03-26 09:31:12.200,3572.0000,14675,0,126208140.000,0,-,-,-,-,3570.2000,3570.0000,3569.8000,3569.6000,3569.4000,3572.0000,3572.4000,3572.6000,3574.2000,3575.0000,2,1,1,2,2,2,2,2,4,5
SF,IF2009,2020-03-26 09:31:12.700,3572.0000,14675,0,127279740.000,1,0,1,多换,S,3570.2000,3570.0000,3569.8000,3569.6000,3569.4000,3571.6000,3571.8000,3572.0000,3572.4000,3574.2000,2,1,1,2,2,1,1,2,2,4
SF,IF2009,2020-03-26 09:31:13.200,3572.0000,14675,0,128351340.000,1,0,1,多换,S,3570.2000,3570.0000,3569.6000,3569.4000,3567.6000,3571.4000,3571.6000,3571.8000,3572.0000,3572.4000,2,1,2,2,1,1,1,1,2,2
SF,IF2009,2020-03-26 09:31:13.700,3572.0000,14675,0,128351340.000,0,-,-,-,-,3570.2000,3570.0000,3569.6000,3569.4000,3567.6000,3571.4000,3571.6000,3572.0000,3572.4000,3574.2000,2,1,2,2,1,1,1,2,2,4
SF,IF2009,2020-03-26 09:31:14.200,3570.2000,14675,0,129422400.000,1,0,1,多换,S,3570.2000,3570.0000,3569.6000,3569.4000,3567.6000,3571.6000,3572.0000,3572.4000,3574.2000,3575.0000,1,1,2,2,1,1,1,2,4,5
SF,IF2009,2020-03-26 09:31:14.700,3570.2000,14675,0,129422400.000,0,-,-,-,-,3570.2000,3570.0000,3569.6000,3569.4000,3567.6000,3571.4000,3571.6000,3572.0000,3572.4000,3574.2000,1,1,2,2,1,1,1,1,2,4
SF,IF2009,2020-03-26 09:31:15.200,3570.2000,14675,0,129422400.000,0,-,-,-,-,3570.2000,3570.0000,3569.6000,3569.4000,3567.6000,3571.6000,3572.0000,3572.4000,3574.2000,3575.0000,1,1,2,2,1,1,1,2,4,5
SF,IF2009,2020-03-26 09:31:15.700,3571.6000,14675,0,130493880.000,1,0,1,多换,S,3571.4000,3570.2000,3570.0000,3569.6000,3569.4000,3572.0000,3572.4000,3574.2000,3575.0000,3575.6000,1,1,1,2,2,1,2,4,5,2
SF,IF2009,2020-03-26 09:31:16.200,3571.6000,14674,-1,131565360.000,1,0,1,双平,S,3571.4000,3570.2000,3570.0000,3569.6000,3569.4000,3572.4000,3574.2000,3575.0000,3575.6000,3577.6000,1,1,1,2,2,2,4,5,2,2
SF,IF2009,2020-03-26 09:31:16.700,3572.4000,14672,-2,133708800.000,2,0,2,双平,S,3571.4000,3570.0000,3569.6000,3569.4000,3567.6000,3574.2000,3575.6000,3577.6000,3577.8000,3579.2000,1,1,2,2,1,4,2,2,3,8
SF,IF2009,2020-03-26 09:31:17.200,3572.4000,14672,0,133708800.000,0,-,-,-,-,3571.6000,3571.4000,3570.0000,3569.6000,3569.4000,3574.0000,3574.2000,3575.6000,3577.6000,3577.8000,2,1,1,2,2,2,4,2,2,3
SF,IF2009,2020-03-26 09:31:17.700,3572.4000,14672,0,133708800.000,0,-,-,-,-,3571.6000,3571.4000,3570.0000,3569.6000,3569.4000,3574.0000,3574.2000,3575.6000,3577.6000,3577.8000,2,2,1,2,2,1,3,2,2,3
SF,IF2009,2020-03-26 09:31:18.700,3572.4000,14672,0,133708800.000,0,-,-,-,-,3571.6000,3571.4000,3570.0000,3569.6000,3569.4000,3574.0000,3574.2000,3575.6000,3577.8000,3578.0000,2,2,1,2,2,1,3,2,3,1
SF,IF2009,2020-03-26 09:31:19.200,3572.4000,14672,0,133708800.000,0,-,-,-,-,3571.6000,3571.4000,3570.0000,3569.6000,3569.4000,3574.0000,3574.2000,3577.8000,3578.0000,3579.2000,2,2,1,2,2,1,3,3,1,8
SF,IF2009,2020-03-26 09:31:19.700,3572.4000,14672,0,133708800.000,0,-,-,-,-,3571.6000,3571.4000,3570.0000,3569.6000,3569.4000,3574.0000,3574.2000,3577.8000,3578.0000,3579.2000,2,2,1,2,2,1,3,3,1,8
SF,IF2009,2020-03-26 09:31:20.200,3572.4000,14672,0,133708800.000,0,-,-,-,-,3571.6000,3571.4000,3570.0000,3569.6000,3569.4000,3574.0000,3574.2000,3577.8000,3578.0000,3579.2000,2,2,1,2,2,1,3,3,1,5
SF,IF2009,2020-03-26 09:31:20.700,3572.4000,14672,0,133708800.000,0,-,-,-,-,3571.6000,3571.4000,3570.0000,3569.6000,3569.4000,3573.8000,3574.0000,3574.2000,3577.8000,3578.0000,1,2,1,2,2,1,1,3,3,1
SF,IF2009,2020-03-26 09:31:21.200,3572.4000,14672,0,133708800.000,0,-,-,-,-,3571.8000,3571.6000,3571.4000,3570.0000,3569.6000,3572.8000,3573.4000,3573.6000,3573.8000,3574.0000,1,1,2,1,2,1,1,3,1,1
SF,IF2009,2020-03-26 09:31:21.700,3572.4000,14672,0,133708800.000,0,-,-,-,-,3571.8000,3571.4000,3570.0000,3569.6000,3569.4000,3572.8000,3573.4000,3573.6000,3573.8000,3574.0000,1,2,1,2,2,1,1,3,1,1
SF,IF2009,2020-03-26 09:31:22.200,3572.8000,14671,-1,134780640.000,1,0,1,双平,S,3571.8000,3571.4000,3570.0000,3569.6000,3569.4000,3573.4000,3573.6000,3573.8000,3574.0000,3574.2000,1,2,1,2,2,1,4,1,1,3
SF,IF2009,2020-03-26 09:31:22.700,3572.8000,14671,0,134780640.000,0,-,-,-,-,3571.8000,3571.4000,3570.0000,3569.6000,3569.4000,3573.6000,3574.0000,3574.2000,3577.8000,3578.0000,1,2,1,2,2,4,1,3,3,1
SF,IF2009,2020-03-26 09:31:23.700,3572.8000,14671,0,134780640.000,0,-,-,-,-,3571.8000,3571.4000,3570.0000,3569.6000,3569.4000,3573.6000,3574.0000,3574.2000,3577.8000,3578.0000,1,1,1,2,2,2,1,3,3,1
SF,IF2009,2020-03-26 09:31:24.200,3572.8000,14671,0,134780640.000,0,-,-,-,-,3571.8000,3571.4000,3570.0000,3569.6000,3569.4000,3573.6000,3574.0000,3574.2000,3577.8000,3578.0000,1,1,1,2,2,1,1,3,3,1
SF,IF2009,2020-03-26 09:31:24.700,3573.6000,14672,1,135852720.000,1,1,0,双开,S,3571.8000,3571.4000,3570.0000,3569.6000,3569.4000,3573.2000,3574.0000,3574.2000,3577.8000,3578.0000,1,1,1,2,2,1,1,3,3,1
SF,IF2009,2020-03-26 09:31:25.200,3573.6000,14672,0,135852720.000,0,-,-,-,-,3572.0000,3571.8000,3571.4000,3570.0000,3569.6000,3573.2000,3574.0000,3574.2000,3577.8000,3578.0000,1,1,1,1,2,1,1,3,3,1
SF,IF2009,2020-03-26 09:31:25.700,3573.6000,14672,0,135852720.000,0,-,-,-,-,3572.2000,3571.4000,3570.0000,3569.6000,3569.4000,3573.2000,3574.2000,3577.8000,3578.0000,3579.2000,1,1,1,2,2,1,3,3,1,5
SF,IF2009,2020-03-26 09:31:26.200,3573.6000,14671,-1,136924800.000,1,0,1,双平,S,3572.4000,3571.4000,3570.0000,3569.6000,3569.4000,3574.2000,3577.8000,3578.0000,3579.2000,3579.4000,1,1,1,2,1,3,3,1,5,5
SF,IF2009,2020-03-26 09:31:26.700,3573.6000,14671,0,136924800.000,0,-,-,-,-,3572.6000,3571.4000,3570.0000,3569.6000,3569.4000,3574.0000,3574.2000,3577.8000,3578.0000,3579.2000,2,1,1,2,1,1,3,3,1,5
SF,IF2009,2020-03-26 09:31:27.200,3573.6000,14671,0,136924800.000,0,-,-,-,-,3573.2000,3572.6000,3571.4000,3570.0000,3569.6000,3573.6000,3577.8000,3578.0000,3579.2000,3579.4000,1,2,1,1,2,1,3,1,5,5
SF,IF2009,2020-03-26 09:31:27.700,3573.6000,14670,-1,137996880.000,1,0,1,双平,S,3573.2000,3572.6000,3571.4000,3570.0000,3569.6000,3577.8000,3578.0000,3579.2000,3579.4000,3579.6000,1,1,1,1,2,3,1,5,5,2
SF,IF2009,2020-03-26 09:31:28.200,3573.6000,14670,0,137996880.000,0,-,-,-,-,3574.2000,3573.4000,3573.2000,3571.4000,3570.0000,3576.8000,3577.6000,3577.8000,3578.0000,3579.2000,1,2,1,1,1,1,3,3,1,5
SF,IF2009,2020-03-26 09:31:28.700,3573.6000,14670,0,137996880.000,0,-,-,-,-,3574.4000,3574.2000,3573.4000,3573.2000,3571.4000,3576.6000,3576.8000,3577.6000,3577.8000,3578.0000,1,1,1,1,1,4,1,2,3,1
SF,IF2009,2020-03-26 09:31:29.200,3574.4000,14669,-1,139069200.000,1,0,1,双平,S,3574.2000,3573.2000,3571.4000,3570.0000,3569.6000,3574.4000,3576.6000,3576.8000,3577.6000,3578.0000,1,1,1,1,2,1,3,1,2,1
SF,IF2009,2020-03-26 09:31:29.700,3574.2000,14668,-1,141213780.000,2,0,2,多平,S,3573.2000,3571.4000,3570.0000,3569.6000,3569.4000,3576.6000,3576.8000,3577.6000,3578.0000,3579.2000,1,1,1,2,1,3,1,2,1,5
SF,IF2009,2020-03-26 09:31:30.200,3574.2000,14668,0,141213780.000,0,-,-,-,-,3573.4000,3573.2000,3571.4000,3570.0000,3569.6000,3576.4000,3576.6000,3576.8000,3577.6000,3578.0000,1,1,1,1,2,1,3,1,2,1
SF,IF2009,2020-03-26 09:31:30.700,3574.2000,14668,0,141213780.000,0,-,-,-,-,3573.4000,3573.2000,3571.4000,3570.0000,3569.6000,3576.2000,3576.4000,3576.6000,3576.8000,3577.6000,1,1,1,1,2,4,1,3,1,2
SF,IF2009,2020-03-26 09:31:31.200,3574.2000,14668,0,141213780.000,0,-,-,-,-,3573.4000,3573.2000,3571.4000,3570.0000,3569.6000,3576.0000,3576.2000,3576.4000,3576.6000,3576.8000,1,1,1,1,2,1,4,1,3,1
SF,IF2009,2020-03-26 09:31:31.700,3574.2000,14668,0,141213780.000,0,-,-,-,-,3573.4000,3573.2000,3571.4000,3570.0000,3569.6000,3575.8000,3576.0000,3576.2000,3576.4000,3576.6000,1,1,1,1,2,4,2,4,1,3
SF,IF2009,2020-03-26 09:31:32.200,3575.6000,14667,-1,142286460.000,1,0,1,双平,S,3573.6000,3573.4000,3573.2000,3571.4000,3570.0000,3575.6000,3575.8000,3576.0000,3576.2000,3576.6000,1,1,1,1,1,2,4,1,4,3
SF,IF2009,2020-03-26 09:31:32.700,3573.6000,14666,-1,143358540.000,1,0,1,双平,S,3573.4000,3573.2000,3571.4000,3570.0000,3569.6000,3575.4000,3575.6000,3575.8000,3576.0000,3576.2000,1,1,1,1,2,4,1,4,1,4
SF,IF2009,2020-03-26 09:31:33.200,3573.2000,14665,-1,144430500.000,1,0,1,双平,S,3571.4000,3570.0000,3569.6000,3569.4000,3566.2000,3575.2000,3575.4000,3575.8000,3576.0000,3576.2000,1,1,2,1,2,1,5,4,1,4
SF,IF2009,2020-03-26 09:31:33.700,3573.2000,14665,0,144430500.000,0,-,-,-,-,3571.6000,3571.4000,3570.0000,3569.6000,3569.4000,3574.6000,3575.0000,3575.2000,3575.4000,3575.8000,1,1,1,2,1,1,5,2,3,4
SF,IF2009,2020-03-26 09:31:34.200,3573.2000,14665,0,144430500.000,0,-,-,-,-,3571.6000,3571.4000,3570.0000,3569.6000,3569.4000,3574.4000,3574.6000,3575.0000,3575.2000,3575.4000,1,1,1,2,1,5,1,5,2,3
SF,IF2009,2020-03-26 09:31:34.700,3574.2000,14665,0,145502760.000,1,0,1,多换,S,3571.6000,3571.4000,3570.0000,3569.6000,3569.4000,3574.4000,3574.6000,3575.0000,3575.2000,3575.4000,1,1,1,2,1,6,1,5,2,3
SF,IF2009,2020-03-26 09:31:36.200,3574.2000,14665,0,145502760.000,0,-,-,-,-,3571.6000,3571.4000,3570.0000,3569.6000,3569.4000,3574.2000,3574.4000,3574.6000,3575.0000,3575.2000,1,1,1,2,1,1,6,1,5,2
SF,IF2009,2020-03-26 09:31:36.700,3574.2000,14665,0,145502760.000,0,-,-,-,-,3571.6000,3571.4000,3570.0000,3569.6000,3566.2000,3574.0000,3574.4000,3574.6000,3575.0000,3575.2000,1,1,1,2,2,3,4,1,5,2
SF,IF2009,2020-03-26 09:31:37.200,3574.2000,14665,0,145502760.000,0,-,-,-,-,3571.6000,3571.4000,3570.0000,3569.6000,3568.0000,3573.8000,3574.0000,3574.4000,3574.6000,3575.0000,1,1,1,2,1,1,5,4,1,5
SF,IF2009,2020-03-26 09:31:37.700,3574.2000,14665,0,145502760.000,0,-,-,-,-,3571.6000,3571.4000,3570.0000,3569.6000,3568.0000,3573.6000,3573.8000,3574.0000,3574.4000,3574.6000,1,1,1,2,1,3,1,4,4,1
SF,IF2009,2020-03-26 09:31:38.200,3574.2000,14665,0,145502760.000,0,-,-,-,-,3572.8000,3571.6000,3571.4000,3570.0000,3569.6000,3573.4000,3573.6000,3573.8000,3574.0000,3574.4000,3,1,1,1,2,2,3,1,4,4
SF,IF2009,2020-03-26 09:31:38.700,3572.8000,14665,0,148718280.000,3,1,2,多换,S,3571.6000,3571.4000,3570.0000,3569.6000,3568.0000,3572.6000,3572.8000,3573.4000,3573.6000,3573.8000,1,1,1,2,1,1,6,3,3,1
SF,IF2009,2020-03-26 09:31:39.200,3572.8000,14665,0,148718280.000,0,-,-,-,-,3571.6000,3571.4000,3570.0000,3569.6000,3568.0000,3572.8000,3573.6000,3573.8000,3574.0000,3574.4000,1,1,1,2,1,4,3,1,4,4
SF,IF2009,2020-03-26 09:31:39.700,3572.8000,14665,0,148718280.000,0,-,-,-,-,3571.4000,3570.0000,3569.6000,3568.0000,3566.2000,3571.6000,3572.4000,3572.6000,3572.8000,3573.6000,1,1,2,1,2,2,1,1,3,3
SF,IF2009,2020-03-26 09:31:40.200,3571.4000,14665,0,149789700.000,1,0,1,多换,S,3570.0000,3569.6000,3568.0000,3566.2000,3564.0000,3571.2000,3571.6000,3572.4000,3572.8000,3573.6000,1,2,1,2,1,1,1,1,2,3
SF,IF2009,2020-03-26 09:31:40.700,3571.6000,14665,0,150861180.000,1,0,1,多换,S,3570.2000,3570.0000,3569.6000,3568.0000,3566.2000,3572.4000,3572.8000,3573.6000,3573.8000,3574.0000,2,1,2,1,2,1,2,3,1,4
SF,IF2009,2020-03-26 09:31:41.200,3572.2000,14664,-1,151932840.000,1,0,1,双平,S,3570.2000,3570.0000,3569.6000,3568.0000,3566.2000,3572.2000,3572.4000,3572.8000,3573.6000,3573.8000,1,1,2,1,2,2,1,2,3,1
SF,IF2009,2020-03-26 09:31:41.700,3572.0000,14664,0,153004440.000,1,0,1,多换,S,3570.2000,3570.0000,3569.6000,3568.0000,3566.6000,3572.0000,3572.2000,3572.4000,3572.8000,3573.6000,1,1,2,1,2,4,1,1,2,3
SF,IF2009,2020-03-26 09:31:42.200,3572.0000,14664,0,153004440.000,0,-,-,-,-,3570.0000,3569.6000,3568.0000,3566.6000,3566.2000,3571.8000,3572.0000,3572.2000,3572.4000,3572.8000,1,2,1,2,2,1,5,1,1,2
SF,IF2009,2020-03-26 09:31:42.700,3572.0000,14664,0,153004440.000,0,-,-,-,-,3570.0000,3569.6000,3568.0000,3566.6000,3566.2000,3571.6000,3571.8000,3572.0000,3572.2000,3572.4000,1,2,1,2,2,3,1,3,1,1
SF,IF2009,2020-03-26 09:31:43.200,3572.0000,14664,0,153004440.000,0,-,-,-,-,3570.0000,3569.6000,3568.0000,3566.6000,3566.2000,3571.4000,3571.6000,3571.8000,3572.0000,3572.2000,1,2,1,2,2,1,3,1,3,1
SF,IF2009,2020-03-26 09:31:43.700,3570.0000,14664,0,154075440.000,1,0,1,多换,S,3569.6000,3568.0000,3566.2000,3564.0000,3561.8000,3571.2000,3571.4000,3571.6000,3571.8000,3572.0000,2,1,2,1,1,2,1,2,1,3
SF,IF2009,2020-03-26 09:31:44.200,3569.6000,14664,0,156217200.000,2,1,1,多换,S,3568.0000,3566.2000,3564.0000,3561.8000,3561.4000,3569.4000,3571.2000,3571.6000,3571.8000,3572.0000,1,2,1,1,1,1,2,2,1,3
SF,IF2009,2020-03-26 09:31:44.700,3569.6000,14664,0,156217200.000,0,-,-,-,-,3569.2000,3568.2000,3568.0000,3566.2000,3564.0000,3571.2000,3571.6000,3571.8000,3572.0000,3572.2000,1,2,1,2,1,1,2,1,3,1
SF,IF2009,2020-03-26 09:31:45.200,3569.6000,14664,0,156217200.000,0,-,-,-,-,3569.2000,3568.2000,3568.0000,3566.2000,3564.0000,3571.0000,3571.2000,3571.6000,3571.8000,3572.0000,1,1,1,2,1,2,1,2,1,3
SF,IF2009,2020-03-26 09:31:45.700,3571.2000,14665,1,166929480.000,10,5,5,空开,S,3571.2000,3568.2000,3568.0000,3566.2000,3564.0000,3571.6000,3571.8000,3572.0000,3572.2000,3572.4000,1,1,1,2,1,2,1,3,1,1
SF,IF2009,2020-03-26 09:31:46.200,3571.2000,14666,1,168000840.000,1,1,0,双开,S,3568.2000,3568.0000,3566.2000,3564.0000,3561.8000,3571.0000,3571.2000,3571.4000,3571.8000,3572.2000,1,1,2,1,1,1,9,1,1,1
SF,IF2009,2020-03-26 09:31:46.700,3571.2000,14666,0,168000840.000,0,-,-,-,-,3568.2000,3568.0000,3566.2000,3564.0000,3561.8000,3570.8000,3571.0000,3571.2000,3571.4000,3571.8000,1,1,2,1,1,2,1,2,1,1
SF,IF2009,2020-03-26 09:31:47.200,3571.2000,14666,0,168000840.000,0,-,-,-,-,3568.2000,3568.0000,3566.2000,3564.0000,3561.8000,3570.8000,3571.2000,3571.8000,3572.2000,3573.6000,1,1,2,1,1,1,2,1,1,1
SF,IF2009,2020-03-26 09:31:47.700,3571.2000,14666,0,168000840.000,0,-,-,-,-,3568.2000,3568.0000,3566.2000,3564.0000,3561.8000,3570.8000,3571.0000,3571.2000,3571.8000,3572.2000,1,1,2,1,1,1,1,1,1,1
SF,IF2009,2020-03-26 09:31:48.200,3571.2000,14666,0,168000840.000,0,-,-,-,-,3568.2000,3568.0000,3566.2000,3564.0000,3561.8000,3570.8000,3571.0000,3571.2000,3571.8000,3572.2000,1,1,2,1,1,1,1,1,1,1
SF,IF2009,2020-03-26 09:31:48.700,3568.4000,14664,-2,170141880.000,2,0,2,双平,S,3568.2000,3568.0000,3566.2000,3564.0000,3561.8000,3570.8000,3571.0000,3571.2000,3571.8000,3572.2000,1,1,2,1,1,1,1,1,1,1
SF,IF2009,2020-03-26 09:31:49.200,3568.4000,14664,0,170141880.000,0,-,-,-,-,3568.6000,3568.4000,3568.2000,3568.0000,3566.2000,3570.8000,3571.0000,3571.2000,3571.8000,3572.2000,1,1,1,1,2,1,1,1,1,1
SF,IF2009,2020-03-26 09:31:49.700,3568.4000,14664,0,170141880.000,0,-,-,-,-,3570.0000,3568.6000,3568.4000,3568.0000,3566.2000,3570.8000,3571.0000,3571.2000,3571.8000,3572.2000,2,1,1,1,2,1,1,1,1,1
SF,IF2009,2020-03-26 09:31:50.200,3570.0000,14665,1,172283820.000,2,1,1,空开,S,3568.4000,3568.0000,3566.2000,3564.0000,3561.8000,3570.8000,3571.0000,3571.2000,3571.8000,3572.2000,1,1,2,1,1,1,1,1,1,1
SF,IF2009,2020-03-26 09:31:50.700,3570.0000,14665,0,172283820.000,0,-,-,-,-,3568.6000,3568.4000,3568.0000,3566.2000,3564.0000,3570.8000,3571.0000,3571.2000,3571.8000,3572.2000,1,1,1,2,1,1,1,1,1,1
SF,IF2009,2020-03-26 09:31:51.200,3570.0000,14665,0,172283820.000,0,-,-,-,-,3568.6000,3568.4000,3568.0000,3566.2000,3564.0000,3570.6000,3570.8000,3571.0000,3571.2000,3571.8000,1,1,1,2,1,1,1,1,1,1
SF,IF2009,2020-03-26 09:31:51.700,3570.0000,14665,0,172283820.000,0,-,-,-,-,3568.6000,3568.4000,3568.0000,3566.2000,3564.0000,3570.4000,3570.6000,3570.8000,3571.0000,3571.2000,1,1,1,2,1,1,2,1,1,1
SF,IF2009,2020-03-26 09:31:52.200,3570.0000,14665,0,172283820.000,0,-,-,-,-,3568.6000,3568.4000,3568.0000,3566.2000,3564.0000,3570.4000,3570.6000,3570.8000,3571.0000,3571.8000,1,1,1,2,1,1,1,1,1,1
SF,IF2009,2020-03-26 09:31:52.700,3570.0000,14665,0,172283820.000,0,-,-,-,-,3568.6000,3568.0000,3566.2000,3564.0000,3561.8000,3570.0000,3570.4000,3570.8000,3571.0000,3571.8000,2,1,2,1,1,1,1,1,1,1
SF,IF2009,2020-03-26 09:31:53.200,3570.0000,14665,0,172283820.000,0,-,-,-,-,3568.6000,3568.0000,3567.0000,3566.2000,3564.0000,3570.0000,3570.4000,3570.8000,3571.0000,3571.8000,1,1,1,2,1,1,1,1,1,1
SF,IF2009,2020-03-26 09:31:54.200,3570.0000,14664,-1,173354820.000,1,0,1,双平,S,3568.6000,3568.0000,3567.0000,3566.2000,3564.0000,3570.4000,3570.8000,3571.0000,3571.8000,3572.2000,1,1,1,2,1,1,1,1,1,1
SF,IF2009,2020-03-26 09:31:54.700,3570.0000,14664,0,173354820.000,0,-,-,-,-,3568.8000,3568.6000,3568.0000,3567.0000,3566.2000,3571.0000,3571.8000,3572.2000,3575.8000,3576.6000,1,1,1,1,2,1,1,1,1,2
SF,IF2009,2020-03-26 09:31:55.200,3570.0000,14664,0,173354820.000,0,-,-,-,-,3570.0000,3568.8000,3568.6000,3568.0000,3567.0000,3571.0000,3571.8000,3572.2000,3575.6000,3575.8000,1,1,1,1,1,1,1,1,3,1
SF,IF2009,2020-03-26 09:31:55.700,3568.6000,14663,-1,176567040.000,3,1,2,多平,S,3568.0000,3567.0000,3566.2000,3564.0000,3561.8000,3568.6000,3570.0000,3570.6000,3570.8000,3571.0000,1,1,2,1,1,1,3,1,1,1
SF,IF2009,2020-03-26 09:31:56.200,3568.6000,14662,-1,177637620.000,1,0,1,双平,S,3568.0000,3567.0000,3566.2000,3564.0000,3561.8000,3569.4000,3570.0000,3570.6000,3570.8000,3571.0000,1,1,2,1,1,1,2,1,1,1
SF,IF2009,2020-03-26 09:31:56.700,3568.0000,14662,0,178708020.000,1,0,1,多换,S,3567.0000,3566.2000,3564.0000,3561.8000,3561.4000,3570.0000,3570.6000,3571.0000,3571.8000,3572.2000,1,2,1,1,1,2,1,1,1,1
SF,IF2009,2020-03-26 09:31:57.200,3568.0000,14662,0,178708020.000,0,-,-,-,-,3567.0000,3566.2000,3564.0000,3561.8000,3561.4000,3570.0000,3570.6000,3571.0000,3571.8000,3572.2000,1,2,1,1,1,1,1,1,1,1
SF,IF2009,2020-03-26 09:31:57.700,3568.0000,14662,0,178708020.000,0,-,-,-,-,3567.0000,3566.2000,3564.0000,3561.8000,3561.4000,3569.4000,3569.8000,3570.0000,3570.6000,3571.0000,1,2,1,1,1,1,1,1,1,1
SF,IF2009,2020-03-26 09:31:58.700,3569.4000,14662,0,179778840.000,1,0,1,多换,S,3569.4000,3567.0000,3566.2000,3564.0000,3561.8000,3569.8000,3570.0000,3571.0000,3571.8000,3572.2000,9,1,2,1,1,1,1,1,1,1
SF,IF2009,2020-03-26 09:31:59.200,3569.4000,14663,1,186203760.000,6,3,3,空开,S,3569.4000,3567.0000,3566.2000,3564.0000,3561.8000,3569.8000,3570.0000,3571.0000,3571.8000,3572.2000,3,1,2,1,1,1,1,1,1,1
SF,IF2009,2020-03-26 09:31:59.700,3569.4000,14663,0,189416220.000,3,1,2,多换,S,3567.0000,3566.2000,3564.0000,3561.8000,3561.4000,3569.8000,3570.0000,3571.0000,3571.8000,3572.2000,1,2,1,1,1,1,1,1,1,1
SF,IF2009,2020-03-26 09:32:00.200,3569.4000,14663,0,189416220.000,0,-,-,-,-,3567.4000,3567.0000,3566.2000,3564.0000,3561.8000,3569.8000,3570.0000,3571.0000,3571.8000,3572.2000,1,1,2,1,1,1,1,1,1,1
SF,IF2009,2020-03-26 09:32:00.700,3569.4000,14663,0,189416220.000,0,-,-,-,-,3567.8000,3567.0000,3566.2000,3564.0000,3561.8000,3569.8000,3570.0000,3571.0000,3571.8000,3572.2000,1,2,2,1,1,1,1,1,1,1
SF,IF2009,2020-03-26 09:32:01.200,3569.4000,14663,0,189416220.000,0,-,-,-,-,3567.0000,3566.2000,3564.0000,3561.8000,3561.4000,3569.8000,3570.0000,3571.0000,3571.8000,3572.2000,2,2,1,1,1,1,1,1,1,1
SF,IF2009,2020-03-26 09:32:01.700,3569.4000,14663,0,189416220.000,0,-,-,-,-,3568.0000,3567.0000,3566.2000,3564.0000,3561.8000,3569.6000,3569.8000,3571.0000,3571.8000,3572.2000,1,2,2,1,1,2,1,1,1,1
SF,IF2009,2020-03-26 09:32:02.200,3569.4000,14663,0,189416220.000,0,-,-,-,-,3567.0000,3566.2000,3564.0000,3561.8000,3561.4000,3569.4000,3569.8000,3571.0000,3571.8000,3572.2000,1,2,1,1,1,2,1,1,1,1
SF,IF2009,2020-03-26 09:32:02.700,3569.4000,14663,0,189416220.000,0,-,-,-,-,3567.0000,3566.2000,3564.0000,3561.8000,3561.4000,3569.0000,3569.2000,3569.4000,3569.8000,3571.0000,1,2,1,1,1,1,2,2,1,1
SF,IF2009,2020-03-26 09:32:03.200,3569.4000,14663,0,189416220.000,0,-,-,-,-,3567.0000,3566.2000,3564.0000,3561.8000,3561.4000,3568.8000,3569.2000,3569.4000,3569.8000,3571.0000,1,2,1,1,1,2,2,2,1,1
SF,IF2009,2020-03-26 09:32:03.700,3569.4000,14663,0,189416220.000,0,-,-,-,-,3567.0000,3566.2000,3564.0000,3561.8000,3561.4000,3568.4000,3568.6000,3568.8000,3569.2000,3569.4000,1,2,2,1,1,1,1,3,1,3
SF,IF2009,2020-03-26 09:32:04.200,3569.4000,14663,0,189416220.000,0,-,-,-,-,3567.0000,3566.2000,3564.0000,3561.8000,3561.4000,3568.0000,3568.2000,3568.4000,3568.6000,3568.8000,1,2,2,1,1,1,1,1,1,2
SF,IF2009,2020-03-26 09:32:04.700,3569.4000,14663,0,189416220.000,0,-,-,-,-,3567.0000,3566.2000,3565.6000,3564.0000,3561.8000,3567.8000,3568.0000,3568.2000,3568.4000,3568.8000,1,2,1,2,1,1,1,1,1,2
SF,IF2009,2020-03-26 09:32:05.200,3567.0000,14664,1,190486320.000,1,1,0,双开,S,3566.2000,3565.6000,3564.0000,3561.8000,3561.4000,3567.8000,3568.2000,3568.4000,3568.8000,3569.2000,2,1,2,1,1,2,1,1,2,1
SF,IF2009,2020-03-26 09:32:05.700,3567.8000,14664,0,191556660.000,1,0,1,多换,S,3566.2000,3565.6000,3564.0000,3561.8000,3561.4000,3568.8000,3569.2000,3569.4000,3569.8000,3571.8000,2,1,2,1,1,1,1,1,1,1
SF,IF2009,2020-03-26 09:32:06.200,3567.8000,14664,0,191556660.000,0,-,-,-,-,3566.4000,3566.2000,3565.6000,3564.0000,3561.8000,3567.8000,3568.6000,3568.8000,3569.4000,3569.8000,2,2,1,2,1,2,2,1,1,1
SF,IF2009,2020-03-26 09:32:06.700,3567.8000,14662,-2,193697340.000,2,0,2,双平,S,3566.8000,3566.4000,3566.2000,3565.6000,3564.0000,3568.6000,3568.8000,3569.4000,3569.8000,3571.8000,1,1,2,1,2,3,1,1,1,1
SF,IF2009,2020-03-26 09:32:07.200,3567.8000,14662,0,193697340.000,0,-,-,-,-,3567.2000,3567.0000,3566.6000,3566.2000,3565.6000,3568.4000,3568.6000,3568.8000,3569.4000,3569.8000,1,1,1,2,1,1,1,1,1,1
SF,IF2009,2020-03-26 09:32:07.700,3568.4000,14662,0,194767860.000,1,0,1,多换,S,3567.4000,3566.6000,3566.2000,3565.6000,3564.0000,3568.6000,3568.8000,3569.4000,3569.8000,3571.8000,2,1,2,1,2,1,1,1,1,1
SF,IF2009,2020-03-26 09:32:08.200,3568.8000,14662,0,196909080.000,2,1,1,多换,S,3567.6000,3567.4000,3566.6000,3566.2000,3565.6000,3568.4000,3569.4000,3569.8000,3571.8000,3572.8000,1,1,1,2,1,1,1,1,1,1
SF,IF2009,2020-03-26 09:32:08.700,3567.8000,14660,-2,199049940.000,2,0,2,双平,S,3567.8000,3566.6000,3566.2000,3565.6000,3564.0000,3569.4000,3569.8000,3571.8000,3572.8000,3575.6000,1,1,2,1,2,1,1,1,1,3
SF,IF2009,2020-03-26 09:32:09.200,3567.8000,14659,-1,200120280.000,1,0,1,双平,S,3567.2000,3566.6000,3566.2000,3565.6000,3564.0000,3569.2000,3569.4000,3569.8000,3571.8000,3572.8000,1,1,2,1,2,1,1,1,1,1
SF,IF2009,2020-03-26 09:32:09.700,3567.8000,14660,1,201190620.000,1,1,0,双开,S,3567.4000,3567.2000,3566.6000,3566.2000,3565.6000,3569.0000,3569.2000,3569.4000,3569.8000,3571.8000,1,1,1,2,1,1,2,1,1,1
SF,IF2009,2020-03-26 09:32:10.200,3567.8000,14660,0,201190620.000,0,-,-,-,-,3567.4000,3567.2000,3566.6000,3566.2000,3565.6000,3568.8000,3569.0000,3569.4000,3569.8000,3571.8000,1,1,1,2,1,1,1,1,1,1
SF,IF2009,2020-03-26 09:32:10.700,3567.8000,14660,0,201190620.000,0,-,-,-,-,3567.4000,3567.2000,3566.6000,3566.2000,3565.6000,3568.6000,3568.8000,3569.0000,3569.4000,3569.8000,1,1,1,2,1,1,2,1,1,1
SF,IF2009,2020-03-26 09:32:11.200,3567.8000,14660,0,201190620.000,0,-,-,-,-,3567.4000,3567.2000,3566.6000,3566.2000,3565.6000,3568.4000,3568.6000,3568.8000,3569.0000,3569.4000,1,1,1,2,1,1,1,1,1,1
SF,IF2009,2020-03-26 09:32:11.700,3567.8000,14660,0,201190620.000,0,-,-,-,-,3567.4000,3567.2000,3566.6000,3566.2000,3565.6000,3568.4000,3568.6000,3568.8000,3569.0000,3569.4000,1,1,1,2,1,1,1,1,1,1
SF,IF2009,2020-03-26 09:32:12.200,3567.8000,14660,0,201190620.000,0,-,-,-,-,3567.2000,3566.2000,3565.6000,3564.0000,3561.8000,3567.4000,3568.2000,3568.6000,3568.8000,3569.0000,1,2,1,2,1,1,1,1,1,1
SF,IF2009,2020-03-26 09:32:12.700,3567.4000,14661,1,203331060.000,2,1,1,空开,S,3568.4000,3567.2000,3566.2000,3565.6000,3564.0000,3568.8000,3569.0000,3569.4000,3569.8000,3572.8000,9,1,2,1,2,1,1,1,1,1
SF,IF2009,2020-03-26 09:32:13.200,3568.4000,14661,0,204401580.000,1,0,1,多换,S,3568.4000,3567.2000,3566.2000,3565.6000,3564.0000,3568.6000,3568.8000,3569.0000,3569.4000,3569.8000,8,1,2,1,2,1,1,1,1,1
SF,IF2009,2020-03-26 09:32:13.700,3568.4000,14662,1,208683660.000,4,2,2,空开,S,3568.4000,3567.2000,3566.2000,3565.6000,3564.0000,3568.6000,3568.8000,3569.0000,3569.4000,3569.8000,4,1,2,1,2,1,1,1,1,1
SF,IF2009,2020-03-26 09:32:14.200,3568.4000,14662,0,212965740.000,4,2,2,多换,S,3567.2000,3566.2000,3565.6000,3564.0000,3561.8000,3568.4000,3568.6000,3568.8000,3569.0000,3569.4000,1,2,1,2,1,3,1,1,1,1
SF,IF2009,2020-03-26 09:32:14.700,3568.4000,14662,0,212965740.000,0,-,-,-,-,3567.2000,3566.2000,3565.6000,3564.0000,3561.8000,3568.0000,3568.6000,3568.8000,3569.0000,3569.4000,1,2,1,2,1,1,1,1,1,1
SF,IF2009,2020-03-26 09:32:15.200,3568.4000,14662,0,212965740.000,0,-,-,-,-,3567.2000,3566.2000,3565.6000,3564.0000,3561.8000,3568.0000,3568.2000,3568.6000,3568.8000,3569.0000,1,2,1,2,1,1,1,1,1,1
SF,IF2009,2020-03-26 09:32:15.700,3567.2000,14661,-1,214035900.000,1,0,1,双平,S,3566.2000,3565.6000,3564.0000,3561.8000,3561.4000,3567.0000,3568.0000,3568.2000,3568.6000,3568.8000,2,1,2,1,1,1,1,1,1,1
SF,IF2009,2020-03-26 09:32:16.200,3567.2000,14661,0,214035900.000,0,-,-,-,-,3566.2000,3565.6000,3564.0000,3561.8000,3561.4000,3567.8000,3568.0000,3568.2000,3568.6000,3568.8000,2,1,2,1,1,1,1,1,1,1
SF,IF2009,2020-03-26 09:32:16.700,3567.2000,14661,0,214035900.000,0,-,-,-,-,3567.0000,3566.2000,3565.6000,3564.0000,3561.8000,3567.6000,3567.8000,3568.0000,3568.2000,3568.6000,1,2,1,2,1,3,1,1,1,1
SF,IF2009,2020-03-26 09:32:17.200,3567.0000,14662,1,215106000.000,1,1,0,双开,S,3566.2000,3565.6000,3564.0000,3561.8000,3561.4000,3567.0000,3567.6000,3567.8000,3568.0000,3568.2000,2,1,2,1,1,1,2,1,1,1
SF,IF2009,2020-03-26 09:32:17.700,3567.0000,14662,0,216176100.000,1,0,1,多换,S,3566.2000,3565.6000,3564.0000,3561.8000,3561.4000,3567.6000,3567.8000,3568.0000,3568.2000,3568.6000,2,1,2,1,1,2,1,1,1,1
SF,IF2009,2020-03-26 09:32:18.200,3567.0000,14662,0,216176100.000,0,-,-,-,-,3566.2000,3565.6000,3564.0000,3561.8000,3561.4000,3567.6000,3568.0000,3568.6000,3569.0000,3569.4000,2,1,2,1,1,1,1,1,1,1
SF,IF2009,2020-03-26 09:32:19.700,3567.0000,14662,0,216176100.000,0,-,-,-,-,3566.6000,3566.2000,3565.6000,3564.0000,3561.8000,3567.2000,3567.4000,3567.6000,3568.0000,3568.6000,1,2,1,2,1,1,1,1,1,1
SF,IF2009,2020-03-26 09:32:20.200,3566.6000,14662,0,217246080.000,1,0,1,多换,S,3566.2000,3565.6000,3564.0000,3561.8000,3561.4000,3567.4000,3567.6000,3568.0000,3568.6000,3569.0000,2,1,2,1,1,1,1,1,1,1
SF,IF2009,2020-03-26 09:32:20.700,3567.2000,14662,0,218316240.000,1,0,1,多换,S,3566.2000,3565.6000,3564.0000,3561.8000,3561.4000,3567.2000,3567.4000,3567.6000,3568.0000,3568.6000,2,1,2,1,1,1,1,1,1,1
SF,IF2009,2020-03-26 09:32:21.200,3567.2000,14662,0,218316240.000,0,-,-,-,-,3566.2000,3565.6000,3564.0000,3561.8000,3561.4000,3567.0000,3567.2000,3567.4000,3568.0000,3568.6000,2,1,2,1,1,1,1,1,1,1
SF,IF2009,2020-03-26 09:32:21.700,3566.2000,14663,1,220456200.000,2,1,1,空开,S,3566.2000,3565.6000,3564.0000,3561.8000,3561.4000,3567.0000,3567.2000,3567.4000,3568.0000,3568.6000,1,1,2,1,1,1,1,1,1,1
SF,IF2009,2020-03-26 09:32:22.200,3566.2000,14663,0,220456200.000,0,-,-,-,-,3566.2000,3565.6000,3564.0000,3561.8000,3561.4000,3566.8000,3567.0000,3567.2000,3567.4000,3568.0000,1,1,2,1,1,1,1,1,1,1
SF,IF2009,2020-03-26 09:32:22.700,3566.2000,14663,0,220456200.000,0,-,-,-,-,3566.2000,3565.6000,3564.0000,3561.8000,3561.4000,3566.6000,3566.8000,3567.0000,3567.2000,3567.4000,1,1,2,1,1,1,1,1,1,1
SF,IF2009,2020-03-26 09:32:23.200,3566.6000,14662,-1,221526180.000,1,0,1,双平,S,3566.2000,3565.6000,3564.0000,3561.8000,3561.4000,3566.8000,3567.0000,3567.2000,3567.4000,3568.6000,1,1,2,1,1,1,1,1,1,1
SF,IF2009,2020-03-26 09:32:23.700,3567.0000,14661,-1,222596280.000,1,0,1,双平,S,3566.6000,3566.2000,3565.6000,3564.0000,3561.8000,3568.6000,3569.0000,3569.4000,3569.8000,3570.0000,10,1,1,2,1,1,1,1,1,5
SF,IF2009,2020-03-26 09:32:24.200,3566.6000,14661,0,223666260.000,1,0,1,多换,S,3566.6000,3566.2000,3565.6000,3564.0000,3561.8000,3568.4000,3568.6000,3569.0000,3569.4000,3569.8000,9,1,1,2,1,5,1,1,1,1
SF,IF2009,2020-03-26 09:32:24.700,3566.6000,14662,1,226876200.000,3,2,1,空开,S,3567.0000,3566.6000,3566.2000,3565.6000,3564.0000,3568.2000,3568.4000,3568.6000,3569.0000,3569.4000,1,6,1,1,2,1,5,1,1,1
SF,IF2009,2020-03-26 09:32:25.200,3566.6000,14662,0,226876200.000,0,-,-,-,-,3567.0000,3566.6000,3566.2000,3565.6000,3564.0000,3568.0000,3568.2000,3568.4000,3568.6000,3569.0000,1,6,1,1,2,1,2,4,1,1
SF,IF2009,2020-03-26 09:32:25.700,3567.0000,14661,-1,227946300.000,1,0,1,双平,S,3566.6000,3566.2000,3565.6000,3564.0000,3561.8000,3567.8000,3568.0000,3568.2000,3568.4000,3568.6000,6,1,1,2,1,1,1,2,4,1
SF,IF2009,2020-03-26 09:32:26.200,3566.6000,14661,0,229016280.000,1,0,1,多换,S,3566.6000,3566.2000,3565.6000,3564.0000,3561.8000,3567.8000,3568.0000,3568.2000,3568.4000,3568.6000,5,1,1,2,1,1,1,1,4,1
SF,IF2009,2020-03-26 09:32:26.700,3566.6000,14661,0,230086260.000,1,0,1,多换,S,3566.8000,3566.6000,3566.2000,3565.6000,3564.0000,3567.8000,3568.0000,3568.2000,3568.6000,3569.0000,1,5,1,1,2,1,1,1,1,1
SF,IF2009,2020-03-26 09:32:27.200,3567.8000,14660,-1,231156600.000,1,0,1,双平,S,3567.0000,3566.6000,3566.2000,3565.6000,3564.0000,3568.0000,3568.6000,3569.0000,3569.4000,3569.8000,1,5,1,1,2,1,1,1,1,1
SF,IF2009,2020-03-26 09:32:27.700,3567.8000,14660,0,231156600.000,0,-,-,-,-,3567.2000,3566.6000,3566.2000,3565.6000,3564.0000,3568.6000,3569.0000,3569.4000,3569.8000,3575.0000,1,5,1,1,2,1,1,1,1,5
SF,IF2009,2020-03-26 09:32:28.200,3567.8000,14660,0,231156600.000,0,-,-,-,-,3567.6000,3567.4000,3566.6000,3566.2000,3565.6000,3568.6000,3569.0000,3569.4000,3569.8000,3575.0000,1,1,5,1,1,1,1,1,1,5
SF,IF2009,2020-03-26 09:32:28.700,3567.8000,14660,0,231156600.000,0,-,-,-,-,3567.8000,3567.4000,3566.6000,3566.2000,3565.6000,3568.6000,3569.0000,3569.4000,3569.8000,3575.0000,1,1,5,1,1,1,1,1,1,5
SF,IF2009,2020-03-26 09:32:29.200,3567.8000,14660,0,231156600.000,0,-,-,-,-,3567.4000,3566.6000,3566.2000,3565.6000,3564.0000,3568.6000,3569.0000,3569.4000,3569.8000,3575.0000,1,5,1,1,2,1,1,1,1,5
SF,IF2009,2020-03-26 09:32:30.200,3567.8000,14660,0,231156600.000,0,-,-,-,-,3567.6000,3567.4000,3566.6000,3566.2000,3565.6000,3568.6000,3569.0000,3569.4000,3569.8000,3575.0000,1,1,5,1,1,1,1,1,1,5
SF,IF2009,2020-03-26 09:32:30.700,3567.8000,14660,0,231156600.000,0,-,-,-,-,3567.4000,3566.6000,3566.2000,3565.6000,3564.0000,3567.6000,3568.4000,3568.6000,3569.0000,3569.4000,1,5,1,1,2,1,4,1,1,1
SF,IF2009,2020-03-26 09:32:31.200,3567.6000,14659,-1,232226880.000,1,0,1,双平,S,3566.6000,3566.2000,3565.6000,3564.0000,3561.8000,3567.4000,3568.4000,3568.6000,3569.0000,3569.4000,5,1,1,2,1,1,3,1,1,1
SF,IF2009,2020-03-26 09:32:31.700,3567.6000,14659,0,232226880.000,0,-,-,-,-,3566.6000,3566.2000,3565.6000,3564.0000,3561.8000,3567.4000,3568.4000,3568.6000,3569.0000,3569.4000,5,1,1,2,1,1,3,1,1,1
SF,IF2009,2020-03-26 09:32:32.200,3567.6000,14660,1,233297160.000,1,1,0,双开,S,3566.6000,3566.2000,3565.6000,3564.0000,3561.8000,3568.4000,3568.6000,3569.0000,3569.4000,3569.8000,5,1,1,2,1,3,1,1,1,1
SF,IF2009,2020-03-26 09:32:32.700,3567.6000,14660,0,233297160.000,0,-,-,-,-,3566.6000,3566.2000,3565.6000,3564.0000,3561.8000,3568.2000,3568.4000,3568.6000,3569.0000,3569.4000,5,1,1,2,1,1,3,1,1,1
SF,IF2009,2020-03-26 09:32:33.200,3567.6000,14660,0,233297160.000,0,-,-,-,-,3566.6000,3566.2000,3565.6000,3564.0000,3561.8000,3568.2000,3568.4000,3568.6000,3569.0000,3569.4000,5,1,1,2,1,1,3,1,1,1
SF,IF2009,2020-03-26 09:32:33.700,3567.6000,14660,0,233297160.000,0,-,-,-,-,3566.8000,3566.6000,3566.2000,3565.6000,3564.0000,3568.2000,3568.4000,3568.6000,3569.0000,3569.4000,2,5,1,1,2,1,3,1,1,1
SF,IF2009,2020-03-26 09:32:34.200,3567.6000,14660,0,233297160.000,0,-,-,-,-,3566.8000,3566.6000,3566.2000,3565.6000,3564.0000,3568.2000,3568.4000,3568.6000,3569.0000,3569.4000,2,5,1,1,2,1,3,1,1,1
SF,IF2009,2020-03-26 09:32:34.700,3568.4000,14656,-4,237579180.000,4,0,4,双平,S,3567.2000,3566.8000,3566.6000,3566.2000,3565.6000,3568.6000,3569.0000,3569.4000,3569.8000,3575.0000,1,1,5,1,1,1,1,1,1,5
SF,IF2009,2020-03-26 09:32:35.200,3568.4000,14656,0,237579180.000,0,-,-,-,-,3567.6000,3567.4000,3566.6000,3566.2000,3565.6000,3568.6000,3569.0000,3569.4000,3569.8000,3575.0000,1,1,5,1,1,1,1,1,1,5
SF,IF2009,2020-03-26 09:32:35.700,3568.4000,14656,0,237579180.000,0,-,-,-,-,3567.8000,3567.4000,3566.6000,3566.2000,3565.6000,3568.6000,3569.0000,3569.4000,3569.8000,3575.0000,1,1,5,1,1,1,1,1,1,5
SF,IF2009,2020-03-26 09:32:36.200,3568.0000,14653,-3,240790380.000,3,0,3,双平,S,3567.4000,3566.6000,3566.2000,3565.6000,3564.0000,3568.6000,3569.0000,3569.4000,3569.8000,3575.0000,1,5,1,1,2,1,1,1,1,5
SF,IF2009,2020-03-26 09:32:36.700,3568.0000,14653,0,240790380.000,0,-,-,-,-,3566.6000,3566.2000,3565.6000,3564.0000,3561.8000,3568.4000,3568.6000,3569.0000,3569.4000,3569.8000,5,1,1,2,1,1,1,1,1,1
SF,IF2009,2020-03-26 09:32:37.200,3568.0000,14653,0,240790380.000,0,-,-,-,-,3566.8000,3566.6000,3566.2000,3565.6000,3564.0000,3568.4000,3568.6000,3569.0000,3569.4000,3569.8000,1,5,1,1,2,2,1,1,1,1
SF,IF2009,2020-03-26 09:32:37.700,3568.0000,14653,0,240790380.000,0,-,-,-,-,3566.8000,3566.6000,3566.2000,3565.6000,3564.0000,3567.8000,3568.2000,3568.4000,3568.6000,3569.0000,1,5,1,1,2,1,1,1,1,1
SF,IF2009,2020-03-26 09:32:38.200,3568.0000,14653,0,240790380.000,0,-,-,-,-,3566.8000,3566.6000,3566.2000,3565.6000,3564.0000,3567.8000,3568.2000,3568.4000,3568.6000,3569.0000,1,5,1,1,2,1,2,1,1,1
SF,IF2009,2020-03-26 09:32:38.700,3566.6000,14653,0,245070300.000,4,2,2,多换,S,3566.6000,3566.2000,3565.6000,3564.0000,3561.8000,3567.6000,3567.8000,3568.2000,3568.4000,3568.6000,1,1,1,2,1,1,1,1,1,1
SF,IF2009,2020-03-26 09:32:39.200,3566.6000,14653,0,246140280.000,1,0,1,多换,S,3566.6000,3566.2000,3565.6000,3564.0000,3561.8000,3567.4000,3567.6000,3567.8000,3568.2000,3568.6000,1,1,1,2,1,1,1,1,1,1
SF,IF2009,2020-03-26 09:32:39.700,3566.6000,14652,-1,247210260.000,1,0,1,双平,S,3566.2000,3565.6000,3564.0000,3561.8000,3561.4000,3567.4000,3567.8000,3568.2000,3568.6000,3569.0000,1,1,2,1,1,1,1,1,1,1
SF,IF2009,2020-03-26 09:32:40.200,3566.6000,14652,0,247210260.000,0,-,-,-,-,3566.2000,3565.6000,3564.0000,3561.8000,3561.4000,3567.2000,3567.4000,3567.8000,3568.2000,3568.6000,1,1,2,1,1,1,1,1,1,1
SF,IF2009,2020-03-26 09:32:41.200,3566.6000,14652,0,247210260.000,0,-,-,-,-,3566.2000,3565.6000,3564.0000,3561.8000,3561.4000,3567.4000,3567.8000,3568.2000,3568.6000,3569.0000,1,1,2,1,1,1,1,1,1,1
SF,IF2009,2020-03-26 09:32:41.700,3566.6000,14652,0,247210260.000,0,-,-,-,-,3566.4000,3566.2000,3565.6000,3564.0000,3561.8000,3567.4000,3567.8000,3568.2000,3568.6000,3569.0000,1,1,1,2,1,1,1,1,1,1
SF,IF2009,2020-03-26 09:32:42.200,3566.6000,14652,0,247210260.000,0,-,-,-,-,3566.6000,3566.2000,3565.6000,3564.0000,3561.8000,3567.8000,3568.2000,3568.6000,3569.0000,3569.4000,1,1,1,2,1,1,1,1,1,1
SF,IF2009,2020-03-26 09:32:42.700,3566.6000,14652,0,247210260.000,0,-,-,-,-,3566.8000,3566.2000,3565.6000,3564.0000,3561.8000,3567.8000,3568.2000,3568.6000,3569.0000,3569.4000,1,1,1,2,1,1,1,1,1,1
SF,IF2009,2020-03-26 09:32:43.200,3566.6000,14652,0,247210260.000,0,-,-,-,-,3566.8000,3566.2000,3565.6000,3564.0000,3561.8000,3568.2000,3568.6000,3569.0000,3569.4000,3569.8000,1,1,1,2,1,1,1,1,1,1
SF,IF2009,2020-03-26 09:32:43.700,3566.6000,14652,0,247210260.000,0,-,-,-,-,3566.8000,3566.2000,3565.6000,3564.0000,3561.8000,3568.0000,3568.2000,3568.6000,3569.0000,3569.4000,1,1,1,2,1,1,1,1,1,1
SF,IF2009,2020-03-26 09:32:44.200,3566.6000,14652,0,247210260.000,0,-,-,-,-,3567.8000,3566.8000,3566.2000,3565.6000,3564.0000,3568.0000,3568.2000,3568.6000,3569.0000,3569.4000,1,1,1,1,2,1,1,1,1,1
SF,IF2009,2020-03-26 09:32:44.700,3567.8000,14652,0,248280600.000,1,0,1,多换,S,3566.2000,3565.6000,3564.0000,3561.8000,3561.4000,3567.8000,3568.0000,3568.2000,3568.6000,3569.0000,1,1,2,1,1,1,1,1,1,1
SF,IF2009,2020-03-26 09:32:45.200,3567.8000,14652,0,248280600.000,0,-,-,-,-,3566.4000,3566.2000,3565.6000,3564.0000,3561.8000,3567.8000,3568.0000,3568.2000,3568.6000,3569.0000,2,1,1,2,1,1,1,1,1,1
SF,IF2009,2020-03-26 09:32:45.700,3567.8000,14652,0,248280600.000,0,-,-,-,-,3566.4000,3566.2000,3565.6000,3564.0000,3561.8000,3567.6000,3567.8000,3568.2000,3568.6000,3569.0000,1,1,1,2,1,1,1,1,1,1
SF,IF2009,2020-03-26 09:32:46.200,3567.6000,14650,-2,251491140.000,3,0,3,多平,S,3566.4000,3566.2000,3565.6000,3564.0000,3561.8000,3567.8000,3568.2000,3568.6000,3569.0000,3569.4000,1,1,1,2,1,1,1,1,1,1
SF,IF2009,2020-03-26 09:32:46.700,3567.6000,14650,0,251491140.000,0,-,-,-,-,3566.8000,3566.4000,3566.2000,3565.6000,3564.0000,3567.4000,3567.8000,3568.2000,3568.6000,3569.0000,3,1,1,1,2,1,2,1,1,1
SF,IF2009,2020-03-26 09:32:47.200,3566.8000,14650,0,252561180.000,1,0,1,多换,S,3566.8000,3566.4000,3566.2000,3565.6000,3564.0000,3567.4000,3567.8000,3568.2000,3568.6000,3569.0000,2,1,1,1,2,1,2,1,1,1
SF,IF2009,2020-03-26 09:32:47.700,3566.8000,14650,0,252561180.000,0,-,-,-,-,3566.8000,3566.4000,3566.2000,3565.6000,3564.0000,3567.8000,3568.2000,3568.6000,3569.0000,3569.4000,2,1,1,1,2,2,1,1,1,1
SF,IF2009,2020-03-26 09:32:48.200,3566.8000,14650,0,252561180.000,0,-,-,-,-,3566.8000,3566.4000,3566.2000,3565.6000,3564.0000,3567.8000,3568.2000,3568.6000,3569.0000,3569.4000,2,1,1,1,2,2,1,1,1,1
SF,IF2009,2020-03-26 09:32:48.700,3567.8000,14649,-1,254701860.000,2,0,2,多平,S,3566.8000,3566.4000,3566.2000,3565.6000,3564.0000,3568.6000,3569.0000,3569.4000,3569.8000,3575.0000,2,1,1,1,2,1,1,1,1,5
SF,IF2009,2020-03-26 09:32:49.200,3567.8000,14649,0,254701860.000,0,-,-,-,-,3567.0000,3566.8000,3566.2000,3565.6000,3564.0000,3568.6000,3569.0000,3569.4000,3569.8000,3575.0000,1,2,1,1,2,1,1,1,1,5
SF,IF2009,2020-03-26 09:32:49.700,3567.8000,14649,0,254701860.000,0,-,-,-,-,3567.0000,3566.8000,3566.2000,3565.6000,3564.0000,3568.6000,3569.0000,3569.4000,3569.8000,3575.0000,1,2,1,1,2,1,1,1,1,5
SF,IF2009,2020-03-26 09:32:50.200,3567.8000,14649,0,254701860.000,0,-,-,-,-,3567.0000,3566.8000,3566.2000,3565.6000,3564.0000,3568.6000,3569.0000,3569.4000,3569.8000,3575.0000,1,2,1,1,2,1,1,1,1,5
SF,IF2009,2020-03-26 09:32:50.700,3567.8000,14649,0,254701860.000,0,-,-,-,-,3567.0000,3566.8000,3566.2000,3565.6000,3564.0000,3568.6000,3569.0000,3569.4000,3569.8000,3575.0000,1,2,1,1,2,1,1,1,1,5
SF,IF2009,2020-03-26 09:32:51.200,3567.8000,14649,0,254701860.000,0,-,-,-,-,3567.0000,3566.8000,3566.2000,3565.6000,3564.0000,3568.4000,3568.6000,3569.0000,3569.4000,3569.8000,1,2,1,1,2,1,1,1,1,1
SF,IF2009,2020-03-26 09:32:52.700,3568.6000,14648,-1,256842960.000,2,0,2,多平,S,3567.0000,3566.8000,3566.2000,3565.6000,3564.0000,3569.0000,3569.4000,3569.8000,3575.0000,3575.6000,1,2,1,1,2,1,1,1,5,3
SF,IF2009,2020-03-26 09:32:53.200,3568.6000,14648,0,256842960.000,0,-,-,-,-,3567.0000,3566.8000,3566.2000,3565.6000,3564.0000,3569.0000,3569.4000,3569.8000,3575.0000,3575.6000,1,2,1,1,2,1,1,1,5,3
SF,IF2009,2020-03-26 09:32:53.700,3568.6000,14648,0,256842960.000,0,-,-,-,-,3567.2000,3567.0000,3566.8000,3566.2000,3565.6000,3569.4000,3569.8000,3575.0000,3575.6000,3575.8000,1,1,2,1,1,1,1,5,3,1
SF,IF2009,2020-03-26 09:32:54.200,3568.6000,14648,0,256842960.000,0,-,-,-,-,3567.4000,3567.2000,3566.8000,3566.2000,3565.6000,3569.2000,3569.4000,3569.8000,3575.0000,3575.6000,1,1,2,1,1,1,1,1,5,3
SF,IF2009,2020-03-26 09:32:54.700,3568.6000,14648,0,256842960.000,0,-,-,-,-,3567.4000,3567.2000,3566.8000,3566.2000,3565.6000,3569.4000,3569.8000,3575.0000,3575.6000,3575.8000,1,1,2,1,1,1,1,5,3,1
SF,IF2009,2020-03-26 09:32:55.200,3568.6000,14648,0,256842960.000,0,-,-,-,-,3567.4000,3567.2000,3566.8000,3566.2000,3565.6000,3569.2000,3569.4000,3569.8000,3575.0000,3575.6000,1,1,2,1,1,1,1,1,5,3
SF,IF2009,2020-03-26 09:32:55.700,3569.4000,14648,0,257913780.000,1,0,1,多换,S,3567.6000,3567.4000,3567.2000,3566.8000,3566.2000,3569.8000,3575.0000,3575.6000,3575.8000,3576.6000,1,1,1,2,1,1,5,3,1,2
SF,IF2009,2020-03-26 09:32:56.200,3569.4000,14648,0,257913780.000,0,-,-,-,-,3567.8000,3567.6000,3567.2000,3566.8000,3566.2000,3575.0000,3575.6000,3575.8000,3576.6000,3576.8000,1,1,1,2,1,5,3,1,2,2
SF,IF2009,2020-03-26 09:32:56.700,3569.4000,14648,0,257913780.000,0,-,-,-,-,3568.0000,3567.8000,3567.6000,3567.2000,3566.8000,3572.4000,3573.2000,3574.8000,3575.0000,3575.6000,1,1,1,1,2,1,1,1,5,3
SF,IF2009,2020-03-26 09:32:57.200,3569.4000,14648,0,257913780.000,0,-,-,-,-,3568.2000,3568.0000,3567.6000,3567.2000,3566.8000,3572.2000,3572.4000,3573.2000,3575.0000,3575.6000,1,1,1,1,2,3,1,1,5,3
SF,IF2009,2020-03-26 09:32:57.700,3569.4000,14648,0,257913780.000,0,-,-,-,-,3568.2000,3568.0000,3567.6000,3567.2000,3566.8000,3571.8000,3572.2000,3572.4000,3573.2000,3575.0000,1,1,1,1,2,1,3,1,1,5
SF,IF2009,2020-03-26 09:32:58.200,3569.4000,14648,0,257913780.000,0,-,-,-,-,3568.2000,3568.0000,3567.2000,3566.8000,3566.2000,3571.6000,3572.2000,3572.4000,3575.0000,3575.6000,1,1,1,2,1,4,1,2,5,3
SF,IF2009,2020-03-26 09:32:58.700,3569.4000,14648,0,257913780.000,0,-,-,-,-,3568.2000,3568.0000,3567.2000,3566.8000,3566.2000,3571.6000,3572.2000,3572.4000,3575.0000,3575.6000,2,1,1,2,1,4,1,1,5,3
SF,IF2009,2020-03-26 09:32:59.200,3569.4000,14648,0,257913780.000,0,-,-,-,-,3568.2000,3568.0000,3567.2000,3566.8000,3566.2000,3571.6000,3572.2000,3572.4000,3575.0000,3575.6000,2,1,1,2,1,3,1,1,5,3
SF,IF2009,2020-03-26 09:32:59.700,3569.4000,14648,0,257913780.000,0,-,-,-,-,3568.2000,3568.0000,3567.2000,3566.8000,3566.2000,3571.2000,3571.4000,3571.6000,3572.2000,3572.4000,2,1,1,2,1,1,1,3,1,1
SF,IF2009,2020-03-26 09:33:00.200,3569.4000,14648,0,257913780.000,0,-,-,-,-,3568.2000,3567.2000,3566.8000,3566.2000,3565.6000,3571.0000,3571.2000,3571.4000,3571.6000,3572.2000,2,1,2,1,1,1,1,1,2,1
SF,IF2009,2020-03-26 09:33:00.700,3569.4000,14648,0,257913780.000,0,-,-,-,-,3568.2000,3567.2000,3566.8000,3566.2000,3565.6000,3570.8000,3571.0000,3571.4000,3571.6000,3572.2000,2,1,2,1,1,1,1,1,1,1
SF,IF2009,2020-03-26 09:33:01.200,3569.4000,14648,0,257913780.000,0,-,-,-,-,3568.2000,3567.2000,3566.8000,3566.2000,3565.6000,3570.6000,3570.8000,3571.4000,3571.6000,3572.2000,2,1,2,1,1,1,1,1,1,1
SF,IF2009,2020-03-26 09:33:01.700,3570.6000,14647,-1,258984960.000,1,0,1,双平,S,3571.0000,3568.2000,3567.2000,3566.8000,3566.2000,3571.4000,3571.6000,3572.2000,3572.4000,3575.0000,1,2,1,2,1,1,1,1,1,5
SF,IF2009,2020-03-26 09:33:02.200,3571.0000,14646,-1,260056260.000,1,0,1,双平,S,3568.2000,3566.8000,3566.2000,3565.6000,3564.0000,3570.8000,3571.0000,3571.4000,3572.2000,3572.4000,1,2,1,1,2,1,3,1,1,1
SF,IF2009,2020-03-26 09:33:02.700,3571.0000,14646,0,260056260.000,0,-,-,-,-,3568.4000,3568.2000,3566.8000,3566.2000,3565.6000,3570.6000,3571.0000,3571.4000,3572.2000,3572.4000,1,1,2,1,1,1,2,1,1,1
SF,IF2009,2020-03-26 09:33:03.200,3571.0000,14646,0,260056260.000,0,-,-,-,-,3568.6000,3568.4000,3566.8000,3566.2000,3565.6000,3570.4000,3570.6000,3571.0000,3571.4000,3572.2000,1,2,2,1,1,1,1,2,1,1
SF,IF2009,2020-03-26 09:33:03.700,3571.0000,14646,0,260056260.000,0,-,-,-,-,3568.6000,3568.4000,3566.8000,3566.2000,3565.6000,3570.6000,3571.4000,3572.2000,3572.4000,3575.0000,1,2,2,1,1,1,1,1,1,5
SF,IF2009,2020-03-26 09:33:05.200,3571.0000,14646,0,260056260.000,0,-,-,-,-,3568.6000,3568.4000,3566.8000,3566.2000,3565.6000,3570.6000,3571.4000,3572.2000,3572.4000,3575.0000,1,1,2,1,1,1,1,1,1,5
SF,IF2009,2020-03-26 09:33:05.700,3571.0000,14646,0,260056260.000,0,-,-,-,-,3568.8000,3568.6000,3568.4000,3566.8000,3566.2000,3570.6000,3571.4000,3572.2000,3572.4000,3575.0000,1,2,1,2,1,1,1,1,1,5
SF,IF2009,2020-03-26 09:33:06.200,3571.0000,14646,0,260056260.000,0,-,-,-,-,3569.0000,3568.6000,3566.8000,3566.2000,3565.8000,3571.4000,3572.2000,3572.4000,3575.0000,3575.6000,1,1,2,1,17,1,1,1,5,3
SF,IF2009,2020-03-26 09:33:06.700,3571.0000,14646,0,260056260.000,0,-,-,-,-,3570.6000,3569.0000,3568.6000,3566.8000,3566.2000,3571.0000,3571.2000,3571.4000,3572.2000,3572.4000,1,1,1,2,1,1,1,1,1,1
SF,IF2009,2020-03-26 09:33:07.200,3570.6000,14646,0,261127440.000,1,0,1,多换,S,3569.0000,3568.6000,3566.8000,3566.2000,3565.8000,3571.0000,3571.4000,3572.2000,3572.4000,3575.0000,1,1,2,1,17,2,1,1,1,5
SF,IF2009,2020-03-26 09:33:07.700,3570.6000,14646,0,261127440.000,0,-,-,-,-,3569.2000,3569.0000,3568.6000,3566.8000,3566.2000,3571.4000,3572.2000,3572.4000,3575.0000,3575.6000,1,1,1,2,1,1,1,1,5,3
SF,IF2009,2020-03-26 09:33:08.200,3570.6000,14646,0,261127440.000,0,-,-,-,-,3569.4000,3569.2000,3568.6000,3566.8000,3566.2000,3571.4000,3572.2000,3572.4000,3575.0000,3575.6000,1,1,1,2,1,1,1,1,5,3
SF,IF2009,2020-03-26 09:33:08.700,3571.4000,14646,0,262198860.000,1,0,1,多换,S,3569.4000,3569.2000,3568.6000,3566.8000,3566.2000,3572.4000,3575.0000,3575.6000,3575.8000,3576.6000,1,1,1,2,1,1,5,3,1,2
SF,IF2009,2020-03-26 09:33:09.200,3571.4000,14646,0,262198860.000,0,-,-,-,-,3569.4000,3569.2000,3568.6000,3566.8000,3566.2000,3571.2000,3572.2000,3572.4000,3575.0000,3575.6000,2,1,1,2,1,1,1,1,5,3
SF,IF2009,2020-03-26 09:33:09.700,3571.4000,14646,0,262198860.000,0,-,-,-,-,3571.4000,3569.4000,3569.2000,3568.6000,3566.8000,3572.2000,3572.4000,3575.0000,3575.8000,3576.6000,1,2,1,1,2,1,1,5,1,2
SF,IF2009,2020-03-26 09:33:10.200,3571.4000,14646,0,262198860.000,0,-,-,-,-,3569.4000,3568.6000,3566.8000,3566.2000,3565.8000,3572.4000,3575.0000,3575.8000,3576.6000,3576.8000,2,1,2,1,17,1,5,1,2,1
SF,IF2009,2020-03-26 09:33:10.700,3571.4000,14646,0,262198860.000,0,-,-,-,-,3569.6000,3569.4000,3568.6000,3566.8000,3566.2000,3572.4000,3575.0000,3575.8000,3576.8000,3577.8000,1,2,1,2,1,1,5,1,1,1
SF,IF2009,2020-03-26 09:33:11.200,3569.8000,14646,0,263269800.000,1,0,1,多换,S,3569.6000,3568.6000,3566.8000,3566.2000,3565.8000,3572.4000,3575.0000,3575.8000,3576.8000,3577.8000,1,1,2,1,17,1,5,1,1,1
SF,IF2009,2020-03-26 09:33:11.700,3569.8000,14646,0,263269800.000,0,-,-,-,-,3569.8000,3569.6000,3568.6000,3566.8000,3566.2000,3572.2000,3572.4000,3575.0000,3575.8000,3576.8000,1,2,1,2,1,1,1,5,1,1
SF,IF2009,2020-03-26 09:33:12.200,3569.8000,14646,0,263269800.000,0,-,-,-,-,3569.8000,3569.6000,3568.6000,3566.8000,3566.2000,3572.2000,3572.4000,3575.0000,3575.8000,3576.8000,1,2,1,2,1,1,1,5,1,1
SF,IF2009,2020-03-26 09:33:12.700,3569.8000,14646,0,263269800.000,0,-,-,-,-,3569.8000,3569.6000,3568.6000,3566.8000,3566.2000,3572.0000,3572.2000,3575.0000,3575.8000,3576.8000,1,2,1,2,1,2,1,5,1,1
SF,IF2009,2020-03-26 09:33:13.200,3569.8000,14646,0,263269800.000,0,-,-,-,-,3570.0000,3569.8000,3569.6000,3568.6000,3566.8000,3572.0000,3575.0000,3575.8000,3576.8000,3577.8000,1,1,1,1,2,2,5,1,1,1
SF,IF2009,2020-03-26 09:33:13.700,3572.0000,14644,-2,265413000.000,2,0,2,双平,S,3570.2000,3569.8000,3569.6000,3568.6000,3566.8000,3575.8000,3576.8000,3577.8000,3578.0000,3579.2000,1,1,1,1,2,1,1,1,1,8
SF,IF2009,2020-03-26 09:33:14.200,3572.0000,14644,0,265413000.000,0,-,-,-,-,3570.4000,3570.2000,3569.8000,3568.6000,3566.8000,3573.6000,3575.4000,3575.6000,3575.8000,3576.8000,1,1,1,1,2,1,1,3,1,1
SF,IF2009,2020-03-26 09:33:14.700,3572.0000,14644,0,265413000.000,0,-,-,-,-,3570.6000,3569.8000,3568.6000,3566.8000,3566.2000,3573.4000,3573.6000,3575.4000,3575.6000,3575.8000,2,1,1,2,1,1,1,1,2,1
SF,IF2009,2020-03-26 09:33:15.200,3572.0000,14644,0,265413000.000,0,-,-,-,-,3570.6000,3568.6000,3566.8000,3566.2000,3565.8000,3575.6000,3575.8000,3576.8000,3577.8000,3578.0000,2,1,2,1,17,2,1,1,1,1
SF,IF2009,2020-03-26 09:33:15.700,3572.0000,14644,0,265413000.000,0,-,-,-,-,3571.0000,3570.8000,3570.6000,3568.6000,3566.8000,3574.6000,3575.4000,3575.6000,3575.8000,3576.8000,1,1,1,1,2,1,2,2,1,1
SF,IF2009,2020-03-26 09:33:16.200,3572.0000,14644,0,265413000.000,0,-,-,-,-,3571.2000,3571.0000,3570.8000,3568.6000,3566.8000,3574.4000,3574.6000,3575.4000,3575.6000,3575.8000,1,1,1,1,2,3,1,1,1,1
SF,IF2009,2020-03-26 09:33:16.700,3572.0000,14644,0,265413000.000,0,-,-,-,-,3571.2000,3571.0000,3570.8000,3568.6000,3566.8000,3573.6000,3574.4000,3574.6000,3575.6000,3575.8000,2,1,1,1,2,1,3,1,1,1
SF,IF2009,2020-03-26 09:33:17.200,3572.0000,14644,0,265413000.000,0,-,-,-,-,3571.2000,3568.6000,3566.8000,3566.2000,3565.8000,3573.6000,3574.4000,3575.6000,3575.8000,3576.8000,2,1,2,1,17,1,3,1,1,1
SF,IF2009,2020-03-26 09:33:17.700,3573.6000,14644,0,266485080.000,1,0,1,多换,S,3571.4000,3571.2000,3568.6000,3566.8000,3566.2000,3574.4000,3575.6000,3575.8000,3576.8000,3577.8000,1,1,1,2,1,3,1,1,1,1
SF,IF2009,2020-03-26 09:33:18.200,3573.6000,14644,0,266485080.000,0,-,-,-,-,3573.6000,3571.6000,3571.4000,3568.6000,3566.8000,3574.4000,3575.6000,3575.8000,3576.8000,3577.8000,1,1,1,1,2,3,1,1,1,1
SF,IF2009,2020-03-26 09:33:18.700,3573.6000,14644,0,267557160.000,1,0,1,多换,S,3571.6000,3568.6000,3566.8000,3566.2000,3565.8000,3573.4000,3573.6000,3574.4000,3575.6000,3575.8000,1,1,2,1,17,1,2,3,1,1
SF,IF2009,2020-03-26 09:33:19.200,3573.6000,14644,0,267557160.000,0,-,-,-,-,3571.6000,3568.6000,3566.8000,3566.2000,3565.8000,3573.6000,3574.4000,3575.6000,3575.8000,3576.8000,1,1,2,1,17,2,3,1,1,1
SF,IF2009,2020-03-26 09:33:19.700,3573.6000,14644,0,267557160.000,0,-,-,-,-,3571.6000,3568.6000,3566.8000,3566.2000,3565.8000,3573.4000,3573.6000,3574.4000,3575.6000,3575.8000,1,1,2,1,17,3,1,2,1,1
SF,IF2009,2020-03-26 09:33:20.200,3571.6000,14643,-1,268628640.000,1,0,1,双平,S,3568.6000,3566.8000,3566.2000,3565.8000,3565.6000,3573.0000,3573.4000,3574.4000,3575.6000,3575.8000,1,2,1,17,1,2,1,2,1,1
SF,IF2009,2020-03-26 09:33:20.700,3571.6000,14643,0,268628640.000,0,-,-,-,-,3570.0000,3568.8000,3568.6000,3568.4000,3566.8000,3572.8000,3573.2000,3574.4000,3575.6000,3575.8000,1,1,1,1,2,3,1,2,1,1
SF,IF2009,2020-03-26 09:33:21.200,3571.6000,14643,0,268628640.000,0,-,-,-,-,3570.2000,3568.8000,3568.6000,3566.8000,3566.2000,3572.4000,3572.6000,3572.8000,3573.2000,3574.4000,1,1,1,2,1,2,1,4,1,2
SF,IF2009,2020-03-26 09:33:21.700,3571.6000,14643,0,268628640.000,0,-,-,-,-,3570.2000,3568.6000,3566.8000,3566.2000,3565.8000,3572.0000,3572.2000,3572.6000,3572.8000,3573.2000,1,1,2,1,17,2,1,1,4,1
SF,IF2009,2020-03-26 09:33:22.200,3570.2000,14642,-1,269699700.000,1,0,1,双平,S,3570.4000,3568.6000,3566.8000,3566.2000,3565.8000,3571.6000,3571.8000,3572.2000,3572.8000,3573.2000,1,1,2,1,17,2,2,1,4,1
SF,IF2009,2020-03-26 09:33:22.700,3570.2000,14642,0,270770760.000,1,0,1,多换,S,3568.6000,3566.8000,3566.2000,3565.8000,3565.6000,3571.4000,3571.8000,3572.2000,3572.8000,3573.2000,1,2,1,17,1,3,4,1,4,1
SF,IF2009,2020-03-26 09:33:23.200,3570.2000,14642,0,270770760.000,0,-,-,-,-,3568.8000,3568.6000,3566.8000,3566.2000,3565.8000,3571.2000,3571.4000,3571.8000,3572.2000,3572.8000,1,1,2,1,17,1,1,4,1,2
SF,IF2009,2020-03-26 09:33:23.700,3570.2000,14642,0,270770760.000,0,-,-,-,-,3568.8000,3568.6000,3566.8000,3566.2000,3565.8000,3571.4000,3571.8000,3572.2000,3572.8000,3573.2000,1,1,2,1,17,1,1,1,2,1
SF,IF2009,2020-03-26 09:33:24.200,3570.2000,14642,0,270770760.000,0,-,-,-,-,3569.4000,3568.8000,3568.6000,3566.8000,3566.2000,3571.8000,3572.8000,3573.2000,3574.4000,3575.8000,1,1,1,2,1,1,2,1,2,1
SF,IF2009,2020-03-26 09:33:24.700,3571.8000,14641,-1,271842300.000,1,0,1,双平,S,3571.4000,3569.6000,3569.4000,3568.6000,3566.8000,3572.8000,3574.4000,3575.8000,3576.8000,3577.8000,1,1,1,1,2,1,2,1,1,1
SF,IF2009,2020-03-26 09:33:25.200,3571.8000,14641,0,271842300.000,0,-,-,-,-,3571.4000,3569.6000,3569.4000,3568.6000,3566.8000,3574.4000,3575.8000,3576.8000,3577.8000,3578.0000,1,1,3,1,2,2,1,1,1,1
SF,IF2009,2020-03-26 09:33:25.700,3571.8000,14641,0,271842300.000,0,-,-,-,-,3571.6000,3571.4000,3569.4000,3568.6000,3566.8000,3573.8000,3574.2000,3574.4000,3575.8000,3576.8000,1,1,3,1,2,2,1,2,1,1
SF,IF2009,2020-03-26 09:33:26.200,3571.8000,14641,0,271842300.000,0,-,-,-,-,3571.6000,3571.4000,3569.4000,3568.6000,3566.8000,3573.6000,3574.4000,3575.8000,3576.8000,3577.8000,2,1,3,1,2,2,2,1,1,1
SF,IF2009,2020-03-26 09:33:26.700,3571.8000,14641,0,271842300.000,0,-,-,-,-,3571.6000,3571.4000,3569.4000,3568.6000,3566.8000,3573.6000,3574.4000,3575.8000,3576.8000,3577.8000,2,1,3,1,2,1,2,1,1,1
SF,IF2009,2020-03-26 09:33:27.200,3571.8000,14641,0,271842300.000,0,-,-,-,-,3571.6000,3571.4000,3569.4000,3569.0000,3568.6000,3574.4000,3575.8000,3576.8000,3577.8000,3578.0000,2,1,1,1,1,2,1,1,1,1
SF,IF2009,2020-03-26 09:33:27.700,3571.8000,14641,0,271842300.000,0,-,-,-,-,3571.6000,3571.4000,3569.4000,3569.0000,3568.6000,3574.2000,3574.4000,3575.8000,3576.8000,3577.8000,2,1,1,1,1,1,1,1,1,1
SF,IF2009,2020-03-26 09:33:28.200,3571.8000,14641,0,271842300.000,0,-,-,-,-,3571.6000,3571.4000,3569.4000,3569.0000,3568.6000,3574.0000,3574.2000,3574.4000,3575.8000,3576.8000,2,1,1,1,1,2,1,1,1,1
SF,IF2009,2020-03-26 09:33:28.700,3571.8000,14641,0,271842300.000,0,-,-,-,-,3571.6000,3571.4000,3569.4000,3569.0000,3568.6000,3573.8000,3574.0000,3574.4000,3575.8000,3576.8000,2,1,1,1,1,1,2,1,1,1
SF,IF2009,2020-03-26 09:33:29.200,3571.8000,14641,0,271842300.000,0,-,-,-,-,3571.6000,3571.4000,3569.4000,3569.0000,3568.6000,3573.8000,3574.0000,3574.4000,3575.8000,3576.8000,2,1,1,1,1,1,1,1,1,1
SF,IF2009,2020-03-26 09:33:30.200,3571.6000,14640,-1,272913780.000,1,0,1,双平,S,3571.4000,3569.4000,3569.0000,3568.6000,3567.6000,3573.8000,3574.0000,3574.4000,3575.8000,3576.8000,1,1,1,1,1,1,1,1,1,1
SF,IF2009,2020-03-26 09:33:30.700,3571.6000,14640,0,273985260.000,1,0,1,多换,S,3571.4000,3569.4000,3569.0000,3568.6000,3567.6000,3573.6000,3573.8000,3574.0000,3574.4000,3575.8000,1,1,1,1,1,1,1,1,1,1
SF,IF2009,2020-03-26 09:33:31.200,3571.6000,14640,0,273985260.000,0,-,-,-,-,3571.6000,3571.4000,3569.0000,3568.6000,3567.6000,3573.4000,3573.6000,3574.0000,3575.8000,3576.8000,1,1,1,1,1,3,1,1,1,1
SF,IF2009,2020-03-26 09:33:31.700,3571.6000,14640,0,273985260.000,0,-,-,-,-,3571.6000,3571.4000,3569.0000,3568.6000,3567.6000,3573.4000,3573.6000,3573.8000,3574.0000,3575.8000,2,1,1,1,1,1,1,1,1,1
SF,IF2009,2020-03-26 09:33:32.200,3571.6000,14640,0,273985260.000,0,-,-,-,-,3571.6000,3571.4000,3569.0000,3568.6000,3567.6000,3573.2000,3573.4000,3573.6000,3573.8000,3575.8000,2,1,1,1,1,1,1,1,1,1
SF,IF2009,2020-03-26 09:33:32.700,3571.6000,14640,0,273985260.000,0,-,-,-,-,3571.6000,3571.4000,3569.0000,3568.6000,3567.6000,3573.0000,3573.2000,3573.6000,3573.8000,3575.8000,2,1,1,1,1,1,1,1,1,1
SF,IF2009,2020-03-26 09:33:33.200,3571.6000,14640,0,273985260.000,0,-,-,-,-,3571.6000,3571.4000,3569.0000,3568.6000,3567.6000,3573.0000,3573.2000,3573.6000,3573.8000,3575.8000,2,1,1,1,1,1,1,1,1,1
SF,IF2009,2020-03-26 09:33:34.200,3571.6000,14640,0,273985260.000,0,-,-,-,-,3571.6000,3571.4000,3569.0000,3568.6000,3567.6000,3573.0000,3573.2000,3573.8000,3575.8000,3576.8000,2,1,1,1,1,1,1,1,1,1
SF,IF2009,2020-03-26 09:33:34.700,3571.6000,14640,0,273985260.000,0,-,-,-,-,3571.4000,3570.0000,3569.0000,3568.6000,3567.6000,3572.6000,3573.0000,3573.2000,3573.8000,3575.8000,1,1,1,1,1,1,1,1,1,1
SF,IF2009,2020-03-26 09:33:35.200,3571.6000,14640,0,273985260.000,0,-,-,-,-,3571.4000,3570.0000,3569.0000,3568.6000,3567.6000,3573.0000,3573.2000,3573.8000,3575.8000,3576.8000,1,1,1,1,1,1,1,1,1,1
SF,IF2009,2020-03-26 09:33:36.200,3571.4000,14640,0,275056680.000,1,0,1,多换,S,3570.0000,3569.0000,3568.6000,3567.6000,3565.8000,3572.8000,3573.0000,3573.2000,3573.8000,3575.8000,1,1,1,1,17,2,1,1,1,1
SF,IF2009,2020-03-26 09:33:36.700,3571.4000,14640,0,275056680.000,0,-,-,-,-,3570.2000,3570.0000,3569.0000,3568.6000,3567.6000,3572.6000,3573.2000,3573.8000,3575.8000,3576.8000,1,1,1,1,1,2,1,1,1,1
SF,IF2009,2020-03-26 09:33:37.200,3571.4000,14640,0,275056680.000,0,-,-,-,-,3570.2000,3570.0000,3569.0000,3568.6000,3567.6000,3572.4000,3572.6000,3573.8000,3575.8000,3576.8000,1,1,1,1,1,2,2,1,1,1
SF,IF2009,2020-03-26 09:33:37.700,3571.4000,14640,0,275056680.000,0,-,-,-,-,3571.0000,3570.2000,3570.0000,3569.0000,3568.6000,3572.2000,3572.6000,3573.8000,3575.8000,3576.8000,1,1,2,1,1,1,1,1,1,1
SF,IF2009,2020-03-26 09:33:38.200,3571.4000,14640,0,275056680.000,0,-,-,-,-,3571.0000,3570.2000,3570.0000,3569.0000,3568.6000,3572.2000,3573.8000,3575.8000,3576.8000,3577.8000,1,1,1,1,1,1,1,1,1,1
SF,IF2009,2020-03-26 09:33:38.700,3572.2000,14639,-1,276128340.000,1,0,1,双平,S,3571.2000,3570.0000,3569.0000,3568.6000,3567.6000,3573.8000,3575.8000,3576.8000,3577.8000,3578.0000,1,1,1,1,1,1,1,1,1,1
SF,IF2009,2020-03-26 09:33:39.200,3572.2000,14639,0,276128340.000,0,-,-,-,-,3571.2000,3570.0000,3569.0000,3568.6000,3567.6000,3573.6000,3573.8000,3575.8000,3576.8000,3577.8000,2,1,1,1,1,2,1,1,1,1
SF,IF2009,2020-03-26 09:33:39.700,3572.2000,14639,0,276128340.000,0,-,-,-,-,3571.6000,3571.2000,3570.0000,3569.0000,3568.6000,3573.6000,3573.8000,3575.8000,3576.8000,3577.8000,1,1,1,1,1,2,1,1,1,1
SF,IF2009,2020-03-26 09:33:40.200,3572.2000,14639,0,276128340.000,0,-,-,-,-,3571.8000,3571.6000,3571.4000,3570.0000,3569.0000,3573.6000,3573.8000,3575.8000,3576.8000,3577.8000,2,1,1,1,1,1,1,1,1,1
SF,IF2009,2020-03-26 09:33:40.700,3572.2000,14639,0,276128340.000,0,-,-,-,-,3572.0000,3571.8000,3571.4000,3570.0000,3569.0000,3573.6000,3573.8000,3575.8000,3576.8000,3577.8000,1,1,1,1,1,1,1,1,1,1
SF,IF2009,2020-03-26 09:33:41.200,3572.2000,14639,0,276128340.000,0,-,-,-,-,3572.2000,3572.0000,3571.4000,3570.0000,3569.0000,3573.6000,3573.8000,3575.8000,3576.8000,3577.8000,1,2,1,1,1,1,1,1,1,1
SF,IF2009,2020-03-26 09:33:41.700,3572.2000,14639,0,276128340.000,0,-,-,-,-,3572.2000,3572.0000,3570.0000,3569.0000,3568.8000,3573.6000,3573.8000,3575.8000,3576.8000,3577.8000,1,2,1,1,1,1,1,1,1,1
SF,IF2009,2020-03-26 09:33:42.200,3572.2000,14639,0,276128340.000,0,-,-,-,-,3572.2000,3570.0000,3569.0000,3568.8000,3568.6000,3573.6000,3573.8000,3575.8000,3576.8000,3577.8000,1,1,1,1,1,1,1,1,1,1
SF,IF2009,2020-03-26 09:33:42.700,3572.2000,14639,0,276128340.000,0,-,-,-,-,3572.2000,3570.0000,3569.0000,3568.8000,3568.6000,3573.6000,3573.8000,3575.8000,3576.8000,3577.8000,1,1,1,1,1,1,1,1,1,1
SF,IF2009,2020-03-26 09:33:43.200,3572.2000,14639,0,276128340.000,0,-,-,-,-,3572.2000,3570.0000,3569.0000,3568.8000,3568.6000,3573.6000,3573.8000,3575.8000,3576.8000,3577.8000,2,1,1,1,1,1,1,1,1,1
SF,IF2009,2020-03-26 09:33:43.700,3572.2000,14638,-1,277200000.000,1,0,1,双平,S,3570.0000,3569.0000,3568.8000,3568.6000,3567.6000,3573.2000,3573.6000,3573.8000,3575.8000,3576.8000,1,1,1,1,1,2,1,1,1,1
SF,IF2009,2020-03-26 09:33:44.200,3572.2000,14638,0,277200000.000,0,-,-,-,-,3571.0000,3570.6000,3570.2000,3570.0000,3569.0000,3573.0000,3573.8000,3575.8000,3576.8000,3577.8000,1,1,2,2,1,1,1,1,1,1
SF,IF2009,2020-03-26 09:33:44.700,3572.2000,14638,0,277200000.000,0,-,-,-,-,3571.2000,3571.0000,3570.6000,3570.2000,3570.0000,3572.8000,3573.0000,3573.8000,3575.8000,3576.8000,1,1,1,1,2,1,1,1,1,1
SF,IF2009,2020-03-26 09:33:45.200,3572.2000,14638,0,277200000.000,0,-,-,-,-,3571.2000,3571.0000,3570.6000,3570.2000,3570.0000,3572.8000,3573.8000,3575.8000,3576.8000,3577.8000,1,1,1,1,2,1,1,1,1,1
SF,IF2009,2020-03-26 09:33:46.200,3572.2000,14638,0,277200000.000,0,-,-,-,-,3571.2000,3570.6000,3570.2000,3570.0000,3569.0000,3572.8000,3573.8000,3575.8000,3576.8000,3577.8000,1,1,1,2,1,1,1,1,1,1
SF,IF2009,2020-03-26 09:33:46.700,3572.2000,14638,0,277200000.000,0,-,-,-,-,3571.2000,3570.6000,3570.2000,3570.0000,3569.0000,3572.8000,3573.8000,3575.8000,3576.8000,3577.8000,2,1,1,2,1,1,1,1,1,1
SF,IF2009,2020-03-26 09:33:49.200,3572.8000,14637,-1,278271840.000,1,0,1,双平,S,3571.2000,3570.6000,3570.2000,3570.0000,3569.0000,3573.8000,3575.8000,3576.8000,3577.8000,3578.0000,2,1,1,2,1,1,1,1,1,1
SF,IF2009,2020-03-26 09:33:49.700,3572.8000,14637,0,278271840.000,0,-,-,-,-,3571.4000,3571.2000,3570.6000,3570.2000,3570.0000,3573.6000,3573.8000,3575.8000,3576.8000,3577.8000,1,2,1,1,2,2,1,1,1,1
SF,IF2009,2020-03-26 09:33:50.200,3572.8000,14637,0,278271840.000,0,-,-,-,-,3571.6000,3571.4000,3570.2000,3570.0000,3569.0000,3573.8000,3575.8000,3576.8000,3577.8000,3578.0000,1,1,1,2,1,1,1,1,1,1
SF,IF2009,2020-03-26 09:33:50.700,3573.8000,14637,0,279343980.000,1,0,1,多换,S,3572.2000,3572.0000,3571.6000,3571.4000,3571.0000,3575.8000,3576.8000,3577.8000,3578.0000,3579.2000,1,1,1,1,1,1,1,1,1,8
SF,IF2009,2020-03-26 09:33:51.200,3573.8000,14637,0,279343980.000,0,-,-,-,-,3572.4000,3572.2000,3572.0000,3571.4000,3571.0000,3575.8000,3576.8000,3577.8000,3578.0000,3579.2000,2,1,1,1,1,1,1,1,1,8
SF,IF2009,2020-03-26 09:33:51.700,3573.8000,14637,0,279343980.000,0,-,-,-,-,3572.4000,3572.0000,3571.4000,3571.0000,3570.2000,3575.6000,3575.8000,3576.8000,3577.8000,3578.0000,2,1,1,1,1,2,1,1,1,1
SF,IF2009,2020-03-26 09:33:52.200,3573.8000,14637,0,279343980.000,0,-,-,-,-,3573.2000,3573.0000,3572.4000,3572.0000,3571.4000,3575.6000,3575.8000,3576.8000,3577.8000,3578.0000,1,1,1,2,1,1,1,1,1,1
SF,IF2009,2020-03-26 09:33:52.700,3573.0000,14634,-3,282559860.000,3,0,3,双平,S,3572.4000,3572.0000,3571.4000,3571.0000,3570.2000,3575.6000,3575.8000,3576.8000,3577.8000,3578.0000,3,2,1,1,1,1,1,1,1,1
SF,IF2009,2020-03-26 09:33:53.200,3573.0000,14634,0,282559860.000,0,-,-,-,-,3572.6000,3572.4000,3572.0000,3571.4000,3571.0000,3575.6000,3575.8000,3576.8000,3577.8000,3578.0000,2,3,2,1,1,1,1,1,1,1
SF,IF2009,2020-03-26 09:33:53.700,3573.0000,14634,0,282559860.000,0,-,-,-,-,3572.6000,3572.4000,3572.0000,3571.0000,3570.0000,3575.6000,3575.8000,3576.8000,3577.8000,3578.0000,4,3,2,1,2,1,1,1,1,1
SF,IF2009,2020-03-26 09:33:54.700,3573.0000,14634,0,282559860.000,0,-,-,-,-,3572.6000,3572.4000,3572.0000,3571.0000,3570.0000,3575.6000,3575.8000,3576.8000,3577.8000,3578.0000,2,3,2,1,2,1,1,1,1,1
SF,IF2009,2020-03-26 09:33:55.200,3573.0000,14634,0,282559860.000,0,-,-,-,-,3572.8000,3572.6000,3572.4000,3572.0000,3571.0000,3575.6000,3575.8000,3576.8000,3577.8000,3578.0000,2,2,3,2,1,1,1,1,1,1
SF,IF2009,2020-03-26 09:33:55.700,3573.0000,14634,0,282559860.000,0,-,-,-,-,3572.8000,3572.6000,3572.4000,3572.0000,3571.0000,3575.6000,3575.8000,3576.8000,3577.8000,3578.0000,2,1,4,2,1,1,1,1,1,1
SF,IF2009,2020-03-26 09:33:56.200,3573.0000,14634,0,282559860.000,0,-,-,-,-,3573.0000,3572.8000,3572.6000,3572.4000,3572.0000,3575.8000,3576.8000,3577.8000,3578.0000,3579.2000,3,4,1,4,2,1,1,1,1,5
SF,IF2009,2020-03-26 09:33:56.700,3573.0000,14634,0,282559860.000,0,-,-,-,-,3573.2000,3573.0000,3572.8000,3572.4000,3572.0000,3575.6000,3575.8000,3576.8000,3577.8000,3578.0000,1,1,1,4,2,2,1,1,1,1
SF,IF2009,2020-03-26 09:33:57.200,3573.0000,14634,0,282559860.000,0,-,-,-,-,3573.2000,3572.8000,3572.4000,3572.0000,3571.0000,3575.6000,3575.8000,3576.8000,3577.8000,3578.0000,3,1,4,2,1,1,1,1,1,1
SF,IF2009,2020-03-26 09:33:57.700,3573.0000,14634,0,282559860.000,0,-,-,-,-,3573.4000,3573.2000,3572.4000,3572.0000,3571.0000,3575.6000,3575.8000,3576.8000,3577.8000,3578.0000,1,3,4,2,1,1,1,1,1,1
SF,IF2009,2020-03-26 09:33:58.200,3573.0000,14634,0,282559860.000,0,-,-,-,-,3573.8000,3573.4000,3573.2000,3572.4000,3572.0000,3575.2000,3575.4000,3575.6000,3575.8000,3576.8000,2,1,1,3,2,1,1,1,1,1
SF,IF2009,2020-03-26 09:33:58.700,3573.8000,14634,0,284704140.000,2,1,1,多换,S,3573.4000,3573.2000,3572.0000,3571.0000,3570.0000,3575.2000,3575.4000,3575.8000,3576.8000,3577.8000,1,1,2,1,2,1,1,1,1,1
SF,IF2009,2020-03-26 09:33:59.200,3573.8000,14634,0,284704140.000,0,-,-,-,-,3573.2000,3573.0000,3572.0000,3571.0000,3570.0000,3574.8000,3575.0000,3575.8000,3576.8000,3577.8000,1,5,1,1,2,1,1,1,1,1
SF,IF2009,2020-03-26 09:34:00.200,3573.8000,14634,0,284704140.000,0,-,-,-,-,3573.0000,3572.0000,3571.0000,3570.0000,3569.0000,3574.6000,3575.0000,3575.8000,3576.8000,3577.8000,5,1,1,2,1,2,1,1,1,1
SF,IF2009,2020-03-26 09:34:00.700,3573.8000,14634,0,284704140.000,0,-,-,-,-,3573.2000,3573.0000,3572.0000,3571.0000,3570.0000,3575.0000,3575.8000,3576.8000,3577.8000,3578.0000,2,5,1,1,2,1,1,1,1,1
SF,IF2009,2020-03-26 09:34:01.200,3573.8000,14634,0,284704140.000,0,-,-,-,-,3573.2000,3573.0000,3572.0000,3571.0000,3570.0000,3575.0000,3575.8000,3576.8000,3577.8000,3578.0000,2,5,1,1,2,1,1,1,1,1
SF,IF2009,2020-03-26 09:34:01.700,3573.8000,14634,0,284704140.000,0,-,-,-,-,3573.2000,3573.0000,3572.0000,3571.0000,3570.0000,3575.0000,3575.8000,3576.8000,3577.8000,3578.0000,2,5,1,1,2,1,1,1,1,1
SF,IF2009,2020-03-26 09:34:02.200,3573.8000,14634,0,284704140.000,0,-,-,-,-,3573.4000,3573.2000,3573.0000,3572.0000,3571.0000,3575.0000,3575.8000,3576.8000,3577.8000,3578.0000,1,2,5,1,1,1,1,1,1,1
SF,IF2009,2020-03-26 09:34:03.700,3575.0000,14633,-1,285776640.000,1,0,1,双平,S,3573.4000,3573.2000,3573.0000,3572.0000,3571.0000,3575.8000,3576.8000,3577.8000,3578.0000,3580.0000,1,2,5,1,1,1,1,1,1,6
SF,IF2009,2020-03-26 09:34:04.200,3575.0000,14633,0,285776640.000,0,-,-,-,-,3573.6000,3573.4000,3573.0000,3572.0000,3571.0000,3575.8000,3576.8000,3577.8000,3578.0000,3580.0000,1,1,5,1,1,1,1,1,1,6
SF,IF2009,2020-03-26 09:34:04.700,3575.0000,14633,0,285776640.000,0,-,-,-,-,3573.8000,3573.6000,3573.4000,3573.0000,3572.0000,3575.0000,3575.8000,3576.8000,3577.8000,3578.0000,2,1,1,5,1,1,1,1,1,1
SF,IF2009,2020-03-26 09:34:05.200,3575.0000,14632,-1,286849140.000,1,0,1,双平,S,3575.2000,3573.8000,3573.6000,3573.4000,3573.0000,3575.8000,3576.8000,3577.8000,3578.0000,3580.0000,1,2,1,1,5,1,1,1,1,6
SF,IF2009,2020-03-26 09:34:05.700,3575.0000,14632,0,286849140.000,0,-,-,-,-,3573.8000,3573.6000,3573.4000,3573.0000,3572.0000,3575.8000,3576.8000,3577.8000,3578.0000,3580.0000,2,1,1,5,1,1,1,1,1,6
SF,IF2009,2020-03-26 09:34:06.200,3575.0000,14632,0,286849140.000,0,-,-,-,-,3573.8000,3573.6000,3573.4000,3573.0000,3572.0000,3575.8000,3576.8000,3577.8000,3578.0000,3580.0000,2,1,1,5,1,1,1,1,1,1
SF,IF2009,2020-03-26 09:34:07.200,3575.0000,14632,0,286849140.000,0,-,-,-,-,3574.0000,3573.8000,3573.6000,3573.4000,3573.0000,3575.8000,3576.8000,3577.8000,3578.0000,3580.0000,1,2,1,1,5,1,1,1,1,1
SF,IF2009,2020-03-26 09:34:07.700,3575.0000,14632,0,286849140.000,0,-,-,-,-,3574.0000,3573.8000,3573.6000,3573.4000,3573.0000,3575.8000,3576.8000,3577.8000,3578.0000,3580.0000,1,1,1,1,5,1,1,1,1,1
SF,IF2009,2020-03-26 09:34:08.200,3575.0000,14632,0,286849140.000,0,-,-,-,-,3574.2000,3574.0000,3573.8000,3573.4000,3573.0000,3575.8000,3576.8000,3577.8000,3578.0000,3580.0000,1,1,1,1,5,1,1,1,1,1
SF,IF2009,2020-03-26 09:34:09.700,3575.0000,14632,0,286849140.000,0,-,-,-,-,3574.2000,3574.0000,3573.8000,3573.4000,3573.0000,3575.8000,3576.8000,3577.8000,3578.0000,3580.0000,2,1,1,1,5,1,1,1,1,1
SF,IF2009,2020-03-26 09:34:10.200,3575.8000,14631,-1,287921880.000,1,0,1,双平,S,3574.4000,3574.2000,3574.0000,3573.8000,3573.4000,3576.8000,3577.8000,3578.0000,3580.0000,3585.0000,1,2,1,1,1,1,1,1,1,5
SF,IF2009,2020-03-26 09:34:10.700,3575.8000,14631,0,287921880.000,0,-,-,-,-,3574.6000,3574.4000,3574.0000,3573.8000,3573.4000,3576.8000,3577.8000,3578.0000,3580.0000,3585.0000,9,2,1,1,1,1,1,1,1,5
SF,IF2009,2020-03-26 09:34:11.200,3575.8000,14631,0,287921880.000,0,-,-,-,-,3574.8000,3574.6000,3574.4000,3574.0000,3573.8000,3576.8000,3577.8000,3578.0000,3580.0000,3585.0000,1,1,1,1,1,1,1,1,1,5
SF,IF2009,2020-03-26 09:34:11.700,3575.8000,14631,0,287921880.000,0,-,-,-,-,3574.8000,3574.4000,3574.0000,3573.8000,3573.4000,3576.8000,3577.8000,3578.0000,3580.0000,3585.0000,2,1,1,1,1,1,1,1,1,5
SF,IF2009,2020-03-26 09:34:12.200,3575.8000,14631,0,287921880.000,0,-,-,-,-,3574.8000,3574.4000,3574.0000,3573.8000,3573.0000,3576.8000,3577.8000,3578.0000,3580.0000,3585.0000,2,1,1,1,5,1,1,1,1,5
SF,IF2009,2020-03-26 09:34:13.200,3575.8000,14631,0,287921880.000,0,-,-,-,-,3575.0000,3574.8000,3574.4000,3574.0000,3573.8000,3576.8000,3577.8000,3578.0000,3580.0000,3585.0000,1,2,1,1,1,1,1,1,1,5
SF,IF2009,2020-03-26 09:34:13.700,3575.8000,14631,0,287921880.000,0,-,-,-,-,3575.0000,3574.0000,3573.0000,3571.0000,3570.0000,3576.6000,3576.8000,3577.8000,3580.0000,3581.8000,1,1,5,1,2,1,1,1,1,1
SF,IF2009,2020-03-26 09:34:14.200,3575.8000,14631,0,287921880.000,0,-,-,-,-,3574.0000,3573.0000,3571.0000,3570.0000,3569.0000,3576.4000,3576.8000,3577.8000,3580.0000,3581.8000,1,5,1,2,1,3,1,1,1,1
SF,IF2009,2020-03-26 09:34:14.700,3575.8000,14631,0,287921880.000,0,-,-,-,-,3574.2000,3574.0000,3573.0000,3571.0000,3570.0000,3576.0000,3576.2000,3576.4000,3576.8000,3577.8000,1,1,5,1,2,2,1,1,1,1
SF,IF2009,2020-03-26 09:34:15.200,3575.8000,14631,0,287921880.000,0,-,-,-,-,3574.2000,3574.0000,3573.0000,3571.0000,3570.0000,3575.6000,3576.2000,3576.4000,3576.8000,3577.8000,1,1,5,1,2,2,1,1,1,1
SF,IF2009,2020-03-26 09:34:15.700,3575.8000,14631,0,287921880.000,0,-,-,-,-,3574.2000,3574.0000,3573.0000,3571.0000,3570.0000,3575.2000,3576.2000,3576.8000,3577.8000,3580.0000,1,1,5,1,2,2,1,1,1,1
SF,IF2009,2020-03-26 09:34:16.200,3575.8000,14631,0,287921880.000,0,-,-,-,-,3574.2000,3574.0000,3573.0000,3571.0000,3570.0000,3575.0000,3576.2000,3576.8000,3577.8000,3580.0000,1,1,5,1,2,2,1,1,1,1
SF,IF2009,2020-03-26 09:34:16.700,3575.8000,14631,0,287921880.000,0,-,-,-,-,3574.2000,3574.0000,3573.0000,3571.0000,3570.0000,3576.2000,3576.8000,3577.8000,3580.0000,3581.8000,1,1,5,1,2,1,1,1,1,1
SF,IF2009,2020-03-26 09:34:17.200,3575.8000,14631,0,287921880.000,0,-,-,-,-,3574.2000,3574.0000,3573.0000,3571.0000,3570.0000,3575.4000,3576.0000,3576.2000,3576.8000,3577.8000,1,1,6,1,2,1,3,1,1,1
SF,IF2009,2020-03-26 09:34:17.700,3575.8000,14631,0,287921880.000,0,-,-,-,-,3574.2000,3574.0000,3573.0000,3571.0000,3570.0000,3575.2000,3575.4000,3576.0000,3576.2000,3576.8000,1,1,6,1,2,2,1,1,1,1
SF,IF2009,2020-03-26 09:34:18.200,3575.0000,14631,0,288994380.000,1,0,1,多换,S,3574.2000,3574.0000,3573.0000,3571.0000,3570.0000,3575.2000,3576.0000,3576.2000,3576.8000,3577.8000,1,1,6,1,2,2,1,1,1,1
SF,IF2009,2020-03-26 09:34:18.700,3574.2000,14631,0,290066640.000,1,0,1,多换,S,3574.0000,3573.0000,3571.0000,3570.0000,3569.0000,3575.0000,3576.0000,3576.2000,3576.8000,3577.8000,1,6,1,2,1,3,1,1,1,1
SF,IF2009,2020-03-26 09:34:19.200,3575.0000,14630,-1,291139140.000,1,0,1,双平,S,3574.8000,3574.0000,3573.0000,3571.0000,3570.0000,3575.0000,3576.0000,3576.2000,3576.8000,3577.8000,1,1,6,1,2,2,1,1,1,1
SF,IF2009,2020-03-26 09:34:19.700,3574.8000,14630,0,293284020.000,2,1,1,多换,S,3574.0000,3573.0000,3571.0000,3570.0000,3569.0000,3575.0000,3576.8000,3577.8000,3580.0000,3581.8000,1,6,1,2,1,2,1,1,1,1
SF,IF2009,2020-03-26 09:34:20.200,3574.8000,14630,0,293284020.000,0,-,-,-,-,3574.0000,3573.0000,3571.0000,3570.0000,3569.0000,3575.0000,3576.8000,3577.8000,3580.0000,3581.8000,1,6,1,2,1,2,1,1,1,1
SF,IF2009,2020-03-26 09:34:22.700,3574.0000,14629,-1,294356220.000,1,0,1,双平,S,3573.0000,3571.0000,3570.0000,3569.0000,3568.8000,3574.8000,3576.8000,3577.8000,3580.0000,3581.8000,6,1,2,1,1,2,1,1,1,1
SF,IF2009,2020-03-26 09:34:23.200,3574.0000,14629,0,294356220.000,0,-,-,-,-,3573.2000,3573.0000,3571.0000,3570.0000,3569.0000,3576.8000,3577.8000,3580.0000,3581.8000,3585.0000,1,6,1,2,1,1,1,1,1,5
SF,IF2009,2020-03-26 09:34:23.700,3574.0000,14629,0,294356220.000,0,-,-,-,-,3573.4000,3573.2000,3573.0000,3571.0000,3570.0000,3574.4000,3576.2000,3576.4000,3576.6000,3576.8000,1,1,6,1,2,1,1,1,2,2
SF,IF2009,2020-03-26 09:34:24.200,3574.4000,14629,0,295428540.000,1,0,1,多换,S,3573.2000,3573.0000,3571.0000,3570.0000,3569.0000,3576.2000,3576.4000,3576.6000,3576.8000,3577.8000,1,6,1,2,1,1,1,1,2,1
SF,IF2009,2020-03-26 09:34:24.700,3574.4000,14629,0,295428540.000,0,-,-,-,-,3573.2000,3573.0000,3571.0000,3570.0000,3569.0000,3574.2000,3576.2000,3576.6000,3576.8000,3577.8000,1,6,1,2,1,1,1,1,1,1
SF,IF2009,2020-03-26 09:34:25.200,3574.4000,14629,0,295428540.000,0,-,-,-,-,3573.2000,3573.0000,3571.0000,3570.0000,3569.0000,3574.2000,3575.6000,3576.0000,3576.2000,3576.8000,1,6,1,2,1,1,1,2,2,1
SF,IF2009,2020-03-26 09:34:25.700,3574.4000,14629,0,295428540.000,0,-,-,-,-,3573.2000,3573.0000,3571.0000,3570.0000,3569.0000,3574.2000,3576.0000,3576.2000,3576.8000,3577.8000,1,6,1,2,1,1,2,2,1,1
SF,IF2009,2020-03-26 09:34:26.200,3574.4000,14629,0,295428540.000,0,-,-,-,-,3573.2000,3573.0000,3571.0000,3570.0000,3569.0000,3576.0000,3576.2000,3576.8000,3577.8000,3580.0000,1,6,1,2,1,2,2,1,1,1
SF,IF2009,2020-03-26 09:34:26.700,3574.4000,14629,0,295428540.000,0,-,-,-,-,3573.2000,3573.0000,3571.0000,3570.0000,3569.0000,3575.6000,3575.8000,3576.0000,3576.2000,3576.8000,1,6,1,2,1,1,1,2,1,1
SF,IF2009,2020-03-26 09:34:27.200,3574.4000,14629,0,295428540.000,0,-,-,-,-,3573.2000,3573.0000,3572.8000,3571.0000,3570.0000,3574.0000,3575.2000,3575.4000,3575.8000,3576.0000,1,6,1,1,2,1,1,3,1,1
SF,IF2009,2020-03-26 09:34:27.700,3574.0000,14628,-1,296500740.000,1,0,1,双平,S,3574.2000,3573.2000,3573.0000,3572.8000,3571.0000,3575.4000,3575.8000,3576.2000,3576.8000,3577.8000,1,1,6,1,1,3,1,1,1,1
SF,IF2009,2020-03-26 09:34:28.200,3574.0000,14628,0,296500740.000,0,-,-,-,-,3573.2000,3573.0000,3572.8000,3571.6000,3571.0000,3575.2000,3575.4000,3575.8000,3576.2000,3576.8000,1,6,1,1,1,1,2,1,1,1
SF,IF2009,2020-03-26 09:34:28.700,3574.0000,14628,0,296500740.000,0,-,-,-,-,3573.4000,3573.2000,3573.0000,3572.8000,3571.6000,3575.4000,3575.8000,3576.2000,3576.8000,3577.8000,1,1,6,1,1,1,1,1,1,1
SF,IF2009,2020-03-26 09:34:29.200,3574.0000,14628,0,296500740.000,0,-,-,-,-,3573.0000,3572.8000,3571.6000,3571.0000,3570.0000,3575.0000,3575.4000,3575.8000,3576.2000,3576.8000,6,1,1,1,2,2,1,1,1,1
SF,IF2009,2020-03-26 09:34:29.700,3574.0000,14628,0,296500740.000,0,-,-,-,-,3573.2000,3573.0000,3572.8000,3571.6000,3571.0000,3575.0000,3575.4000,3575.8000,3576.2000,3576.8000,1,6,1,1,1,2,1,1,1,1
SF,IF2009,2020-03-26 09:34:30.200,3574.0000,14628,0,296500740.000,0,-,-,-,-,3573.2000,3573.0000,3572.8000,3571.6000,3571.0000,3575.0000,3575.4000,3575.8000,3576.2000,3576.8000,1,6,1,1,1,1,1,1,1,1
SF,IF2009,2020-03-26 09:34:30.700,3574.0000,14628,0,296500740.000,0,-,-,-,-,3573.2000,3573.0000,3572.8000,3571.6000,3571.0000,3574.6000,3575.0000,3575.4000,3575.8000,3576.2000,1,6,1,1,1,1,1,1,1,1
