市场代码,合约代码,时间,最新,持仓,增仓,成交额,成交量,开仓,平仓,成交类型,方向,买一价,买二价,买三价,买四价,买五价,卖一价,卖二价,卖三价,卖四价,卖五价,买一量,买二量,买三量,买四量,买五量,卖一量,卖二量,卖三量,卖四量,卖五量
SF,IF2004,2020-03-03 09:29:00.300,4138.0000,6070,0,22345200.000,18.000,-,-,-,-,4130.0000,4128.0000,4125.0000,4123.8000,4121.2000,4139.0000,4139.4000,4141.8000,4148.0000,4148.8000,1,1,2,1,1,1,1,1,1,1
SF,IF2004,2020-03-03 09:30:00.300,4121.2000,6071,1,29771100.000,6,3,3,空开,S,4118.0000,4115.0000,4112.2000,4110.0000,4109.0000,4123.0000,4123.6000,4124.8000,4126.6000,4127.0000,3,1,1,6,2,1,3,1,1,2
SF,IF2004,2020-03-03 09:30:00.800,4118.0000,6067,-4,37189320.000,6,1,5,多平,S,4118.0000,4115.0000,4112.2000,4110.0000,4109.0000,4121.0000,4123.0000,4123.4000,4123.6000,4126.6000,2,1,1,6,2,1,1,1,2,1
SF,IF2004,2020-03-03 09:30:01.300,4123.4000,6068,1,39661740.000,2,1,1,空开,S,4118.4000,4118.2000,4118.0000,4115.0000,4112.2000,4120.0000,4126.6000,4127.0000,4128.0000,4129.0000,2,2,2,1,1,1,1,2,1,3
SF,IF2004,2020-03-03 09:30:01.800,4126.6000,6067,-1,42135780.000,2,0,2,多平,S,4120.0000,4118.8000,4118.6000,4118.4000,4118.0000,4127.0000,4128.0000,4129.0000,4129.2000,4129.4000,1,1,3,3,2,2,1,3,1,4
SF,IF2004,2020-03-03 09:30:02.300,4126.6000,6066,-1,43373760.000,1,0,1,双平,S,4120.2000,4120.0000,4118.8000,4118.6000,4118.4000,4125.6000,4126.2000,4126.8000,4127.0000,4129.0000,3,2,1,1,3,1,2,6,2,3
SF,IF2004,2020-03-03 09:30:02.800,4126.6000,6066,0,43373760.000,0,-,-,-,-,4120.2000,4120.0000,4118.8000,4118.6000,4118.4000,4125.4000,4126.2000,4126.8000,4127.0000,4129.0000,2,2,1,1,3,1,2,5,2,2
SF,IF2004,2020-03-03 09:30:03.300,4126.6000,6062,-4,48325680.000,4,0,4,双平,S,4121.6000,4121.0000,4120.4000,4120.2000,4120.0000,4126.8000,4127.0000,4129.0000,4129.4000,4130.0000,4,2,4,2,2,5,3,2,4,5
SF,IF2004,2020-03-03 09:30:03.800,4126.6000,6062,0,48325680.000,0,-,-,-,-,4121.8000,4121.6000,4121.0000,4120.4000,4120.0000,4126.0000,4126.4000,4126.6000,4126.8000,4127.0000,3,4,2,2,2,1,1,1,5,2
SF,IF2004,2020-03-03 09:30:04.300,4126.6000,6062,0,48325680.000,0,-,-,-,-,4121.8000,4121.6000,4121.0000,4120.4000,4120.0000,4125.2000,4125.8000,4126.0000,4126.8000,4127.0000,3,4,2,2,2,1,1,1,5,2
SF,IF2004,2020-03-03 09:30:04.800,4125.4000,6060,-2,52038660.000,3,0,3,多平,S,4123.6000,4122.0000,4121.8000,4121.6000,4120.4000,4125.0000,4126.8000,4128.4000,4129.0000,4129.4000,2,1,3,4,2,4,4,1,2,4
SF,IF2004,2020-03-03 09:30:05.300,4125.0000,6061,1,56988780.000,4,2,2,空开,S,4125.0000,4123.6000,4121.8000,4121.6000,4120.0000,4126.8000,4128.4000,4129.0000,4129.4000,4130.0000,1,2,2,4,2,2,1,2,4,4
SF,IF2004,2020-03-03 09:30:05.800,4126.8000,6058,-3,60702840.000,3,0,3,双平,S,4125.0000,4123.6000,4121.8000,4121.6000,4120.0000,4129.0000,4129.4000,4130.0000,4135.0000,4137.4000,1,2,1,4,2,2,4,4,1,1
SF,IF2004,2020-03-03 09:30:06.300,4126.8000,6058,0,60702840.000,0,-,-,-,-,4125.2000,4125.0000,4123.6000,4121.8000,4121.6000,4125.8000,4127.4000,4128.4000,4128.8000,4129.0000,1,2,2,1,4,1,1,1,3,2
SF,IF2004,2020-03-03 09:30:06.800,4125.2000,6057,-1,61940400.000,1,0,1,双平,S,4125.0000,4123.6000,4121.8000,4121.6000,4120.0000,4125.8000,4127.4000,4128.8000,4129.0000,4129.4000,2,2,1,4,2,1,1,3,2,4
SF,IF2004,2020-03-03 09:30:07.300,4125.8000,6056,-1,66890880.000,4,1,3,多平,S,4123.6000,4121.8000,4121.6000,4120.0000,4118.4000,4127.4000,4128.8000,4129.0000,4129.4000,4130.0000,2,1,4,2,1,1,3,2,4,4
SF,IF2004,2020-03-03 09:30:07.800,4125.8000,6056,0,66890880.000,0,-,-,-,-,4123.6000,4121.8000,4121.6000,4120.0000,4118.4000,4125.0000,4126.0000,4127.2000,4127.4000,4128.8000,1,1,4,2,1,2,1,2,1,1
SF,IF2004,2020-03-03 09:30:08.300,4125.8000,6056,0,66890880.000,0,-,-,-,-,4123.8000,4123.6000,4121.8000,4121.6000,4120.0000,4125.0000,4126.0000,4127.2000,4127.4000,4128.2000,1,2,1,4,2,2,1,1,1,1
SF,IF2004,2020-03-03 09:30:08.800,4125.0000,6055,-1,68128380.000,1,0,1,双平,S,4123.8000,4121.8000,4121.6000,4120.0000,4118.4000,4125.0000,4126.0000,4127.2000,4127.4000,4128.2000,1,1,4,2,1,1,1,1,1,1
SF,IF2004,2020-03-03 09:30:09.800,4123.8000,6053,-2,70603020.000,2,0,2,双平,S,4124.0000,4121.8000,4121.6000,4120.0000,4118.4000,4126.0000,4127.2000,4127.4000,4128.2000,4128.8000,2,1,4,2,1,1,1,1,1,1
SF,IF2004,2020-03-03 09:30:10.300,4124.0000,6050,-3,74314560.000,3,0,3,双平,S,4121.8000,4121.6000,4120.0000,4118.4000,4117.8000,4125.8000,4126.0000,4127.2000,4127.4000,4128.2000,1,4,2,1,1,1,1,1,1,1
SF,IF2004,2020-03-03 09:30:10.800,4123.6000,6050,0,75551640.000,1,0,1,多换,S,4125.0000,4122.0000,4121.6000,4120.0000,4118.4000,4125.4000,4125.6000,4125.8000,4128.2000,4128.8000,1,1,1,2,1,1,2,1,1,1
SF,IF2004,2020-03-03 09:30:11.300,4125.0000,6050,0,76789140.000,1,0,1,多换,S,4122.0000,4121.6000,4120.0000,4118.4000,4117.8000,4125.0000,4125.2000,4128.2000,4128.8000,4129.0000,1,1,2,1,1,4,1,1,1,2
SF,IF2004,2020-03-03 09:30:11.800,4125.0000,6050,0,76789140.000,0,-,-,-,-,4122.0000,4121.8000,4121.6000,4120.0000,4118.4000,4124.8000,4125.0000,4128.2000,4128.8000,4129.0000,1,1,1,2,1,2,6,1,1,2
SF,IF2004,2020-03-03 09:30:12.300,4125.0000,6050,0,76789140.000,0,-,-,-,-,4122.0000,4121.8000,4121.6000,4120.0000,4118.4000,4124.6000,4124.8000,4125.0000,4128.2000,4128.8000,1,1,1,2,1,1,2,6,1,1
SF,IF2004,2020-03-03 09:30:12.800,4125.0000,6050,0,76789140.000,0,-,-,-,-,4122.2000,4122.0000,4121.6000,4120.0000,4118.4000,4124.6000,4124.8000,4125.0000,4128.2000,4128.8000,1,1,1,2,1,1,1,7,1,1
SF,IF2004,2020-03-03 09:30:13.300,4125.0000,6050,0,78026640.000,1,0,1,多换,S,4122.2000,4122.0000,4120.0000,4118.4000,4117.8000,4124.8000,4125.0000,4126.6000,4128.2000,4128.8000,1,1,2,1,1,1,3,1,1,1
SF,IF2004,2020-03-03 09:30:13.800,4125.0000,6050,0,78026640.000,0,-,-,-,-,4122.2000,4122.0000,4120.0000,4118.4000,4117.8000,4124.6000,4124.8000,4125.0000,4128.2000,4128.8000,1,1,2,1,1,2,1,8,1,1
SF,IF2004,2020-03-03 09:30:14.300,4124.4000,6048,-2,80500680.000,2,0,2,双平,S,4122.0000,4120.0000,4118.4000,4117.8000,4115.0000,4124.2000,4124.6000,4124.8000,4125.0000,4125.6000,1,2,1,1,1,1,1,1,8,1
SF,IF2004,2020-03-03 09:30:14.800,4124.4000,6048,0,80500680.000,0,-,-,-,-,4122.0000,4120.0000,4118.4000,4117.8000,4115.0000,4124.2000,4124.6000,4124.8000,4125.0000,4125.6000,1,2,1,1,1,1,1,1,8,1
SF,IF2004,2020-03-03 09:30:15.300,4124.4000,6048,0,80500680.000,0,-,-,-,-,4122.0000,4120.0000,4118.4000,4117.8000,4115.0000,4124.2000,4124.6000,4124.8000,4125.0000,4125.6000,2,2,1,1,1,1,1,1,9,1
SF,IF2004,2020-03-03 09:30:15.800,4124.4000,6048,0,81738000.000,1,0,1,多换,S,4122.2000,4122.0000,4120.0000,4118.4000,4117.8000,4124.8000,4125.0000,4125.6000,4125.8000,4128.2000,1,2,2,1,1,1,10,1,1,1
SF,IF2004,2020-03-03 09:30:16.300,4124.4000,6048,0,81738000.000,0,-,-,-,-,4122.2000,4122.0000,4120.0000,4118.4000,4115.0000,4124.6000,4124.8000,4125.0000,4125.6000,4125.8000,1,2,2,1,1,1,2,10,1,1
SF,IF2004,2020-03-03 09:30:16.800,4122.2000,6048,0,82974660.000,1,0,1,多换,S,4122.0000,4120.0000,4118.4000,4115.0000,4110.0000,4124.6000,4124.8000,4125.0000,4125.6000,4125.8000,2,2,1,1,6,1,1,10,1,1
SF,IF2004,2020-03-03 09:30:17.300,4122.2000,6048,0,82974660.000,0,-,-,-,-,4122.2000,4122.0000,4120.0000,4118.4000,4115.0000,4124.6000,4124.8000,4125.0000,4125.8000,4128.2000,2,2,2,1,1,1,1,10,1,1
SF,IF2004,2020-03-03 09:30:17.800,4122.2000,6048,0,82974660.000,0,-,-,-,-,4124.2000,4122.2000,4122.0000,4120.0000,4118.4000,4124.4000,4124.6000,4124.8000,4125.0000,4125.8000,1,1,2,2,1,1,1,1,10,1
SF,IF2004,2020-03-03 09:30:18.300,4124.2000,6048,0,84211920.000,1,0,1,多换,S,4122.0000,4120.0000,4118.4000,4115.0000,4110.0000,4124.2000,4124.4000,4125.0000,4125.8000,4128.2000,2,2,1,1,6,3,1,10,1,1
SF,IF2004,2020-03-03 09:30:18.800,4124.2000,6048,0,84211920.000,0,-,-,-,-,4122.0000,4120.0000,4118.4000,4115.0000,4110.0000,4123.8000,4124.0000,4124.2000,4125.0000,4125.8000,3,2,1,1,6,1,1,4,10,1
SF,IF2004,2020-03-03 09:30:19.300,4122.0000,6047,-1,86685120.000,2,0,2,多平,S,4120.0000,4118.4000,4115.0000,4110.0000,4099.4000,4123.4000,4123.6000,4123.8000,4124.2000,4125.0000,2,1,1,5,3,1,1,1,3,10
SF,IF2004,2020-03-03 09:30:19.800,4123.4000,6046,-1,89159160.000,2,0,2,多平,S,4121.0000,4120.2000,4120.0000,4118.4000,4115.0000,4123.0000,4123.2000,4123.4000,4123.6000,4124.0000,3,1,2,1,1,1,1,1,1,1
SF,IF2004,2020-03-03 09:30:20.300,4123.0000,6046,0,91633020.000,2,1,1,多换,S,4121.6000,4121.2000,4121.0000,4120.0000,4118.4000,4124.0000,4125.0000,4125.8000,4128.2000,4128.8000,1,2,3,2,1,1,9,1,1,1
SF,IF2004,2020-03-03 09:30:20.800,4123.0000,6046,0,91633020.000,0,-,-,-,-,4121.8000,4121.6000,4121.0000,4120.0000,4118.4000,4125.0000,4125.8000,4128.2000,4128.8000,4129.4000,1,4,2,2,1,9,1,1,1,4
SF,IF2004,2020-03-03 09:30:21.300,4123.0000,6046,0,91633020.000,0,-,-,-,-,4121.8000,4121.6000,4121.0000,4120.0000,4118.4000,4124.0000,4125.0000,4125.8000,4128.2000,4128.8000,1,1,2,2,1,1,9,1,1,1
SF,IF2004,2020-03-03 09:30:21.800,4124.0000,6046,0,92870220.000,1,0,1,多换,S,4122.0000,4121.8000,4121.6000,4121.0000,4120.0000,4125.0000,4125.8000,4128.2000,4128.8000,4129.4000,1,1,1,2,2,9,1,1,1,4
SF,IF2004,2020-03-03 09:30:22.300,4124.0000,6046,0,92870220.000,0,-,-,-,-,4123.6000,4122.2000,4122.0000,4121.6000,4120.0000,4125.0000,4125.8000,4128.2000,4128.8000,4129.4000,2,2,1,1,2,9,1,1,1,4
SF,IF2004,2020-03-03 09:30:22.800,4124.0000,6046,0,92870220.000,0,-,-,-,-,4123.8000,4122.2000,4121.6000,4120.0000,4118.4000,4125.0000,4125.8000,4128.8000,4129.4000,4130.0000,1,3,1,2,1,9,1,1,4,3
SF,IF2004,2020-03-03 09:30:23.300,4124.0000,6046,0,92870220.000,0,-,-,-,-,4123.8000,4122.2000,4121.6000,4120.0000,4118.4000,4125.0000,4125.8000,4128.8000,4129.4000,4130.0000,1,2,1,3,1,9,1,1,4,3
SF,IF2004,2020-03-03 09:30:23.800,4124.8000,6041,-5,99057420.000,5,0,5,双平,S,4123.8000,4122.2000,4121.6000,4120.0000,4118.4000,4125.0000,4125.8000,4128.8000,4129.2000,4129.4000,1,2,1,3,1,9,1,1,1,4
SF,IF2004,2020-03-03 09:30:24.300,4125.0000,6041,0,100294920.000,1,0,1,多换,S,4124.0000,4123.8000,4123.6000,4122.2000,4121.6000,4125.0000,4125.8000,4128.8000,4129.2000,4129.4000,1,1,2,1,1,8,1,1,1,4
SF,IF2004,2020-03-03 09:30:24.800,4125.0000,6041,0,100294920.000,0,-,-,-,-,4124.0000,4123.8000,4123.6000,4122.2000,4121.6000,4125.0000,4128.8000,4129.2000,4129.4000,4130.0000,2,1,2,1,1,8,1,1,4,4
SF,IF2004,2020-03-03 09:30:25.300,4125.0000,6041,0,102769920.000,2,1,1,多换,S,4124.0000,4123.8000,4123.6000,4122.2000,4121.6000,4125.0000,4128.8000,4129.2000,4129.4000,4130.0000,2,1,2,1,1,6,1,1,4,4
SF,IF2004,2020-03-03 09:30:25.800,4125.0000,6041,0,102769920.000,0,-,-,-,-,4124.0000,4123.8000,4123.6000,4122.2000,4121.6000,4125.0000,4128.8000,4129.2000,4129.4000,4130.0000,2,1,2,1,1,6,1,1,4,4
SF,IF2004,2020-03-03 09:30:26.300,4125.0000,6041,0,105244920.000,2,1,1,多换,S,4124.0000,4123.8000,4123.6000,4122.2000,4121.6000,4125.0000,4128.8000,4129.4000,4130.0000,4135.0000,2,1,2,1,1,4,1,4,4,8
SF,IF2004,2020-03-03 09:30:26.800,4125.0000,6041,0,106482420.000,1,0,1,多换,S,4124.0000,4123.8000,4123.6000,4122.2000,4121.6000,4125.0000,4128.8000,4129.4000,4130.0000,4135.0000,2,1,2,1,1,3,1,4,4,8
SF,IF2004,2020-03-03 09:30:27.300,4125.0000,6040,-1,110194920.000,3,1,2,多平,S,4124.0000,4123.8000,4123.6000,4122.2000,4121.6000,4128.8000,4129.4000,4130.0000,4135.0000,4138.8000,1,1,2,1,1,1,4,4,8,1
SF,IF2004,2020-03-03 09:30:27.800,4125.0000,6040,0,110194920.000,0,-,-,-,-,4125.0000,4124.8000,4124.4000,4124.2000,4124.0000,4127.2000,4128.6000,4128.8000,4129.4000,4130.0000,2,1,1,3,2,1,1,1,4,4
SF,IF2004,2020-03-03 09:30:28.300,4127.2000,6039,-1,111433080.000,1,0,1,双平,S,4125.2000,4125.0000,4124.8000,4124.4000,4124.2000,4128.8000,4129.4000,4130.0000,4135.0000,4138.8000,1,3,1,1,2,1,4,4,15,1
SF,IF2004,2020-03-03 09:30:28.800,4127.2000,6039,0,111433080.000,0,-,-,-,-,4126.8000,4125.4000,4125.2000,4125.0000,4124.8000,4128.2000,4128.6000,4129.4000,4130.0000,4135.0000,2,2,1,3,1,1,1,2,4,15
SF,IF2004,2020-03-03 09:30:29.300,4127.0000,6036,-3,115147380.000,3,0,3,双平,S,4126.8000,4125.4000,4125.0000,4124.8000,4124.4000,4128.0000,4129.4000,4130.0000,4135.0000,4138.8000,2,3,4,1,1,1,2,4,15,1
SF,IF2004,2020-03-03 09:30:29.800,4127.0000,6036,0,115147380.000,0,-,-,-,-,4126.8000,4125.4000,4125.0000,4124.8000,4124.4000,4128.0000,4130.0000,4135.0000,4138.8000,4141.6000,2,2,4,1,1,1,4,15,1,1
SF,IF2004,2020-03-03 09:30:30.300,4127.0000,6036,0,115147380.000,0,-,-,-,-,4126.8000,4125.4000,4125.0000,4124.8000,4124.4000,4128.0000,4130.0000,4135.0000,4138.8000,4141.6000,2,1,4,1,1,1,4,15,1,1
SF,IF2004,2020-03-03 09:30:30.800,4127.0000,6036,0,115147380.000,0,-,-,-,-,4126.8000,4125.4000,4125.0000,4124.8000,4124.4000,4128.0000,4130.0000,4135.0000,4138.8000,4141.6000,3,1,4,1,1,1,4,15,1,1
SF,IF2004,2020-03-03 09:30:31.300,4127.0000,6036,0,115147380.000,0,-,-,-,-,4126.8000,4125.4000,4125.0000,4124.8000,4124.4000,4130.0000,4135.0000,4138.8000,4141.6000,4143.0000,3,1,5,1,1,4,15,1,1,1
SF,IF2004,2020-03-03 09:30:31.800,4126.8000,6033,-3,120099600.000,4,0,4,多平,S,4125.4000,4125.0000,4124.8000,4124.4000,4120.0000,4128.2000,4128.8000,4129.2000,4129.8000,4130.0000,1,5,1,1,2,1,1,1,3,4
SF,IF2004,2020-03-03 09:30:32.300,4126.8000,6033,0,120099600.000,0,-,-,-,-,4125.0000,4124.8000,4124.4000,4120.0000,4118.6000,4127.2000,4128.0000,4128.8000,4129.2000,4129.8000,5,1,1,2,3,1,2,1,1,1
SF,IF2004,2020-03-03 09:30:32.800,4126.8000,6033,0,120099600.000,0,-,-,-,-,4125.2000,4125.0000,4124.8000,4124.4000,4120.0000,4127.2000,4128.0000,4128.8000,4129.2000,4129.8000,1,5,1,1,2,1,2,1,1,1
SF,IF2004,2020-03-03 09:30:33.300,4125.2000,6031,-2,122574780.000,2,0,2,双平,S,4125.0000,4124.8000,4124.4000,4120.0000,4118.6000,4126.8000,4128.0000,4128.8000,4129.2000,4129.8000,5,1,1,2,3,1,2,1,1,1
SF,IF2004,2020-03-03 09:30:33.800,4126.8000,6031,0,123812820.000,1,0,1,多换,S,4125.0000,4124.8000,4120.0000,4118.6000,4118.2000,4128.0000,4128.8000,4129.2000,4129.8000,4130.0000,4,1,2,3,1,2,1,1,1,4
SF,IF2004,2020-03-03 09:30:34.300,4126.8000,6031,0,123812820.000,0,-,-,-,-,4125.0000,4124.8000,4120.0000,4118.6000,4118.2000,4127.4000,4127.8000,4128.0000,4128.8000,4129.2000,3,1,2,3,1,1,1,2,1,1
SF,IF2004,2020-03-03 09:30:34.800,4126.8000,6031,0,123812820.000,0,-,-,-,-,4125.0000,4124.8000,4120.0000,4118.6000,4118.2000,4127.2000,4127.8000,4128.0000,4128.8000,4129.2000,5,1,2,3,1,3,1,2,1,1
SF,IF2004,2020-03-03 09:30:35.300,4127.2000,6028,-3,127527300.000,3,0,3,双平,S,4125.0000,4124.8000,4120.0000,4118.6000,4118.2000,4127.8000,4128.0000,4128.8000,4129.2000,4129.8000,3,1,2,3,1,1,2,1,1,1
SF,IF2004,2020-03-03 09:30:35.800,4127.2000,6028,0,127527300.000,0,-,-,-,-,4126.8000,4125.2000,4125.0000,4124.8000,4120.0000,4127.6000,4127.8000,4128.8000,4129.2000,4129.8000,5,2,4,1,2,3,1,1,1,1
SF,IF2004,2020-03-03 09:30:36.300,4126.8000,6028,0,133717500.000,5,2,3,多换,S,4125.2000,4125.0000,4124.8000,4120.0000,4118.2000,4127.6000,4127.8000,4128.8000,4129.2000,4129.8000,3,4,1,2,1,1,1,1,1,1
SF,IF2004,2020-03-03 09:30:36.800,4126.8000,6028,0,133717500.000,0,-,-,-,-,4125.4000,4125.2000,4125.0000,4124.8000,4120.0000,4127.8000,4128.8000,4129.2000,4129.8000,4130.0000,1,3,4,1,2,1,1,1,1,4
SF,IF2004,2020-03-03 09:30:37.300,4126.8000,6028,0,133717500.000,0,-,-,-,-,4125.6000,4125.4000,4125.2000,4125.0000,4124.8000,4127.6000,4127.8000,4128.8000,4129.2000,4129.8000,1,1,3,4,1,1,1,1,1,1
SF,IF2004,2020-03-03 09:30:37.800,4125.6000,6028,0,134955180.000,1,0,1,多换,S,4125.4000,4125.2000,4125.0000,4124.8000,4120.0000,4127.4000,4127.8000,4128.8000,4129.2000,4129.8000,1,2,4,1,2,1,1,1,1,1
SF,IF2004,2020-03-03 09:30:38.300,4125.6000,6028,0,134955180.000,0,-,-,-,-,4125.4000,4125.0000,4124.8000,4120.0000,4118.2000,4127.4000,4127.8000,4128.8000,4129.2000,4129.8000,1,4,1,2,1,1,1,1,1,1
SF,IF2004,2020-03-03 09:30:38.800,4125.6000,6028,0,134955180.000,0,-,-,-,-,4125.4000,4125.0000,4124.8000,4120.0000,4118.2000,4127.4000,4127.8000,4128.8000,4129.2000,4129.8000,1,4,1,2,1,1,1,1,1,1
SF,IF2004,2020-03-03 09:30:39.300,4127.4000,6027,-1,136193400.000,1,0,1,双平,S,4126.2000,4125.4000,4125.0000,4124.8000,4120.0000,4128.8000,4129.2000,4129.8000,4130.0000,4135.0000,2,2,4,1,2,1,1,1,1,15
SF,IF2004,2020-03-03 09:30:39.800,4127.4000,6027,0,136193400.000,0,-,-,-,-,4126.2000,4125.4000,4125.0000,4124.8000,4120.0000,4128.6000,4128.8000,4129.2000,4129.8000,4130.0000,2,2,4,1,2,3,1,1,1,1
SF,IF2004,2020-03-03 09:30:40.300,4128.6000,6026,-1,137431980.000,1,0,1,双平,S,4126.4000,4126.2000,4125.4000,4125.2000,4125.0000,4127.8000,4128.6000,4128.8000,4129.2000,4129.8000,1,2,1,1,4,1,1,1,1,1
SF,IF2004,2020-03-03 09:30:40.800,4128.6000,6026,0,137431980.000,0,-,-,-,-,4127.0000,4126.4000,4126.2000,4125.4000,4125.2000,4127.8000,4128.6000,4128.8000,4129.2000,4129.8000,5,1,2,1,1,1,1,1,1,1
SF,IF2004,2020-03-03 09:30:41.300,4127.0000,6025,-1,138670080.000,1,0,1,双平,S,4127.0000,4126.2000,4125.4000,4125.2000,4125.0000,4128.6000,4129.8000,4130.0000,4135.0000,4138.8000,4,2,1,1,4,1,1,1,15,1
SF,IF2004,2020-03-03 09:30:41.800,4127.0000,6024,-1,139908180.000,1,0,1,双平,S,4127.8000,4127.0000,4126.2000,4125.4000,4125.2000,4128.2000,4128.6000,4128.8000,4129.8000,4130.0000,1,3,2,1,1,1,1,1,1,1
SF,IF2004,2020-03-03 09:30:42.300,4127.8000,6023,-1,142384860.000,2,0,2,多平,S,4127.0000,4125.4000,4125.2000,4125.0000,4124.8000,4127.8000,4128.6000,4128.8000,4129.8000,4130.0000,3,1,1,4,1,4,1,1,1,1
SF,IF2004,2020-03-03 09:30:42.800,4127.0000,6020,-3,146099160.000,3,0,3,双平,S,4125.4000,4125.2000,4125.0000,4124.8000,4124.0000,4127.0000,4127.8000,4128.6000,4128.8000,4129.8000,1,1,4,1,80,1,4,1,1,1
SF,IF2004,2020-03-03 09:30:43.300,4127.0000,6020,0,146099160.000,0,-,-,-,-,4125.6000,4125.4000,4125.2000,4125.0000,4124.8000,4127.8000,4128.6000,4128.8000,4129.8000,4130.0000,1,1,1,4,1,4,1,1,1,1
SF,IF2004,2020-03-03 09:30:43.800,4127.0000,6020,0,146099160.000,0,-,-,-,-,4125.6000,4125.4000,4125.2000,4125.0000,4124.8000,4127.6000,4127.8000,4128.6000,4128.8000,4129.8000,1,1,1,4,1,1,4,1,1,1
SF,IF2004,2020-03-03 09:30:44.300,4127.6000,6020,0,147337440.000,1,0,1,多换,S,4125.4000,4125.2000,4125.0000,4124.8000,4124.0000,4128.6000,4128.8000,4129.8000,4130.0000,4135.0000,1,1,4,1,80,1,1,1,1,15
SF,IF2004,2020-03-03 09:30:44.800,4127.0000,6021,1,148575540.000,1,1,0,双开,S,4125.4000,4125.2000,4125.0000,4124.8000,4124.0000,4128.4000,4128.6000,4128.8000,4129.8000,4130.0000,1,1,4,1,80,2,1,1,1,1
SF,IF2004,2020-03-03 09:30:45.300,4127.0000,6021,0,148575540.000,0,-,-,-,-,4125.2000,4125.0000,4124.8000,4124.0000,4120.0000,4128.2000,4128.4000,4128.6000,4128.8000,4129.8000,1,3,1,80,1,1,2,1,1,1
SF,IF2004,2020-03-03 09:30:45.800,4127.0000,6021,0,148575540.000,0,-,-,-,-,4125.4000,4125.2000,4125.0000,4124.8000,4124.0000,4128.0000,4128.4000,4128.6000,4128.8000,4129.8000,2,1,3,1,80,2,1,1,1,1
SF,IF2004,2020-03-03 09:30:46.300,4128.0000,6022,1,151052340.000,2,1,1,空开,S,4125.4000,4125.2000,4125.0000,4124.8000,4124.0000,4128.6000,4128.8000,4129.8000,4130.0000,4135.0000,2,1,3,1,80,1,1,1,1,15
SF,IF2004,2020-03-03 09:30:46.800,4128.0000,6022,0,151052340.000,0,-,-,-,-,4125.4000,4125.2000,4125.0000,4124.8000,4124.0000,4128.4000,4128.6000,4128.8000,4129.8000,4130.0000,1,1,3,1,80,1,1,1,1,1
SF,IF2004,2020-03-03 09:30:47.300,4128.0000,6022,0,151052340.000,0,-,-,-,-,4125.4000,4125.2000,4125.0000,4124.8000,4124.0000,4127.0000,4128.2000,4128.4000,4128.6000,4128.8000,1,1,3,1,80,2,1,1,1,1
SF,IF2004,2020-03-03 09:30:47.800,4128.0000,6022,0,151052340.000,0,-,-,-,-,4125.4000,4125.2000,4125.0000,4124.0000,4120.0000,4127.0000,4128.2000,4128.4000,4128.6000,4128.8000,1,1,3,80,1,2,1,1,1,1
SF,IF2004,2020-03-03 09:30:48.300,4128.0000,6022,0,152290740.000,1,0,1,多换,S,4125.4000,4125.2000,4125.0000,4124.0000,4120.0000,4127.0000,4128.2000,4128.4000,4128.6000,4128.8000,1,1,3,80,1,1,1,1,1,1
SF,IF2004,2020-03-03 09:30:48.800,4128.0000,6022,0,152290740.000,0,-,-,-,-,4125.2000,4125.0000,4124.0000,4120.0000,4118.2000,4127.0000,4128.2000,4128.4000,4128.6000,4128.8000,1,3,80,1,1,1,1,1,1,1
SF,IF2004,2020-03-03 09:30:49.800,4127.2000,6021,-1,153528900.000,1,0,1,双平,S,4125.4000,4125.2000,4125.0000,4124.0000,4120.0000,4128.2000,4128.4000,4128.6000,4128.8000,4129.8000,1,1,3,80,1,1,1,1,1,1
SF,IF2004,2020-03-03 09:30:50.300,4127.2000,6021,0,153528900.000,0,-,-,-,-,4125.4000,4125.2000,4125.0000,4124.0000,4120.0000,4128.0000,4128.2000,4128.6000,4128.8000,4129.8000,1,1,3,80,1,1,1,1,1,1
SF,IF2004,2020-03-03 09:30:51.800,4127.2000,6021,0,153528900.000,0,-,-,-,-,4125.2000,4125.0000,4124.0000,4120.0000,4118.2000,4127.4000,4128.0000,4128.2000,4128.6000,4128.8000,1,3,80,1,1,1,1,1,1,1
SF,IF2004,2020-03-03 09:30:52.300,4127.2000,6021,0,153528900.000,0,-,-,-,-,4125.4000,4125.2000,4125.0000,4124.0000,4120.0000,4128.0000,4128.2000,4128.6000,4128.8000,4129.8000,1,1,3,80,1,1,1,1,1,1
SF,IF2004,2020-03-03 09:30:52.800,4127.2000,6021,0,153528900.000,0,-,-,-,-,4125.6000,4125.4000,4125.2000,4125.0000,4124.0000,4128.0000,4128.2000,4128.6000,4128.8000,4129.8000,1,1,1,3,80,1,1,1,1,1
SF,IF2004,2020-03-03 09:30:53.300,4127.8000,6021,0,154767240.000,1,0,1,多换,S,4125.6000,4125.2000,4125.0000,4124.0000,4120.0000,4128.0000,4128.2000,4128.6000,4128.8000,4129.8000,1,1,3,80,1,1,1,1,1,1
SF,IF2004,2020-03-03 09:30:53.800,4127.8000,6021,0,154767240.000,0,-,-,-,-,4125.6000,4125.2000,4125.0000,4124.0000,4120.0000,4127.8000,4128.0000,4128.2000,4128.6000,4128.8000,1,1,3,80,1,1,1,1,1,1
SF,IF2004,2020-03-03 09:30:54.300,4127.8000,6021,0,154767240.000,0,-,-,-,-,4125.2000,4125.0000,4124.0000,4120.0000,4118.2000,4127.6000,4127.8000,4128.0000,4128.2000,4128.6000,1,3,80,1,1,1,1,1,1,1
SF,IF2004,2020-03-03 09:30:54.800,4127.8000,6021,0,154767240.000,0,-,-,-,-,4125.4000,4125.2000,4125.0000,4124.0000,4120.0000,4127.4000,4127.8000,4128.2000,4128.6000,4128.8000,1,1,3,80,1,1,1,1,1,1
SF,IF2004,2020-03-03 09:30:55.300,4127.8000,6021,0,154767240.000,0,-,-,-,-,4125.6000,4125.4000,4125.2000,4125.0000,4124.0000,4127.4000,4128.0000,4128.2000,4128.6000,4128.8000,1,1,1,3,80,1,2,1,1,1
SF,IF2004,2020-03-03 09:30:55.800,4127.8000,6021,0,154767240.000,0,-,-,-,-,4125.6000,4125.2000,4125.0000,4124.0000,4120.0000,4128.0000,4128.2000,4128.6000,4128.8000,4129.8000,1,1,3,80,1,2,1,1,1,1
SF,IF2004,2020-03-03 09:30:56.300,4127.8000,6021,0,154767240.000,0,-,-,-,-,4125.6000,4125.2000,4125.0000,4124.0000,4120.0000,4127.8000,4128.0000,4128.2000,4128.6000,4128.8000,1,1,3,80,1,2,2,1,1,1
SF,IF2004,2020-03-03 09:30:56.800,4127.8000,6021,0,154767240.000,0,-,-,-,-,4125.2000,4125.0000,4124.0000,4120.0000,4118.2000,4125.6000,4127.4000,4127.6000,4127.8000,4128.0000,1,3,80,1,1,1,1,1,2,2
SF,IF2004,2020-03-03 09:30:57.300,4125.0000,6020,-1,160954980.000,5,2,3,多平,S,4125.6000,4124.0000,4120.0000,4118.2000,4118.0000,4127.4000,4127.6000,4127.8000,4128.0000,4128.2000,1,80,1,1,3,1,1,2,2,1
SF,IF2004,2020-03-03 09:30:57.800,4125.6000,6020,0,162192660.000,1,0,1,多换,S,4124.0000,4120.0000,4118.2000,4118.0000,4115.0000,4125.6000,4127.2000,4127.4000,4127.6000,4127.8000,80,2,1,3,6,4,1,1,1,1
SF,IF2004,2020-03-03 09:30:58.300,4124.0000,6013,-7,172090260.000,8,0,8,多平,S,4124.0000,4120.0000,4118.2000,4118.0000,4115.0000,4125.6000,4127.2000,4127.4000,4127.6000,4127.8000,72,2,1,3,6,4,2,1,1,1
SF,IF2004,2020-03-03 09:30:58.800,4124.0000,6013,0,172090260.000,0,-,-,-,-,4124.2000,4124.0000,4120.0000,4118.2000,4118.0000,4125.6000,4127.2000,4127.4000,4127.6000,4127.8000,1,72,2,1,3,4,2,1,1,1
SF,IF2004,2020-03-03 09:30:59.300,4124.0000,6013,0,172090260.000,0,-,-,-,-,4124.2000,4124.0000,4120.0000,4118.2000,4118.0000,4125.6000,4127.2000,4127.4000,4127.6000,4127.8000,1,72,2,1,3,4,2,1,1,1
SF,IF2004,2020-03-03 09:30:59.800,4124.0000,6013,0,172090260.000,0,-,-,-,-,4124.2000,4124.0000,4120.0000,4118.2000,4118.0000,4127.2000,4127.4000,4127.6000,4127.8000,4128.0000,1,72,2,1,3,2,1,2,1,2
SF,IF2004,2020-03-03 09:31:00.300,4124.0000,6013,0,172090260.000,0,-,-,-,-,4125.6000,4124.4000,4124.0000,4120.0000,4118.2000,4127.0000,4127.2000,4127.4000,4127.6000,4127.8000,2,1,72,2,1,1,2,1,1,1
SF,IF2004,2020-03-03 09:31:00.800,4125.6000,6011,-2,174565620.000,2,0,2,双平,S,4124.4000,4124.0000,4120.0000,4118.2000,4118.0000,4125.0000,4125.6000,4126.8000,4127.0000,4127.2000,1,72,2,1,3,1,7,1,1,2
SF,IF2004,2020-03-03 09:31:01.300,4125.2000,6010,-1,175803180.000,1,0,1,双平,S,4124.0000,4120.0000,4118.2000,4118.0000,4115.0000,4125.6000,4126.8000,4127.0000,4127.2000,4127.4000,72,2,1,3,6,7,1,1,1,1
SF,IF2004,2020-03-03 09:31:01.800,4125.2000,6010,0,175803180.000,0,-,-,-,-,4124.0000,4120.0000,4118.2000,4118.0000,4115.0000,4125.6000,4126.8000,4127.0000,4127.2000,4127.4000,72,2,1,3,6,7,1,1,1,1
SF,IF2004,2020-03-03 09:31:02.300,4125.2000,6010,0,175803180.000,0,-,-,-,-,4124.0000,4120.0000,4118.2000,4118.0000,4115.0000,4125.6000,4126.8000,4127.0000,4127.2000,4127.4000,72,2,1,3,6,7,1,2,1,1
SF,IF2004,2020-03-03 09:31:02.800,4125.2000,6010,0,175803180.000,0,-,-,-,-,4124.0000,4120.0000,4118.2000,4118.0000,4115.0000,4126.6000,4126.8000,4127.0000,4127.2000,4127.4000,72,2,1,3,6,1,1,2,1,1
SF,IF2004,2020-03-03 09:31:03.300,4124.0000,6009,-1,178277580.000,2,0,2,多平,S,4124.0000,4120.0000,4118.2000,4118.0000,4115.0000,4126.4000,4126.6000,4126.8000,4127.0000,4127.2000,70,2,1,3,6,2,1,1,2,1
SF,IF2004,2020-03-03 09:31:03.800,4124.0000,6009,0,179514780.000,1,0,1,多换,S,4124.0000,4120.0000,4118.2000,4118.0000,4115.0000,4126.4000,4126.6000,4126.8000,4127.0000,4127.2000,69,2,1,3,6,2,1,1,2,1
SF,IF2004,2020-03-03 09:31:04.300,4124.0000,6007,-2,184463580.000,4,1,3,多平,S,4124.0000,4120.0000,4118.2000,4118.0000,4115.0000,4126.0000,4126.2000,4126.4000,4126.8000,4127.0000,65,2,1,3,6,1,2,2,1,2
SF,IF2004,2020-03-03 09:31:04.800,4124.0000,5996,-11,203021580.000,15,2,13,多平,S,4124.0000,4120.0000,4118.2000,4118.0000,4115.0000,4125.6000,4125.8000,4126.0000,4126.2000,4126.4000,50,2,1,3,6,1,1,1,2,1
SF,IF2004,2020-03-03 09:31:05.300,4124.0000,5991,-5,215393580.000,10,2,8,多平,S,4124.0000,4120.0000,4118.2000,4118.0000,4115.0000,4125.6000,4125.8000,4126.0000,4126.2000,4126.4000,40,2,1,3,6,2,1,1,2,1
SF,IF2004,2020-03-03 09:31:05.800,4124.0000,5986,-5,230239980.000,12,3,9,多平,S,4124.0000,4120.0000,4118.2000,4118.0000,4115.0000,4125.4000,4125.6000,4125.8000,4126.2000,4126.4000,28,2,1,3,6,2,3,1,2,1
SF,IF2004,2020-03-03 09:31:06.300,4124.0000,5983,-3,237663180.000,6,1,5,多平,S,4124.0000,4120.0000,4118.2000,4118.0000,4115.0000,4125.4000,4125.6000,4125.8000,4126.2000,4126.4000,22,2,1,3,6,1,2,1,1,1
SF,IF2004,2020-03-03 09:31:06.800,4124.0000,5983,0,237663180.000,0,-,-,-,-,4124.0000,4120.0000,4118.2000,4118.0000,4115.0000,4125.4000,4125.6000,4125.8000,4126.2000,4126.4000,23,2,1,3,6,1,2,1,1,1
SF,IF2004,2020-03-03 09:31:07.800,4124.0000,5983,0,237663180.000,0,-,-,-,-,4124.0000,4120.0000,4118.2000,4118.0000,4115.0000,4125.4000,4125.6000,4125.8000,4126.2000,4126.4000,23,2,1,3,6,1,2,1,1,1
SF,IF2004,2020-03-03 09:31:08.300,4124.0000,5979,-4,247560780.000,8,2,6,多平,S,4124.0000,4120.0000,4118.2000,4118.0000,4115.0000,4125.4000,4125.6000,4125.8000,4126.2000,4126.4000,15,2,1,3,6,1,3,1,1,1
SF,IF2004,2020-03-03 09:31:08.800,4125.2000,5969,-10,264881940.000,14,2,12,多平,S,4124.0000,4120.0000,4118.2000,4118.0000,4115.0000,4125.4000,4125.6000,4125.8000,4126.2000,4126.4000,2,2,1,3,6,1,2,1,1,1
SF,IF2004,2020-03-03 09:31:09.300,4124.0000,5970,1,267356340.000,2,1,1,空开,S,4120.0000,4118.2000,4118.0000,4115.0000,4110.0000,4125.4000,4125.6000,4125.8000,4126.2000,4126.4000,2,1,3,6,4,1,2,1,1,1
SF,IF2004,2020-03-03 09:31:09.800,4124.0000,5970,0,267356340.000,0,-,-,-,-,4121.6000,4121.0000,4120.8000,4120.4000,4120.2000,4125.0000,4125.4000,4125.6000,4125.8000,4126.2000,4,2,1,1,5,2,1,2,1,1
SF,IF2004,2020-03-03 09:31:10.300,4124.0000,5970,0,267356340.000,0,-,-,-,-,4121.8000,4121.6000,4121.0000,4120.8000,4120.4000,4125.0000,4125.4000,4125.6000,4125.8000,4126.2000,2,3,2,1,1,2,1,2,1,1
SF,IF2004,2020-03-03 09:31:10.800,4124.0000,5970,0,267356340.000,0,-,-,-,-,4121.8000,4121.6000,4121.0000,4120.4000,4120.2000,4123.0000,4124.8000,4125.0000,4125.4000,4125.6000,2,1,2,1,1,10,1,2,1,2
SF,IF2004,2020-03-03 09:31:11.300,4124.0000,5970,0,267356340.000,0,-,-,-,-,4121.8000,4121.6000,4121.0000,4120.2000,4120.0000,4123.0000,4124.8000,4125.0000,4125.4000,4125.6000,1,1,2,1,3,10,1,4,1,2
SF,IF2004,2020-03-03 09:31:11.800,4124.0000,5970,0,267356340.000,0,-,-,-,-,4121.6000,4121.0000,4120.2000,4120.0000,4118.2000,4123.0000,4124.8000,4125.0000,4125.4000,4125.6000,1,2,1,3,1,10,1,4,1,2
SF,IF2004,2020-03-03 09:31:12.300,4124.0000,5970,0,267356340.000,0,-,-,-,-,4121.0000,4120.2000,4120.0000,4118.2000,4118.0000,4123.0000,4124.8000,4125.0000,4125.4000,4125.8000,2,1,3,1,3,10,1,3,1,1
SF,IF2004,2020-03-03 09:31:12.800,4124.0000,5970,0,267356340.000,0,-,-,-,-,4121.0000,4120.2000,4120.0000,4118.2000,4115.2000,4123.0000,4124.8000,4125.0000,4125.4000,4125.8000,2,1,3,1,3,10,1,3,1,1
SF,IF2004,2020-03-03 09:31:13.300,4124.0000,5970,0,267356340.000,0,-,-,-,-,4121.0000,4120.2000,4120.0000,4118.2000,4115.2000,4123.0000,4124.8000,4125.0000,4125.4000,4125.8000,2,1,3,1,3,10,1,3,1,1
SF,IF2004,2020-03-03 09:31:14.800,4124.0000,5970,0,267356340.000,0,-,-,-,-,4121.2000,4121.0000,4120.2000,4120.0000,4118.2000,4123.0000,4124.8000,4125.0000,4125.4000,4125.8000,4,2,1,3,1,10,1,3,1,1
SF,IF2004,2020-03-03 09:31:15.300,4121.6000,5970,0,269829300.000,2,1,1,多换,S,4121.6000,4121.4000,4121.2000,4121.0000,4120.0000,4123.0000,4124.8000,4125.0000,4125.8000,4126.4000,2,1,4,2,3,10,1,3,1,1
SF,IF2004,2020-03-03 09:31:15.800,4121.6000,5969,-1,272302260.000,2,0,2,多平,S,4121.4000,4121.0000,4120.0000,4118.2000,4115.2000,4123.0000,4124.8000,4125.0000,4125.8000,4126.4000,1,2,3,1,3,10,1,3,1,1
SF,IF2004,2020-03-03 09:31:16.300,4121.6000,5969,0,272302260.000,0,-,-,-,-,4121.0000,4120.0000,4118.2000,4115.2000,4115.0000,4122.8000,4123.0000,4125.0000,4125.8000,4126.4000,2,3,1,3,6,1,10,3,1,1
SF,IF2004,2020-03-03 09:31:17.800,4121.6000,5969,0,272302260.000,0,-,-,-,-,4121.0000,4120.0000,4118.2000,4115.2000,4115.0000,4122.8000,4123.0000,4125.0000,4125.8000,4126.4000,2,3,1,3,6,1,10,2,1,1
SF,IF2004,2020-03-03 09:31:18.800,4121.6000,5969,0,272302260.000,0,-,-,-,-,4121.0000,4120.0000,4118.2000,4115.2000,4115.0000,4122.8000,4123.0000,4125.0000,4125.4000,4125.8000,2,3,1,3,6,1,10,2,1,1
SF,IF2004,2020-03-03 09:31:19.300,4121.6000,5969,0,272302260.000,0,-,-,-,-,4121.0000,4120.0000,4118.2000,4115.2000,4115.0000,4122.8000,4123.0000,4125.0000,4125.4000,4125.8000,2,3,1,3,6,1,10,2,1,1
SF,IF2004,2020-03-03 09:31:19.800,4121.6000,5969,0,272302260.000,0,-,-,-,-,4121.0000,4120.0000,4118.2000,4115.2000,4115.0000,4122.8000,4123.0000,4125.0000,4125.4000,4125.8000,3,3,1,3,6,1,10,2,1,1
SF,IF2004,2020-03-03 09:31:20.300,4121.6000,5969,0,272302260.000,0,-,-,-,-,4121.0000,4120.0000,4118.2000,4115.2000,4115.0000,4122.6000,4122.8000,4123.0000,4125.0000,4125.4000,3,3,1,3,6,1,1,10,2,1
SF,IF2004,2020-03-03 09:31:20.800,4121.0000,5969,0,273538560.000,1,0,1,多换,S,4120.0000,4118.2000,4115.2000,4115.0000,4110.0000,4122.6000,4122.8000,4123.0000,4125.0000,4125.4000,2,1,3,6,4,1,1,10,2,1
SF,IF2004,2020-03-03 09:31:21.300,4121.0000,5969,0,273538560.000,0,-,-,-,-,4120.0000,4118.2000,4115.2000,4115.0000,4110.0000,4122.4000,4122.6000,4123.0000,4125.0000,4125.4000,1,1,3,6,4,2,1,10,2,1
SF,IF2004,2020-03-03 09:31:21.800,4121.0000,5969,0,273538560.000,0,-,-,-,-,4120.0000,4118.2000,4115.2000,4115.0000,4110.0000,4122.4000,4122.6000,4123.0000,4125.0000,4125.4000,1,1,3,6,4,2,1,10,2,1
SF,IF2004,2020-03-03 09:31:22.300,4121.0000,5969,0,273538560.000,0,-,-,-,-,4120.0000,4118.2000,4115.2000,4115.0000,4110.0000,4122.4000,4122.6000,4123.0000,4125.0000,4125.4000,1,1,3,6,4,2,1,10,2,1
SF,IF2004,2020-03-03 09:31:22.800,4121.0000,5969,0,273538560.000,0,-,-,-,-,4121.0000,4120.0000,4118.2000,4115.2000,4115.0000,4122.4000,4122.6000,4123.0000,4125.0000,4125.4000,9,1,1,3,6,2,1,10,2,1
SF,IF2004,2020-03-03 09:31:23.300,4121.0000,5969,0,274774860.000,1,0,1,多换,S,4121.0000,4120.0000,4118.2000,4115.2000,4115.0000,4122.4000,4122.6000,4123.0000,4125.0000,4125.4000,8,1,1,3,6,2,1,10,2,1
SF,IF2004,2020-03-03 09:31:23.800,4121.0000,5968,-1,278483760.000,3,1,2,多平,S,4121.0000,4120.0000,4118.2000,4115.2000,4115.0000,4122.4000,4122.6000,4123.0000,4125.0000,4125.4000,5,1,1,3,6,2,1,10,2,1
SF,IF2004,2020-03-03 09:31:24.300,4121.0000,5966,-2,284665260.000,5,1,4,多平,S,4120.0000,4118.2000,4115.2000,4115.0000,4110.0000,4121.0000,4121.6000,4122.2000,4122.4000,4122.6000,1,1,3,6,4,3,2,1,2,1
SF,IF2004,2020-03-03 09:31:24.800,4121.0000,5966,0,284665260.000,0,-,-,-,-,4120.0000,4118.2000,4115.2000,4115.0000,4110.0000,4121.0000,4121.6000,4122.2000,4122.4000,4122.6000,1,1,3,1,9,3,2,1,2,1
SF,IF2004,2020-03-03 09:31:25.300,4121.0000,5966,0,284665260.000,0,-,-,-,-,4120.0000,4118.2000,4115.2000,4115.0000,4110.0000,4121.0000,4121.6000,4122.2000,4122.4000,4122.6000,1,1,3,1,9,3,2,1,2,1
SF,IF2004,2020-03-03 09:31:25.800,4121.0000,5966,0,284665260.000,0,-,-,-,-,4120.0000,4118.2000,4115.2000,4115.0000,4110.0000,4121.0000,4121.6000,4122.2000,4122.4000,4122.6000,1,1,3,1,9,3,2,1,2,1
SF,IF2004,2020-03-03 09:31:26.300,4121.0000,5966,0,285901560.000,1,0,1,多换,S,4120.0000,4118.2000,4115.2000,4115.0000,4110.0000,4121.6000,4122.2000,4122.4000,4122.6000,4123.0000,1,1,3,1,9,2,1,2,1,10
SF,IF2004,2020-03-03 09:31:26.800,4121.0000,5966,0,285901560.000,0,-,-,-,-,4120.0000,4118.2000,4115.2000,4115.0000,4110.0000,4121.4000,4121.6000,4122.2000,4122.4000,4122.6000,1,1,3,1,9,1,2,1,2,1
SF,IF2004,2020-03-03 09:31:27.300,4120.0000,5966,0,287137560.000,1,0,1,多换,S,4118.2000,4115.2000,4115.0000,4110.0000,4081.4000,4120.0000,4121.4000,4122.2000,4122.4000,4122.6000,1,3,1,9,1,9,1,1,2,1
SF,IF2004,2020-03-03 09:31:27.800,4120.0000,5966,0,287137560.000,0,-,-,-,-,4118.4000,4118.2000,4115.2000,4115.0000,4110.0000,4120.0000,4121.4000,4122.0000,4122.2000,4122.4000,8,1,3,1,9,9,1,1,1,2
SF,IF2004,2020-03-03 09:31:28.300,4120.0000,5966,0,287137560.000,0,-,-,-,-,4118.4000,4118.2000,4115.2000,4115.0000,4110.0000,4120.0000,4121.4000,4122.0000,4122.2000,4122.4000,8,1,3,1,9,9,1,1,1,2
SF,IF2004,2020-03-03 09:31:28.800,4120.0000,5966,0,287137560.000,0,-,-,-,-,4118.4000,4118.2000,4115.2000,4115.0000,4110.0000,4120.0000,4121.4000,4122.0000,4122.2000,4122.4000,4,1,3,1,9,9,1,1,1,2
SF,IF2004,2020-03-03 09:31:29.300,4120.0000,5966,0,287137560.000,0,-,-,-,-,4118.6000,4118.4000,4118.2000,4115.2000,4115.0000,4120.0000,4121.4000,4122.0000,4122.2000,4122.4000,5,4,1,3,1,9,1,1,1,2
SF,IF2004,2020-03-03 09:31:29.800,4120.0000,5966,0,292081560.000,4,2,2,多换,S,4118.6000,4118.4000,4118.2000,4115.0000,4112.2000,4120.0000,4121.4000,4122.0000,4122.2000,4122.4000,5,4,1,1,3,5,1,1,1,2
SF,IF2004,2020-03-03 09:31:30.300,4120.0000,5966,0,298261560.000,5,2,3,多换,S,4119.2000,4118.8000,4118.6000,4118.4000,4118.2000,4122.0000,4122.4000,4123.0000,4125.0000,4125.4000,1,2,5,3,1,1,1,10,2,1
SF,IF2004,2020-03-03 09:31:30.800,4120.0000,5966,0,298261560.000,0,-,-,-,-,4120.0000,4119.4000,4119.2000,4118.8000,4118.6000,4121.8000,4122.0000,4122.4000,4123.0000,4125.0000,1,1,1,1,5,1,1,1,10,2
SF,IF2004,2020-03-03 09:31:31.300,4120.0000,5966,0,298261560.000,0,-,-,-,-,4120.2000,4120.0000,4119.4000,4119.2000,4118.8000,4121.8000,4122.0000,4122.4000,4123.0000,4125.0000,1,1,1,1,1,1,1,1,10,2
SF,IF2004,2020-03-03 09:31:31.800,4120.0000,5966,0,298261560.000,0,-,-,-,-,4120.2000,4120.0000,4119.4000,4119.2000,4118.8000,4122.0000,4122.4000,4123.0000,4125.0000,4125.4000,1,1,1,1,1,1,1,10,2,1
SF,IF2004,2020-03-03 09:31:32.300,4120.0000,5966,0,298261560.000,0,-,-,-,-,4120.2000,4120.0000,4119.4000,4118.8000,4118.4000,4121.8000,4122.0000,4122.4000,4123.0000,4125.0000,1,1,1,1,3,1,1,1,10,2
SF,IF2004,2020-03-03 09:31:32.800,4120.0000,5966,0,298261560.000,0,-,-,-,-,4120.0000,4119.4000,4118.8000,4118.4000,4118.2000,4121.8000,4122.0000,4122.4000,4123.0000,4125.0000,1,1,1,3,1,1,1,1,10,2
SF,IF2004,2020-03-03 09:31:33.300,4120.0000,5966,0,298261560.000,0,-,-,-,-,4120.2000,4120.0000,4119.4000,4118.8000,4118.4000,4121.8000,4122.0000,4122.4000,4123.0000,4125.0000,1,1,1,1,3,1,1,1,10,2
SF,IF2004,2020-03-03 09:31:33.800,4120.0000,5966,0,299497560.000,1,0,1,多换,S,4120.0000,4119.4000,4118.8000,4118.4000,4118.2000,4122.0000,4122.4000,4123.0000,4125.0000,4125.4000,1,1,1,3,1,1,1,10,2,1
SF,IF2004,2020-03-03 09:31:34.300,4120.0000,5966,0,299497560.000,0,-,-,-,-,4120.0000,4119.4000,4118.8000,4118.4000,4118.2000,4121.8000,4122.0000,4122.4000,4123.0000,4125.0000,2,1,1,3,1,1,1,1,10,2
SF,IF2004,2020-03-03 09:31:35.300,4120.0000,5966,0,299497560.000,0,-,-,-,-,4120.0000,4119.4000,4118.8000,4118.4000,4115.0000,4121.8000,4122.0000,4122.4000,4123.0000,4125.0000,1,1,1,3,1,1,1,1,10,2
SF,IF2004,2020-03-03 09:31:35.800,4120.0000,5966,0,299497560.000,0,-,-,-,-,4120.0000,4119.4000,4118.8000,4118.4000,4115.0000,4121.8000,4122.0000,4122.4000,4123.0000,4125.0000,2,1,1,3,1,1,1,1,10,2
SF,IF2004,2020-03-03 09:31:36.300,4120.0000,5966,0,299497560.000,0,-,-,-,-,4121.0000,4120.2000,4120.0000,4119.4000,4118.8000,4122.0000,4122.4000,4123.0000,4125.0000,4125.4000,2,2,2,1,1,1,1,10,2,1
SF,IF2004,2020-03-03 09:31:36.800,4120.0000,5966,0,299497560.000,0,-,-,-,-,4121.8000,4121.0000,4120.2000,4120.0000,4119.4000,4122.0000,4122.4000,4123.0000,4125.0000,4125.4000,1,2,3,2,1,1,1,10,3,1
SF,IF2004,2020-03-03 09:31:37.300,4121.8000,5965,-1,300734100.000,1,0,1,双平,S,4121.0000,4120.2000,4120.0000,4119.4000,4118.8000,4122.0000,4122.4000,4123.0000,4125.0000,4125.4000,2,2,2,1,1,1,1,10,3,1
SF,IF2004,2020-03-03 09:31:37.800,4122.0000,5965,0,301970700.000,1,0,1,多换,S,4120.2000,4120.0000,4119.4000,4118.8000,4118.4000,4122.4000,4123.0000,4125.0000,4125.4000,4125.8000,3,2,1,1,1,1,10,3,1,1
SF,IF2004,2020-03-03 09:31:38.300,4122.0000,5965,0,301970700.000,0,-,-,-,-,4121.0000,4120.2000,4120.0000,4119.4000,4118.8000,4123.0000,4125.0000,4125.8000,4126.4000,4126.8000,2,2,12,1,1,10,3,1,1,1
SF,IF2004,2020-03-03 09:31:38.800,4122.0000,5965,0,301970700.000,0,-,-,-,-,4121.2000,4121.0000,4120.2000,4120.0000,4119.4000,4123.0000,4125.0000,4125.8000,4126.4000,4126.8000,2,2,2,12,1,10,3,1,1,1
SF,IF2004,2020-03-03 09:31:39.300,4122.0000,5965,0,301970700.000,0,-,-,-,-,4121.2000,4121.0000,4120.2000,4120.0000,4119.4000,4123.0000,4125.0000,4125.8000,4126.4000,4126.8000,2,2,2,13,1,10,3,1,1,1
SF,IF2004,2020-03-03 09:31:40.300,4122.0000,5965,0,301970700.000,0,-,-,-,-,4121.2000,4120.2000,4120.0000,4119.4000,4118.8000,4123.0000,4125.0000,4125.8000,4126.4000,4126.8000,2,2,13,1,1,10,3,1,1,1
SF,IF2004,2020-03-03 09:31:40.800,4122.0000,5965,0,301970700.000,0,-,-,-,-,4121.2000,4120.2000,4120.0000,4119.4000,4118.8000,4122.8000,4123.0000,4125.0000,4125.8000,4126.4000,2,2,13,1,1,2,10,3,1,1
SF,IF2004,2020-03-03 09:31:41.300,4122.0000,5965,0,301970700.000,0,-,-,-,-,4120.2000,4120.0000,4119.4000,4118.8000,4118.4000,4122.8000,4123.0000,4125.0000,4125.8000,4126.4000,2,13,1,1,1,2,10,3,1,1
SF,IF2004,2020-03-03 09:31:41.800,4122.0000,5965,0,301970700.000,0,-,-,-,-,4120.4000,4120.2000,4120.0000,4119.4000,4118.4000,4122.6000,4122.8000,4123.0000,4125.0000,4125.8000,3,3,13,1,1,1,2,10,3,1
SF,IF2004,2020-03-03 09:31:42.300,4122.0000,5965,0,301970700.000,0,-,-,-,-,4120.4000,4120.2000,4120.0000,4119.4000,4118.4000,4122.4000,4122.6000,4122.8000,4123.0000,4125.0000,3,3,13,1,1,1,1,2,10,3
SF,IF2004,2020-03-03 09:31:42.800,4122.0000,5965,0,301970700.000,0,-,-,-,-,4120.4000,4120.2000,4120.0000,4119.4000,4118.4000,4122.4000,4122.6000,4122.8000,4123.0000,4125.0000,1,3,13,1,1,1,1,2,10,3
SF,IF2004,2020-03-03 09:31:43.300,4121.0000,5965,0,303207000.000,1,0,1,多换,S,4121.0000,4120.4000,4120.2000,4120.0000,4119.4000,4122.0000,4122.2000,4122.4000,4122.8000,4123.0000,9,1,3,13,1,1,1,1,2,10
SF,IF2004,2020-03-03 09:31:43.800,4122.0000,5964,-1,304443600.000,1,0,1,双平,S,4121.0000,4120.4000,4120.2000,4120.0000,4119.4000,4122.2000,4122.4000,4122.8000,4123.0000,4125.0000,9,1,3,13,1,1,1,1,10,3
SF,IF2004,2020-03-03 09:31:44.300,4122.0000,5964,0,304443600.000,0,-,-,-,-,4121.0000,4120.2000,4120.0000,4119.4000,4118.4000,4122.0000,4122.4000,4122.8000,4123.0000,4125.0000,8,3,12,1,1,1,1,1,10,3
SF,IF2004,2020-03-03 09:31:45.300,4122.0000,5964,0,304443600.000,0,-,-,-,-,4121.0000,4120.2000,4120.0000,4119.4000,4118.4000,4121.6000,4122.0000,4122.4000,4122.8000,4123.0000,8,3,12,1,1,1,1,1,1,10
SF,IF2004,2020-03-03 09:31:48.300,4121.0000,5964,0,306916200.000,2,1,1,多换,S,4121.0000,4120.2000,4120.0000,4119.4000,4118.4000,4121.2000,4121.6000,4122.0000,4122.4000,4122.8000,6,3,12,1,1,1,1,1,1,1
SF,IF2004,2020-03-03 09:31:48.800,4121.0000,5961,-3,314334000.000,6,1,5,多平,S,4120.2000,4120.0000,4119.4000,4118.4000,4115.0000,4120.8000,4121.0000,4121.2000,4122.0000,4122.4000,3,12,1,1,4,1,1,1,1,1
SF,IF2004,2020-03-03 09:31:49.800,4121.0000,5961,0,314334000.000,0,-,-,-,-,4120.2000,4120.0000,4119.4000,4118.4000,4115.0000,4120.8000,4121.0000,4122.0000,4122.4000,4122.8000,3,12,1,1,4,1,1,1,1,1
SF,IF2004,2020-03-03 09:31:50.800,4121.0000,5961,0,314334000.000,0,-,-,-,-,4120.2000,4120.0000,4119.4000,4118.4000,4115.0000,4120.8000,4122.0000,4122.4000,4122.8000,4123.0000,3,12,1,1,4,1,1,1,1,10
SF,IF2004,2020-03-03 09:31:52.800,4121.0000,5961,0,314334000.000,0,-,-,-,-,4120.2000,4120.0000,4119.4000,4118.4000,4115.0000,4122.0000,4122.4000,4122.8000,4123.0000,4125.0000,3,12,1,1,4,1,1,1,10,3
SF,IF2004,2020-03-03 09:31:54.300,4121.0000,5961,0,314334000.000,0,-,-,-,-,4121.0000,4120.2000,4120.0000,4119.4000,4118.4000,4122.0000,4122.4000,4122.8000,4123.0000,4125.0000,1,3,12,1,1,1,1,1,10,3
SF,IF2004,2020-03-03 09:31:54.800,4121.0000,5961,0,315570300.000,1,0,1,多换,S,4120.2000,4120.0000,4119.4000,4118.4000,4115.0000,4121.0000,4121.8000,4122.0000,4122.4000,4122.8000,3,12,1,1,4,1,1,1,1,1
SF,IF2004,2020-03-03 09:31:55.300,4121.0000,5960,-1,316806600.000,1,0,1,双平,S,4120.2000,4120.0000,4119.4000,4118.4000,4115.0000,4122.0000,4122.4000,4122.8000,4123.0000,4125.0000,3,12,1,1,4,1,1,1,10,3
SF,IF2004,2020-03-03 09:31:55.800,4121.0000,5960,0,316806600.000,0,-,-,-,-,4121.0000,4120.2000,4120.0000,4119.4000,4118.4000,4122.0000,4122.4000,4122.8000,4123.0000,4125.0000,5,3,12,1,1,1,1,1,10,3
SF,IF2004,2020-03-03 09:31:56.300,4121.0000,5960,0,316806600.000,0,-,-,-,-,4121.0000,4120.2000,4120.0000,4119.4000,4118.4000,4121.8000,4122.0000,4122.4000,4122.8000,4123.0000,5,3,12,1,1,1,1,1,1,10
SF,IF2004,2020-03-03 09:31:57.800,4121.8000,5959,-1,318043140.000,1,0,1,双平,S,4121.0000,4120.2000,4120.0000,4119.4000,4118.4000,4122.0000,4122.4000,4122.8000,4123.0000,4125.0000,5,3,12,1,1,1,1,1,10,3
SF,IF2004,2020-03-03 09:31:58.300,4121.8000,5959,0,318043140.000,0,-,-,-,-,4121.2000,4121.0000,4120.2000,4120.0000,4119.4000,4122.4000,4122.8000,4123.0000,4125.0000,4125.8000,1,6,3,12,1,1,1,10,3,1
SF,IF2004,2020-03-03 09:31:58.800,4122.8000,5957,-2,320516700.000,2,0,2,双平,S,4122.0000,4121.2000,4121.0000,4120.2000,4120.0000,4123.0000,4125.0000,4125.8000,4126.4000,4126.8000,1,1,6,3,12,10,3,1,1,1
SF,IF2004,2020-03-03 09:31:59.300,4123.0000,5957,0,324227100.000,3,1,2,多换,S,4121.2000,4121.0000,4120.2000,4120.0000,4119.4000,4123.0000,4125.0000,4125.8000,4126.4000,4126.8000,1,6,3,12,1,8,3,1,1,1
SF,IF2004,2020-03-03 09:31:59.800,4123.0000,5957,0,325464000.000,1,0,1,多换,S,4121.2000,4121.0000,4120.2000,4120.0000,4119.4000,4123.0000,4125.0000,4125.8000,4126.4000,4126.8000,1,6,3,12,1,7,3,1,1,1
SF,IF2004,2020-03-03 09:32:00.300,4123.0000,5957,0,334122300.000,7,3,4,多换,S,4123.2000,4121.6000,4121.2000,4121.0000,4120.2000,4125.0000,4125.8000,4126.4000,4126.8000,4127.0000,1,1,1,6,3,3,1,1,1,1
SF,IF2004,2020-03-03 09:32:00.800,4123.0000,5957,0,334122300.000,0,-,-,-,-,4121.0000,4120.2000,4120.0000,4119.4000,4118.4000,4124.6000,4124.8000,4125.0000,4125.8000,4126.4000,6,3,12,1,1,1,4,3,1,1
SF,IF2004,2020-03-03 09:32:01.300,4123.0000,5957,0,334122300.000,0,-,-,-,-,4121.4000,4121.2000,4121.0000,4120.2000,4120.0000,4124.4000,4124.8000,4125.0000,4125.8000,4126.4000,2,3,6,3,12,2,3,3,1,1
SF,IF2004,2020-03-03 09:32:01.800,4123.0000,5957,0,334122300.000,0,-,-,-,-,4122.0000,4121.6000,4121.2000,4121.0000,4120.2000,4124.2000,4124.4000,4124.8000,4125.0000,4125.8000,1,1,1,6,3,1,2,2,3,1
SF,IF2004,2020-03-03 09:32:02.300,4123.0000,5957,0,334122300.000,0,-,-,-,-,4121.6000,4121.2000,4121.0000,4120.2000,4120.0000,4123.8000,4124.2000,4124.4000,4124.8000,4125.0000,1,1,6,3,12,1,1,2,2,3
SF,IF2004,2020-03-03 09:32:02.800,4123.0000,5957,0,334122300.000,0,-,-,-,-,4122.0000,4121.8000,4121.0000,4120.2000,4120.0000,4123.8000,4124.4000,4124.8000,4125.0000,4125.8000,1,1,6,3,12,1,2,2,3,1
SF,IF2004,2020-03-03 09:32:03.300,4123.0000,5957,0,334122300.000,0,-,-,-,-,4122.4000,4122.2000,4121.0000,4120.2000,4120.0000,4124.4000,4124.8000,4125.0000,4125.8000,4126.0000,1,1,6,3,12,2,2,3,1,1
SF,IF2004,2020-03-03 09:32:03.800,4123.0000,5957,0,334122300.000,0,-,-,-,-,4122.6000,4121.0000,4120.2000,4120.0000,4118.4000,4124.4000,4124.8000,4125.0000,4125.8000,4126.0000,2,6,3,12,1,1,2,3,1,1
SF,IF2004,2020-03-03 09:32:04.300,4123.0000,5957,0,334122300.000,0,-,-,-,-,4123.8000,4123.0000,4122.6000,4121.0000,4120.2000,4125.0000,4126.0000,4126.4000,4126.8000,4127.0000,1,1,1,6,3,3,1,1,1,1
SF,IF2004,2020-03-03 09:32:04.800,4123.0000,5957,0,334122300.000,0,-,-,-,-,4123.8000,4121.0000,4120.2000,4120.0000,4118.4000,4125.0000,4126.0000,4126.4000,4126.8000,4127.0000,1,6,3,12,1,3,1,1,1,1
SF,IF2004,2020-03-03 09:32:05.300,4123.0000,5957,0,334122300.000,0,-,-,-,-,4123.8000,4121.0000,4120.2000,4120.0000,4118.4000,4125.0000,4126.0000,4126.4000,4126.8000,4127.0000,1,8,3,12,1,3,1,1,1,1
SF,IF2004,2020-03-03 09:32:05.800,4125.0000,5957,0,337834800.000,3,1,2,多换,S,4124.0000,4123.8000,4121.0000,4120.2000,4120.0000,4126.0000,4126.4000,4126.8000,4127.0000,4127.2000,1,1,8,3,12,1,1,1,1,1
SF,IF2004,2020-03-03 09:32:06.300,4125.0000,5957,0,337834800.000,0,-,-,-,-,4123.8000,4121.0000,4120.2000,4120.0000,4118.4000,4125.8000,4126.0000,4126.2000,4126.4000,4126.8000,1,7,3,12,1,3,1,1,1,1
SF,IF2004,2020-03-03 09:32:06.800,4125.0000,5957,0,337834800.000,0,-,-,-,-,4124.0000,4123.8000,4123.6000,4121.0000,4120.2000,4125.8000,4126.0000,4127.0000,4127.2000,4127.8000,2,1,1,7,3,1,1,1,1,1
SF,IF2004,2020-03-03 09:32:07.300,4125.0000,5957,0,337834800.000,0,-,-,-,-,4124.6000,4124.4000,4124.0000,4123.8000,4123.6000,4125.4000,4126.0000,4127.0000,4127.2000,4127.8000,1,1,1,1,1,1,1,1,1,1
SF,IF2004,2020-03-03 09:32:07.800,4125.4000,5956,-1,339072420.000,1,0,1,双平,S,4124.8000,4124.6000,4123.8000,4123.6000,4121.0000,4126.0000,4127.0000,4127.2000,4127.8000,4128.0000,1,1,1,1,7,1,1,1,1,2
SF,IF2004,2020-03-03 09:32:08.300,4125.4000,5956,0,339072420.000,0,-,-,-,-,4125.0000,4124.8000,4124.6000,4123.8000,4123.6000,4126.0000,4127.0000,4127.8000,4128.0000,4128.2000,1,1,1,1,1,1,1,1,2,2
SF,IF2004,2020-03-03 09:32:08.800,4125.2000,5954,-2,341547540.000,2,0,2,双平,S,4125.2000,4124.8000,4124.6000,4123.8000,4123.6000,4126.0000,4127.0000,4127.8000,4128.0000,4128.2000,1,1,1,1,1,1,1,1,2,2
SF,IF2004,2020-03-03 09:32:09.300,4126.0000,5955,1,342785340.000,1,1,0,双开,S,4124.8000,4124.6000,4123.8000,4123.6000,4121.0000,4127.8000,4128.0000,4128.2000,4130.2000,4132.2000,1,1,1,1,7,1,2,2,2,2
SF,IF2004,2020-03-03 09:32:09.800,4126.0000,5955,0,342785340.000,0,-,-,-,-,4125.0000,4124.6000,4123.8000,4123.6000,4121.0000,4127.2000,4127.6000,4127.8000,4128.0000,4128.2000,1,1,1,1,7,1,2,1,4,2
SF,IF2004,2020-03-03 09:32:10.300,4126.0000,5955,0,342785340.000,0,-,-,-,-,4124.6000,4123.8000,4123.6000,4121.0000,4120.2000,4125.0000,4126.2000,4126.8000,4127.0000,4127.2000,1,1,1,7,4,1,1,1,3,1
SF,IF2004,2020-03-03 09:32:10.800,4125.0000,5955,0,344022840.000,1,0,1,多换,S,4125.0000,4124.6000,4123.8000,4123.6000,4121.0000,4127.0000,4127.2000,4127.6000,4127.8000,4128.0000,3,1,1,1,7,2,1,1,1,4
SF,IF2004,2020-03-03 09:32:11.300,4125.0000,5955,0,344022840.000,0,-,-,-,-,4125.2000,4125.0000,4124.6000,4123.8000,4123.6000,4127.0000,4127.6000,4128.0000,4128.2000,4130.2000,1,2,1,1,1,2,1,3,2,2
SF,IF2004,2020-03-03 09:32:11.800,4125.0000,5955,0,344022840.000,0,-,-,-,-,4124.6000,4123.8000,4123.6000,4121.0000,4120.2000,4125.2000,4126.2000,4126.6000,4126.8000,4127.0000,1,1,1,7,4,2,2,1,1,2
SF,IF2004,2020-03-03 09:32:12.300,4125.2000,5953,-2,347735340.000,3,0,3,多平,S,4123.8000,4123.6000,4121.0000,4120.2000,4120.0000,4127.0000,4127.2000,4127.6000,4128.0000,4128.2000,1,1,7,4,12,2,1,1,3,2
SF,IF2004,2020-03-03 09:32:12.800,4125.2000,5953,0,347735340.000,0,-,-,-,-,4124.0000,4123.8000,4123.6000,4122.4000,4121.0000,4127.0000,4127.2000,4127.6000,4128.0000,4128.2000,1,1,1,1,7,2,1,1,3,2
SF,IF2004,2020-03-03 09:32:13.300,4125.2000,5953,0,347735340.000,0,-,-,-,-,4125.0000,4124.6000,4124.2000,4124.0000,4123.8000,4127.0000,4127.6000,4128.0000,4128.2000,4130.2000,2,1,3,1,1,1,1,3,2,2
SF,IF2004,2020-03-03 09:32:13.800,4125.2000,5953,0,347735340.000,0,-,-,-,-,4125.2000,4125.0000,4124.2000,4123.8000,4123.6000,4127.0000,4127.6000,4128.0000,4128.2000,4130.2000,2,2,3,1,1,1,1,3,2,2
SF,IF2004,2020-03-03 09:32:14.300,4125.2000,5953,0,347735340.000,0,-,-,-,-,4125.6000,4125.2000,4125.0000,4124.2000,4123.8000,4127.6000,4128.0000,4128.2000,4130.2000,4132.2000,1,1,2,3,1,1,2,2,2,2
SF,IF2004,2020-03-03 09:32:14.800,4125.2000,5953,0,347735340.000,0,-,-,-,-,4125.8000,4125.2000,4125.0000,4124.2000,4123.8000,4127.6000,4128.0000,4128.2000,4130.2000,4132.2000,1,1,2,3,1,1,2,2,2,2
SF,IF2004,2020-03-03 09:32:15.300,4125.2000,5953,0,347735340.000,0,-,-,-,-,4127.2000,4125.8000,4125.2000,4125.0000,4124.2000,4127.6000,4128.0000,4128.2000,4130.2000,4132.2000,1,1,1,3,3,1,2,2,2,2
SF,IF2004,2020-03-03 09:32:15.800,4127.2000,5952,-1,348973500.000,1,0,1,双平,S,4125.0000,4124.2000,4123.8000,4123.6000,4121.0000,4127.2000,4127.6000,4128.0000,4128.2000,4130.2000,3,3,1,2,7,2,1,2,2,2
SF,IF2004,2020-03-03 09:32:16.300,4127.2000,5952,0,348973500.000,0,-,-,-,-,4125.4000,4125.2000,4125.0000,4124.2000,4123.8000,4127.2000,4127.6000,4128.0000,4128.2000,4130.2000,1,1,3,3,1,2,1,2,2,2
SF,IF2004,2020-03-03 09:32:16.800,4127.2000,5951,-1,351449820.000,2,0,2,多平,S,4125.8000,4125.6000,4125.0000,4124.2000,4123.8000,4127.6000,4128.0000,4128.2000,4130.2000,4132.2000,1,1,3,3,1,1,2,2,2,2
SF,IF2004,2020-03-03 09:32:17.300,4127.6000,5950,-1,352688100.000,1,0,1,双平,S,4126.2000,4126.0000,4125.0000,4124.2000,4123.8000,4128.0000,4128.2000,4130.2000,4132.2000,4135.0000,2,1,3,3,1,2,2,2,2,15
SF,IF2004,2020-03-03 09:32:17.800,4127.6000,5950,0,352688100.000,0,-,-,-,-,4126.4000,4126.2000,4126.0000,4125.0000,4124.2000,4128.0000,4128.2000,4130.2000,4132.2000,4135.0000,1,2,1,2,3,2,2,2,2,15
SF,IF2004,2020-03-03 09:32:18.300,4126.6000,5949,-1,353926080.000,1,0,1,双平,S,4127.6000,4126.6000,4126.4000,4126.2000,4126.0000,4128.0000,4128.2000,4130.2000,4132.2000,4135.0000,1,1,1,1,1,2,2,2,2,15
SF,IF2004,2020-03-03 09:32:18.800,4128.0000,5948,-1,357641100.000,3,1,2,多平,S,4126.4000,4126.2000,4126.0000,4125.0000,4124.2000,4128.2000,4130.2000,4132.2000,4135.0000,4135.2000,1,1,1,2,3,2,2,2,15,1
SF,IF2004,2020-03-03 09:32:19.300,4128.0000,5948,0,357641100.000,0,-,-,-,-,4128.0000,4126.8000,4126.4000,4126.2000,4126.0000,4128.2000,4130.2000,4132.2000,4135.0000,4135.2000,1,1,1,1,1,2,2,2,15,1
SF,IF2004,2020-03-03 09:32:19.800,4128.0000,5948,0,358879500.000,1,0,1,多换,S,4126.2000,4126.0000,4125.0000,4124.2000,4123.8000,4128.2000,4130.2000,4132.2000,4135.0000,4135.2000,1,1,2,3,1,2,2,2,15,1
SF,IF2004,2020-03-03 09:32:20.300,4128.2000,5948,0,361356420.000,2,1,1,多换,S,4126.4000,4126.2000,4126.0000,4125.0000,4124.2000,4130.2000,4132.2000,4135.0000,4135.2000,4136.2000,2,1,1,2,1,2,2,15,1,3
SF,IF2004,2020-03-03 09:32:20.800,4128.2000,5948,0,361356420.000,0,-,-,-,-,4127.0000,4126.8000,4126.6000,4126.4000,4126.2000,4130.0000,4130.2000,4132.2000,4135.0000,4135.2000,1,1,4,1,1,2,2,2,15,1
SF,IF2004,2020-03-03 09:32:21.300,4128.2000,5948,0,361356420.000,0,-,-,-,-,4127.2000,4127.0000,4126.8000,4126.6000,4126.2000,4129.8000,4130.0000,4130.2000,4132.2000,4135.0000,2,1,1,3,1,1,2,2,2,15
SF,IF2004,2020-03-03 09:32:21.800,4128.2000,5948,0,361356420.000,0,-,-,-,-,4127.6000,4127.4000,4127.2000,4127.0000,4126.8000,4129.6000,4130.0000,4130.2000,4132.2000,4135.0000,1,2,2,1,1,1,1,2,2,15
SF,IF2004,2020-03-03 09:32:22.300,4129.4000,5947,-1,362595240.000,1,0,1,双平,S,4127.4000,4127.2000,4127.0000,4126.8000,4126.6000,4130.0000,4130.2000,4132.2000,4135.0000,4135.2000,2,2,1,1,2,1,2,2,15,1
SF,IF2004,2020-03-03 09:32:22.800,4129.4000,5947,0,362595240.000,0,-,-,-,-,4129.6000,4127.8000,4127.6000,4127.4000,4127.2000,4130.0000,4130.2000,4132.2000,4135.0000,4135.2000,1,2,1,1,1,1,2,2,15,1
SF,IF2004,2020-03-03 09:32:23.300,4129.6000,5946,-1,366311880.000,3,1,2,多平,S,4129.8000,4127.8000,4127.4000,4127.2000,4127.0000,4130.0000,4130.2000,4132.2000,4135.0000,4135.2000,8,1,1,1,1,1,2,2,15,1
SF,IF2004,2020-03-03 09:32:23.800,4129.8000,5938,-8,376223400.000,8,0,8,双平,S,4127.8000,4127.4000,4127.2000,4127.0000,4126.6000,4128.8000,4129.8000,4130.0000,4130.2000,4132.2000,1,1,1,1,2,1,6,1,2,2
SF,IF2004,2020-03-03 09:32:24.300,4129.8000,5935,-3,379939920.000,3,0,3,双平,S,4128.8000,4128.0000,4127.8000,4127.4000,4127.0000,4129.8000,4130.0000,4130.2000,4132.0000,4132.2000,1,3,2,1,1,4,1,2,1,2
SF,IF2004,2020-03-03 09:32:24.800,4129.8000,5934,-1,384895680.000,4,1,3,多平,S,4128.8000,4127.8000,4127.4000,4127.0000,4126.6000,4130.0000,4130.2000,4132.0000,4132.2000,4135.0000,1,2,1,1,2,1,2,1,2,15
SF,IF2004,2020-03-03 09:32:25.300,4129.8000,5934,0,384895680.000,0,-,-,-,-,4129.0000,4128.8000,4127.8000,4127.4000,4127.0000,4130.0000,4130.2000,4132.0000,4132.2000,4135.0000,3,1,2,1,1,1,2,1,2,15
SF,IF2004,2020-03-03 09:32:25.800,4129.8000,5934,0,384895680.000,0,-,-,-,-,4129.2000,4129.0000,4128.8000,4127.8000,4127.4000,4130.2000,4132.0000,4132.2000,4135.0000,4135.2000,1,3,1,2,1,2,1,2,15,1
SF,IF2004,2020-03-03 09:32:26.300,4129.8000,5934,0,384895680.000,0,-,-,-,-,4129.2000,4129.0000,4128.8000,4127.8000,4127.4000,4130.2000,4132.0000,4132.2000,4135.0000,4135.2000,1,3,1,2,1,2,1,2,15,1
SF,IF2004,2020-03-03 09:32:26.800,4129.4000,5935,1,388612380.000,3,2,1,空开,S,4129.4000,4129.0000,4128.8000,4127.8000,4127.4000,4130.2000,4132.0000,4132.2000,4133.2000,4135.0000,2,1,1,2,1,1,1,2,2,15
SF,IF2004,2020-03-03 09:32:27.300,4129.4000,5935,0,388612380.000,0,-,-,-,-,4129.0000,4128.8000,4127.8000,4127.4000,4126.6000,4130.2000,4132.0000,4132.2000,4133.2000,4135.0000,1,1,2,1,2,1,1,2,2,15
SF,IF2004,2020-03-03 09:32:27.800,4129.4000,5935,0,388612380.000,0,-,-,-,-,4129.2000,4128.8000,4127.8000,4127.4000,4126.6000,4130.2000,4132.0000,4132.2000,4133.2000,4135.0000,2,1,2,1,2,1,1,2,2,15
SF,IF2004,2020-03-03 09:32:28.300,4129.4000,5935,0,388612380.000,0,-,-,-,-,4129.2000,4128.8000,4127.8000,4127.4000,4126.6000,4130.2000,4132.0000,4132.2000,4133.2000,4135.0000,2,1,1,1,2,1,1,2,2,15
SF,IF2004,2020-03-03 09:32:28.800,4129.4000,5935,0,388612380.000,0,-,-,-,-,4129.2000,4128.8000,4127.4000,4126.6000,4126.0000,4130.2000,4132.0000,4132.2000,4133.2000,4135.0000,2,1,1,2,2,1,1,2,2,15
SF,IF2004,2020-03-03 09:32:29.300,4129.4000,5935,0,388612380.000,0,-,-,-,-,4128.8000,4127.4000,4126.6000,4126.0000,4125.0000,4130.2000,4132.0000,4132.2000,4135.0000,4135.2000,1,1,2,2,2,1,1,2,15,1
SF,IF2004,2020-03-03 09:32:29.800,4129.4000,5935,0,388612380.000,0,-,-,-,-,4129.2000,4128.8000,4127.4000,4126.6000,4126.0000,4130.2000,4132.0000,4132.2000,4135.0000,4135.2000,1,1,1,2,2,1,1,2,15,1
SF,IF2004,2020-03-03 09:32:30.300,4130.2000,5936,1,389851440.000,1,1,0,双开,S,4129.2000,4128.8000,4127.4000,4126.6000,4126.0000,4132.0000,4132.2000,4135.0000,4135.2000,4135.4000,1,1,1,2,2,1,2,15,1,1
SF,IF2004,2020-03-03 09:32:30.800,4130.2000,5936,0,389851440.000,0,-,-,-,-,4129.4000,4128.8000,4127.4000,4126.6000,4126.0000,4131.2000,4131.4000,4131.8000,4132.2000,4135.0000,1,1,1,2,2,1,1,3,2,15
SF,IF2004,2020-03-03 09:32:31.300,4130.2000,5936,0,389851440.000,0,-,-,-,-,4128.8000,4127.4000,4126.6000,4126.0000,4125.0000,4131.0000,4131.8000,4132.2000,4135.0000,4135.2000,1,1,2,2,2,1,3,2,15,1
SF,IF2004,2020-03-03 09:32:31.800,4130.2000,5936,0,389851440.000,0,-,-,-,-,4129.2000,4128.8000,4127.4000,4126.6000,4126.0000,4131.8000,4132.2000,4135.0000,4135.2000,4135.4000,2,1,1,2,2,3,2,15,1,1
SF,IF2004,2020-03-03 09:32:32.300,4130.2000,5936,0,389851440.000,0,-,-,-,-,4128.8000,4127.4000,4126.6000,4126.0000,4125.0000,4131.2000,4131.4000,4131.8000,4132.2000,4135.0000,1,1,2,2,2,1,1,2,2,15
SF,IF2004,2020-03-03 09:32:32.800,4130.2000,5936,0,389851440.000,0,-,-,-,-,4129.2000,4128.8000,4127.4000,4126.6000,4126.0000,4131.0000,4131.8000,4132.2000,4135.0000,4135.2000,2,1,1,2,2,2,2,2,15,1
SF,IF2004,2020-03-03 09:32:33.300,4129.6000,5935,-1,391090320.000,1,0,1,双平,S,4129.6000,4128.8000,4127.4000,4126.6000,4126.0000,4131.0000,4131.8000,4132.2000,4135.0000,4135.2000,1,1,1,2,2,1,2,2,15,1
SF,IF2004,2020-03-03 09:32:33.800,4129.6000,5935,0,391090320.000,0,-,-,-,-,4128.8000,4127.4000,4126.6000,4126.0000,4125.0000,4131.8000,4132.2000,4135.0000,4135.2000,4135.8000,1,1,2,2,2,2,2,15,1,2
SF,IF2004,2020-03-03 09:32:34.300,4128.8000,5934,-1,393567660.000,2,0,2,多平,S,4127.4000,4126.6000,4126.0000,4125.0000,4123.8000,4129.2000,4131.6000,4131.8000,4132.2000,4135.0000,1,2,2,2,1,1,3,2,2,15
SF,IF2004,2020-03-03 09:32:34.800,4129.2000,5934,0,394806420.000,1,0,1,多换,S,4131.0000,4127.8000,4127.6000,4127.4000,4126.6000,4131.2000,4131.6000,4131.8000,4132.2000,4135.0000,1,1,1,1,2,1,3,1,2,15
SF,IF2004,2020-03-03 09:32:35.300,4131.0000,5934,0,396045720.000,1,0,1,多换,S,4127.4000,4126.6000,4126.0000,4125.0000,4123.8000,4130.8000,4131.0000,4131.2000,4131.6000,4131.8000,1,2,2,2,1,1,2,1,1,1
SF,IF2004,2020-03-03 09:32:35.800,4131.0000,5934,0,396045720.000,0,-,-,-,-,4127.6000,4127.4000,4127.2000,4126.6000,4126.0000,4130.6000,4131.0000,4131.2000,4131.6000,4131.8000,5,2,1,2,2,1,2,1,1,1
SF,IF2004,2020-03-03 09:32:36.300,4131.0000,5934,0,396045720.000,0,-,-,-,-,4128.4000,4128.2000,4127.8000,4127.6000,4126.0000,4130.6000,4131.0000,4131.2000,4131.6000,4131.8000,1,2,1,3,2,1,2,1,1,1
SF,IF2004,2020-03-03 09:32:36.800,4131.0000,5934,0,396045720.000,0,-,-,-,-,4130.0000,4128.8000,4128.6000,4128.4000,4128.2000,4131.0000,4131.2000,4131.8000,4132.2000,4135.0000,1,1,2,1,1,2,1,1,2,15
SF,IF2004,2020-03-03 09:32:37.300,4130.0000,5933,-1,397284720.000,1,0,1,双平,S,4128.6000,4128.4000,4128.2000,4127.6000,4126.0000,4131.8000,4132.2000,4135.0000,4135.2000,4136.2000,2,1,1,1,2,1,2,15,1,3
SF,IF2004,2020-03-03 09:32:37.800,4130.0000,5933,0,397284720.000,0,-,-,-,-,4131.0000,4130.6000,4128.8000,4128.6000,4128.4000,4131.6000,4131.8000,4132.2000,4135.0000,4135.2000,2,1,2,1,1,2,1,2,15,1
SF,IF2004,2020-03-03 09:32:38.300,4130.6000,5932,-1,401002440.000,3,1,2,多平,S,4128.8000,4128.6000,4128.4000,4128.2000,4127.6000,4131.6000,4131.8000,4132.2000,4134.0000,4135.0000,2,1,1,1,1,1,1,2,1,15
SF,IF2004,2020-03-03 09:32:38.800,4130.6000,5932,0,401002440.000,0,-,-,-,-,4129.2000,4129.0000,4128.8000,4128.4000,4128.2000,4131.4000,4131.8000,4132.2000,4134.0000,4135.0000,1,3,3,1,1,1,1,2,1,15
SF,IF2004,2020-03-03 09:32:39.300,4130.6000,5932,0,401002440.000,0,-,-,-,-,4129.6000,4129.4000,4129.2000,4129.0000,4128.8000,4131.8000,4132.2000,4134.0000,4135.0000,4135.2000,1,2,2,1,3,1,2,1,15,1
SF,IF2004,2020-03-03 09:32:39.800,4130.6000,5932,0,401002440.000,0,-,-,-,-,4129.8000,4129.6000,4129.4000,4129.2000,4129.0000,4131.8000,4132.2000,4134.0000,4135.0000,4135.2000,3,1,1,1,1,1,2,1,15,1
SF,IF2004,2020-03-03 09:32:40.300,4130.6000,5932,0,401002440.000,0,-,-,-,-,4129.8000,4129.2000,4128.8000,4126.0000,4125.0000,4131.6000,4131.8000,4132.2000,4134.0000,4135.0000,3,1,2,2,1,1,1,2,1,15
SF,IF2004,2020-03-03 09:32:40.800,4130.6000,5932,0,401002440.000,0,-,-,-,-,4129.8000,4129.2000,4128.8000,4126.0000,4125.0000,4131.4000,4131.6000,4131.8000,4132.2000,4134.0000,1,1,2,2,1,3,1,1,2,1
SF,IF2004,2020-03-03 09:32:41.300,4130.6000,5932,0,401002440.000,0,-,-,-,-,4128.8000,4126.0000,4125.0000,4121.0000,4120.2000,4130.6000,4131.2000,4131.4000,4131.8000,4132.2000,2,2,1,5,3,1,1,3,1,2
SF,IF2004,2020-03-03 09:32:41.800,4130.6000,5932,0,401002440.000,0,-,-,-,-,4129.2000,4128.8000,4126.0000,4125.0000,4121.0000,4130.6000,4131.4000,4131.8000,4132.2000,4134.0000,1,3,2,1,5,1,3,1,2,1
SF,IF2004,2020-03-03 09:32:42.300,4130.6000,5932,0,401002440.000,0,-,-,-,-,4129.2000,4126.0000,4125.0000,4121.0000,4120.2000,4130.4000,4130.6000,4131.4000,4131.8000,4132.2000,1,2,1,5,3,1,1,2,1,2
SF,IF2004,2020-03-03 09:32:42.800,4131.4000,5928,-4,405959580.000,4,0,4,双平,S,4131.6000,4130.6000,4128.0000,4125.0000,4121.0000,4131.8000,4132.2000,4134.0000,4135.0000,4135.2000,2,1,2,1,5,1,2,1,15,1
SF,IF2004,2020-03-03 09:32:43.300,4131.6000,5926,-2,408438480.000,2,0,2,双平,S,4130.6000,4128.0000,4125.0000,4121.0000,4120.2000,4131.4000,4131.6000,4131.8000,4132.2000,4134.0000,1,2,1,5,3,1,5,1,2,1
SF,IF2004,2020-03-03 09:32:43.800,4131.6000,5926,0,408438480.000,0,-,-,-,-,4130.6000,4128.0000,4125.0000,4121.0000,4120.2000,4131.6000,4131.8000,4132.2000,4134.0000,4135.0000,1,2,1,5,3,5,1,2,1,15
SF,IF2004,2020-03-03 09:32:44.300,4130.8000,5925,-1,409677720.000,1,0,1,双平,S,4130.8000,4130.6000,4128.0000,4125.0000,4121.0000,4131.6000,4131.8000,4132.2000,4135.0000,4135.2000,1,1,2,1,5,4,1,2,15,1
SF,IF2004,2020-03-03 09:32:44.800,4130.6000,5925,0,410916900.000,1,0,1,多换,S,4128.0000,4125.0000,4121.0000,4120.2000,4120.0000,4131.6000,4131.8000,4132.2000,4135.0000,4135.2000,2,1,5,3,15,4,1,2,15,1
SF,IF2004,2020-03-03 09:32:45.300,4130.6000,5925,0,410916900.000,0,-,-,-,-,4128.8000,4128.2000,4128.0000,4127.8000,4125.0000,4129.2000,4131.4000,4131.8000,4132.2000,4135.0000,3,2,2,1,1,1,2,1,2,15
SF,IF2004,2020-03-03 09:32:45.800,4129.6000,5925,0,412155780.000,1,0,1,多换,S,4129.4000,4129.0000,4128.8000,4128.0000,4127.8000,4131.4000,4131.8000,4132.2000,4135.0000,4135.2000,1,1,3,2,1,1,1,2,15,1
SF,IF2004,2020-03-03 09:32:46.300,4129.6000,5925,0,412155780.000,0,-,-,-,-,4129.6000,4128.8000,4128.0000,4127.8000,4125.0000,4131.8000,4132.2000,4135.0000,4135.2000,4136.2000,3,3,2,1,1,1,2,15,1,3
SF,IF2004,2020-03-03 09:32:46.800,4129.6000,5925,0,412155780.000,0,-,-,-,-,4129.8000,4129.6000,4128.8000,4128.0000,4127.8000,4132.2000,4135.0000,4135.2000,4136.2000,4138.0000,3,4,3,2,1,2,15,1,3,2
SF,IF2004,2020-03-03 09:32:47.300,4129.6000,5925,0,412155780.000,0,-,-,-,-,4129.8000,4129.6000,4128.8000,4128.0000,4127.8000,4131.8000,4132.0000,4132.2000,4135.0000,4135.2000,2,3,3,3,1,1,2,2,15,1
SF,IF2004,2020-03-03 09:32:47.800,4129.6000,5925,0,412155780.000,0,-,-,-,-,4130.0000,4129.6000,4128.8000,4128.0000,4127.8000,4130.8000,4132.0000,4132.2000,4135.0000,4135.2000,2,1,1,3,1,1,2,2,15,1
SF,IF2004,2020-03-03 09:32:48.300,4130.8000,5925,0,413395020.000,1,0,1,多换,S,4130.6000,4130.0000,4129.6000,4129.2000,4128.8000,4132.2000,4134.8000,4135.0000,4135.2000,4136.2000,1,1,1,1,1,2,1,15,1,3
SF,IF2004,2020-03-03 09:32:48.800,4130.8000,5925,0,413395020.000,0,-,-,-,-,4130.8000,4130.0000,4129.6000,4129.2000,4128.8000,4132.2000,4134.8000,4135.0000,4135.2000,4136.2000,1,1,1,1,1,2,1,15,1,3
SF,IF2004,2020-03-03 09:32:49.300,4130.8000,5925,0,413395020.000,0,-,-,-,-,4129.6000,4129.2000,4128.8000,4128.0000,4127.8000,4132.0000,4132.2000,4134.8000,4135.0000,4135.2000,1,1,1,3,1,1,2,1,15,1
SF,IF2004,2020-03-03 09:32:49.800,4130.8000,5925,0,413395020.000,0,-,-,-,-,4130.0000,4129.8000,4129.6000,4129.2000,4128.8000,4131.0000,4132.0000,4132.2000,4135.0000,4135.2000,1,2,1,1,1,2,1,2,15,1
SF,IF2004,2020-03-03 09:32:50.300,4132.2000,5925,0,420831900.000,6,3,3,多换,S,4132.2000,4130.6000,4130.2000,4129.8000,4129.2000,4135.0000,4135.2000,4136.2000,4136.6000,4138.0000,1,1,4,2,1,8,1,3,2,2
SF,IF2004,2020-03-03 09:32:50.800,4132.2000,5924,-1,422071560.000,1,0,1,双平,S,4131.0000,4130.2000,4129.8000,4129.2000,4128.8000,4132.2000,4134.0000,4134.2000,4134.4000,4134.6000,1,1,2,1,1,1,3,2,2,2
SF,IF2004,2020-03-03 09:32:51.300,4132.2000,5924,0,422071560.000,0,-,-,-,-,4131.2000,4131.0000,4130.2000,4129.8000,4129.2000,4132.2000,4134.0000,4134.4000,4134.6000,4134.8000,1,1,1,2,1,1,1,1,1,7
SF,IF2004,2020-03-03 09:32:51.800,4132.2000,5924,0,422071560.000,0,-,-,-,-,4131.0000,4130.2000,4129.8000,4129.2000,4128.8000,4132.0000,4132.2000,4134.0000,4134.4000,4134.6000,1,1,2,1,1,1,1,1,1,1
SF,IF2004,2020-03-03 09:32:52.300,4131.0000,5924,0,423310860.000,1,0,1,多换,S,4130.2000,4129.2000,4128.8000,4128.0000,4125.0000,4132.0000,4132.2000,4134.0000,4134.4000,4134.6000,1,1,1,3,1,2,1,1,2,1
SF,IF2004,2020-03-03 09:32:52.800,4131.0000,5924,0,423310860.000,0,-,-,-,-,4130.6000,4129.2000,4128.8000,4128.0000,4125.0000,4132.0000,4134.0000,4134.4000,4134.6000,4134.8000,1,1,1,3,1,2,1,2,1,4
SF,IF2004,2020-03-03 09:32:53.300,4132.0000,5924,0,424550460.000,1,0,1,多换,S,4130.6000,4129.2000,4128.0000,4125.0000,4121.0000,4134.0000,4134.4000,4134.6000,4134.8000,4135.0000,1,1,3,1,5,1,2,1,4,10
SF,IF2004,2020-03-03 09:32:53.800,4132.0000,5924,0,424550460.000,0,-,-,-,-,4130.8000,4129.8000,4129.2000,4128.0000,4125.0000,4133.8000,4134.0000,4134.4000,4134.6000,4134.8000,1,1,1,3,1,6,3,2,1,3
SF,IF2004,2020-03-03 09:32:54.300,4132.0000,5924,0,424550460.000,0,-,-,-,-,4130.8000,4129.8000,4129.2000,4128.0000,4125.0000,4133.2000,4133.6000,4133.8000,4134.0000,4134.4000,1,1,1,3,1,1,1,6,3,2
SF,IF2004,2020-03-03 09:32:54.800,4132.0000,5924,0,424550460.000,0,-,-,-,-,4131.0000,4130.8000,4129.8000,4129.2000,4128.0000,4133.0000,4133.8000,4134.0000,4134.4000,4134.6000,1,1,1,1,3,2,4,1,2,1
SF,IF2004,2020-03-03 09:32:55.300,4132.0000,5924,0,424550460.000,0,-,-,-,-,4131.2000,4131.0000,4129.8000,4129.2000,4128.0000,4133.0000,4133.8000,4134.0000,4134.4000,4134.6000,2,1,1,1,3,2,4,1,2,1
SF,IF2004,2020-03-03 09:32:55.800,4131.4000,5923,-1,428268840.000,3,1,2,多平,S,4131.4000,4131.2000,4131.0000,4129.8000,4129.2000,4131.6000,4133.0000,4133.8000,4134.0000,4134.4000,1,1,1,1,1,4,1,2,1,1
SF,IF2004,2020-03-03 09:32:56.300,4131.6000,5919,-4,433226760.000,4,0,4,双平,S,4131.4000,4131.2000,4131.0000,4129.8000,4129.2000,4133.0000,4133.8000,4134.0000,4134.4000,4134.6000,1,1,1,1,1,1,2,1,1,1
SF,IF2004,2020-03-03 09:32:56.800,4131.6000,5919,0,433226760.000,0,-,-,-,-,4129.8000,4129.2000,4128.0000,4121.0000,4120.2000,4132.8000,4133.0000,4133.8000,4134.0000,4134.4000,1,1,3,5,3,3,1,2,1,1
SF,IF2004,2020-03-03 09:32:57.300,4131.6000,5919,0,433226760.000,0,-,-,-,-,4130.6000,4130.2000,4130.0000,4129.8000,4129.2000,4132.6000,4132.8000,4133.0000,4133.8000,4134.0000,1,2,2,1,1,1,1,1,1,1
SF,IF2004,2020-03-03 09:32:57.800,4132.4000,5918,-1,434466480.000,1,0,1,双平,S,4131.6000,4130.6000,4130.2000,4130.0000,4129.8000,4133.0000,4133.8000,4134.0000,4134.4000,4134.6000,1,1,2,2,1,1,3,1,1,1
SF,IF2004,2020-03-03 09:32:58.300,4132.6000,5918,0,436945740.000,2,1,1,多换,S,4130.6000,4130.2000,4130.0000,4129.8000,4129.2000,4132.6000,4132.8000,4133.0000,4133.8000,4134.0000,1,2,2,1,1,1,1,1,3,1
SF,IF2004,2020-03-03 09:32:58.800,4132.6000,5918,0,436945740.000,0,-,-,-,-,4130.8000,4130.2000,4130.0000,4129.8000,4128.0000,4132.8000,4133.0000,4133.8000,4134.0000,4134.4000,2,2,1,1,3,1,1,3,1,1
SF,IF2004,2020-03-03 09:32:59.300,4132.6000,5918,0,436945740.000,0,-,-,-,-,4130.0000,4129.8000,4128.0000,4121.0000,4120.2000,4132.6000,4132.8000,4133.0000,4133.8000,4134.0000,1,1,3,5,2,2,1,1,3,1
SF,IF2004,2020-03-03 09:32:59.800,4132.6000,5918,0,436945740.000,0,-,-,-,-,4129.8000,4128.0000,4121.0000,4120.2000,4120.0000,4132.4000,4132.6000,4132.8000,4133.0000,4133.8000,1,3,5,2,15,1,2,1,1,3
SF,IF2004,2020-03-03 09:33:00.300,4132.6000,5918,0,436945740.000,0,-,-,-,-,4129.8000,4128.0000,4121.0000,4120.2000,4120.0000,4132.0000,4132.2000,4132.4000,4132.6000,4132.8000,1,3,5,2,15,1,1,1,1,1
SF,IF2004,2020-03-03 09:33:00.800,4129.8000,5917,-1,438184680.000,1,0,1,双平,S,4128.0000,4121.0000,4120.2000,4120.0000,4118.8000,4131.6000,4131.8000,4132.2000,4132.6000,4132.8000,3,5,2,15,1,1,10,2,1,1
SF,IF2004,2020-03-03 09:33:01.300,4129.8000,5917,0,438184680.000,0,-,-,-,-,4128.2000,4128.0000,4121.0000,4120.2000,4120.0000,4130.2000,4131.4000,4131.8000,4132.2000,4132.6000,4,3,5,2,15,1,3,1,2,1
SF,IF2004,2020-03-03 09:33:01.800,4130.2000,5917,0,439423740.000,1,0,1,多换,S,4128.4000,4128.2000,4128.0000,4121.0000,4120.2000,4131.4000,4131.8000,4132.2000,4132.6000,4132.8000,2,2,3,5,2,2,1,1,1,1
SF,IF2004,2020-03-03 09:33:02.300,4130.2000,5917,0,439423740.000,0,-,-,-,-,4128.8000,4128.6000,4128.4000,4128.0000,4121.0000,4131.2000,4131.4000,4131.8000,4132.2000,4132.6000,1,2,1,3,5,1,2,1,1,1
SF,IF2004,2020-03-03 09:33:02.800,4130.2000,5917,0,439423740.000,0,-,-,-,-,4129.0000,4128.8000,4128.4000,4128.0000,4121.0000,4131.4000,4131.8000,4132.2000,4132.6000,4132.8000,3,1,1,3,5,2,1,1,1,1
SF,IF2004,2020-03-03 09:33:03.300,4130.2000,5917,0,439423740.000,0,-,-,-,-,4129.0000,4128.0000,4121.0000,4120.2000,4120.0000,4131.0000,4131.4000,4131.8000,4132.2000,4132.6000,3,3,5,2,15,1,2,1,1,1
SF,IF2004,2020-03-03 09:33:03.800,4130.2000,5917,0,439423740.000,0,-,-,-,-,4129.2000,4129.0000,4128.0000,4121.0000,4120.2000,4131.4000,4131.8000,4132.2000,4132.6000,4132.8000,1,3,3,5,2,1,1,1,1,1
SF,IF2004,2020-03-03 09:33:04.300,4129.6000,5917,0,440662620.000,1,0,1,多换,S,4129.4000,4129.0000,4128.0000,4121.0000,4120.2000,4131.8000,4132.2000,4132.6000,4132.8000,4133.8000,2,2,3,5,2,1,1,1,1,2
SF,IF2004,2020-03-03 09:33:04.800,4129.6000,5917,0,440662620.000,0,-,-,-,-,4129.4000,4129.0000,4128.0000,4121.0000,4120.2000,4131.4000,4131.6000,4131.8000,4132.2000,4132.6000,2,1,3,5,2,2,1,1,1,1
SF,IF2004,2020-03-03 09:33:05.300,4129.6000,5917,0,440662620.000,0,-,-,-,-,4129.4000,4129.0000,4128.0000,4121.0000,4120.2000,4131.2000,4131.8000,4132.2000,4132.6000,4132.8000,2,1,3,5,2,1,1,1,1,1
SF,IF2004,2020-03-03 09:33:06.300,4129.6000,5917,0,440662620.000,0,-,-,-,-,4129.4000,4129.0000,4128.0000,4121.0000,4120.2000,4131.2000,4131.8000,4132.2000,4132.6000,4132.8000,1,1,3,5,2,2,1,1,1,1
SF,IF2004,2020-03-03 09:33:06.800,4129.6000,5917,0,440662620.000,0,-,-,-,-,4129.6000,4129.4000,4129.0000,4128.0000,4121.0000,4130.8000,4131.2000,4131.8000,4132.2000,4132.6000,1,1,1,3,5,1,2,1,1,1
SF,IF2004,2020-03-03 09:33:07.300,4129.6000,5917,0,440662620.000,0,-,-,-,-,4130.0000,4129.6000,4129.4000,4129.0000,4128.0000,4131.2000,4131.8000,4132.2000,4132.6000,4132.8000,2,2,1,1,1,1,1,1,1,1
SF,IF2004,2020-03-03 09:33:07.800,4130.0000,5915,-2,443140620.000,2,0,2,双平,S,4129.0000,4128.0000,4122.6000,4121.0000,4120.2000,4131.0000,4131.2000,4131.8000,4132.2000,4132.6000,1,1,3,5,2,3,1,1,1,1
SF,IF2004,2020-03-03 09:33:08.300,4130.0000,5915,0,443140620.000,0,-,-,-,-,4129.2000,4128.0000,4122.6000,4121.0000,4120.2000,4131.0000,4131.2000,4131.8000,4132.2000,4132.6000,1,1,3,5,2,1,1,1,1,1
SF,IF2004,2020-03-03 09:33:08.800,4130.0000,5915,0,443140620.000,0,-,-,-,-,4129.2000,4128.0000,4122.6000,4121.0000,4120.2000,4130.6000,4131.0000,4131.2000,4131.8000,4132.2000,1,1,3,5,2,2,1,1,1,1
SF,IF2004,2020-03-03 09:33:09.300,4129.2000,5913,-2,445618200.000,2,0,2,双平,S,4128.0000,4122.6000,4121.0000,4120.2000,4120.0000,4131.0000,4131.2000,4131.8000,4132.2000,4132.6000,1,3,5,2,15,1,1,1,1,1
SF,IF2004,2020-03-03 09:33:09.800,4129.2000,5913,0,445618200.000,0,-,-,-,-,4128.2000,4128.0000,4122.6000,4121.0000,4120.2000,4130.4000,4130.8000,4131.0000,4131.2000,4131.8000,1,1,3,5,2,2,2,1,2,1
SF,IF2004,2020-03-03 09:33:10.300,4129.2000,5913,0,445618200.000,0,-,-,-,-,4128.0000,4122.6000,4121.0000,4120.2000,4120.0000,4130.2000,4130.4000,4130.8000,4131.2000,4131.8000,1,3,5,3,15,1,2,2,2,1
SF,IF2004,2020-03-03 09:33:10.800,4128.0000,5912,-1,446856600.000,1,0,1,双平,S,4128.2000,4122.6000,4121.0000,4120.2000,4120.0000,4129.8000,4130.2000,4130.8000,4131.2000,4131.8000,1,3,5,3,15,2,1,2,2,1
SF,IF2004,2020-03-03 09:33:11.300,4128.0000,5912,0,448095000.000,1,0,1,多换,S,4128.0000,4122.6000,4121.0000,4120.2000,4120.0000,4129.6000,4130.0000,4130.8000,4131.2000,4131.8000,5,3,5,3,15,4,2,2,2,1
SF,IF2004,2020-03-03 09:33:11.800,4128.0000,5911,-1,449333400.000,1,0,1,双平,S,4128.0000,4122.6000,4121.0000,4120.2000,4120.0000,4129.4000,4129.6000,4130.0000,4130.8000,4131.2000,4,3,5,3,15,2,2,2,2,2
SF,IF2004,2020-03-03 09:33:12.300,4128.0000,5909,-2,451810200.000,2,0,2,双平,S,4128.0000,4122.6000,4121.0000,4120.2000,4120.0000,4129.0000,4129.6000,4130.0000,4130.8000,4131.2000,2,3,5,3,15,2,2,1,3,2
SF,IF2004,2020-03-03 09:33:12.800,4128.0000,5907,-2,454287000.000,2,0,2,双平,S,4122.6000,4121.0000,4120.2000,4120.0000,4118.8000,4128.8000,4129.6000,4130.0000,4130.8000,4131.2000,3,5,3,15,1,2,2,1,3,2
SF,IF2004,2020-03-03 09:33:13.300,4128.0000,5907,0,454287000.000,0,-,-,-,-,4125.2000,4125.0000,4124.8000,4124.4000,4124.0000,4128.6000,4129.6000,4130.0000,4130.8000,4131.2000,1,1,1,1,2,2,1,1,2,2
SF,IF2004,2020-03-03 09:33:13.800,4128.0000,5907,0,454287000.000,0,-,-,-,-,4125.4000,4125.2000,4124.8000,4124.4000,4124.0000,4128.6000,4129.6000,4130.0000,4130.8000,4131.2000,2,1,1,1,2,2,1,1,2,2
SF,IF2004,2020-03-03 09:33:14.300,4128.0000,5907,0,454287000.000,0,-,-,-,-,4126.2000,4125.4000,4125.2000,4124.8000,4124.4000,4128.6000,4129.6000,4130.0000,4130.8000,4131.2000,1,2,1,1,1,2,1,1,2,2
SF,IF2004,2020-03-03 09:33:14.800,4128.0000,5907,0,454287000.000,0,-,-,-,-,4126.4000,4126.2000,4125.4000,4125.2000,4124.8000,4128.2000,4128.6000,4129.6000,4130.0000,4130.8000,1,1,1,1,1,1,2,1,1,2
SF,IF2004,2020-03-03 09:33:15.300,4128.6000,5906,-1,455525580.000,1,0,1,双平,S,4126.6000,4126.4000,4126.2000,4124.8000,4124.4000,4129.6000,4130.0000,4130.8000,4131.2000,4131.8000,1,1,1,1,1,1,1,2,2,1
SF,IF2004,2020-03-03 09:33:15.800,4128.6000,5906,0,455525580.000,0,-,-,-,-,4126.8000,4126.6000,4124.8000,4124.4000,4124.0000,4129.0000,4129.4000,4130.0000,4130.8000,4131.2000,2,1,1,1,2,2,2,1,2,2
SF,IF2004,2020-03-03 09:33:16.300,4129.0000,5906,0,458002980.000,2,1,1,多换,S,4127.2000,4127.0000,4126.8000,4124.8000,4124.4000,4129.4000,4130.0000,4130.8000,4131.2000,4131.8000,2,1,2,1,1,2,1,2,2,1
SF,IF2004,2020-03-03 09:33:16.800,4129.0000,5906,0,458002980.000,0,-,-,-,-,4127.6000,4127.4000,4126.8000,4124.8000,4124.4000,4129.4000,4130.0000,4130.8000,4131.2000,4131.8000,2,2,1,1,1,1,1,2,2,1
SF,IF2004,2020-03-03 09:33:17.300,4129.0000,5906,0,458002980.000,0,-,-,-,-,4127.8000,4127.4000,4126.8000,4124.8000,4124.4000,4130.0000,4130.8000,4131.2000,4131.8000,4132.2000,1,1,1,1,1,1,2,2,1,2
SF,IF2004,2020-03-03 09:33:17.800,4129.0000,5906,0,458002980.000,0,-,-,-,-,4128.0000,4127.8000,4127.4000,4126.8000,4124.8000,4129.8000,4130.0000,4130.8000,4131.2000,4131.8000,1,1,1,1,1,1,1,2,2,1
SF,IF2004,2020-03-03 09:33:19.300,4129.0000,5906,0,458002980.000,0,-,-,-,-,4128.0000,4127.8000,4127.4000,4126.8000,4124.8000,4129.8000,4130.0000,4130.8000,4131.2000,4131.8000,1,1,1,1,1,1,1,3,2,1
SF,IF2004,2020-03-03 09:33:19.800,4128.0000,5906,0,459241380.000,1,0,1,多换,S,4128.0000,4127.8000,4127.4000,4126.8000,4124.8000,4129.8000,4130.8000,4131.2000,4131.8000,4132.2000,1,1,1,1,1,1,3,2,1,2
SF,IF2004,2020-03-03 09:33:20.300,4128.0000,5906,0,460479780.000,1,0,1,多换,S,4127.4000,4126.8000,4124.8000,4124.4000,4124.0000,4129.8000,4130.8000,4131.2000,4131.8000,4132.2000,1,1,1,1,2,1,3,2,1,2
SF,IF2004,2020-03-03 09:33:20.800,4128.0000,5906,0,460479780.000,0,-,-,-,-,4126.8000,4124.8000,4124.4000,4124.0000,4123.6000,4129.6000,4129.8000,4130.0000,4130.8000,4131.2000,1,1,1,2,1,3,1,1,3,2
SF,IF2004,2020-03-03 09:33:21.300,4128.0000,5906,0,460479780.000,0,-,-,-,-,4127.2000,4127.0000,4126.8000,4124.8000,4124.4000,4129.4000,4129.6000,4130.8000,4131.2000,4131.8000,2,1,1,1,1,2,2,3,2,1
SF,IF2004,2020-03-03 09:33:21.800,4128.0000,5906,0,460479780.000,0,-,-,-,-,4127.4000,4127.2000,4126.8000,4124.8000,4124.4000,4129.4000,4129.6000,4130.8000,4131.2000,4131.8000,1,2,1,1,1,1,2,3,2,1
SF,IF2004,2020-03-03 09:33:22.300,4128.0000,5906,0,460479780.000,0,-,-,-,-,4127.4000,4126.8000,4124.8000,4124.4000,4124.0000,4129.2000,4129.4000,4129.6000,4130.8000,4131.2000,1,1,1,1,2,1,1,2,3,2
SF,IF2004,2020-03-03 09:33:22.800,4128.0000,5906,0,460479780.000,0,-,-,-,-,4127.4000,4126.8000,4124.8000,4124.4000,4124.0000,4129.4000,4129.6000,4130.8000,4131.2000,4131.8000,1,1,1,1,2,1,2,3,2,1
SF,IF2004,2020-03-03 09:33:23.300,4128.0000,5906,0,460479780.000,0,-,-,-,-,4127.6000,4127.4000,4126.8000,4124.8000,4124.4000,4129.4000,4129.6000,4130.8000,4131.2000,4131.8000,1,1,1,1,1,1,2,3,2,1
SF,IF2004,2020-03-03 09:33:23.800,4128.0000,5906,0,460479780.000,0,-,-,-,-,4127.8000,4126.8000,4124.8000,4124.4000,4124.0000,4129.6000,4130.8000,4131.2000,4131.8000,4132.2000,1,1,1,1,2,2,3,2,1,2
SF,IF2004,2020-03-03 09:33:24.300,4128.0000,5906,0,460479780.000,0,-,-,-,-,4128.2000,4127.8000,4126.8000,4124.8000,4124.4000,4129.6000,4130.8000,4131.2000,4131.8000,4132.2000,1,1,1,1,1,2,3,2,1,2
SF,IF2004,2020-03-03 09:33:24.800,4128.0000,5906,0,460479780.000,0,-,-,-,-,4128.6000,4128.4000,4126.8000,4124.8000,4124.4000,4129.6000,4130.8000,4131.2000,4131.8000,4132.2000,2,1,1,1,1,2,3,2,1,2
SF,IF2004,2020-03-03 09:33:25.300,4128.0000,5906,0,461718180.000,1,0,1,多换,S,4128.6000,4128.4000,4126.8000,4124.8000,4124.4000,4129.6000,4130.8000,4131.2000,4131.8000,4132.2000,1,2,1,1,1,2,3,2,1,2
SF,IF2004,2020-03-03 09:33:25.800,4129.6000,5906,0,464195940.000,2,1,1,多换,S,4128.8000,4128.0000,4126.8000,4124.8000,4124.4000,4130.8000,4131.2000,4131.8000,4132.2000,4133.2000,3,5,1,1,1,3,1,1,2,1
SF,IF2004,2020-03-03 09:33:26.300,4129.6000,5906,0,464195940.000,0,-,-,-,-,4128.8000,4128.0000,4126.8000,4124.8000,4124.4000,4130.6000,4130.8000,4131.2000,4131.8000,4132.2000,2,5,1,1,1,1,3,1,1,2
SF,IF2004,2020-03-03 09:33:26.800,4129.6000,5906,0,464195940.000,0,-,-,-,-,4128.8000,4128.0000,4126.8000,4124.8000,4124.0000,4130.8000,4131.2000,4131.8000,4132.2000,4133.2000,2,5,1,1,2,3,1,1,2,1
SF,IF2004,2020-03-03 09:33:27.300,4129.6000,5906,0,464195940.000,0,-,-,-,-,4129.0000,4128.8000,4128.0000,4126.8000,4124.8000,4130.8000,4131.2000,4131.8000,4132.2000,4133.2000,1,2,5,1,1,3,1,1,2,1
SF,IF2004,2020-03-03 09:33:27.800,4130.8000,5906,0,466674420.000,2,1,1,多换,S,4129.4000,4129.2000,4128.8000,4128.0000,4126.8000,4131.2000,4131.8000,4132.2000,4133.2000,4133.8000,1,1,1,5,1,1,1,2,1,2
SF,IF2004,2020-03-03 09:33:28.300,4130.8000,5906,0,466674420.000,0,-,-,-,-,4130.6000,4129.8000,4129.6000,4128.0000,4126.8000,4131.2000,4131.8000,4132.2000,4133.2000,4133.8000,1,1,1,5,1,1,1,2,1,2
SF,IF2004,2020-03-03 09:33:28.800,4131.2000,5906,0,467913780.000,1,0,1,多换,S,4130.6000,4129.6000,4129.4000,4128.0000,4126.8000,4131.8000,4132.2000,4133.2000,4133.8000,4134.2000,1,1,1,5,1,1,2,1,2,1
SF,IF2004,2020-03-03 09:33:29.300,4130.6000,5907,1,469152960.000,1,1,0,双开,S,4129.8000,4129.6000,4128.0000,4126.8000,4124.8000,4131.8000,4132.2000,4133.2000,4133.8000,4134.2000,1,1,5,1,1,3,2,1,2,1
SF,IF2004,2020-03-03 09:33:29.800,4130.6000,5907,0,469152960.000,0,-,-,-,-,4130.0000,4129.8000,4128.0000,4126.8000,4124.8000,4131.8000,4132.2000,4133.2000,4133.8000,4134.2000,2,1,5,1,1,2,2,1,2,1
SF,IF2004,2020-03-03 09:33:30.300,4130.6000,5907,0,469152960.000,0,-,-,-,-,4130.6000,4130.4000,4130.2000,4130.0000,4129.8000,4131.8000,4132.2000,4133.2000,4133.8000,4134.2000,1,1,3,1,1,2,1,1,2,1
SF,IF2004,2020-03-03 09:33:30.800,4130.6000,5907,0,469152960.000,0,-,-,-,-,4130.8000,4130.2000,4128.0000,4124.8000,4124.0000,4131.8000,4132.2000,4133.2000,4133.8000,4134.2000,2,4,5,1,2,2,1,1,2,1
SF,IF2004,2020-03-03 09:33:31.300,4130.6000,5906,-1,470392140.000,1,0,1,双平,S,4130.2000,4128.0000,4124.8000,4124.0000,4123.6000,4131.8000,4132.2000,4133.2000,4133.8000,4134.2000,2,5,1,2,1,2,1,1,2,1
SF,IF2004,2020-03-03 09:33:31.800,4130.6000,5906,0,470392140.000,0,-,-,-,-,4130.6000,4130.4000,4128.0000,4126.4000,4124.8000,4131.6000,4131.8000,4132.2000,4133.2000,4133.8000,1,1,5,2,1,2,2,1,1,2
SF,IF2004,2020-03-03 09:33:32.300,4130.6000,5906,0,470392140.000,0,-,-,-,-,4130.4000,4128.0000,4126.4000,4124.8000,4124.0000,4131.6000,4131.8000,4132.2000,4133.2000,4133.8000,1,5,2,1,2,2,2,1,1,2
SF,IF2004,2020-03-03 09:33:32.800,4130.6000,5906,0,470392140.000,0,-,-,-,-,4130.6000,4128.0000,4126.4000,4124.8000,4124.0000,4131.8000,4132.2000,4133.2000,4133.8000,4134.2000,1,5,2,1,2,2,1,1,2,1
SF,IF2004,2020-03-03 09:33:33.300,4130.6000,5905,-1,472870500.000,2,0,2,多平,S,4130.6000,4128.0000,4126.4000,4124.8000,4124.0000,4131.8000,4132.2000,4133.2000,4133.8000,4134.2000,1,5,2,1,2,2,1,1,2,1
SF,IF2004,2020-03-03 09:33:33.800,4130.6000,5905,0,472870500.000,0,-,-,-,-,4128.0000,4126.4000,4124.8000,4124.0000,4123.6000,4131.6000,4131.8000,4132.2000,4133.2000,4133.8000,5,2,1,2,1,1,2,1,1,2
SF,IF2004,2020-03-03 09:33:34.300,4130.6000,5905,0,472870500.000,0,-,-,-,-,4128.6000,4128.2000,4128.0000,4126.4000,4124.8000,4131.4000,4131.6000,4131.8000,4132.2000,4133.2000,1,6,6,2,1,1,1,2,1,1
SF,IF2004,2020-03-03 09:33:34.800,4130.6000,5905,0,472870500.000,0,-,-,-,-,4129.6000,4129.2000,4128.8000,4128.6000,4128.2000,4131.2000,4131.4000,4131.8000,4132.2000,4133.2000,1,2,3,1,4,1,1,2,1,1
SF,IF2004,2020-03-03 09:33:35.300,4130.6000,5905,0,472870500.000,0,-,-,-,-,4129.6000,4129.2000,4128.8000,4128.6000,4128.2000,4131.0000,4131.2000,4131.8000,4132.2000,4133.2000,1,2,3,1,1,2,1,2,1,1
SF,IF2004,2020-03-03 09:33:35.800,4130.6000,5905,0,472870500.000,0,-,-,-,-,4129.2000,4128.8000,4128.6000,4128.2000,4128.0000,4131.2000,4131.6000,4131.8000,4132.2000,4133.2000,2,2,1,1,5,1,1,2,1,1
SF,IF2004,2020-03-03 09:33:36.300,4130.6000,5905,0,472870500.000,0,-,-,-,-,4129.4000,4129.2000,4128.6000,4128.2000,4128.0000,4131.6000,4131.8000,4132.2000,4133.2000,4133.8000,2,2,1,1,5,1,2,1,1,2
SF,IF2004,2020-03-03 09:33:36.800,4130.6000,5905,0,472870500.000,0,-,-,-,-,4129.6000,4129.4000,4129.2000,4128.6000,4128.2000,4131.2000,4131.4000,4131.6000,4131.8000,4132.2000,2,2,2,1,1,1,1,1,2,1
SF,IF2004,2020-03-03 09:33:37.300,4130.6000,5905,0,472870500.000,0,-,-,-,-,4129.8000,4129.6000,4129.2000,4128.6000,4128.2000,4131.6000,4131.8000,4132.2000,4133.2000,4133.8000,2,2,2,1,1,1,2,1,1,4
SF,IF2004,2020-03-03 09:33:37.800,4130.6000,5905,0,472870500.000,0,-,-,-,-,4130.6000,4129.8000,4129.6000,4129.2000,4128.6000,4131.6000,4131.8000,4132.2000,4133.2000,4133.8000,1,2,2,2,1,1,2,1,1,4
SF,IF2004,2020-03-03 09:33:38.300,4129.8000,5905,0,474109440.000,1,0,1,多换,S,4129.8000,4129.2000,4128.6000,4128.2000,4128.0000,4131.4000,4131.6000,4131.8000,4132.2000,4133.2000,1,2,1,1,5,2,1,2,1,1
SF,IF2004,2020-03-03 09:33:38.800,4129.8000,5905,0,474109440.000,0,-,-,-,-,4129.2000,4128.6000,4128.2000,4128.0000,4126.4000,4131.2000,4131.6000,4131.8000,4132.2000,4133.2000,2,1,1,5,2,4,1,2,1,1
SF,IF2004,2020-03-03 09:33:39.300,4129.8000,5905,0,474109440.000,0,-,-,-,-,4129.4000,4129.2000,4128.6000,4128.2000,4128.0000,4131.2000,4131.6000,4131.8000,4132.2000,4133.2000,1,2,1,1,5,3,1,2,1,1
SF,IF2004,2020-03-03 09:33:39.800,4129.8000,5905,0,474109440.000,0,-,-,-,-,4129.4000,4129.2000,4128.0000,4126.4000,4124.8000,4130.8000,4131.0000,4131.2000,4131.6000,4131.8000,1,2,5,2,1,2,2,1,1,2
SF,IF2004,2020-03-03 09:33:40.800,4129.8000,5905,0,474109440.000,0,-,-,-,-,4130.0000,4129.4000,4129.2000,4128.0000,4126.4000,4130.8000,4131.2000,4131.6000,4131.8000,4132.2000,5,1,2,5,2,2,1,1,2,1
SF,IF2004,2020-03-03 09:33:41.300,4130.8000,5905,0,475348680.000,1,0,1,多换,S,4130.0000,4129.4000,4129.2000,4128.0000,4126.4000,4131.2000,4131.6000,4131.8000,4132.2000,4133.2000,5,1,2,5,2,1,1,2,1,1
SF,IF2004,2020-03-03 09:33:41.800,4130.8000,5905,0,475348680.000,0,-,-,-,-,4130.0000,4129.4000,4129.2000,4128.0000,4126.4000,4131.0000,4131.2000,4131.6000,4131.8000,4132.2000,5,1,2,5,2,2,1,1,2,1
SF,IF2004,2020-03-03 09:33:42.300,4131.2000,5904,-1,476588040.000,1,0,1,双平,S,4130.0000,4129.4000,4129.2000,4128.0000,4126.4000,4131.6000,4131.8000,4132.2000,4133.2000,4133.8000,5,1,2,5,2,1,2,1,1,4
SF,IF2004,2020-03-03 09:33:42.800,4131.2000,5904,0,476588040.000,0,-,-,-,-,4130.0000,4129.4000,4129.2000,4128.0000,4126.4000,4131.4000,4131.6000,4131.8000,4132.0000,4132.2000,5,1,2,5,2,2,1,2,1,1
SF,IF2004,2020-03-03 09:33:43.300,4131.6000,5903,-1,477827520.000,1,0,1,双平,S,4130.6000,4130.2000,4130.0000,4129.4000,4129.2000,4131.8000,4132.0000,4132.2000,4133.2000,4133.8000,1,1,5,1,2,2,1,1,1,4
SF,IF2004,2020-03-03 09:33:43.800,4131.8000,5903,0,480306600.000,2,1,1,多换,S,4130.8000,4130.6000,4130.0000,4129.4000,4129.2000,4132.0000,4132.2000,4133.2000,4133.8000,4134.2000,1,1,5,1,2,1,1,1,4,1
SF,IF2004,2020-03-03 09:33:44.300,4132.2000,5902,-1,484025520.000,3,1,2,多平,S,4130.8000,4130.6000,4130.0000,4129.4000,4129.2000,4133.2000,4133.8000,4134.2000,4134.8000,4135.0000,1,1,5,1,2,1,4,1,1,8
SF,IF2004,2020-03-03 09:33:44.800,4132.2000,5902,0,484025520.000,0,-,-,-,-,4131.0000,4130.8000,4130.6000,4130.0000,4128.0000,4133.2000,4133.8000,4134.2000,4134.8000,4135.0000,2,1,1,5,5,1,4,1,1,8
SF,IF2004,2020-03-03 09:33:45.300,4132.2000,5902,0,484025520.000,0,-,-,-,-,4131.2000,4131.0000,4130.6000,4130.0000,4128.0000,4133.2000,4133.8000,4134.2000,4134.8000,4135.0000,3,2,1,5,5,1,4,1,1,8
SF,IF2004,2020-03-03 09:33:45.800,4132.2000,5902,0,484025520.000,0,-,-,-,-,4131.4000,4131.2000,4131.0000,4130.6000,4130.0000,4133.2000,4133.8000,4134.2000,4134.8000,4135.0000,2,3,1,1,5,1,4,1,1,8
SF,IF2004,2020-03-03 09:33:46.300,4132.2000,5902,0,484025520.000,0,-,-,-,-,4131.6000,4131.4000,4131.0000,4130.6000,4130.0000,4133.2000,4133.8000,4134.2000,4134.8000,4135.0000,2,2,1,1,5,1,4,1,1,8
SF,IF2004,2020-03-03 09:33:46.800,4132.2000,5902,0,484025520.000,0,-,-,-,-,4131.8000,4131.6000,4131.4000,4131.0000,4130.6000,4133.2000,4133.8000,4134.2000,4134.8000,4135.0000,3,2,1,1,1,1,4,1,1,8
SF,IF2004,2020-03-03 09:33:47.300,4133.2000,5903,1,485265480.000,1,1,0,双开,S,4132.0000,4131.8000,4131.6000,4131.4000,4131.0000,4133.8000,4134.2000,4134.8000,4135.0000,4135.2000,1,3,1,1,1,4,1,1,8,1
SF,IF2004,2020-03-03 09:33:47.800,4133.2000,5903,0,485265480.000,0,-,-,-,-,4132.2000,4131.8000,4131.4000,4131.0000,4130.6000,4133.8000,4134.2000,4135.0000,4135.2000,4135.6000,2,2,1,1,1,4,1,8,1,1
SF,IF2004,2020-03-03 09:33:48.300,4133.2000,5903,0,485265480.000,0,-,-,-,-,4132.6000,4132.2000,4131.8000,4131.4000,4131.0000,4133.8000,4134.2000,4135.0000,4135.2000,4135.6000,1,2,2,1,1,4,1,8,1,1
SF,IF2004,2020-03-03 09:33:48.800,4133.8000,5903,0,486505620.000,1,0,1,多换,S,4132.8000,4132.6000,4132.2000,4131.8000,4131.4000,4133.8000,4134.2000,4135.0000,4135.2000,4135.6000,1,1,1,2,1,3,1,8,1,1
SF,IF2004,2020-03-03 09:33:49.300,4133.8000,5903,0,487745760.000,1,0,1,多换,S,4133.0000,4132.8000,4131.8000,4131.4000,4131.0000,4133.8000,4134.2000,4135.0000,4135.2000,4135.6000,1,1,2,1,1,2,1,8,1,1
SF,IF2004,2020-03-03 09:33:49.800,4133.8000,5903,0,490226040.000,2,1,1,多换,S,4133.4000,4133.2000,4133.0000,4132.8000,4131.8000,4134.2000,4135.0000,4135.2000,4135.6000,4138.0000,2,1,1,1,2,1,8,1,1,2
SF,IF2004,2020-03-03 09:33:50.300,4133.0000,5901,-2,495185940.000,4,1,3,多平,S,4133.4000,4131.8000,4131.4000,4130.6000,4130.0000,4134.2000,4135.0000,4135.2000,4135.6000,4138.0000,1,2,1,1,5,1,8,1,1,2
SF,IF2004,2020-03-03 09:33:50.800,4133.2000,5901,0,497665920.000,2,1,1,多换,S,4131.8000,4131.4000,4130.6000,4130.0000,4128.0000,4134.0000,4134.2000,4135.0000,4135.2000,4135.6000,2,1,1,5,5,1,2,8,1,1
SF,IF2004,2020-03-03 09:33:51.300,4133.2000,5901,0,497665920.000,0,-,-,-,-,4132.0000,4131.8000,4131.4000,4130.6000,4130.0000,4133.6000,4133.8000,4134.0000,4134.2000,4135.0000,1,2,1,1,5,2,2,1,2,8
SF,IF2004,2020-03-03 09:33:51.800,4133.2000,5901,0,497665920.000,0,-,-,-,-,4132.2000,4132.0000,4131.8000,4130.6000,4130.0000,4134.0000,4134.2000,4135.0000,4135.2000,4135.6000,1,1,2,1,5,1,1,8,1,1
SF,IF2004,2020-03-03 09:33:52.300,4133.2000,5901,0,497665920.000,0,-,-,-,-,4132.0000,4131.8000,4130.6000,4130.0000,4128.0000,4133.6000,4134.0000,4134.2000,4135.0000,4135.2000,1,2,1,5,5,2,1,1,8,1
SF,IF2004,2020-03-03 09:33:52.800,4133.2000,5901,0,497665920.000,0,-,-,-,-,4132.2000,4132.0000,4131.8000,4130.6000,4130.0000,4134.2000,4135.0000,4135.2000,4135.6000,4138.0000,2,2,2,1,5,1,8,1,1,2
SF,IF2004,2020-03-03 09:33:53.300,4133.2000,5901,0,497665920.000,0,-,-,-,-,4132.4000,4132.2000,4132.0000,4131.8000,4130.6000,4134.0000,4134.2000,4135.0000,4135.2000,4135.6000,1,1,1,2,1,2,1,8,1,1
SF,IF2004,2020-03-03 09:33:53.800,4133.2000,5901,0,497665920.000,0,-,-,-,-,4132.6000,4132.4000,4132.0000,4131.8000,4130.6000,4134.2000,4135.0000,4135.2000,4135.6000,4138.0000,2,1,1,2,1,1,8,1,1,2
SF,IF2004,2020-03-03 09:33:54.300,4133.2000,5901,0,497665920.000,0,-,-,-,-,4132.4000,4131.8000,4130.6000,4130.0000,4128.0000,4134.0000,4134.2000,4135.0000,4135.2000,4135.6000,1,2,1,5,5,1,1,8,1,1
SF,IF2004,2020-03-03 09:33:54.800,4134.2000,5901,0,498906180.000,1,0,1,多换,S,4132.8000,4132.4000,4131.8000,4130.6000,4130.0000,4135.0000,4135.2000,4135.6000,4138.0000,4138.8000,1,1,2,1,5,8,1,1,2,1
SF,IF2004,2020-03-03 09:33:55.300,4134.2000,5901,0,498906180.000,0,-,-,-,-,4133.0000,4132.8000,4131.8000,4130.6000,4130.0000,4134.8000,4135.0000,4135.2000,4135.6000,4138.0000,4,1,2,1,5,1,8,1,1,2
SF,IF2004,2020-03-03 09:33:55.800,4134.2000,5901,0,498906180.000,0,-,-,-,-,4133.2000,4133.0000,4130.6000,4130.0000,4128.0000,4135.0000,4135.2000,4135.6000,4138.0000,4138.8000,1,4,1,5,5,8,1,1,2,1
SF,IF2004,2020-03-03 09:33:56.300,4134.2000,5901,0,498906180.000,0,-,-,-,-,4133.4000,4133.2000,4133.0000,4130.6000,4130.0000,4135.0000,4135.2000,4135.6000,4138.0000,4138.8000,3,1,3,1,5,8,1,1,2,1
SF,IF2004,2020-03-03 09:33:56.800,4135.0000,5901,0,500146680.000,1,0,1,多换,S,4133.4000,4133.0000,4130.6000,4130.0000,4128.0000,4135.0000,4135.2000,4135.6000,4138.0000,4138.8000,3,3,1,10,5,7,1,1,2,1
SF,IF2004,2020-03-03 09:33:57.300,4135.0000,5901,0,503868180.000,3,1,2,多换,S,4133.6000,4133.4000,4133.0000,4130.6000,4130.0000,4135.0000,4135.2000,4135.6000,4138.0000,4138.8000,2,3,3,1,10,4,1,1,2,1
SF,IF2004,2020-03-03 09:33:57.800,4135.0000,5901,0,503868180.000,0,-,-,-,-,4134.4000,4133.8000,4133.6000,4133.0000,4130.0000,4135.0000,4135.2000,4135.6000,4138.0000,4138.8000,1,2,1,3,10,4,1,1,2,1
SF,IF2004,2020-03-03 09:33:58.300,4135.0000,5901,0,506349180.000,2,1,1,多换,S,4134.4000,4133.8000,4133.6000,4133.0000,4130.0000,4135.0000,4135.2000,4135.6000,4138.0000,4138.8000,1,2,1,3,10,2,2,1,2,1
SF,IF2004,2020-03-03 09:33:58.800,4135.0000,5903,2,508830180.000,2,2,0,双开,S,4134.6000,4134.4000,4133.8000,4133.6000,4133.0000,4135.2000,4135.6000,4138.0000,4138.8000,4140.0000,1,1,2,1,3,2,1,2,1,1
SF,IF2004,2020-03-03 09:33:59.300,4135.2000,5904,1,510070740.000,1,1,0,双开,S,4134.4000,4133.8000,4133.6000,4133.0000,4130.0000,4135.2000,4135.6000,4138.0000,4138.8000,4140.0000,1,2,1,3,10,1,1,2,1,1
SF,IF2004,2020-03-03 09:33:59.800,4135.2000,5905,1,511311300.000,1,1,0,双开,S,4134.8000,4134.6000,4134.4000,4133.8000,4133.6000,4135.6000,4138.0000,4138.8000,4140.0000,4141.6000,1,1,1,1,1,1,2,1,1,1
SF,IF2004,2020-03-03 09:34:00.300,4135.0000,5904,-1,513792480.000,2,0,2,多平,S,4135.0000,4134.8000,4134.4000,4133.8000,4133.6000,4138.0000,4138.8000,4140.0000,4141.6000,4142.0000,1,1,1,1,1,2,1,1,1,2
SF,IF2004,2020-03-03 09:34:00.800,4135.0000,5904,0,513792480.000,0,-,-,-,-,4135.4000,4135.2000,4135.0000,4134.4000,4133.8000,4137.4000,4137.8000,4138.0000,4138.2000,4138.8000,1,1,1,1,1,2,4,2,1,1
SF,IF2004,2020-03-03 09:34:01.300,4135.0000,5904,0,513792480.000,0,-,-,-,-,4135.2000,4135.0000,4134.4000,4133.8000,4133.0000,4137.2000,4137.8000,4138.0000,4138.8000,4140.0000,1,1,1,1,3,4,2,2,1,1
SF,IF2004,2020-03-03 09:34:01.800,4137.8000,5904,0,516274980.000,2,1,1,多换,S,4135.6000,4135.2000,4135.0000,4134.4000,4133.8000,4137.8000,4138.0000,4138.8000,4140.0000,4141.0000,1,1,1,1,1,1,2,1,1,2
SF,IF2004,2020-03-03 09:34:02.300,4137.8000,5904,0,516274980.000,0,-,-,-,-,4135.8000,4135.6000,4135.2000,4135.0000,4134.4000,4137.4000,4137.6000,4137.8000,4138.0000,4138.8000,1,1,1,1,1,2,2,1,2,1
SF,IF2004,2020-03-03 09:34:02.800,4135.6000,5902,-2,518756400.000,2,0,2,双平,S,4135.2000,4135.0000,4134.4000,4133.8000,4130.0000,4137.2000,4137.8000,4138.0000,4138.8000,4140.0000,1,1,1,1,10,5,1,2,1,1
SF,IF2004,2020-03-03 09:34:03.300,4134.4000,5900,-2,522477780.000,3,0,3,多平,S,4133.8000,4130.0000,4128.0000,4126.4000,4124.8000,4136.0000,4137.0000,4137.2000,4137.8000,4138.0000,1,10,5,2,1,6,4,3,1,2
SF,IF2004,2020-03-03 09:34:03.800,4133.8000,5899,-1,523717920.000,1,0,1,双平,S,4130.0000,4128.0000,4126.4000,4125.0000,4124.8000,4135.6000,4135.8000,4136.0000,4137.0000,4137.2000,5,5,2,5,1,2,2,6,2,1
SF,IF2004,2020-03-03 09:34:04.300,4133.8000,5899,0,523717920.000,0,-,-,-,-,4131.6000,4131.4000,4131.2000,4131.0000,4130.8000,4135.4000,4136.0000,4137.0000,4137.2000,4137.8000,3,1,1,1,1,1,6,2,1,1
SF,IF2004,2020-03-03 09:34:04.800,4133.8000,5899,0,523717920.000,0,-,-,-,-,4131.8000,4131.6000,4131.4000,4131.2000,4131.0000,4135.2000,4135.4000,4136.0000,4137.0000,4137.2000,4,4,1,1,1,2,1,6,2,1
SF,IF2004,2020-03-03 09:34:05.300,4133.8000,5899,0,523717920.000,0,-,-,-,-,4133.0000,4132.8000,4132.4000,4132.0000,4131.8000,4135.2000,4135.4000,4136.0000,4137.2000,4137.8000,1,1,1,1,4,2,1,6,1,1
SF,IF2004,2020-03-03 09:34:05.800,4134.8000,5900,1,526198800.000,2,1,1,空开,S,4133.0000,4131.8000,4131.4000,4131.0000,4130.8000,4135.0000,4136.0000,4137.2000,4137.8000,4138.0000,1,2,1,1,1,2,6,1,1,2
SF,IF2004,2020-03-03 09:34:06.300,4134.8000,5900,0,526198800.000,0,-,-,-,-,4133.2000,4133.0000,4131.8000,4131.4000,4131.0000,4135.0000,4136.0000,4137.2000,4137.8000,4138.0000,1,1,2,1,1,1,6,1,1,2
SF,IF2004,2020-03-03 09:34:06.800,4134.8000,5900,0,526198800.000,0,-,-,-,-,4133.4000,4133.2000,4133.0000,4131.8000,4131.4000,4136.0000,4137.2000,4137.8000,4138.0000,4138.8000,2,1,1,1,1,6,1,1,2,1
SF,IF2004,2020-03-03 09:34:07.300,4134.8000,5900,0,526198800.000,0,-,-,-,-,4133.4000,4133.0000,4131.8000,4131.4000,4131.0000,4135.8000,4136.0000,4137.2000,4137.8000,4138.0000,2,1,1,1,1,1,6,1,1,2
SF,IF2004,2020-03-03 09:34:07.800,4134.8000,5900,0,526198800.000,0,-,-,-,-,4133.8000,4131.8000,4131.4000,4131.0000,4130.8000,4135.0000,4135.6000,4135.8000,4136.0000,4137.2000,2,1,1,1,1,1,2,1,6,1
SF,IF2004,2020-03-03 09:34:08.300,4134.8000,5900,0,526198800.000,0,-,-,-,-,4134.0000,4131.8000,4131.4000,4131.0000,4130.8000,4135.0000,4135.6000,4135.8000,4136.0000,4137.2000,2,1,1,1,1,1,2,1,6,1
SF,IF2004,2020-03-03 09:34:09.300,4134.8000,5900,0,526198800.000,0,-,-,-,-,4134.0000,4131.8000,4131.4000,4131.0000,4130.8000,4135.0000,4135.6000,4135.8000,4136.0000,4137.2000,2,1,1,1,1,1,2,1,6,1
SF,IF2004,2020-03-03 09:34:09.800,4134.8000,5900,0,526198800.000,0,-,-,-,-,4134.0000,4131.8000,4131.0000,4130.8000,4130.6000,4135.0000,4135.6000,4135.8000,4136.0000,4137.2000,1,1,1,1,1,1,1,1,6,1
SF,IF2004,2020-03-03 09:34:10.300,4134.8000,5900,0,526198800.000,0,-,-,-,-,4134.0000,4131.8000,4130.8000,4130.6000,4130.2000,4135.0000,4135.6000,4135.8000,4136.0000,4137.2000,1,1,1,1,3,1,1,1,6,1
SF,IF2004,2020-03-03 09:34:10.800,4134.8000,5900,0,526198800.000,0,-,-,-,-,4134.0000,4131.8000,4130.8000,4130.6000,4130.2000,4135.0000,4135.6000,4135.8000,4136.0000,4137.2000,1,1,1,1,3,1,1,1,6,1
SF,IF2004,2020-03-03 09:34:11.800,4135.0000,5900,0,527439300.000,1,0,1,多换,S,4134.2000,4134.0000,4131.8000,4130.8000,4130.6000,4135.6000,4135.8000,4136.0000,4137.2000,4137.8000,2,1,1,1,1,1,1,6,1,1
SF,IF2004,2020-03-03 09:34:12.300,4135.0000,5900,0,527439300.000,0,-,-,-,-,4134.2000,4131.8000,4130.8000,4130.6000,4130.2000,4135.4000,4135.8000,4136.0000,4137.2000,4137.8000,2,1,1,1,3,1,1,6,1,1
SF,IF2004,2020-03-03 09:34:12.800,4135.0000,5900,0,527439300.000,0,-,-,-,-,4131.8000,4130.8000,4130.6000,4130.2000,4130.0000,4135.4000,4135.8000,4136.0000,4137.2000,4137.8000,1,1,1,3,7,1,1,6,1,1
SF,IF2004,2020-03-03 09:34:13.300,4135.0000,5900,0,527439300.000,0,-,-,-,-,4133.2000,4132.8000,4132.6000,4132.0000,4131.8000,4136.0000,4137.2000,4137.8000,4138.0000,4138.8000,2,2,1,5,1,6,1,1,2,1
SF,IF2004,2020-03-03 09:34:13.800,4135.0000,5900,0,527439300.000,0,-,-,-,-,4133.6000,4133.4000,4133.2000,4132.6000,4132.0000,4135.8000,4136.0000,4137.2000,4137.8000,4138.0000,2,1,2,1,3,1,6,1,1,2
SF,IF2004,2020-03-03 09:34:14.300,4135.0000,5900,0,527439300.000,0,-,-,-,-,4134.0000,4133.8000,4132.6000,4132.0000,4131.8000,4136.0000,4137.2000,4137.8000,4138.0000,4138.8000,2,4,1,3,1,7,1,1,2,1
SF,IF2004,2020-03-03 09:34:14.800,4135.0000,5900,0,527439300.000,0,-,-,-,-,4134.2000,4134.0000,4133.8000,4132.6000,4132.0000,4136.0000,4137.2000,4137.8000,4138.0000,4138.8000,5,1,3,1,3,7,1,1,2,1
SF,IF2004,2020-03-03 09:34:15.300,4135.0000,5900,0,527439300.000,0,-,-,-,-,4134.6000,4134.4000,4134.2000,4134.0000,4133.8000,4136.0000,4137.2000,4137.8000,4138.0000,4138.8000,2,1,3,1,3,7,1,1,2,1
SF,IF2004,2020-03-03 09:34:15.800,4136.0000,5894,-6,534884100.000,6,0,6,双平,S,4135.0000,4134.8000,4134.4000,4134.2000,4134.0000,4136.0000,4137.2000,4137.8000,4138.0000,4138.8000,2,1,1,2,1,1,1,1,2,1
SF,IF2004,2020-03-03 09:34:16.300,4136.0000,5893,-1,536124900.000,1,0,1,双平,S,4135.2000,4134.4000,4134.2000,4133.8000,4132.6000,4135.8000,4137.8000,4138.0000,4138.8000,4139.2000,3,1,2,3,1,1,1,2,1,2
SF,IF2004,2020-03-03 09:34:16.800,4136.0000,5892,-1,537365700.000,1,0,1,双平,S,4136.2000,4135.2000,4134.4000,4134.2000,4133.8000,4137.8000,4138.0000,4138.8000,4139.2000,4140.0000,1,1,1,2,3,1,2,1,2,1
SF,IF2004,2020-03-03 09:34:17.300,4136.2000,5891,-1,538606560.000,1,0,1,双平,S,4135.2000,4134.4000,4134.2000,4133.8000,4132.6000,4136.8000,4137.6000,4138.0000,4138.8000,4139.2000,1,1,2,3,1,2,1,2,1,2
SF,IF2004,2020-03-03 09:34:17.800,4136.2000,5891,0,538606560.000,0,-,-,-,-,4135.4000,4135.2000,4134.4000,4134.2000,4133.8000,4136.8000,4137.6000,4138.0000,4138.8000,4139.2000,2,1,1,2,3,2,1,2,1,2
SF,IF2004,2020-03-03 09:34:18.300,4136.2000,5891,0,538606560.000,0,-,-,-,-,4135.8000,4135.6000,4135.2000,4134.2000,4133.8000,4136.8000,4137.6000,4138.0000,4138.8000,4139.2000,2,1,1,2,3,2,1,2,1,2
SF,IF2004,2020-03-03 09:34:18.800,4136.2000,5891,0,538606560.000,0,-,-,-,-,4136.0000,4135.6000,4135.2000,4134.2000,4133.8000,4136.8000,4137.6000,4138.0000,4138.8000,4139.2000,3,1,1,2,3,2,1,2,1,2
SF,IF2004,2020-03-03 09:34:19.300,4136.2000,5891,0,538606560.000,0,-,-,-,-,4136.0000,4135.6000,4135.2000,4134.2000,4133.8000,4136.4000,4136.8000,4137.6000,4138.0000,4138.8000,1,1,1,2,3,1,2,1,2,1
SF,IF2004,2020-03-03 09:34:19.800,4136.0000,5891,0,541088280.000,2,1,1,多换,S,4135.2000,4134.2000,4133.8000,4132.6000,4132.0000,4136.8000,4137.6000,4138.0000,4138.8000,4139.2000,1,2,3,1,3,2,1,2,1,2
SF,IF2004,2020-03-03 09:34:20.300,4136.8000,5891,0,543570360.000,2,1,1,多换,S,4135.4000,4135.2000,4133.8000,4132.6000,4132.0000,4137.6000,4138.0000,4138.8000,4139.2000,4140.0000,2,1,3,1,3,1,2,1,2,1
SF,IF2004,2020-03-03 09:34:20.800,4136.8000,5891,0,543570360.000,0,-,-,-,-,4135.2000,4133.8000,4132.6000,4132.0000,4130.8000,4137.6000,4138.0000,4138.8000,4139.2000,4140.0000,1,3,1,3,1,1,2,1,2,1
SF,IF2004,2020-03-03 09:34:21.300,4136.8000,5891,0,543570360.000,0,-,-,-,-,4135.4000,4135.2000,4133.8000,4132.6000,4132.0000,4137.6000,4138.0000,4138.8000,4139.2000,4140.0000,2,1,3,1,3,1,2,1,2,1
SF,IF2004,2020-03-03 09:34:22.300,4136.8000,5891,0,543570360.000,0,-,-,-,-,4135.4000,4135.2000,4133.8000,4132.6000,4132.0000,4137.4000,4137.6000,4138.0000,4138.8000,4139.2000,2,1,3,1,3,1,1,2,1,2
SF,IF2004,2020-03-03 09:34:22.800,4136.8000,5891,0,543570360.000,0,-,-,-,-,4135.4000,4135.2000,4133.8000,4132.6000,4132.0000,4137.2000,4137.4000,4138.0000,4138.8000,4139.2000,2,1,3,1,3,1,1,2,1,2
SF,IF2004,2020-03-03 09:34:23.300,4136.8000,5891,0,543570360.000,0,-,-,-,-,4135.4000,4135.2000,4133.8000,4132.6000,4132.0000,4136.2000,4137.2000,4137.4000,4138.0000,4138.8000,2,1,3,1,3,1,1,1,2,1
SF,IF2004,2020-03-03 09:34:23.800,4136.8000,5891,0,543570360.000,0,-,-,-,-,4135.6000,4135.4000,4135.2000,4133.8000,4132.6000,4136.2000,4137.2000,4137.4000,4138.0000,4138.8000,1,2,1,3,1,1,1,1,2,1
SF,IF2004,2020-03-03 09:34:25.300,4136.2000,5891,0,544811220.000,1,0,1,多换,S,4135.6000,4135.4000,4135.2000,4133.8000,4132.6000,4137.2000,4137.4000,4138.0000,4138.8000,4139.2000,1,2,1,3,1,1,1,2,1,2
SF,IF2004,2020-03-03 09:34:26.300,4136.2000,5891,0,544811220.000,0,-,-,-,-,4135.4000,4135.2000,4133.8000,4132.6000,4132.0000,4137.2000,4137.4000,4138.0000,4138.8000,4139.2000,2,1,3,1,3,1,1,2,1,2
SF,IF2004,2020-03-03 09:34:26.800,4136.2000,5891,0,544811220.000,0,-,-,-,-,4135.8000,4135.6000,4135.4000,4133.8000,4132.6000,4137.2000,4137.4000,4138.0000,4138.8000,4139.2000,1,1,2,2,1,1,1,2,1,2
SF,IF2004,2020-03-03 09:34:27.300,4135.8000,5891,0,546051960.000,1,0,1,多换,S,4135.6000,4135.4000,4133.8000,4132.6000,4132.0000,4137.2000,4138.0000,4138.8000,4139.2000,4140.0000,1,2,2,1,3,1,2,1,2,1
SF,IF2004,2020-03-03 09:34:27.800,4135.8000,5891,0,546051960.000,0,-,-,-,-,4135.4000,4133.8000,4132.6000,4132.0000,4131.4000,4137.0000,4137.2000,4138.0000,4138.8000,4139.2000,1,2,1,3,1,1,1,2,1,4
SF,IF2004,2020-03-03 09:34:28.300,4135.8000,5891,0,546051960.000,0,-,-,-,-,4135.4000,4133.8000,4132.6000,4132.0000,4131.4000,4136.8000,4137.0000,4138.0000,4138.8000,4139.2000,1,2,1,3,1,1,1,2,1,4
SF,IF2004,2020-03-03 09:34:28.800,4135.8000,5891,0,546051960.000,0,-,-,-,-,4135.4000,4133.8000,4132.6000,4132.0000,4131.4000,4136.6000,4136.8000,4138.0000,4138.8000,4139.2000,1,2,1,3,1,1,1,2,1,4
SF,IF2004,2020-03-03 09:34:29.300,4135.8000,5891,0,546051960.000,0,-,-,-,-,4135.6000,4135.4000,4133.8000,4132.6000,4132.0000,4136.6000,4136.8000,4138.0000,4138.8000,4139.2000,2,1,2,1,3,1,1,2,1,4
SF,IF2004,2020-03-03 09:34:29.800,4135.8000,5891,0,546051960.000,0,-,-,-,-,4135.6000,4135.4000,4133.8000,4132.6000,4132.0000,4136.6000,4138.0000,4138.8000,4139.2000,4140.0000,2,1,2,1,3,1,2,1,4,1
SF,IF2004,2020-03-03 09:34:30.300,4135.8000,5891,0,546051960.000,0,-,-,-,-,4135.4000,4133.8000,4132.6000,4132.0000,4131.4000,4138.0000,4138.8000,4139.2000,4140.0000,4141.6000,1,2,1,3,1,2,1,4,1,1
SF,IF2004,2020-03-03 09:34:30.800,4135.8000,5891,0,546051960.000,0,-,-,-,-,4135.6000,4135.4000,4133.8000,4132.6000,4132.0000,4137.8000,4138.0000,4138.8000,4139.2000,4140.0000,1,1,2,1,3,2,2,1,4,1
SF,IF2004,2020-03-03 09:34:31.300,4135.8000,5891,0,546051960.000,0,-,-,-,-,4135.6000,4135.4000,4133.8000,4132.6000,4132.0000,4137.8000,4138.0000,4138.8000,4139.2000,4140.0000,1,1,2,1,3,2,2,1,4,1
