市场代码,合约代码,时间,最新,持仓,增仓,成交额,成交量,开仓,平仓,成交类型,方向,买一价,买二价,买三价,买四价,买五价,卖一价,卖二价,卖三价,卖四价,卖五价,买一量,买二量,买三量,买四量,买五量,卖一量,卖二量,卖三量,卖四量,卖五量
SF,IF2006,2019-11-25 09:29:00.200,3826.2000,3855,0,1147860.000,1.000,-,-,-,-,3824.0000,3822.6000,3817.8000,3816.4000,3815.6000,3828.2000,3830.2000,3831.0000,3832.0000,3840.0000,1,1,1,1,1,1,1,1,1,3
SF,IF2006,2019-11-25 09:30:00.200,3826.2000,3855,0,1147860.000,0,-,-,-,-,3824.2000,3824.0000,3822.6000,3817.8000,3815.6000,3831.0000,3832.0000,3840.0000,3842.4000,3844.6000,1,1,1,1,1,1,1,3,4,1
SF,IF2006,2019-11-25 09:30:00.700,3826.2000,3855,0,1147860.000,0,-,-,-,-,3825.0000,3824.2000,3817.8000,3815.0000,3813.0000,3830.0000,3830.8000,3831.0000,3832.0000,3840.0000,3,3,1,1,1,2,2,1,1,3
SF,IF2006,2019-11-25 09:30:01.200,3826.2000,3855,0,1147860.000,0,-,-,-,-,3826.6000,3825.2000,3825.0000,3822.0000,3817.8000,3829.6000,3829.8000,3830.0000,3831.0000,3832.0000,1,2,3,5,1,1,2,2,1,1
SF,IF2006,2019-11-25 09:30:01.700,3826.2000,3855,0,1147860.000,0,-,-,-,-,3826.8000,3822.0000,3817.8000,3815.0000,3813.0000,3829.4000,3829.6000,3830.0000,3831.0000,3832.0000,4,5,1,1,1,2,1,2,1,1
SF,IF2006,2019-11-25 09:30:02.200,3826.2000,3855,0,1147860.000,0,-,-,-,-,3826.8000,3826.6000,3822.0000,3817.8000,3815.0000,3829.6000,3830.0000,3831.0000,3838.0000,3838.8000,4,1,5,1,1,1,2,1,3,5
SF,IF2006,2019-11-25 09:30:02.700,3829.6000,3854,-1,2296740.000,1,0,1,双平,S,3827.0000,3826.8000,3826.6000,3822.0000,3817.8000,3830.0000,3831.0000,3838.0000,3838.8000,3840.0000,1,4,1,5,1,2,1,3,5,3
SF,IF2006,2019-11-25 09:30:03.200,3829.6000,3854,0,2296740.000,0,-,-,-,-,3829.6000,3827.2000,3827.0000,3826.6000,3822.0000,3831.0000,3838.0000,3838.8000,3840.0000,3842.4000,1,2,1,1,5,1,3,5,3,4
SF,IF2006,2019-11-25 09:30:03.700,3829.6000,3853,-1,4594500.000,2,0,2,多平,S,3827.4000,3826.6000,3822.0000,3817.8000,3815.0000,3831.0000,3832.6000,3838.0000,3838.8000,3840.0000,1,1,5,1,1,3,1,3,5,3
SF,IF2006,2019-11-25 09:30:04.200,3829.6000,3853,0,4594500.000,0,-,-,-,-,3829.8000,3827.6000,3826.6000,3822.0000,3817.8000,3830.8000,3831.0000,3838.0000,3838.8000,3840.0000,2,2,1,5,1,2,3,3,5,3
SF,IF2006,2019-11-25 09:30:04.700,3829.8000,3851,-2,6892380.000,2,0,2,双平,S,3826.6000,3822.0000,3817.8000,3815.0000,3813.0000,3831.0000,3838.0000,3838.8000,3840.0000,3842.4000,1,5,1,1,1,3,3,5,3,4
SF,IF2006,2019-11-25 09:30:05.200,3829.8000,3851,0,6892380.000,0,-,-,-,-,3826.8000,3826.6000,3822.0000,3817.8000,3815.0000,3831.0000,3838.0000,3838.8000,3840.0000,3842.4000,3,1,5,1,1,3,3,5,3,4
SF,IF2006,2019-11-25 09:30:05.700,3829.8000,3851,0,6892380.000,0,-,-,-,-,3826.8000,3826.6000,3822.0000,3817.8000,3815.0000,3831.0000,3838.0000,3838.8000,3840.0000,3842.4000,2,1,5,1,1,3,3,5,3,4
SF,IF2006,2019-11-25 09:30:06.200,3829.8000,3851,0,6892380.000,0,-,-,-,-,3828.0000,3827.4000,3827.0000,3826.8000,3826.6000,3831.0000,3838.0000,3838.8000,3840.0000,3842.4000,1,1,1,2,1,3,3,5,3,4
SF,IF2006,2019-11-25 09:30:06.700,3829.8000,3851,0,6892380.000,0,-,-,-,-,3828.2000,3828.0000,3827.4000,3826.6000,3822.0000,3831.0000,3838.0000,3838.8000,3840.0000,3842.4000,1,1,1,1,5,3,3,5,3,4
SF,IF2006,2019-11-25 09:30:07.200,3831.0000,3852,1,8041680.000,1,1,0,双开,S,3828.4000,3828.2000,3827.4000,3826.6000,3822.0000,3831.0000,3838.0000,3838.8000,3840.0000,3842.4000,1,1,1,1,5,2,3,5,3,4
SF,IF2006,2019-11-25 09:30:07.700,3831.0000,3852,0,8041680.000,0,-,-,-,-,3828.6000,3827.4000,3826.6000,3822.0000,3820.0000,3831.0000,3838.0000,3838.8000,3840.0000,3842.4000,2,1,1,5,6,2,3,5,3,4
SF,IF2006,2019-11-25 09:30:09.200,3831.0000,3852,0,8041680.000,0,-,-,-,-,3828.6000,3827.4000,3826.6000,3822.0000,3820.0000,3830.8000,3831.0000,3838.0000,3838.8000,3840.0000,2,1,1,5,6,2,2,3,5,3
SF,IF2006,2019-11-25 09:30:09.700,3831.0000,3852,0,8041680.000,0,-,-,-,-,3827.4000,3826.6000,3822.0000,3820.0000,3817.8000,3830.8000,3831.0000,3838.0000,3838.8000,3840.0000,1,1,5,6,1,2,2,3,5,3
SF,IF2006,2019-11-25 09:30:10.200,3830.8000,3850,-2,10340160.000,2,0,2,双平,S,3827.6000,3827.4000,3826.6000,3822.0000,3820.0000,3831.0000,3838.0000,3838.8000,3840.0000,3842.4000,3,1,1,5,6,2,3,5,3,4
SF,IF2006,2019-11-25 09:30:10.700,3830.8000,3850,0,10340160.000,0,-,-,-,-,3827.8000,3827.6000,3827.4000,3826.6000,3822.0000,3831.0000,3838.0000,3838.8000,3840.0000,3842.4000,1,1,1,1,5,2,3,5,3,4
SF,IF2006,2019-11-25 09:30:11.200,3830.8000,3850,0,10340160.000,0,-,-,-,-,3828.0000,3827.8000,3827.4000,3826.6000,3822.0000,3830.8000,3831.0000,3838.0000,3838.8000,3840.0000,1,1,1,1,5,1,2,3,5,3
SF,IF2006,2019-11-25 09:30:11.700,3830.8000,3850,0,10340160.000,0,-,-,-,-,3828.0000,3827.4000,3826.6000,3822.0000,3820.0000,3830.8000,3831.0000,3838.0000,3838.8000,3840.0000,1,1,1,5,6,1,2,3,5,3
SF,IF2006,2019-11-25 09:30:12.200,3830.8000,3850,0,10340160.000,0,-,-,-,-,3827.4000,3826.6000,3822.0000,3820.0000,3817.8000,3830.8000,3831.0000,3838.0000,3838.8000,3840.0000,1,1,5,6,1,1,2,3,5,3
SF,IF2006,2019-11-25 09:30:13.700,3830.8000,3850,0,10340160.000,0,-,-,-,-,3826.6000,3822.0000,3820.0000,3817.8000,3815.0000,3830.8000,3831.0000,3838.0000,3838.8000,3840.0000,1,5,6,1,1,1,2,3,5,3
SF,IF2006,2019-11-25 09:30:14.200,3830.8000,3850,0,10340160.000,0,-,-,-,-,3826.8000,3822.0000,3820.0000,3817.8000,3815.0000,3830.8000,3831.0000,3838.0000,3838.8000,3840.0000,3,5,6,1,1,1,2,3,5,3
SF,IF2006,2019-11-25 09:30:14.700,3830.8000,3850,0,10340160.000,0,-,-,-,-,3827.0000,3826.8000,3822.0000,3820.0000,3817.8000,3830.6000,3830.8000,3831.0000,3838.0000,3838.8000,1,2,5,6,1,1,1,2,3,5
SF,IF2006,2019-11-25 09:30:15.200,3830.8000,3850,0,10340160.000,0,-,-,-,-,3827.0000,3826.8000,3822.0000,3820.0000,3817.8000,3830.4000,3830.6000,3831.0000,3838.0000,3838.8000,1,1,5,6,1,1,1,2,3,5
SF,IF2006,2019-11-25 09:30:15.700,3830.8000,3850,0,10340160.000,0,-,-,-,-,3827.2000,3827.0000,3826.8000,3822.0000,3820.0000,3830.4000,3830.6000,3831.0000,3838.0000,3838.8000,1,1,1,5,6,1,1,2,3,5
SF,IF2006,2019-11-25 09:30:16.200,3830.8000,3850,0,10340160.000,0,-,-,-,-,3827.4000,3822.0000,3820.0000,3817.8000,3815.0000,3830.4000,3831.0000,3838.0000,3838.8000,3840.0000,1,5,6,1,1,1,2,3,5,3
SF,IF2006,2019-11-25 09:30:17.200,3830.8000,3850,0,10340160.000,0,-,-,-,-,3822.0000,3820.0000,3817.8000,3815.0000,3813.0000,3830.0000,3830.4000,3831.0000,3838.0000,3838.8000,5,6,1,1,1,1,1,2,3,5
SF,IF2006,2019-11-25 09:30:17.700,3830.8000,3850,0,10340160.000,0,-,-,-,-,3824.2000,3822.8000,3822.2000,3822.0000,3820.0000,3829.8000,3830.0000,3831.0000,3838.0000,3838.8000,3,1,2,8,6,1,1,2,3,5
SF,IF2006,2019-11-25 09:30:18.200,3830.8000,3850,0,10340160.000,0,-,-,-,-,3824.4000,3824.2000,3822.8000,3822.2000,3822.0000,3829.8000,3831.0000,3838.0000,3838.8000,3840.0000,1,3,1,1,8,1,2,3,5,3
SF,IF2006,2019-11-25 09:30:18.700,3830.8000,3850,0,10340160.000,0,-,-,-,-,3825.2000,3824.6000,3822.8000,3822.2000,3822.0000,3829.8000,3831.0000,3838.0000,3838.8000,3840.0000,1,2,1,1,8,1,2,3,5,3
SF,IF2006,2019-11-25 09:30:19.200,3830.8000,3850,0,10340160.000,0,-,-,-,-,3825.4000,3825.2000,3822.8000,3822.2000,3822.0000,3829.8000,3831.0000,3838.0000,3838.8000,3840.0000,1,1,1,1,8,1,2,3,5,3
SF,IF2006,2019-11-25 09:30:19.700,3830.8000,3850,0,10340160.000,0,-,-,-,-,3825.6000,3825.4000,3825.2000,3822.8000,3822.2000,3829.8000,3831.0000,3838.0000,3838.8000,3840.0000,1,1,1,1,1,1,2,3,5,3
SF,IF2006,2019-11-25 09:30:20.200,3830.8000,3850,0,10340160.000,0,-,-,-,-,3826.0000,3825.6000,3822.8000,3822.2000,3822.0000,3829.8000,3831.0000,3838.0000,3838.8000,3840.0000,1,1,1,1,8,1,2,3,5,4
SF,IF2006,2019-11-25 09:30:20.700,3830.8000,3850,0,10340160.000,0,-,-,-,-,3826.2000,3826.0000,3822.8000,3822.2000,3822.0000,3829.8000,3831.0000,3838.0000,3838.8000,3840.0000,1,1,1,1,8,1,2,3,5,4
SF,IF2006,2019-11-25 09:30:21.200,3830.8000,3850,0,10340160.000,0,-,-,-,-,3826.2000,3822.8000,3822.2000,3822.0000,3820.0000,3828.0000,3829.6000,3829.8000,3831.0000,3838.0000,1,1,1,8,6,1,1,1,2,3
SF,IF2006,2019-11-25 09:30:21.700,3830.8000,3850,0,10340160.000,0,-,-,-,-,3822.8000,3822.2000,3822.0000,3820.0000,3817.8000,3829.6000,3831.0000,3838.0000,3838.8000,3840.0000,1,1,8,6,1,2,2,3,5,4
SF,IF2006,2019-11-25 09:30:22.200,3830.8000,3850,0,10340160.000,0,-,-,-,-,3823.6000,3823.0000,3822.8000,3822.2000,3822.0000,3829.4000,3829.6000,3831.0000,3838.0000,3838.8000,3,1,1,1,8,2,2,2,3,5
SF,IF2006,2019-11-25 09:30:22.700,3830.8000,3850,0,10340160.000,0,-,-,-,-,3824.8000,3823.8000,3823.6000,3822.8000,3822.2000,3829.4000,3829.6000,3831.0000,3838.0000,3838.8000,1,1,3,1,1,2,2,2,3,5
SF,IF2006,2019-11-25 09:30:23.200,3830.8000,3850,0,10340160.000,0,-,-,-,-,3825.0000,3824.8000,3822.8000,3822.2000,3822.0000,3829.4000,3831.0000,3838.0000,3838.8000,3840.0000,2,1,1,1,8,2,2,3,5,4
SF,IF2006,2019-11-25 09:30:24.200,3830.8000,3850,0,10340160.000,0,-,-,-,-,3825.0000,3824.8000,3822.8000,3822.2000,3822.0000,3828.0000,3829.4000,3831.0000,3838.0000,3838.8000,2,1,1,1,8,1,2,2,3,5
SF,IF2006,2019-11-25 09:30:24.700,3830.8000,3850,0,10340160.000,0,-,-,-,-,3825.0000,3824.8000,3822.8000,3822.2000,3822.0000,3829.2000,3831.0000,3838.0000,3838.8000,3840.0000,1,1,1,1,8,1,2,3,5,4
SF,IF2006,2019-11-25 09:30:25.200,3830.8000,3850,0,10340160.000,0,-,-,-,-,3825.0000,3824.8000,3822.8000,3822.2000,3822.0000,3828.0000,3829.0000,3829.2000,3831.0000,3838.0000,1,1,1,1,8,1,1,1,2,3
SF,IF2006,2019-11-25 09:30:25.700,3830.8000,3850,0,10340160.000,0,-,-,-,-,3825.4000,3825.0000,3822.8000,3822.2000,3822.0000,3829.2000,3831.0000,3838.0000,3838.8000,3840.0000,1,1,1,1,8,1,2,3,5,4
SF,IF2006,2019-11-25 09:30:26.200,3830.8000,3850,0,10340160.000,0,-,-,-,-,3825.6000,3825.4000,3822.8000,3822.2000,3822.0000,3829.0000,3831.0000,3838.0000,3838.8000,3840.0000,1,1,1,1,8,1,2,3,5,4
SF,IF2006,2019-11-25 09:30:26.700,3830.8000,3850,0,10340160.000,0,-,-,-,-,3825.6000,3822.8000,3822.2000,3822.0000,3820.0000,3829.0000,3831.0000,3838.0000,3838.8000,3840.0000,1,1,1,8,6,1,2,3,5,4
SF,IF2006,2019-11-25 09:30:27.200,3830.8000,3850,0,10340160.000,0,-,-,-,-,3825.6000,3822.8000,3822.2000,3822.0000,3820.0000,3829.0000,3831.0000,3838.0000,3838.8000,3840.0000,1,1,1,8,6,1,2,3,5,4
SF,IF2006,2019-11-25 09:30:27.700,3830.8000,3850,0,10340160.000,0,-,-,-,-,3825.8000,3825.6000,3822.8000,3822.2000,3822.0000,3829.0000,3831.0000,3838.0000,3838.8000,3840.0000,1,1,1,1,8,1,2,3,5,4
SF,IF2006,2019-11-25 09:30:28.200,3830.8000,3850,0,10340160.000,0,-,-,-,-,3826.0000,3822.8000,3822.2000,3822.0000,3820.0000,3829.0000,3831.0000,3838.0000,3838.8000,3840.0000,2,1,1,8,6,1,2,3,5,4
SF,IF2006,2019-11-25 09:30:29.200,3829.2000,3850,0,11488920.000,1,0,1,多换,S,3826.0000,3822.8000,3822.2000,3822.0000,3820.0000,3830.8000,3831.0000,3838.0000,3838.8000,3840.0000,2,1,1,8,6,1,2,3,5,4
SF,IF2006,2019-11-25 09:30:30.200,3829.2000,3850,0,11488920.000,0,-,-,-,-,3826.8000,3826.0000,3822.8000,3822.2000,3822.0000,3830.8000,3831.0000,3838.0000,3838.8000,3840.0000,1,2,1,1,8,1,2,3,5,4
SF,IF2006,2019-11-25 09:30:30.700,3829.2000,3850,0,11488920.000,0,-,-,-,-,3827.0000,3826.8000,3822.8000,3822.2000,3822.0000,3830.8000,3831.0000,3838.0000,3838.8000,3840.0000,2,1,1,1,8,1,2,3,5,4
SF,IF2006,2019-11-25 09:30:31.200,3829.2000,3850,0,11488920.000,0,-,-,-,-,3827.2000,3826.8000,3822.8000,3822.2000,3822.0000,3830.8000,3831.0000,3838.0000,3838.8000,3840.0000,1,1,1,1,8,1,2,3,5,4
SF,IF2006,2019-11-25 09:30:31.700,3829.2000,3850,0,11488920.000,0,-,-,-,-,3830.8000,3827.8000,3827.2000,3822.2000,3822.0000,3831.0000,3838.0000,3838.8000,3840.0000,3842.4000,1,1,1,1,8,2,3,5,4,4
SF,IF2006,2019-11-25 09:30:32.200,3830.8000,3850,0,12638160.000,1,0,1,多换,S,3827.8000,3822.2000,3822.0000,3820.0000,3817.8000,3830.8000,3831.0000,3838.0000,3838.8000,3840.0000,1,1,8,6,1,1,2,3,5,4
SF,IF2006,2019-11-25 09:30:32.700,3830.8000,3850,0,12638160.000,0,-,-,-,-,3828.0000,3827.8000,3822.2000,3822.0000,3820.0000,3830.8000,3831.0000,3838.0000,3838.8000,3840.0000,1,1,1,8,6,1,2,3,5,4
SF,IF2006,2019-11-25 09:30:33.200,3830.8000,3850,0,12638160.000,0,-,-,-,-,3828.2000,3828.0000,3822.2000,3822.0000,3820.0000,3830.8000,3831.0000,3838.0000,3838.8000,3840.0000,1,1,1,8,6,1,2,3,5,4
SF,IF2006,2019-11-25 09:30:33.700,3830.8000,3850,0,12638160.000,0,-,-,-,-,3828.4000,3828.2000,3822.2000,3822.0000,3820.0000,3830.8000,3831.0000,3838.0000,3838.8000,3840.0000,1,1,1,8,6,1,2,3,5,4
SF,IF2006,2019-11-25 09:30:36.700,3830.8000,3850,0,12638160.000,0,-,-,-,-,3828.4000,3828.2000,3822.2000,3822.0000,3820.0000,3830.8000,3831.0000,3838.0000,3838.8000,3840.0000,1,1,1,8,6,1,2,3,5,4
SF,IF2006,2019-11-25 09:30:38.200,3830.8000,3850,0,12638160.000,0,-,-,-,-,3828.6000,3828.4000,3822.2000,3822.0000,3820.0000,3830.8000,3831.0000,3838.0000,3838.8000,3840.0000,1,1,1,8,6,1,2,3,5,4
SF,IF2006,2019-11-25 09:30:38.700,3830.8000,3850,0,12638160.000,0,-,-,-,-,3822.2000,3822.0000,3820.0000,3817.8000,3815.0000,3830.8000,3831.0000,3838.0000,3838.8000,3840.0000,1,8,6,1,1,1,2,3,5,4
SF,IF2006,2019-11-25 09:30:39.200,3830.8000,3850,0,12638160.000,0,-,-,-,-,3826.2000,3825.0000,3822.8000,3822.4000,3822.2000,3830.8000,3831.0000,3838.0000,3838.8000,3840.0000,3,1,1,1,1,1,2,3,5,4
SF,IF2006,2019-11-25 09:30:39.700,3830.8000,3850,0,12638160.000,0,-,-,-,-,3826.2000,3825.0000,3822.8000,3822.2000,3822.0000,3830.8000,3831.0000,3838.0000,3838.8000,3840.0000,3,1,1,1,8,1,2,3,5,4
SF,IF2006,2019-11-25 09:30:40.200,3830.8000,3850,0,12638160.000,0,-,-,-,-,3827.2000,3826.6000,3826.2000,3822.2000,3822.0000,3830.8000,3831.0000,3838.0000,3838.8000,3840.0000,1,1,3,1,8,1,2,3,5,4
SF,IF2006,2019-11-25 09:30:40.700,3830.8000,3850,0,12638160.000,0,-,-,-,-,3827.4000,3827.2000,3826.6000,3822.2000,3822.0000,3830.8000,3831.0000,3838.0000,3838.8000,3840.0000,2,1,1,1,8,1,2,3,5,4
SF,IF2006,2019-11-25 09:30:41.700,3830.8000,3850,0,12638160.000,0,-,-,-,-,3827.4000,3826.6000,3822.2000,3822.0000,3820.0000,3830.8000,3831.0000,3838.0000,3838.8000,3840.0000,2,1,1,8,6,1,2,3,5,4
SF,IF2006,2019-11-25 09:30:42.200,3830.8000,3850,0,12638160.000,0,-,-,-,-,3828.2000,3827.4000,3826.6000,3822.2000,3822.0000,3830.8000,3831.0000,3838.0000,3838.8000,3840.0000,1,2,1,1,8,1,2,3,5,4
SF,IF2006,2019-11-25 09:30:42.700,3830.8000,3850,0,12638160.000,0,-,-,-,-,3828.4000,3828.2000,3826.6000,3822.2000,3822.0000,3830.8000,3831.0000,3838.0000,3838.8000,3840.0000,2,1,1,1,8,1,2,3,5,4
SF,IF2006,2019-11-25 09:30:44.700,3830.8000,3850,0,12638160.000,0,-,-,-,-,3828.4000,3826.6000,3822.2000,3822.0000,3820.0000,3830.8000,3831.0000,3838.0000,3838.8000,3840.0000,2,1,1,8,6,1,2,3,5,4
SF,IF2006,2019-11-25 09:30:45.200,3830.8000,3850,0,12638160.000,0,-,-,-,-,3828.8000,3828.6000,3826.6000,3822.2000,3822.0000,3830.8000,3831.0000,3838.0000,3838.8000,3840.0000,1,1,1,1,8,1,2,3,5,4
SF,IF2006,2019-11-25 09:30:45.700,3830.8000,3850,0,13787400.000,1,0,1,多换,S,3829.0000,3828.8000,3826.6000,3822.2000,3822.0000,3831.0000,3838.0000,3838.8000,3840.0000,3842.4000,1,1,1,1,8,2,3,5,4,4
SF,IF2006,2019-11-25 09:30:46.700,3830.8000,3850,0,13787400.000,0,-,-,-,-,3829.0000,3826.6000,3822.2000,3822.0000,3820.0000,3831.0000,3838.0000,3838.8000,3840.0000,3842.4000,1,1,1,8,6,2,3,5,4,4
SF,IF2006,2019-11-25 09:30:49.200,3830.8000,3850,0,13787400.000,0,-,-,-,-,3829.0000,3826.6000,3822.2000,3822.0000,3820.0000,3831.0000,3838.0000,3838.8000,3840.0000,3842.4000,1,1,1,8,6,2,3,5,4,4
SF,IF2006,2019-11-25 09:30:50.700,3830.8000,3850,0,13787400.000,0,-,-,-,-,3829.0000,3826.6000,3822.2000,3822.0000,3820.0000,3831.0000,3838.0000,3838.8000,3840.0000,3842.4000,1,1,1,8,6,2,3,5,4,4
SF,IF2006,2019-11-25 09:30:52.200,3829.0000,3849,-1,14936100.000,1,0,1,双平,S,3826.8000,3826.6000,3822.2000,3822.0000,3820.0000,3829.0000,3831.0000,3831.4000,3838.0000,3838.8000,1,1,1,8,6,1,2,1,3,5
SF,IF2006,2019-11-25 09:30:52.700,3829.0000,3849,0,14936100.000,0,-,-,-,-,3826.8000,3826.6000,3822.2000,3822.0000,3820.0000,3829.0000,3831.0000,3838.0000,3838.8000,3840.0000,1,1,1,8,6,1,2,3,5,4
SF,IF2006,2019-11-25 09:30:53.200,3829.0000,3849,0,14936100.000,0,-,-,-,-,3826.8000,3822.2000,3822.0000,3820.0000,3817.8000,3829.0000,3831.0000,3838.0000,3838.8000,3840.0000,1,1,8,6,1,1,2,3,5,4
SF,IF2006,2019-11-25 09:30:53.700,3829.0000,3849,0,14936100.000,0,-,-,-,-,3826.8000,3826.6000,3822.2000,3822.0000,3820.0000,3831.0000,3838.0000,3838.8000,3840.0000,3842.4000,1,1,1,8,6,2,3,5,4,4
SF,IF2006,2019-11-25 09:30:54.200,3829.0000,3849,0,14936100.000,0,-,-,-,-,3827.0000,3826.8000,3826.6000,3822.2000,3822.0000,3830.8000,3831.0000,3838.0000,3838.8000,3840.0000,1,1,1,1,8,1,2,3,5,4
SF,IF2006,2019-11-25 09:30:54.700,3829.0000,3849,0,14936100.000,0,-,-,-,-,3827.6000,3827.2000,3827.0000,3826.6000,3822.2000,3830.8000,3831.0000,3838.0000,3838.8000,3840.0000,1,2,1,1,1,1,2,3,5,4
SF,IF2006,2019-11-25 09:30:55.200,3829.0000,3849,0,14936100.000,0,-,-,-,-,3827.8000,3827.6000,3827.0000,3826.6000,3822.2000,3830.8000,3831.0000,3838.0000,3838.8000,3840.0000,1,1,1,1,1,1,2,3,5,4
SF,IF2006,2019-11-25 09:30:55.700,3829.0000,3849,0,14936100.000,0,-,-,-,-,3827.8000,3827.6000,3827.0000,3826.6000,3822.2000,3830.4000,3830.8000,3831.0000,3838.0000,3838.8000,1,1,1,1,1,1,1,2,3,5
SF,IF2006,2019-11-25 09:30:56.200,3829.0000,3849,0,14936100.000,0,-,-,-,-,3827.6000,3827.0000,3826.6000,3822.2000,3822.0000,3830.2000,3830.4000,3831.0000,3838.0000,3838.8000,1,1,1,1,8,1,1,2,3,5
SF,IF2006,2019-11-25 09:30:56.700,3829.0000,3849,0,14936100.000,0,-,-,-,-,3827.6000,3827.0000,3822.2000,3822.0000,3820.0000,3830.2000,3830.4000,3831.0000,3838.0000,3838.8000,1,1,1,8,6,1,1,2,3,5
SF,IF2006,2019-11-25 09:30:58.700,3829.0000,3849,0,14936100.000,0,-,-,-,-,3827.6000,3822.2000,3822.0000,3820.0000,3817.8000,3830.2000,3830.4000,3831.0000,3838.0000,3838.8000,1,1,8,6,1,1,1,2,3,5
SF,IF2006,2019-11-25 09:31:00.200,3829.0000,3849,0,14936100.000,0,-,-,-,-,3827.6000,3822.2000,3822.0000,3820.0000,3817.8000,3830.2000,3830.4000,3830.8000,3831.0000,3838.0000,1,1,8,6,1,1,1,1,2,3
SF,IF2006,2019-11-25 09:31:00.700,3829.0000,3849,0,14936100.000,0,-,-,-,-,3827.8000,3827.6000,3822.2000,3822.0000,3820.0000,3830.2000,3830.4000,3830.8000,3831.0000,3838.0000,1,1,1,8,6,1,1,1,2,3
SF,IF2006,2019-11-25 09:31:01.200,3829.0000,3849,0,14936100.000,0,-,-,-,-,3827.8000,3827.6000,3822.2000,3822.0000,3820.0000,3830.4000,3830.8000,3831.0000,3838.0000,3838.8000,1,1,1,8,6,1,1,2,3,5
SF,IF2006,2019-11-25 09:31:01.700,3829.0000,3849,0,14936100.000,0,-,-,-,-,3827.8000,3827.6000,3822.2000,3822.0000,3820.0000,3830.8000,3831.0000,3838.0000,3838.8000,3840.0000,1,1,1,8,6,1,2,3,5,4
SF,IF2006,2019-11-25 09:31:02.200,3829.0000,3849,0,14936100.000,0,-,-,-,-,3828.4000,3827.8000,3822.2000,3822.0000,3820.0000,3830.6000,3830.8000,3831.0000,3838.0000,3838.8000,1,1,1,8,6,1,1,2,3,5
SF,IF2006,2019-11-25 09:31:02.700,3829.0000,3849,0,14936100.000,0,-,-,-,-,3822.2000,3822.0000,3820.0000,3817.8000,3815.0000,3830.6000,3830.8000,3831.0000,3838.0000,3838.8000,1,8,6,1,1,1,1,2,3,5
SF,IF2006,2019-11-25 09:31:03.200,3829.0000,3849,0,14936100.000,0,-,-,-,-,3828.4000,3826.6000,3826.2000,3825.6000,3822.2000,3830.6000,3830.8000,3831.0000,3838.0000,3838.8000,1,1,3,1,1,1,1,2,3,5
SF,IF2006,2019-11-25 09:31:03.700,3829.0000,3849,0,14936100.000,0,-,-,-,-,3828.4000,3826.6000,3825.6000,3822.2000,3822.0000,3830.6000,3830.8000,3831.0000,3838.0000,3838.8000,1,1,1,1,8,1,1,2,3,5
SF,IF2006,2019-11-25 09:31:04.200,3829.0000,3849,0,14936100.000,0,-,-,-,-,3828.4000,3826.6000,3825.6000,3822.2000,3822.0000,3830.8000,3831.0000,3838.0000,3838.8000,3840.0000,1,1,1,1,8,1,2,3,5,4
SF,IF2006,2019-11-25 09:31:04.700,3829.0000,3849,0,14936100.000,0,-,-,-,-,3828.6000,3828.4000,3826.6000,3825.6000,3822.2000,3830.8000,3831.0000,3838.0000,3838.8000,3840.0000,1,1,1,1,1,1,2,3,5,4
SF,IF2006,2019-11-25 09:31:05.200,3829.0000,3849,0,14936100.000,0,-,-,-,-,3828.6000,3826.6000,3825.6000,3822.2000,3822.0000,3830.8000,3831.0000,3838.0000,3838.8000,3840.0000,1,1,1,1,8,1,2,3,5,4
SF,IF2006,2019-11-25 09:31:05.700,3829.0000,3849,0,14936100.000,0,-,-,-,-,3828.6000,3826.6000,3822.2000,3822.0000,3820.0000,3830.8000,3831.0000,3838.0000,3838.8000,3840.0000,1,1,1,8,6,1,2,3,5,4
SF,IF2006,2019-11-25 09:31:12.200,3828.6000,3848,-1,16084680.000,1,0,1,双平,S,3825.0000,3822.2000,3822.0000,3820.0000,3817.8000,3829.6000,3830.8000,3831.0000,3838.0000,3838.8000,1,1,8,6,1,1,1,2,3,5
SF,IF2006,2019-11-25 09:31:13.200,3828.6000,3848,0,16084680.000,0,-,-,-,-,3826.6000,3825.0000,3822.2000,3822.0000,3820.0000,3829.6000,3830.8000,3831.0000,3838.0000,3838.8000,1,1,1,8,6,1,1,2,3,5
SF,IF2006,2019-11-25 09:31:13.700,3828.6000,3848,0,16084680.000,0,-,-,-,-,3826.6000,3822.2000,3822.0000,3820.0000,3817.8000,3829.6000,3830.8000,3831.0000,3838.0000,3838.8000,1,1,8,6,1,1,1,2,3,5
SF,IF2006,2019-11-25 09:31:15.200,3828.6000,3848,0,16084680.000,0,-,-,-,-,3826.6000,3822.2000,3822.0000,3820.0000,3817.8000,3829.6000,3830.8000,3831.0000,3838.0000,3838.8000,1,1,8,6,1,1,1,2,3,5
SF,IF2006,2019-11-25 09:31:15.700,3828.6000,3848,0,16084680.000,0,-,-,-,-,3826.6000,3822.2000,3822.0000,3820.0000,3817.8000,3829.6000,3830.8000,3831.0000,3838.0000,3838.8000,1,1,8,6,1,1,1,2,3,5
SF,IF2006,2019-11-25 09:31:16.200,3828.6000,3848,0,16084680.000,0,-,-,-,-,3822.2000,3822.0000,3820.0000,3817.8000,3815.0000,3829.6000,3830.8000,3831.0000,3838.0000,3838.8000,1,8,6,1,1,1,1,2,3,5
SF,IF2006,2019-11-25 09:31:16.700,3828.6000,3848,0,16084680.000,0,-,-,-,-,3823.2000,3822.8000,3822.2000,3822.0000,3820.0000,3829.6000,3830.8000,3831.0000,3838.0000,3838.8000,3,1,1,8,6,1,1,2,3,5
SF,IF2006,2019-11-25 09:31:17.200,3828.6000,3848,0,16084680.000,0,-,-,-,-,3825.4000,3824.6000,3823.2000,3822.8000,3822.2000,3829.6000,3830.8000,3831.0000,3838.0000,3838.8000,1,1,3,1,1,1,1,2,3,5
SF,IF2006,2019-11-25 09:31:17.700,3828.6000,3848,0,16084680.000,0,-,-,-,-,3825.6000,3825.4000,3822.8000,3822.2000,3822.0000,3829.6000,3830.8000,3831.0000,3838.0000,3838.8000,1,1,1,1,8,1,1,2,3,5
SF,IF2006,2019-11-25 09:31:18.700,3828.6000,3848,0,16084680.000,0,-,-,-,-,3825.6000,3822.8000,3822.2000,3822.0000,3820.0000,3829.6000,3830.8000,3831.0000,3838.0000,3838.8000,1,1,1,8,6,1,1,2,3,5
SF,IF2006,2019-11-25 09:31:19.200,3828.6000,3848,0,16084680.000,0,-,-,-,-,3826.6000,3825.6000,3822.2000,3822.0000,3820.0000,3829.6000,3830.8000,3831.0000,3838.0000,3838.8000,1,1,1,8,6,1,1,2,3,5
SF,IF2006,2019-11-25 09:31:19.700,3828.6000,3848,0,16084680.000,0,-,-,-,-,3822.2000,3822.0000,3820.0000,3817.8000,3815.0000,3829.6000,3830.8000,3831.0000,3838.0000,3838.8000,1,8,6,1,1,1,1,2,3,5
SF,IF2006,2019-11-25 09:31:20.200,3828.6000,3848,0,16084680.000,0,-,-,-,-,3824.4000,3824.2000,3822.8000,3822.2000,3822.0000,3829.6000,3830.8000,3831.0000,3838.0000,3838.8000,1,3,1,1,8,1,1,2,3,5
SF,IF2006,2019-11-25 09:31:20.700,3828.6000,3848,0,16084680.000,0,-,-,-,-,3824.6000,3824.4000,3824.0000,3822.8000,3822.2000,3829.6000,3830.8000,3831.0000,3838.0000,3838.8000,2,1,1,1,1,1,1,2,3,5
SF,IF2006,2019-11-25 09:31:21.700,3828.6000,3848,0,16084680.000,0,-,-,-,-,3825.2000,3824.6000,3824.4000,3822.8000,3822.2000,3829.2000,3829.6000,3830.8000,3831.0000,3838.0000,1,2,1,1,1,1,1,1,2,3
SF,IF2006,2019-11-25 09:31:22.200,3828.6000,3848,0,16084680.000,0,-,-,-,-,3825.4000,3825.2000,3824.4000,3822.8000,3822.2000,3829.0000,3829.2000,3830.8000,3831.0000,3838.0000,1,1,1,1,1,2,1,1,2,3
SF,IF2006,2019-11-25 09:31:22.700,3828.6000,3848,0,16084680.000,0,-,-,-,-,3825.4000,3825.2000,3825.0000,3824.4000,3822.8000,3829.0000,3829.2000,3830.8000,3831.0000,3838.0000,1,1,1,1,1,2,1,1,2,3
SF,IF2006,2019-11-25 09:31:23.700,3828.6000,3848,0,16084680.000,0,-,-,-,-,3825.4000,3825.0000,3824.4000,3822.8000,3822.2000,3829.0000,3829.2000,3830.8000,3831.0000,3838.0000,1,1,1,1,1,2,1,1,2,3
SF,IF2006,2019-11-25 09:31:24.200,3828.6000,3848,0,16084680.000,0,-,-,-,-,3825.4000,3825.0000,3824.4000,3822.8000,3822.2000,3828.8000,3829.2000,3830.8000,3831.0000,3838.0000,1,1,1,1,1,1,1,1,2,3
SF,IF2006,2019-11-25 09:31:24.700,3828.6000,3848,0,16084680.000,0,-,-,-,-,3826.8000,3825.4000,3825.0000,3824.4000,3822.8000,3828.8000,3829.2000,3830.8000,3831.0000,3838.0000,1,1,1,1,1,1,1,1,2,3
SF,IF2006,2019-11-25 09:31:25.200,3828.6000,3848,0,16084680.000,0,-,-,-,-,3826.8000,3825.0000,3824.4000,3822.8000,3822.2000,3828.8000,3829.2000,3830.8000,3831.0000,3838.0000,1,1,1,1,1,1,1,1,2,3
SF,IF2006,2019-11-25 09:31:26.200,3828.6000,3848,0,16084680.000,0,-,-,-,-,3826.8000,3825.0000,3822.8000,3822.2000,3822.0000,3828.8000,3829.2000,3830.8000,3831.0000,3838.0000,1,1,1,1,8,1,1,1,2,3
SF,IF2006,2019-11-25 09:31:26.700,3828.6000,3848,0,16084680.000,0,-,-,-,-,3825.0000,3822.8000,3822.2000,3822.0000,3820.0000,3828.8000,3829.2000,3830.8000,3831.0000,3838.0000,1,1,1,8,6,1,1,1,2,3
SF,IF2006,2019-11-25 09:31:27.200,3828.6000,3848,0,16084680.000,0,-,-,-,-,3825.2000,3825.0000,3822.8000,3822.2000,3822.0000,3828.8000,3829.2000,3830.8000,3831.0000,3838.0000,1,1,1,1,8,1,1,1,2,3
SF,IF2006,2019-11-25 09:31:30.200,3828.6000,3848,0,16084680.000,0,-,-,-,-,3825.8000,3825.2000,3825.0000,3822.8000,3822.2000,3828.8000,3829.2000,3830.8000,3831.0000,3838.0000,1,1,1,1,1,1,1,1,2,3
SF,IF2006,2019-11-25 09:31:30.700,3828.6000,3848,0,16084680.000,0,-,-,-,-,3825.8000,3825.0000,3822.8000,3822.2000,3822.0000,3828.8000,3829.2000,3830.8000,3831.0000,3838.0000,1,1,1,1,8,1,1,1,2,3
SF,IF2006,2019-11-25 09:31:31.700,3828.6000,3848,0,16084680.000,0,-,-,-,-,3825.8000,3825.0000,3822.8000,3822.2000,3822.0000,3828.0000,3828.8000,3829.2000,3830.8000,3831.0000,1,1,1,1,8,1,1,1,1,2
SF,IF2006,2019-11-25 09:31:32.200,3828.6000,3848,0,16084680.000,0,-,-,-,-,3825.8000,3825.0000,3822.8000,3822.2000,3822.0000,3827.8000,3828.0000,3829.2000,3830.8000,3831.0000,1,1,1,1,8,2,1,1,1,2
SF,IF2006,2019-11-25 09:31:32.700,3828.6000,3848,0,16084680.000,0,-,-,-,-,3825.0000,3822.8000,3822.2000,3822.0000,3820.0000,3827.8000,3828.0000,3829.2000,3830.8000,3831.0000,1,1,1,8,6,2,1,1,1,2
SF,IF2006,2019-11-25 09:31:34.200,3828.6000,3848,0,16084680.000,0,-,-,-,-,3825.0000,3822.8000,3822.2000,3822.0000,3820.0000,3827.8000,3828.0000,3830.8000,3831.0000,3838.0000,1,1,1,8,6,2,1,1,2,3
SF,IF2006,2019-11-25 09:31:35.200,3828.6000,3848,0,16084680.000,0,-,-,-,-,3825.2000,3825.0000,3822.8000,3822.2000,3822.0000,3827.8000,3828.0000,3830.8000,3831.0000,3838.0000,1,1,1,1,8,2,1,1,2,3
SF,IF2006,2019-11-25 09:31:35.700,3828.6000,3848,0,16084680.000,0,-,-,-,-,3825.2000,3825.0000,3822.8000,3822.2000,3822.0000,3827.8000,3828.0000,3829.8000,3830.8000,3831.0000,1,1,1,1,8,2,1,1,1,2
SF,IF2006,2019-11-25 09:31:37.200,3827.8000,3848,0,17233020.000,1,0,1,多换,S,3825.0000,3822.8000,3822.2000,3822.0000,3820.0000,3827.8000,3828.0000,3829.8000,3830.8000,3831.0000,1,1,1,8,6,1,1,1,1,2
SF,IF2006,2019-11-25 09:31:37.700,3827.8000,3848,0,17233020.000,0,-,-,-,-,3825.0000,3822.8000,3822.2000,3822.0000,3820.0000,3827.6000,3828.0000,3829.8000,3830.8000,3831.0000,1,1,1,8,6,1,1,1,1,2
SF,IF2006,2019-11-25 09:31:38.200,3827.8000,3848,0,17233020.000,0,-,-,-,-,3822.8000,3822.2000,3822.0000,3820.0000,3817.8000,3827.6000,3828.0000,3829.8000,3830.8000,3831.0000,1,1,8,6,1,1,1,1,1,2
SF,IF2006,2019-11-25 09:31:38.700,3827.8000,3848,0,17233020.000,0,-,-,-,-,3823.0000,3822.8000,3822.2000,3822.0000,3820.0000,3825.2000,3827.6000,3828.0000,3829.8000,3830.8000,3,1,1,8,6,1,1,1,1,1
SF,IF2006,2019-11-25 09:31:39.200,3825.4000,3847,-1,18380640.000,1,0,1,双平,S,3823.0000,3822.8000,3822.2000,3822.0000,3820.0000,3828.0000,3829.8000,3830.8000,3838.0000,3838.8000,3,1,1,8,6,1,1,1,3,5
SF,IF2006,2019-11-25 09:31:39.700,3825.4000,3847,0,18380640.000,0,-,-,-,-,3823.2000,3823.0000,3822.8000,3822.2000,3822.0000,3827.6000,3827.8000,3828.0000,3829.8000,3830.8000,1,3,1,1,8,2,1,1,1,1
SF,IF2006,2019-11-25 09:31:40.200,3825.4000,3847,0,18380640.000,0,-,-,-,-,3823.4000,3823.2000,3822.8000,3822.2000,3822.0000,3826.8000,3827.4000,3827.6000,3828.0000,3829.8000,3,1,1,1,8,1,1,2,1,1
SF,IF2006,2019-11-25 09:31:40.700,3825.4000,3847,0,18380640.000,0,-,-,-,-,3824.2000,3823.6000,3823.4000,3823.2000,3822.8000,3826.8000,3827.6000,3828.0000,3829.8000,3838.0000,1,1,3,1,1,1,2,1,1,3
SF,IF2006,2019-11-25 09:31:41.200,3825.4000,3847,0,18380640.000,0,-,-,-,-,3824.4000,3824.2000,3823.4000,3823.2000,3822.8000,3826.8000,3827.6000,3828.0000,3829.8000,3838.0000,1,1,1,1,1,1,2,1,1,3
SF,IF2006,2019-11-25 09:31:41.700,3825.4000,3847,0,18380640.000,0,-,-,-,-,3824.4000,3824.2000,3823.2000,3822.8000,3822.2000,3826.8000,3827.6000,3828.0000,3829.8000,3838.0000,1,1,1,1,1,1,2,1,1,3
SF,IF2006,2019-11-25 09:31:42.200,3825.4000,3847,0,18380640.000,0,-,-,-,-,3824.6000,3824.4000,3823.2000,3822.8000,3822.2000,3826.8000,3827.6000,3828.0000,3829.8000,3838.0000,1,1,1,1,1,1,2,1,1,3
SF,IF2006,2019-11-25 09:31:42.700,3825.4000,3847,0,18380640.000,0,-,-,-,-,3825.4000,3824.6000,3823.2000,3822.8000,3822.2000,3826.8000,3827.6000,3828.0000,3829.8000,3838.0000,1,1,1,1,1,1,2,1,1,3
SF,IF2006,2019-11-25 09:31:43.200,3825.4000,3847,0,18380640.000,0,-,-,-,-,3825.4000,3823.2000,3822.8000,3822.2000,3822.0000,3826.8000,3827.6000,3828.0000,3829.8000,3838.0000,1,1,1,1,8,1,2,1,1,3
SF,IF2006,2019-11-25 09:31:45.700,3825.4000,3847,0,18380640.000,0,-,-,-,-,3825.6000,3825.4000,3823.2000,3822.8000,3822.2000,3826.8000,3827.6000,3828.0000,3829.8000,3838.0000,1,1,1,1,1,1,2,1,1,3
SF,IF2006,2019-11-25 09:31:46.200,3825.4000,3845,-2,20675940.000,2,0,2,双平,S,3823.2000,3822.8000,3822.2000,3822.0000,3820.0000,3826.6000,3826.8000,3827.6000,3828.0000,3829.8000,1,1,1,8,6,1,1,2,1,1
SF,IF2006,2019-11-25 09:31:46.700,3825.4000,3845,0,20675940.000,0,-,-,-,-,3823.4000,3823.2000,3822.8000,3822.2000,3822.0000,3826.6000,3826.8000,3827.6000,3828.0000,3829.8000,1,1,1,1,8,1,1,2,1,1
SF,IF2006,2019-11-25 09:31:47.200,3825.4000,3845,0,20675940.000,0,-,-,-,-,3825.8000,3823.4000,3823.2000,3822.8000,3822.2000,3826.6000,3826.8000,3827.6000,3828.0000,3829.8000,1,1,1,1,1,1,1,2,1,1
SF,IF2006,2019-11-25 09:31:47.700,3825.8000,3845,0,21823680.000,1,0,1,多换,S,3822.8000,3822.2000,3822.0000,3820.0000,3817.8000,3826.6000,3826.8000,3827.6000,3828.0000,3829.8000,1,1,3,6,6,1,1,2,1,1
SF,IF2006,2019-11-25 09:31:48.200,3825.8000,3845,0,21823680.000,0,-,-,-,-,3823.0000,3822.8000,3822.2000,3822.0000,3820.0000,3826.8000,3827.6000,3828.0000,3829.8000,3838.0000,2,1,1,2,6,1,2,1,1,3
SF,IF2006,2019-11-25 09:31:50.200,3825.8000,3845,0,21823680.000,0,-,-,-,-,3823.8000,3823.0000,3822.8000,3822.2000,3822.0000,3826.8000,3827.6000,3828.0000,3829.8000,3838.0000,1,2,1,1,2,1,2,1,1,3
SF,IF2006,2019-11-25 09:31:50.700,3825.8000,3845,0,21823680.000,0,-,-,-,-,3824.0000,3823.8000,3823.2000,3822.8000,3822.2000,3826.6000,3826.8000,3827.6000,3828.0000,3829.8000,1,1,1,1,1,1,1,2,1,1
SF,IF2006,2019-11-25 09:31:52.200,3825.8000,3845,0,21823680.000,0,-,-,-,-,3824.6000,3824.0000,3823.2000,3822.8000,3822.2000,3826.6000,3826.8000,3827.6000,3828.0000,3829.8000,1,1,1,1,1,1,1,2,1,1
SF,IF2006,2019-11-25 09:31:52.700,3825.8000,3845,0,21823680.000,0,-,-,-,-,3824.6000,3823.2000,3822.8000,3822.2000,3822.0000,3826.6000,3826.8000,3827.6000,3828.0000,3829.8000,1,1,1,1,2,1,1,2,1,1
SF,IF2006,2019-11-25 09:31:53.200,3825.8000,3845,0,21823680.000,0,-,-,-,-,3824.8000,3824.6000,3823.2000,3822.8000,3822.2000,3826.6000,3826.8000,3827.6000,3828.0000,3829.8000,1,1,1,1,1,1,1,2,1,1
SF,IF2006,2019-11-25 09:31:53.700,3825.8000,3845,0,21823680.000,0,-,-,-,-,3824.8000,3824.6000,3823.2000,3822.8000,3822.2000,3826.8000,3827.6000,3828.0000,3829.8000,3838.0000,1,1,1,1,1,1,2,1,1,3
SF,IF2006,2019-11-25 09:31:54.700,3825.8000,3845,0,21823680.000,0,-,-,-,-,3825.2000,3824.8000,3823.2000,3822.8000,3822.2000,3826.6000,3826.8000,3827.6000,3828.0000,3829.8000,1,1,1,1,1,1,1,2,1,1
SF,IF2006,2019-11-25 09:31:55.200,3825.8000,3845,0,21823680.000,0,-,-,-,-,3825.2000,3823.2000,3822.8000,3822.2000,3822.0000,3826.6000,3826.8000,3827.6000,3828.0000,3829.8000,1,1,1,1,2,1,1,2,1,1
SF,IF2006,2019-11-25 09:31:55.700,3825.8000,3845,0,21823680.000,0,-,-,-,-,3825.2000,3823.2000,3822.8000,3822.2000,3822.0000,3826.8000,3827.6000,3828.0000,3829.8000,3838.0000,1,1,1,1,2,1,2,1,1,3
SF,IF2006,2019-11-25 09:31:58.700,3826.8000,3844,-1,22971720.000,1,0,1,双平,S,3825.2000,3823.2000,3822.8000,3822.2000,3822.0000,3827.6000,3828.0000,3829.8000,3838.0000,3838.8000,1,1,1,1,2,2,1,1,3,5
SF,IF2006,2019-11-25 09:31:59.200,3826.8000,3844,0,22971720.000,0,-,-,-,-,3825.6000,3825.4000,3823.2000,3822.8000,3822.2000,3827.6000,3828.0000,3829.8000,3838.0000,3838.8000,1,2,1,1,1,2,1,1,3,5
SF,IF2006,2019-11-25 09:31:59.700,3826.8000,3844,0,22971720.000,0,-,-,-,-,3825.8000,3825.6000,3823.2000,3822.8000,3822.2000,3827.6000,3828.0000,3829.8000,3838.0000,3838.8000,1,1,1,1,1,2,1,1,3,5
SF,IF2006,2019-11-25 09:32:00.200,3826.8000,3844,0,22971720.000,0,-,-,-,-,3825.8000,3825.6000,3822.8000,3822.2000,3822.0000,3827.6000,3828.0000,3829.8000,3838.0000,3838.8000,1,1,1,1,2,2,1,1,3,5
SF,IF2006,2019-11-25 09:32:00.700,3826.8000,3844,0,22971720.000,0,-,-,-,-,3825.8000,3825.6000,3822.8000,3822.2000,3822.0000,3829.8000,3838.0000,3838.8000,3839.0000,3840.0000,1,1,1,1,2,1,3,5,1,4
SF,IF2006,2019-11-25 09:32:01.200,3826.8000,3844,0,22971720.000,0,-,-,-,-,3825.8000,3825.6000,3822.8000,3822.2000,3822.0000,3829.0000,3829.6000,3829.8000,3838.0000,3838.8000,1,1,1,1,2,2,2,1,3,5
SF,IF2006,2019-11-25 09:32:01.700,3826.8000,3844,0,22971720.000,0,-,-,-,-,3826.4000,3825.8000,3822.8000,3822.2000,3822.0000,3828.8000,3829.0000,3829.8000,3838.0000,3838.8000,1,1,1,1,2,1,2,1,3,5
SF,IF2006,2019-11-25 09:32:02.200,3826.8000,3844,0,22971720.000,0,-,-,-,-,3826.6000,3826.4000,3822.8000,3822.2000,3822.0000,3828.0000,3828.8000,3829.0000,3829.8000,3838.0000,1,1,1,1,2,1,1,2,1,3
SF,IF2006,2019-11-25 09:32:02.700,3826.8000,3844,0,22971720.000,0,-,-,-,-,3826.6000,3826.4000,3822.8000,3822.2000,3822.0000,3829.0000,3829.8000,3838.0000,3838.8000,3839.0000,1,1,1,1,2,2,1,3,5,1
SF,IF2006,2019-11-25 09:32:03.200,3826.8000,3844,0,22971720.000,0,-,-,-,-,3826.4000,3822.8000,3822.2000,3822.0000,3820.0000,3828.8000,3829.0000,3829.8000,3838.0000,3838.8000,1,1,1,2,6,1,2,1,3,5
SF,IF2006,2019-11-25 09:32:03.700,3826.8000,3844,0,22971720.000,0,-,-,-,-,3826.8000,3822.8000,3822.2000,3822.0000,3820.0000,3828.0000,3828.8000,3829.0000,3829.8000,3838.0000,1,1,1,2,6,1,1,2,1,3
SF,IF2006,2019-11-25 09:32:04.200,3826.8000,3843,-1,24119760.000,1,0,1,双平,S,3822.8000,3822.2000,3822.0000,3820.0000,3817.8000,3828.0000,3829.0000,3829.8000,3838.0000,3838.8000,1,1,2,6,6,1,2,1,3,5
SF,IF2006,2019-11-25 09:32:04.700,3826.8000,3843,0,24119760.000,0,-,-,-,-,3824.8000,3823.4000,3823.0000,3822.8000,3822.2000,3828.0000,3829.0000,3829.8000,3838.0000,3838.8000,3,1,2,1,1,1,2,1,3,5
SF,IF2006,2019-11-25 09:32:05.200,3826.8000,3843,0,24119760.000,0,-,-,-,-,3824.8000,3823.4000,3823.0000,3822.8000,3822.2000,3828.0000,3829.0000,3829.8000,3838.0000,3838.8000,3,1,1,1,1,1,2,1,3,5
SF,IF2006,2019-11-25 09:32:05.700,3826.8000,3843,0,24119760.000,0,-,-,-,-,3825.4000,3825.0000,3824.8000,3823.4000,3823.0000,3828.0000,3829.0000,3829.8000,3838.0000,3838.8000,1,1,3,1,1,1,2,1,3,5
SF,IF2006,2019-11-25 09:32:06.200,3826.8000,3843,0,24119760.000,0,-,-,-,-,3825.6000,3825.4000,3823.4000,3823.0000,3822.8000,3828.0000,3829.0000,3829.8000,3838.0000,3838.8000,2,1,1,1,1,1,2,1,3,5
SF,IF2006,2019-11-25 09:32:06.700,3829.0000,3843,0,26417160.000,2,1,1,多换,S,3829.0000,3825.6000,3825.4000,3823.0000,3822.8000,3829.8000,3838.0000,3838.8000,3839.0000,3840.0000,2,3,1,1,1,1,3,5,1,4
SF,IF2006,2019-11-25 09:32:07.200,3829.0000,3843,0,28714560.000,2,1,1,多换,S,3825.4000,3823.0000,3822.8000,3822.2000,3822.0000,3828.6000,3829.6000,3829.8000,3838.0000,3838.8000,1,1,1,1,2,2,2,1,3,5
SF,IF2006,2019-11-25 09:32:07.700,3829.0000,3843,0,28714560.000,0,-,-,-,-,3826.2000,3825.6000,3825.4000,3823.0000,3822.8000,3828.6000,3829.8000,3838.0000,3838.8000,3839.0000,3,1,1,1,1,2,1,3,5,1
SF,IF2006,2019-11-25 09:32:08.200,3829.0000,3843,0,28714560.000,0,-,-,-,-,3826.4000,3826.2000,3825.4000,3823.0000,3822.8000,3828.6000,3829.8000,3838.0000,3838.8000,3839.0000,1,3,1,1,1,2,1,3,5,1
SF,IF2006,2019-11-25 09:32:08.700,3829.0000,3843,0,28714560.000,0,-,-,-,-,3826.6000,3826.4000,3825.4000,3823.0000,3822.8000,3828.6000,3829.8000,3838.0000,3838.8000,3839.0000,2,2,1,1,1,2,1,3,5,1
SF,IF2006,2019-11-25 09:32:09.700,3829.0000,3843,0,28714560.000,0,-,-,-,-,3826.6000,3826.4000,3823.0000,3822.8000,3822.2000,3828.6000,3829.8000,3838.0000,3838.8000,3839.0000,2,2,1,1,1,2,1,3,5,1
SF,IF2006,2019-11-25 09:32:10.200,3829.0000,3843,0,28714560.000,0,-,-,-,-,3826.6000,3823.0000,3822.8000,3822.2000,3822.0000,3828.0000,3828.6000,3829.8000,3830.0000,3838.0000,2,1,1,1,2,1,2,1,1,3
SF,IF2006,2019-11-25 09:32:11.700,3829.0000,3843,0,28714560.000,0,-,-,-,-,3826.6000,3823.0000,3822.8000,3822.2000,3822.0000,3828.6000,3829.8000,3838.0000,3838.8000,3839.0000,2,1,1,1,2,2,1,3,5,1
SF,IF2006,2019-11-25 09:32:12.700,3829.0000,3843,0,28714560.000,0,-,-,-,-,3826.6000,3823.0000,3822.8000,3822.2000,3822.0000,3828.0000,3828.6000,3829.8000,3838.0000,3838.8000,2,1,1,1,2,1,2,1,3,5
SF,IF2006,2019-11-25 09:32:13.200,3829.0000,3843,0,28714560.000,0,-,-,-,-,3826.6000,3823.0000,3822.8000,3822.2000,3822.0000,3828.6000,3829.8000,3838.0000,3838.8000,3839.0000,2,1,1,1,2,2,1,3,5,1
SF,IF2006,2019-11-25 09:32:13.700,3829.0000,3843,0,28714560.000,0,-,-,-,-,3826.6000,3823.0000,3822.8000,3822.2000,3822.0000,3828.6000,3829.8000,3838.0000,3838.8000,3839.0000,2,1,1,1,2,2,1,3,5,1
SF,IF2006,2019-11-25 09:32:16.700,3829.0000,3843,0,28714560.000,0,-,-,-,-,3826.6000,3823.0000,3822.8000,3822.2000,3822.0000,3828.6000,3829.8000,3838.0000,3838.8000,3839.0000,2,1,1,1,2,2,1,3,5,1
SF,IF2006,2019-11-25 09:32:17.700,3828.6000,3843,0,29863140.000,1,0,1,多换,S,3826.6000,3823.0000,3822.8000,3822.2000,3822.0000,3828.4000,3828.6000,3829.8000,3838.0000,3838.8000,2,1,1,1,2,1,1,1,3,5
SF,IF2006,2019-11-25 09:32:19.200,3828.6000,3843,0,29863140.000,0,-,-,-,-,3826.6000,3823.0000,3822.8000,3822.2000,3822.0000,3828.0000,3828.4000,3828.6000,3829.8000,3838.0000,2,1,1,1,2,1,1,1,1,3
SF,IF2006,2019-11-25 09:32:21.200,3828.6000,3843,0,29863140.000,0,-,-,-,-,3828.0000,3826.6000,3823.0000,3822.8000,3822.2000,3828.4000,3828.6000,3829.8000,3838.0000,3838.8000,3,2,1,1,1,1,1,1,3,5
SF,IF2006,2019-11-25 09:32:21.700,3828.6000,3841,-2,32160240.000,2,0,2,双平,S,3828.0000,3823.0000,3822.8000,3822.2000,3822.0000,3829.8000,3838.0000,3838.8000,3839.0000,3840.0000,3,1,1,1,2,1,3,5,1,4
SF,IF2006,2019-11-25 09:32:22.200,3828.6000,3841,0,32160240.000,0,-,-,-,-,3823.0000,3822.8000,3822.2000,3822.0000,3820.0000,3829.4000,3829.8000,3838.0000,3838.8000,3839.0000,1,1,1,2,6,2,1,3,5,1
SF,IF2006,2019-11-25 09:32:22.700,3828.6000,3841,0,32160240.000,0,-,-,-,-,3827.4000,3824.6000,3823.0000,3822.8000,3822.2000,3829.4000,3829.8000,3838.0000,3838.8000,3839.0000,3,1,1,1,1,2,1,3,5,1
SF,IF2006,2019-11-25 09:32:23.700,3828.6000,3841,0,32160240.000,0,-,-,-,-,3827.4000,3825.4000,3824.6000,3823.0000,3822.8000,3829.4000,3829.8000,3838.0000,3838.8000,3839.0000,3,1,1,1,1,2,1,3,5,1
SF,IF2006,2019-11-25 09:32:24.200,3828.6000,3841,0,32160240.000,0,-,-,-,-,3827.4000,3825.8000,3825.4000,3824.6000,3823.0000,3829.4000,3829.8000,3838.0000,3838.8000,3839.0000,3,1,1,1,1,2,1,3,5,1
SF,IF2006,2019-11-25 09:32:25.200,3828.6000,3841,0,32160240.000,0,-,-,-,-,3827.4000,3825.8000,3825.4000,3824.6000,3823.0000,3829.4000,3829.8000,3838.0000,3838.8000,3839.0000,3,1,1,1,1,2,1,3,5,1
SF,IF2006,2019-11-25 09:32:25.700,3828.6000,3841,0,32160240.000,0,-,-,-,-,3827.4000,3825.8000,3825.4000,3823.0000,3822.2000,3829.4000,3829.8000,3838.0000,3838.8000,3839.0000,3,1,1,1,1,2,1,3,5,1
SF,IF2006,2019-11-25 09:32:26.700,3828.6000,3841,0,32160240.000,0,-,-,-,-,3827.4000,3825.8000,3823.0000,3822.2000,3822.0000,3829.4000,3829.8000,3838.0000,3838.8000,3839.0000,3,1,1,1,2,2,1,3,5,1
SF,IF2006,2019-11-25 09:32:27.700,3828.6000,3841,0,32160240.000,0,-,-,-,-,3827.4000,3825.8000,3823.0000,3822.2000,3822.0000,3829.4000,3829.8000,3838.0000,3838.8000,3839.0000,3,1,1,1,2,2,1,3,5,1
SF,IF2006,2019-11-25 09:32:31.200,3829.4000,3841,0,33309060.000,1,0,1,多换,S,3827.4000,3825.8000,3823.0000,3822.2000,3822.0000,3829.4000,3829.8000,3838.0000,3838.8000,3839.0000,3,1,1,1,2,1,1,3,5,1
SF,IF2006,2019-11-25 09:32:33.200,3829.4000,3841,0,33309060.000,0,-,-,-,-,3827.4000,3825.8000,3823.0000,3822.2000,3822.0000,3829.4000,3829.8000,3838.0000,3838.8000,3839.0000,3,1,1,1,2,1,1,3,5,1
SF,IF2006,2019-11-25 09:32:33.700,3829.4000,3841,0,33309060.000,0,-,-,-,-,3825.8000,3823.0000,3822.2000,3822.0000,3820.0000,3829.4000,3829.8000,3838.0000,3838.8000,3839.0000,1,1,1,2,6,1,1,3,5,1
SF,IF2006,2019-11-25 09:32:34.200,3829.4000,3841,0,33309060.000,0,-,-,-,-,3826.6000,3825.8000,3823.0000,3822.2000,3822.0000,3829.4000,3829.8000,3838.0000,3838.8000,3839.0000,3,1,1,1,2,1,1,3,5,1
SF,IF2006,2019-11-25 09:32:34.700,3829.4000,3841,0,33309060.000,0,-,-,-,-,3826.6000,3825.8000,3823.0000,3822.2000,3822.0000,3829.2000,3829.4000,3829.8000,3838.0000,3838.8000,3,1,1,1,2,1,1,1,3,5
SF,IF2006,2019-11-25 09:32:35.200,3829.4000,3841,0,34457880.000,1,0,1,多换,S,3826.6000,3825.8000,3823.0000,3822.2000,3822.0000,3829.4000,3829.8000,3838.0000,3838.8000,3839.0000,3,1,1,1,2,1,1,3,5,1
SF,IF2006,2019-11-25 09:32:36.700,3829.4000,3841,0,34457880.000,0,-,-,-,-,3827.0000,3826.6000,3825.8000,3823.0000,3822.2000,3829.4000,3829.8000,3838.0000,3838.8000,3839.0000,1,3,1,1,1,1,1,3,5,1
SF,IF2006,2019-11-25 09:32:37.200,3829.4000,3841,0,34457880.000,0,-,-,-,-,3827.2000,3827.0000,3825.8000,3823.0000,3822.2000,3829.4000,3829.8000,3838.0000,3838.8000,3839.0000,2,1,1,1,1,1,1,3,5,1
SF,IF2006,2019-11-25 09:32:38.200,3829.4000,3841,0,34457880.000,0,-,-,-,-,3827.2000,3825.8000,3823.0000,3822.2000,3822.0000,3829.2000,3829.4000,3829.8000,3838.0000,3838.8000,2,1,1,1,2,1,1,1,3,5
SF,IF2006,2019-11-25 09:32:39.200,3829.4000,3841,0,34457880.000,0,-,-,-,-,3827.4000,3827.2000,3825.8000,3823.0000,3822.2000,3828.0000,3829.2000,3829.4000,3829.8000,3838.0000,1,2,1,1,1,1,1,1,1,3
SF,IF2006,2019-11-25 09:32:39.700,3827.4000,3840,-1,35606100.000,1,0,1,双平,S,3825.8000,3823.0000,3822.2000,3822.0000,3820.0000,3828.0000,3829.2000,3829.4000,3829.8000,3838.0000,1,1,1,2,6,1,1,1,1,3
SF,IF2006,2019-11-25 09:32:40.200,3827.4000,3840,0,35606100.000,0,-,-,-,-,3826.4000,3825.8000,3823.0000,3822.2000,3822.0000,3829.2000,3829.4000,3829.8000,3838.0000,3838.8000,3,1,1,1,2,1,1,1,3,5
SF,IF2006,2019-11-25 09:32:40.700,3827.4000,3840,0,35606100.000,0,-,-,-,-,3826.4000,3825.8000,3823.0000,3822.2000,3822.0000,3828.0000,3829.2000,3829.4000,3829.8000,3838.0000,3,1,1,1,2,1,1,1,1,3
SF,IF2006,2019-11-25 09:32:41.200,3827.4000,3840,0,35606100.000,0,-,-,-,-,3826.4000,3825.8000,3823.0000,3822.2000,3822.0000,3829.2000,3829.4000,3829.8000,3838.0000,3838.8000,3,1,1,1,2,1,1,1,3,5
SF,IF2006,2019-11-25 09:32:42.700,3827.4000,3840,0,35606100.000,0,-,-,-,-,3826.4000,3825.8000,3823.0000,3822.2000,3822.0000,3829.4000,3829.8000,3838.0000,3838.8000,3839.0000,3,1,1,1,2,1,1,3,5,1
SF,IF2006,2019-11-25 09:32:43.200,3827.4000,3840,0,35606100.000,0,-,-,-,-,3826.6000,3826.4000,3825.8000,3823.0000,3822.2000,3829.4000,3829.8000,3838.0000,3838.8000,3839.0000,1,3,1,1,1,1,1,3,5,1
SF,IF2006,2019-11-25 09:32:43.700,3827.4000,3840,0,35606100.000,0,-,-,-,-,3827.4000,3826.6000,3825.8000,3823.0000,3822.2000,3829.4000,3829.8000,3838.0000,3838.8000,3839.0000,3,1,1,1,1,1,1,3,5,1
SF,IF2006,2019-11-25 09:32:46.200,3827.4000,3840,0,35606100.000,0,-,-,-,-,3827.4000,3825.8000,3823.0000,3822.2000,3822.0000,3829.4000,3829.8000,3838.0000,3838.8000,3839.0000,3,1,1,1,2,1,1,3,5,1
SF,IF2006,2019-11-25 09:32:47.200,3827.4000,3839,-1,36754320.000,1,0,1,双平,S,3827.4000,3825.8000,3823.0000,3822.2000,3822.0000,3829.4000,3829.8000,3838.0000,3838.8000,3839.0000,2,1,1,1,2,1,1,3,5,1
SF,IF2006,2019-11-25 09:32:47.700,3827.4000,3839,0,36754320.000,0,-,-,-,-,3827.6000,3825.8000,3823.0000,3822.2000,3822.0000,3829.4000,3829.8000,3838.0000,3838.8000,3839.0000,2,1,1,1,2,1,1,3,5,1
SF,IF2006,2019-11-25 09:32:50.200,3827.4000,3839,0,36754320.000,0,-,-,-,-,3827.6000,3825.8000,3823.0000,3822.2000,3822.0000,3829.8000,3838.0000,3838.8000,3839.0000,3840.0000,2,1,1,1,2,1,3,5,1,4
SF,IF2006,2019-11-25 09:32:50.700,3827.4000,3839,0,36754320.000,0,-,-,-,-,3827.6000,3825.8000,3823.0000,3822.2000,3822.0000,3829.6000,3829.8000,3838.0000,3838.8000,3839.0000,2,1,1,1,2,2,1,3,5,1
SF,IF2006,2019-11-25 09:32:53.200,3827.4000,3839,0,36754320.000,0,-,-,-,-,3827.6000,3825.8000,3823.0000,3822.2000,3822.0000,3829.4000,3829.6000,3829.8000,3838.0000,3838.8000,2,1,1,1,2,1,2,1,3,5
SF,IF2006,2019-11-25 09:32:53.700,3827.4000,3839,0,36754320.000,0,-,-,-,-,3827.8000,3825.8000,3823.0000,3822.2000,3822.0000,3829.4000,3829.6000,3829.8000,3838.0000,3838.8000,1,1,1,1,2,1,2,1,3,5
SF,IF2006,2019-11-25 09:32:54.700,3827.4000,3839,0,36754320.000,0,-,-,-,-,3827.8000,3825.8000,3823.0000,3822.2000,3822.0000,3829.4000,3829.6000,3829.8000,3838.0000,3838.8000,1,1,1,1,2,1,2,1,3,5
SF,IF2006,2019-11-25 09:32:58.700,3827.4000,3839,0,36754320.000,0,-,-,-,-,3827.8000,3825.8000,3823.0000,3822.2000,3822.0000,3829.6000,3829.8000,3838.0000,3838.8000,3839.0000,1,1,1,1,2,2,1,3,5,1
SF,IF2006,2019-11-25 09:33:04.700,3827.4000,3839,0,36754320.000,0,-,-,-,-,3828.0000,3827.8000,3825.8000,3823.0000,3822.2000,3829.8000,3838.0000,3838.8000,3839.0000,3840.0000,1,1,1,1,1,1,3,5,1,4
SF,IF2006,2019-11-25 09:33:05.200,3827.4000,3839,0,36754320.000,0,-,-,-,-,3828.2000,3828.0000,3825.8000,3823.0000,3822.2000,3829.8000,3838.0000,3838.8000,3839.0000,3840.0000,2,1,1,1,1,1,3,5,1,4
SF,IF2006,2019-11-25 09:33:06.700,3827.4000,3839,0,36754320.000,0,-,-,-,-,3828.2000,3825.8000,3823.0000,3822.2000,3822.0000,3829.8000,3838.0000,3838.8000,3839.0000,3840.0000,2,1,1,1,2,1,3,5,1,4
SF,IF2006,2019-11-25 09:33:07.200,3829.8000,3839,0,37903260.000,1,0,1,多换,S,3828.2000,3825.8000,3823.0000,3822.2000,3822.0000,3838.0000,3838.8000,3839.0000,3840.0000,3842.4000,2,1,1,1,2,3,5,1,4,4
SF,IF2006,2019-11-25 09:33:07.700,3829.8000,3839,0,37903260.000,0,-,-,-,-,3828.2000,3825.8000,3823.0000,3822.2000,3822.0000,3829.8000,3832.4000,3832.6000,3833.8000,3834.0000,2,1,1,1,2,2,1,3,1,1
SF,IF2006,2019-11-25 09:33:08.200,3829.8000,3839,0,37903260.000,0,-,-,-,-,3828.2000,3825.8000,3823.0000,3822.2000,3822.0000,3829.8000,3832.4000,3833.8000,3834.0000,3834.2000,2,1,1,1,2,2,1,1,1,1
SF,IF2006,2019-11-25 09:33:10.700,3828.2000,3837,-2,40200180.000,2,0,2,双平,S,3825.8000,3825.2000,3823.0000,3822.2000,3822.0000,3829.0000,3829.8000,3832.4000,3833.8000,3834.0000,1,1,1,1,2,1,2,1,1,1
SF,IF2006,2019-11-25 09:33:11.200,3828.2000,3837,0,40200180.000,0,-,-,-,-,3826.0000,3825.8000,3823.0000,3822.2000,3822.0000,3829.0000,3829.8000,3832.4000,3833.8000,3834.0000,1,1,1,1,2,1,2,1,1,1
SF,IF2006,2019-11-25 09:33:12.700,3828.2000,3837,0,40200180.000,0,-,-,-,-,3826.0000,3825.8000,3823.0000,3822.2000,3822.0000,3829.0000,3829.8000,3832.4000,3833.8000,3834.0000,1,1,1,1,2,1,2,1,1,1
SF,IF2006,2019-11-25 09:33:13.200,3828.2000,3837,0,40200180.000,0,-,-,-,-,3826.0000,3825.8000,3823.0000,3822.2000,3822.0000,3828.8000,3829.0000,3829.8000,3832.4000,3833.8000,1,1,1,1,2,1,1,2,1,1
SF,IF2006,2019-11-25 09:33:13.700,3828.2000,3837,0,40200180.000,0,-,-,-,-,3826.0000,3825.8000,3823.0000,3822.2000,3822.0000,3828.8000,3829.8000,3832.4000,3833.8000,3834.0000,1,1,1,1,2,1,2,1,1,1
SF,IF2006,2019-11-25 09:33:14.200,3828.2000,3837,0,40200180.000,0,-,-,-,-,3826.0000,3825.8000,3823.0000,3822.2000,3822.0000,3828.6000,3828.8000,3829.8000,3832.4000,3833.8000,1,1,1,1,2,1,1,2,1,1
SF,IF2006,2019-11-25 09:33:15.700,3828.2000,3837,0,40200180.000,0,-,-,-,-,3826.0000,3825.8000,3823.0000,3822.2000,3822.0000,3828.0000,3828.6000,3828.8000,3829.8000,3833.8000,1,1,1,1,2,1,1,1,2,1
SF,IF2006,2019-11-25 09:33:16.200,3828.2000,3837,0,40200180.000,0,-,-,-,-,3826.0000,3825.8000,3823.0000,3822.2000,3822.0000,3828.8000,3829.8000,3833.8000,3834.0000,3834.2000,1,1,1,1,2,1,2,1,1,1
SF,IF2006,2019-11-25 09:33:16.700,3828.2000,3837,0,40200180.000,0,-,-,-,-,3826.0000,3825.8000,3823.0000,3822.2000,3822.0000,3828.6000,3829.8000,3833.8000,3834.0000,3834.2000,1,1,1,1,2,1,2,1,1,1
SF,IF2006,2019-11-25 09:33:18.200,3828.2000,3837,0,40200180.000,0,-,-,-,-,3826.2000,3826.0000,3825.8000,3823.0000,3822.2000,3828.6000,3829.8000,3833.8000,3834.0000,3834.2000,1,1,1,1,1,1,2,1,1,1
SF,IF2006,2019-11-25 09:33:18.700,3828.2000,3837,0,40200180.000,0,-,-,-,-,3826.2000,3825.8000,3823.0000,3822.2000,3822.0000,3828.6000,3829.8000,3833.8000,3834.0000,3834.2000,2,1,1,1,2,1,2,1,1,1
SF,IF2006,2019-11-25 09:33:20.200,3828.2000,3837,0,40200180.000,0,-,-,-,-,3826.2000,3825.8000,3823.0000,3822.2000,3822.0000,3828.6000,3829.8000,3833.8000,3834.0000,3834.2000,2,1,1,1,1,1,2,1,1,1
SF,IF2006,2019-11-25 09:33:22.200,3828.2000,3837,0,40200180.000,0,-,-,-,-,3826.2000,3825.8000,3823.0000,3822.2000,3822.0000,3828.6000,3829.8000,3833.8000,3834.0000,3834.2000,1,1,1,1,1,1,2,1,1,1
SF,IF2006,2019-11-25 09:33:23.200,3828.2000,3837,0,40200180.000,0,-,-,-,-,3826.2000,3825.8000,3823.0000,3822.2000,3822.0000,3828.6000,3829.8000,3833.8000,3834.0000,3834.2000,2,1,1,1,1,1,2,1,1,1
SF,IF2006,2019-11-25 09:33:25.700,3828.2000,3837,0,40200180.000,0,-,-,-,-,3826.2000,3825.8000,3823.0000,3822.2000,3822.0000,3828.6000,3829.8000,3833.8000,3834.0000,3834.2000,2,1,1,1,1,1,2,1,1,1
SF,IF2006,2019-11-25 09:33:26.700,3828.2000,3837,0,40200180.000,0,-,-,-,-,3826.2000,3825.8000,3823.0000,3822.2000,3822.0000,3828.0000,3828.6000,3829.8000,3833.8000,3834.0000,2,1,1,1,1,1,1,2,1,1
SF,IF2006,2019-11-25 09:33:27.200,3828.2000,3837,0,40200180.000,0,-,-,-,-,3826.2000,3823.0000,3822.2000,3822.0000,3820.2000,3827.8000,3828.0000,3829.8000,3833.8000,3834.0000,2,1,1,1,1,1,1,2,1,1
SF,IF2006,2019-11-25 09:33:28.200,3828.2000,3837,0,40200180.000,0,-,-,-,-,3826.2000,3823.0000,3822.2000,3822.0000,3820.2000,3827.8000,3828.0000,3829.8000,3833.8000,3834.0000,1,1,1,1,1,1,1,2,1,1
SF,IF2006,2019-11-25 09:33:29.200,3826.2000,3837,0,41348040.000,1,0,1,多换,S,3823.0000,3822.2000,3822.0000,3820.2000,3820.0000,3827.8000,3828.0000,3829.8000,3833.8000,3834.0000,1,1,1,1,6,1,1,2,1,1
SF,IF2006,2019-11-25 09:33:29.700,3826.2000,3837,0,41348040.000,0,-,-,-,-,3823.2000,3823.0000,3822.8000,3822.2000,3822.0000,3827.8000,3828.0000,3829.8000,3833.8000,3834.0000,3,1,1,1,1,1,1,2,1,1
SF,IF2006,2019-11-25 09:33:30.200,3826.2000,3837,0,41348040.000,0,-,-,-,-,3823.6000,3823.4000,3823.2000,3822.8000,3822.2000,3827.8000,3828.0000,3829.8000,3833.8000,3834.0000,1,1,3,1,1,1,1,2,1,1
SF,IF2006,2019-11-25 09:33:30.700,3826.2000,3837,0,41348040.000,0,-,-,-,-,3823.8000,3823.6000,3823.4000,3822.8000,3822.2000,3827.8000,3828.0000,3829.8000,3833.8000,3834.0000,2,1,1,1,1,1,1,2,1,1
SF,IF2006,2019-11-25 09:33:31.200,3826.2000,3837,0,41348040.000,0,-,-,-,-,3823.8000,3823.6000,3823.4000,3822.8000,3822.2000,3827.8000,3828.0000,3829.8000,3833.8000,3834.0000,2,1,1,1,1,1,1,2,1,1
SF,IF2006,2019-11-25 09:33:31.700,3826.2000,3837,0,41348040.000,0,-,-,-,-,3824.0000,3823.6000,3823.4000,3822.8000,3822.2000,3827.8000,3828.0000,3829.8000,3833.8000,3834.0000,1,1,1,1,1,1,1,2,1,1
SF,IF2006,2019-11-25 09:33:32.200,3826.2000,3837,0,41348040.000,0,-,-,-,-,3824.0000,3823.6000,3823.4000,3822.8000,3822.2000,3827.4000,3827.8000,3828.0000,3829.8000,3833.8000,1,1,1,1,1,1,1,1,2,1
SF,IF2006,2019-11-25 09:33:32.700,3826.2000,3837,0,41348040.000,0,-,-,-,-,3824.0000,3823.4000,3822.8000,3822.2000,3822.0000,3827.2000,3827.4000,3828.0000,3829.8000,3833.8000,1,1,1,1,1,1,1,1,2,1
SF,IF2006,2019-11-25 09:33:33.200,3826.2000,3837,0,41348040.000,0,-,-,-,-,3824.0000,3823.4000,3822.8000,3822.2000,3822.0000,3827.2000,3827.4000,3828.0000,3829.8000,3833.8000,1,1,1,1,1,1,1,1,2,1
SF,IF2006,2019-11-25 09:33:34.200,3826.2000,3837,0,41348040.000,0,-,-,-,-,3824.2000,3824.0000,3823.4000,3822.8000,3822.2000,3827.2000,3827.4000,3828.0000,3829.8000,3833.8000,1,1,1,1,1,1,1,1,2,1
SF,IF2006,2019-11-25 09:33:34.700,3826.2000,3837,0,41348040.000,0,-,-,-,-,3824.2000,3822.8000,3822.2000,3822.0000,3820.2000,3827.2000,3827.4000,3828.0000,3829.8000,3833.8000,1,1,1,1,1,1,1,1,2,1
SF,IF2006,2019-11-25 09:33:36.200,3826.2000,3837,0,41348040.000,0,-,-,-,-,3824.2000,3822.8000,3822.2000,3822.0000,3820.2000,3827.2000,3828.0000,3829.8000,3833.8000,3834.0000,1,1,1,1,1,1,1,2,1,1
SF,IF2006,2019-11-25 09:33:36.700,3826.2000,3837,0,41348040.000,0,-,-,-,-,3824.4000,3824.2000,3822.8000,3822.2000,3822.0000,3827.2000,3828.0000,3829.8000,3833.8000,3834.0000,1,1,1,1,1,1,1,2,1,1
SF,IF2006,2019-11-25 09:33:37.200,3826.2000,3837,0,41348040.000,0,-,-,-,-,3824.4000,3824.2000,3822.8000,3822.2000,3822.0000,3827.2000,3828.0000,3829.8000,3833.8000,3834.0000,2,1,1,1,1,1,1,2,1,1
SF,IF2006,2019-11-25 09:33:39.200,3826.2000,3837,0,41348040.000,0,-,-,-,-,3824.6000,3824.4000,3824.2000,3822.8000,3822.2000,3827.2000,3828.0000,3829.8000,3833.8000,3834.0000,1,2,1,1,1,1,1,2,1,1
SF,IF2006,2019-11-25 09:33:39.700,3826.2000,3837,0,41348040.000,0,-,-,-,-,3824.6000,3824.4000,3822.8000,3822.2000,3822.0000,3827.2000,3828.0000,3829.8000,3833.8000,3834.0000,2,1,1,1,1,1,1,2,1,1
SF,IF2006,2019-11-25 09:33:42.200,3826.2000,3837,0,41348040.000,0,-,-,-,-,3824.8000,3824.6000,3822.8000,3822.2000,3822.0000,3827.2000,3828.0000,3829.8000,3833.8000,3834.0000,1,2,1,1,1,1,1,2,1,1
SF,IF2006,2019-11-25 09:33:44.700,3826.2000,3837,0,41348040.000,0,-,-,-,-,3824.8000,3824.6000,3822.8000,3822.2000,3822.0000,3827.2000,3828.0000,3829.8000,3833.8000,3834.0000,1,1,1,1,1,1,1,2,1,1
SF,IF2006,2019-11-25 09:33:45.200,3826.2000,3837,0,41348040.000,0,-,-,-,-,3825.0000,3824.8000,3822.8000,3822.2000,3822.0000,3827.2000,3828.0000,3829.8000,3833.8000,3834.0000,1,1,1,1,1,1,1,2,1,1
SF,IF2006,2019-11-25 09:33:50.700,3826.2000,3837,0,41348040.000,0,-,-,-,-,3825.0000,3824.8000,3822.8000,3822.2000,3822.0000,3826.6000,3827.2000,3828.0000,3829.8000,3833.8000,1,1,1,1,1,1,1,1,2,1
SF,IF2006,2019-11-25 09:33:51.200,3826.2000,3837,0,41348040.000,0,-,-,-,-,3825.0000,3824.8000,3822.8000,3822.2000,3822.0000,3826.6000,3828.0000,3829.8000,3833.8000,3834.0000,1,1,1,1,1,1,1,2,1,1
SF,IF2006,2019-11-25 09:33:53.200,3826.2000,3837,0,41348040.000,0,-,-,-,-,3824.8000,3822.8000,3822.2000,3822.0000,3820.2000,3826.6000,3828.0000,3829.8000,3833.8000,3834.0000,1,1,1,1,1,1,1,2,1,1
SF,IF2006,2019-11-25 09:33:53.700,3826.2000,3837,0,41348040.000,0,-,-,-,-,3824.8000,3822.8000,3822.2000,3822.0000,3820.2000,3826.4000,3826.6000,3828.0000,3829.8000,3833.8000,1,1,1,1,1,1,1,1,2,1
SF,IF2006,2019-11-25 09:33:57.200,3826.2000,3837,0,41348040.000,0,-,-,-,-,3822.8000,3822.2000,3822.0000,3820.2000,3820.0000,3826.4000,3826.6000,3828.0000,3829.8000,3833.8000,1,1,1,1,6,1,1,1,2,1
SF,IF2006,2019-11-25 09:33:57.700,3826.2000,3837,0,41348040.000,0,-,-,-,-,3823.0000,3822.8000,3822.2000,3822.0000,3820.2000,3826.4000,3826.6000,3828.0000,3829.8000,3833.8000,2,1,1,1,1,1,1,1,2,1
SF,IF2006,2019-11-25 09:34:01.200,3826.2000,3837,0,41348040.000,0,-,-,-,-,3823.2000,3823.0000,3822.8000,3822.2000,3822.0000,3826.4000,3826.6000,3828.0000,3829.8000,3833.8000,1,2,1,1,1,1,1,1,2,1
SF,IF2006,2019-11-25 09:34:01.700,3826.2000,3837,0,41348040.000,0,-,-,-,-,3823.4000,3823.2000,3823.0000,3822.8000,3822.2000,3826.4000,3826.6000,3828.0000,3829.8000,3833.8000,1,2,1,1,1,1,1,1,2,1
SF,IF2006,2019-11-25 09:34:02.200,3826.2000,3837,0,41348040.000,0,-,-,-,-,3823.8000,3823.4000,3823.2000,3822.8000,3822.2000,3826.4000,3826.6000,3828.0000,3829.8000,3833.8000,1,1,2,1,1,1,1,1,2,1
SF,IF2006,2019-11-25 09:34:02.700,3826.2000,3837,0,41348040.000,0,-,-,-,-,3823.8000,3823.2000,3822.8000,3822.2000,3822.0000,3826.4000,3826.6000,3828.0000,3829.8000,3833.8000,1,2,1,1,1,1,1,1,2,1
SF,IF2006,2019-11-25 09:34:03.200,3826.2000,3837,0,41348040.000,0,-,-,-,-,3824.0000,3823.8000,3823.2000,3822.8000,3822.2000,3826.4000,3826.6000,3828.0000,3829.8000,3833.8000,1,1,2,1,1,1,1,1,2,1
SF,IF2006,2019-11-25 09:34:04.700,3826.2000,3837,0,41348040.000,0,-,-,-,-,3824.0000,3823.8000,3823.2000,3822.8000,3822.2000,3826.4000,3826.6000,3828.0000,3829.8000,3833.8000,1,1,2,1,1,1,1,1,2,1
SF,IF2006,2019-11-25 09:34:05.700,3826.2000,3837,0,41348040.000,0,-,-,-,-,3824.2000,3824.0000,3823.8000,3823.2000,3822.8000,3826.4000,3826.6000,3828.0000,3829.8000,3833.8000,2,1,1,1,1,1,1,1,2,1
SF,IF2006,2019-11-25 09:34:06.700,3826.2000,3837,0,41348040.000,0,-,-,-,-,3824.2000,3823.8000,3823.2000,3822.8000,3822.2000,3826.4000,3826.6000,3828.0000,3829.8000,3833.8000,2,1,1,1,1,1,1,1,2,1
SF,IF2006,2019-11-25 09:34:07.700,3826.2000,3837,0,41348040.000,0,-,-,-,-,3824.2000,3823.8000,3823.2000,3822.8000,3822.2000,3826.4000,3826.6000,3828.0000,3829.8000,3833.8000,2,1,1,1,1,1,1,1,2,1
SF,IF2006,2019-11-25 09:34:08.200,3826.2000,3837,0,41348040.000,0,-,-,-,-,3824.2000,3823.8000,3823.2000,3822.8000,3822.2000,3826.4000,3826.6000,3828.0000,3829.8000,3833.8000,2,1,1,1,1,1,1,1,2,1
SF,IF2006,2019-11-25 09:34:13.200,3826.2000,3837,0,41348040.000,0,-,-,-,-,3824.2000,3823.8000,3822.8000,3822.2000,3822.0000,3826.4000,3826.6000,3828.0000,3829.8000,3833.8000,2,1,1,1,1,1,1,1,2,1
SF,IF2006,2019-11-25 09:34:14.700,3826.2000,3837,0,41348040.000,0,-,-,-,-,3824.2000,3822.8000,3822.2000,3822.0000,3820.2000,3826.4000,3826.6000,3828.0000,3829.8000,3833.8000,2,1,1,1,1,1,1,1,2,1
SF,IF2006,2019-11-25 09:34:16.700,3826.2000,3837,0,41348040.000,0,-,-,-,-,3824.2000,3822.8000,3822.2000,3822.0000,3820.2000,3826.4000,3826.6000,3828.0000,3829.8000,3833.8000,1,1,1,1,1,1,1,1,2,1
SF,IF2006,2019-11-25 09:34:17.200,3826.2000,3837,0,41348040.000,0,-,-,-,-,3824.2000,3822.0000,3820.2000,3820.0000,3817.8000,3826.4000,3826.6000,3828.0000,3829.8000,3833.8000,1,1,1,6,6,1,1,1,2,1
SF,IF2006,2019-11-25 09:34:17.700,3826.2000,3837,0,41348040.000,0,-,-,-,-,3822.0000,3820.2000,3820.0000,3817.8000,3815.0000,3826.4000,3826.6000,3828.0000,3829.8000,3833.8000,1,1,6,6,1,1,1,1,2,1
SF,IF2006,2019-11-25 09:34:18.200,3826.2000,3837,0,41348040.000,0,-,-,-,-,3822.2000,3822.0000,3820.2000,3820.0000,3817.8000,3826.4000,3826.6000,3828.0000,3829.8000,3833.8000,2,1,1,6,6,1,1,1,2,1
SF,IF2006,2019-11-25 09:34:18.700,3826.2000,3837,0,41348040.000,0,-,-,-,-,3822.2000,3822.0000,3820.2000,3820.0000,3817.8000,3826.4000,3826.6000,3828.0000,3829.8000,3830.4000,2,1,1,6,6,1,1,1,2,5
SF,IF2006,2019-11-25 09:34:19.700,3826.2000,3837,0,41348040.000,0,-,-,-,-,3822.2000,3822.0000,3820.2000,3820.0000,3817.8000,3826.4000,3826.6000,3828.0000,3829.8000,3830.4000,2,1,1,6,6,1,1,1,2,5
SF,IF2006,2019-11-25 09:34:20.700,3826.2000,3837,0,41348040.000,0,-,-,-,-,3822.2000,3822.0000,3820.2000,3820.0000,3817.8000,3826.0000,3826.4000,3828.0000,3829.8000,3830.4000,2,1,1,6,6,1,1,1,2,5
SF,IF2006,2019-11-25 09:34:21.200,3826.2000,3837,0,41348040.000,0,-,-,-,-,3822.2000,3820.2000,3820.0000,3817.8000,3815.0000,3825.8000,3826.0000,3828.0000,3829.8000,3830.4000,2,1,6,6,1,3,1,1,2,5
SF,IF2006,2019-11-25 09:34:21.700,3826.2000,3837,0,41348040.000,0,-,-,-,-,3822.2000,3822.0000,3820.2000,3820.0000,3817.8000,3825.6000,3826.0000,3828.0000,3830.4000,3833.8000,2,1,1,6,6,2,1,1,5,1
SF,IF2006,2019-11-25 09:34:22.200,3826.2000,3837,0,41348040.000,0,-,-,-,-,3822.2000,3822.0000,3820.2000,3820.0000,3817.8000,3825.6000,3826.0000,3828.0000,3830.4000,3833.8000,2,1,1,6,6,4,1,1,5,1
SF,IF2006,2019-11-25 09:34:22.700,3826.2000,3837,0,41348040.000,0,-,-,-,-,3822.2000,3820.2000,3820.0000,3817.8000,3815.0000,3825.6000,3826.0000,3828.0000,3830.4000,3833.8000,2,1,6,6,1,4,1,1,5,1
SF,IF2006,2019-11-25 09:34:23.200,3826.2000,3837,0,41348040.000,0,-,-,-,-,3822.2000,3820.2000,3820.0000,3817.8000,3815.0000,3825.6000,3826.0000,3828.0000,3830.4000,3833.8000,1,1,6,6,1,4,1,1,5,1
SF,IF2006,2019-11-25 09:34:23.700,3826.2000,3837,0,41348040.000,0,-,-,-,-,3822.2000,3820.2000,3820.0000,3817.8000,3815.0000,3825.6000,3826.0000,3828.0000,3830.4000,3833.8000,1,1,6,6,1,4,1,1,5,1
SF,IF2006,2019-11-25 09:34:25.200,3826.2000,3837,0,41348040.000,0,-,-,-,-,3822.2000,3822.0000,3820.2000,3820.0000,3817.8000,3825.6000,3826.0000,3828.0000,3830.4000,3833.8000,1,1,1,6,6,4,1,1,5,1
SF,IF2006,2019-11-25 09:34:26.700,3826.2000,3837,0,41348040.000,0,-,-,-,-,3822.8000,3822.2000,3822.0000,3820.2000,3820.0000,3825.6000,3826.0000,3828.0000,3830.4000,3833.8000,1,1,1,1,6,4,1,1,5,1
SF,IF2006,2019-11-25 09:34:27.200,3826.2000,3837,0,41348040.000,0,-,-,-,-,3820.2000,3820.0000,3817.8000,3815.0000,3813.0000,3825.6000,3826.0000,3828.0000,3830.4000,3833.8000,1,6,6,1,1,4,1,1,5,1
SF,IF2006,2019-11-25 09:34:27.700,3826.2000,3837,0,41348040.000,0,-,-,-,-,3821.6000,3820.4000,3820.2000,3820.0000,3817.8000,3825.6000,3826.0000,3828.0000,3830.4000,3833.8000,1,3,1,6,6,4,1,1,5,1
SF,IF2006,2019-11-25 09:34:28.200,3826.2000,3837,0,41348040.000,0,-,-,-,-,3821.8000,3821.6000,3820.4000,3820.2000,3820.0000,3825.6000,3826.0000,3828.0000,3830.4000,3833.8000,1,1,1,1,6,4,1,1,5,1
SF,IF2006,2019-11-25 09:34:28.700,3826.2000,3837,0,41348040.000,0,-,-,-,-,3822.0000,3821.8000,3821.6000,3820.4000,3820.2000,3825.6000,3826.0000,3828.0000,3830.4000,3833.8000,1,1,1,1,1,4,1,1,5,1
SF,IF2006,2019-11-25 09:34:29.200,3826.2000,3837,0,41348040.000,0,-,-,-,-,3822.0000,3821.6000,3820.4000,3820.2000,3820.0000,3825.6000,3826.0000,3828.0000,3830.4000,3833.8000,1,1,1,1,6,4,1,1,5,1
SF,IF2006,2019-11-25 09:34:30.700,3826.2000,3837,0,41348040.000,0,-,-,-,-,3822.8000,3822.2000,3822.0000,3821.6000,3820.4000,3825.6000,3826.0000,3828.0000,3833.8000,3834.0000,1,1,1,1,1,4,1,1,1,1
SF,IF2006,2019-11-25 09:34:31.200,3826.2000,3837,0,41348040.000,0,-,-,-,-,3822.0000,3821.6000,3820.4000,3820.2000,3820.0000,3825.6000,3826.0000,3828.0000,3833.8000,3834.0000,1,1,1,1,6,4,1,1,1,1
SF,IF2006,2019-11-25 09:34:31.700,3826.0000,3837,0,48234840.000,6,3,3,多换,S,3822.6000,3822.0000,3821.6000,3820.4000,3820.2000,3826.0000,3826.4000,3828.0000,3833.8000,3834.0000,1,1,1,1,1,1,1,1,1,1
SF,IF2006,2019-11-25 09:34:32.200,3826.0000,3837,0,48234840.000,0,-,-,-,-,3822.6000,3822.0000,3821.6000,3820.4000,3820.2000,3825.8000,3826.0000,3828.0000,3833.8000,3834.0000,1,1,1,1,1,1,1,1,1,1
SF,IF2006,2019-11-25 09:34:32.700,3826.0000,3837,0,48234840.000,0,-,-,-,-,3822.6000,3822.0000,3821.6000,3820.4000,3820.2000,3825.4000,3825.8000,3826.0000,3828.0000,3833.8000,1,1,1,1,1,1,1,1,1,1
SF,IF2006,2019-11-25 09:34:33.200,3826.0000,3837,0,48234840.000,0,-,-,-,-,3822.6000,3822.0000,3821.6000,3820.4000,3820.2000,3825.4000,3826.0000,3828.0000,3833.8000,3834.0000,1,1,1,1,1,1,1,1,1,1
SF,IF2006,2019-11-25 09:34:33.700,3826.0000,3837,0,48234840.000,0,-,-,-,-,3822.6000,3822.0000,3821.6000,3820.4000,3820.2000,3825.4000,3825.6000,3826.0000,3828.0000,3833.8000,1,1,1,1,1,1,1,1,1,1
SF,IF2006,2019-11-25 09:34:34.700,3826.0000,3837,0,48234840.000,0,-,-,-,-,3822.6000,3820.4000,3820.2000,3817.8000,3815.0000,3825.4000,3826.0000,3828.0000,3833.8000,3834.0000,1,1,1,6,1,1,1,1,1,1
SF,IF2006,2019-11-25 09:34:35.200,3826.0000,3837,0,48234840.000,0,-,-,-,-,3820.4000,3820.2000,3817.8000,3815.0000,3813.0000,3825.2000,3825.4000,3826.0000,3828.0000,3833.8000,1,1,6,1,1,2,1,1,1,1
SF,IF2006,2019-11-25 09:34:35.700,3826.0000,3837,0,48234840.000,0,-,-,-,-,3820.6000,3820.4000,3820.2000,3817.8000,3815.0000,3825.2000,3825.4000,3825.6000,3826.0000,3828.0000,2,1,1,6,1,3,1,1,1,1
SF,IF2006,2019-11-25 09:34:36.200,3826.0000,3837,0,48234840.000,0,-,-,-,-,3820.6000,3820.2000,3817.8000,3815.0000,3813.0000,3825.2000,3825.4000,3825.6000,3826.0000,3828.0000,2,1,6,1,1,3,1,1,2,1
SF,IF2006,2019-11-25 09:34:36.700,3826.0000,3837,0,48234840.000,0,-,-,-,-,3820.6000,3820.2000,3817.8000,3815.0000,3813.0000,3823.6000,3825.2000,3825.4000,3825.6000,3826.0000,2,1,6,1,1,1,3,1,1,2
SF,IF2006,2019-11-25 09:34:37.200,3826.0000,3837,0,48234840.000,0,-,-,-,-,3820.6000,3820.2000,3817.8000,3815.0000,3813.0000,3825.2000,3825.4000,3825.6000,3826.0000,3833.0000,2,1,6,1,1,1,1,1,2,6
SF,IF2006,2019-11-25 09:34:37.700,3826.0000,3837,0,48234840.000,0,-,-,-,-,3820.6000,3820.2000,3817.8000,3815.0000,3813.0000,3823.6000,3825.0000,3825.2000,3825.4000,3825.6000,2,1,6,1,1,1,2,1,1,1
SF,IF2006,2019-11-25 09:34:38.200,3826.0000,3837,0,48234840.000,0,-,-,-,-,3820.8000,3820.6000,3820.2000,3817.8000,3815.0000,3825.2000,3825.4000,3825.6000,3826.0000,3833.0000,1,2,1,6,1,1,1,1,2,6
SF,IF2006,2019-11-25 09:34:38.700,3826.0000,3837,0,48234840.000,0,-,-,-,-,3821.0000,3820.8000,3820.2000,3817.8000,3815.0000,3823.6000,3825.0000,3825.4000,3825.6000,3826.0000,2,1,1,6,1,1,2,1,1,2
SF,IF2006,2019-11-25 09:34:39.200,3826.0000,3837,0,48234840.000,0,-,-,-,-,3821.0000,3820.8000,3820.2000,3817.8000,3815.0000,3823.6000,3825.4000,3825.6000,3826.0000,3833.0000,2,1,1,6,1,1,1,1,1,6
SF,IF2006,2019-11-25 09:34:39.700,3826.0000,3837,0,48234840.000,0,-,-,-,-,3821.0000,3820.8000,3820.2000,3817.8000,3815.0000,3823.6000,3825.4000,3825.6000,3826.0000,3833.0000,2,1,1,6,1,1,1,1,2,6
SF,IF2006,2019-11-25 09:34:40.200,3826.0000,3837,0,48234840.000,0,-,-,-,-,3821.0000,3820.8000,3820.2000,3817.8000,3815.0000,3825.4000,3825.6000,3826.0000,3833.0000,3834.0000,2,1,1,6,1,1,1,2,6,1
SF,IF2006,2019-11-25 09:34:40.700,3826.0000,3837,0,48234840.000,0,-,-,-,-,3821.0000,3820.8000,3820.2000,3817.8000,3815.0000,3823.6000,3825.2000,3825.4000,3825.6000,3826.0000,2,1,1,6,1,1,2,1,1,2
SF,IF2006,2019-11-25 09:34:41.200,3826.0000,3837,0,48234840.000,0,-,-,-,-,3821.0000,3820.8000,3820.2000,3817.8000,3815.0000,3823.6000,3825.4000,3825.6000,3826.0000,3833.0000,2,1,1,6,1,1,1,1,2,6
SF,IF2006,2019-11-25 09:34:42.700,3826.0000,3837,0,48234840.000,0,-,-,-,-,3821.0000,3820.8000,3820.2000,3817.8000,3815.0000,3823.6000,3825.4000,3825.6000,3826.0000,3833.0000,2,1,1,6,1,1,1,1,1,6
SF,IF2006,2019-11-25 09:34:43.200,3826.0000,3837,0,48234840.000,0,-,-,-,-,3821.2000,3820.8000,3820.2000,3817.8000,3815.0000,3823.6000,3825.4000,3825.6000,3826.0000,3833.0000,1,1,1,6,1,1,1,1,2,6
SF,IF2006,2019-11-25 09:34:43.700,3826.0000,3837,0,48234840.000,0,-,-,-,-,3821.2000,3820.8000,3820.2000,3817.8000,3815.0000,3823.4000,3823.6000,3825.4000,3825.6000,3826.0000,1,1,1,6,1,1,1,1,1,2
SF,IF2006,2019-11-25 09:34:44.200,3826.0000,3837,0,48234840.000,0,-,-,-,-,3821.2000,3820.8000,3820.2000,3817.8000,3815.0000,3823.2000,3823.6000,3825.0000,3825.4000,3825.6000,1,1,1,6,1,1,1,1,1,1
SF,IF2006,2019-11-25 09:34:45.200,3826.0000,3837,0,48234840.000,0,-,-,-,-,3821.2000,3820.8000,3820.2000,3817.8000,3815.0000,3823.2000,3823.6000,3825.0000,3825.4000,3825.6000,1,1,1,6,1,1,1,2,1,1
SF,IF2006,2019-11-25 09:34:46.200,3826.0000,3837,0,48234840.000,0,-,-,-,-,3821.2000,3820.8000,3820.2000,3817.8000,3815.0000,3823.2000,3825.0000,3825.4000,3825.6000,3826.0000,1,1,1,6,1,1,2,1,1,1
SF,IF2006,2019-11-25 09:34:46.700,3826.0000,3837,0,48234840.000,0,-,-,-,-,3821.2000,3820.8000,3820.2000,3817.8000,3815.0000,3825.0000,3825.4000,3825.6000,3826.0000,3833.0000,1,1,1,6,1,1,1,1,2,6
SF,IF2006,2019-11-25 09:34:47.200,3826.0000,3837,0,48234840.000,0,-,-,-,-,3821.4000,3821.2000,3820.8000,3820.2000,3817.8000,3823.6000,3824.8000,3825.0000,3825.4000,3825.6000,1,1,1,1,6,1,2,1,1,1
SF,IF2006,2019-11-25 09:34:47.700,3826.0000,3837,0,48234840.000,0,-,-,-,-,3821.4000,3820.8000,3820.2000,3817.8000,3815.0000,3823.4000,3823.6000,3825.4000,3825.6000,3826.0000,1,1,1,6,1,1,1,1,1,2
SF,IF2006,2019-11-25 09:34:48.200,3826.0000,3837,0,48234840.000,0,-,-,-,-,3821.6000,3820.8000,3820.2000,3817.8000,3815.0000,3823.6000,3825.4000,3825.6000,3826.0000,3833.0000,1,1,1,6,1,1,1,1,2,6
SF,IF2006,2019-11-25 09:34:48.700,3826.0000,3837,0,48234840.000,0,-,-,-,-,3821.6000,3820.8000,3820.2000,3817.8000,3815.0000,3823.2000,3823.6000,3825.4000,3825.6000,3826.0000,1,1,1,6,1,1,1,1,1,2
SF,IF2006,2019-11-25 09:34:49.700,3826.0000,3837,0,48234840.000,0,-,-,-,-,3821.6000,3820.8000,3820.2000,3817.8000,3815.0000,3823.2000,3823.6000,3825.4000,3825.6000,3826.0000,1,1,1,6,1,1,1,1,1,1
SF,IF2006,2019-11-25 09:34:50.200,3826.0000,3837,0,48234840.000,0,-,-,-,-,3821.6000,3820.8000,3820.2000,3817.8000,3815.0000,3823.2000,3825.4000,3825.6000,3826.0000,3833.0000,1,1,1,6,1,1,1,1,2,6
SF,IF2006,2019-11-25 09:34:50.700,3826.0000,3837,0,48234840.000,0,-,-,-,-,3821.6000,3820.2000,3817.8000,3815.0000,3813.0000,3823.2000,3825.4000,3825.6000,3826.0000,3833.0000,1,1,6,1,1,1,1,1,2,6
SF,IF2006,2019-11-25 09:34:52.200,3826.0000,3837,0,48234840.000,0,-,-,-,-,3821.6000,3820.2000,3817.8000,3815.0000,3813.0000,3823.2000,3824.6000,3825.4000,3825.6000,3826.0000,1,1,6,1,1,1,1,1,1,2
SF,IF2006,2019-11-25 09:34:53.200,3826.0000,3837,0,48234840.000,0,-,-,-,-,3821.6000,3820.2000,3817.8000,3815.0000,3813.0000,3823.2000,3824.6000,3825.4000,3825.6000,3826.0000,1,1,6,1,1,1,1,1,1,1
SF,IF2006,2019-11-25 09:34:53.700,3826.0000,3837,0,48234840.000,0,-,-,-,-,3820.2000,3817.8000,3815.0000,3813.0000,3811.0000,3823.2000,3824.6000,3825.4000,3825.6000,3826.0000,1,6,1,1,2,1,1,1,1,2
SF,IF2006,2019-11-25 09:34:54.200,3826.0000,3837,0,48234840.000,0,-,-,-,-,3820.4000,3820.2000,3817.8000,3815.0000,3813.0000,3823.2000,3824.6000,3825.4000,3825.6000,3826.0000,2,1,6,1,1,1,1,1,1,2
SF,IF2006,2019-11-25 09:34:56.200,3826.0000,3837,0,48234840.000,0,-,-,-,-,3820.4000,3820.2000,3817.8000,3815.0000,3813.6000,3823.2000,3824.6000,3825.4000,3825.6000,3826.0000,2,1,1,1,5,1,1,1,1,2
SF,IF2006,2019-11-25 09:34:56.700,3826.0000,3837,0,48234840.000,0,-,-,-,-,3820.2000,3817.8000,3815.0000,3813.6000,3813.0000,3823.0000,3823.2000,3824.6000,3825.4000,3825.6000,1,1,1,5,1,2,1,1,1,1
SF,IF2006,2019-11-25 09:34:57.200,3826.0000,3837,0,48234840.000,0,-,-,-,-,3820.2000,3817.8000,3815.0000,3813.6000,3813.0000,3823.0000,3824.6000,3825.4000,3826.0000,3833.0000,1,1,1,5,1,2,1,1,2,6
SF,IF2006,2019-11-25 09:34:57.700,3826.0000,3837,0,48234840.000,0,-,-,-,-,3820.2000,3817.8000,3815.0000,3813.6000,3813.0000,3822.2000,3822.6000,3823.0000,3823.6000,3825.4000,1,1,1,5,1,1,1,2,1,1
SF,IF2006,2019-11-25 09:34:58.200,3826.0000,3837,0,48234840.000,0,-,-,-,-,3820.2000,3817.8000,3815.0000,3813.6000,3813.0000,3822.0000,3822.2000,3822.6000,3823.6000,3825.4000,1,1,1,5,1,1,1,1,1,1
SF,IF2006,2019-11-25 09:34:58.700,3826.0000,3837,0,48234840.000,0,-,-,-,-,3820.2000,3817.8000,3815.0000,3813.6000,3813.0000,3822.0000,3822.2000,3822.6000,3823.6000,3825.4000,1,1,1,5,1,1,1,1,1,1
SF,IF2006,2019-11-25 09:34:59.700,3826.0000,3837,0,48234840.000,0,-,-,-,-,3820.2000,3817.8000,3815.0000,3813.6000,3813.0000,3821.8000,3822.0000,3822.2000,3822.6000,3823.6000,1,1,1,5,1,2,1,1,1,1
SF,IF2006,2019-11-25 09:35:00.200,3826.0000,3837,0,48234840.000,0,-,-,-,-,3820.2000,3817.8000,3815.0000,3813.6000,3813.0000,3821.8000,3822.6000,3823.6000,3825.4000,3826.2000,1,1,1,5,1,2,1,1,1,5
SF,IF2006,2019-11-25 09:35:00.700,3826.0000,3837,0,48234840.000,0,-,-,-,-,3820.2000,3815.0000,3813.6000,3813.0000,3811.0000,3821.6000,3821.8000,3822.6000,3823.6000,3825.4000,1,1,5,1,2,1,2,1,1,1
SF,IF2006,2019-11-25 09:35:01.200,3824.0000,3837,0,62001240.000,12,6,6,多换,S,3820.2000,3819.4000,3815.0000,3813.6000,3813.0000,3823.6000,3824.8000,3825.4000,3826.0000,3830.4000,1,1,1,5,1,2,1,1,1,5
SF,IF2006,2019-11-25 09:35:01.700,3824.0000,3837,0,62001240.000,0,-,-,-,-,3820.2000,3815.0000,3813.6000,3813.0000,3811.0000,3823.6000,3825.4000,3826.0000,3830.4000,3833.0000,1,1,5,1,2,3,1,1,5,6
SF,IF2006,2019-11-25 09:35:02.700,3824.0000,3837,0,62001240.000,0,-,-,-,-,3820.2000,3815.0000,3813.6000,3813.0000,3811.0000,3823.4000,3823.6000,3825.4000,3826.0000,3830.4000,1,1,5,1,2,1,3,1,1,5
SF,IF2006,2019-11-25 09:35:03.200,3820.2000,3837,0,63147300.000,1,0,1,多换,S,3815.0000,3813.6000,3813.0000,3811.0000,3810.2000,3823.2000,3823.4000,3823.6000,3825.4000,3826.0000,1,5,1,2,1,2,1,3,1,1
SF,IF2006,2019-11-25 09:35:03.700,3820.2000,3837,0,63147300.000,0,-,-,-,-,3818.8000,3816.8000,3815.2000,3815.0000,3814.8000,3823.2000,3823.6000,3824.0000,3825.4000,3830.4000,3,1,3,1,1,3,3,1,1,5
SF,IF2006,2019-11-25 09:35:04.200,3820.2000,3837,0,63147300.000,0,-,-,-,-,3818.8000,3816.8000,3816.4000,3815.2000,3815.0000,3820.2000,3822.6000,3823.0000,3823.2000,3823.6000,3,1,1,3,1,1,1,1,1,9
SF,IF2006,2019-11-25 09:35:04.700,3820.2000,3836,-1,64293360.000,1,0,1,双平,S,3818.8000,3816.8000,3816.4000,3815.2000,3815.0000,3822.6000,3823.0000,3823.2000,3823.6000,3824.0000,3,1,1,3,1,1,1,1,9,1
SF,IF2006,2019-11-25 09:35:05.200,3820.2000,3836,0,64293360.000,0,-,-,-,-,3818.8000,3816.8000,3816.4000,3815.2000,3815.0000,3822.6000,3823.0000,3823.2000,3823.4000,3823.6000,3,1,1,3,1,1,1,1,1,9
SF,IF2006,2019-11-25 09:35:05.700,3820.2000,3836,0,64293360.000,0,-,-,-,-,3818.8000,3816.4000,3815.2000,3815.0000,3814.8000,3822.6000,3823.0000,3823.4000,3823.6000,3825.4000,3,1,3,1,1,1,1,1,10,1
SF,IF2006,2019-11-25 09:35:06.200,3820.2000,3836,0,64293360.000,0,-,-,-,-,3819.2000,3818.8000,3816.4000,3815.2000,3815.0000,3822.6000,3823.0000,3823.6000,3825.4000,3830.4000,1,3,1,3,1,1,1,4,1,5
SF,IF2006,2019-11-25 09:35:06.700,3820.2000,3836,0,64293360.000,0,-,-,-,-,3820.0000,3819.8000,3819.2000,3816.4000,3815.2000,3822.6000,3823.6000,3825.4000,3830.4000,3834.0000,3,1,1,1,3,1,4,1,5,1
SF,IF2006,2019-11-25 09:35:07.200,3820.2000,3836,0,64293360.000,0,-,-,-,-,3820.0000,3819.8000,3816.4000,3815.2000,3815.0000,3823.6000,3824.0000,3825.4000,3830.4000,3834.0000,3,1,1,3,1,4,1,1,5,1
SF,IF2006,2019-11-25 09:35:07.700,3820.2000,3836,0,64293360.000,0,-,-,-,-,3820.0000,3816.4000,3815.2000,3815.0000,3814.8000,3823.6000,3824.0000,3825.4000,3830.4000,3834.0000,3,1,3,1,1,4,1,1,5,1
SF,IF2006,2019-11-25 09:35:08.200,3820.2000,3836,0,64293360.000,0,-,-,-,-,3820.0000,3816.4000,3815.2000,3815.0000,3814.8000,3823.6000,3824.0000,3825.4000,3830.4000,3834.0000,3,1,3,1,1,4,2,1,5,1
SF,IF2006,2019-11-25 09:35:09.200,3820.2000,3836,0,64293360.000,0,-,-,-,-,3820.0000,3816.4000,3815.2000,3815.0000,3814.8000,3823.6000,3824.0000,3825.4000,3830.4000,3834.0000,3,1,2,1,1,4,2,1,5,1
SF,IF2006,2019-11-25 09:35:09.700,3820.2000,3836,0,64293360.000,0,-,-,-,-,3820.2000,3820.0000,3816.4000,3815.2000,3815.0000,3823.6000,3824.0000,3825.4000,3825.6000,3830.4000,1,3,1,2,1,4,1,1,2,5
SF,IF2006,2019-11-25 09:35:10.200,3820.2000,3836,0,64293360.000,0,-,-,-,-,3820.4000,3820.2000,3816.4000,3815.2000,3815.0000,3823.6000,3824.0000,3825.4000,3825.6000,3830.4000,3,2,1,2,1,4,1,1,2,5
SF,IF2006,2019-11-25 09:35:10.700,3820.2000,3836,0,64293360.000,0,-,-,-,-,3820.4000,3820.2000,3816.4000,3815.2000,3815.0000,3823.4000,3823.6000,3824.0000,3824.8000,3825.4000,3,2,1,2,1,1,4,1,2,1
SF,IF2006,2019-11-25 09:35:13.200,3820.2000,3836,0,64293360.000,0,-,-,-,-,3820.4000,3820.2000,3816.4000,3815.2000,3815.0000,3823.2000,3823.4000,3823.6000,3824.0000,3824.8000,3,2,1,2,1,1,1,4,1,2
SF,IF2006,2019-11-25 09:35:13.700,3820.2000,3836,0,64293360.000,0,-,-,-,-,3820.2000,3816.4000,3815.2000,3815.0000,3814.8000,3823.2000,3823.4000,3823.6000,3824.0000,3824.8000,2,1,2,1,1,1,1,4,1,2
SF,IF2006,2019-11-25 09:35:14.200,3820.2000,3836,0,64293360.000,0,-,-,-,-,3820.2000,3816.4000,3815.2000,3815.0000,3814.8000,3823.2000,3823.4000,3823.6000,3824.0000,3824.8000,1,1,2,1,1,1,1,4,1,2
SF,IF2006,2019-11-25 09:35:14.700,3820.2000,3836,0,64293360.000,0,-,-,-,-,3820.2000,3816.4000,3815.2000,3815.0000,3814.8000,3823.0000,3823.2000,3823.4000,3823.6000,3824.0000,1,1,2,1,1,1,1,1,4,1
SF,IF2006,2019-11-25 09:35:15.200,3820.2000,3836,0,64293360.000,0,-,-,-,-,3820.2000,3815.2000,3815.0000,3814.8000,3813.6000,3822.6000,3822.8000,3823.0000,3823.2000,3823.4000,1,2,1,1,5,1,1,1,1,2
SF,IF2006,2019-11-25 09:35:15.700,3820.2000,3836,0,64293360.000,0,-,-,-,-,3815.2000,3815.0000,3814.8000,3813.6000,3813.4000,3822.2000,3822.8000,3823.2000,3823.4000,3823.6000,2,1,1,5,1,1,1,1,2,4
SF,IF2006,2019-11-25 09:35:16.200,3820.2000,3836,0,64293360.000,0,-,-,-,-,3818.8000,3816.6000,3815.2000,3815.0000,3814.8000,3821.8000,3822.8000,3823.2000,3823.4000,3823.6000,3,1,3,1,1,1,1,1,2,4
SF,IF2006,2019-11-25 09:35:16.700,3820.2000,3836,0,64293360.000,0,-,-,-,-,3818.8000,3816.6000,3815.2000,3815.0000,3814.8000,3821.8000,3822.8000,3823.4000,3823.6000,3824.0000,3,1,3,1,1,1,1,2,4,1
SF,IF2006,2019-11-25 09:35:17.200,3820.2000,3836,0,64293360.000,0,-,-,-,-,3819.2000,3818.8000,3816.6000,3815.2000,3815.0000,3821.8000,3822.8000,3823.4000,3823.6000,3824.0000,1,3,1,3,1,1,1,2,4,1
SF,IF2006,2019-11-25 09:35:17.700,3820.2000,3836,0,64293360.000,0,-,-,-,-,3819.4000,3819.2000,3816.6000,3815.2000,3815.0000,3821.8000,3822.8000,3823.4000,3823.6000,3824.0000,3,1,1,3,1,1,1,2,4,1
SF,IF2006,2019-11-25 09:35:18.200,3820.2000,3836,0,64293360.000,0,-,-,-,-,3819.4000,3816.6000,3815.2000,3815.0000,3814.8000,3823.4000,3823.6000,3824.0000,3824.8000,3825.4000,3,1,3,1,1,2,4,1,2,1
SF,IF2006,2019-11-25 09:35:18.700,3820.2000,3836,0,64293360.000,0,-,-,-,-,3819.8000,3819.4000,3816.6000,3815.2000,3815.0000,3823.2000,3823.4000,3823.6000,3824.0000,3824.8000,1,3,1,3,1,1,2,4,1,2
SF,IF2006,2019-11-25 09:35:19.200,3820.2000,3836,0,64293360.000,0,-,-,-,-,3819.8000,3816.6000,3815.2000,3815.0000,3814.8000,3823.4000,3823.6000,3824.0000,3824.8000,3825.4000,1,1,3,1,1,2,4,1,2,1
SF,IF2006,2019-11-25 09:35:19.700,3823.4000,3836,0,66587340.000,2,1,1,多换,S,3819.8000,3816.6000,3815.2000,3815.0000,3814.8000,3823.4000,3823.6000,3824.0000,3824.8000,3825.4000,1,1,3,1,1,1,4,1,2,1
SF,IF2006,2019-11-25 09:35:20.200,3823.4000,3836,0,66587340.000,0,-,-,-,-,3820.2000,3819.8000,3816.6000,3815.2000,3815.0000,3823.4000,3823.6000,3824.0000,3824.8000,3825.4000,3,1,1,3,1,1,4,1,2,1
SF,IF2006,2019-11-25 09:35:20.700,3823.4000,3836,0,66587340.000,0,-,-,-,-,3820.2000,3816.6000,3815.2000,3815.0000,3814.8000,3823.2000,3823.4000,3823.6000,3824.0000,3824.8000,3,1,3,1,1,1,1,3,1,2
SF,IF2006,2019-11-25 09:35:21.200,3823.4000,3836,0,66587340.000,0,-,-,-,-,3820.6000,3820.2000,3816.6000,3815.2000,3815.0000,3823.0000,3823.2000,3823.4000,3823.6000,3824.0000,1,3,1,3,1,1,1,1,3,1
SF,IF2006,2019-11-25 09:35:21.700,3823.4000,3836,0,66587340.000,0,-,-,-,-,3821.2000,3820.6000,3820.0000,3816.6000,3815.2000,3823.0000,3823.2000,3823.4000,3823.6000,3824.0000,3,1,1,1,3,1,1,1,3,1
SF,IF2006,2019-11-25 09:35:22.200,3823.4000,3836,0,66587340.000,0,-,-,-,-,3821.2000,3820.6000,3820.0000,3819.4000,3816.6000,3823.0000,3823.2000,3823.4000,3823.6000,3824.0000,3,1,1,1,1,1,1,1,3,1
SF,IF2006,2019-11-25 09:35:22.700,3823.4000,3836,0,66587340.000,0,-,-,-,-,3820.6000,3820.0000,3819.4000,3816.6000,3815.2000,3823.0000,3823.2000,3823.4000,3823.6000,3824.0000,1,1,1,1,2,1,1,1,3,1
SF,IF2006,2019-11-25 09:35:23.200,3823.4000,3836,0,66587340.000,0,-,-,-,-,3821.0000,3820.0000,3819.4000,3816.6000,3815.2000,3823.4000,3823.6000,3824.0000,3824.8000,3825.4000,3,1,1,1,2,1,3,1,2,1
SF,IF2006,2019-11-25 09:35:24.200,3823.4000,3836,0,66587340.000,0,-,-,-,-,3821.0000,3820.0000,3819.4000,3816.6000,3815.2000,3823.0000,3823.4000,3823.6000,3824.0000,3824.8000,3,1,1,1,2,1,1,3,1,1
SF,IF2006,2019-11-25 09:35:26.700,3821.0000,3835,-1,67733640.000,1,0,1,双平,S,3821.0000,3820.0000,3819.4000,3816.6000,3815.2000,3822.8000,3823.0000,3823.4000,3823.6000,3824.0000,2,1,1,1,2,3,1,1,3,1
SF,IF2006,2019-11-25 09:35:27.200,3821.0000,3835,0,67733640.000,0,-,-,-,-,3820.0000,3819.4000,3816.6000,3815.2000,3815.0000,3822.8000,3823.0000,3823.4000,3823.6000,3824.0000,1,1,1,2,1,2,1,1,3,1
SF,IF2006,2019-11-25 09:35:27.700,3821.0000,3835,0,67733640.000,0,-,-,-,-,3820.0000,3819.4000,3816.6000,3815.2000,3815.0000,3822.6000,3822.8000,3823.4000,3823.6000,3824.0000,1,1,1,2,1,2,2,1,3,1
SF,IF2006,2019-11-25 09:35:28.200,3821.0000,3835,0,67733640.000,0,-,-,-,-,3820.0000,3819.4000,3816.6000,3815.2000,3815.0000,3822.2000,3822.4000,3822.6000,3822.8000,3823.4000,1,1,1,2,1,1,1,1,2,1
SF,IF2006,2019-11-25 09:35:28.700,3821.0000,3835,0,67733640.000,0,-,-,-,-,3820.2000,3820.0000,3819.4000,3816.6000,3815.2000,3822.0000,3822.2000,3822.4000,3822.6000,3822.8000,3,1,1,1,2,1,1,1,1,2
SF,IF2006,2019-11-25 09:35:29.200,3821.0000,3835,0,67733640.000,0,-,-,-,-,3820.2000,3820.0000,3819.4000,3816.6000,3815.2000,3821.8000,3822.0000,3822.4000,3822.6000,3822.8000,3,1,1,1,2,1,1,1,1,1
SF,IF2006,2019-11-25 09:35:29.700,3821.0000,3835,0,67733640.000,0,-,-,-,-,3820.2000,3820.0000,3819.4000,3816.6000,3815.2000,3821.8000,3822.4000,3822.6000,3822.8000,3823.4000,3,1,1,1,2,1,1,1,1,1
SF,IF2006,2019-11-25 09:35:30.200,3820.0000,3834,-1,68879640.000,1,0,1,双平,S,3819.4000,3816.6000,3815.2000,3815.0000,3814.8000,3821.6000,3821.8000,3822.4000,3822.6000,3822.8000,1,1,2,1,1,1,1,1,1,1
SF,IF2006,2019-11-25 09:35:30.700,3820.0000,3834,0,68879640.000,0,-,-,-,-,3819.8000,3819.4000,3816.6000,3815.2000,3815.0000,3821.8000,3822.4000,3822.6000,3822.8000,3823.4000,3,1,1,2,1,1,1,1,1,1
SF,IF2006,2019-11-25 09:35:31.200,3820.0000,3834,0,68879640.000,0,-,-,-,-,3819.8000,3819.6000,3819.4000,3816.6000,3815.2000,3821.4000,3821.8000,3822.4000,3822.6000,3822.8000,3,1,1,1,2,1,1,1,1,1
SF,IF2006,2019-11-25 09:35:32.200,3820.0000,3834,0,68879640.000,0,-,-,-,-,3819.8000,3819.4000,3816.6000,3815.2000,3815.0000,3821.4000,3821.8000,3822.4000,3822.6000,3822.8000,3,1,1,2,1,1,1,1,1,1
SF,IF2006,2019-11-25 09:35:33.200,3820.0000,3834,0,68879640.000,0,-,-,-,-,3819.8000,3819.4000,3816.6000,3815.2000,3815.0000,3822.6000,3822.8000,3823.4000,3823.6000,3824.6000,3,1,1,2,1,1,1,1,2,1
SF,IF2006,2019-11-25 09:35:33.700,3820.0000,3834,0,68879640.000,0,-,-,-,-,3820.0000,3819.8000,3819.4000,3816.6000,3815.2000,3822.4000,3822.6000,3822.8000,3823.4000,3823.6000,1,3,1,1,2,1,1,1,1,2
SF,IF2006,2019-11-25 09:35:34.200,3820.0000,3834,0,68879640.000,0,-,-,-,-,3820.8000,3820.0000,3819.4000,3816.6000,3815.2000,3822.4000,3822.6000,3822.8000,3823.4000,3823.6000,3,1,1,1,2,1,1,1,1,2
SF,IF2006,2019-11-25 09:35:34.700,3820.0000,3834,0,68879640.000,0,-,-,-,-,3820.8000,3820.2000,3820.0000,3819.4000,3816.6000,3822.4000,3822.8000,3823.4000,3823.6000,3824.4000,3,1,1,1,1,1,1,1,2,2
SF,IF2006,2019-11-25 09:35:35.200,3820.0000,3834,0,68879640.000,0,-,-,-,-,3820.8000,3820.4000,3820.2000,3820.0000,3819.4000,3822.4000,3822.8000,3823.4000,3823.6000,3824.4000,3,1,1,1,1,1,1,1,2,2
SF,IF2006,2019-11-25 09:35:35.700,3820.0000,3834,0,68879640.000,0,-,-,-,-,3820.8000,3820.4000,3820.2000,3820.0000,3819.4000,3822.4000,3822.8000,3823.4000,3823.6000,3824.4000,3,1,1,1,1,1,1,1,2,2
SF,IF2006,2019-11-25 09:35:36.700,3820.0000,3834,0,68879640.000,0,-,-,-,-,3820.8000,3820.4000,3820.2000,3819.4000,3816.6000,3822.8000,3823.4000,3823.6000,3824.4000,3824.6000,3,1,1,1,1,1,1,2,2,1
SF,IF2006,2019-11-25 09:35:37.200,3820.0000,3834,0,68879640.000,0,-,-,-,-,3821.0000,3820.8000,3820.4000,3819.4000,3816.6000,3822.6000,3822.8000,3823.4000,3823.6000,3824.4000,1,3,1,1,1,1,1,1,2,2
SF,IF2006,2019-11-25 09:35:37.700,3820.0000,3834,0,68879640.000,0,-,-,-,-,3821.4000,3821.0000,3820.4000,3819.4000,3816.6000,3822.8000,3823.4000,3823.6000,3824.4000,3824.6000,3,1,1,1,1,1,1,2,2,1
SF,IF2006,2019-11-25 09:35:38.200,3820.0000,3834,0,68879640.000,0,-,-,-,-,3821.4000,3821.0000,3820.4000,3819.4000,3816.6000,3822.4000,3822.8000,3823.4000,3823.6000,3824.4000,3,1,1,1,1,1,1,1,2,2
SF,IF2006,2019-11-25 09:35:38.700,3820.0000,3834,0,68879640.000,0,-,-,-,-,3821.4000,3820.4000,3819.4000,3816.6000,3815.2000,3822.4000,3822.8000,3823.4000,3823.6000,3824.4000,3,1,1,1,2,1,1,1,2,2
SF,IF2006,2019-11-25 09:35:40.700,3820.0000,3834,0,68879640.000,0,-,-,-,-,3821.4000,3819.4000,3816.6000,3815.2000,3815.0000,3822.4000,3822.8000,3823.4000,3823.6000,3824.4000,3,1,1,2,1,1,1,1,2,2
SF,IF2006,2019-11-25 09:35:43.200,3820.0000,3834,0,68879640.000,0,-,-,-,-,3821.4000,3819.4000,3816.6000,3815.2000,3815.0000,3822.0000,3822.4000,3823.4000,3823.6000,3824.4000,3,1,1,2,1,1,1,1,2,2
SF,IF2006,2019-11-25 09:35:43.700,3820.0000,3834,0,68879640.000,0,-,-,-,-,3821.4000,3819.4000,3816.6000,3815.2000,3815.0000,3822.0000,3823.4000,3823.6000,3824.4000,3824.6000,3,1,1,2,1,1,1,2,2,1
SF,IF2006,2019-11-25 09:35:46.200,3820.0000,3834,0,68879640.000,0,-,-,-,-,3821.4000,3816.6000,3815.2000,3815.0000,3814.8000,3822.0000,3823.4000,3823.6000,3824.4000,3824.6000,3,1,2,1,1,1,1,2,2,1
SF,IF2006,2019-11-25 09:35:46.700,3822.0000,3833,-1,70026240.000,1,0,1,双平,S,3821.4000,3816.6000,3815.2000,3815.0000,3814.8000,3823.4000,3823.6000,3824.4000,3824.6000,3825.4000,3,1,2,1,1,1,2,2,1,1
SF,IF2006,2019-11-25 09:35:47.200,3822.0000,3833,0,70026240.000,0,-,-,-,-,3821.4000,3816.6000,3815.2000,3815.0000,3814.8000,3823.2000,3823.4000,3823.6000,3824.4000,3824.6000,3,1,2,1,1,1,1,2,2,1
SF,IF2006,2019-11-25 09:35:47.700,3823.2000,3832,-1,71173200.000,1,0,1,双平,S,3821.4000,3816.6000,3815.2000,3815.0000,3814.8000,3823.6000,3824.4000,3824.6000,3825.4000,3830.4000,3,1,2,1,1,2,2,1,1,5
SF,IF2006,2019-11-25 09:35:48.200,3823.2000,3832,0,71173200.000,0,-,-,-,-,3821.4000,3816.6000,3815.2000,3815.0000,3814.8000,3823.6000,3824.4000,3825.4000,3830.4000,3834.0000,3,1,2,1,1,2,2,1,5,1
SF,IF2006,2019-11-25 09:35:48.700,3823.2000,3832,0,71173200.000,0,-,-,-,-,3821.8000,3821.4000,3816.6000,3815.2000,3815.0000,3823.6000,3824.4000,3825.4000,3830.4000,3834.0000,1,3,1,1,1,2,2,1,5,1
SF,IF2006,2019-11-25 09:35:49.200,3823.2000,3832,0,71173200.000,0,-,-,-,-,3822.0000,3821.8000,3816.6000,3815.2000,3815.0000,3823.6000,3825.4000,3826.2000,3830.4000,3834.0000,3,1,1,1,1,2,1,1,5,1
SF,IF2006,2019-11-25 09:35:49.700,3823.2000,3832,0,71173200.000,0,-,-,-,-,3822.0000,3821.8000,3821.2000,3816.6000,3815.2000,3823.6000,3825.4000,3826.2000,3830.4000,3834.0000,4,1,1,1,1,2,1,1,5,1
SF,IF2006,2019-11-25 09:35:50.700,3823.2000,3832,0,71173200.000,0,-,-,-,-,3822.0000,3821.2000,3816.6000,3815.2000,3815.0000,3823.6000,3825.4000,3826.2000,3830.4000,3834.0000,4,1,1,1,1,2,1,1,5,1
SF,IF2006,2019-11-25 09:35:51.200,3823.2000,3832,0,71173200.000,0,-,-,-,-,3822.2000,3822.0000,3821.2000,3816.6000,3815.2000,3823.6000,3825.4000,3826.2000,3830.4000,3834.0000,1,4,1,1,1,2,1,1,5,1
SF,IF2006,2019-11-25 09:35:51.700,3823.6000,3830,-2,73467360.000,2,0,2,双平,S,3822.6000,3822.2000,3821.2000,3816.6000,3815.2000,3825.4000,3826.2000,3830.4000,3834.0000,3835.8000,3,1,1,1,1,1,1,5,1,1
SF,IF2006,2019-11-25 09:35:52.200,3823.6000,3830,0,73467360.000,0,-,-,-,-,3822.8000,3822.2000,3821.2000,3816.6000,3815.2000,3825.2000,3825.4000,3826.2000,3830.4000,3834.0000,1,1,1,1,1,1,1,1,5,1
SF,IF2006,2019-11-25 09:35:52.700,3823.6000,3830,0,73467360.000,0,-,-,-,-,3822.8000,3822.2000,3821.2000,3816.6000,3815.2000,3825.2000,3825.4000,3826.2000,3830.4000,3834.0000,2,1,1,1,1,1,1,1,5,1
SF,IF2006,2019-11-25 09:35:54.700,3823.6000,3830,0,73467360.000,0,-,-,-,-,3822.8000,3821.2000,3816.6000,3815.2000,3815.0000,3825.2000,3825.4000,3826.2000,3830.4000,3834.0000,2,1,1,1,1,1,1,1,5,1
SF,IF2006,2019-11-25 09:35:55.200,3823.6000,3830,0,73467360.000,0,-,-,-,-,3823.2000,3822.8000,3821.2000,3816.6000,3815.2000,3825.4000,3826.2000,3830.4000,3834.0000,3835.8000,1,2,1,1,1,1,1,5,1,1
SF,IF2006,2019-11-25 09:35:55.700,3823.6000,3830,0,73467360.000,0,-,-,-,-,3823.4000,3823.2000,3823.0000,3821.2000,3816.6000,3825.4000,3826.2000,3830.4000,3834.0000,3835.8000,1,1,1,1,1,1,1,5,1,1
SF,IF2006,2019-11-25 09:35:56.200,3823.6000,3830,0,73467360.000,0,-,-,-,-,3823.4000,3823.0000,3821.2000,3816.6000,3815.2000,3825.4000,3826.2000,3830.4000,3834.0000,3835.8000,2,1,1,1,1,1,1,5,1,1
SF,IF2006,2019-11-25 09:35:57.200,3823.6000,3830,0,73467360.000,0,-,-,-,-,3823.4000,3823.0000,3821.2000,3816.6000,3815.2000,3825.4000,3826.2000,3826.4000,3830.4000,3834.0000,2,1,1,1,1,1,1,1,5,1
SF,IF2006,2019-11-25 09:35:57.700,3823.6000,3830,0,73467360.000,0,-,-,-,-,3823.4000,3823.0000,3821.2000,3816.6000,3815.2000,3825.4000,3826.4000,3828.6000,3830.4000,3834.0000,2,1,1,1,1,1,1,2,5,1
SF,IF2006,2019-11-25 09:35:58.200,3823.6000,3830,0,73467360.000,0,-,-,-,-,3823.4000,3823.0000,3821.2000,3816.6000,3815.2000,3825.4000,3826.4000,3828.6000,3830.4000,3834.0000,2,1,1,1,1,1,1,2,5,1
SF,IF2006,2019-11-25 09:35:59.200,3823.6000,3830,0,73467360.000,0,-,-,-,-,3823.4000,3821.2000,3816.6000,3815.2000,3815.0000,3825.4000,3828.6000,3830.4000,3834.0000,3835.8000,3,1,1,1,1,1,2,5,1,1
SF,IF2006,2019-11-25 09:36:00.200,3823.6000,3830,0,73467360.000,0,-,-,-,-,3823.8000,3823.6000,3823.4000,3821.2000,3816.6000,3825.4000,3828.6000,3830.4000,3834.0000,3835.8000,1,1,2,1,1,1,2,5,1,1
SF,IF2006,2019-11-25 09:36:00.700,3823.6000,3830,0,73467360.000,0,-,-,-,-,3824.0000,3823.8000,3823.6000,3821.2000,3816.6000,3825.4000,3828.6000,3830.4000,3834.0000,3835.8000,1,1,2,1,1,1,2,5,1,1
SF,IF2006,2019-11-25 09:36:01.200,3823.6000,3830,0,73467360.000,0,-,-,-,-,3824.0000,3823.8000,3823.6000,3821.2000,3816.6000,3825.4000,3828.6000,3830.4000,3834.0000,3835.8000,2,1,2,1,1,1,2,5,1,1
SF,IF2006,2019-11-25 09:36:01.700,3823.6000,3830,0,73467360.000,0,-,-,-,-,3824.0000,3823.6000,3821.2000,3816.6000,3815.2000,3825.4000,3828.6000,3830.4000,3834.0000,3835.8000,1,2,1,1,1,1,2,5,1,1
SF,IF2006,2019-11-25 09:36:02.200,3823.6000,3830,0,73467360.000,0,-,-,-,-,3824.0000,3823.6000,3821.2000,3816.6000,3815.2000,3825.4000,3828.6000,3830.4000,3834.0000,3835.8000,1,1,1,1,1,1,2,5,1,1
SF,IF2006,2019-11-25 09:36:03.200,3823.6000,3830,0,73467360.000,0,-,-,-,-,3824.0000,3823.6000,3821.2000,3816.6000,3815.2000,3825.4000,3827.6000,3828.6000,3830.4000,3834.0000,1,1,1,1,1,1,1,2,5,1
SF,IF2006,2019-11-25 09:36:06.200,3823.6000,3830,0,73467360.000,0,-,-,-,-,3824.0000,3821.2000,3816.6000,3815.2000,3815.0000,3825.4000,3827.6000,3828.6000,3830.4000,3834.0000,1,1,1,1,1,1,1,2,5,1
SF,IF2006,2019-11-25 09:36:10.200,3823.6000,3830,0,73467360.000,0,-,-,-,-,3824.0000,3821.2000,3816.6000,3815.2000,3815.0000,3825.4000,3827.6000,3828.6000,3830.4000,3834.0000,1,1,1,1,1,1,1,2,5,1
SF,IF2006,2019-11-25 09:36:13.200,3823.6000,3830,0,73467360.000,0,-,-,-,-,3824.0000,3821.2000,3816.6000,3815.2000,3815.0000,3825.4000,3827.6000,3828.6000,3830.4000,3834.0000,2,1,1,1,1,1,1,2,5,1
SF,IF2006,2019-11-25 09:36:16.200,3825.4000,3829,-1,74614980.000,1,0,1,双平,S,3824.0000,3821.2000,3816.6000,3815.2000,3815.0000,3827.6000,3828.6000,3830.4000,3834.0000,3835.8000,2,1,1,1,1,1,2,5,1,1
SF,IF2006,2019-11-25 09:36:16.700,3825.4000,3829,0,74614980.000,0,-,-,-,-,3824.2000,3824.0000,3821.2000,3816.6000,3815.2000,3827.6000,3828.6000,3830.4000,3834.0000,3835.8000,2,2,1,1,1,1,2,5,1,1
SF,IF2006,2019-11-25 09:36:17.200,3825.4000,3829,0,74614980.000,0,-,-,-,-,3824.2000,3824.0000,3821.2000,3816.6000,3815.2000,3827.6000,3828.6000,3830.4000,3834.0000,3835.8000,2,1,1,1,1,1,2,5,1,1
SF,IF2006,2019-11-25 09:36:17.700,3825.4000,3829,0,74614980.000,0,-,-,-,-,3824.4000,3824.2000,3824.0000,3821.2000,3816.6000,3828.6000,3830.4000,3834.0000,3835.8000,3837.8000,1,2,1,1,1,2,5,1,1,1
SF,IF2006,2019-11-25 09:36:18.200,3825.4000,3829,0,74614980.000,0,-,-,-,-,3824.6000,3824.4000,3824.0000,3821.2000,3815.2000,3828.4000,3828.6000,3830.4000,3834.0000,3835.8000,2,1,1,1,1,1,2,5,1,1
SF,IF2006,2019-11-25 09:36:18.700,3825.4000,3829,0,74614980.000,0,-,-,-,-,3825.4000,3825.0000,3824.6000,3824.0000,3821.2000,3828.4000,3828.6000,3834.0000,3834.6000,3835.8000,1,1,2,1,1,1,2,1,5,1
SF,IF2006,2019-11-25 09:36:19.200,3825.4000,3829,0,74614980.000,0,-,-,-,-,3825.6000,3825.4000,3825.0000,3824.0000,3821.2000,3828.4000,3828.6000,3834.0000,3834.6000,3835.8000,1,1,1,1,1,1,2,1,5,1
SF,IF2006,2019-11-25 09:36:19.700,3825.4000,3829,0,74614980.000,0,-,-,-,-,3825.6000,3825.4000,3825.0000,3824.0000,3821.2000,3828.4000,3828.6000,3834.0000,3834.6000,3835.8000,2,1,1,1,1,1,2,1,5,1
SF,IF2006,2019-11-25 09:36:20.200,3825.4000,3829,0,74614980.000,0,-,-,-,-,3825.6000,3825.0000,3824.6000,3824.0000,3815.2000,3828.4000,3830.4000,3834.0000,3834.6000,3835.8000,2,1,1,1,1,1,2,1,5,1
SF,IF2006,2019-11-25 09:36:20.700,3825.4000,3829,0,74614980.000,0,-,-,-,-,3825.8000,3825.6000,3825.0000,3824.6000,3824.0000,3828.4000,3830.4000,3834.0000,3834.6000,3835.8000,1,2,1,1,1,1,2,1,5,1
SF,IF2006,2019-11-25 09:36:21.200,3825.4000,3829,0,74614980.000,0,-,-,-,-,3826.0000,3825.8000,3825.0000,3824.6000,3824.0000,3828.4000,3830.4000,3834.0000,3834.6000,3835.8000,1,1,1,1,1,1,2,1,5,1
SF,IF2006,2019-11-25 09:36:21.700,3825.4000,3829,0,74614980.000,0,-,-,-,-,3826.0000,3825.8000,3825.0000,3824.6000,3824.0000,3830.4000,3834.0000,3834.6000,3835.8000,3837.8000,2,1,1,1,1,2,1,5,1,1
SF,IF2006,2019-11-25 09:36:22.200,3825.4000,3829,0,74614980.000,0,-,-,-,-,3826.0000,3825.0000,3824.6000,3824.0000,3815.2000,3829.8000,3830.2000,3830.4000,3834.0000,3834.6000,2,1,1,1,1,1,5,3,1,5
SF,IF2006,2019-11-25 09:36:22.700,3825.4000,3829,0,74614980.000,0,-,-,-,-,3826.4000,3826.0000,3825.0000,3824.6000,3824.0000,3829.6000,3829.8000,3830.2000,3830.4000,3834.0000,1,2,1,1,1,1,1,3,3,1
SF,IF2006,2019-11-25 09:36:23.200,3825.4000,3829,0,74614980.000,0,-,-,-,-,3826.4000,3824.6000,3824.0000,3815.2000,3815.0000,3829.6000,3829.8000,3830.2000,3830.4000,3834.0000,1,1,1,1,1,2,1,3,1,1
SF,IF2006,2019-11-25 09:36:23.700,3825.4000,3829,0,74614980.000,0,-,-,-,-,3826.6000,3824.6000,3815.2000,3815.0000,3813.6000,3829.6000,3829.8000,3830.2000,3830.4000,3834.0000,1,1,1,1,5,2,1,3,1,1
SF,IF2006,2019-11-25 09:36:26.200,3825.4000,3829,0,74614980.000,0,-,-,-,-,3826.8000,3826.6000,3824.6000,3815.2000,3815.0000,3829.6000,3829.8000,3830.2000,3830.4000,3834.0000,1,1,1,1,1,2,1,3,1,1
SF,IF2006,2019-11-25 09:36:26.700,3825.4000,3829,0,74614980.000,0,-,-,-,-,3827.0000,3826.8000,3824.6000,3815.2000,3815.0000,3829.6000,3829.8000,3830.2000,3830.4000,3830.8000,2,1,1,1,1,1,1,2,1,1
SF,IF2006,2019-11-25 09:36:27.200,3825.4000,3829,0,74614980.000,0,-,-,-,-,3827.0000,3826.8000,3824.6000,3815.2000,3815.0000,3829.6000,3830.2000,3830.4000,3830.8000,3834.0000,3,1,1,1,1,1,2,1,1,1
SF,IF2006,2019-11-25 09:36:28.200,3825.4000,3829,0,74614980.000,0,-,-,-,-,3827.2000,3827.0000,3824.6000,3815.2000,3815.0000,3829.6000,3830.2000,3830.8000,3834.0000,3834.6000,1,3,1,1,1,1,2,1,1,5
SF,IF2006,2019-11-25 09:36:28.700,3825.4000,3829,0,74614980.000,0,-,-,-,-,3827.4000,3827.2000,3827.0000,3824.6000,3823.8000,3829.6000,3830.2000,3830.8000,3834.0000,3834.6000,1,1,1,1,1,1,1,1,1,5
SF,IF2006,2019-11-25 09:36:29.200,3825.4000,3829,0,74614980.000,0,-,-,-,-,3827.4000,3827.2000,3827.0000,3824.6000,3823.8000,3829.6000,3830.2000,3830.8000,3834.0000,3834.6000,2,1,1,1,1,1,1,1,1,5
SF,IF2006,2019-11-25 09:36:30.200,3825.4000,3829,0,74614980.000,0,-,-,-,-,3827.4000,3827.2000,3827.0000,3824.6000,3823.8000,3829.6000,3829.8000,3830.2000,3830.8000,3834.0000,2,1,1,1,1,1,1,1,1,1
SF,IF2006,2019-11-25 09:36:30.700,3825.4000,3829,0,74614980.000,0,-,-,-,-,3827.4000,3827.2000,3824.6000,3823.8000,3815.2000,3830.2000,3830.8000,3834.0000,3834.6000,3835.8000,2,1,1,1,1,1,1,1,5,1
SF,IF2006,2019-11-25 09:36:31.200,3825.4000,3829,0,74614980.000,0,-,-,-,-,3827.6000,3827.4000,3827.2000,3824.6000,3823.8000,3829.8000,3830.0000,3830.2000,3830.4000,3830.8000,1,2,1,1,1,1,1,1,1,1
SF,IF2006,2019-11-25 09:36:31.700,3825.4000,3829,0,74614980.000,0,-,-,-,-,3828.0000,3827.8000,3827.2000,3824.6000,3823.8000,3830.2000,3830.8000,3834.0000,3834.6000,3835.8000,1,1,1,1,1,1,1,1,5,1
SF,IF2006,2019-11-25 09:36:32.200,3825.4000,3829,0,74614980.000,0,-,-,-,-,3828.2000,3828.0000,3827.2000,3824.6000,3823.8000,3830.2000,3830.8000,3834.0000,3834.6000,3835.8000,1,1,1,1,1,1,1,1,5,1
SF,IF2006,2019-11-25 09:36:32.700,3825.4000,3829,0,74614980.000,0,-,-,-,-,3828.2000,3828.0000,3827.2000,3824.6000,3823.8000,3830.2000,3830.8000,3834.0000,3834.6000,3835.8000,2,1,1,1,1,1,1,1,5,1
SF,IF2006,2019-11-25 09:36:34.200,3825.4000,3829,0,74614980.000,0,-,-,-,-,3828.2000,3828.0000,3827.2000,3824.6000,3815.2000,3830.2000,3830.8000,3834.0000,3834.6000,3835.8000,2,1,1,1,1,1,1,1,5,1
SF,IF2006,2019-11-25 09:36:34.700,3825.4000,3829,0,74614980.000,0,-,-,-,-,3828.2000,3828.0000,3827.2000,3826.4000,3824.6000,3830.2000,3830.8000,3834.0000,3834.6000,3835.8000,2,1,1,1,1,1,1,1,5,1
SF,IF2006,2019-11-25 09:36:35.200,3825.4000,3829,0,74614980.000,0,-,-,-,-,3828.4000,3828.2000,3828.0000,3827.2000,3826.4000,3830.2000,3830.8000,3834.0000,3834.6000,3835.8000,1,2,1,1,1,1,1,1,5,1
SF,IF2006,2019-11-25 09:36:35.700,3825.4000,3829,0,74614980.000,0,-,-,-,-,3828.6000,3828.4000,3828.0000,3827.2000,3826.4000,3830.2000,3830.8000,3834.0000,3834.6000,3835.8000,2,1,1,1,1,1,1,1,5,1
SF,IF2006,2019-11-25 09:36:36.200,3825.4000,3829,0,74614980.000,0,-,-,-,-,3828.6000,3828.0000,3827.2000,3826.4000,3824.6000,3830.2000,3834.0000,3834.6000,3835.8000,3837.8000,3,1,1,1,1,1,3,5,1,1
SF,IF2006,2019-11-25 09:36:36.700,3825.4000,3829,0,74614980.000,0,-,-,-,-,3828.6000,3828.0000,3827.2000,3826.4000,3815.2000,3830.2000,3834.0000,3834.6000,3835.8000,3837.8000,2,1,1,2,1,1,3,5,1,1
SF,IF2006,2019-11-25 09:36:37.200,3825.4000,3829,0,74614980.000,0,-,-,-,-,3828.8000,3828.6000,3828.0000,3827.2000,3826.4000,3830.2000,3834.0000,3834.6000,3835.8000,3837.8000,1,2,1,1,2,1,3,5,1,1
SF,IF2006,2019-11-25 09:36:37.700,3825.4000,3829,0,74614980.000,0,-,-,-,-,3829.0000,3828.0000,3827.2000,3826.4000,3815.2000,3830.2000,3834.0000,3834.6000,3835.8000,3837.8000,1,1,1,2,1,1,3,5,1,1
SF,IF2006,2019-11-25 09:36:38.200,3825.4000,3829,0,74614980.000,0,-,-,-,-,3829.0000,3828.0000,3827.2000,3826.4000,3815.2000,3830.2000,3834.0000,3834.6000,3835.8000,3837.8000,2,1,1,2,1,1,3,5,1,1
SF,IF2006,2019-11-25 09:36:38.700,3825.4000,3829,0,74614980.000,0,-,-,-,-,3829.0000,3828.0000,3827.2000,3826.4000,3815.2000,3830.2000,3834.0000,3834.6000,3835.8000,3837.8000,1,1,1,2,1,1,3,5,1,1
SF,IF2006,2019-11-25 09:36:39.700,3825.4000,3829,0,74614980.000,0,-,-,-,-,3829.2000,3829.0000,3828.0000,3827.2000,3826.4000,3830.2000,3834.0000,3834.6000,3835.8000,3837.8000,1,1,1,1,2,1,3,5,1,1
SF,IF2006,2019-11-25 09:36:40.200,3830.2000,3828,-1,75764040.000,1,0,1,双平,S,3829.4000,3829.2000,3828.0000,3826.4000,3815.2000,3834.0000,3834.6000,3835.8000,3837.8000,3838.0000,1,1,1,2,1,3,5,1,1,3
SF,IF2006,2019-11-25 09:36:40.700,3830.2000,3828,0,75764040.000,0,-,-,-,-,3830.2000,3829.6000,3829.4000,3828.0000,3826.4000,3833.2000,3833.8000,3834.0000,3834.2000,3834.6000,1,1,2,1,2,1,4,3,1,5
SF,IF2006,2019-11-25 09:36:41.200,3830.2000,3828,0,75764040.000,0,-,-,-,-,3829.4000,3828.6000,3828.0000,3826.4000,3815.2000,3833.0000,3833.2000,3833.8000,3834.0000,3834.2000,1,1,1,1,1,2,1,1,3,1
SF,IF2006,2019-11-25 09:36:41.700,3830.2000,3828,0,75764040.000,0,-,-,-,-,3830.4000,3829.6000,3829.4000,3828.6000,3828.0000,3833.2000,3833.8000,3834.0000,3834.2000,3835.8000,1,2,1,1,1,1,1,3,1,1
SF,IF2006,2019-11-25 09:36:42.200,3830.2000,3828,0,75764040.000,0,-,-,-,-,3830.4000,3829.4000,3828.6000,3828.0000,3826.4000,3833.0000,3833.8000,3834.0000,3834.2000,3835.8000,1,1,1,1,1,1,1,3,1,1
SF,IF2006,2019-11-25 09:36:42.700,3830.2000,3828,0,75764040.000,0,-,-,-,-,3830.6000,3830.4000,3828.6000,3828.0000,3826.4000,3833.0000,3833.8000,3834.0000,3834.2000,3835.8000,1,1,1,1,1,1,1,3,1,1
SF,IF2006,2019-11-25 09:36:43.200,3830.2000,3828,0,75764040.000,0,-,-,-,-,3828.6000,3828.0000,3826.4000,3815.2000,3815.0000,3833.0000,3833.8000,3834.0000,3834.2000,3835.8000,1,1,1,1,1,1,1,3,1,1
SF,IF2006,2019-11-25 09:36:43.700,3830.2000,3828,0,75764040.000,0,-,-,-,-,3830.8000,3829.8000,3828.8000,3828.6000,3828.0000,3833.0000,3833.8000,3834.0000,3834.2000,3835.8000,1,1,2,1,1,1,1,3,1,1
SF,IF2006,2019-11-25 09:36:44.200,3830.2000,3828,0,75764040.000,0,-,-,-,-,3830.8000,3829.8000,3828.6000,3828.0000,3826.4000,3833.0000,3833.8000,3834.0000,3834.2000,3835.8000,1,1,1,1,1,1,1,3,1,1
SF,IF2006,2019-11-25 09:36:44.700,3830.2000,3828,0,75764040.000,0,-,-,-,-,3829.8000,3828.6000,3828.0000,3826.4000,3822.0000,3833.0000,3833.8000,3834.0000,3834.2000,3835.8000,1,1,1,1,5,1,1,3,1,1
SF,IF2006,2019-11-25 09:36:45.200,3830.2000,3828,0,75764040.000,0,-,-,-,-,3830.0000,3828.0000,3826.4000,3822.0000,3815.2000,3833.0000,3833.8000,3834.0000,3834.2000,3835.8000,1,1,1,5,1,1,1,3,1,1
SF,IF2006,2019-11-25 09:36:45.700,3830.2000,3828,0,75764040.000,0,-,-,-,-,3830.0000,3828.0000,3826.4000,3822.0000,3815.2000,3832.8000,3833.0000,3833.8000,3834.0000,3834.2000,1,1,1,5,1,1,1,1,1,1
SF,IF2006,2019-11-25 09:36:46.200,3830.2000,3828,0,75764040.000,0,-,-,-,-,3830.0000,3828.0000,3826.4000,3822.0000,3815.2000,3832.6000,3832.8000,3833.8000,3834.0000,3834.2000,1,1,1,5,1,2,2,1,1,1
SF,IF2006,2019-11-25 09:36:47.200,3830.2000,3828,0,75764040.000,0,-,-,-,-,3830.0000,3828.0000,3826.4000,3822.0000,3815.2000,3832.2000,3832.6000,3832.8000,3833.8000,3834.0000,1,1,1,5,1,1,2,1,1,1
SF,IF2006,2019-11-25 09:36:47.700,3830.2000,3828,0,75764040.000,0,-,-,-,-,3830.0000,3828.0000,3826.4000,3822.0000,3815.2000,3832.0000,3832.2000,3832.8000,3833.0000,3833.8000,1,1,1,5,1,1,1,1,1,1
SF,IF2006,2019-11-25 09:36:48.200,3830.2000,3828,0,75764040.000,0,-,-,-,-,3830.2000,3830.0000,3828.0000,3826.4000,3822.0000,3832.2000,3832.8000,3833.0000,3833.8000,3834.0000,1,1,1,1,5,1,1,1,1,1
SF,IF2006,2019-11-25 09:36:48.700,3830.2000,3828,0,75764040.000,0,-,-,-,-,3830.2000,3828.0000,3826.4000,3822.0000,3815.2000,3832.2000,3832.8000,3833.0000,3833.8000,3834.0000,1,1,1,5,1,1,1,1,1,1
SF,IF2006,2019-11-25 09:36:49.200,3830.2000,3828,0,75764040.000,0,-,-,-,-,3830.4000,3830.2000,3828.0000,3826.4000,3822.0000,3832.8000,3833.0000,3833.8000,3834.0000,3834.2000,2,1,1,1,5,1,1,1,1,1
SF,IF2006,2019-11-25 09:36:49.700,3830.2000,3828,0,75764040.000,0,-,-,-,-,3830.6000,3830.4000,3828.0000,3826.4000,3822.0000,3832.6000,3832.8000,3833.0000,3833.8000,3834.0000,1,1,1,1,5,1,1,1,2,1
SF,IF2006,2019-11-25 09:36:50.200,3830.2000,3828,0,75764040.000,0,-,-,-,-,3830.6000,3830.0000,3829.2000,3828.0000,3822.0000,3832.6000,3832.8000,3833.0000,3833.8000,3834.0000,1,1,1,1,5,1,1,1,2,1
SF,IF2006,2019-11-25 09:36:50.700,3830.4000,3827,-1,76913160.000,1,0,1,双平,S,3830.0000,3829.2000,3828.0000,3822.0000,3815.2000,3832.6000,3832.8000,3833.0000,3833.8000,3834.0000,1,1,1,5,1,1,1,1,2,1
SF,IF2006,2019-11-25 09:36:51.200,3830.4000,3827,0,76913160.000,0,-,-,-,-,3830.2000,3830.0000,3829.2000,3828.0000,3822.0000,3832.6000,3832.8000,3833.0000,3833.8000,3834.0000,1,1,1,1,5,1,1,1,2,1
