市场代码,合约代码,时间,最新,持仓,增仓,成交额,成交量,开仓,平仓,成交类型,方向,买一价,买二价,买三价,买四价,买五价,卖一价,卖二价,卖三价,卖四价,卖五价,买一量,买二量,买三量,买四量,买五量,卖一量,卖二量,卖三量,卖四量,卖五量
SF,IF2001,2019-12-02 09:29:00.100,3824.0000,4014,0,0.000,0.000,-,-,-,-,3833.6000,3832.8000,3831.6000,3830.8000,3830.0000,3834.8000,3838.8000,3839.6000,3840.2000,3842.6000,1,1,2,1,2,1,1,1,1,4
SF,IF2001,2019-12-02 09:30:00.100,3838.8000,4015,1,2302080.000,2,1,1,空开,S,3838.6000,3838.4000,3838.2000,3837.8000,3837.6000,3842.6000,3844.4000,3844.6000,3846.0000,3846.2000,1,2,1,1,1,3,1,3,1,1
SF,IF2001,2019-12-02 09:30:00.600,3838.8000,4015,0,2302080.000,0,-,-,-,-,3840.8000,3840.0000,3839.8000,3838.8000,3838.6000,3842.4000,3842.8000,3844.4000,3846.0000,3846.2000,1,1,1,5,2,1,1,1,1,1
SF,IF2001,2019-12-02 09:30:01.100,3840.8000,4014,-1,3454320.000,1,0,1,双平,S,3842.4000,3841.0000,3840.0000,3839.8000,3838.8000,3843.8000,3844.4000,3846.0000,3846.2000,3846.8000,2,2,1,1,4,1,1,1,1,2
SF,IF2001,2019-12-02 09:30:01.600,3842.6000,4011,-3,6912420.000,3,0,3,双平,S,3839.8000,3838.8000,3838.6000,3838.4000,3837.6000,3843.6000,3843.8000,3844.4000,3846.0000,3846.2000,1,4,2,1,1,3,1,1,1,1
SF,IF2001,2019-12-02 09:30:02.100,3842.6000,4011,0,6912420.000,0,-,-,-,-,3840.0000,3839.8000,3838.8000,3838.6000,3838.4000,3841.6000,3842.8000,3843.6000,3843.8000,3846.0000,2,1,4,2,1,1,1,4,1,1
SF,IF2001,2019-12-02 09:30:02.600,3841.6000,4011,0,8064900.000,1,0,1,多换,S,3842.4000,3840.8000,3840.0000,3839.8000,3838.8000,3843.6000,3843.8000,3846.0000,3846.2000,3846.8000,1,1,5,1,3,3,1,1,1,2
SF,IF2001,2019-12-02 09:30:03.100,3842.4000,4010,-1,9217620.000,1,0,1,双平,S,3840.8000,3840.0000,3839.8000,3838.8000,3838.6000,3842.4000,3843.4000,3843.6000,3843.8000,3846.0000,1,5,1,3,2,1,1,2,1,1
SF,IF2001,2019-12-02 09:30:03.600,3840.8000,4009,-1,10369860.000,1,0,1,双平,S,3840.0000,3839.8000,3838.8000,3838.6000,3837.6000,3842.2000,3842.4000,3843.4000,3843.6000,3843.8000,4,1,3,2,1,2,1,1,1,1
SF,IF2001,2019-12-02 09:30:04.100,3840.8000,4009,0,10369860.000,0,-,-,-,-,3840.4000,3840.2000,3840.0000,3839.8000,3838.8000,3842.0000,3842.2000,3842.4000,3843.4000,3843.6000,1,2,4,1,3,1,1,1,1,1
SF,IF2001,2019-12-02 09:30:04.600,3840.8000,4009,0,10369860.000,0,-,-,-,-,3840.2000,3840.0000,3839.8000,3838.8000,3838.6000,3841.8000,3842.4000,3842.6000,3843.4000,3843.6000,2,4,1,3,2,2,1,1,1,1
SF,IF2001,2019-12-02 09:30:05.100,3841.8000,4007,-2,12674940.000,2,0,2,双平,S,3842.0000,3841.8000,3841.4000,3841.2000,3840.6000,3842.4000,3843.6000,3843.8000,3846.0000,3846.8000,1,2,1,1,4,1,1,1,1,2
SF,IF2001,2019-12-02 09:30:05.600,3841.8000,4007,0,14980020.000,2,1,1,多换,S,3841.8000,3841.2000,3840.6000,3840.4000,3840.2000,3842.4000,3842.8000,3843.6000,3843.8000,3846.0000,1,1,4,3,3,1,1,1,1,1
SF,IF2001,2019-12-02 09:30:06.100,3841.8000,4007,0,14980020.000,0,-,-,-,-,3841.8000,3841.2000,3840.6000,3840.4000,3840.2000,3842.4000,3842.8000,3843.6000,3843.8000,3846.0000,1,1,4,3,3,1,1,1,1,1
SF,IF2001,2019-12-02 09:30:06.600,3841.8000,4007,0,14980020.000,0,-,-,-,-,3841.8000,3840.6000,3840.4000,3840.2000,3840.0000,3842.4000,3842.8000,3843.6000,3843.8000,3846.0000,1,3,3,3,4,1,1,1,1,1
SF,IF2001,2019-12-02 09:30:07.100,3842.4000,4006,-1,16132740.000,1,0,1,双平,S,3840.6000,3840.4000,3840.2000,3840.0000,3839.8000,3842.8000,3843.6000,3843.8000,3846.0000,3846.8000,3,3,2,4,1,1,1,1,1,2
SF,IF2001,2019-12-02 09:30:07.600,3842.4000,4006,0,16132740.000,0,-,-,-,-,3840.8000,3840.6000,3840.4000,3840.2000,3840.0000,3842.6000,3842.8000,3843.6000,3843.8000,3846.0000,2,3,2,2,4,1,1,1,1,1
SF,IF2001,2019-12-02 09:30:08.100,3842.4000,4006,0,16132740.000,0,-,-,-,-,3841.2000,3841.0000,3840.8000,3840.6000,3840.4000,3842.6000,3842.8000,3843.6000,3843.8000,3846.0000,1,3,3,3,2,1,1,1,1,1
SF,IF2001,2019-12-02 09:30:08.600,3842.4000,4006,0,16132740.000,0,-,-,-,-,3841.6000,3841.4000,3841.2000,3841.0000,3840.8000,3843.8000,3846.0000,3846.8000,3850.0000,3852.0000,2,5,1,3,2,1,1,2,5,1
SF,IF2001,2019-12-02 09:30:09.100,3842.4000,4006,0,16132740.000,0,-,-,-,-,3841.8000,3841.6000,3841.4000,3841.2000,3841.0000,3843.6000,3843.8000,3846.0000,3846.8000,3850.0000,1,2,4,1,3,1,1,1,2,5
SF,IF2001,2019-12-02 09:30:09.600,3842.4000,4006,0,16132740.000,0,-,-,-,-,3841.8000,3841.6000,3841.4000,3841.2000,3841.0000,3843.6000,3843.8000,3846.0000,3846.8000,3850.0000,1,2,4,1,3,2,1,1,2,5
SF,IF2001,2019-12-02 09:30:10.100,3842.4000,4006,0,16132740.000,0,-,-,-,-,3841.2000,3841.0000,3840.8000,3840.6000,3840.4000,3843.6000,3843.8000,3846.0000,3850.0000,3852.0000,1,3,1,2,2,2,1,1,5,1
SF,IF2001,2019-12-02 09:30:10.600,3842.4000,4006,0,16132740.000,0,-,-,-,-,3841.4000,3841.2000,3841.0000,3840.8000,3840.6000,3843.6000,3843.8000,3846.0000,3850.0000,3852.0000,1,1,3,1,2,2,1,1,5,1
SF,IF2001,2019-12-02 09:30:12.600,3842.4000,4006,0,16132740.000,0,-,-,-,-,3841.4000,3841.2000,3841.0000,3840.8000,3840.6000,3843.0000,3843.6000,3843.8000,3846.0000,3850.0000,1,1,3,1,2,1,2,1,1,5
SF,IF2001,2019-12-02 09:30:13.100,3842.4000,4006,0,16132740.000,0,-,-,-,-,3842.0000,3840.8000,3840.6000,3840.4000,3840.0000,3842.8000,3843.0000,3843.6000,3843.8000,3846.0000,1,1,2,2,3,1,1,1,1,1
SF,IF2001,2019-12-02 09:30:13.600,3842.0000,4006,0,17285340.000,1,0,1,多换,S,3840.8000,3840.6000,3840.4000,3840.0000,3839.8000,3842.8000,3843.0000,3843.6000,3843.8000,3846.0000,1,2,2,3,1,1,1,1,1,1
SF,IF2001,2019-12-02 09:30:14.100,3841.0000,4005,-1,18437640.000,1,0,1,双平,S,3841.0000,3840.8000,3840.6000,3840.4000,3840.0000,3842.8000,3843.0000,3843.6000,3843.8000,3846.0000,3,1,3,2,3,1,1,1,1,1
SF,IF2001,2019-12-02 09:30:14.600,3841.0000,4005,0,18437640.000,0,-,-,-,-,3841.2000,3841.0000,3840.8000,3840.6000,3840.4000,3842.8000,3843.0000,3843.6000,3843.8000,3846.0000,3,3,1,3,2,1,1,2,1,1
SF,IF2001,2019-12-02 09:30:15.600,3841.0000,4005,0,18437640.000,0,-,-,-,-,3841.2000,3840.0000,3839.8000,3838.8000,3838.6000,3842.8000,3843.0000,3843.6000,3843.8000,3846.0000,1,2,1,2,2,1,1,2,1,1
SF,IF2001,2019-12-02 09:30:16.100,3841.0000,4005,0,18437640.000,0,-,-,-,-,3841.2000,3840.6000,3840.0000,3839.8000,3838.8000,3842.8000,3843.0000,3843.6000,3843.8000,3846.0000,1,1,2,1,2,1,1,2,1,1
SF,IF2001,2019-12-02 09:30:16.600,3841.0000,4005,0,18437640.000,0,-,-,-,-,3841.2000,3840.6000,3840.0000,3839.8000,3838.8000,3842.8000,3843.0000,3843.6000,3843.8000,3846.0000,2,1,2,1,2,1,1,2,1,1
SF,IF2001,2019-12-02 09:30:17.100,3841.0000,4005,0,18437640.000,0,-,-,-,-,3840.0000,3839.8000,3838.8000,3838.6000,3837.4000,3842.8000,3843.0000,3843.6000,3843.8000,3846.0000,2,1,2,2,1,1,1,2,1,1
SF,IF2001,2019-12-02 09:30:17.600,3841.0000,4005,0,18437640.000,0,-,-,-,-,3840.4000,3840.2000,3840.0000,3839.8000,3838.8000,3842.8000,3843.0000,3843.6000,3843.8000,3846.0000,1,6,2,1,2,1,1,2,1,1
SF,IF2001,2019-12-02 09:30:18.100,3841.0000,4005,0,18437640.000,0,-,-,-,-,3840.6000,3840.4000,3840.2000,3840.0000,3839.8000,3842.8000,3843.0000,3843.6000,3843.8000,3846.0000,2,1,5,2,1,1,1,2,1,1
SF,IF2001,2019-12-02 09:30:18.600,3841.0000,4005,0,18437640.000,0,-,-,-,-,3840.6000,3840.4000,3840.2000,3840.0000,3839.8000,3842.8000,3843.0000,3843.6000,3843.8000,3846.0000,3,1,5,2,1,1,1,2,1,1
SF,IF2001,2019-12-02 09:30:19.100,3840.2000,4004,-1,19589700.000,1,0,1,双平,S,3840.2000,3840.0000,3839.8000,3838.8000,3838.6000,3842.0000,3842.6000,3842.8000,3843.0000,3843.6000,1,2,1,2,3,1,1,1,1,2
SF,IF2001,2019-12-02 09:30:19.600,3840.2000,4004,0,19589700.000,0,-,-,-,-,3840.4000,3840.0000,3839.8000,3838.8000,3838.6000,3842.0000,3842.4000,3842.6000,3842.8000,3843.0000,1,2,1,2,3,1,1,1,1,1
SF,IF2001,2019-12-02 09:30:21.100,3842.0000,4004,0,20742300.000,1,0,1,多换,S,3840.4000,3840.0000,3839.8000,3838.8000,3838.6000,3842.6000,3842.8000,3843.0000,3843.6000,3843.8000,1,2,1,2,3,1,1,1,2,1
SF,IF2001,2019-12-02 09:30:21.600,3842.0000,4004,0,20742300.000,0,-,-,-,-,3840.4000,3840.0000,3839.8000,3838.8000,3838.6000,3842.4000,3842.6000,3843.0000,3843.6000,3843.8000,1,2,1,2,3,1,1,1,2,1
SF,IF2001,2019-12-02 09:30:22.100,3842.0000,4004,0,20742300.000,0,-,-,-,-,3840.4000,3840.0000,3839.8000,3838.8000,3838.6000,3842.4000,3842.6000,3843.0000,3843.6000,3843.8000,2,1,1,2,3,1,1,1,2,1
SF,IF2001,2019-12-02 09:30:22.600,3842.0000,4004,0,20742300.000,0,-,-,-,-,3840.4000,3840.0000,3839.8000,3838.8000,3838.6000,3842.4000,3842.6000,3843.0000,3843.6000,3843.8000,2,1,1,2,3,1,1,1,2,1
SF,IF2001,2019-12-02 09:30:23.100,3842.0000,4004,0,20742300.000,0,-,-,-,-,3840.4000,3840.0000,3839.8000,3838.8000,3838.6000,3842.2000,3842.4000,3842.6000,3843.0000,3843.6000,4,1,1,2,3,2,1,1,1,2
SF,IF2001,2019-12-02 09:30:23.600,3842.0000,4004,0,20742300.000,0,-,-,-,-,3840.4000,3839.8000,3838.8000,3838.6000,3835.6000,3842.0000,3842.2000,3842.6000,3843.0000,3843.6000,2,1,2,3,1,1,3,1,1,1
SF,IF2001,2019-12-02 09:30:24.100,3842.0000,4004,0,21894900.000,1,0,1,多换,S,3840.4000,3839.8000,3838.8000,3838.6000,3835.6000,3842.2000,3842.6000,3843.0000,3843.6000,3843.8000,2,1,2,3,1,3,1,1,1,1
SF,IF2001,2019-12-02 09:30:24.600,3842.0000,4004,0,21894900.000,0,-,-,-,-,3840.6000,3840.4000,3839.8000,3838.8000,3838.6000,3842.2000,3842.6000,3843.0000,3843.6000,3843.8000,1,2,1,2,4,3,1,1,1,1
SF,IF2001,2019-12-02 09:30:25.100,3842.0000,4004,0,21894900.000,0,-,-,-,-,3840.6000,3840.4000,3839.8000,3838.8000,3838.6000,3842.0000,3842.2000,3842.6000,3843.0000,3843.6000,1,2,1,2,4,1,3,1,1,1
SF,IF2001,2019-12-02 09:30:25.600,3842.0000,4004,0,21894900.000,0,-,-,-,-,3840.6000,3840.4000,3839.8000,3838.8000,3838.6000,3842.0000,3842.2000,3842.6000,3843.0000,3843.6000,1,2,1,2,4,1,3,1,1,1
SF,IF2001,2019-12-02 09:30:26.100,3842.0000,4004,0,21894900.000,0,-,-,-,-,3840.4000,3839.8000,3838.8000,3838.6000,3835.6000,3842.0000,3842.2000,3842.6000,3843.0000,3843.6000,2,1,2,4,1,1,3,1,1,1
SF,IF2001,2019-12-02 09:30:26.600,3842.0000,4004,0,21894900.000,0,-,-,-,-,3840.4000,3839.8000,3838.8000,3838.6000,3835.6000,3842.0000,3842.2000,3842.6000,3843.0000,3843.6000,2,1,2,4,1,1,3,1,1,1
SF,IF2001,2019-12-02 09:30:27.100,3842.0000,4004,0,21894900.000,0,-,-,-,-,3840.4000,3839.8000,3838.8000,3838.6000,3835.6000,3841.6000,3841.8000,3842.0000,3842.2000,3843.0000,2,1,2,4,1,1,1,1,3,1
SF,IF2001,2019-12-02 09:30:28.100,3842.0000,4004,0,21894900.000,0,-,-,-,-,3840.4000,3839.8000,3838.8000,3838.6000,3835.6000,3841.8000,3842.0000,3842.2000,3843.0000,3843.6000,2,1,2,4,1,1,1,2,1,1
SF,IF2001,2019-12-02 09:30:29.100,3842.0000,4004,0,21894900.000,0,-,-,-,-,3840.4000,3839.8000,3838.8000,3838.6000,3835.6000,3842.0000,3842.2000,3843.0000,3843.6000,3843.8000,2,1,2,4,1,1,2,1,1,1
SF,IF2001,2019-12-02 09:30:29.600,3842.0000,4004,0,21894900.000,0,-,-,-,-,3840.6000,3840.4000,3839.8000,3838.8000,3838.6000,3842.2000,3843.0000,3843.6000,3843.8000,3846.0000,1,2,1,2,4,2,1,1,1,1
SF,IF2001,2019-12-02 09:30:30.100,3842.0000,4004,0,21894900.000,0,-,-,-,-,3840.6000,3840.4000,3839.8000,3838.8000,3838.6000,3842.2000,3843.0000,3843.6000,3843.8000,3846.0000,3,2,1,2,3,1,1,1,1,1
SF,IF2001,2019-12-02 09:30:30.600,3842.0000,4004,0,21894900.000,0,-,-,-,-,3840.6000,3840.4000,3839.8000,3838.8000,3838.6000,3842.0000,3842.2000,3843.0000,3843.6000,3843.8000,2,2,1,2,3,1,1,1,1,1
SF,IF2001,2019-12-02 09:30:31.100,3842.0000,4004,0,23047500.000,1,0,1,多换,S,3840.8000,3840.6000,3840.4000,3839.8000,3838.8000,3842.2000,3843.0000,3843.6000,3843.8000,3846.0000,2,3,2,1,2,1,1,1,1,1
SF,IF2001,2019-12-02 09:30:31.600,3842.0000,4004,0,23047500.000,0,-,-,-,-,3841.0000,3840.6000,3840.4000,3839.8000,3838.8000,3842.2000,3843.0000,3843.6000,3843.8000,3846.0000,1,2,2,1,2,1,1,1,1,1
SF,IF2001,2019-12-02 09:30:32.100,3842.0000,4004,0,23047500.000,0,-,-,-,-,3842.0000,3841.0000,3840.6000,3840.4000,3839.8000,3842.2000,3843.0000,3843.6000,3843.8000,3846.0000,1,1,2,2,1,1,1,1,1,1
SF,IF2001,2019-12-02 09:30:32.600,3842.0000,4004,0,24200100.000,1,0,1,多换,S,3841.0000,3840.6000,3840.4000,3839.8000,3838.8000,3842.0000,3842.2000,3843.0000,3843.6000,3843.8000,1,2,2,1,2,1,1,1,1,1
SF,IF2001,2019-12-02 09:30:33.100,3842.0000,4003,-1,25352700.000,1,0,1,双平,S,3841.0000,3840.6000,3840.4000,3839.8000,3838.8000,3842.2000,3843.0000,3843.6000,3843.8000,3846.0000,1,2,2,1,2,1,1,1,1,1
SF,IF2001,2019-12-02 09:30:34.100,3842.0000,4003,0,25352700.000,0,-,-,-,-,3841.0000,3840.6000,3840.4000,3839.8000,3838.8000,3842.0000,3842.2000,3843.0000,3843.6000,3843.8000,1,2,2,1,2,1,1,1,1,1
SF,IF2001,2019-12-02 09:30:34.600,3842.0000,4003,0,25352700.000,0,-,-,-,-,3841.0000,3840.6000,3840.4000,3839.8000,3838.8000,3842.0000,3842.2000,3843.0000,3843.6000,3843.8000,1,2,2,1,2,1,1,1,1,1
SF,IF2001,2019-12-02 09:30:35.100,3842.0000,4003,0,25352700.000,0,-,-,-,-,3841.0000,3840.6000,3840.4000,3839.8000,3838.8000,3842.0000,3843.0000,3843.6000,3843.8000,3846.0000,1,2,2,1,2,1,1,1,1,1
SF,IF2001,2019-12-02 09:30:36.100,3842.0000,4004,1,26505300.000,1,1,0,双开,S,3841.0000,3840.6000,3840.4000,3839.8000,3838.8000,3843.0000,3843.6000,3843.8000,3846.0000,3850.0000,1,2,2,1,2,1,1,1,1,5
SF,IF2001,2019-12-02 09:30:36.600,3842.0000,4004,0,26505300.000,0,-,-,-,-,3842.2000,3842.0000,3841.8000,3841.2000,3841.0000,3843.6000,3843.8000,3846.0000,3850.0000,3852.0000,1,3,1,5,1,1,1,1,5,1
SF,IF2001,2019-12-02 09:30:37.100,3843.4000,4003,-1,27658320.000,1,0,1,双平,S,3842.0000,3841.8000,3841.2000,3841.0000,3840.6000,3843.6000,3843.8000,3846.0000,3850.0000,3852.0000,1,1,3,1,2,1,1,1,5,1
SF,IF2001,2019-12-02 09:30:37.600,3843.4000,4003,0,27658320.000,0,-,-,-,-,3842.2000,3842.0000,3841.8000,3841.2000,3840.6000,3843.6000,3843.8000,3846.0000,3850.0000,3852.0000,1,1,1,3,2,1,1,1,5,1
SF,IF2001,2019-12-02 09:30:38.100,3843.6000,4002,-1,28811400.000,1,0,1,双平,S,3842.2000,3842.0000,3841.8000,3841.2000,3840.6000,3843.8000,3846.0000,3850.0000,3852.0000,3853.6000,4,1,1,3,2,1,1,5,1,3
SF,IF2001,2019-12-02 09:30:38.600,3843.6000,4002,0,28811400.000,0,-,-,-,-,3842.2000,3841.8000,3841.2000,3840.6000,3840.4000,3843.8000,3846.0000,3850.0000,3852.0000,3853.6000,4,1,3,2,2,1,1,5,1,3
SF,IF2001,2019-12-02 09:30:39.100,3843.6000,4002,0,28811400.000,0,-,-,-,-,3842.2000,3841.8000,3841.2000,3840.6000,3840.4000,3843.8000,3846.0000,3850.0000,3852.0000,3853.6000,1,1,3,2,2,1,1,5,1,3
SF,IF2001,2019-12-02 09:30:39.600,3843.6000,4002,0,28811400.000,0,-,-,-,-,3842.2000,3841.8000,3841.2000,3840.6000,3840.4000,3843.8000,3846.0000,3850.0000,3852.0000,3853.6000,2,1,3,2,2,1,1,5,1,3
SF,IF2001,2019-12-02 09:30:40.100,3843.6000,4002,0,28811400.000,0,-,-,-,-,3842.2000,3841.8000,3841.2000,3840.6000,3840.4000,3843.8000,3846.0000,3850.0000,3852.0000,3853.6000,2,1,3,2,3,1,1,5,1,3
SF,IF2001,2019-12-02 09:30:40.600,3843.6000,4002,0,28811400.000,0,-,-,-,-,3842.2000,3841.8000,3841.2000,3840.6000,3840.4000,3843.8000,3846.0000,3850.0000,3852.0000,3853.6000,1,1,3,2,3,1,1,5,1,3
SF,IF2001,2019-12-02 09:30:41.100,3843.6000,4002,0,28811400.000,0,-,-,-,-,3842.2000,3841.8000,3841.2000,3840.6000,3840.4000,3843.6000,3843.8000,3846.0000,3850.0000,3852.0000,1,1,3,2,3,1,1,1,5,1
SF,IF2001,2019-12-02 09:30:41.600,3843.6000,4002,0,28811400.000,0,-,-,-,-,3842.2000,3841.8000,3841.2000,3840.6000,3840.4000,3843.8000,3846.0000,3850.0000,3852.0000,3853.6000,2,1,3,2,3,1,1,5,1,3
SF,IF2001,2019-12-02 09:30:42.100,3843.6000,4002,0,28811400.000,0,-,-,-,-,3842.4000,3842.2000,3841.8000,3841.2000,3840.6000,3844.6000,3846.0000,3850.0000,3852.0000,3853.6000,2,2,1,3,2,1,1,5,1,3
SF,IF2001,2019-12-02 09:30:42.600,3843.6000,4002,0,28811400.000,0,-,-,-,-,3842.6000,3841.8000,3841.2000,3840.6000,3840.4000,3843.6000,3843.8000,3844.4000,3844.6000,3846.0000,1,1,3,2,3,1,1,2,1,1
SF,IF2001,2019-12-02 09:30:43.100,3843.6000,4000,-2,32270040.000,3,0,3,多平,S,3841.8000,3841.2000,3840.6000,3840.4000,3840.0000,3843.8000,3844.4000,3844.6000,3846.0000,3850.0000,1,2,2,3,1,1,2,1,1,5
SF,IF2001,2019-12-02 09:30:43.600,3843.6000,4000,0,32270040.000,0,-,-,-,-,3842.0000,3841.8000,3841.2000,3840.6000,3840.4000,3843.6000,3843.8000,3844.6000,3846.0000,3850.0000,4,1,2,2,3,1,1,1,1,5
SF,IF2001,2019-12-02 09:30:44.100,3843.6000,4000,0,32270040.000,0,-,-,-,-,3842.0000,3841.8000,3841.2000,3840.6000,3840.4000,3843.8000,3844.6000,3846.0000,3850.0000,3852.0000,2,1,2,2,3,2,1,1,5,1
SF,IF2001,2019-12-02 09:30:45.600,3843.6000,4000,0,32270040.000,0,-,-,-,-,3842.2000,3842.0000,3841.8000,3841.2000,3840.6000,3843.8000,3844.6000,3846.0000,3850.0000,3852.0000,2,2,1,2,2,2,1,1,5,1
SF,IF2001,2019-12-02 09:30:46.100,3843.6000,4000,0,32270040.000,0,-,-,-,-,3842.4000,3842.2000,3842.0000,3841.8000,3841.2000,3843.8000,3844.6000,3846.0000,3848.0000,3850.0000,2,1,1,1,2,2,1,1,2,5
SF,IF2001,2019-12-02 09:30:47.100,3843.6000,4000,0,32270040.000,0,-,-,-,-,3842.4000,3842.2000,3842.0000,3841.8000,3841.2000,3843.8000,3844.6000,3846.0000,3848.0000,3850.0000,2,1,1,1,2,1,1,1,2,5
SF,IF2001,2019-12-02 09:30:48.100,3843.6000,4000,0,32270040.000,0,-,-,-,-,3842.4000,3842.2000,3842.0000,3841.8000,3841.2000,3843.8000,3844.4000,3844.6000,3846.0000,3848.0000,2,1,1,1,2,1,1,1,1,2
SF,IF2001,2019-12-02 09:30:49.100,3843.6000,4000,0,32270040.000,0,-,-,-,-,3842.4000,3842.2000,3842.0000,3841.8000,3841.2000,3843.8000,3844.4000,3844.6000,3846.0000,3848.0000,2,1,1,1,2,2,1,1,1,2
SF,IF2001,2019-12-02 09:30:49.600,3842.4000,3999,-1,33422760.000,1,0,1,双平,S,3842.4000,3842.2000,3842.0000,3841.8000,3841.2000,3843.8000,3844.4000,3844.6000,3846.0000,3848.0000,1,1,1,1,2,2,1,1,1,2
SF,IF2001,2019-12-02 09:30:50.100,3842.4000,3999,0,33422760.000,0,-,-,-,-,3842.4000,3842.2000,3842.0000,3841.8000,3841.2000,3843.6000,3843.8000,3844.4000,3844.6000,3845.0000,1,1,1,1,2,1,2,1,1,1
SF,IF2001,2019-12-02 09:30:50.600,3842.4000,3999,0,33422760.000,0,-,-,-,-,3842.4000,3842.2000,3842.0000,3841.8000,3841.2000,3843.4000,3843.6000,3843.8000,3844.4000,3844.6000,1,1,1,1,2,1,1,2,1,1
SF,IF2001,2019-12-02 09:30:51.100,3842.2000,3998,-1,34575420.000,1,0,1,双平,S,3841.2000,3840.6000,3840.4000,3840.0000,3839.8000,3842.4000,3843.4000,3843.6000,3843.8000,3844.4000,2,2,3,1,1,1,1,1,2,1
SF,IF2001,2019-12-02 09:30:51.600,3842.2000,3998,0,34575420.000,0,-,-,-,-,3841.4000,3841.2000,3840.6000,3840.4000,3840.0000,3843.2000,3843.4000,3843.6000,3843.8000,3844.4000,4,2,2,3,1,1,1,1,3,1
SF,IF2001,2019-12-02 09:30:52.600,3842.2000,3998,0,34575420.000,0,-,-,-,-,3841.4000,3841.2000,3840.6000,3840.4000,3840.0000,3843.2000,3843.4000,3843.6000,3843.8000,3844.4000,2,2,2,3,1,1,1,1,3,1
SF,IF2001,2019-12-02 09:30:53.100,3842.2000,3998,0,34575420.000,0,-,-,-,-,3841.4000,3841.2000,3840.6000,3840.4000,3840.0000,3843.0000,3843.2000,3843.6000,3843.8000,3844.4000,2,2,2,3,1,1,1,1,3,1
SF,IF2001,2019-12-02 09:30:53.600,3842.2000,3998,0,34575420.000,0,-,-,-,-,3841.6000,3841.4000,3841.2000,3840.6000,3840.4000,3843.0000,3843.2000,3843.6000,3843.8000,3844.4000,2,3,2,2,3,1,1,1,3,1
SF,IF2001,2019-12-02 09:30:54.100,3842.2000,3998,0,34575420.000,0,-,-,-,-,3841.8000,3841.6000,3841.4000,3841.2000,3840.6000,3843.0000,3843.2000,3843.6000,3843.8000,3844.4000,2,2,2,2,2,1,1,1,3,1
SF,IF2001,2019-12-02 09:30:54.600,3842.2000,3998,0,34575420.000,0,-,-,-,-,3841.8000,3841.4000,3841.2000,3840.6000,3840.4000,3843.0000,3843.2000,3843.6000,3843.8000,3844.4000,2,2,2,2,3,1,1,1,3,1
SF,IF2001,2019-12-02 09:30:56.100,3842.2000,3998,0,34575420.000,0,-,-,-,-,3841.8000,3841.4000,3841.2000,3840.6000,3840.4000,3843.0000,3843.2000,3843.6000,3843.8000,3844.4000,2,2,2,2,3,1,1,1,3,1
SF,IF2001,2019-12-02 09:30:56.600,3843.0000,3998,0,35728320.000,1,0,1,多换,S,3841.8000,3841.4000,3841.2000,3840.6000,3840.4000,3843.2000,3843.6000,3843.8000,3844.4000,3844.6000,1,2,2,2,3,1,1,3,1,1
SF,IF2001,2019-12-02 09:30:57.100,3843.0000,3998,0,35728320.000,0,-,-,-,-,3841.4000,3840.6000,3840.4000,3840.0000,3839.8000,3843.0000,3843.2000,3843.6000,3843.8000,3844.4000,1,2,3,1,1,1,1,1,3,1
SF,IF2001,2019-12-02 09:30:57.600,3843.0000,3998,0,35728320.000,0,-,-,-,-,3841.6000,3841.4000,3840.6000,3840.4000,3840.0000,3843.0000,3843.2000,3843.6000,3843.8000,3844.4000,1,1,2,3,1,1,1,1,3,1
SF,IF2001,2019-12-02 09:30:58.600,3843.0000,3998,0,35728320.000,0,-,-,-,-,3841.8000,3841.6000,3841.4000,3840.6000,3840.4000,3843.0000,3843.2000,3843.6000,3843.8000,3844.4000,1,1,1,2,2,1,1,1,3,1
SF,IF2001,2019-12-02 09:30:59.100,3843.0000,3998,0,35728320.000,0,-,-,-,-,3841.8000,3841.6000,3841.4000,3840.6000,3840.4000,3843.2000,3843.6000,3843.8000,3844.4000,3844.6000,1,1,1,2,2,1,1,3,1,1
SF,IF2001,2019-12-02 09:30:59.600,3843.0000,3998,0,35728320.000,0,-,-,-,-,3841.6000,3841.4000,3840.6000,3840.4000,3840.0000,3843.0000,3843.2000,3843.6000,3843.8000,3844.4000,1,1,2,2,1,1,1,1,4,1
SF,IF2001,2019-12-02 09:31:00.100,3843.0000,3998,0,35728320.000,0,-,-,-,-,3841.6000,3841.4000,3840.6000,3840.4000,3840.0000,3841.8000,3843.0000,3843.2000,3843.6000,3843.8000,1,1,2,2,1,2,1,1,1,4
SF,IF2001,2019-12-02 09:31:00.600,3841.6000,3997,-1,38033280.000,2,0,2,多平,S,3840.4000,3840.0000,3839.8000,3838.8000,3838.6000,3841.8000,3842.4000,3843.0000,3843.2000,3843.6000,2,1,1,2,1,2,1,3,1,1
SF,IF2001,2019-12-02 09:31:01.100,3841.6000,3997,0,38033280.000,0,-,-,-,-,3840.6000,3840.4000,3840.0000,3839.8000,3838.8000,3841.8000,3842.4000,3843.0000,3843.2000,3843.6000,2,2,1,1,2,2,1,1,1,1
SF,IF2001,2019-12-02 09:31:02.100,3841.6000,3997,0,38033280.000,0,-,-,-,-,3840.6000,3840.4000,3840.0000,3839.8000,3838.8000,3841.8000,3843.0000,3843.2000,3843.4000,3843.6000,2,2,1,1,2,2,1,1,1,1
SF,IF2001,2019-12-02 09:31:03.100,3841.6000,3997,0,38033280.000,0,-,-,-,-,3840.8000,3840.6000,3840.4000,3840.0000,3839.8000,3841.8000,3843.0000,3843.2000,3843.4000,3843.6000,3,2,2,1,1,2,1,1,1,1
SF,IF2001,2019-12-02 09:31:03.600,3841.6000,3997,0,38033280.000,0,-,-,-,-,3841.0000,3840.8000,3840.6000,3840.4000,3840.0000,3841.8000,3843.0000,3843.2000,3843.4000,3843.6000,1,4,2,2,1,2,1,1,1,1
SF,IF2001,2019-12-02 09:31:04.600,3841.0000,3996,-1,39185580.000,1,0,1,双平,S,3840.8000,3840.6000,3840.4000,3840.0000,3839.8000,3841.8000,3843.0000,3843.2000,3843.4000,3843.6000,2,1,2,1,1,2,2,1,1,1
SF,IF2001,2019-12-02 09:31:05.100,3840.0000,3992,-4,47250480.000,7,1,6,多平,S,3839.8000,3838.8000,3838.6000,3835.6000,3835.0000,3840.0000,3841.8000,3843.0000,3843.2000,3843.4000,1,2,1,1,5,13,2,2,1,1
SF,IF2001,2019-12-02 09:31:05.600,3840.0000,3978,-14,65682420.000,16,1,15,多平,S,3840.0000,3839.8000,3838.8000,3838.6000,3835.6000,3841.8000,3843.0000,3843.2000,3843.4000,3843.6000,6,2,2,1,1,2,2,1,1,1
SF,IF2001,2019-12-02 09:31:06.100,3840.0000,3978,0,65682420.000,0,-,-,-,-,3840.8000,3840.4000,3840.2000,3840.0000,3839.8000,3841.6000,3841.8000,3843.0000,3843.2000,3843.4000,1,2,2,8,1,1,2,1,1,1
SF,IF2001,2019-12-02 09:31:06.600,3840.0000,3978,0,65682420.000,0,-,-,-,-,3840.8000,3840.4000,3840.2000,3840.0000,3839.8000,3841.6000,3841.8000,3843.0000,3843.2000,3843.4000,1,2,3,8,1,1,2,1,1,1
SF,IF2001,2019-12-02 09:31:07.100,3840.0000,3978,0,65682420.000,0,-,-,-,-,3840.8000,3840.4000,3840.2000,3840.0000,3839.8000,3841.6000,3841.8000,3843.0000,3843.2000,3843.4000,1,2,3,8,1,1,2,3,1,1
SF,IF2001,2019-12-02 09:31:07.600,3840.0000,3978,0,65682420.000,0,-,-,-,-,3840.4000,3840.2000,3840.0000,3839.8000,3838.8000,3841.6000,3841.8000,3842.2000,3843.0000,3843.2000,2,2,4,1,2,1,2,1,3,1
SF,IF2001,2019-12-02 09:31:08.600,3840.0000,3978,0,65682420.000,0,-,-,-,-,3840.4000,3840.2000,3840.0000,3839.8000,3838.8000,3840.8000,3841.6000,3841.8000,3842.2000,3843.0000,2,1,3,1,2,5,1,2,1,3
SF,IF2001,2019-12-02 09:31:09.100,3841.6000,3977,-1,72596100.000,6,2,4,多平,S,3841.6000,3840.8000,3840.6000,3840.0000,3839.8000,3841.8000,3842.2000,3843.0000,3843.2000,3843.4000,2,12,5,3,1,2,1,3,1,2
SF,IF2001,2019-12-02 09:31:09.600,3841.6000,3976,-1,74901060.000,2,0,2,多平,S,3840.8000,3840.6000,3840.0000,3839.8000,3839.0000,3841.6000,3841.8000,3842.2000,3843.0000,3843.2000,11,4,3,1,1,1,2,1,3,1
SF,IF2001,2019-12-02 09:31:10.100,3841.6000,3976,0,74901060.000,0,-,-,-,-,3840.8000,3840.6000,3840.4000,3840.0000,3839.8000,3841.6000,3841.8000,3842.2000,3843.0000,3843.2000,11,4,1,3,1,1,2,1,3,1
SF,IF2001,2019-12-02 09:31:10.600,3841.6000,3976,0,74901060.000,0,-,-,-,-,3840.8000,3840.4000,3840.0000,3839.0000,3838.8000,3841.4000,3841.8000,3842.2000,3843.0000,3843.2000,10,1,3,2,2,1,2,1,1,1
SF,IF2001,2019-12-02 09:31:11.100,3841.6000,3976,0,74901060.000,0,-,-,-,-,3841.4000,3841.0000,3840.4000,3840.0000,3839.0000,3841.8000,3842.2000,3843.0000,3843.2000,3843.4000,1,1,1,5,2,2,1,1,1,2
SF,IF2001,2019-12-02 09:31:11.600,3841.0000,3975,-1,78357900.000,3,1,2,多平,S,3840.0000,3839.0000,3838.8000,3835.6000,3835.0000,3840.8000,3841.6000,3841.8000,3842.2000,3843.0000,1,1,2,1,5,1,2,2,1,1
SF,IF2001,2019-12-02 09:31:12.100,3841.0000,3975,0,78357900.000,0,-,-,-,-,3840.0000,3839.0000,3838.8000,3835.6000,3835.0000,3840.8000,3841.0000,3841.6000,3841.8000,3842.0000,1,1,2,1,5,1,1,2,2,1
SF,IF2001,2019-12-02 09:31:12.600,3840.8000,3974,-1,79510140.000,1,0,1,双平,S,3840.2000,3840.0000,3839.0000,3838.8000,3838.6000,3841.0000,3841.6000,3841.8000,3842.2000,3843.0000,1,1,1,2,1,1,1,2,1,1
SF,IF2001,2019-12-02 09:31:13.100,3840.8000,3974,0,79510140.000,0,-,-,-,-,3840.8000,3840.0000,3839.0000,3838.8000,3838.6000,3841.0000,3841.2000,3841.6000,3841.8000,3842.2000,1,1,1,2,1,1,1,1,2,1
SF,IF2001,2019-12-02 09:31:13.600,3840.8000,3973,-1,80662380.000,1,0,1,双平,S,3840.0000,3839.0000,3838.8000,3838.6000,3835.6000,3841.2000,3841.6000,3841.8000,3842.2000,3843.0000,14,1,2,1,1,1,1,2,1,1
SF,IF2001,2019-12-02 09:31:15.100,3840.8000,3973,0,80662380.000,0,-,-,-,-,3840.0000,3838.8000,3838.6000,3835.6000,3835.0000,3841.6000,3841.8000,3842.2000,3843.0000,3843.2000,14,2,1,1,5,1,2,1,1,1
SF,IF2001,2019-12-02 09:31:15.600,3840.8000,3973,0,80662380.000,0,-,-,-,-,3841.2000,3840.2000,3840.0000,3839.8000,3838.8000,3841.6000,3841.8000,3842.2000,3843.0000,3843.2000,1,5,14,1,2,1,2,1,1,1
SF,IF2001,2019-12-02 09:31:16.100,3841.2000,3973,0,81814740.000,1,0,1,多换,S,3840.0000,3839.8000,3838.8000,3838.6000,3835.6000,3841.2000,3841.6000,3841.8000,3842.2000,3843.0000,14,1,2,1,1,1,1,2,1,1
SF,IF2001,2019-12-02 09:31:16.600,3841.2000,3973,0,81814740.000,0,-,-,-,-,3840.2000,3840.0000,3839.8000,3838.8000,3838.6000,3841.6000,3841.8000,3842.2000,3843.0000,3843.2000,1,15,1,2,1,1,2,1,1,1
SF,IF2001,2019-12-02 09:31:17.100,3840.2000,3972,-1,82966800.000,1,0,1,双平,S,3840.2000,3840.0000,3839.8000,3838.8000,3838.6000,3841.6000,3841.8000,3842.2000,3843.0000,3843.2000,1,15,1,2,1,1,2,1,1,1
SF,IF2001,2019-12-02 09:31:17.600,3840.2000,3972,0,82966800.000,0,-,-,-,-,3840.0000,3838.8000,3838.6000,3835.6000,3835.0000,3841.6000,3841.8000,3842.2000,3843.0000,3843.2000,15,2,1,1,5,1,2,1,1,1
SF,IF2001,2019-12-02 09:31:18.100,3840.2000,3972,0,82966800.000,0,-,-,-,-,3840.0000,3838.8000,3838.6000,3835.6000,3835.0000,3841.6000,3841.8000,3842.2000,3843.0000,3843.2000,14,2,1,1,5,1,2,1,1,1
SF,IF2001,2019-12-02 09:31:18.600,3840.2000,3972,0,82966800.000,0,-,-,-,-,3840.2000,3840.0000,3838.8000,3838.6000,3835.6000,3841.6000,3841.8000,3842.2000,3843.0000,3843.2000,1,14,2,1,1,1,2,1,1,1
SF,IF2001,2019-12-02 09:31:19.600,3840.2000,3972,0,82966800.000,0,-,-,-,-,3840.2000,3840.0000,3839.4000,3838.8000,3838.6000,3841.6000,3841.8000,3842.2000,3843.0000,3843.2000,1,14,1,2,1,1,2,1,1,1
SF,IF2001,2019-12-02 09:31:20.600,3840.2000,3972,0,82966800.000,0,-,-,-,-,3840.4000,3840.2000,3840.0000,3839.4000,3838.8000,3841.6000,3841.8000,3842.2000,3843.0000,3843.2000,1,1,14,1,2,1,2,1,1,1
SF,IF2001,2019-12-02 09:31:21.600,3840.2000,3972,0,82966800.000,0,-,-,-,-,3840.2000,3840.0000,3839.4000,3838.8000,3838.6000,3841.6000,3841.8000,3842.2000,3843.0000,3843.4000,1,14,1,2,1,1,2,1,1,4
SF,IF2001,2019-12-02 09:31:24.100,3841.6000,3971,-1,84119280.000,1,0,1,双平,S,3840.4000,3840.2000,3840.0000,3839.4000,3838.8000,3841.8000,3842.2000,3843.0000,3843.4000,3843.8000,2,1,14,1,2,2,1,1,4,1
SF,IF2001,2019-12-02 09:31:24.600,3841.8000,3970,-1,85271820.000,1,0,1,双平,S,3840.6000,3840.4000,3840.0000,3839.4000,3838.8000,3841.8000,3842.2000,3843.0000,3843.4000,3843.8000,1,2,14,1,2,1,1,1,4,1
SF,IF2001,2019-12-02 09:31:25.100,3841.8000,3970,0,85271820.000,0,-,-,-,-,3840.8000,3840.6000,3840.4000,3840.0000,3839.4000,3841.8000,3842.2000,3843.0000,3843.4000,3843.8000,1,1,2,14,1,1,1,1,4,1
SF,IF2001,2019-12-02 09:31:25.600,3841.8000,3970,0,85271820.000,0,-,-,-,-,3840.8000,3840.6000,3840.4000,3840.0000,3839.4000,3841.8000,3842.2000,3843.0000,3843.4000,3843.8000,1,1,2,14,1,1,1,1,2,1
SF,IF2001,2019-12-02 09:31:26.100,3841.8000,3970,0,85271820.000,0,-,-,-,-,3840.8000,3840.6000,3840.4000,3840.2000,3840.0000,3841.8000,3842.2000,3843.0000,3843.4000,3843.8000,1,1,2,1,14,1,1,1,2,1
SF,IF2001,2019-12-02 09:31:27.100,3841.8000,3969,-1,86424360.000,1,0,1,双平,S,3841.8000,3841.0000,3840.8000,3840.6000,3840.4000,3842.2000,3843.0000,3843.4000,3843.8000,3844.4000,1,1,1,1,2,1,1,2,1,1
SF,IF2001,2019-12-02 09:31:27.600,3841.8000,3969,0,87576900.000,1,0,1,多换,S,3841.8000,3841.0000,3840.8000,3840.6000,3840.4000,3843.0000,3843.4000,3843.8000,3844.4000,3845.0000,1,2,1,1,2,1,2,1,1,3
SF,IF2001,2019-12-02 09:31:28.100,3841.8000,3970,1,88729440.000,1,1,0,双开,S,3841.0000,3840.8000,3840.6000,3840.4000,3840.2000,3842.8000,3843.0000,3843.4000,3843.8000,3844.4000,1,1,1,2,1,1,1,2,1,1
SF,IF2001,2019-12-02 09:31:28.600,3841.8000,3970,0,88729440.000,0,-,-,-,-,3840.8000,3840.6000,3840.4000,3840.2000,3840.0000,3842.8000,3843.0000,3843.4000,3843.8000,3844.4000,1,1,2,1,14,1,1,2,1,1
SF,IF2001,2019-12-02 09:31:29.100,3841.8000,3970,0,88729440.000,0,-,-,-,-,3840.8000,3840.6000,3840.4000,3840.2000,3840.0000,3842.6000,3842.8000,3843.0000,3843.4000,3843.8000,1,1,2,1,14,1,1,1,2,1
SF,IF2001,2019-12-02 09:31:29.600,3841.8000,3970,0,88729440.000,0,-,-,-,-,3840.8000,3840.6000,3840.4000,3840.2000,3840.0000,3842.4000,3842.6000,3843.0000,3843.4000,3843.8000,1,1,2,1,14,1,1,1,2,1
SF,IF2001,2019-12-02 09:31:30.600,3841.8000,3970,0,88729440.000,0,-,-,-,-,3841.0000,3840.8000,3840.6000,3840.4000,3840.2000,3842.4000,3843.0000,3843.4000,3843.8000,3844.4000,1,1,1,2,1,1,1,2,1,1
SF,IF2001,2019-12-02 09:31:31.100,3841.8000,3970,0,88729440.000,0,-,-,-,-,3840.8000,3840.6000,3840.4000,3840.2000,3840.0000,3842.4000,3843.0000,3843.4000,3843.8000,3844.4000,1,1,2,1,14,1,1,2,1,1
SF,IF2001,2019-12-02 09:31:31.600,3841.8000,3970,0,88729440.000,0,-,-,-,-,3841.0000,3840.8000,3840.4000,3840.2000,3840.0000,3842.4000,3843.0000,3843.4000,3843.8000,3844.4000,1,1,2,1,14,2,1,1,1,1
SF,IF2001,2019-12-02 09:31:32.100,3841.8000,3970,0,88729440.000,0,-,-,-,-,3841.0000,3840.8000,3840.4000,3840.2000,3840.0000,3842.4000,3843.0000,3843.4000,3843.8000,3844.4000,1,1,2,1,14,1,1,1,1,1
SF,IF2001,2019-12-02 09:31:32.600,3841.8000,3970,0,88729440.000,0,-,-,-,-,3841.0000,3840.8000,3840.4000,3840.2000,3840.0000,3842.4000,3843.0000,3843.4000,3843.8000,3844.4000,2,1,2,1,14,1,1,1,1,1
SF,IF2001,2019-12-02 09:31:33.600,3841.8000,3970,0,88729440.000,0,-,-,-,-,3841.0000,3840.4000,3840.2000,3840.0000,3839.4000,3842.4000,3843.0000,3843.4000,3843.8000,3844.4000,2,2,1,14,1,1,1,1,1,1
SF,IF2001,2019-12-02 09:31:39.100,3841.8000,3970,0,88729440.000,0,-,-,-,-,3841.0000,3840.4000,3840.2000,3840.0000,3839.4000,3842.4000,3843.0000,3843.4000,3843.8000,3844.4000,1,2,1,14,1,1,1,1,1,1
SF,IF2001,2019-12-02 09:31:41.600,3841.0000,3970,0,89881740.000,1,0,1,多换,S,3840.4000,3840.2000,3840.0000,3839.4000,3838.8000,3842.2000,3842.4000,3843.0000,3843.4000,3843.8000,1,1,14,1,2,1,1,1,1,1
SF,IF2001,2019-12-02 09:31:42.100,3841.0000,3970,0,89881740.000,0,-,-,-,-,3840.6000,3840.4000,3840.2000,3840.0000,3839.4000,3842.0000,3842.2000,3842.4000,3843.0000,3843.4000,1,1,1,14,1,1,1,1,1,1
SF,IF2001,2019-12-02 09:31:42.600,3841.0000,3970,0,89881740.000,0,-,-,-,-,3840.6000,3840.4000,3840.2000,3840.0000,3839.4000,3842.0000,3842.2000,3842.4000,3843.0000,3843.4000,2,1,1,14,1,1,1,1,1,1
SF,IF2001,2019-12-02 09:31:43.100,3841.0000,3970,0,89881740.000,0,-,-,-,-,3840.6000,3840.4000,3840.2000,3840.0000,3839.4000,3842.2000,3842.4000,3843.0000,3843.4000,3843.8000,1,1,1,14,1,1,1,1,1,1
SF,IF2001,2019-12-02 09:31:43.600,3841.0000,3970,0,89881740.000,0,-,-,-,-,3840.8000,3840.6000,3840.4000,3840.2000,3840.0000,3842.2000,3842.4000,3843.0000,3843.4000,3843.8000,1,1,1,1,14,1,1,1,1,1
SF,IF2001,2019-12-02 09:31:44.100,3841.0000,3970,0,89881740.000,0,-,-,-,-,3840.8000,3840.6000,3840.4000,3840.2000,3840.0000,3842.0000,3842.2000,3842.4000,3843.0000,3843.4000,1,1,1,1,14,1,1,1,1,1
SF,IF2001,2019-12-02 09:31:45.600,3841.0000,3970,0,89881740.000,0,-,-,-,-,3840.6000,3840.4000,3840.2000,3840.0000,3839.4000,3842.0000,3842.2000,3842.4000,3843.0000,3843.4000,1,1,1,14,2,1,1,1,1,1
SF,IF2001,2019-12-02 09:31:46.100,3841.0000,3970,0,89881740.000,0,-,-,-,-,3840.6000,3840.4000,3840.2000,3840.0000,3839.4000,3842.2000,3842.4000,3843.0000,3843.4000,3843.8000,1,1,1,14,2,1,1,1,1,1
SF,IF2001,2019-12-02 09:31:46.600,3841.0000,3970,0,89881740.000,0,-,-,-,-,3840.8000,3840.6000,3840.4000,3840.2000,3840.0000,3842.2000,3842.4000,3843.0000,3843.4000,3843.8000,5,1,1,1,14,1,1,1,1,1
SF,IF2001,2019-12-02 09:31:47.100,3841.0000,3970,0,89881740.000,0,-,-,-,-,3840.8000,3840.6000,3840.4000,3840.2000,3840.0000,3842.2000,3842.4000,3843.0000,3843.4000,3843.8000,2,1,1,1,14,1,1,1,1,1
SF,IF2001,2019-12-02 09:31:47.600,3841.0000,3970,0,89881740.000,0,-,-,-,-,3840.8000,3840.6000,3840.4000,3840.2000,3840.0000,3842.0000,3842.2000,3842.4000,3843.0000,3843.4000,2,1,1,1,14,1,1,1,1,1
SF,IF2001,2019-12-02 09:31:48.100,3841.0000,3970,0,89881740.000,0,-,-,-,-,3840.6000,3840.4000,3840.2000,3840.0000,3839.4000,3842.0000,3842.2000,3842.4000,3843.0000,3843.4000,1,1,1,14,2,1,1,1,1,1
SF,IF2001,2019-12-02 09:31:48.600,3841.0000,3970,0,89881740.000,0,-,-,-,-,3840.6000,3840.4000,3840.2000,3840.0000,3839.4000,3842.0000,3842.2000,3842.4000,3843.0000,3843.4000,1,1,1,14,2,1,1,1,1,1
SF,IF2001,2019-12-02 09:31:49.100,3841.0000,3970,0,89881740.000,0,-,-,-,-,3840.6000,3840.4000,3840.2000,3840.0000,3839.4000,3842.0000,3842.2000,3842.4000,3843.0000,3843.4000,2,1,1,14,1,1,1,1,1,1
SF,IF2001,2019-12-02 09:31:49.600,3840.8000,3969,-1,91033980.000,1,0,1,双平,S,3840.6000,3840.4000,3840.2000,3840.0000,3839.4000,3842.0000,3842.2000,3842.4000,3843.0000,3843.4000,2,1,1,14,1,1,1,1,1,1
SF,IF2001,2019-12-02 09:31:50.100,3842.0000,3968,-1,93339180.000,2,0,2,多平,S,3840.6000,3840.4000,3840.2000,3840.0000,3839.4000,3842.0000,3842.2000,3842.4000,3843.0000,3843.4000,2,1,1,14,1,1,1,1,1,1
SF,IF2001,2019-12-02 09:31:51.100,3842.0000,3968,0,93339180.000,0,-,-,-,-,3840.8000,3840.6000,3840.4000,3840.2000,3840.0000,3842.0000,3842.2000,3842.4000,3843.0000,3843.4000,2,2,1,1,14,1,1,1,1,1
SF,IF2001,2019-12-02 09:31:51.600,3842.0000,3968,0,93339180.000,0,-,-,-,-,3841.0000,3840.8000,3840.6000,3840.4000,3840.2000,3842.0000,3842.2000,3842.4000,3843.0000,3843.4000,1,2,1,1,1,1,2,1,1,1
SF,IF2001,2019-12-02 09:31:52.100,3842.0000,3968,0,93339180.000,0,-,-,-,-,3841.0000,3840.8000,3840.6000,3840.4000,3840.2000,3842.0000,3842.2000,3842.4000,3843.0000,3843.4000,1,3,1,1,1,1,2,1,1,1
SF,IF2001,2019-12-02 09:31:53.100,3842.0000,3968,0,93339180.000,0,-,-,-,-,3841.0000,3840.8000,3840.4000,3840.2000,3840.0000,3842.0000,3842.2000,3842.4000,3843.0000,3843.4000,1,3,2,1,14,1,2,1,1,1
SF,IF2001,2019-12-02 09:31:53.600,3842.0000,3968,0,93339180.000,0,-,-,-,-,3841.2000,3841.0000,3840.8000,3840.4000,3840.2000,3842.0000,3842.2000,3842.4000,3843.0000,3843.4000,1,1,3,2,1,1,2,1,1,1
SF,IF2001,2019-12-02 09:31:54.600,3842.0000,3969,1,94491780.000,1,1,0,双开,S,3841.2000,3841.0000,3840.8000,3840.4000,3840.2000,3842.2000,3842.4000,3843.0000,3843.4000,3843.8000,1,1,3,2,1,2,1,1,1,1
SF,IF2001,2019-12-02 09:31:56.100,3842.0000,3969,0,94491780.000,0,-,-,-,-,3841.2000,3841.0000,3840.8000,3840.4000,3840.2000,3842.2000,3842.4000,3843.0000,3843.4000,3843.8000,1,1,2,2,1,2,1,1,1,1
SF,IF2001,2019-12-02 09:31:56.600,3842.2000,3967,-2,96797100.000,2,0,2,双平,S,3841.2000,3840.8000,3840.4000,3840.2000,3840.0000,3842.4000,3843.0000,3843.4000,3843.8000,3844.4000,1,2,2,1,14,1,1,1,1,1
SF,IF2001,2019-12-02 09:31:57.100,3842.2000,3967,0,96797100.000,0,-,-,-,-,3841.2000,3840.8000,3840.4000,3840.2000,3840.0000,3842.2000,3842.4000,3843.0000,3843.4000,3843.8000,1,2,2,1,14,1,1,1,1,1
SF,IF2001,2019-12-02 09:31:57.600,3842.2000,3967,0,97949760.000,1,0,1,多换,S,3841.2000,3840.8000,3840.4000,3840.2000,3840.0000,3842.4000,3843.0000,3843.4000,3843.8000,3844.4000,1,2,2,1,14,1,1,1,1,1
SF,IF2001,2019-12-02 09:31:58.100,3842.2000,3967,0,97949760.000,0,-,-,-,-,3841.2000,3840.8000,3840.4000,3840.2000,3840.0000,3843.0000,3843.4000,3843.8000,3844.4000,3845.0000,1,2,2,1,14,1,1,1,1,3
SF,IF2001,2019-12-02 09:31:58.600,3842.2000,3967,0,97949760.000,0,-,-,-,-,3841.2000,3840.8000,3840.4000,3840.2000,3840.0000,3842.0000,3842.8000,3843.0000,3843.4000,3843.8000,1,2,2,1,14,1,1,1,1,1
SF,IF2001,2019-12-02 09:31:59.600,3842.0000,3968,1,99102360.000,1,1,0,双开,S,3841.2000,3840.8000,3840.4000,3840.2000,3840.0000,3842.8000,3843.0000,3843.4000,3843.8000,3844.4000,1,2,2,1,14,1,1,1,1,1
SF,IF2001,2019-12-02 09:32:00.100,3842.0000,3968,0,99102360.000,0,-,-,-,-,3842.0000,3841.4000,3841.2000,3841.0000,3840.8000,3842.8000,3843.0000,3843.4000,3843.8000,3844.4000,1,1,1,1,2,1,1,1,1,1
SF,IF2001,2019-12-02 09:32:00.600,3842.8000,3968,0,101407800.000,2,1,1,多换,S,3841.4000,3841.2000,3841.0000,3840.8000,3840.4000,3843.0000,3843.4000,3843.6000,3843.8000,3844.4000,1,1,1,2,2,1,1,1,1,1
SF,IF2001,2019-12-02 09:32:01.100,3843.0000,3968,0,102560700.000,1,0,1,多换,S,3841.4000,3841.2000,3841.0000,3840.8000,3840.4000,3843.4000,3843.8000,3844.4000,3845.0000,3846.0000,1,1,1,2,2,1,1,1,3,1
SF,IF2001,2019-12-02 09:32:01.600,3843.0000,3968,0,102560700.000,0,-,-,-,-,3841.4000,3841.2000,3841.0000,3840.8000,3840.4000,3843.4000,3843.8000,3844.4000,3845.0000,3846.0000,1,1,1,2,2,1,1,1,3,1
SF,IF2001,2019-12-02 09:32:02.100,3843.0000,3968,0,102560700.000,0,-,-,-,-,3841.6000,3841.4000,3841.2000,3841.0000,3840.8000,3843.2000,3843.4000,3843.8000,3844.4000,3845.0000,1,1,1,1,2,1,1,1,1,3
SF,IF2001,2019-12-02 09:32:02.600,3843.0000,3968,0,102560700.000,0,-,-,-,-,3841.8000,3841.6000,3841.0000,3840.8000,3840.4000,3843.4000,3843.8000,3844.4000,3845.0000,3846.0000,1,1,1,2,2,1,1,1,3,1
SF,IF2001,2019-12-02 09:32:03.600,3843.0000,3968,0,102560700.000,0,-,-,-,-,3843.2000,3842.0000,3841.8000,3841.6000,3841.0000,3843.4000,3843.8000,3844.4000,3845.0000,3846.0000,1,1,1,1,1,1,1,1,3,1
SF,IF2001,2019-12-02 09:32:04.100,3843.4000,3964,-4,107172600.000,4,0,4,双平,S,3842.0000,3841.8000,3841.6000,3841.0000,3840.8000,3843.8000,3844.4000,3845.0000,3846.0000,3846.6000,1,2,1,1,2,1,1,3,1,2
SF,IF2001,2019-12-02 09:32:04.600,3843.4000,3964,0,107172600.000,0,-,-,-,-,3842.2000,3842.0000,3841.8000,3841.6000,3841.0000,3843.8000,3844.4000,3845.0000,3846.0000,3846.6000,1,1,1,1,1,1,1,3,1,2
SF,IF2001,2019-12-02 09:32:06.600,3843.4000,3964,0,107172600.000,0,-,-,-,-,3842.2000,3842.0000,3841.8000,3841.6000,3841.0000,3844.4000,3844.6000,3845.0000,3846.0000,3846.6000,1,1,1,1,1,1,1,3,1,2
SF,IF2001,2019-12-02 09:32:07.100,3842.4000,3963,-1,108325320.000,1,0,1,双平,S,3842.4000,3842.2000,3842.0000,3841.8000,3841.0000,3844.4000,3844.6000,3845.0000,3846.0000,3846.6000,4,1,1,1,1,1,1,3,1,2
SF,IF2001,2019-12-02 09:32:07.600,3842.4000,3963,0,108325320.000,0,-,-,-,-,3842.6000,3842.4000,3842.0000,3841.8000,3841.0000,3844.2000,3844.4000,3844.6000,3845.0000,3846.0000,1,2,1,1,1,2,1,1,3,1
SF,IF2001,2019-12-02 09:32:08.100,3842.4000,3963,0,108325320.000,0,-,-,-,-,3842.6000,3842.0000,3841.8000,3841.0000,3840.8000,3844.2000,3844.4000,3844.6000,3845.0000,3846.0000,1,1,1,1,1,1,1,1,3,1
SF,IF2001,2019-12-02 09:32:08.600,3842.4000,3963,0,108325320.000,0,-,-,-,-,3842.6000,3842.0000,3841.8000,3841.0000,3840.8000,3843.8000,3844.2000,3844.4000,3844.6000,3845.0000,1,1,1,1,1,1,1,1,1,3
SF,IF2001,2019-12-02 09:32:09.100,3842.4000,3963,0,108325320.000,0,-,-,-,-,3842.6000,3842.0000,3841.8000,3841.0000,3840.8000,3843.8000,3844.4000,3844.6000,3845.0000,3846.0000,1,1,1,1,1,1,1,1,3,1
SF,IF2001,2019-12-02 09:32:09.600,3842.4000,3963,0,108325320.000,0,-,-,-,-,3842.6000,3841.8000,3841.0000,3840.8000,3840.4000,3843.8000,3844.4000,3844.6000,3845.0000,3846.0000,1,1,1,1,1,1,1,1,3,1
SF,IF2001,2019-12-02 09:32:10.100,3842.4000,3963,0,108325320.000,0,-,-,-,-,3842.6000,3841.8000,3841.0000,3840.8000,3840.4000,3843.6000,3844.4000,3844.6000,3845.0000,3846.0000,1,1,1,1,1,1,1,1,3,1
SF,IF2001,2019-12-02 09:32:11.100,3842.4000,3963,0,108325320.000,0,-,-,-,-,3842.6000,3841.8000,3841.0000,3840.8000,3840.4000,3844.4000,3844.6000,3845.0000,3846.0000,3847.8000,1,1,1,1,1,1,1,3,1,1
SF,IF2001,2019-12-02 09:32:12.100,3842.4000,3963,0,108325320.000,0,-,-,-,-,3842.6000,3841.8000,3841.0000,3840.8000,3840.4000,3844.2000,3844.4000,3844.6000,3845.0000,3846.0000,1,1,1,1,1,1,1,1,3,1
SF,IF2001,2019-12-02 09:32:12.600,3842.4000,3963,0,108325320.000,0,-,-,-,-,3842.6000,3841.8000,3841.0000,3840.8000,3840.4000,3844.0000,3844.2000,3844.4000,3844.6000,3845.0000,1,1,1,1,1,1,1,1,1,3
SF,IF2001,2019-12-02 09:32:13.100,3842.4000,3963,0,108325320.000,0,-,-,-,-,3842.6000,3841.8000,3841.0000,3840.8000,3840.4000,3843.8000,3844.0000,3844.2000,3844.4000,3844.6000,1,1,1,1,1,1,1,1,1,1
SF,IF2001,2019-12-02 09:32:13.600,3842.4000,3963,0,108325320.000,0,-,-,-,-,3842.6000,3841.8000,3841.0000,3840.8000,3840.4000,3844.0000,3844.2000,3844.4000,3844.6000,3845.0000,1,1,1,1,1,1,1,1,1,3
SF,IF2001,2019-12-02 09:32:14.100,3842.6000,3962,-1,109478100.000,1,0,1,双平,S,3841.8000,3841.0000,3840.8000,3840.4000,3840.2000,3843.6000,3843.8000,3844.2000,3844.4000,3844.6000,1,1,1,1,1,1,1,1,1,1
SF,IF2001,2019-12-02 09:32:14.600,3842.6000,3962,0,109478100.000,0,-,-,-,-,3842.0000,3841.8000,3841.0000,3840.8000,3840.4000,3843.6000,3843.8000,3844.2000,3844.4000,3844.6000,1,1,1,1,1,1,1,1,1,1
SF,IF2001,2019-12-02 09:32:15.100,3842.6000,3962,0,109478100.000,0,-,-,-,-,3842.0000,3841.0000,3840.8000,3840.4000,3840.2000,3843.6000,3843.8000,3844.2000,3844.4000,3844.6000,1,1,1,1,1,1,1,1,1,1
SF,IF2001,2019-12-02 09:32:15.600,3843.6000,3961,-1,110631180.000,1,0,1,双平,S,3842.0000,3841.0000,3840.8000,3840.4000,3840.2000,3843.8000,3844.2000,3844.4000,3844.6000,3845.0000,1,1,1,1,1,2,1,1,1,3
SF,IF2001,2019-12-02 09:32:16.100,3843.6000,3961,0,110631180.000,0,-,-,-,-,3842.0000,3841.0000,3840.8000,3840.4000,3840.2000,3843.6000,3843.8000,3844.2000,3844.4000,3844.6000,1,1,1,1,1,1,2,1,1,1
SF,IF2001,2019-12-02 09:32:16.600,3843.6000,3961,0,110631180.000,0,-,-,-,-,3842.0000,3841.0000,3840.8000,3840.4000,3840.2000,3843.8000,3844.2000,3844.4000,3844.6000,3845.0000,1,1,1,1,1,2,1,1,1,3
SF,IF2001,2019-12-02 09:32:17.100,3843.6000,3961,0,110631180.000,0,-,-,-,-,3842.2000,3842.0000,3841.8000,3841.0000,3840.8000,3843.8000,3844.2000,3844.4000,3844.6000,3845.0000,1,1,1,1,1,2,1,1,1,3
SF,IF2001,2019-12-02 09:32:17.600,3843.6000,3961,0,110631180.000,0,-,-,-,-,3842.4000,3841.8000,3841.0000,3840.8000,3840.4000,3843.8000,3844.2000,3844.4000,3844.6000,3845.0000,1,1,1,1,1,2,1,1,1,3
SF,IF2001,2019-12-02 09:32:18.600,3843.6000,3961,0,110631180.000,0,-,-,-,-,3842.4000,3841.8000,3841.0000,3840.8000,3840.4000,3843.8000,3844.2000,3844.4000,3844.6000,3845.0000,1,1,1,1,1,3,1,1,1,3
SF,IF2001,2019-12-02 09:32:19.100,3843.6000,3961,0,110631180.000,0,-,-,-,-,3842.4000,3841.8000,3841.0000,3840.8000,3840.4000,3843.8000,3844.2000,3844.4000,3844.6000,3845.0000,1,1,1,1,1,2,1,1,1,3
SF,IF2001,2019-12-02 09:32:19.600,3843.6000,3961,0,110631180.000,0,-,-,-,-,3842.4000,3841.8000,3841.0000,3840.8000,3840.4000,3843.8000,3844.4000,3844.6000,3845.0000,3846.0000,1,1,1,1,1,1,1,1,3,1
SF,IF2001,2019-12-02 09:32:21.100,3843.6000,3961,0,110631180.000,0,-,-,-,-,3842.4000,3841.8000,3841.0000,3840.8000,3840.4000,3844.4000,3844.6000,3845.0000,3846.0000,3847.8000,1,1,1,1,1,1,1,3,1,1
SF,IF2001,2019-12-02 09:32:22.100,3843.6000,3961,0,110631180.000,0,-,-,-,-,3842.8000,3842.4000,3841.8000,3841.0000,3840.8000,3844.4000,3844.6000,3845.0000,3846.0000,3847.8000,1,2,1,1,1,1,1,3,1,1
SF,IF2001,2019-12-02 09:32:22.600,3843.6000,3961,0,110631180.000,0,-,-,-,-,3843.0000,3842.8000,3842.4000,3841.8000,3841.0000,3844.4000,3844.6000,3845.0000,3846.0000,3847.8000,1,1,1,1,1,1,1,3,1,1
SF,IF2001,2019-12-02 09:32:24.100,3844.4000,3961,0,111784500.000,1,0,1,多换,S,3843.0000,3842.8000,3842.6000,3842.4000,3841.8000,3844.6000,3845.0000,3846.0000,3847.8000,3850.0000,1,1,1,1,1,1,3,1,1,5
SF,IF2001,2019-12-02 09:32:24.600,3844.4000,3961,0,111784500.000,0,-,-,-,-,3843.2000,3843.0000,3842.6000,3842.4000,3841.8000,3844.6000,3845.0000,3846.0000,3847.8000,3850.0000,1,1,1,1,1,1,3,1,1,5
SF,IF2001,2019-12-02 09:32:26.100,3844.4000,3961,0,111784500.000,0,-,-,-,-,3843.2000,3843.0000,3842.6000,3842.4000,3841.8000,3844.6000,3845.0000,3846.0000,3847.8000,3850.0000,1,1,1,1,1,1,3,1,1,5
SF,IF2001,2019-12-02 09:32:26.600,3844.4000,3961,0,111784500.000,0,-,-,-,-,3843.4000,3843.2000,3842.6000,3841.8000,3841.0000,3844.6000,3845.0000,3846.0000,3847.8000,3850.0000,1,1,1,1,1,1,3,1,1,5
SF,IF2001,2019-12-02 09:32:27.100,3844.4000,3961,0,111784500.000,0,-,-,-,-,3843.4000,3843.2000,3842.6000,3841.8000,3841.0000,3844.4000,3844.6000,3845.0000,3846.0000,3847.8000,1,1,1,1,1,1,1,3,1,1
SF,IF2001,2019-12-02 09:32:27.600,3844.4000,3961,0,111784500.000,0,-,-,-,-,3843.4000,3843.2000,3842.6000,3841.8000,3841.0000,3844.6000,3845.0000,3846.0000,3847.8000,3850.0000,1,1,1,1,1,1,3,1,1,5
SF,IF2001,2019-12-02 09:32:28.100,3844.4000,3961,0,111784500.000,0,-,-,-,-,3843.6000,3843.4000,3842.6000,3841.8000,3841.0000,3844.6000,3845.0000,3846.0000,3847.8000,3850.0000,1,1,1,1,1,1,3,1,1,5
SF,IF2001,2019-12-02 09:32:29.100,3844.6000,3960,-1,112937880.000,1,0,1,双平,S,3844.6000,3843.6000,3843.4000,3842.6000,3841.8000,3845.0000,3846.0000,3847.8000,3850.0000,3852.0000,3,1,1,1,1,3,1,1,5,1
SF,IF2001,2019-12-02 09:32:29.600,3844.6000,3958,-2,116398020.000,3,0,3,多平,S,3843.6000,3843.4000,3842.6000,3841.8000,3841.0000,3845.0000,3845.6000,3846.0000,3847.8000,3850.0000,1,1,1,1,1,3,1,1,1,5
SF,IF2001,2019-12-02 09:32:30.600,3844.6000,3958,0,116398020.000,0,-,-,-,-,3843.6000,3843.4000,3842.6000,3841.8000,3841.0000,3845.0000,3845.6000,3846.0000,3847.8000,3850.0000,1,2,1,1,1,3,1,1,1,5
SF,IF2001,2019-12-02 09:32:31.100,3844.6000,3958,0,116398020.000,0,-,-,-,-,3843.8000,3843.4000,3842.6000,3841.8000,3841.0000,3845.0000,3845.6000,3846.0000,3847.8000,3850.0000,1,1,1,1,1,3,1,1,1,5
SF,IF2001,2019-12-02 09:32:32.600,3844.6000,3958,0,116398020.000,0,-,-,-,-,3843.8000,3843.4000,3842.6000,3841.8000,3841.0000,3845.0000,3845.6000,3846.0000,3847.8000,3850.0000,1,1,1,1,1,3,1,1,1,5
SF,IF2001,2019-12-02 09:32:33.100,3844.6000,3958,0,116398020.000,0,-,-,-,-,3843.8000,3843.4000,3842.6000,3841.8000,3841.0000,3845.0000,3845.6000,3846.0000,3847.8000,3850.0000,1,1,1,1,1,3,1,1,1,5
SF,IF2001,2019-12-02 09:32:33.600,3844.6000,3958,0,116398020.000,0,-,-,-,-,3843.8000,3843.4000,3842.6000,3841.8000,3841.0000,3845.0000,3845.6000,3846.0000,3847.8000,3850.0000,1,1,1,1,1,3,1,1,1,5
SF,IF2001,2019-12-02 09:32:35.100,3844.6000,3958,0,116398020.000,0,-,-,-,-,3843.8000,3843.4000,3842.6000,3841.8000,3841.0000,3845.0000,3845.6000,3846.0000,3847.8000,3852.0000,1,1,1,1,1,3,1,1,1,1
SF,IF2001,2019-12-02 09:32:35.600,3845.0000,3957,-1,118705020.000,2,0,2,多平,S,3844.2000,3844.0000,3843.8000,3843.4000,3842.6000,3845.0000,3846.0000,3846.4000,3847.8000,3852.0000,1,4,1,1,1,1,1,1,1,1
SF,IF2001,2019-12-02 09:32:36.100,3845.0000,3956,-1,119858520.000,1,0,1,双平,S,3844.2000,3844.0000,3843.8000,3843.4000,3842.6000,3846.0000,3846.4000,3847.8000,3852.0000,3853.6000,1,3,1,1,1,1,1,1,1,3
SF,IF2001,2019-12-02 09:32:36.600,3845.0000,3956,0,119858520.000,0,-,-,-,-,3845.0000,3844.4000,3844.2000,3844.0000,3843.4000,3845.8000,3846.0000,3846.4000,3847.8000,3849.6000,14,1,1,3,1,1,1,1,1,3
SF,IF2001,2019-12-02 09:32:37.600,3845.0000,3956,0,121012020.000,1,0,1,多换,S,3845.0000,3844.4000,3844.2000,3844.0000,3843.4000,3845.8000,3846.0000,3846.4000,3847.8000,3849.6000,13,1,1,3,1,1,1,1,1,3
SF,IF2001,2019-12-02 09:32:38.600,3845.0000,3956,0,121012020.000,0,-,-,-,-,3845.0000,3844.4000,3844.2000,3844.0000,3843.4000,3845.8000,3846.0000,3846.4000,3847.8000,3849.6000,13,1,1,3,1,1,1,1,1,5
SF,IF2001,2019-12-02 09:32:39.600,3845.0000,3954,-2,123319020.000,2,0,2,双平,S,3845.0000,3844.4000,3844.2000,3844.0000,3843.4000,3845.8000,3846.0000,3846.4000,3847.8000,3849.6000,11,1,1,3,1,1,1,1,1,5
SF,IF2001,2019-12-02 09:32:40.100,3845.0000,3954,0,123319020.000,0,-,-,-,-,3845.0000,3844.2000,3844.0000,3843.4000,3842.6000,3845.8000,3846.0000,3846.4000,3847.8000,3849.6000,11,1,3,1,1,1,1,1,1,5
SF,IF2001,2019-12-02 09:32:40.600,3845.0000,3948,-6,133700520.000,9,1,8,多平,S,3845.0000,3844.2000,3844.0000,3843.4000,3842.6000,3845.8000,3846.0000,3846.4000,3847.8000,3849.6000,2,1,2,1,1,1,1,1,1,5
SF,IF2001,2019-12-02 09:32:41.100,3845.0000,3948,0,133700520.000,0,-,-,-,-,3845.0000,3844.2000,3844.0000,3843.4000,3842.6000,3845.8000,3846.0000,3846.4000,3847.8000,3849.6000,2,1,2,1,1,1,2,1,1,5
SF,IF2001,2019-12-02 09:32:41.600,3845.0000,3948,0,133700520.000,0,-,-,-,-,3845.0000,3844.2000,3844.0000,3843.4000,3842.6000,3845.8000,3846.0000,3846.4000,3847.8000,3849.6000,2,1,2,1,1,1,2,1,1,5
SF,IF2001,2019-12-02 09:32:42.100,3845.0000,3948,0,133700520.000,0,-,-,-,-,3845.0000,3844.2000,3844.0000,3843.4000,3842.6000,3845.8000,3846.0000,3846.4000,3847.8000,3849.6000,2,1,2,1,1,2,2,1,1,5
SF,IF2001,2019-12-02 09:32:43.100,3845.0000,3947,-1,136007520.000,2,0,2,多平,S,3844.2000,3844.0000,3843.4000,3842.6000,3841.8000,3845.0000,3845.6000,3845.8000,3846.0000,3846.4000,1,2,1,1,1,1,1,3,2,1
SF,IF2001,2019-12-02 09:32:43.600,3845.0000,3947,0,136007520.000,0,-,-,-,-,3844.2000,3843.4000,3842.6000,3841.8000,3840.8000,3845.6000,3845.8000,3846.0000,3846.4000,3847.8000,1,1,1,1,1,1,3,2,1,1
SF,IF2001,2019-12-02 09:32:44.100,3845.0000,3947,0,136007520.000,0,-,-,-,-,3844.4000,3844.2000,3843.4000,3842.6000,3841.8000,3845.4000,3845.6000,3845.8000,3846.0000,3846.4000,1,1,1,1,1,1,1,3,2,1
SF,IF2001,2019-12-02 09:32:45.100,3845.0000,3947,0,136007520.000,0,-,-,-,-,3844.4000,3844.2000,3843.4000,3842.6000,3841.8000,3845.4000,3845.8000,3846.0000,3846.4000,3847.8000,1,1,1,1,1,1,3,2,1,1
SF,IF2001,2019-12-02 09:32:45.600,3845.0000,3947,0,136007520.000,0,-,-,-,-,3844.4000,3844.2000,3843.4000,3842.6000,3841.8000,3845.8000,3846.0000,3846.4000,3847.8000,3848.6000,1,1,1,1,1,2,2,1,1,2
SF,IF2001,2019-12-02 09:32:46.100,3845.0000,3947,0,136007520.000,0,-,-,-,-,3844.4000,3844.2000,3843.4000,3842.6000,3841.8000,3845.8000,3846.0000,3846.4000,3847.8000,3848.6000,1,1,1,1,1,2,2,1,1,2
SF,IF2001,2019-12-02 09:32:49.600,3845.0000,3947,0,136007520.000,0,-,-,-,-,3844.4000,3844.2000,3843.4000,3842.6000,3841.8000,3845.6000,3845.8000,3846.0000,3846.4000,3847.8000,1,1,1,1,1,1,2,2,1,1
SF,IF2001,2019-12-02 09:32:50.100,3845.4000,3945,-2,138314760.000,2,0,2,双平,S,3844.4000,3844.2000,3843.4000,3842.6000,3841.8000,3845.6000,3845.8000,3846.0000,3846.4000,3847.8000,1,1,1,1,1,1,2,2,1,1
SF,IF2001,2019-12-02 09:32:51.600,3845.4000,3945,0,138314760.000,0,-,-,-,-,3844.4000,3844.2000,3843.4000,3842.6000,3841.8000,3845.4000,3845.8000,3846.0000,3846.4000,3847.8000,1,1,1,1,1,1,2,2,1,1
SF,IF2001,2019-12-02 09:32:52.100,3845.4000,3945,0,138314760.000,0,-,-,-,-,3844.4000,3844.2000,3843.4000,3842.6000,3841.8000,3845.8000,3846.0000,3846.4000,3847.8000,3849.6000,1,1,1,1,1,2,2,1,1,3
SF,IF2001,2019-12-02 09:32:52.600,3845.4000,3945,0,138314760.000,0,-,-,-,-,3844.4000,3844.2000,3843.4000,3842.6000,3841.8000,3845.8000,3846.0000,3846.4000,3847.8000,3849.6000,1,1,1,1,1,2,2,1,1,3
SF,IF2001,2019-12-02 09:32:53.100,3845.4000,3945,0,138314760.000,0,-,-,-,-,3844.4000,3844.2000,3843.4000,3842.6000,3841.8000,3845.6000,3845.8000,3846.0000,3846.4000,3847.8000,1,1,1,1,1,1,2,2,1,1
SF,IF2001,2019-12-02 09:32:53.600,3845.4000,3945,0,138314760.000,0,-,-,-,-,3844.4000,3844.2000,3843.4000,3842.6000,3841.8000,3845.8000,3846.0000,3846.4000,3847.8000,3849.6000,1,1,1,1,1,2,2,1,1,3
SF,IF2001,2019-12-02 09:32:54.600,3845.8000,3944,-1,139468500.000,1,0,1,双平,S,3844.4000,3844.2000,3843.4000,3842.6000,3841.8000,3845.8000,3846.0000,3846.4000,3847.8000,3849.6000,1,1,1,1,1,1,2,1,1,3
SF,IF2001,2019-12-02 09:32:55.600,3845.6000,3944,0,140622180.000,1,0,1,多换,S,3845.6000,3844.4000,3844.2000,3843.4000,3842.6000,3845.8000,3846.0000,3846.4000,3847.8000,3849.6000,9,1,1,1,1,1,2,1,1,3
SF,IF2001,2019-12-02 09:32:56.100,3845.6000,3945,1,151005300.000,9,5,4,空开,S,3844.2000,3843.4000,3842.6000,3841.8000,3840.8000,3845.8000,3846.0000,3846.4000,3847.8000,3849.6000,1,1,1,1,1,1,2,1,1,3
SF,IF2001,2019-12-02 09:32:56.600,3845.6000,3945,0,151005300.000,0,-,-,-,-,3844.2000,3843.4000,3842.6000,3841.8000,3840.8000,3845.6000,3845.8000,3846.0000,3846.4000,3847.8000,1,1,1,1,1,1,2,2,1,1
SF,IF2001,2019-12-02 09:32:57.100,3845.6000,3945,0,151005300.000,0,-,-,-,-,3844.2000,3843.4000,3842.6000,3841.8000,3840.8000,3845.6000,3845.8000,3846.0000,3846.4000,3847.8000,1,1,1,1,1,2,2,2,1,1
SF,IF2001,2019-12-02 09:32:57.600,3845.6000,3945,0,151005300.000,0,-,-,-,-,3843.4000,3842.6000,3841.8000,3840.8000,3840.4000,3845.4000,3845.6000,3845.8000,3846.0000,3846.4000,1,1,1,1,1,2,2,1,2,1
SF,IF2001,2019-12-02 09:32:58.100,3845.6000,3945,0,151005300.000,0,-,-,-,-,3843.6000,3843.4000,3842.6000,3841.8000,3840.8000,3845.4000,3845.6000,3845.8000,3846.0000,3846.4000,1,1,1,1,1,3,2,1,2,1
SF,IF2001,2019-12-02 09:32:58.600,3845.6000,3945,0,151005300.000,0,-,-,-,-,3844.2000,3843.8000,3843.6000,3843.4000,3842.6000,3845.4000,3845.6000,3845.8000,3846.0000,3846.4000,1,1,2,1,1,1,1,1,2,1
SF,IF2001,2019-12-02 09:32:59.100,3845.6000,3945,0,151005300.000,0,-,-,-,-,3844.2000,3843.8000,3843.6000,3843.4000,3842.6000,3845.6000,3845.8000,3846.0000,3846.4000,3847.8000,1,1,2,1,1,1,1,2,1,1
SF,IF2001,2019-12-02 09:33:00.600,3845.6000,3945,0,151005300.000,0,-,-,-,-,3844.2000,3843.6000,3843.4000,3842.6000,3841.8000,3845.6000,3845.8000,3846.0000,3846.4000,3847.8000,2,2,1,1,1,1,1,2,1,1
SF,IF2001,2019-12-02 09:33:01.100,3844.8000,3945,0,152158740.000,1,0,1,多换,S,3844.4000,3844.2000,3843.6000,3843.4000,3842.6000,3845.4000,3845.8000,3846.0000,3846.4000,3847.8000,1,1,1,1,1,1,1,2,1,1
SF,IF2001,2019-12-02 09:33:01.600,3844.8000,3945,0,152158740.000,0,-,-,-,-,3844.4000,3844.2000,3843.6000,3843.4000,3842.6000,3845.8000,3846.0000,3846.4000,3847.8000,3849.6000,1,1,1,1,1,1,2,1,1,4
SF,IF2001,2019-12-02 09:33:02.100,3844.4000,3944,-1,153312060.000,1,0,1,双平,S,3844.6000,3844.2000,3843.6000,3843.4000,3842.6000,3845.8000,3846.0000,3846.4000,3847.8000,3849.6000,1,1,1,1,1,1,2,1,1,4
SF,IF2001,2019-12-02 09:33:03.600,3844.6000,3943,-1,154465440.000,1,0,1,双平,S,3844.2000,3843.4000,3842.6000,3841.8000,3840.8000,3844.6000,3845.6000,3845.8000,3846.0000,3846.4000,1,1,1,1,1,1,1,1,2,1
SF,IF2001,2019-12-02 09:33:04.100,3844.2000,3943,0,155618700.000,1,0,1,多换,S,3843.4000,3842.6000,3841.8000,3840.8000,3840.4000,3844.6000,3845.6000,3845.8000,3846.0000,3846.4000,1,1,1,1,1,1,1,1,2,1
SF,IF2001,2019-12-02 09:33:04.600,3844.2000,3943,0,155618700.000,0,-,-,-,-,3843.6000,3843.4000,3842.6000,3841.8000,3840.8000,3844.6000,3845.6000,3845.8000,3846.0000,3846.4000,1,1,1,1,1,1,2,1,2,1
SF,IF2001,2019-12-02 09:33:05.100,3844.6000,3943,0,156772080.000,1,0,1,多换,S,3843.6000,3843.4000,3842.6000,3841.8000,3840.8000,3845.6000,3845.8000,3846.0000,3846.4000,3847.8000,1,1,1,1,1,2,1,2,1,1
SF,IF2001,2019-12-02 09:33:05.600,3844.6000,3943,0,156772080.000,0,-,-,-,-,3844.6000,3843.6000,3843.4000,3842.6000,3841.8000,3845.4000,3845.6000,3845.8000,3846.0000,3846.4000,1,1,1,1,1,2,2,1,2,1
SF,IF2001,2019-12-02 09:33:06.100,3844.6000,3942,-1,157925460.000,1,0,1,双平,S,3843.6000,3843.4000,3842.6000,3841.8000,3840.8000,3845.4000,3845.6000,3845.8000,3846.0000,3846.4000,1,1,1,1,1,2,2,1,2,1
SF,IF2001,2019-12-02 09:33:06.600,3844.6000,3942,0,157925460.000,0,-,-,-,-,3843.4000,3842.6000,3841.8000,3840.8000,3840.4000,3845.2000,3845.4000,3845.6000,3845.8000,3846.0000,1,1,1,1,1,1,2,2,1,2
SF,IF2001,2019-12-02 09:33:07.100,3844.6000,3942,0,157925460.000,0,-,-,-,-,3843.4000,3842.6000,3841.8000,3840.8000,3840.4000,3845.0000,3845.2000,3845.4000,3845.6000,3845.8000,1,1,1,1,1,1,1,1,2,1
SF,IF2001,2019-12-02 09:33:07.600,3844.6000,3942,0,157925460.000,0,-,-,-,-,3843.4000,3842.6000,3841.8000,3840.8000,3840.4000,3845.0000,3845.2000,3845.6000,3845.8000,3846.0000,1,1,1,1,1,1,1,2,1,2
SF,IF2001,2019-12-02 09:33:08.100,3843.4000,3941,-1,159078480.000,1,0,1,双平,S,3842.6000,3841.8000,3840.8000,3840.4000,3840.0000,3843.6000,3844.8000,3845.0000,3845.2000,3845.6000,1,1,1,1,1,9,1,1,2,2
SF,IF2001,2019-12-02 09:33:08.600,3842.6000,3940,-1,160231260.000,1,0,1,双平,S,3841.8000,3840.8000,3840.4000,3840.0000,3837.0000,3843.4000,3843.6000,3844.8000,3845.0000,3845.2000,1,1,1,1,1,1,9,3,1,2
SF,IF2001,2019-12-02 09:33:09.100,3842.6000,3940,0,160231260.000,0,-,-,-,-,3842.0000,3841.8000,3840.8000,3840.4000,3840.0000,3843.4000,3843.6000,3843.8000,3844.8000,3845.0000,2,1,1,1,1,1,9,1,3,1
SF,IF2001,2019-12-02 09:33:09.600,3842.6000,3940,0,160231260.000,0,-,-,-,-,3842.2000,3842.0000,3841.8000,3840.8000,3840.4000,3843.6000,3843.8000,3844.8000,3845.0000,3845.2000,2,3,1,1,1,9,1,3,1,2
SF,IF2001,2019-12-02 09:33:10.100,3842.6000,3940,0,160231260.000,0,-,-,-,-,3842.4000,3842.2000,3842.0000,3841.8000,3840.4000,3843.6000,3843.8000,3844.8000,3845.0000,3845.2000,2,2,2,1,1,9,1,3,1,1
SF,IF2001,2019-12-02 09:33:10.600,3842.6000,3940,0,160231260.000,0,-,-,-,-,3842.4000,3842.2000,3842.0000,3841.8000,3840.4000,3843.6000,3843.8000,3844.8000,3845.0000,3845.2000,2,2,2,1,1,9,1,3,1,1
SF,IF2001,2019-12-02 09:33:11.100,3842.6000,3940,0,160231260.000,0,-,-,-,-,3840.6000,3840.4000,3840.0000,3837.0000,3835.6000,3843.4000,3843.6000,3843.8000,3844.8000,3845.2000,1,1,1,1,3,1,9,1,3,1
SF,IF2001,2019-12-02 09:33:11.600,3842.6000,3940,0,160231260.000,0,-,-,-,-,3841.4000,3840.8000,3840.6000,3840.4000,3840.0000,3843.4000,3843.6000,3843.8000,3844.8000,3845.2000,2,7,1,1,1,1,9,1,3,1
SF,IF2001,2019-12-02 09:33:12.100,3842.6000,3940,0,160231260.000,0,-,-,-,-,3842.0000,3841.8000,3841.6000,3841.4000,3840.8000,3843.4000,3843.6000,3843.8000,3844.8000,3845.2000,2,1,5,2,4,1,9,1,3,1
SF,IF2001,2019-12-02 09:33:12.600,3842.6000,3940,0,160231260.000,0,-,-,-,-,3843.2000,3842.2000,3842.0000,3841.8000,3841.6000,3843.4000,3843.6000,3843.8000,3844.8000,3845.2000,1,1,3,1,5,1,9,1,3,1
SF,IF2001,2019-12-02 09:33:13.100,3843.2000,3939,-1,161384220.000,1,0,1,双平,S,3842.0000,3841.8000,3841.6000,3841.4000,3840.8000,3843.2000,3843.4000,3843.6000,3843.8000,3844.8000,3,1,2,2,3,1,1,9,1,3
SF,IF2001,2019-12-02 09:33:13.600,3842.0000,3939,0,162536820.000,1,0,1,多换,S,3841.4000,3840.8000,3840.6000,3840.4000,3840.0000,3843.0000,3843.2000,3843.6000,3843.8000,3844.8000,1,2,1,1,1,1,1,9,1,3
SF,IF2001,2019-12-02 09:33:14.100,3842.0000,3939,0,162536820.000,0,-,-,-,-,3840.6000,3840.4000,3840.0000,3837.0000,3835.6000,3842.8000,3843.0000,3843.2000,3843.6000,3843.8000,1,1,1,1,3,1,1,1,9,1
SF,IF2001,2019-12-02 09:33:14.600,3842.0000,3939,0,162536820.000,0,-,-,-,-,3841.0000,3840.8000,3840.6000,3840.4000,3840.0000,3842.6000,3842.8000,3843.2000,3843.6000,3843.8000,2,4,1,1,1,1,1,1,9,1
SF,IF2001,2019-12-02 09:33:15.100,3842.0000,3939,0,162536820.000,0,-,-,-,-,3840.8000,3840.4000,3840.0000,3839.8000,3837.0000,3842.6000,3842.8000,3843.2000,3843.6000,3843.8000,1,1,1,1,1,1,1,1,9,1
SF,IF2001,2019-12-02 09:33:15.600,3842.0000,3939,0,162536820.000,0,-,-,-,-,3840.4000,3840.0000,3839.8000,3837.0000,3835.6000,3842.6000,3842.8000,3843.2000,3843.6000,3843.8000,1,1,1,1,3,1,2,1,9,1
SF,IF2001,2019-12-02 09:33:16.100,3842.0000,3939,0,162536820.000,0,-,-,-,-,3840.6000,3840.4000,3840.0000,3839.8000,3837.0000,3842.6000,3842.8000,3843.2000,3843.6000,3843.8000,6,1,1,1,1,1,2,1,9,1
SF,IF2001,2019-12-02 09:33:16.600,3842.0000,3939,0,162536820.000,0,-,-,-,-,3840.8000,3840.6000,3840.4000,3840.0000,3839.8000,3842.6000,3842.8000,3843.2000,3843.6000,3843.8000,2,5,1,1,1,1,2,1,9,1
SF,IF2001,2019-12-02 09:33:17.100,3842.0000,3939,0,162536820.000,0,-,-,-,-,3841.0000,3840.6000,3840.4000,3840.0000,3839.8000,3842.6000,3842.8000,3843.2000,3843.6000,3843.8000,3,5,1,1,1,1,2,1,9,1
SF,IF2001,2019-12-02 09:33:17.600,3842.0000,3939,0,162536820.000,0,-,-,-,-,3841.0000,3840.6000,3840.4000,3840.0000,3839.8000,3842.6000,3842.8000,3843.2000,3843.6000,3843.8000,2,5,1,1,1,1,2,1,9,1
SF,IF2001,2019-12-02 09:33:18.100,3842.0000,3939,0,162536820.000,0,-,-,-,-,3840.6000,3840.4000,3840.0000,3839.8000,3837.0000,3841.8000,3842.4000,3842.6000,3842.8000,3843.2000,1,1,1,1,1,1,1,1,2,1
SF,IF2001,2019-12-02 09:33:18.600,3841.8000,3938,-1,163689360.000,1,0,1,双平,S,3841.8000,3840.8000,3840.6000,3840.4000,3840.0000,3842.6000,3842.8000,3843.2000,3843.6000,3843.8000,1,3,2,1,1,1,2,1,9,1
SF,IF2001,2019-12-02 09:33:19.100,3841.8000,3938,0,164841900.000,1,0,1,多换,S,3840.6000,3840.4000,3840.0000,3839.8000,3837.0000,3842.4000,3842.6000,3842.8000,3843.2000,3843.6000,2,1,1,1,1,1,1,2,1,9
SF,IF2001,2019-12-02 09:33:19.600,3841.8000,3938,0,164841900.000,0,-,-,-,-,3840.6000,3840.4000,3840.0000,3839.8000,3837.0000,3842.2000,3842.4000,3842.8000,3843.2000,3843.6000,2,1,1,1,1,1,1,2,1,9
SF,IF2001,2019-12-02 09:33:20.100,3841.8000,3938,0,164841900.000,0,-,-,-,-,3840.6000,3840.4000,3840.0000,3839.8000,3837.0000,3842.2000,3842.8000,3843.2000,3843.6000,3843.8000,2,1,1,1,1,1,2,1,9,1
SF,IF2001,2019-12-02 09:33:20.600,3841.8000,3938,0,164841900.000,0,-,-,-,-,3840.6000,3840.4000,3840.0000,3839.8000,3837.0000,3842.2000,3842.8000,3843.2000,3843.6000,3843.8000,1,1,1,1,1,1,2,1,9,1
SF,IF2001,2019-12-02 09:33:21.100,3842.2000,3938,0,165994560.000,1,0,1,多换,S,3842.2000,3840.4000,3840.0000,3839.8000,3837.0000,3842.8000,3843.2000,3843.6000,3843.8000,3844.8000,4,1,1,1,1,2,1,9,1,2
SF,IF2001,2019-12-02 09:33:21.600,3842.2000,3940,2,170605200.000,4,3,1,空开,S,3840.4000,3840.0000,3839.8000,3837.0000,3835.6000,3841.8000,3842.2000,3842.6000,3842.8000,3843.2000,1,1,1,1,3,1,1,1,2,1
SF,IF2001,2019-12-02 09:33:22.100,3842.2000,3940,0,170605200.000,0,-,-,-,-,3840.6000,3840.4000,3840.0000,3839.8000,3837.0000,3841.8000,3842.6000,3842.8000,3843.2000,3843.6000,1,1,1,1,1,1,2,1,1,9
SF,IF2001,2019-12-02 09:33:24.100,3840.6000,3940,0,171757380.000,1,0,1,多换,S,3840.4000,3840.0000,3839.8000,3837.0000,3835.6000,3841.8000,3842.6000,3842.8000,3843.2000,3843.6000,1,1,1,1,3,1,2,1,1,9
SF,IF2001,2019-12-02 09:33:24.600,3840.6000,3940,0,171757380.000,0,-,-,-,-,3840.4000,3840.0000,3839.8000,3837.0000,3835.6000,3841.6000,3841.8000,3842.6000,3842.8000,3843.2000,1,1,1,1,3,1,1,2,1,1
SF,IF2001,2019-12-02 09:33:25.600,3840.6000,3940,0,171757380.000,0,-,-,-,-,3840.4000,3840.0000,3839.8000,3837.0000,3835.6000,3841.6000,3841.8000,3842.0000,3842.6000,3842.8000,1,1,1,1,3,1,1,1,2,1
SF,IF2001,2019-12-02 09:33:26.600,3840.6000,3940,0,171757380.000,0,-,-,-,-,3840.6000,3840.4000,3840.0000,3839.8000,3837.0000,3841.6000,3842.6000,3842.8000,3843.2000,3843.6000,1,1,1,1,1,1,1,1,1,9
SF,IF2001,2019-12-02 09:33:27.100,3841.6000,3939,-1,172909860.000,1,0,1,双平,S,3840.6000,3840.4000,3840.0000,3839.8000,3837.0000,3842.8000,3843.2000,3843.6000,3843.8000,3844.8000,1,1,1,1,1,1,1,9,1,2
SF,IF2001,2019-12-02 09:33:27.600,3841.6000,3939,0,172909860.000,0,-,-,-,-,3840.8000,3840.6000,3840.4000,3840.0000,3839.8000,3841.2000,3842.6000,3842.8000,3843.2000,3843.6000,2,1,1,1,1,1,1,1,1,9
SF,IF2001,2019-12-02 09:33:28.100,3841.2000,3939,0,174062220.000,1,0,1,多换,S,3841.2000,3840.8000,3840.6000,3840.4000,3840.0000,3842.6000,3842.8000,3843.2000,3843.6000,3843.8000,4,2,1,1,1,1,1,1,9,1
SF,IF2001,2019-12-02 09:33:28.600,3841.2000,3940,1,176366940.000,2,1,1,空开,S,3841.2000,3840.8000,3840.6000,3840.4000,3840.0000,3842.6000,3842.8000,3843.2000,3843.6000,3843.8000,3,2,1,1,1,1,1,1,9,1
SF,IF2001,2019-12-02 09:33:29.100,3841.2000,3940,0,176366940.000,0,-,-,-,-,3841.2000,3840.8000,3840.6000,3840.4000,3840.0000,3842.6000,3842.8000,3843.2000,3843.6000,3843.8000,3,2,2,1,1,1,1,1,9,1
SF,IF2001,2019-12-02 09:33:29.600,3841.2000,3940,0,176366940.000,0,-,-,-,-,3841.2000,3840.8000,3840.6000,3840.4000,3840.0000,3842.6000,3842.8000,3843.2000,3843.6000,3843.8000,2,2,2,1,1,1,1,1,9,1
SF,IF2001,2019-12-02 09:33:30.100,3841.2000,3940,0,176366940.000,0,-,-,-,-,3840.8000,3840.6000,3840.4000,3840.0000,3839.8000,3842.6000,3842.8000,3843.2000,3843.6000,3843.8000,2,2,1,1,1,1,1,1,9,1
SF,IF2001,2019-12-02 09:33:33.100,3841.2000,3940,0,176366940.000,0,-,-,-,-,3840.8000,3840.4000,3840.0000,3839.8000,3837.0000,3842.0000,3842.4000,3842.6000,3842.8000,3843.2000,2,1,1,1,1,2,1,1,1,1
SF,IF2001,2019-12-02 09:33:33.600,3841.2000,3940,0,176366940.000,0,-,-,-,-,3840.8000,3840.4000,3840.0000,3839.8000,3837.0000,3842.0000,3842.4000,3842.6000,3842.8000,3843.2000,1,1,1,1,1,2,2,1,1,1
SF,IF2001,2019-12-02 09:33:34.100,3840.8000,3939,-1,177519180.000,1,0,1,双平,S,3840.4000,3840.0000,3839.8000,3837.0000,3835.6000,3842.0000,3842.4000,3842.6000,3842.8000,3843.2000,1,1,1,1,3,2,1,1,1,1
SF,IF2001,2019-12-02 09:33:34.600,3840.8000,3939,0,177519180.000,0,-,-,-,-,3840.6000,3840.4000,3840.0000,3839.8000,3837.0000,3842.0000,3842.4000,3842.6000,3842.8000,3843.2000,2,1,1,1,1,2,1,1,1,1
SF,IF2001,2019-12-02 09:33:35.100,3840.8000,3939,0,177519180.000,0,-,-,-,-,3840.6000,3840.4000,3840.0000,3839.8000,3837.0000,3842.0000,3842.4000,3842.6000,3842.8000,3843.2000,1,1,1,1,1,2,1,1,1,1
SF,IF2001,2019-12-02 09:33:35.600,3840.8000,3939,0,177519180.000,0,-,-,-,-,3840.6000,3840.4000,3840.0000,3839.8000,3837.0000,3841.8000,3842.0000,3842.4000,3842.8000,3843.2000,1,1,1,1,1,1,2,1,1,1
SF,IF2001,2019-12-02 09:33:36.100,3840.8000,3939,0,177519180.000,0,-,-,-,-,3840.4000,3840.0000,3839.8000,3837.0000,3835.6000,3841.0000,3841.8000,3842.0000,3842.4000,3842.8000,1,1,1,1,3,2,1,2,1,1
SF,IF2001,2019-12-02 09:33:36.600,3841.0000,3940,1,179823780.000,2,1,1,空开,S,3841.0000,3840.4000,3840.0000,3839.8000,3837.0000,3841.8000,3842.0000,3842.4000,3842.8000,3843.2000,2,1,1,1,1,1,2,1,1,1
SF,IF2001,2019-12-02 09:33:38.600,3841.0000,3940,0,179823780.000,0,-,-,-,-,3840.4000,3840.0000,3839.8000,3837.0000,3835.6000,3840.8000,3841.8000,3842.0000,3842.4000,3842.8000,1,1,1,1,3,2,1,2,1,1
SF,IF2001,2019-12-02 09:33:39.100,3840.8000,3940,0,182128260.000,2,1,1,多换,S,3840.8000,3840.6000,3840.4000,3840.0000,3839.8000,3842.0000,3842.4000,3842.8000,3843.2000,3843.8000,3,2,1,1,1,2,1,1,1,1
SF,IF2001,2019-12-02 09:33:39.600,3840.8000,3940,0,182128260.000,0,-,-,-,-,3840.8000,3840.4000,3840.0000,3839.8000,3837.0000,3841.8000,3842.0000,3842.4000,3842.8000,3843.2000,3,1,1,1,1,1,2,1,1,1
SF,IF2001,2019-12-02 09:33:41.100,3840.8000,3940,0,182128260.000,0,-,-,-,-,3840.6000,3840.4000,3840.0000,3839.8000,3837.0000,3841.8000,3842.0000,3842.4000,3842.8000,3843.2000,1,1,1,1,1,1,2,1,1,1
SF,IF2001,2019-12-02 09:33:41.600,3840.8000,3940,0,184432740.000,2,1,1,多换,S,3840.8000,3840.6000,3840.4000,3840.0000,3839.8000,3842.0000,3842.4000,3842.8000,3843.2000,3843.8000,3,1,1,1,1,2,1,1,1,1
SF,IF2001,2019-12-02 09:33:42.100,3840.8000,3940,0,184432740.000,0,-,-,-,-,3841.8000,3841.0000,3840.8000,3840.6000,3840.4000,3842.0000,3842.4000,3842.8000,3843.2000,3843.8000,1,3,3,1,1,2,1,1,1,1
SF,IF2001,2019-12-02 09:33:42.600,3842.0000,3940,0,186737940.000,2,1,1,多换,S,3841.8000,3841.0000,3840.8000,3840.6000,3840.4000,3842.8000,3843.2000,3843.8000,3844.8000,3846.0000,1,3,3,1,1,1,1,1,2,2
SF,IF2001,2019-12-02 09:33:43.100,3842.0000,3940,0,186737940.000,0,-,-,-,-,3841.8000,3841.0000,3840.8000,3840.6000,3840.4000,3842.6000,3842.8000,3843.2000,3843.8000,3844.8000,1,3,3,1,1,1,1,1,1,2
SF,IF2001,2019-12-02 09:33:43.600,3842.0000,3940,0,186737940.000,0,-,-,-,-,3841.8000,3841.0000,3840.8000,3840.6000,3840.4000,3842.6000,3843.2000,3843.8000,3844.8000,3846.0000,1,3,3,1,1,1,1,1,2,2
SF,IF2001,2019-12-02 09:33:44.100,3842.0000,3940,0,186737940.000,0,-,-,-,-,3841.0000,3840.8000,3840.6000,3840.4000,3840.0000,3842.6000,3843.2000,3843.8000,3844.8000,3846.0000,3,3,1,1,1,1,1,1,2,2
SF,IF2001,2019-12-02 09:33:44.600,3842.0000,3940,0,186737940.000,0,-,-,-,-,3841.2000,3841.0000,3840.8000,3840.6000,3840.4000,3842.6000,3843.2000,3843.8000,3844.8000,3846.0000,2,3,3,1,1,1,1,1,2,2
SF,IF2001,2019-12-02 09:33:45.100,3842.0000,3940,0,186737940.000,0,-,-,-,-,3841.4000,3841.2000,3841.0000,3840.8000,3840.6000,3843.8000,3844.8000,3846.0000,3847.8000,3849.6000,2,2,1,3,1,1,2,2,1,4
SF,IF2001,2019-12-02 09:33:45.600,3842.0000,3940,0,186737940.000,0,-,-,-,-,3842.6000,3841.8000,3841.6000,3841.4000,3841.2000,3843.6000,3843.8000,3844.8000,3846.0000,3847.8000,1,2,4,1,1,1,1,2,2,1
SF,IF2001,2019-12-02 09:33:46.100,3841.8000,3941,1,189043080.000,2,1,1,空开,S,3841.8000,3841.6000,3841.4000,3841.2000,3841.0000,3843.6000,3843.8000,3844.8000,3846.0000,3847.8000,1,5,1,1,1,1,1,2,2,1
SF,IF2001,2019-12-02 09:33:46.600,3841.8000,3941,0,189043080.000,0,-,-,-,-,3842.0000,3841.6000,3841.4000,3841.0000,3840.8000,3843.6000,3843.8000,3844.8000,3846.0000,3847.8000,3,5,1,1,1,1,1,2,2,1
SF,IF2001,2019-12-02 09:33:47.100,3841.8000,3941,0,189043080.000,0,-,-,-,-,3842.2000,3842.0000,3841.6000,3841.4000,3840.8000,3843.6000,3843.8000,3844.8000,3846.0000,3847.8000,1,3,5,1,1,1,1,2,2,1
SF,IF2001,2019-12-02 09:33:47.600,3841.8000,3941,0,189043080.000,0,-,-,-,-,3842.0000,3841.6000,3841.4000,3840.8000,3840.6000,3843.6000,3843.8000,3844.8000,3846.0000,3847.8000,3,3,1,1,1,1,1,2,2,1
SF,IF2001,2019-12-02 09:33:48.100,3841.8000,3941,0,189043080.000,0,-,-,-,-,3842.0000,3841.6000,3840.8000,3840.6000,3840.4000,3843.6000,3843.8000,3844.8000,3846.0000,3847.8000,3,3,1,1,1,1,1,2,2,1
SF,IF2001,2019-12-02 09:33:48.600,3841.8000,3941,0,189043080.000,0,-,-,-,-,3842.0000,3841.6000,3840.8000,3840.6000,3840.4000,3843.6000,3843.8000,3844.8000,3846.0000,3847.8000,2,3,1,1,1,1,1,2,2,1
SF,IF2001,2019-12-02 09:33:49.100,3841.8000,3941,0,189043080.000,0,-,-,-,-,3842.0000,3841.6000,3840.8000,3840.6000,3840.4000,3843.4000,3843.6000,3843.8000,3844.8000,3846.0000,2,3,1,1,1,1,1,1,2,2
SF,IF2001,2019-12-02 09:33:49.600,3841.8000,3941,0,189043080.000,0,-,-,-,-,3842.0000,3841.6000,3840.8000,3840.6000,3840.4000,3843.2000,3843.4000,3843.8000,3844.8000,3846.0000,2,3,1,1,1,1,1,1,2,2
SF,IF2001,2019-12-02 09:33:52.600,3842.0000,3940,-1,191348280.000,2,0,2,多平,S,3841.6000,3840.8000,3840.6000,3840.4000,3840.0000,3843.2000,3843.4000,3843.8000,3844.8000,3846.0000,2,1,1,1,1,1,1,1,2,2
SF,IF2001,2019-12-02 09:33:53.100,3842.0000,3940,0,191348280.000,0,-,-,-,-,3840.8000,3840.6000,3840.4000,3840.0000,3839.8000,3843.2000,3843.4000,3843.8000,3844.8000,3846.0000,1,1,1,1,1,1,1,1,2,2
SF,IF2001,2019-12-02 09:33:53.600,3842.0000,3940,0,191348280.000,0,-,-,-,-,3841.0000,3840.8000,3840.6000,3840.4000,3840.0000,3843.2000,3843.4000,3843.8000,3844.8000,3846.0000,4,1,1,1,1,1,1,1,2,2
SF,IF2001,2019-12-02 09:33:54.100,3842.0000,3940,0,191348280.000,0,-,-,-,-,3841.6000,3841.4000,3841.2000,3841.0000,3840.8000,3843.2000,3843.4000,3843.8000,3844.8000,3846.0000,2,2,2,4,1,1,1,1,2,2
SF,IF2001,2019-12-02 09:33:54.600,3842.0000,3940,0,191348280.000,0,-,-,-,-,3841.6000,3841.4000,3841.0000,3840.8000,3840.6000,3843.2000,3843.4000,3843.8000,3844.8000,3846.0000,2,2,3,1,1,1,1,1,2,2
SF,IF2001,2019-12-02 09:33:55.100,3842.0000,3940,0,191348280.000,0,-,-,-,-,3841.0000,3840.8000,3840.6000,3840.4000,3840.0000,3843.0000,3843.2000,3843.4000,3843.8000,3844.8000,1,1,1,1,1,3,1,1,1,2
SF,IF2001,2019-12-02 09:33:55.600,3842.0000,3940,0,191348280.000,0,-,-,-,-,3841.0000,3840.8000,3840.6000,3840.4000,3840.0000,3842.8000,3843.0000,3843.8000,3844.8000,3846.0000,1,1,1,1,1,1,2,1,2,2
SF,IF2001,2019-12-02 09:33:56.100,3842.0000,3940,0,191348280.000,0,-,-,-,-,3841.0000,3840.8000,3840.6000,3840.4000,3840.0000,3842.4000,3842.8000,3843.0000,3843.8000,3844.8000,1,1,1,1,1,1,1,4,1,2
SF,IF2001,2019-12-02 09:33:59.100,3842.0000,3940,0,191348280.000,0,-,-,-,-,3841.0000,3840.8000,3840.6000,3840.4000,3840.0000,3842.4000,3842.8000,3843.0000,3843.8000,3844.8000,1,1,1,1,1,1,1,6,1,2
SF,IF2001,2019-12-02 09:34:00.600,3842.0000,3940,0,191348280.000,0,-,-,-,-,3841.2000,3841.0000,3840.8000,3840.6000,3840.4000,3842.4000,3842.8000,3843.0000,3843.8000,3844.8000,1,1,1,1,1,1,1,6,1,2
SF,IF2001,2019-12-02 09:34:01.100,3842.4000,3939,-1,192501000.000,1,0,1,双平,S,3842.4000,3841.6000,3841.4000,3841.2000,3840.8000,3842.8000,3843.0000,3843.8000,3844.8000,3845.6000,1,2,4,3,1,2,5,1,2,2
SF,IF2001,2019-12-02 09:34:01.600,3842.4000,3939,0,193653720.000,1,0,1,多换,S,3841.6000,3841.4000,3841.2000,3840.8000,3840.6000,3842.4000,3842.8000,3843.0000,3843.8000,3844.8000,2,4,2,1,1,1,2,5,1,2
SF,IF2001,2019-12-02 09:34:02.100,3842.4000,3939,0,193653720.000,0,-,-,-,-,3841.8000,3841.2000,3840.8000,3840.6000,3840.4000,3842.4000,3842.8000,3843.0000,3843.8000,3844.8000,1,1,1,1,1,1,2,5,1,2
SF,IF2001,2019-12-02 09:34:02.600,3842.4000,3939,0,193653720.000,0,-,-,-,-,3841.4000,3840.8000,3840.6000,3840.4000,3840.0000,3841.8000,3842.8000,3843.0000,3843.8000,3844.8000,1,1,1,1,1,1,2,5,1,2
SF,IF2001,2019-12-02 09:34:03.100,3842.4000,3939,0,193653720.000,0,-,-,-,-,3841.8000,3841.0000,3840.8000,3840.6000,3840.4000,3842.6000,3842.8000,3843.0000,3843.8000,3844.8000,2,1,1,1,1,2,2,5,1,2
SF,IF2001,2019-12-02 09:34:03.600,3842.4000,3939,0,193653720.000,0,-,-,-,-,3841.8000,3841.0000,3840.6000,3840.4000,3840.0000,3842.6000,3842.8000,3843.0000,3843.8000,3844.8000,2,1,1,1,1,2,2,5,1,2
SF,IF2001,2019-12-02 09:34:04.100,3841.8000,3940,1,194806260.000,1,1,0,双开,S,3841.8000,3841.0000,3840.6000,3840.4000,3840.0000,3842.4000,3842.6000,3842.8000,3843.0000,3843.8000,1,1,1,1,1,1,2,3,5,1
SF,IF2001,2019-12-02 09:34:04.600,3841.8000,3941,1,195958800.000,1,1,0,双开,S,3841.0000,3840.6000,3840.4000,3840.0000,3839.8000,3842.4000,3842.6000,3842.8000,3843.0000,3843.8000,1,1,1,1,1,1,2,3,4,1
SF,IF2001,2019-12-02 09:34:05.100,3841.8000,3941,0,195958800.000,0,-,-,-,-,3840.8000,3840.6000,3840.4000,3840.0000,3839.8000,3842.4000,3842.6000,3842.8000,3843.0000,3843.8000,1,1,1,1,1,1,2,3,4,1
SF,IF2001,2019-12-02 09:34:05.600,3841.8000,3941,0,195958800.000,0,-,-,-,-,3841.0000,3840.8000,3840.6000,3840.4000,3840.0000,3842.4000,3842.6000,3842.8000,3843.0000,3843.8000,5,1,1,1,1,1,2,3,4,1
SF,IF2001,2019-12-02 09:34:06.100,3841.8000,3941,0,195958800.000,0,-,-,-,-,3841.0000,3840.8000,3840.6000,3840.4000,3840.0000,3842.4000,3842.6000,3842.8000,3843.0000,3843.8000,2,1,1,1,1,1,2,3,4,1
SF,IF2001,2019-12-02 09:34:06.600,3841.8000,3941,0,195958800.000,0,-,-,-,-,3841.0000,3840.8000,3840.6000,3840.4000,3840.0000,3842.2000,3842.4000,3842.6000,3842.8000,3843.0000,2,1,1,1,1,2,1,2,3,4
SF,IF2001,2019-12-02 09:34:07.100,3842.2000,3942,1,197111460.000,1,1,0,双开,S,3841.2000,3841.0000,3840.8000,3840.6000,3840.4000,3842.2000,3842.4000,3842.6000,3842.8000,3843.0000,3,2,1,1,1,1,1,2,2,4
SF,IF2001,2019-12-02 09:34:07.600,3842.2000,3942,0,197111460.000,0,-,-,-,-,3841.0000,3840.8000,3840.6000,3840.4000,3840.0000,3842.2000,3842.4000,3842.6000,3842.8000,3843.0000,2,1,1,1,1,1,1,2,3,4
SF,IF2001,2019-12-02 09:34:11.600,3842.2000,3942,0,197111460.000,0,-,-,-,-,3841.0000,3840.8000,3840.6000,3840.4000,3840.0000,3842.0000,3842.2000,3842.4000,3842.6000,3842.8000,2,1,1,1,1,2,1,1,2,3
SF,IF2001,2019-12-02 09:34:12.100,3842.2000,3942,0,197111460.000,0,-,-,-,-,3841.0000,3840.6000,3840.4000,3840.0000,3839.8000,3841.8000,3842.0000,3842.2000,3842.6000,3842.8000,2,1,1,1,1,1,2,1,2,3
SF,IF2001,2019-12-02 09:34:12.600,3841.0000,3941,-1,199416060.000,2,0,2,多平,S,3840.6000,3840.4000,3840.0000,3839.8000,3837.0000,3841.8000,3842.0000,3842.2000,3842.6000,3842.8000,1,1,1,1,1,1,2,1,2,3
SF,IF2001,2019-12-02 09:34:13.100,3841.0000,3941,0,199416060.000,0,-,-,-,-,3840.4000,3840.0000,3839.8000,3837.0000,3835.6000,3841.8000,3842.0000,3842.2000,3842.6000,3842.8000,1,1,1,1,3,1,2,1,2,3
SF,IF2001,2019-12-02 09:34:14.100,3841.0000,3941,0,199416060.000,0,-,-,-,-,3840.4000,3840.0000,3839.8000,3837.0000,3835.6000,3841.8000,3842.0000,3842.2000,3842.6000,3842.8000,1,1,1,1,3,2,2,1,2,3
SF,IF2001,2019-12-02 09:34:14.600,3841.0000,3941,0,199416060.000,0,-,-,-,-,3840.4000,3840.0000,3839.8000,3837.0000,3835.6000,3841.8000,3842.0000,3842.2000,3842.6000,3842.8000,1,1,1,1,3,4,2,1,2,3
SF,IF2001,2019-12-02 09:34:15.100,3841.0000,3941,0,199416060.000,0,-,-,-,-,3840.4000,3840.0000,3839.8000,3837.0000,3835.6000,3841.8000,3842.0000,3842.2000,3842.6000,3842.8000,1,1,1,1,3,3,2,1,2,3
SF,IF2001,2019-12-02 09:34:16.600,3841.0000,3941,0,199416060.000,0,-,-,-,-,3840.6000,3840.4000,3840.0000,3839.8000,3837.0000,3841.8000,3842.0000,3842.2000,3842.6000,3842.8000,1,1,1,1,1,3,2,1,2,3
SF,IF2001,2019-12-02 09:34:18.100,3841.8000,3940,-1,202873680.000,3,1,2,多平,S,3841.8000,3840.6000,3840.4000,3840.0000,3839.8000,3842.0000,3842.2000,3842.6000,3842.8000,3843.0000,1,1,1,1,1,2,1,2,3,4
SF,IF2001,2019-12-02 09:34:18.600,3841.8000,3941,1,204026220.000,1,1,0,双开,S,3840.6000,3840.4000,3840.0000,3839.8000,3837.0000,3840.8000,3842.0000,3842.2000,3842.6000,3842.8000,2,1,1,1,1,1,2,1,2,3
SF,IF2001,2019-12-02 09:34:19.100,3840.8000,3941,0,205178460.000,1,0,1,多换,S,3841.8000,3840.8000,3840.6000,3840.4000,3840.0000,3842.0000,3842.2000,3842.6000,3842.8000,3843.0000,1,8,2,1,1,2,1,2,3,4
SF,IF2001,2019-12-02 09:34:19.600,3840.8000,3941,0,205178460.000,0,-,-,-,-,3841.8000,3841.2000,3840.8000,3840.6000,3840.4000,3842.0000,3842.2000,3842.6000,3842.8000,3843.0000,1,1,9,2,1,2,1,2,3,4
SF,IF2001,2019-12-02 09:34:20.100,3842.0000,3943,2,207483660.000,2,2,0,双开,S,3841.8000,3841.2000,3840.8000,3840.6000,3840.4000,3842.2000,3842.6000,3842.8000,3843.0000,3843.8000,1,1,9,2,1,1,2,3,4,1
SF,IF2001,2019-12-02 09:34:20.600,3842.2000,3943,0,208636320.000,1,0,1,多换,S,3842.2000,3841.8000,3841.2000,3840.8000,3840.6000,3842.6000,3842.8000,3843.0000,3843.8000,3844.8000,3,1,1,8,2,2,2,4,1,2
SF,IF2001,2019-12-02 09:34:21.100,3842.2000,3943,0,208636320.000,0,-,-,-,-,3842.2000,3841.8000,3841.2000,3840.8000,3840.6000,3842.6000,3842.8000,3843.0000,3843.8000,3844.8000,2,1,1,5,2,2,2,4,1,2
SF,IF2001,2019-12-02 09:34:21.600,3842.6000,3945,2,210941880.000,2,2,0,双开,S,3842.2000,3841.8000,3841.2000,3840.8000,3840.6000,3842.8000,3843.0000,3843.8000,3844.8000,3845.4000,2,1,1,5,2,2,4,1,2,2
SF,IF2001,2019-12-02 09:34:22.100,3842.6000,3945,0,210941880.000,0,-,-,-,-,3842.2000,3841.2000,3840.8000,3840.6000,3840.4000,3842.8000,3843.0000,3843.8000,3844.8000,3846.0000,2,1,5,2,1,2,4,1,2,2
SF,IF2001,2019-12-02 09:34:23.100,3842.8000,3947,2,213247560.000,2,2,0,双开,S,3842.2000,3841.4000,3841.2000,3840.8000,3840.6000,3843.0000,3843.8000,3844.8000,3846.0000,3847.8000,2,1,1,5,2,4,1,2,2,1
SF,IF2001,2019-12-02 09:34:23.600,3843.0000,3947,0,217859160.000,4,2,2,多换,S,3842.2000,3841.4000,3841.2000,3840.8000,3840.6000,3843.8000,3844.8000,3846.0000,3847.8000,3849.6000,2,1,1,5,2,1,2,2,1,4
SF,IF2001,2019-12-02 09:34:24.100,3843.0000,3947,0,217859160.000,0,-,-,-,-,3843.0000,3842.4000,3842.2000,3841.4000,3841.2000,3843.6000,3843.8000,3844.8000,3846.0000,3847.8000,1,1,2,1,1,1,1,2,2,1
SF,IF2001,2019-12-02 09:34:24.600,3842.2000,3947,0,220164540.000,2,1,1,多换,S,3842.2000,3841.4000,3841.2000,3840.8000,3840.6000,3843.6000,3843.8000,3844.8000,3846.0000,3847.8000,1,1,1,5,2,1,1,2,2,1
SF,IF2001,2019-12-02 09:34:26.100,3842.2000,3947,0,220164540.000,0,-,-,-,-,3842.4000,3842.2000,3841.4000,3841.2000,3840.8000,3843.6000,3844.8000,3846.0000,3847.8000,3849.6000,1,2,1,1,5,1,2,2,1,4
SF,IF2001,2019-12-02 09:34:26.600,3842.2000,3947,0,220164540.000,0,-,-,-,-,3842.6000,3842.4000,3842.2000,3841.4000,3841.2000,3844.8000,3846.0000,3847.8000,3849.6000,3850.0000,1,1,2,1,1,2,2,1,4,3
SF,IF2001,2019-12-02 09:34:27.100,3842.2000,3947,0,220164540.000,0,-,-,-,-,3842.6000,3842.4000,3842.2000,3841.4000,3841.2000,3844.6000,3844.8000,3846.0000,3847.8000,3849.6000,2,1,2,1,1,1,2,2,1,4
SF,IF2001,2019-12-02 09:34:27.600,3842.2000,3947,0,220164540.000,0,-,-,-,-,3842.6000,3842.2000,3841.4000,3841.2000,3840.8000,3844.4000,3844.6000,3844.8000,3846.0000,3847.8000,1,2,1,1,5,1,1,2,2,1
SF,IF2001,2019-12-02 09:34:28.100,3842.2000,3947,0,220164540.000,0,-,-,-,-,3842.2000,3841.4000,3841.2000,3840.8000,3840.6000,3844.0000,3844.2000,3844.4000,3844.8000,3846.0000,2,1,1,5,2,1,1,1,2,2
SF,IF2001,2019-12-02 09:34:28.600,3842.2000,3947,0,220164540.000,0,-,-,-,-,3842.2000,3841.4000,3841.2000,3840.8000,3840.6000,3843.8000,3844.0000,3844.4000,3844.8000,3846.0000,2,1,1,5,2,1,1,1,2,2
SF,IF2001,2019-12-02 09:34:29.100,3842.2000,3947,0,220164540.000,0,-,-,-,-,3842.2000,3841.4000,3841.2000,3840.8000,3840.6000,3843.8000,3844.0000,3844.4000,3844.8000,3846.0000,1,1,1,5,2,1,2,1,2,2
SF,IF2001,2019-12-02 09:34:30.600,3842.2000,3947,0,220164540.000,0,-,-,-,-,3842.2000,3841.4000,3841.2000,3840.8000,3840.6000,3843.8000,3844.0000,3844.4000,3844.8000,3846.0000,1,1,1,5,2,1,1,1,2,2
SF,IF2001,2019-12-02 09:34:31.100,3842.2000,3947,0,220164540.000,0,-,-,-,-,3842.4000,3842.2000,3841.4000,3841.2000,3840.8000,3843.8000,3844.0000,3844.4000,3844.8000,3846.0000,1,1,1,1,5,1,1,1,2,2
SF,IF2001,2019-12-02 09:34:33.100,3843.8000,3946,-1,221317680.000,1,0,1,双平,S,3842.4000,3842.2000,3841.4000,3841.2000,3840.8000,3844.0000,3844.4000,3844.8000,3846.0000,3847.8000,1,1,1,1,5,1,1,2,2,1
SF,IF2001,2019-12-02 09:34:33.600,3842.4000,3946,0,222470400.000,1,0,1,多换,S,3842.2000,3841.4000,3841.2000,3840.8000,3840.6000,3842.4000,3844.0000,3844.4000,3844.8000,3846.0000,1,1,1,5,2,1,1,1,2,2
SF,IF2001,2019-12-02 09:34:34.100,3842.4000,3946,0,223623120.000,1,0,1,多换,S,3842.4000,3842.2000,3841.4000,3841.2000,3840.8000,3844.0000,3844.4000,3844.8000,3846.0000,3847.8000,5,1,1,1,5,1,1,2,2,1
SF,IF2001,2019-12-02 09:34:34.600,3842.4000,3946,0,223623120.000,0,-,-,-,-,3842.6000,3842.4000,3842.2000,3841.4000,3841.2000,3844.0000,3844.4000,3844.8000,3846.0000,3847.8000,1,5,1,1,1,1,1,2,2,1
SF,IF2001,2019-12-02 09:34:35.100,3842.4000,3946,0,223623120.000,0,-,-,-,-,3842.6000,3842.4000,3842.2000,3841.4000,3841.2000,3844.0000,3844.4000,3844.8000,3846.0000,3847.8000,1,4,1,1,1,1,1,2,2,1
SF,IF2001,2019-12-02 09:34:36.100,3842.4000,3946,0,223623120.000,0,-,-,-,-,3842.6000,3842.4000,3842.2000,3841.4000,3841.2000,3844.0000,3844.4000,3844.8000,3846.0000,3847.8000,1,1,1,1,1,1,1,2,2,1
SF,IF2001,2019-12-02 09:34:36.600,3842.4000,3946,0,223623120.000,0,-,-,-,-,3842.6000,3842.4000,3842.2000,3841.4000,3841.2000,3844.0000,3844.8000,3846.0000,3847.8000,3849.6000,1,1,2,1,1,1,2,2,1,4
SF,IF2001,2019-12-02 09:34:37.100,3842.4000,3946,0,223623120.000,0,-,-,-,-,3842.6000,3842.4000,3842.2000,3841.4000,3841.2000,3844.0000,3844.8000,3846.0000,3847.8000,3849.6000,1,1,1,1,1,1,2,2,1,4
SF,IF2001,2019-12-02 09:34:37.600,3842.4000,3946,0,223623120.000,0,-,-,-,-,3842.6000,3842.4000,3842.2000,3841.4000,3841.2000,3843.8000,3844.0000,3844.8000,3846.0000,3847.8000,1,1,1,1,1,2,1,2,2,1
SF,IF2001,2019-12-02 09:34:38.100,3842.4000,3946,0,223623120.000,0,-,-,-,-,3842.4000,3842.2000,3841.4000,3841.2000,3840.8000,3843.8000,3844.0000,3844.8000,3846.0000,3847.8000,1,1,1,1,5,1,1,2,2,1
SF,IF2001,2019-12-02 09:34:39.100,3842.4000,3946,0,223623120.000,0,-,-,-,-,3842.4000,3842.2000,3841.4000,3841.2000,3840.8000,3843.6000,3843.8000,3844.0000,3844.8000,3846.0000,1,1,1,1,5,1,1,1,2,2
SF,IF2001,2019-12-02 09:34:39.600,3842.4000,3946,0,223623120.000,0,-,-,-,-,3842.4000,3842.2000,3841.4000,3841.2000,3840.8000,3843.4000,3843.8000,3844.0000,3844.8000,3846.0000,1,1,1,1,5,1,1,1,2,2
SF,IF2001,2019-12-02 09:34:40.100,3842.4000,3946,0,223623120.000,0,-,-,-,-,3842.2000,3841.4000,3841.2000,3840.8000,3840.6000,3843.8000,3844.0000,3844.8000,3846.0000,3847.8000,1,1,1,5,2,1,1,2,2,1
SF,IF2001,2019-12-02 09:34:40.600,3842.4000,3946,0,223623120.000,0,-,-,-,-,3842.2000,3841.4000,3841.2000,3840.8000,3840.6000,3843.6000,3843.8000,3844.0000,3844.8000,3846.0000,1,1,1,4,2,1,1,1,2,2
SF,IF2001,2019-12-02 09:34:41.100,3842.4000,3946,0,223623120.000,0,-,-,-,-,3842.2000,3841.4000,3841.2000,3840.8000,3840.6000,3843.8000,3844.0000,3844.8000,3846.0000,3847.8000,1,1,1,4,2,1,1,2,2,1
SF,IF2001,2019-12-02 09:34:41.600,3842.4000,3946,0,223623120.000,0,-,-,-,-,3842.4000,3842.2000,3841.4000,3841.2000,3840.8000,3843.8000,3844.0000,3844.8000,3846.0000,3847.8000,1,1,1,1,4,1,1,2,2,1
SF,IF2001,2019-12-02 09:34:42.100,3842.4000,3946,0,223623120.000,0,-,-,-,-,3842.4000,3842.2000,3841.4000,3841.2000,3840.8000,3843.6000,3843.8000,3844.0000,3844.8000,3846.0000,1,1,1,1,4,2,1,1,2,2
SF,IF2001,2019-12-02 09:34:42.600,3843.8000,3946,0,225929340.000,2,1,1,多换,S,3843.8000,3842.4000,3842.2000,3841.4000,3841.2000,3844.0000,3844.8000,3846.0000,3847.8000,3849.6000,3,1,1,1,1,1,2,2,1,4
SF,IF2001,2019-12-02 09:34:43.100,3843.8000,3946,0,229388760.000,3,1,2,多换,S,3842.4000,3842.2000,3841.4000,3841.2000,3840.8000,3843.4000,3843.6000,3843.8000,3844.0000,3844.8000,1,1,1,1,4,2,1,5,1,2
SF,IF2001,2019-12-02 09:34:43.600,3842.2000,3945,-1,231694140.000,2,0,2,多平,S,3841.4000,3841.2000,3840.8000,3840.6000,3840.4000,3843.4000,3843.6000,3843.8000,3844.0000,3844.8000,1,1,3,2,1,1,2,8,1,2
SF,IF2001,2019-12-02 09:34:44.100,3843.2000,3944,-1,232847100.000,1,0,1,双平,S,3841.6000,3841.2000,3840.8000,3840.6000,3840.4000,3843.2000,3843.4000,3843.6000,3843.8000,3844.0000,1,1,3,2,1,1,1,1,7,1
SF,IF2001,2019-12-02 09:34:44.600,3843.2000,3944,0,232847100.000,0,-,-,-,-,3841.6000,3841.2000,3840.8000,3840.6000,3840.4000,3843.2000,3843.4000,3843.8000,3844.0000,3844.8000,1,1,3,2,1,2,1,5,1,2
SF,IF2001,2019-12-02 09:34:45.100,3843.2000,3944,0,232847100.000,0,-,-,-,-,3841.6000,3840.8000,3840.6000,3840.4000,3840.0000,3843.2000,3843.4000,3843.6000,3843.8000,3844.0000,1,2,2,1,1,2,1,1,2,1
SF,IF2001,2019-12-02 09:34:46.600,3843.2000,3944,0,232847100.000,0,-,-,-,-,3841.6000,3840.8000,3840.6000,3840.4000,3840.0000,3843.0000,3843.2000,3843.4000,3843.6000,3843.8000,1,2,2,1,1,2,2,1,1,2
SF,IF2001,2019-12-02 09:34:47.100,3843.2000,3944,0,232847100.000,0,-,-,-,-,3841.6000,3840.8000,3840.6000,3840.4000,3840.0000,3843.0000,3843.2000,3843.4000,3843.6000,3843.8000,1,2,2,1,1,2,2,1,1,2
SF,IF2001,2019-12-02 09:34:47.600,3843.2000,3944,0,232847100.000,0,-,-,-,-,3841.6000,3840.8000,3840.6000,3840.4000,3840.0000,3843.0000,3843.2000,3843.4000,3843.6000,3843.8000,1,2,2,1,1,1,2,1,1,2
SF,IF2001,2019-12-02 09:34:48.600,3843.2000,3944,0,232847100.000,0,-,-,-,-,3841.6000,3840.8000,3840.6000,3840.4000,3840.0000,3843.2000,3843.4000,3843.6000,3843.8000,3844.0000,1,2,2,1,1,2,1,1,2,3
SF,IF2001,2019-12-02 09:34:49.100,3843.2000,3944,0,232847100.000,0,-,-,-,-,3841.6000,3840.8000,3840.6000,3840.4000,3840.0000,3843.2000,3843.4000,3843.8000,3844.0000,3844.8000,1,2,2,1,1,2,1,2,3,1
SF,IF2001,2019-12-02 09:34:49.600,3843.2000,3944,0,232847100.000,0,-,-,-,-,3841.6000,3840.8000,3840.6000,3840.4000,3840.0000,3843.2000,3843.4000,3843.8000,3844.0000,3844.8000,1,2,2,1,1,1,1,2,3,1
SF,IF2001,2019-12-02 09:34:50.100,3843.2000,3944,0,232847100.000,0,-,-,-,-,3841.8000,3841.6000,3840.8000,3840.6000,3840.4000,3843.2000,3843.8000,3844.0000,3844.8000,3846.0000,2,1,2,2,1,1,2,3,1,2
SF,IF2001,2019-12-02 09:34:50.600,3843.2000,3944,0,232847100.000,0,-,-,-,-,3842.0000,3841.8000,3841.4000,3840.8000,3840.6000,3843.8000,3844.0000,3844.8000,3846.0000,3847.8000,1,2,1,2,2,2,3,1,2,1
SF,IF2001,2019-12-02 09:34:51.100,3843.2000,3944,0,232847100.000,0,-,-,-,-,3843.2000,3842.0000,3841.8000,3841.4000,3840.8000,3843.6000,3843.8000,3844.0000,3844.8000,3846.0000,2,1,2,1,2,2,2,3,1,2
SF,IF2001,2019-12-02 09:34:51.600,3843.2000,3942,-2,235153020.000,2,0,2,双平,S,3842.0000,3841.4000,3840.8000,3840.6000,3840.4000,3843.6000,3843.8000,3844.0000,3844.8000,3846.0000,1,1,2,2,1,2,2,3,1,4
SF,IF2001,2019-12-02 09:34:52.100,3843.2000,3942,0,235153020.000,0,-,-,-,-,3842.0000,3841.4000,3840.8000,3840.6000,3840.4000,3843.4000,3843.6000,3843.8000,3844.0000,3844.8000,1,1,2,2,1,1,2,2,3,1
SF,IF2001,2019-12-02 09:34:52.600,3843.2000,3942,0,235153020.000,0,-,-,-,-,3841.4000,3840.8000,3840.6000,3840.4000,3840.0000,3843.2000,3843.4000,3843.6000,3843.8000,3844.0000,1,2,2,1,1,2,1,1,2,3
SF,IF2001,2019-12-02 09:34:53.100,3843.2000,3942,0,235153020.000,0,-,-,-,-,3841.6000,3841.4000,3840.8000,3840.6000,3840.4000,3843.2000,3843.4000,3843.6000,3843.8000,3844.0000,1,1,2,2,1,2,1,1,2,3
SF,IF2001,2019-12-02 09:34:53.600,3843.2000,3942,0,235153020.000,0,-,-,-,-,3841.6000,3841.4000,3840.8000,3840.6000,3840.4000,3843.0000,3843.2000,3843.4000,3843.6000,3843.8000,1,1,2,2,1,1,3,1,1,2
SF,IF2001,2019-12-02 09:34:54.100,3843.2000,3942,0,235153020.000,0,-,-,-,-,3841.4000,3840.8000,3840.6000,3840.4000,3840.0000,3842.8000,3843.0000,3843.2000,3843.4000,3843.6000,1,2,2,1,1,1,2,2,1,1
SF,IF2001,2019-12-02 09:34:55.600,3843.2000,3942,0,235153020.000,0,-,-,-,-,3841.4000,3840.8000,3840.6000,3840.4000,3840.0000,3842.8000,3843.0000,3843.2000,3843.6000,3843.8000,1,2,2,1,1,1,1,2,1,2
SF,IF2001,2019-12-02 09:34:56.100,3843.2000,3942,0,235153020.000,0,-,-,-,-,3841.6000,3841.4000,3840.8000,3840.6000,3840.4000,3842.8000,3843.0000,3843.2000,3843.6000,3843.8000,1,1,2,2,1,1,1,2,1,2
SF,IF2001,2019-12-02 09:35:00.100,3842.8000,3942,0,236305860.000,1,0,1,多换,S,3842.8000,3841.6000,3841.4000,3840.8000,3840.6000,3843.0000,3843.2000,3843.6000,3843.8000,3844.0000,1,1,1,2,2,1,2,1,2,3
SF,IF2001,2019-12-02 09:35:00.600,3843.0000,3941,-1,237458760.000,1,0,1,双平,S,3841.6000,3841.4000,3840.8000,3840.6000,3840.4000,3843.2000,3843.8000,3844.0000,3844.8000,3846.0000,1,1,2,2,1,1,2,3,1,4
SF,IF2001,2019-12-02 09:35:01.100,3843.2000,3941,0,238611720.000,1,0,1,多换,S,3843.0000,3842.2000,3842.0000,3841.8000,3841.6000,3843.8000,3844.0000,3844.8000,3846.0000,3846.2000,1,1,1,3,1,2,3,1,4,1
SF,IF2001,2019-12-02 09:35:01.600,3843.8000,3941,0,239764860.000,1,0,1,多换,S,3843.0000,3842.2000,3842.0000,3841.8000,3841.6000,3843.8000,3844.0000,3844.8000,3846.0000,3846.2000,1,1,1,3,1,1,3,1,4,1
SF,IF2001,2019-12-02 09:35:02.100,3843.8000,3941,0,239764860.000,0,-,-,-,-,3843.0000,3842.2000,3842.0000,3841.8000,3841.6000,3843.8000,3844.0000,3844.8000,3846.0000,3846.2000,1,1,1,3,1,1,2,1,4,1
SF,IF2001,2019-12-02 09:35:02.600,3843.8000,3941,0,239764860.000,0,-,-,-,-,3843.0000,3842.2000,3842.0000,3841.8000,3841.4000,3843.8000,3844.0000,3844.8000,3846.0000,3846.2000,1,1,1,3,1,1,2,1,4,1
SF,IF2001,2019-12-02 09:35:03.100,3843.8000,3941,0,239764860.000,0,-,-,-,-,3843.2000,3843.0000,3842.2000,3841.8000,3841.4000,3843.8000,3844.0000,3844.8000,3846.0000,3846.2000,2,1,1,3,1,1,2,1,4,1
SF,IF2001,2019-12-02 09:35:03.600,3844.0000,3942,1,242071200.000,2,1,1,空开,S,3843.2000,3842.2000,3841.8000,3841.4000,3840.8000,3844.0000,3844.8000,3846.0000,3846.2000,3847.8000,2,1,3,1,2,1,1,4,1,1
SF,IF2001,2019-12-02 09:35:04.100,3844.0000,3942,0,243224400.000,1,0,1,多换,S,3844.0000,3843.4000,3843.2000,3842.2000,3841.8000,3844.8000,3846.0000,3846.2000,3847.8000,3849.6000,1,1,2,1,2,1,4,1,1,4
SF,IF2001,2019-12-02 09:35:04.600,3844.0000,3942,0,243224400.000,0,-,-,-,-,3844.0000,3843.4000,3843.2000,3842.2000,3841.8000,3846.0000,3846.2000,3847.8000,3849.6000,3850.0000,2,1,2,1,2,4,1,1,4,3
SF,IF2001,2019-12-02 09:35:05.100,3844.0000,3942,0,243224400.000,0,-,-,-,-,3844.0000,3843.4000,3843.2000,3842.2000,3841.8000,3845.8000,3846.0000,3846.2000,3847.8000,3849.6000,1,1,2,1,2,3,4,1,1,4
SF,IF2001,2019-12-02 09:35:05.600,3844.0000,3942,0,243224400.000,0,-,-,-,-,3844.2000,3844.0000,3843.8000,3842.2000,3841.8000,3845.8000,3846.0000,3846.2000,3847.8000,3849.6000,2,1,1,1,2,3,4,1,1,4
SF,IF2001,2019-12-02 09:35:06.100,3844.0000,3942,0,243224400.000,0,-,-,-,-,3844.4000,3844.2000,3844.0000,3843.8000,3842.2000,3845.8000,3846.0000,3846.2000,3847.8000,3849.6000,1,2,1,1,1,2,4,1,1,4
SF,IF2001,2019-12-02 09:35:06.600,3844.4000,3938,-4,247837500.000,4,0,4,双平,S,3842.2000,3841.8000,3841.4000,3840.8000,3840.6000,3845.0000,3845.4000,3845.6000,3845.8000,3846.0000,1,2,1,2,2,1,1,2,2,4
SF,IF2001,2019-12-02 09:35:07.100,3844.4000,3938,0,247837500.000,0,-,-,-,-,3844.0000,3843.2000,3842.8000,3842.4000,3842.2000,3845.6000,3845.8000,3846.0000,3846.2000,3847.8000,1,1,1,4,1,1,1,4,1,1
SF,IF2001,2019-12-02 09:35:07.600,3845.4000,3938,0,248991120.000,1,0,1,多换,S,3843.2000,3842.8000,3842.4000,3842.2000,3842.0000,3845.4000,3845.6000,3845.8000,3846.0000,3846.2000,2,1,3,1,1,1,1,1,4,1
SF,IF2001,2019-12-02 09:35:08.100,3845.4000,3938,0,248991120.000,0,-,-,-,-,3843.4000,3843.2000,3842.4000,3842.2000,3842.0000,3845.2000,3845.4000,3845.6000,3845.8000,3846.0000,1,1,2,1,1,2,2,1,1,4
SF,IF2001,2019-12-02 09:35:08.600,3845.4000,3938,0,248991120.000,0,-,-,-,-,3843.4000,3842.4000,3842.2000,3841.8000,3841.4000,3845.0000,3845.2000,3845.4000,3845.8000,3846.0000,1,1,1,1,1,2,2,2,1,4
SF,IF2001,2019-12-02 09:35:09.100,3845.4000,3938,0,248991120.000,0,-,-,-,-,3843.4000,3842.4000,3842.2000,3841.8000,3841.4000,3844.8000,3845.0000,3845.2000,3845.4000,3845.8000,1,1,1,1,1,1,3,1,2,1
SF,IF2001,2019-12-02 09:35:09.600,3845.4000,3938,0,248991120.000,0,-,-,-,-,3843.4000,3842.4000,3842.2000,3841.8000,3841.4000,3844.8000,3845.0000,3845.2000,3845.4000,3845.8000,1,1,1,1,1,1,3,1,1,1
SF,IF2001,2019-12-02 09:35:10.100,3845.4000,3938,0,248991120.000,0,-,-,-,-,3843.4000,3843.2000,3842.4000,3842.2000,3841.8000,3845.0000,3845.2000,3845.4000,3845.8000,3846.0000,1,1,1,1,1,1,1,1,1,4
SF,IF2001,2019-12-02 09:35:11.100,3845.4000,3938,0,248991120.000,0,-,-,-,-,3843.4000,3843.2000,3842.4000,3842.2000,3841.8000,3845.2000,3845.4000,3845.8000,3846.0000,3846.2000,1,1,1,1,1,1,1,1,4,1
SF,IF2001,2019-12-02 09:35:11.600,3845.4000,3938,0,248991120.000,0,-,-,-,-,3843.4000,3843.2000,3842.4000,3842.2000,3841.8000,3844.8000,3845.0000,3845.2000,3845.4000,3845.8000,1,1,1,1,1,3,1,1,2,1
SF,IF2001,2019-12-02 09:35:12.100,3845.4000,3938,0,248991120.000,0,-,-,-,-,3843.4000,3843.2000,3842.4000,3842.2000,3841.8000,3844.8000,3845.0000,3845.2000,3845.4000,3845.8000,1,1,1,1,1,4,1,1,1,1
SF,IF2001,2019-12-02 09:35:12.600,3843.4000,3937,-1,250144140.000,1,0,1,双平,S,3842.2000,3842.0000,3841.8000,3841.4000,3840.8000,3844.6000,3844.8000,3845.0000,3845.2000,3845.4000,1,1,1,1,2,1,4,1,1,1
SF,IF2001,2019-12-02 09:35:13.100,3842.2000,3936,-1,251296800.000,1,0,1,双平,S,3842.4000,3842.0000,3841.8000,3841.4000,3840.8000,3843.4000,3844.4000,3844.6000,3844.8000,3845.2000,1,1,1,1,2,1,4,1,3,1
SF,IF2001,2019-12-02 09:35:13.600,3842.4000,3936,0,252449520.000,1,0,1,多换,S,3842.0000,3841.4000,3840.8000,3840.4000,3837.0000,3843.4000,3844.4000,3844.8000,3845.2000,3845.8000,1,1,2,1,1,2,7,3,1,1
SF,IF2001,2019-12-02 09:35:14.100,3842.4000,3936,0,252449520.000,0,-,-,-,-,3842.0000,3841.4000,3840.8000,3840.4000,3837.0000,3843.4000,3844.4000,3844.8000,3845.2000,3845.8000,1,1,2,1,1,2,5,3,1,1
SF,IF2001,2019-12-02 09:35:15.100,3843.4000,3937,1,253602540.000,1,1,0,双开,S,3842.0000,3841.4000,3840.8000,3840.4000,3837.0000,3844.4000,3844.8000,3845.2000,3845.8000,3846.0000,1,1,2,1,1,4,3,1,1,4
SF,IF2001,2019-12-02 09:35:15.600,3843.4000,3937,0,253602540.000,0,-,-,-,-,3842.2000,3842.0000,3841.4000,3840.8000,3840.4000,3844.4000,3844.8000,3845.2000,3845.8000,3846.0000,1,1,1,2,1,3,2,1,1,4
SF,IF2001,2019-12-02 09:35:16.100,3843.4000,3937,0,253602540.000,0,-,-,-,-,3842.2000,3842.0000,3841.4000,3840.8000,3840.4000,3844.2000,3844.4000,3844.8000,3845.2000,3845.8000,1,1,1,2,1,1,2,2,1,1
SF,IF2001,2019-12-02 09:35:16.600,3843.4000,3937,0,253602540.000,0,-,-,-,-,3842.4000,3842.2000,3842.0000,3841.4000,3840.8000,3844.0000,3844.2000,3844.8000,3845.2000,3845.8000,1,2,1,1,2,1,1,2,1,1
SF,IF2001,2019-12-02 09:35:17.100,3843.4000,3937,0,253602540.000,0,-,-,-,-,3842.2000,3842.0000,3841.4000,3840.8000,3840.4000,3844.0000,3844.2000,3844.8000,3845.2000,3845.8000,2,1,1,2,1,1,1,2,1,1
SF,IF2001,2019-12-02 09:35:17.600,3843.4000,3937,0,253602540.000,0,-,-,-,-,3842.6000,3842.2000,3842.0000,3841.4000,3840.8000,3844.0000,3844.2000,3844.8000,3845.2000,3845.8000,1,2,1,1,2,1,1,2,1,1
SF,IF2001,2019-12-02 09:35:18.600,3844.0000,3936,-1,254755740.000,1,0,1,双平,S,3842.6000,3842.2000,3842.0000,3841.4000,3840.8000,3844.2000,3844.8000,3845.0000,3845.2000,3845.8000,1,2,1,1,2,1,2,1,1,1
SF,IF2001,2019-12-02 09:35:19.100,3844.0000,3936,0,254755740.000,0,-,-,-,-,3842.6000,3842.2000,3842.0000,3841.4000,3840.8000,3844.0000,3844.8000,3845.0000,3845.2000,3845.8000,1,2,1,1,2,1,2,1,1,1
SF,IF2001,2019-12-02 09:35:19.600,3844.0000,3936,0,254755740.000,0,-,-,-,-,3842.2000,3842.0000,3841.4000,3840.8000,3840.4000,3844.0000,3844.8000,3845.0000,3845.2000,3845.8000,2,1,1,2,1,1,2,1,1,1
SF,IF2001,2019-12-02 09:35:20.600,3844.0000,3936,0,254755740.000,0,-,-,-,-,3842.2000,3842.0000,3841.4000,3840.8000,3840.4000,3844.0000,3844.8000,3845.0000,3845.2000,3845.8000,2,1,1,2,1,1,2,3,1,1
SF,IF2001,2019-12-02 09:35:21.100,3844.0000,3936,0,254755740.000,0,-,-,-,-,3842.6000,3842.4000,3842.2000,3842.0000,3841.4000,3844.0000,3844.8000,3845.0000,3845.2000,3845.8000,1,2,2,1,1,1,2,3,1,1
SF,IF2001,2019-12-02 09:35:21.600,3844.0000,3936,0,254755740.000,0,-,-,-,-,3842.6000,3842.4000,3842.2000,3842.0000,3841.4000,3844.0000,3844.8000,3845.0000,3845.8000,3846.0000,1,2,2,1,1,1,2,3,1,4
SF,IF2001,2019-12-02 09:35:22.600,3844.0000,3936,0,254755740.000,0,-,-,-,-,3842.6000,3842.4000,3842.2000,3842.0000,3841.4000,3844.0000,3844.8000,3845.0000,3845.8000,3846.0000,1,1,2,1,1,1,2,3,1,4
SF,IF2001,2019-12-02 09:35:23.600,3844.0000,3936,0,254755740.000,0,-,-,-,-,3842.8000,3842.6000,3842.4000,3842.2000,3842.0000,3844.0000,3844.8000,3845.0000,3845.8000,3846.0000,1,1,1,2,1,1,2,3,1,4
SF,IF2001,2019-12-02 09:35:24.100,3844.0000,3936,0,254755740.000,0,-,-,-,-,3842.8000,3842.2000,3842.0000,3841.4000,3840.8000,3844.0000,3844.8000,3845.0000,3845.8000,3846.0000,1,2,1,1,2,1,2,3,1,4
SF,IF2001,2019-12-02 09:35:25.600,3844.0000,3936,0,254755740.000,0,-,-,-,-,3842.8000,3842.2000,3842.0000,3841.4000,3840.8000,3844.0000,3844.8000,3845.0000,3845.8000,3846.0000,1,2,1,1,2,2,2,1,1,4
SF,IF2001,2019-12-02 09:35:26.600,3844.0000,3936,0,254755740.000,0,-,-,-,-,3842.8000,3842.2000,3842.0000,3841.4000,3840.8000,3844.0000,3844.8000,3845.0000,3845.8000,3846.0000,1,2,1,1,2,2,4,1,1,4
SF,IF2001,2019-12-02 09:35:29.600,3844.0000,3936,0,254755740.000,0,-,-,-,-,3842.8000,3842.2000,3842.0000,3841.4000,3840.8000,3844.0000,3844.8000,3845.0000,3845.6000,3845.8000,1,1,1,1,2,2,4,1,1,1
SF,IF2001,2019-12-02 09:35:30.100,3844.0000,3936,0,254755740.000,0,-,-,-,-,3842.8000,3842.2000,3842.0000,3841.4000,3840.8000,3843.8000,3844.0000,3844.8000,3845.0000,3845.6000,1,1,1,1,2,1,2,4,1,1
SF,IF2001,2019-12-02 09:35:30.600,3842.8000,3936,0,255908580.000,1,0,1,多换,S,3842.2000,3842.0000,3841.4000,3840.8000,3840.4000,3843.8000,3844.0000,3844.8000,3845.0000,3845.6000,1,1,1,2,1,2,1,2,1,1
SF,IF2001,2019-12-02 09:35:31.100,3842.8000,3936,0,255908580.000,0,-,-,-,-,3842.2000,3842.0000,3841.4000,3840.8000,3840.4000,3843.6000,3843.8000,3844.0000,3844.8000,3845.0000,1,1,1,2,1,1,3,1,2,1
SF,IF2001,2019-12-02 09:35:31.600,3842.8000,3936,0,255908580.000,0,-,-,-,-,3842.2000,3842.0000,3841.4000,3840.8000,3840.4000,3843.4000,3843.6000,3843.8000,3844.0000,3844.8000,1,1,1,2,1,1,3,3,1,1
SF,IF2001,2019-12-02 09:35:32.100,3842.8000,3936,0,255908580.000,0,-,-,-,-,3842.2000,3842.0000,3841.4000,3840.8000,3840.4000,3843.6000,3843.8000,3844.0000,3844.8000,3845.0000,1,1,1,2,1,1,3,1,1,1
SF,IF2001,2019-12-02 09:35:32.600,3842.8000,3936,0,255908580.000,0,-,-,-,-,3842.2000,3842.0000,3841.4000,3840.8000,3840.4000,3843.6000,3843.8000,3844.0000,3844.2000,3844.8000,1,1,1,2,1,1,3,1,2,1
SF,IF2001,2019-12-02 09:35:33.100,3842.8000,3936,0,255908580.000,0,-,-,-,-,3842.2000,3842.0000,3841.4000,3840.8000,3840.4000,3843.6000,3843.8000,3844.0000,3844.2000,3844.8000,1,2,1,2,1,1,1,1,2,1
SF,IF2001,2019-12-02 09:35:33.600,3842.8000,3936,0,255908580.000,0,-,-,-,-,3842.2000,3842.0000,3841.4000,3840.8000,3840.4000,3843.8000,3844.0000,3844.2000,3844.8000,3845.0000,1,2,1,2,1,1,1,2,1,1
SF,IF2001,2019-12-02 09:35:34.100,3842.8000,3936,0,255908580.000,0,-,-,-,-,3842.2000,3842.0000,3841.4000,3840.8000,3840.4000,3843.8000,3844.0000,3844.2000,3844.8000,3845.0000,1,2,1,2,1,1,1,2,1,3
SF,IF2001,2019-12-02 09:35:35.600,3842.8000,3936,0,255908580.000,0,-,-,-,-,3842.4000,3842.2000,3842.0000,3841.4000,3840.8000,3843.8000,3844.0000,3844.8000,3845.0000,3845.8000,1,2,2,1,2,1,1,3,3,1
SF,IF2001,2019-12-02 09:35:36.100,3842.8000,3936,0,255908580.000,0,-,-,-,-,3842.2000,3842.0000,3841.4000,3840.8000,3840.4000,3843.8000,3844.0000,3844.8000,3845.0000,3845.8000,2,2,1,2,1,1,1,3,3,1
SF,IF2001,2019-12-02 09:35:37.600,3842.8000,3936,0,255908580.000,0,-,-,-,-,3842.2000,3842.0000,3841.4000,3840.8000,3840.4000,3843.8000,3844.0000,3844.8000,3845.0000,3845.8000,2,2,1,2,1,1,3,3,3,1
SF,IF2001,2019-12-02 09:35:38.100,3842.8000,3936,0,255908580.000,0,-,-,-,-,3842.4000,3842.2000,3842.0000,3841.4000,3840.8000,3843.8000,3844.0000,3844.8000,3845.0000,3845.8000,1,2,2,1,2,1,3,3,3,1
SF,IF2001,2019-12-02 09:35:38.600,3842.8000,3936,0,255908580.000,0,-,-,-,-,3842.6000,3842.4000,3842.2000,3842.0000,3841.4000,3843.8000,3844.0000,3844.8000,3845.0000,3845.8000,2,2,2,2,1,1,3,3,3,1
SF,IF2001,2019-12-02 09:35:39.100,3842.8000,3936,0,255908580.000,0,-,-,-,-,3842.6000,3842.4000,3842.2000,3842.0000,3841.4000,3843.8000,3844.0000,3844.8000,3845.0000,3845.8000,1,2,2,2,1,1,2,3,3,1
SF,IF2001,2019-12-02 09:35:40.600,3842.8000,3936,0,255908580.000,0,-,-,-,-,3842.6000,3842.4000,3842.2000,3842.0000,3841.4000,3843.8000,3844.0000,3844.8000,3845.0000,3845.8000,1,1,2,2,1,1,2,3,3,1
SF,IF2001,2019-12-02 09:35:41.100,3842.8000,3936,0,255908580.000,0,-,-,-,-,3842.6000,3842.4000,3842.2000,3842.0000,3841.4000,3843.6000,3843.8000,3844.0000,3844.8000,3845.0000,1,1,2,2,1,2,1,2,3,3
SF,IF2001,2019-12-02 09:35:42.100,3842.8000,3936,0,255908580.000,0,-,-,-,-,3843.0000,3842.6000,3842.4000,3842.2000,3842.0000,3843.6000,3843.8000,3844.0000,3844.8000,3845.0000,1,1,1,2,2,2,1,2,3,3
SF,IF2001,2019-12-02 09:35:43.100,3843.6000,3936,0,257061660.000,1,0,1,多换,S,3843.0000,3842.6000,3842.4000,3842.2000,3842.0000,3843.6000,3843.8000,3844.0000,3844.8000,3845.0000,1,1,1,2,2,1,1,2,3,3
