市场代码,合约代码,时间,最新,持仓,增仓,成交额,成交量,开仓,平仓,成交类型,方向,买一价,买二价,买三价,买四价,买五价,卖一价,卖二价,卖三价,卖四价,卖五价,买一量,买二量,买三量,买四量,买五量,卖一量,卖二量,卖三量,卖四量,卖五量
SF,IF2005,2020-04-13 09:29:00.100,3735.0000,10359,0,8964000.000,8.000,-,-,-,-,3734.2000,3731.8000,3731.4000,3730.0000,3725.8000,3735.0000,3743.2000,3745.0000,3746.2000,3747.2000,1,1,1,1,1,2,1,1,1,1
SF,IF2005,2020-04-13 09:30:00.100,3732.6000,10359,0,20157540.000,10,5,5,多换,S,3725.6000,3722.0000,3721.0000,3720.8000,3720.2000,3732.0000,3732.2000,3732.6000,3732.8000,3733.2000,1,1,1,2,1,1,3,1,1,2
SF,IF2005,2020-04-13 09:30:00.600,3732.6000,10361,2,23516880.000,3,2,1,空开,S,3726.2000,3726.0000,3725.8000,3725.6000,3722.0000,3730.6000,3731.0000,3731.2000,3731.6000,3731.8000,1,4,10,1,1,1,1,2,2,9
SF,IF2005,2020-04-13 09:30:01.100,3732.6000,10361,0,23516880.000,0,-,-,-,-,3726.8000,3726.4000,3725.6000,3722.0000,3721.0000,3730.2000,3730.4000,3730.6000,3731.0000,3731.2000,1,1,1,1,1,3,5,2,1,3
SF,IF2005,2020-04-13 09:30:01.600,3732.6000,10361,0,23516880.000,0,-,-,-,-,3727.0000,3726.8000,3725.6000,3722.0000,3721.0000,3729.2000,3729.4000,3729.6000,3730.0000,3730.2000,1,1,1,1,1,1,2,1,6,4
SF,IF2005,2020-04-13 09:30:02.100,3732.6000,10361,0,23516880.000,0,-,-,-,-,3727.6000,3727.0000,3725.6000,3722.0000,3721.0000,3728.8000,3729.0000,3729.2000,3729.4000,3729.6000,1,1,1,1,1,1,6,2,2,1
SF,IF2005,2020-04-13 09:30:02.600,3732.6000,10359,-2,25756440.000,2,0,2,双平,S,3727.8000,3727.6000,3727.2000,3725.6000,3722.0000,3730.2000,3730.4000,3730.6000,3731.0000,3731.2000,2,1,3,1,1,2,1,2,1,3
SF,IF2005,2020-04-13 09:30:03.100,3732.6000,10359,0,25756440.000,0,-,-,-,-,3728.4000,3727.8000,3725.6000,3722.0000,3721.0000,3729.4000,3729.6000,3729.8000,3730.0000,3730.2000,1,2,1,1,1,1,3,1,10,2
SF,IF2005,2020-04-13 09:30:03.600,3729.0000,10358,-1,31349040.000,5,2,3,多平,S,3725.6000,3722.0000,3721.0000,3720.8000,3720.2000,3729.0000,3729.2000,3729.4000,3729.6000,3729.8000,1,1,1,2,1,2,4,2,3,1
SF,IF2005,2020-04-13 09:30:04.100,3729.0000,10357,-1,32467740.000,1,0,1,双平,S,3725.8000,3725.6000,3722.0000,3721.0000,3720.8000,3728.8000,3729.0000,3729.4000,3729.6000,3729.8000,4,2,1,1,2,2,1,2,3,1
SF,IF2005,2020-04-13 09:30:04.600,3729.0000,10356,-1,33586440.000,1,0,1,双平,S,3729.0000,3727.4000,3727.0000,3726.2000,3726.0000,3730.2000,3730.6000,3731.0000,3731.2000,3731.4000,1,2,1,2,4,1,2,1,3,2
SF,IF2005,2020-04-13 09:30:05.100,3729.0000,10356,0,33586440.000,0,-,-,-,-,3729.2000,3728.8000,3728.2000,3726.8000,3726.2000,3730.2000,3731.2000,3731.4000,3732.0000,3732.2000,1,1,1,2,3,1,1,2,2,1
SF,IF2005,2020-04-13 09:30:05.600,3729.2000,10355,-1,34705200.000,1,0,1,双平,S,3729.4000,3728.8000,3728.2000,3726.8000,3726.2000,3731.4000,3732.6000,3732.8000,3733.8000,3734.0000,1,1,1,1,2,2,1,8,2,1
SF,IF2005,2020-04-13 09:30:06.100,3729.8000,10349,-6,42537120.000,7,0,7,多平,S,3728.8000,3726.2000,3726.0000,3725.8000,3725.6000,3729.8000,3730.0000,3730.2000,3730.4000,3730.6000,4,1,2,6,1,1,4,1,1,1
SF,IF2005,2020-04-13 09:30:06.600,3728.8000,10349,0,43655760.000,1,0,1,多换,S,3728.8000,3726.2000,3726.0000,3725.8000,3725.6000,3730.0000,3730.2000,3730.6000,3731.0000,3731.2000,4,1,2,6,1,2,1,1,2,7
SF,IF2005,2020-04-13 09:30:07.100,3730.0000,10348,-1,45893400.000,2,0,2,多平,S,3728.8000,3726.0000,3725.8000,3725.6000,3722.0000,3730.0000,3730.2000,3730.6000,3731.0000,3731.2000,3,2,5,1,1,1,1,1,1,5
SF,IF2005,2020-04-13 09:30:07.600,3730.0000,10348,0,45893400.000,0,-,-,-,-,3728.8000,3726.0000,3725.8000,3725.6000,3722.0000,3730.0000,3730.2000,3730.6000,3731.0000,3731.2000,3,2,5,1,1,3,1,1,1,5
SF,IF2005,2020-04-13 09:30:08.100,3728.8000,10348,0,49249320.000,3,1,2,多换,S,3726.0000,3725.8000,3725.6000,3722.0000,3721.8000,3728.8000,3730.0000,3730.2000,3730.6000,3730.8000,2,5,1,1,4,4,2,1,1,1
SF,IF2005,2020-04-13 09:30:08.600,3728.8000,10348,0,49249320.000,0,-,-,-,-,3726.8000,3726.4000,3726.2000,3726.0000,3725.8000,3728.8000,3730.0000,3730.2000,3730.6000,3730.8000,1,2,11,2,2,4,2,1,1,1
SF,IF2005,2020-04-13 09:30:09.100,3730.0000,10343,-5,54842880.000,5,0,5,双平,S,3727.8000,3727.2000,3727.0000,3726.8000,3726.4000,3730.2000,3730.6000,3730.8000,3731.0000,3731.2000,2,1,4,2,3,1,1,1,1,5
SF,IF2005,2020-04-13 09:30:09.600,3730.0000,10343,0,54842880.000,0,-,-,-,-,3728.0000,3727.0000,3726.8000,3726.4000,3726.2000,3728.8000,3730.0000,3730.2000,3730.6000,3730.8000,2,1,2,1,8,1,1,1,1,1
SF,IF2005,2020-04-13 09:30:10.100,3728.8000,10342,-1,57079980.000,2,0,2,多平,S,3728.0000,3727.0000,3726.8000,3726.4000,3726.2000,3730.2000,3730.6000,3730.8000,3731.2000,3731.4000,2,1,2,1,8,1,1,1,4,1
SF,IF2005,2020-04-13 09:30:10.600,3728.8000,10342,0,57079980.000,0,-,-,-,-,3729.0000,3728.8000,3728.4000,3728.2000,3728.0000,3730.0000,3730.8000,3731.4000,3732.6000,3734.0000,1,1,2,5,2,1,1,1,3,1
SF,IF2005,2020-04-13 09:30:11.100,3729.8000,10342,0,58198920.000,1,0,1,多换,S,3730.0000,3729.6000,3728.8000,3728.4000,3728.2000,3730.8000,3731.4000,3732.6000,3734.0000,3734.2000,1,1,1,1,1,1,1,3,1,6
SF,IF2005,2020-04-13 09:30:11.600,3730.0000,10342,0,59317920.000,1,0,1,多换,S,3729.6000,3729.0000,3728.8000,3728.4000,3728.0000,3730.0000,3730.8000,3731.4000,3732.6000,3734.0000,1,1,1,1,2,1,2,1,3,1
SF,IF2005,2020-04-13 09:30:12.100,3729.0000,10340,-2,63793500.000,4,1,3,多平,S,3728.4000,3728.0000,3727.0000,3726.8000,3726.4000,3730.8000,3731.4000,3732.6000,3734.0000,3734.2000,1,2,1,1,1,1,1,3,1,6
SF,IF2005,2020-04-13 09:30:12.600,3729.0000,10340,0,63793500.000,0,-,-,-,-,3728.4000,3728.0000,3727.0000,3726.8000,3726.4000,3730.6000,3730.8000,3731.4000,3732.6000,3734.0000,1,2,1,1,1,1,1,1,3,1
SF,IF2005,2020-04-13 09:30:13.100,3729.0000,10340,0,63793500.000,0,-,-,-,-,3728.6000,3728.4000,3728.0000,3727.2000,3727.0000,3730.0000,3730.6000,3730.8000,3731.4000,3732.6000,1,2,2,1,1,1,1,2,1,3
SF,IF2005,2020-04-13 09:30:13.600,3730.0000,10339,-1,64912500.000,1,0,1,双平,S,3728.6000,3728.4000,3727.6000,3727.2000,3727.0000,3730.6000,3730.8000,3731.4000,3732.6000,3733.2000,3,2,2,1,1,2,2,1,3,1
SF,IF2005,2020-04-13 09:30:14.100,3730.0000,10339,0,64912500.000,0,-,-,-,-,3728.6000,3728.4000,3727.6000,3727.2000,3727.0000,3730.6000,3730.8000,3731.4000,3732.6000,3733.2000,3,2,2,1,1,1,2,1,3,1
SF,IF2005,2020-04-13 09:30:14.600,3730.0000,10339,0,64912500.000,0,-,-,-,-,3728.6000,3728.4000,3727.6000,3727.2000,3727.0000,3730.8000,3731.4000,3732.6000,3733.2000,3734.0000,3,2,2,1,1,2,1,3,1,1
SF,IF2005,2020-04-13 09:30:15.100,3730.0000,10339,0,64912500.000,0,-,-,-,-,3729.0000,3728.8000,3728.6000,3728.4000,3727.6000,3730.8000,3731.4000,3732.6000,3733.2000,3734.0000,2,4,4,2,2,1,1,3,1,1
SF,IF2005,2020-04-13 09:30:15.600,3730.8000,10339,0,66031740.000,1,0,1,多换,S,3730.2000,3729.4000,3729.2000,3729.0000,3728.8000,3732.6000,3733.2000,3734.0000,3734.2000,3734.8000,1,1,2,3,4,3,1,1,6,8
SF,IF2005,2020-04-13 09:30:16.100,3730.8000,10339,0,66031740.000,0,-,-,-,-,3730.4000,3730.2000,3729.4000,3729.2000,3729.0000,3732.6000,3734.0000,3734.2000,3734.8000,3735.0000,4,1,2,5,3,1,1,6,8,6
SF,IF2005,2020-04-13 09:30:16.600,3730.8000,10339,0,66031740.000,0,-,-,-,-,3730.4000,3730.2000,3729.4000,3729.2000,3729.0000,3732.0000,3732.2000,3732.4000,3732.6000,3734.0000,1,1,2,1,3,1,1,7,1,1
SF,IF2005,2020-04-13 09:30:17.100,3730.8000,10339,0,66031740.000,0,-,-,-,-,3730.4000,3730.2000,3729.4000,3729.2000,3729.0000,3732.2000,3732.4000,3732.6000,3734.0000,3734.2000,1,1,1,1,3,1,3,1,1,6
SF,IF2005,2020-04-13 09:30:17.600,3730.4000,10338,-1,67150860.000,1,0,1,双平,S,3730.2000,3729.4000,3729.2000,3729.0000,3728.8000,3731.8000,3732.2000,3732.4000,3732.6000,3734.0000,1,1,1,3,3,1,1,2,1,1
SF,IF2005,2020-04-13 09:30:18.100,3730.4000,10338,0,67150860.000,0,-,-,-,-,3730.2000,3729.4000,3729.2000,3729.0000,3728.8000,3731.8000,3732.2000,3732.4000,3732.6000,3734.0000,1,1,1,1,3,1,1,2,1,1
SF,IF2005,2020-04-13 09:30:18.600,3730.4000,10338,0,67150860.000,0,-,-,-,-,3730.6000,3730.4000,3730.2000,3729.4000,3729.2000,3731.8000,3732.2000,3732.6000,3734.0000,3734.2000,1,1,1,1,1,1,1,1,1,6
SF,IF2005,2020-04-13 09:30:19.100,3730.4000,10338,0,67150860.000,0,-,-,-,-,3730.4000,3730.2000,3729.4000,3729.2000,3729.0000,3731.8000,3732.2000,3732.6000,3734.0000,3734.2000,1,1,1,1,1,1,1,1,1,6
SF,IF2005,2020-04-13 09:30:19.600,3730.2000,10337,-1,68269920.000,1,0,1,双平,S,3729.4000,3729.2000,3729.0000,3728.8000,3728.4000,3730.0000,3731.8000,3732.2000,3732.6000,3734.0000,1,1,1,3,1,2,1,1,1,1
SF,IF2005,2020-04-13 09:30:20.100,3729.2000,10336,-1,69388680.000,1,0,1,双平,S,3729.0000,3728.8000,3728.4000,3726.4000,3726.2000,3730.0000,3730.2000,3731.4000,3731.6000,3731.8000,1,1,1,1,5,2,5,1,3,1
SF,IF2005,2020-04-13 09:30:20.600,3729.0000,10335,-1,70507380.000,1,0,1,双平,S,3728.4000,3726.4000,3726.2000,3726.0000,3725.8000,3730.0000,3730.2000,3731.4000,3731.6000,3731.8000,1,1,5,1,1,2,5,1,3,1
SF,IF2005,2020-04-13 09:30:21.100,3729.0000,10335,0,70507380.000,0,-,-,-,-,3728.6000,3728.4000,3726.4000,3726.2000,3726.0000,3730.0000,3730.2000,3731.4000,3731.6000,3731.8000,1,1,1,5,1,2,5,1,3,1
SF,IF2005,2020-04-13 09:30:21.600,3729.0000,10335,0,70507380.000,0,-,-,-,-,3728.8000,3728.6000,3728.4000,3726.4000,3726.2000,3730.0000,3730.2000,3731.4000,3731.6000,3731.8000,1,1,1,1,5,2,5,1,3,1
SF,IF2005,2020-04-13 09:30:22.100,3728.8000,10334,-1,71626020.000,1,0,1,双平,S,3728.6000,3728.4000,3726.4000,3726.2000,3726.0000,3729.8000,3730.0000,3730.2000,3731.4000,3731.6000,1,1,1,5,1,1,2,5,1,3
SF,IF2005,2020-04-13 09:30:22.600,3728.6000,10333,-1,72744600.000,1,0,1,双平,S,3728.4000,3726.4000,3726.2000,3726.0000,3725.8000,3729.8000,3730.0000,3730.2000,3731.4000,3731.6000,1,1,5,1,1,1,2,5,1,3
SF,IF2005,2020-04-13 09:30:23.100,3728.4000,10333,0,73863120.000,1,0,1,多换,S,3726.4000,3726.2000,3726.0000,3725.8000,3725.6000,3729.8000,3730.0000,3730.2000,3731.4000,3731.6000,1,3,1,1,1,1,2,5,1,3
SF,IF2005,2020-04-13 09:30:23.600,3728.4000,10333,0,73863120.000,0,-,-,-,-,3727.0000,3726.8000,3726.6000,3726.4000,3726.2000,3729.6000,3729.8000,3730.0000,3730.2000,3730.4000,2,3,8,1,2,1,1,2,5,1
SF,IF2005,2020-04-13 09:30:24.100,3729.4000,10333,0,74981940.000,1,0,1,多换,S,3727.4000,3727.2000,3727.0000,3726.8000,3726.6000,3729.6000,3730.0000,3730.2000,3730.4000,3731.4000,1,1,2,4,5,1,2,5,1,1
SF,IF2005,2020-04-13 09:30:24.600,3729.4000,10333,0,74981940.000,0,-,-,-,-,3727.6000,3727.4000,3727.0000,3726.8000,3726.6000,3729.6000,3730.0000,3730.2000,3730.4000,3731.4000,1,1,2,1,3,1,2,5,1,1
SF,IF2005,2020-04-13 09:30:25.100,3729.4000,10333,0,74981940.000,0,-,-,-,-,3727.6000,3727.4000,3727.0000,3726.8000,3726.6000,3729.2000,3729.4000,3729.6000,3730.0000,3730.2000,1,1,2,1,3,1,1,1,2,5
SF,IF2005,2020-04-13 09:30:26.100,3727.6000,10332,-1,76100220.000,1,0,1,双平,S,3727.0000,3726.8000,3726.2000,3726.0000,3725.8000,3729.0000,3729.2000,3729.4000,3729.6000,3730.0000,2,1,2,1,1,1,1,1,1,2
SF,IF2005,2020-04-13 09:30:26.600,3727.6000,10332,0,76100220.000,0,-,-,-,-,3727.2000,3727.0000,3726.8000,3726.2000,3726.0000,3728.8000,3729.0000,3729.2000,3729.4000,3730.0000,1,2,1,2,1,1,1,1,1,2
SF,IF2005,2020-04-13 09:30:27.100,3727.6000,10332,0,76100220.000,0,-,-,-,-,3727.0000,3726.2000,3726.0000,3725.8000,3725.6000,3728.6000,3728.8000,3729.0000,3729.2000,3729.4000,2,2,1,1,1,1,1,1,1,1
SF,IF2005,2020-04-13 09:30:28.600,3727.6000,10332,0,76100220.000,0,-,-,-,-,3727.0000,3726.2000,3726.0000,3725.8000,3725.6000,3727.4000,3728.6000,3728.8000,3729.0000,3729.2000,2,2,1,1,1,1,1,1,1,1
SF,IF2005,2020-04-13 09:30:29.100,3727.6000,10333,1,77218500.000,1,1,0,双开,S,3727.0000,3726.0000,3725.8000,3725.6000,3722.0000,3728.6000,3728.8000,3729.0000,3729.2000,3729.4000,2,1,1,1,1,1,1,1,1,1
SF,IF2005,2020-04-13 09:30:29.600,3728.4000,10332,-1,79455120.000,2,0,2,多平,S,3725.8000,3725.6000,3722.0000,3721.4000,3721.0000,3727.0000,3728.6000,3728.8000,3729.0000,3729.2000,1,1,1,4,1,1,1,1,1,1
SF,IF2005,2020-04-13 09:30:30.100,3727.0000,10332,0,80573220.000,1,0,1,多换,S,3726.2000,3725.8000,3725.6000,3722.0000,3721.4000,3728.6000,3728.8000,3729.0000,3729.4000,3730.2000,1,1,1,1,4,1,1,1,1,5
SF,IF2005,2020-04-13 09:30:30.600,3727.0000,10332,0,80573220.000,0,-,-,-,-,3725.6000,3722.0000,3721.4000,3721.0000,3720.0000,3726.2000,3727.6000,3728.4000,3728.6000,3729.0000,1,1,4,1,3,1,1,3,1,1
SF,IF2005,2020-04-13 09:30:31.100,3726.0000,10332,0,82808880.000,2,1,1,多换,S,3725.6000,3722.0000,3721.4000,3721.0000,3720.0000,3727.6000,3728.2000,3728.4000,3728.6000,3729.0000,1,1,4,1,3,1,1,3,1,1
SF,IF2005,2020-04-13 09:30:31.600,3726.0000,10332,0,82808880.000,0,-,-,-,-,3725.6000,3722.0000,3721.4000,3721.0000,3720.0000,3726.0000,3727.4000,3727.6000,3728.2000,3728.4000,1,1,4,1,3,1,1,1,1,2
SF,IF2005,2020-04-13 09:30:32.100,3725.8000,10332,0,85044420.000,2,1,1,多换,S,3725.6000,3722.0000,3721.4000,3721.0000,3720.0000,3727.4000,3727.6000,3728.2000,3728.4000,3728.6000,1,1,4,1,3,1,1,1,2,1
SF,IF2005,2020-04-13 09:30:32.600,3725.8000,10332,0,85044420.000,0,-,-,-,-,3725.6000,3722.0000,3721.4000,3721.0000,3720.0000,3727.2000,3727.4000,3727.6000,3728.2000,3728.4000,1,1,4,1,3,2,1,1,1,2
SF,IF2005,2020-04-13 09:30:33.100,3725.8000,10332,0,85044420.000,0,-,-,-,-,3725.8000,3725.6000,3722.0000,3721.4000,3721.0000,3727.2000,3727.6000,3728.2000,3728.4000,3730.2000,1,1,1,4,1,2,1,1,2,5
SF,IF2005,2020-04-13 09:30:33.600,3725.8000,10332,0,85044420.000,0,-,-,-,-,3726.2000,3725.8000,3725.6000,3722.0000,3721.4000,3727.2000,3727.6000,3728.2000,3728.4000,3730.2000,2,1,1,1,4,3,1,1,2,5
SF,IF2005,2020-04-13 09:30:34.100,3725.8000,10332,0,86162160.000,1,0,1,多换,S,3726.2000,3725.8000,3725.6000,3722.0000,3721.4000,3727.2000,3727.6000,3728.4000,3730.2000,3730.4000,1,1,1,1,4,3,1,2,5,1
SF,IF2005,2020-04-13 09:30:34.600,3725.8000,10332,0,86162160.000,0,-,-,-,-,3726.2000,3725.6000,3722.0000,3721.4000,3721.0000,3727.2000,3727.6000,3728.4000,3730.2000,3730.4000,1,1,1,4,1,3,1,2,5,1
SF,IF2005,2020-04-13 09:30:35.100,3725.8000,10332,0,86162160.000,0,-,-,-,-,3726.2000,3725.6000,3722.0000,3721.4000,3721.0000,3727.2000,3728.4000,3730.2000,3730.4000,3731.4000,1,1,1,4,1,3,2,5,1,1
SF,IF2005,2020-04-13 09:30:35.600,3725.8000,10332,0,86162160.000,0,-,-,-,-,3726.4000,3726.2000,3725.6000,3722.0000,3721.4000,3727.2000,3728.4000,3730.2000,3730.4000,3731.4000,1,1,1,1,4,3,2,5,1,1
SF,IF2005,2020-04-13 09:30:36.100,3725.8000,10332,0,86162160.000,0,-,-,-,-,3726.2000,3726.0000,3725.6000,3722.0000,3721.4000,3727.2000,3728.4000,3730.2000,3730.4000,3731.4000,1,1,1,1,4,3,2,5,1,1
SF,IF2005,2020-04-13 09:30:37.600,3727.2000,10334,2,88398480.000,2,2,0,双开,S,3726.2000,3726.0000,3725.6000,3722.0000,3721.4000,3727.2000,3728.4000,3730.2000,3730.4000,3731.4000,1,1,1,1,4,1,2,5,1,1
SF,IF2005,2020-04-13 09:30:38.600,3727.2000,10333,-1,89516640.000,1,0,1,双平,S,3726.2000,3726.0000,3725.6000,3722.0000,3721.4000,3728.4000,3730.2000,3730.4000,3731.4000,3731.6000,1,1,1,1,4,2,5,1,1,2
SF,IF2005,2020-04-13 09:30:39.100,3727.2000,10333,0,89516640.000,0,-,-,-,-,3726.2000,3726.0000,3725.6000,3722.0000,3721.4000,3728.2000,3728.4000,3730.2000,3730.4000,3731.4000,1,1,1,1,4,1,1,5,1,1
SF,IF2005,2020-04-13 09:30:39.600,3727.2000,10333,0,89516640.000,0,-,-,-,-,3726.2000,3726.0000,3725.6000,3722.0000,3721.4000,3728.2000,3728.4000,3730.2000,3730.4000,3731.4000,1,1,1,1,4,2,1,5,1,1
SF,IF2005,2020-04-13 09:30:40.100,3727.2000,10333,0,89516640.000,0,-,-,-,-,3726.2000,3726.0000,3725.6000,3722.0000,3721.4000,3728.0000,3728.2000,3728.4000,3730.2000,3730.4000,1,1,1,1,4,1,2,1,5,1
SF,IF2005,2020-04-13 09:30:41.100,3727.2000,10333,0,89516640.000,0,-,-,-,-,3726.2000,3726.0000,3725.6000,3722.0000,3721.4000,3727.8000,3728.0000,3728.2000,3730.2000,3730.4000,1,1,1,1,4,2,1,2,5,1
SF,IF2005,2020-04-13 09:30:42.100,3727.2000,10333,0,89516640.000,0,-,-,-,-,3726.2000,3726.0000,3725.6000,3722.0000,3721.4000,3727.8000,3728.0000,3728.2000,3730.2000,3730.4000,1,1,1,1,4,2,1,1,5,1
SF,IF2005,2020-04-13 09:30:42.600,3727.2000,10333,0,89516640.000,0,-,-,-,-,3726.2000,3726.0000,3725.6000,3722.0000,3721.4000,3727.8000,3728.0000,3730.2000,3730.4000,3731.4000,1,1,1,1,4,1,1,5,1,1
SF,IF2005,2020-04-13 09:30:43.100,3727.2000,10333,0,89516640.000,0,-,-,-,-,3726.2000,3726.0000,3725.6000,3722.0000,3721.4000,3727.8000,3728.0000,3730.2000,3730.4000,3731.4000,1,2,1,1,4,1,1,5,1,1
SF,IF2005,2020-04-13 09:30:43.600,3727.2000,10333,0,89516640.000,0,-,-,-,-,3726.2000,3726.0000,3725.6000,3722.0000,3721.4000,3727.8000,3728.0000,3730.2000,3730.4000,3731.4000,1,2,1,1,4,1,1,5,1,1
SF,IF2005,2020-04-13 09:30:44.100,3727.2000,10333,0,89516640.000,0,-,-,-,-,3726.2000,3726.0000,3725.6000,3722.0000,3721.4000,3728.0000,3730.2000,3730.4000,3731.4000,3731.6000,1,2,1,1,4,1,5,1,1,2
SF,IF2005,2020-04-13 09:30:45.100,3727.2000,10333,0,89516640.000,0,-,-,-,-,3726.2000,3726.0000,3725.6000,3722.0000,3721.4000,3728.0000,3730.2000,3730.4000,3731.4000,3731.6000,2,2,1,1,4,1,5,1,1,2
SF,IF2005,2020-04-13 09:30:45.600,3727.2000,10333,0,89516640.000,0,-,-,-,-,3726.4000,3726.2000,3726.0000,3725.6000,3722.0000,3728.0000,3730.2000,3730.4000,3731.4000,3731.6000,1,1,2,1,1,1,5,1,1,2
SF,IF2005,2020-04-13 09:30:46.600,3727.2000,10333,0,89516640.000,0,-,-,-,-,3726.6000,3726.4000,3726.2000,3726.0000,3725.6000,3728.0000,3730.2000,3730.4000,3731.4000,3731.6000,1,1,1,2,1,1,5,1,1,2
SF,IF2005,2020-04-13 09:30:48.100,3727.2000,10333,0,89516640.000,0,-,-,-,-,3726.6000,3726.4000,3726.2000,3726.0000,3725.6000,3728.0000,3730.2000,3730.4000,3731.4000,3731.6000,1,1,1,2,1,1,5,1,1,2
SF,IF2005,2020-04-13 09:30:48.600,3727.2000,10333,0,89516640.000,0,-,-,-,-,3726.6000,3726.4000,3726.2000,3726.0000,3725.6000,3728.0000,3730.2000,3730.4000,3731.4000,3731.6000,1,1,1,2,1,1,5,1,1,2
SF,IF2005,2020-04-13 09:30:49.100,3727.8000,10334,1,90634980.000,1,1,0,双开,S,3726.4000,3726.2000,3726.0000,3725.6000,3724.2000,3728.0000,3730.2000,3730.4000,3731.4000,3731.6000,1,1,2,1,2,1,5,1,1,2
SF,IF2005,2020-04-13 09:30:49.600,3727.8000,10334,0,90634980.000,0,-,-,-,-,3726.4000,3726.2000,3726.0000,3725.6000,3722.0000,3728.0000,3730.2000,3730.4000,3731.4000,3731.6000,1,1,2,1,1,1,5,1,1,2
SF,IF2005,2020-04-13 09:30:50.100,3728.0000,10332,-2,92871780.000,2,0,2,双平,S,3726.8000,3726.4000,3726.2000,3726.0000,3725.6000,3730.2000,3730.4000,3731.4000,3731.6000,3731.8000,1,2,1,2,1,5,1,1,2,1
SF,IF2005,2020-04-13 09:30:50.600,3728.0000,10332,0,92871780.000,0,-,-,-,-,3726.4000,3726.2000,3726.0000,3725.6000,3722.0000,3729.8000,3730.0000,3730.2000,3730.4000,3731.8000,3,1,2,1,1,4,6,6,1,1
SF,IF2005,2020-04-13 09:30:51.100,3728.0000,10332,0,92871780.000,0,-,-,-,-,3727.0000,3726.8000,3726.4000,3726.2000,3726.0000,3729.6000,3729.8000,3730.0000,3730.2000,3730.4000,1,1,2,1,2,4,3,6,6,1
SF,IF2005,2020-04-13 09:30:51.600,3728.0000,10332,0,92871780.000,0,-,-,-,-,3727.0000,3726.8000,3726.6000,3726.4000,3726.2000,3728.6000,3729.6000,3729.8000,3730.0000,3730.2000,1,4,1,1,1,1,1,2,5,6
SF,IF2005,2020-04-13 09:30:52.100,3728.0000,10332,0,92871780.000,0,-,-,-,-,3727.2000,3727.0000,3726.8000,3726.6000,3726.4000,3728.0000,3728.6000,3729.8000,3730.0000,3730.2000,1,1,3,1,1,2,1,2,1,6
SF,IF2005,2020-04-13 09:30:52.600,3728.0000,10332,0,92871780.000,0,-,-,-,-,3727.0000,3726.4000,3726.2000,3726.0000,3725.6000,3728.0000,3728.6000,3729.8000,3730.0000,3730.2000,1,1,1,2,1,2,1,2,1,6
SF,IF2005,2020-04-13 09:30:53.100,3728.0000,10330,-2,95108580.000,2,0,2,双平,S,3728.2000,3727.6000,3727.0000,3726.2000,3726.0000,3729.6000,3730.2000,3730.4000,3731.8000,3732.6000,1,1,1,1,2,1,6,1,1,2
SF,IF2005,2020-04-13 09:30:53.600,3728.0000,10330,0,95108580.000,0,-,-,-,-,3728.4000,3727.6000,3727.0000,3726.2000,3726.0000,3729.6000,3730.2000,3730.4000,3731.8000,3732.6000,2,1,1,1,4,1,6,1,1,2
SF,IF2005,2020-04-13 09:30:54.100,3728.2000,10328,-2,97345500.000,2,0,2,双平,S,3727.6000,3727.0000,3726.2000,3726.0000,3725.6000,3728.2000,3729.6000,3730.2000,3731.8000,3732.6000,1,1,2,4,1,1,1,6,1,2
SF,IF2005,2020-04-13 09:30:54.600,3728.2000,10327,-1,98463960.000,1,0,1,双平,S,3727.0000,3726.2000,3726.0000,3725.6000,3722.0000,3729.6000,3730.2000,3731.8000,3732.6000,3733.8000,1,2,4,1,1,1,6,1,2,4
SF,IF2005,2020-04-13 09:30:55.100,3728.2000,10326,-1,99582420.000,1,0,1,双平,S,3727.0000,3726.2000,3726.0000,3725.6000,3722.0000,3729.4000,3729.6000,3730.2000,3731.8000,3732.6000,1,2,4,1,1,3,1,6,1,2
SF,IF2005,2020-04-13 09:30:55.600,3728.2000,10326,0,99582420.000,0,-,-,-,-,3727.0000,3726.2000,3726.0000,3725.6000,3722.0000,3728.0000,3729.4000,3729.6000,3730.2000,3731.8000,1,1,4,1,1,1,3,1,6,1
SF,IF2005,2020-04-13 09:30:56.100,3728.2000,10326,0,99582420.000,0,-,-,-,-,3727.2000,3727.0000,3726.2000,3726.0000,3725.6000,3728.0000,3729.4000,3729.6000,3730.2000,3731.8000,2,1,1,4,1,1,3,1,6,1
SF,IF2005,2020-04-13 09:30:56.600,3728.0000,10326,0,100700820.000,1,0,1,多换,S,3728.2000,3727.2000,3727.0000,3726.2000,3726.0000,3729.4000,3729.6000,3730.2000,3731.8000,3732.6000,1,3,1,1,4,2,1,6,1,2
SF,IF2005,2020-04-13 09:30:57.100,3728.0000,10326,0,100700820.000,0,-,-,-,-,3727.2000,3726.2000,3726.0000,3725.6000,3722.0000,3729.4000,3729.6000,3730.2000,3731.8000,3732.6000,4,1,4,1,1,1,1,6,1,2
SF,IF2005,2020-04-13 09:30:57.600,3728.0000,10326,0,100700820.000,0,-,-,-,-,3727.2000,3726.2000,3726.0000,3725.6000,3722.0000,3729.2000,3729.4000,3729.6000,3730.2000,3731.8000,3,1,4,1,1,1,1,1,6,1
SF,IF2005,2020-04-13 09:30:59.600,3728.0000,10326,0,100700820.000,0,-,-,-,-,3727.2000,3726.2000,3726.0000,3725.6000,3722.0000,3729.2000,3729.4000,3729.6000,3730.2000,3731.8000,3,1,4,1,1,1,1,1,6,1
SF,IF2005,2020-04-13 09:31:00.100,3728.0000,10326,0,100700820.000,0,-,-,-,-,3727.4000,3727.2000,3726.2000,3726.0000,3725.6000,3729.0000,3729.4000,3729.6000,3730.2000,3731.8000,1,3,1,4,1,1,1,1,6,1
SF,IF2005,2020-04-13 09:31:00.600,3728.0000,10326,0,100700820.000,0,-,-,-,-,3727.4000,3727.2000,3726.2000,3726.0000,3725.6000,3729.0000,3729.4000,3729.6000,3730.2000,3731.8000,1,2,2,4,1,1,1,1,6,1
SF,IF2005,2020-04-13 09:31:01.600,3728.0000,10326,0,100700820.000,0,-,-,-,-,3727.4000,3727.2000,3726.2000,3726.0000,3725.6000,3729.0000,3729.4000,3729.6000,3730.2000,3731.8000,1,2,2,2,1,1,1,1,6,1
SF,IF2005,2020-04-13 09:31:02.100,3728.0000,10326,0,100700820.000,0,-,-,-,-,3727.4000,3727.2000,3726.2000,3726.0000,3725.6000,3728.8000,3729.0000,3729.4000,3729.6000,3730.0000,2,2,2,2,1,1,1,1,1,2
SF,IF2005,2020-04-13 09:31:02.600,3727.4000,10324,-2,102937260.000,2,0,2,双平,S,3727.2000,3726.2000,3726.0000,3725.6000,3722.0000,3728.6000,3728.8000,3729.4000,3729.6000,3730.0000,1,2,2,1,1,2,1,1,1,2
SF,IF2005,2020-04-13 09:31:03.100,3727.4000,10324,0,102937260.000,0,-,-,-,-,3726.2000,3726.0000,3725.6000,3722.0000,3721.4000,3727.0000,3728.6000,3728.8000,3729.4000,3729.6000,2,2,1,1,4,1,1,1,1,1
SF,IF2005,2020-04-13 09:31:03.600,3728.6000,10323,-1,106292400.000,3,1,2,多平,S,3726.4000,3726.2000,3726.0000,3725.6000,3722.0000,3728.2000,3728.8000,3729.0000,3729.4000,3729.6000,1,1,3,1,1,1,1,1,1,1
SF,IF2005,2020-04-13 09:31:04.100,3728.6000,10323,0,106292400.000,0,-,-,-,-,3726.4000,3726.2000,3726.0000,3725.6000,3722.0000,3728.0000,3728.2000,3728.8000,3729.0000,3729.4000,1,1,3,1,1,1,1,1,1,1
SF,IF2005,2020-04-13 09:31:04.600,3728.6000,10323,0,106292400.000,0,-,-,-,-,3726.4000,3726.2000,3726.0000,3725.6000,3722.0000,3728.0000,3728.2000,3729.0000,3729.6000,3730.0000,1,1,3,1,1,1,1,1,1,2
SF,IF2005,2020-04-13 09:31:05.100,3728.6000,10323,0,106292400.000,0,-,-,-,-,3726.6000,3726.4000,3726.2000,3726.0000,3725.6000,3728.2000,3729.0000,3729.6000,3730.0000,3730.2000,1,1,1,3,1,1,1,1,2,6
SF,IF2005,2020-04-13 09:31:05.600,3728.6000,10323,0,106292400.000,0,-,-,-,-,3726.8000,3726.6000,3726.2000,3726.0000,3725.6000,3728.0000,3729.0000,3729.6000,3730.0000,3730.2000,1,1,1,3,1,1,1,1,2,6
SF,IF2005,2020-04-13 09:31:06.100,3728.6000,10323,0,106292400.000,0,-,-,-,-,3726.8000,3726.2000,3726.0000,3725.6000,3722.0000,3728.0000,3729.0000,3729.6000,3730.0000,3730.2000,1,1,3,1,1,1,1,1,2,6
SF,IF2005,2020-04-13 09:31:06.600,3728.6000,10323,0,106292400.000,0,-,-,-,-,3726.2000,3726.0000,3725.6000,3722.0000,3721.4000,3728.0000,3729.0000,3729.4000,3729.6000,3730.0000,1,3,1,1,4,1,1,1,1,2
SF,IF2005,2020-04-13 09:31:07.100,3728.6000,10323,0,106292400.000,0,-,-,-,-,3726.4000,3726.2000,3726.0000,3725.6000,3722.0000,3726.8000,3728.0000,3729.0000,3729.4000,3729.6000,1,1,2,1,1,2,1,1,1,1
SF,IF2005,2020-04-13 09:31:07.600,3728.6000,10323,0,106292400.000,0,-,-,-,-,3726.4000,3726.2000,3726.0000,3725.6000,3725.2000,3726.8000,3728.0000,3729.0000,3729.4000,3729.6000,1,1,2,1,1,2,1,1,1,1
SF,IF2005,2020-04-13 09:31:08.100,3726.8000,10321,-2,108528480.000,2,0,2,双平,S,3726.4000,3726.2000,3726.0000,3725.6000,3725.2000,3728.0000,3729.0000,3729.4000,3729.6000,3730.0000,1,1,2,1,1,1,1,1,1,2
SF,IF2005,2020-04-13 09:31:08.600,3726.8000,10321,0,108528480.000,0,-,-,-,-,3726.6000,3726.4000,3726.2000,3726.0000,3725.6000,3728.0000,3729.0000,3729.6000,3730.0000,3730.2000,1,1,1,2,1,1,1,1,2,6
SF,IF2005,2020-04-13 09:31:09.100,3726.8000,10321,0,108528480.000,0,-,-,-,-,3726.8000,3726.6000,3726.2000,3726.0000,3725.6000,3728.0000,3729.0000,3729.6000,3730.0000,3730.2000,5,1,1,2,1,1,1,1,2,6
SF,IF2005,2020-04-13 09:31:09.600,3726.8000,10321,0,108528480.000,0,-,-,-,-,3726.8000,3726.2000,3726.0000,3725.6000,3725.2000,3728.0000,3729.0000,3729.6000,3730.0000,3730.2000,5,1,2,1,1,1,1,1,2,6
SF,IF2005,2020-04-13 09:31:10.100,3726.8000,10321,0,108528480.000,0,-,-,-,-,3726.8000,3726.2000,3726.0000,3725.6000,3725.2000,3727.6000,3728.0000,3729.0000,3729.6000,3730.0000,5,1,2,1,1,1,1,1,1,2
SF,IF2005,2020-04-13 09:31:10.600,3726.8000,10321,0,108528480.000,0,-,-,-,-,3726.8000,3726.6000,3726.2000,3726.0000,3725.6000,3727.6000,3728.0000,3729.0000,3729.2000,3729.6000,5,1,1,2,1,1,1,1,1,1
SF,IF2005,2020-04-13 09:31:11.600,3726.8000,10318,-3,111882600.000,3,0,3,双平,S,3726.8000,3726.6000,3726.2000,3726.0000,3725.6000,3727.6000,3728.0000,3729.0000,3729.2000,3729.6000,2,1,1,2,1,1,1,1,1,1
SF,IF2005,2020-04-13 09:31:12.100,3726.8000,10316,-2,114118680.000,2,0,2,双平,S,3726.6000,3726.2000,3726.0000,3725.6000,3725.2000,3727.4000,3727.6000,3729.0000,3729.2000,3729.6000,1,1,2,1,1,1,1,1,1,1
SF,IF2005,2020-04-13 09:31:12.600,3726.8000,10316,0,114118680.000,0,-,-,-,-,3726.6000,3726.2000,3726.0000,3725.6000,3725.2000,3727.4000,3727.6000,3729.0000,3729.2000,3729.6000,1,1,2,1,1,1,1,1,1,1
SF,IF2005,2020-04-13 09:31:13.100,3726.6000,10316,0,115236660.000,1,0,1,多换,S,3726.2000,3726.0000,3725.6000,3725.2000,3722.0000,3727.4000,3727.6000,3729.0000,3729.2000,3729.6000,1,2,1,1,1,1,1,1,1,1
SF,IF2005,2020-04-13 09:31:13.600,3726.2000,10316,0,116354520.000,1,0,1,多换,S,3726.0000,3725.6000,3725.2000,3722.0000,3721.4000,3726.6000,3727.0000,3727.4000,3727.6000,3729.0000,2,1,1,1,4,1,1,1,1,1
SF,IF2005,2020-04-13 09:31:14.100,3726.0000,10316,0,117472320.000,1,0,1,多换,S,3726.0000,3725.6000,3725.2000,3722.0000,3721.4000,3726.6000,3727.0000,3727.4000,3727.6000,3727.8000,1,1,1,1,4,1,1,1,1,1
SF,IF2005,2020-04-13 09:31:14.600,3726.0000,10315,-1,118590120.000,1,0,1,双平,S,3725.6000,3725.2000,3722.0000,3721.6000,3721.4000,3726.6000,3727.0000,3727.4000,3727.6000,3727.8000,1,1,1,1,4,1,1,1,1,1
SF,IF2005,2020-04-13 09:31:15.100,3726.0000,10315,0,118590120.000,0,-,-,-,-,3725.6000,3725.2000,3722.0000,3721.6000,3721.4000,3726.6000,3727.0000,3727.4000,3727.6000,3727.8000,1,1,1,1,4,1,1,1,1,1
SF,IF2005,2020-04-13 09:31:15.600,3726.0000,10315,0,118590120.000,0,-,-,-,-,3725.6000,3725.2000,3722.0000,3721.6000,3721.4000,3726.6000,3727.0000,3727.4000,3727.6000,3727.8000,1,1,1,1,4,1,1,1,1,1
SF,IF2005,2020-04-13 09:31:16.100,3726.6000,10314,-1,119708100.000,1,0,1,双平,S,3725.6000,3725.2000,3722.0000,3721.6000,3721.4000,3727.0000,3727.4000,3727.6000,3727.8000,3729.0000,1,1,2,1,4,1,1,1,1,1
SF,IF2005,2020-04-13 09:31:16.600,3726.6000,10314,0,119708100.000,0,-,-,-,-,3726.6000,3725.8000,3725.6000,3725.2000,3722.0000,3727.4000,3727.6000,3727.8000,3729.0000,3729.6000,1,2,1,1,2,1,1,1,1,1
SF,IF2005,2020-04-13 09:31:17.100,3726.6000,10314,0,119708100.000,0,-,-,-,-,3726.6000,3725.8000,3725.6000,3725.2000,3722.0000,3727.4000,3727.6000,3727.8000,3729.0000,3729.6000,1,2,1,1,2,1,1,1,1,1
SF,IF2005,2020-04-13 09:31:18.100,3727.4000,10313,-1,120826320.000,1,0,1,双平,S,3726.6000,3725.8000,3725.6000,3725.2000,3722.0000,3727.6000,3727.8000,3729.0000,3729.6000,3730.0000,1,2,1,1,2,1,1,1,1,4
SF,IF2005,2020-04-13 09:31:18.600,3727.6000,10313,0,121944600.000,1,0,1,多换,S,3726.8000,3726.6000,3725.8000,3725.6000,3725.2000,3727.8000,3729.0000,3729.6000,3730.0000,3730.2000,1,1,1,1,1,1,1,1,4,6
SF,IF2005,2020-04-13 09:31:19.100,3727.8000,10312,-1,123062940.000,1,0,1,双平,S,3727.0000,3726.8000,3726.6000,3725.8000,3725.6000,3729.0000,3729.6000,3730.0000,3730.2000,3731.8000,1,1,1,1,1,1,1,4,6,1
SF,IF2005,2020-04-13 09:31:19.600,3727.8000,10312,0,123062940.000,0,-,-,-,-,3727.2000,3727.0000,3726.6000,3725.8000,3725.6000,3728.8000,3729.0000,3729.6000,3730.0000,3730.2000,1,1,1,1,1,2,1,1,4,6
SF,IF2005,2020-04-13 09:31:20.100,3727.2000,10312,0,124181100.000,1,0,1,多换,S,3727.0000,3726.6000,3725.8000,3725.6000,3725.2000,3728.8000,3729.0000,3729.6000,3730.0000,3730.2000,1,1,1,1,1,2,1,1,4,6
SF,IF2005,2020-04-13 09:31:20.600,3727.2000,10312,0,124181100.000,0,-,-,-,-,3727.2000,3727.0000,3726.6000,3725.8000,3725.6000,3728.8000,3729.0000,3729.6000,3730.0000,3730.2000,1,1,1,1,1,1,1,1,4,6
SF,IF2005,2020-04-13 09:31:21.100,3727.2000,10312,0,125299260.000,1,0,1,多换,S,3727.0000,3726.6000,3725.6000,3725.2000,3722.0000,3728.8000,3729.0000,3729.6000,3730.0000,3730.2000,1,1,1,1,2,1,1,1,4,6
SF,IF2005,2020-04-13 09:31:21.600,3727.2000,10312,0,125299260.000,0,-,-,-,-,3727.2000,3726.6000,3726.2000,3725.6000,3725.2000,3728.8000,3729.0000,3729.6000,3730.0000,3730.2000,1,1,1,1,1,1,1,1,4,6
SF,IF2005,2020-04-13 09:31:22.100,3727.2000,10312,0,125299260.000,0,-,-,-,-,3726.6000,3726.2000,3725.6000,3725.2000,3722.0000,3728.4000,3728.6000,3728.8000,3729.0000,3729.6000,1,1,1,1,1,1,1,1,1,1
SF,IF2005,2020-04-13 09:31:22.600,3727.2000,10312,0,125299260.000,0,-,-,-,-,3726.8000,3726.6000,3726.2000,3725.6000,3725.2000,3728.2000,3728.4000,3728.6000,3729.0000,3729.6000,1,1,1,1,1,1,1,3,1,1
SF,IF2005,2020-04-13 09:31:23.100,3727.2000,10312,0,125299260.000,0,-,-,-,-,3726.8000,3726.6000,3726.2000,3725.6000,3725.2000,3728.2000,3728.4000,3728.6000,3729.0000,3729.6000,1,1,1,1,1,1,1,2,1,1
SF,IF2005,2020-04-13 09:31:23.600,3727.2000,10312,0,125299260.000,0,-,-,-,-,3726.8000,3726.6000,3725.6000,3725.2000,3722.0000,3727.8000,3728.2000,3729.0000,3729.6000,3730.0000,1,1,1,1,1,1,1,1,1,4
SF,IF2005,2020-04-13 09:31:24.100,3727.8000,10311,-1,126417600.000,1,0,1,双平,S,3726.8000,3726.6000,3725.6000,3725.2000,3722.0000,3728.2000,3729.0000,3729.6000,3730.0000,3730.2000,1,1,1,1,1,1,1,1,4,6
SF,IF2005,2020-04-13 09:31:24.600,3727.8000,10311,0,126417600.000,0,-,-,-,-,3726.8000,3726.6000,3725.6000,3725.2000,3722.0000,3729.0000,3729.6000,3730.0000,3730.2000,3731.8000,1,1,1,1,1,1,1,4,6,1
SF,IF2005,2020-04-13 09:31:25.100,3727.8000,10311,0,126417600.000,0,-,-,-,-,3727.0000,3726.8000,3726.6000,3725.6000,3725.2000,3728.8000,3729.0000,3729.6000,3730.0000,3730.2000,1,2,1,1,1,1,1,1,4,6
SF,IF2005,2020-04-13 09:31:25.600,3727.8000,10311,0,126417600.000,0,-,-,-,-,3727.2000,3727.0000,3726.6000,3725.6000,3725.2000,3728.8000,3729.0000,3729.6000,3730.0000,3730.2000,1,1,1,1,1,1,1,1,4,6
SF,IF2005,2020-04-13 09:31:26.100,3727.2000,10310,-1,127535760.000,1,0,1,双平,S,3727.0000,3726.6000,3725.6000,3725.2000,3724.2000,3728.8000,3729.0000,3729.6000,3730.0000,3730.2000,1,1,1,1,1,1,1,1,4,6
SF,IF2005,2020-04-13 09:31:26.600,3727.2000,10310,0,127535760.000,0,-,-,-,-,3726.6000,3725.6000,3725.2000,3724.2000,3722.0000,3728.8000,3729.0000,3729.6000,3730.0000,3730.2000,1,1,1,1,1,1,1,1,4,6
SF,IF2005,2020-04-13 09:31:27.100,3727.2000,10310,0,127535760.000,0,-,-,-,-,3727.2000,3726.6000,3725.6000,3725.2000,3724.2000,3728.6000,3728.8000,3729.0000,3729.6000,3730.0000,1,1,1,1,1,1,1,1,1,4
SF,IF2005,2020-04-13 09:31:27.600,3727.2000,10310,0,127535760.000,0,-,-,-,-,3727.2000,3726.8000,3726.6000,3725.6000,3725.2000,3728.4000,3729.0000,3729.6000,3730.0000,3730.2000,1,1,1,1,1,1,1,1,4,6
SF,IF2005,2020-04-13 09:31:28.100,3727.2000,10310,0,127535760.000,0,-,-,-,-,3727.2000,3726.8000,3726.6000,3725.6000,3725.2000,3729.0000,3729.6000,3730.0000,3730.2000,3731.0000,1,1,1,1,1,1,1,4,6,1
SF,IF2005,2020-04-13 09:31:28.600,3727.2000,10310,0,127535760.000,0,-,-,-,-,3727.4000,3727.2000,3726.8000,3726.6000,3725.6000,3728.8000,3729.0000,3729.6000,3730.0000,3730.2000,1,1,1,1,1,1,1,1,4,6
SF,IF2005,2020-04-13 09:31:29.100,3727.2000,10310,0,127535760.000,0,-,-,-,-,3727.4000,3727.2000,3726.8000,3726.6000,3725.6000,3728.8000,3729.0000,3729.6000,3730.0000,3730.2000,2,1,1,1,1,1,1,1,4,6
SF,IF2005,2020-04-13 09:31:29.600,3727.2000,10310,0,127535760.000,0,-,-,-,-,3727.4000,3727.2000,3726.8000,3726.6000,3725.6000,3729.0000,3729.6000,3730.0000,3730.2000,3731.0000,2,1,1,1,1,1,1,4,6,1
SF,IF2005,2020-04-13 09:31:30.100,3727.2000,10310,0,127535760.000,0,-,-,-,-,3727.8000,3727.4000,3726.8000,3726.6000,3725.6000,3728.8000,3729.0000,3729.6000,3730.0000,3730.2000,1,2,1,1,1,1,1,1,4,6
SF,IF2005,2020-04-13 09:31:30.600,3727.8000,10310,0,128654100.000,1,0,1,多换,S,3727.4000,3726.8000,3726.6000,3725.6000,3725.2000,3728.8000,3729.0000,3729.6000,3730.0000,3730.2000,2,1,1,1,1,1,1,1,4,6
SF,IF2005,2020-04-13 09:31:31.100,3727.8000,10309,-1,129772440.000,1,0,1,双平,S,3727.4000,3726.6000,3725.6000,3725.2000,3724.2000,3728.8000,3729.0000,3729.6000,3730.0000,3730.2000,3,1,1,1,1,1,1,1,4,6
SF,IF2005,2020-04-13 09:31:31.600,3727.8000,10309,0,129772440.000,0,-,-,-,-,3726.6000,3725.6000,3725.2000,3724.2000,3722.0000,3728.8000,3729.0000,3729.6000,3730.0000,3730.2000,1,1,1,1,1,2,1,1,4,6
SF,IF2005,2020-04-13 09:31:32.100,3727.8000,10309,0,129772440.000,0,-,-,-,-,3726.8000,3726.6000,3725.6000,3725.2000,3724.2000,3728.8000,3729.0000,3729.6000,3730.0000,3730.2000,2,1,1,1,1,2,1,1,4,6
SF,IF2005,2020-04-13 09:31:32.600,3727.8000,10309,0,129772440.000,0,-,-,-,-,3726.8000,3726.6000,3725.6000,3725.2000,3724.2000,3728.8000,3729.0000,3729.6000,3730.0000,3730.2000,3,2,1,1,1,2,1,1,4,6
SF,IF2005,2020-04-13 09:31:33.100,3727.8000,10309,0,129772440.000,0,-,-,-,-,3727.0000,3726.8000,3726.6000,3725.6000,3725.2000,3728.8000,3729.0000,3729.6000,3730.0000,3730.2000,1,3,2,1,1,2,1,1,4,6
SF,IF2005,2020-04-13 09:31:34.100,3727.8000,10309,0,129772440.000,0,-,-,-,-,3727.2000,3727.0000,3726.8000,3726.6000,3725.6000,3728.8000,3729.0000,3729.6000,3730.0000,3730.2000,1,2,3,2,1,2,1,1,4,6
SF,IF2005,2020-04-13 09:31:34.600,3727.8000,10309,0,129772440.000,0,-,-,-,-,3727.2000,3727.0000,3726.8000,3726.6000,3725.6000,3728.8000,3729.0000,3729.6000,3730.0000,3730.2000,1,2,2,2,1,2,1,1,4,6
SF,IF2005,2020-04-13 09:31:36.600,3727.8000,10309,0,129772440.000,0,-,-,-,-,3727.4000,3727.2000,3727.0000,3726.8000,3726.6000,3728.8000,3729.0000,3729.6000,3730.0000,3730.2000,1,1,2,2,2,2,1,1,4,6
SF,IF2005,2020-04-13 09:31:38.100,3727.8000,10309,0,129772440.000,0,-,-,-,-,3727.4000,3727.2000,3727.0000,3726.8000,3726.6000,3728.8000,3729.0000,3729.6000,3730.0000,3730.2000,2,1,1,2,2,2,1,1,4,6
SF,IF2005,2020-04-13 09:31:38.600,3729.0000,10309,0,130891140.000,1,0,1,多换,S,3727.4000,3727.2000,3727.0000,3726.8000,3726.6000,3729.6000,3730.0000,3730.2000,3731.0000,3731.8000,2,1,1,1,2,1,4,6,1,1
SF,IF2005,2020-04-13 09:31:39.100,3729.0000,10309,0,130891140.000,0,-,-,-,-,3727.6000,3727.4000,3727.2000,3727.0000,3726.8000,3729.4000,3729.6000,3730.0000,3730.2000,3731.0000,1,2,1,1,1,1,1,4,6,1
SF,IF2005,2020-04-13 09:31:41.600,3729.0000,10309,0,130891140.000,0,-,-,-,-,3727.8000,3727.6000,3727.4000,3727.2000,3727.0000,3729.4000,3729.6000,3730.0000,3730.2000,3731.0000,1,1,1,1,1,1,1,4,6,1
SF,IF2005,2020-04-13 09:31:42.100,3729.4000,10309,0,132009960.000,1,0,1,多换,S,3727.8000,3727.2000,3727.0000,3726.8000,3726.6000,3729.6000,3730.0000,3730.2000,3731.0000,3731.8000,1,1,1,1,2,1,4,6,1,1
SF,IF2005,2020-04-13 09:31:42.600,3729.4000,10309,0,132009960.000,0,-,-,-,-,3728.0000,3727.8000,3727.2000,3727.0000,3726.8000,3729.4000,3729.6000,3730.0000,3730.2000,3731.0000,1,1,1,1,1,1,1,4,6,1
SF,IF2005,2020-04-13 09:31:43.100,3729.4000,10309,0,132009960.000,0,-,-,-,-,3728.0000,3727.8000,3727.2000,3727.0000,3726.8000,3729.2000,3729.4000,3729.6000,3730.0000,3730.2000,1,1,1,1,1,1,1,1,4,6
SF,IF2005,2020-04-13 09:31:43.600,3729.4000,10309,0,132009960.000,0,-,-,-,-,3728.0000,3727.8000,3727.2000,3727.0000,3726.8000,3729.0000,3729.2000,3729.6000,3730.0000,3730.2000,1,1,1,1,1,1,1,1,4,6
SF,IF2005,2020-04-13 09:31:44.100,3729.4000,10309,0,132009960.000,0,-,-,-,-,3728.0000,3727.2000,3727.0000,3726.8000,3726.6000,3729.0000,3729.6000,3730.0000,3730.2000,3731.0000,1,1,2,1,2,1,1,4,6,1
SF,IF2005,2020-04-13 09:31:44.600,3729.4000,10309,0,132009960.000,0,-,-,-,-,3728.0000,3727.2000,3727.0000,3726.8000,3726.6000,3729.6000,3730.0000,3730.2000,3731.0000,3731.8000,1,1,2,1,2,1,4,6,1,1
SF,IF2005,2020-04-13 09:31:45.100,3729.4000,10309,0,132009960.000,0,-,-,-,-,3728.2000,3728.0000,3727.2000,3727.0000,3726.8000,3729.4000,3729.6000,3730.0000,3730.2000,3731.0000,1,1,1,1,1,1,1,4,6,1
SF,IF2005,2020-04-13 09:31:45.600,3729.4000,10309,0,132009960.000,0,-,-,-,-,3728.4000,3728.2000,3727.2000,3727.0000,3726.8000,3729.4000,3729.6000,3730.0000,3730.2000,3731.0000,1,1,1,1,1,1,1,4,6,1
SF,IF2005,2020-04-13 09:31:47.600,3729.4000,10309,0,132009960.000,0,-,-,-,-,3728.4000,3727.2000,3727.0000,3726.8000,3726.6000,3729.4000,3729.6000,3730.0000,3730.2000,3731.0000,1,1,2,1,2,1,1,4,6,1
SF,IF2005,2020-04-13 09:31:50.100,3728.4000,10309,0,134247000.000,2,1,1,多换,S,3727.2000,3727.0000,3726.8000,3726.6000,3725.6000,3729.4000,3729.6000,3730.0000,3730.2000,3731.0000,1,2,1,2,1,1,1,4,6,1
SF,IF2005,2020-04-13 09:31:50.600,3728.4000,10309,0,134247000.000,0,-,-,-,-,3727.6000,3727.4000,3727.2000,3727.0000,3726.8000,3729.4000,3729.6000,3730.0000,3730.2000,3731.0000,3,4,2,2,1,1,1,4,6,1
SF,IF2005,2020-04-13 09:31:51.100,3728.4000,10309,0,134247000.000,0,-,-,-,-,3728.0000,3727.6000,3727.2000,3727.0000,3726.8000,3729.4000,3729.6000,3730.0000,3730.2000,3731.0000,1,2,1,2,1,1,1,4,6,1
SF,IF2005,2020-04-13 09:31:52.100,3728.4000,10309,0,134247000.000,0,-,-,-,-,3728.2000,3728.0000,3727.6000,3727.2000,3727.0000,3729.4000,3729.6000,3730.0000,3730.2000,3731.0000,1,1,2,1,2,1,1,4,5,1
SF,IF2005,2020-04-13 09:31:53.600,3728.4000,10309,0,134247000.000,0,-,-,-,-,3728.4000,3728.2000,3728.0000,3727.6000,3727.2000,3729.4000,3729.6000,3730.0000,3730.2000,3731.0000,1,1,1,2,1,1,1,4,5,1
SF,IF2005,2020-04-13 09:31:54.100,3728.4000,10309,0,134247000.000,0,-,-,-,-,3728.4000,3728.2000,3728.0000,3727.6000,3727.2000,3729.6000,3730.0000,3730.2000,3731.0000,3731.8000,1,1,1,2,1,1,4,5,1,1
SF,IF2005,2020-04-13 09:31:54.600,3728.4000,10309,0,136484040.000,2,1,1,多换,S,3728.2000,3727.6000,3727.2000,3727.0000,3726.8000,3729.6000,3730.0000,3730.2000,3731.0000,3731.8000,1,2,1,2,1,1,4,5,1,1
SF,IF2005,2020-04-13 09:31:55.100,3728.4000,10309,0,136484040.000,0,-,-,-,-,3728.6000,3727.6000,3727.2000,3727.0000,3726.8000,3729.6000,3730.0000,3730.2000,3731.0000,3731.8000,1,2,1,2,1,1,4,5,1,1
SF,IF2005,2020-04-13 09:31:55.600,3728.4000,10309,0,137602560.000,1,0,1,多换,S,3728.2000,3727.6000,3727.2000,3727.0000,3726.8000,3729.6000,3730.0000,3730.2000,3731.0000,3731.8000,1,1,1,2,1,1,4,5,1,1
SF,IF2005,2020-04-13 09:31:56.100,3728.4000,10309,0,137602560.000,0,-,-,-,-,3728.2000,3727.6000,3727.2000,3727.0000,3726.8000,3729.4000,3729.6000,3730.0000,3730.2000,3731.0000,1,1,1,2,1,1,1,4,5,1
SF,IF2005,2020-04-13 09:31:56.600,3728.4000,10309,0,137602560.000,0,-,-,-,-,3728.2000,3727.6000,3727.2000,3727.0000,3726.8000,3729.4000,3729.6000,3730.0000,3730.2000,3731.0000,1,1,1,2,1,1,1,4,5,1
SF,IF2005,2020-04-13 09:31:57.100,3728.4000,10309,0,137602560.000,0,-,-,-,-,3728.4000,3728.2000,3727.6000,3727.2000,3727.0000,3729.4000,3729.6000,3730.0000,3730.2000,3731.0000,1,1,1,1,2,1,1,4,5,1
SF,IF2005,2020-04-13 09:31:57.600,3729.4000,10308,-1,138721380.000,1,0,1,双平,S,3728.2000,3727.6000,3727.2000,3727.0000,3726.8000,3729.6000,3730.0000,3730.2000,3731.0000,3731.8000,1,1,1,2,1,1,4,5,1,1
SF,IF2005,2020-04-13 09:31:58.100,3729.4000,10308,0,138721380.000,0,-,-,-,-,3728.4000,3728.2000,3727.6000,3727.2000,3727.0000,3729.4000,3729.6000,3730.0000,3730.2000,3731.0000,1,1,1,1,2,1,1,4,5,1
SF,IF2005,2020-04-13 09:31:59.100,3729.4000,10308,0,138721380.000,0,-,-,-,-,3728.4000,3728.2000,3727.6000,3727.2000,3727.0000,3729.4000,3729.6000,3730.0000,3730.2000,3731.0000,1,1,1,1,2,2,1,4,5,1
SF,IF2005,2020-04-13 09:31:59.600,3729.4000,10308,0,139840200.000,1,0,1,多换,S,3728.4000,3728.2000,3727.6000,3727.2000,3727.0000,3729.4000,3729.6000,3730.0000,3730.2000,3731.8000,1,1,1,1,2,2,1,4,5,1
SF,IF2005,2020-04-13 09:32:00.100,3729.4000,10308,0,139840200.000,0,-,-,-,-,3728.2000,3727.2000,3727.0000,3726.8000,3726.6000,3729.2000,3729.4000,3729.6000,3730.0000,3730.2000,1,1,2,1,1,1,2,1,4,5
SF,IF2005,2020-04-13 09:32:00.600,3729.4000,10308,0,139840200.000,0,-,-,-,-,3728.2000,3727.2000,3727.0000,3726.8000,3726.6000,3729.0000,3729.2000,3729.4000,3729.6000,3730.0000,1,1,2,1,1,1,1,1,1,4
SF,IF2005,2020-04-13 09:32:01.100,3728.8000,10307,-1,142077300.000,2,0,2,多平,S,3727.2000,3727.0000,3726.6000,3725.8000,3725.6000,3728.2000,3729.0000,3729.4000,3729.6000,3730.0000,1,2,1,1,1,1,1,1,1,4
SF,IF2005,2020-04-13 09:32:01.600,3728.2000,10308,1,143195760.000,1,1,0,双开,S,3727.0000,3726.6000,3725.6000,3725.2000,3722.0000,3729.0000,3729.4000,3729.6000,3730.0000,3730.2000,2,1,1,1,1,1,1,1,4,5
SF,IF2005,2020-04-13 09:32:02.100,3728.2000,10308,0,143195760.000,0,-,-,-,-,3727.2000,3727.0000,3726.6000,3725.6000,3725.2000,3728.8000,3729.0000,3729.4000,3729.6000,3730.0000,1,2,1,1,1,2,1,1,1,4
SF,IF2005,2020-04-13 09:32:02.600,3728.2000,10308,0,143195760.000,0,-,-,-,-,3727.2000,3727.0000,3726.6000,3725.6000,3725.2000,3728.4000,3728.6000,3728.8000,3729.6000,3730.0000,1,2,1,1,1,1,3,1,1,4
SF,IF2005,2020-04-13 09:32:03.100,3728.2000,10308,0,143195760.000,0,-,-,-,-,3727.2000,3727.0000,3726.6000,3725.6000,3725.2000,3728.2000,3728.4000,3728.6000,3728.8000,3729.6000,1,2,1,1,1,1,1,1,1,1
SF,IF2005,2020-04-13 09:32:04.600,3727.4000,10308,0,145432440.000,2,1,1,多换,S,3727.2000,3727.0000,3726.6000,3725.6000,3725.2000,3728.4000,3728.6000,3728.8000,3729.6000,3730.0000,1,2,1,1,1,1,1,1,1,4
SF,IF2005,2020-04-13 09:32:07.600,3727.4000,10308,0,145432440.000,0,-,-,-,-,3727.2000,3727.0000,3726.6000,3725.6000,3725.2000,3728.0000,3728.4000,3728.8000,3729.6000,3730.0000,1,2,1,1,1,1,1,1,1,4
SF,IF2005,2020-04-13 09:32:08.100,3727.4000,10308,0,145432440.000,0,-,-,-,-,3727.2000,3727.0000,3726.6000,3725.6000,3725.2000,3728.4000,3728.8000,3729.6000,3730.0000,3730.2000,1,2,1,1,1,1,1,1,4,5
SF,IF2005,2020-04-13 09:32:08.600,3727.4000,10308,0,145432440.000,0,-,-,-,-,3727.0000,3726.6000,3725.6000,3725.2000,3722.0000,3728.2000,3728.4000,3728.8000,3729.6000,3730.0000,2,1,1,1,1,1,1,1,1,4
SF,IF2005,2020-04-13 09:32:09.600,3727.4000,10308,0,145432440.000,0,-,-,-,-,3727.0000,3726.6000,3725.6000,3725.2000,3722.0000,3728.2000,3728.4000,3728.8000,3729.6000,3730.0000,2,1,1,1,1,1,1,1,1,4
SF,IF2005,2020-04-13 09:32:10.100,3727.4000,10308,0,145432440.000,0,-,-,-,-,3727.0000,3726.6000,3725.6000,3725.2000,3722.0000,3728.2000,3728.4000,3728.8000,3729.6000,3730.0000,2,1,1,1,1,1,1,1,1,4
SF,IF2005,2020-04-13 09:32:11.100,3728.2000,10307,-1,146550900.000,1,0,1,双平,S,3727.0000,3726.6000,3725.6000,3725.2000,3722.0000,3728.4000,3728.8000,3729.6000,3730.0000,3730.2000,2,1,1,1,1,1,1,1,4,5
SF,IF2005,2020-04-13 09:32:11.600,3728.2000,10307,0,146550900.000,0,-,-,-,-,3727.2000,3727.0000,3726.6000,3725.6000,3725.2000,3729.6000,3730.0000,3730.2000,3731.8000,3732.6000,1,2,1,1,1,1,4,5,1,1
SF,IF2005,2020-04-13 09:32:12.100,3728.2000,10307,0,146550900.000,0,-,-,-,-,3727.4000,3727.2000,3727.0000,3726.6000,3725.6000,3729.4000,3729.6000,3730.0000,3730.2000,3731.8000,1,1,2,1,1,2,1,4,5,1
SF,IF2005,2020-04-13 09:32:12.600,3728.2000,10307,0,146550900.000,0,-,-,-,-,3727.6000,3727.4000,3727.0000,3726.6000,3725.6000,3729.2000,3729.4000,3729.6000,3730.0000,3730.2000,1,1,2,1,1,1,2,1,4,5
SF,IF2005,2020-04-13 09:32:13.100,3728.2000,10307,0,146550900.000,0,-,-,-,-,3727.6000,3727.4000,3727.0000,3726.6000,3725.6000,3729.0000,3729.4000,3729.6000,3730.0000,3730.2000,1,1,2,1,1,1,1,1,4,5
SF,IF2005,2020-04-13 09:32:13.600,3728.2000,10307,0,146550900.000,0,-,-,-,-,3727.6000,3727.0000,3726.6000,3725.6000,3725.2000,3728.8000,3729.0000,3729.4000,3729.6000,3730.0000,1,2,1,1,1,1,1,1,1,4
SF,IF2005,2020-04-13 09:32:14.100,3728.2000,10307,0,146550900.000,0,-,-,-,-,3727.0000,3726.6000,3725.6000,3725.2000,3722.0000,3728.6000,3728.8000,3729.4000,3729.6000,3730.0000,2,1,1,1,1,1,1,1,1,4
SF,IF2005,2020-04-13 09:32:14.600,3728.2000,10307,0,146550900.000,0,-,-,-,-,3727.2000,3727.0000,3726.6000,3725.6000,3725.2000,3728.4000,3728.6000,3728.8000,3729.4000,3729.6000,1,3,1,1,1,1,1,1,1,1
SF,IF2005,2020-04-13 09:32:15.100,3727.0000,10305,-2,148787160.000,2,0,2,双平,S,3727.0000,3726.6000,3725.6000,3725.2000,3722.0000,3728.6000,3728.8000,3729.4000,3729.6000,3730.0000,1,1,1,1,1,1,1,1,1,4
SF,IF2005,2020-04-13 09:32:15.600,3727.0000,10305,0,148787160.000,0,-,-,-,-,3727.2000,3727.0000,3726.6000,3725.6000,3725.2000,3728.6000,3728.8000,3729.4000,3729.6000,3730.0000,1,1,1,1,1,1,1,1,1,4
SF,IF2005,2020-04-13 09:32:17.100,3727.0000,10305,0,148787160.000,0,-,-,-,-,3727.2000,3727.0000,3726.6000,3725.6000,3725.2000,3728.4000,3728.6000,3729.4000,3729.6000,3730.0000,2,1,1,1,1,1,1,1,1,4
SF,IF2005,2020-04-13 09:32:17.600,3727.0000,10305,0,148787160.000,0,-,-,-,-,3727.2000,3727.0000,3726.6000,3725.6000,3725.2000,3728.4000,3728.6000,3729.4000,3729.6000,3730.0000,2,1,1,1,1,1,1,1,1,4
SF,IF2005,2020-04-13 09:32:18.100,3727.0000,10305,0,148787160.000,0,-,-,-,-,3727.2000,3727.0000,3726.6000,3725.6000,3725.2000,3728.4000,3728.6000,3729.4000,3729.6000,3730.0000,2,1,1,1,1,1,1,1,1,4
SF,IF2005,2020-04-13 09:32:18.600,3727.0000,10305,0,148787160.000,0,-,-,-,-,3727.2000,3727.0000,3726.6000,3725.6000,3725.2000,3728.4000,3728.6000,3729.4000,3729.6000,3730.0000,2,1,1,1,1,1,1,1,1,4
SF,IF2005,2020-04-13 09:32:19.100,3727.0000,10305,0,148787160.000,0,-,-,-,-,3727.4000,3727.2000,3727.0000,3726.6000,3725.6000,3728.4000,3729.6000,3730.0000,3730.2000,3731.8000,2,2,1,1,1,1,1,4,5,1
SF,IF2005,2020-04-13 09:32:19.600,3728.4000,10304,-1,149905680.000,1,0,1,双平,S,3728.4000,3727.6000,3727.4000,3727.2000,3727.0000,3729.6000,3730.0000,3730.2000,3731.8000,3732.6000,1,1,2,1,1,1,4,5,1,1
SF,IF2005,2020-04-13 09:32:20.100,3728.4000,10304,0,149905680.000,0,-,-,-,-,3728.6000,3727.6000,3727.4000,3727.0000,3726.6000,3729.6000,3730.0000,3730.2000,3731.8000,3732.6000,1,1,1,1,1,1,4,5,1,1
SF,IF2005,2020-04-13 09:32:20.600,3728.4000,10304,0,149905680.000,0,-,-,-,-,3728.6000,3727.8000,3727.6000,3727.4000,3727.0000,3729.6000,3730.0000,3730.2000,3731.8000,3732.6000,1,1,1,1,1,1,4,5,1,1
SF,IF2005,2020-04-13 09:32:21.100,3728.4000,10304,0,149905680.000,0,-,-,-,-,3728.6000,3727.6000,3727.4000,3727.0000,3726.6000,3729.6000,3730.0000,3730.2000,3731.8000,3732.6000,1,1,1,1,1,1,4,5,1,1
SF,IF2005,2020-04-13 09:32:21.600,3728.4000,10304,0,149905680.000,0,-,-,-,-,3727.6000,3727.4000,3727.0000,3726.6000,3725.6000,3729.4000,3729.6000,3730.0000,3730.2000,3731.8000,1,1,1,1,1,1,1,4,5,1
SF,IF2005,2020-04-13 09:32:22.100,3728.4000,10304,0,149905680.000,0,-,-,-,-,3727.6000,3727.0000,3726.6000,3725.6000,3725.2000,3728.8000,3729.2000,3729.4000,3729.6000,3730.0000,1,1,1,1,1,1,1,1,1,4
SF,IF2005,2020-04-13 09:32:22.600,3727.6000,10304,0,151023960.000,1,0,1,多换,S,3727.0000,3726.6000,3725.6000,3725.2000,3722.0000,3728.8000,3729.2000,3729.4000,3729.6000,3730.0000,1,1,1,1,1,1,1,1,1,4
SF,IF2005,2020-04-13 09:32:23.100,3727.6000,10304,0,151023960.000,0,-,-,-,-,3727.2000,3727.0000,3726.6000,3725.6000,3725.2000,3728.6000,3728.8000,3729.2000,3729.6000,3730.0000,2,1,1,1,1,1,1,1,1,4
SF,IF2005,2020-04-13 09:32:23.600,3727.6000,10304,0,151023960.000,0,-,-,-,-,3727.2000,3727.0000,3726.6000,3725.6000,3725.2000,3728.6000,3728.8000,3729.6000,3730.0000,3730.2000,2,1,1,1,1,1,1,1,4,5
SF,IF2005,2020-04-13 09:32:24.100,3727.6000,10304,0,151023960.000,0,-,-,-,-,3727.2000,3727.0000,3726.6000,3725.6000,3725.2000,3728.6000,3728.8000,3729.6000,3730.0000,3730.2000,2,1,1,1,1,1,1,1,4,5
SF,IF2005,2020-04-13 09:32:24.600,3727.6000,10304,0,151023960.000,0,-,-,-,-,3727.2000,3727.0000,3726.6000,3725.6000,3725.2000,3728.6000,3728.8000,3729.6000,3730.0000,3730.2000,2,1,1,1,1,1,1,1,4,5
SF,IF2005,2020-04-13 09:32:25.100,3727.6000,10304,0,151023960.000,0,-,-,-,-,3727.4000,3727.2000,3727.0000,3726.6000,3725.6000,3728.6000,3728.8000,3729.6000,3730.0000,3730.2000,1,2,1,1,1,1,1,1,4,5
SF,IF2005,2020-04-13 09:32:25.600,3727.6000,10304,0,151023960.000,0,-,-,-,-,3727.6000,3727.4000,3727.2000,3727.0000,3726.6000,3728.6000,3728.8000,3729.6000,3730.0000,3730.2000,1,1,1,1,1,1,1,1,4,5
SF,IF2005,2020-04-13 09:32:26.100,3728.6000,10303,-1,152142540.000,1,0,1,双平,S,3727.6000,3727.4000,3727.2000,3727.0000,3726.6000,3728.8000,3729.6000,3730.0000,3730.2000,3731.8000,1,1,1,1,1,1,1,4,5,1
SF,IF2005,2020-04-13 09:32:26.600,3728.6000,10303,0,152142540.000,0,-,-,-,-,3727.6000,3727.4000,3727.0000,3726.6000,3725.6000,3728.8000,3729.6000,3730.0000,3730.2000,3731.8000,1,1,1,1,1,1,1,4,5,1
SF,IF2005,2020-04-13 09:32:27.600,3728.6000,10303,0,152142540.000,0,-,-,-,-,3727.8000,3727.6000,3727.4000,3727.0000,3726.6000,3728.8000,3729.6000,3730.0000,3730.2000,3731.8000,1,1,1,1,1,1,1,4,5,1
SF,IF2005,2020-04-13 09:32:28.100,3728.6000,10303,0,152142540.000,0,-,-,-,-,3727.8000,3727.6000,3727.4000,3727.0000,3726.6000,3728.8000,3729.6000,3730.0000,3730.2000,3731.8000,1,1,1,1,1,1,1,4,5,1
SF,IF2005,2020-04-13 09:32:29.100,3728.6000,10303,0,152142540.000,0,-,-,-,-,3727.6000,3727.4000,3727.0000,3726.6000,3725.6000,3728.8000,3729.6000,3730.0000,3730.2000,3731.8000,1,1,1,1,1,1,1,4,5,1
SF,IF2005,2020-04-13 09:32:29.600,3728.6000,10303,0,152142540.000,0,-,-,-,-,3727.6000,3727.4000,3727.0000,3726.6000,3725.6000,3727.8000,3728.8000,3729.6000,3730.0000,3730.2000,1,1,1,1,1,1,1,1,4,5
SF,IF2005,2020-04-13 09:32:30.100,3727.8000,10303,0,153260880.000,1,0,1,多换,S,3727.6000,3727.4000,3727.0000,3726.6000,3726.4000,3728.8000,3729.6000,3730.0000,3730.2000,3731.8000,1,1,1,1,1,1,1,4,5,1
SF,IF2005,2020-04-13 09:32:33.100,3727.6000,10302,-1,154379160.000,1,0,1,双平,S,3727.4000,3727.0000,3726.6000,3726.4000,3725.6000,3727.6000,3728.8000,3729.6000,3730.0000,3730.2000,1,1,1,1,1,19,1,1,4,5
SF,IF2005,2020-04-13 09:32:33.600,3727.6000,10301,-1,156615660.000,2,0,2,多平,S,3727.0000,3726.6000,3726.4000,3725.6000,3725.2000,3727.6000,3728.8000,3729.6000,3730.0000,3730.2000,1,1,1,1,1,18,1,1,4,5
SF,IF2005,2020-04-13 09:32:34.600,3727.6000,10301,0,156615660.000,0,-,-,-,-,3727.0000,3726.6000,3725.6000,3725.2000,3722.0000,3727.6000,3728.8000,3729.6000,3730.0000,3730.2000,1,1,1,1,1,18,1,1,4,5
SF,IF2005,2020-04-13 09:32:35.100,3727.0000,10301,0,157733760.000,1,0,1,多换,S,3726.6000,3726.0000,3725.6000,3725.2000,3724.2000,3727.6000,3728.8000,3729.6000,3730.0000,3730.2000,1,1,1,1,1,18,1,1,4,5
SF,IF2005,2020-04-13 09:32:35.600,3727.0000,10301,0,157733760.000,0,-,-,-,-,3726.6000,3726.0000,3725.6000,3725.2000,3724.2000,3727.6000,3729.6000,3730.0000,3730.2000,3731.8000,1,1,1,1,1,18,1,4,5,1
SF,IF2005,2020-04-13 09:32:37.600,3726.6000,10301,0,158851740.000,1,0,1,多换,S,3726.0000,3725.6000,3725.2000,3724.2000,3722.0000,3727.6000,3729.6000,3730.0000,3730.2000,3731.8000,1,1,1,1,1,18,1,4,5,1
SF,IF2005,2020-04-13 09:32:38.100,3726.6000,10301,0,158851740.000,0,-,-,-,-,3725.6000,3725.2000,3722.0000,3721.4000,3721.0000,3727.4000,3727.6000,3729.6000,3730.0000,3730.2000,1,1,1,4,1,2,18,1,4,5
SF,IF2005,2020-04-13 09:32:38.600,3727.4000,10300,-1,159969960.000,1,0,1,双平,S,3725.8000,3725.6000,3725.2000,3722.0000,3721.4000,3727.4000,3727.6000,3729.6000,3730.0000,3730.2000,1,1,1,1,4,1,18,1,4,5
SF,IF2005,2020-04-13 09:32:39.100,3727.4000,10300,0,159969960.000,0,-,-,-,-,3725.8000,3725.6000,3725.2000,3723.6000,3723.2000,3727.2000,3727.4000,3727.6000,3729.6000,3730.0000,1,1,1,1,1,1,1,18,1,4
SF,IF2005,2020-04-13 09:32:39.600,3727.4000,10300,0,159969960.000,0,-,-,-,-,3725.8000,3725.6000,3725.2000,3723.6000,3723.2000,3727.2000,3727.4000,3727.6000,3729.6000,3730.0000,1,1,1,1,1,2,1,18,1,4
SF,IF2005,2020-04-13 09:32:40.100,3727.4000,10300,0,159969960.000,0,-,-,-,-,3725.8000,3725.6000,3725.2000,3723.6000,3723.2000,3727.0000,3727.2000,3727.4000,3727.6000,3729.6000,1,1,1,1,1,1,2,1,18,1
SF,IF2005,2020-04-13 09:32:40.600,3727.4000,10300,0,159969960.000,0,-,-,-,-,3725.6000,3725.2000,3723.6000,3723.2000,3722.0000,3726.8000,3727.0000,3727.2000,3727.4000,3727.6000,1,1,1,1,1,1,1,1,1,18
SF,IF2005,2020-04-13 09:32:41.100,3727.4000,10300,0,159969960.000,0,-,-,-,-,3725.6000,3725.2000,3723.6000,3723.2000,3722.0000,3725.8000,3726.6000,3726.8000,3727.0000,3727.2000,1,1,1,1,1,5,1,1,1,1
SF,IF2005,2020-04-13 09:32:41.600,3725.8000,10300,0,166676340.000,6,3,3,多换,S,3725.8000,3725.2000,3723.6000,3723.2000,3722.0000,3726.6000,3726.8000,3727.0000,3727.2000,3727.4000,1,1,1,1,1,2,1,1,1,1
SF,IF2005,2020-04-13 09:32:42.100,3725.8000,10300,0,166676340.000,0,-,-,-,-,3725.2000,3723.6000,3722.0000,3721.4000,3721.0000,3726.6000,3726.8000,3727.0000,3727.2000,3727.6000,1,1,1,4,1,2,1,1,1,18
SF,IF2005,2020-04-13 09:32:42.600,3726.4000,10299,-1,167794260.000,1,0,1,双平,S,3725.4000,3725.2000,3723.6000,3722.0000,3721.4000,3726.6000,3727.0000,3727.2000,3727.6000,3729.6000,3,1,1,1,4,2,1,1,18,1
SF,IF2005,2020-04-13 09:32:43.100,3726.6000,10298,-1,168912240.000,1,0,1,双平,S,3725.4000,3725.2000,3723.6000,3722.0000,3721.4000,3726.6000,3727.0000,3727.2000,3727.6000,3729.6000,3,1,1,1,4,1,6,1,18,1
SF,IF2005,2020-04-13 09:32:43.600,3726.6000,10298,0,168912240.000,0,-,-,-,-,3725.4000,3725.2000,3723.6000,3722.0000,3721.4000,3726.6000,3727.0000,3727.6000,3729.6000,3730.0000,3,1,1,1,4,1,6,18,1,4
SF,IF2005,2020-04-13 09:32:44.100,3726.6000,10298,0,168912240.000,0,-,-,-,-,3725.4000,3725.2000,3723.6000,3722.0000,3721.4000,3726.6000,3727.0000,3727.6000,3729.6000,3730.0000,3,1,1,1,4,1,6,18,1,4
SF,IF2005,2020-04-13 09:32:45.100,3725.4000,10297,-1,170029860.000,1,0,1,双平,S,3725.4000,3725.2000,3723.6000,3722.0000,3721.4000,3726.6000,3727.0000,3727.6000,3729.6000,3730.0000,3,1,1,1,4,1,6,18,1,4
SF,IF2005,2020-04-13 09:32:46.100,3725.4000,10297,0,170029860.000,0,-,-,-,-,3725.4000,3725.2000,3723.6000,3722.0000,3721.4000,3726.4000,3726.6000,3727.0000,3727.6000,3729.6000,1,1,1,1,4,1,1,6,18,1
SF,IF2005,2020-04-13 09:32:46.600,3725.4000,10297,0,170029860.000,0,-,-,-,-,3725.4000,3725.2000,3723.6000,3722.0000,3721.4000,3726.2000,3726.4000,3726.6000,3727.0000,3727.6000,1,1,1,1,4,1,1,1,6,18
SF,IF2005,2020-04-13 09:32:47.100,3725.4000,10297,0,170029860.000,0,-,-,-,-,3725.4000,3725.2000,3723.6000,3722.0000,3721.4000,3726.4000,3726.6000,3727.0000,3727.6000,3729.6000,1,1,1,1,4,1,1,6,18,1
SF,IF2005,2020-04-13 09:32:47.600,3726.0000,10296,-1,171147660.000,1,0,1,双平,S,3725.4000,3725.2000,3723.6000,3722.0000,3721.4000,3726.0000,3726.4000,3726.6000,3727.0000,3727.6000,1,1,1,1,4,4,1,1,6,18
SF,IF2005,2020-04-13 09:32:48.100,3726.0000,10295,-1,172265460.000,1,0,1,双平,S,3725.4000,3725.2000,3723.6000,3722.0000,3721.4000,3726.0000,3726.4000,3726.6000,3727.0000,3727.6000,1,1,1,1,4,3,1,1,6,18
SF,IF2005,2020-04-13 09:32:48.600,3726.0000,10293,-2,175618860.000,3,0,3,多平,S,3725.6000,3725.4000,3725.2000,3723.6000,3722.0000,3726.4000,3726.6000,3727.0000,3727.6000,3729.6000,1,1,1,1,1,1,1,6,18,1
SF,IF2005,2020-04-13 09:32:49.100,3726.0000,10293,0,175618860.000,0,-,-,-,-,3725.6000,3725.2000,3723.6000,3722.0000,3721.4000,3726.4000,3726.6000,3727.0000,3727.6000,3729.6000,2,1,1,1,4,1,1,6,18,1
SF,IF2005,2020-04-13 09:32:50.600,3726.0000,10293,0,175618860.000,0,-,-,-,-,3725.6000,3725.2000,3723.6000,3722.0000,3721.4000,3726.6000,3727.0000,3727.6000,3729.6000,3730.0000,2,1,1,1,4,1,6,18,1,4
SF,IF2005,2020-04-13 09:32:51.600,3726.0000,10293,0,175618860.000,0,-,-,-,-,3725.6000,3725.2000,3723.6000,3722.0000,3721.4000,3726.4000,3726.6000,3727.0000,3727.6000,3729.6000,2,1,1,1,4,1,1,6,18,1
SF,IF2005,2020-04-13 09:32:52.100,3726.0000,10293,0,175618860.000,0,-,-,-,-,3725.6000,3725.2000,3723.6000,3722.0000,3721.4000,3726.4000,3726.6000,3727.0000,3727.6000,3729.6000,2,1,1,1,4,1,1,6,18,1
SF,IF2005,2020-04-13 09:32:53.100,3726.0000,10293,0,175618860.000,0,-,-,-,-,3725.6000,3725.2000,3724.8000,3723.6000,3722.0000,3726.4000,3726.6000,3727.0000,3727.6000,3729.6000,2,1,1,1,1,1,1,6,18,1
SF,IF2005,2020-04-13 09:32:53.600,3726.0000,10293,0,175618860.000,0,-,-,-,-,3725.6000,3725.2000,3724.8000,3723.6000,3722.0000,3726.4000,3726.6000,3727.0000,3727.6000,3729.6000,2,1,1,1,1,1,1,6,18,1
SF,IF2005,2020-04-13 09:32:54.600,3726.0000,10293,0,175618860.000,0,-,-,-,-,3725.6000,3725.2000,3724.8000,3723.6000,3722.0000,3726.4000,3726.6000,3727.0000,3727.6000,3729.6000,1,1,1,1,1,1,1,6,18,1
SF,IF2005,2020-04-13 09:32:55.100,3726.0000,10293,0,175618860.000,0,-,-,-,-,3725.6000,3725.2000,3724.8000,3723.6000,3722.0000,3726.4000,3726.6000,3727.0000,3727.6000,3729.6000,1,1,1,1,1,1,1,6,18,1
SF,IF2005,2020-04-13 09:32:56.600,3726.0000,10293,0,175618860.000,0,-,-,-,-,3725.6000,3725.2000,3724.8000,3723.6000,3722.0000,3726.6000,3727.0000,3727.6000,3729.6000,3730.0000,1,1,1,1,1,1,6,18,1,4
SF,IF2005,2020-04-13 09:32:57.600,3726.6000,10292,-1,176736840.000,1,0,1,双平,S,3725.8000,3725.6000,3725.2000,3724.8000,3723.6000,3726.6000,3727.0000,3727.6000,3729.6000,3730.0000,3,2,1,1,1,1,6,18,1,4
SF,IF2005,2020-04-13 09:32:58.100,3726.6000,10292,0,176736840.000,0,-,-,-,-,3725.8000,3725.6000,3725.2000,3724.8000,3723.6000,3727.0000,3727.6000,3729.6000,3730.0000,3730.2000,2,1,1,1,1,6,18,1,4,5
SF,IF2005,2020-04-13 09:32:58.600,3726.6000,10292,0,176736840.000,0,-,-,-,-,3725.6000,3725.2000,3724.8000,3723.6000,3722.0000,3726.8000,3727.0000,3727.6000,3729.6000,3730.0000,1,1,1,1,1,1,6,18,1,4
SF,IF2005,2020-04-13 09:32:59.100,3726.6000,10292,0,176736840.000,0,-,-,-,-,3725.6000,3725.2000,3724.8000,3723.6000,3722.0000,3726.8000,3727.0000,3727.6000,3729.6000,3730.0000,1,1,1,1,1,2,6,18,1,4
SF,IF2005,2020-04-13 09:32:59.600,3726.6000,10292,0,176736840.000,0,-,-,-,-,3725.2000,3724.8000,3723.6000,3722.0000,3721.4000,3726.6000,3726.8000,3727.0000,3727.6000,3729.6000,1,1,1,1,4,1,1,6,18,1
SF,IF2005,2020-04-13 09:33:00.100,3726.6000,10292,0,176736840.000,0,-,-,-,-,3725.4000,3725.2000,3724.8000,3723.6000,3722.0000,3725.6000,3726.4000,3726.6000,3727.0000,3727.6000,1,1,1,1,1,5,1,1,6,18
SF,IF2005,2020-04-13 09:33:00.600,3725.6000,10291,-1,180089700.000,3,1,2,多平,S,3724.8000,3723.6000,3722.0000,3721.4000,3721.0000,3725.6000,3726.4000,3726.6000,3727.0000,3727.6000,1,1,1,4,1,4,1,1,6,18
SF,IF2005,2020-04-13 09:33:01.100,3725.6000,10294,3,184560420.000,4,3,1,空开,S,3725.6000,3725.0000,3724.8000,3722.0000,3721.4000,3726.4000,3726.6000,3727.0000,3727.6000,3728.2000,2,9,1,1,4,1,1,5,18,1
SF,IF2005,2020-04-13 09:33:01.600,3725.6000,10294,0,184560420.000,0,-,-,-,-,3725.6000,3725.0000,3724.8000,3722.6000,3722.0000,3726.4000,3726.6000,3727.0000,3727.6000,3729.6000,1,1,1,1,1,1,1,5,18,1
SF,IF2005,2020-04-13 09:33:02.100,3725.6000,10293,-1,185678100.000,1,0,1,双平,S,3725.0000,3724.8000,3722.6000,3722.0000,3721.4000,3726.2000,3726.4000,3727.0000,3727.6000,3729.6000,1,1,1,1,4,1,1,5,18,1
SF,IF2005,2020-04-13 09:33:02.600,3725.6000,10293,0,185678100.000,0,-,-,-,-,3725.0000,3724.8000,3722.6000,3722.0000,3721.4000,3726.2000,3726.4000,3727.0000,3727.6000,3729.6000,1,1,1,1,4,1,1,5,18,1
SF,IF2005,2020-04-13 09:33:03.100,3725.6000,10293,0,185678100.000,0,-,-,-,-,3725.0000,3724.8000,3722.6000,3722.0000,3721.4000,3726.2000,3726.4000,3727.0000,3727.6000,3729.6000,1,1,1,1,4,1,1,5,18,1
SF,IF2005,2020-04-13 09:33:04.100,3725.6000,10293,0,185678100.000,0,-,-,-,-,3725.0000,3724.8000,3722.6000,3722.0000,3721.4000,3726.0000,3726.2000,3726.4000,3727.0000,3727.6000,1,1,1,1,4,1,1,1,5,18
SF,IF2005,2020-04-13 09:33:04.600,3725.6000,10293,0,185678100.000,0,-,-,-,-,3725.2000,3725.0000,3724.8000,3722.6000,3722.0000,3726.0000,3726.2000,3726.4000,3727.0000,3727.6000,1,1,1,1,1,1,1,1,5,18
SF,IF2005,2020-04-13 09:33:05.100,3725.6000,10293,0,185678100.000,0,-,-,-,-,3725.2000,3725.0000,3724.8000,3722.6000,3722.0000,3725.8000,3726.0000,3726.4000,3727.0000,3727.6000,1,1,1,1,1,1,1,1,5,18
SF,IF2005,2020-04-13 09:33:05.600,3721.4000,10293,0,192380400.000,6,3,3,多换,S,3721.4000,3721.0000,3720.0000,3716.0000,3715.0000,3725.8000,3726.0000,3726.4000,3727.0000,3727.6000,3,1,4,1,5,1,1,1,5,18
SF,IF2005,2020-04-13 09:33:06.100,3725.6000,10293,0,193498080.000,1,0,1,多换,S,3724.4000,3724.2000,3724.0000,3723.8000,3723.4000,3725.2000,3725.6000,3725.8000,3726.0000,3727.0000,2,1,3,2,3,1,1,1,1,5
SF,IF2005,2020-04-13 09:33:06.600,3725.6000,10293,0,193498080.000,0,-,-,-,-,3724.4000,3724.2000,3724.0000,3723.8000,3723.4000,3724.6000,3725.2000,3726.0000,3727.0000,3727.6000,1,1,3,1,3,1,1,1,5,18
SF,IF2005,2020-04-13 09:33:07.100,3724.6000,10292,-1,194615460.000,1,0,1,双平,S,3724.8000,3724.6000,3724.4000,3724.2000,3724.0000,3725.2000,3727.0000,3727.6000,3729.6000,3730.0000,1,2,1,1,3,1,5,18,1,4
SF,IF2005,2020-04-13 09:33:07.600,3724.6000,10291,-1,195732840.000,1,0,1,双平,S,3724.6000,3724.4000,3724.2000,3724.0000,3723.8000,3725.2000,3727.0000,3727.6000,3729.6000,3730.0000,1,1,1,3,1,1,5,18,1,4
SF,IF2005,2020-04-13 09:33:08.100,3724.6000,10291,0,195732840.000,0,-,-,-,-,3724.4000,3724.2000,3724.0000,3723.8000,3723.4000,3725.2000,3727.0000,3727.6000,3729.6000,3730.0000,1,1,3,1,3,1,5,18,1,4
SF,IF2005,2020-04-13 09:33:08.600,3724.4000,10290,-1,196850160.000,1,0,1,双平,S,3724.2000,3724.0000,3723.4000,3723.2000,3723.0000,3725.0000,3727.0000,3727.6000,3729.6000,3730.0000,1,3,3,2,2,2,5,18,1,4
SF,IF2005,2020-04-13 09:33:09.100,3724.8000,10289,-1,199084860.000,2,0,2,多平,S,3724.0000,3723.4000,3722.8000,3722.6000,3722.4000,3725.0000,3727.0000,3727.6000,3729.6000,3730.0000,1,2,2,1,1,2,5,18,1,4
SF,IF2005,2020-04-13 09:33:09.600,3724.8000,10287,-2,201319500.000,2,0,2,双平,S,3722.6000,3722.2000,3722.0000,3721.8000,3721.6000,3724.8000,3725.0000,3727.0000,3727.6000,3729.6000,1,11,3,10,18,3,1,5,18,1
SF,IF2005,2020-04-13 09:33:10.100,3724.8000,10286,-1,202436940.000,1,0,1,双平,S,3722.8000,3722.2000,3722.0000,3721.8000,3721.6000,3724.6000,3724.8000,3725.0000,3727.0000,3727.6000,1,9,3,6,14,3,2,1,5,18
SF,IF2005,2020-04-13 09:33:10.600,3724.8000,10285,-1,203554380.000,1,0,1,双平,S,3723.0000,3722.8000,3721.8000,3721.6000,3721.4000,3724.4000,3724.6000,3725.0000,3727.0000,3727.6000,3,3,4,13,2,1,1,1,5,18
SF,IF2005,2020-04-13 09:33:11.100,3724.8000,10285,0,203554380.000,0,-,-,-,-,3723.2000,3721.8000,3721.6000,3721.4000,3721.0000,3724.2000,3724.4000,3724.6000,3725.0000,3727.0000,1,4,10,2,1,2,2,1,1,5
SF,IF2005,2020-04-13 09:33:11.600,3723.6000,10286,1,205788840.000,2,1,1,空开,S,3723.6000,3721.8000,3721.6000,3721.4000,3721.0000,3724.2000,3724.4000,3724.8000,3727.0000,3727.6000,1,4,6,2,1,2,2,2,5,18
SF,IF2005,2020-04-13 09:33:12.100,3723.6000,10286,0,206905920.000,1,0,1,多换,S,3721.8000,3721.6000,3721.4000,3721.0000,3720.2000,3724.0000,3724.2000,3724.4000,3724.8000,3727.0000,3,5,2,1,2,1,1,2,1,5
SF,IF2005,2020-04-13 09:33:12.600,3723.6000,10286,0,206905920.000,0,-,-,-,-,3722.0000,3721.8000,3721.6000,3721.4000,3721.0000,3723.6000,3723.8000,3724.4000,3724.8000,3727.0000,1,1,5,2,1,1,2,2,1,5
SF,IF2005,2020-04-13 09:33:13.100,3723.6000,10286,0,206905920.000,0,-,-,-,-,3722.2000,3722.0000,3721.6000,3721.4000,3721.0000,3723.8000,3724.4000,3724.8000,3727.0000,3727.6000,2,1,4,2,1,2,2,1,5,18
SF,IF2005,2020-04-13 09:33:13.600,3723.6000,10285,-1,208023000.000,1,0,1,双平,S,3722.4000,3721.6000,3721.4000,3721.0000,3720.0000,3723.8000,3724.4000,3727.0000,3727.6000,3729.6000,1,4,2,1,5,2,2,5,18,1
SF,IF2005,2020-04-13 09:33:14.100,3723.6000,10285,0,208023000.000,0,-,-,-,-,3722.6000,3722.4000,3721.6000,3721.4000,3721.0000,3723.8000,3727.0000,3727.6000,3729.6000,3730.0000,3,4,5,3,1,1,5,18,1,4
SF,IF2005,2020-04-13 09:33:14.600,3723.6000,10285,0,208023000.000,0,-,-,-,-,3722.8000,3721.6000,3721.4000,3721.0000,3720.0000,3723.8000,3727.0000,3727.6000,3729.6000,3730.0000,3,5,3,1,5,1,5,18,1,4
SF,IF2005,2020-04-13 09:33:15.100,3723.6000,10285,0,208023000.000,0,-,-,-,-,3722.8000,3721.6000,3721.4000,3721.0000,3720.0000,3723.8000,3727.0000,3727.6000,3729.6000,3730.0000,3,5,5,1,5,1,5,18,1,4
SF,IF2005,2020-04-13 09:33:15.600,3723.8000,10284,-1,209140140.000,1,0,1,双平,S,3722.8000,3721.6000,3721.4000,3721.0000,3720.0000,3724.4000,3727.0000,3727.6000,3729.6000,3730.0000,3,5,5,1,5,1,5,18,1,4
SF,IF2005,2020-04-13 09:33:16.100,3723.8000,10284,0,209140140.000,0,-,-,-,-,3722.8000,3721.8000,3721.6000,3721.4000,3721.0000,3724.2000,3724.4000,3727.0000,3727.6000,3729.6000,1,1,5,3,1,1,1,5,18,1
SF,IF2005,2020-04-13 09:33:16.600,3723.8000,10284,0,209140140.000,0,-,-,-,-,3723.0000,3722.8000,3721.8000,3721.6000,3721.4000,3724.2000,3724.4000,3727.0000,3727.6000,3729.6000,2,1,1,5,5,1,1,5,18,1
SF,IF2005,2020-04-13 09:33:17.100,3723.8000,10284,0,209140140.000,0,-,-,-,-,3723.2000,3723.0000,3721.8000,3721.6000,3721.4000,3724.0000,3724.2000,3727.0000,3727.6000,3729.6000,1,2,1,5,5,1,1,5,18,1
SF,IF2005,2020-04-13 09:33:17.600,3723.8000,10284,0,209140140.000,0,-,-,-,-,3721.8000,3721.6000,3721.4000,3721.0000,3720.4000,3724.0000,3724.2000,3727.0000,3727.6000,3729.6000,1,5,4,1,1,2,1,5,18,1
SF,IF2005,2020-04-13 09:33:18.100,3723.8000,10283,-1,210257280.000,1,0,1,双平,S,3722.2000,3722.0000,3721.8000,3721.6000,3721.4000,3724.0000,3727.0000,3727.6000,3729.6000,3730.0000,4,5,1,5,4,2,5,18,1,4
SF,IF2005,2020-04-13 09:33:18.600,3723.8000,10283,0,210257280.000,0,-,-,-,-,3722.8000,3722.4000,3722.2000,3722.0000,3721.8000,3723.8000,3724.0000,3727.0000,3727.6000,3729.6000,1,3,7,4,1,1,1,5,18,1
SF,IF2005,2020-04-13 09:33:19.100,3723.8000,10283,0,210257280.000,0,-,-,-,-,3722.8000,3722.4000,3722.2000,3722.0000,3721.8000,3723.8000,3724.0000,3727.0000,3727.6000,3729.6000,1,1,3,4,1,1,1,5,18,1
SF,IF2005,2020-04-13 09:33:19.600,3723.8000,10283,0,210257280.000,0,-,-,-,-,3722.8000,3722.4000,3722.2000,3722.0000,3721.8000,3723.8000,3724.0000,3724.6000,3727.0000,3727.6000,1,1,3,4,1,1,1,3,5,18
SF,IF2005,2020-04-13 09:33:20.100,3723.8000,10283,0,210257280.000,0,-,-,-,-,3722.8000,3722.4000,3722.2000,3722.0000,3721.8000,3723.8000,3724.0000,3724.6000,3727.0000,3727.6000,1,1,3,4,1,1,1,3,5,18
SF,IF2005,2020-04-13 09:33:20.600,3723.8000,10283,0,210257280.000,0,-,-,-,-,3723.0000,3722.8000,3722.2000,3722.0000,3721.8000,3724.0000,3724.6000,3727.0000,3727.6000,3729.2000,2,1,3,4,1,1,3,5,18,3
SF,IF2005,2020-04-13 09:33:21.100,3723.8000,10283,0,210257280.000,0,-,-,-,-,3723.0000,3722.8000,3722.2000,3722.0000,3721.8000,3724.0000,3724.6000,3727.0000,3727.6000,3729.2000,3,1,3,4,1,1,3,5,18,3
SF,IF2005,2020-04-13 09:33:21.600,3723.8000,10283,0,210257280.000,0,-,-,-,-,3723.0000,3722.8000,3722.2000,3722.0000,3721.8000,3724.0000,3724.6000,3727.0000,3727.6000,3729.2000,1,1,3,4,1,1,3,5,18,3
SF,IF2005,2020-04-13 09:33:22.100,3724.0000,10282,-1,211374480.000,1,0,1,双平,S,3723.2000,3723.0000,3722.8000,3722.2000,3722.0000,3724.6000,3727.0000,3727.6000,3729.2000,3729.6000,2,1,1,3,4,3,5,18,3,1
SF,IF2005,2020-04-13 09:33:22.600,3724.0000,10282,0,211374480.000,0,-,-,-,-,3723.4000,3723.2000,3722.8000,3722.2000,3722.0000,3724.6000,3727.0000,3727.6000,3729.2000,3729.6000,3,4,1,2,4,3,5,18,3,1
SF,IF2005,2020-04-13 09:33:23.100,3724.0000,10282,0,211374480.000,0,-,-,-,-,3723.4000,3723.2000,3722.8000,3722.2000,3722.0000,3724.6000,3727.0000,3727.6000,3729.2000,3729.6000,3,3,1,2,4,3,5,18,3,1
SF,IF2005,2020-04-13 09:33:23.600,3724.6000,10282,0,212491860.000,1,0,1,多换,S,3724.0000,3723.8000,3723.6000,3723.4000,3723.2000,3724.6000,3727.0000,3727.6000,3729.2000,3729.6000,1,1,1,3,2,2,5,18,3,1
SF,IF2005,2020-04-13 09:33:24.100,3724.6000,10280,-2,214726620.000,2,0,2,双平,S,3724.0000,3723.8000,3723.6000,3723.4000,3723.2000,3727.0000,3727.6000,3729.2000,3729.6000,3730.0000,3,1,2,3,3,5,18,3,1,4
SF,IF2005,2020-04-13 09:33:24.600,3724.6000,10280,0,214726620.000,0,-,-,-,-,3724.2000,3724.0000,3723.8000,3723.6000,3723.4000,3726.2000,3726.8000,3727.0000,3727.6000,3729.2000,1,3,1,2,1,1,8,5,18,3
SF,IF2005,2020-04-13 09:33:25.100,3724.0000,10281,1,215843820.000,1,1,0,双开,S,3724.4000,3724.0000,3723.6000,3723.2000,3722.8000,3726.0000,3726.6000,3726.8000,3727.0000,3727.6000,1,1,1,2,2,1,3,8,5,18
SF,IF2005,2020-04-13 09:33:25.600,3724.4000,10280,-1,216961140.000,1,0,1,双平,S,3724.0000,3723.6000,3722.8000,3722.6000,3722.2000,3725.2000,3725.6000,3726.0000,3726.8000,3727.0000,1,1,2,1,2,1,2,5,5,5
SF,IF2005,2020-04-13 09:33:26.100,3724.4000,10280,0,216961140.000,0,-,-,-,-,3724.0000,3723.6000,3722.8000,3722.6000,3722.2000,3725.0000,3725.6000,3726.0000,3726.8000,3727.0000,1,1,1,1,2,1,1,4,5,5
SF,IF2005,2020-04-13 09:33:26.600,3724.4000,10280,0,216961140.000,0,-,-,-,-,3724.0000,3723.6000,3722.8000,3722.2000,3722.0000,3725.0000,3725.6000,3726.0000,3726.8000,3727.0000,1,1,1,2,3,1,1,4,5,5
SF,IF2005,2020-04-13 09:33:27.100,3724.4000,10280,0,216961140.000,0,-,-,-,-,3724.0000,3723.6000,3722.8000,3722.2000,3722.0000,3724.6000,3725.0000,3725.6000,3726.0000,3726.8000,1,1,1,2,4,1,1,1,4,5
SF,IF2005,2020-04-13 09:33:27.600,3724.4000,10280,0,216961140.000,0,-,-,-,-,3724.0000,3723.6000,3722.8000,3722.2000,3722.0000,3725.0000,3725.6000,3726.0000,3726.8000,3727.0000,1,1,1,2,4,1,1,4,3,5
SF,IF2005,2020-04-13 09:33:28.100,3724.0000,10280,0,218078340.000,1,0,1,多换,S,3723.6000,3722.8000,3722.2000,3722.0000,3721.8000,3725.0000,3725.6000,3726.0000,3726.8000,3727.0000,1,1,2,4,6,1,1,4,3,5
SF,IF2005,2020-04-13 09:33:28.600,3724.0000,10280,0,218078340.000,0,-,-,-,-,3722.8000,3722.2000,3722.0000,3721.8000,3721.6000,3724.8000,3725.0000,3725.6000,3726.0000,3726.8000,1,2,4,6,7,1,1,1,4,3
SF,IF2005,2020-04-13 09:33:29.100,3724.0000,10280,0,218078340.000,0,-,-,-,-,3723.0000,3722.8000,3722.2000,3722.0000,3721.8000,3724.6000,3724.8000,3725.0000,3725.2000,3725.6000,1,1,3,4,6,1,1,1,1,1
SF,IF2005,2020-04-13 09:33:29.600,3724.0000,10280,0,218078340.000,0,-,-,-,-,3723.0000,3722.8000,3722.2000,3722.0000,3721.8000,3724.4000,3724.6000,3725.0000,3725.2000,3725.6000,1,1,3,4,6,1,1,1,1,1
SF,IF2005,2020-04-13 09:33:30.100,3724.0000,10280,0,218078340.000,0,-,-,-,-,3723.0000,3722.8000,3722.2000,3722.0000,3721.8000,3724.4000,3724.6000,3725.0000,3725.2000,3725.6000,1,1,3,4,6,1,1,1,1,1
SF,IF2005,2020-04-13 09:33:30.600,3724.0000,10280,0,218078340.000,0,-,-,-,-,3723.0000,3722.8000,3722.2000,3722.0000,3721.8000,3724.4000,3724.6000,3725.0000,3725.2000,3725.6000,1,1,3,4,2,1,1,1,1,1
SF,IF2005,2020-04-13 09:33:31.100,3724.0000,10280,0,218078340.000,0,-,-,-,-,3723.0000,3722.8000,3722.2000,3722.0000,3721.8000,3724.4000,3724.6000,3725.0000,3725.2000,3725.6000,1,1,3,4,2,1,1,1,1,1
SF,IF2005,2020-04-13 09:33:31.600,3723.0000,10279,-1,219195240.000,1,0,1,双平,S,3722.8000,3722.2000,3722.0000,3721.8000,3721.6000,3723.0000,3724.4000,3724.6000,3725.0000,3725.2000,1,3,4,2,7,19,1,1,1,1
SF,IF2005,2020-04-13 09:33:32.100,3723.0000,10263,-16,240416340.000,19,1,18,多平,S,3723.4000,3723.0000,3722.8000,3722.2000,3722.0000,3724.4000,3724.6000,3725.0000,3725.2000,3725.6000,1,4,2,3,4,1,1,1,1,1
SF,IF2005,2020-04-13 09:33:32.600,3724.4000,10260,-3,243768000.000,3,0,3,双平,S,3724.4000,3723.0000,3722.8000,3722.2000,3722.0000,3724.6000,3725.0000,3725.2000,3725.6000,3726.0000,1,2,1,3,4,1,1,1,1,4
SF,IF2005,2020-04-13 09:33:33.100,3724.4000,10259,-1,244885320.000,1,0,1,双平,S,3723.0000,3722.8000,3722.2000,3722.0000,3721.8000,3724.2000,3725.0000,3725.2000,3725.6000,3726.0000,1,1,3,4,1,2,1,1,1,4
SF,IF2005,2020-04-13 09:33:33.600,3724.4000,10259,0,244885320.000,0,-,-,-,-,3723.0000,3722.8000,3722.2000,3722.0000,3721.8000,3724.0000,3725.0000,3725.2000,3725.6000,3726.0000,2,1,3,4,2,1,1,1,1,4
SF,IF2005,2020-04-13 09:33:34.100,3724.4000,10259,0,244885320.000,0,-,-,-,-,3723.0000,3722.8000,3722.2000,3722.0000,3721.8000,3724.0000,3725.0000,3725.2000,3725.6000,3726.0000,1,1,3,4,2,1,1,1,1,4
SF,IF2005,2020-04-13 09:33:34.600,3723.2000,10258,-1,246002280.000,1,0,1,双平,S,3723.0000,3722.8000,3722.2000,3722.0000,3721.8000,3724.0000,3725.0000,3725.2000,3725.6000,3726.0000,1,1,3,4,2,1,1,1,1,4
SF,IF2005,2020-04-13 09:33:35.100,3723.2000,10258,0,246002280.000,0,-,-,-,-,3723.0000,3722.8000,3722.2000,3722.0000,3721.8000,3724.0000,3725.0000,3725.2000,3725.6000,3726.0000,1,1,3,3,2,1,1,1,1,4
SF,IF2005,2020-04-13 09:33:35.600,3723.2000,10258,0,246002280.000,0,-,-,-,-,3723.2000,3723.0000,3722.8000,3722.2000,3722.0000,3725.0000,3725.2000,3725.6000,3726.0000,3726.8000,1,1,1,3,3,1,1,1,4,3
SF,IF2005,2020-04-13 09:33:36.100,3723.2000,10258,0,246002280.000,0,-,-,-,-,3722.8000,3722.2000,3722.0000,3721.8000,3721.6000,3724.4000,3724.8000,3725.0000,3725.2000,3725.6000,1,3,3,2,7,1,1,1,1,1
SF,IF2005,2020-04-13 09:33:36.600,3723.2000,10258,0,246002280.000,0,-,-,-,-,3722.8000,3722.2000,3722.0000,3721.8000,3721.6000,3723.2000,3724.2000,3725.0000,3725.2000,3726.0000,1,3,3,2,7,1,1,1,1,4
SF,IF2005,2020-04-13 09:33:37.100,3723.2000,10258,0,247119240.000,1,0,1,多换,S,3722.8000,3722.2000,3722.0000,3721.8000,3721.6000,3724.2000,3725.0000,3725.2000,3726.0000,3726.8000,1,1,1,2,5,1,1,1,4,3
SF,IF2005,2020-04-13 09:33:37.600,3723.2000,10258,0,247119240.000,0,-,-,-,-,3722.8000,3722.2000,3722.0000,3721.8000,3721.6000,3724.2000,3725.0000,3725.2000,3726.0000,3726.8000,1,1,1,2,2,1,1,1,4,3
SF,IF2005,2020-04-13 09:33:38.100,3723.2000,10258,0,247119240.000,0,-,-,-,-,3723.0000,3722.8000,3722.2000,3722.0000,3721.6000,3724.2000,3725.0000,3725.2000,3726.0000,3726.8000,1,1,1,1,3,1,1,1,4,3
SF,IF2005,2020-04-13 09:33:38.600,3723.2000,10258,0,247119240.000,0,-,-,-,-,3722.8000,3722.2000,3722.0000,3721.6000,3721.4000,3724.2000,3725.0000,3725.2000,3726.0000,3726.8000,1,1,1,3,2,1,1,1,4,3
SF,IF2005,2020-04-13 09:33:39.100,3723.0000,10258,0,248236140.000,1,0,1,多换,S,3722.8000,3722.2000,3722.0000,3721.6000,3721.4000,3724.2000,3725.0000,3725.2000,3726.0000,3726.8000,1,1,1,3,2,1,1,1,4,3
SF,IF2005,2020-04-13 09:33:39.600,3723.0000,10258,0,248236140.000,0,-,-,-,-,3723.0000,3722.8000,3722.2000,3722.0000,3721.6000,3724.2000,3725.0000,3725.2000,3726.0000,3726.8000,1,1,1,1,3,1,1,1,4,3
SF,IF2005,2020-04-13 09:33:40.100,3723.0000,10258,0,248236140.000,0,-,-,-,-,3722.8000,3722.2000,3722.0000,3721.6000,3721.4000,3724.2000,3725.0000,3725.2000,3726.0000,3726.8000,1,1,1,3,3,1,1,1,4,3
SF,IF2005,2020-04-13 09:33:40.600,3723.0000,10258,0,248236140.000,0,-,-,-,-,3722.8000,3722.2000,3722.0000,3721.6000,3721.4000,3723.0000,3724.2000,3725.0000,3726.0000,3726.8000,1,1,1,3,2,1,1,1,4,3
SF,IF2005,2020-04-13 09:33:41.100,3723.0000,10258,0,248236140.000,0,-,-,-,-,3722.8000,3722.2000,3721.6000,3721.4000,3721.0000,3723.0000,3724.2000,3725.0000,3726.0000,3726.8000,1,1,3,2,1,1,1,1,4,3
SF,IF2005,2020-04-13 09:33:41.600,3723.0000,10258,0,249353040.000,1,0,1,多换,S,3722.8000,3722.2000,3721.6000,3721.4000,3721.0000,3724.2000,3725.0000,3726.0000,3726.8000,3727.0000,1,1,2,2,1,1,1,4,3,5
SF,IF2005,2020-04-13 09:33:42.100,3723.0000,10258,0,249353040.000,0,-,-,-,-,3722.8000,3722.2000,3721.6000,3721.4000,3721.0000,3724.0000,3724.2000,3725.0000,3726.0000,3726.8000,1,1,2,2,1,2,1,1,4,3
SF,IF2005,2020-04-13 09:33:42.600,3723.0000,10258,0,249353040.000,0,-,-,-,-,3723.0000,3722.8000,3722.2000,3721.6000,3721.4000,3723.6000,3723.8000,3725.0000,3726.0000,3726.8000,1,1,1,2,2,1,1,1,4,3
SF,IF2005,2020-04-13 09:33:43.100,3723.0000,10258,0,250469940.000,1,0,1,多换,S,3722.8000,3722.2000,3721.6000,3721.4000,3721.0000,3723.6000,3723.8000,3725.0000,3726.0000,3726.8000,1,1,2,2,1,1,1,1,4,3
SF,IF2005,2020-04-13 09:33:43.600,3723.0000,10258,0,250469940.000,0,-,-,-,-,3722.8000,3722.2000,3721.6000,3721.4000,3721.0000,3723.6000,3725.0000,3726.0000,3726.8000,3727.0000,1,1,2,2,1,1,1,4,3,5
SF,IF2005,2020-04-13 09:33:44.100,3723.0000,10258,0,250469940.000,0,-,-,-,-,3722.8000,3722.2000,3721.6000,3721.4000,3721.0000,3723.6000,3725.0000,3726.0000,3726.8000,3727.0000,1,1,2,6,1,1,1,4,3,5
SF,IF2005,2020-04-13 09:33:45.600,3722.8000,10258,0,251586780.000,1,0,1,多换,S,3722.2000,3722.0000,3721.6000,3721.4000,3721.0000,3722.8000,3723.6000,3725.0000,3726.0000,3726.8000,1,2,2,6,1,1,1,1,4,3
SF,IF2005,2020-04-13 09:33:46.100,3722.8000,10257,-1,252703620.000,1,0,1,双平,S,3722.4000,3722.2000,3722.0000,3721.6000,3721.4000,3723.6000,3725.0000,3726.0000,3726.8000,3727.0000,1,1,2,2,6,1,1,4,3,5
SF,IF2005,2020-04-13 09:33:46.600,3722.8000,10257,0,252703620.000,0,-,-,-,-,3722.6000,3722.4000,3722.2000,3722.0000,3721.6000,3723.6000,3725.0000,3726.0000,3726.8000,3727.0000,1,1,1,2,2,1,1,4,3,5
SF,IF2005,2020-04-13 09:33:47.100,3723.6000,10257,0,253820700.000,1,0,1,多换,S,3722.6000,3722.4000,3722.2000,3722.0000,3721.6000,3725.0000,3726.0000,3726.6000,3726.8000,3727.0000,1,1,1,2,2,1,4,1,3,5
SF,IF2005,2020-04-13 09:33:47.600,3723.6000,10257,0,253820700.000,0,-,-,-,-,3722.6000,3722.4000,3722.2000,3722.0000,3721.6000,3724.4000,3724.8000,3725.0000,3726.0000,3726.6000,1,1,1,2,2,1,4,1,4,1
SF,IF2005,2020-04-13 09:33:48.100,3723.6000,10257,0,253820700.000,0,-,-,-,-,3722.6000,3722.4000,3722.2000,3722.0000,3721.6000,3724.2000,3724.8000,3725.0000,3726.0000,3726.6000,1,1,1,2,2,1,3,1,4,1
SF,IF2005,2020-04-13 09:33:48.600,3723.6000,10257,0,253820700.000,0,-,-,-,-,3722.6000,3722.4000,3722.2000,3722.0000,3721.6000,3724.2000,3724.8000,3725.0000,3726.0000,3726.6000,1,1,1,2,2,1,1,1,4,1
SF,IF2005,2020-04-13 09:33:50.100,3722.6000,10256,-1,254937480.000,1,0,1,双平,S,3722.4000,3722.2000,3722.0000,3721.6000,3721.4000,3722.6000,3724.2000,3724.8000,3725.0000,3726.0000,1,1,2,2,2,9,1,1,1,4
SF,IF2005,2020-04-13 09:33:50.600,3722.6000,10250,-6,262754940.000,7,0,7,多平,S,3722.4000,3722.2000,3722.0000,3721.6000,3721.4000,3722.6000,3724.2000,3724.8000,3725.0000,3726.0000,1,1,2,2,2,2,1,1,1,4
SF,IF2005,2020-04-13 09:33:51.600,3722.6000,10249,-1,264988500.000,2,0,2,多平,S,3722.2000,3722.0000,3721.6000,3721.4000,3721.0000,3724.2000,3724.8000,3725.0000,3726.0000,3726.6000,1,2,2,2,1,1,1,1,4,1
SF,IF2005,2020-04-13 09:33:52.100,3722.6000,10249,0,264988500.000,0,-,-,-,-,3722.4000,3722.2000,3722.0000,3721.6000,3721.4000,3724.0000,3724.2000,3725.0000,3726.0000,3726.6000,2,1,2,2,2,2,1,1,4,1
SF,IF2005,2020-04-13 09:33:52.600,3723.8000,10248,-1,266105640.000,1,0,1,双平,S,3723.6000,3722.4000,3722.2000,3722.0000,3721.6000,3723.8000,3724.0000,3725.0000,3726.0000,3726.6000,1,1,1,2,2,1,2,1,4,1
SF,IF2005,2020-04-13 09:33:53.100,3723.6000,10248,0,267222720.000,1,0,1,多换,S,3722.2000,3722.0000,3721.6000,3721.4000,3721.0000,3723.2000,3723.4000,3723.6000,3723.8000,3724.0000,1,2,2,3,1,2,1,1,1,1
SF,IF2005,2020-04-13 09:33:53.600,3723.6000,10248,0,268339800.000,1,0,1,多换,S,3722.4000,3722.2000,3722.0000,3721.6000,3721.4000,3723.8000,3724.0000,3725.0000,3726.0000,3726.6000,1,1,2,2,3,1,1,1,4,1
SF,IF2005,2020-04-13 09:33:54.100,3723.6000,10248,0,268339800.000,0,-,-,-,-,3722.4000,3722.2000,3722.0000,3721.6000,3721.4000,3723.6000,3723.8000,3724.0000,3725.0000,3726.0000,1,1,2,2,2,2,1,1,1,4
SF,IF2005,2020-04-13 09:33:54.600,3722.2000,10247,-1,270573180.000,2,0,2,多平,S,3722.0000,3721.4000,3721.0000,3720.4000,3720.0000,3723.6000,3723.8000,3724.0000,3725.0000,3726.0000,2,1,1,1,5,2,1,1,1,4
SF,IF2005,2020-04-13 09:33:55.100,3722.0000,10245,-2,272806380.000,2,0,2,双平,S,3721.0000,3720.0000,3719.6000,3718.6000,3718.4000,3723.0000,3723.2000,3723.4000,3723.6000,3723.8000,1,5,1,1,1,1,1,4,2,1
SF,IF2005,2020-04-13 09:33:55.600,3722.0000,10245,0,272806380.000,0,-,-,-,-,3721.2000,3721.0000,3720.0000,3719.6000,3719.0000,3722.8000,3723.2000,3723.4000,3723.6000,3723.8000,1,1,5,1,1,2,1,2,1,1
SF,IF2005,2020-04-13 09:33:56.100,3721.2000,10243,-2,275039400.000,2,0,2,双平,S,3721.0000,3720.0000,3719.0000,3718.4000,3717.8000,3722.4000,3722.8000,3723.6000,3723.8000,3724.0000,1,5,1,2,2,1,2,1,1,1
SF,IF2005,2020-04-13 09:33:56.600,3721.2000,10243,0,275039400.000,0,-,-,-,-,3721.2000,3721.0000,3720.0000,3719.0000,3718.4000,3722.8000,3723.6000,3725.0000,3726.0000,3726.6000,1,1,5,1,1,2,1,6,2,1
SF,IF2005,2020-04-13 09:33:57.100,3721.2000,10243,0,275039400.000,0,-,-,-,-,3721.2000,3721.0000,3720.0000,3719.0000,3718.4000,3722.6000,3722.8000,3723.6000,3725.0000,3726.0000,1,1,5,1,1,2,2,1,6,2
SF,IF2005,2020-04-13 09:33:57.600,3721.2000,10243,0,275039400.000,0,-,-,-,-,3721.0000,3720.0000,3719.0000,3718.4000,3717.8000,3722.4000,3722.6000,3722.8000,3723.6000,3725.0000,1,5,1,1,2,1,2,1,1,6
SF,IF2005,2020-04-13 09:33:58.100,3721.2000,10243,0,275039400.000,0,-,-,-,-,3721.0000,3720.0000,3719.0000,3718.4000,3717.8000,3721.2000,3722.0000,3722.2000,3722.4000,3722.6000,1,5,1,1,2,1,1,1,1,2
SF,IF2005,2020-04-13 09:33:58.600,3721.2000,10243,0,275039400.000,0,-,-,-,-,3721.0000,3720.0000,3719.0000,3718.4000,3717.8000,3721.2000,3722.0000,3722.2000,3722.4000,3722.6000,1,5,1,1,2,1,1,1,1,2
SF,IF2005,2020-04-13 09:33:59.100,3721.0000,10242,-1,276155700.000,1,0,1,双平,S,3720.0000,3718.4000,3717.8000,3717.6000,3716.4000,3721.2000,3722.0000,3722.2000,3722.4000,3722.6000,5,1,2,5,8,1,1,1,1,2
SF,IF2005,2020-04-13 09:33:59.600,3721.0000,10242,0,276155700.000,0,-,-,-,-,3720.0000,3718.4000,3717.8000,3717.6000,3716.0000,3721.2000,3722.0000,3722.2000,3722.4000,3722.6000,5,1,2,5,1,1,1,1,1,2
SF,IF2005,2020-04-13 09:34:00.100,3721.0000,10242,0,276155700.000,0,-,-,-,-,3720.2000,3720.0000,3717.8000,3717.6000,3716.0000,3721.0000,3721.2000,3722.0000,3722.2000,3722.4000,1,5,2,2,1,1,1,1,1,1
SF,IF2005,2020-04-13 09:34:00.600,3721.0000,10242,0,276155700.000,0,-,-,-,-,3720.2000,3720.0000,3717.8000,3717.6000,3716.0000,3721.0000,3721.2000,3722.0000,3722.2000,3722.4000,1,5,2,2,1,1,1,1,1,1
SF,IF2005,2020-04-13 09:34:01.100,3720.0000,10240,-2,278387760.000,2,0,2,双平,S,3720.0000,3717.6000,3716.0000,3715.0000,3714.6000,3721.0000,3721.2000,3722.0000,3722.2000,3722.4000,4,2,1,4,2,1,1,1,1,1
SF,IF2005,2020-04-13 09:34:01.600,3720.0000,10240,0,282851760.000,4,2,2,多换,S,3717.6000,3716.0000,3715.0000,3714.6000,3714.0000,3720.2000,3720.8000,3721.0000,3721.2000,3722.0000,2,1,4,2,8,18,1,1,1,1
SF,IF2005,2020-04-13 09:34:02.100,3720.0000,10240,0,285083760.000,2,1,1,多换,S,3718.4000,3718.2000,3718.0000,3717.8000,3717.6000,3720.2000,3720.8000,3721.0000,3721.2000,3722.2000,1,1,2,8,2,18,2,1,1,1
SF,IF2005,2020-04-13 09:34:02.600,3720.0000,10240,0,285083760.000,0,-,-,-,-,3718.8000,3718.6000,3718.4000,3718.2000,3718.0000,3720.0000,3720.2000,3720.8000,3721.0000,3721.2000,1,3,2,1,6,1,18,2,1,1
SF,IF2005,2020-04-13 09:34:03.100,3720.0000,10240,0,285083760.000,0,-,-,-,-,3719.0000,3718.8000,3718.4000,3718.2000,3718.0000,3720.0000,3720.2000,3720.8000,3721.0000,3721.2000,1,1,2,1,3,1,18,2,1,1
SF,IF2005,2020-04-13 09:34:03.600,3719.0000,10239,-1,286199460.000,1,0,1,双平,S,3718.8000,3718.4000,3718.0000,3717.8000,3717.6000,3720.0000,3720.2000,3720.8000,3721.0000,3721.2000,1,1,1,4,1,1,18,2,1,1
SF,IF2005,2020-04-13 09:34:04.100,3718.8000,10238,-1,287315100.000,1,0,1,双平,S,3718.0000,3717.8000,3717.6000,3716.0000,3715.0000,3718.6000,3718.8000,3720.0000,3720.2000,3720.8000,1,4,1,3,4,1,1,1,18,2
SF,IF2005,2020-04-13 09:34:04.600,3718.8000,10237,-1,288430740.000,1,0,1,双平,S,3718.0000,3717.8000,3717.6000,3716.0000,3715.4000,3720.0000,3720.2000,3720.8000,3721.2000,3722.2000,1,2,1,3,1,1,18,2,1,1
SF,IF2005,2020-04-13 09:34:05.100,3718.6000,10237,0,289546320.000,1,0,1,多换,S,3718.6000,3718.2000,3718.0000,3717.8000,3717.6000,3720.0000,3720.2000,3720.8000,3721.2000,3722.2000,1,1,1,1,1,1,18,2,1,1
SF,IF2005,2020-04-13 09:34:05.600,3718.6000,10237,0,290661900.000,1,0,1,多换,S,3718.2000,3717.6000,3716.0000,3715.4000,3715.0000,3720.0000,3720.2000,3720.8000,3721.2000,3722.2000,1,1,2,1,3,1,18,2,1,1
SF,IF2005,2020-04-13 09:34:06.100,3720.0000,10237,0,292893900.000,2,1,1,多换,S,3720.0000,3718.2000,3717.6000,3716.0000,3715.8000,3720.2000,3720.8000,3721.2000,3722.2000,3722.6000,1,1,1,2,1,18,2,1,1,2
SF,IF2005,2020-04-13 09:34:06.600,3720.0000,10238,1,294009900.000,1,1,0,双开,S,3718.2000,3717.6000,3716.0000,3715.8000,3715.4000,3719.6000,3720.0000,3720.2000,3720.8000,3722.2000,1,1,2,1,1,2,1,18,2,1
SF,IF2005,2020-04-13 09:34:07.100,3720.0000,10239,1,295125900.000,1,1,0,双开,S,3719.6000,3718.4000,3717.6000,3716.0000,3715.8000,3720.2000,3722.2000,3722.6000,3725.0000,3726.0000,1,2,1,2,1,18,1,2,6,1
SF,IF2005,2020-04-13 09:34:07.600,3720.0000,10239,0,295125900.000,0,-,-,-,-,3719.6000,3718.4000,3717.6000,3716.0000,3715.8000,3720.2000,3722.2000,3722.6000,3725.0000,3726.0000,1,3,1,2,1,18,1,2,6,1
SF,IF2005,2020-04-13 09:34:08.100,3719.8000,10238,-1,298473960.000,3,1,2,多平,S,3719.6000,3718.4000,3717.6000,3716.0000,3715.8000,3720.2000,3722.2000,3722.6000,3725.0000,3726.0000,1,3,1,2,1,16,1,2,6,1
SF,IF2005,2020-04-13 09:34:08.600,3719.8000,10238,0,298473960.000,0,-,-,-,-,3719.6000,3718.4000,3717.6000,3716.0000,3715.4000,3720.2000,3722.2000,3722.6000,3725.0000,3726.0000,1,3,1,2,1,16,1,2,6,1
SF,IF2005,2020-04-13 09:34:09.600,3719.6000,10239,1,299589840.000,1,1,0,双开,S,3718.4000,3717.6000,3716.0000,3715.4000,3715.0000,3720.2000,3722.2000,3722.6000,3725.0000,3726.0000,3,1,2,1,3,16,1,2,6,1
SF,IF2005,2020-04-13 09:34:10.100,3720.2000,10240,1,302937900.000,3,2,1,空开,S,3718.4000,3717.6000,3716.0000,3715.4000,3715.0000,3719.6000,3720.2000,3722.2000,3722.6000,3725.0000,3,1,2,1,3,1,15,1,1,6
SF,IF2005,2020-04-13 09:34:10.600,3719.8000,10240,0,304053840.000,1,0,1,多换,S,3718.8000,3718.6000,3718.4000,3717.8000,3717.6000,3719.6000,3720.2000,3722.2000,3722.6000,3725.0000,4,3,4,1,1,1,15,1,1,6
SF,IF2005,2020-04-13 09:34:11.100,3719.8000,10240,0,304053840.000,0,-,-,-,-,3718.8000,3718.6000,3718.4000,3717.8000,3717.6000,3719.6000,3720.2000,3722.2000,3722.6000,3725.0000,1,1,4,1,1,1,15,1,1,6
SF,IF2005,2020-04-13 09:34:11.600,3719.8000,10241,1,305169780.000,1,1,0,双开,S,3719.6000,3718.8000,3718.4000,3717.8000,3717.6000,3720.2000,3722.2000,3722.6000,3725.0000,3726.0000,1,1,4,1,1,15,1,1,6,1
SF,IF2005,2020-04-13 09:34:12.100,3720.2000,10241,0,308517780.000,3,1,2,多换,S,3718.8000,3718.4000,3717.8000,3717.6000,3716.0000,3720.0000,3720.2000,3722.2000,3722.6000,3725.0000,1,3,1,1,2,1,13,1,1,6
SF,IF2005,2020-04-13 09:34:12.600,3720.0000,10242,1,309633780.000,1,1,0,双开,S,3720.0000,3718.8000,3718.4000,3717.8000,3717.6000,3720.2000,3722.2000,3722.6000,3725.0000,3726.0000,1,1,2,1,1,13,1,1,6,1
SF,IF2005,2020-04-13 09:34:13.100,3720.0000,10243,1,311865780.000,2,1,1,空开,S,3718.8000,3718.4000,3717.8000,3717.6000,3716.0000,3720.0000,3720.2000,3722.2000,3722.6000,3725.0000,1,2,1,1,2,3,13,1,1,6
SF,IF2005,2020-04-13 09:34:13.600,3720.0000,10245,2,315213780.000,3,2,1,空开,S,3718.4000,3717.6000,3716.0000,3715.4000,3715.0000,3720.2000,3722.2000,3722.6000,3725.0000,3726.0000,2,1,2,1,3,13,1,1,6,1
SF,IF2005,2020-04-13 09:34:14.100,3720.0000,10245,0,315213780.000,0,-,-,-,-,3718.4000,3717.6000,3716.0000,3715.4000,3715.0000,3720.0000,3720.2000,3722.2000,3722.6000,3725.0000,1,1,2,1,3,1,13,1,1,6
SF,IF2005,2020-04-13 09:34:15.100,3720.0000,10245,0,315213780.000,0,-,-,-,-,3718.4000,3717.6000,3716.0000,3715.8000,3715.4000,3720.0000,3720.2000,3722.2000,3722.6000,3725.0000,1,1,2,1,1,1,13,1,1,6
SF,IF2005,2020-04-13 09:34:16.100,3720.0000,10245,0,315213780.000,0,-,-,-,-,3718.4000,3717.6000,3716.0000,3715.8000,3715.4000,3720.0000,3720.2000,3722.2000,3722.6000,3725.0000,1,1,2,1,1,1,13,1,1,6
SF,IF2005,2020-04-13 09:34:16.600,3720.0000,10245,0,315213780.000,0,-,-,-,-,3718.4000,3717.6000,3716.0000,3715.8000,3715.4000,3719.8000,3720.0000,3720.2000,3722.2000,3722.6000,1,1,2,1,1,1,1,13,1,1
SF,IF2005,2020-04-13 09:34:17.100,3719.8000,10245,0,317445720.000,2,1,1,多换,S,3719.8000,3718.4000,3717.6000,3716.0000,3715.8000,3720.2000,3722.2000,3722.6000,3725.0000,3726.0000,2,1,1,2,1,13,1,1,5,1
SF,IF2005,2020-04-13 09:34:17.600,3719.8000,10244,-1,319677600.000,2,0,2,多平,S,3718.4000,3717.6000,3716.0000,3715.8000,3715.4000,3719.0000,3719.8000,3720.2000,3722.2000,3722.6000,1,1,2,1,1,1,1,13,1,1
SF,IF2005,2020-04-13 09:34:18.100,3719.8000,10244,0,320793540.000,1,0,1,多换,S,3719.0000,3718.4000,3717.6000,3716.0000,3715.8000,3719.8000,3720.2000,3722.2000,3722.6000,3725.0000,1,2,1,2,1,1,13,1,1,5
SF,IF2005,2020-04-13 09:34:18.600,3719.0000,10243,-1,323024940.000,2,0,2,多平,S,3718.4000,3717.6000,3716.0000,3715.8000,3715.4000,3719.6000,3719.8000,3720.2000,3722.2000,3722.6000,1,1,2,1,1,3,1,13,1,1
SF,IF2005,2020-04-13 09:34:19.100,3719.0000,10243,0,323024940.000,0,-,-,-,-,3718.4000,3717.6000,3716.0000,3715.8000,3715.4000,3719.6000,3719.8000,3720.2000,3722.2000,3722.6000,1,1,2,1,1,4,1,13,1,1
SF,IF2005,2020-04-13 09:34:19.600,3719.0000,10243,0,323024940.000,0,-,-,-,-,3718.4000,3717.6000,3716.0000,3715.8000,3715.4000,3719.6000,3719.8000,3720.2000,3722.2000,3722.6000,1,1,2,1,1,2,1,13,1,1
SF,IF2005,2020-04-13 09:34:20.100,3719.6000,10244,1,325256700.000,2,1,1,空开,S,3719.6000,3718.4000,3717.6000,3716.0000,3715.4000,3719.8000,3720.2000,3722.2000,3722.6000,3725.0000,1,1,1,2,1,1,13,1,1,5
SF,IF2005,2020-04-13 09:34:20.600,3719.6000,10244,0,326372580.000,1,0,1,多换,S,3718.4000,3716.0000,3715.4000,3715.0000,3714.6000,3719.2000,3719.6000,3719.8000,3720.2000,3722.2000,1,2,1,3,2,2,1,1,13,1
SF,IF2005,2020-04-13 09:34:21.100,3719.6000,10244,0,326372580.000,0,-,-,-,-,3718.4000,3716.0000,3715.6000,3715.4000,3715.0000,3719.6000,3719.8000,3720.2000,3725.0000,3725.6000,1,2,1,1,3,1,1,13,5,8
SF,IF2005,2020-04-13 09:34:21.600,3719.6000,10244,0,326372580.000,0,-,-,-,-,3718.4000,3716.0000,3715.6000,3715.4000,3715.0000,3719.4000,3719.6000,3719.8000,3720.2000,3725.0000,1,2,1,1,3,1,1,1,13,5
SF,IF2005,2020-04-13 09:34:22.600,3719.6000,10244,0,326372580.000,0,-,-,-,-,3718.4000,3716.0000,3715.6000,3715.4000,3715.0000,3719.4000,3719.6000,3720.2000,3725.0000,3725.6000,1,2,1,1,3,1,1,13,5,8
SF,IF2005,2020-04-13 09:34:23.100,3719.6000,10244,0,326372580.000,0,-,-,-,-,3716.0000,3715.6000,3715.4000,3715.0000,3714.6000,3719.4000,3719.6000,3720.2000,3725.0000,3725.6000,2,1,1,3,2,1,1,13,5,8
SF,IF2005,2020-04-13 09:34:23.600,3719.6000,10244,0,326372580.000,0,-,-,-,-,3716.8000,3716.6000,3716.4000,3716.2000,3716.0000,3719.4000,3720.2000,3725.0000,3725.6000,3726.0000,1,2,2,14,3,1,13,5,8,1
SF,IF2005,2020-04-13 09:34:24.100,3719.4000,10245,1,328604220.000,2,1,1,空开,S,3719.4000,3717.0000,3716.8000,3716.6000,3716.4000,3720.2000,3725.0000,3725.6000,3726.0000,3726.6000,1,4,1,2,5,13,5,8,1,1
SF,IF2005,2020-04-13 09:34:24.600,3719.4000,10245,0,329720040.000,1,0,1,多换,S,3717.4000,3717.2000,3717.0000,3716.8000,3716.6000,3720.0000,3720.2000,3725.0000,3725.6000,3726.0000,1,1,6,1,2,1,13,5,8,1
SF,IF2005,2020-04-13 09:34:25.100,3719.4000,10245,0,329720040.000,0,-,-,-,-,3717.6000,3717.4000,3717.2000,3717.0000,3716.8000,3720.0000,3720.2000,3725.0000,3725.6000,3726.0000,2,1,1,4,1,2,13,5,8,1
SF,IF2005,2020-04-13 09:34:25.600,3719.4000,10245,0,329720040.000,0,-,-,-,-,3717.8000,3717.6000,3717.4000,3717.2000,3717.0000,3720.0000,3720.2000,3725.0000,3725.6000,3726.0000,2,3,1,1,4,1,13,5,8,1
SF,IF2005,2020-04-13 09:34:26.100,3719.4000,10245,0,329720040.000,0,-,-,-,-,3718.0000,3717.8000,3717.4000,3717.0000,3716.8000,3719.6000,3720.0000,3720.2000,3725.0000,3725.6000,3,2,1,4,1,1,1,13,5,8
SF,IF2005,2020-04-13 09:34:26.600,3719.4000,10245,0,329720040.000,0,-,-,-,-,3719.6000,3718.0000,3717.8000,3717.4000,3717.0000,3720.0000,3720.2000,3725.0000,3725.6000,3726.0000,1,3,2,1,3,1,13,5,8,1
SF,IF2005,2020-04-13 09:34:27.100,3719.6000,10245,0,330835920.000,1,0,1,多换,S,3718.0000,3717.4000,3717.0000,3716.8000,3716.6000,3720.0000,3720.2000,3725.0000,3725.6000,3726.0000,3,1,3,1,1,1,13,5,8,1
SF,IF2005,2020-04-13 09:34:27.600,3720.0000,10245,0,331951920.000,1,0,1,多换,S,3720.0000,3718.0000,3717.4000,3717.0000,3716.8000,3720.2000,3725.0000,3725.6000,3726.0000,3726.6000,1,3,1,3,1,13,5,8,1,1
SF,IF2005,2020-04-13 09:34:28.100,3720.0000,10245,0,333067920.000,1,0,1,多换,S,3718.0000,3717.4000,3717.0000,3716.8000,3716.6000,3719.6000,3719.8000,3720.0000,3720.2000,3725.0000,3,1,3,1,1,3,1,1,13,5
SF,IF2005,2020-04-13 09:34:28.600,3719.6000,10246,1,334183800.000,1,1,0,双开,S,3718.0000,3717.4000,3717.0000,3716.8000,3716.6000,3719.8000,3720.0000,3720.2000,3725.0000,3725.6000,3,1,3,1,1,1,1,13,5,8
SF,IF2005,2020-04-13 09:34:29.100,3718.0000,10243,-3,337530000.000,3,0,3,双平,S,3717.4000,3717.0000,3716.6000,3716.4000,3716.2000,3719.4000,3719.6000,3719.8000,3720.0000,3720.2000,1,2,1,2,7,3,2,2,1,13
SF,IF2005,2020-04-13 09:34:29.600,3718.0000,10243,0,337530000.000,0,-,-,-,-,3717.4000,3717.0000,3716.6000,3716.4000,3716.2000,3719.2000,3719.4000,3719.6000,3719.8000,3720.0000,1,1,1,2,5,5,6,3,2,1
SF,IF2005,2020-04-13 09:34:30.100,3718.0000,10243,0,337530000.000,0,-,-,-,-,3717.4000,3717.0000,3716.4000,3716.2000,3716.0000,3718.0000,3719.0000,3719.2000,3719.4000,3719.6000,1,1,2,4,2,1,2,7,5,2
SF,IF2005,2020-04-13 09:34:30.600,3718.0000,10244,1,338645400.000,1,1,0,双开,S,3718.0000,3717.4000,3717.0000,3716.4000,3716.2000,3719.0000,3719.2000,3719.4000,3719.6000,3719.8000,1,1,1,2,2,2,6,2,2,2
SF,IF2005,2020-04-13 09:34:31.100,3718.0000,10244,0,339760800.000,1,0,1,多换,S,3717.4000,3717.0000,3716.4000,3716.2000,3716.0000,3718.8000,3719.0000,3719.2000,3719.4000,3719.6000,1,1,2,2,2,1,2,2,2,2
SF,IF2005,2020-04-13 09:34:31.600,3718.0000,10244,0,339760800.000,0,-,-,-,-,3717.6000,3717.4000,3717.0000,3716.4000,3716.2000,3718.6000,3718.8000,3719.0000,3719.2000,3719.4000,1,1,1,2,2,3,1,1,2,1
SF,IF2005,2020-04-13 09:34:32.100,3718.0000,10244,0,339760800.000,0,-,-,-,-,3717.6000,3717.4000,3717.0000,3716.4000,3716.2000,3718.0000,3718.4000,3718.6000,3718.8000,3719.0000,1,1,1,2,2,1,1,3,1,1
SF,IF2005,2020-04-13 09:34:32.600,3718.0000,10245,1,341991600.000,2,1,1,空开,S,3718.0000,3717.6000,3717.4000,3717.0000,3716.4000,3718.4000,3718.6000,3718.8000,3719.0000,3719.2000,1,1,1,1,2,1,3,1,1,2
SF,IF2005,2020-04-13 09:34:33.100,3718.0000,10245,0,341991600.000,0,-,-,-,-,3718.0000,3717.6000,3717.4000,3717.0000,3716.4000,3718.4000,3718.6000,3718.8000,3719.0000,3719.2000,1,1,1,1,2,1,3,1,1,2
SF,IF2005,2020-04-13 09:34:33.600,3718.0000,10244,-1,344222520.000,2,0,2,多平,S,3717.6000,3717.4000,3717.0000,3716.4000,3716.2000,3718.6000,3718.8000,3719.2000,3720.0000,3720.2000,1,1,1,2,2,3,1,2,1,13
SF,IF2005,2020-04-13 09:34:34.100,3718.0000,10244,0,344222520.000,0,-,-,-,-,3717.0000,3716.4000,3716.2000,3716.0000,3714.6000,3718.0000,3718.4000,3718.6000,3719.2000,3720.0000,1,2,2,2,2,1,1,3,2,1
SF,IF2005,2020-04-13 09:34:34.600,3718.0000,10244,0,344222520.000,0,-,-,-,-,3716.4000,3716.2000,3716.0000,3714.6000,3713.8000,3717.8000,3718.0000,3718.4000,3718.6000,3719.2000,2,2,2,2,4,1,1,1,3,2
SF,IF2005,2020-04-13 09:34:35.100,3716.0000,10244,0,345337320.000,1,0,1,多换,S,3714.6000,3713.8000,3713.6000,3713.4000,3712.8000,3717.0000,3717.2000,3717.4000,3717.6000,3717.8000,2,4,1,2,3,1,1,1,2,4
SF,IF2005,2020-04-13 09:34:35.600,3716.0000,10244,0,345337320.000,0,-,-,-,-,3714.8000,3714.6000,3713.8000,3713.6000,3713.4000,3716.8000,3717.2000,3717.4000,3717.8000,3718.0000,1,2,4,1,2,1,1,1,3,3
SF,IF2005,2020-04-13 09:34:36.100,3716.0000,10244,0,345337320.000,0,-,-,-,-,3717.0000,3715.2000,3715.0000,3714.8000,3714.6000,3717.4000,3717.8000,3718.0000,3719.2000,3720.0000,1,1,4,4,2,1,3,2,1,1
SF,IF2005,2020-04-13 09:34:36.600,3717.0000,10244,0,346452420.000,1,0,1,多换,S,3717.4000,3715.6000,3715.2000,3715.0000,3714.8000,3717.6000,3717.8000,3718.0000,3719.2000,3720.0000,1,1,1,2,5,1,1,2,1,1
SF,IF2005,2020-04-13 09:34:37.100,3717.0000,10244,0,346452420.000,0,-,-,-,-,3717.4000,3715.6000,3715.0000,3714.8000,3714.6000,3717.6000,3718.0000,3719.2000,3720.0000,3720.2000,1,1,2,4,2,1,2,1,1,13
SF,IF2005,2020-04-13 09:34:37.600,3717.6000,10245,1,349798200.000,3,2,1,空开,S,3717.6000,3717.4000,3715.6000,3715.0000,3714.8000,3718.0000,3719.2000,3720.0000,3720.2000,3725.0000,1,1,1,2,4,1,1,1,13,5
SF,IF2005,2020-04-13 09:34:38.100,3717.8000,10245,0,352028940.000,2,1,1,多换,S,3717.6000,3717.4000,3715.6000,3715.0000,3714.8000,3719.2000,3720.0000,3720.2000,3725.0000,3726.6000,1,1,1,2,4,1,1,13,5,1
SF,IF2005,2020-04-13 09:34:38.600,3717.8000,10245,0,352028940.000,0,-,-,-,-,3717.8000,3717.4000,3715.6000,3715.0000,3714.8000,3718.8000,3719.0000,3719.2000,3720.0000,3720.2000,1,1,1,2,3,1,6,1,1,13
SF,IF2005,2020-04-13 09:34:39.100,3717.8000,10245,0,352028940.000,0,-,-,-,-,3717.8000,3717.4000,3715.6000,3715.0000,3714.8000,3718.8000,3719.0000,3719.2000,3720.0000,3720.2000,1,1,1,2,4,2,4,1,1,13
SF,IF2005,2020-04-13 09:34:39.600,3717.8000,10245,0,352028940.000,0,-,-,-,-,3718.0000,3717.8000,3717.4000,3715.6000,3715.0000,3718.8000,3719.0000,3719.2000,3720.0000,3720.2000,1,1,1,1,2,2,3,1,1,13
SF,IF2005,2020-04-13 09:34:40.100,3717.8000,10244,-1,353144280.000,1,0,1,双平,S,3717.4000,3715.6000,3715.0000,3714.8000,3714.6000,3718.8000,3719.0000,3719.2000,3720.0000,3720.2000,1,1,2,4,2,2,3,1,1,13
SF,IF2005,2020-04-13 09:34:40.600,3717.8000,10244,0,353144280.000,0,-,-,-,-,3717.4000,3715.6000,3715.0000,3714.8000,3714.6000,3718.6000,3718.8000,3719.0000,3719.2000,3720.0000,1,1,2,4,2,1,2,2,1,1
SF,IF2005,2020-04-13 09:34:41.100,3717.4000,10243,-1,354259500.000,1,0,1,双平,S,3715.6000,3715.0000,3714.8000,3714.6000,3713.6000,3717.4000,3718.2000,3718.4000,3718.6000,3718.8000,1,2,4,2,1,1,1,1,2,1
SF,IF2005,2020-04-13 09:34:41.600,3717.4000,10244,1,355374720.000,1,1,0,双开,S,3717.4000,3715.8000,3715.6000,3715.0000,3714.8000,3718.2000,3718.4000,3718.6000,3719.0000,3719.2000,1,3,1,2,4,1,1,2,1,1
SF,IF2005,2020-04-13 09:34:42.100,3717.4000,10244,0,355374720.000,0,-,-,-,-,3715.8000,3715.6000,3715.0000,3714.8000,3714.6000,3718.0000,3718.2000,3718.4000,3718.6000,3719.2000,3,1,2,4,2,1,1,1,1,1
SF,IF2005,2020-04-13 09:34:42.600,3717.4000,10244,0,355374720.000,0,-,-,-,-,3715.8000,3715.6000,3715.0000,3714.8000,3713.6000,3717.8000,3718.6000,3719.2000,3720.0000,3720.2000,3,1,2,4,1,1,3,1,1,13
SF,IF2005,2020-04-13 09:34:43.100,3717.8000,10243,-1,356490060.000,1,0,1,双平,S,3718.0000,3716.2000,3716.0000,3715.8000,3715.6000,3718.6000,3719.2000,3720.0000,3720.2000,3725.0000,1,3,5,3,1,2,1,1,13,5
SF,IF2005,2020-04-13 09:34:43.600,3717.8000,10243,0,356490060.000,0,-,-,-,-,3718.0000,3716.2000,3716.0000,3715.8000,3715.6000,3718.6000,3719.2000,3720.0000,3720.2000,3725.0000,1,4,7,3,1,2,1,1,13,5
SF,IF2005,2020-04-13 09:34:44.100,3718.0000,10244,1,357605460.000,1,1,0,双开,S,3718.0000,3716.2000,3716.0000,3715.8000,3715.6000,3718.6000,3720.0000,3720.2000,3725.0000,3726.6000,1,4,7,3,1,2,1,13,5,1
SF,IF2005,2020-04-13 09:34:44.600,3718.6000,10242,-2,359836620.000,2,0,2,双平,S,3718.0000,3716.2000,3716.0000,3715.8000,3715.6000,3720.0000,3720.2000,3725.0000,3726.6000,3727.0000,1,4,7,3,1,1,13,5,1,5
SF,IF2005,2020-04-13 09:34:45.100,3718.6000,10242,0,359836620.000,0,-,-,-,-,3718.2000,3716.2000,3716.0000,3715.8000,3715.6000,3719.8000,3720.0000,3720.2000,3725.0000,3726.6000,2,2,5,2,1,5,1,13,5,1
SF,IF2005,2020-04-13 09:34:45.600,3718.2000,10241,-1,362067540.000,2,0,2,多平,S,3716.2000,3716.0000,3715.8000,3715.6000,3715.0000,3719.6000,3719.8000,3720.0000,3720.2000,3725.0000,2,5,2,1,1,3,5,1,13,5
SF,IF2005,2020-04-13 09:34:46.100,3718.2000,10241,0,362067540.000,0,-,-,-,-,3716.4000,3716.2000,3716.0000,3715.8000,3715.6000,3718.0000,3718.2000,3719.2000,3719.4000,3719.6000,1,2,4,1,1,1,1,2,6,1
SF,IF2005,2020-04-13 09:34:46.600,3718.0000,10242,1,363182940.000,1,1,0,双开,S,3718.0000,3716.6000,3716.4000,3716.2000,3716.0000,3719.2000,3719.4000,3719.6000,3720.0000,3720.2000,1,1,1,2,4,3,6,1,1,13
SF,IF2005,2020-04-13 09:34:47.100,3718.0000,10242,0,363182940.000,0,-,-,-,-,3716.6000,3716.4000,3716.2000,3716.0000,3715.8000,3719.0000,3719.2000,3719.4000,3719.6000,3720.0000,3,1,2,4,2,1,2,4,1,1
SF,IF2005,2020-04-13 09:34:47.600,3718.0000,10242,0,363182940.000,0,-,-,-,-,3716.8000,3716.6000,3716.2000,3716.0000,3715.8000,3718.0000,3718.8000,3719.0000,3719.2000,3719.4000,1,3,2,4,2,1,1,1,2,4
SF,IF2005,2020-04-13 09:34:48.100,3718.0000,10244,2,365413740.000,2,2,0,双开,S,3718.0000,3716.8000,3716.6000,3716.2000,3716.0000,3718.8000,3719.0000,3719.2000,3719.4000,3719.6000,1,1,2,2,4,1,1,2,2,1
SF,IF2005,2020-04-13 09:34:48.600,3718.0000,10244,0,365413740.000,0,-,-,-,-,3716.8000,3716.6000,3716.2000,3716.0000,3715.8000,3718.0000,3718.6000,3719.2000,3719.4000,3719.6000,1,2,1,2,2,1,1,2,2,1
SF,IF2005,2020-04-13 09:34:49.100,3718.0000,10244,0,365413740.000,0,-,-,-,-,3717.0000,3716.8000,3716.6000,3716.2000,3716.0000,3718.0000,3718.6000,3719.2000,3719.4000,3719.6000,1,2,2,1,2,1,1,2,2,1
SF,IF2005,2020-04-13 09:34:49.600,3718.0000,10245,1,366529140.000,1,1,0,双开,S,3716.8000,3716.6000,3716.2000,3716.0000,3715.8000,3718.6000,3719.2000,3719.4000,3719.6000,3720.0000,1,1,1,2,2,1,2,2,1,1
SF,IF2005,2020-04-13 09:34:50.100,3718.6000,10246,1,368760120.000,2,1,1,空开,S,3718.6000,3717.2000,3716.8000,3716.6000,3716.2000,3719.2000,3719.4000,3719.6000,3720.0000,3720.2000,1,1,1,1,1,2,2,1,1,13
SF,IF2005,2020-04-13 09:34:50.600,3718.6000,10246,0,370991280.000,2,1,1,多换,S,3717.2000,3716.8000,3716.6000,3716.2000,3716.0000,3718.6000,3719.0000,3719.2000,3720.0000,3720.2000,1,1,1,1,1,1,8,2,1,13
SF,IF2005,2020-04-13 09:34:51.100,3718.6000,10247,1,373222440.000,2,1,1,空开,S,3718.6000,3717.4000,3717.2000,3716.6000,3716.2000,3719.0000,3719.2000,3720.0000,3720.2000,3725.0000,1,1,1,1,1,4,2,1,13,5
SF,IF2005,2020-04-13 09:34:51.600,3719.0000,10246,-1,376569420.000,3,1,2,多平,S,3717.4000,3716.6000,3716.2000,3716.0000,3715.8000,3719.0000,3719.2000,3720.0000,3720.2000,3725.0000,1,1,1,1,2,1,2,1,13,5
SF,IF2005,2020-04-13 09:34:52.100,3719.0000,10246,0,376569420.000,0,-,-,-,-,3717.6000,3717.4000,3716.6000,3716.2000,3716.0000,3718.6000,3719.0000,3719.2000,3720.0000,3720.2000,1,1,1,1,1,1,1,2,1,13
