市场代码,合约代码,时间,最新,持仓,增仓,成交额,成交量,开仓,平仓,成交类型,方向,买一价,买二价,买三价,买四价,买五价,卖一价,卖二价,卖三价,卖四价,卖五价,买一量,买二量,买三量,买四量,买五量,卖一量,卖二量,卖三量,卖四量,卖五量
SF,IF2009,2020-05-11 09:29:00.100,3844.8000,21667,0,4613760.000,4.000,-,-,-,-,3844.6000,3844.2000,3841.4000,3840.8000,3840.0000,3845.0000,3846.6000,3849.8000,3850.0000,3852.0000,1,1,1,1,1,20,1,1,20,2
SF,IF2009,2020-05-11 09:30:00.100,3846.6000,21666,-1,28837740.000,21,10,11,多平,S,3846.8000,3846.6000,3846.0000,3845.6000,3845.4000,3848.8000,3849.8000,3850.0000,3852.0000,3853.2000,1,2,1,1,1,1,1,20,2,1
SF,IF2009,2020-05-11 09:30:00.600,3848.8000,21667,1,33456300.000,4,2,2,空开,S,3848.0000,3847.8000,3847.0000,3846.8000,3846.6000,3849.8000,3850.0000,3852.0000,3853.2000,3853.8000,1,1,2,1,2,1,20,2,1,1
SF,IF2009,2020-05-11 09:30:01.100,3849.6000,21666,-1,34611180.000,1,0,1,双平,S,3848.0000,3847.8000,3846.8000,3846.6000,3846.0000,3849.8000,3850.0000,3852.0000,3853.2000,3853.8000,1,1,1,2,1,1,20,2,1,1
SF,IF2009,2020-05-11 09:30:01.600,3848.0000,21665,-1,35765580.000,1,0,1,双平,S,3848.8000,3847.8000,3846.8000,3846.6000,3846.0000,3849.6000,3849.8000,3850.0000,3852.0000,3853.2000,1,1,1,2,1,1,1,20,2,1
SF,IF2009,2020-05-11 09:30:02.100,3848.6000,21665,0,36920160.000,1,0,1,多换,S,3847.8000,3846.8000,3846.0000,3845.6000,3845.4000,3849.4000,3849.6000,3849.8000,3850.0000,3852.0000,1,1,1,1,2,17,1,1,20,2
SF,IF2009,2020-05-11 09:30:02.600,3848.6000,21665,0,36920160.000,0,-,-,-,-,3846.8000,3846.0000,3845.6000,3845.4000,3845.2000,3849.2000,3849.4000,3849.6000,3849.8000,3850.0000,1,1,1,2,19,2,17,1,1,20
SF,IF2009,2020-05-11 09:30:03.100,3847.8000,21665,0,39228540.000,2,1,1,多换,S,3846.0000,3845.6000,3845.4000,3845.2000,3845.0000,3848.0000,3849.0000,3849.2000,3849.4000,3849.6000,1,1,2,20,6,1,17,3,1,1
SF,IF2009,2020-05-11 09:30:03.600,3847.8000,21665,0,39228540.000,0,-,-,-,-,3846.6000,3846.0000,3845.4000,3845.2000,3845.0000,3847.8000,3848.0000,3849.2000,3849.4000,3849.6000,1,1,2,18,5,17,1,3,1,1
SF,IF2009,2020-05-11 09:30:04.100,3847.6000,21665,0,42690600.000,3,1,2,多换,S,3845.4000,3845.2000,3845.0000,3844.8000,3844.6000,3847.8000,3848.0000,3849.2000,3849.4000,3849.6000,1,18,4,1,1,16,1,3,1,1
SF,IF2009,2020-05-11 09:30:04.600,3847.6000,21665,0,42690600.000,0,-,-,-,-,3845.6000,3845.4000,3845.2000,3845.0000,3844.8000,3847.6000,3847.8000,3848.0000,3849.2000,3849.4000,1,1,18,4,1,2,16,1,2,1
SF,IF2009,2020-05-11 09:30:05.100,3845.8000,21664,-1,43844340.000,1,0,1,双平,S,3846.6000,3845.6000,3845.4000,3845.2000,3845.0000,3847.4000,3847.6000,3848.0000,3849.2000,3849.4000,1,2,2,18,4,17,2,1,1,1
SF,IF2009,2020-05-11 09:30:05.600,3846.6000,21664,0,44998320.000,1,0,1,多换,S,3845.6000,3845.4000,3845.2000,3845.0000,3844.6000,3847.4000,3847.6000,3848.0000,3849.2000,3849.4000,1,1,18,4,1,17,1,1,1,1
SF,IF2009,2020-05-11 09:30:06.100,3847.2000,21662,-2,48460560.000,3,0,3,多平,S,3845.8000,3845.6000,3845.4000,3845.2000,3845.0000,3847.4000,3847.6000,3848.0000,3849.2000,3849.4000,2,2,2,18,4,17,1,1,1,1
SF,IF2009,2020-05-11 09:30:06.600,3846.0000,21662,0,49614360.000,1,0,1,多换,S,3846.0000,3845.6000,3845.4000,3845.2000,3845.0000,3847.2000,3847.4000,3847.6000,3848.0000,3849.2000,1,1,2,18,4,1,16,1,1,1
SF,IF2009,2020-05-11 09:30:07.100,3846.0000,21662,0,49614360.000,0,-,-,-,-,3845.4000,3845.2000,3845.0000,3844.6000,3844.0000,3847.0000,3847.2000,3847.6000,3848.0000,3849.2000,2,17,4,1,1,16,1,1,1,1
SF,IF2009,2020-05-11 09:30:07.600,3845.6000,21662,0,50768040.000,1,0,1,多换,S,3845.4000,3845.2000,3845.0000,3844.6000,3844.0000,3847.0000,3847.2000,3847.6000,3848.0000,3849.4000,3,16,4,1,1,16,1,1,1,1
SF,IF2009,2020-05-11 09:30:08.600,3845.6000,21662,0,50768040.000,0,-,-,-,-,3845.4000,3845.2000,3845.0000,3844.6000,3844.0000,3847.0000,3847.2000,3848.0000,3849.8000,3850.0000,3,16,4,1,1,16,1,1,1,20
SF,IF2009,2020-05-11 09:30:09.100,3847.0000,21663,1,55383960.000,4,2,2,空开,S,3845.4000,3845.2000,3845.0000,3844.6000,3844.0000,3847.0000,3847.2000,3848.0000,3849.8000,3850.0000,3,16,4,1,1,13,1,1,1,20
SF,IF2009,2020-05-11 09:30:09.600,3847.0000,21664,1,57692160.000,2,1,1,空开,S,3845.4000,3845.2000,3845.0000,3844.6000,3844.0000,3847.0000,3848.0000,3849.8000,3850.0000,3852.0000,3,16,4,1,1,11,1,1,20,3
SF,IF2009,2020-05-11 09:30:10.100,3845.6000,21663,-1,59999940.000,2,0,2,多平,S,3845.6000,3845.4000,3845.2000,3845.0000,3844.6000,3847.0000,3848.0000,3849.8000,3850.0000,3852.0000,3,3,16,4,1,10,1,1,20,3
SF,IF2009,2020-05-11 09:30:10.600,3847.0000,21665,2,64616340.000,4,3,1,空开,S,3845.6000,3845.4000,3845.2000,3845.0000,3844.6000,3847.0000,3848.0000,3849.8000,3850.0000,3852.0000,3,3,16,4,1,6,1,1,20,3
SF,IF2009,2020-05-11 09:30:11.100,3847.0000,21665,0,69232740.000,4,2,2,多换,S,3845.6000,3845.4000,3845.2000,3845.0000,3844.6000,3847.0000,3848.0000,3849.8000,3850.0000,3852.0000,3,3,16,4,1,2,1,1,20,3
SF,IF2009,2020-05-11 09:30:11.600,3847.0000,21665,0,72695040.000,3,1,2,多换,S,3847.0000,3845.8000,3845.6000,3845.4000,3845.2000,3848.0000,3849.8000,3850.0000,3852.0000,3853.2000,4,1,3,3,17,1,1,20,3,1
SF,IF2009,2020-05-11 09:30:12.100,3847.0000,21665,0,72695040.000,0,-,-,-,-,3847.2000,3847.0000,3845.8000,3845.6000,3845.4000,3848.0000,3849.8000,3850.0000,3852.0000,3853.2000,1,6,1,3,3,1,1,20,3,1
SF,IF2009,2020-05-11 09:30:12.600,3847.0000,21664,-1,73849140.000,1,0,1,双平,S,3847.2000,3847.0000,3845.8000,3845.6000,3845.4000,3848.0000,3849.8000,3850.0000,3852.0000,3853.2000,1,7,1,3,3,1,1,20,3,1
SF,IF2009,2020-05-11 09:30:13.100,3848.0000,21663,-1,76157700.000,2,0,2,多平,S,3847.0000,3845.8000,3845.6000,3845.4000,3845.2000,3849.8000,3850.0000,3852.0000,3853.2000,3853.8000,8,1,3,3,17,1,20,3,1,1
SF,IF2009,2020-05-11 09:30:13.600,3847.2000,21663,0,77311860.000,1,0,1,多换,S,3848.2000,3847.0000,3845.8000,3845.6000,3845.4000,3849.6000,3849.8000,3850.0000,3852.0000,3853.2000,1,6,1,1,3,4,1,20,3,1
SF,IF2009,2020-05-11 09:30:14.100,3847.0000,21663,0,79620420.000,2,1,1,多换,S,3847.0000,3845.8000,3845.6000,3845.4000,3845.2000,3849.4000,3849.6000,3849.8000,3850.0000,3852.0000,3,1,1,3,17,2,2,1,20,3
SF,IF2009,2020-05-11 09:30:14.600,3847.0000,21663,0,79620420.000,0,-,-,-,-,3848.0000,3847.2000,3847.0000,3845.8000,3845.6000,3848.2000,3849.2000,3849.4000,3849.6000,3849.8000,1,1,3,1,1,1,1,2,2,1
SF,IF2009,2020-05-11 09:30:15.100,3848.0000,21664,1,81929280.000,2,1,1,空开,S,3847.2000,3847.0000,3845.6000,3845.4000,3845.2000,3849.4000,3849.6000,3849.8000,3850.0000,3852.0000,1,3,1,3,17,2,2,1,20,3
SF,IF2009,2020-05-11 09:30:15.600,3848.0000,21664,0,81929280.000,0,-,-,-,-,3847.2000,3847.0000,3845.6000,3845.4000,3845.2000,3849.2000,3849.8000,3850.0000,3852.0000,3853.2000,1,3,1,2,17,3,1,20,3,1
SF,IF2009,2020-05-11 09:30:16.100,3848.0000,21664,0,81929280.000,0,-,-,-,-,3847.4000,3847.2000,3847.0000,3845.6000,3845.4000,3849.0000,3849.2000,3849.8000,3850.0000,3852.0000,3,1,3,1,2,1,1,1,20,3
SF,IF2009,2020-05-11 09:30:16.600,3848.0000,21664,0,81929280.000,0,-,-,-,-,3847.4000,3847.0000,3845.6000,3845.4000,3845.2000,3848.8000,3849.2000,3849.8000,3850.0000,3852.0000,3,3,1,2,17,1,1,1,20,3
SF,IF2009,2020-05-11 09:30:17.100,3848.0000,21664,0,81929280.000,0,-,-,-,-,3847.4000,3847.0000,3845.6000,3845.4000,3845.2000,3848.6000,3849.2000,3849.8000,3850.0000,3852.0000,2,3,1,2,16,1,1,1,20,3
SF,IF2009,2020-05-11 09:30:17.600,3848.0000,21664,0,81929280.000,0,-,-,-,-,3847.0000,3845.6000,3845.4000,3845.2000,3845.0000,3848.4000,3848.8000,3849.2000,3849.8000,3850.0000,3,1,2,16,4,1,2,1,1,20
SF,IF2009,2020-05-11 09:30:18.100,3848.8000,21664,0,85393020.000,3,1,2,多换,S,3848.8000,3847.2000,3847.0000,3845.6000,3845.4000,3849.2000,3849.8000,3850.0000,3852.0000,3853.2000,1,1,3,1,2,1,1,20,3,1
SF,IF2009,2020-05-11 09:30:18.600,3848.8000,21664,0,86547660.000,1,0,1,多换,S,3847.0000,3845.6000,3845.4000,3845.2000,3845.0000,3849.8000,3850.0000,3852.0000,3853.2000,3853.8000,3,1,2,16,4,1,20,3,1,1
SF,IF2009,2020-05-11 09:30:19.100,3848.8000,21664,0,86547660.000,0,-,-,-,-,3849.2000,3847.0000,3845.6000,3845.4000,3845.2000,3849.6000,3849.8000,3850.0000,3852.0000,3853.2000,1,3,1,2,16,4,1,20,3,1
SF,IF2009,2020-05-11 09:30:19.600,3849.2000,21663,-1,87702420.000,1,0,1,双平,S,3847.0000,3845.6000,3845.4000,3845.2000,3845.0000,3849.6000,3849.8000,3850.0000,3852.0000,3853.2000,3,1,2,16,4,4,1,20,3,1
SF,IF2009,2020-05-11 09:30:20.100,3849.4000,21662,-1,88857240.000,1,0,1,双平,S,3847.2000,3847.0000,3845.6000,3845.4000,3845.2000,3849.6000,3849.8000,3850.0000,3852.0000,3853.2000,2,3,1,2,16,4,1,20,3,1
SF,IF2009,2020-05-11 09:30:20.600,3849.6000,21659,-3,93476760.000,4,0,4,多平,S,3848.8000,3847.2000,3847.0000,3845.6000,3845.4000,3849.8000,3850.0000,3852.0000,3853.2000,3853.8000,2,2,3,1,2,1,20,3,1,1
SF,IF2009,2020-05-11 09:30:21.100,3849.6000,21659,0,93476760.000,0,-,-,-,-,3849.6000,3848.8000,3847.0000,3845.6000,3845.4000,3849.8000,3850.0000,3852.0000,3853.2000,3853.8000,10,2,3,1,2,1,20,3,1,1
SF,IF2009,2020-05-11 09:30:21.600,3848.8000,21660,1,107334840.000,12,6,6,空开,S,3847.0000,3845.6000,3845.4000,3845.2000,3845.0000,3849.8000,3850.0000,3852.0000,3853.2000,3853.8000,3,1,2,16,4,1,20,3,1,1
SF,IF2009,2020-05-11 09:30:22.100,3848.8000,21660,0,107334840.000,0,-,-,-,-,3847.0000,3845.6000,3845.4000,3845.2000,3845.0000,3849.8000,3850.0000,3852.0000,3853.2000,3853.8000,3,1,2,16,4,1,20,3,1,1
SF,IF2009,2020-05-11 09:30:22.600,3848.8000,21660,0,107334840.000,0,-,-,-,-,3847.2000,3847.0000,3845.6000,3845.4000,3845.2000,3849.8000,3850.0000,3852.0000,3853.2000,3853.8000,3,3,1,2,16,1,20,3,1,1
SF,IF2009,2020-05-11 09:30:23.100,3848.8000,21660,0,107334840.000,0,-,-,-,-,3847.2000,3847.0000,3845.6000,3845.4000,3845.2000,3849.0000,3849.8000,3850.0000,3852.0000,3853.2000,3,3,1,2,16,2,1,20,3,1
SF,IF2009,2020-05-11 09:30:23.600,3848.8000,21660,0,107334840.000,0,-,-,-,-,3847.4000,3847.2000,3847.0000,3845.6000,3845.4000,3849.0000,3849.8000,3850.0000,3852.0000,3853.2000,1,3,3,1,2,2,1,20,3,1
SF,IF2009,2020-05-11 09:30:24.100,3848.8000,21660,0,107334840.000,0,-,-,-,-,3847.6000,3847.2000,3847.0000,3845.6000,3845.4000,3849.0000,3849.8000,3850.0000,3852.0000,3853.2000,1,3,3,1,2,2,1,20,3,1
SF,IF2009,2020-05-11 09:30:24.600,3848.8000,21660,0,107334840.000,0,-,-,-,-,3847.8000,3847.2000,3847.0000,3845.6000,3845.4000,3849.0000,3849.8000,3850.0000,3852.0000,3853.2000,1,3,3,1,2,2,1,20,3,1
SF,IF2009,2020-05-11 09:30:25.100,3848.8000,21660,0,107334840.000,0,-,-,-,-,3848.0000,3847.2000,3847.0000,3845.6000,3845.4000,3849.0000,3849.8000,3850.0000,3852.0000,3853.2000,1,3,3,1,2,2,1,20,3,1
SF,IF2009,2020-05-11 09:30:25.600,3849.0000,21660,0,108489540.000,1,0,1,多换,S,3848.2000,3847.2000,3847.0000,3845.6000,3845.4000,3849.0000,3849.8000,3850.0000,3852.0000,3853.2000,1,3,3,1,2,1,1,20,3,1
SF,IF2009,2020-05-11 09:30:26.100,3849.0000,21660,0,109644240.000,1,0,1,多换,S,3849.0000,3848.4000,3847.2000,3847.0000,3845.6000,3849.8000,3850.0000,3850.2000,3852.0000,3853.2000,1,1,3,3,1,1,20,1,3,1
SF,IF2009,2020-05-11 09:30:26.600,3849.8000,21660,0,111953880.000,2,1,1,多换,S,3849.0000,3847.2000,3847.0000,3845.6000,3845.4000,3850.0000,3850.2000,3852.0000,3853.2000,3853.8000,1,1,3,1,2,20,1,3,1,1
SF,IF2009,2020-05-11 09:30:27.100,3849.0000,21660,0,113108580.000,1,0,1,多换,S,3847.2000,3847.0000,3845.6000,3845.4000,3845.2000,3850.0000,3850.2000,3852.0000,3853.2000,3853.8000,1,3,1,2,16,20,1,3,1,1
SF,IF2009,2020-05-11 09:30:27.600,3849.0000,21660,0,113108580.000,0,-,-,-,-,3847.4000,3847.2000,3847.0000,3845.6000,3845.4000,3848.8000,3850.0000,3850.2000,3852.0000,3853.2000,3,1,3,1,2,1,20,1,3,1
SF,IF2009,2020-05-11 09:30:28.100,3849.0000,21660,0,113108580.000,0,-,-,-,-,3847.6000,3847.4000,3847.2000,3847.0000,3845.6000,3848.8000,3849.0000,3850.0000,3850.2000,3852.0000,1,3,1,3,1,1,1,20,1,3
SF,IF2009,2020-05-11 09:30:28.600,3849.0000,21660,0,113108580.000,0,-,-,-,-,3847.8000,3847.4000,3847.2000,3847.0000,3845.6000,3848.8000,3849.0000,3850.0000,3850.2000,3852.0000,1,3,1,3,1,1,1,20,1,3
SF,IF2009,2020-05-11 09:30:29.100,3849.0000,21660,0,114263280.000,1,0,1,多换,S,3848.0000,3847.4000,3847.2000,3847.0000,3845.6000,3849.0000,3850.0000,3850.2000,3852.0000,3853.2000,1,1,1,3,1,1,20,1,3,1
SF,IF2009,2020-05-11 09:30:29.600,3849.0000,21660,0,114263280.000,0,-,-,-,-,3848.2000,3847.4000,3847.2000,3847.0000,3845.6000,3849.0000,3850.0000,3850.2000,3852.0000,3853.2000,1,1,1,3,1,1,20,1,3,1
SF,IF2009,2020-05-11 09:30:30.100,3849.0000,21660,0,114263280.000,0,-,-,-,-,3847.4000,3847.2000,3847.0000,3845.6000,3845.4000,3849.0000,3850.0000,3850.2000,3852.0000,3853.2000,1,1,3,1,2,1,20,1,3,1
SF,IF2009,2020-05-11 09:30:30.600,3849.0000,21660,0,114263280.000,0,-,-,-,-,3847.6000,3847.4000,3847.2000,3847.0000,3845.6000,3849.0000,3850.0000,3850.2000,3852.0000,3853.2000,2,1,1,3,1,1,20,1,3,1
SF,IF2009,2020-05-11 09:30:31.100,3849.0000,21660,0,114263280.000,0,-,-,-,-,3847.8000,3847.6000,3847.2000,3847.0000,3845.6000,3849.0000,3850.0000,3850.2000,3852.0000,3853.2000,2,1,1,3,1,1,20,1,3,1
SF,IF2009,2020-05-11 09:30:31.600,3849.0000,21660,0,114263280.000,0,-,-,-,-,3848.0000,3847.8000,3847.6000,3847.2000,3847.0000,3849.0000,3850.0000,3850.2000,3852.0000,3853.2000,2,1,1,1,3,1,20,1,3,1
SF,IF2009,2020-05-11 09:30:32.100,3849.0000,21659,-1,115417980.000,1,0,1,双平,S,3848.2000,3848.0000,3847.8000,3847.6000,3847.2000,3850.0000,3850.2000,3852.0000,3853.2000,3853.8000,1,1,1,1,1,20,1,3,1,1
SF,IF2009,2020-05-11 09:30:32.600,3849.0000,21659,0,115417980.000,0,-,-,-,-,3848.4000,3848.0000,3847.6000,3847.2000,3847.0000,3850.0000,3850.2000,3852.0000,3853.2000,3853.8000,4,1,1,1,3,20,1,3,1,1
SF,IF2009,2020-05-11 09:30:33.100,3849.0000,21659,0,115417980.000,0,-,-,-,-,3848.6000,3848.4000,3848.0000,3847.6000,3847.2000,3850.0000,3850.2000,3850.8000,3852.0000,3853.2000,2,3,1,1,1,21,1,1,3,1
SF,IF2009,2020-05-11 09:30:33.600,3849.0000,21659,0,115417980.000,0,-,-,-,-,3848.8000,3848.6000,3848.4000,3848.0000,3847.6000,3850.0000,3850.2000,3850.8000,3852.0000,3853.2000,3,1,3,1,1,21,1,1,3,1
SF,IF2009,2020-05-11 09:30:34.100,3848.4000,21649,-10,126964020.000,10,0,10,双平,S,3848.0000,3847.6000,3847.2000,3847.0000,3845.6000,3848.2000,3850.0000,3850.2000,3850.8000,3852.0000,1,1,1,3,1,10,21,1,1,3
SF,IF2009,2020-05-11 09:30:34.600,3848.2000,21639,-10,138508620.000,10,0,10,双平,S,3849.0000,3848.6000,3848.2000,3848.0000,3847.6000,3850.0000,3850.2000,3850.8000,3852.0000,3853.2000,1,1,6,1,1,21,1,1,3,1
SF,IF2009,2020-05-11 09:30:35.100,3849.8000,21638,-1,139663560.000,1,0,1,双平,S,3849.0000,3848.6000,3848.4000,3848.2000,3848.0000,3850.0000,3850.2000,3850.8000,3852.0000,3853.2000,1,1,1,6,1,21,1,1,3,1
SF,IF2009,2020-05-11 09:30:35.600,3850.0000,21637,-1,140818560.000,1,0,1,双平,S,3849.0000,3848.6000,3848.4000,3848.2000,3848.0000,3850.0000,3850.2000,3850.8000,3852.0000,3853.2000,1,1,2,1,1,20,1,1,3,1
SF,IF2009,2020-05-11 09:30:36.100,3849.0000,21636,-1,144283260.000,3,1,2,多平,S,3848.6000,3848.4000,3848.2000,3848.0000,3847.6000,3850.0000,3850.2000,3850.8000,3852.0000,3853.2000,1,1,4,1,1,18,1,1,3,1
SF,IF2009,2020-05-11 09:30:36.600,3849.0000,21636,0,144283260.000,0,-,-,-,-,3848.6000,3848.4000,3848.2000,3848.0000,3847.6000,3849.0000,3850.0000,3850.2000,3850.8000,3852.0000,1,1,4,1,1,2,18,1,1,3
SF,IF2009,2020-05-11 09:30:37.100,3849.0000,21634,-2,146592660.000,2,0,2,双平,S,3849.4000,3849.0000,3848.8000,3848.6000,3848.4000,3850.0000,3850.2000,3850.8000,3852.0000,3853.2000,1,2,1,1,1,18,1,1,4,1
SF,IF2009,2020-05-11 09:30:37.600,3850.0000,21634,0,151212480.000,4,2,2,多换,S,3848.6000,3848.2000,3848.0000,3847.6000,3847.2000,3850.0000,3850.2000,3850.8000,3852.0000,3853.2000,1,4,1,1,1,15,1,1,4,1
SF,IF2009,2020-05-11 09:30:38.100,3850.0000,21634,0,151212480.000,0,-,-,-,-,3848.8000,3848.6000,3848.2000,3848.0000,3847.6000,3850.0000,3850.2000,3850.8000,3852.0000,3853.2000,2,1,4,1,1,15,1,1,4,1
SF,IF2009,2020-05-11 09:30:38.600,3850.0000,21634,0,151212480.000,0,-,-,-,-,3849.0000,3848.8000,3848.6000,3848.2000,3848.0000,3850.0000,3850.2000,3850.8000,3852.0000,3853.2000,1,2,1,4,1,15,1,1,4,1
SF,IF2009,2020-05-11 09:30:39.100,3850.0000,21634,0,151212480.000,0,-,-,-,-,3849.0000,3848.8000,3848.6000,3848.2000,3848.0000,3850.0000,3850.2000,3850.8000,3852.0000,3853.2000,1,1,1,4,1,15,1,1,4,1
SF,IF2009,2020-05-11 09:30:40.100,3850.0000,21634,0,151212480.000,0,-,-,-,-,3849.0000,3848.8000,3848.6000,3848.2000,3848.0000,3850.0000,3850.2000,3850.8000,3852.0000,3853.2000,1,1,1,4,1,19,1,1,4,1
SF,IF2009,2020-05-11 09:30:40.600,3849.0000,21631,-3,154676820.000,3,0,3,双平,S,3848.8000,3848.6000,3848.2000,3848.0000,3847.6000,3849.0000,3849.8000,3850.0000,3850.2000,3850.8000,1,1,4,1,1,17,1,19,1,1
SF,IF2009,2020-05-11 09:30:41.100,3849.0000,21629,-2,166223820.000,10,4,6,多平,S,3848.8000,3848.6000,3848.2000,3848.0000,3847.6000,3849.0000,3849.8000,3850.0000,3850.2000,3850.8000,1,1,4,1,1,7,1,19,1,1
SF,IF2009,2020-05-11 09:30:41.600,3849.0000,21625,-4,170842620.000,4,0,4,双平,S,3848.8000,3848.6000,3848.2000,3848.0000,3847.6000,3849.0000,3849.8000,3850.0000,3850.2000,3850.8000,1,1,4,1,1,3,1,19,1,1
SF,IF2009,2020-05-11 09:30:42.100,3849.0000,21622,-3,174306720.000,3,0,3,双平,S,3849.4000,3849.0000,3848.6000,3848.2000,3848.0000,3849.8000,3850.0000,3850.2000,3850.8000,3852.0000,1,1,1,4,1,1,19,1,1,4
SF,IF2009,2020-05-11 09:30:42.600,3848.6000,21619,-3,181235040.000,6,1,5,多平,S,3849.0000,3848.2000,3847.0000,3845.6000,3845.2000,3849.6000,3849.8000,3850.0000,3850.2000,3850.8000,1,4,4,1,16,1,1,19,1,1
SF,IF2009,2020-05-11 09:30:43.100,3849.0000,21619,0,183544440.000,2,1,1,多换,S,3848.2000,3847.0000,3845.6000,3845.2000,3845.0000,3849.4000,3849.8000,3850.0000,3850.2000,3850.8000,4,4,1,16,3,1,1,19,1,1
SF,IF2009,2020-05-11 09:30:43.600,3849.0000,21619,0,183544440.000,0,-,-,-,-,3848.2000,3847.0000,3845.6000,3845.2000,3845.0000,3849.2000,3849.8000,3850.0000,3850.2000,3850.8000,4,4,1,16,3,1,1,19,1,1
SF,IF2009,2020-05-11 09:30:44.100,3849.0000,21619,0,183544440.000,0,-,-,-,-,3848.2000,3847.0000,3845.6000,3845.2000,3845.0000,3849.8000,3850.0000,3850.2000,3850.8000,3851.8000,4,4,1,16,3,1,19,1,1,1
SF,IF2009,2020-05-11 09:30:44.600,3849.0000,21619,0,183544440.000,0,-,-,-,-,3849.4000,3848.2000,3847.0000,3845.6000,3845.2000,3849.6000,3849.8000,3850.0000,3850.2000,3850.8000,1,4,4,1,16,1,1,19,1,1
SF,IF2009,2020-05-11 09:30:45.100,3849.4000,21619,0,185854080.000,2,1,1,多换,S,3849.4000,3848.2000,3847.0000,3845.6000,3845.2000,3849.8000,3850.0000,3850.2000,3850.8000,3851.8000,3,4,4,1,16,1,19,1,1,1
SF,IF2009,2020-05-11 09:30:45.600,3849.6000,21619,0,190473420.000,4,2,2,多换,S,3848.2000,3847.0000,3845.6000,3845.2000,3845.0000,3849.8000,3850.0000,3850.2000,3850.8000,3851.8000,4,4,1,16,3,1,19,1,1,1
SF,IF2009,2020-05-11 09:30:46.100,3849.6000,21619,0,190473420.000,0,-,-,-,-,3848.4000,3848.2000,3847.0000,3845.6000,3845.2000,3849.8000,3850.0000,3850.2000,3850.8000,3851.8000,1,4,4,1,16,1,19,1,1,1
SF,IF2009,2020-05-11 09:30:46.600,3849.6000,21619,0,191628300.000,1,0,1,多换,S,3848.4000,3848.2000,3847.0000,3845.6000,3845.2000,3849.6000,3849.8000,3850.0000,3850.2000,3850.8000,1,4,4,1,16,1,1,19,1,1
SF,IF2009,2020-05-11 09:30:47.100,3849.6000,21618,-1,192783180.000,1,0,1,双平,S,3848.2000,3847.0000,3845.6000,3845.2000,3845.0000,3849.8000,3850.0000,3850.2000,3850.8000,3851.8000,4,4,1,16,3,1,19,1,1,1
SF,IF2009,2020-05-11 09:30:47.600,3849.6000,21618,0,192783180.000,0,-,-,-,-,3848.4000,3848.2000,3847.0000,3845.6000,3845.2000,3849.8000,3850.0000,3850.2000,3850.8000,3851.8000,1,4,4,1,16,1,19,1,1,1
SF,IF2009,2020-05-11 09:30:48.100,3849.6000,21618,0,192783180.000,0,-,-,-,-,3848.2000,3847.0000,3845.6000,3845.2000,3845.0000,3849.6000,3849.8000,3850.0000,3850.2000,3850.8000,4,4,1,16,3,1,2,19,1,1
SF,IF2009,2020-05-11 09:30:48.600,3849.6000,21618,0,192783180.000,0,-,-,-,-,3849.0000,3848.4000,3848.2000,3847.0000,3845.6000,3849.6000,3849.8000,3850.0000,3850.2000,3850.8000,1,4,4,4,1,1,2,19,1,1
SF,IF2009,2020-05-11 09:30:49.100,3849.6000,21619,1,193938060.000,1,1,0,双开,S,3849.0000,3848.4000,3848.2000,3847.0000,3845.6000,3849.8000,3850.0000,3850.2000,3850.8000,3851.8000,1,3,4,4,1,2,19,1,1,1
SF,IF2009,2020-05-11 09:30:49.600,3849.2000,21619,0,195092820.000,1,0,1,多换,S,3848.4000,3848.2000,3847.0000,3845.6000,3845.2000,3849.8000,3850.0000,3850.2000,3850.8000,3851.8000,2,4,4,1,16,2,19,1,1,1
SF,IF2009,2020-05-11 09:30:50.100,3849.2000,21619,0,195092820.000,0,-,-,-,-,3848.2000,3847.0000,3845.6000,3845.2000,3845.0000,3849.8000,3850.0000,3850.2000,3850.8000,3851.8000,4,4,1,16,3,2,19,1,1,1
SF,IF2009,2020-05-11 09:30:50.600,3849.2000,21619,0,195092820.000,0,-,-,-,-,3848.4000,3848.2000,3847.0000,3845.6000,3845.2000,3849.8000,3850.0000,3850.2000,3850.8000,3851.8000,1,4,5,1,16,3,19,1,1,1
SF,IF2009,2020-05-11 09:30:51.100,3849.2000,21619,0,195092820.000,0,-,-,-,-,3848.2000,3847.0000,3845.6000,3845.2000,3845.0000,3849.6000,3849.8000,3850.0000,3850.2000,3850.8000,4,5,1,16,3,1,3,19,1,1
SF,IF2009,2020-05-11 09:30:51.600,3849.8000,21619,0,196247760.000,1,0,1,多换,S,3848.2000,3847.0000,3845.6000,3845.2000,3845.0000,3849.8000,3850.0000,3850.2000,3850.8000,3851.8000,4,5,1,16,3,2,19,1,1,1
SF,IF2009,2020-05-11 09:30:52.100,3849.0000,21617,-2,198557340.000,2,0,2,双平,S,3848.4000,3848.2000,3847.0000,3845.6000,3845.2000,3849.8000,3850.0000,3850.2000,3850.8000,3851.8000,5,4,5,1,16,2,19,1,1,1
SF,IF2009,2020-05-11 09:30:52.600,3849.0000,21617,0,198557340.000,0,-,-,-,-,3848.6000,3848.4000,3848.2000,3847.0000,3845.6000,3849.8000,3850.0000,3850.2000,3850.8000,3851.8000,1,4,4,5,1,2,19,1,1,1
SF,IF2009,2020-05-11 09:30:53.100,3849.0000,21617,0,198557340.000,0,-,-,-,-,3848.4000,3848.2000,3847.0000,3845.6000,3845.2000,3849.0000,3849.8000,3850.0000,3850.2000,3850.8000,4,4,5,1,16,1,2,19,1,1
SF,IF2009,2020-05-11 09:30:53.600,3850.0000,21614,-3,206641920.000,7,2,5,多平,S,3849.4000,3849.0000,3848.6000,3848.4000,3848.2000,3850.0000,3850.2000,3850.8000,3851.8000,3852.0000,1,1,1,4,4,15,1,1,1,4
SF,IF2009,2020-05-11 09:30:54.100,3849.4000,21614,0,207796740.000,1,0,1,多换,S,3849.0000,3848.4000,3848.2000,3847.0000,3845.6000,3849.8000,3850.0000,3850.2000,3850.8000,3851.8000,1,1,4,5,1,1,15,1,1,1
SF,IF2009,2020-05-11 09:30:54.600,3849.6000,21613,-1,210106500.000,2,0,2,多平,S,3848.4000,3848.2000,3847.0000,3845.6000,3845.2000,3849.8000,3850.0000,3850.8000,3851.8000,3852.0000,1,4,5,1,16,1,15,1,1,4
SF,IF2009,2020-05-11 09:30:55.100,3849.6000,21613,0,211261380.000,1,0,1,多换,S,3848.6000,3848.2000,3847.0000,3845.6000,3845.2000,3849.8000,3850.0000,3850.8000,3851.8000,3852.0000,1,4,5,1,16,2,15,1,1,4
SF,IF2009,2020-05-11 09:30:55.600,3849.6000,21613,0,211261380.000,0,-,-,-,-,3848.2000,3847.0000,3845.6000,3845.2000,3845.0000,3849.8000,3850.0000,3850.8000,3851.8000,3852.0000,4,5,1,16,3,3,15,1,1,4
SF,IF2009,2020-05-11 09:30:56.100,3849.6000,21613,0,211261380.000,0,-,-,-,-,3848.4000,3848.2000,3847.0000,3845.6000,3845.2000,3849.8000,3850.0000,3850.8000,3851.8000,3852.0000,3,4,5,1,16,3,15,1,1,4
SF,IF2009,2020-05-11 09:30:56.600,3849.8000,21612,-1,213571260.000,2,0,2,多平,S,3848.6000,3848.2000,3847.0000,3845.6000,3845.2000,3849.8000,3850.0000,3850.8000,3851.8000,3852.0000,1,4,5,1,16,1,15,1,1,4
SF,IF2009,2020-05-11 09:30:57.100,3849.8000,21612,0,214726200.000,1,0,1,多换,S,3848.2000,3847.0000,3845.6000,3845.2000,3845.0000,3849.6000,3849.8000,3850.0000,3850.8000,3851.8000,4,5,1,16,3,9,1,15,1,1
SF,IF2009,2020-05-11 09:30:57.600,3849.6000,21611,-1,215881080.000,1,0,1,双平,S,3848.4000,3848.2000,3847.0000,3846.2000,3845.6000,3849.4000,3849.6000,3849.8000,3850.0000,3850.8000,1,4,5,1,1,3,9,1,15,1
SF,IF2009,2020-05-11 09:30:58.100,3849.6000,21611,0,217035960.000,1,0,1,多换,S,3848.4000,3848.2000,3847.0000,3846.2000,3845.6000,3849.4000,3849.6000,3849.8000,3850.0000,3850.8000,1,4,5,1,1,2,9,1,15,1
SF,IF2009,2020-05-11 09:30:58.600,3849.6000,21611,0,217035960.000,0,-,-,-,-,3849.4000,3848.4000,3848.2000,3847.0000,3846.2000,3849.6000,3849.8000,3850.0000,3850.8000,3851.8000,1,1,4,5,1,9,1,15,1,1
SF,IF2009,2020-05-11 09:30:59.100,3849.4000,21610,-1,218190780.000,1,0,1,双平,S,3849.4000,3848.4000,3848.2000,3847.0000,3846.2000,3849.6000,3849.8000,3850.0000,3850.8000,3851.8000,1,1,4,5,1,9,1,15,1,1
SF,IF2009,2020-05-11 09:30:59.600,3849.6000,21609,-1,220500480.000,2,0,2,多平,S,3848.4000,3848.2000,3847.0000,3846.2000,3845.6000,3849.6000,3849.8000,3850.0000,3850.8000,3851.8000,1,4,4,1,1,8,1,15,1,1
SF,IF2009,2020-05-11 09:31:00.100,3849.6000,21608,-1,221655360.000,1,0,1,双平,S,3848.6000,3848.2000,3847.0000,3846.2000,3845.6000,3849.6000,3849.8000,3850.0000,3850.8000,3851.8000,3,4,4,1,1,7,1,15,1,1
SF,IF2009,2020-05-11 09:31:00.600,3849.6000,21607,-1,223965120.000,2,0,2,多平,S,3848.8000,3848.6000,3848.2000,3847.0000,3846.2000,3849.6000,3849.8000,3850.0000,3850.4000,3850.8000,1,2,4,4,1,5,1,15,1,1
SF,IF2009,2020-05-11 09:31:01.100,3849.6000,21607,0,223965120.000,0,-,-,-,-,3849.0000,3848.6000,3848.2000,3847.0000,3846.2000,3849.4000,3849.6000,3849.8000,3850.0000,3850.4000,3,2,4,4,1,1,5,1,14,1
SF,IF2009,2020-05-11 09:31:01.600,3849.6000,21605,-2,226274820.000,2,0,2,双平,S,3849.0000,3848.2000,3847.0000,3846.2000,3845.6000,3849.6000,3849.8000,3850.0000,3850.4000,3850.8000,3,4,4,1,1,4,1,14,1,1
SF,IF2009,2020-05-11 09:31:02.100,3849.6000,21605,0,226274820.000,0,-,-,-,-,3849.4000,3849.0000,3848.2000,3847.0000,3846.2000,3849.6000,3849.8000,3850.0000,3850.4000,3850.8000,2,4,4,4,1,4,1,14,1,1
SF,IF2009,2020-05-11 09:31:02.600,3849.6000,21605,0,226274820.000,0,-,-,-,-,3849.4000,3849.0000,3848.2000,3847.0000,3846.2000,3849.6000,3849.8000,3850.0000,3850.4000,3850.8000,2,2,4,4,1,4,1,14,1,1
SF,IF2009,2020-05-11 09:31:03.100,3849.6000,21605,0,226274820.000,0,-,-,-,-,3849.4000,3849.0000,3848.2000,3847.0000,3846.2000,3849.6000,3849.8000,3850.0000,3850.4000,3850.8000,1,2,4,4,1,4,1,14,1,1
SF,IF2009,2020-05-11 09:31:03.600,3849.0000,21604,-1,228584340.000,2,0,2,多平,S,3848.2000,3847.0000,3846.2000,3845.6000,3845.2000,3849.4000,3849.6000,3849.8000,3850.0000,3850.4000,4,4,1,1,16,4,4,1,14,1
SF,IF2009,2020-05-11 09:31:04.100,3849.0000,21604,0,228584340.000,0,-,-,-,-,3848.4000,3848.2000,3847.0000,3846.2000,3845.6000,3849.4000,3849.6000,3849.8000,3850.0000,3850.4000,4,4,4,1,1,4,4,1,4,1
SF,IF2009,2020-05-11 09:31:04.600,3849.4000,21604,0,233203620.000,4,2,2,多换,S,3848.6000,3848.4000,3848.2000,3847.0000,3846.2000,3849.6000,3849.8000,3850.0000,3850.4000,3850.8000,1,2,4,4,1,4,1,4,1,1
SF,IF2009,2020-05-11 09:31:05.100,3849.4000,21604,0,233203620.000,0,-,-,-,-,3848.4000,3848.2000,3847.0000,3846.2000,3845.6000,3849.6000,3849.8000,3850.0000,3850.4000,3850.8000,2,4,4,1,1,4,1,4,1,1
SF,IF2009,2020-05-11 09:31:05.600,3849.4000,21604,0,233203620.000,0,-,-,-,-,3848.2000,3847.0000,3846.2000,3845.6000,3845.2000,3849.4000,3849.6000,3849.8000,3850.0000,3850.4000,4,4,1,1,16,1,4,1,4,1
SF,IF2009,2020-05-11 09:31:06.100,3849.4000,21604,0,233203620.000,0,-,-,-,-,3848.2000,3847.4000,3847.0000,3846.2000,3845.6000,3849.2000,3849.4000,3849.6000,3849.8000,3850.0000,4,1,4,1,1,1,1,4,1,4
SF,IF2009,2020-05-11 09:31:07.100,3848.4000,21603,-1,234358140.000,1,0,1,双平,S,3848.2000,3847.4000,3847.0000,3846.2000,3845.6000,3849.2000,3849.4000,3849.6000,3849.8000,3850.0000,4,1,4,1,1,1,1,4,1,4
SF,IF2009,2020-05-11 09:31:08.100,3848.4000,21603,0,234358140.000,0,-,-,-,-,3848.2000,3847.4000,3847.0000,3846.2000,3845.6000,3849.2000,3849.4000,3849.6000,3849.8000,3850.0000,4,1,4,1,1,1,1,4,1,4
SF,IF2009,2020-05-11 09:31:08.600,3848.2000,21602,-1,236667060.000,2,0,2,多平,S,3848.4000,3848.2000,3847.4000,3847.0000,3846.2000,3849.2000,3849.4000,3849.6000,3849.8000,3850.0000,1,2,1,4,1,1,1,4,1,4
SF,IF2009,2020-05-11 09:31:09.100,3848.4000,21601,-1,237821580.000,1,0,1,双平,S,3848.2000,3847.4000,3847.0000,3846.2000,3845.6000,3849.2000,3849.4000,3849.6000,3849.8000,3850.0000,2,1,4,1,1,1,1,4,1,4
SF,IF2009,2020-05-11 09:31:10.100,3848.4000,21601,0,237821580.000,0,-,-,-,-,3848.6000,3848.2000,3847.4000,3847.0000,3846.2000,3849.2000,3849.4000,3849.6000,3849.8000,3850.0000,1,2,1,4,1,1,1,4,1,4
SF,IF2009,2020-05-11 09:31:10.600,3848.6000,21601,0,238976160.000,1,0,1,多换,S,3848.2000,3848.0000,3847.4000,3847.0000,3846.2000,3848.6000,3849.2000,3849.4000,3849.6000,3849.8000,2,1,1,4,1,1,1,1,4,1
SF,IF2009,2020-05-11 09:31:11.600,3848.2000,21601,0,240130620.000,1,0,1,多换,S,3848.2000,3848.0000,3847.4000,3847.0000,3846.2000,3848.6000,3849.2000,3849.4000,3849.6000,3849.8000,1,1,1,4,1,1,1,1,4,1
SF,IF2009,2020-05-11 09:31:12.100,3848.2000,21601,0,241285080.000,1,0,1,多换,S,3848.0000,3847.4000,3847.0000,3846.2000,3845.6000,3848.2000,3848.6000,3849.2000,3849.4000,3849.6000,1,1,4,1,1,3,1,1,1,4
SF,IF2009,2020-05-11 09:31:12.600,3848.2000,21599,-2,248211900.000,6,2,4,多平,S,3847.4000,3847.0000,3846.2000,3845.6000,3845.2000,3848.0000,3849.2000,3849.4000,3849.6000,3849.8000,1,4,1,1,16,3,1,1,4,1
SF,IF2009,2020-05-11 09:31:13.100,3848.0000,21596,-3,255138300.000,6,1,5,多平,S,3847.6000,3847.4000,3847.0000,3846.2000,3845.6000,3849.4000,3849.6000,3849.8000,3850.0000,3850.8000,2,1,4,1,1,1,4,1,4,1
SF,IF2009,2020-05-11 09:31:13.600,3847.8000,21595,-1,256292640.000,1,0,1,双平,S,3847.8000,3847.6000,3847.4000,3847.0000,3846.2000,3849.4000,3849.6000,3849.8000,3850.0000,3850.8000,2,1,1,4,1,1,4,1,4,1
SF,IF2009,2020-05-11 09:31:14.100,3849.4000,21596,1,257447460.000,1,1,0,双开,S,3848.0000,3847.8000,3847.6000,3847.4000,3847.0000,3849.6000,3849.8000,3850.0000,3850.8000,3851.8000,4,1,1,1,4,4,1,4,1,1
SF,IF2009,2020-05-11 09:31:14.600,3848.2000,21595,-1,258601920.000,1,0,1,双平,S,3848.2000,3848.0000,3847.6000,3847.4000,3847.0000,3849.4000,3849.6000,3849.8000,3850.0000,3850.8000,1,3,1,1,4,1,4,1,4,1
SF,IF2009,2020-05-11 09:31:15.100,3849.6000,21595,0,259756800.000,1,0,1,多换,S,3848.4000,3848.2000,3848.0000,3847.6000,3847.4000,3849.6000,3849.8000,3850.0000,3850.8000,3851.8000,1,1,3,1,1,3,1,4,1,1
SF,IF2009,2020-05-11 09:31:15.600,3849.6000,21595,0,259756800.000,0,-,-,-,-,3848.8000,3848.2000,3848.0000,3847.6000,3847.0000,3849.4000,3849.6000,3849.8000,3850.0000,3850.8000,1,1,3,1,4,1,3,1,4,1
SF,IF2009,2020-05-11 09:31:16.100,3849.6000,21595,0,259756800.000,0,-,-,-,-,3849.4000,3848.8000,3848.2000,3848.0000,3847.6000,3849.6000,3849.8000,3850.0000,3850.8000,3851.8000,1,1,1,3,1,3,1,4,1,1
SF,IF2009,2020-05-11 09:31:16.600,3849.6000,21595,0,262066500.000,2,1,1,多换,S,3848.8000,3848.2000,3848.0000,3847.6000,3847.0000,3849.4000,3849.6000,3849.8000,3850.0000,3850.8000,1,1,3,1,5,2,2,1,4,1
SF,IF2009,2020-05-11 09:31:17.100,3848.8000,21594,-1,263221140.000,1,0,1,双平,S,3848.2000,3848.0000,3847.6000,3847.0000,3846.2000,3849.4000,3849.6000,3849.8000,3850.0000,3850.8000,1,3,1,5,1,2,2,1,4,1
SF,IF2009,2020-05-11 09:31:17.600,3848.8000,21594,0,263221140.000,0,-,-,-,-,3848.0000,3847.6000,3847.0000,3846.2000,3845.6000,3849.2000,3849.4000,3849.6000,3849.8000,3850.0000,3,1,5,1,1,2,2,2,1,4
SF,IF2009,2020-05-11 09:31:18.100,3848.0000,21592,-2,265529940.000,2,0,2,双平,S,3847.6000,3847.0000,3846.2000,3845.6000,3845.2000,3849.0000,3849.2000,3849.4000,3849.6000,3849.8000,1,5,1,1,16,1,1,2,2,1
SF,IF2009,2020-05-11 09:31:18.600,3849.2000,21592,0,266684700.000,1,0,1,多换,S,3847.8000,3847.6000,3847.0000,3846.2000,3845.6000,3849.4000,3849.6000,3849.8000,3850.0000,3850.8000,2,1,5,1,1,2,2,1,4,1
SF,IF2009,2020-05-11 09:31:19.100,3849.0000,21592,0,267839400.000,1,0,1,多换,S,3847.8000,3847.6000,3847.0000,3846.2000,3845.6000,3849.2000,3849.4000,3849.6000,3849.8000,3850.0000,2,1,5,1,1,2,2,2,1,4
SF,IF2009,2020-05-11 09:31:19.600,3849.0000,21592,0,267839400.000,0,-,-,-,-,3848.0000,3847.8000,3847.6000,3847.0000,3846.2000,3849.4000,3849.6000,3849.8000,3850.0000,3850.2000,2,1,1,5,1,3,2,1,5,1
SF,IF2009,2020-05-11 09:31:20.100,3849.0000,21592,0,267839400.000,0,-,-,-,-,3848.2000,3848.0000,3847.8000,3847.6000,3847.0000,3849.4000,3849.6000,3849.8000,3850.0000,3850.2000,2,2,1,1,5,3,2,1,5,1
SF,IF2009,2020-05-11 09:31:20.600,3848.2000,21591,-1,268993860.000,1,0,1,双平,S,3848.0000,3847.8000,3847.6000,3847.0000,3846.2000,3849.4000,3849.6000,3849.8000,3850.0000,3850.2000,2,1,1,5,1,3,2,1,6,1
SF,IF2009,2020-05-11 09:31:21.100,3848.2000,21590,-1,270148320.000,1,0,1,双平,S,3848.2000,3848.0000,3847.8000,3847.6000,3847.0000,3849.2000,3849.4000,3849.6000,3849.8000,3850.0000,1,2,1,1,5,1,3,2,1,6
SF,IF2009,2020-05-11 09:31:21.600,3849.4000,21590,0,271303140.000,1,0,1,多换,S,3848.2000,3848.0000,3847.8000,3847.6000,3847.0000,3849.4000,3849.6000,3849.8000,3850.0000,3850.2000,1,2,1,1,5,2,2,1,6,1
SF,IF2009,2020-05-11 09:31:22.100,3848.2000,21590,0,272457600.000,1,0,1,多换,S,3848.0000,3847.8000,3847.6000,3847.0000,3846.2000,3849.4000,3849.6000,3849.8000,3850.0000,3850.2000,2,1,1,5,1,2,2,1,6,1
SF,IF2009,2020-05-11 09:31:22.600,3848.2000,21589,-1,273612060.000,1,0,1,双平,S,3848.0000,3847.0000,3846.2000,3845.2000,3845.0000,3849.2000,3849.4000,3849.6000,3849.8000,3850.0000,5,5,1,16,1,1,2,2,1,6
SF,IF2009,2020-05-11 09:31:23.100,3848.0000,21589,0,275921160.000,2,1,1,多换,S,3848.0000,3847.0000,3846.2000,3845.2000,3845.0000,3849.0000,3849.4000,3849.6000,3849.8000,3850.0000,3,5,1,16,1,4,2,2,1,6
SF,IF2009,2020-05-11 09:31:23.600,3848.2000,21584,-5,281694060.000,5,0,5,双平,S,3848.0000,3847.0000,3846.2000,3845.2000,3845.0000,3848.2000,3849.0000,3849.4000,3849.6000,3849.8000,3,5,1,16,1,18,3,2,2,1
SF,IF2009,2020-05-11 09:31:24.100,3848.2000,21577,-7,294393060.000,11,2,9,多平,S,3848.0000,3847.0000,3846.2000,3845.2000,3845.0000,3848.2000,3849.0000,3849.4000,3849.6000,3849.8000,2,5,1,16,1,8,3,2,2,1
SF,IF2009,2020-05-11 09:31:24.600,3848.2000,21567,-10,305937660.000,10,0,10,双平,S,3848.0000,3847.0000,3846.2000,3845.2000,3845.0000,3849.4000,3849.6000,3849.8000,3850.0000,3850.2000,2,5,1,16,1,2,2,1,6,1
SF,IF2009,2020-05-11 09:31:25.100,3848.2000,21567,0,305937660.000,0,-,-,-,-,3848.0000,3847.0000,3846.4000,3846.2000,3845.2000,3849.4000,3849.6000,3849.8000,3850.0000,3850.2000,2,5,1,1,16,2,2,1,6,1
SF,IF2009,2020-05-11 09:31:25.600,3848.2000,21567,0,305937660.000,0,-,-,-,-,3848.0000,3847.0000,3846.4000,3846.2000,3845.2000,3849.4000,3849.6000,3849.8000,3850.0000,3850.2000,2,5,1,1,16,3,2,1,6,1
SF,IF2009,2020-05-11 09:31:26.100,3848.2000,21567,0,305937660.000,0,-,-,-,-,3848.2000,3848.0000,3847.0000,3846.4000,3846.2000,3849.2000,3849.4000,3849.6000,3849.8000,3850.0000,1,2,4,1,1,1,3,2,1,6
SF,IF2009,2020-05-11 09:31:26.600,3848.2000,21567,0,305937660.000,0,-,-,-,-,3848.2000,3848.0000,3847.0000,3846.4000,3846.2000,3849.4000,3849.6000,3849.8000,3850.0000,3850.2000,1,2,4,1,1,3,2,1,6,1
SF,IF2009,2020-05-11 09:31:27.100,3849.4000,21566,-1,308247240.000,2,0,2,多平,S,3848.2000,3848.0000,3847.0000,3846.4000,3846.2000,3849.4000,3849.6000,3849.8000,3850.0000,3850.2000,1,2,4,1,1,2,2,1,6,1
SF,IF2009,2020-05-11 09:31:27.600,3848.2000,21565,-1,309401700.000,1,0,1,双平,S,3848.0000,3847.0000,3846.4000,3846.2000,3845.2000,3849.4000,3849.6000,3849.8000,3850.0000,3850.2000,2,4,1,1,16,2,2,1,6,1
SF,IF2009,2020-05-11 09:31:28.600,3848.2000,21565,0,309401700.000,0,-,-,-,-,3848.0000,3847.8000,3847.0000,3846.4000,3846.2000,3849.4000,3849.6000,3849.8000,3850.0000,3850.2000,2,1,4,1,1,2,2,1,6,1
SF,IF2009,2020-05-11 09:31:29.100,3848.2000,21565,0,309401700.000,0,-,-,-,-,3848.2000,3848.0000,3847.8000,3847.0000,3846.4000,3849.4000,3849.6000,3849.8000,3850.0000,3850.2000,1,2,1,4,1,3,2,1,6,1
SF,IF2009,2020-05-11 09:31:29.600,3848.2000,21565,0,309401700.000,0,-,-,-,-,3848.4000,3848.2000,3848.0000,3847.8000,3847.0000,3849.4000,3849.6000,3849.8000,3850.0000,3850.2000,1,1,2,1,4,3,2,1,6,1
SF,IF2009,2020-05-11 09:31:30.100,3848.2000,21565,0,309401700.000,0,-,-,-,-,3848.2000,3848.0000,3847.8000,3847.0000,3846.4000,3849.4000,3849.6000,3849.8000,3850.0000,3850.2000,1,2,1,4,1,3,2,1,6,1
SF,IF2009,2020-05-11 09:31:30.600,3848.2000,21565,0,309401700.000,0,-,-,-,-,3848.2000,3848.0000,3847.8000,3847.0000,3846.4000,3849.4000,3849.6000,3849.8000,3850.0000,3850.2000,2,2,1,4,1,3,2,1,6,1
SF,IF2009,2020-05-11 09:31:31.100,3848.2000,21565,0,309401700.000,0,-,-,-,-,3848.4000,3848.2000,3848.0000,3847.8000,3847.0000,3849.4000,3849.6000,3849.8000,3850.0000,3850.2000,1,2,2,1,4,3,2,1,6,1
SF,IF2009,2020-05-11 09:31:31.600,3848.2000,21565,0,309401700.000,0,-,-,-,-,3848.6000,3848.2000,3848.0000,3847.8000,3847.0000,3849.4000,3849.6000,3849.8000,3850.0000,3850.2000,1,2,2,1,4,3,2,1,6,1
SF,IF2009,2020-05-11 09:31:32.100,3848.6000,21564,-1,310556280.000,1,0,1,双平,S,3848.2000,3848.0000,3847.8000,3847.0000,3846.4000,3849.4000,3849.6000,3849.8000,3850.0000,3850.2000,2,4,1,4,1,3,2,1,6,1
SF,IF2009,2020-05-11 09:31:32.600,3848.6000,21564,0,310556280.000,0,-,-,-,-,3848.4000,3848.2000,3848.0000,3847.8000,3847.0000,3849.4000,3849.6000,3849.8000,3850.0000,3850.2000,2,2,4,1,4,3,2,1,6,1
SF,IF2009,2020-05-11 09:31:33.100,3849.4000,21564,0,314020740.000,3,1,2,多换,S,3848.4000,3848.2000,3848.0000,3847.8000,3847.0000,3849.6000,3850.0000,3850.2000,3850.8000,3851.8000,2,2,4,1,4,2,6,1,2,1
SF,IF2009,2020-05-11 09:31:33.600,3849.4000,21564,0,314020740.000,0,-,-,-,-,3848.6000,3848.4000,3848.2000,3848.0000,3847.8000,3849.6000,3850.0000,3850.2000,3850.8000,3851.8000,2,2,2,4,1,2,6,1,2,1
SF,IF2009,2020-05-11 09:31:34.100,3849.4000,21564,0,314020740.000,0,-,-,-,-,3848.6000,3848.2000,3848.0000,3847.8000,3847.0000,3849.6000,3850.0000,3850.2000,3850.8000,3851.8000,2,2,4,1,4,2,6,1,2,1
SF,IF2009,2020-05-11 09:31:34.600,3849.6000,21562,-2,316330500.000,2,0,2,双平,S,3848.2000,3848.0000,3847.8000,3847.0000,3846.4000,3850.0000,3850.2000,3850.8000,3851.8000,3852.0000,2,4,1,4,1,6,1,2,1,4
SF,IF2009,2020-05-11 09:31:35.100,3849.6000,21562,0,316330500.000,0,-,-,-,-,3848.4000,3848.2000,3848.0000,3847.8000,3847.0000,3849.8000,3850.0000,3850.2000,3850.8000,3851.8000,2,2,4,1,4,1,6,1,2,1
SF,IF2009,2020-05-11 09:31:35.600,3849.6000,21562,0,316330500.000,0,-,-,-,-,3848.6000,3848.4000,3848.2000,3848.0000,3847.8000,3850.0000,3850.2000,3850.8000,3851.8000,3852.0000,2,1,2,4,1,6,1,2,1,4
SF,IF2009,2020-05-11 09:31:36.100,3849.6000,21562,0,316330500.000,0,-,-,-,-,3848.8000,3848.6000,3848.2000,3848.0000,3847.8000,3850.0000,3850.2000,3850.8000,3851.8000,3852.0000,2,1,2,4,1,6,1,2,1,4
SF,IF2009,2020-05-11 09:31:36.600,3849.6000,21562,0,316330500.000,0,-,-,-,-,3849.0000,3848.8000,3848.6000,3848.2000,3848.0000,3850.0000,3850.2000,3850.8000,3851.8000,3852.0000,2,1,1,2,4,6,1,2,1,4
SF,IF2009,2020-05-11 09:31:37.600,3850.0000,21562,0,318640500.000,2,1,1,多换,S,3849.0000,3848.8000,3848.6000,3848.2000,3848.0000,3850.0000,3850.2000,3850.8000,3851.8000,3852.0000,2,1,1,2,4,4,1,2,1,4
SF,IF2009,2020-05-11 09:31:38.100,3850.0000,21562,0,318640500.000,0,-,-,-,-,3849.0000,3848.8000,3848.6000,3848.2000,3848.0000,3850.0000,3850.2000,3850.8000,3851.8000,3852.0000,2,1,1,2,4,4,1,2,1,4
SF,IF2009,2020-05-11 09:31:38.600,3850.0000,21563,1,323260500.000,4,2,2,空开,S,3850.0000,3849.6000,3849.0000,3848.8000,3848.6000,3850.2000,3850.8000,3851.8000,3852.0000,3853.8000,1,1,2,1,1,1,2,1,4,1
SF,IF2009,2020-05-11 09:31:39.100,3850.2000,21563,0,325570560.000,2,1,1,多换,S,3850.2000,3849.0000,3848.8000,3848.6000,3848.2000,3850.8000,3851.8000,3852.0000,3853.8000,3855.0000,2,2,1,1,2,2,1,4,1,3
SF,IF2009,2020-05-11 09:31:39.600,3850.2000,21563,0,325570560.000,0,-,-,-,-,3850.2000,3849.0000,3848.8000,3848.6000,3848.2000,3850.8000,3851.8000,3852.0000,3853.8000,3855.0000,1,2,1,1,2,2,1,4,1,3
SF,IF2009,2020-05-11 09:31:40.100,3850.2000,21563,0,325570560.000,0,-,-,-,-,3850.2000,3848.8000,3848.2000,3848.0000,3847.8000,3850.8000,3851.8000,3852.0000,3853.8000,3855.0000,3,1,2,4,1,2,1,4,1,3
SF,IF2009,2020-05-11 09:31:40.600,3850.2000,21563,0,325570560.000,0,-,-,-,-,3850.2000,3848.8000,3848.2000,3848.0000,3847.8000,3850.8000,3851.8000,3852.0000,3853.8000,3855.0000,1,1,2,4,1,2,1,4,1,3
SF,IF2009,2020-05-11 09:31:41.100,3850.2000,21563,0,325570560.000,0,-,-,-,-,3850.2000,3848.8000,3848.2000,3848.0000,3847.8000,3850.8000,3851.8000,3852.0000,3853.8000,3855.0000,3,1,2,4,1,2,1,4,1,3
SF,IF2009,2020-05-11 09:31:41.600,3850.8000,21563,0,327881040.000,2,1,1,多换,S,3850.8000,3850.4000,3850.2000,3848.8000,3848.2000,3851.8000,3852.0000,3853.8000,3855.0000,3856.6000,3,2,3,1,2,1,4,1,3,1
SF,IF2009,2020-05-11 09:31:42.100,3850.8000,21564,1,329036280.000,1,1,0,双开,S,3850.8000,3850.4000,3850.2000,3848.8000,3848.2000,3851.6000,3851.8000,3852.0000,3853.8000,3855.0000,2,2,3,1,2,1,1,4,1,3
SF,IF2009,2020-05-11 09:31:42.600,3850.8000,21564,0,329036280.000,0,-,-,-,-,3850.8000,3850.4000,3850.2000,3848.8000,3848.2000,3851.8000,3852.0000,3853.8000,3855.0000,3856.6000,2,2,3,1,2,1,4,1,3,1
SF,IF2009,2020-05-11 09:31:43.100,3850.8000,21564,0,329036280.000,0,-,-,-,-,3851.0000,3850.8000,3850.4000,3850.2000,3848.8000,3851.8000,3852.0000,3853.8000,3855.0000,3856.6000,1,7,2,3,1,1,4,1,3,1
SF,IF2009,2020-05-11 09:31:44.100,3851.0000,21563,-1,330191580.000,1,0,1,双平,S,3851.0000,3850.8000,3850.4000,3850.2000,3848.8000,3851.8000,3852.0000,3855.0000,3856.6000,3856.8000,1,7,2,2,1,1,4,3,1,2
SF,IF2009,2020-05-11 09:31:44.600,3851.8000,21563,0,331347120.000,1,0,1,多换,S,3851.8000,3851.2000,3851.0000,3850.8000,3850.4000,3852.0000,3855.0000,3856.6000,3856.8000,3858.0000,4,1,1,7,2,4,3,1,2,1
SF,IF2009,2020-05-11 09:31:45.100,3852.0000,21562,-1,332502720.000,1,0,1,双平,S,3851.8000,3851.2000,3851.0000,3850.8000,3850.4000,3852.0000,3855.0000,3856.6000,3856.8000,3858.0000,4,1,1,7,2,3,3,1,2,1
SF,IF2009,2020-05-11 09:31:45.600,3851.8000,21560,-2,337125060.000,4,1,3,多平,S,3851.8000,3851.2000,3851.0000,3850.8000,3850.4000,3855.0000,3856.6000,3856.8000,3858.0000,3858.6000,3,1,1,7,2,3,1,2,1,1
SF,IF2009,2020-05-11 09:31:46.100,3851.8000,21560,0,337125060.000,0,-,-,-,-,3852.0000,3851.8000,3851.2000,3851.0000,3850.8000,3854.4000,3854.8000,3855.0000,3856.6000,3856.8000,1,3,1,1,7,2,6,3,1,2
SF,IF2009,2020-05-11 09:31:46.600,3851.8000,21560,0,337125060.000,0,-,-,-,-,3852.0000,3851.8000,3851.2000,3850.8000,3850.4000,3854.2000,3854.4000,3854.8000,3855.0000,3856.6000,1,3,1,7,2,4,1,5,3,1
SF,IF2009,2020-05-11 09:31:47.100,3851.8000,21556,-4,345213840.000,7,1,6,多平,S,3851.2000,3850.8000,3850.4000,3850.2000,3850.0000,3851.8000,3853.8000,3854.0000,3854.2000,3854.8000,1,7,2,2,2,3,2,1,1,5
SF,IF2009,2020-05-11 09:31:47.600,3853.8000,21553,-3,349836600.000,4,0,4,多平,S,3851.4000,3851.2000,3850.8000,3850.4000,3850.2000,3854.0000,3854.2000,3854.8000,3855.0000,3856.6000,1,2,7,2,2,1,1,5,3,1
SF,IF2009,2020-05-11 09:31:48.100,3853.8000,21553,0,349836600.000,0,-,-,-,-,3851.6000,3851.2000,3850.8000,3850.2000,3850.0000,3854.0000,3854.2000,3854.8000,3855.0000,3856.6000,1,1,7,2,2,2,1,4,3,1
SF,IF2009,2020-05-11 09:31:48.600,3853.8000,21553,0,349836600.000,0,-,-,-,-,3851.6000,3851.2000,3850.8000,3850.2000,3850.0000,3854.0000,3854.2000,3854.8000,3855.0000,3856.6000,1,1,7,2,2,2,1,4,3,1
SF,IF2009,2020-05-11 09:31:49.100,3854.0000,21553,0,352149000.000,2,1,1,多换,S,3851.8000,3851.6000,3851.2000,3850.8000,3850.2000,3854.2000,3854.8000,3855.0000,3856.6000,3858.0000,1,1,1,7,2,1,4,3,1,1
SF,IF2009,2020-05-11 09:31:49.600,3854.0000,21553,0,352149000.000,0,-,-,-,-,3852.4000,3852.0000,3851.8000,3851.2000,3850.8000,3854.0000,3854.8000,3855.0000,3856.6000,3858.0000,1,2,1,1,7,3,4,3,1,1
SF,IF2009,2020-05-11 09:31:50.100,3854.0000,21553,0,352149000.000,0,-,-,-,-,3852.4000,3852.0000,3851.8000,3851.2000,3850.8000,3853.8000,3854.8000,3855.0000,3856.6000,3858.0000,1,2,1,1,7,4,4,3,1,1
SF,IF2009,2020-05-11 09:31:50.600,3854.0000,21553,0,352149000.000,0,-,-,-,-,3852.6000,3852.4000,3852.0000,3851.8000,3851.2000,3853.6000,3854.8000,3855.0000,3856.6000,3858.0000,2,1,2,1,1,4,4,3,1,1
SF,IF2009,2020-05-11 09:31:51.100,3853.6000,21551,-2,354461160.000,2,0,2,双平,S,3852.6000,3852.0000,3851.8000,3851.2000,3850.8000,3854.8000,3855.0000,3856.6000,3858.0000,3858.6000,2,2,2,1,7,1,3,1,1,1
SF,IF2009,2020-05-11 09:31:51.600,3853.6000,21551,0,354461160.000,0,-,-,-,-,3853.0000,3852.8000,3852.6000,3852.0000,3851.8000,3854.6000,3855.0000,3856.6000,3858.0000,3858.6000,1,1,2,2,1,1,3,1,1,1
SF,IF2009,2020-05-11 09:31:52.100,3853.6000,21551,0,354461160.000,0,-,-,-,-,3853.0000,3852.8000,3852.6000,3852.0000,3851.8000,3854.4000,3855.0000,3856.6000,3858.0000,3858.6000,1,1,2,2,1,2,3,1,1,1
SF,IF2009,2020-05-11 09:31:52.600,3853.6000,21551,0,354461160.000,0,-,-,-,-,3853.0000,3852.8000,3852.6000,3852.0000,3851.8000,3854.2000,3855.0000,3856.6000,3858.0000,3858.6000,1,1,2,2,1,2,3,1,1,1
SF,IF2009,2020-05-11 09:31:53.100,3853.6000,21551,0,354461160.000,0,-,-,-,-,3853.0000,3852.6000,3852.0000,3851.8000,3851.2000,3854.2000,3855.0000,3856.6000,3858.0000,3858.6000,1,2,2,1,1,2,3,1,1,1
SF,IF2009,2020-05-11 09:31:53.600,3853.6000,21551,0,354461160.000,0,-,-,-,-,3853.0000,3852.6000,3852.0000,3851.8000,3851.2000,3855.0000,3856.6000,3858.0000,3858.6000,3858.8000,1,2,2,1,1,3,1,1,1,1
SF,IF2009,2020-05-11 09:31:54.100,3853.6000,21551,0,354461160.000,0,-,-,-,-,3853.2000,3853.0000,3852.8000,3852.6000,3852.0000,3854.8000,3855.0000,3855.6000,3856.6000,3858.0000,2,1,1,2,2,2,3,1,1,1
SF,IF2009,2020-05-11 09:31:54.600,3853.6000,21551,0,354461160.000,0,-,-,-,-,3854.2000,3853.4000,3853.2000,3852.8000,3852.6000,3855.0000,3855.6000,3856.6000,3858.0000,3858.6000,1,2,1,1,2,3,1,1,1,1
SF,IF2009,2020-05-11 09:31:55.100,3854.2000,21550,-1,355617420.000,1,0,1,双平,S,3853.4000,3853.2000,3852.6000,3852.0000,3851.8000,3854.8000,3855.0000,3855.6000,3856.6000,3858.0000,1,1,2,1,1,1,3,1,1,1
SF,IF2009,2020-05-11 09:31:55.600,3854.2000,21550,0,355617420.000,0,-,-,-,-,3853.2000,3852.6000,3852.0000,3851.8000,3851.2000,3854.6000,3855.0000,3855.6000,3856.6000,3858.0000,1,2,1,1,1,1,3,1,1,1
SF,IF2009,2020-05-11 09:31:56.100,3854.2000,21550,0,355617420.000,0,-,-,-,-,3853.4000,3852.6000,3852.0000,3851.8000,3851.2000,3854.6000,3855.0000,3855.6000,3856.6000,3858.0000,1,2,1,1,1,1,3,1,1,1
SF,IF2009,2020-05-11 09:31:56.600,3854.2000,21550,0,355617420.000,0,-,-,-,-,3852.6000,3852.0000,3851.8000,3851.2000,3850.8000,3854.4000,3855.0000,3855.6000,3856.6000,3858.0000,2,1,1,1,7,1,3,1,1,1
SF,IF2009,2020-05-11 09:31:57.100,3855.0000,21550,0,360243240.000,4,2,2,多换,S,3855.0000,3852.8000,3852.6000,3852.0000,3851.8000,3855.6000,3856.6000,3858.0000,3858.6000,3858.8000,6,2,2,1,1,1,1,1,1,1
SF,IF2009,2020-05-11 09:31:57.600,3855.0000,21550,0,367182240.000,6,3,3,多换,S,3854.6000,3852.6000,3851.8000,3851.2000,3850.8000,3855.2000,3855.4000,3855.6000,3856.6000,3858.0000,1,2,1,1,7,1,1,4,1,1
SF,IF2009,2020-05-11 09:31:58.100,3854.6000,21550,0,368338620.000,1,0,1,多换,S,3852.6000,3851.8000,3851.2000,3850.8000,3850.2000,3855.2000,3855.6000,3856.4000,3856.6000,3858.0000,2,1,1,7,2,1,2,1,1,1
SF,IF2009,2020-05-11 09:31:58.600,3854.6000,21550,0,368338620.000,0,-,-,-,-,3852.8000,3852.6000,3851.8000,3851.2000,3850.8000,3854.8000,3855.2000,3855.6000,3856.4000,3856.6000,2,2,1,1,7,1,1,2,1,1
SF,IF2009,2020-05-11 09:31:59.100,3854.6000,21550,0,368338620.000,0,-,-,-,-,3853.0000,3852.8000,3852.6000,3851.8000,3851.2000,3854.8000,3855.2000,3855.6000,3856.4000,3856.6000,3,2,2,1,1,1,1,2,1,1
SF,IF2009,2020-05-11 09:31:59.600,3854.6000,21550,0,368338620.000,0,-,-,-,-,3853.2000,3853.0000,3852.8000,3852.6000,3851.8000,3854.8000,3855.2000,3855.6000,3856.4000,3856.6000,2,2,2,2,1,1,1,1,1,1
SF,IF2009,2020-05-11 09:32:00.100,3853.6000,21549,-1,369494700.000,1,0,1,双平,S,3853.4000,3853.0000,3852.8000,3852.6000,3851.8000,3855.2000,3855.6000,3856.4000,3856.6000,3858.0000,1,2,2,2,1,1,1,1,1,1
SF,IF2009,2020-05-11 09:32:00.600,3854.6000,21549,0,370651080.000,1,0,1,多换,S,3853.0000,3852.6000,3851.8000,3851.2000,3850.8000,3855.0000,3855.2000,3855.6000,3856.4000,3856.6000,1,2,1,1,7,1,1,1,1,1
SF,IF2009,2020-05-11 09:32:01.100,3854.6000,21549,0,370651080.000,0,-,-,-,-,3853.2000,3852.8000,3852.6000,3851.8000,3851.2000,3855.2000,3855.6000,3856.4000,3856.6000,3858.0000,1,1,2,1,1,1,1,1,1,1
SF,IF2009,2020-05-11 09:32:01.600,3855.0000,21548,-1,371807580.000,1,0,1,双平,S,3853.4000,3852.8000,3852.6000,3851.8000,3851.2000,3855.6000,3856.4000,3856.6000,3858.0000,3858.6000,3,1,2,1,1,1,1,1,1,1
SF,IF2009,2020-05-11 09:32:02.100,3855.6000,21545,-3,376434300.000,4,0,4,多平,S,3853.4000,3852.8000,3852.6000,3851.8000,3850.2000,3855.6000,3856.4000,3856.6000,3858.0000,3858.6000,2,1,2,1,2,1,1,1,1,1
SF,IF2009,2020-05-11 09:32:02.600,3855.6000,21545,0,376434300.000,0,-,-,-,-,3853.6000,3853.4000,3852.8000,3851.8000,3850.2000,3856.4000,3856.6000,3858.0000,3858.6000,3858.8000,1,2,1,1,2,1,1,1,1,1
SF,IF2009,2020-05-11 09:32:03.100,3855.6000,21545,0,376434300.000,0,-,-,-,-,3853.8000,3853.6000,3852.8000,3851.8000,3850.2000,3855.0000,3856.2000,3856.4000,3856.6000,3858.0000,1,1,1,1,2,1,4,1,1,1
SF,IF2009,2020-05-11 09:32:03.600,3855.6000,21544,-1,377590980.000,1,0,1,双平,S,3854.0000,3852.8000,3851.8000,3850.2000,3850.0000,3856.2000,3856.4000,3856.6000,3858.0000,3858.6000,2,1,1,2,7,4,1,1,1,1
SF,IF2009,2020-05-11 09:32:04.100,3855.6000,21544,0,377590980.000,0,-,-,-,-,3854.2000,3854.0000,3852.8000,3851.8000,3850.2000,3855.2000,3856.0000,3856.2000,3856.4000,3856.6000,1,2,1,1,2,2,1,3,1,1
SF,IF2009,2020-05-11 09:32:04.600,3855.6000,21544,0,377590980.000,0,-,-,-,-,3854.0000,3852.8000,3851.8000,3850.2000,3850.0000,3855.2000,3856.0000,3856.4000,3856.6000,3858.0000,2,1,1,2,7,2,1,1,1,1
SF,IF2009,2020-05-11 09:32:05.100,3856.0000,21544,0,381061140.000,3,1,2,多换,S,3856.2000,3854.0000,3852.8000,3851.8000,3850.2000,3856.4000,3856.6000,3858.0000,3858.6000,3858.8000,2,4,1,1,2,1,1,1,1,1
SF,IF2009,2020-05-11 09:32:05.600,3856.2000,21544,0,383374860.000,2,1,1,多换,S,3854.0000,3852.8000,3851.8000,3850.2000,3850.0000,3855.0000,3855.8000,3856.2000,3856.4000,3856.6000,3,1,1,2,7,2,1,3,1,1
SF,IF2009,2020-05-11 09:32:06.100,3855.0000,21543,-1,385687860.000,2,0,2,多平,S,3855.6000,3854.2000,3854.0000,3851.8000,3850.2000,3855.8000,3856.2000,3856.4000,3856.6000,3858.0000,1,2,3,1,2,1,3,1,1,1
SF,IF2009,2020-05-11 09:32:06.600,3855.6000,21543,0,386844540.000,1,0,1,多换,S,3854.2000,3854.0000,3851.8000,3850.2000,3850.0000,3855.8000,3856.2000,3856.4000,3856.6000,3858.0000,2,3,1,2,7,1,5,1,1,1
SF,IF2009,2020-05-11 09:32:07.100,3855.6000,21543,0,386844540.000,0,-,-,-,-,3854.4000,3854.2000,3854.0000,3851.8000,3850.2000,3855.8000,3856.2000,3856.4000,3856.6000,3858.0000,1,2,3,1,2,1,5,2,2,1
SF,IF2009,2020-05-11 09:32:07.600,3855.6000,21543,0,386844540.000,0,-,-,-,-,3854.6000,3854.2000,3854.0000,3851.8000,3850.2000,3855.0000,3855.8000,3856.2000,3856.4000,3856.6000,1,2,3,1,2,1,1,5,2,2
SF,IF2009,2020-05-11 09:32:08.100,3855.0000,21542,-1,389157540.000,2,0,2,多平,S,3854.2000,3854.0000,3851.8000,3850.2000,3850.0000,3856.2000,3856.4000,3856.6000,3858.0000,3858.6000,2,3,1,2,7,5,2,2,1,1
SF,IF2009,2020-05-11 09:32:08.600,3855.0000,21542,0,389157540.000,0,-,-,-,-,3854.4000,3854.0000,3851.8000,3850.2000,3850.0000,3856.0000,3856.2000,3856.4000,3856.6000,3858.0000,1,3,1,2,7,5,5,2,2,1
SF,IF2009,2020-05-11 09:32:09.100,3855.0000,21542,0,389157540.000,0,-,-,-,-,3855.0000,3854.0000,3851.8000,3850.2000,3850.0000,3856.0000,3856.2000,3856.4000,3856.6000,3858.0000,2,3,1,2,7,7,5,2,1,1
SF,IF2009,2020-05-11 09:32:09.600,3855.0000,21542,0,389157540.000,0,-,-,-,-,3855.0000,3854.0000,3851.8000,3850.2000,3850.0000,3855.6000,3856.0000,3856.2000,3856.4000,3856.6000,2,3,1,2,7,1,3,5,2,1
SF,IF2009,2020-05-11 09:32:10.100,3855.0000,21542,0,389157540.000,0,-,-,-,-,3855.0000,3854.0000,3851.8000,3850.2000,3850.0000,3856.0000,3856.2000,3856.4000,3856.6000,3858.0000,2,3,1,2,7,2,5,2,1,1
SF,IF2009,2020-05-11 09:32:10.600,3855.0000,21542,0,389157540.000,0,-,-,-,-,3855.0000,3854.0000,3851.8000,3850.2000,3850.0000,3855.2000,3856.0000,3856.2000,3856.4000,3856.6000,2,3,1,2,7,2,2,4,2,1
SF,IF2009,2020-05-11 09:32:11.100,3855.2000,21540,-2,391470660.000,2,0,2,双平,S,3855.0000,3854.0000,3851.8000,3850.2000,3850.0000,3856.2000,3856.4000,3856.6000,3858.0000,3858.6000,2,3,1,2,7,3,2,1,1,2
SF,IF2009,2020-05-11 09:32:11.600,3855.2000,21540,0,391470660.000,0,-,-,-,-,3855.0000,3854.0000,3851.8000,3850.2000,3850.0000,3856.0000,3856.2000,3856.4000,3856.6000,3858.0000,2,3,1,2,7,1,3,1,1,1
SF,IF2009,2020-05-11 09:32:13.100,3855.2000,21540,0,391470660.000,0,-,-,-,-,3855.0000,3854.0000,3851.8000,3850.2000,3850.0000,3856.0000,3856.2000,3856.4000,3856.6000,3858.0000,2,3,1,2,7,1,3,1,2,1
SF,IF2009,2020-05-11 09:32:13.600,3855.2000,21540,0,391470660.000,0,-,-,-,-,3855.2000,3855.0000,3854.0000,3851.8000,3850.2000,3856.2000,3856.4000,3856.6000,3858.0000,3858.6000,1,2,3,1,2,3,1,1,1,2
SF,IF2009,2020-05-11 09:32:14.100,3855.2000,21540,0,391470660.000,0,-,-,-,-,3855.2000,3855.0000,3854.0000,3851.8000,3850.2000,3856.4000,3856.6000,3858.0000,3858.6000,3858.8000,1,2,3,1,2,1,1,1,2,1
SF,IF2009,2020-05-11 09:32:14.600,3855.2000,21540,0,391470660.000,0,-,-,-,-,3855.4000,3855.2000,3855.0000,3854.0000,3851.8000,3856.0000,3856.4000,3856.6000,3858.0000,3858.6000,1,1,2,3,1,1,1,1,1,2
SF,IF2009,2020-05-11 09:32:15.100,3856.6000,21537,-3,394941360.000,3,0,3,双平,S,3855.6000,3855.0000,3854.0000,3851.8000,3850.2000,3858.0000,3858.6000,3858.8000,3859.0000,3859.4000,2,2,2,1,2,1,2,1,1,5
SF,IF2009,2020-05-11 09:32:15.600,3856.6000,21537,0,394941360.000,0,-,-,-,-,3855.8000,3855.6000,3855.0000,3854.0000,3851.8000,3857.8000,3858.0000,3858.6000,3858.8000,3859.0000,3,1,2,2,1,2,1,2,1,1
SF,IF2009,2020-05-11 09:32:16.100,3856.6000,21537,0,394941360.000,0,-,-,-,-,3856.0000,3855.8000,3855.6000,3855.0000,3854.0000,3857.8000,3858.0000,3858.6000,3859.0000,3859.4000,1,3,1,2,2,2,1,2,1,5
SF,IF2009,2020-05-11 09:32:16.600,3856.2000,21536,-1,397255080.000,2,0,2,多平,S,3856.2000,3855.8000,3855.6000,3855.0000,3854.0000,3857.8000,3858.0000,3858.6000,3859.0000,3859.4000,1,2,1,2,2,1,1,1,1,5
SF,IF2009,2020-05-11 09:32:17.100,3856.2000,21536,0,397255080.000,0,-,-,-,-,3856.6000,3856.4000,3855.8000,3855.6000,3855.0000,3858.0000,3858.6000,3859.0000,3859.4000,3860.0000,1,2,2,1,2,1,1,1,5,1
SF,IF2009,2020-05-11 09:32:17.600,3856.2000,21536,0,397255080.000,0,-,-,-,-,3856.8000,3856.6000,3855.8000,3855.6000,3855.0000,3857.8000,3858.0000,3858.6000,3859.0000,3859.4000,1,1,2,1,2,1,1,1,1,5
SF,IF2009,2020-05-11 09:32:18.100,3856.2000,21536,0,397255080.000,0,-,-,-,-,3856.8000,3856.6000,3855.8000,3855.0000,3854.0000,3858.0000,3858.6000,3859.0000,3859.4000,3860.0000,1,1,2,2,2,1,1,1,5,1
SF,IF2009,2020-05-11 09:32:18.600,3856.2000,21536,0,397255080.000,0,-,-,-,-,3857.0000,3856.8000,3855.8000,3855.0000,3854.0000,3858.0000,3858.6000,3858.8000,3859.0000,3859.4000,2,1,2,2,2,1,1,1,1,5
SF,IF2009,2020-05-11 09:32:19.100,3856.2000,21536,0,397255080.000,0,-,-,-,-,3857.0000,3856.8000,3855.8000,3855.0000,3854.0000,3858.0000,3858.6000,3858.8000,3859.0000,3859.4000,1,1,2,2,2,1,1,1,1,5
SF,IF2009,2020-05-11 09:32:19.600,3856.2000,21536,0,397255080.000,0,-,-,-,-,3857.0000,3855.8000,3855.0000,3854.0000,3851.8000,3857.8000,3858.0000,3858.6000,3858.8000,3859.0000,1,2,2,2,1,1,1,1,1,1
SF,IF2009,2020-05-11 09:32:20.100,3856.2000,21536,0,397255080.000,0,-,-,-,-,3857.0000,3855.8000,3855.0000,3854.0000,3851.8000,3857.8000,3858.0000,3858.6000,3858.8000,3859.0000,1,2,2,2,1,1,1,1,1,1
SF,IF2009,2020-05-11 09:32:20.600,3857.8000,21534,-2,399569520.000,2,0,2,双平,S,3855.8000,3855.0000,3854.0000,3851.8000,3850.0000,3858.0000,3858.6000,3858.8000,3859.0000,3859.4000,2,2,2,1,7,1,1,1,1,5
SF,IF2009,2020-05-11 09:32:21.100,3857.8000,21534,0,399569520.000,0,-,-,-,-,3856.0000,3855.8000,3855.6000,3855.0000,3854.0000,3857.8000,3858.0000,3858.6000,3858.8000,3859.0000,2,2,2,2,2,1,1,1,1,1
SF,IF2009,2020-05-11 09:32:21.600,3857.8000,21534,0,400726860.000,1,0,1,多换,S,3857.8000,3856.2000,3856.0000,3855.8000,3855.6000,3858.0000,3858.6000,3858.8000,3859.0000,3859.4000,1,2,2,1,2,1,1,1,1,5
SF,IF2009,2020-05-11 09:32:22.100,3857.8000,21534,0,401884200.000,1,0,1,多换,S,3856.2000,3856.0000,3855.8000,3855.6000,3855.0000,3858.0000,3858.6000,3858.8000,3859.0000,3859.4000,2,1,1,2,2,1,1,1,1,5
SF,IF2009,2020-05-11 09:32:22.600,3857.8000,21534,0,401884200.000,0,-,-,-,-,3857.2000,3856.6000,3856.4000,3856.2000,3856.0000,3858.0000,3858.6000,3858.8000,3859.0000,3859.4000,2,1,3,2,1,1,1,1,1,5
SF,IF2009,2020-05-11 09:32:23.100,3858.0000,21534,0,403041600.000,1,0,1,多换,S,3858.0000,3857.2000,3856.6000,3856.4000,3856.2000,3858.6000,3858.8000,3859.0000,3859.4000,3860.0000,1,2,1,2,2,1,1,1,5,2
SF,IF2009,2020-05-11 09:32:23.600,3858.0000,21534,0,404199000.000,1,0,1,多换,S,3857.2000,3856.6000,3856.4000,3856.2000,3855.8000,3858.4000,3858.6000,3858.8000,3859.0000,3859.4000,2,1,1,2,1,5,1,1,1,5
SF,IF2009,2020-05-11 09:32:24.100,3858.0000,21534,0,404199000.000,0,-,-,-,-,3857.4000,3857.2000,3856.6000,3856.2000,3855.8000,3858.4000,3858.6000,3858.8000,3859.0000,3859.4000,1,2,1,2,1,2,1,1,1,5
SF,IF2009,2020-05-11 09:32:24.600,3858.4000,21534,0,405356520.000,1,0,1,多换,S,3857.4000,3857.2000,3856.6000,3856.2000,3855.8000,3858.6000,3858.8000,3859.0000,3859.4000,3860.0000,1,2,1,2,1,1,1,1,5,2
SF,IF2009,2020-05-11 09:32:25.100,3858.6000,21534,0,406514100.000,1,0,1,多换,S,3857.4000,3857.2000,3856.6000,3856.2000,3855.8000,3858.8000,3859.0000,3859.4000,3860.0000,3860.2000,1,2,1,1,1,1,1,5,2,1
SF,IF2009,2020-05-11 09:32:25.600,3858.6000,21534,0,406514100.000,0,-,-,-,-,3857.6000,3857.4000,3857.2000,3856.8000,3856.2000,3858.8000,3859.0000,3859.4000,3860.0000,3860.2000,1,1,2,1,1,1,1,5,2,1
SF,IF2009,2020-05-11 09:32:26.100,3858.8000,21534,0,407671740.000,1,0,1,多换,S,3858.8000,3857.8000,3857.6000,3857.2000,3856.8000,3859.0000,3859.4000,3860.0000,3860.2000,3862.0000,1,4,1,2,1,1,5,2,1,2
SF,IF2009,2020-05-11 09:32:26.600,3858.8000,21532,-2,409987080.000,2,0,2,双平,S,3857.8000,3857.6000,3857.2000,3856.8000,3856.2000,3859.4000,3860.0000,3860.2000,3862.0000,3862.4000,2,1,2,1,1,5,2,1,2,1
SF,IF2009,2020-05-11 09:32:27.100,3858.8000,21532,0,409987080.000,0,-,-,-,-,3858.4000,3858.2000,3858.0000,3857.8000,3857.2000,3859.4000,3860.0000,3860.2000,3862.0000,3862.4000,2,1,2,2,2,5,2,1,2,1
SF,IF2009,2020-05-11 09:32:27.600,3858.6000,21531,-1,413459880.000,3,1,2,多平,S,3858.4000,3858.2000,3858.0000,3857.8000,3857.2000,3859.4000,3860.0000,3860.2000,3862.0000,3862.4000,2,1,1,1,2,5,2,1,2,1
SF,IF2009,2020-05-11 09:32:28.100,3859.4000,21530,-1,415775280.000,2,0,2,多平,S,3858.4000,3858.2000,3858.0000,3857.8000,3857.2000,3859.4000,3860.0000,3860.2000,3862.0000,3862.4000,2,1,1,1,2,4,2,1,2,1
SF,IF2009,2020-05-11 09:32:28.600,3859.4000,21530,0,419248440.000,3,1,2,多换,S,3858.4000,3858.2000,3858.0000,3857.8000,3857.2000,3859.4000,3860.0000,3860.2000,3862.0000,3862.4000,2,1,1,1,2,3,2,1,2,1
SF,IF2009,2020-05-11 09:32:29.600,3859.4000,21525,-5,425037540.000,5,0,5,双平,S,3859.4000,3858.4000,3858.2000,3858.0000,3857.8000,3860.0000,3860.2000,3862.0000,3862.4000,3862.6000,2,2,1,1,1,3,1,2,1,2
SF,IF2009,2020-05-11 09:32:30.100,3859.4000,21523,-2,427353180.000,2,0,2,双平,S,3858.4000,3858.0000,3857.2000,3855.8000,3855.6000,3859.8000,3860.0000,3860.2000,3862.0000,3862.4000,2,1,2,1,2,3,3,1,2,1
SF,IF2009,2020-05-11 09:32:30.600,3859.4000,21523,0,427353180.000,0,-,-,-,-,3858.4000,3858.0000,3857.2000,3855.6000,3853.0000,3859.4000,3859.6000,3859.8000,3860.0000,3860.2000,2,1,2,2,1,1,2,2,3,1
SF,IF2009,2020-05-11 09:32:31.100,3859.4000,21523,0,427353180.000,0,-,-,-,-,3858.4000,3858.0000,3857.2000,3855.6000,3853.0000,3859.2000,3859.4000,3859.6000,3859.8000,3860.0000,2,1,2,2,1,1,1,1,2,3
SF,IF2009,2020-05-11 09:32:31.600,3858.6000,21522,-1,428510760.000,1,0,1,双平,S,3858.6000,3858.4000,3858.0000,3857.2000,3855.6000,3859.4000,3859.6000,3860.0000,3862.0000,3862.4000,1,2,1,2,2,1,1,3,1,1
SF,IF2009,2020-05-11 09:32:32.100,3859.4000,21522,0,429668580.000,1,0,1,多换,S,3858.8000,3858.6000,3858.4000,3858.0000,3857.2000,3859.8000,3860.0000,3862.0000,3862.4000,3862.6000,1,1,2,1,2,1,3,1,1,2
SF,IF2009,2020-05-11 09:32:32.600,3859.8000,21521,-1,430826520.000,1,0,1,双平,S,3859.8000,3858.8000,3858.6000,3858.4000,3858.0000,3860.0000,3862.0000,3862.4000,3862.6000,3863.0000,1,1,1,2,1,3,1,1,2,1
SF,IF2009,2020-05-11 09:32:33.100,3860.0000,21521,0,434300520.000,3,1,2,多换,S,3859.8000,3858.8000,3858.6000,3858.4000,3858.0000,3862.0000,3862.4000,3862.6000,3863.0000,3863.2000,1,1,1,2,1,1,1,2,1,1
SF,IF2009,2020-05-11 09:32:33.600,3860.0000,21521,0,434300520.000,0,-,-,-,-,3859.8000,3858.8000,3858.4000,3858.0000,3857.2000,3861.2000,3861.8000,3862.0000,3862.4000,3862.6000,1,1,2,1,2,1,4,1,1,2
SF,IF2009,2020-05-11 09:32:34.100,3861.0000,21522,1,435458820.000,1,1,0,双开,S,3859.8000,3858.8000,3858.4000,3858.0000,3857.2000,3861.0000,3861.2000,3861.8000,3862.0000,3862.6000,1,1,2,1,2,3,1,3,1,2
SF,IF2009,2020-05-11 09:32:34.600,3859.8000,21522,0,436616760.000,1,0,1,多换,S,3858.8000,3858.0000,3857.2000,3855.6000,3853.0000,3860.8000,3861.0000,3861.8000,3862.0000,3862.6000,1,1,2,2,1,2,2,3,1,2
SF,IF2009,2020-05-11 09:32:35.100,3859.8000,21522,0,436616760.000,0,-,-,-,-,3859.0000,3858.8000,3858.0000,3857.2000,3855.6000,3860.6000,3860.8000,3861.0000,3861.8000,3862.0000,1,1,1,2,2,2,1,1,3,1
SF,IF2009,2020-05-11 09:32:35.600,3859.8000,21522,0,436616760.000,0,-,-,-,-,3859.2000,3858.0000,3857.2000,3855.6000,3853.0000,3860.4000,3860.6000,3860.8000,3861.0000,3861.8000,1,1,2,2,1,1,1,1,1,3
SF,IF2009,2020-05-11 09:32:36.100,3860.2000,21522,0,437774820.000,1,0,1,多换,S,3859.4000,3859.2000,3858.0000,3857.2000,3855.6000,3860.8000,3861.0000,3861.8000,3862.0000,3863.2000,1,1,1,2,2,1,1,3,1,1
SF,IF2009,2020-05-11 09:32:36.600,3860.2000,21522,0,437774820.000,0,-,-,-,-,3859.6000,3859.4000,3858.0000,3857.2000,3855.6000,3860.6000,3860.8000,3861.0000,3861.8000,3862.0000,1,1,1,2,2,1,1,1,3,1
SF,IF2009,2020-05-11 09:32:37.100,3860.2000,21522,0,437774820.000,0,-,-,-,-,3859.4000,3858.0000,3857.2000,3855.6000,3853.0000,3860.4000,3860.6000,3860.8000,3861.0000,3861.8000,1,1,2,2,1,4,1,1,1,3
SF,IF2009,2020-05-11 09:32:37.600,3860.2000,21522,0,437774820.000,0,-,-,-,-,3859.4000,3858.0000,3857.2000,3855.6000,3853.0000,3860.6000,3860.8000,3861.0000,3861.8000,3862.0000,1,1,2,2,1,1,1,1,3,1
SF,IF2009,2020-05-11 09:32:38.100,3860.4000,21521,-1,438932940.000,1,0,1,双平,S,3858.0000,3857.2000,3855.6000,3853.0000,3851.8000,3860.4000,3860.6000,3861.0000,3861.8000,3862.0000,1,2,2,1,1,3,1,1,3,1
SF,IF2009,2020-05-11 09:32:38.600,3860.4000,21521,0,442407300.000,3,1,2,多换,S,3860.6000,3858.6000,3858.2000,3857.2000,3855.6000,3861.0000,3861.8000,3862.0000,3863.2000,3863.4000,2,1,3,2,2,1,3,1,1,1
SF,IF2009,2020-05-11 09:32:39.100,3860.6000,21521,0,444723660.000,2,1,1,多换,S,3858.2000,3857.2000,3855.6000,3853.0000,3851.8000,3860.8000,3861.8000,3862.0000,3863.2000,3863.4000,3,2,2,1,1,1,3,1,1,1
SF,IF2009,2020-05-11 09:32:39.600,3860.6000,21521,0,444723660.000,0,-,-,-,-,3858.2000,3857.2000,3855.6000,3853.0000,3851.8000,3860.6000,3860.8000,3861.8000,3862.0000,3863.2000,1,2,2,1,1,1,1,3,1,1
SF,IF2009,2020-05-11 09:32:40.100,3860.6000,21519,-2,447040020.000,2,0,2,双平,S,3859.0000,3858.8000,3858.2000,3857.2000,3855.6000,3861.8000,3862.0000,3863.2000,3863.4000,3863.8000,1,1,1,2,2,3,1,1,1,2
SF,IF2009,2020-05-11 09:32:40.600,3860.6000,21519,0,447040020.000,0,-,-,-,-,3859.2000,3859.0000,3857.2000,3855.6000,3853.0000,3861.4000,3861.6000,3862.0000,3863.2000,3863.4000,1,1,2,2,1,1,4,1,1,1
SF,IF2009,2020-05-11 09:32:41.100,3860.6000,21519,0,447040020.000,0,-,-,-,-,3860.6000,3859.2000,3859.0000,3857.2000,3855.6000,3861.2000,3861.4000,3861.6000,3862.0000,3863.2000,2,1,1,2,2,3,1,3,1,1
SF,IF2009,2020-05-11 09:32:41.600,3860.6000,21519,0,449356380.000,2,1,1,多换,S,3859.2000,3859.0000,3858.6000,3857.2000,3856.0000,3860.2000,3861.0000,3861.2000,3861.4000,3861.6000,1,1,1,2,1,2,2,3,1,3
SF,IF2009,2020-05-11 09:32:42.100,3860.6000,21519,0,449356380.000,0,-,-,-,-,3859.4000,3859.2000,3859.0000,3858.6000,3857.2000,3860.2000,3861.0000,3861.2000,3861.4000,3861.6000,3,1,1,1,2,2,2,3,1,3
SF,IF2009,2020-05-11 09:32:42.600,3859.6000,21519,0,450514260.000,1,0,1,多换,S,3859.6000,3859.4000,3859.2000,3859.0000,3858.6000,3860.2000,3861.2000,3861.4000,3861.6000,3862.0000,2,2,1,1,1,2,3,1,3,1
SF,IF2009,2020-05-11 09:32:43.100,3859.6000,21519,0,450514260.000,0,-,-,-,-,3859.6000,3859.4000,3859.2000,3857.2000,3856.0000,3860.2000,3861.2000,3861.4000,3861.6000,3862.0000,2,2,1,2,1,2,3,1,3,1
SF,IF2009,2020-05-11 09:32:43.600,3859.6000,21519,0,450514260.000,0,-,-,-,-,3859.4000,3859.2000,3857.2000,3856.0000,3855.6000,3860.2000,3861.2000,3861.4000,3861.6000,3862.0000,2,1,2,1,2,2,3,1,3,1
SF,IF2009,2020-05-11 09:32:44.100,3859.6000,21519,0,450514260.000,0,-,-,-,-,3859.6000,3859.4000,3857.2000,3856.0000,3855.6000,3860.2000,3861.2000,3861.4000,3861.6000,3862.0000,1,2,2,1,2,2,3,1,3,1
SF,IF2009,2020-05-11 09:32:44.600,3860.2000,21517,-2,452830380.000,2,0,2,双平,S,3859.8000,3859.6000,3859.4000,3857.2000,3856.0000,3861.4000,3861.6000,3862.0000,3863.2000,3863.4000,1,1,2,2,1,1,2,1,1,1
SF,IF2009,2020-05-11 09:32:45.100,3860.2000,21517,0,452830380.000,0,-,-,-,-,3860.0000,3859.8000,3859.4000,3857.2000,3856.0000,3861.2000,3861.6000,3862.0000,3863.2000,3863.4000,1,1,2,2,1,2,2,1,1,1
SF,IF2009,2020-05-11 09:32:45.600,3860.2000,21517,0,452830380.000,0,-,-,-,-,3860.0000,3859.4000,3857.2000,3856.0000,3855.6000,3861.0000,3861.2000,3861.6000,3862.0000,3863.2000,1,2,2,1,1,2,1,2,1,1
SF,IF2009,2020-05-11 09:32:46.100,3860.2000,21517,0,452830380.000,0,-,-,-,-,3860.0000,3859.4000,3857.2000,3856.0000,3855.6000,3861.0000,3861.6000,3862.0000,3863.2000,3863.4000,1,2,2,1,1,1,2,1,1,1
SF,IF2009,2020-05-11 09:32:46.600,3860.0000,21517,0,453988380.000,1,0,1,多换,S,3859.4000,3857.2000,3856.0000,3855.6000,3853.0000,3861.0000,3862.0000,3863.2000,3863.4000,3863.8000,2,2,1,1,1,1,1,1,1,2
SF,IF2009,2020-05-11 09:32:47.100,3860.0000,21517,0,453988380.000,0,-,-,-,-,3859.8000,3859.6000,3859.2000,3857.2000,3856.0000,3860.2000,3862.0000,3863.2000,3863.4000,3863.8000,1,4,1,2,1,2,1,1,1,2
SF,IF2009,2020-05-11 09:32:47.600,3860.2000,21515,-2,456304500.000,2,0,2,双平,S,3860.2000,3859.8000,3859.6000,3859.2000,3857.2000,3862.0000,3863.2000,3863.8000,3864.2000,3864.4000,1,1,3,1,2,1,1,2,1,2
SF,IF2009,2020-05-11 09:32:48.100,3860.2000,21515,0,456304500.000,0,-,-,-,-,3860.4000,3860.2000,3859.8000,3859.6000,3859.2000,3861.8000,3862.0000,3863.2000,3863.8000,3864.2000,2,1,1,3,1,2,1,1,2,1
SF,IF2009,2020-05-11 09:32:48.600,3860.2000,21515,0,456304500.000,0,-,-,-,-,3860.4000,3859.6000,3859.2000,3857.2000,3856.0000,3862.0000,3863.2000,3863.8000,3864.2000,3864.4000,2,3,1,2,1,1,1,2,1,2
SF,IF2009,2020-05-11 09:32:49.100,3860.2000,21515,0,456304500.000,0,-,-,-,-,3860.8000,3860.6000,3860.4000,3859.6000,3859.2000,3861.8000,3862.0000,3863.2000,3863.8000,3864.2000,1,1,1,3,1,1,1,1,2,1
SF,IF2009,2020-05-11 09:32:49.600,3860.2000,21515,0,456304500.000,0,-,-,-,-,3861.0000,3860.8000,3860.6000,3859.6000,3859.2000,3862.0000,3863.2000,3863.8000,3864.2000,3864.4000,1,1,1,3,1,1,1,2,1,2
SF,IF2009,2020-05-11 09:32:50.100,3860.2000,21515,0,456304500.000,0,-,-,-,-,3861.0000,3860.8000,3860.6000,3860.4000,3859.6000,3862.0000,3863.2000,3863.8000,3864.2000,3865.0000,3,1,1,1,3,1,1,2,1,4
SF,IF2009,2020-05-11 09:32:50.600,3862.0000,21515,0,457463100.000,1,0,1,多换,S,3861.0000,3860.8000,3860.6000,3860.4000,3859.6000,3863.2000,3863.8000,3864.2000,3865.0000,3865.4000,1,1,1,1,3,1,2,1,4,2
SF,IF2009,2020-05-11 09:32:51.100,3862.0000,21515,0,457463100.000,0,-,-,-,-,3861.2000,3861.0000,3860.8000,3860.4000,3859.6000,3863.0000,3863.2000,3863.8000,3864.2000,3865.0000,2,1,1,1,3,2,1,2,1,4
SF,IF2009,2020-05-11 09:32:51.600,3862.0000,21515,0,457463100.000,0,-,-,-,-,3861.2000,3860.4000,3859.6000,3859.2000,3857.2000,3862.8000,3863.0000,3863.2000,3863.8000,3864.2000,1,1,3,1,2,4,2,1,2,1
SF,IF2009,2020-05-11 09:32:52.100,3862.4000,21514,-1,459780180.000,2,0,2,多平,S,3859.6000,3859.2000,3857.2000,3856.0000,3853.0000,3862.6000,3862.8000,3863.0000,3863.2000,3863.8000,3,1,2,1,1,4,3,1,1,2
SF,IF2009,2020-05-11 09:32:52.600,3862.4000,21514,0,459780180.000,0,-,-,-,-,3860.0000,3859.8000,3859.6000,3859.2000,3857.2000,3862.4000,3862.6000,3862.8000,3863.0000,3863.2000,2,2,1,1,2,2,3,4,1,1
SF,IF2009,2020-05-11 09:32:53.100,3862.4000,21514,0,459780180.000,0,-,-,-,-,3860.2000,3860.0000,3859.2000,3857.2000,3856.0000,3862.2000,3862.4000,3862.6000,3862.8000,3863.0000,2,2,1,2,1,3,2,2,4,1
SF,IF2009,2020-05-11 09:32:53.600,3862.4000,21514,0,459780180.000,0,-,-,-,-,3860.2000,3860.0000,3857.2000,3856.0000,3853.0000,3862.0000,3862.2000,3862.4000,3862.6000,3862.8000,1,2,2,1,1,1,3,2,2,4
SF,IF2009,2020-05-11 09:32:54.100,3862.4000,21514,0,459780180.000,0,-,-,-,-,3860.0000,3857.2000,3856.0000,3853.0000,3851.8000,3861.8000,3862.2000,3862.4000,3862.6000,3862.8000,2,2,1,1,1,2,2,2,2,4
SF,IF2009,2020-05-11 09:32:54.600,3862.4000,21514,0,459780180.000,0,-,-,-,-,3860.0000,3857.2000,3856.0000,3853.0000,3851.8000,3861.6000,3861.8000,3862.2000,3862.4000,3862.6000,2,2,1,1,1,3,1,2,2,2
SF,IF2009,2020-05-11 09:32:55.100,3862.2000,21514,0,460938840.000,1,0,1,多换,S,3860.0000,3857.2000,3856.0000,3853.0000,3851.8000,3861.4000,3861.6000,3862.2000,3862.4000,3862.6000,2,2,1,1,1,2,2,2,2,2
SF,IF2009,2020-05-11 09:32:55.600,3861.6000,21511,-3,465572760.000,4,0,4,多平,S,3861.6000,3860.2000,3860.0000,3857.2000,3856.0000,3862.2000,3862.4000,3862.6000,3862.8000,3863.0000,1,1,2,2,1,2,2,2,4,1
SF,IF2009,2020-05-11 09:32:56.100,3861.6000,21510,-1,466731240.000,1,0,1,双平,S,3860.2000,3860.0000,3857.2000,3856.0000,3853.0000,3862.0000,3862.2000,3862.4000,3862.6000,3862.8000,1,2,2,1,1,2,2,2,2,4
SF,IF2009,2020-05-11 09:32:56.600,3861.6000,21510,0,466731240.000,0,-,-,-,-,3860.4000,3860.2000,3860.0000,3857.2000,3856.0000,3862.0000,3862.2000,3862.4000,3862.6000,3862.8000,1,1,2,2,1,2,2,2,2,4
SF,IF2009,2020-05-11 09:32:57.100,3861.6000,21510,0,466731240.000,0,-,-,-,-,3860.4000,3860.2000,3860.0000,3857.2000,3856.0000,3861.8000,3862.0000,3862.2000,3862.4000,3862.6000,1,1,2,2,1,1,2,2,2,2
SF,IF2009,2020-05-11 09:32:57.600,3861.6000,21510,0,466731240.000,0,-,-,-,-,3860.2000,3860.0000,3857.2000,3856.0000,3853.0000,3861.6000,3861.8000,3862.0000,3862.2000,3862.4000,1,2,2,1,1,1,1,1,2,2
SF,IF2009,2020-05-11 09:32:58.100,3861.6000,21510,0,466731240.000,0,-,-,-,-,3860.2000,3860.0000,3857.2000,3856.0000,3853.0000,3861.6000,3861.8000,3862.0000,3862.2000,3862.4000,1,2,2,1,1,1,2,1,2,2
SF,IF2009,2020-05-11 09:32:58.600,3861.6000,21510,0,466731240.000,0,-,-,-,-,3860.2000,3860.0000,3857.2000,3856.0000,3853.0000,3861.4000,3861.6000,3861.8000,3862.0000,3862.2000,1,2,2,1,1,3,1,2,1,2
SF,IF2009,2020-05-11 09:32:59.100,3861.6000,21510,0,466731240.000,0,-,-,-,-,3860.0000,3857.2000,3856.0000,3853.0000,3851.8000,3861.2000,3861.4000,3861.8000,3862.0000,3862.2000,2,2,1,1,1,1,3,2,1,3
SF,IF2009,2020-05-11 09:32:59.600,3861.6000,21510,0,466731240.000,0,-,-,-,-,3860.2000,3860.0000,3857.2000,3856.0000,3853.0000,3861.2000,3861.8000,3862.0000,3862.2000,3862.4000,2,2,2,1,1,1,2,1,3,3
SF,IF2009,2020-05-11 09:33:00.100,3861.6000,21510,0,466731240.000,0,-,-,-,-,3860.2000,3860.0000,3857.2000,3856.0000,3853.0000,3861.2000,3861.6000,3861.8000,3862.0000,3862.2000,2,2,2,1,1,1,1,2,1,2
SF,IF2009,2020-05-11 09:33:01.600,3860.2000,21508,-2,469047360.000,2,0,2,双平,S,3860.0000,3857.2000,3856.0000,3853.0000,3851.8000,3860.2000,3861.2000,3861.6000,3861.8000,3862.0000,2,2,1,1,1,1,1,1,2,1
SF,IF2009,2020-05-11 09:33:02.100,3860.2000,21507,-1,470205420.000,1,0,1,双平,S,3860.0000,3857.2000,3856.0000,3853.0000,3851.8000,3861.2000,3861.6000,3861.8000,3862.0000,3862.2000,2,2,1,1,1,1,1,2,1,2
SF,IF2009,2020-05-11 09:33:02.600,3860.2000,21506,-1,471363480.000,1,0,1,双平,S,3860.0000,3857.2000,3856.0000,3853.0000,3851.8000,3861.0000,3861.2000,3861.6000,3861.8000,3862.0000,2,2,1,1,1,1,1,1,2,1
SF,IF2009,2020-05-11 09:33:03.600,3861.2000,21506,0,473680140.000,2,1,1,多换,S,3861.2000,3860.0000,3857.2000,3856.0000,3853.0000,3861.6000,3861.8000,3862.0000,3862.2000,3862.4000,3,2,2,1,1,1,2,1,2,3
SF,IF2009,2020-05-11 09:33:04.100,3861.2000,21506,0,477155220.000,3,1,2,多换,S,3860.0000,3857.2000,3856.0000,3853.0000,3851.8000,3861.6000,3861.8000,3862.0000,3862.2000,3862.4000,2,2,1,1,1,1,2,1,2,3
SF,IF2009,2020-05-11 09:33:04.600,3860.0000,21505,-1,480629280.000,3,1,2,多平,S,3860.0000,3857.2000,3856.0000,3853.0000,3851.8000,3861.6000,3861.8000,3862.2000,3862.4000,3862.6000,1,2,1,1,1,1,2,2,3,1
SF,IF2009,2020-05-11 09:33:05.100,3860.0000,21505,0,480629280.000,0,-,-,-,-,3860.2000,3860.0000,3857.2000,3856.0000,3853.0000,3861.6000,3861.8000,3862.2000,3862.4000,3862.6000,1,1,2,1,1,1,2,2,3,1
SF,IF2009,2020-05-11 09:33:05.600,3860.2000,21503,-2,482945400.000,2,0,2,双平,S,3860.0000,3857.2000,3856.0000,3853.0000,3851.8000,3860.2000,3861.6000,3861.8000,3862.4000,3862.6000,1,2,1,1,1,8,1,2,1,1
SF,IF2009,2020-05-11 09:33:06.100,3860.2000,21495,-8,492209880.000,8,0,8,双平,S,3860.4000,3860.2000,3860.0000,3857.2000,3856.0000,3861.6000,3861.8000,3862.4000,3862.6000,3863.2000,1,2,1,2,1,1,2,1,1,1
SF,IF2009,2020-05-11 09:33:06.600,3861.6000,21495,0,493368360.000,1,0,1,多换,S,3861.0000,3860.6000,3860.4000,3860.2000,3860.0000,3861.8000,3862.4000,3862.6000,3863.2000,3863.8000,2,4,1,2,1,2,1,1,1,2
SF,IF2009,2020-05-11 09:33:07.100,3861.8000,21493,-2,495685440.000,2,0,2,双平,S,3861.6000,3861.2000,3861.0000,3860.6000,3860.4000,3862.4000,3862.6000,3863.2000,3863.8000,3864.2000,1,1,2,3,1,1,1,1,2,1
SF,IF2009,2020-05-11 09:33:07.600,3862.6000,21492,-1,498002940.000,2,0,2,多平,S,3861.8000,3861.6000,3861.0000,3860.6000,3860.4000,3863.2000,3863.8000,3864.2000,3865.0000,3865.4000,2,1,2,3,1,1,2,1,4,1
SF,IF2009,2020-05-11 09:33:08.100,3863.2000,21491,-1,499161900.000,1,0,1,双平,S,3862.4000,3862.2000,3862.0000,3861.8000,3861.0000,3863.8000,3864.2000,3865.0000,3865.4000,3865.6000,1,9,2,1,2,2,1,4,1,1
SF,IF2009,2020-05-11 09:33:08.600,3863.2000,21491,0,499161900.000,0,-,-,-,-,3863.2000,3862.6000,3862.4000,3861.8000,3861.0000,3863.6000,3863.8000,3864.2000,3865.0000,3865.4000,1,2,3,1,2,3,2,1,4,1
SF,IF2009,2020-05-11 09:33:09.100,3863.2000,21491,0,500320860.000,1,0,1,多换,S,3862.6000,3862.4000,3861.0000,3860.8000,3860.6000,3863.0000,3863.8000,3864.2000,3865.0000,3865.4000,3,3,2,1,1,1,2,1,4,1
SF,IF2009,2020-05-11 09:33:09.600,3863.2000,21490,-1,501479820.000,1,0,1,双平,S,3862.6000,3862.4000,3861.0000,3860.8000,3860.6000,3863.2000,3863.8000,3864.2000,3865.0000,3865.6000,2,3,2,1,1,1,2,1,4,1
SF,IF2009,2020-05-11 09:33:10.100,3863.2000,21489,-1,502638780.000,1,0,1,双平,S,3863.0000,3862.8000,3862.6000,3862.4000,3861.0000,3863.8000,3864.2000,3865.0000,3865.6000,3866.0000,1,1,2,3,2,2,1,4,1,5
SF,IF2009,2020-05-11 09:33:10.600,3863.8000,21489,0,504957000.000,2,1,1,多换,S,3862.6000,3862.4000,3861.0000,3860.8000,3860.6000,3863.8000,3864.2000,3865.0000,3865.6000,3866.0000,1,3,2,1,1,1,1,4,1,5
SF,IF2009,2020-05-11 09:33:11.100,3863.0000,21488,-1,506115900.000,1,0,1,双平,S,3862.6000,3862.4000,3861.0000,3860.8000,3860.4000,3863.6000,3863.8000,3864.2000,3865.0000,3865.6000,1,3,2,1,1,2,1,1,4,1
SF,IF2009,2020-05-11 09:33:11.600,3863.0000,21488,0,506115900.000,0,-,-,-,-,3862.8000,3862.4000,3861.0000,3860.8000,3860.4000,3863.4000,3863.6000,3863.8000,3864.2000,3865.0000,1,3,2,1,1,1,1,1,1,4
SF,IF2009,2020-05-11 09:33:12.100,3863.6000,21485,-3,509592840.000,3,0,3,双平,S,3862.4000,3861.0000,3860.8000,3860.2000,3860.0000,3863.8000,3864.2000,3865.0000,3865.6000,3866.0000,3,2,1,1,5,1,1,4,1,5
SF,IF2009,2020-05-11 09:33:12.600,3862.6000,21484,-1,510751620.000,1,0,1,双平,S,3862.4000,3861.0000,3860.8000,3860.2000,3857.2000,3863.2000,3863.4000,3863.6000,3863.8000,3864.2000,1,2,1,1,2,2,1,1,1,1
SF,IF2009,2020-05-11 09:33:13.100,3863.2000,21483,-1,511910580.000,1,0,1,双平,S,3862.6000,3862.4000,3861.0000,3860.8000,3860.2000,3863.0000,3863.2000,3863.8000,3864.2000,3865.0000,1,3,3,1,1,2,1,1,1,4
SF,IF2009,2020-05-11 09:33:13.600,3863.2000,21481,-2,515387340.000,3,0,3,多平,S,3862.6000,3862.4000,3861.0000,3860.8000,3860.2000,3863.8000,3864.2000,3865.0000,3865.6000,3866.0000,1,3,3,1,1,1,1,4,1,5
SF,IF2009,2020-05-11 09:33:14.100,3862.6000,21480,-1,516546120.000,1,0,1,双平,S,3862.4000,3861.0000,3860.8000,3860.2000,3857.2000,3863.6000,3863.8000,3864.2000,3865.0000,3865.6000,3,3,1,1,2,1,1,1,4,1
SF,IF2009,2020-05-11 09:33:14.600,3862.6000,21480,0,516546120.000,0,-,-,-,-,3862.4000,3861.0000,3860.8000,3860.2000,3857.2000,3863.6000,3863.8000,3864.2000,3865.0000,3865.6000,3,3,1,1,2,1,1,1,4,1
SF,IF2009,2020-05-11 09:33:15.100,3862.6000,21480,0,516546120.000,0,-,-,-,-,3862.6000,3862.4000,3861.0000,3860.8000,3860.2000,3863.0000,3863.2000,3863.6000,3863.8000,3864.2000,1,3,3,1,1,1,1,1,1,1
SF,IF2009,2020-05-11 09:33:15.600,3862.6000,21480,0,516546120.000,0,-,-,-,-,3862.6000,3862.4000,3861.0000,3860.8000,3860.2000,3863.0000,3863.2000,3863.8000,3864.2000,3865.0000,1,3,3,1,1,1,1,1,1,4
SF,IF2009,2020-05-11 09:33:16.100,3862.4000,21477,-3,521181240.000,4,0,4,多平,S,3861.0000,3860.8000,3860.2000,3857.2000,3856.0000,3863.2000,3863.8000,3864.2000,3865.0000,3865.6000,3,1,1,2,1,1,1,1,4,1
SF,IF2009,2020-05-11 09:33:16.600,3862.4000,21477,0,521181240.000,0,-,-,-,-,3861.4000,3861.2000,3861.0000,3860.8000,3857.2000,3863.0000,3863.2000,3863.8000,3864.2000,3865.0000,8,6,3,1,2,1,1,1,1,4
SF,IF2009,2020-05-11 09:33:17.100,3862.4000,21475,-2,524657760.000,3,0,3,多平,S,3861.6000,3861.2000,3861.0000,3860.8000,3857.2000,3863.2000,3863.4000,3863.8000,3864.2000,3865.0000,4,3,3,1,2,1,1,1,1,4
SF,IF2009,2020-05-11 09:33:17.600,3861.6000,21473,-2,526974720.000,2,0,2,双平,S,3861.6000,3861.2000,3861.0000,3857.2000,3856.0000,3862.8000,3863.0000,3863.2000,3863.4000,3863.8000,1,1,3,2,1,2,1,1,1,1
SF,IF2009,2020-05-11 09:33:18.100,3861.6000,21472,-1,528133200.000,1,0,1,双平,S,3861.2000,3861.0000,3857.2000,3856.0000,3855.0000,3862.6000,3863.2000,3863.4000,3863.8000,3864.2000,1,3,2,1,5,3,1,1,1,1
SF,IF2009,2020-05-11 09:33:18.600,3861.6000,21472,0,528133200.000,0,-,-,-,-,3861.0000,3857.2000,3856.0000,3855.0000,3853.0000,3861.2000,3862.6000,3863.2000,3863.4000,3863.8000,3,2,1,5,1,6,3,1,1,1
SF,IF2009,2020-05-11 09:33:19.100,3861.2000,21469,-3,533924820.000,5,1,4,多平,S,3857.2000,3856.0000,3855.0000,3853.0000,3851.8000,3861.2000,3862.6000,3863.2000,3863.4000,3863.8000,2,1,5,1,1,4,1,1,1,1
SF,IF2009,2020-05-11 09:33:19.600,3861.2000,21469,0,533924820.000,0,-,-,-,-,3858.6000,3857.6000,3857.4000,3857.2000,3857.0000,3861.0000,3861.2000,3863.2000,3863.4000,3863.8000,1,8,7,2,1,1,4,1,1,1
SF,IF2009,2020-05-11 09:33:20.100,3861.2000,21469,0,533924820.000,0,-,-,-,-,3858.8000,3858.6000,3857.4000,3857.2000,3857.0000,3861.2000,3863.2000,3863.4000,3863.8000,3864.2000,11,1,5,2,1,4,1,1,1,1
SF,IF2009,2020-05-11 09:33:20.600,3861.2000,21469,0,533924820.000,0,-,-,-,-,3859.4000,3859.0000,3858.8000,3857.4000,3857.2000,3861.0000,3861.2000,3863.2000,3863.4000,3863.8000,1,5,11,2,2,1,4,1,1,1
SF,IF2009,2020-05-11 09:33:21.100,3861.2000,21469,0,533924820.000,0,-,-,-,-,3861.0000,3859.6000,3859.4000,3859.0000,3858.8000,3861.2000,3863.2000,3863.4000,3863.6000,3863.8000,1,2,1,5,9,4,1,1,2,1
SF,IF2009,2020-05-11 09:33:21.600,3861.0000,21468,-1,535083120.000,1,0,1,双平,S,3859.6000,3859.4000,3858.8000,3857.4000,3857.2000,3861.2000,3863.2000,3863.4000,3863.6000,3863.8000,2,1,9,2,2,4,1,1,2,1
SF,IF2009,2020-05-11 09:33:22.100,3861.0000,21468,0,535083120.000,0,-,-,-,-,3859.8000,3859.6000,3859.4000,3858.8000,3857.4000,3861.2000,3863.2000,3863.4000,3863.6000,3863.8000,3,2,1,9,2,4,1,1,2,1
SF,IF2009,2020-05-11 09:33:22.600,3861.0000,21468,0,535083120.000,0,-,-,-,-,3860.0000,3859.8000,3859.4000,3858.8000,3857.4000,3861.2000,3863.2000,3863.4000,3863.6000,3863.8000,3,3,1,9,2,4,1,1,2,1
SF,IF2009,2020-05-11 09:33:23.100,3861.0000,21468,0,535083120.000,0,-,-,-,-,3860.6000,3860.0000,3859.8000,3859.4000,3858.8000,3861.2000,3863.2000,3863.4000,3863.6000,3863.8000,1,3,3,1,9,4,1,1,2,1
SF,IF2009,2020-05-11 09:33:24.100,3860.6000,21467,-1,536241300.000,1,0,1,双平,S,3860.0000,3859.4000,3858.8000,3857.4000,3857.2000,3861.2000,3862.0000,3863.2000,3863.4000,3863.6000,2,1,9,2,2,4,1,1,1,2
SF,IF2009,2020-05-11 09:33:24.600,3860.6000,21467,0,536241300.000,0,-,-,-,-,3860.0000,3859.4000,3858.8000,3857.4000,3857.2000,3861.0000,3861.2000,3862.0000,3863.2000,3863.4000,1,1,9,2,2,2,4,1,1,1
SF,IF2009,2020-05-11 09:33:25.100,3860.6000,21467,0,536241300.000,0,-,-,-,-,3859.4000,3858.8000,3857.4000,3857.2000,3857.0000,3861.0000,3861.2000,3862.0000,3863.2000,3863.4000,1,9,2,2,1,2,4,1,1,1
SF,IF2009,2020-05-11 09:33:25.600,3861.2000,21467,0,542033040.000,5,2,3,多换,S,3859.6000,3859.4000,3858.8000,3857.4000,3857.2000,3862.0000,3862.6000,3863.2000,3863.4000,3863.6000,1,1,9,2,2,1,1,1,1,2
SF,IF2009,2020-05-11 09:33:26.100,3861.2000,21467,0,542033040.000,0,-,-,-,-,3859.8000,3859.6000,3859.4000,3858.8000,3857.4000,3861.4000,3861.8000,3862.0000,3862.6000,3863.2000,1,1,1,9,2,1,1,1,1,1
SF,IF2009,2020-05-11 09:33:26.600,3860.0000,21466,-1,543191040.000,1,0,1,双平,S,3859.8000,3859.4000,3858.8000,3857.4000,3857.2000,3861.2000,3861.4000,3862.0000,3862.6000,3863.2000,1,1,9,2,2,1,1,1,1,1
SF,IF2009,2020-05-11 09:33:27.100,3860.0000,21466,0,543191040.000,0,-,-,-,-,3860.0000,3859.8000,3859.4000,3858.8000,3857.4000,3861.2000,3861.4000,3862.0000,3862.6000,3863.2000,1,1,1,9,2,1,1,1,1,1
SF,IF2009,2020-05-11 09:33:27.600,3860.0000,21466,0,543191040.000,0,-,-,-,-,3859.8000,3859.4000,3858.8000,3857.4000,3857.2000,3861.0000,3861.2000,3862.0000,3862.6000,3863.2000,1,1,1,2,2,2,1,1,1,1
SF,IF2009,2020-05-11 09:33:28.100,3859.8000,21465,-1,544348980.000,1,0,1,双平,S,3858.8000,3857.4000,3857.2000,3857.0000,3856.0000,3860.8000,3862.0000,3862.6000,3863.2000,3863.4000,1,2,2,1,1,3,1,1,1,1
SF,IF2009,2020-05-11 09:33:28.600,3859.8000,21465,0,544348980.000,0,-,-,-,-,3859.0000,3857.4000,3857.2000,3857.0000,3856.0000,3860.8000,3862.0000,3862.6000,3863.2000,3863.4000,1,2,2,1,1,3,1,1,1,1
SF,IF2009,2020-05-11 09:33:29.100,3859.8000,21465,0,544348980.000,0,-,-,-,-,3859.0000,3857.4000,3857.2000,3857.0000,3856.0000,3860.8000,3862.0000,3862.6000,3863.2000,3863.4000,1,2,2,1,1,3,1,1,1,1
SF,IF2009,2020-05-11 09:33:29.600,3859.0000,21463,-2,546664380.000,2,0,2,双平,S,3857.4000,3857.2000,3857.0000,3856.0000,3855.0000,3859.0000,3860.0000,3860.8000,3862.0000,3862.6000,2,2,1,1,5,2,1,3,1,1
SF,IF2009,2020-05-11 09:33:30.100,3858.2000,21460,-3,550137240.000,3,0,3,双平,S,3857.8000,3857.6000,3857.4000,3857.2000,3857.0000,3860.0000,3860.8000,3861.0000,3862.0000,3862.6000,9,5,2,2,1,1,1,1,1,1
SF,IF2009,2020-05-11 09:33:30.600,3858.2000,21460,0,550137240.000,0,-,-,-,-,3859.4000,3858.0000,3857.8000,3857.6000,3857.4000,3859.8000,3860.0000,3861.0000,3862.0000,3862.6000,2,4,9,3,2,1,1,1,1,1
SF,IF2009,2020-05-11 09:33:31.100,3859.4000,21459,-1,553610820.000,3,1,2,多平,S,3858.0000,3857.8000,3857.6000,3857.4000,3857.2000,3859.4000,3860.0000,3861.0000,3862.0000,3862.6000,4,9,1,2,2,2,1,1,1,1
SF,IF2009,2020-05-11 09:33:31.600,3859.4000,21459,0,553610820.000,0,-,-,-,-,3858.4000,3858.2000,3858.0000,3857.8000,3857.6000,3859.4000,3860.0000,3861.0000,3862.0000,3862.6000,8,1,4,1,1,2,1,1,1,1
SF,IF2009,2020-05-11 09:33:32.100,3858.6000,21457,-2,555925980.000,2,0,2,双平,S,3858.2000,3858.0000,3857.8000,3857.2000,3857.0000,3858.4000,3859.4000,3860.0000,3861.0000,3862.0000,1,2,1,2,1,3,2,1,1,1
SF,IF2009,2020-05-11 09:33:32.600,3858.4000,21454,-3,560556060.000,4,0,4,多平,S,3858.2000,3858.0000,3857.8000,3857.2000,3857.0000,3859.4000,3860.0000,3861.0000,3862.0000,3862.6000,1,2,1,2,1,2,1,1,1,1
SF,IF2009,2020-05-11 09:33:33.100,3858.4000,21454,0,560556060.000,0,-,-,-,-,3858.8000,3858.4000,3858.2000,3858.0000,3857.8000,3859.4000,3860.0000,3861.0000,3862.0000,3862.6000,1,9,1,1,1,2,1,1,1,1
SF,IF2009,2020-05-11 09:33:33.600,3859.6000,21451,-3,567503340.000,6,1,5,多平,S,3859.6000,3859.4000,3859.2000,3858.8000,3858.2000,3861.0000,3862.0000,3862.6000,3863.2000,3863.4000,5,2,8,1,1,1,1,1,1,1
SF,IF2009,2020-05-11 09:33:34.100,3859.6000,21450,-1,568661220.000,1,0,1,双平,S,3859.8000,3859.6000,3858.8000,3858.6000,3858.2000,3860.6000,3860.8000,3861.0000,3862.0000,3862.6000,1,5,1,1,1,1,1,1,1,1
SF,IF2009,2020-05-11 09:33:34.600,3859.6000,21451,1,570976980.000,2,1,1,空开,S,3859.6000,3858.8000,3858.2000,3857.2000,3857.0000,3859.8000,3860.4000,3861.0000,3862.0000,3862.6000,4,2,1,2,1,1,2,1,1,1
SF,IF2009,2020-05-11 09:33:35.100,3859.6000,21447,-4,575608500.000,4,0,4,双平,S,3859.4000,3858.8000,3857.2000,3857.0000,3856.8000,3859.8000,3860.4000,3861.0000,3862.0000,3862.6000,1,1,2,1,1,1,2,1,1,1
SF,IF2009,2020-05-11 09:33:35.600,3860.4000,21444,-3,579082380.000,3,0,3,双平,S,3858.8000,3857.2000,3857.0000,3856.8000,3856.0000,3860.4000,3861.0000,3862.0000,3862.6000,3863.2000,1,2,1,1,1,1,1,1,1,1
SF,IF2009,2020-05-11 09:33:36.100,3859.0000,21443,-1,580240080.000,1,0,1,双平,S,3858.8000,3857.2000,3857.0000,3856.8000,3856.0000,3859.4000,3859.6000,3860.0000,3860.2000,3861.0000,1,2,1,1,1,2,1,2,2,1
SF,IF2009,2020-05-11 09:33:36.600,3859.4000,21443,0,583713360.000,3,1,2,多换,S,3857.2000,3857.0000,3856.8000,3856.0000,3855.0000,3858.8000,3859.6000,3860.2000,3861.0000,3862.6000,2,1,1,1,5,1,1,2,1,1
SF,IF2009,2020-05-11 09:33:37.100,3858.8000,21443,0,584871000.000,1,0,1,多换,S,3857.8000,3857.6000,3857.4000,3857.2000,3857.0000,3858.8000,3859.6000,3860.2000,3861.0000,3862.6000,1,8,1,3,1,1,1,2,1,1
SF,IF2009,2020-05-11 09:33:37.600,3858.2000,21440,-3,588343560.000,3,0,3,双平,S,3858.2000,3858.0000,3857.8000,3857.6000,3857.4000,3859.6000,3860.2000,3861.0000,3862.6000,3863.2000,6,1,1,1,1,1,2,1,1,1
SF,IF2009,2020-05-11 09:33:38.100,3858.2000,21440,0,588343560.000,0,-,-,-,-,3859.2000,3858.2000,3857.8000,3857.6000,3857.4000,3859.4000,3859.6000,3861.0000,3862.6000,3863.2000,1,7,1,1,1,3,1,2,1,1
SF,IF2009,2020-05-11 09:33:38.600,3858.2000,21438,-2,591816240.000,3,0,3,多平,S,3857.2000,3857.0000,3856.8000,3856.6000,3856.0000,3859.4000,3859.6000,3861.0000,3862.6000,3863.2000,3,1,1,1,1,2,1,2,1,1
SF,IF2009,2020-05-11 09:33:39.100,3857.6000,21438,0,592973520.000,1,0,1,多换,S,3857.6000,3857.4000,3857.2000,3857.0000,3856.8000,3859.2000,3859.4000,3859.6000,3861.0000,3862.6000,5,1,3,1,1,2,1,1,2,1
SF,IF2009,2020-05-11 09:33:39.600,3857.6000,21438,0,592973520.000,0,-,-,-,-,3857.6000,3857.4000,3857.2000,3857.0000,3856.8000,3858.8000,3859.0000,3859.2000,3859.6000,3861.0000,5,1,2,1,1,1,1,2,1,2
SF,IF2009,2020-05-11 09:33:40.100,3857.6000,21438,0,592973520.000,0,-,-,-,-,3857.6000,3857.4000,3857.2000,3857.0000,3856.8000,3858.6000,3858.8000,3859.0000,3859.2000,3859.6000,5,1,2,1,1,1,1,2,2,1
SF,IF2009,2020-05-11 09:33:40.600,3857.6000,21438,0,592973520.000,0,-,-,-,-,3857.8000,3857.6000,3857.2000,3857.0000,3856.8000,3858.8000,3859.0000,3859.2000,3859.6000,3861.0000,1,6,2,1,1,1,2,2,1,2
SF,IF2009,2020-05-11 09:33:41.100,3857.6000,21438,0,592973520.000,0,-,-,-,-,3858.0000,3857.8000,3857.6000,3857.2000,3857.0000,3858.8000,3859.0000,3859.2000,3859.6000,3861.0000,5,1,1,2,1,1,1,2,1,2
SF,IF2009,2020-05-11 09:33:41.600,3859.0000,21436,-2,595288860.000,2,0,2,双平,S,3858.2000,3858.0000,3857.6000,3857.2000,3857.0000,3859.2000,3859.6000,3861.0000,3862.6000,3863.2000,4,5,1,2,1,2,1,2,1,1
SF,IF2009,2020-05-11 09:33:42.100,3859.2000,21434,-2,597604380.000,2,0,2,双平,S,3858.8000,3858.6000,3858.2000,3857.6000,3857.2000,3859.6000,3861.0000,3862.6000,3863.2000,3863.4000,1,5,5,1,2,1,2,1,1,1
SF,IF2009,2020-05-11 09:33:42.600,3859.2000,21434,0,597604380.000,0,-,-,-,-,3859.0000,3858.8000,3858.6000,3858.2000,3857.6000,3859.6000,3861.0000,3862.6000,3863.2000,3863.4000,1,1,5,4,1,1,2,1,1,1
SF,IF2009,2020-05-11 09:33:43.100,3859.2000,21434,0,597604380.000,0,-,-,-,-,3859.0000,3858.8000,3858.6000,3858.2000,3857.6000,3859.2000,3859.6000,3861.0000,3862.6000,3863.2000,1,1,5,4,1,2,1,2,1,1
SF,IF2009,2020-05-11 09:33:43.600,3859.6000,21431,-3,601077780.000,3,0,3,双平,S,3858.8000,3858.2000,3857.6000,3857.2000,3857.0000,3861.0000,3862.6000,3863.2000,3863.4000,3863.6000,1,1,2,2,1,2,1,1,1,2
SF,IF2009,2020-05-11 09:33:44.100,3859.6000,21431,0,601077780.000,0,-,-,-,-,3859.0000,3858.2000,3857.6000,3857.2000,3857.0000,3859.4000,3860.8000,3861.0000,3862.6000,3863.2000,1,1,1,2,1,1,1,2,1,1
SF,IF2009,2020-05-11 09:33:44.600,3859.6000,21430,-1,602235660.000,1,0,1,双平,S,3858.2000,3857.6000,3857.2000,3857.0000,3856.8000,3860.8000,3861.0000,3862.6000,3863.2000,3863.4000,1,1,2,1,1,1,2,1,1,1
SF,IF2009,2020-05-11 09:33:45.100,3859.6000,21430,0,602235660.000,0,-,-,-,-,3858.4000,3858.2000,3857.6000,3857.2000,3857.0000,3860.8000,3861.0000,3862.6000,3863.2000,3863.4000,2,1,1,2,1,1,2,1,1,1
SF,IF2009,2020-05-11 09:33:45.600,3859.6000,21430,0,602235660.000,0,-,-,-,-,3858.4000,3858.2000,3857.6000,3857.2000,3857.0000,3860.2000,3860.8000,3861.0000,3862.6000,3863.2000,2,2,1,2,1,1,1,2,1,1
SF,IF2009,2020-05-11 09:33:46.100,3859.6000,21430,0,602235660.000,0,-,-,-,-,3858.4000,3858.2000,3857.6000,3857.2000,3857.0000,3860.0000,3860.2000,3860.4000,3861.0000,3862.6000,2,2,1,2,1,1,1,1,2,1
SF,IF2009,2020-05-11 09:33:46.600,3859.6000,21430,0,602235660.000,0,-,-,-,-,3858.4000,3858.2000,3857.6000,3857.2000,3857.0000,3859.6000,3860.0000,3860.4000,3861.0000,3862.6000,1,2,1,2,1,1,1,1,2,1
SF,IF2009,2020-05-11 09:33:47.100,3859.6000,21430,0,602235660.000,0,-,-,-,-,3858.2000,3857.2000,3857.0000,3856.8000,3856.6000,3859.4000,3860.0000,3861.0000,3862.6000,3863.0000,2,2,1,1,1,2,1,2,1,1
SF,IF2009,2020-05-11 09:33:47.600,3859.6000,21430,0,602235660.000,0,-,-,-,-,3858.4000,3858.2000,3857.2000,3857.0000,3856.8000,3859.4000,3860.0000,3861.0000,3862.6000,3863.0000,1,1,2,1,1,2,3,2,1,1
SF,IF2009,2020-05-11 09:33:48.100,3859.6000,21430,0,602235660.000,0,-,-,-,-,3858.2000,3857.2000,3857.0000,3856.8000,3856.0000,3859.4000,3860.0000,3861.0000,3862.6000,3863.0000,1,2,1,1,1,2,3,2,1,1
SF,IF2009,2020-05-11 09:33:48.600,3859.6000,21430,0,602235660.000,0,-,-,-,-,3858.2000,3857.2000,3857.0000,3856.8000,3856.0000,3859.4000,3860.0000,3861.0000,3862.6000,3863.0000,1,2,1,1,1,2,2,2,1,1
SF,IF2009,2020-05-11 09:33:49.100,3859.6000,21430,0,602235660.000,0,-,-,-,-,3858.2000,3857.2000,3857.0000,3856.8000,3856.0000,3859.2000,3859.4000,3860.0000,3861.0000,3862.6000,1,2,1,1,1,1,1,2,2,1
SF,IF2009,2020-05-11 09:33:49.600,3859.6000,21430,0,602235660.000,0,-,-,-,-,3858.2000,3857.2000,3857.0000,3856.8000,3856.0000,3859.2000,3859.4000,3860.0000,3861.0000,3862.6000,1,2,1,1,1,1,1,2,2,1
SF,IF2009,2020-05-11 09:33:50.100,3859.6000,21430,0,602235660.000,0,-,-,-,-,3858.2000,3857.2000,3857.0000,3856.8000,3856.0000,3859.0000,3859.2000,3860.0000,3861.0000,3862.6000,1,2,1,1,1,1,1,2,2,1
SF,IF2009,2020-05-11 09:33:50.600,3859.6000,21430,0,602235660.000,0,-,-,-,-,3858.2000,3857.2000,3857.0000,3856.8000,3856.0000,3860.0000,3861.0000,3862.6000,3863.0000,3863.2000,1,2,1,1,1,2,2,1,1,1
SF,IF2009,2020-05-11 09:33:51.100,3859.6000,21430,0,602235660.000,0,-,-,-,-,3859.2000,3858.4000,3858.2000,3857.2000,3857.0000,3859.8000,3860.0000,3861.0000,3862.6000,3863.0000,1,1,1,2,1,1,2,2,1,1
SF,IF2009,2020-05-11 09:33:51.600,3859.2000,21429,-1,603393420.000,1,0,1,双平,S,3858.4000,3858.2000,3857.2000,3857.0000,3856.8000,3859.8000,3860.0000,3861.0000,3862.6000,3863.0000,1,1,2,1,1,1,2,2,1,1
SF,IF2009,2020-05-11 09:33:52.100,3859.2000,21429,0,603393420.000,0,-,-,-,-,3858.4000,3858.2000,3857.2000,3857.0000,3856.8000,3859.8000,3860.0000,3861.0000,3862.6000,3863.0000,1,1,2,1,1,1,2,2,1,1
SF,IF2009,2020-05-11 09:33:52.600,3859.2000,21429,0,603393420.000,0,-,-,-,-,3858.4000,3858.2000,3858.0000,3857.2000,3857.0000,3859.8000,3860.0000,3861.0000,3862.6000,3863.0000,1,1,1,2,1,1,2,2,1,1
SF,IF2009,2020-05-11 09:33:53.100,3859.2000,21429,0,603393420.000,0,-,-,-,-,3858.6000,3858.4000,3858.2000,3858.0000,3857.2000,3859.8000,3860.0000,3861.0000,3862.6000,3863.0000,1,1,1,1,2,1,2,2,1,1
SF,IF2009,2020-05-11 09:33:53.600,3859.2000,21429,0,603393420.000,0,-,-,-,-,3858.6000,3858.4000,3858.2000,3858.0000,3857.2000,3860.0000,3861.0000,3862.6000,3863.0000,3863.2000,1,1,1,1,2,2,2,1,1,1
SF,IF2009,2020-05-11 09:33:54.100,3859.2000,21429,0,603393420.000,0,-,-,-,-,3858.8000,3858.6000,3858.4000,3858.2000,3858.0000,3860.0000,3861.0000,3862.6000,3863.0000,3863.2000,1,1,1,1,1,2,2,1,1,1
SF,IF2009,2020-05-11 09:33:54.600,3859.2000,21429,0,603393420.000,0,-,-,-,-,3859.0000,3858.8000,3858.4000,3858.2000,3858.0000,3859.6000,3860.0000,3861.0000,3862.6000,3863.0000,2,1,1,1,1,1,2,2,1,1
SF,IF2009,2020-05-11 09:33:55.100,3859.6000,21428,-1,604551300.000,1,0,1,双平,S,3859.2000,3859.0000,3858.8000,3858.4000,3858.2000,3860.0000,3861.0000,3862.6000,3863.0000,3863.2000,1,2,1,1,1,2,2,1,1,1
SF,IF2009,2020-05-11 09:33:55.600,3859.6000,21428,0,604551300.000,0,-,-,-,-,3859.2000,3859.0000,3858.8000,3858.4000,3858.2000,3860.0000,3861.0000,3862.6000,3863.0000,3863.2000,1,2,1,1,1,2,2,1,1,1
SF,IF2009,2020-05-11 09:33:56.100,3859.6000,21428,0,604551300.000,0,-,-,-,-,3858.4000,3858.2000,3858.0000,3857.2000,3857.0000,3859.8000,3860.0000,3861.0000,3862.6000,3863.0000,1,1,1,2,1,1,2,2,1,1
SF,IF2009,2020-05-11 09:33:56.600,3859.6000,21428,0,604551300.000,0,-,-,-,-,3858.6000,3858.4000,3858.2000,3858.0000,3857.2000,3859.8000,3860.0000,3861.0000,3862.6000,3863.0000,1,1,1,1,2,1,2,2,1,1
SF,IF2009,2020-05-11 09:33:57.100,3859.6000,21428,0,604551300.000,0,-,-,-,-,3858.4000,3858.2000,3858.0000,3857.2000,3857.0000,3859.6000,3859.8000,3860.0000,3861.0000,3862.6000,1,1,1,2,1,1,1,2,2,1
SF,IF2009,2020-05-11 09:33:57.600,3859.6000,21428,0,604551300.000,0,-,-,-,-,3858.6000,3858.4000,3858.2000,3858.0000,3857.2000,3859.6000,3859.8000,3860.0000,3861.0000,3862.6000,1,1,1,1,2,1,1,2,2,1
SF,IF2009,2020-05-11 09:33:59.100,3859.6000,21428,0,604551300.000,0,-,-,-,-,3858.6000,3858.2000,3858.0000,3857.2000,3857.0000,3859.6000,3859.8000,3860.0000,3861.0000,3862.6000,1,1,1,2,1,1,1,2,2,1
SF,IF2009,2020-05-11 09:33:59.600,3859.6000,21428,0,604551300.000,0,-,-,-,-,3858.6000,3858.2000,3858.0000,3857.2000,3857.0000,3859.6000,3860.0000,3861.0000,3862.6000,3863.0000,1,1,1,2,1,1,3,2,1,1
SF,IF2009,2020-05-11 09:34:00.600,3859.6000,21427,-1,605709180.000,1,0,1,双平,S,3858.6000,3858.2000,3858.0000,3857.2000,3857.0000,3860.0000,3861.0000,3862.6000,3863.0000,3863.2000,1,1,1,2,1,3,2,1,1,1
SF,IF2009,2020-05-11 09:34:01.100,3859.6000,21427,0,605709180.000,0,-,-,-,-,3858.6000,3858.2000,3858.0000,3857.2000,3857.0000,3859.8000,3860.0000,3861.0000,3862.6000,3863.0000,1,1,1,2,1,2,3,2,1,1
SF,IF2009,2020-05-11 09:34:01.600,3859.6000,21427,0,605709180.000,0,-,-,-,-,3859.2000,3858.6000,3858.2000,3858.0000,3857.2000,3859.8000,3860.0000,3861.0000,3862.6000,3863.0000,1,1,1,1,2,1,3,2,1,1
SF,IF2009,2020-05-11 09:34:02.100,3859.6000,21427,0,605709180.000,0,-,-,-,-,3858.6000,3858.2000,3858.0000,3857.2000,3857.0000,3859.8000,3860.0000,3861.0000,3862.6000,3863.0000,1,1,1,2,1,1,3,2,1,1
SF,IF2009,2020-05-11 09:34:02.600,3859.6000,21427,0,605709180.000,0,-,-,-,-,3859.0000,3858.6000,3858.4000,3858.2000,3858.0000,3859.8000,3860.0000,3861.0000,3862.6000,3863.0000,1,1,1,1,1,1,3,2,1,1
SF,IF2009,2020-05-11 09:34:03.100,3859.6000,21427,0,605709180.000,0,-,-,-,-,3858.6000,3858.2000,3858.0000,3857.2000,3857.0000,3859.8000,3860.0000,3861.0000,3862.6000,3863.0000,1,1,1,2,1,1,4,2,1,1
SF,IF2009,2020-05-11 09:34:03.600,3859.6000,21427,0,605709180.000,0,-,-,-,-,3859.0000,3858.8000,3858.6000,3858.2000,3858.0000,3859.8000,3860.0000,3861.0000,3862.6000,3863.0000,1,1,1,1,1,1,4,2,1,1
SF,IF2009,2020-05-11 09:34:04.100,3859.6000,21427,0,605709180.000,0,-,-,-,-,3858.2000,3858.0000,3857.2000,3857.0000,3856.8000,3859.8000,3860.0000,3861.0000,3862.6000,3863.0000,1,1,2,1,1,1,4,2,1,1
SF,IF2009,2020-05-11 09:34:04.600,3859.6000,21427,0,605709180.000,0,-,-,-,-,3858.6000,3858.2000,3858.0000,3857.2000,3857.0000,3859.8000,3860.0000,3861.0000,3862.6000,3863.0000,1,1,1,2,1,1,4,2,1,1
SF,IF2009,2020-05-11 09:34:05.100,3859.6000,21427,0,605709180.000,0,-,-,-,-,3858.2000,3858.0000,3857.2000,3857.0000,3856.8000,3859.8000,3860.0000,3861.0000,3862.6000,3863.0000,1,1,2,1,1,1,4,2,1,1
SF,IF2009,2020-05-11 09:34:05.600,3858.2000,21426,-1,606866640.000,1,0,1,双平,S,3858.0000,3857.2000,3856.8000,3856.0000,3855.0000,3859.6000,3859.8000,3860.0000,3861.0000,3862.6000,1,2,1,1,6,1,1,4,2,1
SF,IF2009,2020-05-11 09:34:06.100,3858.2000,21426,0,606866640.000,0,-,-,-,-,3858.0000,3857.2000,3856.8000,3856.0000,3855.0000,3859.4000,3859.6000,3860.0000,3861.0000,3862.6000,1,2,1,1,6,1,1,4,2,1
SF,IF2009,2020-05-11 09:34:06.600,3858.2000,21426,0,606866640.000,0,-,-,-,-,3858.2000,3858.0000,3857.2000,3856.8000,3856.0000,3859.4000,3859.6000,3860.0000,3861.0000,3862.6000,1,1,2,1,1,1,1,4,2,1
SF,IF2009,2020-05-11 09:34:07.100,3858.2000,21426,0,608024100.000,1,0,1,多换,S,3858.2000,3858.0000,3857.2000,3856.8000,3856.0000,3859.4000,3859.6000,3860.0000,3861.0000,3862.6000,1,1,2,1,1,1,1,4,2,1
SF,IF2009,2020-05-11 09:34:07.600,3858.2000,21426,0,608024100.000,0,-,-,-,-,3858.4000,3858.2000,3858.0000,3857.2000,3856.8000,3859.4000,3860.0000,3861.0000,3862.6000,3863.0000,1,1,1,2,1,1,4,2,1,1
SF,IF2009,2020-05-11 09:34:10.100,3858.2000,21426,0,608024100.000,0,-,-,-,-,3858.2000,3858.0000,3857.2000,3856.8000,3856.0000,3859.4000,3860.0000,3861.0000,3862.6000,3863.0000,1,1,2,1,1,1,4,2,1,1
SF,IF2009,2020-05-11 09:34:10.600,3858.2000,21426,0,608024100.000,0,-,-,-,-,3858.0000,3857.2000,3856.8000,3856.0000,3855.0000,3859.4000,3860.0000,3861.0000,3862.6000,3863.0000,1,2,1,1,6,1,4,2,1,1
SF,IF2009,2020-05-11 09:34:13.600,3859.4000,21425,-1,609181920.000,1,0,1,双平,S,3858.4000,3858.2000,3858.0000,3857.2000,3856.8000,3860.0000,3861.0000,3862.6000,3863.0000,3863.2000,1,5,1,2,1,4,2,1,1,1
SF,IF2009,2020-05-11 09:34:14.100,3858.8000,21423,-2,611497560.000,2,0,2,双平,S,3858.8000,3858.6000,3858.4000,3858.2000,3858.0000,3860.0000,3861.0000,3862.6000,3863.0000,3863.2000,1,3,1,5,1,3,2,1,1,1
SF,IF2009,2020-05-11 09:34:14.600,3858.8000,21423,0,611497560.000,0,-,-,-,-,3859.0000,3858.8000,3858.6000,3858.2000,3858.0000,3860.0000,3861.0000,3862.6000,3863.0000,3863.2000,1,1,2,5,1,3,2,1,1,1
SF,IF2009,2020-05-11 09:34:15.100,3858.8000,21423,0,612655200.000,1,0,1,多换,S,3859.2000,3859.0000,3858.8000,3858.6000,3858.2000,3860.0000,3861.0000,3862.6000,3863.0000,3863.2000,1,1,1,2,5,3,2,1,1,1
SF,IF2009,2020-05-11 09:34:15.600,3858.8000,21423,0,612655200.000,0,-,-,-,-,3859.2000,3859.0000,3858.8000,3858.6000,3858.2000,3860.0000,3861.0000,3862.6000,3863.0000,3863.2000,1,1,1,2,5,5,2,1,1,1
SF,IF2009,2020-05-11 09:34:16.600,3858.8000,21423,0,612655200.000,0,-,-,-,-,3859.2000,3859.0000,3858.6000,3858.2000,3858.0000,3860.0000,3861.0000,3862.6000,3863.0000,3863.2000,1,1,2,5,1,5,2,1,1,1
SF,IF2009,2020-05-11 09:34:18.100,3859.2000,21423,0,613812960.000,1,0,1,多换,S,3859.0000,3858.6000,3858.2000,3858.0000,3857.2000,3860.0000,3861.0000,3862.6000,3863.0000,3863.2000,1,2,5,1,2,5,2,1,1,1
SF,IF2009,2020-05-11 09:34:18.600,3859.2000,21423,0,613812960.000,0,-,-,-,-,3858.6000,3858.2000,3858.0000,3857.2000,3856.8000,3859.8000,3860.0000,3861.0000,3862.6000,3863.0000,2,5,1,2,1,1,5,2,1,1
SF,IF2009,2020-05-11 09:34:19.100,3859.2000,21423,0,613812960.000,0,-,-,-,-,3858.8000,3858.0000,3857.2000,3856.8000,3856.0000,3859.8000,3860.0000,3861.0000,3862.6000,3863.0000,1,1,2,1,1,1,5,2,1,1
SF,IF2009,2020-05-11 09:34:19.600,3859.2000,21423,0,613812960.000,0,-,-,-,-,3858.8000,3858.0000,3857.2000,3856.8000,3856.0000,3860.0000,3861.0000,3862.6000,3863.0000,3863.2000,1,1,2,1,1,5,2,1,1,1
SF,IF2009,2020-05-11 09:34:20.100,3859.0000,21423,0,614970660.000,1,0,1,多换,S,3859.0000,3858.8000,3858.0000,3857.2000,3856.8000,3860.0000,3861.0000,3862.6000,3863.0000,3863.2000,3,2,1,2,1,5,2,1,1,1
SF,IF2009,2020-05-11 09:34:20.600,3859.0000,21423,0,614970660.000,0,-,-,-,-,3859.2000,3859.0000,3858.8000,3858.0000,3857.2000,3860.0000,3861.0000,3862.6000,3863.0000,3863.2000,1,4,1,1,2,5,2,1,1,1
SF,IF2009,2020-05-11 09:34:21.100,3859.2000,21422,-1,616128420.000,1,0,1,双平,S,3859.0000,3858.8000,3858.0000,3857.2000,3856.8000,3860.0000,3861.0000,3862.6000,3863.0000,3863.2000,4,1,1,2,1,5,2,1,1,1
SF,IF2009,2020-05-11 09:34:21.600,3859.2000,21422,0,616128420.000,0,-,-,-,-,3859.0000,3858.8000,3858.0000,3857.2000,3856.8000,3860.0000,3861.0000,3862.6000,3863.0000,3863.2000,3,1,1,2,1,5,2,1,1,1
SF,IF2009,2020-05-11 09:34:22.100,3860.0000,21421,-1,617286420.000,1,0,1,双平,S,3859.0000,3858.8000,3858.0000,3857.2000,3856.8000,3860.0000,3861.0000,3862.6000,3863.0000,3863.2000,3,1,1,2,1,4,2,1,1,1
SF,IF2009,2020-05-11 09:34:22.600,3860.0000,21422,1,618444420.000,1,1,0,双开,S,3859.2000,3859.0000,3858.8000,3858.0000,3857.2000,3860.0000,3861.0000,3862.6000,3863.0000,3863.2000,1,3,1,1,2,3,2,1,1,1
SF,IF2009,2020-05-11 09:34:23.100,3860.0000,21422,0,618444420.000,0,-,-,-,-,3859.0000,3858.8000,3858.0000,3857.2000,3856.8000,3860.0000,3861.0000,3862.6000,3863.0000,3863.2000,3,1,1,2,1,3,2,1,1,1
SF,IF2009,2020-05-11 09:34:23.600,3860.0000,21422,0,618444420.000,0,-,-,-,-,3859.2000,3859.0000,3858.8000,3858.0000,3857.2000,3860.0000,3861.0000,3862.6000,3863.0000,3863.2000,1,3,1,1,2,3,2,1,1,1
SF,IF2009,2020-05-11 09:34:24.100,3860.0000,21422,0,618444420.000,0,-,-,-,-,3859.2000,3859.0000,3858.8000,3858.0000,3857.2000,3860.0000,3861.0000,3862.6000,3863.0000,3863.2000,1,3,1,1,2,3,2,1,1,1
SF,IF2009,2020-05-11 09:34:26.600,3860.0000,21422,0,618444420.000,0,-,-,-,-,3859.2000,3859.0000,3858.8000,3858.0000,3857.2000,3859.8000,3860.0000,3861.0000,3862.6000,3863.0000,1,3,1,1,2,1,3,2,1,1
SF,IF2009,2020-05-11 09:34:27.600,3860.0000,21421,-1,620760360.000,2,0,2,多平,S,3859.2000,3859.0000,3858.8000,3858.0000,3857.2000,3860.0000,3861.0000,3862.6000,3863.0000,3863.2000,1,3,1,1,2,2,2,1,1,1
SF,IF2009,2020-05-11 09:34:28.600,3860.0000,21421,0,620760360.000,0,-,-,-,-,3859.2000,3859.0000,3858.8000,3858.0000,3857.2000,3859.8000,3860.0000,3861.0000,3862.6000,3863.0000,1,3,1,1,2,1,2,2,1,1
SF,IF2009,2020-05-11 09:34:29.100,3860.0000,21421,0,620760360.000,0,-,-,-,-,3858.8000,3858.0000,3857.2000,3856.8000,3856.0000,3859.8000,3860.0000,3861.0000,3862.6000,3863.0000,1,1,2,1,1,1,2,2,1,1
SF,IF2009,2020-05-11 09:34:31.600,3858.8000,21421,0,621918000.000,1,0,1,多换,S,3858.0000,3857.2000,3856.8000,3856.0000,3855.0000,3859.8000,3860.0000,3861.0000,3862.6000,3863.0000,1,2,1,1,6,1,2,2,1,1
