市场代码,合约代码,时间,最新,持仓,增仓,成交额,成交量,开仓,平仓,成交类型,方向,买一价,买二价,买三价,买四价,买五价,卖一价,卖二价,卖三价,卖四价,卖五价,买一量,买二量,买三量,买四量,买五量,卖一量,卖二量,卖三量,卖四量,卖五量
SF,IF2009,2020-05-29 09:29:00.000,3701.4000,28496,0,8883360.000,8.000,-,-,-,-,3700.4000,3700.2000,3700.0000,3698.0000,3695.8000,3701.4000,3703.0000,3703.8000,3709.4000,3711.4000,2,1,63,1,1,2,1,1,1,1
SF,IF2009,2020-05-29 09:30:00.500,3709.4000,28487,-9,25547700.000,15,3,12,多平,S,3700.2000,3700.0000,3698.0000,3696.0000,3695.8000,3709.4000,3718.0000,3719.0000,3724.0000,3724.4000,1,63,1,1,1,3,6,1,1,1
SF,IF2009,2020-05-29 09:30:01.000,3700.4000,28485,-2,31098120.000,5,1,4,多平,S,3700.0000,3698.0000,3696.0000,3695.8000,3695.0000,3700.4000,3701.6000,3702.0000,3702.2000,3702.4000,62,1,1,1,2,1,2,1,2,1
SF,IF2009,2020-05-29 09:30:01.500,3700.4000,28480,-5,37761900.000,6,0,6,多平,S,3700.0000,3698.0000,3696.0000,3695.8000,3695.0000,3702.6000,3703.0000,3703.2000,3704.4000,3706.2000,62,1,1,1,2,1,1,1,1,1
SF,IF2009,2020-05-29 09:30:02.000,3700.2000,28476,-4,43313640.000,5,0,5,多平,S,3700.2000,3700.0000,3698.8000,3698.0000,3696.0000,3701.8000,3702.2000,3702.4000,3702.6000,3703.0000,1,62,1,1,1,1,1,9,1,1
SF,IF2009,2020-05-29 09:30:02.500,3700.4000,28472,-4,47754540.000,4,0,4,双平,S,3700.4000,3700.2000,3700.0000,3698.8000,3698.0000,3701.6000,3702.2000,3702.4000,3703.0000,3703.2000,1,3,62,1,1,1,1,4,1,1
SF,IF2009,2020-05-29 09:30:03.000,3701.4000,28471,-1,49975440.000,2,0,2,多平,S,3700.4000,3700.0000,3698.8000,3698.0000,3696.0000,3702.4000,3703.2000,3704.4000,3705.6000,3706.2000,4,62,1,1,1,4,1,1,3,2
SF,IF2009,2020-05-29 09:30:03.500,3700.2000,28469,-2,59966820.000,9,3,6,多平,S,3700.0000,3698.8000,3698.0000,3696.0000,3695.0000,3700.2000,3702.2000,3702.4000,3703.2000,3704.4000,62,1,1,1,2,5,2,3,1,1
SF,IF2009,2020-05-29 09:30:04.000,3700.2000,28470,1,66627180.000,6,3,3,空开,S,3700.0000,3698.8000,3698.0000,3696.0000,3695.0000,3700.4000,3702.2000,3702.4000,3702.6000,3703.2000,62,1,1,1,2,1,2,3,1,1
SF,IF2009,2020-05-29 09:30:04.500,3700.4000,28469,-1,68847420.000,2,0,2,多平,S,3700.0000,3698.8000,3698.0000,3696.0000,3695.0000,3702.2000,3703.2000,3704.4000,3705.6000,3706.2000,62,1,1,1,7,1,1,1,3,2
SF,IF2009,2020-05-29 09:30:05.000,3700.4000,28469,0,69957540.000,1,0,1,多换,S,3700.2000,3700.0000,3698.8000,3698.4000,3698.0000,3700.4000,3702.0000,3702.2000,3703.2000,3704.4000,1,62,1,1,1,2,1,1,1,1
SF,IF2009,2020-05-29 09:30:05.500,3700.4000,28467,-2,75508140.000,5,1,4,多平,S,3700.4000,3700.2000,3700.0000,3698.8000,3698.4000,3702.0000,3702.2000,3704.4000,3705.6000,3706.2000,4,1,63,1,1,1,1,1,3,2
SF,IF2009,2020-05-29 09:30:06.000,3702.0000,28467,0,76618740.000,1,0,1,多换,S,3700.4000,3700.2000,3700.0000,3698.8000,3698.4000,3702.0000,3702.2000,3704.4000,3705.6000,3706.2000,3,1,61,1,1,1,1,1,3,2
SF,IF2009,2020-05-29 09:30:06.500,3702.0000,28466,-1,77729340.000,1,0,1,双平,S,3700.6000,3700.4000,3700.2000,3700.0000,3698.8000,3702.0000,3702.2000,3704.4000,3705.6000,3706.2000,2,4,1,61,1,2,1,1,3,2
SF,IF2009,2020-05-29 09:30:07.000,3702.0000,28466,0,77729340.000,0,-,-,-,-,3700.6000,3700.4000,3700.2000,3700.0000,3698.8000,3701.8000,3702.0000,3702.2000,3704.4000,3705.6000,3,3,2,61,1,1,2,1,1,3
SF,IF2009,2020-05-29 09:30:07.500,3700.4000,28460,-6,85500840.000,7,0,7,多平,S,3701.8000,3700.4000,3700.2000,3700.0000,3698.8000,3702.0000,3702.2000,3704.4000,3705.6000,3706.2000,1,1,3,61,1,1,1,1,1,2
SF,IF2009,2020-05-29 09:30:08.000,3701.8000,28460,0,87721920.000,2,1,1,多换,S,3700.4000,3700.2000,3700.0000,3698.8000,3698.4000,3701.8000,3702.0000,3704.4000,3705.6000,3706.2000,1,3,61,1,1,1,1,1,1,2
SF,IF2009,2020-05-29 09:30:08.500,3701.8000,28460,0,87721920.000,0,-,-,-,-,3700.6000,3700.4000,3700.2000,3700.0000,3698.8000,3704.4000,3705.6000,3706.2000,3706.8000,3707.4000,2,1,3,61,1,1,1,2,3,3
SF,IF2009,2020-05-29 09:30:09.000,3701.8000,28459,-1,88832460.000,1,0,1,双平,S,3701.8000,3700.6000,3700.4000,3700.2000,3700.0000,3702.2000,3703.2000,3703.4000,3703.6000,3703.8000,1,2,1,3,61,1,1,2,1,1
SF,IF2009,2020-05-29 09:30:09.500,3703.4000,28458,-1,91054020.000,2,0,2,多平,S,3701.2000,3701.0000,3700.6000,3700.4000,3700.2000,3704.2000,3704.4000,3705.6000,3706.2000,3706.8000,1,1,3,1,3,16,4,1,2,3
SF,IF2009,2020-05-29 09:30:10.000,3703.4000,28458,0,91054020.000,0,-,-,-,-,3701.4000,3701.2000,3701.0000,3700.6000,3700.4000,3702.8000,3703.2000,3703.4000,3703.6000,3704.0000,1,1,1,2,1,2,2,1,1,5
SF,IF2009,2020-05-29 09:30:10.500,3701.8000,28458,0,92164560.000,1,0,1,多换,S,3701.2000,3700.6000,3700.4000,3700.2000,3700.0000,3702.6000,3703.2000,3703.4000,3703.6000,3703.8000,1,1,2,2,61,2,2,1,1,2
SF,IF2009,2020-05-29 09:30:11.000,3701.2000,28455,-3,95496120.000,3,0,3,双平,S,3700.6000,3700.4000,3700.2000,3700.0000,3698.8000,3702.4000,3702.6000,3703.2000,3703.4000,3703.8000,1,2,2,61,1,1,2,2,1,2
SF,IF2009,2020-05-29 09:30:11.500,3701.2000,28455,0,95496120.000,0,-,-,-,-,3700.8000,3700.6000,3700.4000,3700.2000,3700.0000,3702.0000,3702.2000,3702.4000,3703.2000,3703.4000,1,1,3,2,61,1,1,3,2,1
SF,IF2009,2020-05-29 09:30:12.000,3701.2000,28455,0,95496120.000,0,-,-,-,-,3700.8000,3700.6000,3700.4000,3700.2000,3700.0000,3702.0000,3702.2000,3702.4000,3703.2000,3703.4000,1,1,3,2,62,3,1,1,2,1
SF,IF2009,2020-05-29 09:30:12.500,3702.4000,28455,0,97717380.000,2,1,1,多换,S,3700.6000,3700.4000,3700.2000,3700.0000,3698.8000,3703.2000,3703.4000,3703.8000,3704.2000,3704.4000,1,4,2,62,1,2,1,2,15,1
SF,IF2009,2020-05-29 09:30:13.000,3702.4000,28455,0,97717380.000,0,-,-,-,-,3701.6000,3700.8000,3700.4000,3700.2000,3700.0000,3703.0000,3703.2000,3703.4000,3703.8000,3704.2000,1,2,4,2,62,8,1,1,2,14
SF,IF2009,2020-05-29 09:30:13.500,3702.4000,28455,0,97717380.000,0,-,-,-,-,3701.8000,3701.6000,3700.8000,3700.4000,3700.2000,3702.0000,3702.4000,3702.8000,3703.0000,3703.8000,1,1,1,4,2,1,1,1,4,2
SF,IF2009,2020-05-29 09:30:14.000,3702.2000,28454,-1,98828040.000,1,0,1,双平,S,3701.8000,3701.6000,3700.8000,3700.4000,3700.2000,3702.4000,3703.0000,3703.8000,3704.2000,3704.4000,1,1,1,4,3,1,4,2,14,1
SF,IF2009,2020-05-29 09:30:14.500,3701.8000,28453,-1,99938580.000,1,0,1,双平,S,3702.2000,3700.8000,3700.4000,3700.2000,3700.0000,3702.4000,3703.0000,3703.8000,3704.2000,3704.4000,1,1,4,3,62,2,1,2,14,1
SF,IF2009,2020-05-29 09:30:15.000,3701.8000,28453,0,101049120.000,1,0,1,多换,S,3700.8000,3700.6000,3700.4000,3700.2000,3700.0000,3701.8000,3702.4000,3703.8000,3704.2000,3704.4000,1,1,4,3,62,6,3,2,14,1
SF,IF2009,2020-05-29 09:30:15.500,3701.8000,28453,0,101049120.000,0,-,-,-,-,3700.8000,3700.6000,3700.4000,3700.2000,3700.0000,3701.6000,3701.8000,3702.4000,3703.8000,3704.2000,1,1,3,3,62,1,6,1,2,14
SF,IF2009,2020-05-29 09:30:16.000,3701.6000,28452,-1,103270140.000,2,0,2,多平,S,3700.8000,3700.6000,3700.4000,3700.2000,3700.0000,3701.6000,3701.8000,3703.8000,3704.2000,3704.4000,1,2,3,3,62,1,6,2,14,1
SF,IF2009,2020-05-29 09:30:16.500,3701.6000,28451,-1,104380620.000,1,0,1,双平,S,3700.8000,3700.6000,3700.4000,3700.2000,3700.0000,3701.8000,3703.8000,3704.2000,3704.4000,3705.6000,1,2,3,3,62,6,2,14,1,1
SF,IF2009,2020-05-29 09:30:17.000,3701.6000,28451,0,104380620.000,0,-,-,-,-,3701.6000,3701.0000,3700.8000,3700.6000,3700.4000,3701.8000,3703.8000,3704.2000,3704.4000,3705.6000,2,1,1,2,3,6,2,14,1,1
SF,IF2009,2020-05-29 09:30:17.500,3701.6000,28451,0,104380620.000,0,-,-,-,-,3701.6000,3701.0000,3700.8000,3700.6000,3700.4000,3701.8000,3703.0000,3703.8000,3704.2000,3704.4000,2,1,1,2,3,6,1,2,14,1
SF,IF2009,2020-05-29 09:30:18.000,3701.8000,28454,3,111043860.000,6,4,2,空开,S,3701.8000,3701.6000,3701.0000,3700.8000,3700.6000,3702.2000,3703.8000,3704.2000,3704.4000,3705.6000,1,2,1,1,2,7,2,14,1,1
SF,IF2009,2020-05-29 09:30:18.500,3701.6000,28454,0,113264880.000,2,1,1,多换,S,3701.6000,3701.0000,3700.8000,3700.6000,3700.4000,3702.2000,3703.8000,3704.2000,3704.4000,3705.6000,1,2,1,2,3,7,2,14,1,1
SF,IF2009,2020-05-29 09:30:19.000,3701.6000,28454,0,115485840.000,2,1,1,多换,S,3701.8000,3701.6000,3701.0000,3700.8000,3700.6000,3702.2000,3703.8000,3704.2000,3704.4000,3705.6000,2,1,2,1,2,7,2,14,1,1
SF,IF2009,2020-05-29 09:30:19.500,3701.4000,28451,-3,122148300.000,6,1,5,多平,S,3700.6000,3700.4000,3700.2000,3700.0000,3699.8000,3702.0000,3702.2000,3703.8000,3704.2000,3704.4000,2,3,3,62,1,5,7,2,14,1
SF,IF2009,2020-05-29 09:30:20.000,3702.0000,28449,-2,125480100.000,3,0,3,多平,S,3700.8000,3700.6000,3700.4000,3700.2000,3700.0000,3702.2000,3703.8000,3704.2000,3704.4000,3705.6000,4,2,3,3,62,7,2,14,1,1
SF,IF2009,2020-05-29 09:30:20.500,3702.2000,28442,-7,133254720.000,7,0,7,双平,S,3700.8000,3700.6000,3700.4000,3700.2000,3700.0000,3703.8000,3704.2000,3704.4000,3705.6000,3706.2000,3,1,3,3,62,2,14,1,1,2
SF,IF2009,2020-05-29 09:30:21.000,3701.0000,28441,-1,134365020.000,1,0,1,双平,S,3700.8000,3700.6000,3700.4000,3700.2000,3700.0000,3701.6000,3702.6000,3703.2000,3703.4000,3703.6000,1,1,3,3,62,1,2,1,1,10
SF,IF2009,2020-05-29 09:30:21.500,3701.6000,28441,0,135475500.000,1,0,1,多换,S,3701.0000,3700.8000,3700.6000,3700.4000,3700.2000,3703.2000,3703.4000,3703.6000,3703.8000,3704.2000,1,1,1,3,3,1,1,9,2,13
SF,IF2009,2020-05-29 09:30:22.000,3701.6000,28441,0,135475500.000,0,-,-,-,-,3701.2000,3700.6000,3700.4000,3700.2000,3700.0000,3702.6000,3703.0000,3703.2000,3703.4000,3703.6000,1,1,3,3,62,2,5,2,1,7
SF,IF2009,2020-05-29 09:30:22.500,3701.6000,28441,0,135475500.000,0,-,-,-,-,3700.6000,3700.4000,3700.2000,3700.0000,3699.8000,3702.2000,3702.4000,3702.6000,3703.0000,3703.2000,1,3,3,62,1,1,6,3,5,1
SF,IF2009,2020-05-29 09:30:23.000,3700.8000,28437,-4,144360120.000,8,2,6,多平,S,3700.6000,3700.4000,3700.2000,3700.0000,3699.8000,3702.0000,3702.4000,3702.6000,3703.0000,3703.2000,1,3,3,62,1,1,2,3,5,1
SF,IF2009,2020-05-29 09:30:23.500,3700.8000,28437,0,144360120.000,0,-,-,-,-,3700.8000,3700.6000,3700.4000,3700.2000,3700.0000,3701.8000,3702.4000,3702.6000,3703.0000,3703.2000,1,1,3,3,62,3,1,3,5,1
SF,IF2009,2020-05-29 09:30:24.000,3700.8000,28437,0,144360120.000,0,-,-,-,-,3700.8000,3700.6000,3700.4000,3700.2000,3700.0000,3701.6000,3701.8000,3702.6000,3703.0000,3703.2000,1,1,3,3,62,1,3,3,5,1
SF,IF2009,2020-05-29 09:30:24.500,3700.8000,28437,0,144360120.000,0,-,-,-,-,3700.8000,3700.6000,3700.4000,3700.2000,3700.0000,3701.6000,3701.8000,3703.0000,3703.4000,3703.6000,1,1,3,3,62,1,2,2,1,5
SF,IF2009,2020-05-29 09:30:25.000,3700.8000,28437,0,145470360.000,1,0,1,多换,S,3700.6000,3700.4000,3700.2000,3700.0000,3699.8000,3701.6000,3701.8000,3703.0000,3703.4000,3703.6000,1,3,3,62,1,1,2,2,1,5
SF,IF2009,2020-05-29 09:30:25.500,3701.4000,28436,-1,146580780.000,1,0,1,双平,S,3701.2000,3700.8000,3700.6000,3700.4000,3700.2000,3701.8000,3703.0000,3703.4000,3703.6000,3703.8000,1,1,1,3,3,1,2,1,5,3
SF,IF2009,2020-05-29 09:30:26.000,3701.2000,28436,0,147691140.000,1,0,1,多换,S,3700.6000,3700.4000,3700.2000,3700.0000,3699.8000,3701.8000,3703.0000,3703.4000,3703.6000,3703.8000,1,3,3,62,1,1,1,1,5,3
SF,IF2009,2020-05-29 09:30:26.500,3701.2000,28436,0,147691140.000,0,-,-,-,-,3700.6000,3700.4000,3700.2000,3700.0000,3699.8000,3701.8000,3703.0000,3703.4000,3703.6000,3703.8000,1,3,3,62,1,4,1,1,5,3
SF,IF2009,2020-05-29 09:30:27.000,3701.2000,28436,0,147691140.000,0,-,-,-,-,3700.6000,3700.4000,3700.2000,3700.0000,3699.8000,3701.6000,3701.8000,3703.0000,3703.4000,3703.6000,4,3,3,62,1,2,3,1,1,5
SF,IF2009,2020-05-29 09:30:27.500,3700.8000,28435,-1,148801380.000,1,0,1,双平,S,3700.6000,3700.4000,3700.2000,3700.0000,3699.8000,3701.4000,3701.6000,3701.8000,3703.0000,3703.4000,4,3,3,62,1,1,1,2,1,1
SF,IF2009,2020-05-29 09:30:28.000,3700.6000,28436,1,153242100.000,4,2,2,空开,S,3700.4000,3700.2000,3700.0000,3699.8000,3698.4000,3700.6000,3701.2000,3701.4000,3701.6000,3701.8000,3,3,62,1,1,25,1,1,1,2
SF,IF2009,2020-05-29 09:30:28.500,3700.6000,28436,0,159903120.000,6,3,3,多换,S,3700.4000,3700.2000,3700.0000,3699.8000,3698.4000,3700.6000,3701.4000,3701.6000,3703.0000,3703.4000,2,3,62,1,1,20,1,1,1,1
SF,IF2009,2020-05-29 09:30:29.000,3700.6000,28436,0,159903120.000,0,-,-,-,-,3700.4000,3700.2000,3700.0000,3699.8000,3698.4000,3700.6000,3701.4000,3701.6000,3703.0000,3703.4000,2,2,62,1,1,20,1,1,1,1
SF,IF2009,2020-05-29 09:30:29.500,3700.6000,28436,0,163233600.000,3,1,2,多换,S,3700.4000,3700.2000,3700.0000,3699.8000,3698.4000,3700.6000,3701.4000,3701.6000,3703.0000,3703.4000,1,2,62,1,1,18,1,1,1,1
SF,IF2009,2020-05-29 09:30:30.000,3700.4000,28435,-1,165453840.000,2,0,2,多平,S,3700.2000,3700.0000,3699.8000,3698.4000,3698.0000,3700.6000,3701.4000,3701.6000,3703.0000,3703.4000,2,62,1,1,3,18,1,1,1,1
SF,IF2009,2020-05-29 09:30:30.500,3700.4000,28435,0,165453840.000,0,-,-,-,-,3700.2000,3700.0000,3699.8000,3698.4000,3698.0000,3700.6000,3701.4000,3701.6000,3703.0000,3703.4000,2,62,1,1,3,18,1,1,1,1
SF,IF2009,2020-05-29 09:30:31.000,3700.2000,28434,-1,167673960.000,2,0,2,多平,S,3700.0000,3699.8000,3698.4000,3698.0000,3696.0000,3700.4000,3700.6000,3701.4000,3701.6000,3703.0000,62,1,1,3,1,1,18,1,1,1
SF,IF2009,2020-05-29 09:30:31.500,3700.2000,28434,0,167673960.000,0,-,-,-,-,3700.0000,3699.8000,3698.4000,3698.0000,3696.0000,3700.4000,3700.6000,3701.4000,3701.6000,3703.0000,62,1,1,3,1,1,18,1,1,1
SF,IF2009,2020-05-29 09:30:32.000,3700.6000,28434,0,169894260.000,2,1,1,多换,S,3700.2000,3700.0000,3698.4000,3698.0000,3696.0000,3700.6000,3701.4000,3701.6000,3703.0000,3703.4000,2,63,1,3,1,17,1,1,1,1
SF,IF2009,2020-05-29 09:30:32.500,3700.6000,28434,0,171004440.000,1,0,1,多换,S,3700.0000,3698.4000,3698.0000,3696.0000,3695.2000,3700.6000,3701.4000,3703.0000,3703.4000,3703.6000,63,1,3,1,1,16,1,1,1,5
SF,IF2009,2020-05-29 09:30:35.000,3700.6000,28434,0,171004440.000,0,-,-,-,-,3700.0000,3698.4000,3698.0000,3696.0000,3695.2000,3700.6000,3701.4000,3703.0000,3703.4000,3703.6000,62,1,3,1,1,16,1,1,1,5
SF,IF2009,2020-05-29 09:30:35.500,3700.0000,28440,6,178774500.000,7,6,1,空开,S,3700.0000,3698.4000,3698.0000,3696.0000,3695.2000,3700.4000,3700.6000,3703.0000,3703.4000,3703.6000,56,1,3,1,1,1,16,1,1,5
SF,IF2009,2020-05-29 09:30:36.000,3700.2000,28439,-1,184324560.000,5,2,3,多平,S,3700.0000,3698.4000,3698.0000,3696.0000,3695.2000,3700.4000,3700.6000,3703.0000,3703.4000,3703.6000,52,1,3,1,1,1,16,1,1,5
SF,IF2009,2020-05-29 09:30:36.500,3700.0000,28439,0,208744560.000,22,11,11,多换,S,3700.0000,3698.4000,3698.0000,3696.0000,3695.2000,3700.4000,3700.6000,3703.0000,3703.4000,3703.6000,30,1,3,1,1,1,16,1,1,5
SF,IF2009,2020-05-29 09:30:37.000,3700.0000,28439,0,240934560.000,29,14,15,多换,S,3700.0000,3698.4000,3698.0000,3696.0000,3695.2000,3700.2000,3700.4000,3700.6000,3703.0000,3703.4000,1,1,3,1,1,2,2,16,1,1
SF,IF2009,2020-05-29 09:30:37.500,3700.0000,28436,-3,245374560.000,4,0,4,多平,S,3698.4000,3698.0000,3696.0000,3695.2000,3695.0000,3699.8000,3700.0000,3700.2000,3700.4000,3700.6000,1,3,1,1,1,4,15,4,2,16
SF,IF2009,2020-05-29 09:30:38.000,3700.0000,28436,0,246484560.000,1,0,1,多换,S,3698.4000,3698.0000,3696.0000,3695.2000,3695.0000,3699.6000,3699.8000,3700.0000,3700.4000,3700.6000,1,3,1,1,1,9,4,13,2,16
SF,IF2009,2020-05-29 09:30:38.500,3699.2000,28435,-1,248703840.000,2,0,2,多平,S,3698.0000,3696.0000,3695.2000,3695.0000,3694.0000,3699.2000,3699.4000,3699.6000,3699.8000,3700.0000,3,1,1,1,1,4,4,7,4,12
SF,IF2009,2020-05-29 09:30:39.000,3698.0000,28434,-1,249813240.000,1,0,1,双平,S,3698.0000,3696.0000,3695.2000,3695.0000,3694.0000,3699.0000,3699.4000,3699.6000,3699.8000,3700.0000,2,1,1,1,1,2,3,6,4,18
SF,IF2009,2020-05-29 09:30:39.500,3698.0000,28434,0,249813240.000,0,-,-,-,-,3698.0000,3696.0000,3695.2000,3695.0000,3694.0000,3698.6000,3698.8000,3699.0000,3699.6000,3699.8000,2,1,1,1,1,4,4,4,6,4
SF,IF2009,2020-05-29 09:30:40.000,3698.0000,28434,0,249813240.000,0,-,-,-,-,3698.0000,3696.0000,3695.2000,3695.0000,3694.0000,3698.4000,3698.6000,3698.8000,3699.0000,3699.6000,2,1,1,1,1,1,1,2,1,6
SF,IF2009,2020-05-29 09:30:40.500,3698.0000,28433,-1,250922640.000,1,0,1,双平,S,3698.0000,3696.0000,3695.2000,3695.0000,3694.0000,3698.2000,3698.8000,3699.0000,3699.6000,3700.0000,1,1,1,1,1,1,2,1,2,19
SF,IF2009,2020-05-29 09:30:41.000,3698.0000,28432,-1,252032040.000,1,0,1,双平,S,3696.0000,3695.2000,3695.0000,3694.0000,3693.4000,3698.2000,3698.8000,3699.0000,3699.6000,3700.0000,1,1,1,1,2,1,1,1,2,19
SF,IF2009,2020-05-29 09:30:41.500,3698.0000,28432,0,252032040.000,0,-,-,-,-,3696.2000,3696.0000,3695.8000,3695.2000,3695.0000,3698.0000,3698.8000,3699.0000,3699.6000,3700.0000,2,2,2,1,1,3,1,1,2,19
SF,IF2009,2020-05-29 09:30:42.000,3698.0000,28432,0,252032040.000,0,-,-,-,-,3696.4000,3696.2000,3696.0000,3695.8000,3695.2000,3697.8000,3698.0000,3698.8000,3699.0000,3699.6000,2,2,2,2,1,1,6,1,1,2
SF,IF2009,2020-05-29 09:30:42.500,3696.4000,28432,0,254249940.000,2,1,1,多换,S,3696.2000,3696.0000,3695.8000,3695.2000,3695.0000,3696.4000,3697.8000,3698.0000,3698.8000,3699.0000,1,2,2,1,1,1,2,6,1,1
SF,IF2009,2020-05-29 09:30:43.000,3696.4000,28432,0,255358860.000,1,0,1,多换,S,3696.8000,3696.6000,3696.2000,3696.0000,3695.8000,3697.8000,3698.0000,3698.8000,3699.0000,3699.6000,1,1,2,2,2,1,6,1,1,2
SF,IF2009,2020-05-29 09:30:43.500,3696.2000,28430,-2,257576640.000,2,0,2,双平,S,3696.0000,3695.8000,3695.2000,3695.0000,3694.0000,3696.2000,3697.6000,3697.8000,3698.0000,3698.8000,2,2,1,1,1,2,2,2,4,1
SF,IF2009,2020-05-29 09:30:44.000,3696.2000,28428,-2,259794360.000,2,0,2,双平,S,3696.6000,3696.4000,3696.0000,3695.8000,3695.2000,3696.8000,3697.6000,3697.8000,3698.0000,3698.8000,1,1,3,2,1,1,1,2,3,1
SF,IF2009,2020-05-29 09:30:44.500,3696.8000,28427,-1,260903400.000,1,0,1,双平,S,3697.0000,3696.6000,3696.0000,3695.8000,3695.2000,3697.6000,3697.8000,3698.0000,3698.8000,3699.0000,1,2,2,2,1,1,1,3,1,1
SF,IF2009,2020-05-29 09:30:45.000,3697.0000,28425,-2,264231000.000,3,0,3,多平,S,3696.2000,3696.0000,3695.8000,3695.2000,3695.0000,3696.4000,3698.0000,3698.8000,3699.0000,3699.6000,1,2,2,1,1,2,3,1,1,2
SF,IF2009,2020-05-29 09:30:45.500,3696.4000,28425,0,266448840.000,2,1,1,多换,S,3696.6000,3696.2000,3696.0000,3695.8000,3695.2000,3698.0000,3698.8000,3699.0000,3699.6000,3700.0000,1,1,2,2,1,3,1,1,2,17
SF,IF2009,2020-05-29 09:30:46.000,3696.4000,28425,0,266448840.000,0,-,-,-,-,3696.2000,3696.0000,3695.8000,3695.2000,3695.0000,3697.0000,3697.8000,3698.0000,3698.8000,3699.0000,1,2,2,1,1,1,2,3,1,1
SF,IF2009,2020-05-29 09:30:46.500,3696.4000,28425,0,268666860.000,2,1,1,多换,S,3696.2000,3696.0000,3695.8000,3695.2000,3695.0000,3696.4000,3697.8000,3698.0000,3698.8000,3699.0000,3,2,2,1,1,3,2,3,1,1
SF,IF2009,2020-05-29 09:30:47.000,3696.2000,28422,-3,275320200.000,6,1,5,多平,S,3696.0000,3695.8000,3695.2000,3695.0000,3694.0000,3696.2000,3697.8000,3698.0000,3698.8000,3699.0000,2,2,1,1,1,4,1,3,1,1
SF,IF2009,2020-05-29 09:30:47.500,3696.2000,28420,-2,280864440.000,5,1,4,多平,S,3696.4000,3695.8000,3695.2000,3695.0000,3694.0000,3697.8000,3698.0000,3698.8000,3699.0000,3699.6000,1,1,1,1,1,1,3,1,1,1
SF,IF2009,2020-05-29 09:30:48.000,3696.2000,28420,0,280864440.000,0,-,-,-,-,3696.4000,3695.8000,3695.2000,3695.0000,3694.0000,3697.6000,3697.8000,3698.0000,3698.8000,3699.0000,1,1,1,1,1,2,1,3,1,1
SF,IF2009,2020-05-29 09:30:48.500,3696.2000,28420,0,280864440.000,0,-,-,-,-,3696.4000,3695.8000,3695.2000,3695.0000,3694.0000,3697.4000,3697.6000,3698.0000,3698.8000,3699.0000,1,1,1,1,1,1,2,3,1,1
SF,IF2009,2020-05-29 09:30:49.000,3696.4000,28420,0,281973360.000,1,0,1,多换,S,3696.6000,3696.4000,3695.8000,3695.2000,3695.0000,3697.4000,3697.6000,3698.0000,3698.8000,3699.0000,1,1,1,1,1,3,1,3,1,1
SF,IF2009,2020-05-29 09:30:49.500,3696.4000,28420,0,281973360.000,0,-,-,-,-,3696.4000,3695.8000,3695.2000,3695.0000,3694.0000,3696.6000,3697.2000,3697.4000,3697.6000,3698.0000,1,1,1,1,1,2,2,1,1,3
SF,IF2009,2020-05-29 09:30:50.000,3696.6000,28419,-1,285300240.000,3,1,2,多平,S,3695.8000,3695.2000,3695.0000,3694.0000,3693.4000,3696.6000,3697.2000,3697.4000,3698.0000,3698.8000,1,1,1,1,2,1,2,1,3,1
SF,IF2009,2020-05-29 09:30:50.500,3696.6000,28419,0,285300240.000,0,-,-,-,-,3696.0000,3695.8000,3695.2000,3695.0000,3694.0000,3696.6000,3697.4000,3698.0000,3698.8000,3699.0000,1,5,1,1,1,3,1,3,1,1
SF,IF2009,2020-05-29 09:30:51.000,3696.6000,28419,0,285300240.000,0,-,-,-,-,3696.2000,3696.0000,3695.8000,3695.2000,3695.0000,3696.6000,3697.4000,3698.0000,3698.8000,3699.0000,2,2,4,1,1,3,1,3,1,1
SF,IF2009,2020-05-29 09:30:51.500,3696.6000,28417,-2,288627180.000,3,0,3,多平,S,3696.4000,3696.2000,3696.0000,3695.8000,3695.2000,3698.0000,3698.8000,3699.0000,3699.6000,3700.0000,2,2,1,4,1,3,1,1,1,16
SF,IF2009,2020-05-29 09:30:52.000,3696.6000,28417,0,288627180.000,0,-,-,-,-,3696.6000,3696.2000,3696.0000,3695.8000,3695.2000,3697.8000,3698.0000,3698.8000,3699.0000,3699.6000,4,1,1,4,1,1,3,1,1,1
SF,IF2009,2020-05-29 09:30:52.500,3695.0000,28419,2,298605840.000,9,5,4,空开,S,3694.0000,3693.4000,3692.0000,3691.6000,3690.0000,3696.2000,3697.6000,3697.8000,3698.0000,3698.2000,1,2,1,1,7,1,1,3,3,1
SF,IF2009,2020-05-29 09:30:53.000,3696.2000,28418,-1,300823500.000,2,0,2,多平,S,3696.6000,3695.8000,3695.2000,3694.4000,3694.2000,3697.8000,3698.0000,3698.8000,3699.0000,3699.6000,1,1,2,5,5,1,3,1,1,1
SF,IF2009,2020-05-29 09:30:53.500,3696.4000,28417,-1,301932420.000,1,0,1,双平,S,3696.8000,3694.4000,3694.2000,3694.0000,3693.8000,3697.6000,3697.8000,3698.0000,3698.8000,3699.0000,1,3,5,2,1,2,2,3,1,1
SF,IF2009,2020-05-29 09:30:54.000,3696.6000,28416,-1,303041400.000,1,0,1,双平,S,3695.2000,3694.4000,3694.2000,3694.0000,3693.8000,3696.8000,3697.4000,3697.6000,3697.8000,3698.0000,1,3,5,2,1,2,3,2,1,3
SF,IF2009,2020-05-29 09:30:54.500,3696.6000,28416,0,303041400.000,0,-,-,-,-,3695.4000,3695.2000,3694.4000,3694.2000,3694.0000,3696.6000,3696.8000,3697.6000,3698.0000,3698.8000,2,1,3,4,2,2,2,1,3,1
SF,IF2009,2020-05-29 09:30:55.000,3696.6000,28416,0,303041400.000,0,-,-,-,-,3695.4000,3695.2000,3694.4000,3694.2000,3694.0000,3696.4000,3696.6000,3696.8000,3698.0000,3698.8000,2,1,3,4,2,2,2,2,3,1
SF,IF2009,2020-05-29 09:30:55.500,3696.6000,28416,0,303041400.000,0,-,-,-,-,3695.4000,3694.4000,3694.2000,3694.0000,3693.8000,3696.2000,3696.4000,3696.6000,3696.8000,3698.0000,2,3,4,2,1,1,2,2,2,3
SF,IF2009,2020-05-29 09:30:56.000,3695.4000,28416,0,306367260.000,3,1,2,多换,S,3694.4000,3694.2000,3694.0000,3693.8000,3693.4000,3695.4000,3696.2000,3696.4000,3696.6000,3696.8000,3,4,2,1,2,1,2,1,2,2
SF,IF2009,2020-05-29 09:30:56.500,3695.4000,28416,0,306367260.000,0,-,-,-,-,3695.2000,3694.6000,3694.4000,3694.2000,3694.0000,3695.4000,3696.2000,3696.6000,3696.8000,3698.0000,1,4,3,4,2,2,1,2,2,3
SF,IF2009,2020-05-29 09:30:57.000,3695.4000,28414,-2,309693120.000,3,0,3,多平,S,3694.6000,3694.4000,3694.2000,3694.0000,3693.8000,3695.4000,3696.2000,3696.6000,3696.8000,3698.0000,3,3,3,2,1,1,1,2,2,3
SF,IF2009,2020-05-29 09:30:57.500,3695.4000,28414,0,310801740.000,1,0,1,多换,S,3694.8000,3694.6000,3694.4000,3694.2000,3694.0000,3696.6000,3696.8000,3698.0000,3698.8000,3699.0000,2,3,3,3,2,2,2,3,1,1
SF,IF2009,2020-05-29 09:30:58.000,3695.4000,28414,0,310801740.000,0,-,-,-,-,3695.0000,3694.8000,3694.6000,3694.4000,3694.2000,3696.4000,3696.6000,3696.8000,3698.0000,3698.8000,1,1,3,3,3,2,2,2,3,1
SF,IF2009,2020-05-29 09:30:58.500,3695.4000,28414,0,310801740.000,0,-,-,-,-,3695.2000,3695.0000,3694.6000,3694.4000,3694.2000,3696.2000,3696.4000,3696.6000,3696.8000,3698.0000,1,1,3,3,3,1,2,1,2,3
SF,IF2009,2020-05-29 09:30:59.000,3695.2000,28414,0,313018860.000,2,1,1,多换,S,3694.6000,3694.4000,3694.2000,3694.0000,3693.8000,3694.8000,3696.2000,3696.4000,3696.6000,3696.8000,3,3,3,2,1,4,1,1,1,2
SF,IF2009,2020-05-29 09:30:59.500,3694.8000,28414,0,318561060.000,5,2,3,多换,S,3695.2000,3695.0000,3694.8000,3694.6000,3694.4000,3696.2000,3696.6000,3698.0000,3698.8000,3699.0000,1,1,3,3,3,1,1,1,1,1
SF,IF2009,2020-05-29 09:31:00.000,3696.2000,28413,-1,319669920.000,1,0,1,双平,S,3695.2000,3695.0000,3694.8000,3694.6000,3694.4000,3696.6000,3698.0000,3698.8000,3699.0000,3699.6000,2,1,4,3,3,1,1,1,1,1
SF,IF2009,2020-05-29 09:31:00.500,3695.4000,28413,0,320778540.000,1,0,1,多换,S,3695.4000,3695.2000,3695.0000,3694.8000,3694.6000,3696.4000,3696.6000,3698.0000,3698.8000,3699.0000,2,2,1,4,3,1,1,1,1,1
SF,IF2009,2020-05-29 09:31:01.000,3695.2000,28411,-2,322995720.000,2,0,2,双平,S,3695.0000,3694.8000,3694.6000,3694.4000,3694.2000,3696.2000,3696.4000,3696.6000,3698.0000,3698.8000,1,4,3,2,3,2,2,1,1,1
SF,IF2009,2020-05-29 09:31:01.500,3695.2000,28411,0,322995720.000,0,-,-,-,-,3695.0000,3694.8000,3694.6000,3694.4000,3694.2000,3696.0000,3696.2000,3696.6000,3698.0000,3698.8000,2,1,3,2,3,1,2,1,1,1
SF,IF2009,2020-05-29 09:31:02.000,3695.2000,28410,-1,324104280.000,1,0,1,双平,S,3695.0000,3694.8000,3694.6000,3694.4000,3694.2000,3696.0000,3696.2000,3696.6000,3698.0000,3698.8000,2,1,3,2,3,1,1,1,1,1
SF,IF2009,2020-05-29 09:31:02.500,3695.2000,28410,0,324104280.000,0,-,-,-,-,3695.2000,3695.0000,3694.8000,3694.6000,3694.4000,3695.8000,3696.0000,3696.6000,3698.0000,3698.8000,1,1,1,3,2,1,2,1,1,1
SF,IF2009,2020-05-29 09:31:03.000,3695.0000,28412,2,329647260.000,5,3,2,空开,S,3694.6000,3694.4000,3694.2000,3694.0000,3693.8000,3695.0000,3695.6000,3696.0000,3696.6000,3698.0000,3,2,2,2,1,2,1,1,1,1
SF,IF2009,2020-05-29 09:31:03.500,3695.0000,28412,0,332972760.000,3,1,2,多换,S,3695.4000,3695.0000,3694.8000,3694.4000,3694.2000,3696.0000,3696.6000,3698.0000,3698.8000,3699.0000,2,7,1,2,2,1,1,1,1,1
SF,IF2009,2020-05-29 09:31:04.000,3695.8000,28410,-2,337407480.000,4,1,3,多平,S,3695.0000,3694.8000,3694.4000,3694.2000,3694.0000,3695.8000,3696.0000,3696.6000,3698.0000,3698.8000,4,1,2,2,2,2,1,1,1,1
SF,IF2009,2020-05-29 09:31:04.500,3695.8000,28409,-1,338516220.000,1,0,1,双平,S,3695.0000,3694.8000,3694.4000,3694.2000,3694.0000,3695.8000,3696.6000,3698.0000,3698.8000,3699.0000,4,1,2,2,2,2,1,1,1,1
SF,IF2009,2020-05-29 09:31:05.000,3695.8000,28409,0,338516220.000,0,-,-,-,-,3695.2000,3695.0000,3694.4000,3694.2000,3694.0000,3695.8000,3696.6000,3698.0000,3698.8000,3699.0000,2,4,2,2,2,1,1,1,1,1
SF,IF2009,2020-05-29 09:31:05.500,3695.8000,28409,0,338516220.000,0,-,-,-,-,3695.0000,3694.4000,3694.2000,3694.0000,3693.8000,3695.8000,3696.6000,3698.0000,3698.8000,3699.0000,4,2,2,2,1,2,1,1,1,1
SF,IF2009,2020-05-29 09:31:06.000,3695.8000,28409,0,338516220.000,0,-,-,-,-,3694.4000,3694.2000,3694.0000,3693.8000,3693.4000,3695.0000,3695.8000,3696.6000,3698.0000,3698.8000,2,2,3,1,2,1,2,1,1,1
SF,IF2009,2020-05-29 09:31:06.500,3694.8000,28409,0,345167160.000,6,3,3,多换,S,3694.8000,3694.6000,3694.4000,3694.2000,3694.0000,3695.8000,3696.6000,3698.0000,3698.8000,3699.0000,2,2,2,1,3,2,1,1,1,1
SF,IF2009,2020-05-29 09:31:07.000,3694.8000,28409,0,345167160.000,0,-,-,-,-,3694.6000,3694.4000,3694.2000,3694.0000,3693.8000,3695.6000,3695.8000,3696.6000,3698.0000,3698.8000,2,5,1,3,1,2,1,1,1,1
SF,IF2009,2020-05-29 09:31:07.500,3694.8000,28409,0,345167160.000,0,-,-,-,-,3695.0000,3694.8000,3694.6000,3694.4000,3694.2000,3695.6000,3696.6000,3698.0000,3698.8000,3699.0000,1,2,3,5,1,1,1,1,1,1
SF,IF2009,2020-05-29 09:31:08.000,3695.0000,28408,-1,346275660.000,1,0,1,双平,S,3694.8000,3694.6000,3694.4000,3694.2000,3694.0000,3695.6000,3696.6000,3698.0000,3698.8000,3699.0000,2,3,5,1,3,2,1,1,1,1
SF,IF2009,2020-05-29 09:31:08.500,3695.6000,28407,-1,347384340.000,1,0,1,双平,S,3695.0000,3694.6000,3694.4000,3694.2000,3694.0000,3696.6000,3698.0000,3698.8000,3699.0000,3699.6000,1,3,5,1,3,1,1,1,1,1
SF,IF2009,2020-05-29 09:31:09.000,3694.6000,28406,-1,348492720.000,1,0,1,双平,S,3694.6000,3694.4000,3694.2000,3694.0000,3693.8000,3696.4000,3696.6000,3698.0000,3698.8000,3699.0000,3,5,1,3,1,2,1,1,1,1
SF,IF2009,2020-05-29 09:31:09.500,3694.6000,28406,0,348492720.000,0,-,-,-,-,3694.8000,3694.6000,3694.4000,3694.2000,3694.0000,3695.8000,3696.4000,3696.6000,3698.0000,3698.8000,3,3,5,1,3,1,2,1,1,1
SF,IF2009,2020-05-29 09:31:10.000,3694.6000,28406,0,348492720.000,0,-,-,-,-,3695.0000,3694.6000,3694.4000,3694.2000,3694.0000,3695.6000,3695.8000,3696.6000,3698.0000,3698.8000,1,2,4,1,3,1,1,1,1,1
SF,IF2009,2020-05-29 09:31:10.500,3695.6000,28404,-2,350710080.000,2,0,2,双平,S,3695.2000,3694.6000,3694.4000,3694.2000,3694.0000,3695.6000,3695.8000,3696.6000,3698.0000,3698.8000,1,2,4,1,3,1,1,1,1,1
SF,IF2009,2020-05-29 09:31:11.000,3694.6000,28402,-2,352927020.000,2,0,2,双平,S,3694.6000,3694.4000,3694.2000,3694.0000,3693.8000,3695.2000,3695.6000,3695.8000,3696.6000,3698.0000,1,4,1,3,1,1,1,1,1,1
SF,IF2009,2020-05-29 09:31:12.000,3695.2000,28401,-1,354035580.000,1,0,1,双平,S,3694.8000,3694.6000,3694.4000,3694.2000,3694.0000,3695.6000,3695.8000,3698.0000,3698.8000,3699.0000,2,1,4,1,3,2,1,1,1,1
SF,IF2009,2020-05-29 09:31:12.500,3694.4000,28401,0,357360540.000,3,1,2,多换,S,3695.2000,3694.2000,3694.0000,3693.4000,3692.0000,3695.4000,3695.6000,3695.8000,3698.0000,3698.8000,1,1,3,2,1,2,2,1,1,1
SF,IF2009,2020-05-29 09:31:13.000,3695.2000,28400,-1,358469100.000,1,0,1,双平,S,3694.2000,3694.0000,3693.4000,3692.0000,3691.6000,3695.2000,3695.4000,3695.6000,3695.8000,3698.0000,1,3,2,1,1,1,1,1,1,1
SF,IF2009,2020-05-29 09:31:13.500,3695.2000,28400,0,358469100.000,0,-,-,-,-,3695.2000,3694.4000,3694.2000,3694.0000,3693.4000,3695.6000,3695.8000,3698.0000,3698.8000,3699.0000,1,2,1,3,2,1,1,1,1,1
SF,IF2009,2020-05-29 09:31:14.000,3695.2000,28400,0,359577660.000,1,0,1,多换,S,3694.0000,3693.4000,3692.0000,3691.6000,3690.2000,3695.6000,3695.8000,3698.0000,3698.8000,3699.0000,3,2,1,1,1,1,1,1,1,1
SF,IF2009,2020-05-29 09:31:14.500,3695.2000,28400,0,359577660.000,0,-,-,-,-,3694.2000,3694.0000,3693.4000,3692.0000,3691.6000,3695.4000,3695.6000,3695.8000,3698.0000,3698.8000,5,3,2,1,1,1,1,1,1,1
SF,IF2009,2020-05-29 09:31:15.000,3695.4000,28399,-1,360686280.000,1,0,1,双平,S,3694.2000,3694.0000,3693.4000,3692.0000,3691.6000,3695.6000,3695.8000,3698.0000,3698.8000,3699.0000,2,2,2,1,1,1,1,1,1,1
SF,IF2009,2020-05-29 09:31:15.500,3695.2000,28398,-1,361794840.000,1,0,1,双平,S,3695.0000,3694.2000,3694.0000,3693.4000,3692.0000,3695.6000,3698.0000,3698.8000,3699.0000,3699.6000,1,2,2,2,1,2,1,1,1,1
SF,IF2009,2020-05-29 09:31:16.000,3695.2000,28398,0,361794840.000,0,-,-,-,-,3695.0000,3694.4000,3694.2000,3694.0000,3693.4000,3695.4000,3695.6000,3698.0000,3698.8000,3699.0000,1,1,1,2,2,1,2,1,1,1
SF,IF2009,2020-05-29 09:31:16.500,3695.4000,28397,-1,362903460.000,1,0,1,双平,S,3695.0000,3694.4000,3694.2000,3694.0000,3693.4000,3695.6000,3698.0000,3698.8000,3699.0000,3699.6000,1,1,1,2,2,2,1,1,1,1
SF,IF2009,2020-05-29 09:31:17.000,3695.4000,28397,0,362903460.000,0,-,-,-,-,3695.2000,3695.0000,3694.4000,3694.0000,3693.4000,3695.6000,3698.0000,3698.8000,3699.0000,3699.6000,1,1,1,2,2,2,1,1,1,1
SF,IF2009,2020-05-29 09:31:17.500,3695.4000,28397,0,362903460.000,0,-,-,-,-,3695.2000,3695.0000,3694.4000,3694.0000,3693.4000,3695.6000,3698.0000,3698.8000,3699.0000,3699.6000,1,1,2,2,2,1,1,1,1,1
SF,IF2009,2020-05-29 09:31:18.000,3695.2000,28395,-2,365120640.000,2,0,2,双平,S,3694.4000,3694.0000,3693.4000,3692.0000,3691.6000,3695.6000,3698.0000,3698.8000,3699.0000,3699.6000,2,2,2,1,1,1,1,1,1,1
SF,IF2009,2020-05-29 09:31:18.500,3695.6000,28396,1,366229320.000,1,1,0,双开,S,3694.6000,3694.4000,3694.0000,3693.4000,3692.0000,3695.6000,3698.0000,3698.8000,3699.0000,3699.6000,1,2,2,2,1,2,1,1,1,1
SF,IF2009,2020-05-29 09:31:19.000,3695.6000,28396,0,366229320.000,0,-,-,-,-,3694.6000,3694.4000,3694.0000,3693.4000,3692.0000,3695.6000,3698.0000,3698.8000,3699.0000,3699.6000,1,1,2,2,1,1,1,1,1,1
SF,IF2009,2020-05-29 09:31:19.500,3695.6000,28396,0,366229320.000,0,-,-,-,-,3694.6000,3694.4000,3694.0000,3693.4000,3692.0000,3695.6000,3698.0000,3698.8000,3699.0000,3699.6000,1,1,2,3,1,1,1,1,1,1
SF,IF2009,2020-05-29 09:31:20.000,3695.6000,28396,0,366229320.000,0,-,-,-,-,3694.6000,3694.4000,3694.0000,3693.4000,3692.0000,3695.6000,3698.0000,3698.8000,3699.0000,3699.6000,1,1,2,3,1,2,1,1,1,1
SF,IF2009,2020-05-29 09:31:20.500,3695.6000,28396,0,366229320.000,0,-,-,-,-,3694.6000,3694.4000,3694.0000,3693.4000,3692.0000,3698.0000,3698.8000,3699.0000,3699.6000,3700.0000,1,1,2,3,1,1,1,1,1,9
SF,IF2009,2020-05-29 09:31:21.000,3694.6000,28396,0,367337700.000,1,0,1,多换,S,3694.8000,3694.4000,3694.0000,3693.4000,3692.0000,3696.0000,3696.8000,3697.4000,3697.8000,3698.0000,1,1,2,3,1,1,5,2,5,2
SF,IF2009,2020-05-29 09:31:21.500,3694.6000,28396,0,367337700.000,0,-,-,-,-,3695.0000,3694.8000,3694.4000,3694.0000,3693.4000,3695.8000,3697.8000,3698.0000,3699.0000,3699.6000,2,1,2,2,3,1,4,2,1,1
SF,IF2009,2020-05-29 09:31:22.000,3695.8000,28395,-1,368446440.000,1,0,1,双平,S,3695.2000,3695.0000,3694.4000,3694.0000,3693.4000,3697.8000,3698.0000,3699.0000,3699.6000,3700.0000,1,2,2,2,3,4,2,1,1,9
SF,IF2009,2020-05-29 09:31:22.500,3695.8000,28395,0,368446440.000,0,-,-,-,-,3695.4000,3695.2000,3695.0000,3694.8000,3694.4000,3697.6000,3698.0000,3699.0000,3699.6000,3700.0000,3,1,1,1,2,2,2,1,1,9
SF,IF2009,2020-05-29 09:31:23.000,3695.8000,28395,0,368446440.000,0,-,-,-,-,3695.6000,3695.4000,3695.0000,3694.8000,3694.4000,3697.4000,3697.6000,3698.0000,3699.0000,3700.0000,3,3,1,1,1,1,2,2,1,7
SF,IF2009,2020-05-29 09:31:23.500,3695.8000,28395,0,368446440.000,0,-,-,-,-,3695.8000,3695.6000,3695.4000,3695.0000,3694.8000,3697.2000,3697.4000,3697.6000,3698.0000,3699.0000,1,2,2,1,1,8,2,1,2,1
SF,IF2009,2020-05-29 09:31:24.000,3697.0000,28393,-2,371773200.000,3,0,3,多平,S,3695.4000,3695.0000,3694.8000,3694.4000,3694.0000,3697.0000,3697.2000,3697.4000,3698.0000,3699.0000,2,1,1,1,2,2,2,1,2,1
SF,IF2009,2020-05-29 09:31:24.500,3697.0000,28393,0,371773200.000,0,-,-,-,-,3695.6000,3695.4000,3695.0000,3694.8000,3694.4000,3696.8000,3697.4000,3698.0000,3700.0000,3700.4000,1,2,1,1,1,2,1,2,7,1
SF,IF2009,2020-05-29 09:31:25.000,3697.0000,28393,0,371773200.000,0,-,-,-,-,3695.6000,3695.4000,3695.0000,3694.0000,3693.4000,3696.8000,3697.4000,3698.0000,3700.0000,3700.4000,1,1,1,2,3,1,1,2,7,1
SF,IF2009,2020-05-29 09:31:25.500,3697.0000,28393,0,371773200.000,0,-,-,-,-,3695.6000,3695.4000,3695.0000,3694.0000,3693.4000,3696.8000,3697.4000,3698.0000,3700.0000,3700.4000,1,1,2,2,3,1,1,2,7,1
SF,IF2009,2020-05-29 09:31:26.000,3697.0000,28393,0,371773200.000,0,-,-,-,-,3695.6000,3695.4000,3695.0000,3694.0000,3693.4000,3696.8000,3697.4000,3698.0000,3700.0000,3700.4000,1,1,2,3,3,1,1,2,7,1
SF,IF2009,2020-05-29 09:31:26.500,3696.4000,28392,-1,373991160.000,2,0,2,多平,S,3696.4000,3696.2000,3695.8000,3695.6000,3695.4000,3697.4000,3698.0000,3700.0000,3700.4000,3700.6000,1,1,6,3,1,1,1,7,1,16
SF,IF2009,2020-05-29 09:31:27.000,3696.4000,28391,-1,375100080.000,1,0,1,双平,S,3695.8000,3695.6000,3695.0000,3694.0000,3693.4000,3697.4000,3698.0000,3700.0000,3700.4000,3700.6000,5,1,1,3,3,1,1,7,1,16
SF,IF2009,2020-05-29 09:31:27.500,3696.4000,28391,0,375100080.000,0,-,-,-,-,3696.8000,3696.0000,3695.8000,3695.0000,3694.0000,3697.2000,3697.4000,3698.0000,3700.0000,3700.4000,1,3,1,1,3,1,1,1,8,1
SF,IF2009,2020-05-29 09:31:28.000,3696.8000,28391,0,376209120.000,1,0,1,多换,S,3696.0000,3695.0000,3694.0000,3693.4000,3691.6000,3697.2000,3698.0000,3700.0000,3700.4000,3700.6000,2,1,3,3,1,1,1,8,1,16
SF,IF2009,2020-05-29 09:31:28.500,3696.8000,28391,0,376209120.000,0,-,-,-,-,3696.2000,3696.0000,3695.0000,3694.0000,3693.4000,3697.0000,3697.2000,3698.0000,3700.0000,3700.4000,1,2,1,3,3,1,2,1,8,1
SF,IF2009,2020-05-29 09:31:29.000,3696.8000,28391,0,376209120.000,0,-,-,-,-,3696.4000,3696.0000,3695.0000,3694.0000,3693.4000,3697.2000,3698.0000,3700.0000,3700.4000,3700.6000,2,1,1,3,3,1,1,8,1,16
SF,IF2009,2020-05-29 09:31:29.500,3696.6000,28391,0,379536060.000,3,1,2,多换,S,3696.6000,3696.4000,3696.0000,3695.0000,3694.0000,3698.0000,3700.0000,3700.4000,3700.6000,3704.2000,1,2,1,1,3,1,8,1,16,10
SF,IF2009,2020-05-29 09:31:30.000,3696.6000,28391,0,379536060.000,0,-,-,-,-,3696.8000,3696.6000,3696.0000,3695.0000,3694.0000,3697.8000,3698.0000,3700.0000,3700.4000,3700.6000,1,1,1,1,3,1,1,8,1,16
SF,IF2009,2020-05-29 09:31:30.500,3696.6000,28391,0,379536060.000,0,-,-,-,-,3696.8000,3696.6000,3696.0000,3695.0000,3694.0000,3697.8000,3698.0000,3700.0000,3700.4000,3700.6000,1,1,1,1,3,1,1,8,1,16
SF,IF2009,2020-05-29 09:31:31.000,3696.6000,28391,0,379536060.000,0,-,-,-,-,3697.0000,3696.8000,3696.0000,3695.0000,3694.0000,3698.0000,3700.0000,3700.4000,3700.6000,3704.2000,1,1,1,1,3,1,8,1,16,10
SF,IF2009,2020-05-29 09:31:31.500,3696.6000,28391,0,379536060.000,0,-,-,-,-,3697.2000,3696.0000,3695.0000,3694.0000,3693.4000,3698.0000,3700.0000,3700.4000,3700.6000,3704.2000,1,1,1,3,3,1,8,1,16,10
SF,IF2009,2020-05-29 09:31:32.000,3696.6000,28391,0,379536060.000,0,-,-,-,-,3697.8000,3697.2000,3696.0000,3695.0000,3694.0000,3698.0000,3700.0000,3700.4000,3700.6000,3704.2000,1,2,1,1,3,1,8,1,16,10
SF,IF2009,2020-05-29 09:31:32.500,3698.0000,28390,-1,380645460.000,1,0,1,双平,S,3697.8000,3697.2000,3696.6000,3696.0000,3695.0000,3700.0000,3700.4000,3700.6000,3704.2000,3706.8000,1,2,5,1,1,8,1,16,10,1
SF,IF2009,2020-05-29 09:31:33.000,3698.0000,28390,0,380645460.000,0,-,-,-,-,3698.0000,3697.8000,3697.2000,3696.6000,3695.0000,3699.8000,3700.0000,3700.4000,3700.6000,3704.2000,3,1,2,5,1,2,8,1,16,10
SF,IF2009,2020-05-29 09:31:33.500,3698.0000,28390,0,380645460.000,0,-,-,-,-,3698.0000,3697.8000,3697.2000,3696.6000,3695.0000,3699.6000,3699.8000,3700.0000,3700.4000,3700.6000,3,1,1,5,1,2,3,8,1,16
SF,IF2009,2020-05-29 09:31:34.000,3698.0000,28390,0,380645460.000,0,-,-,-,-,3698.2000,3698.0000,3697.8000,3697.2000,3696.6000,3699.4000,3699.6000,3699.8000,3700.0000,3700.6000,1,3,1,1,5,1,2,2,8,16
SF,IF2009,2020-05-29 09:31:34.500,3698.0000,28390,0,380645460.000,0,-,-,-,-,3698.2000,3698.0000,3697.8000,3697.2000,3696.6000,3699.4000,3699.6000,3699.8000,3700.0000,3700.6000,1,2,1,1,5,1,1,1,8,16
SF,IF2009,2020-05-29 09:31:35.000,3698.0000,28390,0,380645460.000,0,-,-,-,-,3698.2000,3698.0000,3697.8000,3697.2000,3696.6000,3699.4000,3699.8000,3700.0000,3700.6000,3704.2000,1,2,1,1,5,1,1,8,16,10
SF,IF2009,2020-05-29 09:31:35.500,3698.0000,28390,0,380645460.000,0,-,-,-,-,3698.4000,3698.2000,3698.0000,3697.8000,3697.2000,3699.4000,3699.8000,3700.0000,3700.6000,3704.2000,1,2,1,1,1,1,1,8,16,10
SF,IF2009,2020-05-29 09:31:36.000,3698.2000,28390,0,381754920.000,1,0,1,多换,S,3698.0000,3697.8000,3697.2000,3696.6000,3695.0000,3699.0000,3699.2000,3699.4000,3699.8000,3700.0000,1,1,1,5,1,1,1,3,1,8
SF,IF2009,2020-05-29 09:31:36.500,3698.0000,28391,1,388411560.000,6,3,3,空开,S,3697.8000,3697.2000,3697.0000,3696.6000,3695.0000,3698.0000,3699.4000,3699.8000,3700.0000,3700.6000,1,1,1,5,1,3,1,1,8,7
SF,IF2009,2020-05-29 09:31:37.000,3698.0000,28391,0,391739760.000,3,1,2,多换,S,3698.0000,3697.8000,3697.0000,3696.6000,3695.0000,3699.4000,3700.0000,3700.6000,3703.0000,3704.2000,1,1,1,5,1,1,8,7,1,10
SF,IF2009,2020-05-29 09:31:37.500,3699.2000,28391,0,392849520.000,1,0,1,多换,S,3698.0000,3697.8000,3697.0000,3696.6000,3695.8000,3699.2000,3699.4000,3700.0000,3700.6000,3703.0000,1,1,1,5,1,2,3,8,7,1
SF,IF2009,2020-05-29 09:31:38.000,3699.2000,28391,0,392849520.000,0,-,-,-,-,3698.2000,3698.0000,3697.8000,3697.0000,3696.6000,3699.0000,3699.2000,3699.4000,3700.0000,3700.6000,1,2,1,1,5,1,2,2,8,7
SF,IF2009,2020-05-29 09:31:38.500,3699.2000,28391,0,392849520.000,0,-,-,-,-,3698.2000,3698.0000,3697.8000,3697.0000,3696.6000,3699.0000,3699.2000,3699.4000,3700.0000,3700.6000,1,2,1,1,5,1,1,2,8,7
SF,IF2009,2020-05-29 09:31:39.000,3699.2000,28391,0,392849520.000,0,-,-,-,-,3698.2000,3698.0000,3697.8000,3697.0000,3696.6000,3698.8000,3699.0000,3699.2000,3700.0000,3700.6000,1,2,1,1,5,2,3,1,8,7
SF,IF2009,2020-05-29 09:31:39.500,3699.2000,28391,0,392849520.000,0,-,-,-,-,3698.2000,3698.0000,3697.8000,3697.0000,3696.6000,3698.8000,3699.0000,3699.2000,3700.0000,3700.6000,1,2,1,1,5,1,3,1,8,7
SF,IF2009,2020-05-29 09:31:40.000,3698.2000,28391,0,393958980.000,1,0,1,多换,S,3698.0000,3697.8000,3697.0000,3696.6000,3695.8000,3698.6000,3698.8000,3699.0000,3699.2000,3700.0000,2,1,1,5,1,1,2,1,1,8
SF,IF2009,2020-05-29 09:31:40.500,3698.2000,28391,0,393958980.000,0,-,-,-,-,3698.0000,3697.8000,3697.0000,3696.6000,3695.8000,3698.6000,3698.8000,3699.2000,3700.0000,3700.6000,2,1,1,5,1,2,1,1,8,7
SF,IF2009,2020-05-29 09:31:41.000,3698.6000,28389,-2,398396940.000,4,1,3,多平,S,3698.6000,3697.8000,3697.0000,3696.6000,3695.8000,3698.8000,3699.2000,3700.0000,3700.6000,3703.0000,1,1,1,5,1,1,1,8,7,1
SF,IF2009,2020-05-29 09:31:41.500,3698.6000,28388,-1,399506520.000,1,0,1,双平,S,3698.0000,3697.8000,3697.0000,3696.6000,3695.8000,3699.2000,3700.0000,3700.6000,3703.0000,3704.2000,1,1,1,5,1,1,8,7,1,10
SF,IF2009,2020-05-29 09:31:42.000,3698.6000,28388,0,399506520.000,0,-,-,-,-,3698.0000,3697.8000,3697.0000,3696.6000,3695.8000,3699.0000,3699.2000,3700.0000,3700.6000,3703.0000,1,1,1,5,1,2,2,9,7,1
SF,IF2009,2020-05-29 09:31:42.500,3698.0000,28388,0,405054180.000,5,2,3,多换,S,3697.8000,3697.0000,3696.6000,3695.8000,3695.0000,3698.0000,3699.2000,3700.0000,3703.0000,3704.2000,1,1,5,1,2,3,2,9,1,10
SF,IF2009,2020-05-29 09:31:43.000,3698.0000,28388,0,408382380.000,3,1,2,多换,S,3697.8000,3697.0000,3696.6000,3695.8000,3695.0000,3699.2000,3700.0000,3703.0000,3704.2000,3704.4000,2,1,5,1,2,1,9,1,10,1
SF,IF2009,2020-05-29 09:31:43.500,3698.0000,28387,-1,409491780.000,1,0,1,双平,S,3697.8000,3697.0000,3696.6000,3695.8000,3695.0000,3698.0000,3699.0000,3700.0000,3703.0000,3704.2000,1,1,5,1,2,5,3,9,1,10
SF,IF2009,2020-05-29 09:31:44.000,3698.0000,28386,-1,410601180.000,1,0,1,双平,S,3697.8000,3697.0000,3696.6000,3695.8000,3695.0000,3698.0000,3699.0000,3700.0000,3703.0000,3704.2000,1,1,5,1,2,4,1,9,1,10
SF,IF2009,2020-05-29 09:31:44.500,3698.0000,28385,-1,411710580.000,1,0,1,双平,S,3697.8000,3697.0000,3696.6000,3695.8000,3695.0000,3698.0000,3699.0000,3700.0000,3703.0000,3704.2000,2,1,5,1,2,3,1,9,1,10
SF,IF2009,2020-05-29 09:31:45.000,3697.8000,28384,-1,412819920.000,1,0,1,双平,S,3697.8000,3697.0000,3696.6000,3695.8000,3695.0000,3698.0000,3699.0000,3700.0000,3703.0000,3704.2000,1,1,5,1,2,3,1,9,1,10
SF,IF2009,2020-05-29 09:31:45.500,3698.0000,28384,0,413929320.000,1,0,1,多换,S,3697.0000,3696.6000,3695.8000,3695.0000,3694.0000,3697.8000,3698.0000,3699.0000,3700.0000,3703.0000,1,5,1,2,3,5,2,1,9,1
SF,IF2009,2020-05-29 09:31:46.000,3698.0000,28385,1,422804520.000,8,4,4,空开,S,3697.4000,3697.2000,3697.0000,3696.6000,3695.8000,3698.0000,3699.0000,3700.0000,3703.0000,3704.2000,1,2,1,5,1,2,1,9,1,10
SF,IF2009,2020-05-29 09:31:46.500,3698.0000,28384,-1,423913920.000,1,0,1,双平,S,3697.8000,3697.6000,3697.4000,3697.2000,3697.0000,3698.0000,3699.0000,3700.0000,3703.0000,3704.2000,3,3,1,7,1,1,1,9,1,10
SF,IF2009,2020-05-29 09:31:47.000,3698.0000,28383,-1,425023320.000,1,0,1,双平,S,3698.0000,3697.6000,3697.4000,3697.2000,3697.0000,3699.0000,3700.0000,3703.0000,3704.2000,3704.4000,2,3,1,6,1,1,9,1,10,1
SF,IF2009,2020-05-29 09:31:47.500,3698.0000,28383,0,425023320.000,0,-,-,-,-,3698.0000,3697.6000,3697.4000,3697.2000,3697.0000,3698.8000,3699.0000,3700.0000,3703.0000,3704.2000,3,3,1,6,1,2,1,9,1,10
SF,IF2009,2020-05-29 09:31:48.000,3698.0000,28383,0,425023320.000,0,-,-,-,-,3698.2000,3698.0000,3697.6000,3697.4000,3697.2000,3698.8000,3700.0000,3703.0000,3704.2000,3704.4000,1,3,2,1,6,1,9,1,10,1
SF,IF2009,2020-05-29 09:31:48.500,3698.0000,28383,0,425023320.000,0,-,-,-,-,3698.4000,3698.2000,3698.0000,3697.6000,3697.2000,3700.0000,3703.0000,3704.2000,3704.4000,3706.8000,1,3,3,2,6,2,1,10,1,1
SF,IF2009,2020-05-29 09:31:49.000,3698.0000,28383,0,425023320.000,0,-,-,-,-,3698.6000,3698.4000,3698.2000,3698.0000,3697.6000,3699.8000,3700.0000,3703.0000,3704.2000,3704.4000,1,1,1,2,2,2,2,1,10,1
SF,IF2009,2020-05-29 09:31:49.500,3698.0000,28383,0,425023320.000,0,-,-,-,-,3698.6000,3698.2000,3698.0000,3697.6000,3697.4000,3699.6000,3699.8000,3700.0000,3703.0000,3704.2000,2,1,2,2,1,3,2,2,1,10
SF,IF2009,2020-05-29 09:31:50.000,3698.0000,28383,0,430570320.000,5,2,3,多换,S,3697.8000,3697.6000,3697.4000,3697.2000,3697.0000,3698.0000,3699.4000,3699.8000,3700.0000,3703.0000,1,2,1,2,1,2,4,1,2,1
SF,IF2009,2020-05-29 09:31:50.500,3698.0000,28383,0,432789120.000,2,1,1,多换,S,3698.8000,3698.6000,3698.4000,3698.2000,3698.0000,3699.4000,3699.8000,3700.0000,3703.0000,3704.2000,1,1,1,2,11,4,1,2,1,9
SF,IF2009,2020-05-29 09:31:51.000,3698.0000,28383,0,432789120.000,0,-,-,-,-,3698.8000,3698.2000,3698.0000,3697.8000,3697.6000,3699.4000,3699.8000,3700.0000,3703.0000,3704.2000,1,3,5,2,2,4,1,2,1,9
SF,IF2009,2020-05-29 09:31:51.500,3699.4000,28380,-3,436118580.000,3,0,3,双平,S,3699.4000,3699.0000,3698.8000,3698.2000,3698.0000,3700.0000,3703.0000,3704.2000,3704.4000,3706.8000,1,2,1,3,6,2,1,9,1,1
SF,IF2009,2020-05-29 09:31:52.000,3699.4000,28380,0,436118580.000,0,-,-,-,-,3699.6000,3699.4000,3699.0000,3698.4000,3698.2000,3700.0000,3703.0000,3704.2000,3704.4000,3706.8000,3,1,3,1,3,2,1,9,1,1
SF,IF2009,2020-05-29 09:31:52.500,3700.0000,28379,-1,438338580.000,2,0,2,多平,S,3699.8000,3699.6000,3699.4000,3699.2000,3699.0000,3703.0000,3704.2000,3704.4000,3706.8000,3707.6000,2,3,1,2,2,1,9,1,1,1
SF,IF2009,2020-05-29 09:31:53.000,3700.0000,28379,0,438338580.000,0,-,-,-,-,3700.0000,3699.6000,3699.4000,3699.0000,3698.4000,3702.2000,3702.6000,3702.8000,3703.0000,3703.2000,5,1,1,1,1,1,8,7,2,1
SF,IF2009,2020-05-29 09:31:53.500,3700.0000,28379,0,438338580.000,0,-,-,-,-,3700.2000,3700.0000,3699.6000,3699.4000,3699.0000,3702.0000,3702.2000,3702.4000,3702.6000,3702.8000,2,4,1,1,1,3,1,1,8,5
SF,IF2009,2020-05-29 09:31:54.000,3700.0000,28379,0,438338580.000,0,-,-,-,-,3700.4000,3700.2000,3700.0000,3699.6000,3699.4000,3701.2000,3701.8000,3702.0000,3702.2000,3702.4000,2,2,2,1,1,2,2,2,1,1
SF,IF2009,2020-05-29 09:31:54.500,3700.0000,28379,0,438338580.000,0,-,-,-,-,3700.4000,3700.2000,3700.0000,3699.6000,3699.4000,3701.0000,3702.0000,3702.4000,3702.6000,3702.8000,1,2,1,1,1,2,2,1,3,5
SF,IF2009,2020-05-29 09:31:55.000,3702.0000,28378,-1,439449180.000,1,0,1,双平,S,3700.4000,3700.2000,3700.0000,3699.6000,3699.4000,3702.0000,3702.4000,3702.8000,3703.2000,3704.2000,1,1,1,1,1,1,1,5,1,9
SF,IF2009,2020-05-29 09:31:55.500,3702.0000,28378,0,439449180.000,0,-,-,-,-,3700.6000,3700.4000,3700.2000,3700.0000,3699.6000,3701.8000,3702.0000,3702.4000,3702.8000,3703.2000,1,3,1,1,1,4,1,1,5,1
SF,IF2009,2020-05-29 09:31:56.000,3702.0000,28378,0,439449180.000,0,-,-,-,-,3701.0000,3700.8000,3700.4000,3700.2000,3700.0000,3701.6000,3701.8000,3702.4000,3702.8000,3703.2000,6,1,2,1,1,1,2,1,5,1
SF,IF2009,2020-05-29 09:31:56.500,3700.4000,28371,-7,448331400.000,8,0,8,多平,S,3700.2000,3700.0000,3699.6000,3699.4000,3699.0000,3700.4000,3701.4000,3701.8000,3702.4000,3702.8000,1,1,1,1,1,1,2,1,1,5
SF,IF2009,2020-05-29 09:31:57.000,3700.4000,28371,0,449441520.000,1,0,1,多换,S,3700.2000,3700.0000,3699.6000,3699.4000,3699.0000,3701.4000,3701.8000,3702.4000,3702.8000,3703.2000,1,1,1,1,1,1,1,1,5,1
SF,IF2009,2020-05-29 09:31:57.500,3700.4000,28371,0,449441520.000,0,-,-,-,-,3700.4000,3700.2000,3700.0000,3699.6000,3699.4000,3701.2000,3701.4000,3701.8000,3702.4000,3702.8000,1,1,1,1,1,1,1,1,1,5
SF,IF2009,2020-05-29 09:31:58.000,3700.4000,28371,0,449441520.000,0,-,-,-,-,3700.8000,3700.6000,3700.4000,3700.2000,3700.0000,3701.2000,3701.8000,3704.2000,3704.4000,3706.8000,1,1,4,1,1,2,1,9,1,1
SF,IF2009,2020-05-29 09:31:58.500,3700.4000,28371,0,449441520.000,0,-,-,-,-,3700.4000,3700.0000,3699.6000,3699.4000,3699.2000,3701.0000,3701.2000,3701.8000,3704.2000,3704.4000,1,1,1,1,2,1,4,1,9,1
SF,IF2009,2020-05-29 09:31:59.000,3700.4000,28371,0,449441520.000,0,-,-,-,-,3700.6000,3700.4000,3700.0000,3699.6000,3699.4000,3701.2000,3704.4000,3706.8000,3707.6000,3708.2000,1,3,1,1,1,1,1,1,1,3
SF,IF2009,2020-05-29 09:31:59.500,3700.4000,28371,0,449441520.000,0,-,-,-,-,3700.4000,3700.0000,3699.6000,3699.4000,3699.2000,3704.4000,3706.8000,3707.6000,3708.2000,3709.2000,3,1,1,1,2,1,1,1,3,1
SF,IF2009,2020-05-29 09:32:00.000,3700.4000,28371,0,449441520.000,0,-,-,-,-,3700.6000,3700.4000,3700.0000,3699.6000,3699.4000,3703.0000,3703.4000,3703.6000,3703.8000,3704.0000,4,3,1,1,1,1,5,1,1,2
SF,IF2009,2020-05-29 09:32:00.500,3700.4000,28371,0,449441520.000,0,-,-,-,-,3700.8000,3700.6000,3700.4000,3700.0000,3699.6000,3702.8000,3703.0000,3703.6000,3704.2000,3704.4000,2,7,3,1,1,4,1,1,12,2
SF,IF2009,2020-05-29 09:32:01.000,3700.4000,28371,0,449441520.000,0,-,-,-,-,3701.0000,3700.8000,3700.6000,3700.4000,3700.0000,3702.6000,3702.8000,3703.0000,3703.6000,3704.2000,1,2,4,3,1,3,2,1,1,12
SF,IF2009,2020-05-29 09:32:01.500,3702.4000,28365,-6,456105840.000,6,0,6,双平,S,3701.0000,3700.8000,3700.4000,3700.0000,3699.6000,3702.4000,3702.6000,3703.0000,3703.6000,3704.2000,1,1,3,1,1,4,2,1,1,12
SF,IF2009,2020-05-29 09:32:02.000,3702.4000,28365,0,456105840.000,0,-,-,-,-,3701.2000,3701.0000,3700.8000,3700.4000,3700.0000,3702.2000,3702.4000,3703.0000,3703.6000,3704.2000,1,1,1,3,1,3,2,1,1,12
SF,IF2009,2020-05-29 09:32:02.500,3702.4000,28365,0,456105840.000,0,-,-,-,-,3700.4000,3700.0000,3699.6000,3699.4000,3699.2000,3702.0000,3702.2000,3702.4000,3703.0000,3703.6000,3,2,1,1,2,5,1,1,1,1
SF,IF2009,2020-05-29 09:32:03.000,3702.4000,28365,0,456105840.000,0,-,-,-,-,3700.6000,3700.4000,3700.0000,3699.6000,3699.4000,3701.8000,3702.0000,3702.4000,3703.0000,3703.6000,1,2,2,1,1,2,4,1,1,1
SF,IF2009,2020-05-29 09:32:03.500,3702.4000,28365,0,456105840.000,0,-,-,-,-,3700.4000,3700.0000,3699.6000,3699.4000,3699.2000,3701.6000,3701.8000,3702.0000,3702.4000,3703.6000,2,2,1,1,2,4,1,2,1,1
SF,IF2009,2020-05-29 09:32:04.000,3702.4000,28365,0,456105840.000,0,-,-,-,-,3700.6000,3700.4000,3700.0000,3699.6000,3699.4000,3701.4000,3701.6000,3701.8000,3702.0000,3702.4000,1,2,2,1,1,3,1,1,1,1
SF,IF2009,2020-05-29 09:32:04.500,3700.4000,28364,-1,457215960.000,1,0,1,双平,S,3700.4000,3700.0000,3699.6000,3699.2000,3698.2000,3701.0000,3701.2000,3701.4000,3701.8000,3702.0000,1,2,1,2,2,1,4,2,1,1
SF,IF2009,2020-05-29 09:32:05.000,3700.4000,28363,-1,458326080.000,1,0,1,双平,S,3700.0000,3699.6000,3698.2000,3698.0000,3697.8000,3700.4000,3700.8000,3701.2000,3701.8000,3702.2000,2,1,2,3,1,2,3,3,1,1
SF,IF2009,2020-05-29 09:32:05.500,3700.0000,28362,-1,460546080.000,2,0,2,多平,S,3699.6000,3698.0000,3697.8000,3697.6000,3697.4000,3700.2000,3700.4000,3701.2000,3702.2000,3703.6000,1,3,1,3,1,1,2,2,1,1
SF,IF2009,2020-05-29 09:32:06.000,3700.0000,28362,0,460546080.000,0,-,-,-,-,3699.6000,3698.0000,3697.8000,3697.6000,3697.4000,3700.4000,3701.2000,3702.2000,3703.6000,3704.2000,1,3,1,2,1,1,2,1,1,12
SF,IF2009,2020-05-29 09:32:06.500,3700.0000,28362,0,460546080.000,0,-,-,-,-,3699.6000,3698.0000,3697.8000,3697.6000,3697.4000,3700.2000,3700.4000,3701.2000,3702.2000,3703.6000,1,3,1,2,1,1,1,1,1,1
SF,IF2009,2020-05-29 09:32:07.000,3700.0000,28362,0,460546080.000,0,-,-,-,-,3700.2000,3699.6000,3698.0000,3697.8000,3697.6000,3700.4000,3701.2000,3702.2000,3703.6000,3704.2000,2,1,3,1,2,1,1,1,1,12
SF,IF2009,2020-05-29 09:32:07.500,3700.2000,28360,-2,462766200.000,2,0,2,双平,S,3700.2000,3699.6000,3698.0000,3697.8000,3697.6000,3700.4000,3701.2000,3702.2000,3703.6000,3704.2000,2,1,3,1,2,1,1,1,1,12
SF,IF2009,2020-05-29 09:32:08.000,3700.2000,28361,1,464986320.000,2,1,1,空开,S,3699.6000,3698.0000,3697.8000,3697.6000,3697.4000,3700.4000,3701.2000,3702.2000,3703.6000,3704.2000,1,3,1,2,1,1,1,1,1,12
SF,IF2009,2020-05-29 09:32:08.500,3700.2000,28361,0,464986320.000,0,-,-,-,-,3699.6000,3698.0000,3697.8000,3697.6000,3697.4000,3700.2000,3700.4000,3702.2000,3703.6000,3704.2000,1,3,1,2,1,1,2,1,1,12
SF,IF2009,2020-05-29 09:32:09.000,3700.2000,28361,0,464986320.000,0,-,-,-,-,3699.6000,3698.0000,3697.8000,3697.6000,3697.4000,3700.2000,3700.4000,3701.2000,3702.2000,3703.6000,1,3,1,2,1,2,1,2,1,1
SF,IF2009,2020-05-29 09:32:09.500,3700.2000,28360,-1,466096380.000,1,0,1,双平,S,3699.6000,3698.0000,3697.8000,3697.6000,3697.4000,3700.4000,3701.2000,3702.2000,3703.6000,3704.2000,1,3,1,2,1,1,2,1,1,12
SF,IF2009,2020-05-29 09:32:10.000,3700.4000,28359,-1,467206500.000,1,0,1,双平,S,3700.4000,3700.2000,3699.8000,3699.6000,3698.0000,3701.2000,3702.2000,3703.6000,3704.2000,3704.4000,2,2,1,3,3,2,1,1,12,2
SF,IF2009,2020-05-29 09:32:10.500,3700.4000,28359,0,467206500.000,0,-,-,-,-,3700.6000,3700.2000,3699.8000,3699.6000,3698.0000,3701.2000,3702.2000,3703.6000,3703.8000,3704.2000,2,2,1,1,3,3,1,1,5,12
SF,IF2009,2020-05-29 09:32:11.000,3700.4000,28359,0,467206500.000,0,-,-,-,-,3700.6000,3700.2000,3699.8000,3699.6000,3698.0000,3701.2000,3703.6000,3703.8000,3704.2000,3704.4000,2,2,1,1,3,3,1,5,12,2
SF,IF2009,2020-05-29 09:32:11.500,3700.4000,28359,0,467206500.000,0,-,-,-,-,3700.6000,3700.2000,3699.8000,3699.6000,3698.0000,3701.2000,3703.6000,3703.8000,3704.2000,3704.4000,2,2,1,1,3,2,1,5,12,2
SF,IF2009,2020-05-29 09:32:12.000,3700.6000,28359,0,468316680.000,1,0,1,多换,S,3700.2000,3699.8000,3699.6000,3698.0000,3697.8000,3701.0000,3701.2000,3703.6000,3703.8000,3704.2000,1,1,1,3,1,1,2,1,5,12
SF,IF2009,2020-05-29 09:32:12.500,3700.6000,28359,0,468316680.000,0,-,-,-,-,3700.6000,3700.2000,3699.8000,3699.6000,3698.0000,3700.8000,3701.0000,3701.2000,3703.6000,3703.8000,1,1,1,1,3,1,1,2,1,5
SF,IF2009,2020-05-29 09:32:13.000,3700.2000,28358,-1,470536920.000,2,0,2,多平,S,3699.8000,3699.6000,3698.0000,3697.8000,3697.6000,3700.0000,3700.8000,3701.0000,3701.2000,3703.6000,1,1,3,1,2,6,1,1,3,1
SF,IF2009,2020-05-29 09:32:13.500,3700.0000,28357,-1,471646920.000,1,0,1,双平,S,3699.6000,3698.0000,3697.8000,3697.6000,3697.4000,3700.0000,3701.0000,3701.2000,3703.6000,3703.8000,1,3,1,2,1,5,1,3,1,5
SF,IF2009,2020-05-29 09:32:14.500,3700.0000,28356,-1,472756920.000,1,0,1,双平,S,3699.6000,3698.0000,3697.8000,3697.6000,3697.4000,3700.0000,3701.0000,3701.2000,3703.6000,3703.8000,1,5,1,2,1,4,1,3,1,5
SF,IF2009,2020-05-29 09:32:15.000,3700.0000,28356,0,472756920.000,0,-,-,-,-,3699.8000,3699.6000,3698.0000,3697.8000,3697.6000,3700.0000,3701.2000,3703.6000,3703.8000,3704.2000,1,1,5,1,2,4,3,1,5,12
SF,IF2009,2020-05-29 09:32:15.500,3700.0000,28355,-1,474976920.000,2,0,2,多平,S,3699.8000,3699.6000,3698.0000,3697.6000,3697.4000,3700.0000,3701.2000,3703.6000,3703.8000,3704.2000,1,1,5,2,1,2,3,1,5,12
SF,IF2009,2020-05-29 09:32:16.000,3700.0000,28353,-2,477196920.000,2,0,2,双平,S,3699.8000,3699.6000,3698.0000,3697.6000,3697.4000,3701.0000,3701.2000,3703.6000,3703.8000,3704.2000,1,1,5,2,1,1,3,1,5,12
SF,IF2009,2020-05-29 09:32:16.500,3700.0000,28353,0,477196920.000,0,-,-,-,-,3700.0000,3699.8000,3699.6000,3698.0000,3697.6000,3700.8000,3701.2000,3703.6000,3703.8000,3704.2000,1,1,1,5,2,3,3,1,5,12
SF,IF2009,2020-05-29 09:32:17.000,3700.0000,28353,0,477196920.000,0,-,-,-,-,3700.0000,3699.8000,3699.6000,3698.0000,3697.6000,3700.6000,3700.8000,3701.2000,3703.6000,3703.8000,2,1,1,5,2,1,2,3,1,5
SF,IF2009,2020-05-29 09:32:17.500,3700.6000,28352,-1,478307100.000,1,0,1,双平,S,3700.0000,3699.8000,3699.6000,3698.0000,3697.6000,3700.8000,3701.2000,3703.6000,3703.8000,3704.2000,1,1,1,5,2,1,3,1,5,12
SF,IF2009,2020-05-29 09:32:18.000,3700.6000,28352,0,478307100.000,0,-,-,-,-,3700.0000,3699.8000,3699.6000,3698.0000,3697.6000,3700.8000,3701.2000,3703.6000,3703.8000,3704.2000,2,1,1,5,2,1,3,1,5,12
SF,IF2009,2020-05-29 09:32:18.500,3700.6000,28352,0,478307100.000,0,-,-,-,-,3700.8000,3700.2000,3700.0000,3699.8000,3699.6000,3701.2000,3703.6000,3703.8000,3704.2000,3704.4000,1,2,1,1,1,3,1,5,12,2
SF,IF2009,2020-05-29 09:32:19.000,3700.6000,28352,0,478307100.000,0,-,-,-,-,3700.2000,3700.0000,3699.8000,3699.6000,3698.0000,3701.2000,3703.6000,3703.8000,3704.2000,3704.4000,2,1,1,1,5,3,1,5,12,2
SF,IF2009,2020-05-29 09:32:19.500,3700.6000,28352,0,478307100.000,0,-,-,-,-,3700.4000,3700.2000,3700.0000,3699.8000,3699.6000,3701.0000,3701.2000,3703.6000,3703.8000,3704.2000,2,2,1,1,1,1,3,1,5,12
SF,IF2009,2020-05-29 09:32:20.000,3700.6000,28352,0,478307100.000,0,-,-,-,-,3700.4000,3700.2000,3699.8000,3699.6000,3698.0000,3701.2000,3703.6000,3703.8000,3704.2000,3704.4000,1,2,1,1,5,3,1,5,12,2
SF,IF2009,2020-05-29 09:32:20.500,3700.6000,28352,0,478307100.000,0,-,-,-,-,3700.4000,3700.2000,3699.8000,3699.6000,3698.6000,3701.2000,3703.6000,3703.8000,3704.2000,3704.4000,1,2,1,1,2,3,1,5,12,2
SF,IF2009,2020-05-29 09:32:21.000,3700.6000,28352,0,478307100.000,0,-,-,-,-,3700.2000,3699.8000,3699.6000,3698.6000,3698.0000,3701.0000,3701.2000,3703.6000,3703.8000,3704.2000,2,1,1,2,3,1,4,1,5,12
SF,IF2009,2020-05-29 09:32:21.500,3700.6000,28352,0,478307100.000,0,-,-,-,-,3699.8000,3699.6000,3698.6000,3698.0000,3697.6000,3700.8000,3701.0000,3701.2000,3703.6000,3703.8000,1,1,2,3,2,2,1,3,1,5
SF,IF2009,2020-05-29 09:32:22.000,3700.6000,28352,0,478307100.000,0,-,-,-,-,3699.8000,3699.6000,3698.6000,3698.0000,3697.6000,3700.6000,3700.8000,3701.2000,3703.6000,3703.8000,1,1,2,3,2,1,2,3,1,5
SF,IF2009,2020-05-29 09:32:22.500,3700.6000,28352,0,478307100.000,0,-,-,-,-,3699.8000,3699.6000,3698.6000,3698.0000,3697.6000,3700.4000,3700.6000,3700.8000,3701.2000,3703.6000,1,1,2,3,2,1,2,2,3,1
SF,IF2009,2020-05-29 09:32:23.000,3700.6000,28352,0,479417280.000,1,0,1,多换,S,3699.8000,3699.6000,3698.6000,3698.0000,3697.6000,3700.6000,3700.8000,3701.2000,3703.6000,3703.8000,1,1,2,3,2,2,2,3,1,5
SF,IF2009,2020-05-29 09:32:23.500,3700.6000,28352,0,479417280.000,0,-,-,-,-,3699.8000,3699.6000,3698.6000,3698.0000,3697.6000,3700.6000,3700.8000,3701.2000,3703.6000,3703.8000,2,1,2,3,2,2,2,3,1,5
SF,IF2009,2020-05-29 09:32:24.000,3700.6000,28350,-2,481637640.000,2,0,2,双平,S,3700.6000,3700.0000,3699.8000,3699.6000,3698.6000,3700.8000,3701.2000,3703.6000,3703.8000,3704.2000,1,2,2,1,2,1,3,1,5,12
SF,IF2009,2020-05-29 09:32:24.500,3700.8000,28349,-1,482747880.000,1,0,1,双平,S,3700.8000,3700.6000,3700.0000,3699.8000,3699.6000,3701.2000,3703.6000,3703.8000,3704.2000,3704.4000,2,4,2,2,1,3,1,5,12,2
SF,IF2009,2020-05-29 09:32:25.000,3701.2000,28346,-3,486078960.000,3,0,3,双平,S,3701.2000,3701.0000,3700.6000,3700.0000,3699.6000,3703.6000,3703.8000,3704.2000,3704.4000,3705.0000,1,1,5,2,1,1,5,12,2,2
SF,IF2009,2020-05-29 09:32:25.500,3701.2000,28346,0,486078960.000,0,-,-,-,-,3701.4000,3701.2000,3701.0000,3700.6000,3700.4000,3702.0000,3702.2000,3702.4000,3702.6000,3702.8000,2,2,1,5,1,1,1,1,1,5
SF,IF2009,2020-05-29 09:32:26.000,3701.2000,28346,0,486078960.000,0,-,-,-,-,3701.2000,3701.0000,3700.6000,3700.4000,3700.0000,3701.8000,3702.4000,3702.6000,3702.8000,3703.2000,2,1,5,1,1,1,1,2,5,2
SF,IF2009,2020-05-29 09:32:26.500,3701.2000,28346,0,486078960.000,0,-,-,-,-,3701.4000,3701.2000,3701.0000,3700.6000,3700.4000,3702.6000,3702.8000,3703.2000,3703.4000,3703.8000,1,2,1,5,1,2,5,2,9,5
SF,IF2009,2020-05-29 09:32:27.000,3701.2000,28346,0,486078960.000,0,-,-,-,-,3701.4000,3701.0000,3700.6000,3700.4000,3700.0000,3702.0000,3702.4000,3702.6000,3702.8000,3703.2000,2,1,5,1,1,1,3,2,5,2
SF,IF2009,2020-05-29 09:32:27.500,3702.0000,28343,-3,489411000.000,3,0,3,双平,S,3701.6000,3701.4000,3701.0000,3700.6000,3700.4000,3702.6000,3703.4000,3704.2000,3704.4000,3705.0000,4,1,1,5,1,1,7,1,2,2
SF,IF2009,2020-05-29 09:32:28.000,3702.0000,28343,0,489411000.000,0,-,-,-,-,3702.6000,3701.8000,3701.6000,3701.0000,3700.6000,3703.4000,3704.2000,3704.4000,3705.0000,3706.0000,1,6,1,1,5,5,1,2,2,1
SF,IF2009,2020-05-29 09:32:28.500,3702.6000,28340,-3,492743340.000,3,0,3,双平,S,3701.8000,3701.6000,3701.0000,3700.6000,3700.4000,3703.2000,3703.4000,3704.2000,3704.4000,3705.0000,1,1,1,5,1,1,5,1,2,2
SF,IF2009,2020-05-29 09:32:29.000,3702.6000,28340,0,492743340.000,0,-,-,-,-,3702.8000,3702.0000,3701.8000,3701.0000,3700.6000,3703.4000,3704.4000,3705.0000,3706.0000,3706.6000,1,4,3,1,5,1,1,2,1,5
SF,IF2009,2020-05-29 09:32:29.500,3702.0000,28339,-1,493853940.000,1,0,1,双平,S,3701.8000,3701.0000,3700.6000,3700.4000,3699.6000,3704.4000,3705.0000,3706.0000,3706.6000,3706.8000,1,1,5,1,1,1,2,1,5,1
SF,IF2009,2020-05-29 09:32:30.000,3702.0000,28339,0,493853940.000,0,-,-,-,-,3702.0000,3701.8000,3701.0000,3700.6000,3700.4000,3704.2000,3704.4000,3705.0000,3706.0000,3706.6000,2,1,1,5,1,2,1,2,1,5
SF,IF2009,2020-05-29 09:32:30.500,3702.0000,28339,0,493853940.000,0,-,-,-,-,3702.2000,3702.0000,3701.0000,3700.6000,3700.4000,3704.2000,3704.4000,3705.0000,3706.0000,3706.6000,2,6,1,5,1,2,1,2,1,5
SF,IF2009,2020-05-29 09:32:31.000,3702.0000,28339,0,493853940.000,0,-,-,-,-,3702.4000,3702.0000,3701.4000,3701.0000,3700.6000,3704.2000,3704.4000,3705.0000,3706.0000,3706.6000,6,1,1,1,5,2,1,2,1,5
SF,IF2009,2020-05-29 09:32:31.500,3702.0000,28339,0,493853940.000,0,-,-,-,-,3702.6000,3702.4000,3702.0000,3701.4000,3701.0000,3704.2000,3704.4000,3705.0000,3706.0000,3706.6000,1,4,1,1,1,2,1,2,1,5
SF,IF2009,2020-05-29 09:32:32.000,3702.0000,28339,0,493853940.000,0,-,-,-,-,3702.8000,3702.6000,3702.4000,3702.0000,3701.4000,3704.2000,3704.4000,3705.0000,3706.0000,3706.6000,3,2,2,1,1,1,1,2,1,5
SF,IF2009,2020-05-29 09:32:32.500,3702.0000,28339,0,493853940.000,0,-,-,-,-,3703.0000,3702.8000,3702.6000,3702.4000,3702.0000,3704.2000,3704.4000,3705.0000,3706.0000,3706.6000,1,3,2,2,1,1,1,2,1,5
SF,IF2009,2020-05-29 09:32:33.000,3702.0000,28339,0,493853940.000,0,-,-,-,-,3703.2000,3702.8000,3702.6000,3702.4000,3701.4000,3704.2000,3704.4000,3705.0000,3706.0000,3706.6000,2,2,2,2,1,1,1,2,1,5
SF,IF2009,2020-05-29 09:32:33.500,3703.2000,28338,-1,494964900.000,1,0,1,双平,S,3703.4000,3702.8000,3702.4000,3701.4000,3701.0000,3704.2000,3704.4000,3705.0000,3706.0000,3706.6000,1,2,2,1,1,1,1,2,1,5
SF,IF2009,2020-05-29 09:32:34.000,3703.2000,28338,0,494964900.000,0,-,-,-,-,3703.6000,3702.8000,3702.4000,3701.4000,3701.0000,3704.4000,3705.0000,3706.0000,3706.6000,3706.8000,1,2,2,1,1,1,2,1,5,1
SF,IF2009,2020-05-29 09:32:34.500,3703.2000,28338,0,494964900.000,0,-,-,-,-,3703.8000,3703.6000,3702.8000,3702.4000,3701.4000,3704.4000,3705.0000,3706.0000,3706.8000,3707.6000,1,2,2,2,1,1,2,1,1,1
SF,IF2009,2020-05-29 09:32:35.000,3703.2000,28338,0,494964900.000,0,-,-,-,-,3704.2000,3703.6000,3702.8000,3702.4000,3701.4000,3704.4000,3705.0000,3706.0000,3706.8000,3707.6000,1,2,1,2,1,1,2,1,1,1
SF,IF2009,2020-05-29 09:32:35.500,3704.4000,28337,-1,496076220.000,1,0,1,双平,S,3704.4000,3704.2000,3703.6000,3702.8000,3702.4000,3705.0000,3706.0000,3706.8000,3707.6000,3708.2000,1,1,2,1,2,2,1,1,1,3
SF,IF2009,2020-05-29 09:32:36.000,3704.4000,28337,0,496076220.000,0,-,-,-,-,3704.6000,3704.2000,3703.8000,3703.6000,3702.8000,3705.0000,3706.0000,3706.8000,3707.6000,3708.2000,1,1,1,1,1,2,1,1,1,3
SF,IF2009,2020-05-29 09:32:36.500,3705.0000,28337,0,497187720.000,1,0,1,多换,S,3704.8000,3704.2000,3703.8000,3702.8000,3702.4000,3705.0000,3706.0000,3706.8000,3707.6000,3708.2000,1,1,1,1,2,1,1,1,1,3
SF,IF2009,2020-05-29 09:32:37.000,3705.0000,28336,-1,498299220.000,1,0,1,双平,S,3705.0000,3704.2000,3703.8000,3702.8000,3702.4000,3706.0000,3706.8000,3707.6000,3710.0000,3710.4000,1,1,1,3,2,1,1,1,5,3
SF,IF2009,2020-05-29 09:32:37.500,3705.0000,28336,0,498299220.000,0,-,-,-,-,3705.2000,3705.0000,3704.2000,3703.8000,3702.8000,3705.8000,3706.0000,3706.8000,3707.6000,3710.4000,1,2,1,1,3,1,1,1,1,3
SF,IF2009,2020-05-29 09:32:38.000,3705.8000,28335,-1,499410960.000,1,0,1,双平,S,3705.4000,3705.2000,3705.0000,3704.2000,3703.8000,3706.0000,3706.8000,3707.6000,3710.4000,3714.8000,2,2,2,1,1,1,1,1,3,1
SF,IF2009,2020-05-29 09:32:38.500,3706.0000,28335,0,500522760.000,1,0,1,多换,S,3705.6000,3705.4000,3705.0000,3704.2000,3703.8000,3707.6000,3710.4000,3714.8000,3715.0000,3718.0000,1,1,2,1,1,1,3,1,5,1
SF,IF2009,2020-05-29 09:32:39.000,3705.8000,28334,-1,501634500.000,1,0,1,双平,S,3705.8000,3705.6000,3704.2000,3703.8000,3702.8000,3707.4000,3707.6000,3710.4000,3714.8000,3715.0000,3,2,1,1,2,4,1,3,1,5
SF,IF2009,2020-05-29 09:32:39.500,3705.8000,28334,0,501634500.000,0,-,-,-,-,3706.0000,3705.8000,3705.6000,3704.2000,3703.8000,3706.8000,3707.4000,3707.6000,3710.4000,3714.8000,1,3,1,1,1,1,5,1,3,1
SF,IF2009,2020-05-29 09:32:40.000,3705.8000,28334,0,501634500.000,0,-,-,-,-,3706.2000,3706.0000,3704.2000,3703.8000,3702.8000,3706.8000,3707.4000,3707.6000,3709.2000,3710.4000,2,4,1,1,2,1,1,1,1,3
SF,IF2009,2020-05-29 09:32:40.500,3705.8000,28334,0,501634500.000,0,-,-,-,-,3706.4000,3706.2000,3706.0000,3704.2000,3703.8000,3706.8000,3707.4000,3707.6000,3709.2000,3710.4000,1,1,2,1,1,1,1,1,1,3
SF,IF2009,2020-05-29 09:32:41.000,3706.0000,28332,-2,503858100.000,2,0,2,双平,S,3706.0000,3704.2000,3703.8000,3702.8000,3702.4000,3706.4000,3706.6000,3706.8000,3707.6000,3709.2000,1,1,1,2,1,3,1,1,1,1
SF,IF2009,2020-05-29 09:32:41.500,3706.8000,28331,-1,506082180.000,2,0,2,多平,S,3706.8000,3706.0000,3704.2000,3703.8000,3702.8000,3707.6000,3709.2000,3710.4000,3714.8000,3715.0000,5,1,1,1,2,1,1,3,1,5
SF,IF2009,2020-05-29 09:32:42.000,3706.8000,28330,-1,507194220.000,1,0,1,双平,S,3706.8000,3706.0000,3704.2000,3703.8000,3702.8000,3707.4000,3707.6000,3709.2000,3710.4000,3714.8000,5,1,1,1,2,2,1,1,3,1
SF,IF2009,2020-05-29 09:32:42.500,3706.8000,28330,0,507194220.000,0,-,-,-,-,3706.8000,3706.2000,3706.0000,3704.2000,3703.8000,3707.4000,3707.6000,3709.2000,3710.4000,3714.8000,5,2,1,1,1,2,1,1,3,1
SF,IF2009,2020-05-29 09:32:43.000,3707.2000,28328,-2,510530460.000,3,0,3,多平,S,3706.8000,3706.2000,3706.0000,3704.2000,3703.8000,3707.2000,3707.4000,3707.6000,3709.2000,3710.4000,3,2,1,1,1,1,1,1,1,3
SF,IF2009,2020-05-29 09:32:43.500,3707.2000,28328,0,510530460.000,0,-,-,-,-,3707.0000,3706.8000,3706.2000,3706.0000,3704.2000,3707.4000,3707.6000,3709.2000,3710.4000,3714.8000,1,3,2,1,1,1,1,1,3,1
SF,IF2009,2020-05-29 09:32:44.000,3707.2000,28328,0,510530460.000,0,-,-,-,-,3707.0000,3706.8000,3706.2000,3704.8000,3704.2000,3707.4000,3707.6000,3708.8000,3709.2000,3710.4000,1,3,2,2,1,1,1,1,1,3
SF,IF2009,2020-05-29 09:32:45.000,3707.2000,28328,0,510530460.000,0,-,-,-,-,3707.0000,3706.8000,3706.2000,3704.8000,3704.2000,3707.4000,3707.6000,3708.8000,3709.2000,3712.0000,1,3,2,2,1,1,1,1,1,3
SF,IF2009,2020-05-29 09:32:46.000,3707.0000,28328,0,511642560.000,1,0,1,多换,S,3706.8000,3706.2000,3704.8000,3704.2000,3703.8000,3707.4000,3707.6000,3708.8000,3709.2000,3712.0000,3,2,2,1,1,1,1,1,1,3
SF,IF2009,2020-05-29 09:32:46.500,3707.0000,28328,0,511642560.000,0,-,-,-,-,3706.8000,3706.2000,3704.8000,3704.2000,3703.8000,3707.6000,3708.8000,3709.2000,3712.0000,3714.8000,3,2,2,1,1,1,1,1,3,1
SF,IF2009,2020-05-29 09:32:47.000,3707.0000,28327,-1,512754660.000,1,0,1,双平,S,3707.0000,3706.8000,3706.2000,3704.8000,3704.2000,3707.6000,3708.8000,3709.2000,3712.0000,3714.8000,2,3,2,2,1,1,1,1,3,1
SF,IF2009,2020-05-29 09:32:47.500,3707.6000,28326,-1,513866940.000,1,0,1,双平,S,3707.6000,3707.2000,3707.0000,3706.8000,3706.2000,3708.8000,3709.2000,3712.0000,3714.8000,3715.0000,1,2,1,3,2,1,1,3,1,5
SF,IF2009,2020-05-29 09:32:48.000,3707.6000,28325,-1,514979220.000,1,0,1,双平,S,3707.8000,3707.6000,3706.8000,3706.2000,3704.8000,3708.8000,3709.2000,3712.0000,3712.6000,3714.8000,2,3,3,2,2,1,1,3,1,1
SF,IF2009,2020-05-29 09:32:48.500,3707.6000,28325,0,514979220.000,0,-,-,-,-,3708.0000,3707.8000,3707.6000,3706.8000,3706.2000,3708.6000,3708.8000,3712.0000,3712.6000,3714.8000,1,2,3,3,2,1,1,3,1,1
SF,IF2009,2020-05-29 09:32:49.000,3708.8000,28325,0,516091860.000,1,0,1,多换,S,3708.2000,3707.8000,3707.6000,3706.8000,3706.2000,3712.0000,3712.6000,3714.8000,3715.0000,3718.0000,1,1,3,3,2,3,1,1,5,1
SF,IF2009,2020-05-29 09:32:49.500,3708.8000,28325,0,516091860.000,0,-,-,-,-,3708.8000,3708.4000,3707.8000,3707.6000,3706.8000,3709.8000,3710.2000,3710.8000,3711.2000,3711.4000,6,3,1,3,3,1,1,5,3,6
SF,IF2009,2020-05-29 09:32:50.000,3708.8000,28325,0,516091860.000,0,-,-,-,-,3709.0000,3708.8000,3708.4000,3707.6000,3706.8000,3709.6000,3710.6000,3710.8000,3711.2000,3711.4000,1,6,2,2,3,1,5,5,1,5
SF,IF2009,2020-05-29 09:32:50.500,3708.8000,28325,0,516091860.000,0,-,-,-,-,3708.8000,3708.4000,3707.6000,3706.8000,3706.2000,3711.2000,3711.4000,3711.6000,3711.8000,3712.0000,6,2,2,3,4,1,5,2,7,3
SF,IF2009,2020-05-29 09:32:51.000,3708.8000,28325,0,516091860.000,0,-,-,-,-,3709.0000,3708.8000,3708.4000,3707.6000,3706.8000,3710.0000,3710.4000,3710.8000,3711.0000,3711.2000,4,6,1,2,3,1,1,5,7,2
SF,IF2009,2020-05-29 09:32:51.500,3709.8000,28324,-1,517204800.000,1,0,1,双平,S,3709.2000,3708.8000,3708.4000,3707.6000,3706.8000,3710.4000,3710.8000,3711.0000,3711.2000,3711.4000,2,6,1,2,3,5,7,5,2,2
SF,IF2009,2020-05-29 09:32:52.000,3709.2000,28323,-1,518317560.000,1,0,1,双平,S,3709.2000,3708.8000,3708.4000,3707.6000,3706.8000,3710.2000,3710.8000,3711.0000,3711.2000,3711.4000,3,6,1,2,3,1,5,4,2,2
SF,IF2009,2020-05-29 09:32:52.500,3709.2000,28323,0,518317560.000,0,-,-,-,-,3709.4000,3708.8000,3708.4000,3707.6000,3706.8000,3710.2000,3711.0000,3711.2000,3711.4000,3711.6000,3,6,1,2,3,1,4,2,2,2
SF,IF2009,2020-05-29 09:32:53.000,3709.2000,28324,1,519430320.000,1,1,0,双开,S,3709.4000,3708.8000,3707.6000,3706.8000,3706.2000,3710.2000,3711.0000,3711.2000,3711.4000,3711.6000,3,6,2,3,4,2,3,1,2,2
SF,IF2009,2020-05-29 09:32:53.500,3709.2000,28324,0,519430320.000,0,-,-,-,-,3709.6000,3709.4000,3708.8000,3707.6000,3706.8000,3711.0000,3711.2000,3711.4000,3711.6000,3711.8000,1,2,6,2,1,2,1,2,2,3
SF,IF2009,2020-05-29 09:32:54.000,3709.4000,28323,-1,520543140.000,1,0,1,双平,S,3709.8000,3709.6000,3708.8000,3707.6000,3706.8000,3710.8000,3711.2000,3711.4000,3711.8000,3712.0000,2,1,1,2,1,1,1,1,3,1
SF,IF2009,2020-05-29 09:32:54.500,3709.4000,28323,0,520543140.000,0,-,-,-,-,3710.0000,3709.8000,3708.8000,3707.6000,3706.8000,3710.8000,3711.8000,3712.6000,3714.4000,3714.8000,3,1,1,2,1,1,3,2,3,1
SF,IF2009,2020-05-29 09:32:55.000,3710.8000,28322,-1,521656380.000,1,0,1,双平,S,3710.0000,3709.8000,3708.8000,3707.6000,3706.8000,3710.8000,3711.8000,3712.6000,3714.4000,3714.8000,2,1,1,2,1,1,3,2,3,1
SF,IF2009,2020-05-29 09:32:55.500,3710.0000,28321,-1,522769380.000,1,0,1,双平,S,3710.0000,3709.8000,3708.8000,3707.6000,3706.8000,3710.6000,3710.8000,3711.8000,3712.6000,3714.4000,1,1,1,2,1,1,2,3,2,3
SF,IF2009,2020-05-29 09:32:56.000,3710.4000,28313,-8,531673860.000,8,0,8,双平,S,3708.8000,3707.6000,3706.8000,3706.2000,3700.4000,3710.6000,3710.8000,3711.8000,3712.6000,3714.4000,1,2,1,4,1,1,2,3,2,3
SF,IF2009,2020-05-29 09:32:56.500,3710.4000,28313,0,531673860.000,0,-,-,-,-,3708.8000,3707.6000,3706.8000,3706.2000,3700.4000,3709.8000,3710.4000,3710.6000,3711.4000,3711.8000,1,2,1,4,1,1,4,3,1,3
SF,IF2009,2020-05-29 09:32:57.000,3708.8000,28313,0,532786500.000,1,0,1,多换,S,3707.6000,3706.8000,3706.2000,3700.4000,3700.0000,3708.8000,3709.6000,3709.8000,3710.4000,3711.4000,2,1,4,1,7,1,3,2,4,1
SF,IF2009,2020-05-29 09:32:57.500,3708.8000,28313,0,532786500.000,0,-,-,-,-,3707.6000,3706.8000,3706.2000,3700.4000,3700.0000,3708.6000,3708.8000,3709.6000,3710.2000,3710.4000,1,1,2,1,7,1,3,2,1,4
SF,IF2009,2020-05-29 09:32:58.000,3708.8000,28309,-4,537237060.000,4,0,4,双平,S,3709.0000,3707.6000,3706.8000,3706.2000,3700.4000,3709.6000,3710.2000,3710.4000,3711.4000,3711.8000,1,1,1,2,1,2,1,4,1,3
SF,IF2009,2020-05-29 09:32:58.500,3709.0000,28307,-2,539462460.000,2,0,2,双平,S,3707.6000,3706.8000,3706.2000,3700.4000,3700.0000,3709.2000,3709.4000,3709.6000,3709.8000,3710.4000,1,1,2,1,7,1,3,3,1,4
SF,IF2009,2020-05-29 09:32:59.000,3709.0000,28307,0,539462460.000,0,-,-,-,-,3707.8000,3707.6000,3706.8000,3706.2000,3700.4000,3709.4000,3709.6000,3710.4000,3711.8000,3712.6000,1,3,1,2,1,2,3,4,3,1
SF,IF2009,2020-05-29 09:32:59.500,3709.0000,28307,0,539462460.000,0,-,-,-,-,3707.8000,3707.6000,3706.8000,3706.2000,3700.4000,3710.4000,3711.8000,3712.6000,3714.4000,3714.8000,2,2,1,2,1,4,3,1,4,1
SF,IF2009,2020-05-29 09:33:00.000,3709.0000,28307,0,539462460.000,0,-,-,-,-,3707.8000,3707.6000,3706.8000,3706.2000,3700.4000,3710.0000,3710.2000,3710.4000,3711.8000,3712.6000,2,2,1,2,1,2,4,4,3,1
SF,IF2009,2020-05-29 09:33:00.500,3709.0000,28307,0,539462460.000,0,-,-,-,-,3707.8000,3707.6000,3706.8000,3706.2000,3700.4000,3709.8000,3710.0000,3710.2000,3710.4000,3711.8000,1,1,1,2,1,2,2,3,4,3
SF,IF2009,2020-05-29 09:33:01.000,3709.0000,28307,0,539462460.000,0,-,-,-,-,3707.8000,3707.6000,3706.8000,3706.2000,3700.4000,3709.6000,3709.8000,3710.0000,3710.2000,3710.4000,1,1,1,2,1,2,3,1,3,4
SF,IF2009,2020-05-29 09:33:01.500,3709.0000,28307,0,539462460.000,0,-,-,-,-,3707.8000,3707.6000,3706.8000,3706.2000,3700.4000,3709.4000,3709.8000,3710.0000,3710.2000,3710.4000,3,1,1,2,1,5,2,1,3,4
SF,IF2009,2020-05-29 09:33:02.000,3709.0000,28307,0,539462460.000,0,-,-,-,-,3707.8000,3707.6000,3706.2000,3700.4000,3700.0000,3709.4000,3709.8000,3710.0000,3710.2000,3710.4000,3,1,2,1,7,2,1,1,4,4
SF,IF2009,2020-05-29 09:33:02.500,3709.0000,28307,0,539462460.000,0,-,-,-,-,3707.8000,3707.6000,3706.2000,3700.4000,3700.0000,3709.2000,3709.4000,3709.8000,3710.0000,3710.2000,1,1,2,1,7,1,1,1,1,4
SF,IF2009,2020-05-29 09:33:03.000,3709.4000,28304,-3,542800800.000,3,0,3,双平,S,3709.6000,3707.8000,3707.6000,3706.2000,3700.4000,3709.8000,3710.0000,3710.2000,3710.4000,3711.8000,1,1,1,2,1,1,1,3,4,3
SF,IF2009,2020-05-29 09:33:03.500,3709.6000,28302,-2,545026560.000,2,0,2,双平,S,3707.8000,3707.6000,3706.2000,3700.4000,3700.0000,3709.2000,3709.4000,3709.6000,3709.8000,3710.0000,1,1,2,1,7,2,1,6,1,1
SF,IF2009,2020-05-29 09:33:04.000,3709.6000,28302,0,545026560.000,0,-,-,-,-,3707.8000,3707.6000,3706.2000,3700.4000,3700.0000,3709.0000,3709.4000,3709.6000,3709.8000,3710.0000,1,1,2,1,7,1,1,6,1,1
SF,IF2009,2020-05-29 09:33:05.000,3709.6000,28302,0,545026560.000,0,-,-,-,-,3707.8000,3707.6000,3706.2000,3700.4000,3700.0000,3708.8000,3709.0000,3709.4000,3709.6000,3709.8000,1,1,2,1,7,1,1,1,5,2
SF,IF2009,2020-05-29 09:33:05.500,3709.6000,28302,0,545026560.000,0,-,-,-,-,3707.8000,3707.6000,3706.2000,3700.4000,3700.0000,3708.8000,3709.0000,3709.4000,3709.6000,3709.8000,1,1,2,1,9,1,1,1,5,1
SF,IF2009,2020-05-29 09:33:06.000,3707.6000,28301,-1,547251180.000,2,0,2,多平,S,3706.2000,3700.4000,3700.0000,3699.6000,3698.2000,3708.6000,3708.8000,3709.4000,3709.6000,3709.8000,2,1,9,1,1,3,2,1,6,1
SF,IF2009,2020-05-29 09:33:06.500,3708.4000,28299,-2,549476220.000,2,0,2,双平,S,3706.4000,3706.2000,3700.4000,3700.0000,3699.6000,3708.6000,3708.8000,3709.0000,3709.4000,3709.6000,2,2,1,9,1,3,1,1,1,6
SF,IF2009,2020-05-29 09:33:07.000,3708.4000,28298,-1,550588740.000,1,0,1,双平,S,3706.6000,3706.4000,3706.2000,3700.4000,3700.0000,3708.2000,3708.4000,3708.6000,3708.8000,3709.0000,1,2,2,1,9,1,1,1,1,1
SF,IF2009,2020-05-29 09:33:07.500,3708.4000,28298,0,550588740.000,0,-,-,-,-,3706.8000,3706.6000,3706.4000,3706.2000,3704.0000,3708.0000,3708.2000,3708.4000,3708.8000,3709.0000,1,3,1,2,1,1,1,1,1,1
SF,IF2009,2020-05-29 09:33:08.000,3708.4000,28298,0,550588740.000,0,-,-,-,-,3706.8000,3706.6000,3706.4000,3706.2000,3704.0000,3708.0000,3708.2000,3708.4000,3708.8000,3709.4000,4,3,1,2,1,1,1,2,1,1
SF,IF2009,2020-05-29 09:33:08.500,3709.4000,28298,0,556151760.000,5,2,3,多换,S,3707.0000,3706.8000,3706.6000,3706.4000,3706.2000,3709.6000,3710.0000,3710.2000,3710.4000,3711.8000,2,4,1,1,2,6,2,2,2,3
SF,IF2009,2020-05-29 09:33:09.000,3709.4000,28298,0,556151760.000,0,-,-,-,-,3707.2000,3707.0000,3706.8000,3706.4000,3706.2000,3708.2000,3708.4000,3708.8000,3709.2000,3709.4000,2,1,3,1,2,1,5,2,3,11
SF,IF2009,2020-05-29 09:33:09.500,3709.4000,28298,0,556151760.000,0,-,-,-,-,3707.4000,3707.2000,3707.0000,3706.8000,3706.4000,3708.0000,3708.4000,3708.8000,3709.0000,3709.2000,2,2,1,3,1,1,5,3,1,1
SF,IF2009,2020-05-29 09:33:10.000,3707.6000,28297,-1,557264040.000,1,0,1,双平,S,3707.4000,3707.2000,3707.0000,3706.8000,3704.0000,3708.8000,3709.0000,3709.2000,3709.4000,3709.6000,3,1,1,3,1,1,1,1,13,6
SF,IF2009,2020-05-29 09:33:10.500,3707.6000,28296,-1,558376320.000,1,0,1,双平,S,3708.0000,3707.4000,3707.2000,3706.8000,3704.0000,3708.6000,3708.8000,3709.2000,3709.4000,3709.6000,1,1,1,3,1,6,2,1,12,6
SF,IF2009,2020-05-29 09:33:11.000,3707.2000,28294,-2,560600820.000,2,0,2,双平,S,3706.8000,3704.0000,3700.4000,3700.0000,3699.6000,3708.0000,3708.6000,3708.8000,3709.2000,3709.4000,3,1,1,9,1,2,5,2,1,12
SF,IF2009,2020-05-29 09:33:11.500,3707.2000,28294,0,560600820.000,0,-,-,-,-,3706.8000,3704.0000,3700.4000,3700.0000,3699.6000,3707.8000,3708.0000,3708.6000,3708.8000,3709.2000,3,1,1,9,1,2,2,4,3,1
SF,IF2009,2020-05-29 09:33:12.000,3706.8000,28293,-1,562824900.000,2,0,2,多平,S,3706.8000,3704.0000,3700.4000,3700.0000,3699.6000,3707.8000,3708.0000,3708.6000,3708.8000,3709.2000,2,1,1,9,1,2,2,4,3,1
SF,IF2009,2020-05-29 09:33:12.500,3706.8000,28293,0,563936940.000,1,0,1,多换,S,3706.8000,3704.0000,3700.4000,3700.0000,3699.6000,3707.8000,3708.0000,3708.6000,3708.8000,3709.2000,2,1,1,9,1,2,2,4,3,1
SF,IF2009,2020-05-29 09:33:13.000,3706.8000,28293,0,566161020.000,2,1,1,多换,S,3704.0000,3700.4000,3700.0000,3699.6000,3698.2000,3707.8000,3708.0000,3708.2000,3708.6000,3708.8000,1,1,9,1,1,2,2,1,4,3
SF,IF2009,2020-05-29 09:33:13.500,3706.8000,28293,0,566161020.000,0,-,-,-,-,3704.8000,3704.6000,3704.2000,3704.0000,3700.4000,3707.6000,3707.8000,3708.0000,3708.2000,3708.6000,2,6,5,2,1,2,2,2,1,3
SF,IF2009,2020-05-29 09:33:14.000,3706.8000,28293,0,566161020.000,0,-,-,-,-,3705.0000,3704.8000,3704.6000,3704.4000,3704.2000,3707.4000,3707.8000,3708.0000,3708.2000,3708.6000,2,2,2,1,9,1,1,2,1,2
SF,IF2009,2020-05-29 09:33:14.500,3706.8000,28293,0,566161020.000,0,-,-,-,-,3705.4000,3705.0000,3704.8000,3704.6000,3704.4000,3707.4000,3707.8000,3708.0000,3708.2000,3708.6000,1,3,2,2,1,2,1,2,1,2
SF,IF2009,2020-05-29 09:33:15.000,3706.8000,28293,0,566161020.000,0,-,-,-,-,3705.6000,3705.4000,3705.0000,3704.6000,3704.4000,3707.4000,3707.8000,3708.0000,3708.4000,3708.6000,2,1,2,2,1,2,1,2,2,2
SF,IF2009,2020-05-29 09:33:15.500,3706.8000,28293,0,566161020.000,0,-,-,-,-,3705.6000,3705.0000,3704.6000,3704.4000,3704.2000,3707.4000,3707.8000,3708.0000,3708.4000,3708.6000,2,2,2,1,6,2,1,3,2,2
SF,IF2009,2020-05-29 09:33:16.000,3706.8000,28293,0,566161020.000,0,-,-,-,-,3705.6000,3705.0000,3704.6000,3704.4000,3704.2000,3707.2000,3707.4000,3707.8000,3708.0000,3708.4000,2,2,2,1,6,2,2,1,3,2
SF,IF2009,2020-05-29 09:33:16.500,3706.8000,28293,0,566161020.000,0,-,-,-,-,3705.6000,3705.0000,3704.6000,3704.4000,3704.2000,3707.0000,3707.2000,3707.4000,3707.8000,3708.0000,2,1,2,1,4,1,2,1,1,3
SF,IF2009,2020-05-29 09:33:17.000,3706.8000,28293,0,566161020.000,0,-,-,-,-,3705.6000,3705.0000,3704.6000,3704.4000,3704.2000,3706.8000,3707.0000,3707.4000,3707.8000,3708.0000,2,1,2,1,4,2,2,1,1,3
SF,IF2009,2020-05-29 09:33:17.500,3706.8000,28293,0,566161020.000,0,-,-,-,-,3705.6000,3704.6000,3704.4000,3704.2000,3704.0000,3706.6000,3706.8000,3707.4000,3708.0000,3708.4000,1,2,1,4,1,2,2,1,3,2
SF,IF2009,2020-05-29 09:33:18.000,3706.8000,28293,0,566161020.000,0,-,-,-,-,3704.6000,3704.4000,3704.2000,3704.0000,3703.2000,3706.4000,3706.6000,3707.4000,3708.0000,3708.4000,2,1,3,1,2,3,1,1,3,2
SF,IF2009,2020-05-29 09:33:18.500,3706.8000,28293,0,566161020.000,0,-,-,-,-,3704.8000,3704.6000,3704.2000,3704.0000,3700.4000,3706.2000,3706.4000,3708.0000,3708.4000,3708.6000,2,2,1,1,1,3,2,3,2,2
SF,IF2009,2020-05-29 09:33:19.000,3706.2000,28291,-2,568384740.000,2,0,2,双平,S,3706.6000,3704.8000,3704.0000,3700.4000,3700.0000,3708.0000,3708.4000,3708.6000,3708.8000,3709.4000,1,2,1,1,8,3,2,3,4,10
SF,IF2009,2020-05-29 09:33:19.500,3706.6000,28290,-1,569496720.000,1,0,1,双平,S,3706.6000,3704.8000,3704.0000,3700.4000,3700.0000,3707.2000,3707.6000,3707.8000,3708.0000,3708.4000,2,2,1,1,8,1,6,8,4,2
SF,IF2009,2020-05-29 09:33:20.000,3706.6000,28290,0,569496720.000,0,-,-,-,-,3707.2000,3706.6000,3705.0000,3704.8000,3704.0000,3707.6000,3707.8000,3708.0000,3708.4000,3708.6000,2,2,1,2,1,1,5,3,2,2
SF,IF2009,2020-05-29 09:33:20.500,3707.2000,28288,-2,571721040.000,2,0,2,双平,S,3706.6000,3705.0000,3704.8000,3704.0000,3700.4000,3707.8000,3708.0000,3708.4000,3708.6000,3708.8000,2,1,2,1,1,1,3,2,1,3
SF,IF2009,2020-05-29 09:33:21.000,3707.2000,28288,0,571721040.000,0,-,-,-,-,3706.8000,3706.6000,3704.8000,3704.0000,3700.4000,3707.8000,3708.0000,3708.4000,3708.6000,3708.8000,2,1,1,1,1,1,3,2,1,1
SF,IF2009,2020-05-29 09:33:21.500,3707.2000,28288,0,571721040.000,0,-,-,-,-,3707.0000,3706.8000,3704.8000,3704.0000,3700.4000,3707.8000,3708.0000,3708.4000,3708.6000,3708.8000,2,2,1,1,1,1,3,2,1,1
SF,IF2009,2020-05-29 09:33:22.000,3707.2000,28288,0,571721040.000,0,-,-,-,-,3707.0000,3706.8000,3704.8000,3704.0000,3700.4000,3708.0000,3708.4000,3708.6000,3709.4000,3709.6000,2,2,1,1,1,3,2,1,8,1
SF,IF2009,2020-05-29 09:33:22.500,3707.2000,28288,0,571721040.000,0,-,-,-,-,3707.2000,3707.0000,3706.8000,3704.8000,3704.0000,3708.0000,3708.4000,3709.4000,3709.6000,3709.8000,1,2,1,1,1,5,2,8,1,1
SF,IF2009,2020-05-29 09:33:23.000,3707.2000,28288,0,571721040.000,0,-,-,-,-,3707.0000,3706.8000,3704.0000,3700.4000,3700.2000,3708.0000,3708.4000,3709.4000,3709.6000,3709.8000,1,1,1,1,1,5,2,8,1,1
SF,IF2009,2020-05-29 09:33:23.500,3707.2000,28287,-1,572833200.000,1,0,1,双平,S,3706.8000,3704.0000,3700.4000,3700.2000,3700.0000,3707.8000,3708.0000,3708.4000,3709.4000,3709.6000,1,1,1,1,8,4,6,2,8,1
SF,IF2009,2020-05-29 09:33:24.000,3707.2000,28287,0,572833200.000,0,-,-,-,-,3706.8000,3704.0000,3700.4000,3700.2000,3700.0000,3707.8000,3708.0000,3708.4000,3709.4000,3709.6000,3,1,1,1,8,3,6,2,8,1
SF,IF2009,2020-05-29 09:33:24.500,3707.2000,28287,0,572833200.000,0,-,-,-,-,3706.8000,3704.0000,3700.4000,3700.2000,3700.0000,3707.8000,3708.0000,3708.4000,3709.4000,3709.6000,3,1,1,1,8,3,6,2,8,1
SF,IF2009,2020-05-29 09:33:25.000,3707.2000,28287,0,572833200.000,0,-,-,-,-,3706.8000,3704.0000,3700.6000,3700.4000,3700.2000,3707.8000,3708.0000,3708.4000,3709.4000,3709.6000,2,1,1,1,1,3,6,2,8,1
SF,IF2009,2020-05-29 09:33:25.500,3707.2000,28287,0,572833200.000,0,-,-,-,-,3704.0000,3700.6000,3700.4000,3700.2000,3700.0000,3707.8000,3708.0000,3708.4000,3709.4000,3709.6000,1,1,1,1,8,3,6,2,8,1
SF,IF2009,2020-05-29 09:33:26.000,3707.2000,28287,0,572833200.000,0,-,-,-,-,3706.0000,3705.2000,3705.0000,3704.8000,3704.4000,3707.8000,3708.0000,3708.4000,3709.4000,3709.6000,2,2,6,2,1,3,6,2,8,1
SF,IF2009,2020-05-29 09:33:26.500,3707.2000,28287,0,572833200.000,0,-,-,-,-,3707.2000,3704.4000,3704.2000,3704.0000,3700.6000,3707.8000,3708.0000,3708.4000,3709.4000,3709.6000,1,1,8,1,1,3,6,2,8,1
SF,IF2009,2020-05-29 09:33:27.000,3707.2000,28287,0,573945360.000,1,0,1,多换,S,3704.4000,3704.2000,3704.0000,3700.6000,3700.4000,3707.0000,3707.2000,3707.6000,3707.8000,3708.0000,1,8,1,1,1,1,3,2,3,4
SF,IF2009,2020-05-29 09:33:27.500,3706.8000,28287,0,576169320.000,2,1,1,多换,S,3705.6000,3704.8000,3704.6000,3704.4000,3704.2000,3706.8000,3707.0000,3707.2000,3707.8000,3708.0000,2,2,10,4,7,1,1,3,2,4
SF,IF2009,2020-05-29 09:33:28.000,3706.8000,28287,0,576169320.000,0,-,-,-,-,3705.8000,3704.6000,3704.4000,3704.2000,3704.0000,3707.0000,3707.2000,3707.8000,3708.0000,3708.4000,1,4,3,4,1,1,3,1,4,2
SF,IF2009,2020-05-29 09:33:29.500,3706.8000,28287,0,576169320.000,0,-,-,-,-,3705.8000,3704.6000,3704.4000,3704.2000,3704.0000,3706.8000,3707.0000,3707.2000,3707.6000,3707.8000,1,4,3,4,1,1,1,3,1,1
SF,IF2009,2020-05-29 09:33:30.000,3706.8000,28287,0,576169320.000,0,-,-,-,-,3705.8000,3704.6000,3704.4000,3704.2000,3704.0000,3706.8000,3707.0000,3707.2000,3707.6000,3707.8000,1,4,2,4,1,1,1,3,1,1
SF,IF2009,2020-05-29 09:33:30.500,3706.8000,28287,0,576169320.000,0,-,-,-,-,3705.8000,3704.6000,3704.4000,3704.2000,3704.0000,3707.0000,3707.2000,3707.6000,3707.8000,3708.0000,3,4,1,4,1,1,3,1,1,4
SF,IF2009,2020-05-29 09:33:31.000,3706.8000,28287,0,576169320.000,0,-,-,-,-,3706.0000,3705.8000,3704.6000,3704.4000,3704.2000,3707.0000,3707.2000,3707.6000,3707.8000,3708.0000,3,1,4,1,4,1,3,1,1,4
SF,IF2009,2020-05-29 09:33:31.500,3707.0000,28286,-1,577281420.000,1,0,1,双平,S,3706.2000,3706.0000,3704.6000,3704.4000,3704.2000,3707.2000,3707.6000,3707.8000,3708.0000,3708.4000,3,1,4,1,4,2,1,1,4,2
SF,IF2009,2020-05-29 09:33:32.000,3707.2000,28285,-1,578393580.000,1,0,1,双平,S,3706.4000,3706.2000,3706.0000,3704.6000,3704.4000,3707.6000,3707.8000,3708.0000,3708.4000,3709.4000,3,1,1,4,1,1,1,4,2,8
SF,IF2009,2020-05-29 09:33:32.500,3707.2000,28285,0,578393580.000,0,-,-,-,-,3706.6000,3706.4000,3706.0000,3705.0000,3704.6000,3707.6000,3707.8000,3708.0000,3708.4000,3709.4000,1,3,1,2,4,1,1,4,2,8
SF,IF2009,2020-05-29 09:33:33.000,3707.2000,28285,0,578393580.000,0,-,-,-,-,3706.6000,3706.4000,3706.0000,3705.0000,3704.6000,3707.4000,3707.6000,3707.8000,3708.0000,3708.4000,3,1,1,2,4,2,1,1,4,2
SF,IF2009,2020-05-29 09:33:33.500,3707.2000,28285,0,578393580.000,0,-,-,-,-,3706.6000,3706.4000,3706.0000,3705.0000,3704.6000,3707.4000,3707.6000,3707.8000,3708.0000,3708.4000,2,1,1,2,4,2,1,1,4,2
SF,IF2009,2020-05-29 09:33:34.500,3707.2000,28285,0,578393580.000,0,-,-,-,-,3706.6000,3706.4000,3706.0000,3705.0000,3704.6000,3707.6000,3707.8000,3708.0000,3708.4000,3709.4000,2,1,1,2,4,6,1,4,2,8
SF,IF2009,2020-05-29 09:33:35.000,3707.2000,28285,0,578393580.000,0,-,-,-,-,3706.6000,3706.4000,3706.0000,3705.8000,3705.0000,3707.6000,3707.8000,3708.0000,3708.4000,3709.4000,1,1,1,1,2,6,1,4,2,8
SF,IF2009,2020-05-29 09:33:35.500,3707.2000,28285,0,578393580.000,0,-,-,-,-,3706.4000,3706.0000,3705.8000,3705.0000,3704.6000,3707.4000,3707.6000,3707.8000,3708.0000,3708.4000,1,1,1,2,4,4,6,1,4,2
SF,IF2009,2020-05-29 09:33:36.000,3707.2000,28285,0,578393580.000,0,-,-,-,-,3706.4000,3706.0000,3705.8000,3705.0000,3704.6000,3707.2000,3707.4000,3707.6000,3707.8000,3708.0000,1,1,2,2,4,2,2,6,1,4
SF,IF2009,2020-05-29 09:33:36.500,3707.2000,28285,0,578393580.000,0,-,-,-,-,3706.0000,3705.8000,3705.0000,3704.6000,3704.4000,3707.2000,3707.4000,3707.6000,3707.8000,3708.0000,1,2,2,4,1,2,2,6,1,4
SF,IF2009,2020-05-29 09:33:37.000,3707.2000,28285,0,578393580.000,0,-,-,-,-,3706.2000,3706.0000,3705.8000,3705.0000,3704.6000,3707.2000,3707.4000,3707.6000,3707.8000,3708.0000,1,1,2,2,2,2,2,6,1,4
SF,IF2009,2020-05-29 09:33:37.500,3707.2000,28285,0,578393580.000,0,-,-,-,-,3706.2000,3706.0000,3705.8000,3705.0000,3704.6000,3707.0000,3707.4000,3707.6000,3707.8000,3708.0000,1,1,2,2,2,2,2,6,1,4
SF,IF2009,2020-05-29 09:33:38.000,3707.0000,28284,-1,579505680.000,1,0,1,双平,S,3706.2000,3706.0000,3705.8000,3705.0000,3704.6000,3707.0000,3707.4000,3707.6000,3707.8000,3708.0000,3,1,2,2,2,1,2,6,1,4
SF,IF2009,2020-05-29 09:33:38.500,3707.4000,28283,-1,581730000.000,2,0,2,多平,S,3707.0000,3706.4000,3706.2000,3706.0000,3705.8000,3707.6000,3707.8000,3708.0000,3708.4000,3709.4000,2,2,1,1,2,6,1,4,2,8
SF,IF2009,2020-05-29 09:33:39.000,3707.6000,28282,-1,585066840.000,3,1,2,多平,S,3707.2000,3707.0000,3706.4000,3705.8000,3705.0000,3707.6000,3707.8000,3708.0000,3708.4000,3709.4000,2,1,1,2,2,3,1,4,2,8
SF,IF2009,2020-05-29 09:33:39.500,3707.8000,28279,-3,589516020.000,4,0,4,多平,S,3707.2000,3707.0000,3706.4000,3705.8000,3705.0000,3708.0000,3708.4000,3709.4000,3709.6000,3709.8000,2,1,1,2,2,4,2,7,1,1
SF,IF2009,2020-05-29 09:33:40.000,3707.8000,28279,0,589516020.000,0,-,-,-,-,3707.4000,3707.2000,3707.0000,3705.8000,3705.0000,3708.0000,3708.4000,3709.4000,3709.6000,3709.8000,1,2,1,2,2,4,2,7,1,1
SF,IF2009,2020-05-29 09:33:40.500,3707.8000,28279,0,589516020.000,0,-,-,-,-,3707.6000,3707.4000,3707.0000,3705.8000,3705.0000,3708.0000,3708.4000,3709.4000,3709.6000,3709.8000,1,2,1,2,2,4,2,7,1,1
SF,IF2009,2020-05-29 09:33:41.000,3707.6000,28279,0,590628300.000,1,0,1,多换,S,3707.4000,3707.0000,3705.8000,3705.0000,3704.6000,3708.0000,3708.4000,3709.4000,3709.6000,3709.8000,2,1,2,2,2,4,2,7,1,1
SF,IF2009,2020-05-29 09:33:41.500,3708.0000,28278,-1,591740700.000,1,0,1,双平,S,3707.4000,3707.0000,3705.8000,3705.0000,3704.6000,3708.0000,3708.4000,3709.4000,3709.6000,3710.0000,1,1,2,2,2,3,2,4,1,1
SF,IF2009,2020-05-29 09:33:42.000,3708.0000,28278,0,593965500.000,2,1,1,多换,S,3707.4000,3707.0000,3706.0000,3705.8000,3705.0000,3708.0000,3708.4000,3709.4000,3709.6000,3710.0000,1,1,1,2,2,1,2,4,1,1
SF,IF2009,2020-05-29 09:33:42.500,3708.0000,28278,0,593965500.000,0,-,-,-,-,3707.0000,3706.0000,3705.8000,3705.0000,3704.6000,3708.0000,3708.4000,3709.4000,3709.6000,3710.0000,1,1,2,2,2,1,2,4,1,1
SF,IF2009,2020-05-29 09:33:43.000,3708.0000,28278,0,593965500.000,0,-,-,-,-,3707.2000,3707.0000,3706.0000,3705.8000,3705.0000,3708.0000,3708.4000,3709.4000,3709.6000,3710.0000,2,2,1,2,2,1,2,4,1,1
SF,IF2009,2020-05-29 09:33:44.000,3708.0000,28278,0,593965500.000,0,-,-,-,-,3707.2000,3707.0000,3706.0000,3705.8000,3705.0000,3707.4000,3708.0000,3708.4000,3709.4000,3709.6000,2,2,1,2,2,1,1,2,4,1
SF,IF2009,2020-05-29 09:33:44.500,3707.4000,28278,0,595077720.000,1,0,1,多换,S,3707.6000,3707.4000,3707.2000,3707.0000,3706.0000,3708.0000,3708.4000,3709.4000,3709.6000,3710.0000,1,5,1,2,1,1,2,4,1,1
SF,IF2009,2020-05-29 09:33:45.000,3707.4000,28278,0,595077720.000,0,-,-,-,-,3707.6000,3707.4000,3707.0000,3706.0000,3705.8000,3708.0000,3708.4000,3709.4000,3709.6000,3710.0000,1,2,1,1,2,1,2,4,1,1
SF,IF2009,2020-05-29 09:33:45.500,3707.4000,28278,0,595077720.000,0,-,-,-,-,3707.4000,3707.0000,3706.0000,3705.8000,3705.0000,3708.0000,3708.4000,3709.4000,3709.6000,3710.0000,2,2,1,2,2,1,2,4,1,1
SF,IF2009,2020-05-29 09:33:46.000,3707.4000,28278,0,595077720.000,0,-,-,-,-,3707.0000,3706.0000,3705.8000,3705.0000,3704.6000,3708.0000,3708.4000,3709.4000,3709.6000,3710.0000,2,1,2,2,2,1,2,4,1,1
SF,IF2009,2020-05-29 09:33:46.500,3707.4000,28278,0,595077720.000,0,-,-,-,-,3707.0000,3706.0000,3705.8000,3705.0000,3704.6000,3707.8000,3708.0000,3708.4000,3709.4000,3709.6000,1,1,2,2,2,1,1,2,4,1
SF,IF2009,2020-05-29 09:33:47.000,3707.4000,28278,0,595077720.000,0,-,-,-,-,3707.0000,3706.0000,3705.8000,3705.0000,3704.6000,3707.8000,3708.0000,3708.4000,3709.4000,3709.6000,1,1,2,2,2,1,1,2,4,1
SF,IF2009,2020-05-29 09:33:47.500,3707.4000,28278,0,595077720.000,0,-,-,-,-,3707.0000,3706.0000,3705.8000,3705.0000,3704.6000,3707.4000,3707.8000,3708.0000,3708.4000,3709.4000,3,1,2,2,2,1,1,1,2,4
SF,IF2009,2020-05-29 09:33:48.000,3708.0000,28279,1,598414680.000,3,2,1,空开,S,3708.0000,3707.0000,3706.0000,3705.8000,3705.0000,3708.4000,3709.4000,3709.6000,3710.0000,3711.0000,10,3,1,2,2,2,4,1,1,1
SF,IF2009,2020-05-29 09:33:48.500,3708.0000,28279,0,609538680.000,10,5,5,多换,S,3707.0000,3706.0000,3705.8000,3705.0000,3704.6000,3707.6000,3707.8000,3708.0000,3708.2000,3708.4000,3,1,2,2,2,1,1,1,1,2
SF,IF2009,2020-05-29 09:33:49.000,3707.0000,28277,-2,612874980.000,3,0,3,多平,S,3706.0000,3705.8000,3705.0000,3704.6000,3704.4000,3707.0000,3707.4000,3707.6000,3707.8000,3708.0000,1,2,2,2,1,1,1,1,1,1
SF,IF2009,2020-05-29 09:33:49.500,3707.0000,28277,0,612874980.000,0,-,-,-,-,3706.2000,3706.0000,3705.8000,3705.0000,3704.6000,3706.8000,3707.0000,3707.4000,3707.8000,3708.0000,3,1,2,2,2,1,2,1,1,1
SF,IF2009,2020-05-29 09:33:50.000,3707.0000,28276,-1,613987080.000,1,0,1,双平,S,3706.8000,3706.0000,3705.8000,3705.0000,3704.6000,3707.0000,3707.8000,3708.0000,3708.2000,3708.4000,1,1,2,2,2,1,1,1,1,2
SF,IF2009,2020-05-29 09:33:50.500,3707.0000,28275,-1,615099180.000,1,0,1,双平,S,3706.8000,3706.0000,3705.8000,3705.0000,3704.6000,3707.8000,3708.0000,3708.2000,3708.4000,3709.4000,3,1,2,2,2,1,1,1,2,4
SF,IF2009,2020-05-29 09:33:51.000,3707.0000,28275,0,615099180.000,0,-,-,-,-,3706.8000,3706.0000,3705.8000,3705.0000,3704.6000,3707.8000,3708.0000,3708.2000,3708.4000,3709.4000,1,1,2,2,2,1,1,1,2,4
SF,IF2009,2020-05-29 09:33:51.500,3707.0000,28275,0,615099180.000,0,-,-,-,-,3706.8000,3706.0000,3705.8000,3705.0000,3704.6000,3707.6000,3707.8000,3708.0000,3708.2000,3708.4000,1,1,2,2,2,1,1,1,1,2
SF,IF2009,2020-05-29 09:33:52.000,3707.0000,28275,0,615099180.000,0,-,-,-,-,3706.8000,3706.0000,3705.8000,3705.0000,3704.6000,3707.6000,3707.8000,3708.0000,3708.2000,3708.4000,2,1,2,2,2,1,1,1,1,2
SF,IF2009,2020-05-29 09:33:52.500,3707.0000,28275,0,615099180.000,0,-,-,-,-,3706.8000,3706.0000,3705.8000,3705.0000,3704.6000,3707.6000,3707.8000,3708.0000,3708.2000,3708.4000,1,1,2,2,2,2,1,1,1,2
SF,IF2009,2020-05-29 09:33:53.000,3706.8000,28275,0,617323260.000,2,1,1,多换,S,3706.0000,3705.8000,3705.0000,3704.6000,3704.4000,3707.6000,3707.8000,3708.0000,3708.2000,3708.4000,1,2,2,2,1,2,1,1,1,2
SF,IF2009,2020-05-29 09:33:53.500,3706.8000,28275,0,617323260.000,0,-,-,-,-,3706.2000,3706.0000,3705.8000,3705.0000,3704.6000,3707.6000,3707.8000,3708.0000,3708.2000,3708.4000,2,1,2,2,2,2,1,1,1,2
SF,IF2009,2020-05-29 09:33:54.000,3706.8000,28275,0,617323260.000,0,-,-,-,-,3706.4000,3706.2000,3706.0000,3705.8000,3705.0000,3707.6000,3707.8000,3708.0000,3708.2000,3708.4000,1,2,1,2,2,2,1,1,1,2
SF,IF2009,2020-05-29 09:33:54.500,3706.8000,28275,0,617323260.000,0,-,-,-,-,3706.6000,3706.4000,3706.0000,3705.8000,3705.0000,3707.6000,3707.8000,3708.0000,3708.2000,3708.4000,1,1,1,2,2,1,1,1,1,2
SF,IF2009,2020-05-29 09:33:55.000,3706.8000,28275,0,617323260.000,0,-,-,-,-,3706.8000,3706.6000,3706.0000,3705.8000,3705.0000,3707.6000,3708.0000,3708.2000,3708.4000,3709.4000,1,4,1,2,2,1,1,1,2,4
SF,IF2009,2020-05-29 09:33:55.500,3706.8000,28275,0,617323260.000,0,-,-,-,-,3707.0000,3706.6000,3706.0000,3705.8000,3705.0000,3707.6000,3708.0000,3708.2000,3708.4000,3709.4000,1,2,1,2,2,1,1,1,2,4
SF,IF2009,2020-05-29 09:33:56.000,3706.8000,28275,0,617323260.000,0,-,-,-,-,3707.0000,3706.6000,3706.0000,3705.8000,3705.0000,3707.6000,3708.0000,3708.2000,3708.4000,3709.4000,1,1,1,2,2,1,1,1,2,4
SF,IF2009,2020-05-29 09:33:56.500,3707.0000,28275,0,618435360.000,1,0,1,多换,S,3706.6000,3706.0000,3705.8000,3705.0000,3704.6000,3707.6000,3708.0000,3708.2000,3708.4000,3709.4000,1,1,2,2,2,1,1,1,2,4
SF,IF2009,2020-05-29 09:33:57.000,3707.0000,28275,0,618435360.000,0,-,-,-,-,3706.6000,3706.2000,3706.0000,3705.8000,3705.0000,3707.0000,3707.6000,3708.0000,3708.2000,3708.4000,1,1,1,2,2,1,1,1,1,2
SF,IF2009,2020-05-29 09:33:57.500,3707.0000,28275,0,618435360.000,0,-,-,-,-,3706.2000,3706.0000,3705.8000,3705.0000,3704.6000,3706.6000,3707.6000,3708.0000,3708.2000,3708.4000,1,1,2,2,2,3,1,1,1,2
SF,IF2009,2020-05-29 09:33:58.000,3706.2000,28274,-1,619547220.000,1,0,1,双平,S,3706.0000,3705.8000,3705.0000,3704.6000,3704.4000,3706.2000,3707.6000,3708.0000,3708.2000,3708.4000,1,2,2,2,1,2,1,1,1,2
SF,IF2009,2020-05-29 09:33:58.500,3706.0000,28274,0,620659020.000,1,0,1,多换,S,3705.8000,3705.0000,3704.6000,3704.2000,3704.0000,3706.0000,3707.6000,3708.2000,3708.4000,3709.4000,2,2,2,1,1,1,1,1,2,4
SF,IF2009,2020-05-29 09:33:59.000,3706.0000,28274,0,620659020.000,0,-,-,-,-,3705.8000,3705.0000,3704.6000,3704.2000,3704.0000,3706.0000,3707.6000,3708.2000,3708.4000,3709.4000,2,2,2,1,1,1,1,1,2,4
SF,IF2009,2020-05-29 09:33:59.500,3706.0000,28273,-1,621770820.000,1,0,1,双平,S,3706.0000,3705.8000,3705.0000,3704.6000,3704.2000,3707.6000,3708.2000,3708.4000,3709.4000,3709.6000,1,2,2,2,1,1,1,2,4,1
SF,IF2009,2020-05-29 09:34:00.000,3705.8000,28274,1,625106100.000,3,2,1,空开,S,3705.0000,3704.6000,3704.2000,3704.0000,3700.6000,3706.4000,3706.6000,3707.0000,3707.2000,3707.4000,2,2,1,1,1,1,5,3,2,5
SF,IF2009,2020-05-29 09:34:00.500,3705.0000,28272,-2,627329100.000,2,0,2,双平,S,3704.6000,3704.2000,3704.0000,3700.6000,3700.4000,3706.2000,3706.4000,3706.6000,3707.0000,3707.2000,2,1,1,1,1,4,7,5,3,1
SF,IF2009,2020-05-29 09:34:01.000,3704.8000,28271,-1,628440540.000,1,0,1,双平,S,3704.0000,3700.6000,3700.4000,3700.2000,3700.0000,3706.0000,3706.2000,3706.4000,3706.6000,3707.0000,1,1,1,1,9,10,4,5,5,3
SF,IF2009,2020-05-29 09:34:01.500,3704.0000,28270,-1,629551740.000,1,0,1,双平,S,3700.6000,3700.4000,3700.2000,3700.0000,3699.6000,3704.0000,3705.8000,3706.0000,3706.2000,3706.4000,1,1,1,4,1,1,7,9,4,5
SF,IF2009,2020-05-29 09:34:02.000,3704.0000,28268,-2,631774140.000,2,0,2,双平,S,3702.8000,3702.4000,3702.2000,3702.0000,3701.8000,3704.0000,3705.8000,3706.0000,3706.2000,3707.0000,2,1,1,4,4,2,1,6,4,1
SF,IF2009,2020-05-29 09:34:02.500,3704.0000,28268,0,632885340.000,1,0,1,多换,S,3703.0000,3702.0000,3701.8000,3701.6000,3700.8000,3704.0000,3705.8000,3706.0000,3706.2000,3707.0000,2,3,5,1,11,1,1,6,4,1
SF,IF2009,2020-05-29 09:34:03.000,3704.0000,28268,0,632885340.000,0,-,-,-,-,3703.0000,3702.0000,3700.8000,3700.6000,3700.4000,3703.8000,3704.0000,3705.8000,3706.0000,3706.2000,1,1,9,1,2,1,1,1,6,4
SF,IF2009,2020-05-29 09:34:03.500,3704.0000,28267,-1,633996540.000,1,0,1,双平,S,3703.2000,3703.0000,3702.0000,3700.8000,3700.6000,3705.8000,3706.0000,3706.2000,3707.0000,3707.2000,1,1,1,9,1,1,6,4,1,1
SF,IF2009,2020-05-29 09:34:04.000,3704.0000,28267,0,633996540.000,0,-,-,-,-,3703.4000,3703.2000,3702.0000,3700.8000,3700.6000,3705.2000,3705.6000,3705.8000,3706.0000,3706.2000,2,2,1,9,1,5,7,2,6,4
SF,IF2009,2020-05-29 09:34:04.500,3703.6000,28266,-1,635107620.000,1,0,1,双平,S,3703.6000,3703.4000,3702.0000,3700.8000,3700.6000,3705.0000,3705.2000,3705.6000,3705.8000,3706.0000,2,2,1,8,1,2,5,3,1,3
SF,IF2009,2020-05-29 09:34:05.000,3703.6000,28266,0,635107620.000,0,-,-,-,-,3703.6000,3703.4000,3703.2000,3702.0000,3700.8000,3705.6000,3705.8000,3706.0000,3706.2000,3707.0000,4,2,1,1,8,1,1,3,4,2
SF,IF2009,2020-05-29 09:34:05.500,3703.6000,28266,0,635107620.000,0,-,-,-,-,3703.8000,3703.6000,3703.4000,3703.2000,3702.0000,3705.4000,3705.6000,3705.8000,3706.0000,3706.2000,3,1,1,1,1,2,1,1,2,2
SF,IF2009,2020-05-29 09:34:06.000,3703.6000,28266,0,635107620.000,0,-,-,-,-,3704.0000,3703.8000,3703.4000,3703.2000,3702.0000,3705.2000,3705.4000,3705.8000,3706.0000,3706.2000,2,3,1,1,1,1,1,1,2,2
SF,IF2009,2020-05-29 09:34:06.500,3703.6000,28265,-1,636218700.000,1,0,1,双平,S,3704.0000,3703.8000,3703.4000,3703.2000,3702.0000,3705.2000,3705.4000,3705.8000,3706.0000,3706.2000,1,2,1,1,1,1,1,1,2,2
SF,IF2009,2020-05-29 09:34:07.000,3703.6000,28265,0,636218700.000,0,-,-,-,-,3704.2000,3704.0000,3703.8000,3703.4000,3703.2000,3705.2000,3705.4000,3705.8000,3706.0000,3706.2000,1,1,2,1,1,1,1,1,2,2
SF,IF2009,2020-05-29 09:34:07.500,3703.6000,28265,0,636218700.000,0,-,-,-,-,3704.4000,3704.2000,3703.8000,3703.4000,3703.2000,3705.2000,3705.4000,3705.8000,3706.0000,3706.2000,2,2,1,1,1,1,1,1,2,2
SF,IF2009,2020-05-29 09:34:08.000,3703.6000,28265,0,636218700.000,0,-,-,-,-,3704.6000,3704.4000,3703.8000,3703.2000,3702.0000,3705.2000,3705.8000,3706.0000,3706.2000,3707.0000,2,2,1,1,1,1,1,2,2,2
SF,IF2009,2020-05-29 09:34:08.500,3705.2000,28264,-1,637330260.000,1,0,1,双平,S,3704.6000,3703.8000,3703.2000,3702.0000,3700.8000,3707.0000,3707.2000,3707.4000,3707.6000,3708.4000,2,1,1,1,8,2,1,4,1,2
SF,IF2009,2020-05-29 09:34:09.000,3705.2000,28264,0,637330260.000,0,-,-,-,-,3704.8000,3704.6000,3703.8000,3703.2000,3702.0000,3706.4000,3706.6000,3706.8000,3707.0000,3707.2000,1,2,1,1,1,1,5,4,2,1
SF,IF2009,2020-05-29 09:34:09.500,3705.2000,28264,0,637330260.000,0,-,-,-,-,3705.0000,3704.8000,3704.6000,3703.2000,3702.0000,3706.0000,3706.2000,3706.4000,3706.6000,3706.8000,1,1,1,1,1,1,8,3,7,4
SF,IF2009,2020-05-29 09:34:10.000,3705.2000,28264,0,637330260.000,0,-,-,-,-,3705.0000,3703.2000,3702.0000,3700.8000,3700.6000,3706.2000,3706.4000,3706.8000,3707.0000,3707.2000,2,1,1,8,1,2,1,2,2,1
SF,IF2009,2020-05-29 09:34:10.500,3705.0000,28264,0,639553260.000,2,1,1,多换,S,3703.2000,3702.0000,3700.8000,3700.6000,3700.4000,3706.0000,3706.2000,3706.8000,3707.0000,3707.2000,1,1,8,1,2,2,2,2,2,1
SF,IF2009,2020-05-29 09:34:11.000,3705.0000,28264,0,639553260.000,0,-,-,-,-,3703.6000,3703.4000,3703.2000,3702.0000,3700.8000,3705.8000,3706.0000,3706.2000,3706.8000,3707.0000,1,4,1,1,8,2,4,1,2,2
SF,IF2009,2020-05-29 09:34:11.500,3705.0000,28264,0,639553260.000,0,-,-,-,-,3704.0000,3703.8000,3703.6000,3703.4000,3703.2000,3705.8000,3706.2000,3706.8000,3707.0000,3707.2000,2,2,1,5,2,2,1,2,2,1
SF,IF2009,2020-05-29 09:34:12.000,3705.0000,28264,0,639553260.000,0,-,-,-,-,3704.2000,3704.0000,3703.8000,3703.6000,3703.4000,3705.8000,3706.2000,3706.8000,3707.0000,3707.2000,1,2,2,1,2,1,1,2,2,1
SF,IF2009,2020-05-29 09:34:12.500,3705.0000,28264,0,639553260.000,0,-,-,-,-,3704.4000,3704.2000,3703.8000,3703.6000,3703.4000,3705.8000,3706.2000,3706.8000,3707.0000,3707.2000,1,1,2,1,2,1,1,2,2,1
SF,IF2009,2020-05-29 09:34:13.000,3705.0000,28264,0,639553260.000,0,-,-,-,-,3704.6000,3704.4000,3703.8000,3703.6000,3703.4000,3706.2000,3706.8000,3707.0000,3707.2000,3707.4000,1,3,2,1,1,1,2,2,1,3
SF,IF2009,2020-05-29 09:34:13.500,3705.0000,28264,0,639553260.000,0,-,-,-,-,3704.6000,3704.4000,3703.8000,3703.6000,3703.4000,3706.8000,3707.0000,3707.2000,3707.4000,3708.4000,2,2,2,1,1,2,2,1,3,2
SF,IF2009,2020-05-29 09:34:14.000,3705.0000,28264,0,639553260.000,0,-,-,-,-,3704.8000,3704.6000,3704.4000,3703.8000,3703.6000,3706.6000,3706.8000,3707.0000,3707.2000,3707.4000,3,2,2,1,1,2,3,2,1,3
SF,IF2009,2020-05-29 09:34:14.500,3705.0000,28264,0,639553260.000,0,-,-,-,-,3705.0000,3704.8000,3704.4000,3703.6000,3703.4000,3706.6000,3706.8000,3707.0000,3708.4000,3708.8000,4,2,2,1,1,1,1,1,2,1
SF,IF2009,2020-05-29 09:34:15.000,3704.4000,28253,-11,651779280.000,11,0,11,双平,S,3703.4000,3702.0000,3700.8000,3700.6000,3700.4000,3704.0000,3706.6000,3706.8000,3707.0000,3708.4000,1,1,5,1,2,4,1,1,1,2
SF,IF2009,2020-05-29 09:34:15.500,3704.0000,28249,-4,657335400.000,5,0,5,多平,S,3705.0000,3704.8000,3704.4000,3704.2000,3704.0000,3706.8000,3707.0000,3708.4000,3708.8000,3711.0000,1,2,3,4,22,1,1,2,1,1
SF,IF2009,2020-05-29 09:34:16.000,3704.0000,28249,0,657335400.000,0,-,-,-,-,3705.2000,3705.0000,3704.6000,3704.0000,3703.6000,3706.6000,3706.8000,3707.0000,3708.4000,3708.8000,1,1,1,13,8,3,3,1,2,1
SF,IF2009,2020-05-29 09:34:16.500,3706.4000,28248,-1,658447320.000,1,0,1,双平,S,3705.4000,3705.2000,3704.6000,3704.4000,3704.0000,3706.4000,3706.6000,3706.8000,3707.0000,3708.4000,1,1,1,1,13,1,1,2,1,2
SF,IF2009,2020-05-29 09:34:17.000,3706.4000,28248,0,658447320.000,0,-,-,-,-,3705.4000,3704.4000,3704.2000,3704.0000,3703.6000,3706.2000,3706.8000,3707.0000,3708.4000,3708.8000,1,1,1,12,7,2,2,1,2,1
SF,IF2009,2020-05-29 09:34:17.500,3706.4000,28247,-1,659559240.000,1,0,1,双平,S,3706.2000,3705.6000,3705.4000,3704.4000,3704.2000,3706.8000,3707.0000,3708.4000,3708.8000,3711.0000,2,3,1,2,1,1,1,2,1,1
SF,IF2009,2020-05-29 09:34:18.000,3706.4000,28247,0,659559240.000,0,-,-,-,-,3706.4000,3706.2000,3705.6000,3704.8000,3704.6000,3706.8000,3707.0000,3708.4000,3708.8000,3711.0000,1,2,1,1,1,1,1,2,1,1
