市场代码,合约代码,时间,最新,持仓,增仓,成交额,成交量,开仓,平仓,成交类型,方向,买一价,买二价,买三价,买四价,买五价,卖一价,卖二价,卖三价,卖四价,卖五价,买一量,买二量,买三量,买四量,买五量,卖一量,卖二量,卖三量,卖四量,卖五量
SF,IF2012,2020-05-14 09:29:00.400,3799.8000,2728,0,0.000,0.000,-,-,-,-,3775.2000,3773.2000,3773.0000,3770.8000,3766.8000,3780.4000,3788.0000,3789.4000,3789.8000,3790.6000,1,1,1,1,1,1,4,1,1,1
SF,IF2012,2020-05-14 09:30:00.400,3780.4000,2729,1,1134120.000,1,1,0,双开,S,3775.2000,3770.8000,3766.8000,3766.6000,3763.4000,3787.2000,3788.0000,3789.4000,3789.8000,3794.6000,1,1,1,1,3,2,4,1,1,3
SF,IF2012,2020-05-14 09:30:00.900,3780.4000,2729,0,1134120.000,0,-,-,-,-,3775.4000,3775.2000,3770.8000,3766.8000,3766.6000,3786.8000,3787.0000,3787.2000,3788.0000,3789.4000,1,1,1,1,1,7,1,2,4,1
SF,IF2012,2020-05-14 09:30:01.400,3780.4000,2729,0,1134120.000,0,-,-,-,-,3777.0000,3775.4000,3775.2000,3770.8000,3766.8000,3780.0000,3786.6000,3786.8000,3787.2000,3788.0000,1,1,1,1,1,1,1,7,2,4
SF,IF2012,2020-05-14 09:30:01.900,3780.0000,2729,0,2268120.000,1,0,1,多换,S,3777.0000,3775.2000,3770.8000,3766.8000,3766.6000,3779.8000,3786.6000,3786.8000,3787.2000,3788.0000,1,1,1,1,1,1,1,7,2,4
SF,IF2012,2020-05-14 09:30:02.400,3780.0000,2729,0,2268120.000,0,-,-,-,-,3777.2000,3775.2000,3770.8000,3766.8000,3721.4000,3779.6000,3779.8000,3785.8000,3786.8000,3788.0000,1,1,1,1,2,1,1,2,7,4
SF,IF2012,2020-05-14 09:30:02.900,3777.2000,2728,-1,3401280.000,1,0,1,双平,S,3775.2000,3770.8000,3766.8000,3721.4000,3721.0000,3779.4000,3779.6000,3785.8000,3786.8000,3788.0000,1,1,1,2,2,1,1,2,7,4
SF,IF2012,2020-05-14 09:30:03.400,3777.2000,2728,0,3401280.000,0,-,-,-,-,3775.4000,3775.2000,3770.8000,3766.8000,3721.4000,3779.0000,3779.2000,3779.4000,3785.8000,3788.0000,1,1,1,1,2,7,1,1,2,4
SF,IF2012,2020-05-14 09:30:03.900,3775.4000,2727,-1,4533900.000,1,0,1,双平,S,3770.8000,3766.8000,3721.4000,3721.0000,3679.4000,3778.8000,3779.0000,3785.8000,3788.0000,3796.2000,1,1,2,2,1,2,7,2,4,1
SF,IF2012,2020-05-14 09:30:04.400,3775.4000,2727,0,4533900.000,0,-,-,-,-,3771.0000,3770.8000,3766.8000,3721.4000,3721.0000,3778.4000,3778.8000,3785.8000,3788.0000,3796.2000,1,1,1,2,2,7,2,2,4,1
SF,IF2012,2020-05-14 09:30:04.900,3775.4000,2727,0,4533900.000,0,-,-,-,-,3771.0000,3770.8000,3766.8000,3721.4000,3721.0000,3778.2000,3778.4000,3785.8000,3788.0000,3796.2000,1,1,1,2,2,2,7,2,4,1
SF,IF2012,2020-05-14 09:30:05.400,3775.4000,2727,0,4533900.000,0,-,-,-,-,3771.8000,3771.0000,3770.8000,3766.8000,3721.0000,3777.8000,3778.2000,3785.8000,3788.0000,3799.8000,1,1,1,1,2,7,2,2,4,1
SF,IF2012,2020-05-14 09:30:05.900,3775.4000,2727,0,4533900.000,0,-,-,-,-,3772.0000,3771.8000,3770.8000,3766.8000,3721.0000,3777.6000,3777.8000,3785.8000,3788.0000,3799.8000,1,1,1,1,2,2,7,2,4,1
SF,IF2012,2020-05-14 09:30:06.400,3775.4000,2727,0,4533900.000,0,-,-,-,-,3772.0000,3770.8000,3766.8000,3721.0000,3679.4000,3777.2000,3777.4000,3777.6000,3785.8000,3788.0000,1,1,1,2,1,7,1,2,2,4
SF,IF2012,2020-05-14 09:30:06.900,3775.4000,2727,0,4533900.000,0,-,-,-,-,3772.0000,3770.8000,3766.8000,3721.0000,3679.4000,3777.0000,3788.0000,3799.8000,3801.2000,3802.0000,1,1,1,2,1,3,4,1,1,1
SF,IF2012,2020-05-14 09:30:07.400,3766.8000,2725,-2,7926780.000,3,0,3,多平,S,3721.0000,3679.4000,3674.8000,3666.6000,3634.0000,3777.0000,3788.0000,3799.8000,3801.2000,3802.0000,2,1,1,2,2,3,4,1,1,1
SF,IF2012,2020-05-14 09:30:07.900,3766.8000,2725,0,7926780.000,0,-,-,-,-,3742.4000,3740.6000,3735.0000,3725.4000,3721.4000,3776.6000,3777.0000,3788.0000,3799.8000,3801.2000,3,1,12,3,7,7,3,4,1,1
SF,IF2012,2020-05-14 09:30:08.400,3766.8000,2725,0,7926780.000,0,-,-,-,-,3742.8000,3742.6000,3742.4000,3740.6000,3735.0000,3776.4000,3776.6000,3788.0000,3799.8000,3801.2000,7,2,3,1,12,3,7,4,1,1
SF,IF2012,2020-05-14 09:30:08.900,3766.8000,2725,0,7926780.000,0,-,-,-,-,3769.0000,3767.0000,3766.6000,3766.2000,3766.0000,3776.0000,3776.4000,3788.0000,3799.8000,3801.2000,1,2,1,2,1,7,3,4,1,1
SF,IF2012,2020-05-14 09:30:09.400,3766.8000,2725,0,7926780.000,0,-,-,-,-,3769.2000,3769.0000,3768.6000,3767.8000,3767.4000,3775.8000,3788.0000,3799.8000,3801.2000,3802.0000,1,1,1,1,1,3,4,1,1,1
SF,IF2012,2020-05-14 09:30:09.900,3766.8000,2725,0,7926780.000,0,-,-,-,-,3769.6000,3769.4000,3769.2000,3769.0000,3767.4000,3775.8000,3788.0000,3799.8000,3801.2000,3802.0000,4,2,1,1,2,3,4,1,1,1
SF,IF2012,2020-05-14 09:30:10.400,3766.8000,2725,0,7926780.000,0,-,-,-,-,3769.8000,3769.6000,3769.4000,3769.0000,3768.8000,3775.6000,3775.8000,3788.0000,3799.8000,3801.2000,2,4,2,1,1,1,3,4,1,1
SF,IF2012,2020-05-14 09:30:10.900,3766.8000,2725,0,7926780.000,0,-,-,-,-,3770.8000,3770.6000,3770.4000,3770.2000,3769.8000,3775.4000,3775.6000,3788.0000,3799.8000,3801.2000,2,1,2,1,2,3,1,4,1,1
SF,IF2012,2020-05-14 09:30:11.400,3766.8000,2725,0,7926780.000,0,-,-,-,-,3771.2000,3771.0000,3770.8000,3770.6000,3770.4000,3775.4000,3775.6000,3788.0000,3799.8000,3801.2000,1,1,3,1,2,3,1,4,1,1
SF,IF2012,2020-05-14 09:30:11.900,3766.8000,2725,0,7926780.000,0,-,-,-,-,3771.8000,3771.4000,3771.2000,3770.8000,3770.4000,3775.4000,3788.0000,3799.8000,3801.2000,3802.0000,1,1,1,3,2,2,4,1,1,1
SF,IF2012,2020-05-14 09:30:12.400,3766.8000,2725,0,7926780.000,0,-,-,-,-,3772.4000,3772.0000,3771.8000,3771.6000,3771.2000,3775.4000,3788.0000,3799.8000,3801.2000,3802.0000,1,1,1,1,1,2,4,1,1,1
SF,IF2012,2020-05-14 09:30:12.900,3766.8000,2725,0,7926780.000,0,-,-,-,-,3772.6000,3772.4000,3772.2000,3771.8000,3771.6000,3775.2000,3775.4000,3788.0000,3799.8000,3801.2000,1,2,2,1,1,1,2,4,1,1
SF,IF2012,2020-05-14 09:30:13.400,3775.4000,2723,-2,10191960.000,2,0,2,双平,S,3773.0000,3772.8000,3772.6000,3772.4000,3772.0000,3775.0000,3788.0000,3799.8000,3801.2000,3802.0000,2,1,1,2,1,1,4,1,1,1
SF,IF2012,2020-05-14 09:30:13.900,3775.0000,2723,0,11324460.000,1,0,1,多换,S,3775.4000,3773.2000,3772.8000,3772.4000,3772.0000,3788.0000,3799.8000,3801.2000,3802.0000,3873.0000,1,1,1,1,1,4,1,1,1,2
SF,IF2012,2020-05-14 09:30:14.400,3775.2000,2723,0,12457020.000,1,0,1,多换,S,3775.6000,3775.4000,3772.0000,3771.2000,3770.8000,3782.0000,3783.0000,3787.6000,3787.8000,3788.0000,1,1,1,1,3,1,1,7,2,4
SF,IF2012,2020-05-14 09:30:14.900,3775.2000,2723,0,12457020.000,0,-,-,-,-,3775.6000,3775.4000,3772.0000,3771.2000,3770.8000,3781.6000,3781.8000,3788.0000,3799.8000,3801.2000,1,1,1,1,3,7,1,4,1,1
SF,IF2012,2020-05-14 09:30:15.400,3775.2000,2723,0,12457020.000,0,-,-,-,-,3775.8000,3775.6000,3775.4000,3772.0000,3770.8000,3781.4000,3781.6000,3786.6000,3788.0000,3799.8000,1,1,1,1,3,1,7,2,4,1
SF,IF2012,2020-05-14 09:30:15.900,3775.2000,2723,0,12457020.000,0,-,-,-,-,3776.0000,3775.8000,3775.4000,3772.0000,3770.8000,3781.0000,3781.4000,3786.6000,3788.0000,3799.8000,1,1,1,1,3,7,1,2,4,1
SF,IF2012,2020-05-14 09:30:16.400,3775.2000,2723,0,12457020.000,0,-,-,-,-,3776.2000,3776.0000,3775.4000,3772.0000,3770.8000,3780.8000,3781.0000,3786.6000,3788.0000,3799.8000,1,1,1,1,3,1,7,2,4,1
SF,IF2012,2020-05-14 09:30:16.900,3775.2000,2723,0,12457020.000,0,-,-,-,-,3776.4000,3776.2000,3775.4000,3772.0000,3770.8000,3780.4000,3780.8000,3786.6000,3788.0000,3799.8000,1,1,1,1,3,7,1,2,4,1
SF,IF2012,2020-05-14 09:30:17.400,3775.2000,2723,0,12457020.000,0,-,-,-,-,3776.6000,3776.4000,3775.4000,3773.0000,3772.0000,3778.0000,3780.2000,3786.6000,3788.0000,3799.8000,1,1,1,1,1,1,1,2,4,1
SF,IF2012,2020-05-14 09:30:17.900,3778.0000,2722,-1,13590420.000,1,0,1,双平,S,3776.8000,3776.6000,3775.4000,3773.0000,3772.0000,3780.2000,3786.6000,3788.0000,3799.8000,3801.2000,1,1,1,1,1,1,2,4,1,1
SF,IF2012,2020-05-14 09:30:18.400,3778.0000,2722,0,13590420.000,0,-,-,-,-,3777.0000,3776.8000,3775.4000,3773.0000,3772.0000,3780.2000,3786.6000,3788.0000,3799.8000,3801.2000,2,1,1,1,1,1,2,4,1,1
SF,IF2012,2020-05-14 09:30:19.400,3777.0000,2721,-1,14723520.000,1,0,1,双平,S,3777.0000,3775.4000,3773.0000,3772.0000,3770.8000,3780.2000,3786.6000,3788.0000,3799.8000,3801.2000,1,1,1,1,2,1,2,4,1,1
SF,IF2012,2020-05-14 09:30:19.900,3777.0000,2721,0,14723520.000,0,-,-,-,-,3777.0000,3775.4000,3773.0000,3772.0000,3770.8000,3780.2000,3786.6000,3788.0000,3799.8000,3801.2000,1,1,1,1,2,1,2,4,1,1
SF,IF2012,2020-05-14 09:30:20.900,3777.0000,2721,0,14723520.000,0,-,-,-,-,3777.0000,3775.4000,3772.0000,3770.8000,3770.2000,3780.2000,3786.6000,3788.0000,3799.8000,3801.2000,1,1,1,2,1,1,2,4,1,1
SF,IF2012,2020-05-14 09:30:21.400,3777.0000,2721,0,14723520.000,0,-,-,-,-,3777.0000,3775.4000,3772.0000,3770.8000,3770.2000,3780.0000,3780.2000,3786.6000,3788.0000,3799.8000,1,1,1,2,1,1,1,2,4,1
SF,IF2012,2020-05-14 09:30:21.900,3777.0000,2721,0,14723520.000,0,-,-,-,-,3777.0000,3775.4000,3772.0000,3770.8000,3770.2000,3779.8000,3780.0000,3786.6000,3788.0000,3799.8000,1,1,1,2,1,1,1,2,4,1
SF,IF2012,2020-05-14 09:30:22.400,3777.0000,2721,0,14723520.000,0,-,-,-,-,3777.0000,3775.4000,3772.0000,3770.8000,3770.2000,3779.8000,3780.0000,3786.6000,3788.0000,3799.8000,1,1,1,1,1,1,1,2,4,1
SF,IF2012,2020-05-14 09:30:22.900,3777.0000,2721,0,14723520.000,0,-,-,-,-,3777.0000,3775.4000,3772.0000,3770.8000,3770.2000,3779.8000,3786.6000,3788.0000,3799.8000,3801.2000,1,1,1,1,1,1,2,4,1,1
SF,IF2012,2020-05-14 09:30:23.400,3777.0000,2721,0,14723520.000,0,-,-,-,-,3777.0000,3775.4000,3772.0000,3770.8000,3770.2000,3779.8000,3788.0000,3799.8000,3801.2000,3802.0000,1,1,1,1,1,1,4,1,1,1
SF,IF2012,2020-05-14 09:30:26.900,3777.0000,2721,0,14723520.000,0,-,-,-,-,3777.0000,3775.4000,3772.0000,3770.8000,3770.2000,3779.8000,3788.0000,3799.8000,3801.2000,3802.0000,1,1,1,1,1,1,4,1,1,1
SF,IF2012,2020-05-14 09:30:27.400,3777.0000,2721,0,14723520.000,0,-,-,-,-,3777.2000,3777.0000,3775.4000,3773.6000,3772.0000,3779.8000,3788.0000,3799.8000,3801.2000,3802.0000,1,1,1,2,1,1,4,1,1,1
SF,IF2012,2020-05-14 09:30:27.900,3777.0000,2721,0,14723520.000,0,-,-,-,-,3777.4000,3777.2000,3775.4000,3773.6000,3770.8000,3779.8000,3788.0000,3799.8000,3801.2000,3802.0000,1,1,1,2,1,1,4,1,1,1
SF,IF2012,2020-05-14 09:30:28.400,3777.0000,2721,0,14723520.000,0,-,-,-,-,3777.4000,3775.4000,3773.6000,3770.8000,3770.2000,3779.8000,3788.0000,3799.8000,3801.2000,3802.0000,1,1,2,1,1,1,4,1,1,1
SF,IF2012,2020-05-14 09:30:30.900,3777.0000,2721,0,14723520.000,0,-,-,-,-,3777.4000,3775.4000,3773.6000,3770.8000,3770.2000,3779.8000,3788.0000,3799.8000,3801.2000,3802.0000,1,1,2,1,1,1,4,1,1,1
SF,IF2012,2020-05-14 09:30:31.900,3777.0000,2721,0,14723520.000,0,-,-,-,-,3777.4000,3775.4000,3773.6000,3770.8000,3767.8000,3779.8000,3788.0000,3799.8000,3801.2000,3802.0000,1,1,2,1,1,1,4,1,1,1
SF,IF2012,2020-05-14 09:30:32.900,3779.8000,2720,-1,15857460.000,1,0,1,双平,S,3779.8000,3777.4000,3775.4000,3773.6000,3770.8000,3788.0000,3799.8000,3801.2000,3802.0000,3873.0000,2,1,1,2,1,4,1,1,1,2
SF,IF2012,2020-05-14 09:30:33.400,3779.8000,2720,0,16991400.000,1,0,1,多换,S,3779.8000,3775.4000,3773.6000,3770.8000,3767.8000,3786.6000,3787.6000,3787.8000,3788.0000,3799.8000,2,1,2,1,1,1,8,2,4,1
SF,IF2012,2020-05-14 09:30:33.900,3779.8000,2720,0,18125340.000,1,0,1,多换,S,3779.8000,3775.4000,3773.6000,3770.8000,3767.8000,3786.2000,3786.4000,3786.6000,3787.6000,3788.0000,1,1,2,1,1,7,2,1,1,4
SF,IF2012,2020-05-14 09:30:34.400,3779.8000,2720,0,19259280.000,1,0,1,多换,S,3775.4000,3773.6000,3770.8000,3767.8000,3767.4000,3785.2000,3786.0000,3786.2000,3786.6000,3787.6000,1,2,1,1,2,1,2,7,1,1
SF,IF2012,2020-05-14 09:30:34.900,3779.8000,2720,0,19259280.000,0,-,-,-,-,3775.6000,3775.4000,3773.6000,3770.8000,3767.8000,3784.0000,3784.8000,3785.0000,3785.2000,3786.6000,1,1,2,1,1,1,7,2,1,1
SF,IF2012,2020-05-14 09:30:35.400,3779.8000,2720,0,19259280.000,0,-,-,-,-,3775.6000,3775.4000,3773.6000,3770.8000,3767.8000,3783.6000,3783.8000,3784.0000,3785.2000,3788.0000,1,1,2,1,1,7,2,1,1,4
SF,IF2012,2020-05-14 09:30:35.900,3779.8000,2720,0,19259280.000,0,-,-,-,-,3776.2000,3775.6000,3775.4000,3773.6000,3770.8000,3783.4000,3783.6000,3785.2000,3788.0000,3788.6000,2,1,1,2,1,2,8,1,4,2
SF,IF2012,2020-05-14 09:30:36.400,3779.8000,2720,0,19259280.000,0,-,-,-,-,3776.4000,3776.2000,3775.4000,3773.6000,3770.8000,3782.4000,3783.0000,3783.4000,3783.6000,3785.2000,1,2,1,2,1,1,7,2,1,1
SF,IF2012,2020-05-14 09:30:36.900,3779.8000,2720,0,19259280.000,0,-,-,-,-,3777.0000,3776.6000,3776.4000,3776.2000,3775.4000,3782.0000,3782.2000,3782.4000,3785.2000,3788.0000,1,1,1,2,1,7,2,1,1,4
SF,IF2012,2020-05-14 09:30:37.400,3779.8000,2720,0,19259280.000,0,-,-,-,-,3777.2000,3777.0000,3775.8000,3775.4000,3773.6000,3781.8000,3782.0000,3782.4000,3785.2000,3788.0000,1,1,1,1,2,2,7,1,1,4
SF,IF2012,2020-05-14 09:30:37.900,3779.8000,2720,0,19259280.000,0,-,-,-,-,3777.2000,3777.0000,3775.8000,3775.4000,3773.6000,3781.6000,3781.8000,3785.2000,3788.0000,3788.6000,1,1,1,1,2,7,2,1,4,2
SF,IF2012,2020-05-14 09:30:38.400,3779.8000,2720,0,19259280.000,0,-,-,-,-,3777.2000,3775.8000,3775.4000,3773.6000,3770.8000,3781.4000,3781.6000,3785.2000,3788.0000,3788.6000,1,1,1,2,1,2,7,1,4,2
SF,IF2012,2020-05-14 09:30:39.400,3779.8000,2720,0,19259280.000,0,-,-,-,-,3777.2000,3775.8000,3775.4000,3773.6000,3770.8000,3781.0000,3781.4000,3785.2000,3788.0000,3788.6000,1,1,1,2,1,7,2,1,5,2
SF,IF2012,2020-05-14 09:30:39.900,3779.8000,2720,0,19259280.000,0,-,-,-,-,3777.2000,3775.8000,3775.4000,3773.6000,3770.8000,3780.8000,3781.0000,3785.2000,3788.0000,3788.6000,1,1,1,2,1,2,7,1,5,2
SF,IF2012,2020-05-14 09:30:40.400,3779.8000,2720,0,19259280.000,0,-,-,-,-,3777.2000,3775.8000,3775.4000,3773.6000,3770.8000,3780.8000,3785.2000,3788.0000,3788.6000,3799.8000,1,1,1,2,1,2,1,5,2,1
SF,IF2012,2020-05-14 09:30:40.900,3777.2000,2719,-1,20392440.000,1,0,1,双平,S,3775.8000,3775.4000,3773.6000,3770.8000,3769.4000,3780.4000,3780.8000,3785.2000,3788.0000,3788.6000,1,1,2,1,2,7,2,1,5,2
SF,IF2012,2020-05-14 09:30:41.400,3777.2000,2719,0,20392440.000,0,-,-,-,-,3776.0000,3775.8000,3775.4000,3773.6000,3770.8000,3780.2000,3780.4000,3785.2000,3788.0000,3788.6000,1,1,1,2,1,2,7,1,5,2
SF,IF2012,2020-05-14 09:30:41.900,3777.2000,2719,0,20392440.000,0,-,-,-,-,3776.0000,3775.8000,3775.4000,3773.6000,3770.8000,3780.2000,3785.2000,3788.0000,3788.6000,3799.8000,1,1,1,2,1,2,1,5,2,1
SF,IF2012,2020-05-14 09:30:42.400,3777.2000,2719,0,20392440.000,0,-,-,-,-,3776.0000,3775.8000,3775.4000,3773.6000,3770.8000,3779.8000,3780.2000,3785.2000,3788.0000,3788.6000,1,1,1,2,1,7,1,1,5,2
SF,IF2012,2020-05-14 09:30:42.900,3777.2000,2719,0,20392440.000,0,-,-,-,-,3776.2000,3776.0000,3775.8000,3775.4000,3773.6000,3779.6000,3779.8000,3785.2000,3788.0000,3788.6000,1,1,1,1,2,1,7,1,5,2
SF,IF2012,2020-05-14 09:30:43.400,3777.2000,2719,0,20392440.000,0,-,-,-,-,3776.4000,3776.2000,3775.8000,3775.4000,3773.6000,3779.2000,3779.4000,3779.6000,3785.2000,3788.0000,1,1,1,1,2,7,1,1,1,5
SF,IF2012,2020-05-14 09:30:43.900,3777.2000,2719,0,20392440.000,0,-,-,-,-,3776.2000,3776.0000,3775.8000,3775.4000,3773.6000,3779.0000,3779.2000,3779.4000,3785.2000,3788.0000,1,1,1,1,2,1,7,1,1,5
SF,IF2012,2020-05-14 09:30:44.400,3777.2000,2719,0,20392440.000,0,-,-,-,-,3776.4000,3776.0000,3775.8000,3775.4000,3773.6000,3779.0000,3779.2000,3779.4000,3785.2000,3788.0000,1,1,1,1,2,1,7,1,1,5
SF,IF2012,2020-05-14 09:30:44.900,3777.2000,2719,0,20392440.000,0,-,-,-,-,3776.4000,3776.0000,3775.8000,3775.4000,3773.6000,3779.0000,3779.4000,3785.2000,3788.0000,3788.6000,1,1,1,1,2,1,1,1,5,2
SF,IF2012,2020-05-14 09:30:45.900,3777.2000,2719,0,20392440.000,0,-,-,-,-,3776.6000,3776.4000,3776.0000,3775.8000,3775.4000,3779.0000,3779.4000,3785.2000,3788.0000,3788.6000,1,1,1,1,1,1,1,1,5,2
SF,IF2012,2020-05-14 09:30:46.400,3777.2000,2719,0,20392440.000,0,-,-,-,-,3776.8000,3776.6000,3776.0000,3775.8000,3775.4000,3779.0000,3785.2000,3788.0000,3788.6000,3799.8000,1,1,1,1,1,1,1,5,2,1
SF,IF2012,2020-05-14 09:30:46.900,3777.2000,2719,0,20392440.000,0,-,-,-,-,3777.0000,3776.8000,3776.6000,3776.0000,3775.8000,3779.0000,3785.2000,3788.0000,3788.6000,3799.8000,1,1,1,1,1,1,1,5,2,1
SF,IF2012,2020-05-14 09:30:47.400,3777.2000,2719,0,20392440.000,0,-,-,-,-,3777.0000,3776.0000,3775.8000,3775.4000,3773.6000,3779.0000,3785.2000,3788.0000,3788.6000,3799.8000,1,1,1,1,2,1,1,5,2,1
SF,IF2012,2020-05-14 09:30:48.900,3777.2000,2719,0,20392440.000,0,-,-,-,-,3776.0000,3775.8000,3775.4000,3773.6000,3770.8000,3779.0000,3785.2000,3788.0000,3788.6000,3799.8000,1,1,1,2,1,1,1,5,2,1
SF,IF2012,2020-05-14 09:30:49.400,3777.2000,2719,0,20392440.000,0,-,-,-,-,3776.2000,3776.0000,3775.8000,3775.4000,3773.6000,3779.0000,3785.2000,3788.0000,3788.6000,3799.8000,1,1,1,1,2,1,1,5,2,1
SF,IF2012,2020-05-14 09:30:49.900,3777.2000,2719,0,20392440.000,0,-,-,-,-,3776.4000,3776.2000,3776.0000,3775.8000,3775.4000,3779.0000,3785.2000,3788.0000,3788.6000,3799.8000,1,1,1,1,1,1,1,5,2,1
SF,IF2012,2020-05-14 09:30:50.400,3777.2000,2719,0,20392440.000,0,-,-,-,-,3776.6000,3776.4000,3776.0000,3775.8000,3775.4000,3779.0000,3785.2000,3788.0000,3788.6000,3799.8000,1,1,1,1,1,1,1,5,2,1
SF,IF2012,2020-05-14 09:30:50.900,3777.2000,2719,0,20392440.000,0,-,-,-,-,3776.8000,3776.6000,3776.4000,3776.0000,3775.8000,3779.0000,3785.2000,3788.0000,3788.6000,3799.8000,1,1,1,1,1,1,1,5,2,1
SF,IF2012,2020-05-14 09:30:51.400,3777.2000,2719,0,20392440.000,0,-,-,-,-,3776.8000,3776.4000,3776.0000,3775.8000,3775.4000,3779.0000,3785.2000,3788.0000,3788.6000,3799.8000,1,1,1,1,1,1,1,5,2,1
SF,IF2012,2020-05-14 09:30:52.400,3777.2000,2719,0,20392440.000,0,-,-,-,-,3776.8000,3776.4000,3776.0000,3775.8000,3775.4000,3779.0000,3785.2000,3788.0000,3788.6000,3799.8000,1,1,1,1,1,1,1,5,2,1
SF,IF2012,2020-05-14 09:30:55.400,3777.2000,2719,0,20392440.000,0,-,-,-,-,3776.8000,3776.4000,3776.0000,3775.8000,3775.4000,3779.0000,3785.2000,3788.0000,3788.6000,3799.8000,1,1,1,1,1,1,1,5,2,1
SF,IF2012,2020-05-14 09:30:55.900,3777.2000,2719,0,20392440.000,0,-,-,-,-,3777.0000,3776.8000,3776.4000,3776.0000,3775.8000,3779.0000,3785.2000,3788.0000,3788.6000,3799.8000,1,1,1,1,1,1,1,5,2,1
SF,IF2012,2020-05-14 09:30:56.400,3777.2000,2719,0,20392440.000,0,-,-,-,-,3777.2000,3777.0000,3776.8000,3776.4000,3776.0000,3779.0000,3785.2000,3788.0000,3788.6000,3799.8000,1,1,1,1,1,1,1,5,2,1
SF,IF2012,2020-05-14 09:30:56.900,3777.2000,2719,0,20392440.000,0,-,-,-,-,3777.4000,3777.2000,3776.8000,3776.4000,3776.0000,3779.0000,3785.2000,3788.0000,3788.6000,3799.8000,1,1,1,1,1,1,1,5,2,1
SF,IF2012,2020-05-14 09:30:57.900,3777.2000,2719,0,20392440.000,0,-,-,-,-,3777.6000,3777.4000,3777.2000,3776.8000,3776.4000,3779.0000,3785.2000,3788.0000,3788.6000,3799.8000,1,1,1,1,1,1,1,5,2,1
SF,IF2012,2020-05-14 09:30:58.400,3777.2000,2719,0,20392440.000,0,-,-,-,-,3777.6000,3777.2000,3776.8000,3776.4000,3776.0000,3779.0000,3785.2000,3788.0000,3788.6000,3799.8000,1,1,1,1,1,1,1,5,2,1
SF,IF2012,2020-05-14 09:31:02.400,3777.2000,2719,0,20392440.000,0,-,-,-,-,3777.6000,3777.2000,3776.8000,3776.4000,3776.0000,3779.0000,3780.0000,3785.2000,3788.0000,3788.6000,1,1,1,1,1,1,1,1,5,2
SF,IF2012,2020-05-14 09:31:04.400,3777.2000,2717,-2,22658760.000,2,0,2,双平,S,3776.8000,3776.4000,3776.0000,3775.8000,3775.4000,3779.0000,3780.0000,3785.2000,3788.0000,3788.6000,1,1,1,1,1,1,1,1,5,2
SF,IF2012,2020-05-14 09:31:04.900,3776.8000,2716,-1,23791800.000,1,0,1,双平,S,3776.0000,3775.8000,3775.4000,3773.6000,3770.8000,3778.8000,3779.0000,3780.0000,3785.2000,3788.0000,1,1,1,2,1,1,1,1,1,5
SF,IF2012,2020-05-14 09:31:05.400,3776.8000,2716,0,23791800.000,0,-,-,-,-,3776.0000,3775.8000,3775.4000,3773.6000,3770.8000,3778.6000,3778.8000,3780.0000,3785.2000,3788.0000,1,1,1,2,1,1,1,1,1,5
SF,IF2012,2020-05-14 09:31:05.900,3776.8000,2716,0,23791800.000,0,-,-,-,-,3778.4000,3776.0000,3775.8000,3775.4000,3773.6000,3778.6000,3778.8000,3780.0000,3785.2000,3788.0000,1,1,1,1,2,1,1,1,1,5
SF,IF2012,2020-05-14 09:31:06.400,3778.4000,2716,0,24925320.000,1,0,1,多换,S,3776.0000,3775.8000,3775.4000,3773.6000,3770.8000,3778.2000,3778.8000,3780.0000,3785.2000,3788.0000,1,1,1,2,1,1,1,1,1,5
SF,IF2012,2020-05-14 09:31:06.900,3778.0000,2715,-1,26058720.000,1,0,1,双平,S,3776.2000,3776.0000,3775.8000,3775.4000,3773.6000,3778.8000,3780.0000,3785.2000,3788.0000,3788.6000,1,1,1,1,2,1,1,1,5,2
SF,IF2012,2020-05-14 09:31:07.400,3778.0000,2715,0,26058720.000,0,-,-,-,-,3776.2000,3776.0000,3775.8000,3775.4000,3773.6000,3778.6000,3780.0000,3785.2000,3788.0000,3788.6000,1,1,1,1,2,1,1,1,5,2
SF,IF2012,2020-05-14 09:31:07.900,3778.0000,2715,0,26058720.000,0,-,-,-,-,3776.2000,3775.8000,3775.4000,3773.6000,3770.8000,3778.6000,3780.0000,3785.2000,3788.0000,3788.6000,1,1,1,2,1,1,1,1,5,2
SF,IF2012,2020-05-14 09:31:08.400,3778.0000,2715,0,26058720.000,0,-,-,-,-,3776.2000,3775.8000,3775.4000,3771.6000,3770.8000,3778.6000,3780.0000,3785.2000,3788.0000,3788.6000,1,1,1,2,1,1,1,1,5,2
SF,IF2012,2020-05-14 09:31:19.900,3778.6000,2714,-1,27192300.000,1,0,1,双平,S,3776.2000,3775.8000,3775.4000,3771.6000,3770.8000,3780.0000,3785.2000,3788.0000,3788.6000,3799.8000,1,1,1,2,1,1,1,5,2,1
SF,IF2012,2020-05-14 09:31:20.400,3778.6000,2714,0,27192300.000,0,-,-,-,-,3776.2000,3775.8000,3775.4000,3771.6000,3770.8000,3779.8000,3780.0000,3785.2000,3788.0000,3788.6000,1,1,1,2,1,1,1,1,5,2
SF,IF2012,2020-05-14 09:31:29.900,3778.6000,2714,0,27192300.000,0,-,-,-,-,3776.2000,3775.8000,3775.4000,3771.6000,3770.8000,3779.4000,3779.8000,3780.0000,3785.2000,3788.0000,1,1,1,2,1,1,1,1,1,5
SF,IF2012,2020-05-14 09:31:30.400,3778.6000,2714,0,27192300.000,0,-,-,-,-,3776.2000,3775.8000,3775.4000,3771.6000,3770.8000,3779.2000,3779.4000,3780.0000,3785.2000,3788.0000,1,1,1,2,1,3,1,1,1,5
SF,IF2012,2020-05-14 09:31:31.400,3778.6000,2714,0,27192300.000,0,-,-,-,-,3776.2000,3775.8000,3775.4000,3771.6000,3770.8000,3779.2000,3779.4000,3780.0000,3785.2000,3788.0000,1,1,1,2,1,2,1,1,1,5
SF,IF2012,2020-05-14 09:31:31.900,3778.6000,2714,0,27192300.000,0,-,-,-,-,3776.2000,3775.8000,3775.4000,3771.6000,3770.8000,3779.0000,3779.2000,3779.4000,3780.0000,3785.2000,1,1,1,2,1,1,2,1,1,1
SF,IF2012,2020-05-14 09:31:32.400,3778.6000,2714,0,27192300.000,0,-,-,-,-,3776.2000,3775.8000,3775.4000,3771.6000,3770.8000,3778.8000,3779.0000,3779.2000,3779.4000,3780.0000,1,1,1,2,1,1,1,1,1,1
SF,IF2012,2020-05-14 09:31:32.900,3778.6000,2714,0,27192300.000,0,-,-,-,-,3776.2000,3775.8000,3775.4000,3771.6000,3770.8000,3778.6000,3778.8000,3779.0000,3779.2000,3779.4000,1,1,1,2,1,1,1,1,1,1
SF,IF2012,2020-05-14 09:31:33.400,3778.6000,2714,0,27192300.000,0,-,-,-,-,3776.2000,3775.8000,3775.4000,3771.6000,3770.8000,3778.4000,3778.6000,3779.2000,3779.4000,3780.0000,1,1,1,2,1,1,1,1,1,1
SF,IF2012,2020-05-14 09:31:33.900,3778.6000,2714,0,27192300.000,0,-,-,-,-,3776.2000,3775.8000,3775.4000,3771.6000,3770.8000,3778.4000,3778.6000,3779.2000,3780.0000,3785.2000,1,1,1,2,1,1,1,1,1,1
SF,IF2012,2020-05-14 09:31:34.400,3778.6000,2714,0,27192300.000,0,-,-,-,-,3776.2000,3775.8000,3775.4000,3771.6000,3770.8000,3778.4000,3779.2000,3780.0000,3785.2000,3788.0000,1,1,1,2,1,1,1,1,1,5
SF,IF2012,2020-05-14 09:31:34.900,3778.6000,2714,0,27192300.000,0,-,-,-,-,3776.2000,3775.8000,3775.4000,3771.6000,3770.8000,3779.2000,3780.0000,3785.2000,3788.0000,3788.6000,1,1,1,2,1,1,1,1,5,2
SF,IF2012,2020-05-14 09:31:35.400,3778.6000,2714,0,27192300.000,0,-,-,-,-,3776.2000,3775.8000,3775.4000,3771.6000,3770.8000,3779.0000,3779.2000,3780.0000,3785.2000,3788.0000,1,1,1,2,1,2,1,1,1,5
SF,IF2012,2020-05-14 09:31:36.400,3778.6000,2714,0,27192300.000,0,-,-,-,-,3776.2000,3775.8000,3775.4000,3771.6000,3770.8000,3779.0000,3779.2000,3780.0000,3785.2000,3788.0000,1,1,1,2,1,2,1,1,1,5
SF,IF2012,2020-05-14 09:31:36.900,3778.6000,2714,0,27192300.000,0,-,-,-,-,3776.2000,3775.8000,3775.4000,3771.6000,3770.8000,3779.0000,3779.2000,3780.0000,3785.2000,3788.0000,1,1,1,2,1,1,1,1,1,5
SF,IF2012,2020-05-14 09:31:37.400,3778.6000,2714,0,27192300.000,0,-,-,-,-,3776.2000,3775.8000,3775.4000,3771.6000,3770.8000,3778.8000,3779.0000,3779.2000,3780.0000,3785.2000,1,1,1,2,1,1,1,1,1,1
SF,IF2012,2020-05-14 09:31:37.900,3778.6000,2714,0,27192300.000,0,-,-,-,-,3776.2000,3775.8000,3775.4000,3771.6000,3770.8000,3778.6000,3778.8000,3779.2000,3780.0000,3785.2000,1,1,1,2,1,1,1,1,1,1
SF,IF2012,2020-05-14 09:31:38.900,3778.6000,2714,0,27192300.000,0,-,-,-,-,3776.2000,3775.8000,3775.4000,3771.6000,3770.8000,3778.4000,3778.6000,3778.8000,3779.2000,3780.0000,1,1,1,2,1,1,1,1,1,1
SF,IF2012,2020-05-14 09:31:39.400,3778.6000,2714,0,27192300.000,0,-,-,-,-,3776.2000,3775.8000,3775.4000,3771.6000,3770.8000,3778.2000,3778.4000,3778.8000,3779.2000,3780.0000,1,1,1,2,1,1,1,1,1,1
SF,IF2012,2020-05-14 09:31:39.900,3778.6000,2714,0,27192300.000,0,-,-,-,-,3776.2000,3775.8000,3775.4000,3771.6000,3770.8000,3778.0000,3778.2000,3778.4000,3778.8000,3779.2000,1,1,1,2,1,1,1,1,1,1
SF,IF2012,2020-05-14 09:31:40.400,3778.6000,2714,0,27192300.000,0,-,-,-,-,3776.2000,3775.8000,3775.4000,3771.6000,3770.8000,3777.8000,3778.0000,3778.4000,3778.8000,3779.2000,1,1,1,2,1,1,1,1,1,1
SF,IF2012,2020-05-14 09:31:42.400,3778.6000,2714,0,27192300.000,0,-,-,-,-,3776.2000,3775.8000,3775.4000,3771.6000,3770.8000,3777.8000,3778.0000,3778.4000,3778.8000,3779.2000,1,1,1,2,1,1,1,1,1,1
SF,IF2012,2020-05-14 09:31:42.900,3778.6000,2714,0,27192300.000,0,-,-,-,-,3776.2000,3775.8000,3775.4000,3771.6000,3770.8000,3778.0000,3778.4000,3778.8000,3779.2000,3780.0000,1,1,1,2,1,1,1,1,1,1
SF,IF2012,2020-05-14 09:31:43.400,3778.6000,2714,0,27192300.000,0,-,-,-,-,3776.2000,3775.8000,3775.4000,3771.6000,3770.8000,3778.0000,3778.4000,3778.8000,3780.0000,3785.2000,1,1,1,2,1,1,1,1,1,1
SF,IF2012,2020-05-14 09:31:43.900,3778.6000,2714,0,27192300.000,0,-,-,-,-,3776.2000,3775.8000,3775.4000,3771.6000,3770.8000,3777.8000,3778.0000,3778.4000,3780.0000,3785.2000,1,1,1,2,1,1,1,1,1,1
SF,IF2012,2020-05-14 09:31:44.900,3778.6000,2714,0,27192300.000,0,-,-,-,-,3776.2000,3775.8000,3775.4000,3771.6000,3770.8000,3777.8000,3778.0000,3780.0000,3785.2000,3788.0000,1,1,1,2,1,1,1,1,1,5
SF,IF2012,2020-05-14 09:31:46.400,3778.6000,2714,0,27192300.000,0,-,-,-,-,3776.2000,3775.8000,3775.4000,3771.6000,3770.8000,3777.8000,3780.0000,3785.2000,3788.0000,3788.6000,1,1,1,2,1,1,1,1,5,2
SF,IF2012,2020-05-14 09:31:56.400,3778.6000,2714,0,27192300.000,0,-,-,-,-,3776.2000,3775.8000,3775.4000,3771.6000,3770.8000,3777.0000,3777.8000,3780.0000,3785.2000,3788.0000,1,1,1,2,1,1,1,1,1,5
SF,IF2012,2020-05-14 09:31:57.400,3778.6000,2714,0,27192300.000,0,-,-,-,-,3776.2000,3775.8000,3775.4000,3771.6000,3770.8000,3777.0000,3777.8000,3778.8000,3785.2000,3788.0000,1,1,1,2,1,1,1,1,1,5
SF,IF2012,2020-05-14 09:31:59.900,3778.6000,2714,0,27192300.000,0,-,-,-,-,3776.2000,3775.8000,3775.4000,3771.6000,3770.8000,3777.8000,3778.8000,3785.2000,3788.0000,3788.6000,1,1,1,2,1,1,1,1,5,2
SF,IF2012,2020-05-14 09:32:00.400,3778.6000,2714,0,27192300.000,0,-,-,-,-,3776.2000,3775.8000,3775.4000,3771.6000,3770.8000,3777.6000,3777.8000,3778.8000,3785.2000,3788.0000,1,1,1,2,1,2,1,1,1,5
SF,IF2012,2020-05-14 09:32:00.900,3778.6000,2714,0,27192300.000,0,-,-,-,-,3776.2000,3775.8000,3775.4000,3771.6000,3770.8000,3777.6000,3778.8000,3785.2000,3788.0000,3788.6000,1,1,1,2,1,2,1,1,5,2
SF,IF2012,2020-05-14 09:32:01.400,3778.6000,2714,0,27192300.000,0,-,-,-,-,3776.2000,3775.8000,3775.4000,3771.6000,3770.8000,3778.8000,3785.2000,3788.0000,3788.6000,3799.8000,1,1,1,2,1,1,1,5,2,1
SF,IF2012,2020-05-14 09:32:01.900,3778.6000,2714,0,27192300.000,0,-,-,-,-,3776.2000,3775.8000,3775.4000,3771.6000,3770.8000,3778.6000,3778.8000,3785.2000,3788.0000,3788.6000,1,1,1,2,1,1,1,1,5,2
SF,IF2012,2020-05-14 09:32:02.400,3778.6000,2714,0,27192300.000,0,-,-,-,-,3776.4000,3776.2000,3775.8000,3775.4000,3771.6000,3778.4000,3778.6000,3778.8000,3785.2000,3788.0000,1,1,1,1,2,1,1,1,1,5
SF,IF2012,2020-05-14 09:32:02.900,3778.6000,2714,0,27192300.000,0,-,-,-,-,3776.6000,3775.8000,3775.4000,3771.6000,3770.8000,3778.2000,3778.8000,3785.2000,3788.0000,3788.6000,1,1,1,2,1,1,1,1,5,2
SF,IF2012,2020-05-14 09:32:03.400,3778.6000,2714,0,27192300.000,0,-,-,-,-,3776.8000,3776.6000,3775.8000,3775.4000,3771.6000,3778.2000,3778.8000,3785.2000,3788.0000,3788.6000,1,1,1,1,2,1,1,1,5,2
SF,IF2012,2020-05-14 09:32:03.900,3778.6000,2714,0,27192300.000,0,-,-,-,-,3776.6000,3775.8000,3775.4000,3771.6000,3770.8000,3778.2000,3778.8000,3785.2000,3788.0000,3788.6000,1,1,1,2,1,1,1,1,5,2
SF,IF2012,2020-05-14 09:32:04.400,3778.6000,2714,0,27192300.000,0,-,-,-,-,3776.6000,3775.8000,3775.4000,3771.6000,3770.8000,3778.0000,3778.2000,3778.8000,3785.2000,3788.0000,1,1,1,2,1,2,1,1,1,5
SF,IF2012,2020-05-14 09:32:05.400,3778.6000,2714,0,27192300.000,0,-,-,-,-,3776.6000,3775.8000,3775.4000,3771.6000,3770.8000,3778.0000,3778.2000,3778.8000,3785.2000,3788.0000,1,1,1,2,1,1,1,1,1,5
SF,IF2012,2020-05-14 09:32:05.900,3778.6000,2714,0,27192300.000,0,-,-,-,-,3776.6000,3775.8000,3775.4000,3771.6000,3770.8000,3777.8000,3778.0000,3778.8000,3785.2000,3788.0000,1,1,1,2,1,1,1,1,1,5
SF,IF2012,2020-05-14 09:32:06.400,3778.6000,2714,0,27192300.000,0,-,-,-,-,3775.8000,3775.4000,3771.6000,3770.8000,3770.2000,3777.8000,3778.8000,3785.2000,3788.0000,3788.6000,1,1,2,1,1,1,1,1,5,2
SF,IF2012,2020-05-14 09:32:06.900,3778.6000,2714,0,27192300.000,0,-,-,-,-,3776.0000,3775.8000,3775.4000,3771.6000,3770.8000,3777.8000,3778.8000,3785.2000,3788.0000,3788.6000,2,1,1,2,1,1,1,1,5,2
SF,IF2012,2020-05-14 09:32:07.900,3778.6000,2714,0,27192300.000,0,-,-,-,-,3776.0000,3775.8000,3775.4000,3771.6000,3770.8000,3777.8000,3778.8000,3785.2000,3788.0000,3788.6000,1,1,1,2,1,1,1,1,5,2
SF,IF2012,2020-05-14 09:32:13.900,3778.6000,2714,0,27192300.000,0,-,-,-,-,3776.0000,3775.8000,3775.4000,3771.6000,3770.8000,3777.8000,3778.8000,3785.2000,3788.0000,3788.6000,1,1,1,2,1,1,1,1,5,2
SF,IF2012,2020-05-14 09:32:14.400,3778.6000,2714,0,27192300.000,0,-,-,-,-,3776.0000,3775.8000,3775.4000,3771.6000,3770.8000,3778.8000,3785.2000,3788.0000,3788.6000,3799.8000,1,1,1,2,1,1,1,5,2,1
SF,IF2012,2020-05-14 09:32:14.900,3778.6000,2714,0,27192300.000,0,-,-,-,-,3776.0000,3775.8000,3775.4000,3771.6000,3770.8000,3778.6000,3778.8000,3785.2000,3788.0000,3788.6000,1,1,1,2,1,2,1,1,5,2
SF,IF2012,2020-05-14 09:32:15.900,3778.6000,2714,0,27192300.000,0,-,-,-,-,3776.0000,3775.8000,3775.4000,3771.6000,3770.8000,3778.6000,3778.8000,3785.2000,3788.0000,3788.6000,1,1,1,2,1,1,1,1,5,2
SF,IF2012,2020-05-14 09:32:17.400,3778.6000,2714,0,27192300.000,0,-,-,-,-,3776.0000,3775.8000,3775.4000,3771.6000,3770.8000,3778.2000,3778.6000,3778.8000,3785.2000,3788.0000,1,1,1,2,1,1,1,1,1,5
SF,IF2012,2020-05-14 09:32:17.900,3778.6000,2714,0,27192300.000,0,-,-,-,-,3776.0000,3775.8000,3775.4000,3771.6000,3770.8000,3778.0000,3778.2000,3778.8000,3785.2000,3788.0000,1,1,1,2,1,2,1,1,1,5
SF,IF2012,2020-05-14 09:32:18.900,3778.6000,2714,0,27192300.000,0,-,-,-,-,3776.2000,3776.0000,3775.8000,3775.4000,3771.6000,3778.0000,3778.8000,3785.2000,3788.0000,3788.6000,1,1,1,1,2,1,1,1,5,2
SF,IF2012,2020-05-14 09:32:19.400,3778.6000,2714,0,27192300.000,0,-,-,-,-,3776.4000,3776.2000,3775.8000,3775.4000,3771.6000,3778.8000,3785.2000,3788.0000,3788.6000,3799.8000,1,1,1,1,2,1,1,5,2,1
SF,IF2012,2020-05-14 09:32:19.900,3778.6000,2714,0,27192300.000,0,-,-,-,-,3776.4000,3775.8000,3775.4000,3771.6000,3770.8000,3778.6000,3778.8000,3785.2000,3788.0000,3788.6000,1,1,1,2,1,2,1,1,5,2
SF,IF2012,2020-05-14 09:32:20.400,3778.6000,2714,0,27192300.000,0,-,-,-,-,3776.4000,3775.8000,3775.4000,3771.6000,3770.8000,3778.4000,3778.6000,3778.8000,3785.2000,3788.0000,1,1,1,2,1,1,2,1,1,5
SF,IF2012,2020-05-14 09:32:20.900,3778.6000,2714,0,27192300.000,0,-,-,-,-,3776.4000,3775.8000,3775.4000,3771.6000,3770.8000,3778.0000,3778.2000,3778.4000,3778.8000,3785.2000,1,1,1,2,1,1,2,1,1,1
SF,IF2012,2020-05-14 09:32:21.400,3778.6000,2714,0,27192300.000,0,-,-,-,-,3776.4000,3775.8000,3775.4000,3771.6000,3770.8000,3777.8000,3778.0000,3778.4000,3778.8000,3785.2000,1,1,1,2,1,2,1,1,1,1
SF,IF2012,2020-05-14 09:32:21.900,3778.6000,2714,0,27192300.000,0,-,-,-,-,3776.4000,3775.8000,3775.4000,3771.6000,3770.8000,3777.8000,3778.8000,3785.2000,3788.0000,3788.6000,1,1,1,2,1,2,1,1,5,2
SF,IF2012,2020-05-14 09:32:22.400,3778.6000,2714,0,27192300.000,0,-,-,-,-,3776.4000,3775.8000,3775.4000,3771.6000,3770.8000,3777.8000,3778.8000,3785.2000,3788.0000,3788.6000,1,1,1,2,1,1,1,1,5,2
SF,IF2012,2020-05-14 09:32:22.900,3778.6000,2714,0,27192300.000,0,-,-,-,-,3776.4000,3775.8000,3775.4000,3771.6000,3770.8000,3777.8000,3778.8000,3785.2000,3788.0000,3788.6000,1,1,1,2,1,1,1,1,5,2
SF,IF2012,2020-05-14 09:32:23.900,3778.6000,2714,0,27192300.000,0,-,-,-,-,3776.4000,3775.8000,3775.4000,3771.6000,3770.8000,3777.6000,3777.8000,3778.8000,3785.2000,3788.0000,1,1,1,2,1,1,1,1,1,5
SF,IF2012,2020-05-14 09:32:25.900,3777.8000,2713,-1,29458980.000,2,0,2,多平,S,3776.4000,3775.8000,3775.4000,3771.6000,3770.8000,3778.8000,3785.2000,3788.0000,3788.6000,3799.8000,1,1,1,2,1,1,1,5,2,1
SF,IF2012,2020-05-14 09:32:26.400,3777.8000,2713,0,29458980.000,0,-,-,-,-,3776.6000,3776.4000,3775.8000,3775.4000,3771.6000,3778.8000,3785.2000,3788.0000,3788.6000,3799.8000,1,1,1,1,2,1,1,5,2,1
SF,IF2012,2020-05-14 09:32:26.900,3777.8000,2713,0,29458980.000,0,-,-,-,-,3776.8000,3776.6000,3775.8000,3775.4000,3771.6000,3778.8000,3785.2000,3788.0000,3788.6000,3799.8000,1,1,1,1,2,1,1,5,2,1
SF,IF2012,2020-05-14 09:32:27.400,3777.8000,2713,0,29458980.000,0,-,-,-,-,3776.8000,3775.8000,3775.4000,3771.6000,3770.8000,3778.6000,3778.8000,3785.2000,3788.0000,3788.6000,1,1,1,2,1,1,1,1,5,2
SF,IF2012,2020-05-14 09:32:27.900,3777.8000,2713,0,29458980.000,0,-,-,-,-,3776.8000,3775.8000,3775.4000,3771.6000,3770.8000,3778.8000,3785.2000,3788.0000,3788.6000,3799.8000,1,1,1,2,1,1,1,5,2,1
SF,IF2012,2020-05-14 09:32:28.400,3777.8000,2713,0,29458980.000,0,-,-,-,-,3777.0000,3776.8000,3775.8000,3775.4000,3771.6000,3778.8000,3785.2000,3788.0000,3788.6000,3799.8000,1,1,1,1,2,1,1,5,2,1
SF,IF2012,2020-05-14 09:32:28.900,3777.8000,2713,0,29458980.000,0,-,-,-,-,3777.2000,3777.0000,3775.8000,3775.4000,3771.6000,3778.8000,3785.2000,3788.0000,3788.6000,3799.8000,1,1,1,1,2,1,1,5,2,1
SF,IF2012,2020-05-14 09:32:29.400,3777.8000,2713,0,29458980.000,0,-,-,-,-,3777.4000,3777.2000,3775.8000,3775.4000,3771.6000,3778.8000,3785.2000,3788.0000,3788.6000,3799.8000,1,1,1,1,2,1,1,5,2,1
SF,IF2012,2020-05-14 09:32:29.900,3777.8000,2713,0,29458980.000,0,-,-,-,-,3777.6000,3777.4000,3775.8000,3775.4000,3771.6000,3778.8000,3785.2000,3788.0000,3788.6000,3799.8000,1,1,1,1,2,1,1,5,2,1
SF,IF2012,2020-05-14 09:32:30.400,3777.8000,2713,0,29458980.000,0,-,-,-,-,3777.6000,3775.8000,3775.4000,3774.8000,3771.6000,3778.8000,3785.2000,3788.0000,3788.6000,3799.8000,1,1,1,1,2,1,1,5,2,1
SF,IF2012,2020-05-14 09:32:31.400,3777.6000,2712,-1,30592260.000,1,0,1,双平,S,3775.8000,3775.4000,3774.8000,3771.6000,3770.8000,3778.8000,3785.2000,3788.0000,3788.6000,3799.8000,1,1,1,2,1,1,1,5,2,1
SF,IF2012,2020-05-14 09:32:31.900,3777.6000,2712,0,30592260.000,0,-,-,-,-,3776.0000,3775.8000,3775.4000,3774.8000,3771.6000,3778.6000,3778.8000,3785.2000,3788.0000,3788.6000,1,1,1,1,2,1,1,1,5,2
SF,IF2012,2020-05-14 09:32:32.900,3777.6000,2712,0,30592260.000,0,-,-,-,-,3776.0000,3775.8000,3775.4000,3774.8000,3771.6000,3778.4000,3778.6000,3778.8000,3785.2000,3788.0000,1,1,1,1,2,1,1,1,1,5
SF,IF2012,2020-05-14 09:32:33.400,3777.6000,2712,0,30592260.000,0,-,-,-,-,3776.4000,3776.0000,3775.8000,3775.4000,3774.8000,3778.2000,3778.4000,3778.8000,3785.2000,3788.0000,1,1,1,1,1,2,1,1,1,5
SF,IF2012,2020-05-14 09:32:33.900,3777.6000,2712,0,30592260.000,0,-,-,-,-,3776.6000,3776.4000,3775.8000,3775.4000,3774.8000,3778.0000,3778.2000,3778.4000,3778.8000,3785.2000,1,1,1,1,1,1,2,1,1,1
SF,IF2012,2020-05-14 09:32:34.400,3777.6000,2712,0,30592260.000,0,-,-,-,-,3776.6000,3776.4000,3775.8000,3775.4000,3774.8000,3778.0000,3778.2000,3778.8000,3785.2000,3788.0000,1,1,1,1,1,1,2,1,1,5
SF,IF2012,2020-05-14 09:32:34.900,3777.6000,2712,0,30592260.000,0,-,-,-,-,3776.6000,3776.4000,3775.8000,3775.4000,3774.8000,3778.2000,3778.8000,3785.2000,3788.0000,3788.6000,1,1,1,1,1,2,1,1,5,2
SF,IF2012,2020-05-14 09:32:35.400,3777.6000,2712,0,30592260.000,0,-,-,-,-,3776.6000,3776.4000,3775.8000,3775.4000,3774.8000,3778.2000,3778.8000,3785.2000,3788.0000,3788.6000,1,1,1,1,1,1,1,1,5,2
SF,IF2012,2020-05-14 09:32:35.900,3777.6000,2712,0,30592260.000,0,-,-,-,-,3776.8000,3776.6000,3775.8000,3775.4000,3774.8000,3778.0000,3778.2000,3778.8000,3785.2000,3788.0000,1,1,1,1,1,1,1,1,1,5
SF,IF2012,2020-05-14 09:32:36.400,3777.6000,2712,0,30592260.000,0,-,-,-,-,3776.8000,3775.8000,3775.4000,3774.8000,3771.6000,3777.8000,3778.8000,3785.2000,3788.0000,3788.6000,1,1,1,1,2,1,1,1,5,2
SF,IF2012,2020-05-14 09:32:37.400,3777.6000,2712,0,30592260.000,0,-,-,-,-,3776.8000,3775.8000,3775.4000,3774.8000,3771.6000,3777.6000,3777.8000,3778.8000,3785.2000,3788.0000,1,1,1,1,2,1,1,1,1,5
SF,IF2012,2020-05-14 09:32:37.900,3777.6000,2712,0,30592260.000,0,-,-,-,-,3776.8000,3775.8000,3775.4000,3774.8000,3771.6000,3777.6000,3778.8000,3785.2000,3788.0000,3788.6000,1,1,1,1,2,1,1,1,5,2
SF,IF2012,2020-05-14 09:32:38.400,3777.6000,2712,0,30592260.000,0,-,-,-,-,3777.0000,3776.8000,3775.8000,3775.4000,3774.8000,3778.8000,3785.2000,3788.0000,3788.6000,3799.8000,1,1,1,1,1,1,1,5,2,1
SF,IF2012,2020-05-14 09:32:38.900,3777.6000,2712,0,30592260.000,0,-,-,-,-,3777.0000,3776.8000,3775.8000,3775.4000,3774.8000,3778.6000,3778.8000,3785.2000,3788.0000,3788.6000,1,1,1,1,1,1,1,1,5,2
SF,IF2012,2020-05-14 09:32:39.400,3777.6000,2712,0,30592260.000,0,-,-,-,-,3777.0000,3776.8000,3775.8000,3775.4000,3774.8000,3778.4000,3778.6000,3778.8000,3785.2000,3788.0000,1,1,1,1,1,1,1,1,1,5
SF,IF2012,2020-05-14 09:32:39.900,3777.6000,2712,0,30592260.000,0,-,-,-,-,3777.0000,3776.8000,3775.8000,3775.4000,3774.8000,3778.2000,3778.4000,3778.8000,3785.2000,3788.0000,1,1,1,1,1,2,1,1,1,5
SF,IF2012,2020-05-14 09:32:40.400,3777.6000,2712,0,30592260.000,0,-,-,-,-,3777.0000,3776.8000,3775.8000,3775.4000,3774.8000,3778.2000,3778.8000,3785.2000,3788.0000,3788.6000,1,1,1,1,1,2,1,1,5,2
SF,IF2012,2020-05-14 09:32:40.900,3777.6000,2712,0,30592260.000,0,-,-,-,-,3777.0000,3776.8000,3775.8000,3775.4000,3774.8000,3778.2000,3778.8000,3785.2000,3788.0000,3788.6000,1,1,1,1,1,1,1,1,5,2
SF,IF2012,2020-05-14 09:32:42.400,3777.6000,2712,0,30592260.000,0,-,-,-,-,3777.2000,3777.0000,3775.8000,3775.4000,3774.8000,3778.2000,3778.8000,3785.2000,3788.0000,3788.6000,1,1,1,1,1,1,1,1,4,2
SF,IF2012,2020-05-14 09:32:50.900,3777.6000,2712,0,30592260.000,0,-,-,-,-,3777.0000,3775.8000,3775.4000,3774.8000,3771.6000,3778.2000,3778.8000,3785.2000,3788.0000,3788.6000,1,1,1,1,2,1,1,1,4,2
SF,IF2012,2020-05-14 09:32:51.400,3778.2000,2711,-1,31725720.000,1,0,1,双平,S,3777.0000,3775.8000,3775.4000,3774.8000,3771.6000,3778.8000,3785.2000,3788.0000,3788.6000,3799.8000,1,1,1,1,2,1,1,4,2,1
SF,IF2012,2020-05-14 09:32:52.400,3778.2000,2711,0,31725720.000,0,-,-,-,-,3777.2000,3777.0000,3775.8000,3775.4000,3774.8000,3778.8000,3785.2000,3788.0000,3788.6000,3799.8000,1,1,1,1,1,1,1,4,2,1
SF,IF2012,2020-05-14 09:32:52.900,3778.2000,2711,0,31725720.000,0,-,-,-,-,3777.4000,3777.2000,3775.8000,3775.4000,3774.8000,3778.6000,3778.8000,3785.2000,3788.0000,3788.6000,2,1,1,1,1,1,1,1,4,2
SF,IF2012,2020-05-14 09:32:53.400,3778.2000,2711,0,31725720.000,0,-,-,-,-,3777.4000,3777.2000,3775.8000,3775.4000,3774.8000,3778.8000,3785.2000,3788.0000,3788.6000,3799.8000,2,1,1,1,1,1,1,4,2,1
SF,IF2012,2020-05-14 09:32:55.400,3778.2000,2711,0,31725720.000,0,-,-,-,-,3777.6000,3777.4000,3775.8000,3775.4000,3774.8000,3778.8000,3785.2000,3788.0000,3788.6000,3799.8000,1,2,1,1,1,1,1,4,2,1
SF,IF2012,2020-05-14 09:32:55.900,3777.4000,2710,-1,33992220.000,2,0,2,多平,S,3775.8000,3775.4000,3774.8000,3771.6000,3770.8000,3778.8000,3785.2000,3788.0000,3788.6000,3799.8000,1,1,1,2,1,1,1,4,2,1
SF,IF2012,2020-05-14 09:32:56.400,3777.4000,2710,0,33992220.000,0,-,-,-,-,3776.0000,3775.8000,3775.4000,3774.8000,3771.6000,3778.6000,3778.8000,3785.2000,3788.0000,3788.6000,1,1,1,1,2,1,1,1,4,2
SF,IF2012,2020-05-14 09:32:57.900,3777.4000,2710,0,33992220.000,0,-,-,-,-,3776.0000,3775.8000,3775.4000,3774.8000,3771.6000,3778.6000,3778.8000,3785.2000,3788.0000,3788.6000,1,1,1,1,2,1,1,1,4,2
SF,IF2012,2020-05-14 09:32:58.400,3777.4000,2710,0,33992220.000,0,-,-,-,-,3776.0000,3775.8000,3775.4000,3774.8000,3771.6000,3778.4000,3778.6000,3778.8000,3785.2000,3788.0000,1,1,1,1,2,1,1,1,1,4
SF,IF2012,2020-05-14 09:32:58.900,3777.4000,2710,0,33992220.000,0,-,-,-,-,3776.0000,3775.8000,3775.4000,3774.8000,3771.6000,3778.2000,3778.4000,3778.8000,3785.2000,3788.0000,1,1,1,1,2,2,1,1,1,4
SF,IF2012,2020-05-14 09:32:59.900,3777.4000,2710,0,33992220.000,0,-,-,-,-,3776.0000,3775.8000,3775.4000,3774.8000,3771.6000,3778.0000,3778.2000,3778.8000,3785.2000,3788.0000,1,1,1,1,2,1,2,1,1,4
SF,IF2012,2020-05-14 09:33:00.400,3777.4000,2710,0,33992220.000,0,-,-,-,-,3776.0000,3775.8000,3775.4000,3774.8000,3771.6000,3777.8000,3778.0000,3778.8000,3785.2000,3788.0000,1,1,1,1,2,2,1,1,1,4
SF,IF2012,2020-05-14 09:33:00.900,3777.4000,2710,0,33992220.000,0,-,-,-,-,3776.0000,3775.8000,3775.4000,3774.8000,3771.6000,3777.8000,3778.8000,3785.2000,3788.0000,3788.6000,1,1,1,1,2,2,1,1,4,2
SF,IF2012,2020-05-14 09:33:02.900,3777.4000,2710,0,33992220.000,0,-,-,-,-,3776.0000,3775.8000,3775.4000,3774.8000,3771.6000,3777.8000,3778.8000,3785.2000,3788.0000,3788.6000,1,1,1,1,2,1,1,1,4,2
SF,IF2012,2020-05-14 09:33:03.400,3777.4000,2710,0,33992220.000,0,-,-,-,-,3776.0000,3775.8000,3775.4000,3774.8000,3771.6000,3778.8000,3785.2000,3788.0000,3788.6000,3799.8000,1,1,1,1,2,1,1,4,2,1
SF,IF2012,2020-05-14 09:33:03.900,3777.4000,2710,0,33992220.000,0,-,-,-,-,3776.0000,3775.8000,3775.4000,3774.8000,3771.6000,3778.6000,3778.8000,3785.2000,3788.0000,3788.6000,1,1,1,1,2,1,1,1,4,2
SF,IF2012,2020-05-14 09:33:04.400,3777.4000,2710,0,33992220.000,0,-,-,-,-,3776.0000,3775.8000,3775.4000,3774.8000,3771.6000,3778.4000,3778.6000,3778.8000,3785.2000,3788.0000,1,1,1,1,2,1,1,1,1,4
SF,IF2012,2020-05-14 09:33:04.900,3777.4000,2710,0,33992220.000,0,-,-,-,-,3776.2000,3776.0000,3775.8000,3775.4000,3774.8000,3778.2000,3778.4000,3778.8000,3785.2000,3788.0000,1,1,1,1,1,1,1,1,1,4
SF,IF2012,2020-05-14 09:33:05.400,3777.4000,2710,0,33992220.000,0,-,-,-,-,3776.4000,3775.8000,3775.4000,3774.8000,3771.6000,3778.0000,3778.2000,3778.4000,3778.8000,3785.2000,2,1,1,1,2,1,1,1,1,1
SF,IF2012,2020-05-14 09:33:05.900,3777.4000,2710,0,33992220.000,0,-,-,-,-,3776.6000,3776.4000,3775.8000,3775.4000,3774.8000,3777.8000,3778.0000,3778.4000,3778.8000,3785.2000,1,1,1,1,1,1,1,1,1,1
SF,IF2012,2020-05-14 09:33:06.400,3777.4000,2710,0,33992220.000,0,-,-,-,-,3775.8000,3775.4000,3774.8000,3771.6000,3770.8000,3777.8000,3778.0000,3778.4000,3778.8000,3785.2000,1,1,1,2,1,1,1,1,1,1
SF,IF2012,2020-05-14 09:33:06.900,3777.4000,2710,0,33992220.000,0,-,-,-,-,3776.0000,3775.8000,3775.4000,3774.8000,3771.6000,3777.8000,3778.0000,3778.4000,3778.8000,3785.2000,2,1,1,1,2,1,1,1,1,1
SF,IF2012,2020-05-14 09:33:07.400,3777.6000,2709,-1,35125500.000,1,0,1,双平,S,3776.0000,3775.8000,3775.4000,3774.8000,3771.6000,3777.8000,3778.0000,3778.4000,3778.8000,3785.2000,2,1,1,1,2,1,1,1,1,1
SF,IF2012,2020-05-14 09:33:07.900,3777.6000,2709,0,35125500.000,0,-,-,-,-,3776.0000,3775.8000,3775.4000,3774.8000,3771.6000,3777.8000,3778.0000,3778.4000,3778.8000,3785.2000,2,1,1,1,2,1,1,1,1,1
SF,IF2012,2020-05-14 09:33:12.900,3777.6000,2709,0,35125500.000,0,-,-,-,-,3776.0000,3775.8000,3775.4000,3774.8000,3771.6000,3777.8000,3778.0000,3778.4000,3778.8000,3785.2000,1,1,1,1,2,1,1,1,1,1
SF,IF2012,2020-05-14 09:33:13.400,3777.6000,2709,0,35125500.000,0,-,-,-,-,3775.8000,3775.4000,3771.6000,3770.8000,3770.2000,3777.8000,3778.0000,3778.4000,3778.8000,3785.2000,1,1,2,1,1,1,1,1,1,1
SF,IF2012,2020-05-14 09:33:13.900,3777.6000,2709,0,35125500.000,0,-,-,-,-,3775.8000,3775.4000,3771.6000,3770.8000,3770.2000,3777.6000,3777.8000,3778.0000,3778.4000,3778.8000,1,1,2,1,1,1,1,1,1,1
SF,IF2012,2020-05-14 09:33:14.400,3777.6000,2709,0,35125500.000,0,-,-,-,-,3775.8000,3775.4000,3771.6000,3770.8000,3770.2000,3777.4000,3777.6000,3778.0000,3778.4000,3778.8000,1,1,2,1,1,1,1,1,1,1
SF,IF2012,2020-05-14 09:33:14.900,3777.6000,2709,0,35125500.000,0,-,-,-,-,3775.8000,3775.4000,3771.6000,3770.8000,3770.2000,3777.2000,3777.4000,3778.0000,3778.4000,3778.8000,1,1,2,1,1,1,1,1,1,1
SF,IF2012,2020-05-14 09:33:15.400,3777.6000,2709,0,35125500.000,0,-,-,-,-,3776.0000,3775.8000,3775.4000,3773.0000,3771.6000,3777.2000,3777.4000,3778.0000,3778.4000,3778.8000,1,1,1,1,2,1,1,1,1,1
SF,IF2012,2020-05-14 09:33:15.900,3777.6000,2709,0,35125500.000,0,-,-,-,-,3775.8000,3775.4000,3773.0000,3771.6000,3770.8000,3777.0000,3778.0000,3778.4000,3778.8000,3785.2000,1,1,1,2,1,1,1,1,1,1
SF,IF2012,2020-05-14 09:33:16.400,3777.2000,2708,-1,36258660.000,1,0,1,双平,S,3775.8000,3775.4000,3773.0000,3771.6000,3770.8000,3778.0000,3778.4000,3778.8000,3785.2000,3788.0000,1,1,1,2,1,1,1,1,1,4
SF,IF2012,2020-05-14 09:33:16.900,3777.2000,2708,0,36258660.000,0,-,-,-,-,3776.0000,3775.8000,3775.4000,3773.0000,3772.8000,3777.8000,3778.0000,3778.4000,3778.8000,3785.2000,1,1,1,1,1,1,1,1,1,1
SF,IF2012,2020-05-14 09:33:20.400,3777.2000,2708,0,36258660.000,0,-,-,-,-,3776.0000,3775.8000,3775.4000,3773.0000,3772.8000,3777.8000,3778.0000,3778.4000,3778.8000,3785.2000,2,1,1,1,1,1,1,1,1,1
SF,IF2012,2020-05-14 09:33:21.400,3777.2000,2708,0,36258660.000,0,-,-,-,-,3776.0000,3775.8000,3775.4000,3773.0000,3772.8000,3777.6000,3777.8000,3778.0000,3778.4000,3778.8000,2,1,1,1,1,1,1,1,1,1
SF,IF2012,2020-05-14 09:33:21.900,3776.0000,2708,0,37391460.000,1,0,1,多换,S,3775.8000,3775.4000,3773.0000,3772.8000,3771.6000,3777.4000,3778.0000,3778.4000,3778.8000,3785.2000,1,1,1,1,2,2,1,1,1,1
SF,IF2012,2020-05-14 09:33:22.400,3776.0000,2708,0,37391460.000,0,-,-,-,-,3775.8000,3775.4000,3773.0000,3772.8000,3771.6000,3777.2000,3777.4000,3778.0000,3778.4000,3778.8000,1,1,1,1,2,1,1,1,1,1
SF,IF2012,2020-05-14 09:33:22.900,3775.8000,2707,-1,38524200.000,1,0,1,双平,S,3775.4000,3773.0000,3772.8000,3771.6000,3770.8000,3777.0000,3777.2000,3778.0000,3778.4000,3778.8000,1,1,1,2,1,1,1,1,1,1
SF,IF2012,2020-05-14 09:33:23.400,3775.8000,2707,0,38524200.000,0,-,-,-,-,3775.4000,3773.0000,3772.8000,3771.6000,3770.8000,3776.8000,3777.0000,3778.0000,3778.4000,3778.8000,1,1,1,2,1,1,1,1,1,1
SF,IF2012,2020-05-14 09:33:23.900,3775.8000,2707,0,38524200.000,0,-,-,-,-,3775.4000,3773.0000,3772.8000,3771.6000,3770.8000,3776.6000,3776.8000,3778.0000,3778.4000,3778.8000,1,1,1,2,1,1,1,1,1,1
SF,IF2012,2020-05-14 09:33:24.400,3775.8000,2707,0,38524200.000,0,-,-,-,-,3775.4000,3773.0000,3772.8000,3771.6000,3770.8000,3776.6000,3778.0000,3778.4000,3778.8000,3785.2000,1,1,1,2,1,1,1,1,1,1
SF,IF2012,2020-05-14 09:33:24.900,3775.6000,2706,-1,39656880.000,1,0,1,双平,S,3775.4000,3773.0000,3772.8000,3771.6000,3770.8000,3778.0000,3778.4000,3778.8000,3785.2000,3788.0000,1,1,1,2,1,1,1,1,1,4
SF,IF2012,2020-05-14 09:33:25.400,3775.6000,2706,0,39656880.000,0,-,-,-,-,3775.4000,3773.0000,3772.8000,3771.6000,3770.8000,3777.8000,3778.0000,3778.4000,3778.8000,3785.2000,1,1,1,2,1,1,1,1,1,1
SF,IF2012,2020-05-14 09:33:25.900,3775.6000,2706,0,39656880.000,0,-,-,-,-,3775.6000,3775.4000,3773.0000,3772.8000,3771.6000,3777.6000,3777.8000,3778.0000,3778.4000,3778.8000,1,1,1,1,2,1,1,1,1,1
SF,IF2012,2020-05-14 09:33:26.400,3775.6000,2706,0,39656880.000,0,-,-,-,-,3775.4000,3773.0000,3772.8000,3771.6000,3770.8000,3777.4000,3778.0000,3778.4000,3778.8000,3785.2000,1,1,1,2,1,2,1,1,1,1
SF,IF2012,2020-05-14 09:33:26.900,3775.6000,2706,0,39656880.000,0,-,-,-,-,3775.4000,3773.0000,3772.8000,3771.6000,3770.8000,3777.2000,3777.4000,3778.0000,3778.4000,3778.8000,1,1,1,2,1,1,1,1,1,1
SF,IF2012,2020-05-14 09:33:27.400,3775.6000,2706,0,39656880.000,0,-,-,-,-,3775.4000,3773.0000,3772.8000,3771.6000,3770.8000,3777.0000,3777.2000,3778.0000,3778.4000,3778.8000,1,1,1,2,1,1,1,1,1,1
SF,IF2012,2020-05-14 09:33:27.900,3775.6000,2706,0,39656880.000,0,-,-,-,-,3775.6000,3775.4000,3773.0000,3772.8000,3771.6000,3777.0000,3778.0000,3778.4000,3778.8000,3785.2000,1,1,1,1,2,1,1,1,1,1
SF,IF2012,2020-05-14 09:33:29.900,3775.6000,2706,0,39656880.000,0,-,-,-,-,3775.6000,3775.4000,3775.0000,3773.0000,3772.8000,3777.0000,3778.0000,3778.4000,3778.8000,3785.2000,1,1,1,1,1,1,1,1,1,1
SF,IF2012,2020-05-14 09:33:33.400,3775.6000,2706,0,39656880.000,0,-,-,-,-,3775.6000,3775.4000,3775.0000,3773.0000,3772.8000,3777.0000,3778.0000,3778.4000,3778.8000,3785.2000,1,1,1,1,1,1,1,1,1,1
SF,IF2012,2020-05-14 09:33:33.900,3775.6000,2706,0,39656880.000,0,-,-,-,-,3775.4000,3775.0000,3773.0000,3772.8000,3771.6000,3777.0000,3778.0000,3778.4000,3778.8000,3785.2000,1,1,1,1,2,1,1,1,1,1
SF,IF2012,2020-05-14 09:33:34.400,3775.6000,2706,0,39656880.000,0,-,-,-,-,3775.6000,3775.4000,3775.0000,3773.0000,3772.8000,3777.0000,3778.0000,3778.4000,3778.8000,3785.2000,1,1,1,1,1,1,1,1,1,1
SF,IF2012,2020-05-14 09:33:34.900,3775.6000,2706,0,39656880.000,0,-,-,-,-,3775.4000,3775.0000,3773.0000,3772.8000,3771.6000,3777.0000,3778.0000,3778.4000,3778.8000,3785.2000,1,1,1,1,2,1,1,1,1,1
SF,IF2012,2020-05-14 09:33:35.400,3775.6000,2706,0,39656880.000,0,-,-,-,-,3775.4000,3775.0000,3773.0000,3772.8000,3771.6000,3776.8000,3777.0000,3778.0000,3778.4000,3778.8000,1,1,1,1,2,1,1,1,1,1
SF,IF2012,2020-05-14 09:33:35.900,3775.6000,2706,0,39656880.000,0,-,-,-,-,3775.4000,3775.0000,3773.0000,3772.8000,3771.6000,3776.6000,3776.8000,3778.0000,3778.4000,3778.8000,1,1,1,1,2,1,1,1,1,1
SF,IF2012,2020-05-14 09:33:36.400,3775.6000,2706,0,39656880.000,0,-,-,-,-,3775.4000,3775.0000,3773.0000,3772.8000,3771.6000,3776.6000,3778.0000,3778.4000,3778.8000,3785.2000,1,1,1,1,2,1,1,1,1,1
SF,IF2012,2020-05-14 09:33:37.400,3775.6000,2706,0,39656880.000,0,-,-,-,-,3775.4000,3775.0000,3772.8000,3771.6000,3770.8000,3776.6000,3778.0000,3778.4000,3778.8000,3785.2000,1,1,1,2,1,1,1,1,1,1
SF,IF2012,2020-05-14 09:33:39.900,3775.6000,2706,0,39656880.000,0,-,-,-,-,3775.4000,3775.0000,3772.8000,3771.6000,3770.8000,3776.6000,3778.0000,3778.4000,3785.2000,3788.0000,1,1,1,2,1,1,1,1,1,4
SF,IF2012,2020-05-14 09:33:40.400,3775.6000,2706,0,39656880.000,0,-,-,-,-,3775.4000,3775.0000,3772.8000,3771.6000,3770.8000,3776.6000,3776.8000,3778.0000,3778.4000,3785.2000,1,1,1,2,1,1,1,1,1,1
SF,IF2012,2020-05-14 09:33:40.900,3775.4000,2705,-1,40789500.000,1,0,1,双平,S,3775.0000,3772.8000,3771.6000,3770.8000,3770.0000,3776.6000,3776.8000,3778.0000,3778.4000,3785.2000,1,1,2,1,1,1,1,1,1,1
SF,IF2012,2020-05-14 09:33:41.400,3775.4000,2705,0,40789500.000,0,-,-,-,-,3775.0000,3772.8000,3771.6000,3770.8000,3770.0000,3776.4000,3776.6000,3776.8000,3778.0000,3778.4000,1,1,2,1,1,1,1,1,1,1
SF,IF2012,2020-05-14 09:33:41.900,3775.4000,2705,0,40789500.000,0,-,-,-,-,3775.0000,3772.8000,3771.6000,3770.8000,3770.0000,3776.2000,3776.4000,3776.8000,3778.0000,3778.4000,1,1,2,1,1,1,1,1,1,1
SF,IF2012,2020-05-14 09:33:42.400,3775.4000,2705,0,40789500.000,0,-,-,-,-,3775.2000,3775.0000,3772.8000,3771.6000,3770.8000,3776.8000,3778.0000,3778.4000,3785.2000,3788.0000,1,1,1,2,1,1,1,1,1,4
SF,IF2012,2020-05-14 09:33:42.900,3775.4000,2705,0,40789500.000,0,-,-,-,-,3775.4000,3775.2000,3775.0000,3772.8000,3771.6000,3776.6000,3776.8000,3778.0000,3778.4000,3785.2000,1,1,1,1,2,2,1,1,1,1
SF,IF2012,2020-05-14 09:33:43.400,3775.4000,2705,0,40789500.000,0,-,-,-,-,3776.2000,3775.4000,3775.2000,3775.0000,3772.8000,3776.6000,3776.8000,3778.0000,3785.2000,3788.0000,1,1,1,1,1,1,1,1,1,4
SF,IF2012,2020-05-14 09:33:43.900,3776.0000,2705,0,41922300.000,1,0,1,多换,S,3775.2000,3775.0000,3772.8000,3771.6000,3770.8000,3776.6000,3776.8000,3778.0000,3785.2000,3788.0000,1,1,1,2,1,1,1,1,1,4
SF,IF2012,2020-05-14 09:33:44.400,3776.0000,2705,0,41922300.000,0,-,-,-,-,3775.2000,3775.0000,3772.8000,3771.6000,3770.8000,3776.6000,3776.8000,3785.2000,3788.0000,3788.6000,1,1,1,2,1,1,1,1,4,2
SF,IF2012,2020-05-14 09:33:44.900,3776.0000,2705,0,41922300.000,0,-,-,-,-,3775.2000,3775.0000,3772.8000,3771.6000,3770.8000,3776.8000,3785.2000,3788.0000,3788.6000,3799.8000,1,1,1,2,1,1,1,4,2,1
SF,IF2012,2020-05-14 09:33:46.400,3776.0000,2705,0,41922300.000,0,-,-,-,-,3775.2000,3775.0000,3772.8000,3771.6000,3770.8000,3776.6000,3776.8000,3785.2000,3788.0000,3788.6000,1,1,1,2,1,1,1,1,4,2
SF,IF2012,2020-05-14 09:33:47.400,3776.0000,2705,0,41922300.000,0,-,-,-,-,3775.2000,3775.0000,3772.8000,3771.6000,3770.8000,3776.8000,3785.2000,3788.0000,3788.6000,3799.8000,1,1,1,2,1,1,1,4,2,1
SF,IF2012,2020-05-14 09:33:47.900,3776.0000,2705,0,41922300.000,0,-,-,-,-,3775.2000,3775.0000,3772.8000,3771.6000,3770.8000,3776.6000,3776.8000,3785.2000,3788.0000,3788.6000,1,1,1,2,1,1,1,1,4,2
SF,IF2012,2020-05-14 09:33:48.400,3776.0000,2705,0,41922300.000,0,-,-,-,-,3775.2000,3775.0000,3772.8000,3771.6000,3770.8000,3776.4000,3776.6000,3776.8000,3785.2000,3788.0000,1,1,1,2,1,1,1,1,1,4
SF,IF2012,2020-05-14 09:33:48.900,3776.0000,2705,0,41922300.000,0,-,-,-,-,3775.2000,3775.0000,3772.8000,3771.6000,3770.8000,3776.4000,3776.8000,3785.2000,3788.0000,3788.6000,1,1,1,2,1,1,1,1,4,2
SF,IF2012,2020-05-14 09:34:02.400,3776.0000,2705,0,41922300.000,0,-,-,-,-,3775.2000,3775.0000,3772.8000,3771.6000,3770.8000,3776.4000,3785.2000,3788.0000,3788.6000,3799.8000,1,1,1,2,1,1,1,4,2,1
SF,IF2012,2020-05-14 09:34:02.900,3776.0000,2705,0,41922300.000,0,-,-,-,-,3775.4000,3775.0000,3772.8000,3771.6000,3770.8000,3775.8000,3776.2000,3776.4000,3785.2000,3788.0000,1,1,1,2,1,1,1,1,1,4
SF,IF2012,2020-05-14 09:34:03.400,3775.4000,2704,-1,43054920.000,1,0,1,双平,S,3775.0000,3772.8000,3771.6000,3770.8000,3770.0000,3775.8000,3776.2000,3776.4000,3785.2000,3788.0000,1,1,2,1,1,1,1,1,1,4
SF,IF2012,2020-05-14 09:34:03.900,3775.4000,2704,0,43054920.000,0,-,-,-,-,3775.0000,3772.8000,3771.6000,3770.8000,3770.0000,3775.6000,3775.8000,3776.2000,3776.4000,3785.2000,1,1,2,1,1,1,1,1,1,1
SF,IF2012,2020-05-14 09:34:06.400,3775.0000,2703,-1,44187420.000,1,0,1,双平,S,3772.8000,3771.6000,3770.8000,3770.0000,3767.2000,3775.6000,3775.8000,3776.2000,3776.4000,3785.2000,1,2,1,1,3,1,1,1,1,1
SF,IF2012,2020-05-14 09:34:06.900,3775.0000,2703,0,44187420.000,0,-,-,-,-,3773.0000,3772.8000,3771.6000,3770.8000,3770.0000,3775.6000,3775.8000,3785.2000,3788.0000,3788.6000,2,1,2,1,1,1,1,1,4,2
SF,IF2012,2020-05-14 09:34:07.400,3775.0000,2703,0,44187420.000,0,-,-,-,-,3773.0000,3772.8000,3771.6000,3770.8000,3770.0000,3775.4000,3775.8000,3785.2000,3788.0000,3788.6000,2,1,2,1,1,1,1,1,4,2
SF,IF2012,2020-05-14 09:34:07.900,3775.0000,2703,0,44187420.000,0,-,-,-,-,3773.2000,3773.0000,3772.8000,3770.8000,3770.0000,3775.8000,3785.2000,3788.0000,3788.6000,3799.8000,1,1,1,1,1,1,1,4,2,1
SF,IF2012,2020-05-14 09:34:08.400,3775.0000,2703,0,44187420.000,0,-,-,-,-,3773.4000,3773.2000,3772.8000,3770.8000,3770.0000,3775.6000,3775.8000,3785.2000,3788.0000,3788.6000,1,1,1,1,1,1,1,1,4,2
SF,IF2012,2020-05-14 09:34:08.900,3775.0000,2703,0,44187420.000,0,-,-,-,-,3773.4000,3773.2000,3772.8000,3770.8000,3770.0000,3775.8000,3785.2000,3788.0000,3788.6000,3799.8000,1,1,1,1,1,1,1,4,2,1
SF,IF2012,2020-05-14 09:34:09.400,3775.0000,2703,0,44187420.000,0,-,-,-,-,3773.6000,3773.4000,3772.8000,3770.8000,3770.0000,3775.8000,3785.2000,3788.0000,3788.6000,3799.8000,1,1,1,1,1,1,1,4,2,1
SF,IF2012,2020-05-14 09:34:09.900,3775.0000,2703,0,44187420.000,0,-,-,-,-,3773.8000,3773.6000,3772.8000,3770.8000,3770.0000,3775.8000,3785.2000,3788.0000,3788.6000,3799.8000,1,1,1,1,1,1,1,4,2,1
SF,IF2012,2020-05-14 09:34:10.400,3775.0000,2703,0,44187420.000,0,-,-,-,-,3774.0000,3773.8000,3772.8000,3770.8000,3770.0000,3775.8000,3785.2000,3788.0000,3788.6000,3799.8000,1,1,1,1,1,1,1,4,2,1
SF,IF2012,2020-05-14 09:34:10.900,3775.8000,2702,-1,45320160.000,1,0,1,双平,S,3774.2000,3772.8000,3770.8000,3770.0000,3767.2000,3785.2000,3788.0000,3788.6000,3799.8000,3801.2000,2,1,1,1,3,1,4,2,1,1
SF,IF2012,2020-05-14 09:34:11.400,3775.8000,2702,0,45320160.000,0,-,-,-,-,3774.2000,3772.8000,3770.8000,3770.0000,3767.2000,3780.6000,3784.4000,3784.8000,3785.0000,3785.2000,1,1,1,1,3,1,1,5,1,1
SF,IF2012,2020-05-14 09:34:11.900,3775.8000,2702,0,45320160.000,0,-,-,-,-,3774.2000,3772.8000,3770.8000,3770.0000,3767.2000,3780.2000,3780.4000,3780.6000,3784.4000,3785.2000,1,1,1,1,3,5,2,1,1,1
SF,IF2012,2020-05-14 09:34:12.400,3775.8000,2702,0,45320160.000,0,-,-,-,-,3774.2000,3772.8000,3770.8000,3770.0000,3767.2000,3780.0000,3780.2000,3780.4000,3784.4000,3785.2000,1,1,1,1,3,1,5,1,1,1
SF,IF2012,2020-05-14 09:34:12.900,3775.8000,2702,0,45320160.000,0,-,-,-,-,3774.2000,3772.8000,3770.8000,3770.0000,3767.2000,3779.6000,3780.0000,3780.4000,3784.4000,3785.2000,1,1,1,1,3,5,2,1,1,1
SF,IF2012,2020-05-14 09:34:13.400,3775.8000,2702,0,45320160.000,0,-,-,-,-,3774.2000,3772.8000,3770.8000,3770.0000,3767.2000,3779.4000,3779.6000,3780.0000,3784.4000,3785.2000,1,1,1,1,3,1,5,1,1,1
SF,IF2012,2020-05-14 09:34:13.900,3775.8000,2702,0,45320160.000,0,-,-,-,-,3774.2000,3772.8000,3770.8000,3770.0000,3767.2000,3779.0000,3779.2000,3779.4000,3780.0000,3784.4000,1,1,1,1,3,5,1,1,1,1
SF,IF2012,2020-05-14 09:34:14.400,3775.8000,2702,0,45320160.000,0,-,-,-,-,3774.2000,3772.8000,3770.8000,3770.0000,3767.2000,3778.4000,3778.8000,3779.0000,3779.2000,3780.0000,1,1,1,1,3,1,1,5,1,1
SF,IF2012,2020-05-14 09:34:14.900,3775.8000,2702,0,45320160.000,0,-,-,-,-,3774.2000,3772.8000,3770.8000,3770.0000,3767.2000,3778.2000,3778.4000,3779.0000,3780.0000,3784.4000,1,1,1,1,3,1,1,5,1,1
SF,IF2012,2020-05-14 09:34:15.900,3775.8000,2702,0,45320160.000,0,-,-,-,-,3774.2000,3772.8000,3770.8000,3770.0000,3767.2000,3778.2000,3779.0000,3780.0000,3784.4000,3785.2000,1,1,1,1,3,1,5,1,1,1
SF,IF2012,2020-05-14 09:34:16.900,3775.8000,2702,0,45320160.000,0,-,-,-,-,3774.2000,3772.8000,3770.8000,3770.0000,3767.2000,3777.8000,3778.2000,3779.0000,3780.0000,3784.4000,1,1,1,1,3,1,1,5,1,1
SF,IF2012,2020-05-14 09:34:17.400,3775.8000,2702,0,45320160.000,0,-,-,-,-,3774.2000,3772.8000,3770.8000,3770.0000,3767.2000,3777.6000,3777.8000,3779.0000,3780.0000,3784.4000,1,1,1,1,3,1,1,5,1,1
SF,IF2012,2020-05-14 09:34:17.900,3775.8000,2702,0,45320160.000,0,-,-,-,-,3774.2000,3772.8000,3770.8000,3770.0000,3767.2000,3777.6000,3779.0000,3780.0000,3784.4000,3785.2000,1,1,1,1,3,1,5,1,1,1
SF,IF2012,2020-05-14 09:34:18.400,3775.8000,2702,0,45320160.000,0,-,-,-,-,3774.2000,3772.8000,3770.8000,3770.0000,3767.2000,3777.6000,3779.0000,3784.4000,3785.2000,3788.0000,1,1,1,1,3,1,5,1,1,4
SF,IF2012,2020-05-14 09:34:23.400,3775.8000,2702,0,45320160.000,0,-,-,-,-,3774.4000,3774.2000,3772.8000,3770.8000,3770.0000,3777.6000,3779.0000,3784.4000,3785.2000,3788.0000,1,1,1,1,1,1,5,1,1,4
SF,IF2012,2020-05-14 09:34:23.900,3775.8000,2702,0,45320160.000,0,-,-,-,-,3774.8000,3774.6000,3774.4000,3772.8000,3770.8000,3777.6000,3785.2000,3788.0000,3788.6000,3799.8000,1,1,1,1,1,1,1,4,2,1
SF,IF2012,2020-05-14 09:34:24.400,3775.8000,2702,0,45320160.000,0,-,-,-,-,3775.0000,3774.4000,3772.8000,3770.8000,3770.0000,3777.6000,3788.0000,3788.6000,3799.8000,3801.2000,2,1,1,1,1,1,4,2,1,1
SF,IF2012,2020-05-14 09:34:24.900,3775.8000,2702,0,45320160.000,0,-,-,-,-,3775.0000,3774.4000,3772.8000,3770.8000,3770.0000,3788.0000,3788.6000,3799.8000,3801.2000,3802.0000,2,1,1,1,1,4,2,1,1,1
SF,IF2012,2020-05-14 09:34:25.400,3775.8000,2702,0,45320160.000,0,-,-,-,-,3775.0000,3774.4000,3772.8000,3770.8000,3770.0000,3780.8000,3784.8000,3785.8000,3787.6000,3787.8000,1,1,1,1,1,1,1,1,5,4
SF,IF2012,2020-05-14 09:34:25.900,3775.8000,2702,0,45320160.000,0,-,-,-,-,3775.0000,3774.4000,3772.8000,3770.8000,3770.0000,3780.4000,3780.6000,3784.8000,3785.8000,3787.8000,1,1,1,1,1,5,1,1,1,1
SF,IF2012,2020-05-14 09:34:26.400,3775.8000,2702,0,45320160.000,0,-,-,-,-,3775.0000,3774.4000,3772.8000,3770.8000,3770.0000,3780.2000,3780.4000,3781.6000,3787.8000,3788.0000,1,1,1,1,1,1,5,1,1,4
SF,IF2012,2020-05-14 09:34:26.900,3775.8000,2702,0,45320160.000,0,-,-,-,-,3775.0000,3774.4000,3772.8000,3770.8000,3770.0000,3780.0000,3780.2000,3781.6000,3787.8000,3788.0000,1,1,1,1,1,5,1,1,1,4
SF,IF2012,2020-05-14 09:34:27.400,3775.8000,2702,0,45320160.000,0,-,-,-,-,3775.0000,3774.4000,3772.8000,3770.8000,3770.0000,3779.8000,3780.0000,3781.6000,3787.8000,3788.0000,1,1,1,1,1,1,5,1,1,4
SF,IF2012,2020-05-14 09:34:30.900,3775.8000,2702,0,45320160.000,0,-,-,-,-,3775.0000,3774.4000,3772.8000,3770.8000,3770.0000,3779.8000,3781.6000,3787.8000,3788.0000,3788.6000,1,1,1,1,1,1,1,1,4,2
SF,IF2012,2020-05-14 09:34:33.900,3775.8000,2702,0,45320160.000,0,-,-,-,-,3775.2000,3775.0000,3774.4000,3772.8000,3770.8000,3779.8000,3787.8000,3788.0000,3788.6000,3799.8000,1,1,1,1,1,1,1,4,2,1
SF,IF2012,2020-05-14 09:34:34.400,3775.8000,2702,0,45320160.000,0,-,-,-,-,3775.4000,3775.2000,3774.4000,3772.8000,3770.8000,3779.8000,3787.8000,3788.0000,3788.6000,3799.8000,1,1,1,1,1,1,1,4,2,1
SF,IF2012,2020-05-14 09:34:43.900,3779.8000,2701,-1,46454100.000,1,0,1,双平,S,3775.4000,3775.2000,3774.4000,3772.8000,3770.8000,3787.8000,3788.0000,3788.6000,3799.8000,3801.2000,1,1,1,1,1,1,4,2,1,1
SF,IF2012,2020-05-14 09:34:44.400,3782.0000,2701,0,47588700.000,1,0,1,多换,S,3775.4000,3775.2000,3774.4000,3772.8000,3770.8000,3786.0000,3787.0000,3787.4000,3787.6000,3787.8000,1,1,1,1,1,1,1,5,4,1
SF,IF2012,2020-05-14 09:34:44.900,3782.0000,2701,0,47588700.000,0,-,-,-,-,3776.8000,3775.4000,3775.2000,3774.4000,3772.8000,3781.8000,3785.6000,3785.8000,3786.0000,3787.0000,1,1,1,1,1,1,5,1,1,1
SF,IF2012,2020-05-14 09:34:45.400,3782.0000,2701,0,47588700.000,0,-,-,-,-,3777.0000,3776.8000,3775.2000,3774.4000,3772.8000,3781.4000,3781.6000,3781.8000,3786.0000,3787.0000,1,1,1,1,1,5,1,2,1,1
SF,IF2012,2020-05-14 09:34:45.900,3782.0000,2701,0,47588700.000,0,-,-,-,-,3777.0000,3776.8000,3775.2000,3774.4000,3772.8000,3780.4000,3781.0000,3781.2000,3781.4000,3781.6000,1,1,1,1,1,1,1,2,7,1
SF,IF2012,2020-05-14 09:34:46.400,3782.0000,2701,0,47588700.000,0,-,-,-,-,3777.0000,3774.4000,3772.8000,3770.8000,3770.0000,3780.4000,3781.0000,3781.2000,3781.4000,3781.6000,2,1,1,1,1,1,3,2,6,1
SF,IF2012,2020-05-14 09:34:46.900,3782.0000,2701,0,47588700.000,0,-,-,-,-,3777.0000,3774.4000,3772.8000,3770.8000,3770.0000,3780.0000,3780.2000,3780.4000,3781.0000,3781.2000,2,1,1,1,1,1,1,1,2,1
SF,IF2012,2020-05-14 09:34:47.400,3782.0000,2701,0,47588700.000,0,-,-,-,-,3777.0000,3774.4000,3772.8000,3770.8000,3770.0000,3780.0000,3780.4000,3781.0000,3781.2000,3781.4000,2,1,1,1,1,1,1,2,1,6
SF,IF2012,2020-05-14 09:34:47.900,3782.0000,2701,0,47588700.000,0,-,-,-,-,3777.0000,3774.4000,3772.8000,3770.8000,3770.0000,3779.8000,3780.0000,3781.0000,3781.2000,3781.4000,2,1,1,1,1,1,1,2,1,6
SF,IF2012,2020-05-14 09:34:48.400,3782.0000,2701,0,47588700.000,0,-,-,-,-,3777.2000,3777.0000,3774.4000,3772.8000,3770.8000,3779.8000,3780.0000,3781.0000,3781.2000,3781.4000,1,2,1,1,1,1,1,2,2,6
SF,IF2012,2020-05-14 09:34:48.900,3782.0000,2701,0,47588700.000,0,-,-,-,-,3777.4000,3777.2000,3774.4000,3772.8000,3770.8000,3779.8000,3780.0000,3781.0000,3781.2000,3781.4000,1,1,1,1,1,1,1,2,1,1
SF,IF2012,2020-05-14 09:34:49.400,3782.0000,2701,0,47588700.000,0,-,-,-,-,3778.0000,3777.6000,3777.4000,3774.4000,3772.8000,3779.8000,3780.0000,3781.0000,3781.2000,3781.4000,1,1,1,1,1,1,1,2,1,1
SF,IF2012,2020-05-14 09:34:49.900,3782.0000,2701,0,47588700.000,0,-,-,-,-,3778.2000,3778.0000,3777.6000,3774.4000,3772.8000,3780.0000,3781.0000,3781.2000,3781.8000,3787.8000,1,1,1,1,1,1,2,1,1,1
SF,IF2012,2020-05-14 09:34:50.400,3782.0000,2701,0,47588700.000,0,-,-,-,-,3778.2000,3774.4000,3772.8000,3770.8000,3770.0000,3780.0000,3781.0000,3781.2000,3781.8000,3787.8000,1,1,1,1,1,1,1,1,1,1
SF,IF2012,2020-05-14 09:34:50.900,3782.0000,2701,0,47588700.000,0,-,-,-,-,3778.8000,3778.2000,3774.4000,3772.8000,3770.8000,3781.0000,3788.0000,3799.8000,3801.2000,3802.0000,1,1,1,1,1,1,4,1,1,1
SF,IF2012,2020-05-14 09:34:51.400,3782.0000,2701,0,47588700.000,0,-,-,-,-,3779.0000,3778.8000,3774.4000,3772.8000,3770.8000,3781.0000,3788.0000,3799.8000,3801.2000,3802.0000,1,1,1,1,1,1,4,1,1,1
SF,IF2012,2020-05-14 09:34:51.900,3782.0000,2701,0,47588700.000,0,-,-,-,-,3779.2000,3779.0000,3774.4000,3772.8000,3770.8000,3780.8000,3781.0000,3788.0000,3799.8000,3801.2000,1,1,1,1,1,2,1,4,1,1
SF,IF2012,2020-05-14 09:34:52.400,3782.0000,2701,0,47588700.000,0,-,-,-,-,3779.0000,3774.4000,3772.8000,3770.8000,3770.0000,3780.6000,3780.8000,3781.0000,3788.0000,3799.8000,1,1,1,1,1,1,1,1,4,1
SF,IF2012,2020-05-14 09:34:52.900,3782.0000,2701,0,47588700.000,0,-,-,-,-,3774.4000,3772.8000,3770.8000,3770.0000,3767.2000,3780.4000,3781.0000,3788.0000,3799.8000,3801.2000,1,1,1,1,1,3,1,4,1,1
SF,IF2012,2020-05-14 09:34:53.400,3782.0000,2701,0,47588700.000,0,-,-,-,-,3778.4000,3774.6000,3774.4000,3772.8000,3770.8000,3780.4000,3781.0000,3788.0000,3799.8000,3801.2000,1,1,1,1,1,2,1,4,1,1
SF,IF2012,2020-05-14 09:34:53.900,3782.0000,2701,0,47588700.000,0,-,-,-,-,3778.4000,3774.6000,3774.4000,3772.8000,3770.8000,3780.2000,3780.4000,3781.0000,3788.0000,3799.8000,1,1,1,1,1,1,2,1,4,1
SF,IF2012,2020-05-14 09:34:54.400,3782.0000,2701,0,47588700.000,0,-,-,-,-,3778.4000,3774.6000,3774.4000,3772.8000,3770.8000,3780.0000,3780.2000,3780.4000,3781.0000,3782.0000,1,1,1,1,1,1,2,1,1,1
SF,IF2012,2020-05-14 09:34:54.900,3782.0000,2701,0,47588700.000,0,-,-,-,-,3778.4000,3774.6000,3774.4000,3772.8000,3770.8000,3779.8000,3780.0000,3780.2000,3780.4000,3781.0000,1,1,1,1,1,1,1,1,1,1
SF,IF2012,2020-05-14 09:34:55.400,3782.0000,2701,0,47588700.000,0,-,-,-,-,3778.4000,3774.6000,3774.4000,3772.8000,3770.8000,3779.6000,3779.8000,3780.2000,3780.4000,3781.0000,1,1,1,1,1,1,1,1,1,1
SF,IF2012,2020-05-14 09:34:55.900,3782.0000,2701,0,47588700.000,0,-,-,-,-,3778.4000,3774.6000,3774.4000,3772.8000,3770.8000,3779.6000,3780.2000,3780.4000,3781.0000,3782.0000,1,1,1,1,1,1,1,1,1,1
SF,IF2012,2020-05-14 09:34:58.400,3778.4000,2701,0,48722220.000,1,0,1,多换,S,3774.6000,3774.4000,3772.8000,3770.8000,3770.0000,3779.6000,3780.4000,3781.0000,3782.6000,3788.0000,1,1,1,1,1,1,1,1,1,4
SF,IF2012,2020-05-14 09:34:58.900,3778.4000,2701,0,48722220.000,0,-,-,-,-,3775.4000,3774.6000,3774.4000,3772.8000,3770.8000,3779.4000,3779.6000,3781.0000,3782.6000,3788.0000,1,1,1,1,1,1,1,1,1,4
SF,IF2012,2020-05-14 09:34:59.400,3778.4000,2701,0,48722220.000,0,-,-,-,-,3775.6000,3775.4000,3774.4000,3772.8000,3770.8000,3779.2000,3779.4000,3781.0000,3788.0000,3799.8000,1,1,1,1,1,1,1,1,4,1
SF,IF2012,2020-05-14 09:34:59.900,3778.4000,2701,0,48722220.000,0,-,-,-,-,3775.6000,3775.4000,3774.4000,3772.8000,3770.8000,3779.0000,3779.2000,3781.0000,3788.0000,3799.8000,1,1,1,1,1,1,1,1,4,1
SF,IF2012,2020-05-14 09:35:00.400,3778.4000,2701,0,48722220.000,0,-,-,-,-,3775.8000,3775.6000,3775.4000,3774.4000,3772.8000,3778.8000,3779.0000,3781.0000,3788.0000,3799.8000,1,1,1,1,1,1,1,1,4,1
SF,IF2012,2020-05-14 09:35:00.900,3778.4000,2701,0,48722220.000,0,-,-,-,-,3776.0000,3775.8000,3775.4000,3774.4000,3772.8000,3778.8000,3779.0000,3781.0000,3788.0000,3799.8000,1,1,1,1,1,2,1,1,4,1
SF,IF2012,2020-05-14 09:35:01.400,3778.4000,2701,0,48722220.000,0,-,-,-,-,3776.2000,3776.0000,3775.8000,3775.4000,3774.4000,3778.6000,3778.8000,3779.0000,3781.0000,3788.0000,1,1,1,1,1,1,2,1,1,4
SF,IF2012,2020-05-14 09:35:01.900,3778.4000,2701,0,48722220.000,0,-,-,-,-,3776.4000,3775.8000,3774.4000,3772.8000,3770.8000,3778.4000,3778.6000,3778.8000,3779.0000,3781.0000,1,1,1,1,1,2,1,1,1,1
SF,IF2012,2020-05-14 09:35:02.400,3776.4000,2700,-1,49855140.000,1,0,1,双平,S,3774.4000,3772.8000,3770.8000,3770.0000,3767.2000,3778.2000,3778.4000,3778.6000,3778.8000,3780.8000,1,1,1,1,1,2,1,1,1,1
SF,IF2012,2020-05-14 09:35:02.900,3776.4000,2700,0,49855140.000,0,-,-,-,-,3774.6000,3774.4000,3772.8000,3770.8000,3770.0000,3778.0000,3778.2000,3780.8000,3781.0000,3788.0000,1,1,1,1,1,1,1,1,1,4
SF,IF2012,2020-05-14 09:35:03.400,3776.4000,2700,0,49855140.000,0,-,-,-,-,3774.6000,3774.4000,3772.8000,3770.8000,3770.0000,3777.8000,3778.0000,3778.2000,3780.8000,3781.0000,1,1,1,1,1,1,1,1,1,1
SF,IF2012,2020-05-14 09:35:03.900,3776.4000,2700,0,49855140.000,0,-,-,-,-,3774.6000,3774.4000,3772.8000,3770.8000,3770.0000,3777.6000,3777.8000,3778.2000,3780.8000,3781.0000,1,1,1,1,1,1,1,1,1,1
SF,IF2012,2020-05-14 09:35:04.400,3776.4000,2700,0,49855140.000,0,-,-,-,-,3774.6000,3774.4000,3772.8000,3770.8000,3770.0000,3777.4000,3777.6000,3778.2000,3780.8000,3781.0000,1,1,1,1,1,1,1,1,1,1
SF,IF2012,2020-05-14 09:35:04.900,3776.4000,2700,0,49855140.000,0,-,-,-,-,3774.8000,3774.6000,3774.4000,3772.8000,3770.8000,3777.4000,3777.6000,3778.2000,3780.8000,3781.0000,1,1,1,1,1,1,1,1,1,1
SF,IF2012,2020-05-14 09:35:05.400,3776.4000,2700,0,49855140.000,0,-,-,-,-,3775.0000,3774.8000,3774.4000,3773.4000,3772.8000,3777.4000,3777.6000,3780.8000,3781.0000,3783.0000,1,1,1,1,1,1,1,1,1,1
SF,IF2012,2020-05-14 09:35:05.900,3776.4000,2700,0,49855140.000,0,-,-,-,-,3775.2000,3775.0000,3774.4000,3773.4000,3772.8000,3780.8000,3781.0000,3783.0000,3788.0000,3799.8000,1,1,1,1,1,1,1,1,4,1
SF,IF2012,2020-05-14 09:35:06.400,3776.4000,2700,0,49855140.000,0,-,-,-,-,3775.4000,3774.4000,3773.4000,3772.8000,3770.8000,3780.4000,3780.6000,3780.8000,3781.0000,3783.0000,1,1,1,1,1,5,2,1,1,1
SF,IF2012,2020-05-14 09:35:06.900,3776.4000,2700,0,49855140.000,0,-,-,-,-,3775.4000,3774.4000,3773.4000,3772.8000,3770.8000,3780.2000,3780.4000,3780.6000,3780.8000,3781.0000,1,1,1,1,1,1,5,1,1,1
SF,IF2012,2020-05-14 09:35:07.400,3776.4000,2700,0,49855140.000,0,-,-,-,-,3774.4000,3774.2000,3773.4000,3772.8000,3770.8000,3779.8000,3780.2000,3780.6000,3780.8000,3781.0000,1,1,1,1,1,6,1,1,1,1
SF,IF2012,2020-05-14 09:35:07.900,3776.4000,2700,0,49855140.000,0,-,-,-,-,3774.6000,3774.4000,3774.2000,3773.4000,3772.8000,3779.6000,3779.8000,3781.0000,3783.0000,3788.0000,1,1,1,1,1,4,6,1,1,4
SF,IF2012,2020-05-14 09:35:08.400,3776.4000,2700,0,49855140.000,0,-,-,-,-,3774.6000,3774.4000,3774.2000,3773.4000,3772.8000,3779.2000,3779.6000,3779.8000,3781.0000,3783.0000,1,1,1,1,1,6,3,1,1,1
SF,IF2012,2020-05-14 09:35:08.900,3776.4000,2700,0,49855140.000,0,-,-,-,-,3774.6000,3774.4000,3774.2000,3773.4000,3772.8000,3779.0000,3779.2000,3779.8000,3781.0000,3783.0000,1,1,1,1,1,3,6,1,1,1
SF,IF2012,2020-05-14 09:35:09.400,3776.4000,2700,0,49855140.000,0,-,-,-,-,3774.6000,3774.4000,3774.2000,3773.4000,3772.8000,3778.6000,3779.0000,3779.2000,3779.8000,3781.0000,1,1,1,1,1,5,3,1,1,1
SF,IF2012,2020-05-14 09:35:09.900,3776.4000,2700,0,49855140.000,0,-,-,-,-,3774.6000,3774.4000,3774.2000,3773.4000,3772.8000,3778.4000,3778.6000,3779.0000,3779.2000,3779.8000,1,1,1,1,1,1,5,1,1,1
SF,IF2012,2020-05-14 09:35:10.400,3776.4000,2700,0,49855140.000,0,-,-,-,-,3774.6000,3774.4000,3774.2000,3773.4000,3772.8000,3778.4000,3778.6000,3779.0000,3779.8000,3781.0000,1,1,1,1,1,1,5,1,1,1
SF,IF2012,2020-05-14 09:35:10.900,3776.4000,2700,0,49855140.000,0,-,-,-,-,3774.6000,3774.4000,3774.2000,3772.8000,3770.8000,3778.4000,3779.0000,3779.8000,3781.0000,3783.0000,1,1,1,1,1,1,1,1,1,1
SF,IF2012,2020-05-14 09:35:11.400,3776.4000,2700,0,49855140.000,0,-,-,-,-,3774.6000,3774.4000,3774.2000,3772.8000,3770.8000,3778.4000,3779.0000,3779.8000,3781.0000,3783.0000,1,1,1,1,1,1,1,1,1,1
SF,IF2012,2020-05-14 09:35:12.400,3776.4000,2700,0,49855140.000,0,-,-,-,-,3774.6000,3774.4000,3774.2000,3772.8000,3770.8000,3778.2000,3778.4000,3779.0000,3779.8000,3781.0000,1,1,1,1,1,1,1,1,1,1
SF,IF2012,2020-05-14 09:35:12.900,3776.4000,2700,0,49855140.000,0,-,-,-,-,3774.6000,3774.4000,3774.2000,3772.8000,3770.8000,3778.0000,3778.2000,3779.0000,3779.8000,3781.0000,1,1,1,1,1,1,1,1,1,1
SF,IF2012,2020-05-14 09:35:13.400,3776.4000,2700,0,49855140.000,0,-,-,-,-,3774.6000,3774.4000,3774.2000,3772.8000,3770.8000,3778.0000,3778.2000,3779.0000,3781.0000,3783.0000,1,1,1,1,1,1,1,1,1,1
SF,IF2012,2020-05-14 09:35:17.400,3776.4000,2700,0,49855140.000,0,-,-,-,-,3774.8000,3774.6000,3774.4000,3774.2000,3772.8000,3778.0000,3778.2000,3779.0000,3781.0000,3783.0000,1,1,1,1,1,1,1,1,1,1
SF,IF2012,2020-05-14 09:35:17.900,3776.4000,2700,0,49855140.000,0,-,-,-,-,3775.2000,3775.0000,3774.8000,3774.4000,3774.2000,3778.0000,3778.2000,3779.0000,3781.0000,3783.0000,1,1,1,1,1,1,1,1,1,1
SF,IF2012,2020-05-14 09:35:18.400,3776.4000,2700,0,49855140.000,0,-,-,-,-,3775.4000,3774.8000,3774.4000,3774.2000,3772.8000,3778.0000,3778.2000,3779.0000,3781.0000,3783.0000,1,1,1,1,1,1,1,1,1,1
SF,IF2012,2020-05-14 09:35:18.900,3776.4000,2700,0,49855140.000,0,-,-,-,-,3775.4000,3774.8000,3774.4000,3774.2000,3772.8000,3778.0000,3778.2000,3781.0000,3783.0000,3788.0000,1,1,1,1,1,1,1,1,1,4
SF,IF2012,2020-05-14 09:35:19.400,3776.4000,2700,0,49855140.000,0,-,-,-,-,3775.4000,3774.8000,3774.4000,3774.2000,3772.8000,3778.0000,3781.0000,3783.0000,3788.0000,3799.8000,1,1,1,1,1,1,1,1,4,1
SF,IF2012,2020-05-14 09:35:19.900,3776.4000,2700,0,49855140.000,0,-,-,-,-,3775.4000,3774.4000,3774.2000,3772.8000,3770.8000,3778.0000,3781.0000,3783.0000,3788.0000,3799.8000,1,1,1,1,1,1,1,1,4,1
SF,IF2012,2020-05-14 09:35:24.400,3776.4000,2700,0,49855140.000,0,-,-,-,-,3775.4000,3774.4000,3774.2000,3772.8000,3770.8000,3778.0000,3781.0000,3788.0000,3799.8000,3801.2000,1,1,1,1,1,1,1,4,1,1
SF,IF2012,2020-05-14 09:35:28.400,3776.4000,2700,0,49855140.000,0,-,-,-,-,3775.4000,3774.4000,3774.2000,3772.8000,3770.8000,3777.4000,3778.0000,3781.0000,3788.0000,3799.8000,1,1,1,1,1,1,1,1,4,1
SF,IF2012,2020-05-14 09:35:28.900,3776.4000,2700,0,49855140.000,0,-,-,-,-,3775.6000,3775.4000,3774.4000,3774.2000,3772.8000,3777.4000,3778.0000,3781.0000,3788.0000,3799.8000,1,1,1,1,1,1,1,1,4,1
SF,IF2012,2020-05-14 09:35:29.400,3776.4000,2700,0,49855140.000,0,-,-,-,-,3775.8000,3775.6000,3774.4000,3774.2000,3772.8000,3777.4000,3778.0000,3781.0000,3788.0000,3799.8000,1,1,1,1,1,1,1,1,4,1
SF,IF2012,2020-05-14 09:35:29.900,3776.4000,2700,0,49855140.000,0,-,-,-,-,3776.0000,3775.8000,3774.4000,3774.2000,3772.8000,3777.4000,3781.0000,3788.0000,3799.8000,3801.2000,1,1,1,1,1,1,1,4,1,1
SF,IF2012,2020-05-14 09:35:30.400,3776.4000,2700,0,49855140.000,0,-,-,-,-,3776.2000,3776.0000,3774.4000,3774.2000,3772.8000,3777.4000,3781.0000,3788.0000,3799.8000,3801.2000,1,1,1,1,1,1,1,4,1,1
SF,IF2012,2020-05-14 09:35:30.900,3776.4000,2700,0,49855140.000,0,-,-,-,-,3776.2000,3774.4000,3774.2000,3772.8000,3770.8000,3781.0000,3788.0000,3799.8000,3801.2000,3802.0000,1,1,1,1,1,1,4,1,1,1
SF,IF2012,2020-05-14 09:35:31.400,3776.4000,2700,0,49855140.000,0,-,-,-,-,3776.2000,3774.4000,3774.2000,3772.8000,3770.8000,3780.6000,3780.8000,3781.0000,3788.0000,3799.8000,1,1,1,1,1,5,1,1,4,1
SF,IF2012,2020-05-14 09:35:31.900,3776.4000,2700,0,49855140.000,0,-,-,-,-,3776.2000,3774.4000,3774.2000,3772.8000,3770.8000,3780.4000,3780.6000,3781.0000,3788.0000,3799.8000,1,1,1,1,1,2,5,1,4,1
SF,IF2012,2020-05-14 09:35:32.400,3776.4000,2700,0,49855140.000,0,-,-,-,-,3776.2000,3774.4000,3774.2000,3772.8000,3770.8000,3779.0000,3780.0000,3780.2000,3780.4000,3781.0000,1,1,1,1,1,1,5,1,2,1
SF,IF2012,2020-05-14 09:35:32.900,3776.4000,2700,0,49855140.000,0,-,-,-,-,3776.2000,3774.4000,3774.2000,3772.8000,3770.8000,3778.8000,3779.0000,3780.0000,3780.2000,3780.4000,1,1,1,1,1,2,1,5,1,1
SF,IF2012,2020-05-14 09:35:33.400,3776.4000,2700,0,49855140.000,0,-,-,-,-,3776.2000,3774.4000,3774.2000,3772.8000,3770.8000,3778.8000,3779.0000,3780.0000,3780.2000,3781.0000,1,1,1,1,1,2,1,5,1,1
SF,IF2012,2020-05-14 09:35:39.400,3776.4000,2700,0,49855140.000,0,-,-,-,-,3776.2000,3774.4000,3774.2000,3772.8000,3770.8000,3778.8000,3779.0000,3780.0000,3780.2000,3781.0000,1,1,1,1,1,2,1,4,1,1
SF,IF2012,2020-05-14 09:35:39.900,3776.4000,2700,0,49855140.000,0,-,-,-,-,3776.2000,3774.4000,3774.2000,3772.8000,3770.8000,3778.6000,3778.8000,3779.0000,3780.0000,3780.2000,1,1,1,1,1,1,2,1,4,1
SF,IF2012,2020-05-14 09:35:40.400,3776.4000,2700,0,49855140.000,0,-,-,-,-,3776.2000,3774.4000,3774.2000,3772.8000,3770.8000,3778.4000,3778.6000,3779.0000,3780.0000,3780.2000,1,1,1,1,1,1,1,1,4,1
SF,IF2012,2020-05-14 09:35:40.900,3776.4000,2700,0,49855140.000,0,-,-,-,-,3776.2000,3774.4000,3774.2000,3772.8000,3770.8000,3778.2000,3778.4000,3778.6000,3779.0000,3780.0000,1,1,1,1,1,1,1,1,1,4
SF,IF2012,2020-05-14 09:35:41.400,3776.4000,2700,0,49855140.000,0,-,-,-,-,3776.4000,3776.2000,3774.4000,3774.2000,3772.8000,3778.0000,3778.2000,3780.0000,3780.2000,3781.0000,1,1,1,1,1,1,1,4,1,1
SF,IF2012,2020-05-14 09:35:41.900,3776.4000,2700,0,49855140.000,0,-,-,-,-,3776.6000,3776.2000,3774.4000,3774.2000,3772.8000,3778.0000,3780.0000,3780.2000,3781.0000,3788.0000,1,1,1,1,1,1,4,1,1,4
SF,IF2012,2020-05-14 09:35:42.900,3776.4000,2700,0,49855140.000,0,-,-,-,-,3776.6000,3776.2000,3774.4000,3774.2000,3772.8000,3778.0000,3780.0000,3780.2000,3781.0000,3788.0000,1,1,1,1,1,1,4,1,1,4
SF,IF2012,2020-05-14 09:35:43.400,3776.4000,2700,0,49855140.000,0,-,-,-,-,3776.2000,3774.4000,3774.2000,3772.8000,3770.8000,3777.8000,3778.0000,3780.0000,3780.2000,3781.0000,1,1,1,1,1,1,1,4,1,1
SF,IF2012,2020-05-14 09:35:43.900,3776.4000,2700,0,49855140.000,0,-,-,-,-,3776.4000,3776.2000,3774.4000,3774.2000,3772.8000,3777.6000,3777.8000,3780.0000,3780.2000,3781.0000,1,1,1,1,1,1,1,4,1,1
SF,IF2012,2020-05-14 09:35:44.400,3776.4000,2700,0,49855140.000,0,-,-,-,-,3776.6000,3774.4000,3774.2000,3772.8000,3770.8000,3780.0000,3780.2000,3781.0000,3788.0000,3799.8000,1,1,1,1,1,4,1,1,4,1
SF,IF2012,2020-05-14 09:35:44.900,3776.4000,2700,0,49855140.000,0,-,-,-,-,3776.6000,3774.4000,3774.2000,3772.8000,3770.8000,3779.6000,3779.8000,3780.0000,3781.0000,3788.0000,1,1,1,1,1,1,3,4,1,4
SF,IF2012,2020-05-14 09:35:45.400,3776.4000,2700,0,49855140.000,0,-,-,-,-,3776.6000,3774.4000,3774.2000,3772.8000,3770.8000,3779.4000,3779.6000,3779.8000,3781.0000,3788.0000,1,1,1,1,1,1,1,2,1,4
SF,IF2012,2020-05-14 09:35:45.900,3776.4000,2700,0,49855140.000,0,-,-,-,-,3776.6000,3774.4000,3774.2000,3772.8000,3770.8000,3778.6000,3779.2000,3779.4000,3779.8000,3781.0000,1,1,1,1,1,1,1,1,2,1
SF,IF2012,2020-05-14 09:35:46.400,3776.4000,2700,0,49855140.000,0,-,-,-,-,3776.6000,3774.4000,3774.2000,3772.8000,3770.8000,3778.4000,3778.6000,3779.8000,3781.0000,3788.0000,1,1,1,1,1,2,1,2,1,4
SF,IF2012,2020-05-14 09:35:46.900,3776.4000,2700,0,49855140.000,0,-,-,-,-,3776.6000,3774.4000,3774.2000,3772.8000,3770.8000,3778.4000,3778.6000,3779.8000,3781.0000,3788.0000,1,1,1,1,1,2,1,1,1,4
SF,IF2012,2020-05-14 09:35:48.400,3776.4000,2700,0,49855140.000,0,-,-,-,-,3776.6000,3774.4000,3774.2000,3772.8000,3770.8000,3778.4000,3778.6000,3779.8000,3781.0000,3788.0000,1,1,1,1,1,1,1,1,1,4
SF,IF2012,2020-05-14 09:35:52.400,3776.4000,2700,0,49855140.000,0,-,-,-,-,3776.6000,3774.4000,3774.2000,3772.8000,3770.8000,3778.4000,3779.8000,3781.0000,3788.0000,3795.0000,1,1,1,1,1,1,1,1,4,1
SF,IF2012,2020-05-14 09:35:52.900,3776.4000,2700,0,49855140.000,0,-,-,-,-,3774.4000,3774.2000,3772.8000,3770.8000,3770.0000,3778.4000,3779.8000,3781.0000,3788.0000,3795.0000,1,1,1,1,1,1,1,1,4,1
SF,IF2012,2020-05-14 09:35:53.400,3776.4000,2700,0,49855140.000,0,-,-,-,-,3774.6000,3774.4000,3774.2000,3772.8000,3770.8000,3778.2000,3778.4000,3781.0000,3788.0000,3795.0000,1,1,1,1,1,1,1,1,4,1
SF,IF2012,2020-05-14 09:35:53.900,3776.4000,2700,0,49855140.000,0,-,-,-,-,3774.6000,3774.4000,3774.2000,3772.8000,3770.8000,3778.0000,3778.2000,3781.0000,3788.0000,3795.0000,1,1,1,1,1,1,1,1,4,1
SF,IF2012,2020-05-14 09:35:54.400,3776.4000,2700,0,49855140.000,0,-,-,-,-,3774.6000,3774.4000,3774.2000,3772.8000,3770.8000,3777.8000,3778.0000,3781.0000,3788.0000,3795.0000,1,1,1,1,1,1,1,1,4,1
SF,IF2012,2020-05-14 09:35:54.900,3776.4000,2700,0,49855140.000,0,-,-,-,-,3775.0000,3774.6000,3774.4000,3774.2000,3772.8000,3777.6000,3777.8000,3781.0000,3788.0000,3795.0000,1,1,1,1,1,1,1,1,4,1
SF,IF2012,2020-05-14 09:35:55.400,3776.4000,2700,0,49855140.000,0,-,-,-,-,3775.2000,3775.0000,3774.4000,3774.2000,3772.8000,3777.8000,3781.0000,3788.0000,3795.0000,3799.8000,1,1,1,1,1,1,1,4,1,1
SF,IF2012,2020-05-14 09:35:55.900,3776.4000,2700,0,49855140.000,0,-,-,-,-,3775.2000,3775.0000,3774.4000,3774.2000,3772.8000,3777.6000,3781.0000,3788.0000,3795.0000,3799.8000,1,1,1,1,1,1,1,4,1,1
SF,IF2012,2020-05-14 09:35:56.400,3776.4000,2700,0,49855140.000,0,-,-,-,-,3775.4000,3775.2000,3774.4000,3774.2000,3772.8000,3781.0000,3788.0000,3795.0000,3799.8000,3801.2000,1,1,1,1,1,1,4,1,1,1
SF,IF2012,2020-05-14 09:35:56.900,3776.4000,2700,0,49855140.000,0,-,-,-,-,3775.6000,3774.4000,3774.2000,3772.8000,3770.8000,3777.2000,3780.6000,3780.8000,3781.0000,3788.0000,1,1,1,1,1,1,4,1,1,4
SF,IF2012,2020-05-14 09:35:57.400,3777.2000,2699,-1,50988300.000,1,0,1,双平,S,3775.8000,3775.6000,3774.4000,3774.2000,3772.8000,3780.6000,3780.8000,3781.0000,3788.0000,3795.0000,1,1,1,1,1,4,1,1,4,1
SF,IF2012,2020-05-14 09:35:57.900,3777.2000,2699,0,50988300.000,0,-,-,-,-,3776.0000,3774.4000,3774.2000,3772.8000,3770.8000,3780.4000,3780.6000,3781.0000,3788.0000,3795.0000,1,1,1,1,1,1,4,1,4,1
SF,IF2012,2020-05-14 09:35:58.400,3777.2000,2699,0,50988300.000,0,-,-,-,-,3776.0000,3774.4000,3774.2000,3772.8000,3770.8000,3780.0000,3780.2000,3780.4000,3781.0000,3788.0000,1,1,1,1,1,4,1,1,1,4
SF,IF2012,2020-05-14 09:35:58.900,3777.2000,2699,0,50988300.000,0,-,-,-,-,3776.0000,3774.4000,3774.2000,3772.8000,3770.8000,3779.8000,3780.0000,3780.4000,3781.0000,3788.0000,1,1,1,1,1,1,4,1,1,4
SF,IF2012,2020-05-14 09:35:59.400,3777.2000,2699,0,50988300.000,0,-,-,-,-,3776.0000,3774.4000,3774.2000,3772.8000,3770.8000,3779.8000,3780.0000,3781.0000,3788.0000,3795.0000,1,1,1,1,1,1,4,1,4,1
SF,IF2012,2020-05-14 09:36:00.400,3777.2000,2699,0,50988300.000,0,-,-,-,-,3776.0000,3774.4000,3774.2000,3772.8000,3770.8000,3779.4000,3779.8000,3780.0000,3781.0000,3788.0000,1,1,1,1,1,1,1,4,1,4
SF,IF2012,2020-05-14 09:36:00.900,3777.2000,2699,0,50988300.000,0,-,-,-,-,3776.0000,3774.4000,3774.2000,3772.8000,3770.8000,3779.2000,3779.4000,3780.0000,3781.0000,3788.0000,1,1,1,1,1,1,1,4,1,4
SF,IF2012,2020-05-14 09:36:01.400,3777.2000,2699,0,50988300.000,0,-,-,-,-,3776.0000,3774.4000,3774.2000,3772.8000,3770.8000,3778.8000,3779.0000,3779.2000,3779.4000,3780.0000,1,1,1,1,1,1,1,1,1,4
SF,IF2012,2020-05-14 09:36:01.900,3777.2000,2699,0,50988300.000,0,-,-,-,-,3774.4000,3774.2000,3772.8000,3770.8000,3770.0000,3778.6000,3779.0000,3779.4000,3780.0000,3781.0000,1,1,1,1,1,2,1,1,4,1
SF,IF2012,2020-05-14 09:36:02.400,3777.2000,2699,0,50988300.000,0,-,-,-,-,3774.6000,3774.4000,3774.2000,3772.8000,3770.8000,3778.4000,3778.6000,3779.4000,3780.0000,3781.0000,1,1,1,1,1,2,2,1,4,1
SF,IF2012,2020-05-14 09:36:02.900,3777.2000,2699,0,50988300.000,0,-,-,-,-,3774.6000,3774.4000,3774.2000,3772.8000,3770.8000,3778.2000,3778.4000,3778.6000,3779.4000,3780.0000,1,1,1,1,1,1,2,1,1,4
SF,IF2012,2020-05-14 09:36:03.400,3777.2000,2699,0,50988300.000,0,-,-,-,-,3774.6000,3774.4000,3774.2000,3772.8000,3770.8000,3778.0000,3778.2000,3779.4000,3780.0000,3781.0000,1,1,1,1,1,1,1,1,4,1
SF,IF2012,2020-05-14 09:36:03.900,3777.2000,2699,0,50988300.000,0,-,-,-,-,3774.6000,3774.4000,3774.2000,3772.8000,3770.8000,3777.8000,3778.0000,3779.4000,3780.0000,3781.0000,1,1,1,1,1,1,1,1,4,1
SF,IF2012,2020-05-14 09:36:04.400,3777.2000,2699,0,50988300.000,0,-,-,-,-,3775.0000,3774.6000,3774.4000,3774.2000,3772.8000,3777.6000,3777.8000,3779.4000,3780.0000,3781.0000,1,1,1,1,1,1,1,1,4,1
SF,IF2012,2020-05-14 09:36:04.900,3777.2000,2699,0,50988300.000,0,-,-,-,-,3775.2000,3775.0000,3774.4000,3774.2000,3772.8000,3777.4000,3779.4000,3780.0000,3781.0000,3788.0000,1,1,1,1,1,1,1,4,1,4
SF,IF2012,2020-05-14 09:36:06.400,3777.2000,2699,0,50988300.000,0,-,-,-,-,3775.8000,3775.2000,3775.0000,3774.4000,3774.2000,3777.4000,3779.4000,3780.0000,3781.0000,3788.0000,1,1,1,1,1,1,1,4,1,4
SF,IF2012,2020-05-14 09:36:06.900,3777.2000,2699,0,50988300.000,0,-,-,-,-,3775.8000,3775.2000,3774.4000,3774.2000,3772.8000,3777.2000,3777.4000,3780.0000,3781.0000,3788.0000,1,1,1,1,1,1,1,4,1,4
SF,IF2012,2020-05-14 09:36:07.400,3777.2000,2699,0,50988300.000,0,-,-,-,-,3775.8000,3775.2000,3774.4000,3774.2000,3772.8000,3777.0000,3777.2000,3780.0000,3781.0000,3788.0000,1,1,1,1,1,1,1,4,1,4
SF,IF2012,2020-05-14 09:36:08.400,3777.2000,2699,0,50988300.000,0,-,-,-,-,3775.8000,3775.2000,3774.4000,3774.2000,3772.8000,3777.0000,3780.0000,3781.0000,3788.0000,3795.0000,1,1,1,1,1,1,4,1,4,1
SF,IF2012,2020-05-14 09:36:08.900,3777.2000,2699,0,50988300.000,0,-,-,-,-,3776.0000,3775.8000,3774.4000,3774.2000,3772.8000,3780.0000,3781.0000,3788.0000,3795.0000,3799.8000,1,1,1,1,1,4,1,4,1,1
SF,IF2012,2020-05-14 09:36:09.400,3777.2000,2699,0,50988300.000,0,-,-,-,-,3776.0000,3775.8000,3774.4000,3774.2000,3772.8000,3779.8000,3780.0000,3781.0000,3788.0000,3795.0000,2,1,1,1,1,1,4,1,4,1
SF,IF2012,2020-05-14 09:36:09.900,3777.2000,2699,0,50988300.000,0,-,-,-,-,3776.0000,3775.8000,3774.4000,3774.2000,3772.8000,3779.4000,3779.8000,3781.0000,3788.0000,3795.0000,2,1,1,1,1,4,1,1,4,1
SF,IF2012,2020-05-14 09:36:10.400,3777.2000,2699,0,50988300.000,0,-,-,-,-,3776.0000,3775.8000,3774.4000,3774.2000,3772.8000,3779.2000,3781.0000,3788.0000,3795.0000,3799.8000,2,1,1,1,1,2,1,4,1,1
SF,IF2012,2020-05-14 09:36:10.900,3777.2000,2699,0,50988300.000,0,-,-,-,-,3776.0000,3775.8000,3774.4000,3774.2000,3772.8000,3778.8000,3779.2000,3781.0000,3788.0000,3795.0000,2,1,1,1,1,1,2,1,4,1
SF,IF2012,2020-05-14 09:36:11.400,3777.2000,2699,0,50988300.000,0,-,-,-,-,3776.0000,3775.8000,3774.4000,3774.2000,3772.8000,3778.6000,3779.2000,3781.0000,3788.0000,3795.0000,2,1,1,1,1,2,1,1,4,1
SF,IF2012,2020-05-14 09:36:11.900,3777.2000,2699,0,50988300.000,0,-,-,-,-,3776.0000,3775.8000,3774.4000,3774.2000,3772.8000,3778.6000,3781.0000,3788.0000,3795.0000,3799.8000,2,1,1,1,1,2,1,4,1,1
SF,IF2012,2020-05-14 09:36:12.400,3777.2000,2699,0,50988300.000,0,-,-,-,-,3776.0000,3775.8000,3774.4000,3774.2000,3772.8000,3778.6000,3781.0000,3788.0000,3795.0000,3799.8000,2,1,1,1,1,1,1,4,1,1
SF,IF2012,2020-05-14 09:36:19.400,3777.2000,2699,0,50988300.000,0,-,-,-,-,3776.0000,3775.8000,3774.4000,3774.2000,3772.8000,3778.6000,3781.0000,3788.0000,3795.0000,3799.8000,2,1,1,1,1,1,1,4,1,1
SF,IF2012,2020-05-14 09:36:20.400,3777.2000,2699,0,50988300.000,0,-,-,-,-,3776.0000,3775.8000,3775.6000,3774.4000,3772.8000,3778.6000,3781.0000,3788.0000,3795.0000,3799.8000,2,1,1,1,1,1,1,4,1,1
SF,IF2012,2020-05-14 09:36:20.900,3777.2000,2699,0,50988300.000,0,-,-,-,-,3776.0000,3775.8000,3775.6000,3774.4000,3772.8000,3778.4000,3778.6000,3781.0000,3788.0000,3795.0000,2,1,1,1,1,1,1,1,4,1
SF,IF2012,2020-05-14 09:36:21.400,3776.0000,2698,-1,52121100.000,1,0,1,双平,S,3776.0000,3775.8000,3775.6000,3774.4000,3772.8000,3778.2000,3778.4000,3781.0000,3788.0000,3795.0000,1,1,1,1,1,2,1,1,4,1
SF,IF2012,2020-05-14 09:36:21.900,3776.0000,2698,0,52121100.000,0,-,-,-,-,3776.2000,3776.0000,3775.8000,3775.6000,3774.4000,3778.2000,3781.0000,3788.0000,3795.0000,3799.8000,1,1,1,1,1,2,1,4,1,1
SF,IF2012,2020-05-14 09:36:22.900,3776.0000,2698,0,52121100.000,0,-,-,-,-,3776.4000,3776.2000,3776.0000,3775.8000,3775.6000,3778.2000,3781.0000,3788.0000,3795.0000,3799.8000,1,1,1,1,1,1,1,4,1,1
SF,IF2012,2020-05-14 09:36:23.400,3776.0000,2698,0,52121100.000,0,-,-,-,-,3776.6000,3776.4000,3776.0000,3775.8000,3775.6000,3778.2000,3781.0000,3788.0000,3795.0000,3799.8000,1,1,1,1,1,1,1,4,1,1
SF,IF2012,2020-05-14 09:36:23.900,3776.0000,2698,0,52121100.000,0,-,-,-,-,3776.6000,3776.0000,3775.8000,3775.6000,3774.4000,3778.0000,3778.2000,3781.0000,3788.0000,3795.0000,1,1,1,1,1,1,1,1,4,1
SF,IF2012,2020-05-14 09:36:24.400,3776.0000,2698,0,52121100.000,0,-,-,-,-,3776.0000,3775.8000,3775.6000,3774.4000,3772.8000,3777.8000,3778.0000,3781.0000,3788.0000,3795.0000,1,1,1,1,1,1,1,1,4,1
SF,IF2012,2020-05-14 09:36:24.900,3776.0000,2698,0,52121100.000,0,-,-,-,-,3776.2000,3776.0000,3775.8000,3775.6000,3774.4000,3777.8000,3781.0000,3788.0000,3795.0000,3799.8000,1,1,1,1,1,1,1,4,1,1
SF,IF2012,2020-05-14 09:36:25.400,3776.0000,2698,0,52121100.000,0,-,-,-,-,3776.4000,3776.2000,3776.0000,3775.8000,3775.6000,3781.0000,3788.0000,3795.0000,3799.8000,3801.2000,1,1,1,1,1,1,4,1,1,1
SF,IF2012,2020-05-14 09:36:25.900,3776.0000,2698,0,52121100.000,0,-,-,-,-,3776.6000,3776.0000,3775.8000,3775.6000,3774.4000,3780.6000,3780.8000,3781.0000,3788.0000,3795.0000,1,1,1,1,1,4,3,1,4,1
SF,IF2012,2020-05-14 09:36:26.400,3776.0000,2698,0,52121100.000,0,-,-,-,-,3776.6000,3776.0000,3775.8000,3775.6000,3774.4000,3780.4000,3780.6000,3780.8000,3781.0000,3788.0000,1,1,1,1,1,2,4,1,1,4
SF,IF2012,2020-05-14 09:36:26.900,3776.0000,2698,0,52121100.000,0,-,-,-,-,3776.6000,3776.0000,3775.8000,3775.6000,3774.4000,3780.0000,3780.4000,3781.0000,3788.0000,3795.0000,1,1,1,1,1,4,2,1,4,1
SF,IF2012,2020-05-14 09:36:27.400,3776.0000,2698,0,52121100.000,0,-,-,-,-,3776.6000,3776.0000,3775.8000,3775.6000,3774.4000,3779.8000,3780.0000,3781.0000,3788.0000,3795.0000,1,1,1,1,1,2,4,1,4,1
SF,IF2012,2020-05-14 09:36:27.900,3776.0000,2698,0,52121100.000,0,-,-,-,-,3776.6000,3776.0000,3775.8000,3775.6000,3774.4000,3779.4000,3779.8000,3780.0000,3781.0000,3788.0000,1,2,1,1,1,1,2,4,1,4
SF,IF2012,2020-05-14 09:36:28.400,3776.0000,2698,0,52121100.000,0,-,-,-,-,3776.6000,3776.0000,3775.8000,3775.6000,3774.4000,3779.2000,3779.8000,3780.0000,3781.0000,3788.0000,1,2,1,1,1,2,1,4,1,4
SF,IF2012,2020-05-14 09:36:28.900,3776.0000,2698,0,52121100.000,0,-,-,-,-,3776.6000,3776.0000,3775.8000,3775.6000,3774.4000,3779.2000,3779.8000,3781.0000,3788.0000,3795.0000,1,2,1,1,1,1,1,1,4,1
SF,IF2012,2020-05-14 09:36:53.900,3776.0000,2698,0,52121100.000,0,-,-,-,-,3776.6000,3776.0000,3775.8000,3775.6000,3774.4000,3779.2000,3779.8000,3781.0000,3788.0000,3795.0000,2,2,1,1,1,1,1,1,4,1
SF,IF2012,2020-05-14 09:37:07.900,3776.0000,2698,0,52121100.000,0,-,-,-,-,3776.6000,3776.0000,3775.8000,3775.6000,3774.4000,3779.2000,3779.8000,3781.0000,3788.0000,3795.0000,2,2,1,1,1,1,1,1,4,1
SF,IF2012,2020-05-14 09:37:08.400,3776.0000,2698,0,52121100.000,0,-,-,-,-,3776.6000,3776.0000,3775.8000,3775.6000,3774.4000,3779.0000,3779.2000,3779.8000,3781.0000,3788.0000,2,2,1,1,1,1,1,1,1,4
SF,IF2012,2020-05-14 09:37:08.900,3776.0000,2698,0,52121100.000,0,-,-,-,-,3776.6000,3776.0000,3775.8000,3775.6000,3774.4000,3778.8000,3779.0000,3779.8000,3781.0000,3788.0000,2,2,1,1,1,2,1,1,1,4
SF,IF2012,2020-05-14 09:37:09.900,3776.0000,2698,0,52121100.000,0,-,-,-,-,3776.6000,3776.0000,3775.8000,3775.6000,3774.4000,3778.6000,3778.8000,3779.0000,3779.8000,3781.0000,2,2,1,1,1,1,2,1,1,1
SF,IF2012,2020-05-14 09:37:10.400,3776.0000,2698,0,52121100.000,0,-,-,-,-,3776.6000,3776.0000,3775.8000,3775.6000,3774.4000,3778.4000,3778.6000,3779.0000,3779.8000,3781.0000,1,2,1,1,1,2,1,1,1,1
SF,IF2012,2020-05-14 09:37:10.900,3776.0000,2698,0,52121100.000,0,-,-,-,-,3776.6000,3776.0000,3775.8000,3775.6000,3774.4000,3778.2000,3778.4000,3779.0000,3779.8000,3781.0000,1,2,1,1,1,1,2,1,1,1
SF,IF2012,2020-05-14 09:37:11.400,3776.0000,2698,0,52121100.000,0,-,-,-,-,3776.6000,3776.0000,3775.8000,3775.6000,3774.4000,3778.0000,3778.2000,3779.0000,3779.8000,3781.0000,1,2,1,1,1,2,1,1,1,1
SF,IF2012,2020-05-14 09:37:11.900,3776.6000,2699,1,53254080.000,1,1,0,双开,S,3776.0000,3775.8000,3775.6000,3774.4000,3772.8000,3777.8000,3778.0000,3778.2000,3779.0000,3779.8000,2,1,1,1,1,1,2,1,1,1
SF,IF2012,2020-05-14 09:37:12.400,3776.6000,2699,0,53254080.000,0,-,-,-,-,3776.2000,3776.0000,3775.8000,3775.6000,3774.4000,3777.6000,3777.8000,3779.8000,3781.0000,3788.0000,1,2,1,1,1,1,1,1,1,4
SF,IF2012,2020-05-14 09:37:12.900,3776.6000,2699,0,53254080.000,0,-,-,-,-,3776.2000,3776.0000,3775.8000,3775.6000,3774.4000,3777.6000,3779.8000,3781.0000,3788.0000,3795.0000,1,2,1,1,1,1,1,1,4,1
SF,IF2012,2020-05-14 09:37:13.400,3777.6000,2698,-1,54387360.000,1,0,1,双平,S,3776.2000,3776.0000,3775.8000,3775.6000,3774.4000,3779.8000,3781.0000,3788.0000,3795.0000,3799.8000,1,2,1,1,1,1,1,4,1,1
SF,IF2012,2020-05-14 09:37:13.900,3777.6000,2698,0,54387360.000,0,-,-,-,-,3776.2000,3776.0000,3775.8000,3775.6000,3774.4000,3779.6000,3779.8000,3781.0000,3788.0000,3795.0000,1,2,1,1,1,2,1,1,4,1
SF,IF2012,2020-05-14 09:37:14.400,3777.6000,2698,0,54387360.000,0,-,-,-,-,3776.2000,3776.0000,3775.8000,3775.6000,3774.4000,3779.4000,3779.6000,3781.0000,3788.0000,3795.0000,1,2,1,1,1,4,2,1,4,1
SF,IF2012,2020-05-14 09:37:14.900,3777.6000,2698,0,54387360.000,0,-,-,-,-,3776.2000,3776.0000,3775.8000,3775.6000,3774.4000,3779.0000,3779.2000,3779.4000,3781.0000,3788.0000,1,2,1,1,1,1,2,4,1,4
SF,IF2012,2020-05-14 09:37:15.400,3777.6000,2698,0,54387360.000,0,-,-,-,-,3776.0000,3775.8000,3775.6000,3774.4000,3772.8000,3778.8000,3779.2000,3779.4000,3781.0000,3788.0000,2,1,1,1,1,2,1,4,1,4
SF,IF2012,2020-05-14 09:37:15.900,3777.6000,2698,0,54387360.000,0,-,-,-,-,3776.2000,3776.0000,3775.8000,3775.6000,3774.4000,3778.6000,3778.8000,3779.2000,3779.4000,3781.0000,1,2,1,1,1,1,1,1,4,1
SF,IF2012,2020-05-14 09:37:16.400,3777.6000,2698,0,54387360.000,0,-,-,-,-,3776.2000,3776.0000,3775.8000,3775.6000,3774.4000,3778.4000,3779.2000,3779.4000,3781.0000,3788.0000,1,2,1,1,1,3,1,4,1,4
SF,IF2012,2020-05-14 09:37:16.900,3777.6000,2698,0,54387360.000,0,-,-,-,-,3776.2000,3776.0000,3775.8000,3775.6000,3774.4000,3778.4000,3779.2000,3779.4000,3781.0000,3781.8000,1,2,1,1,1,3,1,4,1,1
SF,IF2012,2020-05-14 09:37:17.400,3777.6000,2698,0,54387360.000,0,-,-,-,-,3776.2000,3776.0000,3775.8000,3775.6000,3774.4000,3778.4000,3779.2000,3779.4000,3781.0000,3781.8000,1,2,1,1,1,2,1,4,1,1
SF,IF2012,2020-05-14 09:37:17.900,3777.6000,2698,0,54387360.000,0,-,-,-,-,3776.2000,3776.0000,3775.8000,3775.6000,3774.4000,3778.4000,3779.4000,3781.0000,3781.8000,3788.0000,1,2,1,1,1,2,4,1,1,4
SF,IF2012,2020-05-14 09:37:18.400,3777.6000,2698,0,54387360.000,0,-,-,-,-,3776.2000,3776.0000,3775.8000,3775.6000,3774.4000,3778.4000,3779.4000,3781.0000,3781.8000,3788.0000,1,2,1,1,1,2,1,1,1,4
SF,IF2012,2020-05-14 09:37:19.400,3777.6000,2698,0,54387360.000,0,-,-,-,-,3776.2000,3776.0000,3775.8000,3775.6000,3774.4000,3778.4000,3779.4000,3781.0000,3781.8000,3788.0000,1,2,1,1,1,1,1,1,1,4
SF,IF2012,2020-05-14 09:37:19.900,3777.6000,2698,0,54387360.000,0,-,-,-,-,3776.2000,3776.0000,3775.8000,3775.6000,3774.4000,3778.4000,3781.0000,3781.8000,3788.0000,3795.0000,1,2,1,1,1,1,1,1,4,1
SF,IF2012,2020-05-14 09:37:20.900,3777.6000,2698,0,54387360.000,0,-,-,-,-,3776.2000,3776.0000,3775.8000,3775.6000,3774.4000,3778.0000,3778.2000,3778.4000,3781.0000,3781.8000,1,2,1,1,1,1,1,1,1,1
SF,IF2012,2020-05-14 09:37:21.400,3777.6000,2698,0,54387360.000,0,-,-,-,-,3776.0000,3775.8000,3775.6000,3774.4000,3772.8000,3777.8000,3778.0000,3778.2000,3781.0000,3781.8000,2,1,1,1,1,1,1,1,1,1
SF,IF2012,2020-05-14 09:37:21.900,3777.6000,2698,0,54387360.000,0,-,-,-,-,3776.2000,3776.0000,3775.8000,3775.6000,3774.4000,3777.6000,3777.8000,3778.0000,3778.2000,3781.0000,1,2,1,1,1,1,1,1,1,1
SF,IF2012,2020-05-14 09:37:22.400,3777.6000,2698,0,54387360.000,0,-,-,-,-,3776.0000,3775.8000,3775.6000,3774.4000,3772.8000,3776.2000,3777.4000,3777.6000,3778.0000,3778.2000,2,1,1,1,1,1,1,1,1,1
SF,IF2012,2020-05-14 09:37:22.900,3776.2000,2698,0,55520220.000,1,0,1,多换,S,3776.0000,3775.8000,3775.6000,3774.4000,3772.8000,3777.4000,3777.6000,3778.2000,3781.0000,3781.8000,2,1,1,1,1,1,1,1,1,1
SF,IF2012,2020-05-14 09:37:23.400,3776.2000,2698,0,55520220.000,0,-,-,-,-,3776.2000,3776.0000,3775.8000,3775.6000,3774.4000,3777.4000,3777.6000,3778.2000,3781.0000,3781.8000,1,2,1,1,1,1,1,1,1,1
SF,IF2012,2020-05-14 09:37:23.900,3776.2000,2698,0,56653080.000,1,0,1,多换,S,3776.0000,3775.8000,3775.6000,3774.4000,3772.8000,3777.6000,3778.2000,3781.0000,3781.8000,3788.0000,2,1,1,1,1,1,1,1,1,4
SF,IF2012,2020-05-14 09:37:24.400,3776.2000,2698,0,56653080.000,0,-,-,-,-,3776.0000,3775.8000,3775.6000,3774.4000,3772.8000,3777.4000,3777.6000,3778.2000,3781.0000,3781.8000,2,1,1,1,1,2,1,1,1,1
SF,IF2012,2020-05-14 09:37:24.900,3776.0000,2698,0,57785880.000,1,0,1,多换,S,3776.0000,3775.8000,3775.6000,3774.4000,3772.8000,3777.2000,3777.4000,3777.6000,3781.0000,3781.8000,1,1,1,1,1,1,2,1,1,1
SF,IF2012,2020-05-14 09:37:25.400,3776.0000,2699,1,58918680.000,1,1,0,双开,S,3775.8000,3775.6000,3774.4000,3772.8000,3770.8000,3777.0000,3777.2000,3777.6000,3781.0000,3781.8000,1,1,1,1,1,1,1,1,1,1
SF,IF2012,2020-05-14 09:37:27.900,3776.0000,2699,0,58918680.000,0,-,-,-,-,3775.8000,3775.6000,3774.4000,3772.8000,3770.8000,3777.0000,3777.2000,3777.6000,3778.8000,3781.0000,1,1,1,1,1,1,1,1,1,1
SF,IF2012,2020-05-14 09:37:32.400,3777.0000,2698,-1,60051780.000,1,0,1,双平,S,3775.8000,3775.6000,3774.4000,3772.8000,3770.8000,3777.2000,3777.6000,3778.8000,3781.0000,3781.8000,1,1,1,1,1,1,1,1,1,1
SF,IF2012,2020-05-14 09:37:32.900,3777.0000,2698,0,60051780.000,0,-,-,-,-,3776.0000,3775.8000,3775.6000,3774.4000,3772.8000,3777.6000,3778.8000,3781.0000,3781.8000,3788.0000,1,1,1,1,1,1,1,1,1,4
SF,IF2012,2020-05-14 09:37:33.400,3777.0000,2698,0,60051780.000,0,-,-,-,-,3776.0000,3775.8000,3775.6000,3774.4000,3772.8000,3777.4000,3778.8000,3781.0000,3781.8000,3788.0000,1,1,1,1,1,2,1,1,1,4
SF,IF2012,2020-05-14 09:37:33.900,3777.0000,2698,0,60051780.000,0,-,-,-,-,3776.0000,3775.8000,3775.6000,3774.4000,3772.8000,3777.4000,3778.8000,3781.0000,3781.8000,3788.0000,1,1,1,1,1,1,1,1,1,4
SF,IF2012,2020-05-14 09:37:34.900,3777.0000,2698,0,60051780.000,0,-,-,-,-,3776.0000,3775.8000,3775.6000,3774.4000,3772.8000,3778.8000,3781.0000,3781.8000,3788.0000,3795.0000,1,1,1,1,1,1,1,1,4,1
SF,IF2012,2020-05-14 09:37:35.400,3777.0000,2698,0,60051780.000,0,-,-,-,-,3776.2000,3776.0000,3775.8000,3775.6000,3774.4000,3778.6000,3778.8000,3781.0000,3781.8000,3788.0000,1,1,1,1,1,1,1,1,1,4
SF,IF2012,2020-05-14 09:37:35.900,3777.0000,2698,0,60051780.000,0,-,-,-,-,3776.4000,3775.8000,3775.6000,3774.4000,3772.8000,3778.6000,3778.8000,3781.0000,3781.8000,3788.0000,2,1,1,1,1,1,1,1,1,4
SF,IF2012,2020-05-14 09:37:38.400,3776.4000,2698,0,61184700.000,1,0,1,多换,S,3776.4000,3775.8000,3775.6000,3774.4000,3772.8000,3778.6000,3778.8000,3781.0000,3781.8000,3788.0000,1,1,1,1,1,1,1,1,1,4
SF,IF2012,2020-05-14 09:37:38.900,3776.4000,2698,0,61184700.000,0,-,-,-,-,3776.6000,3776.4000,3775.8000,3775.6000,3774.4000,3778.4000,3778.6000,3778.8000,3781.0000,3781.8000,1,1,1,1,1,1,1,1,1,1
SF,IF2012,2020-05-14 09:37:39.400,3776.4000,2698,0,61184700.000,0,-,-,-,-,3776.6000,3776.4000,3775.8000,3775.6000,3774.4000,3778.2000,3778.4000,3778.8000,3781.0000,3781.8000,1,1,1,1,1,1,1,1,1,1
SF,IF2012,2020-05-14 09:37:39.900,3776.4000,2698,0,61184700.000,0,-,-,-,-,3776.8000,3776.6000,3775.8000,3775.6000,3774.4000,3778.2000,3778.4000,3778.8000,3781.0000,3781.8000,1,1,1,1,1,1,1,1,1,1
SF,IF2012,2020-05-14 09:37:40.400,3776.4000,2698,0,61184700.000,0,-,-,-,-,3776.8000,3775.8000,3775.6000,3774.4000,3772.8000,3778.0000,3778.4000,3778.8000,3781.0000,3781.8000,1,1,1,1,1,1,1,1,1,1
SF,IF2012,2020-05-14 09:37:40.900,3776.4000,2698,0,61184700.000,0,-,-,-,-,3775.8000,3775.6000,3774.4000,3772.8000,3770.8000,3778.0000,3778.4000,3778.8000,3781.0000,3781.8000,1,1,1,1,1,1,1,1,1,1
SF,IF2012,2020-05-14 09:37:41.400,3776.4000,2698,0,61184700.000,0,-,-,-,-,3776.0000,3775.8000,3775.6000,3774.4000,3772.8000,3778.0000,3778.8000,3781.0000,3781.8000,3788.0000,1,1,1,1,1,1,1,1,1,4
SF,IF2012,2020-05-14 09:37:41.900,3776.4000,2698,0,61184700.000,0,-,-,-,-,3776.2000,3776.0000,3775.8000,3775.6000,3774.4000,3777.8000,3778.8000,3781.0000,3781.8000,3788.0000,1,1,1,1,1,1,1,1,1,4
SF,IF2012,2020-05-14 09:37:42.400,3776.4000,2698,0,61184700.000,0,-,-,-,-,3776.0000,3775.8000,3775.6000,3774.4000,3772.8000,3777.6000,3777.8000,3778.8000,3781.0000,3781.8000,1,1,1,1,1,2,1,1,1,1
SF,IF2012,2020-05-14 09:37:42.900,3776.4000,2698,0,61184700.000,0,-,-,-,-,3775.8000,3775.6000,3774.4000,3772.8000,3770.8000,3777.4000,3777.6000,3778.8000,3781.0000,3781.8000,1,1,1,1,1,2,1,1,1,1
SF,IF2012,2020-05-14 09:37:43.400,3776.4000,2698,0,61184700.000,0,-,-,-,-,3775.8000,3775.6000,3774.4000,3772.8000,3770.8000,3777.2000,3777.4000,3777.6000,3778.8000,3781.0000,1,1,1,1,1,2,1,1,1,1
SF,IF2012,2020-05-14 09:37:43.900,3776.4000,2698,0,61184700.000,0,-,-,-,-,3775.8000,3775.6000,3774.4000,3772.8000,3770.8000,3777.0000,3777.2000,3777.6000,3778.8000,3781.0000,1,1,1,1,1,1,2,1,1,1
SF,IF2012,2020-05-14 09:37:44.400,3776.4000,2698,0,61184700.000,0,-,-,-,-,3775.8000,3775.6000,3774.4000,3772.8000,3770.8000,3777.0000,3777.2000,3777.6000,3778.8000,3781.0000,1,1,1,1,1,1,1,1,1,1
SF,IF2012,2020-05-14 09:37:55.900,3776.4000,2698,0,61184700.000,0,-,-,-,-,3775.8000,3775.6000,3774.4000,3772.8000,3770.8000,3777.0000,3777.2000,3777.6000,3778.8000,3781.0000,1,1,1,1,1,1,1,1,1,1
SF,IF2012,2020-05-14 09:37:56.900,3775.8000,2698,0,62317440.000,1,0,1,多换,S,3775.6000,3774.4000,3772.8000,3770.8000,3770.0000,3777.0000,3777.2000,3777.6000,3778.8000,3781.0000,1,1,1,1,1,1,1,1,1,1
SF,IF2012,2020-05-14 09:37:57.400,3775.6000,2698,0,63450120.000,1,0,1,多换,S,3774.4000,3772.8000,3770.8000,3770.0000,3767.2000,3777.0000,3777.2000,3777.6000,3778.8000,3781.0000,1,1,1,1,1,1,1,1,1,1
SF,IF2012,2020-05-14 09:37:57.900,3775.6000,2698,0,63450120.000,0,-,-,-,-,3774.6000,3774.4000,3772.8000,3770.8000,3770.0000,3777.0000,3777.2000,3778.8000,3781.0000,3781.8000,1,1,1,1,1,1,1,1,1,1
SF,IF2012,2020-05-14 09:37:58.400,3775.6000,2698,0,63450120.000,0,-,-,-,-,3774.6000,3774.4000,3772.8000,3770.8000,3770.0000,3776.8000,3777.0000,3777.2000,3778.8000,3781.0000,1,1,1,1,1,1,1,1,1,1
SF,IF2012,2020-05-14 09:37:58.900,3775.6000,2698,0,63450120.000,0,-,-,-,-,3774.4000,3772.8000,3770.8000,3770.0000,3767.2000,3776.6000,3776.8000,3778.8000,3781.0000,3781.8000,1,1,1,1,1,2,1,1,1,1
SF,IF2012,2020-05-14 09:37:59.400,3775.6000,2698,0,63450120.000,0,-,-,-,-,3774.6000,3774.4000,3772.8000,3770.8000,3770.0000,3776.6000,3776.8000,3778.8000,3781.0000,3781.8000,1,1,1,1,1,2,1,1,1,1
