市场代码,合约代码,时间,最新,持仓,增仓,成交额,成交量,开仓,平仓,成交类型,方向,买一价,买二价,买三价,买四价,买五价,卖一价,卖二价,卖三价,卖四价,卖五价,买一量,买二量,买三量,买四量,买五量,卖一量,卖二量,卖三量,卖四量,卖五量
SF,IF2002,2020-01-03 09:29:00.400,4172.2000,2586,0,0.000,0.000,-,-,-,-,4184.0000,4181.8000,4181.6000,4181.0000,4180.8000,4195.2000,4197.6000,4198.0000,4198.6000,4199.6000,1,1,1,1,1,1,3,2,5,2
SF,IF2002,2020-01-03 09:30:00.400,4172.2000,2586,0,0.000,0,-,-,-,-,4181.8000,4181.6000,4176.8000,4176.6000,4176.2000,4185.6000,4186.0000,4188.6000,4190.8000,4191.6000,1,1,1,1,1,1,3,1,1,2
SF,IF2002,2020-01-03 09:30:00.900,4185.6000,2586,0,1255680.000,1,0,1,多换,S,4182.0000,4181.6000,4176.6000,4176.2000,4174.8000,4185.2000,4186.0000,4188.6000,4190.8000,4191.6000,4,1,1,1,2,1,2,1,1,1
SF,IF2002,2020-01-03 09:30:01.400,4185.6000,2586,0,1255680.000,0,-,-,-,-,4182.2000,4182.0000,4181.6000,4176.6000,4176.2000,4188.6000,4190.0000,4190.8000,4192.2000,4194.0000,1,4,1,1,1,1,5,1,1,3
SF,IF2002,2020-01-03 09:30:01.900,4185.6000,2586,0,1255680.000,0,-,-,-,-,4182.6000,4181.6000,4176.6000,4176.2000,4174.8000,4184.0000,4186.0000,4187.4000,4188.2000,4188.4000,3,1,1,1,2,1,2,1,3,1
SF,IF2002,2020-01-03 09:30:02.400,4185.6000,2586,0,1255680.000,0,-,-,-,-,4182.8000,4182.6000,4181.6000,4176.6000,4176.2000,4184.0000,4187.4000,4188.2000,4188.4000,4188.6000,1,3,1,1,1,2,1,3,1,1
SF,IF2002,2020-01-03 09:30:02.900,4185.6000,2586,0,1255680.000,0,-,-,-,-,4181.6000,4176.6000,4176.2000,4174.8000,4173.0000,4184.0000,4187.4000,4188.2000,4188.4000,4188.6000,1,1,1,2,2,2,1,3,1,1
SF,IF2002,2020-01-03 09:30:03.400,4185.6000,2586,0,1255680.000,0,-,-,-,-,4182.0000,4181.6000,4176.6000,4176.2000,4174.8000,4183.8000,4184.0000,4187.4000,4188.2000,4188.6000,3,1,1,1,2,1,2,1,3,1
SF,IF2002,2020-01-03 09:30:03.900,4185.6000,2586,0,1255680.000,0,-,-,-,-,4181.6000,4176.6000,4176.2000,4174.8000,4173.0000,4184.0000,4187.4000,4188.2000,4190.0000,4194.0000,1,1,1,2,2,2,1,3,5,3
SF,IF2002,2020-01-03 09:30:04.400,4185.6000,2586,0,1255680.000,0,-,-,-,-,4181.6000,4176.6000,4176.2000,4174.8000,4173.0000,4183.8000,4184.0000,4187.4000,4188.2000,4190.0000,1,1,1,2,2,1,2,1,3,5
SF,IF2002,2020-01-03 09:30:05.900,4184.2000,2586,0,2510940.000,1,0,1,多换,S,4181.6000,4176.6000,4176.2000,4174.8000,4173.0000,4184.0000,4187.4000,4188.2000,4190.0000,4194.0000,1,1,1,2,2,2,1,3,5,3
SF,IF2002,2020-01-03 09:30:06.400,4184.2000,2586,0,2510940.000,0,-,-,-,-,4181.6000,4176.6000,4176.2000,4174.8000,4173.0000,4183.8000,4184.0000,4187.4000,4188.2000,4190.0000,1,1,1,2,2,1,2,1,3,5
SF,IF2002,2020-01-03 09:30:07.900,4184.2000,2586,0,2510940.000,0,-,-,-,-,4181.6000,4176.6000,4176.2000,4174.8000,4173.0000,4183.8000,4184.0000,4185.4000,4187.4000,4188.2000,1,1,1,2,2,1,2,1,1,3
SF,IF2002,2020-01-03 09:30:08.400,4184.2000,2586,0,2510940.000,0,-,-,-,-,4181.6000,4176.6000,4176.2000,4174.8000,4173.0000,4184.0000,4185.4000,4187.4000,4188.2000,4190.0000,1,1,1,2,2,2,1,1,3,5
SF,IF2002,2020-01-03 09:30:08.900,4184.2000,2586,0,2510940.000,0,-,-,-,-,4181.6000,4176.6000,4176.2000,4174.8000,4173.0000,4183.8000,4184.0000,4185.4000,4187.4000,4188.2000,1,1,1,2,2,1,2,1,1,3
SF,IF2002,2020-01-03 09:30:09.400,4184.2000,2586,0,2510940.000,0,-,-,-,-,4181.6000,4180.8000,4176.6000,4176.2000,4174.8000,4183.8000,4184.0000,4185.4000,4187.4000,4188.2000,1,1,1,1,2,1,2,1,1,3
SF,IF2002,2020-01-03 09:30:09.900,4184.2000,2586,0,2510940.000,0,-,-,-,-,4181.6000,4180.8000,4176.6000,4176.2000,4174.8000,4183.2000,4183.8000,4184.0000,4185.4000,4187.4000,1,1,1,1,2,1,1,2,1,1
SF,IF2002,2020-01-03 09:30:10.400,4184.2000,2586,0,2510940.000,0,-,-,-,-,4181.8000,4181.6000,4180.8000,4176.6000,4176.2000,4184.0000,4185.4000,4187.4000,4188.2000,4190.0000,1,1,1,1,1,2,1,1,3,5
SF,IF2002,2020-01-03 09:30:10.900,4184.2000,2586,0,2510940.000,0,-,-,-,-,4182.0000,4181.8000,4181.6000,4180.8000,4176.6000,4184.0000,4185.4000,4187.4000,4188.2000,4190.0000,1,1,1,1,1,2,1,1,3,5
SF,IF2002,2020-01-03 09:30:11.400,4184.2000,2586,0,2510940.000,0,-,-,-,-,4182.0000,4181.8000,4181.6000,4180.8000,4176.6000,4184.0000,4185.4000,4187.4000,4188.2000,4190.0000,1,1,1,1,1,2,1,1,3,5
SF,IF2002,2020-01-03 09:30:11.900,4184.2000,2586,0,2510940.000,0,-,-,-,-,4182.2000,4182.0000,4181.6000,4180.8000,4176.6000,4184.0000,4185.4000,4187.4000,4188.2000,4190.0000,1,1,1,1,1,2,1,1,3,5
SF,IF2002,2020-01-03 09:30:12.400,4184.2000,2586,0,2510940.000,0,-,-,-,-,4182.2000,4182.0000,4181.6000,4180.8000,4176.6000,4184.0000,4185.4000,4187.4000,4188.2000,4190.0000,1,1,1,1,1,2,1,1,3,5
SF,IF2002,2020-01-03 09:30:12.900,4184.2000,2586,0,2510940.000,0,-,-,-,-,4182.2000,4182.0000,4181.6000,4180.8000,4176.6000,4184.0000,4187.4000,4188.2000,4190.0000,4195.2000,1,1,1,1,1,2,1,3,5,2
SF,IF2002,2020-01-03 09:30:13.400,4184.2000,2586,0,2510940.000,0,-,-,-,-,4182.2000,4182.0000,4181.6000,4180.8000,4176.6000,4184.0000,4187.4000,4188.2000,4190.0000,4195.2000,1,2,1,1,1,2,1,3,5,2
SF,IF2002,2020-01-03 09:30:13.900,4184.2000,2586,0,2510940.000,0,-,-,-,-,4182.2000,4182.0000,4181.6000,4180.8000,4176.6000,4184.0000,4187.4000,4188.2000,4190.0000,4195.2000,1,3,1,1,1,2,1,3,5,2
SF,IF2002,2020-01-03 09:30:16.400,4184.0000,2584,-2,5021340.000,2,0,2,双平,S,4182.2000,4182.0000,4181.6000,4180.8000,4176.6000,4187.4000,4188.2000,4190.0000,4195.2000,4197.6000,1,3,1,1,1,1,3,5,2,2
SF,IF2002,2020-01-03 09:30:16.900,4184.0000,2584,0,5021340.000,0,-,-,-,-,4182.2000,4182.0000,4181.6000,4180.8000,4176.6000,4185.0000,4185.4000,4186.0000,4187.0000,4187.2000,1,2,1,1,1,1,1,3,4,2
SF,IF2002,2020-01-03 09:30:17.400,4184.0000,2584,0,5021340.000,0,-,-,-,-,4182.2000,4182.0000,4181.6000,4180.8000,4176.6000,4185.0000,4185.4000,4186.0000,4187.0000,4187.2000,1,2,1,1,1,1,1,2,3,2
SF,IF2002,2020-01-03 09:30:17.900,4184.0000,2584,0,5021340.000,0,-,-,-,-,4182.2000,4182.0000,4181.6000,4180.8000,4176.6000,4184.6000,4184.8000,4185.4000,4186.0000,4187.0000,1,2,1,1,1,1,1,1,2,3
SF,IF2002,2020-01-03 09:30:18.400,4184.0000,2584,0,5021340.000,0,-,-,-,-,4182.2000,4182.0000,4181.6000,4180.8000,4176.6000,4184.6000,4184.8000,4185.4000,4186.0000,4187.0000,1,2,1,1,1,1,1,1,2,3
SF,IF2002,2020-01-03 09:30:18.900,4184.0000,2584,0,5021340.000,0,-,-,-,-,4182.4000,4182.2000,4182.0000,4181.6000,4180.8000,4184.6000,4185.4000,4186.0000,4187.0000,4187.2000,1,1,2,1,1,1,1,2,3,1
SF,IF2002,2020-01-03 09:30:19.400,4184.0000,2584,0,5021340.000,0,-,-,-,-,4182.6000,4182.4000,4182.0000,4181.6000,4180.8000,4184.6000,4185.4000,4186.0000,4187.0000,4187.2000,1,1,2,1,1,1,1,2,3,1
SF,IF2002,2020-01-03 09:30:19.900,4184.0000,2584,0,5021340.000,0,-,-,-,-,4182.6000,4182.4000,4182.0000,4181.6000,4180.8000,4185.4000,4186.0000,4187.0000,4190.0000,4195.2000,1,1,2,1,1,1,1,3,5,2
SF,IF2002,2020-01-03 09:30:20.400,4184.0000,2584,0,5021340.000,0,-,-,-,-,4184.6000,4182.8000,4182.6000,4182.0000,4181.6000,4185.4000,4186.0000,4187.0000,4190.0000,4195.2000,1,1,1,2,1,1,1,3,5,2
SF,IF2002,2020-01-03 09:30:20.900,4184.6000,2584,0,6276720.000,1,0,1,多换,S,4182.8000,4182.6000,4182.0000,4181.6000,4180.8000,4186.0000,4187.0000,4190.0000,4195.2000,4197.6000,1,1,2,1,1,1,3,5,2,2
SF,IF2002,2020-01-03 09:30:21.400,4184.6000,2584,0,6276720.000,0,-,-,-,-,4183.0000,4182.8000,4182.0000,4181.6000,4180.8000,4185.4000,4186.0000,4187.0000,4190.0000,4195.2000,1,1,2,1,1,1,1,3,5,2
SF,IF2002,2020-01-03 09:30:21.900,4184.6000,2584,0,6276720.000,0,-,-,-,-,4183.2000,4183.0000,4182.8000,4182.0000,4181.6000,4185.4000,4186.0000,4187.0000,4190.0000,4195.2000,1,1,1,2,1,1,1,3,5,2
SF,IF2002,2020-01-03 09:30:22.400,4184.6000,2584,0,6276720.000,0,-,-,-,-,4183.4000,4183.2000,4182.0000,4181.6000,4180.8000,4185.0000,4186.0000,4187.0000,4190.0000,4195.2000,1,1,2,1,1,1,1,3,5,2
SF,IF2002,2020-01-03 09:30:24.400,4184.6000,2584,0,6276720.000,0,-,-,-,-,4183.4000,4183.2000,4182.0000,4181.6000,4180.8000,4184.6000,4185.0000,4186.0000,4187.0000,4190.0000,1,1,2,1,1,1,1,1,3,5
SF,IF2002,2020-01-03 09:30:25.400,4184.6000,2583,-1,7532100.000,1,0,1,双平,S,4183.4000,4183.2000,4182.0000,4181.6000,4180.8000,4185.0000,4186.0000,4187.0000,4190.0000,4195.2000,1,1,2,1,1,1,1,3,5,2
SF,IF2002,2020-01-03 09:30:26.400,4184.6000,2583,0,7532100.000,0,-,-,-,-,4183.4000,4182.0000,4181.6000,4180.8000,4176.6000,4185.0000,4186.0000,4187.0000,4190.0000,4195.2000,1,2,1,1,1,1,1,3,5,2
SF,IF2002,2020-01-03 09:30:36.400,4184.6000,2583,0,7532100.000,0,-,-,-,-,4184.0000,4183.4000,4182.0000,4181.6000,4180.8000,4185.0000,4186.0000,4187.0000,4190.0000,4195.2000,1,1,1,1,1,1,1,3,5,2
SF,IF2002,2020-01-03 09:30:36.900,4184.6000,2583,0,7532100.000,0,-,-,-,-,4184.0000,4182.0000,4181.6000,4180.8000,4176.6000,4185.0000,4186.0000,4187.0000,4190.0000,4195.2000,1,1,1,1,1,1,1,3,5,2
SF,IF2002,2020-01-03 09:30:37.400,4184.0000,2583,0,8787300.000,1,0,1,多换,S,4182.0000,4181.6000,4180.8000,4176.6000,4176.2000,4186.0000,4187.0000,4190.0000,4195.2000,4197.6000,1,1,1,1,1,1,3,5,2,2
SF,IF2002,2020-01-03 09:30:37.900,4184.0000,2583,0,8787300.000,0,-,-,-,-,4182.2000,4182.0000,4181.6000,4180.8000,4176.6000,4184.0000,4184.4000,4186.0000,4187.0000,4190.0000,1,1,1,1,1,1,1,3,3,5
SF,IF2002,2020-01-03 09:30:38.400,4184.0000,2583,0,8787300.000,0,-,-,-,-,4182.4000,4182.2000,4182.0000,4181.6000,4180.8000,4184.0000,4184.4000,4186.0000,4187.0000,4190.0000,1,1,1,1,1,1,1,3,3,5
SF,IF2002,2020-01-03 09:30:38.900,4184.0000,2583,0,8787300.000,0,-,-,-,-,4182.4000,4182.0000,4181.6000,4180.8000,4176.6000,4184.0000,4184.4000,4186.0000,4187.0000,4190.0000,1,1,1,1,1,1,1,3,3,5
SF,IF2002,2020-01-03 09:30:40.400,4184.0000,2583,0,8787300.000,0,-,-,-,-,4182.4000,4182.0000,4181.6000,4180.8000,4176.6000,4184.0000,4184.4000,4185.6000,4186.0000,4187.0000,1,1,1,1,1,1,1,1,3,3
SF,IF2002,2020-01-03 09:30:42.400,4182.4000,2582,-1,10042020.000,1,0,1,双平,S,4182.0000,4181.6000,4180.8000,4176.6000,4176.2000,4184.0000,4184.4000,4185.6000,4186.0000,4187.0000,1,1,1,1,1,1,1,1,3,3
SF,IF2002,2020-01-03 09:30:43.400,4182.4000,2582,0,10042020.000,0,-,-,-,-,4182.0000,4181.6000,4180.8000,4176.6000,4176.2000,4184.0000,4184.4000,4186.0000,4187.0000,4190.0000,1,1,1,1,1,1,1,3,3,5
SF,IF2002,2020-01-03 09:30:48.400,4182.4000,2582,0,10042020.000,0,-,-,-,-,4182.0000,4181.6000,4180.8000,4176.6000,4176.2000,4184.0000,4184.4000,4186.0000,4187.0000,4190.0000,2,1,1,1,1,1,1,3,3,5
SF,IF2002,2020-01-03 09:30:49.400,4182.4000,2582,0,10042020.000,0,-,-,-,-,4182.0000,4181.6000,4180.8000,4176.6000,4176.2000,4184.0000,4184.4000,4186.0000,4187.0000,4190.0000,2,1,1,1,1,1,1,2,3,5
SF,IF2002,2020-01-03 09:30:50.900,4182.4000,2582,0,10042020.000,0,-,-,-,-,4182.0000,4181.6000,4180.8000,4176.6000,4176.2000,4186.0000,4187.0000,4190.0000,4195.2000,4197.6000,2,1,1,1,1,2,3,5,2,2
SF,IF2002,2020-01-03 09:30:51.400,4182.4000,2582,0,10042020.000,0,-,-,-,-,4182.2000,4182.0000,4181.6000,4180.8000,4176.6000,4184.8000,4185.2000,4186.0000,4187.0000,4190.0000,1,2,1,1,1,1,1,2,3,5
SF,IF2002,2020-01-03 09:30:52.900,4182.4000,2582,0,10042020.000,0,-,-,-,-,4182.0000,4181.6000,4180.8000,4176.6000,4176.2000,4184.6000,4184.8000,4185.2000,4186.0000,4190.0000,2,1,1,1,1,1,1,1,1,5
SF,IF2002,2020-01-03 09:30:53.400,4182.4000,2582,0,10042020.000,0,-,-,-,-,4182.6000,4182.4000,4182.2000,4182.0000,4181.6000,4184.6000,4186.0000,4190.0000,4195.2000,4197.6000,1,2,3,2,1,1,1,5,2,2
SF,IF2002,2020-01-03 09:30:53.900,4184.6000,2582,0,11297400.000,1,0,1,多换,S,4184.8000,4182.6000,4182.4000,4182.2000,4182.0000,4186.0000,4190.0000,4195.2000,4197.6000,4198.6000,1,1,2,3,2,1,5,2,2,1
SF,IF2002,2020-01-03 09:30:54.400,4184.6000,2582,0,11297400.000,0,-,-,-,-,4184.8000,4182.6000,4182.4000,4182.2000,4182.0000,4186.0000,4190.0000,4195.2000,4197.6000,4198.6000,1,1,2,3,2,1,5,2,2,1
SF,IF2002,2020-01-03 09:30:54.900,4184.8000,2582,0,12552840.000,1,0,1,多换,S,4182.4000,4182.2000,4182.0000,4181.6000,4180.8000,4186.0000,4190.0000,4195.2000,4197.6000,4198.6000,2,3,2,1,1,1,5,2,2,1
SF,IF2002,2020-01-03 09:30:55.400,4184.8000,2582,0,12552840.000,0,-,-,-,-,4182.6000,4182.4000,4182.2000,4182.0000,4181.6000,4185.6000,4186.0000,4190.0000,4195.2000,4197.6000,1,2,3,2,1,1,1,5,2,2
SF,IF2002,2020-01-03 09:30:55.900,4184.8000,2582,0,12552840.000,0,-,-,-,-,4182.6000,4182.4000,4182.2000,4182.0000,4181.6000,4185.6000,4186.0000,4190.0000,4195.2000,4197.6000,2,1,3,2,1,1,1,5,2,2
SF,IF2002,2020-01-03 09:30:56.400,4184.8000,2582,0,12552840.000,0,-,-,-,-,4183.0000,4182.8000,4182.4000,4182.2000,4182.0000,4185.6000,4186.0000,4190.0000,4195.2000,4197.6000,1,1,1,3,2,1,1,5,2,2
SF,IF2002,2020-01-03 09:30:56.900,4184.8000,2582,0,12552840.000,0,-,-,-,-,4183.2000,4183.0000,4182.8000,4182.4000,4182.2000,4185.6000,4190.0000,4195.2000,4197.6000,4198.6000,1,1,1,1,3,1,5,2,2,1
SF,IF2002,2020-01-03 09:30:57.400,4184.8000,2582,0,12552840.000,0,-,-,-,-,4183.2000,4183.0000,4182.4000,4182.2000,4182.0000,4185.6000,4190.0000,4195.2000,4197.6000,4198.6000,2,1,1,3,2,1,5,2,2,1
SF,IF2002,2020-01-03 09:30:57.900,4184.8000,2582,0,12552840.000,0,-,-,-,-,4183.4000,4182.4000,4182.2000,4182.0000,4181.6000,4185.6000,4190.0000,4195.2000,4197.6000,4198.6000,2,1,3,2,1,1,5,2,2,1
SF,IF2002,2020-01-03 09:30:58.400,4184.8000,2582,0,12552840.000,0,-,-,-,-,4183.6000,4183.4000,4182.4000,4182.2000,4182.0000,4185.6000,4190.0000,4195.2000,4197.6000,4198.6000,1,3,1,3,2,1,5,2,2,1
SF,IF2002,2020-01-03 09:30:58.900,4184.8000,2582,0,12552840.000,0,-,-,-,-,4183.6000,4183.4000,4182.4000,4182.2000,4182.0000,4185.6000,4190.0000,4195.2000,4197.6000,4198.6000,1,1,1,3,2,1,5,2,2,1
SF,IF2002,2020-01-03 09:30:59.400,4184.8000,2582,0,12552840.000,0,-,-,-,-,4183.6000,4182.4000,4182.2000,4182.0000,4181.6000,4185.6000,4190.0000,4195.2000,4197.6000,4198.6000,1,1,3,2,1,1,5,2,2,1
SF,IF2002,2020-01-03 09:30:59.900,4185.6000,2581,-1,13808520.000,1,0,1,双平,S,4183.6000,4182.4000,4182.2000,4182.0000,4181.6000,4190.0000,4195.2000,4197.6000,4198.6000,4199.0000,1,1,3,2,1,5,2,2,1,1
SF,IF2002,2020-01-03 09:31:00.400,4185.6000,2581,0,13808520.000,0,-,-,-,-,4183.6000,4182.2000,4182.0000,4181.6000,4180.8000,4186.4000,4188.6000,4188.8000,4189.6000,4189.8000,1,3,2,1,1,1,2,1,4,2
SF,IF2002,2020-01-03 09:31:00.900,4185.6000,2581,0,13808520.000,0,-,-,-,-,4182.2000,4182.0000,4181.6000,4180.8000,4176.6000,4186.4000,4188.6000,4188.8000,4189.6000,4189.8000,3,2,1,1,1,1,2,1,4,2
SF,IF2002,2020-01-03 09:31:01.400,4185.6000,2581,0,13808520.000,0,-,-,-,-,4183.2000,4183.0000,4182.4000,4182.2000,4182.0000,4188.6000,4188.8000,4189.6000,4190.0000,4195.2000,1,1,3,3,2,2,1,4,5,2
SF,IF2002,2020-01-03 09:31:01.900,4185.6000,2581,0,13808520.000,0,-,-,-,-,4183.2000,4182.4000,4182.2000,4182.0000,4181.6000,4186.0000,4187.4000,4188.2000,4188.4000,4188.6000,1,1,3,2,1,1,1,3,1,2
SF,IF2002,2020-01-03 09:31:02.400,4185.6000,2581,0,13808520.000,0,-,-,-,-,4182.2000,4182.0000,4181.6000,4180.8000,4176.6000,4186.0000,4187.4000,4188.2000,4188.4000,4188.6000,3,2,1,1,1,1,1,3,2,2
SF,IF2002,2020-01-03 09:31:02.900,4185.6000,2581,0,13808520.000,0,-,-,-,-,4182.0000,4181.6000,4180.8000,4176.6000,4176.2000,4185.6000,4186.0000,4188.2000,4188.4000,4188.6000,2,1,1,1,1,1,2,3,1,1
SF,IF2002,2020-01-03 09:31:03.400,4185.6000,2581,0,13808520.000,0,-,-,-,-,4182.4000,4182.2000,4182.0000,4181.6000,4180.8000,4185.6000,4186.0000,4187.8000,4188.2000,4188.4000,1,1,2,1,1,1,2,1,3,1
SF,IF2002,2020-01-03 09:31:04.400,4185.6000,2581,0,13808520.000,0,-,-,-,-,4182.4000,4182.0000,4181.6000,4180.8000,4176.6000,4185.6000,4186.0000,4187.8000,4188.2000,4188.4000,1,2,1,1,1,1,2,1,3,1
SF,IF2002,2020-01-03 09:31:04.900,4185.6000,2581,0,13808520.000,0,-,-,-,-,4182.6000,4182.4000,4182.0000,4181.6000,4180.8000,4185.6000,4186.0000,4187.8000,4188.2000,4188.4000,1,1,2,1,1,1,2,1,3,1
SF,IF2002,2020-01-03 09:31:05.900,4185.6000,2581,0,13808520.000,0,-,-,-,-,4182.4000,4182.0000,4181.6000,4180.8000,4176.6000,4185.6000,4186.0000,4187.8000,4188.2000,4188.4000,1,2,1,1,1,1,3,1,3,1
SF,IF2002,2020-01-03 09:31:06.400,4185.6000,2581,0,13808520.000,0,-,-,-,-,4182.6000,4182.4000,4182.0000,4181.6000,4180.8000,4185.6000,4186.0000,4187.8000,4188.2000,4188.4000,1,1,2,1,1,1,3,1,3,1
SF,IF2002,2020-01-03 09:31:06.900,4185.6000,2581,0,13808520.000,0,-,-,-,-,4182.6000,4182.4000,4182.0000,4181.6000,4180.8000,4185.6000,4186.0000,4187.8000,4188.2000,4188.4000,1,1,2,1,1,1,2,1,3,1
SF,IF2002,2020-01-03 09:31:07.900,4185.6000,2581,0,13808520.000,0,-,-,-,-,4182.6000,4182.4000,4182.0000,4181.6000,4180.8000,4185.6000,4186.0000,4187.8000,4188.2000,4188.4000,1,1,2,1,1,1,1,1,3,1
SF,IF2002,2020-01-03 09:31:10.900,4185.6000,2581,0,13808520.000,0,-,-,-,-,4182.6000,4182.4000,4182.0000,4181.6000,4180.8000,4186.0000,4187.8000,4188.2000,4188.4000,4188.6000,1,1,2,1,1,1,1,3,1,1
SF,IF2002,2020-01-03 09:31:11.400,4185.6000,2581,0,13808520.000,0,-,-,-,-,4182.8000,4182.4000,4182.0000,4181.6000,4180.8000,4186.0000,4187.8000,4188.2000,4188.4000,4188.6000,1,1,2,1,1,2,1,3,1,1
SF,IF2002,2020-01-03 09:31:11.900,4185.6000,2581,0,13808520.000,0,-,-,-,-,4183.0000,4182.8000,4182.4000,4182.0000,4181.6000,4186.0000,4187.8000,4188.2000,4188.4000,4188.6000,4,1,1,2,1,1,1,3,1,1
SF,IF2002,2020-01-03 09:31:12.900,4185.6000,2581,0,13808520.000,0,-,-,-,-,4183.2000,4183.0000,4182.8000,4182.4000,4182.0000,4186.0000,4187.8000,4188.2000,4188.4000,4188.6000,1,4,1,1,2,1,1,3,1,1
SF,IF2002,2020-01-03 09:31:13.400,4185.6000,2581,0,13808520.000,0,-,-,-,-,4183.4000,4183.2000,4183.0000,4182.8000,4182.4000,4186.0000,4187.8000,4188.2000,4188.4000,4188.6000,1,1,4,1,1,1,1,3,1,1
SF,IF2002,2020-01-03 09:31:14.400,4185.6000,2581,0,13808520.000,0,-,-,-,-,4183.6000,4183.4000,4183.0000,4182.4000,4182.0000,4186.0000,4187.8000,4188.2000,4188.4000,4188.6000,1,1,4,1,2,1,1,3,1,1
SF,IF2002,2020-01-03 09:31:14.900,4185.6000,2581,0,13808520.000,0,-,-,-,-,4183.8000,4183.6000,4183.4000,4183.0000,4182.4000,4186.0000,4187.8000,4188.2000,4188.6000,4190.0000,1,1,1,4,1,1,1,3,1,6
SF,IF2002,2020-01-03 09:31:15.900,4185.6000,2581,0,13808520.000,0,-,-,-,-,4183.8000,4183.4000,4183.0000,4182.4000,4182.0000,4186.0000,4187.8000,4188.2000,4188.6000,4190.0000,1,1,4,1,2,1,1,3,1,6
SF,IF2002,2020-01-03 09:31:17.900,4185.6000,2581,0,13808520.000,0,-,-,-,-,4183.8000,4183.4000,4183.0000,4182.4000,4182.0000,4186.0000,4187.8000,4188.2000,4188.6000,4190.0000,1,1,4,1,2,1,1,3,1,6
SF,IF2002,2020-01-03 09:31:19.400,4185.6000,2581,0,13808520.000,0,-,-,-,-,4183.8000,4183.4000,4183.0000,4182.4000,4182.0000,4186.0000,4187.8000,4188.2000,4188.6000,4190.0000,1,1,1,1,2,1,1,3,1,6
SF,IF2002,2020-01-03 09:31:19.900,4185.6000,2581,0,13808520.000,0,-,-,-,-,4184.0000,4183.8000,4183.4000,4183.0000,4182.4000,4186.0000,4187.8000,4188.2000,4188.6000,4190.0000,1,1,1,1,1,2,1,3,1,6
SF,IF2002,2020-01-03 09:31:20.900,4185.6000,2581,0,13808520.000,0,-,-,-,-,4184.0000,4183.8000,4183.4000,4183.0000,4182.4000,4186.0000,4187.8000,4188.2000,4188.6000,4190.0000,1,1,1,1,1,2,1,3,1,6
SF,IF2002,2020-01-03 09:31:23.900,4186.0000,2581,0,15064320.000,1,0,1,多换,S,4185.6000,4184.0000,4183.8000,4183.4000,4183.0000,4186.0000,4187.8000,4188.2000,4188.6000,4190.0000,1,1,1,1,1,1,1,3,1,6
SF,IF2002,2020-01-03 09:31:24.400,4185.6000,2581,0,16320000.000,1,0,1,多换,S,4184.0000,4183.8000,4183.4000,4182.4000,4182.0000,4186.0000,4187.8000,4188.2000,4188.6000,4190.0000,1,1,1,1,2,1,1,3,1,6
SF,IF2002,2020-01-03 09:31:24.900,4185.6000,2581,0,16320000.000,0,-,-,-,-,4184.2000,4184.0000,4183.8000,4183.4000,4182.4000,4186.0000,4187.8000,4188.2000,4188.6000,4190.0000,1,1,1,1,1,1,1,3,1,6
SF,IF2002,2020-01-03 09:31:25.400,4186.0000,2582,1,17575800.000,1,1,0,双开,S,4184.4000,4184.2000,4183.8000,4183.4000,4182.4000,4187.8000,4188.2000,4188.6000,4190.0000,4195.2000,1,1,1,1,1,1,3,1,6,2
SF,IF2002,2020-01-03 09:31:25.900,4186.0000,2582,0,17575800.000,0,-,-,-,-,4183.8000,4183.4000,4182.4000,4182.0000,4180.8000,4187.4000,4187.6000,4187.8000,4188.2000,4188.6000,1,1,1,2,1,1,1,1,3,1
SF,IF2002,2020-01-03 09:31:26.400,4186.0000,2582,0,17575800.000,0,-,-,-,-,4184.0000,4183.8000,4182.4000,4182.0000,4180.8000,4187.0000,4187.2000,4187.8000,4188.2000,4188.6000,1,1,1,2,1,1,1,1,3,1
SF,IF2002,2020-01-03 09:31:26.900,4186.0000,2582,0,17575800.000,0,-,-,-,-,4184.0000,4182.4000,4182.0000,4180.8000,4176.2000,4186.8000,4187.0000,4187.8000,4188.2000,4188.6000,1,1,2,1,1,1,1,1,3,1
SF,IF2002,2020-01-03 09:31:27.400,4186.0000,2582,0,17575800.000,0,-,-,-,-,4184.0000,4182.4000,4182.0000,4180.8000,4176.2000,4186.8000,4187.0000,4187.8000,4188.2000,4188.6000,1,1,2,1,1,1,1,1,3,1
SF,IF2002,2020-01-03 09:31:27.900,4186.0000,2582,0,17575800.000,0,-,-,-,-,4184.2000,4184.0000,4182.4000,4182.0000,4180.8000,4186.8000,4187.0000,4187.8000,4188.2000,4188.6000,1,1,1,2,1,1,1,1,3,1
SF,IF2002,2020-01-03 09:31:28.400,4186.0000,2582,0,17575800.000,0,-,-,-,-,4184.4000,4184.2000,4182.4000,4182.0000,4180.8000,4187.0000,4187.8000,4188.2000,4188.6000,4190.0000,1,1,1,2,1,1,1,3,1,6
SF,IF2002,2020-01-03 09:31:28.900,4186.0000,2582,0,17575800.000,0,-,-,-,-,4184.6000,4184.4000,4184.2000,4182.4000,4182.0000,4187.0000,4187.8000,4188.2000,4188.6000,4190.0000,1,1,1,1,2,1,1,3,1,6
SF,IF2002,2020-01-03 09:31:29.400,4186.0000,2582,0,17575800.000,0,-,-,-,-,4184.8000,4184.6000,4184.2000,4182.4000,4182.0000,4186.8000,4187.0000,4187.8000,4188.2000,4188.6000,1,1,1,1,2,1,1,1,3,1
SF,IF2002,2020-01-03 09:31:29.900,4186.0000,2582,0,17575800.000,0,-,-,-,-,4185.0000,4184.8000,4184.6000,4182.4000,4182.0000,4186.8000,4187.0000,4187.8000,4188.2000,4188.6000,1,1,1,1,2,1,1,1,3,1
SF,IF2002,2020-01-03 09:31:30.400,4186.0000,2582,0,17575800.000,0,-,-,-,-,4185.0000,4184.8000,4182.4000,4182.0000,4180.8000,4186.8000,4187.0000,4187.8000,4188.2000,4188.6000,1,1,1,2,1,1,1,1,3,1
SF,IF2002,2020-01-03 09:31:30.900,4186.0000,2582,0,17575800.000,0,-,-,-,-,4184.8000,4182.4000,4182.0000,4180.8000,4176.2000,4186.8000,4187.0000,4187.8000,4188.2000,4188.6000,1,1,2,1,1,1,1,1,3,1
SF,IF2002,2020-01-03 09:31:31.400,4186.0000,2582,0,17575800.000,0,-,-,-,-,4185.0000,4184.8000,4182.4000,4182.0000,4180.8000,4187.0000,4187.8000,4188.2000,4188.6000,4190.0000,1,1,1,2,1,1,1,3,1,6
SF,IF2002,2020-01-03 09:31:31.900,4187.0000,2582,0,18831900.000,1,0,1,多换,S,4185.2000,4185.0000,4182.4000,4182.0000,4180.8000,4187.8000,4188.2000,4188.6000,4190.0000,4195.2000,1,1,1,2,1,1,3,1,6,2
SF,IF2002,2020-01-03 09:31:32.400,4187.0000,2582,0,18831900.000,0,-,-,-,-,4185.2000,4182.4000,4182.0000,4180.8000,4176.2000,4187.0000,4187.6000,4187.8000,4188.2000,4188.6000,1,1,2,1,1,1,1,1,3,1
SF,IF2002,2020-01-03 09:31:32.900,4187.0000,2582,0,18831900.000,0,-,-,-,-,4185.4000,4185.2000,4182.4000,4182.0000,4180.8000,4187.0000,4187.6000,4187.8000,4188.2000,4188.6000,1,1,1,2,1,1,1,1,3,1
SF,IF2002,2020-01-03 09:31:33.400,4187.0000,2582,0,18831900.000,0,-,-,-,-,4185.6000,4185.4000,4182.4000,4182.0000,4180.8000,4187.0000,4187.6000,4187.8000,4188.2000,4188.6000,1,1,1,2,1,1,1,1,3,1
SF,IF2002,2020-01-03 09:31:33.900,4187.0000,2582,0,18831900.000,0,-,-,-,-,4185.6000,4182.4000,4182.0000,4180.8000,4176.2000,4187.0000,4187.8000,4188.2000,4188.6000,4190.0000,1,1,2,1,1,1,1,3,1,6
SF,IF2002,2020-01-03 09:31:36.400,4187.0000,2582,0,18831900.000,0,-,-,-,-,4185.6000,4182.4000,4182.0000,4180.8000,4176.2000,4187.0000,4188.6000,4190.0000,4195.2000,4197.6000,1,1,2,1,1,1,1,6,2,2
SF,IF2002,2020-01-03 09:31:39.900,4187.0000,2582,0,20088000.000,1,0,1,多换,S,4185.6000,4182.4000,4182.0000,4180.8000,4176.2000,4188.6000,4190.0000,4195.2000,4197.6000,4198.6000,1,1,2,1,1,1,6,2,2,1
SF,IF2002,2020-01-03 09:31:40.400,4187.0000,2582,0,20088000.000,0,-,-,-,-,4185.6000,4182.4000,4182.0000,4180.8000,4176.2000,4187.2000,4188.4000,4188.6000,4188.8000,4190.0000,1,1,2,1,1,1,4,2,1,6
SF,IF2002,2020-01-03 09:31:41.400,4187.0000,2582,0,20088000.000,0,-,-,-,-,4185.6000,4182.4000,4182.0000,4180.8000,4176.2000,4187.2000,4188.4000,4188.6000,4188.8000,4190.0000,1,1,2,1,1,2,4,2,1,6
SF,IF2002,2020-01-03 09:31:41.900,4187.0000,2582,0,20088000.000,0,-,-,-,-,4185.6000,4182.4000,4182.0000,4180.8000,4176.2000,4187.2000,4188.4000,4188.6000,4188.8000,4190.0000,1,1,2,1,1,2,1,2,1,6
SF,IF2002,2020-01-03 09:31:42.400,4187.0000,2582,0,20088000.000,0,-,-,-,-,4185.6000,4182.4000,4182.0000,4180.8000,4176.2000,4187.2000,4188.4000,4188.6000,4188.8000,4190.0000,1,1,2,1,1,2,1,1,1,6
SF,IF2002,2020-01-03 09:31:42.900,4187.0000,2582,0,20088000.000,0,-,-,-,-,4185.6000,4182.4000,4182.0000,4180.8000,4176.2000,4187.2000,4188.4000,4188.6000,4188.8000,4190.0000,1,1,2,1,1,1,1,1,1,6
SF,IF2002,2020-01-03 09:31:44.400,4187.0000,2582,0,20088000.000,0,-,-,-,-,4185.6000,4182.4000,4182.0000,4180.8000,4176.2000,4187.2000,4188.4000,4188.6000,4188.8000,4190.0000,1,1,2,1,1,1,1,1,1,6
SF,IF2002,2020-01-03 09:31:44.900,4187.0000,2582,0,20088000.000,0,-,-,-,-,4185.6000,4182.4000,4182.0000,4180.8000,4176.2000,4187.2000,4188.6000,4188.8000,4190.0000,4195.2000,1,1,2,1,1,1,1,1,6,1
SF,IF2002,2020-01-03 09:31:45.900,4187.0000,2582,0,20088000.000,0,-,-,-,-,4185.6000,4182.4000,4182.0000,4180.8000,4176.2000,4188.6000,4188.8000,4190.0000,4195.2000,4197.6000,1,1,2,1,1,1,1,6,1,2
SF,IF2002,2020-01-03 09:31:46.400,4187.0000,2582,0,20088000.000,0,-,-,-,-,4185.6000,4182.4000,4182.0000,4180.8000,4176.2000,4188.0000,4188.4000,4188.6000,4188.8000,4190.0000,1,1,2,1,1,1,1,1,1,6
SF,IF2002,2020-01-03 09:31:46.900,4187.0000,2582,0,20088000.000,0,-,-,-,-,4182.4000,4182.0000,4180.8000,4176.2000,4170.0000,4187.8000,4188.0000,4188.6000,4188.8000,4190.0000,1,2,1,1,1,1,1,1,1,6
SF,IF2002,2020-01-03 09:31:47.400,4187.0000,2582,0,20088000.000,0,-,-,-,-,4184.0000,4183.8000,4183.6000,4183.4000,4183.2000,4187.8000,4188.6000,4188.8000,4190.0000,4195.2000,4,1,1,1,1,1,1,1,6,1
SF,IF2002,2020-01-03 09:31:47.900,4187.0000,2582,0,20088000.000,0,-,-,-,-,4184.2000,4184.0000,4183.8000,4183.6000,4183.4000,4187.8000,4188.6000,4188.8000,4190.0000,4195.2000,1,4,1,1,1,1,1,1,6,1
SF,IF2002,2020-01-03 09:31:48.400,4187.0000,2582,0,20088000.000,0,-,-,-,-,4184.2000,4184.0000,4183.8000,4183.4000,4183.2000,4187.4000,4188.6000,4188.8000,4190.0000,4195.2000,1,4,1,1,1,3,1,1,6,1
SF,IF2002,2020-01-03 09:31:49.400,4187.0000,2582,0,20088000.000,0,-,-,-,-,4184.4000,4184.2000,4184.0000,4183.8000,4183.4000,4187.2000,4187.4000,4188.6000,4188.8000,4190.0000,1,1,4,1,1,1,3,1,1,6
SF,IF2002,2020-01-03 09:31:49.900,4187.0000,2582,0,21344100.000,1,0,1,多换,S,4184.6000,4184.4000,4183.8000,4183.4000,4182.8000,4187.2000,4187.4000,4188.6000,4188.8000,4190.0000,1,1,1,1,3,1,3,1,1,6
SF,IF2002,2020-01-03 09:31:50.400,4187.0000,2582,0,21344100.000,0,-,-,-,-,4184.6000,4183.8000,4183.4000,4182.8000,4182.6000,4187.2000,4187.4000,4188.6000,4188.8000,4190.0000,1,1,1,3,2,1,3,1,1,6
SF,IF2002,2020-01-03 09:31:50.900,4187.0000,2582,0,21344100.000,0,-,-,-,-,4184.6000,4183.8000,4183.4000,4182.8000,4182.6000,4186.6000,4186.8000,4187.2000,4187.4000,4188.6000,1,1,1,3,2,1,1,1,1,1
SF,IF2002,2020-01-03 09:31:51.400,4187.0000,2582,0,21344100.000,0,-,-,-,-,4184.6000,4183.4000,4182.8000,4182.6000,4182.0000,4186.6000,4186.8000,4187.2000,4187.4000,4188.6000,1,1,3,2,2,1,1,1,1,1
SF,IF2002,2020-01-03 09:31:51.900,4187.0000,2582,0,21344100.000,0,-,-,-,-,4184.6000,4183.4000,4182.8000,4182.6000,4182.0000,4186.6000,4187.2000,4187.4000,4188.6000,4188.8000,1,1,3,2,2,1,1,1,1,1
SF,IF2002,2020-01-03 09:31:52.400,4187.0000,2582,0,21344100.000,0,-,-,-,-,4184.6000,4182.8000,4182.6000,4182.0000,4180.8000,4186.4000,4186.6000,4187.2000,4187.4000,4188.6000,1,3,2,2,1,1,1,1,1,1
SF,IF2002,2020-01-03 09:31:52.900,4184.6000,2581,-1,22599480.000,1,0,1,双平,S,4182.0000,4180.8000,4176.2000,4170.0000,4160.0000,4186.4000,4186.6000,4187.2000,4187.4000,4188.6000,2,1,1,1,1,1,1,1,1,1
SF,IF2002,2020-01-03 09:31:53.400,4184.6000,2581,0,22599480.000,0,-,-,-,-,4183.0000,4182.8000,4182.4000,4182.2000,4182.0000,4186.0000,4186.2000,4186.4000,4187.2000,4187.4000,4,1,3,3,2,2,1,1,1,1
SF,IF2002,2020-01-03 09:31:53.900,4184.6000,2581,0,22599480.000,0,-,-,-,-,4183.2000,4182.8000,4182.4000,4182.2000,4182.0000,4186.0000,4186.4000,4187.2000,4187.4000,4188.6000,2,1,3,2,2,1,1,1,1,1
SF,IF2002,2020-01-03 09:31:54.400,4184.6000,2581,0,22599480.000,0,-,-,-,-,4183.2000,4182.8000,4182.2000,4182.0000,4180.8000,4186.0000,4187.2000,4187.4000,4188.6000,4190.0000,2,1,1,2,1,2,1,1,1,6
SF,IF2002,2020-01-03 09:31:54.900,4184.6000,2581,0,22599480.000,0,-,-,-,-,4183.2000,4182.8000,4182.2000,4182.0000,4180.8000,4186.0000,4187.2000,4187.4000,4188.6000,4190.0000,1,1,1,2,1,2,1,1,1,6
SF,IF2002,2020-01-03 09:31:55.400,4184.6000,2581,0,22599480.000,0,-,-,-,-,4183.4000,4183.2000,4182.8000,4182.2000,4182.0000,4186.0000,4187.2000,4187.4000,4188.6000,4190.0000,1,1,1,1,2,2,1,1,1,6
SF,IF2002,2020-01-03 09:31:55.900,4184.6000,2581,0,22599480.000,0,-,-,-,-,4183.6000,4183.4000,4182.8000,4182.2000,4182.0000,4186.0000,4187.2000,4187.4000,4188.6000,4190.0000,1,1,1,1,2,2,1,1,1,6
SF,IF2002,2020-01-03 09:31:56.400,4184.6000,2581,0,22599480.000,0,-,-,-,-,4183.8000,4183.6000,4183.4000,4182.8000,4182.2000,4186.0000,4187.2000,4187.4000,4188.6000,4190.0000,1,1,1,1,1,2,1,1,1,6
SF,IF2002,2020-01-03 09:31:56.900,4184.6000,2581,0,22599480.000,0,-,-,-,-,4183.8000,4183.6000,4183.4000,4182.8000,4182.2000,4185.6000,4185.8000,4186.0000,4187.2000,4187.4000,1,1,1,1,1,1,1,2,1,1
SF,IF2002,2020-01-03 09:31:57.400,4184.6000,2581,0,22599480.000,0,-,-,-,-,4183.8000,4183.6000,4182.8000,4182.2000,4182.0000,4185.6000,4185.8000,4186.0000,4187.2000,4187.4000,1,1,1,1,2,2,1,2,1,1
SF,IF2002,2020-01-03 09:31:58.400,4184.6000,2581,0,22599480.000,0,-,-,-,-,4183.8000,4183.6000,4182.0000,4180.8000,4176.2000,4185.6000,4185.8000,4186.0000,4187.2000,4187.4000,1,1,2,1,1,1,1,2,1,1
SF,IF2002,2020-01-03 09:31:58.900,4184.6000,2581,0,22599480.000,0,-,-,-,-,4183.6000,4182.0000,4180.8000,4176.2000,4170.0000,4185.6000,4186.0000,4187.2000,4187.4000,4190.0000,1,2,1,1,1,1,2,1,1,6
SF,IF2002,2020-01-03 09:31:59.400,4184.6000,2581,0,22599480.000,0,-,-,-,-,4182.0000,4180.8000,4176.2000,4170.0000,4160.0000,4185.4000,4185.6000,4186.0000,4187.2000,4187.4000,2,1,1,1,1,1,2,2,1,1
SF,IF2002,2020-01-03 09:31:59.900,4184.6000,2581,0,22599480.000,0,-,-,-,-,4182.2000,4182.0000,4180.8000,4176.2000,4170.0000,4185.4000,4185.6000,4186.0000,4187.2000,4187.4000,2,2,1,1,1,1,2,2,1,1
SF,IF2002,2020-01-03 09:32:00.400,4184.6000,2581,0,22599480.000,0,-,-,-,-,4182.2000,4182.0000,4180.8000,4176.2000,4170.0000,4185.4000,4185.6000,4186.0000,4187.2000,4187.4000,2,2,1,1,1,1,1,2,1,1
SF,IF2002,2020-01-03 09:32:00.900,4184.6000,2581,0,22599480.000,0,-,-,-,-,4182.6000,4182.2000,4182.0000,4180.8000,4176.2000,4185.4000,4185.6000,4186.0000,4187.2000,4187.4000,4,1,2,1,1,1,1,2,1,1
SF,IF2002,2020-01-03 09:32:01.400,4184.6000,2581,0,22599480.000,0,-,-,-,-,4182.8000,4182.0000,4180.8000,4176.2000,4170.0000,4185.2000,4185.4000,4185.6000,4186.0000,4187.2000,1,2,1,1,1,1,1,2,2,1
SF,IF2002,2020-01-03 09:32:01.900,4184.6000,2581,0,22599480.000,0,-,-,-,-,4182.0000,4180.8000,4176.2000,4170.0000,4160.0000,4185.2000,4185.4000,4185.6000,4186.0000,4187.2000,2,1,1,1,1,1,1,2,2,1
SF,IF2002,2020-01-03 09:32:02.400,4184.6000,2581,0,22599480.000,0,-,-,-,-,4182.2000,4182.0000,4180.8000,4176.2000,4170.0000,4184.8000,4185.2000,4185.4000,4185.6000,4186.0000,1,2,1,1,1,1,1,1,1,2
SF,IF2002,2020-01-03 09:32:02.900,4184.6000,2581,0,22599480.000,0,-,-,-,-,4182.2000,4182.0000,4180.8000,4176.2000,4170.0000,4184.6000,4184.8000,4185.4000,4185.6000,4186.0000,1,2,1,1,1,1,1,1,1,2
SF,IF2002,2020-01-03 09:32:03.400,4184.6000,2581,0,22599480.000,0,-,-,-,-,4182.2000,4182.0000,4180.8000,4176.2000,4170.0000,4184.6000,4184.8000,4185.4000,4185.6000,4186.0000,1,2,1,1,1,1,1,1,1,1
SF,IF2002,2020-01-03 09:32:04.900,4184.6000,2581,0,22599480.000,0,-,-,-,-,4182.2000,4182.0000,4180.8000,4176.2000,4170.0000,4184.4000,4184.6000,4184.8000,4185.6000,4186.0000,1,2,1,1,1,1,1,1,1,1
SF,IF2002,2020-01-03 09:32:05.400,4184.6000,2581,0,22599480.000,0,-,-,-,-,4182.2000,4182.0000,4180.8000,4176.2000,4170.0000,4184.4000,4184.8000,4185.6000,4186.0000,4190.0000,1,2,1,1,1,1,1,1,1,6
SF,IF2002,2020-01-03 09:32:05.900,4184.6000,2581,0,22599480.000,0,-,-,-,-,4182.2000,4182.0000,4180.8000,4176.2000,4170.0000,4184.2000,4184.4000,4184.8000,4185.6000,4186.0000,1,2,1,1,1,1,1,1,1,1
SF,IF2002,2020-01-03 09:32:06.400,4184.6000,2581,0,22599480.000,0,-,-,-,-,4182.2000,4182.0000,4180.8000,4176.2000,4170.0000,4184.2000,4184.4000,4184.8000,4185.6000,4186.0000,1,2,1,1,1,1,1,1,1,1
SF,IF2002,2020-01-03 09:32:06.900,4184.6000,2581,0,22599480.000,0,-,-,-,-,4182.2000,4182.0000,4180.8000,4176.2000,4170.0000,4184.2000,4184.4000,4184.8000,4185.6000,4186.0000,1,2,1,1,1,1,1,1,1,1
SF,IF2002,2020-01-03 09:32:11.900,4184.6000,2581,0,22599480.000,0,-,-,-,-,4182.2000,4182.0000,4180.8000,4176.2000,4170.0000,4184.0000,4184.2000,4184.8000,4185.6000,4186.0000,1,2,1,1,1,1,1,1,1,1
SF,IF2002,2020-01-03 09:32:12.400,4184.6000,2581,0,22599480.000,0,-,-,-,-,4182.0000,4180.8000,4176.2000,4170.0000,4160.0000,4184.0000,4184.2000,4184.8000,4185.6000,4186.0000,2,1,1,1,1,1,1,1,1,1
SF,IF2002,2020-01-03 09:32:12.900,4184.6000,2581,0,22599480.000,0,-,-,-,-,4182.0000,4180.8000,4176.2000,4170.0000,4160.0000,4183.8000,4184.0000,4184.8000,4185.6000,4186.0000,2,1,1,1,1,1,1,1,1,1
SF,IF2002,2020-01-03 09:32:14.900,4184.6000,2581,0,22599480.000,0,-,-,-,-,4182.0000,4180.8000,4176.2000,4170.0000,4160.0000,4183.8000,4184.8000,4185.6000,4186.0000,4190.0000,2,1,1,1,1,1,1,1,1,6
SF,IF2002,2020-01-03 09:32:15.400,4182.0000,2580,-1,23854080.000,1,0,1,双平,S,4182.0000,4180.8000,4176.2000,4170.0000,4160.0000,4183.8000,4184.8000,4185.6000,4186.0000,4190.0000,1,1,1,1,1,1,1,1,1,6
SF,IF2002,2020-01-03 09:32:15.900,4182.0000,2580,0,23854080.000,0,-,-,-,-,4182.0000,4180.8000,4176.2000,4170.0000,4160.0000,4183.8000,4184.8000,4185.6000,4186.0000,4190.0000,1,1,1,1,1,1,1,1,1,6
SF,IF2002,2020-01-03 09:32:16.400,4182.0000,2580,0,23854080.000,0,-,-,-,-,4182.0000,4180.8000,4176.2000,4170.0000,4160.0000,4183.4000,4183.8000,4185.6000,4186.0000,4190.0000,1,1,1,1,1,1,1,1,1,6
SF,IF2002,2020-01-03 09:32:16.900,4182.0000,2580,0,23854080.000,0,-,-,-,-,4182.0000,4180.8000,4176.2000,4170.0000,4160.0000,4183.4000,4183.8000,4185.6000,4186.0000,4190.0000,1,1,1,1,1,1,1,1,1,6
SF,IF2002,2020-01-03 09:32:21.400,4183.2000,2578,-2,26363640.000,2,0,2,双平,S,4180.8000,4176.2000,4170.0000,4160.0000,4159.0000,4183.4000,4183.8000,4185.6000,4190.0000,4197.6000,1,1,1,1,1,1,1,1,6,2
SF,IF2002,2020-01-03 09:32:21.900,4183.2000,2578,0,26363640.000,0,-,-,-,-,4181.0000,4180.8000,4176.2000,4170.0000,4160.0000,4183.4000,4183.8000,4185.6000,4190.0000,4197.6000,2,1,1,1,1,1,1,1,6,2
SF,IF2002,2020-01-03 09:32:22.900,4183.2000,2578,0,26363640.000,0,-,-,-,-,4181.0000,4180.8000,4176.2000,4170.0000,4160.0000,4183.2000,4183.4000,4183.8000,4185.6000,4190.0000,1,1,1,1,1,1,1,1,1,6
SF,IF2002,2020-01-03 09:32:24.400,4183.2000,2578,0,26363640.000,0,-,-,-,-,4181.0000,4180.8000,4176.2000,4170.0000,4160.0000,4183.0000,4183.2000,4183.4000,4183.8000,4185.6000,1,1,1,1,1,1,2,1,1,1
SF,IF2002,2020-01-03 09:32:24.900,4183.2000,2578,0,26363640.000,0,-,-,-,-,4181.0000,4180.8000,4176.2000,4170.0000,4160.0000,4183.0000,4183.2000,4183.4000,4183.8000,4185.6000,1,1,1,1,1,1,2,1,1,1
SF,IF2002,2020-01-03 09:32:25.400,4183.2000,2578,0,26363640.000,0,-,-,-,-,4181.2000,4181.0000,4180.8000,4176.2000,4170.0000,4183.0000,4183.2000,4183.4000,4183.8000,4185.6000,1,1,1,1,1,1,2,1,1,1
SF,IF2002,2020-01-03 09:32:25.900,4183.2000,2578,0,26363640.000,0,-,-,-,-,4181.4000,4181.2000,4180.8000,4176.2000,4170.0000,4183.2000,4185.6000,4190.0000,4197.6000,4198.6000,1,1,1,1,1,1,1,6,2,1
SF,IF2002,2020-01-03 09:32:26.400,4183.2000,2578,0,26363640.000,0,-,-,-,-,4181.6000,4181.4000,4181.2000,4180.8000,4176.2000,4183.2000,4185.6000,4190.0000,4197.6000,4198.6000,1,1,1,1,1,1,1,6,2,1
SF,IF2002,2020-01-03 09:32:26.900,4183.2000,2578,0,26363640.000,0,-,-,-,-,4181.6000,4181.4000,4180.8000,4176.2000,4170.0000,4183.2000,4185.6000,4190.0000,4197.6000,4198.6000,1,1,1,1,1,1,1,6,2,1
SF,IF2002,2020-01-03 09:32:27.400,4183.2000,2578,0,26363640.000,0,-,-,-,-,4181.8000,4181.6000,4180.8000,4176.2000,4170.0000,4183.2000,4185.6000,4190.0000,4197.6000,4198.6000,1,1,1,1,1,1,1,6,2,1
SF,IF2002,2020-01-03 09:32:27.900,4183.2000,2578,0,26363640.000,0,-,-,-,-,4181.8000,4180.8000,4176.2000,4170.0000,4160.0000,4183.2000,4185.6000,4190.0000,4197.6000,4198.6000,1,1,1,1,1,1,1,6,2,1
SF,IF2002,2020-01-03 09:32:28.400,4181.8000,2577,-1,27618180.000,1,0,1,双平,S,4180.8000,4176.2000,4170.0000,4160.0000,4159.0000,4183.2000,4185.6000,4190.0000,4197.6000,4198.6000,1,1,1,1,1,1,1,6,2,1
SF,IF2002,2020-01-03 09:32:28.900,4181.8000,2577,0,27618180.000,0,-,-,-,-,4181.0000,4180.8000,4176.2000,4170.0000,4160.0000,4183.2000,4185.6000,4190.0000,4197.6000,4198.6000,2,1,1,1,1,1,1,6,2,1
SF,IF2002,2020-01-03 09:32:29.900,4181.8000,2577,0,27618180.000,0,-,-,-,-,4181.0000,4180.8000,4176.2000,4170.0000,4160.0000,4183.0000,4183.2000,4185.6000,4190.0000,4197.6000,1,1,1,1,1,1,1,1,6,2
SF,IF2002,2020-01-03 09:32:30.400,4181.8000,2577,0,27618180.000,0,-,-,-,-,4181.2000,4181.0000,4180.8000,4176.2000,4170.0000,4183.0000,4183.2000,4185.6000,4190.0000,4197.6000,1,1,1,1,1,1,1,1,6,2
SF,IF2002,2020-01-03 09:32:30.900,4181.8000,2577,0,27618180.000,0,-,-,-,-,4181.4000,4181.2000,4180.8000,4176.2000,4170.0000,4183.0000,4183.2000,4185.6000,4190.0000,4197.6000,1,1,1,1,1,1,1,1,6,2
SF,IF2002,2020-01-03 09:32:31.400,4181.8000,2577,0,27618180.000,0,-,-,-,-,4180.8000,4176.2000,4170.0000,4160.0000,4159.0000,4183.0000,4183.2000,4185.6000,4190.0000,4197.6000,1,1,1,1,1,1,1,1,6,2
SF,IF2002,2020-01-03 09:32:31.900,4181.8000,2577,0,27618180.000,0,-,-,-,-,4181.0000,4180.8000,4176.2000,4170.0000,4160.0000,4183.0000,4183.2000,4185.6000,4190.0000,4197.6000,2,1,1,1,1,1,1,1,6,2
SF,IF2002,2020-01-03 09:32:32.400,4183.0000,2577,0,28873080.000,1,0,1,多换,S,4181.0000,4180.8000,4176.2000,4170.0000,4160.0000,4183.2000,4185.6000,4190.0000,4197.6000,4198.6000,2,1,1,1,1,1,1,6,2,1
SF,IF2002,2020-01-03 09:32:32.900,4183.0000,2577,0,28873080.000,0,-,-,-,-,4181.0000,4180.8000,4176.2000,4170.0000,4160.0000,4183.2000,4185.6000,4190.0000,4197.6000,4198.6000,1,1,1,1,1,1,1,6,2,1
SF,IF2002,2020-01-03 09:32:33.400,4183.0000,2577,0,28873080.000,0,-,-,-,-,4181.2000,4181.0000,4180.8000,4176.2000,4170.0000,4183.0000,4183.2000,4185.6000,4190.0000,4197.6000,1,1,1,1,1,1,1,1,6,2
SF,IF2002,2020-01-03 09:32:42.400,4181.2000,2577,0,30127440.000,1,0,1,多换,S,4181.0000,4180.8000,4176.2000,4170.0000,4160.0000,4183.0000,4183.2000,4185.6000,4190.0000,4197.6000,1,1,1,1,1,1,1,1,6,2
SF,IF2002,2020-01-03 09:32:47.900,4181.0000,2576,-1,31381740.000,1,0,1,双平,S,4180.8000,4176.2000,4170.0000,4160.0000,4159.0000,4183.0000,4183.2000,4185.6000,4190.0000,4197.6000,1,1,1,1,1,1,1,1,6,2
SF,IF2002,2020-01-03 09:32:48.400,4181.0000,2576,0,31381740.000,0,-,-,-,-,4180.8000,4176.2000,4170.0000,4160.0000,4159.0000,4182.8000,4183.0000,4183.2000,4185.6000,4190.0000,1,1,1,1,1,1,1,1,1,6
SF,IF2002,2020-01-03 09:32:48.900,4181.0000,2576,0,31381740.000,0,-,-,-,-,4180.8000,4176.2000,4170.0000,4160.0000,4159.0000,4182.6000,4182.8000,4183.2000,4185.6000,4190.0000,1,1,1,1,1,1,1,1,1,6
SF,IF2002,2020-01-03 09:32:49.400,4181.0000,2576,0,31381740.000,0,-,-,-,-,4180.8000,4176.2000,4170.0000,4160.0000,4159.0000,4182.6000,4182.8000,4183.2000,4185.6000,4190.0000,1,1,1,1,1,1,1,1,1,6
SF,IF2002,2020-01-03 09:32:49.900,4181.0000,2576,0,31381740.000,0,-,-,-,-,4180.8000,4176.2000,4170.0000,4160.0000,4159.0000,4182.6000,4183.2000,4185.6000,4190.0000,4197.6000,1,1,1,1,1,1,1,1,6,2
SF,IF2002,2020-01-03 09:32:50.400,4181.0000,2576,0,31381740.000,0,-,-,-,-,4180.8000,4176.2000,4170.0000,4160.0000,4159.0000,4182.6000,4183.2000,4185.6000,4190.0000,4197.6000,1,1,1,1,1,1,1,1,6,2
SF,IF2002,2020-01-03 09:32:50.900,4181.0000,2576,0,31381740.000,0,-,-,-,-,4180.8000,4176.2000,4170.0000,4160.0000,4159.0000,4182.6000,4183.2000,4185.6000,4190.0000,4197.6000,1,1,1,1,1,1,1,1,6,2
SF,IF2002,2020-01-03 09:32:51.400,4181.0000,2576,0,31381740.000,0,-,-,-,-,4180.8000,4176.2000,4170.0000,4160.0000,4159.0000,4182.6000,4183.2000,4185.6000,4190.0000,4197.6000,1,1,1,1,1,1,1,1,6,2
SF,IF2002,2020-01-03 09:32:51.900,4181.0000,2576,0,31381740.000,0,-,-,-,-,4180.8000,4176.2000,4170.0000,4160.0000,4159.0000,4182.6000,4183.2000,4185.6000,4187.0000,4190.0000,1,1,1,1,1,1,1,1,1,6
SF,IF2002,2020-01-03 09:32:52.400,4181.0000,2576,0,31381740.000,0,-,-,-,-,4180.8000,4176.2000,4170.0000,4160.0000,4159.0000,4182.6000,4183.2000,4185.6000,4187.0000,4190.0000,1,1,1,1,1,1,1,1,1,6
SF,IF2002,2020-01-03 09:32:52.900,4181.0000,2576,0,31381740.000,0,-,-,-,-,4180.8000,4176.2000,4170.0000,4160.0000,4159.0000,4182.6000,4183.2000,4185.6000,4187.0000,4190.0000,1,1,1,1,1,1,1,1,1,6
SF,IF2002,2020-01-03 09:32:53.400,4181.0000,2576,0,31381740.000,0,-,-,-,-,4180.8000,4176.2000,4170.0000,4160.0000,4159.0000,4182.6000,4183.2000,4185.6000,4187.0000,4190.0000,1,1,1,1,1,1,1,1,1,6
SF,IF2002,2020-01-03 09:32:53.900,4181.0000,2576,0,31381740.000,0,-,-,-,-,4180.8000,4176.2000,4170.0000,4160.0000,4159.0000,4182.6000,4183.2000,4185.6000,4187.0000,4190.0000,1,1,1,1,1,1,1,1,1,6
SF,IF2002,2020-01-03 09:32:54.400,4181.0000,2576,0,31381740.000,0,-,-,-,-,4180.8000,4176.2000,4170.0000,4160.0000,4159.0000,4182.6000,4183.2000,4185.6000,4187.0000,4190.0000,1,1,1,1,1,1,1,1,1,6
SF,IF2002,2020-01-03 09:32:54.900,4181.0000,2576,0,31381740.000,0,-,-,-,-,4180.8000,4176.2000,4170.0000,4160.0000,4159.0000,4182.6000,4183.2000,4185.6000,4187.0000,4190.0000,1,1,1,1,1,1,1,1,1,6
SF,IF2002,2020-01-03 09:32:55.400,4181.0000,2576,0,31381740.000,0,-,-,-,-,4180.8000,4176.2000,4170.0000,4160.0000,4159.0000,4182.6000,4183.2000,4185.6000,4187.0000,4190.0000,1,1,1,1,1,1,1,1,1,6
SF,IF2002,2020-01-03 09:33:00.900,4181.0000,2576,0,31381740.000,0,-,-,-,-,4181.0000,4180.8000,4176.2000,4170.0000,4160.0000,4182.6000,4183.2000,4185.6000,4187.0000,4190.0000,1,1,1,1,1,1,1,1,1,6
SF,IF2002,2020-01-03 09:33:03.900,4181.0000,2576,0,31381740.000,0,-,-,-,-,4181.2000,4181.0000,4180.8000,4176.2000,4170.0000,4182.6000,4183.2000,4185.6000,4187.0000,4190.0000,1,1,2,1,1,1,1,1,1,6
SF,IF2002,2020-01-03 09:33:04.400,4181.0000,2576,0,31381740.000,0,-,-,-,-,4181.2000,4181.0000,4180.8000,4176.2000,4170.0000,4183.2000,4185.6000,4187.0000,4190.0000,4197.6000,1,1,1,1,1,1,1,1,6,2
SF,IF2002,2020-01-03 09:33:04.900,4181.0000,2576,0,31381740.000,0,-,-,-,-,4181.4000,4181.2000,4181.0000,4180.8000,4176.2000,4183.2000,4185.6000,4187.0000,4190.0000,4197.6000,1,1,1,1,1,1,1,1,6,2
SF,IF2002,2020-01-03 09:33:07.400,4181.0000,2576,0,31381740.000,0,-,-,-,-,4181.4000,4181.0000,4180.8000,4176.2000,4170.0000,4183.2000,4185.6000,4187.0000,4190.0000,4197.6000,1,1,1,1,1,1,1,1,6,2
SF,IF2002,2020-01-03 09:33:07.900,4181.0000,2576,0,31381740.000,0,-,-,-,-,4181.6000,4181.0000,4180.8000,4176.2000,4170.0000,4183.2000,4185.6000,4187.0000,4190.0000,4197.6000,1,1,1,1,1,1,1,1,6,2
SF,IF2002,2020-01-03 09:33:08.400,4181.0000,2576,0,31381740.000,0,-,-,-,-,4181.6000,4180.8000,4176.2000,4170.0000,4160.0000,4183.0000,4183.2000,4185.6000,4187.0000,4190.0000,1,1,1,1,1,1,1,1,1,6
SF,IF2002,2020-01-03 09:33:08.900,4181.0000,2576,0,31381740.000,0,-,-,-,-,4181.6000,4180.8000,4180.0000,4176.2000,4170.0000,4183.0000,4183.2000,4185.6000,4187.0000,4190.0000,1,1,1,1,1,1,1,1,1,6
SF,IF2002,2020-01-03 09:33:13.400,4181.0000,2576,0,31381740.000,0,-,-,-,-,4181.6000,4180.8000,4180.0000,4176.2000,4170.0000,4183.0000,4183.2000,4183.6000,4185.6000,4187.0000,1,1,1,1,1,1,1,1,1,1
SF,IF2002,2020-01-03 09:33:13.900,4181.0000,2576,0,31381740.000,0,-,-,-,-,4181.6000,4180.8000,4180.0000,4176.2000,4170.0000,4183.0000,4183.2000,4183.6000,4185.6000,4187.0000,1,1,1,1,1,1,1,1,1,1
SF,IF2002,2020-01-03 09:33:19.900,4183.0000,2575,-1,32636640.000,1,0,1,双平,S,4181.6000,4180.8000,4180.0000,4176.2000,4170.0000,4183.2000,4183.6000,4185.6000,4187.0000,4190.0000,1,1,1,1,1,1,1,1,1,6
SF,IF2002,2020-01-03 09:33:20.400,4183.2000,2574,-1,33891600.000,1,0,1,双平,S,4181.8000,4181.6000,4180.8000,4180.0000,4176.2000,4183.6000,4185.6000,4187.0000,4190.0000,4197.6000,1,1,1,1,1,1,1,1,6,2
SF,IF2002,2020-01-03 09:33:20.900,4183.2000,2574,0,33891600.000,0,-,-,-,-,4181.8000,4181.6000,4180.8000,4180.0000,4176.2000,4183.6000,4185.6000,4187.0000,4190.0000,4197.6000,1,1,1,1,1,1,1,1,6,2
SF,IF2002,2020-01-03 09:33:22.400,4183.6000,2574,0,35146680.000,1,0,1,多换,S,4181.8000,4181.6000,4180.8000,4180.0000,4176.2000,4185.6000,4187.0000,4190.0000,4197.6000,4198.6000,1,1,1,1,1,1,1,6,2,1
SF,IF2002,2020-01-03 09:33:22.900,4183.6000,2574,0,35146680.000,0,-,-,-,-,4182.2000,4182.0000,4181.8000,4181.6000,4180.8000,4185.2000,4185.4000,4185.6000,4187.0000,4190.0000,1,1,1,1,1,1,1,1,1,6
SF,IF2002,2020-01-03 09:33:23.400,4183.6000,2574,0,35146680.000,0,-,-,-,-,4182.4000,4182.2000,4182.0000,4181.6000,4180.8000,4185.2000,4185.4000,4185.6000,4187.0000,4190.0000,1,1,1,1,1,1,1,1,1,6
SF,IF2002,2020-01-03 09:33:23.900,4183.6000,2574,0,35146680.000,0,-,-,-,-,4182.4000,4182.2000,4181.6000,4180.8000,4180.0000,4185.0000,4185.2000,4185.6000,4187.0000,4190.0000,1,1,1,1,1,2,1,1,1,6
SF,IF2002,2020-01-03 09:33:24.900,4183.6000,2574,0,35146680.000,0,-,-,-,-,4182.4000,4182.2000,4181.6000,4180.8000,4180.0000,4185.0000,4185.2000,4185.6000,4187.0000,4190.0000,1,1,1,1,1,1,1,1,1,6
SF,IF2002,2020-01-03 09:33:25.400,4183.6000,2574,0,35146680.000,0,-,-,-,-,4182.6000,4182.4000,4182.2000,4181.6000,4180.8000,4185.2000,4187.0000,4190.0000,4197.6000,4198.6000,1,1,1,1,1,1,1,6,2,1
SF,IF2002,2020-01-03 09:33:25.900,4183.6000,2574,0,35146680.000,0,-,-,-,-,4182.8000,4182.6000,4182.2000,4181.6000,4180.8000,4185.0000,4185.2000,4187.0000,4190.0000,4197.6000,1,1,1,1,1,1,1,1,6,2
SF,IF2002,2020-01-03 09:33:26.400,4183.6000,2574,0,35146680.000,0,-,-,-,-,4182.8000,4182.2000,4181.6000,4180.8000,4180.0000,4184.8000,4185.2000,4187.0000,4190.0000,4197.6000,1,1,1,1,1,1,1,1,6,2
SF,IF2002,2020-01-03 09:33:26.900,4183.6000,2574,0,35146680.000,0,-,-,-,-,4182.8000,4182.2000,4181.6000,4180.8000,4180.0000,4184.6000,4184.8000,4185.2000,4187.0000,4190.0000,1,1,1,1,1,1,1,1,1,6
SF,IF2002,2020-01-03 09:33:27.400,4183.6000,2574,0,35146680.000,0,-,-,-,-,4182.8000,4182.2000,4181.6000,4180.8000,4180.0000,4185.2000,4187.0000,4190.0000,4197.6000,4198.6000,1,1,1,1,1,1,1,6,2,1
SF,IF2002,2020-01-03 09:33:27.900,4183.6000,2574,0,35146680.000,0,-,-,-,-,4183.0000,4182.8000,4182.2000,4181.6000,4180.8000,4185.2000,4187.0000,4190.0000,4197.6000,4198.6000,2,1,1,1,1,1,1,6,2,1
SF,IF2002,2020-01-03 09:33:28.400,4183.6000,2574,0,35146680.000,0,-,-,-,-,4183.0000,4182.8000,4182.2000,4181.6000,4180.8000,4185.0000,4185.2000,4187.0000,4190.0000,4197.6000,2,1,1,1,1,2,1,1,6,2
SF,IF2002,2020-01-03 09:33:28.900,4183.6000,2574,0,35146680.000,0,-,-,-,-,4183.0000,4182.8000,4182.2000,4181.6000,4180.8000,4185.0000,4185.2000,4187.0000,4190.0000,4197.6000,2,1,1,1,1,2,1,1,6,2
SF,IF2002,2020-01-03 09:33:29.900,4183.6000,2574,0,35146680.000,0,-,-,-,-,4183.0000,4182.8000,4182.2000,4180.8000,4180.0000,4185.0000,4185.2000,4187.0000,4190.0000,4197.6000,2,1,1,1,1,2,1,1,6,2
SF,IF2002,2020-01-03 09:33:30.400,4183.6000,2574,0,35146680.000,0,-,-,-,-,4183.0000,4182.8000,4182.2000,4180.8000,4180.0000,4187.0000,4190.0000,4197.6000,4198.6000,4199.0000,2,1,1,1,1,1,6,2,1,1
SF,IF2002,2020-01-03 09:33:30.900,4183.6000,2574,0,35146680.000,0,-,-,-,-,4183.0000,4182.8000,4182.2000,4180.8000,4180.0000,4186.0000,4186.8000,4187.0000,4190.0000,4197.6000,1,1,1,1,1,1,5,1,6,2
SF,IF2002,2020-01-03 09:33:31.400,4183.6000,2574,0,35146680.000,0,-,-,-,-,4183.0000,4182.8000,4182.2000,4182.0000,4180.8000,4185.8000,4186.0000,4186.8000,4187.0000,4190.0000,1,1,1,1,1,1,1,4,1,6
SF,IF2002,2020-01-03 09:33:31.900,4183.6000,2574,0,35146680.000,0,-,-,-,-,4183.2000,4183.0000,4182.8000,4182.2000,4182.0000,4185.8000,4186.0000,4187.0000,4190.0000,4197.6000,1,1,1,1,1,1,1,1,6,2
SF,IF2002,2020-01-03 09:33:32.400,4183.6000,2574,0,35146680.000,0,-,-,-,-,4183.4000,4183.2000,4182.8000,4182.2000,4182.0000,4186.0000,4187.0000,4190.0000,4197.6000,4198.6000,1,1,1,1,1,1,1,6,2,1
SF,IF2002,2020-01-03 09:33:32.900,4183.6000,2574,0,35146680.000,0,-,-,-,-,4183.4000,4182.8000,4182.2000,4182.0000,4180.8000,4185.8000,4186.0000,4187.0000,4190.0000,4197.6000,1,1,1,1,1,2,1,1,6,2
SF,IF2002,2020-01-03 09:33:33.900,4183.6000,2574,0,35146680.000,0,-,-,-,-,4183.4000,4182.8000,4182.2000,4182.0000,4180.8000,4185.8000,4186.0000,4187.0000,4190.0000,4197.6000,1,1,1,1,1,2,2,1,6,2
SF,IF2002,2020-01-03 09:33:34.400,4183.6000,2574,0,35146680.000,0,-,-,-,-,4183.6000,4182.8000,4182.2000,4182.0000,4180.8000,4185.8000,4186.0000,4187.0000,4190.0000,4197.6000,1,1,1,1,1,1,3,1,6,2
SF,IF2002,2020-01-03 09:33:34.900,4183.6000,2574,0,35146680.000,0,-,-,-,-,4183.6000,4182.8000,4182.2000,4182.0000,4180.8000,4185.6000,4185.8000,4186.0000,4187.0000,4190.0000,1,1,1,1,1,1,1,3,1,6
SF,IF2002,2020-01-03 09:33:35.900,4183.6000,2574,0,35146680.000,0,-,-,-,-,4183.6000,4182.8000,4182.2000,4182.0000,4180.8000,4185.8000,4186.0000,4187.0000,4190.0000,4197.6000,1,1,1,1,1,1,1,1,6,2
SF,IF2002,2020-01-03 09:33:36.400,4183.6000,2574,0,35146680.000,0,-,-,-,-,4183.8000,4183.6000,4182.8000,4182.2000,4182.0000,4185.8000,4186.0000,4187.0000,4190.0000,4197.6000,2,1,1,1,1,1,1,1,6,2
SF,IF2002,2020-01-03 09:33:37.400,4183.6000,2574,0,35146680.000,0,-,-,-,-,4183.8000,4183.6000,4182.8000,4182.2000,4182.0000,4185.8000,4186.0000,4187.0000,4190.0000,4197.6000,1,1,1,1,1,1,1,1,6,2
SF,IF2002,2020-01-03 09:33:37.900,4183.6000,2574,0,35146680.000,0,-,-,-,-,4183.8000,4183.6000,4182.8000,4182.2000,4182.0000,4186.0000,4187.0000,4190.0000,4197.6000,4198.6000,1,1,1,1,1,1,1,6,2,1
SF,IF2002,2020-01-03 09:33:38.400,4183.6000,2574,0,35146680.000,0,-,-,-,-,4184.0000,4183.8000,4183.6000,4182.8000,4182.2000,4186.0000,4187.0000,4190.0000,4197.6000,4198.6000,1,1,1,1,1,1,1,6,2,1
SF,IF2002,2020-01-03 09:33:38.900,4183.6000,2574,0,35146680.000,0,-,-,-,-,4184.2000,4184.0000,4183.6000,4182.8000,4182.2000,4186.0000,4186.8000,4187.0000,4190.0000,4197.6000,1,1,1,1,1,1,1,1,6,2
SF,IF2002,2020-01-03 09:33:39.400,4183.6000,2574,0,35146680.000,0,-,-,-,-,4184.0000,4183.6000,4182.8000,4182.2000,4182.0000,4186.0000,4186.8000,4187.0000,4190.0000,4197.6000,1,1,1,1,1,1,1,1,6,2
SF,IF2002,2020-01-03 09:33:39.900,4183.6000,2574,0,35146680.000,0,-,-,-,-,4183.6000,4182.8000,4182.2000,4182.0000,4180.8000,4186.0000,4186.8000,4187.0000,4190.0000,4197.6000,1,1,1,1,1,1,1,1,6,2
SF,IF2002,2020-01-03 09:33:40.400,4183.6000,2574,0,35146680.000,0,-,-,-,-,4183.8000,4182.8000,4182.2000,4182.0000,4180.8000,4186.0000,4186.8000,4187.0000,4190.0000,4197.6000,2,1,1,1,1,1,1,1,6,2
SF,IF2002,2020-01-03 09:33:41.400,4183.6000,2574,0,35146680.000,0,-,-,-,-,4183.8000,4182.8000,4182.2000,4182.0000,4180.8000,4186.8000,4187.0000,4190.0000,4197.6000,4198.6000,2,1,1,1,1,1,1,6,2,1
SF,IF2002,2020-01-03 09:33:41.900,4183.6000,2574,0,35146680.000,0,-,-,-,-,4184.2000,4183.8000,4182.8000,4182.2000,4182.0000,4186.6000,4186.8000,4187.0000,4190.0000,4197.6000,1,1,1,1,1,2,1,1,6,2
SF,IF2002,2020-01-03 09:33:42.400,4183.6000,2574,0,35146680.000,0,-,-,-,-,4184.2000,4183.8000,4182.8000,4182.2000,4182.0000,4186.6000,4186.8000,4187.0000,4190.0000,4197.6000,1,1,1,1,1,2,1,1,6,2
SF,IF2002,2020-01-03 09:33:42.900,4183.6000,2574,0,35146680.000,0,-,-,-,-,4184.2000,4183.8000,4182.8000,4182.2000,4182.0000,4186.6000,4186.8000,4187.0000,4190.0000,4197.6000,1,1,1,1,1,1,1,1,6,2
SF,IF2002,2020-01-03 09:33:43.400,4183.6000,2574,0,35146680.000,0,-,-,-,-,4184.2000,4183.8000,4182.8000,4182.2000,4182.0000,4186.4000,4186.6000,4186.8000,4187.0000,4190.0000,1,1,1,1,1,1,1,1,1,6
SF,IF2002,2020-01-03 09:33:44.900,4183.6000,2574,0,35146680.000,0,-,-,-,-,4184.4000,4184.2000,4183.8000,4182.8000,4182.2000,4186.0000,4186.6000,4186.8000,4187.0000,4190.0000,1,1,1,1,1,1,1,1,1,6
SF,IF2002,2020-01-03 09:33:45.400,4183.6000,2574,0,35146680.000,0,-,-,-,-,4184.6000,4184.4000,4184.2000,4182.8000,4182.2000,4186.0000,4186.8000,4187.0000,4190.0000,4197.6000,1,1,1,1,1,1,1,1,6,2
SF,IF2002,2020-01-03 09:33:45.900,4183.6000,2574,0,35146680.000,0,-,-,-,-,4184.6000,4184.2000,4182.8000,4182.2000,4182.0000,4186.0000,4186.8000,4187.0000,4190.0000,4197.6000,1,1,1,1,1,1,1,1,6,2
SF,IF2002,2020-01-03 09:33:46.900,4183.6000,2574,0,35146680.000,0,-,-,-,-,4184.6000,4184.2000,4182.8000,4182.2000,4182.0000,4186.0000,4187.0000,4190.0000,4197.6000,4198.6000,1,1,1,1,1,1,1,6,2,1
SF,IF2002,2020-01-03 09:33:48.900,4183.6000,2574,0,35146680.000,0,-,-,-,-,4184.6000,4182.8000,4182.2000,4182.0000,4180.8000,4186.0000,4187.0000,4190.0000,4197.6000,4198.6000,1,1,1,1,1,1,1,6,2,1
SF,IF2002,2020-01-03 09:33:49.400,4186.0000,2574,0,36402480.000,1,0,1,多换,S,4184.6000,4182.8000,4182.2000,4182.0000,4180.8000,4187.0000,4190.0000,4197.6000,4198.6000,4199.0000,1,1,1,1,1,1,6,2,1,1
SF,IF2002,2020-01-03 09:33:49.900,4186.0000,2574,0,36402480.000,0,-,-,-,-,4184.6000,4182.8000,4182.2000,4182.0000,4180.8000,4186.8000,4187.0000,4190.0000,4197.6000,4198.6000,1,1,1,1,1,1,1,6,2,1
SF,IF2002,2020-01-03 09:33:50.400,4186.0000,2574,0,36402480.000,0,-,-,-,-,4185.2000,4184.6000,4182.8000,4182.2000,4182.0000,4186.8000,4187.0000,4190.0000,4195.8000,4197.6000,1,1,1,1,1,1,1,6,1,2
SF,IF2002,2020-01-03 09:33:50.900,4186.0000,2574,0,36402480.000,0,-,-,-,-,4185.4000,4185.2000,4184.6000,4182.2000,4182.0000,4186.8000,4187.0000,4190.0000,4195.8000,4197.6000,1,1,1,1,1,1,1,6,1,2
SF,IF2002,2020-01-03 09:33:51.900,4186.0000,2574,0,36402480.000,0,-,-,-,-,4185.4000,4185.2000,4184.6000,4182.2000,4182.0000,4187.0000,4190.0000,4195.8000,4197.6000,4198.6000,1,1,1,1,1,1,6,1,2,1
SF,IF2002,2020-01-03 09:33:59.400,4186.0000,2574,0,36402480.000,0,-,-,-,-,4185.4000,4185.2000,4184.6000,4182.2000,4182.0000,4187.0000,4190.0000,4195.8000,4197.6000,4198.6000,1,1,1,1,1,1,6,1,2,1
SF,IF2002,2020-01-03 09:34:03.400,4185.4000,2573,-1,37658100.000,1,0,1,双平,S,4185.2000,4184.6000,4182.2000,4182.0000,4180.8000,4187.0000,4190.0000,4195.8000,4197.6000,4198.6000,1,1,1,1,1,1,6,1,2,1
SF,IF2002,2020-01-03 09:34:03.900,4185.2000,2573,0,38913660.000,1,0,1,多换,S,4182.2000,4182.0000,4180.8000,4180.0000,4170.0000,4186.8000,4187.0000,4190.0000,4195.8000,4197.6000,1,1,1,1,1,1,1,6,1,2
SF,IF2002,2020-01-03 09:34:04.400,4185.2000,2573,0,38913660.000,0,-,-,-,-,4183.4000,4182.4000,4182.0000,4180.8000,4180.0000,4186.4000,4186.6000,4186.8000,4187.0000,4190.0000,5,4,1,1,1,1,1,1,1,6
SF,IF2002,2020-01-03 09:34:04.900,4185.2000,2573,0,38913660.000,0,-,-,-,-,4183.6000,4183.4000,4182.4000,4182.0000,4180.8000,4186.2000,4186.6000,4187.0000,4190.0000,4195.8000,1,1,1,1,1,1,1,1,6,1
SF,IF2002,2020-01-03 09:34:05.400,4185.2000,2573,0,38913660.000,0,-,-,-,-,4183.6000,4183.4000,4182.4000,4182.0000,4180.8000,4186.0000,4186.2000,4186.6000,4187.0000,4190.0000,1,1,1,1,1,1,1,1,1,6
SF,IF2002,2020-01-03 09:34:05.900,4185.2000,2573,0,38913660.000,0,-,-,-,-,4183.6000,4182.4000,4182.0000,4180.8000,4180.0000,4186.0000,4186.2000,4186.6000,4187.0000,4190.0000,1,1,1,1,1,1,1,1,1,6
SF,IF2002,2020-01-03 09:34:07.400,4185.2000,2573,0,38913660.000,0,-,-,-,-,4183.8000,4183.6000,4182.4000,4182.0000,4180.8000,4186.0000,4186.2000,4187.0000,4190.0000,4195.8000,1,1,1,1,1,1,1,1,6,1
SF,IF2002,2020-01-03 09:34:07.900,4185.2000,2573,0,38913660.000,0,-,-,-,-,4183.8000,4182.4000,4182.0000,4180.8000,4180.0000,4185.8000,4187.0000,4190.0000,4195.8000,4197.6000,1,1,1,1,1,1,1,6,1,2
SF,IF2002,2020-01-03 09:34:08.400,4185.2000,2573,0,38913660.000,0,-,-,-,-,4182.4000,4182.0000,4180.8000,4180.0000,4170.0000,4185.8000,4187.0000,4190.0000,4195.8000,4197.6000,1,1,1,1,1,1,1,6,1,2
SF,IF2002,2020-01-03 09:34:08.900,4185.2000,2573,0,38913660.000,0,-,-,-,-,4183.2000,4183.0000,4182.8000,4182.6000,4182.4000,4187.0000,4190.0000,4195.8000,4197.6000,4198.6000,1,4,1,2,1,1,6,1,2,1
SF,IF2002,2020-01-03 09:34:09.400,4185.2000,2573,0,38913660.000,0,-,-,-,-,4183.4000,4183.2000,4182.8000,4182.6000,4182.4000,4186.8000,4187.0000,4190.0000,4195.8000,4197.6000,1,1,1,1,1,1,1,6,1,2
SF,IF2002,2020-01-03 09:34:10.400,4185.2000,2573,0,38913660.000,0,-,-,-,-,4183.6000,4183.4000,4183.2000,4182.8000,4182.6000,4186.8000,4187.0000,4190.0000,4195.8000,4197.6000,1,1,1,1,1,1,1,6,1,2
SF,IF2002,2020-01-03 09:34:10.900,4185.2000,2573,0,38913660.000,0,-,-,-,-,4183.8000,4183.6000,4183.4000,4183.2000,4182.8000,4186.8000,4187.0000,4190.0000,4195.8000,4197.6000,1,1,1,1,1,1,1,6,1,2
SF,IF2002,2020-01-03 09:34:11.400,4185.2000,2573,0,38913660.000,0,-,-,-,-,4183.8000,4183.6000,4183.2000,4182.8000,4182.4000,4186.8000,4187.0000,4190.0000,4195.8000,4197.6000,1,1,1,1,1,1,1,6,1,2
SF,IF2002,2020-01-03 09:34:11.900,4185.2000,2573,0,38913660.000,0,-,-,-,-,4184.0000,4183.8000,4183.6000,4183.2000,4182.8000,4186.8000,4187.0000,4190.0000,4195.8000,4197.6000,1,1,1,1,1,1,1,6,1,2
SF,IF2002,2020-01-03 09:34:12.400,4185.2000,2573,0,38913660.000,0,-,-,-,-,4184.2000,4184.0000,4183.6000,4183.2000,4182.8000,4186.8000,4187.0000,4190.0000,4195.8000,4197.6000,1,1,1,1,1,1,1,6,1,2
SF,IF2002,2020-01-03 09:34:12.900,4185.2000,2573,0,38913660.000,0,-,-,-,-,4184.2000,4183.6000,4183.2000,4182.8000,4182.4000,4186.6000,4186.8000,4187.0000,4190.0000,4195.8000,1,1,1,1,1,1,1,1,6,1
SF,IF2002,2020-01-03 09:34:13.400,4185.2000,2573,0,38913660.000,0,-,-,-,-,4184.2000,4183.2000,4182.8000,4182.4000,4182.0000,4186.6000,4186.8000,4187.0000,4190.0000,4195.8000,1,1,1,1,1,1,1,1,6,1
SF,IF2002,2020-01-03 09:34:21.900,4186.6000,2573,0,40169640.000,1,0,1,多换,S,4184.2000,4183.2000,4182.8000,4182.4000,4182.0000,4186.8000,4187.0000,4190.0000,4195.8000,4197.6000,1,1,1,1,1,1,1,6,1,2
SF,IF2002,2020-01-03 09:34:22.400,4186.6000,2573,0,40169640.000,0,-,-,-,-,4184.4000,4184.2000,4183.2000,4182.8000,4182.4000,4186.8000,4187.0000,4190.0000,4195.8000,4197.6000,1,1,1,1,1,1,1,6,1,2
SF,IF2002,2020-01-03 09:34:22.900,4186.6000,2573,0,40169640.000,0,-,-,-,-,4184.6000,4184.4000,4183.2000,4182.8000,4182.4000,4187.0000,4190.0000,4195.8000,4197.6000,4198.6000,1,1,1,1,1,1,6,1,2,1
SF,IF2002,2020-01-03 09:34:23.900,4186.6000,2573,0,40169640.000,0,-,-,-,-,4184.8000,4184.6000,4184.4000,4183.2000,4182.8000,4187.0000,4190.0000,4195.8000,4197.6000,4198.6000,1,1,1,1,1,1,6,1,2,1
SF,IF2002,2020-01-03 09:34:26.900,4186.6000,2573,0,40169640.000,0,-,-,-,-,4184.8000,4184.6000,4184.4000,4183.2000,4182.8000,4186.8000,4187.0000,4190.0000,4195.8000,4197.6000,1,1,1,1,1,1,1,6,1,2
SF,IF2002,2020-01-03 09:34:27.900,4186.6000,2573,0,40169640.000,0,-,-,-,-,4184.8000,4184.6000,4184.4000,4183.2000,4182.8000,4187.0000,4190.0000,4195.8000,4197.6000,4198.6000,1,1,1,1,1,1,6,1,2,1
SF,IF2002,2020-01-03 09:34:28.400,4186.6000,2573,0,40169640.000,0,-,-,-,-,4184.8000,4184.6000,4184.4000,4183.2000,4182.8000,4186.8000,4187.0000,4190.0000,4195.8000,4197.6000,1,1,1,1,1,3,1,6,1,2
SF,IF2002,2020-01-03 09:34:28.900,4186.6000,2573,0,40169640.000,0,-,-,-,-,4184.8000,4184.4000,4183.2000,4182.8000,4182.4000,4186.8000,4187.0000,4190.0000,4195.8000,4197.6000,1,1,1,1,1,3,1,6,1,2
SF,IF2002,2020-01-03 09:34:31.900,4186.6000,2573,0,40169640.000,0,-,-,-,-,4184.8000,4184.4000,4183.2000,4182.8000,4182.4000,4186.6000,4186.8000,4187.0000,4190.0000,4195.8000,1,1,1,1,1,1,3,1,6,1
SF,IF2002,2020-01-03 09:34:33.400,4186.6000,2573,0,40169640.000,0,-,-,-,-,4184.8000,4184.4000,4183.2000,4182.8000,4182.4000,4186.8000,4187.0000,4190.0000,4195.8000,4197.6000,1,1,1,1,1,3,1,6,1,2
SF,IF2002,2020-01-03 09:34:33.900,4186.6000,2573,0,40169640.000,0,-,-,-,-,4185.0000,4184.8000,4184.4000,4183.2000,4182.8000,4186.8000,4187.0000,4190.0000,4195.8000,4197.6000,1,1,1,1,1,2,1,6,1,2
SF,IF2002,2020-01-03 09:34:35.400,4186.6000,2573,0,40169640.000,0,-,-,-,-,4185.0000,4184.8000,4184.4000,4183.2000,4182.8000,4186.8000,4187.0000,4190.0000,4195.8000,4197.6000,1,1,1,1,1,2,1,6,1,2
SF,IF2002,2020-01-03 09:34:35.900,4186.6000,2573,0,40169640.000,0,-,-,-,-,4185.2000,4185.0000,4184.8000,4184.4000,4183.2000,4186.8000,4187.0000,4190.0000,4195.8000,4197.6000,1,1,1,1,1,2,1,6,1,2
SF,IF2002,2020-01-03 09:34:36.400,4186.6000,2573,0,40169640.000,0,-,-,-,-,4185.2000,4185.0000,4184.8000,4184.4000,4183.2000,4187.0000,4190.0000,4195.8000,4197.6000,4198.6000,1,1,1,1,1,1,6,1,2,1
SF,IF2002,2020-01-03 09:34:41.400,4186.6000,2573,0,40169640.000,0,-,-,-,-,4185.2000,4185.0000,4184.8000,4184.4000,4183.2000,4187.0000,4190.0000,4195.8000,4197.6000,4198.6000,1,1,1,1,1,1,7,1,2,1
SF,IF2002,2020-01-03 09:34:41.900,4186.6000,2573,0,40169640.000,0,-,-,-,-,4185.4000,4185.0000,4184.8000,4184.4000,4183.2000,4187.0000,4190.0000,4195.8000,4197.6000,4198.6000,1,1,1,1,1,1,7,1,2,1
SF,IF2002,2020-01-03 09:34:45.900,4186.6000,2573,0,40169640.000,0,-,-,-,-,4185.4000,4185.0000,4184.8000,4184.4000,4183.2000,4187.0000,4190.0000,4195.8000,4197.6000,4198.6000,1,1,1,1,1,1,7,1,2,1
SF,IF2002,2020-01-03 09:34:57.400,4185.4000,2572,-1,41425260.000,1,0,1,双平,S,4185.0000,4184.8000,4184.4000,4183.2000,4182.8000,4187.0000,4190.0000,4195.8000,4197.6000,4198.6000,1,1,1,1,1,1,7,1,2,1
SF,IF2002,2020-01-03 09:34:57.900,4185.4000,2572,0,41425260.000,0,-,-,-,-,4185.0000,4184.8000,4184.4000,4183.2000,4182.8000,4186.8000,4187.0000,4190.0000,4195.8000,4197.6000,1,1,1,1,1,1,1,7,1,2
SF,IF2002,2020-01-03 09:34:58.400,4185.4000,2572,0,41425260.000,0,-,-,-,-,4185.0000,4184.8000,4183.2000,4182.8000,4182.4000,4186.8000,4187.0000,4190.0000,4195.8000,4197.6000,1,1,1,1,1,1,1,7,1,2
SF,IF2002,2020-01-03 09:34:58.900,4185.4000,2572,0,41425260.000,0,-,-,-,-,4185.0000,4183.2000,4182.8000,4182.4000,4182.0000,4186.8000,4187.0000,4190.0000,4195.8000,4197.6000,1,1,1,1,1,1,1,7,1,2
SF,IF2002,2020-01-03 09:34:59.400,4185.0000,2572,0,42680760.000,1,0,1,多换,S,4183.2000,4182.8000,4182.4000,4182.0000,4180.8000,4186.8000,4187.0000,4190.0000,4195.8000,4197.6000,1,1,1,1,1,1,1,7,1,2
SF,IF2002,2020-01-03 09:34:59.900,4185.0000,2572,0,42680760.000,0,-,-,-,-,4183.4000,4183.2000,4182.8000,4182.4000,4182.0000,4186.8000,4187.0000,4190.0000,4195.8000,4197.6000,5,1,1,1,1,1,1,7,1,2
SF,IF2002,2020-01-03 09:35:00.400,4185.0000,2572,0,42680760.000,0,-,-,-,-,4183.4000,4183.2000,4182.4000,4182.0000,4180.8000,4186.4000,4186.6000,4186.8000,4187.0000,4190.0000,1,1,1,1,1,1,1,1,1,7
SF,IF2002,2020-01-03 09:35:00.900,4185.0000,2572,0,42680760.000,0,-,-,-,-,4183.4000,4183.2000,4182.4000,4182.0000,4180.8000,4186.2000,4186.4000,4186.6000,4187.0000,4190.0000,1,1,1,1,1,1,1,1,1,7
SF,IF2002,2020-01-03 09:35:01.400,4185.0000,2572,0,42680760.000,0,-,-,-,-,4183.2000,4182.4000,4182.0000,4180.8000,4180.0000,4186.2000,4186.4000,4186.6000,4187.0000,4190.0000,1,1,1,1,1,1,1,1,1,7
SF,IF2002,2020-01-03 09:35:01.900,4185.0000,2572,0,42680760.000,0,-,-,-,-,4183.2000,4182.4000,4182.0000,4180.8000,4180.0000,4185.8000,4186.0000,4186.2000,4186.6000,4187.0000,1,1,1,1,1,1,1,1,1,1
SF,IF2002,2020-01-03 09:35:02.400,4185.0000,2572,0,42680760.000,0,-,-,-,-,4183.2000,4182.4000,4182.0000,4180.8000,4180.0000,4185.6000,4185.8000,4186.0000,4187.0000,4190.0000,1,1,1,1,1,1,1,2,1,7
SF,IF2002,2020-01-03 09:35:02.900,4185.0000,2572,0,42680760.000,0,-,-,-,-,4182.0000,4180.8000,4180.0000,4170.0000,4160.0000,4185.6000,4185.8000,4186.0000,4187.0000,4190.0000,1,1,1,1,2,1,1,2,1,7
SF,IF2002,2020-01-03 09:35:03.400,4185.0000,2572,0,42680760.000,0,-,-,-,-,4182.2000,4182.0000,4180.8000,4180.0000,4170.0000,4185.0000,4185.6000,4186.0000,4187.0000,4190.0000,4,1,1,1,1,1,2,2,1,7
SF,IF2002,2020-01-03 09:35:03.900,4185.0000,2572,0,42680760.000,0,-,-,-,-,4182.4000,4182.0000,4180.8000,4180.0000,4170.0000,4184.8000,4185.0000,4185.2000,4185.6000,4186.0000,1,1,1,1,1,1,1,1,1,1
SF,IF2002,2020-01-03 09:35:04.400,4185.0000,2572,0,42680760.000,0,-,-,-,-,4182.4000,4182.0000,4180.8000,4180.0000,4170.0000,4184.8000,4185.0000,4185.2000,4185.6000,4186.0000,1,1,1,1,1,1,1,1,1,1
SF,IF2002,2020-01-03 09:35:05.900,4185.0000,2572,0,42680760.000,0,-,-,-,-,4182.8000,4182.6000,4182.4000,4182.0000,4180.8000,4184.8000,4185.0000,4185.2000,4186.0000,4187.0000,4,1,1,1,1,1,1,1,1,1
SF,IF2002,2020-01-03 09:35:06.400,4185.0000,2572,0,42680760.000,0,-,-,-,-,4183.0000,4182.6000,4182.0000,4180.8000,4180.0000,4187.0000,4188.8000,4190.0000,4195.8000,4197.6000,2,1,1,1,1,1,5,7,1,2
SF,IF2002,2020-01-03 09:35:06.900,4185.0000,2572,0,42680760.000,0,-,-,-,-,4183.0000,4182.6000,4182.0000,4180.8000,4180.0000,4186.2000,4186.8000,4187.0000,4188.8000,4190.0000,2,1,1,1,1,1,1,1,5,7
SF,IF2002,2020-01-03 09:35:07.400,4185.0000,2572,0,42680760.000,0,-,-,-,-,4182.6000,4182.0000,4180.8000,4180.0000,4170.0000,4186.0000,4186.2000,4187.0000,4188.8000,4190.0000,1,1,1,1,1,1,1,1,5,7
SF,IF2002,2020-01-03 09:35:07.900,4185.0000,2572,0,42680760.000,0,-,-,-,-,4182.8000,4182.6000,4182.0000,4180.8000,4180.0000,4186.0000,4186.2000,4187.0000,4188.8000,4190.0000,1,1,1,1,1,1,1,1,5,7
SF,IF2002,2020-01-03 09:35:08.900,4185.0000,2572,0,42680760.000,0,-,-,-,-,4182.8000,4182.6000,4182.0000,4180.8000,4180.0000,4186.0000,4186.2000,4187.0000,4188.8000,4190.0000,1,1,1,1,1,2,1,1,5,7
SF,IF2002,2020-01-03 09:35:09.400,4185.0000,2572,0,42680760.000,0,-,-,-,-,4182.8000,4182.6000,4182.0000,4180.8000,4180.0000,4185.6000,4186.0000,4187.0000,4188.8000,4190.0000,1,1,1,1,1,1,2,1,5,7
SF,IF2002,2020-01-03 09:35:09.900,4185.0000,2572,0,42680760.000,0,-,-,-,-,4183.0000,4182.8000,4182.6000,4182.0000,4180.8000,4185.4000,4185.6000,4186.0000,4187.0000,4188.8000,1,1,1,1,1,1,1,1,1,5
SF,IF2002,2020-01-03 09:35:10.400,4185.0000,2572,0,42680760.000,0,-,-,-,-,4183.2000,4183.0000,4182.8000,4182.6000,4182.0000,4185.4000,4185.6000,4187.0000,4188.8000,4190.0000,1,1,1,1,1,1,1,1,5,7
SF,IF2002,2020-01-03 09:35:10.900,4185.0000,2572,0,42680760.000,0,-,-,-,-,4183.4000,4183.2000,4182.8000,4182.6000,4182.0000,4185.6000,4187.0000,4188.8000,4190.0000,4195.8000,1,1,1,1,1,1,1,5,7,1
SF,IF2002,2020-01-03 09:35:11.400,4185.6000,2571,-1,43936440.000,1,0,1,双平,S,4183.4000,4183.2000,4182.8000,4182.0000,4180.8000,4187.0000,4188.8000,4190.0000,4195.8000,4197.6000,2,2,1,1,1,1,5,7,1,2
SF,IF2002,2020-01-03 09:35:11.900,4185.6000,2571,0,43936440.000,0,-,-,-,-,4184.0000,4183.8000,4183.4000,4183.2000,4182.8000,4186.8000,4187.0000,4188.8000,4190.0000,4195.8000,4,1,2,2,1,1,1,5,7,1
SF,IF2002,2020-01-03 09:35:12.400,4185.6000,2571,0,43936440.000,0,-,-,-,-,4184.2000,4184.0000,4183.8000,4183.4000,4183.2000,4186.8000,4187.0000,4188.8000,4190.0000,4195.8000,5,4,1,1,2,1,1,5,7,1
SF,IF2002,2020-01-03 09:35:12.900,4185.6000,2571,0,43936440.000,0,-,-,-,-,4184.2000,4184.0000,4183.8000,4183.4000,4183.2000,4186.8000,4187.0000,4188.8000,4190.0000,4195.8000,4,4,1,1,1,1,1,5,7,1
SF,IF2002,2020-01-03 09:35:13.900,4185.6000,2571,0,43936440.000,0,-,-,-,-,4184.4000,4184.2000,4184.0000,4183.8000,4183.4000,4186.8000,4187.0000,4188.8000,4190.0000,4195.8000,1,4,4,1,1,1,1,5,7,1
SF,IF2002,2020-01-03 09:35:14.900,4185.6000,2571,0,43936440.000,0,-,-,-,-,4184.4000,4183.8000,4183.4000,4183.2000,4182.0000,4186.8000,4187.0000,4188.8000,4190.0000,4195.8000,1,1,1,1,1,1,1,5,7,1
SF,IF2002,2020-01-03 09:35:15.400,4185.6000,2571,0,43936440.000,0,-,-,-,-,4183.8000,4183.4000,4183.2000,4182.0000,4180.8000,4186.8000,4187.0000,4188.8000,4190.0000,4195.8000,1,1,1,1,1,1,1,5,7,1
SF,IF2002,2020-01-03 09:35:15.900,4185.6000,2571,0,43936440.000,0,-,-,-,-,4184.0000,4183.8000,4183.4000,4183.2000,4182.0000,4186.8000,4187.0000,4188.8000,4190.0000,4195.8000,2,1,1,1,1,1,1,5,7,1
SF,IF2002,2020-01-03 09:35:16.900,4185.6000,2571,0,43936440.000,0,-,-,-,-,4184.0000,4183.8000,4183.4000,4183.2000,4182.0000,4186.8000,4187.0000,4188.8000,4190.0000,4195.8000,1,1,1,1,1,1,1,5,7,1
SF,IF2002,2020-01-03 09:35:17.400,4185.6000,2571,0,43936440.000,0,-,-,-,-,4184.0000,4183.8000,4183.4000,4183.2000,4182.0000,4186.8000,4187.0000,4188.8000,4190.0000,4195.8000,1,1,1,1,1,3,1,5,7,1
SF,IF2002,2020-01-03 09:35:17.900,4185.6000,2571,0,43936440.000,0,-,-,-,-,4183.8000,4182.0000,4180.8000,4180.0000,4170.0000,4186.8000,4187.0000,4188.8000,4190.0000,4195.8000,1,1,1,1,1,3,1,5,7,1
SF,IF2002,2020-01-03 09:35:18.400,4185.6000,2571,0,43936440.000,0,-,-,-,-,4183.8000,4182.0000,4180.8000,4180.0000,4170.0000,4186.8000,4187.0000,4188.8000,4190.0000,4195.8000,1,1,1,1,1,3,1,5,7,1
SF,IF2002,2020-01-03 09:35:18.900,4185.6000,2571,0,43936440.000,0,-,-,-,-,4182.0000,4180.8000,4180.0000,4170.0000,4160.0000,4186.6000,4186.8000,4187.0000,4188.8000,4190.0000,1,1,1,1,2,1,3,1,5,7
SF,IF2002,2020-01-03 09:35:19.400,4185.6000,2571,0,43936440.000,0,-,-,-,-,4183.0000,4182.8000,4182.4000,4182.2000,4182.0000,4186.4000,4186.6000,4186.8000,4187.0000,4188.8000,4,1,1,4,1,1,1,2,1,5
SF,IF2002,2020-01-03 09:35:19.900,4185.6000,2571,0,43936440.000,0,-,-,-,-,4183.2000,4183.0000,4182.8000,4182.4000,4182.2000,4186.0000,4186.4000,4186.6000,4186.8000,4187.0000,1,4,1,1,3,1,1,1,2,1
SF,IF2002,2020-01-03 09:35:20.400,4185.6000,2571,0,43936440.000,0,-,-,-,-,4183.2000,4183.0000,4182.8000,4182.4000,4182.2000,4185.8000,4186.8000,4187.0000,4188.8000,4190.0000,1,4,1,1,3,2,2,1,5,7
SF,IF2002,2020-01-03 09:35:20.900,4185.6000,2571,0,43936440.000,0,-,-,-,-,4183.4000,4183.2000,4183.0000,4182.8000,4182.4000,4185.8000,4186.8000,4187.0000,4188.8000,4190.0000,1,1,4,1,1,2,2,1,5,7
SF,IF2002,2020-01-03 09:35:22.900,4185.8000,2571,0,45192180.000,1,0,1,多换,S,4183.4000,4183.2000,4182.8000,4182.4000,4182.2000,4185.8000,4186.8000,4187.0000,4188.8000,4190.0000,1,1,1,1,3,1,2,1,5,7
SF,IF2002,2020-01-03 09:35:23.400,4185.8000,2571,0,45192180.000,0,-,-,-,-,4183.4000,4183.2000,4182.8000,4182.4000,4182.2000,4185.6000,4185.8000,4186.8000,4187.0000,4188.8000,1,1,1,1,3,1,1,2,1,5
SF,IF2002,2020-01-03 09:35:23.900,4185.8000,2571,0,45192180.000,0,-,-,-,-,4183.6000,4183.4000,4182.8000,4182.4000,4182.2000,4185.8000,4186.8000,4187.0000,4188.8000,4190.0000,1,1,1,1,3,1,2,1,5,7
SF,IF2002,2020-01-03 09:35:24.400,4185.8000,2571,0,45192180.000,0,-,-,-,-,4183.8000,4183.6000,4183.4000,4182.8000,4182.4000,4185.8000,4186.8000,4187.0000,4188.8000,4190.0000,1,1,1,1,1,1,2,1,5,7
SF,IF2002,2020-01-03 09:35:24.900,4185.8000,2571,0,45192180.000,0,-,-,-,-,4183.8000,4183.6000,4183.4000,4182.8000,4182.4000,4186.0000,4186.8000,4187.0000,4188.8000,4190.0000,1,1,1,1,1,1,2,1,5,7
SF,IF2002,2020-01-03 09:35:25.400,4185.8000,2571,0,45192180.000,0,-,-,-,-,4183.8000,4183.6000,4183.4000,4182.8000,4182.4000,4186.8000,4187.0000,4188.8000,4190.0000,4195.8000,1,1,1,1,1,2,1,5,7,1
SF,IF2002,2020-01-03 09:35:25.900,4185.8000,2571,0,45192180.000,0,-,-,-,-,4183.8000,4183.6000,4183.4000,4182.8000,4182.4000,4186.6000,4186.8000,4187.0000,4188.8000,4190.0000,1,1,1,1,1,1,2,1,5,7
SF,IF2002,2020-01-03 09:35:26.400,4185.8000,2571,0,45192180.000,0,-,-,-,-,4183.8000,4182.8000,4182.4000,4182.2000,4182.0000,4186.0000,4186.6000,4186.8000,4187.0000,4188.8000,1,1,1,3,1,1,1,2,1,5
SF,IF2002,2020-01-03 09:35:26.900,4185.8000,2571,0,45192180.000,0,-,-,-,-,4182.2000,4182.0000,4180.8000,4180.0000,4170.0000,4186.6000,4186.8000,4187.0000,4188.8000,4190.0000,3,1,1,1,1,1,2,1,5,7
SF,IF2002,2020-01-03 09:35:27.400,4185.8000,2571,0,45192180.000,0,-,-,-,-,4182.6000,4182.4000,4182.2000,4182.0000,4180.8000,4185.8000,4186.0000,4186.6000,4186.8000,4187.0000,5,2,3,1,1,1,1,1,2,1
SF,IF2002,2020-01-03 09:35:27.900,4185.8000,2571,0,45192180.000,0,-,-,-,-,4182.8000,4182.4000,4182.0000,4180.8000,4180.0000,4185.6000,4185.8000,4186.0000,4186.8000,4187.0000,1,1,1,1,1,1,1,1,2,1
SF,IF2002,2020-01-03 09:35:28.400,4185.8000,2571,0,45192180.000,0,-,-,-,-,4182.0000,4180.8000,4180.0000,4170.0000,4160.0000,4185.4000,4185.6000,4185.8000,4186.0000,4186.8000,1,1,1,1,2,2,1,1,1,2
SF,IF2002,2020-01-03 09:35:28.900,4185.8000,2571,0,45192180.000,0,-,-,-,-,4182.4000,4182.2000,4182.0000,4180.8000,4180.0000,4185.2000,4185.4000,4185.8000,4186.0000,4186.8000,1,2,1,1,1,1,2,1,1,2
SF,IF2002,2020-01-03 09:35:29.400,4185.8000,2571,0,45192180.000,0,-,-,-,-,4182.6000,4182.4000,4182.2000,4182.0000,4180.8000,4185.2000,4185.4000,4185.8000,4186.0000,4186.8000,1,1,1,1,1,1,2,1,1,2
SF,IF2002,2020-01-03 09:35:29.900,4185.8000,2571,0,45192180.000,0,-,-,-,-,4182.4000,4182.2000,4182.0000,4180.8000,4180.0000,4185.2000,4185.4000,4185.8000,4186.0000,4186.8000,1,1,1,1,1,1,2,1,1,2
SF,IF2002,2020-01-03 09:35:30.400,4185.8000,2571,0,45192180.000,0,-,-,-,-,4182.4000,4182.0000,4180.8000,4180.0000,4170.0000,4185.0000,4185.2000,4185.4000,4185.8000,4186.0000,1,1,1,1,1,1,1,2,1,1
SF,IF2002,2020-01-03 09:35:30.900,4185.8000,2571,0,45192180.000,0,-,-,-,-,4182.4000,4182.0000,4180.8000,4180.0000,4170.0000,4184.8000,4185.0000,4185.4000,4186.0000,4186.8000,1,1,1,1,1,1,1,2,1,2
SF,IF2002,2020-01-03 09:35:31.400,4185.8000,2571,0,45192180.000,0,-,-,-,-,4182.0000,4180.8000,4180.0000,4170.0000,4160.0000,4184.6000,4184.8000,4185.0000,4185.4000,4186.0000,1,1,1,1,2,2,2,1,2,1
SF,IF2002,2020-01-03 09:35:31.900,4185.8000,2571,0,45192180.000,0,-,-,-,-,4182.2000,4182.0000,4180.8000,4180.0000,4170.0000,4184.4000,4184.6000,4184.8000,4185.0000,4185.4000,1,1,1,1,1,1,2,1,1,2
SF,IF2002,2020-01-03 09:35:32.400,4185.8000,2571,0,45192180.000,0,-,-,-,-,4182.4000,4182.2000,4182.0000,4180.8000,4180.0000,4184.6000,4184.8000,4185.4000,4186.0000,4186.8000,1,1,1,1,1,2,1,2,1,2
SF,IF2002,2020-01-03 09:35:32.900,4184.6000,2570,-1,46447560.000,1,0,1,双平,S,4182.6000,4182.4000,4182.2000,4182.0000,4180.8000,4184.6000,4184.8000,4185.4000,4186.0000,4186.8000,1,1,1,1,1,1,1,2,1,2
SF,IF2002,2020-01-03 09:35:33.400,4184.6000,2570,0,46447560.000,0,-,-,-,-,4182.8000,4182.6000,4182.2000,4182.0000,4180.8000,4185.4000,4186.0000,4186.8000,4187.0000,4188.8000,1,1,1,1,1,2,1,2,1,5
SF,IF2002,2020-01-03 09:35:33.900,4184.6000,2570,0,46447560.000,0,-,-,-,-,4182.8000,4182.6000,4182.2000,4182.0000,4180.8000,4185.2000,4185.4000,4186.0000,4186.8000,4187.0000,1,1,1,1,1,1,2,1,2,1
SF,IF2002,2020-01-03 09:35:34.900,4184.6000,2570,0,46447560.000,0,-,-,-,-,4182.8000,4182.6000,4182.0000,4180.8000,4180.0000,4185.2000,4185.4000,4186.0000,4186.8000,4187.0000,1,1,1,1,1,1,2,1,2,1
SF,IF2002,2020-01-03 09:35:35.400,4184.6000,2570,0,46447560.000,0,-,-,-,-,4183.0000,4182.0000,4180.8000,4180.0000,4170.0000,4185.2000,4185.4000,4186.0000,4186.8000,4187.0000,1,1,1,1,1,1,2,1,2,1
SF,IF2002,2020-01-03 09:35:36.400,4183.0000,2569,-1,47702460.000,1,0,1,双平,S,4182.0000,4180.8000,4180.0000,4170.0000,4160.0000,4185.2000,4185.4000,4186.0000,4186.8000,4187.0000,1,1,1,1,2,1,2,1,2,1
SF,IF2002,2020-01-03 09:35:36.900,4183.0000,2569,0,47702460.000,0,-,-,-,-,4182.8000,4182.4000,4182.2000,4182.0000,4180.8000,4185.2000,4185.4000,4186.0000,4186.8000,4187.0000,1,1,3,1,1,1,2,1,2,1
SF,IF2002,2020-01-03 09:35:37.400,4183.0000,2569,0,47702460.000,0,-,-,-,-,4183.0000,4182.8000,4182.4000,4182.2000,4182.0000,4185.2000,4185.4000,4186.0000,4186.8000,4187.0000,1,1,1,2,1,1,2,1,2,1
SF,IF2002,2020-01-03 09:35:38.400,4183.0000,2569,0,47702460.000,0,-,-,-,-,4183.2000,4183.0000,4182.8000,4182.4000,4182.2000,4185.2000,4185.4000,4186.0000,4186.8000,4187.0000,1,1,1,1,2,1,2,1,2,1
SF,IF2002,2020-01-03 09:35:39.400,4183.0000,2569,0,47702460.000,0,-,-,-,-,4183.2000,4183.0000,4182.8000,4182.4000,4182.0000,4185.2000,4185.4000,4186.0000,4186.8000,4187.0000,1,1,1,1,1,1,2,1,2,1
SF,IF2002,2020-01-03 09:35:39.900,4185.2000,2569,0,48958020.000,1,0,1,多换,S,4183.2000,4183.0000,4182.8000,4182.4000,4182.0000,4185.4000,4186.0000,4186.8000,4187.0000,4188.8000,1,1,1,1,1,2,1,2,1,5
SF,IF2002,2020-01-03 09:35:40.400,4185.2000,2569,0,48958020.000,0,-,-,-,-,4183.4000,4183.2000,4182.8000,4182.4000,4182.0000,4185.2000,4185.4000,4186.0000,4186.8000,4187.0000,1,1,1,1,1,1,2,1,2,1
SF,IF2002,2020-01-03 09:35:40.900,4185.2000,2569,0,48958020.000,0,-,-,-,-,4183.4000,4182.8000,4182.4000,4182.0000,4180.8000,4185.2000,4185.4000,4186.0000,4186.8000,4187.0000,1,1,1,1,1,1,2,1,2,1
SF,IF2002,2020-01-03 09:35:41.400,4185.2000,2569,0,48958020.000,0,-,-,-,-,4183.4000,4182.8000,4182.4000,4182.0000,4180.8000,4185.4000,4186.0000,4186.8000,4187.0000,4188.8000,1,1,1,1,1,2,1,2,1,5
SF,IF2002,2020-01-03 09:35:42.900,4185.2000,2569,0,48958020.000,0,-,-,-,-,4183.4000,4182.8000,4182.4000,4182.0000,4180.8000,4185.4000,4186.0000,4186.2000,4186.8000,4187.0000,1,1,1,1,1,2,1,1,2,1
SF,IF2002,2020-01-03 09:35:44.400,4185.2000,2569,0,48958020.000,0,-,-,-,-,4183.4000,4182.0000,4180.8000,4180.0000,4170.0000,4185.4000,4185.6000,4186.0000,4186.2000,4186.8000,1,1,1,1,1,2,1,1,1,2
SF,IF2002,2020-01-03 09:35:44.900,4185.2000,2569,0,48958020.000,0,-,-,-,-,4182.0000,4180.8000,4180.0000,4170.0000,4160.0000,4185.2000,4185.4000,4185.6000,4186.0000,4186.2000,1,1,1,1,2,1,2,1,1,1
SF,IF2002,2020-01-03 09:35:45.400,4185.2000,2569,0,48958020.000,0,-,-,-,-,4182.2000,4182.0000,4180.8000,4180.0000,4170.0000,4185.0000,4185.2000,4185.4000,4185.6000,4186.0000,1,1,1,1,1,1,1,2,1,1
SF,IF2002,2020-01-03 09:35:45.900,4185.2000,2569,0,48958020.000,0,-,-,-,-,4182.2000,4182.0000,4180.8000,4180.0000,4170.0000,4185.0000,4185.2000,4185.4000,4186.0000,4186.2000,1,1,1,1,1,1,1,2,1,1
SF,IF2002,2020-01-03 09:35:46.400,4185.2000,2569,0,48958020.000,0,-,-,-,-,4182.2000,4182.0000,4180.8000,4180.0000,4170.0000,4185.0000,4185.4000,4186.0000,4186.2000,4186.8000,1,1,1,1,1,1,2,1,1,2
SF,IF2002,2020-01-03 09:35:46.900,4185.2000,2569,0,48958020.000,0,-,-,-,-,4182.4000,4182.2000,4182.0000,4180.8000,4180.0000,4184.8000,4185.4000,4186.0000,4186.2000,4186.8000,1,1,1,1,1,1,2,1,1,2
SF,IF2002,2020-01-03 09:35:47.400,4185.2000,2569,0,48958020.000,0,-,-,-,-,4182.6000,4182.4000,4182.0000,4180.8000,4180.0000,4184.8000,4185.4000,4186.0000,4186.2000,4186.8000,1,2,1,1,1,1,2,1,1,2
SF,IF2002,2020-01-03 09:35:47.900,4185.2000,2569,0,48958020.000,0,-,-,-,-,4182.6000,4182.0000,4180.8000,4180.0000,4170.0000,4184.6000,4184.8000,4185.4000,4186.0000,4186.2000,1,1,1,1,1,1,1,2,1,1
SF,IF2002,2020-01-03 09:35:48.400,4185.2000,2569,0,48958020.000,0,-,-,-,-,4182.0000,4180.8000,4180.0000,4170.0000,4160.0000,4184.4000,4184.6000,4184.8000,4185.4000,4186.0000,1,1,1,1,2,1,1,1,2,1
SF,IF2002,2020-01-03 09:35:48.900,4185.2000,2569,0,48958020.000,0,-,-,-,-,4182.0000,4180.8000,4180.0000,4170.0000,4160.0000,4184.4000,4184.6000,4185.4000,4186.0000,4186.2000,1,1,1,1,2,1,1,2,1,1
SF,IF2002,2020-01-03 09:35:49.400,4185.2000,2569,0,48958020.000,0,-,-,-,-,4182.0000,4180.8000,4180.0000,4170.0000,4160.0000,4184.4000,4184.6000,4185.4000,4186.0000,4186.2000,1,1,1,1,2,1,1,2,1,1
SF,IF2002,2020-01-03 09:35:49.900,4185.2000,2569,0,48958020.000,0,-,-,-,-,4182.2000,4182.0000,4180.8000,4180.0000,4170.0000,4184.4000,4184.6000,4185.4000,4186.0000,4186.2000,1,1,1,1,1,1,1,2,1,1
SF,IF2002,2020-01-03 09:35:50.400,4185.2000,2569,0,48958020.000,0,-,-,-,-,4182.2000,4182.0000,4180.8000,4180.0000,4170.0000,4184.2000,4184.4000,4184.6000,4185.4000,4186.0000,1,1,1,1,1,1,1,1,2,1
SF,IF2002,2020-01-03 09:35:50.900,4185.2000,2569,0,48958020.000,0,-,-,-,-,4182.2000,4182.0000,4180.8000,4180.0000,4170.0000,4184.2000,4184.4000,4185.4000,4186.0000,4186.2000,1,1,1,1,1,1,1,2,1,1
SF,IF2002,2020-01-03 09:35:51.400,4185.2000,2569,0,48958020.000,0,-,-,-,-,4182.2000,4182.0000,4180.8000,4180.0000,4170.0000,4184.2000,4185.4000,4186.0000,4186.2000,4186.8000,1,1,1,1,1,1,2,1,1,2
SF,IF2002,2020-01-03 09:35:52.400,4185.2000,2569,0,48958020.000,0,-,-,-,-,4182.2000,4182.0000,4180.8000,4180.0000,4170.0000,4185.4000,4186.0000,4186.2000,4186.8000,4187.0000,1,1,1,1,1,2,1,1,2,1
SF,IF2002,2020-01-03 09:35:52.900,4185.2000,2569,0,48958020.000,0,-,-,-,-,4182.4000,4182.2000,4182.0000,4180.8000,4180.0000,4185.2000,4185.4000,4185.6000,4186.0000,4186.2000,1,1,1,1,1,1,2,1,1,1
SF,IF2002,2020-01-03 09:35:53.400,4185.2000,2569,0,48958020.000,0,-,-,-,-,4182.6000,4182.4000,4182.0000,4180.8000,4180.0000,4185.4000,4185.6000,4186.0000,4186.2000,4186.8000,1,1,1,1,1,2,1,1,1,2
SF,IF2002,2020-01-03 09:35:54.400,4185.2000,2569,0,48958020.000,0,-,-,-,-,4182.6000,4182.4000,4182.0000,4180.8000,4180.0000,4185.4000,4185.6000,4186.0000,4186.8000,4187.0000,1,1,1,1,1,2,1,1,2,1
SF,IF2002,2020-01-03 09:35:54.900,4185.2000,2569,0,48958020.000,0,-,-,-,-,4182.6000,4182.0000,4180.8000,4180.0000,4170.0000,4185.2000,4185.4000,4185.6000,4186.0000,4186.8000,1,1,1,1,1,6,2,1,1,2
SF,IF2002,2020-01-03 09:35:55.400,4185.2000,2569,0,48958020.000,0,-,-,-,-,4182.6000,4182.0000,4180.8000,4180.0000,4170.0000,4184.8000,4185.2000,4185.4000,4185.6000,4186.0000,1,1,1,1,1,1,7,2,1,1
SF,IF2002,2020-01-03 09:35:55.900,4185.2000,2569,0,48958020.000,0,-,-,-,-,4182.0000,4180.8000,4180.0000,4170.0000,4160.0000,4184.6000,4184.8000,4185.2000,4185.4000,4185.6000,1,1,1,1,2,1,1,6,2,1
SF,IF2002,2020-01-03 09:35:56.400,4185.2000,2569,0,48958020.000,0,-,-,-,-,4182.2000,4182.0000,4180.8000,4180.0000,4170.0000,4184.4000,4184.6000,4185.2000,4185.4000,4185.6000,1,1,1,1,1,1,1,5,2,1
SF,IF2002,2020-01-03 09:35:56.900,4185.2000,2569,0,48958020.000,0,-,-,-,-,4182.2000,4182.0000,4180.8000,4180.0000,4170.0000,4184.4000,4184.6000,4185.2000,4185.4000,4185.6000,1,1,1,1,1,2,1,4,2,1
SF,IF2002,2020-01-03 09:35:57.400,4185.2000,2569,0,48958020.000,0,-,-,-,-,4182.0000,4180.8000,4180.0000,4170.0000,4160.0000,4184.2000,4184.4000,4185.2000,4185.4000,4185.6000,1,1,1,1,2,2,2,4,2,1
SF,IF2002,2020-01-03 09:35:57.900,4185.2000,2569,0,48958020.000,0,-,-,-,-,4182.0000,4180.8000,4180.0000,4170.0000,4160.0000,4184.2000,4184.4000,4185.2000,4185.4000,4185.6000,1,1,1,1,2,3,1,4,2,1
SF,IF2002,2020-01-03 09:35:58.400,4185.2000,2569,0,48958020.000,0,-,-,-,-,4182.0000,4180.8000,4180.0000,4170.0000,4160.0000,4184.2000,4184.4000,4185.2000,4185.4000,4185.6000,1,1,1,1,2,2,1,3,2,1
SF,IF2002,2020-01-03 09:35:58.900,4185.2000,2569,0,48958020.000,0,-,-,-,-,4182.2000,4182.0000,4180.8000,4180.0000,4170.0000,4184.0000,4184.4000,4185.2000,4185.4000,4185.6000,2,1,1,1,1,1,1,3,2,1
SF,IF2002,2020-01-03 09:35:59.400,4184.0000,2568,-1,50213220.000,1,0,1,双平,S,4182.2000,4182.0000,4180.8000,4180.0000,4170.0000,4185.2000,4185.4000,4185.6000,4186.0000,4186.8000,2,1,1,1,1,3,2,1,1,2
SF,IF2002,2020-01-03 09:35:59.900,4184.0000,2568,0,50213220.000,0,-,-,-,-,4182.2000,4182.0000,4180.8000,4180.0000,4170.0000,4185.4000,4185.6000,4186.0000,4186.8000,4187.0000,2,1,1,1,1,2,1,1,2,1
SF,IF2002,2020-01-03 09:36:00.400,4184.0000,2568,0,50213220.000,0,-,-,-,-,4182.4000,4182.2000,4182.0000,4180.8000,4180.0000,4185.4000,4186.8000,4187.0000,4188.8000,4190.0000,1,2,1,1,1,2,2,1,5,7
SF,IF2002,2020-01-03 09:36:00.900,4184.0000,2568,0,50213220.000,0,-,-,-,-,4182.6000,4182.4000,4182.2000,4182.0000,4180.8000,4185.4000,4186.8000,4187.0000,4188.8000,4190.0000,1,1,1,1,1,2,2,1,5,7
SF,IF2002,2020-01-03 09:36:01.400,4184.0000,2568,0,50213220.000,0,-,-,-,-,4182.6000,4182.2000,4182.0000,4180.8000,4180.0000,4185.2000,4185.4000,4185.6000,4186.8000,4187.0000,1,1,1,1,1,1,2,1,2,1
SF,IF2002,2020-01-03 09:36:01.900,4184.0000,2568,0,50213220.000,0,-,-,-,-,4183.2000,4182.6000,4182.0000,4180.8000,4180.0000,4185.0000,4185.2000,4185.4000,4185.6000,4186.8000,1,1,1,1,1,1,1,2,1,2
SF,IF2002,2020-01-03 09:36:02.400,4184.0000,2568,0,50213220.000,0,-,-,-,-,4183.2000,4182.0000,4180.8000,4180.0000,4170.0000,4184.8000,4185.0000,4185.4000,4185.6000,4186.8000,1,1,1,1,1,1,1,2,1,2
SF,IF2002,2020-01-03 09:36:02.900,4184.0000,2568,0,50213220.000,0,-,-,-,-,4183.2000,4182.0000,4180.8000,4180.0000,4170.0000,4184.8000,4185.0000,4185.4000,4185.6000,4186.8000,1,1,1,1,1,1,1,2,1,2
SF,IF2002,2020-01-03 09:36:03.400,4184.0000,2568,0,50213220.000,0,-,-,-,-,4183.2000,4182.0000,4180.8000,4180.0000,4170.0000,4184.8000,4185.4000,4185.6000,4186.8000,4187.0000,1,1,1,1,1,1,2,1,2,1
SF,IF2002,2020-01-03 09:36:03.900,4184.0000,2568,0,50213220.000,0,-,-,-,-,4183.2000,4182.0000,4180.8000,4180.0000,4170.0000,4185.4000,4185.6000,4186.8000,4187.0000,4188.8000,1,1,1,1,1,2,1,2,1,5
SF,IF2002,2020-01-03 09:36:04.400,4184.0000,2568,0,50213220.000,0,-,-,-,-,4183.4000,4183.2000,4182.0000,4180.8000,4180.0000,4185.4000,4185.6000,4186.8000,4187.0000,4188.8000,2,1,1,1,1,2,1,2,1,5
SF,IF2002,2020-01-03 09:36:05.400,4184.0000,2568,0,50213220.000,0,-,-,-,-,4183.4000,4183.2000,4182.0000,4180.8000,4180.0000,4185.2000,4185.4000,4186.8000,4187.0000,4188.8000,2,1,1,1,1,1,2,2,1,5
SF,IF2002,2020-01-03 09:36:05.900,4184.0000,2568,0,50213220.000,0,-,-,-,-,4183.4000,4183.2000,4182.0000,4180.8000,4180.0000,4185.4000,4186.8000,4187.0000,4188.8000,4190.0000,1,1,1,1,1,2,2,1,5,7
SF,IF2002,2020-01-03 09:36:06.400,4184.0000,2568,0,50213220.000,0,-,-,-,-,4183.4000,4183.2000,4182.0000,4180.8000,4180.0000,4185.4000,4186.8000,4187.0000,4188.8000,4190.0000,1,1,1,1,1,2,2,1,5,7
SF,IF2002,2020-01-03 09:36:08.400,4184.0000,2568,0,50213220.000,0,-,-,-,-,4183.4000,4183.2000,4182.0000,4180.8000,4180.0000,4186.8000,4187.0000,4188.8000,4190.0000,4195.8000,1,1,1,1,1,2,1,5,7,1
SF,IF2002,2020-01-03 09:36:08.900,4184.0000,2568,0,50213220.000,0,-,-,-,-,4183.4000,4182.0000,4180.8000,4180.0000,4170.0000,4186.0000,4186.4000,4186.6000,4186.8000,4187.0000,2,1,1,1,1,1,3,2,2,1
SF,IF2002,2020-01-03 09:36:09.400,4184.0000,2568,0,50213220.000,0,-,-,-,-,4183.4000,4182.0000,4180.8000,4180.0000,4170.0000,4185.8000,4186.0000,4186.4000,4186.6000,4186.8000,2,1,1,1,1,1,2,3,1,2
SF,IF2002,2020-01-03 09:36:09.900,4183.4000,2568,0,51468240.000,1,0,1,多换,S,4183.4000,4182.0000,4180.8000,4180.0000,4170.0000,4185.8000,4186.4000,4186.6000,4186.8000,4187.0000,1,1,1,1,1,1,3,1,2,1
SF,IF2002,2020-01-03 09:36:10.400,4183.4000,2568,0,51468240.000,0,-,-,-,-,4183.4000,4182.0000,4180.8000,4180.0000,4170.0000,4185.6000,4185.8000,4186.6000,4186.8000,4187.0000,1,1,1,1,1,1,1,1,2,1
SF,IF2002,2020-01-03 09:36:11.900,4183.4000,2568,0,51468240.000,0,-,-,-,-,4183.4000,4182.0000,4180.8000,4180.0000,4170.0000,4185.8000,4186.6000,4186.8000,4187.0000,4188.8000,1,1,1,1,1,1,1,2,1,5
SF,IF2002,2020-01-03 09:36:12.900,4183.4000,2568,0,51468240.000,0,-,-,-,-,4183.4000,4182.0000,4180.8000,4180.0000,4170.0000,4185.8000,4186.0000,4186.6000,4186.8000,4187.0000,1,1,1,1,1,1,1,1,2,1
SF,IF2002,2020-01-03 09:36:13.400,4183.4000,2568,0,51468240.000,0,-,-,-,-,4183.4000,4182.0000,4180.8000,4180.0000,4170.0000,4185.8000,4186.0000,4186.6000,4186.8000,4187.0000,1,1,1,1,1,1,1,1,2,1
SF,IF2002,2020-01-03 09:36:13.900,4183.4000,2568,0,51468240.000,0,-,-,-,-,4183.4000,4182.0000,4180.8000,4180.0000,4170.0000,4185.8000,4186.0000,4186.6000,4186.8000,4187.0000,1,1,1,1,1,1,1,1,2,1
SF,IF2002,2020-01-03 09:36:14.400,4183.4000,2568,0,51468240.000,0,-,-,-,-,4183.4000,4182.0000,4180.8000,4180.0000,4170.0000,4185.6000,4185.8000,4186.0000,4186.6000,4186.8000,1,1,1,1,1,1,1,2,1,2
SF,IF2002,2020-01-03 09:36:14.900,4183.4000,2568,0,51468240.000,0,-,-,-,-,4183.4000,4182.0000,4180.8000,4180.0000,4170.0000,4185.4000,4185.6000,4186.0000,4186.6000,4186.8000,1,1,1,1,1,1,2,2,1,2
SF,IF2002,2020-01-03 09:36:15.400,4183.4000,2568,0,51468240.000,0,-,-,-,-,4183.4000,4182.0000,4180.8000,4180.0000,4170.0000,4185.4000,4185.6000,4186.0000,4186.6000,4186.8000,1,1,1,1,1,1,2,2,1,2
SF,IF2002,2020-01-03 09:36:15.900,4183.4000,2567,-1,52723260.000,1,0,1,双平,S,4182.0000,4180.8000,4180.0000,4170.0000,4160.0000,4185.4000,4185.6000,4186.0000,4186.8000,4187.0000,1,1,1,1,2,1,2,2,2,1
SF,IF2002,2020-01-03 09:36:16.400,4183.4000,2567,0,52723260.000,0,-,-,-,-,4182.2000,4182.0000,4180.8000,4180.0000,4170.0000,4185.2000,4185.4000,4185.6000,4186.0000,4186.8000,1,1,1,1,1,1,1,2,2,2
SF,IF2002,2020-01-03 09:36:16.900,4183.4000,2567,0,52723260.000,0,-,-,-,-,4182.2000,4182.0000,4180.8000,4180.0000,4170.0000,4185.2000,4185.4000,4185.6000,4186.8000,4187.0000,1,1,1,1,1,1,1,1,2,1
SF,IF2002,2020-01-03 09:36:17.400,4183.4000,2567,0,52723260.000,0,-,-,-,-,4182.4000,4182.2000,4182.0000,4180.8000,4180.0000,4185.0000,4185.6000,4186.8000,4187.0000,4188.8000,1,1,1,1,1,1,1,2,1,5
SF,IF2002,2020-01-03 09:36:17.900,4183.4000,2567,0,52723260.000,0,-,-,-,-,4182.6000,4182.4000,4182.0000,4180.8000,4180.0000,4185.6000,4186.8000,4187.0000,4188.8000,4190.0000,1,2,1,1,1,1,2,1,5,7
SF,IF2002,2020-01-03 09:36:18.400,4183.4000,2567,0,52723260.000,0,-,-,-,-,4182.6000,4182.4000,4182.0000,4180.8000,4180.0000,4185.4000,4185.6000,4186.8000,4187.0000,4188.8000,2,1,1,1,1,1,1,2,1,5
SF,IF2002,2020-01-03 09:36:18.900,4183.4000,2567,0,52723260.000,0,-,-,-,-,4182.8000,4182.6000,4182.0000,4180.8000,4180.0000,4185.4000,4185.6000,4186.8000,4187.0000,4188.8000,1,1,1,1,1,1,1,2,1,5
SF,IF2002,2020-01-03 09:36:19.400,4183.4000,2567,0,52723260.000,0,-,-,-,-,4183.0000,4182.8000,4182.0000,4180.8000,4180.0000,4185.4000,4185.6000,4186.8000,4187.0000,4188.8000,1,1,1,1,1,1,1,2,1,5
SF,IF2002,2020-01-03 09:36:19.900,4183.4000,2567,0,52723260.000,0,-,-,-,-,4183.0000,4182.8000,4182.0000,4180.8000,4180.0000,4185.2000,4185.4000,4185.6000,4186.8000,4187.0000,1,1,1,1,1,1,1,1,2,1
SF,IF2002,2020-01-03 09:36:20.400,4183.4000,2567,0,52723260.000,0,-,-,-,-,4183.0000,4182.0000,4180.8000,4180.0000,4170.0000,4185.2000,4185.4000,4185.6000,4186.8000,4187.0000,1,1,1,1,1,1,1,1,2,1
SF,IF2002,2020-01-03 09:36:20.900,4183.4000,2567,0,52723260.000,0,-,-,-,-,4183.2000,4183.0000,4182.0000,4180.8000,4180.0000,4185.2000,4185.4000,4185.6000,4186.8000,4187.0000,4,1,1,1,1,1,1,1,2,1
SF,IF2002,2020-01-03 09:36:21.400,4183.4000,2567,0,52723260.000,0,-,-,-,-,4183.4000,4182.0000,4180.8000,4180.0000,4170.0000,4185.2000,4185.4000,4185.6000,4186.8000,4187.0000,2,1,1,1,1,1,1,1,2,1
SF,IF2002,2020-01-03 09:36:21.900,4183.4000,2567,0,52723260.000,0,-,-,-,-,4183.4000,4182.0000,4180.8000,4180.0000,4170.0000,4185.2000,4185.4000,4185.6000,4186.0000,4186.8000,2,1,1,1,1,1,1,1,1,2
SF,IF2002,2020-01-03 09:36:22.400,4183.4000,2567,0,52723260.000,0,-,-,-,-,4183.4000,4182.0000,4180.8000,4180.0000,4170.0000,4185.2000,4185.4000,4186.0000,4186.8000,4187.0000,1,1,1,1,1,1,1,1,2,1
SF,IF2002,2020-01-03 09:36:22.900,4183.4000,2567,0,52723260.000,0,-,-,-,-,4183.4000,4182.0000,4180.8000,4180.0000,4170.0000,4185.4000,4186.0000,4186.8000,4187.0000,4188.8000,1,1,1,1,1,1,1,2,1,5
SF,IF2002,2020-01-03 09:36:23.400,4183.4000,2567,0,52723260.000,0,-,-,-,-,4182.0000,4180.8000,4180.0000,4170.0000,4160.0000,4185.4000,4186.0000,4186.8000,4187.0000,4188.8000,1,1,1,1,2,1,1,2,1,5
SF,IF2002,2020-01-03 09:36:23.900,4183.4000,2567,0,52723260.000,0,-,-,-,-,4182.8000,4182.6000,4182.4000,4182.2000,4182.0000,4186.0000,4186.8000,4187.0000,4188.8000,4190.0000,1,4,1,6,1,1,2,1,5,7
SF,IF2002,2020-01-03 09:36:24.400,4183.4000,2567,0,52723260.000,0,-,-,-,-,4183.0000,4182.8000,4182.6000,4182.4000,4182.2000,4185.8000,4186.0000,4186.8000,4187.0000,4188.8000,1,1,4,1,5,1,1,2,1,5
SF,IF2002,2020-01-03 09:36:24.900,4183.4000,2567,0,52723260.000,0,-,-,-,-,4183.0000,4182.8000,4182.6000,4182.4000,4182.2000,4185.6000,4185.8000,4186.0000,4186.8000,4187.0000,1,1,4,1,4,1,1,2,2,1
SF,IF2002,2020-01-03 09:36:25.400,4183.4000,2567,0,52723260.000,0,-,-,-,-,4183.0000,4182.8000,4182.4000,4182.2000,4182.0000,4185.6000,4185.8000,4186.0000,4186.8000,4187.0000,2,1,1,4,1,1,1,1,2,1
SF,IF2002,2020-01-03 09:36:25.900,4183.4000,2567,0,52723260.000,0,-,-,-,-,4183.2000,4183.0000,4182.8000,4182.4000,4182.2000,4185.4000,4185.6000,4186.0000,4186.8000,4187.0000,1,2,1,1,4,1,1,1,2,1
SF,IF2002,2020-01-03 09:36:26.400,4183.4000,2567,0,52723260.000,0,-,-,-,-,4183.2000,4183.0000,4182.8000,4182.4000,4182.2000,4185.4000,4186.0000,4186.8000,4187.0000,4188.8000,1,2,1,1,4,1,1,2,1,5
SF,IF2002,2020-01-03 09:36:26.900,4183.4000,2567,0,52723260.000,0,-,-,-,-,4183.4000,4183.2000,4183.0000,4182.8000,4182.4000,4186.0000,4186.8000,4187.0000,4188.8000,4190.0000,1,1,1,1,1,1,2,1,5,7
SF,IF2002,2020-01-03 09:36:27.400,4183.4000,2567,0,52723260.000,0,-,-,-,-,4183.4000,4183.0000,4182.8000,4182.4000,4182.0000,4185.8000,4186.0000,4186.8000,4187.0000,4188.8000,1,1,1,1,1,2,1,2,1,5
SF,IF2002,2020-01-03 09:36:27.900,4183.4000,2567,0,52723260.000,0,-,-,-,-,4183.4000,4183.0000,4182.8000,4182.4000,4182.0000,4185.8000,4186.0000,4186.8000,4187.0000,4188.8000,1,1,1,1,1,2,2,2,1,5
SF,IF2002,2020-01-03 09:36:28.400,4183.4000,2567,0,52723260.000,0,-,-,-,-,4183.0000,4182.8000,4182.4000,4182.0000,4180.8000,4185.6000,4185.8000,4186.0000,4186.8000,4187.0000,1,1,1,1,1,2,1,2,2,1
SF,IF2002,2020-01-03 09:36:28.900,4183.4000,2567,0,52723260.000,0,-,-,-,-,4183.0000,4182.8000,4182.4000,4182.0000,4180.8000,4185.4000,4185.6000,4186.0000,4186.8000,4187.0000,1,1,1,1,1,2,2,2,2,1
SF,IF2002,2020-01-03 09:36:29.400,4183.4000,2567,0,52723260.000,0,-,-,-,-,4183.0000,4182.0000,4180.8000,4180.0000,4170.0000,4185.4000,4185.6000,4186.0000,4186.8000,4187.0000,1,1,1,1,1,2,3,2,2,1
SF,IF2002,2020-01-03 09:36:29.900,4183.4000,2567,0,52723260.000,0,-,-,-,-,4183.0000,4182.0000,4180.8000,4180.0000,4170.0000,4185.4000,4185.6000,4186.0000,4186.8000,4187.0000,1,1,1,1,1,2,3,2,2,1
SF,IF2002,2020-01-03 09:36:30.400,4183.4000,2567,0,52723260.000,0,-,-,-,-,4183.0000,4182.0000,4180.8000,4180.0000,4170.0000,4185.2000,4185.4000,4185.6000,4186.0000,4186.8000,1,1,1,1,1,1,2,3,2,2
SF,IF2002,2020-01-03 09:36:30.900,4183.4000,2567,0,52723260.000,0,-,-,-,-,4183.0000,4182.0000,4180.8000,4180.0000,4170.0000,4185.0000,4185.2000,4185.4000,4185.6000,4186.0000,1,1,1,1,1,1,2,1,3,2
SF,IF2002,2020-01-03 09:36:31.400,4183.4000,2567,0,52723260.000,0,-,-,-,-,4183.0000,4182.0000,4180.8000,4180.0000,4170.0000,4185.0000,4185.2000,4185.4000,4185.6000,4186.0000,1,1,1,1,1,1,2,1,3,2
SF,IF2002,2020-01-03 09:36:31.900,4183.4000,2567,0,52723260.000,0,-,-,-,-,4183.0000,4182.0000,4180.8000,4180.0000,4170.0000,4184.8000,4185.0000,4185.4000,4185.6000,4186.0000,1,1,1,1,1,1,1,1,3,2
SF,IF2002,2020-01-03 09:36:32.400,4183.4000,2567,0,52723260.000,0,-,-,-,-,4183.0000,4182.0000,4180.8000,4180.0000,4170.0000,4184.6000,4184.8000,4185.4000,4185.6000,4186.0000,1,1,1,1,1,1,1,1,3,2
SF,IF2002,2020-01-03 09:36:32.900,4183.4000,2567,0,52723260.000,0,-,-,-,-,4183.0000,4182.0000,4180.8000,4180.0000,4170.0000,4184.4000,4184.6000,4184.8000,4185.4000,4185.6000,1,1,1,1,1,5,1,1,1,3
SF,IF2002,2020-01-03 09:36:33.400,4183.4000,2567,0,52723260.000,0,-,-,-,-,4183.0000,4182.0000,4180.8000,4180.0000,4170.0000,4184.4000,4184.6000,4184.8000,4185.6000,4186.0000,1,1,1,1,1,1,1,1,3,2
SF,IF2002,2020-01-03 09:36:33.900,4183.4000,2567,0,52723260.000,0,-,-,-,-,4183.0000,4182.0000,4180.8000,4180.0000,4170.0000,4184.4000,4184.8000,4185.6000,4186.0000,4186.8000,1,1,1,1,1,1,1,3,2,2
SF,IF2002,2020-01-03 09:36:35.400,4183.4000,2567,0,52723260.000,0,-,-,-,-,4183.0000,4182.0000,4180.8000,4180.0000,4170.0000,4184.4000,4185.6000,4186.0000,4186.8000,4187.0000,1,1,1,1,1,1,3,2,2,1
SF,IF2002,2020-01-03 09:36:37.900,4184.4000,2566,-1,53978580.000,1,0,1,双平,S,4183.0000,4182.0000,4180.8000,4180.0000,4170.0000,4185.6000,4186.0000,4186.8000,4187.0000,4188.8000,1,1,1,1,1,2,2,2,1,5
SF,IF2002,2020-01-03 09:36:38.400,4184.4000,2566,0,53978580.000,0,-,-,-,-,4183.0000,4182.0000,4180.8000,4180.0000,4170.0000,4185.4000,4185.6000,4186.0000,4186.8000,4187.0000,1,1,1,1,1,2,2,2,2,1
SF,IF2002,2020-01-03 09:36:38.900,4184.4000,2566,0,53978580.000,0,-,-,-,-,4183.2000,4183.0000,4182.0000,4180.8000,4180.0000,4185.4000,4185.6000,4186.0000,4186.8000,4187.0000,1,1,1,1,1,2,2,2,2,1
SF,IF2002,2020-01-03 09:36:39.400,4184.4000,2566,0,53978580.000,0,-,-,-,-,4183.2000,4183.0000,4182.0000,4180.8000,4180.0000,4185.6000,4186.0000,4186.8000,4187.0000,4188.8000,1,1,1,1,1,2,2,2,1,5
SF,IF2002,2020-01-03 09:36:39.900,4184.4000,2566,0,53978580.000,0,-,-,-,-,4183.2000,4183.0000,4182.0000,4180.8000,4180.0000,4185.4000,4185.6000,4186.0000,4186.8000,4187.0000,1,1,1,1,1,1,2,1,2,1
SF,IF2002,2020-01-03 09:36:41.400,4184.4000,2566,0,53978580.000,0,-,-,-,-,4183.2000,4183.0000,4182.0000,4180.8000,4180.0000,4185.4000,4185.6000,4186.0000,4186.8000,4187.0000,1,1,1,1,1,1,3,1,2,1
SF,IF2002,2020-01-03 09:36:43.900,4184.4000,2566,0,53978580.000,0,-,-,-,-,4183.2000,4183.0000,4182.0000,4180.8000,4180.0000,4185.4000,4185.6000,4186.0000,4186.8000,4187.0000,1,1,1,1,1,1,2,1,2,1
SF,IF2002,2020-01-03 09:37:01.900,4184.4000,2566,0,53978580.000,0,-,-,-,-,4183.4000,4183.2000,4183.0000,4182.0000,4180.8000,4185.4000,4185.6000,4186.0000,4186.8000,4187.0000,4,1,1,1,1,1,2,1,2,1
SF,IF2002,2020-01-03 09:37:02.400,4184.4000,2566,0,53978580.000,0,-,-,-,-,4183.6000,4183.0000,4182.0000,4180.8000,4180.0000,4185.4000,4185.6000,4186.0000,4186.8000,4187.0000,2,1,1,1,1,1,2,1,2,1
SF,IF2002,2020-01-03 09:37:03.400,4184.4000,2566,0,53978580.000,0,-,-,-,-,4183.6000,4183.0000,4182.0000,4180.8000,4180.0000,4185.4000,4185.6000,4186.0000,4186.8000,4187.0000,1,1,1,1,1,1,2,1,2,1
SF,IF2002,2020-01-03 09:37:03.900,4184.4000,2566,0,53978580.000,0,-,-,-,-,4183.0000,4182.0000,4180.8000,4180.0000,4170.0000,4185.4000,4185.6000,4186.0000,4186.8000,4187.0000,1,1,1,1,1,1,2,1,2,1
SF,IF2002,2020-01-03 09:37:04.400,4184.4000,2566,0,53978580.000,0,-,-,-,-,4183.2000,4183.0000,4182.0000,4180.8000,4180.0000,4185.4000,4185.6000,4186.0000,4186.8000,4187.0000,1,1,1,1,1,1,2,1,2,1
SF,IF2002,2020-01-03 09:37:05.400,4184.4000,2566,0,53978580.000,0,-,-,-,-,4183.4000,4183.2000,4183.0000,4182.0000,4180.8000,4185.6000,4186.0000,4186.8000,4187.0000,4188.8000,1,1,1,1,1,2,1,2,1,5
SF,IF2002,2020-01-03 09:37:05.900,4184.4000,2566,0,53978580.000,0,-,-,-,-,4183.4000,4183.0000,4182.0000,4180.8000,4180.0000,4185.4000,4185.6000,4186.0000,4186.8000,4187.0000,1,1,1,1,1,1,2,1,2,1
SF,IF2002,2020-01-03 09:37:06.400,4184.4000,2566,0,53978580.000,0,-,-,-,-,4183.0000,4182.0000,4180.8000,4180.0000,4170.0000,4185.4000,4185.6000,4186.0000,4186.8000,4187.0000,1,1,1,1,1,1,2,1,2,1
SF,IF2002,2020-01-03 09:37:06.900,4184.4000,2566,0,53978580.000,0,-,-,-,-,4183.0000,4182.0000,4180.8000,4180.0000,4170.0000,4185.2000,4185.4000,4185.6000,4186.0000,4186.8000,1,1,1,1,1,1,1,2,1,2
SF,IF2002,2020-01-03 09:37:08.900,4184.4000,2566,0,53978580.000,0,-,-,-,-,4183.0000,4182.0000,4180.8000,4180.0000,4170.0000,4185.0000,4185.2000,4185.4000,4185.6000,4186.0000,1,1,1,1,1,1,1,1,2,1
SF,IF2002,2020-01-03 09:37:09.400,4184.4000,2566,0,53978580.000,0,-,-,-,-,4183.0000,4182.0000,4180.8000,4180.0000,4170.0000,4185.0000,4185.2000,4185.4000,4185.6000,4186.0000,1,1,1,1,1,1,1,1,2,1
SF,IF2002,2020-01-03 09:37:09.900,4184.4000,2566,0,53978580.000,0,-,-,-,-,4183.0000,4182.0000,4180.8000,4180.0000,4170.0000,4185.0000,4185.2000,4185.4000,4185.6000,4186.0000,1,1,1,1,1,1,1,1,2,1
SF,IF2002,2020-01-03 09:37:10.400,4184.4000,2566,0,53978580.000,0,-,-,-,-,4183.0000,4182.0000,4180.8000,4180.0000,4170.0000,4184.8000,4185.0000,4185.2000,4185.6000,4186.0000,1,1,1,1,1,1,1,1,2,1
SF,IF2002,2020-01-03 09:37:12.400,4184.4000,2566,0,53978580.000,0,-,-,-,-,4183.0000,4182.0000,4180.8000,4180.0000,4170.0000,4184.8000,4185.2000,4185.6000,4186.0000,4186.8000,1,1,1,1,1,1,1,2,1,2
SF,IF2002,2020-01-03 09:37:12.900,4184.4000,2566,0,53978580.000,0,-,-,-,-,4183.0000,4182.0000,4180.8000,4180.0000,4170.0000,4185.6000,4186.0000,4186.8000,4187.0000,4188.8000,1,1,1,1,1,2,1,2,1,5
SF,IF2002,2020-01-03 09:37:13.400,4184.4000,2566,0,53978580.000,0,-,-,-,-,4183.0000,4182.0000,4180.8000,4180.0000,4170.0000,4185.4000,4185.6000,4186.0000,4186.8000,4187.0000,1,1,1,1,1,2,2,1,2,1
SF,IF2002,2020-01-03 09:37:13.900,4184.4000,2566,0,53978580.000,0,-,-,-,-,4183.0000,4182.0000,4180.8000,4180.0000,4170.0000,4185.4000,4185.6000,4186.0000,4186.8000,4187.0000,1,1,1,1,1,2,2,1,2,1
SF,IF2002,2020-01-03 09:37:14.400,4184.4000,2566,0,53978580.000,0,-,-,-,-,4183.0000,4182.0000,4180.8000,4180.0000,4170.0000,4185.4000,4185.6000,4186.0000,4186.8000,4187.0000,1,1,1,1,1,1,2,1,2,1
SF,IF2002,2020-01-03 09:37:14.900,4184.4000,2566,0,53978580.000,0,-,-,-,-,4183.0000,4182.0000,4180.8000,4180.0000,4170.0000,4185.2000,4185.4000,4185.6000,4186.0000,4186.8000,1,1,1,1,1,1,1,2,1,2
SF,IF2002,2020-01-03 09:37:15.400,4184.4000,2566,0,53978580.000,0,-,-,-,-,4183.0000,4182.0000,4180.8000,4180.0000,4170.0000,4185.0000,4185.2000,4185.6000,4186.0000,4186.8000,1,1,1,1,1,1,1,2,1,2
SF,IF2002,2020-01-03 09:37:15.900,4184.4000,2566,0,53978580.000,0,-,-,-,-,4183.0000,4182.0000,4180.8000,4180.0000,4170.0000,4185.0000,4185.2000,4185.6000,4186.0000,4186.8000,1,1,1,1,1,1,1,2,1,2
SF,IF2002,2020-01-03 09:37:16.400,4184.4000,2566,0,53978580.000,0,-,-,-,-,4183.0000,4182.0000,4180.8000,4180.0000,4170.0000,4185.0000,4185.2000,4185.6000,4186.0000,4186.8000,1,1,1,1,1,1,1,2,1,2
SF,IF2002,2020-01-03 09:37:16.900,4183.0000,2566,0,55233480.000,1,0,1,多换,S,4182.0000,4180.8000,4180.0000,4170.0000,4160.0000,4184.6000,4185.0000,4185.2000,4185.6000,4186.0000,1,1,1,1,2,1,1,1,2,1
SF,IF2002,2020-01-03 09:37:17.400,4183.0000,2566,0,55233480.000,0,-,-,-,-,4182.2000,4182.0000,4180.8000,4180.0000,4170.0000,4184.4000,4184.6000,4185.2000,4185.6000,4186.0000,1,1,1,1,1,1,1,1,2,1
SF,IF2002,2020-01-03 09:37:17.900,4183.0000,2566,0,55233480.000,0,-,-,-,-,4182.2000,4182.0000,4180.8000,4180.0000,4170.0000,4184.6000,4185.2000,4185.6000,4186.0000,4186.8000,1,1,1,1,1,1,1,2,1,2
SF,IF2002,2020-01-03 09:37:18.400,4183.0000,2566,0,55233480.000,0,-,-,-,-,4182.2000,4182.0000,4180.8000,4180.0000,4170.0000,4184.4000,4184.6000,4185.2000,4185.6000,4186.0000,1,1,1,1,1,1,1,1,2,1
SF,IF2002,2020-01-03 09:37:18.900,4183.0000,2566,0,55233480.000,0,-,-,-,-,4182.0000,4180.8000,4180.0000,4170.0000,4160.0000,4184.4000,4184.6000,4185.2000,4185.6000,4186.0000,1,1,1,1,2,1,1,1,2,1
SF,IF2002,2020-01-03 09:37:19.400,4183.0000,2566,0,55233480.000,0,-,-,-,-,4182.0000,4180.8000,4180.0000,4170.0000,4160.0000,4184.2000,4184.4000,4185.2000,4185.6000,4186.0000,1,1,1,1,2,1,1,1,2,1
SF,IF2002,2020-01-03 09:37:19.900,4183.0000,2566,0,55233480.000,0,-,-,-,-,4182.2000,4182.0000,4180.8000,4180.0000,4170.0000,4184.0000,4184.2000,4185.6000,4186.0000,4186.8000,1,1,1,1,1,1,1,2,1,2
SF,IF2002,2020-01-03 09:37:20.400,4183.0000,2566,0,55233480.000,0,-,-,-,-,4182.2000,4182.0000,4180.8000,4180.0000,4170.0000,4184.0000,4185.6000,4186.0000,4186.8000,4187.0000,1,1,1,1,1,1,2,1,2,1
SF,IF2002,2020-01-03 09:37:20.900,4183.0000,2566,0,55233480.000,0,-,-,-,-,4182.2000,4182.0000,4180.8000,4180.0000,4170.0000,4184.0000,4185.6000,4186.0000,4186.8000,4187.0000,1,1,1,1,1,1,2,1,2,1
