市场代码,合约代码,时间,最新,持仓,增仓,成交额,成交量,开仓,平仓,成交类型,方向,买一价,买二价,买三价,买四价,买五价,卖一价,卖二价,卖三价,卖四价,卖五价,买一量,买二量,买三量,买四量,买五量,卖一量,卖二量,卖三量,卖四量,卖五量
SF,IF2009,2020-05-27 09:29:00.200,3738.0000,26192,0,11214000.000,10.000,-,-,-,-,3737.8000,3733.2000,3732.6000,3731.4000,3730.8000,3739.0000,3740.0000,3745.0000,3745.4000,3747.8000,1,1,1,2,1,1,2,2,3,1
SF,IF2009,2020-05-27 09:30:00.200,3737.6000,26196,4,15699240.000,4,4,0,双开,S,3732.8000,3730.8000,3730.0000,3729.2000,3727.0000,3735.8000,3736.0000,3736.6000,3736.8000,3737.0000,1,1,5,1,1,1,1,1,2,1
SF,IF2009,2020-05-27 09:30:00.700,3734.4000,26190,-6,26899140.000,10,2,8,多平,S,3733.0000,3732.8000,3730.8000,3730.0000,3727.0000,3734.4000,3735.2000,3735.4000,3735.6000,3735.8000,1,1,1,5,1,1,3,6,6,3
SF,IF2009,2020-05-27 09:30:01.200,3734.4000,26190,0,31380420.000,4,2,2,多换,S,3732.8000,3730.0000,3727.0000,3726.2000,3725.4000,3733.0000,3733.6000,3733.8000,3734.2000,3735.2000,1,5,1,3,1,1,2,3,2,3
SF,IF2009,2020-05-27 09:30:01.700,3734.2000,26188,-2,34741200.000,3,0,3,多平,S,3732.8000,3730.0000,3727.0000,3726.2000,3724.6000,3734.2000,3735.2000,3735.6000,3736.8000,3737.4000,1,5,1,3,1,1,2,4,2,4
SF,IF2009,2020-05-27 09:30:02.200,3734.2000,26188,0,34741200.000,0,-,-,-,-,3733.0000,3732.8000,3730.0000,3727.0000,3726.2000,3734.2000,3735.2000,3735.6000,3736.4000,3736.8000,1,3,5,1,3,1,2,4,1,2
SF,IF2009,2020-05-27 09:30:02.700,3734.2000,26188,0,34741200.000,0,-,-,-,-,3733.0000,3732.8000,3730.0000,3727.0000,3726.2000,3734.2000,3735.2000,3735.6000,3736.4000,3736.8000,1,2,5,1,3,1,2,4,1,2
SF,IF2009,2020-05-27 09:30:03.200,3734.2000,26185,-3,39221160.000,4,0,4,多平,S,3730.0000,3727.0000,3726.2000,3724.6000,3722.0000,3734.2000,3735.2000,3735.6000,3736.4000,3736.8000,5,1,3,1,1,1,2,4,1,2
SF,IF2009,2020-05-27 09:30:03.700,3734.0000,26183,-2,42581040.000,3,0,3,多平,S,3731.2000,3730.8000,3730.2000,3730.0000,3729.8000,3732.8000,3735.2000,3735.6000,3736.4000,3736.8000,1,1,3,6,3,1,2,4,1,2
SF,IF2009,2020-05-27 09:30:04.200,3731.2000,26182,-1,43700400.000,1,0,1,双平,S,3730.2000,3730.0000,3729.8000,3727.0000,3726.2000,3732.8000,3734.0000,3735.2000,3735.6000,3736.4000,3,5,3,1,3,2,2,2,3,1
SF,IF2009,2020-05-27 09:30:04.700,3731.2000,26182,0,43700400.000,0,-,-,-,-,3730.4000,3730.2000,3730.0000,3729.8000,3727.0000,3732.8000,3734.0000,3735.2000,3735.6000,3736.4000,1,3,5,3,1,2,2,2,2,1
SF,IF2009,2020-05-27 09:30:05.200,3731.2000,26182,0,43700400.000,0,-,-,-,-,3731.4000,3731.0000,3730.6000,3730.4000,3730.2000,3732.8000,3734.0000,3735.2000,3735.6000,3736.4000,1,1,1,3,2,1,2,2,2,1
SF,IF2009,2020-05-27 09:30:05.700,3731.2000,26182,0,43700400.000,0,-,-,-,-,3732.0000,3731.0000,3730.6000,3730.4000,3730.2000,3732.8000,3734.0000,3735.2000,3735.6000,3736.4000,1,3,1,2,2,1,3,2,2,1
SF,IF2009,2020-05-27 09:30:06.200,3732.0000,26181,-1,44820000.000,1,0,1,双平,S,3731.0000,3730.6000,3730.4000,3730.2000,3730.0000,3731.2000,3732.8000,3734.0000,3735.2000,3735.6000,3,1,1,2,5,2,2,3,2,2
SF,IF2009,2020-05-27 09:30:06.700,3731.2000,26179,-2,47058720.000,2,0,2,双平,S,3731.6000,3730.4000,3730.2000,3730.0000,3729.8000,3732.8000,3734.0000,3735.2000,3735.6000,3736.4000,2,1,2,5,3,2,3,2,2,1
SF,IF2009,2020-05-27 09:30:07.200,3732.8000,26178,-1,48178560.000,1,0,1,双平,S,3731.6000,3731.4000,3730.4000,3730.2000,3730.0000,3732.0000,3732.8000,3734.0000,3735.2000,3735.6000,2,1,1,2,5,1,1,3,2,2
SF,IF2009,2020-05-27 09:30:07.700,3731.4000,26177,-1,50417460.000,2,0,2,多平,S,3731.4000,3730.4000,3730.2000,3730.0000,3729.8000,3732.0000,3734.0000,3735.2000,3735.6000,3736.4000,1,1,1,5,3,1,2,2,2,1
SF,IF2009,2020-05-27 09:30:08.200,3731.4000,26177,0,50417460.000,0,-,-,-,-,3730.4000,3730.2000,3730.0000,3729.8000,3727.0000,3732.0000,3734.0000,3735.2000,3735.6000,3736.4000,1,1,5,3,1,1,2,2,2,1
SF,IF2009,2020-05-27 09:30:08.700,3732.0000,26175,-2,52656660.000,2,0,2,双平,S,3730.4000,3730.2000,3730.0000,3729.8000,3727.0000,3734.0000,3735.2000,3735.6000,3736.4000,3736.8000,1,1,5,3,1,2,2,2,1,2
SF,IF2009,2020-05-27 09:30:09.200,3732.0000,26175,0,52656660.000,0,-,-,-,-,3731.4000,3731.0000,3730.8000,3730.6000,3730.4000,3731.6000,3734.0000,3735.2000,3735.6000,3736.4000,1,1,1,2,4,1,2,2,2,1
SF,IF2009,2020-05-27 09:30:09.700,3731.6000,26174,-1,54895620.000,2,0,2,多平,S,3731.6000,3731.4000,3730.8000,3730.4000,3730.2000,3733.8000,3734.0000,3735.2000,3735.6000,3736.4000,2,1,1,3,1,2,3,2,2,1
SF,IF2009,2020-05-27 09:30:10.200,3731.6000,26174,0,54895620.000,0,-,-,-,-,3732.0000,3731.8000,3731.6000,3731.4000,3731.0000,3733.8000,3734.0000,3735.2000,3735.6000,3736.4000,1,1,2,1,1,2,3,2,2,1
SF,IF2009,2020-05-27 09:30:10.700,3731.6000,26174,0,56015100.000,1,0,1,多换,S,3731.8000,3731.6000,3730.4000,3730.2000,3730.0000,3733.6000,3733.8000,3734.0000,3735.2000,3735.6000,1,2,1,1,4,1,2,2,2,2
SF,IF2009,2020-05-27 09:30:11.200,3731.6000,26174,0,56015100.000,0,-,-,-,-,3731.8000,3731.6000,3730.4000,3730.2000,3730.0000,3732.0000,3733.6000,3733.8000,3734.0000,3735.2000,3,2,1,1,4,1,1,2,1,2
SF,IF2009,2020-05-27 09:30:11.700,3732.0000,26170,-4,62732100.000,6,1,5,多平,S,3730.4000,3730.2000,3730.0000,3729.8000,3729.0000,3733.4000,3733.6000,3733.8000,3734.0000,3735.2000,1,1,4,3,43,2,1,1,1,2
SF,IF2009,2020-05-27 09:30:12.200,3732.0000,26170,0,62732100.000,0,-,-,-,-,3730.6000,3730.4000,3730.2000,3730.0000,3729.8000,3732.0000,3733.0000,3733.2000,3733.4000,3734.0000,1,1,1,3,3,1,1,4,2,1
SF,IF2009,2020-05-27 09:30:12.700,3732.0000,26170,0,62732100.000,0,-,-,-,-,3730.4000,3730.0000,3729.8000,3729.0000,3727.0000,3732.0000,3732.8000,3733.2000,3733.4000,3734.0000,1,3,3,43,1,1,1,5,2,1
SF,IF2009,2020-05-27 09:30:13.200,3732.0000,26170,0,62732100.000,0,-,-,-,-,3730.4000,3730.0000,3729.8000,3729.0000,3727.0000,3732.0000,3732.8000,3733.0000,3733.2000,3733.4000,1,3,3,43,1,2,1,1,4,1
SF,IF2009,2020-05-27 09:30:13.700,3732.0000,26170,0,67210500.000,4,2,2,多换,S,3732.0000,3730.0000,3729.8000,3729.0000,3727.0000,3732.8000,3733.0000,3733.2000,3733.4000,3734.0000,9,3,3,43,1,1,1,3,1,1
SF,IF2009,2020-05-27 09:30:14.200,3732.0000,26170,0,67210500.000,0,-,-,-,-,3732.2000,3732.0000,3730.0000,3729.8000,3729.0000,3732.8000,3733.0000,3733.2000,3733.4000,3734.0000,1,9,3,3,43,1,1,3,1,1
SF,IF2009,2020-05-27 09:30:14.700,3732.0000,26167,-3,71689260.000,4,0,4,多平,S,3732.0000,3730.0000,3729.8000,3729.0000,3727.0000,3733.0000,3733.2000,3733.4000,3734.0000,3735.2000,8,3,3,43,1,1,3,1,1,2
SF,IF2009,2020-05-27 09:30:15.200,3732.0000,26167,0,71689260.000,0,-,-,-,-,3732.2000,3732.0000,3730.0000,3729.8000,3729.0000,3732.6000,3733.2000,3733.4000,3734.0000,3735.2000,2,8,3,3,43,1,2,1,1,2
SF,IF2009,2020-05-27 09:30:16.200,3732.0000,26166,-1,72808860.000,1,0,1,双平,S,3732.2000,3732.0000,3730.0000,3729.8000,3729.0000,3733.2000,3733.4000,3734.0000,3735.2000,3735.6000,1,8,3,3,43,1,1,1,2,1
SF,IF2009,2020-05-27 09:30:16.700,3732.2000,26165,-1,73928520.000,1,0,1,双平,S,3732.0000,3730.0000,3729.8000,3729.0000,3727.0000,3732.2000,3733.2000,3733.4000,3734.0000,3735.2000,8,3,3,43,1,1,2,1,1,2
SF,IF2009,2020-05-27 09:30:17.200,3732.0000,26169,4,85124520.000,10,7,3,空开,S,3730.0000,3729.8000,3729.0000,3727.0000,3726.2000,3732.2000,3733.0000,3733.2000,3734.0000,3735.2000,3,3,43,1,3,1,1,2,1,2
SF,IF2009,2020-05-27 09:30:17.700,3732.0000,26168,-1,86244120.000,1,0,1,双平,S,3731.6000,3730.0000,3729.8000,3729.0000,3727.0000,3732.2000,3733.0000,3735.2000,3735.6000,3736.4000,1,3,3,43,1,3,2,2,1,1
SF,IF2009,2020-05-27 09:30:18.200,3731.6000,26164,-4,91842240.000,5,0,5,多平,S,3730.0000,3729.8000,3729.0000,3727.0000,3726.2000,3733.0000,3735.2000,3735.6000,3736.4000,3736.8000,3,3,43,1,3,2,2,1,1,2
SF,IF2009,2020-05-27 09:30:18.700,3731.6000,26164,0,91842240.000,0,-,-,-,-,3730.2000,3730.0000,3729.8000,3729.0000,3727.0000,3733.0000,3735.2000,3735.6000,3736.4000,3736.8000,1,3,3,43,1,2,2,1,1,2
SF,IF2009,2020-05-27 09:30:19.200,3732.8000,26163,-1,92962080.000,1,0,1,双平,S,3730.8000,3730.6000,3730.4000,3730.2000,3730.0000,3731.6000,3732.8000,3733.0000,3735.2000,3735.6000,1,1,1,1,3,1,1,2,2,1
SF,IF2009,2020-05-27 09:30:19.700,3731.6000,26161,-2,95201040.000,2,0,2,双平,S,3730.8000,3730.6000,3730.4000,3730.0000,3729.8000,3731.6000,3732.8000,3733.0000,3735.2000,3735.6000,1,1,1,3,3,1,1,2,2,1
SF,IF2009,2020-05-27 09:30:20.200,3730.8000,26161,0,96320280.000,1,0,1,多换,S,3730.6000,3730.4000,3730.0000,3729.8000,3729.0000,3730.8000,3731.6000,3732.6000,3732.8000,3733.0000,1,1,3,3,43,3,1,1,1,2
SF,IF2009,2020-05-27 09:30:20.700,3730.6000,26158,-3,100797180.000,4,0,4,多平,S,3730.0000,3729.8000,3729.0000,3727.0000,3726.2000,3731.6000,3732.6000,3732.8000,3733.0000,3733.4000,3,3,43,3,3,1,1,1,2,1
SF,IF2009,2020-05-27 09:30:21.200,3730.6000,26158,0,100797180.000,0,-,-,-,-,3730.0000,3729.8000,3729.0000,3727.0000,3726.2000,3731.6000,3732.0000,3732.6000,3732.8000,3733.0000,3,3,43,3,3,1,1,1,1,2
SF,IF2009,2020-05-27 09:30:21.700,3730.6000,26158,0,100797180.000,0,-,-,-,-,3731.0000,3730.0000,3729.8000,3729.0000,3727.0000,3732.0000,3732.4000,3732.6000,3732.8000,3733.0000,10,3,3,43,3,1,1,1,1,2
SF,IF2009,2020-05-27 09:30:22.200,3731.0000,26153,-5,106393680.000,5,0,5,双平,S,3731.0000,3730.0000,3729.8000,3729.0000,3727.0000,3731.8000,3732.0000,3732.2000,3732.4000,3732.6000,5,3,3,43,3,1,1,1,1,1
SF,IF2009,2020-05-27 09:30:22.700,3731.0000,26153,0,106393680.000,0,-,-,-,-,3731.0000,3730.0000,3729.8000,3729.0000,3727.0000,3731.6000,3731.8000,3732.0000,3732.2000,3732.4000,5,3,3,43,3,1,1,1,1,1
SF,IF2009,2020-05-27 09:30:23.200,3731.0000,26149,-4,110870880.000,4,0,4,双平,S,3731.0000,3730.0000,3729.8000,3729.0000,3727.0000,3731.4000,3731.6000,3731.8000,3732.0000,3732.2000,1,3,3,43,3,1,2,1,1,1
SF,IF2009,2020-05-27 09:30:23.700,3731.4000,26147,-2,113109600.000,2,0,2,双平,S,3730.8000,3730.0000,3729.8000,3729.0000,3728.0000,3731.6000,3732.0000,3732.2000,3732.4000,3733.0000,1,3,3,43,1,1,1,1,1,1
SF,IF2009,2020-05-27 09:30:24.200,3731.4000,26147,0,113109600.000,0,-,-,-,-,3730.8000,3730.0000,3729.8000,3729.0000,3728.0000,3731.6000,3732.0000,3732.2000,3732.4000,3733.0000,2,3,3,43,1,1,1,1,1,1
SF,IF2009,2020-05-27 09:30:24.700,3731.4000,26147,0,113109600.000,0,-,-,-,-,3730.8000,3730.2000,3730.0000,3729.8000,3729.0000,3731.6000,3732.0000,3732.2000,3732.4000,3733.0000,2,1,3,3,43,1,1,1,1,1
SF,IF2009,2020-05-27 09:30:25.200,3731.4000,26147,0,113109600.000,0,-,-,-,-,3730.8000,3730.2000,3730.0000,3729.8000,3729.0000,3731.4000,3731.6000,3732.0000,3732.2000,3732.4000,2,1,3,3,43,2,1,1,1,1
SF,IF2009,2020-05-27 09:30:25.700,3731.4000,26147,0,113109600.000,0,-,-,-,-,3730.8000,3730.2000,3730.0000,3729.8000,3729.0000,3731.4000,3731.6000,3732.0000,3732.2000,3732.4000,1,1,3,3,43,2,1,1,1,1
SF,IF2009,2020-05-27 09:30:26.200,3731.4000,26147,0,113109600.000,0,-,-,-,-,3730.8000,3730.2000,3730.0000,3729.8000,3729.0000,3731.0000,3731.4000,3731.6000,3732.0000,3732.2000,1,1,3,2,43,1,2,1,1,1
SF,IF2009,2020-05-27 09:30:26.700,3730.8000,26146,-1,114228840.000,1,0,1,双平,S,3730.2000,3730.0000,3729.8000,3729.0000,3728.0000,3731.0000,3731.4000,3731.6000,3732.0000,3732.2000,1,3,2,43,1,1,2,1,1,1
SF,IF2009,2020-05-27 09:30:27.200,3730.8000,26146,0,114228840.000,0,-,-,-,-,3730.2000,3730.0000,3729.8000,3729.0000,3728.0000,3731.0000,3731.4000,3731.6000,3732.0000,3732.2000,1,3,2,43,1,2,2,1,1,1
SF,IF2009,2020-05-27 09:30:27.700,3730.8000,26146,0,114228840.000,0,-,-,-,-,3730.2000,3730.0000,3729.8000,3729.0000,3728.0000,3731.0000,3731.4000,3731.6000,3732.0000,3732.2000,1,3,2,43,1,2,2,1,1,1
SF,IF2009,2020-05-27 09:30:28.200,3730.2000,26145,-1,115347900.000,1,0,1,双平,S,3730.2000,3730.0000,3729.8000,3729.0000,3728.0000,3731.0000,3731.4000,3731.6000,3732.0000,3732.2000,1,3,2,43,1,1,2,1,1,1
SF,IF2009,2020-05-27 09:30:28.700,3731.0000,26144,-1,116467200.000,1,0,1,双平,S,3730.2000,3730.0000,3729.8000,3729.0000,3728.0000,3731.4000,3731.6000,3732.0000,3732.2000,3732.4000,2,3,2,43,1,2,1,1,1,1
SF,IF2009,2020-05-27 09:30:29.200,3731.0000,26144,0,116467200.000,0,-,-,-,-,3730.2000,3730.0000,3729.8000,3729.0000,3728.0000,3731.4000,3731.6000,3732.0000,3732.2000,3733.0000,2,3,2,43,1,2,1,1,1,1
SF,IF2009,2020-05-27 09:30:29.700,3731.4000,26143,-1,117586620.000,1,0,1,双平,S,3730.2000,3730.0000,3729.8000,3729.0000,3728.0000,3731.4000,3731.6000,3732.0000,3732.2000,3733.0000,1,3,2,43,1,2,1,1,1,1
SF,IF2009,2020-05-27 09:30:30.200,3731.4000,26143,0,117586620.000,0,-,-,-,-,3730.2000,3730.0000,3729.8000,3729.0000,3728.0000,3731.2000,3731.4000,3732.2000,3733.0000,3734.2000,2,3,2,43,1,1,2,1,1,1
SF,IF2009,2020-05-27 09:30:30.700,3731.4000,26140,-3,120944880.000,3,0,3,双平,S,3730.2000,3730.0000,3729.8000,3729.0000,3728.0000,3731.4000,3732.2000,3733.0000,3734.2000,3735.2000,1,3,2,43,1,1,1,1,1,2
SF,IF2009,2020-05-27 09:30:31.200,3731.4000,26139,-1,122064300.000,1,0,1,双平,S,3730.2000,3730.0000,3729.8000,3729.0000,3728.0000,3731.4000,3732.2000,3733.0000,3734.2000,3735.2000,1,3,2,43,1,1,1,1,1,2
SF,IF2009,2020-05-27 09:30:31.700,3731.4000,26139,0,122064300.000,0,-,-,-,-,3730.0000,3729.8000,3729.0000,3728.0000,3727.0000,3730.2000,3731.4000,3732.2000,3733.0000,3734.2000,4,2,43,1,3,1,1,1,1,1
SF,IF2009,2020-05-27 09:30:32.200,3730.2000,26138,-1,123183360.000,1,0,1,双平,S,3730.0000,3729.8000,3729.0000,3728.0000,3727.0000,3731.4000,3732.2000,3733.0000,3734.2000,3735.2000,4,2,43,1,3,1,1,1,1,2
SF,IF2009,2020-05-27 09:30:33.200,3730.0000,26136,-2,125421360.000,2,0,2,双平,S,3730.0000,3729.8000,3729.0000,3728.0000,3727.0000,3731.4000,3732.2000,3733.0000,3734.2000,3735.2000,2,2,43,1,3,1,1,1,1,2
SF,IF2009,2020-05-27 09:30:34.700,3730.0000,26135,-1,126540360.000,1,0,1,双平,S,3730.0000,3729.8000,3729.0000,3728.0000,3727.0000,3731.4000,3732.2000,3733.0000,3734.2000,3735.2000,1,2,43,1,3,1,1,1,1,2
SF,IF2009,2020-05-27 09:30:35.200,3730.0000,26135,0,126540360.000,0,-,-,-,-,3730.0000,3729.8000,3729.0000,3728.0000,3727.0000,3731.2000,3731.4000,3732.2000,3733.0000,3734.2000,2,2,43,1,3,1,1,1,1,1
SF,IF2009,2020-05-27 09:30:35.700,3730.0000,26135,0,126540360.000,0,-,-,-,-,3730.0000,3729.8000,3729.0000,3728.0000,3727.0000,3731.2000,3731.4000,3732.2000,3733.0000,3734.2000,2,2,43,1,3,1,1,1,1,1
SF,IF2009,2020-05-27 09:30:36.200,3731.2000,26134,-1,127659720.000,1,0,1,双平,S,3730.0000,3729.8000,3729.0000,3728.0000,3727.0000,3731.4000,3732.2000,3733.0000,3734.2000,3735.2000,2,2,43,1,3,1,1,1,1,2
SF,IF2009,2020-05-27 09:30:36.700,3730.0000,26134,0,128778720.000,1,0,1,多换,S,3729.8000,3729.0000,3728.0000,3727.0000,3726.6000,3731.4000,3732.2000,3733.0000,3734.2000,3735.2000,3,43,1,3,3,1,1,1,1,2
SF,IF2009,2020-05-27 09:30:37.200,3730.0000,26134,0,128778720.000,0,-,-,-,-,3731.2000,3729.8000,3729.0000,3728.0000,3727.0000,3731.4000,3732.2000,3733.0000,3734.2000,3735.2000,3,4,43,1,3,1,1,1,1,2
SF,IF2009,2020-05-27 09:30:37.700,3731.2000,26134,0,132136800.000,3,1,2,多换,S,3729.8000,3729.0000,3728.0000,3727.0000,3726.6000,3731.4000,3732.2000,3733.0000,3734.2000,3735.2000,4,43,1,3,3,1,1,1,1,2
SF,IF2009,2020-05-27 09:30:38.200,3731.2000,26134,0,133256160.000,1,0,1,多换,S,3730.2000,3730.0000,3729.8000,3729.0000,3728.0000,3731.4000,3732.2000,3733.0000,3734.2000,3735.2000,1,2,4,43,1,1,1,1,1,2
SF,IF2009,2020-05-27 09:30:38.700,3731.2000,26134,0,133256160.000,0,-,-,-,-,3730.2000,3730.0000,3729.8000,3729.0000,3728.0000,3731.4000,3732.2000,3733.0000,3734.2000,3735.2000,2,1,4,43,1,1,1,1,1,2
SF,IF2009,2020-05-27 09:30:39.200,3730.2000,26133,-1,134375220.000,1,0,1,双平,S,3730.2000,3730.0000,3729.8000,3729.0000,3728.0000,3731.4000,3732.2000,3733.0000,3734.2000,3735.2000,1,1,4,43,1,1,1,1,1,2
SF,IF2009,2020-05-27 09:30:40.200,3730.2000,26133,0,134375220.000,0,-,-,-,-,3730.2000,3730.0000,3729.8000,3729.0000,3728.0000,3731.4000,3732.2000,3733.0000,3734.2000,3735.2000,1,1,3,43,1,1,1,1,1,2
SF,IF2009,2020-05-27 09:30:40.700,3730.2000,26133,0,134375220.000,0,-,-,-,-,3730.4000,3729.8000,3729.0000,3728.0000,3727.8000,3731.4000,3732.2000,3733.0000,3734.2000,3735.2000,1,3,43,1,3,1,1,1,1,2
SF,IF2009,2020-05-27 09:30:41.200,3730.2000,26133,0,134375220.000,0,-,-,-,-,3730.4000,3729.8000,3729.0000,3728.0000,3727.8000,3731.4000,3732.2000,3733.0000,3735.2000,3735.6000,1,3,43,1,3,2,1,1,2,1
SF,IF2009,2020-05-27 09:30:41.700,3730.4000,26131,-2,136613460.000,2,0,2,双平,S,3729.8000,3729.0000,3728.0000,3727.8000,3727.0000,3730.0000,3731.4000,3732.2000,3733.0000,3735.2000,3,43,1,3,3,1,2,1,1,2
SF,IF2009,2020-05-27 09:30:42.200,3730.0000,26130,-1,137732460.000,1,0,1,双平,S,3729.8000,3729.0000,3728.0000,3727.8000,3727.0000,3731.2000,3731.4000,3732.2000,3733.0000,3735.2000,3,43,1,3,3,1,1,1,1,2
SF,IF2009,2020-05-27 09:30:42.700,3730.0000,26130,0,137732460.000,0,-,-,-,-,3729.8000,3729.0000,3728.0000,3727.8000,3727.0000,3731.0000,3731.2000,3731.4000,3732.2000,3733.0000,3,43,1,3,3,1,2,1,1,1
SF,IF2009,2020-05-27 09:30:43.200,3730.0000,26130,0,137732460.000,0,-,-,-,-,3730.0000,3729.8000,3729.0000,3728.0000,3727.8000,3731.0000,3731.2000,3732.2000,3733.0000,3735.2000,1,2,43,1,3,1,2,1,1,2
SF,IF2009,2020-05-27 09:30:43.700,3730.0000,26130,0,137732460.000,0,-,-,-,-,3729.8000,3729.0000,3728.0000,3727.8000,3727.0000,3731.0000,3731.2000,3732.2000,3733.0000,3735.2000,2,43,1,3,3,1,2,1,1,2
SF,IF2009,2020-05-27 09:30:44.200,3730.0000,26130,0,137732460.000,0,-,-,-,-,3730.2000,3729.8000,3729.0000,3728.0000,3727.8000,3731.2000,3732.2000,3733.0000,3735.2000,3735.6000,1,2,43,1,3,1,1,1,2,1
SF,IF2009,2020-05-27 09:30:44.700,3730.0000,26130,0,137732460.000,0,-,-,-,-,3729.8000,3729.0000,3728.0000,3727.8000,3727.0000,3730.6000,3731.2000,3732.2000,3733.0000,3735.2000,2,43,1,3,3,4,1,1,1,2
SF,IF2009,2020-05-27 09:30:45.200,3730.0000,26130,0,137732460.000,0,-,-,-,-,3730.0000,3729.8000,3729.0000,3728.0000,3727.8000,3730.6000,3731.0000,3731.2000,3732.2000,3733.0000,1,2,43,1,3,4,1,1,1,1
SF,IF2009,2020-05-27 09:30:45.700,3730.0000,26130,0,137732460.000,0,-,-,-,-,3729.0000,3728.0000,3727.8000,3727.0000,3726.2000,3730.6000,3731.0000,3731.2000,3732.2000,3733.0000,43,1,3,3,3,4,1,1,1,1
SF,IF2009,2020-05-27 09:30:46.200,3730.0000,26130,0,137732460.000,0,-,-,-,-,3730.6000,3729.2000,3729.0000,3728.0000,3727.8000,3731.0000,3731.2000,3732.2000,3733.0000,3735.2000,1,3,43,1,3,1,1,1,1,2
SF,IF2009,2020-05-27 09:30:46.700,3730.0000,26130,0,138851460.000,1,0,1,多换,S,3729.8000,3729.2000,3729.0000,3728.0000,3727.8000,3731.2000,3732.2000,3733.0000,3735.2000,3735.6000,3,3,43,1,3,1,1,1,2,1
SF,IF2009,2020-05-27 09:30:47.200,3730.0000,26130,0,138851460.000,0,-,-,-,-,3730.0000,3729.8000,3729.2000,3729.0000,3728.0000,3731.2000,3732.2000,3733.0000,3735.2000,3735.6000,2,3,1,43,1,1,1,1,2,1
SF,IF2009,2020-05-27 09:30:47.700,3730.0000,26130,0,138851460.000,0,-,-,-,-,3730.0000,3729.8000,3729.2000,3729.0000,3728.0000,3731.2000,3732.2000,3733.0000,3735.2000,3735.6000,2,2,1,43,1,1,1,1,2,1
SF,IF2009,2020-05-27 09:30:48.700,3730.0000,26130,0,138851460.000,0,-,-,-,-,3730.0000,3729.8000,3729.0000,3728.0000,3727.8000,3732.2000,3733.0000,3735.2000,3735.6000,3736.4000,4,4,43,1,3,1,1,2,1,1
SF,IF2009,2020-05-27 09:30:49.200,3730.0000,26130,0,138851460.000,0,-,-,-,-,3730.0000,3729.8000,3729.0000,3728.8000,3728.0000,3731.0000,3731.6000,3731.8000,3732.0000,3732.2000,5,3,43,1,1,1,1,1,3,1
SF,IF2009,2020-05-27 09:30:49.700,3730.0000,26130,0,138851460.000,0,-,-,-,-,3730.0000,3729.8000,3729.0000,3728.8000,3728.0000,3731.0000,3732.0000,3732.2000,3733.0000,3735.2000,4,3,43,1,1,1,1,1,1,2
SF,IF2009,2020-05-27 09:30:50.200,3731.0000,26132,2,141090060.000,2,2,0,双开,S,3731.0000,3730.0000,3729.8000,3728.8000,3728.0000,3732.0000,3732.2000,3733.0000,3735.2000,3735.6000,41,4,3,1,1,1,1,1,2,1
SF,IF2009,2020-05-27 09:30:50.700,3731.0000,26132,0,142209360.000,1,0,1,多换,S,3731.0000,3730.0000,3729.8000,3728.8000,3728.0000,3732.0000,3732.2000,3733.0000,3735.2000,3735.6000,40,3,3,1,1,2,1,1,2,1
SF,IF2009,2020-05-27 09:30:51.200,3731.0000,26131,-1,146686560.000,4,1,3,多平,S,3731.0000,3730.0000,3729.8000,3728.8000,3728.0000,3731.8000,3732.0000,3732.2000,3733.0000,3735.2000,37,3,3,1,1,1,1,1,1,2
SF,IF2009,2020-05-27 09:30:51.700,3731.6000,26130,-1,147806040.000,1,0,1,双平,S,3731.0000,3730.0000,3729.8000,3728.8000,3728.0000,3731.8000,3732.0000,3732.2000,3733.0000,3735.2000,37,3,3,1,1,1,1,1,1,2
SF,IF2009,2020-05-27 09:30:52.200,3731.6000,26130,0,147806040.000,0,-,-,-,-,3731.0000,3730.0000,3729.8000,3728.8000,3728.0000,3731.8000,3732.0000,3732.2000,3733.0000,3735.2000,37,3,3,1,1,1,1,1,1,2
SF,IF2009,2020-05-27 09:30:52.700,3731.8000,26129,-1,148925580.000,1,0,1,双平,S,3731.0000,3730.0000,3729.8000,3728.8000,3728.0000,3731.8000,3732.0000,3732.2000,3733.0000,3735.2000,37,3,3,1,1,1,1,1,1,2
SF,IF2009,2020-05-27 09:30:53.200,3731.0000,26130,1,150044880.000,1,1,0,双开,S,3731.0000,3730.0000,3729.8000,3728.8000,3728.0000,3731.6000,3731.8000,3732.0000,3732.2000,3733.0000,36,3,3,1,1,1,1,1,1,1
SF,IF2009,2020-05-27 09:30:54.200,3731.0000,26130,0,150044880.000,0,-,-,-,-,3731.0000,3730.0000,3729.8000,3728.8000,3728.0000,3731.4000,3731.6000,3732.0000,3732.2000,3733.0000,36,3,3,1,1,1,1,1,1,1
SF,IF2009,2020-05-27 09:30:54.700,3731.0000,26130,0,150044880.000,0,-,-,-,-,3731.0000,3730.0000,3729.8000,3728.8000,3728.0000,3731.4000,3731.6000,3732.0000,3732.2000,3733.0000,36,3,3,1,1,1,1,1,1,1
SF,IF2009,2020-05-27 09:30:55.200,3731.0000,26130,0,150044880.000,0,-,-,-,-,3731.0000,3730.0000,3729.8000,3728.8000,3728.0000,3731.4000,3731.6000,3732.0000,3732.2000,3735.2000,36,3,3,1,1,1,1,1,1,2
SF,IF2009,2020-05-27 09:30:55.700,3731.0000,26130,0,158999280.000,8,4,4,多换,S,3731.0000,3730.0000,3729.8000,3728.8000,3728.0000,3731.4000,3731.6000,3732.0000,3732.2000,3734.8000,28,3,3,1,1,1,1,2,1,3
SF,IF2009,2020-05-27 09:30:56.700,3731.6000,26129,-1,163476660.000,4,1,3,多平,S,3731.0000,3730.0000,3729.8000,3728.8000,3728.0000,3732.0000,3732.2000,3734.8000,3735.2000,3735.6000,25,3,3,1,1,2,1,3,2,1
SF,IF2009,2020-05-27 09:30:57.200,3731.6000,26129,0,163476660.000,0,-,-,-,-,3731.0000,3730.0000,3729.8000,3728.8000,3728.0000,3731.6000,3731.8000,3732.0000,3732.2000,3734.8000,25,3,3,1,1,1,1,3,1,3
SF,IF2009,2020-05-27 09:30:57.700,3731.0000,26129,0,165715440.000,2,1,1,多换,S,3731.0000,3730.0000,3729.8000,3728.8000,3728.0000,3731.6000,3731.8000,3732.0000,3732.2000,3734.8000,24,3,3,1,1,1,2,3,1,3
SF,IF2009,2020-05-27 09:30:59.200,3731.0000,26129,0,165715440.000,0,-,-,-,-,3731.0000,3730.0000,3729.8000,3728.8000,3728.0000,3731.6000,3731.8000,3732.0000,3732.2000,3734.8000,24,3,3,1,1,1,2,2,1,3
SF,IF2009,2020-05-27 09:30:59.700,3731.0000,26129,0,166834740.000,1,0,1,多换,S,3731.0000,3730.0000,3729.8000,3728.8000,3728.0000,3731.6000,3731.8000,3732.0000,3732.2000,3734.8000,23,3,3,1,1,1,1,2,1,3
SF,IF2009,2020-05-27 09:31:00.200,3731.0000,26129,0,166834740.000,0,-,-,-,-,3731.0000,3730.0000,3729.8000,3728.8000,3728.0000,3731.4000,3731.6000,3731.8000,3732.0000,3732.2000,23,3,3,1,1,1,1,1,2,1
SF,IF2009,2020-05-27 09:31:00.700,3731.0000,26129,0,167954040.000,1,0,1,多换,S,3731.0000,3730.0000,3729.8000,3728.8000,3728.0000,3731.4000,3731.6000,3731.8000,3732.0000,3732.2000,22,3,3,1,1,1,1,1,2,1
SF,IF2009,2020-05-27 09:31:01.200,3731.0000,26129,0,170192640.000,2,1,1,多换,S,3731.0000,3730.0000,3729.8000,3728.8000,3728.0000,3731.4000,3731.6000,3731.8000,3732.0000,3732.2000,20,4,3,1,1,1,1,1,2,1
SF,IF2009,2020-05-27 09:31:01.700,3731.0000,26129,0,171311940.000,1,0,1,多换,S,3731.0000,3730.0000,3729.8000,3728.8000,3728.0000,3731.4000,3731.6000,3731.8000,3732.0000,3732.2000,19,4,1,1,1,1,1,1,2,1
SF,IF2009,2020-05-27 09:31:02.200,3731.0000,26129,0,174669840.000,3,1,2,多换,S,3731.0000,3730.0000,3729.8000,3728.8000,3728.0000,3731.4000,3731.6000,3731.8000,3732.0000,3732.2000,16,4,1,1,1,1,1,1,2,1
SF,IF2009,2020-05-27 09:31:02.700,3731.0000,26129,0,180266340.000,5,2,3,多换,S,3731.0000,3730.8000,3730.0000,3729.8000,3728.8000,3731.2000,3731.4000,3732.0000,3732.2000,3734.8000,11,1,4,1,1,6,3,2,1,3
SF,IF2009,2020-05-27 09:31:03.200,3731.0000,26129,0,184743540.000,4,2,2,多换,S,3731.0000,3730.8000,3730.0000,3729.8000,3728.8000,3731.2000,3731.4000,3732.0000,3732.2000,3734.8000,7,1,4,1,1,7,3,2,1,3
SF,IF2009,2020-05-27 09:31:03.700,3731.0000,26129,0,185862840.000,1,0,1,多换,S,3731.0000,3730.8000,3730.0000,3729.8000,3728.8000,3731.2000,3731.4000,3732.0000,3732.2000,3734.8000,6,1,4,1,1,5,3,2,1,3
SF,IF2009,2020-05-27 09:31:04.200,3731.0000,26129,0,188101440.000,2,1,1,多换,S,3731.0000,3730.8000,3730.0000,3729.8000,3728.8000,3731.2000,3731.4000,3732.0000,3732.2000,3734.8000,4,1,4,1,1,2,1,2,1,3
SF,IF2009,2020-05-27 09:31:04.700,3731.2000,26129,0,191459400.000,3,1,2,多换,S,3731.0000,3730.8000,3730.0000,3729.8000,3728.8000,3731.4000,3732.0000,3732.2000,3734.8000,3735.2000,2,1,4,1,1,1,2,1,3,5
SF,IF2009,2020-05-27 09:31:05.200,3730.8000,26128,-1,194817240.000,3,1,2,多平,S,3730.0000,3729.8000,3728.8000,3728.0000,3727.8000,3731.4000,3732.0000,3732.2000,3734.8000,3735.2000,4,1,1,1,3,1,2,1,3,5
SF,IF2009,2020-05-27 09:31:05.700,3730.8000,26128,0,194817240.000,0,-,-,-,-,3730.2000,3730.0000,3729.8000,3728.8000,3728.0000,3731.2000,3731.4000,3732.0000,3732.2000,3734.8000,1,4,1,1,1,1,3,2,1,3
SF,IF2009,2020-05-27 09:31:06.200,3730.8000,26128,0,194817240.000,0,-,-,-,-,3730.2000,3730.0000,3729.8000,3728.8000,3728.0000,3731.2000,3731.4000,3732.0000,3732.2000,3734.8000,1,4,1,1,1,1,1,2,1,3
SF,IF2009,2020-05-27 09:31:06.700,3730.2000,26128,0,195936300.000,1,0,1,多换,S,3730.0000,3729.8000,3728.8000,3728.0000,3727.8000,3731.2000,3731.4000,3732.0000,3732.2000,3734.8000,4,1,1,1,3,1,1,2,1,3
SF,IF2009,2020-05-27 09:31:07.200,3730.2000,26128,0,195936300.000,0,-,-,-,-,3730.0000,3729.8000,3728.8000,3728.0000,3727.8000,3731.0000,3731.2000,3731.4000,3732.0000,3732.2000,4,1,1,1,3,1,4,2,2,1
SF,IF2009,2020-05-27 09:31:07.700,3730.2000,26128,0,195936300.000,0,-,-,-,-,3730.0000,3729.8000,3728.8000,3728.0000,3727.8000,3730.8000,3731.0000,3731.2000,3731.4000,3732.0000,4,1,1,1,3,1,1,2,2,2
SF,IF2009,2020-05-27 09:31:08.200,3730.2000,26128,0,195936300.000,0,-,-,-,-,3730.2000,3730.0000,3729.8000,3728.8000,3728.0000,3730.8000,3731.4000,3732.0000,3732.2000,3734.8000,1,4,1,1,1,1,1,2,1,3
SF,IF2009,2020-05-27 09:31:08.700,3730.2000,26127,-1,197055360.000,1,0,1,双平,S,3730.0000,3729.8000,3728.8000,3728.0000,3727.8000,3730.8000,3731.4000,3732.0000,3732.2000,3734.8000,4,1,1,1,3,1,1,2,1,3
SF,IF2009,2020-05-27 09:31:09.200,3730.2000,26127,0,197055360.000,0,-,-,-,-,3730.0000,3728.8000,3728.0000,3727.8000,3727.0000,3730.8000,3731.4000,3732.0000,3732.2000,3734.8000,4,1,1,3,3,2,1,2,1,3
SF,IF2009,2020-05-27 09:31:09.700,3730.0000,26126,-1,198174360.000,1,0,1,双平,S,3730.0000,3728.8000,3728.0000,3727.8000,3727.0000,3730.6000,3730.8000,3731.4000,3732.0000,3732.2000,3,1,1,3,3,1,2,1,2,1
SF,IF2009,2020-05-27 09:31:10.200,3730.0000,26126,0,198174360.000,0,-,-,-,-,3730.0000,3728.8000,3728.0000,3727.8000,3727.0000,3730.4000,3730.6000,3730.8000,3731.4000,3732.0000,3,1,1,3,3,1,1,1,1,2
SF,IF2009,2020-05-27 09:31:10.700,3730.0000,26126,0,198174360.000,0,-,-,-,-,3730.0000,3728.8000,3728.0000,3727.8000,3727.0000,3730.4000,3730.6000,3731.4000,3732.0000,3732.2000,3,1,1,3,3,1,1,1,2,1
SF,IF2009,2020-05-27 09:31:13.200,3730.4000,26125,-1,199293480.000,1,0,1,双平,S,3730.0000,3728.8000,3728.0000,3727.8000,3727.0000,3730.6000,3731.4000,3732.0000,3732.2000,3734.8000,3,1,1,3,3,1,1,2,1,3
SF,IF2009,2020-05-27 09:31:13.700,3730.0000,26126,1,201531480.000,2,1,1,空开,S,3730.0000,3728.8000,3728.0000,3727.8000,3727.0000,3731.4000,3732.0000,3732.2000,3734.8000,3735.2000,1,1,1,3,3,1,2,1,3,5
SF,IF2009,2020-05-27 09:31:14.200,3730.0000,26125,-1,202650480.000,1,0,1,双平,S,3728.8000,3728.0000,3727.8000,3727.0000,3726.6000,3730.0000,3730.4000,3730.6000,3731.2000,3731.4000,1,1,3,3,1,6,3,3,6,3
SF,IF2009,2020-05-27 09:31:14.700,3730.0000,26123,-2,206007480.000,3,0,3,多平,S,3729.4000,3729.2000,3729.0000,3728.8000,3728.0000,3730.0000,3730.4000,3731.2000,3731.4000,3732.0000,1,1,1,1,1,5,1,5,3,2
SF,IF2009,2020-05-27 09:31:15.200,3730.0000,26123,0,206007480.000,0,-,-,-,-,3729.4000,3729.2000,3729.0000,3728.8000,3728.0000,3730.0000,3730.4000,3731.0000,3731.2000,3731.4000,1,1,1,1,1,5,1,1,5,3
SF,IF2009,2020-05-27 09:31:15.700,3730.0000,26123,0,207126480.000,1,0,1,多换,S,3729.4000,3729.2000,3729.0000,3728.8000,3728.0000,3730.0000,3730.4000,3731.0000,3731.2000,3731.4000,1,1,1,1,1,4,1,1,5,3
SF,IF2009,2020-05-27 09:31:16.700,3730.0000,26123,0,207126480.000,0,-,-,-,-,3729.4000,3729.2000,3729.0000,3728.8000,3728.0000,3730.0000,3730.4000,3731.0000,3731.2000,3731.4000,1,1,1,1,1,5,1,1,5,3
SF,IF2009,2020-05-27 09:31:18.200,3730.0000,26123,0,207126480.000,0,-,-,-,-,3729.4000,3729.2000,3729.0000,3728.8000,3728.0000,3730.0000,3730.4000,3731.0000,3731.2000,3731.4000,1,1,1,1,1,5,1,1,5,3
SF,IF2009,2020-05-27 09:31:18.700,3730.0000,26123,0,207126480.000,0,-,-,-,-,3729.4000,3729.2000,3729.0000,3728.8000,3728.0000,3729.8000,3730.0000,3730.4000,3731.2000,3731.4000,1,1,1,1,1,1,5,1,5,3
SF,IF2009,2020-05-27 09:31:19.700,3730.0000,26123,0,207126480.000,0,-,-,-,-,3729.4000,3729.2000,3729.0000,3728.8000,3728.0000,3729.8000,3730.0000,3730.4000,3731.2000,3731.4000,1,1,1,1,1,1,6,1,5,3
SF,IF2009,2020-05-27 09:31:20.200,3730.0000,26123,0,207126480.000,0,-,-,-,-,3729.2000,3729.0000,3728.8000,3728.0000,3727.0000,3729.8000,3730.0000,3730.4000,3731.2000,3731.4000,1,1,1,1,3,1,6,1,5,3
SF,IF2009,2020-05-27 09:31:20.700,3729.2000,26122,-1,208245240.000,1,0,1,双平,S,3729.0000,3728.8000,3728.0000,3727.0000,3726.6000,3729.8000,3730.0000,3730.4000,3731.0000,3731.2000,1,1,1,3,1,1,6,1,1,5
SF,IF2009,2020-05-27 09:31:21.200,3729.2000,26122,0,208245240.000,0,-,-,-,-,3729.0000,3728.8000,3728.0000,3727.0000,3726.6000,3729.6000,3729.8000,3730.0000,3730.4000,3731.0000,1,1,1,3,1,3,1,6,1,1
SF,IF2009,2020-05-27 09:31:21.700,3729.0000,26121,-1,209363940.000,1,0,1,双平,S,3728.8000,3728.0000,3727.0000,3726.6000,3722.0000,3729.6000,3729.8000,3730.0000,3730.4000,3731.0000,1,1,3,1,1,3,1,6,1,1
SF,IF2009,2020-05-27 09:31:22.200,3728.8000,26121,0,210482580.000,1,0,1,多换,S,3728.0000,3727.0000,3726.6000,3722.0000,3720.0000,3729.4000,3729.6000,3729.8000,3730.0000,3730.4000,1,3,1,1,8,4,3,1,6,1
SF,IF2009,2020-05-27 09:31:22.700,3728.8000,26121,0,210482580.000,0,-,-,-,-,3728.2000,3728.0000,3727.0000,3726.6000,3722.0000,3729.0000,3729.2000,3729.4000,3729.6000,3729.8000,1,1,3,1,1,1,2,5,3,1
SF,IF2009,2020-05-27 09:31:23.200,3728.8000,26121,0,210482580.000,0,-,-,-,-,3728.2000,3728.0000,3727.0000,3726.6000,3722.0000,3728.8000,3729.2000,3729.4000,3729.6000,3729.8000,1,1,3,1,1,2,2,3,3,1
SF,IF2009,2020-05-27 09:31:23.700,3728.8000,26120,-1,211601220.000,1,0,1,双平,S,3728.2000,3728.0000,3727.0000,3726.6000,3722.0000,3728.8000,3729.2000,3729.4000,3729.6000,3729.8000,1,1,3,1,1,1,2,2,3,1
SF,IF2009,2020-05-27 09:31:24.200,3728.8000,26119,-1,212719860.000,1,0,1,双平,S,3728.2000,3728.0000,3727.0000,3726.6000,3722.0000,3729.2000,3729.4000,3729.6000,3729.8000,3730.0000,1,1,3,1,1,2,1,3,1,6
SF,IF2009,2020-05-27 09:31:24.700,3728.8000,26119,0,212719860.000,0,-,-,-,-,3728.4000,3728.0000,3727.0000,3726.6000,3722.0000,3729.2000,3729.4000,3729.6000,3729.8000,3730.0000,1,1,3,1,1,2,1,3,1,6
SF,IF2009,2020-05-27 09:31:25.200,3728.8000,26119,0,212719860.000,0,-,-,-,-,3728.6000,3728.4000,3728.0000,3727.0000,3726.6000,3729.2000,3729.4000,3729.6000,3729.8000,3730.0000,1,1,1,3,1,1,1,3,1,6
SF,IF2009,2020-05-27 09:31:25.700,3728.8000,26119,0,212719860.000,0,-,-,-,-,3728.6000,3728.4000,3728.0000,3727.0000,3726.6000,3729.2000,3729.4000,3729.6000,3729.8000,3730.0000,1,1,2,3,1,1,1,3,1,6
SF,IF2009,2020-05-27 09:31:26.200,3729.2000,26118,-1,213838620.000,1,0,1,双平,S,3728.8000,3728.6000,3728.0000,3727.0000,3726.6000,3729.4000,3729.6000,3729.8000,3730.0000,3731.0000,1,1,2,3,1,1,3,1,6,1
SF,IF2009,2020-05-27 09:31:26.700,3729.2000,26118,0,213838620.000,0,-,-,-,-,3728.8000,3728.6000,3728.0000,3727.0000,3726.6000,3729.6000,3729.8000,3730.0000,3731.0000,3731.2000,1,1,2,3,1,2,1,6,1,2
SF,IF2009,2020-05-27 09:31:27.200,3729.6000,26116,-2,216076380.000,2,0,2,双平,S,3728.8000,3728.0000,3727.0000,3726.6000,3722.0000,3730.0000,3731.0000,3731.2000,3731.4000,3732.0000,2,2,3,1,1,6,1,2,2,1
SF,IF2009,2020-05-27 09:31:27.700,3729.6000,26116,0,216076380.000,0,-,-,-,-,3729.4000,3728.8000,3728.0000,3727.0000,3726.6000,3730.0000,3731.0000,3731.2000,3731.4000,3732.0000,1,2,2,3,1,6,1,2,2,1
SF,IF2009,2020-05-27 09:31:28.200,3729.6000,26116,0,216076380.000,0,-,-,-,-,3729.4000,3729.0000,3728.8000,3728.0000,3727.0000,3730.0000,3731.0000,3731.2000,3731.4000,3732.0000,2,2,2,2,3,5,1,2,2,1
SF,IF2009,2020-05-27 09:31:28.700,3729.6000,26116,0,216076380.000,0,-,-,-,-,3729.4000,3729.0000,3728.8000,3728.0000,3727.0000,3730.0000,3731.0000,3731.2000,3731.4000,3732.0000,2,3,1,2,3,5,1,2,2,1
SF,IF2009,2020-05-27 09:31:29.200,3729.6000,26116,0,216076380.000,0,-,-,-,-,3729.8000,3729.4000,3729.0000,3728.8000,3728.0000,3730.0000,3731.0000,3731.2000,3731.4000,3732.0000,1,1,3,1,2,5,1,2,2,1
SF,IF2009,2020-05-27 09:31:29.700,3730.0000,26116,0,217195380.000,1,0,1,多换,S,3729.8000,3729.4000,3729.0000,3728.8000,3728.0000,3730.0000,3731.0000,3731.2000,3731.4000,3732.0000,1,1,3,1,2,4,1,2,2,1
SF,IF2009,2020-05-27 09:31:30.200,3730.0000,26116,0,217195380.000,0,-,-,-,-,3729.4000,3729.0000,3728.8000,3728.0000,3727.0000,3729.8000,3730.0000,3731.0000,3731.2000,3731.4000,1,3,1,2,3,1,4,1,2,2
SF,IF2009,2020-05-27 09:31:30.700,3730.0000,26116,0,218314380.000,1,0,1,多换,S,3729.4000,3729.0000,3728.8000,3728.0000,3727.0000,3730.0000,3731.0000,3731.2000,3731.4000,3732.0000,1,3,1,2,3,5,1,2,2,1
SF,IF2009,2020-05-27 09:31:31.200,3730.0000,26116,0,218314380.000,0,-,-,-,-,3729.4000,3729.0000,3728.8000,3728.0000,3727.0000,3729.6000,3729.8000,3730.0000,3731.0000,3731.2000,1,3,1,2,3,2,3,6,1,2
SF,IF2009,2020-05-27 09:31:31.700,3729.4000,26116,0,219433200.000,1,0,1,多换,S,3729.0000,3728.8000,3728.0000,3727.0000,3726.6000,3729.6000,3729.8000,3730.0000,3731.0000,3731.2000,2,1,2,3,1,1,1,6,1,2
SF,IF2009,2020-05-27 09:31:32.200,3729.4000,26116,0,219433200.000,0,-,-,-,-,3729.0000,3728.8000,3728.0000,3727.0000,3726.6000,3729.4000,3729.6000,3729.8000,3730.0000,3731.0000,1,1,2,3,1,1,2,1,6,1
SF,IF2009,2020-05-27 09:31:32.700,3729.4000,26116,0,219433200.000,0,-,-,-,-,3729.0000,3728.8000,3728.0000,3727.0000,3726.6000,3729.6000,3729.8000,3730.0000,3731.0000,3731.2000,1,1,3,3,1,1,1,5,1,2
SF,IF2009,2020-05-27 09:31:33.200,3729.4000,26116,0,219433200.000,0,-,-,-,-,3729.0000,3728.8000,3728.0000,3727.0000,3726.6000,3729.6000,3729.8000,3730.0000,3731.0000,3731.2000,1,1,3,3,1,2,1,5,1,2
SF,IF2009,2020-05-27 09:31:34.200,3729.4000,26116,0,219433200.000,0,-,-,-,-,3729.0000,3728.8000,3728.0000,3727.0000,3726.6000,3730.0000,3731.0000,3731.2000,3731.4000,3732.0000,1,1,3,3,1,5,1,2,2,1
SF,IF2009,2020-05-27 09:31:34.700,3729.4000,26116,0,219433200.000,0,-,-,-,-,3729.0000,3728.8000,3728.0000,3727.0000,3726.6000,3729.8000,3730.0000,3731.0000,3731.2000,3731.4000,1,1,3,3,1,2,5,1,2,2
SF,IF2009,2020-05-27 09:31:35.700,3729.4000,26116,0,219433200.000,0,-,-,-,-,3729.2000,3729.0000,3728.8000,3728.0000,3727.0000,3729.8000,3730.0000,3731.0000,3731.2000,3731.4000,1,1,1,3,2,2,5,1,2,2
SF,IF2009,2020-05-27 09:31:36.200,3729.4000,26116,0,219433200.000,0,-,-,-,-,3729.0000,3728.8000,3728.0000,3727.0000,3726.6000,3729.4000,3729.6000,3729.8000,3730.0000,3731.0000,1,1,3,2,1,5,4,2,5,1
SF,IF2009,2020-05-27 09:31:36.700,3729.2000,26114,-2,221670780.000,2,0,2,双平,S,3729.0000,3728.8000,3728.0000,3727.0000,3726.6000,3729.8000,3730.0000,3731.0000,3731.2000,3731.4000,1,1,3,2,1,2,5,1,2,2
SF,IF2009,2020-05-27 09:31:37.200,3729.2000,26114,0,221670780.000,0,-,-,-,-,3729.2000,3729.0000,3728.0000,3727.0000,3726.6000,3729.8000,3730.0000,3731.0000,3731.2000,3731.4000,1,1,3,2,1,2,5,1,2,2
SF,IF2009,2020-05-27 09:31:38.700,3729.2000,26114,0,221670780.000,0,-,-,-,-,3729.2000,3729.0000,3728.0000,3727.0000,3726.6000,3729.8000,3730.0000,3730.8000,3731.0000,3731.2000,1,1,3,2,1,2,4,1,1,2
SF,IF2009,2020-05-27 09:31:39.200,3729.2000,26114,0,221670780.000,0,-,-,-,-,3729.2000,3729.0000,3728.0000,3727.0000,3726.6000,3729.8000,3730.0000,3730.8000,3731.0000,3731.2000,1,1,3,2,1,2,4,1,1,2
SF,IF2009,2020-05-27 09:31:39.700,3729.2000,26113,-1,222789540.000,1,0,1,双平,S,3729.0000,3728.0000,3727.0000,3726.6000,3722.0000,3729.8000,3730.0000,3730.8000,3731.0000,3731.2000,1,3,2,1,1,2,4,1,1,2
SF,IF2009,2020-05-27 09:31:40.200,3729.2000,26113,0,222789540.000,0,-,-,-,-,3729.0000,3728.0000,3727.0000,3726.6000,3722.0000,3729.8000,3730.0000,3730.8000,3731.0000,3731.2000,1,3,2,1,1,2,4,1,1,2
SF,IF2009,2020-05-27 09:31:40.700,3729.2000,26113,0,222789540.000,0,-,-,-,-,3729.0000,3728.0000,3727.0000,3726.6000,3722.0000,3729.2000,3729.8000,3730.0000,3730.8000,3731.0000,1,3,2,1,1,6,2,4,1,1
SF,IF2009,2020-05-27 09:31:41.200,3729.0000,26112,-1,226145760.000,3,1,2,多平,S,3728.0000,3727.0000,3726.6000,3722.0000,3720.0000,3728.8000,3729.2000,3729.8000,3730.0000,3730.8000,3,2,1,1,8,1,4,2,4,1
SF,IF2009,2020-05-27 09:31:41.700,3728.8000,26111,-1,227264400.000,1,0,1,双平,S,3728.2000,3728.0000,3727.0000,3726.6000,3722.0000,3729.2000,3729.8000,3730.0000,3730.8000,3731.0000,3,3,2,1,1,4,2,4,1,1
SF,IF2009,2020-05-27 09:31:43.200,3728.2000,26110,-1,228382860.000,1,0,1,双平,S,3728.2000,3728.0000,3727.0000,3726.6000,3722.0000,3729.2000,3729.8000,3730.0000,3730.8000,3731.0000,2,3,2,1,1,4,2,4,1,1
SF,IF2009,2020-05-27 09:31:44.700,3728.2000,26110,0,228382860.000,0,-,-,-,-,3728.2000,3728.0000,3727.0000,3726.6000,3722.0000,3729.0000,3729.2000,3729.8000,3730.0000,3730.8000,2,4,2,1,1,1,4,2,4,1
SF,IF2009,2020-05-27 09:31:45.200,3729.0000,26109,-1,229501560.000,1,0,1,双平,S,3728.2000,3728.0000,3727.0000,3726.6000,3723.0000,3729.2000,3729.8000,3730.0000,3730.8000,3731.0000,2,4,2,1,1,4,2,4,1,1
SF,IF2009,2020-05-27 09:31:46.200,3729.0000,26109,0,229501560.000,0,-,-,-,-,3728.2000,3728.0000,3727.0000,3726.6000,3723.0000,3729.2000,3729.8000,3730.0000,3730.8000,3731.0000,2,4,2,1,1,4,2,4,1,1
SF,IF2009,2020-05-27 09:31:50.700,3729.2000,26109,0,230620320.000,1,0,1,多换,S,3728.2000,3728.0000,3727.0000,3726.6000,3723.0000,3729.2000,3729.8000,3730.0000,3730.8000,3731.0000,3,4,2,1,1,3,2,4,1,1
SF,IF2009,2020-05-27 09:31:51.200,3729.2000,26108,-1,232857840.000,2,0,2,多平,S,3728.2000,3728.0000,3727.0000,3726.6000,3723.0000,3729.2000,3729.8000,3730.0000,3730.8000,3731.0000,3,4,2,1,1,2,2,4,1,1
SF,IF2009,2020-05-27 09:31:51.700,3729.2000,26108,0,232857840.000,0,-,-,-,-,3728.4000,3728.2000,3728.0000,3727.0000,3726.6000,3729.2000,3729.8000,3730.0000,3730.8000,3731.0000,1,3,4,2,1,2,2,4,1,1
SF,IF2009,2020-05-27 09:31:52.200,3729.2000,26108,0,232857840.000,0,-,-,-,-,3728.4000,3728.2000,3728.0000,3727.0000,3726.6000,3729.2000,3729.8000,3730.0000,3730.8000,3731.0000,1,4,4,2,1,2,2,4,1,1
SF,IF2009,2020-05-27 09:31:52.700,3729.2000,26108,0,232857840.000,0,-,-,-,-,3728.6000,3728.4000,3728.2000,3728.0000,3727.0000,3729.0000,3729.2000,3729.8000,3730.0000,3730.8000,1,1,3,4,2,1,2,2,4,1
SF,IF2009,2020-05-27 09:31:53.200,3729.2000,26107,-1,236214060.000,3,1,2,多平,S,3728.6000,3728.2000,3728.0000,3727.0000,3726.6000,3729.8000,3730.0000,3730.8000,3731.0000,3731.2000,1,3,4,2,1,2,4,1,1,2
SF,IF2009,2020-05-27 09:31:53.700,3729.2000,26107,0,236214060.000,0,-,-,-,-,3728.6000,3728.2000,3728.0000,3727.0000,3726.6000,3729.6000,3729.8000,3730.0000,3730.8000,3731.0000,2,3,4,2,1,2,2,4,1,1
SF,IF2009,2020-05-27 09:31:54.200,3729.2000,26107,0,236214060.000,0,-,-,-,-,3729.2000,3728.6000,3728.2000,3728.0000,3727.0000,3730.0000,3730.8000,3731.0000,3731.2000,3731.4000,1,2,3,4,2,4,1,1,2,2
SF,IF2009,2020-05-27 09:31:54.700,3729.2000,26107,0,236214060.000,0,-,-,-,-,3729.4000,3729.2000,3728.6000,3728.2000,3728.0000,3729.8000,3730.0000,3730.8000,3731.0000,3731.2000,1,2,1,2,4,1,4,1,1,2
SF,IF2009,2020-05-27 09:31:55.200,3730.0000,26107,0,237333060.000,1,0,1,多换,S,3729.4000,3729.2000,3728.6000,3728.2000,3728.0000,3730.0000,3730.8000,3731.0000,3731.2000,3731.4000,1,2,1,2,4,3,1,1,2,2
SF,IF2009,2020-05-27 09:31:55.700,3730.0000,26107,0,239571060.000,2,1,1,多换,S,3729.4000,3729.2000,3728.6000,3728.2000,3728.0000,3730.0000,3730.8000,3731.0000,3731.2000,3731.4000,1,2,1,2,4,1,1,1,2,2
SF,IF2009,2020-05-27 09:31:56.200,3730.0000,26107,0,239571060.000,0,-,-,-,-,3729.4000,3729.2000,3728.6000,3728.2000,3728.0000,3730.0000,3730.8000,3731.0000,3731.2000,3731.4000,1,1,1,2,4,1,1,1,2,2
SF,IF2009,2020-05-27 09:31:56.700,3730.0000,26106,-1,240690060.000,1,0,1,双平,S,3729.4000,3729.2000,3728.6000,3728.2000,3728.0000,3730.8000,3731.0000,3731.2000,3731.4000,3732.0000,1,1,1,2,4,1,1,2,2,1
SF,IF2009,2020-05-27 09:31:57.200,3730.6000,26105,-1,241809240.000,1,0,1,双平,S,3729.6000,3729.4000,3729.2000,3728.2000,3728.0000,3730.6000,3730.8000,3731.0000,3731.2000,3731.4000,1,3,1,2,4,3,1,1,1,2
SF,IF2009,2020-05-27 09:31:57.700,3730.6000,26105,0,241809240.000,0,-,-,-,-,3729.6000,3729.4000,3729.2000,3728.2000,3728.0000,3730.6000,3730.8000,3731.0000,3731.2000,3731.4000,2,2,1,2,4,3,1,1,1,2
SF,IF2009,2020-05-27 09:31:58.200,3730.6000,26105,0,241809240.000,0,-,-,-,-,3729.6000,3729.4000,3729.2000,3728.2000,3728.0000,3730.6000,3730.8000,3731.0000,3731.4000,3732.0000,2,2,1,2,4,3,1,1,2,1
SF,IF2009,2020-05-27 09:31:58.700,3730.6000,26105,0,241809240.000,0,-,-,-,-,3729.6000,3729.4000,3729.2000,3728.2000,3728.0000,3730.6000,3730.8000,3731.0000,3731.4000,3732.0000,1,1,1,2,4,3,1,1,2,1
SF,IF2009,2020-05-27 09:31:59.200,3730.6000,26104,-1,245166780.000,3,1,2,多平,S,3729.6000,3729.4000,3729.2000,3728.2000,3728.0000,3730.8000,3731.0000,3731.4000,3732.0000,3732.2000,2,1,1,2,4,1,1,2,1,1
SF,IF2009,2020-05-27 09:31:59.700,3730.6000,26104,0,245166780.000,0,-,-,-,-,3729.6000,3729.4000,3728.2000,3728.0000,3727.0000,3730.4000,3730.6000,3730.8000,3731.0000,3731.4000,2,1,2,4,2,6,1,1,1,2
SF,IF2009,2020-05-27 09:32:01.200,3730.6000,26104,0,245166780.000,0,-,-,-,-,3729.6000,3729.4000,3728.2000,3728.0000,3727.0000,3730.4000,3730.6000,3730.8000,3731.0000,3731.4000,2,1,2,4,2,6,1,1,1,2
SF,IF2009,2020-05-27 09:32:01.700,3729.4000,26102,-2,247404480.000,2,0,2,双平,S,3728.2000,3728.0000,3727.0000,3726.6000,3723.0000,3728.6000,3729.6000,3730.0000,3730.2000,3730.4000,2,4,2,1,1,1,2,2,2,1
SF,IF2009,2020-05-27 09:32:02.200,3728.6000,26102,0,248523060.000,1,0,1,多换,S,3728.6000,3728.4000,3728.2000,3728.0000,3727.0000,3729.6000,3730.0000,3730.2000,3730.4000,3730.6000,1,2,2,4,2,4,2,3,1,2
SF,IF2009,2020-05-27 09:32:02.700,3728.6000,26101,-1,249641640.000,1,0,1,双平,S,3728.6000,3728.4000,3728.2000,3728.0000,3727.0000,3729.4000,3729.6000,3730.2000,3730.4000,3730.6000,1,1,2,4,2,4,5,1,1,2
SF,IF2009,2020-05-27 09:32:03.200,3728.6000,26101,0,249641640.000,0,-,-,-,-,3728.6000,3728.4000,3728.2000,3728.0000,3727.0000,3729.4000,3729.6000,3730.2000,3730.4000,3730.6000,1,1,2,4,2,3,5,1,1,2
SF,IF2009,2020-05-27 09:32:04.200,3728.6000,26101,0,249641640.000,0,-,-,-,-,3728.6000,3728.4000,3728.2000,3728.0000,3727.0000,3729.4000,3729.6000,3730.2000,3730.4000,3730.6000,1,1,2,4,2,3,4,1,1,2
SF,IF2009,2020-05-27 09:32:04.700,3728.6000,26101,0,249641640.000,0,-,-,-,-,3728.6000,3728.4000,3728.2000,3728.0000,3727.0000,3729.4000,3729.6000,3730.2000,3730.4000,3730.6000,2,1,2,4,2,3,4,1,1,2
SF,IF2009,2020-05-27 09:32:05.200,3729.4000,26100,-1,250760460.000,1,0,1,双平,S,3728.8000,3728.6000,3728.2000,3728.0000,3727.0000,3729.6000,3730.2000,3730.4000,3730.6000,3730.8000,1,2,2,4,2,2,1,1,1,1
SF,IF2009,2020-05-27 09:32:05.700,3729.4000,26100,0,250760460.000,0,-,-,-,-,3728.8000,3728.6000,3728.2000,3728.0000,3727.0000,3729.6000,3730.2000,3730.4000,3730.6000,3730.8000,2,1,2,4,2,2,1,1,1,1
SF,IF2009,2020-05-27 09:32:06.200,3729.4000,26100,0,250760460.000,0,-,-,-,-,3728.8000,3728.6000,3728.2000,3728.0000,3727.0000,3729.6000,3730.0000,3730.2000,3730.4000,3730.6000,2,1,2,4,2,2,1,1,1,1
SF,IF2009,2020-05-27 09:32:07.200,3729.4000,26100,0,250760460.000,0,-,-,-,-,3728.8000,3728.6000,3728.2000,3728.0000,3727.0000,3729.6000,3730.0000,3730.2000,3730.6000,3730.8000,2,1,2,4,2,2,1,1,1,1
SF,IF2009,2020-05-27 09:32:07.700,3729.4000,26100,0,250760460.000,0,-,-,-,-,3728.6000,3728.2000,3728.0000,3727.0000,3726.6000,3729.6000,3730.0000,3730.2000,3730.6000,3730.8000,1,2,4,2,1,3,1,1,1,1
SF,IF2009,2020-05-27 09:32:08.200,3729.4000,26100,0,250760460.000,0,-,-,-,-,3728.6000,3728.2000,3728.0000,3727.0000,3726.6000,3729.4000,3729.6000,3730.0000,3730.2000,3730.6000,1,2,4,2,1,2,3,1,1,1
SF,IF2009,2020-05-27 09:32:08.700,3729.4000,26100,0,250760460.000,0,-,-,-,-,3728.6000,3728.2000,3728.0000,3727.0000,3726.6000,3729.4000,3729.6000,3730.0000,3730.2000,3730.6000,3,2,4,2,1,2,3,1,1,1
SF,IF2009,2020-05-27 09:32:09.200,3729.4000,26100,0,250760460.000,0,-,-,-,-,3728.6000,3728.2000,3728.0000,3727.0000,3726.6000,3729.4000,3729.6000,3730.0000,3730.2000,3730.6000,2,2,4,2,1,2,3,1,1,1
SF,IF2009,2020-05-27 09:32:09.700,3729.4000,26100,0,250760460.000,0,-,-,-,-,3728.6000,3728.2000,3728.0000,3727.0000,3726.6000,3729.0000,3729.4000,3729.6000,3730.0000,3730.2000,3,2,4,2,1,1,3,1,1,1
SF,IF2009,2020-05-27 09:32:10.200,3728.6000,26099,-1,251879040.000,1,0,1,双平,S,3728.6000,3728.2000,3728.0000,3727.0000,3726.6000,3729.0000,3729.4000,3729.6000,3730.0000,3730.2000,2,2,4,2,1,3,4,1,1,1
SF,IF2009,2020-05-27 09:32:10.700,3728.6000,26099,0,252997620.000,1,0,1,多换,S,3728.2000,3728.0000,3727.0000,3726.6000,3723.0000,3728.6000,3729.0000,3729.4000,3729.6000,3730.0000,2,4,2,1,2,1,3,4,1,1
SF,IF2009,2020-05-27 09:32:11.200,3728.6000,26099,0,252997620.000,0,-,-,-,-,3728.2000,3728.0000,3727.0000,3726.6000,3723.0000,3728.6000,3729.0000,3729.4000,3729.6000,3730.0000,2,4,2,1,2,1,3,3,1,1
SF,IF2009,2020-05-27 09:32:12.200,3728.2000,26098,-1,254116080.000,1,0,1,双平,S,3728.2000,3728.0000,3727.0000,3726.6000,3723.0000,3728.6000,3729.0000,3729.4000,3729.6000,3730.0000,1,4,2,1,2,2,3,3,1,1
SF,IF2009,2020-05-27 09:32:12.700,3728.2000,26098,0,254116080.000,0,-,-,-,-,3728.2000,3728.0000,3727.0000,3726.6000,3723.0000,3728.6000,3729.0000,3729.4000,3729.6000,3730.0000,1,4,2,1,2,2,3,3,1,1
SF,IF2009,2020-05-27 09:32:13.200,3728.2000,26098,0,255234540.000,1,0,1,多换,S,3728.0000,3727.0000,3726.6000,3723.0000,3722.0000,3728.6000,3729.0000,3729.4000,3729.6000,3730.0000,4,2,1,2,1,2,1,3,1,1
SF,IF2009,2020-05-27 09:32:13.700,3728.0000,26094,-4,259708140.000,4,0,4,双平,S,3727.0000,3726.6000,3723.0000,3722.0000,3720.0000,3728.6000,3729.0000,3729.4000,3729.6000,3730.0000,2,1,2,1,8,2,1,3,1,1
SF,IF2009,2020-05-27 09:32:14.200,3728.0000,26094,0,259708140.000,0,-,-,-,-,3727.2000,3727.0000,3726.6000,3723.0000,3722.0000,3728.4000,3728.6000,3729.0000,3729.4000,3729.6000,2,2,1,2,1,1,2,1,2,1
SF,IF2009,2020-05-27 09:32:14.700,3727.8000,26093,-1,260826480.000,1,0,1,双平,S,3728.0000,3727.0000,3726.6000,3723.0000,3722.0000,3728.4000,3728.6000,3729.0000,3729.4000,3729.6000,1,2,1,2,1,3,2,1,1,1
SF,IF2009,2020-05-27 09:32:15.200,3727.0000,26092,-1,263062980.000,2,0,2,多平,S,3727.0000,3726.6000,3723.0000,3722.0000,3720.0000,3727.8000,3728.0000,3728.2000,3728.4000,3728.6000,1,1,2,1,8,1,1,3,3,2
SF,IF2009,2020-05-27 09:32:15.700,3727.0000,26091,-1,264181080.000,1,0,1,双平,S,3726.6000,3723.0000,3722.0000,3720.0000,3719.0000,3726.8000,3727.8000,3728.0000,3728.2000,3728.4000,1,2,1,8,2,2,1,4,1,3
SF,IF2009,2020-05-27 09:32:16.200,3726.6000,26090,-1,265299060.000,1,0,1,双平,S,3723.0000,3722.0000,3720.0000,3719.0000,3718.0000,3726.4000,3728.0000,3728.2000,3728.4000,3728.6000,2,1,8,2,1,1,1,1,2,2
SF,IF2009,2020-05-27 09:32:16.700,3726.2000,26088,-2,267534720.000,2,0,2,双平,S,3724.4000,3724.0000,3723.6000,3723.2000,3723.0000,3726.2000,3728.0000,3728.2000,3728.4000,3728.6000,4,2,2,4,7,1,1,1,1,2
SF,IF2009,2020-05-27 09:32:17.200,3726.2000,26088,0,267534720.000,0,-,-,-,-,3724.6000,3724.4000,3724.0000,3723.4000,3723.2000,3726.2000,3728.0000,3728.2000,3728.4000,3728.6000,3,4,1,1,5,1,1,1,1,2
SF,IF2009,2020-05-27 09:32:17.700,3726.2000,26088,0,267534720.000,0,-,-,-,-,3724.8000,3724.6000,3724.0000,3723.4000,3723.2000,3726.2000,3728.0000,3728.2000,3728.4000,3728.6000,1,3,1,1,4,1,1,2,1,2
SF,IF2009,2020-05-27 09:32:18.200,3726.2000,26088,0,267534720.000,0,-,-,-,-,3725.0000,3724.8000,3724.0000,3723.4000,3723.2000,3726.2000,3728.0000,3728.2000,3728.4000,3728.6000,3,2,1,1,4,1,1,2,1,2
SF,IF2009,2020-05-27 09:32:18.700,3726.2000,26087,-1,268652580.000,1,0,1,双平,S,3725.2000,3725.0000,3724.0000,3723.4000,3723.2000,3728.0000,3728.2000,3728.4000,3728.6000,3729.0000,3,3,1,1,4,1,2,1,1,1
SF,IF2009,2020-05-27 09:32:19.200,3726.2000,26087,0,268652580.000,0,-,-,-,-,3725.4000,3725.2000,3724.0000,3723.4000,3723.2000,3727.4000,3727.8000,3728.0000,3728.2000,3728.6000,2,1,1,1,4,2,5,2,2,1
SF,IF2009,2020-05-27 09:32:19.700,3726.2000,26087,0,268652580.000,0,-,-,-,-,3725.4000,3725.2000,3724.0000,3723.4000,3723.2000,3727.2000,3727.4000,3727.8000,3728.0000,3728.2000,2,1,1,1,3,5,2,3,2,2
SF,IF2009,2020-05-27 09:32:20.200,3726.2000,26087,0,268652580.000,0,-,-,-,-,3726.2000,3725.6000,3725.4000,3725.2000,3724.0000,3727.0000,3727.2000,3727.4000,3727.8000,3728.0000,1,3,1,1,1,1,5,2,2,2
SF,IF2009,2020-05-27 09:32:20.700,3726.4000,26086,-1,270888360.000,2,0,2,多平,S,3725.6000,3725.4000,3725.2000,3724.0000,3723.4000,3726.8000,3727.0000,3727.2000,3727.8000,3728.0000,2,1,1,1,1,1,1,4,2,1
SF,IF2009,2020-05-27 09:32:21.200,3726.4000,26086,0,270888360.000,0,-,-,-,-,3725.8000,3725.6000,3725.2000,3724.0000,3723.4000,3726.6000,3726.8000,3727.0000,3727.2000,3727.8000,1,2,1,1,1,1,1,1,3,2
SF,IF2009,2020-05-27 09:32:21.700,3726.4000,26086,0,270888360.000,0,-,-,-,-,3725.8000,3725.6000,3725.2000,3724.0000,3723.4000,3726.8000,3727.0000,3727.2000,3727.8000,3728.0000,1,1,1,1,1,1,1,3,2,1
SF,IF2009,2020-05-27 09:32:22.200,3726.4000,26086,0,270888360.000,0,-,-,-,-,3725.8000,3725.6000,3725.2000,3724.0000,3723.4000,3726.6000,3726.8000,3727.2000,3727.8000,3728.0000,3,1,1,1,1,1,1,3,2,1
SF,IF2009,2020-05-27 09:32:22.700,3726.4000,26086,0,270888360.000,0,-,-,-,-,3726.0000,3725.8000,3725.6000,3725.2000,3724.0000,3726.6000,3726.8000,3727.2000,3727.8000,3728.0000,2,1,1,1,1,1,1,3,2,1
SF,IF2009,2020-05-27 09:32:23.200,3726.4000,26086,0,270888360.000,0,-,-,-,-,3726.2000,3726.0000,3725.6000,3725.2000,3724.0000,3727.2000,3727.8000,3728.0000,3728.2000,3728.6000,1,2,1,1,1,3,2,1,2,1
SF,IF2009,2020-05-27 09:32:23.700,3726.4000,26086,0,270888360.000,0,-,-,-,-,3726.2000,3725.6000,3725.2000,3724.0000,3723.4000,3727.0000,3727.2000,3727.8000,3728.0000,3728.2000,3,1,1,1,1,1,1,2,1,2
SF,IF2009,2020-05-27 09:32:24.200,3726.4000,26086,0,270888360.000,0,-,-,-,-,3726.4000,3726.2000,3725.6000,3725.2000,3724.0000,3727.2000,3727.8000,3728.0000,3728.2000,3728.6000,3,1,1,1,1,1,2,1,2,1
SF,IF2009,2020-05-27 09:32:24.700,3726.4000,26086,0,270888360.000,0,-,-,-,-,3726.6000,3726.4000,3725.6000,3725.2000,3725.0000,3727.8000,3728.0000,3728.2000,3728.6000,3729.4000,2,1,1,1,1,2,1,2,1,1
SF,IF2009,2020-05-27 09:32:25.200,3726.4000,26086,0,270888360.000,0,-,-,-,-,3726.8000,3726.6000,3725.2000,3725.0000,3724.0000,3727.6000,3727.8000,3728.2000,3728.6000,3729.4000,1,2,1,1,1,1,2,1,1,1
SF,IF2009,2020-05-27 09:32:25.700,3726.4000,26086,0,270888360.000,0,-,-,-,-,3727.0000,3726.8000,3725.2000,3725.0000,3724.0000,3728.2000,3728.6000,3729.4000,3730.0000,3730.8000,2,2,1,1,1,1,1,1,1,1
SF,IF2009,2020-05-27 09:32:26.200,3726.4000,26086,0,270888360.000,0,-,-,-,-,3727.2000,3727.0000,3725.2000,3725.0000,3724.0000,3728.0000,3728.2000,3728.6000,3729.4000,3730.0000,3,1,2,1,1,3,1,1,1,1
SF,IF2009,2020-05-27 09:32:26.700,3727.2000,26083,-3,274242780.000,3,0,3,双平,S,3725.2000,3725.0000,3724.0000,3723.4000,3723.2000,3727.6000,3728.0000,3728.2000,3728.6000,3729.4000,2,1,1,1,3,4,5,1,1,1
SF,IF2009,2020-05-27 09:32:27.200,3727.2000,26083,0,274242780.000,0,-,-,-,-,3725.4000,3725.2000,3725.0000,3724.0000,3723.4000,3727.4000,3727.6000,3728.0000,3728.2000,3728.6000,4,2,1,1,1,4,4,3,1,1
SF,IF2009,2020-05-27 09:32:27.700,3727.2000,26083,0,274242780.000,0,-,-,-,-,3726.4000,3725.6000,3725.4000,3725.2000,3725.0000,3727.2000,3727.4000,3728.2000,3728.6000,3729.4000,2,1,3,2,1,1,2,1,1,1
SF,IF2009,2020-05-27 09:32:28.200,3727.2000,26083,0,274242780.000,0,-,-,-,-,3725.4000,3725.2000,3725.0000,3724.0000,3723.4000,3727.0000,3727.2000,3727.4000,3728.2000,3728.6000,1,2,1,1,1,1,1,1,1,1
SF,IF2009,2020-05-27 09:32:28.700,3727.2000,26083,0,274242780.000,0,-,-,-,-,3725.6000,3725.4000,3725.2000,3725.0000,3724.0000,3726.8000,3727.0000,3727.2000,3728.2000,3728.6000,1,1,2,1,1,2,1,2,1,1
SF,IF2009,2020-05-27 09:32:29.200,3727.2000,26083,0,274242780.000,0,-,-,-,-,3725.8000,3725.2000,3725.0000,3724.0000,3723.4000,3727.0000,3727.2000,3728.2000,3728.6000,3729.4000,2,2,1,1,1,1,2,1,1,1
SF,IF2009,2020-05-27 09:32:29.700,3727.2000,26083,0,274242780.000,0,-,-,-,-,3726.0000,3725.8000,3725.2000,3725.0000,3724.0000,3727.0000,3727.2000,3728.2000,3728.6000,3729.4000,1,2,2,1,1,1,2,1,1,1
SF,IF2009,2020-05-27 09:32:30.200,3727.2000,26083,0,274242780.000,0,-,-,-,-,3726.2000,3726.0000,3725.2000,3725.0000,3724.0000,3727.0000,3727.2000,3728.2000,3728.6000,3729.4000,1,1,2,1,1,1,2,1,1,1
SF,IF2009,2020-05-27 09:32:30.700,3727.2000,26083,0,274242780.000,0,-,-,-,-,3726.4000,3726.2000,3725.2000,3725.0000,3724.0000,3727.2000,3728.2000,3728.6000,3729.4000,3730.0000,1,4,2,1,1,1,1,1,1,1
SF,IF2009,2020-05-27 09:32:31.200,3727.2000,26083,0,274242780.000,0,-,-,-,-,3726.6000,3726.2000,3725.2000,3725.0000,3724.0000,3727.2000,3728.2000,3728.6000,3729.4000,3730.0000,1,3,2,1,1,1,1,1,1,1
SF,IF2009,2020-05-27 09:32:31.700,3727.2000,26083,0,274242780.000,0,-,-,-,-,3726.6000,3726.2000,3725.2000,3725.0000,3724.0000,3727.0000,3727.2000,3728.2000,3728.6000,3729.4000,1,2,2,1,1,1,1,1,1,1
SF,IF2009,2020-05-27 09:32:32.200,3727.2000,26083,0,274242780.000,0,-,-,-,-,3726.6000,3726.2000,3725.2000,3725.0000,3724.0000,3727.0000,3727.2000,3728.2000,3728.6000,3729.4000,1,1,2,1,1,1,1,1,1,1
SF,IF2009,2020-05-27 09:32:32.700,3727.2000,26083,0,274242780.000,0,-,-,-,-,3726.6000,3725.2000,3725.0000,3724.0000,3723.4000,3727.0000,3727.2000,3728.2000,3728.6000,3729.4000,1,2,1,1,1,1,1,1,1,1
SF,IF2009,2020-05-27 09:32:33.200,3726.6000,26082,-1,275360760.000,1,0,1,双平,S,3725.2000,3725.0000,3724.0000,3723.4000,3723.2000,3726.6000,3727.0000,3727.2000,3728.2000,3728.6000,1,1,1,1,3,1,1,1,1,1
SF,IF2009,2020-05-27 09:32:33.700,3726.6000,26082,0,275360760.000,0,-,-,-,-,3725.4000,3725.2000,3725.0000,3724.0000,3723.4000,3726.6000,3727.0000,3727.2000,3728.2000,3728.6000,3,1,1,1,1,1,1,1,1,1
SF,IF2009,2020-05-27 09:32:34.200,3726.6000,26082,0,275360760.000,0,-,-,-,-,3725.6000,3725.4000,3725.2000,3725.0000,3724.0000,3726.6000,3727.0000,3727.2000,3728.2000,3728.6000,1,3,1,2,1,1,1,1,1,1
SF,IF2009,2020-05-27 09:32:34.700,3727.0000,26081,-1,277596840.000,2,0,2,多平,S,3725.8000,3725.6000,3725.0000,3724.0000,3723.4000,3727.2000,3728.2000,3728.6000,3729.4000,3730.0000,4,2,2,1,1,1,1,1,1,1
SF,IF2009,2020-05-27 09:32:35.200,3727.0000,26081,0,277596840.000,0,-,-,-,-,3726.0000,3725.8000,3725.6000,3725.0000,3724.0000,3727.0000,3727.2000,3728.2000,3728.6000,3729.4000,1,4,1,2,1,1,1,1,1,1
SF,IF2009,2020-05-27 09:32:35.700,3727.0000,26081,0,277596840.000,0,-,-,-,-,3725.8000,3725.6000,3725.0000,3724.0000,3723.4000,3727.0000,3727.2000,3728.2000,3728.6000,3729.4000,2,1,2,1,1,2,1,1,1,1
SF,IF2009,2020-05-27 09:32:36.200,3727.0000,26081,0,277596840.000,0,-,-,-,-,3726.0000,3725.8000,3725.0000,3724.0000,3723.4000,3727.0000,3727.2000,3728.2000,3728.6000,3729.4000,2,1,2,1,1,2,1,1,1,1
SF,IF2009,2020-05-27 09:32:36.700,3727.0000,26081,0,277596840.000,0,-,-,-,-,3726.2000,3726.0000,3725.0000,3724.0000,3723.4000,3727.0000,3727.2000,3728.2000,3728.6000,3729.4000,1,3,2,1,1,1,1,1,1,1
SF,IF2009,2020-05-27 09:32:37.200,3726.4000,26079,-2,279832680.000,2,0,2,双平,S,3726.2000,3725.0000,3724.0000,3723.4000,3723.2000,3727.0000,3727.2000,3728.2000,3728.6000,3729.4000,4,2,1,1,3,1,1,1,1,1
SF,IF2009,2020-05-27 09:32:37.700,3726.4000,26079,0,279832680.000,0,-,-,-,-,3726.4000,3726.2000,3725.0000,3724.0000,3723.4000,3727.0000,3727.2000,3728.6000,3729.4000,3730.0000,3,2,2,1,1,1,1,1,1,1
SF,IF2009,2020-05-27 09:32:38.200,3726.4000,26079,0,279832680.000,0,-,-,-,-,3726.4000,3726.2000,3725.0000,3724.0000,3723.4000,3727.0000,3727.2000,3728.6000,3729.4000,3730.0000,2,1,2,1,1,1,1,1,1,1
SF,IF2009,2020-05-27 09:32:38.700,3726.4000,26079,0,279832680.000,0,-,-,-,-,3726.4000,3726.2000,3725.0000,3724.0000,3723.4000,3727.0000,3728.6000,3729.4000,3730.0000,3730.8000,2,1,2,1,1,1,1,1,1,1
SF,IF2009,2020-05-27 09:32:39.200,3726.4000,26079,0,279832680.000,0,-,-,-,-,3726.4000,3726.2000,3725.0000,3724.0000,3723.4000,3727.0000,3728.6000,3729.4000,3730.0000,3730.8000,1,1,2,1,1,1,1,1,1,1
SF,IF2009,2020-05-27 09:32:39.700,3726.4000,26079,0,279832680.000,0,-,-,-,-,3726.2000,3725.0000,3724.0000,3723.4000,3723.2000,3727.0000,3728.6000,3729.4000,3730.0000,3730.8000,1,2,1,1,3,1,1,1,1,1
SF,IF2009,2020-05-27 09:32:41.700,3727.0000,26079,0,280950780.000,1,0,1,多换,S,3726.2000,3725.0000,3724.0000,3723.4000,3723.2000,3728.6000,3729.4000,3730.0000,3730.8000,3731.0000,1,2,1,1,3,1,1,1,1,1
SF,IF2009,2020-05-27 09:32:42.200,3727.0000,26079,0,280950780.000,0,-,-,-,-,3726.2000,3725.0000,3724.0000,3723.4000,3723.2000,3728.2000,3728.4000,3728.6000,3729.4000,3730.0000,2,2,1,1,3,1,4,1,1,1
SF,IF2009,2020-05-27 09:32:42.700,3727.0000,26079,0,280950780.000,0,-,-,-,-,3726.4000,3726.2000,3725.0000,3724.0000,3723.4000,3727.6000,3728.0000,3728.2000,3728.4000,3728.6000,3,2,2,1,1,4,5,1,4,1
SF,IF2009,2020-05-27 09:32:43.200,3727.6000,26078,-1,283187280.000,2,0,2,多平,S,3726.6000,3726.4000,3726.2000,3725.0000,3724.0000,3727.6000,3728.0000,3728.2000,3728.4000,3728.6000,1,2,1,2,1,3,3,1,2,1
SF,IF2009,2020-05-27 09:32:43.700,3727.6000,26078,0,283187280.000,0,-,-,-,-,3726.6000,3726.4000,3725.0000,3724.0000,3723.4000,3728.0000,3728.4000,3728.6000,3729.4000,3730.0000,3,1,2,1,1,2,2,1,1,1
SF,IF2009,2020-05-27 09:32:44.200,3727.6000,26078,0,283187280.000,0,-,-,-,-,3726.8000,3726.6000,3726.4000,3725.0000,3724.0000,3727.8000,3728.0000,3728.4000,3728.6000,3729.4000,1,3,1,2,1,2,1,2,1,1
SF,IF2009,2020-05-27 09:32:44.700,3727.6000,26078,0,283187280.000,0,-,-,-,-,3726.8000,3726.6000,3726.4000,3725.0000,3724.0000,3727.8000,3728.0000,3728.4000,3728.6000,3729.4000,2,1,1,2,1,2,1,2,1,1
SF,IF2009,2020-05-27 09:32:45.200,3727.6000,26078,0,283187280.000,0,-,-,-,-,3727.0000,3726.8000,3726.4000,3725.0000,3724.0000,3728.0000,3728.4000,3728.6000,3729.4000,3730.0000,1,2,1,2,1,1,2,1,1,1
SF,IF2009,2020-05-27 09:32:45.700,3727.6000,26078,0,283187280.000,0,-,-,-,-,3727.0000,3726.8000,3726.4000,3725.0000,3724.0000,3728.4000,3728.6000,3729.4000,3730.0000,3730.8000,2,2,1,2,1,2,1,1,1,1
SF,IF2009,2020-05-27 09:32:46.200,3727.6000,26078,0,283187280.000,0,-,-,-,-,3727.8000,3727.2000,3727.0000,3726.8000,3726.4000,3728.2000,3728.4000,3728.6000,3729.4000,3730.0000,1,1,1,1,1,2,2,1,1,1
SF,IF2009,2020-05-27 09:32:46.700,3727.6000,26078,0,283187280.000,0,-,-,-,-,3727.8000,3727.2000,3727.0000,3725.0000,3724.0000,3728.2000,3728.4000,3728.6000,3729.4000,3730.0000,1,1,1,2,1,2,3,1,1,1
SF,IF2009,2020-05-27 09:32:47.200,3727.6000,26078,0,283187280.000,0,-,-,-,-,3727.8000,3727.2000,3727.0000,3725.0000,3724.0000,3728.2000,3728.4000,3728.6000,3729.4000,3730.0000,1,1,1,2,1,1,3,1,1,1
SF,IF2009,2020-05-27 09:32:47.700,3727.6000,26078,0,283187280.000,0,-,-,-,-,3727.8000,3727.0000,3725.0000,3724.0000,3723.4000,3728.2000,3728.4000,3728.6000,3729.4000,3730.0000,1,1,2,1,1,1,2,1,1,1
SF,IF2009,2020-05-27 09:32:48.200,3727.8000,26077,-1,284305620.000,1,0,1,双平,S,3727.0000,3725.0000,3724.0000,3723.4000,3723.2000,3728.2000,3728.4000,3728.6000,3729.4000,3730.0000,2,2,1,1,3,1,2,1,1,1
SF,IF2009,2020-05-27 09:32:48.700,3727.8000,26077,0,284305620.000,0,-,-,-,-,3727.0000,3725.0000,3724.0000,3723.4000,3723.2000,3727.8000,3728.0000,3728.2000,3728.4000,3728.6000,2,2,1,1,3,1,1,1,2,1
SF,IF2009,2020-05-27 09:32:49.200,3727.8000,26077,0,284305620.000,0,-,-,-,-,3727.2000,3727.0000,3725.0000,3724.0000,3723.4000,3727.8000,3728.0000,3728.2000,3728.4000,3728.6000,2,2,2,1,1,1,3,1,2,1
SF,IF2009,2020-05-27 09:32:49.700,3727.8000,26077,0,284305620.000,0,-,-,-,-,3727.2000,3727.0000,3725.0000,3724.0000,3723.4000,3728.0000,3728.4000,3728.6000,3729.4000,3730.0000,2,2,2,1,1,3,2,1,1,1
SF,IF2009,2020-05-27 09:32:50.200,3727.8000,26077,0,284305620.000,0,-,-,-,-,3727.4000,3727.2000,3727.0000,3725.0000,3724.0000,3728.0000,3728.4000,3728.6000,3729.4000,3730.0000,1,2,1,2,1,1,2,1,1,1
SF,IF2009,2020-05-27 09:32:50.700,3727.8000,26077,0,284305620.000,0,-,-,-,-,3727.4000,3727.2000,3727.0000,3725.0000,3724.0000,3728.0000,3728.4000,3728.6000,3729.4000,3730.0000,1,1,1,2,1,1,2,1,1,1
SF,IF2009,2020-05-27 09:32:51.200,3728.0000,26076,-1,285424020.000,1,0,1,双平,S,3727.4000,3727.0000,3725.0000,3724.0000,3723.4000,3728.4000,3728.6000,3729.4000,3730.0000,3730.8000,2,1,2,1,1,2,1,1,1,1
SF,IF2009,2020-05-27 09:32:51.700,3728.0000,26076,0,285424020.000,0,-,-,-,-,3727.4000,3727.0000,3725.0000,3724.0000,3723.4000,3728.0000,3728.2000,3728.4000,3728.6000,3729.4000,1,1,2,1,1,3,3,2,1,1
SF,IF2009,2020-05-27 09:32:52.200,3728.0000,26076,0,285424020.000,0,-,-,-,-,3727.0000,3725.0000,3724.0000,3723.4000,3723.2000,3728.0000,3728.2000,3728.4000,3728.6000,3729.4000,1,2,1,1,3,3,2,2,1,1
SF,IF2009,2020-05-27 09:32:52.700,3728.0000,26076,0,285424020.000,0,-,-,-,-,3727.2000,3727.0000,3725.0000,3724.0000,3723.4000,3727.8000,3728.0000,3728.2000,3728.4000,3728.6000,1,1,1,1,1,1,4,2,2,1
SF,IF2009,2020-05-27 09:32:53.200,3728.0000,26076,0,285424020.000,0,-,-,-,-,3727.2000,3727.0000,3725.0000,3724.0000,3723.4000,3727.8000,3728.0000,3728.2000,3728.4000,3728.6000,1,1,1,1,1,1,2,2,2,1
SF,IF2009,2020-05-27 09:32:53.700,3728.0000,26076,0,285424020.000,0,-,-,-,-,3727.0000,3725.0000,3724.0000,3723.4000,3723.2000,3727.8000,3728.0000,3728.2000,3728.4000,3728.6000,1,1,1,1,3,1,2,2,2,1
SF,IF2009,2020-05-27 09:32:54.200,3728.0000,26076,0,285424020.000,0,-,-,-,-,3727.0000,3725.0000,3724.0000,3723.4000,3723.2000,3727.8000,3728.0000,3728.2000,3728.4000,3728.6000,3,1,1,1,3,1,2,2,2,1
SF,IF2009,2020-05-27 09:32:54.700,3727.0000,26076,0,286542120.000,1,0,1,多换,S,3725.0000,3724.0000,3723.4000,3723.2000,3723.0000,3727.2000,3727.4000,3727.6000,3727.8000,3728.0000,1,1,1,3,4,1,2,4,1,1
SF,IF2009,2020-05-27 09:32:55.200,3727.0000,26076,0,286542120.000,0,-,-,-,-,3725.4000,3725.2000,3725.0000,3724.0000,3723.4000,3727.6000,3727.8000,3728.0000,3728.2000,3728.4000,1,2,6,1,1,2,1,2,1,2
SF,IF2009,2020-05-27 09:32:55.700,3727.0000,26076,0,286542120.000,0,-,-,-,-,3725.8000,3725.6000,3725.2000,3725.0000,3724.0000,3727.4000,3727.6000,3727.8000,3728.0000,3728.2000,1,1,2,1,1,2,1,1,2,1
SF,IF2009,2020-05-27 09:32:56.200,3727.0000,26076,0,286542120.000,0,-,-,-,-,3726.0000,3725.8000,3725.6000,3725.2000,3725.0000,3727.4000,3727.6000,3728.0000,3728.2000,3728.4000,2,3,1,1,1,3,1,2,1,2
SF,IF2009,2020-05-27 09:32:56.700,3727.0000,26076,0,286542120.000,0,-,-,-,-,3726.2000,3726.0000,3725.8000,3725.6000,3725.2000,3727.4000,3727.6000,3728.0000,3728.2000,3728.4000,1,2,2,1,1,3,1,2,1,2
SF,IF2009,2020-05-27 09:32:57.200,3727.4000,26075,-1,287660340.000,1,0,1,双平,S,3726.4000,3726.2000,3725.8000,3725.6000,3725.0000,3727.4000,3727.6000,3728.0000,3728.2000,3728.4000,2,1,1,1,1,2,1,2,1,2
SF,IF2009,2020-05-27 09:32:57.700,3727.4000,26075,0,287660340.000,0,-,-,-,-,3726.6000,3726.4000,3725.6000,3725.0000,3724.0000,3727.6000,3728.0000,3728.2000,3728.4000,3728.6000,3,2,1,1,1,1,2,1,2,1
SF,IF2009,2020-05-27 09:32:58.200,3727.4000,26075,0,287660340.000,0,-,-,-,-,3726.8000,3726.6000,3725.6000,3725.0000,3724.0000,3728.0000,3728.2000,3728.4000,3728.6000,3729.0000,4,1,1,1,1,2,1,2,1,1
SF,IF2009,2020-05-27 09:32:58.700,3727.4000,26075,0,287660340.000,0,-,-,-,-,3726.8000,3725.6000,3725.0000,3724.0000,3723.4000,3728.0000,3728.2000,3728.4000,3728.6000,3729.0000,2,1,1,1,1,2,1,2,1,1
SF,IF2009,2020-05-27 09:32:59.200,3726.8000,26074,-1,288778380.000,1,0,1,双平,S,3725.6000,3725.0000,3724.0000,3723.4000,3723.2000,3727.6000,3727.8000,3728.0000,3728.2000,3728.4000,1,1,1,1,3,2,3,2,1,2
SF,IF2009,2020-05-27 09:32:59.700,3726.8000,26074,0,288778380.000,0,-,-,-,-,3725.8000,3725.6000,3725.0000,3724.0000,3723.4000,3727.4000,3727.6000,3727.8000,3728.0000,3728.2000,2,1,1,1,1,2,2,2,2,1
SF,IF2009,2020-05-27 09:33:00.200,3726.8000,26074,0,288778380.000,0,-,-,-,-,3725.8000,3725.6000,3725.0000,3724.0000,3723.4000,3727.2000,3727.4000,3727.6000,3727.8000,3728.0000,3,1,1,1,1,1,2,2,2,2
SF,IF2009,2020-05-27 09:33:00.700,3726.8000,26074,0,288778380.000,0,-,-,-,-,3726.0000,3725.8000,3725.6000,3725.0000,3724.0000,3727.2000,3727.4000,3727.6000,3727.8000,3728.0000,2,3,1,1,1,1,2,2,1,1
SF,IF2009,2020-05-27 09:33:01.200,3726.8000,26074,0,288778380.000,0,-,-,-,-,3726.2000,3726.0000,3725.8000,3725.6000,3725.0000,3727.2000,3727.4000,3727.6000,3727.8000,3728.0000,1,2,1,1,1,1,2,2,1,1
SF,IF2009,2020-05-27 09:33:01.700,3727.2000,26074,0,289896540.000,1,0,1,多换,S,3726.2000,3726.0000,3725.8000,3725.6000,3725.0000,3727.4000,3727.6000,3727.8000,3728.0000,3728.2000,2,1,1,1,1,1,2,1,1,1
SF,IF2009,2020-05-27 09:33:02.200,3727.2000,26074,0,289896540.000,0,-,-,-,-,3726.2000,3725.8000,3725.0000,3724.0000,3723.4000,3727.0000,3727.2000,3727.4000,3727.8000,3728.0000,1,1,1,1,1,1,2,1,3,1
SF,IF2009,2020-05-27 09:33:02.700,3727.2000,26074,0,289896540.000,0,-,-,-,-,3726.2000,3725.8000,3725.0000,3724.0000,3723.4000,3727.0000,3727.2000,3727.4000,3727.8000,3728.0000,3,1,1,1,1,1,2,1,3,1
SF,IF2009,2020-05-27 09:33:03.200,3726.4000,26073,-1,291014460.000,1,0,1,双平,S,3726.2000,3725.8000,3725.0000,3724.0000,3723.4000,3727.4000,3727.8000,3728.0000,3728.2000,3728.4000,2,1,1,1,1,1,3,1,1,2
SF,IF2009,2020-05-27 09:33:03.700,3726.4000,26073,0,291014460.000,0,-,-,-,-,3726.2000,3725.8000,3725.0000,3724.0000,3723.4000,3727.4000,3727.8000,3728.0000,3728.2000,3728.4000,1,1,1,1,1,2,3,1,1,2
SF,IF2009,2020-05-27 09:33:04.200,3726.4000,26073,0,291014460.000,0,-,-,-,-,3726.2000,3725.8000,3725.0000,3724.0000,3723.4000,3727.2000,3727.4000,3727.8000,3728.0000,3728.2000,1,1,1,1,1,3,2,3,1,1
SF,IF2009,2020-05-27 09:33:04.700,3726.4000,26073,0,291014460.000,0,-,-,-,-,3726.2000,3725.8000,3725.0000,3724.0000,3723.4000,3726.8000,3727.0000,3727.2000,3727.4000,3727.8000,1,2,1,1,1,2,1,3,1,2
SF,IF2009,2020-05-27 09:33:05.200,3726.4000,26073,0,291014460.000,0,-,-,-,-,3726.2000,3725.8000,3725.0000,3724.0000,3723.4000,3727.0000,3727.2000,3727.4000,3727.8000,3728.0000,1,2,1,1,1,1,2,1,2,1
SF,IF2009,2020-05-27 09:33:05.700,3726.4000,26073,0,291014460.000,0,-,-,-,-,3726.2000,3725.8000,3725.0000,3724.0000,3723.4000,3727.2000,3727.4000,3727.8000,3728.0000,3728.2000,1,2,1,1,1,2,1,2,1,1
SF,IF2009,2020-05-27 09:33:06.200,3726.4000,26073,0,291014460.000,0,-,-,-,-,3726.4000,3726.2000,3725.8000,3725.0000,3724.0000,3727.0000,3727.2000,3727.4000,3727.8000,3728.0000,1,1,2,1,1,1,2,2,2,1
SF,IF2009,2020-05-27 09:33:06.700,3726.4000,26073,0,291014460.000,0,-,-,-,-,3726.4000,3726.2000,3725.8000,3725.0000,3724.0000,3726.6000,3726.8000,3727.0000,3727.2000,3727.4000,1,1,2,1,1,2,1,1,2,2
SF,IF2009,2020-05-27 09:33:07.200,3726.4000,26073,0,291014460.000,0,-,-,-,-,3726.6000,3726.4000,3726.2000,3725.8000,3725.0000,3727.0000,3727.2000,3727.4000,3727.8000,3728.0000,1,1,1,2,1,1,2,2,1,1
SF,IF2009,2020-05-27 09:33:07.700,3726.4000,26073,0,292132380.000,1,0,1,多换,S,3726.4000,3726.2000,3725.8000,3725.0000,3724.0000,3727.0000,3727.2000,3727.4000,3727.8000,3728.0000,1,1,2,1,1,1,2,2,1,1
SF,IF2009,2020-05-27 09:33:08.200,3726.4000,26073,0,292132380.000,0,-,-,-,-,3726.4000,3726.2000,3725.8000,3725.0000,3724.0000,3726.6000,3726.8000,3727.0000,3727.2000,3727.4000,1,1,2,1,1,2,1,1,2,2
SF,IF2009,2020-05-27 09:33:08.700,3726.4000,26073,0,292132380.000,0,-,-,-,-,3726.4000,3726.2000,3725.8000,3725.0000,3724.0000,3727.0000,3727.2000,3727.4000,3727.8000,3728.0000,1,1,2,1,1,2,2,2,1,1
SF,IF2009,2020-05-27 09:33:09.700,3726.4000,26073,0,292132380.000,0,-,-,-,-,3726.4000,3726.2000,3725.8000,3725.0000,3724.0000,3726.8000,3727.0000,3727.2000,3727.4000,3727.8000,1,1,2,1,1,1,2,2,2,1
SF,IF2009,2020-05-27 09:33:10.200,3726.4000,26073,0,292132380.000,0,-,-,-,-,3726.4000,3726.2000,3725.8000,3725.0000,3724.0000,3727.0000,3727.2000,3727.4000,3727.8000,3728.0000,1,1,2,1,1,2,2,2,1,1
SF,IF2009,2020-05-27 09:33:10.700,3726.4000,26073,0,292132380.000,0,-,-,-,-,3726.6000,3726.4000,3726.2000,3725.8000,3725.0000,3726.8000,3727.0000,3727.2000,3727.4000,3727.8000,1,1,1,2,1,1,2,2,2,1
SF,IF2009,2020-05-27 09:33:11.200,3726.6000,26074,1,293250360.000,1,1,0,双开,S,3726.4000,3726.2000,3725.8000,3725.0000,3724.0000,3726.6000,3726.8000,3727.0000,3727.2000,3727.4000,1,1,2,1,1,1,1,2,2,2
SF,IF2009,2020-05-27 09:33:12.200,3726.6000,26074,0,293250360.000,0,-,-,-,-,3726.4000,3726.2000,3725.8000,3725.0000,3724.0000,3726.6000,3726.8000,3727.0000,3727.2000,3727.4000,1,1,2,1,1,1,1,2,2,2
SF,IF2009,2020-05-27 09:33:13.700,3726.6000,26074,0,293250360.000,0,-,-,-,-,3726.4000,3726.2000,3725.8000,3725.0000,3724.0000,3727.0000,3727.2000,3727.4000,3727.8000,3728.0000,1,1,2,1,1,1,2,2,1,1
SF,IF2009,2020-05-27 09:33:14.700,3726.6000,26074,0,293250360.000,0,-,-,-,-,3726.4000,3726.2000,3725.8000,3725.0000,3724.0000,3726.8000,3727.0000,3727.2000,3727.4000,3727.8000,1,1,2,1,1,1,1,2,2,1
SF,IF2009,2020-05-27 09:33:15.200,3726.6000,26074,0,293250360.000,0,-,-,-,-,3726.4000,3726.2000,3725.8000,3725.0000,3724.0000,3727.0000,3727.2000,3727.4000,3727.8000,3728.0000,1,1,2,1,1,1,2,2,1,1
SF,IF2009,2020-05-27 09:33:15.700,3726.6000,26074,0,293250360.000,0,-,-,-,-,3726.4000,3726.2000,3725.8000,3725.0000,3724.0000,3727.0000,3727.2000,3727.4000,3727.8000,3728.0000,2,1,2,1,1,1,2,2,1,1
SF,IF2009,2020-05-27 09:33:16.200,3726.6000,26074,0,293250360.000,0,-,-,-,-,3726.4000,3726.2000,3725.8000,3725.0000,3724.4000,3727.0000,3727.2000,3727.4000,3727.8000,3728.0000,2,1,2,1,1,1,2,2,1,1
SF,IF2009,2020-05-27 09:33:16.700,3726.6000,26074,0,293250360.000,0,-,-,-,-,3726.4000,3726.2000,3725.8000,3725.0000,3724.4000,3726.6000,3726.8000,3727.0000,3727.2000,3727.4000,2,1,2,1,1,2,1,1,2,2
SF,IF2009,2020-05-27 09:33:17.200,3726.6000,26073,-1,295486320.000,2,0,2,多平,S,3726.6000,3726.4000,3726.2000,3725.8000,3725.0000,3727.0000,3727.2000,3727.4000,3727.8000,3728.2000,2,2,1,2,1,2,2,2,1,1
SF,IF2009,2020-05-27 09:33:17.700,3726.6000,26073,0,295486320.000,0,-,-,-,-,3726.4000,3726.2000,3725.8000,3725.0000,3724.4000,3727.0000,3727.2000,3727.4000,3727.8000,3728.2000,2,1,2,1,1,2,1,2,1,1
SF,IF2009,2020-05-27 09:33:18.200,3727.0000,26072,-1,297722520.000,2,0,2,多平,S,3726.4000,3726.2000,3725.8000,3725.0000,3724.4000,3727.2000,3727.4000,3727.8000,3728.2000,3728.4000,2,1,2,1,1,1,2,1,1,1
SF,IF2009,2020-05-27 09:33:18.700,3727.0000,26072,0,297722520.000,0,-,-,-,-,3726.6000,3726.4000,3725.8000,3725.0000,3724.4000,3727.4000,3727.8000,3728.2000,3728.4000,3728.6000,1,2,2,1,1,2,1,1,1,1
SF,IF2009,2020-05-27 09:33:19.200,3727.0000,26072,0,297722520.000,0,-,-,-,-,3726.6000,3726.4000,3725.8000,3725.0000,3724.4000,3727.4000,3727.8000,3728.2000,3728.4000,3728.6000,1,2,2,1,1,1,1,1,1,1
SF,IF2009,2020-05-27 09:33:19.700,3727.4000,26071,-1,298840740.000,1,0,1,双平,S,3726.6000,3726.4000,3725.8000,3725.0000,3724.4000,3727.2000,3727.8000,3728.2000,3728.4000,3728.6000,1,2,2,1,1,1,1,1,1,1
SF,IF2009,2020-05-27 09:33:20.200,3727.2000,26070,-1,301077120.000,2,0,2,多平,S,3727.2000,3726.6000,3726.4000,3725.8000,3725.0000,3727.8000,3728.2000,3728.4000,3728.6000,3729.0000,1,2,2,2,1,1,1,1,1,1
SF,IF2009,2020-05-27 09:33:20.700,3727.2000,26070,0,301077120.000,0,-,-,-,-,3727.4000,3726.6000,3726.4000,3725.8000,3725.0000,3727.6000,3727.8000,3728.2000,3728.4000,3728.6000,1,1,2,1,1,2,1,1,1,1
SF,IF2009,2020-05-27 09:33:21.200,3727.6000,26068,-2,303313680.000,2,0,2,双平,S,3727.4000,3726.6000,3726.4000,3725.8000,3725.0000,3727.8000,3728.2000,3728.4000,3728.6000,3729.0000,1,1,2,1,1,1,1,1,1,1
SF,IF2009,2020-05-27 09:33:21.700,3727.8000,26068,0,304432020.000,1,0,1,多换,S,3727.4000,3726.6000,3726.4000,3725.8000,3725.0000,3728.2000,3728.4000,3728.6000,3729.0000,3729.4000,1,1,2,1,1,1,1,1,1,1
SF,IF2009,2020-05-27 09:33:22.200,3727.8000,26068,0,304432020.000,0,-,-,-,-,3727.6000,3727.4000,3726.4000,3725.8000,3725.0000,3728.2000,3728.4000,3728.6000,3729.0000,3729.4000,1,3,2,1,1,1,1,1,1,1
SF,IF2009,2020-05-27 09:33:22.700,3728.4000,26066,-2,306669000.000,2,0,2,双平,S,3727.8000,3727.6000,3727.4000,3726.4000,3725.8000,3728.6000,3729.0000,3729.4000,3730.0000,3731.0000,1,2,1,2,1,1,1,1,1,1
SF,IF2009,2020-05-27 09:33:23.200,3728.6000,26065,-1,307787580.000,1,0,1,双平,S,3728.2000,3727.8000,3727.6000,3726.4000,3725.8000,3729.0000,3729.4000,3730.0000,3731.0000,3731.4000,1,3,1,2,1,1,1,1,1,2
SF,IF2009,2020-05-27 09:33:23.700,3728.2000,26065,0,308906040.000,1,0,1,多换,S,3728.2000,3727.8000,3727.6000,3727.0000,3726.4000,3728.4000,3728.8000,3729.0000,3729.4000,3730.0000,1,1,1,1,2,2,1,2,1,1
SF,IF2009,2020-05-27 09:33:24.200,3728.4000,26064,-1,310024560.000,1,0,1,双平,S,3728.4000,3728.2000,3727.6000,3727.0000,3726.4000,3729.0000,3730.0000,3731.0000,3731.4000,3732.2000,4,1,1,1,2,1,1,1,2,1
SF,IF2009,2020-05-27 09:33:24.700,3728.4000,26064,0,310024560.000,0,-,-,-,-,3728.2000,3727.6000,3727.0000,3726.4000,3725.8000,3729.0000,3730.0000,3731.0000,3731.4000,3732.2000,1,1,1,2,1,2,1,1,2,1
SF,IF2009,2020-05-27 09:33:25.200,3728.4000,26064,0,310024560.000,0,-,-,-,-,3727.6000,3727.4000,3727.0000,3726.4000,3725.8000,3728.8000,3729.0000,3730.0000,3731.0000,3731.4000,1,1,2,1,1,1,2,1,1,2
SF,IF2009,2020-05-27 09:33:25.700,3728.4000,26064,0,310024560.000,0,-,-,-,-,3727.8000,3727.6000,3727.4000,3727.0000,3726.4000,3729.0000,3730.0000,3731.0000,3731.4000,3732.2000,1,1,1,2,1,2,1,1,2,1
SF,IF2009,2020-05-27 09:33:26.700,3728.4000,26064,0,310024560.000,0,-,-,-,-,3727.8000,3727.6000,3727.4000,3727.0000,3726.4000,3728.8000,3729.0000,3730.0000,3731.0000,3731.4000,1,1,1,2,1,1,2,1,1,2
SF,IF2009,2020-05-27 09:33:27.200,3728.4000,26064,0,310024560.000,0,-,-,-,-,3728.0000,3727.8000,3727.6000,3727.4000,3727.0000,3728.8000,3729.0000,3730.0000,3731.0000,3731.4000,1,1,1,1,2,1,2,1,1,2
SF,IF2009,2020-05-27 09:33:27.700,3728.4000,26064,0,310024560.000,0,-,-,-,-,3728.2000,3727.6000,3727.4000,3727.0000,3726.4000,3728.6000,3728.8000,3729.0000,3730.0000,3731.0000,1,1,1,2,1,1,1,1,1,1
SF,IF2009,2020-05-27 09:33:28.200,3728.8000,26064,0,311143200.000,1,0,1,多换,S,3728.2000,3727.6000,3727.4000,3727.0000,3726.4000,3729.0000,3730.0000,3731.0000,3731.4000,3732.2000,1,1,1,2,1,1,1,1,2,1
SF,IF2009,2020-05-27 09:33:28.700,3728.8000,26064,0,311143200.000,0,-,-,-,-,3728.2000,3727.6000,3727.4000,3727.0000,3726.4000,3729.0000,3730.0000,3731.0000,3731.4000,3732.2000,1,1,1,2,1,1,1,1,2,1
SF,IF2009,2020-05-27 09:33:29.200,3728.8000,26064,0,311143200.000,0,-,-,-,-,3728.2000,3727.6000,3727.4000,3727.0000,3726.4000,3728.6000,3729.0000,3730.0000,3731.0000,3731.4000,1,1,1,2,1,1,1,1,1,2
SF,IF2009,2020-05-27 09:33:30.200,3728.6000,26064,0,312261780.000,1,0,1,多换,S,3728.6000,3728.2000,3727.6000,3727.4000,3727.0000,3729.0000,3730.0000,3731.0000,3731.4000,3732.2000,1,1,1,1,2,1,1,1,2,1
SF,IF2009,2020-05-27 09:33:30.700,3729.0000,26064,0,313380480.000,1,0,1,多换,S,3728.2000,3727.6000,3727.4000,3727.0000,3726.4000,3730.0000,3731.0000,3731.4000,3732.2000,3734.8000,1,1,1,2,1,1,1,2,1,3
SF,IF2009,2020-05-27 09:33:31.200,3729.0000,26064,0,313380480.000,0,-,-,-,-,3728.2000,3727.6000,3727.4000,3727.0000,3726.4000,3729.8000,3730.0000,3731.0000,3731.4000,3732.2000,1,1,1,2,1,3,1,1,2,1
SF,IF2009,2020-05-27 09:33:31.700,3729.0000,26064,0,313380480.000,0,-,-,-,-,3728.2000,3727.6000,3727.4000,3727.0000,3725.8000,3729.4000,3729.8000,3730.0000,3731.0000,3731.4000,1,1,1,2,2,1,4,1,1,2
SF,IF2009,2020-05-27 09:33:32.200,3729.0000,26064,0,313380480.000,0,-,-,-,-,3728.2000,3727.6000,3727.4000,3727.0000,3725.8000,3729.2000,3729.4000,3729.8000,3730.0000,3731.0000,1,1,1,2,2,2,1,2,1,1
SF,IF2009,2020-05-27 09:33:32.700,3729.0000,26064,0,313380480.000,0,-,-,-,-,3728.2000,3727.6000,3727.4000,3727.0000,3725.8000,3729.0000,3729.2000,3729.4000,3729.8000,3730.0000,1,1,1,2,2,2,2,1,1,1
SF,IF2009,2020-05-27 09:33:33.200,3729.0000,26064,0,313380480.000,0,-,-,-,-,3728.4000,3728.2000,3727.6000,3727.4000,3727.0000,3729.4000,3729.8000,3730.0000,3731.0000,3731.4000,1,1,1,1,2,1,1,1,1,2
SF,IF2009,2020-05-27 09:33:33.700,3728.6000,26063,-1,314499060.000,1,0,1,双平,S,3728.4000,3727.6000,3727.4000,3727.0000,3725.8000,3729.4000,3729.8000,3730.0000,3731.0000,3731.4000,1,1,1,2,2,3,1,1,1,2
SF,IF2009,2020-05-27 09:33:34.200,3728.6000,26063,0,314499060.000,0,-,-,-,-,3728.6000,3728.4000,3727.6000,3727.4000,3727.0000,3729.0000,3729.2000,3729.4000,3729.8000,3730.0000,1,1,1,1,2,1,1,1,1,1
SF,IF2009,2020-05-27 09:33:34.700,3728.6000,26063,0,314499060.000,0,-,-,-,-,3727.6000,3727.4000,3727.0000,3725.8000,3725.0000,3729.0000,3729.4000,3729.8000,3730.0000,3731.0000,1,1,2,2,1,1,1,1,1,1
SF,IF2009,2020-05-27 09:33:35.200,3728.6000,26063,0,314499060.000,0,-,-,-,-,3727.8000,3727.6000,3727.4000,3727.0000,3725.8000,3729.0000,3729.4000,3729.8000,3730.0000,3731.0000,3,1,1,2,2,1,1,1,1,1
SF,IF2009,2020-05-27 09:33:35.700,3728.6000,26063,0,314499060.000,0,-,-,-,-,3728.4000,3728.0000,3727.8000,3727.6000,3727.4000,3729.0000,3729.4000,3729.8000,3730.0000,3731.0000,1,2,4,1,1,1,1,1,1,1
SF,IF2009,2020-05-27 09:33:36.200,3728.6000,26063,0,314499060.000,0,-,-,-,-,3728.4000,3728.0000,3727.8000,3727.6000,3727.4000,3729.0000,3729.4000,3729.8000,3730.0000,3731.0000,1,2,3,1,1,1,1,1,1,1
SF,IF2009,2020-05-27 09:33:37.200,3728.6000,26063,0,314499060.000,0,-,-,-,-,3728.4000,3728.0000,3727.8000,3727.6000,3727.4000,3729.0000,3729.4000,3730.0000,3731.0000,3731.4000,1,2,3,1,1,1,1,1,1,2
SF,IF2009,2020-05-27 09:33:37.700,3728.6000,26063,0,314499060.000,0,-,-,-,-,3728.4000,3728.0000,3727.8000,3727.6000,3727.4000,3729.0000,3729.4000,3730.0000,3731.0000,3731.4000,1,1,3,1,1,1,1,1,1,2
SF,IF2009,2020-05-27 09:33:38.200,3728.6000,26063,0,314499060.000,0,-,-,-,-,3728.4000,3727.8000,3727.6000,3727.4000,3727.0000,3729.0000,3729.4000,3730.0000,3731.0000,3731.4000,1,3,1,1,2,1,1,1,1,2
SF,IF2009,2020-05-27 09:33:41.200,3728.6000,26063,0,314499060.000,0,-,-,-,-,3728.4000,3727.8000,3727.6000,3727.4000,3727.0000,3729.0000,3729.4000,3730.0000,3731.0000,3731.4000,1,3,1,1,2,1,1,1,1,2
SF,IF2009,2020-05-27 09:33:41.700,3729.0000,26063,0,315617760.000,1,0,1,多换,S,3728.4000,3727.8000,3727.6000,3727.4000,3727.0000,3729.4000,3730.0000,3731.0000,3731.4000,3732.2000,1,3,1,1,2,1,1,1,2,1
SF,IF2009,2020-05-27 09:33:42.200,3729.0000,26063,0,315617760.000,0,-,-,-,-,3728.6000,3728.4000,3727.8000,3727.6000,3727.4000,3729.4000,3730.0000,3731.0000,3731.4000,3732.2000,1,1,2,1,1,1,1,1,2,1
SF,IF2009,2020-05-27 09:33:42.700,3729.0000,26063,0,315617760.000,0,-,-,-,-,3729.0000,3728.6000,3728.4000,3727.8000,3727.6000,3729.4000,3730.0000,3731.0000,3731.4000,3732.2000,6,2,1,2,1,1,1,1,2,1
SF,IF2009,2020-05-27 09:33:43.200,3729.4000,26062,-1,316736580.000,1,0,1,双平,S,3729.0000,3728.6000,3728.4000,3727.8000,3727.6000,3730.0000,3731.0000,3731.4000,3732.2000,3734.8000,6,2,1,1,1,1,1,2,1,3
SF,IF2009,2020-05-27 09:33:43.700,3729.4000,26062,0,316736580.000,0,-,-,-,-,3729.0000,3728.6000,3728.4000,3727.8000,3727.6000,3729.8000,3730.0000,3731.0000,3731.4000,3732.2000,6,2,1,1,1,2,1,1,2,1
SF,IF2009,2020-05-27 09:33:44.200,3729.4000,26062,0,316736580.000,0,-,-,-,-,3729.0000,3728.6000,3728.4000,3727.8000,3727.6000,3729.8000,3730.0000,3731.0000,3731.4000,3732.2000,6,3,1,1,1,2,1,1,2,1
SF,IF2009,2020-05-27 09:33:48.200,3729.4000,26062,0,316736580.000,0,-,-,-,-,3729.0000,3728.6000,3728.4000,3727.8000,3727.6000,3729.8000,3730.0000,3731.0000,3731.4000,3732.2000,6,3,1,1,1,1,1,1,2,1
SF,IF2009,2020-05-27 09:33:49.200,3729.4000,26062,0,316736580.000,0,-,-,-,-,3729.0000,3728.6000,3728.4000,3727.8000,3727.6000,3729.8000,3730.0000,3731.0000,3731.4000,3732.2000,6,3,1,1,1,2,1,1,2,1
SF,IF2009,2020-05-27 09:33:50.200,3729.4000,26062,0,316736580.000,0,-,-,-,-,3729.0000,3728.6000,3728.4000,3727.8000,3727.6000,3729.8000,3730.0000,3731.0000,3731.4000,3732.2000,6,3,1,1,1,2,1,1,2,1
SF,IF2009,2020-05-27 09:33:50.700,3729.0000,26062,0,323448780.000,6,3,3,多换,S,3728.6000,3728.4000,3727.8000,3727.6000,3727.4000,3729.6000,3729.8000,3730.0000,3731.0000,3731.4000,2,1,1,1,1,3,2,1,1,2
SF,IF2009,2020-05-27 09:33:51.200,3729.0000,26062,0,323448780.000,0,-,-,-,-,3728.6000,3728.4000,3727.8000,3727.6000,3727.4000,3729.4000,3729.6000,3729.8000,3730.0000,3731.0000,2,1,1,1,1,2,2,1,1,1
SF,IF2009,2020-05-27 09:33:51.700,3729.0000,26062,0,323448780.000,0,-,-,-,-,3728.6000,3728.4000,3727.8000,3727.6000,3727.4000,3729.2000,3729.4000,3729.6000,3729.8000,3730.0000,2,1,1,1,1,1,2,1,1,1
SF,IF2009,2020-05-27 09:33:52.200,3729.0000,26062,0,323448780.000,0,-,-,-,-,3728.6000,3728.4000,3727.6000,3727.4000,3727.0000,3729.4000,3729.6000,3729.8000,3730.0000,3731.0000,1,1,1,1,2,1,1,1,1,1
SF,IF2009,2020-05-27 09:33:52.700,3729.0000,26062,0,323448780.000,0,-,-,-,-,3728.6000,3728.4000,3727.6000,3727.4000,3727.0000,3729.4000,3729.8000,3730.0000,3731.0000,3731.4000,2,1,1,1,2,1,1,1,1,2
SF,IF2009,2020-05-27 09:33:53.200,3729.0000,26062,0,323448780.000,0,-,-,-,-,3728.8000,3728.6000,3728.4000,3727.6000,3727.4000,3729.8000,3730.0000,3731.0000,3731.4000,3732.2000,1,2,1,1,1,1,1,1,2,1
SF,IF2009,2020-05-27 09:33:53.700,3729.0000,26062,0,323448780.000,0,-,-,-,-,3728.8000,3728.6000,3728.4000,3727.6000,3727.4000,3729.6000,3729.8000,3730.0000,3731.0000,3731.4000,2,1,1,1,1,1,1,1,1,2
SF,IF2009,2020-05-27 09:33:54.200,3729.0000,26062,0,323448780.000,0,-,-,-,-,3729.0000,3728.8000,3728.6000,3728.4000,3727.6000,3729.4000,3729.8000,3730.0000,3731.0000,3731.4000,1,1,1,1,1,1,1,1,1,2
SF,IF2009,2020-05-27 09:33:54.700,3729.0000,26062,0,323448780.000,0,-,-,-,-,3729.0000,3728.8000,3728.6000,3728.4000,3727.6000,3729.8000,3730.0000,3731.0000,3731.4000,3732.2000,1,1,1,1,1,1,1,1,2,1
SF,IF2009,2020-05-27 09:33:55.200,3729.0000,26062,0,323448780.000,0,-,-,-,-,3728.6000,3728.4000,3727.6000,3727.4000,3727.0000,3729.6000,3729.8000,3730.0000,3731.0000,3731.4000,1,1,1,1,2,2,2,1,1,2
SF,IF2009,2020-05-27 09:33:55.700,3729.0000,26062,0,323448780.000,0,-,-,-,-,3728.6000,3728.4000,3727.6000,3727.4000,3727.0000,3729.6000,3729.8000,3730.0000,3731.0000,3731.4000,1,1,1,1,2,2,1,1,1,2
SF,IF2009,2020-05-27 09:33:56.700,3728.6000,26062,0,324567360.000,1,0,1,多换,S,3728.4000,3727.6000,3727.4000,3727.0000,3725.8000,3729.4000,3729.6000,3729.8000,3730.0000,3731.0000,1,1,1,2,2,1,2,1,1,1
SF,IF2009,2020-05-27 09:33:57.200,3728.6000,26062,0,324567360.000,0,-,-,-,-,3728.4000,3727.6000,3727.4000,3727.0000,3725.8000,3729.2000,3729.4000,3729.8000,3730.0000,3731.0000,1,1,1,2,2,3,2,1,1,1
SF,IF2009,2020-05-27 09:33:57.700,3728.6000,26062,0,324567360.000,0,-,-,-,-,3728.4000,3727.6000,3727.4000,3727.0000,3725.8000,3729.0000,3729.2000,3729.4000,3729.8000,3730.0000,1,1,1,2,2,1,3,3,1,1
SF,IF2009,2020-05-27 09:33:58.200,3728.6000,26062,0,324567360.000,0,-,-,-,-,3728.4000,3727.6000,3727.4000,3727.0000,3725.8000,3728.8000,3729.0000,3729.2000,3729.4000,3729.8000,1,1,1,2,2,1,1,1,3,1
SF,IF2009,2020-05-27 09:33:58.700,3728.6000,26062,0,324567360.000,0,-,-,-,-,3728.4000,3727.6000,3727.4000,3727.0000,3725.8000,3729.0000,3729.2000,3729.4000,3729.8000,3730.0000,1,1,1,2,2,1,1,2,1,1
SF,IF2009,2020-05-27 09:33:59.200,3728.4000,26063,1,325685880.000,1,1,0,双开,S,3727.6000,3727.4000,3727.0000,3725.8000,3724.0000,3728.8000,3729.0000,3729.2000,3729.4000,3729.8000,1,1,2,2,1,1,1,1,1,1
SF,IF2009,2020-05-27 09:33:59.700,3728.4000,26063,0,325685880.000,0,-,-,-,-,3727.8000,3727.6000,3727.4000,3727.0000,3725.8000,3729.2000,3729.8000,3730.0000,3731.0000,3731.4000,1,1,1,2,2,1,1,1,1,2
SF,IF2009,2020-05-27 09:34:00.200,3728.4000,26063,0,325685880.000,0,-,-,-,-,3727.8000,3727.6000,3727.4000,3727.0000,3725.8000,3729.0000,3729.2000,3729.8000,3730.0000,3731.0000,1,1,1,2,2,3,1,1,1,1
SF,IF2009,2020-05-27 09:34:00.700,3728.4000,26063,0,325685880.000,0,-,-,-,-,3727.8000,3727.6000,3727.4000,3727.0000,3725.8000,3728.8000,3729.0000,3729.2000,3729.8000,3730.0000,1,1,1,2,2,1,3,1,1,1
SF,IF2009,2020-05-27 09:34:01.200,3728.4000,26063,0,325685880.000,0,-,-,-,-,3727.8000,3727.6000,3727.4000,3727.0000,3725.8000,3728.6000,3728.8000,3729.0000,3729.2000,3729.8000,1,1,1,2,2,1,1,1,1,1
SF,IF2009,2020-05-27 09:34:01.700,3728.4000,26063,0,325685880.000,0,-,-,-,-,3728.0000,3727.6000,3727.4000,3727.0000,3725.8000,3728.4000,3728.6000,3728.8000,3729.2000,3729.8000,1,1,1,2,2,1,2,1,1,1
SF,IF2009,2020-05-27 09:34:02.200,3728.4000,26063,0,325685880.000,0,-,-,-,-,3727.6000,3727.4000,3727.0000,3725.8000,3724.0000,3728.4000,3728.6000,3729.2000,3729.8000,3730.0000,1,1,2,2,1,1,2,1,1,1
SF,IF2009,2020-05-27 09:34:02.700,3728.4000,26063,0,325685880.000,0,-,-,-,-,3728.0000,3727.8000,3727.4000,3727.0000,3725.8000,3728.4000,3728.6000,3729.2000,3729.8000,3730.0000,2,1,1,2,2,2,1,1,1,1
SF,IF2009,2020-05-27 09:34:03.200,3728.4000,26063,0,325685880.000,0,-,-,-,-,3728.0000,3727.8000,3727.4000,3727.0000,3725.8000,3728.4000,3728.6000,3729.2000,3729.8000,3730.0000,2,1,1,2,2,2,1,1,1,1
SF,IF2009,2020-05-27 09:34:03.700,3728.0000,26063,0,327922680.000,2,1,1,多换,S,3727.8000,3727.4000,3727.0000,3725.8000,3724.0000,3728.4000,3729.2000,3729.8000,3730.0000,3731.0000,1,1,2,2,1,2,1,1,1,1
SF,IF2009,2020-05-27 09:34:04.200,3728.0000,26063,0,329041080.000,1,0,1,多换,S,3727.8000,3727.4000,3727.0000,3725.8000,3724.0000,3728.2000,3728.4000,3729.2000,3729.8000,3730.0000,1,1,2,2,1,1,1,1,1,1
SF,IF2009,2020-05-27 09:34:04.700,3728.0000,26063,0,329041080.000,0,-,-,-,-,3727.4000,3727.0000,3725.8000,3724.0000,3723.4000,3728.4000,3729.2000,3729.8000,3730.0000,3731.0000,1,2,2,1,1,1,1,1,1,1
SF,IF2009,2020-05-27 09:34:05.200,3728.2000,26063,0,330159540.000,1,0,1,多换,S,3727.6000,3727.4000,3727.0000,3725.8000,3724.0000,3729.0000,3729.2000,3729.8000,3730.0000,3731.0000,1,2,2,2,1,1,1,1,1,1
SF,IF2009,2020-05-27 09:34:05.700,3728.2000,26063,0,330159540.000,0,-,-,-,-,3727.6000,3727.4000,3727.0000,3725.8000,3724.0000,3728.8000,3729.0000,3729.8000,3730.0000,3731.0000,2,2,2,2,1,1,2,1,1,1
SF,IF2009,2020-05-27 09:34:06.200,3728.2000,26063,0,330159540.000,0,-,-,-,-,3727.8000,3727.6000,3727.4000,3727.0000,3725.8000,3728.8000,3729.0000,3729.8000,3730.0000,3731.0000,1,2,2,2,2,1,2,1,1,1
SF,IF2009,2020-05-27 09:34:06.700,3728.2000,26063,0,330159540.000,0,-,-,-,-,3727.8000,3727.6000,3727.4000,3727.0000,3725.8000,3728.8000,3729.0000,3729.8000,3730.0000,3731.0000,1,2,1,2,2,1,2,1,1,1
SF,IF2009,2020-05-27 09:34:07.200,3728.2000,26063,0,330159540.000,0,-,-,-,-,3728.0000,3727.8000,3727.4000,3727.0000,3725.8000,3728.6000,3728.8000,3729.0000,3729.8000,3730.0000,1,1,1,2,2,1,1,2,1,1
SF,IF2009,2020-05-27 09:34:07.700,3728.2000,26063,0,330159540.000,0,-,-,-,-,3727.4000,3727.0000,3725.8000,3724.0000,3723.4000,3728.8000,3729.0000,3729.8000,3730.0000,3731.0000,1,2,2,1,1,1,2,1,1,1
SF,IF2009,2020-05-27 09:34:08.200,3728.2000,26063,0,330159540.000,0,-,-,-,-,3727.6000,3727.4000,3727.0000,3726.0000,3725.8000,3728.6000,3728.8000,3729.0000,3729.8000,3730.0000,1,1,2,1,2,2,1,2,1,1
SF,IF2009,2020-05-27 09:34:08.700,3728.2000,26063,0,330159540.000,0,-,-,-,-,3727.6000,3727.4000,3727.0000,3726.0000,3725.8000,3728.6000,3728.8000,3729.0000,3729.8000,3730.0000,1,1,2,1,2,1,1,1,1,1
SF,IF2009,2020-05-27 09:34:09.200,3728.2000,26063,0,330159540.000,0,-,-,-,-,3727.6000,3727.4000,3727.0000,3726.0000,3725.8000,3728.4000,3729.0000,3729.8000,3730.0000,3731.0000,1,1,2,1,2,2,1,1,1,1
SF,IF2009,2020-05-27 09:34:10.700,3728.2000,26063,0,330159540.000,0,-,-,-,-,3727.6000,3727.4000,3727.0000,3726.0000,3725.8000,3728.2000,3728.4000,3729.0000,3729.8000,3730.0000,1,1,2,1,2,1,2,1,1,1
SF,IF2009,2020-05-27 09:34:11.200,3728.2000,26063,0,330159540.000,0,-,-,-,-,3727.4000,3727.0000,3726.0000,3725.8000,3724.0000,3727.6000,3728.2000,3728.4000,3729.0000,3729.8000,1,2,1,2,1,1,1,1,1,1
SF,IF2009,2020-05-27 09:34:11.700,3728.2000,26063,0,330159540.000,0,-,-,-,-,3727.4000,3727.0000,3726.0000,3725.8000,3724.0000,3727.6000,3728.2000,3728.4000,3729.0000,3729.8000,1,2,1,2,1,1,1,1,1,1
SF,IF2009,2020-05-27 09:34:12.200,3727.4000,26062,-1,332396040.000,2,0,2,多平,S,3727.0000,3726.0000,3725.8000,3724.0000,3723.4000,3728.2000,3728.4000,3729.0000,3729.8000,3730.0000,2,1,2,1,1,1,1,1,1,2
SF,IF2009,2020-05-27 09:34:12.700,3727.4000,26062,0,332396040.000,0,-,-,-,-,3727.6000,3727.2000,3727.0000,3726.0000,3725.8000,3728.0000,3728.2000,3729.0000,3729.8000,3730.0000,2,2,2,1,2,4,3,1,1,2
SF,IF2009,2020-05-27 09:34:13.200,3727.4000,26062,0,332396040.000,0,-,-,-,-,3727.6000,3727.2000,3727.0000,3726.0000,3725.8000,3728.0000,3728.2000,3729.0000,3729.8000,3730.0000,2,1,2,1,2,3,3,1,1,2
SF,IF2009,2020-05-27 09:34:13.700,3727.4000,26062,0,332396040.000,0,-,-,-,-,3727.6000,3727.2000,3727.0000,3726.0000,3725.8000,3728.0000,3728.2000,3729.0000,3729.8000,3730.0000,1,1,2,1,2,3,3,1,1,2
SF,IF2009,2020-05-27 09:34:14.200,3727.4000,26062,0,332396040.000,0,-,-,-,-,3727.6000,3727.2000,3727.0000,3726.0000,3725.8000,3727.8000,3728.0000,3728.2000,3729.0000,3729.8000,1,1,2,1,2,1,3,1,1,1
SF,IF2009,2020-05-27 09:34:14.700,3727.6000,26061,-1,333514320.000,1,0,1,双平,S,3727.2000,3727.0000,3726.0000,3725.8000,3724.0000,3727.6000,3727.8000,3728.0000,3729.0000,3729.8000,1,2,1,2,1,1,1,3,1,1
SF,IF2009,2020-05-27 09:34:15.200,3727.6000,26061,0,333514320.000,0,-,-,-,-,3727.0000,3726.0000,3725.8000,3724.0000,3723.4000,3727.6000,3727.8000,3728.0000,3729.0000,3729.8000,2,1,2,1,1,1,1,3,1,1
SF,IF2009,2020-05-27 09:34:15.700,3727.6000,26061,0,333514320.000,0,-,-,-,-,3727.0000,3726.0000,3725.8000,3724.0000,3723.4000,3727.8000,3728.0000,3729.0000,3729.8000,3730.0000,2,1,2,1,1,1,3,1,1,2
SF,IF2009,2020-05-27 09:34:16.200,3727.6000,26061,0,333514320.000,0,-,-,-,-,3727.2000,3727.0000,3726.0000,3725.8000,3724.0000,3727.8000,3728.0000,3729.0000,3729.8000,3730.0000,1,2,1,2,1,1,3,1,1,2
SF,IF2009,2020-05-27 09:34:16.700,3727.6000,26061,0,333514320.000,0,-,-,-,-,3727.0000,3726.0000,3725.8000,3724.0000,3723.4000,3727.8000,3728.0000,3729.0000,3729.8000,3730.0000,2,1,2,1,1,1,3,1,1,2
SF,IF2009,2020-05-27 09:34:17.200,3727.6000,26061,0,333514320.000,0,-,-,-,-,3727.2000,3727.0000,3726.0000,3725.8000,3724.0000,3727.8000,3728.0000,3729.0000,3729.8000,3730.0000,2,2,1,2,1,1,3,1,1,2
SF,IF2009,2020-05-27 09:34:17.700,3727.6000,26061,0,333514320.000,0,-,-,-,-,3727.2000,3727.0000,3726.0000,3725.8000,3724.0000,3727.8000,3728.0000,3729.0000,3729.8000,3730.0000,1,2,1,2,1,1,3,1,1,2
SF,IF2009,2020-05-27 09:34:19.700,3728.0000,26060,-1,335751060.000,2,0,2,多平,S,3727.2000,3727.0000,3726.0000,3725.8000,3724.0000,3728.0000,3729.0000,3729.8000,3730.0000,3731.0000,1,2,1,2,1,2,1,1,2,1
SF,IF2009,2020-05-27 09:34:20.200,3728.0000,26060,0,337987860.000,2,1,1,多换,S,3727.4000,3727.0000,3726.0000,3725.8000,3724.0000,3729.0000,3729.8000,3730.0000,3731.0000,3731.4000,1,2,1,2,1,1,1,2,1,2
SF,IF2009,2020-05-27 09:34:20.700,3728.0000,26060,0,337987860.000,0,-,-,-,-,3727.6000,3727.4000,3727.0000,3726.0000,3725.8000,3728.8000,3729.0000,3729.8000,3730.0000,3731.0000,1,1,2,1,2,2,1,1,2,1
SF,IF2009,2020-05-27 09:34:21.200,3728.0000,26060,0,337987860.000,0,-,-,-,-,3727.8000,3727.6000,3727.0000,3726.0000,3725.8000,3728.8000,3729.0000,3729.8000,3730.0000,3731.0000,1,1,2,1,2,1,1,1,2,1
SF,IF2009,2020-05-27 09:34:21.700,3728.0000,26060,0,337987860.000,0,-,-,-,-,3728.0000,3727.8000,3727.6000,3727.0000,3726.0000,3729.0000,3729.8000,3730.0000,3731.0000,3731.4000,1,2,1,2,1,1,1,2,1,2
SF,IF2009,2020-05-27 09:34:22.200,3728.0000,26060,0,337987860.000,0,-,-,-,-,3728.2000,3727.8000,3727.6000,3727.0000,3726.0000,3729.8000,3730.0000,3731.0000,3731.4000,3732.2000,2,1,1,2,1,1,2,1,2,1
SF,IF2009,2020-05-27 09:34:22.700,3728.0000,26060,0,337987860.000,0,-,-,-,-,3727.6000,3727.0000,3726.0000,3725.8000,3724.0000,3728.8000,3729.0000,3729.4000,3729.6000,3729.8000,1,2,1,2,1,1,1,2,4,1
SF,IF2009,2020-05-27 09:34:23.200,3728.0000,26060,0,337987860.000,0,-,-,-,-,3727.8000,3727.6000,3727.0000,3726.0000,3725.8000,3728.6000,3728.8000,3729.4000,3729.6000,3729.8000,2,1,2,1,2,1,1,2,1,1
SF,IF2009,2020-05-27 09:34:23.700,3728.0000,26060,0,337987860.000,0,-,-,-,-,3727.8000,3727.6000,3727.0000,3726.0000,3725.8000,3728.6000,3728.8000,3729.4000,3729.6000,3729.8000,1,1,2,1,2,2,1,2,1,1
SF,IF2009,2020-05-27 09:34:24.200,3728.0000,26060,0,337987860.000,0,-,-,-,-,3727.8000,3727.6000,3727.0000,3726.0000,3725.8000,3728.6000,3728.8000,3729.4000,3729.6000,3729.8000,1,1,2,1,2,1,1,1,1,1
SF,IF2009,2020-05-27 09:34:24.700,3728.0000,26060,0,337987860.000,0,-,-,-,-,3727.8000,3727.6000,3727.0000,3726.0000,3725.8000,3728.8000,3729.4000,3729.6000,3729.8000,3730.0000,2,1,2,1,2,1,1,1,1,2
SF,IF2009,2020-05-27 09:34:25.200,3728.0000,26060,0,337987860.000,0,-,-,-,-,3728.0000,3727.8000,3727.6000,3727.0000,3726.0000,3729.6000,3729.8000,3730.0000,3731.0000,3731.4000,1,1,1,2,1,1,1,2,1,2
SF,IF2009,2020-05-27 09:34:25.700,3728.0000,26060,0,337987860.000,0,-,-,-,-,3728.2000,3727.6000,3727.0000,3726.0000,3725.8000,3729.4000,3729.6000,3729.8000,3730.0000,3731.0000,1,1,2,1,2,4,1,1,2,1
SF,IF2009,2020-05-27 09:34:26.200,3728.0000,26060,0,337987860.000,0,-,-,-,-,3728.2000,3727.6000,3727.0000,3726.0000,3725.8000,3729.2000,3729.4000,3729.6000,3729.8000,3730.0000,1,1,2,1,2,1,4,1,1,2
SF,IF2009,2020-05-27 09:34:26.700,3728.0000,26060,0,337987860.000,0,-,-,-,-,3727.6000,3727.0000,3726.0000,3725.8000,3724.0000,3729.0000,3729.2000,3729.4000,3729.6000,3729.8000,1,2,1,2,1,1,1,2,1,1
SF,IF2009,2020-05-27 09:34:27.200,3728.0000,26060,0,337987860.000,0,-,-,-,-,3727.8000,3727.6000,3727.0000,3726.0000,3725.8000,3729.0000,3729.2000,3729.4000,3729.6000,3729.8000,2,1,2,1,2,2,1,1,1,1
SF,IF2009,2020-05-27 09:34:27.700,3728.0000,26060,0,337987860.000,0,-,-,-,-,3727.8000,3727.6000,3727.0000,3726.0000,3725.8000,3729.0000,3729.2000,3729.4000,3729.6000,3729.8000,3,1,2,1,2,1,1,1,1,1
SF,IF2009,2020-05-27 09:34:28.200,3728.0000,26060,0,337987860.000,0,-,-,-,-,3727.8000,3727.6000,3727.0000,3726.0000,3725.8000,3729.0000,3729.2000,3729.6000,3729.8000,3730.0000,3,1,2,1,2,1,1,1,1,2
SF,IF2009,2020-05-27 09:34:28.700,3728.0000,26060,0,337987860.000,0,-,-,-,-,3728.0000,3727.8000,3727.6000,3727.0000,3726.0000,3729.2000,3729.6000,3729.8000,3730.0000,3731.0000,5,3,1,2,1,1,1,1,2,1
SF,IF2009,2020-05-27 09:34:29.200,3728.0000,26060,0,337987860.000,0,-,-,-,-,3728.2000,3728.0000,3727.8000,3727.6000,3727.0000,3729.6000,3729.8000,3730.0000,3731.0000,3731.4000,2,5,1,1,2,1,1,2,1,2
SF,IF2009,2020-05-27 09:34:29.700,3728.0000,26060,0,337987860.000,0,-,-,-,-,3728.2000,3728.0000,3727.8000,3727.6000,3727.0000,3729.4000,3729.6000,3729.8000,3730.0000,3731.0000,2,2,1,1,2,1,1,1,2,1
SF,IF2009,2020-05-27 09:34:30.200,3728.0000,26060,0,337987860.000,0,-,-,-,-,3728.2000,3727.6000,3727.0000,3726.0000,3725.8000,3729.4000,3729.6000,3729.8000,3730.0000,3731.0000,1,1,2,1,2,2,1,1,2,1
SF,IF2009,2020-05-27 09:34:30.700,3728.0000,26060,0,337987860.000,0,-,-,-,-,3727.6000,3727.0000,3726.0000,3725.8000,3725.0000,3729.4000,3729.6000,3729.8000,3730.0000,3731.0000,1,2,1,2,1,2,1,1,2,1
SF,IF2009,2020-05-27 09:34:31.200,3728.0000,26060,0,337987860.000,0,-,-,-,-,3727.8000,3727.6000,3727.0000,3726.0000,3725.8000,3729.2000,3729.4000,3729.6000,3729.8000,3730.0000,3,1,2,1,2,2,2,1,1,2
SF,IF2009,2020-05-27 09:34:31.700,3728.0000,26060,0,337987860.000,0,-,-,-,-,3727.8000,3727.6000,3727.0000,3726.0000,3725.8000,3728.2000,3729.0000,3729.2000,3729.4000,3729.6000,3,1,2,1,2,2,1,2,1,1
SF,IF2009,2020-05-27 09:34:32.200,3728.2000,26058,-2,340224780.000,2,0,2,双平,S,3728.2000,3728.0000,3727.8000,3727.6000,3727.0000,3729.0000,3729.2000,3729.4000,3729.6000,3729.8000,4,2,2,1,2,1,1,1,1,1
SF,IF2009,2020-05-27 09:34:32.700,3728.2000,26058,0,340224780.000,0,-,-,-,-,3728.2000,3728.0000,3727.8000,3727.6000,3727.0000,3729.0000,3729.2000,3729.6000,3729.8000,3730.0000,3,3,1,1,2,1,1,1,1,2
SF,IF2009,2020-05-27 09:34:33.200,3729.0000,26058,0,341343480.000,1,0,1,多换,S,3728.2000,3728.0000,3727.8000,3727.6000,3727.0000,3729.2000,3729.6000,3729.8000,3730.0000,3731.0000,3,3,1,1,2,1,1,1,2,1
SF,IF2009,2020-05-27 09:34:33.700,3729.0000,26058,0,341343480.000,0,-,-,-,-,3728.4000,3728.2000,3728.0000,3727.6000,3727.0000,3729.6000,3729.8000,3730.0000,3731.0000,3731.4000,4,3,3,1,2,1,1,2,1,2
SF,IF2009,2020-05-27 09:34:34.200,3729.0000,26058,0,341343480.000,0,-,-,-,-,3728.4000,3728.2000,3728.0000,3727.6000,3727.0000,3729.0000,3729.4000,3729.6000,3729.8000,3730.0000,4,3,1,1,2,3,4,2,1,2
SF,IF2009,2020-05-27 09:34:34.700,3729.0000,26058,0,341343480.000,0,-,-,-,-,3728.4000,3728.2000,3728.0000,3727.6000,3727.0000,3729.0000,3729.4000,3729.6000,3729.8000,3730.0000,4,3,1,1,2,1,3,2,1,2
SF,IF2009,2020-05-27 09:34:35.200,3729.0000,26058,0,341343480.000,0,-,-,-,-,3728.4000,3728.2000,3728.0000,3727.6000,3727.0000,3729.0000,3729.4000,3729.6000,3729.8000,3730.0000,4,3,1,1,2,1,3,2,1,2
SF,IF2009,2020-05-27 09:34:35.700,3729.0000,26058,0,341343480.000,0,-,-,-,-,3728.4000,3728.2000,3728.0000,3727.6000,3727.0000,3728.8000,3729.0000,3729.4000,3729.6000,3729.8000,4,3,1,1,2,1,1,3,1,1
SF,IF2009,2020-05-27 09:34:36.200,3729.0000,26058,0,341343480.000,0,-,-,-,-,3728.8000,3728.4000,3728.2000,3728.0000,3727.6000,3729.4000,3729.6000,3729.8000,3730.0000,3731.0000,4,4,1,1,1,3,1,1,2,1
SF,IF2009,2020-05-27 09:34:36.700,3728.8000,26058,0,342462120.000,1,0,1,多换,S,3728.8000,3728.4000,3728.2000,3728.0000,3727.0000,3729.4000,3729.6000,3729.8000,3730.0000,3731.0000,1,1,1,1,2,1,1,1,2,1
SF,IF2009,2020-05-27 09:34:37.200,3728.8000,26058,0,342462120.000,0,-,-,-,-,3728.8000,3728.4000,3728.2000,3728.0000,3727.0000,3729.6000,3729.8000,3730.0000,3731.0000,3731.4000,1,1,1,1,2,1,1,2,1,2
SF,IF2009,2020-05-27 09:34:37.700,3728.8000,26058,0,342462120.000,0,-,-,-,-,3729.0000,3728.8000,3728.4000,3728.2000,3728.0000,3729.8000,3730.0000,3731.0000,3731.4000,3732.2000,3,1,1,1,1,1,2,1,2,1
SF,IF2009,2020-05-27 09:34:38.200,3728.8000,26058,0,342462120.000,0,-,-,-,-,3729.4000,3729.0000,3728.8000,3728.4000,3728.2000,3729.8000,3730.0000,3731.0000,3731.4000,3732.2000,1,3,1,1,1,1,2,1,2,1
SF,IF2009,2020-05-27 09:34:38.700,3729.6000,26057,-1,343581000.000,1,0,1,双平,S,3729.4000,3728.8000,3728.4000,3728.2000,3728.0000,3729.8000,3730.0000,3731.0000,3731.4000,3732.2000,1,1,1,1,1,1,2,1,2,1
SF,IF2009,2020-05-27 09:34:39.700,3729.6000,26057,0,343581000.000,0,-,-,-,-,3729.6000,3729.4000,3728.8000,3728.4000,3728.2000,3729.8000,3730.0000,3731.0000,3731.4000,3732.2000,3,1,1,1,1,1,2,1,2,1
SF,IF2009,2020-05-27 09:34:40.200,3729.8000,26056,-1,344699940.000,1,0,1,双平,S,3729.6000,3729.4000,3728.8000,3728.4000,3728.2000,3730.0000,3731.0000,3731.4000,3732.2000,3734.8000,3,1,1,1,1,2,1,2,1,3
SF,IF2009,2020-05-27 09:34:40.700,3729.6000,26054,-2,346937700.000,2,0,2,双平,S,3729.6000,3729.4000,3728.8000,3728.4000,3728.2000,3730.0000,3731.0000,3731.4000,3732.2000,3734.8000,1,1,1,1,1,2,1,2,1,3
SF,IF2009,2020-05-27 09:34:41.200,3729.6000,26053,-1,348056580.000,1,0,1,双平,S,3729.4000,3728.8000,3728.4000,3728.2000,3728.0000,3730.0000,3731.0000,3731.4000,3732.2000,3734.8000,1,1,1,1,1,2,1,2,1,3
SF,IF2009,2020-05-27 09:34:41.700,3729.6000,26053,0,348056580.000,0,-,-,-,-,3729.4000,3728.8000,3728.4000,3728.2000,3728.0000,3729.8000,3730.0000,3731.0000,3731.4000,3732.2000,1,1,1,1,1,1,2,1,2,1
SF,IF2009,2020-05-27 09:34:42.200,3729.6000,26053,0,348056580.000,0,-,-,-,-,3729.4000,3728.8000,3728.4000,3727.0000,3726.0000,3729.8000,3730.0000,3731.0000,3731.4000,3732.2000,1,1,1,2,1,1,2,1,2,1
SF,IF2009,2020-05-27 09:34:42.700,3729.6000,26053,0,348056580.000,0,-,-,-,-,3729.4000,3728.8000,3728.4000,3727.0000,3726.0000,3729.8000,3730.0000,3731.0000,3731.4000,3732.2000,1,1,1,2,1,1,2,1,2,1
SF,IF2009,2020-05-27 09:34:44.200,3729.6000,26053,0,348056580.000,0,-,-,-,-,3729.4000,3728.4000,3727.0000,3726.0000,3725.8000,3729.8000,3730.0000,3731.0000,3731.4000,3732.2000,1,1,2,1,2,1,2,1,2,1
SF,IF2009,2020-05-27 09:34:45.200,3729.6000,26053,0,348056580.000,0,-,-,-,-,3729.4000,3728.4000,3727.0000,3726.0000,3725.8000,3729.8000,3730.0000,3731.0000,3731.4000,3732.2000,1,1,3,1,2,1,2,1,2,1
SF,IF2009,2020-05-27 09:34:45.700,3729.4000,26052,-1,349175400.000,1,0,1,双平,S,3728.4000,3727.0000,3726.0000,3725.8000,3725.0000,3729.8000,3730.0000,3731.0000,3731.4000,3732.2000,1,3,1,2,1,1,2,1,2,1
SF,IF2009,2020-05-27 09:34:46.200,3729.4000,26052,0,349175400.000,0,-,-,-,-,3728.6000,3728.4000,3727.0000,3726.0000,3725.8000,3729.8000,3730.0000,3731.0000,3731.4000,3732.2000,2,1,3,1,2,1,2,1,2,1
SF,IF2009,2020-05-27 09:34:46.700,3729.4000,26052,0,349175400.000,0,-,-,-,-,3728.8000,3728.6000,3727.0000,3726.0000,3725.8000,3729.8000,3730.0000,3731.0000,3731.4000,3732.2000,2,2,3,1,2,1,2,1,2,1
SF,IF2009,2020-05-27 09:34:47.200,3729.4000,26052,0,349175400.000,0,-,-,-,-,3728.8000,3727.0000,3726.0000,3725.8000,3725.0000,3729.6000,3729.8000,3730.0000,3731.0000,3731.4000,1,3,1,2,1,1,1,2,1,2
SF,IF2009,2020-05-27 09:34:49.200,3729.4000,26052,0,349175400.000,0,-,-,-,-,3728.8000,3727.0000,3726.0000,3725.8000,3725.0000,3729.0000,3729.4000,3729.6000,3729.8000,3730.0000,1,3,1,2,1,3,4,1,1,2
SF,IF2009,2020-05-27 09:34:49.700,3729.4000,26052,0,349175400.000,0,-,-,-,-,3728.8000,3727.0000,3726.0000,3725.8000,3725.0000,3729.8000,3730.0000,3731.0000,3731.4000,3732.2000,1,3,1,2,1,1,3,1,2,1
SF,IF2009,2020-05-27 09:34:50.200,3729.4000,26052,0,349175400.000,0,-,-,-,-,3728.8000,3728.0000,3727.0000,3726.0000,3725.8000,3729.6000,3729.8000,3730.0000,3731.0000,3731.4000,1,1,3,1,2,1,3,3,1,2
SF,IF2009,2020-05-27 09:34:50.700,3729.4000,26052,0,349175400.000,0,-,-,-,-,3728.8000,3728.0000,3727.0000,3726.0000,3725.8000,3729.6000,3729.8000,3730.0000,3731.0000,3731.4000,1,1,3,1,2,1,2,3,1,2
