市场代码,合约代码,时间,最新,持仓,增仓,成交额,成交量,开仓,平仓,成交类型,方向,买一价,买二价,买三价,买四价,买五价,卖一价,卖二价,卖三价,卖四价,卖五价,买一量,买二量,买三量,买四量,买五量,卖一量,卖二量,卖三量,卖四量,卖五量
SF,IF2006,2019-11-18 09:29:00.000,3858.8000,2916,0,4630560.000,4.000,-,-,-,-,3856.0000,3855.0000,3842.4000,3841.8000,3841.6000,3859.0000,3859.8000,3863.2000,3865.2000,3866.6000,1,1,2,1,1,2,1,1,1,1
SF,IF2006,2019-11-18 09:30:00.500,3855.0000,2918,2,6943860.000,2,2,0,双开,S,3848.2000,3841.6000,3840.0000,3839.2000,3831.8000,3853.2000,3854.8000,3857.0000,3857.6000,3858.2000,1,1,3,2,1,1,3,2,1,1
SF,IF2006,2019-11-18 09:30:01.000,3855.0000,2918,0,6943860.000,0,-,-,-,-,3849.6000,3849.4000,3848.4000,3848.2000,3841.6000,3853.2000,3854.8000,3857.0000,3857.6000,3858.2000,1,1,3,2,1,1,3,2,1,1
SF,IF2006,2019-11-18 09:30:01.500,3849.8000,2917,-1,8098800.000,1,0,1,双平,S,3848.4000,3848.2000,3846.8000,3843.0000,3841.6000,3853.2000,3854.6000,3854.8000,3855.6000,3857.0000,1,2,1,5,1,2,1,3,5,2
SF,IF2006,2019-11-18 09:30:02.000,3849.8000,2917,0,8098800.000,0,-,-,-,-,3849.4000,3848.6000,3848.4000,3848.2000,3843.0000,3853.2000,3854.8000,3855.6000,3857.0000,3858.8000,2,1,1,1,5,2,3,5,2,2
SF,IF2006,2019-11-18 09:30:02.500,3849.4000,2917,0,9253620.000,1,0,1,多换,S,3848.4000,3848.2000,3843.0000,3841.6000,3840.0000,3853.0000,3853.2000,3855.6000,3857.0000,3858.8000,1,1,5,1,3,1,3,5,2,1
SF,IF2006,2019-11-18 09:30:03.000,3849.4000,2917,0,9253620.000,0,-,-,-,-,3849.8000,3848.4000,3848.2000,3843.0000,3841.6000,3853.0000,3853.2000,3855.6000,3857.0000,3858.8000,1,1,1,5,1,1,5,5,1,1
SF,IF2006,2019-11-18 09:30:03.500,3849.4000,2917,0,9253620.000,0,-,-,-,-,3848.4000,3848.2000,3843.0000,3841.6000,3840.0000,3849.4000,3853.0000,3853.2000,3855.6000,3857.0000,1,1,5,1,3,1,1,5,5,1
SF,IF2006,2019-11-18 09:30:04.000,3849.4000,2916,-1,10408440.000,1,0,1,双平,S,3848.4000,3848.2000,3843.0000,3841.6000,3840.0000,3853.2000,3855.6000,3857.0000,3866.6000,3866.8000,1,1,5,1,3,3,5,1,1,1
SF,IF2006,2019-11-18 09:30:04.500,3849.4000,2916,0,10408440.000,0,-,-,-,-,3849.2000,3848.6000,3848.4000,3848.2000,3843.0000,3853.0000,3853.2000,3855.6000,3857.0000,3866.6000,1,3,1,1,5,1,2,5,1,1
SF,IF2006,2019-11-18 09:30:05.000,3849.4000,2916,0,10408440.000,0,-,-,-,-,3849.4000,3849.2000,3848.4000,3848.2000,3841.6000,3853.0000,3853.2000,3855.6000,3857.0000,3866.6000,2,1,1,1,1,1,2,5,1,1
SF,IF2006,2019-11-18 09:30:05.500,3849.4000,2916,0,10408440.000,0,-,-,-,-,3849.8000,3849.4000,3849.2000,3848.4000,3848.2000,3853.0000,3853.2000,3855.6000,3857.0000,3866.6000,1,2,1,1,1,1,3,5,1,1
SF,IF2006,2019-11-18 09:30:06.000,3849.4000,2916,0,10408440.000,0,-,-,-,-,3850.0000,3841.6000,3840.0000,3831.8000,3830.2000,3853.0000,3853.2000,3855.6000,3857.0000,3866.6000,2,1,3,1,1,1,5,5,1,1
SF,IF2006,2019-11-18 09:30:07.000,3849.4000,2916,0,10408440.000,0,-,-,-,-,3850.0000,3841.6000,3840.0000,3831.8000,3830.2000,3853.0000,3853.2000,3855.6000,3857.0000,3866.6000,2,1,3,1,1,1,3,5,1,1
SF,IF2006,2019-11-18 09:30:07.500,3849.4000,2916,0,10408440.000,0,-,-,-,-,3850.0000,3843.0000,3841.6000,3840.0000,3831.8000,3853.0000,3853.2000,3855.6000,3857.0000,3866.6000,2,6,1,3,1,1,2,5,1,1
SF,IF2006,2019-11-18 09:30:08.500,3849.4000,2916,0,10408440.000,0,-,-,-,-,3850.4000,3850.0000,3843.0000,3841.6000,3840.0000,3853.0000,3853.2000,3855.6000,3857.0000,3866.6000,1,2,6,1,3,1,2,5,1,1
SF,IF2006,2019-11-18 09:30:09.000,3849.4000,2916,0,10408440.000,0,-,-,-,-,3850.6000,3850.4000,3843.0000,3841.6000,3840.0000,3853.0000,3853.2000,3855.6000,3857.0000,3866.6000,2,1,6,1,3,1,2,5,1,1
SF,IF2006,2019-11-18 09:30:10.500,3849.4000,2916,0,10408440.000,0,-,-,-,-,3850.6000,3850.4000,3843.0000,3841.6000,3840.0000,3853.0000,3853.2000,3855.6000,3857.0000,3866.6000,2,2,6,1,3,1,4,5,1,1
SF,IF2006,2019-11-18 09:30:11.000,3850.6000,2917,1,11563620.000,1,1,0,双开,S,3850.6000,3850.4000,3843.0000,3841.6000,3840.0000,3853.0000,3853.2000,3855.6000,3857.0000,3866.6000,1,1,6,1,3,1,3,5,1,1
SF,IF2006,2019-11-18 09:30:11.500,3850.6000,2917,0,11563620.000,0,-,-,-,-,3850.6000,3850.4000,3843.0000,3841.6000,3840.0000,3853.0000,3853.2000,3855.6000,3857.0000,3866.6000,1,1,6,1,3,1,2,5,1,1
SF,IF2006,2019-11-18 09:30:12.000,3850.6000,2917,0,11563620.000,0,-,-,-,-,3850.6000,3850.4000,3843.0000,3841.6000,3840.0000,3853.0000,3853.2000,3855.6000,3857.0000,3866.6000,1,1,6,1,3,1,4,5,1,1
SF,IF2006,2019-11-18 09:30:12.500,3850.6000,2917,0,11563620.000,0,-,-,-,-,3850.6000,3850.4000,3843.0000,3841.6000,3840.0000,3852.8000,3853.0000,3853.2000,3855.6000,3857.0000,1,1,6,1,3,1,1,5,5,1
SF,IF2006,2019-11-18 09:30:13.000,3850.6000,2917,0,11563620.000,0,-,-,-,-,3850.6000,3850.4000,3843.0000,3841.6000,3840.0000,3852.6000,3853.2000,3855.6000,3857.0000,3866.6000,1,1,6,1,3,1,4,5,1,1
SF,IF2006,2019-11-18 09:30:13.500,3850.6000,2917,0,11563620.000,0,-,-,-,-,3850.6000,3850.4000,3843.0000,3841.6000,3840.0000,3852.6000,3853.2000,3855.6000,3857.0000,3866.6000,1,1,6,1,3,2,4,5,1,1
SF,IF2006,2019-11-18 09:30:14.000,3850.6000,2917,0,11563620.000,0,-,-,-,-,3850.6000,3850.4000,3843.0000,3841.6000,3840.0000,3852.6000,3853.2000,3855.6000,3857.0000,3866.6000,1,1,6,1,3,1,4,5,1,1
SF,IF2006,2019-11-18 09:30:14.500,3850.6000,2917,0,11563620.000,0,-,-,-,-,3850.6000,3850.4000,3845.6000,3843.0000,3841.6000,3852.6000,3853.2000,3855.6000,3857.0000,3866.6000,1,1,1,6,1,1,3,5,1,1
SF,IF2006,2019-11-18 09:30:15.000,3850.6000,2917,0,11563620.000,0,-,-,-,-,3850.6000,3850.4000,3845.6000,3843.0000,3841.6000,3852.6000,3853.2000,3855.6000,3857.0000,3866.6000,1,1,1,6,1,1,2,5,1,1
SF,IF2006,2019-11-18 09:30:22.500,3852.6000,2916,-1,12719400.000,1,0,1,双平,S,3850.6000,3850.4000,3849.8000,3845.6000,3843.0000,3853.2000,3853.6000,3855.6000,3857.0000,3866.6000,1,1,1,1,6,2,1,5,1,1
SF,IF2006,2019-11-18 09:30:23.000,3852.6000,2916,0,12719400.000,0,-,-,-,-,3850.8000,3850.6000,3850.4000,3845.6000,3843.0000,3853.0000,3853.2000,3855.6000,3857.0000,3866.6000,2,1,1,1,6,1,3,5,1,1
SF,IF2006,2019-11-18 09:30:23.500,3852.6000,2916,0,12719400.000,0,-,-,-,-,3851.0000,3850.8000,3850.4000,3845.6000,3843.0000,3853.0000,3853.2000,3855.6000,3857.0000,3866.6000,1,2,1,1,6,1,2,5,1,1
SF,IF2006,2019-11-18 09:30:24.000,3852.6000,2916,0,12719400.000,0,-,-,-,-,3851.0000,3850.8000,3850.4000,3845.6000,3843.0000,3853.0000,3853.2000,3855.6000,3857.0000,3866.6000,1,1,1,1,6,1,2,5,1,1
SF,IF2006,2019-11-18 09:30:24.500,3852.6000,2916,0,12719400.000,0,-,-,-,-,3851.0000,3850.8000,3850.4000,3845.6000,3843.0000,3853.0000,3853.2000,3855.6000,3857.0000,3866.6000,1,1,1,1,6,1,3,5,1,1
SF,IF2006,2019-11-18 09:30:25.000,3852.6000,2916,0,12719400.000,0,-,-,-,-,3851.0000,3850.8000,3850.4000,3845.6000,3843.0000,3853.0000,3853.2000,3855.6000,3857.0000,3866.6000,1,1,1,1,6,1,2,5,1,1
SF,IF2006,2019-11-18 09:30:27.000,3852.6000,2916,0,12719400.000,0,-,-,-,-,3851.0000,3850.8000,3850.4000,3845.6000,3843.0000,3853.0000,3853.2000,3855.6000,3857.0000,3866.6000,1,1,1,1,6,1,3,5,1,1
SF,IF2006,2019-11-18 09:30:27.500,3852.6000,2916,0,12719400.000,0,-,-,-,-,3851.0000,3850.8000,3850.4000,3845.6000,3843.0000,3852.8000,3853.0000,3853.2000,3855.6000,3857.0000,1,1,1,1,6,1,1,5,5,1
SF,IF2006,2019-11-18 09:30:28.000,3852.6000,2916,0,12719400.000,0,-,-,-,-,3851.0000,3850.8000,3850.4000,3845.6000,3843.0000,3852.6000,3852.8000,3853.2000,3855.6000,3857.0000,1,1,1,1,6,1,1,5,5,1
SF,IF2006,2019-11-18 09:30:28.500,3852.6000,2916,0,12719400.000,0,-,-,-,-,3851.0000,3850.8000,3850.4000,3845.6000,3843.0000,3852.6000,3853.2000,3855.6000,3857.0000,3866.6000,1,1,1,1,6,1,3,5,1,1
SF,IF2006,2019-11-18 09:30:29.500,3852.6000,2916,0,12719400.000,0,-,-,-,-,3851.0000,3850.8000,3850.4000,3845.6000,3843.0000,3852.6000,3853.2000,3855.6000,3857.0000,3866.6000,1,1,1,1,6,1,2,5,1,1
SF,IF2006,2019-11-18 09:30:30.000,3852.6000,2916,0,12719400.000,0,-,-,-,-,3851.2000,3851.0000,3850.8000,3850.4000,3845.6000,3853.2000,3855.6000,3857.0000,3866.6000,3866.8000,1,1,1,1,1,2,5,1,1,1
SF,IF2006,2019-11-18 09:30:30.500,3852.6000,2916,0,12719400.000,0,-,-,-,-,3851.4000,3851.2000,3850.8000,3850.4000,3845.6000,3853.2000,3855.6000,3857.0000,3866.6000,3866.8000,1,1,1,1,1,2,5,1,1,1
SF,IF2006,2019-11-18 09:30:31.000,3852.6000,2916,0,12719400.000,0,-,-,-,-,3851.6000,3851.4000,3850.8000,3850.4000,3845.6000,3853.2000,3855.6000,3857.0000,3866.6000,3866.8000,2,1,1,1,1,2,5,1,1,1
SF,IF2006,2019-11-18 09:30:31.500,3852.6000,2916,0,12719400.000,0,-,-,-,-,3851.8000,3850.8000,3850.4000,3845.6000,3843.0000,3853.2000,3855.6000,3857.0000,3866.6000,3866.8000,1,1,1,1,6,2,5,1,1,1
SF,IF2006,2019-11-18 09:30:32.500,3852.6000,2916,0,12719400.000,0,-,-,-,-,3851.8000,3851.2000,3850.8000,3850.4000,3845.6000,3853.2000,3855.6000,3857.0000,3866.6000,3866.8000,1,1,1,1,1,2,5,1,1,1
SF,IF2006,2019-11-18 09:30:35.500,3851.8000,2917,1,13874940.000,1,1,0,双开,S,3851.2000,3850.8000,3850.4000,3845.6000,3843.0000,3853.0000,3853.2000,3855.6000,3857.0000,3866.6000,1,1,1,1,6,1,2,5,1,1
SF,IF2006,2019-11-18 09:30:36.000,3851.8000,2917,0,13874940.000,0,-,-,-,-,3851.2000,3850.8000,3850.4000,3845.6000,3843.0000,3851.8000,3853.0000,3853.2000,3855.6000,3857.0000,1,1,1,1,6,1,1,1,5,1
SF,IF2006,2019-11-18 09:30:36.500,3851.8000,2917,0,16186020.000,2,1,1,多换,S,3851.4000,3851.2000,3850.8000,3850.4000,3845.6000,3853.0000,3853.2000,3855.6000,3857.0000,3866.6000,1,1,1,1,1,1,1,5,1,1
SF,IF2006,2019-11-18 09:30:37.000,3851.8000,2917,0,16186020.000,0,-,-,-,-,3851.2000,3850.8000,3850.4000,3845.6000,3843.0000,3853.0000,3853.2000,3855.6000,3857.0000,3866.6000,1,1,1,1,6,1,1,5,1,1
SF,IF2006,2019-11-18 09:30:37.500,3851.8000,2917,0,16186020.000,0,-,-,-,-,3851.2000,3850.8000,3850.4000,3845.6000,3843.0000,3852.8000,3853.0000,3853.2000,3855.6000,3857.0000,1,1,1,1,6,1,1,1,5,1
SF,IF2006,2019-11-18 09:30:38.000,3851.8000,2917,0,16186020.000,0,-,-,-,-,3851.2000,3850.8000,3850.4000,3845.6000,3843.0000,3852.8000,3853.0000,3853.2000,3855.6000,3857.0000,1,1,1,1,6,1,1,1,5,1
SF,IF2006,2019-11-18 09:30:38.500,3851.8000,2917,0,16186020.000,0,-,-,-,-,3851.2000,3850.8000,3850.6000,3850.4000,3845.6000,3852.8000,3853.0000,3853.2000,3855.6000,3857.0000,1,1,1,1,1,1,1,1,5,1
SF,IF2006,2019-11-18 09:30:41.500,3851.2000,2918,1,17341380.000,1,1,0,双开,S,3850.8000,3850.6000,3850.4000,3845.6000,3843.0000,3852.8000,3853.0000,3853.2000,3855.6000,3857.0000,1,1,1,1,6,1,1,1,5,1
SF,IF2006,2019-11-18 09:30:43.000,3851.2000,2918,0,17341380.000,0,-,-,-,-,3850.8000,3850.6000,3850.4000,3845.6000,3843.0000,3851.2000,3852.8000,3853.0000,3853.2000,3855.6000,1,1,1,1,6,1,1,1,1,5
SF,IF2006,2019-11-18 09:30:43.500,3851.2000,2918,0,18496740.000,1,0,1,多换,S,3851.4000,3850.8000,3850.6000,3850.4000,3845.6000,3853.0000,3853.2000,3855.6000,3857.0000,3866.6000,1,1,1,1,1,1,1,5,1,1
SF,IF2006,2019-11-18 09:30:44.000,3851.4000,2919,1,19652160.000,1,1,0,双开,S,3850.8000,3850.6000,3850.4000,3845.6000,3843.0000,3852.8000,3853.0000,3853.2000,3855.6000,3857.0000,1,1,1,1,6,2,1,2,5,1
SF,IF2006,2019-11-18 09:30:44.500,3851.4000,2919,0,19652160.000,0,-,-,-,-,3850.8000,3850.6000,3850.4000,3845.6000,3843.0000,3852.8000,3853.0000,3853.2000,3855.6000,3857.0000,1,1,1,1,6,2,1,1,5,1
SF,IF2006,2019-11-18 09:30:45.000,3851.4000,2919,0,19652160.000,0,-,-,-,-,3850.8000,3850.6000,3850.4000,3845.6000,3843.0000,3852.8000,3853.0000,3853.2000,3855.6000,3857.0000,1,1,1,1,6,2,1,1,5,1
SF,IF2006,2019-11-18 09:30:45.500,3851.4000,2919,0,19652160.000,0,-,-,-,-,3850.8000,3850.6000,3850.4000,3845.6000,3843.0000,3852.8000,3853.0000,3853.2000,3855.6000,3857.0000,1,1,1,1,6,2,1,1,5,1
SF,IF2006,2019-11-18 09:30:46.000,3851.4000,2919,0,19652160.000,0,-,-,-,-,3850.8000,3850.6000,3850.4000,3845.6000,3843.0000,3852.8000,3853.0000,3853.2000,3855.6000,3857.0000,1,1,1,1,6,2,1,1,5,1
SF,IF2006,2019-11-18 09:30:48.000,3851.4000,2919,0,19652160.000,0,-,-,-,-,3850.8000,3850.6000,3850.4000,3845.6000,3843.0000,3851.0000,3852.8000,3853.0000,3853.2000,3855.6000,1,1,1,1,6,1,2,1,1,5
SF,IF2006,2019-11-18 09:30:48.500,3850.8000,2920,1,21962700.000,2,1,1,空开,S,3850.6000,3850.4000,3845.6000,3843.0000,3841.6000,3853.0000,3853.2000,3855.6000,3857.0000,3866.6000,1,1,1,6,1,1,1,5,1,1
SF,IF2006,2019-11-18 09:30:49.000,3850.8000,2920,0,21962700.000,0,-,-,-,-,3850.6000,3850.4000,3845.6000,3843.0000,3841.6000,3852.8000,3853.0000,3853.2000,3855.6000,3857.0000,1,1,1,6,1,1,1,1,5,1
SF,IF2006,2019-11-18 09:30:50.500,3850.8000,2920,0,21962700.000,0,-,-,-,-,3851.0000,3850.6000,3850.4000,3845.6000,3843.0000,3852.8000,3853.0000,3853.2000,3855.6000,3857.0000,1,1,1,1,6,1,1,1,5,1
SF,IF2006,2019-11-18 09:30:52.000,3850.8000,2920,0,21962700.000,0,-,-,-,-,3851.0000,3850.8000,3850.6000,3850.4000,3845.6000,3852.8000,3853.0000,3853.2000,3855.6000,3857.0000,1,1,1,1,1,1,1,1,5,1
SF,IF2006,2019-11-18 09:30:53.500,3850.8000,2920,0,21962700.000,0,-,-,-,-,3851.0000,3850.8000,3850.6000,3850.4000,3845.6000,3852.8000,3853.0000,3853.2000,3857.0000,3859.8000,1,1,1,1,1,1,1,1,1,5
SF,IF2006,2019-11-18 09:30:59.000,3852.8000,2920,0,23118540.000,1,0,1,多换,S,3851.0000,3850.8000,3850.6000,3850.4000,3845.6000,3853.0000,3853.2000,3854.8000,3857.0000,3859.8000,2,1,1,1,1,1,1,1,1,5
SF,IF2006,2019-11-18 09:30:59.500,3853.0000,2920,0,24274440.000,1,0,1,多换,S,3851.0000,3850.8000,3850.6000,3850.4000,3845.6000,3853.2000,3857.0000,3859.8000,3866.6000,3866.8000,2,1,1,1,1,1,1,5,1,1
SF,IF2006,2019-11-18 09:31:02.000,3853.0000,2920,0,24274440.000,0,-,-,-,-,3851.0000,3850.8000,3850.6000,3850.4000,3845.6000,3853.2000,3857.0000,3859.8000,3866.6000,3866.8000,1,1,1,1,1,1,1,5,1,1
SF,IF2006,2019-11-18 09:31:04.000,3853.2000,2920,0,25430400.000,1,0,1,多换,S,3851.0000,3850.8000,3850.6000,3850.4000,3845.6000,3857.0000,3859.8000,3866.6000,3866.8000,3871.6000,1,1,1,1,1,1,5,1,1,1
SF,IF2006,2019-11-18 09:31:04.500,3853.2000,2920,0,25430400.000,0,-,-,-,-,3850.8000,3850.6000,3850.4000,3845.6000,3843.0000,3854.4000,3856.8000,3857.0000,3859.8000,3866.6000,1,1,1,1,6,3,1,2,5,1
SF,IF2006,2019-11-18 09:31:05.000,3853.2000,2920,0,25430400.000,0,-,-,-,-,3850.8000,3850.6000,3850.4000,3845.6000,3843.0000,3854.4000,3856.8000,3857.0000,3859.8000,3866.6000,1,1,1,1,6,3,1,2,5,1
SF,IF2006,2019-11-18 09:31:05.500,3853.2000,2920,0,25430400.000,0,-,-,-,-,3851.0000,3850.8000,3850.6000,3850.4000,3845.6000,3854.2000,3856.8000,3857.0000,3859.8000,3866.6000,1,1,1,1,1,2,1,2,5,1
SF,IF2006,2019-11-18 09:31:08.000,3853.2000,2920,0,25430400.000,0,-,-,-,-,3851.0000,3850.8000,3850.6000,3850.4000,3845.6000,3854.2000,3856.8000,3857.0000,3859.8000,3866.6000,1,1,1,1,1,2,1,2,5,1
SF,IF2006,2019-11-18 09:31:08.500,3853.2000,2920,0,25430400.000,0,-,-,-,-,3851.0000,3850.8000,3850.6000,3850.4000,3845.6000,3856.8000,3857.0000,3859.8000,3866.6000,3866.8000,1,1,1,1,1,1,2,5,1,1
SF,IF2006,2019-11-18 09:31:09.000,3853.2000,2920,0,25430400.000,0,-,-,-,-,3851.0000,3850.8000,3850.6000,3850.4000,3845.6000,3855.6000,3856.8000,3857.0000,3859.8000,3866.6000,1,1,1,1,1,3,1,2,5,1
SF,IF2006,2019-11-18 09:31:09.500,3853.2000,2920,0,25430400.000,0,-,-,-,-,3851.0000,3850.8000,3850.6000,3850.4000,3845.6000,3855.4000,3855.6000,3856.8000,3857.0000,3859.8000,1,1,1,1,1,1,3,1,2,5
SF,IF2006,2019-11-18 09:31:10.000,3853.2000,2920,0,25430400.000,0,-,-,-,-,3851.4000,3851.0000,3850.8000,3850.6000,3850.4000,3855.2000,3855.4000,3856.8000,3857.0000,3859.8000,1,1,1,1,1,2,1,1,2,5
SF,IF2006,2019-11-18 09:31:10.500,3853.2000,2920,0,25430400.000,0,-,-,-,-,3851.6000,3851.4000,3851.2000,3850.8000,3850.6000,3855.0000,3855.2000,3855.4000,3856.8000,3857.0000,1,1,1,1,1,1,2,1,1,2
SF,IF2006,2019-11-18 09:31:11.000,3853.2000,2920,0,25430400.000,0,-,-,-,-,3851.6000,3851.4000,3850.8000,3850.6000,3850.4000,3854.8000,3855.0000,3855.4000,3856.8000,3857.0000,1,1,1,1,1,2,1,1,1,2
SF,IF2006,2019-11-18 09:31:11.500,3853.2000,2920,0,25430400.000,0,-,-,-,-,3851.6000,3851.4000,3850.8000,3850.6000,3850.4000,3854.8000,3855.0000,3855.4000,3856.8000,3857.0000,1,1,1,1,1,2,1,1,1,2
SF,IF2006,2019-11-18 09:31:12.000,3853.2000,2920,0,25430400.000,0,-,-,-,-,3851.4000,3850.8000,3850.6000,3850.4000,3845.6000,3854.8000,3855.0000,3855.4000,3856.8000,3857.0000,1,1,1,1,1,2,1,1,1,2
SF,IF2006,2019-11-18 09:31:13.000,3854.8000,2920,0,26586840.000,1,0,1,多换,S,3850.8000,3850.6000,3850.4000,3845.6000,3843.0000,3854.8000,3855.0000,3855.4000,3856.8000,3857.0000,1,1,1,1,6,1,1,1,1,2
SF,IF2006,2019-11-18 09:31:13.500,3854.8000,2920,0,26586840.000,0,-,-,-,-,3851.0000,3850.8000,3850.6000,3850.4000,3845.6000,3854.6000,3855.0000,3855.4000,3856.8000,3857.0000,2,1,1,1,1,1,1,1,1,2
SF,IF2006,2019-11-18 09:31:14.000,3854.8000,2920,0,26586840.000,0,-,-,-,-,3851.6000,3851.0000,3850.8000,3850.6000,3850.4000,3854.6000,3855.0000,3855.4000,3856.8000,3857.0000,1,2,1,1,1,1,1,1,1,2
SF,IF2006,2019-11-18 09:31:14.500,3854.8000,2920,0,26586840.000,0,-,-,-,-,3851.8000,3851.6000,3850.8000,3850.6000,3850.4000,3854.6000,3855.0000,3855.4000,3856.8000,3857.0000,1,1,1,1,1,1,1,1,1,2
SF,IF2006,2019-11-18 09:31:15.000,3854.8000,2920,0,26586840.000,0,-,-,-,-,3851.8000,3851.6000,3850.8000,3850.6000,3850.4000,3854.4000,3854.6000,3855.0000,3855.4000,3856.8000,1,1,1,1,1,1,1,1,1,1
SF,IF2006,2019-11-18 09:31:15.500,3854.8000,2920,0,26586840.000,0,-,-,-,-,3851.8000,3851.6000,3850.8000,3850.6000,3850.4000,3855.0000,3855.4000,3856.8000,3857.0000,3859.8000,1,1,1,1,1,1,1,1,2,5
SF,IF2006,2019-11-18 09:31:16.000,3854.8000,2920,0,26586840.000,0,-,-,-,-,3851.8000,3850.8000,3850.6000,3850.4000,3845.6000,3855.4000,3856.8000,3857.0000,3859.8000,3866.6000,1,1,1,1,1,1,1,2,5,1
SF,IF2006,2019-11-18 09:31:16.500,3854.8000,2920,0,26586840.000,0,-,-,-,-,3851.8000,3850.8000,3850.6000,3850.4000,3845.6000,3855.2000,3855.4000,3856.8000,3857.0000,3859.8000,1,1,1,1,1,2,1,1,2,5
SF,IF2006,2019-11-18 09:31:18.000,3854.8000,2920,0,26586840.000,0,-,-,-,-,3852.0000,3851.8000,3850.8000,3850.6000,3850.4000,3855.2000,3856.8000,3857.0000,3859.8000,3866.6000,1,1,1,1,1,1,1,1,5,1
SF,IF2006,2019-11-18 09:31:18.500,3854.8000,2920,0,26586840.000,0,-,-,-,-,3852.4000,3852.2000,3852.0000,3850.8000,3850.6000,3856.8000,3857.0000,3859.8000,3866.6000,3866.8000,1,2,1,1,1,1,1,5,1,1
SF,IF2006,2019-11-18 09:31:19.000,3854.8000,2920,0,26586840.000,0,-,-,-,-,3852.6000,3852.4000,3852.0000,3850.8000,3850.6000,3856.6000,3856.8000,3857.0000,3859.8000,3866.6000,1,1,1,1,1,2,1,2,5,1
SF,IF2006,2019-11-18 09:31:19.500,3854.8000,2920,0,26586840.000,0,-,-,-,-,3852.6000,3852.4000,3852.0000,3850.8000,3850.6000,3855.8000,3856.4000,3856.6000,3856.8000,3857.0000,1,1,1,1,1,1,1,2,1,2
SF,IF2006,2019-11-18 09:31:20.000,3854.8000,2920,0,26586840.000,0,-,-,-,-,3852.6000,3852.0000,3850.8000,3850.6000,3850.4000,3855.6000,3855.8000,3856.4000,3856.8000,3857.0000,1,1,1,1,1,3,1,1,1,2
SF,IF2006,2019-11-18 09:31:20.500,3854.8000,2920,0,26586840.000,0,-,-,-,-,3852.6000,3852.0000,3850.8000,3850.6000,3850.4000,3855.4000,3855.6000,3855.8000,3856.4000,3856.8000,1,1,1,1,1,1,1,1,1,1
SF,IF2006,2019-11-18 09:31:21.000,3854.8000,2920,0,26586840.000,0,-,-,-,-,3852.6000,3852.0000,3850.8000,3850.6000,3850.4000,3854.8000,3855.2000,3855.4000,3855.6000,3855.8000,1,1,1,1,1,1,1,1,1,1
SF,IF2006,2019-11-18 09:31:21.500,3854.8000,2920,0,26586840.000,0,-,-,-,-,3852.6000,3852.0000,3850.8000,3850.6000,3850.4000,3854.8000,3855.2000,3855.6000,3855.8000,3856.4000,1,1,1,1,1,1,1,1,1,1
SF,IF2006,2019-11-18 09:31:22.000,3854.8000,2920,0,26586840.000,0,-,-,-,-,3852.6000,3852.0000,3850.8000,3850.6000,3850.4000,3854.8000,3855.6000,3855.8000,3856.4000,3856.8000,1,1,1,1,1,1,1,1,1,1
SF,IF2006,2019-11-18 09:31:23.500,3854.8000,2920,0,26586840.000,0,-,-,-,-,3852.6000,3852.0000,3850.8000,3850.6000,3850.4000,3854.8000,3855.6000,3855.8000,3856.4000,3856.8000,1,1,1,1,1,1,1,1,1,1
SF,IF2006,2019-11-18 09:31:24.000,3854.8000,2920,0,26586840.000,0,-,-,-,-,3852.6000,3852.0000,3850.8000,3850.6000,3850.4000,3854.8000,3855.8000,3856.4000,3856.8000,3857.0000,1,1,1,1,1,1,1,1,1,1
SF,IF2006,2019-11-18 09:31:24.500,3854.8000,2920,0,26586840.000,0,-,-,-,-,3852.6000,3852.0000,3850.8000,3850.6000,3850.4000,3854.8000,3855.8000,3856.4000,3856.8000,3857.0000,1,1,1,1,1,1,1,1,1,1
SF,IF2006,2019-11-18 09:31:25.000,3854.8000,2920,0,26586840.000,0,-,-,-,-,3852.6000,3852.0000,3850.8000,3850.6000,3850.4000,3854.8000,3856.4000,3856.8000,3857.0000,3859.8000,1,1,1,1,1,1,1,1,1,5
SF,IF2006,2019-11-18 09:31:25.500,3854.8000,2920,0,26586840.000,0,-,-,-,-,3852.6000,3852.0000,3850.8000,3850.6000,3850.4000,3854.8000,3856.4000,3856.8000,3857.0000,3859.8000,1,1,1,1,1,1,1,1,1,5
SF,IF2006,2019-11-18 09:31:26.000,3854.8000,2920,0,26586840.000,0,-,-,-,-,3852.6000,3852.0000,3850.8000,3850.6000,3850.4000,3856.4000,3856.8000,3857.0000,3859.8000,3866.6000,1,1,1,1,1,1,1,1,5,1
SF,IF2006,2019-11-18 09:31:26.500,3854.8000,2920,0,26586840.000,0,-,-,-,-,3852.6000,3852.0000,3850.8000,3850.6000,3850.4000,3856.2000,3856.4000,3856.8000,3857.0000,3859.8000,1,1,1,1,1,1,1,1,1,5
SF,IF2006,2019-11-18 09:31:28.500,3854.8000,2920,0,26586840.000,0,-,-,-,-,3852.6000,3852.0000,3850.8000,3850.6000,3850.4000,3856.2000,3856.4000,3856.8000,3857.0000,3859.8000,1,1,1,1,1,1,1,1,1,5
SF,IF2006,2019-11-18 09:31:30.000,3854.8000,2920,0,26586840.000,0,-,-,-,-,3852.6000,3852.0000,3850.8000,3850.6000,3850.4000,3856.2000,3856.8000,3857.0000,3859.8000,3866.6000,1,1,1,1,1,1,1,1,5,1
SF,IF2006,2019-11-18 09:31:30.500,3854.8000,2920,0,26586840.000,0,-,-,-,-,3856.2000,3852.6000,3852.0000,3850.8000,3850.6000,3856.8000,3859.8000,3866.6000,3866.8000,3876.0000,1,1,1,1,1,1,5,1,1,1
SF,IF2006,2019-11-18 09:31:31.000,3856.2000,2920,0,27743700.000,1,0,1,多换,S,3852.0000,3850.8000,3850.6000,3850.4000,3850.0000,3856.6000,3856.8000,3857.0000,3859.8000,3866.6000,1,1,1,1,1,1,1,1,5,1
SF,IF2006,2019-11-18 09:31:31.500,3856.2000,2920,0,27743700.000,0,-,-,-,-,3853.4000,3852.0000,3850.8000,3850.6000,3850.4000,3855.8000,3856.0000,3856.4000,3856.6000,3856.8000,3,1,1,1,1,1,1,1,1,1
SF,IF2006,2019-11-18 09:31:32.000,3856.2000,2920,0,27743700.000,0,-,-,-,-,3853.6000,3852.0000,3850.8000,3850.6000,3850.4000,3855.8000,3856.0000,3856.4000,3856.8000,3857.0000,2,1,1,1,1,1,2,1,1,1
SF,IF2006,2019-11-18 09:31:32.500,3856.2000,2920,0,27743700.000,0,-,-,-,-,3853.6000,3852.0000,3850.8000,3850.6000,3850.4000,3855.6000,3855.8000,3856.0000,3856.4000,3856.8000,2,1,1,1,1,1,1,2,1,1
SF,IF2006,2019-11-18 09:31:33.500,3856.2000,2920,0,27743700.000,0,-,-,-,-,3853.6000,3852.0000,3850.8000,3850.6000,3850.4000,3855.6000,3855.8000,3856.0000,3856.4000,3856.8000,2,1,1,1,1,1,1,1,1,1
SF,IF2006,2019-11-18 09:31:34.000,3856.2000,2920,0,27743700.000,0,-,-,-,-,3853.6000,3852.0000,3850.8000,3850.6000,3850.4000,3855.8000,3856.0000,3856.4000,3856.8000,3857.0000,2,1,1,1,1,1,1,1,1,1
SF,IF2006,2019-11-18 09:31:34.500,3856.2000,2920,0,27743700.000,0,-,-,-,-,3853.6000,3852.0000,3850.8000,3850.6000,3850.4000,3855.8000,3856.0000,3856.4000,3856.8000,3857.0000,2,1,1,1,1,1,1,1,1,1
SF,IF2006,2019-11-18 09:31:35.000,3856.2000,2920,0,27743700.000,0,-,-,-,-,3853.6000,3852.0000,3850.8000,3850.6000,3850.4000,3855.8000,3856.0000,3856.4000,3856.8000,3857.0000,2,1,1,1,1,1,1,1,1,1
SF,IF2006,2019-11-18 09:31:35.500,3856.2000,2920,0,27743700.000,0,-,-,-,-,3853.6000,3852.0000,3850.8000,3850.6000,3850.4000,3855.8000,3856.0000,3856.4000,3856.8000,3857.0000,2,1,1,1,1,1,1,1,1,1
SF,IF2006,2019-11-18 09:31:36.000,3853.6000,2918,-2,30055860.000,2,0,2,双平,S,3852.0000,3850.8000,3850.6000,3850.4000,3850.0000,3855.2000,3855.8000,3856.0000,3856.4000,3856.8000,1,1,1,1,1,1,1,1,1,1
SF,IF2006,2019-11-18 09:31:36.500,3853.6000,2918,0,30055860.000,0,-,-,-,-,3852.2000,3852.0000,3850.8000,3850.6000,3850.4000,3855.0000,3855.6000,3855.8000,3856.0000,3856.4000,1,1,1,1,1,2,1,1,1,1
SF,IF2006,2019-11-18 09:31:37.000,3853.6000,2918,0,30055860.000,0,-,-,-,-,3852.2000,3852.0000,3850.8000,3850.6000,3850.4000,3855.0000,3855.6000,3856.4000,3856.8000,3857.0000,1,1,1,1,1,2,1,1,1,1
SF,IF2006,2019-11-18 09:31:37.500,3853.6000,2918,0,30055860.000,0,-,-,-,-,3852.2000,3852.0000,3850.8000,3850.6000,3850.4000,3854.8000,3855.0000,3855.6000,3856.4000,3856.8000,1,1,1,1,1,1,2,1,1,1
SF,IF2006,2019-11-18 09:31:38.000,3853.6000,2918,0,30055860.000,0,-,-,-,-,3852.2000,3852.0000,3850.8000,3850.6000,3850.4000,3854.6000,3854.8000,3855.6000,3856.4000,3856.8000,1,1,1,1,1,2,1,1,1,1
SF,IF2006,2019-11-18 09:31:38.500,3853.6000,2918,0,30055860.000,0,-,-,-,-,3852.2000,3852.0000,3850.8000,3850.6000,3850.4000,3854.6000,3855.6000,3856.4000,3856.8000,3857.0000,1,1,1,1,1,2,1,1,1,1
SF,IF2006,2019-11-18 09:31:39.000,3853.6000,2918,0,30055860.000,0,-,-,-,-,3852.2000,3852.0000,3850.8000,3850.6000,3850.4000,3854.4000,3854.6000,3855.6000,3856.4000,3856.8000,1,1,1,1,1,1,2,1,1,1
SF,IF2006,2019-11-18 09:31:39.500,3853.6000,2918,0,30055860.000,0,-,-,-,-,3852.2000,3852.0000,3850.8000,3850.6000,3850.4000,3854.2000,3854.4000,3855.6000,3856.4000,3856.8000,1,1,1,1,1,1,1,1,1,1
SF,IF2006,2019-11-18 09:31:40.000,3853.6000,2918,0,30055860.000,0,-,-,-,-,3852.0000,3850.8000,3850.6000,3850.4000,3850.0000,3854.2000,3854.4000,3855.6000,3856.4000,3856.8000,1,1,1,1,1,1,1,1,1,1
SF,IF2006,2019-11-18 09:31:41.000,3854.2000,2918,0,31212120.000,1,0,1,多换,S,3852.0000,3851.8000,3850.8000,3850.6000,3850.4000,3854.4000,3854.8000,3855.6000,3856.4000,3856.8000,1,1,1,1,1,1,1,1,1,1
SF,IF2006,2019-11-18 09:31:41.500,3854.2000,2918,0,31212120.000,0,-,-,-,-,3852.2000,3852.0000,3850.8000,3850.6000,3850.4000,3854.2000,3854.4000,3855.6000,3856.4000,3856.8000,1,1,1,1,1,1,1,1,1,1
SF,IF2006,2019-11-18 09:31:43.000,3854.2000,2918,0,31212120.000,0,-,-,-,-,3852.2000,3852.0000,3850.8000,3850.6000,3850.4000,3854.0000,3854.2000,3854.4000,3855.6000,3856.4000,1,1,1,1,1,1,1,1,1,1
SF,IF2006,2019-11-18 09:31:43.500,3854.2000,2918,0,31212120.000,0,-,-,-,-,3852.2000,3852.0000,3850.8000,3850.6000,3850.4000,3854.0000,3855.6000,3856.4000,3856.8000,3857.0000,1,1,1,1,1,1,1,1,1,1
SF,IF2006,2019-11-18 09:31:44.000,3854.2000,2918,0,31212120.000,0,-,-,-,-,3852.2000,3852.0000,3850.8000,3850.6000,3850.4000,3854.0000,3855.6000,3856.4000,3856.8000,3857.0000,1,1,1,1,1,1,1,1,1,1
SF,IF2006,2019-11-18 09:31:44.500,3854.2000,2918,0,31212120.000,0,-,-,-,-,3852.2000,3852.0000,3850.8000,3850.6000,3850.4000,3855.6000,3856.4000,3856.8000,3857.0000,3857.4000,1,1,1,1,1,1,1,1,1,1
SF,IF2006,2019-11-18 09:31:45.000,3854.2000,2918,0,31212120.000,0,-,-,-,-,3852.2000,3852.0000,3850.8000,3850.6000,3850.4000,3854.8000,3855.4000,3855.6000,3856.4000,3856.8000,1,1,1,1,1,1,2,1,1,1
SF,IF2006,2019-11-18 09:31:45.500,3854.2000,2918,0,31212120.000,0,-,-,-,-,3852.2000,3852.0000,3850.8000,3850.6000,3850.4000,3854.6000,3854.8000,3855.6000,3856.4000,3856.8000,1,1,1,1,1,1,1,1,1,1
SF,IF2006,2019-11-18 09:31:47.000,3854.2000,2918,0,31212120.000,0,-,-,-,-,3852.2000,3852.0000,3850.8000,3850.6000,3850.4000,3854.4000,3854.6000,3854.8000,3855.6000,3856.4000,1,1,1,1,1,2,1,1,1,1
SF,IF2006,2019-11-18 09:31:47.500,3854.2000,2918,0,31212120.000,0,-,-,-,-,3852.2000,3852.0000,3850.8000,3850.6000,3850.4000,3854.4000,3855.6000,3856.4000,3856.8000,3857.0000,1,1,1,1,1,2,1,1,1,1
SF,IF2006,2019-11-18 09:31:48.000,3854.2000,2918,0,31212120.000,0,-,-,-,-,3852.2000,3852.0000,3850.8000,3850.6000,3850.4000,3854.2000,3854.4000,3855.6000,3856.4000,3856.8000,1,1,1,1,1,1,2,1,1,1
SF,IF2006,2019-11-18 09:31:49.000,3854.2000,2918,0,31212120.000,0,-,-,-,-,3852.2000,3852.0000,3850.8000,3850.6000,3850.4000,3854.0000,3854.2000,3854.4000,3855.6000,3856.4000,1,1,1,1,1,2,1,2,1,1
SF,IF2006,2019-11-18 09:31:49.500,3854.2000,2918,0,31212120.000,0,-,-,-,-,3852.2000,3852.0000,3850.8000,3850.6000,3850.4000,3854.0000,3854.4000,3855.6000,3856.4000,3856.8000,1,1,1,1,1,2,2,1,1,1
SF,IF2006,2019-11-18 09:31:50.000,3854.2000,2918,0,31212120.000,0,-,-,-,-,3852.2000,3852.0000,3850.8000,3850.6000,3850.4000,3853.8000,3854.0000,3854.4000,3855.6000,3856.4000,1,1,1,1,1,1,2,2,1,1
SF,IF2006,2019-11-18 09:31:51.000,3854.2000,2918,0,31212120.000,0,-,-,-,-,3852.2000,3852.0000,3850.8000,3850.6000,3850.4000,3853.8000,3854.0000,3854.4000,3855.6000,3856.4000,1,1,1,1,1,1,2,1,1,1
SF,IF2006,2019-11-18 09:31:51.500,3854.2000,2918,0,31212120.000,0,-,-,-,-,3852.2000,3852.0000,3850.8000,3850.6000,3850.4000,3853.8000,3854.0000,3855.6000,3856.4000,3856.8000,1,1,1,1,1,1,1,1,1,1
SF,IF2006,2019-11-18 09:31:52.000,3854.2000,2918,0,31212120.000,0,-,-,-,-,3852.2000,3852.0000,3850.8000,3850.6000,3850.4000,3853.6000,3853.8000,3854.0000,3855.6000,3856.4000,1,1,1,1,1,1,1,1,1,1
SF,IF2006,2019-11-18 09:31:52.500,3854.2000,2918,0,31212120.000,0,-,-,-,-,3852.2000,3852.0000,3850.8000,3850.6000,3850.4000,3853.4000,3853.6000,3853.8000,3855.6000,3856.4000,1,1,1,1,1,1,1,1,1,1
SF,IF2006,2019-11-18 09:31:53.000,3854.2000,2918,0,31212120.000,0,-,-,-,-,3852.2000,3852.0000,3850.8000,3850.6000,3850.4000,3853.4000,3853.6000,3855.6000,3856.4000,3856.8000,1,1,1,1,1,1,1,1,1,1
SF,IF2006,2019-11-18 09:31:53.500,3854.2000,2918,0,31212120.000,0,-,-,-,-,3852.2000,3852.0000,3850.8000,3850.6000,3850.4000,3853.2000,3853.4000,3853.6000,3855.6000,3856.4000,1,1,1,1,1,1,1,1,1,1
SF,IF2006,2019-11-18 09:31:54.000,3854.2000,2918,0,31212120.000,0,-,-,-,-,3852.2000,3852.0000,3850.8000,3850.6000,3850.4000,3853.2000,3853.4000,3855.6000,3856.4000,3856.8000,1,1,1,1,1,1,1,1,1,1
SF,IF2006,2019-11-18 09:31:55.000,3852.2000,2918,0,32367780.000,1,0,1,多换,S,3852.0000,3850.8000,3850.6000,3850.4000,3850.0000,3853.2000,3853.4000,3853.6000,3855.6000,3856.4000,1,1,2,1,1,1,1,1,1,1
SF,IF2006,2019-11-18 09:31:55.500,3852.2000,2918,0,32367780.000,0,-,-,-,-,3852.0000,3850.8000,3850.6000,3850.4000,3850.0000,3853.0000,3853.2000,3853.4000,3855.6000,3856.4000,2,1,1,1,1,1,1,1,1,1
SF,IF2006,2019-11-18 09:31:56.500,3852.2000,2918,0,32367780.000,0,-,-,-,-,3852.0000,3850.8000,3850.6000,3850.4000,3850.0000,3853.0000,3853.2000,3855.6000,3856.4000,3856.8000,2,1,1,1,1,1,1,1,1,1
SF,IF2006,2019-11-18 09:31:57.000,3852.2000,2918,0,32367780.000,0,-,-,-,-,3852.0000,3850.8000,3850.6000,3850.4000,3850.0000,3855.6000,3856.4000,3856.8000,3857.0000,3857.4000,2,1,1,1,1,1,1,1,1,1
SF,IF2006,2019-11-18 09:31:57.500,3852.2000,2918,0,32367780.000,0,-,-,-,-,3852.0000,3850.8000,3850.6000,3850.4000,3850.0000,3854.8000,3855.6000,3856.4000,3856.8000,3857.0000,2,1,1,1,1,3,1,1,1,1
SF,IF2006,2019-11-18 09:31:58.000,3852.0000,2919,1,33523380.000,1,1,0,双开,S,3852.0000,3850.8000,3850.6000,3850.4000,3850.0000,3854.0000,3854.6000,3854.8000,3855.6000,3856.4000,1,1,1,1,1,1,1,3,1,1
SF,IF2006,2019-11-18 09:31:58.500,3852.0000,2919,0,33523380.000,0,-,-,-,-,3852.0000,3850.8000,3850.6000,3850.4000,3850.0000,3853.8000,3854.0000,3854.6000,3855.6000,3856.4000,1,1,1,1,1,1,1,1,1,1
SF,IF2006,2019-11-18 09:32:00.000,3852.0000,2919,0,33523380.000,0,-,-,-,-,3852.0000,3850.8000,3850.6000,3850.4000,3850.0000,3853.6000,3853.8000,3854.0000,3854.6000,3855.6000,1,1,1,1,1,1,1,1,1,1
SF,IF2006,2019-11-18 09:32:00.500,3852.0000,2919,0,33523380.000,0,-,-,-,-,3852.0000,3850.8000,3850.6000,3850.4000,3850.0000,3853.4000,3853.6000,3854.6000,3855.6000,3856.4000,2,1,1,1,1,1,1,1,1,1
SF,IF2006,2019-11-18 09:32:01.000,3852.0000,2919,0,33523380.000,0,-,-,-,-,3852.0000,3850.8000,3850.6000,3850.4000,3850.0000,3853.2000,3853.4000,3853.6000,3854.6000,3855.6000,2,1,1,1,1,1,1,1,1,1
SF,IF2006,2019-11-18 09:32:01.500,3852.0000,2918,-1,35834580.000,2,0,2,多平,S,3850.8000,3850.6000,3850.4000,3850.0000,3845.6000,3852.0000,3853.0000,3853.2000,3854.6000,3855.6000,1,1,1,1,1,2,1,4,1,1
SF,IF2006,2019-11-18 09:32:02.000,3852.0000,2918,0,35834580.000,0,-,-,-,-,3851.0000,3850.8000,3850.6000,3850.4000,3850.0000,3852.0000,3853.2000,3854.6000,3855.6000,3856.4000,1,1,1,1,1,2,4,1,1,1
SF,IF2006,2019-11-18 09:32:02.500,3852.0000,2918,0,35834580.000,0,-,-,-,-,3851.0000,3850.8000,3850.6000,3850.4000,3850.0000,3851.8000,3852.0000,3853.2000,3854.6000,3855.6000,1,1,1,1,1,1,2,4,1,1
SF,IF2006,2019-11-18 09:32:04.000,3852.0000,2918,0,35834580.000,0,-,-,-,-,3851.0000,3850.8000,3850.6000,3850.4000,3850.0000,3851.8000,3852.0000,3852.6000,3853.2000,3854.6000,1,1,1,1,1,1,2,1,3,1
SF,IF2006,2019-11-18 09:32:04.500,3851.8000,2917,-1,36990120.000,1,0,1,双平,S,3851.0000,3850.8000,3850.6000,3850.4000,3850.0000,3852.0000,3852.6000,3853.2000,3854.6000,3855.6000,1,1,1,1,1,2,1,3,1,1
SF,IF2006,2019-11-18 09:32:05.000,3851.8000,2917,0,36990120.000,0,-,-,-,-,3851.0000,3850.8000,3850.6000,3850.4000,3850.0000,3852.0000,3852.6000,3853.2000,3854.6000,3855.6000,1,1,1,1,1,2,1,3,1,1
SF,IF2006,2019-11-18 09:32:05.500,3852.0000,2915,-2,39301320.000,2,0,2,双平,S,3851.0000,3850.8000,3850.6000,3850.4000,3850.0000,3853.2000,3854.6000,3855.6000,3856.4000,3857.0000,1,1,1,1,1,1,1,1,1,1
SF,IF2006,2019-11-18 09:32:06.500,3852.0000,2915,0,39301320.000,0,-,-,-,-,3851.0000,3850.8000,3850.6000,3850.4000,3850.0000,3853.2000,3854.6000,3855.6000,3856.4000,3857.0000,1,1,1,1,1,2,1,1,1,1
SF,IF2006,2019-11-18 09:32:07.000,3852.0000,2915,0,39301320.000,0,-,-,-,-,3851.0000,3850.8000,3850.6000,3850.4000,3850.0000,3853.0000,3853.2000,3854.6000,3855.6000,3856.4000,1,1,1,1,1,1,2,1,1,1
SF,IF2006,2019-11-18 09:32:07.500,3852.0000,2915,0,39301320.000,0,-,-,-,-,3850.8000,3850.6000,3850.4000,3850.0000,3845.6000,3853.0000,3853.2000,3854.6000,3855.6000,3856.4000,1,1,1,1,1,1,2,1,1,1
SF,IF2006,2019-11-18 09:32:08.000,3852.0000,2915,0,39301320.000,0,-,-,-,-,3850.8000,3850.6000,3850.4000,3850.0000,3845.6000,3852.8000,3853.0000,3853.2000,3854.6000,3855.6000,1,1,1,1,1,1,1,4,1,1
SF,IF2006,2019-11-18 09:32:08.500,3852.0000,2915,0,39301320.000,0,-,-,-,-,3850.8000,3850.6000,3850.4000,3850.0000,3845.6000,3852.6000,3852.8000,3853.2000,3854.6000,3855.6000,1,1,1,1,1,2,1,3,1,1
SF,IF2006,2019-11-18 09:32:09.000,3852.0000,2915,0,39301320.000,0,-,-,-,-,3850.8000,3850.6000,3850.4000,3850.0000,3845.6000,3852.4000,3852.6000,3852.8000,3853.2000,3854.6000,1,1,1,1,1,1,2,1,3,1
SF,IF2006,2019-11-18 09:32:09.500,3850.8000,2915,0,40456560.000,1,0,1,多换,S,3850.6000,3850.4000,3850.0000,3845.6000,3843.0000,3852.2000,3852.4000,3852.8000,3853.2000,3854.6000,1,1,1,1,6,1,1,1,3,1
SF,IF2006,2019-11-18 09:32:10.000,3850.8000,2915,0,40456560.000,0,-,-,-,-,3850.6000,3850.4000,3850.0000,3845.6000,3843.0000,3852.2000,3852.4000,3852.8000,3853.2000,3854.6000,1,1,1,1,6,2,1,1,3,1
SF,IF2006,2019-11-18 09:32:10.500,3850.8000,2915,0,40456560.000,0,-,-,-,-,3850.6000,3850.4000,3850.0000,3845.6000,3843.0000,3852.2000,3852.8000,3853.2000,3854.6000,3855.6000,1,1,1,1,6,2,1,3,1,1
SF,IF2006,2019-11-18 09:32:11.000,3850.8000,2915,0,40456560.000,0,-,-,-,-,3850.6000,3850.4000,3850.0000,3845.6000,3843.0000,3852.0000,3852.2000,3852.8000,3853.2000,3854.6000,1,1,1,1,6,1,2,1,3,1
SF,IF2006,2019-11-18 09:32:11.500,3850.8000,2915,0,40456560.000,0,-,-,-,-,3850.6000,3850.4000,3850.0000,3845.6000,3843.0000,3851.8000,3852.0000,3852.2000,3852.8000,3853.2000,1,1,1,1,6,1,1,1,1,3
SF,IF2006,2019-11-18 09:32:12.000,3850.8000,2915,0,40456560.000,0,-,-,-,-,3850.6000,3850.4000,3850.0000,3845.6000,3843.0000,3851.8000,3852.0000,3852.2000,3852.8000,3853.2000,1,1,1,1,6,2,1,1,1,3
SF,IF2006,2019-11-18 09:32:12.500,3850.8000,2915,0,40456560.000,0,-,-,-,-,3850.6000,3850.4000,3850.0000,3845.6000,3843.0000,3851.8000,3852.2000,3852.8000,3853.2000,3854.6000,1,1,1,1,6,2,1,1,3,1
SF,IF2006,2019-11-18 09:32:13.000,3850.8000,2915,0,40456560.000,0,-,-,-,-,3850.6000,3850.4000,3850.0000,3845.6000,3843.0000,3851.6000,3851.8000,3852.2000,3852.8000,3853.2000,1,1,1,1,6,1,2,1,1,3
SF,IF2006,2019-11-18 09:32:13.500,3850.6000,2916,1,41611740.000,1,1,0,双开,S,3850.4000,3850.0000,3845.6000,3843.0000,3840.0000,3851.6000,3851.8000,3852.2000,3852.8000,3853.2000,1,1,1,6,3,1,1,1,1,3
SF,IF2006,2019-11-18 09:32:14.000,3850.6000,2916,0,41611740.000,0,-,-,-,-,3851.0000,3850.4000,3850.0000,3845.6000,3843.0000,3851.6000,3852.2000,3852.8000,3853.2000,3854.6000,1,1,1,1,6,1,1,1,3,1
SF,IF2006,2019-11-18 09:32:14.500,3851.0000,2917,1,42767040.000,1,1,0,双开,S,3850.4000,3850.0000,3845.6000,3843.0000,3840.0000,3851.6000,3852.2000,3852.8000,3853.2000,3854.6000,1,1,1,6,3,1,1,1,3,1
SF,IF2006,2019-11-18 09:32:17.500,3850.4000,2918,1,43922160.000,1,1,0,双开,S,3850.0000,3845.6000,3843.0000,3840.0000,3831.8000,3851.6000,3852.2000,3852.8000,3853.2000,3854.6000,1,1,6,3,1,1,1,1,3,1
SF,IF2006,2019-11-18 09:32:18.000,3850.4000,2918,0,43922160.000,0,-,-,-,-,3850.0000,3845.6000,3843.0000,3840.0000,3831.8000,3851.4000,3851.6000,3852.2000,3852.8000,3853.2000,1,1,6,3,1,1,1,1,1,3
SF,IF2006,2019-11-18 09:32:20.500,3850.4000,2918,0,43922160.000,0,-,-,-,-,3850.0000,3845.6000,3843.0000,3840.0000,3831.8000,3851.2000,3851.4000,3851.6000,3852.2000,3852.8000,1,1,6,3,1,1,1,1,1,1
SF,IF2006,2019-11-18 09:32:21.000,3850.4000,2918,0,43922160.000,0,-,-,-,-,3850.0000,3845.6000,3843.0000,3840.0000,3831.8000,3851.2000,3851.6000,3852.2000,3852.8000,3853.2000,1,1,6,3,1,1,1,1,1,3
SF,IF2006,2019-11-18 09:32:24.000,3850.0000,2919,1,45077160.000,1,1,0,双开,S,3845.6000,3843.0000,3840.0000,3831.8000,3830.2000,3851.2000,3851.6000,3852.2000,3852.8000,3853.2000,1,6,3,1,1,1,1,1,1,3
SF,IF2006,2019-11-18 09:32:24.500,3850.0000,2919,0,45077160.000,0,-,-,-,-,3848.6000,3845.8000,3845.6000,3845.4000,3843.0000,3851.0000,3851.2000,3851.6000,3852.2000,3852.8000,3,3,3,4,6,1,1,1,1,1
SF,IF2006,2019-11-18 09:32:25.000,3850.0000,2919,0,45077160.000,0,-,-,-,-,3848.6000,3845.8000,3845.6000,3845.4000,3843.0000,3850.0000,3851.0000,3851.2000,3851.6000,3852.2000,3,3,3,4,6,3,1,1,1,1
SF,IF2006,2019-11-18 09:32:25.500,3850.0000,2917,-2,47387160.000,2,0,2,双平,S,3848.6000,3845.8000,3845.6000,3845.4000,3843.0000,3850.0000,3851.0000,3851.2000,3851.6000,3852.2000,3,3,3,4,6,1,1,1,1,1
SF,IF2006,2019-11-18 09:32:26.000,3850.0000,2917,0,47387160.000,0,-,-,-,-,3848.8000,3845.8000,3845.6000,3845.4000,3843.0000,3850.0000,3851.2000,3851.6000,3852.2000,3852.8000,2,3,3,4,6,1,1,1,1,1
SF,IF2006,2019-11-18 09:32:28.000,3850.0000,2916,-1,48542160.000,1,0,1,双平,S,3848.8000,3845.8000,3845.6000,3845.4000,3843.0000,3851.2000,3851.6000,3852.2000,3852.8000,3853.2000,2,3,3,4,6,1,1,1,1,3
SF,IF2006,2019-11-18 09:32:28.500,3850.0000,2916,0,48542160.000,0,-,-,-,-,3848.8000,3845.8000,3845.6000,3845.4000,3843.0000,3851.0000,3851.2000,3851.6000,3852.2000,3852.8000,2,3,3,4,6,1,1,1,1,1
SF,IF2006,2019-11-18 09:32:29.000,3850.0000,2916,0,48542160.000,0,-,-,-,-,3849.2000,3849.0000,3845.8000,3845.6000,3845.4000,3851.0000,3851.2000,3851.6000,3852.2000,3852.8000,1,1,3,3,4,1,1,1,1,1
SF,IF2006,2019-11-18 09:32:29.500,3850.0000,2916,0,48542160.000,0,-,-,-,-,3849.2000,3845.8000,3845.6000,3845.4000,3843.0000,3851.0000,3851.2000,3851.6000,3852.2000,3852.8000,1,3,3,4,6,1,1,1,1,1
SF,IF2006,2019-11-18 09:32:33.000,3849.2000,2915,-1,49696920.000,1,0,1,双平,S,3845.8000,3845.6000,3845.4000,3843.0000,3840.0000,3851.0000,3851.2000,3851.6000,3852.2000,3852.8000,3,3,4,6,3,1,1,1,1,1
SF,IF2006,2019-11-18 09:32:33.500,3849.2000,2915,0,49696920.000,0,-,-,-,-,3847.4000,3845.8000,3845.6000,3845.4000,3843.0000,3851.0000,3851.2000,3851.6000,3852.2000,3852.8000,3,3,3,4,6,1,1,1,1,1
SF,IF2006,2019-11-18 09:32:34.000,3849.2000,2915,0,49696920.000,0,-,-,-,-,3847.6000,3845.8000,3845.6000,3845.4000,3843.0000,3851.0000,3851.2000,3851.6000,3852.2000,3852.8000,2,2,3,3,6,1,1,1,1,1
SF,IF2006,2019-11-18 09:32:34.500,3849.2000,2915,0,49696920.000,0,-,-,-,-,3847.6000,3845.8000,3845.6000,3845.4000,3843.0000,3850.8000,3851.0000,3851.2000,3852.2000,3852.8000,2,1,3,3,6,1,1,1,1,1
SF,IF2006,2019-11-18 09:32:35.000,3849.2000,2915,0,49696920.000,0,-,-,-,-,3848.0000,3847.6000,3845.8000,3845.6000,3845.4000,3850.6000,3850.8000,3851.2000,3852.2000,3852.8000,1,2,1,3,3,3,1,1,1,1
SF,IF2006,2019-11-18 09:32:35.500,3849.2000,2915,0,49696920.000,0,-,-,-,-,3848.0000,3845.8000,3845.6000,3845.4000,3843.0000,3850.6000,3850.8000,3851.2000,3852.2000,3852.8000,1,1,3,3,6,2,1,1,1,1
SF,IF2006,2019-11-18 09:32:36.000,3849.2000,2915,0,49696920.000,0,-,-,-,-,3848.2000,3848.0000,3845.8000,3845.6000,3845.4000,3850.6000,3852.2000,3852.8000,3853.2000,3857.4000,1,1,1,3,3,2,1,1,3,1
SF,IF2006,2019-11-18 09:32:36.500,3849.2000,2915,0,49696920.000,0,-,-,-,-,3848.2000,3848.0000,3845.8000,3845.6000,3845.4000,3850.4000,3850.6000,3852.2000,3852.8000,3853.2000,1,1,1,3,3,1,2,1,1,3
SF,IF2006,2019-11-18 09:32:37.000,3849.2000,2915,0,49696920.000,0,-,-,-,-,3848.2000,3848.0000,3845.8000,3845.6000,3845.4000,3850.2000,3850.4000,3852.2000,3852.8000,3853.2000,1,1,1,3,3,1,1,1,1,3
SF,IF2006,2019-11-18 09:32:43.000,3849.2000,2915,0,49696920.000,0,-,-,-,-,3848.2000,3848.0000,3845.8000,3845.6000,3845.4000,3849.0000,3850.2000,3850.4000,3852.2000,3852.8000,1,1,1,3,3,1,1,1,1,1
SF,IF2006,2019-11-18 09:32:43.500,3849.2000,2915,0,49696920.000,0,-,-,-,-,3845.6000,3845.4000,3840.0000,3838.8000,3831.8000,3848.8000,3849.0000,3850.4000,3852.2000,3852.8000,2,3,3,6,1,1,1,1,1,1
SF,IF2006,2019-11-18 09:32:44.000,3849.2000,2915,0,49696920.000,0,-,-,-,-,3845.8000,3845.6000,3845.4000,3840.0000,3838.8000,3848.8000,3849.0000,3850.4000,3852.2000,3852.8000,2,2,3,3,6,1,1,1,1,1
SF,IF2006,2019-11-18 09:32:44.500,3849.2000,2915,0,49696920.000,0,-,-,-,-,3846.6000,3845.8000,3845.6000,3845.4000,3840.0000,3848.8000,3849.0000,3850.4000,3852.2000,3852.8000,1,2,1,3,3,1,1,1,1,1
SF,IF2006,2019-11-18 09:32:45.000,3849.2000,2915,0,49696920.000,0,-,-,-,-,3846.8000,3846.6000,3845.6000,3845.4000,3840.0000,3848.8000,3849.0000,3850.4000,3852.2000,3852.8000,1,1,1,3,3,1,1,1,1,1
SF,IF2006,2019-11-18 09:32:45.500,3849.2000,2915,0,49696920.000,0,-,-,-,-,3846.8000,3846.6000,3845.6000,3845.4000,3840.0000,3849.0000,3850.4000,3852.2000,3852.8000,3853.2000,1,1,1,3,3,1,1,1,1,3
SF,IF2006,2019-11-18 09:32:49.500,3849.0000,2914,-1,50851620.000,1,0,1,双平,S,3847.0000,3846.8000,3846.6000,3846.0000,3845.6000,3850.4000,3852.2000,3852.8000,3853.2000,3857.4000,1,1,1,1,1,1,1,1,3,1
SF,IF2006,2019-11-18 09:32:50.000,3849.0000,2914,0,50851620.000,0,-,-,-,-,3847.2000,3846.0000,3845.6000,3845.4000,3840.0000,3850.2000,3850.4000,3852.2000,3852.8000,3853.2000,2,1,1,3,3,2,1,1,1,3
SF,IF2006,2019-11-18 09:32:50.500,3849.0000,2914,0,50851620.000,0,-,-,-,-,3848.0000,3847.2000,3846.0000,3845.6000,3845.4000,3850.2000,3852.2000,3852.8000,3853.2000,3857.4000,1,2,1,1,3,2,1,1,3,1
SF,IF2006,2019-11-18 09:32:51.000,3849.0000,2914,0,50851620.000,0,-,-,-,-,3848.2000,3848.0000,3846.0000,3845.6000,3845.4000,3850.0000,3852.2000,3852.8000,3853.2000,3857.4000,1,1,1,1,3,1,1,1,3,1
SF,IF2006,2019-11-18 09:32:52.000,3849.0000,2914,0,50851620.000,0,-,-,-,-,3848.2000,3848.0000,3846.0000,3845.6000,3845.4000,3850.0000,3852.2000,3852.8000,3853.2000,3857.4000,1,1,1,1,3,1,1,1,3,1
SF,IF2006,2019-11-18 09:33:01.000,3850.0000,2914,0,52006620.000,1,0,1,多换,S,3848.2000,3848.0000,3846.0000,3845.6000,3845.4000,3850.0000,3852.2000,3852.8000,3853.2000,3857.4000,1,1,1,1,3,1,1,1,3,1
SF,IF2006,2019-11-18 09:33:01.500,3850.0000,2914,0,52006620.000,0,-,-,-,-,3848.0000,3846.0000,3845.6000,3845.4000,3840.0000,3850.0000,3852.2000,3852.8000,3853.2000,3857.4000,1,1,1,3,3,1,1,1,3,1
SF,IF2006,2019-11-18 09:33:02.000,3850.0000,2914,0,53161620.000,1,0,1,多换,S,3846.0000,3845.6000,3845.4000,3840.0000,3838.8000,3849.8000,3850.0000,3852.2000,3852.8000,3853.2000,1,1,3,3,6,1,1,1,1,3
SF,IF2006,2019-11-18 09:33:02.500,3850.0000,2914,0,53161620.000,0,-,-,-,-,3846.2000,3846.0000,3845.6000,3845.4000,3840.0000,3849.6000,3849.8000,3852.2000,3852.8000,3853.2000,3,1,1,3,3,1,1,1,1,3
SF,IF2006,2019-11-18 09:33:03.000,3850.0000,2914,0,53161620.000,0,-,-,-,-,3846.4000,3846.0000,3845.6000,3845.4000,3840.0000,3849.6000,3849.8000,3852.2000,3852.8000,3853.2000,2,1,1,3,3,1,1,1,1,3
SF,IF2006,2019-11-18 09:33:03.500,3846.6000,2915,1,54315600.000,1,1,0,双开,S,3846.4000,3846.0000,3845.6000,3845.4000,3840.0000,3849.6000,3849.8000,3852.2000,3852.8000,3853.2000,2,1,1,3,3,1,1,1,1,3
SF,IF2006,2019-11-18 09:33:04.000,3846.6000,2915,0,54315600.000,0,-,-,-,-,3846.4000,3846.0000,3845.6000,3845.4000,3840.0000,3849.4000,3849.6000,3849.8000,3852.2000,3852.8000,2,1,1,3,3,1,1,1,1,1
SF,IF2006,2019-11-18 09:33:04.500,3846.6000,2915,0,54315600.000,0,-,-,-,-,3846.4000,3846.0000,3845.6000,3845.4000,3840.0000,3849.2000,3849.4000,3852.2000,3852.8000,3853.2000,2,1,1,3,3,2,1,1,1,3
SF,IF2006,2019-11-18 09:33:05.000,3846.6000,2915,0,54315600.000,0,-,-,-,-,3846.6000,3846.4000,3846.0000,3845.6000,3845.4000,3849.0000,3849.2000,3849.4000,3852.2000,3852.8000,1,2,1,1,3,1,2,1,1,1
SF,IF2006,2019-11-18 09:33:05.500,3846.6000,2915,0,54315600.000,0,-,-,-,-,3846.8000,3846.6000,3846.0000,3845.6000,3845.4000,3848.8000,3849.4000,3852.2000,3852.8000,3853.2000,1,1,1,1,3,1,1,1,1,3
SF,IF2006,2019-11-18 09:33:06.500,3846.6000,2915,0,54315600.000,0,-,-,-,-,3846.8000,3846.6000,3846.0000,3845.6000,3845.4000,3848.8000,3852.2000,3852.8000,3853.2000,3857.4000,1,1,1,1,3,1,1,1,3,1
SF,IF2006,2019-11-18 09:33:07.000,3846.6000,2915,0,54315600.000,0,-,-,-,-,3847.2000,3846.8000,3846.6000,3846.0000,3845.6000,3848.8000,3852.2000,3852.8000,3853.2000,3857.4000,1,1,1,1,1,1,1,1,3,1
SF,IF2006,2019-11-18 09:33:07.500,3846.6000,2915,0,54315600.000,0,-,-,-,-,3847.2000,3846.6000,3846.0000,3845.6000,3845.4000,3848.8000,3852.2000,3852.8000,3853.2000,3857.4000,1,1,1,1,3,1,1,1,3,1
SF,IF2006,2019-11-18 09:33:08.500,3846.6000,2915,0,54315600.000,0,-,-,-,-,3847.2000,3846.6000,3846.0000,3845.6000,3845.4000,3848.8000,3850.8000,3852.2000,3852.8000,3853.2000,1,1,1,1,3,1,1,1,1,3
SF,IF2006,2019-11-18 09:33:09.500,3846.6000,2915,0,54315600.000,0,-,-,-,-,3846.6000,3846.0000,3845.6000,3845.4000,3840.0000,3848.8000,3850.8000,3852.2000,3852.8000,3853.2000,1,1,1,3,3,1,1,1,1,3
SF,IF2006,2019-11-18 09:33:10.500,3846.6000,2915,0,54315600.000,0,-,-,-,-,3846.6000,3846.0000,3845.6000,3845.4000,3840.0000,3848.8000,3850.8000,3852.2000,3852.8000,3853.2000,1,1,1,2,3,1,1,1,1,3
SF,IF2006,2019-11-18 09:33:11.000,3846.6000,2915,0,54315600.000,0,-,-,-,-,3846.6000,3846.0000,3845.6000,3845.4000,3840.0000,3848.6000,3848.8000,3850.8000,3852.2000,3852.8000,1,1,1,2,3,1,1,1,1,1
SF,IF2006,2019-11-18 09:33:11.500,3846.6000,2915,0,54315600.000,0,-,-,-,-,3846.0000,3845.6000,3840.0000,3838.8000,3831.8000,3848.4000,3850.8000,3852.2000,3852.8000,3853.2000,1,1,3,6,1,1,1,1,1,3
SF,IF2006,2019-11-18 09:33:12.000,3846.6000,2915,0,54315600.000,0,-,-,-,-,3846.0000,3845.6000,3840.0000,3838.8000,3831.8000,3848.4000,3850.8000,3851.4000,3852.2000,3852.8000,1,1,3,6,1,1,1,5,1,1
SF,IF2006,2019-11-18 09:33:12.500,3846.6000,2915,0,54315600.000,0,-,-,-,-,3846.2000,3846.0000,3845.6000,3840.0000,3838.8000,3848.4000,3850.8000,3851.4000,3852.2000,3852.8000,1,1,1,3,6,1,1,5,1,1
SF,IF2006,2019-11-18 09:33:14.000,3846.6000,2915,0,54315600.000,0,-,-,-,-,3846.2000,3846.0000,3845.6000,3840.0000,3838.8000,3848.4000,3850.8000,3852.2000,3852.8000,3853.2000,1,1,1,3,6,1,1,1,1,3
SF,IF2006,2019-11-18 09:33:14.500,3846.6000,2915,0,54315600.000,0,-,-,-,-,3846.4000,3846.2000,3846.0000,3845.6000,3840.0000,3848.4000,3850.8000,3852.2000,3852.8000,3853.2000,1,1,1,1,3,1,1,1,1,3
SF,IF2006,2019-11-18 09:33:15.000,3846.6000,2915,0,54315600.000,0,-,-,-,-,3846.0000,3845.6000,3840.0000,3838.8000,3831.8000,3848.4000,3850.8000,3852.2000,3852.8000,3853.2000,1,1,3,6,1,1,1,1,1,3
SF,IF2006,2019-11-18 09:33:15.500,3846.6000,2915,0,54315600.000,0,-,-,-,-,3846.2000,3846.0000,3845.6000,3840.0000,3838.8000,3848.4000,3850.8000,3852.2000,3852.8000,3853.2000,1,1,1,3,6,1,1,1,1,3
SF,IF2006,2019-11-18 09:33:16.000,3846.6000,2915,0,54315600.000,0,-,-,-,-,3846.4000,3846.2000,3846.0000,3845.6000,3840.0000,3848.4000,3850.8000,3852.2000,3852.8000,3853.2000,1,1,1,1,3,1,1,1,1,3
SF,IF2006,2019-11-18 09:33:16.500,3846.6000,2915,0,54315600.000,0,-,-,-,-,3846.4000,3846.0000,3845.6000,3840.0000,3838.8000,3848.4000,3850.8000,3852.2000,3852.8000,3853.2000,1,1,1,3,6,1,1,1,1,3
SF,IF2006,2019-11-18 09:33:17.000,3846.6000,2915,0,54315600.000,0,-,-,-,-,3846.6000,3846.4000,3846.0000,3845.6000,3840.0000,3848.4000,3850.8000,3852.2000,3852.8000,3853.2000,1,1,1,1,3,1,1,1,1,3
SF,IF2006,2019-11-18 09:33:17.500,3846.6000,2915,0,54315600.000,0,-,-,-,-,3846.4000,3846.0000,3845.6000,3840.0000,3838.8000,3848.4000,3850.8000,3852.2000,3852.8000,3853.2000,1,1,1,3,6,1,1,1,1,3
SF,IF2006,2019-11-18 09:33:18.500,3846.6000,2915,0,54315600.000,0,-,-,-,-,3848.0000,3846.4000,3846.0000,3845.6000,3840.0000,3848.4000,3850.8000,3852.2000,3852.8000,3853.2000,1,1,1,1,3,1,1,1,1,3
SF,IF2006,2019-11-18 09:33:19.000,3848.0000,2914,-1,55470000.000,1,0,1,双平,S,3847.0000,3846.4000,3846.0000,3845.6000,3840.0000,3848.4000,3850.8000,3852.2000,3852.8000,3853.2000,1,1,1,1,3,1,1,1,1,3
SF,IF2006,2019-11-18 09:33:19.500,3848.0000,2914,0,55470000.000,0,-,-,-,-,3847.0000,3846.4000,3846.0000,3845.6000,3840.0000,3848.4000,3850.8000,3852.2000,3852.8000,3853.2000,1,1,1,1,3,1,1,1,1,3
SF,IF2006,2019-11-18 09:33:20.000,3847.0000,2914,0,56624100.000,1,0,1,多换,S,3846.4000,3846.0000,3845.6000,3840.0000,3838.8000,3848.4000,3850.8000,3852.2000,3852.8000,3853.2000,1,1,1,3,6,1,1,1,1,3
SF,IF2006,2019-11-18 09:33:22.000,3847.0000,2914,0,56624100.000,0,-,-,-,-,3846.4000,3846.0000,3845.6000,3840.0000,3838.8000,3848.4000,3850.8000,3852.2000,3852.8000,3853.2000,1,1,1,3,6,1,1,1,1,2
SF,IF2006,2019-11-18 09:33:22.500,3847.0000,2914,0,56624100.000,0,-,-,-,-,3846.0000,3845.6000,3840.0000,3838.8000,3831.8000,3848.2000,3848.4000,3850.8000,3852.2000,3852.8000,1,1,3,6,1,1,1,1,1,1
SF,IF2006,2019-11-18 09:33:23.000,3847.0000,2914,0,56624100.000,0,-,-,-,-,3846.0000,3845.6000,3840.0000,3838.8000,3831.8000,3848.0000,3848.2000,3850.8000,3852.2000,3852.8000,1,1,3,6,1,2,1,1,1,1
SF,IF2006,2019-11-18 09:33:23.500,3847.0000,2914,0,56624100.000,0,-,-,-,-,3846.0000,3845.6000,3840.0000,3838.8000,3831.8000,3848.0000,3850.8000,3852.2000,3852.8000,3853.2000,1,1,3,6,1,2,1,1,1,2
SF,IF2006,2019-11-18 09:33:24.000,3847.0000,2914,0,56624100.000,0,-,-,-,-,3846.0000,3845.6000,3840.0000,3838.8000,3831.8000,3847.8000,3848.0000,3850.8000,3852.2000,3852.8000,1,1,3,6,1,1,2,1,1,1
SF,IF2006,2019-11-18 09:33:24.500,3847.0000,2914,0,56624100.000,0,-,-,-,-,3846.0000,3845.6000,3840.0000,3838.8000,3831.8000,3847.6000,3847.8000,3850.8000,3852.2000,3852.8000,1,1,3,6,1,1,1,1,1,1
SF,IF2006,2019-11-18 09:33:26.000,3846.0000,2914,0,57777900.000,1,0,1,多换,S,3845.6000,3840.0000,3838.8000,3831.8000,3830.2000,3847.6000,3847.8000,3850.8000,3852.2000,3852.8000,1,3,6,1,1,1,1,1,1,1
SF,IF2006,2019-11-18 09:33:28.500,3845.6000,2914,0,58931580.000,1,0,1,多换,S,3840.0000,3838.8000,3831.8000,3830.2000,3824.0000,3847.6000,3847.8000,3850.8000,3852.2000,3852.8000,3,6,1,1,1,1,1,1,1,1
SF,IF2006,2019-11-18 09:33:29.000,3845.6000,2914,0,58931580.000,0,-,-,-,-,3843.2000,3841.8000,3841.6000,3841.2000,3840.2000,3847.6000,3847.8000,3850.8000,3852.2000,3852.8000,3,1,1,1,2,1,1,1,1,1
SF,IF2006,2019-11-18 09:33:30.000,3845.6000,2914,0,58931580.000,0,-,-,-,-,3843.2000,3841.8000,3841.2000,3840.2000,3840.0000,3847.6000,3847.8000,3850.8000,3852.2000,3852.8000,3,1,1,2,3,1,1,1,1,1
SF,IF2006,2019-11-18 09:33:31.000,3845.6000,2914,0,58931580.000,0,-,-,-,-,3843.2000,3841.8000,3841.2000,3840.2000,3840.0000,3847.4000,3847.6000,3847.8000,3850.8000,3852.2000,3,1,1,2,3,1,1,1,1,1
SF,IF2006,2019-11-18 09:33:31.500,3845.6000,2914,0,58931580.000,0,-,-,-,-,3843.4000,3841.8000,3841.2000,3840.2000,3840.0000,3846.8000,3847.4000,3850.8000,3852.2000,3852.8000,1,1,1,2,3,3,1,1,1,1
SF,IF2006,2019-11-18 09:33:32.000,3845.6000,2914,0,58931580.000,0,-,-,-,-,3843.6000,3843.4000,3841.8000,3841.2000,3840.2000,3846.6000,3847.4000,3850.8000,3852.2000,3852.8000,1,1,1,1,2,3,1,1,1,1
SF,IF2006,2019-11-18 09:33:32.500,3845.6000,2914,0,58931580.000,0,-,-,-,-,3843.8000,3843.6000,3841.8000,3841.2000,3840.2000,3846.6000,3847.4000,3850.8000,3852.2000,3852.8000,2,1,1,1,2,2,1,1,1,1
SF,IF2006,2019-11-18 09:33:33.000,3845.6000,2914,0,58931580.000,0,-,-,-,-,3844.0000,3843.6000,3841.2000,3840.2000,3840.0000,3846.4000,3846.6000,3847.4000,3850.8000,3852.2000,1,1,1,2,3,1,2,1,1,1
SF,IF2006,2019-11-18 09:33:33.500,3845.6000,2914,0,58931580.000,0,-,-,-,-,3844.0000,3843.6000,3841.2000,3840.2000,3840.0000,3846.2000,3847.4000,3850.8000,3852.2000,3852.8000,1,1,1,2,3,1,1,1,1,1
SF,IF2006,2019-11-18 09:33:34.000,3845.6000,2914,0,58931580.000,0,-,-,-,-,3844.0000,3843.6000,3841.2000,3840.2000,3840.0000,3846.0000,3846.2000,3847.4000,3850.8000,3852.2000,1,1,1,2,3,1,1,1,1,1
SF,IF2006,2019-11-18 09:33:34.500,3845.6000,2914,0,58931580.000,0,-,-,-,-,3840.2000,3840.0000,3834.6000,3831.8000,3830.2000,3845.8000,3846.0000,3847.4000,3850.8000,3852.2000,2,3,6,1,1,2,1,1,1,1
SF,IF2006,2019-11-18 09:33:35.000,3845.6000,2914,0,58931580.000,0,-,-,-,-,3841.8000,3840.4000,3840.2000,3840.0000,3834.6000,3845.6000,3845.8000,3847.4000,3850.8000,3852.2000,3,1,1,3,6,1,2,1,1,1
SF,IF2006,2019-11-18 09:33:35.500,3845.6000,2914,0,58931580.000,0,-,-,-,-,3841.8000,3840.4000,3840.2000,3840.0000,3834.6000,3845.2000,3845.4000,3845.6000,3847.4000,3850.8000,3,1,1,3,6,1,3,2,1,1
SF,IF2006,2019-11-18 09:33:36.000,3845.6000,2914,0,58931580.000,0,-,-,-,-,3842.0000,3840.2000,3840.0000,3834.6000,3831.8000,3845.0000,3845.2000,3845.6000,3847.4000,3850.8000,2,1,3,6,1,2,1,1,1,1
SF,IF2006,2019-11-18 09:33:36.500,3845.6000,2914,0,58931580.000,0,-,-,-,-,3842.2000,3840.2000,3840.0000,3834.6000,3831.8000,3844.8000,3845.0000,3845.2000,3845.6000,3847.2000,1,1,3,6,1,1,2,1,1,5
SF,IF2006,2019-11-18 09:33:37.000,3845.6000,2914,0,58931580.000,0,-,-,-,-,3842.2000,3840.2000,3840.0000,3834.6000,3831.8000,3844.6000,3844.8000,3845.2000,3845.6000,3847.4000,1,1,3,6,1,1,1,1,1,1
SF,IF2006,2019-11-18 09:33:37.500,3845.6000,2914,0,58931580.000,0,-,-,-,-,3842.2000,3840.2000,3840.0000,3834.6000,3831.8000,3844.4000,3844.6000,3844.8000,3845.6000,3847.4000,1,1,3,6,1,1,1,1,1,1
SF,IF2006,2019-11-18 09:33:38.000,3845.6000,2914,0,58931580.000,0,-,-,-,-,3842.2000,3840.2000,3840.0000,3834.6000,3831.8000,3844.2000,3845.6000,3847.4000,3850.8000,3851.4000,1,1,3,6,1,1,1,1,1,5
SF,IF2006,2019-11-18 09:33:38.500,3845.6000,2914,0,58931580.000,0,-,-,-,-,3842.2000,3840.2000,3840.0000,3834.6000,3831.8000,3844.0000,3844.2000,3845.6000,3847.4000,3850.8000,1,1,3,6,1,1,1,1,1,1
SF,IF2006,2019-11-18 09:33:39.000,3845.6000,2914,0,58931580.000,0,-,-,-,-,3842.2000,3840.2000,3840.0000,3834.6000,3831.8000,3844.0000,3845.6000,3847.4000,3850.8000,3851.4000,1,1,3,6,1,1,1,1,1,5
SF,IF2006,2019-11-18 09:33:39.500,3845.6000,2914,0,58931580.000,0,-,-,-,-,3842.2000,3840.2000,3840.0000,3834.6000,3831.8000,3845.6000,3847.4000,3850.8000,3851.4000,3857.4000,1,1,3,6,1,1,1,1,5,1
SF,IF2006,2019-11-18 09:33:40.000,3845.6000,2914,0,58931580.000,0,-,-,-,-,3842.4000,3842.2000,3840.2000,3840.0000,3834.6000,3845.2000,3845.4000,3845.6000,3847.4000,3850.8000,1,1,1,3,6,1,1,1,1,1
SF,IF2006,2019-11-18 09:33:40.500,3845.6000,2914,0,58931580.000,0,-,-,-,-,3842.6000,3842.4000,3840.2000,3840.0000,3834.6000,3847.4000,3850.8000,3851.4000,3857.4000,3864.8000,3,2,1,3,6,1,1,5,1,1
SF,IF2006,2019-11-18 09:33:41.000,3845.6000,2914,0,58931580.000,0,-,-,-,-,3842.6000,3842.4000,3840.2000,3840.0000,3834.6000,3847.0000,3847.4000,3850.8000,3851.4000,3857.4000,3,1,1,3,6,3,1,1,5,1
SF,IF2006,2019-11-18 09:33:41.500,3845.6000,2914,0,58931580.000,0,-,-,-,-,3843.6000,3842.6000,3842.4000,3840.2000,3840.0000,3846.2000,3846.8000,3847.0000,3847.4000,3850.8000,1,3,1,1,3,1,1,3,1,1
SF,IF2006,2019-11-18 09:33:42.000,3845.6000,2914,0,58931580.000,0,-,-,-,-,3843.6000,3842.4000,3840.2000,3840.0000,3834.6000,3846.0000,3846.8000,3847.4000,3850.8000,3851.4000,1,1,1,3,6,2,1,1,1,5
SF,IF2006,2019-11-18 09:33:42.500,3845.6000,2914,0,58931580.000,0,-,-,-,-,3843.6000,3842.4000,3840.2000,3840.0000,3834.6000,3846.0000,3846.8000,3847.4000,3850.8000,3851.4000,1,1,1,3,6,2,1,1,1,5
SF,IF2006,2019-11-18 09:33:43.000,3845.6000,2914,0,58931580.000,0,-,-,-,-,3843.8000,3843.6000,3842.4000,3840.2000,3840.0000,3846.0000,3846.8000,3847.4000,3850.8000,3851.4000,1,1,1,1,3,2,1,1,1,5
SF,IF2006,2019-11-18 09:33:47.500,3846.0000,2914,0,60085380.000,1,0,1,多换,S,3843.8000,3843.6000,3842.4000,3840.2000,3840.0000,3846.0000,3846.8000,3847.4000,3850.8000,3851.4000,1,1,1,1,3,1,1,1,1,5
SF,IF2006,2019-11-18 09:33:48.000,3846.0000,2914,0,60085380.000,0,-,-,-,-,3843.8000,3843.6000,3842.4000,3840.2000,3840.0000,3845.8000,3846.8000,3847.4000,3850.8000,3851.4000,1,1,1,1,3,1,1,1,1,5
SF,IF2006,2019-11-18 09:33:48.500,3846.0000,2914,0,60085380.000,0,-,-,-,-,3844.0000,3843.8000,3843.6000,3842.4000,3840.2000,3846.8000,3847.4000,3850.8000,3851.4000,3857.4000,1,1,1,1,1,1,1,1,5,1
SF,IF2006,2019-11-18 09:33:49.000,3846.0000,2914,0,60085380.000,0,-,-,-,-,3844.2000,3844.0000,3842.4000,3840.2000,3840.0000,3846.0000,3846.6000,3846.8000,3847.4000,3850.8000,1,1,1,1,3,1,1,1,1,1
SF,IF2006,2019-11-18 09:33:49.500,3846.0000,2914,0,60085380.000,0,-,-,-,-,3844.2000,3844.0000,3842.4000,3840.2000,3840.0000,3846.0000,3846.8000,3847.4000,3850.8000,3851.4000,1,1,1,1,3,1,1,1,1,5
SF,IF2006,2019-11-18 09:33:52.500,3846.0000,2914,0,60085380.000,0,-,-,-,-,3844.2000,3844.0000,3842.4000,3840.2000,3840.0000,3846.0000,3846.8000,3847.4000,3850.8000,3851.4000,1,1,1,1,3,1,1,1,1,5
SF,IF2006,2019-11-18 09:33:58.000,3846.0000,2914,0,60085380.000,0,-,-,-,-,3844.2000,3844.0000,3842.4000,3840.2000,3840.0000,3846.0000,3846.8000,3847.4000,3851.4000,3857.4000,1,1,1,1,3,1,2,1,5,1
SF,IF2006,2019-11-18 09:33:58.500,3846.0000,2914,0,60085380.000,0,-,-,-,-,3844.2000,3844.0000,3842.4000,3840.2000,3840.0000,3846.8000,3847.4000,3851.4000,3857.4000,3864.8000,1,1,1,1,3,2,1,5,1,1
SF,IF2006,2019-11-18 09:33:59.000,3846.0000,2914,0,60085380.000,0,-,-,-,-,3844.4000,3844.2000,3844.0000,3842.4000,3840.2000,3846.4000,3846.8000,3847.4000,3851.4000,3857.4000,1,1,1,1,1,1,2,1,5,1
SF,IF2006,2019-11-18 09:33:59.500,3846.0000,2914,0,60085380.000,0,-,-,-,-,3844.6000,3844.4000,3844.0000,3842.4000,3840.2000,3846.8000,3847.4000,3851.4000,3857.4000,3864.8000,2,1,1,1,1,2,1,5,1,1
SF,IF2006,2019-11-18 09:34:00.000,3846.0000,2914,0,60085380.000,0,-,-,-,-,3844.6000,3844.4000,3844.0000,3842.4000,3840.2000,3846.4000,3846.8000,3847.4000,3851.4000,3857.4000,2,1,1,1,1,1,2,1,5,1
SF,IF2006,2019-11-18 09:34:00.500,3846.0000,2914,0,60085380.000,0,-,-,-,-,3844.6000,3844.4000,3844.0000,3842.4000,3840.2000,3846.8000,3847.4000,3851.4000,3857.4000,3864.8000,2,1,1,1,1,2,1,5,1,1
SF,IF2006,2019-11-18 09:34:03.000,3846.0000,2914,0,60085380.000,0,-,-,-,-,3844.6000,3844.4000,3844.0000,3842.4000,3840.2000,3846.6000,3846.8000,3847.4000,3851.4000,3857.4000,2,1,1,1,1,1,2,1,5,1
SF,IF2006,2019-11-18 09:34:03.500,3846.0000,2914,0,60085380.000,0,-,-,-,-,3844.0000,3842.4000,3840.2000,3840.0000,3834.6000,3846.0000,3846.4000,3846.6000,3846.8000,3847.4000,1,1,1,3,6,1,1,1,2,1
SF,IF2006,2019-11-18 09:34:04.000,3846.0000,2914,0,60085380.000,0,-,-,-,-,3844.2000,3844.0000,3842.4000,3840.2000,3840.0000,3846.0000,3846.6000,3846.8000,3847.4000,3851.4000,1,1,1,1,3,1,1,2,1,5
SF,IF2006,2019-11-18 09:34:05.500,3846.0000,2914,0,60085380.000,0,-,-,-,-,3844.2000,3844.0000,3842.4000,3840.2000,3840.0000,3846.0000,3846.6000,3846.8000,3847.4000,3851.4000,1,1,1,1,3,1,1,2,1,5
SF,IF2006,2019-11-18 09:34:06.500,3844.2000,2914,0,61238640.000,1,0,1,多换,S,3844.0000,3843.4000,3842.4000,3840.2000,3840.0000,3846.0000,3846.4000,3846.6000,3846.8000,3847.4000,1,1,1,1,3,1,1,1,2,1
SF,IF2006,2019-11-18 09:34:07.000,3844.2000,2914,0,61238640.000,0,-,-,-,-,3844.0000,3842.4000,3840.2000,3840.0000,3834.6000,3845.8000,3846.0000,3846.6000,3846.8000,3847.4000,1,1,1,3,6,1,1,1,2,1
SF,IF2006,2019-11-18 09:34:10.500,3844.2000,2914,0,61238640.000,0,-,-,-,-,3844.0000,3842.4000,3840.2000,3840.0000,3834.6000,3845.8000,3846.0000,3846.6000,3846.8000,3847.4000,1,1,1,3,6,2,1,1,2,1
SF,IF2006,2019-11-18 09:34:11.000,3844.2000,2914,0,61238640.000,0,-,-,-,-,3844.0000,3842.4000,3840.2000,3840.0000,3834.6000,3845.8000,3846.6000,3846.8000,3847.4000,3851.4000,1,1,1,3,6,2,1,2,1,5
SF,IF2006,2019-11-18 09:34:11.500,3844.0000,2914,0,62391840.000,1,0,1,多换,S,3842.4000,3840.2000,3840.0000,3834.6000,3831.8000,3845.6000,3845.8000,3846.6000,3846.8000,3847.4000,1,1,3,6,1,1,2,1,2,1
SF,IF2006,2019-11-18 09:34:12.000,3844.0000,2914,0,62391840.000,0,-,-,-,-,3842.6000,3842.4000,3840.2000,3840.0000,3834.6000,3845.4000,3845.6000,3845.8000,3846.6000,3846.8000,1,1,1,3,6,2,1,1,1,2
SF,IF2006,2019-11-18 09:34:12.500,3844.0000,2914,0,62391840.000,0,-,-,-,-,3842.6000,3842.4000,3840.2000,3840.0000,3834.6000,3845.4000,3845.6000,3845.8000,3846.6000,3846.8000,1,1,1,3,6,5,1,1,1,2
SF,IF2006,2019-11-18 09:34:13.000,3844.0000,2914,0,62391840.000,0,-,-,-,-,3842.6000,3842.4000,3840.2000,3840.0000,3834.6000,3845.0000,3845.2000,3845.4000,3845.6000,3845.8000,1,1,1,3,6,1,1,5,1,1
SF,IF2006,2019-11-18 09:34:13.500,3844.0000,2914,0,62391840.000,0,-,-,-,-,3842.6000,3842.4000,3840.2000,3840.0000,3834.6000,3844.8000,3845.0000,3845.2000,3845.4000,3845.6000,1,1,1,3,6,1,1,1,3,1
SF,IF2006,2019-11-18 09:34:14.000,3844.0000,2914,0,62391840.000,0,-,-,-,-,3842.6000,3842.4000,3840.2000,3840.0000,3834.6000,3844.8000,3845.0000,3845.4000,3845.8000,3846.6000,1,1,1,3,6,1,1,2,1,1
SF,IF2006,2019-11-18 09:34:14.500,3844.0000,2914,0,62391840.000,0,-,-,-,-,3842.6000,3842.4000,3840.2000,3840.0000,3834.6000,3844.6000,3844.8000,3845.4000,3845.8000,3846.6000,1,1,1,3,6,1,1,1,1,1
SF,IF2006,2019-11-18 09:34:15.000,3844.0000,2914,0,62391840.000,0,-,-,-,-,3842.6000,3842.4000,3840.2000,3840.0000,3834.6000,3844.6000,3845.4000,3845.8000,3846.6000,3846.8000,1,1,1,3,6,1,1,1,1,2
SF,IF2006,2019-11-18 09:34:16.000,3844.0000,2914,0,62391840.000,0,-,-,-,-,3842.6000,3842.4000,3840.2000,3840.0000,3834.6000,3844.6000,3845.8000,3846.6000,3846.8000,3847.4000,1,1,1,3,6,1,1,1,2,1
SF,IF2006,2019-11-18 09:34:16.500,3844.0000,2914,0,62391840.000,0,-,-,-,-,3843.0000,3842.6000,3842.4000,3840.2000,3840.0000,3845.8000,3846.6000,3846.8000,3847.4000,3851.4000,1,1,1,1,3,1,1,2,1,5
SF,IF2006,2019-11-18 09:34:17.000,3844.0000,2914,0,62391840.000,0,-,-,-,-,3843.0000,3842.4000,3840.2000,3840.0000,3834.6000,3845.2000,3845.4000,3845.6000,3845.8000,3846.6000,1,1,1,3,6,1,2,3,1,1
SF,IF2006,2019-11-18 09:34:17.500,3844.0000,2914,0,62391840.000,0,-,-,-,-,3843.0000,3842.4000,3840.2000,3840.0000,3834.6000,3845.0000,3845.2000,3845.8000,3846.6000,3846.8000,1,1,1,3,6,1,1,1,1,2
SF,IF2006,2019-11-18 09:34:19.000,3845.0000,2913,-1,63545340.000,1,0,1,双平,S,3843.0000,3842.4000,3840.2000,3840.0000,3834.6000,3845.2000,3845.8000,3846.0000,3846.6000,3846.8000,2,1,1,3,6,1,1,1,1,2
SF,IF2006,2019-11-18 09:34:19.500,3845.0000,2913,0,63545340.000,0,-,-,-,-,3843.0000,3842.4000,3840.2000,3840.0000,3834.6000,3845.2000,3845.8000,3846.6000,3846.8000,3847.4000,2,1,1,3,6,1,1,1,2,1
SF,IF2006,2019-11-18 09:34:23.500,3843.0000,2914,1,65851140.000,2,1,1,空开,S,3842.4000,3840.2000,3840.0000,3834.6000,3831.8000,3845.2000,3845.8000,3846.2000,3846.6000,3846.8000,1,1,3,6,1,1,1,1,1,2
SF,IF2006,2019-11-18 09:34:24.000,3843.0000,2914,0,65851140.000,0,-,-,-,-,3842.6000,3842.4000,3840.2000,3840.0000,3834.6000,3845.8000,3846.6000,3846.8000,3847.4000,3851.4000,3,1,1,3,6,1,1,2,1,5
SF,IF2006,2019-11-18 09:34:24.500,3843.0000,2914,0,65851140.000,0,-,-,-,-,3843.2000,3842.6000,3842.4000,3840.2000,3840.0000,3845.0000,3845.6000,3845.8000,3846.6000,3846.8000,1,3,1,1,3,1,1,1,1,2
SF,IF2006,2019-11-18 09:34:25.000,3843.0000,2914,0,65851140.000,0,-,-,-,-,3843.4000,3843.2000,3842.4000,3840.2000,3840.0000,3845.0000,3845.8000,3846.6000,3846.8000,3847.4000,1,1,1,1,3,1,1,1,2,1
SF,IF2006,2019-11-18 09:34:25.500,3843.0000,2914,0,65851140.000,0,-,-,-,-,3843.4000,3843.2000,3842.4000,3840.2000,3840.0000,3844.8000,3845.0000,3845.8000,3846.6000,3846.8000,1,1,1,1,3,1,1,1,1,2
SF,IF2006,2019-11-18 09:34:26.000,3843.0000,2914,0,65851140.000,0,-,-,-,-,3843.4000,3843.2000,3842.4000,3840.2000,3840.0000,3844.8000,3845.8000,3846.6000,3846.8000,3847.4000,1,1,1,1,3,1,1,1,2,1
SF,IF2006,2019-11-18 09:34:27.500,3843.0000,2914,0,65851140.000,0,-,-,-,-,3843.4000,3843.2000,3842.4000,3840.2000,3840.0000,3845.8000,3846.6000,3846.8000,3847.4000,3851.4000,1,1,1,1,3,1,1,2,1,5
SF,IF2006,2019-11-18 09:34:28.000,3843.0000,2914,0,65851140.000,0,-,-,-,-,3843.4000,3843.2000,3842.4000,3840.2000,3840.0000,3845.6000,3845.8000,3846.6000,3846.8000,3847.4000,1,1,1,1,3,1,1,1,2,1
SF,IF2006,2019-11-18 09:34:28.500,3843.0000,2914,0,65851140.000,0,-,-,-,-,3843.4000,3843.2000,3842.4000,3840.2000,3840.0000,3845.6000,3845.8000,3846.6000,3846.8000,3847.4000,1,1,1,1,3,1,1,1,2,1
SF,IF2006,2019-11-18 09:34:29.000,3843.0000,2914,0,65851140.000,0,-,-,-,-,3843.4000,3843.2000,3842.4000,3840.2000,3840.0000,3845.6000,3845.8000,3846.6000,3846.8000,3847.4000,1,1,1,1,3,2,1,1,1,1
SF,IF2006,2019-11-18 09:34:32.500,3843.4000,2914,0,67004160.000,1,0,1,多换,S,3843.2000,3842.4000,3840.2000,3840.0000,3838.2000,3845.6000,3845.8000,3846.6000,3846.8000,3847.4000,1,2,1,3,1,2,1,1,1,1
SF,IF2006,2019-11-18 09:34:33.000,3843.4000,2914,0,67004160.000,0,-,-,-,-,3843.2000,3842.4000,3840.2000,3840.0000,3838.2000,3845.6000,3845.8000,3846.6000,3846.8000,3847.4000,1,1,1,3,1,2,1,1,1,1
SF,IF2006,2019-11-18 09:34:33.500,3843.4000,2914,0,67004160.000,0,-,-,-,-,3843.2000,3842.4000,3840.2000,3840.0000,3838.2000,3845.4000,3845.6000,3845.8000,3846.6000,3846.8000,1,1,1,3,1,1,2,1,1,1
SF,IF2006,2019-11-18 09:34:34.000,3843.4000,2914,0,67004160.000,0,-,-,-,-,3843.2000,3842.4000,3840.2000,3840.0000,3838.2000,3845.2000,3845.6000,3845.8000,3846.6000,3846.8000,1,1,1,3,1,2,1,1,1,1
SF,IF2006,2019-11-18 09:34:34.500,3843.4000,2914,0,67004160.000,0,-,-,-,-,3843.2000,3842.4000,3840.2000,3840.0000,3838.2000,3845.2000,3845.6000,3845.8000,3846.6000,3846.8000,1,1,1,3,1,2,1,1,1,1
SF,IF2006,2019-11-18 09:34:35.000,3843.4000,2914,0,67004160.000,0,-,-,-,-,3843.2000,3842.4000,3840.2000,3840.0000,3838.2000,3845.0000,3845.2000,3845.6000,3845.8000,3846.6000,1,1,1,3,1,1,2,1,1,1
SF,IF2006,2019-11-18 09:34:35.500,3843.4000,2914,0,67004160.000,0,-,-,-,-,3843.2000,3842.4000,3840.2000,3840.0000,3838.2000,3844.8000,3845.0000,3845.6000,3845.8000,3846.6000,1,1,1,3,1,1,1,1,1,1
SF,IF2006,2019-11-18 09:34:37.000,3843.4000,2914,0,67004160.000,0,-,-,-,-,3843.2000,3842.4000,3840.2000,3840.0000,3838.2000,3844.8000,3845.6000,3845.8000,3846.6000,3846.8000,1,1,1,3,1,1,1,1,1,1
SF,IF2006,2019-11-18 09:34:37.500,3843.4000,2914,0,67004160.000,0,-,-,-,-,3843.4000,3843.2000,3842.4000,3840.2000,3840.0000,3845.6000,3845.8000,3846.6000,3846.8000,3847.4000,1,1,1,1,3,1,1,1,1,1
SF,IF2006,2019-11-18 09:34:38.000,3843.4000,2914,0,67004160.000,0,-,-,-,-,3843.4000,3843.2000,3842.4000,3840.2000,3840.0000,3845.4000,3845.6000,3845.8000,3846.6000,3846.8000,1,1,1,1,3,1,1,1,1,1
SF,IF2006,2019-11-18 09:34:39.000,3843.4000,2914,0,67004160.000,0,-,-,-,-,3844.8000,3843.4000,3843.2000,3842.4000,3840.2000,3845.4000,3845.6000,3845.8000,3846.6000,3846.8000,1,1,1,1,1,1,1,1,1,1
SF,IF2006,2019-11-18 09:34:39.500,3844.8000,2913,-1,68157600.000,1,0,1,双平,S,3843.2000,3842.4000,3840.2000,3840.0000,3838.2000,3844.8000,3845.4000,3845.6000,3845.8000,3846.6000,1,1,1,3,1,1,1,1,1,1
SF,IF2006,2019-11-18 09:34:40.000,3843.4000,2913,0,69310620.000,1,0,1,多换,S,3843.2000,3842.4000,3842.2000,3840.2000,3840.0000,3844.8000,3845.0000,3845.6000,3845.8000,3846.6000,1,1,1,1,3,1,1,1,1,1
SF,IF2006,2019-11-18 09:34:40.500,3843.4000,2913,0,69310620.000,0,-,-,-,-,3843.2000,3842.4000,3840.2000,3840.0000,3838.2000,3844.6000,3844.8000,3845.6000,3845.8000,3846.6000,1,1,1,3,1,1,1,1,1,1
SF,IF2006,2019-11-18 09:34:41.000,3843.4000,2913,0,69310620.000,0,-,-,-,-,3843.2000,3842.4000,3840.2000,3840.0000,3838.2000,3844.6000,3845.6000,3845.8000,3846.6000,3846.8000,1,1,1,3,1,1,1,1,1,1
SF,IF2006,2019-11-18 09:34:41.500,3843.4000,2913,0,69310620.000,0,-,-,-,-,3843.2000,3842.4000,3840.2000,3840.0000,3838.2000,3844.6000,3845.6000,3845.8000,3846.6000,3846.8000,1,1,1,3,1,1,1,1,1,1
SF,IF2006,2019-11-18 09:34:43.000,3843.4000,2913,0,69310620.000,0,-,-,-,-,3843.2000,3842.4000,3840.2000,3840.0000,3838.2000,3844.6000,3845.4000,3845.6000,3845.8000,3846.6000,1,1,1,3,1,1,1,1,1,1
SF,IF2006,2019-11-18 09:34:44.000,3844.6000,2912,-1,70464000.000,1,0,1,双平,S,3843.2000,3843.0000,3842.4000,3840.2000,3840.0000,3845.4000,3845.6000,3845.8000,3846.0000,3846.8000,1,1,1,1,3,1,1,1,1,1
SF,IF2006,2019-11-18 09:34:44.500,3844.6000,2912,0,70464000.000,0,-,-,-,-,3843.4000,3843.2000,3842.4000,3840.2000,3840.0000,3845.2000,3845.4000,3845.6000,3845.8000,3846.8000,1,1,1,1,3,1,1,1,1,1
SF,IF2006,2019-11-18 09:34:45.000,3844.6000,2912,0,70464000.000,0,-,-,-,-,3843.4000,3843.2000,3842.4000,3840.2000,3840.0000,3845.2000,3845.4000,3845.6000,3845.8000,3846.8000,1,1,1,1,3,1,1,1,1,1
SF,IF2006,2019-11-18 09:34:45.500,3844.6000,2912,0,70464000.000,0,-,-,-,-,3843.2000,3842.4000,3840.2000,3840.0000,3838.2000,3845.2000,3845.4000,3845.6000,3845.8000,3846.8000,1,1,1,3,1,1,1,1,1,1
SF,IF2006,2019-11-18 09:34:46.000,3845.2000,2912,0,71617560.000,1,0,1,多换,S,3843.2000,3842.4000,3840.2000,3840.0000,3838.2000,3845.4000,3845.6000,3845.8000,3846.0000,3846.8000,2,1,1,3,1,1,1,1,1,1
SF,IF2006,2019-11-18 09:34:46.500,3845.2000,2912,0,71617560.000,0,-,-,-,-,3843.2000,3842.4000,3840.2000,3840.0000,3838.2000,3845.4000,3845.6000,3845.8000,3846.8000,3847.4000,2,1,1,3,1,1,1,1,1,1
SF,IF2006,2019-11-18 09:34:48.000,3845.2000,2912,0,71617560.000,0,-,-,-,-,3843.2000,3842.4000,3840.2000,3840.0000,3838.2000,3845.6000,3845.8000,3846.8000,3847.4000,3850.0000,2,1,1,3,1,1,1,1,1,1
SF,IF2006,2019-11-18 09:34:49.500,3845.2000,2912,0,71617560.000,0,-,-,-,-,3843.2000,3842.4000,3840.2000,3840.0000,3838.2000,3845.4000,3845.6000,3845.8000,3846.8000,3847.4000,2,1,1,3,1,1,1,1,1,1
SF,IF2006,2019-11-18 09:34:50.500,3843.2000,2912,0,72770520.000,1,0,1,多换,S,3843.2000,3842.4000,3840.2000,3840.0000,3838.2000,3845.2000,3845.4000,3845.6000,3845.8000,3846.8000,1,1,1,3,1,1,1,1,1,1
SF,IF2006,2019-11-18 09:34:51.000,3843.2000,2912,0,72770520.000,0,-,-,-,-,3843.2000,3842.4000,3840.2000,3840.0000,3838.2000,3845.2000,3845.4000,3845.6000,3845.8000,3846.8000,1,1,1,3,1,1,1,1,1,1
SF,IF2006,2019-11-18 09:34:51.500,3843.2000,2912,0,72770520.000,0,-,-,-,-,3843.2000,3842.4000,3840.2000,3840.0000,3838.2000,3845.2000,3845.6000,3845.8000,3846.8000,3847.4000,1,1,1,3,1,1,1,1,1,1
SF,IF2006,2019-11-18 09:34:52.000,3845.2000,2911,-1,73924080.000,1,0,1,双平,S,3843.2000,3842.4000,3840.2000,3840.0000,3838.2000,3845.6000,3845.8000,3846.8000,3847.4000,3850.0000,1,1,1,3,1,1,1,1,1,1
SF,IF2006,2019-11-18 09:34:52.500,3845.2000,2911,0,73924080.000,0,-,-,-,-,3843.2000,3842.4000,3840.2000,3840.0000,3838.2000,3845.6000,3845.8000,3846.8000,3847.4000,3850.0000,1,1,1,3,1,1,1,1,1,1
SF,IF2006,2019-11-18 09:34:53.000,3845.2000,2911,0,73924080.000,0,-,-,-,-,3843.2000,3842.4000,3840.2000,3840.0000,3838.2000,3845.6000,3845.8000,3846.8000,3847.4000,3850.0000,1,1,1,3,1,1,1,1,1,1
SF,IF2006,2019-11-18 09:34:53.500,3845.2000,2911,0,73924080.000,0,-,-,-,-,3843.6000,3843.4000,3843.2000,3842.4000,3840.2000,3845.6000,3845.8000,3846.8000,3850.0000,3851.4000,1,1,1,1,1,1,1,1,1,5
SF,IF2006,2019-11-18 09:34:54.000,3845.6000,2911,0,75077760.000,1,0,1,多换,S,3843.6000,3843.4000,3842.4000,3840.2000,3840.0000,3845.8000,3846.8000,3850.0000,3851.4000,3857.4000,1,1,1,1,3,1,1,1,5,1
SF,IF2006,2019-11-18 09:34:54.500,3845.6000,2911,0,75077760.000,0,-,-,-,-,3843.8000,3843.6000,3843.4000,3842.4000,3840.2000,3845.8000,3846.8000,3850.0000,3851.4000,3857.4000,1,1,1,1,2,1,1,1,5,1
SF,IF2006,2019-11-18 09:34:55.500,3845.6000,2911,0,75077760.000,0,-,-,-,-,3843.8000,3843.6000,3842.4000,3840.2000,3840.0000,3845.8000,3846.8000,3850.0000,3851.4000,3857.4000,1,1,1,2,3,1,1,1,5,1
SF,IF2006,2019-11-18 09:34:56.000,3845.6000,2911,0,75077760.000,0,-,-,-,-,3844.0000,3843.8000,3842.4000,3840.2000,3840.0000,3845.8000,3846.8000,3850.0000,3851.4000,3857.4000,1,1,1,2,3,1,1,1,5,1
SF,IF2006,2019-11-18 09:34:56.500,3845.6000,2911,0,75077760.000,0,-,-,-,-,3844.0000,3842.4000,3840.2000,3840.0000,3838.2000,3845.8000,3846.8000,3850.0000,3851.4000,3857.4000,1,1,2,3,1,1,1,1,5,1
SF,IF2006,2019-11-18 09:34:57.000,3845.6000,2911,0,75077760.000,0,-,-,-,-,3844.0000,3842.4000,3840.2000,3840.0000,3838.2000,3845.6000,3845.8000,3846.8000,3850.0000,3851.4000,1,1,2,3,1,1,1,1,1,5
SF,IF2006,2019-11-18 09:34:57.500,3845.6000,2911,0,75077760.000,0,-,-,-,-,3842.4000,3840.2000,3840.0000,3838.2000,3834.6000,3845.6000,3845.8000,3846.8000,3850.0000,3851.4000,1,2,3,1,6,1,1,1,1,5
SF,IF2006,2019-11-18 09:34:58.000,3845.6000,2911,0,75077760.000,0,-,-,-,-,3842.6000,3842.4000,3840.2000,3840.0000,3838.2000,3845.6000,3845.8000,3846.8000,3850.0000,3851.4000,3,1,2,3,1,1,1,1,1,5
SF,IF2006,2019-11-18 09:34:58.500,3845.6000,2911,0,75077760.000,0,-,-,-,-,3843.2000,3842.6000,3842.4000,3840.2000,3840.0000,3845.6000,3845.8000,3846.8000,3850.0000,3851.4000,1,2,1,2,3,1,1,1,1,5
SF,IF2006,2019-11-18 09:34:59.000,3845.6000,2911,0,75077760.000,0,-,-,-,-,3843.2000,3842.4000,3840.2000,3840.0000,3838.2000,3845.6000,3845.8000,3846.8000,3850.0000,3851.4000,1,1,2,3,1,1,1,1,1,5
SF,IF2006,2019-11-18 09:35:02.000,3845.6000,2911,0,75077760.000,0,-,-,-,-,3842.4000,3840.2000,3840.0000,3838.2000,3834.6000,3845.6000,3845.8000,3846.8000,3850.0000,3851.4000,1,2,3,1,6,1,1,1,1,5
SF,IF2006,2019-11-18 09:35:02.500,3845.6000,2911,0,75077760.000,0,-,-,-,-,3842.4000,3840.2000,3840.0000,3838.2000,3834.6000,3845.0000,3845.6000,3845.8000,3846.8000,3850.0000,1,2,3,1,6,1,1,1,1,1
SF,IF2006,2019-11-18 09:35:03.000,3845.6000,2911,0,75077760.000,0,-,-,-,-,3842.4000,3840.2000,3840.0000,3838.2000,3834.6000,3844.8000,3845.0000,3845.8000,3846.8000,3850.0000,1,2,3,1,6,2,1,1,1,1
SF,IF2006,2019-11-18 09:35:03.500,3845.6000,2911,0,75077760.000,0,-,-,-,-,3842.4000,3840.2000,3840.0000,3838.2000,3834.6000,3844.8000,3845.8000,3846.8000,3850.0000,3851.4000,1,2,3,1,6,2,1,1,1,5
SF,IF2006,2019-11-18 09:35:04.000,3845.6000,2911,0,75077760.000,0,-,-,-,-,3842.4000,3840.2000,3840.0000,3838.2000,3834.6000,3844.6000,3844.8000,3845.8000,3846.8000,3850.0000,1,2,3,1,6,1,2,1,1,1
SF,IF2006,2019-11-18 09:35:04.500,3845.6000,2911,0,75077760.000,0,-,-,-,-,3842.4000,3840.2000,3840.0000,3838.2000,3834.6000,3844.4000,3844.6000,3845.8000,3846.8000,3850.0000,1,2,3,1,6,1,1,1,1,1
SF,IF2006,2019-11-18 09:35:08.500,3845.6000,2911,0,75077760.000,0,-,-,-,-,3842.4000,3840.2000,3840.0000,3838.2000,3834.6000,3844.4000,3844.6000,3845.8000,3846.8000,3850.0000,2,2,3,1,6,1,1,1,1,1
SF,IF2006,2019-11-18 09:35:09.000,3845.6000,2911,0,75077760.000,0,-,-,-,-,3842.4000,3840.2000,3840.0000,3838.2000,3834.6000,3844.4000,3845.8000,3846.8000,3850.0000,3851.4000,2,2,3,1,6,1,1,1,1,5
SF,IF2006,2019-11-18 09:35:11.500,3845.6000,2911,0,75077760.000,0,-,-,-,-,3842.8000,3842.4000,3840.2000,3840.0000,3838.2000,3844.4000,3845.8000,3846.8000,3850.0000,3851.4000,1,1,2,3,1,1,1,1,1,5
SF,IF2006,2019-11-18 09:35:12.000,3845.6000,2911,0,75077760.000,0,-,-,-,-,3842.8000,3842.4000,3840.2000,3840.0000,3838.2000,3844.2000,3845.8000,3846.8000,3850.0000,3851.4000,1,1,2,3,1,1,1,1,1,5
SF,IF2006,2019-11-18 09:35:12.500,3845.6000,2911,0,75077760.000,0,-,-,-,-,3842.8000,3842.4000,3840.2000,3840.0000,3838.2000,3844.2000,3845.8000,3846.8000,3850.0000,3851.4000,1,1,2,3,1,1,1,1,1,5
SF,IF2006,2019-11-18 09:35:13.000,3845.6000,2911,0,75077760.000,0,-,-,-,-,3842.8000,3842.4000,3840.2000,3840.0000,3838.2000,3844.2000,3845.8000,3846.8000,3850.0000,3851.4000,1,1,2,3,1,1,1,1,1,5
SF,IF2006,2019-11-18 09:35:13.500,3844.2000,2910,-1,76231020.000,1,0,1,双平,S,3843.0000,3842.8000,3842.4000,3840.2000,3840.0000,3845.8000,3846.0000,3846.8000,3850.0000,3851.4000,1,1,1,2,3,1,1,1,1,5
SF,IF2006,2019-11-18 09:35:14.000,3844.2000,2910,0,76231020.000,0,-,-,-,-,3843.0000,3842.8000,3842.4000,3840.2000,3840.0000,3845.6000,3845.8000,3846.8000,3850.0000,3851.4000,1,1,1,2,3,2,1,1,1,5
SF,IF2006,2019-11-18 09:35:14.500,3844.2000,2910,0,76231020.000,0,-,-,-,-,3843.0000,3842.8000,3842.4000,3840.2000,3840.0000,3845.6000,3845.8000,3846.8000,3850.0000,3851.4000,1,1,1,2,3,1,1,1,1,5
SF,IF2006,2019-11-18 09:35:15.000,3844.2000,2910,0,76231020.000,0,-,-,-,-,3843.2000,3843.0000,3842.4000,3840.2000,3840.0000,3845.6000,3845.8000,3846.8000,3850.0000,3851.4000,1,1,1,2,3,1,1,1,1,5
SF,IF2006,2019-11-18 09:35:15.500,3844.2000,2910,0,76231020.000,0,-,-,-,-,3843.4000,3843.2000,3842.4000,3840.2000,3840.0000,3845.4000,3845.6000,3845.8000,3846.8000,3850.0000,1,1,1,2,3,1,1,1,1,1
SF,IF2006,2019-11-18 09:35:16.000,3844.2000,2910,0,76231020.000,0,-,-,-,-,3843.4000,3843.2000,3842.4000,3840.2000,3840.0000,3845.2000,3845.4000,3845.8000,3846.8000,3850.0000,1,1,1,2,3,1,1,1,1,1
SF,IF2006,2019-11-18 09:35:16.500,3844.2000,2910,0,76231020.000,0,-,-,-,-,3843.2000,3842.4000,3840.2000,3840.0000,3838.2000,3845.2000,3845.4000,3845.8000,3846.8000,3850.0000,1,1,2,3,1,1,1,1,1,1
SF,IF2006,2019-11-18 09:35:17.000,3844.2000,2910,0,76231020.000,0,-,-,-,-,3842.4000,3840.2000,3840.0000,3838.2000,3834.6000,3845.2000,3845.4000,3845.8000,3846.8000,3850.0000,1,2,3,1,6,1,1,1,1,1
SF,IF2006,2019-11-18 09:35:17.500,3844.2000,2910,0,76231020.000,0,-,-,-,-,3842.6000,3842.4000,3840.2000,3840.0000,3838.2000,3845.2000,3845.4000,3845.8000,3846.8000,3850.0000,1,1,2,3,1,1,1,1,1,1
SF,IF2006,2019-11-18 09:35:18.000,3844.2000,2910,0,76231020.000,0,-,-,-,-,3843.0000,3842.6000,3842.4000,3840.2000,3840.0000,3845.2000,3845.4000,3845.8000,3846.8000,3850.0000,1,1,1,2,3,1,1,1,1,1
SF,IF2006,2019-11-18 09:35:18.500,3844.2000,2910,0,76231020.000,0,-,-,-,-,3843.0000,3842.4000,3840.2000,3840.0000,3838.2000,3845.2000,3845.4000,3845.8000,3846.8000,3850.0000,1,1,2,3,1,1,1,1,1,1
SF,IF2006,2019-11-18 09:35:21.500,3844.2000,2910,0,76231020.000,0,-,-,-,-,3843.0000,3842.4000,3840.2000,3840.0000,3838.2000,3845.2000,3845.4000,3845.8000,3846.8000,3850.0000,1,1,2,3,1,1,1,1,1,1
SF,IF2006,2019-11-18 09:35:23.500,3844.2000,2910,0,76231020.000,0,-,-,-,-,3843.2000,3843.0000,3842.4000,3840.2000,3840.0000,3845.2000,3845.4000,3845.8000,3846.8000,3850.0000,1,1,1,2,3,1,1,1,1,1
SF,IF2006,2019-11-18 09:35:24.000,3844.2000,2910,0,76231020.000,0,-,-,-,-,3843.4000,3843.2000,3843.0000,3842.4000,3840.2000,3845.2000,3845.8000,3846.8000,3850.0000,3851.4000,1,1,1,1,2,1,1,1,1,5
SF,IF2006,2019-11-18 09:35:24.500,3844.2000,2910,0,76231020.000,0,-,-,-,-,3843.2000,3843.0000,3842.4000,3840.2000,3840.0000,3845.2000,3845.8000,3846.8000,3850.0000,3851.4000,1,1,1,2,3,1,1,1,1,5
SF,IF2006,2019-11-18 09:35:25.000,3844.2000,2910,0,76231020.000,0,-,-,-,-,3843.0000,3842.4000,3840.2000,3840.0000,3838.2000,3845.2000,3845.8000,3846.8000,3850.0000,3851.4000,1,1,2,3,1,1,1,1,1,5
SF,IF2006,2019-11-18 09:35:25.500,3844.2000,2910,0,76231020.000,0,-,-,-,-,3843.2000,3843.0000,3842.4000,3840.2000,3840.0000,3845.2000,3845.8000,3846.8000,3850.0000,3851.4000,1,1,1,2,3,1,1,1,1,5
SF,IF2006,2019-11-18 09:35:26.500,3844.2000,2910,0,76231020.000,0,-,-,-,-,3843.4000,3843.2000,3843.0000,3842.4000,3840.2000,3845.2000,3845.8000,3846.8000,3850.0000,3851.4000,1,1,1,1,2,1,1,1,1,5
SF,IF2006,2019-11-18 09:35:27.000,3844.2000,2910,0,76231020.000,0,-,-,-,-,3843.4000,3843.0000,3842.4000,3840.2000,3840.0000,3845.2000,3845.8000,3846.8000,3850.0000,3851.4000,1,1,1,2,3,1,1,1,1,5
SF,IF2006,2019-11-18 09:35:27.500,3844.2000,2910,0,76231020.000,0,-,-,-,-,3843.4000,3843.0000,3842.4000,3840.2000,3840.0000,3845.2000,3845.8000,3846.8000,3850.0000,3851.4000,1,1,1,2,3,1,1,1,1,5
SF,IF2006,2019-11-18 09:35:30.000,3844.2000,2910,0,76231020.000,0,-,-,-,-,3843.0000,3842.4000,3840.2000,3840.0000,3838.2000,3845.2000,3845.8000,3846.8000,3850.0000,3851.4000,1,1,2,3,1,1,1,1,1,5
SF,IF2006,2019-11-18 09:35:30.500,3844.2000,2910,0,76231020.000,0,-,-,-,-,3843.2000,3843.0000,3842.4000,3840.2000,3840.0000,3845.2000,3845.8000,3846.8000,3850.0000,3851.4000,1,1,1,2,3,1,1,1,1,5
SF,IF2006,2019-11-18 09:35:32.000,3844.2000,2910,0,76231020.000,0,-,-,-,-,3843.4000,3843.2000,3843.0000,3842.4000,3840.2000,3845.2000,3845.8000,3846.8000,3850.0000,3851.4000,1,1,1,1,2,1,1,1,1,5
SF,IF2006,2019-11-18 09:35:32.500,3844.2000,2910,0,76231020.000,0,-,-,-,-,3843.6000,3843.4000,3843.0000,3842.4000,3840.2000,3845.8000,3846.8000,3850.0000,3851.4000,3852.0000,1,1,1,1,2,1,1,1,5,1
SF,IF2006,2019-11-18 09:35:33.000,3844.2000,2910,0,76231020.000,0,-,-,-,-,3843.6000,3843.4000,3843.0000,3842.4000,3840.2000,3845.6000,3845.8000,3846.8000,3850.0000,3851.4000,1,1,1,1,2,2,1,1,1,5
SF,IF2006,2019-11-18 09:35:36.500,3844.2000,2910,0,76231020.000,0,-,-,-,-,3843.6000,3843.0000,3842.4000,3840.2000,3840.0000,3845.6000,3845.8000,3846.8000,3850.0000,3851.4000,1,1,1,2,3,2,1,1,1,5
SF,IF2006,2019-11-18 09:35:37.000,3844.2000,2910,0,76231020.000,0,-,-,-,-,3843.6000,3843.0000,3842.4000,3840.2000,3840.0000,3845.8000,3846.8000,3850.0000,3851.4000,3852.0000,1,1,1,2,3,1,1,1,5,1
SF,IF2006,2019-11-18 09:35:37.500,3844.2000,2910,0,76231020.000,0,-,-,-,-,3843.6000,3843.0000,3842.4000,3840.2000,3840.0000,3845.8000,3846.8000,3850.0000,3851.4000,3852.0000,1,1,1,2,3,1,1,1,5,1
SF,IF2006,2019-11-18 09:35:40.000,3844.2000,2910,0,76231020.000,0,-,-,-,-,3843.6000,3843.0000,3842.4000,3840.2000,3840.0000,3845.8000,3846.8000,3850.0000,3851.4000,3852.0000,1,1,1,2,4,1,1,1,5,1
SF,IF2006,2019-11-18 09:35:40.500,3844.2000,2910,0,76231020.000,0,-,-,-,-,3843.6000,3843.0000,3842.4000,3840.2000,3840.0000,3845.6000,3845.8000,3846.8000,3850.0000,3851.4000,1,1,1,2,4,1,1,1,1,5
SF,IF2006,2019-11-18 09:35:46.000,3844.2000,2910,0,76231020.000,0,-,-,-,-,3843.8000,3843.6000,3843.0000,3842.4000,3840.2000,3845.6000,3845.8000,3846.8000,3850.0000,3851.4000,1,1,1,1,2,1,1,1,1,5
SF,IF2006,2019-11-18 09:35:46.500,3844.2000,2910,0,76231020.000,0,-,-,-,-,3844.0000,3843.8000,3843.0000,3842.4000,3840.2000,3845.8000,3846.8000,3850.0000,3851.4000,3852.0000,1,1,1,1,2,1,1,1,5,1
SF,IF2006,2019-11-18 09:35:47.000,3844.2000,2910,0,76231020.000,0,-,-,-,-,3844.2000,3843.0000,3842.4000,3840.2000,3840.0000,3845.8000,3846.8000,3850.0000,3851.4000,3852.0000,1,1,1,2,4,1,1,1,5,1
SF,IF2006,2019-11-18 09:35:48.500,3844.2000,2910,0,76231020.000,0,-,-,-,-,3844.2000,3843.0000,3842.4000,3840.2000,3840.0000,3845.8000,3846.8000,3850.0000,3851.4000,3852.0000,1,1,1,2,4,1,1,1,5,1
SF,IF2006,2019-11-18 09:35:49.000,3844.2000,2910,0,76231020.000,0,-,-,-,-,3844.2000,3843.0000,3842.4000,3840.2000,3840.0000,3845.8000,3850.0000,3851.4000,3852.0000,3857.4000,1,1,1,2,4,1,1,5,1,1
SF,IF2006,2019-11-18 09:35:50.000,3844.2000,2910,0,76231020.000,0,-,-,-,-,3844.2000,3843.0000,3842.4000,3840.2000,3840.0000,3845.8000,3850.0000,3851.4000,3852.0000,3857.4000,2,1,1,2,4,1,1,5,1,1
SF,IF2006,2019-11-18 09:35:51.000,3844.2000,2910,0,76231020.000,0,-,-,-,-,3844.4000,3844.2000,3843.0000,3842.4000,3840.2000,3845.8000,3850.0000,3851.4000,3852.0000,3857.4000,1,2,1,1,2,1,1,5,1,1
SF,IF2006,2019-11-18 09:35:51.500,3844.2000,2910,0,76231020.000,0,-,-,-,-,3844.6000,3844.4000,3844.2000,3843.0000,3842.4000,3845.8000,3850.0000,3851.4000,3852.0000,3857.4000,1,1,1,1,1,1,1,5,1,1
SF,IF2006,2019-11-18 09:35:52.000,3844.2000,2910,0,76231020.000,0,-,-,-,-,3844.6000,3844.4000,3844.2000,3843.0000,3842.4000,3845.8000,3850.0000,3851.4000,3852.0000,3857.4000,1,1,1,1,1,1,1,5,1,1
SF,IF2006,2019-11-18 09:35:53.500,3844.2000,2910,0,76231020.000,0,-,-,-,-,3844.6000,3844.2000,3843.0000,3842.4000,3840.2000,3845.8000,3850.0000,3851.4000,3852.0000,3857.4000,1,1,1,1,2,1,1,5,1,1
SF,IF2006,2019-11-18 09:35:55.500,3844.2000,2910,0,76231020.000,0,-,-,-,-,3844.8000,3844.6000,3844.2000,3843.0000,3842.4000,3845.8000,3850.0000,3851.4000,3852.0000,3857.4000,1,1,1,1,1,1,1,5,1,1
SF,IF2006,2019-11-18 09:35:56.000,3844.2000,2910,0,76231020.000,0,-,-,-,-,3845.0000,3844.8000,3844.2000,3843.0000,3842.4000,3845.8000,3850.0000,3851.4000,3852.0000,3857.4000,1,1,1,1,1,1,1,5,1,1
SF,IF2006,2019-11-18 09:35:56.500,3845.8000,2909,-1,77384760.000,1,0,1,双平,S,3845.0000,3844.8000,3844.2000,3843.0000,3842.4000,3850.0000,3851.4000,3852.0000,3857.4000,3864.8000,1,1,1,1,1,1,5,1,1,1
SF,IF2006,2019-11-18 09:35:57.000,3845.8000,2909,0,77384760.000,0,-,-,-,-,3845.0000,3844.8000,3844.2000,3843.0000,3842.4000,3848.2000,3848.4000,3849.4000,3849.8000,3850.0000,1,1,1,1,1,2,1,1,1,2
SF,IF2006,2019-11-18 09:35:57.500,3845.8000,2909,0,77384760.000,0,-,-,-,-,3845.4000,3845.0000,3844.2000,3843.0000,3842.4000,3848.2000,3849.8000,3850.0000,3851.4000,3852.0000,1,1,1,1,1,2,1,2,5,1
SF,IF2006,2019-11-18 09:35:58.000,3845.8000,2909,0,77384760.000,0,-,-,-,-,3845.6000,3845.4000,3845.2000,3844.2000,3843.0000,3848.0000,3849.8000,3850.0000,3851.4000,3852.0000,1,1,1,1,1,1,1,2,5,1
SF,IF2006,2019-11-18 09:35:58.500,3845.8000,2909,0,77384760.000,0,-,-,-,-,3845.6000,3845.4000,3845.2000,3844.2000,3843.0000,3847.8000,3848.0000,3849.8000,3850.0000,3851.4000,1,1,1,1,1,1,1,1,1,5
SF,IF2006,2019-11-18 09:36:00.000,3845.8000,2909,0,77384760.000,0,-,-,-,-,3845.6000,3845.4000,3845.2000,3844.4000,3844.2000,3847.8000,3848.0000,3849.8000,3850.0000,3851.4000,1,1,1,1,1,1,1,1,1,5
SF,IF2006,2019-11-18 09:36:00.500,3845.8000,2909,0,77384760.000,0,-,-,-,-,3845.6000,3845.4000,3844.4000,3844.2000,3843.0000,3847.8000,3849.8000,3850.0000,3851.4000,3852.0000,1,1,1,1,1,1,1,1,5,1
SF,IF2006,2019-11-18 09:36:01.000,3845.8000,2909,0,77384760.000,0,-,-,-,-,3845.6000,3845.4000,3844.4000,3844.2000,3843.0000,3847.8000,3849.8000,3850.0000,3851.4000,3852.0000,1,1,1,1,1,1,1,1,5,1
SF,IF2006,2019-11-18 09:36:01.500,3845.8000,2909,0,77384760.000,0,-,-,-,-,3845.6000,3845.4000,3844.4000,3844.2000,3843.0000,3847.6000,3847.8000,3849.8000,3850.0000,3851.4000,1,1,1,1,1,1,1,1,1,5
SF,IF2006,2019-11-18 09:36:02.000,3845.8000,2909,0,77384760.000,0,-,-,-,-,3845.6000,3845.4000,3844.4000,3844.2000,3843.0000,3847.4000,3847.6000,3849.8000,3850.0000,3851.4000,1,1,1,1,1,1,1,1,1,5
SF,IF2006,2019-11-18 09:36:03.000,3845.8000,2909,0,77384760.000,0,-,-,-,-,3845.6000,3844.4000,3844.2000,3843.0000,3842.4000,3847.4000,3847.6000,3849.8000,3850.0000,3851.4000,1,1,1,1,1,1,1,1,1,5
SF,IF2006,2019-11-18 09:36:03.500,3845.8000,2909,0,77384760.000,0,-,-,-,-,3844.4000,3844.2000,3843.0000,3842.4000,3840.2000,3847.4000,3847.6000,3849.8000,3850.0000,3851.4000,1,1,1,1,2,1,1,1,1,5
SF,IF2006,2019-11-18 09:36:04.000,3845.8000,2909,0,77384760.000,0,-,-,-,-,3845.4000,3844.6000,3844.4000,3844.2000,3843.0000,3847.4000,3847.6000,3849.8000,3850.0000,3851.4000,1,3,1,1,1,1,1,1,1,5
SF,IF2006,2019-11-18 09:36:04.500,3845.8000,2909,0,77384760.000,0,-,-,-,-,3844.4000,3844.2000,3843.0000,3842.4000,3840.2000,3847.4000,3847.6000,3849.8000,3850.0000,3851.4000,1,1,1,1,2,1,1,1,1,5
SF,IF2006,2019-11-18 09:36:05.000,3845.8000,2909,0,77384760.000,0,-,-,-,-,3845.4000,3844.6000,3844.4000,3844.2000,3843.0000,3847.4000,3847.6000,3849.8000,3850.0000,3851.4000,1,3,1,1,1,1,1,1,1,5
SF,IF2006,2019-11-18 09:36:05.500,3845.8000,2909,0,77384760.000,0,-,-,-,-,3844.4000,3844.2000,3843.0000,3842.4000,3840.2000,3847.4000,3847.6000,3849.8000,3850.0000,3851.4000,1,1,1,1,2,1,1,1,1,5
SF,IF2006,2019-11-18 09:36:06.000,3845.8000,2909,0,77384760.000,0,-,-,-,-,3844.6000,3844.4000,3844.2000,3843.0000,3842.4000,3847.4000,3847.6000,3849.8000,3850.0000,3851.4000,1,1,1,1,1,1,1,1,1,5
SF,IF2006,2019-11-18 09:36:06.500,3845.8000,2909,0,77384760.000,0,-,-,-,-,3844.6000,3844.4000,3844.2000,3843.0000,3842.4000,3847.4000,3847.6000,3849.8000,3850.0000,3851.4000,1,1,1,1,1,1,1,1,1,5
SF,IF2006,2019-11-18 09:36:07.000,3845.8000,2909,0,77384760.000,0,-,-,-,-,3844.6000,3844.2000,3843.0000,3842.4000,3840.2000,3847.4000,3847.6000,3849.8000,3850.0000,3851.4000,1,1,1,1,2,1,1,1,1,5
SF,IF2006,2019-11-18 09:36:07.500,3845.8000,2909,0,77384760.000,0,-,-,-,-,3844.6000,3844.2000,3843.6000,3843.0000,3842.4000,3847.2000,3847.4000,3847.6000,3849.8000,3850.0000,1,1,1,1,1,1,1,1,1,1
SF,IF2006,2019-11-18 09:36:08.000,3845.8000,2909,0,77384760.000,0,-,-,-,-,3844.6000,3844.2000,3843.6000,3843.0000,3842.4000,3847.0000,3847.2000,3849.8000,3850.0000,3851.4000,1,1,1,1,1,1,1,1,1,5
SF,IF2006,2019-11-18 09:36:08.500,3845.8000,2909,0,77384760.000,0,-,-,-,-,3844.6000,3844.2000,3843.6000,3843.0000,3842.4000,3846.6000,3847.0000,3849.8000,3850.0000,3851.4000,1,1,1,1,1,1,1,1,1,5
SF,IF2006,2019-11-18 09:36:09.000,3845.8000,2909,0,77384760.000,0,-,-,-,-,3844.6000,3844.2000,3843.6000,3843.0000,3842.4000,3846.6000,3849.8000,3850.0000,3851.4000,3852.0000,1,1,1,1,1,1,1,1,5,1
SF,IF2006,2019-11-18 09:36:09.500,3845.8000,2909,0,77384760.000,0,-,-,-,-,3845.4000,3844.6000,3844.2000,3843.6000,3843.0000,3846.6000,3849.8000,3850.0000,3851.4000,3852.0000,1,1,1,1,1,1,1,1,5,1
SF,IF2006,2019-11-18 09:36:10.000,3845.8000,2909,0,77384760.000,0,-,-,-,-,3844.2000,3843.6000,3843.0000,3842.4000,3842.0000,3849.8000,3850.0000,3851.4000,3852.0000,3857.4000,1,1,1,1,1,1,1,5,1,1
SF,IF2006,2019-11-18 09:36:10.500,3845.8000,2909,0,77384760.000,0,-,-,-,-,3845.4000,3844.4000,3844.2000,3843.6000,3843.0000,3848.0000,3848.2000,3849.4000,3849.8000,3850.0000,1,4,1,1,1,1,1,1,1,2
SF,IF2006,2019-11-18 09:36:11.000,3845.8000,2909,0,77384760.000,0,-,-,-,-,3844.4000,3844.2000,3843.6000,3843.0000,3842.4000,3847.8000,3848.0000,3849.4000,3849.8000,3850.0000,2,1,1,1,1,1,1,1,1,2
SF,IF2006,2019-11-18 09:36:11.500,3845.8000,2909,0,77384760.000,0,-,-,-,-,3845.4000,3844.6000,3844.4000,3844.2000,3843.6000,3847.8000,3848.0000,3849.4000,3849.8000,3850.0000,1,2,2,1,1,1,1,1,1,2
SF,IF2006,2019-11-18 09:36:12.000,3845.8000,2909,0,77384760.000,0,-,-,-,-,3845.4000,3844.4000,3844.2000,3843.6000,3843.0000,3847.8000,3848.0000,3849.4000,3849.8000,3850.0000,1,2,1,1,1,1,1,1,1,2
SF,IF2006,2019-11-18 09:36:13.000,3845.8000,2909,0,77384760.000,0,-,-,-,-,3844.2000,3843.6000,3843.0000,3842.4000,3842.0000,3847.8000,3848.0000,3849.4000,3849.8000,3850.0000,1,1,1,1,1,1,1,1,1,2
SF,IF2006,2019-11-18 09:36:13.500,3845.8000,2909,0,77384760.000,0,-,-,-,-,3844.4000,3844.2000,3843.6000,3843.0000,3842.4000,3847.8000,3848.0000,3849.8000,3850.0000,3851.4000,2,1,1,1,1,1,1,1,1,5
SF,IF2006,2019-11-18 09:36:14.000,3845.8000,2909,0,77384760.000,0,-,-,-,-,3845.4000,3844.4000,3844.2000,3843.6000,3843.0000,3847.8000,3848.0000,3849.8000,3850.0000,3851.4000,1,4,1,1,1,1,1,1,1,5
SF,IF2006,2019-11-18 09:36:14.500,3845.8000,2909,0,77384760.000,0,-,-,-,-,3845.4000,3844.4000,3844.2000,3843.6000,3843.0000,3847.8000,3848.0000,3849.8000,3850.0000,3851.4000,1,2,1,1,1,1,1,1,1,5
SF,IF2006,2019-11-18 09:36:15.000,3845.8000,2909,0,77384760.000,0,-,-,-,-,3845.6000,3845.4000,3844.4000,3844.2000,3843.6000,3847.8000,3848.0000,3849.8000,3850.0000,3851.4000,1,1,2,1,1,1,1,1,1,5
SF,IF2006,2019-11-18 09:36:18.500,3845.8000,2909,0,77384760.000,0,-,-,-,-,3845.6000,3845.4000,3844.4000,3844.2000,3843.6000,3847.8000,3848.0000,3849.8000,3850.0000,3851.4000,1,2,2,1,1,1,1,1,1,5
SF,IF2006,2019-11-18 09:36:19.000,3845.8000,2909,0,77384760.000,0,-,-,-,-,3845.6000,3845.4000,3844.4000,3844.2000,3843.6000,3847.6000,3848.0000,3849.8000,3850.0000,3851.4000,1,2,2,1,1,1,1,1,1,5
SF,IF2006,2019-11-18 09:36:20.000,3845.8000,2909,0,77384760.000,0,-,-,-,-,3845.6000,3845.4000,3844.4000,3844.2000,3843.6000,3847.6000,3848.0000,3849.8000,3850.0000,3851.4000,1,1,2,1,1,1,1,1,1,5
SF,IF2006,2019-11-18 09:36:20.500,3845.8000,2909,0,77384760.000,0,-,-,-,-,3845.6000,3844.4000,3844.2000,3843.6000,3843.0000,3847.6000,3848.0000,3849.8000,3850.0000,3851.4000,1,2,1,1,1,1,1,1,1,5
SF,IF2006,2019-11-18 09:36:21.000,3845.8000,2909,0,77384760.000,0,-,-,-,-,3844.2000,3843.6000,3843.0000,3842.4000,3842.0000,3847.6000,3848.0000,3849.8000,3850.0000,3851.4000,1,1,1,1,1,1,1,1,1,5
SF,IF2006,2019-11-18 09:36:21.500,3845.8000,2909,0,77384760.000,0,-,-,-,-,3844.4000,3844.2000,3843.6000,3843.0000,3842.4000,3847.6000,3848.0000,3849.8000,3850.0000,3851.4000,2,1,1,1,1,1,1,1,1,5
SF,IF2006,2019-11-18 09:36:22.000,3845.8000,2909,0,77384760.000,0,-,-,-,-,3844.4000,3844.2000,3843.6000,3843.0000,3842.4000,3847.6000,3848.0000,3849.8000,3850.0000,3851.4000,2,1,1,1,1,1,1,1,1,5
SF,IF2006,2019-11-18 09:36:22.500,3845.8000,2909,0,77384760.000,0,-,-,-,-,3845.4000,3844.6000,3844.4000,3844.2000,3843.6000,3847.6000,3848.0000,3849.8000,3850.0000,3851.4000,1,1,2,1,1,1,1,1,1,5
SF,IF2006,2019-11-18 09:36:23.000,3845.8000,2909,0,77384760.000,0,-,-,-,-,3845.4000,3844.6000,3844.2000,3843.0000,3842.4000,3847.6000,3848.0000,3849.8000,3850.0000,3851.4000,2,1,1,1,1,1,1,1,1,5
SF,IF2006,2019-11-18 09:36:23.500,3845.8000,2909,0,77384760.000,0,-,-,-,-,3845.6000,3845.4000,3844.6000,3844.2000,3843.0000,3847.6000,3848.0000,3849.8000,3850.0000,3851.4000,1,2,1,1,1,1,1,1,1,5
SF,IF2006,2019-11-18 09:36:24.000,3845.8000,2909,0,77384760.000,0,-,-,-,-,3845.6000,3845.4000,3844.6000,3844.2000,3843.0000,3848.0000,3849.8000,3850.0000,3851.4000,3852.0000,1,2,1,1,1,1,1,1,5,1
SF,IF2006,2019-11-18 09:36:24.500,3845.8000,2909,0,77384760.000,0,-,-,-,-,3845.6000,3845.4000,3844.6000,3844.2000,3843.0000,3848.0000,3849.8000,3850.0000,3852.0000,3855.6000,1,3,1,1,1,1,1,1,1,5
SF,IF2006,2019-11-18 09:36:25.000,3845.8000,2909,0,77384760.000,0,-,-,-,-,3845.6000,3845.4000,3844.6000,3844.2000,3843.0000,3848.0000,3849.8000,3850.0000,3852.0000,3855.6000,1,3,1,1,1,1,1,1,1,5
SF,IF2006,2019-11-18 09:36:25.500,3845.8000,2909,0,77384760.000,0,-,-,-,-,3845.6000,3845.4000,3844.6000,3844.2000,3843.0000,3850.0000,3852.0000,3855.6000,3857.4000,3864.8000,1,3,1,1,1,1,1,5,1,1
SF,IF2006,2019-11-18 09:36:26.000,3845.8000,2909,0,77384760.000,0,-,-,-,-,3845.6000,3845.4000,3844.6000,3844.2000,3843.0000,3848.8000,3849.6000,3850.0000,3852.0000,3855.6000,1,3,1,1,1,1,2,1,1,5
SF,IF2006,2019-11-18 09:36:26.500,3845.8000,2909,0,77384760.000,0,-,-,-,-,3845.8000,3845.6000,3845.4000,3844.6000,3844.2000,3848.8000,3850.0000,3852.0000,3855.6000,3857.4000,1,2,3,1,1,1,1,1,5,1
SF,IF2006,2019-11-18 09:36:27.000,3845.8000,2909,0,77384760.000,0,-,-,-,-,3846.0000,3845.8000,3845.6000,3845.4000,3844.6000,3848.6000,3848.8000,3850.0000,3852.0000,3855.6000,1,1,1,3,1,1,1,1,1,5
SF,IF2006,2019-11-18 09:36:28.500,3845.8000,2909,0,77384760.000,0,-,-,-,-,3846.0000,3845.4000,3844.6000,3844.2000,3843.0000,3848.6000,3848.8000,3850.0000,3852.0000,3855.6000,1,3,1,1,2,1,1,1,1,5
SF,IF2006,2019-11-18 09:36:29.000,3845.8000,2909,0,77384760.000,0,-,-,-,-,3846.2000,3846.0000,3845.4000,3845.2000,3844.6000,3848.6000,3848.8000,3850.0000,3852.0000,3855.6000,3,1,3,1,1,1,1,1,1,5
SF,IF2006,2019-11-18 09:36:29.500,3845.8000,2909,0,77384760.000,0,-,-,-,-,3846.4000,3845.4000,3845.2000,3844.6000,3844.2000,3848.6000,3848.8000,3850.0000,3852.0000,3855.6000,1,3,1,1,1,1,1,1,1,5
SF,IF2006,2019-11-18 09:36:31.000,3845.8000,2909,0,77384760.000,0,-,-,-,-,3846.4000,3845.4000,3845.2000,3844.6000,3844.2000,3848.6000,3848.8000,3850.0000,3852.0000,3855.6000,1,3,1,1,1,1,1,1,1,5
SF,IF2006,2019-11-18 09:36:31.500,3845.8000,2909,0,77384760.000,0,-,-,-,-,3846.6000,3846.4000,3845.4000,3845.2000,3844.6000,3850.0000,3852.0000,3855.6000,3857.4000,3864.8000,3,1,3,1,1,1,1,5,1,1
SF,IF2006,2019-11-18 09:36:32.000,3845.8000,2909,0,77384760.000,0,-,-,-,-,3846.8000,3845.4000,3845.2000,3844.6000,3844.2000,3849.6000,3849.8000,3850.0000,3852.0000,3855.6000,1,3,1,1,1,1,1,1,1,5
SF,IF2006,2019-11-18 09:36:32.500,3845.8000,2909,0,77384760.000,0,-,-,-,-,3846.8000,3845.4000,3845.2000,3844.6000,3844.2000,3849.4000,3849.6000,3850.0000,3852.0000,3855.6000,1,3,1,1,1,1,1,1,1,5
SF,IF2006,2019-11-18 09:36:38.000,3845.8000,2909,0,77384760.000,0,-,-,-,-,3846.8000,3845.4000,3845.2000,3844.6000,3844.2000,3849.4000,3849.6000,3850.0000,3852.0000,3855.6000,1,3,1,1,1,1,1,1,1,5
SF,IF2006,2019-11-18 09:36:38.500,3845.8000,2909,0,77384760.000,0,-,-,-,-,3845.4000,3845.2000,3844.6000,3844.2000,3843.0000,3849.4000,3849.6000,3850.0000,3852.0000,3855.6000,3,1,1,1,2,1,1,1,1,5
SF,IF2006,2019-11-18 09:36:39.000,3845.8000,2909,0,77384760.000,0,-,-,-,-,3845.6000,3845.4000,3845.2000,3844.6000,3844.2000,3849.4000,3849.6000,3850.0000,3852.0000,3855.6000,2,2,1,1,1,1,1,1,1,5
SF,IF2006,2019-11-18 09:36:39.500,3845.8000,2909,0,77384760.000,0,-,-,-,-,3845.6000,3845.4000,3845.2000,3844.6000,3844.2000,3849.4000,3849.6000,3850.0000,3852.0000,3855.6000,3,3,1,1,1,1,1,1,1,5
SF,IF2006,2019-11-18 09:36:41.000,3845.8000,2909,0,77384760.000,0,-,-,-,-,3845.6000,3845.4000,3845.2000,3844.6000,3844.2000,3849.2000,3849.4000,3849.6000,3850.0000,3852.0000,4,3,1,1,1,1,1,1,1,1
SF,IF2006,2019-11-18 09:36:41.500,3845.8000,2909,0,77384760.000,0,-,-,-,-,3845.6000,3845.4000,3845.2000,3844.6000,3844.2000,3849.2000,3850.0000,3852.0000,3855.6000,3857.4000,5,3,1,1,1,1,1,1,5,1
SF,IF2006,2019-11-18 09:36:42.000,3845.8000,2909,0,77384760.000,0,-,-,-,-,3845.6000,3845.4000,3845.2000,3844.6000,3844.2000,3848.8000,3849.2000,3850.0000,3852.0000,3855.6000,5,3,1,1,1,1,1,1,1,5
SF,IF2006,2019-11-18 09:36:42.500,3845.8000,2909,0,77384760.000,0,-,-,-,-,3845.6000,3845.4000,3845.2000,3844.6000,3844.2000,3850.0000,3852.0000,3855.6000,3857.4000,3864.8000,5,3,1,1,1,1,1,5,1,1
SF,IF2006,2019-11-18 09:36:43.000,3845.8000,2909,0,77384760.000,0,-,-,-,-,3845.6000,3845.4000,3845.2000,3844.6000,3844.2000,3849.4000,3849.8000,3850.0000,3852.0000,3855.6000,5,3,1,1,1,1,1,1,1,5
SF,IF2006,2019-11-18 09:36:43.500,3845.8000,2909,0,77384760.000,0,-,-,-,-,3845.6000,3845.4000,3845.2000,3844.6000,3844.2000,3849.4000,3850.0000,3852.0000,3855.6000,3857.4000,5,3,1,1,1,1,1,1,5,1
SF,IF2006,2019-11-18 09:36:44.000,3845.8000,2909,0,77384760.000,0,-,-,-,-,3845.6000,3845.4000,3845.2000,3844.6000,3844.2000,3849.4000,3850.0000,3852.0000,3855.6000,3857.4000,5,3,1,1,1,1,1,1,5,1
SF,IF2006,2019-11-18 09:36:44.500,3845.8000,2909,0,77384760.000,0,-,-,-,-,3845.6000,3845.4000,3845.2000,3844.6000,3844.2000,3849.4000,3850.0000,3852.0000,3855.6000,3857.4000,5,3,1,1,1,1,1,1,5,1
SF,IF2006,2019-11-18 09:36:45.000,3845.8000,2909,0,77384760.000,0,-,-,-,-,3845.8000,3845.6000,3845.4000,3845.2000,3844.6000,3849.4000,3850.0000,3852.0000,3855.6000,3857.4000,1,5,3,1,1,1,1,1,5,1
SF,IF2006,2019-11-18 09:36:45.500,3845.8000,2909,0,77384760.000,0,-,-,-,-,3846.0000,3845.8000,3845.6000,3845.4000,3845.2000,3849.4000,3850.0000,3852.0000,3855.6000,3857.4000,3,1,3,3,1,1,1,1,5,1
SF,IF2006,2019-11-18 09:36:46.000,3849.2000,2909,0,78539520.000,1,0,1,多换,S,3846.2000,3846.0000,3845.8000,3845.6000,3845.4000,3849.4000,3850.0000,3850.4000,3852.0000,3855.6000,2,3,1,3,3,1,1,1,1,5
SF,IF2006,2019-11-18 09:36:46.500,3849.2000,2909,0,78539520.000,0,-,-,-,-,3846.4000,3846.2000,3846.0000,3845.8000,3845.6000,3849.4000,3850.0000,3852.0000,3855.6000,3857.4000,1,2,3,1,3,1,1,1,5,1
SF,IF2006,2019-11-18 09:36:47.000,3849.2000,2909,0,78539520.000,0,-,-,-,-,3846.4000,3846.0000,3845.8000,3845.6000,3845.4000,3849.4000,3850.0000,3852.0000,3855.6000,3857.4000,1,3,1,3,3,1,1,1,5,1
SF,IF2006,2019-11-18 09:36:47.500,3849.2000,2909,0,78539520.000,0,-,-,-,-,3846.8000,3846.4000,3846.0000,3845.8000,3845.6000,3849.4000,3850.0000,3852.0000,3855.6000,3857.4000,2,1,3,1,3,1,1,1,5,1
SF,IF2006,2019-11-18 09:36:48.000,3849.4000,2909,0,79694340.000,1,0,1,多换,S,3846.8000,3846.4000,3846.0000,3845.8000,3845.6000,3850.0000,3852.0000,3855.6000,3857.4000,3864.8000,2,1,3,1,3,1,1,5,1,1
SF,IF2006,2019-11-18 09:36:48.500,3849.4000,2909,0,79694340.000,0,-,-,-,-,3847.2000,3846.8000,3846.4000,3846.0000,3845.6000,3849.4000,3849.8000,3850.0000,3852.0000,3855.6000,1,2,1,3,3,1,1,1,1,5
SF,IF2006,2019-11-18 09:36:49.000,3849.4000,2909,0,79694340.000,0,-,-,-,-,3847.2000,3846.4000,3846.0000,3845.6000,3845.4000,3850.0000,3852.0000,3855.6000,3857.4000,3864.8000,1,1,3,3,3,1,1,5,1,1
SF,IF2006,2019-11-18 09:36:49.500,3849.4000,2909,0,79694340.000,0,-,-,-,-,3847.4000,3847.2000,3846.4000,3846.0000,3845.6000,3849.6000,3850.0000,3852.0000,3855.6000,3857.4000,2,1,1,3,3,1,1,1,5,1
SF,IF2006,2019-11-18 09:36:50.000,3849.4000,2909,0,79694340.000,0,-,-,-,-,3847.4000,3847.2000,3846.4000,3846.0000,3845.6000,3850.0000,3852.0000,3855.6000,3857.4000,3864.8000,2,1,1,3,3,1,1,5,1,1
SF,IF2006,2019-11-18 09:36:50.500,3849.4000,2909,0,79694340.000,0,-,-,-,-,3847.4000,3847.2000,3846.4000,3846.0000,3845.6000,3849.6000,3849.8000,3850.0000,3852.0000,3855.6000,2,1,1,3,3,1,1,1,1,5
SF,IF2006,2019-11-18 09:36:51.000,3849.4000,2909,0,79694340.000,0,-,-,-,-,3847.4000,3847.2000,3846.4000,3846.0000,3845.6000,3850.0000,3852.0000,3855.6000,3857.4000,3864.8000,2,1,1,3,3,1,1,5,1,1
SF,IF2006,2019-11-18 09:36:51.500,3849.4000,2909,0,79694340.000,0,-,-,-,-,3847.4000,3847.2000,3846.4000,3846.0000,3845.6000,3849.6000,3850.0000,3852.0000,3855.6000,3857.4000,2,1,1,3,3,1,1,1,5,1
SF,IF2006,2019-11-18 09:36:52.000,3849.4000,2909,0,79694340.000,0,-,-,-,-,3847.4000,3847.2000,3846.4000,3846.0000,3845.6000,3850.0000,3852.0000,3855.6000,3857.4000,3864.8000,2,1,1,3,3,1,1,5,1,1
SF,IF2006,2019-11-18 09:36:52.500,3849.4000,2909,0,79694340.000,0,-,-,-,-,3847.4000,3847.2000,3846.4000,3846.0000,3845.6000,3849.6000,3849.8000,3850.0000,3852.0000,3855.6000,2,1,1,3,3,1,1,1,1,5
SF,IF2006,2019-11-18 09:36:53.000,3849.4000,2909,0,79694340.000,0,-,-,-,-,3847.4000,3847.2000,3846.4000,3846.0000,3845.6000,3850.0000,3852.0000,3855.6000,3857.4000,3864.8000,2,1,1,3,3,1,1,5,1,1
SF,IF2006,2019-11-18 09:36:53.500,3849.4000,2909,0,79694340.000,0,-,-,-,-,3847.4000,3846.0000,3845.6000,3845.4000,3845.2000,3849.8000,3850.0000,3852.0000,3855.6000,3857.4000,2,3,3,3,1,2,1,1,5,1
SF,IF2006,2019-11-18 09:37:00.000,3849.4000,2909,0,79694340.000,0,-,-,-,-,3847.4000,3846.0000,3845.6000,3845.4000,3845.2000,3849.8000,3850.0000,3852.0000,3852.8000,3855.6000,2,3,3,3,1,2,1,1,1,5
SF,IF2006,2019-11-18 09:37:02.000,3849.4000,2909,0,79694340.000,0,-,-,-,-,3847.4000,3846.0000,3845.6000,3845.4000,3845.2000,3849.6000,3849.8000,3850.0000,3852.0000,3852.8000,2,3,3,3,1,1,2,1,1,1
SF,IF2006,2019-11-18 09:37:02.500,3849.4000,2909,0,79694340.000,0,-,-,-,-,3846.0000,3845.6000,3845.4000,3845.2000,3844.6000,3849.6000,3849.8000,3850.0000,3852.0000,3852.8000,3,2,3,1,1,1,1,1,1,1
