市场代码,合约代码,时间,最新,持仓,增仓,成交额,成交量,开仓,平仓,成交类型,方向,买一价,买二价,买三价,买四价,买五价,卖一价,卖二价,卖三价,卖四价,卖五价,买一量,买二量,买三量,买四量,买五量,卖一量,卖二量,卖三量,卖四量,卖五量
SF,IF2005,2020-03-26 09:29:00.200,3649.8000,1114,0,5474700.000,5.000,-,-,-,-,3645.0000,3641.2000,3636.0000,3628.4000,3626.4000,3650.0000,3657.4000,3660.0000,3665.0000,3665.8000,1,2,1,1,1,1,1,1,1,1
SF,IF2005,2020-03-26 09:30:00.200,3645.0000,1113,-1,8755200.000,3,1,2,多平,S,3641.2000,3636.0000,3628.4000,3623.6000,3622.6000,3649.8000,3650.0000,3657.4000,3660.0000,3660.2000,2,1,1,1,1,1,1,1,1,2
SF,IF2005,2020-03-26 09:30:00.700,3645.0000,1113,0,8755200.000,0,-,-,-,-,3641.6000,3641.4000,3641.2000,3636.0000,3628.4000,3649.6000,3649.8000,3650.0000,3660.0000,3660.2000,1,4,2,1,1,5,1,1,1,2
SF,IF2005,2020-03-26 09:30:01.200,3643.2000,1113,0,9848160.000,1,0,1,多换,S,3642.6000,3641.8000,3641.6000,3641.4000,3641.2000,3649.4000,3649.6000,3649.8000,3650.0000,3660.0000,1,3,3,3,2,1,4,1,1,1
SF,IF2005,2020-03-26 09:30:01.700,3643.2000,1113,0,9848160.000,0,-,-,-,-,3642.8000,3641.6000,3641.4000,3641.2000,3636.0000,3648.8000,3649.2000,3649.4000,3649.6000,3649.8000,4,1,2,2,1,2,5,1,3,1
SF,IF2005,2020-03-26 09:30:02.200,3643.2000,1113,0,9848160.000,0,-,-,-,-,3642.8000,3642.6000,3641.6000,3641.4000,3641.2000,3648.0000,3648.6000,3648.8000,3649.2000,3649.6000,4,1,1,1,2,2,5,2,4,3
SF,IF2005,2020-03-26 09:30:02.700,3643.2000,1113,0,9848160.000,0,-,-,-,-,3643.0000,3642.8000,3642.6000,3641.6000,3641.4000,3647.8000,3648.0000,3648.6000,3648.8000,3649.2000,1,4,1,1,1,3,1,3,2,3
SF,IF2005,2020-03-26 09:30:03.200,3643.2000,1113,0,9848160.000,0,-,-,-,-,3643.2000,3642.8000,3641.2000,3636.0000,3622.2000,3647.2000,3647.8000,3648.0000,3648.6000,3648.8000,2,2,2,1,3,1,7,4,3,2
SF,IF2005,2020-03-26 09:30:03.700,3643.2000,1113,0,9848160.000,0,-,-,-,-,3643.2000,3642.8000,3641.2000,3636.0000,3622.2000,3647.0000,3647.6000,3647.8000,3648.0000,3648.6000,1,2,2,1,3,3,1,3,3,3
SF,IF2005,2020-03-26 09:30:04.200,3643.2000,1112,-1,10941120.000,1,0,1,双平,S,3642.8000,3641.2000,3636.0000,3622.2000,3621.0000,3647.0000,3647.6000,3647.8000,3648.0000,3648.6000,2,2,1,3,1,4,1,3,3,3
SF,IF2005,2020-03-26 09:30:04.700,3643.2000,1112,0,10941120.000,0,-,-,-,-,3642.8000,3641.2000,3636.0000,3622.2000,3621.0000,3646.8000,3647.0000,3647.6000,3647.8000,3648.0000,2,2,1,3,1,1,4,1,3,3
SF,IF2005,2020-03-26 09:30:05.200,3641.2000,1110,-2,14219160.000,3,0,3,多平,S,3641.2000,3636.0000,3622.2000,3621.0000,3616.0000,3643.2000,3644.2000,3644.8000,3645.2000,3645.6000,1,1,3,1,3,1,2,1,2,1
SF,IF2005,2020-03-26 09:30:05.700,3641.2000,1110,0,14219160.000,0,-,-,-,-,3641.2000,3636.0000,3622.2000,3621.0000,3616.0000,3643.0000,3643.2000,3644.2000,3644.8000,3645.2000,1,1,3,1,3,2,1,2,2,2
SF,IF2005,2020-03-26 09:30:06.200,3641.2000,1110,0,15311520.000,1,0,1,多换,S,3636.0000,3622.2000,3621.0000,3616.0000,3613.8000,3643.0000,3643.2000,3644.8000,3645.2000,3645.6000,1,3,1,3,1,1,1,1,2,1
SF,IF2005,2020-03-26 09:30:06.700,3642.8000,1109,-1,16404360.000,1,0,1,双平,S,3639.4000,3638.4000,3637.4000,3637.2000,3637.0000,3643.0000,3643.2000,3644.8000,3645.2000,3645.6000,1,1,1,1,1,1,1,1,2,1
SF,IF2005,2020-03-26 09:30:07.200,3643.0000,1108,-1,17497260.000,1,0,1,双平,S,3643.0000,3639.6000,3638.4000,3637.4000,3637.2000,3643.2000,3644.8000,3645.2000,3645.6000,3646.6000,1,4,1,1,1,1,1,2,1,1
SF,IF2005,2020-03-26 09:30:07.700,3643.2000,1106,-2,20776020.000,3,0,3,多平,S,3639.6000,3638.4000,3637.4000,3637.2000,3636.6000,3644.8000,3645.2000,3645.6000,3646.6000,3647.0000,1,1,1,1,2,1,2,1,1,1
SF,IF2005,2020-03-26 09:30:08.200,3643.2000,1106,0,20776020.000,0,-,-,-,-,3639.8000,3639.6000,3638.4000,3637.4000,3637.2000,3643.0000,3644.2000,3644.6000,3644.8000,3645.2000,1,1,1,1,1,1,2,3,3,2
SF,IF2005,2020-03-26 09:30:08.700,3643.2000,1106,0,20776020.000,0,-,-,-,-,3640.2000,3640.0000,3639.8000,3638.4000,3637.4000,3642.8000,3644.2000,3644.6000,3644.8000,3645.2000,1,1,1,1,1,1,2,2,2,2
SF,IF2005,2020-03-26 09:30:09.200,3643.2000,1106,0,20776020.000,0,-,-,-,-,3640.4000,3640.2000,3640.0000,3638.4000,3637.4000,3642.8000,3644.2000,3644.6000,3644.8000,3645.2000,1,1,1,1,1,1,2,2,2,2
SF,IF2005,2020-03-26 09:30:09.700,3643.2000,1106,0,20776020.000,0,-,-,-,-,3640.6000,3640.4000,3640.2000,3638.4000,3637.4000,3642.8000,3644.2000,3644.6000,3644.8000,3645.2000,1,2,1,1,1,1,2,2,1,2
SF,IF2005,2020-03-26 09:30:10.200,3640.6000,1105,-1,21868200.000,1,0,1,双平,S,3640.4000,3640.2000,3637.4000,3637.2000,3636.6000,3642.8000,3644.2000,3644.6000,3644.8000,3645.2000,1,1,1,1,2,1,2,2,1,2
SF,IF2005,2020-03-26 09:30:10.700,3640.4000,1104,-1,22960320.000,1,0,1,双平,S,3640.8000,3637.4000,3637.2000,3636.6000,3636.2000,3642.6000,3642.8000,3644.2000,3644.6000,3644.8000,1,1,1,2,1,2,1,2,2,1
SF,IF2005,2020-03-26 09:30:11.200,3640.4000,1103,-1,24052440.000,1,0,1,双平,S,3636.6000,3636.2000,3636.0000,3622.2000,3621.0000,3642.4000,3642.6000,3644.2000,3644.6000,3644.8000,2,1,1,3,1,1,2,2,2,1
SF,IF2005,2020-03-26 09:30:11.700,3640.4000,1103,0,24052440.000,0,-,-,-,-,3637.4000,3637.2000,3636.8000,3636.6000,3636.2000,3642.2000,3642.4000,3642.6000,3644.2000,3644.6000,1,2,4,3,1,1,1,1,2,1
SF,IF2005,2020-03-26 09:30:12.200,3640.4000,1103,0,24052440.000,0,-,-,-,-,3638.4000,3637.6000,3637.4000,3637.2000,3636.8000,3642.0000,3644.2000,3644.6000,3644.8000,3645.2000,1,3,1,2,2,1,2,1,1,2
SF,IF2005,2020-03-26 09:30:12.700,3642.0000,1102,-1,25145040.000,1,0,1,双平,S,3639.2000,3638.6000,3637.6000,3637.4000,3637.2000,3644.2000,3644.6000,3644.8000,3645.2000,3645.6000,1,3,1,1,2,2,1,1,2,1
SF,IF2005,2020-03-26 09:30:13.200,3642.0000,1102,0,25145040.000,0,-,-,-,-,3639.4000,3639.2000,3638.6000,3638.4000,3637.6000,3644.0000,3644.2000,3644.6000,3644.8000,3645.2000,3,1,2,1,1,3,2,1,1,2
SF,IF2005,2020-03-26 09:30:13.700,3642.0000,1102,0,25145040.000,0,-,-,-,-,3639.4000,3639.2000,3638.6000,3638.4000,3637.6000,3644.0000,3645.2000,3645.6000,3649.0000,3650.0000,3,1,2,1,1,2,1,1,5,7
SF,IF2005,2020-03-26 09:30:14.200,3642.0000,1102,0,25145040.000,0,-,-,-,-,3641.6000,3640.4000,3640.0000,3639.6000,3639.4000,3649.0000,3650.0000,3653.8000,3655.0000,3659.0000,1,2,3,1,3,3,1,2,6,2
SF,IF2005,2020-03-26 09:30:14.700,3642.0000,1102,0,25145040.000,0,-,-,-,-,3641.8000,3640.4000,3640.0000,3639.6000,3639.4000,3647.8000,3648.0000,3648.4000,3648.8000,3649.0000,3,2,3,1,1,1,4,1,5,1
SF,IF2005,2020-03-26 09:30:15.200,3642.0000,1102,0,25145040.000,0,-,-,-,-,3641.8000,3641.6000,3640.4000,3640.0000,3639.4000,3647.6000,3647.8000,3648.0000,3648.4000,3648.8000,3,1,2,3,1,4,1,3,1,2
SF,IF2005,2020-03-26 09:30:15.700,3642.0000,1102,0,25145040.000,0,-,-,-,-,3642.8000,3642.6000,3642.0000,3641.8000,3641.6000,3647.6000,3648.0000,3648.4000,3648.8000,3650.0000,2,1,1,3,2,3,3,1,2,1
SF,IF2005,2020-03-26 09:30:16.200,3642.0000,1102,0,25145040.000,0,-,-,-,-,3643.0000,3642.8000,3642.6000,3642.0000,3641.8000,3647.4000,3647.6000,3648.0000,3648.4000,3648.8000,3,2,1,3,1,2,3,3,1,2
SF,IF2005,2020-03-26 09:30:16.700,3642.0000,1102,0,25145040.000,0,-,-,-,-,3643.0000,3642.8000,3642.0000,3641.8000,3641.6000,3647.2000,3647.4000,3648.0000,3648.4000,3648.8000,3,1,3,1,1,2,2,2,1,2
SF,IF2005,2020-03-26 09:30:17.200,3642.0000,1102,0,25145040.000,0,-,-,-,-,3643.0000,3642.0000,3641.8000,3641.6000,3640.4000,3647.2000,3647.4000,3648.0000,3648.4000,3648.8000,3,2,1,1,2,4,2,2,1,2
SF,IF2005,2020-03-26 09:30:17.700,3642.0000,1102,0,25145040.000,0,-,-,-,-,3644.0000,3643.0000,3642.0000,3641.8000,3641.6000,3647.2000,3647.4000,3648.0000,3648.4000,3648.8000,1,3,2,1,1,1,2,2,1,2
SF,IF2005,2020-03-26 09:30:18.200,3642.0000,1102,0,25145040.000,0,-,-,-,-,3644.2000,3644.0000,3643.0000,3642.0000,3641.6000,3650.0000,3653.8000,3655.0000,3659.0000,3670.0000,2,1,1,2,1,1,2,6,2,3
SF,IF2005,2020-03-26 09:30:18.700,3642.0000,1102,0,25145040.000,0,-,-,-,-,3644.2000,3644.0000,3643.0000,3642.0000,3641.6000,3649.8000,3650.0000,3653.8000,3655.0000,3659.0000,2,1,1,1,1,6,2,2,6,2
SF,IF2005,2020-03-26 09:30:19.200,3642.0000,1102,0,25145040.000,0,-,-,-,-,3644.8000,3644.2000,3643.0000,3642.0000,3641.6000,3648.4000,3649.8000,3650.0000,3653.8000,3655.0000,1,2,1,1,1,1,8,1,2,6
SF,IF2005,2020-03-26 09:30:19.700,3642.0000,1102,0,25145040.000,0,-,-,-,-,3645.0000,3644.8000,3644.2000,3643.0000,3642.0000,3648.2000,3649.8000,3650.0000,3653.8000,3655.0000,1,1,1,1,1,2,5,1,2,6
SF,IF2005,2020-03-26 09:30:20.200,3642.0000,1102,0,25145040.000,0,-,-,-,-,3645.4000,3645.0000,3644.2000,3642.0000,3641.6000,3648.2000,3648.4000,3649.8000,3650.0000,3653.8000,1,1,1,1,1,2,1,5,1,2
SF,IF2005,2020-03-26 09:30:20.700,3642.0000,1102,0,25145040.000,0,-,-,-,-,3645.0000,3644.2000,3642.0000,3641.6000,3640.4000,3648.2000,3648.4000,3649.8000,3650.0000,3653.8000,1,1,1,1,2,2,1,5,1,2
SF,IF2005,2020-03-26 09:30:21.200,3642.0000,1102,0,25145040.000,0,-,-,-,-,3645.0000,3644.2000,3642.0000,3641.6000,3640.4000,3648.2000,3649.8000,3650.0000,3653.8000,3655.0000,1,1,1,1,2,2,4,1,2,6
SF,IF2005,2020-03-26 09:30:21.700,3642.0000,1102,0,25145040.000,0,-,-,-,-,3645.0000,3644.2000,3642.0000,3641.6000,3640.4000,3648.2000,3649.8000,3650.0000,3653.8000,3655.0000,1,1,1,1,2,2,4,1,2,6
SF,IF2005,2020-03-26 09:30:22.200,3642.0000,1102,0,25145040.000,0,-,-,-,-,3645.2000,3645.0000,3644.2000,3642.0000,3641.6000,3648.0000,3648.2000,3649.8000,3650.0000,3653.8000,1,1,1,1,1,1,1,3,1,2
SF,IF2005,2020-03-26 09:30:22.700,3642.0000,1102,0,25145040.000,0,-,-,-,-,3645.4000,3645.2000,3642.0000,3641.6000,3640.0000,3648.0000,3649.8000,3650.0000,3653.8000,3655.0000,1,2,1,1,1,1,2,1,2,6
SF,IF2005,2020-03-26 09:30:23.200,3648.0000,1102,0,26239440.000,1,0,1,多换,S,3645.6000,3645.4000,3645.2000,3642.0000,3640.0000,3649.8000,3650.0000,3653.8000,3655.0000,3659.0000,1,1,1,1,1,2,1,2,6,2
SF,IF2005,2020-03-26 09:30:23.700,3648.0000,1102,0,26239440.000,0,-,-,-,-,3645.8000,3645.6000,3642.0000,3640.0000,3636.0000,3649.6000,3649.8000,3650.0000,3653.8000,3659.0000,1,2,1,1,1,2,1,1,2,2
SF,IF2005,2020-03-26 09:30:24.200,3648.0000,1102,0,26239440.000,0,-,-,-,-,3646.0000,3645.8000,3645.6000,3642.0000,3640.0000,3649.6000,3649.8000,3650.0000,3653.8000,3659.0000,2,2,1,1,1,2,1,1,2,2
SF,IF2005,2020-03-26 09:30:24.700,3648.0000,1102,0,26239440.000,0,-,-,-,-,3646.2000,3646.0000,3645.6000,3642.0000,3640.0000,3649.6000,3649.8000,3650.0000,3653.8000,3659.0000,1,1,1,1,1,2,1,1,2,2
SF,IF2005,2020-03-26 09:30:25.200,3648.0000,1102,0,26239440.000,0,-,-,-,-,3646.2000,3646.0000,3645.6000,3642.0000,3640.0000,3649.4000,3649.6000,3649.8000,3650.0000,3653.8000,1,1,1,1,1,2,3,2,1,2
SF,IF2005,2020-03-26 09:30:25.700,3648.0000,1102,0,26239440.000,0,-,-,-,-,3645.6000,3642.2000,3642.0000,3640.0000,3636.0000,3649.2000,3649.4000,3649.8000,3650.0000,3653.8000,1,2,1,1,1,2,3,2,1,2
SF,IF2005,2020-03-26 09:30:26.200,3648.0000,1102,0,26239440.000,0,-,-,-,-,3645.6000,3642.2000,3642.0000,3640.0000,3636.0000,3649.0000,3649.2000,3649.4000,3649.8000,3650.0000,1,2,1,1,1,4,3,1,2,1
SF,IF2005,2020-03-26 09:30:26.700,3648.0000,1102,0,26239440.000,0,-,-,-,-,3645.8000,3645.6000,3642.2000,3642.0000,3640.0000,3648.8000,3649.0000,3649.4000,3649.8000,3650.0000,1,1,2,1,1,2,5,1,2,1
SF,IF2005,2020-03-26 09:30:27.200,3648.0000,1102,0,26239440.000,0,-,-,-,-,3645.8000,3645.6000,3642.2000,3642.0000,3640.0000,3648.8000,3649.0000,3649.4000,3649.8000,3650.0000,2,1,2,1,1,2,2,1,2,1
SF,IF2005,2020-03-26 09:30:27.700,3648.0000,1102,0,26239440.000,0,-,-,-,-,3646.0000,3645.8000,3642.2000,3642.0000,3640.0000,3648.8000,3649.0000,3649.4000,3649.8000,3650.0000,1,1,2,1,1,2,2,1,2,1
SF,IF2005,2020-03-26 09:30:28.200,3648.0000,1102,0,26239440.000,0,-,-,-,-,3646.2000,3646.0000,3642.0000,3640.0000,3636.0000,3648.8000,3649.4000,3649.8000,3650.0000,3653.8000,1,1,1,1,1,2,1,2,1,2
SF,IF2005,2020-03-26 09:30:28.700,3648.0000,1102,0,26239440.000,0,-,-,-,-,3646.2000,3646.0000,3642.0000,3640.0000,3636.0000,3648.8000,3649.4000,3649.8000,3650.0000,3653.8000,2,1,1,1,1,2,1,1,1,2
SF,IF2005,2020-03-26 09:30:29.700,3648.0000,1102,0,26239440.000,0,-,-,-,-,3646.2000,3646.0000,3642.0000,3640.0000,3636.0000,3648.8000,3650.0000,3653.8000,3659.0000,3660.0000,1,1,1,1,1,1,1,2,2,6
SF,IF2005,2020-03-26 09:30:30.200,3648.0000,1102,0,26239440.000,0,-,-,-,-,3646.2000,3646.0000,3642.0000,3640.0000,3636.0000,3648.6000,3648.8000,3650.0000,3653.8000,3659.0000,1,1,1,1,1,1,1,1,2,2
SF,IF2005,2020-03-26 09:30:30.700,3648.0000,1102,0,26239440.000,0,-,-,-,-,3642.0000,3640.0000,3636.0000,3622.2000,3621.0000,3648.4000,3648.6000,3650.0000,3653.8000,3659.0000,1,1,1,3,1,1,2,1,2,2
SF,IF2005,2020-03-26 09:30:31.200,3648.0000,1102,0,26239440.000,0,-,-,-,-,3642.8000,3642.6000,3642.2000,3642.0000,3640.0000,3648.2000,3648.4000,3648.6000,3650.0000,3653.8000,1,1,4,2,1,2,3,1,1,2
SF,IF2005,2020-03-26 09:30:31.700,3648.0000,1102,0,26239440.000,0,-,-,-,-,3643.0000,3642.8000,3642.6000,3642.2000,3642.0000,3648.0000,3648.2000,3648.4000,3648.6000,3650.0000,3,1,1,1,2,5,3,1,1,1
SF,IF2005,2020-03-26 09:30:32.200,3648.0000,1102,0,26239440.000,0,-,-,-,-,3643.0000,3642.8000,3642.6000,3642.2000,3642.0000,3647.8000,3648.0000,3648.2000,3648.4000,3648.6000,3,1,1,1,1,3,6,1,1,1
SF,IF2005,2020-03-26 09:30:32.700,3648.0000,1102,0,26239440.000,0,-,-,-,-,3643.0000,3642.8000,3642.6000,3642.2000,3642.0000,3647.6000,3647.8000,3648.0000,3648.2000,3648.4000,3,1,1,1,1,1,3,4,1,1
SF,IF2005,2020-03-26 09:30:33.200,3648.0000,1102,0,26239440.000,0,-,-,-,-,3643.0000,3642.2000,3640.0000,3636.0000,3622.2000,3647.4000,3647.6000,3647.8000,3648.0000,3648.2000,1,1,1,1,3,9,2,1,3,1
SF,IF2005,2020-03-26 09:30:33.700,3648.0000,1102,0,26239440.000,0,-,-,-,-,3643.2000,3642.2000,3640.0000,3636.0000,3622.2000,3647.2000,3647.4000,3647.8000,3648.0000,3648.2000,1,1,1,1,3,1,7,1,3,1
SF,IF2005,2020-03-26 09:30:34.200,3648.0000,1102,0,26239440.000,0,-,-,-,-,3643.2000,3642.2000,3640.0000,3636.0000,3622.2000,3647.0000,3647.2000,3647.4000,3647.8000,3648.0000,1,1,1,1,3,4,2,4,1,3
SF,IF2005,2020-03-26 09:30:34.700,3648.0000,1102,0,26239440.000,0,-,-,-,-,3642.2000,3640.0000,3636.0000,3622.2000,3621.0000,3646.8000,3647.0000,3647.4000,3647.8000,3648.0000,1,1,1,3,1,1,5,4,1,3
SF,IF2005,2020-03-26 09:30:35.200,3648.0000,1102,0,26239440.000,0,-,-,-,-,3642.4000,3642.2000,3640.0000,3636.0000,3622.2000,3646.6000,3646.8000,3647.0000,3647.4000,3647.8000,3,1,1,1,3,4,2,2,4,1
SF,IF2005,2020-03-26 09:30:35.700,3648.0000,1102,0,26239440.000,0,-,-,-,-,3642.6000,3642.4000,3642.2000,3640.0000,3636.0000,3646.4000,3646.6000,3647.0000,3647.4000,3647.8000,1,3,1,1,1,1,1,2,4,1
SF,IF2005,2020-03-26 09:30:36.200,3648.0000,1102,0,26239440.000,0,-,-,-,-,3642.8000,3642.6000,3642.4000,3642.2000,3640.0000,3646.4000,3646.6000,3647.0000,3647.4000,3647.8000,3,2,1,1,1,1,1,2,4,1
SF,IF2005,2020-03-26 09:30:36.700,3648.0000,1102,0,26239440.000,0,-,-,-,-,3643.0000,3642.8000,3642.4000,3642.2000,3640.0000,3645.6000,3646.2000,3646.4000,3647.0000,3647.4000,1,1,1,1,1,1,2,4,2,2
SF,IF2005,2020-03-26 09:30:37.200,3648.0000,1102,0,26239440.000,0,-,-,-,-,3643.2000,3643.0000,3642.4000,3642.2000,3640.0000,3645.4000,3646.2000,3646.4000,3647.0000,3647.4000,1,1,1,1,1,2,1,2,2,2
SF,IF2005,2020-03-26 09:30:37.700,3648.0000,1102,0,26239440.000,0,-,-,-,-,3643.0000,3640.0000,3636.0000,3622.2000,3621.0000,3645.4000,3645.6000,3646.2000,3646.4000,3647.0000,1,1,1,3,1,3,2,1,2,2
SF,IF2005,2020-03-26 09:30:38.200,3648.0000,1102,0,26239440.000,0,-,-,-,-,3640.0000,3636.0000,3622.2000,3621.0000,3616.0000,3645.4000,3645.6000,3646.2000,3646.4000,3647.0000,1,1,3,1,3,3,2,1,2,2
SF,IF2005,2020-03-26 09:30:38.700,3648.0000,1102,0,26239440.000,0,-,-,-,-,3640.2000,3636.0000,3622.2000,3621.0000,3616.0000,3645.2000,3645.4000,3645.6000,3646.2000,3646.4000,2,1,3,1,3,3,3,2,1,2
SF,IF2005,2020-03-26 09:30:39.200,3648.0000,1102,0,26239440.000,0,-,-,-,-,3640.2000,3636.0000,3622.2000,3621.0000,3616.0000,3645.0000,3645.2000,3645.6000,3646.2000,3646.4000,2,1,3,1,3,2,5,2,1,2
SF,IF2005,2020-03-26 09:30:39.700,3648.0000,1102,0,26239440.000,0,-,-,-,-,3640.4000,3640.2000,3636.0000,3622.2000,3621.0000,3644.2000,3644.8000,3645.0000,3645.2000,3645.6000,1,2,1,3,1,2,2,4,4,2
SF,IF2005,2020-03-26 09:30:40.200,3648.0000,1102,0,26239440.000,0,-,-,-,-,3640.6000,3640.4000,3636.0000,3622.2000,3621.0000,3644.0000,3644.8000,3645.0000,3645.2000,3645.6000,2,1,1,3,1,2,2,1,4,2
SF,IF2005,2020-03-26 09:30:40.700,3648.0000,1102,0,26239440.000,0,-,-,-,-,3640.8000,3640.6000,3640.4000,3636.0000,3622.2000,3644.0000,3644.8000,3645.0000,3645.2000,3645.6000,1,1,1,1,3,2,2,1,4,2
SF,IF2005,2020-03-26 09:30:41.200,3648.0000,1102,0,26239440.000,0,-,-,-,-,3641.0000,3640.8000,3640.4000,3636.0000,3622.2000,3644.0000,3644.8000,3645.0000,3645.2000,3645.6000,1,1,1,1,3,2,2,1,4,2
SF,IF2005,2020-03-26 09:30:41.700,3648.0000,1102,0,26239440.000,0,-,-,-,-,3641.0000,3640.4000,3636.0000,3622.2000,3621.0000,3644.0000,3644.2000,3644.8000,3645.0000,3645.2000,1,1,1,3,1,2,1,2,1,4
SF,IF2005,2020-03-26 09:30:42.200,3648.0000,1102,0,26239440.000,0,-,-,-,-,3641.0000,3640.4000,3637.2000,3636.0000,3622.2000,3643.8000,3644.0000,3644.2000,3644.8000,3645.0000,1,1,2,1,3,1,3,2,2,1
SF,IF2005,2020-03-26 09:30:42.700,3648.0000,1102,0,26239440.000,0,-,-,-,-,3641.0000,3640.4000,3637.2000,3636.0000,3622.2000,3643.6000,3644.8000,3645.0000,3645.2000,3645.6000,1,1,2,1,3,2,1,1,3,2
SF,IF2005,2020-03-26 09:30:43.200,3648.0000,1102,0,26239440.000,0,-,-,-,-,3641.2000,3641.0000,3640.4000,3637.2000,3636.0000,3643.6000,3644.8000,3645.0000,3645.2000,3645.6000,1,1,1,2,1,2,1,1,2,2
SF,IF2005,2020-03-26 09:30:43.700,3648.0000,1102,0,26239440.000,0,-,-,-,-,3641.4000,3641.2000,3640.4000,3637.2000,3636.0000,3643.6000,3644.8000,3645.0000,3645.2000,3645.6000,1,1,1,2,1,1,1,1,2,2
SF,IF2005,2020-03-26 09:30:44.200,3648.0000,1102,0,26239440.000,0,-,-,-,-,3641.4000,3640.4000,3637.2000,3636.0000,3630.0000,3643.6000,3644.8000,3645.0000,3645.2000,3645.6000,1,1,2,1,1,1,1,1,2,2
SF,IF2005,2020-03-26 09:30:44.700,3648.0000,1102,0,26239440.000,0,-,-,-,-,3641.6000,3641.4000,3640.4000,3637.2000,3636.0000,3645.0000,3645.2000,3645.6000,3646.2000,3647.0000,1,1,1,2,1,1,2,2,1,2
SF,IF2005,2020-03-26 09:30:45.200,3648.0000,1102,0,26239440.000,0,-,-,-,-,3641.8000,3641.6000,3640.4000,3637.2000,3636.0000,3644.8000,3645.0000,3645.2000,3645.6000,3646.2000,1,1,1,2,1,2,1,1,2,1
SF,IF2005,2020-03-26 09:30:45.700,3648.0000,1102,0,26239440.000,0,-,-,-,-,3641.8000,3641.6000,3640.4000,3637.2000,3636.0000,3644.8000,3645.6000,3646.2000,3650.0000,3653.8000,1,1,1,2,1,1,1,1,1,2
SF,IF2005,2020-03-26 09:30:46.200,3648.0000,1102,0,26239440.000,0,-,-,-,-,3642.0000,3641.8000,3641.6000,3640.4000,3637.2000,3646.2000,3650.0000,3653.8000,3655.0000,3659.0000,1,1,1,1,2,1,1,2,6,2
SF,IF2005,2020-03-26 09:30:46.700,3648.0000,1102,0,26239440.000,0,-,-,-,-,3642.2000,3642.0000,3641.6000,3640.4000,3637.2000,3646.0000,3650.0000,3653.8000,3655.0000,3659.0000,1,2,2,1,2,1,1,2,6,2
SF,IF2005,2020-03-26 09:30:47.200,3648.0000,1102,0,26239440.000,0,-,-,-,-,3642.4000,3642.2000,3642.0000,3641.6000,3640.4000,3650.0000,3653.8000,3655.0000,3659.0000,3670.0000,1,1,1,2,1,1,2,6,2,3
SF,IF2005,2020-03-26 09:30:47.700,3648.0000,1102,0,26239440.000,0,-,-,-,-,3642.6000,3642.4000,3642.0000,3641.6000,3640.4000,3648.0000,3648.4000,3649.8000,3650.0000,3653.8000,1,2,1,2,1,2,1,7,2,2
SF,IF2005,2020-03-26 09:30:48.200,3648.0000,1102,0,26239440.000,0,-,-,-,-,3642.8000,3642.6000,3642.4000,3642.0000,3641.6000,3647.8000,3648.0000,3648.4000,3649.8000,3650.0000,3,3,1,1,2,4,4,1,4,1
SF,IF2005,2020-03-26 09:30:48.700,3648.0000,1102,0,26239440.000,0,-,-,-,-,3643.0000,3642.8000,3642.6000,3642.4000,3642.0000,3647.8000,3648.4000,3649.8000,3650.0000,3653.8000,1,4,2,1,1,2,1,4,1,2
SF,IF2005,2020-03-26 09:30:49.200,3648.0000,1102,0,26239440.000,0,-,-,-,-,3643.2000,3643.0000,3642.8000,3642.6000,3642.4000,3649.8000,3650.0000,3653.8000,3655.0000,3659.0000,4,1,2,2,1,4,1,2,6,2
SF,IF2005,2020-03-26 09:30:49.700,3648.0000,1102,0,26239440.000,0,-,-,-,-,3644.2000,3643.4000,3643.2000,3642.8000,3642.6000,3649.6000,3649.8000,3650.0000,3653.8000,3655.0000,2,1,4,2,2,5,4,1,2,6
SF,IF2005,2020-03-26 09:30:50.200,3648.0000,1102,0,26239440.000,0,-,-,-,-,3644.4000,3643.2000,3642.8000,3642.6000,3642.4000,3649.6000,3649.8000,3650.0000,3653.8000,3655.0000,3,2,2,1,1,6,3,1,2,6
SF,IF2005,2020-03-26 09:30:50.700,3648.0000,1102,0,26239440.000,0,-,-,-,-,3644.4000,3643.2000,3642.8000,3642.6000,3642.4000,3648.2000,3649.6000,3649.8000,3650.0000,3653.8000,3,1,2,1,1,1,6,3,1,2
SF,IF2005,2020-03-26 09:30:51.200,3648.0000,1102,0,26239440.000,0,-,-,-,-,3644.4000,3643.2000,3642.8000,3642.6000,3642.4000,3648.0000,3648.2000,3649.6000,3649.8000,3650.0000,3,1,2,1,1,2,1,3,3,1
SF,IF2005,2020-03-26 09:30:51.700,3648.0000,1102,0,26239440.000,0,-,-,-,-,3644.6000,3644.4000,3643.2000,3642.8000,3642.6000,3648.0000,3648.2000,3649.6000,3649.8000,3650.0000,1,3,1,2,1,2,1,3,3,1
SF,IF2005,2020-03-26 09:30:52.200,3648.0000,1102,0,26239440.000,0,-,-,-,-,3644.8000,3644.6000,3644.4000,3643.2000,3642.8000,3647.8000,3648.0000,3649.6000,3649.8000,3650.0000,2,1,2,1,2,1,4,3,2,1
SF,IF2005,2020-03-26 09:30:52.700,3648.0000,1102,0,26239440.000,0,-,-,-,-,3644.8000,3644.4000,3643.2000,3642.8000,3642.6000,3647.6000,3647.8000,3648.0000,3649.6000,3649.8000,2,2,1,2,1,3,2,2,3,2
SF,IF2005,2020-03-26 09:30:53.200,3648.0000,1102,0,26239440.000,0,-,-,-,-,3644.8000,3644.4000,3643.2000,3642.8000,3642.6000,3647.6000,3647.8000,3648.0000,3649.6000,3649.8000,2,2,1,2,1,3,1,1,3,2
SF,IF2005,2020-03-26 09:30:53.700,3648.0000,1102,0,26239440.000,0,-,-,-,-,3645.0000,3644.8000,3644.4000,3643.2000,3642.8000,3647.6000,3647.8000,3648.0000,3649.6000,3649.8000,1,2,2,1,2,3,1,1,3,2
SF,IF2005,2020-03-26 09:30:54.200,3648.0000,1102,0,26239440.000,0,-,-,-,-,3645.2000,3645.0000,3644.8000,3644.4000,3643.2000,3647.6000,3649.6000,3649.8000,3650.0000,3653.8000,2,1,1,2,1,2,3,2,1,2
SF,IF2005,2020-03-26 09:30:54.700,3648.0000,1102,0,26239440.000,0,-,-,-,-,3645.4000,3645.2000,3645.0000,3644.8000,3644.4000,3649.6000,3649.8000,3650.0000,3653.8000,3655.0000,1,3,1,1,1,3,2,1,2,6
SF,IF2005,2020-03-26 09:30:55.200,3648.0000,1102,0,26239440.000,0,-,-,-,-,3645.6000,3645.4000,3645.2000,3645.0000,3644.8000,3649.0000,3649.4000,3649.6000,3649.8000,3650.0000,2,1,2,1,1,1,4,4,2,1
SF,IF2005,2020-03-26 09:30:55.700,3648.0000,1102,0,26239440.000,0,-,-,-,-,3645.6000,3645.4000,3645.2000,3644.8000,3644.4000,3648.8000,3649.0000,3649.4000,3649.6000,3649.8000,2,1,2,1,1,2,2,2,3,2
SF,IF2005,2020-03-26 09:30:56.200,3648.0000,1102,0,26239440.000,0,-,-,-,-,3645.6000,3645.2000,3644.8000,3644.4000,3642.8000,3648.8000,3649.0000,3649.4000,3649.6000,3649.8000,2,2,1,1,1,2,1,2,3,2
SF,IF2005,2020-03-26 09:30:56.700,3648.0000,1102,0,26239440.000,0,-,-,-,-,3645.8000,3645.6000,3645.2000,3644.8000,3644.4000,3648.8000,3649.4000,3649.6000,3649.8000,3650.0000,2,2,1,1,1,2,2,3,2,1
SF,IF2005,2020-03-26 09:30:57.200,3648.0000,1102,0,26239440.000,0,-,-,-,-,3646.0000,3645.8000,3645.6000,3645.2000,3644.8000,3648.8000,3649.4000,3649.6000,3649.8000,3650.0000,1,1,1,1,1,3,2,3,2,1
SF,IF2005,2020-03-26 09:30:57.700,3648.0000,1102,0,26239440.000,0,-,-,-,-,3646.0000,3645.8000,3645.6000,3645.2000,3644.8000,3648.8000,3649.4000,3649.6000,3649.8000,3650.0000,3,1,1,1,1,2,2,3,2,1
SF,IF2005,2020-03-26 09:30:58.200,3648.0000,1102,0,26239440.000,0,-,-,-,-,3646.0000,3645.6000,3645.2000,3644.8000,3644.4000,3648.8000,3649.6000,3649.8000,3650.0000,3653.8000,3,1,1,1,1,2,2,1,1,2
SF,IF2005,2020-03-26 09:30:58.700,3648.0000,1102,0,26239440.000,0,-,-,-,-,3646.2000,3646.0000,3645.6000,3645.2000,3644.8000,3648.8000,3649.6000,3649.8000,3650.0000,3653.8000,1,3,1,1,1,1,2,1,1,2
SF,IF2005,2020-03-26 09:30:59.200,3648.0000,1102,0,26239440.000,0,-,-,-,-,3646.4000,3646.2000,3646.0000,3645.6000,3645.2000,3649.8000,3650.0000,3653.8000,3659.0000,3660.0000,3,1,1,1,1,1,1,2,2,6
SF,IF2005,2020-03-26 09:30:59.700,3648.0000,1102,0,26239440.000,0,-,-,-,-,3646.4000,3645.6000,3645.2000,3644.8000,3644.4000,3649.6000,3649.8000,3650.0000,3659.0000,3660.0000,1,1,1,1,1,4,3,1,2,8
SF,IF2005,2020-03-26 09:31:00.200,3648.0000,1102,0,26239440.000,0,-,-,-,-,3646.4000,3645.6000,3645.2000,3644.8000,3644.4000,3649.6000,3649.8000,3650.0000,3659.0000,3660.0000,1,1,1,1,1,4,1,1,2,8
SF,IF2005,2020-03-26 09:31:00.700,3646.4000,1101,-1,28427340.000,2,0,2,多平,S,3640.8000,3636.0000,3630.0000,3622.2000,3621.0000,3649.6000,3649.8000,3650.0000,3659.0000,3660.0000,2,1,1,3,1,3,1,1,2,8
SF,IF2005,2020-03-26 09:31:01.200,3646.4000,1101,0,28427340.000,0,-,-,-,-,3648.0000,3645.6000,3645.2000,3644.8000,3644.2000,3649.6000,3649.8000,3650.0000,3659.0000,3660.0000,1,1,2,1,2,3,1,1,2,8
SF,IF2005,2020-03-26 09:31:01.700,3647.8000,1101,0,29521680.000,1,0,1,多换,S,3644.2000,3643.2000,3642.8000,3641.6000,3641.4000,3649.4000,3649.6000,3649.8000,3650.0000,3659.0000,2,1,1,1,1,2,4,1,1,2
SF,IF2005,2020-03-26 09:31:02.200,3647.8000,1101,0,29521680.000,0,-,-,-,-,3644.4000,3644.2000,3643.2000,3642.8000,3641.6000,3649.2000,3649.6000,3649.8000,3650.0000,3659.0000,3,2,1,1,1,2,1,1,1,2
SF,IF2005,2020-03-26 09:31:02.700,3647.8000,1101,0,29521680.000,0,-,-,-,-,3645.2000,3644.8000,3644.6000,3644.4000,3644.2000,3649.2000,3649.6000,3649.8000,3650.0000,3659.0000,2,1,1,3,2,2,1,1,1,2
SF,IF2005,2020-03-26 09:31:03.200,3647.8000,1101,0,29521680.000,0,-,-,-,-,3645.4000,3645.0000,3644.8000,3644.6000,3644.4000,3649.2000,3649.6000,3649.8000,3650.0000,3659.0000,3,3,1,1,1,2,1,1,1,2
SF,IF2005,2020-03-26 09:31:03.700,3647.8000,1101,0,29521680.000,0,-,-,-,-,3645.8000,3645.6000,3645.4000,3645.2000,3645.0000,3649.2000,3649.6000,3649.8000,3650.0000,3659.0000,2,1,3,2,1,2,1,1,1,2
SF,IF2005,2020-03-26 09:31:04.200,3647.8000,1101,0,29521680.000,0,-,-,-,-,3646.0000,3645.8000,3645.4000,3644.8000,3644.6000,3649.2000,3649.6000,3649.8000,3650.0000,3659.0000,2,2,1,1,1,2,1,1,1,2
SF,IF2005,2020-03-26 09:31:04.700,3647.8000,1101,0,29521680.000,0,-,-,-,-,3646.0000,3645.8000,3645.4000,3644.4000,3644.2000,3649.0000,3649.2000,3649.6000,3649.8000,3650.0000,1,2,1,1,2,1,3,1,1,1
SF,IF2005,2020-03-26 09:31:05.200,3647.8000,1101,0,29521680.000,0,-,-,-,-,3646.2000,3646.0000,3645.8000,3645.4000,3644.4000,3649.2000,3649.6000,3649.8000,3650.0000,3659.0000,2,1,2,1,1,2,1,1,1,2
SF,IF2005,2020-03-26 09:31:05.700,3647.8000,1101,0,29521680.000,0,-,-,-,-,3646.4000,3646.2000,3645.8000,3645.4000,3644.4000,3649.2000,3649.6000,3649.8000,3650.0000,3659.0000,1,2,2,1,1,2,1,1,1,2
SF,IF2005,2020-03-26 09:31:06.200,3647.8000,1101,0,29521680.000,0,-,-,-,-,3646.4000,3646.2000,3645.8000,3645.4000,3644.2000,3649.2000,3649.6000,3649.8000,3650.0000,3659.0000,1,2,2,1,2,2,1,1,1,2
SF,IF2005,2020-03-26 09:31:06.700,3647.8000,1101,0,29521680.000,0,-,-,-,-,3646.6000,3646.4000,3646.2000,3645.8000,3645.4000,3649.2000,3650.0000,3659.0000,3660.0000,3673.0000,1,1,1,2,1,1,1,2,8,1
SF,IF2005,2020-03-26 09:31:07.200,3647.8000,1101,0,29521680.000,0,-,-,-,-,3646.8000,3646.6000,3646.2000,3645.8000,3645.4000,3650.0000,3659.0000,3660.0000,3673.0000,3705.4000,1,2,1,2,1,1,2,8,1,5
SF,IF2005,2020-03-26 09:31:07.700,3647.8000,1101,0,29521680.000,0,-,-,-,-,3647.0000,3646.8000,3646.6000,3646.2000,3645.8000,3650.0000,3659.0000,3660.0000,3673.0000,3705.4000,1,1,1,1,2,1,2,8,1,5
SF,IF2005,2020-03-26 09:31:08.200,3647.8000,1101,0,29521680.000,0,-,-,-,-,3647.2000,3647.0000,3646.6000,3646.2000,3645.8000,3650.0000,3659.0000,3660.0000,3705.4000,3726.4000,1,2,1,1,2,1,2,8,5,1
SF,IF2005,2020-03-26 09:31:08.700,3647.8000,1101,0,29521680.000,0,-,-,-,-,3647.4000,3647.2000,3647.0000,3646.6000,3646.2000,3650.0000,3659.0000,3660.0000,3705.4000,3726.4000,1,1,1,1,1,1,2,8,5,1
SF,IF2005,2020-03-26 09:31:09.200,3647.8000,1101,0,29521680.000,0,-,-,-,-,3647.6000,3647.4000,3647.0000,3646.6000,3646.2000,3650.0000,3659.0000,3660.0000,3705.4000,3726.4000,1,1,1,1,1,1,2,8,5,1
SF,IF2005,2020-03-26 09:31:09.700,3647.8000,1101,0,29521680.000,0,-,-,-,-,3647.8000,3647.6000,3647.0000,3646.6000,3646.2000,3650.0000,3659.0000,3660.0000,3705.4000,3726.4000,1,1,1,1,1,1,2,8,5,1
SF,IF2005,2020-03-26 09:31:10.200,3647.8000,1101,0,29521680.000,0,-,-,-,-,3648.0000,3647.8000,3647.0000,3646.6000,3646.2000,3650.0000,3659.0000,3660.0000,3705.4000,3726.4000,1,1,1,1,1,1,2,8,5,1
SF,IF2005,2020-03-26 09:31:10.700,3647.8000,1101,0,29521680.000,0,-,-,-,-,3648.2000,3648.0000,3647.0000,3646.6000,3646.2000,3650.0000,3659.0000,3660.0000,3705.4000,3726.4000,1,1,1,1,1,1,2,8,5,1
SF,IF2005,2020-03-26 09:31:11.200,3647.8000,1101,0,29521680.000,0,-,-,-,-,3648.4000,3648.2000,3647.0000,3646.6000,3646.2000,3651.2000,3659.0000,3660.0000,3705.4000,3726.4000,1,2,1,1,1,1,2,8,5,1
SF,IF2005,2020-03-26 09:31:11.700,3647.8000,1101,0,29521680.000,0,-,-,-,-,3648.4000,3648.2000,3647.0000,3646.6000,3646.2000,3651.0000,3651.2000,3659.0000,3660.0000,3705.4000,1,2,1,1,1,1,1,2,8,5
SF,IF2005,2020-03-26 09:31:12.200,3647.8000,1101,0,29521680.000,0,-,-,-,-,3648.4000,3648.2000,3647.0000,3646.6000,3646.2000,3651.0000,3651.2000,3659.0000,3660.0000,3705.4000,1,2,1,1,1,1,1,2,8,5
SF,IF2005,2020-03-26 09:31:12.700,3647.8000,1101,0,29521680.000,0,-,-,-,-,3648.4000,3648.2000,3647.0000,3646.6000,3646.2000,3651.0000,3651.2000,3659.0000,3660.0000,3705.4000,1,2,1,1,1,1,1,2,8,5
SF,IF2005,2020-03-26 09:31:13.200,3647.8000,1101,0,29521680.000,0,-,-,-,-,3648.4000,3648.2000,3647.0000,3646.2000,3645.4000,3651.0000,3651.2000,3659.0000,3660.0000,3705.4000,1,2,1,1,1,1,1,2,8,5
SF,IF2005,2020-03-26 09:31:13.700,3647.8000,1101,0,29521680.000,0,-,-,-,-,3648.6000,3648.4000,3648.2000,3647.0000,3646.2000,3651.0000,3651.2000,3659.0000,3660.0000,3705.4000,2,1,1,1,1,1,1,2,8,5
SF,IF2005,2020-03-26 09:31:14.200,3647.8000,1101,0,29521680.000,0,-,-,-,-,3648.8000,3648.6000,3648.2000,3647.0000,3646.2000,3651.0000,3651.2000,3659.0000,3660.0000,3705.4000,1,1,1,1,1,1,1,2,8,5
SF,IF2005,2020-03-26 09:31:14.700,3647.8000,1101,0,29521680.000,0,-,-,-,-,3648.8000,3648.6000,3648.2000,3647.0000,3646.2000,3651.0000,3651.2000,3659.0000,3660.0000,3705.4000,1,1,1,1,1,1,1,2,8,5
SF,IF2005,2020-03-26 09:31:15.200,3647.8000,1101,0,29521680.000,0,-,-,-,-,3648.8000,3648.6000,3648.2000,3647.0000,3646.2000,3651.0000,3651.2000,3659.0000,3660.0000,3705.4000,1,1,1,1,1,1,1,2,8,5
SF,IF2005,2020-03-26 09:31:15.700,3651.2000,1100,-1,31712340.000,2,0,2,多平,S,3649.0000,3648.8000,3648.6000,3648.2000,3647.0000,3659.0000,3660.0000,3705.4000,3726.4000,3744.6000,1,1,1,1,1,2,8,5,1,2
SF,IF2005,2020-03-26 09:31:16.200,3651.2000,1100,0,31712340.000,0,-,-,-,-,3649.2000,3649.0000,3648.6000,3648.2000,3647.0000,3652.8000,3654.0000,3654.4000,3655.6000,3656.4000,1,3,1,1,1,1,2,2,4,1
SF,IF2005,2020-03-26 09:31:16.700,3651.2000,1100,0,31712340.000,0,-,-,-,-,3649.4000,3649.2000,3649.0000,3648.6000,3648.2000,3654.0000,3654.4000,3655.6000,3656.4000,3657.8000,3,1,2,1,1,2,1,4,1,1
SF,IF2005,2020-03-26 09:31:17.200,3651.2000,1100,0,31712340.000,0,-,-,-,-,3649.6000,3649.4000,3649.0000,3648.6000,3648.2000,3653.8000,3655.6000,3656.4000,3658.8000,3659.0000,1,3,2,1,1,2,4,1,4,2
SF,IF2005,2020-03-26 09:31:17.700,3651.2000,1100,0,31712340.000,0,-,-,-,-,3650.2000,3649.8000,3649.6000,3649.4000,3649.0000,3653.8000,3655.6000,3656.4000,3658.8000,3659.0000,2,2,1,2,1,2,4,1,4,2
SF,IF2005,2020-03-26 09:31:18.200,3651.2000,1100,0,31712340.000,0,-,-,-,-,3650.4000,3650.2000,3649.8000,3649.4000,3649.0000,3653.8000,3655.6000,3656.4000,3658.8000,3659.0000,3,2,1,1,1,1,4,1,4,2
SF,IF2005,2020-03-26 09:31:18.700,3651.2000,1100,0,31712340.000,0,-,-,-,-,3650.4000,3650.2000,3649.8000,3649.4000,3649.0000,3653.8000,3655.6000,3656.4000,3658.8000,3659.0000,3,2,1,1,1,1,4,1,4,2
SF,IF2005,2020-03-26 09:31:19.200,3651.2000,1100,0,31712340.000,0,-,-,-,-,3650.4000,3649.8000,3649.4000,3649.0000,3648.2000,3653.8000,3655.6000,3656.4000,3658.8000,3659.0000,3,1,1,1,1,1,4,1,4,2
SF,IF2005,2020-03-26 09:31:19.700,3651.2000,1100,0,31712340.000,0,-,-,-,-,3650.6000,3650.4000,3649.8000,3649.4000,3648.2000,3653.8000,3655.6000,3656.4000,3658.8000,3659.0000,1,2,1,1,1,1,4,1,4,2
SF,IF2005,2020-03-26 09:31:20.200,3651.2000,1100,0,31712340.000,0,-,-,-,-,3650.6000,3650.4000,3649.8000,3649.4000,3648.2000,3653.6000,3653.8000,3655.6000,3656.4000,3658.8000,1,1,1,1,1,3,2,4,1,4
SF,IF2005,2020-03-26 09:31:20.700,3651.2000,1100,0,31712340.000,0,-,-,-,-,3650.6000,3649.8000,3649.4000,3648.2000,3647.0000,3653.4000,3653.6000,3654.0000,3655.6000,3656.4000,1,1,1,1,1,3,4,1,4,1
SF,IF2005,2020-03-26 09:31:21.200,3651.2000,1100,0,31712340.000,0,-,-,-,-,3650.6000,3649.8000,3649.4000,3648.2000,3647.0000,3653.2000,3653.4000,3655.6000,3656.4000,3658.8000,1,1,1,1,1,1,1,4,1,3
SF,IF2005,2020-03-26 09:31:21.700,3651.2000,1100,0,31712340.000,0,-,-,-,-,3650.6000,3649.8000,3649.4000,3648.2000,3647.0000,3653.0000,3653.2000,3655.6000,3656.4000,3658.8000,1,1,1,1,1,1,1,4,1,3
SF,IF2005,2020-03-26 09:31:22.200,3651.2000,1100,0,31712340.000,0,-,-,-,-,3650.6000,3649.8000,3649.4000,3648.2000,3647.0000,3653.0000,3653.2000,3655.6000,3656.4000,3658.8000,1,1,1,1,1,1,1,4,1,3
SF,IF2005,2020-03-26 09:31:22.700,3653.0000,1099,-1,32808240.000,1,0,1,双平,S,3650.8000,3650.6000,3649.8000,3649.4000,3648.2000,3655.6000,3656.4000,3658.8000,3659.0000,3660.0000,1,1,1,1,1,4,1,3,2,6
SF,IF2005,2020-03-26 09:31:23.200,3653.0000,1099,0,32808240.000,0,-,-,-,-,3651.0000,3650.8000,3650.6000,3649.8000,3649.4000,3654.2000,3655.4000,3655.6000,3656.4000,3658.8000,1,1,1,1,1,1,4,5,1,3
SF,IF2005,2020-03-26 09:31:23.700,3653.0000,1099,0,32808240.000,0,-,-,-,-,3651.2000,3651.0000,3650.6000,3649.8000,3649.4000,3654.0000,3654.2000,3655.4000,3655.6000,3656.4000,1,2,1,1,1,1,1,3,4,1
SF,IF2005,2020-03-26 09:31:24.200,3653.0000,1099,0,32808240.000,0,-,-,-,-,3651.4000,3651.2000,3651.0000,3650.6000,3649.4000,3655.4000,3655.6000,3656.4000,3658.8000,3659.0000,2,2,2,1,1,3,4,1,2,2
SF,IF2005,2020-03-26 09:31:24.700,3653.0000,1099,0,32808240.000,0,-,-,-,-,3651.6000,3651.4000,3651.2000,3651.0000,3650.6000,3654.6000,3655.2000,3655.4000,3655.6000,3656.4000,1,2,1,2,1,1,1,4,4,1
SF,IF2005,2020-03-26 09:31:25.200,3653.0000,1099,0,32808240.000,0,-,-,-,-,3651.6000,3651.4000,3651.2000,3651.0000,3650.6000,3654.4000,3654.6000,3655.4000,3655.6000,3656.4000,1,2,1,2,1,1,1,3,4,1
SF,IF2005,2020-03-26 09:31:25.700,3653.0000,1099,0,32808240.000,0,-,-,-,-,3651.8000,3651.6000,3651.4000,3651.2000,3651.0000,3654.4000,3654.6000,3655.4000,3655.6000,3656.4000,1,1,2,1,2,1,1,3,4,1
SF,IF2005,2020-03-26 09:31:26.200,3653.0000,1099,0,32808240.000,0,-,-,-,-,3652.0000,3651.8000,3651.4000,3651.2000,3651.0000,3654.4000,3654.6000,3655.4000,3655.6000,3656.4000,1,1,2,1,2,1,1,3,4,1
SF,IF2005,2020-03-26 09:31:26.700,3653.0000,1099,0,32808240.000,0,-,-,-,-,3652.2000,3652.0000,3651.8000,3651.4000,3651.2000,3654.4000,3655.4000,3655.6000,3656.4000,3658.8000,1,1,1,2,1,1,3,4,1,2
SF,IF2005,2020-03-26 09:31:27.200,3654.4000,1098,-1,33904560.000,1,0,1,双平,S,3654.2000,3652.4000,3652.2000,3651.8000,3651.4000,3655.4000,3655.6000,3656.4000,3658.8000,3659.0000,1,1,1,1,2,3,2,1,2,2
SF,IF2005,2020-03-26 09:31:27.700,3654.4000,1098,0,33904560.000,0,-,-,-,-,3654.2000,3652.4000,3652.2000,3651.8000,3651.4000,3655.4000,3655.6000,3656.4000,3659.0000,3665.0000,1,2,1,1,2,4,2,1,2,6
SF,IF2005,2020-03-26 09:31:28.200,3654.4000,1098,0,33904560.000,0,-,-,-,-,3654.2000,3652.4000,3652.2000,3651.8000,3651.4000,3655.4000,3655.6000,3656.4000,3659.0000,3665.0000,1,2,1,1,2,5,2,1,2,6
SF,IF2005,2020-03-26 09:31:28.700,3655.4000,1098,0,35001180.000,1,0,1,多换,S,3654.2000,3652.4000,3652.2000,3651.8000,3651.4000,3655.4000,3655.6000,3659.0000,3665.0000,3705.4000,2,2,1,1,2,1,1,2,6,5
SF,IF2005,2020-03-26 09:31:29.200,3655.4000,1098,0,35001180.000,0,-,-,-,-,3654.2000,3652.4000,3652.2000,3651.8000,3651.4000,3659.0000,3665.0000,3705.4000,3726.4000,3744.6000,2,2,1,1,2,2,6,5,1,2
SF,IF2005,2020-03-26 09:31:29.700,3655.4000,1098,0,35001180.000,0,-,-,-,-,3654.4000,3654.2000,3652.4000,3652.2000,3651.8000,3655.6000,3656.8000,3657.6000,3658.2000,3658.8000,1,2,1,1,1,2,1,2,2,1
SF,IF2005,2020-03-26 09:31:30.200,3655.4000,1098,0,35001180.000,0,-,-,-,-,3654.4000,3654.2000,3652.4000,3652.2000,3651.8000,3655.6000,3656.8000,3657.6000,3658.2000,3658.8000,1,2,1,1,1,1,1,2,2,2
SF,IF2005,2020-03-26 09:31:30.700,3655.4000,1098,0,35001180.000,0,-,-,-,-,3654.2000,3652.4000,3652.2000,3651.8000,3651.4000,3655.6000,3656.8000,3657.6000,3658.2000,3658.8000,2,1,1,1,2,1,1,2,2,2
SF,IF2005,2020-03-26 09:31:31.200,3655.4000,1098,0,35001180.000,0,-,-,-,-,3654.2000,3652.4000,3652.2000,3651.8000,3651.4000,3655.6000,3656.8000,3657.6000,3658.2000,3658.8000,2,1,1,1,2,1,1,2,2,2
SF,IF2005,2020-03-26 09:31:31.700,3654.2000,1097,-1,37193700.000,2,0,2,多平,S,3652.4000,3652.2000,3651.8000,3651.4000,3651.0000,3655.6000,3656.8000,3657.6000,3658.2000,3658.8000,1,1,1,2,1,4,1,2,2,2
SF,IF2005,2020-03-26 09:31:32.200,3654.2000,1097,0,37193700.000,0,-,-,-,-,3652.6000,3652.4000,3652.2000,3651.8000,3651.4000,3655.6000,3656.8000,3657.6000,3658.2000,3658.8000,1,1,1,1,2,3,1,2,2,2
SF,IF2005,2020-03-26 09:31:32.700,3654.2000,1097,0,37193700.000,0,-,-,-,-,3652.6000,3652.4000,3652.2000,3651.8000,3651.4000,3655.4000,3655.6000,3656.8000,3657.6000,3658.2000,1,1,1,1,2,1,6,1,2,1
SF,IF2005,2020-03-26 09:31:33.200,3652.4000,1097,0,38289420.000,1,0,1,多换,S,3652.2000,3651.8000,3651.4000,3651.0000,3644.6000,3655.2000,3655.4000,3655.6000,3656.8000,3657.6000,1,1,1,1,2,1,2,4,1,2
SF,IF2005,2020-03-26 09:31:33.700,3652.4000,1097,0,38289420.000,0,-,-,-,-,3651.8000,3651.4000,3651.0000,3644.6000,3641.0000,3655.0000,3655.2000,3655.4000,3655.6000,3656.8000,1,1,1,2,1,1,4,1,4,1
SF,IF2005,2020-03-26 09:31:34.200,3652.4000,1097,0,38289420.000,0,-,-,-,-,3651.0000,3644.6000,3641.0000,3640.2000,3636.0000,3654.8000,3655.0000,3655.2000,3655.4000,3655.6000,1,2,1,1,1,3,2,2,1,4
SF,IF2005,2020-03-26 09:31:34.700,3652.4000,1097,0,38289420.000,0,-,-,-,-,3644.6000,3641.0000,3640.2000,3636.0000,3630.0000,3654.0000,3654.4000,3654.6000,3654.8000,3655.2000,2,1,1,1,2,1,1,1,4,2
SF,IF2005,2020-03-26 09:31:35.200,3652.4000,1097,0,38289420.000,0,-,-,-,-,3649.8000,3648.4000,3648.0000,3647.8000,3645.6000,3653.8000,3654.0000,3654.8000,3655.2000,3655.6000,1,1,4,1,1,1,1,2,2,4
SF,IF2005,2020-03-26 09:31:35.700,3652.4000,1097,0,38289420.000,0,-,-,-,-,3650.0000,3648.4000,3648.0000,3647.8000,3645.6000,3653.8000,3654.0000,3654.8000,3655.2000,3655.6000,3,1,3,1,1,3,2,2,2,4
SF,IF2005,2020-03-26 09:31:36.200,3652.4000,1097,0,38289420.000,0,-,-,-,-,3650.0000,3648.4000,3648.0000,3647.8000,3645.6000,3653.6000,3653.8000,3654.8000,3655.2000,3655.6000,4,1,3,1,1,1,1,2,2,4
SF,IF2005,2020-03-26 09:31:36.700,3652.4000,1097,0,38289420.000,0,-,-,-,-,3650.0000,3648.4000,3648.0000,3647.8000,3645.6000,3653.8000,3654.8000,3655.2000,3655.6000,3657.6000,4,1,3,1,1,1,2,2,4,1
SF,IF2005,2020-03-26 09:31:37.200,3652.4000,1097,0,38289420.000,0,-,-,-,-,3650.0000,3648.4000,3648.0000,3647.8000,3645.6000,3653.4000,3653.6000,3653.8000,3654.0000,3654.8000,3,1,3,1,1,1,2,1,1,2
SF,IF2005,2020-03-26 09:31:37.700,3652.4000,1097,0,38289420.000,0,-,-,-,-,3650.0000,3648.4000,3648.0000,3647.8000,3645.6000,3653.2000,3653.4000,3653.6000,3654.0000,3654.8000,3,1,3,1,1,1,2,1,1,2
SF,IF2005,2020-03-26 09:31:38.200,3652.4000,1097,0,38289420.000,0,-,-,-,-,3650.0000,3648.4000,3648.0000,3647.8000,3645.6000,3653.2000,3653.4000,3653.6000,3654.0000,3654.8000,3,1,3,1,1,1,1,1,1,2
SF,IF2005,2020-03-26 09:31:38.700,3652.4000,1097,0,38289420.000,0,-,-,-,-,3650.0000,3648.4000,3648.0000,3647.8000,3645.6000,3653.2000,3653.4000,3653.6000,3654.0000,3654.8000,3,1,3,1,1,1,1,1,1,2
SF,IF2005,2020-03-26 09:31:39.700,3652.4000,1097,0,38289420.000,0,-,-,-,-,3650.0000,3648.4000,3648.0000,3647.8000,3645.6000,3653.2000,3653.4000,3654.0000,3654.8000,3655.6000,1,1,3,1,1,1,1,1,2,4
SF,IF2005,2020-03-26 09:31:40.200,3652.4000,1097,0,38289420.000,0,-,-,-,-,3650.0000,3648.0000,3647.8000,3645.6000,3645.2000,3653.2000,3653.4000,3654.0000,3654.8000,3655.6000,1,2,1,1,1,2,1,1,2,4
SF,IF2005,2020-03-26 09:31:40.700,3652.4000,1097,0,38289420.000,0,-,-,-,-,3648.0000,3647.8000,3645.6000,3645.2000,3644.8000,3653.0000,3653.2000,3653.4000,3654.0000,3654.8000,2,1,1,1,2,2,2,1,1,2
SF,IF2005,2020-03-26 09:31:41.200,3652.4000,1097,0,38289420.000,0,-,-,-,-,3648.2000,3648.0000,3647.8000,3645.6000,3645.2000,3652.8000,3653.0000,3653.4000,3654.0000,3654.8000,2,2,1,1,1,1,3,1,1,2
SF,IF2005,2020-03-26 09:31:41.700,3652.4000,1097,0,38289420.000,0,-,-,-,-,3648.4000,3648.2000,3645.6000,3645.2000,3644.8000,3652.6000,3652.8000,3653.4000,3654.0000,3655.6000,1,2,1,1,2,2,2,1,1,3
SF,IF2005,2020-03-26 09:31:42.200,3652.4000,1097,0,38289420.000,0,-,-,-,-,3650.0000,3648.6000,3648.4000,3648.2000,3645.6000,3652.2000,3652.4000,3652.6000,3653.4000,3654.0000,1,1,1,1,1,1,1,3,1,1
SF,IF2005,2020-03-26 09:31:42.700,3650.0000,1097,0,39384420.000,1,0,1,多换,S,3648.6000,3648.4000,3648.2000,3645.6000,3645.2000,3652.0000,3652.2000,3652.6000,3653.4000,3654.0000,1,1,1,1,1,1,2,2,1,1
SF,IF2005,2020-03-26 09:31:43.200,3650.0000,1097,0,39384420.000,0,-,-,-,-,3648.6000,3648.4000,3648.2000,3645.6000,3645.2000,3652.0000,3652.6000,3653.4000,3654.0000,3655.6000,1,1,1,1,1,2,1,1,1,3
SF,IF2005,2020-03-26 09:31:43.700,3650.0000,1097,0,39384420.000,0,-,-,-,-,3648.6000,3648.4000,3648.2000,3645.6000,3645.2000,3651.4000,3651.8000,3652.0000,3652.6000,3653.4000,1,1,1,1,1,1,1,3,1,1
SF,IF2005,2020-03-26 09:31:44.200,3650.0000,1097,0,39384420.000,0,-,-,-,-,3648.2000,3645.6000,3645.2000,3644.8000,3644.6000,3651.2000,3651.4000,3651.8000,3652.0000,3652.6000,1,1,1,2,3,1,2,1,1,1
SF,IF2005,2020-03-26 09:31:44.700,3650.0000,1097,0,39384420.000,0,-,-,-,-,3645.6000,3645.2000,3644.8000,3644.6000,3641.0000,3651.2000,3651.4000,3651.8000,3652.0000,3652.6000,1,1,2,3,1,3,1,1,1,1
SF,IF2005,2020-03-26 09:31:45.200,3650.0000,1097,0,39384420.000,0,-,-,-,-,3645.8000,3645.6000,3645.2000,3644.8000,3644.6000,3651.2000,3651.8000,3652.0000,3652.6000,3654.0000,2,1,1,2,3,4,1,1,1,1
SF,IF2005,2020-03-26 09:31:45.700,3650.0000,1097,0,39384420.000,0,-,-,-,-,3646.0000,3645.8000,3645.6000,3645.2000,3644.8000,3651.0000,3651.2000,3651.8000,3652.0000,3654.0000,1,2,1,1,2,1,5,1,1,1
SF,IF2005,2020-03-26 09:31:46.200,3650.0000,1097,0,39384420.000,0,-,-,-,-,3646.2000,3646.0000,3645.6000,3645.2000,3644.8000,3650.8000,3651.0000,3651.2000,3651.8000,3654.0000,2,1,1,1,2,1,2,2,1,1
SF,IF2005,2020-03-26 09:31:46.700,3650.6000,1096,-1,40479600.000,1,0,1,双平,S,3646.4000,3646.2000,3646.0000,3645.6000,3645.2000,3650.8000,3651.0000,3651.2000,3651.8000,3654.0000,1,2,1,1,1,2,1,2,1,1
SF,IF2005,2020-03-26 09:31:47.200,3650.6000,1096,0,40479600.000,0,-,-,-,-,3646.6000,3646.4000,3646.0000,3645.6000,3645.2000,3650.8000,3651.2000,3651.8000,3654.0000,3655.6000,2,1,1,1,1,1,1,1,1,1
SF,IF2005,2020-03-26 09:31:47.700,3650.6000,1096,0,40479600.000,0,-,-,-,-,3646.8000,3646.6000,3646.4000,3645.6000,3645.2000,3650.8000,3651.2000,3651.8000,3654.0000,3655.6000,1,3,1,1,1,1,1,1,1,1
SF,IF2005,2020-03-26 09:31:48.200,3650.6000,1096,0,40479600.000,0,-,-,-,-,3647.0000,3646.8000,3646.6000,3646.4000,3645.6000,3650.6000,3650.8000,3651.2000,3651.8000,3654.0000,3,1,1,1,1,2,2,1,1,1
SF,IF2005,2020-03-26 09:31:48.700,3650.6000,1096,0,40479600.000,0,-,-,-,-,3647.2000,3647.0000,3646.8000,3646.6000,3645.6000,3650.4000,3651.2000,3651.8000,3654.0000,3655.6000,1,3,1,1,1,1,1,1,1,1
SF,IF2005,2020-03-26 09:31:49.200,3650.6000,1096,0,40479600.000,0,-,-,-,-,3647.4000,3647.2000,3647.0000,3646.8000,3646.6000,3651.8000,3654.0000,3655.6000,3658.8000,3665.0000,3,1,1,1,1,1,1,1,1,6
SF,IF2005,2020-03-26 09:31:49.700,3650.6000,1096,0,40479600.000,0,-,-,-,-,3647.6000,3647.4000,3647.2000,3647.0000,3646.6000,3651.6000,3651.8000,3654.0000,3655.6000,3658.8000,1,3,1,1,1,4,3,1,1,1
SF,IF2005,2020-03-26 09:31:50.200,3650.6000,1096,0,40479600.000,0,-,-,-,-,3647.8000,3647.6000,3647.4000,3647.2000,3647.0000,3651.6000,3651.8000,3654.0000,3655.6000,3658.8000,3,1,1,1,1,5,2,1,1,1
SF,IF2005,2020-03-26 09:31:50.700,3650.6000,1096,0,40479600.000,0,-,-,-,-,3647.8000,3647.2000,3647.0000,3646.6000,3645.6000,3651.6000,3651.8000,3654.0000,3655.6000,3658.8000,2,1,1,1,1,5,2,1,1,1
SF,IF2005,2020-03-26 09:31:51.200,3650.6000,1096,0,40479600.000,0,-,-,-,-,3647.8000,3647.2000,3647.0000,3646.6000,3645.6000,3651.2000,3651.6000,3651.8000,3654.0000,3655.6000,1,1,1,1,1,2,5,2,1,1
SF,IF2005,2020-03-26 09:31:51.700,3650.6000,1096,0,40479600.000,0,-,-,-,-,3648.0000,3647.8000,3647.2000,3647.0000,3646.6000,3651.0000,3651.6000,3651.8000,3654.0000,3655.6000,2,1,1,1,1,1,3,2,1,1
SF,IF2005,2020-03-26 09:31:52.200,3650.6000,1096,0,40479600.000,0,-,-,-,-,3647.8000,3647.2000,3647.0000,3646.6000,3645.6000,3651.0000,3651.2000,3651.6000,3651.8000,3654.0000,1,1,1,1,1,3,1,3,2,1
SF,IF2005,2020-03-26 09:31:52.700,3650.6000,1096,0,40479600.000,0,-,-,-,-,3647.2000,3647.0000,3646.6000,3645.6000,3645.2000,3651.0000,3651.2000,3651.6000,3651.8000,3654.0000,1,1,1,1,1,4,2,3,2,1
SF,IF2005,2020-03-26 09:31:53.200,3650.6000,1096,0,40479600.000,0,-,-,-,-,3647.4000,3647.2000,3647.0000,3646.6000,3645.6000,3650.8000,3651.0000,3651.2000,3651.6000,3651.8000,1,1,1,1,1,1,4,2,3,2
SF,IF2005,2020-03-26 09:31:53.700,3650.6000,1096,0,40479600.000,0,-,-,-,-,3647.4000,3647.2000,3647.0000,3646.6000,3645.6000,3650.6000,3650.8000,3651.0000,3651.2000,3651.6000,1,1,1,1,1,1,2,2,2,3
SF,IF2005,2020-03-26 09:31:54.200,3650.6000,1096,0,40479600.000,0,-,-,-,-,3647.4000,3647.2000,3647.0000,3646.6000,3645.6000,3650.6000,3651.0000,3651.2000,3651.6000,3651.8000,1,1,1,1,1,1,2,2,3,2
SF,IF2005,2020-03-26 09:31:54.700,3650.6000,1096,0,40479600.000,0,-,-,-,-,3647.4000,3647.2000,3647.0000,3646.6000,3645.6000,3650.6000,3651.0000,3651.2000,3651.6000,3651.8000,1,1,1,1,1,2,2,2,3,2
SF,IF2005,2020-03-26 09:31:55.200,3650.6000,1096,0,40479600.000,0,-,-,-,-,3647.4000,3647.2000,3647.0000,3646.6000,3645.6000,3650.6000,3651.0000,3651.2000,3651.6000,3651.8000,1,1,1,1,1,2,2,2,3,2
SF,IF2005,2020-03-26 09:31:55.700,3650.6000,1096,0,40479600.000,0,-,-,-,-,3647.4000,3647.2000,3647.0000,3646.6000,3645.6000,3650.6000,3651.0000,3651.2000,3651.6000,3651.8000,1,1,1,1,1,2,2,2,3,2
SF,IF2005,2020-03-26 09:31:57.700,3650.6000,1096,0,40479600.000,0,-,-,-,-,3647.4000,3647.2000,3647.0000,3646.6000,3645.6000,3650.4000,3650.6000,3651.0000,3651.2000,3651.6000,1,1,1,1,1,2,2,2,2,3
SF,IF2005,2020-03-26 09:31:58.200,3650.6000,1096,0,40479600.000,0,-,-,-,-,3647.4000,3647.2000,3647.0000,3646.6000,3645.6000,3650.2000,3650.4000,3651.0000,3651.2000,3651.6000,1,1,1,1,1,1,3,2,2,2
SF,IF2005,2020-03-26 09:31:58.700,3650.6000,1096,0,40479600.000,0,-,-,-,-,3647.4000,3646.6000,3644.8000,3644.6000,3641.0000,3650.2000,3650.4000,3651.0000,3651.2000,3651.6000,1,1,2,2,1,1,2,2,2,2
SF,IF2005,2020-03-26 09:31:59.200,3650.6000,1096,0,40479600.000,0,-,-,-,-,3647.4000,3646.6000,3644.8000,3644.6000,3641.0000,3650.0000,3650.2000,3650.4000,3651.0000,3651.2000,1,1,2,2,1,2,2,2,2,2
SF,IF2005,2020-03-26 09:31:59.700,3650.6000,1096,0,40479600.000,0,-,-,-,-,3647.4000,3646.6000,3644.8000,3644.6000,3641.0000,3649.8000,3650.4000,3651.0000,3651.2000,3651.6000,1,1,2,2,1,1,2,2,2,2
SF,IF2005,2020-03-26 09:32:00.200,3650.6000,1096,0,40479600.000,0,-,-,-,-,3647.4000,3646.6000,3644.8000,3644.6000,3641.0000,3649.8000,3650.4000,3651.0000,3651.2000,3651.6000,1,1,2,2,1,1,2,2,2,2
SF,IF2005,2020-03-26 09:32:02.200,3647.4000,1095,-1,41573820.000,1,0,1,双平,S,3644.8000,3642.0000,3641.0000,3640.2000,3636.0000,3649.8000,3650.4000,3651.0000,3651.2000,3651.6000,2,2,1,1,1,1,2,2,2,2
SF,IF2005,2020-03-26 09:32:02.700,3647.4000,1095,0,41573820.000,0,-,-,-,-,3645.0000,3644.8000,3642.0000,3641.0000,3640.2000,3649.6000,3649.8000,3650.4000,3651.0000,3651.2000,4,2,2,1,1,2,2,2,2,2
SF,IF2005,2020-03-26 09:32:03.200,3647.4000,1095,0,41573820.000,0,-,-,-,-,3645.0000,3644.8000,3642.0000,3641.0000,3640.2000,3649.4000,3649.6000,3649.8000,3650.4000,3651.0000,2,1,2,1,1,1,3,2,2,2
SF,IF2005,2020-03-26 09:32:03.700,3647.4000,1095,0,41573820.000,0,-,-,-,-,3645.0000,3644.8000,3642.0000,3641.0000,3640.2000,3649.2000,3649.4000,3649.6000,3649.8000,3650.4000,2,1,2,1,1,2,2,1,2,2
SF,IF2005,2020-03-26 09:32:04.200,3647.4000,1095,0,41573820.000,0,-,-,-,-,3645.0000,3642.0000,3641.0000,3640.2000,3636.0000,3649.0000,3649.2000,3649.4000,3649.8000,3650.4000,2,2,1,1,1,1,2,1,2,2
SF,IF2005,2020-03-26 09:32:04.700,3647.4000,1095,0,41573820.000,0,-,-,-,-,3645.2000,3645.0000,3642.0000,3641.0000,3640.2000,3648.8000,3649.0000,3649.2000,3649.4000,3649.8000,1,2,2,1,1,1,2,1,1,1
SF,IF2005,2020-03-26 09:32:05.200,3647.4000,1095,0,41573820.000,0,-,-,-,-,3645.4000,3645.0000,3642.0000,3641.0000,3640.2000,3648.6000,3648.8000,3649.2000,3649.4000,3649.8000,1,1,2,1,1,2,1,1,1,1
SF,IF2005,2020-03-26 09:32:05.700,3647.4000,1095,0,41573820.000,0,-,-,-,-,3645.4000,3645.0000,3642.0000,3641.0000,3640.2000,3648.4000,3648.6000,3649.2000,3649.4000,3649.8000,1,1,2,1,1,1,4,1,1,1
SF,IF2005,2020-03-26 09:32:06.200,3647.4000,1095,0,41573820.000,0,-,-,-,-,3645.6000,3645.4000,3645.0000,3642.0000,3641.0000,3648.2000,3648.4000,3648.6000,3649.2000,3649.4000,1,1,1,2,1,1,1,2,1,1
SF,IF2005,2020-03-26 09:32:06.700,3647.4000,1095,0,41573820.000,0,-,-,-,-,3645.8000,3645.6000,3645.0000,3642.0000,3641.0000,3649.2000,3649.4000,3649.8000,3650.4000,3651.2000,1,2,1,2,1,1,1,1,2,2
SF,IF2005,2020-03-26 09:32:07.200,3647.4000,1095,0,41573820.000,0,-,-,-,-,3646.0000,3645.8000,3645.6000,3642.0000,3641.0000,3649.0000,3650.4000,3651.2000,3651.8000,3655.0000,2,2,2,2,1,1,2,2,2,6
SF,IF2005,2020-03-26 09:32:07.700,3647.4000,1095,0,41573820.000,0,-,-,-,-,3646.2000,3646.0000,3645.6000,3642.0000,3641.0000,3650.4000,3651.2000,3651.8000,3660.0000,3705.4000,2,2,2,2,1,2,2,2,6,5
SF,IF2005,2020-03-26 09:32:08.200,3647.4000,1095,0,41573820.000,0,-,-,-,-,3646.4000,3646.2000,3646.0000,3645.6000,3642.0000,3650.2000,3650.4000,3651.2000,3651.8000,3660.0000,2,2,2,1,2,4,2,2,2,6
SF,IF2005,2020-03-26 09:32:08.700,3647.4000,1095,0,41573820.000,0,-,-,-,-,3646.6000,3646.4000,3646.0000,3645.6000,3642.0000,3650.2000,3650.4000,3651.2000,3651.8000,3660.0000,2,2,2,1,2,2,2,2,2,6
SF,IF2005,2020-03-26 09:32:09.200,3647.4000,1095,0,41573820.000,0,-,-,-,-,3646.8000,3646.6000,3646.4000,3646.0000,3645.6000,3650.0000,3650.2000,3650.4000,3651.2000,3651.8000,2,2,2,1,1,1,2,2,2,2
SF,IF2005,2020-03-26 09:32:09.700,3647.4000,1095,0,41573820.000,0,-,-,-,-,3647.0000,3646.6000,3646.0000,3645.6000,3642.0000,3649.8000,3650.4000,3651.2000,3651.8000,3660.0000,1,1,1,1,2,2,2,2,2,6
SF,IF2005,2020-03-26 09:32:10.200,3647.4000,1095,0,41573820.000,0,-,-,-,-,3647.0000,3646.6000,3646.0000,3645.6000,3642.0000,3649.8000,3650.4000,3651.2000,3651.8000,3660.0000,1,1,1,1,2,2,2,2,2,6
SF,IF2005,2020-03-26 09:32:10.700,3647.4000,1095,0,41573820.000,0,-,-,-,-,3647.0000,3646.6000,3646.0000,3645.6000,3642.0000,3649.8000,3650.4000,3651.2000,3651.8000,3660.0000,1,1,1,1,2,2,2,2,2,6
SF,IF2005,2020-03-26 09:32:11.200,3647.4000,1095,0,41573820.000,0,-,-,-,-,3647.0000,3646.6000,3646.0000,3645.6000,3642.0000,3649.6000,3649.8000,3650.4000,3651.2000,3651.8000,1,1,1,1,2,2,2,2,2,2
SF,IF2005,2020-03-26 09:32:11.700,3647.4000,1095,0,41573820.000,0,-,-,-,-,3647.0000,3646.6000,3646.0000,3645.6000,3642.0000,3649.4000,3650.4000,3651.2000,3651.8000,3660.0000,1,1,1,1,2,2,2,2,2,6
SF,IF2005,2020-03-26 09:32:12.200,3647.4000,1095,0,41573820.000,0,-,-,-,-,3646.6000,3645.6000,3642.0000,3641.0000,3640.2000,3649.4000,3649.8000,3650.4000,3651.2000,3651.8000,1,1,2,1,1,3,1,2,2,2
SF,IF2005,2020-03-26 09:32:12.700,3647.4000,1095,0,41573820.000,0,-,-,-,-,3646.8000,3645.6000,3642.0000,3641.0000,3640.2000,3649.4000,3649.8000,3650.4000,3651.2000,3651.8000,1,1,2,1,1,3,1,2,2,2
SF,IF2005,2020-03-26 09:32:13.200,3647.4000,1095,0,41573820.000,0,-,-,-,-,3646.8000,3645.6000,3642.0000,3641.0000,3640.2000,3649.4000,3650.4000,3651.2000,3651.8000,3660.0000,1,1,2,1,1,2,2,2,2,6
SF,IF2005,2020-03-26 09:32:14.700,3647.4000,1095,0,41573820.000,0,-,-,-,-,3646.8000,3645.6000,3642.0000,3641.0000,3640.2000,3649.2000,3649.4000,3650.4000,3651.2000,3651.8000,1,1,2,1,1,1,2,2,2,2
SF,IF2005,2020-03-26 09:32:15.200,3647.4000,1095,0,41573820.000,0,-,-,-,-,3645.6000,3642.0000,3641.0000,3640.2000,3636.0000,3649.0000,3649.2000,3650.4000,3651.2000,3651.8000,1,2,1,1,1,2,1,2,2,2
SF,IF2005,2020-03-26 09:32:15.700,3647.4000,1095,0,41573820.000,0,-,-,-,-,3645.8000,3645.6000,3642.0000,3641.0000,3640.2000,3648.8000,3649.0000,3649.2000,3650.4000,3651.2000,1,1,2,1,1,2,2,1,2,2
SF,IF2005,2020-03-26 09:32:16.200,3647.4000,1095,0,41573820.000,0,-,-,-,-,3642.0000,3641.0000,3640.2000,3636.0000,3630.0000,3648.6000,3648.8000,3649.2000,3650.4000,3651.2000,2,1,1,1,2,2,2,1,2,2
SF,IF2005,2020-03-26 09:32:16.700,3647.4000,1095,0,41573820.000,0,-,-,-,-,3644.0000,3643.6000,3643.2000,3642.8000,3642.6000,3648.4000,3648.6000,3648.8000,3649.2000,3650.4000,1,1,1,1,1,2,2,2,1,2
SF,IF2005,2020-03-26 09:32:17.200,3647.4000,1095,0,41573820.000,0,-,-,-,-,3644.2000,3644.0000,3643.6000,3643.2000,3642.8000,3648.2000,3648.4000,3648.8000,3649.2000,3650.4000,4,1,1,1,1,2,2,2,1,2
SF,IF2005,2020-03-26 09:32:17.700,3647.4000,1095,0,41573820.000,0,-,-,-,-,3644.2000,3644.0000,3643.6000,3642.8000,3642.6000,3648.2000,3648.4000,3648.8000,3649.2000,3651.2000,4,1,1,1,1,2,2,2,1,2
SF,IF2005,2020-03-26 09:32:18.200,3647.4000,1095,0,41573820.000,0,-,-,-,-,3644.2000,3644.0000,3643.6000,3642.8000,3642.6000,3648.2000,3648.4000,3648.8000,3649.2000,3651.2000,4,1,1,1,1,2,2,2,1,2
SF,IF2005,2020-03-26 09:32:18.700,3647.4000,1095,0,41573820.000,0,-,-,-,-,3644.2000,3644.0000,3643.6000,3642.8000,3642.6000,3648.2000,3648.4000,3648.8000,3649.2000,3651.2000,4,1,1,1,1,2,2,2,1,1
SF,IF2005,2020-03-26 09:32:20.200,3647.4000,1095,0,41573820.000,0,-,-,-,-,3644.2000,3644.0000,3643.6000,3642.8000,3642.6000,3648.2000,3648.4000,3648.8000,3649.2000,3651.2000,4,1,1,1,1,2,2,2,1,1
SF,IF2005,2020-03-26 09:32:20.700,3647.4000,1095,0,41573820.000,0,-,-,-,-,3644.2000,3642.8000,3642.6000,3642.2000,3642.0000,3648.2000,3648.4000,3648.8000,3649.2000,3651.2000,4,1,1,3,1,2,2,2,1,1
SF,IF2005,2020-03-26 09:32:21.200,3647.4000,1095,0,41573820.000,0,-,-,-,-,3644.2000,3642.8000,3642.6000,3642.2000,3641.0000,3648.0000,3648.2000,3648.4000,3648.8000,3649.2000,3,1,1,3,1,2,2,2,2,1
SF,IF2005,2020-03-26 09:32:21.700,3647.4000,1095,0,41573820.000,0,-,-,-,-,3644.2000,3642.8000,3642.6000,3642.2000,3641.0000,3647.8000,3648.0000,3648.4000,3648.8000,3649.2000,3,1,1,3,1,2,2,2,2,1
SF,IF2005,2020-03-26 09:32:22.200,3647.4000,1095,0,41573820.000,0,-,-,-,-,3644.2000,3642.8000,3642.6000,3642.2000,3641.0000,3647.8000,3648.0000,3648.4000,3648.8000,3649.2000,3,1,1,3,1,2,3,2,2,1
SF,IF2005,2020-03-26 09:32:23.200,3647.4000,1095,0,41573820.000,0,-,-,-,-,3644.2000,3642.8000,3642.6000,3642.2000,3641.0000,3647.8000,3648.0000,3648.4000,3648.8000,3649.2000,3,1,1,3,1,2,2,2,2,1
SF,IF2005,2020-03-26 09:32:23.700,3647.4000,1095,0,41573820.000,0,-,-,-,-,3644.2000,3642.8000,3642.6000,3642.2000,3641.0000,3647.8000,3648.0000,3648.4000,3648.8000,3649.2000,3,1,1,3,1,2,3,2,2,1
SF,IF2005,2020-03-26 09:32:24.200,3647.4000,1095,0,41573820.000,0,-,-,-,-,3644.2000,3642.8000,3642.6000,3642.2000,3641.0000,3647.8000,3648.0000,3648.4000,3648.8000,3649.2000,3,1,1,3,1,2,3,2,2,1
SF,IF2005,2020-03-26 09:32:26.700,3647.4000,1095,0,41573820.000,0,-,-,-,-,3644.2000,3642.8000,3642.6000,3642.2000,3641.0000,3647.8000,3648.4000,3648.8000,3649.2000,3660.0000,3,1,1,3,1,2,2,2,1,6
SF,IF2005,2020-03-26 09:32:27.200,3647.4000,1095,0,41573820.000,0,-,-,-,-,3644.4000,3644.2000,3642.8000,3642.6000,3642.2000,3647.8000,3648.4000,3648.8000,3649.2000,3660.0000,1,3,1,1,3,2,2,2,1,6
SF,IF2005,2020-03-26 09:32:27.700,3647.4000,1095,0,41573820.000,0,-,-,-,-,3644.6000,3644.4000,3644.2000,3642.8000,3642.6000,3647.8000,3648.4000,3648.8000,3649.2000,3660.0000,2,1,5,1,1,2,2,2,1,6
SF,IF2005,2020-03-26 09:32:28.200,3647.4000,1095,0,41573820.000,0,-,-,-,-,3644.8000,3644.6000,3644.2000,3642.8000,3642.6000,3649.2000,3660.0000,3705.4000,3726.4000,3744.6000,1,2,4,1,1,1,6,5,1,2
SF,IF2005,2020-03-26 09:32:28.700,3647.4000,1095,0,41573820.000,0,-,-,-,-,3645.0000,3644.8000,3644.6000,3644.2000,3642.8000,3649.0000,3649.2000,3660.0000,3705.4000,3726.4000,2,1,1,3,1,2,1,6,5,1
SF,IF2005,2020-03-26 09:32:29.200,3647.4000,1095,0,41573820.000,0,-,-,-,-,3645.2000,3645.0000,3644.6000,3644.2000,3642.8000,3649.0000,3660.0000,3705.4000,3726.4000,3744.6000,1,2,1,3,1,2,6,5,1,2
SF,IF2005,2020-03-26 09:32:29.700,3647.4000,1095,0,41573820.000,0,-,-,-,-,3645.4000,3645.2000,3645.0000,3644.6000,3644.2000,3649.0000,3660.0000,3705.4000,3726.4000,3744.6000,1,1,1,1,1,2,6,5,1,2
SF,IF2005,2020-03-26 09:32:30.200,3647.4000,1095,0,41573820.000,0,-,-,-,-,3645.4000,3645.2000,3645.0000,3644.6000,3644.2000,3648.8000,3649.0000,3660.0000,3705.4000,3726.4000,2,1,1,1,1,2,2,6,5,1
SF,IF2005,2020-03-26 09:32:30.700,3647.4000,1095,0,41573820.000,0,-,-,-,-,3645.4000,3645.0000,3644.6000,3644.2000,3642.8000,3648.4000,3648.6000,3648.8000,3660.0000,3705.4000,1,1,1,1,1,1,3,2,6,5
SF,IF2005,2020-03-26 09:32:31.200,3647.4000,1095,0,41573820.000,0,-,-,-,-,3645.4000,3645.0000,3644.6000,3644.2000,3642.8000,3648.2000,3648.8000,3660.0000,3705.4000,3726.4000,1,1,1,1,1,2,2,6,5,1
SF,IF2005,2020-03-26 09:32:31.700,3647.4000,1095,0,41573820.000,0,-,-,-,-,3645.4000,3645.0000,3644.6000,3644.2000,3642.8000,3648.2000,3648.4000,3648.8000,3660.0000,3705.4000,1,1,1,1,1,4,1,2,6,5
SF,IF2005,2020-03-26 09:32:32.200,3647.4000,1095,0,41573820.000,0,-,-,-,-,3645.4000,3645.0000,3644.6000,3644.2000,3642.8000,3648.2000,3648.4000,3648.8000,3660.0000,3705.4000,1,1,1,1,1,4,1,2,6,5
SF,IF2005,2020-03-26 09:32:32.700,3647.4000,1095,0,41573820.000,0,-,-,-,-,3645.4000,3645.0000,3644.6000,3644.2000,3642.8000,3648.2000,3648.4000,3648.8000,3660.0000,3705.4000,1,1,1,1,1,4,1,2,6,5
SF,IF2005,2020-03-26 09:32:33.200,3647.4000,1095,0,41573820.000,0,-,-,-,-,3645.4000,3645.0000,3644.6000,3644.2000,3642.8000,3648.2000,3648.4000,3648.8000,3660.0000,3705.4000,1,1,1,1,1,4,1,2,6,5
SF,IF2005,2020-03-26 09:32:33.700,3647.4000,1095,0,41573820.000,0,-,-,-,-,3645.4000,3645.0000,3644.6000,3644.2000,3642.8000,3648.2000,3648.8000,3660.0000,3705.4000,3726.4000,1,1,1,1,1,2,2,6,5,1
SF,IF2005,2020-03-26 09:32:34.200,3647.4000,1095,0,41573820.000,0,-,-,-,-,3645.4000,3645.0000,3644.6000,3644.2000,3642.8000,3648.2000,3648.8000,3660.0000,3705.4000,3726.4000,1,1,1,1,1,1,2,6,5,1
SF,IF2005,2020-03-26 09:32:34.700,3647.4000,1095,0,41573820.000,0,-,-,-,-,3645.6000,3645.4000,3645.0000,3644.6000,3644.2000,3648.2000,3648.8000,3660.0000,3705.4000,3726.4000,1,1,1,1,1,1,2,6,5,1
SF,IF2005,2020-03-26 09:32:35.200,3647.4000,1095,0,41573820.000,0,-,-,-,-,3645.8000,3645.6000,3645.0000,3644.2000,3642.8000,3660.0000,3705.4000,3726.4000,3744.6000,3747.8000,1,3,1,1,1,6,5,1,2,1
SF,IF2005,2020-03-26 09:32:35.700,3647.4000,1095,0,41573820.000,0,-,-,-,-,3646.0000,3645.8000,3645.6000,3645.0000,3644.2000,3650.2000,3650.4000,3651.2000,3651.4000,3651.8000,2,1,2,1,1,1,2,3,1,2
SF,IF2005,2020-03-26 09:32:36.200,3647.4000,1095,0,41573820.000,0,-,-,-,-,3646.2000,3646.0000,3645.6000,3644.2000,3642.8000,3650.0000,3650.2000,3650.4000,3651.2000,3651.8000,1,3,2,1,1,3,1,2,3,2
SF,IF2005,2020-03-26 09:32:36.700,3647.4000,1095,0,41573820.000,0,-,-,-,-,3645.6000,3644.2000,3642.8000,3642.2000,3641.0000,3649.8000,3650.0000,3650.4000,3651.2000,3651.8000,2,1,1,2,1,2,4,2,3,2
SF,IF2005,2020-03-26 09:32:37.200,3647.4000,1095,0,41573820.000,0,-,-,-,-,3645.8000,3645.6000,3644.2000,3642.8000,3642.2000,3649.6000,3649.8000,3650.0000,3650.4000,3651.2000,2,2,1,1,2,5,1,2,2,3
SF,IF2005,2020-03-26 09:32:37.700,3647.4000,1095,0,41573820.000,0,-,-,-,-,3644.2000,3642.8000,3642.2000,3641.0000,3640.8000,3649.4000,3649.6000,3649.8000,3650.0000,3650.4000,1,1,2,1,2,1,6,2,2,2
SF,IF2005,2020-03-26 09:32:38.200,3647.4000,1095,0,41573820.000,0,-,-,-,-,3644.4000,3644.2000,3642.8000,3642.2000,3641.0000,3649.2000,3649.4000,3649.6000,3649.8000,3650.0000,3,1,1,2,1,5,1,3,2,2
SF,IF2005,2020-03-26 09:32:38.700,3647.4000,1095,0,41573820.000,0,-,-,-,-,3647.8000,3644.6000,3644.4000,3644.2000,3642.8000,3648.4000,3649.2000,3649.6000,3649.8000,3650.0000,1,1,2,1,1,1,6,3,2,2
SF,IF2005,2020-03-26 09:32:39.200,3647.8000,1096,1,42668160.000,1,1,0,双开,S,3644.6000,3644.4000,3644.2000,3642.8000,3642.2000,3647.8000,3648.0000,3648.2000,3648.4000,3648.8000,1,1,1,1,2,9,2,2,1,1
SF,IF2005,2020-03-26 09:32:39.700,3647.8000,1096,0,42668160.000,0,-,-,-,-,3644.8000,3644.6000,3644.4000,3644.2000,3642.8000,3647.6000,3647.8000,3648.0000,3648.4000,3648.8000,1,1,1,1,1,3,8,3,1,1
SF,IF2005,2020-03-26 09:32:40.200,3647.8000,1096,0,42668160.000,0,-,-,-,-,3644.8000,3644.2000,3642.8000,3642.2000,3641.0000,3647.4000,3647.6000,3647.8000,3648.0000,3648.4000,1,1,1,2,1,1,3,8,3,1
SF,IF2005,2020-03-26 09:32:40.700,3647.8000,1096,0,42668160.000,0,-,-,-,-,3644.8000,3644.2000,3642.8000,3642.2000,3641.0000,3647.2000,3647.4000,3647.8000,3648.0000,3648.4000,1,1,1,2,1,3,1,1,3,1
SF,IF2005,2020-03-26 09:32:41.200,3647.8000,1096,0,42668160.000,0,-,-,-,-,3644.8000,3644.2000,3642.8000,3642.2000,3641.0000,3647.2000,3647.8000,3648.4000,3648.8000,3649.2000,1,1,1,2,1,2,1,1,1,3
SF,IF2005,2020-03-26 09:32:41.700,3647.8000,1096,0,42668160.000,0,-,-,-,-,3644.8000,3644.2000,3642.8000,3642.2000,3641.0000,3647.2000,3647.8000,3648.4000,3648.8000,3649.2000,1,1,1,2,1,2,1,1,1,3
SF,IF2005,2020-03-26 09:32:42.200,3647.8000,1096,0,42668160.000,0,-,-,-,-,3644.8000,3644.2000,3642.8000,3642.2000,3641.0000,3647.2000,3648.4000,3648.8000,3649.2000,3649.6000,1,1,1,2,1,1,1,1,3,3
SF,IF2005,2020-03-26 09:32:42.700,3647.8000,1096,0,42668160.000,0,-,-,-,-,3644.8000,3644.2000,3642.8000,3642.2000,3641.0000,3647.2000,3648.8000,3649.2000,3649.6000,3649.8000,1,1,1,2,1,1,1,3,3,2
SF,IF2005,2020-03-26 09:32:43.200,3647.8000,1096,0,42668160.000,0,-,-,-,-,3645.0000,3644.8000,3644.2000,3642.8000,3642.2000,3647.2000,3648.8000,3649.2000,3649.6000,3649.8000,1,1,1,1,2,1,1,3,3,2
SF,IF2005,2020-03-26 09:32:43.700,3647.8000,1096,0,42668160.000,0,-,-,-,-,3644.8000,3644.2000,3642.8000,3642.2000,3641.0000,3647.2000,3648.8000,3649.2000,3649.6000,3649.8000,1,1,1,2,1,1,1,3,3,2
SF,IF2005,2020-03-26 09:32:44.700,3647.8000,1096,0,42668160.000,0,-,-,-,-,3645.0000,3644.8000,3644.2000,3642.8000,3642.2000,3647.2000,3648.8000,3649.2000,3649.6000,3649.8000,1,1,1,1,2,1,1,3,3,2
SF,IF2005,2020-03-26 09:32:45.200,3647.8000,1096,0,42668160.000,0,-,-,-,-,3645.2000,3644.2000,3642.8000,3642.2000,3641.0000,3647.2000,3648.8000,3649.2000,3649.6000,3649.8000,1,1,1,2,1,1,1,2,3,2
SF,IF2005,2020-03-26 09:32:45.700,3647.8000,1096,0,42668160.000,0,-,-,-,-,3644.2000,3642.8000,3642.2000,3641.0000,3640.8000,3647.0000,3647.2000,3648.8000,3649.2000,3649.6000,1,1,2,1,2,1,1,1,2,3
SF,IF2005,2020-03-26 09:32:46.200,3647.8000,1096,0,42668160.000,0,-,-,-,-,3644.4000,3644.2000,3642.8000,3642.2000,3641.0000,3647.2000,3648.8000,3649.2000,3649.6000,3649.8000,2,1,1,2,1,1,1,2,3,2
SF,IF2005,2020-03-26 09:32:48.200,3647.8000,1096,0,42668160.000,0,-,-,-,-,3644.6000,3644.4000,3644.2000,3642.8000,3642.2000,3647.2000,3648.8000,3649.2000,3649.6000,3649.8000,3,2,1,1,2,1,1,2,3,2
SF,IF2005,2020-03-26 09:32:48.700,3647.2000,1095,-1,43762320.000,1,0,1,双平,S,3644.8000,3644.6000,3644.4000,3644.2000,3642.8000,3649.2000,3649.6000,3649.8000,3650.0000,3650.4000,2,3,1,1,1,2,3,2,2,2
SF,IF2005,2020-03-26 09:32:49.200,3647.2000,1095,0,43762320.000,0,-,-,-,-,3645.0000,3644.8000,3644.6000,3644.4000,3644.2000,3649.0000,3649.2000,3649.6000,3649.8000,3650.0000,2,2,2,1,1,2,2,3,2,2
SF,IF2005,2020-03-26 09:32:49.700,3647.2000,1095,0,43762320.000,0,-,-,-,-,3645.2000,3645.0000,3644.8000,3644.6000,3644.4000,3649.0000,3649.2000,3649.6000,3649.8000,3650.0000,3,2,1,1,1,2,2,3,1,2
SF,IF2005,2020-03-26 09:32:50.200,3647.2000,1095,0,43762320.000,0,-,-,-,-,3645.4000,3645.2000,3645.0000,3644.8000,3644.4000,3649.0000,3649.2000,3649.6000,3649.8000,3650.0000,2,3,1,1,1,2,2,3,1,2
SF,IF2005,2020-03-26 09:32:50.700,3647.2000,1095,0,43762320.000,0,-,-,-,-,3647.2000,3645.6000,3645.4000,3645.2000,3645.0000,3649.0000,3649.2000,3649.6000,3650.0000,3650.4000,2,3,2,1,1,1,2,3,1,2
SF,IF2005,2020-03-26 09:32:51.200,3647.2000,1095,0,45950640.000,2,1,1,多换,S,3645.0000,3644.8000,3644.4000,3644.2000,3642.8000,3647.2000,3648.4000,3648.8000,3649.0000,3649.2000,1,1,1,1,1,1,1,2,1,2
SF,IF2005,2020-03-26 09:32:51.700,3647.2000,1095,0,47044800.000,1,0,1,多换,S,3645.2000,3645.0000,3642.8000,3642.2000,3641.0000,3648.8000,3649.0000,3649.6000,3650.4000,3651.2000,2,1,1,2,1,3,1,1,2,1
SF,IF2005,2020-03-26 09:32:52.200,3647.2000,1095,0,47044800.000,0,-,-,-,-,3645.4000,3645.2000,3645.0000,3642.8000,3642.2000,3648.6000,3648.8000,3649.6000,3650.4000,3651.2000,1,2,1,1,2,1,3,1,2,1
SF,IF2005,2020-03-26 09:32:52.700,3647.2000,1095,0,47044800.000,0,-,-,-,-,3645.6000,3645.4000,3645.0000,3642.8000,3642.2000,3648.6000,3648.8000,3649.6000,3650.4000,3651.2000,2,1,1,1,2,1,1,1,2,1
SF,IF2005,2020-03-26 09:32:53.200,3647.2000,1095,0,47044800.000,0,-,-,-,-,3645.8000,3645.6000,3645.4000,3642.8000,3642.2000,3648.6000,3648.8000,3649.6000,3650.4000,3651.2000,1,2,1,1,2,1,1,1,2,1
SF,IF2005,2020-03-26 09:32:53.700,3647.2000,1095,0,47044800.000,0,-,-,-,-,3646.0000,3645.8000,3645.4000,3642.8000,3642.2000,3650.4000,3651.2000,3652.6000,3654.2000,3658.4000,2,1,1,1,2,2,1,1,2,3
SF,IF2005,2020-03-26 09:32:54.200,3647.2000,1095,0,47044800.000,0,-,-,-,-,3646.2000,3646.0000,3645.8000,3642.8000,3642.2000,3650.2000,3650.4000,3652.6000,3654.2000,3658.4000,1,2,1,1,2,2,1,1,2,3
SF,IF2005,2020-03-26 09:32:54.700,3647.2000,1095,0,47044800.000,0,-,-,-,-,3646.4000,3646.2000,3646.0000,3645.8000,3642.2000,3650.2000,3650.4000,3652.6000,3654.2000,3658.4000,1,1,1,1,2,2,1,1,2,3
SF,IF2005,2020-03-26 09:32:55.200,3647.2000,1095,0,47044800.000,0,-,-,-,-,3646.4000,3646.2000,3645.8000,3642.2000,3641.0000,3650.2000,3650.4000,3652.6000,3654.2000,3658.4000,2,1,1,2,1,2,1,1,2,3
SF,IF2005,2020-03-26 09:32:55.700,3647.2000,1095,0,47044800.000,0,-,-,-,-,3646.6000,3646.4000,3646.2000,3642.2000,3641.0000,3650.2000,3654.2000,3658.4000,3659.6000,3659.8000,2,2,1,2,1,2,2,3,2,1
SF,IF2005,2020-03-26 09:32:56.200,3647.2000,1095,0,47044800.000,0,-,-,-,-,3646.8000,3646.6000,3646.2000,3642.2000,3641.0000,3650.2000,3654.2000,3658.4000,3659.6000,3659.8000,2,3,1,2,1,2,2,3,2,1
SF,IF2005,2020-03-26 09:32:56.700,3647.2000,1095,0,47044800.000,0,-,-,-,-,3647.0000,3646.8000,3646.6000,3646.2000,3642.2000,3650.2000,3654.2000,3658.4000,3659.6000,3659.8000,1,2,3,1,2,2,2,3,2,1
SF,IF2005,2020-03-26 09:32:57.200,3647.2000,1095,0,47044800.000,0,-,-,-,-,3647.2000,3647.0000,3646.6000,3646.2000,3642.2000,3650.2000,3654.2000,3658.4000,3659.6000,3659.8000,2,1,3,1,2,2,2,3,2,1
SF,IF2005,2020-03-26 09:32:57.700,3647.2000,1095,0,47044800.000,0,-,-,-,-,3647.4000,3647.2000,3647.0000,3646.6000,3642.2000,3650.2000,3654.2000,3658.4000,3659.6000,3659.8000,2,3,1,2,2,2,2,3,2,1
SF,IF2005,2020-03-26 09:32:58.200,3647.2000,1095,0,47044800.000,0,-,-,-,-,3647.6000,3647.4000,3647.2000,3647.0000,3646.6000,3650.2000,3658.4000,3659.6000,3659.8000,3660.0000,1,2,2,1,2,1,3,2,1,6
SF,IF2005,2020-03-26 09:32:58.700,3647.2000,1095,0,47044800.000,0,-,-,-,-,3647.8000,3647.6000,3647.4000,3647.2000,3647.0000,3658.4000,3659.6000,3659.8000,3660.0000,3705.4000,1,2,2,1,1,3,2,1,6,5
SF,IF2005,2020-03-26 09:32:59.200,3647.2000,1095,0,47044800.000,0,-,-,-,-,3648.0000,3647.4000,3647.2000,3647.0000,3646.6000,3650.0000,3651.2000,3651.4000,3651.8000,3652.2000,1,1,1,1,2,1,2,1,2,1
SF,IF2005,2020-03-26 09:32:59.700,3647.2000,1095,0,47044800.000,0,-,-,-,-,3648.0000,3647.2000,3647.0000,3646.6000,3642.2000,3651.2000,3651.4000,3651.8000,3653.0000,3653.4000,1,1,1,2,2,1,1,2,1,1
SF,IF2005,2020-03-26 09:33:00.200,3647.2000,1095,0,47044800.000,0,-,-,-,-,3648.0000,3647.2000,3647.0000,3646.6000,3642.2000,3651.0000,3651.2000,3651.4000,3651.8000,3653.0000,1,1,1,2,2,1,1,1,2,1
SF,IF2005,2020-03-26 09:33:00.700,3647.2000,1095,0,47044800.000,0,-,-,-,-,3648.0000,3647.2000,3647.0000,3646.6000,3642.2000,3651.0000,3651.4000,3651.8000,3653.0000,3654.0000,1,1,1,2,2,1,1,2,1,1
SF,IF2005,2020-03-26 09:33:01.200,3647.2000,1095,0,47044800.000,0,-,-,-,-,3648.0000,3647.2000,3647.0000,3646.6000,3643.4000,3650.8000,3651.0000,3651.4000,3651.8000,3653.0000,1,1,1,2,2,1,1,1,2,1
SF,IF2005,2020-03-26 09:33:01.700,3647.2000,1095,0,47044800.000,0,-,-,-,-,3648.0000,3647.2000,3647.0000,3646.6000,3643.4000,3651.0000,3651.4000,3651.8000,3653.0000,3654.0000,1,1,1,2,2,1,1,2,1,1
SF,IF2005,2020-03-26 09:33:02.200,3647.2000,1095,0,47044800.000,0,-,-,-,-,3648.0000,3647.2000,3647.0000,3646.6000,3643.4000,3650.8000,3651.2000,3651.8000,3653.0000,3654.0000,1,1,1,2,2,1,1,2,1,1
SF,IF2005,2020-03-26 09:33:02.700,3647.2000,1095,0,47044800.000,0,-,-,-,-,3648.0000,3647.2000,3647.0000,3646.6000,3643.4000,3650.6000,3650.8000,3651.0000,3651.8000,3653.0000,1,1,1,2,2,1,1,1,2,1
SF,IF2005,2020-03-26 09:33:03.200,3647.2000,1095,0,47044800.000,0,-,-,-,-,3648.0000,3647.2000,3647.0000,3646.6000,3643.4000,3650.4000,3650.6000,3651.8000,3653.0000,3654.0000,1,1,1,2,2,1,1,2,1,1
SF,IF2005,2020-03-26 09:33:03.700,3647.2000,1095,0,47044800.000,0,-,-,-,-,3648.2000,3648.0000,3647.2000,3647.0000,3646.6000,3651.8000,3653.0000,3654.0000,3654.4000,3655.6000,1,1,1,1,2,2,1,1,1,1
SF,IF2005,2020-03-26 09:33:04.200,3647.2000,1095,0,47044800.000,0,-,-,-,-,3648.4000,3647.2000,3647.0000,3646.6000,3643.4000,3651.6000,3651.8000,3653.0000,3654.0000,3654.4000,1,1,1,2,2,3,2,1,1,1
SF,IF2005,2020-03-26 09:33:04.700,3647.2000,1095,0,47044800.000,0,-,-,-,-,3648.4000,3647.2000,3647.0000,3646.6000,3643.4000,3651.2000,3651.4000,3651.6000,3651.8000,3653.0000,1,1,1,2,2,1,1,4,2,1
SF,IF2005,2020-03-26 09:33:05.200,3647.2000,1095,0,47044800.000,0,-,-,-,-,3648.4000,3647.2000,3647.0000,3646.6000,3643.4000,3651.0000,3651.6000,3651.8000,3653.0000,3654.0000,1,1,1,2,2,1,3,2,1,1
SF,IF2005,2020-03-26 09:33:05.700,3647.2000,1095,0,47044800.000,0,-,-,-,-,3648.6000,3648.4000,3647.2000,3647.0000,3646.6000,3651.0000,3651.6000,3651.8000,3653.0000,3654.0000,1,1,1,1,2,1,2,2,1,1
SF,IF2005,2020-03-26 09:33:06.200,3647.2000,1095,0,47044800.000,0,-,-,-,-,3648.4000,3647.2000,3647.0000,3646.6000,3643.4000,3651.0000,3651.2000,3651.6000,3651.8000,3653.0000,1,1,1,1,2,1,1,2,2,1
SF,IF2005,2020-03-26 09:33:06.700,3647.2000,1095,0,47044800.000,0,-,-,-,-,3648.4000,3647.2000,3647.0000,3646.6000,3643.4000,3651.0000,3651.6000,3651.8000,3653.0000,3654.0000,1,1,1,1,2,1,2,2,1,1
SF,IF2005,2020-03-26 09:33:07.200,3647.2000,1095,0,47044800.000,0,-,-,-,-,3648.4000,3647.2000,3647.0000,3646.6000,3643.4000,3651.0000,3651.6000,3651.8000,3653.0000,3654.0000,1,1,1,1,2,1,2,2,1,1
SF,IF2005,2020-03-26 09:33:08.700,3647.2000,1095,0,47044800.000,0,-,-,-,-,3648.6000,3648.4000,3647.2000,3647.0000,3646.6000,3651.0000,3653.0000,3654.0000,3654.4000,3655.6000,1,1,1,1,1,1,1,1,1,1
SF,IF2005,2020-03-26 09:33:09.200,3647.2000,1095,0,47044800.000,0,-,-,-,-,3648.8000,3648.6000,3647.2000,3647.0000,3646.6000,3653.0000,3654.0000,3654.4000,3655.6000,3656.4000,1,1,1,1,1,1,1,1,1,1
SF,IF2005,2020-03-26 09:33:09.700,3647.2000,1095,0,47044800.000,0,-,-,-,-,3648.8000,3648.6000,3647.2000,3647.0000,3646.6000,3652.8000,3653.0000,3654.0000,3654.4000,3655.6000,1,1,1,1,1,2,2,1,1,1
SF,IF2005,2020-03-26 09:33:10.200,3647.2000,1095,0,47044800.000,0,-,-,-,-,3649.0000,3648.8000,3647.2000,3647.0000,3646.6000,3652.8000,3653.0000,3654.0000,3654.4000,3655.6000,1,1,1,1,1,3,2,1,1,1
SF,IF2005,2020-03-26 09:33:10.700,3647.2000,1095,0,47044800.000,0,-,-,-,-,3649.2000,3649.0000,3647.2000,3646.6000,3643.4000,3652.8000,3653.0000,3654.0000,3654.4000,3655.6000,1,1,1,1,2,3,2,1,1,1
SF,IF2005,2020-03-26 09:33:11.200,3647.2000,1095,0,47044800.000,0,-,-,-,-,3649.4000,3649.2000,3647.2000,3646.6000,3643.4000,3652.8000,3653.0000,3654.0000,3654.4000,3655.6000,1,1,1,1,2,3,2,1,1,1
SF,IF2005,2020-03-26 09:33:11.700,3647.2000,1095,0,47044800.000,0,-,-,-,-,3649.6000,3647.2000,3646.6000,3643.4000,3642.2000,3652.6000,3652.8000,3653.0000,3654.0000,3654.4000,1,1,1,2,1,1,3,2,1,1
SF,IF2005,2020-03-26 09:33:12.200,3647.2000,1095,0,47044800.000,0,-,-,-,-,3649.6000,3647.2000,3646.6000,3643.4000,3642.2000,3652.4000,3652.6000,3652.8000,3653.0000,3654.0000,1,1,1,2,1,2,1,2,2,1
SF,IF2005,2020-03-26 09:33:12.700,3647.2000,1095,0,47044800.000,0,-,-,-,-,3649.6000,3647.2000,3646.6000,3643.4000,3642.2000,3652.2000,3652.4000,3652.6000,3652.8000,3653.0000,1,1,1,2,1,2,2,1,2,2
SF,IF2005,2020-03-26 09:33:13.200,3647.2000,1095,0,47044800.000,0,-,-,-,-,3649.6000,3647.2000,3646.6000,3643.4000,3642.2000,3652.0000,3652.2000,3652.6000,3652.8000,3653.0000,1,1,1,2,1,2,2,1,2,2
SF,IF2005,2020-03-26 09:33:13.700,3647.2000,1095,0,47044800.000,0,-,-,-,-,3649.6000,3647.2000,3646.6000,3643.4000,3642.2000,3652.0000,3652.6000,3652.8000,3653.0000,3654.0000,1,1,1,2,1,1,1,1,1,1
SF,IF2005,2020-03-26 09:33:14.200,3647.2000,1095,0,47044800.000,0,-,-,-,-,3649.6000,3647.2000,3646.6000,3643.4000,3642.2000,3652.0000,3652.6000,3652.8000,3653.0000,3654.0000,1,1,1,2,1,1,1,1,1,1
SF,IF2005,2020-03-26 09:33:14.700,3647.2000,1095,0,47044800.000,0,-,-,-,-,3649.6000,3647.2000,3646.6000,3643.4000,3642.2000,3652.0000,3652.8000,3654.0000,3654.4000,3655.6000,1,1,1,2,1,1,1,1,1,1
SF,IF2005,2020-03-26 09:33:15.200,3652.0000,1094,-1,48140400.000,1,0,1,双平,S,3649.8000,3649.6000,3647.2000,3646.6000,3643.4000,3652.8000,3654.0000,3654.4000,3655.6000,3656.4000,3,1,1,1,2,1,1,1,1,1
SF,IF2005,2020-03-26 09:33:15.700,3652.8000,1093,-1,49236240.000,1,0,1,双平,S,3650.0000,3649.8000,3647.2000,3643.4000,3642.2000,3654.0000,3655.6000,3656.4000,3658.4000,3660.0000,2,4,1,2,1,1,1,1,3,6
SF,IF2005,2020-03-26 09:33:16.200,3652.8000,1093,0,49236240.000,0,-,-,-,-,3650.2000,3650.0000,3649.8000,3647.2000,3643.4000,3653.8000,3654.0000,3655.6000,3656.4000,3658.4000,3,2,2,1,2,2,1,1,1,3
SF,IF2005,2020-03-26 09:33:16.700,3652.8000,1093,0,49236240.000,0,-,-,-,-,3650.4000,3650.2000,3650.0000,3649.8000,3647.2000,3653.8000,3654.0000,3655.6000,3656.4000,3658.4000,1,3,1,2,1,2,1,1,1,3
SF,IF2005,2020-03-26 09:33:17.200,3652.8000,1093,0,49236240.000,0,-,-,-,-,3650.6000,3650.4000,3650.2000,3649.8000,3647.6000,3653.8000,3654.0000,3655.6000,3656.4000,3658.4000,3,2,1,2,2,2,1,1,1,3
SF,IF2005,2020-03-26 09:33:17.700,3652.8000,1093,0,49236240.000,0,-,-,-,-,3650.8000,3650.6000,3650.4000,3650.2000,3649.8000,3653.8000,3654.0000,3655.6000,3656.4000,3658.4000,1,3,1,1,2,2,1,1,1,3
SF,IF2005,2020-03-26 09:33:18.200,3652.8000,1093,0,49236240.000,0,-,-,-,-,3651.0000,3650.8000,3650.6000,3650.4000,3650.2000,3653.8000,3654.0000,3655.6000,3656.4000,3658.4000,1,1,2,1,1,2,1,1,1,3
SF,IF2005,2020-03-26 09:33:18.700,3652.8000,1093,0,49236240.000,0,-,-,-,-,3651.2000,3650.2000,3649.8000,3647.6000,3642.2000,3653.6000,3653.8000,3654.0000,3655.6000,3656.4000,1,1,2,2,1,1,2,2,1,1
SF,IF2005,2020-03-26 09:33:19.200,3652.8000,1093,0,49236240.000,0,-,-,-,-,3651.2000,3650.2000,3649.8000,3647.6000,3642.2000,3653.4000,3653.8000,3654.0000,3655.6000,3656.4000,1,1,2,2,1,2,2,1,1,1
SF,IF2005,2020-03-26 09:33:19.700,3652.8000,1093,0,49236240.000,0,-,-,-,-,3651.2000,3650.2000,3649.8000,3647.6000,3642.2000,3653.4000,3653.8000,3654.0000,3655.6000,3656.4000,1,1,2,2,1,2,2,1,1,1
SF,IF2005,2020-03-26 09:33:20.200,3651.2000,1092,-1,50331600.000,1,0,1,双平,S,3642.2000,3641.0000,3640.2000,3636.0000,3630.0000,3653.4000,3653.8000,3654.0000,3655.0000,3655.6000,1,1,1,1,3,2,2,1,2,1
SF,IF2005,2020-03-26 09:33:20.700,3651.2000,1092,0,50331600.000,0,-,-,-,-,3649.0000,3648.2000,3648.0000,3647.8000,3645.6000,3653.0000,3653.2000,3653.4000,3653.8000,3654.0000,1,1,3,2,2,1,4,2,2,1
SF,IF2005,2020-03-26 09:33:21.200,3651.2000,1092,0,50331600.000,0,-,-,-,-,3649.2000,3645.6000,3645.2000,3644.8000,3643.2000,3652.8000,3653.0000,3653.2000,3653.4000,3653.8000,1,2,1,1,1,5,1,2,1,2
SF,IF2005,2020-03-26 09:33:21.700,3651.2000,1092,0,50331600.000,0,-,-,-,-,3645.6000,3645.2000,3644.8000,3644.0000,3643.2000,3651.8000,3652.2000,3652.8000,3653.0000,3653.2000,2,1,1,2,1,2,1,6,1,2
SF,IF2005,2020-03-26 09:33:22.200,3651.2000,1092,0,50331600.000,0,-,-,-,-,3647.4000,3646.0000,3645.8000,3645.6000,3645.2000,3651.6000,3651.8000,3652.8000,3653.0000,3653.2000,1,1,4,2,1,4,3,3,1,2
SF,IF2005,2020-03-26 09:33:22.700,3651.2000,1092,0,50331600.000,0,-,-,-,-,3647.6000,3645.8000,3645.6000,3645.2000,3644.8000,3651.2000,3651.4000,3651.6000,3651.8000,3652.8000,1,3,2,1,1,1,3,5,2,3
SF,IF2005,2020-03-26 09:33:23.200,3651.2000,1092,0,50331600.000,0,-,-,-,-,3647.6000,3645.8000,3645.6000,3645.2000,3644.8000,3651.0000,3651.2000,3651.4000,3651.6000,3651.8000,3,2,2,1,1,4,3,3,2,2
SF,IF2005,2020-03-26 09:33:23.700,3651.2000,1092,0,50331600.000,0,-,-,-,-,3647.8000,3647.6000,3645.8000,3645.6000,3645.2000,3651.0000,3651.4000,3651.6000,3651.8000,3652.8000,1,4,2,2,1,1,1,2,2,3
SF,IF2005,2020-03-26 09:33:24.200,3651.0000,1091,-1,51426900.000,1,0,1,双平,S,3648.0000,3647.8000,3647.6000,3645.8000,3645.6000,3652.8000,3653.0000,3653.2000,3653.4000,3653.8000,2,1,1,2,2,2,1,2,1,2
SF,IF2005,2020-03-26 09:33:24.700,3651.0000,1091,0,51426900.000,0,-,-,-,-,3648.4000,3648.2000,3648.0000,3647.8000,3647.6000,3652.8000,3653.2000,3653.4000,3653.8000,3655.6000,2,3,6,1,1,3,1,1,2,1
SF,IF2005,2020-03-26 09:33:25.200,3651.0000,1091,0,51426900.000,0,-,-,-,-,3648.6000,3648.4000,3648.2000,3648.0000,3647.6000,3652.6000,3652.8000,3653.2000,3653.4000,3653.8000,3,2,3,5,1,2,3,1,1,2
SF,IF2005,2020-03-26 09:33:25.700,3651.0000,1091,0,51426900.000,0,-,-,-,-,3651.0000,3648.6000,3648.4000,3648.2000,3648.0000,3653.2000,3653.4000,3653.8000,3655.6000,3656.4000,1,5,1,2,5,1,1,2,1,1
SF,IF2005,2020-03-26 09:33:26.200,3651.0000,1091,0,51426900.000,0,-,-,-,-,3651.0000,3649.6000,3648.8000,3648.6000,3648.4000,3653.0000,3653.4000,3653.8000,3655.6000,3656.4000,1,1,1,4,1,1,1,2,1,1
SF,IF2005,2020-03-26 09:33:27.200,3651.0000,1091,0,51426900.000,0,-,-,-,-,3651.0000,3649.6000,3648.8000,3648.6000,3648.4000,3653.0000,3653.8000,3655.6000,3656.4000,3658.4000,1,1,1,4,1,1,2,1,1,3
SF,IF2005,2020-03-26 09:33:27.700,3651.0000,1091,0,51426900.000,0,-,-,-,-,3651.2000,3651.0000,3649.6000,3648.8000,3648.6000,3653.8000,3655.6000,3656.4000,3658.4000,3660.0000,1,1,1,1,3,2,1,1,3,6
SF,IF2005,2020-03-26 09:33:28.200,3651.0000,1091,0,51426900.000,0,-,-,-,-,3651.2000,3651.0000,3649.6000,3648.8000,3648.6000,3653.6000,3653.8000,3655.6000,3656.4000,3658.4000,1,1,1,1,3,2,3,1,1,3
SF,IF2005,2020-03-26 09:33:28.700,3651.0000,1091,0,51426900.000,0,-,-,-,-,3651.2000,3651.0000,3649.6000,3648.8000,3648.6000,3653.6000,3653.8000,3655.6000,3656.4000,3658.4000,1,1,1,1,3,3,2,1,1,3
SF,IF2005,2020-03-26 09:33:29.700,3651.0000,1091,0,51426900.000,0,-,-,-,-,3651.2000,3651.0000,3649.6000,3648.8000,3648.6000,3653.6000,3653.8000,3655.6000,3656.4000,3658.4000,1,1,1,1,3,2,2,1,1,3
SF,IF2005,2020-03-26 09:33:30.200,3651.0000,1091,0,51426900.000,0,-,-,-,-,3651.2000,3651.0000,3649.6000,3648.8000,3648.6000,3653.6000,3653.8000,3655.6000,3656.4000,3658.4000,1,1,1,1,3,2,2,1,1,3
SF,IF2005,2020-03-26 09:33:30.700,3651.0000,1091,0,51426900.000,0,-,-,-,-,3651.2000,3651.0000,3649.6000,3648.8000,3648.6000,3653.4000,3653.6000,3653.8000,3655.6000,3656.4000,1,1,1,1,3,1,2,2,1,1
SF,IF2005,2020-03-26 09:33:31.200,3651.0000,1091,0,51426900.000,0,-,-,-,-,3651.2000,3651.0000,3649.6000,3648.8000,3648.6000,3653.4000,3653.6000,3653.8000,3655.6000,3656.4000,1,1,1,1,3,1,1,2,1,1
SF,IF2005,2020-03-26 09:33:31.700,3651.0000,1091,0,51426900.000,0,-,-,-,-,3651.2000,3651.0000,3649.6000,3648.8000,3648.6000,3653.6000,3653.8000,3655.6000,3656.4000,3658.4000,1,1,1,1,3,1,2,1,1,3
SF,IF2005,2020-03-26 09:33:32.200,3651.0000,1091,0,51426900.000,0,-,-,-,-,3651.2000,3651.0000,3649.6000,3648.8000,3648.6000,3653.6000,3653.8000,3655.6000,3656.4000,3658.4000,1,1,1,1,3,2,2,1,1,3
SF,IF2005,2020-03-26 09:33:33.200,3651.0000,1091,0,51426900.000,0,-,-,-,-,3651.2000,3651.0000,3649.6000,3648.8000,3648.6000,3653.6000,3653.8000,3655.6000,3656.4000,3658.4000,1,1,1,1,3,2,2,1,1,3
SF,IF2005,2020-03-26 09:33:33.700,3651.0000,1091,0,51426900.000,0,-,-,-,-,3651.2000,3651.0000,3649.6000,3648.8000,3648.6000,3653.6000,3653.8000,3655.6000,3656.4000,3658.4000,1,1,1,1,3,2,2,1,1,3
SF,IF2005,2020-03-26 09:33:34.200,3651.0000,1091,0,51426900.000,0,-,-,-,-,3651.2000,3651.0000,3649.6000,3648.8000,3648.6000,3653.6000,3653.8000,3655.6000,3656.4000,3658.4000,1,1,1,1,3,2,2,1,1,3
SF,IF2005,2020-03-26 09:33:34.700,3651.0000,1091,0,51426900.000,0,-,-,-,-,3651.2000,3651.0000,3649.6000,3648.8000,3648.6000,3653.4000,3653.6000,3653.8000,3655.6000,3656.4000,1,1,1,1,3,2,2,2,1,1
SF,IF2005,2020-03-26 09:33:35.200,3651.0000,1091,0,51426900.000,0,-,-,-,-,3651.2000,3651.0000,3649.6000,3648.8000,3648.6000,3653.4000,3653.6000,3653.8000,3655.6000,3656.4000,1,1,1,1,3,3,1,2,1,1
SF,IF2005,2020-03-26 09:33:36.200,3651.2000,1090,-1,52522260.000,1,0,1,双平,S,3651.0000,3649.6000,3648.8000,3648.6000,3648.4000,3653.4000,3653.6000,3653.8000,3655.6000,3656.4000,1,1,1,3,1,3,1,2,1,1
SF,IF2005,2020-03-26 09:33:36.700,3651.0000,1090,0,53617560.000,1,0,1,多换,S,3648.8000,3648.6000,3648.2000,3648.0000,3647.2000,3653.2000,3653.4000,3653.8000,3655.6000,3656.4000,1,3,1,4,2,3,4,2,1,1
SF,IF2005,2020-03-26 09:33:37.200,3651.0000,1090,0,53617560.000,0,-,-,-,-,3649.0000,3648.8000,3648.6000,3648.2000,3647.2000,3653.0000,3653.2000,3653.4000,3653.8000,3655.6000,2,1,1,1,2,1,4,3,2,1
SF,IF2005,2020-03-26 09:33:37.700,3651.0000,1090,0,53617560.000,0,-,-,-,-,3650.0000,3649.0000,3648.8000,3648.6000,3648.2000,3652.8000,3653.8000,3655.6000,3656.4000,3658.4000,1,3,2,1,1,1,2,1,1,3
SF,IF2005,2020-03-26 09:33:38.200,3651.0000,1090,0,53617560.000,0,-,-,-,-,3650.2000,3649.2000,3649.0000,3648.8000,3648.2000,3652.8000,3653.8000,3655.6000,3656.4000,3658.4000,2,1,1,1,1,1,2,1,1,3
SF,IF2005,2020-03-26 09:33:38.700,3651.0000,1090,0,53617560.000,0,-,-,-,-,3650.4000,3650.2000,3649.0000,3648.8000,3648.2000,3653.8000,3655.6000,3656.4000,3658.4000,3660.0000,2,2,1,1,1,2,1,1,3,6
SF,IF2005,2020-03-26 09:33:39.200,3651.0000,1090,0,53617560.000,0,-,-,-,-,3650.6000,3650.4000,3649.0000,3648.8000,3648.2000,3653.6000,3653.8000,3655.6000,3656.4000,3658.4000,2,2,1,1,1,1,3,1,1,3
SF,IF2005,2020-03-26 09:33:39.700,3651.0000,1090,0,53617560.000,0,-,-,-,-,3650.8000,3650.6000,3650.4000,3649.0000,3648.8000,3655.6000,3656.4000,3658.4000,3660.0000,3682.4000,1,5,1,1,1,1,1,3,6,1
SF,IF2005,2020-03-26 09:33:40.200,3651.0000,1090,0,53617560.000,0,-,-,-,-,3651.0000,3650.8000,3650.6000,3650.4000,3649.0000,3655.4000,3655.6000,3656.4000,3658.4000,3660.0000,3,1,3,1,1,5,5,1,3,6
SF,IF2005,2020-03-26 09:33:40.700,3651.0000,1090,0,53617560.000,0,-,-,-,-,3651.0000,3650.8000,3650.6000,3650.4000,3648.8000,3655.4000,3655.6000,3656.4000,3658.4000,3660.0000,4,1,2,1,1,7,4,1,3,6
SF,IF2005,2020-03-26 09:33:41.200,3651.0000,1090,0,53617560.000,0,-,-,-,-,3651.0000,3650.8000,3650.6000,3650.4000,3648.8000,3655.4000,3655.6000,3656.4000,3658.4000,3660.0000,4,1,2,1,1,7,4,1,3,6
SF,IF2005,2020-03-26 09:33:41.700,3651.0000,1090,0,53617560.000,0,-,-,-,-,3651.0000,3650.8000,3650.6000,3650.4000,3648.8000,3655.4000,3655.6000,3656.4000,3658.4000,3660.0000,4,1,2,1,1,7,4,1,3,6
SF,IF2005,2020-03-26 09:33:42.200,3651.0000,1090,0,53617560.000,0,-,-,-,-,3651.0000,3650.8000,3650.6000,3650.4000,3648.8000,3655.4000,3655.6000,3656.4000,3658.4000,3660.0000,2,1,2,1,1,7,4,1,3,6
SF,IF2005,2020-03-26 09:33:42.700,3651.0000,1090,0,53617560.000,0,-,-,-,-,3651.0000,3650.8000,3650.6000,3650.4000,3648.8000,3655.4000,3655.6000,3656.4000,3658.4000,3660.0000,2,1,2,1,1,7,4,1,3,6
SF,IF2005,2020-03-26 09:33:43.200,3651.0000,1090,0,53617560.000,0,-,-,-,-,3651.2000,3651.0000,3650.8000,3650.6000,3650.4000,3655.4000,3655.6000,3656.4000,3658.4000,3660.0000,2,2,1,2,1,7,4,1,3,6
SF,IF2005,2020-03-26 09:33:43.700,3651.0000,1090,0,53617560.000,0,-,-,-,-,3651.4000,3651.0000,3650.8000,3650.6000,3650.4000,3654.4000,3655.2000,3655.4000,3655.6000,3656.4000,1,1,1,2,1,1,1,7,4,1
SF,IF2005,2020-03-26 09:33:44.200,3651.0000,1090,0,53617560.000,0,-,-,-,-,3651.4000,3651.0000,3648.8000,3645.8000,3645.2000,3654.2000,3654.4000,3655.2000,3655.4000,3655.6000,1,1,1,1,1,3,1,1,5,4
SF,IF2005,2020-03-26 09:33:44.700,3651.0000,1090,0,53617560.000,0,-,-,-,-,3651.4000,3651.0000,3648.8000,3645.8000,3645.2000,3654.2000,3654.4000,3655.2000,3655.4000,3655.6000,1,1,1,1,1,4,1,1,5,4
SF,IF2005,2020-03-26 09:33:45.200,3651.0000,1090,0,53617560.000,0,-,-,-,-,3651.4000,3651.0000,3648.8000,3645.8000,3645.2000,3654.0000,3654.2000,3654.4000,3655.2000,3655.4000,1,1,1,1,1,1,4,1,1,5
SF,IF2005,2020-03-26 09:33:45.700,3651.0000,1090,0,53617560.000,0,-,-,-,-,3651.4000,3651.0000,3648.8000,3645.8000,3645.2000,3653.8000,3654.0000,3654.2000,3654.4000,3655.2000,1,1,1,1,1,3,2,2,1,1
SF,IF2005,2020-03-26 09:33:46.200,3651.0000,1090,0,53617560.000,0,-,-,-,-,3651.4000,3651.0000,3648.8000,3645.8000,3645.2000,3653.8000,3654.0000,3654.2000,3654.4000,3655.2000,1,1,1,1,1,4,2,2,1,1
SF,IF2005,2020-03-26 09:33:46.700,3651.0000,1090,0,53617560.000,0,-,-,-,-,3651.4000,3651.0000,3648.8000,3645.8000,3645.2000,3653.8000,3654.2000,3654.4000,3655.2000,3655.4000,1,1,1,1,1,4,2,1,1,5
SF,IF2005,2020-03-26 09:33:49.700,3651.0000,1090,0,53617560.000,0,-,-,-,-,3651.4000,3651.0000,3648.8000,3645.8000,3645.2000,3653.8000,3654.2000,3655.2000,3655.4000,3655.6000,1,1,1,1,1,2,2,1,5,4
SF,IF2005,2020-03-26 09:33:50.200,3653.8000,1089,-1,54713700.000,1,0,1,双平,S,3651.6000,3651.4000,3648.8000,3645.8000,3645.2000,3655.4000,3655.6000,3656.4000,3658.4000,3660.0000,3,2,1,1,1,5,4,1,3,6
SF,IF2005,2020-03-26 09:33:50.700,3653.8000,1089,0,54713700.000,0,-,-,-,-,3651.8000,3651.6000,3648.8000,3641.0000,3640.2000,3655.2000,3655.4000,3655.6000,3656.4000,3658.4000,1,5,1,1,1,3,5,4,1,3
SF,IF2005,2020-03-26 09:33:51.200,3653.8000,1089,0,54713700.000,0,-,-,-,-,3652.4000,3652.0000,3651.8000,3651.6000,3648.8000,3655.2000,3655.4000,3658.4000,3665.0000,3682.4000,1,4,2,3,1,1,3,3,6,1
SF,IF2005,2020-03-26 09:33:51.700,3653.8000,1089,0,54713700.000,0,-,-,-,-,3652.6000,3652.4000,3652.0000,3651.8000,3651.6000,3658.4000,3665.0000,3682.4000,3705.4000,3726.4000,4,1,2,1,3,3,6,1,5,1
SF,IF2005,2020-03-26 09:33:52.200,3653.8000,1089,0,54713700.000,0,-,-,-,-,3652.6000,3652.4000,3652.0000,3651.8000,3651.6000,3656.8000,3657.6000,3658.2000,3658.4000,3665.0000,4,1,2,1,3,2,2,7,4,6
SF,IF2005,2020-03-26 09:33:52.700,3653.8000,1089,0,54713700.000,0,-,-,-,-,3652.8000,3652.6000,3652.0000,3651.8000,3651.6000,3656.6000,3656.8000,3657.6000,3658.2000,3658.4000,1,4,2,1,2,2,3,1,7,3
SF,IF2005,2020-03-26 09:33:53.200,3653.8000,1089,0,54713700.000,0,-,-,-,-,3653.0000,3652.8000,3652.6000,3652.0000,3651.8000,3656.6000,3657.6000,3658.2000,3658.4000,3665.0000,4,2,1,2,1,3,1,6,3,6
SF,IF2005,2020-03-26 09:33:53.700,3653.8000,1089,0,54713700.000,0,-,-,-,-,3653.0000,3652.8000,3652.6000,3652.0000,3651.8000,3656.6000,3657.6000,3658.2000,3665.0000,3682.4000,4,2,1,2,1,3,1,6,6,1
SF,IF2005,2020-03-26 09:33:54.200,3653.8000,1089,0,54713700.000,0,-,-,-,-,3653.2000,3653.0000,3652.8000,3652.6000,3652.0000,3656.6000,3657.6000,3658.2000,3665.0000,3669.8000,1,4,2,1,2,3,1,6,6,3
SF,IF2005,2020-03-26 09:33:54.700,3653.8000,1089,0,54713700.000,0,-,-,-,-,3653.4000,3653.2000,3653.0000,3652.8000,3652.6000,3656.6000,3657.6000,3658.2000,3665.0000,3669.8000,2,1,2,2,1,3,1,6,6,3
SF,IF2005,2020-03-26 09:33:55.200,3653.8000,1089,0,54713700.000,0,-,-,-,-,3653.4000,3653.2000,3653.0000,3652.8000,3652.6000,3656.6000,3657.6000,3658.2000,3665.0000,3669.8000,2,1,2,2,1,2,1,6,6,3
SF,IF2005,2020-03-26 09:33:55.700,3653.8000,1089,0,54713700.000,0,-,-,-,-,3653.4000,3653.2000,3653.0000,3652.8000,3652.6000,3656.4000,3656.6000,3657.6000,3658.2000,3665.0000,2,1,2,2,1,1,2,1,6,6
SF,IF2005,2020-03-26 09:33:56.200,3653.8000,1089,0,54713700.000,0,-,-,-,-,3653.6000,3653.4000,3653.2000,3653.0000,3652.8000,3657.6000,3658.2000,3665.0000,3669.8000,3682.4000,3,2,1,1,1,1,6,6,3,1
SF,IF2005,2020-03-26 09:33:56.700,3653.8000,1089,0,54713700.000,0,-,-,-,-,3654.0000,3653.8000,3653.6000,3653.0000,3652.8000,3657.4000,3657.6000,3658.2000,3665.0000,3669.8000,1,2,3,1,1,3,1,6,6,3
SF,IF2005,2020-03-26 09:33:57.200,3653.8000,1089,0,54713700.000,0,-,-,-,-,3654.2000,3653.8000,3653.6000,3653.0000,3652.8000,3657.4000,3657.6000,3658.2000,3665.0000,3669.8000,2,1,3,1,1,4,1,6,6,3
SF,IF2005,2020-03-26 09:33:57.700,3653.8000,1089,0,54713700.000,0,-,-,-,-,3654.2000,3653.8000,3653.6000,3653.0000,3652.8000,3656.8000,3657.2000,3657.4000,3657.6000,3658.2000,1,1,1,1,1,1,1,5,1,5
SF,IF2005,2020-03-26 09:33:58.200,3653.8000,1089,0,54713700.000,0,-,-,-,-,3654.2000,3653.6000,3653.0000,3652.8000,3652.6000,3656.6000,3656.8000,3657.2000,3657.4000,3657.6000,1,1,1,1,1,1,2,1,3,1
SF,IF2005,2020-03-26 09:33:58.700,3653.8000,1089,0,54713700.000,0,-,-,-,-,3654.2000,3653.0000,3652.8000,3652.6000,3651.8000,3656.4000,3656.6000,3656.8000,3657.4000,3657.6000,1,1,1,1,1,1,2,1,2,1
SF,IF2005,2020-03-26 09:33:59.200,3653.8000,1089,0,54713700.000,0,-,-,-,-,3652.6000,3651.8000,3648.8000,3641.0000,3640.2000,3655.6000,3656.2000,3656.4000,3656.8000,3657.4000,1,1,1,1,1,1,1,3,1,2
SF,IF2005,2020-03-26 09:33:59.700,3653.8000,1089,0,54713700.000,0,-,-,-,-,3652.8000,3651.8000,3648.8000,3641.0000,3640.2000,3656.2000,3656.8000,3657.4000,3657.6000,3658.2000,2,1,1,1,1,3,1,2,1,5
SF,IF2005,2020-03-26 09:34:00.200,3653.8000,1089,0,54713700.000,0,-,-,-,-,3653.0000,3652.8000,3651.8000,3648.8000,3641.0000,3656.2000,3656.8000,3657.4000,3657.6000,3658.2000,1,2,1,1,1,4,1,2,1,5
SF,IF2005,2020-03-26 09:34:00.700,3653.8000,1089,0,54713700.000,0,-,-,-,-,3653.2000,3653.0000,3652.8000,3651.8000,3648.8000,3656.2000,3656.8000,3657.4000,3657.6000,3658.2000,1,1,1,1,1,4,1,2,1,5
SF,IF2005,2020-03-26 09:34:02.700,3653.8000,1089,0,54713700.000,0,-,-,-,-,3653.2000,3653.0000,3652.8000,3651.8000,3649.4000,3656.2000,3656.8000,3657.4000,3657.6000,3658.2000,1,1,1,1,2,4,1,2,1,5
SF,IF2005,2020-03-26 09:34:03.200,3653.8000,1089,0,54713700.000,0,-,-,-,-,3653.4000,3653.2000,3652.8000,3651.8000,3649.4000,3656.2000,3656.8000,3657.4000,3657.6000,3658.2000,1,1,1,1,2,4,1,2,1,5
SF,IF2005,2020-03-26 09:34:03.700,3653.8000,1089,0,54713700.000,0,-,-,-,-,3653.6000,3653.4000,3652.8000,3651.8000,3649.4000,3657.4000,3657.6000,3658.2000,3665.0000,3669.8000,1,1,1,1,2,2,1,3,6,3
SF,IF2005,2020-03-26 09:34:04.200,3653.8000,1089,0,54713700.000,0,-,-,-,-,3653.6000,3653.4000,3652.8000,3651.8000,3649.4000,3657.2000,3657.4000,3657.6000,3658.2000,3665.0000,2,1,1,1,2,1,3,1,3,6
SF,IF2005,2020-03-26 09:34:04.700,3653.8000,1089,0,54713700.000,0,-,-,-,-,3653.8000,3653.6000,3653.4000,3652.8000,3651.8000,3657.2000,3657.4000,3657.6000,3658.2000,3665.0000,2,2,1,1,1,2,2,1,3,6
SF,IF2005,2020-03-26 09:34:05.200,3653.8000,1089,0,54713700.000,0,-,-,-,-,3654.0000,3653.8000,3653.4000,3652.8000,3651.8000,3657.2000,3657.4000,3657.6000,3658.2000,3665.0000,3,2,1,1,1,1,2,1,3,6
SF,IF2005,2020-03-26 09:34:05.700,3653.8000,1089,0,54713700.000,0,-,-,-,-,3654.0000,3653.8000,3653.4000,3652.8000,3651.8000,3657.2000,3657.4000,3658.2000,3665.0000,3669.8000,4,2,1,1,1,1,2,3,6,3
SF,IF2005,2020-03-26 09:34:06.200,3653.8000,1089,0,54713700.000,0,-,-,-,-,3654.0000,3653.8000,3653.4000,3652.8000,3651.8000,3658.2000,3665.0000,3669.8000,3682.4000,3705.4000,4,2,1,1,1,2,6,3,1,5
SF,IF2005,2020-03-26 09:34:06.700,3653.8000,1089,0,54713700.000,0,-,-,-,-,3654.0000,3653.8000,3651.8000,3649.4000,3648.8000,3657.0000,3657.6000,3658.0000,3658.2000,3665.0000,3,2,1,2,1,1,1,1,4,6
SF,IF2005,2020-03-26 09:34:07.200,3653.8000,1089,0,54713700.000,0,-,-,-,-,3654.0000,3653.8000,3651.8000,3649.4000,3648.8000,3657.0000,3658.0000,3658.2000,3665.0000,3669.8000,3,2,1,2,1,1,1,3,6,3
SF,IF2005,2020-03-26 09:34:07.700,3653.8000,1089,0,54713700.000,0,-,-,-,-,3654.2000,3654.0000,3653.8000,3651.8000,3649.4000,3658.0000,3658.2000,3665.0000,3669.8000,3682.4000,2,3,1,1,2,1,2,6,3,1
SF,IF2005,2020-03-26 09:34:08.200,3653.8000,1089,0,54713700.000,0,-,-,-,-,3654.4000,3654.2000,3654.0000,3653.8000,3651.8000,3657.8000,3658.0000,3658.2000,3665.0000,3669.8000,3,3,1,1,1,2,2,2,6,3
SF,IF2005,2020-03-26 09:34:08.700,3653.8000,1089,0,54713700.000,0,-,-,-,-,3654.6000,3654.4000,3654.2000,3654.0000,3653.8000,3657.8000,3658.0000,3658.2000,3665.0000,3669.8000,1,3,3,1,1,3,1,1,6,3
SF,IF2005,2020-03-26 09:34:09.200,3653.8000,1089,0,54713700.000,0,-,-,-,-,3654.8000,3654.6000,3654.4000,3654.2000,3654.0000,3657.8000,3658.0000,3658.2000,3665.0000,3669.8000,2,1,1,3,1,3,1,1,6,3
SF,IF2005,2020-03-26 09:34:09.700,3653.8000,1089,0,54713700.000,0,-,-,-,-,3654.8000,3654.6000,3654.4000,3654.2000,3654.0000,3657.8000,3658.0000,3658.2000,3665.0000,3669.8000,2,1,1,3,1,3,1,1,6,3
SF,IF2005,2020-03-26 09:34:10.200,3653.8000,1089,0,54713700.000,0,-,-,-,-,3655.0000,3654.8000,3654.6000,3654.4000,3654.2000,3657.8000,3658.2000,3665.0000,3669.8000,3682.4000,1,2,1,1,3,3,1,6,3,1
SF,IF2005,2020-03-26 09:34:10.700,3653.8000,1089,0,54713700.000,0,-,-,-,-,3655.2000,3655.0000,3654.6000,3654.2000,3653.8000,3657.8000,3658.2000,3665.0000,3669.8000,3682.4000,7,1,1,3,1,1,1,6,3,1
SF,IF2005,2020-03-26 09:34:11.200,3653.8000,1089,0,54713700.000,0,-,-,-,-,3655.4000,3655.2000,3655.0000,3654.6000,3654.2000,3657.6000,3665.0000,3669.8000,3682.4000,3705.4000,1,4,2,1,3,1,6,3,1,5
SF,IF2005,2020-03-26 09:34:11.700,3653.8000,1089,0,54713700.000,0,-,-,-,-,3655.6000,3655.2000,3655.0000,3654.6000,3654.2000,3657.6000,3665.0000,3669.8000,3682.4000,3705.4000,1,3,2,1,2,1,6,3,1,5
SF,IF2005,2020-03-26 09:34:12.200,3653.8000,1089,0,54713700.000,0,-,-,-,-,3655.6000,3655.2000,3655.0000,3654.6000,3654.2000,3665.0000,3669.8000,3682.4000,3705.4000,3726.4000,2,3,2,1,2,6,3,1,5,1
SF,IF2005,2020-03-26 09:34:12.700,3653.8000,1089,0,54713700.000,0,-,-,-,-,3655.6000,3655.2000,3655.0000,3654.6000,3654.2000,3659.4000,3659.6000,3660.2000,3660.8000,3662.4000,2,3,2,1,2,2,2,1,5,1
SF,IF2005,2020-03-26 09:34:13.200,3653.8000,1089,0,54713700.000,0,-,-,-,-,3655.8000,3655.6000,3655.2000,3655.0000,3654.6000,3659.2000,3659.4000,3659.6000,3660.8000,3662.4000,1,2,2,3,1,3,3,2,5,1
SF,IF2005,2020-03-26 09:34:13.700,3655.6000,1088,-1,55810380.000,1,0,1,双平,S,3655.2000,3655.0000,3654.6000,3654.2000,3653.8000,3659.2000,3659.4000,3659.6000,3660.8000,3662.4000,1,2,1,2,1,4,2,1,5,1
SF,IF2005,2020-03-26 09:34:14.200,3655.4000,1087,-1,56907000.000,1,0,1,双平,S,3655.0000,3654.6000,3654.2000,3653.8000,3651.8000,3658.2000,3659.0000,3659.2000,3659.4000,3659.6000,1,1,2,1,1,1,4,4,2,1
SF,IF2005,2020-03-26 09:34:14.700,3655.4000,1087,0,56907000.000,0,-,-,-,-,3655.0000,3654.2000,3653.8000,3651.8000,3649.4000,3657.6000,3658.0000,3658.2000,3659.0000,3659.2000,1,2,1,1,2,1,3,3,4,1
SF,IF2005,2020-03-26 09:34:15.200,3655.4000,1087,0,56907000.000,0,-,-,-,-,3655.0000,3651.8000,3649.4000,3648.8000,3641.0000,3656.8000,3657.4000,3657.6000,3658.0000,3658.2000,1,1,2,1,1,1,4,2,3,2
SF,IF2005,2020-03-26 09:34:15.700,3655.4000,1087,0,56907000.000,0,-,-,-,-,3655.0000,3651.8000,3649.4000,3648.8000,3641.0000,3656.6000,3656.8000,3657.4000,3657.6000,3658.0000,1,1,2,1,1,2,2,3,1,3
SF,IF2005,2020-03-26 09:34:16.200,3655.0000,1087,0,58003500.000,1,0,1,多换,S,3651.8000,3648.8000,3641.0000,3640.2000,3636.0000,3656.6000,3656.8000,3657.4000,3657.6000,3658.0000,1,1,1,1,1,3,1,3,1,3
SF,IF2005,2020-03-26 09:34:16.700,3655.0000,1087,0,58003500.000,0,-,-,-,-,3653.2000,3652.0000,3651.8000,3648.8000,3641.0000,3656.6000,3656.8000,3657.4000,3657.6000,3658.0000,1,5,3,1,1,3,1,3,1,3
SF,IF2005,2020-03-26 09:34:17.200,3655.0000,1087,0,58003500.000,0,-,-,-,-,3653.4000,3653.2000,3652.0000,3651.8000,3648.8000,3656.6000,3656.8000,3657.4000,3657.6000,3658.0000,2,1,4,2,1,3,1,3,1,3
SF,IF2005,2020-03-26 09:34:17.700,3655.0000,1087,0,58003500.000,0,-,-,-,-,3653.4000,3653.2000,3652.0000,3651.8000,3648.8000,3656.4000,3656.6000,3656.8000,3657.4000,3657.6000,3,1,3,2,1,1,3,1,3,1
SF,IF2005,2020-03-26 09:34:18.200,3655.0000,1087,0,58003500.000,0,-,-,-,-,3653.4000,3652.0000,3651.8000,3648.8000,3641.0000,3656.2000,3656.4000,3656.6000,3656.8000,3657.4000,3,2,2,1,1,3,2,1,1,3
SF,IF2005,2020-03-26 09:34:18.700,3655.0000,1087,0,58003500.000,0,-,-,-,-,3653.4000,3652.0000,3648.8000,3641.0000,3640.2000,3656.2000,3656.6000,3656.8000,3657.4000,3657.6000,1,2,1,1,1,4,1,1,3,1
SF,IF2005,2020-03-26 09:34:19.200,3655.0000,1087,0,58003500.000,0,-,-,-,-,3653.4000,3652.0000,3648.8000,3641.0000,3640.2000,3655.8000,3656.2000,3656.6000,3656.8000,3657.4000,1,2,1,1,1,1,4,1,1,3
SF,IF2005,2020-03-26 09:34:19.700,3655.0000,1087,0,58003500.000,0,-,-,-,-,3653.4000,3652.0000,3648.8000,3641.0000,3640.2000,3655.6000,3655.8000,3656.2000,3656.6000,3656.8000,1,2,1,1,1,1,2,2,1,1
SF,IF2005,2020-03-26 09:34:20.200,3655.0000,1087,0,58003500.000,0,-,-,-,-,3653.4000,3652.0000,3648.8000,3641.0000,3640.2000,3655.6000,3656.2000,3656.6000,3656.8000,3657.4000,1,2,1,1,1,3,2,1,1,3
SF,IF2005,2020-03-26 09:34:20.700,3655.0000,1087,0,58003500.000,0,-,-,-,-,3653.4000,3652.0000,3648.8000,3641.0000,3640.2000,3655.6000,3656.2000,3656.6000,3656.8000,3657.4000,1,2,1,1,1,2,2,1,1,3
SF,IF2005,2020-03-26 09:34:21.200,3655.0000,1087,0,58003500.000,0,-,-,-,-,3653.4000,3652.0000,3648.8000,3641.0000,3640.2000,3655.6000,3656.2000,3656.6000,3656.8000,3657.4000,1,2,1,1,1,1,2,1,1,3
SF,IF2005,2020-03-26 09:34:21.700,3655.0000,1087,0,58003500.000,0,-,-,-,-,3653.4000,3652.0000,3650.2000,3648.8000,3641.0000,3655.6000,3656.2000,3656.6000,3656.8000,3657.4000,1,2,1,1,1,1,2,1,1,3
SF,IF2005,2020-03-26 09:34:22.200,3655.0000,1087,0,58003500.000,0,-,-,-,-,3653.4000,3652.0000,3650.2000,3648.8000,3641.0000,3655.6000,3656.2000,3656.6000,3656.8000,3657.4000,1,2,1,1,1,2,2,1,1,3
SF,IF2005,2020-03-26 09:34:22.700,3655.0000,1087,0,58003500.000,0,-,-,-,-,3652.0000,3650.2000,3648.8000,3641.0000,3640.2000,3655.6000,3656.2000,3656.6000,3656.8000,3657.4000,2,1,1,1,1,4,2,1,1,3
SF,IF2005,2020-03-26 09:34:23.200,3655.0000,1087,0,58003500.000,0,-,-,-,-,3652.4000,3652.2000,3652.0000,3650.2000,3648.8000,3655.0000,3655.6000,3656.2000,3656.6000,3656.8000,1,3,2,1,1,1,4,2,1,1
SF,IF2005,2020-03-26 09:34:23.700,3655.0000,1087,0,58003500.000,0,-,-,-,-,3652.6000,3652.4000,3652.2000,3652.0000,3650.2000,3655.6000,3656.2000,3656.6000,3656.8000,3657.4000,4,1,2,2,1,1,2,1,1,3
SF,IF2005,2020-03-26 09:34:24.200,3655.0000,1087,0,58003500.000,0,-,-,-,-,3652.6000,3652.4000,3652.2000,3652.0000,3650.2000,3655.4000,3655.6000,3656.2000,3656.6000,3656.8000,1,1,2,2,1,2,4,2,1,1
SF,IF2005,2020-03-26 09:34:24.700,3655.0000,1087,0,58003500.000,0,-,-,-,-,3652.6000,3652.4000,3652.2000,3652.0000,3650.2000,3655.2000,3655.4000,3655.6000,3656.2000,3656.6000,1,1,1,2,1,2,3,2,2,1
SF,IF2005,2020-03-26 09:34:25.200,3655.0000,1087,0,58003500.000,0,-,-,-,-,3650.2000,3648.8000,3641.0000,3640.2000,3636.0000,3655.0000,3655.2000,3655.4000,3655.6000,3656.2000,1,1,1,1,1,1,3,2,2,2
SF,IF2005,2020-03-26 09:34:25.700,3655.0000,1087,0,58003500.000,0,-,-,-,-,3652.0000,3650.6000,3650.4000,3650.2000,3648.8000,3654.8000,3655.0000,3655.4000,3655.6000,3656.2000,1,1,5,1,1,1,3,2,2,2
SF,IF2005,2020-03-26 09:34:26.200,3655.0000,1087,0,58003500.000,0,-,-,-,-,3652.2000,3652.0000,3650.6000,3650.4000,3650.2000,3654.8000,3655.4000,3655.6000,3656.2000,3656.6000,4,1,1,4,1,1,2,2,2,1
SF,IF2005,2020-03-26 09:34:26.700,3655.0000,1087,0,58003500.000,0,-,-,-,-,3652.2000,3652.0000,3650.6000,3650.4000,3650.2000,3654.8000,3655.4000,3655.6000,3656.2000,3656.6000,1,1,1,1,1,1,2,2,2,1
SF,IF2005,2020-03-26 09:34:27.200,3655.0000,1087,0,58003500.000,0,-,-,-,-,3652.2000,3652.0000,3650.6000,3650.4000,3650.2000,3654.8000,3655.4000,3655.6000,3656.2000,3656.6000,1,1,1,1,1,2,2,2,2,1
SF,IF2005,2020-03-26 09:34:27.700,3655.0000,1087,0,58003500.000,0,-,-,-,-,3652.6000,3652.4000,3652.2000,3650.6000,3650.4000,3654.8000,3656.2000,3656.6000,3656.8000,3657.4000,1,4,1,1,1,1,2,1,1,1
SF,IF2005,2020-03-26 09:34:28.200,3655.0000,1087,0,58003500.000,0,-,-,-,-,3652.8000,3652.6000,3652.4000,3650.6000,3650.2000,3654.8000,3656.2000,3656.6000,3656.8000,3657.4000,3,1,2,1,1,1,2,1,1,1
SF,IF2005,2020-03-26 09:34:28.700,3655.0000,1087,0,58003500.000,0,-,-,-,-,3652.8000,3652.4000,3650.6000,3650.2000,3648.8000,3654.8000,3656.2000,3656.6000,3656.8000,3657.4000,3,2,1,1,1,1,2,1,1,1
SF,IF2005,2020-03-26 09:34:29.200,3655.0000,1087,0,58003500.000,0,-,-,-,-,3652.8000,3650.6000,3650.2000,3648.8000,3641.0000,3654.6000,3654.8000,3656.2000,3656.6000,3656.8000,1,1,1,1,1,1,1,2,1,1
SF,IF2005,2020-03-26 09:34:29.700,3655.0000,1087,0,58003500.000,0,-,-,-,-,3652.8000,3650.6000,3650.2000,3648.8000,3641.0000,3654.6000,3654.8000,3656.2000,3656.6000,3656.8000,1,1,1,1,1,1,1,2,1,1
SF,IF2005,2020-03-26 09:34:30.200,3655.0000,1087,0,58003500.000,0,-,-,-,-,3652.8000,3650.6000,3650.2000,3648.8000,3641.0000,3654.6000,3654.8000,3656.2000,3656.6000,3656.8000,1,1,1,1,1,1,1,2,1,1
SF,IF2005,2020-03-26 09:34:30.700,3655.0000,1087,0,58003500.000,0,-,-,-,-,3652.8000,3650.6000,3650.2000,3648.8000,3641.0000,3654.6000,3654.8000,3656.2000,3656.6000,3656.8000,1,1,1,1,1,1,1,2,1,1
SF,IF2005,2020-03-26 09:34:31.200,3655.0000,1087,0,58003500.000,0,-,-,-,-,3652.8000,3650.6000,3650.2000,3648.8000,3641.0000,3654.6000,3656.2000,3656.6000,3656.8000,3657.4000,1,1,1,1,1,1,2,1,1,1
SF,IF2005,2020-03-26 09:34:31.700,3655.0000,1087,0,58003500.000,0,-,-,-,-,3652.8000,3650.6000,3650.2000,3648.8000,3641.0000,3656.2000,3656.6000,3656.8000,3657.4000,3657.6000,1,1,1,1,1,2,1,1,1,1
SF,IF2005,2020-03-26 09:34:32.200,3655.0000,1087,0,58003500.000,0,-,-,-,-,3652.8000,3650.6000,3650.2000,3648.8000,3641.0000,3655.6000,3656.0000,3656.2000,3656.6000,3656.8000,1,1,1,1,1,1,3,2,1,1
