市场代码,合约代码,时间,最新,持仓,增仓,成交额,成交量,开仓,平仓,成交类型,方向,买一价,买二价,买三价,买四价,买五价,卖一价,卖二价,卖三价,卖四价,卖五价,买一量,买二量,买三量,买四量,买五量,卖一量,卖二量,卖三量,卖四量,卖五量
SF,IF2003,2019-12-11 09:29:00.200,3906.2000,21747,0,14062320.000,12.000,-,-,-,-,3906.0000,3905.4000,3905.0000,3903.2000,3902.2000,3907.6000,3908.2000,3909.4000,3910.0000,3912.0000,2,3,4,3,1,1,1,1,2,3
SF,IF2003,2019-12-11 09:30:00.200,3907.8000,21745,-2,21098220.000,6,2,4,多平,S,3908.2000,3907.8000,3907.6000,3907.4000,3907.2000,3911.0000,3913.2000,3913.4000,3914.0000,3915.6000,2,1,8,3,2,1,1,2,2,3
SF,IF2003,2019-12-11 09:30:00.700,3907.8000,21745,0,22270560.000,1,0,1,多换,S,3908.4000,3908.2000,3907.6000,3907.4000,3907.0000,3910.0000,3910.4000,3910.6000,3910.8000,3911.0000,1,3,3,1,5,1,1,11,8,1
SF,IF2003,2019-12-11 09:30:01.200,3907.8000,21745,0,22270560.000,0,-,-,-,-,3908.4000,3908.2000,3907.6000,3907.4000,3907.0000,3908.8000,3909.0000,3909.2000,3909.8000,3910.0000,1,3,1,1,5,2,2,1,15,1
SF,IF2003,2019-12-11 09:30:01.700,3907.8000,21745,0,22270560.000,0,-,-,-,-,3908.2000,3907.8000,3907.6000,3907.4000,3907.0000,3908.6000,3909.8000,3910.0000,3910.4000,3910.6000,2,1,1,1,5,1,14,1,1,5
SF,IF2003,2019-12-11 09:30:02.200,3908.2000,21745,0,23443020.000,1,0,1,多换,S,3908.2000,3907.8000,3907.6000,3907.4000,3907.0000,3908.4000,3908.6000,3909.8000,3910.0000,3910.4000,1,1,1,1,5,1,1,14,1,1
SF,IF2003,2019-12-11 09:30:02.700,3908.2000,21744,-1,24615480.000,1,0,1,双平,S,3907.8000,3907.6000,3907.4000,3907.0000,3906.4000,3908.4000,3909.8000,3910.0000,3910.4000,3910.6000,1,1,1,5,7,1,14,11,1,5
SF,IF2003,2019-12-11 09:30:03.200,3908.4000,21746,2,28132680.000,3,2,1,空开,S,3907.6000,3907.4000,3907.0000,3906.4000,3906.2000,3909.6000,3909.8000,3910.0000,3910.6000,3910.8000,1,1,5,7,9,2,14,11,5,4
SF,IF2003,2019-12-11 09:30:03.700,3907.8000,21745,-1,29305020.000,1,0,1,双平,S,3907.8000,3907.6000,3907.4000,3907.0000,3906.4000,3908.6000,3908.8000,3909.2000,3909.4000,3909.6000,2,1,1,5,7,2,1,1,7,4
SF,IF2003,2019-12-11 09:30:04.200,3907.8000,21745,0,29305020.000,0,-,-,-,-,3907.0000,3906.6000,3906.4000,3906.2000,3906.0000,3908.4000,3909.2000,3909.4000,3909.6000,3909.8000,5,1,1,6,2,2,7,9,4,4
SF,IF2003,2019-12-11 09:30:04.700,3907.0000,21745,0,32821320.000,3,1,2,多换,S,3907.0000,3906.6000,3906.2000,3906.0000,3905.8000,3908.0000,3908.4000,3909.2000,3909.4000,3909.6000,2,1,6,2,2,1,3,7,9,4
SF,IF2003,2019-12-11 09:30:05.200,3908.0000,21745,0,35166060.000,2,1,1,多换,S,3907.0000,3906.6000,3906.2000,3906.0000,3905.8000,3907.8000,3909.2000,3909.4000,3909.6000,3909.8000,2,1,6,2,2,1,7,9,4,4
SF,IF2003,2019-12-11 09:30:05.700,3908.0000,21745,0,35166060.000,0,-,-,-,-,3907.2000,3907.0000,3906.6000,3906.2000,3906.0000,3907.8000,3909.2000,3909.4000,3909.6000,3909.8000,5,2,1,2,2,1,1,8,1,4
SF,IF2003,2019-12-11 09:30:06.200,3908.0000,21745,0,35166060.000,0,-,-,-,-,3907.2000,3907.0000,3906.6000,3906.2000,3906.0000,3907.8000,3909.2000,3909.4000,3909.6000,3909.8000,6,2,1,2,2,1,1,8,1,4
SF,IF2003,2019-12-11 09:30:06.700,3907.0000,21741,-4,42199020.000,6,1,5,多平,S,3906.0000,3905.8000,3905.0000,3904.2000,3903.0000,3907.2000,3907.4000,3907.6000,3907.8000,3908.8000,2,2,3,2,1,2,1,12,1,1
SF,IF2003,2019-12-11 09:30:07.200,3907.2000,21740,-1,43371180.000,1,0,1,双平,S,3906.2000,3906.0000,3905.8000,3905.2000,3905.0000,3907.0000,3907.2000,3907.6000,3908.8000,3909.2000,1,2,2,1,3,3,2,5,1,1
SF,IF2003,2019-12-11 09:30:07.700,3907.2000,21740,0,43371180.000,0,-,-,-,-,3906.2000,3906.0000,3905.8000,3905.2000,3905.0000,3907.0000,3907.2000,3907.6000,3908.8000,3909.4000,1,2,2,1,3,3,2,5,1,4
SF,IF2003,2019-12-11 09:30:08.200,3907.2000,21740,0,43371180.000,0,-,-,-,-,3906.0000,3905.8000,3905.0000,3904.2000,3903.0000,3906.6000,3906.8000,3907.0000,3907.2000,3907.6000,2,2,3,2,1,1,1,4,2,6
SF,IF2003,2019-12-11 09:30:08.700,3907.0000,21737,-3,46887480.000,3,0,3,双平,S,3906.8000,3906.6000,3906.4000,3906.2000,3906.0000,3907.2000,3908.8000,3909.4000,3910.0000,3910.6000,2,3,4,11,3,2,1,3,10,4
SF,IF2003,2019-12-11 09:30:09.200,3907.2000,21735,-2,49231800.000,2,0,2,双平,S,3907.0000,3906.6000,3906.4000,3906.2000,3906.0000,3908.8000,3909.4000,3910.0000,3910.6000,3911.0000,4,5,2,11,3,1,2,10,4,1
SF,IF2003,2019-12-11 09:30:09.700,3907.2000,21735,0,49231800.000,0,-,-,-,-,3907.2000,3907.0000,3906.8000,3906.6000,3906.4000,3908.2000,3908.6000,3909.4000,3910.0000,3910.6000,4,9,2,4,1,1,1,2,10,4
SF,IF2003,2019-12-11 09:30:10.200,3907.2000,21734,-1,50403960.000,1,0,1,双平,S,3907.4000,3907.2000,3907.0000,3906.6000,3906.4000,3908.2000,3908.6000,3909.4000,3910.0000,3910.6000,1,3,8,4,1,1,3,3,10,4
SF,IF2003,2019-12-11 09:30:10.700,3907.0000,21732,-2,58608900.000,7,2,5,多平,S,3907.0000,3906.6000,3906.4000,3906.2000,3906.0000,3908.2000,3908.6000,3909.4000,3910.0000,3910.6000,3,4,1,1,3,1,3,3,10,4
SF,IF2003,2019-12-11 09:30:11.200,3907.0000,21732,0,58608900.000,0,-,-,-,-,3907.0000,3906.4000,3906.2000,3906.0000,3905.8000,3908.0000,3908.2000,3908.6000,3909.4000,3910.0000,3,1,1,3,2,1,1,2,3,10
SF,IF2003,2019-12-11 09:30:11.700,3907.0000,21732,0,58608900.000,0,-,-,-,-,3907.0000,3906.0000,3905.8000,3905.0000,3904.2000,3908.0000,3908.2000,3908.6000,3909.4000,3910.0000,3,3,2,4,2,3,1,2,3,10
SF,IF2003,2019-12-11 09:30:12.200,3907.0000,21732,0,58608900.000,0,-,-,-,-,3907.0000,3906.0000,3905.8000,3905.0000,3904.2000,3907.4000,3907.8000,3908.0000,3908.6000,3909.4000,8,3,3,4,2,5,1,5,2,3
SF,IF2003,2019-12-11 09:30:12.700,3907.4000,21727,-5,64470000.000,5,0,5,双平,S,3907.0000,3906.0000,3905.8000,3905.0000,3904.2000,3907.8000,3908.0000,3908.6000,3909.4000,3910.0000,8,3,3,4,2,1,5,3,3,10
SF,IF2003,2019-12-11 09:30:13.200,3907.4000,21727,0,64470000.000,0,-,-,-,-,3907.2000,3907.0000,3906.0000,3905.8000,3905.0000,3907.8000,3908.0000,3908.6000,3909.4000,3910.0000,1,8,3,3,4,1,4,3,3,10
SF,IF2003,2019-12-11 09:30:13.700,3907.4000,21727,0,64470000.000,0,-,-,-,-,3907.2000,3907.0000,3906.0000,3905.8000,3905.0000,3907.8000,3908.0000,3908.6000,3909.4000,3910.0000,3,8,3,3,4,1,2,3,3,10
SF,IF2003,2019-12-11 09:30:14.200,3907.2000,21725,-2,66814320.000,2,0,2,双平,S,3907.0000,3906.0000,3905.8000,3905.0000,3904.2000,3907.2000,3907.8000,3908.0000,3908.6000,3909.4000,8,3,3,4,2,1,1,2,3,3
SF,IF2003,2019-12-11 09:30:14.700,3907.0000,21725,0,71502720.000,4,2,2,多换,S,3907.0000,3906.0000,3905.8000,3905.0000,3904.2000,3907.2000,3907.8000,3908.0000,3908.6000,3909.4000,4,3,3,4,2,1,1,2,3,3
SF,IF2003,2019-12-11 09:30:15.200,3907.2000,21725,0,72674880.000,1,0,1,多换,S,3907.4000,3907.2000,3907.0000,3906.0000,3905.8000,3907.8000,3908.0000,3908.6000,3909.4000,3910.0000,1,1,5,3,3,1,2,3,3,10
SF,IF2003,2019-12-11 09:30:15.700,3907.0000,21728,3,84396360.000,10,6,4,空开,S,3906.0000,3905.8000,3905.0000,3904.2000,3903.0000,3907.0000,3907.8000,3908.0000,3908.6000,3909.4000,3,3,4,2,2,16,1,2,3,3
SF,IF2003,2019-12-11 09:30:16.200,3907.0000,21728,0,86740560.000,2,1,1,多换,S,3906.4000,3906.2000,3906.0000,3905.8000,3905.0000,3907.0000,3908.0000,3908.6000,3909.4000,3910.0000,2,7,3,3,4,15,2,3,3,10
SF,IF2003,2019-12-11 09:30:16.700,3906.8000,21727,-1,87912600.000,1,0,1,双平,S,3906.6000,3906.4000,3906.2000,3906.0000,3905.8000,3907.0000,3908.0000,3908.6000,3909.4000,3910.0000,2,1,9,3,3,15,2,3,3,10
SF,IF2003,2019-12-11 09:30:17.200,3906.8000,21726,-1,90256740.000,2,0,2,多平,S,3906.6000,3906.4000,3906.2000,3906.0000,3905.8000,3907.0000,3908.0000,3908.6000,3909.4000,3910.0000,2,2,8,3,3,14,2,3,3,10
SF,IF2003,2019-12-11 09:30:17.700,3906.8000,21726,0,90256740.000,0,-,-,-,-,3906.6000,3906.4000,3906.2000,3906.0000,3905.8000,3907.0000,3908.0000,3908.6000,3909.4000,3910.0000,2,2,8,3,3,14,2,3,3,10
SF,IF2003,2019-12-11 09:30:18.200,3906.6000,21726,0,91428720.000,1,0,1,多换,S,3906.6000,3906.4000,3906.2000,3906.0000,3905.8000,3907.0000,3908.0000,3908.6000,3909.4000,3910.0000,2,2,8,3,3,14,2,3,3,10
SF,IF2003,2019-12-11 09:30:18.700,3906.6000,21726,0,93772800.000,2,1,1,多换,S,3906.6000,3906.4000,3906.2000,3906.0000,3905.8000,3907.0000,3908.0000,3908.6000,3909.4000,3910.0000,1,2,8,3,3,13,2,3,3,10
SF,IF2003,2019-12-11 09:30:19.200,3907.0000,21726,0,94944900.000,1,0,1,多换,S,3906.6000,3906.4000,3906.2000,3906.0000,3905.8000,3907.0000,3908.0000,3908.6000,3909.4000,3910.0000,1,2,6,4,3,12,2,3,3,10
SF,IF2003,2019-12-11 09:30:19.700,3907.0000,21723,-3,100805400.000,5,1,4,多平,S,3906.6000,3906.4000,3906.2000,3906.0000,3905.8000,3907.0000,3908.0000,3908.6000,3909.4000,3910.0000,1,1,1,4,3,10,2,3,3,10
SF,IF2003,2019-12-11 09:30:20.200,3907.0000,21723,0,100805400.000,0,-,-,-,-,3906.6000,3906.4000,3906.2000,3906.0000,3905.8000,3907.0000,3907.4000,3908.0000,3908.6000,3909.4000,1,1,1,4,3,10,1,2,3,3
SF,IF2003,2019-12-11 09:30:21.200,3907.0000,21724,1,101977500.000,1,1,0,双开,S,3906.6000,3906.4000,3906.2000,3906.0000,3905.8000,3907.0000,3907.4000,3908.0000,3908.6000,3909.4000,1,1,1,4,3,9,1,2,3,3
SF,IF2003,2019-12-11 09:30:21.700,3907.0000,21724,0,101977500.000,0,-,-,-,-,3906.6000,3906.4000,3906.2000,3906.0000,3905.8000,3907.0000,3907.4000,3908.0000,3908.6000,3909.4000,1,1,1,4,3,9,1,2,3,3
SF,IF2003,2019-12-11 09:30:22.200,3907.0000,21724,0,101977500.000,0,-,-,-,-,3906.6000,3906.4000,3906.2000,3906.0000,3905.8000,3907.0000,3907.4000,3908.0000,3908.6000,3909.4000,1,1,1,4,3,9,1,3,3,3
SF,IF2003,2019-12-11 09:30:22.700,3907.0000,21724,0,101977500.000,0,-,-,-,-,3906.6000,3906.4000,3906.2000,3906.0000,3905.8000,3907.0000,3907.4000,3908.0000,3908.6000,3909.4000,1,1,1,4,3,9,1,3,3,3
SF,IF2003,2019-12-11 09:30:23.200,3907.0000,21724,0,101977500.000,0,-,-,-,-,3906.6000,3906.4000,3906.2000,3906.0000,3905.8000,3907.0000,3907.4000,3908.0000,3908.6000,3909.4000,1,1,1,4,3,9,1,3,3,3
SF,IF2003,2019-12-11 09:30:23.700,3907.0000,21724,0,101977500.000,0,-,-,-,-,3906.6000,3906.4000,3906.2000,3906.0000,3905.8000,3907.0000,3907.4000,3908.0000,3908.6000,3909.4000,1,1,1,4,3,9,1,3,3,3
SF,IF2003,2019-12-11 09:30:24.200,3907.0000,21724,0,104321700.000,2,1,1,多换,S,3906.6000,3906.4000,3906.2000,3906.0000,3905.8000,3907.0000,3907.4000,3908.0000,3908.6000,3909.4000,1,1,1,4,3,7,1,3,3,3
SF,IF2003,2019-12-11 09:30:25.200,3907.0000,21724,0,104321700.000,0,-,-,-,-,3906.6000,3906.4000,3906.2000,3906.0000,3905.8000,3907.0000,3907.4000,3908.0000,3908.6000,3909.4000,1,1,1,4,3,7,1,3,3,3
SF,IF2003,2019-12-11 09:30:25.700,3907.0000,21724,0,110182200.000,5,2,3,多换,S,3906.8000,3906.6000,3906.4000,3906.2000,3906.0000,3907.0000,3907.4000,3908.0000,3908.6000,3909.4000,2,3,1,1,4,2,1,3,3,3
SF,IF2003,2019-12-11 09:30:26.200,3907.0000,21724,0,110182200.000,0,-,-,-,-,3906.6000,3906.4000,3906.2000,3906.0000,3905.8000,3907.0000,3907.4000,3908.0000,3908.6000,3909.4000,1,1,1,4,3,2,1,3,3,3
SF,IF2003,2019-12-11 09:30:26.700,3907.0000,21724,0,110182200.000,0,-,-,-,-,3906.6000,3906.4000,3906.2000,3906.0000,3905.8000,3906.8000,3907.0000,3907.4000,3907.6000,3908.0000,1,1,1,4,3,1,2,1,1,3
SF,IF2003,2019-12-11 09:30:27.200,3907.0000,21723,-1,112526340.000,2,0,2,多平,S,3906.8000,3906.6000,3906.4000,3906.2000,3906.0000,3907.0000,3907.4000,3908.0000,3908.6000,3909.4000,2,4,1,1,4,1,1,3,3,3
SF,IF2003,2019-12-11 09:30:27.700,3907.0000,21723,0,112526340.000,0,-,-,-,-,3906.6000,3906.4000,3906.2000,3906.0000,3905.8000,3907.0000,3907.4000,3908.0000,3908.6000,3909.4000,1,1,1,4,3,1,1,3,3,3
SF,IF2003,2019-12-11 09:30:28.200,3907.0000,21723,0,113698440.000,1,0,1,多换,S,3906.6000,3906.2000,3906.0000,3905.8000,3905.0000,3907.4000,3908.0000,3908.6000,3909.4000,3910.0000,1,1,4,3,4,1,3,3,3,10
SF,IF2003,2019-12-11 09:30:28.700,3907.0000,21723,0,113698440.000,0,-,-,-,-,3906.6000,3906.2000,3906.0000,3905.8000,3905.0000,3907.2000,3907.4000,3908.0000,3908.6000,3909.4000,1,1,4,3,4,1,1,3,3,3
SF,IF2003,2019-12-11 09:30:29.200,3907.0000,21723,0,113698440.000,0,-,-,-,-,3906.2000,3906.0000,3905.8000,3905.0000,3904.2000,3907.2000,3907.4000,3907.6000,3908.0000,3908.6000,1,4,3,4,2,1,1,1,3,3
SF,IF2003,2019-12-11 09:30:29.700,3907.0000,21723,0,113698440.000,0,-,-,-,-,3906.2000,3906.0000,3905.8000,3905.0000,3904.2000,3907.2000,3907.4000,3907.6000,3908.0000,3908.6000,1,4,3,4,2,1,1,1,3,3
SF,IF2003,2019-12-11 09:30:30.700,3907.0000,21723,0,113698440.000,0,-,-,-,-,3906.2000,3906.0000,3905.8000,3905.0000,3904.2000,3907.2000,3907.4000,3907.6000,3908.0000,3908.6000,1,3,2,4,2,1,1,1,3,3
SF,IF2003,2019-12-11 09:30:31.200,3907.0000,21723,0,113698440.000,0,-,-,-,-,3906.2000,3906.0000,3905.8000,3905.0000,3904.2000,3907.2000,3907.6000,3908.0000,3908.6000,3909.4000,1,3,2,4,2,1,1,3,3,3
SF,IF2003,2019-12-11 09:30:32.200,3907.2000,21723,0,114870600.000,1,0,1,多换,S,3906.2000,3906.0000,3905.8000,3905.0000,3904.2000,3907.6000,3908.0000,3908.6000,3909.4000,3909.6000,1,3,2,4,2,1,3,3,3,1
SF,IF2003,2019-12-11 09:30:32.700,3907.2000,21723,0,114870600.000,0,-,-,-,-,3906.2000,3906.0000,3905.8000,3905.0000,3904.2000,3907.4000,3907.6000,3908.0000,3908.6000,3909.4000,1,3,2,4,2,3,1,3,3,3
SF,IF2003,2019-12-11 09:30:33.200,3906.2000,21722,-1,116042460.000,1,0,1,双平,S,3906.0000,3905.8000,3905.0000,3904.2000,3903.0000,3906.2000,3907.2000,3907.4000,3907.6000,3908.0000,3,2,4,2,2,4,1,3,1,3
SF,IF2003,2019-12-11 09:30:33.700,3906.2000,21718,-4,121901760.000,5,0,5,多平,S,3906.2000,3906.0000,3905.8000,3905.0000,3904.2000,3907.2000,3907.4000,3907.6000,3908.0000,3908.6000,4,3,2,4,2,1,3,1,3,3
SF,IF2003,2019-12-11 09:30:34.200,3906.2000,21718,0,121901760.000,0,-,-,-,-,3906.2000,3906.0000,3905.8000,3905.0000,3904.2000,3907.0000,3907.2000,3907.4000,3907.6000,3908.0000,4,3,2,4,2,1,1,2,1,3
SF,IF2003,2019-12-11 09:30:34.700,3906.2000,21718,0,121901760.000,0,-,-,-,-,3907.0000,3906.6000,3906.2000,3906.0000,3905.8000,3907.2000,3907.6000,3908.0000,3908.6000,3909.4000,1,1,1,3,2,1,1,3,3,3
SF,IF2003,2019-12-11 09:30:35.200,3906.2000,21717,-1,126589560.000,4,1,3,多平,S,3906.0000,3905.8000,3905.0000,3904.2000,3903.0000,3906.2000,3907.0000,3907.2000,3907.6000,3908.0000,3,2,4,2,2,4,3,1,1,3
SF,IF2003,2019-12-11 09:30:35.700,3906.0000,21716,-1,130105020.000,3,1,2,多平,S,3906.0000,3905.8000,3905.0000,3904.2000,3903.0000,3906.2000,3907.0000,3907.2000,3908.0000,3908.6000,1,2,4,2,2,3,1,1,3,3
SF,IF2003,2019-12-11 09:30:36.200,3906.2000,21713,-3,133620600.000,3,0,3,双平,S,3906.6000,3906.0000,3905.8000,3905.0000,3904.2000,3907.0000,3907.2000,3908.0000,3908.6000,3909.4000,1,1,2,4,2,1,1,3,3,3
SF,IF2003,2019-12-11 09:30:36.700,3906.6000,21713,0,134792580.000,1,0,1,多换,S,3906.0000,3905.8000,3905.0000,3904.2000,3903.0000,3907.0000,3907.2000,3908.0000,3908.6000,3909.4000,1,2,4,2,2,1,1,3,3,3
SF,IF2003,2019-12-11 09:30:37.200,3906.6000,21713,0,134792580.000,0,-,-,-,-,3906.0000,3905.8000,3905.0000,3904.2000,3903.0000,3907.0000,3907.2000,3908.0000,3908.6000,3909.4000,1,2,4,2,2,1,1,3,3,3
SF,IF2003,2019-12-11 09:30:38.200,3906.6000,21713,0,134792580.000,0,-,-,-,-,3906.0000,3905.8000,3905.0000,3904.2000,3903.0000,3907.0000,3907.2000,3908.0000,3908.6000,3909.4000,1,2,4,2,2,3,1,3,3,3
SF,IF2003,2019-12-11 09:30:39.200,3906.6000,21713,0,134792580.000,0,-,-,-,-,3906.0000,3905.8000,3905.0000,3904.2000,3903.0000,3907.0000,3907.2000,3908.0000,3908.6000,3909.4000,1,2,4,2,2,3,2,3,3,3
SF,IF2003,2019-12-11 09:30:39.700,3906.0000,21712,-1,135964380.000,1,0,1,双平,S,3905.8000,3905.0000,3904.2000,3903.0000,3902.2000,3907.0000,3907.2000,3908.0000,3908.6000,3909.4000,2,5,2,2,1,3,2,3,3,3
SF,IF2003,2019-12-11 09:30:40.200,3906.0000,21712,0,135964380.000,0,-,-,-,-,3906.0000,3905.8000,3905.0000,3904.2000,3903.0000,3907.0000,3907.2000,3908.0000,3908.6000,3909.4000,2,2,5,2,2,3,2,3,3,3
SF,IF2003,2019-12-11 09:30:40.700,3906.0000,21711,-1,137136180.000,1,0,1,双平,S,3906.6000,3906.0000,3905.8000,3905.0000,3904.2000,3907.0000,3907.2000,3908.0000,3908.6000,3909.4000,1,1,2,5,2,3,2,3,3,3
SF,IF2003,2019-12-11 09:30:41.200,3906.6000,21710,-1,139480140.000,2,0,2,多平,S,3906.0000,3905.8000,3905.0000,3904.2000,3903.0000,3907.0000,3907.2000,3907.8000,3908.0000,3908.6000,1,2,5,2,2,3,2,1,3,3
SF,IF2003,2019-12-11 09:30:41.700,3906.6000,21710,0,139480140.000,0,-,-,-,-,3905.8000,3905.0000,3904.2000,3903.0000,3902.2000,3906.6000,3906.8000,3907.0000,3907.2000,3907.8000,2,5,2,2,1,3,1,3,2,1
SF,IF2003,2019-12-11 09:30:42.200,3906.6000,21710,0,139480140.000,0,-,-,-,-,3906.0000,3905.8000,3905.0000,3904.2000,3903.0000,3906.8000,3907.0000,3907.2000,3907.8000,3908.0000,1,2,5,2,2,2,3,2,1,3
SF,IF2003,2019-12-11 09:30:43.700,3906.8000,21710,0,140652180.000,1,0,1,多换,S,3906.0000,3905.8000,3905.0000,3904.2000,3903.0000,3906.8000,3907.0000,3907.2000,3907.8000,3908.0000,1,2,5,2,2,1,3,2,1,3
SF,IF2003,2019-12-11 09:30:44.200,3906.8000,21710,0,140652180.000,0,-,-,-,-,3906.0000,3905.8000,3905.0000,3904.2000,3903.0000,3907.0000,3907.2000,3907.8000,3908.0000,3908.6000,1,2,2,2,2,3,2,1,3,3
SF,IF2003,2019-12-11 09:30:44.700,3906.8000,21710,0,140652180.000,0,-,-,-,-,3906.8000,3906.2000,3906.0000,3905.8000,3905.0000,3907.0000,3907.2000,3907.8000,3908.0000,3908.6000,1,1,1,2,2,3,2,1,3,3
SF,IF2003,2019-12-11 09:30:45.200,3906.8000,21710,0,141824220.000,1,0,1,多换,S,3906.0000,3905.0000,3904.2000,3903.0000,3902.2000,3906.8000,3907.0000,3907.2000,3907.8000,3908.0000,1,2,2,2,1,4,3,2,1,3
SF,IF2003,2019-12-11 09:30:45.700,3906.8000,21710,0,141824220.000,0,-,-,-,-,3906.2000,3906.0000,3905.8000,3905.0000,3904.2000,3906.8000,3907.0000,3907.2000,3907.8000,3908.0000,5,1,1,2,2,4,3,2,1,3
SF,IF2003,2019-12-11 09:30:46.200,3906.8000,21710,0,141824220.000,0,-,-,-,-,3906.0000,3905.8000,3905.0000,3904.2000,3903.0000,3906.8000,3907.0000,3907.2000,3907.8000,3908.0000,1,1,2,2,2,4,3,2,1,3
SF,IF2003,2019-12-11 09:30:48.700,3906.8000,21710,0,141824220.000,0,-,-,-,-,3906.0000,3905.8000,3905.0000,3904.2000,3903.0000,3906.8000,3907.0000,3907.2000,3907.8000,3908.0000,3,1,2,2,2,4,3,2,1,3
SF,IF2003,2019-12-11 09:30:49.700,3906.0000,21710,0,142996020.000,1,0,1,多换,S,3906.0000,3905.8000,3905.0000,3904.2000,3903.0000,3906.8000,3907.0000,3907.2000,3907.8000,3908.0000,2,1,2,2,2,4,3,2,1,3
SF,IF2003,2019-12-11 09:30:50.200,3906.0000,21710,0,142996020.000,0,-,-,-,-,3906.0000,3905.8000,3905.0000,3904.2000,3903.0000,3906.8000,3907.0000,3907.2000,3907.8000,3908.0000,2,1,2,2,2,4,3,2,1,2
SF,IF2003,2019-12-11 09:30:51.200,3906.0000,21710,0,142996020.000,0,-,-,-,-,3906.2000,3905.8000,3905.2000,3905.0000,3904.2000,3907.0000,3907.2000,3907.8000,3908.0000,3908.6000,5,1,1,2,2,3,2,1,2,3
SF,IF2003,2019-12-11 09:30:51.700,3906.0000,21710,0,146511420.000,3,1,2,多换,S,3906.2000,3905.8000,3905.2000,3905.0000,3904.2000,3907.0000,3907.2000,3907.8000,3908.0000,3908.6000,4,1,1,2,2,2,2,1,2,3
SF,IF2003,2019-12-11 09:30:52.200,3906.0000,21710,0,146511420.000,0,-,-,-,-,3905.8000,3905.2000,3905.0000,3904.2000,3903.0000,3906.0000,3907.0000,3907.2000,3907.8000,3908.0000,1,1,2,2,2,1,2,2,1,2
SF,IF2003,2019-12-11 09:30:52.700,3906.0000,21710,0,147683220.000,1,0,1,多换,S,3906.4000,3906.2000,3906.0000,3905.8000,3905.2000,3907.0000,3907.2000,3907.8000,3908.0000,3908.6000,1,7,3,2,1,2,2,1,2,3
SF,IF2003,2019-12-11 09:30:53.200,3906.0000,21710,0,147683220.000,0,-,-,-,-,3906.4000,3905.8000,3905.2000,3905.0000,3904.2000,3907.0000,3907.2000,3907.8000,3908.0000,3908.6000,1,1,1,2,2,2,2,1,2,3
SF,IF2003,2019-12-11 09:30:54.200,3906.0000,21710,0,147683220.000,0,-,-,-,-,3906.4000,3905.8000,3905.2000,3905.0000,3904.2000,3907.0000,3907.2000,3908.0000,3908.6000,3909.4000,1,1,1,2,2,2,2,2,3,3
SF,IF2003,2019-12-11 09:30:54.700,3906.4000,21709,-1,148855140.000,1,0,1,双平,S,3905.8000,3905.2000,3905.0000,3904.2000,3903.6000,3906.8000,3907.0000,3907.2000,3908.0000,3908.6000,1,1,2,2,5,1,2,2,2,3
SF,IF2003,2019-12-11 09:30:55.200,3906.4000,21709,0,148855140.000,0,-,-,-,-,3906.2000,3906.0000,3905.8000,3905.2000,3905.0000,3906.8000,3907.0000,3907.2000,3908.0000,3908.6000,6,3,2,1,2,1,2,2,2,3
SF,IF2003,2019-12-11 09:30:55.700,3906.4000,21709,0,148855140.000,0,-,-,-,-,3906.0000,3905.8000,3905.2000,3905.0000,3904.2000,3906.4000,3906.8000,3907.0000,3907.2000,3908.0000,5,2,1,2,2,1,1,2,2,2
SF,IF2003,2019-12-11 09:30:56.200,3906.4000,21708,-1,150027060.000,1,0,1,双平,S,3906.2000,3906.0000,3905.8000,3905.2000,3905.0000,3906.4000,3906.8000,3907.0000,3907.2000,3908.0000,5,3,2,1,2,1,1,2,2,2
SF,IF2003,2019-12-11 09:30:56.700,3906.4000,21708,0,150027060.000,0,-,-,-,-,3906.0000,3905.8000,3905.2000,3905.0000,3904.2000,3906.2000,3906.4000,3906.8000,3907.0000,3907.2000,4,2,1,2,2,1,1,1,2,2
SF,IF2003,2019-12-11 09:30:57.200,3906.2000,21707,-1,151198920.000,1,0,1,双平,S,3906.0000,3905.8000,3905.2000,3905.0000,3904.2000,3906.2000,3906.4000,3906.8000,3907.0000,3907.2000,4,2,1,2,2,1,1,1,2,2
SF,IF2003,2019-12-11 09:30:57.700,3906.2000,21707,0,151198920.000,0,-,-,-,-,3906.2000,3905.8000,3905.2000,3905.0000,3904.2000,3906.4000,3906.8000,3907.0000,3907.2000,3907.8000,1,1,1,2,2,1,1,2,2,1
SF,IF2003,2019-12-11 09:30:58.200,3906.2000,21707,0,151198920.000,0,-,-,-,-,3906.2000,3905.8000,3905.2000,3905.0000,3904.2000,3906.4000,3906.8000,3907.0000,3907.2000,3907.8000,1,1,1,2,2,1,2,2,2,1
SF,IF2003,2019-12-11 09:30:58.700,3906.2000,21708,1,152370780.000,1,1,0,双开,S,3905.8000,3905.2000,3905.0000,3904.2000,3903.6000,3906.4000,3906.8000,3907.0000,3907.2000,3907.8000,1,1,2,2,5,1,2,2,2,1
SF,IF2003,2019-12-11 09:30:59.200,3906.2000,21708,0,152370780.000,0,-,-,-,-,3906.0000,3905.8000,3905.2000,3905.0000,3904.2000,3906.4000,3906.8000,3907.0000,3907.2000,3907.8000,5,1,1,2,2,1,2,2,2,1
SF,IF2003,2019-12-11 09:30:59.700,3906.2000,21708,0,152370780.000,0,-,-,-,-,3906.0000,3905.8000,3905.2000,3905.0000,3904.2000,3906.4000,3906.8000,3907.0000,3907.2000,3907.8000,7,1,1,2,2,1,2,2,2,1
SF,IF2003,2019-12-11 09:31:00.200,3906.4000,21707,-1,153542700.000,1,0,1,双平,S,3906.2000,3906.0000,3905.8000,3905.2000,3905.0000,3906.8000,3907.0000,3907.2000,3907.8000,3908.0000,1,5,1,1,2,2,2,2,1,2
SF,IF2003,2019-12-11 09:31:00.700,3906.4000,21707,0,153542700.000,0,-,-,-,-,3905.8000,3905.2000,3905.0000,3904.2000,3903.6000,3906.6000,3906.8000,3907.0000,3907.2000,3907.8000,1,1,2,2,5,1,2,2,2,1
SF,IF2003,2019-12-11 09:31:01.200,3906.4000,21707,0,153542700.000,0,-,-,-,-,3905.8000,3905.2000,3905.0000,3904.2000,3903.6000,3906.6000,3906.8000,3907.0000,3907.2000,3907.8000,1,1,2,2,5,1,2,2,2,1
SF,IF2003,2019-12-11 09:31:01.700,3906.4000,21707,0,153542700.000,0,-,-,-,-,3906.0000,3905.8000,3905.2000,3905.0000,3904.2000,3906.4000,3906.6000,3906.8000,3907.0000,3907.2000,1,3,1,2,2,1,1,2,3,2
SF,IF2003,2019-12-11 09:31:02.200,3906.0000,21706,-1,154714500.000,1,0,1,双平,S,3905.2000,3905.0000,3904.2000,3903.6000,3903.2000,3906.2000,3906.4000,3906.8000,3907.0000,3907.2000,1,2,2,5,1,1,1,2,3,2
SF,IF2003,2019-12-11 09:31:02.700,3906.0000,21706,0,154714500.000,0,-,-,-,-,3905.2000,3905.0000,3904.2000,3903.6000,3903.2000,3906.2000,3906.4000,3906.8000,3907.0000,3907.2000,1,2,2,5,1,1,1,2,4,2
SF,IF2003,2019-12-11 09:31:03.200,3906.0000,21706,0,154714500.000,0,-,-,-,-,3905.2000,3905.0000,3904.2000,3903.6000,3903.2000,3906.2000,3906.4000,3906.6000,3906.8000,3907.0000,3,2,2,5,1,1,1,1,2,4
SF,IF2003,2019-12-11 09:31:03.700,3906.0000,21706,0,154714500.000,0,-,-,-,-,3905.2000,3905.0000,3904.2000,3903.6000,3903.2000,3906.2000,3906.4000,3906.6000,3906.8000,3907.0000,3,2,2,5,1,1,1,1,2,4
SF,IF2003,2019-12-11 09:31:04.200,3906.0000,21706,0,154714500.000,0,-,-,-,-,3905.0000,3904.2000,3903.6000,3903.2000,3903.0000,3906.2000,3906.4000,3906.6000,3906.8000,3907.0000,1,2,5,1,2,1,1,1,2,6
SF,IF2003,2019-12-11 09:31:04.700,3906.0000,21706,0,154714500.000,0,-,-,-,-,3905.0000,3904.2000,3903.6000,3903.2000,3903.0000,3906.0000,3906.2000,3906.6000,3906.8000,3907.0000,1,2,5,1,2,1,1,1,2,6
SF,IF2003,2019-12-11 09:31:05.200,3906.0000,21706,0,154714500.000,0,-,-,-,-,3905.0000,3904.2000,3903.6000,3903.2000,3903.0000,3905.8000,3906.0000,3906.6000,3906.8000,3907.0000,1,2,5,1,2,1,1,1,2,6
SF,IF2003,2019-12-11 09:31:07.200,3906.0000,21706,0,154714500.000,0,-,-,-,-,3905.0000,3904.2000,3903.6000,3903.2000,3903.0000,3905.8000,3906.0000,3906.8000,3907.0000,3907.2000,1,2,5,1,2,1,2,2,6,1
SF,IF2003,2019-12-11 09:31:07.700,3906.0000,21706,0,154714500.000,0,-,-,-,-,3905.0000,3904.2000,3903.6000,3903.2000,3903.0000,3905.6000,3905.8000,3906.0000,3906.8000,3907.0000,1,2,5,1,2,1,1,1,2,6
SF,IF2003,2019-12-11 09:31:08.200,3906.0000,21706,0,154714500.000,0,-,-,-,-,3905.0000,3904.2000,3903.6000,3903.2000,3903.0000,3905.4000,3906.0000,3906.8000,3907.0000,3907.2000,1,2,5,1,2,1,1,2,6,1
SF,IF2003,2019-12-11 09:31:08.700,3905.4000,21706,0,155886120.000,1,0,1,多换,S,3905.0000,3904.2000,3903.6000,3903.2000,3903.0000,3905.4000,3906.0000,3906.8000,3907.0000,3907.2000,3,2,5,1,2,1,1,2,6,1
SF,IF2003,2019-12-11 09:31:09.200,3905.4000,21706,0,155886120.000,0,-,-,-,-,3905.0000,3904.2000,3903.6000,3903.2000,3903.0000,3905.4000,3906.0000,3906.8000,3907.0000,3907.2000,1,2,5,1,2,1,1,2,6,1
SF,IF2003,2019-12-11 09:31:09.700,3905.4000,21706,0,157057740.000,1,0,1,多换,S,3905.0000,3904.2000,3903.6000,3903.2000,3903.0000,3906.0000,3906.8000,3907.0000,3907.2000,3907.8000,1,2,5,1,2,1,2,6,1,1
SF,IF2003,2019-12-11 09:31:10.200,3905.4000,21706,0,157057740.000,0,-,-,-,-,3905.0000,3904.2000,3903.6000,3903.2000,3903.0000,3905.2000,3906.0000,3906.8000,3907.0000,3907.2000,1,2,5,1,2,1,1,2,6,1
SF,IF2003,2019-12-11 09:31:10.700,3905.2000,21706,0,158229300.000,1,0,1,多换,S,3905.4000,3905.0000,3904.2000,3903.6000,3903.2000,3906.0000,3906.8000,3907.0000,3907.2000,3907.8000,1,3,2,5,1,1,2,6,1,1
SF,IF2003,2019-12-11 09:31:11.200,3905.2000,21706,0,158229300.000,0,-,-,-,-,3905.0000,3904.2000,3903.6000,3903.2000,3903.0000,3905.8000,3906.0000,3906.8000,3907.0000,3907.2000,1,2,5,1,2,1,1,2,6,1
SF,IF2003,2019-12-11 09:31:11.700,3905.2000,21706,0,158229300.000,0,-,-,-,-,3905.0000,3904.2000,3903.6000,3903.2000,3903.0000,3905.4000,3905.6000,3905.8000,3906.0000,3906.8000,1,2,5,1,2,1,1,1,1,2
SF,IF2003,2019-12-11 09:31:12.200,3905.0000,21706,0,159400800.000,1,0,1,多换,S,3904.2000,3903.6000,3903.2000,3903.0000,3902.2000,3905.4000,3905.6000,3905.8000,3906.0000,3906.8000,2,5,1,2,1,1,1,1,1,2
SF,IF2003,2019-12-11 09:31:12.700,3905.0000,21706,0,159400800.000,0,-,-,-,-,3904.8000,3904.4000,3904.2000,3903.8000,3903.6000,3905.8000,3906.0000,3906.6000,3906.8000,3907.0000,5,9,4,1,5,1,1,1,2,6
SF,IF2003,2019-12-11 09:31:13.200,3905.0000,21706,0,159400800.000,0,-,-,-,-,3904.8000,3904.4000,3904.2000,3903.8000,3903.6000,3905.8000,3906.0000,3906.6000,3906.8000,3907.0000,7,9,4,1,5,1,1,1,2,6
SF,IF2003,2019-12-11 09:31:13.700,3905.0000,21706,0,159400800.000,0,-,-,-,-,3904.8000,3904.4000,3904.2000,3903.8000,3903.6000,3905.8000,3906.0000,3906.6000,3906.8000,3907.0000,7,9,4,1,5,1,1,1,2,6
SF,IF2003,2019-12-11 09:31:14.200,3905.0000,21706,0,159400800.000,0,-,-,-,-,3904.8000,3904.4000,3904.2000,3903.8000,3903.6000,3905.8000,3906.0000,3906.6000,3906.8000,3907.0000,7,8,4,1,5,1,1,1,2,6
SF,IF2003,2019-12-11 09:31:14.700,3905.8000,21707,1,160572540.000,1,1,0,双开,S,3905.0000,3904.8000,3904.4000,3904.2000,3903.8000,3906.6000,3906.8000,3907.0000,3907.2000,3907.8000,6,5,7,4,1,1,2,6,1,1
SF,IF2003,2019-12-11 09:31:15.200,3905.8000,21707,0,160572540.000,0,-,-,-,-,3905.0000,3904.8000,3904.4000,3904.2000,3903.8000,3906.4000,3906.6000,3906.8000,3907.0000,3907.2000,10,5,7,3,1,2,1,2,6,1
SF,IF2003,2019-12-11 09:31:15.700,3905.8000,21707,0,160572540.000,0,-,-,-,-,3905.0000,3904.4000,3904.2000,3903.8000,3903.6000,3906.4000,3906.6000,3906.8000,3907.0000,3907.2000,6,2,2,1,5,2,2,2,6,1
SF,IF2003,2019-12-11 09:31:16.200,3905.8000,21707,0,160572540.000,0,-,-,-,-,3905.0000,3904.4000,3904.2000,3903.8000,3903.6000,3906.2000,3906.4000,3906.6000,3906.8000,3907.0000,2,2,2,1,5,2,2,2,2,6
SF,IF2003,2019-12-11 09:31:16.700,3905.8000,21707,0,160572540.000,0,-,-,-,-,3905.2000,3905.0000,3904.4000,3904.2000,3903.8000,3906.0000,3906.2000,3906.4000,3906.6000,3906.8000,1,2,2,2,1,2,2,1,2,2
SF,IF2003,2019-12-11 09:31:17.200,3905.8000,21707,0,160572540.000,0,-,-,-,-,3905.2000,3905.0000,3904.4000,3904.2000,3903.8000,3906.0000,3906.2000,3906.4000,3906.6000,3906.8000,1,2,2,2,1,2,2,1,1,2
SF,IF2003,2019-12-11 09:31:17.700,3905.8000,21707,0,160572540.000,0,-,-,-,-,3905.2000,3905.0000,3904.4000,3904.2000,3903.8000,3906.0000,3906.2000,3906.4000,3906.6000,3906.8000,1,1,2,2,1,2,2,1,1,2
SF,IF2003,2019-12-11 09:31:18.200,3905.8000,21707,0,160572540.000,0,-,-,-,-,3905.2000,3905.0000,3904.4000,3904.2000,3903.8000,3906.0000,3906.4000,3906.6000,3906.8000,3907.0000,1,1,2,2,1,1,1,1,2,6
SF,IF2003,2019-12-11 09:31:18.700,3905.8000,21707,0,160572540.000,0,-,-,-,-,3905.2000,3905.0000,3904.4000,3904.2000,3903.8000,3906.4000,3906.6000,3906.8000,3907.0000,3907.2000,1,1,2,3,1,1,1,2,6,1
SF,IF2003,2019-12-11 09:31:19.200,3905.8000,21707,0,160572540.000,0,-,-,-,-,3905.2000,3904.4000,3904.2000,3903.8000,3903.6000,3906.0000,3906.2000,3906.4000,3906.6000,3906.8000,1,2,3,1,5,1,5,2,1,2
SF,IF2003,2019-12-11 09:31:19.700,3905.8000,21707,0,160572540.000,0,-,-,-,-,3905.2000,3904.4000,3904.2000,3903.8000,3903.6000,3905.8000,3906.0000,3906.2000,3906.4000,3906.6000,1,2,3,1,5,2,1,3,2,1
SF,IF2003,2019-12-11 09:31:20.200,3905.8000,21707,0,160572540.000,0,-,-,-,-,3905.2000,3904.4000,3904.2000,3903.8000,3903.6000,3905.8000,3906.2000,3906.4000,3906.6000,3906.8000,1,2,3,1,5,1,3,2,1,2
SF,IF2003,2019-12-11 09:31:20.700,3905.8000,21707,0,160572540.000,0,-,-,-,-,3905.2000,3904.4000,3904.2000,3903.8000,3903.6000,3905.8000,3906.2000,3906.4000,3906.6000,3906.8000,1,2,3,1,5,3,3,1,1,2
SF,IF2003,2019-12-11 09:31:22.200,3905.8000,21707,0,160572540.000,0,-,-,-,-,3905.2000,3904.4000,3904.2000,3903.8000,3903.6000,3905.6000,3905.8000,3906.2000,3906.4000,3906.6000,1,2,3,1,5,1,2,3,1,1
SF,IF2003,2019-12-11 09:31:23.700,3905.8000,21707,0,161744280.000,1,0,1,多换,S,3905.2000,3904.4000,3904.2000,3903.8000,3903.6000,3905.8000,3906.2000,3906.6000,3906.8000,3907.0000,3,2,3,1,5,2,1,1,2,6
SF,IF2003,2019-12-11 09:31:24.700,3905.8000,21707,0,161744280.000,0,-,-,-,-,3905.2000,3904.4000,3904.2000,3903.8000,3903.6000,3905.8000,3906.2000,3906.6000,3906.8000,3907.0000,1,2,3,1,5,2,1,1,2,6
SF,IF2003,2019-12-11 09:31:25.200,3905.2000,21706,-1,162915840.000,1,0,1,双平,S,3904.4000,3904.2000,3903.8000,3903.6000,3903.2000,3905.6000,3905.8000,3906.2000,3906.6000,3906.8000,2,3,1,5,1,1,2,1,1,2
SF,IF2003,2019-12-11 09:31:25.700,3905.2000,21706,0,162915840.000,0,-,-,-,-,3904.6000,3904.4000,3904.2000,3903.8000,3903.6000,3905.6000,3905.8000,3906.2000,3906.6000,3906.8000,6,3,3,1,5,1,2,1,1,2
SF,IF2003,2019-12-11 09:31:26.200,3905.2000,21706,0,162915840.000,0,-,-,-,-,3905.0000,3904.6000,3904.4000,3904.2000,3903.8000,3905.6000,3905.8000,3906.2000,3906.6000,3906.8000,3,12,3,3,1,1,2,1,1,2
SF,IF2003,2019-12-11 09:31:26.700,3905.2000,21706,0,162915840.000,0,-,-,-,-,3904.8000,3904.6000,3904.4000,3904.2000,3903.8000,3905.6000,3905.8000,3906.2000,3906.6000,3906.8000,1,6,3,3,1,1,2,1,1,2
SF,IF2003,2019-12-11 09:31:27.200,3904.8000,21706,0,164087280.000,1,0,1,多换,S,3904.6000,3904.4000,3904.2000,3903.8000,3903.6000,3905.8000,3906.2000,3906.6000,3906.8000,3907.0000,6,3,3,1,5,2,1,1,2,6
SF,IF2003,2019-12-11 09:31:27.700,3904.8000,21706,0,164087280.000,0,-,-,-,-,3904.8000,3904.6000,3904.4000,3904.2000,3903.8000,3905.8000,3906.2000,3906.6000,3906.8000,3907.0000,3,6,3,3,1,2,1,1,2,6
SF,IF2003,2019-12-11 09:31:28.200,3904.8000,21706,0,164087280.000,0,-,-,-,-,3904.6000,3904.4000,3904.2000,3903.8000,3903.6000,3905.8000,3906.2000,3906.6000,3906.8000,3907.0000,6,3,3,1,5,2,1,1,2,6
SF,IF2003,2019-12-11 09:31:28.700,3904.8000,21706,0,164087280.000,0,-,-,-,-,3904.6000,3904.4000,3904.2000,3903.8000,3903.6000,3905.6000,3905.8000,3906.2000,3906.6000,3906.8000,1,3,2,1,5,2,2,1,1,2
SF,IF2003,2019-12-11 09:31:29.200,3904.8000,21706,0,164087280.000,0,-,-,-,-,3904.6000,3904.4000,3904.2000,3903.8000,3903.6000,3905.6000,3905.8000,3906.2000,3906.6000,3906.8000,3,3,2,1,5,2,2,1,1,2
SF,IF2003,2019-12-11 09:31:29.700,3904.8000,21706,0,164087280.000,0,-,-,-,-,3905.2000,3905.0000,3904.8000,3904.6000,3904.4000,3905.6000,3905.8000,3906.0000,3906.2000,3906.6000,5,1,8,1,3,2,2,1,1,1
SF,IF2003,2019-12-11 09:31:30.200,3904.8000,21706,0,164087280.000,0,-,-,-,-,3904.6000,3904.4000,3904.2000,3903.8000,3903.6000,3905.6000,3905.8000,3906.0000,3906.2000,3906.6000,3,3,2,1,5,2,2,1,1,1
SF,IF2003,2019-12-11 09:31:30.700,3904.8000,21706,0,164087280.000,0,-,-,-,-,3905.2000,3904.8000,3904.6000,3904.4000,3904.2000,3905.6000,3905.8000,3906.0000,3906.2000,3906.6000,5,8,1,3,2,1,2,1,1,1
SF,IF2003,2019-12-11 09:31:31.200,3904.8000,21706,0,164087280.000,0,-,-,-,-,3905.0000,3904.8000,3904.6000,3904.4000,3904.2000,3905.6000,3905.8000,3906.0000,3906.2000,3906.6000,2,3,1,3,2,1,2,1,1,1
SF,IF2003,2019-12-11 09:31:31.700,3904.8000,21706,0,164087280.000,0,-,-,-,-,3905.2000,3904.8000,3904.6000,3904.4000,3904.2000,3905.6000,3905.8000,3906.0000,3906.2000,3906.6000,5,3,1,3,2,1,2,1,1,1
SF,IF2003,2019-12-11 09:31:32.200,3904.8000,21706,0,164087280.000,0,-,-,-,-,3905.2000,3904.8000,3904.6000,3904.4000,3904.2000,3905.4000,3905.8000,3906.0000,3906.2000,3906.6000,7,3,1,3,2,1,2,1,1,1
SF,IF2003,2019-12-11 09:31:32.700,3905.4000,21706,0,165258900.000,1,0,1,多换,S,3905.2000,3904.8000,3904.6000,3904.4000,3904.2000,3905.6000,3905.8000,3906.0000,3906.6000,3906.8000,8,3,1,3,2,1,2,1,1,2
SF,IF2003,2019-12-11 09:31:33.200,3905.2000,21704,-2,167602140.000,2,0,2,双平,S,3905.2000,3904.8000,3904.6000,3904.4000,3904.2000,3905.8000,3906.0000,3906.6000,3906.8000,3907.0000,6,3,1,3,2,2,1,1,2,4
SF,IF2003,2019-12-11 09:31:33.700,3905.2000,21704,0,167602140.000,0,-,-,-,-,3905.2000,3904.8000,3904.6000,3904.4000,3904.2000,3905.8000,3906.0000,3906.6000,3906.8000,3907.0000,6,3,1,3,2,2,1,1,2,4
SF,IF2003,2019-12-11 09:31:34.200,3905.2000,21704,0,169945260.000,2,1,1,多换,S,3905.2000,3904.8000,3904.6000,3904.4000,3904.2000,3905.8000,3906.0000,3906.6000,3906.8000,3907.0000,3,3,1,3,2,2,1,1,2,4
SF,IF2003,2019-12-11 09:31:34.700,3905.2000,21704,0,169945260.000,0,-,-,-,-,3905.4000,3905.2000,3904.8000,3904.6000,3904.4000,3905.8000,3906.0000,3906.6000,3906.8000,3907.0000,2,3,3,1,3,2,1,1,1,4
SF,IF2003,2019-12-11 09:31:35.200,3905.2000,21704,0,169945260.000,0,-,-,-,-,3905.4000,3905.2000,3904.8000,3904.6000,3904.4000,3905.8000,3906.0000,3906.6000,3906.8000,3907.0000,2,4,3,1,3,2,1,1,1,4
SF,IF2003,2019-12-11 09:31:36.200,3905.2000,21702,-2,173459940.000,3,0,3,多平,S,3905.2000,3904.8000,3904.6000,3904.4000,3904.2000,3905.6000,3905.8000,3906.0000,3906.6000,3906.8000,1,3,1,3,2,2,2,1,1,1
SF,IF2003,2019-12-11 09:31:36.700,3905.2000,21702,0,173459940.000,0,-,-,-,-,3905.2000,3904.8000,3904.6000,3904.4000,3904.2000,3905.6000,3905.8000,3906.0000,3906.6000,3906.8000,1,3,1,3,2,2,2,1,1,1
SF,IF2003,2019-12-11 09:31:37.200,3905.2000,21702,0,173459940.000,0,-,-,-,-,3904.8000,3904.6000,3904.4000,3904.2000,3903.8000,3905.6000,3905.8000,3906.0000,3906.6000,3906.8000,3,1,3,2,1,2,2,1,1,1
SF,IF2003,2019-12-11 09:31:38.200,3905.2000,21702,0,173459940.000,0,-,-,-,-,3905.0000,3904.8000,3904.6000,3904.4000,3904.2000,3905.6000,3905.8000,3906.0000,3906.6000,3906.8000,2,3,1,3,2,2,2,1,1,1
SF,IF2003,2019-12-11 09:31:38.700,3905.2000,21702,0,173459940.000,0,-,-,-,-,3905.0000,3904.8000,3904.6000,3904.4000,3904.2000,3905.6000,3905.8000,3906.0000,3906.6000,3906.8000,2,3,1,3,2,2,2,3,1,1
SF,IF2003,2019-12-11 09:31:39.700,3905.2000,21702,0,173459940.000,0,-,-,-,-,3904.8000,3904.6000,3904.4000,3904.2000,3903.8000,3905.4000,3905.6000,3905.8000,3906.0000,3906.6000,3,1,3,2,1,2,2,2,3,1
SF,IF2003,2019-12-11 09:31:40.200,3905.2000,21702,0,173459940.000,0,-,-,-,-,3905.0000,3904.8000,3904.6000,3904.4000,3904.2000,3905.4000,3905.6000,3905.8000,3906.0000,3906.6000,2,3,1,3,2,2,2,2,3,1
SF,IF2003,2019-12-11 09:31:40.700,3905.2000,21702,0,173459940.000,0,-,-,-,-,3905.0000,3904.8000,3904.6000,3904.4000,3904.2000,3905.2000,3905.4000,3905.6000,3905.8000,3906.0000,3,3,1,3,2,3,2,2,2,3
SF,IF2003,2019-12-11 09:31:41.200,3905.2000,21702,0,173459940.000,0,-,-,-,-,3905.0000,3904.8000,3904.6000,3904.4000,3904.2000,3905.2000,3905.4000,3905.6000,3905.8000,3906.0000,1,1,1,3,2,3,2,2,2,3
SF,IF2003,2019-12-11 09:31:41.700,3905.0000,21701,-1,175802940.000,2,0,2,多平,S,3904.8000,3904.6000,3904.4000,3904.2000,3903.8000,3905.2000,3905.4000,3905.6000,3905.8000,3906.0000,1,1,3,2,1,5,2,2,2,3
SF,IF2003,2019-12-11 09:31:42.200,3904.8000,21701,0,176974380.000,1,0,1,多换,S,3904.6000,3904.4000,3904.2000,3903.8000,3903.6000,3905.2000,3905.4000,3905.6000,3905.8000,3906.0000,1,3,2,1,5,5,2,2,2,3
SF,IF2003,2019-12-11 09:31:42.700,3905.4000,21706,5,185175420.000,7,6,1,空开,S,3905.4000,3904.4000,3904.2000,3903.8000,3903.6000,3905.6000,3905.8000,3906.0000,3906.2000,3906.6000,6,3,2,1,5,2,2,3,1,1
SF,IF2003,2019-12-11 09:31:43.200,3905.4000,21706,0,188690280.000,3,1,2,多换,S,3905.4000,3905.0000,3904.4000,3904.2000,3903.8000,3905.6000,3905.8000,3906.0000,3906.2000,3906.6000,3,2,3,2,1,2,2,3,1,1
SF,IF2003,2019-12-11 09:31:43.700,3905.4000,21706,0,192205140.000,3,1,2,多换,S,3904.4000,3904.2000,3903.8000,3903.6000,3903.2000,3905.2000,3905.4000,3905.6000,3905.8000,3906.0000,3,2,1,5,1,1,3,2,2,3
SF,IF2003,2019-12-11 09:31:44.200,3905.4000,21706,0,192205140.000,0,-,-,-,-,3904.4000,3904.2000,3903.8000,3903.6000,3903.2000,3905.2000,3905.6000,3905.8000,3906.0000,3906.2000,3,1,1,5,1,1,2,2,3,1
SF,IF2003,2019-12-11 09:31:44.700,3905.4000,21706,0,192205140.000,0,-,-,-,-,3904.4000,3904.2000,3903.8000,3903.6000,3903.2000,3905.2000,3905.6000,3905.8000,3906.0000,3906.2000,3,1,1,5,1,1,2,2,3,1
SF,IF2003,2019-12-11 09:31:45.200,3905.4000,21706,0,192205140.000,0,-,-,-,-,3904.4000,3904.2000,3903.8000,3903.6000,3903.2000,3905.2000,3905.6000,3905.8000,3906.0000,3906.2000,3,1,1,5,2,1,2,2,3,1
SF,IF2003,2019-12-11 09:31:45.700,3905.4000,21706,0,192205140.000,0,-,-,-,-,3904.4000,3904.2000,3903.8000,3903.6000,3903.2000,3905.2000,3905.6000,3905.8000,3906.0000,3906.2000,3,1,1,5,1,1,2,2,3,1
SF,IF2003,2019-12-11 09:31:46.700,3905.4000,21706,0,192205140.000,0,-,-,-,-,3904.4000,3904.2000,3903.8000,3903.6000,3903.2000,3905.2000,3905.6000,3906.0000,3906.2000,3906.8000,3,1,1,5,1,1,2,3,1,1
SF,IF2003,2019-12-11 09:31:47.200,3905.4000,21706,0,192205140.000,0,-,-,-,-,3903.8000,3903.6000,3903.2000,3903.0000,3902.2000,3905.0000,3905.2000,3905.6000,3906.0000,3906.2000,1,5,2,2,1,2,1,2,3,1
SF,IF2003,2019-12-11 09:31:47.700,3905.0000,21705,-1,193376640.000,1,0,1,双平,S,3904.4000,3904.0000,3903.8000,3903.6000,3903.2000,3905.6000,3906.0000,3906.2000,3906.8000,3907.0000,3,9,2,5,2,2,3,1,1,1
SF,IF2003,2019-12-11 09:31:48.200,3905.0000,21705,0,193376640.000,0,-,-,-,-,3904.0000,3903.8000,3903.6000,3903.2000,3903.0000,3905.4000,3905.6000,3906.0000,3906.2000,3906.8000,4,2,5,2,2,2,3,3,1,1
SF,IF2003,2019-12-11 09:31:48.700,3905.0000,21705,0,193376640.000,0,-,-,-,-,3904.0000,3903.8000,3903.6000,3903.2000,3903.0000,3905.4000,3905.6000,3906.0000,3906.2000,3906.8000,4,2,5,2,2,3,2,3,1,1
SF,IF2003,2019-12-11 09:31:49.200,3905.0000,21705,0,193376640.000,0,-,-,-,-,3904.0000,3903.8000,3903.6000,3903.2000,3903.0000,3905.4000,3905.6000,3906.0000,3906.2000,3906.8000,6,2,5,2,2,3,2,3,1,1
SF,IF2003,2019-12-11 09:31:49.700,3905.0000,21705,0,193376640.000,0,-,-,-,-,3904.2000,3904.0000,3903.8000,3903.6000,3903.2000,3905.4000,3905.6000,3906.0000,3906.2000,3906.8000,1,4,2,5,2,3,2,3,1,1
SF,IF2003,2019-12-11 09:31:50.200,3905.0000,21705,0,193376640.000,0,-,-,-,-,3904.4000,3904.2000,3904.0000,3903.8000,3903.6000,3905.4000,3905.6000,3906.0000,3906.2000,3906.8000,1,3,3,2,5,3,2,3,1,1
SF,IF2003,2019-12-11 09:31:50.700,3905.0000,21705,0,193376640.000,0,-,-,-,-,3904.4000,3904.2000,3904.0000,3903.8000,3903.6000,3905.4000,3905.6000,3906.0000,3906.2000,3906.8000,1,3,3,2,5,2,2,3,1,1
SF,IF2003,2019-12-11 09:31:51.200,3905.0000,21705,0,193376640.000,0,-,-,-,-,3904.4000,3904.2000,3904.0000,3903.8000,3903.6000,3905.2000,3905.4000,3905.6000,3906.0000,3906.2000,1,3,3,2,5,1,2,2,3,1
SF,IF2003,2019-12-11 09:31:51.700,3905.0000,21705,0,193376640.000,0,-,-,-,-,3904.4000,3904.2000,3904.0000,3903.8000,3903.6000,3904.8000,3905.2000,3905.6000,3906.0000,3906.2000,1,3,3,2,5,1,2,2,3,1
SF,IF2003,2019-12-11 09:31:52.200,3905.0000,21705,0,193376640.000,0,-,-,-,-,3904.4000,3904.2000,3904.0000,3903.8000,3903.6000,3904.8000,3905.2000,3905.6000,3906.0000,3906.2000,1,3,3,2,5,2,1,2,3,1
SF,IF2003,2019-12-11 09:31:52.700,3905.0000,21705,0,194548140.000,1,0,1,多换,S,3904.4000,3904.2000,3904.0000,3903.8000,3903.6000,3904.8000,3905.2000,3905.4000,3905.6000,3906.0000,1,3,3,2,5,1,1,1,2,3
SF,IF2003,2019-12-11 09:31:53.200,3905.0000,21705,0,194548140.000,0,-,-,-,-,3904.4000,3904.2000,3904.0000,3903.8000,3903.6000,3904.8000,3905.2000,3905.4000,3905.6000,3906.0000,1,3,4,2,5,1,1,1,2,3
SF,IF2003,2019-12-11 09:31:53.700,3904.8000,21704,-1,195719580.000,1,0,1,双平,S,3904.4000,3904.2000,3904.0000,3903.8000,3903.6000,3905.2000,3905.4000,3905.6000,3906.0000,3906.2000,1,3,4,2,5,1,1,2,3,1
SF,IF2003,2019-12-11 09:31:54.200,3904.8000,21704,0,195719580.000,0,-,-,-,-,3904.4000,3904.2000,3904.0000,3903.8000,3903.6000,3905.2000,3905.4000,3905.6000,3906.0000,3906.2000,1,2,4,2,5,1,1,2,3,1
SF,IF2003,2019-12-11 09:31:54.700,3904.8000,21704,0,195719580.000,0,-,-,-,-,3904.6000,3904.4000,3904.2000,3904.0000,3903.8000,3905.4000,3905.6000,3906.0000,3906.2000,3906.8000,1,1,2,4,2,1,2,3,1,1
SF,IF2003,2019-12-11 09:31:55.200,3904.8000,21704,0,195719580.000,0,-,-,-,-,3904.6000,3904.4000,3904.0000,3903.8000,3903.6000,3905.4000,3905.6000,3906.0000,3906.2000,3906.8000,1,1,4,2,5,1,2,3,1,1
SF,IF2003,2019-12-11 09:31:56.700,3904.8000,21704,0,195719580.000,0,-,-,-,-,3904.6000,3904.4000,3904.0000,3903.8000,3903.6000,3905.4000,3905.6000,3906.0000,3906.2000,3906.8000,1,1,4,2,5,1,2,3,1,1
SF,IF2003,2019-12-11 09:31:58.700,3904.8000,21704,0,195719580.000,0,-,-,-,-,3904.6000,3904.4000,3904.0000,3903.8000,3903.6000,3905.4000,3905.6000,3906.0000,3906.2000,3906.8000,1,1,4,2,5,1,2,3,1,1
SF,IF2003,2019-12-11 09:31:59.200,3904.8000,21703,-1,196891020.000,1,0,1,双平,S,3904.6000,3904.0000,3903.8000,3903.6000,3903.2000,3905.4000,3905.6000,3906.0000,3906.2000,3906.8000,3,4,2,5,2,1,2,3,1,1
SF,IF2003,2019-12-11 09:31:59.700,3904.8000,21703,0,196891020.000,0,-,-,-,-,3904.8000,3904.6000,3904.0000,3903.8000,3903.6000,3905.4000,3905.6000,3906.0000,3906.2000,3906.8000,1,3,4,2,5,1,2,3,1,1
SF,IF2003,2019-12-11 09:32:00.700,3904.8000,21703,0,196891020.000,0,-,-,-,-,3904.8000,3904.6000,3904.0000,3903.8000,3903.6000,3905.4000,3905.6000,3906.0000,3906.2000,3906.8000,1,1,4,2,5,1,2,3,1,1
SF,IF2003,2019-12-11 09:32:01.200,3904.8000,21702,-1,198062460.000,1,0,1,双平,S,3904.6000,3904.0000,3903.8000,3903.6000,3903.2000,3905.4000,3905.6000,3906.0000,3906.2000,3906.8000,1,4,2,5,2,1,2,3,1,1
SF,IF2003,2019-12-11 09:32:01.700,3904.8000,21702,0,198062460.000,0,-,-,-,-,3904.6000,3904.0000,3903.8000,3903.6000,3903.2000,3904.8000,3905.4000,3905.6000,3906.0000,3906.2000,1,4,2,5,2,1,1,2,3,1
SF,IF2003,2019-12-11 09:32:02.700,3904.8000,21701,-1,199233900.000,1,0,1,双平,S,3904.6000,3904.0000,3903.8000,3903.6000,3903.2000,3905.4000,3905.6000,3906.0000,3906.2000,3906.8000,1,4,2,5,2,1,2,3,1,1
SF,IF2003,2019-12-11 09:32:03.200,3904.8000,21701,0,199233900.000,0,-,-,-,-,3904.6000,3904.0000,3903.8000,3903.6000,3903.2000,3905.4000,3905.6000,3906.0000,3906.2000,3906.8000,1,4,2,5,2,1,2,3,1,1
SF,IF2003,2019-12-11 09:32:03.700,3904.8000,21701,0,199233900.000,0,-,-,-,-,3904.6000,3904.0000,3903.8000,3903.6000,3903.2000,3905.4000,3905.6000,3906.0000,3906.2000,3906.8000,3,4,2,5,2,1,2,3,1,1
SF,IF2003,2019-12-11 09:32:04.700,3905.4000,21701,0,200405520.000,1,0,1,多换,S,3904.6000,3904.0000,3903.8000,3903.6000,3903.2000,3904.8000,3905.6000,3906.0000,3906.2000,3906.8000,2,5,2,5,2,1,2,3,1,1
SF,IF2003,2019-12-11 09:32:05.200,3904.8000,21701,0,201576960.000,1,0,1,多换,S,3904.8000,3904.6000,3904.0000,3903.8000,3903.6000,3905.6000,3906.0000,3906.2000,3906.8000,3907.0000,6,3,5,2,5,2,3,1,1,1
SF,IF2003,2019-12-11 09:32:05.700,3904.8000,21701,0,201576960.000,0,-,-,-,-,3904.8000,3904.6000,3904.0000,3903.8000,3903.6000,3905.6000,3906.0000,3906.2000,3906.8000,3907.0000,5,2,5,2,5,2,3,1,1,1
SF,IF2003,2019-12-11 09:32:06.200,3904.8000,21701,0,201576960.000,0,-,-,-,-,3904.8000,3904.6000,3904.0000,3903.8000,3903.6000,3905.6000,3906.0000,3906.2000,3906.8000,3907.0000,2,2,5,2,5,2,3,1,1,1
SF,IF2003,2019-12-11 09:32:06.700,3904.8000,21701,0,201576960.000,0,-,-,-,-,3904.8000,3904.0000,3903.8000,3903.6000,3903.2000,3905.6000,3906.0000,3906.2000,3906.8000,3907.0000,3,5,2,5,2,2,3,1,1,1
SF,IF2003,2019-12-11 09:32:07.200,3904.8000,21701,0,201576960.000,0,-,-,-,-,3905.0000,3904.8000,3904.0000,3903.8000,3903.6000,3905.6000,3906.0000,3906.2000,3906.8000,3907.0000,1,3,5,2,5,2,3,1,1,1
SF,IF2003,2019-12-11 09:32:07.700,3904.8000,21701,0,201576960.000,0,-,-,-,-,3905.0000,3904.8000,3904.0000,3903.8000,3903.6000,3905.6000,3906.0000,3906.2000,3906.8000,3907.0000,1,1,5,2,5,2,3,1,1,1
SF,IF2003,2019-12-11 09:32:10.200,3904.8000,21701,0,201576960.000,0,-,-,-,-,3905.0000,3904.8000,3904.0000,3903.8000,3903.6000,3905.6000,3906.0000,3906.2000,3906.8000,3907.0000,1,1,5,2,5,2,3,1,1,1
SF,IF2003,2019-12-11 09:32:10.700,3904.8000,21701,0,201576960.000,0,-,-,-,-,3905.0000,3904.8000,3904.0000,3903.8000,3903.6000,3905.6000,3906.0000,3906.2000,3906.8000,3907.0000,1,1,5,2,5,3,3,1,1,1
SF,IF2003,2019-12-11 09:32:12.200,3904.8000,21701,0,201576960.000,0,-,-,-,-,3905.0000,3904.8000,3904.0000,3903.8000,3903.6000,3905.6000,3906.0000,3906.2000,3906.8000,3907.0000,1,1,5,2,5,3,4,1,1,1
SF,IF2003,2019-12-11 09:32:13.200,3904.8000,21701,0,201576960.000,0,-,-,-,-,3905.0000,3904.8000,3904.0000,3903.8000,3903.6000,3905.6000,3906.0000,3906.2000,3906.8000,3907.0000,3,1,5,2,5,3,4,1,1,1
SF,IF2003,2019-12-11 09:32:13.700,3904.8000,21701,0,201576960.000,0,-,-,-,-,3905.2000,3905.0000,3904.0000,3903.8000,3903.6000,3905.6000,3906.0000,3906.2000,3906.8000,3907.0000,1,3,5,2,5,3,4,1,1,1
SF,IF2003,2019-12-11 09:32:14.200,3904.8000,21701,0,201576960.000,0,-,-,-,-,3905.2000,3905.0000,3904.6000,3904.0000,3903.8000,3905.6000,3906.0000,3906.2000,3906.8000,3907.0000,1,3,1,5,2,3,4,1,1,1
SF,IF2003,2019-12-11 09:32:15.200,3905.6000,21700,-1,202748640.000,1,0,1,双平,S,3905.2000,3905.0000,3904.6000,3904.0000,3903.8000,3905.6000,3906.0000,3906.2000,3906.8000,3907.0000,1,1,1,5,2,2,4,1,1,1
SF,IF2003,2019-12-11 09:32:17.200,3905.6000,21698,-2,205092000.000,2,0,2,双平,S,3905.2000,3905.0000,3904.6000,3904.0000,3903.8000,3906.0000,3906.2000,3906.8000,3907.0000,3907.2000,1,1,1,5,2,4,1,1,1,1
SF,IF2003,2019-12-11 09:32:18.700,3906.0000,21697,-1,207435600.000,2,0,2,多平,S,3905.2000,3905.0000,3904.6000,3904.0000,3903.8000,3906.0000,3906.2000,3906.8000,3907.0000,3907.2000,1,1,1,5,2,1,1,1,1,1
SF,IF2003,2019-12-11 09:32:19.200,3906.0000,21697,0,207435600.000,0,-,-,-,-,3905.6000,3905.4000,3905.2000,3905.0000,3904.6000,3906.0000,3906.8000,3907.0000,3907.2000,3907.8000,1,3,1,1,1,1,1,1,1,1
SF,IF2003,2019-12-11 09:32:19.700,3906.0000,21696,-1,208607400.000,1,0,1,双平,S,3905.4000,3905.0000,3904.6000,3904.0000,3903.8000,3906.8000,3907.0000,3907.2000,3907.8000,3908.4000,1,1,1,5,2,1,1,1,1,1
SF,IF2003,2019-12-11 09:32:20.200,3906.0000,21696,0,208607400.000,0,-,-,-,-,3905.0000,3904.6000,3904.0000,3903.8000,3903.6000,3906.6000,3906.8000,3907.0000,3907.2000,3907.8000,1,1,5,2,5,4,2,1,1,1
SF,IF2003,2019-12-11 09:32:20.700,3906.0000,21696,0,208607400.000,0,-,-,-,-,3906.0000,3905.2000,3905.0000,3904.6000,3904.0000,3906.4000,3906.6000,3906.8000,3907.0000,3907.2000,1,1,1,1,5,2,5,2,1,1
SF,IF2003,2019-12-11 09:32:21.200,3906.0000,21696,0,209779200.000,1,0,1,多换,S,3905.0000,3904.6000,3904.0000,3903.8000,3903.6000,3905.8000,3906.0000,3906.4000,3906.6000,3906.8000,3,1,4,2,5,1,2,2,4,2
SF,IF2003,2019-12-11 09:32:21.700,3906.0000,21696,0,209779200.000,0,-,-,-,-,3905.4000,3905.2000,3905.0000,3904.6000,3904.0000,3905.8000,3906.6000,3906.8000,3907.0000,3907.2000,1,1,1,1,4,1,4,2,1,1
SF,IF2003,2019-12-11 09:32:22.200,3906.0000,21696,0,209779200.000,0,-,-,-,-,3904.6000,3904.0000,3903.8000,3903.6000,3903.2000,3905.8000,3906.6000,3906.8000,3907.0000,3907.2000,1,4,2,5,2,1,4,2,1,1
SF,IF2003,2019-12-11 09:32:22.700,3906.0000,21696,0,209779200.000,0,-,-,-,-,3904.8000,3904.6000,3904.0000,3903.8000,3903.6000,3905.8000,3906.6000,3906.8000,3907.0000,3907.2000,4,1,4,2,5,1,4,2,1,1
SF,IF2003,2019-12-11 09:32:23.700,3906.0000,21696,0,209779200.000,0,-,-,-,-,3904.8000,3904.6000,3904.0000,3903.8000,3903.6000,3905.8000,3906.6000,3906.8000,3907.0000,3907.2000,6,1,4,2,5,1,4,2,1,1
SF,IF2003,2019-12-11 09:32:24.200,3906.0000,21697,1,210951000.000,1,1,0,双开,S,3906.0000,3905.2000,3905.0000,3904.8000,3904.6000,3906.6000,3906.8000,3907.0000,3907.2000,3907.8000,6,1,1,3,1,4,2,1,1,1
SF,IF2003,2019-12-11 09:32:24.700,3906.0000,21696,-1,219153600.000,7,3,4,多平,S,3905.0000,3904.8000,3904.6000,3904.0000,3903.8000,3906.0000,3906.4000,3906.6000,3906.8000,3907.0000,2,1,1,4,2,2,1,4,2,1
SF,IF2003,2019-12-11 09:32:25.200,3906.0000,21696,0,219153600.000,0,-,-,-,-,3905.0000,3904.8000,3904.6000,3904.0000,3903.8000,3906.0000,3906.6000,3906.8000,3907.0000,3907.2000,2,1,1,4,2,5,4,2,1,1
SF,IF2003,2019-12-11 09:32:25.700,3906.0000,21694,-2,222669000.000,3,0,3,多平,S,3904.8000,3904.6000,3904.0000,3903.8000,3903.6000,3906.0000,3906.6000,3906.8000,3907.0000,3907.2000,1,1,4,2,5,2,4,2,1,1
SF,IF2003,2019-12-11 09:32:26.200,3906.0000,21694,0,222669000.000,0,-,-,-,-,3904.6000,3904.0000,3903.8000,3903.6000,3903.2000,3905.8000,3906.0000,3906.2000,3906.6000,3906.8000,1,4,2,5,2,4,3,1,3,2
SF,IF2003,2019-12-11 09:32:26.700,3905.8000,21694,0,225012480.000,2,1,1,多换,S,3904.6000,3904.0000,3903.8000,3903.6000,3903.2000,3905.6000,3905.8000,3906.0000,3906.2000,3906.6000,1,4,2,5,2,2,4,3,1,3
SF,IF2003,2019-12-11 09:32:27.200,3905.8000,21694,0,225012480.000,0,-,-,-,-,3904.6000,3904.0000,3903.8000,3903.6000,3903.2000,3905.6000,3905.8000,3906.0000,3906.2000,3906.6000,1,4,2,5,2,2,3,3,1,3
SF,IF2003,2019-12-11 09:32:27.700,3905.8000,21694,0,226184220.000,1,0,1,多换,S,3904.6000,3904.0000,3903.8000,3903.6000,3903.2000,3905.6000,3905.8000,3906.0000,3906.2000,3906.6000,3,4,2,5,2,1,3,3,1,3
SF,IF2003,2019-12-11 09:32:28.200,3905.8000,21694,0,226184220.000,0,-,-,-,-,3904.6000,3904.0000,3903.8000,3903.6000,3903.2000,3905.6000,3905.8000,3906.0000,3906.2000,3906.6000,1,4,2,5,2,1,3,3,1,3
SF,IF2003,2019-12-11 09:32:28.700,3905.8000,21694,0,226184220.000,0,-,-,-,-,3904.6000,3904.0000,3903.8000,3903.6000,3903.2000,3905.6000,3905.8000,3906.0000,3906.2000,3906.6000,1,4,2,5,2,2,3,3,1,3
SF,IF2003,2019-12-11 09:32:29.200,3905.8000,21694,0,226184220.000,0,-,-,-,-,3904.8000,3904.6000,3904.0000,3903.8000,3903.6000,3905.6000,3905.8000,3906.0000,3906.2000,3906.6000,1,1,4,2,5,1,3,3,1,3
SF,IF2003,2019-12-11 09:32:29.700,3905.8000,21694,0,226184220.000,0,-,-,-,-,3905.0000,3904.8000,3904.6000,3904.0000,3903.8000,3905.6000,3905.8000,3906.0000,3906.2000,3906.6000,2,1,1,4,2,1,1,3,1,3
SF,IF2003,2019-12-11 09:32:30.200,3905.8000,21694,0,226184220.000,0,-,-,-,-,3904.8000,3904.6000,3904.0000,3903.8000,3903.6000,3905.6000,3905.8000,3906.0000,3906.2000,3906.6000,1,1,4,2,5,1,1,3,1,3
SF,IF2003,2019-12-11 09:32:31.200,3905.8000,21694,0,226184220.000,0,-,-,-,-,3904.8000,3904.6000,3904.0000,3903.8000,3903.6000,3905.2000,3905.6000,3905.8000,3906.0000,3906.2000,1,1,4,2,5,2,1,1,3,1
SF,IF2003,2019-12-11 09:32:31.700,3905.8000,21694,0,226184220.000,0,-,-,-,-,3904.6000,3904.0000,3903.8000,3903.6000,3903.2000,3905.2000,3905.6000,3905.8000,3906.0000,3906.2000,1,4,2,5,2,2,1,1,3,1
SF,IF2003,2019-12-11 09:32:32.200,3905.8000,21694,0,226184220.000,0,-,-,-,-,3904.6000,3904.0000,3903.8000,3903.6000,3903.2000,3905.2000,3905.6000,3905.8000,3906.0000,3906.2000,1,4,2,5,2,2,1,1,1,1
SF,IF2003,2019-12-11 09:32:32.700,3905.2000,21694,0,228527340.000,2,1,1,多换,S,3905.2000,3905.0000,3904.8000,3904.6000,3904.0000,3905.6000,3905.8000,3906.0000,3906.2000,3906.6000,1,3,1,1,4,1,1,1,1,3
SF,IF2003,2019-12-11 09:32:33.200,3905.0000,21693,-1,230870400.000,2,0,2,多平,S,3904.6000,3904.0000,3903.8000,3903.6000,3903.2000,3905.6000,3905.8000,3906.0000,3906.2000,3906.6000,1,4,2,5,2,1,1,2,1,3
SF,IF2003,2019-12-11 09:32:33.700,3905.0000,21693,0,230870400.000,0,-,-,-,-,3904.6000,3904.0000,3903.8000,3903.6000,3903.2000,3905.2000,3905.4000,3905.6000,3906.0000,3906.2000,1,4,2,5,2,1,2,1,2,1
SF,IF2003,2019-12-11 09:32:34.200,3905.0000,21693,0,230870400.000,0,-,-,-,-,3904.6000,3904.0000,3903.8000,3903.6000,3903.2000,3905.2000,3905.4000,3905.6000,3906.0000,3906.2000,1,4,2,5,2,1,1,1,2,1
SF,IF2003,2019-12-11 09:32:35.200,3905.0000,21693,0,230870400.000,0,-,-,-,-,3904.6000,3904.0000,3903.8000,3903.6000,3903.2000,3905.4000,3905.6000,3905.8000,3906.0000,3906.2000,1,4,2,5,2,1,1,1,1,1
SF,IF2003,2019-12-11 09:32:35.700,3905.0000,21693,0,230870400.000,0,-,-,-,-,3904.6000,3904.0000,3903.8000,3903.6000,3903.2000,3905.2000,3905.4000,3905.6000,3905.8000,3906.0000,1,1,2,5,2,3,1,1,1,1
SF,IF2003,2019-12-11 09:32:36.200,3905.0000,21693,0,230870400.000,0,-,-,-,-,3904.6000,3904.0000,3903.8000,3903.6000,3903.2000,3905.0000,3905.2000,3905.4000,3905.6000,3905.8000,1,1,2,5,2,1,3,1,1,1
SF,IF2003,2019-12-11 09:32:36.700,3905.0000,21693,0,230870400.000,0,-,-,-,-,3904.6000,3904.0000,3903.8000,3903.6000,3903.2000,3905.0000,3905.4000,3905.6000,3905.8000,3906.0000,1,1,2,5,2,1,1,1,1,1
SF,IF2003,2019-12-11 09:32:37.200,3905.0000,21693,0,230870400.000,0,-,-,-,-,3904.6000,3904.0000,3903.8000,3903.6000,3903.2000,3905.4000,3905.6000,3905.8000,3906.0000,3906.2000,1,1,2,5,2,1,1,1,1,1
SF,IF2003,2019-12-11 09:32:37.700,3905.0000,21693,0,230870400.000,0,-,-,-,-,3904.6000,3904.0000,3903.8000,3903.6000,3903.2000,3905.4000,3905.6000,3905.8000,3906.0000,3906.2000,3,1,2,5,2,1,1,1,1,1
SF,IF2003,2019-12-11 09:32:38.200,3905.0000,21693,0,230870400.000,0,-,-,-,-,3904.6000,3904.0000,3903.8000,3903.6000,3903.2000,3905.4000,3905.6000,3906.0000,3906.2000,3906.6000,3,1,2,5,2,1,1,1,1,3
SF,IF2003,2019-12-11 09:32:38.700,3905.0000,21693,0,230870400.000,0,-,-,-,-,3904.6000,3904.0000,3903.8000,3903.6000,3903.2000,3905.4000,3905.6000,3906.0000,3906.2000,3906.6000,1,1,2,5,2,1,1,1,1,3
SF,IF2003,2019-12-11 09:32:40.200,3905.0000,21693,0,230870400.000,0,-,-,-,-,3905.0000,3904.6000,3904.0000,3903.8000,3903.6000,3905.4000,3906.0000,3906.2000,3906.6000,3906.8000,1,1,1,2,5,1,1,1,3,2
SF,IF2003,2019-12-11 09:32:40.700,3905.0000,21693,0,232041900.000,1,0,1,多换,S,3904.6000,3904.0000,3903.8000,3903.6000,3903.2000,3905.0000,3905.2000,3905.4000,3906.0000,3906.2000,1,1,2,5,2,1,1,1,1,1
SF,IF2003,2019-12-11 09:32:43.700,3905.2000,21692,-1,234384960.000,2,0,2,多平,S,3905.0000,3904.6000,3904.0000,3903.8000,3903.6000,3905.4000,3906.0000,3906.6000,3906.8000,3907.0000,2,1,1,2,5,1,1,2,2,1
SF,IF2003,2019-12-11 09:32:44.200,3905.2000,21692,0,234384960.000,0,-,-,-,-,3904.6000,3904.0000,3903.8000,3903.6000,3903.2000,3905.4000,3906.0000,3906.6000,3906.8000,3907.0000,1,1,2,5,2,1,1,2,2,1
SF,IF2003,2019-12-11 09:32:44.700,3905.2000,21692,0,234384960.000,0,-,-,-,-,3904.6000,3904.0000,3903.8000,3903.6000,3903.2000,3906.0000,3906.6000,3906.8000,3907.0000,3907.2000,1,1,2,5,2,1,2,2,1,1
SF,IF2003,2019-12-11 09:32:45.200,3905.2000,21692,0,234384960.000,0,-,-,-,-,3904.6000,3904.0000,3903.8000,3903.6000,3903.2000,3905.8000,3906.0000,3906.6000,3906.8000,3907.0000,1,1,2,5,2,6,2,2,1,1
SF,IF2003,2019-12-11 09:32:45.700,3905.2000,21692,0,234384960.000,0,-,-,-,-,3904.6000,3904.0000,3903.8000,3903.6000,3903.2000,3905.6000,3905.8000,3906.0000,3906.6000,3906.8000,1,1,2,5,2,1,6,2,2,1
SF,IF2003,2019-12-11 09:32:46.200,3905.2000,21692,0,234384960.000,0,-,-,-,-,3904.6000,3904.0000,3903.8000,3903.6000,3903.2000,3905.4000,3905.6000,3905.8000,3906.0000,3906.6000,1,1,2,5,2,1,1,4,2,2
SF,IF2003,2019-12-11 09:32:46.700,3905.2000,21692,0,234384960.000,0,-,-,-,-,3904.6000,3904.0000,3903.8000,3903.6000,3903.2000,3905.4000,3905.8000,3906.0000,3906.6000,3906.8000,1,1,2,5,2,1,4,2,2,1
SF,IF2003,2019-12-11 09:32:48.700,3905.4000,21690,-2,236728200.000,2,0,2,双平,S,3904.6000,3904.0000,3903.8000,3903.6000,3903.2000,3905.8000,3906.0000,3906.6000,3906.8000,3907.0000,3,1,2,5,2,4,2,2,1,1
SF,IF2003,2019-12-11 09:32:49.200,3905.4000,21690,0,236728200.000,0,-,-,-,-,3905.2000,3904.8000,3904.6000,3904.2000,3904.0000,3906.0000,3906.6000,3906.8000,3907.0000,3907.2000,1,5,2,1,1,1,2,1,1,1
SF,IF2003,2019-12-11 09:32:49.700,3905.2000,21689,-1,237899760.000,1,0,1,双平,S,3905.2000,3904.8000,3904.6000,3904.2000,3904.0000,3906.0000,3906.6000,3906.8000,3907.0000,3907.2000,1,8,2,1,1,1,2,1,1,1
SF,IF2003,2019-12-11 09:32:50.200,3905.2000,21689,0,237899760.000,0,-,-,-,-,3904.8000,3904.6000,3904.2000,3904.0000,3903.8000,3906.0000,3906.6000,3906.8000,3907.0000,3907.2000,1,2,1,1,1,1,2,1,1,1
SF,IF2003,2019-12-11 09:32:50.700,3905.2000,21689,0,237899760.000,0,-,-,-,-,3905.0000,3904.8000,3904.6000,3904.2000,3904.0000,3906.0000,3906.6000,3906.8000,3907.0000,3907.2000,3,1,2,1,1,1,2,1,1,1
SF,IF2003,2019-12-11 09:32:51.200,3905.2000,21689,0,237899760.000,0,-,-,-,-,3905.2000,3905.0000,3904.8000,3904.6000,3904.2000,3906.0000,3906.6000,3906.8000,3907.0000,3907.2000,1,3,3,2,1,1,2,1,1,1
SF,IF2003,2019-12-11 09:32:51.700,3905.2000,21689,0,237899760.000,0,-,-,-,-,3905.2000,3904.8000,3904.6000,3904.2000,3904.0000,3905.8000,3906.0000,3906.2000,3906.6000,3906.8000,1,1,1,1,1,3,1,1,2,1
SF,IF2003,2019-12-11 09:32:52.200,3905.2000,21689,0,237899760.000,0,-,-,-,-,3905.2000,3904.8000,3904.6000,3904.2000,3904.0000,3905.8000,3906.0000,3906.2000,3906.6000,3906.8000,1,1,1,1,1,4,1,1,2,1
SF,IF2003,2019-12-11 09:32:52.700,3905.2000,21689,0,239071320.000,1,0,1,多换,S,3904.6000,3904.0000,3903.8000,3903.6000,3903.2000,3905.2000,3905.6000,3905.8000,3906.0000,3906.2000,1,1,1,5,2,1,2,4,1,1
SF,IF2003,2019-12-11 09:32:53.200,3905.2000,21689,0,239071320.000,0,-,-,-,-,3904.6000,3904.0000,3903.8000,3903.6000,3903.2000,3905.6000,3905.8000,3906.0000,3906.2000,3906.6000,1,1,1,5,2,2,3,1,1,2
SF,IF2003,2019-12-11 09:32:53.700,3905.2000,21689,0,239071320.000,0,-,-,-,-,3904.6000,3904.0000,3903.8000,3903.6000,3903.2000,3905.6000,3905.8000,3906.0000,3906.2000,3906.6000,1,1,1,5,2,1,3,1,1,2
SF,IF2003,2019-12-11 09:32:54.200,3905.2000,21689,0,239071320.000,0,-,-,-,-,3904.6000,3904.0000,3903.8000,3903.6000,3903.2000,3905.6000,3905.8000,3906.0000,3906.2000,3906.6000,1,2,1,5,2,1,3,1,1,2
SF,IF2003,2019-12-11 09:32:55.200,3905.2000,21689,0,239071320.000,0,-,-,-,-,3904.6000,3904.0000,3903.8000,3903.6000,3903.2000,3905.6000,3905.8000,3906.0000,3906.2000,3906.6000,3,2,1,5,2,1,3,1,1,2
SF,IF2003,2019-12-11 09:32:55.700,3905.2000,21689,0,239071320.000,0,-,-,-,-,3904.8000,3904.6000,3904.0000,3903.8000,3903.6000,3905.6000,3905.8000,3906.0000,3906.6000,3906.8000,1,1,2,1,5,1,3,1,2,1
SF,IF2003,2019-12-11 09:32:56.200,3905.2000,21689,0,239071320.000,0,-,-,-,-,3904.8000,3904.6000,3904.0000,3903.8000,3903.6000,3905.8000,3906.0000,3906.6000,3906.8000,3907.0000,1,1,2,1,5,2,1,2,1,1
SF,IF2003,2019-12-11 09:32:58.700,3905.2000,21689,0,239071320.000,0,-,-,-,-,3904.8000,3904.6000,3904.0000,3903.8000,3903.6000,3905.6000,3906.0000,3906.6000,3906.8000,3907.0000,1,1,2,1,5,1,1,2,1,1
SF,IF2003,2019-12-11 09:32:59.700,3905.2000,21689,0,239071320.000,0,-,-,-,-,3904.8000,3904.6000,3904.0000,3903.8000,3903.6000,3906.0000,3906.6000,3906.8000,3907.0000,3907.2000,1,1,2,1,5,1,2,1,1,1
SF,IF2003,2019-12-11 09:33:00.700,3905.2000,21689,0,239071320.000,0,-,-,-,-,3904.8000,3904.6000,3904.0000,3903.8000,3903.6000,3906.0000,3906.6000,3906.8000,3907.0000,3907.2000,2,1,2,1,5,1,2,1,1,1
SF,IF2003,2019-12-11 09:33:01.200,3905.2000,21689,0,239071320.000,0,-,-,-,-,3904.8000,3904.6000,3904.0000,3903.8000,3903.6000,3905.8000,3906.0000,3906.6000,3906.8000,3907.0000,2,1,2,1,5,5,1,2,1,1
SF,IF2003,2019-12-11 09:33:03.200,3905.2000,21689,0,239071320.000,0,-,-,-,-,3904.8000,3904.6000,3904.0000,3903.8000,3903.6000,3905.6000,3905.8000,3906.0000,3906.6000,3906.8000,1,1,2,1,5,1,5,1,2,1
SF,IF2003,2019-12-11 09:33:03.700,3905.2000,21689,0,239071320.000,0,-,-,-,-,3904.8000,3904.6000,3904.0000,3903.8000,3903.6000,3905.6000,3906.0000,3906.6000,3906.8000,3907.0000,1,1,2,1,5,1,1,2,1,1
SF,IF2003,2019-12-11 09:33:04.200,3905.2000,21689,0,239071320.000,0,-,-,-,-,3905.0000,3904.8000,3904.6000,3904.0000,3903.8000,3905.6000,3906.0000,3906.6000,3906.8000,3907.0000,2,1,1,2,1,1,1,2,1,1
SF,IF2003,2019-12-11 09:33:04.700,3905.2000,21689,0,239071320.000,0,-,-,-,-,3905.0000,3904.8000,3904.6000,3904.0000,3903.8000,3905.6000,3906.0000,3906.6000,3906.8000,3907.0000,2,1,1,2,1,1,1,2,1,1
SF,IF2003,2019-12-11 09:33:05.200,3905.2000,21689,0,239071320.000,0,-,-,-,-,3904.8000,3904.6000,3904.0000,3903.8000,3903.6000,3905.6000,3906.0000,3906.6000,3906.8000,3907.0000,1,1,2,1,5,1,1,2,1,1
SF,IF2003,2019-12-11 09:33:06.700,3905.2000,21689,0,239071320.000,0,-,-,-,-,3904.8000,3904.6000,3904.0000,3903.8000,3903.6000,3905.6000,3906.0000,3906.6000,3906.8000,3907.0000,3,1,2,1,5,1,1,2,1,1
SF,IF2003,2019-12-11 09:33:07.200,3905.2000,21689,0,239071320.000,0,-,-,-,-,3904.8000,3904.6000,3904.0000,3903.8000,3903.6000,3905.6000,3906.0000,3906.6000,3906.8000,3907.0000,1,1,2,1,5,1,1,2,1,1
SF,IF2003,2019-12-11 09:33:08.700,3905.6000,21689,0,240243000.000,1,0,1,多换,S,3904.8000,3904.6000,3904.0000,3903.8000,3903.6000,3906.0000,3906.6000,3906.8000,3907.0000,3907.2000,1,1,2,1,5,1,2,1,1,1
SF,IF2003,2019-12-11 09:33:09.200,3905.6000,21689,0,240243000.000,0,-,-,-,-,3904.8000,3904.6000,3904.0000,3903.8000,3903.6000,3905.8000,3906.0000,3906.6000,3906.8000,3907.0000,1,1,2,1,5,1,1,2,1,1
SF,IF2003,2019-12-11 09:33:09.700,3905.6000,21689,0,240243000.000,0,-,-,-,-,3904.8000,3904.6000,3904.0000,3903.8000,3903.6000,3905.8000,3906.0000,3906.6000,3906.8000,3907.0000,1,1,2,1,5,3,1,2,1,1
SF,IF2003,2019-12-11 09:33:11.700,3905.6000,21689,0,240243000.000,0,-,-,-,-,3904.8000,3904.6000,3904.0000,3903.8000,3903.6000,3905.8000,3906.0000,3906.6000,3906.8000,3907.0000,1,1,2,1,5,3,2,2,1,1
SF,IF2003,2019-12-11 09:33:12.200,3905.6000,21689,0,240243000.000,0,-,-,-,-,3905.0000,3904.8000,3904.6000,3904.0000,3903.8000,3905.8000,3906.0000,3906.6000,3906.8000,3907.0000,2,1,1,2,1,1,2,2,1,1
SF,IF2003,2019-12-11 09:33:12.700,3905.6000,21689,0,240243000.000,0,-,-,-,-,3904.8000,3904.6000,3904.0000,3903.8000,3903.6000,3905.8000,3906.0000,3906.6000,3906.8000,3907.0000,1,1,2,1,5,1,2,2,1,1
SF,IF2003,2019-12-11 09:33:14.200,3905.6000,21689,0,240243000.000,0,-,-,-,-,3904.8000,3904.6000,3904.0000,3903.8000,3903.6000,3905.6000,3905.8000,3906.0000,3906.6000,3906.8000,1,1,2,1,5,1,1,2,2,1
SF,IF2003,2019-12-11 09:33:15.200,3905.6000,21689,0,240243000.000,0,-,-,-,-,3904.8000,3904.6000,3904.0000,3903.8000,3903.6000,3905.6000,3906.0000,3906.6000,3906.8000,3907.0000,1,1,2,1,5,1,2,2,1,1
SF,IF2003,2019-12-11 09:33:16.200,3905.6000,21686,-3,243757740.000,3,0,3,双平,S,3904.6000,3904.2000,3904.0000,3903.8000,3903.6000,3905.6000,3906.0000,3906.6000,3906.8000,3907.0000,1,1,2,1,5,1,2,2,1,1
SF,IF2003,2019-12-11 09:33:16.700,3905.6000,21686,0,243757740.000,0,-,-,-,-,3904.6000,3904.2000,3904.0000,3903.8000,3903.6000,3904.8000,3905.4000,3905.6000,3906.0000,3906.6000,1,1,2,1,5,1,3,1,2,2
SF,IF2003,2019-12-11 09:33:17.200,3905.6000,21686,0,243757740.000,0,-,-,-,-,3904.6000,3904.2000,3904.0000,3903.8000,3903.6000,3904.8000,3905.4000,3905.6000,3906.0000,3906.2000,1,1,2,1,5,1,3,1,2,1
SF,IF2003,2019-12-11 09:33:17.700,3904.6000,21687,1,244929120.000,1,1,0,双开,S,3904.2000,3904.0000,3903.8000,3903.6000,3903.2000,3904.6000,3904.8000,3905.4000,3905.6000,3906.0000,1,2,1,5,2,3,1,3,1,2
SF,IF2003,2019-12-11 09:33:18.200,3904.6000,21687,0,246100500.000,1,0,1,多换,S,3904.2000,3904.0000,3903.8000,3903.6000,3903.2000,3904.6000,3904.8000,3905.4000,3905.6000,3906.0000,1,2,1,5,2,2,1,3,1,2
SF,IF2003,2019-12-11 09:33:18.700,3904.6000,21687,0,246100500.000,0,-,-,-,-,3904.2000,3904.0000,3903.8000,3903.6000,3903.2000,3904.6000,3904.8000,3905.4000,3905.6000,3906.0000,1,1,1,5,2,2,1,3,1,2
SF,IF2003,2019-12-11 09:33:19.200,3904.2000,21687,0,247271760.000,1,0,1,多换,S,3904.0000,3903.8000,3903.6000,3903.2000,3903.0000,3904.6000,3904.8000,3905.4000,3905.6000,3906.0000,1,1,5,2,2,2,1,3,1,2
SF,IF2003,2019-12-11 09:33:19.700,3904.2000,21687,0,247271760.000,0,-,-,-,-,3904.0000,3903.8000,3903.6000,3903.2000,3903.0000,3904.6000,3905.4000,3905.6000,3906.0000,3906.2000,1,1,5,2,2,2,3,1,2,1
SF,IF2003,2019-12-11 09:33:20.200,3904.0000,21687,0,249614340.000,2,1,1,多换,S,3903.8000,3903.6000,3903.2000,3903.0000,3902.2000,3904.6000,3905.4000,3905.6000,3906.0000,3906.2000,1,5,2,2,1,1,3,1,2,1
SF,IF2003,2019-12-11 09:33:21.200,3904.0000,21687,0,249614340.000,0,-,-,-,-,3903.6000,3903.2000,3903.0000,3902.2000,3901.4000,3904.2000,3904.6000,3905.4000,3905.6000,3906.0000,5,2,2,1,1,1,1,3,1,2
SF,IF2003,2019-12-11 09:33:21.700,3904.0000,21687,0,249614340.000,0,-,-,-,-,3903.6000,3903.2000,3903.0000,3902.2000,3901.4000,3904.2000,3904.4000,3904.6000,3905.4000,3905.6000,5,2,2,1,1,1,2,1,3,1
SF,IF2003,2019-12-11 09:33:22.200,3904.0000,21687,0,249614340.000,0,-,-,-,-,3903.6000,3903.2000,3903.0000,3902.2000,3901.4000,3904.2000,3904.6000,3905.4000,3905.6000,3906.0000,5,2,2,1,1,1,1,3,1,2
SF,IF2003,2019-12-11 09:33:22.700,3904.6000,21688,1,251956980.000,2,1,1,空开,S,3903.8000,3903.6000,3903.2000,3903.0000,3902.2000,3905.4000,3905.6000,3906.0000,3906.2000,3906.8000,1,7,2,2,1,3,1,2,1,1
SF,IF2003,2019-12-11 09:33:23.200,3904.6000,21688,0,251956980.000,0,-,-,-,-,3903.6000,3903.2000,3903.0000,3902.2000,3901.4000,3905.2000,3905.4000,3905.6000,3906.0000,3906.2000,7,2,2,1,1,3,4,1,2,1
SF,IF2003,2019-12-11 09:33:23.700,3904.6000,21688,0,251956980.000,0,-,-,-,-,3903.8000,3903.6000,3903.2000,3903.0000,3902.2000,3905.0000,3905.2000,3905.4000,3905.6000,3906.0000,2,7,2,2,1,4,3,3,1,2
SF,IF2003,2019-12-11 09:33:24.200,3904.6000,21688,0,251956980.000,0,-,-,-,-,3903.8000,3903.6000,3903.2000,3903.0000,3902.2000,3904.8000,3905.0000,3905.2000,3905.4000,3905.6000,3,5,2,2,1,1,4,2,3,1
SF,IF2003,2019-12-11 09:33:24.700,3904.6000,21688,0,251956980.000,0,-,-,-,-,3903.6000,3903.2000,3903.0000,3902.2000,3901.4000,3904.8000,3905.0000,3905.2000,3905.4000,3905.6000,5,2,2,1,1,2,4,2,3,1
SF,IF2003,2019-12-11 09:33:25.200,3904.6000,21688,0,251956980.000,0,-,-,-,-,3903.8000,3903.6000,3903.2000,3903.0000,3902.2000,3904.6000,3904.8000,3905.0000,3905.2000,3905.4000,4,5,2,2,1,1,1,4,2,3
SF,IF2003,2019-12-11 09:33:26.200,3904.6000,21688,0,251956980.000,0,-,-,-,-,3904.0000,3903.8000,3903.6000,3903.2000,3903.0000,3904.6000,3905.0000,3905.2000,3905.4000,3905.6000,2,4,5,2,2,1,4,2,3,1
SF,IF2003,2019-12-11 09:33:26.700,3904.6000,21688,0,251956980.000,0,-,-,-,-,3903.8000,3903.6000,3903.2000,3903.0000,3902.2000,3905.0000,3905.2000,3905.4000,3905.6000,3906.0000,3,5,2,2,1,4,1,3,1,2
SF,IF2003,2019-12-11 09:33:27.200,3904.6000,21688,0,251956980.000,0,-,-,-,-,3904.0000,3903.6000,3903.2000,3903.0000,3902.2000,3904.8000,3905.0000,3905.2000,3905.4000,3905.6000,1,5,2,2,1,1,4,1,3,1
SF,IF2003,2019-12-11 09:33:27.700,3904.6000,21688,0,251956980.000,0,-,-,-,-,3904.0000,3903.6000,3903.2000,3903.0000,3902.2000,3905.0000,3905.2000,3905.4000,3905.6000,3906.0000,3,5,2,2,1,4,1,3,1,2
SF,IF2003,2019-12-11 09:33:28.200,3904.6000,21688,0,251956980.000,0,-,-,-,-,3904.0000,3903.6000,3903.2000,3903.0000,3902.2000,3905.0000,3905.2000,3905.4000,3905.6000,3906.0000,6,5,2,2,1,4,1,3,1,2
SF,IF2003,2019-12-11 09:33:28.700,3904.6000,21688,0,251956980.000,0,-,-,-,-,3904.8000,3904.0000,3903.6000,3903.2000,3903.0000,3905.0000,3905.2000,3905.4000,3905.6000,3906.0000,1,6,5,2,2,4,1,3,1,2
SF,IF2003,2019-12-11 09:33:29.200,3904.8000,21687,-1,253128420.000,1,0,1,双平,S,3904.0000,3903.6000,3903.2000,3903.0000,3902.2000,3904.8000,3905.0000,3905.2000,3905.4000,3905.6000,3,5,2,2,1,3,4,1,3,1
SF,IF2003,2019-12-11 09:33:29.700,3904.8000,21687,0,253128420.000,0,-,-,-,-,3904.0000,3903.6000,3903.2000,3903.0000,3902.2000,3904.4000,3904.8000,3905.0000,3905.2000,3905.4000,3,5,2,2,1,1,3,4,1,3
SF,IF2003,2019-12-11 09:33:30.700,3904.4000,21687,0,254299740.000,1,0,1,多换,S,3904.2000,3904.0000,3903.6000,3903.2000,3903.0000,3904.8000,3905.0000,3905.2000,3905.4000,3905.6000,1,3,5,2,2,3,4,1,3,1
SF,IF2003,2019-12-11 09:33:31.200,3904.8000,21687,0,255471180.000,1,0,1,多换,S,3904.2000,3904.0000,3903.6000,3903.2000,3903.0000,3905.0000,3905.2000,3905.4000,3905.6000,3906.0000,1,3,5,2,2,4,1,3,1,2
SF,IF2003,2019-12-11 09:33:31.700,3904.8000,21687,0,255471180.000,0,-,-,-,-,3904.4000,3904.2000,3904.0000,3903.6000,3903.2000,3905.0000,3905.2000,3905.4000,3905.6000,3906.0000,1,1,3,5,2,4,1,3,1,2
SF,IF2003,2019-12-11 09:33:32.200,3904.8000,21687,0,255471180.000,0,-,-,-,-,3904.2000,3904.0000,3903.6000,3903.2000,3903.0000,3905.0000,3905.2000,3905.4000,3905.6000,3906.0000,2,3,5,2,2,3,1,3,1,2
SF,IF2003,2019-12-11 09:33:32.700,3905.0000,21687,0,256642680.000,1,0,1,多换,S,3904.4000,3904.2000,3904.0000,3903.6000,3903.2000,3905.0000,3905.4000,3905.6000,3906.0000,3906.2000,4,2,4,5,2,1,2,1,2,2
SF,IF2003,2019-12-11 09:33:33.200,3905.0000,21687,0,256642680.000,0,-,-,-,-,3904.4000,3904.2000,3904.0000,3903.6000,3903.2000,3905.0000,3905.4000,3905.6000,3906.0000,3906.2000,2,2,4,5,2,1,2,1,2,2
SF,IF2003,2019-12-11 09:33:33.700,3905.0000,21687,0,256642680.000,0,-,-,-,-,3904.4000,3904.2000,3904.0000,3903.6000,3903.2000,3905.0000,3905.4000,3905.6000,3906.0000,3906.2000,4,2,4,5,2,1,2,1,2,2
SF,IF2003,2019-12-11 09:33:34.200,3905.0000,21687,0,256642680.000,0,-,-,-,-,3904.4000,3904.2000,3904.0000,3903.6000,3903.2000,3905.0000,3905.4000,3905.6000,3906.0000,3906.2000,2,2,4,5,2,1,2,1,2,2
SF,IF2003,2019-12-11 09:33:35.700,3905.0000,21687,0,257814180.000,1,0,1,多换,S,3904.4000,3904.2000,3904.0000,3903.6000,3903.2000,3905.4000,3905.6000,3906.0000,3906.2000,3906.8000,2,2,4,5,2,2,1,2,2,1
SF,IF2003,2019-12-11 09:33:37.200,3905.0000,21687,0,257814180.000,0,-,-,-,-,3904.4000,3904.2000,3904.0000,3903.6000,3903.2000,3905.4000,3905.6000,3906.0000,3906.2000,3906.8000,2,2,4,5,2,2,1,1,2,1
SF,IF2003,2019-12-11 09:33:37.700,3905.0000,21687,0,257814180.000,0,-,-,-,-,3904.4000,3904.2000,3904.0000,3903.6000,3903.2000,3905.4000,3905.6000,3906.0000,3906.2000,3906.8000,2,2,4,5,2,2,1,1,2,1
SF,IF2003,2019-12-11 09:33:38.200,3905.0000,21687,0,257814180.000,0,-,-,-,-,3904.4000,3904.2000,3904.0000,3903.6000,3903.2000,3905.2000,3905.4000,3905.6000,3906.0000,3906.2000,2,2,4,5,2,1,2,1,1,2
SF,IF2003,2019-12-11 09:33:38.700,3905.0000,21687,0,257814180.000,0,-,-,-,-,3904.4000,3904.2000,3904.0000,3903.6000,3903.2000,3905.2000,3905.4000,3905.6000,3906.0000,3906.2000,2,1,4,5,2,1,2,1,1,2
SF,IF2003,2019-12-11 09:33:39.200,3905.0000,21687,0,257814180.000,0,-,-,-,-,3904.4000,3904.2000,3904.0000,3903.6000,3903.2000,3905.4000,3905.6000,3906.0000,3906.2000,3906.8000,4,1,4,5,2,2,1,1,2,1
SF,IF2003,2019-12-11 09:33:39.700,3905.0000,21687,0,257814180.000,0,-,-,-,-,3904.4000,3904.2000,3904.0000,3903.6000,3903.2000,3905.4000,3905.6000,3906.0000,3906.2000,3906.8000,2,1,4,5,2,2,1,1,2,1
SF,IF2003,2019-12-11 09:33:40.200,3905.0000,21687,0,257814180.000,0,-,-,-,-,3904.4000,3904.2000,3904.0000,3903.6000,3903.2000,3905.6000,3906.0000,3906.2000,3906.8000,3907.0000,4,1,4,5,2,1,1,2,1,1
SF,IF2003,2019-12-11 09:33:41.200,3905.0000,21687,0,257814180.000,0,-,-,-,-,3904.4000,3904.2000,3904.0000,3903.6000,3903.2000,3905.4000,3905.6000,3906.0000,3906.2000,3906.8000,4,1,4,5,2,1,1,1,2,1
SF,IF2003,2019-12-11 09:33:41.700,3905.0000,21687,0,257814180.000,0,-,-,-,-,3904.4000,3904.2000,3904.0000,3903.6000,3903.2000,3905.4000,3905.6000,3906.0000,3906.2000,3906.8000,2,1,4,5,2,1,1,1,2,1
SF,IF2003,2019-12-11 09:33:43.200,3905.0000,21687,0,257814180.000,0,-,-,-,-,3904.4000,3904.2000,3904.0000,3903.6000,3903.2000,3905.4000,3905.6000,3906.0000,3906.2000,3906.8000,4,1,4,5,2,1,1,1,2,1
SF,IF2003,2019-12-11 09:33:43.700,3905.0000,21687,0,257814180.000,0,-,-,-,-,3904.4000,3904.2000,3904.0000,3903.6000,3903.2000,3905.4000,3905.6000,3906.0000,3906.2000,3906.8000,2,1,4,5,2,1,1,1,2,1
SF,IF2003,2019-12-11 09:33:45.200,3905.0000,21687,0,257814180.000,0,-,-,-,-,3904.4000,3904.2000,3904.0000,3903.6000,3903.2000,3905.4000,3905.6000,3906.0000,3906.2000,3906.8000,2,1,4,5,2,1,1,1,2,1
SF,IF2003,2019-12-11 09:33:45.700,3905.0000,21687,0,257814180.000,0,-,-,-,-,3904.4000,3904.2000,3904.0000,3903.6000,3903.2000,3904.8000,3905.4000,3905.6000,3906.0000,3906.2000,1,1,4,5,2,1,1,1,1,2
SF,IF2003,2019-12-11 09:33:46.200,3905.0000,21687,0,258985680.000,1,0,1,多换,S,3904.2000,3904.0000,3903.6000,3903.2000,3903.0000,3905.6000,3906.0000,3906.2000,3906.8000,3907.0000,1,4,5,2,2,1,1,2,1,1
SF,IF2003,2019-12-11 09:33:46.700,3905.0000,21687,0,258985680.000,0,-,-,-,-,3904.4000,3904.2000,3904.0000,3903.6000,3903.2000,3905.4000,3905.6000,3906.0000,3906.2000,3906.8000,1,1,4,5,2,2,1,1,2,1
SF,IF2003,2019-12-11 09:33:47.200,3905.0000,21687,0,258985680.000,0,-,-,-,-,3904.2000,3904.0000,3903.6000,3903.2000,3903.0000,3905.4000,3905.6000,3906.0000,3906.2000,3906.8000,1,4,5,2,2,2,1,1,2,1
SF,IF2003,2019-12-11 09:33:47.700,3905.0000,21687,0,258985680.000,0,-,-,-,-,3904.2000,3904.0000,3903.6000,3903.2000,3903.0000,3904.4000,3905.2000,3905.4000,3905.6000,3906.0000,1,4,5,2,2,1,2,2,1,1
SF,IF2003,2019-12-11 09:33:48.200,3904.4000,21687,0,260157000.000,1,0,1,多换,S,3904.4000,3904.2000,3904.0000,3903.6000,3903.2000,3905.2000,3905.4000,3905.6000,3906.0000,3906.2000,13,2,4,5,2,1,2,1,1,2
SF,IF2003,2019-12-11 09:33:48.700,3904.4000,21687,0,260157000.000,0,-,-,-,-,3904.4000,3904.2000,3904.0000,3903.6000,3903.2000,3905.4000,3905.6000,3906.0000,3906.2000,3906.8000,9,1,4,5,2,2,1,1,2,1
SF,IF2003,2019-12-11 09:33:49.700,3904.4000,21687,0,260157000.000,0,-,-,-,-,3904.4000,3904.2000,3904.0000,3903.6000,3903.2000,3905.6000,3906.0000,3906.2000,3906.8000,3907.0000,11,1,4,5,2,1,1,2,1,1
SF,IF2003,2019-12-11 09:33:50.200,3905.6000,21687,0,261328680.000,1,0,1,多换,S,3905.6000,3904.6000,3904.4000,3904.2000,3904.0000,3906.0000,3906.2000,3906.8000,3907.0000,3907.2000,4,1,11,1,4,1,2,1,1,1
SF,IF2003,2019-12-11 09:33:50.700,3905.6000,21684,-3,266015400.000,4,0,4,多平,S,3904.6000,3904.4000,3904.0000,3903.6000,3903.2000,3905.4000,3905.6000,3905.8000,3906.0000,3906.2000,2,7,4,5,2,1,4,2,1,2
SF,IF2003,2019-12-11 09:33:51.200,3905.6000,21684,0,266015400.000,0,-,-,-,-,3904.8000,3904.6000,3904.4000,3904.0000,3903.6000,3905.4000,3905.6000,3905.8000,3906.0000,3906.2000,1,1,5,4,5,1,1,2,1,2
SF,IF2003,2019-12-11 09:33:51.700,3905.6000,21684,0,266015400.000,0,-,-,-,-,3904.6000,3904.4000,3904.0000,3903.6000,3903.2000,3905.4000,3905.6000,3905.8000,3906.0000,3906.2000,1,5,4,5,2,1,1,2,1,2
SF,IF2003,2019-12-11 09:33:52.200,3905.6000,21684,0,266015400.000,0,-,-,-,-,3904.8000,3904.6000,3904.4000,3904.0000,3903.8000,3905.4000,3905.6000,3905.8000,3906.0000,3906.2000,1,1,5,4,1,1,1,2,1,2
SF,IF2003,2019-12-11 09:33:52.700,3905.6000,21684,0,266015400.000,0,-,-,-,-,3904.6000,3904.4000,3904.0000,3903.8000,3903.6000,3905.4000,3905.6000,3905.8000,3906.0000,3906.2000,1,5,4,1,5,1,1,2,1,2
SF,IF2003,2019-12-11 09:33:53.200,3905.6000,21684,0,266015400.000,0,-,-,-,-,3904.8000,3904.6000,3904.4000,3904.0000,3903.6000,3905.4000,3905.6000,3905.8000,3906.0000,3906.2000,1,1,5,4,5,1,1,2,1,1
SF,IF2003,2019-12-11 09:33:53.700,3905.6000,21684,0,266015400.000,0,-,-,-,-,3904.6000,3904.4000,3904.0000,3903.6000,3903.2000,3905.4000,3905.8000,3906.0000,3906.2000,3906.4000,1,5,4,5,2,2,2,1,1,1
SF,IF2003,2019-12-11 09:33:54.200,3905.6000,21684,0,266015400.000,0,-,-,-,-,3904.8000,3904.6000,3904.4000,3904.0000,3903.6000,3905.4000,3905.8000,3906.0000,3906.2000,3906.4000,1,1,5,4,5,2,2,1,1,1
SF,IF2003,2019-12-11 09:33:54.700,3905.6000,21684,0,266015400.000,0,-,-,-,-,3904.6000,3904.4000,3904.0000,3903.6000,3903.2000,3905.4000,3905.8000,3906.0000,3906.2000,3906.4000,1,5,4,5,2,2,2,1,1,1
SF,IF2003,2019-12-11 09:33:55.200,3905.6000,21684,0,266015400.000,0,-,-,-,-,3904.8000,3904.6000,3904.4000,3904.0000,3903.6000,3905.4000,3905.8000,3906.0000,3906.2000,3906.4000,1,2,5,4,5,2,2,1,1,1
SF,IF2003,2019-12-11 09:33:55.700,3905.0000,21684,0,267186900.000,1,0,1,多换,S,3904.6000,3904.4000,3904.0000,3903.6000,3903.2000,3905.4000,3905.8000,3906.0000,3906.2000,3906.4000,2,5,4,5,2,2,2,1,1,1
SF,IF2003,2019-12-11 09:33:59.200,3905.0000,21684,0,267186900.000,0,-,-,-,-,3904.8000,3904.6000,3904.4000,3904.0000,3903.6000,3905.4000,3905.8000,3906.0000,3906.2000,3906.4000,1,2,5,4,5,3,2,1,1,1
SF,IF2003,2019-12-11 09:33:59.700,3905.0000,21684,0,267186900.000,0,-,-,-,-,3905.0000,3904.6000,3904.4000,3904.0000,3903.6000,3905.4000,3905.8000,3906.0000,3906.2000,3906.4000,1,4,4,4,5,3,2,1,1,1
SF,IF2003,2019-12-11 09:34:00.200,3905.0000,21684,0,267186900.000,0,-,-,-,-,3904.6000,3904.4000,3904.0000,3903.6000,3903.2000,3905.4000,3905.8000,3906.0000,3906.2000,3906.4000,2,4,4,5,2,3,2,1,1,1
SF,IF2003,2019-12-11 09:34:00.700,3905.0000,21684,0,267186900.000,0,-,-,-,-,3904.8000,3904.6000,3904.4000,3904.0000,3903.6000,3905.4000,3905.8000,3906.0000,3906.2000,3906.4000,1,2,4,4,5,3,2,1,1,1
SF,IF2003,2019-12-11 09:34:01.200,3905.0000,21684,0,267186900.000,0,-,-,-,-,3904.6000,3904.4000,3904.0000,3903.6000,3903.2000,3905.4000,3905.8000,3906.0000,3906.2000,3906.4000,2,4,4,5,2,3,2,1,1,1
SF,IF2003,2019-12-11 09:34:02.200,3904.6000,21684,0,268358280.000,1,0,1,多换,S,3904.6000,3904.4000,3904.0000,3903.6000,3903.2000,3905.2000,3905.4000,3905.8000,3906.0000,3906.2000,1,4,4,5,2,1,3,2,2,1
SF,IF2003,2019-12-11 09:34:02.700,3904.6000,21684,0,268358280.000,0,-,-,-,-,3904.6000,3904.4000,3904.0000,3903.6000,3903.2000,3905.4000,3905.8000,3906.0000,3906.2000,3906.4000,1,4,4,5,2,3,2,2,1,1
SF,IF2003,2019-12-11 09:34:03.200,3904.6000,21684,0,268358280.000,0,-,-,-,-,3904.6000,3904.4000,3904.0000,3903.6000,3903.2000,3905.2000,3905.4000,3905.8000,3906.0000,3906.2000,1,4,4,5,2,1,3,2,2,1
SF,IF2003,2019-12-11 09:34:04.700,3904.6000,21684,0,268358280.000,0,-,-,-,-,3904.6000,3904.4000,3904.0000,3903.6000,3903.2000,3905.0000,3905.2000,3905.4000,3905.8000,3906.0000,1,4,4,5,2,1,1,3,2,2
SF,IF2003,2019-12-11 09:34:09.700,3904.6000,21684,0,268358280.000,0,-,-,-,-,3904.8000,3904.6000,3904.4000,3904.0000,3903.6000,3905.0000,3905.2000,3905.4000,3905.8000,3906.0000,1,1,4,4,5,1,1,3,2,2
SF,IF2003,2019-12-11 09:34:10.200,3905.0000,21683,-1,269529780.000,1,0,1,双平,S,3904.6000,3904.4000,3904.0000,3903.6000,3903.2000,3904.8000,3905.2000,3905.4000,3905.8000,3906.0000,1,4,4,5,2,1,1,3,2,2
SF,IF2003,2019-12-11 09:34:10.700,3904.8000,21682,-1,273044220.000,3,1,2,多平,S,3904.8000,3904.6000,3904.4000,3904.0000,3903.6000,3905.4000,3905.8000,3906.0000,3906.2000,3906.4000,3,1,4,4,5,3,2,2,1,1
SF,IF2003,2019-12-11 09:34:11.200,3904.8000,21682,0,273044220.000,0,-,-,-,-,3904.6000,3904.4000,3904.0000,3903.6000,3903.2000,3905.4000,3905.8000,3906.0000,3906.2000,3907.0000,1,4,4,5,2,3,2,2,1,1
SF,IF2003,2019-12-11 09:34:12.700,3904.8000,21682,0,273044220.000,0,-,-,-,-,3904.8000,3904.6000,3904.4000,3904.0000,3903.6000,3905.4000,3905.8000,3906.0000,3906.2000,3907.0000,1,1,4,4,5,3,2,1,1,1
SF,IF2003,2019-12-11 09:34:13.200,3904.8000,21682,0,273044220.000,0,-,-,-,-,3905.0000,3904.6000,3904.4000,3904.0000,3903.6000,3905.4000,3905.8000,3906.0000,3906.2000,3907.0000,1,1,4,4,5,3,2,1,1,1
SF,IF2003,2019-12-11 09:34:13.700,3904.8000,21682,0,273044220.000,0,-,-,-,-,3904.6000,3904.4000,3904.0000,3903.6000,3903.2000,3905.4000,3905.8000,3906.0000,3906.2000,3907.0000,1,4,4,5,2,3,2,1,1,1
SF,IF2003,2019-12-11 09:34:14.200,3904.8000,21682,0,273044220.000,0,-,-,-,-,3904.8000,3904.6000,3904.4000,3904.0000,3903.6000,3905.4000,3905.8000,3906.0000,3906.2000,3907.0000,1,1,4,4,5,3,2,1,1,1
SF,IF2003,2019-12-11 09:34:14.700,3904.8000,21682,0,273044220.000,0,-,-,-,-,3905.0000,3904.6000,3904.4000,3904.0000,3903.6000,3905.4000,3905.8000,3906.0000,3906.2000,3907.0000,1,3,4,4,5,3,2,1,1,1
SF,IF2003,2019-12-11 09:34:15.200,3904.8000,21682,0,273044220.000,0,-,-,-,-,3905.2000,3904.6000,3904.4000,3904.0000,3903.6000,3905.4000,3905.8000,3906.0000,3906.2000,3907.0000,1,2,4,4,5,3,2,1,1,1
SF,IF2003,2019-12-11 09:34:15.700,3905.4000,21681,-1,276559080.000,3,1,2,多平,S,3904.6000,3904.4000,3904.0000,3903.6000,3903.2000,3906.0000,3906.2000,3907.0000,3907.2000,3907.8000,2,4,4,5,2,1,1,1,1,1
SF,IF2003,2019-12-11 09:34:16.200,3905.4000,21681,0,276559080.000,0,-,-,-,-,3905.2000,3904.8000,3904.6000,3904.4000,3904.0000,3906.0000,3906.2000,3907.0000,3907.2000,3907.8000,1,3,3,4,4,1,1,1,1,1
SF,IF2003,2019-12-11 09:34:16.700,3905.2000,21681,0,277730640.000,1,0,1,多换,S,3905.2000,3904.8000,3904.6000,3904.4000,3904.0000,3906.0000,3906.2000,3907.0000,3907.2000,3907.8000,1,11,3,4,4,1,1,1,1,1
SF,IF2003,2019-12-11 09:34:17.200,3905.2000,21681,0,277730640.000,0,-,-,-,-,3905.2000,3904.8000,3904.6000,3904.4000,3904.0000,3906.0000,3906.2000,3907.0000,3907.2000,3907.8000,1,10,3,4,4,1,1,1,1,1
SF,IF2003,2019-12-11 09:34:18.200,3905.2000,21681,0,277730640.000,0,-,-,-,-,3905.4000,3904.8000,3904.6000,3904.4000,3904.0000,3906.0000,3906.2000,3907.0000,3907.2000,3907.8000,1,10,3,4,4,1,1,1,1,1
SF,IF2003,2019-12-11 09:34:18.700,3905.2000,21681,0,277730640.000,0,-,-,-,-,3905.2000,3904.8000,3904.6000,3904.4000,3904.0000,3906.0000,3906.2000,3907.0000,3907.2000,3907.8000,1,10,3,4,4,1,1,1,1,1
SF,IF2003,2019-12-11 09:34:19.200,3905.2000,21681,0,277730640.000,0,-,-,-,-,3904.8000,3904.6000,3904.4000,3904.0000,3903.8000,3906.0000,3906.2000,3907.0000,3907.2000,3907.8000,3,3,4,4,1,1,1,1,1,1
SF,IF2003,2019-12-11 09:34:19.700,3905.2000,21681,0,277730640.000,0,-,-,-,-,3905.0000,3904.8000,3904.6000,3904.4000,3904.0000,3906.0000,3906.2000,3907.0000,3907.2000,3907.8000,1,3,3,4,4,1,1,1,1,1
SF,IF2003,2019-12-11 09:34:20.200,3905.2000,21681,0,277730640.000,0,-,-,-,-,3904.8000,3904.6000,3904.4000,3904.0000,3903.8000,3905.8000,3906.0000,3906.2000,3907.0000,3907.2000,1,3,4,4,1,1,1,1,1,1
SF,IF2003,2019-12-11 09:34:20.700,3905.2000,21681,0,277730640.000,0,-,-,-,-,3904.8000,3904.6000,3904.4000,3904.0000,3903.8000,3905.8000,3906.0000,3906.2000,3907.0000,3907.2000,1,3,4,4,1,1,1,1,1,1
SF,IF2003,2019-12-11 09:34:21.700,3905.2000,21681,0,277730640.000,0,-,-,-,-,3905.2000,3905.0000,3904.8000,3904.6000,3904.4000,3906.0000,3906.2000,3907.0000,3907.2000,3907.8000,1,1,2,3,4,1,1,1,1,1
SF,IF2003,2019-12-11 09:34:22.200,3906.0000,21681,0,278902440.000,1,0,1,多换,S,3906.0000,3905.6000,3905.4000,3905.0000,3904.8000,3906.2000,3907.2000,3907.8000,3908.4000,3908.6000,2,1,2,9,1,1,1,1,1,1
SF,IF2003,2019-12-11 09:34:22.700,3906.2000,21681,0,280074300.000,1,0,1,多换,S,3905.8000,3905.4000,3905.0000,3904.8000,3904.6000,3907.2000,3907.8000,3908.4000,3908.6000,3909.4000,1,2,9,1,3,1,1,1,1,2
SF,IF2003,2019-12-11 09:34:23.200,3906.2000,21681,0,280074300.000,0,-,-,-,-,3905.8000,3905.4000,3905.0000,3904.8000,3904.6000,3907.0000,3907.2000,3907.8000,3908.4000,3908.6000,1,2,9,1,3,4,2,1,1,1
SF,IF2003,2019-12-11 09:34:23.700,3906.0000,21681,0,281246100.000,1,0,1,多换,S,3905.8000,3905.4000,3905.0000,3904.8000,3904.6000,3907.0000,3907.2000,3907.8000,3908.4000,3908.6000,1,1,9,1,3,4,2,1,1,1
SF,IF2003,2019-12-11 09:34:24.200,3906.0000,21681,0,281246100.000,0,-,-,-,-,3906.0000,3905.8000,3905.4000,3905.0000,3904.8000,3907.0000,3907.2000,3907.8000,3908.4000,3908.6000,2,1,1,9,1,4,2,1,1,1
SF,IF2003,2019-12-11 09:34:24.700,3907.0000,21680,-1,282418200.000,1,0,1,双平,S,3905.8000,3905.4000,3905.0000,3904.8000,3904.6000,3907.0000,3907.2000,3907.8000,3908.4000,3908.6000,1,1,9,1,3,3,2,1,1,1
SF,IF2003,2019-12-11 09:34:25.200,3907.0000,21680,0,282418200.000,0,-,-,-,-,3906.0000,3905.8000,3905.4000,3905.0000,3904.8000,3907.0000,3907.2000,3907.8000,3908.4000,3908.6000,3,1,1,9,1,3,2,1,1,1
SF,IF2003,2019-12-11 09:34:25.700,3907.0000,21680,0,282418200.000,0,-,-,-,-,3906.0000,3905.8000,3905.4000,3905.0000,3904.8000,3907.0000,3907.2000,3907.8000,3908.4000,3908.6000,3,2,1,9,1,3,2,1,1,1
SF,IF2003,2019-12-11 09:34:27.200,3907.0000,21678,-2,284762400.000,2,0,2,双平,S,3906.0000,3905.8000,3905.4000,3905.0000,3904.8000,3907.2000,3907.8000,3908.4000,3908.6000,3909.4000,3,2,1,9,1,2,1,1,1,2
SF,IF2003,2019-12-11 09:34:27.700,3907.2000,21677,-1,285934560.000,1,0,1,双平,S,3906.2000,3906.0000,3905.8000,3905.0000,3904.8000,3907.2000,3907.8000,3908.4000,3908.6000,3909.4000,1,3,2,9,1,1,1,1,1,2
SF,IF2003,2019-12-11 09:34:28.200,3907.2000,21677,0,285934560.000,0,-,-,-,-,3906.2000,3906.0000,3905.0000,3904.8000,3904.6000,3907.2000,3907.8000,3908.4000,3908.6000,3909.4000,1,2,4,1,3,1,1,1,1,2
SF,IF2003,2019-12-11 09:34:28.700,3907.2000,21677,0,285934560.000,0,-,-,-,-,3906.4000,3906.2000,3906.0000,3905.6000,3905.0000,3907.2000,3907.8000,3908.4000,3908.6000,3909.4000,1,1,2,1,4,1,1,1,1,2
SF,IF2003,2019-12-11 09:34:29.200,3907.2000,21677,0,285934560.000,0,-,-,-,-,3906.2000,3905.6000,3905.0000,3904.8000,3904.6000,3907.8000,3908.4000,3908.6000,3909.4000,3909.6000,1,1,4,1,3,1,1,1,2,1
SF,IF2003,2019-12-11 09:34:29.700,3907.2000,21677,0,285934560.000,0,-,-,-,-,3906.4000,3906.2000,3905.6000,3905.0000,3904.8000,3907.4000,3907.6000,3907.8000,3908.4000,3908.6000,1,1,1,4,1,1,4,2,1,1
SF,IF2003,2019-12-11 09:34:30.200,3907.2000,21677,0,285934560.000,0,-,-,-,-,3906.2000,3905.6000,3905.0000,3904.8000,3904.6000,3907.4000,3907.6000,3907.8000,3908.4000,3908.6000,1,1,4,1,3,2,4,2,1,1
SF,IF2003,2019-12-11 09:34:30.700,3907.2000,21677,0,285934560.000,0,-,-,-,-,3906.4000,3906.2000,3905.6000,3905.0000,3904.8000,3907.4000,3907.6000,3907.8000,3908.4000,3908.6000,1,1,1,4,1,2,4,2,1,1
SF,IF2003,2019-12-11 09:34:31.200,3907.2000,21677,0,285934560.000,0,-,-,-,-,3906.2000,3905.6000,3905.0000,3904.8000,3904.6000,3907.4000,3907.6000,3907.8000,3908.4000,3908.6000,1,1,4,1,3,2,2,2,1,1
SF,IF2003,2019-12-11 09:34:31.700,3906.2000,21676,-1,287106420.000,1,0,1,双平,S,3905.0000,3904.8000,3904.6000,3904.0000,3903.8000,3906.2000,3907.2000,3907.4000,3907.6000,3907.8000,4,1,3,4,1,1,4,1,1,2
SF,IF2003,2019-12-11 09:34:32.200,3906.2000,21676,0,287106420.000,0,-,-,-,-,3905.6000,3905.2000,3905.0000,3904.8000,3904.6000,3907.2000,3907.4000,3907.6000,3907.8000,3908.4000,1,4,4,1,3,3,1,1,2,1
SF,IF2003,2019-12-11 09:34:32.700,3906.2000,21676,0,287106420.000,0,-,-,-,-,3905.2000,3905.0000,3904.8000,3904.6000,3904.0000,3907.0000,3907.2000,3907.4000,3907.6000,3907.8000,2,4,1,3,4,3,3,1,1,2
SF,IF2003,2019-12-11 09:34:33.200,3906.2000,21676,0,287106420.000,0,-,-,-,-,3905.4000,3905.2000,3905.0000,3904.8000,3904.6000,3906.8000,3907.0000,3907.2000,3907.4000,3907.8000,2,2,4,1,3,2,4,2,1,1
SF,IF2003,2019-12-11 09:34:33.700,3906.2000,21676,0,287106420.000,0,-,-,-,-,3905.6000,3905.4000,3905.2000,3905.0000,3904.8000,3906.8000,3907.0000,3907.2000,3907.4000,3907.8000,1,2,1,4,1,2,4,2,1,1
SF,IF2003,2019-12-11 09:34:34.200,3906.2000,21676,0,287106420.000,0,-,-,-,-,3905.8000,3905.6000,3905.4000,3905.2000,3905.0000,3906.6000,3906.8000,3907.0000,3907.2000,3907.4000,1,1,1,1,4,3,1,2,1,1
SF,IF2003,2019-12-11 09:34:34.700,3906.2000,21676,0,287106420.000,0,-,-,-,-,3905.6000,3905.4000,3905.2000,3905.0000,3904.8000,3906.6000,3906.8000,3907.0000,3907.2000,3907.4000,1,1,1,4,1,3,1,2,1,1
SF,IF2003,2019-12-11 09:34:35.200,3906.2000,21676,0,287106420.000,0,-,-,-,-,3905.6000,3905.4000,3905.2000,3905.0000,3904.8000,3906.6000,3906.8000,3907.0000,3907.2000,3907.4000,1,1,1,4,1,2,1,2,1,1
SF,IF2003,2019-12-11 09:34:36.700,3906.2000,21676,0,287106420.000,0,-,-,-,-,3905.8000,3905.6000,3905.4000,3905.0000,3904.8000,3906.6000,3906.8000,3907.0000,3907.2000,3907.4000,1,1,1,4,1,2,1,3,1,2
SF,IF2003,2019-12-11 09:34:37.200,3906.6000,21675,-1,288278400.000,1,0,1,双平,S,3905.4000,3905.0000,3904.8000,3904.6000,3904.0000,3906.6000,3906.8000,3907.0000,3907.2000,3907.4000,2,4,1,3,4,1,1,9,1,2
SF,IF2003,2019-12-11 09:34:37.700,3906.6000,21675,0,288278400.000,0,-,-,-,-,3905.6000,3905.4000,3905.0000,3904.8000,3904.6000,3906.8000,3907.0000,3907.2000,3907.4000,3907.8000,5,2,4,1,3,1,8,1,2,1
SF,IF2003,2019-12-11 09:34:38.200,3906.6000,21675,0,288278400.000,0,-,-,-,-,3905.6000,3905.4000,3905.0000,3904.8000,3904.6000,3906.6000,3906.8000,3907.0000,3907.2000,3907.4000,2,2,4,1,3,1,1,8,1,2
SF,IF2003,2019-12-11 09:34:40.700,3906.6000,21675,0,288278400.000,0,-,-,-,-,3905.6000,3905.4000,3905.0000,3904.8000,3904.6000,3906.6000,3906.8000,3907.0000,3907.2000,3907.4000,2,2,4,1,3,1,1,8,1,2
SF,IF2003,2019-12-11 09:34:44.700,3906.6000,21675,0,288278400.000,0,-,-,-,-,3905.6000,3905.4000,3905.0000,3904.8000,3904.6000,3906.6000,3906.8000,3907.0000,3907.2000,3907.4000,3,2,4,1,3,1,1,8,1,2
SF,IF2003,2019-12-11 09:34:45.200,3906.6000,21675,0,288278400.000,0,-,-,-,-,3905.8000,3905.6000,3905.4000,3905.0000,3904.8000,3906.6000,3906.8000,3907.0000,3907.2000,3907.4000,1,2,2,4,1,1,1,8,1,2
SF,IF2003,2019-12-11 09:34:45.700,3906.6000,21675,0,288278400.000,0,-,-,-,-,3905.8000,3905.6000,3905.4000,3905.0000,3904.8000,3906.8000,3907.0000,3907.2000,3907.4000,3907.8000,1,1,2,4,1,1,8,1,2,1
SF,IF2003,2019-12-11 09:34:46.200,3906.6000,21675,0,288278400.000,0,-,-,-,-,3905.8000,3905.6000,3905.4000,3905.0000,3904.8000,3907.0000,3907.2000,3907.4000,3907.8000,3908.4000,1,1,2,4,1,8,1,2,1,1
SF,IF2003,2019-12-11 09:34:46.700,3906.6000,21675,0,288278400.000,0,-,-,-,-,3906.0000,3905.8000,3905.4000,3905.0000,3904.8000,3906.2000,3907.0000,3907.2000,3907.4000,3907.8000,1,1,2,4,1,3,8,1,2,1
SF,IF2003,2019-12-11 09:34:47.200,3906.2000,21672,-3,291793980.000,3,0,3,双平,S,3906.0000,3905.8000,3905.4000,3905.0000,3904.8000,3907.0000,3907.2000,3907.4000,3907.8000,3908.4000,1,1,1,4,1,8,1,2,1,1
SF,IF2003,2019-12-11 09:34:49.200,3906.2000,21672,0,291793980.000,0,-,-,-,-,3906.0000,3905.8000,3905.4000,3905.0000,3904.8000,3907.0000,3907.2000,3907.4000,3907.8000,3908.4000,2,1,1,4,1,8,1,2,1,1
SF,IF2003,2019-12-11 09:34:49.700,3906.2000,21672,0,291793980.000,0,-,-,-,-,3906.0000,3905.8000,3905.4000,3905.0000,3904.8000,3906.8000,3907.0000,3907.2000,3907.4000,3907.8000,2,1,1,4,1,1,8,1,2,1
SF,IF2003,2019-12-11 09:34:51.200,3906.8000,21673,1,292966020.000,1,1,0,双开,S,3906.0000,3905.8000,3905.4000,3905.0000,3904.8000,3907.0000,3907.2000,3907.4000,3907.8000,3908.4000,2,1,1,4,1,8,1,2,1,1
SF,IF2003,2019-12-11 09:34:51.700,3906.8000,21673,0,292966020.000,0,-,-,-,-,3906.0000,3905.8000,3905.4000,3905.0000,3904.8000,3906.6000,3906.8000,3907.0000,3907.2000,3907.4000,1,1,1,4,1,1,1,8,1,2
SF,IF2003,2019-12-11 09:34:52.200,3906.8000,21673,0,292966020.000,0,-,-,-,-,3905.8000,3905.4000,3905.0000,3904.8000,3904.6000,3906.8000,3907.0000,3907.2000,3907.4000,3907.8000,1,1,4,1,2,1,8,1,2,1
SF,IF2003,2019-12-11 09:34:52.700,3906.8000,21673,0,292966020.000,0,-,-,-,-,3906.0000,3905.8000,3905.4000,3905.0000,3904.8000,3906.8000,3907.0000,3907.2000,3907.4000,3907.8000,1,1,1,4,1,1,8,1,2,1
SF,IF2003,2019-12-11 09:34:53.200,3906.8000,21673,0,292966020.000,0,-,-,-,-,3906.2000,3905.8000,3905.4000,3905.0000,3904.8000,3907.0000,3907.2000,3907.4000,3907.8000,3908.4000,1,1,1,4,1,8,1,2,1,1
SF,IF2003,2019-12-11 09:34:53.700,3906.8000,21673,0,292966020.000,0,-,-,-,-,3905.8000,3905.4000,3905.0000,3904.8000,3904.6000,3907.0000,3907.2000,3907.4000,3907.8000,3908.4000,1,1,4,1,2,8,1,2,1,1
SF,IF2003,2019-12-11 09:34:54.200,3906.8000,21673,0,292966020.000,0,-,-,-,-,3906.0000,3905.8000,3905.4000,3905.0000,3904.8000,3907.0000,3907.2000,3907.4000,3907.8000,3908.4000,2,1,1,4,1,8,1,2,1,1
SF,IF2003,2019-12-11 09:34:54.700,3907.0000,21672,-1,295310220.000,2,0,2,多平,S,3906.0000,3905.8000,3905.4000,3905.0000,3904.8000,3907.0000,3907.2000,3907.4000,3907.8000,3908.4000,5,2,1,4,1,6,1,2,1,1
SF,IF2003,2019-12-11 09:34:55.200,3907.0000,21672,0,295310220.000,0,-,-,-,-,3906.0000,3905.8000,3905.4000,3905.0000,3904.8000,3907.0000,3907.2000,3907.4000,3907.8000,3908.4000,6,2,1,4,1,6,1,2,1,1
SF,IF2003,2019-12-11 09:34:55.700,3907.0000,21671,-1,296482320.000,1,0,1,双平,S,3906.0000,3905.8000,3905.4000,3905.0000,3904.8000,3907.0000,3907.2000,3907.4000,3907.8000,3908.4000,6,2,1,4,1,5,1,2,1,1
SF,IF2003,2019-12-11 09:34:56.200,3907.0000,21671,0,296482320.000,0,-,-,-,-,3906.0000,3905.8000,3905.4000,3905.0000,3904.8000,3907.0000,3907.2000,3907.4000,3907.8000,3908.4000,6,2,1,4,1,5,1,2,1,1
SF,IF2003,2019-12-11 09:34:56.700,3907.0000,21671,0,296482320.000,0,-,-,-,-,3906.2000,3906.0000,3905.6000,3905.4000,3905.0000,3907.0000,3907.2000,3907.4000,3907.8000,3908.4000,1,6,1,1,4,5,1,2,1,1
SF,IF2003,2019-12-11 09:34:57.200,3906.4000,21670,-1,297654240.000,1,0,1,双平,S,3906.4000,3906.2000,3906.0000,3905.6000,3905.4000,3907.0000,3907.2000,3907.4000,3907.8000,3908.4000,1,1,3,1,1,5,1,2,1,1
SF,IF2003,2019-12-11 09:34:57.700,3906.4000,21670,0,297654240.000,0,-,-,-,-,3906.4000,3906.2000,3906.0000,3905.6000,3905.4000,3907.0000,3907.2000,3907.4000,3907.8000,3908.4000,1,1,2,1,1,5,1,2,1,1
SF,IF2003,2019-12-11 09:34:59.700,3906.4000,21670,0,298826160.000,1,0,1,多换,S,3906.2000,3906.0000,3905.6000,3905.4000,3905.0000,3907.0000,3907.2000,3907.4000,3907.8000,3908.4000,1,2,1,1,4,5,1,2,1,1
SF,IF2003,2019-12-11 09:35:00.200,3906.4000,21670,0,298826160.000,0,-,-,-,-,3906.2000,3906.0000,3905.6000,3905.4000,3905.0000,3907.0000,3907.2000,3907.4000,3907.8000,3908.4000,1,2,1,1,5,5,1,2,1,1
SF,IF2003,2019-12-11 09:35:00.700,3906.4000,21670,0,298826160.000,0,-,-,-,-,3906.2000,3906.0000,3905.6000,3905.4000,3905.0000,3907.0000,3907.2000,3907.4000,3907.8000,3908.4000,1,2,1,1,5,5,1,2,1,1
SF,IF2003,2019-12-11 09:35:01.200,3906.4000,21670,0,298826160.000,0,-,-,-,-,3906.4000,3906.2000,3906.0000,3905.6000,3905.4000,3907.0000,3907.2000,3907.4000,3907.8000,3908.4000,1,2,1,1,1,5,1,2,1,1
SF,IF2003,2019-12-11 09:35:01.700,3906.4000,21670,0,298826160.000,0,-,-,-,-,3906.4000,3906.2000,3906.0000,3905.6000,3905.4000,3907.0000,3907.4000,3907.8000,3908.4000,3908.6000,1,2,1,1,1,5,2,1,1,1
SF,IF2003,2019-12-11 09:35:02.200,3906.4000,21670,0,298826160.000,0,-,-,-,-,3906.4000,3906.2000,3906.0000,3905.6000,3905.4000,3907.0000,3907.4000,3907.8000,3908.4000,3908.6000,1,2,1,1,1,5,2,1,1,1
SF,IF2003,2019-12-11 09:35:02.700,3907.0000,21670,0,299998260.000,1,0,1,多换,S,3906.4000,3906.2000,3906.0000,3905.6000,3905.4000,3907.0000,3907.4000,3908.4000,3908.6000,3909.4000,1,2,1,1,1,4,2,1,1,2
SF,IF2003,2019-12-11 09:35:03.200,3906.4000,21669,-1,301170180.000,1,0,1,双平,S,3906.2000,3906.0000,3905.6000,3905.4000,3905.0000,3907.0000,3907.4000,3908.4000,3908.6000,3909.4000,2,1,1,1,5,4,2,1,1,2
SF,IF2003,2019-12-11 09:35:04.200,3906.4000,21669,0,301170180.000,0,-,-,-,-,3906.2000,3906.0000,3905.6000,3905.4000,3905.0000,3907.0000,3907.4000,3908.4000,3908.6000,3909.4000,3,1,1,1,5,4,2,1,1,2
SF,IF2003,2019-12-11 09:35:04.700,3906.4000,21669,0,301170180.000,0,-,-,-,-,3906.2000,3906.0000,3905.6000,3905.4000,3905.0000,3907.0000,3907.4000,3908.4000,3908.6000,3909.4000,2,1,1,1,5,4,2,1,1,2
SF,IF2003,2019-12-11 09:35:05.700,3906.4000,21669,0,301170180.000,0,-,-,-,-,3906.2000,3906.0000,3905.6000,3905.4000,3905.0000,3907.0000,3907.4000,3907.8000,3908.4000,3908.6000,2,1,1,1,5,4,2,1,1,1
SF,IF2003,2019-12-11 09:35:06.200,3906.4000,21669,0,301170180.000,0,-,-,-,-,3906.2000,3906.0000,3905.6000,3905.4000,3905.0000,3906.8000,3907.0000,3907.4000,3907.8000,3908.4000,2,1,1,1,5,1,4,2,1,1
SF,IF2003,2019-12-11 09:35:06.700,3906.8000,21669,0,302342220.000,1,0,1,多换,S,3906.2000,3906.0000,3905.6000,3905.4000,3905.0000,3907.0000,3907.4000,3907.8000,3908.4000,3908.6000,2,1,1,1,5,4,2,1,1,1
SF,IF2003,2019-12-11 09:35:12.700,3907.0000,21669,0,303514320.000,1,0,1,多换,S,3906.2000,3906.0000,3905.6000,3905.4000,3905.0000,3907.0000,3907.4000,3907.8000,3908.4000,3908.6000,2,1,1,1,5,3,2,1,1,1
SF,IF2003,2019-12-11 09:35:15.200,3907.0000,21669,0,303514320.000,0,-,-,-,-,3906.2000,3906.0000,3905.6000,3905.4000,3905.0000,3907.0000,3907.4000,3907.8000,3908.4000,3908.6000,2,1,1,1,5,3,2,1,1,1
SF,IF2003,2019-12-11 09:35:15.700,3907.0000,21669,0,304686420.000,1,0,1,多换,S,3906.2000,3906.0000,3905.6000,3905.4000,3905.0000,3907.0000,3907.4000,3907.8000,3908.4000,3908.6000,2,1,1,1,5,3,2,1,1,1
SF,IF2003,2019-12-11 09:35:17.200,3907.0000,21669,0,304686420.000,0,-,-,-,-,3906.4000,3906.2000,3906.0000,3905.6000,3905.4000,3907.0000,3907.4000,3907.8000,3908.4000,3908.6000,1,2,1,1,1,3,2,1,1,1
SF,IF2003,2019-12-11 09:35:18.700,3907.0000,21670,1,308202720.000,3,2,1,空开,S,3907.0000,3906.4000,3906.2000,3906.0000,3905.6000,3907.4000,3907.8000,3908.4000,3908.6000,3909.4000,1,1,2,1,1,2,2,1,1,2
SF,IF2003,2019-12-11 09:35:19.200,3907.0000,21670,0,309374820.000,1,0,1,多换,S,3906.4000,3906.2000,3906.0000,3905.6000,3905.4000,3907.0000,3907.2000,3907.4000,3907.8000,3908.4000,1,2,1,1,1,8,3,2,2,1
SF,IF2003,2019-12-11 09:35:19.700,3906.8000,21670,0,311718780.000,2,1,1,多换,S,3906.2000,3906.0000,3905.6000,3905.0000,3904.8000,3907.0000,3907.2000,3907.4000,3907.8000,3908.4000,2,1,1,5,1,5,1,2,2,1
SF,IF2003,2019-12-11 09:35:20.200,3906.8000,21670,0,311718780.000,0,-,-,-,-,3906.2000,3906.0000,3905.6000,3905.0000,3904.8000,3906.8000,3907.0000,3907.2000,3907.4000,3907.8000,2,1,1,5,1,1,3,1,2,2
SF,IF2003,2019-12-11 09:35:21.700,3906.8000,21670,0,311718780.000,0,-,-,-,-,3906.2000,3906.0000,3905.6000,3905.0000,3904.8000,3907.0000,3907.2000,3907.4000,3907.8000,3908.4000,2,1,1,5,1,3,1,2,2,1
SF,IF2003,2019-12-11 09:35:22.200,3906.8000,21670,0,311718780.000,0,-,-,-,-,3906.2000,3906.0000,3905.0000,3904.8000,3904.6000,3906.8000,3907.0000,3907.4000,3907.8000,3908.4000,2,1,5,1,2,1,3,2,2,1
SF,IF2003,2019-12-11 09:35:22.700,3907.0000,21669,-1,314062920.000,2,0,2,多平,S,3906.2000,3906.0000,3905.0000,3904.8000,3904.6000,3907.0000,3907.4000,3907.8000,3908.4000,3908.6000,2,1,5,1,2,1,2,2,1,1
SF,IF2003,2019-12-11 09:35:24.200,3907.0000,21669,0,314062920.000,0,-,-,-,-,3906.2000,3906.0000,3905.0000,3904.8000,3904.6000,3907.0000,3907.4000,3907.8000,3908.4000,3908.6000,2,1,5,1,2,2,2,2,1,1
SF,IF2003,2019-12-11 09:35:24.700,3907.0000,21669,0,314062920.000,0,-,-,-,-,3906.2000,3906.0000,3905.0000,3904.8000,3904.6000,3906.8000,3907.0000,3907.4000,3907.8000,3908.4000,2,1,5,1,2,1,1,2,2,1
SF,IF2003,2019-12-11 09:35:25.200,3907.0000,21669,0,314062920.000,0,-,-,-,-,3906.2000,3906.0000,3905.0000,3904.8000,3904.6000,3907.0000,3907.4000,3907.8000,3908.4000,3908.6000,2,1,5,1,2,1,2,2,1,1
SF,IF2003,2019-12-11 09:35:28.200,3907.0000,21669,0,314062920.000,0,-,-,-,-,3906.2000,3906.0000,3905.0000,3904.8000,3904.6000,3907.4000,3907.8000,3908.4000,3908.6000,3909.4000,2,1,5,1,2,2,2,1,1,2
SF,IF2003,2019-12-11 09:35:28.700,3907.0000,21669,0,314062920.000,0,-,-,-,-,3906.4000,3906.2000,3906.0000,3905.0000,3904.8000,3907.4000,3907.8000,3908.4000,3908.6000,3909.4000,2,2,1,5,1,2,2,1,1,2
SF,IF2003,2019-12-11 09:35:29.200,3907.0000,21669,0,314062920.000,0,-,-,-,-,3906.4000,3906.2000,3906.0000,3905.0000,3904.8000,3907.2000,3907.4000,3907.8000,3908.4000,3908.6000,2,2,1,5,1,3,3,2,1,1
SF,IF2003,2019-12-11 09:35:29.700,3906.2000,21671,2,318750480.000,4,3,1,空开,S,3906.0000,3905.0000,3904.8000,3904.6000,3904.0000,3906.8000,3907.2000,3907.4000,3907.8000,3908.4000,1,5,1,2,4,1,11,3,2,1
SF,IF2003,2019-12-11 09:35:30.200,3906.2000,21671,0,318750480.000,0,-,-,-,-,3906.2000,3906.0000,3905.0000,3904.8000,3904.6000,3907.0000,3907.2000,3907.4000,3907.8000,3908.4000,1,1,5,1,2,5,10,3,2,1
SF,IF2003,2019-12-11 09:35:30.700,3906.2000,21671,0,318750480.000,0,-,-,-,-,3906.2000,3906.0000,3905.0000,3904.8000,3904.6000,3907.0000,3907.2000,3907.4000,3907.8000,3908.4000,1,1,5,1,2,5,9,3,2,1
SF,IF2003,2019-12-11 09:35:31.200,3906.2000,21671,0,318750480.000,0,-,-,-,-,3906.2000,3906.0000,3905.0000,3904.8000,3904.6000,3906.8000,3907.0000,3907.2000,3907.4000,3907.8000,1,1,5,1,1,2,5,8,3,2
SF,IF2003,2019-12-11 09:35:31.700,3906.2000,21671,0,318750480.000,0,-,-,-,-,3906.2000,3905.0000,3904.8000,3904.6000,3904.0000,3906.8000,3907.0000,3907.2000,3907.4000,3907.8000,1,3,1,1,4,2,5,8,3,2
SF,IF2003,2019-12-11 09:35:32.200,3906.2000,21671,0,319922340.000,1,0,1,多换,S,3905.0000,3904.8000,3904.6000,3904.0000,3903.6000,3906.2000,3906.6000,3906.8000,3907.0000,3907.2000,1,1,1,4,5,1,1,1,5,8
SF,IF2003,2019-12-11 09:35:32.700,3906.2000,21671,0,319922340.000,0,-,-,-,-,3906.0000,3905.6000,3905.2000,3905.0000,3904.8000,3906.2000,3906.8000,3907.0000,3907.2000,3907.4000,1,1,5,1,1,1,1,5,8,3
SF,IF2003,2019-12-11 09:35:33.200,3906.2000,21671,0,321094200.000,1,0,1,多换,S,3906.0000,3905.6000,3905.2000,3905.0000,3904.8000,3906.8000,3907.0000,3907.2000,3907.4000,3907.8000,1,1,2,1,1,1,5,8,3,2
SF,IF2003,2019-12-11 09:35:33.700,3906.2000,21671,0,321094200.000,0,-,-,-,-,3905.6000,3905.2000,3905.0000,3904.8000,3904.6000,3906.8000,3907.0000,3907.2000,3907.4000,3907.8000,1,2,1,1,1,1,5,8,3,2
SF,IF2003,2019-12-11 09:35:34.200,3906.2000,21671,0,321094200.000,0,-,-,-,-,3905.6000,3905.2000,3905.0000,3904.8000,3904.6000,3906.6000,3906.8000,3907.0000,3907.2000,3907.4000,1,1,1,1,1,1,1,5,8,3
SF,IF2003,2019-12-11 09:35:34.700,3906.2000,21671,0,321094200.000,0,-,-,-,-,3905.8000,3905.6000,3905.2000,3905.0000,3904.8000,3906.6000,3906.8000,3907.0000,3907.2000,3907.4000,1,1,1,1,1,1,1,5,8,3
SF,IF2003,2019-12-11 09:35:35.200,3905.8000,21671,0,322265940.000,1,0,1,多换,S,3905.0000,3904.8000,3904.6000,3904.0000,3903.6000,3906.0000,3906.2000,3906.4000,3906.6000,3906.8000,1,1,1,4,5,1,1,1,2,1
SF,IF2003,2019-12-11 09:35:35.700,3905.8000,21671,0,322265940.000,0,-,-,-,-,3905.0000,3904.6000,3904.0000,3903.6000,3903.2000,3906.0000,3906.6000,3906.8000,3907.0000,3907.2000,2,1,4,5,2,1,1,1,6,8
SF,IF2003,2019-12-11 09:35:36.200,3905.8000,21671,0,322265940.000,0,-,-,-,-,3905.0000,3904.6000,3904.0000,3903.6000,3903.2000,3906.0000,3906.6000,3906.8000,3907.0000,3907.2000,2,1,4,5,2,1,1,1,6,8
SF,IF2003,2019-12-11 09:35:37.700,3905.8000,21671,0,322265940.000,0,-,-,-,-,3905.2000,3905.0000,3904.6000,3904.0000,3903.6000,3906.6000,3906.8000,3907.0000,3907.2000,3907.4000,1,3,1,4,5,1,1,6,8,2
