市场代码,合约代码,时间,最新,持仓,增仓,成交额,成交量,开仓,平仓,成交类型,方向,买一价,买二价,买三价,买四价,买五价,卖一价,卖二价,卖三价,卖四价,卖五价,买一量,买二量,买三量,买四量,买五量,卖一量,卖二量,卖三量,卖四量,卖五量
SF,IF2009,2020-03-05 09:29:00.000,4080.0000,10000,0,7344000.000,6.000,-,-,-,-,4073.0000,4072.4000,4067.2000,4066.2000,4066.0000,4084.8000,4085.6000,4088.0000,4088.8000,4089.2000,1,2,1,1,1,1,1,11,1,1
SF,IF2009,2020-03-05 09:30:00.500,4088.0000,9999,-1,12247200.000,4,1,3,多平,S,4087.6000,4086.8000,4086.2000,4085.6000,4085.4000,4088.0000,4088.8000,4090.0000,4091.6000,4099.6000,1,1,1,1,1,10,1,1,1,4
SF,IF2009,2020-03-05 09:30:01.000,4088.0000,9990,-9,25737540.000,11,1,10,多平,S,4087.8000,4087.6000,4086.8000,4086.2000,4085.4000,4088.8000,4090.0000,4099.6000,4099.8000,4100.0000,1,1,2,1,1,1,2,4,2,1
SF,IF2009,2020-03-05 09:30:01.500,4088.0000,9990,0,25737540.000,0,-,-,-,-,4088.0000,4087.8000,4087.6000,4086.8000,4086.2000,4088.8000,4090.0000,4099.6000,4099.8000,4100.0000,2,1,1,2,1,1,2,4,2,1
SF,IF2009,2020-03-05 09:30:02.000,4089.0000,9989,-1,29417880.000,3,1,2,多平,S,4088.8000,4088.2000,4087.6000,4086.8000,4086.2000,4090.0000,4099.6000,4099.8000,4100.0000,4103.0000,1,1,1,2,1,1,4,2,6,2
SF,IF2009,2020-03-05 09:30:02.500,4089.0000,9989,0,34325100.000,4,2,2,多换,S,4089.6000,4089.0000,4087.6000,4086.8000,4086.2000,4099.6000,4099.8000,4100.0000,4103.0000,4107.0000,1,2,1,2,1,4,2,6,2,1
SF,IF2009,2020-03-05 09:30:03.000,4089.0000,9989,0,34325100.000,0,-,-,-,-,4091.0000,4089.8000,4087.6000,4086.8000,4086.2000,4094.8000,4095.0000,4096.0000,4096.4000,4097.0000,2,2,1,1,1,1,2,1,3,1
SF,IF2009,2020-03-05 09:30:03.500,4089.0000,9989,0,34325100.000,0,-,-,-,-,4092.0000,4091.2000,4091.0000,4089.6000,4086.8000,4094.4000,4094.6000,4094.8000,4095.0000,4096.0000,1,2,2,1,1,4,1,1,2,1
SF,IF2009,2020-03-05 09:30:04.000,4094.4000,9990,1,35553420.000,1,1,0,双开,S,4092.2000,4091.2000,4091.0000,4090.0000,4089.6000,4094.4000,4094.8000,4095.0000,4096.0000,4096.4000,1,1,2,1,1,3,1,2,1,3
SF,IF2009,2020-03-05 09:30:04.500,4094.4000,9990,0,35553420.000,0,-,-,-,-,4092.2000,4091.2000,4091.0000,4090.0000,4086.8000,4094.2000,4094.4000,4094.8000,4095.0000,4096.4000,1,1,2,1,1,1,3,1,2,3
SF,IF2009,2020-03-05 09:30:05.000,4094.0000,9989,-1,38009280.000,2,0,2,多平,S,4091.2000,4091.0000,4090.0000,4089.6000,4086.8000,4094.0000,4094.2000,4094.8000,4095.0000,4096.4000,1,2,1,1,1,1,1,1,2,3
SF,IF2009,2020-03-05 09:30:05.500,4094.2000,9988,-1,40465740.000,2,0,2,多平,S,4092.0000,4091.4000,4091.2000,4091.0000,4090.0000,4095.0000,4096.4000,4098.2000,4099.6000,4099.8000,1,1,1,2,1,1,3,1,4,2
SF,IF2009,2020-03-05 09:30:06.000,4094.2000,9988,0,40465740.000,0,-,-,-,-,4092.2000,4092.0000,4091.0000,4090.0000,4089.6000,4096.4000,4098.2000,4099.6000,4099.8000,4100.0000,2,1,2,1,1,3,1,4,2,1
SF,IF2009,2020-03-05 09:30:06.500,4094.2000,9988,0,40465740.000,0,-,-,-,-,4092.2000,4092.0000,4091.0000,4090.0000,4089.6000,4096.2000,4096.4000,4098.2000,4099.6000,4099.8000,1,1,2,1,1,1,3,1,4,2
SF,IF2009,2020-03-05 09:30:07.000,4094.2000,9988,0,40465740.000,0,-,-,-,-,4094.8000,4092.4000,4092.2000,4092.0000,4091.0000,4096.2000,4096.4000,4098.2000,4099.6000,4099.8000,4,1,1,1,2,1,2,1,4,2
SF,IF2009,2020-03-05 09:30:07.500,4094.8000,9988,0,45379500.000,4,2,2,多换,S,4092.2000,4092.0000,4091.0000,4090.0000,4089.6000,4096.4000,4098.2000,4099.6000,4099.8000,4100.0000,1,1,2,2,1,2,1,4,2,1
SF,IF2009,2020-03-05 09:30:08.000,4094.8000,9988,0,45379500.000,0,-,-,-,-,4093.6000,4092.4000,4092.2000,4092.0000,4091.0000,4098.2000,4099.6000,4099.8000,4100.0000,4103.0000,1,1,1,1,2,1,4,2,1,2
SF,IF2009,2020-03-05 09:30:08.500,4093.6000,9988,0,46607580.000,1,0,1,多换,S,4093.8000,4092.8000,4092.0000,4091.0000,4090.0000,4095.0000,4096.4000,4097.8000,4098.0000,4099.6000,1,1,1,2,2,1,3,3,4,4
SF,IF2009,2020-03-05 09:30:09.000,4093.6000,9988,0,46607580.000,0,-,-,-,-,4092.8000,4092.0000,4091.0000,4090.0000,4089.6000,4096.4000,4097.8000,4098.0000,4099.6000,4099.8000,1,1,2,2,1,2,3,2,4,1
SF,IF2009,2020-03-05 09:30:09.500,4093.6000,9988,0,46607580.000,0,-,-,-,-,4093.0000,4092.8000,4092.0000,4091.0000,4090.0000,4096.2000,4096.4000,4098.0000,4099.6000,4099.8000,1,1,1,2,2,4,3,1,4,1
SF,IF2009,2020-03-05 09:30:10.000,4093.6000,9988,0,46607580.000,0,-,-,-,-,4093.0000,4092.8000,4092.0000,4091.0000,4090.0000,4096.0000,4096.2000,4096.4000,4099.6000,4099.8000,1,1,1,2,2,1,5,3,4,1
SF,IF2009,2020-03-05 09:30:10.500,4092.8000,9986,-2,49063320.000,2,0,2,双平,S,4092.0000,4091.0000,4090.0000,4089.6000,4085.8000,4094.8000,4095.0000,4095.6000,4095.8000,4096.0000,1,2,2,1,1,1,1,3,2,1
SF,IF2009,2020-03-05 09:30:11.000,4092.8000,9986,0,49063320.000,0,-,-,-,-,4091.0000,4090.0000,4089.6000,4085.8000,4085.0000,4094.4000,4094.6000,4094.8000,4095.0000,4095.8000,2,2,1,1,7,3,2,1,1,1
SF,IF2009,2020-03-05 09:30:11.500,4092.8000,9986,0,49063320.000,0,-,-,-,-,4091.0000,4090.0000,4089.6000,4085.8000,4085.0000,4093.6000,4094.2000,4094.4000,4094.8000,4095.0000,2,2,1,1,7,1,5,3,1,1
SF,IF2009,2020-03-05 09:30:12.000,4092.8000,9985,-1,50291160.000,1,0,1,双平,S,4091.0000,4090.0000,4089.6000,4085.8000,4085.0000,4092.6000,4093.4000,4093.6000,4094.2000,4094.4000,2,1,1,1,7,2,3,1,2,3
SF,IF2009,2020-03-05 09:30:12.500,4092.8000,9986,1,51519000.000,1,1,0,双开,S,4091.0000,4090.0000,4085.8000,4085.0000,4084.8000,4092.4000,4092.6000,4093.2000,4093.4000,4093.6000,2,1,1,7,7,1,2,3,2,1
SF,IF2009,2020-03-05 09:30:13.000,4091.0000,9986,0,53973600.000,2,1,1,多换,S,4090.0000,4085.8000,4085.0000,4084.8000,4082.2000,4092.4000,4092.6000,4093.4000,4093.6000,4094.2000,1,1,7,7,1,1,1,2,1,2
SF,IF2009,2020-03-05 09:30:13.500,4091.0000,9986,0,53973600.000,0,-,-,-,-,4090.0000,4085.8000,4085.0000,4084.8000,4082.2000,4092.2000,4092.4000,4092.6000,4093.4000,4093.6000,1,1,7,7,1,1,1,1,1,1
SF,IF2009,2020-03-05 09:30:14.000,4091.0000,9986,0,53973600.000,0,-,-,-,-,4090.0000,4085.8000,4085.0000,4084.8000,4082.2000,4092.0000,4092.6000,4093.4000,4093.6000,4094.2000,1,1,7,7,1,1,1,1,1,2
SF,IF2009,2020-03-05 09:30:14.500,4090.0000,9986,0,55200600.000,1,0,1,多换,S,4085.8000,4085.0000,4084.8000,4082.2000,4075.0000,4092.0000,4092.6000,4093.4000,4093.6000,4094.8000,1,7,7,1,1,1,1,1,1,1
SF,IF2009,2020-03-05 09:30:15.000,4092.0000,9984,-2,57655800.000,2,0,2,双平,S,4092.2000,4088.8000,4087.6000,4086.8000,4086.0000,4092.6000,4093.6000,4094.8000,4095.0000,4099.6000,1,1,1,1,2,1,1,1,1,4
SF,IF2009,2020-03-05 09:30:15.500,4092.2000,9984,0,58883460.000,1,0,1,多换,S,4088.8000,4087.6000,4087.0000,4086.8000,4086.0000,4090.0000,4092.6000,4093.6000,4094.8000,4095.0000,1,1,1,2,2,1,2,1,1,1
SF,IF2009,2020-03-05 09:30:16.000,4090.0000,9982,-2,61337460.000,2,0,2,双平,S,4090.0000,4088.8000,4087.6000,4086.8000,4086.0000,4092.6000,4093.6000,4094.8000,4095.0000,4099.6000,2,1,1,2,1,2,1,1,1,4
SF,IF2009,2020-03-05 09:30:16.500,4090.0000,9982,0,61337460.000,0,-,-,-,-,4090.0000,4088.8000,4087.6000,4086.8000,4086.0000,4092.4000,4092.6000,4093.6000,4094.8000,4095.0000,1,1,1,2,1,1,2,1,1,1
SF,IF2009,2020-03-05 09:30:17.000,4090.0000,9982,0,61337460.000,0,-,-,-,-,4090.4000,4088.8000,4087.6000,4086.8000,4086.0000,4092.4000,4092.6000,4093.6000,4094.8000,4095.0000,1,1,1,2,1,1,1,1,1,1
SF,IF2009,2020-03-05 09:30:17.500,4092.6000,9982,0,63792240.000,2,1,1,多换,S,4090.4000,4088.8000,4087.6000,4086.8000,4086.0000,4093.6000,4094.8000,4095.0000,4099.6000,4099.8000,1,1,1,2,1,1,1,1,4,1
SF,IF2009,2020-03-05 09:30:18.000,4092.6000,9982,0,63792240.000,0,-,-,-,-,4090.6000,4090.4000,4088.8000,4087.6000,4086.8000,4091.8000,4093.4000,4093.6000,4094.8000,4095.0000,1,1,1,1,1,1,1,1,1,1
SF,IF2009,2020-03-05 09:30:18.500,4090.8000,9981,-1,65019480.000,1,0,1,双平,S,4090.6000,4090.4000,4088.8000,4087.6000,4086.8000,4091.8000,4092.8000,4093.4000,4093.6000,4094.8000,1,1,1,1,1,1,1,1,1,1
SF,IF2009,2020-03-05 09:30:19.000,4091.8000,9980,-1,66247020.000,1,0,1,双平,S,4090.6000,4090.4000,4088.8000,4087.6000,4086.8000,4093.4000,4093.6000,4094.8000,4095.0000,4099.6000,1,1,1,1,1,1,1,1,1,4
SF,IF2009,2020-03-05 09:30:19.500,4091.8000,9980,0,66247020.000,0,-,-,-,-,4090.6000,4090.4000,4088.8000,4087.6000,4086.8000,4093.2000,4093.6000,4094.8000,4095.0000,4099.6000,1,1,1,1,1,1,1,1,1,4
SF,IF2009,2020-03-05 09:30:20.000,4091.8000,9980,0,66247020.000,0,-,-,-,-,4090.6000,4090.4000,4088.8000,4087.6000,4086.8000,4093.2000,4093.6000,4094.8000,4095.0000,4099.6000,1,1,1,1,1,2,1,1,1,4
SF,IF2009,2020-03-05 09:30:20.500,4090.6000,9979,-1,67474200.000,1,0,1,双平,S,4090.4000,4088.8000,4087.6000,4086.8000,4085.8000,4090.6000,4092.6000,4092.8000,4093.0000,4093.2000,1,1,1,1,1,1,1,1,1,2
SF,IF2009,2020-03-05 09:30:21.000,4090.6000,9978,-1,68701380.000,1,0,1,双平,S,4090.4000,4088.8000,4087.6000,4086.8000,4085.8000,4092.6000,4093.0000,4093.2000,4093.6000,4094.8000,1,1,1,1,1,1,4,1,1,1
SF,IF2009,2020-03-05 09:30:21.500,4090.6000,9978,0,68701380.000,0,-,-,-,-,4090.4000,4088.8000,4087.6000,4086.8000,4085.8000,4092.6000,4093.0000,4093.2000,4093.6000,4094.8000,1,1,1,1,1,1,1,1,1,1
SF,IF2009,2020-03-05 09:30:22.000,4090.6000,9978,0,68701380.000,0,-,-,-,-,4090.4000,4088.8000,4087.6000,4086.8000,4085.8000,4093.0000,4093.2000,4093.6000,4094.8000,4095.0000,1,1,1,1,1,1,1,1,1,1
SF,IF2009,2020-03-05 09:30:22.500,4090.6000,9978,0,68701380.000,0,-,-,-,-,4090.4000,4088.8000,4087.6000,4086.8000,4085.8000,4092.6000,4092.8000,4093.0000,4093.6000,4094.8000,1,1,1,1,1,1,2,1,1,1
SF,IF2009,2020-03-05 09:30:23.000,4090.6000,9978,0,68701380.000,0,-,-,-,-,4090.4000,4088.8000,4087.6000,4086.8000,4085.8000,4092.6000,4092.8000,4093.0000,4093.6000,4094.8000,1,1,1,1,1,1,2,1,1,1
SF,IF2009,2020-03-05 09:30:23.500,4090.6000,9978,0,68701380.000,0,-,-,-,-,4090.4000,4090.0000,4088.8000,4087.6000,4086.8000,4092.4000,4092.6000,4092.8000,4093.0000,4093.6000,1,7,1,1,1,1,1,1,1,1
SF,IF2009,2020-03-05 09:30:24.000,4090.6000,9978,0,68701380.000,0,-,-,-,-,4090.4000,4090.0000,4088.8000,4087.6000,4086.8000,4092.4000,4092.6000,4092.8000,4093.6000,4094.8000,1,7,1,1,1,2,1,1,1,1
SF,IF2009,2020-03-05 09:30:24.500,4090.6000,9978,0,68701380.000,0,-,-,-,-,4090.4000,4090.0000,4088.8000,4087.6000,4086.8000,4092.4000,4092.6000,4093.0000,4093.6000,4094.8000,1,7,1,1,1,2,1,1,1,1
SF,IF2009,2020-03-05 09:30:25.000,4090.6000,9978,0,68701380.000,0,-,-,-,-,4090.4000,4090.0000,4088.8000,4087.6000,4086.8000,4092.4000,4092.6000,4093.0000,4093.6000,4094.8000,1,7,1,1,1,2,1,1,1,1
SF,IF2009,2020-03-05 09:30:25.500,4090.6000,9978,0,68701380.000,0,-,-,-,-,4090.4000,4090.0000,4088.8000,4087.6000,4086.8000,4092.4000,4092.6000,4093.0000,4093.6000,4094.8000,1,7,1,1,1,2,1,1,1,1
SF,IF2009,2020-03-05 09:30:26.000,4090.0000,9974,-4,73609500.000,4,0,4,双平,S,4090.0000,4088.8000,4087.6000,4086.8000,4085.8000,4092.4000,4092.6000,4093.0000,4093.6000,4094.8000,4,1,1,1,1,2,1,1,1,1
SF,IF2009,2020-03-05 09:30:26.500,4090.0000,9974,0,73609500.000,0,-,-,-,-,4090.0000,4088.8000,4087.6000,4085.8000,4085.0000,4092.0000,4092.4000,4092.6000,4093.0000,4093.6000,4,1,1,1,12,3,2,1,1,1
SF,IF2009,2020-03-05 09:30:27.000,4090.0000,9974,0,73609500.000,0,-,-,-,-,4090.0000,4087.6000,4085.8000,4085.0000,4084.8000,4091.8000,4092.0000,4092.6000,4093.0000,4093.6000,4,1,1,12,7,2,3,1,1,1
SF,IF2009,2020-03-05 09:30:27.500,4090.0000,9973,-1,74836500.000,1,0,1,双平,S,4090.0000,4087.6000,4085.8000,4085.0000,4084.8000,4091.4000,4091.8000,4092.6000,4093.0000,4093.6000,3,1,1,12,7,3,2,1,1,1
SF,IF2009,2020-03-05 09:30:28.000,4090.0000,9973,0,74836500.000,0,-,-,-,-,4090.0000,4085.8000,4085.0000,4084.8000,4082.2000,4091.2000,4091.4000,4092.6000,4093.0000,4093.6000,3,1,12,7,1,2,3,1,1,1
SF,IF2009,2020-03-05 09:30:28.500,4090.0000,9970,-3,78517500.000,3,0,3,双平,S,4085.8000,4085.0000,4084.8000,4082.2000,4081.8000,4090.8000,4091.2000,4091.8000,4092.6000,4093.0000,1,7,7,1,1,4,1,1,1,1
SF,IF2009,2020-03-05 09:30:29.000,4090.8000,9970,0,79744740.000,1,0,1,多换,S,4087.6000,4086.8000,4086.0000,4085.8000,4085.0000,4090.8000,4091.2000,4091.8000,4092.0000,4092.6000,1,1,4,1,7,2,1,1,1,1
SF,IF2009,2020-03-05 09:30:29.500,4090.8000,9969,-1,80971980.000,1,0,1,双平,S,4087.8000,4087.6000,4086.8000,4086.0000,4085.8000,4090.8000,4091.2000,4091.8000,4092.0000,4092.6000,1,1,1,3,1,2,1,1,1,1
SF,IF2009,2020-03-05 09:30:30.000,4090.8000,9969,0,80971980.000,0,-,-,-,-,4088.0000,4087.8000,4087.6000,4086.0000,4085.8000,4090.8000,4091.2000,4091.8000,4092.0000,4092.6000,1,1,1,2,1,2,1,1,1,1
SF,IF2009,2020-03-05 09:30:30.500,4090.8000,9970,1,82199220.000,1,1,0,双开,S,4088.2000,4088.0000,4087.8000,4085.8000,4085.0000,4090.6000,4090.8000,4091.8000,4092.0000,4092.6000,2,1,1,1,7,1,2,1,1,1
SF,IF2009,2020-03-05 09:30:31.000,4090.8000,9970,0,82199220.000,0,-,-,-,-,4088.2000,4088.0000,4085.8000,4085.0000,4084.8000,4090.2000,4090.4000,4090.6000,4091.8000,4092.0000,2,1,1,7,7,2,1,1,1,1
SF,IF2009,2020-03-05 09:30:31.500,4090.8000,9970,0,82199220.000,0,-,-,-,-,4088.4000,4088.2000,4085.8000,4085.0000,4084.8000,4090.0000,4090.2000,4091.8000,4092.0000,4092.6000,1,2,1,7,7,1,2,1,1,1
SF,IF2009,2020-03-05 09:30:32.000,4090.8000,9970,0,82199220.000,0,-,-,-,-,4088.6000,4088.4000,4088.2000,4085.8000,4085.0000,4090.0000,4090.2000,4091.8000,4092.0000,4092.2000,3,1,2,1,7,1,2,1,1,1
SF,IF2009,2020-03-05 09:30:32.500,4090.0000,9969,-1,83426220.000,1,0,1,双平,S,4088.8000,4088.2000,4085.8000,4085.0000,4084.8000,4091.8000,4092.0000,4092.2000,4092.6000,4093.0000,2,1,1,7,7,1,1,1,1,1
SF,IF2009,2020-03-05 09:30:33.000,4090.0000,9969,0,83426220.000,0,-,-,-,-,4089.0000,4088.2000,4085.8000,4085.0000,4084.8000,4091.4000,4091.6000,4091.8000,4092.0000,4092.2000,2,1,1,7,7,2,2,1,1,1
SF,IF2009,2020-03-05 09:30:33.500,4090.0000,9969,0,83426220.000,0,-,-,-,-,4089.0000,4088.2000,4085.8000,4085.0000,4084.8000,4091.2000,4091.4000,4091.6000,4091.8000,4092.0000,2,1,1,7,7,1,2,1,1,1
SF,IF2009,2020-03-05 09:30:34.000,4089.2000,9970,1,84652980.000,1,1,0,双开,S,4089.0000,4088.2000,4085.8000,4085.0000,4084.8000,4090.8000,4091.0000,4091.2000,4091.8000,4092.0000,2,1,1,7,7,2,1,1,1,1
SF,IF2009,2020-03-05 09:30:34.500,4089.2000,9970,0,85879740.000,1,0,1,多换,S,4088.2000,4085.8000,4085.0000,4084.8000,4084.0000,4090.8000,4091.0000,4091.2000,4091.8000,4092.0000,1,1,7,7,1,2,1,1,1,1
SF,IF2009,2020-03-05 09:30:35.000,4089.2000,9970,0,85879740.000,0,-,-,-,-,4088.4000,4088.2000,4085.8000,4085.0000,4084.8000,4090.6000,4090.8000,4091.0000,4091.2000,4091.8000,2,1,1,7,7,1,2,1,1,1
SF,IF2009,2020-03-05 09:30:35.500,4089.2000,9970,0,85879740.000,0,-,-,-,-,4088.6000,4088.4000,4088.2000,4085.8000,4085.0000,4090.4000,4090.6000,4091.0000,4091.2000,4091.8000,1,2,1,1,7,2,1,1,1,2
SF,IF2009,2020-03-05 09:30:36.000,4089.2000,9970,0,85879740.000,0,-,-,-,-,4088.6000,4088.4000,4088.2000,4085.8000,4085.0000,4090.4000,4091.0000,4091.2000,4091.8000,4092.0000,1,1,1,1,7,2,1,1,2,1
SF,IF2009,2020-03-05 09:30:36.500,4089.2000,9970,0,85879740.000,0,-,-,-,-,4090.0000,4088.6000,4088.4000,4088.2000,4085.8000,4090.4000,4091.0000,4091.2000,4091.8000,4092.0000,2,1,1,1,1,2,1,1,2,1
SF,IF2009,2020-03-05 09:30:37.000,4090.0000,9970,0,88333740.000,2,1,1,多换,S,4088.6000,4088.2000,4085.8000,4085.0000,4084.8000,4090.2000,4090.4000,4091.2000,4091.8000,4092.0000,1,1,1,7,7,1,2,1,2,1
SF,IF2009,2020-03-05 09:30:37.500,4090.0000,9970,0,88333740.000,0,-,-,-,-,4088.6000,4088.2000,4085.8000,4085.0000,4084.8000,4090.4000,4091.2000,4091.8000,4092.0000,4092.2000,1,1,1,7,7,2,1,2,1,1
SF,IF2009,2020-03-05 09:30:38.000,4090.0000,9970,0,88333740.000,0,-,-,-,-,4088.6000,4088.2000,4085.8000,4085.0000,4084.8000,4091.2000,4091.8000,4092.0000,4092.2000,4092.6000,1,1,1,7,7,1,2,1,1,1
SF,IF2009,2020-03-05 09:30:38.500,4090.0000,9970,0,88333740.000,0,-,-,-,-,4090.4000,4088.8000,4088.2000,4085.8000,4085.0000,4090.8000,4091.0000,4091.2000,4091.8000,4092.0000,1,2,1,1,7,2,1,1,2,1
SF,IF2009,2020-03-05 09:30:39.000,4090.4000,9970,0,89560860.000,1,0,1,多换,S,4088.8000,4088.2000,4085.8000,4085.0000,4084.8000,4090.8000,4091.0000,4091.2000,4091.8000,4092.0000,1,1,1,7,7,2,1,1,2,1
SF,IF2009,2020-03-05 09:30:40.000,4090.4000,9970,0,89560860.000,0,-,-,-,-,4088.8000,4088.2000,4085.8000,4085.0000,4084.8000,4090.8000,4091.2000,4091.8000,4092.0000,4092.2000,1,1,1,7,7,2,1,2,1,1
SF,IF2009,2020-03-05 09:30:40.500,4090.4000,9970,0,89560860.000,0,-,-,-,-,4088.8000,4088.2000,4085.8000,4085.0000,4084.8000,4090.8000,4091.2000,4091.8000,4092.0000,4092.2000,1,1,1,7,7,2,1,2,1,1
SF,IF2009,2020-03-05 09:30:43.500,4090.4000,9970,0,89560860.000,0,-,-,-,-,4088.2000,4085.8000,4085.0000,4084.8000,4084.0000,4090.8000,4091.2000,4091.8000,4092.0000,4092.2000,5,1,7,7,1,2,1,2,1,1
SF,IF2009,2020-03-05 09:30:44.000,4090.4000,9970,0,89560860.000,0,-,-,-,-,4088.4000,4088.2000,4085.8000,4085.0000,4084.8000,4090.8000,4091.2000,4091.8000,4092.0000,4092.2000,4,5,1,7,7,2,1,2,1,1
SF,IF2009,2020-03-05 09:30:44.500,4090.4000,9970,0,89560860.000,0,-,-,-,-,4088.6000,4088.4000,4088.2000,4085.8000,4085.0000,4090.8000,4091.2000,4091.8000,4092.0000,4092.2000,1,4,5,1,7,2,1,2,1,1
SF,IF2009,2020-03-05 09:30:45.000,4090.4000,9970,0,89560860.000,0,-,-,-,-,4088.6000,4088.4000,4088.2000,4085.8000,4085.0000,4090.8000,4091.2000,4091.8000,4092.0000,4092.2000,1,2,5,1,7,2,1,2,1,1
SF,IF2009,2020-03-05 09:30:45.500,4090.8000,9971,1,90788100.000,1,1,0,双开,S,4088.6000,4088.4000,4088.2000,4085.8000,4085.0000,4090.8000,4091.2000,4091.8000,4092.0000,4092.2000,1,1,5,1,7,1,1,2,1,1
SF,IF2009,2020-03-05 09:30:46.000,4090.8000,9971,0,90788100.000,0,-,-,-,-,4088.6000,4088.2000,4085.8000,4085.0000,4084.8000,4090.6000,4090.8000,4091.8000,4092.0000,4092.2000,1,5,1,7,7,3,1,2,1,1
SF,IF2009,2020-03-05 09:30:46.500,4090.8000,9971,0,90788100.000,0,-,-,-,-,4088.6000,4088.2000,4085.8000,4085.0000,4084.8000,4089.6000,4090.6000,4090.8000,4091.8000,4092.0000,1,5,1,7,7,1,1,2,2,1
SF,IF2009,2020-03-05 09:30:47.000,4090.8000,9971,0,90788100.000,0,-,-,-,-,4088.6000,4088.2000,4085.8000,4085.0000,4084.8000,4090.2000,4090.4000,4090.6000,4091.8000,4092.0000,1,5,1,7,7,1,1,2,2,1
SF,IF2009,2020-03-05 09:30:47.500,4090.8000,9971,0,90788100.000,0,-,-,-,-,4088.6000,4088.2000,4085.8000,4085.0000,4084.8000,4090.0000,4090.2000,4090.6000,4091.8000,4092.0000,1,5,1,7,7,2,1,1,2,2
SF,IF2009,2020-03-05 09:30:48.000,4090.8000,9971,0,90788100.000,0,-,-,-,-,4088.6000,4088.2000,4085.8000,4085.0000,4084.8000,4089.6000,4090.0000,4090.6000,4091.8000,4092.0000,1,5,1,7,7,1,1,1,2,2
SF,IF2009,2020-03-05 09:30:48.500,4090.8000,9971,0,90788100.000,0,-,-,-,-,4088.2000,4085.8000,4085.0000,4084.8000,4084.0000,4089.6000,4090.0000,4090.6000,4091.8000,4092.0000,5,1,7,7,1,1,1,1,2,2
SF,IF2009,2020-03-05 09:30:49.000,4089.6000,9969,-2,94468740.000,3,0,3,多平,S,4088.2000,4085.8000,4085.0000,4084.8000,4084.0000,4088.6000,4089.6000,4090.6000,4091.8000,4092.0000,5,1,7,7,1,1,1,1,2,2
SF,IF2009,2020-03-05 09:30:49.500,4089.6000,9969,0,96922500.000,2,1,1,多换,S,4088.2000,4085.8000,4085.0000,4084.8000,4084.0000,4090.6000,4091.8000,4092.0000,4092.2000,4092.6000,5,1,7,7,1,1,2,2,1,1
SF,IF2009,2020-03-05 09:30:50.000,4089.6000,9969,0,96922500.000,0,-,-,-,-,4088.2000,4085.8000,4085.0000,4084.8000,4084.0000,4090.4000,4090.6000,4091.8000,4092.0000,4092.2000,5,1,7,7,1,1,1,2,2,1
SF,IF2009,2020-03-05 09:30:50.500,4089.6000,9969,0,96922500.000,0,-,-,-,-,4089.0000,4088.2000,4085.8000,4085.0000,4084.8000,4090.4000,4090.6000,4091.8000,4092.0000,4092.2000,1,5,1,7,7,1,2,2,2,1
SF,IF2009,2020-03-05 09:30:51.000,4089.6000,9969,0,96922500.000,0,-,-,-,-,4089.2000,4089.0000,4088.2000,4085.8000,4085.0000,4090.4000,4090.6000,4091.8000,4092.0000,4092.2000,1,1,5,1,7,1,2,2,2,1
SF,IF2009,2020-03-05 09:30:51.500,4089.6000,9969,0,96922500.000,0,-,-,-,-,4089.2000,4089.0000,4088.2000,4085.8000,4085.0000,4090.4000,4090.6000,4091.8000,4092.0000,4092.2000,1,2,5,1,7,2,2,2,2,1
SF,IF2009,2020-03-05 09:30:52.000,4090.4000,9969,0,98149620.000,1,0,1,多换,S,4089.0000,4088.2000,4085.8000,4085.0000,4084.8000,4090.4000,4090.6000,4091.8000,4092.0000,4092.2000,2,5,1,7,7,1,2,2,2,1
SF,IF2009,2020-03-05 09:30:52.500,4089.0000,9969,0,99376320.000,1,0,1,多换,S,4089.2000,4089.0000,4088.2000,4085.8000,4085.0000,4090.4000,4090.6000,4091.8000,4092.0000,4092.2000,1,1,5,1,7,1,2,2,2,1
SF,IF2009,2020-03-05 09:30:53.000,4090.4000,9970,1,100603440.000,1,1,0,双开,S,4089.2000,4089.0000,4088.2000,4085.8000,4085.0000,4090.6000,4091.8000,4092.0000,4092.2000,4092.6000,1,1,5,1,7,2,2,2,1,1
SF,IF2009,2020-03-05 09:30:53.500,4089.2000,9972,2,103057320.000,2,2,0,双开,S,4089.0000,4088.2000,4085.8000,4085.0000,4084.8000,4089.2000,4090.6000,4091.8000,4092.0000,4092.2000,1,5,1,7,7,2,2,2,2,1
SF,IF2009,2020-03-05 09:30:54.000,4089.2000,9973,1,104284080.000,1,1,0,双开,S,4089.0000,4088.2000,4085.8000,4085.0000,4084.8000,4089.2000,4090.2000,4090.6000,4091.8000,4092.0000,1,5,1,7,7,1,1,2,2,2
SF,IF2009,2020-03-05 09:30:54.500,4089.2000,9974,1,105510840.000,1,1,0,双开,S,4089.0000,4088.2000,4085.8000,4085.0000,4084.8000,4090.2000,4090.6000,4091.8000,4092.0000,4092.2000,1,5,1,7,7,1,2,2,2,1
SF,IF2009,2020-03-05 09:30:55.000,4089.2000,9974,0,105510840.000,0,-,-,-,-,4089.2000,4089.0000,4088.2000,4085.8000,4085.0000,4090.6000,4091.8000,4092.0000,4092.2000,4092.6000,2,1,5,1,7,2,2,2,1,1
SF,IF2009,2020-03-05 09:30:55.500,4089.2000,9974,0,105510840.000,0,-,-,-,-,4089.2000,4089.0000,4088.2000,4087.8000,4085.8000,4090.2000,4090.6000,4091.8000,4092.0000,4092.2000,2,1,5,1,1,2,2,2,2,1
SF,IF2009,2020-03-05 09:30:56.000,4090.0000,9974,0,106737840.000,1,0,1,多换,S,4089.2000,4089.0000,4088.2000,4087.8000,4085.8000,4090.2000,4090.6000,4091.8000,4092.0000,4092.2000,2,1,5,1,1,2,2,2,2,1
SF,IF2009,2020-03-05 09:30:56.500,4090.0000,9974,0,106737840.000,0,-,-,-,-,4089.2000,4089.0000,4088.2000,4087.8000,4085.8000,4090.2000,4090.6000,4091.8000,4092.0000,4092.2000,2,1,5,1,1,2,2,2,2,1
SF,IF2009,2020-03-05 09:30:57.000,4090.0000,9974,0,107964840.000,1,0,1,多换,S,4089.2000,4089.0000,4088.2000,4087.8000,4085.8000,4090.2000,4090.6000,4091.8000,4092.0000,4092.2000,2,1,5,1,1,2,2,2,2,1
SF,IF2009,2020-03-05 09:30:57.500,4090.2000,9973,-1,109191900.000,1,0,1,双平,S,4089.2000,4089.0000,4088.2000,4087.8000,4085.8000,4090.2000,4090.6000,4091.8000,4092.0000,4092.2000,1,1,5,1,1,1,2,2,2,1
SF,IF2009,2020-03-05 09:30:58.000,4090.2000,9973,0,109191900.000,0,-,-,-,-,4089.2000,4089.0000,4088.2000,4087.8000,4085.8000,4090.2000,4090.6000,4091.8000,4092.0000,4092.2000,1,1,5,1,1,2,2,2,2,1
SF,IF2009,2020-03-05 09:30:58.500,4089.2000,9972,-1,110418660.000,1,0,1,双平,S,4089.0000,4088.8000,4088.2000,4087.8000,4085.8000,4090.2000,4090.6000,4091.8000,4092.0000,4092.2000,1,1,5,1,1,2,2,2,2,1
SF,IF2009,2020-03-05 09:30:59.000,4090.2000,9973,1,112872780.000,2,1,1,空开,S,4089.6000,4089.0000,4088.8000,4088.2000,4087.8000,4090.0000,4090.6000,4091.8000,4092.0000,4092.2000,1,1,1,5,1,5,2,2,2,1
SF,IF2009,2020-03-05 09:30:59.500,4090.2000,9972,-1,115326900.000,2,0,2,多平,S,4089.0000,4088.8000,4088.2000,4085.8000,4085.0000,4090.0000,4090.6000,4091.8000,4092.0000,4092.2000,1,1,5,1,7,3,2,2,2,1
SF,IF2009,2020-03-05 09:31:00.000,4090.2000,9972,0,115326900.000,0,-,-,-,-,4089.2000,4089.0000,4088.8000,4088.2000,4085.8000,4090.0000,4090.6000,4091.8000,4092.0000,4092.2000,1,1,1,5,1,3,2,2,2,1
SF,IF2009,2020-03-05 09:31:00.500,4089.2000,9973,1,116553660.000,1,1,0,双开,S,4089.0000,4088.8000,4088.2000,4085.8000,4085.0000,4090.0000,4090.6000,4091.8000,4092.0000,4092.2000,1,1,5,1,7,3,2,2,2,1
SF,IF2009,2020-03-05 09:31:02.000,4089.2000,9973,0,116553660.000,0,-,-,-,-,4089.0000,4088.8000,4088.2000,4085.8000,4085.0000,4090.0000,4090.6000,4091.8000,4092.0000,4092.2000,1,1,5,1,7,4,2,2,2,1
SF,IF2009,2020-03-05 09:31:02.500,4090.0000,9973,0,117780660.000,1,0,1,多换,S,4089.2000,4089.0000,4088.8000,4088.2000,4085.8000,4090.0000,4090.6000,4091.8000,4092.0000,4092.2000,1,1,1,5,1,3,2,2,2,1
SF,IF2009,2020-03-05 09:31:03.000,4090.0000,9973,0,117780660.000,0,-,-,-,-,4089.0000,4088.8000,4088.2000,4085.8000,4085.0000,4090.0000,4090.6000,4091.8000,4092.0000,4092.2000,1,1,5,1,7,3,2,2,2,1
SF,IF2009,2020-03-05 09:31:03.500,4090.0000,9972,-1,119007660.000,1,0,1,双平,S,4089.2000,4089.0000,4088.8000,4088.2000,4085.8000,4090.0000,4090.6000,4091.8000,4092.0000,4092.2000,1,1,1,5,1,2,2,2,2,1
SF,IF2009,2020-03-05 09:31:04.000,4090.0000,9972,0,120234660.000,1,0,1,多换,S,4089.4000,4089.0000,4088.8000,4088.2000,4085.8000,4090.0000,4090.6000,4091.8000,4092.0000,4092.2000,1,1,1,5,1,1,2,2,2,1
SF,IF2009,2020-03-05 09:31:04.500,4090.0000,9973,1,122688660.000,2,1,1,空开,S,4089.4000,4089.0000,4088.8000,4088.2000,4085.8000,4090.6000,4091.8000,4092.0000,4092.6000,4093.0000,1,1,1,5,1,2,2,2,1,1
SF,IF2009,2020-03-05 09:31:05.000,4090.0000,9973,0,122688660.000,0,-,-,-,-,4089.4000,4089.0000,4088.8000,4088.2000,4087.2000,4090.6000,4091.8000,4092.0000,4092.6000,4093.0000,1,1,1,5,1,2,2,2,1,1
SF,IF2009,2020-03-05 09:31:05.500,4090.6000,9973,0,125143020.000,2,1,1,多换,S,4090.6000,4089.4000,4089.0000,4088.8000,4088.2000,4091.8000,4092.0000,4092.6000,4093.0000,4093.6000,1,1,1,1,5,2,2,1,1,1
SF,IF2009,2020-03-05 09:31:06.000,4090.6000,9973,0,125143020.000,0,-,-,-,-,4089.4000,4089.0000,4088.8000,4088.2000,4087.2000,4091.8000,4092.0000,4092.6000,4093.0000,4093.6000,1,1,1,5,1,2,2,1,1,1
SF,IF2009,2020-03-05 09:31:06.500,4090.6000,9973,0,125143020.000,0,-,-,-,-,4089.6000,4089.4000,4089.0000,4088.8000,4088.2000,4091.8000,4092.0000,4092.6000,4093.0000,4093.6000,1,1,1,1,5,2,2,1,1,1
SF,IF2009,2020-03-05 09:31:07.000,4090.6000,9973,0,125143020.000,0,-,-,-,-,4089.8000,4089.0000,4088.8000,4088.2000,4087.2000,4091.8000,4092.0000,4092.6000,4093.0000,4093.6000,1,1,1,5,1,2,2,1,1,1
SF,IF2009,2020-03-05 09:31:07.500,4091.8000,9972,-1,126370560.000,1,0,1,双平,S,4090.0000,4089.8000,4089.6000,4089.0000,4088.8000,4091.8000,4092.0000,4092.6000,4093.0000,4093.6000,1,2,1,1,1,2,2,1,1,1
SF,IF2009,2020-03-05 09:31:08.000,4091.8000,9972,0,127598100.000,1,0,1,多换,S,4090.2000,4090.0000,4089.0000,4088.8000,4088.2000,4091.8000,4092.0000,4092.6000,4093.0000,4093.6000,2,2,1,1,5,1,2,1,1,1
SF,IF2009,2020-03-05 09:31:08.500,4091.8000,9972,0,127598100.000,0,-,-,-,-,4090.4000,4090.2000,4090.0000,4089.0000,4088.8000,4091.8000,4092.0000,4092.6000,4093.0000,4093.6000,1,1,2,1,1,1,2,1,1,1
SF,IF2009,2020-03-05 09:31:09.000,4091.8000,9972,0,127598100.000,0,-,-,-,-,4090.2000,4090.0000,4089.0000,4088.8000,4088.2000,4091.8000,4092.0000,4092.6000,4093.0000,4093.6000,1,2,1,1,1,1,2,1,1,1
SF,IF2009,2020-03-05 09:31:09.500,4091.8000,9972,0,127598100.000,0,-,-,-,-,4090.2000,4090.0000,4089.0000,4088.8000,4088.2000,4091.8000,4092.0000,4092.6000,4093.0000,4093.6000,1,1,1,1,1,1,2,1,1,1
SF,IF2009,2020-03-05 09:31:10.000,4091.8000,9972,0,127598100.000,0,-,-,-,-,4090.0000,4089.0000,4088.8000,4088.2000,4087.2000,4091.8000,4092.0000,4092.6000,4093.0000,4093.6000,1,1,1,1,1,1,2,1,1,1
SF,IF2009,2020-03-05 09:31:10.500,4090.2000,9972,0,128825160.000,1,0,1,多换,S,4090.0000,4089.0000,4088.8000,4088.2000,4087.2000,4091.8000,4092.0000,4092.6000,4093.0000,4093.6000,1,1,1,1,1,1,2,1,1,1
SF,IF2009,2020-03-05 09:31:11.000,4090.2000,9972,0,128825160.000,0,-,-,-,-,4090.0000,4089.0000,4088.8000,4088.2000,4087.2000,4091.8000,4092.0000,4092.6000,4093.0000,4093.6000,1,1,1,1,1,2,2,1,1,1
SF,IF2009,2020-03-05 09:31:11.500,4090.2000,9972,0,128825160.000,0,-,-,-,-,4090.2000,4090.0000,4089.0000,4088.8000,4088.2000,4091.8000,4092.0000,4092.6000,4093.0000,4093.6000,1,1,1,1,1,2,2,1,1,1
SF,IF2009,2020-03-05 09:31:12.500,4090.2000,9972,0,128825160.000,0,-,-,-,-,4090.0000,4089.0000,4088.8000,4088.2000,4087.2000,4091.6000,4091.8000,4092.0000,4092.6000,4093.0000,1,1,1,1,1,1,2,2,1,1
SF,IF2009,2020-03-05 09:31:13.000,4090.2000,9972,0,128825160.000,0,-,-,-,-,4090.2000,4090.0000,4089.0000,4088.8000,4088.2000,4091.4000,4091.6000,4091.8000,4092.0000,4092.6000,1,1,1,1,1,1,1,3,2,1
SF,IF2009,2020-03-05 09:31:13.500,4090.0000,9971,-1,131279220.000,2,0,2,多平,S,4089.0000,4088.8000,4088.2000,4087.2000,4085.8000,4091.4000,4091.6000,4091.8000,4092.0000,4092.6000,1,1,1,1,1,1,1,4,2,1
SF,IF2009,2020-03-05 09:31:14.000,4089.0000,9970,-1,132505920.000,1,0,1,双平,S,4088.8000,4088.2000,4087.2000,4085.8000,4085.0000,4091.2000,4091.4000,4091.8000,4092.0000,4092.6000,1,1,1,1,7,1,1,4,2,1
SF,IF2009,2020-03-05 09:31:14.500,4088.8000,9970,0,133732560.000,1,0,1,多换,S,4089.0000,4088.2000,4087.2000,4085.8000,4085.0000,4091.0000,4091.2000,4091.8000,4092.0000,4092.6000,1,1,1,1,7,1,1,4,2,1
SF,IF2009,2020-03-05 09:31:15.000,4088.8000,9970,0,134959200.000,1,0,1,多换,S,4088.2000,4087.2000,4085.8000,4085.0000,4084.8000,4088.8000,4090.8000,4091.0000,4091.2000,4091.8000,1,1,1,7,7,1,1,1,1,4
SF,IF2009,2020-03-05 09:31:15.500,4088.8000,9970,0,134959200.000,0,-,-,-,-,4088.2000,4087.2000,4085.8000,4085.0000,4084.8000,4088.8000,4089.0000,4090.8000,4091.0000,4091.2000,1,1,1,7,7,2,1,1,1,1
SF,IF2009,2020-03-05 09:31:17.500,4088.8000,9970,0,134959200.000,0,-,-,-,-,4087.2000,4085.8000,4085.0000,4084.8000,4084.0000,4088.8000,4089.0000,4090.8000,4091.0000,4091.2000,1,1,7,7,1,2,1,1,1,1
SF,IF2009,2020-03-05 09:31:18.000,4088.8000,9970,0,136185840.000,1,0,1,多换,S,4087.4000,4087.2000,4085.8000,4085.0000,4084.8000,4088.8000,4089.0000,4090.8000,4091.0000,4091.2000,5,1,1,7,7,3,1,1,1,1
SF,IF2009,2020-03-05 09:31:18.500,4088.8000,9970,0,137412480.000,1,0,1,多换,S,4087.6000,4087.4000,4087.2000,4085.8000,4085.0000,4088.8000,4089.0000,4090.8000,4091.0000,4091.2000,1,5,1,1,7,2,1,1,1,1
SF,IF2009,2020-03-05 09:31:19.000,4088.8000,9969,-1,138639120.000,1,0,1,双平,S,4087.6000,4087.4000,4087.2000,4085.8000,4085.0000,4088.8000,4089.0000,4090.8000,4091.0000,4091.2000,1,1,1,1,7,1,1,1,1,1
SF,IF2009,2020-03-05 09:31:19.500,4088.8000,9969,0,138639120.000,0,-,-,-,-,4087.6000,4087.4000,4087.2000,4085.8000,4085.0000,4088.8000,4089.0000,4090.8000,4091.0000,4091.2000,1,1,1,1,7,1,1,1,1,1
SF,IF2009,2020-03-05 09:31:20.000,4088.8000,9969,0,138639120.000,0,-,-,-,-,4087.6000,4087.4000,4087.2000,4085.8000,4085.0000,4088.8000,4089.0000,4090.8000,4091.0000,4091.2000,1,1,1,1,7,1,1,1,1,1
SF,IF2009,2020-03-05 09:31:20.500,4087.6000,9970,1,139865400.000,1,1,0,双开,S,4087.2000,4085.8000,4085.0000,4084.8000,4084.0000,4087.6000,4088.8000,4089.0000,4090.8000,4091.0000,1,1,7,7,1,1,1,1,1,1
SF,IF2009,2020-03-05 09:31:21.000,4087.6000,9969,-1,141091680.000,1,0,1,双平,S,4087.2000,4085.8000,4085.0000,4084.8000,4084.0000,4088.8000,4089.0000,4090.8000,4091.0000,4091.2000,1,1,7,7,1,1,1,1,1,1
SF,IF2009,2020-03-05 09:31:21.500,4087.2000,9970,1,142317840.000,1,1,0,双开,S,4085.8000,4085.0000,4084.8000,4084.0000,4082.2000,4088.6000,4088.8000,4089.0000,4091.0000,4091.2000,1,7,7,1,1,2,1,1,1,1
SF,IF2009,2020-03-05 09:31:22.000,4087.2000,9970,0,142317840.000,0,-,-,-,-,4086.4000,4086.0000,4085.0000,4084.8000,4084.0000,4088.6000,4088.8000,4089.0000,4091.0000,4091.2000,1,5,7,7,1,1,2,1,1,1
SF,IF2009,2020-03-05 09:31:22.500,4087.2000,9970,0,142317840.000,0,-,-,-,-,4086.6000,4086.4000,4086.0000,4085.0000,4084.8000,4088.8000,4089.0000,4091.0000,4091.2000,4091.8000,2,1,4,7,7,2,1,1,1,4
SF,IF2009,2020-03-05 09:31:23.000,4087.2000,9970,0,142317840.000,0,-,-,-,-,4086.6000,4086.4000,4086.0000,4085.0000,4084.8000,4088.8000,4089.0000,4091.0000,4091.2000,4091.8000,2,1,3,7,8,2,1,1,1,4
SF,IF2009,2020-03-05 09:31:23.500,4087.2000,9970,0,142317840.000,0,-,-,-,-,4086.8000,4086.6000,4086.4000,4086.0000,4085.0000,4088.8000,4089.0000,4091.0000,4091.2000,4091.8000,1,2,1,2,7,2,1,1,1,4
SF,IF2009,2020-03-05 09:31:24.000,4087.2000,9970,0,142317840.000,0,-,-,-,-,4087.0000,4086.6000,4086.4000,4086.0000,4085.0000,4088.8000,4089.0000,4091.0000,4091.2000,4091.8000,1,1,1,2,7,2,1,1,1,4
SF,IF2009,2020-03-05 09:31:24.500,4087.2000,9968,-2,144770160.000,2,0,2,双平,S,4087.2000,4087.0000,4086.0000,4085.0000,4084.8000,4088.8000,4089.0000,4091.0000,4091.2000,4091.8000,1,2,1,7,7,2,1,1,1,4
SF,IF2009,2020-03-05 09:31:25.000,4087.2000,9968,0,144770160.000,0,-,-,-,-,4087.4000,4087.2000,4087.0000,4086.0000,4085.0000,4088.8000,4089.0000,4091.0000,4091.2000,4091.8000,1,1,1,1,7,2,1,1,1,4
SF,IF2009,2020-03-05 09:31:25.500,4087.2000,9968,0,144770160.000,0,-,-,-,-,4087.6000,4087.4000,4087.2000,4087.0000,4086.0000,4088.8000,4091.0000,4091.2000,4091.8000,4092.0000,1,1,1,1,1,2,1,1,4,3
SF,IF2009,2020-03-05 09:31:26.000,4088.8000,9969,1,145996800.000,1,1,0,双开,S,4087.8000,4087.6000,4085.0000,4084.8000,4084.0000,4088.8000,4090.4000,4091.0000,4091.2000,4091.8000,2,3,7,7,1,2,1,1,1,4
SF,IF2009,2020-03-05 09:31:26.500,4088.8000,9969,0,149676720.000,3,1,2,多换,S,4087.8000,4087.6000,4085.0000,4084.8000,4084.0000,4090.4000,4091.0000,4091.2000,4091.8000,4092.0000,2,3,7,7,1,1,1,1,4,3
SF,IF2009,2020-03-05 09:31:27.000,4088.8000,9969,0,149676720.000,0,-,-,-,-,4088.8000,4088.0000,4087.8000,4087.6000,4085.0000,4090.2000,4090.4000,4091.2000,4091.8000,4092.0000,1,4,2,2,7,1,1,1,4,3
SF,IF2009,2020-03-05 09:31:27.500,4088.8000,9970,1,150903360.000,1,1,0,双开,S,4088.0000,4087.8000,4087.6000,4085.0000,4084.8000,4090.2000,4090.4000,4091.2000,4091.8000,4092.0000,3,1,2,7,7,1,1,1,4,3
SF,IF2009,2020-03-05 09:31:28.000,4088.8000,9970,0,150903360.000,0,-,-,-,-,4088.2000,4088.0000,4087.6000,4085.0000,4084.8000,4090.2000,4090.4000,4091.2000,4091.8000,4092.0000,1,1,2,7,7,1,1,1,4,3
SF,IF2009,2020-03-05 09:31:28.500,4088.8000,9970,0,150903360.000,0,-,-,-,-,4088.4000,4088.2000,4088.0000,4087.6000,4085.0000,4090.2000,4090.4000,4091.2000,4091.8000,4092.0000,1,2,1,2,7,1,1,1,4,3
SF,IF2009,2020-03-05 09:31:29.000,4088.8000,9970,0,150903360.000,0,-,-,-,-,4088.6000,4088.4000,4088.2000,4088.0000,4087.6000,4090.2000,4090.4000,4091.2000,4091.8000,4092.0000,1,1,1,1,2,1,1,1,4,3
SF,IF2009,2020-03-05 09:31:29.500,4088.8000,9970,0,150903360.000,0,-,-,-,-,4088.6000,4088.4000,4088.2000,4088.0000,4087.6000,4090.2000,4090.4000,4091.2000,4091.8000,4092.0000,1,1,1,1,2,1,1,1,4,3
SF,IF2009,2020-03-05 09:31:30.000,4088.8000,9971,1,152130000.000,1,1,0,双开,S,4088.6000,4088.4000,4088.2000,4088.0000,4087.6000,4090.2000,4090.4000,4091.2000,4091.8000,4092.0000,1,1,1,1,2,1,1,1,4,3
SF,IF2009,2020-03-05 09:31:31.000,4088.8000,9971,0,152130000.000,0,-,-,-,-,4088.8000,4088.6000,4088.4000,4088.0000,4087.6000,4090.2000,4090.4000,4091.2000,4091.8000,4092.0000,1,1,1,1,2,1,1,1,4,3
SF,IF2009,2020-03-05 09:31:31.500,4088.8000,9971,0,152130000.000,0,-,-,-,-,4089.0000,4088.8000,4088.4000,4088.0000,4087.6000,4090.2000,4090.4000,4091.2000,4091.8000,4092.0000,1,1,1,1,2,2,1,1,4,3
SF,IF2009,2020-03-05 09:31:32.000,4088.8000,9970,-1,153356640.000,1,0,1,双平,S,4088.8000,4088.4000,4088.0000,4087.6000,4087.2000,4090.2000,4090.4000,4091.2000,4091.8000,4092.0000,1,1,1,2,1,2,1,1,4,3
SF,IF2009,2020-03-05 09:31:32.500,4088.8000,9968,-2,155809920.000,2,0,2,双平,S,4088.8000,4088.4000,4088.0000,4087.6000,4087.2000,4090.2000,4090.4000,4091.2000,4091.8000,4092.0000,1,1,1,2,1,2,1,1,4,3
SF,IF2009,2020-03-05 09:31:33.000,4089.0000,9970,2,159490740.000,3,2,1,空开,S,4088.8000,4088.4000,4088.0000,4087.6000,4087.2000,4090.4000,4091.2000,4091.8000,4092.0000,4093.0000,1,1,1,1,1,1,1,4,3,1
SF,IF2009,2020-03-05 09:31:33.500,4089.0000,9970,0,159490740.000,0,-,-,-,-,4090.2000,4089.0000,4088.8000,4088.4000,4088.0000,4090.4000,4091.2000,4091.8000,4092.0000,4093.0000,1,1,1,1,1,1,1,4,3,1
SF,IF2009,2020-03-05 09:31:34.000,4089.0000,9970,0,159490740.000,0,-,-,-,-,4090.2000,4089.0000,4088.8000,4088.4000,4088.0000,4090.4000,4091.2000,4091.8000,4092.0000,4093.0000,1,1,3,1,1,1,1,4,3,1
SF,IF2009,2020-03-05 09:31:34.500,4090.4000,9969,-1,160717860.000,1,0,1,双平,S,4090.2000,4089.0000,4088.8000,4088.4000,4088.0000,4090.4000,4091.2000,4091.8000,4092.0000,4093.0000,1,1,3,1,1,1,1,4,3,1
SF,IF2009,2020-03-05 09:31:35.000,4090.4000,9968,-1,161944980.000,1,0,1,双平,S,4090.2000,4089.0000,4088.8000,4088.4000,4088.0000,4090.4000,4091.2000,4091.8000,4092.0000,4093.0000,1,2,3,1,1,1,1,4,3,1
SF,IF2009,2020-03-05 09:31:35.500,4090.2000,9968,0,164399160.000,2,1,1,多换,S,4090.4000,4089.0000,4088.8000,4088.4000,4088.0000,4091.2000,4091.8000,4092.0000,4093.0000,4093.6000,1,3,3,1,1,1,4,3,1,1
SF,IF2009,2020-03-05 09:31:36.000,4090.2000,9968,0,165626220.000,1,0,1,多换,S,4089.0000,4088.8000,4088.4000,4088.0000,4087.6000,4091.2000,4091.8000,4092.0000,4093.0000,4093.6000,3,1,1,1,1,1,4,3,1,1
SF,IF2009,2020-03-05 09:31:36.500,4090.2000,9968,0,165626220.000,0,-,-,-,-,4089.2000,4089.0000,4088.4000,4088.0000,4087.6000,4090.4000,4091.0000,4091.2000,4091.8000,4092.0000,1,2,1,1,1,1,1,1,4,3
SF,IF2009,2020-03-05 09:31:37.000,4090.2000,9968,0,165626220.000,0,-,-,-,-,4089.0000,4088.4000,4088.0000,4087.6000,4085.0000,4090.2000,4090.4000,4091.2000,4091.8000,4092.0000,1,1,1,1,7,1,1,1,4,3
SF,IF2009,2020-03-05 09:31:37.500,4090.2000,9968,0,165626220.000,0,-,-,-,-,4090.2000,4089.0000,4088.4000,4088.0000,4087.6000,4090.4000,4091.2000,4091.8000,4092.0000,4093.0000,1,1,1,1,1,1,1,4,3,1
SF,IF2009,2020-03-05 09:31:38.000,4090.2000,9968,0,166853280.000,1,0,1,多换,S,4089.0000,4088.4000,4088.0000,4087.6000,4085.0000,4090.4000,4091.2000,4091.8000,4092.0000,4093.0000,1,1,1,1,7,2,1,4,3,1
SF,IF2009,2020-03-05 09:31:38.500,4090.2000,9968,0,166853280.000,0,-,-,-,-,4088.4000,4088.0000,4087.6000,4085.0000,4084.8000,4090.4000,4091.2000,4091.8000,4092.0000,4093.0000,1,1,1,7,7,2,1,4,3,1
SF,IF2009,2020-03-05 09:31:39.000,4090.2000,9968,0,166853280.000,0,-,-,-,-,4088.6000,4088.4000,4088.0000,4087.6000,4085.0000,4090.2000,4090.4000,4091.2000,4091.8000,4092.0000,2,1,1,1,7,1,2,1,4,3
SF,IF2009,2020-03-05 09:31:39.500,4090.2000,9968,0,166853280.000,0,-,-,-,-,4088.6000,4088.4000,4088.0000,4087.6000,4085.0000,4090.2000,4090.4000,4091.2000,4091.8000,4092.0000,1,1,1,1,7,1,2,1,4,3
SF,IF2009,2020-03-05 09:31:40.000,4090.2000,9968,0,166853280.000,0,-,-,-,-,4088.8000,4088.6000,4088.4000,4088.0000,4087.6000,4090.2000,4090.4000,4091.2000,4091.8000,4092.0000,1,1,1,1,1,2,2,1,4,3
SF,IF2009,2020-03-05 09:31:40.500,4090.2000,9968,0,166853280.000,0,-,-,-,-,4088.8000,4088.6000,4088.4000,4088.0000,4087.6000,4090.0000,4090.2000,4090.4000,4091.2000,4091.8000,1,1,1,1,1,1,2,2,1,4
SF,IF2009,2020-03-05 09:31:41.000,4090.0000,9968,0,168080280.000,1,0,1,多换,S,4088.8000,4088.6000,4088.4000,4088.0000,4087.6000,4090.2000,4090.4000,4091.2000,4091.8000,4092.0000,1,1,1,1,1,2,2,1,4,3
SF,IF2009,2020-03-05 09:31:41.500,4090.0000,9968,0,168080280.000,0,-,-,-,-,4088.8000,4088.6000,4088.4000,4088.0000,4087.6000,4090.2000,4090.4000,4091.2000,4091.8000,4092.0000,1,1,1,1,1,2,2,1,4,3
SF,IF2009,2020-03-05 09:31:42.000,4090.0000,9968,0,168080280.000,0,-,-,-,-,4088.6000,4088.4000,4088.0000,4087.6000,4085.0000,4088.8000,4090.2000,4090.4000,4091.2000,4091.8000,1,1,1,1,7,1,2,2,1,4
SF,IF2009,2020-03-05 09:31:42.500,4088.8000,9967,-1,169306920.000,1,0,1,双平,S,4088.8000,4088.0000,4087.6000,4085.0000,4084.8000,4090.2000,4090.4000,4091.2000,4091.8000,4092.0000,1,1,1,7,7,3,2,1,4,3
SF,IF2009,2020-03-05 09:31:43.000,4088.8000,9967,0,169306920.000,0,-,-,-,-,4088.0000,4087.6000,4085.0000,4084.8000,4084.0000,4090.2000,4090.4000,4091.2000,4091.8000,4092.0000,1,1,7,7,1,3,2,1,4,3
SF,IF2009,2020-03-05 09:31:43.500,4088.8000,9967,0,169306920.000,0,-,-,-,-,4088.2000,4088.0000,4087.6000,4085.0000,4084.8000,4090.2000,4090.4000,4091.2000,4091.8000,4092.0000,1,1,1,7,7,3,2,1,4,3
SF,IF2009,2020-03-05 09:31:45.000,4088.8000,9967,0,169306920.000,0,-,-,-,-,4090.0000,4088.2000,4088.0000,4087.6000,4085.0000,4090.2000,4090.4000,4091.2000,4091.8000,4092.0000,5,1,1,1,7,3,2,1,4,3
SF,IF2009,2020-03-05 09:31:45.500,4090.0000,9967,0,175441920.000,5,2,3,多换,S,4088.0000,4087.6000,4085.0000,4084.8000,4084.0000,4089.8000,4090.2000,4090.4000,4091.2000,4091.8000,1,1,7,7,1,4,2,2,1,4
SF,IF2009,2020-03-05 09:31:46.000,4090.0000,9967,0,175441920.000,0,-,-,-,-,4088.0000,4087.6000,4085.0000,4084.8000,4084.0000,4089.6000,4090.2000,4090.4000,4091.2000,4091.8000,1,1,7,7,1,1,2,2,1,4
SF,IF2009,2020-03-05 09:31:46.500,4090.0000,9967,0,175441920.000,0,-,-,-,-,4088.2000,4088.0000,4087.6000,4085.0000,4084.8000,4089.6000,4090.2000,4090.4000,4091.2000,4091.8000,1,1,1,7,7,1,2,2,1,4
SF,IF2009,2020-03-05 09:31:47.000,4090.0000,9967,0,175441920.000,0,-,-,-,-,4088.4000,4088.2000,4088.0000,4087.6000,4085.0000,4089.6000,4090.2000,4090.4000,4091.2000,4091.8000,1,1,1,1,7,1,2,2,1,4
SF,IF2009,2020-03-05 09:31:47.500,4090.0000,9967,0,175441920.000,0,-,-,-,-,4088.6000,4088.4000,4088.0000,4087.6000,4085.0000,4089.6000,4090.2000,4090.4000,4091.2000,4091.8000,1,1,1,1,7,2,2,2,1,4
SF,IF2009,2020-03-05 09:31:48.000,4090.0000,9967,0,175441920.000,0,-,-,-,-,4088.0000,4087.6000,4085.0000,4084.8000,4084.0000,4089.6000,4090.2000,4090.4000,4091.2000,4091.8000,1,1,7,7,1,2,2,2,1,4
SF,IF2009,2020-03-05 09:31:48.500,4090.0000,9967,0,175441920.000,0,-,-,-,-,4088.2000,4088.0000,4087.6000,4085.0000,4084.8000,4089.6000,4090.2000,4090.4000,4091.2000,4091.8000,1,1,1,7,2,2,2,2,1,4
SF,IF2009,2020-03-05 09:31:49.500,4090.0000,9967,0,175441920.000,0,-,-,-,-,4088.2000,4088.0000,4087.6000,4085.0000,4084.8000,4089.6000,4090.0000,4090.2000,4090.4000,4091.2000,1,1,1,7,2,2,1,2,2,1
SF,IF2009,2020-03-05 09:31:50.500,4090.0000,9967,0,175441920.000,0,-,-,-,-,4087.6000,4085.0000,4084.8000,4084.0000,4081.8000,4089.6000,4090.0000,4090.2000,4090.4000,4091.2000,1,7,2,1,1,2,1,2,2,1
SF,IF2009,2020-03-05 09:31:51.000,4090.0000,9967,0,175441920.000,0,-,-,-,-,4087.8000,4087.6000,4085.0000,4084.8000,4084.0000,4089.6000,4090.0000,4090.2000,4090.4000,4091.2000,1,1,7,2,1,2,1,2,2,1
SF,IF2009,2020-03-05 09:31:51.500,4090.0000,9967,0,175441920.000,0,-,-,-,-,4088.6000,4087.6000,4085.0000,4084.8000,4084.0000,4089.0000,4089.2000,4089.6000,4090.0000,4090.2000,1,1,7,2,1,1,1,3,1,2
SF,IF2009,2020-03-05 09:31:52.000,4088.6000,9967,0,176668500.000,1,0,1,多换,S,4087.6000,4085.0000,4084.8000,4084.0000,4081.8000,4089.6000,4090.0000,4090.2000,4090.4000,4091.2000,1,7,2,1,1,3,1,2,2,1
SF,IF2009,2020-03-05 09:31:52.500,4088.6000,9967,0,176668500.000,0,-,-,-,-,4087.6000,4085.0000,4084.8000,4084.0000,4081.8000,4089.0000,4089.6000,4090.0000,4090.2000,4090.4000,1,7,2,1,1,1,3,1,2,2
SF,IF2009,2020-03-05 09:31:53.000,4088.6000,9967,0,176668500.000,0,-,-,-,-,4085.0000,4084.8000,4084.0000,4081.8000,4080.0000,4088.8000,4089.6000,4090.0000,4090.2000,4090.4000,7,2,1,1,5,1,2,1,2,2
SF,IF2009,2020-03-05 09:31:53.500,4088.6000,9967,0,176668500.000,0,-,-,-,-,4089.0000,4086.4000,4085.8000,4085.2000,4085.0000,4089.6000,4090.0000,4090.2000,4090.4000,4091.2000,1,1,1,5,10,2,1,2,2,1
SF,IF2009,2020-03-05 09:31:54.000,4089.0000,9967,0,177895200.000,1,0,1,多换,S,4086.4000,4085.8000,4085.2000,4085.0000,4084.8000,4089.6000,4090.0000,4090.2000,4090.4000,4091.2000,1,1,4,10,2,2,1,2,2,1
SF,IF2009,2020-03-05 09:31:54.500,4089.0000,9967,0,177895200.000,0,-,-,-,-,4086.6000,4086.4000,4085.8000,4085.2000,4085.0000,4089.0000,4089.4000,4089.6000,4090.0000,4090.2000,3,1,1,3,10,1,1,2,1,2
SF,IF2009,2020-03-05 09:31:55.000,4089.0000,9967,0,177895200.000,0,-,-,-,-,4086.8000,4086.6000,4086.4000,4085.8000,4085.2000,4088.8000,4089.0000,4089.6000,4090.0000,4090.2000,1,3,1,1,1,1,1,2,1,2
SF,IF2009,2020-03-05 09:31:55.500,4089.0000,9967,0,177895200.000,0,-,-,-,-,4087.0000,4086.8000,4086.4000,4085.8000,4085.2000,4088.8000,4089.0000,4089.6000,4090.0000,4090.2000,1,1,1,1,1,1,1,2,1,2
SF,IF2009,2020-03-05 09:31:56.000,4089.0000,9967,0,177895200.000,0,-,-,-,-,4087.2000,4087.0000,4086.8000,4086.4000,4085.8000,4088.8000,4089.0000,4089.6000,4090.0000,4090.2000,1,1,1,1,1,1,1,2,1,2
SF,IF2009,2020-03-05 09:31:56.500,4089.0000,9967,0,179121900.000,1,0,1,多换,S,4087.4000,4086.8000,4086.4000,4085.8000,4085.2000,4089.0000,4089.6000,4090.0000,4090.2000,4090.4000,1,1,1,1,1,1,2,1,2,2
SF,IF2009,2020-03-05 09:31:57.000,4089.0000,9967,0,179121900.000,0,-,-,-,-,4088.8000,4087.6000,4087.4000,4086.8000,4086.4000,4089.0000,4089.6000,4090.0000,4090.2000,4090.4000,1,1,1,1,1,1,2,1,2,2
SF,IF2009,2020-03-05 09:31:57.500,4088.8000,9967,0,180348540.000,1,0,1,多换,S,4086.8000,4086.4000,4085.8000,4085.2000,4085.0000,4087.4000,4088.6000,4089.0000,4089.6000,4090.0000,1,1,1,1,10,1,4,1,2,1
SF,IF2009,2020-03-05 09:31:58.000,4087.4000,9966,-1,181574760.000,1,0,1,双平,S,4086.8000,4086.4000,4085.8000,4085.2000,4085.0000,4089.0000,4089.6000,4090.0000,4090.2000,4090.4000,1,1,1,1,10,1,2,2,2,2
SF,IF2009,2020-03-05 09:31:58.500,4087.4000,9966,0,181574760.000,0,-,-,-,-,4087.8000,4087.0000,4086.8000,4086.4000,4085.8000,4089.0000,4089.2000,4089.6000,4090.0000,4090.2000,1,2,1,1,1,1,1,2,2,2
SF,IF2009,2020-03-05 09:31:59.000,4087.8000,9965,-1,182801100.000,1,0,1,双平,S,4087.0000,4086.8000,4086.4000,4085.8000,4085.2000,4088.8000,4089.0000,4089.2000,4089.6000,4090.0000,1,1,1,1,1,1,1,1,2,2
SF,IF2009,2020-03-05 09:31:59.500,4087.8000,9965,0,182801100.000,0,-,-,-,-,4087.2000,4087.0000,4086.8000,4086.4000,4085.8000,4089.0000,4089.2000,4089.6000,4090.0000,4090.2000,1,1,1,1,1,1,1,2,2,2
SF,IF2009,2020-03-05 09:32:00.000,4087.4000,9966,1,184027320.000,1,1,0,双开,S,4087.4000,4087.2000,4087.0000,4086.8000,4086.4000,4089.0000,4089.2000,4089.6000,4090.0000,4090.2000,1,1,1,1,1,1,1,2,2,2
SF,IF2009,2020-03-05 09:32:00.500,4087.4000,9966,0,184027320.000,0,-,-,-,-,4087.0000,4086.8000,4086.4000,4085.8000,4085.2000,4088.8000,4089.0000,4089.2000,4089.6000,4090.0000,1,1,1,1,1,1,2,1,2,2
SF,IF2009,2020-03-05 09:32:01.000,4087.4000,9966,0,184027320.000,0,-,-,-,-,4087.2000,4086.8000,4086.4000,4085.8000,4085.2000,4088.8000,4089.0000,4089.2000,4089.6000,4090.0000,1,1,1,1,1,1,2,1,2,2
SF,IF2009,2020-03-05 09:32:01.500,4087.4000,9966,0,184027320.000,0,-,-,-,-,4087.2000,4086.8000,4086.4000,4085.8000,4085.2000,4089.0000,4089.2000,4089.6000,4090.0000,4090.2000,1,1,1,1,1,2,1,2,2,2
SF,IF2009,2020-03-05 09:32:02.000,4087.4000,9966,0,184027320.000,0,-,-,-,-,4087.2000,4086.8000,4086.4000,4085.8000,4085.2000,4088.8000,4089.0000,4089.2000,4089.6000,4090.0000,1,1,1,1,1,1,2,1,2,2
SF,IF2009,2020-03-05 09:32:03.000,4087.4000,9966,0,184027320.000,0,-,-,-,-,4087.2000,4086.8000,4086.4000,4085.8000,4085.2000,4088.8000,4089.0000,4089.2000,4089.6000,4090.0000,1,1,1,1,1,1,2,1,2,3
SF,IF2009,2020-03-05 09:32:03.500,4087.4000,9966,0,184027320.000,0,-,-,-,-,4087.4000,4087.2000,4086.8000,4086.4000,4085.8000,4089.0000,4089.2000,4089.6000,4090.0000,4090.2000,1,1,1,1,1,2,1,2,3,2
SF,IF2009,2020-03-05 09:32:04.000,4087.4000,9966,0,184027320.000,0,-,-,-,-,4087.6000,4087.4000,4087.2000,4086.8000,4086.4000,4089.0000,4089.2000,4089.6000,4090.0000,4090.2000,1,2,1,1,1,2,1,2,3,2
SF,IF2009,2020-03-05 09:32:04.500,4087.4000,9966,0,184027320.000,0,-,-,-,-,4087.8000,4087.4000,4087.2000,4086.8000,4086.4000,4089.0000,4089.2000,4089.6000,4090.0000,4090.2000,1,1,1,1,1,3,1,2,3,2
SF,IF2009,2020-03-05 09:32:05.000,4087.4000,9966,0,184027320.000,0,-,-,-,-,4087.2000,4086.8000,4086.4000,4085.8000,4085.2000,4089.0000,4089.2000,4089.6000,4090.0000,4090.2000,1,1,1,1,1,3,1,2,3,2
SF,IF2009,2020-03-05 09:32:05.500,4087.4000,9966,0,184027320.000,0,-,-,-,-,4087.4000,4087.2000,4086.8000,4086.4000,4085.8000,4089.0000,4089.2000,4089.6000,4090.0000,4090.2000,1,1,1,1,1,3,1,2,3,2
SF,IF2009,2020-03-05 09:32:06.000,4087.4000,9966,0,184027320.000,0,-,-,-,-,4087.6000,4087.2000,4086.8000,4086.4000,4085.8000,4089.0000,4089.2000,4089.6000,4090.0000,4090.2000,1,1,1,1,1,3,1,2,3,2
SF,IF2009,2020-03-05 09:32:06.500,4087.4000,9966,0,184027320.000,0,-,-,-,-,4087.8000,4087.6000,4087.2000,4086.8000,4086.4000,4089.0000,4089.2000,4089.6000,4090.0000,4090.2000,1,2,1,1,1,3,1,2,3,2
SF,IF2009,2020-03-05 09:32:07.000,4089.0000,9965,-1,186480720.000,2,0,2,多平,S,4088.0000,4087.8000,4087.6000,4087.2000,4086.8000,4089.0000,4089.2000,4089.6000,4090.0000,4090.2000,1,1,1,1,1,1,1,2,3,2
SF,IF2009,2020-03-05 09:32:07.500,4089.0000,9965,0,188934120.000,2,1,1,多换,S,4088.2000,4088.0000,4087.6000,4087.2000,4086.8000,4089.2000,4089.6000,4090.0000,4090.2000,4090.4000,1,1,1,1,1,1,2,3,2,2
SF,IF2009,2020-03-05 09:32:08.000,4089.0000,9965,0,191387580.000,2,1,1,多换,S,4088.4000,4088.2000,4087.6000,4087.2000,4086.8000,4089.6000,4090.0000,4090.2000,4090.4000,4091.2000,1,1,1,1,1,2,3,2,2,1
SF,IF2009,2020-03-05 09:32:08.500,4089.0000,9965,0,191387580.000,0,-,-,-,-,4088.2000,4087.6000,4087.2000,4086.8000,4086.4000,4089.6000,4090.0000,4090.2000,4090.4000,4091.2000,1,1,1,1,1,2,3,2,2,1
SF,IF2009,2020-03-05 09:32:09.000,4089.0000,9965,0,191387580.000,0,-,-,-,-,4088.4000,4088.2000,4087.6000,4087.2000,4086.8000,4089.6000,4090.0000,4090.2000,4090.4000,4091.2000,1,1,1,1,1,2,3,2,2,1
SF,IF2009,2020-03-05 09:32:09.500,4089.0000,9965,0,191387580.000,0,-,-,-,-,4088.6000,4088.4000,4087.6000,4087.2000,4086.8000,4089.6000,4090.0000,4090.2000,4090.4000,4091.2000,1,1,1,1,1,2,3,2,2,1
SF,IF2009,2020-03-05 09:32:10.000,4089.6000,9966,1,195068220.000,3,2,1,空开,S,4088.8000,4088.6000,4088.4000,4087.6000,4087.2000,4089.0000,4090.0000,4090.2000,4090.4000,4091.2000,1,2,1,1,1,9,3,2,2,1
SF,IF2009,2020-03-05 09:32:10.500,4089.0000,9970,4,206108520.000,9,6,3,空开,S,4088.8000,4088.6000,4088.4000,4087.6000,4087.2000,4090.0000,4090.2000,4090.4000,4091.2000,4091.8000,1,2,1,1,1,3,2,2,1,4
SF,IF2009,2020-03-05 09:32:11.000,4090.0000,9968,-2,208562520.000,2,0,2,双平,S,4089.0000,4088.8000,4088.4000,4087.6000,4087.2000,4089.6000,4090.0000,4090.2000,4090.4000,4091.2000,3,2,1,1,1,1,1,2,2,1
SF,IF2009,2020-03-05 09:32:11.500,4089.6000,9968,0,209789400.000,1,0,1,多换,S,4089.4000,4089.0000,4088.8000,4088.4000,4087.6000,4090.0000,4090.2000,4090.4000,4091.2000,4091.8000,1,3,3,1,1,1,2,2,1,4
SF,IF2009,2020-03-05 09:32:12.000,4089.6000,9968,0,209789400.000,0,-,-,-,-,4089.4000,4089.0000,4088.4000,4087.6000,4087.2000,4090.0000,4090.2000,4090.4000,4091.2000,4091.8000,1,2,1,1,1,1,2,2,1,4
SF,IF2009,2020-03-05 09:32:12.500,4090.0000,9967,-1,212243220.000,2,0,2,多平,S,4089.0000,4088.4000,4087.6000,4087.2000,4086.8000,4090.2000,4090.4000,4091.2000,4091.8000,4092.0000,2,1,1,1,1,2,2,1,4,2
SF,IF2009,2020-03-05 09:32:13.000,4090.0000,9967,0,212243220.000,0,-,-,-,-,4090.0000,4089.0000,4088.4000,4087.6000,4087.2000,4090.2000,4090.4000,4091.2000,4091.8000,4092.0000,1,2,1,1,1,2,2,1,4,2
SF,IF2009,2020-03-05 09:32:13.500,4090.0000,9967,0,213470220.000,1,0,1,多换,S,4089.0000,4087.6000,4087.2000,4086.8000,4086.4000,4090.2000,4090.4000,4091.2000,4091.8000,4092.0000,2,1,1,1,1,2,2,1,4,2
SF,IF2009,2020-03-05 09:32:14.000,4090.0000,9967,0,213470220.000,0,-,-,-,-,4089.0000,4087.6000,4087.2000,4086.8000,4086.4000,4090.0000,4090.2000,4090.4000,4091.2000,4091.8000,1,1,1,1,1,1,2,2,1,4
SF,IF2009,2020-03-05 09:32:14.500,4090.0000,9967,0,214697220.000,1,0,1,多换,S,4089.0000,4087.6000,4087.2000,4086.8000,4086.4000,4090.0000,4090.2000,4090.4000,4091.2000,4091.8000,1,1,1,1,1,1,2,2,1,4
SF,IF2009,2020-03-05 09:32:15.000,4090.0000,9967,0,215924220.000,1,0,1,多换,S,4090.0000,4089.0000,4087.6000,4087.2000,4086.8000,4090.2000,4090.4000,4091.2000,4091.8000,4092.0000,4,1,1,1,1,3,2,1,4,2
SF,IF2009,2020-03-05 09:32:15.500,4090.0000,9971,4,220832220.000,4,4,0,双开,S,4089.0000,4087.6000,4087.2000,4086.8000,4086.4000,4090.2000,4090.4000,4091.2000,4091.8000,4092.0000,1,1,1,1,1,3,2,1,4,2
SF,IF2009,2020-03-05 09:32:16.500,4090.0000,9971,0,220832220.000,0,-,-,-,-,4089.0000,4087.6000,4087.2000,4086.8000,4086.4000,4089.8000,4090.2000,4090.4000,4091.2000,4091.8000,1,1,1,1,1,1,3,2,1,4
SF,IF2009,2020-03-05 09:32:17.000,4089.8000,9971,0,222059160.000,1,0,1,多换,S,4089.0000,4087.6000,4087.2000,4086.8000,4086.4000,4090.2000,4090.4000,4091.2000,4091.8000,4092.0000,1,1,1,1,1,3,2,1,4,2
SF,IF2009,2020-03-05 09:32:17.500,4089.8000,9971,0,222059160.000,0,-,-,-,-,4089.0000,4087.6000,4087.2000,4086.8000,4086.4000,4090.2000,4090.4000,4091.2000,4091.8000,4092.0000,1,1,1,1,1,3,2,1,4,2
SF,IF2009,2020-03-05 09:32:19.000,4089.8000,9971,0,222059160.000,0,-,-,-,-,4089.0000,4088.8000,4087.6000,4087.2000,4086.8000,4089.4000,4090.2000,4090.4000,4091.2000,4091.8000,1,4,1,1,1,10,3,2,1,4
SF,IF2009,2020-03-05 09:32:19.500,4089.4000,9972,1,223285980.000,1,1,0,双开,S,4089.0000,4088.8000,4087.6000,4087.2000,4086.8000,4089.4000,4090.2000,4090.4000,4091.2000,4091.8000,1,4,1,1,1,9,3,2,1,4
SF,IF2009,2020-03-05 09:32:20.000,4089.4000,9973,1,224512800.000,1,1,0,双开,S,4089.0000,4088.8000,4087.6000,4087.2000,4086.8000,4089.4000,4090.2000,4090.4000,4091.2000,4091.8000,1,4,1,1,1,8,3,2,1,4
SF,IF2009,2020-03-05 09:32:20.500,4089.2000,9972,-1,226966260.000,2,0,2,多平,S,4088.8000,4087.6000,4087.2000,4086.8000,4086.4000,4089.4000,4090.2000,4090.4000,4091.2000,4091.8000,4,1,1,1,1,8,3,2,1,4
SF,IF2009,2020-03-05 09:32:21.000,4088.8000,9972,0,231872820.000,4,2,2,多换,S,4087.6000,4087.2000,4086.8000,4086.4000,4085.8000,4089.4000,4090.2000,4090.4000,4091.2000,4091.8000,1,1,1,1,1,9,3,2,1,4
SF,IF2009,2020-03-05 09:32:21.500,4088.8000,9972,0,231872820.000,0,-,-,-,-,4087.8000,4087.6000,4087.2000,4086.8000,4086.4000,4089.4000,4090.2000,4090.4000,4091.2000,4091.8000,1,2,1,1,1,9,3,2,1,4
SF,IF2009,2020-03-05 09:32:22.000,4088.8000,9972,0,231872820.000,0,-,-,-,-,4087.8000,4087.6000,4087.2000,4086.8000,4086.4000,4089.2000,4089.4000,4090.2000,4090.4000,4091.2000,1,2,1,1,1,1,9,3,2,2
SF,IF2009,2020-03-05 09:32:22.500,4088.8000,9972,0,231872820.000,0,-,-,-,-,4088.0000,4087.8000,4087.6000,4087.2000,4086.8000,4089.2000,4089.4000,4090.2000,4090.4000,4091.2000,1,1,2,1,1,1,9,3,2,2
SF,IF2009,2020-03-05 09:32:23.000,4088.8000,9972,0,231872820.000,0,-,-,-,-,4088.2000,4088.0000,4087.6000,4087.2000,4086.8000,4089.2000,4089.4000,4090.2000,4090.4000,4091.2000,1,1,1,1,1,1,9,3,2,2
SF,IF2009,2020-03-05 09:32:24.000,4088.2000,9973,1,233099280.000,1,1,0,双开,S,4088.0000,4087.6000,4087.2000,4086.8000,4086.4000,4089.2000,4089.4000,4090.2000,4090.4000,4091.2000,1,1,1,1,1,1,9,3,2,2
SF,IF2009,2020-03-05 09:32:24.500,4088.2000,9973,0,233099280.000,0,-,-,-,-,4087.6000,4087.2000,4086.8000,4086.4000,4085.8000,4089.2000,4089.4000,4090.2000,4090.4000,4091.2000,1,1,1,1,1,1,9,3,2,2
SF,IF2009,2020-03-05 09:32:25.000,4088.2000,9973,0,233099280.000,0,-,-,-,-,4087.6000,4087.2000,4086.8000,4086.4000,4085.8000,4089.2000,4089.4000,4090.2000,4090.4000,4091.2000,1,1,1,1,1,1,9,3,2,2
SF,IF2009,2020-03-05 09:32:25.500,4088.2000,9973,0,233099280.000,0,-,-,-,-,4087.6000,4087.2000,4086.8000,4086.4000,4085.8000,4089.2000,4089.4000,4090.2000,4090.4000,4091.2000,2,1,1,1,1,1,9,3,2,2
SF,IF2009,2020-03-05 09:32:26.000,4088.2000,9973,0,233099280.000,0,-,-,-,-,4087.6000,4087.2000,4086.8000,4086.4000,4085.8000,4089.2000,4089.4000,4090.2000,4090.4000,4091.2000,2,1,1,1,1,1,9,3,2,2
SF,IF2009,2020-03-05 09:32:26.500,4089.2000,9974,1,234326040.000,1,1,0,双开,S,4087.8000,4087.6000,4087.2000,4086.8000,4086.4000,4089.2000,4089.4000,4090.2000,4090.4000,4091.2000,1,2,1,1,1,1,9,3,12,2
SF,IF2009,2020-03-05 09:32:27.000,4089.2000,9974,0,235552800.000,1,0,1,多换,S,4089.2000,4088.0000,4087.8000,4087.6000,4087.2000,4089.4000,4090.2000,4090.4000,4091.2000,4091.8000,1,2,1,2,1,9,3,12,2,4
SF,IF2009,2020-03-05 09:32:27.500,4089.4000,9975,1,239233200.000,3,2,1,空开,S,4088.0000,4087.8000,4087.6000,4087.2000,4086.8000,4089.4000,4090.2000,4090.4000,4091.2000,4091.8000,2,1,2,2,1,7,3,12,2,4
SF,IF2009,2020-03-05 09:32:28.000,4089.4000,9976,1,240460020.000,1,1,0,双开,S,4088.0000,4087.6000,4087.2000,4086.8000,4086.4000,4089.4000,4090.2000,4090.4000,4091.2000,4091.8000,2,2,2,1,1,6,3,12,2,4
SF,IF2009,2020-03-05 09:32:28.500,4089.4000,9977,1,241686840.000,1,1,0,双开,S,4088.2000,4088.0000,4087.6000,4087.2000,4086.8000,4089.4000,4090.2000,4090.4000,4091.2000,4091.8000,1,2,2,2,1,5,3,12,2,4
SF,IF2009,2020-03-05 09:32:29.000,4089.4000,9977,0,241686840.000,0,-,-,-,-,4088.4000,4088.2000,4088.0000,4087.6000,4087.2000,4089.4000,4090.2000,4090.4000,4091.2000,4091.8000,1,1,1,1,2,5,3,12,2,4
SF,IF2009,2020-03-05 09:32:29.500,4089.4000,9977,0,242913660.000,1,0,1,多换,S,4088.4000,4088.2000,4088.0000,4087.6000,4087.2000,4089.4000,4090.2000,4090.4000,4091.2000,4091.8000,1,1,1,1,2,5,3,12,2,4
SF,IF2009,2020-03-05 09:32:30.000,4089.4000,9978,1,247820700.000,4,2,2,空开,S,4088.4000,4088.2000,4088.0000,4087.6000,4087.2000,4089.4000,4090.2000,4090.4000,4091.2000,4091.8000,1,1,1,1,2,2,3,12,2,4
SF,IF2009,2020-03-05 09:32:30.500,4089.4000,9978,0,250274340.000,2,1,1,多换,S,4089.4000,4088.6000,4088.4000,4088.2000,4088.0000,4090.2000,4090.4000,4091.2000,4091.8000,4092.0000,1,1,1,1,1,3,12,2,4,2
SF,IF2009,2020-03-05 09:32:31.000,4089.4000,9978,0,251501160.000,1,0,1,多换,S,4088.6000,4088.4000,4088.2000,4088.0000,4087.6000,4090.0000,4090.2000,4090.4000,4091.2000,4091.8000,1,1,1,1,1,1,3,12,2,4
SF,IF2009,2020-03-05 09:32:31.500,4089.4000,9978,0,251501160.000,0,-,-,-,-,4088.8000,4088.6000,4088.4000,4088.2000,4088.0000,4090.0000,4090.2000,4090.4000,4091.2000,4091.8000,1,1,1,1,1,1,3,12,2,4
SF,IF2009,2020-03-05 09:32:32.000,4089.4000,9978,0,251501160.000,0,-,-,-,-,4090.0000,4089.0000,4088.8000,4088.6000,4088.4000,4090.2000,4090.4000,4091.2000,4091.8000,4092.0000,1,1,1,1,1,3,12,2,4,2
SF,IF2009,2020-03-05 09:32:32.500,4089.8000,9978,0,252728100.000,1,0,1,多换,S,4089.0000,4088.8000,4088.6000,4088.4000,4088.2000,4090.2000,4090.4000,4091.2000,4091.8000,4092.0000,1,1,1,1,1,3,12,2,4,2
SF,IF2009,2020-03-05 09:32:33.000,4090.2000,9979,1,253955160.000,1,1,0,双开,S,4089.4000,4089.2000,4089.0000,4088.8000,4088.6000,4090.2000,4090.4000,4091.2000,4091.8000,4092.0000,1,1,2,2,1,2,12,2,4,2
SF,IF2009,2020-03-05 09:32:33.500,4090.2000,9979,0,253955160.000,0,-,-,-,-,4089.2000,4089.0000,4088.8000,4088.6000,4088.4000,4090.2000,4090.4000,4091.2000,4091.8000,4092.0000,1,1,1,1,1,2,12,2,4,2
SF,IF2009,2020-03-05 09:32:34.000,4090.2000,9979,0,253955160.000,0,-,-,-,-,4089.4000,4089.2000,4089.0000,4088.8000,4088.6000,4090.2000,4090.4000,4091.2000,4091.8000,4092.0000,1,1,1,1,1,2,12,2,4,2
SF,IF2009,2020-03-05 09:32:34.500,4090.4000,9978,-1,257636400.000,3,1,2,多平,S,4089.4000,4089.2000,4089.0000,4088.8000,4088.6000,4090.4000,4091.2000,4091.8000,4092.0000,4093.6000,1,1,1,1,1,11,2,4,2,1
SF,IF2009,2020-03-05 09:32:35.000,4090.4000,9978,0,257636400.000,0,-,-,-,-,4090.2000,4089.6000,4089.4000,4089.2000,4088.8000,4090.4000,4091.2000,4091.8000,4092.0000,4093.6000,1,2,1,1,1,11,2,4,2,1
SF,IF2009,2020-03-05 09:32:35.500,4090.4000,9978,0,271134720.000,11,5,6,多换,S,4090.2000,4089.6000,4089.4000,4089.2000,4088.8000,4091.2000,4091.8000,4092.0000,4093.6000,4094.0000,1,3,1,1,1,2,4,2,1,1
SF,IF2009,2020-03-05 09:32:36.000,4090.4000,9978,0,271134720.000,0,-,-,-,-,4089.6000,4089.2000,4088.8000,4088.6000,4088.4000,4091.2000,4091.8000,4092.0000,4093.6000,4094.0000,2,1,1,1,1,2,4,2,1,1
SF,IF2009,2020-03-05 09:32:36.500,4091.2000,9977,-1,273589440.000,2,0,2,多平,S,4091.2000,4090.6000,4090.4000,4089.8000,4089.6000,4091.8000,4092.0000,4093.6000,4094.0000,4095.0000,1,1,1,1,3,4,2,1,1,1
SF,IF2009,2020-03-05 09:32:37.000,4091.2000,9977,0,273589440.000,0,-,-,-,-,4090.6000,4090.4000,4089.8000,4089.6000,4089.2000,4091.8000,4092.0000,4094.0000,4095.0000,4098.8000,1,1,2,3,1,4,2,1,1,1
SF,IF2009,2020-03-05 09:32:37.500,4091.8000,9978,1,274816980.000,1,1,0,双开,S,4090.8000,4090.6000,4090.4000,4089.8000,4089.6000,4091.8000,4092.0000,4094.0000,4095.0000,4098.8000,1,1,1,2,3,3,2,1,1,1
SF,IF2009,2020-03-05 09:32:38.000,4091.8000,9978,0,274816980.000,0,-,-,-,-,4090.6000,4090.4000,4089.8000,4089.6000,4089.2000,4091.8000,4092.0000,4094.0000,4095.0000,4098.8000,1,1,1,3,1,3,2,1,1,1
SF,IF2009,2020-03-05 09:32:38.500,4091.8000,9978,0,274816980.000,0,-,-,-,-,4090.8000,4090.6000,4089.8000,4089.6000,4089.2000,4091.8000,4092.0000,4094.0000,4095.0000,4098.8000,1,1,1,2,1,3,2,1,1,1
SF,IF2009,2020-03-05 09:32:39.000,4091.8000,9978,0,274816980.000,0,-,-,-,-,4091.0000,4090.8000,4090.6000,4089.8000,4089.6000,4091.8000,4092.0000,4094.0000,4095.0000,4098.8000,1,1,1,1,2,3,2,1,1,1
SF,IF2009,2020-03-05 09:32:39.500,4091.8000,9978,0,276044520.000,1,0,1,多换,S,4091.2000,4091.0000,4089.8000,4089.6000,4089.2000,4091.8000,4092.0000,4094.0000,4095.0000,4098.8000,1,1,1,2,1,2,2,1,1,1
SF,IF2009,2020-03-05 09:32:40.000,4091.8000,9978,0,276044520.000,0,-,-,-,-,4091.6000,4091.2000,4091.0000,4089.8000,4089.6000,4091.8000,4092.0000,4094.0000,4095.0000,4098.8000,1,1,1,1,2,2,2,1,1,1
SF,IF2009,2020-03-05 09:32:40.500,4091.6000,9977,-1,277272000.000,1,0,1,双平,S,4091.2000,4091.0000,4089.8000,4089.6000,4089.2000,4091.8000,4092.0000,4094.0000,4095.0000,4098.8000,1,1,1,2,1,2,2,1,1,1
SF,IF2009,2020-03-05 09:32:41.000,4091.8000,9978,1,279727080.000,2,1,1,空开,S,4091.8000,4091.4000,4091.2000,4091.0000,4089.8000,4092.0000,4094.0000,4095.0000,4098.8000,4099.0000,9,1,1,1,1,2,1,1,1,8
SF,IF2009,2020-03-05 09:32:41.500,4092.0000,9977,-1,282182280.000,2,0,2,多平,S,4091.8000,4089.8000,4089.6000,4089.2000,4088.8000,4094.0000,4095.0000,4098.8000,4099.0000,4099.2000,9,1,2,1,1,1,1,1,8,1
SF,IF2009,2020-03-05 09:32:42.000,4092.0000,9977,0,282182280.000,0,-,-,-,-,4092.2000,4091.8000,4089.8000,4089.6000,4089.2000,4093.6000,4093.8000,4094.0000,4095.0000,4098.8000,1,9,1,2,1,1,1,1,1,1
SF,IF2009,2020-03-05 09:32:42.500,4091.8000,9986,9,294457740.000,10,9,1,空开,S,4089.8000,4089.6000,4089.2000,4088.8000,4088.6000,4093.8000,4094.0000,4095.0000,4098.8000,4099.0000,1,2,1,1,1,1,2,1,1,8
SF,IF2009,2020-03-05 09:32:43.000,4091.8000,9986,0,294457740.000,0,-,-,-,-,4092.0000,4090.0000,4089.8000,4089.6000,4089.2000,4093.8000,4094.0000,4095.0000,4098.8000,4099.0000,1,2,1,2,1,1,2,1,1,8
SF,IF2009,2020-03-05 09:32:43.500,4091.8000,9986,0,294457740.000,0,-,-,-,-,4092.0000,4090.0000,4089.8000,4089.6000,4089.2000,4093.6000,4093.8000,4094.0000,4095.0000,4098.8000,1,2,1,2,1,1,1,2,1,1
SF,IF2009,2020-03-05 09:32:44.000,4093.4000,9986,0,295685760.000,1,0,1,多换,S,4092.0000,4090.0000,4089.8000,4089.6000,4089.2000,4093.4000,4093.6000,4094.0000,4095.0000,4098.8000,1,2,1,2,1,1,1,2,1,1
SF,IF2009,2020-03-05 09:32:44.500,4094.0000,9986,0,296913960.000,1,0,1,多换,S,4092.2000,4092.0000,4090.0000,4089.8000,4089.6000,4094.0000,4095.0000,4098.8000,4099.0000,4099.2000,1,1,1,1,2,1,1,1,8,1
SF,IF2009,2020-03-05 09:32:45.000,4094.0000,9986,0,296913960.000,0,-,-,-,-,4093.6000,4092.2000,4092.0000,4090.4000,4089.8000,4094.0000,4095.0000,4098.8000,4099.0000,4099.2000,2,1,1,1,1,1,1,1,8,1
SF,IF2009,2020-03-05 09:32:45.500,4093.6000,9986,0,299370120.000,2,1,1,多换,S,4092.0000,4090.4000,4089.8000,4089.6000,4089.2000,4093.4000,4093.6000,4093.8000,4094.0000,4095.0000,1,1,1,2,1,1,1,1,1,1
SF,IF2009,2020-03-05 09:32:46.000,4093.6000,9987,1,300598200.000,1,1,0,双开,S,4092.0000,4090.4000,4089.8000,4089.6000,4089.2000,4093.6000,4093.8000,4094.0000,4095.0000,4098.8000,1,1,1,2,1,1,1,1,1,1
SF,IF2009,2020-03-05 09:32:46.500,4093.6000,9987,0,300598200.000,0,-,-,-,-,4092.2000,4092.0000,4090.4000,4089.8000,4089.6000,4093.6000,4093.8000,4094.0000,4095.0000,4098.8000,1,1,1,1,2,2,1,1,1,1
SF,IF2009,2020-03-05 09:32:47.000,4093.6000,9987,0,300598200.000,0,-,-,-,-,4092.2000,4092.0000,4090.4000,4089.8000,4089.6000,4093.6000,4094.0000,4095.0000,4098.8000,4099.0000,1,1,1,1,2,2,1,1,1,8
SF,IF2009,2020-03-05 09:32:47.500,4093.6000,9987,0,300598200.000,0,-,-,-,-,4092.2000,4092.0000,4090.4000,4089.8000,4089.6000,4093.4000,4093.6000,4094.0000,4095.0000,4098.8000,1,1,1,1,2,1,2,1,1,1
SF,IF2009,2020-03-05 09:32:48.000,4093.6000,9987,0,300598200.000,0,-,-,-,-,4092.2000,4092.0000,4089.8000,4089.6000,4089.2000,4093.4000,4093.6000,4094.0000,4095.0000,4098.8000,1,1,1,2,1,1,3,1,1,1
SF,IF2009,2020-03-05 09:32:48.500,4093.6000,9987,0,300598200.000,0,-,-,-,-,4092.2000,4092.0000,4089.8000,4089.6000,4089.2000,4093.2000,4093.4000,4093.6000,4094.0000,4095.0000,1,1,1,2,1,1,1,2,1,1
SF,IF2009,2020-03-05 09:32:49.000,4093.6000,9987,0,300598200.000,0,-,-,-,-,4092.2000,4092.0000,4089.8000,4089.6000,4089.2000,4093.2000,4093.4000,4093.6000,4094.0000,4095.0000,1,1,1,2,1,1,1,2,1,1
SF,IF2009,2020-03-05 09:32:50.500,4093.6000,9987,0,300598200.000,0,-,-,-,-,4092.2000,4092.0000,4090.0000,4089.8000,4089.6000,4093.2000,4093.4000,4093.6000,4094.0000,4095.0000,1,1,1,1,2,1,1,2,1,1
SF,IF2009,2020-03-05 09:32:52.500,4092.2000,9986,-1,301825860.000,1,0,1,双平,S,4092.0000,4090.0000,4089.8000,4089.6000,4089.2000,4092.2000,4093.2000,4093.4000,4093.6000,4094.0000,1,1,1,2,1,1,2,1,2,1
SF,IF2009,2020-03-05 09:32:53.000,4092.2000,9986,0,303053520.000,1,0,1,多换,S,4092.0000,4090.0000,4089.8000,4089.6000,4089.2000,4093.2000,4093.4000,4093.6000,4094.0000,4095.0000,1,1,1,2,1,2,1,2,1,1
SF,IF2009,2020-03-05 09:32:53.500,4093.0000,9986,0,305509020.000,2,1,1,多换,S,4090.0000,4089.8000,4089.6000,4089.2000,4088.8000,4093.2000,4093.4000,4093.6000,4094.0000,4095.0000,1,1,2,1,1,2,1,2,1,1
SF,IF2009,2020-03-05 09:32:54.000,4093.0000,9986,0,305509020.000,0,-,-,-,-,4090.2000,4090.0000,4089.8000,4089.6000,4089.2000,4093.0000,4093.2000,4093.6000,4094.0000,4095.0000,2,1,1,1,1,1,2,2,1,1
SF,IF2009,2020-03-05 09:32:54.500,4093.0000,9986,0,305509020.000,0,-,-,-,-,4090.2000,4090.0000,4089.8000,4089.6000,4089.2000,4093.0000,4093.2000,4093.6000,4094.0000,4095.0000,2,1,1,1,1,1,2,2,1,1
SF,IF2009,2020-03-05 09:32:55.000,4093.0000,9986,0,305509020.000,0,-,-,-,-,4090.4000,4090.2000,4090.0000,4089.6000,4089.2000,4093.0000,4093.2000,4093.6000,4094.0000,4095.0000,1,2,1,1,1,1,2,2,1,1
SF,IF2009,2020-03-05 09:32:55.500,4093.0000,9986,0,305509020.000,0,-,-,-,-,4090.6000,4090.4000,4090.0000,4089.6000,4089.2000,4092.8000,4093.0000,4093.2000,4093.6000,4094.0000,1,1,1,1,1,3,1,1,2,1
SF,IF2009,2020-03-05 09:32:56.000,4093.0000,9986,0,305509020.000,0,-,-,-,-,4091.0000,4090.6000,4090.4000,4090.0000,4089.6000,4092.8000,4093.0000,4093.2000,4093.6000,4094.0000,1,1,1,1,1,3,2,1,2,1
SF,IF2009,2020-03-05 09:32:56.500,4093.0000,9986,0,305509020.000,0,-,-,-,-,4091.0000,4090.6000,4090.4000,4090.0000,4089.6000,4092.6000,4092.8000,4093.0000,4093.2000,4093.6000,1,1,1,1,1,1,2,1,1,2
SF,IF2009,2020-03-05 09:32:57.000,4093.0000,9986,0,305509020.000,0,-,-,-,-,4091.0000,4090.6000,4090.4000,4090.0000,4089.6000,4092.6000,4092.8000,4093.0000,4093.2000,4093.6000,1,1,1,1,1,2,1,1,1,2
SF,IF2009,2020-03-05 09:32:57.500,4093.0000,9986,0,305509020.000,0,-,-,-,-,4090.6000,4090.4000,4090.0000,4089.6000,4089.2000,4092.4000,4092.6000,4092.8000,4093.0000,4093.2000,1,1,1,2,1,1,1,1,1,1
SF,IF2009,2020-03-05 09:32:58.000,4093.0000,9986,0,305509020.000,0,-,-,-,-,4090.8000,4090.6000,4090.0000,4089.6000,4089.2000,4092.4000,4092.8000,4093.0000,4093.2000,4093.6000,1,1,1,2,1,1,1,1,1,2
SF,IF2009,2020-03-05 09:32:58.500,4093.0000,9986,0,305509020.000,0,-,-,-,-,4091.0000,4090.6000,4090.0000,4089.6000,4089.2000,4092.4000,4092.8000,4093.0000,4093.2000,4093.6000,1,1,1,2,1,1,1,1,1,2
SF,IF2009,2020-03-05 09:33:00.000,4091.0000,9986,0,306736320.000,1,0,1,多换,S,4090.6000,4090.0000,4089.6000,4089.2000,4088.8000,4093.0000,4093.2000,4093.6000,4094.0000,4095.0000,1,1,2,1,1,1,1,2,1,1
SF,IF2009,2020-03-05 09:33:00.500,4091.0000,9986,0,306736320.000,0,-,-,-,-,4090.0000,4089.6000,4089.2000,4088.8000,4088.6000,4092.8000,4093.0000,4093.2000,4093.6000,4094.0000,1,2,1,1,1,1,1,1,2,1
SF,IF2009,2020-03-05 09:33:01.000,4091.0000,9986,0,306736320.000,0,-,-,-,-,4090.2000,4090.0000,4089.6000,4089.2000,4088.8000,4092.8000,4093.0000,4093.2000,4093.6000,4094.0000,3,1,2,1,1,1,1,1,2,1
SF,IF2009,2020-03-05 09:33:02.000,4091.0000,9986,0,306736320.000,0,-,-,-,-,4090.2000,4090.0000,4089.6000,4089.2000,4088.8000,4092.8000,4093.0000,4093.2000,4093.6000,4094.0000,3,1,2,1,1,2,1,1,2,1
SF,IF2009,2020-03-05 09:33:02.500,4091.0000,9986,0,306736320.000,0,-,-,-,-,4090.6000,4090.4000,4090.2000,4090.0000,4089.6000,4092.8000,4093.0000,4093.2000,4093.6000,4094.0000,1,2,3,1,2,1,1,1,2,1
SF,IF2009,2020-03-05 09:33:03.000,4091.0000,9986,0,306736320.000,0,-,-,-,-,4090.8000,4090.6000,4090.4000,4090.2000,4090.0000,4092.8000,4093.0000,4093.2000,4093.6000,4094.0000,2,1,2,2,1,1,1,1,2,1
SF,IF2009,2020-03-05 09:33:03.500,4092.8000,9987,1,307964160.000,1,1,0,双开,S,4090.8000,4090.6000,4090.4000,4090.2000,4090.0000,4093.0000,4093.2000,4093.6000,4094.0000,4095.0000,2,1,2,1,1,1,1,2,1,1
SF,IF2009,2020-03-05 09:33:04.000,4093.0000,9988,1,309192060.000,1,1,0,双开,S,4090.8000,4090.6000,4090.4000,4090.2000,4090.0000,4093.2000,4093.6000,4094.0000,4095.0000,4098.8000,2,1,2,1,1,1,2,1,1,1
SF,IF2009,2020-03-05 09:33:04.500,4093.0000,9988,0,309192060.000,0,-,-,-,-,4090.8000,4090.6000,4090.4000,4090.2000,4090.0000,4093.2000,4093.6000,4094.0000,4095.0000,4098.8000,2,1,2,1,1,1,2,1,1,1
SF,IF2009,2020-03-05 09:33:05.000,4093.2000,9989,1,310420020.000,1,1,0,双开,S,4090.8000,4090.6000,4090.4000,4090.2000,4090.0000,4093.2000,4093.6000,4094.0000,4095.0000,4098.8000,2,1,2,1,1,1,2,1,1,1
SF,IF2009,2020-03-05 09:33:05.500,4093.2000,9989,0,310420020.000,0,-,-,-,-,4091.4000,4090.8000,4090.4000,4090.2000,4090.0000,4093.0000,4093.2000,4093.6000,4094.0000,4095.0000,1,2,2,1,1,1,1,2,1,1
SF,IF2009,2020-03-05 09:33:06.000,4093.2000,9989,0,312875460.000,2,1,1,多换,S,4091.6000,4091.4000,4091.0000,4090.8000,4090.4000,4093.6000,4094.0000,4095.0000,4098.8000,4099.0000,1,1,1,1,2,2,1,1,1,8
SF,IF2009,2020-03-05 09:33:06.500,4093.2000,9989,0,312875460.000,0,-,-,-,-,4091.6000,4091.4000,4091.0000,4090.8000,4090.4000,4093.4000,4093.6000,4094.0000,4095.0000,4098.8000,1,1,1,1,2,1,2,1,1,1
SF,IF2009,2020-03-05 09:33:07.000,4093.2000,9989,0,312875460.000,0,-,-,-,-,4091.4000,4090.4000,4090.2000,4090.0000,4089.6000,4093.4000,4093.6000,4094.0000,4095.0000,4098.8000,1,2,1,1,1,1,2,1,1,1
SF,IF2009,2020-03-05 09:33:07.500,4093.2000,9989,0,312875460.000,0,-,-,-,-,4090.4000,4090.2000,4090.0000,4089.6000,4089.2000,4093.2000,4093.4000,4093.6000,4094.0000,4095.0000,3,1,1,1,1,1,1,2,1,1
SF,IF2009,2020-03-05 09:33:08.000,4093.2000,9989,0,312875460.000,0,-,-,-,-,4090.6000,4090.4000,4090.2000,4090.0000,4089.6000,4093.0000,4093.2000,4093.6000,4094.0000,4095.0000,1,2,1,1,1,3,1,2,1,1
SF,IF2009,2020-03-05 09:33:08.500,4093.2000,9989,0,312875460.000,0,-,-,-,-,4090.6000,4090.4000,4090.2000,4090.0000,4089.6000,4092.8000,4093.0000,4093.2000,4093.4000,4093.6000,1,2,1,1,1,1,3,1,1,2
SF,IF2009,2020-03-05 09:33:09.000,4093.2000,9989,0,312875460.000,0,-,-,-,-,4090.4000,4090.2000,4090.0000,4089.6000,4089.2000,4092.6000,4093.4000,4093.6000,4094.0000,4095.0000,2,1,1,1,1,1,1,2,1,1
SF,IF2009,2020-03-05 09:33:09.500,4093.2000,9989,0,312875460.000,0,-,-,-,-,4090.6000,4090.4000,4090.2000,4090.0000,4089.6000,4092.6000,4093.4000,4093.6000,4094.0000,4095.0000,1,2,1,1,1,1,1,2,1,1
SF,IF2009,2020-03-05 09:33:11.000,4093.2000,9989,0,314103420.000,1,0,1,多换,S,4090.6000,4090.4000,4090.2000,4090.0000,4089.6000,4093.4000,4093.6000,4094.0000,4095.0000,4098.8000,1,2,1,2,1,1,2,1,1,1
SF,IF2009,2020-03-05 09:33:11.500,4090.8000,9988,-1,315330660.000,1,0,1,双平,S,4090.6000,4090.4000,4090.2000,4090.0000,4089.6000,4093.2000,4093.4000,4093.6000,4094.0000,4095.0000,1,1,1,2,1,4,1,2,1,1
SF,IF2009,2020-03-05 09:33:12.500,4090.8000,9988,0,315330660.000,0,-,-,-,-,4090.6000,4090.2000,4090.0000,4089.6000,4089.2000,4093.2000,4093.4000,4093.6000,4094.0000,4095.0000,1,1,2,1,1,3,1,2,1,1
SF,IF2009,2020-03-05 09:33:13.000,4090.8000,9988,0,315330660.000,0,-,-,-,-,4090.6000,4090.2000,4090.0000,4089.6000,4089.2000,4093.0000,4093.2000,4093.4000,4093.6000,4094.0000,1,1,2,1,1,3,3,1,2,1
SF,IF2009,2020-03-05 09:33:13.500,4090.6000,9988,0,316557840.000,1,0,1,多换,S,4090.2000,4090.0000,4089.6000,4089.2000,4088.8000,4092.8000,4093.0000,4093.2000,4093.4000,4093.6000,1,2,1,1,1,1,3,1,1,2
SF,IF2009,2020-03-05 09:33:14.000,4090.6000,9988,0,316557840.000,0,-,-,-,-,4090.0000,4089.6000,4089.2000,4088.8000,4088.6000,4092.4000,4092.6000,4092.8000,4093.0000,4093.4000,2,1,1,1,1,1,3,2,3,1
SF,IF2009,2020-03-05 09:33:14.500,4090.6000,9988,0,316557840.000,0,-,-,-,-,4090.0000,4089.6000,4089.2000,4088.8000,4088.6000,4090.6000,4092.2000,4092.4000,4092.6000,4092.8000,2,1,1,1,1,1,1,2,3,1
SF,IF2009,2020-03-05 09:33:15.000,4090.6000,9988,0,316557840.000,0,-,-,-,-,4090.0000,4089.6000,4089.2000,4088.8000,4088.6000,4090.6000,4092.2000,4092.4000,4092.6000,4093.4000,2,1,1,1,1,1,3,1,3,1
SF,IF2009,2020-03-05 09:33:15.500,4090.6000,9987,-1,317785020.000,1,0,1,双平,S,4090.0000,4089.6000,4089.2000,4088.8000,4088.6000,4092.2000,4092.4000,4092.6000,4093.4000,4093.6000,2,1,1,1,1,3,2,2,1,2
SF,IF2009,2020-03-05 09:33:16.000,4090.6000,9987,0,317785020.000,0,-,-,-,-,4090.0000,4089.6000,4089.2000,4088.8000,4088.6000,4092.2000,4092.4000,4092.6000,4093.4000,4093.6000,2,1,1,1,1,3,1,2,1,2
SF,IF2009,2020-03-05 09:33:16.500,4090.6000,9987,0,317785020.000,0,-,-,-,-,4090.0000,4089.6000,4089.2000,4088.8000,4088.6000,4091.4000,4092.0000,4092.2000,4092.4000,4092.6000,2,1,1,1,1,1,2,2,1,1
SF,IF2009,2020-03-05 09:33:17.500,4091.4000,9987,0,319012440.000,1,0,1,多换,S,4090.0000,4089.6000,4089.2000,4088.8000,4088.6000,4091.2000,4092.2000,4092.4000,4092.6000,4093.4000,2,1,1,1,1,1,2,1,1,1
SF,IF2009,2020-03-05 09:33:18.000,4091.4000,9986,-1,320239860.000,1,0,1,双平,S,4090.0000,4089.6000,4089.2000,4088.8000,4088.6000,4092.2000,4092.4000,4092.6000,4093.4000,4093.6000,2,1,1,1,1,2,1,1,1,2
SF,IF2009,2020-03-05 09:33:18.500,4091.4000,9986,0,320239860.000,0,-,-,-,-,4090.0000,4089.6000,4089.2000,4088.8000,4088.6000,4092.0000,4092.2000,4092.4000,4092.6000,4093.4000,2,1,1,1,1,1,2,1,1,1
SF,IF2009,2020-03-05 09:33:19.000,4091.4000,9986,0,320239860.000,0,-,-,-,-,4090.2000,4090.0000,4089.6000,4089.2000,4088.8000,4091.2000,4091.8000,4092.0000,4092.4000,4092.6000,1,2,1,1,1,1,2,1,1,1
SF,IF2009,2020-03-05 09:33:19.500,4090.0000,9985,-1,323920920.000,3,1,2,多平,S,4089.6000,4089.2000,4088.8000,4088.6000,4088.4000,4091.0000,4091.2000,4091.8000,4092.0000,4092.4000,1,1,1,1,1,1,1,1,1,1
SF,IF2009,2020-03-05 09:33:20.000,4089.6000,9985,0,325147800.000,1,0,1,多换,S,4089.2000,4088.8000,4088.6000,4088.4000,4088.0000,4091.0000,4091.2000,4091.8000,4092.0000,4092.4000,1,1,1,1,1,1,1,1,1,1
SF,IF2009,2020-03-05 09:33:20.500,4089.6000,9985,0,325147800.000,0,-,-,-,-,4089.2000,4088.8000,4088.6000,4088.4000,4088.0000,4090.8000,4091.0000,4091.2000,4091.8000,4092.0000,1,1,1,1,1,1,1,1,1,1
SF,IF2009,2020-03-05 09:33:21.000,4089.2000,9985,0,326374560.000,1,0,1,多换,S,4088.8000,4088.6000,4088.4000,4088.0000,4087.6000,4090.6000,4090.8000,4091.2000,4092.4000,4092.6000,1,1,1,1,1,1,2,1,1,1
SF,IF2009,2020-03-05 09:33:21.500,4089.2000,9985,0,326374560.000,0,-,-,-,-,4088.8000,4088.6000,4088.4000,4088.0000,4087.6000,4090.4000,4090.6000,4090.8000,4091.0000,4091.2000,1,1,1,1,1,2,1,2,1,1
SF,IF2009,2020-03-05 09:33:22.500,4089.2000,9985,0,326374560.000,0,-,-,-,-,4088.8000,4088.6000,4088.4000,4088.0000,4087.6000,4090.2000,4090.4000,4090.6000,4090.8000,4091.0000,1,1,1,1,1,1,1,1,1,1
SF,IF2009,2020-03-05 09:33:23.000,4089.2000,9985,0,326374560.000,0,-,-,-,-,4088.8000,4088.6000,4088.4000,4088.0000,4087.6000,4090.0000,4090.2000,4090.4000,4090.8000,4091.0000,1,1,1,1,1,1,1,1,1,1
SF,IF2009,2020-03-05 09:33:23.500,4089.2000,9985,0,326374560.000,0,-,-,-,-,4088.6000,4088.0000,4087.6000,4087.2000,4086.8000,4090.0000,4090.2000,4090.4000,4090.8000,4091.0000,1,1,1,1,1,1,1,1,1,1
SF,IF2009,2020-03-05 09:33:24.000,4089.2000,9985,0,326374560.000,0,-,-,-,-,4088.6000,4088.0000,4087.6000,4087.2000,4086.8000,4089.8000,4090.0000,4090.8000,4091.0000,4091.2000,1,1,1,1,1,1,1,1,1,1
SF,IF2009,2020-03-05 09:33:24.500,4089.2000,9985,0,326374560.000,0,-,-,-,-,4088.6000,4088.0000,4087.6000,4087.2000,4086.8000,4089.8000,4090.0000,4091.0000,4091.2000,4091.4000,1,1,1,1,1,2,1,1,1,4
SF,IF2009,2020-03-05 09:33:25.000,4089.2000,9985,0,326374560.000,0,-,-,-,-,4088.6000,4088.0000,4087.6000,4087.2000,4086.8000,4089.2000,4089.6000,4089.8000,4090.0000,4091.0000,1,1,1,1,1,1,1,2,2,1
SF,IF2009,2020-03-05 09:33:25.500,4088.6000,9985,0,327601140.000,1,0,1,多换,S,4088.0000,4087.6000,4087.2000,4086.8000,4085.8000,4089.2000,4089.6000,4089.8000,4090.0000,4091.0000,1,1,1,1,1,1,1,2,2,1
SF,IF2009,2020-03-05 09:33:26.000,4088.6000,9985,0,327601140.000,0,-,-,-,-,4088.0000,4087.6000,4087.2000,4086.8000,4085.8000,4089.2000,4089.6000,4089.8000,4090.0000,4091.0000,1,1,1,1,1,1,1,2,2,1
SF,IF2009,2020-03-05 09:33:26.500,4088.6000,9985,0,327601140.000,0,-,-,-,-,4087.2000,4086.8000,4085.8000,4085.0000,4084.8000,4089.2000,4089.6000,4089.8000,4090.0000,4091.0000,1,1,1,2,2,1,1,1,2,1
SF,IF2009,2020-03-05 09:33:27.500,4088.6000,9985,0,327601140.000,0,-,-,-,-,4086.8000,4085.0000,4084.8000,4084.0000,4080.0000,4089.2000,4089.6000,4089.8000,4090.0000,4091.0000,1,2,2,1,5,1,1,1,2,1
SF,IF2009,2020-03-05 09:33:28.000,4088.6000,9985,0,327601140.000,0,-,-,-,-,4086.8000,4085.0000,4084.8000,4084.0000,4080.0000,4089.0000,4089.2000,4089.6000,4090.0000,4091.0000,1,2,2,1,5,2,2,1,1,1
SF,IF2009,2020-03-05 09:33:28.500,4088.6000,9985,0,327601140.000,0,-,-,-,-,4087.0000,4086.8000,4085.0000,4084.8000,4084.0000,4089.0000,4089.2000,4089.6000,4090.0000,4091.0000,1,1,2,2,1,1,2,1,1,1
SF,IF2009,2020-03-05 09:33:29.000,4088.6000,9985,0,327601140.000,0,-,-,-,-,4087.0000,4086.8000,4085.0000,4084.8000,4084.0000,4088.8000,4089.0000,4089.2000,4089.6000,4090.0000,1,1,2,2,1,1,1,2,1,1
SF,IF2009,2020-03-05 09:33:29.500,4086.8000,9986,1,328827180.000,1,1,0,双开,S,4085.0000,4084.8000,4084.0000,4080.0000,4075.4000,4088.6000,4088.8000,4089.2000,4089.6000,4090.0000,2,2,1,5,1,1,1,2,1,1
SF,IF2009,2020-03-05 09:33:30.000,4086.8000,9986,0,328827180.000,0,-,-,-,-,4085.2000,4085.0000,4084.8000,4084.0000,4080.0000,4088.4000,4088.6000,4088.8000,4089.2000,4089.6000,1,5,2,1,5,2,2,1,2,1
SF,IF2009,2020-03-05 09:33:30.500,4086.8000,9986,0,328827180.000,0,-,-,-,-,4085.4000,4085.2000,4085.0000,4084.8000,4084.0000,4088.2000,4088.4000,4089.2000,4089.6000,4090.0000,1,1,5,2,1,2,2,2,1,1
SF,IF2009,2020-03-05 09:33:31.000,4086.8000,9986,0,328827180.000,0,-,-,-,-,4085.6000,4085.0000,4084.8000,4084.0000,4080.0000,4088.0000,4088.2000,4088.4000,4089.2000,4089.6000,2,5,2,1,5,2,1,1,2,1
SF,IF2009,2020-03-05 09:33:31.500,4086.8000,9986,0,328827180.000,0,-,-,-,-,4085.6000,4085.0000,4084.8000,4084.0000,4080.0000,4087.8000,4088.0000,4088.2000,4089.2000,4089.6000,2,5,2,1,5,1,3,1,2,1
SF,IF2009,2020-03-05 09:33:32.500,4086.8000,9986,0,328827180.000,0,-,-,-,-,4085.6000,4085.0000,4084.8000,4084.0000,4080.0000,4087.2000,4087.6000,4087.8000,4088.0000,4088.2000,2,2,2,1,5,1,1,1,2,1
SF,IF2009,2020-03-05 09:33:33.000,4086.8000,9986,0,328827180.000,0,-,-,-,-,4085.6000,4085.0000,4084.8000,4084.0000,4080.0000,4087.8000,4088.0000,4088.2000,4089.2000,4089.6000,2,2,2,1,5,1,1,1,2,1
SF,IF2009,2020-03-05 09:33:33.500,4086.8000,9986,0,328827180.000,0,-,-,-,-,4085.0000,4084.8000,4084.0000,4080.0000,4075.4000,4087.2000,4087.8000,4088.0000,4088.2000,4089.2000,2,2,1,5,1,2,1,1,1,2
SF,IF2009,2020-03-05 09:33:34.000,4086.8000,9986,0,328827180.000,0,-,-,-,-,4085.2000,4085.0000,4084.8000,4084.0000,4080.0000,4087.2000,4087.6000,4087.8000,4088.0000,4088.2000,2,2,2,1,5,2,1,1,1,1
SF,IF2009,2020-03-05 09:33:34.500,4086.8000,9986,0,328827180.000,0,-,-,-,-,4085.2000,4085.0000,4084.8000,4084.0000,4080.0000,4086.8000,4087.0000,4087.2000,4087.6000,4088.0000,1,2,2,1,5,1,1,2,1,1
SF,IF2009,2020-03-05 09:33:35.000,4086.8000,9987,1,330053220.000,1,1,0,双开,S,4085.2000,4085.0000,4084.8000,4084.0000,4080.0000,4087.0000,4087.2000,4087.6000,4088.0000,4088.2000,1,2,2,1,5,1,2,1,1,1
SF,IF2009,2020-03-05 09:33:35.500,4086.8000,9987,0,330053220.000,0,-,-,-,-,4085.2000,4085.0000,4084.8000,4084.0000,4080.0000,4086.8000,4087.0000,4087.2000,4088.0000,4088.2000,1,2,2,1,5,1,1,2,1,1
SF,IF2009,2020-03-05 09:33:36.000,4086.8000,9987,0,330053220.000,0,-,-,-,-,4085.0000,4084.8000,4084.0000,4080.0000,4075.4000,4086.6000,4086.8000,4087.2000,4088.0000,4088.2000,2,2,2,5,1,1,1,2,1,1
SF,IF2009,2020-03-05 09:33:37.000,4086.8000,9987,0,330053220.000,0,-,-,-,-,4085.0000,4084.8000,4084.0000,4080.0000,4075.4000,4086.4000,4086.6000,4087.2000,4088.0000,4088.2000,2,2,2,5,1,1,1,2,1,1
SF,IF2009,2020-03-05 09:33:37.500,4086.8000,9987,0,330053220.000,0,-,-,-,-,4085.0000,4084.8000,4084.0000,4080.0000,4075.4000,4086.6000,4087.2000,4088.0000,4088.2000,4089.2000,2,2,2,5,1,1,2,1,1,2
SF,IF2009,2020-03-05 09:33:38.000,4086.8000,9987,0,330053220.000,0,-,-,-,-,4085.0000,4084.8000,4084.0000,4080.0000,4075.4000,4086.4000,4086.6000,4087.2000,4088.0000,4088.2000,2,2,2,5,1,2,1,2,1,1
SF,IF2009,2020-03-05 09:33:38.500,4086.8000,9987,0,330053220.000,0,-,-,-,-,4085.0000,4084.8000,4084.0000,4080.0000,4075.4000,4086.4000,4086.6000,4087.2000,4088.0000,4088.2000,2,2,2,5,1,1,1,2,1,1
SF,IF2009,2020-03-05 09:33:39.500,4085.0000,9986,-1,331278720.000,1,0,1,双平,S,4085.0000,4084.8000,4084.0000,4080.0000,4075.4000,4086.4000,4086.6000,4087.2000,4088.0000,4088.2000,1,2,2,5,1,1,1,2,1,1
SF,IF2009,2020-03-05 09:33:40.000,4086.4000,9986,0,332504640.000,1,0,1,多换,S,4085.0000,4084.8000,4084.0000,4080.0000,4075.4000,4086.6000,4087.2000,4088.0000,4088.2000,4089.2000,1,2,2,5,1,1,2,1,1,2
SF,IF2009,2020-03-05 09:33:42.000,4086.6000,9985,-1,333730620.000,1,0,1,双平,S,4085.0000,4084.8000,4084.0000,4080.0000,4075.4000,4087.2000,4088.0000,4088.2000,4089.2000,4090.0000,1,2,2,5,1,2,1,1,2,1
SF,IF2009,2020-03-05 09:33:42.500,4086.6000,9985,0,333730620.000,0,-,-,-,-,4085.2000,4085.0000,4084.8000,4084.0000,4080.0000,4087.2000,4088.0000,4088.2000,4089.2000,4090.0000,1,1,2,2,5,2,1,1,2,1
SF,IF2009,2020-03-05 09:33:43.500,4085.2000,9984,-1,334956180.000,1,0,1,双平,S,4085.0000,4084.8000,4084.0000,4080.0000,4075.4000,4087.2000,4088.0000,4088.2000,4089.2000,4090.0000,1,2,2,5,1,2,1,1,2,1
SF,IF2009,2020-03-05 09:33:44.000,4085.2000,9984,0,334956180.000,0,-,-,-,-,4085.0000,4084.8000,4084.0000,4080.0000,4075.4000,4086.6000,4087.0000,4087.2000,4088.0000,4088.2000,1,2,2,5,1,1,1,2,1,1
SF,IF2009,2020-03-05 09:33:44.500,4085.2000,9984,0,334956180.000,0,-,-,-,-,4085.0000,4084.8000,4084.0000,4080.0000,4075.4000,4086.4000,4087.2000,4088.0000,4088.2000,4089.2000,1,2,2,5,1,2,2,1,1,2
SF,IF2009,2020-03-05 09:33:45.000,4085.2000,9984,0,334956180.000,0,-,-,-,-,4085.0000,4084.8000,4084.0000,4080.0000,4075.4000,4086.4000,4087.2000,4088.0000,4088.2000,4089.2000,1,2,2,5,1,1,2,1,1,2
SF,IF2009,2020-03-05 09:33:45.500,4085.2000,9984,0,334956180.000,0,-,-,-,-,4085.0000,4084.8000,4084.0000,4080.0000,4075.4000,4086.4000,4087.2000,4088.0000,4088.2000,4089.2000,1,2,2,5,1,1,2,1,1,2
SF,IF2009,2020-03-05 09:33:46.000,4085.2000,9984,0,334956180.000,0,-,-,-,-,4085.0000,4084.8000,4084.0000,4080.0000,4075.4000,4086.4000,4087.2000,4088.0000,4088.2000,4089.2000,1,2,2,5,1,1,2,1,1,2
SF,IF2009,2020-03-05 09:33:46.500,4086.2000,9984,0,336182040.000,1,0,1,多换,S,4085.0000,4084.8000,4084.0000,4080.0000,4075.4000,4086.4000,4087.2000,4088.0000,4088.2000,4089.2000,1,2,2,5,1,1,2,1,1,2
SF,IF2009,2020-03-05 09:33:47.000,4085.2000,9984,0,337407600.000,1,0,1,多换,S,4085.0000,4084.8000,4084.0000,4080.0000,4075.4000,4086.4000,4087.2000,4088.0000,4088.2000,4089.2000,1,2,2,5,1,1,2,1,1,2
SF,IF2009,2020-03-05 09:33:47.500,4085.2000,9984,0,337407600.000,0,-,-,-,-,4085.0000,4084.8000,4084.0000,4080.0000,4075.4000,4086.4000,4087.2000,4088.0000,4088.2000,4089.2000,1,2,2,5,1,1,2,1,1,2
SF,IF2009,2020-03-05 09:33:48.000,4085.2000,9984,0,337407600.000,0,-,-,-,-,4085.0000,4084.8000,4084.0000,4080.0000,4075.4000,4086.4000,4087.2000,4088.0000,4088.2000,4089.2000,1,2,2,5,1,1,2,1,1,2
SF,IF2009,2020-03-05 09:33:49.000,4085.2000,9984,0,337407600.000,0,-,-,-,-,4085.0000,4084.8000,4084.0000,4080.0000,4075.4000,4086.4000,4087.2000,4088.0000,4088.2000,4089.2000,1,2,2,5,1,1,2,1,1,2
SF,IF2009,2020-03-05 09:33:51.500,4086.4000,9984,0,338633520.000,1,0,1,多换,S,4085.0000,4084.8000,4084.0000,4080.0000,4075.4000,4087.2000,4088.0000,4088.2000,4089.2000,4090.0000,1,2,2,5,1,2,1,1,2,2
SF,IF2009,2020-03-05 09:33:52.000,4086.4000,9984,0,338633520.000,0,-,-,-,-,4085.2000,4085.0000,4084.8000,4084.0000,4080.0000,4087.2000,4088.0000,4088.2000,4089.2000,4090.0000,1,1,2,2,5,2,1,1,2,2
SF,IF2009,2020-03-05 09:33:53.500,4086.4000,9984,0,338633520.000,0,-,-,-,-,4085.2000,4085.0000,4084.8000,4084.0000,4080.0000,4087.2000,4088.0000,4088.2000,4089.2000,4090.0000,1,1,2,2,5,2,1,1,2,2
SF,IF2009,2020-03-05 09:33:54.500,4086.4000,9984,0,338633520.000,0,-,-,-,-,4085.2000,4085.0000,4084.8000,4084.0000,4080.0000,4087.0000,4087.2000,4088.0000,4088.2000,4089.2000,1,1,2,2,5,1,2,1,1,2
SF,IF2009,2020-03-05 09:33:55.000,4086.4000,9984,0,338633520.000,0,-,-,-,-,4085.2000,4085.0000,4084.8000,4084.0000,4080.0000,4087.2000,4088.0000,4088.2000,4089.2000,4090.0000,1,1,2,2,5,2,1,1,2,2
SF,IF2009,2020-03-05 09:33:55.500,4086.4000,9984,0,338633520.000,0,-,-,-,-,4085.2000,4085.0000,4084.8000,4084.0000,4080.0000,4087.0000,4087.2000,4088.0000,4088.2000,4089.2000,1,1,2,2,5,1,2,1,1,2
SF,IF2009,2020-03-05 09:33:56.000,4086.4000,9984,0,338633520.000,0,-,-,-,-,4085.2000,4085.0000,4084.8000,4084.0000,4080.0000,4087.0000,4087.2000,4088.0000,4088.2000,4089.2000,1,1,2,2,5,1,2,1,1,2
SF,IF2009,2020-03-05 09:33:56.500,4086.4000,9984,0,338633520.000,0,-,-,-,-,4085.2000,4085.0000,4084.8000,4084.0000,4080.0000,4087.0000,4087.2000,4088.0000,4088.2000,4089.2000,1,1,2,2,5,1,2,1,1,2
SF,IF2009,2020-03-05 09:33:57.000,4086.4000,9984,0,338633520.000,0,-,-,-,-,4085.2000,4085.0000,4084.8000,4084.0000,4080.0000,4087.0000,4087.2000,4088.0000,4088.2000,4089.2000,1,1,2,2,5,1,2,1,1,2
SF,IF2009,2020-03-05 09:33:57.500,4086.4000,9984,0,338633520.000,0,-,-,-,-,4085.2000,4085.0000,4084.8000,4084.0000,4080.0000,4086.8000,4087.0000,4087.2000,4088.0000,4088.2000,1,1,2,2,5,1,1,2,1,1
SF,IF2009,2020-03-05 09:33:58.000,4085.2000,9983,-1,339859080.000,1,0,1,双平,S,4085.0000,4084.8000,4084.0000,4080.0000,4075.4000,4086.6000,4086.8000,4087.2000,4088.0000,4088.2000,1,2,2,5,1,1,1,2,1,1
SF,IF2009,2020-03-05 09:33:58.500,4085.2000,9983,0,339859080.000,0,-,-,-,-,4085.0000,4084.8000,4084.0000,4080.0000,4075.4000,4086.4000,4086.6000,4086.8000,4087.2000,4088.0000,1,2,2,5,1,1,1,1,2,1
SF,IF2009,2020-03-05 09:33:59.000,4084.4000,9983,0,344760780.000,4,2,2,多换,S,4084.0000,4080.0000,4075.4000,4075.0000,4063.0000,4084.8000,4086.2000,4086.4000,4087.2000,4088.0000,2,5,1,1,1,1,1,2,2,1
SF,IF2009,2020-03-05 09:33:59.500,4084.0000,9983,0,347211180.000,2,1,1,多换,S,4080.0000,4075.4000,4075.0000,4063.0000,4060.0000,4084.0000,4084.8000,4086.2000,4086.4000,4087.2000,5,1,1,1,1,1,1,1,2,2
SF,IF2009,2020-03-05 09:34:00.000,4084.0000,9983,0,348436380.000,1,0,1,多换,S,4081.2000,4080.8000,4080.4000,4080.2000,4080.0000,4083.8000,4084.0000,4086.2000,4086.4000,4087.2000,4,1,4,3,8,2,1,1,2,2
SF,IF2009,2020-03-05 09:34:00.500,4084.0000,9983,0,349661580.000,1,0,1,多换,S,4081.4000,4081.2000,4080.8000,4080.2000,4080.0000,4083.8000,4084.0000,4086.2000,4086.4000,4087.2000,2,4,1,1,3,1,1,1,2,2
SF,IF2009,2020-03-05 09:34:01.000,4084.0000,9983,0,350886780.000,1,0,1,多换,S,4081.4000,4081.2000,4080.2000,4080.0000,4075.4000,4084.0000,4086.2000,4086.4000,4087.2000,4088.2000,3,1,1,3,1,1,1,2,2,1
SF,IF2009,2020-03-05 09:34:01.500,4084.0000,9983,0,350886780.000,0,-,-,-,-,4081.6000,4081.4000,4081.2000,4080.2000,4080.0000,4084.0000,4086.2000,4086.4000,4087.2000,4088.2000,4,2,2,1,3,1,1,2,2,1
SF,IF2009,2020-03-05 09:34:02.000,4084.0000,9983,0,350886780.000,0,-,-,-,-,4081.8000,4081.6000,4081.2000,4080.2000,4080.0000,4084.0000,4086.2000,4086.4000,4087.2000,4088.2000,2,4,2,1,3,1,1,2,2,1
SF,IF2009,2020-03-05 09:34:02.500,4084.0000,9983,0,352111980.000,1,0,1,多换,S,4082.0000,4081.8000,4081.6000,4081.2000,4080.2000,4086.2000,4086.4000,4087.2000,4088.2000,4089.2000,1,2,4,2,1,1,2,2,1,2
SF,IF2009,2020-03-05 09:34:03.000,4084.0000,9983,0,352111980.000,0,-,-,-,-,4082.2000,4082.0000,4081.6000,4081.2000,4080.2000,4086.0000,4086.2000,4086.4000,4087.2000,4088.2000,3,1,3,2,1,2,1,1,2,1
SF,IF2009,2020-03-05 09:34:03.500,4084.0000,9983,0,352111980.000,0,-,-,-,-,4082.2000,4082.0000,4081.6000,4081.2000,4080.2000,4085.8000,4086.0000,4086.4000,4087.2000,4088.2000,3,1,3,1,1,1,1,1,2,1
SF,IF2009,2020-03-05 09:34:04.000,4084.0000,9983,0,352111980.000,0,-,-,-,-,4082.6000,4082.4000,4082.2000,4082.0000,4081.6000,4085.6000,4085.8000,4086.4000,4087.2000,4088.2000,1,1,3,1,3,1,1,1,2,1
SF,IF2009,2020-03-05 09:34:04.500,4084.0000,9983,0,352111980.000,0,-,-,-,-,4082.8000,4082.6000,4082.4000,4082.2000,4082.0000,4085.6000,4085.8000,4086.4000,4087.2000,4088.2000,3,1,1,1,1,1,1,1,2,1
SF,IF2009,2020-03-05 09:34:05.000,4084.0000,9983,0,352111980.000,0,-,-,-,-,4082.8000,4082.4000,4082.2000,4082.0000,4081.6000,4085.6000,4085.8000,4086.4000,4087.2000,4088.2000,3,1,1,1,1,1,1,1,2,1
SF,IF2009,2020-03-05 09:34:05.500,4084.0000,9983,0,352111980.000,0,-,-,-,-,4083.2000,4083.0000,4082.8000,4082.4000,4082.0000,4085.8000,4086.2000,4087.2000,4088.2000,4089.2000,2,1,3,1,1,1,2,2,1,1
SF,IF2009,2020-03-05 09:34:06.000,4084.0000,9983,0,352111980.000,0,-,-,-,-,4083.4000,4083.0000,4082.8000,4082.4000,4082.0000,4085.6000,4085.8000,4086.2000,4087.2000,4088.2000,2,2,1,1,1,1,1,2,2,1
SF,IF2009,2020-03-05 09:34:06.500,4084.0000,9983,0,352111980.000,0,-,-,-,-,4083.6000,4083.4000,4083.0000,4082.4000,4082.0000,4085.6000,4085.8000,4086.2000,4087.2000,4088.2000,1,2,2,1,1,1,1,2,2,1
SF,IF2009,2020-03-05 09:34:07.500,4084.0000,9983,0,352111980.000,0,-,-,-,-,4083.6000,4083.4000,4083.0000,4082.4000,4082.0000,4085.6000,4085.8000,4086.2000,4087.2000,4088.2000,1,1,1,1,1,1,1,2,2,1
SF,IF2009,2020-03-05 09:34:08.000,4084.0000,9983,0,352111980.000,0,-,-,-,-,4083.4000,4083.0000,4082.4000,4082.0000,4081.6000,4085.6000,4085.8000,4086.2000,4087.2000,4088.2000,1,1,1,1,1,1,1,2,2,1
SF,IF2009,2020-03-05 09:34:08.500,4084.0000,9983,0,352111980.000,0,-,-,-,-,4083.4000,4083.0000,4082.4000,4082.0000,4081.6000,4085.4000,4085.6000,4086.2000,4087.2000,4088.2000,1,1,1,1,1,2,1,2,2,1
SF,IF2009,2020-03-05 09:34:09.000,4084.0000,9983,0,352111980.000,0,-,-,-,-,4082.4000,4082.0000,4081.6000,4081.2000,4080.2000,4085.2000,4085.4000,4086.2000,4087.2000,4088.2000,1,1,1,1,1,1,2,2,2,1
SF,IF2009,2020-03-05 09:34:09.500,4084.0000,9983,0,352111980.000,0,-,-,-,-,4082.4000,4082.0000,4081.6000,4081.2000,4080.2000,4083.2000,4085.0000,4085.2000,4086.2000,4087.2000,1,1,1,1,1,1,4,1,2,2
SF,IF2009,2020-03-05 09:34:10.000,4084.0000,9984,1,353337180.000,1,1,0,双开,S,4082.0000,4081.6000,4080.2000,4080.0000,4075.4000,4085.0000,4085.2000,4086.2000,4087.2000,4088.2000,1,1,1,3,1,4,1,2,2,1
SF,IF2009,2020-03-05 09:34:10.500,4084.0000,9984,0,353337180.000,0,-,-,-,-,4082.0000,4081.6000,4080.2000,4080.0000,4075.4000,4084.8000,4085.0000,4086.2000,4087.2000,4088.2000,1,1,1,3,1,1,3,2,2,1
SF,IF2009,2020-03-05 09:34:11.000,4084.0000,9984,0,353337180.000,0,-,-,-,-,4082.0000,4081.6000,4080.2000,4080.0000,4075.4000,4083.2000,4083.4000,4084.6000,4084.8000,4085.0000,1,1,1,3,1,1,1,1,4,5
SF,IF2009,2020-03-05 09:34:11.500,4084.0000,9984,0,353337180.000,0,-,-,-,-,4082.0000,4081.6000,4080.2000,4080.0000,4075.4000,4083.2000,4083.4000,4083.6000,4084.6000,4084.8000,1,1,1,3,1,1,1,1,1,4
SF,IF2009,2020-03-05 09:34:12.000,4084.0000,9984,0,353337180.000,0,-,-,-,-,4082.0000,4081.6000,4080.2000,4080.0000,4075.4000,4082.8000,4083.2000,4083.4000,4084.6000,4084.8000,1,1,1,3,1,1,1,1,1,4
SF,IF2009,2020-03-05 09:34:12.500,4084.0000,9984,0,353337180.000,0,-,-,-,-,4082.0000,4081.6000,4080.2000,4080.0000,4075.0000,4082.8000,4083.2000,4083.4000,4084.6000,4084.8000,1,1,1,3,6,1,1,1,1,2
SF,IF2009,2020-03-05 09:34:13.000,4082.6000,9984,0,355786560.000,2,1,1,多换,S,4082.2000,4081.6000,4080.2000,4080.0000,4075.0000,4082.8000,4083.2000,4083.4000,4084.6000,4084.8000,1,1,1,1,6,1,1,1,1,2
SF,IF2009,2020-03-05 09:34:13.500,4082.2000,9983,-1,357011220.000,1,0,1,双平,S,4080.2000,4075.0000,4070.4000,4063.0000,4060.0000,4082.8000,4083.2000,4083.4000,4084.6000,4084.8000,1,6,1,1,1,1,1,1,1,2
SF,IF2009,2020-03-05 09:34:14.000,4082.2000,9983,0,357011220.000,0,-,-,-,-,4080.2000,4075.0000,4070.4000,4063.0000,4060.0000,4082.0000,4082.6000,4082.8000,4083.2000,4083.4000,1,6,1,1,1,4,3,1,1,1
SF,IF2009,2020-03-05 09:34:14.500,4082.2000,9983,0,357011220.000,0,-,-,-,-,4080.4000,4080.2000,4075.0000,4070.4000,4063.0000,4082.6000,4082.8000,4083.2000,4083.4000,4084.8000,1,1,6,1,1,2,1,1,1,1
SF,IF2009,2020-03-05 09:34:15.000,4082.2000,9983,0,357011220.000,0,-,-,-,-,4080.6000,4080.4000,4080.2000,4075.0000,4070.4000,4082.8000,4083.2000,4083.4000,4084.8000,4085.0000,1,1,1,6,1,1,1,1,1,1
SF,IF2009,2020-03-05 09:34:15.500,4080.8000,9983,0,358235460.000,1,0,1,多换,S,4082.0000,4080.8000,4080.6000,4080.2000,4075.0000,4082.8000,4083.2000,4083.4000,4084.8000,4085.0000,1,1,1,1,6,1,1,1,1,1
SF,IF2009,2020-03-05 09:34:16.000,4082.8000,9983,0,359460300.000,1,0,1,多换,S,4082.0000,4080.8000,4080.6000,4080.2000,4075.0000,4083.2000,4083.4000,4084.8000,4085.0000,4086.2000,1,1,1,1,6,1,1,1,1,2
SF,IF2009,2020-03-05 09:34:16.500,4083.2000,9983,0,360685260.000,1,0,1,多换,S,4082.0000,4080.8000,4080.6000,4080.2000,4075.0000,4083.4000,4085.0000,4086.2000,4087.2000,4088.2000,1,1,1,1,6,1,1,2,2,1
SF,IF2009,2020-03-05 09:34:17.000,4082.0000,9983,0,361909860.000,1,0,1,多换,S,4081.2000,4080.8000,4080.6000,4080.2000,4075.0000,4083.4000,4085.0000,4086.2000,4087.2000,4088.2000,1,1,1,1,6,1,1,2,2,1
SF,IF2009,2020-03-05 09:34:17.500,4082.0000,9983,0,361909860.000,0,-,-,-,-,4081.4000,4081.2000,4080.8000,4080.6000,4080.2000,4083.2000,4083.4000,4085.0000,4086.2000,4087.2000,1,1,1,1,1,1,1,1,2,2
SF,IF2009,2020-03-05 09:34:18.500,4083.4000,9982,-1,364359840.000,2,0,2,多平,S,4083.2000,4081.4000,4080.8000,4080.6000,4080.2000,4085.0000,4086.2000,4087.2000,4088.2000,4089.2000,5,1,1,1,1,1,2,2,1,1
SF,IF2009,2020-03-05 09:34:19.000,4083.2000,9980,-2,366809760.000,2,0,2,双平,S,4083.6000,4083.2000,4081.4000,4080.8000,4080.6000,4084.2000,4084.8000,4085.0000,4086.2000,4087.2000,1,3,1,1,1,1,2,1,2,2
SF,IF2009,2020-03-05 09:34:19.500,4083.2000,9978,-2,371709600.000,4,1,3,多平,S,4081.4000,4080.8000,4080.6000,4080.2000,4075.0000,4083.0000,4084.0000,4084.2000,4084.8000,4085.0000,1,2,1,1,6,2,2,1,1,4
SF,IF2009,2020-03-05 09:34:20.000,4083.2000,9978,0,371709600.000,0,-,-,-,-,4081.6000,4081.4000,4080.8000,4080.6000,4080.2000,4084.2000,4084.8000,4085.0000,4086.2000,4087.2000,1,1,1,1,1,1,1,1,2,2
SF,IF2009,2020-03-05 09:34:20.500,4081.6000,9976,-2,374158620.000,2,0,2,双平,S,4080.8000,4080.6000,4080.2000,4075.0000,4070.4000,4081.4000,4084.0000,4084.2000,4084.8000,4086.2000,1,1,1,6,1,2,6,1,1,2
SF,IF2009,2020-03-05 09:34:21.000,4084.0000,9974,-2,377832660.000,3,0,3,多平,S,4081.4000,4081.0000,4080.6000,4080.2000,4075.0000,4084.0000,4084.2000,4084.8000,4086.2000,4087.2000,6,1,1,1,6,3,1,1,2,2
SF,IF2009,2020-03-05 09:34:21.500,4084.0000,9974,0,377832660.000,0,-,-,-,-,4081.8000,4081.6000,4081.4000,4081.0000,4080.6000,4083.8000,4084.0000,4084.8000,4086.2000,4087.2000,1,1,6,1,1,2,3,1,2,2
SF,IF2009,2020-03-05 09:34:22.000,4084.0000,9974,0,377832660.000,0,-,-,-,-,4082.0000,4081.8000,4081.6000,4081.0000,4080.6000,4083.4000,4083.6000,4083.8000,4084.0000,4084.8000,1,1,1,1,1,1,1,1,1,1
SF,IF2009,2020-03-05 09:34:22.500,4084.0000,9974,0,377832660.000,0,-,-,-,-,4082.0000,4081.8000,4081.6000,4080.6000,4080.2000,4083.4000,4083.6000,4084.8000,4086.2000,4087.2000,1,1,1,1,1,1,1,1,2,2
SF,IF2009,2020-03-05 09:34:23.000,4084.0000,9974,0,377832660.000,0,-,-,-,-,4082.0000,4081.8000,4081.6000,4081.2000,4080.6000,4083.4000,4083.6000,4084.2000,4084.8000,4086.2000,1,1,1,1,1,1,1,1,1,2
SF,IF2009,2020-03-05 09:34:23.500,4082.0000,9973,-1,379057260.000,1,0,1,双平,S,4081.8000,4081.2000,4080.6000,4080.2000,4075.0000,4083.4000,4083.6000,4084.2000,4084.8000,4086.2000,1,1,1,1,6,1,1,1,1,2
SF,IF2009,2020-03-05 09:34:24.000,4082.0000,9973,0,379057260.000,0,-,-,-,-,4081.8000,4081.2000,4080.6000,4080.2000,4075.0000,4083.2000,4083.4000,4084.2000,4084.8000,4086.2000,1,1,1,1,6,2,1,1,1,2
SF,IF2009,2020-03-05 09:34:24.500,4082.0000,9973,0,379057260.000,0,-,-,-,-,4081.8000,4080.6000,4080.2000,4075.0000,4070.4000,4083.2000,4083.4000,4084.2000,4084.8000,4086.2000,1,1,1,6,1,2,1,1,1,2
SF,IF2009,2020-03-05 09:34:25.000,4082.0000,9973,0,379057260.000,0,-,-,-,-,4081.8000,4080.6000,4080.2000,4075.0000,4070.4000,4083.2000,4083.4000,4083.6000,4084.2000,4084.8000,1,1,1,6,1,2,1,1,1,1
SF,IF2009,2020-03-05 09:34:25.500,4082.0000,9973,0,379057260.000,0,-,-,-,-,4081.8000,4080.6000,4080.2000,4075.0000,4070.4000,4083.2000,4083.4000,4084.2000,4084.8000,4086.2000,1,1,1,6,1,2,1,1,1,2
SF,IF2009,2020-03-05 09:34:26.000,4081.8000,9972,-1,380281800.000,1,0,1,双平,S,4080.6000,4080.2000,4075.0000,4070.4000,4063.0000,4083.0000,4083.2000,4083.4000,4084.8000,4086.2000,1,1,6,1,1,2,2,1,1,2
SF,IF2009,2020-03-05 09:34:26.500,4081.8000,9972,0,380281800.000,0,-,-,-,-,4075.0000,4070.4000,4063.0000,4060.0000,4058.0000,4082.6000,4082.8000,4083.0000,4083.4000,4084.8000,6,1,1,1,1,1,2,2,1,1
SF,IF2009,2020-03-05 09:34:27.000,4081.8000,9972,0,380281800.000,0,-,-,-,-,4077.4000,4076.8000,4076.6000,4076.2000,4075.4000,4081.4000,4082.4000,4082.6000,4082.8000,4083.0000,5,1,1,1,4,1,5,1,1,1
SF,IF2009,2020-03-05 09:34:27.500,4081.8000,9972,0,380281800.000,0,-,-,-,-,4078.2000,4078.0000,4077.6000,4077.4000,4076.8000,4081.2000,4081.4000,4081.6000,4082.4000,4082.6000,1,2,4,5,1,2,1,1,3,1
SF,IF2009,2020-03-05 09:34:28.000,4081.8000,9972,0,380281800.000,0,-,-,-,-,4078.4000,4078.2000,4078.0000,4077.6000,4077.4000,4081.0000,4081.2000,4081.6000,4082.4000,4082.6000,2,1,2,2,4,2,2,1,2,1
SF,IF2009,2020-03-05 09:34:28.500,4081.8000,9972,0,380281800.000,0,-,-,-,-,4080.0000,4078.4000,4078.2000,4078.0000,4077.6000,4080.8000,4081.0000,4081.6000,4082.4000,4082.6000,1,1,1,2,2,3,2,1,2,1
SF,IF2009,2020-03-05 09:34:29.000,4080.0000,9972,0,381505800.000,1,0,1,多换,S,4078.4000,4078.2000,4078.0000,4077.6000,4077.4000,4080.0000,4080.8000,4081.0000,4081.6000,4082.4000,1,1,2,2,4,1,1,2,1,2
SF,IF2009,2020-03-05 09:34:29.500,4078.6000,9972,0,383953380.000,2,1,1,多换,S,4078.4000,4078.2000,4078.0000,4077.6000,4077.4000,4080.0000,4081.0000,4081.6000,4082.4000,4082.6000,1,1,1,2,4,1,2,1,2,1
SF,IF2009,2020-03-05 09:34:30.000,4078.6000,9972,0,383953380.000,0,-,-,-,-,4078.0000,4077.6000,4077.4000,4075.0000,4070.4000,4078.4000,4080.0000,4081.0000,4082.4000,4082.8000,1,1,4,1,1,1,3,2,2,1
SF,IF2009,2020-03-05 09:34:30.500,4079.8000,9972,0,386400840.000,2,1,1,多换,S,4078.4000,4075.0000,4070.4000,4070.0000,4063.0000,4080.0000,4081.0000,4082.4000,4082.8000,4083.0000,6,1,1,5,1,3,1,2,1,1
SF,IF2009,2020-03-05 09:34:31.000,4079.8000,9972,0,386400840.000,0,-,-,-,-,4078.4000,4075.0000,4070.4000,4070.0000,4063.0000,4079.4000,4079.8000,4080.0000,4081.0000,4082.4000,6,1,1,5,1,1,7,4,1,2
SF,IF2009,2020-03-05 09:34:31.500,4078.4000,9971,-1,387624360.000,1,0,1,双平,S,4078.4000,4075.0000,4070.4000,4070.0000,4063.0000,4079.2000,4079.4000,4080.0000,4081.0000,4082.4000,5,1,1,5,1,1,1,3,1,2
SF,IF2009,2020-03-05 09:34:32.000,4078.4000,9969,-2,390071400.000,2,0,2,双平,S,4075.0000,4070.4000,4070.0000,4063.0000,4060.0000,4079.2000,4079.4000,4080.0000,4081.0000,4082.4000,1,1,5,1,1,1,1,2,1,2
SF,IF2009,2020-03-05 09:34:32.500,4078.4000,9969,0,390071400.000,0,-,-,-,-,4075.4000,4075.2000,4075.0000,4070.4000,4070.0000,4079.0000,4079.2000,4079.4000,4080.0000,4081.0000,1,3,1,1,5,2,2,1,2,1
SF,IF2009,2020-03-05 09:34:33.000,4078.4000,9969,0,390071400.000,0,-,-,-,-,4075.8000,4075.6000,4075.4000,4075.0000,4070.4000,4078.8000,4079.0000,4079.2000,4079.4000,4080.0000,1,3,1,1,1,2,3,1,1,2
SF,IF2009,2020-03-05 09:34:33.500,4078.4000,9969,0,390071400.000,0,-,-,-,-,4076.0000,4075.8000,4075.6000,4075.0000,4070.4000,4077.6000,4078.6000,4078.8000,4079.0000,4079.2000,2,2,1,1,1,1,3,2,1,1
SF,IF2009,2020-03-05 09:34:34.000,4076.0000,9968,-1,391294200.000,1,0,1,双平,S,4075.8000,4075.6000,4075.0000,4072.4000,4070.4000,4077.4000,4077.6000,4078.6000,4078.8000,4079.0000,2,1,1,1,1,1,1,5,2,1
SF,IF2009,2020-03-05 09:34:34.500,4075.8000,9966,-2,393739740.000,2,0,2,双平,S,4075.6000,4075.0000,4072.4000,4070.4000,4070.0000,4077.4000,4077.6000,4078.6000,4078.8000,4079.0000,1,1,1,1,5,1,1,4,1,1
SF,IF2009,2020-03-05 09:34:35.000,4075.8000,9966,0,393739740.000,0,-,-,-,-,4075.6000,4075.0000,4072.4000,4070.4000,4070.0000,4077.2000,4077.4000,4077.6000,4078.6000,4079.0000,1,1,1,1,5,1,1,1,3,1
SF,IF2009,2020-03-05 09:34:35.500,4075.6000,9966,0,394962420.000,1,0,1,多换,S,4075.0000,4072.4000,4070.4000,4070.0000,4063.0000,4077.2000,4077.4000,4077.6000,4078.6000,4079.0000,1,1,1,5,1,1,1,1,2,1
SF,IF2009,2020-03-05 09:34:36.000,4075.6000,9966,0,394962420.000,0,-,-,-,-,4075.0000,4072.4000,4070.4000,4070.0000,4063.0000,4077.0000,4077.2000,4077.6000,4078.6000,4079.0000,1,1,1,5,1,1,2,1,2,1
SF,IF2009,2020-03-05 09:34:36.500,4075.2000,9966,0,396184980.000,1,0,1,多换,S,4075.2000,4075.0000,4072.4000,4070.4000,4070.0000,4076.8000,4077.0000,4077.2000,4077.6000,4078.6000,1,1,1,1,5,1,1,1,1,1
SF,IF2009,2020-03-05 09:34:37.000,4075.2000,9964,-2,398630100.000,2,0,2,双平,S,4075.0000,4072.4000,4070.4000,4070.0000,4063.0000,4076.8000,4077.0000,4077.2000,4077.6000,4078.6000,1,1,1,5,1,1,1,1,1,1
SF,IF2009,2020-03-05 09:34:37.500,4076.8000,9963,-1,399853140.000,1,0,1,双平,S,4075.4000,4075.2000,4075.0000,4072.4000,4070.0000,4077.0000,4077.2000,4077.6000,4078.6000,4079.2000,2,1,1,1,5,1,1,1,1,1
SF,IF2009,2020-03-05 09:34:38.000,4076.8000,9963,0,402299280.000,2,1,1,多换,S,4075.6000,4075.4000,4075.2000,4075.0000,4072.4000,4077.2000,4078.6000,4079.2000,4079.4000,4080.0000,2,2,1,1,1,1,1,1,1,1
SF,IF2009,2020-03-05 09:34:38.500,4076.8000,9963,0,402299280.000,0,-,-,-,-,4075.6000,4075.4000,4075.2000,4075.0000,4072.4000,4077.2000,4078.6000,4079.2000,4079.4000,4080.0000,1,1,1,1,1,1,1,1,1,1
SF,IF2009,2020-03-05 09:34:39.000,4075.8000,9961,-2,404744760.000,2,0,2,双平,S,4075.6000,4075.4000,4075.2000,4075.0000,4072.4000,4077.2000,4078.6000,4079.2000,4079.4000,4080.0000,1,1,1,1,1,1,1,1,1,1
SF,IF2009,2020-03-05 09:34:39.500,4077.2000,9962,1,405967920.000,1,1,0,双开,S,4075.6000,4075.2000,4075.0000,4072.4000,4070.0000,4078.6000,4079.2000,4079.4000,4080.0000,4083.4000,1,1,1,1,5,1,1,1,1,1
SF,IF2009,2020-03-05 09:34:40.000,4075.8000,9961,-1,407190660.000,1,0,1,双平,S,4076.0000,4075.6000,4075.2000,4075.0000,4072.4000,4078.4000,4078.6000,4079.2000,4079.4000,4080.0000,1,1,1,1,1,3,1,1,1,1
