市场代码,合约代码,时间,最新,持仓,增仓,成交额,成交量,开仓,平仓,成交类型,方向,买一价,买二价,买三价,买四价,买五价,卖一价,卖二价,卖三价,卖四价,卖五价,买一量,买二量,买三量,买四量,买五量,卖一量,卖二量,卖三量,卖四量,卖五量
SF,IF2006,2020-04-23 09:29:00.000,3769.8000,42804,0,13571280.000,12.000,-,-,-,-,3767.2000,3766.4000,3766.0000,3765.0000,3763.0000,3770.0000,3771.4000,3774.0000,3775.0000,3776.0000,2,1,1,1,2,2,1,1,1,1
SF,IF2006,2020-04-23 09:30:00.500,3766.0000,42804,0,32785080.000,17,8,9,多换,S,3764.8000,3763.0000,3762.4000,3760.6000,3760.0000,3766.2000,3767.2000,3769.8000,3770.0000,3771.2000,1,2,1,2,1,1,1,16,4,1
SF,IF2006,2020-04-23 09:30:01.000,3766.0000,42801,-3,37304280.000,4,0,4,多平,S,3764.8000,3763.0000,3762.4000,3760.6000,3760.0000,3766.0000,3766.2000,3766.4000,3767.2000,3769.8000,3,2,1,2,1,9,3,3,2,3
SF,IF2006,2020-04-23 09:30:01.500,3766.0000,42797,-4,44082060.000,6,1,5,多平,S,3765.0000,3764.8000,3763.0000,3762.4000,3760.6000,3766.0000,3766.2000,3767.2000,3769.8000,3770.0000,4,1,2,1,2,5,1,2,3,2
SF,IF2006,2020-04-23 09:30:02.000,3766.0000,42794,-3,47471340.000,3,0,3,双平,S,3765.4000,3765.2000,3765.0000,3764.8000,3763.0000,3766.0000,3766.2000,3767.2000,3769.8000,3770.0000,2,10,1,1,2,2,1,2,3,2
SF,IF2006,2020-04-23 09:30:02.500,3766.2000,42792,-2,51990480.000,4,1,3,多平,S,3766.4000,3766.2000,3766.0000,3765.8000,3765.6000,3767.2000,3769.8000,3770.0000,3770.8000,3771.2000,1,5,1,1,13,2,2,2,1,1
SF,IF2006,2020-04-23 09:30:03.000,3766.2000,42791,-1,53120340.000,1,0,1,双平,S,3766.6000,3766.4000,3766.2000,3766.0000,3765.6000,3767.2000,3769.0000,3769.8000,3770.0000,3770.8000,4,5,5,1,10,2,1,3,2,1
SF,IF2006,2020-04-23 09:30:03.500,3766.6000,42790,-1,63290880.000,9,4,5,多平,S,3766.6000,3766.4000,3766.2000,3766.0000,3765.6000,3769.0000,3769.8000,3770.0000,3770.8000,3771.2000,5,2,3,1,10,1,3,2,1,1
SF,IF2006,2020-04-23 09:30:04.000,3766.6000,42790,0,65550840.000,2,1,1,多换,S,3766.8000,3766.6000,3766.2000,3766.0000,3765.6000,3768.6000,3768.8000,3769.0000,3769.2000,3769.8000,14,3,3,1,2,1,6,1,1,3
SF,IF2006,2020-04-23 09:30:04.500,3766.6000,42790,0,65550840.000,0,-,-,-,-,3767.2000,3767.0000,3766.8000,3766.2000,3766.0000,3768.4000,3768.6000,3768.8000,3769.0000,3769.2000,1,5,10,3,1,5,1,1,1,1
SF,IF2006,2020-04-23 09:30:05.000,3768.2000,42786,-4,72333060.000,6,1,5,多平,S,3767.2000,3767.0000,3766.8000,3766.2000,3766.0000,3768.2000,3768.4000,3768.8000,3769.0000,3769.8000,2,1,3,3,1,1,5,1,1,3
SF,IF2006,2020-04-23 09:30:05.500,3768.2000,42783,-3,75724440.000,3,0,3,双平,S,3767.2000,3767.0000,3766.8000,3766.2000,3765.6000,3768.2000,3768.4000,3768.8000,3769.0000,3769.8000,2,1,1,3,2,4,2,1,1,3
SF,IF2006,2020-04-23 09:30:06.000,3767.2000,42784,1,77984760.000,2,1,1,空开,S,3767.0000,3766.2000,3765.6000,3764.8000,3763.0000,3768.0000,3768.2000,3768.8000,3769.0000,3769.8000,1,3,2,1,2,3,4,1,1,5
SF,IF2006,2020-04-23 09:30:06.500,3767.2000,42784,0,77984760.000,0,-,-,-,-,3766.2000,3765.6000,3764.8000,3763.0000,3762.4000,3767.6000,3768.0000,3768.2000,3768.8000,3769.0000,3,2,1,2,1,1,4,2,1,1
SF,IF2006,2020-04-23 09:30:07.000,3767.4000,42782,-2,81375420.000,3,0,3,多平,S,3766.4000,3766.2000,3765.6000,3764.8000,3763.0000,3767.2000,3767.4000,3767.6000,3768.2000,3768.8000,1,3,1,1,2,2,1,2,2,1
SF,IF2006,2020-04-23 09:30:07.500,3766.6000,42778,-4,85895640.000,4,0,4,双平,S,3766.4000,3766.2000,3765.6000,3764.8000,3763.0000,3766.6000,3767.4000,3768.2000,3768.8000,3769.0000,2,3,1,1,2,1,1,2,1,6
SF,IF2006,2020-04-23 09:30:08.000,3766.4000,42779,1,92675400.000,6,3,3,空开,S,3765.6000,3764.8000,3763.0000,3762.4000,3761.2000,3766.2000,3766.6000,3767.0000,3767.4000,3768.2000,1,1,2,1,1,1,1,1,1,2
SF,IF2006,2020-04-23 09:30:08.500,3766.2000,42778,-1,93805260.000,1,0,1,双平,S,3765.6000,3764.8000,3763.0000,3762.4000,3761.2000,3766.2000,3766.6000,3767.0000,3767.4000,3768.2000,1,1,2,1,1,1,1,1,1,2
SF,IF2006,2020-04-23 09:30:09.000,3765.6000,42778,0,96064680.000,2,1,1,多换,S,3764.8000,3763.0000,3762.4000,3761.2000,3760.6000,3766.2000,3766.6000,3767.0000,3767.4000,3768.2000,1,2,1,1,1,2,1,1,1,2
SF,IF2006,2020-04-23 09:30:09.500,3766.2000,42778,0,97194540.000,1,0,1,多换,S,3765.8000,3765.6000,3765.4000,3765.0000,3764.8000,3766.2000,3766.4000,3766.6000,3767.0000,3767.4000,2,1,1,12,2,1,5,1,1,1
SF,IF2006,2020-04-23 09:30:10.000,3765.4000,42774,-4,102843180.000,5,0,5,多平,S,3765.0000,3764.8000,3763.0000,3762.4000,3761.2000,3765.6000,3765.8000,3766.4000,3766.6000,3767.0000,12,1,2,1,1,1,1,5,1,1
SF,IF2006,2020-04-23 09:30:10.500,3765.0000,42774,0,105102360.000,2,1,1,多换,S,3765.0000,3764.8000,3763.0000,3762.4000,3761.2000,3765.8000,3766.4000,3766.6000,3767.0000,3767.4000,6,1,2,1,1,1,5,1,1,1
SF,IF2006,2020-04-23 09:30:11.000,3764.8000,42769,-5,114138480.000,8,1,7,多平,S,3763.0000,3762.4000,3761.2000,3760.6000,3760.0000,3765.0000,3765.6000,3765.8000,3766.4000,3766.6000,2,1,1,1,1,1,3,3,5,1
SF,IF2006,2020-04-23 09:30:11.500,3764.8000,42768,-1,115267920.000,1,0,1,双平,S,3763.8000,3763.2000,3763.0000,3762.6000,3762.4000,3764.8000,3765.0000,3765.6000,3765.8000,3766.4000,1,8,4,1,1,2,3,2,1,7
SF,IF2006,2020-04-23 09:30:12.000,3764.8000,42768,0,115267920.000,0,-,-,-,-,3764.0000,3763.8000,3763.2000,3763.0000,3762.6000,3765.0000,3765.4000,3765.6000,3765.8000,3766.4000,6,1,2,3,1,3,2,2,1,6
SF,IF2006,2020-04-23 09:30:12.500,3764.8000,42766,-2,117526800.000,2,0,2,双平,S,3764.0000,3763.2000,3763.0000,3762.6000,3762.4000,3764.8000,3765.0000,3765.4000,3765.6000,3765.8000,6,2,3,1,1,3,4,2,3,1
SF,IF2006,2020-04-23 09:30:13.000,3764.0000,42761,-5,123172800.000,5,0,5,双平,S,3764.0000,3763.2000,3763.0000,3762.6000,3762.4000,3764.6000,3764.8000,3765.0000,3765.4000,3765.6000,1,2,3,1,1,2,1,4,2,3
SF,IF2006,2020-04-23 09:30:13.500,3764.0000,42760,-1,124302000.000,1,0,1,双平,S,3763.2000,3763.0000,3762.6000,3762.4000,3762.2000,3764.0000,3764.4000,3764.6000,3765.0000,3765.4000,1,2,1,1,2,1,1,2,4,2
SF,IF2006,2020-04-23 09:30:14.000,3764.0000,42760,0,124302000.000,0,-,-,-,-,3763.4000,3763.2000,3763.0000,3762.6000,3762.4000,3764.4000,3764.6000,3765.0000,3765.4000,3765.6000,2,1,2,1,1,1,2,4,2,3
SF,IF2006,2020-04-23 09:30:14.500,3764.0000,42758,-2,126560400.000,2,0,2,双平,S,3763.4000,3763.0000,3762.6000,3762.4000,3762.2000,3764.0000,3764.4000,3764.6000,3765.0000,3765.4000,2,2,1,1,2,4,1,1,5,2
SF,IF2006,2020-04-23 09:30:15.000,3764.0000,42754,-4,131077200.000,4,0,4,双平,S,3763.4000,3763.0000,3762.6000,3762.4000,3762.2000,3765.0000,3765.4000,3765.6000,3765.8000,3766.2000,1,2,1,1,2,5,2,3,1,2
SF,IF2006,2020-04-23 09:30:15.500,3764.2000,42753,-1,133335900.000,2,0,2,多平,S,3763.6000,3763.4000,3763.0000,3762.6000,3762.4000,3764.0000,3764.8000,3765.0000,3765.4000,3765.6000,1,3,2,1,1,2,2,5,2,3
SF,IF2006,2020-04-23 09:30:16.000,3764.0000,42751,-2,135594300.000,2,0,2,双平,S,3763.8000,3763.4000,3763.0000,3762.6000,3762.4000,3764.8000,3765.0000,3765.4000,3765.6000,3765.8000,2,2,2,1,1,1,5,2,3,1
SF,IF2006,2020-04-23 09:30:16.500,3764.0000,42749,-2,137853000.000,2,0,2,双平,S,3763.8000,3763.0000,3762.6000,3762.4000,3762.2000,3765.0000,3765.4000,3765.6000,3766.2000,3766.4000,4,2,1,1,2,4,2,2,2,6
SF,IF2006,2020-04-23 09:30:17.000,3764.0000,42745,-4,143500200.000,5,0,5,多平,S,3764.0000,3763.8000,3763.0000,3762.6000,3762.4000,3765.4000,3765.6000,3766.2000,3766.4000,3766.6000,4,4,2,1,1,2,2,2,6,1
SF,IF2006,2020-04-23 09:30:17.500,3764.0000,42745,0,143500200.000,0,-,-,-,-,3764.2000,3764.0000,3763.8000,3763.0000,3762.6000,3765.2000,3765.4000,3765.6000,3766.2000,3766.4000,3,5,3,2,1,1,2,2,2,6
SF,IF2006,2020-04-23 09:30:18.000,3764.0000,42745,0,143500200.000,0,-,-,-,-,3764.4000,3764.2000,3763.8000,3763.2000,3763.0000,3765.0000,3765.2000,3765.4000,3765.6000,3766.2000,4,3,2,1,3,1,1,2,2,2
SF,IF2006,2020-04-23 09:30:18.500,3764.0000,42745,0,143500200.000,0,-,-,-,-,3764.6000,3764.4000,3764.2000,3763.8000,3763.2000,3765.0000,3765.2000,3765.4000,3765.6000,3766.2000,1,2,2,1,1,1,1,2,2,2
SF,IF2006,2020-04-23 09:30:19.000,3764.8000,42741,-4,148017960.000,4,0,4,双平,S,3764.6000,3764.4000,3764.2000,3763.8000,3763.2000,3765.0000,3765.4000,3765.6000,3766.2000,3766.4000,1,1,2,1,1,1,2,2,2,6
SF,IF2006,2020-04-23 09:30:19.500,3764.4000,42740,-1,150276660.000,2,0,2,多平,S,3764.2000,3763.8000,3763.2000,3763.0000,3762.6000,3765.0000,3765.4000,3765.6000,3766.2000,3766.4000,2,1,1,3,1,1,2,2,2,6
SF,IF2006,2020-04-23 09:30:20.000,3763.8000,42737,-3,154793700.000,4,0,4,多平,S,3763.2000,3763.0000,3762.6000,3762.4000,3762.2000,3764.8000,3765.0000,3765.4000,3765.6000,3766.2000,1,3,1,1,2,1,3,2,2,2
SF,IF2006,2020-04-23 09:30:20.500,3764.0000,42736,-1,155922900.000,1,0,1,双平,S,3763.4000,3763.2000,3763.0000,3762.6000,3762.4000,3764.6000,3764.8000,3765.0000,3765.4000,3765.6000,5,1,3,1,1,1,3,1,2,2
SF,IF2006,2020-04-23 09:30:21.000,3763.4000,42735,-1,158180940.000,2,0,2,多平,S,3763.4000,3763.2000,3763.0000,3762.6000,3762.4000,3764.4000,3764.6000,3765.0000,3765.4000,3765.6000,2,1,3,1,1,3,2,1,2,2
SF,IF2006,2020-04-23 09:30:21.500,3763.4000,42735,0,158180940.000,0,-,-,-,-,3763.4000,3763.2000,3763.0000,3762.6000,3762.4000,3764.2000,3764.4000,3765.0000,3765.4000,3765.6000,2,1,3,1,1,2,3,1,2,2
SF,IF2006,2020-04-23 09:30:22.000,3763.4000,42734,-1,159309960.000,1,0,1,双平,S,3763.4000,3763.2000,3763.0000,3762.6000,3762.4000,3764.2000,3764.4000,3765.0000,3765.4000,3765.6000,1,1,3,1,1,2,2,1,2,2
SF,IF2006,2020-04-23 09:30:22.500,3763.0000,42733,-1,162696840.000,3,1,2,多平,S,3763.0000,3762.6000,3762.4000,3762.2000,3761.2000,3764.0000,3764.2000,3764.4000,3765.0000,3765.4000,2,1,1,2,1,1,2,1,1,2
SF,IF2006,2020-04-23 09:30:23.000,3763.0000,42733,0,163825740.000,1,0,1,多换,S,3763.0000,3762.4000,3761.2000,3760.6000,3760.0000,3763.4000,3763.8000,3764.0000,3764.4000,3765.0000,1,1,1,1,1,1,4,3,1,1
SF,IF2006,2020-04-23 09:30:23.500,3763.0000,42733,0,164954640.000,1,0,1,多换,S,3762.4000,3761.2000,3760.6000,3760.0000,3759.0000,3762.8000,3763.0000,3763.4000,3763.8000,3764.0000,1,1,1,1,2,1,2,1,4,3
SF,IF2006,2020-04-23 09:30:24.000,3763.0000,42733,0,164954640.000,0,-,-,-,-,3762.4000,3761.2000,3760.6000,3760.0000,3759.0000,3763.0000,3763.4000,3763.8000,3764.0000,3764.4000,1,1,1,1,2,2,1,4,3,1
SF,IF2006,2020-04-23 09:30:24.500,3763.0000,42732,-1,166083540.000,1,0,1,双平,S,3762.4000,3762.0000,3761.2000,3760.6000,3760.0000,3762.8000,3763.0000,3763.4000,3763.8000,3764.0000,1,1,1,1,1,1,2,1,4,2
SF,IF2006,2020-04-23 09:30:25.000,3763.0000,42732,0,166083540.000,0,-,-,-,-,3762.4000,3762.0000,3761.2000,3760.6000,3760.0000,3762.8000,3763.4000,3763.8000,3764.0000,3764.2000,1,1,1,1,1,1,1,4,1,2
SF,IF2006,2020-04-23 09:30:25.500,3762.4000,42732,0,167212260.000,1,0,1,多换,S,3762.0000,3761.2000,3760.6000,3760.0000,3759.0000,3762.8000,3763.4000,3763.8000,3764.2000,3764.4000,1,1,1,1,2,1,1,4,2,1
SF,IF2006,2020-04-23 09:30:26.000,3762.4000,42732,0,167212260.000,0,-,-,-,-,3762.0000,3761.2000,3760.6000,3760.0000,3759.0000,3763.4000,3763.8000,3764.2000,3764.4000,3765.4000,1,1,1,1,2,1,4,2,1,2
SF,IF2006,2020-04-23 09:30:26.500,3762.4000,42732,0,167212260.000,0,-,-,-,-,3762.0000,3761.2000,3760.6000,3760.0000,3759.0000,3763.2000,3763.4000,3763.8000,3764.2000,3764.4000,1,1,1,1,2,5,1,1,2,1
SF,IF2006,2020-04-23 09:30:27.000,3762.4000,42732,0,167212260.000,0,-,-,-,-,3762.0000,3761.2000,3760.6000,3760.0000,3759.0000,3762.8000,3763.2000,3763.4000,3763.8000,3764.2000,2,1,1,1,2,1,5,1,1,2
SF,IF2006,2020-04-23 09:30:27.500,3762.4000,42732,0,167212260.000,0,-,-,-,-,3762.0000,3761.2000,3760.6000,3760.0000,3759.0000,3762.8000,3763.2000,3763.4000,3763.8000,3764.2000,2,1,1,1,2,1,4,1,1,2
SF,IF2006,2020-04-23 09:30:28.000,3763.2000,42731,-1,170598780.000,3,1,2,多平,S,3762.4000,3762.2000,3762.0000,3761.2000,3760.6000,3763.2000,3763.4000,3763.8000,3764.2000,3764.4000,1,1,2,1,1,3,1,1,2,1
SF,IF2006,2020-04-23 09:30:28.500,3763.2000,42731,0,170598780.000,0,-,-,-,-,3762.6000,3762.2000,3762.0000,3761.2000,3760.6000,3763.2000,3763.4000,3763.8000,3764.2000,3764.4000,1,1,2,1,1,1,1,1,2,1
SF,IF2006,2020-04-23 09:30:29.000,3763.2000,42731,0,170598780.000,0,-,-,-,-,3762.6000,3762.2000,3762.0000,3761.2000,3760.6000,3763.0000,3763.2000,3763.4000,3763.8000,3764.2000,1,1,1,1,1,1,2,1,1,2
SF,IF2006,2020-04-23 09:30:29.500,3763.2000,42731,0,170598780.000,0,-,-,-,-,3762.2000,3762.0000,3761.2000,3760.6000,3760.0000,3763.2000,3763.4000,3763.8000,3764.2000,3764.4000,1,1,1,1,2,2,1,1,2,1
SF,IF2006,2020-04-23 09:30:30.000,3763.2000,42730,-1,171727740.000,1,0,1,双平,S,3762.2000,3762.0000,3761.2000,3760.6000,3760.0000,3762.6000,3763.4000,3763.8000,3764.2000,3764.4000,2,1,1,1,2,1,1,1,2,1
SF,IF2006,2020-04-23 09:30:30.500,3762.6000,42729,-1,172856520.000,1,0,1,双平,S,3762.8000,3762.6000,3762.4000,3762.2000,3762.0000,3763.4000,3763.8000,3764.2000,3764.4000,3765.4000,1,3,1,2,1,1,1,2,1,2
SF,IF2006,2020-04-23 09:30:31.000,3763.0000,42728,-1,175114440.000,2,0,2,多平,S,3762.6000,3762.4000,3762.2000,3762.0000,3761.2000,3763.4000,3763.8000,3764.2000,3764.4000,3765.4000,2,1,2,1,1,1,1,2,1,2
SF,IF2006,2020-04-23 09:30:31.500,3763.4000,42727,-1,176243460.000,1,0,1,双平,S,3762.8000,3762.6000,3762.2000,3762.0000,3761.2000,3763.8000,3764.2000,3764.4000,3766.0000,3766.4000,1,4,1,1,1,1,2,1,1,1
SF,IF2006,2020-04-23 09:30:32.000,3763.0000,42727,0,177372360.000,1,0,1,多换,S,3763.0000,3762.8000,3762.6000,3762.4000,3762.2000,3763.8000,3764.2000,3764.4000,3766.0000,3766.4000,2,2,3,10,1,1,2,1,1,1
SF,IF2006,2020-04-23 09:30:32.500,3763.0000,42725,-2,181888320.000,4,1,3,多平,S,3763.0000,3762.8000,3762.6000,3762.4000,3762.2000,3764.2000,3764.4000,3766.0000,3766.4000,3767.4000,1,2,3,10,1,2,1,1,1,1
SF,IF2006,2020-04-23 09:30:33.000,3763.0000,42725,0,181888320.000,0,-,-,-,-,3763.2000,3763.0000,3762.6000,3762.4000,3762.2000,3764.0000,3764.2000,3764.4000,3766.0000,3766.4000,1,2,3,10,1,1,2,1,1,1
SF,IF2006,2020-04-23 09:30:33.500,3763.0000,42725,0,181888320.000,0,-,-,-,-,3764.0000,3763.2000,3763.0000,3762.6000,3762.4000,3764.2000,3764.4000,3766.0000,3766.4000,3767.4000,1,2,1,3,10,2,1,1,1,1
SF,IF2006,2020-04-23 09:30:34.000,3763.0000,42722,-3,189792180.000,7,2,5,多平,S,3762.6000,3762.4000,3762.0000,3761.2000,3761.0000,3762.8000,3763.0000,3763.2000,3766.0000,3766.4000,3,10,1,1,1,6,1,1,1,1
SF,IF2006,2020-04-23 09:30:34.500,3763.2000,42715,-7,198823080.000,8,0,8,多平,S,3764.0000,3763.6000,3763.4000,3763.0000,3762.8000,3764.2000,3766.0000,3766.4000,3767.2000,3767.4000,1,1,2,4,19,1,1,1,1,1
SF,IF2006,2020-04-23 09:30:35.000,3764.2000,42714,-1,199952340.000,1,0,1,双平,S,3764.2000,3764.0000,3763.6000,3763.2000,3763.0000,3765.8000,3766.0000,3766.4000,3766.8000,3767.2000,1,2,1,1,1,1,1,1,3,1
SF,IF2006,2020-04-23 09:30:35.500,3764.2000,42714,0,199952340.000,0,-,-,-,-,3764.4000,3764.2000,3764.0000,3763.6000,3763.2000,3765.6000,3766.0000,3766.4000,3766.8000,3767.2000,1,1,1,1,1,6,1,1,3,1
SF,IF2006,2020-04-23 09:30:36.000,3764.6000,42713,-1,202211340.000,2,0,2,多平,S,3764.6000,3764.4000,3764.0000,3763.6000,3763.2000,3765.6000,3766.0000,3766.4000,3766.8000,3767.2000,1,1,1,1,1,5,1,1,3,1
SF,IF2006,2020-04-23 09:30:36.500,3765.4000,42712,-1,204470340.000,2,0,2,多平,S,3764.8000,3764.6000,3764.0000,3763.6000,3763.0000,3765.6000,3766.0000,3766.4000,3766.8000,3767.2000,1,1,1,1,1,5,1,1,3,1
SF,IF2006,2020-04-23 09:30:37.000,3765.0000,42711,-1,208988700.000,4,1,3,多平,S,3764.8000,3764.0000,3763.6000,3763.2000,3763.0000,3765.6000,3766.0000,3766.4000,3766.8000,3767.2000,2,1,1,1,1,5,1,1,3,1
SF,IF2006,2020-04-23 09:30:37.500,3765.0000,42711,0,208988700.000,0,-,-,-,-,3764.8000,3764.0000,3763.6000,3763.2000,3763.0000,3765.6000,3766.0000,3766.4000,3766.8000,3767.2000,2,1,1,1,1,2,1,1,3,1
SF,IF2006,2020-04-23 09:30:38.000,3764.8000,42709,-2,211247580.000,2,0,2,双平,S,3765.0000,3764.0000,3763.6000,3763.4000,3763.0000,3765.4000,3765.6000,3766.0000,3766.4000,3766.8000,1,1,1,3,2,2,4,1,1,3
SF,IF2006,2020-04-23 09:30:38.500,3765.0000,42708,-1,212377080.000,1,0,1,双平,S,3764.0000,3763.6000,3763.4000,3763.0000,3762.8000,3765.4000,3765.6000,3766.0000,3766.4000,3766.8000,1,1,3,2,12,2,2,1,1,3
SF,IF2006,2020-04-23 09:30:39.000,3765.0000,42708,0,212377080.000,0,-,-,-,-,3764.0000,3763.6000,3763.4000,3763.0000,3762.8000,3765.2000,3765.4000,3765.6000,3766.0000,3766.4000,1,1,2,2,12,2,2,1,1,1
SF,IF2006,2020-04-23 09:30:39.500,3765.0000,42707,-1,213506580.000,1,0,1,双平,S,3764.0000,3763.6000,3763.4000,3763.0000,3762.8000,3765.0000,3765.2000,3766.0000,3766.4000,3766.8000,1,2,2,2,12,1,4,1,1,3
SF,IF2006,2020-04-23 09:30:40.000,3765.0000,42707,0,213506580.000,0,-,-,-,-,3764.0000,3763.6000,3763.4000,3763.0000,3762.8000,3765.0000,3765.2000,3766.0000,3766.4000,3766.8000,1,2,2,2,12,4,1,1,1,3
SF,IF2006,2020-04-23 09:30:40.500,3765.0000,42706,-1,214636080.000,1,0,1,双平,S,3764.0000,3763.6000,3763.0000,3762.8000,3762.6000,3765.0000,3765.2000,3766.0000,3766.4000,3766.8000,1,1,1,12,3,3,1,1,1,3
SF,IF2006,2020-04-23 09:30:41.000,3765.0000,42706,0,214636080.000,0,-,-,-,-,3764.0000,3763.8000,3763.6000,3763.0000,3762.8000,3764.8000,3765.0000,3766.0000,3766.4000,3766.8000,1,1,1,1,10,5,2,1,1,3
SF,IF2006,2020-04-23 09:30:41.500,3764.8000,42705,-1,219153480.000,4,1,3,多平,S,3764.2000,3763.8000,3763.6000,3763.0000,3762.8000,3764.8000,3765.0000,3766.0000,3766.4000,3766.8000,1,1,1,1,10,2,2,1,1,3
SF,IF2006,2020-04-23 09:30:42.000,3764.0000,42703,-2,222541080.000,3,0,3,多平,S,3763.0000,3762.8000,3762.6000,3762.4000,3762.0000,3764.0000,3764.8000,3765.0000,3766.0000,3766.4000,1,1,3,11,1,1,2,2,1,1
SF,IF2006,2020-04-23 09:30:42.500,3763.8000,42701,-2,224799120.000,2,0,2,双平,S,3762.8000,3762.6000,3762.4000,3762.0000,3761.6000,3763.8000,3764.0000,3764.8000,3765.0000,3766.0000,1,3,11,1,10,2,2,1,2,1
SF,IF2006,2020-04-23 09:30:43.000,3763.0000,42700,-1,225928020.000,1,0,1,双平,S,3763.0000,3762.8000,3762.6000,3762.4000,3762.0000,3763.6000,3763.8000,3764.0000,3765.0000,3766.0000,4,1,3,11,1,1,3,1,2,1
SF,IF2006,2020-04-23 09:30:43.500,3763.0000,42700,0,225928020.000,0,-,-,-,-,3763.0000,3762.8000,3762.6000,3762.4000,3762.0000,3763.4000,3763.6000,3763.8000,3764.0000,3764.2000,4,1,3,11,1,1,1,3,1,2
SF,IF2006,2020-04-23 09:30:44.000,3763.0000,42699,-1,227056920.000,1,0,1,双平,S,3763.0000,3762.8000,3762.6000,3762.4000,3762.0000,3763.4000,3763.6000,3763.8000,3764.0000,3764.2000,3,1,3,11,1,1,1,3,1,2
SF,IF2006,2020-04-23 09:30:44.500,3763.2000,42694,-5,232701720.000,5,0,5,双平,S,3763.0000,3762.8000,3762.6000,3762.4000,3762.0000,3763.4000,3763.6000,3763.8000,3764.0000,3764.2000,3,1,1,11,1,1,1,3,1,2
SF,IF2006,2020-04-23 09:30:45.000,3763.2000,42694,0,232701720.000,0,-,-,-,-,3763.2000,3763.0000,3762.8000,3762.6000,3762.4000,3763.4000,3763.6000,3763.8000,3764.0000,3764.2000,1,3,1,1,11,1,1,2,1,2
SF,IF2006,2020-04-23 09:30:45.500,3763.0000,42694,0,236088660.000,3,1,2,多换,S,3763.0000,3762.8000,3762.6000,3762.4000,3762.0000,3763.8000,3764.0000,3764.2000,3765.0000,3766.0000,2,1,1,11,1,2,1,2,2,1
SF,IF2006,2020-04-23 09:30:46.000,3763.0000,42694,0,237217560.000,1,0,1,多换,S,3763.0000,3762.8000,3762.6000,3762.4000,3762.0000,3763.6000,3763.8000,3764.0000,3764.2000,3765.0000,1,1,1,11,1,3,4,1,2,3
SF,IF2006,2020-04-23 09:30:46.500,3763.0000,42692,-2,239475360.000,2,0,2,双平,S,3762.8000,3762.6000,3762.4000,3762.0000,3761.6000,3763.4000,3763.6000,3763.8000,3764.0000,3764.2000,1,1,11,1,10,3,3,2,1,2
SF,IF2006,2020-04-23 09:30:47.000,3763.4000,42689,-3,242862180.000,3,0,3,双平,S,3762.6000,3762.4000,3762.0000,3761.6000,3761.4000,3763.4000,3763.6000,3763.8000,3764.0000,3764.2000,1,11,1,10,1,1,2,2,1,2
SF,IF2006,2020-04-23 09:30:47.500,3763.4000,42689,0,242862180.000,0,-,-,-,-,3762.6000,3762.4000,3762.0000,3761.6000,3761.4000,3763.0000,3763.4000,3763.6000,3763.8000,3764.0000,1,11,1,10,1,1,1,2,2,1
SF,IF2006,2020-04-23 09:30:48.000,3763.0000,42689,0,245119860.000,2,1,1,多换,S,3762.4000,3762.0000,3761.6000,3761.4000,3761.2000,3763.0000,3763.6000,3763.8000,3764.0000,3764.2000,11,1,10,1,1,1,2,1,1,2
SF,IF2006,2020-04-23 09:30:48.500,3763.0000,42689,0,245119860.000,0,-,-,-,-,3762.6000,3762.4000,3762.0000,3761.6000,3761.4000,3763.0000,3763.6000,3763.8000,3764.0000,3764.2000,2,11,1,10,1,1,2,1,1,2
SF,IF2006,2020-04-23 09:30:49.000,3763.0000,42689,0,246248760.000,1,0,1,多换,S,3762.6000,3762.4000,3762.0000,3761.6000,3761.4000,3763.6000,3763.8000,3764.0000,3764.2000,3765.0000,2,11,1,10,1,2,1,1,2,3
SF,IF2006,2020-04-23 09:30:49.500,3763.0000,42689,0,246248760.000,0,-,-,-,-,3762.8000,3762.6000,3762.4000,3762.0000,3761.6000,3763.4000,3763.6000,3763.8000,3764.0000,3764.2000,1,2,11,1,10,2,2,1,1,2
SF,IF2006,2020-04-23 09:30:50.000,3763.0000,42689,0,246248760.000,0,-,-,-,-,3762.6000,3762.4000,3762.0000,3761.6000,3761.4000,3763.0000,3763.4000,3763.6000,3763.8000,3764.0000,2,11,1,10,1,1,2,2,1,1
SF,IF2006,2020-04-23 09:30:51.000,3762.6000,42688,-1,248506440.000,2,0,2,多平,S,3762.6000,3762.4000,3762.0000,3761.6000,3761.4000,3763.4000,3763.6000,3763.8000,3764.0000,3764.2000,1,11,1,10,1,2,2,1,1,2
SF,IF2006,2020-04-23 09:30:51.500,3762.8000,42689,1,249635280.000,1,1,0,双开,S,3762.6000,3762.4000,3762.0000,3761.6000,3761.4000,3763.4000,3763.6000,3763.8000,3764.0000,3764.2000,1,11,1,10,1,2,2,1,1,2
SF,IF2006,2020-04-23 09:30:52.000,3762.8000,42689,0,249635280.000,0,-,-,-,-,3762.8000,3762.6000,3762.4000,3762.2000,3762.0000,3763.0000,3763.4000,3763.6000,3763.8000,3764.0000,1,1,11,1,1,1,2,2,1,1
SF,IF2006,2020-04-23 09:30:52.500,3763.0000,42688,-1,250764180.000,1,0,1,双平,S,3762.8000,3762.6000,3762.4000,3762.2000,3762.0000,3763.4000,3763.6000,3763.8000,3764.0000,3764.2000,1,1,11,1,1,1,2,1,1,2
SF,IF2006,2020-04-23 09:30:53.000,3763.0000,42685,-3,254151120.000,3,0,3,双平,S,3763.0000,3762.8000,3762.6000,3762.4000,3762.2000,3763.4000,3763.6000,3764.0000,3764.2000,3765.0000,1,1,1,11,1,1,2,1,2,3
SF,IF2006,2020-04-23 09:30:53.500,3763.0000,42684,-1,256409040.000,2,0,2,多平,S,3762.8000,3762.6000,3762.4000,3762.2000,3762.0000,3764.0000,3764.2000,3765.0000,3766.0000,3766.8000,1,1,11,1,1,1,2,3,1,3
SF,IF2006,2020-04-23 09:30:54.000,3763.0000,42683,-1,257537940.000,1,0,1,双平,S,3763.0000,3762.8000,3762.6000,3762.4000,3762.2000,3763.8000,3764.0000,3764.2000,3765.0000,3766.0000,2,3,1,11,1,1,1,2,3,1
SF,IF2006,2020-04-23 09:30:54.500,3763.0000,42683,0,258666840.000,1,0,1,多换,S,3763.2000,3763.0000,3762.8000,3762.6000,3762.4000,3763.8000,3764.0000,3764.2000,3765.0000,3766.0000,1,2,3,1,11,1,1,2,3,1
SF,IF2006,2020-04-23 09:30:55.000,3763.0000,42683,0,258666840.000,0,-,-,-,-,3763.2000,3763.0000,3762.8000,3762.6000,3762.4000,3763.6000,3763.8000,3764.0000,3764.2000,3765.0000,1,2,2,1,11,2,1,1,2,3
SF,IF2006,2020-04-23 09:30:55.500,3763.8000,42683,0,262054140.000,3,1,2,多换,S,3763.8000,3763.2000,3763.0000,3762.8000,3762.6000,3764.0000,3764.2000,3765.0000,3766.0000,3766.8000,1,1,2,2,1,1,2,3,1,3
SF,IF2006,2020-04-23 09:30:56.000,3763.6000,42683,0,264312360.000,2,1,1,多换,S,3763.6000,3763.2000,3763.0000,3762.6000,3762.4000,3763.8000,3764.0000,3764.2000,3765.0000,3766.0000,10,1,2,1,11,1,1,2,3,1
SF,IF2006,2020-04-23 09:30:56.500,3763.6000,42683,0,264312360.000,0,-,-,-,-,3763.6000,3763.2000,3763.0000,3762.6000,3762.4000,3763.8000,3764.0000,3764.2000,3765.0000,3766.0000,10,1,2,1,11,2,1,2,3,1
SF,IF2006,2020-04-23 09:30:57.500,3763.6000,42683,0,264312360.000,0,-,-,-,-,3763.6000,3763.2000,3763.0000,3762.6000,3762.4000,3763.8000,3764.0000,3764.2000,3765.0000,3766.0000,10,1,2,1,11,2,1,2,3,1
SF,IF2006,2020-04-23 09:30:58.000,3763.6000,42683,0,265441440.000,1,0,1,多换,S,3763.6000,3763.2000,3763.0000,3762.4000,3762.2000,3763.8000,3764.0000,3764.2000,3765.0000,3766.0000,9,1,3,11,1,2,1,2,3,1
SF,IF2006,2020-04-23 09:30:58.500,3763.8000,42682,-1,268828740.000,3,1,2,多平,S,3763.6000,3763.2000,3763.0000,3762.4000,3762.2000,3763.8000,3764.0000,3764.2000,3765.0000,3766.0000,7,1,3,11,1,1,1,2,3,1
SF,IF2006,2020-04-23 09:30:59.000,3763.6000,42683,1,275603220.000,6,3,3,空开,S,3763.6000,3763.2000,3763.0000,3762.4000,3762.2000,3763.8000,3764.0000,3764.2000,3765.0000,3766.0000,1,1,2,11,1,2,1,2,3,1
SF,IF2006,2020-04-23 09:30:59.500,3763.6000,42683,0,276732300.000,1,0,1,多换,S,3763.0000,3762.4000,3762.2000,3762.0000,3761.6000,3763.2000,3763.8000,3764.0000,3764.2000,3765.0000,2,11,1,1,10,1,1,1,2,3
SF,IF2006,2020-04-23 09:31:00.000,3763.2000,42680,-3,280119060.000,3,0,3,双平,S,3762.4000,3762.2000,3762.0000,3761.6000,3761.4000,3763.8000,3764.0000,3764.2000,3765.0000,3766.0000,11,1,1,13,1,1,1,2,3,1
SF,IF2006,2020-04-23 09:31:00.500,3763.6000,42678,-2,282377040.000,2,0,2,双平,S,3762.6000,3762.4000,3762.2000,3762.0000,3761.6000,3763.6000,3764.0000,3764.2000,3765.0000,3766.0000,3,11,1,1,13,6,1,2,3,1
SF,IF2006,2020-04-23 09:31:01.000,3763.6000,42678,0,282377040.000,0,-,-,-,-,3762.4000,3762.2000,3762.0000,3761.6000,3761.4000,3763.6000,3764.0000,3764.2000,3765.0000,3766.0000,11,1,1,13,1,6,1,2,3,1
SF,IF2006,2020-04-23 09:31:01.500,3762.6000,42677,-1,283505820.000,1,0,1,双平,S,3762.4000,3762.2000,3762.0000,3761.6000,3761.4000,3763.6000,3764.0000,3764.2000,3765.0000,3766.0000,11,1,1,13,1,5,1,2,3,1
SF,IF2006,2020-04-23 09:31:02.000,3762.6000,42677,0,283505820.000,0,-,-,-,-,3763.2000,3762.6000,3762.4000,3762.2000,3762.0000,3763.6000,3764.0000,3764.2000,3765.0000,3766.0000,10,2,11,1,1,5,1,2,3,1
SF,IF2006,2020-04-23 09:31:02.500,3763.6000,42674,-3,289150860.000,5,1,4,多平,S,3763.2000,3762.6000,3762.4000,3762.2000,3762.0000,3764.0000,3764.2000,3765.0000,3766.0000,3766.8000,7,1,11,1,1,1,2,3,1,3
SF,IF2006,2020-04-23 09:31:03.000,3763.2000,42672,-2,292537740.000,3,0,3,多平,S,3763.2000,3762.6000,3762.4000,3762.2000,3762.0000,3763.4000,3763.6000,3763.8000,3764.0000,3764.2000,4,1,11,1,1,1,3,7,7,3
SF,IF2006,2020-04-23 09:31:03.500,3763.2000,42669,-3,297053580.000,4,0,4,多平,S,3762.6000,3762.4000,3762.2000,3762.0000,3761.6000,3763.8000,3764.0000,3764.2000,3765.0000,3766.0000,1,11,1,1,13,7,7,2,3,1
SF,IF2006,2020-04-23 09:31:04.500,3763.2000,42669,0,297053580.000,0,-,-,-,-,3762.6000,3762.4000,3762.2000,3762.0000,3761.6000,3763.8000,3764.0000,3764.2000,3765.0000,3766.0000,1,11,1,1,13,7,7,2,3,1
SF,IF2006,2020-04-23 09:31:05.000,3763.2000,42669,0,297053580.000,0,-,-,-,-,3762.6000,3762.4000,3762.2000,3762.0000,3761.6000,3763.6000,3763.8000,3764.0000,3764.2000,3765.0000,1,11,1,1,13,1,7,7,2,3
SF,IF2006,2020-04-23 09:31:05.500,3763.2000,42669,0,297053580.000,0,-,-,-,-,3762.4000,3762.2000,3762.0000,3761.6000,3761.4000,3763.2000,3763.4000,3763.6000,3763.8000,3764.0000,11,1,1,13,1,1,5,3,3,7
SF,IF2006,2020-04-23 09:31:06.000,3763.2000,42669,0,297053580.000,0,-,-,-,-,3763.0000,3762.4000,3762.2000,3762.0000,3761.6000,3763.2000,3763.4000,3763.6000,3763.8000,3764.0000,1,11,1,1,13,1,5,3,3,7
SF,IF2006,2020-04-23 09:31:06.500,3762.4000,42668,-1,301568880.000,4,1,3,多平,S,3762.4000,3762.2000,3762.0000,3761.6000,3761.4000,3762.6000,3763.4000,3763.6000,3763.8000,3764.0000,9,1,1,13,1,5,5,3,3,7
SF,IF2006,2020-04-23 09:31:07.000,3762.6000,42664,-4,306084000.000,4,0,4,双平,S,3762.4000,3762.2000,3762.0000,3761.6000,3761.4000,3762.6000,3763.4000,3763.6000,3763.8000,3764.0000,9,1,1,13,1,1,5,3,2,7
SF,IF2006,2020-04-23 09:31:07.500,3762.6000,42664,0,306084000.000,0,-,-,-,-,3762.4000,3762.2000,3762.0000,3761.6000,3761.4000,3762.6000,3763.4000,3763.6000,3763.8000,3764.0000,9,1,1,13,1,1,5,2,2,7
SF,IF2006,2020-04-23 09:31:08.500,3762.6000,42663,-1,307212780.000,1,0,1,双平,S,3762.6000,3762.4000,3762.2000,3762.0000,3761.6000,3763.4000,3763.6000,3763.8000,3764.0000,3764.2000,1,9,1,1,13,5,3,2,6,2
SF,IF2006,2020-04-23 09:31:09.000,3762.6000,42663,0,308341560.000,1,0,1,多换,S,3762.4000,3762.2000,3762.0000,3761.6000,3761.4000,3763.2000,3763.4000,3763.6000,3763.8000,3764.0000,9,1,1,13,1,1,5,2,1,6
SF,IF2006,2020-04-23 09:31:09.500,3762.4000,42662,-1,309470280.000,1,0,1,双平,S,3762.4000,3762.2000,3762.0000,3761.6000,3761.4000,3763.0000,3763.4000,3763.6000,3763.8000,3764.0000,8,1,1,13,1,5,2,2,1,6
SF,IF2006,2020-04-23 09:31:10.000,3762.4000,42662,0,309470280.000,0,-,-,-,-,3762.4000,3762.2000,3762.0000,3761.6000,3761.4000,3762.8000,3763.0000,3763.4000,3763.6000,3763.8000,8,1,2,13,1,1,5,2,2,1
SF,IF2006,2020-04-23 09:31:10.500,3762.8000,42661,-1,311727960.000,2,0,2,多平,S,3762.6000,3762.4000,3762.2000,3762.0000,3761.6000,3763.0000,3763.4000,3763.6000,3763.8000,3764.0000,2,8,1,2,13,6,2,2,1,6
SF,IF2006,2020-04-23 09:31:11.000,3762.8000,42661,0,311727960.000,0,-,-,-,-,3762.6000,3762.4000,3762.2000,3762.0000,3761.6000,3763.0000,3763.4000,3763.6000,3763.8000,3764.0000,2,8,1,2,13,1,2,2,1,6
SF,IF2006,2020-04-23 09:31:12.000,3762.8000,42661,0,311727960.000,0,-,-,-,-,3762.6000,3762.4000,3762.2000,3762.0000,3761.6000,3763.0000,3763.4000,3763.6000,3763.8000,3764.0000,3,10,2,2,13,1,2,1,1,6
SF,IF2006,2020-04-23 09:31:12.500,3763.0000,42660,-1,312856860.000,1,0,1,双平,S,3763.0000,3762.6000,3762.4000,3762.2000,3762.0000,3763.4000,3763.6000,3763.8000,3764.0000,3764.2000,1,3,10,2,2,2,1,1,6,2
SF,IF2006,2020-04-23 09:31:13.000,3763.0000,42660,0,313985760.000,1,0,1,多换,S,3763.2000,3762.6000,3762.4000,3762.2000,3762.0000,3763.6000,3763.8000,3764.0000,3764.2000,3765.0000,1,3,10,2,2,1,1,6,2,3
SF,IF2006,2020-04-23 09:31:13.500,3762.6000,42660,0,316243440.000,2,1,1,多换,S,3762.6000,3762.4000,3762.2000,3762.0000,3761.6000,3763.6000,3763.8000,3764.0000,3764.2000,3765.0000,2,10,2,2,13,1,2,6,2,3
SF,IF2006,2020-04-23 09:31:14.000,3762.6000,42660,0,316243440.000,0,-,-,-,-,3762.8000,3762.6000,3762.4000,3762.2000,3762.0000,3763.6000,3763.8000,3764.0000,3764.2000,3765.0000,3,4,10,2,2,1,2,5,2,3
SF,IF2006,2020-04-23 09:31:14.500,3763.0000,42660,0,317372340.000,1,0,1,多换,S,3762.8000,3762.6000,3762.4000,3762.2000,3762.0000,3763.6000,3763.8000,3764.0000,3764.2000,3765.0000,3,3,10,2,2,1,2,5,2,3
SF,IF2006,2020-04-23 09:31:15.000,3763.0000,42660,0,317372340.000,0,-,-,-,-,3762.8000,3762.6000,3762.4000,3762.2000,3762.0000,3763.6000,3763.8000,3764.0000,3764.2000,3765.0000,3,3,10,2,2,1,3,5,2,3
SF,IF2006,2020-04-23 09:31:15.500,3763.0000,42660,0,317372340.000,0,-,-,-,-,3762.8000,3762.6000,3762.4000,3762.2000,3762.0000,3763.4000,3763.6000,3763.8000,3764.0000,3764.2000,2,3,10,2,2,1,1,3,5,2
SF,IF2006,2020-04-23 09:31:16.000,3763.0000,42660,0,317372340.000,0,-,-,-,-,3762.8000,3762.6000,3762.4000,3762.2000,3762.0000,3763.4000,3763.6000,3763.8000,3764.0000,3764.2000,1,2,10,2,2,1,1,3,5,2
SF,IF2006,2020-04-23 09:31:16.500,3762.8000,42660,0,318501180.000,1,0,1,多换,S,3762.6000,3762.4000,3762.2000,3762.0000,3761.6000,3763.4000,3763.6000,3763.8000,3764.0000,3764.2000,2,10,2,2,13,1,2,3,5,2
SF,IF2006,2020-04-23 09:31:17.000,3762.8000,42660,0,318501180.000,0,-,-,-,-,3762.6000,3762.4000,3762.2000,3762.0000,3761.6000,3763.4000,3763.6000,3763.8000,3764.0000,3764.2000,2,10,2,2,13,2,2,3,5,2
SF,IF2006,2020-04-23 09:31:17.500,3763.4000,42658,-2,320759220.000,2,0,2,双平,S,3762.8000,3762.6000,3762.4000,3762.2000,3762.0000,3763.6000,3763.8000,3764.0000,3764.2000,3765.0000,1,5,10,2,2,2,3,5,2,3
SF,IF2006,2020-04-23 09:31:18.000,3763.4000,42658,0,320759220.000,0,-,-,-,-,3763.2000,3762.6000,3762.4000,3762.2000,3762.0000,3763.6000,3763.8000,3764.0000,3764.2000,3765.0000,1,3,10,2,2,2,4,5,2,3
SF,IF2006,2020-04-23 09:31:18.500,3763.4000,42658,0,320759220.000,0,-,-,-,-,3763.2000,3762.6000,3762.4000,3762.2000,3762.0000,3763.6000,3763.8000,3764.0000,3764.2000,3765.0000,1,3,10,2,2,2,5,5,2,3
SF,IF2006,2020-04-23 09:31:19.000,3763.2000,42657,-1,321888180.000,1,0,1,双平,S,3762.6000,3762.4000,3762.2000,3762.0000,3761.6000,3763.6000,3763.8000,3764.0000,3765.0000,3766.0000,3,10,2,2,13,2,6,5,3,1
SF,IF2006,2020-04-23 09:31:19.500,3763.2000,42657,0,321888180.000,0,-,-,-,-,3762.8000,3762.6000,3762.4000,3762.2000,3762.0000,3763.0000,3763.2000,3763.4000,3763.6000,3763.8000,1,3,10,2,2,1,3,6,4,5
SF,IF2006,2020-04-23 09:31:20.000,3762.6000,42654,-3,325274580.000,3,0,3,双平,S,3762.6000,3762.4000,3762.2000,3762.0000,3761.6000,3763.2000,3763.4000,3763.6000,3763.8000,3764.0000,1,10,2,2,13,1,5,4,5,5
SF,IF2006,2020-04-23 09:31:20.500,3763.0000,42653,-1,326403480.000,1,0,1,双平,S,3762.6000,3762.4000,3762.2000,3762.0000,3761.6000,3763.0000,3763.2000,3763.4000,3763.6000,3763.8000,1,10,2,2,13,1,1,5,4,5
SF,IF2006,2020-04-23 09:31:21.000,3763.2000,42652,-1,330919140.000,4,1,3,多平,S,3763.2000,3762.6000,3762.4000,3762.2000,3762.0000,3763.4000,3763.6000,3763.8000,3764.0000,3765.0000,10,1,10,2,2,5,3,5,5,3
SF,IF2006,2020-04-23 09:31:21.500,3763.2000,42652,0,342208740.000,10,5,5,多换,S,3762.6000,3762.4000,3762.2000,3762.0000,3761.6000,3763.2000,3763.4000,3763.6000,3763.8000,3764.0000,1,10,2,2,13,2,6,3,5,5
SF,IF2006,2020-04-23 09:31:22.000,3763.2000,42652,0,342208740.000,0,-,-,-,-,3762.6000,3762.4000,3762.2000,3762.0000,3761.6000,3763.2000,3763.4000,3763.6000,3763.8000,3764.0000,1,10,2,2,13,2,3,3,5,5
SF,IF2006,2020-04-23 09:31:22.500,3763.2000,42652,0,342208740.000,0,-,-,-,-,3763.0000,3762.6000,3762.4000,3762.2000,3762.0000,3763.2000,3763.4000,3763.6000,3763.8000,3764.0000,2,1,10,2,2,2,3,3,5,5
SF,IF2006,2020-04-23 09:31:23.000,3763.2000,42652,0,343337700.000,1,0,1,多换,S,3763.0000,3762.6000,3762.4000,3762.2000,3762.0000,3763.2000,3763.4000,3763.6000,3763.8000,3764.0000,2,1,10,2,2,1,4,3,5,5
SF,IF2006,2020-04-23 09:31:23.500,3763.0000,42652,0,345595500.000,2,1,1,多换,S,3762.6000,3762.4000,3762.2000,3762.0000,3761.6000,3763.2000,3763.4000,3763.6000,3763.8000,3764.0000,1,10,2,2,13,1,4,3,5,5
SF,IF2006,2020-04-23 09:31:24.000,3763.2000,42652,0,346724460.000,1,0,1,多换,S,3762.6000,3762.4000,3762.2000,3762.0000,3761.6000,3763.2000,3763.4000,3763.6000,3763.8000,3764.0000,1,10,2,2,13,3,7,3,5,5
SF,IF2006,2020-04-23 09:31:25.000,3763.2000,42652,0,347853420.000,1,0,1,多换,S,3762.6000,3762.4000,3762.2000,3762.0000,3761.6000,3763.2000,3763.4000,3763.6000,3763.8000,3764.0000,1,10,2,2,13,2,7,3,5,5
SF,IF2006,2020-04-23 09:31:25.500,3763.2000,42650,-2,350111340.000,2,0,2,双平,S,3762.8000,3762.6000,3762.4000,3762.2000,3762.0000,3763.4000,3763.6000,3763.8000,3764.0000,3765.0000,1,1,10,2,2,6,3,5,5,3
SF,IF2006,2020-04-23 09:31:26.000,3763.2000,42650,0,350111340.000,0,-,-,-,-,3762.8000,3762.6000,3762.4000,3762.2000,3762.0000,3763.4000,3763.6000,3763.8000,3764.0000,3765.0000,1,1,10,2,2,6,4,5,5,3
SF,IF2006,2020-04-23 09:31:26.500,3763.2000,42650,0,350111340.000,0,-,-,-,-,3762.8000,3762.6000,3762.4000,3762.2000,3762.0000,3763.4000,3763.6000,3763.8000,3764.0000,3765.0000,1,1,10,2,2,4,6,5,5,3
SF,IF2006,2020-04-23 09:31:27.000,3763.2000,42650,0,350111340.000,0,-,-,-,-,3762.8000,3762.6000,3762.4000,3762.2000,3762.0000,3763.4000,3763.6000,3763.8000,3764.0000,3765.0000,1,1,10,2,2,4,6,5,5,3
SF,IF2006,2020-04-23 09:31:27.500,3762.8000,42649,-1,351240180.000,1,0,1,双平,S,3762.6000,3762.4000,3762.2000,3762.0000,3761.6000,3763.4000,3763.6000,3763.8000,3764.0000,3765.0000,1,10,2,2,13,4,6,5,5,3
SF,IF2006,2020-04-23 09:31:28.000,3762.8000,42648,-1,352369020.000,1,0,1,双平,S,3762.6000,3762.4000,3762.2000,3762.0000,3761.6000,3763.2000,3763.4000,3763.6000,3763.8000,3764.0000,1,10,2,2,13,2,4,7,5,5
SF,IF2006,2020-04-23 09:31:28.500,3763.2000,42648,0,353497980.000,1,0,1,多换,S,3762.6000,3762.4000,3762.2000,3762.0000,3761.6000,3763.2000,3763.4000,3763.6000,3763.8000,3764.0000,1,10,2,2,13,1,4,7,5,5
SF,IF2006,2020-04-23 09:31:29.000,3763.2000,42648,0,353497980.000,0,-,-,-,-,3762.6000,3762.4000,3762.2000,3762.0000,3761.6000,3762.8000,3763.0000,3763.2000,3763.4000,3763.6000,1,10,2,2,13,1,3,1,8,7
SF,IF2006,2020-04-23 09:31:29.500,3762.6000,42648,0,354626760.000,1,0,1,多换,S,3762.4000,3762.2000,3762.0000,3761.6000,3761.0000,3762.8000,3763.0000,3763.2000,3763.4000,3763.6000,10,2,2,13,2,1,3,1,8,7
SF,IF2006,2020-04-23 09:31:30.000,3762.6000,42649,1,356884380.000,2,1,1,空开,S,3762.4000,3762.2000,3762.0000,3761.6000,3761.0000,3763.0000,3763.4000,3763.6000,3763.8000,3764.0000,10,2,2,13,2,4,8,7,5,5
SF,IF2006,2020-04-23 09:31:30.500,3762.6000,42649,0,356884380.000,0,-,-,-,-,3762.4000,3762.2000,3762.0000,3761.6000,3761.0000,3762.8000,3763.0000,3763.4000,3763.6000,3763.8000,10,2,2,13,2,1,3,8,7,5
SF,IF2006,2020-04-23 09:31:31.000,3763.0000,42645,-4,361399920.000,4,0,4,双平,S,3762.8000,3762.6000,3762.4000,3762.2000,3762.0000,3763.4000,3763.6000,3763.8000,3764.0000,3765.0000,2,1,10,2,2,8,7,5,5,3
SF,IF2006,2020-04-23 09:31:31.500,3763.4000,42637,-8,370432080.000,8,0,8,双平,S,3762.8000,3762.6000,3762.4000,3762.2000,3762.0000,3763.0000,3763.6000,3763.8000,3764.0000,3765.0000,1,1,10,2,2,1,9,5,5,3
SF,IF2006,2020-04-23 09:31:32.000,3763.0000,42636,-1,371560980.000,1,0,1,双平,S,3763.0000,3762.6000,3762.4000,3762.2000,3762.0000,3763.6000,3763.8000,3764.0000,3765.0000,3766.0000,8,1,10,2,2,9,5,5,3,1
SF,IF2006,2020-04-23 09:31:32.500,3763.0000,42636,0,372689880.000,1,0,1,多换,S,3763.0000,3762.6000,3762.4000,3762.2000,3762.0000,3763.6000,3763.8000,3764.0000,3765.0000,3766.0000,8,1,11,2,2,9,5,5,3,1
SF,IF2006,2020-04-23 09:31:33.000,3763.6000,42634,-2,374948040.000,2,0,2,双平,S,3763.0000,3762.6000,3762.4000,3762.2000,3762.0000,3763.6000,3763.8000,3764.0000,3765.0000,3766.0000,8,1,11,2,2,7,5,5,3,1
SF,IF2006,2020-04-23 09:31:33.500,3763.2000,42626,-8,386238480.000,10,1,9,多平,S,3763.0000,3762.6000,3762.4000,3762.2000,3762.0000,3763.8000,3764.0000,3765.0000,3766.0000,3766.8000,8,2,11,2,2,6,5,3,1,3
SF,IF2006,2020-04-23 09:31:34.000,3764.0000,42620,-6,398659320.000,11,2,9,多平,S,3763.8000,3763.6000,3763.2000,3763.0000,3762.6000,3764.0000,3765.0000,3766.0000,3766.8000,3767.2000,1,1,8,7,2,3,3,1,3,1
SF,IF2006,2020-04-23 09:31:34.500,3764.0000,42617,-3,402046920.000,3,0,3,双平,S,3764.0000,3763.8000,3763.6000,3763.2000,3763.0000,3765.0000,3766.0000,3766.8000,3767.2000,3767.6000,1,1,1,4,5,3,1,3,1,2
SF,IF2006,2020-04-23 09:31:35.000,3764.0000,42617,0,402046920.000,0,-,-,-,-,3764.2000,3764.0000,3763.6000,3763.2000,3763.0000,3764.8000,3765.0000,3765.2000,3766.0000,3766.8000,1,1,1,3,4,5,3,2,1,3
SF,IF2006,2020-04-23 09:31:35.500,3763.0000,42612,-5,408821040.000,6,0,6,多平,S,3763.0000,3762.6000,3762.4000,3762.2000,3762.0000,3764.0000,3764.6000,3764.8000,3765.0000,3765.2000,3,2,11,2,2,1,2,1,3,2
SF,IF2006,2020-04-23 09:31:36.000,3763.0000,42612,0,408821040.000,0,-,-,-,-,3763.2000,3763.0000,3762.6000,3762.4000,3762.2000,3764.0000,3764.2000,3764.6000,3764.8000,3765.0000,2,3,2,11,2,1,1,2,1,4
SF,IF2006,2020-04-23 09:31:36.500,3763.0000,42612,0,408821040.000,0,-,-,-,-,3763.2000,3763.0000,3762.6000,3762.4000,3762.2000,3764.0000,3764.2000,3764.6000,3764.8000,3765.0000,2,3,2,11,2,1,2,2,1,3
SF,IF2006,2020-04-23 09:31:37.000,3763.0000,42612,0,408821040.000,0,-,-,-,-,3763.2000,3763.0000,3762.6000,3762.4000,3762.2000,3764.0000,3764.2000,3764.6000,3764.8000,3765.0000,3,3,2,11,2,1,2,2,1,3
SF,IF2006,2020-04-23 09:31:37.500,3763.0000,42612,0,408821040.000,0,-,-,-,-,3763.2000,3763.0000,3762.6000,3762.4000,3762.2000,3764.0000,3764.2000,3764.6000,3764.8000,3765.0000,2,3,2,11,2,1,3,2,1,3
SF,IF2006,2020-04-23 09:31:38.000,3763.2000,42612,0,409950000.000,1,0,1,多换,S,3763.0000,3762.6000,3762.4000,3762.2000,3762.0000,3764.0000,3764.2000,3764.6000,3764.8000,3765.0000,3,2,11,2,2,1,3,2,1,3
SF,IF2006,2020-04-23 09:31:38.500,3763.2000,42612,0,409950000.000,0,-,-,-,-,3763.0000,3762.6000,3762.4000,3762.2000,3762.0000,3764.0000,3764.2000,3764.6000,3764.8000,3765.0000,2,2,11,2,2,1,6,2,1,2
SF,IF2006,2020-04-23 09:31:39.000,3763.2000,42612,0,409950000.000,0,-,-,-,-,3763.2000,3763.0000,3762.6000,3762.4000,3762.2000,3764.0000,3764.2000,3764.6000,3764.8000,3765.0000,2,2,2,11,2,1,9,2,1,3
SF,IF2006,2020-04-23 09:31:39.500,3763.2000,42612,0,409950000.000,0,-,-,-,-,3763.2000,3763.0000,3762.6000,3762.4000,3762.2000,3764.0000,3764.2000,3764.6000,3764.8000,3765.0000,1,2,2,11,2,1,9,2,1,4
SF,IF2006,2020-04-23 09:31:40.000,3763.2000,42612,0,409950000.000,0,-,-,-,-,3763.4000,3763.2000,3763.0000,3762.6000,3762.4000,3763.8000,3764.0000,3764.2000,3764.6000,3764.8000,1,1,2,2,11,1,1,10,2,1
SF,IF2006,2020-04-23 09:31:40.500,3763.4000,42611,-1,411079020.000,1,0,1,双平,S,3763.2000,3763.0000,3762.6000,3762.4000,3762.2000,3763.8000,3764.0000,3764.2000,3764.6000,3764.8000,1,2,2,16,2,1,1,10,2,1
SF,IF2006,2020-04-23 09:31:41.000,3763.4000,42611,0,411079020.000,0,-,-,-,-,3763.0000,3762.6000,3762.4000,3762.2000,3762.0000,3763.8000,3764.0000,3764.2000,3764.6000,3764.8000,3,1,16,2,2,1,2,10,2,1
SF,IF2006,2020-04-23 09:31:41.500,3763.4000,42611,0,411079020.000,0,-,-,-,-,3763.0000,3762.6000,3762.4000,3762.2000,3762.0000,3763.8000,3764.0000,3764.2000,3764.6000,3764.8000,3,1,16,2,2,1,3,10,2,1
SF,IF2006,2020-04-23 09:31:42.000,3763.8000,42610,-1,412208160.000,1,0,1,双平,S,3763.0000,3762.6000,3762.4000,3762.2000,3762.0000,3764.0000,3764.2000,3764.6000,3764.8000,3765.0000,3,1,16,2,2,3,10,2,1,4
SF,IF2006,2020-04-23 09:31:42.500,3763.8000,42610,0,412208160.000,0,-,-,-,-,3763.2000,3763.0000,3762.6000,3762.4000,3762.2000,3763.6000,3764.0000,3764.2000,3764.6000,3764.8000,1,3,1,16,2,1,3,11,2,1
SF,IF2006,2020-04-23 09:31:43.000,3763.6000,42609,-1,413337240.000,1,0,1,双平,S,3763.2000,3763.0000,3762.6000,3762.4000,3762.2000,3764.0000,3764.2000,3764.6000,3764.8000,3765.0000,1,3,1,16,2,3,11,2,1,4
SF,IF2006,2020-04-23 09:31:43.500,3763.6000,42609,0,413337240.000,0,-,-,-,-,3763.2000,3763.0000,3762.6000,3762.4000,3762.2000,3764.0000,3764.2000,3764.6000,3764.8000,3765.0000,1,3,1,16,2,3,14,2,1,4
SF,IF2006,2020-04-23 09:31:44.000,3763.6000,42609,0,413337240.000,0,-,-,-,-,3763.2000,3763.0000,3762.6000,3762.4000,3762.2000,3764.0000,3764.2000,3764.6000,3764.8000,3765.0000,2,3,1,16,2,3,16,2,1,4
SF,IF2006,2020-04-23 09:31:44.500,3763.6000,42609,0,413337240.000,0,-,-,-,-,3763.6000,3763.2000,3763.0000,3762.6000,3762.4000,3764.0000,3764.2000,3764.6000,3764.8000,3765.0000,1,2,3,1,16,3,16,2,1,4
SF,IF2006,2020-04-23 09:31:45.000,3763.6000,42609,0,413337240.000,0,-,-,-,-,3763.6000,3763.2000,3763.0000,3762.8000,3762.4000,3763.8000,3764.0000,3764.2000,3764.6000,3764.8000,1,1,3,2,16,1,3,17,2,1
SF,IF2006,2020-04-23 09:31:45.500,3763.8000,42608,-1,414466380.000,1,0,1,双平,S,3763.8000,3763.6000,3763.2000,3763.0000,3762.8000,3764.0000,3764.2000,3764.6000,3764.8000,3765.0000,2,1,1,3,2,6,17,2,1,4
SF,IF2006,2020-04-23 09:31:46.000,3764.0000,42602,-6,421241580.000,6,0,6,双平,S,3763.8000,3763.6000,3763.2000,3763.0000,3762.8000,3764.2000,3764.6000,3765.0000,3765.2000,3766.0000,1,1,1,3,2,18,2,4,2,1
SF,IF2006,2020-04-23 09:31:46.500,3764.2000,42585,-17,440439000.000,17,0,17,双平,S,3763.8000,3763.6000,3763.2000,3763.0000,3762.8000,3764.2000,3764.6000,3765.0000,3765.2000,3766.0000,1,1,1,3,2,1,2,4,1,1
SF,IF2006,2020-04-23 09:31:47.000,3764.2000,42583,-2,442697520.000,2,0,2,双平,S,3764.2000,3764.0000,3763.8000,3763.6000,3763.2000,3764.6000,3765.0000,3765.2000,3766.0000,3766.8000,3,1,1,1,1,2,4,1,1,3
SF,IF2006,2020-04-23 09:31:47.500,3764.2000,42583,0,443826780.000,1,0,1,多换,S,3764.2000,3763.8000,3763.6000,3763.0000,3762.8000,3765.0000,3765.2000,3766.0000,3766.8000,3767.2000,2,1,1,3,3,4,1,1,3,1
SF,IF2006,2020-04-23 09:31:48.000,3764.2000,42583,0,443826780.000,0,-,-,-,-,3764.4000,3764.2000,3763.8000,3763.6000,3763.0000,3764.8000,3765.0000,3765.2000,3766.0000,3766.8000,1,1,1,1,3,1,7,1,1,3
SF,IF2006,2020-04-23 09:31:48.500,3764.2000,42582,-1,444956040.000,1,0,1,双平,S,3764.4000,3763.8000,3763.6000,3763.0000,3762.8000,3765.0000,3765.2000,3766.0000,3766.8000,3767.2000,1,1,1,3,3,7,1,1,3,1
SF,IF2006,2020-04-23 09:31:49.000,3764.2000,42582,0,444956040.000,0,-,-,-,-,3764.6000,3763.8000,3763.6000,3763.0000,3762.8000,3765.0000,3765.2000,3766.0000,3766.8000,3767.2000,1,1,1,3,3,12,1,1,3,1
SF,IF2006,2020-04-23 09:31:49.500,3765.0000,42582,0,447214800.000,2,1,1,多换,S,3763.8000,3763.6000,3763.0000,3762.8000,3762.6000,3765.0000,3765.2000,3766.0000,3766.8000,3767.2000,1,1,3,3,3,14,1,1,3,1
SF,IF2006,2020-04-23 09:31:50.000,3765.0000,42582,0,447214800.000,0,-,-,-,-,3764.0000,3763.8000,3763.6000,3763.0000,3762.8000,3765.0000,3765.8000,3766.0000,3766.8000,3767.2000,2,1,1,3,3,14,2,1,3,1
SF,IF2006,2020-04-23 09:31:50.500,3765.0000,42582,0,447214800.000,0,-,-,-,-,3764.0000,3763.8000,3763.6000,3763.0000,3762.8000,3764.8000,3765.0000,3765.8000,3766.0000,3766.8000,2,1,1,3,3,1,16,2,1,3
SF,IF2006,2020-04-23 09:31:51.000,3764.8000,42581,-1,448344240.000,1,0,1,双平,S,3764.6000,3764.4000,3764.2000,3764.0000,3763.8000,3765.0000,3765.8000,3766.0000,3766.8000,3767.2000,1,1,1,1,2,16,2,1,3,1
SF,IF2006,2020-04-23 09:31:51.500,3764.8000,42581,0,448344240.000,0,-,-,-,-,3764.0000,3763.8000,3763.6000,3763.0000,3762.8000,3765.0000,3765.8000,3766.0000,3766.8000,3767.2000,1,2,1,3,3,19,2,1,3,1
SF,IF2006,2020-04-23 09:31:52.000,3765.0000,42580,-1,449473740.000,1,0,1,双平,S,3764.8000,3764.6000,3764.2000,3764.0000,3763.8000,3765.0000,3765.8000,3766.0000,3766.8000,3767.2000,3,1,13,1,2,18,2,1,3,1
SF,IF2006,2020-04-23 09:31:52.500,3765.0000,42580,0,449473740.000,0,-,-,-,-,3764.8000,3764.2000,3764.0000,3763.8000,3763.6000,3765.0000,3765.8000,3766.0000,3766.8000,3767.2000,3,12,1,2,1,20,2,1,3,1
SF,IF2006,2020-04-23 09:31:53.000,3765.0000,42578,-2,451732740.000,2,0,2,双平,S,3764.2000,3764.0000,3763.8000,3763.6000,3763.0000,3765.0000,3765.8000,3766.0000,3766.8000,3767.2000,12,1,2,1,3,15,2,1,3,1
SF,IF2006,2020-04-23 09:31:53.500,3764.8000,42576,-2,455121180.000,3,0,3,多平,S,3764.4000,3764.2000,3763.8000,3763.6000,3763.0000,3765.0000,3765.8000,3766.0000,3766.8000,3767.2000,1,11,1,1,3,16,2,1,3,1
SF,IF2006,2020-04-23 09:31:54.000,3765.0000,42576,0,457380180.000,2,1,1,多换,S,3764.4000,3764.2000,3763.8000,3763.6000,3763.0000,3765.0000,3765.8000,3766.0000,3766.8000,3767.2000,1,11,1,1,3,12,2,1,3,1
SF,IF2006,2020-04-23 09:31:54.500,3765.0000,42576,0,457380180.000,0,-,-,-,-,3764.8000,3764.6000,3764.4000,3764.2000,3763.8000,3765.0000,3765.8000,3766.0000,3766.8000,3767.2000,1,1,1,12,1,15,2,1,3,1
SF,IF2006,2020-04-23 09:31:55.000,3765.0000,42576,0,457380180.000,0,-,-,-,-,3764.4000,3764.2000,3763.8000,3763.6000,3763.4000,3764.8000,3765.0000,3765.8000,3766.0000,3766.8000,1,11,1,1,1,1,17,2,1,3
SF,IF2006,2020-04-23 09:31:55.500,3764.6000,42574,-2,459638940.000,2,0,2,双平,S,3764.6000,3764.2000,3763.8000,3763.6000,3763.4000,3764.8000,3765.0000,3765.8000,3766.0000,3766.8000,1,3,1,1,1,1,15,2,1,3
SF,IF2006,2020-04-23 09:31:56.000,3764.6000,42573,-1,460768320.000,1,0,1,双平,S,3764.2000,3763.6000,3763.4000,3763.0000,3762.8000,3764.6000,3764.8000,3765.0000,3765.8000,3766.0000,3,1,1,2,3,1,3,15,2,1
SF,IF2006,2020-04-23 09:31:56.500,3764.6000,42573,0,460768320.000,0,-,-,-,-,3763.6000,3763.0000,3762.8000,3762.6000,3762.4000,3764.4000,3764.6000,3764.8000,3765.0000,3765.8000,1,2,3,3,14,1,1,3,12,2
SF,IF2006,2020-04-23 09:31:57.000,3764.0000,42573,0,461897520.000,1,0,1,多换,S,3763.8000,3763.6000,3763.0000,3762.8000,3762.6000,3764.4000,3764.6000,3764.8000,3765.0000,3765.8000,8,1,2,3,3,4,1,3,12,2
SF,IF2006,2020-04-23 09:31:57.500,3763.8000,42574,1,465285120.000,3,2,1,空开,S,3763.8000,3763.6000,3763.0000,3762.8000,3762.6000,3764.4000,3764.6000,3764.8000,3765.0000,3765.8000,7,1,2,3,3,3,1,3,10,2
SF,IF2006,2020-04-23 09:31:58.000,3764.4000,42572,-2,467543760.000,2,0,2,双平,S,3764.0000,3763.8000,3763.6000,3763.0000,3762.8000,3764.4000,3764.6000,3764.8000,3765.0000,3765.8000,1,10,1,2,3,3,1,3,10,2
SF,IF2006,2020-04-23 09:31:58.500,3764.0000,42572,0,468672960.000,1,0,1,多换,S,3763.8000,3763.6000,3763.0000,3762.8000,3762.6000,3764.4000,3764.6000,3764.8000,3765.0000,3765.8000,5,1,2,3,3,3,1,3,7,2
SF,IF2006,2020-04-23 09:31:59.000,3764.0000,42572,0,468672960.000,0,-,-,-,-,3763.8000,3763.6000,3763.0000,3762.8000,3762.6000,3764.2000,3764.4000,3764.6000,3764.8000,3765.0000,3,1,2,3,3,1,6,1,3,7
SF,IF2006,2020-04-23 09:31:59.500,3763.8000,42570,-2,472060380.000,3,0,3,多平,S,3763.6000,3763.0000,3762.8000,3762.6000,3762.4000,3763.8000,3764.2000,3764.4000,3764.6000,3764.8000,1,2,3,3,14,2,1,6,1,3
SF,IF2006,2020-04-23 09:32:00.000,3763.8000,42568,-2,474318660.000,2,0,2,双平,S,3763.6000,3763.0000,3762.8000,3762.6000,3762.4000,3763.8000,3764.2000,3764.4000,3764.6000,3764.8000,1,2,3,3,14,5,1,6,1,3
SF,IF2006,2020-04-23 09:32:00.500,3763.8000,42566,-2,481093440.000,6,2,4,多平,S,3763.0000,3762.8000,3762.6000,3762.4000,3762.2000,3763.8000,3764.2000,3764.4000,3764.6000,3764.8000,2,3,3,14,2,2,1,6,1,3
SF,IF2006,2020-04-23 09:32:01.000,3763.8000,42565,-1,483351720.000,2,0,2,多平,S,3763.8000,3763.6000,3763.4000,3763.2000,3763.0000,3764.4000,3764.6000,3764.8000,3765.0000,3765.8000,4,1,3,14,5,6,1,1,2,2
SF,IF2006,2020-04-23 09:32:01.500,3763.8000,42563,-2,485610000.000,2,0,2,双平,S,3763.6000,3763.2000,3763.0000,3762.8000,3762.4000,3764.2000,3764.4000,3764.6000,3764.8000,3765.0000,1,5,1,3,14,1,8,1,1,2
SF,IF2006,2020-04-23 09:32:02.000,3763.8000,42563,0,485610000.000,0,-,-,-,-,3763.2000,3763.0000,3762.8000,3762.4000,3762.2000,3764.2000,3764.4000,3764.8000,3765.0000,3765.8000,5,1,3,14,2,1,7,1,2,2
SF,IF2006,2020-04-23 09:32:02.500,3763.8000,42563,0,485610000.000,0,-,-,-,-,3763.8000,3763.4000,3763.2000,3763.0000,3762.8000,3764.2000,3764.4000,3764.8000,3765.0000,3765.8000,1,1,5,1,4,3,7,1,2,2
SF,IF2006,2020-04-23 09:32:03.000,3763.8000,42563,0,485610000.000,0,-,-,-,-,3763.8000,3763.4000,3763.2000,3763.0000,3762.8000,3764.2000,3764.4000,3764.8000,3765.0000,3765.8000,1,1,5,1,4,3,5,1,2,2
SF,IF2006,2020-04-23 09:32:03.500,3764.2000,42562,-1,486739260.000,1,0,1,双平,S,3763.8000,3763.2000,3763.0000,3762.8000,3762.4000,3764.2000,3764.4000,3764.8000,3765.0000,3765.8000,1,5,1,4,14,3,5,1,2,2
SF,IF2006,2020-04-23 09:32:04.000,3764.2000,42562,0,486739260.000,0,-,-,-,-,3763.8000,3763.2000,3763.0000,3762.8000,3762.4000,3764.2000,3764.4000,3764.8000,3765.0000,3765.8000,1,5,1,4,14,3,2,1,2,2
SF,IF2006,2020-04-23 09:32:04.500,3764.2000,42562,0,486739260.000,0,-,-,-,-,3763.8000,3763.2000,3763.0000,3762.8000,3762.4000,3764.2000,3764.4000,3764.8000,3765.0000,3765.8000,1,5,1,4,14,6,2,1,2,2
SF,IF2006,2020-04-23 09:32:05.000,3764.2000,42562,0,486739260.000,0,-,-,-,-,3763.8000,3763.2000,3763.0000,3762.8000,3762.4000,3764.2000,3764.4000,3765.0000,3765.8000,3766.0000,1,5,1,4,14,6,2,2,2,1
SF,IF2006,2020-04-23 09:32:05.500,3763.8000,42562,0,488997540.000,2,1,1,多换,S,3763.2000,3763.0000,3762.8000,3762.4000,3762.2000,3763.8000,3764.0000,3764.2000,3764.4000,3765.0000,5,1,4,14,2,3,1,9,2,2
SF,IF2006,2020-04-23 09:32:06.000,3763.8000,42561,-1,490126680.000,1,0,1,双平,S,3763.4000,3763.2000,3763.0000,3762.8000,3762.4000,3763.8000,3764.0000,3764.2000,3764.4000,3765.0000,5,5,1,4,14,2,1,9,2,2
SF,IF2006,2020-04-23 09:32:06.500,3763.8000,42559,-2,492384960.000,2,0,2,双平,S,3763.8000,3763.4000,3763.2000,3763.0000,3762.8000,3764.0000,3764.2000,3765.0000,3765.6000,3765.8000,1,1,6,1,4,1,9,2,1,2
SF,IF2006,2020-04-23 09:32:07.000,3764.2000,42551,-8,505935900.000,12,2,10,多平,S,3764.0000,3763.8000,3763.6000,3763.4000,3763.2000,3765.0000,3765.6000,3765.8000,3766.0000,3766.8000,1,1,1,1,6,2,1,2,1,3
SF,IF2006,2020-04-23 09:32:07.500,3764.2000,42551,0,505935900.000,0,-,-,-,-,3764.0000,3763.6000,3763.4000,3763.2000,3762.8000,3765.0000,3765.6000,3765.8000,3766.0000,3766.8000,1,1,1,5,4,2,1,2,1,3
SF,IF2006,2020-04-23 09:32:08.000,3764.2000,42551,0,505935900.000,0,-,-,-,-,3764.2000,3764.0000,3763.8000,3763.6000,3763.4000,3765.0000,3765.6000,3765.8000,3766.0000,3766.8000,3,1,1,1,1,2,1,2,1,3
SF,IF2006,2020-04-23 09:32:08.500,3764.2000,42551,0,505935900.000,0,-,-,-,-,3764.4000,3764.2000,3763.8000,3763.6000,3763.4000,3765.0000,3765.6000,3765.8000,3766.0000,3766.8000,3,3,1,1,1,2,1,2,1,3
SF,IF2006,2020-04-23 09:32:09.000,3764.2000,42551,0,509323680.000,3,1,2,多换,S,3764.6000,3764.2000,3763.8000,3763.6000,3763.4000,3765.0000,3765.6000,3765.8000,3766.0000,3766.8000,1,3,1,1,1,2,1,2,1,3
SF,IF2006,2020-04-23 09:32:09.500,3765.0000,42550,-1,511582680.000,2,0,2,多平,S,3764.6000,3764.2000,3763.8000,3763.6000,3763.4000,3765.6000,3765.8000,3766.0000,3766.8000,3767.2000,1,3,1,1,1,1,2,1,3,1
SF,IF2006,2020-04-23 09:32:10.000,3765.0000,42550,0,511582680.000,0,-,-,-,-,3764.2000,3763.8000,3763.4000,3763.2000,3763.0000,3765.4000,3765.6000,3765.8000,3766.0000,3766.8000,3,1,1,2,2,1,1,2,1,3
SF,IF2006,2020-04-23 09:32:10.500,3765.0000,42550,0,511582680.000,0,-,-,-,-,3764.4000,3764.2000,3763.8000,3763.4000,3763.2000,3765.4000,3765.6000,3765.8000,3766.0000,3766.8000,1,3,1,1,2,2,1,2,1,3
SF,IF2006,2020-04-23 09:32:11.000,3765.0000,42550,0,511582680.000,0,-,-,-,-,3764.4000,3764.2000,3763.4000,3763.2000,3763.0000,3765.2000,3765.4000,3765.6000,3765.8000,3766.0000,1,2,1,2,2,1,3,1,2,1
SF,IF2006,2020-04-23 09:32:11.500,3764.4000,42549,-1,512712000.000,1,0,1,双平,S,3764.2000,3763.4000,3763.2000,3763.0000,3762.8000,3765.0000,3765.2000,3765.4000,3765.6000,3765.8000,2,1,2,2,3,1,2,1,1,2
SF,IF2006,2020-04-23 09:32:12.000,3765.0000,42546,-3,516100140.000,3,0,3,双平,S,3763.4000,3763.2000,3763.0000,3762.8000,3762.4000,3765.0000,3765.2000,3765.4000,3765.6000,3765.8000,1,2,2,3,14,1,1,1,1,2
SF,IF2006,2020-04-23 09:32:12.500,3765.0000,42546,0,516100140.000,0,-,-,-,-,3763.6000,3763.2000,3763.0000,3762.8000,3762.4000,3764.8000,3765.0000,3765.2000,3765.4000,3765.6000,6,1,2,3,14,1,2,1,1,1
SF,IF2006,2020-04-23 09:32:13.000,3765.0000,42546,0,516100140.000,0,-,-,-,-,3763.6000,3763.0000,3762.8000,3762.4000,3762.2000,3764.6000,3764.8000,3765.0000,3765.2000,3765.4000,3,2,3,14,3,2,2,1,1,1
SF,IF2006,2020-04-23 09:32:13.500,3765.0000,42545,-1,517229640.000,1,0,1,双平,S,3763.8000,3763.6000,3763.0000,3762.8000,3762.4000,3764.6000,3764.8000,3765.0000,3765.2000,3765.4000,1,2,2,3,14,3,1,1,1,1
SF,IF2006,2020-04-23 09:32:14.000,3764.8000,42546,1,518359080.000,1,1,0,双开,S,3763.8000,3763.6000,3763.0000,3762.8000,3762.4000,3764.4000,3764.6000,3764.8000,3765.2000,3765.4000,1,2,2,3,14,1,2,1,1,1
SF,IF2006,2020-04-23 09:32:14.500,3764.8000,42546,0,518359080.000,0,-,-,-,-,3763.6000,3763.0000,3762.8000,3762.4000,3762.2000,3764.2000,3764.4000,3764.6000,3764.8000,3765.2000,2,2,3,14,3,1,1,2,1,1
SF,IF2006,2020-04-23 09:32:15.000,3763.6000,42545,-1,519488160.000,1,0,1,双平,S,3763.0000,3762.8000,3762.4000,3762.2000,3762.0000,3764.0000,3764.2000,3764.6000,3764.8000,3765.2000,2,3,14,3,1,1,2,2,1,1
SF,IF2006,2020-04-23 09:32:15.500,3763.6000,42545,0,519488160.000,0,-,-,-,-,3763.0000,3762.8000,3762.4000,3762.2000,3762.0000,3763.8000,3764.0000,3764.2000,3765.2000,3765.4000,2,3,14,3,1,1,3,1,1,1
SF,IF2006,2020-04-23 09:32:16.000,3763.6000,42545,0,519488160.000,0,-,-,-,-,3763.0000,3762.8000,3762.4000,3762.2000,3762.0000,3763.8000,3764.0000,3764.2000,3765.2000,3765.6000,2,3,14,3,1,1,3,1,1,1
SF,IF2006,2020-04-23 09:32:16.500,3763.6000,42544,-1,520617240.000,1,0,1,双平,S,3763.0000,3762.8000,3762.4000,3762.2000,3762.0000,3763.6000,3763.8000,3764.0000,3764.2000,3765.2000,2,3,14,3,1,6,2,2,1,1
SF,IF2006,2020-04-23 09:32:17.000,3763.6000,42543,-1,521746320.000,1,0,1,双平,S,3763.0000,3762.8000,3762.4000,3762.2000,3762.0000,3763.6000,3763.8000,3764.0000,3764.2000,3765.2000,2,3,14,3,1,5,2,2,1,1
SF,IF2006,2020-04-23 09:32:17.500,3763.6000,42543,0,521746320.000,0,-,-,-,-,3763.0000,3762.8000,3762.4000,3762.2000,3762.0000,3763.6000,3763.8000,3764.0000,3764.2000,3765.2000,2,3,14,3,1,5,2,1,1,1
SF,IF2006,2020-04-23 09:32:18.000,3763.6000,42538,-5,527391720.000,5,0,5,双平,S,3763.0000,3762.8000,3762.4000,3762.2000,3762.0000,3763.8000,3764.0000,3764.2000,3765.0000,3765.2000,2,3,14,3,1,2,1,1,3,1
SF,IF2006,2020-04-23 09:32:18.500,3763.6000,42538,0,527391720.000,0,-,-,-,-,3763.0000,3762.8000,3762.4000,3762.2000,3762.0000,3763.8000,3764.0000,3764.2000,3765.0000,3765.2000,2,3,14,3,1,4,1,1,3,1
SF,IF2006,2020-04-23 09:32:19.000,3763.0000,42537,-1,529649520.000,2,0,2,多平,S,3762.8000,3762.4000,3762.2000,3762.0000,3761.6000,3763.6000,3763.8000,3764.0000,3764.2000,3765.0000,3,14,3,1,14,2,2,1,1,3
SF,IF2006,2020-04-23 09:32:19.500,3763.0000,42537,0,529649520.000,0,-,-,-,-,3762.8000,3762.4000,3762.2000,3762.0000,3761.6000,3763.0000,3763.2000,3763.6000,3763.8000,3764.0000,3,14,3,1,14,1,2,2,2,1
SF,IF2006,2020-04-23 09:32:20.000,3763.0000,42537,0,530778420.000,1,0,1,多换,S,3762.8000,3762.4000,3762.2000,3762.0000,3761.6000,3763.2000,3763.6000,3763.8000,3764.2000,3765.0000,3,14,3,1,14,2,2,3,1,3
SF,IF2006,2020-04-23 09:32:20.500,3763.0000,42537,0,530778420.000,0,-,-,-,-,3762.8000,3762.6000,3762.4000,3762.2000,3762.0000,3763.2000,3763.6000,3763.8000,3764.2000,3765.0000,3,1,14,3,1,2,2,3,1,3
SF,IF2006,2020-04-23 09:32:21.000,3763.0000,42537,0,530778420.000,0,-,-,-,-,3762.8000,3762.6000,3762.4000,3762.2000,3762.0000,3763.2000,3763.8000,3764.2000,3765.0000,3765.2000,3,1,14,3,1,2,3,1,3,1
SF,IF2006,2020-04-23 09:32:21.500,3763.0000,42534,-3,535294200.000,4,0,4,多平,S,3762.8000,3762.6000,3762.4000,3762.2000,3762.0000,3763.8000,3764.2000,3765.0000,3765.2000,3765.6000,3,1,14,3,1,2,1,3,1,1
SF,IF2006,2020-04-23 09:32:22.000,3763.0000,42533,-1,536423100.000,1,0,1,双平,S,3762.8000,3762.6000,3762.4000,3762.2000,3762.0000,3763.8000,3764.2000,3765.0000,3765.2000,3765.6000,3,1,14,3,1,2,1,3,1,1
SF,IF2006,2020-04-23 09:32:22.500,3763.8000,42532,-1,537552240.000,1,0,1,双平,S,3763.0000,3762.8000,3762.6000,3762.4000,3762.2000,3763.8000,3764.2000,3765.0000,3765.2000,3765.6000,2,3,1,14,3,1,1,3,1,1
SF,IF2006,2020-04-23 09:32:23.000,3763.8000,42532,0,537552240.000,0,-,-,-,-,3763.2000,3763.0000,3762.8000,3762.6000,3762.4000,3763.8000,3764.2000,3765.0000,3765.2000,3765.6000,7,3,3,1,14,1,1,3,1,1
SF,IF2006,2020-04-23 09:32:23.500,3763.2000,42532,0,538681200.000,1,0,1,多换,S,3763.2000,3763.0000,3762.8000,3762.6000,3762.4000,3763.8000,3764.2000,3765.0000,3765.2000,3765.6000,6,3,3,1,14,1,1,3,1,1
SF,IF2006,2020-04-23 09:32:24.000,3763.2000,42532,0,538681200.000,0,-,-,-,-,3763.4000,3763.2000,3763.0000,3762.8000,3762.6000,3763.8000,3764.2000,3765.0000,3765.2000,3765.6000,1,6,2,3,1,1,1,3,1,1
SF,IF2006,2020-04-23 09:32:24.500,3763.8000,42532,0,539810340.000,1,0,1,多换,S,3763.8000,3763.6000,3763.4000,3763.2000,3763.0000,3764.2000,3765.0000,3765.2000,3765.6000,3765.8000,1,1,1,6,2,1,3,1,1,2
SF,IF2006,2020-04-23 09:32:25.000,3763.6000,42530,-2,542068560.000,2,0,2,双平,S,3763.4000,3763.2000,3763.0000,3762.8000,3762.6000,3764.2000,3765.0000,3765.2000,3765.6000,3765.8000,1,6,1,3,1,1,3,1,1,2
SF,IF2006,2020-04-23 09:32:25.500,3763.6000,42530,0,542068560.000,0,-,-,-,-,3763.4000,3763.2000,3763.0000,3762.8000,3762.6000,3763.8000,3764.2000,3765.0000,3765.2000,3765.6000,1,6,1,3,1,1,3,3,1,1
SF,IF2006,2020-04-23 09:32:26.000,3763.4000,42531,1,543197580.000,1,1,0,双开,S,3763.2000,3762.8000,3762.6000,3762.4000,3762.2000,3763.8000,3764.2000,3765.0000,3765.2000,3765.6000,6,3,1,14,2,1,3,3,1,1
SF,IF2006,2020-04-23 09:32:26.500,3763.4000,42531,0,543197580.000,0,-,-,-,-,3763.2000,3762.8000,3762.6000,3762.4000,3762.2000,3763.4000,3763.8000,3764.2000,3765.0000,3765.2000,6,3,1,14,2,1,2,2,3,1
SF,IF2006,2020-04-23 09:32:27.000,3763.8000,42529,-2,545455740.000,2,0,2,双平,S,3763.2000,3762.8000,3762.6000,3762.4000,3762.2000,3763.8000,3764.2000,3765.0000,3765.2000,3765.6000,6,3,1,14,2,1,2,3,1,1
SF,IF2006,2020-04-23 09:32:27.500,3763.8000,42529,0,545455740.000,0,-,-,-,-,3763.2000,3762.8000,3762.6000,3762.4000,3762.2000,3763.8000,3764.2000,3765.0000,3765.2000,3765.6000,6,3,1,14,2,1,1,3,1,1
SF,IF2006,2020-04-23 09:32:28.000,3763.8000,42529,0,546584880.000,1,0,1,多换,S,3763.2000,3762.8000,3762.6000,3762.4000,3762.2000,3764.2000,3765.0000,3765.2000,3765.6000,3765.8000,6,3,1,14,2,1,3,1,1,2
SF,IF2006,2020-04-23 09:32:28.500,3763.8000,42529,0,547714020.000,1,0,1,多换,S,3763.8000,3763.2000,3762.8000,3762.6000,3762.4000,3764.0000,3764.2000,3765.0000,3765.2000,3765.6000,4,6,3,1,14,1,1,3,1,1
SF,IF2006,2020-04-23 09:32:29.000,3763.8000,42526,-3,551101440.000,3,0,3,双平,S,3763.8000,3763.2000,3762.8000,3762.6000,3762.4000,3764.0000,3764.2000,3765.0000,3765.2000,3765.6000,1,6,3,1,14,1,1,3,1,1
SF,IF2006,2020-04-23 09:32:29.500,3763.8000,42525,-1,552230580.000,1,0,1,双平,S,3763.2000,3762.8000,3762.6000,3762.4000,3762.2000,3764.2000,3765.0000,3765.2000,3765.6000,3765.8000,6,3,1,14,2,1,3,1,1,2
SF,IF2006,2020-04-23 09:32:30.000,3763.8000,42525,0,552230580.000,0,-,-,-,-,3763.6000,3763.4000,3763.2000,3762.8000,3762.6000,3764.2000,3765.0000,3765.2000,3765.6000,3765.8000,1,4,6,3,1,1,3,1,1,2
SF,IF2006,2020-04-23 09:32:30.500,3763.8000,42525,0,552230580.000,0,-,-,-,-,3763.4000,3763.2000,3762.8000,3762.6000,3762.4000,3764.2000,3765.0000,3765.2000,3765.6000,3765.8000,1,6,3,1,14,1,3,1,1,2
SF,IF2006,2020-04-23 09:32:31.000,3763.8000,42525,0,552230580.000,0,-,-,-,-,3763.2000,3762.8000,3762.6000,3762.4000,3762.2000,3764.2000,3765.0000,3765.2000,3765.6000,3765.8000,6,3,1,14,2,1,3,1,1,2
SF,IF2006,2020-04-23 09:32:31.500,3763.4000,42525,0,553359600.000,1,0,1,多换,S,3763.4000,3763.2000,3762.8000,3762.6000,3762.4000,3764.2000,3765.0000,3765.2000,3765.6000,3765.8000,4,6,3,1,14,1,3,1,1,2
SF,IF2006,2020-04-23 09:32:32.000,3763.4000,42525,0,553359600.000,0,-,-,-,-,3763.6000,3763.4000,3763.2000,3762.8000,3762.6000,3764.2000,3765.0000,3765.2000,3765.6000,3765.8000,1,4,6,3,1,2,4,1,1,2
SF,IF2006,2020-04-23 09:32:32.500,3764.2000,42525,0,554488860.000,1,0,1,多换,S,3763.6000,3763.4000,3763.2000,3762.8000,3762.6000,3764.2000,3765.0000,3765.2000,3765.6000,3765.8000,1,2,6,3,1,1,4,1,1,2
SF,IF2006,2020-04-23 09:32:33.000,3764.2000,42525,0,554488860.000,0,-,-,-,-,3763.6000,3763.4000,3763.2000,3762.8000,3762.6000,3764.2000,3765.0000,3765.2000,3765.6000,3765.8000,1,2,6,3,1,1,4,1,1,2
SF,IF2006,2020-04-23 09:32:33.500,3763.8000,42524,-1,557876760.000,3,1,2,多平,S,3763.6000,3763.4000,3763.2000,3762.8000,3762.6000,3765.0000,3765.2000,3765.6000,3765.8000,3766.0000,1,1,5,3,1,8,1,1,2,1
SF,IF2006,2020-04-23 09:32:34.000,3763.8000,42524,0,557876760.000,0,-,-,-,-,3764.2000,3763.8000,3763.6000,3763.4000,3763.2000,3765.0000,3765.2000,3765.6000,3765.8000,3766.0000,5,2,3,1,5,8,1,1,2,1
SF,IF2006,2020-04-23 09:32:34.500,3764.2000,42524,0,560135280.000,2,1,1,多换,S,3764.2000,3763.6000,3763.4000,3763.2000,3762.8000,3765.0000,3765.2000,3765.6000,3765.8000,3766.0000,6,1,1,5,3,8,1,1,2,1
SF,IF2006,2020-04-23 09:32:35.000,3765.0000,42523,-1,561264780.000,1,0,1,双平,S,3764.2000,3763.4000,3763.2000,3762.8000,3762.6000,3765.0000,3765.6000,3765.8000,3766.0000,3766.8000,7,1,5,3,1,7,1,2,1,3
SF,IF2006,2020-04-23 09:32:36.000,3765.0000,42521,-2,564653280.000,3,0,3,多平,S,3764.4000,3764.2000,3763.4000,3763.2000,3762.8000,3765.0000,3765.6000,3765.8000,3766.0000,3766.8000,1,7,1,5,3,4,1,2,1,3
SF,IF2006,2020-04-23 09:32:36.500,3765.0000,42521,0,564653280.000,0,-,-,-,-,3764.4000,3764.2000,3763.2000,3762.8000,3762.6000,3765.0000,3765.6000,3765.8000,3766.0000,3766.8000,2,6,5,3,1,4,1,2,1,3
SF,IF2006,2020-04-23 09:32:38.000,3765.0000,42521,0,564653280.000,0,-,-,-,-,3764.4000,3764.2000,3763.2000,3762.8000,3762.6000,3764.8000,3765.0000,3765.6000,3765.8000,3766.0000,2,6,5,3,1,1,4,1,2,1
SF,IF2006,2020-04-23 09:32:38.500,3764.4000,42519,-2,566911920.000,2,0,2,双平,S,3764.2000,3763.2000,3762.8000,3762.6000,3762.4000,3764.4000,3764.8000,3765.0000,3765.6000,3765.8000,6,5,3,1,14,3,1,4,1,2
SF,IF2006,2020-04-23 09:32:39.000,3764.2000,42514,-5,572558220.000,5,0,5,双平,S,3764.2000,3763.2000,3762.8000,3762.6000,3762.4000,3764.4000,3764.8000,3765.0000,3765.6000,3765.8000,1,5,3,1,14,3,1,4,1,2
SF,IF2006,2020-04-23 09:32:39.500,3764.2000,42513,-1,574816740.000,2,0,2,多平,S,3763.2000,3762.8000,3762.6000,3762.4000,3762.2000,3764.2000,3764.4000,3764.8000,3765.0000,3765.6000,5,3,1,14,2,2,4,1,4,1
SF,IF2006,2020-04-23 09:32:40.000,3764.2000,42512,-1,575946000.000,1,0,1,双平,S,3763.4000,3763.2000,3762.8000,3762.6000,3762.4000,3764.2000,3764.4000,3765.0000,3765.6000,3765.8000,2,5,3,1,14,2,4,4,1,2
SF,IF2006,2020-04-23 09:32:40.500,3765.0000,42507,-5,583851300.000,7,1,6,多平,S,3763.4000,3763.2000,3762.8000,3762.6000,3762.4000,3765.0000,3765.6000,3765.8000,3766.0000,3766.8000,2,5,3,1,14,3,1,2,1,3
SF,IF2006,2020-04-23 09:32:41.000,3765.0000,42507,0,583851300.000,0,-,-,-,-,3763.2000,3762.8000,3762.6000,3762.4000,3762.2000,3764.6000,3764.8000,3765.0000,3765.6000,3765.8000,5,3,1,14,2,1,6,3,1,2
SF,IF2006,2020-04-23 09:32:41.500,3765.0000,42507,0,583851300.000,0,-,-,-,-,3763.2000,3762.8000,3762.6000,3762.4000,3762.2000,3764.4000,3764.6000,3764.8000,3765.0000,3765.6000,5,3,1,14,2,3,3,3,3,1
SF,IF2006,2020-04-23 09:32:42.000,3765.0000,42507,0,583851300.000,0,-,-,-,-,3763.4000,3763.2000,3762.8000,3762.6000,3762.4000,3764.4000,3764.6000,3764.8000,3765.0000,3765.6000,1,5,3,1,14,3,1,3,3,1
SF,IF2006,2020-04-23 09:32:42.500,3765.0000,42507,0,583851300.000,0,-,-,-,-,3763.2000,3762.8000,3762.6000,3762.4000,3762.2000,3764.4000,3764.6000,3764.8000,3765.0000,3765.6000,5,3,1,14,2,3,1,3,3,1
SF,IF2006,2020-04-23 09:32:43.000,3765.0000,42507,0,583851300.000,0,-,-,-,-,3763.2000,3762.8000,3762.6000,3762.4000,3762.2000,3764.2000,3764.4000,3764.6000,3764.8000,3765.0000,5,3,2,14,2,3,3,1,1,3
SF,IF2006,2020-04-23 09:32:43.500,3763.2000,42506,-1,584980260.000,1,0,1,双平,S,3763.2000,3762.8000,3762.6000,3762.4000,3762.2000,3764.0000,3764.2000,3764.4000,3764.6000,3764.8000,4,3,2,14,2,1,3,2,1,1
SF,IF2006,2020-04-23 09:32:44.000,3764.0000,42507,1,587238660.000,2,1,1,空开,S,3763.2000,3762.8000,3762.6000,3762.4000,3762.2000,3764.2000,3764.4000,3764.6000,3764.8000,3765.0000,5,3,1,14,2,3,2,1,1,3
SF,IF2006,2020-04-23 09:32:44.500,3764.0000,42507,0,587238660.000,0,-,-,-,-,3763.4000,3763.2000,3762.8000,3762.6000,3762.4000,3764.2000,3764.4000,3764.6000,3764.8000,3765.0000,3,6,3,1,14,1,2,1,1,3
SF,IF2006,2020-04-23 09:32:45.000,3764.0000,42507,0,587238660.000,0,-,-,-,-,3763.6000,3763.4000,3763.2000,3762.8000,3762.6000,3764.2000,3764.4000,3764.6000,3764.8000,3765.0000,2,2,6,3,1,1,2,1,1,3
SF,IF2006,2020-04-23 09:32:45.500,3764.4000,42504,-3,590626560.000,3,0,3,双平,S,3764.4000,3763.6000,3763.4000,3763.2000,3762.8000,3764.6000,3764.8000,3765.0000,3765.6000,3765.8000,3,2,2,6,3,1,1,3,1,2
SF,IF2006,2020-04-23 09:32:46.000,3764.4000,42501,-3,594014520.000,3,0,3,双平,S,3763.6000,3763.4000,3763.2000,3762.8000,3762.6000,3764.6000,3765.0000,3765.6000,3765.8000,3766.0000,2,1,7,3,1,1,5,1,2,1
SF,IF2006,2020-04-23 09:32:46.500,3764.4000,42501,0,594014520.000,0,-,-,-,-,3763.8000,3763.6000,3763.2000,3762.8000,3762.6000,3764.6000,3765.0000,3765.6000,3765.8000,3766.0000,1,2,7,3,1,1,5,1,2,1
SF,IF2006,2020-04-23 09:32:47.000,3764.4000,42501,0,594014520.000,0,-,-,-,-,3763.8000,3763.6000,3763.2000,3762.8000,3762.6000,3764.6000,3765.0000,3765.6000,3765.8000,3766.0000,2,1,7,3,1,1,5,1,2,1
SF,IF2006,2020-04-23 09:32:47.500,3764.4000,42501,0,594014520.000,0,-,-,-,-,3763.8000,3763.2000,3762.8000,3762.6000,3762.4000,3764.6000,3765.0000,3765.6000,3765.8000,3766.0000,3,7,3,1,14,1,5,1,2,1
SF,IF2006,2020-04-23 09:32:48.000,3764.4000,42501,0,594014520.000,0,-,-,-,-,3764.0000,3763.8000,3763.2000,3762.8000,3762.6000,3764.6000,3765.0000,3765.6000,3765.8000,3766.0000,2,2,7,3,1,1,5,1,2,1
SF,IF2006,2020-04-23 09:32:49.000,3764.6000,42500,-1,595143900.000,1,0,1,双平,S,3764.6000,3764.0000,3763.8000,3763.2000,3763.0000,3765.0000,3765.6000,3765.8000,3766.0000,3766.8000,1,1,2,7,1,5,1,2,1,3
SF,IF2006,2020-04-23 09:32:49.500,3763.8000,42499,-1,598531800.000,3,1,2,多平,S,3763.8000,3763.2000,3763.0000,3762.8000,3762.6000,3764.6000,3764.8000,3765.0000,3765.6000,3765.8000,1,7,1,3,1,3,2,5,1,2
SF,IF2006,2020-04-23 09:32:50.000,3763.8000,42499,0,598531800.000,0,-,-,-,-,3763.2000,3763.0000,3762.8000,3762.6000,3762.4000,3764.4000,3764.6000,3764.8000,3765.0000,3765.6000,8,1,3,1,14,5,1,1,5,1
SF,IF2006,2020-04-23 09:32:50.500,3764.6000,42497,-2,601919820.000,3,0,3,多平,S,3764.6000,3763.6000,3763.4000,3763.2000,3763.0000,3764.8000,3765.0000,3765.6000,3765.8000,3766.0000,2,1,2,8,1,1,5,1,2,1
SF,IF2006,2020-04-23 09:32:51.000,3764.6000,42495,-2,605307960.000,3,0,3,多平,S,3763.4000,3763.2000,3763.0000,3762.8000,3762.6000,3764.8000,3765.0000,3765.6000,3765.8000,3766.0000,2,8,1,3,1,1,5,1,2,1
SF,IF2006,2020-04-23 09:32:51.500,3764.6000,42494,-1,607566720.000,2,0,2,多平,S,3763.6000,3763.4000,3763.2000,3763.0000,3762.8000,3764.6000,3764.8000,3765.0000,3765.6000,3765.8000,4,2,8,1,3,1,1,5,1,2
SF,IF2006,2020-04-23 09:32:52.000,3764.6000,42494,0,607566720.000,0,-,-,-,-,3763.6000,3763.4000,3763.2000,3763.0000,3762.8000,3764.6000,3764.8000,3765.0000,3765.6000,3765.8000,4,2,8,1,3,1,1,5,1,2
SF,IF2006,2020-04-23 09:32:52.500,3764.6000,42494,0,607566720.000,0,-,-,-,-,3763.6000,3763.4000,3763.2000,3763.0000,3762.8000,3764.4000,3764.6000,3764.8000,3765.0000,3765.6000,1,2,8,1,3,2,1,1,5,1
SF,IF2006,2020-04-23 09:32:53.000,3764.6000,42494,0,607566720.000,0,-,-,-,-,3763.8000,3763.6000,3763.4000,3763.2000,3763.0000,3764.6000,3764.8000,3765.0000,3765.6000,3765.8000,1,2,1,8,1,1,1,5,1,2
SF,IF2006,2020-04-23 09:32:53.500,3764.6000,42494,0,607566720.000,0,-,-,-,-,3764.0000,3763.8000,3763.6000,3763.2000,3763.0000,3764.8000,3765.0000,3765.6000,3765.8000,3766.0000,2,1,1,8,1,1,5,1,2,1
SF,IF2006,2020-04-23 09:32:54.000,3764.6000,42494,0,607566720.000,0,-,-,-,-,3764.2000,3764.0000,3763.6000,3763.2000,3763.0000,3764.8000,3765.0000,3765.6000,3765.8000,3766.0000,1,3,1,8,1,1,5,1,2,1
SF,IF2006,2020-04-23 09:32:54.500,3764.6000,42494,0,607566720.000,0,-,-,-,-,3764.2000,3764.0000,3763.6000,3763.2000,3763.0000,3765.0000,3765.6000,3765.8000,3766.0000,3766.8000,2,2,1,8,1,5,1,2,1,3
SF,IF2006,2020-04-23 09:32:55.000,3765.0000,42493,-1,608696220.000,1,0,1,双平,S,3764.8000,3764.2000,3764.0000,3763.2000,3763.0000,3765.0000,3765.6000,3765.8000,3766.0000,3766.8000,5,2,2,8,1,4,1,2,1,3
SF,IF2006,2020-04-23 09:32:55.500,3765.0000,42492,-1,609825720.000,1,0,1,双平,S,3764.8000,3764.2000,3764.0000,3763.2000,3763.0000,3765.0000,3765.6000,3765.8000,3766.0000,3766.8000,5,2,2,8,1,3,1,2,1,3
SF,IF2006,2020-04-23 09:32:56.000,3764.8000,42486,-6,617731980.000,7,0,7,多平,S,3764.8000,3764.2000,3764.0000,3763.2000,3763.0000,3765.6000,3765.8000,3766.0000,3766.8000,3767.2000,1,2,2,8,1,1,2,1,3,1
SF,IF2006,2020-04-23 09:32:56.500,3764.8000,42486,0,617731980.000,0,-,-,-,-,3765.0000,3764.8000,3764.2000,3764.0000,3763.2000,3765.4000,3765.6000,3765.8000,3766.0000,3766.8000,2,2,1,2,8,5,1,2,1,3
SF,IF2006,2020-04-23 09:32:57.000,3764.8000,42484,-2,621120420.000,3,0,3,多平,S,3764.8000,3764.2000,3764.0000,3763.2000,3763.0000,3765.0000,3765.2000,3765.4000,3765.6000,3765.8000,1,1,2,8,1,3,2,5,1,2
SF,IF2006,2020-04-23 09:32:57.500,3764.8000,42484,0,622249860.000,1,0,1,多换,S,3764.0000,3763.2000,3763.0000,3762.8000,3762.6000,3764.8000,3765.0000,3765.2000,3765.4000,3765.6000,2,8,1,3,1,3,2,2,5,1
SF,IF2006,2020-04-23 09:32:58.000,3764.8000,42484,0,622249860.000,0,-,-,-,-,3764.0000,3763.2000,3763.0000,3762.8000,3762.6000,3764.6000,3764.8000,3765.0000,3765.2000,3765.4000,1,4,1,3,1,4,3,1,2,3
SF,IF2006,2020-04-23 09:32:58.500,3764.0000,42483,-1,623379060.000,1,0,1,双平,S,3763.2000,3763.0000,3762.8000,3762.6000,3762.4000,3764.6000,3764.8000,3765.0000,3765.2000,3765.4000,4,1,3,1,14,4,3,1,2,3
SF,IF2006,2020-04-23 09:32:59.000,3764.0000,42483,0,623379060.000,0,-,-,-,-,3763.4000,3763.2000,3763.0000,3762.8000,3762.6000,3764.6000,3764.8000,3765.0000,3765.2000,3765.4000,3,4,1,3,1,4,3,1,2,3
SF,IF2006,2020-04-23 09:32:59.500,3764.6000,42481,-2,625637760.000,2,0,2,双平,S,3763.4000,3763.2000,3763.0000,3762.8000,3762.6000,3764.6000,3764.8000,3765.0000,3765.2000,3765.4000,3,4,1,3,1,2,3,1,2,3
SF,IF2006,2020-04-23 09:33:00.000,3764.6000,42481,0,625637760.000,0,-,-,-,-,3763.4000,3763.2000,3763.0000,3762.8000,3762.6000,3764.4000,3764.6000,3764.8000,3765.0000,3765.2000,3,4,1,3,1,2,1,3,1,1
SF,IF2006,2020-04-23 09:33:00.500,3764.6000,42481,0,625637760.000,0,-,-,-,-,3763.6000,3763.4000,3763.2000,3763.0000,3762.8000,3764.4000,3764.6000,3764.8000,3765.0000,3765.2000,1,3,4,1,3,1,1,3,1,1
SF,IF2006,2020-04-23 09:33:01.000,3764.4000,42480,-1,626767080.000,1,0,1,双平,S,3763.4000,3763.2000,3763.0000,3762.8000,3762.6000,3764.6000,3764.8000,3765.0000,3765.2000,3765.4000,3,4,1,3,1,1,3,1,1,2
SF,IF2006,2020-04-23 09:33:01.500,3764.4000,42480,0,626767080.000,0,-,-,-,-,3763.8000,3763.6000,3763.4000,3763.2000,3763.0000,3764.8000,3765.0000,3765.2000,3765.4000,3765.6000,1,2,3,4,1,2,1,1,2,1
SF,IF2006,2020-04-23 09:33:02.000,3764.4000,42480,0,626767080.000,0,-,-,-,-,3764.0000,3763.6000,3763.4000,3763.2000,3763.0000,3764.6000,3764.8000,3765.0000,3765.2000,3765.6000,1,1,3,4,1,5,3,1,1,1
SF,IF2006,2020-04-23 09:33:02.500,3764.4000,42477,-3,630154920.000,3,0,3,双平,S,3764.0000,3763.6000,3763.4000,3763.2000,3763.0000,3764.4000,3764.6000,3764.8000,3765.0000,3765.2000,1,1,3,4,1,1,5,3,1,1
SF,IF2006,2020-04-23 09:33:03.000,3764.6000,42474,-3,634672320.000,4,0,4,多平,S,3764.0000,3763.6000,3763.4000,3763.2000,3763.0000,3764.6000,3764.8000,3765.0000,3765.2000,3765.6000,1,1,3,4,1,2,3,1,1,1
SF,IF2006,2020-04-23 09:33:03.500,3764.6000,42474,0,634672320.000,0,-,-,-,-,3764.0000,3763.6000,3763.4000,3763.2000,3763.0000,3764.6000,3764.8000,3765.0000,3765.2000,3765.6000,1,1,3,4,1,2,3,1,1,1
SF,IF2006,2020-04-23 09:33:04.000,3764.6000,42474,0,634672320.000,0,-,-,-,-,3764.0000,3763.6000,3763.4000,3763.2000,3763.0000,3764.6000,3764.8000,3765.0000,3765.2000,3765.6000,1,1,3,4,1,2,2,1,1,1
SF,IF2006,2020-04-23 09:33:05.000,3764.0000,42473,-1,635801520.000,1,0,1,双平,S,3763.6000,3763.4000,3763.2000,3763.0000,3762.8000,3764.6000,3764.8000,3765.0000,3765.2000,3765.6000,1,3,4,1,3,2,2,1,1,1
SF,IF2006,2020-04-23 09:33:05.500,3764.0000,42473,0,635801520.000,0,-,-,-,-,3763.6000,3763.4000,3763.2000,3763.0000,3762.8000,3764.4000,3764.6000,3764.8000,3765.0000,3765.2000,1,3,4,1,3,2,2,1,1,1
SF,IF2006,2020-04-23 09:33:06.000,3764.0000,42473,0,635801520.000,0,-,-,-,-,3763.4000,3763.2000,3763.0000,3762.8000,3762.6000,3764.4000,3764.6000,3764.8000,3765.0000,3765.2000,3,4,1,3,1,1,2,1,1,1
SF,IF2006,2020-04-23 09:33:06.500,3764.0000,42473,0,635801520.000,0,-,-,-,-,3763.4000,3763.2000,3763.0000,3762.8000,3762.6000,3764.2000,3764.4000,3764.6000,3764.8000,3765.0000,1,4,1,3,1,1,1,2,1,1
SF,IF2006,2020-04-23 09:33:07.000,3764.0000,42473,0,635801520.000,0,-,-,-,-,3763.2000,3763.0000,3762.8000,3762.6000,3762.4000,3764.0000,3764.2000,3764.6000,3765.0000,3765.6000,4,1,3,1,14,1,1,2,1,1
SF,IF2006,2020-04-23 09:33:07.500,3764.0000,42473,0,635801520.000,0,-,-,-,-,3763.2000,3763.0000,3762.8000,3762.6000,3762.4000,3764.0000,3764.6000,3765.0000,3765.6000,3765.8000,4,1,3,1,14,1,2,1,1,2
SF,IF2006,2020-04-23 09:33:08.000,3764.0000,42473,0,635801520.000,0,-,-,-,-,3763.2000,3763.0000,3762.8000,3762.6000,3762.4000,3764.0000,3764.6000,3765.0000,3765.6000,3765.8000,4,1,3,1,14,2,2,1,1,2
SF,IF2006,2020-04-23 09:33:08.500,3764.0000,42473,0,635801520.000,0,-,-,-,-,3763.2000,3763.0000,3762.8000,3762.6000,3762.4000,3764.0000,3764.6000,3765.0000,3765.6000,3765.8000,4,1,3,1,14,3,2,1,1,2
SF,IF2006,2020-04-23 09:33:09.000,3764.0000,42473,0,635801520.000,0,-,-,-,-,3763.2000,3763.0000,3762.8000,3762.6000,3762.4000,3764.0000,3764.6000,3765.0000,3765.6000,3765.8000,4,1,3,1,14,3,2,2,1,2
SF,IF2006,2020-04-23 09:33:09.500,3764.0000,42473,0,635801520.000,0,-,-,-,-,3763.2000,3763.0000,3762.8000,3762.6000,3762.4000,3764.0000,3764.2000,3764.6000,3765.0000,3765.6000,4,1,3,1,14,2,1,2,2,1
SF,IF2006,2020-04-23 09:33:10.000,3764.0000,42473,0,635801520.000,0,-,-,-,-,3763.2000,3763.0000,3762.8000,3762.6000,3762.4000,3764.0000,3764.2000,3764.6000,3765.0000,3765.6000,4,1,3,1,14,2,1,2,3,3
SF,IF2006,2020-04-23 09:33:10.500,3764.0000,42473,0,635801520.000,0,-,-,-,-,3763.4000,3763.2000,3763.0000,3762.8000,3762.6000,3763.8000,3764.0000,3764.2000,3764.6000,3765.0000,1,4,1,3,1,1,1,2,2,3
SF,IF2006,2020-04-23 09:33:11.000,3764.0000,42473,0,636930720.000,1,0,1,多换,S,3763.4000,3763.2000,3763.0000,3762.8000,3762.6000,3764.2000,3764.6000,3765.0000,3765.6000,3765.8000,1,4,1,3,1,2,2,3,3,2
SF,IF2006,2020-04-23 09:33:11.500,3764.0000,42473,0,636930720.000,0,-,-,-,-,3763.4000,3763.2000,3763.0000,3762.8000,3762.6000,3764.2000,3764.6000,3765.0000,3765.6000,3765.8000,2,4,1,3,1,2,2,3,3,2
SF,IF2006,2020-04-23 09:33:12.000,3764.0000,42473,0,636930720.000,0,-,-,-,-,3763.6000,3763.4000,3763.2000,3763.0000,3762.8000,3764.2000,3764.6000,3765.0000,3765.6000,3765.8000,1,2,4,1,3,2,2,3,3,2
SF,IF2006,2020-04-23 09:33:12.500,3764.0000,42473,0,636930720.000,0,-,-,-,-,3763.6000,3763.4000,3763.2000,3763.0000,3762.8000,3764.2000,3764.6000,3765.0000,3765.6000,3765.8000,1,2,3,1,3,2,2,3,3,2
SF,IF2006,2020-04-23 09:33:13.000,3764.0000,42473,0,636930720.000,0,-,-,-,-,3763.6000,3763.4000,3763.2000,3763.0000,3762.8000,3764.2000,3764.6000,3765.0000,3765.6000,3765.8000,1,1,3,1,3,2,2,3,3,2
SF,IF2006,2020-04-23 09:33:13.500,3763.6000,42473,0,638059800.000,1,0,1,多换,S,3763.2000,3763.0000,3762.8000,3762.6000,3762.4000,3763.6000,3764.2000,3764.6000,3765.0000,3765.6000,3,1,3,1,14,1,2,2,3,3
SF,IF2006,2020-04-23 09:33:14.000,3763.6000,42472,-1,639188880.000,1,0,1,双平,S,3763.6000,3763.2000,3763.0000,3762.8000,3762.6000,3764.2000,3764.6000,3765.0000,3765.6000,3765.8000,2,3,1,3,1,2,2,3,3,2
SF,IF2006,2020-04-23 09:33:14.500,3763.6000,42472,0,639188880.000,0,-,-,-,-,3763.2000,3763.0000,3762.8000,3762.6000,3762.4000,3764.2000,3764.6000,3765.0000,3765.6000,3765.8000,3,1,3,1,14,2,2,3,3,2
SF,IF2006,2020-04-23 09:33:15.000,3763.6000,42472,0,639188880.000,0,-,-,-,-,3763.4000,3763.2000,3763.0000,3762.8000,3762.6000,3764.0000,3764.2000,3764.6000,3765.0000,3765.6000,1,3,1,3,1,1,2,2,3,3
SF,IF2006,2020-04-23 09:33:15.500,3763.6000,42472,0,639188880.000,0,-,-,-,-,3763.2000,3763.0000,3762.8000,3762.6000,3762.4000,3764.0000,3764.2000,3764.6000,3765.0000,3765.6000,3,1,3,1,14,1,2,2,3,3
SF,IF2006,2020-04-23 09:33:16.000,3763.6000,42472,0,639188880.000,0,-,-,-,-,3763.2000,3763.0000,3762.8000,3762.6000,3762.4000,3763.8000,3764.0000,3764.2000,3764.6000,3765.0000,3,1,3,1,14,1,1,3,2,3
SF,IF2006,2020-04-23 09:33:16.500,3763.2000,42470,-2,641446800.000,2,0,2,双平,S,3763.2000,3763.0000,3762.8000,3762.6000,3762.4000,3763.6000,3763.8000,3764.0000,3764.2000,3764.6000,1,1,3,1,14,1,1,1,3,2
SF,IF2006,2020-04-23 09:33:17.000,3763.2000,42470,0,641446800.000,0,-,-,-,-,3763.2000,3763.0000,3762.8000,3762.6000,3762.4000,3763.6000,3763.8000,3764.0000,3764.2000,3764.6000,1,1,3,1,14,2,1,1,3,2
SF,IF2006,2020-04-23 09:33:17.500,3763.2000,42470,0,641446800.000,0,-,-,-,-,3763.2000,3763.0000,3762.8000,3762.6000,3762.4000,3763.6000,3763.8000,3764.0000,3764.2000,3764.6000,1,1,3,1,14,3,1,1,2,2
SF,IF2006,2020-04-23 09:33:18.500,3763.2000,42469,-1,642575760.000,1,0,1,双平,S,3763.0000,3762.8000,3762.6000,3762.4000,3762.2000,3763.2000,3763.6000,3763.8000,3764.0000,3764.2000,1,3,1,14,1,1,3,1,1,2
SF,IF2006,2020-04-23 09:33:19.000,3763.0000,42468,-1,643704660.000,1,0,1,双平,S,3762.8000,3762.6000,3762.4000,3762.2000,3762.0000,3763.2000,3763.6000,3763.8000,3764.0000,3764.2000,3,1,14,1,7,1,3,1,1,3
SF,IF2006,2020-04-23 09:33:19.500,3763.0000,42468,0,643704660.000,0,-,-,-,-,3762.8000,3762.6000,3762.4000,3762.2000,3762.0000,3763.6000,3763.8000,3764.0000,3764.2000,3764.6000,3,1,14,1,7,3,1,1,3,2
SF,IF2006,2020-04-23 09:33:20.000,3763.0000,42468,0,643704660.000,0,-,-,-,-,3762.8000,3762.6000,3762.4000,3762.2000,3762.0000,3763.4000,3763.6000,3763.8000,3764.0000,3764.2000,3,1,14,1,7,2,3,1,1,3
SF,IF2006,2020-04-23 09:33:20.500,3763.0000,42468,0,643704660.000,0,-,-,-,-,3762.8000,3762.6000,3762.4000,3762.2000,3762.0000,3763.4000,3763.6000,3763.8000,3764.0000,3764.2000,3,1,14,1,7,2,4,1,1,3
SF,IF2006,2020-04-23 09:33:21.000,3762.8000,42468,0,644833500.000,1,0,1,多换,S,3762.8000,3762.6000,3762.4000,3762.2000,3762.0000,3763.4000,3763.6000,3763.8000,3764.2000,3764.6000,2,1,14,1,7,1,3,1,3,2
SF,IF2006,2020-04-23 09:33:22.000,3762.8000,42468,0,645962340.000,1,0,1,多换,S,3762.8000,3762.6000,3762.4000,3762.2000,3762.0000,3763.0000,3763.4000,3763.6000,3763.8000,3764.2000,1,1,14,1,7,1,1,3,1,3
SF,IF2006,2020-04-23 09:33:22.500,3763.0000,42466,-2,648220080.000,2,0,2,双平,S,3762.6000,3762.4000,3762.2000,3762.0000,3761.6000,3763.6000,3763.8000,3764.2000,3764.6000,3765.0000,1,14,1,7,14,3,1,3,2,3
SF,IF2006,2020-04-23 09:33:23.000,3762.6000,42465,-1,649348860.000,1,0,1,双平,S,3762.4000,3762.2000,3762.0000,3761.6000,3761.0000,3762.6000,3763.4000,3763.6000,3764.2000,3765.0000,14,1,7,14,1,1,6,3,3,3
SF,IF2006,2020-04-23 09:33:23.500,3762.4000,42463,-2,657250560.000,7,2,5,多平,S,3762.4000,3762.2000,3762.0000,3761.6000,3761.0000,3763.4000,3763.6000,3764.0000,3764.2000,3765.0000,10,1,7,14,1,3,2,1,3,3
SF,IF2006,2020-04-23 09:33:24.000,3762.4000,42463,0,657250560.000,0,-,-,-,-,3762.4000,3762.2000,3762.0000,3761.6000,3761.0000,3763.2000,3763.4000,3763.6000,3764.0000,3764.2000,10,1,7,14,1,3,3,2,1,3
SF,IF2006,2020-04-23 09:33:24.500,3762.4000,42463,0,657250560.000,0,-,-,-,-,3762.6000,3762.4000,3762.2000,3762.0000,3761.6000,3763.0000,3763.2000,3763.6000,3764.0000,3764.2000,2,10,1,7,14,5,1,2,1,3
SF,IF2006,2020-04-23 09:33:25.000,3762.6000,42462,-1,659508240.000,2,0,2,多平,S,3762.6000,3762.4000,3762.2000,3762.0000,3761.6000,3763.0000,3763.2000,3763.6000,3764.0000,3764.2000,1,10,1,7,14,2,1,2,1,3
SF,IF2006,2020-04-23 09:33:26.000,3762.6000,42462,0,659508240.000,0,-,-,-,-,3762.6000,3762.4000,3762.2000,3762.0000,3761.6000,3763.0000,3763.2000,3763.6000,3764.0000,3764.2000,1,10,1,7,4,2,1,2,1,3
SF,IF2006,2020-04-23 09:33:26.500,3763.0000,42462,0,660637140.000,1,0,1,多换,S,3762.6000,3762.4000,3762.2000,3762.0000,3761.6000,3763.2000,3763.6000,3764.0000,3764.2000,3765.0000,1,10,1,7,4,1,2,1,3,3
SF,IF2006,2020-04-23 09:33:27.000,3763.2000,42461,-1,661766100.000,1,0,1,双平,S,3762.6000,3762.4000,3762.2000,3762.0000,3761.6000,3763.6000,3764.0000,3764.2000,3765.0000,3765.6000,1,10,1,7,4,2,1,3,3,3
SF,IF2006,2020-04-23 09:33:27.500,3764.2000,42457,-4,667411740.000,5,0,5,多平,S,3762.8000,3762.6000,3762.4000,3762.2000,3762.0000,3764.2000,3765.0000,3765.6000,3766.0000,3766.8000,2,2,10,1,7,2,3,3,2,3
SF,IF2006,2020-04-23 09:33:28.000,3764.2000,42455,-2,669670260.000,2,0,2,双平,S,3763.4000,3763.0000,3762.8000,3762.4000,3762.2000,3765.0000,3765.6000,3766.0000,3766.8000,3767.2000,1,1,4,10,1,3,3,2,3,1
SF,IF2006,2020-04-23 09:33:28.500,3764.2000,42453,-2,671928780.000,2,0,2,双平,S,3763.6000,3763.4000,3762.8000,3762.4000,3762.2000,3764.8000,3765.0000,3765.6000,3766.0000,3766.8000,3,3,1,10,1,1,3,3,3,3
SF,IF2006,2020-04-23 09:33:29.000,3763.8000,42451,-2,674187360.000,2,0,2,双平,S,3763.8000,3763.6000,3763.4000,3762.8000,3762.4000,3765.0000,3765.6000,3766.0000,3766.8000,3767.2000,2,3,1,1,10,3,3,3,3,1
SF,IF2006,2020-04-23 09:33:29.500,3763.8000,42451,0,674187360.000,0,-,-,-,-,3763.6000,3763.4000,3762.4000,3762.2000,3762.0000,3763.8000,3764.4000,3764.8000,3765.0000,3765.6000,3,1,10,1,7,1,1,5,3,3
SF,IF2006,2020-04-23 09:33:30.000,3763.8000,42448,-3,678703740.000,4,0,4,多平,S,3763.8000,3762.4000,3762.2000,3762.0000,3761.6000,3764.8000,3765.0000,3765.6000,3766.0000,3766.8000,1,10,1,7,4,5,3,3,3,3
SF,IF2006,2020-04-23 09:33:30.500,3763.8000,42448,0,678703740.000,0,-,-,-,-,3762.4000,3762.2000,3762.0000,3761.6000,3761.0000,3763.8000,3764.4000,3764.6000,3764.8000,3765.0000,10,1,7,4,1,1,1,4,5,3
SF,IF2006,2020-04-23 09:33:31.000,3763.8000,42448,0,678703740.000,0,-,-,-,-,3763.2000,3762.6000,3762.4000,3762.2000,3762.0000,3764.6000,3764.8000,3765.0000,3765.6000,3766.0000,1,5,10,1,7,2,5,3,3,3
SF,IF2006,2020-04-23 09:33:31.500,3763.8000,42448,0,678703740.000,0,-,-,-,-,3763.4000,3763.2000,3762.8000,3762.6000,3762.4000,3764.2000,3764.4000,3764.6000,3764.8000,3765.0000,1,1,1,4,10,1,4,2,1,3
SF,IF2006,2020-04-23 09:33:32.000,3763.8000,42448,0,678703740.000,0,-,-,-,-,3763.4000,3763.2000,3762.8000,3762.6000,3762.4000,3764.4000,3764.6000,3765.0000,3765.6000,3766.0000,2,1,1,4,10,4,1,6,3,3
SF,IF2006,2020-04-23 09:33:32.500,3763.8000,42448,0,678703740.000,0,-,-,-,-,3763.4000,3763.2000,3762.8000,3762.6000,3762.4000,3764.2000,3764.4000,3764.6000,3765.0000,3765.6000,2,1,1,4,10,1,3,1,6,3
SF,IF2006,2020-04-23 09:33:33.000,3763.8000,42448,0,678703740.000,0,-,-,-,-,3763.6000,3763.4000,3763.2000,3762.8000,3762.6000,3764.4000,3764.6000,3765.0000,3765.6000,3766.0000,1,2,1,1,4,3,1,6,3,3
SF,IF2006,2020-04-23 09:33:33.500,3763.8000,42448,0,678703740.000,0,-,-,-,-,3763.6000,3763.4000,3763.2000,3762.8000,3762.6000,3764.4000,3765.0000,3765.6000,3766.0000,3766.8000,1,2,1,1,4,1,6,3,3,3
SF,IF2006,2020-04-23 09:33:34.000,3763.8000,42448,0,678703740.000,0,-,-,-,-,3763.6000,3763.4000,3763.2000,3762.8000,3762.6000,3764.4000,3765.0000,3765.6000,3766.0000,3766.8000,1,1,1,1,4,1,6,3,3,3
SF,IF2006,2020-04-23 09:33:35.000,3763.6000,42447,-1,679832820.000,1,0,1,双平,S,3763.4000,3763.2000,3762.8000,3762.6000,3762.4000,3763.6000,3764.4000,3764.8000,3765.0000,3765.6000,1,1,1,4,10,2,1,1,6,3
SF,IF2006,2020-04-23 09:33:35.500,3763.6000,42445,-2,682090980.000,2,0,2,双平,S,3763.6000,3763.4000,3763.2000,3762.8000,3762.6000,3764.4000,3764.8000,3765.0000,3765.6000,3766.0000,3,1,1,1,4,2,1,6,3,3
SF,IF2006,2020-04-23 09:33:36.000,3763.6000,42443,-2,684349140.000,2,0,2,双平,S,3763.2000,3762.8000,3762.6000,3762.4000,3762.2000,3764.4000,3764.8000,3765.0000,3765.6000,3766.0000,1,1,4,10,1,3,1,6,3,3
SF,IF2006,2020-04-23 09:33:36.500,3763.6000,42443,0,684349140.000,0,-,-,-,-,3763.4000,3763.2000,3762.8000,3762.6000,3762.4000,3764.0000,3764.2000,3764.4000,3764.6000,3764.8000,1,1,1,4,10,2,2,2,1,1
SF,IF2006,2020-04-23 09:33:37.000,3763.4000,42442,-1,685478160.000,1,0,1,双平,S,3763.2000,3762.8000,3762.6000,3762.4000,3762.2000,3763.8000,3764.0000,3764.2000,3764.4000,3764.6000,1,1,4,10,1,1,2,2,2,1
SF,IF2006,2020-04-23 09:33:37.500,3763.4000,42442,0,685478160.000,0,-,-,-,-,3763.2000,3762.8000,3762.6000,3762.4000,3762.2000,3764.0000,3764.4000,3764.6000,3764.8000,3765.0000,1,1,4,10,1,2,2,1,1,6
SF,IF2006,2020-04-23 09:33:38.000,3764.0000,42441,-1,686607360.000,1,0,1,双平,S,3763.4000,3763.2000,3762.8000,3762.6000,3762.4000,3764.0000,3764.4000,3764.6000,3764.8000,3765.0000,2,4,1,4,10,1,2,1,1,6
SF,IF2006,2020-04-23 09:33:38.500,3764.0000,42440,-1,687736560.000,1,0,1,双平,S,3763.4000,3763.2000,3762.8000,3762.6000,3762.4000,3764.4000,3764.6000,3764.8000,3765.0000,3765.6000,2,3,1,4,10,1,1,1,6,3
SF,IF2006,2020-04-23 09:33:39.000,3764.4000,42440,0,688865880.000,1,0,1,多换,S,3763.4000,3763.2000,3762.8000,3762.6000,3762.4000,3764.6000,3764.8000,3765.0000,3765.6000,3766.0000,3,2,1,4,10,1,1,6,3,3
SF,IF2006,2020-04-23 09:33:39.500,3764.6000,42439,-1,689995260.000,1,0,1,双平,S,3763.8000,3763.6000,3763.4000,3763.2000,3762.8000,3764.8000,3765.0000,3765.6000,3766.0000,3766.8000,2,4,1,2,1,1,6,3,3,3
SF,IF2006,2020-04-23 09:33:40.000,3765.0000,42438,-1,692254200.000,2,0,2,多平,S,3764.0000,3763.8000,3763.6000,3763.4000,3763.2000,3765.0000,3765.6000,3766.0000,3766.8000,3767.2000,3,1,1,1,2,6,3,3,3,1
SF,IF2006,2020-04-23 09:33:40.500,3764.2000,42437,-1,693383460.000,1,0,1,双平,S,3764.2000,3764.0000,3763.8000,3763.6000,3763.4000,3765.0000,3765.6000,3766.0000,3766.8000,3767.2000,2,3,1,1,1,6,3,3,3,1
SF,IF2006,2020-04-23 09:33:41.000,3764.2000,42437,0,693383460.000,0,-,-,-,-,3764.0000,3763.4000,3763.2000,3762.8000,3762.6000,3765.0000,3765.6000,3766.0000,3766.8000,3767.2000,3,1,2,1,2,6,3,3,3,1
SF,IF2006,2020-04-23 09:33:41.500,3764.2000,42437,0,693383460.000,0,-,-,-,-,3764.0000,3763.4000,3763.2000,3762.8000,3762.6000,3764.8000,3765.0000,3765.6000,3766.0000,3766.8000,1,1,2,1,2,2,6,3,3,3
SF,IF2006,2020-04-23 09:33:42.000,3764.8000,42436,-1,694512900.000,1,0,1,双平,S,3763.4000,3763.2000,3762.8000,3762.6000,3762.4000,3764.8000,3765.0000,3765.6000,3766.0000,3766.8000,1,2,1,2,10,2,6,3,3,3
SF,IF2006,2020-04-23 09:33:42.500,3764.8000,42436,0,694512900.000,0,-,-,-,-,3763.6000,3763.4000,3763.2000,3762.8000,3762.6000,3764.6000,3764.8000,3765.0000,3765.2000,3765.6000,1,1,2,1,2,1,1,6,1,3
SF,IF2006,2020-04-23 09:33:43.000,3764.8000,42436,0,694512900.000,0,-,-,-,-,3763.8000,3763.6000,3763.4000,3763.2000,3762.8000,3764.4000,3764.6000,3764.8000,3765.0000,3765.2000,1,1,1,2,1,1,1,1,6,1
SF,IF2006,2020-04-23 09:33:43.500,3764.6000,42436,0,695642280.000,1,0,1,多换,S,3764.0000,3763.6000,3763.4000,3763.2000,3762.8000,3764.8000,3765.0000,3765.2000,3765.6000,3766.0000,1,1,2,2,1,1,6,1,3,3
SF,IF2006,2020-04-23 09:33:44.000,3764.6000,42436,0,695642280.000,0,-,-,-,-,3764.0000,3763.6000,3763.4000,3763.2000,3762.8000,3765.0000,3765.2000,3765.6000,3766.0000,3766.8000,3,1,2,2,1,6,1,3,3,3
SF,IF2006,2020-04-23 09:33:44.500,3764.6000,42436,0,695642280.000,0,-,-,-,-,3764.4000,3764.2000,3764.0000,3763.4000,3763.2000,3765.0000,3765.2000,3765.6000,3766.0000,3766.8000,1,3,1,2,2,6,1,3,3,3
SF,IF2006,2020-04-23 09:33:45.000,3764.6000,42436,0,695642280.000,0,-,-,-,-,3764.4000,3764.2000,3764.0000,3763.4000,3763.2000,3765.0000,3765.2000,3765.6000,3766.0000,3766.8000,1,2,1,2,2,6,1,3,3,3
SF,IF2006,2020-04-23 09:33:45.500,3764.2000,42436,0,696771540.000,1,0,1,多换,S,3764.2000,3764.0000,3763.4000,3763.2000,3762.8000,3765.0000,3765.2000,3765.6000,3766.0000,3766.8000,1,1,2,2,1,6,1,3,3,3
SF,IF2006,2020-04-23 09:33:46.000,3764.2000,42436,0,696771540.000,0,-,-,-,-,3764.4000,3764.2000,3764.0000,3763.4000,3763.2000,3765.0000,3765.2000,3765.6000,3766.0000,3766.8000,3,2,1,2,2,6,1,3,3,3
SF,IF2006,2020-04-23 09:33:46.500,3764.2000,42436,0,696771540.000,0,-,-,-,-,3764.8000,3764.4000,3764.2000,3764.0000,3763.4000,3765.0000,3765.2000,3765.6000,3766.0000,3766.8000,1,3,1,1,2,6,1,3,3,3
SF,IF2006,2020-04-23 09:33:47.000,3764.2000,42436,0,696771540.000,0,-,-,-,-,3764.4000,3764.2000,3764.0000,3763.4000,3763.2000,3765.0000,3765.2000,3765.6000,3766.0000,3766.8000,1,1,1,2,2,6,1,3,3,3
SF,IF2006,2020-04-23 09:33:47.500,3764.2000,42436,0,696771540.000,0,-,-,-,-,3764.4000,3764.2000,3764.0000,3763.4000,3763.2000,3765.0000,3765.2000,3765.6000,3766.0000,3766.8000,1,1,1,2,2,6,1,3,3,3
SF,IF2006,2020-04-23 09:33:48.000,3764.2000,42436,0,696771540.000,0,-,-,-,-,3764.8000,3764.4000,3764.2000,3764.0000,3763.4000,3765.0000,3765.2000,3765.6000,3766.0000,3766.8000,1,1,1,1,2,6,1,3,3,3
SF,IF2006,2020-04-23 09:33:48.500,3764.2000,42436,0,696771540.000,0,-,-,-,-,3764.4000,3764.2000,3764.0000,3763.4000,3763.2000,3765.0000,3765.2000,3765.6000,3766.0000,3766.8000,1,1,1,2,2,6,1,3,3,3
SF,IF2006,2020-04-23 09:33:49.000,3764.2000,42436,0,696771540.000,0,-,-,-,-,3764.6000,3764.4000,3764.0000,3763.4000,3763.2000,3765.0000,3765.2000,3765.6000,3766.0000,3766.8000,1,1,1,2,2,6,1,3,3,3
SF,IF2006,2020-04-23 09:33:49.500,3764.6000,42435,-1,697900920.000,1,0,1,双平,S,3764.0000,3763.4000,3763.2000,3762.8000,3762.6000,3764.8000,3765.0000,3765.2000,3765.6000,3766.0000,1,2,2,1,2,1,6,1,3,3
SF,IF2006,2020-04-23 09:33:50.000,3764.6000,42435,0,697900920.000,0,-,-,-,-,3764.2000,3763.4000,3763.2000,3762.8000,3762.6000,3764.8000,3765.0000,3765.2000,3765.6000,3766.0000,3,2,2,1,2,1,6,1,3,3
SF,IF2006,2020-04-23 09:33:50.500,3764.2000,42434,-1,699030180.000,1,0,1,双平,S,3764.2000,3763.4000,3763.2000,3762.8000,3762.6000,3764.8000,3765.0000,3765.2000,3765.6000,3766.0000,2,2,2,1,2,1,6,1,3,3
SF,IF2006,2020-04-23 09:33:51.000,3764.2000,42432,-2,701288700.000,2,0,2,双平,S,3763.4000,3763.2000,3762.8000,3762.6000,3762.4000,3764.6000,3764.8000,3765.0000,3765.2000,3765.6000,2,2,1,2,10,1,1,6,1,3
SF,IF2006,2020-04-23 09:33:51.500,3764.2000,42432,0,701288700.000,0,-,-,-,-,3763.6000,3763.4000,3763.2000,3762.8000,3762.6000,3764.4000,3764.6000,3764.8000,3765.0000,3765.2000,1,4,2,1,2,2,1,1,6,1
SF,IF2006,2020-04-23 09:33:52.000,3764.2000,42432,0,701288700.000,0,-,-,-,-,3763.6000,3763.4000,3763.2000,3762.8000,3762.6000,3764.4000,3764.6000,3764.8000,3765.0000,3765.2000,1,4,2,1,2,1,1,1,6,1
SF,IF2006,2020-04-23 09:33:52.500,3764.4000,42432,0,702418020.000,1,0,1,多换,S,3763.6000,3763.4000,3763.2000,3762.8000,3762.6000,3764.6000,3764.8000,3765.0000,3765.2000,3765.6000,1,4,2,1,2,1,1,6,1,3
SF,IF2006,2020-04-23 09:33:53.000,3764.4000,42432,0,702418020.000,0,-,-,-,-,3763.6000,3763.4000,3763.2000,3762.8000,3762.6000,3764.6000,3764.8000,3765.0000,3765.2000,3765.6000,1,4,2,1,2,1,1,6,1,3
SF,IF2006,2020-04-23 09:33:53.500,3764.4000,42432,0,702418020.000,0,-,-,-,-,3763.8000,3763.6000,3763.4000,3763.2000,3762.8000,3764.6000,3764.8000,3765.0000,3765.2000,3765.6000,1,1,2,2,1,1,1,6,1,3
SF,IF2006,2020-04-23 09:33:54.000,3764.4000,42432,0,702418020.000,0,-,-,-,-,3763.8000,3763.6000,3763.4000,3763.2000,3762.8000,3764.6000,3764.8000,3765.0000,3765.2000,3765.6000,3,1,2,2,1,1,1,6,1,3
SF,IF2006,2020-04-23 09:33:55.000,3764.4000,42432,0,702418020.000,0,-,-,-,-,3763.8000,3763.6000,3763.4000,3763.2000,3762.8000,3764.6000,3765.0000,3765.2000,3765.6000,3766.0000,3,1,1,2,1,1,6,1,3,3
SF,IF2006,2020-04-23 09:33:55.500,3764.4000,42432,0,702418020.000,0,-,-,-,-,3764.0000,3763.8000,3763.4000,3763.2000,3762.8000,3765.0000,3765.2000,3765.6000,3766.0000,3766.8000,1,4,1,2,1,6,1,3,3,3
SF,IF2006,2020-04-23 09:33:56.000,3765.0000,42433,1,703547520.000,1,1,0,双开,S,3764.0000,3763.8000,3763.4000,3763.2000,3762.8000,3765.0000,3765.2000,3765.6000,3766.0000,3766.8000,1,4,1,2,1,5,1,3,3,3
SF,IF2006,2020-04-23 09:33:56.500,3765.0000,42433,0,703547520.000,0,-,-,-,-,3764.0000,3763.8000,3763.4000,3763.2000,3762.8000,3764.8000,3765.0000,3765.2000,3765.6000,3766.0000,1,2,1,2,1,1,5,1,3,3
SF,IF2006,2020-04-23 09:33:57.500,3765.0000,42433,0,703547520.000,0,-,-,-,-,3764.0000,3763.8000,3763.4000,3763.2000,3762.8000,3764.4000,3764.8000,3765.0000,3765.2000,3765.6000,1,2,1,2,1,1,1,5,1,3
SF,IF2006,2020-04-23 09:33:58.000,3764.4000,42433,0,704676840.000,1,0,1,多换,S,3764.2000,3764.0000,3763.8000,3763.4000,3763.2000,3764.8000,3765.0000,3765.2000,3765.6000,3766.0000,1,1,2,1,1,1,5,1,3,3
SF,IF2006,2020-04-23 09:33:58.500,3764.4000,42433,0,704676840.000,0,-,-,-,-,3764.2000,3764.0000,3763.8000,3763.4000,3763.2000,3765.0000,3765.2000,3765.6000,3766.0000,3766.8000,1,1,2,1,1,5,1,3,3,3
SF,IF2006,2020-04-23 09:33:59.000,3764.4000,42433,0,704676840.000,0,-,-,-,-,3764.2000,3764.0000,3763.8000,3763.4000,3763.2000,3765.0000,3765.2000,3765.6000,3766.0000,3766.8000,1,1,2,1,1,5,1,3,3,3
SF,IF2006,2020-04-23 09:33:59.500,3764.4000,42433,0,704676840.000,0,-,-,-,-,3764.2000,3764.0000,3763.8000,3763.4000,3763.2000,3765.0000,3765.2000,3765.6000,3766.0000,3766.8000,3,1,2,1,1,5,1,3,3,3
SF,IF2006,2020-04-23 09:34:00.000,3764.4000,42433,0,704676840.000,0,-,-,-,-,3764.4000,3764.2000,3764.0000,3763.8000,3763.4000,3765.0000,3765.2000,3765.6000,3766.0000,3766.8000,1,2,1,2,1,5,1,3,3,3
SF,IF2006,2020-04-23 09:34:00.500,3764.4000,42432,-1,705806160.000,1,0,1,双平,S,3764.2000,3764.0000,3763.8000,3763.4000,3763.2000,3765.0000,3765.2000,3765.6000,3766.0000,3766.8000,2,1,2,1,1,5,1,3,3,3
SF,IF2006,2020-04-23 09:34:01.000,3764.4000,42432,0,705806160.000,0,-,-,-,-,3764.2000,3764.0000,3763.8000,3763.4000,3763.2000,3765.0000,3765.2000,3765.6000,3766.0000,3766.8000,1,1,2,1,1,5,1,3,3,3
SF,IF2006,2020-04-23 09:34:01.500,3764.4000,42432,0,705806160.000,0,-,-,-,-,3764.0000,3763.8000,3763.4000,3763.2000,3762.8000,3764.8000,3765.0000,3765.2000,3765.6000,3766.0000,1,2,1,2,1,1,5,1,3,3
SF,IF2006,2020-04-23 09:34:02.000,3764.4000,42432,0,705806160.000,0,-,-,-,-,3763.8000,3763.4000,3763.2000,3762.8000,3762.6000,3764.2000,3764.8000,3765.0000,3765.2000,3765.6000,2,1,2,1,3,1,1,5,1,3
SF,IF2006,2020-04-23 09:34:02.500,3764.4000,42432,0,705806160.000,0,-,-,-,-,3763.4000,3763.2000,3762.6000,3762.4000,3762.2000,3764.2000,3764.8000,3765.0000,3765.2000,3765.6000,1,2,3,10,1,1,1,5,1,3
SF,IF2006,2020-04-23 09:34:03.000,3764.4000,42432,0,705806160.000,0,-,-,-,-,3763.4000,3763.2000,3762.6000,3762.4000,3762.2000,3764.2000,3765.0000,3765.2000,3765.6000,3766.0000,1,2,3,10,1,2,5,1,3,3
SF,IF2006,2020-04-23 09:34:03.500,3764.4000,42432,0,705806160.000,0,-,-,-,-,3763.4000,3763.2000,3762.6000,3762.4000,3762.2000,3764.2000,3765.0000,3765.2000,3765.6000,3766.0000,1,2,3,10,1,1,5,1,3,3
SF,IF2006,2020-04-23 09:34:04.000,3764.4000,42432,0,705806160.000,0,-,-,-,-,3763.6000,3763.4000,3763.2000,3762.6000,3762.4000,3764.2000,3764.6000,3765.0000,3765.2000,3765.6000,1,3,2,3,10,1,1,5,1,3
SF,IF2006,2020-04-23 09:34:04.500,3764.4000,42432,0,705806160.000,0,-,-,-,-,3763.6000,3763.4000,3763.2000,3763.0000,3762.6000,3764.2000,3764.6000,3765.0000,3765.2000,3765.6000,1,3,2,2,3,1,1,5,1,3
SF,IF2006,2020-04-23 09:34:05.000,3764.4000,42432,0,705806160.000,0,-,-,-,-,3763.6000,3763.4000,3763.2000,3763.0000,3762.6000,3764.2000,3764.6000,3765.0000,3765.2000,3765.6000,1,2,2,2,3,1,1,5,1,3
SF,IF2006,2020-04-23 09:34:05.500,3764.2000,42431,-1,706935420.000,1,0,1,双平,S,3763.6000,3763.4000,3763.2000,3763.0000,3762.6000,3764.6000,3765.0000,3765.2000,3765.6000,3766.0000,1,2,2,2,3,2,5,1,3,3
SF,IF2006,2020-04-23 09:34:06.000,3764.6000,42431,0,708064800.000,1,0,1,多换,S,3763.8000,3763.6000,3763.4000,3763.2000,3763.0000,3764.6000,3765.0000,3765.2000,3765.6000,3766.0000,1,2,1,2,2,1,10,1,3,3
SF,IF2006,2020-04-23 09:34:06.500,3764.6000,42431,0,708064800.000,0,-,-,-,-,3763.8000,3763.6000,3763.4000,3763.2000,3763.0000,3764.6000,3765.0000,3765.2000,3765.6000,3766.0000,1,2,1,2,2,1,10,1,3,3
SF,IF2006,2020-04-23 09:34:07.000,3764.6000,42431,0,708064800.000,0,-,-,-,-,3763.8000,3763.6000,3763.4000,3763.2000,3763.0000,3764.6000,3765.0000,3765.2000,3765.6000,3766.0000,1,2,1,2,2,1,10,1,3,3
SF,IF2006,2020-04-23 09:34:07.500,3764.6000,42431,0,708064800.000,0,-,-,-,-,3764.0000,3763.8000,3763.6000,3763.4000,3763.2000,3764.6000,3765.0000,3765.2000,3765.6000,3766.0000,1,1,1,1,2,1,10,1,3,3
SF,IF2006,2020-04-23 09:34:08.000,3764.6000,42431,0,708064800.000,0,-,-,-,-,3763.8000,3763.4000,3763.2000,3763.0000,3762.6000,3764.6000,3765.0000,3765.2000,3765.6000,3766.0000,1,1,2,2,3,1,10,1,3,3
SF,IF2006,2020-04-23 09:34:08.500,3765.0000,42430,-1,710323680.000,2,0,2,多平,S,3763.8000,3763.4000,3763.2000,3763.0000,3762.6000,3765.0000,3765.2000,3765.6000,3766.0000,3766.8000,1,1,2,2,3,9,1,3,3,3
SF,IF2006,2020-04-23 09:34:09.000,3765.0000,42430,0,710323680.000,0,-,-,-,-,3764.0000,3763.8000,3763.4000,3763.2000,3763.0000,3764.8000,3765.0000,3765.2000,3765.6000,3766.0000,1,3,1,2,2,1,9,1,3,3
SF,IF2006,2020-04-23 09:34:09.500,3765.0000,42430,0,710323680.000,0,-,-,-,-,3764.0000,3763.8000,3763.4000,3763.2000,3763.0000,3764.8000,3765.0000,3765.2000,3765.6000,3766.0000,1,2,1,2,2,1,9,1,3,3
SF,IF2006,2020-04-23 09:34:10.000,3764.8000,42429,-1,711453120.000,1,0,1,双平,S,3764.0000,3763.8000,3763.4000,3763.2000,3763.0000,3764.8000,3765.0000,3765.2000,3765.6000,3766.0000,1,1,1,2,2,2,9,1,3,3
SF,IF2006,2020-04-23 09:34:10.500,3764.8000,42429,0,711453120.000,0,-,-,-,-,3764.0000,3763.8000,3763.4000,3763.2000,3763.0000,3764.6000,3764.8000,3765.0000,3765.2000,3765.6000,2,1,1,2,2,1,1,9,1,3
SF,IF2006,2020-04-23 09:34:11.000,3764.8000,42429,0,711453120.000,0,-,-,-,-,3764.0000,3763.4000,3763.2000,3763.0000,3762.6000,3764.6000,3764.8000,3765.0000,3765.2000,3765.6000,2,1,2,2,3,1,1,9,1,3
SF,IF2006,2020-04-23 09:34:12.000,3764.8000,42428,-1,712582560.000,1,0,1,双平,S,3764.0000,3763.4000,3763.2000,3763.0000,3762.6000,3764.8000,3765.0000,3765.2000,3765.6000,3766.0000,2,1,2,2,3,2,9,1,3,3
SF,IF2006,2020-04-23 09:34:12.500,3764.8000,42428,0,712582560.000,0,-,-,-,-,3764.0000,3763.4000,3763.2000,3763.0000,3762.6000,3764.8000,3765.0000,3765.2000,3765.6000,3766.0000,2,1,2,2,3,2,9,1,3,3
SF,IF2006,2020-04-23 09:34:13.000,3763.4000,42427,-1,713711580.000,1,0,1,双平,S,3763.2000,3763.0000,3762.6000,3762.4000,3762.2000,3764.8000,3765.0000,3765.2000,3765.6000,3766.0000,2,2,3,10,1,2,9,1,3,3
SF,IF2006,2020-04-23 09:34:13.500,3764.8000,42427,0,714841020.000,1,0,1,多换,S,3764.6000,3763.4000,3763.2000,3763.0000,3762.6000,3764.8000,3765.0000,3765.2000,3765.6000,3766.0000,1,6,2,2,1,1,9,1,3,3
SF,IF2006,2020-04-23 09:34:14.000,3764.6000,42427,0,715970400.000,1,0,1,多换,S,3763.4000,3763.2000,3763.0000,3762.6000,3762.4000,3764.6000,3764.8000,3765.0000,3765.2000,3765.6000,5,2,2,1,10,1,1,9,1,3
SF,IF2006,2020-04-23 09:34:14.500,3764.8000,42427,0,717099840.000,1,0,1,多换,S,3764.2000,3763.6000,3763.4000,3763.2000,3763.0000,3765.0000,3765.2000,3765.6000,3766.0000,3766.8000,2,4,5,3,2,9,1,3,3,3
SF,IF2006,2020-04-23 09:34:15.000,3764.8000,42427,0,717099840.000,0,-,-,-,-,3764.4000,3764.2000,3763.6000,3763.4000,3763.2000,3764.8000,3765.0000,3765.2000,3765.6000,3766.0000,1,2,3,5,3,1,9,1,3,3
SF,IF2006,2020-04-23 09:34:15.500,3764.8000,42427,0,717099840.000,0,-,-,-,-,3764.2000,3763.6000,3763.4000,3763.2000,3763.0000,3764.8000,3765.0000,3765.2000,3765.6000,3766.0000,2,4,5,3,2,1,9,1,3,3
SF,IF2006,2020-04-23 09:34:16.500,3764.8000,42427,0,717099840.000,0,-,-,-,-,3764.2000,3763.6000,3763.4000,3763.2000,3763.0000,3764.8000,3765.0000,3765.2000,3765.6000,3766.0000,2,3,5,3,2,1,9,1,3,3
SF,IF2006,2020-04-23 09:34:17.000,3764.8000,42427,0,717099840.000,0,-,-,-,-,3764.2000,3763.6000,3763.4000,3763.2000,3763.0000,3765.0000,3765.2000,3765.6000,3766.0000,3766.8000,2,2,5,3,2,9,1,3,3,3
SF,IF2006,2020-04-23 09:34:17.500,3764.8000,42427,0,717099840.000,0,-,-,-,-,3764.2000,3763.6000,3763.4000,3763.2000,3763.0000,3764.8000,3765.0000,3765.2000,3765.6000,3766.0000,2,2,5,3,2,1,9,1,3,3
SF,IF2006,2020-04-23 09:34:18.000,3764.8000,42427,0,717099840.000,0,-,-,-,-,3764.2000,3763.6000,3763.4000,3763.2000,3763.0000,3765.0000,3765.2000,3765.6000,3766.0000,3766.8000,3,2,5,3,2,9,1,3,3,3
SF,IF2006,2020-04-23 09:34:18.500,3764.8000,42427,0,717099840.000,0,-,-,-,-,3764.2000,3763.6000,3763.4000,3763.2000,3763.0000,3764.6000,3764.8000,3765.0000,3765.2000,3765.6000,3,2,5,3,2,1,1,9,1,3
SF,IF2006,2020-04-23 09:34:19.000,3764.6000,42426,-1,718229220.000,1,0,1,双平,S,3764.2000,3763.6000,3763.4000,3763.2000,3763.0000,3764.8000,3765.0000,3765.2000,3765.6000,3766.0000,3,2,5,3,2,1,9,1,3,3
SF,IF2006,2020-04-23 09:34:19.500,3764.6000,42426,0,718229220.000,0,-,-,-,-,3764.2000,3763.6000,3763.4000,3763.2000,3763.0000,3764.8000,3765.0000,3765.2000,3765.6000,3766.0000,3,2,5,3,2,1,9,1,3,3
SF,IF2006,2020-04-23 09:34:20.000,3764.8000,42425,-1,719358660.000,1,0,1,双平,S,3764.2000,3763.6000,3763.4000,3763.2000,3763.0000,3765.0000,3765.2000,3765.6000,3766.0000,3766.8000,3,2,5,3,2,9,1,3,3,3
