市场代码,合约代码,时间,最新,持仓,增仓,成交额,成交量,开仓,平仓,成交类型,方向,买一价,买二价,买三价,买四价,买五价,卖一价,卖二价,卖三价,卖四价,卖五价,买一量,买二量,买三量,买四量,买五量,卖一量,卖二量,卖三量,卖四量,卖五量
SF,IF2009,2020-03-11 09:29:00.000,3999.8000,11448,0,22798860.000,19.000,-,-,-,-,3976.6000,3974.0000,3971.8000,3961.0000,3950.0000,4000.0000,4010.0000,4014.8000,4015.4000,4018.0000,1,1,1,4,1,1,1,1,1,2
SF,IF2009,2020-03-11 09:30:00.500,4018.0000,11443,-5,32422320.000,8,1,7,多平,S,4012.0000,4011.2000,4011.0000,4007.0000,4002.0000,4020.0000,4022.0000,4024.4000,4026.0000,4028.0000,1,1,1,1,1,2,1,3,1,1
SF,IF2009,2020-03-11 09:30:01.000,4000.6000,11442,-1,40840800.000,7,3,4,多平,S,4000.0000,3995.4000,3993.4000,3993.2000,3991.4000,4009.2000,4012.0000,4017.8000,4019.6000,4019.8000,4,1,1,2,1,1,2,2,1,3
SF,IF2009,2020-03-11 09:30:01.500,4000.6000,11442,0,40840800.000,0,-,-,-,-,4005.2000,4004.0000,4002.0000,4001.4000,4000.4000,4009.0000,4012.0000,4015.2000,4015.4000,4017.8000,2,2,1,1,1,2,2,1,1,2
SF,IF2009,2020-03-11 09:30:02.000,4000.6000,11442,0,40840800.000,0,-,-,-,-,4007.8000,4005.4000,4005.2000,4004.0000,4002.6000,4009.0000,4012.0000,4015.0000,4015.2000,4015.4000,1,1,3,2,1,1,1,5,1,1
SF,IF2009,2020-03-11 09:30:02.500,4000.6000,11442,0,40840800.000,0,-,-,-,-,4009.0000,4008.6000,4008.4000,4007.8000,4005.2000,4012.0000,4015.0000,4015.2000,4015.4000,4019.6000,3,1,2,1,1,1,5,1,1,1
SF,IF2009,2020-03-11 09:30:03.000,4009.0000,11440,-2,43246200.000,2,0,2,双平,S,4009.0000,4008.6000,4008.4000,4007.8000,4005.2000,4011.8000,4015.0000,4019.6000,4019.8000,4020.0000,2,1,2,1,1,1,5,1,3,2
SF,IF2009,2020-03-11 09:30:03.500,4011.8000,11439,-1,44449740.000,1,0,1,双平,S,4009.2000,4009.0000,4008.6000,4008.4000,4007.8000,4019.6000,4020.0000,4022.0000,4024.4000,4026.0000,1,2,1,2,1,1,7,1,3,1
SF,IF2009,2020-03-11 09:30:04.000,4011.8000,11439,0,44449740.000,0,-,-,-,-,4011.0000,4009.4000,4009.0000,4008.6000,4008.4000,4016.6000,4017.0000,4018.8000,4019.2000,4019.4000,1,2,2,1,2,1,1,2,1,2
SF,IF2009,2020-03-11 09:30:04.500,4011.0000,11438,-1,45653040.000,1,0,1,双平,S,4009.4000,4009.0000,4008.6000,4008.4000,4007.8000,4011.0000,4016.2000,4016.4000,4016.6000,4017.0000,2,2,1,2,1,2,1,1,1,1
SF,IF2009,2020-03-11 09:30:05.000,4009.6000,11435,-3,49262520.000,3,0,3,双平,S,4009.0000,4008.6000,4008.4000,4007.8000,4005.2000,4016.2000,4016.4000,4016.6000,4017.0000,4018.8000,2,1,2,1,1,1,1,1,1,1
SF,IF2009,2020-03-11 09:30:05.500,4009.0000,11434,-1,50465220.000,1,0,1,双平,S,4009.0000,4008.6000,4008.4000,4007.8000,4005.2000,4009.4000,4012.8000,4015.2000,4015.4000,4016.0000,1,1,2,1,1,2,2,1,1,1
SF,IF2009,2020-03-11 09:30:06.000,4009.0000,11434,0,51667920.000,1,0,1,多换,S,4008.4000,4007.8000,4006.0000,4005.2000,4003.4000,4009.4000,4015.2000,4015.4000,4016.0000,4016.2000,2,1,2,1,1,2,1,1,1,1
SF,IF2009,2020-03-11 09:30:06.500,4010.0000,11431,-3,56479080.000,4,0,4,多平,S,4008.4000,4007.8000,4006.0000,4005.2000,4003.4000,4010.0000,4015.2000,4015.4000,4016.0000,4016.2000,2,1,2,1,1,1,1,1,1,1
SF,IF2009,2020-03-11 09:30:07.000,4010.0000,11431,0,56479080.000,0,-,-,-,-,4008.4000,4007.8000,4006.0000,4005.2000,4003.4000,4010.0000,4015.2000,4015.4000,4016.0000,4016.2000,2,1,2,1,2,1,1,1,1,1
SF,IF2009,2020-03-11 09:30:07.500,4008.4000,11431,0,57681600.000,1,0,1,多换,S,4008.4000,4007.8000,4006.4000,4006.0000,4005.2000,4009.8000,4010.0000,4015.2000,4016.2000,4017.0000,1,1,2,2,1,1,1,1,1,1
SF,IF2009,2020-03-11 09:30:08.000,4008.4000,11429,-2,60086640.000,2,0,2,双平,S,4008.6000,4007.8000,4006.0000,4005.2000,4003.4000,4009.8000,4010.0000,4015.2000,4016.2000,4017.0000,1,1,2,1,2,1,1,1,1,1
SF,IF2009,2020-03-11 09:30:08.500,4008.6000,11428,-1,61289220.000,1,0,1,双平,S,4007.8000,4005.2000,4003.4000,4003.0000,4002.6000,4008.6000,4010.0000,4015.2000,4016.2000,4017.0000,1,1,2,1,3,3,1,1,1,1
SF,IF2009,2020-03-11 09:30:09.000,4008.4000,11428,0,62491740.000,1,0,1,多换,S,4007.8000,4005.2000,4003.4000,4003.0000,4002.6000,4008.6000,4010.0000,4015.2000,4016.2000,4017.0000,1,1,1,1,3,3,1,1,1,1
SF,IF2009,2020-03-11 09:30:09.500,4008.4000,11428,0,62491740.000,0,-,-,-,-,4007.8000,4005.2000,4003.4000,4003.0000,4002.6000,4008.4000,4008.6000,4010.0000,4015.2000,4016.2000,1,1,1,1,3,1,3,1,1,1
SF,IF2009,2020-03-11 09:30:10.000,4008.4000,11428,0,62491740.000,0,-,-,-,-,4003.0000,4002.6000,4001.6000,4001.4000,4001.2000,4008.6000,4010.0000,4016.2000,4017.0000,4019.6000,1,3,1,1,2,3,1,1,1,1
SF,IF2009,2020-03-11 09:30:10.500,4008.6000,11427,-1,63694320.000,1,0,1,双平,S,4004.0000,4003.2000,4003.0000,4002.6000,4001.6000,4008.6000,4010.0000,4016.2000,4017.0000,4020.0000,3,1,1,1,1,2,1,1,1,7
SF,IF2009,2020-03-11 09:30:11.000,4008.4000,11427,0,64896840.000,1,0,1,多换,S,4002.6000,4001.6000,4001.4000,4001.2000,4001.0000,4008.4000,4008.6000,4010.0000,4016.2000,4017.0000,1,1,1,2,1,1,2,1,1,1
SF,IF2009,2020-03-11 09:30:11.500,4008.6000,11427,0,66099420.000,1,0,1,多换,S,4004.2000,4004.0000,4002.8000,4001.6000,4001.4000,4008.6000,4010.0000,4016.2000,4017.0000,4020.0000,1,3,1,1,1,1,1,1,1,7
SF,IF2009,2020-03-11 09:30:12.000,4004.4000,11426,-1,67300740.000,1,0,1,双平,S,4004.4000,4001.4000,4001.2000,4001.0000,4000.8000,4008.6000,4010.0000,4016.2000,4017.0000,4020.0000,1,1,2,1,1,1,1,1,1,7
SF,IF2009,2020-03-11 09:30:12.500,4004.4000,11426,0,67300740.000,0,-,-,-,-,4005.2000,4004.6000,4004.4000,4001.4000,4001.2000,4008.4000,4008.6000,4010.0000,4016.2000,4017.0000,1,1,1,1,2,1,2,1,1,1
SF,IF2009,2020-03-11 09:30:13.000,4008.2000,11426,0,73313040.000,5,2,3,多换,S,4005.4000,4005.2000,4004.4000,4001.4000,4001.2000,4008.4000,4008.6000,4010.0000,4016.2000,4017.4000,1,1,1,1,2,1,2,1,1,1
SF,IF2009,2020-03-11 09:30:13.500,4008.2000,11426,0,73313040.000,0,-,-,-,-,4005.4000,4005.2000,4001.4000,4001.2000,4001.0000,4008.4000,4008.6000,4010.0000,4016.2000,4017.4000,1,2,1,2,1,1,1,1,1,1
SF,IF2009,2020-03-11 09:30:14.000,4005.6000,11423,-3,76919580.000,3,0,3,双平,S,4005.4000,4005.2000,4001.4000,4001.2000,4001.0000,4008.6000,4010.0000,4016.2000,4017.4000,4020.0000,1,3,1,2,1,1,1,1,1,7
SF,IF2009,2020-03-11 09:30:14.500,4005.6000,11422,-1,78121260.000,1,0,1,双平,S,4005.4000,4005.2000,4004.4000,4001.4000,4001.2000,4008.6000,4010.0000,4016.2000,4017.4000,4020.0000,1,3,1,1,2,1,1,1,1,7
SF,IF2009,2020-03-11 09:30:15.000,4006.8000,11420,-2,80525880.000,2,0,2,双平,S,4005.6000,4005.4000,4005.2000,4004.4000,4001.4000,4010.0000,4016.2000,4017.4000,4020.0000,4022.0000,1,1,3,1,1,1,1,1,7,1
SF,IF2009,2020-03-11 09:30:15.500,4006.8000,11420,0,80525880.000,0,-,-,-,-,4006.0000,4005.8000,4005.6000,4005.4000,4005.2000,4009.8000,4010.0000,4016.2000,4017.4000,4020.0000,1,1,1,1,3,1,1,1,1,7
SF,IF2009,2020-03-11 09:30:16.000,4006.8000,11419,-1,81727920.000,1,0,1,双平,S,4006.0000,4005.8000,4005.6000,4005.4000,4005.2000,4009.8000,4010.0000,4016.2000,4017.4000,4020.0000,1,2,1,1,3,1,1,1,1,7
SF,IF2009,2020-03-11 09:30:16.500,4006.2000,11415,-4,87737220.000,5,0,5,多平,S,4006.2000,4005.8000,4005.4000,4005.2000,4002.0000,4009.8000,4010.0000,4014.0000,4016.2000,4017.4000,2,2,1,3,1,1,1,1,1,1
SF,IF2009,2020-03-11 09:30:17.000,4006.2000,11414,-1,88939080.000,1,0,1,双平,S,4006.2000,4005.8000,4005.4000,4005.2000,4002.0000,4009.8000,4010.0000,4014.0000,4016.2000,4017.4000,3,1,1,3,1,1,1,1,1,1
SF,IF2009,2020-03-11 09:30:17.500,4006.2000,11414,0,88939080.000,0,-,-,-,-,4006.2000,4005.2000,4002.0000,4001.4000,4001.2000,4009.8000,4010.0000,4014.0000,4016.2000,4017.4000,4,3,1,2,2,1,1,1,1,1
SF,IF2009,2020-03-11 09:30:18.000,4006.2000,11414,0,88939080.000,0,-,-,-,-,4008.6000,4006.6000,4006.4000,4006.2000,4005.2000,4009.8000,4010.0000,4014.0000,4016.2000,4017.4000,2,1,1,2,3,1,1,1,1,1
SF,IF2009,2020-03-11 09:30:18.500,4008.6000,11412,-2,91344240.000,2,0,2,双平,S,4006.6000,4006.4000,4006.2000,4005.2000,4002.0000,4009.6000,4010.0000,4014.0000,4016.2000,4020.0000,1,1,1,3,1,2,1,1,1,7
SF,IF2009,2020-03-11 09:30:19.000,4008.6000,11412,0,91344240.000,0,-,-,-,-,4006.6000,4005.2000,4003.2000,4002.0000,4001.4000,4008.6000,4009.4000,4009.6000,4010.0000,4014.0000,1,3,1,1,2,1,1,2,1,1
SF,IF2009,2020-03-11 09:30:19.500,4008.6000,11412,0,91344240.000,0,-,-,-,-,4005.2000,4003.2000,4002.0000,4001.4000,4001.2000,4008.4000,4009.6000,4010.0000,4014.0000,4016.2000,3,1,1,2,2,1,2,1,1,1
SF,IF2009,2020-03-11 09:30:20.000,4008.6000,11411,-1,92546820.000,1,0,1,双平,S,4008.6000,4005.2000,4003.2000,4002.0000,4001.4000,4010.0000,4014.0000,4016.2000,4020.0000,4022.0000,1,3,1,1,2,1,1,1,7,1
SF,IF2009,2020-03-11 09:30:20.500,4008.6000,11410,-1,93749400.000,1,0,1,双平,S,4005.2000,4005.0000,4003.2000,4002.0000,4001.4000,4008.6000,4010.0000,4014.0000,4016.2000,4020.0000,3,1,1,1,2,1,1,1,1,7
SF,IF2009,2020-03-11 09:30:21.000,4008.6000,11410,0,93749400.000,0,-,-,-,-,4005.8000,4005.4000,4005.2000,4003.2000,4002.0000,4010.0000,4014.0000,4016.2000,4020.0000,4022.0000,1,3,3,1,1,1,1,1,7,1
SF,IF2009,2020-03-11 09:30:21.500,4006.0000,11408,-2,96153000.000,2,0,2,双平,S,4006.0000,4005.8000,4005.4000,4005.2000,4003.2000,4009.8000,4010.0000,4014.0000,4016.2000,4020.0000,1,1,2,3,1,1,1,1,1,7
SF,IF2009,2020-03-11 09:30:22.000,4006.0000,11408,0,96153000.000,0,-,-,-,-,4006.0000,4005.8000,4005.2000,4002.0000,4001.4000,4009.8000,4010.0000,4014.0000,4016.2000,4020.0000,3,1,3,1,2,1,1,1,1,7
SF,IF2009,2020-03-11 09:30:22.500,4006.0000,11408,0,96153000.000,0,-,-,-,-,4006.4000,4006.0000,4005.2000,4004.8000,4002.0000,4009.8000,4010.0000,4014.0000,4016.2000,4020.0000,1,2,3,1,1,1,1,1,1,7
SF,IF2009,2020-03-11 09:30:23.000,4006.0000,11408,0,96153000.000,0,-,-,-,-,4008.6000,4006.4000,4006.0000,4005.2000,4004.8000,4009.8000,4010.0000,4014.0000,4016.2000,4020.0000,2,1,2,3,1,1,1,1,1,7
SF,IF2009,2020-03-11 09:30:23.500,4008.6000,11406,-2,98558160.000,2,0,2,双平,S,4006.4000,4006.0000,4005.2000,4004.8000,4002.0000,4009.6000,4010.0000,4014.0000,4016.2000,4020.0000,1,1,3,1,1,1,1,1,1,7
SF,IF2009,2020-03-11 09:30:24.000,4006.4000,11404,-2,100962060.000,2,0,2,双平,S,4006.0000,4005.2000,4004.8000,4002.0000,4001.4000,4009.6000,4010.0000,4014.0000,4016.2000,4020.0000,1,3,1,1,2,1,1,1,1,7
SF,IF2009,2020-03-11 09:30:24.500,4006.4000,11404,0,100962060.000,0,-,-,-,-,4006.6000,4006.2000,4006.0000,4005.2000,4004.8000,4009.4000,4010.0000,4014.0000,4016.2000,4020.0000,1,1,1,3,1,1,1,1,1,7
SF,IF2009,2020-03-11 09:30:25.000,4006.4000,11404,0,100962060.000,0,-,-,-,-,4006.6000,4006.2000,4006.0000,4005.2000,4004.8000,4009.4000,4010.0000,4014.0000,4016.2000,4020.0000,1,1,1,3,1,1,1,1,1,7
SF,IF2009,2020-03-11 09:30:25.500,4006.4000,11404,0,100962060.000,0,-,-,-,-,4006.6000,4006.2000,4006.0000,4005.2000,4004.8000,4009.4000,4010.0000,4014.0000,4016.2000,4020.0000,1,1,1,3,1,1,1,1,1,7
SF,IF2009,2020-03-11 09:30:26.000,4006.4000,11404,0,100962060.000,0,-,-,-,-,4006.8000,4006.6000,4005.2000,4004.8000,4002.0000,4009.4000,4010.0000,4014.0000,4016.2000,4020.0000,1,1,3,1,1,1,2,1,1,7
SF,IF2009,2020-03-11 09:30:26.500,4006.8000,11404,0,102164100.000,1,0,1,多换,S,4006.8000,4006.6000,4005.2000,4004.8000,4002.0000,4009.4000,4010.0000,4014.0000,4016.2000,4020.0000,1,1,3,1,1,1,2,1,1,7
SF,IF2009,2020-03-11 09:30:27.000,4006.8000,11404,0,102164100.000,0,-,-,-,-,4005.2000,4004.8000,4002.0000,4001.4000,4000.0000,4009.4000,4010.0000,4014.0000,4016.2000,4020.0000,3,1,1,1,3,1,2,1,1,7
SF,IF2009,2020-03-11 09:30:27.500,4006.8000,11404,0,102164100.000,0,-,-,-,-,4005.4000,4005.2000,4004.8000,4002.0000,4001.4000,4010.0000,4014.0000,4016.2000,4020.0000,4022.0000,1,3,1,1,1,2,1,1,7,2
SF,IF2009,2020-03-11 09:30:28.000,4006.8000,11404,0,102164100.000,0,-,-,-,-,4005.4000,4005.2000,4004.8000,4002.0000,4001.4000,4010.0000,4014.0000,4016.2000,4020.0000,4022.0000,3,3,1,1,1,2,1,1,7,2
SF,IF2009,2020-03-11 09:30:28.500,4005.6000,11403,-1,103365780.000,1,0,1,双平,S,4005.8000,4005.4000,4005.2000,4004.8000,4002.0000,4007.0000,4009.8000,4010.0000,4014.0000,4016.2000,1,3,3,1,1,1,1,2,1,1
SF,IF2009,2020-03-11 09:30:29.000,4007.0000,11402,-1,104567880.000,1,0,1,双平,S,4005.8000,4005.4000,4005.2000,4004.8000,4002.0000,4008.6000,4010.0000,4014.0000,4016.2000,4020.0000,1,2,3,1,1,1,2,1,1,7
SF,IF2009,2020-03-11 09:30:29.500,4010.0000,11401,-1,106973880.000,2,0,2,多平,S,4006.0000,4005.8000,4005.4000,4005.2000,4004.8000,4014.0000,4016.2000,4020.0000,4022.0000,4024.4000,1,1,2,3,1,1,1,7,2,3
SF,IF2009,2020-03-11 09:30:30.000,4010.0000,11401,0,106973880.000,0,-,-,-,-,4006.2000,4006.0000,4005.8000,4005.2000,4002.0000,4007.4000,4011.0000,4012.0000,4012.8000,4013.6000,1,1,1,3,1,1,1,2,5,2
SF,IF2009,2020-03-11 09:30:30.500,4007.4000,11400,-1,108176100.000,1,0,1,双平,S,4006.2000,4005.8000,4005.2000,4002.0000,4001.4000,4011.0000,4012.0000,4012.8000,4013.6000,4013.8000,1,1,3,1,1,1,2,5,2,1
SF,IF2009,2020-03-11 09:30:31.000,4006.2000,11399,-1,109377960.000,1,0,1,双平,S,4005.8000,4005.2000,4002.0000,4001.4000,4000.0000,4010.8000,4011.0000,4012.0000,4012.8000,4013.6000,1,3,1,1,3,2,1,2,5,2
SF,IF2009,2020-03-11 09:30:31.500,4006.2000,11399,0,109377960.000,0,-,-,-,-,4006.6000,4006.0000,4005.2000,4002.0000,4001.4000,4010.8000,4011.0000,4011.6000,4012.0000,4012.8000,1,1,3,1,1,2,1,1,2,5
SF,IF2009,2020-03-11 09:30:32.000,4006.2000,11399,0,109377960.000,0,-,-,-,-,4006.6000,4006.0000,4005.2000,4002.0000,4001.4000,4010.8000,4011.6000,4012.0000,4012.8000,4013.6000,1,2,3,1,1,1,1,2,5,2
SF,IF2009,2020-03-11 09:30:32.500,4006.2000,11399,0,109377960.000,0,-,-,-,-,4006.6000,4006.0000,4005.2000,4002.0000,4001.4000,4010.6000,4010.8000,4011.6000,4012.0000,4012.8000,1,2,3,1,1,1,1,1,2,5
SF,IF2009,2020-03-11 09:30:33.000,4010.4000,11399,0,110581080.000,1,0,1,多换,S,4006.6000,4005.2000,4002.0000,4001.4000,4000.0000,4010.6000,4011.0000,4011.6000,4012.0000,4012.8000,1,3,1,1,3,1,1,1,2,5
SF,IF2009,2020-03-11 09:30:33.500,4010.4000,11399,0,110581080.000,0,-,-,-,-,4006.8000,4006.6000,4005.2000,4002.0000,4001.4000,4010.4000,4010.6000,4011.6000,4012.0000,4012.8000,1,1,3,1,1,1,1,1,1,5
SF,IF2009,2020-03-11 09:30:34.000,4010.4000,11399,0,110581080.000,0,-,-,-,-,4008.6000,4006.8000,4006.6000,4005.2000,4002.0000,4010.2000,4010.6000,4012.0000,4012.8000,4013.6000,2,2,1,3,1,1,1,1,5,1
SF,IF2009,2020-03-11 09:30:34.500,4008.6000,11398,-1,111783660.000,1,0,1,双平,S,4008.6000,4006.8000,4006.6000,4005.2000,4002.0000,4010.0000,4010.2000,4012.0000,4012.8000,4013.6000,1,1,1,3,1,1,1,1,5,1
SF,IF2009,2020-03-11 09:30:35.000,4008.6000,11398,0,111783660.000,0,-,-,-,-,4008.6000,4006.8000,4006.6000,4005.2000,4004.4000,4010.0000,4010.2000,4012.0000,4012.8000,4013.6000,1,1,1,3,1,1,1,1,5,1
SF,IF2009,2020-03-11 09:30:35.500,4008.6000,11398,0,111783660.000,0,-,-,-,-,4008.6000,4006.8000,4006.6000,4005.2000,4004.4000,4010.0000,4012.0000,4012.8000,4013.6000,4014.0000,1,1,1,3,1,1,1,5,1,1
SF,IF2009,2020-03-11 09:30:36.000,4010.0000,11397,-1,112986660.000,1,0,1,双平,S,4008.6000,4006.8000,4006.6000,4006.2000,4005.2000,4012.0000,4012.8000,4013.6000,4014.0000,4020.0000,1,1,1,1,3,1,5,1,1,7
SF,IF2009,2020-03-11 09:30:36.500,4010.0000,11397,0,112986660.000,0,-,-,-,-,4008.8000,4008.6000,4006.6000,4006.2000,4005.2000,4011.8000,4012.0000,4012.8000,4013.6000,4014.0000,2,1,1,1,3,1,1,5,1,1
SF,IF2009,2020-03-11 09:30:37.000,4010.0000,11397,0,112986660.000,0,-,-,-,-,4008.8000,4008.6000,4006.6000,4006.2000,4005.2000,4011.8000,4012.0000,4012.8000,4013.6000,4014.0000,2,1,1,1,3,1,1,5,1,1
SF,IF2009,2020-03-11 09:30:37.500,4010.0000,11397,0,112986660.000,0,-,-,-,-,4008.8000,4008.6000,4006.6000,4006.2000,4005.2000,4011.6000,4012.0000,4012.8000,4013.6000,4014.0000,1,1,1,1,3,1,1,5,1,1
SF,IF2009,2020-03-11 09:30:38.500,4010.0000,11397,0,112986660.000,0,-,-,-,-,4008.8000,4008.6000,4006.6000,4005.2000,4005.0000,4011.6000,4012.0000,4012.8000,4013.6000,4014.0000,1,1,1,3,5,1,1,5,1,1
SF,IF2009,2020-03-11 09:30:39.000,4010.0000,11397,0,112986660.000,0,-,-,-,-,4009.6000,4008.8000,4008.6000,4006.6000,4005.2000,4011.6000,4012.0000,4012.8000,4013.6000,4014.0000,1,1,1,1,3,1,1,5,1,1
SF,IF2009,2020-03-11 09:30:39.500,4010.0000,11397,0,112986660.000,0,-,-,-,-,4009.6000,4008.8000,4008.6000,4006.6000,4005.2000,4012.0000,4013.6000,4014.0000,4019.0000,4019.4000,1,1,1,1,3,1,1,1,1,1
SF,IF2009,2020-03-11 09:30:40.000,4008.8000,11395,-2,115392180.000,2,0,2,双平,S,4008.6000,4006.6000,4005.2000,4004.8000,4002.0000,4011.8000,4012.0000,4013.6000,4014.0000,4019.0000,1,1,3,1,1,1,1,1,1,1
SF,IF2009,2020-03-11 09:30:40.500,4008.8000,11395,0,115392180.000,0,-,-,-,-,4008.6000,4006.6000,4005.2000,4004.8000,4002.0000,4011.8000,4012.0000,4013.6000,4014.0000,4019.0000,1,1,3,1,1,2,2,1,1,1
SF,IF2009,2020-03-11 09:30:41.000,4008.8000,11395,0,115392180.000,0,-,-,-,-,4008.6000,4006.6000,4005.2000,4004.8000,4002.0000,4011.8000,4012.0000,4013.6000,4014.0000,4019.0000,1,1,3,1,1,2,2,1,1,1
SF,IF2009,2020-03-11 09:30:41.500,4008.8000,11395,0,115392180.000,0,-,-,-,-,4008.6000,4006.6000,4005.2000,4004.8000,4002.0000,4011.4000,4011.8000,4012.0000,4013.6000,4014.0000,1,1,3,1,1,1,2,2,1,1
SF,IF2009,2020-03-11 09:30:42.000,4008.8000,11395,0,115392180.000,0,-,-,-,-,4008.6000,4006.6000,4005.2000,4004.8000,4002.0000,4011.0000,4011.2000,4011.4000,4012.0000,4013.6000,1,1,3,1,1,1,1,1,2,1
SF,IF2009,2020-03-11 09:30:42.500,4008.8000,11395,0,115392180.000,0,-,-,-,-,4008.6000,4006.6000,4005.2000,4002.0000,4001.4000,4010.8000,4011.0000,4012.0000,4013.6000,4014.0000,1,1,3,1,1,1,1,2,1,1
SF,IF2009,2020-03-11 09:30:43.000,4008.6000,11394,-1,116594760.000,1,0,1,双平,S,4006.6000,4005.2000,4002.0000,4001.4000,4000.0000,4010.8000,4012.0000,4013.6000,4014.0000,4019.0000,1,3,1,1,7,2,2,1,1,1
SF,IF2009,2020-03-11 09:30:43.500,4008.6000,11394,0,116594760.000,0,-,-,-,-,4006.8000,4005.2000,4002.0000,4001.4000,4000.0000,4010.8000,4011.0000,4012.0000,4013.6000,4014.0000,1,3,1,1,7,2,1,2,1,1
SF,IF2009,2020-03-11 09:30:44.000,4008.6000,11394,0,116594760.000,0,-,-,-,-,4006.8000,4005.2000,4002.0000,4001.4000,4000.0000,4010.6000,4010.8000,4011.0000,4012.0000,4013.6000,1,3,1,1,7,1,1,1,2,1
SF,IF2009,2020-03-11 09:30:45.000,4008.6000,11394,0,116594760.000,0,-,-,-,-,4007.0000,4006.8000,4005.2000,4002.0000,4001.4000,4010.8000,4012.0000,4013.6000,4014.0000,4019.0000,1,1,3,1,1,1,2,1,1,1
SF,IF2009,2020-03-11 09:30:45.500,4008.6000,11394,0,116594760.000,0,-,-,-,-,4007.0000,4006.8000,4005.2000,4005.0000,4002.0000,4010.0000,4010.8000,4012.0000,4013.6000,4014.0000,1,1,3,1,1,1,1,2,1,1
SF,IF2009,2020-03-11 09:30:46.000,4007.0000,11393,-1,118999020.000,2,0,2,多平,S,4005.2000,4005.0000,4002.0000,4001.4000,4000.0000,4010.0000,4010.8000,4011.0000,4012.0000,4013.6000,3,1,1,1,7,1,1,1,2,1
SF,IF2009,2020-03-11 09:30:46.500,4007.0000,11393,0,118999020.000,0,-,-,-,-,4005.6000,4005.4000,4005.2000,4005.0000,4002.0000,4009.8000,4011.0000,4012.0000,4013.6000,4014.0000,1,1,3,1,1,1,2,2,1,1
SF,IF2009,2020-03-11 09:30:47.000,4009.8000,11392,-1,120201960.000,1,0,1,双平,S,4005.8000,4005.6000,4005.2000,4005.0000,4002.0000,4011.0000,4012.0000,4013.6000,4014.0000,4019.0000,1,1,3,1,1,2,2,1,1,1
SF,IF2009,2020-03-11 09:30:47.500,4009.8000,11392,0,120201960.000,0,-,-,-,-,4006.0000,4005.8000,4005.6000,4005.2000,4005.0000,4010.8000,4011.0000,4012.0000,4013.6000,4014.0000,1,2,1,3,1,1,2,2,1,1
SF,IF2009,2020-03-11 09:30:48.000,4009.8000,11392,0,120201960.000,0,-,-,-,-,4006.4000,4006.2000,4006.0000,4005.8000,4005.2000,4010.8000,4011.0000,4012.0000,4013.6000,4014.0000,1,1,1,1,3,1,2,2,1,1
SF,IF2009,2020-03-11 09:30:48.500,4009.8000,11392,0,120201960.000,0,-,-,-,-,4006.4000,4006.2000,4005.2000,4005.0000,4001.4000,4010.6000,4010.8000,4011.0000,4012.0000,4013.6000,1,3,3,1,1,1,1,2,2,1
SF,IF2009,2020-03-11 09:30:49.000,4009.8000,11392,0,120201960.000,0,-,-,-,-,4005.2000,4005.0000,4001.4000,4000.0000,3995.0000,4010.4000,4010.6000,4011.0000,4012.0000,4013.6000,3,1,1,7,5,1,1,2,2,1
SF,IF2009,2020-03-11 09:30:49.500,4009.8000,11392,0,120201960.000,0,-,-,-,-,4005.4000,4005.2000,4005.0000,4001.4000,4000.0000,4010.2000,4010.4000,4010.6000,4011.0000,4012.0000,1,3,1,1,7,2,1,1,2,2
SF,IF2009,2020-03-11 09:30:50.000,4009.8000,11392,0,120201960.000,0,-,-,-,-,4005.0000,4001.4000,4000.0000,3995.0000,3993.2000,4009.8000,4010.0000,4010.2000,4010.6000,4011.0000,1,1,7,5,2,1,1,2,1,2
SF,IF2009,2020-03-11 09:30:50.500,4009.8000,11392,0,120201960.000,0,-,-,-,-,4005.2000,4005.0000,4001.4000,4000.0000,3995.0000,4009.4000,4009.6000,4009.8000,4010.0000,4010.2000,1,1,1,7,5,1,2,1,1,2
SF,IF2009,2020-03-11 09:30:51.000,4005.2000,11391,-1,121403520.000,1,0,1,双平,S,4005.2000,4005.0000,4001.4000,4000.0000,3995.0000,4008.6000,4009.0000,4009.2000,4009.4000,4009.6000,3,1,1,7,5,1,1,1,1,1
SF,IF2009,2020-03-11 09:30:51.500,4005.2000,11391,0,121403520.000,0,-,-,-,-,4005.2000,4005.0000,4001.4000,4000.0000,3995.0000,4008.4000,4008.6000,4009.0000,4009.2000,4009.4000,2,1,1,7,5,1,1,1,1,1
SF,IF2009,2020-03-11 09:30:52.000,4005.2000,11391,0,121403520.000,0,-,-,-,-,4005.0000,4001.4000,4000.0000,3995.0000,3993.2000,4008.4000,4008.6000,4009.0000,4009.2000,4009.4000,1,1,7,5,2,3,1,1,1,1
SF,IF2009,2020-03-11 09:30:52.500,4005.2000,11391,0,121403520.000,0,-,-,-,-,4005.4000,4005.0000,4001.4000,4000.0000,3995.0000,4008.4000,4008.6000,4009.0000,4009.4000,4011.0000,1,1,1,7,5,3,1,1,1,3
SF,IF2009,2020-03-11 09:30:53.000,4005.2000,11391,0,121403520.000,0,-,-,-,-,4005.4000,4005.0000,4001.4000,4000.0000,3995.0000,4008.4000,4008.6000,4009.0000,4009.4000,4011.0000,1,1,1,7,5,1,1,1,1,3
SF,IF2009,2020-03-11 09:30:53.500,4005.4000,11390,-1,125008380.000,3,1,2,多平,S,4005.0000,4001.4000,4000.0000,3995.0000,3993.2000,4008.4000,4008.6000,4009.0000,4011.0000,4012.0000,1,1,7,5,2,1,1,1,3,1
SF,IF2009,2020-03-11 09:30:54.000,4005.4000,11390,0,125008380.000,0,-,-,-,-,4005.0000,4001.4000,4000.0000,3995.0000,3993.2000,4008.2000,4008.4000,4008.6000,4009.0000,4011.0000,1,1,7,5,2,1,1,1,1,3
SF,IF2009,2020-03-11 09:30:54.500,4005.0000,11390,0,126209880.000,1,0,1,多换,S,4001.4000,4000.0000,3995.0000,3993.2000,3980.0000,4005.0000,4008.0000,4008.2000,4008.6000,4011.0000,1,7,5,2,1,1,1,1,1,3
SF,IF2009,2020-03-11 09:30:55.000,4005.0000,11389,-1,127411380.000,1,0,1,双平,S,4004.0000,4002.0000,4001.8000,4001.6000,4001.4000,4008.2000,4008.6000,4011.0000,4012.0000,4013.6000,3,1,1,1,3,1,1,3,1,1
SF,IF2009,2020-03-11 09:30:55.500,4005.0000,11389,0,127411380.000,0,-,-,-,-,4004.0000,4003.6000,4002.0000,4001.8000,4001.6000,4008.0000,4008.6000,4010.0000,4011.0000,4012.0000,3,1,1,1,1,1,1,1,3,1
SF,IF2009,2020-03-11 09:30:56.000,4005.0000,11389,0,127411380.000,0,-,-,-,-,4005.2000,4004.4000,4004.2000,4004.0000,4002.0000,4008.0000,4008.6000,4010.0000,4011.0000,4012.0000,3,1,2,3,1,1,1,1,3,1
SF,IF2009,2020-03-11 09:30:56.500,4005.0000,11389,0,127411380.000,0,-,-,-,-,4005.2000,4004.4000,4004.2000,4004.0000,4002.0000,4008.0000,4008.6000,4010.0000,4011.0000,4012.0000,3,1,3,3,1,1,1,1,3,1
SF,IF2009,2020-03-11 09:30:57.000,4005.0000,11389,0,127411380.000,0,-,-,-,-,4005.6000,4005.2000,4004.2000,4004.0000,4002.0000,4008.0000,4008.6000,4010.0000,4011.0000,4012.0000,2,3,2,3,1,1,1,1,3,1
SF,IF2009,2020-03-11 09:30:57.500,4005.0000,11389,0,127411380.000,0,-,-,-,-,4005.6000,4005.2000,4004.2000,4004.0000,4002.0000,4008.0000,4008.6000,4010.0000,4011.0000,4012.0000,2,3,2,3,1,1,1,1,2,1
SF,IF2009,2020-03-11 09:30:58.000,4005.0000,11389,0,127411380.000,0,-,-,-,-,4005.6000,4005.2000,4004.2000,4004.0000,4002.0000,4008.0000,4008.6000,4010.0000,4011.0000,4012.0000,2,3,1,3,1,1,1,1,2,1
SF,IF2009,2020-03-11 09:30:58.500,4005.0000,11389,0,127411380.000,0,-,-,-,-,4005.6000,4005.2000,4004.2000,4004.0000,4002.6000,4007.8000,4008.0000,4010.0000,4011.0000,4012.0000,2,3,1,3,1,1,1,1,2,1
SF,IF2009,2020-03-11 09:30:59.000,4005.6000,11387,-2,129814740.000,2,0,2,双平,S,4005.2000,4004.2000,4004.0000,4002.6000,4002.0000,4007.6000,4007.8000,4010.0000,4011.0000,4012.0000,3,1,3,1,1,1,1,1,2,1
SF,IF2009,2020-03-11 09:30:59.500,4005.6000,11386,-1,131016420.000,1,0,1,双平,S,4005.2000,4004.2000,4004.0000,4002.6000,4002.0000,4005.6000,4007.6000,4007.8000,4010.0000,4011.0000,3,1,3,1,1,2,1,1,1,2
SF,IF2009,2020-03-11 09:31:00.000,4005.6000,11383,-3,134621460.000,3,0,3,双平,S,4005.2000,4004.2000,4004.0000,4002.6000,4002.0000,4007.4000,4007.6000,4007.8000,4010.0000,4011.0000,3,1,3,1,1,2,1,1,1,2
SF,IF2009,2020-03-11 09:31:00.500,4005.6000,11383,0,134621460.000,0,-,-,-,-,4005.2000,4004.2000,4004.0000,4002.6000,4002.0000,4007.2000,4007.4000,4010.0000,4011.0000,4012.0000,2,1,3,1,1,1,2,1,2,1
SF,IF2009,2020-03-11 09:31:01.000,4005.6000,11383,0,134621460.000,0,-,-,-,-,4005.2000,4004.2000,4004.0000,4002.6000,4002.0000,4007.2000,4007.4000,4010.0000,4011.0000,4012.0000,3,1,3,1,1,1,2,1,2,1
SF,IF2009,2020-03-11 09:31:01.500,4005.2000,11383,0,135823020.000,1,0,1,多换,S,4005.2000,4004.2000,4004.0000,4002.6000,4002.0000,4007.2000,4007.4000,4010.0000,4011.0000,4012.0000,1,1,3,1,1,2,2,1,2,1
SF,IF2009,2020-03-11 09:31:02.000,4005.2000,11382,-1,137024580.000,1,0,1,双平,S,4004.2000,4004.0000,4002.6000,4002.0000,4001.6000,4007.2000,4007.4000,4010.0000,4011.0000,4012.0000,1,3,1,1,1,2,2,1,2,1
SF,IF2009,2020-03-11 09:31:02.500,4005.2000,11382,0,137024580.000,0,-,-,-,-,4004.0000,4002.0000,4001.6000,4001.4000,4000.0000,4004.2000,4007.0000,4007.2000,4007.4000,4010.0000,3,1,1,1,7,1,1,2,2,1
SF,IF2009,2020-03-11 09:31:03.000,4004.2000,11381,-1,138225840.000,1,0,1,双平,S,4004.0000,4002.0000,4001.6000,4001.4000,4000.0000,4005.2000,4007.0000,4007.2000,4007.4000,4010.0000,3,1,1,1,7,3,1,2,2,1
SF,IF2009,2020-03-11 09:31:03.500,4004.2000,11381,0,138225840.000,0,-,-,-,-,4004.6000,4004.2000,4004.0000,4002.0000,4001.6000,4005.0000,4005.2000,4007.2000,4007.4000,4010.0000,1,1,3,1,1,1,3,2,2,1
SF,IF2009,2020-03-11 09:31:04.000,4005.0000,11380,-1,140628660.000,2,0,2,多平,S,4004.0000,4002.0000,4001.6000,4001.4000,4000.0000,4005.2000,4007.2000,4007.4000,4010.0000,4011.0000,3,1,1,1,7,3,2,2,1,2
SF,IF2009,2020-03-11 09:31:04.500,4005.0000,11380,0,140628660.000,0,-,-,-,-,4004.2000,4002.0000,4001.6000,4001.4000,4000.0000,4005.2000,4007.2000,4007.4000,4010.0000,4011.0000,1,1,1,1,7,3,2,2,1,2
SF,IF2009,2020-03-11 09:31:05.000,4004.2000,11380,0,141829920.000,1,0,1,多换,S,4004.0000,4002.0000,4001.6000,4001.4000,4000.0000,4005.2000,4007.2000,4007.4000,4010.0000,4011.0000,3,1,1,1,7,3,1,2,1,2
SF,IF2009,2020-03-11 09:31:05.500,4004.2000,11380,0,141829920.000,0,-,-,-,-,4002.0000,4001.6000,4001.4000,4000.0000,3999.6000,4004.0000,4005.2000,4010.0000,4011.0000,4012.0000,1,1,1,7,1,2,3,1,2,1
SF,IF2009,2020-03-11 09:31:06.000,4004.0000,11380,0,144232320.000,2,1,1,多换,S,4002.4000,4002.2000,4002.0000,4001.4000,4000.0000,4005.0000,4005.2000,4010.0000,4011.0000,4012.0000,1,1,1,1,7,1,3,1,2,1
SF,IF2009,2020-03-11 09:31:06.500,4002.6000,11380,0,145433100.000,1,0,1,多换,S,4002.6000,4002.4000,4002.0000,4001.4000,4000.0000,4005.0000,4005.2000,4010.0000,4011.0000,4012.0000,1,1,1,1,7,1,3,1,2,1
SF,IF2009,2020-03-11 09:31:07.000,4002.6000,11379,-1,146633880.000,1,0,1,双平,S,4004.2000,4003.0000,4002.6000,4002.4000,4002.0000,4004.4000,4005.0000,4005.2000,4010.0000,4011.0000,1,1,1,1,1,1,1,3,1,2
SF,IF2009,2020-03-11 09:31:07.500,4004.2000,11379,0,147835140.000,1,0,1,多换,S,4003.0000,4002.4000,4002.0000,4001.4000,4000.0000,4004.4000,4005.0000,4005.2000,4010.0000,4011.0000,1,1,1,1,7,1,1,3,1,2
SF,IF2009,2020-03-11 09:31:08.000,4004.4000,11378,-1,149036460.000,1,0,1,双平,S,4003.2000,4003.0000,4002.4000,4002.0000,4001.4000,4004.2000,4005.2000,4010.0000,4011.0000,4012.0000,1,1,1,1,1,5,3,1,2,1
SF,IF2009,2020-03-11 09:31:08.500,4003.4000,11377,-1,150237480.000,1,0,1,双平,S,4003.2000,4003.0000,4002.0000,4001.4000,4000.0000,4004.2000,4005.2000,4010.0000,4011.0000,4012.0000,2,1,1,1,7,5,3,1,2,1
SF,IF2009,2020-03-11 09:31:09.000,4003.4000,11377,0,150237480.000,0,-,-,-,-,4003.4000,4003.2000,4002.0000,4001.4000,4000.0000,4004.2000,4005.2000,4010.0000,4011.0000,4012.0000,2,2,1,1,7,5,3,1,2,1
SF,IF2009,2020-03-11 09:31:09.500,4003.4000,11375,-2,152639520.000,2,0,2,双平,S,4003.0000,4002.0000,4001.4000,4000.0000,3999.6000,4003.2000,4003.4000,4004.2000,4005.2000,4010.0000,2,1,1,7,1,1,1,5,3,1
SF,IF2009,2020-03-11 09:31:10.000,4003.0000,11375,0,155041320.000,2,1,1,多换,S,4002.0000,4001.4000,4000.0000,3999.6000,3995.0000,4003.2000,4003.4000,4004.2000,4005.2000,4010.0000,1,1,7,1,5,1,1,5,3,1
SF,IF2009,2020-03-11 09:31:10.500,4003.0000,11375,0,155041320.000,0,-,-,-,-,4002.2000,4002.0000,4001.4000,4000.0000,3999.6000,4003.2000,4003.4000,4004.2000,4005.2000,4010.0000,1,1,1,7,1,1,1,5,3,1
SF,IF2009,2020-03-11 09:31:11.500,4003.0000,11375,0,155041320.000,0,-,-,-,-,4002.2000,4002.0000,4001.4000,4000.0000,3999.6000,4003.2000,4004.2000,4005.2000,4010.0000,4011.0000,1,1,1,7,1,1,5,3,1,1
SF,IF2009,2020-03-11 09:31:12.000,4003.0000,11375,0,155041320.000,0,-,-,-,-,4002.2000,4002.0000,4001.4000,4000.0000,3999.6000,4003.2000,4004.2000,4005.2000,4010.0000,4011.0000,1,1,1,7,1,1,5,3,1,1
SF,IF2009,2020-03-11 09:31:12.500,4003.0000,11375,0,155041320.000,0,-,-,-,-,4002.0000,4001.4000,4000.0000,3999.6000,3995.0000,4003.2000,4004.2000,4005.2000,4010.0000,4011.0000,1,1,7,1,5,1,5,3,1,1
SF,IF2009,2020-03-11 09:31:13.000,4002.0000,11374,-1,156241920.000,1,0,1,双平,S,4001.4000,4000.0000,3999.6000,3995.0000,3993.2000,4002.0000,4003.2000,4004.2000,4005.2000,4010.0000,1,7,1,5,2,1,1,5,3,1
SF,IF2009,2020-03-11 09:31:13.500,4001.4000,11373,-1,157442340.000,1,0,1,双平,S,4000.0000,3999.6000,3995.0000,3993.2000,3976.8000,4002.0000,4003.2000,4004.2000,4005.2000,4010.0000,2,1,10,2,1,1,1,5,3,1
SF,IF2009,2020-03-11 09:31:14.000,4001.4000,11373,0,157442340.000,0,-,-,-,-,4000.4000,4000.0000,3999.6000,3995.0000,3993.2000,4002.0000,4003.2000,4004.2000,4005.2000,4010.0000,1,2,1,10,2,1,1,5,3,1
SF,IF2009,2020-03-11 09:31:14.500,4001.4000,11373,0,157442340.000,0,-,-,-,-,4000.4000,4000.0000,3999.6000,3995.0000,3993.2000,4001.4000,4002.0000,4003.2000,4004.2000,4005.2000,1,2,1,10,2,2,1,1,5,3
SF,IF2009,2020-03-11 09:31:15.000,4001.4000,11373,0,157442340.000,0,-,-,-,-,4000.0000,3999.6000,3995.0000,3993.2000,3976.8000,4000.4000,4001.4000,4002.0000,4003.2000,4004.2000,2,1,10,2,1,1,2,1,1,5
SF,IF2009,2020-03-11 09:31:15.500,4001.4000,11373,0,157442340.000,0,-,-,-,-,4000.0000,3999.6000,3995.0000,3993.2000,3976.8000,4000.4000,4001.4000,4002.0000,4003.2000,4004.2000,2,1,10,2,1,2,2,1,1,5
SF,IF2009,2020-03-11 09:31:16.000,4000.4000,11371,-2,159842580.000,2,0,2,双平,S,4000.0000,3999.6000,3995.0000,3993.2000,3976.8000,4002.0000,4003.2000,4004.2000,4010.0000,4011.0000,2,1,10,2,1,1,1,5,1,1
SF,IF2009,2020-03-11 09:31:16.500,4000.0000,11370,-1,161042580.000,1,0,1,双平,S,4000.0000,3999.6000,3995.0000,3993.2000,3976.8000,4001.8000,4002.0000,4003.2000,4004.2000,4010.0000,1,1,10,2,1,1,2,1,5,1
SF,IF2009,2020-03-11 09:31:17.000,4001.6000,11369,-1,163443060.000,2,0,2,多平,S,3999.6000,3995.0000,3993.2000,3976.8000,3976.6000,4001.8000,4002.0000,4003.2000,4004.2000,4010.0000,1,10,2,1,1,1,2,1,5,1
SF,IF2009,2020-03-11 09:31:17.500,4000.0000,11368,-1,164643060.000,1,0,1,双平,S,3999.6000,3995.0000,3993.2000,3976.8000,3976.6000,4000.0000,4001.6000,4001.8000,4002.0000,4003.2000,1,10,2,1,1,1,1,1,2,1
SF,IF2009,2020-03-11 09:31:18.000,3999.6000,11367,-1,165842940.000,1,0,1,双平,S,3995.0000,3993.2000,3976.8000,3976.6000,3971.0000,4000.0000,4001.6000,4001.8000,4002.0000,4003.2000,10,2,1,1,1,1,1,1,1,1
SF,IF2009,2020-03-11 09:31:18.500,3999.6000,11367,0,165842940.000,0,-,-,-,-,3998.4000,3995.2000,3995.0000,3993.2000,3976.8000,3999.8000,4000.0000,4001.6000,4002.0000,4003.2000,1,4,10,2,1,5,1,1,1,1
SF,IF2009,2020-03-11 09:31:19.000,3998.4000,11366,-1,167042460.000,1,0,1,双平,S,3995.2000,3995.0000,3993.2000,3976.8000,3976.6000,3999.8000,4000.0000,4001.6000,4003.2000,4004.2000,1,10,2,1,1,5,1,1,1,5
SF,IF2009,2020-03-11 09:31:19.500,3999.8000,11367,1,168242400.000,1,1,0,双开,S,3995.6000,3995.4000,3995.2000,3995.0000,3993.2000,3999.8000,4000.0000,4004.2000,4010.0000,4012.2000,1,3,1,10,2,3,1,5,1,1
SF,IF2009,2020-03-11 09:31:20.000,3999.8000,11367,0,168242400.000,0,-,-,-,-,3995.8000,3995.6000,3995.4000,3995.0000,3993.2000,4000.0000,4004.2000,4010.0000,4012.2000,4014.0000,3,1,3,10,2,1,5,1,1,1
SF,IF2009,2020-03-11 09:31:20.500,3999.8000,11367,0,168242400.000,0,-,-,-,-,3996.6000,3995.8000,3995.6000,3995.4000,3995.0000,3999.6000,4000.0000,4004.2000,4010.0000,4012.2000,1,3,1,3,10,2,1,5,1,1
SF,IF2009,2020-03-11 09:31:21.000,3996.8000,11366,-1,169441440.000,1,0,1,双平,S,3996.8000,3996.6000,3996.4000,3995.8000,3995.4000,3999.6000,4000.0000,4004.2000,4010.0000,4012.2000,2,1,1,2,3,2,1,5,1,1
SF,IF2009,2020-03-11 09:31:21.500,3996.8000,11366,0,169441440.000,0,-,-,-,-,3996.8000,3996.6000,3996.4000,3995.8000,3995.4000,3999.4000,3999.6000,4000.0000,4004.2000,4010.0000,1,1,1,2,3,1,2,1,5,1
SF,IF2009,2020-03-11 09:31:22.000,3996.8000,11365,-1,170640480.000,1,0,1,双平,S,3996.6000,3995.8000,3995.4000,3995.0000,3993.2000,3999.2000,3999.4000,3999.6000,4000.0000,4004.2000,1,2,3,10,2,1,1,2,1,5
SF,IF2009,2020-03-11 09:31:22.500,3996.8000,11365,0,170640480.000,0,-,-,-,-,3996.6000,3995.8000,3995.4000,3995.0000,3993.2000,3996.8000,3999.0000,3999.2000,3999.6000,4000.0000,1,2,3,10,2,3,1,1,2,1
SF,IF2009,2020-03-11 09:31:23.000,3999.0000,11362,-3,175437300.000,4,0,4,多平,S,3997.2000,3996.8000,3996.6000,3995.8000,3995.4000,3999.2000,4000.0000,4004.2000,4010.0000,4012.2000,1,3,1,2,3,1,1,5,1,1
SF,IF2009,2020-03-11 09:31:23.500,3999.0000,11362,0,175437300.000,0,-,-,-,-,3997.4000,3996.8000,3996.6000,3995.8000,3995.4000,4004.2000,4010.0000,4012.2000,4014.0000,4019.0000,1,2,1,2,3,5,1,1,1,1
SF,IF2009,2020-03-11 09:31:24.000,3997.4000,11361,-1,176636520.000,1,0,1,双平,S,3996.8000,3996.6000,3995.8000,3995.0000,3993.2000,4001.0000,4004.0000,4004.2000,4010.0000,4012.2000,3,1,2,10,2,1,5,5,1,1
SF,IF2009,2020-03-11 09:31:24.500,3997.4000,11361,0,176636520.000,0,-,-,-,-,3997.2000,3997.0000,3996.8000,3995.8000,3995.0000,4001.0000,4004.0000,4004.2000,4010.0000,4012.2000,1,1,1,2,10,1,7,5,6,1
SF,IF2009,2020-03-11 09:31:25.000,3997.4000,11360,-1,177835740.000,1,0,1,双平,S,3997.4000,3997.2000,3997.0000,3996.4000,3995.8000,4000.8000,4003.4000,4004.0000,4004.2000,4010.0000,1,1,3,3,2,1,1,6,5,6
SF,IF2009,2020-03-11 09:31:25.500,3997.4000,11360,0,177835740.000,0,-,-,-,-,3997.4000,3997.2000,3997.0000,3996.4000,3995.8000,4000.8000,4003.4000,4004.0000,4004.2000,4010.0000,2,1,3,3,2,1,1,3,5,6
SF,IF2009,2020-03-11 09:31:26.000,3997.4000,11360,0,177835740.000,0,-,-,-,-,3997.4000,3997.2000,3997.0000,3996.4000,3995.8000,4000.8000,4003.4000,4004.2000,4010.0000,4012.2000,2,1,3,3,2,1,1,5,6,1
SF,IF2009,2020-03-11 09:31:26.500,3997.4000,11360,0,177835740.000,0,-,-,-,-,3998.0000,3997.8000,3997.6000,3997.4000,3997.0000,4000.8000,4003.4000,4004.2000,4010.0000,4012.2000,2,1,1,1,3,1,1,5,6,1
SF,IF2009,2020-03-11 09:31:27.000,3997.4000,11360,0,177835740.000,0,-,-,-,-,3998.2000,3998.0000,3997.8000,3997.6000,3997.4000,4000.8000,4003.4000,4004.2000,4010.0000,4012.2000,2,2,2,1,1,1,1,5,6,1
SF,IF2009,2020-03-11 09:31:27.500,3997.4000,11360,0,177835740.000,0,-,-,-,-,3998.2000,3998.0000,3997.8000,3997.6000,3997.4000,4000.8000,4004.2000,4010.0000,4012.2000,4014.0000,3,2,2,1,1,1,5,6,1,1
SF,IF2009,2020-03-11 09:31:28.000,4000.8000,11360,0,179035980.000,1,0,1,多换,S,3998.6000,3998.4000,3998.2000,3997.8000,3997.6000,4004.2000,4010.0000,4012.2000,4014.0000,4019.0000,1,3,3,2,1,5,6,1,1,1
SF,IF2009,2020-03-11 09:31:28.500,4000.8000,11360,0,179035980.000,0,-,-,-,-,3999.0000,3998.6000,3998.4000,3998.2000,3997.8000,4002.4000,4004.0000,4004.2000,4010.0000,4012.2000,1,1,3,3,2,1,1,5,6,1
SF,IF2009,2020-03-11 09:31:29.000,3999.2000,11359,-1,180235740.000,1,0,1,双平,S,3999.0000,3998.6000,3998.4000,3998.2000,3997.8000,4000.6000,4002.2000,4002.4000,4004.0000,4004.2000,1,2,3,2,1,1,1,1,4,5
SF,IF2009,2020-03-11 09:31:29.500,3999.2000,11359,0,180235740.000,0,-,-,-,-,3999.4000,3999.0000,3998.6000,3998.4000,3998.2000,4002.2000,4002.4000,4004.0000,4004.2000,4010.0000,1,1,1,2,2,1,1,4,5,6
SF,IF2009,2020-03-11 09:31:30.000,3999.2000,11359,0,180235740.000,0,-,-,-,-,3999.4000,3999.0000,3998.6000,3998.4000,3998.2000,4002.0000,4002.2000,4004.0000,4004.2000,4010.0000,1,1,1,2,1,1,1,4,5,6
SF,IF2009,2020-03-11 09:31:30.500,3999.2000,11359,0,180235740.000,0,-,-,-,-,3999.8000,3998.4000,3997.4000,3996.4000,3995.8000,4001.2000,4001.6000,4001.8000,4002.0000,4004.0000,1,2,2,3,1,1,1,1,1,4
SF,IF2009,2020-03-11 09:31:31.000,3999.2000,11358,-1,181435500.000,1,0,1,双平,S,3998.4000,3997.4000,3996.4000,3995.8000,3995.0000,3999.4000,4002.0000,4004.0000,4004.2000,4010.0000,2,2,3,1,10,4,1,4,5,6
SF,IF2009,2020-03-11 09:31:31.500,3999.4000,11357,-1,182635320.000,1,0,1,双平,S,3998.4000,3997.4000,3996.4000,3995.8000,3995.6000,3999.4000,4000.8000,4002.0000,4004.0000,4004.2000,1,2,3,1,1,3,1,1,1,5
SF,IF2009,2020-03-11 09:31:32.000,3999.4000,11357,0,182635320.000,0,-,-,-,-,3998.4000,3997.4000,3996.6000,3996.4000,3995.8000,3999.4000,4000.8000,4004.0000,4004.2000,4010.0000,1,2,1,3,1,3,1,1,5,6
SF,IF2009,2020-03-11 09:31:32.500,3999.4000,11357,0,182635320.000,0,-,-,-,-,3997.4000,3996.6000,3996.4000,3995.8000,3995.0000,3999.2000,3999.4000,4000.8000,4004.0000,4004.2000,2,1,3,1,10,1,3,1,1,5
SF,IF2009,2020-03-11 09:31:33.000,3999.4000,11357,0,182635320.000,0,-,-,-,-,3997.4000,3996.6000,3996.4000,3995.8000,3995.0000,3999.2000,3999.4000,4000.0000,4000.8000,4004.0000,2,1,3,1,10,1,3,1,1,1
SF,IF2009,2020-03-11 09:31:33.500,3999.4000,11357,0,182635320.000,0,-,-,-,-,3997.4000,3996.6000,3996.4000,3995.8000,3995.0000,3998.0000,3999.2000,3999.4000,4000.0000,4000.8000,2,1,3,1,10,1,1,3,1,1
SF,IF2009,2020-03-11 09:31:34.000,3998.0000,11356,-1,183834720.000,1,0,1,双平,S,3997.4000,3996.6000,3996.4000,3995.8000,3995.0000,3999.2000,3999.4000,4000.0000,4000.8000,4004.2000,2,1,3,1,10,1,3,1,1,5
SF,IF2009,2020-03-11 09:31:34.500,3998.0000,11356,0,183834720.000,0,-,-,-,-,3997.4000,3996.6000,3996.4000,3995.8000,3995.0000,3999.2000,3999.4000,4000.0000,4000.8000,4004.2000,2,1,3,1,10,1,3,1,1,5
SF,IF2009,2020-03-11 09:31:35.000,3999.2000,11355,-1,185034480.000,1,0,1,双平,S,3997.4000,3996.6000,3996.4000,3995.8000,3995.0000,3999.4000,4000.0000,4000.8000,4004.2000,4010.0000,2,1,3,1,10,3,1,1,5,6
SF,IF2009,2020-03-11 09:31:36.000,3999.2000,11355,0,185034480.000,0,-,-,-,-,3997.6000,3997.4000,3996.6000,3996.4000,3995.8000,3999.2000,3999.4000,4000.0000,4000.8000,4004.2000,1,2,1,3,1,2,3,1,1,5
SF,IF2009,2020-03-11 09:31:36.500,3999.2000,11357,2,187434000.000,2,2,0,双开,S,3997.8000,3997.6000,3997.4000,3996.6000,3996.4000,3999.4000,4000.0000,4004.2000,4010.0000,4012.2000,1,2,2,1,3,3,1,5,6,1
SF,IF2009,2020-03-11 09:31:37.000,3997.8000,11356,-1,189833100.000,2,0,2,多平,S,3997.6000,3997.4000,3996.6000,3996.4000,3995.8000,3997.8000,3999.4000,4000.0000,4004.2000,4010.0000,1,2,1,3,1,4,3,1,5,6
SF,IF2009,2020-03-11 09:31:37.500,3997.8000,11352,-4,194630460.000,4,0,4,双平,S,3998.2000,3997.8000,3997.6000,3997.4000,3996.6000,3999.4000,4000.0000,4004.2000,4010.0000,4012.2000,1,3,1,2,1,3,1,5,6,1
SF,IF2009,2020-03-11 09:31:38.000,3997.8000,11352,0,194630460.000,0,-,-,-,-,3998.2000,3998.0000,3997.6000,3997.4000,3996.6000,3999.4000,4000.0000,4004.2000,4010.0000,4012.2000,1,1,1,2,1,3,1,5,6,1
SF,IF2009,2020-03-11 09:31:38.500,3997.8000,11352,0,194630460.000,0,-,-,-,-,3998.0000,3997.6000,3997.4000,3996.6000,3996.4000,3999.4000,4000.0000,4004.2000,4010.0000,4012.2000,1,1,2,1,3,3,1,5,6,1
SF,IF2009,2020-03-11 09:31:39.000,3997.8000,11352,0,194630460.000,0,-,-,-,-,3998.6000,3998.0000,3997.4000,3996.6000,3996.4000,3999.4000,4000.0000,4004.2000,4010.0000,4012.2000,1,1,2,1,3,3,1,5,6,1
SF,IF2009,2020-03-11 09:31:39.500,3998.6000,11351,-1,195830040.000,1,0,1,双平,S,3998.0000,3997.4000,3996.6000,3996.4000,3995.8000,3999.4000,4000.0000,4004.2000,4010.0000,4012.2000,1,2,1,3,1,3,1,5,6,1
SF,IF2009,2020-03-11 09:31:40.000,3999.2000,11351,0,197029800.000,1,0,1,多换,S,3998.0000,3997.4000,3996.6000,3996.4000,3995.8000,3999.4000,4000.0000,4004.2000,4010.0000,4012.2000,1,2,1,3,1,4,1,5,6,1
SF,IF2009,2020-03-11 09:31:40.500,3999.2000,11351,0,197029800.000,0,-,-,-,-,3998.0000,3997.4000,3996.6000,3996.4000,3995.8000,3999.4000,4000.0000,4004.2000,4010.0000,4012.2000,1,2,1,3,1,4,1,5,6,1
SF,IF2009,2020-03-11 09:31:41.000,3999.2000,11351,0,198229560.000,1,0,1,多换,S,3998.0000,3997.4000,3996.6000,3996.4000,3995.8000,3999.4000,4000.0000,4004.2000,4010.0000,4012.2000,1,2,1,3,1,4,1,5,6,1
SF,IF2009,2020-03-11 09:31:41.500,3999.2000,11351,0,198229560.000,0,-,-,-,-,3998.0000,3997.4000,3996.6000,3996.4000,3995.8000,3999.4000,4000.0000,4004.2000,4010.0000,4012.2000,1,2,1,3,1,4,1,5,6,1
SF,IF2009,2020-03-11 09:31:42.500,3999.2000,11351,0,198229560.000,0,-,-,-,-,3998.0000,3997.4000,3996.6000,3996.4000,3995.8000,3999.4000,4000.0000,4004.2000,4010.0000,4012.2000,1,2,1,3,1,4,1,5,6,1
SF,IF2009,2020-03-11 09:31:43.000,3999.4000,11350,-1,199429380.000,1,0,1,双平,S,3998.0000,3997.4000,3996.6000,3996.4000,3995.8000,3999.4000,4000.0000,4004.2000,4010.0000,4012.2000,1,2,1,3,1,3,1,5,6,1
SF,IF2009,2020-03-11 09:31:43.500,3999.4000,11350,0,199429380.000,0,-,-,-,-,3998.0000,3997.4000,3997.0000,3996.6000,3996.4000,3999.4000,4000.0000,4004.2000,4010.0000,4012.2000,1,2,1,1,3,3,1,5,6,1
SF,IF2009,2020-03-11 09:31:44.000,3999.4000,11349,-1,200629200.000,1,0,1,双平,S,3998.0000,3997.4000,3997.0000,3996.6000,3996.4000,3999.4000,4000.0000,4004.2000,4010.0000,4012.2000,1,2,1,1,3,2,1,5,6,1
SF,IF2009,2020-03-11 09:31:44.500,3999.4000,11349,0,200629200.000,0,-,-,-,-,3998.4000,3998.2000,3998.0000,3997.4000,3997.0000,3999.4000,4000.0000,4004.2000,4010.0000,4012.2000,1,1,1,2,1,2,1,5,6,1
SF,IF2009,2020-03-11 09:31:45.000,3999.4000,11349,0,200629200.000,0,-,-,-,-,3998.4000,3998.0000,3997.4000,3997.0000,3996.6000,3999.4000,4000.0000,4004.2000,4010.0000,4012.2000,1,1,2,1,1,2,1,5,6,1
SF,IF2009,2020-03-11 09:31:45.500,3999.4000,11349,0,200629200.000,0,-,-,-,-,3998.4000,3998.0000,3997.4000,3997.0000,3996.6000,3999.4000,4000.0000,4004.0000,4004.2000,4010.0000,1,1,2,1,1,2,1,1,5,6
SF,IF2009,2020-03-11 09:31:46.000,3998.6000,11348,-1,201828780.000,1,0,1,双平,S,3998.4000,3998.0000,3997.4000,3997.0000,3996.6000,3999.4000,4000.0000,4004.0000,4004.2000,4010.0000,1,1,2,1,1,2,1,1,5,6
SF,IF2009,2020-03-11 09:31:46.500,3999.4000,11346,-2,204228420.000,2,0,2,双平,S,3998.4000,3998.0000,3997.4000,3997.0000,3996.6000,4000.0000,4004.0000,4004.2000,4010.0000,4012.2000,1,1,2,1,1,1,1,5,6,1
SF,IF2009,2020-03-11 09:31:47.000,3999.4000,11346,0,204228420.000,0,-,-,-,-,3998.4000,3998.0000,3997.4000,3997.0000,3996.6000,4000.0000,4004.0000,4004.2000,4010.0000,4012.2000,1,1,2,1,1,1,1,5,6,1
SF,IF2009,2020-03-11 09:31:47.500,4000.0000,11345,-1,205428420.000,1,0,1,双平,S,3998.6000,3998.4000,3998.0000,3997.4000,3997.0000,4004.0000,4004.2000,4010.0000,4012.2000,4014.0000,2,1,1,2,1,1,5,6,1,1
SF,IF2009,2020-03-11 09:31:48.000,4000.0000,11345,0,205428420.000,0,-,-,-,-,3999.0000,3998.8000,3998.6000,3998.0000,3997.4000,4003.6000,4003.8000,4004.0000,4004.2000,4010.0000,1,1,2,1,2,1,2,4,5,6
SF,IF2009,2020-03-11 09:31:48.500,4000.0000,11345,0,205428420.000,0,-,-,-,-,3999.4000,3999.2000,3999.0000,3998.8000,3998.0000,4003.6000,4004.0000,4004.2000,4010.0000,4012.2000,1,1,1,1,1,1,1,5,6,1
SF,IF2009,2020-03-11 09:31:49.000,4000.0000,11345,0,205428420.000,0,-,-,-,-,3999.8000,3999.6000,3999.4000,3998.8000,3998.0000,4003.4000,4003.6000,4004.2000,4010.0000,4012.2000,1,1,1,1,1,1,1,5,6,1
SF,IF2009,2020-03-11 09:31:49.500,3999.8000,11344,-1,207828300.000,2,0,2,多平,S,3999.6000,3999.4000,3998.0000,3997.4000,3997.0000,4003.4000,4003.6000,4004.2000,4010.0000,4012.2000,2,1,1,2,1,2,1,5,6,1
SF,IF2009,2020-03-11 09:31:50.000,3999.8000,11344,0,207828300.000,0,-,-,-,-,3999.6000,3999.4000,3998.0000,3997.4000,3997.0000,3999.8000,4003.4000,4003.6000,4004.2000,4010.0000,2,1,1,2,1,1,2,1,5,6
SF,IF2009,2020-03-11 09:31:50.500,3999.8000,11343,-1,209028240.000,1,0,1,双平,S,4000.4000,3999.8000,3999.6000,3997.4000,3997.0000,4003.4000,4003.6000,4004.2000,4010.0000,4012.2000,1,3,1,2,1,1,1,5,6,1
SF,IF2009,2020-03-11 09:31:51.000,4000.4000,11342,-1,210228360.000,1,0,1,双平,S,4000.0000,3999.8000,3997.4000,3997.0000,3996.6000,4000.4000,4003.4000,4003.6000,4004.2000,4010.0000,1,1,2,1,1,1,1,1,5,6
SF,IF2009,2020-03-11 09:31:51.500,4000.4000,11341,-1,211428480.000,1,0,1,双平,S,4000.2000,4000.0000,3999.8000,3997.4000,3997.0000,4003.6000,4004.2000,4010.0000,4012.2000,4014.0000,1,1,1,2,1,1,5,6,1,1
SF,IF2009,2020-03-11 09:31:52.000,4000.0000,11340,-1,212628480.000,1,0,1,双平,S,3999.8000,3997.4000,3997.0000,3996.6000,3996.4000,4003.4000,4003.6000,4004.2000,4010.0000,4012.2000,1,2,1,1,3,2,1,5,6,1
SF,IF2009,2020-03-11 09:31:52.500,4000.0000,11340,0,212628480.000,0,-,-,-,-,3999.8000,3997.4000,3997.0000,3996.6000,3996.4000,4003.4000,4004.2000,4010.0000,4012.2000,4014.0000,3,2,1,1,3,2,5,6,1,1
SF,IF2009,2020-03-11 09:31:53.000,3999.8000,11339,-1,213828420.000,1,0,1,双平,S,3999.8000,3997.4000,3997.0000,3996.6000,3996.4000,4002.6000,4003.4000,4004.2000,4010.0000,4012.2000,2,2,1,1,3,1,1,5,6,1
SF,IF2009,2020-03-11 09:31:53.500,3999.8000,11338,-1,215028360.000,1,0,1,双平,S,3999.8000,3998.0000,3997.4000,3997.0000,3996.6000,4002.4000,4002.6000,4003.2000,4004.2000,4010.0000,1,1,2,1,1,1,1,2,5,6
SF,IF2009,2020-03-11 09:31:54.000,3999.8000,11337,-1,216228300.000,1,0,1,双平,S,3997.4000,3997.0000,3996.6000,3996.4000,3995.8000,4002.4000,4003.2000,4004.2000,4010.0000,4012.2000,2,1,1,3,1,1,2,5,6,1
SF,IF2009,2020-03-11 09:31:54.500,3999.8000,11337,0,216228300.000,0,-,-,-,-,3997.6000,3997.4000,3997.0000,3996.6000,3996.4000,4002.2000,4002.4000,4003.2000,4004.2000,4010.0000,1,2,1,1,3,1,2,2,5,6
SF,IF2009,2020-03-11 09:31:55.000,3999.8000,11337,0,216228300.000,0,-,-,-,-,3997.8000,3997.6000,3997.4000,3997.0000,3996.6000,4002.0000,4002.2000,4003.2000,4004.2000,4010.0000,1,1,2,2,1,1,1,2,5,6
SF,IF2009,2020-03-11 09:31:55.500,3999.8000,11337,0,216228300.000,0,-,-,-,-,3998.0000,3997.8000,3997.4000,3997.0000,3996.6000,4002.0000,4002.2000,4003.2000,4004.2000,4010.0000,1,1,2,2,1,1,1,1,5,6
SF,IF2009,2020-03-11 09:31:56.000,3998.2000,11335,-2,218627220.000,2,0,2,双平,S,3998.2000,3998.0000,3997.8000,3997.4000,3997.0000,4002.0000,4003.2000,4004.2000,4010.0000,4012.2000,1,2,1,2,1,1,1,5,6,1
SF,IF2009,2020-03-11 09:31:56.500,3998.2000,11334,-1,219826680.000,1,0,1,双平,S,3998.4000,3998.2000,3998.0000,3997.8000,3997.4000,4003.2000,4004.2000,4010.0000,4012.2000,4014.0000,3,1,1,1,2,1,5,6,1,1
SF,IF2009,2020-03-11 09:31:57.000,3998.4000,11333,-1,221026200.000,1,0,1,双平,S,3998.6000,3998.4000,3997.8000,3997.4000,3997.0000,4003.0000,4004.2000,4010.0000,4012.2000,4014.0000,1,6,1,2,1,1,5,6,1,1
SF,IF2009,2020-03-11 09:31:57.500,3998.4000,11333,0,221026200.000,0,-,-,-,-,3999.6000,3999.0000,3998.8000,3998.4000,3997.8000,4003.0000,4004.2000,4010.0000,4012.2000,4014.0000,1,2,4,3,1,1,5,6,1,1
SF,IF2009,2020-03-11 09:31:58.000,3998.4000,11333,0,221026200.000,0,-,-,-,-,3999.6000,3999.0000,3998.8000,3998.4000,3997.8000,4002.6000,4003.0000,4004.2000,4010.0000,4012.2000,1,2,5,3,1,1,1,5,6,1
SF,IF2009,2020-03-11 09:31:58.500,3999.6000,11332,-1,222226080.000,1,0,1,双平,S,3999.0000,3998.8000,3998.4000,3997.8000,3997.4000,3999.6000,4002.4000,4002.6000,4004.2000,4010.0000,2,4,3,1,2,1,1,1,5,6
SF,IF2009,2020-03-11 09:31:59.000,3999.2000,11329,-3,225825600.000,3,0,3,双平,S,3999.6000,3999.0000,3998.8000,3998.4000,3998.2000,4002.4000,4002.6000,4004.2000,4010.0000,4012.2000,1,1,2,3,1,1,1,5,6,1
SF,IF2009,2020-03-11 09:31:59.500,3999.6000,11328,-1,227025480.000,1,0,1,双平,S,3999.4000,3998.8000,3998.4000,3998.2000,3997.8000,4002.2000,4002.4000,4002.6000,4004.2000,4010.0000,1,2,3,1,1,1,1,1,5,6
SF,IF2009,2020-03-11 09:32:00.000,3999.6000,11328,0,227025480.000,0,-,-,-,-,3999.4000,3998.8000,3998.4000,3998.2000,3997.8000,3999.6000,4002.0000,4002.2000,4002.4000,4002.6000,1,2,3,1,1,1,1,1,1,1
SF,IF2009,2020-03-11 09:32:00.500,3999.6000,11327,-1,228225360.000,1,0,1,双平,S,3999.4000,3998.8000,3998.4000,3998.2000,3997.8000,4002.0000,4002.6000,4004.2000,4010.0000,4012.2000,1,2,3,1,1,1,1,5,6,1
SF,IF2009,2020-03-11 09:32:01.000,4002.0000,11327,0,230625780.000,2,1,1,多换,S,3998.8000,3998.4000,3998.2000,3997.8000,3997.4000,4002.6000,4004.2000,4010.0000,4012.2000,4014.0000,2,2,1,1,2,1,5,6,1,1
SF,IF2009,2020-03-11 09:32:01.500,4002.0000,11327,0,230625780.000,0,-,-,-,-,3999.8000,3999.6000,3999.0000,3998.8000,3998.4000,4002.6000,4004.2000,4010.0000,4012.2000,4014.0000,1,2,2,2,2,1,5,6,1,1
SF,IF2009,2020-03-11 09:32:02.000,4002.0000,11327,0,230625780.000,0,-,-,-,-,4000.2000,3999.8000,3999.6000,3999.4000,3998.8000,4002.4000,4004.2000,4010.0000,4012.2000,4014.0000,1,1,2,1,2,1,5,6,1,1
SF,IF2009,2020-03-11 09:32:02.500,4002.0000,11327,0,230625780.000,0,-,-,-,-,3999.8000,3998.8000,3998.4000,3997.8000,3997.4000,4002.4000,4004.2000,4010.0000,4012.2000,4014.0000,1,1,1,2,2,1,5,6,1,1
SF,IF2009,2020-03-11 09:32:03.000,3999.8000,11327,0,231825720.000,1,0,1,多换,S,3998.8000,3998.4000,3997.8000,3997.4000,3997.0000,3999.8000,4000.2000,4002.2000,4002.4000,4004.2000,1,1,2,2,2,2,1,1,1,5
SF,IF2009,2020-03-11 09:32:03.500,3999.8000,11327,0,231825720.000,0,-,-,-,-,3999.0000,3998.8000,3998.4000,3997.8000,3997.4000,3999.8000,4000.2000,4002.2000,4002.4000,4004.2000,1,1,1,2,2,2,1,1,1,5
SF,IF2009,2020-03-11 09:32:04.000,3999.8000,11327,0,233025660.000,1,0,1,多换,S,3999.0000,3998.8000,3998.4000,3997.8000,3997.4000,3999.8000,4000.2000,4002.2000,4002.4000,4004.2000,1,1,1,2,2,1,1,1,1,5
SF,IF2009,2020-03-11 09:32:04.500,3999.8000,11326,-1,234225600.000,1,0,1,双平,S,3999.0000,3998.8000,3998.4000,3997.8000,3997.4000,4000.2000,4002.2000,4002.4000,4004.2000,4010.0000,1,1,1,2,2,1,1,1,5,6
SF,IF2009,2020-03-11 09:32:05.000,3999.2000,11325,-1,235425360.000,1,0,1,双平,S,3997.8000,3997.4000,3997.0000,3996.6000,3996.4000,4000.2000,4002.2000,4002.4000,4004.2000,4010.0000,2,2,2,1,3,1,1,1,5,6
SF,IF2009,2020-03-11 09:32:05.500,3999.2000,11325,0,235425360.000,0,-,-,-,-,3999.8000,3998.0000,3997.8000,3997.4000,3997.0000,4000.0000,4000.2000,4002.2000,4002.4000,4004.2000,1,1,2,2,2,1,1,1,1,5
SF,IF2009,2020-03-11 09:32:06.000,3999.8000,11325,0,236625300.000,1,0,1,多换,S,3997.8000,3997.4000,3997.0000,3996.6000,3996.4000,4000.0000,4000.2000,4002.2000,4002.4000,4004.2000,2,2,1,1,3,1,1,1,1,5
SF,IF2009,2020-03-11 09:32:06.500,4000.0000,11325,0,237825300.000,1,0,1,多换,S,3997.8000,3997.4000,3997.0000,3996.6000,3996.4000,4000.2000,4002.2000,4002.4000,4004.2000,4010.0000,2,2,1,1,3,1,1,1,5,6
SF,IF2009,2020-03-11 09:32:07.000,4000.0000,11325,0,237825300.000,0,-,-,-,-,3998.0000,3997.8000,3997.4000,3997.0000,3996.6000,4000.2000,4002.2000,4002.4000,4004.2000,4010.0000,1,2,2,1,1,1,1,1,5,6
SF,IF2009,2020-03-11 09:32:07.500,4000.0000,11325,0,237825300.000,0,-,-,-,-,3998.0000,3997.8000,3997.4000,3997.0000,3996.6000,4000.2000,4002.2000,4002.4000,4004.2000,4010.0000,2,2,2,2,1,1,1,1,5,6
SF,IF2009,2020-03-11 09:32:08.000,4000.0000,11325,0,237825300.000,0,-,-,-,-,3998.2000,3998.0000,3997.8000,3997.4000,3997.0000,4000.2000,4002.4000,4004.2000,4010.0000,4012.2000,3,2,2,2,2,1,1,5,6,1
SF,IF2009,2020-03-11 09:32:08.500,4000.0000,11325,0,237825300.000,0,-,-,-,-,3998.6000,3998.4000,3998.2000,3998.0000,3997.8000,4000.2000,4003.6000,4004.2000,4010.0000,4012.2000,1,2,3,1,2,1,2,5,6,1
SF,IF2009,2020-03-11 09:32:09.000,4000.0000,11325,0,237825300.000,0,-,-,-,-,3998.8000,3998.6000,3998.4000,3998.2000,3998.0000,4000.2000,4003.6000,4004.2000,4010.0000,4012.2000,2,1,3,3,1,1,2,5,6,1
SF,IF2009,2020-03-11 09:32:09.500,4000.2000,11325,0,239025360.000,1,0,1,多换,S,3998.8000,3998.6000,3998.4000,3998.2000,3998.0000,4003.6000,4004.2000,4010.0000,4012.2000,4014.0000,3,2,3,3,1,2,5,6,1,1
SF,IF2009,2020-03-11 09:32:10.000,4000.2000,11325,0,239025360.000,0,-,-,-,-,4000.0000,3999.0000,3998.8000,3998.6000,3998.4000,4003.4000,4003.6000,4004.2000,4010.0000,4012.2000,3,2,3,1,2,1,2,5,6,1
SF,IF2009,2020-03-11 09:32:10.500,4000.2000,11325,0,239025360.000,0,-,-,-,-,4000.0000,3999.0000,3998.8000,3998.6000,3998.4000,4003.4000,4003.6000,4004.2000,4010.0000,4012.2000,3,3,4,1,1,1,2,5,6,1
SF,IF2009,2020-03-11 09:32:11.000,4000.2000,11325,0,239025360.000,0,-,-,-,-,4000.4000,4000.0000,3999.0000,3998.8000,3998.4000,4003.0000,4003.4000,4003.6000,4004.2000,4010.0000,1,3,3,4,1,1,1,2,5,6
SF,IF2009,2020-03-11 09:32:11.500,4000.2000,11325,0,239025360.000,0,-,-,-,-,4000.4000,4000.2000,4000.0000,3999.0000,3998.8000,4002.8000,4003.0000,4003.6000,4004.2000,4010.0000,1,1,3,1,4,1,1,2,5,6
SF,IF2009,2020-03-11 09:32:12.000,4000.2000,11325,0,239025360.000,0,-,-,-,-,4000.4000,4000.2000,4000.0000,3999.0000,3998.8000,4002.8000,4003.6000,4004.2000,4010.0000,4012.2000,1,2,3,1,3,1,2,5,6,1
SF,IF2009,2020-03-11 09:32:12.500,4000.0000,11323,-2,245025600.000,5,1,4,多平,S,4000.0000,3999.0000,3998.8000,3998.2000,3997.8000,4002.6000,4002.8000,4003.6000,4004.2000,4010.0000,1,1,1,1,2,2,1,2,5,6
SF,IF2009,2020-03-11 09:32:13.000,4000.0000,11323,0,245025600.000,0,-,-,-,-,4000.0000,3998.8000,3998.2000,3997.8000,3997.4000,4002.4000,4002.6000,4003.6000,4004.2000,4010.0000,1,1,1,2,3,1,2,2,5,6
SF,IF2009,2020-03-11 09:32:13.500,4000.0000,11323,0,246225600.000,1,0,1,多换,S,3998.2000,3997.8000,3997.4000,3997.0000,3996.4000,4002.4000,4002.6000,4003.6000,4004.2000,4010.0000,1,2,3,2,3,1,1,2,5,6
SF,IF2009,2020-03-11 09:32:14.000,4000.0000,11323,0,246225600.000,0,-,-,-,-,3998.4000,3998.2000,3997.8000,3997.4000,3997.0000,4002.4000,4002.6000,4003.6000,4004.2000,4010.0000,4,1,2,3,2,1,1,2,5,6
SF,IF2009,2020-03-11 09:32:14.500,3998.4000,11320,-3,249824220.000,3,0,3,双平,S,3998.2000,3997.8000,3997.4000,3997.0000,3996.4000,4002.2000,4002.6000,4003.6000,4004.2000,4010.0000,1,2,3,2,3,1,1,2,5,6
SF,IF2009,2020-03-11 09:32:15.500,3998.4000,11320,0,249824220.000,0,-,-,-,-,3998.6000,3998.4000,3998.2000,3997.8000,3997.4000,4002.2000,4002.6000,4003.6000,4004.2000,4010.0000,1,2,1,2,3,1,1,2,5,6
SF,IF2009,2020-03-11 09:32:16.000,3998.4000,11320,0,249824220.000,0,-,-,-,-,3998.8000,3998.6000,3998.4000,3998.2000,3997.8000,4002.2000,4002.6000,4003.6000,4004.2000,4010.0000,2,1,4,1,2,1,1,2,5,6
SF,IF2009,2020-03-11 09:32:16.500,3998.4000,11320,0,249824220.000,0,-,-,-,-,3999.0000,3998.8000,3998.6000,3998.4000,3998.2000,4002.2000,4002.6000,4003.6000,4004.2000,4010.0000,1,3,1,3,1,1,1,2,5,6
SF,IF2009,2020-03-11 09:32:17.000,3998.8000,11319,-1,251023860.000,1,0,1,双平,S,3999.2000,3999.0000,3998.8000,3998.4000,3998.2000,4002.2000,4003.6000,4004.2000,4010.0000,4012.2000,1,2,1,3,1,1,2,5,6,1
SF,IF2009,2020-03-11 09:32:17.500,3998.8000,11319,0,251023860.000,0,-,-,-,-,3999.2000,3999.0000,3998.8000,3998.4000,3998.2000,4002.2000,4003.6000,4004.2000,4010.0000,4012.2000,2,2,1,3,1,1,2,5,6,1
SF,IF2009,2020-03-11 09:32:18.500,3998.8000,11319,0,251023860.000,0,-,-,-,-,3999.4000,3999.2000,3999.0000,3998.8000,3998.4000,4002.2000,4003.6000,4004.2000,4010.0000,4012.2000,2,2,1,2,3,1,2,5,6,1
SF,IF2009,2020-03-11 09:32:19.000,3998.8000,11319,0,251023860.000,0,-,-,-,-,3999.6000,3999.4000,3999.2000,3999.0000,3998.8000,4002.2000,4003.6000,4004.2000,4010.0000,4012.2000,1,2,2,1,2,1,2,5,6,1
SF,IF2009,2020-03-11 09:32:19.500,3998.8000,11319,0,251023860.000,0,-,-,-,-,3999.6000,3999.4000,3999.2000,3999.0000,3998.8000,4002.2000,4003.6000,4004.2000,4010.0000,4012.2000,3,2,1,1,2,1,2,5,6,1
SF,IF2009,2020-03-11 09:32:20.000,3998.8000,11319,0,251023860.000,0,-,-,-,-,4000.0000,3999.8000,3999.6000,3999.4000,3999.0000,4002.2000,4003.6000,4004.2000,4010.0000,4012.2000,2,1,3,1,1,1,2,5,6,1
SF,IF2009,2020-03-11 09:32:20.500,3998.8000,11319,0,251023860.000,0,-,-,-,-,4000.0000,3999.8000,3999.6000,3999.0000,3998.8000,4002.2000,4003.6000,4004.2000,4010.0000,4012.2000,2,2,3,1,2,1,2,5,6,1
SF,IF2009,2020-03-11 09:32:21.000,3998.8000,11319,0,251023860.000,0,-,-,-,-,4000.2000,4000.0000,3999.8000,3999.6000,3999.0000,4002.2000,4003.6000,4004.2000,4010.0000,4012.2000,1,2,1,1,1,1,2,5,6,1
SF,IF2009,2020-03-11 09:32:21.500,4000.0000,11317,-2,253423860.000,2,0,2,双平,S,3999.6000,3999.0000,3998.8000,3998.4000,3998.2000,4003.6000,4004.2000,4010.0000,4012.2000,4014.0000,1,1,2,2,1,2,5,6,1,1
SF,IF2009,2020-03-11 09:32:22.000,4000.0000,11317,0,253423860.000,0,-,-,-,-,3999.6000,3999.0000,3998.8000,3998.4000,3998.2000,4003.0000,4003.2000,4003.4000,4003.6000,4004.2000,1,1,2,2,1,1,1,1,2,5
SF,IF2009,2020-03-11 09:32:22.500,4000.0000,11317,0,253423860.000,0,-,-,-,-,3998.8000,3998.4000,3998.2000,3998.0000,3997.8000,4002.6000,4002.8000,4003.0000,4003.2000,4003.6000,2,2,1,1,2,1,1,1,1,2
SF,IF2009,2020-03-11 09:32:23.000,4000.0000,11317,0,253423860.000,0,-,-,-,-,3998.8000,3998.2000,3998.0000,3997.8000,3997.4000,4002.4000,4002.6000,4003.0000,4003.6000,4004.2000,2,1,1,2,3,1,1,1,2,5
SF,IF2009,2020-03-11 09:32:23.500,4000.0000,11317,0,253423860.000,0,-,-,-,-,3998.8000,3998.2000,3998.0000,3997.8000,3997.4000,4002.4000,4002.6000,4003.6000,4004.2000,4010.0000,2,1,1,2,3,1,1,2,5,6
SF,IF2009,2020-03-11 09:32:24.000,4000.0000,11317,0,253423860.000,0,-,-,-,-,3998.8000,3998.2000,3998.0000,3997.8000,3997.4000,4002.0000,4002.4000,4002.6000,4003.6000,4004.2000,2,1,1,2,3,1,1,1,2,5
SF,IF2009,2020-03-11 09:32:24.500,4001.8000,11316,-1,254624400.000,1,0,1,双平,S,3998.8000,3998.2000,3998.0000,3997.8000,3997.4000,4002.0000,4002.6000,4003.6000,4004.2000,4010.0000,2,1,1,2,3,1,1,2,5,6
SF,IF2009,2020-03-11 09:32:25.000,4001.8000,11316,0,254624400.000,0,-,-,-,-,3999.0000,3998.8000,3998.2000,3998.0000,3997.8000,4002.6000,4003.6000,4004.2000,4010.0000,4012.2000,3,2,1,1,2,1,2,5,6,1
SF,IF2009,2020-03-11 09:32:25.500,4001.8000,11316,0,254624400.000,0,-,-,-,-,3999.4000,3999.2000,3999.0000,3998.8000,3998.2000,4002.4000,4002.6000,4003.6000,4004.2000,4010.0000,1,1,3,2,1,1,1,2,5,6
SF,IF2009,2020-03-11 09:32:26.000,4001.8000,11316,0,254624400.000,0,-,-,-,-,3999.4000,3999.2000,3999.0000,3998.8000,3998.2000,4002.4000,4002.6000,4003.6000,4004.2000,4010.0000,2,1,2,2,1,1,1,2,5,6
SF,IF2009,2020-03-11 09:32:26.500,4001.8000,11316,0,254624400.000,0,-,-,-,-,3999.4000,3999.2000,3999.0000,3998.8000,3998.2000,4002.2000,4002.4000,4002.6000,4003.6000,4004.2000,2,1,2,2,1,1,1,1,2,5
SF,IF2009,2020-03-11 09:32:27.000,4001.8000,11316,0,254624400.000,0,-,-,-,-,3999.6000,3999.4000,3999.2000,3999.0000,3998.8000,4002.0000,4002.2000,4002.6000,4003.6000,4004.2000,1,1,1,1,2,1,1,1,2,5
SF,IF2009,2020-03-11 09:32:27.500,4001.8000,11316,0,254624400.000,0,-,-,-,-,3999.6000,3999.2000,3999.0000,3998.8000,3998.2000,4002.0000,4002.2000,4002.6000,4003.6000,4004.2000,1,1,1,2,1,1,1,1,2,5
SF,IF2009,2020-03-11 09:32:28.000,4001.8000,11316,0,254624400.000,0,-,-,-,-,4000.0000,3999.6000,3999.2000,3999.0000,3998.8000,4002.0000,4002.2000,4002.6000,4003.6000,4004.2000,1,1,1,1,2,1,1,1,2,5
SF,IF2009,2020-03-11 09:32:28.500,4001.8000,11316,0,254624400.000,0,-,-,-,-,4000.0000,3999.6000,3999.2000,3999.0000,3998.8000,4002.0000,4002.6000,4003.6000,4004.2000,4010.0000,1,1,1,1,2,1,1,2,5,6
SF,IF2009,2020-03-11 09:32:30.000,4001.8000,11316,0,254624400.000,0,-,-,-,-,4000.2000,4000.0000,3999.2000,3999.0000,3998.8000,4002.0000,4002.6000,4003.6000,4004.2000,4010.0000,1,1,1,1,2,1,1,2,5,6
SF,IF2009,2020-03-11 09:32:30.500,4001.8000,11316,0,254624400.000,0,-,-,-,-,4000.2000,4000.0000,3999.2000,3999.0000,3998.8000,4002.0000,4002.6000,4003.6000,4004.2000,4010.0000,1,1,1,1,2,1,1,2,5,6
SF,IF2009,2020-03-11 09:32:31.000,4001.8000,11316,0,254624400.000,0,-,-,-,-,4000.2000,4000.0000,3999.2000,3999.0000,3998.8000,4002.0000,4002.6000,4003.6000,4004.2000,4010.0000,1,1,1,1,2,1,1,2,5,6
SF,IF2009,2020-03-11 09:32:31.500,4001.8000,11316,0,254624400.000,0,-,-,-,-,4000.2000,4000.0000,3999.2000,3999.0000,3998.8000,4002.0000,4003.6000,4004.2000,4010.0000,4012.2000,1,1,1,1,2,1,2,5,6,1
SF,IF2009,2020-03-11 09:32:32.000,4000.2000,11315,-1,255824460.000,1,0,1,双平,S,4000.0000,3999.2000,3999.0000,3998.8000,3998.4000,4002.0000,4003.6000,4004.2000,4010.0000,4012.2000,1,1,1,2,1,1,2,5,6,1
SF,IF2009,2020-03-11 09:32:32.500,4002.0000,11314,-1,257025060.000,1,0,1,双平,S,4002.0000,4000.0000,3999.2000,3999.0000,3998.8000,4003.6000,4004.2000,4010.0000,4012.2000,4014.0000,1,1,1,1,2,2,5,6,1,1
SF,IF2009,2020-03-11 09:32:33.000,4002.0000,11313,-1,258225660.000,1,0,1,双平,S,4000.0000,3999.2000,3998.8000,3998.4000,3998.2000,4003.0000,4003.4000,4003.6000,4004.2000,4010.0000,1,1,2,1,1,1,1,2,5,6
SF,IF2009,2020-03-11 09:32:33.500,4002.0000,11313,0,258225660.000,0,-,-,-,-,4000.2000,4000.0000,3999.2000,3998.8000,3998.4000,4002.8000,4003.0000,4003.6000,4004.2000,4010.0000,1,1,1,2,1,1,1,2,5,6
SF,IF2009,2020-03-11 09:32:34.000,4002.0000,11313,0,258225660.000,0,-,-,-,-,4000.2000,4000.0000,3999.2000,3998.8000,3998.4000,4002.8000,4003.0000,4003.6000,4004.2000,4010.0000,2,1,1,2,1,2,1,2,5,6
SF,IF2009,2020-03-11 09:32:34.500,4002.0000,11313,0,258225660.000,0,-,-,-,-,4000.4000,4000.2000,4000.0000,3999.2000,3998.8000,4002.8000,4003.0000,4003.6000,4004.2000,4010.0000,1,2,1,1,2,1,1,2,5,6
SF,IF2009,2020-03-11 09:32:35.000,4002.0000,11313,0,258225660.000,0,-,-,-,-,4000.4000,4000.2000,4000.0000,3999.2000,3998.8000,4002.8000,4003.6000,4004.2000,4010.0000,4012.2000,2,2,1,1,2,1,2,5,6,1
SF,IF2009,2020-03-11 09:32:35.500,4000.6000,11312,-1,259425840.000,1,0,1,双平,S,4000.4000,4000.2000,4000.0000,3999.2000,3998.8000,4003.6000,4004.2000,4010.0000,4012.2000,4014.0000,2,1,1,1,2,2,5,6,1,1
SF,IF2009,2020-03-11 09:32:36.000,4000.6000,11312,0,259425840.000,0,-,-,-,-,4000.4000,4000.0000,3999.2000,3998.8000,3998.4000,4003.6000,4004.2000,4010.0000,4012.2000,4014.0000,2,1,1,2,1,2,5,6,1,1
SF,IF2009,2020-03-11 09:32:36.500,4000.6000,11312,0,259425840.000,0,-,-,-,-,4000.8000,4000.6000,4000.4000,4000.0000,3999.2000,4003.6000,4004.2000,4010.0000,4012.2000,4014.0000,1,2,2,1,1,2,5,6,1,1
SF,IF2009,2020-03-11 09:32:37.000,4000.6000,11312,0,259425840.000,0,-,-,-,-,4001.0000,4000.8000,4000.6000,4000.4000,4000.0000,4003.6000,4004.2000,4010.0000,4012.2000,4014.0000,1,1,3,1,1,2,5,6,1,1
SF,IF2009,2020-03-11 09:32:37.500,4000.6000,11312,0,259425840.000,0,-,-,-,-,4001.4000,4001.0000,4000.8000,4000.6000,4000.0000,4003.6000,4004.2000,4010.0000,4012.2000,4014.0000,1,1,1,3,1,2,5,6,1,1
SF,IF2009,2020-03-11 09:32:38.000,4000.6000,11312,0,259425840.000,0,-,-,-,-,4001.4000,4001.2000,4001.0000,4000.8000,4000.6000,4003.6000,4004.2000,4010.0000,4012.2000,4014.0000,1,1,1,1,3,2,5,6,1,1
SF,IF2009,2020-03-11 09:32:38.500,4000.6000,11312,0,259425840.000,0,-,-,-,-,4001.6000,4001.4000,4001.2000,4000.8000,4000.6000,4003.6000,4004.2000,4010.0000,4012.2000,4014.0000,1,1,1,1,3,2,5,6,1,1
SF,IF2009,2020-03-11 09:32:39.000,4000.6000,11312,0,259425840.000,0,-,-,-,-,4001.6000,4001.4000,4001.2000,4000.6000,4000.0000,4003.6000,4004.2000,4010.0000,4012.2000,4014.0000,3,1,1,2,1,2,5,1,1,1
SF,IF2009,2020-03-11 09:32:39.500,4000.6000,11312,0,259425840.000,0,-,-,-,-,4001.8000,4001.6000,4001.4000,4000.6000,4000.0000,4003.6000,4004.2000,4010.0000,4012.2000,4014.0000,1,3,1,2,1,2,5,1,1,1
SF,IF2009,2020-03-11 09:32:40.000,4000.6000,11312,0,259425840.000,0,-,-,-,-,4001.6000,4000.0000,3999.6000,3999.2000,3998.8000,4003.6000,4004.2000,4010.0000,4012.2000,4014.0000,1,1,1,1,2,2,5,1,1,1
SF,IF2009,2020-03-11 09:32:40.500,4000.6000,11312,0,259425840.000,0,-,-,-,-,4002.0000,4001.6000,4000.0000,3999.6000,3999.2000,4003.6000,4004.2000,4010.0000,4012.2000,4014.0000,1,1,1,1,1,2,5,1,1,1
SF,IF2009,2020-03-11 09:32:41.000,4000.6000,11312,0,259425840.000,0,-,-,-,-,4002.2000,4002.0000,4001.6000,4000.0000,3999.6000,4003.6000,4004.2000,4010.0000,4012.2000,4014.0000,1,1,1,1,1,2,5,1,1,1
SF,IF2009,2020-03-11 09:32:41.500,4000.6000,11312,0,259425840.000,0,-,-,-,-,4002.0000,4001.6000,4000.0000,3999.6000,3999.2000,4003.6000,4004.2000,4010.0000,4012.2000,4014.0000,1,1,1,1,1,2,5,1,1,1
SF,IF2009,2020-03-11 09:32:43.000,4000.6000,11312,0,259425840.000,0,-,-,-,-,4002.0000,4001.6000,4001.0000,4000.0000,3999.6000,4003.6000,4004.2000,4010.0000,4012.2000,4014.0000,1,1,1,1,1,2,5,1,1,1
SF,IF2009,2020-03-11 09:32:43.500,4003.6000,11313,1,261828000.000,2,1,1,空开,S,4003.6000,4002.0000,4001.0000,4000.0000,3999.6000,4004.2000,4010.0000,4012.2000,4014.0000,4015.0000,1,1,1,1,1,5,1,1,1,5
SF,IF2009,2020-03-11 09:32:44.000,4003.6000,11312,-1,263029080.000,1,0,1,双平,S,4002.0000,4001.0000,4000.0000,3999.8000,3999.6000,4004.2000,4010.0000,4012.2000,4014.0000,4015.0000,1,1,1,1,1,5,1,1,1,5
SF,IF2009,2020-03-11 09:32:45.500,4003.6000,11312,0,263029080.000,0,-,-,-,-,4002.0000,4001.0000,4000.0000,3999.8000,3999.6000,4004.2000,4010.0000,4012.2000,4014.0000,4015.0000,1,1,1,1,1,5,1,1,1,5
SF,IF2009,2020-03-11 09:32:46.000,4003.6000,11312,0,263029080.000,0,-,-,-,-,4002.2000,4002.0000,4001.0000,4000.2000,4000.0000,4004.2000,4010.0000,4012.2000,4014.0000,4015.0000,2,1,1,1,1,5,1,1,1,5
SF,IF2009,2020-03-11 09:32:46.500,4003.6000,11312,0,263029080.000,0,-,-,-,-,4002.2000,4002.0000,4000.2000,4000.0000,3999.8000,4004.2000,4010.0000,4012.2000,4014.0000,4015.0000,3,1,1,3,1,5,1,1,1,5
SF,IF2009,2020-03-11 09:32:47.000,4002.2000,11311,-1,264229740.000,1,0,1,双平,S,4002.2000,4002.0000,4000.2000,4000.0000,3999.8000,4004.2000,4010.0000,4012.2000,4014.0000,4015.0000,2,1,1,3,1,5,1,1,1,5
SF,IF2009,2020-03-11 09:32:47.500,4002.2000,11311,0,264229740.000,0,-,-,-,-,4002.4000,4002.2000,4002.0000,4000.2000,4000.0000,4004.2000,4010.0000,4012.2000,4014.0000,4015.0000,2,1,1,1,3,5,1,1,1,5
SF,IF2009,2020-03-11 09:32:48.000,4002.2000,11311,0,264229740.000,0,-,-,-,-,4002.4000,4002.0000,4000.2000,4000.0000,3999.8000,4004.0000,4004.2000,4010.0000,4012.2000,4014.0000,2,1,1,3,1,1,5,1,1,1
SF,IF2009,2020-03-11 09:32:48.500,4003.8000,11311,0,269033340.000,4,2,2,多换,S,4002.0000,4000.2000,4000.0000,3999.8000,3999.6000,4004.0000,4004.2000,4010.0000,4012.2000,4014.0000,1,1,3,1,1,1,5,1,1,1
SF,IF2009,2020-03-11 09:32:49.000,4003.8000,11311,0,269033340.000,0,-,-,-,-,4002.6000,4002.0000,4000.0000,3999.8000,3999.6000,4003.8000,4004.0000,4004.2000,4010.0000,4012.2000,1,1,3,1,1,1,1,5,1,1
SF,IF2009,2020-03-11 09:32:49.500,4003.6000,11311,0,271435200.000,2,1,1,多换,S,4002.0000,4000.0000,3999.8000,3999.6000,3999.2000,4003.8000,4004.2000,4010.0000,4012.2000,4014.0000,1,3,1,1,1,1,5,1,1,1
SF,IF2009,2020-03-11 09:32:50.000,4003.6000,11311,0,271435200.000,0,-,-,-,-,4002.0000,4000.0000,3999.8000,3999.6000,3999.2000,4003.4000,4003.6000,4003.8000,4004.2000,4010.0000,1,3,1,1,1,1,1,1,5,1
SF,IF2009,2020-03-11 09:32:50.500,4003.6000,11311,0,271435200.000,0,-,-,-,-,4002.0000,4000.0000,3999.8000,3999.6000,3999.2000,4003.6000,4003.8000,4004.2000,4010.0000,4012.2000,1,3,1,1,1,1,1,5,1,1
SF,IF2009,2020-03-11 09:32:51.000,4003.6000,11311,0,271435200.000,0,-,-,-,-,4002.0000,4000.0000,3999.8000,3999.6000,3999.2000,4003.6000,4004.2000,4010.0000,4012.2000,4014.0000,1,3,1,1,1,1,5,1,1,1
SF,IF2009,2020-03-11 09:32:51.500,4003.6000,11311,0,271435200.000,0,-,-,-,-,4002.0000,4000.0000,3999.8000,3999.6000,3999.2000,4003.6000,4004.2000,4009.8000,4010.0000,4012.2000,1,3,1,1,1,1,5,2,1,1
SF,IF2009,2020-03-11 09:32:52.500,4003.6000,11311,0,271435200.000,0,-,-,-,-,4000.0000,3999.8000,3999.6000,3999.2000,3998.8000,4003.6000,4004.2000,4009.8000,4010.0000,4012.2000,3,1,1,1,2,1,5,2,1,1
SF,IF2009,2020-03-11 09:32:53.000,4003.6000,11310,-1,272636280.000,1,0,1,双平,S,4000.2000,4000.0000,3999.8000,3999.6000,3999.2000,4004.2000,4009.8000,4010.0000,4012.2000,4014.0000,7,3,1,1,1,5,2,1,1,1
SF,IF2009,2020-03-11 09:32:53.500,4003.6000,11310,0,272636280.000,0,-,-,-,-,4001.0000,4000.4000,4000.2000,4000.0000,3999.8000,4004.2000,4009.8000,4010.0000,4012.2000,4014.0000,1,1,7,3,1,5,2,1,1,1
SF,IF2009,2020-03-11 09:32:54.000,4003.6000,11310,0,272636280.000,0,-,-,-,-,4001.6000,4001.2000,4001.0000,4000.8000,4000.4000,4004.2000,4009.8000,4010.0000,4012.2000,4014.0000,1,5,1,1,1,5,2,1,1,1
SF,IF2009,2020-03-11 09:32:54.500,4003.6000,11310,0,273837360.000,1,0,1,多换,S,4001.8000,4001.6000,4001.4000,4001.2000,4001.0000,4004.2000,4009.8000,4010.0000,4012.2000,4014.0000,3,1,1,4,1,5,2,1,1,1
SF,IF2009,2020-03-11 09:32:55.000,4003.6000,11310,0,273837360.000,0,-,-,-,-,4001.8000,4001.6000,4001.4000,4001.2000,4001.0000,4004.2000,4009.8000,4010.0000,4012.2000,4014.0000,2,1,1,4,1,5,2,1,1,1
SF,IF2009,2020-03-11 09:32:55.500,4003.6000,11310,0,273837360.000,0,-,-,-,-,4002.0000,4001.8000,4001.4000,4001.2000,4000.8000,4004.2000,4009.8000,4010.0000,4012.2000,4014.0000,2,1,1,2,1,5,2,1,1,1
SF,IF2009,2020-03-11 09:32:56.000,4003.6000,11310,0,273837360.000,0,-,-,-,-,4002.0000,4001.2000,4000.8000,4000.4000,4000.2000,4004.0000,4004.2000,4009.8000,4010.0000,4012.2000,2,1,1,1,3,2,5,2,1,1
SF,IF2009,2020-03-11 09:32:56.500,4003.8000,11308,-2,276239640.000,2,0,2,双平,S,4000.8000,4000.4000,4000.0000,3999.8000,3999.6000,4004.0000,4004.2000,4009.8000,4010.0000,4012.2000,1,1,3,1,1,2,5,2,1,1
SF,IF2009,2020-03-11 09:32:57.000,4003.8000,11308,0,276239640.000,0,-,-,-,-,4001.0000,4000.0000,3999.8000,3999.6000,3999.2000,4003.8000,4004.0000,4004.2000,4009.8000,4010.0000,1,3,1,1,1,1,2,5,2,1
SF,IF2009,2020-03-11 09:32:57.500,4003.8000,11308,0,276239640.000,0,-,-,-,-,4001.2000,4001.0000,4000.0000,3999.8000,3999.6000,4003.6000,4004.0000,4004.2000,4009.8000,4010.0000,1,1,3,1,1,1,2,5,2,1
SF,IF2009,2020-03-11 09:32:58.000,4003.8000,11308,0,276239640.000,0,-,-,-,-,4001.2000,4000.0000,3999.8000,3999.6000,3999.2000,4004.2000,4009.8000,4010.0000,4012.2000,4014.0000,1,3,1,1,1,5,2,1,1,1
SF,IF2009,2020-03-11 09:32:58.500,4003.8000,11308,0,276239640.000,0,-,-,-,-,4001.4000,4001.2000,4000.0000,3999.8000,3999.6000,4004.2000,4009.8000,4010.0000,4012.2000,4014.0000,1,1,3,1,1,5,2,1,1,1
SF,IF2009,2020-03-11 09:32:59.000,4003.8000,11308,0,276239640.000,0,-,-,-,-,4001.6000,4001.4000,4001.2000,4000.0000,3999.8000,4004.2000,4009.8000,4010.0000,4012.2000,4014.0000,2,1,1,3,1,5,2,1,1,1
SF,IF2009,2020-03-11 09:32:59.500,4004.2000,11307,-1,277440900.000,1,0,1,双平,S,4001.8000,4001.6000,4001.2000,4000.0000,3999.8000,4004.2000,4009.8000,4010.0000,4012.2000,4014.0000,3,3,1,3,1,4,2,1,1,1
SF,IF2009,2020-03-11 09:33:00.000,4002.0000,11307,0,278641500.000,1,0,1,多换,S,4002.0000,4001.8000,4001.6000,4001.2000,4000.0000,4004.2000,4010.0000,4012.2000,4014.0000,4015.0000,3,3,2,1,3,4,1,1,1,5
SF,IF2009,2020-03-11 09:33:00.500,4002.0000,11307,0,278641500.000,0,-,-,-,-,4002.2000,4002.0000,4001.8000,4001.6000,4001.2000,4004.2000,4010.0000,4012.2000,4014.0000,4015.0000,1,4,2,2,1,4,1,1,1,5
SF,IF2009,2020-03-11 09:33:01.000,4002.0000,11307,0,278641500.000,0,-,-,-,-,4002.2000,4002.0000,4001.8000,4001.6000,4001.2000,4004.2000,4010.0000,4012.2000,4014.0000,4015.0000,2,2,1,2,1,4,1,1,1,5
SF,IF2009,2020-03-11 09:33:01.500,4002.0000,11307,0,278641500.000,0,-,-,-,-,4002.4000,4002.2000,4002.0000,4001.8000,4001.6000,4004.2000,4010.0000,4012.2000,4014.0000,4015.0000,2,1,2,1,2,4,1,1,1,5
SF,IF2009,2020-03-11 09:33:02.000,4002.0000,11307,0,278641500.000,0,-,-,-,-,4002.6000,4002.4000,4002.2000,4002.0000,4001.8000,4004.2000,4010.0000,4012.2000,4014.0000,4015.0000,1,2,1,3,1,4,1,1,1,5
SF,IF2009,2020-03-11 09:33:02.500,4004.2000,11306,-1,279842760.000,1,0,1,双平,S,4002.6000,4002.2000,4002.0000,4001.8000,4001.6000,4004.2000,4010.0000,4012.2000,4014.0000,4015.0000,2,1,3,1,2,3,1,1,1,5
SF,IF2009,2020-03-11 09:33:03.000,4004.2000,11305,-1,283446540.000,3,1,2,多平,S,4002.8000,4002.6000,4002.2000,4002.0000,4001.6000,4010.0000,4012.2000,4014.0000,4015.0000,4019.0000,3,1,1,3,2,1,1,1,5,2
SF,IF2009,2020-03-11 09:33:03.500,4004.2000,11305,0,283446540.000,0,-,-,-,-,4003.0000,4002.8000,4002.6000,4002.2000,4002.0000,4007.2000,4007.8000,4008.4000,4008.6000,4009.0000,3,1,2,1,3,1,1,1,1,2
SF,IF2009,2020-03-11 09:33:04.000,4004.2000,11305,0,283446540.000,0,-,-,-,-,4003.0000,4002.8000,4002.6000,4002.2000,4002.0000,4007.2000,4007.8000,4008.4000,4008.6000,4009.0000,2,1,1,1,3,1,1,3,1,2
SF,IF2009,2020-03-11 09:33:04.500,4004.2000,11305,0,283446540.000,0,-,-,-,-,4003.0000,4002.8000,4002.6000,4002.0000,4000.4000,4007.0000,4007.2000,4007.8000,4008.4000,4008.6000,2,1,1,1,1,2,1,1,3,1
SF,IF2009,2020-03-11 09:33:05.000,4004.2000,11305,0,283446540.000,0,-,-,-,-,4004.2000,4003.0000,4002.8000,4002.6000,4002.0000,4007.0000,4008.4000,4008.6000,4009.0000,4009.2000,1,2,1,1,1,2,3,1,2,1
SF,IF2009,2020-03-11 09:33:05.500,4004.2000,11305,0,283446540.000,0,-,-,-,-,4004.4000,4004.2000,4003.0000,4002.8000,4002.6000,4006.4000,4006.6000,4007.0000,4008.4000,4009.0000,1,1,2,1,1,1,1,2,3,2
SF,IF2009,2020-03-11 09:33:06.000,4004.2000,11305,0,283446540.000,0,-,-,-,-,4004.4000,4004.2000,4003.0000,4002.8000,4002.0000,4006.2000,4006.4000,4006.6000,4008.4000,4009.0000,1,1,2,1,1,1,1,1,3,2
SF,IF2009,2020-03-11 09:33:07.000,4004.2000,11305,0,283446540.000,0,-,-,-,-,4004.4000,4004.2000,4003.0000,4002.8000,4002.0000,4006.4000,4006.6000,4008.4000,4009.0000,4009.2000,1,1,2,1,1,1,1,3,2,1
SF,IF2009,2020-03-11 09:33:07.500,4004.2000,11305,0,283446540.000,0,-,-,-,-,4004.4000,4004.2000,4003.0000,4002.0000,4000.4000,4006.6000,4008.4000,4009.0000,4009.2000,4009.6000,1,1,2,1,1,1,1,2,1,2
SF,IF2009,2020-03-11 09:33:08.000,4004.2000,11305,0,283446540.000,0,-,-,-,-,4004.4000,4004.2000,4003.0000,4002.0000,4000.4000,4006.4000,4006.6000,4008.4000,4009.0000,4009.2000,1,1,2,1,1,1,1,1,2,1
SF,IF2009,2020-03-11 09:33:09.000,4004.2000,11305,0,283446540.000,0,-,-,-,-,4004.4000,4004.2000,4003.6000,4003.0000,4002.0000,4006.4000,4006.6000,4008.4000,4009.0000,4009.2000,1,1,1,2,1,1,1,1,2,1
SF,IF2009,2020-03-11 09:33:09.500,4004.2000,11305,0,283446540.000,0,-,-,-,-,4004.4000,4004.2000,4003.6000,4003.0000,4002.0000,4006.4000,4009.0000,4009.2000,4009.8000,4010.0000,1,1,1,2,1,1,2,1,1,1
SF,IF2009,2020-03-11 09:33:11.000,4004.2000,11305,0,283446540.000,0,-,-,-,-,4004.4000,4004.2000,4003.0000,4002.0000,4000.4000,4006.4000,4009.0000,4009.2000,4009.8000,4010.0000,1,1,2,1,1,1,2,1,1,1
SF,IF2009,2020-03-11 09:33:11.500,4004.2000,11305,0,283446540.000,0,-,-,-,-,4004.6000,4004.4000,4004.2000,4003.0000,4002.0000,4009.0000,4009.2000,4009.8000,4010.0000,4012.2000,1,1,1,2,1,2,1,1,1,1
SF,IF2009,2020-03-11 09:33:12.000,4004.2000,11305,0,283446540.000,0,-,-,-,-,4004.4000,4004.2000,4003.0000,4002.0000,4000.4000,4007.4000,4007.8000,4008.8000,4009.0000,4009.2000,1,1,2,1,1,1,1,1,2,1
SF,IF2009,2020-03-11 09:33:12.500,4004.2000,11305,0,283446540.000,0,-,-,-,-,4004.6000,4004.4000,4004.2000,4003.0000,4002.0000,4007.4000,4007.8000,4008.8000,4009.0000,4009.2000,2,1,1,2,1,1,1,1,2,1
SF,IF2009,2020-03-11 09:33:13.000,4004.2000,11305,0,283446540.000,0,-,-,-,-,4004.6000,4004.2000,4003.0000,4002.0000,4000.4000,4007.4000,4007.8000,4009.0000,4009.2000,4009.8000,1,1,2,1,1,1,1,2,1,1
SF,IF2009,2020-03-11 09:33:13.500,4004.2000,11305,0,283446540.000,0,-,-,-,-,4006.4000,4004.8000,4004.6000,4004.2000,4003.0000,4007.4000,4007.8000,4009.0000,4009.2000,4009.8000,1,1,1,1,2,1,1,2,1,1
SF,IF2009,2020-03-11 09:33:14.000,4006.4000,11305,0,284648460.000,1,0,1,多换,S,4004.8000,4004.6000,4004.2000,4003.0000,4002.0000,4007.4000,4007.8000,4009.0000,4009.2000,4009.8000,2,1,1,2,1,1,1,2,1,1
SF,IF2009,2020-03-11 09:33:14.500,4006.4000,11305,0,284648460.000,0,-,-,-,-,4005.2000,4004.8000,4004.2000,4003.0000,4002.0000,4007.8000,4009.0000,4009.2000,4009.8000,4010.0000,1,1,1,2,1,1,2,1,1,1
SF,IF2009,2020-03-11 09:33:15.000,4006.4000,11305,0,284648460.000,0,-,-,-,-,4005.4000,4005.2000,4005.0000,4004.8000,4004.2000,4007.8000,4009.0000,4009.2000,4009.8000,4010.0000,2,2,1,1,1,1,1,1,1,1
SF,IF2009,2020-03-11 09:33:16.000,4006.4000,11305,0,284648460.000,0,-,-,-,-,4005.4000,4005.2000,4004.8000,4004.2000,4002.0000,4007.8000,4009.0000,4009.2000,4009.8000,4010.0000,2,1,1,1,1,1,1,1,1,1
SF,IF2009,2020-03-11 09:33:16.500,4006.4000,11305,0,284648460.000,0,-,-,-,-,4005.4000,4005.2000,4004.8000,4004.2000,4002.0000,4007.8000,4009.8000,4010.0000,4012.2000,4014.0000,2,1,1,1,1,1,1,1,1,1
SF,IF2009,2020-03-11 09:33:17.000,4006.4000,11305,0,284648460.000,0,-,-,-,-,4005.6000,4005.4000,4005.2000,4004.8000,4004.4000,4010.0000,4012.2000,4014.0000,4015.0000,4019.0000,1,2,1,1,1,1,1,1,5,2
SF,IF2009,2020-03-11 09:33:17.500,4006.4000,11305,0,284648460.000,0,-,-,-,-,4006.0000,4005.6000,4005.4000,4005.2000,4004.4000,4008.6000,4008.8000,4009.8000,4010.0000,4012.2000,1,1,1,1,1,1,1,1,1,1
SF,IF2009,2020-03-11 09:33:18.000,4006.4000,11305,0,284648460.000,0,-,-,-,-,4006.2000,4006.0000,4005.6000,4005.4000,4005.2000,4008.6000,4008.8000,4009.8000,4010.0000,4012.2000,1,1,1,1,1,1,1,1,1,1
SF,IF2009,2020-03-11 09:33:18.500,4006.4000,11305,0,284648460.000,0,-,-,-,-,4006.4000,4006.2000,4006.0000,4005.6000,4005.4000,4008.8000,4009.8000,4010.0000,4012.2000,4014.0000,1,2,1,1,1,1,1,1,1,1
SF,IF2009,2020-03-11 09:33:19.000,4006.4000,11305,0,284648460.000,0,-,-,-,-,4006.4000,4006.2000,4006.0000,4005.6000,4005.4000,4008.8000,4010.0000,4012.2000,4014.0000,4015.0000,1,1,1,1,1,1,1,1,1,5
SF,IF2009,2020-03-11 09:33:19.500,4006.4000,11305,0,284648460.000,0,-,-,-,-,4006.6000,4006.4000,4006.2000,4006.0000,4005.6000,4008.8000,4010.0000,4012.2000,4014.0000,4015.0000,1,1,1,1,1,1,1,1,1,5
SF,IF2009,2020-03-11 09:33:20.000,4006.4000,11305,0,284648460.000,0,-,-,-,-,4006.8000,4006.6000,4006.2000,4006.0000,4005.6000,4008.8000,4010.0000,4014.0000,4015.0000,4019.0000,1,1,1,1,1,1,1,1,5,2
SF,IF2009,2020-03-11 09:33:20.500,4006.4000,11305,0,284648460.000,0,-,-,-,-,4007.0000,4006.8000,4006.6000,4006.2000,4006.0000,4010.0000,4014.0000,4015.0000,4019.0000,4020.0000,5,1,1,1,1,1,1,5,2,2
SF,IF2009,2020-03-11 09:33:21.000,4006.4000,11305,0,284648460.000,0,-,-,-,-,4007.0000,4006.6000,4006.2000,4006.0000,4005.4000,4009.6000,4009.8000,4010.0000,4014.0000,4015.0000,1,1,1,1,1,1,2,1,1,5
SF,IF2009,2020-03-11 09:33:21.500,4006.4000,11305,0,284648460.000,0,-,-,-,-,4007.4000,4007.2000,4007.0000,4006.6000,4006.0000,4009.6000,4010.0000,4014.0000,4015.0000,4019.0000,1,1,1,1,1,1,1,1,5,2
SF,IF2009,2020-03-11 09:33:22.000,4006.4000,11305,0,284648460.000,0,-,-,-,-,4007.6000,4007.4000,4007.0000,4006.6000,4006.0000,4009.6000,4010.0000,4014.0000,4019.0000,4020.0000,1,1,1,1,1,1,1,1,2,7
SF,IF2009,2020-03-11 09:33:22.500,4006.4000,11305,0,284648460.000,0,-,-,-,-,4007.8000,4007.6000,4007.4000,4007.0000,4006.6000,4010.0000,4014.0000,4019.0000,4020.0000,4022.0000,1,1,1,1,1,1,1,2,7,1
SF,IF2009,2020-03-11 09:33:23.000,4006.4000,11305,0,284648460.000,0,-,-,-,-,4008.0000,4007.8000,4007.6000,4007.4000,4007.0000,4010.0000,4014.0000,4019.0000,4020.0000,4022.0000,1,1,1,1,1,1,1,2,7,1
SF,IF2009,2020-03-11 09:33:23.500,4006.4000,11305,0,284648460.000,0,-,-,-,-,4008.0000,4007.8000,4007.6000,4007.0000,4006.6000,4010.0000,4014.0000,4018.6000,4019.0000,4020.0000,1,1,1,1,1,1,1,1,2,7
SF,IF2009,2020-03-11 09:33:25.500,4006.4000,11305,0,284648460.000,0,-,-,-,-,4008.0000,4007.8000,4007.6000,4007.0000,4006.6000,4010.0000,4014.0000,4018.6000,4019.0000,4020.0000,1,1,1,1,1,1,1,1,2,7
SF,IF2009,2020-03-11 09:33:26.000,4006.4000,11305,0,284648460.000,0,-,-,-,-,4008.0000,4007.6000,4007.0000,4006.6000,4006.0000,4010.0000,4014.0000,4018.6000,4019.0000,4020.0000,1,1,1,1,1,1,1,1,2,7
SF,IF2009,2020-03-11 09:33:26.500,4006.4000,11305,0,284648460.000,0,-,-,-,-,4008.0000,4007.6000,4007.0000,4006.6000,4005.4000,4010.0000,4014.0000,4018.6000,4019.0000,4020.0000,1,1,1,1,1,1,1,1,2,7
SF,IF2009,2020-03-11 09:33:27.000,4006.4000,11305,0,284648460.000,0,-,-,-,-,4008.0000,4007.6000,4007.0000,4006.6000,4005.4000,4010.0000,4014.0000,4018.6000,4019.0000,4020.0000,1,1,1,1,1,1,1,1,2,7
SF,IF2009,2020-03-11 09:33:27.500,4010.0000,11304,-1,285851460.000,1,0,1,双平,S,4008.2000,4008.0000,4007.6000,4007.0000,4006.6000,4014.0000,4018.6000,4019.0000,4020.0000,4022.0000,3,1,1,1,1,1,1,2,7,1
SF,IF2009,2020-03-11 09:33:28.000,4010.0000,11304,0,285851460.000,0,-,-,-,-,4008.4000,4008.2000,4008.0000,4007.0000,4006.6000,4011.6000,4012.0000,4012.8000,4013.6000,4013.8000,2,3,1,1,1,1,1,5,1,2
SF,IF2009,2020-03-11 09:33:28.500,4010.0000,11304,0,285851460.000,0,-,-,-,-,4008.6000,4008.4000,4008.2000,4007.0000,4006.6000,4011.6000,4012.0000,4012.8000,4013.6000,4013.8000,2,2,2,1,1,1,1,3,1,2
SF,IF2009,2020-03-11 09:33:29.000,4010.0000,11304,0,285851460.000,0,-,-,-,-,4008.8000,4008.6000,4008.4000,4008.2000,4007.0000,4012.0000,4012.8000,4013.6000,4013.8000,4014.0000,3,3,2,1,1,1,2,1,2,1
SF,IF2009,2020-03-11 09:33:29.500,4010.0000,11304,0,285851460.000,0,-,-,-,-,4008.8000,4008.6000,4008.4000,4008.2000,4007.0000,4012.0000,4012.8000,4013.6000,4013.8000,4014.0000,4,2,2,1,1,1,2,1,2,1
SF,IF2009,2020-03-11 09:33:30.000,4010.0000,11304,0,285851460.000,0,-,-,-,-,4009.0000,4008.8000,4008.6000,4008.4000,4008.2000,4012.0000,4012.8000,4013.6000,4013.8000,4014.0000,1,2,2,2,1,1,2,1,2,1
SF,IF2009,2020-03-11 09:33:30.500,4010.0000,11304,0,285851460.000,0,-,-,-,-,4009.2000,4009.0000,4008.8000,4008.6000,4008.4000,4012.0000,4013.8000,4014.0000,4018.6000,4019.0000,1,4,2,1,2,1,1,1,1,2
SF,IF2009,2020-03-11 09:33:31.000,4010.0000,11304,0,285851460.000,0,-,-,-,-,4009.2000,4009.0000,4008.8000,4008.6000,4008.4000,4012.0000,4013.8000,4014.0000,4018.6000,4019.0000,1,3,2,1,2,1,1,1,1,2
SF,IF2009,2020-03-11 09:33:31.500,4010.0000,11304,0,285851460.000,0,-,-,-,-,4009.4000,4009.2000,4009.0000,4008.8000,4008.6000,4012.0000,4013.8000,4014.0000,4018.6000,4019.0000,2,1,1,2,1,1,1,1,1,2
SF,IF2009,2020-03-11 09:33:32.000,4010.0000,11304,0,285851460.000,0,-,-,-,-,4009.6000,4009.4000,4009.2000,4008.8000,4008.2000,4012.0000,4013.8000,4014.0000,4018.6000,4019.0000,1,3,1,2,1,1,1,1,1,2
SF,IF2009,2020-03-11 09:33:32.500,4010.0000,11304,0,285851460.000,0,-,-,-,-,4009.6000,4009.4000,4009.2000,4008.8000,4008.2000,4012.0000,4013.8000,4014.0000,4018.6000,4019.0000,1,2,1,2,1,1,1,1,1,2
SF,IF2009,2020-03-11 09:33:34.000,4010.0000,11304,0,285851460.000,0,-,-,-,-,4009.8000,4009.6000,4009.4000,4009.2000,4008.8000,4012.0000,4013.8000,4014.0000,4018.6000,4019.0000,1,1,2,1,2,1,1,1,1,2
SF,IF2009,2020-03-11 09:33:35.000,4010.0000,11304,0,285851460.000,0,-,-,-,-,4009.8000,4009.6000,4009.4000,4009.2000,4008.8000,4012.0000,4013.8000,4014.0000,4018.6000,4019.0000,1,1,2,1,3,1,1,1,1,2
SF,IF2009,2020-03-11 09:33:35.500,4010.0000,11304,0,285851460.000,0,-,-,-,-,4009.8000,4009.6000,4009.4000,4009.2000,4008.8000,4012.0000,4014.0000,4018.6000,4019.0000,4020.0000,1,1,1,1,3,1,1,1,2,7
SF,IF2009,2020-03-11 09:33:36.500,4010.0000,11304,0,285851460.000,0,-,-,-,-,4009.8000,4009.6000,4009.4000,4009.2000,4008.8000,4012.0000,4014.0000,4018.6000,4019.0000,4020.0000,1,1,1,1,2,1,1,1,2,7
SF,IF2009,2020-03-11 09:33:37.000,4010.0000,11304,0,285851460.000,0,-,-,-,-,4009.6000,4009.4000,4009.2000,4008.8000,4008.2000,4011.8000,4012.0000,4014.0000,4018.6000,4019.0000,1,1,1,2,1,1,2,1,1,2
SF,IF2009,2020-03-11 09:33:37.500,4010.0000,11304,0,285851460.000,0,-,-,-,-,4009.8000,4009.6000,4009.2000,4008.8000,4008.2000,4011.8000,4012.0000,4014.0000,4018.6000,4019.0000,1,1,1,1,1,1,1,1,1,2
SF,IF2009,2020-03-11 09:33:38.000,4011.6000,11303,-1,288257880.000,2,0,2,多平,S,4009.6000,4009.2000,4008.8000,4005.4000,4005.0000,4011.8000,4012.0000,4014.0000,4018.6000,4019.0000,1,1,1,1,5,2,1,1,1,2
SF,IF2009,2020-03-11 09:33:38.500,4011.6000,11303,0,288257880.000,0,-,-,-,-,4010.6000,4008.8000,4005.4000,4005.0000,4004.2000,4011.6000,4011.8000,4012.0000,4014.0000,4018.6000,1,1,1,5,1,1,2,1,1,1
SF,IF2009,2020-03-11 09:33:39.000,4010.6000,11303,0,289461060.000,1,0,1,多换,S,4008.8000,4005.4000,4005.0000,4004.2000,4002.0000,4010.6000,4011.6000,4012.0000,4014.0000,4018.6000,1,1,5,1,1,1,1,1,1,1
SF,IF2009,2020-03-11 09:33:39.500,4008.8000,11302,-1,290663700.000,1,0,1,双平,S,4005.4000,4005.0000,4004.2000,4002.0000,4000.4000,4008.8000,4010.6000,4011.4000,4011.6000,4012.0000,1,5,1,1,1,1,1,1,1,1
SF,IF2009,2020-03-11 09:33:40.000,4008.8000,11301,-1,291866340.000,1,0,1,双平,S,4008.8000,4005.6000,4005.4000,4005.0000,4004.2000,4010.6000,4011.4000,4011.6000,4012.0000,4014.0000,1,3,1,5,1,1,1,1,1,1
SF,IF2009,2020-03-11 09:33:40.500,4008.8000,11301,0,291866340.000,0,-,-,-,-,4009.0000,4008.8000,4005.6000,4005.4000,4005.0000,4010.6000,4011.4000,4014.0000,4018.6000,4019.0000,1,1,1,1,5,1,1,1,1,2
SF,IF2009,2020-03-11 09:33:41.000,4008.8000,11301,0,291866340.000,0,-,-,-,-,4010.6000,4007.6000,4006.8000,4005.4000,4005.0000,4011.4000,4014.0000,4018.6000,4019.0000,4020.0000,1,1,1,1,5,1,1,1,1,7
SF,IF2009,2020-03-11 09:33:41.500,4011.0000,11300,-1,294272820.000,2,0,2,多平,S,4007.6000,4006.8000,4005.4000,4005.0000,4004.2000,4011.2000,4011.4000,4014.0000,4018.6000,4019.0000,1,1,1,5,1,1,1,1,1,1
SF,IF2009,2020-03-11 09:33:42.000,4011.0000,11300,0,294272820.000,0,-,-,-,-,4008.0000,4007.8000,4007.6000,4005.4000,4005.0000,4011.4000,4014.0000,4018.6000,4019.0000,4020.0000,1,2,1,1,5,1,1,1,1,7
SF,IF2009,2020-03-11 09:33:42.500,4011.0000,11300,0,294272820.000,0,-,-,-,-,4008.2000,4008.0000,4007.8000,4007.6000,4005.4000,4011.2000,4014.0000,4018.6000,4019.0000,4020.0000,2,1,1,2,1,1,1,1,1,7
SF,IF2009,2020-03-11 09:33:43.000,4011.0000,11300,0,294272820.000,0,-,-,-,-,4008.4000,4008.2000,4007.6000,4005.4000,4005.0000,4014.0000,4018.6000,4019.0000,4020.0000,4022.0000,3,2,2,1,5,1,1,1,7,1
SF,IF2009,2020-03-11 09:33:43.500,4011.0000,11300,0,294272820.000,0,-,-,-,-,4008.6000,4008.4000,4008.2000,4007.6000,4005.4000,4011.2000,4011.8000,4012.4000,4012.8000,4013.6000,1,3,2,2,1,1,1,1,2,1
SF,IF2009,2020-03-11 09:33:44.000,4011.0000,11300,0,294272820.000,0,-,-,-,-,4008.8000,4008.6000,4008.4000,4008.2000,4007.6000,4011.2000,4011.8000,4012.4000,4012.8000,4013.6000,1,4,3,1,2,1,1,1,3,1
SF,IF2009,2020-03-11 09:33:44.500,4011.0000,11300,0,294272820.000,0,-,-,-,-,4009.0000,4008.8000,4008.6000,4008.4000,4008.2000,4011.2000,4012.4000,4012.8000,4013.6000,4013.8000,3,1,3,2,1,1,1,1,1,1
SF,IF2009,2020-03-11 09:33:45.000,4011.0000,11300,0,294272820.000,0,-,-,-,-,4009.0000,4008.8000,4008.6000,4008.4000,4008.2000,4011.2000,4012.4000,4012.8000,4013.6000,4013.8000,2,1,1,1,1,1,1,1,1,1
SF,IF2009,2020-03-11 09:33:45.500,4011.0000,11300,0,294272820.000,0,-,-,-,-,4009.0000,4008.8000,4008.6000,4008.2000,4007.6000,4011.2000,4012.4000,4012.8000,4013.6000,4013.8000,1,1,1,1,1,1,1,1,1,1
SF,IF2009,2020-03-11 09:33:46.000,4011.0000,11300,0,294272820.000,0,-,-,-,-,4009.2000,4009.0000,4008.8000,4008.6000,4008.2000,4011.2000,4012.4000,4013.6000,4013.8000,4014.0000,1,1,1,1,1,1,1,1,1,1
SF,IF2009,2020-03-11 09:33:46.500,4011.0000,11300,0,294272820.000,0,-,-,-,-,4009.2000,4008.6000,4008.2000,4007.6000,4006.8000,4011.2000,4011.6000,4012.4000,4013.6000,4014.0000,1,1,1,1,1,1,1,1,1,1
SF,IF2009,2020-03-11 09:33:47.000,4011.0000,11300,0,294272820.000,0,-,-,-,-,4008.6000,4008.2000,4006.8000,4005.4000,4005.0000,4011.2000,4011.6000,4012.4000,4013.6000,4014.0000,1,1,1,1,5,1,1,1,1,1
SF,IF2009,2020-03-11 09:33:47.500,4011.0000,11300,0,294272820.000,0,-,-,-,-,4009.4000,4008.8000,4008.6000,4008.2000,4006.8000,4011.2000,4011.6000,4012.4000,4013.6000,4014.0000,1,1,1,1,1,1,1,1,1,1
SF,IF2009,2020-03-11 09:33:48.000,4011.0000,11300,0,294272820.000,0,-,-,-,-,4009.4000,4008.8000,4008.6000,4008.2000,4006.8000,4011.2000,4011.6000,4012.4000,4013.6000,4014.0000,1,1,1,1,1,1,1,1,1,1
SF,IF2009,2020-03-11 09:33:48.500,4011.2000,11299,-1,295476180.000,1,0,1,双平,S,4009.6000,4009.4000,4008.8000,4008.6000,4008.2000,4011.6000,4012.4000,4014.0000,4018.6000,4019.0000,1,1,1,1,1,1,1,1,1,1
SF,IF2009,2020-03-11 09:33:49.000,4011.6000,11299,0,296679660.000,1,0,1,多换,S,4009.8000,4009.6000,4009.4000,4008.6000,4008.4000,4014.0000,4018.6000,4019.0000,4020.0000,4022.0000,1,2,1,1,1,1,1,1,7,1
SF,IF2009,2020-03-11 09:33:49.500,4011.6000,11299,0,296679660.000,0,-,-,-,-,4010.0000,4009.8000,4009.4000,4008.6000,4008.2000,4013.0000,4013.6000,4014.0000,4018.6000,4019.0000,3,1,1,1,1,1,1,1,1,1
SF,IF2009,2020-03-11 09:33:50.000,4011.6000,11299,0,296679660.000,0,-,-,-,-,4010.2000,4010.0000,4009.8000,4009.4000,4008.6000,4013.6000,4014.0000,4018.6000,4019.0000,4020.0000,5,3,1,1,1,1,1,1,1,7
SF,IF2009,2020-03-11 09:33:50.500,4011.6000,11299,0,296679660.000,0,-,-,-,-,4010.4000,4010.2000,4009.8000,4008.6000,4008.2000,4013.4000,4013.6000,4014.0000,4018.6000,4019.0000,2,5,1,1,1,1,1,1,1,1
SF,IF2009,2020-03-11 09:33:51.000,4011.6000,11299,0,296679660.000,0,-,-,-,-,4010.6000,4010.4000,4010.2000,4008.6000,4008.2000,4013.4000,4013.6000,4014.0000,4018.6000,4019.0000,1,1,4,1,1,1,1,1,1,1
SF,IF2009,2020-03-11 09:33:51.500,4011.6000,11299,0,296679660.000,0,-,-,-,-,4010.6000,4010.4000,4010.2000,4008.6000,4008.2000,4013.4000,4013.6000,4014.0000,4018.6000,4020.0000,1,1,1,1,1,1,1,1,1,7
SF,IF2009,2020-03-11 09:33:52.000,4011.6000,11299,0,296679660.000,0,-,-,-,-,4010.8000,4010.6000,4010.4000,4010.2000,4008.6000,4013.2000,4013.4000,4013.6000,4014.0000,4018.6000,1,1,1,1,1,1,1,1,1,1
SF,IF2009,2020-03-11 09:33:53.000,4011.6000,11299,0,296679660.000,0,-,-,-,-,4010.8000,4010.6000,4010.4000,4010.2000,4008.6000,4013.2000,4013.4000,4013.6000,4014.0000,4018.6000,1,1,1,1,1,1,1,1,1,1
SF,IF2009,2020-03-11 09:33:53.500,4011.6000,11299,0,296679660.000,0,-,-,-,-,4010.4000,4010.2000,4008.6000,4008.2000,4005.4000,4013.2000,4013.6000,4014.0000,4018.6000,4020.0000,1,1,1,1,1,1,1,1,1,7
SF,IF2009,2020-03-11 09:33:54.000,4011.6000,11299,0,296679660.000,0,-,-,-,-,4010.4000,4010.2000,4008.6000,4008.2000,4005.4000,4010.8000,4013.0000,4013.2000,4013.6000,4014.0000,1,1,1,1,1,1,1,1,1,1
SF,IF2009,2020-03-11 09:33:54.500,4010.8000,11298,-1,297882900.000,1,0,1,双平,S,4010.8000,4010.2000,4008.6000,4008.2000,4005.4000,4013.2000,4013.6000,4014.0000,4018.0000,4020.0000,1,1,1,1,1,1,1,1,2,7
SF,IF2009,2020-03-11 09:33:55.000,4010.8000,11298,0,297882900.000,0,-,-,-,-,4010.8000,4010.2000,4008.6000,4008.2000,4005.4000,4012.8000,4013.0000,4013.2000,4013.6000,4014.0000,1,1,1,1,1,1,1,1,1,1
SF,IF2009,2020-03-11 09:33:55.500,4010.8000,11298,0,299086140.000,1,0,1,多换,S,4010.8000,4010.2000,4008.6000,4008.2000,4005.4000,4012.8000,4013.2000,4014.0000,4018.0000,4020.0000,1,1,1,1,1,1,1,1,2,7
SF,IF2009,2020-03-11 09:33:56.000,4010.8000,11298,0,300289380.000,1,0,1,多换,S,4008.6000,4008.2000,4005.4000,4005.0000,4004.2000,4012.6000,4012.8000,4013.2000,4014.0000,4018.0000,1,1,1,5,1,1,1,1,1,2
SF,IF2009,2020-03-11 09:33:56.500,4010.8000,11298,0,300289380.000,0,-,-,-,-,4008.8000,4008.6000,4008.2000,4005.4000,4005.0000,4012.4000,4012.6000,4012.8000,4014.0000,4018.0000,2,1,1,1,5,1,1,1,1,2
SF,IF2009,2020-03-11 09:33:57.000,4008.8000,11298,0,301492020.000,1,0,1,多换,S,4009.0000,4008.8000,4008.6000,4008.2000,4005.4000,4012.4000,4014.0000,4018.0000,4020.0000,4022.0000,1,1,1,1,1,1,1,2,7,1
SF,IF2009,2020-03-11 09:33:57.500,4009.0000,11297,-1,302694720.000,1,0,1,双平,S,4008.6000,4008.2000,4005.4000,4005.0000,4004.2000,4012.2000,4012.4000,4012.6000,4014.0000,4018.0000,1,1,1,5,1,2,1,1,1,2
SF,IF2009,2020-03-11 09:33:58.000,4009.0000,11297,0,302694720.000,0,-,-,-,-,4008.6000,4008.2000,4005.4000,4005.0000,4004.2000,4012.0000,4012.2000,4012.4000,4012.6000,4014.0000,1,1,1,5,1,1,2,1,1,1
SF,IF2009,2020-03-11 09:33:58.500,4011.8000,11297,0,303898260.000,1,0,1,多换,S,4009.0000,4008.6000,4008.2000,4005.4000,4005.0000,4012.0000,4012.2000,4012.6000,4014.0000,4018.0000,1,1,1,1,5,1,1,1,1,2
SF,IF2009,2020-03-11 09:33:59.000,4011.8000,11297,0,303898260.000,0,-,-,-,-,4009.0000,4008.6000,4008.2000,4005.4000,4005.0000,4011.8000,4012.0000,4012.2000,4014.0000,4018.0000,1,1,1,1,5,1,2,1,1,2
SF,IF2009,2020-03-11 09:33:59.500,4011.8000,11297,0,303898260.000,0,-,-,-,-,4008.6000,4008.2000,4007.0000,4005.4000,4005.0000,4011.6000,4011.8000,4012.0000,4014.0000,4018.0000,1,1,1,1,5,1,1,1,1,2
SF,IF2009,2020-03-11 09:34:00.000,4011.8000,11297,0,303898260.000,0,-,-,-,-,4008.8000,4008.6000,4008.2000,4007.0000,4005.4000,4011.4000,4011.8000,4014.0000,4018.0000,4020.0000,1,1,1,1,1,2,1,1,2,7
SF,IF2009,2020-03-11 09:34:00.500,4008.8000,11296,-1,305100900.000,1,0,1,双平,S,4008.6000,4008.2000,4007.0000,4005.4000,4005.0000,4008.8000,4011.4000,4011.8000,4014.0000,4018.0000,1,1,1,1,5,5,2,2,1,2
SF,IF2009,2020-03-11 09:34:01.000,4008.8000,11291,-5,311114100.000,5,0,5,双平,S,4008.8000,4008.6000,4008.2000,4007.0000,4005.4000,4011.4000,4011.8000,4014.0000,4018.0000,4020.0000,1,1,1,1,1,2,2,1,2,7
SF,IF2009,2020-03-11 09:34:01.500,4008.8000,11291,0,311114100.000,0,-,-,-,-,4008.8000,4008.6000,4008.2000,4008.0000,4007.0000,4011.4000,4011.8000,4014.0000,4018.0000,4020.0000,1,1,1,1,1,2,1,1,2,7
SF,IF2009,2020-03-11 09:34:02.000,4008.8000,11291,0,311114100.000,0,-,-,-,-,4008.0000,4007.0000,4005.4000,4005.0000,4004.2000,4011.2000,4011.4000,4014.0000,4018.0000,4020.0000,1,1,1,5,1,1,3,1,2,7
SF,IF2009,2020-03-11 09:34:03.000,4008.8000,11291,0,311114100.000,0,-,-,-,-,4008.8000,4008.0000,4007.0000,4005.4000,4005.0000,4011.2000,4011.4000,4014.0000,4018.0000,4020.0000,1,1,1,1,5,2,3,1,2,7
SF,IF2009,2020-03-11 09:34:03.500,4008.8000,11291,0,312316740.000,1,0,1,多换,S,4008.0000,4007.0000,4005.4000,4005.0000,4004.2000,4008.8000,4011.0000,4011.2000,4014.0000,4018.0000,1,1,1,5,1,1,2,2,1,2
SF,IF2009,2020-03-11 09:34:04.000,4008.8000,11291,0,313519380.000,1,0,1,多换,S,4008.0000,4005.4000,4005.0000,4004.2000,4002.0000,4011.0000,4011.2000,4014.0000,4018.0000,4020.0000,1,1,5,1,1,2,3,1,2,7
SF,IF2009,2020-03-11 09:34:04.500,4008.8000,11291,0,313519380.000,0,-,-,-,-,4008.0000,4005.4000,4005.0000,4004.2000,4002.0000,4010.8000,4011.0000,4011.2000,4014.0000,4018.0000,1,1,5,1,1,2,2,1,1,2
SF,IF2009,2020-03-11 09:34:05.000,4008.8000,11291,0,313519380.000,0,-,-,-,-,4008.0000,4005.8000,4005.4000,4005.0000,4004.2000,4010.6000,4010.8000,4011.0000,4011.2000,4014.0000,1,1,1,5,1,1,4,3,1,1
SF,IF2009,2020-03-11 09:34:05.500,4008.0000,11290,-1,314721780.000,1,0,1,双平,S,4005.8000,4005.4000,4005.0000,4004.2000,4002.0000,4010.4000,4010.6000,4010.8000,4011.0000,4011.2000,1,1,5,1,1,2,1,3,1,1
SF,IF2009,2020-03-11 09:34:06.000,4006.0000,11289,-1,315923580.000,1,0,1,双平,S,4005.4000,4005.0000,4004.2000,4002.0000,4000.4000,4010.4000,4010.8000,4011.0000,4014.0000,4018.0000,1,5,1,1,1,3,1,1,1,2
SF,IF2009,2020-03-11 09:34:06.500,4006.0000,11289,0,315923580.000,0,-,-,-,-,4005.6000,4005.4000,4004.2000,4002.0000,4000.4000,4010.2000,4010.4000,4010.8000,4011.0000,4014.0000,1,1,1,1,1,2,3,1,1,1
SF,IF2009,2020-03-11 09:34:07.000,4005.4000,11288,-1,318326880.000,2,0,2,多平,S,4004.2000,4002.0000,4000.4000,4000.0000,3998.8000,4010.2000,4010.4000,4010.8000,4011.0000,4014.0000,1,1,1,12,1,2,3,1,1,1
SF,IF2009,2020-03-11 09:34:07.500,4005.4000,11287,-1,319528500.000,1,0,1,双平,S,4004.4000,4004.2000,4002.0000,4000.4000,4000.0000,4008.4000,4010.0000,4010.2000,4010.4000,4010.8000,2,1,1,1,12,1,2,2,2,1
SF,IF2009,2020-03-11 09:34:08.000,4005.4000,11287,0,319528500.000,0,-,-,-,-,4004.4000,4004.2000,4003.4000,4002.0000,4000.4000,4008.4000,4010.0000,4010.2000,4010.4000,4010.8000,2,1,1,1,1,1,3,1,2,1
SF,IF2009,2020-03-11 09:34:08.500,4005.4000,11287,0,319528500.000,0,-,-,-,-,4004.6000,4004.4000,4004.2000,4003.4000,4002.0000,4008.2000,4008.4000,4010.0000,4010.2000,4010.4000,1,1,1,1,1,1,1,3,1,2
SF,IF2009,2020-03-11 09:34:09.000,4005.4000,11287,0,319528500.000,0,-,-,-,-,4004.6000,4004.4000,4004.2000,4003.4000,4002.0000,4008.2000,4008.4000,4010.0000,4010.2000,4010.4000,1,1,1,1,1,1,1,3,1,1
SF,IF2009,2020-03-11 09:34:09.500,4005.4000,11287,0,319528500.000,0,-,-,-,-,4005.0000,4004.6000,4004.4000,4004.2000,4003.4000,4008.2000,4008.4000,4010.0000,4010.2000,4010.4000,1,1,1,1,1,1,1,3,1,1
SF,IF2009,2020-03-11 09:34:10.000,4005.4000,11287,0,319528500.000,0,-,-,-,-,4004.6000,4004.4000,4004.2000,4003.4000,4002.0000,4008.2000,4008.4000,4010.0000,4010.2000,4010.4000,1,1,1,1,1,2,1,3,1,1
SF,IF2009,2020-03-11 09:34:10.500,4004.6000,11286,-1,320729880.000,1,0,1,双平,S,4004.4000,4004.2000,4003.4000,4002.0000,4000.4000,4004.6000,4008.0000,4008.2000,4010.0000,4010.2000,1,1,1,1,1,1,1,2,2,1
SF,IF2009,2020-03-11 09:34:11.000,4004.6000,11284,-2,323132580.000,2,0,2,双平,S,4004.6000,4004.2000,4002.0000,4000.4000,4000.0000,4008.0000,4008.2000,4010.0000,4010.2000,4010.4000,2,1,1,1,11,1,2,1,1,1
SF,IF2009,2020-03-11 09:34:11.500,4004.6000,11284,0,323132580.000,0,-,-,-,-,4004.6000,4004.2000,4002.0000,4000.4000,4000.0000,4006.6000,4007.6000,4007.8000,4008.0000,4008.2000,1,1,1,1,11,1,1,1,1,1
SF,IF2009,2020-03-11 09:34:12.000,4004.2000,11283,-1,325535220.000,2,0,2,多平,S,4002.0000,4001.2000,4000.4000,4000.0000,3998.8000,4006.4000,4006.6000,4007.6000,4007.8000,4008.0000,1,1,1,11,1,1,1,1,1,1
SF,IF2009,2020-03-11 09:34:12.500,4004.2000,11283,0,325535220.000,0,-,-,-,-,4002.2000,4002.0000,4001.2000,4000.4000,4000.0000,4006.4000,4006.6000,4007.6000,4007.8000,4008.0000,1,1,1,1,11,1,1,1,1,1
SF,IF2009,2020-03-11 09:34:13.000,4002.2000,11282,-1,326735880.000,1,0,1,双平,S,4002.0000,4001.2000,4000.4000,4000.0000,3998.8000,4006.4000,4006.6000,4007.6000,4007.8000,4008.0000,1,1,1,11,1,1,1,1,1,1
SF,IF2009,2020-03-11 09:34:13.500,4006.4000,11281,-1,327937800.000,1,0,1,双平,S,4002.0000,4001.2000,4000.4000,4000.0000,3998.8000,4006.6000,4007.6000,4007.8000,4008.0000,4010.0000,1,1,1,11,1,1,1,1,1,1
SF,IF2009,2020-03-11 09:34:14.000,4006.4000,11281,0,327937800.000,0,-,-,-,-,4002.6000,4002.4000,4002.0000,4000.4000,4000.0000,4006.4000,4006.6000,4007.6000,4007.8000,4008.0000,1,1,1,1,11,2,1,1,1,1
SF,IF2009,2020-03-11 09:34:14.500,4006.4000,11281,0,327937800.000,0,-,-,-,-,4002.6000,4002.0000,4000.4000,4000.0000,3998.8000,4006.2000,4006.4000,4007.6000,4007.8000,4010.0000,1,1,1,11,1,1,2,1,1,1
SF,IF2009,2020-03-11 09:34:15.000,4006.4000,11281,0,327937800.000,0,-,-,-,-,4002.0000,4000.4000,4000.0000,3998.8000,3998.6000,4002.6000,4005.2000,4006.0000,4006.2000,4006.4000,1,1,11,1,1,1,1,2,1,2
SF,IF2009,2020-03-11 09:34:15.500,4002.0000,11280,-1,330339240.000,2,0,2,多平,S,4000.4000,4000.0000,3998.8000,3998.6000,3998.0000,4005.2000,4006.0000,4006.2000,4006.4000,4007.8000,1,7,1,1,1,1,3,1,2,1
SF,IF2009,2020-03-11 09:34:16.000,4002.0000,11280,0,330339240.000,0,-,-,-,-,4000.6000,4000.4000,4000.0000,3998.8000,3998.6000,4005.0000,4005.2000,4006.0000,4006.4000,4007.8000,1,1,7,1,1,1,1,3,2,1
SF,IF2009,2020-03-11 09:34:16.500,4002.0000,11280,0,330339240.000,0,-,-,-,-,4001.0000,4000.8000,4000.6000,4000.4000,4000.0000,4005.0000,4005.2000,4005.6000,4006.0000,4006.4000,1,1,1,1,7,1,3,1,1,1
SF,IF2009,2020-03-11 09:34:17.000,4000.8000,11278,-2,332739780.000,2,0,2,双平,S,4000.8000,4000.4000,4000.0000,3998.8000,3998.0000,4001.0000,4005.0000,4005.2000,4005.6000,4006.0000,1,1,7,1,1,1,1,1,1,1
SF,IF2009,2020-03-11 09:34:17.500,4001.0000,11277,-1,333940080.000,1,0,1,双平,S,4002.0000,4001.0000,4000.4000,4000.0000,3998.8000,4004.6000,4005.0000,4005.2000,4005.6000,4006.0000,1,1,1,7,1,2,1,2,1,1
SF,IF2009,2020-03-11 09:34:18.000,4001.0000,11277,0,333940080.000,0,-,-,-,-,4002.0000,4001.0000,4000.4000,4000.0000,3998.8000,4004.4000,4005.0000,4005.2000,4005.6000,4006.0000,1,1,1,6,1,1,2,1,1,1
SF,IF2009,2020-03-11 09:34:18.500,4002.0000,11277,0,335140680.000,1,0,1,多换,S,4001.0000,4000.4000,4000.0000,3998.8000,3998.0000,4004.0000,4004.4000,4005.0000,4005.2000,4006.0000,1,1,6,1,1,1,1,2,1,1
SF,IF2009,2020-03-11 09:34:19.000,4004.0000,11277,0,336341880.000,1,0,1,多换,S,4001.0000,4000.4000,4000.0000,3998.8000,3998.0000,4004.4000,4005.0000,4005.2000,4006.0000,4007.8000,1,1,6,1,1,1,1,1,1,1
SF,IF2009,2020-03-11 09:34:19.500,4004.0000,11277,0,336341880.000,0,-,-,-,-,4001.0000,4000.4000,4000.0000,3998.8000,3998.0000,4004.2000,4004.4000,4005.2000,4006.0000,4007.8000,1,1,6,1,1,2,1,1,1,1
SF,IF2009,2020-03-11 09:34:20.000,4004.0000,11277,0,336341880.000,0,-,-,-,-,4001.0000,4000.4000,4000.0000,3999.8000,3998.8000,4004.0000,4004.2000,4005.2000,4006.0000,4007.8000,1,1,6,1,1,1,1,1,1,1
SF,IF2009,2020-03-11 09:34:20.500,4001.0000,11276,-1,337542180.000,1,0,1,双平,S,4000.8000,4000.4000,4000.0000,3998.8000,3998.0000,4004.0000,4004.2000,4005.2000,4006.0000,4007.8000,1,1,6,1,1,1,2,1,1,1
SF,IF2009,2020-03-11 09:34:21.000,4001.0000,11276,0,337542180.000,0,-,-,-,-,4001.2000,4000.8000,4000.4000,4000.0000,3998.8000,4004.0000,4004.2000,4005.2000,4006.0000,4007.8000,1,1,1,6,1,1,1,1,1,1
SF,IF2009,2020-03-11 09:34:21.500,4001.0000,11276,0,337542180.000,0,-,-,-,-,4001.4000,4000.4000,4000.0000,3998.8000,3998.0000,4004.0000,4004.2000,4005.2000,4006.0000,4007.8000,1,1,6,1,1,1,1,1,1,1
SF,IF2009,2020-03-11 09:34:22.000,4001.4000,11275,-1,338742600.000,1,0,1,双平,S,4000.4000,4000.0000,3998.8000,3998.0000,3997.4000,4004.0000,4005.2000,4006.0000,4007.8000,4010.0000,1,6,1,1,2,1,1,1,1,6
SF,IF2009,2020-03-11 09:34:22.500,4001.4000,11275,0,338742600.000,0,-,-,-,-,4000.4000,4000.0000,3998.8000,3998.6000,3998.0000,4003.2000,4003.8000,4004.0000,4005.2000,4006.0000,1,6,1,1,1,1,1,1,1,1
SF,IF2009,2020-03-11 09:34:23.000,4001.4000,11275,0,338742600.000,0,-,-,-,-,4000.4000,4000.0000,3998.8000,3998.6000,3998.0000,4003.0000,4003.2000,4003.8000,4004.0000,4005.2000,1,6,1,1,1,1,1,1,3,1
SF,IF2009,2020-03-11 09:34:23.500,4001.4000,11275,0,338742600.000,0,-,-,-,-,4000.4000,4000.0000,3998.8000,3998.6000,3998.0000,4002.8000,4003.0000,4003.2000,4003.8000,4004.0000,1,7,1,1,1,1,1,1,1,3
SF,IF2009,2020-03-11 09:34:24.000,4001.4000,11275,0,338742600.000,0,-,-,-,-,4000.4000,4000.0000,3998.8000,3998.0000,3997.4000,4002.8000,4003.0000,4003.8000,4004.0000,4005.2000,1,7,1,1,2,1,1,1,3,1
SF,IF2009,2020-03-11 09:34:24.500,4001.4000,11275,0,338742600.000,0,-,-,-,-,4000.4000,4000.0000,3998.8000,3998.0000,3997.4000,4001.8000,4002.8000,4003.0000,4004.0000,4005.2000,1,7,1,1,2,1,1,1,3,1
SF,IF2009,2020-03-11 09:34:25.000,4001.8000,11275,0,339943140.000,1,0,1,多换,S,4000.4000,4000.0000,3998.8000,3998.0000,3997.4000,4002.8000,4004.0000,4005.2000,4006.0000,4010.0000,1,7,1,1,2,1,2,1,1,6
SF,IF2009,2020-03-11 09:34:25.500,4001.8000,11275,0,339943140.000,0,-,-,-,-,4000.6000,4000.4000,4000.0000,3998.8000,3998.0000,4002.6000,4002.8000,4003.0000,4004.0000,4005.2000,1,1,7,1,1,1,1,1,1,1
SF,IF2009,2020-03-11 09:34:26.000,4001.8000,11275,0,339943140.000,0,-,-,-,-,4000.6000,4000.4000,4000.0000,3998.8000,3998.0000,4002.6000,4003.0000,4004.0000,4005.2000,4006.0000,1,1,6,1,1,1,1,1,1,1
