市场代码,合约代码,时间,最新,持仓,增仓,成交额,成交量,开仓,平仓,成交类型,方向,买一价,买二价,买三价,买四价,买五价,卖一价,卖二价,卖三价,卖四价,卖五价,买一量,买二量,买三量,买四量,买五量,卖一量,卖二量,卖三量,卖四量,卖五量
SF,IF2012,2020-05-25 09:29:00.000,3673.0000,5026,0,2203800.000,2.000,-,-,-,-,3672.8000,3672.2000,3671.6000,3670.6000,3670.2000,3675.8000,3678.8000,3681.8000,3685.8000,3687.0000,1,1,1,3,1,1,1,1,1,1
SF,IF2012,2020-05-25 09:30:00.500,3675.8000,5026,0,3306540.000,1,0,1,多换,S,3678.0000,3677.8000,3677.4000,3676.4000,3676.2000,3678.8000,3681.8000,3685.8000,3687.0000,3690.0000,3,1,1,2,1,1,1,1,1,1
SF,IF2012,2020-05-25 09:30:01.000,3675.8000,5026,0,3306540.000,0,-,-,-,-,3678.0000,3677.8000,3677.4000,3676.4000,3676.2000,3678.8000,3681.8000,3687.0000,3690.0000,3694.4000,3,1,1,2,1,1,1,1,1,1
SF,IF2012,2020-05-25 09:30:01.500,3678.8000,5025,-1,4410180.000,1,0,1,双平,S,3677.8000,3676.4000,3676.2000,3676.0000,3675.8000,3681.8000,3687.0000,3690.0000,3694.4000,3700.0000,1,1,1,1,1,1,1,1,1,2
SF,IF2012,2020-05-25 09:30:02.000,3678.8000,5025,0,4410180.000,0,-,-,-,-,3678.0000,3677.8000,3676.4000,3676.2000,3676.0000,3681.6000,3681.8000,3687.0000,3690.0000,3694.4000,1,1,1,1,1,2,1,1,1,1
SF,IF2012,2020-05-25 09:30:02.500,3678.8000,5025,0,4410180.000,0,-,-,-,-,3678.0000,3677.8000,3676.4000,3676.2000,3676.0000,3681.4000,3681.6000,3681.8000,3687.0000,3690.0000,1,1,1,1,1,1,2,1,1,1
SF,IF2012,2020-05-25 09:30:03.000,3678.8000,5025,0,4410180.000,0,-,-,-,-,3677.8000,3676.2000,3676.0000,3675.8000,3673.6000,3681.2000,3681.4000,3681.6000,3681.8000,3687.0000,1,1,1,1,1,1,1,1,1,1
SF,IF2012,2020-05-25 09:30:03.500,3678.0000,5025,0,5513580.000,1,0,1,多换,S,3676.2000,3676.0000,3675.8000,3673.6000,3673.4000,3681.0000,3681.2000,3681.6000,3681.8000,3687.0000,1,1,1,1,1,1,1,1,1,1
SF,IF2012,2020-05-25 09:30:04.000,3678.0000,5025,0,5513580.000,0,-,-,-,-,3676.6000,3676.4000,3676.2000,3676.0000,3675.8000,3680.8000,3681.0000,3681.6000,3681.8000,3687.0000,4,5,1,1,1,1,1,1,1,1
SF,IF2012,2020-05-25 09:30:04.500,3678.0000,5025,0,5513580.000,0,-,-,-,-,3676.8000,3676.6000,3676.4000,3676.2000,3676.0000,3680.6000,3680.8000,3681.6000,3681.8000,3687.0000,4,4,1,1,1,1,1,1,1,1
SF,IF2012,2020-05-25 09:30:05.000,3678.0000,5025,0,5513580.000,0,-,-,-,-,3677.2000,3677.0000,3676.8000,3676.4000,3676.2000,3680.6000,3680.8000,3681.6000,3681.8000,3687.0000,1,4,4,1,1,1,1,1,1,1
SF,IF2012,2020-05-25 09:30:05.500,3678.0000,5025,0,5513580.000,0,-,-,-,-,3677.4000,3677.2000,3677.0000,3676.4000,3676.2000,3680.6000,3680.8000,3681.6000,3681.8000,3687.0000,4,1,4,1,1,1,1,1,1,1
SF,IF2012,2020-05-25 09:30:06.000,3678.0000,5025,0,5513580.000,0,-,-,-,-,3677.4000,3677.2000,3676.4000,3676.2000,3676.0000,3680.4000,3680.6000,3681.6000,3681.8000,3687.0000,3,1,1,1,1,2,1,1,1,1
SF,IF2012,2020-05-25 09:30:06.500,3678.0000,5025,0,5513580.000,0,-,-,-,-,3677.4000,3677.2000,3676.4000,3676.2000,3676.0000,3680.2000,3680.4000,3681.6000,3681.8000,3687.0000,1,1,1,1,1,1,2,1,1,1
SF,IF2012,2020-05-25 09:30:07.000,3678.0000,5025,0,5513580.000,0,-,-,-,-,3677.4000,3676.4000,3676.2000,3676.0000,3673.6000,3680.0000,3680.2000,3681.6000,3681.8000,3687.0000,1,1,1,1,1,1,1,1,1,1
SF,IF2012,2020-05-25 09:30:07.500,3678.0000,5025,0,5513580.000,0,-,-,-,-,3677.4000,3676.4000,3676.2000,3676.0000,3673.6000,3679.8000,3680.0000,3681.6000,3681.8000,3687.0000,1,1,1,1,1,1,1,1,1,1
SF,IF2012,2020-05-25 09:30:08.000,3678.0000,5025,0,5513580.000,0,-,-,-,-,3677.4000,3676.4000,3676.2000,3676.0000,3673.6000,3679.6000,3679.8000,3681.6000,3681.8000,3687.0000,1,1,1,1,1,1,1,1,1,1
SF,IF2012,2020-05-25 09:30:08.500,3678.0000,5025,0,5513580.000,0,-,-,-,-,3677.4000,3676.4000,3676.2000,3676.0000,3673.6000,3679.4000,3679.6000,3681.6000,3681.8000,3687.0000,1,1,1,1,1,1,1,1,1,1
SF,IF2012,2020-05-25 09:30:09.000,3677.4000,5024,-1,6616800.000,1,0,1,双平,S,3676.4000,3676.2000,3676.0000,3673.6000,3673.4000,3679.2000,3679.4000,3681.6000,3681.8000,3687.0000,1,1,1,1,1,1,1,1,1,1
SF,IF2012,2020-05-25 09:30:09.500,3677.4000,5024,0,6616800.000,0,-,-,-,-,3676.2000,3676.0000,3673.6000,3673.4000,3668.0000,3679.0000,3679.2000,3681.6000,3681.8000,3687.0000,1,1,1,1,1,2,1,1,1,1
SF,IF2012,2020-05-25 09:30:10.000,3676.0000,5023,-1,8822460.000,2,0,2,多平,S,3673.4000,3668.0000,3667.8000,3665.0000,3657.8000,3678.8000,3679.0000,3681.6000,3681.8000,3687.0000,1,1,1,1,1,4,2,1,1,1
SF,IF2012,2020-05-25 09:30:10.500,3676.0000,5023,0,8822460.000,0,-,-,-,-,3673.8000,3673.6000,3673.4000,3668.0000,3667.8000,3678.6000,3678.8000,3679.0000,3681.6000,3681.8000,5,2,1,1,1,1,4,1,1,1
SF,IF2012,2020-05-25 09:30:11.000,3676.0000,5023,0,8822460.000,0,-,-,-,-,3674.0000,3673.8000,3673.4000,3668.0000,3667.8000,3678.2000,3678.4000,3678.6000,3678.8000,3679.0000,3,5,1,1,1,1,1,1,1,1
SF,IF2012,2020-05-25 09:30:11.500,3676.0000,5023,0,8822460.000,0,-,-,-,-,3674.0000,3673.8000,3673.4000,3668.0000,3667.8000,3678.0000,3678.2000,3678.8000,3679.0000,3681.6000,1,5,1,1,1,3,1,1,1,1
SF,IF2012,2020-05-25 09:30:12.000,3676.0000,5023,0,8822460.000,0,-,-,-,-,3674.2000,3674.0000,3673.8000,3673.4000,3668.0000,3678.0000,3678.2000,3679.0000,3681.6000,3681.8000,1,1,5,1,1,3,1,1,1,1
SF,IF2012,2020-05-25 09:30:12.500,3676.0000,5023,0,8822460.000,0,-,-,-,-,3674.4000,3674.2000,3673.8000,3673.4000,3668.0000,3678.0000,3678.2000,3679.0000,3681.6000,3681.8000,3,1,5,1,1,3,1,1,1,1
SF,IF2012,2020-05-25 09:30:13.000,3676.0000,5023,0,8822460.000,0,-,-,-,-,3674.6000,3674.4000,3673.8000,3668.0000,3667.8000,3678.0000,3678.2000,3679.0000,3681.6000,3687.0000,2,3,5,1,1,3,1,1,1,1
SF,IF2012,2020-05-25 09:30:13.500,3676.0000,5023,0,8822460.000,0,-,-,-,-,3674.4000,3673.8000,3668.0000,3667.8000,3665.0000,3678.0000,3678.2000,3679.0000,3681.6000,3687.0000,2,5,1,1,1,3,1,1,1,1
SF,IF2012,2020-05-25 09:30:14.000,3676.0000,5023,0,8822460.000,0,-,-,-,-,3674.6000,3674.4000,3673.8000,3668.0000,3667.8000,3678.0000,3679.0000,3681.6000,3690.0000,3694.4000,1,2,5,1,1,2,1,1,1,1
SF,IF2012,2020-05-25 09:30:14.500,3676.0000,5023,0,8822460.000,0,-,-,-,-,3675.0000,3674.8000,3674.6000,3674.4000,3673.8000,3678.0000,3679.0000,3681.6000,3690.0000,3694.4000,1,1,1,2,5,2,1,1,1,1
SF,IF2012,2020-05-25 09:30:15.000,3676.0000,5023,0,8822460.000,0,-,-,-,-,3675.2000,3675.0000,3674.8000,3674.4000,3673.8000,3678.0000,3679.0000,3681.6000,3690.0000,3694.4000,1,1,1,2,5,2,1,1,1,1
SF,IF2012,2020-05-25 09:30:15.500,3676.0000,5023,0,8822460.000,0,-,-,-,-,3675.2000,3675.0000,3674.8000,3674.4000,3673.8000,3678.0000,3679.0000,3681.6000,3690.0000,3694.4000,1,1,1,2,5,2,1,1,1,1
SF,IF2012,2020-05-25 09:30:16.500,3676.0000,5023,0,8822460.000,0,-,-,-,-,3675.2000,3675.0000,3674.8000,3673.8000,3668.0000,3678.0000,3679.0000,3681.6000,3690.0000,3694.4000,1,1,1,5,1,2,1,1,1,1
SF,IF2012,2020-05-25 09:30:17.000,3676.0000,5023,0,8822460.000,0,-,-,-,-,3675.4000,3675.0000,3674.8000,3673.8000,3668.0000,3677.8000,3678.0000,3679.0000,3681.6000,3690.0000,1,1,1,5,1,1,2,1,1,1
SF,IF2012,2020-05-25 09:30:17.500,3676.0000,5023,0,8822460.000,0,-,-,-,-,3675.4000,3675.0000,3674.8000,3673.8000,3668.0000,3677.6000,3677.8000,3679.0000,3681.6000,3690.0000,1,1,1,5,1,3,1,1,1,1
SF,IF2012,2020-05-25 09:30:18.000,3676.0000,5023,0,8822460.000,0,-,-,-,-,3675.4000,3675.0000,3674.8000,3673.8000,3668.0000,3677.6000,3677.8000,3679.0000,3681.6000,3690.0000,1,2,1,5,1,3,1,1,1,1
SF,IF2012,2020-05-25 09:30:18.500,3676.0000,5023,0,8822460.000,0,-,-,-,-,3675.0000,3674.8000,3673.8000,3668.0000,3667.8000,3677.4000,3677.6000,3677.8000,3679.0000,3681.6000,2,1,5,1,1,1,2,1,1,1
SF,IF2012,2020-05-25 09:30:19.000,3676.0000,5023,0,8822460.000,0,-,-,-,-,3675.0000,3674.8000,3673.8000,3668.0000,3667.8000,3677.0000,3677.2000,3677.4000,3677.8000,3679.0000,2,1,5,1,1,1,2,1,1,1
SF,IF2012,2020-05-25 09:30:19.500,3676.0000,5023,0,8822460.000,0,-,-,-,-,3675.2000,3675.0000,3674.8000,3673.8000,3668.0000,3676.8000,3677.0000,3677.2000,3677.8000,3679.0000,1,2,1,5,1,2,1,1,1,1
SF,IF2012,2020-05-25 09:30:20.000,3675.2000,5023,0,11028060.000,2,1,1,多换,S,3675.0000,3674.8000,3673.8000,3668.0000,3667.8000,3676.8000,3677.2000,3677.6000,3677.8000,3679.0000,2,1,5,1,1,1,1,1,1,1
SF,IF2012,2020-05-25 09:30:20.500,3675.0000,5024,1,13233060.000,2,1,1,空开,S,3674.8000,3673.8000,3668.0000,3667.8000,3665.0000,3676.6000,3676.8000,3677.2000,3677.6000,3677.8000,1,5,1,1,1,1,1,1,1,1
SF,IF2012,2020-05-25 09:30:21.000,3675.0000,5024,0,13233060.000,0,-,-,-,-,3673.8000,3668.0000,3667.8000,3665.0000,3657.8000,3675.2000,3676.6000,3676.8000,3677.2000,3677.6000,5,1,1,1,1,1,1,1,1,1
SF,IF2012,2020-05-25 09:30:21.500,3675.2000,5023,-1,14335620.000,1,0,1,双平,S,3673.8000,3668.0000,3667.8000,3665.0000,3657.8000,3676.6000,3676.8000,3677.2000,3677.6000,3677.8000,1,1,1,1,1,1,1,1,1,1
SF,IF2012,2020-05-25 09:30:22.000,3675.2000,5023,0,14335620.000,0,-,-,-,-,3673.8000,3668.0000,3667.8000,3665.0000,3657.8000,3676.4000,3676.6000,3677.6000,3677.8000,3679.0000,1,1,1,1,1,1,1,1,1,1
SF,IF2012,2020-05-25 09:30:22.500,3675.2000,5023,0,14335620.000,0,-,-,-,-,3673.8000,3668.0000,3667.8000,3665.0000,3657.8000,3676.2000,3676.4000,3677.6000,3677.8000,3679.0000,1,1,1,1,1,1,1,1,1,1
SF,IF2012,2020-05-25 09:30:23.000,3675.2000,5023,0,14335620.000,0,-,-,-,-,3674.0000,3673.8000,3668.0000,3667.8000,3665.0000,3676.0000,3676.2000,3677.6000,3677.8000,3679.0000,1,1,1,1,1,1,1,1,1,1
SF,IF2012,2020-05-25 09:30:23.500,3675.2000,5023,0,14335620.000,0,-,-,-,-,3673.8000,3668.0000,3667.8000,3665.0000,3657.8000,3675.8000,3676.0000,3677.6000,3677.8000,3679.0000,1,1,1,1,1,1,1,1,1,1
SF,IF2012,2020-05-25 09:30:24.000,3675.2000,5023,0,14335620.000,0,-,-,-,-,3673.8000,3668.0000,3667.8000,3665.0000,3657.8000,3675.8000,3676.0000,3677.6000,3679.0000,3681.6000,1,1,1,1,1,1,1,1,1,1
SF,IF2012,2020-05-25 09:30:24.500,3675.2000,5023,0,14335620.000,0,-,-,-,-,3674.4000,3674.0000,3673.8000,3668.0000,3667.8000,3675.8000,3676.0000,3677.6000,3679.0000,3681.6000,1,4,1,1,1,1,1,1,1,1
SF,IF2012,2020-05-25 09:30:25.000,3675.8000,5022,-1,15438360.000,1,0,1,双平,S,3674.4000,3674.0000,3673.8000,3668.0000,3667.8000,3677.6000,3679.0000,3681.6000,3687.4000,3690.0000,1,4,1,1,1,1,1,1,1,1
SF,IF2012,2020-05-25 09:30:25.500,3675.8000,5022,0,15438360.000,0,-,-,-,-,3674.4000,3674.0000,3673.8000,3668.0000,3667.8000,3675.6000,3677.4000,3677.6000,3679.0000,3681.6000,1,4,1,1,1,1,3,1,1,1
SF,IF2012,2020-05-25 09:30:26.500,3675.8000,5022,0,15438360.000,0,-,-,-,-,3674.4000,3673.8000,3668.0000,3667.8000,3665.0000,3675.6000,3677.4000,3677.6000,3679.0000,3681.6000,1,1,1,1,1,1,3,1,1,1
SF,IF2012,2020-05-25 09:30:27.000,3675.8000,5022,0,15438360.000,0,-,-,-,-,3674.4000,3673.8000,3668.0000,3667.8000,3665.0000,3675.6000,3677.4000,3677.6000,3679.0000,3681.6000,1,1,2,1,1,1,2,1,1,1
SF,IF2012,2020-05-25 09:30:27.500,3675.8000,5022,0,15438360.000,0,-,-,-,-,3674.4000,3673.8000,3668.0000,3667.8000,3665.0000,3675.6000,3677.4000,3677.6000,3679.0000,3681.6000,1,1,2,1,1,1,2,1,1,1
SF,IF2012,2020-05-25 09:30:28.000,3675.6000,5021,-1,16541040.000,1,0,1,双平,S,3674.4000,3673.8000,3668.0000,3667.8000,3665.0000,3677.4000,3677.6000,3681.6000,3687.4000,3690.0000,1,1,2,1,1,2,1,1,1,1
SF,IF2012,2020-05-25 09:30:28.500,3675.6000,5021,0,16541040.000,0,-,-,-,-,3674.4000,3673.8000,3668.0000,3667.8000,3665.0000,3677.2000,3677.4000,3677.6000,3681.6000,3687.4000,1,1,2,1,1,1,2,1,1,1
SF,IF2012,2020-05-25 09:30:29.000,3675.6000,5021,0,16541040.000,0,-,-,-,-,3674.4000,3673.8000,3668.0000,3667.8000,3665.0000,3677.0000,3677.2000,3677.6000,3681.6000,3687.4000,1,1,2,1,1,3,1,1,1,1
SF,IF2012,2020-05-25 09:30:29.500,3675.6000,5021,0,16541040.000,0,-,-,-,-,3674.4000,3673.8000,3668.0000,3667.8000,3665.0000,3676.2000,3677.0000,3677.2000,3677.6000,3681.6000,1,1,2,1,1,1,3,1,1,1
SF,IF2012,2020-05-25 09:30:30.000,3675.6000,5021,0,16541040.000,0,-,-,-,-,3674.4000,3673.8000,3668.0000,3667.8000,3665.0000,3676.0000,3676.2000,3677.0000,3677.2000,3677.6000,1,1,2,1,1,1,1,1,1,1
SF,IF2012,2020-05-25 09:30:32.000,3674.4000,5021,0,17643360.000,1,0,1,多换,S,3673.8000,3668.0000,3667.8000,3665.0000,3657.8000,3676.0000,3676.2000,3677.0000,3677.2000,3677.6000,1,2,1,1,1,1,1,1,1,1
SF,IF2012,2020-05-25 09:30:32.500,3675.8000,5021,0,18746100.000,1,0,1,多换,S,3673.8000,3668.0000,3667.8000,3665.0000,3657.8000,3676.0000,3676.2000,3677.2000,3677.6000,3681.6000,1,2,1,1,1,1,1,1,1,1
SF,IF2012,2020-05-25 09:30:33.000,3675.8000,5021,0,18746100.000,0,-,-,-,-,3673.8000,3668.0000,3667.8000,3665.0000,3657.8000,3675.8000,3676.0000,3676.2000,3677.2000,3677.6000,1,2,1,1,1,1,1,1,1,1
SF,IF2012,2020-05-25 09:30:33.500,3673.8000,5020,-1,19848240.000,1,0,1,双平,S,3668.0000,3667.8000,3665.0000,3657.8000,3656.0000,3675.6000,3675.8000,3676.2000,3677.2000,3677.6000,2,1,1,1,1,1,1,1,1,1
SF,IF2012,2020-05-25 09:30:34.000,3673.8000,5020,0,19848240.000,0,-,-,-,-,3673.4000,3672.0000,3671.2000,3668.4000,3668.2000,3675.8000,3676.2000,3677.2000,3677.6000,3681.6000,1,1,1,8,4,1,1,1,1,1
SF,IF2012,2020-05-25 09:30:34.500,3673.8000,5020,0,19848240.000,0,-,-,-,-,3673.6000,3671.2000,3668.4000,3668.2000,3668.0000,3675.6000,3675.8000,3676.2000,3677.2000,3677.6000,1,1,8,3,2,1,1,1,1,1
SF,IF2012,2020-05-25 09:30:35.000,3673.8000,5020,0,19848240.000,0,-,-,-,-,3671.2000,3668.4000,3668.2000,3668.0000,3667.8000,3675.4000,3675.6000,3675.8000,3676.2000,3677.2000,1,8,3,2,1,1,1,1,1,1
SF,IF2012,2020-05-25 09:30:35.500,3673.8000,5020,0,19848240.000,0,-,-,-,-,3671.6000,3671.4000,3671.2000,3668.4000,3668.2000,3673.4000,3674.4000,3675.4000,3675.8000,3676.2000,4,2,1,4,1,1,1,1,1,1
SF,IF2012,2020-05-25 09:30:36.000,3673.8000,5020,0,19848240.000,0,-,-,-,-,3672.4000,3671.8000,3671.6000,3671.2000,3668.4000,3673.4000,3674.4000,3675.4000,3675.8000,3676.2000,1,3,4,1,4,1,1,1,1,1
SF,IF2012,2020-05-25 09:30:36.500,3673.8000,5020,0,19848240.000,0,-,-,-,-,3671.8000,3671.6000,3671.2000,3668.4000,3668.0000,3673.4000,3674.4000,3675.4000,3675.8000,3676.2000,3,4,1,4,2,1,1,1,1,1
SF,IF2012,2020-05-25 09:30:37.000,3673.8000,5020,0,19848240.000,0,-,-,-,-,3672.0000,3671.8000,3671.2000,3668.4000,3668.0000,3673.4000,3674.4000,3675.4000,3675.8000,3677.2000,4,2,1,4,2,1,1,1,1,1
SF,IF2012,2020-05-25 09:30:37.500,3673.8000,5020,0,19848240.000,0,-,-,-,-,3671.8000,3671.2000,3668.4000,3668.0000,3667.8000,3673.2000,3673.4000,3674.4000,3675.4000,3675.8000,1,1,4,2,1,1,1,1,1,1
SF,IF2012,2020-05-25 09:30:38.000,3673.8000,5020,0,19848240.000,0,-,-,-,-,3671.2000,3668.4000,3668.0000,3667.8000,3665.0000,3673.2000,3674.4000,3675.4000,3677.2000,3681.6000,1,4,2,1,1,1,1,1,1,1
SF,IF2012,2020-05-25 09:30:38.500,3673.8000,5020,0,19848240.000,0,-,-,-,-,3671.2000,3668.4000,3668.0000,3667.8000,3665.0000,3673.2000,3674.4000,3677.2000,3681.6000,3687.4000,1,4,2,1,1,1,1,1,1,1
SF,IF2012,2020-05-25 09:30:39.000,3673.8000,5020,0,19848240.000,0,-,-,-,-,3671.4000,3671.2000,3668.4000,3668.0000,3667.8000,3674.4000,3677.2000,3681.6000,3687.4000,3690.0000,5,1,4,2,1,1,1,1,1,1
SF,IF2012,2020-05-25 09:30:39.500,3673.8000,5020,0,19848240.000,0,-,-,-,-,3671.6000,3671.4000,3671.2000,3668.4000,3668.0000,3674.4000,3677.2000,3681.6000,3687.4000,3690.0000,3,5,1,4,2,1,1,1,1,1
SF,IF2012,2020-05-25 09:30:40.000,3673.8000,5020,0,19848240.000,0,-,-,-,-,3673.2000,3672.0000,3671.8000,3671.6000,3671.2000,3674.4000,3677.2000,3681.6000,3687.4000,3690.0000,1,5,1,3,1,1,1,1,1,1
SF,IF2012,2020-05-25 09:30:41.000,3674.4000,5019,-1,20950560.000,1,0,1,双平,S,3673.2000,3672.0000,3671.8000,3671.6000,3671.2000,3677.2000,3681.6000,3687.4000,3690.0000,3694.4000,1,5,1,3,1,1,1,1,1,1
SF,IF2012,2020-05-25 09:30:41.500,3674.4000,5019,0,20950560.000,0,-,-,-,-,3673.4000,3673.2000,3672.0000,3671.6000,3671.2000,3681.6000,3687.4000,3690.0000,3694.4000,3700.0000,6,1,1,2,1,1,1,1,1,2
SF,IF2012,2020-05-25 09:30:42.000,3674.4000,5019,0,20950560.000,0,-,-,-,-,3673.6000,3673.4000,3673.2000,3672.0000,3671.6000,3681.2000,3681.4000,3681.6000,3687.4000,3690.0000,2,6,1,1,1,4,3,2,1,1
SF,IF2012,2020-05-25 09:30:42.500,3674.4000,5019,0,20950560.000,0,-,-,-,-,3673.8000,3673.6000,3673.4000,3673.2000,3672.0000,3681.0000,3681.2000,3681.4000,3681.6000,3687.4000,2,2,4,1,1,1,4,1,2,1
SF,IF2012,2020-05-25 09:30:43.000,3674.4000,5019,0,20950560.000,0,-,-,-,-,3674.0000,3673.8000,3673.6000,3673.4000,3673.2000,3680.6000,3680.8000,3681.0000,3681.4000,3681.6000,1,2,1,4,1,4,2,1,1,2
SF,IF2012,2020-05-25 09:30:43.500,3674.4000,5019,0,20950560.000,0,-,-,-,-,3674.2000,3674.0000,3673.6000,3673.2000,3672.0000,3680.4000,3680.6000,3680.8000,3681.6000,3687.4000,1,1,1,1,1,2,4,1,2,1
SF,IF2012,2020-05-25 09:30:44.000,3674.4000,5019,0,20950560.000,0,-,-,-,-,3674.2000,3674.0000,3673.2000,3671.6000,3671.2000,3680.0000,3680.2000,3680.4000,3680.8000,3681.6000,1,1,1,1,1,4,1,3,1,2
SF,IF2012,2020-05-25 09:30:44.500,3674.4000,5019,0,20950560.000,0,-,-,-,-,3674.2000,3674.0000,3673.2000,3671.6000,3671.2000,3679.8000,3680.0000,3680.2000,3680.4000,3680.8000,1,1,1,1,1,3,4,1,1,1
SF,IF2012,2020-05-25 09:30:45.000,3674.2000,5019,0,22052820.000,1,0,1,多换,S,3674.0000,3673.2000,3671.6000,3671.2000,3668.4000,3678.8000,3679.2000,3679.4000,3679.6000,3679.8000,1,1,1,1,4,1,1,4,1,3
SF,IF2012,2020-05-25 09:30:45.500,3674.2000,5019,0,22052820.000,0,-,-,-,-,3673.2000,3671.6000,3671.2000,3668.4000,3668.0000,3674.0000,3678.4000,3678.6000,3678.8000,3679.2000,1,1,1,4,1,1,4,4,1,1
SF,IF2012,2020-05-25 09:30:46.000,3674.0000,5019,0,23155020.000,1,0,1,多换,S,3673.4000,3673.2000,3671.6000,3671.2000,3668.4000,3678.4000,3678.6000,3678.8000,3679.8000,3680.2000,1,1,1,1,4,4,4,1,1,1
SF,IF2012,2020-05-25 09:30:46.500,3674.0000,5019,0,23155020.000,0,-,-,-,-,3673.2000,3671.6000,3671.2000,3668.4000,3668.0000,3677.8000,3678.2000,3678.4000,3678.6000,3678.8000,1,1,1,4,1,1,3,4,1,1
SF,IF2012,2020-05-25 09:30:47.000,3673.4000,5018,-1,24257040.000,1,0,1,双平,S,3673.2000,3671.6000,3671.2000,3668.4000,3668.0000,3676.8000,3677.4000,3677.6000,3677.8000,3678.6000,1,1,1,4,1,1,4,2,1,1
SF,IF2012,2020-05-25 09:30:47.500,3673.4000,5018,0,24257040.000,0,-,-,-,-,3673.2000,3671.6000,3671.2000,3668.4000,3668.0000,3676.6000,3676.8000,3677.4000,3677.8000,3678.6000,1,1,1,4,1,3,1,4,1,1
SF,IF2012,2020-05-25 09:30:48.000,3673.2000,5018,0,25359000.000,1,0,1,多换,S,3671.6000,3671.2000,3668.4000,3668.0000,3667.8000,3676.6000,3676.8000,3677.4000,3677.8000,3678.6000,1,1,4,1,1,3,1,4,1,1
SF,IF2012,2020-05-25 09:30:48.500,3673.2000,5018,0,25359000.000,0,-,-,-,-,3671.8000,3671.2000,3668.4000,3668.0000,3667.8000,3676.6000,3676.8000,3677.4000,3678.6000,3678.8000,1,1,4,1,1,3,1,4,1,1
SF,IF2012,2020-05-25 09:30:49.000,3673.2000,5018,0,25359000.000,0,-,-,-,-,3671.8000,3671.2000,3668.4000,3668.0000,3667.8000,3676.0000,3676.6000,3676.8000,3677.4000,3678.8000,1,1,4,1,1,2,3,1,4,1
SF,IF2012,2020-05-25 09:30:49.500,3673.2000,5018,0,25359000.000,0,-,-,-,-,3672.0000,3671.8000,3671.2000,3668.4000,3668.0000,3675.8000,3676.0000,3677.4000,3678.8000,3680.4000,1,1,1,4,1,4,2,4,1,1
SF,IF2012,2020-05-25 09:30:50.000,3673.2000,5018,0,25359000.000,0,-,-,-,-,3672.0000,3671.2000,3668.4000,3668.0000,3667.8000,3675.4000,3675.8000,3676.0000,3677.4000,3678.8000,1,1,4,1,1,1,4,2,4,1
SF,IF2012,2020-05-25 09:30:50.500,3673.2000,5018,0,25359000.000,0,-,-,-,-,3671.2000,3668.0000,3667.8000,3665.0000,3657.8000,3675.2000,3675.4000,3675.8000,3676.0000,3677.4000,1,1,1,1,1,4,1,1,2,4
SF,IF2012,2020-05-25 09:30:51.500,3673.2000,5018,0,25359000.000,0,-,-,-,-,3671.2000,3668.0000,3667.8000,3665.0000,3657.8000,3675.2000,3675.4000,3675.8000,3677.4000,3678.8000,1,1,1,1,1,3,1,1,4,1
SF,IF2012,2020-05-25 09:30:52.000,3671.4000,5017,-1,26460420.000,1,0,1,双平,S,3671.2000,3668.0000,3667.8000,3665.0000,3657.8000,3675.2000,3675.4000,3677.4000,3678.8000,3680.4000,1,1,1,1,1,3,1,4,1,1
SF,IF2012,2020-05-25 09:30:52.500,3671.4000,5017,0,26460420.000,0,-,-,-,-,3671.4000,3671.2000,3668.0000,3667.8000,3665.0000,3675.2000,3675.4000,3677.4000,3678.8000,3680.4000,3,1,1,1,1,3,1,4,1,1
SF,IF2012,2020-05-25 09:30:53.500,3671.4000,5017,0,27561840.000,1,0,1,多换,S,3671.4000,3671.2000,3668.0000,3667.8000,3665.0000,3675.2000,3675.4000,3677.4000,3678.8000,3680.4000,2,1,1,1,1,3,1,4,1,1
SF,IF2012,2020-05-25 09:30:54.000,3671.4000,5017,0,27561840.000,0,-,-,-,-,3671.4000,3671.2000,3668.0000,3667.8000,3665.0000,3674.8000,3675.0000,3675.2000,3677.4000,3678.8000,1,1,1,1,1,1,2,3,4,1
SF,IF2012,2020-05-25 09:30:54.500,3671.4000,5017,0,27561840.000,0,-,-,-,-,3671.2000,3668.0000,3667.8000,3665.0000,3659.0000,3674.6000,3674.8000,3675.0000,3677.4000,3678.8000,1,1,1,1,1,4,1,2,4,1
SF,IF2012,2020-05-25 09:30:55.500,3671.4000,5017,0,27561840.000,0,-,-,-,-,3671.2000,3668.0000,3667.8000,3665.0000,3659.0000,3674.6000,3674.8000,3675.0000,3677.4000,3678.8000,1,1,1,1,1,3,1,1,4,1
SF,IF2012,2020-05-25 09:30:56.500,3671.4000,5017,0,27561840.000,0,-,-,-,-,3671.2000,3668.0000,3667.8000,3665.0000,3659.0000,3674.6000,3675.0000,3677.4000,3678.8000,3680.4000,1,1,1,1,1,3,1,4,1,1
SF,IF2012,2020-05-25 09:30:57.000,3671.4000,5017,0,27561840.000,0,-,-,-,-,3671.4000,3671.2000,3668.0000,3667.8000,3665.0000,3673.8000,3674.2000,3674.4000,3674.6000,3675.0000,1,1,1,1,1,2,1,2,3,1
SF,IF2012,2020-05-25 09:30:57.500,3671.4000,5016,-1,28663260.000,1,0,1,双平,S,3668.0000,3667.8000,3665.0000,3659.0000,3657.8000,3673.6000,3673.8000,3674.2000,3674.4000,3675.0000,1,1,1,1,1,3,2,1,2,1
SF,IF2012,2020-05-25 09:30:58.000,3671.4000,5016,0,28663260.000,0,-,-,-,-,3668.4000,3668.2000,3668.0000,3667.8000,3665.0000,3673.6000,3673.8000,3674.2000,3675.0000,3677.4000,4,3,1,1,1,3,2,1,1,4
SF,IF2012,2020-05-25 09:30:58.500,3671.4000,5016,0,28663260.000,0,-,-,-,-,3668.6000,3668.4000,3668.0000,3667.8000,3666.0000,3673.6000,3673.8000,3674.2000,3675.0000,3677.4000,3,4,1,1,1,3,2,1,1,4
SF,IF2012,2020-05-25 09:30:59.000,3671.4000,5016,0,28663260.000,0,-,-,-,-,3669.0000,3668.6000,3668.0000,3667.8000,3666.0000,3673.6000,3673.8000,3674.2000,3675.0000,3677.4000,4,3,1,1,1,3,2,1,1,4
SF,IF2012,2020-05-25 09:30:59.500,3671.4000,5016,0,28663260.000,0,-,-,-,-,3670.0000,3669.2000,3669.0000,3668.0000,3667.8000,3673.6000,3673.8000,3674.2000,3675.0000,3677.4000,1,3,4,1,1,3,2,1,1,4
SF,IF2012,2020-05-25 09:31:00.000,3671.4000,5016,0,28663260.000,0,-,-,-,-,3670.0000,3669.2000,3669.0000,3668.0000,3667.8000,3673.6000,3673.8000,3674.2000,3675.0000,3677.4000,1,2,4,1,1,3,2,1,1,4
SF,IF2012,2020-05-25 09:31:00.500,3671.4000,5016,0,28663260.000,0,-,-,-,-,3670.2000,3670.0000,3669.2000,3668.0000,3667.8000,3673.4000,3673.6000,3673.8000,3674.2000,3675.0000,5,1,2,1,1,2,3,2,1,1
SF,IF2012,2020-05-25 09:31:01.000,3671.4000,5016,0,28663260.000,0,-,-,-,-,3670.6000,3670.0000,3669.2000,3668.0000,3667.8000,3673.2000,3673.4000,3673.8000,3674.2000,3675.0000,1,1,2,1,1,3,2,2,1,1
SF,IF2012,2020-05-25 09:31:02.000,3671.4000,5016,0,28663260.000,0,-,-,-,-,3669.2000,3668.0000,3667.8000,3666.0000,3665.0000,3673.0000,3673.2000,3673.4000,3673.8000,3674.2000,2,1,1,1,1,2,3,2,2,1
SF,IF2012,2020-05-25 09:31:02.500,3671.4000,5016,0,28663260.000,0,-,-,-,-,3669.4000,3668.0000,3667.8000,3666.0000,3665.0000,3672.8000,3673.0000,3673.4000,3673.8000,3674.2000,4,1,1,1,1,3,2,2,2,1
SF,IF2012,2020-05-25 09:31:03.000,3671.4000,5016,0,28663260.000,0,-,-,-,-,3669.6000,3669.4000,3669.0000,3668.0000,3667.8000,3672.6000,3672.8000,3673.0000,3673.4000,3673.8000,1,4,1,1,1,2,4,2,2,2
SF,IF2012,2020-05-25 09:31:03.500,3671.4000,5016,0,28663260.000,0,-,-,-,-,3669.8000,3669.6000,3669.0000,3668.0000,3667.8000,3672.4000,3672.6000,3672.8000,3673.8000,3674.2000,5,1,1,1,1,2,2,1,2,1
SF,IF2012,2020-05-25 09:31:04.000,3671.4000,5016,0,28663260.000,0,-,-,-,-,3669.8000,3669.6000,3669.0000,3668.0000,3667.8000,3672.4000,3672.6000,3673.8000,3674.2000,3675.0000,5,1,1,1,1,2,3,2,1,1
SF,IF2012,2020-05-25 09:31:04.500,3671.4000,5016,0,28663260.000,0,-,-,-,-,3669.8000,3669.6000,3669.0000,3668.0000,3667.8000,3672.4000,3672.6000,3673.8000,3674.2000,3675.0000,5,1,1,1,1,2,3,2,1,1
SF,IF2012,2020-05-25 09:31:05.000,3671.4000,5016,0,28663260.000,0,-,-,-,-,3670.0000,3669.8000,3669.0000,3668.0000,3667.8000,3672.2000,3672.4000,3672.6000,3673.8000,3674.2000,1,5,1,1,1,2,2,3,2,1
SF,IF2012,2020-05-25 09:31:05.500,3671.4000,5016,0,28663260.000,0,-,-,-,-,3669.8000,3669.0000,3668.0000,3667.8000,3666.0000,3672.0000,3672.2000,3672.6000,3673.8000,3674.2000,1,1,1,1,1,2,2,3,2,1
SF,IF2012,2020-05-25 09:31:06.000,3671.4000,5016,0,28663260.000,0,-,-,-,-,3669.0000,3668.0000,3667.8000,3666.0000,3665.0000,3672.0000,3672.2000,3672.6000,3673.8000,3674.2000,1,1,1,1,1,2,2,3,2,1
SF,IF2012,2020-05-25 09:31:06.500,3671.4000,5016,0,28663260.000,0,-,-,-,-,3669.4000,3669.0000,3668.0000,3667.8000,3666.0000,3672.0000,3672.2000,3672.6000,3673.8000,3674.2000,4,1,1,1,1,3,1,2,2,1
SF,IF2012,2020-05-25 09:31:07.000,3671.4000,5016,0,28663260.000,0,-,-,-,-,3670.2000,3669.4000,3669.0000,3668.0000,3667.8000,3671.8000,3672.0000,3672.2000,3672.6000,3673.8000,1,4,1,1,1,2,3,1,2,2
SF,IF2012,2020-05-25 09:31:07.500,3671.4000,5016,0,28663260.000,0,-,-,-,-,3670.2000,3669.4000,3669.0000,3668.0000,3667.8000,3671.6000,3671.8000,3672.0000,3672.2000,3672.6000,1,4,1,1,1,1,2,2,1,2
SF,IF2012,2020-05-25 09:31:08.000,3671.4000,5016,0,28663260.000,0,-,-,-,-,3670.2000,3669.4000,3669.0000,3668.0000,3667.8000,3671.4000,3671.6000,3671.8000,3672.0000,3672.2000,1,4,1,1,1,1,1,2,2,1
SF,IF2012,2020-05-25 09:31:08.500,3671.4000,5016,0,28663260.000,0,-,-,-,-,3670.2000,3669.4000,3669.0000,3668.0000,3667.8000,3671.2000,3671.4000,3671.8000,3672.0000,3672.2000,1,4,1,1,1,1,1,2,2,1
SF,IF2012,2020-05-25 09:31:09.000,3671.2000,5015,-1,29764620.000,1,0,1,双平,S,3670.2000,3669.4000,3669.0000,3668.0000,3667.8000,3671.4000,3671.8000,3672.0000,3672.2000,3672.6000,1,4,1,1,1,1,3,2,1,2
SF,IF2012,2020-05-25 09:31:09.500,3671.2000,5015,0,29764620.000,0,-,-,-,-,3670.2000,3669.0000,3668.0000,3667.8000,3666.0000,3671.2000,3671.4000,3671.8000,3672.0000,3672.2000,1,1,1,1,1,1,1,3,2,1
SF,IF2012,2020-05-25 09:31:10.000,3671.0000,5013,-2,31966980.000,2,0,2,双平,S,3669.0000,3668.0000,3667.8000,3666.0000,3665.0000,3671.2000,3671.4000,3671.8000,3672.0000,3672.2000,1,1,1,1,1,1,1,3,2,1
SF,IF2012,2020-05-25 09:31:10.500,3671.0000,5013,0,31966980.000,0,-,-,-,-,3669.0000,3668.0000,3667.8000,3666.0000,3665.0000,3671.0000,3671.2000,3671.4000,3671.8000,3672.0000,1,1,1,1,1,1,1,1,3,1
SF,IF2012,2020-05-25 09:31:11.000,3671.0000,5013,0,31966980.000,0,-,-,-,-,3669.0000,3668.0000,3667.8000,3666.0000,3665.0000,3670.8000,3671.0000,3671.4000,3671.8000,3672.2000,1,1,1,1,1,2,2,1,3,1
SF,IF2012,2020-05-25 09:31:11.500,3671.0000,5013,0,31966980.000,0,-,-,-,-,3669.0000,3668.0000,3667.8000,3666.0000,3665.0000,3670.2000,3670.8000,3671.0000,3671.4000,3671.8000,1,1,1,1,1,1,2,2,1,3
SF,IF2012,2020-05-25 09:31:12.000,3669.0000,5013,0,33067680.000,1,0,1,多换,S,3668.0000,3667.8000,3666.0000,3665.0000,3660.0000,3670.0000,3670.2000,3670.8000,3671.0000,3671.4000,1,1,1,1,1,1,1,1,2,1
SF,IF2012,2020-05-25 09:31:12.500,3669.0000,5013,0,33067680.000,0,-,-,-,-,3668.0000,3667.8000,3666.0000,3665.0000,3660.0000,3670.0000,3670.2000,3670.8000,3671.0000,3671.8000,1,1,1,1,1,2,1,1,1,1
SF,IF2012,2020-05-25 09:31:13.000,3669.0000,5013,0,33067680.000,0,-,-,-,-,3668.0000,3667.8000,3666.0000,3665.0000,3660.0000,3670.0000,3670.2000,3670.8000,3671.0000,3671.8000,1,1,1,1,1,2,1,1,1,1
SF,IF2012,2020-05-25 09:31:13.500,3669.0000,5013,0,33067680.000,0,-,-,-,-,3668.0000,3667.8000,3666.0000,3665.0000,3660.0000,3670.0000,3670.2000,3671.0000,3671.8000,3672.2000,1,1,1,1,1,2,1,1,1,1
SF,IF2012,2020-05-25 09:31:16.000,3669.0000,5013,0,33067680.000,0,-,-,-,-,3668.0000,3667.8000,3666.0000,3665.0000,3660.0000,3670.0000,3670.2000,3671.0000,3671.8000,3672.2000,1,1,1,1,1,2,1,1,1,1
SF,IF2012,2020-05-25 09:31:19.500,3669.0000,5013,0,33067680.000,0,-,-,-,-,3668.0000,3667.8000,3666.0000,3665.0000,3660.0000,3669.0000,3670.0000,3670.2000,3671.0000,3671.8000,1,1,1,1,1,4,2,1,1,1
SF,IF2012,2020-05-25 09:31:20.000,3668.0000,5013,0,34168080.000,1,0,1,多换,S,3667.8000,3666.0000,3665.0000,3660.0000,3659.0000,3669.0000,3670.0000,3670.2000,3671.0000,3671.8000,1,1,1,1,1,5,1,1,1,1
SF,IF2012,2020-05-25 09:31:21.500,3668.0000,5013,0,34168080.000,0,-,-,-,-,3668.0000,3667.8000,3666.0000,3665.0000,3660.0000,3669.0000,3670.0000,3670.2000,3671.0000,3671.8000,1,1,1,1,1,5,1,1,1,1
SF,IF2012,2020-05-25 09:31:22.500,3668.0000,5013,0,34168080.000,0,-,-,-,-,3667.8000,3666.0000,3665.0000,3660.0000,3659.0000,3669.0000,3670.0000,3670.2000,3671.0000,3672.2000,1,1,1,1,1,5,1,1,1,1
SF,IF2012,2020-05-25 09:31:24.500,3668.0000,5013,0,34168080.000,0,-,-,-,-,3668.0000,3667.8000,3666.0000,3665.0000,3660.0000,3669.0000,3670.0000,3670.2000,3671.0000,3672.2000,1,1,1,1,1,5,1,1,1,1
SF,IF2012,2020-05-25 09:31:25.000,3668.8000,5012,-1,35268720.000,1,0,1,双平,S,3668.0000,3667.8000,3666.0000,3665.0000,3660.0000,3668.8000,3669.0000,3670.2000,3671.0000,3672.2000,1,1,1,1,1,1,5,1,1,1
SF,IF2012,2020-05-25 09:31:25.500,3668.0000,5011,-1,36369120.000,1,0,1,双平,S,3667.8000,3666.0000,3665.0000,3660.0000,3659.0000,3668.8000,3669.0000,3670.2000,3671.0000,3672.2000,1,1,1,1,1,1,5,1,1,1
SF,IF2012,2020-05-25 09:31:26.500,3667.8000,5011,0,37469460.000,1,0,1,多换,S,3666.0000,3665.0000,3660.0000,3659.0000,3656.0000,3668.8000,3669.0000,3670.2000,3671.0000,3672.2000,1,1,1,1,2,1,5,1,1,1
SF,IF2012,2020-05-25 09:31:27.000,3667.8000,5011,0,37469460.000,0,-,-,-,-,3666.4000,3666.0000,3665.0000,3660.0000,3659.0000,3668.6000,3668.8000,3669.0000,3670.2000,3672.2000,4,2,1,1,1,1,1,4,1,1
SF,IF2012,2020-05-25 09:31:27.500,3667.8000,5011,0,37469460.000,0,-,-,-,-,3666.0000,3665.0000,3660.0000,3659.0000,3656.0000,3668.4000,3668.6000,3669.0000,3672.2000,3673.8000,2,1,1,1,2,1,1,4,1,2
SF,IF2012,2020-05-25 09:31:28.000,3667.8000,5011,0,37469460.000,0,-,-,-,-,3666.4000,3666.0000,3665.0000,3660.0000,3659.0000,3668.2000,3668.4000,3669.0000,3672.2000,3673.8000,4,2,1,1,1,1,1,4,1,2
SF,IF2012,2020-05-25 09:31:28.500,3667.8000,5011,0,37469460.000,0,-,-,-,-,3666.0000,3665.0000,3660.0000,3659.0000,3656.0000,3668.0000,3668.2000,3669.0000,3672.2000,3673.8000,2,1,1,1,2,1,1,4,1,2
SF,IF2012,2020-05-25 09:31:29.000,3667.8000,5011,0,37469460.000,0,-,-,-,-,3666.2000,3666.0000,3665.0000,3660.0000,3659.0000,3668.0000,3668.2000,3669.0000,3672.2000,3673.8000,4,2,1,1,1,1,1,4,1,2
SF,IF2012,2020-05-25 09:31:30.000,3667.8000,5011,0,37469460.000,0,-,-,-,-,3666.4000,3666.2000,3666.0000,3665.0000,3660.0000,3668.0000,3668.2000,3669.0000,3672.2000,3673.8000,1,4,2,1,1,1,1,4,1,2
SF,IF2012,2020-05-25 09:31:30.500,3667.8000,5011,0,37469460.000,0,-,-,-,-,3666.6000,3666.4000,3666.0000,3665.0000,3660.0000,3668.0000,3668.2000,3669.0000,3672.2000,3673.8000,4,1,2,1,1,1,1,4,1,2
SF,IF2012,2020-05-25 09:31:31.000,3668.0000,5010,-1,38569860.000,1,0,1,双平,S,3666.4000,3666.0000,3665.0000,3660.0000,3659.0000,3669.0000,3672.2000,3673.8000,3674.0000,3674.2000,1,2,1,1,1,4,1,2,1,1
SF,IF2012,2020-05-25 09:31:31.500,3668.0000,5010,0,38569860.000,0,-,-,-,-,3666.0000,3665.0000,3660.0000,3659.0000,3656.0000,3668.8000,3669.0000,3672.2000,3673.8000,3674.0000,2,1,1,1,2,2,4,1,2,1
SF,IF2012,2020-05-25 09:31:32.500,3668.0000,5010,0,38569860.000,0,-,-,-,-,3666.0000,3660.0000,3659.0000,3656.0000,3654.0000,3668.8000,3669.0000,3672.2000,3673.8000,3674.0000,2,1,1,1,3,2,4,1,2,1
SF,IF2012,2020-05-25 09:31:35.000,3668.0000,5010,0,38569860.000,0,-,-,-,-,3666.0000,3660.0000,3659.0000,3656.0000,3654.0000,3668.8000,3669.0000,3672.2000,3673.8000,3674.0000,2,1,1,1,3,2,4,1,2,1
SF,IF2012,2020-05-25 09:31:35.500,3666.0000,5010,0,39669660.000,1,0,1,多换,S,3660.0000,3659.0000,3656.0000,3654.0000,3651.6000,3668.6000,3668.8000,3669.0000,3672.2000,3673.8000,1,1,1,3,1,1,2,4,1,2
SF,IF2012,2020-05-25 09:31:36.000,3666.0000,5010,0,39669660.000,0,-,-,-,-,3666.0000,3665.6000,3664.2000,3660.4000,3660.2000,3668.4000,3668.6000,3669.0000,3672.2000,3673.8000,1,1,1,8,3,2,1,4,1,2
SF,IF2012,2020-05-25 09:31:36.500,3666.0000,5010,0,39669660.000,0,-,-,-,-,3666.0000,3660.4000,3660.2000,3660.0000,3659.0000,3668.2000,3668.4000,3668.6000,3669.0000,3672.2000,1,8,3,1,1,1,1,1,4,1
SF,IF2012,2020-05-25 09:31:37.000,3666.0000,5010,0,39669660.000,0,-,-,-,-,3666.2000,3666.0000,3660.4000,3660.2000,3660.0000,3668.0000,3668.2000,3668.6000,3669.0000,3672.2000,1,1,8,3,1,1,1,1,4,1
SF,IF2012,2020-05-25 09:31:37.500,3666.0000,5010,0,39669660.000,0,-,-,-,-,3666.2000,3666.0000,3660.4000,3660.2000,3660.0000,3667.8000,3668.0000,3668.6000,3669.0000,3672.2000,1,1,8,3,1,1,1,1,4,1
SF,IF2012,2020-05-25 09:31:38.500,3666.0000,5010,0,39669660.000,0,-,-,-,-,3666.2000,3666.0000,3660.4000,3660.2000,3660.0000,3667.8000,3668.0000,3669.0000,3672.2000,3673.8000,1,1,8,3,1,1,1,4,1,2
SF,IF2012,2020-05-25 09:31:39.000,3666.0000,5010,0,39669660.000,0,-,-,-,-,3666.4000,3666.2000,3666.0000,3660.4000,3660.2000,3668.0000,3669.0000,3672.2000,3673.8000,3674.0000,1,1,1,8,2,1,4,1,2,1
SF,IF2012,2020-05-25 09:31:39.500,3666.0000,5010,0,39669660.000,0,-,-,-,-,3666.4000,3666.2000,3666.0000,3660.4000,3660.2000,3669.0000,3672.2000,3673.8000,3674.0000,3674.2000,1,1,1,8,2,4,1,2,1,1
SF,IF2012,2020-05-25 09:31:40.000,3666.0000,5010,0,39669660.000,0,-,-,-,-,3666.6000,3666.4000,3666.0000,3660.4000,3660.2000,3668.8000,3672.2000,3673.8000,3674.0000,3674.2000,1,1,1,8,2,2,1,2,1,1
SF,IF2012,2020-05-25 09:31:41.000,3666.0000,5010,0,39669660.000,0,-,-,-,-,3666.6000,3666.4000,3666.0000,3660.4000,3660.2000,3668.8000,3672.2000,3673.8000,3674.0000,3674.2000,1,1,2,8,2,2,1,2,1,1
SF,IF2012,2020-05-25 09:31:41.500,3666.0000,5010,0,39669660.000,0,-,-,-,-,3666.6000,3666.0000,3660.4000,3660.2000,3660.0000,3668.8000,3672.2000,3673.8000,3674.0000,3674.2000,1,2,8,2,1,2,1,2,1,1
SF,IF2012,2020-05-25 09:31:42.500,3666.0000,5010,0,39669660.000,0,-,-,-,-,3666.6000,3666.0000,3660.4000,3660.2000,3660.0000,3668.6000,3668.8000,3672.2000,3673.8000,3674.0000,1,2,8,2,1,1,2,1,2,1
SF,IF2012,2020-05-25 09:31:43.000,3666.0000,5010,0,39669660.000,0,-,-,-,-,3666.6000,3666.0000,3660.4000,3660.2000,3660.0000,3668.4000,3668.6000,3668.8000,3672.2000,3673.8000,1,2,8,2,1,1,1,1,1,2
SF,IF2012,2020-05-25 09:31:44.500,3666.0000,5010,0,39669660.000,0,-,-,-,-,3666.6000,3666.0000,3660.4000,3660.2000,3660.0000,3668.4000,3668.8000,3672.2000,3673.8000,3674.0000,1,2,8,2,1,1,1,1,2,1
SF,IF2012,2020-05-25 09:31:45.000,3666.0000,5010,0,39669660.000,0,-,-,-,-,3666.0000,3660.4000,3660.2000,3660.0000,3659.0000,3668.4000,3668.8000,3672.2000,3673.8000,3674.0000,2,8,2,1,1,1,1,1,2,1
SF,IF2012,2020-05-25 09:31:45.500,3666.0000,5010,0,39669660.000,0,-,-,-,-,3666.2000,3666.0000,3660.4000,3660.2000,3660.0000,3668.2000,3668.4000,3672.2000,3673.8000,3674.0000,1,2,8,2,1,1,1,1,2,1
SF,IF2012,2020-05-25 09:31:46.000,3666.0000,5010,0,39669660.000,0,-,-,-,-,3666.2000,3666.0000,3660.4000,3660.2000,3660.0000,3668.0000,3668.2000,3670.0000,3672.2000,3673.8000,1,2,8,2,1,1,1,2,1,2
SF,IF2012,2020-05-25 09:31:46.500,3666.0000,5010,0,39669660.000,0,-,-,-,-,3666.0000,3660.4000,3660.2000,3660.0000,3659.0000,3668.0000,3668.2000,3670.0000,3672.2000,3673.8000,2,8,2,1,1,1,1,2,1,2
SF,IF2012,2020-05-25 09:31:47.500,3666.0000,5010,0,39669660.000,0,-,-,-,-,3666.0000,3660.4000,3660.2000,3660.0000,3659.0000,3668.0000,3668.2000,3670.0000,3672.2000,3673.8000,2,8,2,6,1,1,1,2,1,2
SF,IF2012,2020-05-25 09:31:49.500,3666.0000,5010,0,39669660.000,0,-,-,-,-,3666.0000,3660.4000,3660.2000,3660.0000,3659.0000,3667.8000,3668.0000,3668.2000,3670.0000,3672.2000,2,8,2,6,1,1,1,1,2,1
SF,IF2012,2020-05-25 09:31:50.000,3666.0000,5010,0,39669660.000,0,-,-,-,-,3666.0000,3660.4000,3660.2000,3660.0000,3659.0000,3667.6000,3667.8000,3668.2000,3670.0000,3672.2000,2,8,2,6,1,1,1,1,2,1
SF,IF2012,2020-05-25 09:31:51.000,3667.6000,5010,0,40769940.000,1,0,1,多换,S,3666.0000,3660.4000,3660.2000,3660.0000,3659.0000,3667.8000,3668.2000,3670.0000,3672.2000,3673.8000,2,8,2,6,1,1,1,2,1,2
SF,IF2012,2020-05-25 09:31:51.500,3667.6000,5010,0,40769940.000,0,-,-,-,-,3666.2000,3666.0000,3660.4000,3660.2000,3660.0000,3667.8000,3668.2000,3670.0000,3672.2000,3673.8000,1,2,8,2,6,1,1,2,1,2
SF,IF2012,2020-05-25 09:31:52.000,3667.6000,5010,0,40769940.000,0,-,-,-,-,3666.2000,3666.0000,3660.4000,3660.2000,3660.0000,3667.8000,3668.2000,3670.0000,3672.2000,3673.8000,1,2,8,2,6,1,1,2,1,2
SF,IF2012,2020-05-25 09:31:52.500,3667.6000,5010,0,40769940.000,0,-,-,-,-,3666.2000,3666.0000,3660.4000,3660.2000,3660.0000,3668.2000,3670.0000,3672.2000,3673.8000,3674.0000,1,2,8,2,6,1,2,1,2,1
SF,IF2012,2020-05-25 09:31:53.000,3666.2000,5009,-1,41869800.000,1,0,1,双平,S,3666.0000,3660.4000,3660.2000,3660.0000,3659.0000,3668.2000,3670.0000,3672.2000,3673.8000,3674.0000,2,8,2,6,1,1,2,1,2,1
SF,IF2012,2020-05-25 09:31:53.500,3666.2000,5009,0,41869800.000,0,-,-,-,-,3666.0000,3660.4000,3660.2000,3660.0000,3659.0000,3668.0000,3668.2000,3670.0000,3672.2000,3673.8000,2,8,2,6,1,1,1,2,1,2
SF,IF2012,2020-05-25 09:31:54.500,3666.2000,5009,0,41869800.000,0,-,-,-,-,3666.2000,3666.0000,3660.4000,3660.2000,3660.0000,3668.0000,3668.2000,3670.0000,3672.2000,3673.8000,1,2,8,2,6,1,1,2,1,2
SF,IF2012,2020-05-25 09:31:55.000,3666.2000,5009,0,41869800.000,0,-,-,-,-,3666.2000,3666.0000,3660.4000,3660.2000,3660.0000,3668.0000,3668.2000,3670.0000,3672.2000,3673.8000,2,2,8,2,6,1,1,2,1,2
SF,IF2012,2020-05-25 09:31:55.500,3666.2000,5009,0,42969660.000,1,0,1,多换,S,3666.2000,3666.0000,3660.4000,3660.2000,3660.0000,3668.0000,3668.2000,3670.0000,3672.2000,3673.8000,1,2,8,2,6,1,1,2,1,2
SF,IF2012,2020-05-25 09:31:56.500,3666.2000,5009,0,42969660.000,0,-,-,-,-,3666.0000,3660.4000,3660.2000,3660.0000,3659.0000,3668.0000,3668.2000,3670.0000,3672.2000,3673.8000,1,8,2,6,1,1,1,2,1,2
SF,IF2012,2020-05-25 09:31:57.000,3666.0000,5010,1,44069460.000,1,1,0,双开,S,3660.4000,3660.2000,3660.0000,3659.0000,3658.0000,3668.0000,3668.2000,3670.0000,3672.2000,3673.8000,8,2,6,1,1,1,1,2,1,2
SF,IF2012,2020-05-25 09:31:57.500,3666.0000,5010,0,44069460.000,0,-,-,-,-,3664.8000,3660.8000,3660.6000,3660.4000,3660.0000,3667.8000,3668.0000,3670.0000,3672.2000,3673.8000,1,1,3,8,6,1,1,2,1,2
SF,IF2012,2020-05-25 09:31:58.000,3666.0000,5010,0,44069460.000,0,-,-,-,-,3660.8000,3660.6000,3660.4000,3660.0000,3659.0000,3667.6000,3667.8000,3670.0000,3672.2000,3673.8000,1,3,8,6,1,1,1,2,1,2
SF,IF2012,2020-05-25 09:31:58.500,3666.0000,5010,0,44069460.000,0,-,-,-,-,3661.2000,3661.0000,3660.8000,3660.0000,3659.0000,3667.4000,3667.6000,3670.0000,3672.2000,3673.8000,8,2,1,6,1,2,1,2,1,2
SF,IF2012,2020-05-25 09:31:59.000,3666.0000,5010,0,44069460.000,0,-,-,-,-,3661.4000,3661.2000,3660.8000,3660.0000,3659.0000,3667.4000,3670.0000,3672.2000,3673.8000,3674.0000,3,4,1,6,1,2,2,1,2,1
SF,IF2012,2020-05-25 09:31:59.500,3666.0000,5010,0,44069460.000,0,-,-,-,-,3661.8000,3661.6000,3661.4000,3660.8000,3660.0000,3667.2000,3667.4000,3668.0000,3670.0000,3672.2000,4,1,3,1,6,1,1,4,2,1
SF,IF2012,2020-05-25 09:32:00.000,3666.0000,5010,0,44069460.000,0,-,-,-,-,3662.0000,3661.8000,3661.6000,3660.8000,3660.0000,3667.0000,3667.2000,3668.0000,3670.0000,3672.2000,2,4,1,1,6,2,1,4,2,1
SF,IF2012,2020-05-25 09:32:00.500,3666.0000,5010,0,44069460.000,0,-,-,-,-,3662.4000,3662.2000,3662.0000,3661.6000,3660.8000,3667.0000,3668.0000,3670.0000,3672.2000,3673.8000,4,2,2,1,1,2,4,2,1,2
SF,IF2012,2020-05-25 09:32:01.000,3666.0000,5010,0,44069460.000,0,-,-,-,-,3662.6000,3662.4000,3662.2000,3661.6000,3660.8000,3666.8000,3667.0000,3668.0000,3670.0000,3672.2000,2,4,1,1,1,1,2,4,2,1
SF,IF2012,2020-05-25 09:32:01.500,3666.0000,5010,0,44069460.000,0,-,-,-,-,3663.0000,3662.8000,3662.6000,3661.6000,3660.8000,3666.6000,3666.8000,3667.0000,3668.0000,3670.0000,4,1,2,1,1,1,1,1,4,2
SF,IF2012,2020-05-25 09:32:02.000,3666.0000,5010,0,44069460.000,0,-,-,-,-,3663.2000,3663.0000,3661.6000,3660.8000,3660.0000,3666.4000,3666.6000,3667.0000,3668.0000,3670.0000,2,4,1,1,6,1,1,1,4,2
SF,IF2012,2020-05-25 09:32:02.500,3666.0000,5010,0,44069460.000,0,-,-,-,-,3663.4000,3663.2000,3661.6000,3660.8000,3660.0000,3666.0000,3666.2000,3666.4000,3667.0000,3668.0000,5,2,1,1,6,1,1,1,1,4
SF,IF2012,2020-05-25 09:32:03.000,3666.0000,5010,0,44069460.000,0,-,-,-,-,3663.4000,3663.2000,3660.8000,3660.0000,3659.0000,3665.8000,3666.0000,3667.0000,3668.0000,3670.0000,5,2,1,6,1,2,1,1,4,2
SF,IF2012,2020-05-25 09:32:03.500,3666.0000,5010,0,44069460.000,0,-,-,-,-,3663.6000,3663.4000,3663.2000,3660.8000,3660.0000,3665.6000,3665.8000,3667.0000,3668.0000,3670.0000,1,5,1,1,6,1,2,1,4,2
SF,IF2012,2020-05-25 09:32:04.000,3666.0000,5010,0,44069460.000,0,-,-,-,-,3663.6000,3663.4000,3663.2000,3660.8000,3660.0000,3665.4000,3665.8000,3667.0000,3668.0000,3670.0000,1,5,1,1,6,2,2,1,4,2
SF,IF2012,2020-05-25 09:32:04.500,3666.0000,5010,0,44069460.000,0,-,-,-,-,3663.8000,3663.6000,3663.4000,3660.8000,3660.0000,3665.4000,3665.8000,3667.0000,3668.0000,3670.0000,1,1,5,1,6,1,2,1,4,2
SF,IF2012,2020-05-25 09:32:05.000,3666.0000,5010,0,44069460.000,0,-,-,-,-,3664.0000,3663.6000,3660.8000,3660.0000,3659.0000,3665.2000,3665.4000,3665.8000,3667.0000,3668.0000,1,1,1,6,1,1,1,2,1,4
SF,IF2012,2020-05-25 09:32:05.500,3666.0000,5010,0,44069460.000,0,-,-,-,-,3663.6000,3660.8000,3660.0000,3659.0000,3658.0000,3665.0000,3665.2000,3665.8000,3667.0000,3668.0000,1,1,6,1,1,1,1,2,1,4
SF,IF2012,2020-05-25 09:32:06.500,3663.6000,5009,-1,45168540.000,1,0,1,双平,S,3660.8000,3660.0000,3659.0000,3658.0000,3654.0000,3664.8000,3665.0000,3665.8000,3667.0000,3668.0000,1,6,1,1,3,1,1,2,1,4
SF,IF2012,2020-05-25 09:32:07.000,3663.6000,5009,0,45168540.000,0,-,-,-,-,3661.2000,3661.0000,3660.8000,3660.0000,3659.0000,3664.6000,3667.0000,3668.0000,3670.0000,3672.2000,4,1,1,1,1,2,1,4,2,1
SF,IF2012,2020-05-25 09:32:07.500,3663.6000,5009,0,45168540.000,0,-,-,-,-,3660.8000,3660.0000,3659.0000,3658.0000,3655.0000,3664.6000,3667.0000,3668.0000,3670.0000,3672.2000,1,1,1,1,5,2,1,4,2,1
SF,IF2012,2020-05-25 09:32:08.000,3663.6000,5009,0,45168540.000,0,-,-,-,-,3661.0000,3660.8000,3660.0000,3659.0000,3658.0000,3663.6000,3664.6000,3667.0000,3668.0000,3670.0000,1,1,1,1,1,1,2,1,4,2
SF,IF2012,2020-05-25 09:32:08.500,3663.6000,5009,0,45168540.000,0,-,-,-,-,3661.0000,3660.8000,3660.0000,3659.0000,3658.0000,3663.4000,3663.6000,3667.0000,3668.0000,3670.0000,1,1,1,1,1,2,1,1,4,2
SF,IF2012,2020-05-25 09:32:09.000,3663.6000,5009,0,45168540.000,0,-,-,-,-,3661.0000,3660.8000,3660.0000,3659.0000,3658.0000,3663.2000,3663.4000,3663.6000,3667.0000,3668.0000,1,1,1,1,1,1,2,1,1,4
SF,IF2012,2020-05-25 09:32:09.500,3663.6000,5009,0,45168540.000,0,-,-,-,-,3661.0000,3660.8000,3660.0000,3659.0000,3658.0000,3663.0000,3663.2000,3663.6000,3667.0000,3668.0000,1,1,1,1,1,2,1,1,1,4
SF,IF2012,2020-05-25 09:32:10.000,3663.6000,5009,0,45168540.000,0,-,-,-,-,3661.0000,3660.8000,3660.0000,3659.0000,3658.0000,3662.8000,3663.0000,3663.6000,3667.0000,3670.0000,1,1,1,1,1,1,2,1,1,2
SF,IF2012,2020-05-25 09:32:10.500,3663.6000,5009,0,45168540.000,0,-,-,-,-,3660.8000,3660.0000,3659.0000,3658.0000,3655.0000,3662.6000,3662.8000,3663.0000,3663.6000,3667.0000,1,1,1,1,5,1,1,1,1,1
SF,IF2012,2020-05-25 09:32:11.000,3663.6000,5009,0,45168540.000,0,-,-,-,-,3660.8000,3660.0000,3659.0000,3658.0000,3655.0000,3662.6000,3662.8000,3663.0000,3663.6000,3667.0000,1,1,1,1,5,1,1,1,1,1
SF,IF2012,2020-05-25 09:32:13.500,3663.6000,5009,0,45168540.000,0,-,-,-,-,3660.8000,3660.0000,3659.0000,3658.0000,3655.0000,3662.6000,3663.0000,3663.6000,3667.0000,3670.0000,1,1,1,1,5,1,1,1,1,2
SF,IF2012,2020-05-25 09:32:14.000,3663.6000,5009,0,45168540.000,0,-,-,-,-,3661.0000,3660.8000,3660.0000,3659.0000,3658.0000,3663.0000,3663.6000,3667.0000,3670.0000,3672.2000,1,1,1,1,1,1,1,1,2,1
SF,IF2012,2020-05-25 09:32:14.500,3663.6000,5009,0,45168540.000,0,-,-,-,-,3661.0000,3660.8000,3660.0000,3659.0000,3658.0000,3662.8000,3663.0000,3663.6000,3667.0000,3670.0000,1,1,1,1,1,1,1,1,1,2
SF,IF2012,2020-05-25 09:32:15.000,3663.6000,5009,0,45168540.000,0,-,-,-,-,3660.8000,3660.0000,3659.0000,3658.0000,3655.0000,3662.8000,3663.0000,3663.6000,3667.0000,3670.0000,1,1,1,1,5,1,1,1,1,2
SF,IF2012,2020-05-25 09:32:15.500,3663.6000,5009,0,45168540.000,0,-,-,-,-,3661.0000,3660.8000,3660.0000,3659.0000,3658.0000,3662.6000,3662.8000,3663.0000,3663.6000,3667.0000,1,1,1,1,1,1,1,1,1,1
SF,IF2012,2020-05-25 09:32:16.000,3663.6000,5009,0,45168540.000,0,-,-,-,-,3660.8000,3660.0000,3659.0000,3658.0000,3655.0000,3662.4000,3662.6000,3663.0000,3663.6000,3667.0000,1,1,1,1,5,1,1,1,1,1
SF,IF2012,2020-05-25 09:32:16.500,3663.6000,5009,0,45168540.000,0,-,-,-,-,3661.0000,3660.8000,3660.0000,3659.0000,3658.0000,3662.4000,3663.0000,3663.6000,3667.0000,3670.0000,1,1,1,1,1,1,1,1,1,2
SF,IF2012,2020-05-25 09:32:17.000,3663.6000,5009,0,45168540.000,0,-,-,-,-,3660.8000,3660.0000,3659.0000,3658.0000,3655.0000,3662.4000,3663.0000,3663.6000,3667.0000,3670.0000,1,1,1,1,5,1,1,1,1,2
SF,IF2012,2020-05-25 09:32:17.500,3663.6000,5009,0,45168540.000,0,-,-,-,-,3660.8000,3660.0000,3659.0000,3658.0000,3655.0000,3662.2000,3662.4000,3663.0000,3667.0000,3670.0000,1,1,1,1,5,1,1,1,1,2
SF,IF2012,2020-05-25 09:32:18.000,3660.8000,5008,-1,46266780.000,1,0,1,双平,S,3660.0000,3659.0000,3658.0000,3655.0000,3651.6000,3662.0000,3662.2000,3663.0000,3667.0000,3670.0000,1,1,1,5,1,1,1,1,1,2
SF,IF2012,2020-05-25 09:32:18.500,3660.8000,5008,0,46266780.000,0,-,-,-,-,3660.8000,3660.0000,3659.0000,3658.0000,3655.0000,3661.8000,3662.0000,3663.0000,3667.0000,3670.0000,1,1,1,1,5,1,1,1,1,2
SF,IF2012,2020-05-25 09:32:19.000,3660.8000,5008,0,47365020.000,1,0,1,多换,S,3660.0000,3659.0000,3658.0000,3655.0000,3651.6000,3661.6000,3661.8000,3663.0000,3663.6000,3667.0000,1,1,1,5,1,1,1,1,4,1
SF,IF2012,2020-05-25 09:32:19.500,3660.8000,5008,0,47365020.000,0,-,-,-,-,3660.0000,3659.0000,3658.0000,3655.0000,3651.6000,3661.4000,3661.6000,3663.0000,3663.6000,3667.0000,1,1,1,5,1,1,1,1,4,1
SF,IF2012,2020-05-25 09:32:22.000,3661.6000,5008,0,49561920.000,2,1,1,多换,S,3660.0000,3659.0000,3658.0000,3655.0000,3651.6000,3663.0000,3663.6000,3667.0000,3670.0000,3672.2000,1,1,1,5,1,1,4,1,2,1
SF,IF2012,2020-05-25 09:32:22.500,3661.6000,5008,0,49561920.000,0,-,-,-,-,3660.0000,3659.0000,3658.0000,3655.0000,3651.6000,3662.8000,3663.0000,3663.6000,3670.0000,3672.2000,1,1,1,5,1,2,1,4,2,1
SF,IF2012,2020-05-25 09:32:23.000,3661.6000,5008,0,49561920.000,0,-,-,-,-,3660.2000,3660.0000,3659.0000,3658.0000,3655.0000,3662.6000,3662.8000,3663.6000,3670.0000,3672.2000,1,1,1,1,5,1,2,4,2,1
SF,IF2012,2020-05-25 09:32:23.500,3661.6000,5008,0,49561920.000,0,-,-,-,-,3660.0000,3659.0000,3658.0000,3655.0000,3651.6000,3662.4000,3662.6000,3663.6000,3670.0000,3672.2000,1,1,1,5,1,1,1,4,2,1
SF,IF2012,2020-05-25 09:32:24.000,3661.6000,5008,0,49561920.000,0,-,-,-,-,3660.0000,3659.0000,3658.0000,3655.0000,3651.6000,3662.2000,3662.4000,3663.6000,3670.0000,3672.2000,1,1,1,5,1,2,1,4,2,1
SF,IF2012,2020-05-25 09:32:24.500,3661.6000,5008,0,49561920.000,0,-,-,-,-,3660.0000,3659.0000,3658.0000,3655.0000,3651.6000,3662.0000,3662.2000,3662.4000,3663.6000,3670.0000,1,1,1,5,1,1,2,1,4,2
SF,IF2012,2020-05-25 09:32:25.000,3661.6000,5008,0,49561920.000,0,-,-,-,-,3660.0000,3659.0000,3658.0000,3655.0000,3651.6000,3662.0000,3662.2000,3662.4000,3663.6000,3670.0000,1,1,1,5,1,1,1,1,4,2
SF,IF2012,2020-05-25 09:32:25.500,3660.0000,5008,0,50659920.000,1,0,1,多换,S,3659.0000,3658.0000,3655.0000,3651.6000,3650.2000,3661.8000,3662.0000,3662.2000,3663.6000,3670.0000,1,1,5,1,5,1,1,1,4,2
SF,IF2012,2020-05-25 09:32:26.000,3660.0000,5008,0,50659920.000,0,-,-,-,-,3660.0000,3659.2000,3659.0000,3658.0000,3655.0000,3661.6000,3661.8000,3663.6000,3670.0000,3672.2000,1,1,1,1,5,2,1,4,2,1
SF,IF2012,2020-05-25 09:32:26.500,3660.0000,5008,0,50659920.000,0,-,-,-,-,3660.0000,3659.0000,3658.0000,3655.0000,3651.6000,3661.6000,3663.6000,3670.0000,3672.2000,3674.0000,1,1,1,5,1,1,4,2,1,1
SF,IF2012,2020-05-25 09:32:27.000,3660.0000,5008,0,50659920.000,0,-,-,-,-,3660.0000,3659.0000,3658.0000,3655.0000,3651.6000,3661.4000,3663.6000,3670.0000,3672.2000,3674.0000,1,1,1,5,1,1,4,2,1,1
SF,IF2012,2020-05-25 09:32:28.000,3660.0000,5008,0,50659920.000,0,-,-,-,-,3660.0000,3659.0000,3658.0000,3655.0000,3651.6000,3661.2000,3661.4000,3663.6000,3670.0000,3672.2000,1,1,1,5,1,1,1,4,2,1
SF,IF2012,2020-05-25 09:32:28.500,3660.0000,5008,0,51757920.000,1,0,1,多换,S,3659.0000,3658.0000,3655.0000,3651.6000,3650.2000,3661.4000,3663.6000,3670.0000,3672.2000,3674.0000,1,1,5,1,5,1,4,2,1,1
SF,IF2012,2020-05-25 09:32:29.000,3660.0000,5008,0,51757920.000,0,-,-,-,-,3659.2000,3659.0000,3658.0000,3655.0000,3651.6000,3661.2000,3663.6000,3670.0000,3672.2000,3674.0000,3,1,1,5,1,1,4,2,1,1
SF,IF2012,2020-05-25 09:32:29.500,3660.0000,5008,0,51757920.000,0,-,-,-,-,3659.4000,3659.2000,3659.0000,3658.0000,3655.0000,3661.2000,3663.6000,3670.0000,3672.2000,3674.0000,2,1,1,1,5,1,4,2,1,1
SF,IF2012,2020-05-25 09:32:30.000,3660.0000,5008,0,51757920.000,0,-,-,-,-,3659.4000,3659.0000,3658.0000,3655.0000,3651.6000,3660.0000,3661.2000,3663.6000,3670.0000,3672.2000,2,1,2,5,1,1,1,4,2,1
SF,IF2012,2020-05-25 09:32:30.500,3660.0000,5008,0,52855920.000,1,0,1,多换,S,3659.8000,3659.6000,3659.0000,3658.0000,3655.0000,3661.2000,3663.2000,3663.6000,3670.0000,3672.2000,1,1,1,2,5,1,1,4,2,1
SF,IF2012,2020-05-25 09:32:31.000,3660.0000,5008,0,52855920.000,0,-,-,-,-,3659.8000,3659.6000,3659.0000,3658.0000,3655.0000,3663.2000,3663.6000,3670.0000,3672.2000,3674.0000,1,1,1,2,5,1,4,2,1,1
SF,IF2012,2020-05-25 09:32:31.500,3660.0000,5008,0,52855920.000,0,-,-,-,-,3659.8000,3659.0000,3658.0000,3655.0000,3651.6000,3663.0000,3663.2000,3663.6000,3670.0000,3672.2000,1,1,2,5,1,3,1,4,2,1
SF,IF2012,2020-05-25 09:32:32.500,3660.0000,5008,0,52855920.000,0,-,-,-,-,3659.8000,3659.0000,3658.0000,3655.0000,3651.6000,3662.2000,3663.0000,3670.0000,3672.2000,3674.0000,1,1,2,5,1,1,3,2,1,1
SF,IF2012,2020-05-25 09:32:33.000,3660.0000,5008,0,52855920.000,0,-,-,-,-,3659.8000,3659.0000,3658.0000,3655.0000,3651.6000,3662.0000,3662.2000,3663.0000,3670.0000,3672.2000,1,1,2,5,1,2,1,1,2,1
SF,IF2012,2020-05-25 09:32:33.500,3659.8000,5009,1,53953860.000,1,1,0,双开,S,3659.0000,3658.0000,3655.0000,3651.6000,3650.2000,3661.8000,3662.0000,3662.2000,3663.0000,3670.0000,1,2,5,1,5,1,1,1,1,2
SF,IF2012,2020-05-25 09:32:34.000,3659.8000,5009,0,53953860.000,0,-,-,-,-,3659.2000,3659.0000,3658.0000,3655.0000,3651.6000,3661.6000,3661.8000,3670.0000,3672.2000,3674.0000,3,1,2,5,1,3,1,2,1,1
SF,IF2012,2020-05-25 09:32:34.500,3659.8000,5009,0,53953860.000,0,-,-,-,-,3659.2000,3659.0000,3658.0000,3655.0000,3651.6000,3661.6000,3661.8000,3670.0000,3672.2000,3674.0000,1,1,2,5,1,2,1,2,1,1
SF,IF2012,2020-05-25 09:32:35.000,3659.8000,5009,0,53953860.000,0,-,-,-,-,3659.2000,3659.0000,3658.0000,3655.0000,3651.6000,3661.6000,3670.0000,3672.2000,3674.0000,3675.0000,1,1,2,5,1,2,2,1,1,5
SF,IF2012,2020-05-25 09:32:37.000,3659.8000,5009,0,53953860.000,0,-,-,-,-,3659.4000,3659.2000,3659.0000,3658.0000,3655.0000,3661.6000,3670.0000,3672.2000,3674.0000,3675.0000,2,1,1,2,5,2,2,1,1,5
SF,IF2012,2020-05-25 09:32:37.500,3659.8000,5009,0,53953860.000,0,-,-,-,-,3659.0000,3658.0000,3655.0000,3651.6000,3650.2000,3661.6000,3670.0000,3672.2000,3674.0000,3675.0000,1,2,5,1,5,1,2,1,1,5
SF,IF2012,2020-05-25 09:32:38.000,3659.8000,5009,0,53953860.000,0,-,-,-,-,3659.4000,3659.2000,3659.0000,3658.0000,3655.0000,3661.6000,3670.0000,3672.2000,3674.0000,3675.0000,1,1,1,2,5,1,2,1,1,5
SF,IF2012,2020-05-25 09:32:38.500,3659.8000,5009,0,53953860.000,0,-,-,-,-,3659.4000,3659.0000,3658.0000,3655.0000,3651.6000,3661.6000,3670.0000,3672.2000,3674.0000,3675.0000,1,1,2,5,1,1,2,1,1,5
SF,IF2012,2020-05-25 09:32:39.000,3659.8000,5009,0,53953860.000,0,-,-,-,-,3659.6000,3659.4000,3659.0000,3658.0000,3655.0000,3661.6000,3670.0000,3672.2000,3674.0000,3675.0000,1,1,1,2,5,1,2,1,1,5
SF,IF2012,2020-05-25 09:32:39.500,3659.8000,5009,0,53953860.000,0,-,-,-,-,3659.6000,3659.0000,3658.0000,3655.0000,3651.6000,3661.6000,3670.0000,3672.2000,3674.0000,3675.0000,1,1,2,5,1,1,2,1,1,5
SF,IF2012,2020-05-25 09:32:40.000,3659.8000,5009,0,53953860.000,0,-,-,-,-,3659.6000,3659.0000,3658.0000,3655.0000,3651.6000,3661.6000,3670.0000,3672.2000,3674.0000,3675.0000,1,1,2,5,1,2,2,1,1,5
SF,IF2012,2020-05-25 09:32:41.000,3659.8000,5009,0,53953860.000,0,-,-,-,-,3659.6000,3659.0000,3658.0000,3655.0000,3651.6000,3661.6000,3670.0000,3672.2000,3674.0000,3675.0000,1,1,2,5,1,3,2,1,1,5
SF,IF2012,2020-05-25 09:32:41.500,3659.8000,5009,0,53953860.000,0,-,-,-,-,3659.0000,3658.0000,3655.0000,3651.6000,3650.2000,3661.4000,3661.6000,3670.0000,3672.2000,3674.0000,1,2,5,1,5,1,3,2,1,1
SF,IF2012,2020-05-25 09:32:42.000,3659.8000,5009,0,53953860.000,0,-,-,-,-,3659.2000,3659.0000,3658.0000,3655.0000,3651.6000,3661.2000,3661.4000,3661.6000,3670.0000,3672.2000,1,1,2,5,1,1,1,2,2,1
SF,IF2012,2020-05-25 09:32:42.500,3659.8000,5009,0,53953860.000,0,-,-,-,-,3659.0000,3658.0000,3655.0000,3651.6000,3650.2000,3661.0000,3661.2000,3661.4000,3661.6000,3670.0000,1,2,5,1,5,1,1,1,2,2
SF,IF2012,2020-05-25 09:32:43.000,3659.8000,5009,0,53953860.000,0,-,-,-,-,3659.0000,3658.0000,3655.0000,3651.6000,3650.2000,3660.8000,3661.0000,3661.2000,3665.0000,3670.0000,1,2,5,1,5,3,3,1,5,2
SF,IF2012,2020-05-25 09:32:43.500,3659.8000,5009,0,53953860.000,0,-,-,-,-,3659.0000,3658.0000,3651.6000,3650.2000,3650.0000,3660.8000,3661.0000,3661.2000,3665.0000,3670.0000,1,2,1,5,5,3,2,1,5,2
SF,IF2012,2020-05-25 09:32:44.000,3659.8000,5009,0,53953860.000,0,-,-,-,-,3659.0000,3658.0000,3651.6000,3650.2000,3650.0000,3660.8000,3661.0000,3661.2000,3665.0000,3670.0000,1,2,1,5,5,4,2,1,5,2
SF,IF2012,2020-05-25 09:32:45.500,3659.8000,5009,0,53953860.000,0,-,-,-,-,3659.0000,3658.0000,3651.6000,3650.2000,3650.0000,3660.8000,3661.0000,3661.2000,3665.0000,3670.0000,1,2,1,5,5,3,2,1,5,2
SF,IF2012,2020-05-25 09:32:47.000,3659.8000,5009,0,53953860.000,0,-,-,-,-,3659.0000,3658.0000,3651.6000,3650.2000,3650.0000,3660.8000,3661.0000,3661.2000,3665.0000,3670.0000,1,2,1,5,5,3,1,1,5,2
SF,IF2012,2020-05-25 09:32:47.500,3659.8000,5009,0,53953860.000,0,-,-,-,-,3659.2000,3659.0000,3658.0000,3651.6000,3650.2000,3659.8000,3660.8000,3661.0000,3661.2000,3665.0000,1,1,2,1,5,4,3,1,1,5
SF,IF2012,2020-05-25 09:32:48.000,3659.8000,5007,-2,56149740.000,2,0,2,双平,S,3659.2000,3659.0000,3658.0000,3651.6000,3650.2000,3659.8000,3660.8000,3661.2000,3665.0000,3670.0000,1,1,2,1,5,4,2,1,5,2
SF,IF2012,2020-05-25 09:32:48.500,3659.2000,5006,-1,57247500.000,1,0,1,双平,S,3659.0000,3658.0000,3651.6000,3650.2000,3650.0000,3659.8000,3660.8000,3661.2000,3665.0000,3670.0000,1,2,1,5,5,4,1,1,5,2
SF,IF2012,2020-05-25 09:32:49.000,3659.0000,5006,0,58345200.000,1,0,1,多换,S,3658.0000,3651.6000,3650.2000,3650.0000,3647.8000,3659.0000,3659.8000,3660.8000,3661.2000,3665.0000,2,1,5,5,3,2,4,1,1,5
SF,IF2012,2020-05-25 09:32:49.500,3659.8000,5003,-3,62736240.000,4,0,4,多平,S,3658.0000,3651.6000,3650.2000,3650.0000,3647.8000,3659.0000,3659.8000,3660.8000,3661.2000,3665.0000,2,1,5,5,3,1,1,1,1,5
SF,IF2012,2020-05-25 09:32:50.500,3659.0000,5004,1,63833940.000,1,1,0,双开,S,3658.0000,3651.6000,3650.2000,3650.0000,3647.8000,3659.8000,3660.8000,3661.2000,3665.0000,3670.0000,2,1,5,5,3,1,1,1,5,2
SF,IF2012,2020-05-25 09:32:53.000,3659.8000,5003,-1,64931880.000,1,0,1,双平,S,3658.0000,3651.6000,3650.2000,3650.0000,3647.8000,3660.8000,3661.2000,3665.0000,3670.0000,3672.2000,2,1,5,5,3,1,1,5,2,1
SF,IF2012,2020-05-25 09:32:53.500,3659.8000,5003,0,64931880.000,0,-,-,-,-,3658.2000,3658.0000,3651.6000,3650.2000,3650.0000,3660.6000,3670.0000,3672.2000,3674.0000,3675.4000,3,2,1,5,5,1,7,1,1,1
SF,IF2012,2020-05-25 09:32:54.000,3660.6000,5002,-1,66030060.000,1,0,1,双平,S,3658.6000,3658.4000,3658.2000,3658.0000,3651.6000,3670.0000,3672.2000,3674.0000,3675.4000,3685.4000,4,4,2,2,1,7,1,1,1,1
SF,IF2012,2020-05-25 09:32:54.500,3660.6000,5002,0,66030060.000,0,-,-,-,-,3659.0000,3658.8000,3658.6000,3658.4000,3658.2000,3666.0000,3668.4000,3669.4000,3669.6000,3669.8000,1,3,4,1,1,3,1,1,4,2
SF,IF2012,2020-05-25 09:32:55.000,3660.6000,5002,0,66030060.000,0,-,-,-,-,3659.2000,3659.0000,3658.8000,3658.2000,3658.0000,3665.6000,3665.8000,3666.0000,3668.4000,3669.4000,3,2,1,1,2,4,1,3,1,1
SF,IF2012,2020-05-25 09:32:55.500,3660.6000,5002,0,66030060.000,0,-,-,-,-,3659.6000,3659.2000,3659.0000,3658.8000,3658.2000,3665.4000,3665.6000,3666.0000,3670.0000,3672.2000,1,3,1,1,1,2,4,3,7,1
SF,IF2012,2020-05-25 09:32:56.000,3660.6000,5002,0,66030060.000,0,-,-,-,-,3659.8000,3659.6000,3659.2000,3659.0000,3658.8000,3665.0000,3665.4000,3666.0000,3670.0000,3672.2000,1,1,1,1,1,4,2,3,7,1
SF,IF2012,2020-05-25 09:32:56.500,3660.6000,5002,0,66030060.000,0,-,-,-,-,3660.0000,3659.8000,3659.6000,3659.2000,3658.8000,3664.8000,3665.0000,3666.0000,3670.0000,3672.2000,1,1,1,1,1,1,4,3,7,1
SF,IF2012,2020-05-25 09:32:57.000,3660.6000,5002,0,66030060.000,0,-,-,-,-,3660.2000,3660.0000,3659.2000,3658.8000,3658.0000,3664.6000,3664.8000,3666.0000,3670.0000,3672.2000,2,1,1,1,2,1,1,3,7,1
SF,IF2012,2020-05-25 09:32:57.500,3660.6000,5002,0,66030060.000,0,-,-,-,-,3660.4000,3660.2000,3659.2000,3658.8000,3658.0000,3663.8000,3664.4000,3664.6000,3666.0000,3670.0000,1,2,1,1,2,1,1,1,3,7
SF,IF2012,2020-05-25 09:32:58.000,3660.6000,5002,0,66030060.000,0,-,-,-,-,3660.6000,3660.4000,3659.2000,3658.8000,3658.0000,3663.6000,3663.8000,3666.0000,3670.0000,3672.2000,3,1,1,1,2,1,1,3,7,1
SF,IF2012,2020-05-25 09:32:58.500,3660.6000,5002,0,66030060.000,0,-,-,-,-,3660.6000,3660.4000,3659.2000,3658.8000,3658.0000,3663.4000,3663.6000,3666.0000,3670.0000,3672.2000,3,1,1,1,2,1,1,3,7,1
SF,IF2012,2020-05-25 09:32:59.000,3660.6000,5002,0,66030060.000,0,-,-,-,-,3660.8000,3660.6000,3660.4000,3659.2000,3658.8000,3663.4000,3663.6000,3666.0000,3670.0000,3672.2000,1,2,1,1,1,1,1,3,7,1
SF,IF2012,2020-05-25 09:32:59.500,3660.6000,5002,0,66030060.000,0,-,-,-,-,3661.0000,3660.8000,3660.4000,3659.2000,3658.8000,3663.4000,3663.6000,3666.0000,3670.0000,3672.2000,1,1,1,1,1,1,1,3,7,1
SF,IF2012,2020-05-25 09:33:00.000,3660.6000,5002,0,66030060.000,0,-,-,-,-,3661.0000,3660.4000,3659.2000,3658.8000,3658.0000,3663.2000,3663.4000,3666.0000,3670.0000,3672.2000,1,1,1,1,2,2,1,3,7,1
SF,IF2012,2020-05-25 09:33:00.500,3660.6000,5002,0,66030060.000,0,-,-,-,-,3661.2000,3661.0000,3660.4000,3659.2000,3658.8000,3663.2000,3663.4000,3666.0000,3670.0000,3672.2000,1,1,1,1,1,1,1,3,7,1
SF,IF2012,2020-05-25 09:33:01.000,3660.6000,5002,0,66030060.000,0,-,-,-,-,3661.0000,3659.2000,3658.8000,3658.0000,3651.6000,3663.0000,3666.0000,3670.0000,3672.2000,3674.0000,1,1,1,2,1,2,3,7,1,1
SF,IF2012,2020-05-25 09:33:01.500,3660.6000,5002,0,66030060.000,0,-,-,-,-,3661.0000,3659.2000,3658.8000,3658.0000,3652.4000,3662.8000,3666.0000,3670.0000,3672.2000,3674.0000,1,1,1,2,3,1,3,7,1,1
SF,IF2012,2020-05-25 09:33:02.000,3660.6000,5002,0,66030060.000,0,-,-,-,-,3661.0000,3659.2000,3658.8000,3658.0000,3652.4000,3662.6000,3662.8000,3666.0000,3670.0000,3672.2000,1,1,1,2,3,1,1,3,7,1
SF,IF2012,2020-05-25 09:33:02.500,3660.6000,5002,0,66030060.000,0,-,-,-,-,3661.2000,3659.2000,3658.8000,3658.0000,3652.4000,3662.6000,3666.0000,3670.0000,3672.2000,3674.0000,1,1,1,2,3,1,3,7,1,1
SF,IF2012,2020-05-25 09:33:03.000,3660.6000,5002,0,66030060.000,0,-,-,-,-,3661.2000,3659.2000,3658.8000,3658.0000,3652.4000,3666.0000,3670.0000,3672.2000,3674.0000,3675.4000,1,1,1,2,3,3,7,1,1,1
SF,IF2012,2020-05-25 09:33:03.500,3660.8000,5001,-1,67128300.000,1,0,1,双平,S,3659.2000,3658.8000,3658.0000,3652.4000,3651.6000,3665.6000,3665.8000,3666.0000,3670.0000,3672.2000,1,1,2,3,1,4,3,3,7,1
SF,IF2012,2020-05-25 09:33:04.000,3660.8000,5001,0,67128300.000,0,-,-,-,-,3659.4000,3659.2000,3658.8000,3658.0000,3652.4000,3665.4000,3665.6000,3666.0000,3670.0000,3672.2000,1,1,1,2,3,2,4,3,7,1
SF,IF2012,2020-05-25 09:33:04.500,3660.8000,5001,0,67128300.000,0,-,-,-,-,3659.4000,3659.2000,3658.8000,3658.0000,3652.4000,3665.0000,3665.2000,3665.4000,3666.0000,3670.0000,1,1,1,2,3,4,1,2,3,7
SF,IF2012,2020-05-25 09:33:05.000,3660.8000,5001,0,67128300.000,0,-,-,-,-,3659.4000,3659.2000,3658.8000,3658.0000,3652.4000,3664.0000,3664.2000,3664.8000,3665.0000,3666.0000,1,1,1,2,3,1,1,2,4,3
SF,IF2012,2020-05-25 09:33:05.500,3660.8000,5001,0,67128300.000,0,-,-,-,-,3659.4000,3659.2000,3658.8000,3658.0000,3652.4000,3663.6000,3663.8000,3664.0000,3664.2000,3666.0000,1,1,1,2,3,4,3,2,2,3
SF,IF2012,2020-05-25 09:33:06.000,3660.8000,5001,0,67128300.000,0,-,-,-,-,3659.4000,3659.2000,3658.8000,3658.0000,3652.4000,3662.8000,3663.4000,3663.6000,3664.0000,3664.2000,1,1,1,2,3,1,2,4,1,2
SF,IF2012,2020-05-25 09:33:06.500,3660.8000,5001,0,67128300.000,0,-,-,-,-,3659.4000,3659.2000,3658.8000,3658.0000,3652.4000,3662.6000,3662.8000,3663.6000,3664.2000,3666.0000,1,1,1,2,3,3,2,4,1,3
SF,IF2012,2020-05-25 09:33:07.000,3660.8000,5001,0,67128300.000,0,-,-,-,-,3659.4000,3659.2000,3658.8000,3658.0000,3652.4000,3662.2000,3662.6000,3662.8000,3663.6000,3664.2000,1,1,1,2,3,1,3,2,4,1
SF,IF2012,2020-05-25 09:33:07.500,3660.8000,5001,0,67128300.000,0,-,-,-,-,3659.4000,3659.2000,3658.8000,3658.0000,3652.4000,3662.0000,3662.2000,3662.8000,3663.6000,3664.2000,1,1,1,2,3,2,1,1,4,1
SF,IF2012,2020-05-25 09:33:08.000,3660.8000,5001,0,67128300.000,0,-,-,-,-,3659.4000,3659.2000,3658.8000,3658.0000,3652.4000,3661.6000,3662.0000,3662.8000,3663.6000,3664.2000,1,1,1,2,3,1,2,1,4,1
SF,IF2012,2020-05-25 09:33:08.500,3660.8000,5001,0,67128300.000,0,-,-,-,-,3659.4000,3659.2000,3658.8000,3658.0000,3652.4000,3661.4000,3661.6000,3662.0000,3662.8000,3663.6000,1,1,1,2,3,1,1,1,1,4
SF,IF2012,2020-05-25 09:33:09.000,3660.8000,5001,0,67128300.000,0,-,-,-,-,3659.6000,3659.4000,3659.2000,3658.8000,3658.0000,3661.2000,3661.4000,3661.6000,3662.0000,3662.8000,1,1,1,1,2,2,1,1,1,1
SF,IF2012,2020-05-25 09:33:09.500,3660.8000,5001,0,67128300.000,0,-,-,-,-,3659.2000,3658.8000,3658.0000,3652.4000,3651.6000,3661.0000,3661.2000,3661.4000,3661.6000,3662.8000,1,1,2,3,1,1,2,1,1,1
SF,IF2012,2020-05-25 09:33:10.000,3660.8000,5001,0,67128300.000,0,-,-,-,-,3658.8000,3658.0000,3652.4000,3651.6000,3650.2000,3660.8000,3661.0000,3661.2000,3661.4000,3661.6000,1,2,3,1,5,1,1,2,1,1
SF,IF2012,2020-05-25 09:33:10.500,3660.8000,5001,0,67128300.000,0,-,-,-,-,3659.0000,3658.0000,3652.4000,3651.6000,3650.2000,3659.2000,3660.6000,3660.8000,3661.4000,3661.6000,1,2,3,1,5,1,1,1,1,1
SF,IF2012,2020-05-25 09:33:11.000,3660.8000,5001,0,67128300.000,0,-,-,-,-,3658.0000,3652.4000,3651.6000,3650.2000,3650.0000,3659.2000,3660.4000,3660.6000,3660.8000,3661.4000,2,3,1,5,5,1,1,1,1,1
SF,IF2012,2020-05-25 09:33:11.500,3660.8000,5001,0,67128300.000,0,-,-,-,-,3658.0000,3652.4000,3651.6000,3650.2000,3650.0000,3659.2000,3660.4000,3660.6000,3660.8000,3661.4000,2,3,1,5,5,1,1,1,1,1
SF,IF2012,2020-05-25 09:33:12.000,3660.8000,5001,0,67128300.000,0,-,-,-,-,3658.0000,3652.4000,3651.6000,3650.2000,3650.0000,3659.2000,3660.6000,3660.8000,3661.4000,3661.6000,2,3,1,5,5,1,1,1,1,1
SF,IF2012,2020-05-25 09:33:15.000,3660.8000,5001,0,67128300.000,0,-,-,-,-,3658.0000,3652.4000,3651.6000,3650.2000,3650.0000,3659.2000,3660.6000,3660.8000,3661.4000,3661.6000,3,3,1,5,5,1,1,1,1,1
SF,IF2012,2020-05-25 09:33:15.500,3659.2000,5000,-1,68226060.000,1,0,1,双平,S,3658.2000,3658.0000,3652.4000,3651.6000,3650.2000,3660.6000,3660.8000,3661.4000,3661.6000,3663.6000,1,3,3,1,5,1,1,1,1,4
SF,IF2012,2020-05-25 09:33:16.000,3659.2000,5000,0,68226060.000,0,-,-,-,-,3658.2000,3658.0000,3652.4000,3651.6000,3650.2000,3660.4000,3660.6000,3660.8000,3663.6000,3664.2000,1,3,3,1,5,3,1,1,4,1
SF,IF2012,2020-05-25 09:33:16.500,3659.2000,5000,0,68226060.000,0,-,-,-,-,3658.2000,3658.0000,3652.4000,3651.6000,3650.2000,3660.2000,3660.4000,3660.8000,3663.6000,3664.2000,1,3,3,1,5,1,3,1,4,1
SF,IF2012,2020-05-25 09:33:17.000,3659.2000,5000,0,68226060.000,0,-,-,-,-,3658.4000,3658.2000,3658.0000,3652.4000,3651.6000,3660.2000,3660.4000,3660.8000,3663.6000,3664.2000,1,1,4,3,1,1,1,1,4,1
SF,IF2012,2020-05-25 09:33:17.500,3659.2000,5000,0,68226060.000,0,-,-,-,-,3658.4000,3658.2000,3658.0000,3652.4000,3651.6000,3660.0000,3660.2000,3660.4000,3660.8000,3663.6000,1,1,4,3,1,1,1,1,1,4
SF,IF2012,2020-05-25 09:33:18.000,3659.2000,5000,0,68226060.000,0,-,-,-,-,3658.6000,3658.2000,3658.0000,3652.4000,3651.6000,3660.2000,3660.4000,3660.8000,3663.6000,3664.2000,1,1,4,3,1,1,1,1,4,1
SF,IF2012,2020-05-25 09:33:18.500,3659.2000,5000,0,68226060.000,0,-,-,-,-,3658.8000,3658.2000,3658.0000,3652.4000,3651.6000,3660.4000,3660.8000,3663.6000,3664.2000,3666.0000,1,1,4,3,1,1,1,4,1,2
SF,IF2012,2020-05-25 09:33:19.000,3659.0000,4999,-1,69323760.000,1,0,1,双平,S,3658.0000,3652.4000,3651.6000,3650.2000,3650.0000,3663.6000,3664.2000,3666.0000,3670.0000,3672.2000,4,3,1,5,5,4,1,2,8,1
SF,IF2012,2020-05-25 09:33:19.500,3659.0000,4999,0,69323760.000,0,-,-,-,-,3658.2000,3658.0000,3652.4000,3651.6000,3650.2000,3660.8000,3663.4000,3663.6000,3664.2000,3666.0000,1,4,3,1,5,1,2,4,1,2
SF,IF2012,2020-05-25 09:33:20.000,3659.0000,4999,0,69323760.000,0,-,-,-,-,3658.2000,3658.0000,3652.4000,3651.6000,3650.2000,3660.6000,3660.8000,3663.4000,3663.6000,3664.2000,1,4,3,1,5,1,1,1,4,1
SF,IF2012,2020-05-25 09:33:21.000,3659.0000,4999,0,69323760.000,0,-,-,-,-,3658.2000,3658.0000,3652.4000,3651.6000,3650.2000,3660.6000,3663.4000,3663.6000,3664.2000,3666.0000,1,4,3,1,5,1,1,4,1,2
SF,IF2012,2020-05-25 09:33:21.500,3659.0000,4999,0,69323760.000,0,-,-,-,-,3658.2000,3658.0000,3652.4000,3651.6000,3650.2000,3660.6000,3660.8000,3663.4000,3663.6000,3664.2000,1,4,3,1,5,1,1,1,4,1
SF,IF2012,2020-05-25 09:33:22.000,3659.0000,4999,0,69323760.000,0,-,-,-,-,3658.2000,3658.0000,3652.4000,3651.6000,3650.2000,3660.6000,3663.4000,3663.6000,3664.2000,3666.0000,1,4,3,1,5,1,1,4,1,2
SF,IF2012,2020-05-25 09:33:23.500,3659.0000,4999,0,69323760.000,0,-,-,-,-,3658.2000,3658.0000,3652.4000,3651.6000,3650.2000,3660.6000,3660.8000,3663.4000,3663.6000,3664.2000,1,4,3,1,5,1,1,1,4,1
SF,IF2012,2020-05-25 09:33:24.000,3659.0000,4999,0,69323760.000,0,-,-,-,-,3658.2000,3658.0000,3652.4000,3651.6000,3650.2000,3660.4000,3660.6000,3660.8000,3663.4000,3663.6000,1,4,3,1,5,1,1,1,1,4
SF,IF2012,2020-05-25 09:33:24.500,3659.0000,4999,0,69323760.000,0,-,-,-,-,3658.2000,3658.0000,3652.4000,3651.6000,3650.2000,3660.2000,3660.4000,3660.8000,3663.4000,3663.6000,1,4,3,1,5,1,1,1,1,4
SF,IF2012,2020-05-25 09:33:25.000,3659.0000,4999,0,69323760.000,0,-,-,-,-,3658.2000,3658.0000,3652.4000,3651.6000,3650.2000,3660.2000,3660.8000,3663.4000,3663.6000,3664.2000,1,4,3,1,5,1,1,1,4,1
SF,IF2012,2020-05-25 09:33:26.000,3659.0000,4999,0,69323760.000,0,-,-,-,-,3658.4000,3658.2000,3658.0000,3652.4000,3651.6000,3660.2000,3660.8000,3663.4000,3663.6000,3664.2000,1,1,4,3,1,1,1,1,4,1
SF,IF2012,2020-05-25 09:33:26.500,3659.0000,4999,0,69323760.000,0,-,-,-,-,3658.4000,3658.0000,3652.4000,3651.6000,3650.2000,3660.2000,3663.4000,3663.6000,3664.2000,3666.0000,1,4,3,1,5,1,1,4,1,2
SF,IF2012,2020-05-25 09:33:28.500,3659.0000,4999,0,69323760.000,0,-,-,-,-,3658.0000,3652.4000,3651.6000,3650.2000,3650.0000,3660.2000,3663.4000,3663.6000,3664.2000,3666.0000,4,3,1,5,5,1,1,4,1,2
SF,IF2012,2020-05-25 09:33:29.000,3659.0000,4999,0,69323760.000,0,-,-,-,-,3658.0000,3652.4000,3651.6000,3650.2000,3650.0000,3660.0000,3660.2000,3663.4000,3663.6000,3664.2000,4,3,1,5,5,1,1,1,4,1
SF,IF2012,2020-05-25 09:33:32.500,3659.0000,4999,0,69323760.000,0,-,-,-,-,3658.2000,3658.0000,3652.4000,3651.6000,3650.2000,3660.0000,3660.2000,3663.4000,3663.6000,3664.2000,1,4,3,1,5,1,1,1,4,1
SF,IF2012,2020-05-25 09:33:33.000,3659.0000,4999,0,69323760.000,0,-,-,-,-,3658.0000,3652.4000,3651.6000,3650.2000,3650.0000,3660.0000,3660.2000,3663.4000,3663.6000,3664.2000,4,3,1,5,5,1,1,1,4,1
SF,IF2012,2020-05-25 09:33:33.500,3659.0000,4999,0,69323760.000,0,-,-,-,-,3658.2000,3658.0000,3652.4000,3651.6000,3650.2000,3660.2000,3663.4000,3663.6000,3664.2000,3666.0000,1,4,3,1,5,1,1,4,1,2
SF,IF2012,2020-05-25 09:33:37.000,3659.0000,4999,0,69323760.000,0,-,-,-,-,3658.2000,3658.0000,3652.4000,3651.6000,3650.2000,3660.2000,3663.4000,3663.6000,3664.2000,3666.0000,2,4,3,1,5,1,1,4,1,2
SF,IF2012,2020-05-25 09:33:37.500,3659.0000,4999,0,69323760.000,0,-,-,-,-,3658.4000,3658.2000,3658.0000,3652.4000,3651.6000,3660.2000,3663.4000,3663.6000,3664.2000,3666.0000,1,1,4,3,1,1,1,4,1,2
SF,IF2012,2020-05-25 09:33:38.000,3659.0000,4999,0,69323760.000,0,-,-,-,-,3658.4000,3658.0000,3652.4000,3651.6000,3650.2000,3660.2000,3663.4000,3663.6000,3664.2000,3666.0000,1,4,3,1,5,1,1,4,1,2
SF,IF2012,2020-05-25 09:33:38.500,3659.0000,4999,0,69323760.000,0,-,-,-,-,3658.6000,3658.4000,3658.0000,3652.4000,3651.6000,3660.2000,3663.4000,3663.6000,3664.2000,3666.0000,1,1,4,3,1,1,1,4,1,2
SF,IF2012,2020-05-25 09:33:39.000,3659.0000,4999,0,69323760.000,0,-,-,-,-,3658.6000,3658.4000,3658.0000,3652.4000,3651.6000,3663.4000,3663.6000,3664.2000,3666.0000,3670.0000,1,1,4,3,1,1,4,1,2,8
SF,IF2012,2020-05-25 09:33:39.500,3659.0000,4999,0,69323760.000,0,-,-,-,-,3658.6000,3658.4000,3658.0000,3652.4000,3651.6000,3663.0000,3663.2000,3663.4000,3664.2000,3666.0000,1,1,4,3,1,4,2,1,1,2
SF,IF2012,2020-05-25 09:33:40.000,3659.0000,4999,0,69323760.000,0,-,-,-,-,3658.8000,3658.6000,3658.0000,3652.4000,3651.6000,3662.8000,3663.0000,3664.2000,3666.0000,3670.0000,1,1,4,3,1,2,4,1,2,8
SF,IF2012,2020-05-25 09:33:40.500,3659.0000,4999,0,69323760.000,0,-,-,-,-,3658.8000,3658.0000,3652.4000,3651.6000,3650.2000,3662.6000,3662.8000,3663.0000,3664.2000,3666.0000,1,4,3,1,5,1,2,4,1,2
SF,IF2012,2020-05-25 09:33:41.000,3659.0000,4999,0,69323760.000,0,-,-,-,-,3659.0000,3658.8000,3658.0000,3652.4000,3651.6000,3660.8000,3662.4000,3662.6000,3664.2000,3666.0000,1,1,4,3,1,1,2,1,1,2
SF,IF2012,2020-05-25 09:33:41.500,3659.0000,4999,0,69323760.000,0,-,-,-,-,3659.0000,3658.8000,3658.0000,3652.4000,3651.6000,3660.6000,3660.8000,3662.4000,3662.6000,3664.2000,1,1,4,3,1,1,1,2,1,1
SF,IF2012,2020-05-25 09:33:42.000,3659.0000,4999,0,69323760.000,0,-,-,-,-,3659.0000,3658.8000,3658.0000,3652.4000,3651.6000,3660.4000,3662.4000,3662.6000,3664.2000,3666.0000,1,1,4,3,1,1,2,1,1,2
SF,IF2012,2020-05-25 09:33:42.500,3659.0000,4999,0,69323760.000,0,-,-,-,-,3659.0000,3658.0000,3652.4000,3651.6000,3650.2000,3662.4000,3662.6000,3664.2000,3666.0000,3670.0000,2,3,3,1,5,2,1,1,2,8
SF,IF2012,2020-05-25 09:33:43.000,3659.0000,4999,0,69323760.000,0,-,-,-,-,3659.0000,3658.0000,3652.4000,3651.6000,3650.2000,3662.0000,3662.4000,3664.2000,3666.0000,3670.0000,1,3,3,1,5,1,2,1,2,8
SF,IF2012,2020-05-25 09:33:43.500,3659.0000,4999,0,69323760.000,0,-,-,-,-,3659.0000,3658.0000,3652.4000,3651.6000,3650.2000,3660.8000,3661.8000,3662.0000,3664.2000,3666.0000,1,3,3,1,5,1,3,1,1,2
SF,IF2012,2020-05-25 09:33:44.000,3659.0000,4999,0,69323760.000,0,-,-,-,-,3659.0000,3658.0000,3652.4000,3651.6000,3650.2000,3661.8000,3664.2000,3666.0000,3670.0000,3672.2000,1,3,3,1,5,3,1,2,8,1
SF,IF2012,2020-05-25 09:33:44.500,3659.0000,4999,0,69323760.000,0,-,-,-,-,3659.0000,3658.0000,3652.4000,3651.6000,3650.2000,3660.8000,3661.6000,3661.8000,3664.2000,3666.0000,1,3,3,1,5,1,2,3,1,2
SF,IF2012,2020-05-25 09:33:45.000,3659.0000,4999,0,69323760.000,0,-,-,-,-,3659.0000,3658.0000,3652.4000,3651.6000,3650.2000,3661.2000,3661.8000,3664.2000,3666.0000,3670.0000,1,3,3,1,5,1,3,1,2,8
SF,IF2012,2020-05-25 09:33:45.500,3659.0000,4999,0,69323760.000,0,-,-,-,-,3659.0000,3658.0000,3652.4000,3651.6000,3650.2000,3660.8000,3661.0000,3661.2000,3661.8000,3664.2000,1,3,3,1,5,2,1,1,1,1
SF,IF2012,2020-05-25 09:33:46.000,3659.0000,4999,0,69323760.000,0,-,-,-,-,3659.0000,3658.0000,3652.4000,3651.6000,3650.2000,3660.6000,3660.8000,3661.0000,3664.2000,3666.0000,1,3,3,1,5,2,2,1,1,2
SF,IF2012,2020-05-25 09:33:46.500,3659.0000,4999,0,69323760.000,0,-,-,-,-,3659.0000,3658.0000,3652.4000,3651.6000,3650.2000,3660.6000,3660.8000,3661.0000,3664.2000,3666.0000,1,3,3,1,5,3,1,1,1,2
SF,IF2012,2020-05-25 09:33:47.000,3659.0000,4999,0,69323760.000,0,-,-,-,-,3659.0000,3658.0000,3652.4000,3651.6000,3650.2000,3660.4000,3660.6000,3660.8000,3661.0000,3664.2000,1,3,3,1,5,1,2,1,1,1
SF,IF2012,2020-05-25 09:33:47.500,3659.0000,4999,0,69323760.000,0,-,-,-,-,3659.0000,3658.0000,3652.4000,3651.6000,3650.2000,3660.2000,3660.4000,3660.6000,3660.8000,3661.0000,1,3,3,1,5,1,1,1,1,1
SF,IF2012,2020-05-25 09:33:48.000,3659.0000,4999,0,69323760.000,0,-,-,-,-,3659.0000,3658.0000,3652.4000,3651.6000,3650.2000,3660.2000,3660.6000,3660.8000,3661.0000,3664.0000,1,3,3,1,5,1,1,1,1,1
SF,IF2012,2020-05-25 09:33:49.000,3659.0000,4999,0,70421460.000,1,0,1,多换,S,3658.0000,3652.4000,3651.6000,3650.2000,3650.0000,3660.2000,3660.6000,3660.8000,3661.0000,3664.0000,3,3,1,5,5,1,1,1,1,1
SF,IF2012,2020-05-25 09:33:49.500,3659.0000,4999,0,70421460.000,0,-,-,-,-,3658.0000,3652.4000,3651.6000,3650.2000,3650.0000,3660.0000,3660.2000,3660.8000,3664.0000,3664.2000,3,3,1,5,5,1,1,1,1,1
SF,IF2012,2020-05-25 09:33:50.000,3659.0000,4999,0,70421460.000,0,-,-,-,-,3658.2000,3658.0000,3652.4000,3651.6000,3650.2000,3660.0000,3660.2000,3660.8000,3664.0000,3664.2000,1,3,3,1,5,1,1,1,1,1
SF,IF2012,2020-05-25 09:33:56.000,3659.0000,4999,0,70421460.000,0,-,-,-,-,3658.2000,3658.0000,3652.4000,3651.6000,3650.2000,3660.0000,3660.8000,3664.0000,3664.2000,3666.0000,1,3,3,1,5,1,1,1,1,2
SF,IF2012,2020-05-25 09:33:57.000,3659.0000,4999,0,70421460.000,0,-,-,-,-,3658.2000,3658.0000,3652.4000,3651.6000,3650.2000,3660.0000,3660.8000,3664.0000,3664.2000,3666.0000,2,3,3,1,5,1,1,1,1,2
SF,IF2012,2020-05-25 09:33:57.500,3659.0000,4999,0,70421460.000,0,-,-,-,-,3658.4000,3658.2000,3658.0000,3652.4000,3651.6000,3660.0000,3660.8000,3664.0000,3664.2000,3666.0000,1,1,3,3,1,1,1,1,1,2
SF,IF2012,2020-05-25 09:33:58.000,3659.0000,4999,0,70421460.000,0,-,-,-,-,3658.4000,3658.0000,3652.4000,3651.6000,3650.2000,3664.0000,3664.2000,3666.0000,3670.0000,3672.2000,1,3,3,1,5,1,1,2,8,1
SF,IF2012,2020-05-25 09:33:58.500,3659.0000,4999,0,70421460.000,0,-,-,-,-,3658.6000,3658.4000,3658.0000,3652.4000,3651.6000,3660.8000,3663.6000,3663.8000,3664.0000,3664.2000,1,1,3,3,1,1,4,2,1,1
SF,IF2012,2020-05-25 09:33:59.000,3659.0000,4999,0,70421460.000,0,-,-,-,-,3658.6000,3658.4000,3658.0000,3652.4000,3651.6000,3660.4000,3660.6000,3660.8000,3663.6000,3663.8000,1,1,3,3,1,1,1,1,4,1
SF,IF2012,2020-05-25 09:33:59.500,3659.0000,4999,0,70421460.000,0,-,-,-,-,3658.6000,3658.4000,3658.0000,3652.4000,3651.6000,3660.6000,3660.8000,3663.6000,3663.8000,3664.0000,1,1,3,3,1,1,1,4,1,1
SF,IF2012,2020-05-25 09:34:00.000,3659.0000,4999,0,70421460.000,0,-,-,-,-,3658.8000,3658.6000,3658.0000,3652.4000,3651.6000,3660.6000,3663.6000,3663.8000,3664.0000,3664.2000,1,1,3,3,1,1,4,1,1,1
SF,IF2012,2020-05-25 09:34:00.500,3659.0000,4999,0,70421460.000,0,-,-,-,-,3658.8000,3658.0000,3652.4000,3651.6000,3650.2000,3660.6000,3663.6000,3663.8000,3664.0000,3664.2000,1,3,3,1,5,1,4,1,1,1
SF,IF2012,2020-05-25 09:34:01.000,3659.0000,4999,0,70421460.000,0,-,-,-,-,3659.0000,3658.8000,3658.0000,3652.4000,3651.6000,3660.6000,3663.6000,3663.8000,3664.0000,3664.2000,1,1,3,3,1,1,4,1,1,1
SF,IF2012,2020-05-25 09:34:01.500,3659.0000,4999,0,70421460.000,0,-,-,-,-,3659.0000,3658.8000,3658.0000,3652.4000,3651.6000,3663.8000,3664.0000,3664.2000,3666.0000,3670.0000,2,1,3,3,1,1,1,1,2,8
SF,IF2012,2020-05-25 09:34:02.000,3659.0000,4999,0,70421460.000,0,-,-,-,-,3659.2000,3659.0000,3658.8000,3658.0000,3652.4000,3663.4000,3663.6000,3663.8000,3664.0000,3664.2000,1,1,1,3,3,4,2,1,1,1
SF,IF2012,2020-05-25 09:34:02.500,3659.0000,4999,0,70421460.000,0,-,-,-,-,3659.0000,3658.8000,3658.0000,3652.4000,3651.6000,3660.8000,3663.2000,3663.4000,3664.0000,3664.2000,1,1,3,3,1,1,2,4,1,1
SF,IF2012,2020-05-25 09:34:03.000,3659.0000,4999,0,70421460.000,0,-,-,-,-,3659.2000,3659.0000,3658.8000,3658.0000,3652.4000,3663.2000,3663.4000,3664.0000,3664.2000,3666.0000,1,1,1,3,3,2,4,1,1,2
SF,IF2012,2020-05-25 09:34:03.500,3659.0000,4999,0,70421460.000,0,-,-,-,-,3659.0000,3658.8000,3658.0000,3652.4000,3651.6000,3660.8000,3662.8000,3663.0000,3663.2000,3664.0000,1,1,3,3,1,1,4,1,2,1
SF,IF2012,2020-05-25 09:34:04.000,3659.0000,4999,0,70421460.000,0,-,-,-,-,3660.0000,3659.0000,3658.8000,3658.0000,3652.4000,3660.8000,3662.8000,3663.0000,3663.2000,3664.0000,1,1,1,3,3,1,4,1,2,1
SF,IF2012,2020-05-25 09:34:04.500,3660.8000,4999,0,71519700.000,1,0,1,多换,S,3660.0000,3659.0000,3658.0000,3652.4000,3651.6000,3662.8000,3663.0000,3663.2000,3664.0000,3664.2000,1,1,3,3,1,4,1,2,1,1
SF,IF2012,2020-05-25 09:34:05.000,3660.2000,4998,-1,72617760.000,1,0,1,双平,S,3660.0000,3658.0000,3652.4000,3651.6000,3650.2000,3662.6000,3664.0000,3664.2000,3666.0000,3670.0000,1,3,3,1,5,4,1,1,2,8
SF,IF2012,2020-05-25 09:34:05.500,3660.2000,4998,0,72617760.000,0,-,-,-,-,3660.0000,3658.0000,3652.4000,3651.6000,3650.2000,3662.4000,3662.6000,3664.0000,3664.2000,3666.0000,1,3,3,1,5,1,4,1,1,2
SF,IF2012,2020-05-25 09:34:06.000,3660.2000,4998,0,72617760.000,0,-,-,-,-,3660.0000,3658.0000,3652.4000,3651.6000,3650.2000,3662.2000,3662.4000,3664.0000,3664.2000,3666.0000,1,3,3,1,5,2,1,1,1,2
SF,IF2012,2020-05-25 09:34:07.000,3660.2000,4998,0,72617760.000,0,-,-,-,-,3660.2000,3660.0000,3658.0000,3652.4000,3651.6000,3662.2000,3662.4000,3664.0000,3664.2000,3666.0000,2,1,2,3,1,2,1,1,1,2
SF,IF2012,2020-05-25 09:34:07.500,3660.2000,4998,0,72617760.000,0,-,-,-,-,3660.2000,3660.0000,3658.0000,3652.4000,3651.6000,3662.2000,3662.4000,3664.0000,3666.0000,3670.0000,3,1,2,3,1,2,1,1,2,8
SF,IF2012,2020-05-25 09:34:08.000,3660.2000,4998,0,72617760.000,0,-,-,-,-,3660.2000,3660.0000,3658.0000,3652.4000,3651.6000,3662.2000,3664.0000,3666.0000,3670.0000,3672.2000,3,1,2,3,1,1,1,2,8,1
SF,IF2012,2020-05-25 09:34:08.500,3660.2000,4998,0,72617760.000,0,-,-,-,-,3660.2000,3660.0000,3658.0000,3652.4000,3651.6000,3662.0000,3662.2000,3664.0000,3666.0000,3670.0000,3,1,2,3,1,1,1,1,2,8
SF,IF2012,2020-05-25 09:34:09.000,3660.2000,4998,0,72617760.000,0,-,-,-,-,3660.2000,3660.0000,3658.0000,3652.4000,3651.6000,3662.0000,3662.2000,3664.0000,3666.0000,3670.0000,2,1,2,3,1,1,1,1,2,8
SF,IF2012,2020-05-25 09:34:10.000,3660.2000,4998,0,72617760.000,0,-,-,-,-,3660.2000,3660.0000,3658.0000,3652.4000,3651.6000,3661.8000,3662.0000,3662.2000,3664.0000,3666.0000,2,1,2,3,1,1,1,1,1,2
SF,IF2012,2020-05-25 09:34:10.500,3660.2000,4998,0,72617760.000,0,-,-,-,-,3660.2000,3660.0000,3658.0000,3652.4000,3651.6000,3661.6000,3662.2000,3664.0000,3666.0000,3670.0000,1,1,2,3,1,3,1,1,2,8
SF,IF2012,2020-05-25 09:34:11.000,3660.2000,4998,0,72617760.000,0,-,-,-,-,3660.2000,3660.0000,3658.0000,3652.4000,3651.6000,3661.4000,3661.6000,3662.2000,3664.0000,3666.0000,1,1,2,3,1,1,2,1,1,2
SF,IF2012,2020-05-25 09:34:11.500,3660.2000,4998,0,72617760.000,0,-,-,-,-,3660.2000,3660.0000,3658.0000,3652.4000,3651.6000,3661.4000,3662.2000,3664.0000,3666.0000,3670.0000,1,1,2,3,1,1,1,1,2,8
SF,IF2012,2020-05-25 09:34:12.500,3660.2000,4998,0,72617760.000,0,-,-,-,-,3660.4000,3660.2000,3660.0000,3658.0000,3652.4000,3661.4000,3662.2000,3664.0000,3666.0000,3670.0000,1,1,1,2,3,1,1,1,2,8
SF,IF2012,2020-05-25 09:34:13.000,3660.2000,4998,0,72617760.000,0,-,-,-,-,3660.4000,3660.2000,3660.0000,3658.0000,3652.4000,3662.2000,3664.0000,3666.0000,3670.0000,3672.2000,1,1,1,2,3,1,1,2,8,1
SF,IF2012,2020-05-25 09:34:13.500,3660.2000,4998,0,72617760.000,0,-,-,-,-,3660.4000,3660.2000,3660.0000,3658.0000,3652.4000,3662.0000,3662.2000,3664.0000,3666.0000,3670.0000,1,1,1,2,3,2,1,1,2,8
SF,IF2012,2020-05-25 09:34:14.000,3660.2000,4997,-1,73715820.000,1,0,1,双平,S,3660.2000,3660.0000,3658.0000,3652.4000,3651.6000,3662.0000,3662.2000,3664.0000,3666.0000,3670.0000,1,1,2,3,1,1,1,1,2,8
SF,IF2012,2020-05-25 09:34:15.500,3662.0000,4996,-1,74814420.000,1,0,1,双平,S,3660.2000,3660.0000,3658.0000,3652.4000,3651.6000,3662.2000,3664.0000,3666.0000,3670.0000,3672.2000,1,1,2,3,1,1,1,2,8,1
SF,IF2012,2020-05-25 09:34:18.000,3662.0000,4996,0,74814420.000,0,-,-,-,-,3660.4000,3660.2000,3660.0000,3658.0000,3652.4000,3662.2000,3664.0000,3666.0000,3670.0000,3672.2000,1,1,1,2,3,1,1,2,8,1
SF,IF2012,2020-05-25 09:34:20.000,3662.0000,4996,0,74814420.000,0,-,-,-,-,3660.8000,3660.4000,3660.2000,3660.0000,3658.0000,3662.2000,3664.0000,3666.0000,3670.0000,3672.2000,1,1,1,1,2,1,1,2,8,1
SF,IF2012,2020-05-25 09:34:20.500,3662.0000,4996,0,74814420.000,0,-,-,-,-,3660.4000,3660.2000,3660.0000,3658.0000,3652.4000,3664.0000,3666.0000,3670.0000,3672.2000,3674.0000,1,1,1,2,3,1,2,8,1,1
SF,IF2012,2020-05-25 09:34:21.000,3662.0000,4996,0,74814420.000,0,-,-,-,-,3660.4000,3660.2000,3660.0000,3658.0000,3652.4000,3663.8000,3664.0000,3666.0000,3670.0000,3672.2000,1,1,1,2,3,2,1,2,8,1
SF,IF2012,2020-05-25 09:34:21.500,3662.0000,4996,0,74814420.000,0,-,-,-,-,3660.8000,3660.4000,3660.2000,3660.0000,3658.0000,3663.8000,3664.0000,3666.0000,3670.0000,3672.2000,1,1,1,1,2,2,1,2,8,1
SF,IF2012,2020-05-25 09:34:25.000,3662.0000,4996,0,74814420.000,0,-,-,-,-,3660.8000,3660.4000,3660.2000,3660.0000,3658.0000,3663.8000,3664.0000,3666.0000,3670.0000,3672.2000,1,1,1,1,2,1,1,2,8,1
SF,IF2012,2020-05-25 09:34:27.500,3662.0000,4996,0,74814420.000,0,-,-,-,-,3661.0000,3660.8000,3660.4000,3660.2000,3660.0000,3663.8000,3664.0000,3666.0000,3670.0000,3672.2000,1,1,1,1,1,1,1,2,8,1
SF,IF2012,2020-05-25 09:34:31.000,3662.0000,4996,0,74814420.000,0,-,-,-,-,3661.0000,3660.8000,3660.4000,3660.2000,3660.0000,3663.6000,3663.8000,3664.0000,3666.0000,3670.0000,1,1,1,1,1,2,1,1,2,8
SF,IF2012,2020-05-25 09:34:31.500,3662.0000,4996,0,74814420.000,0,-,-,-,-,3661.0000,3660.8000,3660.4000,3660.2000,3660.0000,3663.4000,3663.6000,3664.0000,3666.0000,3670.0000,1,1,1,1,1,1,2,1,2,8
SF,IF2012,2020-05-25 09:34:32.000,3662.0000,4996,0,74814420.000,0,-,-,-,-,3660.8000,3660.4000,3660.2000,3660.0000,3658.0000,3663.2000,3663.4000,3664.0000,3666.0000,3670.0000,1,1,1,1,2,2,1,1,2,8
SF,IF2012,2020-05-25 09:34:32.500,3662.0000,4996,0,74814420.000,0,-,-,-,-,3660.8000,3660.4000,3660.2000,3660.0000,3658.0000,3663.0000,3664.0000,3666.0000,3670.0000,3672.2000,1,1,1,1,2,3,1,2,8,1
SF,IF2012,2020-05-25 09:34:33.000,3662.0000,4996,0,74814420.000,0,-,-,-,-,3660.4000,3660.2000,3660.0000,3658.0000,3652.4000,3663.0000,3664.0000,3666.0000,3670.0000,3672.2000,1,1,1,2,3,3,1,2,8,1
SF,IF2012,2020-05-25 09:34:36.000,3660.4000,4995,-1,75912540.000,1,0,1,双平,S,3660.2000,3660.0000,3658.0000,3652.4000,3651.6000,3663.0000,3664.0000,3666.0000,3670.0000,3672.2000,1,1,2,3,1,3,1,2,8,1
SF,IF2012,2020-05-25 09:34:36.500,3660.4000,4995,0,75912540.000,0,-,-,-,-,3661.0000,3660.2000,3660.0000,3658.0000,3652.4000,3662.8000,3663.0000,3664.0000,3666.0000,3670.0000,1,1,1,2,3,2,1,1,2,8
SF,IF2012,2020-05-25 09:34:37.000,3660.8000,4994,-1,77010780.000,1,0,1,双平,S,3660.2000,3660.0000,3658.0000,3652.4000,3651.6000,3662.8000,3663.0000,3664.0000,3666.0000,3670.0000,1,1,2,3,1,2,1,1,2,8
SF,IF2012,2020-05-25 09:34:37.500,3660.8000,4994,0,77010780.000,0,-,-,-,-,3660.2000,3660.0000,3658.0000,3652.4000,3651.6000,3662.6000,3662.8000,3664.0000,3666.0000,3670.0000,1,1,2,3,1,2,2,1,2,8
SF,IF2012,2020-05-25 09:34:38.000,3660.8000,4994,0,77010780.000,0,-,-,-,-,3660.2000,3660.0000,3658.0000,3652.4000,3651.6000,3662.4000,3662.6000,3664.0000,3666.0000,3670.0000,1,1,2,3,1,2,2,1,2,8
SF,IF2012,2020-05-25 09:34:38.500,3660.8000,4994,0,77010780.000,0,-,-,-,-,3660.2000,3660.0000,3658.0000,3652.4000,3651.6000,3662.2000,3662.4000,3664.0000,3666.0000,3670.0000,1,1,2,3,1,2,2,1,2,8
SF,IF2012,2020-05-25 09:34:39.000,3660.8000,4994,0,77010780.000,0,-,-,-,-,3660.2000,3660.0000,3658.0000,3652.4000,3651.6000,3662.0000,3662.2000,3664.0000,3666.0000,3670.0000,1,1,2,3,1,2,2,1,2,8
SF,IF2012,2020-05-25 09:34:40.000,3660.2000,4993,-1,78108840.000,1,0,1,双平,S,3660.0000,3658.0000,3652.4000,3651.6000,3650.0000,3661.8000,3662.0000,3662.2000,3664.0000,3666.0000,2,2,3,1,5,1,2,1,1,2
SF,IF2012,2020-05-25 09:34:40.500,3660.0000,4993,0,80304840.000,2,1,1,多换,S,3658.0000,3652.4000,3651.6000,3650.0000,3649.0000,3661.8000,3662.0000,3662.2000,3664.0000,3666.0000,2,3,1,5,5,1,2,1,1,2
SF,IF2012,2020-05-25 09:34:41.000,3660.0000,4993,0,80304840.000,0,-,-,-,-,3658.0000,3652.4000,3651.6000,3650.0000,3649.0000,3661.6000,3661.8000,3664.0000,3666.0000,3670.0000,2,3,1,5,5,1,1,1,2,8
SF,IF2012,2020-05-25 09:34:41.500,3660.0000,4993,0,80304840.000,0,-,-,-,-,3658.0000,3652.4000,3651.6000,3650.0000,3649.0000,3661.4000,3661.6000,3664.0000,3666.0000,3670.0000,2,3,1,5,5,1,1,1,2,8
SF,IF2012,2020-05-25 09:34:42.000,3660.0000,4993,0,80304840.000,0,-,-,-,-,3658.0000,3652.4000,3651.6000,3650.0000,3649.0000,3661.2000,3661.4000,3664.0000,3666.0000,3670.0000,2,3,1,5,5,1,1,1,2,8
SF,IF2012,2020-05-25 09:34:42.500,3660.0000,4993,0,80304840.000,0,-,-,-,-,3658.2000,3658.0000,3652.4000,3651.6000,3650.0000,3661.2000,3661.4000,3664.0000,3666.0000,3670.0000,1,2,3,1,5,1,1,1,2,8
SF,IF2012,2020-05-25 09:34:45.000,3660.0000,4993,0,80304840.000,0,-,-,-,-,3658.4000,3658.2000,3658.0000,3652.4000,3651.6000,3661.2000,3661.4000,3664.0000,3666.0000,3670.0000,1,1,2,3,1,1,1,1,2,8
SF,IF2012,2020-05-25 09:34:45.500,3660.0000,4993,0,80304840.000,0,-,-,-,-,3660.0000,3658.4000,3658.2000,3658.0000,3652.4000,3661.0000,3661.2000,3661.4000,3664.0000,3666.0000,2,1,1,2,3,3,1,1,1,2
SF,IF2012,2020-05-25 09:34:46.000,3660.0000,4993,0,81402840.000,1,0,1,多换,S,3660.0000,3658.4000,3658.2000,3658.0000,3652.4000,3661.0000,3661.4000,3664.0000,3666.0000,3670.0000,1,1,1,2,3,1,1,1,2,8
SF,IF2012,2020-05-25 09:34:46.500,3660.0000,4993,0,82500840.000,1,0,1,多换,S,3658.4000,3658.2000,3658.0000,3652.4000,3651.6000,3661.2000,3661.4000,3664.0000,3666.0000,3670.0000,1,1,2,3,1,1,1,1,2,8
SF,IF2012,2020-05-25 09:34:47.000,3660.0000,4993,0,82500840.000,0,-,-,-,-,3658.4000,3658.2000,3658.0000,3652.4000,3651.6000,3661.0000,3661.2000,3661.4000,3664.0000,3666.0000,1,1,2,3,1,1,1,1,1,2
SF,IF2012,2020-05-25 09:34:50.000,3660.0000,4993,0,82500840.000,0,-,-,-,-,3658.4000,3658.2000,3658.0000,3652.4000,3651.6000,3660.8000,3661.0000,3661.2000,3664.0000,3666.0000,1,1,2,3,1,1,1,1,1,2
SF,IF2012,2020-05-25 09:34:50.500,3660.0000,4993,0,82500840.000,0,-,-,-,-,3658.4000,3658.2000,3658.0000,3652.4000,3651.6000,3660.6000,3660.8000,3664.0000,3666.0000,3670.0000,1,1,2,3,1,3,1,1,2,8
SF,IF2012,2020-05-25 09:34:51.000,3660.0000,4993,0,82500840.000,0,-,-,-,-,3659.8000,3658.4000,3658.2000,3658.0000,3652.4000,3660.6000,3660.8000,3664.0000,3666.0000,3670.0000,2,1,1,2,3,3,1,1,2,8
SF,IF2012,2020-05-25 09:34:51.500,3659.8000,4993,0,84696720.000,2,1,1,多换,S,3658.4000,3658.2000,3658.0000,3652.4000,3651.6000,3660.6000,3664.0000,3666.0000,3670.0000,3672.2000,1,1,2,3,1,2,1,2,8,1
SF,IF2012,2020-05-25 09:34:52.000,3659.8000,4993,0,84696720.000,0,-,-,-,-,3658.4000,3658.2000,3658.0000,3652.4000,3651.6000,3660.4000,3660.6000,3664.0000,3666.0000,3670.0000,1,1,2,3,1,1,2,1,2,8
SF,IF2012,2020-05-25 09:34:52.500,3659.8000,4993,0,84696720.000,0,-,-,-,-,3658.4000,3658.2000,3658.0000,3652.4000,3651.6000,3660.4000,3660.6000,3664.0000,3666.0000,3670.0000,1,1,2,3,1,1,1,1,2,8
SF,IF2012,2020-05-25 09:34:53.000,3659.8000,4993,0,84696720.000,0,-,-,-,-,3660.0000,3658.4000,3658.2000,3658.0000,3652.4000,3660.2000,3660.4000,3660.6000,3664.0000,3666.0000,1,1,1,2,3,1,1,1,1,2
SF,IF2012,2020-05-25 09:34:53.500,3660.0000,4993,0,85794720.000,1,0,1,多换,S,3659.6000,3658.4000,3658.2000,3658.0000,3652.4000,3660.6000,3664.0000,3666.0000,3670.0000,3672.2000,2,1,1,2,3,1,1,2,8,1
SF,IF2012,2020-05-25 09:34:54.000,3660.0000,4993,0,85794720.000,0,-,-,-,-,3659.6000,3658.4000,3658.2000,3658.0000,3652.4000,3663.8000,3664.0000,3666.0000,3670.0000,3672.2000,2,1,1,2,3,1,1,2,8,1
SF,IF2012,2020-05-25 09:34:54.500,3660.0000,4993,0,85794720.000,0,-,-,-,-,3659.6000,3658.4000,3658.2000,3658.0000,3652.4000,3663.4000,3663.6000,3663.8000,3664.0000,3666.0000,2,1,1,2,3,4,2,1,1,2
SF,IF2012,2020-05-25 09:34:55.000,3660.0000,4993,0,85794720.000,0,-,-,-,-,3659.6000,3658.4000,3658.0000,3652.4000,3651.6000,3663.2000,3663.4000,3663.8000,3664.0000,3666.0000,2,1,2,3,1,2,4,1,1,2
SF,IF2012,2020-05-25 09:34:55.500,3660.0000,4993,0,85794720.000,0,-,-,-,-,3659.6000,3658.4000,3658.0000,3652.4000,3651.6000,3662.8000,3663.2000,3663.8000,3664.0000,3666.0000,2,1,2,3,1,4,2,1,1,2
SF,IF2012,2020-05-25 09:34:56.000,3660.0000,4993,0,85794720.000,0,-,-,-,-,3659.6000,3659.4000,3658.4000,3658.0000,3652.4000,3662.4000,3662.6000,3662.8000,3663.8000,3664.0000,2,2,1,2,3,2,2,4,1,1
SF,IF2012,2020-05-25 09:34:56.500,3659.6000,4993,0,87990480.000,2,1,1,多换,S,3659.4000,3658.4000,3658.0000,3652.4000,3651.6000,3662.2000,3662.4000,3662.8000,3663.8000,3664.0000,2,1,2,3,1,4,1,4,1,1
SF,IF2012,2020-05-25 09:34:57.000,3659.6000,4993,0,87990480.000,0,-,-,-,-,3659.4000,3658.4000,3658.0000,3652.4000,3651.6000,3662.0000,3662.2000,3662.8000,3663.8000,3664.0000,2,1,2,3,1,2,2,4,1,1
SF,IF2012,2020-05-25 09:34:57.500,3659.6000,4993,0,87990480.000,0,-,-,-,-,3659.4000,3658.4000,3658.0000,3652.4000,3651.6000,3661.8000,3662.0000,3662.8000,3664.0000,3666.0000,2,1,2,3,1,3,2,4,1,2
SF,IF2012,2020-05-25 09:34:58.000,3659.6000,4993,0,87990480.000,0,-,-,-,-,3659.4000,3659.2000,3658.4000,3658.0000,3652.4000,3661.6000,3661.8000,3662.8000,3664.0000,3666.0000,2,2,1,2,3,2,3,4,1,2
SF,IF2012,2020-05-25 09:34:58.500,3659.6000,4993,0,87990480.000,0,-,-,-,-,3659.4000,3659.2000,3658.4000,3658.0000,3652.4000,3661.4000,3661.6000,3661.8000,3662.8000,3664.0000,2,2,1,2,3,2,2,1,4,1
SF,IF2012,2020-05-25 09:34:59.000,3659.6000,4993,0,87990480.000,0,-,-,-,-,3659.4000,3659.2000,3658.4000,3658.0000,3652.4000,3661.2000,3661.4000,3661.8000,3662.8000,3664.0000,2,2,1,2,3,2,2,1,4,1
SF,IF2012,2020-05-25 09:34:59.500,3659.6000,4993,0,87990480.000,0,-,-,-,-,3659.4000,3659.2000,3658.4000,3658.0000,3652.4000,3661.0000,3661.2000,3661.4000,3662.8000,3664.0000,2,2,1,2,3,1,2,1,4,1
SF,IF2012,2020-05-25 09:35:00.000,3659.6000,4993,0,87990480.000,0,-,-,-,-,3659.4000,3659.2000,3659.0000,3658.4000,3658.0000,3661.0000,3661.4000,3662.8000,3664.0000,3666.0000,2,2,2,1,2,1,1,4,1,2
SF,IF2012,2020-05-25 09:35:00.500,3660.8000,4993,0,89088720.000,1,0,1,多换,S,3659.4000,3659.2000,3659.0000,3658.4000,3658.0000,3660.8000,3661.0000,3661.4000,3662.8000,3664.0000,2,2,2,1,2,1,1,1,4,1
SF,IF2012,2020-05-25 09:35:01.000,3660.8000,4993,0,89088720.000,0,-,-,-,-,3659.4000,3659.2000,3659.0000,3658.4000,3658.0000,3660.6000,3660.8000,3661.4000,3662.8000,3664.0000,2,2,2,1,2,1,1,1,4,1
SF,IF2012,2020-05-25 09:35:01.500,3659.4000,4994,1,90186540.000,1,1,0,双开,S,3659.4000,3659.2000,3659.0000,3658.4000,3658.0000,3660.6000,3661.4000,3662.8000,3664.0000,3666.0000,1,2,2,1,2,1,1,4,1,2
SF,IF2012,2020-05-25 09:35:03.000,3659.4000,4994,0,90186540.000,0,-,-,-,-,3659.4000,3659.2000,3659.0000,3658.8000,3658.0000,3660.6000,3661.4000,3662.8000,3664.0000,3666.0000,1,2,2,2,2,1,1,4,1,2
SF,IF2012,2020-05-25 09:35:05.000,3659.2000,4995,1,93479880.000,3,2,1,空开,S,3659.0000,3658.8000,3658.6000,3658.0000,3652.4000,3659.2000,3660.6000,3661.4000,3662.8000,3664.0000,2,2,2,2,3,5,1,1,4,1
SF,IF2012,2020-05-25 09:35:05.500,3659.0000,4993,-2,96773100.000,3,0,3,多平,S,3659.0000,3658.8000,3658.6000,3658.0000,3652.4000,3660.6000,3661.4000,3662.8000,3664.0000,3666.0000,1,2,2,2,3,1,1,4,1,2
SF,IF2012,2020-05-25 09:35:06.000,3659.0000,4993,0,97870800.000,1,0,1,多换,S,3658.8000,3658.6000,3658.0000,3652.4000,3651.6000,3660.4000,3660.6000,3661.4000,3662.8000,3664.0000,2,2,2,3,1,1,1,1,4,1
SF,IF2012,2020-05-25 09:35:06.500,3659.0000,4993,0,97870800.000,0,-,-,-,-,3658.8000,3658.6000,3658.4000,3658.0000,3652.4000,3660.0000,3660.2000,3661.4000,3662.8000,3664.0000,2,2,2,2,3,1,2,1,4,1
SF,IF2012,2020-05-25 09:35:07.000,3659.0000,4993,0,97870800.000,0,-,-,-,-,3658.8000,3658.6000,3658.4000,3658.0000,3652.4000,3659.8000,3660.0000,3661.4000,3662.8000,3664.0000,2,2,2,2,3,1,1,1,4,1
SF,IF2012,2020-05-25 09:35:07.500,3658.8000,4994,1,98968440.000,1,1,0,双开,S,3658.8000,3658.6000,3658.4000,3658.0000,3652.4000,3659.8000,3660.0000,3661.4000,3662.8000,3664.0000,1,2,2,2,3,1,1,1,4,1
SF,IF2012,2020-05-25 09:35:08.000,3658.8000,4995,1,100066080.000,1,1,0,双开,S,3658.6000,3658.4000,3658.0000,3652.4000,3651.6000,3659.8000,3660.0000,3661.4000,3662.8000,3664.0000,2,2,2,3,1,1,1,1,4,1
SF,IF2012,2020-05-25 09:35:08.500,3658.6000,4996,1,102261240.000,2,1,1,空开,S,3658.4000,3658.0000,3652.4000,3651.6000,3650.0000,3659.8000,3661.4000,3662.8000,3664.0000,3670.0000,2,2,3,1,5,1,1,4,1,8
SF,IF2012,2020-05-25 09:35:09.000,3658.4000,4996,0,104456280.000,2,1,1,多换,S,3658.2000,3658.0000,3652.4000,3651.6000,3650.0000,3659.8000,3661.4000,3662.8000,3664.0000,3670.0000,2,2,3,1,5,1,1,4,1,8
SF,IF2012,2020-05-25 09:35:09.500,3658.4000,4996,0,104456280.000,0,-,-,-,-,3658.2000,3658.0000,3652.4000,3651.6000,3650.0000,3658.4000,3659.6000,3659.8000,3661.4000,3662.8000,2,2,3,1,5,1,2,1,1,4
SF,IF2012,2020-05-25 09:35:10.000,3658.2000,4996,0,105553740.000,1,0,1,多换,S,3658.2000,3658.0000,3652.4000,3651.6000,3650.0000,3659.6000,3659.8000,3661.4000,3662.8000,3664.0000,1,2,3,1,5,1,1,1,4,1
SF,IF2012,2020-05-25 09:35:10.500,3658.2000,4996,0,105553740.000,0,-,-,-,-,3658.2000,3658.0000,3652.4000,3651.6000,3650.0000,3659.4000,3659.6000,3661.4000,3662.8000,3664.0000,1,2,3,1,5,1,1,1,4,1
SF,IF2012,2020-05-25 09:35:11.000,3658.2000,4996,0,106651200.000,1,0,1,多换,S,3658.0000,3652.4000,3651.6000,3650.0000,3649.0000,3659.2000,3659.4000,3659.6000,3661.4000,3662.8000,4,3,1,5,5,1,1,1,1,4
SF,IF2012,2020-05-25 09:35:11.500,3658.2000,4996,0,106651200.000,0,-,-,-,-,3658.0000,3652.4000,3651.6000,3650.0000,3649.0000,3659.0000,3659.2000,3659.6000,3661.4000,3662.8000,4,3,1,5,5,1,1,1,1,4
SF,IF2012,2020-05-25 09:35:13.000,3658.2000,4996,0,106651200.000,0,-,-,-,-,3658.0000,3657.8000,3652.4000,3651.6000,3650.0000,3659.0000,3659.2000,3659.6000,3661.4000,3662.8000,4,2,3,1,5,1,1,1,1,4
SF,IF2012,2020-05-25 09:35:13.500,3658.0000,4995,-1,107748600.000,1,0,1,双平,S,3658.0000,3657.8000,3652.4000,3651.6000,3650.0000,3659.0000,3659.2000,3659.6000,3661.4000,3662.8000,3,2,3,1,5,1,1,1,1,4
SF,IF2012,2020-05-25 09:35:14.000,3658.0000,4995,0,107748600.000,0,-,-,-,-,3658.0000,3657.8000,3652.4000,3651.6000,3650.0000,3659.0000,3659.2000,3659.6000,3661.4000,3662.8000,4,2,3,1,5,1,1,1,1,4
SF,IF2012,2020-05-25 09:35:14.500,3658.0000,4995,0,107748600.000,0,-,-,-,-,3658.0000,3657.8000,3652.4000,3651.6000,3650.0000,3659.0000,3659.2000,3661.4000,3662.8000,3664.0000,4,2,3,1,5,1,1,1,4,1
SF,IF2012,2020-05-25 09:35:15.000,3658.0000,4995,0,107748600.000,0,-,-,-,-,3658.0000,3657.8000,3652.4000,3651.6000,3650.0000,3659.0000,3661.4000,3662.8000,3664.0000,3670.0000,4,2,3,1,5,1,1,4,1,8
SF,IF2012,2020-05-25 09:35:15.500,3658.0000,4995,0,107748600.000,0,-,-,-,-,3658.0000,3657.8000,3657.6000,3652.4000,3651.6000,3659.0000,3661.4000,3662.8000,3664.0000,3670.0000,4,2,2,3,1,1,1,4,1,8
SF,IF2012,2020-05-25 09:35:16.000,3658.0000,4995,0,107748600.000,0,-,-,-,-,3658.0000,3657.8000,3657.6000,3652.4000,3651.6000,3661.4000,3662.8000,3664.0000,3670.0000,3672.2000,4,2,2,3,1,1,4,1,8,1
SF,IF2012,2020-05-25 09:35:16.500,3658.0000,4995,0,107748600.000,0,-,-,-,-,3658.2000,3658.0000,3657.8000,3657.6000,3652.4000,3661.0000,3661.2000,3661.4000,3664.0000,3670.0000,1,4,2,2,3,5,1,1,1,8
SF,IF2012,2020-05-25 09:35:17.000,3658.0000,4995,0,107748600.000,0,-,-,-,-,3658.2000,3658.0000,3657.8000,3657.6000,3652.4000,3660.8000,3661.0000,3664.0000,3670.0000,3672.2000,1,4,2,2,3,3,4,1,8,1
SF,IF2012,2020-05-25 09:35:17.500,3658.0000,4995,0,107748600.000,0,-,-,-,-,3658.2000,3658.0000,3657.8000,3657.6000,3652.4000,3659.2000,3660.4000,3660.8000,3664.0000,3670.0000,1,4,2,2,3,1,4,3,1,8
SF,IF2012,2020-05-25 09:35:18.000,3659.2000,4994,-1,108846360.000,1,0,1,双平,S,3658.2000,3658.0000,3657.8000,3657.6000,3657.4000,3660.8000,3664.0000,3670.0000,3672.2000,3674.0000,1,4,2,2,2,2,1,8,1,1
SF,IF2012,2020-05-25 09:35:19.500,3659.2000,4994,0,108846360.000,0,-,-,-,-,3658.6000,3658.2000,3658.0000,3657.8000,3657.6000,3660.8000,3664.0000,3670.0000,3672.2000,3674.0000,1,1,4,2,2,2,1,8,1,1
SF,IF2012,2020-05-25 09:35:20.000,3659.2000,4994,0,108846360.000,0,-,-,-,-,3658.8000,3658.2000,3658.0000,3657.8000,3657.6000,3660.8000,3664.0000,3670.0000,3672.2000,3674.0000,1,1,4,2,2,2,1,8,1,1
SF,IF2012,2020-05-25 09:35:20.500,3659.2000,4994,0,108846360.000,0,-,-,-,-,3659.0000,3658.8000,3658.2000,3658.0000,3657.8000,3660.8000,3664.0000,3670.0000,3672.2000,3674.0000,1,1,1,4,2,2,1,8,1,1
SF,IF2012,2020-05-25 09:35:21.000,3660.8000,4994,0,109944600.000,1,0,1,多换,S,3659.2000,3659.0000,3658.8000,3658.2000,3658.0000,3664.0000,3670.0000,3672.2000,3674.0000,3675.4000,1,1,1,1,4,1,8,1,1,1
SF,IF2012,2020-05-25 09:35:21.500,3660.8000,4994,0,109944600.000,0,-,-,-,-,3659.4000,3659.2000,3658.8000,3658.0000,3657.8000,3663.6000,3663.8000,3664.0000,3665.4000,3670.0000,1,1,1,4,2,4,1,1,1,8
SF,IF2012,2020-05-25 09:35:22.000,3660.8000,4994,0,109944600.000,0,-,-,-,-,3659.4000,3659.2000,3658.8000,3658.0000,3657.8000,3663.4000,3663.6000,3664.0000,3665.4000,3670.0000,1,1,1,4,2,1,4,1,1,8
SF,IF2012,2020-05-25 09:35:22.500,3660.8000,4994,0,109944600.000,0,-,-,-,-,3659.4000,3659.2000,3658.0000,3657.8000,3657.6000,3663.0000,3663.4000,3664.0000,3665.4000,3670.0000,1,1,4,2,2,4,1,1,1,8
SF,IF2012,2020-05-25 09:35:23.000,3660.8000,4994,0,109944600.000,0,-,-,-,-,3659.4000,3659.2000,3658.0000,3657.8000,3657.6000,3662.8000,3663.0000,3664.0000,3665.4000,3670.0000,1,1,4,2,2,1,4,1,1,8
SF,IF2012,2020-05-25 09:35:23.500,3660.8000,4994,0,109944600.000,0,-,-,-,-,3659.4000,3659.2000,3658.0000,3657.8000,3657.6000,3662.4000,3662.8000,3664.0000,3665.4000,3670.0000,1,1,4,2,2,4,2,1,1,8
SF,IF2012,2020-05-25 09:35:24.000,3660.8000,4994,0,109944600.000,0,-,-,-,-,3659.8000,3659.6000,3659.4000,3659.2000,3658.0000,3662.2000,3662.8000,3664.0000,3665.4000,3670.0000,1,1,1,1,4,1,1,1,1,8
SF,IF2012,2020-05-25 09:35:24.500,3660.8000,4994,0,109944600.000,0,-,-,-,-,3660.0000,3659.6000,3659.2000,3658.0000,3657.8000,3662.2000,3662.8000,3664.0000,3665.4000,3670.0000,2,1,1,4,2,1,1,1,1,8
SF,IF2012,2020-05-25 09:35:25.000,3662.2000,4993,-1,111043260.000,1,0,1,双平,S,3660.4000,3660.2000,3660.0000,3659.6000,3659.2000,3662.8000,3664.0000,3665.4000,3670.0000,3672.2000,1,1,1,1,1,1,1,1,8,1
SF,IF2012,2020-05-25 09:35:25.500,3662.8000,4993,0,112142100.000,1,0,1,多换,S,3660.6000,3660.2000,3659.6000,3659.2000,3658.0000,3664.0000,3665.4000,3670.0000,3672.2000,3674.0000,2,1,1,1,4,1,1,8,1,1
SF,IF2012,2020-05-25 09:35:26.000,3662.8000,4993,0,112142100.000,0,-,-,-,-,3660.8000,3660.6000,3660.2000,3659.2000,3658.0000,3664.0000,3665.4000,3670.0000,3672.2000,3674.0000,1,2,1,1,4,1,1,8,1,1
SF,IF2012,2020-05-25 09:35:26.500,3662.8000,4993,0,112142100.000,0,-,-,-,-,3661.2000,3661.0000,3660.8000,3660.2000,3659.2000,3664.0000,3665.4000,3670.0000,3672.2000,3674.0000,1,1,1,1,1,1,1,8,1,1
SF,IF2012,2020-05-25 09:35:27.000,3662.8000,4993,0,112142100.000,0,-,-,-,-,3661.4000,3660.8000,3660.2000,3659.2000,3658.0000,3663.6000,3664.0000,3665.4000,3670.0000,3672.2000,2,1,1,1,4,1,1,1,8,1
SF,IF2012,2020-05-25 09:35:27.500,3662.8000,4993,0,112142100.000,0,-,-,-,-,3661.8000,3661.6000,3661.4000,3660.8000,3659.2000,3664.0000,3665.4000,3670.0000,3672.2000,3674.0000,1,1,1,1,1,1,1,8,1,1
SF,IF2012,2020-05-25 09:35:28.000,3662.8000,4993,0,112142100.000,0,-,-,-,-,3662.0000,3661.8000,3661.6000,3660.8000,3658.0000,3663.0000,3664.0000,3665.4000,3670.0000,3672.2000,1,1,1,1,4,1,1,1,8,1
SF,IF2012,2020-05-25 09:35:28.500,3663.0000,4993,0,113241000.000,1,0,1,多换,S,3661.8000,3660.8000,3658.0000,3657.8000,3657.6000,3664.0000,3665.4000,3670.0000,3672.2000,3674.0000,1,1,4,2,2,1,1,8,1,1
SF,IF2012,2020-05-25 09:35:29.000,3663.0000,4993,0,113241000.000,0,-,-,-,-,3658.0000,3657.8000,3657.6000,3657.4000,3657.2000,3664.0000,3665.4000,3670.0000,3672.2000,3674.0000,4,2,2,2,2,1,1,8,1,1
SF,IF2012,2020-05-25 09:35:29.500,3663.0000,4993,0,113241000.000,0,-,-,-,-,3658.4000,3658.2000,3658.0000,3657.8000,3657.6000,3663.8000,3664.0000,3665.4000,3670.0000,3672.2000,4,4,4,2,2,1,1,1,8,1
SF,IF2012,2020-05-25 09:35:30.000,3663.0000,4993,0,113241000.000,0,-,-,-,-,3658.6000,3658.4000,3658.2000,3658.0000,3657.8000,3663.6000,3663.8000,3664.0000,3665.4000,3670.0000,2,4,2,4,2,1,1,1,1,8
SF,IF2012,2020-05-25 09:35:30.500,3663.0000,4993,0,113241000.000,0,-,-,-,-,3658.8000,3658.6000,3658.2000,3658.0000,3657.8000,3663.6000,3663.8000,3664.0000,3665.4000,3670.0000,4,2,2,4,2,1,1,1,1,8
SF,IF2012,2020-05-25 09:35:31.000,3663.0000,4993,0,113241000.000,0,-,-,-,-,3659.0000,3658.2000,3658.0000,3657.8000,3657.6000,3662.8000,3663.2000,3663.6000,3663.8000,3664.0000,3,2,4,2,2,1,1,1,1,1
SF,IF2012,2020-05-25 09:35:32.000,3663.0000,4993,0,113241000.000,0,-,-,-,-,3659.2000,3659.0000,3658.2000,3658.0000,3657.8000,3662.4000,3663.2000,3663.8000,3664.0000,3665.4000,1,3,2,4,2,1,1,1,1,1
SF,IF2012,2020-05-25 09:35:32.500,3663.0000,4993,0,113241000.000,0,-,-,-,-,3659.6000,3659.4000,3659.2000,3659.0000,3658.2000,3662.4000,3663.2000,3664.0000,3665.4000,3670.0000,1,1,1,2,2,1,1,1,1,8
SF,IF2012,2020-05-25 09:35:33.000,3663.0000,4993,0,113241000.000,0,-,-,-,-,3659.8000,3659.0000,3658.2000,3658.0000,3657.8000,3662.4000,3664.0000,3665.4000,3670.0000,3672.2000,2,1,2,4,2,1,1,1,8,1
SF,IF2012,2020-05-25 09:35:34.000,3663.0000,4993,0,113241000.000,0,-,-,-,-,3659.8000,3659.0000,3658.2000,3658.0000,3657.8000,3662.4000,3664.0000,3665.4000,3670.0000,3672.2000,1,1,2,4,2,1,1,1,8,1
SF,IF2012,2020-05-25 09:35:34.500,3663.0000,4993,0,113241000.000,0,-,-,-,-,3659.8000,3659.0000,3658.2000,3658.0000,3657.8000,3662.2000,3662.4000,3664.0000,3665.4000,3670.0000,1,1,2,4,2,1,1,1,1,8
SF,IF2012,2020-05-25 09:35:35.000,3663.0000,4993,0,113241000.000,0,-,-,-,-,3659.0000,3658.2000,3658.0000,3657.8000,3657.6000,3662.0000,3662.2000,3662.4000,3664.0000,3665.4000,1,2,4,2,2,1,1,1,1,1
SF,IF2012,2020-05-25 09:35:35.500,3663.0000,4993,0,113241000.000,0,-,-,-,-,3659.2000,3658.2000,3658.0000,3657.8000,3657.6000,3662.4000,3664.0000,3665.4000,3670.0000,3672.2000,1,2,4,2,2,1,1,1,8,1
