市场代码,合约代码,时间,最新,持仓,增仓,成交额,成交量,开仓,平仓,成交类型,方向,买一价,买二价,买三价,买四价,买五价,卖一价,卖二价,卖三价,卖四价,卖五价,买一量,买二量,买三量,买四量,买五量,卖一量,卖二量,卖三量,卖四量,卖五量
SF,IF2006,2020-02-12 09:29:00.200,3916.0000,22858,0,17622000.000,15.000,-,-,-,-,3913.2000,3912.2000,3910.0000,3909.2000,3908.2000,3916.0000,3919.0000,3922.0000,3922.2000,3924.8000,1,1,1,1,1,1,1,3,2,1
SF,IF2006,2020-02-12 09:30:00.200,3908.2000,22857,-1,22315080.000,4,1,3,多平,S,3908.0000,3907.0000,3904.4000,3903.4000,3902.6000,3912.0000,3912.2000,3913.0000,3913.2000,3913.4000,1,2,1,2,2,4,4,2,2,1
SF,IF2006,2020-02-12 09:30:00.700,3911.8000,22857,0,30524040.000,7,3,4,多换,S,3907.0000,3904.4000,3903.4000,3902.6000,3901.6000,3911.8000,3912.0000,3913.0000,3913.2000,3913.4000,1,1,2,2,1,2,4,2,2,2
SF,IF2006,2020-02-12 09:30:01.200,3911.8000,22857,0,30524040.000,0,-,-,-,-,3909.4000,3908.2000,3907.4000,3907.2000,3907.0000,3911.2000,3911.6000,3911.8000,3912.0000,3913.0000,1,1,3,7,1,2,1,3,4,1
SF,IF2006,2020-02-12 09:30:01.700,3911.8000,22856,-1,31697580.000,1,0,1,双平,S,3910.4000,3909.4000,3908.2000,3907.4000,3907.2000,3911.0000,3911.2000,3911.6000,3911.8000,3912.0000,2,1,1,3,6,1,2,1,1,3
SF,IF2006,2020-02-12 09:30:02.200,3911.2000,22853,-3,35217540.000,3,0,3,双平,S,3911.0000,3910.6000,3910.4000,3909.4000,3908.2000,3911.2000,3911.8000,3912.0000,3913.0000,3913.2000,12,1,2,1,1,1,1,4,1,2
SF,IF2006,2020-02-12 09:30:02.700,3911.0000,22849,-4,41084100.000,5,0,5,多平,S,3911.0000,3910.8000,3910.4000,3909.4000,3907.2000,3912.0000,3913.0000,3913.2000,3913.6000,3914.4000,8,1,2,1,6,1,1,1,1,1
SF,IF2006,2020-02-12 09:30:03.200,3911.0000,22845,-4,45777300.000,4,0,4,双平,S,3911.0000,3910.8000,3910.4000,3907.2000,3907.0000,3912.0000,3913.0000,3913.2000,3914.4000,3914.6000,4,1,2,2,1,3,1,1,1,1
SF,IF2006,2020-02-12 09:30:03.700,3911.0000,22842,-3,49297200.000,3,0,3,双平,S,3910.4000,3907.2000,3907.0000,3903.4000,3901.6000,3911.0000,3912.0000,3913.2000,3914.4000,3914.6000,2,2,1,2,1,1,3,1,1,1
SF,IF2006,2020-02-12 09:30:04.200,3910.4000,22840,-2,51643440.000,2,0,2,双平,S,3907.2000,3907.0000,3903.4000,3901.6000,3901.4000,3911.0000,3912.0000,3913.2000,3914.4000,3914.6000,2,1,2,1,3,1,3,1,1,1
SF,IF2006,2020-02-12 09:30:04.700,3910.4000,22840,0,51643440.000,0,-,-,-,-,3907.4000,3907.2000,3907.0000,3903.4000,3901.6000,3910.8000,3911.0000,3912.0000,3913.2000,3914.4000,3,4,1,2,1,1,1,2,1,1
SF,IF2006,2020-02-12 09:30:05.200,3910.4000,22840,0,51643440.000,0,-,-,-,-,3907.4000,3907.2000,3907.0000,3903.4000,3901.6000,3910.8000,3911.0000,3912.0000,3913.2000,3914.4000,3,4,1,2,1,1,1,2,4,1
SF,IF2006,2020-02-12 09:30:05.700,3910.4000,22840,0,51643440.000,0,-,-,-,-,3907.4000,3907.2000,3907.0000,3903.4000,3901.6000,3910.8000,3911.0000,3912.0000,3913.2000,3914.4000,3,4,1,2,1,1,1,2,4,1
SF,IF2006,2020-02-12 09:30:06.700,3910.4000,22840,0,51643440.000,0,-,-,-,-,3907.4000,3907.2000,3907.0000,3903.4000,3901.6000,3910.8000,3911.0000,3912.0000,3913.2000,3914.4000,3,4,1,2,1,1,1,2,4,1
SF,IF2006,2020-02-12 09:30:07.200,3909.4000,22841,1,52816260.000,1,1,0,双开,S,3907.6000,3907.4000,3907.2000,3907.0000,3903.4000,3911.0000,3912.0000,3913.2000,3914.4000,3914.6000,3,4,3,1,2,1,2,4,1,1
SF,IF2006,2020-02-12 09:30:07.700,3909.4000,22841,0,52816260.000,0,-,-,-,-,3910.8000,3907.8000,3907.6000,3907.2000,3907.0000,3911.0000,3912.0000,3913.2000,3914.4000,3914.6000,5,3,2,3,1,1,2,4,1,1
SF,IF2006,2020-02-12 09:30:08.200,3907.8000,22841,0,59854800.000,6,3,3,多换,S,3907.8000,3907.6000,3907.4000,3907.2000,3907.0000,3910.8000,3911.0000,3912.0000,3913.2000,3914.4000,2,2,1,3,1,1,1,2,4,1
SF,IF2006,2020-02-12 09:30:08.700,3910.8000,22840,-1,61028040.000,1,0,1,双平,S,3910.8000,3908.0000,3907.8000,3907.6000,3907.4000,3911.0000,3912.0000,3913.2000,3914.4000,3914.6000,1,3,1,1,1,1,2,4,1,1
SF,IF2006,2020-02-12 09:30:09.200,3911.0000,22839,-1,62201340.000,1,0,1,双平,S,3910.8000,3908.4000,3908.0000,3907.8000,3907.4000,3912.0000,3913.2000,3914.4000,3914.6000,3915.0000,1,3,3,1,1,2,4,1,1,2
SF,IF2006,2020-02-12 09:30:09.700,3911.0000,22839,0,62201340.000,0,-,-,-,-,3910.8000,3908.4000,3908.0000,3907.8000,3907.4000,3912.0000,3913.2000,3914.4000,3914.6000,3915.0000,1,3,3,2,4,2,4,1,1,2
SF,IF2006,2020-02-12 09:30:10.200,3911.0000,22839,0,62201340.000,0,-,-,-,-,3911.2000,3910.8000,3908.4000,3908.0000,3907.8000,3912.0000,3913.2000,3914.4000,3914.6000,3915.0000,1,1,5,3,2,2,4,1,1,2
SF,IF2006,2020-02-12 09:30:10.700,3912.0000,22837,-2,64548300.000,2,0,2,双平,S,3911.2000,3910.8000,3910.2000,3908.4000,3908.2000,3912.0000,3913.2000,3914.4000,3914.6000,3915.0000,1,1,1,6,3,1,4,1,1,2
SF,IF2006,2020-02-12 09:30:11.200,3912.0000,22836,-1,65721900.000,1,0,1,双平,S,3911.2000,3910.8000,3910.2000,3910.0000,3908.4000,3913.2000,3914.4000,3914.6000,3915.0000,3915.6000,1,1,1,1,6,4,1,1,2,1
SF,IF2006,2020-02-12 09:30:11.700,3912.0000,22836,0,65721900.000,0,-,-,-,-,3911.4000,3911.2000,3910.8000,3910.2000,3910.0000,3913.2000,3914.4000,3914.6000,3915.0000,3915.6000,1,1,1,1,1,4,1,1,2,1
SF,IF2006,2020-02-12 09:30:12.200,3912.0000,22836,0,65721900.000,0,-,-,-,-,3911.4000,3911.2000,3910.8000,3910.2000,3910.0000,3913.2000,3914.4000,3914.6000,3915.0000,3915.6000,1,1,1,1,1,4,1,1,2,1
SF,IF2006,2020-02-12 09:30:12.700,3913.2000,22835,-1,68069820.000,2,0,2,多平,S,3911.6000,3911.4000,3910.8000,3910.0000,3909.4000,3913.2000,3914.4000,3914.6000,3915.0000,3916.0000,1,1,1,1,3,2,1,1,2,1
SF,IF2006,2020-02-12 09:30:13.200,3913.2000,22835,0,68069820.000,0,-,-,-,-,3911.8000,3911.6000,3911.4000,3910.8000,3910.0000,3913.2000,3914.4000,3914.6000,3915.0000,3916.0000,1,1,1,1,1,2,1,1,2,1
SF,IF2006,2020-02-12 09:30:13.700,3913.2000,22833,-2,70417740.000,2,0,2,双平,S,3912.0000,3911.8000,3911.6000,3911.4000,3910.8000,3914.4000,3915.0000,3916.0000,3918.0000,3919.6000,1,1,1,1,1,1,2,1,1,1
SF,IF2006,2020-02-12 09:30:14.200,3913.2000,22833,0,70417740.000,0,-,-,-,-,3912.2000,3912.0000,3911.8000,3911.6000,3910.8000,3915.0000,3916.0000,3918.0000,3919.6000,3920.0000,4,1,1,1,1,1,1,1,1,5
SF,IF2006,2020-02-12 09:30:14.700,3913.2000,22833,0,70417740.000,0,-,-,-,-,3912.6000,3912.2000,3912.0000,3911.6000,3910.8000,3914.8000,3915.0000,3916.0000,3918.0000,3919.6000,1,4,1,1,1,1,1,2,1,1
SF,IF2006,2020-02-12 09:30:15.200,3913.2000,22833,0,70417740.000,0,-,-,-,-,3912.8000,3912.6000,3912.2000,3912.0000,3911.6000,3914.6000,3914.8000,3915.0000,3916.0000,3918.0000,1,1,2,1,1,1,1,1,2,1
SF,IF2006,2020-02-12 09:30:15.700,3913.2000,22833,0,70417740.000,0,-,-,-,-,3912.8000,3912.6000,3912.2000,3912.0000,3911.6000,3914.0000,3914.4000,3914.6000,3915.0000,3916.0000,1,1,1,1,1,1,1,1,1,1
SF,IF2006,2020-02-12 09:30:16.200,3914.6000,22831,-2,72766320.000,2,0,2,双平,S,3914.6000,3913.2000,3912.2000,3912.0000,3911.6000,3915.0000,3916.0000,3918.0000,3919.6000,3920.0000,3,1,1,1,1,1,1,1,1,5
SF,IF2006,2020-02-12 09:30:16.700,3913.2000,22827,-4,77463420.000,4,0,4,双平,S,3912.0000,3911.6000,3910.8000,3910.4000,3910.0000,3914.4000,3914.6000,3915.0000,3916.0000,3918.0000,1,1,1,2,1,1,2,1,1,1
SF,IF2006,2020-02-12 09:30:17.200,3914.2000,22826,-1,78637680.000,1,0,1,双平,S,3914.8000,3912.2000,3912.0000,3911.6000,3910.8000,3915.0000,3916.0000,3918.0000,3919.6000,3920.0000,1,2,1,1,1,1,1,1,1,5
SF,IF2006,2020-02-12 09:30:17.700,3914.8000,22825,-1,79812120.000,1,0,1,双平,S,3912.2000,3912.0000,3911.6000,3910.8000,3910.4000,3914.4000,3914.8000,3915.0000,3916.0000,3918.0000,1,1,1,1,2,1,2,1,1,1
SF,IF2006,2020-02-12 09:30:18.200,3914.8000,22825,0,79812120.000,0,-,-,-,-,3912.2000,3911.6000,3911.0000,3910.8000,3910.4000,3914.2000,3914.4000,3914.8000,3915.0000,3916.0000,1,1,5,1,2,1,1,1,1,1
SF,IF2006,2020-02-12 09:30:18.700,3914.8000,22822,-3,83335440.000,3,0,3,双平,S,3912.4000,3911.6000,3911.0000,3910.8000,3910.4000,3914.2000,3914.4000,3914.8000,3915.0000,3916.0000,1,1,5,1,2,1,1,1,1,1
SF,IF2006,2020-02-12 09:30:19.200,3914.4000,22822,0,84509760.000,1,0,1,多换,S,3912.4000,3911.6000,3911.0000,3910.8000,3910.4000,3914.6000,3914.8000,3915.0000,3916.0000,3918.0000,1,1,5,1,2,1,1,1,1,1
SF,IF2006,2020-02-12 09:30:19.700,3914.4000,22822,0,84509760.000,0,-,-,-,-,3912.4000,3911.6000,3911.0000,3910.8000,3910.4000,3914.6000,3914.8000,3915.0000,3916.0000,3918.0000,1,1,5,1,2,2,1,1,1,1
SF,IF2006,2020-02-12 09:30:20.200,3914.4000,22822,0,84509760.000,0,-,-,-,-,3912.6000,3912.4000,3911.6000,3911.0000,3910.8000,3914.4000,3914.6000,3914.8000,3915.0000,3916.0000,1,1,1,5,1,3,2,1,1,1
SF,IF2006,2020-02-12 09:30:20.700,3914.4000,22822,0,84509760.000,0,-,-,-,-,3912.6000,3912.4000,3911.6000,3911.0000,3910.8000,3913.4000,3913.8000,3914.4000,3914.6000,3914.8000,1,1,1,5,1,1,1,4,2,1
SF,IF2006,2020-02-12 09:30:21.200,3914.4000,22822,0,84509760.000,0,-,-,-,-,3912.6000,3911.6000,3911.0000,3910.8000,3909.8000,3914.4000,3914.6000,3915.0000,3916.0000,3918.0000,1,1,5,1,1,3,1,1,1,1
SF,IF2006,2020-02-12 09:30:21.700,3914.4000,22822,0,84509760.000,0,-,-,-,-,3912.6000,3911.6000,3911.0000,3910.8000,3910.0000,3914.4000,3914.6000,3915.0000,3916.0000,3918.0000,1,1,5,1,1,3,1,1,1,1
SF,IF2006,2020-02-12 09:30:22.200,3914.4000,22822,0,84509760.000,0,-,-,-,-,3912.8000,3912.6000,3911.6000,3911.0000,3910.8000,3914.4000,3914.6000,3915.0000,3916.0000,3918.0000,1,1,1,5,1,3,1,1,1,1
SF,IF2006,2020-02-12 09:30:22.700,3914.4000,22822,0,84509760.000,0,-,-,-,-,3912.8000,3911.6000,3911.0000,3910.8000,3910.0000,3914.4000,3914.6000,3915.0000,3916.0000,3918.0000,1,1,5,1,2,3,1,1,1,1
SF,IF2006,2020-02-12 09:30:23.200,3914.4000,22822,0,84509760.000,0,-,-,-,-,3912.8000,3912.0000,3911.6000,3911.0000,3910.8000,3914.2000,3914.4000,3914.6000,3915.0000,3916.0000,1,1,1,5,1,1,3,1,1,1
SF,IF2006,2020-02-12 09:30:23.700,3914.4000,22822,0,84509760.000,0,-,-,-,-,3912.8000,3912.0000,3911.6000,3911.0000,3910.8000,3914.4000,3914.6000,3915.0000,3916.0000,3918.0000,1,1,1,5,1,1,1,1,1,1
SF,IF2006,2020-02-12 09:30:24.200,3914.4000,22822,0,84509760.000,0,-,-,-,-,3912.8000,3912.2000,3912.0000,3911.6000,3911.0000,3914.2000,3914.4000,3914.6000,3915.0000,3916.0000,1,2,1,1,5,2,1,1,1,1
SF,IF2006,2020-02-12 09:30:24.700,3912.8000,22821,-1,85683600.000,1,0,1,双平,S,3912.2000,3912.0000,3911.6000,3911.0000,3910.8000,3914.2000,3914.4000,3914.6000,3915.0000,3916.0000,2,1,1,5,1,2,1,1,1,1
SF,IF2006,2020-02-12 09:30:25.200,3912.8000,22821,0,85683600.000,0,-,-,-,-,3912.4000,3912.2000,3912.0000,3911.6000,3911.0000,3914.2000,3914.4000,3914.6000,3915.0000,3916.0000,4,2,1,1,5,2,1,1,1,1
SF,IF2006,2020-02-12 09:30:25.700,3912.8000,22821,0,85683600.000,0,-,-,-,-,3912.4000,3912.2000,3912.0000,3911.6000,3911.0000,3914.2000,3914.4000,3914.6000,3915.0000,3915.8000,4,2,1,1,5,2,1,1,1,1
SF,IF2006,2020-02-12 09:30:26.200,3912.8000,22821,0,85683600.000,0,-,-,-,-,3912.4000,3912.2000,3912.0000,3911.6000,3911.0000,3914.2000,3914.4000,3914.6000,3915.8000,3916.0000,4,2,1,1,5,2,1,1,1,1
SF,IF2006,2020-02-12 09:30:26.700,3914.2000,22820,-1,86857860.000,1,0,1,双平,S,3912.4000,3912.2000,3912.0000,3911.6000,3911.0000,3914.2000,3914.4000,3914.6000,3915.8000,3916.0000,4,2,1,1,5,1,1,1,1,1
SF,IF2006,2020-02-12 09:30:27.200,3914.2000,22820,0,86857860.000,0,-,-,-,-,3913.0000,3912.6000,3912.4000,3912.2000,3912.0000,3914.2000,3914.4000,3914.6000,3915.8000,3916.0000,1,3,2,2,1,1,1,1,1,1
SF,IF2006,2020-02-12 09:30:27.700,3914.2000,22819,-1,88032120.000,1,0,1,双平,S,3913.2000,3913.0000,3912.6000,3912.4000,3912.2000,3914.6000,3915.8000,3916.0000,3918.0000,3919.6000,1,1,3,1,2,1,1,1,1,1
SF,IF2006,2020-02-12 09:30:28.200,3914.6000,22818,-1,89206500.000,1,0,1,双平,S,3913.4000,3913.0000,3912.6000,3912.4000,3912.2000,3915.8000,3916.0000,3918.0000,3919.6000,3919.8000,1,1,3,1,3,1,1,1,1,2
SF,IF2006,2020-02-12 09:30:28.700,3914.6000,22818,0,89206500.000,0,-,-,-,-,3913.6000,3913.4000,3913.0000,3912.6000,3912.2000,3915.8000,3916.0000,3918.0000,3919.6000,3919.8000,2,1,1,3,3,1,1,1,1,2
SF,IF2006,2020-02-12 09:30:29.200,3915.8000,22818,0,90381240.000,1,0,1,多换,S,3914.2000,3913.8000,3913.6000,3913.4000,3913.2000,3915.6000,3916.0000,3918.0000,3919.6000,3919.8000,1,3,3,1,1,1,1,1,1,2
SF,IF2006,2020-02-12 09:30:29.700,3914.4000,22817,-1,92730240.000,2,0,2,多平,S,3914.4000,3914.2000,3913.8000,3913.6000,3913.2000,3916.0000,3918.0000,3919.6000,3919.8000,3920.0000,1,1,1,3,1,1,1,1,2,5
SF,IF2006,2020-02-12 09:30:30.200,3914.4000,22816,-1,93904560.000,1,0,1,双平,S,3914.6000,3914.2000,3913.8000,3913.6000,3913.2000,3916.0000,3918.0000,3919.6000,3919.8000,3920.0000,1,1,1,3,1,1,1,1,2,5
SF,IF2006,2020-02-12 09:30:30.700,3914.4000,22816,0,93904560.000,0,-,-,-,-,3914.8000,3914.2000,3913.8000,3913.6000,3913.2000,3916.0000,3918.0000,3919.6000,3919.8000,3920.0000,1,1,1,3,1,1,1,1,2,5
SF,IF2006,2020-02-12 09:30:31.200,3916.0000,22816,0,95079360.000,1,0,1,多换,S,3915.0000,3914.2000,3913.6000,3913.2000,3913.0000,3918.0000,3919.6000,3919.8000,3925.0000,3927.6000,1,1,3,1,1,1,1,2,6,1
SF,IF2006,2020-02-12 09:30:31.700,3916.0000,22816,0,95079360.000,0,-,-,-,-,3915.2000,3914.2000,3913.6000,3913.2000,3913.0000,3917.8000,3918.0000,3918.2000,3919.6000,3919.8000,2,1,2,1,1,1,2,1,1,2
SF,IF2006,2020-02-12 09:30:32.200,3916.0000,22816,0,95079360.000,0,-,-,-,-,3916.0000,3915.2000,3914.8000,3914.2000,3913.6000,3917.8000,3918.0000,3918.2000,3919.6000,3919.8000,1,2,1,1,1,1,2,1,1,2
SF,IF2006,2020-02-12 09:30:32.700,3916.0000,22816,0,95079360.000,0,-,-,-,-,3916.2000,3916.0000,3915.2000,3914.8000,3914.2000,3917.6000,3917.8000,3918.0000,3919.6000,3919.8000,1,1,1,1,1,2,1,2,1,4
SF,IF2006,2020-02-12 09:30:33.200,3917.6000,22814,-2,97429500.000,2,0,2,双平,S,3916.0000,3915.2000,3914.8000,3914.2000,3913.6000,3917.6000,3917.8000,3918.0000,3919.6000,3919.8000,1,1,1,1,1,1,1,2,1,4
SF,IF2006,2020-02-12 09:30:33.700,3917.6000,22814,0,98604780.000,1,0,1,多换,S,3916.2000,3916.0000,3915.2000,3914.8000,3914.2000,3917.8000,3918.0000,3919.6000,3919.8000,3925.0000,1,1,1,1,1,1,2,1,4,6
SF,IF2006,2020-02-12 09:30:34.200,3916.2000,22810,-4,104479140.000,5,0,5,多平,S,3915.2000,3914.8000,3914.2000,3913.6000,3913.2000,3917.8000,3918.0000,3919.6000,3919.8000,3925.0000,1,1,1,1,1,1,1,1,4,6
SF,IF2006,2020-02-12 09:30:34.700,3916.2000,22810,0,104479140.000,0,-,-,-,-,3917.6000,3915.4000,3915.2000,3914.8000,3914.2000,3918.0000,3919.6000,3919.8000,3925.0000,3927.6000,1,3,1,1,1,1,1,4,6,1
SF,IF2006,2020-02-12 09:30:35.200,3917.6000,22809,-1,105654420.000,1,0,1,双平,S,3915.2000,3914.8000,3914.2000,3913.6000,3913.2000,3917.6000,3917.8000,3918.0000,3919.6000,3919.8000,1,1,1,1,1,1,2,1,1,4
SF,IF2006,2020-02-12 09:30:35.700,3917.6000,22809,0,105654420.000,0,-,-,-,-,3916.2000,3915.2000,3914.8000,3914.2000,3913.6000,3917.4000,3918.0000,3919.6000,3919.8000,3925.0000,2,1,1,1,1,1,1,1,4,6
SF,IF2006,2020-02-12 09:30:36.200,3915.2000,22808,-1,109178700.000,3,1,2,多平,S,3914.8000,3914.2000,3913.6000,3913.2000,3913.0000,3916.8000,3917.2000,3917.4000,3918.0000,3919.6000,1,1,1,1,1,1,2,1,1,1
SF,IF2006,2020-02-12 09:30:36.700,3915.2000,22808,0,109178700.000,0,-,-,-,-,3914.8000,3914.2000,3913.6000,3913.2000,3913.0000,3916.6000,3916.8000,3917.4000,3918.0000,3919.6000,1,1,1,1,1,3,1,1,1,4
SF,IF2006,2020-02-12 09:30:37.200,3915.2000,22808,0,109178700.000,0,-,-,-,-,3915.0000,3913.6000,3913.2000,3913.0000,3912.2000,3916.6000,3916.8000,3917.2000,3917.4000,3918.0000,1,1,1,1,3,3,1,2,1,1
SF,IF2006,2020-02-12 09:30:37.700,3915.2000,22808,0,109178700.000,0,-,-,-,-,3915.0000,3914.6000,3913.8000,3913.6000,3913.2000,3916.4000,3916.6000,3916.8000,3917.2000,3918.0000,1,1,1,1,1,1,3,1,2,1
SF,IF2006,2020-02-12 09:30:38.200,3915.2000,22808,0,109178700.000,0,-,-,-,-,3915.0000,3914.6000,3913.8000,3913.6000,3913.2000,3916.2000,3916.4000,3916.6000,3916.8000,3917.2000,1,1,1,1,1,2,1,1,1,2
SF,IF2006,2020-02-12 09:30:38.700,3915.0000,22808,0,110353200.000,1,0,1,多换,S,3914.6000,3913.8000,3913.2000,3913.0000,3912.2000,3916.0000,3916.6000,3916.8000,3917.2000,3918.0000,1,1,1,1,3,4,1,1,2,1
SF,IF2006,2020-02-12 09:30:39.200,3915.0000,22808,0,110353200.000,0,-,-,-,-,3914.6000,3913.2000,3913.0000,3912.2000,3912.0000,3916.0000,3916.6000,3916.8000,3917.2000,3918.0000,1,1,1,3,1,3,1,1,1,1
SF,IF2006,2020-02-12 09:30:39.700,3915.0000,22808,0,110353200.000,0,-,-,-,-,3914.6000,3913.0000,3912.2000,3912.0000,3911.6000,3916.0000,3916.6000,3916.8000,3917.2000,3918.0000,1,1,3,1,1,3,1,1,1,1
SF,IF2006,2020-02-12 09:30:40.200,3915.0000,22808,0,110353200.000,0,-,-,-,-,3914.6000,3913.0000,3912.2000,3912.0000,3911.6000,3915.2000,3916.0000,3916.6000,3916.8000,3917.2000,1,1,3,1,1,1,4,1,1,1
SF,IF2006,2020-02-12 09:30:40.700,3915.0000,22808,0,110353200.000,0,-,-,-,-,3914.6000,3913.0000,3912.2000,3912.0000,3911.6000,3915.2000,3916.0000,3916.6000,3916.8000,3917.2000,1,1,3,1,1,1,1,1,1,1
SF,IF2006,2020-02-12 09:30:41.700,3915.2000,22809,1,111527760.000,1,1,0,双开,S,3914.6000,3913.0000,3912.2000,3912.0000,3911.6000,3916.0000,3916.6000,3916.8000,3917.2000,3918.0000,1,1,3,1,1,1,1,1,1,1
SF,IF2006,2020-02-12 09:30:42.200,3915.2000,22809,0,111527760.000,0,-,-,-,-,3914.6000,3913.0000,3912.2000,3912.0000,3911.6000,3915.8000,3916.0000,3916.6000,3916.8000,3917.2000,1,1,3,1,1,2,1,1,1,1
SF,IF2006,2020-02-12 09:30:42.700,3914.6000,22810,1,112702140.000,1,1,0,双开,S,3913.0000,3912.2000,3912.0000,3911.6000,3911.0000,3915.6000,3916.0000,3916.6000,3916.8000,3917.2000,1,3,1,1,5,2,1,1,1,1
SF,IF2006,2020-02-12 09:30:43.200,3914.6000,22810,0,112702140.000,0,-,-,-,-,3913.2000,3913.0000,3912.2000,3912.0000,3911.6000,3915.4000,3916.0000,3916.8000,3917.2000,3918.0000,2,1,3,1,1,1,1,1,1,1
SF,IF2006,2020-02-12 09:30:43.700,3914.6000,22810,0,112702140.000,0,-,-,-,-,3913.2000,3913.0000,3912.2000,3912.0000,3911.6000,3915.4000,3916.8000,3917.2000,3918.0000,3919.4000,2,1,3,1,1,1,1,1,1,2
SF,IF2006,2020-02-12 09:30:44.200,3915.4000,22809,-1,113876760.000,1,0,1,双平,S,3913.6000,3913.4000,3913.2000,3913.0000,3912.2000,3916.8000,3917.2000,3918.0000,3919.4000,3919.6000,1,1,1,1,3,1,1,1,2,4
SF,IF2006,2020-02-12 09:30:44.700,3913.8000,22808,-1,115050900.000,1,0,1,双平,S,3913.6000,3913.0000,3912.2000,3912.0000,3911.6000,3916.6000,3916.8000,3917.2000,3918.0000,3919.4000,1,1,3,1,1,2,3,1,1,2
SF,IF2006,2020-02-12 09:30:45.200,3913.8000,22808,0,115050900.000,0,-,-,-,-,3913.6000,3913.0000,3912.2000,3912.0000,3911.6000,3916.6000,3916.8000,3917.0000,3917.2000,3918.0000,1,1,3,1,1,2,3,1,1,1
SF,IF2006,2020-02-12 09:30:45.700,3913.8000,22808,0,115050900.000,0,-,-,-,-,3913.6000,3913.0000,3912.2000,3912.0000,3911.6000,3916.4000,3916.6000,3916.8000,3917.0000,3917.2000,1,1,3,1,1,1,2,3,1,1
SF,IF2006,2020-02-12 09:30:46.200,3913.8000,22808,0,115050900.000,0,-,-,-,-,3913.0000,3912.2000,3912.0000,3911.6000,3911.0000,3916.0000,3916.2000,3916.4000,3916.8000,3917.0000,1,3,1,1,5,3,2,1,3,1
SF,IF2006,2020-02-12 09:30:46.700,3913.8000,22808,0,115050900.000,0,-,-,-,-,3913.0000,3912.2000,3912.0000,3911.6000,3911.4000,3915.8000,3916.0000,3916.2000,3916.4000,3916.8000,1,3,1,1,2,2,4,1,1,3
SF,IF2006,2020-02-12 09:30:47.200,3913.8000,22808,0,115050900.000,0,-,-,-,-,3913.0000,3912.2000,3912.0000,3911.6000,3911.4000,3915.8000,3916.0000,3916.2000,3916.4000,3916.8000,1,3,1,1,2,2,3,1,1,3
SF,IF2006,2020-02-12 09:30:47.700,3913.8000,22808,0,115050900.000,0,-,-,-,-,3913.0000,3912.2000,3912.0000,3911.6000,3911.4000,3915.4000,3915.6000,3915.8000,3916.0000,3916.2000,1,3,1,1,2,1,1,2,2,1
SF,IF2006,2020-02-12 09:30:48.200,3913.8000,22808,0,115050900.000,0,-,-,-,-,3913.0000,3912.2000,3912.0000,3911.6000,3911.4000,3915.2000,3915.4000,3915.6000,3916.0000,3916.2000,1,3,1,1,2,2,3,1,2,1
SF,IF2006,2020-02-12 09:30:48.700,3913.8000,22808,0,115050900.000,0,-,-,-,-,3913.0000,3912.2000,3912.0000,3911.6000,3911.4000,3915.2000,3915.4000,3915.6000,3916.0000,3916.2000,1,3,1,1,2,2,3,1,2,1
SF,IF2006,2020-02-12 09:30:49.200,3915.2000,22808,0,116225460.000,1,0,1,多换,S,3913.0000,3912.2000,3912.0000,3911.6000,3911.4000,3915.4000,3915.6000,3916.0000,3916.2000,3916.8000,1,3,1,1,2,3,1,2,1,3
SF,IF2006,2020-02-12 09:30:49.700,3915.2000,22808,0,116225460.000,0,-,-,-,-,3913.0000,3912.2000,3912.0000,3911.6000,3911.4000,3915.0000,3916.0000,3916.2000,3916.8000,3917.0000,1,3,1,1,2,1,2,1,3,1
SF,IF2006,2020-02-12 09:30:50.200,3913.0000,22807,-1,117399360.000,1,0,1,双平,S,3912.2000,3912.0000,3911.6000,3911.4000,3911.0000,3913.0000,3915.0000,3916.0000,3916.2000,3916.8000,3,1,1,2,5,1,2,2,1,3
SF,IF2006,2020-02-12 09:30:50.700,3912.4000,22805,-2,119746980.000,2,0,2,双平,S,3913.0000,3912.4000,3912.2000,3912.0000,3911.6000,3914.8000,3915.0000,3916.0000,3916.2000,3916.8000,1,1,3,1,1,1,2,1,1,3
SF,IF2006,2020-02-12 09:30:51.200,3914.6000,22804,-1,120921360.000,1,0,1,双平,S,3912.2000,3912.0000,3911.6000,3911.4000,3911.0000,3914.6000,3914.8000,3915.0000,3916.0000,3916.2000,3,1,1,2,5,1,1,3,1,1
SF,IF2006,2020-02-12 09:30:52.200,3914.6000,22804,0,120921360.000,0,-,-,-,-,3912.2000,3912.0000,3911.6000,3911.4000,3911.0000,3914.6000,3914.8000,3915.0000,3916.0000,3916.2000,3,1,1,2,5,2,1,3,1,1
SF,IF2006,2020-02-12 09:30:52.700,3914.6000,22804,0,120921360.000,0,-,-,-,-,3912.2000,3912.0000,3911.6000,3911.4000,3911.0000,3914.2000,3914.4000,3914.6000,3914.8000,3915.0000,3,1,1,2,5,1,2,2,1,3
SF,IF2006,2020-02-12 09:30:53.200,3914.6000,22804,0,120921360.000,0,-,-,-,-,3912.2000,3912.0000,3911.6000,3911.4000,3911.0000,3914.2000,3914.4000,3914.6000,3914.8000,3915.0000,3,1,1,2,5,1,3,2,1,3
SF,IF2006,2020-02-12 09:30:53.700,3914.6000,22804,0,120921360.000,0,-,-,-,-,3912.2000,3912.0000,3911.6000,3911.4000,3911.0000,3914.2000,3914.4000,3914.6000,3914.8000,3915.0000,3,1,1,2,5,1,2,2,1,3
SF,IF2006,2020-02-12 09:30:54.200,3914.2000,22803,-1,122095620.000,1,0,1,双平,S,3912.2000,3912.0000,3911.6000,3911.4000,3911.0000,3914.2000,3914.4000,3914.6000,3914.8000,3915.0000,3,1,1,2,5,1,2,2,1,3
SF,IF2006,2020-02-12 09:30:54.700,3914.2000,22803,0,122095620.000,0,-,-,-,-,3912.2000,3912.0000,3911.6000,3911.4000,3911.0000,3914.0000,3914.2000,3914.4000,3914.6000,3914.8000,3,1,1,2,5,1,1,1,2,1
SF,IF2006,2020-02-12 09:30:55.200,3912.2000,22801,-2,124442940.000,2,0,2,双平,S,3912.2000,3912.0000,3911.6000,3911.4000,3911.0000,3914.0000,3914.2000,3914.4000,3914.6000,3914.8000,1,1,1,2,5,3,1,1,2,1
SF,IF2006,2020-02-12 09:30:55.700,3912.2000,22801,0,124442940.000,0,-,-,-,-,3912.2000,3912.0000,3911.6000,3911.4000,3911.0000,3913.8000,3914.0000,3914.6000,3914.8000,3915.0000,1,1,1,2,5,2,3,2,1,1
SF,IF2006,2020-02-12 09:30:56.200,3912.2000,22801,0,124442940.000,0,-,-,-,-,3912.2000,3912.0000,3911.6000,3911.4000,3911.0000,3913.8000,3914.0000,3914.6000,3914.8000,3915.0000,1,1,1,2,5,3,3,2,1,1
SF,IF2006,2020-02-12 09:30:56.700,3912.2000,22801,0,124442940.000,0,-,-,-,-,3912.2000,3912.0000,3911.6000,3911.4000,3911.0000,3913.6000,3913.8000,3914.0000,3914.6000,3914.8000,1,1,1,2,5,1,1,3,2,1
SF,IF2006,2020-02-12 09:30:57.200,3912.2000,22801,0,124442940.000,0,-,-,-,-,3912.2000,3912.0000,3911.6000,3911.4000,3911.0000,3914.0000,3914.6000,3915.0000,3916.2000,3916.8000,1,1,1,2,5,1,2,1,1,3
SF,IF2006,2020-02-12 09:30:57.700,3912.2000,22801,0,124442940.000,0,-,-,-,-,3912.4000,3912.2000,3912.0000,3911.6000,3911.4000,3914.0000,3914.6000,3915.0000,3916.2000,3916.8000,1,1,1,1,2,1,1,1,1,3
SF,IF2006,2020-02-12 09:30:58.200,3912.2000,22801,0,124442940.000,0,-,-,-,-,3912.4000,3912.2000,3912.0000,3911.6000,3911.4000,3914.0000,3914.6000,3915.0000,3916.2000,3916.8000,1,1,1,1,2,1,1,1,1,3
SF,IF2006,2020-02-12 09:30:58.700,3914.0000,22801,0,125617140.000,1,0,1,多换,S,3912.6000,3912.4000,3912.2000,3912.0000,3911.6000,3915.0000,3916.2000,3916.8000,3917.0000,3917.2000,1,1,1,1,1,1,1,3,1,1
SF,IF2006,2020-02-12 09:30:59.200,3914.0000,22801,0,125617140.000,0,-,-,-,-,3912.8000,3912.6000,3912.4000,3912.2000,3912.0000,3916.2000,3916.8000,3917.0000,3917.2000,3918.0000,1,1,1,2,1,1,3,1,1,1
SF,IF2006,2020-02-12 09:30:59.700,3914.0000,22801,0,125617140.000,0,-,-,-,-,3912.8000,3912.2000,3912.0000,3911.6000,3911.4000,3916.0000,3916.2000,3916.8000,3917.0000,3917.2000,2,2,1,1,2,2,1,3,1,1
SF,IF2006,2020-02-12 09:31:00.200,3914.0000,22801,0,125617140.000,0,-,-,-,-,3912.8000,3912.2000,3912.0000,3911.6000,3911.4000,3916.0000,3916.2000,3916.8000,3917.0000,3917.2000,1,2,1,1,2,2,1,3,1,1
SF,IF2006,2020-02-12 09:31:00.700,3914.0000,22801,0,125617140.000,0,-,-,-,-,3913.0000,3912.8000,3912.2000,3912.0000,3911.6000,3915.6000,3915.8000,3916.0000,3916.2000,3916.8000,3,1,2,1,1,1,2,2,1,3
SF,IF2006,2020-02-12 09:31:01.200,3914.0000,22801,0,125617140.000,0,-,-,-,-,3913.0000,3912.2000,3912.0000,3911.6000,3911.4000,3915.6000,3915.8000,3916.0000,3916.2000,3916.8000,3,2,1,1,2,1,2,2,1,3
SF,IF2006,2020-02-12 09:31:01.700,3914.0000,22801,0,125617140.000,0,-,-,-,-,3912.2000,3912.0000,3911.6000,3911.4000,3911.0000,3915.0000,3915.4000,3915.8000,3916.0000,3916.2000,2,1,1,2,5,1,1,2,1,1
SF,IF2006,2020-02-12 09:31:02.200,3914.0000,22801,0,125617140.000,0,-,-,-,-,3912.2000,3912.0000,3911.6000,3911.4000,3911.0000,3914.6000,3915.0000,3915.4000,3915.8000,3916.0000,2,1,1,2,5,1,2,1,2,1
SF,IF2006,2020-02-12 09:31:02.700,3914.0000,22801,0,125617140.000,0,-,-,-,-,3912.2000,3912.0000,3911.6000,3911.4000,3911.0000,3912.8000,3914.2000,3914.4000,3914.6000,3915.0000,2,1,1,2,5,1,2,2,1,2
SF,IF2006,2020-02-12 09:31:03.200,3912.4000,22799,-2,129138420.000,3,0,3,多平,S,3912.2000,3912.0000,3911.6000,3911.4000,3911.0000,3914.2000,3914.4000,3914.6000,3915.0000,3916.0000,2,1,1,2,5,3,1,1,2,1
SF,IF2006,2020-02-12 09:31:03.700,3912.4000,22799,0,129138420.000,0,-,-,-,-,3912.2000,3912.0000,3911.6000,3911.4000,3911.0000,3914.0000,3914.2000,3914.6000,3915.0000,3916.0000,2,1,1,2,5,2,1,1,2,1
SF,IF2006,2020-02-12 09:31:04.200,3913.8000,22798,-1,130312560.000,1,0,1,双平,S,3912.2000,3912.0000,3911.6000,3911.4000,3911.0000,3913.8000,3914.0000,3914.6000,3915.0000,3916.0000,2,1,1,2,5,1,2,1,2,1
SF,IF2006,2020-02-12 09:31:04.700,3913.8000,22798,0,130312560.000,0,-,-,-,-,3912.2000,3912.0000,3911.6000,3911.4000,3911.0000,3913.8000,3914.0000,3914.6000,3915.0000,3916.0000,2,1,1,2,5,1,2,1,2,1
SF,IF2006,2020-02-12 09:31:05.200,3913.8000,22798,0,130312560.000,0,-,-,-,-,3912.2000,3912.0000,3911.6000,3911.4000,3911.0000,3913.8000,3914.0000,3914.6000,3915.0000,3916.0000,2,1,1,2,5,1,2,1,2,1
SF,IF2006,2020-02-12 09:31:05.700,3912.2000,22798,0,131486220.000,1,0,1,多换,S,3912.2000,3912.0000,3911.6000,3911.4000,3911.0000,3913.8000,3914.0000,3914.6000,3915.0000,3916.0000,1,1,1,2,5,1,2,1,2,1
SF,IF2006,2020-02-12 09:31:06.200,3912.2000,22798,0,131486220.000,0,-,-,-,-,3912.2000,3912.0000,3911.6000,3911.4000,3911.0000,3913.4000,3913.8000,3914.0000,3914.6000,3915.0000,1,1,1,2,5,1,2,2,1,2
SF,IF2006,2020-02-12 09:31:06.700,3912.2000,22798,0,131486220.000,0,-,-,-,-,3912.2000,3912.0000,3911.6000,3911.4000,3911.0000,3913.8000,3914.0000,3914.6000,3915.0000,3916.2000,1,1,1,2,5,1,2,1,3,1
SF,IF2006,2020-02-12 09:31:07.200,3912.2000,22798,0,131486220.000,0,-,-,-,-,3912.2000,3912.0000,3911.6000,3911.4000,3911.0000,3913.4000,3913.6000,3913.8000,3914.0000,3914.6000,1,1,1,2,5,1,1,1,2,1
SF,IF2006,2020-02-12 09:31:08.200,3912.2000,22798,0,131486220.000,0,-,-,-,-,3912.2000,3912.0000,3911.6000,3911.4000,3911.0000,3913.4000,3913.6000,3913.8000,3914.0000,3914.6000,6,1,1,2,5,1,1,1,2,1
SF,IF2006,2020-02-12 09:31:09.200,3912.2000,22797,-1,135008100.000,3,1,2,多平,S,3912.2000,3912.0000,3911.6000,3911.4000,3911.0000,3913.2000,3914.0000,3914.6000,3915.0000,3915.8000,5,1,1,2,5,1,2,1,3,1
SF,IF2006,2020-02-12 09:31:09.700,3913.2000,22797,0,136182060.000,1,0,1,多换,S,3912.2000,3912.0000,3911.6000,3911.4000,3911.0000,3915.0000,3915.8000,3916.2000,3916.8000,3917.0000,5,1,1,2,5,3,1,1,2,1
SF,IF2006,2020-02-12 09:31:10.200,3913.2000,22797,0,136182060.000,0,-,-,-,-,3913.4000,3912.4000,3912.2000,3912.0000,3911.6000,3915.0000,3915.8000,3916.2000,3916.8000,3917.0000,1,2,5,1,1,2,1,1,2,1
SF,IF2006,2020-02-12 09:31:10.700,3913.2000,22797,0,136182060.000,0,-,-,-,-,3913.4000,3912.4000,3912.2000,3912.0000,3911.6000,3915.0000,3915.8000,3916.2000,3916.8000,3917.0000,1,3,5,1,1,2,1,1,2,1
SF,IF2006,2020-02-12 09:31:11.200,3913.2000,22797,0,136182060.000,0,-,-,-,-,3913.4000,3912.4000,3912.2000,3912.0000,3911.6000,3915.0000,3915.8000,3916.2000,3916.8000,3917.0000,1,3,8,1,1,2,1,1,2,1
SF,IF2006,2020-02-12 09:31:11.700,3913.2000,22797,0,136182060.000,0,-,-,-,-,3913.4000,3912.4000,3912.2000,3912.0000,3911.6000,3915.0000,3915.8000,3916.2000,3916.8000,3917.0000,1,3,8,1,1,2,1,1,2,1
SF,IF2006,2020-02-12 09:31:12.200,3913.2000,22797,0,136182060.000,0,-,-,-,-,3913.4000,3912.4000,3912.2000,3912.0000,3911.6000,3914.6000,3915.0000,3915.8000,3916.2000,3916.8000,1,1,8,1,1,1,2,1,1,2
SF,IF2006,2020-02-12 09:31:12.700,3913.2000,22797,0,136182060.000,0,-,-,-,-,3913.4000,3912.2000,3912.0000,3911.6000,3911.4000,3914.6000,3915.0000,3915.8000,3916.2000,3916.8000,1,8,5,1,2,1,2,1,1,2
SF,IF2006,2020-02-12 09:31:13.200,3913.2000,22797,0,136182060.000,0,-,-,-,-,3913.4000,3912.2000,3912.0000,3911.6000,3911.4000,3915.0000,3915.8000,3916.2000,3916.8000,3917.0000,1,8,5,1,2,2,1,1,2,1
SF,IF2006,2020-02-12 09:31:13.700,3913.2000,22797,0,136182060.000,0,-,-,-,-,3913.4000,3912.2000,3912.0000,3911.6000,3911.4000,3915.0000,3915.8000,3916.2000,3916.8000,3917.0000,1,8,5,1,2,2,1,1,2,1
SF,IF2006,2020-02-12 09:31:14.700,3913.2000,22797,0,136182060.000,0,-,-,-,-,3913.4000,3912.2000,3912.0000,3911.6000,3911.4000,3914.6000,3915.0000,3915.8000,3916.2000,3916.8000,1,8,5,1,2,1,2,1,1,2
SF,IF2006,2020-02-12 09:31:15.200,3913.2000,22797,0,136182060.000,0,-,-,-,-,3913.4000,3912.2000,3912.0000,3911.6000,3911.4000,3914.6000,3915.0000,3915.8000,3916.2000,3916.8000,1,8,5,1,2,1,2,1,1,2
SF,IF2006,2020-02-12 09:31:15.700,3913.2000,22797,0,136182060.000,0,-,-,-,-,3913.4000,3912.2000,3912.0000,3911.6000,3911.4000,3914.6000,3915.0000,3915.8000,3916.2000,3916.8000,1,8,5,1,2,1,2,1,1,2
SF,IF2006,2020-02-12 09:31:16.200,3913.2000,22797,0,137356020.000,1,0,1,多换,S,3912.2000,3912.0000,3911.6000,3911.4000,3911.0000,3913.0000,3914.6000,3915.0000,3915.8000,3916.2000,8,5,1,2,5,1,1,2,1,1
SF,IF2006,2020-02-12 09:31:16.700,3913.2000,22796,-1,138529980.000,1,0,1,双平,S,3912.2000,3912.0000,3911.6000,3911.4000,3911.0000,3915.0000,3915.8000,3916.2000,3916.8000,3917.0000,8,5,1,2,5,2,1,1,2,1
SF,IF2006,2020-02-12 09:31:17.200,3913.2000,22796,0,138529980.000,0,-,-,-,-,3912.2000,3912.0000,3911.6000,3911.4000,3911.0000,3914.8000,3915.0000,3915.8000,3916.2000,3916.8000,8,5,1,2,5,1,4,1,1,2
SF,IF2006,2020-02-12 09:31:17.700,3913.2000,22796,0,138529980.000,0,-,-,-,-,3912.4000,3912.2000,3912.0000,3911.6000,3911.4000,3913.4000,3914.8000,3915.0000,3915.8000,3916.2000,3,8,5,1,2,1,1,2,1,1
SF,IF2006,2020-02-12 09:31:18.200,3913.4000,22797,1,139704000.000,1,1,0,双开,S,3912.4000,3912.2000,3912.0000,3911.6000,3911.4000,3914.8000,3915.0000,3915.8000,3916.2000,3916.8000,3,8,5,1,2,1,2,1,1,2
SF,IF2006,2020-02-12 09:31:18.700,3913.4000,22797,0,139704000.000,0,-,-,-,-,3912.4000,3912.2000,3912.0000,3911.6000,3911.4000,3914.8000,3915.0000,3915.8000,3916.2000,3916.8000,1,8,6,1,2,1,2,1,1,2
SF,IF2006,2020-02-12 09:31:19.200,3913.4000,22797,0,139704000.000,0,-,-,-,-,3912.6000,3912.4000,3912.2000,3912.0000,3911.6000,3914.6000,3914.8000,3915.0000,3915.8000,3916.2000,1,1,8,6,1,1,1,2,1,1
SF,IF2006,2020-02-12 09:31:19.700,3913.4000,22797,0,139704000.000,0,-,-,-,-,3912.8000,3912.6000,3912.2000,3912.0000,3911.6000,3914.4000,3915.0000,3915.8000,3916.2000,3916.8000,1,1,8,6,1,2,2,1,1,2
SF,IF2006,2020-02-12 09:31:20.200,3914.2000,22797,0,140878260.000,1,0,1,多换,S,3912.8000,3912.6000,3912.2000,3912.0000,3911.6000,3914.4000,3915.0000,3915.8000,3916.2000,3916.8000,2,1,8,6,1,1,1,1,1,2
SF,IF2006,2020-02-12 09:31:20.700,3914.2000,22797,0,140878260.000,0,-,-,-,-,3912.8000,3912.6000,3912.2000,3912.0000,3911.6000,3914.4000,3915.0000,3915.8000,3916.2000,3916.8000,2,1,8,6,1,1,1,1,1,2
SF,IF2006,2020-02-12 09:31:21.200,3914.2000,22797,0,140878260.000,0,-,-,-,-,3912.8000,3912.6000,3912.2000,3912.0000,3911.6000,3915.0000,3915.8000,3916.2000,3916.8000,3917.0000,2,1,8,6,1,1,1,1,2,1
SF,IF2006,2020-02-12 09:31:21.700,3914.2000,22797,0,140878260.000,0,-,-,-,-,3912.8000,3912.2000,3912.0000,3911.6000,3911.4000,3915.0000,3915.8000,3916.2000,3916.8000,3917.0000,2,8,6,1,2,1,1,1,2,1
SF,IF2006,2020-02-12 09:31:22.200,3915.0000,22796,-1,142052760.000,1,0,1,双平,S,3912.8000,3912.2000,3912.0000,3911.6000,3911.4000,3915.8000,3916.2000,3916.8000,3917.0000,3917.2000,2,8,6,1,2,1,1,2,1,1
SF,IF2006,2020-02-12 09:31:23.200,3915.0000,22796,0,142052760.000,0,-,-,-,-,3913.8000,3913.6000,3913.0000,3912.8000,3912.2000,3915.8000,3916.2000,3916.8000,3917.0000,3917.2000,1,1,2,2,8,1,1,2,1,1
SF,IF2006,2020-02-12 09:31:23.700,3915.0000,22796,0,142052760.000,0,-,-,-,-,3914.0000,3913.8000,3913.6000,3913.0000,3912.8000,3915.8000,3916.2000,3916.8000,3917.0000,3917.2000,2,1,1,2,1,1,1,2,1,1
SF,IF2006,2020-02-12 09:31:24.200,3915.0000,22796,0,142052760.000,0,-,-,-,-,3914.0000,3913.8000,3913.6000,3913.0000,3912.8000,3915.8000,3916.2000,3916.8000,3917.0000,3917.2000,2,1,1,2,1,1,1,2,1,1
SF,IF2006,2020-02-12 09:31:24.700,3915.8000,22795,-1,143227500.000,1,0,1,双平,S,3914.0000,3913.8000,3913.6000,3913.0000,3912.8000,3916.2000,3917.0000,3917.2000,3918.0000,3918.6000,2,1,1,2,1,1,1,1,1,2
SF,IF2006,2020-02-12 09:31:25.200,3915.8000,22795,0,143227500.000,0,-,-,-,-,3914.2000,3914.0000,3913.8000,3913.6000,3912.8000,3916.2000,3917.0000,3917.2000,3918.0000,3918.6000,2,2,1,1,1,1,1,1,1,2
SF,IF2006,2020-02-12 09:31:25.700,3915.8000,22795,0,143227500.000,0,-,-,-,-,3914.4000,3914.2000,3914.0000,3913.8000,3913.6000,3917.0000,3917.2000,3918.0000,3918.6000,3919.2000,1,2,1,1,1,1,1,1,2,2
SF,IF2006,2020-02-12 09:31:26.200,3915.8000,22795,0,143227500.000,0,-,-,-,-,3914.6000,3914.4000,3914.2000,3913.8000,3913.6000,3917.0000,3917.2000,3918.0000,3918.6000,3919.2000,2,1,1,1,1,1,1,1,2,2
SF,IF2006,2020-02-12 09:31:26.700,3915.8000,22795,0,143227500.000,0,-,-,-,-,3914.6000,3914.4000,3914.2000,3913.8000,3913.6000,3917.0000,3917.2000,3918.0000,3918.6000,3919.2000,2,2,1,1,1,1,1,1,2,2
SF,IF2006,2020-02-12 09:31:27.200,3915.8000,22795,0,143227500.000,0,-,-,-,-,3914.8000,3914.6000,3914.4000,3913.8000,3913.6000,3917.0000,3917.2000,3918.0000,3918.6000,3919.2000,2,2,2,1,1,1,1,1,2,2
SF,IF2006,2020-02-12 09:31:27.700,3915.8000,22795,0,143227500.000,0,-,-,-,-,3915.0000,3914.8000,3914.6000,3914.4000,3913.8000,3917.0000,3917.2000,3918.0000,3918.6000,3919.2000,1,2,2,1,1,1,1,1,2,2
SF,IF2006,2020-02-12 09:31:28.200,3915.8000,22795,0,143227500.000,0,-,-,-,-,3915.2000,3914.8000,3914.6000,3914.4000,3913.8000,3917.0000,3917.2000,3918.0000,3918.6000,3919.2000,1,1,2,1,1,1,1,1,2,2
SF,IF2006,2020-02-12 09:31:28.700,3915.8000,22795,0,143227500.000,0,-,-,-,-,3916.2000,3915.2000,3914.6000,3914.4000,3913.8000,3917.0000,3917.2000,3918.0000,3918.6000,3919.2000,1,1,2,1,1,1,1,1,2,2
SF,IF2006,2020-02-12 09:31:29.200,3916.2000,22795,0,144402360.000,1,0,1,多换,S,3915.2000,3914.6000,3914.4000,3913.8000,3913.6000,3917.0000,3917.2000,3918.0000,3918.6000,3919.2000,1,2,1,1,1,1,1,1,2,2
SF,IF2006,2020-02-12 09:31:32.700,3916.2000,22795,0,144402360.000,0,-,-,-,-,3916.2000,3915.2000,3914.6000,3914.4000,3913.8000,3917.0000,3917.2000,3918.0000,3918.6000,3919.2000,1,1,2,1,1,1,1,1,2,2
SF,IF2006,2020-02-12 09:31:33.200,3917.0000,22794,-1,145577460.000,1,0,1,双平,S,3916.2000,3915.2000,3914.6000,3914.4000,3913.8000,3917.2000,3918.0000,3918.6000,3919.2000,3919.4000,1,1,2,1,1,1,1,2,2,2
SF,IF2006,2020-02-12 09:31:34.200,3916.2000,22792,-2,147927480.000,2,0,2,双平,S,3915.2000,3915.0000,3914.6000,3914.4000,3913.6000,3918.0000,3918.6000,3919.2000,3919.4000,3919.6000,1,1,2,1,1,1,2,2,2,1
SF,IF2006,2020-02-12 09:31:34.700,3916.2000,22792,0,147927480.000,0,-,-,-,-,3915.4000,3915.2000,3915.0000,3914.6000,3914.4000,3918.0000,3918.6000,3919.2000,3919.4000,3919.6000,1,1,1,1,1,1,2,2,2,1
SF,IF2006,2020-02-12 09:31:35.200,3916.2000,22792,0,147927480.000,0,-,-,-,-,3916.0000,3915.6000,3915.4000,3915.2000,3915.0000,3918.0000,3918.6000,3919.2000,3919.4000,3919.6000,1,2,1,1,1,1,2,2,2,1
SF,IF2006,2020-02-12 09:31:35.700,3916.2000,22792,0,147927480.000,0,-,-,-,-,3916.2000,3916.0000,3915.6000,3915.2000,3915.0000,3918.0000,3918.6000,3919.2000,3919.4000,3919.6000,1,1,2,1,1,1,2,2,2,1
SF,IF2006,2020-02-12 09:31:36.200,3918.0000,22792,0,149102880.000,1,0,1,多换,S,3916.4000,3916.2000,3916.0000,3915.6000,3915.2000,3918.6000,3919.2000,3919.4000,3919.6000,3919.8000,1,1,1,1,1,2,2,2,1,4
SF,IF2006,2020-02-12 09:31:36.700,3918.0000,22792,0,149102880.000,0,-,-,-,-,3916.6000,3916.4000,3916.0000,3915.6000,3915.2000,3918.6000,3919.2000,3919.4000,3919.6000,3919.8000,3,1,1,1,1,2,2,2,1,4
SF,IF2006,2020-02-12 09:31:37.200,3918.0000,22792,0,149102880.000,0,-,-,-,-,3916.8000,3916.6000,3916.0000,3915.6000,3915.2000,3918.6000,3919.2000,3919.4000,3919.6000,3919.8000,2,3,1,1,1,2,2,2,1,4
SF,IF2006,2020-02-12 09:31:37.700,3918.6000,22792,0,150278460.000,1,0,1,多换,S,3917.2000,3917.0000,3916.8000,3916.6000,3916.0000,3918.6000,3919.2000,3919.4000,3919.6000,3919.8000,1,1,2,2,1,1,2,2,1,5
SF,IF2006,2020-02-12 09:31:38.200,3918.6000,22791,-1,151454040.000,1,0,1,双平,S,3918.6000,3917.2000,3916.8000,3916.6000,3916.0000,3919.2000,3919.4000,3919.6000,3919.8000,3925.0000,1,1,2,2,2,2,2,1,5,5
SF,IF2006,2020-02-12 09:31:38.700,3918.6000,22792,1,152629620.000,1,1,0,双开,S,3916.8000,3916.6000,3916.0000,3915.2000,3915.0000,3918.6000,3919.2000,3919.4000,3919.6000,3919.8000,2,1,2,1,1,1,2,2,1,5
SF,IF2006,2020-02-12 09:31:39.200,3917.0000,22792,0,153804720.000,1,0,1,多换,S,3916.8000,3916.6000,3916.0000,3915.0000,3914.4000,3919.2000,3919.4000,3919.6000,3919.8000,3925.0000,1,1,2,1,1,2,2,1,5,5
SF,IF2006,2020-02-12 09:31:39.700,3917.0000,22792,0,153804720.000,0,-,-,-,-,3916.0000,3915.0000,3914.4000,3912.2000,3912.0000,3919.0000,3919.2000,3919.4000,3919.6000,3919.8000,2,1,1,8,6,2,2,2,1,5
SF,IF2006,2020-02-12 09:31:40.200,3917.0000,22792,0,153804720.000,0,-,-,-,-,3916.2000,3916.0000,3915.0000,3914.4000,3912.2000,3918.8000,3919.0000,3919.2000,3919.4000,3919.6000,1,2,1,1,8,1,2,2,2,1
SF,IF2006,2020-02-12 09:31:40.700,3917.0000,22792,0,153804720.000,0,-,-,-,-,3917.0000,3916.2000,3916.0000,3915.0000,3914.4000,3918.6000,3918.8000,3919.0000,3919.2000,3919.4000,1,1,2,1,1,1,1,1,2,2
SF,IF2006,2020-02-12 09:31:41.200,3917.0000,22792,0,154979820.000,1,0,1,多换,S,3916.0000,3915.0000,3914.4000,3912.2000,3912.0000,3918.6000,3918.8000,3919.0000,3919.2000,3919.4000,2,1,1,8,6,2,1,1,3,2
SF,IF2006,2020-02-12 09:31:41.700,3917.0000,22792,0,154979820.000,0,-,-,-,-,3916.2000,3916.0000,3915.0000,3914.4000,3912.2000,3918.6000,3919.0000,3919.2000,3919.4000,3919.6000,2,1,1,1,8,2,1,3,2,1
SF,IF2006,2020-02-12 09:31:42.200,3917.0000,22792,0,154979820.000,0,-,-,-,-,3916.4000,3916.2000,3916.0000,3915.0000,3914.4000,3918.6000,3919.0000,3919.2000,3919.4000,3919.6000,1,1,1,1,1,2,1,3,2,1
SF,IF2006,2020-02-12 09:31:42.700,3917.0000,22792,0,154979820.000,0,-,-,-,-,3916.6000,3916.2000,3916.0000,3915.0000,3914.4000,3918.4000,3918.6000,3919.2000,3919.4000,3919.6000,1,1,1,1,1,2,2,3,2,1
SF,IF2006,2020-02-12 09:31:43.200,3917.0000,22792,0,154979820.000,0,-,-,-,-,3916.8000,3916.6000,3916.0000,3915.0000,3914.4000,3918.2000,3918.4000,3918.6000,3919.2000,3919.4000,1,1,1,1,1,1,1,2,3,2
SF,IF2006,2020-02-12 09:31:43.700,3917.0000,22792,0,154979820.000,0,-,-,-,-,3917.0000,3916.6000,3916.0000,3915.0000,3914.4000,3918.6000,3919.2000,3919.4000,3919.6000,3919.8000,1,1,1,1,1,2,3,2,1,5
SF,IF2006,2020-02-12 09:31:44.200,3917.0000,22792,0,154979820.000,0,-,-,-,-,3917.2000,3916.8000,3916.6000,3916.0000,3915.0000,3918.6000,3919.2000,3919.4000,3919.6000,3919.8000,2,1,1,1,1,1,3,2,1,5
SF,IF2006,2020-02-12 09:31:44.700,3917.0000,22792,0,154979820.000,0,-,-,-,-,3917.4000,3917.2000,3916.8000,3916.6000,3916.0000,3918.6000,3919.2000,3919.4000,3919.6000,3919.8000,1,1,1,1,2,1,3,2,1,5
SF,IF2006,2020-02-12 09:31:45.200,3918.6000,22792,0,156155400.000,1,0,1,多换,S,3917.6000,3916.8000,3916.6000,3916.0000,3915.0000,3919.2000,3919.4000,3919.6000,3919.8000,3920.4000,1,1,1,2,1,3,2,1,5,2
SF,IF2006,2020-02-12 09:31:45.700,3918.6000,22792,0,156155400.000,0,-,-,-,-,3918.6000,3917.8000,3917.6000,3916.8000,3916.6000,3919.2000,3919.4000,3919.6000,3919.8000,3920.4000,1,1,1,1,1,3,2,1,5,2
SF,IF2006,2020-02-12 09:31:46.200,3918.6000,22792,0,156155400.000,0,-,-,-,-,3918.6000,3917.8000,3917.6000,3916.8000,3916.6000,3919.2000,3919.4000,3919.6000,3919.8000,3920.4000,1,1,1,1,2,3,2,1,5,2
SF,IF2006,2020-02-12 09:31:46.700,3918.6000,22792,0,157330980.000,1,0,1,多换,S,3917.8000,3917.6000,3916.8000,3916.6000,3916.0000,3919.2000,3919.4000,3919.6000,3919.8000,3920.4000,1,1,1,2,2,3,2,1,5,2
SF,IF2006,2020-02-12 09:31:47.200,3918.6000,22792,0,157330980.000,0,-,-,-,-,3917.8000,3917.6000,3916.8000,3916.6000,3916.0000,3919.2000,3919.4000,3919.6000,3919.8000,3920.4000,1,1,1,2,2,3,2,1,5,2
SF,IF2006,2020-02-12 09:31:47.700,3918.6000,22792,0,157330980.000,0,-,-,-,-,3917.8000,3917.6000,3916.8000,3916.6000,3916.0000,3919.0000,3919.2000,3919.4000,3919.6000,3919.8000,1,1,1,2,2,2,3,2,1,5
SF,IF2006,2020-02-12 09:31:48.200,3918.6000,22792,0,157330980.000,0,-,-,-,-,3918.2000,3917.8000,3917.6000,3916.8000,3916.6000,3919.0000,3919.2000,3919.4000,3919.6000,3919.8000,1,1,1,1,2,2,3,2,1,5
SF,IF2006,2020-02-12 09:31:48.700,3919.2000,22791,-1,159682440.000,2,0,2,多平,S,3918.2000,3917.8000,3917.6000,3917.0000,3916.8000,3919.2000,3919.4000,3919.6000,3919.8000,3920.4000,1,1,1,1,1,2,2,1,5,2
SF,IF2006,2020-02-12 09:31:49.200,3919.2000,22792,1,162033960.000,2,1,1,空开,S,3918.4000,3918.2000,3917.8000,3917.6000,3917.0000,3919.4000,3919.6000,3919.8000,3920.4000,3920.6000,1,1,1,1,1,2,1,5,2,2
SF,IF2006,2020-02-12 09:31:49.700,3919.2000,22792,0,162033960.000,0,-,-,-,-,3919.0000,3918.4000,3918.2000,3917.8000,3917.6000,3919.4000,3919.6000,3919.8000,3920.4000,3920.6000,1,1,1,1,1,2,1,5,2,2
SF,IF2006,2020-02-12 09:31:50.200,3919.4000,22792,0,163209780.000,1,0,1,多换,S,3919.0000,3918.4000,3918.2000,3917.8000,3917.6000,3919.4000,3919.6000,3919.8000,3920.4000,3920.6000,1,1,1,1,1,1,1,5,2,2
SF,IF2006,2020-02-12 09:31:50.700,3919.6000,22791,-1,165561480.000,2,0,2,多平,S,3919.0000,3918.4000,3918.2000,3917.8000,3917.6000,3919.8000,3920.4000,3920.6000,3925.0000,3925.8000,1,1,1,1,1,5,2,2,5,1
SF,IF2006,2020-02-12 09:31:51.200,3919.0000,22792,1,166737180.000,1,1,0,双开,S,3918.4000,3918.2000,3918.0000,3917.8000,3917.6000,3919.8000,3920.4000,3920.6000,3925.0000,3925.8000,1,1,1,1,1,5,2,2,5,1
SF,IF2006,2020-02-12 09:31:51.700,3919.0000,22792,0,166737180.000,0,-,-,-,-,3918.4000,3918.2000,3918.0000,3917.8000,3917.6000,3919.8000,3920.4000,3920.6000,3920.8000,3925.0000,1,1,1,1,1,5,2,2,2,5
SF,IF2006,2020-02-12 09:31:52.200,3919.0000,22792,0,166737180.000,0,-,-,-,-,3918.2000,3918.0000,3917.8000,3917.6000,3917.0000,3919.6000,3919.8000,3920.4000,3920.6000,3920.8000,1,1,1,1,1,2,5,2,2,2
SF,IF2006,2020-02-12 09:31:52.700,3919.6000,22792,0,169088880.000,2,1,1,多换,S,3918.2000,3918.0000,3917.8000,3917.0000,3916.8000,3919.8000,3920.4000,3920.6000,3920.8000,3925.0000,1,1,1,1,1,5,2,2,2,5
SF,IF2006,2020-02-12 09:31:53.200,3919.6000,22792,0,169088880.000,0,-,-,-,-,3918.0000,3917.0000,3916.8000,3916.6000,3916.0000,3919.6000,3919.8000,3920.4000,3920.6000,3920.8000,1,1,1,2,3,1,5,2,2,2
SF,IF2006,2020-02-12 09:31:53.700,3919.6000,22792,0,169088880.000,0,-,-,-,-,3918.0000,3917.0000,3916.8000,3916.6000,3916.0000,3919.6000,3919.8000,3920.4000,3920.6000,3920.8000,5,1,1,2,3,1,5,2,2,2
SF,IF2006,2020-02-12 09:31:54.200,3919.6000,22792,0,169088880.000,0,-,-,-,-,3918.0000,3917.0000,3916.8000,3916.6000,3916.0000,3919.4000,3919.6000,3919.8000,3920.4000,3920.6000,5,1,1,2,3,2,2,5,2,2
SF,IF2006,2020-02-12 09:31:55.200,3919.6000,22792,0,169088880.000,0,-,-,-,-,3918.0000,3917.0000,3916.8000,3916.6000,3916.0000,3919.4000,3919.6000,3919.8000,3920.4000,3920.6000,5,1,1,2,3,2,1,5,2,2
SF,IF2006,2020-02-12 09:31:55.700,3919.6000,22792,0,169088880.000,0,-,-,-,-,3918.0000,3917.0000,3916.8000,3916.6000,3916.0000,3919.4000,3919.6000,3919.8000,3920.4000,3920.6000,5,1,1,2,3,1,1,5,2,2
SF,IF2006,2020-02-12 09:31:56.200,3919.6000,22792,0,169088880.000,0,-,-,-,-,3918.6000,3918.0000,3917.0000,3916.8000,3916.6000,3919.4000,3919.6000,3919.8000,3920.4000,3920.6000,3,5,1,1,2,1,1,5,2,2
SF,IF2006,2020-02-12 09:31:56.700,3918.0000,22791,-1,173791020.000,4,1,3,多平,S,3918.0000,3917.0000,3916.8000,3916.6000,3916.0000,3919.4000,3919.6000,3919.8000,3920.4000,3920.6000,4,1,1,2,3,1,1,5,2,2
SF,IF2006,2020-02-12 09:31:57.200,3919.4000,22791,0,174966840.000,1,0,1,多换,S,3918.0000,3917.0000,3916.8000,3916.6000,3916.0000,3919.6000,3919.8000,3920.4000,3920.6000,3920.8000,4,1,1,2,3,1,5,2,2,2
SF,IF2006,2020-02-12 09:31:58.200,3919.4000,22791,0,174966840.000,0,-,-,-,-,3918.0000,3917.0000,3916.8000,3916.6000,3916.0000,3919.4000,3919.6000,3919.8000,3920.4000,3920.6000,4,2,1,2,3,1,1,5,2,2
SF,IF2006,2020-02-12 09:31:59.700,3919.4000,22791,0,174966840.000,0,-,-,-,-,3918.0000,3917.0000,3916.8000,3916.6000,3916.0000,3919.0000,3919.4000,3919.6000,3919.8000,3920.4000,4,2,1,2,3,1,1,1,5,2
SF,IF2006,2020-02-12 09:32:00.700,3919.4000,22791,0,174966840.000,0,-,-,-,-,3918.6000,3918.0000,3917.0000,3916.8000,3916.6000,3918.8000,3919.0000,3919.4000,3919.6000,3919.8000,2,4,2,1,2,2,1,1,1,5
SF,IF2006,2020-02-12 09:32:01.200,3918.6000,22789,-2,177318000.000,2,0,2,双平,S,3918.0000,3917.0000,3916.8000,3916.6000,3916.0000,3918.4000,3918.8000,3919.0000,3919.4000,3919.6000,4,2,1,2,3,1,2,1,1,1
SF,IF2006,2020-02-12 09:32:01.700,3918.6000,22789,0,177318000.000,0,-,-,-,-,3918.0000,3917.0000,3916.8000,3916.6000,3916.0000,3918.4000,3918.8000,3919.0000,3919.4000,3919.6000,4,2,1,2,3,1,1,1,1,1
SF,IF2006,2020-02-12 09:32:02.200,3918.6000,22789,0,177318000.000,0,-,-,-,-,3918.0000,3917.0000,3916.8000,3916.6000,3916.0000,3918.4000,3918.8000,3919.0000,3919.4000,3919.6000,4,2,1,2,3,1,1,1,1,2
SF,IF2006,2020-02-12 09:32:02.700,3918.0000,22788,-1,178493400.000,1,0,1,双平,S,3918.0000,3917.0000,3916.8000,3916.6000,3916.0000,3918.4000,3918.8000,3919.0000,3919.4000,3919.6000,3,2,1,2,3,1,1,1,1,2
SF,IF2006,2020-02-12 09:32:03.200,3918.0000,22788,0,178493400.000,0,-,-,-,-,3918.0000,3917.0000,3916.8000,3916.6000,3916.0000,3918.4000,3918.8000,3919.0000,3919.4000,3919.6000,3,2,1,2,3,1,1,1,1,2
SF,IF2006,2020-02-12 09:32:03.700,3918.0000,22785,-3,182019600.000,3,0,3,双平,S,3917.0000,3916.6000,3916.0000,3915.0000,3914.4000,3918.4000,3918.8000,3919.0000,3919.4000,3919.6000,2,2,3,2,1,1,1,1,1,2
SF,IF2006,2020-02-12 09:32:04.200,3918.0000,22785,0,183195000.000,1,0,1,多换,S,3917.0000,3916.6000,3916.0000,3915.0000,3914.4000,3918.4000,3918.8000,3919.0000,3919.4000,3919.6000,2,2,3,2,1,1,1,1,1,2
SF,IF2006,2020-02-12 09:32:04.700,3918.0000,22785,0,183195000.000,0,-,-,-,-,3917.2000,3917.0000,3916.6000,3916.0000,3915.0000,3918.2000,3918.4000,3918.8000,3919.0000,3919.4000,1,2,2,3,2,1,1,1,1,1
SF,IF2006,2020-02-12 09:32:05.200,3918.0000,22785,0,183195000.000,0,-,-,-,-,3917.2000,3917.0000,3916.6000,3916.0000,3915.0000,3918.2000,3918.8000,3919.0000,3919.4000,3919.6000,1,2,2,3,2,1,1,1,1,2
SF,IF2006,2020-02-12 09:32:05.700,3918.0000,22785,0,183195000.000,0,-,-,-,-,3917.2000,3917.0000,3916.6000,3916.0000,3915.0000,3918.2000,3918.8000,3919.0000,3919.4000,3919.6000,1,2,2,3,2,1,1,1,1,2
SF,IF2006,2020-02-12 09:32:06.200,3918.0000,22785,0,183195000.000,0,-,-,-,-,3917.2000,3917.0000,3916.6000,3916.0000,3915.0000,3918.2000,3918.8000,3919.4000,3919.6000,3919.8000,1,2,2,3,2,1,1,1,2,5
SF,IF2006,2020-02-12 09:32:07.200,3917.2000,22784,-1,184370160.000,1,0,1,双平,S,3917.0000,3916.6000,3916.0000,3915.0000,3914.4000,3918.0000,3918.2000,3918.8000,3919.0000,3919.4000,2,2,3,2,1,3,1,1,1,1
SF,IF2006,2020-02-12 09:32:07.700,3917.8000,22783,-1,187895700.000,3,1,2,多平,S,3916.6000,3916.0000,3915.0000,3914.4000,3912.8000,3918.0000,3918.2000,3918.8000,3919.0000,3919.4000,2,2,2,1,1,3,1,1,1,1
SF,IF2006,2020-02-12 09:32:08.200,3917.8000,22783,0,187895700.000,0,-,-,-,-,3916.6000,3916.0000,3915.0000,3914.4000,3912.8000,3917.8000,3918.0000,3918.2000,3918.8000,3919.0000,2,2,2,1,1,2,3,1,1,1
SF,IF2006,2020-02-12 09:32:08.700,3916.6000,22782,-1,190245660.000,2,0,2,多平,S,3916.0000,3915.0000,3914.4000,3912.8000,3912.2000,3917.8000,3918.0000,3918.2000,3918.8000,3919.0000,2,2,1,1,8,2,2,1,1,1
SF,IF2006,2020-02-12 09:32:09.200,3916.6000,22782,0,190245660.000,0,-,-,-,-,3916.0000,3915.0000,3912.8000,3912.2000,3912.0000,3917.6000,3917.8000,3918.0000,3918.2000,3918.8000,2,2,1,8,1,4,1,2,1,1
SF,IF2006,2020-02-12 09:32:09.700,3917.4000,22780,-2,192596100.000,2,0,2,双平,S,3916.0000,3915.0000,3912.8000,3912.2000,3912.0000,3917.4000,3917.6000,3918.0000,3918.2000,3918.8000,2,2,1,8,1,2,4,2,1,1
SF,IF2006,2020-02-12 09:32:10.200,3917.4000,22780,0,192596100.000,0,-,-,-,-,3916.0000,3915.0000,3912.8000,3912.2000,3912.0000,3917.2000,3917.4000,3917.6000,3918.0000,3918.2000,2,2,1,8,1,1,2,4,2,1
SF,IF2006,2020-02-12 09:32:10.700,3916.0000,22780,0,194945700.000,2,1,1,多换,S,3915.0000,3912.8000,3912.2000,3912.0000,3911.6000,3916.8000,3917.0000,3917.2000,3917.4000,3917.6000,2,1,8,1,1,1,1,1,1,3
SF,IF2006,2020-02-12 09:32:11.200,3916.0000,22780,0,194945700.000,0,-,-,-,-,3915.0000,3912.8000,3912.2000,3912.0000,3911.6000,3916.6000,3916.8000,3917.2000,3917.4000,3917.6000,2,1,8,1,1,2,2,1,1,3
SF,IF2006,2020-02-12 09:32:11.700,3916.0000,22780,0,194945700.000,0,-,-,-,-,3915.2000,3915.0000,3912.8000,3912.2000,3912.0000,3916.2000,3916.6000,3916.8000,3917.2000,3917.6000,1,2,1,8,1,1,2,2,1,3
SF,IF2006,2020-02-12 09:32:12.200,3916.0000,22780,0,194945700.000,0,-,-,-,-,3915.2000,3915.0000,3912.8000,3912.2000,3912.0000,3916.2000,3916.6000,3916.8000,3917.2000,3917.6000,1,2,1,8,1,1,2,2,1,2
SF,IF2006,2020-02-12 09:32:12.700,3916.0000,22780,0,194945700.000,0,-,-,-,-,3915.2000,3915.0000,3912.8000,3912.2000,3912.0000,3916.6000,3916.8000,3917.2000,3917.6000,3918.0000,1,2,1,8,1,2,1,1,2,1
SF,IF2006,2020-02-12 09:32:13.200,3916.0000,22780,0,194945700.000,0,-,-,-,-,3915.2000,3915.0000,3912.8000,3912.2000,3912.0000,3916.8000,3917.6000,3918.0000,3918.2000,3919.0000,1,2,1,8,1,1,2,1,1,1
SF,IF2006,2020-02-12 09:32:13.700,3916.0000,22780,0,194945700.000,0,-,-,-,-,3915.4000,3915.2000,3915.0000,3912.8000,3912.2000,3916.8000,3917.6000,3918.0000,3918.2000,3919.0000,2,1,2,1,8,1,2,1,1,1
SF,IF2006,2020-02-12 09:32:14.200,3916.8000,22780,0,196120740.000,1,0,1,多换,S,3917.0000,3915.8000,3915.6000,3915.0000,3912.8000,3917.6000,3918.0000,3918.2000,3919.0000,3919.6000,1,2,1,2,1,2,1,1,1,3
SF,IF2006,2020-02-12 09:32:14.700,3917.6000,22777,-3,199646400.000,3,0,3,双平,S,3915.6000,3915.0000,3912.8000,3912.2000,3912.0000,3918.0000,3918.2000,3919.0000,3919.6000,3919.8000,1,2,1,8,1,1,1,1,3,7
SF,IF2006,2020-02-12 09:32:15.200,3917.6000,22777,0,199646400.000,0,-,-,-,-,3917.2000,3916.0000,3915.8000,3915.6000,3915.0000,3917.8000,3918.2000,3919.0000,3919.6000,3919.8000,1,2,1,1,2,1,1,1,3,7
SF,IF2006,2020-02-12 09:32:15.700,3917.6000,22777,0,199646400.000,0,-,-,-,-,3917.2000,3915.8000,3915.6000,3915.0000,3912.8000,3917.8000,3918.2000,3919.0000,3919.6000,3919.8000,1,1,1,2,1,1,1,1,3,7
SF,IF2006,2020-02-12 09:32:16.200,3917.6000,22777,0,199646400.000,0,-,-,-,-,3917.2000,3915.6000,3915.0000,3913.0000,3912.8000,3918.2000,3919.0000,3919.6000,3919.8000,3920.4000,1,1,2,1,1,1,1,3,7,2
SF,IF2006,2020-02-12 09:32:16.700,3917.4000,22776,-1,200821620.000,1,0,1,双平,S,3917.2000,3915.6000,3915.0000,3913.0000,3912.8000,3918.2000,3919.0000,3919.6000,3919.8000,3920.4000,1,1,2,1,1,1,1,3,7,2
SF,IF2006,2020-02-12 09:32:17.200,3917.4000,22776,0,200821620.000,0,-,-,-,-,3917.2000,3916.0000,3915.6000,3915.0000,3913.0000,3918.2000,3919.0000,3919.6000,3919.8000,3920.4000,1,2,1,2,1,1,1,3,7,2
SF,IF2006,2020-02-12 09:32:17.700,3918.2000,22775,-1,201997080.000,1,0,1,双平,S,3917.2000,3916.0000,3915.6000,3915.0000,3913.0000,3918.0000,3919.0000,3919.6000,3919.8000,3920.4000,1,2,1,3,1,1,1,3,7,2
SF,IF2006,2020-02-12 09:32:18.700,3918.2000,22775,0,203172540.000,1,0,1,多换,S,3917.2000,3916.0000,3915.6000,3915.0000,3913.0000,3919.0000,3919.6000,3919.8000,3920.4000,3920.6000,1,2,1,3,1,1,3,7,2,2
SF,IF2006,2020-02-12 09:32:19.200,3918.2000,22775,0,203172540.000,0,-,-,-,-,3917.4000,3917.2000,3916.0000,3915.0000,3913.0000,3919.0000,3919.6000,3919.8000,3920.4000,3920.6000,1,1,2,3,1,1,3,7,2,2
SF,IF2006,2020-02-12 09:32:19.700,3918.2000,22775,0,203172540.000,0,-,-,-,-,3917.4000,3917.2000,3916.0000,3915.0000,3913.0000,3918.8000,3919.0000,3919.6000,3919.8000,3920.4000,1,1,2,3,1,1,1,3,7,2
SF,IF2006,2020-02-12 09:32:20.700,3917.4000,22775,0,204347760.000,1,0,1,多换,S,3917.2000,3916.0000,3915.0000,3913.0000,3912.8000,3918.8000,3919.0000,3919.6000,3919.8000,3920.4000,1,2,3,1,1,1,1,3,7,2
SF,IF2006,2020-02-12 09:32:21.200,3917.4000,22775,0,204347760.000,0,-,-,-,-,3917.4000,3917.2000,3916.0000,3915.0000,3913.0000,3919.0000,3919.6000,3919.8000,3920.4000,3920.6000,2,1,2,3,1,1,3,7,2,2
SF,IF2006,2020-02-12 09:32:21.700,3917.4000,22775,0,204347760.000,0,-,-,-,-,3917.4000,3917.2000,3916.0000,3915.0000,3913.0000,3918.8000,3919.0000,3919.6000,3919.8000,3920.4000,1,1,2,3,1,1,1,3,7,2
SF,IF2006,2020-02-12 09:32:22.700,3917.4000,22775,0,204347760.000,0,-,-,-,-,3917.8000,3917.4000,3917.2000,3916.0000,3915.0000,3918.8000,3919.0000,3919.6000,3919.8000,3920.4000,1,1,1,2,3,1,1,3,7,2
SF,IF2006,2020-02-12 09:32:23.200,3917.8000,22774,-1,206698440.000,2,0,2,多平,S,3917.4000,3917.2000,3916.0000,3915.0000,3913.0000,3918.0000,3918.6000,3918.8000,3919.0000,3919.6000,1,1,2,3,1,1,2,1,1,3
SF,IF2006,2020-02-12 09:32:23.700,3917.8000,22774,0,206698440.000,0,-,-,-,-,3917.2000,3916.0000,3915.0000,3913.0000,3912.8000,3917.4000,3919.0000,3919.6000,3919.8000,3920.4000,1,2,3,1,1,1,1,3,7,2
SF,IF2006,2020-02-12 09:32:24.200,3917.2000,22773,-1,209048820.000,2,0,2,多平,S,3918.8000,3916.0000,3915.0000,3913.0000,3912.8000,3919.0000,3919.6000,3919.8000,3920.4000,3920.6000,3,2,3,1,1,1,3,7,2,2
SF,IF2006,2020-02-12 09:32:24.700,3918.8000,22770,-3,212575740.000,3,0,3,双平,S,3918.0000,3916.0000,3915.0000,3913.0000,3912.8000,3918.2000,3918.8000,3919.0000,3919.6000,3919.8000,1,2,3,1,1,1,3,1,3,7
SF,IF2006,2020-02-12 09:32:25.200,3918.0000,22769,-1,213751140.000,1,0,1,双平,S,3916.0000,3915.0000,3913.0000,3912.8000,3912.2000,3918.4000,3918.8000,3919.0000,3919.6000,3919.8000,2,4,1,1,8,1,2,1,3,7
SF,IF2006,2020-02-12 09:32:25.700,3918.0000,22769,0,213751140.000,0,-,-,-,-,3916.8000,3916.2000,3916.0000,3915.0000,3913.0000,3918.0000,3918.8000,3919.0000,3919.6000,3919.8000,1,4,3,4,1,1,2,1,3,7
SF,IF2006,2020-02-12 09:32:26.200,3918.0000,22768,-1,214926540.000,1,0,1,双平,S,3916.2000,3916.0000,3915.0000,3913.0000,3912.8000,3918.8000,3919.0000,3919.6000,3919.8000,3920.4000,2,3,4,1,1,2,1,3,7,2
SF,IF2006,2020-02-12 09:32:26.700,3918.0000,22768,0,214926540.000,0,-,-,-,-,3916.4000,3916.2000,3916.0000,3915.0000,3913.0000,3918.6000,3918.8000,3919.0000,3919.6000,3919.8000,2,2,3,4,1,1,2,1,3,7
SF,IF2006,2020-02-12 09:32:27.200,3918.0000,22768,0,214926540.000,0,-,-,-,-,3916.6000,3916.2000,3916.0000,3915.0000,3913.0000,3918.4000,3918.6000,3918.8000,3919.0000,3919.6000,2,1,3,4,1,1,1,2,1,3
SF,IF2006,2020-02-12 09:32:27.700,3918.0000,22768,0,214926540.000,0,-,-,-,-,3916.8000,3916.6000,3916.2000,3916.0000,3915.0000,3918.8000,3919.0000,3919.6000,3919.8000,3920.4000,1,2,1,3,4,2,1,3,7,2
SF,IF2006,2020-02-12 09:32:28.200,3918.0000,22768,0,214926540.000,0,-,-,-,-,3917.0000,3916.6000,3916.2000,3916.0000,3915.0000,3918.8000,3919.0000,3919.6000,3919.8000,3920.4000,1,1,1,3,4,2,1,3,7,2
SF,IF2006,2020-02-12 09:32:28.700,3918.0000,22768,0,214926540.000,0,-,-,-,-,3917.0000,3916.6000,3916.2000,3916.0000,3915.0000,3918.6000,3918.8000,3919.0000,3919.6000,3919.8000,1,1,1,3,5,1,2,1,3,7
SF,IF2006,2020-02-12 09:32:29.200,3918.0000,22768,0,214926540.000,0,-,-,-,-,3917.2000,3917.0000,3916.8000,3916.6000,3916.2000,3918.6000,3918.8000,3919.0000,3919.6000,3919.8000,1,1,1,1,1,2,2,1,3,7
SF,IF2006,2020-02-12 09:32:29.700,3918.0000,22768,0,214926540.000,0,-,-,-,-,3917.4000,3916.8000,3916.6000,3916.2000,3916.0000,3918.4000,3918.8000,3919.0000,3919.6000,3919.8000,1,1,1,1,3,1,2,1,3,7
SF,IF2006,2020-02-12 09:32:33.200,3918.0000,22768,0,214926540.000,0,-,-,-,-,3917.4000,3916.8000,3916.6000,3916.2000,3916.0000,3918.4000,3918.8000,3919.0000,3919.6000,3919.8000,1,1,1,1,3,1,2,1,3,7
SF,IF2006,2020-02-12 09:32:34.700,3918.0000,22768,0,214926540.000,0,-,-,-,-,3917.4000,3916.8000,3916.6000,3916.0000,3915.0000,3918.4000,3918.8000,3919.0000,3919.6000,3919.8000,1,1,1,3,5,1,2,1,3,7
SF,IF2006,2020-02-12 09:32:35.200,3918.0000,22768,0,214926540.000,0,-,-,-,-,3917.6000,3917.4000,3916.8000,3916.0000,3915.0000,3918.4000,3918.8000,3919.0000,3919.6000,3919.8000,1,1,1,3,5,1,2,1,3,7
SF,IF2006,2020-02-12 09:32:35.700,3918.0000,22768,0,214926540.000,0,-,-,-,-,3916.0000,3915.0000,3914.0000,3912.8000,3912.2000,3918.4000,3918.8000,3919.0000,3919.6000,3919.8000,3,5,2,1,8,1,2,1,3,7
SF,IF2006,2020-02-12 09:32:36.200,3918.0000,22768,0,214926540.000,0,-,-,-,-,3916.2000,3916.0000,3915.0000,3914.0000,3912.8000,3918.2000,3918.4000,3918.8000,3919.0000,3919.6000,3,3,5,2,1,2,1,2,1,3
SF,IF2006,2020-02-12 09:32:37.200,3918.0000,22768,0,214926540.000,0,-,-,-,-,3916.2000,3916.0000,3915.0000,3914.0000,3912.8000,3918.2000,3918.4000,3918.8000,3919.0000,3919.6000,3,3,5,2,1,2,1,2,1,3
SF,IF2006,2020-02-12 09:32:37.700,3918.0000,22768,0,214926540.000,0,-,-,-,-,3916.2000,3916.0000,3915.0000,3914.0000,3912.8000,3918.0000,3918.2000,3918.4000,3918.8000,3919.0000,1,3,5,2,1,3,2,1,2,1
SF,IF2006,2020-02-12 09:32:38.200,3918.0000,22768,0,214926540.000,0,-,-,-,-,3916.0000,3915.0000,3914.0000,3912.8000,3912.2000,3917.6000,3918.0000,3918.2000,3918.4000,3918.8000,3,5,2,1,8,2,2,2,1,2
SF,IF2006,2020-02-12 09:32:38.700,3918.0000,22768,0,214926540.000,0,-,-,-,-,3916.0000,3915.0000,3914.0000,3912.8000,3912.2000,3917.4000,3917.6000,3918.0000,3918.2000,3918.4000,3,5,2,1,8,1,2,1,2,1
SF,IF2006,2020-02-12 09:32:39.200,3918.0000,22768,0,214926540.000,0,-,-,-,-,3917.2000,3916.0000,3915.0000,3914.0000,3912.8000,3917.4000,3917.6000,3918.0000,3918.2000,3918.4000,1,2,5,2,1,1,2,1,2,1
SF,IF2006,2020-02-12 09:32:39.700,3917.2000,22767,-1,216101700.000,1,0,1,双平,S,3916.0000,3915.0000,3914.0000,3912.8000,3912.2000,3917.0000,3917.2000,3917.4000,3917.6000,3918.2000,2,5,2,1,8,1,2,1,2,2
SF,IF2006,2020-02-12 09:32:40.200,3917.2000,22767,0,216101700.000,0,-,-,-,-,3916.0000,3915.0000,3914.0000,3912.8000,3912.2000,3917.0000,3917.2000,3917.4000,3918.4000,3919.0000,3,5,2,1,8,1,2,1,1,1
SF,IF2006,2020-02-12 09:32:40.700,3917.2000,22768,1,218452020.000,2,1,1,空开,S,3915.0000,3912.8000,3912.2000,3912.0000,3911.6000,3917.2000,3917.4000,3918.4000,3919.0000,3919.6000,5,1,8,1,1,1,1,1,1,3
SF,IF2006,2020-02-12 09:32:41.200,3917.2000,22768,0,218452020.000,0,-,-,-,-,3915.2000,3915.0000,3912.8000,3912.2000,3912.0000,3917.0000,3917.2000,3917.4000,3918.4000,3919.0000,4,5,1,8,1,1,1,1,1,1
SF,IF2006,2020-02-12 09:32:41.700,3917.2000,22768,0,218452020.000,0,-,-,-,-,3915.2000,3915.0000,3912.8000,3912.2000,3912.0000,3917.0000,3917.2000,3917.4000,3918.4000,3919.0000,4,5,1,8,1,1,1,1,1,1
SF,IF2006,2020-02-12 09:32:42.200,3917.2000,22768,0,218452020.000,0,-,-,-,-,3915.2000,3915.0000,3912.8000,3912.2000,3912.0000,3917.0000,3917.2000,3917.4000,3918.4000,3919.0000,3,5,1,8,1,1,1,1,1,1
SF,IF2006,2020-02-12 09:32:42.700,3917.2000,22768,0,218452020.000,0,-,-,-,-,3915.4000,3915.2000,3915.0000,3912.8000,3912.2000,3916.8000,3917.0000,3917.2000,3918.4000,3919.0000,1,3,5,1,8,1,1,1,1,1
SF,IF2006,2020-02-12 09:32:43.200,3917.2000,22768,0,218452020.000,0,-,-,-,-,3916.0000,3915.6000,3915.4000,3915.2000,3915.0000,3917.0000,3917.2000,3918.4000,3919.0000,3919.6000,1,1,2,2,5,1,1,1,1,3
SF,IF2006,2020-02-12 09:32:43.700,3917.2000,22768,0,218452020.000,0,-,-,-,-,3916.0000,3915.6000,3915.4000,3915.2000,3915.0000,3917.2000,3918.4000,3919.0000,3919.6000,3919.8000,1,1,2,2,5,1,1,1,3,7
SF,IF2006,2020-02-12 09:32:44.200,3917.2000,22768,0,218452020.000,0,-,-,-,-,3915.6000,3915.4000,3915.2000,3915.0000,3912.8000,3918.4000,3919.0000,3919.6000,3919.8000,3920.4000,1,2,2,5,1,1,1,3,7,2
SF,IF2006,2020-02-12 09:32:44.700,3917.2000,22768,0,218452020.000,0,-,-,-,-,3917.0000,3916.0000,3915.8000,3915.6000,3915.4000,3918.0000,3918.2000,3918.4000,3919.0000,3919.6000,1,1,1,1,1,2,2,1,1,3
SF,IF2006,2020-02-12 09:32:45.200,3917.2000,22768,0,218452020.000,0,-,-,-,-,3917.0000,3915.8000,3915.6000,3915.4000,3915.2000,3917.8000,3918.4000,3919.0000,3919.6000,3919.8000,1,1,1,1,2,3,1,1,3,7
SF,IF2006,2020-02-12 09:32:45.700,3917.2000,22768,0,218452020.000,0,-,-,-,-,3917.0000,3915.8000,3915.6000,3915.2000,3915.0000,3917.8000,3918.4000,3919.0000,3919.6000,3919.8000,1,1,1,2,5,1,1,1,3,7
SF,IF2006,2020-02-12 09:32:46.200,3917.2000,22768,0,218452020.000,0,-,-,-,-,3917.0000,3915.8000,3915.6000,3915.4000,3915.2000,3917.8000,3918.4000,3919.0000,3919.6000,3919.8000,1,1,1,1,2,1,1,1,3,7
SF,IF2006,2020-02-12 09:32:47.200,3917.2000,22768,0,218452020.000,0,-,-,-,-,3917.0000,3915.6000,3915.4000,3915.2000,3915.0000,3917.8000,3918.4000,3919.0000,3919.6000,3919.8000,1,1,1,2,5,1,1,1,3,7
SF,IF2006,2020-02-12 09:32:47.700,3917.2000,22768,0,218452020.000,0,-,-,-,-,3917.0000,3915.6000,3915.4000,3915.2000,3915.0000,3917.8000,3918.4000,3919.0000,3919.6000,3919.8000,1,1,1,2,5,1,1,1,3,7
SF,IF2006,2020-02-12 09:32:48.200,3917.2000,22768,0,218452020.000,0,-,-,-,-,3917.0000,3916.2000,3915.6000,3915.4000,3915.2000,3917.8000,3918.4000,3919.0000,3919.6000,3919.8000,1,1,1,1,2,1,1,1,3,7
SF,IF2006,2020-02-12 09:32:48.700,3917.0000,22768,0,219627120.000,1,0,1,多换,S,3916.2000,3915.6000,3915.4000,3915.2000,3915.0000,3917.8000,3918.4000,3919.0000,3919.6000,3919.8000,1,1,1,2,5,1,1,1,3,7
SF,IF2006,2020-02-12 09:32:49.200,3917.0000,22768,0,219627120.000,0,-,-,-,-,3916.4000,3916.2000,3915.4000,3915.2000,3915.0000,3918.4000,3919.0000,3919.6000,3919.8000,3920.4000,1,1,1,2,5,1,1,3,7,2
SF,IF2006,2020-02-12 09:32:49.700,3917.0000,22768,0,219627120.000,0,-,-,-,-,3916.6000,3916.4000,3916.2000,3915.4000,3915.2000,3918.2000,3918.4000,3919.0000,3919.6000,3919.8000,1,1,1,1,2,2,1,1,3,7
SF,IF2006,2020-02-12 09:32:50.200,3917.0000,22768,0,219627120.000,0,-,-,-,-,3916.8000,3916.6000,3916.2000,3915.4000,3915.2000,3918.2000,3918.4000,3919.0000,3919.6000,3919.8000,1,1,1,1,2,2,1,1,3,7
SF,IF2006,2020-02-12 09:32:50.700,3917.0000,22768,0,219627120.000,0,-,-,-,-,3916.8000,3916.6000,3916.2000,3915.4000,3915.2000,3918.2000,3918.4000,3919.0000,3919.6000,3919.8000,1,1,1,1,2,1,1,1,3,7
SF,IF2006,2020-02-12 09:32:51.200,3917.0000,22768,0,219627120.000,0,-,-,-,-,3916.8000,3916.6000,3916.2000,3915.4000,3915.2000,3918.0000,3918.2000,3918.4000,3919.0000,3919.6000,2,1,1,1,2,1,1,1,1,3
SF,IF2006,2020-02-12 09:32:51.700,3918.0000,22767,-1,220802520.000,1,0,1,双平,S,3916.8000,3916.6000,3916.2000,3916.0000,3915.4000,3918.4000,3919.0000,3919.6000,3919.8000,3920.4000,2,1,1,3,1,1,1,3,7,2
SF,IF2006,2020-02-12 09:32:52.200,3918.0000,22767,0,220802520.000,0,-,-,-,-,3916.8000,3916.2000,3916.0000,3915.4000,3915.2000,3918.4000,3919.0000,3919.6000,3919.8000,3920.4000,2,1,3,1,2,1,1,3,7,2
SF,IF2006,2020-02-12 09:32:52.700,3918.4000,22766,-1,221978040.000,1,0,1,双平,S,3917.0000,3916.8000,3916.2000,3916.0000,3915.4000,3919.0000,3919.6000,3919.8000,3920.4000,3920.6000,1,2,1,3,1,1,3,7,2,2
SF,IF2006,2020-02-12 09:32:53.200,3918.4000,22766,0,221978040.000,0,-,-,-,-,3917.2000,3916.8000,3916.2000,3916.0000,3915.4000,3919.0000,3919.6000,3919.8000,3920.4000,3920.6000,3,1,1,3,1,1,3,7,2,2
SF,IF2006,2020-02-12 09:32:54.200,3918.4000,22766,0,221978040.000,0,-,-,-,-,3918.4000,3917.2000,3916.8000,3916.2000,3916.0000,3919.0000,3919.6000,3919.8000,3920.4000,3920.6000,1,3,1,1,3,1,3,7,2,2
SF,IF2006,2020-02-12 09:32:54.700,3918.4000,22765,-1,223153560.000,1,0,1,双平,S,3917.2000,3917.0000,3916.8000,3916.2000,3916.0000,3919.0000,3919.6000,3919.8000,3920.4000,3920.6000,1,2,1,1,3,1,3,7,2,2
SF,IF2006,2020-02-12 09:32:56.200,3918.4000,22765,0,223153560.000,0,-,-,-,-,3917.4000,3917.2000,3917.0000,3916.8000,3916.2000,3919.0000,3919.6000,3919.8000,3920.4000,3920.6000,1,1,2,1,1,1,3,7,2,2
SF,IF2006,2020-02-12 09:32:56.700,3918.4000,22765,0,223153560.000,0,-,-,-,-,3917.6000,3917.4000,3917.0000,3916.8000,3916.2000,3919.0000,3919.6000,3919.8000,3920.4000,3920.6000,1,1,2,1,1,1,3,7,2,2
SF,IF2006,2020-02-12 09:32:57.200,3918.6000,22765,0,224329140.000,1,0,1,多换,S,3917.6000,3917.0000,3916.8000,3916.2000,3916.0000,3919.0000,3919.6000,3919.8000,3920.4000,3920.6000,1,2,1,1,3,1,3,7,2,2
SF,IF2006,2020-02-12 09:32:57.700,3918.6000,22765,0,224329140.000,0,-,-,-,-,3917.6000,3917.0000,3916.8000,3916.2000,3916.0000,3918.6000,3918.8000,3919.0000,3919.6000,3919.8000,1,2,1,1,3,1,1,1,3,7
SF,IF2006,2020-02-12 09:32:58.200,3919.0000,22766,1,229031700.000,4,2,2,空开,S,3919.0000,3917.0000,3916.8000,3916.2000,3916.0000,3919.6000,3919.8000,3920.4000,3920.6000,3920.8000,1,2,1,1,3,3,7,2,2,2
SF,IF2006,2020-02-12 09:32:58.700,3919.0000,22768,2,231383100.000,2,2,0,双开,S,3917.0000,3916.8000,3916.2000,3916.0000,3915.4000,3919.0000,3919.6000,3919.8000,3920.4000,3920.6000,2,1,1,3,1,1,3,7,2,2
SF,IF2006,2020-02-12 09:32:59.200,3919.0000,22768,0,231383100.000,0,-,-,-,-,3917.6000,3917.2000,3917.0000,3916.2000,3916.0000,3918.8000,3919.6000,3919.8000,3920.4000,3920.6000,1,2,2,1,3,1,3,7,2,2
SF,IF2006,2020-02-12 09:32:59.700,3919.0000,22768,0,231383100.000,0,-,-,-,-,3917.6000,3917.2000,3917.0000,3916.2000,3916.0000,3918.8000,3919.6000,3919.8000,3920.4000,3920.6000,1,2,2,1,3,1,3,7,2,2
SF,IF2006,2020-02-12 09:33:00.200,3919.0000,22768,0,231383100.000,0,-,-,-,-,3917.8000,3917.6000,3917.2000,3917.0000,3916.2000,3918.8000,3919.6000,3919.8000,3920.4000,3920.6000,1,1,1,2,1,1,3,7,2,2
SF,IF2006,2020-02-12 09:33:00.700,3919.0000,22768,0,231383100.000,0,-,-,-,-,3918.0000,3917.8000,3917.6000,3917.0000,3916.2000,3919.6000,3919.8000,3920.4000,3920.6000,3920.8000,1,1,1,2,1,3,7,2,2,2
SF,IF2006,2020-02-12 09:33:01.200,3918.0000,22768,0,232558500.000,1,0,1,多换,S,3918.0000,3917.8000,3917.0000,3916.2000,3916.0000,3919.4000,3919.6000,3919.8000,3920.4000,3920.6000,2,1,2,1,3,1,3,7,2,2
SF,IF2006,2020-02-12 09:33:01.700,3918.0000,22768,0,232558500.000,0,-,-,-,-,3918.8000,3918.0000,3917.8000,3917.0000,3916.2000,3919.4000,3919.6000,3919.8000,3920.4000,3920.6000,1,2,1,2,1,1,3,7,2,2
SF,IF2006,2020-02-12 09:33:02.200,3918.8000,22768,0,233734140.000,1,0,1,多换,S,3918.2000,3918.0000,3917.8000,3917.0000,3916.2000,3918.8000,3919.4000,3919.6000,3919.8000,3920.4000,1,2,1,2,1,1,1,3,7,2
SF,IF2006,2020-02-12 09:33:02.700,3917.8000,22766,-2,237260340.000,3,0,3,多平,S,3917.0000,3916.2000,3916.0000,3915.4000,3915.2000,3918.8000,3919.2000,3919.4000,3919.6000,3919.8000,2,1,3,1,1,1,1,1,3,7
SF,IF2006,2020-02-12 09:33:03.200,3917.8000,22766,0,237260340.000,0,-,-,-,-,3917.0000,3916.2000,3916.0000,3915.4000,3915.2000,3918.6000,3919.2000,3919.6000,3919.8000,3920.4000,2,1,3,1,1,1,1,3,7,2
SF,IF2006,2020-02-12 09:33:03.700,3917.8000,22766,0,237260340.000,0,-,-,-,-,3917.2000,3917.0000,3916.2000,3916.0000,3915.4000,3918.6000,3919.2000,3919.6000,3919.8000,3920.4000,2,2,1,3,1,2,1,3,7,2
SF,IF2006,2020-02-12 09:33:04.200,3917.8000,22766,0,237260340.000,0,-,-,-,-,3917.2000,3917.0000,3916.2000,3916.0000,3915.4000,3918.4000,3918.6000,3919.2000,3919.6000,3919.8000,1,2,1,3,1,1,2,1,3,7
SF,IF2006,2020-02-12 09:33:04.700,3917.8000,22766,0,237260340.000,0,-,-,-,-,3917.6000,3917.0000,3916.2000,3916.0000,3915.4000,3918.4000,3918.6000,3919.2000,3919.6000,3919.8000,1,2,1,3,1,2,2,1,3,7
SF,IF2006,2020-02-12 09:33:05.700,3917.8000,22766,0,237260340.000,0,-,-,-,-,3917.6000,3917.0000,3916.2000,3916.0000,3915.4000,3918.4000,3918.6000,3919.2000,3919.6000,3919.8000,1,2,1,3,1,1,2,1,3,7
SF,IF2006,2020-02-12 09:33:06.200,3917.6000,22765,-1,238435620.000,1,0,1,双平,S,3917.0000,3916.2000,3916.0000,3915.4000,3915.2000,3918.4000,3918.6000,3919.2000,3919.6000,3919.8000,2,1,3,1,1,1,2,1,3,7
SF,IF2006,2020-02-12 09:33:06.700,3917.6000,22765,0,238435620.000,0,-,-,-,-,3917.0000,3916.2000,3916.0000,3915.4000,3915.2000,3918.4000,3918.6000,3919.2000,3919.6000,3919.8000,2,1,3,1,1,1,2,1,5,7
SF,IF2006,2020-02-12 09:33:07.200,3917.6000,22765,0,238435620.000,0,-,-,-,-,3917.0000,3916.2000,3916.0000,3915.4000,3915.2000,3918.2000,3918.4000,3918.6000,3919.2000,3919.6000,2,1,3,1,1,1,1,2,1,5
SF,IF2006,2020-02-12 09:33:07.700,3917.6000,22765,0,238435620.000,0,-,-,-,-,3917.0000,3916.2000,3916.0000,3915.4000,3915.2000,3918.2000,3918.4000,3918.6000,3919.2000,3919.6000,2,1,3,1,1,1,1,2,1,5
SF,IF2006,2020-02-12 09:33:08.200,3917.6000,22765,0,238435620.000,0,-,-,-,-,3917.0000,3916.2000,3916.0000,3915.4000,3915.2000,3918.4000,3918.6000,3919.2000,3919.6000,3919.8000,2,1,3,1,1,1,2,1,5,7
SF,IF2006,2020-02-12 09:33:08.700,3917.6000,22765,0,238435620.000,0,-,-,-,-,3917.0000,3916.2000,3916.0000,3915.4000,3915.2000,3918.6000,3919.6000,3919.8000,3920.0000,3920.4000,2,1,3,1,1,1,5,7,1,2
SF,IF2006,2020-02-12 09:33:09.200,3917.6000,22765,0,238435620.000,0,-,-,-,-,3917.2000,3917.0000,3916.8000,3916.2000,3916.0000,3919.6000,3919.8000,3920.0000,3920.4000,3920.6000,1,2,1,1,3,5,7,1,2,2
SF,IF2006,2020-02-12 09:33:09.700,3917.6000,22765,0,238435620.000,0,-,-,-,-,3917.4000,3917.2000,3917.0000,3916.8000,3916.2000,3919.6000,3919.8000,3920.0000,3920.4000,3920.6000,1,1,2,1,1,5,7,1,2,2
SF,IF2006,2020-02-12 09:33:10.200,3917.6000,22765,0,238435620.000,0,-,-,-,-,3917.6000,3917.4000,3917.0000,3916.8000,3916.2000,3919.6000,3919.8000,3920.0000,3920.4000,3920.6000,1,1,2,1,1,5,7,1,2,2
SF,IF2006,2020-02-12 09:33:10.700,3918.0000,22765,0,239611020.000,1,0,1,多换,S,3917.6000,3917.4000,3917.0000,3916.8000,3916.2000,3919.6000,3919.8000,3920.0000,3920.4000,3920.6000,1,1,2,1,1,5,7,1,2,2
SF,IF2006,2020-02-12 09:33:11.200,3918.0000,22765,0,239611020.000,0,-,-,-,-,3917.8000,3917.6000,3917.4000,3917.0000,3916.8000,3919.6000,3919.8000,3920.0000,3920.4000,3920.6000,3,1,1,2,1,5,7,1,2,2
SF,IF2006,2020-02-12 09:33:11.700,3918.0000,22765,0,239611020.000,0,-,-,-,-,3917.8000,3917.6000,3917.0000,3916.8000,3916.2000,3919.4000,3919.6000,3919.8000,3920.0000,3920.4000,4,1,2,1,1,1,5,7,1,2
SF,IF2006,2020-02-12 09:33:12.200,3918.0000,22765,0,239611020.000,0,-,-,-,-,3918.0000,3917.8000,3917.0000,3916.8000,3916.2000,3919.4000,3919.6000,3919.8000,3920.0000,3920.4000,2,2,2,1,1,1,5,7,1,2
SF,IF2006,2020-02-12 09:33:12.700,3918.0000,22765,0,239611020.000,0,-,-,-,-,3918.6000,3918.0000,3917.8000,3917.0000,3916.8000,3919.6000,3919.8000,3920.0000,3920.4000,3920.6000,1,1,1,2,1,5,7,1,2,2
SF,IF2006,2020-02-12 09:33:13.200,3918.0000,22765,0,239611020.000,0,-,-,-,-,3918.6000,3918.4000,3918.0000,3917.8000,3917.0000,3919.0000,3919.6000,3919.8000,3920.0000,3920.4000,1,1,1,1,2,1,5,7,1,2
SF,IF2006,2020-02-12 09:33:13.700,3919.0000,22765,0,240786720.000,1,0,1,多换,S,3919.0000,3918.6000,3918.2000,3918.0000,3917.8000,3919.6000,3919.8000,3920.0000,3920.4000,3920.6000,3,1,1,1,1,5,7,1,2,2
SF,IF2006,2020-02-12 09:33:14.200,3919.0000,22765,0,240786720.000,0,-,-,-,-,3919.4000,3919.0000,3918.6000,3918.0000,3917.8000,3919.6000,3919.8000,3920.0000,3920.4000,3920.6000,4,2,1,1,1,5,7,1,2,2
SF,IF2006,2020-02-12 09:33:14.700,3919.4000,22763,-2,243138360.000,2,0,2,双平,S,3919.4000,3919.0000,3918.6000,3918.0000,3917.8000,3919.6000,3919.8000,3920.0000,3920.4000,3920.6000,2,2,1,1,1,5,7,1,2,2
SF,IF2006,2020-02-12 09:33:15.200,3919.6000,22763,0,249017760.000,5,2,3,多换,S,3919.4000,3919.0000,3918.6000,3918.0000,3917.8000,3919.8000,3920.0000,3920.4000,3920.6000,3920.8000,2,2,1,1,1,7,1,2,2,2
SF,IF2006,2020-02-12 09:33:15.700,3919.8000,22765,2,256073400.000,6,4,2,空开,S,3919.4000,3918.6000,3918.0000,3917.8000,3917.0000,3919.8000,3920.0000,3920.4000,3920.6000,3920.8000,2,1,1,1,2,1,1,2,2,2
SF,IF2006,2020-02-12 09:33:16.200,3920.0000,22764,-1,258425340.000,2,0,2,多平,S,3920.0000,3919.4000,3918.6000,3917.8000,3917.0000,3920.4000,3920.6000,3920.8000,3921.2000,3925.0000,1,2,1,1,2,2,2,2,2,6
SF,IF2006,2020-02-12 09:33:16.700,3920.4000,22764,0,261953700.000,3,1,2,多换,S,3920.0000,3919.8000,3919.4000,3918.6000,3917.8000,3920.6000,3920.8000,3921.2000,3925.0000,3925.8000,1,1,2,1,1,2,2,2,6,1
SF,IF2006,2020-02-12 09:33:17.200,3920.6000,22764,0,264306060.000,2,1,1,多换,S,3919.4000,3918.6000,3917.8000,3917.0000,3916.2000,3920.8000,3921.2000,3925.0000,3925.8000,3926.0000,2,1,1,2,1,2,2,6,1,1
SF,IF2006,2020-02-12 09:33:17.700,3920.8000,22764,0,265482300.000,1,0,1,多换,S,3920.0000,3919.8000,3919.6000,3919.4000,3918.6000,3920.8000,3921.2000,3925.0000,3925.8000,3926.0000,1,1,3,2,1,1,2,6,1,1
SF,IF2006,2020-02-12 09:33:18.200,3920.8000,22764,0,266658540.000,1,0,1,多换,S,3920.0000,3919.6000,3919.4000,3918.6000,3917.0000,3921.2000,3925.0000,3925.8000,3926.0000,3927.4000,2,3,2,1,2,2,6,1,1,1
SF,IF2006,2020-02-12 09:33:18.700,3921.2000,22765,1,267834900.000,1,1,0,双开,S,3920.8000,3920.6000,3920.2000,3920.0000,3919.6000,3921.2000,3925.0000,3925.8000,3926.0000,3927.4000,1,1,2,1,2,1,1,1,1,1
SF,IF2006,2020-02-12 09:33:19.200,3921.2000,22765,0,269011260.000,1,0,1,多换,S,3920.8000,3920.6000,3920.0000,3919.6000,3919.4000,3925.0000,3925.8000,3926.0000,3927.4000,3927.6000,1,1,1,2,2,1,1,1,1,1
SF,IF2006,2020-02-12 09:33:19.700,3921.2000,22765,0,269011260.000,0,-,-,-,-,3921.0000,3920.8000,3920.6000,3920.0000,3919.6000,3923.6000,3924.0000,3924.6000,3924.8000,3925.0000,3,1,1,1,2,2,1,2,3,1
SF,IF2006,2020-02-12 09:33:20.200,3921.0000,22764,-1,270187560.000,1,0,1,双平,S,3920.8000,3920.6000,3920.0000,3919.6000,3919.4000,3923.2000,3923.4000,3923.6000,3924.0000,3924.6000,1,1,1,2,2,1,1,2,1,2
SF,IF2006,2020-02-12 09:33:20.700,3921.0000,22764,0,270187560.000,0,-,-,-,-,3920.8000,3920.6000,3920.0000,3919.6000,3919.4000,3923.0000,3923.6000,3924.0000,3924.6000,3924.8000,1,1,1,2,2,2,2,1,2,2
SF,IF2006,2020-02-12 09:33:21.200,3921.0000,22764,0,270187560.000,0,-,-,-,-,3920.8000,3920.6000,3920.0000,3919.6000,3919.4000,3923.0000,3923.2000,3923.6000,3924.0000,3924.6000,1,1,1,2,2,2,1,2,1,2
SF,IF2006,2020-02-12 09:33:21.700,3920.8000,22764,0,271363800.000,1,0,1,多换,S,3920.6000,3920.0000,3919.6000,3919.4000,3918.6000,3922.6000,3923.0000,3923.2000,3923.6000,3924.0000,1,1,2,2,1,2,2,1,2,1
SF,IF2006,2020-02-12 09:33:22.200,3920.8000,22764,0,271363800.000,0,-,-,-,-,3920.6000,3919.4000,3918.6000,3917.0000,3916.2000,3922.4000,3922.6000,3923.0000,3923.2000,3923.6000,1,2,1,2,1,4,1,1,1,2
SF,IF2006,2020-02-12 09:33:22.700,3920.8000,22764,0,271363800.000,0,-,-,-,-,3920.6000,3919.4000,3918.6000,3917.0000,3916.2000,3921.8000,3922.0000,3922.4000,3922.6000,3923.2000,1,2,1,2,1,1,1,3,1,1
SF,IF2006,2020-02-12 09:33:23.200,3920.8000,22764,0,271363800.000,0,-,-,-,-,3920.6000,3919.4000,3918.6000,3917.0000,3916.2000,3921.6000,3921.8000,3922.4000,3922.6000,3923.2000,1,2,1,2,1,1,1,2,1,1
SF,IF2006,2020-02-12 09:33:23.700,3920.6000,22765,1,272539980.000,1,1,0,双开,S,3919.4000,3918.6000,3917.0000,3916.2000,3916.0000,3921.4000,3921.8000,3922.4000,3922.6000,3923.2000,2,1,2,1,3,1,1,1,1,1
SF,IF2006,2020-02-12 09:33:24.200,3920.6000,22765,0,272539980.000,0,-,-,-,-,3919.6000,3919.4000,3918.6000,3917.0000,3916.2000,3921.2000,3921.4000,3921.8000,3922.6000,3923.2000,1,2,1,2,1,2,1,1,1,1
SF,IF2006,2020-02-12 09:33:24.700,3920.6000,22765,0,272539980.000,0,-,-,-,-,3919.6000,3919.4000,3918.6000,3917.0000,3916.2000,3921.0000,3921.2000,3921.8000,3922.6000,3923.2000,1,2,1,2,1,2,2,1,1,1
SF,IF2006,2020-02-12 09:33:25.700,3920.6000,22765,0,272539980.000,0,-,-,-,-,3919.6000,3919.4000,3918.6000,3917.0000,3916.2000,3921.0000,3921.2000,3921.8000,3922.2000,3922.6000,1,2,1,2,1,2,1,1,1,1
SF,IF2006,2020-02-12 09:33:26.200,3920.6000,22765,0,272539980.000,0,-,-,-,-,3919.6000,3919.4000,3918.6000,3917.0000,3916.2000,3921.0000,3921.2000,3921.8000,3922.2000,3922.6000,1,2,1,2,1,1,1,1,1,1
SF,IF2006,2020-02-12 09:33:26.700,3920.6000,22765,0,272539980.000,0,-,-,-,-,3919.6000,3919.4000,3918.6000,3917.0000,3916.2000,3920.8000,3921.0000,3921.2000,3922.2000,3922.6000,1,2,1,2,1,1,1,1,1,1
SF,IF2006,2020-02-12 09:33:27.200,3920.6000,22765,0,272539980.000,0,-,-,-,-,3919.8000,3919.6000,3919.4000,3918.6000,3917.0000,3921.0000,3921.2000,3922.2000,3922.6000,3923.2000,1,1,2,1,2,1,1,1,1,1
SF,IF2006,2020-02-12 09:33:27.700,3920.6000,22765,0,272539980.000,0,-,-,-,-,3919.8000,3919.6000,3919.4000,3918.6000,3917.0000,3921.0000,3922.2000,3922.6000,3923.2000,3923.6000,1,1,2,1,2,1,1,1,1,2
SF,IF2006,2020-02-12 09:33:28.700,3920.6000,22765,0,272539980.000,0,-,-,-,-,3919.8000,3919.6000,3919.4000,3918.6000,3917.0000,3921.0000,3922.2000,3922.6000,3923.2000,3923.6000,1,1,2,1,2,1,1,1,1,2
SF,IF2006,2020-02-12 09:33:29.200,3920.6000,22765,0,272539980.000,0,-,-,-,-,3919.6000,3919.4000,3918.6000,3917.0000,3916.2000,3921.0000,3922.2000,3922.6000,3923.2000,3923.6000,1,2,1,2,1,1,1,1,1,2
SF,IF2006,2020-02-12 09:33:30.700,3920.6000,22765,0,272539980.000,0,-,-,-,-,3920.0000,3919.6000,3919.4000,3918.6000,3917.0000,3921.0000,3922.2000,3922.6000,3923.2000,3923.6000,2,1,2,1,2,1,1,1,1,2
SF,IF2006,2020-02-12 09:33:31.700,3920.6000,22765,0,272539980.000,0,-,-,-,-,3920.2000,3920.0000,3919.6000,3919.4000,3918.6000,3921.0000,3922.2000,3922.6000,3923.2000,3923.6000,1,2,1,2,1,1,1,1,1,2
SF,IF2006,2020-02-12 09:33:32.200,3921.0000,22764,-1,274892580.000,2,0,2,多平,S,3920.0000,3919.6000,3919.4000,3918.6000,3917.0000,3920.2000,3922.2000,3922.6000,3923.2000,3923.6000,3,1,2,1,2,1,1,1,1,2
SF,IF2006,2020-02-12 09:33:32.700,3920.2000,22763,-1,276068640.000,1,0,1,双平,S,3920.4000,3920.0000,3919.4000,3918.6000,3917.0000,3922.2000,3922.6000,3923.2000,3923.6000,3924.0000,1,2,2,1,2,1,1,1,2,1
SF,IF2006,2020-02-12 09:33:33.200,3920.2000,22763,0,276068640.000,0,-,-,-,-,3920.4000,3920.0000,3919.4000,3918.6000,3917.0000,3921.8000,3922.0000,3922.2000,3922.6000,3923.2000,1,2,2,1,2,1,1,1,1,1
SF,IF2006,2020-02-12 09:33:34.200,3920.2000,22763,0,276068640.000,0,-,-,-,-,3920.4000,3920.0000,3919.4000,3918.6000,3916.2000,3921.8000,3922.0000,3922.2000,3922.6000,3923.2000,1,2,2,1,1,1,1,1,1,1
SF,IF2006,2020-02-12 09:33:34.700,3920.2000,22763,0,276068640.000,0,-,-,-,-,3920.0000,3919.4000,3918.6000,3916.2000,3916.0000,3921.6000,3921.8000,3922.2000,3922.6000,3923.2000,2,2,1,1,3,1,1,1,1,1
SF,IF2006,2020-02-12 09:33:35.200,3920.2000,22763,0,276068640.000,0,-,-,-,-,3920.2000,3920.0000,3919.4000,3918.6000,3916.2000,3921.6000,3922.2000,3922.6000,3923.2000,3923.6000,2,2,2,1,1,2,1,1,1,2
SF,IF2006,2020-02-12 09:33:35.700,3921.2000,22763,0,279597420.000,3,1,2,多换,S,3920.0000,3919.4000,3918.6000,3916.2000,3916.0000,3921.6000,3922.2000,3922.6000,3923.2000,3923.6000,2,2,1,1,3,2,1,1,1,2
SF,IF2006,2020-02-12 09:33:36.200,3921.2000,22763,0,279597420.000,0,-,-,-,-,3920.0000,3919.4000,3918.6000,3916.2000,3916.0000,3921.0000,3921.2000,3921.6000,3922.2000,3922.6000,2,2,1,1,3,1,1,2,1,1
SF,IF2006,2020-02-12 09:33:36.700,3921.2000,22763,0,279597420.000,0,-,-,-,-,3920.0000,3919.4000,3918.6000,3916.2000,3915.4000,3921.0000,3921.2000,3921.6000,3922.2000,3922.6000,2,2,1,1,1,1,1,2,1,1
SF,IF2006,2020-02-12 09:33:37.200,3921.2000,22763,0,279597420.000,0,-,-,-,-,3920.0000,3919.4000,3918.6000,3916.2000,3915.4000,3920.6000,3921.0000,3921.2000,3921.6000,3922.2000,2,2,1,1,1,1,1,1,2,2
SF,IF2006,2020-02-12 09:33:37.700,3920.6000,22762,-1,280773600.000,1,0,1,双平,S,3920.0000,3919.4000,3919.0000,3918.6000,3916.6000,3921.0000,3921.2000,3921.6000,3922.2000,3922.6000,2,2,1,1,1,1,1,1,2,1
SF,IF2006,2020-02-12 09:33:38.200,3920.6000,22762,0,280773600.000,0,-,-,-,-,3920.0000,3919.4000,3919.0000,3918.6000,3916.6000,3921.2000,3921.6000,3922.2000,3922.6000,3923.2000,2,2,1,1,1,1,1,2,1,1
SF,IF2006,2020-02-12 09:33:39.200,3921.2000,22762,0,281949960.000,1,0,1,多换,S,3920.2000,3920.0000,3919.4000,3919.0000,3918.6000,3921.6000,3922.2000,3922.6000,3923.2000,3923.6000,2,2,2,1,1,1,2,1,1,2
SF,IF2006,2020-02-12 09:33:39.700,3921.2000,22762,0,281949960.000,0,-,-,-,-,3921.0000,3920.6000,3920.4000,3920.0000,3919.4000,3922.2000,3922.6000,3923.2000,3923.6000,3924.0000,1,2,1,2,2,2,1,1,2,1
SF,IF2006,2020-02-12 09:33:40.200,3921.2000,22762,0,281949960.000,0,-,-,-,-,3921.0000,3920.4000,3920.0000,3919.4000,3919.0000,3922.2000,3922.6000,3923.2000,3923.6000,3924.0000,1,1,2,2,1,2,1,1,2,1
SF,IF2006,2020-02-12 09:33:41.200,3921.2000,22762,0,281949960.000,0,-,-,-,-,3921.6000,3921.2000,3921.0000,3920.4000,3920.0000,3922.2000,3922.6000,3923.2000,3923.6000,3924.0000,1,2,1,1,2,2,1,1,2,1
SF,IF2006,2020-02-12 09:33:41.700,3921.2000,22762,0,281949960.000,0,-,-,-,-,3921.6000,3921.0000,3920.4000,3920.0000,3919.4000,3922.2000,3922.6000,3923.2000,3923.6000,3924.0000,1,1,1,2,2,2,1,1,2,1
SF,IF2006,2020-02-12 09:33:42.200,3922.2000,22760,-2,285479940.000,3,0,3,多平,S,3921.6000,3921.0000,3920.4000,3920.0000,3919.4000,3922.6000,3923.2000,3923.6000,3924.0000,3924.6000,1,1,1,2,2,1,1,2,1,2
SF,IF2006,2020-02-12 09:33:42.700,3921.6000,22760,0,286656420.000,1,0,1,多换,S,3921.0000,3920.4000,3920.0000,3919.4000,3919.0000,3923.2000,3923.6000,3924.0000,3924.6000,3925.0000,1,1,2,2,1,1,2,1,2,1
SF,IF2006,2020-02-12 09:33:43.200,3921.6000,22760,0,286656420.000,0,-,-,-,-,3921.2000,3921.0000,3920.0000,3919.4000,3919.0000,3923.0000,3923.2000,3923.6000,3924.0000,3924.6000,1,1,2,2,1,1,1,2,1,2
SF,IF2006,2020-02-12 09:33:43.700,3921.6000,22760,0,286656420.000,0,-,-,-,-,3921.6000,3921.2000,3921.0000,3920.0000,3919.4000,3922.8000,3923.0000,3923.2000,3923.6000,3924.0000,1,1,1,2,2,1,1,1,2,1
SF,IF2006,2020-02-12 09:33:44.200,3921.6000,22760,0,286656420.000,0,-,-,-,-,3921.6000,3921.2000,3921.0000,3920.0000,3919.4000,3922.8000,3923.2000,3923.6000,3924.0000,3924.6000,1,1,1,2,2,1,1,2,1,2
SF,IF2006,2020-02-12 09:33:44.700,3921.6000,22760,0,286656420.000,0,-,-,-,-,3921.2000,3921.0000,3920.0000,3919.4000,3919.0000,3922.6000,3922.8000,3923.2000,3923.6000,3924.0000,1,1,2,2,1,1,1,1,2,1
SF,IF2006,2020-02-12 09:33:46.200,3921.0000,22758,-2,289009080.000,2,0,2,双平,S,3920.0000,3919.4000,3919.0000,3918.0000,3916.6000,3920.8000,3922.6000,3922.8000,3923.2000,3923.6000,2,2,1,1,1,1,1,1,1,2
SF,IF2006,2020-02-12 09:33:46.700,3920.8000,22757,-1,290185320.000,1,0,1,双平,S,3920.0000,3919.4000,3919.0000,3918.0000,3916.6000,3922.6000,3922.8000,3923.2000,3923.6000,3924.0000,2,2,1,1,1,1,1,1,2,1
SF,IF2006,2020-02-12 09:33:47.200,3920.8000,22757,0,290185320.000,0,-,-,-,-,3920.0000,3919.4000,3919.0000,3918.0000,3916.6000,3922.0000,3922.2000,3922.4000,3922.6000,3923.2000,2,2,1,1,1,1,2,2,1,1
SF,IF2006,2020-02-12 09:33:47.700,3920.8000,22757,0,290185320.000,0,-,-,-,-,3920.0000,3919.4000,3919.0000,3918.0000,3916.6000,3921.6000,3921.8000,3922.0000,3922.2000,3922.4000,3,2,1,1,1,2,4,1,1,1
SF,IF2006,2020-02-12 09:33:48.200,3920.8000,22757,0,290185320.000,0,-,-,-,-,3920.8000,3920.0000,3919.4000,3919.0000,3918.0000,3921.4000,3921.6000,3921.8000,3922.0000,3922.4000,1,3,2,1,1,2,3,3,1,1
SF,IF2006,2020-02-12 09:33:48.700,3920.8000,22757,0,291361560.000,1,0,1,多换,S,3920.0000,3919.4000,3919.0000,3918.0000,3916.6000,3920.8000,3921.0000,3921.4000,3921.6000,3921.8000,3,2,1,1,1,5,1,2,3,2
SF,IF2006,2020-02-12 09:33:49.200,3920.0000,22758,1,292537560.000,1,1,0,双开,S,3920.0000,3919.4000,3919.0000,3918.0000,3916.6000,3920.8000,3921.0000,3921.4000,3921.6000,3921.8000,2,2,1,1,1,2,1,1,3,2
SF,IF2006,2020-02-12 09:33:49.700,3920.0000,22759,1,296066040.000,3,2,1,空开,S,3920.0000,3919.4000,3919.0000,3918.0000,3916.6000,3921.4000,3921.8000,3922.0000,3922.6000,3922.8000,1,2,1,1,1,1,2,1,1,1
SF,IF2006,2020-02-12 09:33:50.200,3920.0000,22759,0,296066040.000,0,-,-,-,-,3920.4000,3920.0000,3919.4000,3919.0000,3918.0000,3921.4000,3921.8000,3922.0000,3922.6000,3922.8000,2,1,2,1,1,1,2,1,1,1
SF,IF2006,2020-02-12 09:33:50.700,3921.4000,22759,0,297242460.000,1,0,1,多换,S,3920.6000,3920.0000,3919.4000,3919.0000,3918.0000,3922.6000,3922.8000,3923.0000,3923.2000,3923.6000,2,1,2,1,1,1,1,3,1,2
SF,IF2006,2020-02-12 09:33:51.200,3921.4000,22759,0,297242460.000,0,-,-,-,-,3920.8000,3920.0000,3919.4000,3919.0000,3918.0000,3922.6000,3922.8000,3923.0000,3923.2000,3923.6000,4,1,2,1,1,1,1,3,1,2
SF,IF2006,2020-02-12 09:33:51.700,3921.4000,22759,0,297242460.000,0,-,-,-,-,3920.8000,3920.0000,3919.4000,3918.0000,3916.8000,3922.4000,3922.6000,3922.8000,3923.0000,3923.2000,2,1,2,1,1,1,1,1,3,1
SF,IF2006,2020-02-12 09:33:52.200,3921.4000,22759,0,297242460.000,0,-,-,-,-,3921.0000,3920.8000,3920.0000,3919.4000,3918.0000,3922.4000,3922.6000,3922.8000,3923.0000,3923.2000,2,2,1,2,1,1,1,1,3,1
SF,IF2006,2020-02-12 09:33:52.700,3921.4000,22759,0,297242460.000,0,-,-,-,-,3920.8000,3920.0000,3919.4000,3918.0000,3916.8000,3922.2000,3922.4000,3922.6000,3922.8000,3923.0000,2,1,2,1,1,1,1,1,1,3
SF,IF2006,2020-02-12 09:33:53.200,3921.4000,22759,0,297242460.000,0,-,-,-,-,3920.8000,3920.0000,3919.4000,3918.0000,3916.8000,3922.0000,3922.2000,3922.6000,3922.8000,3923.0000,1,1,2,1,1,1,2,1,1,3
SF,IF2006,2020-02-12 09:33:53.700,3920.8000,22759,0,298418700.000,1,0,1,多换,S,3920.0000,3919.4000,3918.0000,3916.8000,3916.6000,3922.0000,3922.2000,3922.6000,3922.8000,3923.0000,1,2,1,1,1,1,2,1,1,3
SF,IF2006,2020-02-12 09:33:54.200,3920.8000,22759,0,298418700.000,0,-,-,-,-,3920.2000,3920.0000,3919.4000,3918.0000,3916.8000,3921.8000,3922.0000,3922.2000,3922.6000,3922.8000,3,1,2,1,1,3,2,1,1,1
SF,IF2006,2020-02-12 09:33:54.700,3920.8000,22759,0,298418700.000,0,-,-,-,-,3920.2000,3920.0000,3919.4000,3918.0000,3916.8000,3921.6000,3921.8000,3922.0000,3922.4000,3922.6000,1,1,2,1,1,2,4,1,1,1
SF,IF2006,2020-02-12 09:33:55.200,3920.8000,22759,0,298418700.000,0,-,-,-,-,3920.0000,3919.4000,3918.0000,3916.8000,3916.6000,3921.0000,3921.6000,3921.8000,3922.0000,3922.4000,1,2,1,1,1,1,3,3,1,1
SF,IF2006,2020-02-12 09:33:55.700,3920.8000,22759,0,298418700.000,0,-,-,-,-,3920.2000,3920.0000,3919.4000,3918.0000,3916.8000,3921.6000,3921.8000,3922.0000,3922.4000,3922.6000,1,1,2,1,1,3,3,1,1,1
SF,IF2006,2020-02-12 09:33:56.200,3920.8000,22759,0,298418700.000,0,-,-,-,-,3920.0000,3919.4000,3918.0000,3916.8000,3916.6000,3921.4000,3921.6000,3921.8000,3922.0000,3922.4000,1,2,1,1,1,1,3,1,1,1
SF,IF2006,2020-02-12 09:33:56.700,3920.8000,22759,0,298418700.000,0,-,-,-,-,3920.8000,3920.0000,3919.4000,3918.0000,3916.8000,3921.2000,3921.4000,3921.6000,3921.8000,3922.0000,3,1,2,1,1,1,1,2,1,1
SF,IF2006,2020-02-12 09:33:57.200,3920.8000,22756,-3,301947420.000,3,0,3,双平,S,3920.0000,3919.4000,3918.0000,3916.8000,3916.6000,3920.6000,3921.4000,3921.6000,3921.8000,3922.0000,1,2,1,1,1,1,1,2,1,1
SF,IF2006,2020-02-12 09:33:57.700,3920.8000,22756,0,303123660.000,1,0,1,多换,S,3920.0000,3919.4000,3918.0000,3916.8000,3916.6000,3921.6000,3921.8000,3922.0000,3922.4000,3922.6000,1,2,1,1,1,2,1,1,1,1
SF,IF2006,2020-02-12 09:33:58.200,3921.6000,22756,0,304300140.000,1,0,1,多换,S,3921.2000,3920.0000,3919.4000,3918.0000,3916.8000,3921.6000,3921.8000,3922.0000,3922.4000,3922.6000,1,1,2,1,1,1,1,1,1,1
SF,IF2006,2020-02-12 09:33:58.700,3921.2000,22756,0,305476500.000,1,0,1,多换,S,3920.0000,3919.4000,3918.0000,3916.8000,3916.6000,3921.0000,3921.2000,3921.4000,3921.6000,3921.8000,1,2,1,1,1,2,3,2,1,1
SF,IF2006,2020-02-12 09:33:59.200,3920.0000,22756,0,306652500.000,1,0,1,多换,S,3919.6000,3919.4000,3918.0000,3916.8000,3916.6000,3920.0000,3920.4000,3921.0000,3921.2000,3921.4000,10,2,1,1,1,2,1,1,1,4
SF,IF2006,2020-02-12 09:33:59.700,3920.0000,22756,0,306652500.000,0,-,-,-,-,3919.6000,3919.4000,3918.0000,3916.8000,3916.6000,3920.4000,3921.0000,3921.2000,3921.4000,3921.6000,10,2,1,1,1,1,1,1,4,1
SF,IF2006,2020-02-12 09:34:00.200,3920.0000,22756,0,306652500.000,0,-,-,-,-,3919.6000,3919.4000,3918.0000,3916.8000,3916.6000,3920.2000,3921.0000,3921.2000,3921.4000,3922.0000,10,2,1,1,1,1,2,1,3,1
SF,IF2006,2020-02-12 09:34:00.700,3919.8000,22752,-4,311356380.000,4,0,4,双平,S,3919.6000,3919.4000,3918.0000,3916.8000,3916.6000,3920.2000,3920.4000,3920.8000,3921.0000,3921.2000,10,2,1,1,1,2,1,1,2,1
SF,IF2006,2020-02-12 09:34:01.200,3919.6000,22751,-1,312532260.000,1,0,1,双平,S,3919.6000,3919.4000,3918.0000,3916.8000,3916.6000,3920.2000,3920.4000,3920.8000,3921.0000,3921.2000,9,2,1,1,1,1,1,1,2,1
SF,IF2006,2020-02-12 09:34:01.700,3919.6000,22751,0,312532260.000,0,-,-,-,-,3919.6000,3919.4000,3918.0000,3916.8000,3916.6000,3920.0000,3920.2000,3921.0000,3921.2000,3921.4000,9,2,1,1,1,1,1,2,1,3
SF,IF2006,2020-02-12 09:34:02.200,3920.0000,22750,-1,313708260.000,1,0,1,双平,S,3919.6000,3919.4000,3918.0000,3916.8000,3916.6000,3921.0000,3921.2000,3921.4000,3922.0000,3922.4000,9,2,1,1,1,2,1,3,1,1
SF,IF2006,2020-02-12 09:34:02.700,3920.0000,22750,0,313708260.000,0,-,-,-,-,3919.6000,3919.4000,3918.0000,3916.8000,3916.6000,3920.4000,3920.8000,3921.0000,3921.2000,3921.4000,9,2,1,1,1,1,1,1,1,1
SF,IF2006,2020-02-12 09:34:03.700,3919.6000,22749,-1,314884140.000,1,0,1,双平,S,3919.6000,3919.4000,3918.0000,3916.8000,3916.6000,3920.2000,3920.4000,3920.8000,3921.0000,3921.2000,8,2,1,1,1,1,2,1,1,1
SF,IF2006,2020-02-12 09:34:04.200,3919.6000,22748,-1,316060020.000,1,0,1,双平,S,3919.6000,3919.4000,3918.0000,3916.8000,3916.6000,3920.2000,3920.4000,3920.8000,3921.0000,3921.2000,7,2,1,1,1,1,1,1,1,1
SF,IF2006,2020-02-12 09:34:04.700,3919.6000,22747,-1,317235900.000,1,0,1,双平,S,3919.6000,3919.4000,3918.0000,3916.8000,3916.6000,3920.4000,3920.8000,3921.0000,3921.2000,3922.0000,6,2,1,1,1,1,1,1,1,1
SF,IF2006,2020-02-12 09:34:05.200,3919.6000,22746,-1,318411780.000,1,0,1,双平,S,3919.6000,3919.4000,3918.0000,3916.8000,3916.6000,3920.2000,3920.4000,3920.8000,3921.0000,3921.2000,5,2,1,1,1,1,1,1,1,1
SF,IF2006,2020-02-12 09:34:05.700,3919.6000,22745,-1,319587660.000,1,0,1,双平,S,3919.6000,3919.4000,3918.0000,3916.8000,3916.6000,3920.2000,3920.4000,3920.8000,3921.0000,3921.2000,4,2,1,1,1,1,1,1,1,1
SF,IF2006,2020-02-12 09:34:06.200,3919.6000,22744,-1,320763540.000,1,0,1,双平,S,3919.6000,3919.4000,3918.0000,3916.8000,3916.6000,3920.4000,3920.8000,3921.0000,3921.2000,3922.0000,3,2,1,1,1,1,1,1,1,1
SF,IF2006,2020-02-12 09:34:06.700,3919.6000,22743,-1,321939420.000,1,0,1,双平,S,3919.6000,3919.4000,3918.0000,3916.8000,3916.6000,3920.4000,3920.8000,3921.0000,3921.2000,3922.0000,2,2,1,1,1,1,1,1,1,1
SF,IF2006,2020-02-12 09:34:07.200,3919.6000,22742,-1,323115300.000,1,0,1,双平,S,3919.6000,3919.4000,3919.0000,3918.0000,3916.8000,3921.0000,3921.2000,3922.0000,3922.4000,3922.8000,1,2,1,1,1,1,1,1,1,1
SF,IF2006,2020-02-12 09:34:07.700,3919.6000,22741,-1,324291180.000,1,0,1,双平,S,3920.0000,3919.8000,3919.6000,3919.4000,3919.0000,3921.0000,3921.2000,3921.4000,3922.0000,3922.4000,1,1,1,2,1,1,1,1,1,1
SF,IF2006,2020-02-12 09:34:08.200,3919.6000,22741,0,324291180.000,0,-,-,-,-,3920.8000,3919.8000,3919.6000,3919.4000,3919.0000,3921.0000,3921.2000,3921.4000,3922.0000,3922.4000,1,1,1,2,1,1,1,1,1,1
SF,IF2006,2020-02-12 09:34:08.700,3920.8000,22741,0,326643660.000,2,1,1,多换,S,3919.8000,3919.6000,3919.4000,3919.0000,3918.0000,3920.8000,3921.0000,3921.2000,3921.4000,3922.0000,1,1,2,1,1,3,1,1,1,1
SF,IF2006,2020-02-12 09:34:09.200,3920.8000,22741,0,326643660.000,0,-,-,-,-,3919.6000,3919.4000,3919.0000,3918.0000,3916.8000,3919.8000,3920.8000,3921.0000,3921.2000,3921.4000,1,2,1,1,1,1,2,1,1,1
SF,IF2006,2020-02-12 09:34:09.700,3919.8000,22740,-1,327819600.000,1,0,1,双平,S,3919.6000,3919.4000,3919.0000,3918.0000,3916.8000,3920.6000,3920.8000,3921.0000,3921.2000,3921.4000,1,2,1,1,1,1,2,1,1,1
SF,IF2006,2020-02-12 09:34:10.200,3919.8000,22740,0,327819600.000,0,-,-,-,-,3919.6000,3919.4000,3919.0000,3918.0000,3916.8000,3920.4000,3920.6000,3920.8000,3921.0000,3921.2000,1,2,1,1,1,1,1,2,1,1
SF,IF2006,2020-02-12 09:34:10.700,3919.6000,22739,-1,328995480.000,1,0,1,双平,S,3919.4000,3919.0000,3918.0000,3916.8000,3916.6000,3919.6000,3920.2000,3920.4000,3920.6000,3920.8000,2,1,1,1,1,1,1,1,1,2
SF,IF2006,2020-02-12 09:34:12.200,3919.6000,22739,0,328995480.000,0,-,-,-,-,3919.4000,3919.0000,3918.0000,3916.8000,3916.6000,3919.6000,3920.2000,3920.4000,3920.6000,3920.8000,2,1,1,1,1,1,1,1,1,2
SF,IF2006,2020-02-12 09:34:12.700,3919.4000,22737,-2,331347120.000,2,0,2,双平,S,3919.0000,3918.0000,3916.8000,3916.6000,3916.2000,3919.2000,3919.6000,3920.2000,3920.4000,3920.6000,1,1,1,1,1,1,1,1,1,1
SF,IF2006,2020-02-12 09:34:13.200,3919.2000,22735,-2,333698640.000,2,0,2,双平,S,3919.0000,3918.0000,3916.8000,3916.6000,3916.2000,3919.6000,3920.2000,3920.4000,3920.6000,3920.8000,1,1,1,1,1,1,1,1,1,2
SF,IF2006,2020-02-12 09:34:13.700,3919.0000,22735,0,334874340.000,1,0,1,多换,S,3918.0000,3916.8000,3916.6000,3916.2000,3915.4000,3919.6000,3920.2000,3920.4000,3920.6000,3920.8000,1,1,1,1,1,1,1,1,1,2
SF,IF2006,2020-02-12 09:34:14.200,3918.2000,22734,-1,336049800.000,1,0,1,双平,S,3918.2000,3918.0000,3916.8000,3916.6000,3916.2000,3920.2000,3920.4000,3920.6000,3920.8000,3921.0000,1,1,1,1,1,1,1,1,1,1
SF,IF2006,2020-02-12 09:34:14.700,3918.2000,22733,-1,337225260.000,1,0,1,双平,S,3918.2000,3918.0000,3916.8000,3916.6000,3916.2000,3920.0000,3920.2000,3920.4000,3920.6000,3920.8000,1,1,1,1,1,3,2,1,1,1
SF,IF2006,2020-02-12 09:34:15.200,3918.2000,22733,0,337225260.000,0,-,-,-,-,3918.2000,3918.0000,3916.8000,3916.6000,3916.2000,3919.6000,3919.8000,3920.0000,3920.2000,3920.4000,1,1,1,1,1,1,1,3,2,1
SF,IF2006,2020-02-12 09:34:15.700,3918.0000,22732,-1,339576120.000,2,0,2,多平,S,3916.8000,3916.6000,3916.2000,3915.4000,3915.0000,3919.6000,3919.8000,3920.0000,3920.2000,3920.4000,1,1,1,1,4,1,1,3,2,1
SF,IF2006,2020-02-12 09:34:16.200,3919.8000,22729,-3,343103040.000,3,0,3,双平,S,3920.0000,3917.0000,3916.8000,3916.6000,3916.2000,3920.2000,3920.4000,3920.8000,3921.0000,3921.2000,1,4,2,1,1,1,1,1,1,1
SF,IF2006,2020-02-12 09:34:16.700,3920.0000,22728,-1,344279040.000,1,0,1,双平,S,3917.0000,3916.8000,3916.6000,3916.2000,3915.4000,3920.0000,3920.2000,3920.4000,3920.8000,3921.0000,4,2,1,1,1,4,1,1,1,1
SF,IF2006,2020-02-12 09:34:17.200,3920.0000,22728,0,344279040.000,0,-,-,-,-,3917.0000,3916.8000,3916.6000,3916.2000,3915.4000,3919.8000,3920.0000,3920.2000,3920.4000,3920.8000,2,2,1,1,1,1,2,1,1,1
SF,IF2006,2020-02-12 09:34:17.700,3920.0000,22728,0,344279040.000,0,-,-,-,-,3917.8000,3917.4000,3917.0000,3916.8000,3916.6000,3919.6000,3919.8000,3920.0000,3920.2000,3920.4000,1,1,2,2,1,1,4,2,1,1
SF,IF2006,2020-02-12 09:34:18.200,3920.0000,22728,0,344279040.000,0,-,-,-,-,3918.0000,3917.8000,3917.4000,3916.8000,3916.6000,3919.6000,3919.8000,3920.0000,3920.8000,3921.0000,2,1,2,2,1,1,4,2,1,1
SF,IF2006,2020-02-12 09:34:18.700,3919.4000,22724,-4,348981900.000,4,0,4,双平,S,3917.8000,3917.4000,3916.8000,3916.6000,3916.2000,3919.6000,3919.8000,3920.0000,3920.8000,3921.0000,1,2,2,1,1,1,3,2,1,1
SF,IF2006,2020-02-12 09:34:19.200,3919.4000,22722,-2,351333540.000,2,0,2,双平,S,3917.8000,3917.4000,3916.8000,3916.6000,3916.2000,3919.4000,3919.6000,3919.8000,3920.0000,3920.8000,1,2,1,1,1,1,1,3,2,1
SF,IF2006,2020-02-12 09:34:19.700,3919.4000,22721,-1,352509360.000,1,0,1,双平,S,3917.4000,3916.8000,3916.6000,3916.2000,3915.4000,3919.4000,3919.6000,3919.8000,3920.0000,3920.8000,2,1,1,1,1,1,1,3,2,1
SF,IF2006,2020-02-12 09:34:20.200,3919.4000,22721,0,352509360.000,0,-,-,-,-,3917.6000,3917.4000,3916.8000,3916.6000,3916.2000,3918.6000,3919.2000,3919.4000,3919.6000,3919.8000,1,1,1,1,1,1,2,1,1,3
SF,IF2006,2020-02-12 09:34:20.700,3919.4000,22721,0,352509360.000,0,-,-,-,-,3917.8000,3916.8000,3916.6000,3916.2000,3915.4000,3918.6000,3919.2000,3919.4000,3919.6000,3919.8000,1,1,1,1,1,1,3,1,1,2
SF,IF2006,2020-02-12 09:34:21.200,3919.4000,22720,-1,353685180.000,1,0,1,双平,S,3916.8000,3916.6000,3916.2000,3915.4000,3915.0000,3919.2000,3919.4000,3919.6000,3919.8000,3920.0000,1,1,1,1,4,2,1,1,2,2
SF,IF2006,2020-02-12 09:34:21.700,3919.4000,22720,0,353685180.000,0,-,-,-,-,3917.2000,3917.0000,3916.8000,3916.6000,3916.2000,3919.0000,3919.2000,3919.6000,3919.8000,3920.0000,2,1,1,1,1,1,1,1,2,2
SF,IF2006,2020-02-12 09:34:22.200,3919.4000,22720,0,353685180.000,0,-,-,-,-,3917.4000,3917.2000,3916.8000,3916.6000,3916.2000,3918.8000,3919.0000,3919.2000,3919.6000,3919.8000,1,2,1,1,1,1,2,1,1,2
SF,IF2006,2020-02-12 09:34:23.200,3917.4000,22719,-1,354860400.000,1,0,1,双平,S,3916.8000,3916.6000,3916.2000,3916.0000,3915.4000,3918.8000,3919.0000,3919.2000,3919.6000,3919.8000,1,1,1,1,1,1,2,1,1,2
SF,IF2006,2020-02-12 09:34:23.700,3917.0000,22718,-1,356035500.000,1,0,1,双平,S,3916.8000,3916.6000,3916.2000,3916.0000,3915.4000,3918.6000,3918.8000,3919.0000,3919.2000,3919.6000,1,1,1,1,1,2,1,1,1,1
SF,IF2006,2020-02-12 09:34:24.200,3916.8000,22718,0,357210540.000,1,0,1,多换,S,3916.6000,3916.2000,3916.0000,3915.4000,3915.0000,3917.4000,3918.6000,3918.8000,3919.0000,3919.2000,1,1,1,1,5,1,2,1,1,1
SF,IF2006,2020-02-12 09:34:24.700,3916.6000,22717,-1,358385520.000,1,0,1,双平,S,3916.2000,3916.0000,3915.4000,3915.0000,3912.8000,3917.4000,3918.6000,3918.8000,3919.0000,3919.2000,1,1,1,5,1,1,2,1,1,1
SF,IF2006,2020-02-12 09:34:25.200,3916.6000,22717,0,358385520.000,0,-,-,-,-,3916.4000,3916.2000,3916.0000,3915.4000,3915.0000,3917.4000,3918.6000,3918.8000,3919.0000,3919.2000,1,1,1,1,5,1,2,1,1,1
SF,IF2006,2020-02-12 09:34:25.700,3916.4000,22716,-1,359560440.000,1,0,1,双平,S,3916.2000,3916.0000,3915.4000,3915.0000,3912.8000,3917.4000,3918.6000,3918.8000,3919.0000,3920.8000,1,1,1,5,1,1,2,1,1,1
SF,IF2006,2020-02-12 09:34:26.200,3916.4000,22716,0,359560440.000,0,-,-,-,-,3916.2000,3916.0000,3915.4000,3915.0000,3912.8000,3917.4000,3918.6000,3918.8000,3919.0000,3920.8000,1,1,1,5,1,1,3,1,1,1
SF,IF2006,2020-02-12 09:34:26.700,3916.4000,22716,0,359560440.000,0,-,-,-,-,3916.2000,3916.0000,3915.4000,3915.0000,3912.8000,3917.4000,3918.6000,3919.0000,3920.8000,3921.0000,1,1,1,5,1,1,3,1,1,1
SF,IF2006,2020-02-12 09:34:27.700,3916.4000,22716,0,359560440.000,0,-,-,-,-,3916.2000,3916.0000,3915.4000,3915.0000,3912.8000,3917.4000,3918.6000,3920.8000,3921.0000,3921.2000,1,1,1,5,1,1,3,1,1,1
SF,IF2006,2020-02-12 09:34:28.200,3916.4000,22716,0,359560440.000,0,-,-,-,-,3916.2000,3916.0000,3915.4000,3915.0000,3912.8000,3917.2000,3917.4000,3918.6000,3920.8000,3921.0000,1,1,1,5,1,2,1,3,1,1
SF,IF2006,2020-02-12 09:34:28.700,3916.4000,22716,0,359560440.000,0,-,-,-,-,3916.2000,3916.0000,3915.4000,3915.0000,3912.8000,3917.2000,3917.4000,3918.6000,3920.8000,3921.0000,1,1,1,5,1,2,1,3,1,1
SF,IF2006,2020-02-12 09:34:29.200,3916.4000,22716,0,359560440.000,0,-,-,-,-,3916.8000,3916.2000,3916.0000,3915.4000,3915.0000,3917.2000,3917.4000,3918.6000,3920.8000,3921.0000,1,1,1,1,5,2,1,3,1,1
SF,IF2006,2020-02-12 09:34:29.700,3916.2000,22716,0,361910340.000,2,1,1,多换,S,3916.0000,3915.4000,3915.0000,3912.8000,3912.2000,3916.2000,3916.8000,3917.2000,3917.4000,3918.6000,1,1,5,1,4,2,1,2,1,3
SF,IF2006,2020-02-12 09:34:30.200,3916.0000,22716,0,363085140.000,1,0,1,多换,S,3915.4000,3915.0000,3912.8000,3912.2000,3912.0000,3916.2000,3917.4000,3918.6000,3920.8000,3921.0000,1,5,1,4,1,2,1,3,1,1
SF,IF2006,2020-02-12 09:34:30.700,3916.2000,22714,-2,365434860.000,2,0,2,双平,S,3915.4000,3915.0000,3912.8000,3912.2000,3912.0000,3917.4000,3918.6000,3920.0000,3920.8000,3921.0000,1,5,1,4,1,1,3,5,1,1
SF,IF2006,2020-02-12 09:34:31.200,3916.2000,22714,0,365434860.000,0,-,-,-,-,3916.2000,3915.6000,3915.4000,3915.0000,3912.8000,3917.2000,3917.4000,3918.6000,3920.0000,3920.8000,2,2,1,5,1,2,1,1,5,1
SF,IF2006,2020-02-12 09:34:31.700,3916.2000,22714,0,365434860.000,0,-,-,-,-,3915.6000,3915.4000,3915.0000,3912.8000,3912.2000,3917.4000,3918.6000,3920.0000,3920.8000,3921.0000,2,1,5,1,4,1,1,5,1,1
SF,IF2006,2020-02-12 09:34:32.200,3916.2000,22714,0,365434860.000,0,-,-,-,-,3915.6000,3915.4000,3915.0000,3912.8000,3912.2000,3917.4000,3918.6000,3920.8000,3921.2000,3921.4000,2,1,5,1,4,1,1,1,1,1
SF,IF2006,2020-02-12 09:34:32.700,3916.2000,22714,0,365434860.000,0,-,-,-,-,3916.0000,3915.6000,3915.4000,3915.0000,3912.8000,3917.4000,3918.6000,3920.8000,3921.2000,3921.4000,1,2,1,5,1,1,1,1,1,1
SF,IF2006,2020-02-12 09:34:33.200,3917.4000,22714,0,366610080.000,1,0,1,多换,S,3916.2000,3916.0000,3915.4000,3915.0000,3912.8000,3920.8000,3921.2000,3921.4000,3922.0000,3922.4000,1,1,1,5,1,1,1,1,1,1
SF,IF2006,2020-02-12 09:34:33.700,3917.4000,22714,0,366610080.000,0,-,-,-,-,3916.4000,3916.2000,3915.4000,3915.0000,3912.8000,3920.0000,3920.2000,3920.4000,3920.6000,3920.8000,3,1,1,5,1,1,2,8,3,2
SF,IF2006,2020-02-12 09:34:34.200,3917.4000,22714,0,366610080.000,0,-,-,-,-,3916.6000,3916.4000,3915.4000,3915.0000,3912.8000,3920.0000,3920.2000,3920.4000,3920.6000,3920.8000,1,3,1,5,1,1,2,8,2,2
SF,IF2006,2020-02-12 09:34:34.700,3917.4000,22714,0,366610080.000,0,-,-,-,-,3917.0000,3916.6000,3916.4000,3915.4000,3915.0000,3919.8000,3920.0000,3920.2000,3920.4000,3920.6000,1,1,2,1,5,2,1,2,8,2
SF,IF2006,2020-02-12 09:34:35.200,3917.4000,22714,0,366610080.000,0,-,-,-,-,3916.4000,3915.4000,3915.0000,3912.8000,3912.2000,3919.2000,3919.4000,3919.6000,3919.8000,3920.0000,1,1,5,1,4,1,2,1,2,1
SF,IF2006,2020-02-12 09:34:35.700,3917.4000,22714,0,366610080.000,0,-,-,-,-,3915.4000,3915.0000,3912.8000,3912.2000,3912.0000,3918.8000,3919.0000,3919.2000,3919.8000,3920.0000,1,5,1,4,1,2,2,1,1,1
SF,IF2006,2020-02-12 09:34:36.200,3916.6000,22713,-1,367785060.000,1,0,1,双平,S,3915.6000,3915.4000,3915.0000,3912.8000,3912.2000,3918.6000,3919.2000,3919.8000,3920.0000,3920.2000,3,1,5,1,4,1,1,1,1,2
SF,IF2006,2020-02-12 09:34:36.700,3915.6000,22712,-1,368959740.000,1,0,1,双平,S,3915.6000,3915.4000,3915.0000,3912.8000,3912.2000,3918.0000,3918.4000,3918.6000,3919.2000,3919.8000,1,1,5,1,4,1,2,1,1,1
SF,IF2006,2020-02-12 09:34:37.200,3915.6000,22711,-1,370134420.000,1,0,1,双平,S,3915.4000,3915.0000,3912.8000,3912.2000,3912.0000,3917.8000,3918.2000,3919.8000,3920.0000,3920.2000,1,5,1,4,1,3,1,1,1,2
SF,IF2006,2020-02-12 09:34:37.700,3915.6000,22711,0,370134420.000,0,-,-,-,-,3915.8000,3915.4000,3915.0000,3912.8000,3912.2000,3917.8000,3918.2000,3919.8000,3920.0000,3920.2000,1,1,5,1,4,3,1,1,1,2
