市场代码,合约代码,时间,最新,持仓,增仓,成交额,成交量,开仓,平仓,成交类型,方向,买一价,买二价,买三价,买四价,买五价,卖一价,卖二价,卖三价,卖四价,卖五价,买一量,买二量,买三量,买四量,买五量,卖一量,卖二量,卖三量,卖四量,卖五量
SF,IF2012,2020-06-05 09:29:00.100,3813.0000,6212,0,0.000,0.000,-,-,-,-,3816.2000,3813.6000,3812.6000,3811.6000,3810.8000,3819.8000,3823.4000,3829.8000,3830.4000,3833.0000,1,2,1,1,1,3,1,1,1,1
SF,IF2012,2020-06-05 09:30:00.100,3813.0000,6212,0,0.000,0,-,-,-,-,3816.8000,3816.6000,3816.2000,3813.6000,3812.6000,3819.8000,3823.4000,3829.8000,3830.4000,3833.0000,1,7,1,2,1,3,1,1,1,1
SF,IF2012,2020-06-05 09:30:00.600,3817.2000,6211,-1,6871740.000,6,2,4,多平,S,3817.2000,3817.0000,3816.8000,3807.0000,3804.2000,3819.8000,3823.4000,3825.6000,3828.4000,3829.8000,1,4,1,2,1,2,1,1,2,1
SF,IF2012,2020-06-05 09:30:01.100,3819.8000,6209,-2,9163620.000,2,0,2,双平,S,3817.4000,3817.2000,3817.0000,3816.8000,3807.0000,3823.4000,3825.6000,3828.4000,3829.8000,3833.0000,1,2,2,1,2,1,1,2,1,1
SF,IF2012,2020-06-05 09:30:01.600,3819.8000,6209,0,9163620.000,0,-,-,-,-,3817.8000,3817.6000,3817.4000,3817.0000,3815.0000,3823.2000,3823.4000,3823.6000,3825.6000,3828.4000,1,1,1,2,5,2,1,1,1,2
SF,IF2012,2020-06-05 09:30:02.100,3819.8000,6209,0,9163620.000,0,-,-,-,-,3818.0000,3817.8000,3817.0000,3815.0000,3807.0000,3823.2000,3823.4000,3823.6000,3825.6000,3828.4000,2,3,2,5,2,2,1,1,1,2
SF,IF2012,2020-06-05 09:30:02.600,3823.0000,6204,-5,18338520.000,8,1,7,多平,S,3818.2000,3818.0000,3817.8000,3817.0000,3815.0000,3823.2000,3823.4000,3823.6000,3825.6000,3828.4000,1,2,1,1,5,2,1,1,1,2
SF,IF2012,2020-06-05 09:30:03.100,3823.0000,6204,0,19485420.000,1,0,1,多换,S,3818.4000,3817.8000,3817.0000,3815.0000,3807.0000,3823.0000,3823.2000,3823.4000,3823.6000,3825.6000,1,1,1,5,2,3,2,1,1,1
SF,IF2012,2020-06-05 09:30:03.600,3823.0000,6204,0,19485420.000,0,-,-,-,-,3818.4000,3817.0000,3815.0000,3807.0000,3804.2000,3822.8000,3823.0000,3823.2000,3823.4000,3823.6000,1,1,5,2,1,3,3,1,1,1
SF,IF2012,2020-06-05 09:30:04.100,3823.0000,6204,0,19485420.000,0,-,-,-,-,3818.4000,3815.0000,3807.0000,3804.2000,3801.2000,3822.6000,3822.8000,3823.0000,3823.2000,3823.4000,1,5,2,1,1,2,3,1,1,1
SF,IF2012,2020-06-05 09:30:04.600,3818.4000,6203,-1,20630940.000,1,0,1,双平,S,3818.8000,3815.0000,3807.0000,3804.2000,3801.2000,3822.0000,3822.4000,3822.6000,3822.8000,3823.0000,1,5,2,1,1,1,5,3,2,1
SF,IF2012,2020-06-05 09:30:05.100,3818.6000,6202,-1,21776520.000,1,0,1,双平,S,3810.0000,3807.0000,3804.2000,3801.2000,3801.0000,3820.0000,3821.6000,3821.8000,3822.0000,3822.2000,5,2,1,1,2,1,1,4,1,2
SF,IF2012,2020-06-05 09:30:05.600,3818.6000,6202,0,21776520.000,0,-,-,-,-,3817.6000,3814.8000,3814.2000,3810.4000,3810.2000,3819.8000,3820.0000,3821.2000,3821.6000,3821.8000,1,1,1,6,2,2,1,1,1,4
SF,IF2012,2020-06-05 09:30:06.100,3817.6000,6202,0,22921800.000,1,0,1,多换,S,3815.6000,3814.8000,3814.2000,3810.4000,3810.2000,3819.8000,3820.0000,3821.2000,3821.8000,3822.0000,1,1,1,6,2,2,1,1,4,1
SF,IF2012,2020-06-05 09:30:06.600,3817.6000,6202,0,22921800.000,0,-,-,-,-,3815.8000,3815.6000,3814.8000,3814.2000,3813.8000,3818.6000,3819.8000,3820.0000,3821.2000,3821.8000,1,1,1,1,1,1,2,1,1,4
SF,IF2012,2020-06-05 09:30:07.100,3817.6000,6202,0,22921800.000,0,-,-,-,-,3815.8000,3814.8000,3814.2000,3813.8000,3810.4000,3818.4000,3818.6000,3820.0000,3821.2000,3821.8000,1,1,1,1,6,2,1,1,1,4
SF,IF2012,2020-06-05 09:30:07.600,3817.6000,6202,0,22921800.000,0,-,-,-,-,3814.8000,3814.2000,3813.8000,3810.4000,3810.2000,3818.4000,3818.6000,3820.0000,3821.8000,3822.0000,1,1,1,6,1,2,1,1,4,1
SF,IF2012,2020-06-05 09:30:08.100,3817.6000,6202,0,22921800.000,0,-,-,-,-,3815.0000,3814.8000,3814.2000,3813.8000,3810.4000,3818.4000,3818.6000,3820.0000,3821.8000,3822.0000,1,1,1,1,6,2,1,1,4,1
SF,IF2012,2020-06-05 09:30:09.100,3817.6000,6202,0,22921800.000,0,-,-,-,-,3815.4000,3815.0000,3814.2000,3810.4000,3810.2000,3818.2000,3818.4000,3818.6000,3820.0000,3821.8000,1,1,1,6,1,1,2,1,1,3
SF,IF2012,2020-06-05 09:30:09.600,3817.6000,6202,0,22921800.000,0,-,-,-,-,3814.2000,3810.4000,3810.2000,3810.0000,3807.0000,3818.0000,3818.6000,3820.0000,3821.8000,3822.0000,1,6,1,5,2,2,1,1,3,1
SF,IF2012,2020-06-05 09:30:10.100,3817.6000,6202,0,22921800.000,0,-,-,-,-,3814.4000,3814.2000,3810.4000,3810.2000,3810.0000,3818.0000,3820.0000,3821.8000,3822.0000,3822.2000,1,1,6,1,5,2,1,3,1,1
SF,IF2012,2020-06-05 09:30:10.600,3817.6000,6202,0,22921800.000,0,-,-,-,-,3814.6000,3814.4000,3814.2000,3810.4000,3810.2000,3818.0000,3820.0000,3821.8000,3822.0000,3822.2000,1,1,1,6,1,2,1,3,1,1
SF,IF2012,2020-06-05 09:30:11.100,3817.6000,6202,0,22921800.000,0,-,-,-,-,3814.8000,3814.6000,3810.4000,3810.2000,3810.0000,3818.0000,3820.0000,3821.8000,3822.0000,3822.2000,1,1,6,1,5,2,1,3,1,1
SF,IF2012,2020-06-05 09:30:11.600,3817.6000,6202,0,22921800.000,0,-,-,-,-,3814.8000,3814.6000,3811.2000,3810.4000,3810.2000,3818.0000,3820.0000,3821.8000,3822.0000,3822.2000,1,1,1,6,1,2,1,3,1,1
SF,IF2012,2020-06-05 09:30:12.100,3817.6000,6202,0,22921800.000,0,-,-,-,-,3814.8000,3814.6000,3811.2000,3810.4000,3810.2000,3818.0000,3820.0000,3821.8000,3822.0000,3822.4000,2,1,1,6,1,2,1,3,1,3
SF,IF2012,2020-06-05 09:30:12.600,3817.6000,6202,0,22921800.000,0,-,-,-,-,3815.0000,3814.6000,3811.2000,3810.4000,3810.2000,3818.0000,3820.0000,3821.8000,3822.0000,3822.4000,1,1,1,6,1,1,1,3,1,3
SF,IF2012,2020-06-05 09:30:13.100,3817.6000,6202,0,22921800.000,0,-,-,-,-,3815.2000,3815.0000,3814.6000,3811.2000,3810.4000,3818.0000,3820.0000,3821.6000,3821.8000,3822.0000,1,1,1,1,6,1,1,1,3,1
SF,IF2012,2020-06-05 09:30:13.600,3817.6000,6202,0,22921800.000,0,-,-,-,-,3815.4000,3811.2000,3810.4000,3810.2000,3810.0000,3818.0000,3820.0000,3821.6000,3821.8000,3822.0000,1,1,6,1,5,1,1,1,3,1
SF,IF2012,2020-06-05 09:30:14.600,3817.6000,6202,0,22921800.000,0,-,-,-,-,3815.4000,3811.2000,3810.4000,3810.2000,3810.0000,3817.8000,3818.0000,3820.0000,3821.6000,3821.8000,1,1,6,1,5,1,1,1,1,3
SF,IF2012,2020-06-05 09:30:15.100,3817.6000,6202,0,22921800.000,0,-,-,-,-,3811.2000,3810.4000,3810.2000,3810.0000,3807.0000,3817.6000,3817.8000,3820.0000,3821.6000,3821.8000,1,6,1,5,2,2,1,1,1,3
SF,IF2012,2020-06-05 09:30:15.600,3817.6000,6202,0,22921800.000,0,-,-,-,-,3814.2000,3811.6000,3811.4000,3811.2000,3810.0000,3817.6000,3820.0000,3821.6000,3821.8000,3822.0000,1,6,2,1,5,2,1,1,3,1
SF,IF2012,2020-06-05 09:30:16.100,3817.6000,6202,0,22921800.000,0,-,-,-,-,3814.4000,3811.6000,3811.4000,3811.2000,3810.0000,3817.6000,3820.0000,3821.6000,3821.8000,3822.0000,2,6,1,1,5,1,1,1,3,1
SF,IF2012,2020-06-05 09:30:16.600,3817.6000,6202,0,22921800.000,0,-,-,-,-,3814.4000,3811.6000,3811.4000,3811.2000,3810.0000,3817.6000,3820.0000,3821.8000,3822.0000,3822.4000,2,6,1,1,5,1,1,3,1,3
SF,IF2012,2020-06-05 09:30:17.100,3817.6000,6202,0,22921800.000,0,-,-,-,-,3814.6000,3814.4000,3814.2000,3811.6000,3811.4000,3817.6000,3820.0000,3821.8000,3822.0000,3822.4000,3,2,1,7,1,1,1,3,1,3
SF,IF2012,2020-06-05 09:30:17.600,3817.6000,6202,0,22921800.000,0,-,-,-,-,3814.8000,3814.6000,3814.2000,3811.6000,3811.4000,3817.6000,3820.0000,3821.8000,3822.0000,3822.4000,2,3,1,7,1,1,1,3,1,3
SF,IF2012,2020-06-05 09:30:18.100,3817.6000,6202,0,22921800.000,0,-,-,-,-,3814.8000,3814.6000,3814.2000,3811.6000,3811.4000,3817.6000,3820.0000,3821.8000,3822.0000,3822.4000,2,2,1,7,1,1,1,3,1,3
SF,IF2012,2020-06-05 09:30:18.600,3817.6000,6202,0,22921800.000,0,-,-,-,-,3815.0000,3814.8000,3814.6000,3814.2000,3811.6000,3817.6000,3820.0000,3821.8000,3822.0000,3822.4000,2,2,1,1,7,1,1,3,1,3
SF,IF2012,2020-06-05 09:30:19.100,3817.6000,6202,0,22921800.000,0,-,-,-,-,3815.2000,3815.0000,3814.8000,3814.6000,3814.2000,3817.6000,3820.0000,3821.8000,3822.0000,3822.4000,2,2,1,1,1,1,1,3,1,3
SF,IF2012,2020-06-05 09:30:19.600,3817.6000,6202,0,22921800.000,0,-,-,-,-,3815.2000,3815.0000,3814.8000,3814.2000,3811.6000,3817.0000,3817.6000,3820.0000,3821.8000,3822.0000,3,2,1,1,7,1,1,1,3,1
SF,IF2012,2020-06-05 09:30:20.100,3817.6000,6202,0,22921800.000,0,-,-,-,-,3815.2000,3815.0000,3814.8000,3814.2000,3811.6000,3817.0000,3817.6000,3820.0000,3821.8000,3822.0000,3,2,1,1,7,1,1,1,3,1
SF,IF2012,2020-06-05 09:30:20.600,3817.6000,6202,0,22921800.000,0,-,-,-,-,3815.2000,3815.0000,3814.8000,3814.2000,3811.6000,3816.8000,3817.0000,3820.0000,3821.8000,3822.0000,2,2,1,1,7,1,1,1,3,1
SF,IF2012,2020-06-05 09:30:21.100,3817.6000,6202,0,22921800.000,0,-,-,-,-,3815.2000,3815.0000,3814.8000,3814.2000,3811.6000,3816.8000,3817.0000,3820.0000,3821.8000,3822.0000,1,1,1,1,7,1,1,1,3,1
SF,IF2012,2020-06-05 09:30:21.600,3817.6000,6202,0,22921800.000,0,-,-,-,-,3815.2000,3815.0000,3814.8000,3814.2000,3811.6000,3816.8000,3817.0000,3817.8000,3820.0000,3821.8000,1,1,1,1,7,1,1,1,1,3
SF,IF2012,2020-06-05 09:30:22.100,3817.6000,6202,0,22921800.000,0,-,-,-,-,3815.2000,3815.0000,3814.8000,3814.2000,3811.6000,3816.8000,3817.0000,3817.8000,3820.0000,3821.8000,1,1,1,1,7,1,1,1,1,3
SF,IF2012,2020-06-05 09:30:22.600,3817.6000,6202,0,22921800.000,0,-,-,-,-,3815.2000,3815.0000,3814.8000,3814.2000,3811.6000,3816.8000,3817.0000,3820.0000,3821.8000,3822.0000,1,1,1,1,7,1,1,1,3,1
SF,IF2012,2020-06-05 09:30:23.100,3817.6000,6202,0,22921800.000,0,-,-,-,-,3815.2000,3815.0000,3814.2000,3811.6000,3811.4000,3816.8000,3817.0000,3820.0000,3821.8000,3822.0000,1,1,1,7,1,1,1,1,3,1
SF,IF2012,2020-06-05 09:30:23.600,3815.2000,6202,0,24066360.000,1,0,1,多换,S,3814.2000,3811.6000,3811.4000,3810.0000,3807.0000,3816.8000,3817.0000,3820.0000,3821.8000,3822.0000,1,7,1,5,2,1,1,1,3,1
SF,IF2012,2020-06-05 09:30:24.100,3815.2000,6202,0,24066360.000,0,-,-,-,-,3814.2000,3811.6000,3811.4000,3810.0000,3807.0000,3816.6000,3816.8000,3817.0000,3820.0000,3821.8000,1,7,1,5,2,1,1,1,1,3
SF,IF2012,2020-06-05 09:30:24.600,3814.4000,6201,-1,25210680.000,1,0,1,双平,S,3814.2000,3811.6000,3810.0000,3807.0000,3804.2000,3816.4000,3816.6000,3817.0000,3820.0000,3821.8000,1,7,5,2,1,1,1,1,1,2
SF,IF2012,2020-06-05 09:30:25.100,3814.4000,6201,0,25210680.000,0,-,-,-,-,3814.2000,3811.6000,3810.0000,3807.0000,3806.6000,3816.2000,3816.4000,3817.0000,3820.0000,3821.8000,1,7,5,2,3,1,1,1,1,2
SF,IF2012,2020-06-05 09:30:25.600,3814.4000,6201,0,25210680.000,0,-,-,-,-,3814.2000,3811.6000,3810.0000,3807.0000,3806.6000,3816.0000,3816.2000,3817.0000,3820.0000,3821.8000,1,7,5,2,3,1,1,1,1,2
SF,IF2012,2020-06-05 09:30:26.100,3814.4000,6201,0,25210680.000,0,-,-,-,-,3814.2000,3811.6000,3810.0000,3807.0000,3806.6000,3816.0000,3816.2000,3817.0000,3820.0000,3821.8000,1,7,5,2,3,1,1,1,1,2
SF,IF2012,2020-06-05 09:30:26.600,3814.4000,6201,0,25210680.000,0,-,-,-,-,3814.4000,3814.2000,3811.6000,3810.0000,3807.0000,3816.0000,3816.2000,3820.0000,3821.8000,3822.0000,2,1,7,5,2,1,1,1,2,1
SF,IF2012,2020-06-05 09:30:28.100,3814.4000,6201,0,25210680.000,0,-,-,-,-,3814.4000,3814.2000,3811.6000,3810.0000,3807.0000,3816.0000,3816.2000,3820.0000,3821.8000,3822.0000,1,1,7,5,2,1,1,1,2,1
SF,IF2012,2020-06-05 09:30:29.600,3814.4000,6201,0,25210680.000,0,-,-,-,-,3814.4000,3811.6000,3810.0000,3807.0000,3806.6000,3816.0000,3816.2000,3820.0000,3821.8000,3822.0000,1,7,5,2,3,1,1,1,2,1
SF,IF2012,2020-06-05 09:30:30.100,3814.4000,6201,0,25210680.000,0,-,-,-,-,3814.4000,3814.2000,3811.6000,3810.0000,3807.0000,3816.0000,3816.2000,3820.0000,3821.8000,3822.0000,1,1,7,5,2,1,1,1,2,1
SF,IF2012,2020-06-05 09:30:31.100,3814.4000,6201,0,25210680.000,0,-,-,-,-,3814.6000,3814.4000,3814.2000,3811.6000,3810.0000,3816.0000,3816.2000,3820.0000,3821.8000,3822.0000,2,1,1,7,5,1,1,1,2,1
SF,IF2012,2020-06-05 09:30:31.600,3814.4000,6201,0,25210680.000,0,-,-,-,-,3814.6000,3814.4000,3814.2000,3811.6000,3810.0000,3816.0000,3820.0000,3821.8000,3822.0000,3822.4000,2,1,1,7,5,1,1,2,1,2
SF,IF2012,2020-06-05 09:30:32.100,3814.4000,6202,1,26355000.000,1,1,0,双开,S,3814.6000,3814.4000,3814.2000,3811.6000,3810.0000,3816.0000,3820.0000,3821.8000,3822.0000,3822.4000,1,1,1,7,5,1,1,2,1,2
SF,IF2012,2020-06-05 09:30:32.600,3814.4000,6202,0,26355000.000,0,-,-,-,-,3814.6000,3814.4000,3814.2000,3811.6000,3810.0000,3816.0000,3818.0000,3820.0000,3821.8000,3822.0000,1,1,1,7,5,1,1,1,2,1
SF,IF2012,2020-06-05 09:30:33.600,3814.4000,6202,0,26355000.000,0,-,-,-,-,3814.4000,3814.2000,3811.6000,3810.0000,3807.0000,3816.0000,3818.0000,3820.0000,3821.8000,3822.0000,1,1,7,5,2,1,1,1,2,1
SF,IF2012,2020-06-05 09:30:34.100,3814.4000,6202,0,26355000.000,0,-,-,-,-,3814.4000,3811.6000,3810.0000,3807.0000,3806.6000,3816.0000,3818.0000,3820.0000,3821.8000,3822.0000,1,7,5,2,3,1,1,1,2,1
SF,IF2012,2020-06-05 09:30:34.600,3814.4000,6202,0,26355000.000,0,-,-,-,-,3814.4000,3814.2000,3811.6000,3810.0000,3807.0000,3816.0000,3818.0000,3820.0000,3821.8000,3822.0000,1,1,7,5,2,1,1,1,2,1
SF,IF2012,2020-06-05 09:30:35.600,3814.4000,6202,0,26355000.000,0,-,-,-,-,3814.4000,3811.6000,3810.0000,3807.0000,3806.6000,3816.0000,3818.0000,3820.0000,3821.8000,3822.0000,1,7,5,2,3,1,1,1,2,1
SF,IF2012,2020-06-05 09:30:36.100,3814.4000,6202,0,26355000.000,0,-,-,-,-,3814.4000,3814.2000,3811.6000,3810.0000,3807.0000,3816.0000,3818.0000,3820.0000,3821.8000,3822.0000,1,1,7,5,2,1,1,1,2,1
SF,IF2012,2020-06-05 09:30:36.600,3814.4000,6202,0,26355000.000,0,-,-,-,-,3814.4000,3811.6000,3810.0000,3807.0000,3806.6000,3815.8000,3816.0000,3818.0000,3820.0000,3821.8000,1,7,5,2,3,1,1,1,1,2
SF,IF2012,2020-06-05 09:30:37.100,3814.4000,6202,0,26355000.000,0,-,-,-,-,3814.4000,3811.6000,3810.0000,3807.0000,3806.6000,3815.6000,3815.8000,3818.0000,3820.0000,3821.8000,1,7,5,2,3,1,1,1,1,2
SF,IF2012,2020-06-05 09:30:37.600,3814.4000,6202,0,26355000.000,0,-,-,-,-,3811.6000,3810.0000,3807.0000,3806.6000,3804.2000,3815.6000,3815.8000,3818.0000,3820.0000,3821.8000,7,5,2,3,1,1,1,1,1,2
SF,IF2012,2020-06-05 09:30:38.100,3814.4000,6202,0,26355000.000,0,-,-,-,-,3811.8000,3811.6000,3810.0000,3807.0000,3806.6000,3815.4000,3815.6000,3815.8000,3818.0000,3820.0000,1,7,5,2,3,1,1,1,1,1
SF,IF2012,2020-06-05 09:30:38.600,3814.4000,6202,0,26355000.000,0,-,-,-,-,3812.2000,3811.8000,3810.0000,3807.0000,3806.6000,3815.2000,3815.4000,3818.0000,3820.0000,3821.8000,7,1,5,2,3,1,1,1,1,2
SF,IF2012,2020-06-05 09:30:39.100,3814.4000,6202,0,26355000.000,0,-,-,-,-,3812.8000,3812.4000,3812.2000,3810.0000,3807.0000,3815.0000,3815.2000,3818.0000,3820.0000,3821.8000,1,1,7,5,2,1,1,1,1,2
SF,IF2012,2020-06-05 09:30:39.600,3814.4000,6202,0,26355000.000,0,-,-,-,-,3813.0000,3812.8000,3812.6000,3812.2000,3810.0000,3814.8000,3815.0000,3818.0000,3820.0000,3821.8000,1,1,2,7,5,1,1,1,1,2
SF,IF2012,2020-06-05 09:30:40.100,3814.4000,6202,0,26355000.000,0,-,-,-,-,3813.6000,3813.0000,3812.8000,3812.6000,3812.2000,3814.8000,3815.0000,3818.0000,3820.0000,3821.8000,1,1,1,1,7,1,1,1,1,2
SF,IF2012,2020-06-05 09:30:40.600,3814.4000,6202,0,26355000.000,0,-,-,-,-,3813.6000,3813.0000,3812.6000,3812.2000,3810.0000,3814.8000,3818.0000,3820.0000,3821.8000,3822.0000,1,1,1,7,5,1,1,1,2,1
SF,IF2012,2020-06-05 09:30:41.100,3814.4000,6202,0,26355000.000,0,-,-,-,-,3813.6000,3812.2000,3810.0000,3807.0000,3806.8000,3814.8000,3818.0000,3820.0000,3821.8000,3822.0000,1,7,5,2,3,1,1,1,2,1
SF,IF2012,2020-06-05 09:30:43.100,3814.8000,6201,-1,27499440.000,1,0,1,双平,S,3813.6000,3812.2000,3810.0000,3807.0000,3806.8000,3818.0000,3820.0000,3821.8000,3822.0000,3822.4000,1,7,5,2,3,1,1,2,1,2
SF,IF2012,2020-06-05 09:30:43.600,3814.8000,6201,0,27499440.000,0,-,-,-,-,3813.8000,3813.6000,3812.2000,3810.0000,3807.0000,3817.8000,3818.0000,3820.0000,3821.8000,3822.0000,1,1,7,5,2,3,1,1,2,1
SF,IF2012,2020-06-05 09:30:44.100,3814.8000,6201,0,27499440.000,0,-,-,-,-,3813.8000,3813.6000,3812.2000,3810.0000,3807.0000,3816.2000,3817.8000,3818.0000,3820.0000,3821.8000,1,1,7,5,2,1,3,1,1,2
SF,IF2012,2020-06-05 09:30:44.600,3814.8000,6201,0,27499440.000,0,-,-,-,-,3814.0000,3813.8000,3813.6000,3812.2000,3810.0000,3816.0000,3816.2000,3817.8000,3818.0000,3820.0000,1,1,1,7,5,2,1,1,1,1
SF,IF2012,2020-06-05 09:30:45.100,3814.8000,6201,0,27499440.000,0,-,-,-,-,3814.2000,3814.0000,3813.8000,3813.6000,3812.2000,3816.0000,3817.4000,3818.0000,3820.0000,3821.8000,1,1,1,1,7,2,1,1,1,2
SF,IF2012,2020-06-05 09:30:47.100,3814.8000,6201,0,27499440.000,0,-,-,-,-,3814.0000,3813.8000,3813.6000,3812.2000,3810.0000,3816.0000,3817.4000,3818.0000,3820.0000,3821.8000,1,1,1,7,5,2,1,1,1,2
SF,IF2012,2020-06-05 09:30:47.600,3814.8000,6201,0,27499440.000,0,-,-,-,-,3814.4000,3814.0000,3813.8000,3812.2000,3810.0000,3816.0000,3817.4000,3818.0000,3820.0000,3821.8000,1,1,1,7,5,2,1,1,1,2
SF,IF2012,2020-06-05 09:30:48.100,3814.8000,6201,0,27499440.000,0,-,-,-,-,3814.4000,3814.0000,3812.2000,3810.0000,3807.0000,3816.0000,3817.4000,3818.0000,3820.0000,3821.8000,1,1,7,5,2,1,1,1,1,2
SF,IF2012,2020-06-05 09:30:48.600,3814.8000,6201,0,27499440.000,0,-,-,-,-,3814.4000,3814.0000,3812.2000,3810.0000,3807.0000,3816.0000,3817.4000,3818.0000,3820.0000,3821.8000,1,1,7,5,2,1,1,1,1,2
SF,IF2012,2020-06-05 09:30:49.100,3816.0000,6200,-1,28644240.000,1,0,1,双平,S,3814.4000,3814.2000,3814.0000,3812.2000,3810.0000,3815.8000,3817.4000,3818.0000,3820.0000,3821.8000,1,1,1,7,5,1,1,1,1,2
SF,IF2012,2020-06-05 09:30:49.600,3816.0000,6200,0,29789040.000,1,0,1,多换,S,3814.6000,3814.4000,3814.2000,3814.0000,3812.2000,3817.4000,3818.0000,3820.0000,3821.8000,3822.0000,1,1,1,1,7,1,1,1,2,1
SF,IF2012,2020-06-05 09:30:50.100,3816.0000,6200,0,29789040.000,0,-,-,-,-,3814.8000,3814.6000,3814.4000,3814.2000,3814.0000,3817.2000,3818.0000,3820.0000,3821.8000,3822.0000,1,1,1,1,1,1,1,1,2,1
SF,IF2012,2020-06-05 09:30:50.600,3816.0000,6200,0,29789040.000,0,-,-,-,-,3815.0000,3814.8000,3814.4000,3814.2000,3814.0000,3817.2000,3818.0000,3820.0000,3821.8000,3822.0000,1,2,1,1,1,1,1,1,2,1
SF,IF2012,2020-06-05 09:30:51.100,3817.2000,6199,-1,30934200.000,1,0,1,双平,S,3815.2000,3815.0000,3814.8000,3814.4000,3814.2000,3818.0000,3820.0000,3821.8000,3822.0000,3822.4000,1,1,1,1,1,1,1,2,1,2
SF,IF2012,2020-06-05 09:30:51.600,3817.2000,6199,0,30934200.000,0,-,-,-,-,3815.4000,3815.2000,3814.8000,3814.4000,3814.2000,3817.8000,3818.0000,3820.0000,3821.8000,3822.0000,1,2,1,1,1,1,1,1,2,1
SF,IF2012,2020-06-05 09:30:52.100,3815.2000,6199,0,33223440.000,2,1,1,多换,S,3814.8000,3814.4000,3814.2000,3812.2000,3810.0000,3817.6000,3817.8000,3818.0000,3820.0000,3821.8000,1,1,1,7,5,1,1,1,1,2
SF,IF2012,2020-06-05 09:30:52.600,3815.2000,6199,0,33223440.000,0,-,-,-,-,3815.6000,3815.0000,3814.8000,3814.4000,3814.2000,3817.4000,3817.6000,3818.0000,3820.0000,3821.8000,1,1,1,1,1,1,1,1,1,2
SF,IF2012,2020-06-05 09:30:53.600,3815.2000,6199,0,33223440.000,0,-,-,-,-,3815.6000,3815.0000,3814.8000,3814.4000,3814.2000,3817.4000,3817.6000,3818.0000,3820.0000,3821.8000,2,1,1,1,1,1,1,1,1,2
SF,IF2012,2020-06-05 09:30:54.100,3815.2000,6199,0,33223440.000,0,-,-,-,-,3815.6000,3815.0000,3814.8000,3814.4000,3814.2000,3817.4000,3817.6000,3818.0000,3820.0000,3821.8000,2,1,1,1,1,1,1,1,1,2
SF,IF2012,2020-06-05 09:30:54.600,3815.2000,6199,0,33223440.000,0,-,-,-,-,3815.6000,3815.0000,3814.8000,3814.4000,3814.2000,3817.4000,3817.6000,3818.0000,3820.0000,3821.8000,2,1,1,1,1,1,1,1,1,2
SF,IF2012,2020-06-05 09:30:55.100,3817.4000,6198,-1,34368660.000,1,0,1,双平,S,3815.8000,3815.6000,3814.8000,3814.4000,3814.2000,3817.6000,3818.0000,3820.0000,3821.8000,3822.0000,1,2,1,1,1,1,1,1,2,1
SF,IF2012,2020-06-05 09:30:55.600,3817.4000,6198,0,34368660.000,0,-,-,-,-,3815.8000,3815.6000,3814.8000,3814.4000,3814.2000,3817.6000,3818.0000,3820.0000,3821.8000,3822.0000,1,2,1,1,1,1,1,1,2,1
SF,IF2012,2020-06-05 09:30:56.600,3817.4000,6198,0,34368660.000,0,-,-,-,-,3816.0000,3815.8000,3815.6000,3814.8000,3814.4000,3817.6000,3818.0000,3820.0000,3821.8000,3822.0000,1,1,2,1,1,1,1,1,2,1
SF,IF2012,2020-06-05 09:30:57.100,3817.4000,6198,0,34368660.000,0,-,-,-,-,3816.2000,3816.0000,3815.6000,3814.8000,3814.4000,3817.0000,3818.0000,3821.8000,3822.0000,3822.4000,1,1,1,1,1,1,1,2,1,2
SF,IF2012,2020-06-05 09:30:57.600,3817.0000,6197,-1,35513760.000,1,0,1,双平,S,3816.2000,3816.0000,3815.6000,3814.8000,3814.4000,3818.0000,3821.8000,3822.0000,3822.4000,3822.6000,1,1,1,1,1,1,2,1,2,1
SF,IF2012,2020-06-05 09:30:59.100,3818.0000,6196,-1,36659160.000,1,0,1,双平,S,3816.2000,3816.0000,3815.6000,3814.8000,3814.4000,3821.8000,3822.0000,3822.4000,3822.6000,3822.8000,1,1,1,1,1,2,1,2,1,2
SF,IF2012,2020-06-05 09:30:59.600,3818.0000,6196,0,36659160.000,0,-,-,-,-,3816.2000,3816.0000,3815.6000,3814.8000,3814.4000,3821.6000,3821.8000,3822.0000,3822.4000,3822.6000,1,1,1,1,1,5,2,1,2,1
SF,IF2012,2020-06-05 09:31:00.100,3818.0000,6196,0,36659160.000,0,-,-,-,-,3816.4000,3816.2000,3816.0000,3814.8000,3814.4000,3820.0000,3821.4000,3821.6000,3821.8000,3822.0000,1,1,1,1,1,1,2,5,2,1
SF,IF2012,2020-06-05 09:31:00.600,3818.0000,6196,0,36659160.000,0,-,-,-,-,3816.8000,3816.6000,3816.4000,3816.0000,3814.8000,3819.8000,3820.0000,3821.4000,3821.8000,3822.0000,1,1,1,1,1,4,1,3,2,1
SF,IF2012,2020-06-05 09:31:01.100,3818.0000,6196,0,36659160.000,0,-,-,-,-,3817.0000,3816.8000,3816.6000,3816.4000,3816.0000,3819.8000,3820.0000,3821.4000,3821.8000,3822.0000,1,1,1,1,1,4,1,3,2,1
SF,IF2012,2020-06-05 09:31:01.600,3818.0000,6196,0,36659160.000,0,-,-,-,-,3817.0000,3816.8000,3816.6000,3816.0000,3814.8000,3819.8000,3821.4000,3821.8000,3822.0000,3822.4000,1,1,1,1,1,4,3,3,1,2
SF,IF2012,2020-06-05 09:31:02.100,3818.0000,6196,0,36659160.000,0,-,-,-,-,3817.2000,3817.0000,3816.6000,3816.0000,3814.8000,3819.8000,3821.4000,3821.8000,3822.0000,3822.4000,1,1,1,1,1,4,1,3,1,2
SF,IF2012,2020-06-05 09:31:02.600,3818.0000,6196,0,36659160.000,0,-,-,-,-,3817.4000,3817.2000,3816.6000,3816.0000,3814.8000,3819.8000,3821.4000,3821.8000,3822.0000,3822.4000,1,1,1,1,1,3,1,3,1,2
SF,IF2012,2020-06-05 09:31:03.600,3818.0000,6196,0,36659160.000,0,-,-,-,-,3817.4000,3817.2000,3816.0000,3814.8000,3814.4000,3819.8000,3821.8000,3822.0000,3822.4000,3822.8000,1,1,1,1,1,3,3,1,2,2
SF,IF2012,2020-06-05 09:31:04.100,3818.0000,6196,0,36659160.000,0,-,-,-,-,3817.4000,3817.2000,3816.0000,3814.8000,3814.4000,3819.6000,3819.8000,3821.8000,3822.0000,3822.4000,1,1,1,1,1,1,3,1,1,2
SF,IF2012,2020-06-05 09:31:04.600,3818.0000,6196,0,36659160.000,0,-,-,-,-,3817.4000,3817.2000,3816.0000,3814.8000,3814.4000,3819.4000,3819.6000,3819.8000,3821.8000,3822.0000,1,1,1,1,1,1,1,2,1,1
SF,IF2012,2020-06-05 09:31:05.100,3818.0000,6196,0,36659160.000,0,-,-,-,-,3817.4000,3817.2000,3816.0000,3814.8000,3814.4000,3819.4000,3819.6000,3819.8000,3821.8000,3822.0000,1,1,1,1,1,1,1,2,1,1
SF,IF2012,2020-06-05 09:31:05.600,3818.0000,6196,0,36659160.000,0,-,-,-,-,3817.4000,3817.2000,3816.0000,3814.8000,3814.4000,3819.4000,3819.6000,3819.8000,3822.0000,3822.4000,1,1,1,1,1,1,1,2,1,2
SF,IF2012,2020-06-05 09:31:06.100,3818.0000,6196,0,36659160.000,0,-,-,-,-,3817.4000,3817.2000,3816.0000,3814.8000,3814.4000,3819.4000,3819.6000,3819.8000,3822.0000,3822.4000,1,1,1,1,1,1,1,2,1,2
SF,IF2012,2020-06-05 09:31:06.600,3818.0000,6196,0,36659160.000,0,-,-,-,-,3817.4000,3817.2000,3816.0000,3814.8000,3814.4000,3819.4000,3819.8000,3822.8000,3823.2000,3823.4000,1,1,1,1,1,1,2,2,1,1
SF,IF2012,2020-06-05 09:31:07.100,3818.0000,6196,0,36659160.000,0,-,-,-,-,3817.4000,3817.2000,3816.0000,3814.8000,3814.4000,3819.2000,3819.4000,3819.8000,3822.8000,3823.2000,1,1,1,1,1,1,1,2,2,1
SF,IF2012,2020-06-05 09:31:10.600,3817.4000,6195,-1,37804380.000,1,0,1,双平,S,3817.2000,3816.0000,3814.8000,3814.4000,3814.2000,3819.2000,3819.4000,3819.8000,3822.8000,3823.2000,1,1,1,1,1,1,1,2,2,1
SF,IF2012,2020-06-05 09:31:11.100,3817.4000,6195,0,37804380.000,0,-,-,-,-,3816.0000,3814.8000,3814.4000,3814.2000,3812.2000,3819.0000,3819.2000,3819.4000,3819.8000,3822.8000,1,1,1,1,7,1,1,1,2,2
SF,IF2012,2020-06-05 09:31:11.600,3817.4000,6195,0,37804380.000,0,-,-,-,-,3816.2000,3814.8000,3814.4000,3814.2000,3812.2000,3818.8000,3819.0000,3819.2000,3819.8000,3822.8000,1,1,1,1,7,1,2,1,2,2
SF,IF2012,2020-06-05 09:31:12.100,3817.4000,6195,0,37804380.000,0,-,-,-,-,3816.2000,3814.8000,3814.4000,3814.2000,3812.2000,3818.6000,3818.8000,3819.0000,3819.2000,3819.8000,1,1,1,1,7,1,1,1,1,2
SF,IF2012,2020-06-05 09:31:12.600,3817.4000,6195,0,37804380.000,0,-,-,-,-,3816.2000,3814.8000,3814.4000,3814.2000,3812.2000,3818.4000,3818.6000,3819.0000,3819.8000,3822.8000,1,1,1,1,7,1,1,1,2,2
SF,IF2012,2020-06-05 09:31:13.100,3817.4000,6195,0,37804380.000,0,-,-,-,-,3816.2000,3814.8000,3814.4000,3814.2000,3812.2000,3818.2000,3818.4000,3819.8000,3822.8000,3823.2000,1,1,1,1,7,1,2,2,2,1
SF,IF2012,2020-06-05 09:31:13.600,3817.4000,6195,0,37804380.000,0,-,-,-,-,3816.2000,3814.8000,3814.4000,3814.2000,3812.2000,3818.2000,3818.4000,3819.8000,3822.8000,3823.2000,1,1,1,1,7,1,2,2,2,1
SF,IF2012,2020-06-05 09:31:14.100,3817.4000,6195,0,37804380.000,0,-,-,-,-,3816.4000,3816.2000,3814.8000,3814.4000,3814.2000,3818.2000,3818.4000,3819.8000,3822.8000,3823.2000,1,1,1,1,1,1,2,2,2,1
SF,IF2012,2020-06-05 09:31:14.600,3817.4000,6195,0,37804380.000,0,-,-,-,-,3816.6000,3816.4000,3814.8000,3814.4000,3814.2000,3818.4000,3819.8000,3822.8000,3823.2000,3823.4000,1,1,1,1,1,2,2,2,1,1
SF,IF2012,2020-06-05 09:31:22.600,3817.4000,6195,0,37804380.000,0,-,-,-,-,3816.6000,3816.4000,3814.8000,3814.4000,3814.2000,3818.4000,3818.6000,3819.8000,3822.8000,3823.2000,1,1,1,1,1,2,1,2,2,1
SF,IF2012,2020-06-05 09:31:23.100,3817.4000,6195,0,37804380.000,0,-,-,-,-,3816.4000,3814.8000,3814.4000,3814.2000,3812.2000,3818.2000,3818.4000,3818.6000,3819.8000,3822.8000,1,1,1,1,7,1,2,1,2,2
SF,IF2012,2020-06-05 09:31:24.100,3817.4000,6195,0,37804380.000,0,-,-,-,-,3814.8000,3814.4000,3814.2000,3812.2000,3810.0000,3818.0000,3818.2000,3818.4000,3818.6000,3819.8000,1,1,1,7,7,1,1,2,1,2
SF,IF2012,2020-06-05 09:31:24.600,3817.4000,6195,0,37804380.000,0,-,-,-,-,3815.0000,3814.8000,3814.4000,3814.2000,3812.2000,3817.8000,3818.0000,3818.6000,3819.8000,3822.8000,1,1,1,1,7,2,1,1,2,2
SF,IF2012,2020-06-05 09:31:25.100,3817.4000,6195,0,37804380.000,0,-,-,-,-,3815.0000,3814.8000,3814.4000,3814.2000,3812.2000,3817.8000,3818.6000,3819.8000,3822.8000,3823.2000,1,1,1,1,7,3,1,2,2,1
SF,IF2012,2020-06-05 09:31:25.600,3817.4000,6195,0,37804380.000,0,-,-,-,-,3815.0000,3814.8000,3814.4000,3814.2000,3812.2000,3817.6000,3817.8000,3818.6000,3819.8000,3822.8000,1,1,1,1,7,1,3,1,2,2
SF,IF2012,2020-06-05 09:31:26.100,3817.4000,6195,0,37804380.000,0,-,-,-,-,3815.0000,3814.8000,3814.4000,3814.2000,3812.2000,3817.4000,3817.6000,3817.8000,3818.6000,3819.8000,1,1,1,1,7,1,1,2,1,2
SF,IF2012,2020-06-05 09:31:26.600,3817.4000,6195,0,37804380.000,0,-,-,-,-,3815.2000,3815.0000,3814.8000,3814.4000,3814.2000,3817.2000,3817.4000,3817.6000,3817.8000,3818.6000,2,1,1,1,1,1,1,1,1,1
SF,IF2012,2020-06-05 09:31:27.100,3817.4000,6195,0,37804380.000,0,-,-,-,-,3815.4000,3815.2000,3814.8000,3814.4000,3814.2000,3817.2000,3817.4000,3817.6000,3817.8000,3818.6000,1,2,1,1,1,1,1,1,1,1
SF,IF2012,2020-06-05 09:31:27.600,3817.4000,6195,0,37804380.000,0,-,-,-,-,3815.4000,3815.2000,3814.8000,3814.4000,3814.2000,3817.2000,3817.4000,3817.6000,3818.6000,3819.8000,1,2,1,1,1,1,1,1,1,2
SF,IF2012,2020-06-05 09:31:28.100,3817.4000,6195,0,37804380.000,0,-,-,-,-,3815.4000,3815.2000,3814.8000,3814.4000,3814.2000,3817.0000,3817.2000,3817.4000,3817.6000,3818.6000,1,1,1,1,1,1,1,1,1,1
SF,IF2012,2020-06-05 09:31:30.100,3817.4000,6195,0,37804380.000,0,-,-,-,-,3815.4000,3814.8000,3814.4000,3814.2000,3812.2000,3817.0000,3817.2000,3817.4000,3817.6000,3818.6000,1,1,1,1,7,1,1,1,1,1
SF,IF2012,2020-06-05 09:31:31.600,3817.4000,6195,0,37804380.000,0,-,-,-,-,3815.4000,3814.8000,3814.4000,3814.2000,3812.2000,3817.0000,3817.2000,3817.4000,3818.6000,3819.8000,1,1,1,1,7,1,1,1,1,2
SF,IF2012,2020-06-05 09:31:32.600,3817.4000,6195,0,37804380.000,0,-,-,-,-,3815.6000,3815.4000,3814.8000,3814.4000,3814.2000,3817.0000,3817.2000,3817.4000,3818.6000,3819.8000,1,1,1,1,1,1,1,1,1,2
SF,IF2012,2020-06-05 09:31:33.100,3815.6000,6194,-1,38949060.000,1,0,1,双平,S,3814.8000,3814.4000,3814.2000,3812.2000,3810.0000,3816.8000,3817.0000,3817.4000,3818.6000,3819.8000,1,1,1,7,7,1,1,1,1,2
SF,IF2012,2020-06-05 09:31:33.600,3815.6000,6194,0,38949060.000,0,-,-,-,-,3814.4000,3814.2000,3812.2000,3810.0000,3807.0000,3816.8000,3817.0000,3817.4000,3818.6000,3819.8000,1,1,7,7,2,2,1,1,1,2
SF,IF2012,2020-06-05 09:31:34.100,3815.6000,6194,0,38949060.000,0,-,-,-,-,3814.6000,3814.4000,3814.2000,3812.2000,3810.0000,3816.4000,3816.6000,3816.8000,3817.0000,3818.6000,1,1,1,7,7,1,1,2,1,1
SF,IF2012,2020-06-05 09:31:34.600,3815.6000,6194,0,38949060.000,0,-,-,-,-,3814.4000,3814.2000,3812.2000,3810.0000,3807.0000,3816.2000,3816.4000,3816.6000,3816.8000,3817.0000,1,1,7,7,2,1,1,1,1,1
SF,IF2012,2020-06-05 09:31:35.100,3815.6000,6194,0,38949060.000,0,-,-,-,-,3814.4000,3812.2000,3810.0000,3807.0000,3804.2000,3816.2000,3816.4000,3816.6000,3816.8000,3817.0000,1,7,7,2,1,1,1,1,1,1
SF,IF2012,2020-06-05 09:31:35.600,3815.6000,6194,0,38949060.000,0,-,-,-,-,3814.4000,3812.2000,3810.0000,3807.0000,3804.2000,3816.2000,3816.4000,3816.6000,3816.8000,3817.0000,1,7,7,2,1,1,1,1,1,1
SF,IF2012,2020-06-05 09:31:36.100,3815.6000,6194,0,38949060.000,0,-,-,-,-,3814.6000,3814.4000,3812.2000,3810.0000,3807.0000,3816.2000,3816.4000,3816.6000,3816.8000,3817.0000,1,1,7,7,2,1,1,1,1,1
SF,IF2012,2020-06-05 09:31:36.600,3815.6000,6194,0,38949060.000,0,-,-,-,-,3814.6000,3814.4000,3812.2000,3810.0000,3807.0000,3816.0000,3816.2000,3816.4000,3816.6000,3816.8000,1,1,7,7,2,1,1,1,1,1
SF,IF2012,2020-06-05 09:31:37.100,3815.6000,6194,0,38949060.000,0,-,-,-,-,3814.6000,3814.4000,3812.2000,3810.0000,3807.0000,3816.0000,3816.2000,3816.4000,3816.6000,3818.6000,1,1,7,7,2,1,1,1,1,1
SF,IF2012,2020-06-05 09:31:37.600,3815.6000,6194,0,38949060.000,0,-,-,-,-,3814.6000,3814.4000,3812.2000,3810.0000,3807.0000,3816.0000,3816.2000,3816.4000,3816.6000,3818.6000,1,1,7,7,2,1,1,1,1,1
SF,IF2012,2020-06-05 09:31:41.100,3814.6000,6193,-1,40093440.000,1,0,1,双平,S,3814.4000,3812.2000,3810.0000,3807.0000,3804.2000,3816.0000,3816.2000,3816.4000,3816.6000,3818.6000,1,7,7,2,1,1,1,1,1,1
SF,IF2012,2020-06-05 09:31:41.600,3814.6000,6193,0,40093440.000,0,-,-,-,-,3814.4000,3812.2000,3810.0000,3807.0000,3804.2000,3815.8000,3816.0000,3816.4000,3816.6000,3818.6000,1,7,7,2,1,2,1,1,1,1
SF,IF2012,2020-06-05 09:31:42.100,3814.4000,6192,-1,41237760.000,1,0,1,双平,S,3812.2000,3810.0000,3807.0000,3804.2000,3803.0000,3815.8000,3816.0000,3816.4000,3816.6000,3818.6000,7,7,2,1,1,2,1,1,1,1
SF,IF2012,2020-06-05 09:31:42.600,3814.4000,6192,0,41237760.000,0,-,-,-,-,3812.4000,3812.2000,3810.0000,3807.0000,3804.2000,3815.6000,3815.8000,3818.6000,3819.0000,3819.8000,1,7,7,2,1,1,2,1,1,2
SF,IF2012,2020-06-05 09:31:43.100,3814.4000,6192,0,41237760.000,0,-,-,-,-,3812.4000,3812.2000,3810.0000,3807.0000,3804.2000,3814.2000,3815.4000,3815.6000,3815.8000,3818.6000,1,7,7,2,1,1,1,2,1,1
SF,IF2012,2020-06-05 09:31:43.600,3814.4000,6192,0,41237760.000,0,-,-,-,-,3812.4000,3812.2000,3810.0000,3807.0000,3804.2000,3814.2000,3815.4000,3815.6000,3818.6000,3819.0000,1,7,7,2,1,1,1,2,1,1
SF,IF2012,2020-06-05 09:31:44.100,3814.2000,6191,-1,42382020.000,1,0,1,双平,S,3812.4000,3812.2000,3810.0000,3807.0000,3804.2000,3815.4000,3815.6000,3818.6000,3819.0000,3819.8000,1,7,7,2,1,1,2,1,1,2
SF,IF2012,2020-06-05 09:31:44.600,3814.2000,6191,0,42382020.000,0,-,-,-,-,3812.4000,3810.0000,3807.0000,3804.2000,3803.0000,3815.2000,3815.4000,3815.6000,3818.6000,3819.0000,1,7,2,1,1,1,1,1,1,1
SF,IF2012,2020-06-05 09:31:45.100,3814.2000,6191,0,42382020.000,0,-,-,-,-,3812.4000,3810.0000,3807.0000,3804.2000,3803.0000,3815.0000,3815.2000,3815.6000,3818.6000,3819.0000,1,7,2,1,1,1,2,1,1,1
SF,IF2012,2020-06-05 09:31:45.600,3814.2000,6191,0,42382020.000,0,-,-,-,-,3810.0000,3807.0000,3804.2000,3803.0000,3801.2000,3814.8000,3815.0000,3815.2000,3818.6000,3819.0000,7,2,1,1,1,1,1,1,1,1
SF,IF2012,2020-06-05 09:31:46.100,3814.2000,6191,0,42382020.000,0,-,-,-,-,3810.4000,3810.2000,3810.0000,3807.6000,3807.0000,3814.6000,3814.8000,3815.2000,3818.6000,3819.0000,8,1,7,1,2,1,2,1,1,1
SF,IF2012,2020-06-05 09:31:46.600,3814.2000,6191,0,42382020.000,0,-,-,-,-,3810.6000,3810.4000,3810.0000,3807.6000,3807.0000,3814.4000,3814.6000,3814.8000,3815.2000,3818.6000,1,8,7,1,2,1,1,1,1,1
SF,IF2012,2020-06-05 09:31:47.100,3814.2000,6191,0,42382020.000,0,-,-,-,-,3811.0000,3810.6000,3810.4000,3810.0000,3807.6000,3814.2000,3814.4000,3814.8000,3815.2000,3818.6000,7,2,1,7,1,1,1,1,1,1
SF,IF2012,2020-06-05 09:31:47.600,3814.2000,6191,0,42382020.000,0,-,-,-,-,3811.2000,3811.0000,3810.6000,3810.4000,3810.0000,3814.0000,3814.2000,3814.8000,3815.2000,3818.6000,1,7,1,1,7,1,1,1,1,1
SF,IF2012,2020-06-05 09:31:48.100,3814.2000,6191,0,42382020.000,0,-,-,-,-,3811.8000,3811.2000,3810.6000,3810.4000,3810.0000,3813.8000,3814.0000,3814.8000,3815.2000,3818.6000,1,1,1,1,7,1,2,1,1,1
SF,IF2012,2020-06-05 09:31:48.600,3814.2000,6191,0,42382020.000,0,-,-,-,-,3811.8000,3811.2000,3810.6000,3810.4000,3810.0000,3813.6000,3813.8000,3814.0000,3815.2000,3818.6000,1,1,1,1,7,1,1,2,1,1
SF,IF2012,2020-06-05 09:31:49.100,3814.2000,6191,0,42382020.000,0,-,-,-,-,3812.0000,3811.2000,3810.4000,3810.0000,3807.6000,3813.4000,3813.6000,3814.0000,3815.2000,3818.6000,2,1,1,8,1,1,1,2,1,1
SF,IF2012,2020-06-05 09:31:51.100,3814.2000,6191,0,42382020.000,0,-,-,-,-,3812.0000,3811.2000,3810.4000,3810.0000,3807.6000,3813.4000,3813.6000,3814.0000,3815.2000,3818.6000,2,1,1,3,1,1,1,2,1,1
SF,IF2012,2020-06-05 09:31:51.600,3814.2000,6191,0,42382020.000,0,-,-,-,-,3812.0000,3811.2000,3810.4000,3810.0000,3807.6000,3813.2000,3813.4000,3814.0000,3815.2000,3818.6000,2,1,1,3,1,1,1,2,1,1
SF,IF2012,2020-06-05 09:31:52.100,3812.0000,6191,0,43525620.000,1,0,1,多换,S,3810.4000,3810.0000,3807.6000,3807.0000,3805.0000,3812.0000,3813.0000,3813.2000,3814.0000,3815.2000,1,3,1,2,5,1,1,1,2,1
SF,IF2012,2020-06-05 09:31:52.600,3812.0000,6191,0,43525620.000,0,-,-,-,-,3811.6000,3810.6000,3810.4000,3810.0000,3807.6000,3812.0000,3813.0000,3813.2000,3814.0000,3818.6000,1,1,1,3,1,1,1,1,2,1
SF,IF2012,2020-06-05 09:31:53.100,3812.0000,6191,0,43525620.000,0,-,-,-,-,3811.6000,3810.6000,3810.4000,3810.0000,3807.6000,3812.0000,3813.0000,3813.2000,3814.0000,3818.6000,1,1,1,3,1,1,1,1,1,1
SF,IF2012,2020-06-05 09:31:53.600,3811.6000,6191,0,45812700.000,2,1,1,多换,S,3810.6000,3810.4000,3810.0000,3807.6000,3807.0000,3813.0000,3813.2000,3814.0000,3818.6000,3819.0000,1,1,3,1,2,1,1,1,1,1
SF,IF2012,2020-06-05 09:31:54.100,3811.6000,6191,0,45812700.000,0,-,-,-,-,3810.6000,3810.4000,3810.0000,3807.6000,3807.0000,3812.8000,3813.0000,3813.2000,3818.6000,3819.0000,1,1,3,1,2,1,1,1,1,1
SF,IF2012,2020-06-05 09:31:54.600,3811.6000,6191,0,45812700.000,0,-,-,-,-,3810.6000,3810.4000,3810.0000,3807.6000,3807.0000,3812.6000,3812.8000,3818.6000,3819.0000,3819.8000,1,1,3,1,2,1,1,1,1,2
SF,IF2012,2020-06-05 09:31:55.100,3811.6000,6191,0,45812700.000,0,-,-,-,-,3810.8000,3810.6000,3810.4000,3810.0000,3807.6000,3812.8000,3818.6000,3819.0000,3819.8000,3822.8000,1,1,1,3,1,1,1,1,2,2
SF,IF2012,2020-06-05 09:31:55.600,3811.6000,6191,0,45812700.000,0,-,-,-,-,3811.0000,3810.8000,3810.4000,3810.0000,3807.6000,3812.6000,3812.8000,3818.6000,3819.0000,3819.8000,2,8,1,3,1,1,1,1,1,2
SF,IF2012,2020-06-05 09:31:56.100,3812.8000,6190,-1,48100320.000,2,0,2,多平,S,3811.0000,3810.8000,3810.4000,3810.0000,3807.6000,3818.6000,3819.0000,3819.8000,3822.8000,3823.2000,2,8,1,3,1,1,1,2,2,1
SF,IF2012,2020-06-05 09:31:56.600,3812.8000,6190,0,48100320.000,0,-,-,-,-,3811.4000,3811.2000,3811.0000,3810.4000,3810.0000,3818.4000,3818.6000,3819.0000,3819.8000,3822.8000,1,7,1,1,3,3,1,1,2,2
SF,IF2012,2020-06-05 09:31:57.100,3812.8000,6190,0,48100320.000,0,-,-,-,-,3811.6000,3811.4000,3811.2000,3810.4000,3810.0000,3818.2000,3818.4000,3818.6000,3819.0000,3819.8000,1,1,7,1,3,1,3,1,1,1
SF,IF2012,2020-06-05 09:31:57.600,3812.8000,6190,0,48100320.000,0,-,-,-,-,3811.6000,3811.4000,3811.2000,3810.4000,3810.0000,3818.0000,3818.2000,3818.4000,3818.6000,3819.0000,1,1,7,1,3,3,2,2,1,1
SF,IF2012,2020-06-05 09:31:58.100,3812.8000,6190,0,48100320.000,0,-,-,-,-,3812.0000,3811.6000,3811.2000,3810.4000,3810.0000,3817.8000,3818.0000,3818.2000,3818.4000,3818.6000,2,1,7,1,3,2,3,1,2,1
SF,IF2012,2020-06-05 09:31:58.600,3812.8000,6190,0,48100320.000,0,-,-,-,-,3812.2000,3812.0000,3810.4000,3810.0000,3807.0000,3817.4000,3817.6000,3817.8000,3818.0000,3818.4000,1,2,1,3,2,1,3,1,2,2
SF,IF2012,2020-06-05 09:31:59.100,3812.8000,6190,0,48100320.000,0,-,-,-,-,3812.2000,3812.0000,3810.4000,3810.0000,3807.0000,3817.2000,3817.4000,3817.6000,3817.8000,3818.0000,1,2,1,3,2,3,1,2,1,2
SF,IF2012,2020-06-05 09:31:59.600,3812.8000,6190,0,48100320.000,0,-,-,-,-,3812.2000,3812.0000,3810.4000,3810.0000,3807.0000,3816.6000,3817.2000,3817.4000,3817.6000,3817.8000,1,2,1,3,2,1,3,1,2,1
SF,IF2012,2020-06-05 09:32:00.100,3812.4000,6190,0,49244040.000,1,0,1,多换,S,3812.2000,3812.0000,3810.4000,3810.0000,3807.0000,3816.4000,3816.6000,3816.8000,3817.2000,3817.6000,1,1,1,3,2,4,1,1,2,2
SF,IF2012,2020-06-05 09:32:00.600,3812.4000,6190,0,49244040.000,0,-,-,-,-,3812.2000,3810.4000,3810.0000,3807.0000,3806.4000,3816.0000,3816.2000,3816.4000,3816.6000,3817.2000,1,1,3,2,1,1,1,2,1,2
SF,IF2012,2020-06-05 09:32:01.100,3812.4000,6190,0,49244040.000,0,-,-,-,-,3810.4000,3810.0000,3807.0000,3806.4000,3805.0000,3815.8000,3816.0000,3816.2000,3816.4000,3816.6000,1,3,2,1,5,1,2,3,1,1
SF,IF2012,2020-06-05 09:32:01.600,3812.4000,6190,0,49244040.000,0,-,-,-,-,3810.6000,3810.4000,3810.0000,3807.0000,3806.4000,3815.4000,3815.6000,3815.8000,3816.0000,3816.2000,1,1,3,2,1,1,1,1,2,3
SF,IF2012,2020-06-05 09:32:02.100,3812.4000,6190,0,49244040.000,0,-,-,-,-,3811.6000,3810.6000,3810.4000,3810.0000,3807.0000,3815.2000,3815.4000,3815.6000,3816.0000,3816.2000,1,1,1,3,2,1,1,3,1,3
SF,IF2012,2020-06-05 09:32:02.600,3812.4000,6190,0,49244040.000,0,-,-,-,-,3811.6000,3810.6000,3810.4000,3810.0000,3807.0000,3815.0000,3815.2000,3815.4000,3815.6000,3816.0000,1,1,1,3,2,1,2,1,2,1
SF,IF2012,2020-06-05 09:32:03.100,3812.4000,6190,0,49244040.000,0,-,-,-,-,3811.8000,3811.6000,3810.4000,3810.0000,3807.0000,3814.6000,3814.8000,3815.2000,3815.6000,3816.0000,1,1,1,3,2,1,2,1,2,1
SF,IF2012,2020-06-05 09:32:03.600,3812.4000,6190,0,49244040.000,0,-,-,-,-,3811.6000,3810.4000,3810.0000,3807.0000,3806.4000,3814.4000,3814.6000,3814.8000,3815.2000,3815.6000,1,1,3,2,1,1,1,1,1,2
SF,IF2012,2020-06-05 09:32:04.100,3812.4000,6190,0,49244040.000,0,-,-,-,-,3811.8000,3811.6000,3810.4000,3810.0000,3807.0000,3814.2000,3814.4000,3814.6000,3815.2000,3815.6000,1,1,1,3,2,1,1,1,1,2
SF,IF2012,2020-06-05 09:32:04.600,3812.4000,6190,0,49244040.000,0,-,-,-,-,3811.8000,3811.6000,3810.4000,3810.0000,3807.0000,3814.0000,3814.2000,3814.6000,3815.6000,3816.0000,1,1,1,3,2,1,1,1,1,1
SF,IF2012,2020-06-05 09:32:05.100,3812.4000,6190,0,49244040.000,0,-,-,-,-,3811.8000,3811.6000,3810.4000,3810.0000,3807.0000,3814.0000,3814.2000,3814.6000,3815.6000,3816.0000,1,1,1,3,2,2,1,1,1,1
SF,IF2012,2020-06-05 09:32:05.600,3812.4000,6190,0,49244040.000,0,-,-,-,-,3811.8000,3811.6000,3810.4000,3810.0000,3807.0000,3814.0000,3814.2000,3814.6000,3816.0000,3816.2000,1,1,1,3,2,2,1,1,1,2
SF,IF2012,2020-06-05 09:32:06.600,3812.4000,6190,0,49244040.000,0,-,-,-,-,3812.0000,3811.8000,3811.6000,3810.4000,3810.0000,3814.0000,3814.6000,3816.0000,3816.2000,3817.2000,1,1,1,1,3,2,1,1,2,2
SF,IF2012,2020-06-05 09:32:07.100,3812.4000,6190,0,49244040.000,0,-,-,-,-,3812.2000,3812.0000,3811.6000,3810.4000,3810.0000,3814.0000,3814.6000,3816.0000,3816.2000,3817.2000,1,1,1,1,3,2,1,1,2,2
SF,IF2012,2020-06-05 09:32:07.600,3812.4000,6190,0,49244040.000,0,-,-,-,-,3812.2000,3812.0000,3811.6000,3810.4000,3810.0000,3814.0000,3814.6000,3816.0000,3817.2000,3817.6000,2,1,1,1,3,1,1,1,2,1
SF,IF2012,2020-06-05 09:32:08.100,3812.4000,6190,0,49244040.000,0,-,-,-,-,3812.2000,3812.0000,3811.6000,3810.4000,3810.0000,3814.0000,3816.0000,3817.2000,3817.6000,3818.0000,2,1,1,1,3,1,1,2,1,2
SF,IF2012,2020-06-05 09:32:08.600,3812.4000,6190,0,49244040.000,0,-,-,-,-,3812.2000,3812.0000,3811.6000,3810.4000,3810.0000,3814.0000,3816.0000,3817.2000,3817.6000,3818.0000,2,1,1,1,3,1,1,2,1,2
SF,IF2012,2020-06-05 09:32:09.100,3812.4000,6190,0,49244040.000,0,-,-,-,-,3812.6000,3812.2000,3812.0000,3810.4000,3810.0000,3814.0000,3816.0000,3817.2000,3817.6000,3818.0000,1,2,1,1,3,1,1,2,1,2
SF,IF2012,2020-06-05 09:32:10.600,3812.4000,6190,0,49244040.000,0,-,-,-,-,3812.6000,3812.2000,3812.0000,3810.4000,3810.0000,3814.0000,3817.2000,3817.6000,3818.0000,3818.4000,1,2,1,1,3,1,2,1,2,2
SF,IF2012,2020-06-05 09:32:11.100,3814.0000,6190,0,50388240.000,1,0,1,多换,S,3812.8000,3812.6000,3812.2000,3812.0000,3810.4000,3817.6000,3818.0000,3818.4000,3818.6000,3819.0000,1,1,1,1,1,1,2,2,1,1
SF,IF2012,2020-06-05 09:32:11.600,3814.0000,6190,0,50388240.000,0,-,-,-,-,3813.0000,3812.8000,3812.6000,3812.0000,3810.4000,3817.4000,3817.6000,3818.0000,3818.4000,3818.6000,1,1,1,1,1,3,1,2,2,1
SF,IF2012,2020-06-05 09:32:12.100,3814.0000,6190,0,50388240.000,0,-,-,-,-,3813.2000,3813.0000,3812.6000,3812.0000,3810.4000,3817.2000,3817.4000,3817.6000,3818.0000,3818.4000,1,1,1,1,1,2,3,1,2,2
SF,IF2012,2020-06-05 09:32:12.600,3814.0000,6190,0,50388240.000,0,-,-,-,-,3813.4000,3813.2000,3812.0000,3810.4000,3810.0000,3817.0000,3817.2000,3818.0000,3818.4000,3818.6000,1,2,1,1,3,3,3,2,2,1
SF,IF2012,2020-06-05 09:32:13.100,3814.0000,6190,0,50388240.000,0,-,-,-,-,3813.6000,3813.4000,3813.2000,3812.0000,3810.4000,3817.0000,3817.2000,3818.0000,3818.4000,3818.6000,1,1,1,1,1,3,1,2,2,1
SF,IF2012,2020-06-05 09:32:13.600,3814.0000,6190,0,50388240.000,0,-,-,-,-,3813.8000,3813.6000,3812.0000,3810.4000,3810.0000,3816.8000,3817.0000,3817.2000,3818.0000,3818.4000,2,1,1,1,3,1,3,1,2,2
SF,IF2012,2020-06-05 09:32:14.100,3814.0000,6190,0,50388240.000,0,-,-,-,-,3814.0000,3813.8000,3812.0000,3810.4000,3810.0000,3816.6000,3816.8000,3817.0000,3818.4000,3818.6000,1,2,1,1,3,1,1,2,2,1
SF,IF2012,2020-06-05 09:32:14.600,3814.0000,6190,0,50388240.000,0,-,-,-,-,3814.2000,3814.0000,3813.8000,3812.0000,3810.4000,3816.6000,3816.8000,3817.0000,3818.4000,3818.6000,1,1,1,1,1,1,1,2,2,1
SF,IF2012,2020-06-05 09:32:15.100,3814.0000,6190,0,50388240.000,0,-,-,-,-,3814.2000,3814.0000,3813.8000,3812.0000,3810.4000,3816.6000,3816.8000,3817.0000,3818.4000,3818.6000,1,1,1,1,1,2,1,2,2,1
SF,IF2012,2020-06-05 09:32:16.600,3814.0000,6190,0,50388240.000,0,-,-,-,-,3814.2000,3814.0000,3813.8000,3812.0000,3810.4000,3816.6000,3817.0000,3818.4000,3818.6000,3819.0000,1,1,1,1,1,2,2,2,1,1
SF,IF2012,2020-06-05 09:32:17.100,3814.0000,6190,0,50388240.000,0,-,-,-,-,3814.2000,3813.8000,3812.0000,3810.4000,3810.0000,3816.4000,3816.6000,3817.0000,3818.4000,3818.6000,1,1,1,1,3,1,2,2,2,1
SF,IF2012,2020-06-05 09:32:17.600,3814.0000,6190,0,50388240.000,0,-,-,-,-,3814.2000,3813.8000,3812.0000,3810.4000,3810.0000,3816.2000,3816.4000,3816.6000,3817.0000,3818.4000,1,1,1,1,3,1,1,1,2,2
SF,IF2012,2020-06-05 09:32:19.100,3814.0000,6190,0,50388240.000,0,-,-,-,-,3814.2000,3812.0000,3810.4000,3810.0000,3807.0000,3816.0000,3816.2000,3816.4000,3816.6000,3817.0000,1,1,1,3,2,1,1,1,1,2
SF,IF2012,2020-06-05 09:32:19.600,3814.0000,6190,0,50388240.000,0,-,-,-,-,3814.2000,3812.0000,3810.4000,3810.0000,3807.0000,3815.8000,3816.0000,3816.6000,3817.0000,3818.4000,1,1,1,3,2,1,1,1,2,2
SF,IF2012,2020-06-05 09:32:20.100,3814.0000,6190,0,50388240.000,0,-,-,-,-,3812.0000,3810.4000,3810.0000,3807.0000,3806.4000,3815.8000,3816.0000,3816.6000,3817.0000,3818.4000,1,1,3,2,1,3,1,1,2,2
SF,IF2012,2020-06-05 09:32:20.600,3814.0000,6190,0,50388240.000,0,-,-,-,-,3812.2000,3812.0000,3810.4000,3810.0000,3807.0000,3815.8000,3816.6000,3817.0000,3818.4000,3818.6000,1,1,1,3,2,3,1,2,2,1
SF,IF2012,2020-06-05 09:32:21.100,3814.0000,6190,0,50388240.000,0,-,-,-,-,3812.8000,3812.2000,3812.0000,3810.4000,3810.0000,3815.8000,3816.6000,3817.0000,3818.4000,3818.6000,1,1,1,1,3,2,1,2,2,1
SF,IF2012,2020-06-05 09:32:21.600,3814.0000,6190,0,50388240.000,0,-,-,-,-,3813.0000,3812.8000,3812.0000,3810.4000,3810.0000,3815.8000,3816.6000,3817.0000,3818.4000,3818.6000,1,1,1,1,3,2,1,2,2,1
SF,IF2012,2020-06-05 09:32:22.600,3814.0000,6190,0,50388240.000,0,-,-,-,-,3813.0000,3812.8000,3812.0000,3810.4000,3810.0000,3815.6000,3815.8000,3816.6000,3817.0000,3818.4000,1,1,1,1,3,1,2,1,1,2
SF,IF2012,2020-06-05 09:32:23.100,3814.0000,6190,0,50388240.000,0,-,-,-,-,3813.0000,3812.8000,3812.0000,3810.4000,3810.0000,3815.4000,3815.8000,3816.6000,3817.0000,3818.4000,1,1,1,1,3,1,1,1,1,2
SF,IF2012,2020-06-05 09:32:23.600,3814.0000,6190,0,50388240.000,0,-,-,-,-,3813.2000,3813.0000,3812.0000,3810.4000,3810.0000,3815.4000,3815.8000,3816.6000,3817.0000,3818.4000,1,1,1,1,3,1,1,1,1,2
SF,IF2012,2020-06-05 09:32:24.100,3814.0000,6190,0,50388240.000,0,-,-,-,-,3813.4000,3813.2000,3812.0000,3810.4000,3810.0000,3815.4000,3815.8000,3816.6000,3817.0000,3818.4000,1,1,1,1,3,1,1,1,1,2
SF,IF2012,2020-06-05 09:32:24.600,3814.0000,6190,0,50388240.000,0,-,-,-,-,3813.4000,3813.2000,3812.0000,3810.4000,3810.0000,3815.4000,3815.8000,3816.6000,3817.0000,3818.4000,1,1,1,1,3,1,1,1,2,2
SF,IF2012,2020-06-05 09:32:25.100,3814.0000,6190,0,50388240.000,0,-,-,-,-,3812.0000,3810.4000,3810.0000,3807.0000,3806.4000,3815.4000,3815.8000,3816.6000,3817.0000,3818.4000,1,1,3,2,1,1,1,1,2,2
SF,IF2012,2020-06-05 09:32:25.600,3814.0000,6190,0,50388240.000,0,-,-,-,-,3812.2000,3812.0000,3810.4000,3810.0000,3807.0000,3815.4000,3816.6000,3817.0000,3818.4000,3818.6000,1,1,1,3,2,1,1,2,2,1
SF,IF2012,2020-06-05 09:32:26.100,3814.0000,6190,0,50388240.000,0,-,-,-,-,3812.2000,3812.0000,3810.4000,3810.0000,3807.0000,3815.2000,3815.4000,3816.6000,3817.0000,3818.4000,1,1,1,3,2,1,1,1,2,2
SF,IF2012,2020-06-05 09:32:26.600,3814.0000,6190,0,50388240.000,0,-,-,-,-,3812.6000,3812.2000,3812.0000,3810.4000,3810.0000,3815.0000,3815.2000,3816.6000,3817.0000,3818.4000,1,1,1,1,3,1,1,1,2,2
SF,IF2012,2020-06-05 09:32:27.100,3814.0000,6190,0,50388240.000,0,-,-,-,-,3812.8000,3812.6000,3812.0000,3810.4000,3810.0000,3815.0000,3815.2000,3816.6000,3817.0000,3818.4000,1,1,1,1,3,1,1,1,2,2
SF,IF2012,2020-06-05 09:32:27.600,3814.0000,6190,0,50388240.000,0,-,-,-,-,3812.6000,3812.0000,3810.4000,3810.0000,3807.0000,3815.0000,3815.2000,3816.6000,3817.0000,3818.4000,1,1,1,3,2,1,1,1,2,2
SF,IF2012,2020-06-05 09:32:28.600,3814.0000,6190,0,50388240.000,0,-,-,-,-,3812.6000,3812.0000,3810.4000,3810.0000,3807.0000,3815.0000,3816.6000,3817.0000,3818.4000,3818.6000,1,1,1,3,2,1,1,2,2,1
SF,IF2012,2020-06-05 09:32:29.100,3814.0000,6190,0,50388240.000,0,-,-,-,-,3812.6000,3812.0000,3810.4000,3810.0000,3807.0000,3814.8000,3815.0000,3816.6000,3817.0000,3818.4000,1,1,1,3,2,1,1,1,2,2
SF,IF2012,2020-06-05 09:32:29.600,3814.0000,6190,0,50388240.000,0,-,-,-,-,3812.0000,3810.4000,3810.0000,3807.0000,3806.4000,3814.6000,3814.8000,3816.6000,3817.0000,3818.4000,1,1,3,2,1,2,1,1,2,2
SF,IF2012,2020-06-05 09:32:30.100,3814.0000,6190,0,50388240.000,0,-,-,-,-,3812.2000,3812.0000,3810.4000,3810.0000,3807.0000,3814.6000,3814.8000,3816.6000,3817.0000,3818.4000,2,1,1,3,2,2,1,1,2,2
SF,IF2012,2020-06-05 09:32:30.600,3814.0000,6190,0,50388240.000,0,-,-,-,-,3812.2000,3812.0000,3810.4000,3810.0000,3807.0000,3814.6000,3814.8000,3816.6000,3817.0000,3818.4000,1,1,1,3,2,2,1,1,2,2
SF,IF2012,2020-06-05 09:32:31.100,3814.0000,6190,0,50388240.000,0,-,-,-,-,3812.2000,3812.0000,3810.4000,3810.0000,3807.0000,3814.4000,3814.6000,3814.8000,3816.6000,3817.0000,1,1,1,3,2,2,1,1,1,2
SF,IF2012,2020-06-05 09:32:31.600,3814.0000,6190,0,50388240.000,0,-,-,-,-,3812.2000,3812.0000,3810.4000,3810.0000,3807.0000,3814.2000,3814.4000,3816.6000,3817.0000,3818.4000,1,1,1,3,2,2,2,1,2,2
SF,IF2012,2020-06-05 09:32:32.100,3814.0000,6190,0,50388240.000,0,-,-,-,-,3810.4000,3810.0000,3807.0000,3806.4000,3805.0000,3814.0000,3814.2000,3816.6000,3817.0000,3818.4000,1,3,2,1,5,1,2,1,2,2
SF,IF2012,2020-06-05 09:32:32.600,3814.0000,6190,0,50388240.000,0,-,-,-,-,3810.6000,3810.4000,3810.0000,3807.0000,3806.4000,3813.8000,3814.2000,3816.6000,3817.0000,3818.4000,1,1,3,2,1,1,1,1,2,2
SF,IF2012,2020-06-05 09:32:33.100,3814.0000,6190,0,50388240.000,0,-,-,-,-,3811.0000,3810.8000,3810.6000,3810.4000,3810.0000,3813.8000,3814.2000,3816.6000,3817.0000,3818.4000,1,1,1,1,3,1,1,1,2,2
SF,IF2012,2020-06-05 09:32:33.600,3814.0000,6190,0,50388240.000,0,-,-,-,-,3811.2000,3811.0000,3810.4000,3810.0000,3807.0000,3813.8000,3814.2000,3816.6000,3817.0000,3818.4000,2,1,1,3,2,1,1,1,2,2
SF,IF2012,2020-06-05 09:32:34.600,3814.0000,6190,0,50388240.000,0,-,-,-,-,3811.2000,3811.0000,3810.4000,3810.0000,3807.0000,3813.8000,3816.6000,3817.0000,3818.4000,3818.6000,2,1,1,3,2,1,1,2,2,1
SF,IF2012,2020-06-05 09:32:35.100,3814.0000,6190,0,50388240.000,0,-,-,-,-,3811.2000,3811.0000,3810.4000,3810.0000,3807.0000,3813.6000,3813.8000,3816.6000,3817.0000,3818.4000,2,1,1,3,2,1,1,1,2,2
SF,IF2012,2020-06-05 09:32:35.600,3814.0000,6190,0,50388240.000,0,-,-,-,-,3811.4000,3811.2000,3811.0000,3810.4000,3810.0000,3813.4000,3813.6000,3816.6000,3817.0000,3818.4000,1,2,1,1,3,1,1,1,2,2
SF,IF2012,2020-06-05 09:32:36.600,3814.0000,6190,0,50388240.000,0,-,-,-,-,3811.6000,3811.4000,3811.2000,3810.4000,3810.0000,3813.4000,3813.6000,3816.6000,3817.0000,3818.4000,1,1,2,1,3,1,1,1,2,2
SF,IF2012,2020-06-05 09:32:37.100,3814.0000,6190,0,50388240.000,0,-,-,-,-,3811.4000,3811.2000,3810.4000,3810.0000,3807.0000,3813.4000,3813.6000,3816.6000,3817.0000,3818.4000,1,2,1,3,2,1,1,1,2,2
SF,IF2012,2020-06-05 09:32:37.600,3814.0000,6190,0,50388240.000,0,-,-,-,-,3811.4000,3811.2000,3810.4000,3810.0000,3807.0000,3813.4000,3816.6000,3817.0000,3818.4000,3818.6000,1,2,1,3,2,1,1,2,2,1
SF,IF2012,2020-06-05 09:32:38.100,3814.0000,6190,0,50388240.000,0,-,-,-,-,3811.4000,3811.2000,3810.4000,3810.0000,3807.0000,3813.2000,3813.4000,3816.6000,3817.0000,3818.4000,1,2,1,3,2,1,1,1,2,2
SF,IF2012,2020-06-05 09:32:38.600,3814.0000,6190,0,50388240.000,0,-,-,-,-,3811.4000,3811.2000,3810.4000,3810.0000,3807.0000,3813.0000,3813.2000,3816.6000,3817.0000,3818.4000,1,2,1,3,2,1,1,1,2,2
SF,IF2012,2020-06-05 09:32:39.600,3814.0000,6190,0,50388240.000,0,-,-,-,-,3811.4000,3811.2000,3810.4000,3810.0000,3807.0000,3812.8000,3813.0000,3813.2000,3816.6000,3817.0000,1,2,1,3,2,1,1,1,1,2
SF,IF2012,2020-06-05 09:32:40.100,3814.0000,6190,0,50388240.000,0,-,-,-,-,3811.2000,3810.0000,3807.0000,3806.4000,3805.0000,3812.8000,3813.0000,3813.2000,3816.6000,3817.0000,1,3,2,1,5,1,1,1,1,2
SF,IF2012,2020-06-05 09:32:40.600,3814.0000,6190,0,50388240.000,0,-,-,-,-,3811.2000,3810.0000,3807.0000,3806.4000,3805.0000,3812.8000,3813.0000,3816.6000,3817.0000,3818.4000,1,3,2,1,5,1,1,1,2,2
SF,IF2012,2020-06-05 09:32:41.100,3814.0000,6190,0,50388240.000,0,-,-,-,-,3811.2000,3810.0000,3807.0000,3806.4000,3805.0000,3812.6000,3812.8000,3816.6000,3817.0000,3818.4000,1,3,2,1,5,2,1,1,2,2
SF,IF2012,2020-06-05 09:32:41.600,3814.0000,6190,0,50388240.000,0,-,-,-,-,3810.0000,3807.0000,3806.4000,3805.0000,3804.2000,3812.6000,3812.8000,3816.6000,3817.0000,3818.4000,3,2,1,5,1,2,1,1,2,2
SF,IF2012,2020-06-05 09:32:42.100,3814.0000,6190,0,50388240.000,0,-,-,-,-,3810.2000,3810.0000,3807.0000,3806.4000,3805.0000,3812.6000,3816.6000,3817.0000,3818.4000,3818.6000,1,3,2,1,5,2,1,2,2,1
SF,IF2012,2020-06-05 09:32:43.600,3814.0000,6190,0,50388240.000,0,-,-,-,-,3810.6000,3810.4000,3810.2000,3810.0000,3807.0000,3812.6000,3816.6000,3817.0000,3818.4000,3818.6000,1,1,1,3,2,2,1,2,2,1
SF,IF2012,2020-06-05 09:32:44.100,3814.0000,6190,0,50388240.000,0,-,-,-,-,3810.8000,3810.6000,3810.4000,3810.0000,3807.0000,3812.6000,3816.6000,3817.0000,3818.4000,3818.6000,1,1,1,3,2,2,1,2,2,1
SF,IF2012,2020-06-05 09:32:44.600,3814.0000,6190,0,50388240.000,0,-,-,-,-,3810.8000,3810.6000,3810.0000,3807.0000,3806.4000,3812.6000,3816.6000,3817.0000,3818.4000,3818.6000,1,1,3,2,1,2,1,2,2,1
SF,IF2012,2020-06-05 09:32:46.100,3814.0000,6190,0,50388240.000,0,-,-,-,-,3811.0000,3810.8000,3810.6000,3810.0000,3807.0000,3812.0000,3812.6000,3816.6000,3817.0000,3818.4000,1,1,1,3,2,1,2,1,2,2
SF,IF2012,2020-06-05 09:32:46.600,3814.0000,6190,0,50388240.000,0,-,-,-,-,3811.2000,3811.0000,3810.6000,3810.0000,3807.0000,3812.0000,3816.6000,3817.0000,3818.4000,3818.6000,1,1,1,3,2,1,1,2,2,1
SF,IF2012,2020-06-05 09:32:47.100,3812.0000,6189,-1,51531840.000,1,0,1,双平,S,3811.2000,3811.0000,3810.0000,3807.0000,3806.4000,3811.8000,3816.6000,3817.0000,3818.4000,3818.6000,1,1,3,2,1,1,1,2,2,1
SF,IF2012,2020-06-05 09:32:47.600,3812.0000,6189,0,51531840.000,0,-,-,-,-,3811.2000,3811.0000,3810.0000,3807.0000,3806.4000,3811.8000,3816.6000,3817.0000,3818.4000,3818.6000,1,1,3,2,1,1,1,2,2,1
SF,IF2012,2020-06-05 09:32:48.100,3811.8000,6189,0,52675380.000,1,0,1,多换,S,3811.0000,3810.0000,3807.0000,3806.4000,3805.0000,3816.6000,3817.0000,3818.4000,3818.6000,3819.0000,1,3,2,1,5,1,2,2,1,1
SF,IF2012,2020-06-05 09:32:48.600,3811.8000,6189,0,52675380.000,0,-,-,-,-,3811.2000,3811.0000,3810.0000,3807.0000,3806.4000,3816.4000,3816.6000,3817.0000,3818.4000,3818.6000,2,1,3,2,1,4,1,2,2,1
SF,IF2012,2020-06-05 09:32:49.100,3811.8000,6189,0,52675380.000,0,-,-,-,-,3811.2000,3811.0000,3810.0000,3807.0000,3806.4000,3816.2000,3816.4000,3816.6000,3817.0000,3818.4000,2,1,3,2,1,2,4,1,1,2
SF,IF2012,2020-06-05 09:32:49.600,3811.8000,6189,0,52675380.000,0,-,-,-,-,3811.2000,3811.0000,3810.0000,3807.0000,3806.4000,3815.8000,3816.0000,3816.2000,3816.4000,3816.6000,2,1,3,2,1,1,6,2,2,1
SF,IF2012,2020-06-05 09:32:50.100,3811.8000,6189,0,52675380.000,0,-,-,-,-,3811.2000,3811.0000,3810.0000,3807.0000,3806.4000,3814.8000,3815.6000,3815.8000,3816.0000,3816.2000,2,1,3,2,1,1,1,1,4,1
SF,IF2012,2020-06-05 09:32:50.600,3811.8000,6189,0,52675380.000,0,-,-,-,-,3811.2000,3811.0000,3810.0000,3807.0000,3806.4000,3814.6000,3814.8000,3815.4000,3815.6000,3816.0000,1,1,3,2,1,1,1,1,2,3
SF,IF2012,2020-06-05 09:32:51.100,3811.8000,6189,0,52675380.000,0,-,-,-,-,3811.2000,3811.0000,3810.0000,3807.0000,3806.4000,3814.6000,3814.8000,3815.6000,3816.0000,3816.4000,1,1,3,2,1,1,2,2,3,2
SF,IF2012,2020-06-05 09:32:51.600,3811.8000,6189,0,52675380.000,0,-,-,-,-,3811.2000,3811.0000,3810.0000,3807.0000,3806.4000,3814.6000,3814.8000,3815.6000,3816.0000,3816.4000,1,1,3,2,1,1,3,2,3,2
SF,IF2012,2020-06-05 09:32:52.100,3811.2000,6189,0,53818740.000,1,0,1,多换,S,3811.0000,3810.0000,3807.0000,3806.4000,3805.0000,3811.2000,3814.6000,3814.8000,3815.6000,3816.0000,1,3,2,1,5,1,1,1,2,3
SF,IF2012,2020-06-05 09:32:52.600,3811.2000,6190,1,54962100.000,1,1,0,双开,S,3811.0000,3810.0000,3807.0000,3806.4000,3805.0000,3814.6000,3814.8000,3815.6000,3816.4000,3817.0000,1,3,2,1,5,1,1,2,2,1
SF,IF2012,2020-06-05 09:32:53.100,3811.2000,6190,0,54962100.000,0,-,-,-,-,3811.2000,3811.0000,3810.0000,3807.0000,3806.4000,3811.8000,3814.6000,3814.8000,3815.6000,3816.4000,1,1,3,2,1,1,1,1,1,2
SF,IF2012,2020-06-05 09:32:53.600,3811.8000,6190,0,56105640.000,1,0,1,多换,S,3811.2000,3811.0000,3810.2000,3810.0000,3807.0000,3814.6000,3815.6000,3816.4000,3817.0000,3818.4000,2,1,1,3,2,1,1,2,1,2
SF,IF2012,2020-06-05 09:32:54.100,3811.8000,6190,0,56105640.000,0,-,-,-,-,3811.4000,3811.2000,3811.0000,3810.2000,3810.0000,3814.6000,3815.6000,3816.4000,3817.0000,3818.4000,1,2,1,1,3,1,1,2,1,2
SF,IF2012,2020-06-05 09:32:54.600,3811.8000,6190,0,56105640.000,0,-,-,-,-,3811.6000,3811.4000,3811.2000,3811.0000,3810.2000,3814.4000,3814.6000,3815.6000,3816.6000,3817.0000,2,2,1,1,1,1,1,1,1,1
SF,IF2012,2020-06-05 09:32:55.100,3811.8000,6190,0,56105640.000,0,-,-,-,-,3811.6000,3811.4000,3811.2000,3811.0000,3810.2000,3814.2000,3815.6000,3816.6000,3817.0000,3818.4000,2,2,1,1,1,1,1,1,1,2
SF,IF2012,2020-06-05 09:32:55.600,3811.8000,6190,0,56105640.000,0,-,-,-,-,3812.0000,3811.8000,3811.6000,3811.2000,3811.0000,3814.0000,3814.2000,3815.6000,3816.6000,3817.0000,2,2,2,1,1,1,1,1,1,1
SF,IF2012,2020-06-05 09:32:56.100,3811.8000,6190,0,56105640.000,0,-,-,-,-,3812.0000,3811.8000,3811.6000,3811.2000,3811.0000,3813.8000,3814.0000,3815.6000,3816.6000,3817.0000,2,2,2,1,1,1,1,1,1,1
SF,IF2012,2020-06-05 09:32:56.600,3811.8000,6190,0,56105640.000,0,-,-,-,-,3812.0000,3811.8000,3811.6000,3811.2000,3811.0000,3813.8000,3814.0000,3815.6000,3816.6000,3817.0000,1,1,2,1,1,1,1,1,1,1
SF,IF2012,2020-06-05 09:32:57.600,3811.8000,6190,0,56105640.000,0,-,-,-,-,3811.6000,3811.2000,3811.0000,3810.2000,3810.0000,3813.8000,3814.0000,3815.6000,3816.6000,3817.0000,2,1,1,1,3,1,1,1,1,1
SF,IF2012,2020-06-05 09:32:58.100,3811.8000,6190,0,56105640.000,0,-,-,-,-,3811.6000,3811.2000,3811.0000,3810.2000,3810.0000,3813.8000,3814.0000,3815.6000,3816.6000,3817.0000,2,1,1,1,3,1,1,1,1,1
SF,IF2012,2020-06-05 09:32:58.600,3811.8000,6190,0,56105640.000,0,-,-,-,-,3811.6000,3811.2000,3811.0000,3810.2000,3810.0000,3813.6000,3813.8000,3815.6000,3816.6000,3817.0000,1,1,1,1,3,1,1,1,1,1
SF,IF2012,2020-06-05 09:32:59.100,3811.8000,6190,0,56105640.000,0,-,-,-,-,3811.6000,3811.2000,3811.0000,3810.2000,3810.0000,3813.4000,3813.6000,3815.6000,3816.6000,3817.0000,1,1,1,1,3,1,1,1,1,1
SF,IF2012,2020-06-05 09:33:01.600,3811.8000,6190,0,56105640.000,0,-,-,-,-,3811.6000,3811.2000,3811.0000,3810.2000,3810.0000,3813.4000,3815.6000,3816.6000,3817.0000,3818.4000,1,1,1,1,3,1,1,1,1,2
SF,IF2012,2020-06-05 09:33:02.100,3811.8000,6190,0,56105640.000,0,-,-,-,-,3811.6000,3811.2000,3811.0000,3810.2000,3810.0000,3813.2000,3813.4000,3815.6000,3816.6000,3817.0000,1,1,1,1,3,1,1,1,1,1
SF,IF2012,2020-06-05 09:33:02.600,3811.8000,6190,0,56105640.000,0,-,-,-,-,3811.2000,3811.0000,3810.2000,3810.0000,3807.0000,3813.0000,3813.2000,3815.6000,3816.6000,3817.0000,1,1,1,3,2,1,1,1,1,1
SF,IF2012,2020-06-05 09:33:03.100,3811.8000,6190,0,56105640.000,0,-,-,-,-,3811.2000,3811.0000,3810.2000,3810.0000,3807.0000,3813.0000,3813.2000,3815.6000,3816.6000,3817.0000,1,1,1,3,2,1,1,1,1,1
SF,IF2012,2020-06-05 09:33:03.600,3811.8000,6190,0,56105640.000,0,-,-,-,-,3811.0000,3810.2000,3810.0000,3807.0000,3805.0000,3813.0000,3813.2000,3815.6000,3816.6000,3817.0000,1,1,3,2,5,1,1,1,1,1
SF,IF2012,2020-06-05 09:33:04.600,3811.8000,6190,0,56105640.000,0,-,-,-,-,3811.0000,3810.2000,3810.0000,3807.0000,3805.0000,3813.0000,3815.6000,3816.6000,3817.0000,3818.4000,1,1,3,2,5,1,1,1,1,2
SF,IF2012,2020-06-05 09:33:05.100,3811.8000,6190,0,56105640.000,0,-,-,-,-,3811.2000,3811.0000,3810.2000,3810.0000,3807.0000,3812.8000,3813.0000,3815.6000,3816.6000,3817.0000,2,1,1,3,2,1,1,1,1,1
SF,IF2012,2020-06-05 09:33:05.600,3811.8000,6190,0,56105640.000,0,-,-,-,-,3811.4000,3811.2000,3811.0000,3810.2000,3810.0000,3811.6000,3812.8000,3813.0000,3815.6000,3816.6000,3,1,1,1,3,1,1,1,1,1
SF,IF2012,2020-06-05 09:33:06.100,3811.6000,6191,1,57249120.000,1,1,0,双开,S,3811.4000,3811.2000,3811.0000,3810.2000,3810.0000,3812.8000,3813.0000,3815.6000,3816.6000,3817.0000,2,1,1,1,3,1,1,1,1,1
SF,IF2012,2020-06-05 09:33:06.600,3811.6000,6191,0,57249120.000,0,-,-,-,-,3811.4000,3811.2000,3811.0000,3810.2000,3810.0000,3812.6000,3812.8000,3815.6000,3816.6000,3817.0000,2,1,1,1,3,1,1,1,1,1
SF,IF2012,2020-06-05 09:33:07.100,3811.6000,6191,0,57249120.000,0,-,-,-,-,3811.4000,3811.0000,3810.2000,3810.0000,3807.0000,3812.4000,3812.6000,3812.8000,3815.6000,3816.6000,1,1,1,3,2,1,1,1,1,1
SF,IF2012,2020-06-05 09:33:07.600,3811.6000,6191,0,57249120.000,0,-,-,-,-,3811.0000,3810.2000,3810.0000,3807.0000,3805.0000,3812.2000,3812.4000,3815.6000,3816.6000,3817.0000,1,1,3,2,5,1,1,1,1,1
SF,IF2012,2020-06-05 09:33:08.100,3811.6000,6191,0,57249120.000,0,-,-,-,-,3811.0000,3810.2000,3810.0000,3807.0000,3805.0000,3812.2000,3812.4000,3815.6000,3816.6000,3817.0000,1,1,3,2,5,2,1,1,1,1
SF,IF2012,2020-06-05 09:33:08.600,3811.6000,6191,0,57249120.000,0,-,-,-,-,3811.2000,3811.0000,3810.2000,3810.0000,3807.0000,3812.0000,3812.2000,3815.6000,3816.6000,3817.0000,1,1,1,3,2,3,2,1,1,1
SF,IF2012,2020-06-05 09:33:10.600,3812.0000,6191,0,58392720.000,1,0,1,多换,S,3811.0000,3810.2000,3810.0000,3807.0000,3805.0000,3812.0000,3812.2000,3815.6000,3817.0000,3818.4000,1,1,3,2,5,2,1,1,1,2
SF,IF2012,2020-06-05 09:33:11.100,3812.0000,6191,0,58392720.000,0,-,-,-,-,3811.2000,3811.0000,3810.2000,3810.0000,3807.0000,3811.8000,3812.0000,3815.6000,3817.0000,3818.4000,1,1,1,3,2,1,2,1,1,2
SF,IF2012,2020-06-05 09:33:11.600,3811.8000,6191,0,59536260.000,1,0,1,多换,S,3811.2000,3811.0000,3810.2000,3810.0000,3807.0000,3812.0000,3815.6000,3817.0000,3818.4000,3818.6000,1,1,1,3,2,2,1,1,2,1
SF,IF2012,2020-06-05 09:33:13.600,3811.2000,6191,0,60679620.000,1,0,1,多换,S,3811.0000,3810.2000,3810.0000,3807.0000,3805.0000,3812.0000,3815.6000,3817.0000,3818.4000,3818.6000,1,1,3,2,5,2,1,1,2,1
SF,IF2012,2020-06-05 09:33:15.100,3811.2000,6191,0,60679620.000,0,-,-,-,-,3811.2000,3811.0000,3810.2000,3810.0000,3807.0000,3812.0000,3815.6000,3817.0000,3818.4000,3818.6000,1,1,1,3,2,2,1,1,2,1
SF,IF2012,2020-06-05 09:33:27.100,3812.0000,6192,1,61823220.000,1,1,0,双开,S,3811.2000,3811.0000,3810.2000,3810.0000,3807.0000,3812.0000,3815.6000,3817.0000,3818.4000,3818.6000,1,1,1,3,2,1,1,1,2,1
SF,IF2012,2020-06-05 09:33:27.600,3812.0000,6192,0,62966820.000,1,0,1,多换,S,3812.0000,3811.2000,3811.0000,3810.2000,3810.0000,3815.6000,3817.0000,3818.4000,3818.6000,3819.0000,2,1,1,1,3,1,1,2,1,1
SF,IF2012,2020-06-05 09:33:28.100,3812.0000,6192,0,62966820.000,0,-,-,-,-,3812.2000,3812.0000,3811.2000,3811.0000,3810.2000,3815.4000,3817.0000,3818.4000,3818.6000,3819.0000,1,2,1,1,1,2,1,2,1,1
SF,IF2012,2020-06-05 09:33:28.600,3812.0000,6192,0,62966820.000,0,-,-,-,-,3812.2000,3812.0000,3811.2000,3811.0000,3810.2000,3815.0000,3815.4000,3817.0000,3818.4000,3818.6000,1,1,1,1,1,1,2,1,2,1
SF,IF2012,2020-06-05 09:33:29.100,3812.0000,6192,0,62966820.000,0,-,-,-,-,3812.2000,3812.0000,3811.2000,3811.0000,3810.2000,3814.6000,3814.8000,3815.4000,3817.0000,3818.4000,2,1,1,1,1,2,1,1,1,2
SF,IF2012,2020-06-05 09:33:29.600,3812.0000,6192,0,62966820.000,0,-,-,-,-,3812.2000,3812.0000,3811.2000,3811.0000,3810.2000,3814.2000,3814.4000,3814.6000,3815.4000,3817.0000,2,1,1,1,1,1,1,1,1,1
SF,IF2012,2020-06-05 09:33:30.100,3812.0000,6192,0,62966820.000,0,-,-,-,-,3812.2000,3812.0000,3811.2000,3811.0000,3810.2000,3814.0000,3814.6000,3815.4000,3817.0000,3818.4000,2,1,1,1,1,2,1,1,1,2
SF,IF2012,2020-06-05 09:33:30.600,3812.0000,6192,0,62966820.000,0,-,-,-,-,3812.2000,3812.0000,3811.2000,3811.0000,3810.2000,3814.0000,3814.6000,3815.4000,3817.0000,3818.4000,1,1,1,1,1,2,1,1,1,2
SF,IF2012,2020-06-05 09:33:32.100,3812.2000,6193,1,64110480.000,1,1,0,双开,S,3812.0000,3811.2000,3811.0000,3810.2000,3810.0000,3812.2000,3814.0000,3814.6000,3815.4000,3817.0000,1,1,1,1,3,1,2,1,1,1
SF,IF2012,2020-06-05 09:33:32.600,3812.2000,6194,1,65254140.000,1,1,0,双开,S,3812.0000,3811.2000,3811.0000,3810.2000,3810.0000,3814.0000,3817.0000,3818.4000,3818.6000,3819.0000,1,1,1,1,3,1,1,2,1,1
SF,IF2012,2020-06-05 09:33:34.100,3812.2000,6194,0,65254140.000,0,-,-,-,-,3812.2000,3812.0000,3811.2000,3811.0000,3810.2000,3814.0000,3817.0000,3818.4000,3818.6000,3819.0000,2,1,1,1,1,1,1,2,1,1
SF,IF2012,2020-06-05 09:33:35.600,3812.2000,6194,0,65254140.000,0,-,-,-,-,3812.6000,3812.2000,3812.0000,3811.2000,3811.0000,3814.0000,3817.0000,3818.4000,3818.6000,3819.0000,1,1,1,1,1,1,1,2,1,1
SF,IF2012,2020-06-05 09:33:37.600,3812.2000,6194,0,65254140.000,0,-,-,-,-,3812.6000,3812.2000,3812.0000,3811.2000,3811.0000,3814.0000,3817.0000,3818.4000,3818.6000,3819.0000,1,1,1,1,1,1,1,2,1,1
SF,IF2012,2020-06-05 09:33:38.100,3812.2000,6194,0,65254140.000,0,-,-,-,-,3812.6000,3812.2000,3812.0000,3811.2000,3811.0000,3814.0000,3817.0000,3818.4000,3818.6000,3819.0000,1,1,1,1,1,1,1,2,1,1
SF,IF2012,2020-06-05 09:33:38.600,3812.2000,6194,0,65254140.000,0,-,-,-,-,3812.8000,3812.6000,3812.2000,3812.0000,3811.2000,3817.0000,3818.4000,3818.6000,3819.0000,3819.6000,1,1,1,1,1,1,2,1,1,1
SF,IF2012,2020-06-05 09:33:39.100,3812.2000,6194,0,65254140.000,0,-,-,-,-,3813.0000,3812.8000,3812.6000,3812.2000,3812.0000,3816.8000,3817.0000,3818.4000,3818.6000,3819.0000,1,1,1,1,1,1,1,2,1,1
SF,IF2012,2020-06-05 09:33:39.600,3812.2000,6194,0,65254140.000,0,-,-,-,-,3813.2000,3813.0000,3812.6000,3812.2000,3812.0000,3816.8000,3817.0000,3818.4000,3818.6000,3819.0000,1,1,1,1,1,1,1,2,1,1
SF,IF2012,2020-06-05 09:33:40.100,3812.2000,6194,0,65254140.000,0,-,-,-,-,3813.4000,3813.2000,3812.2000,3812.0000,3811.2000,3816.6000,3816.8000,3817.0000,3818.4000,3818.6000,1,2,1,1,1,1,1,1,2,1
SF,IF2012,2020-06-05 09:33:40.600,3812.2000,6194,0,65254140.000,0,-,-,-,-,3813.6000,3813.4000,3813.2000,3812.0000,3811.2000,3816.4000,3816.6000,3817.0000,3818.4000,3818.6000,1,2,1,1,1,1,1,1,2,1
SF,IF2012,2020-06-05 09:33:41.100,3812.2000,6194,0,65254140.000,0,-,-,-,-,3813.8000,3813.4000,3812.0000,3811.2000,3811.0000,3816.2000,3816.4000,3816.6000,3817.0000,3818.4000,2,1,1,1,1,2,1,1,1,2
SF,IF2012,2020-06-05 09:33:41.600,3812.2000,6194,0,65254140.000,0,-,-,-,-,3813.8000,3813.4000,3812.0000,3811.2000,3811.0000,3815.8000,3816.0000,3816.2000,3817.0000,3818.4000,2,1,1,1,1,1,1,1,1,2
SF,IF2012,2020-06-05 09:33:42.100,3812.2000,6194,0,65254140.000,0,-,-,-,-,3813.8000,3813.4000,3812.0000,3811.2000,3811.0000,3815.6000,3815.8000,3816.2000,3817.0000,3818.4000,2,1,1,1,1,1,1,1,1,2
SF,IF2012,2020-06-05 09:33:42.600,3812.2000,6194,0,65254140.000,0,-,-,-,-,3813.8000,3813.4000,3812.0000,3811.2000,3811.0000,3815.6000,3815.8000,3816.2000,3817.0000,3818.4000,1,1,1,1,1,1,1,1,1,2
SF,IF2012,2020-06-05 09:33:44.600,3812.2000,6194,0,65254140.000,0,-,-,-,-,3813.8000,3812.0000,3811.2000,3811.0000,3810.2000,3815.6000,3815.8000,3816.2000,3817.0000,3818.4000,1,1,1,1,1,1,1,1,1,2
SF,IF2012,2020-06-05 09:33:45.100,3812.2000,6194,0,65254140.000,0,-,-,-,-,3813.8000,3812.2000,3812.0000,3811.2000,3811.0000,3815.4000,3815.6000,3815.8000,3816.2000,3817.0000,1,2,1,1,1,1,1,1,1,1
SF,IF2012,2020-06-05 09:33:45.600,3812.2000,6194,0,65254140.000,0,-,-,-,-,3812.2000,3812.0000,3811.2000,3811.0000,3810.2000,3815.2000,3815.4000,3815.8000,3816.2000,3817.0000,2,1,1,1,1,1,1,1,1,1
SF,IF2012,2020-06-05 09:33:46.100,3812.2000,6194,0,65254140.000,0,-,-,-,-,3812.4000,3812.2000,3812.0000,3811.2000,3811.0000,3815.2000,3815.4000,3816.2000,3817.0000,3818.4000,2,2,1,1,1,1,1,1,1,2
SF,IF2012,2020-06-05 09:33:46.600,3812.2000,6194,0,65254140.000,0,-,-,-,-,3812.4000,3812.2000,3812.0000,3811.2000,3811.0000,3815.0000,3815.2000,3815.4000,3816.2000,3817.0000,1,2,1,1,1,1,1,1,1,1
SF,IF2012,2020-06-05 09:33:47.100,3812.2000,6194,0,65254140.000,0,-,-,-,-,3812.0000,3811.2000,3811.0000,3810.2000,3810.0000,3814.8000,3815.0000,3815.4000,3816.2000,3817.0000,1,1,1,1,4,2,1,1,1,1
SF,IF2012,2020-06-05 09:33:47.600,3812.2000,6194,0,65254140.000,0,-,-,-,-,3812.0000,3811.2000,3811.0000,3810.2000,3810.0000,3814.8000,3815.0000,3816.2000,3817.0000,3818.4000,1,1,1,1,4,2,1,1,1,2
SF,IF2012,2020-06-05 09:33:48.100,3812.2000,6194,0,65254140.000,0,-,-,-,-,3812.0000,3811.2000,3811.0000,3810.2000,3810.0000,3814.8000,3815.0000,3817.0000,3818.4000,3818.6000,1,1,1,1,4,2,1,1,2,1
SF,IF2012,2020-06-05 09:33:48.600,3812.2000,6194,0,65254140.000,0,-,-,-,-,3812.2000,3812.0000,3811.2000,3811.0000,3810.2000,3814.8000,3817.0000,3818.4000,3818.6000,3819.0000,1,1,1,1,1,2,1,2,1,1
SF,IF2012,2020-06-05 09:33:49.100,3812.2000,6194,0,65254140.000,0,-,-,-,-,3812.2000,3812.0000,3811.2000,3811.0000,3810.2000,3814.8000,3817.0000,3818.4000,3818.6000,3819.0000,1,1,1,1,1,2,1,2,1,1
SF,IF2012,2020-06-05 09:33:49.600,3812.2000,6194,0,65254140.000,0,-,-,-,-,3812.2000,3812.0000,3811.2000,3811.0000,3810.2000,3814.8000,3817.0000,3818.4000,3818.6000,3819.0000,1,1,1,1,1,2,1,2,1,1
SF,IF2012,2020-06-05 09:33:50.100,3812.2000,6194,0,65254140.000,0,-,-,-,-,3812.2000,3812.0000,3811.2000,3811.0000,3810.2000,3814.8000,3817.0000,3818.4000,3818.6000,3819.0000,1,1,1,1,1,2,1,2,1,1
SF,IF2012,2020-06-05 09:33:50.600,3812.2000,6194,0,65254140.000,0,-,-,-,-,3812.2000,3812.0000,3811.2000,3811.0000,3810.2000,3814.8000,3817.0000,3818.4000,3818.6000,3819.0000,1,1,1,1,1,1,1,2,1,1
SF,IF2012,2020-06-05 09:33:51.100,3812.2000,6194,0,65254140.000,0,-,-,-,-,3812.4000,3812.2000,3812.0000,3811.2000,3811.0000,3814.8000,3817.0000,3818.4000,3818.6000,3819.0000,1,1,1,1,1,1,1,2,1,1
SF,IF2012,2020-06-05 09:33:51.600,3812.2000,6194,0,65254140.000,0,-,-,-,-,3812.6000,3812.4000,3812.0000,3811.2000,3811.0000,3814.8000,3817.0000,3818.4000,3818.6000,3819.0000,1,1,1,1,1,1,1,2,1,1
SF,IF2012,2020-06-05 09:33:52.100,3812.2000,6194,0,65254140.000,0,-,-,-,-,3812.8000,3812.6000,3812.4000,3811.2000,3811.0000,3814.8000,3817.0000,3818.4000,3818.6000,3819.0000,1,1,1,1,1,1,1,2,1,1
SF,IF2012,2020-06-05 09:33:52.600,3812.2000,6194,0,65254140.000,0,-,-,-,-,3812.8000,3812.6000,3811.2000,3811.0000,3810.2000,3814.8000,3817.0000,3818.4000,3818.6000,3819.0000,2,1,1,1,1,1,1,2,1,1
SF,IF2012,2020-06-05 09:33:54.100,3812.2000,6194,0,65254140.000,0,-,-,-,-,3812.8000,3812.6000,3811.2000,3811.0000,3810.2000,3814.8000,3817.0000,3818.4000,3818.6000,3819.0000,1,1,1,1,1,1,1,2,1,1
SF,IF2012,2020-06-05 09:33:54.600,3812.2000,6194,0,65254140.000,0,-,-,-,-,3812.8000,3811.2000,3811.0000,3810.2000,3810.0000,3814.8000,3815.0000,3817.0000,3818.4000,3818.6000,1,1,1,1,4,1,1,1,2,1
SF,IF2012,2020-06-05 09:33:55.100,3812.2000,6194,0,65254140.000,0,-,-,-,-,3812.8000,3811.2000,3811.0000,3810.2000,3810.0000,3814.6000,3814.8000,3815.0000,3817.0000,3818.4000,1,1,1,1,4,1,1,1,1,2
SF,IF2012,2020-06-05 09:33:55.600,3812.2000,6194,0,65254140.000,0,-,-,-,-,3812.8000,3811.2000,3811.0000,3810.2000,3810.0000,3814.4000,3814.6000,3815.0000,3817.0000,3818.4000,1,1,1,1,4,1,1,1,1,2
SF,IF2012,2020-06-05 09:33:56.100,3812.2000,6194,0,65254140.000,0,-,-,-,-,3811.2000,3811.0000,3810.2000,3810.0000,3807.0000,3814.4000,3814.6000,3815.0000,3817.0000,3818.4000,1,1,1,4,2,1,1,1,1,2
SF,IF2012,2020-06-05 09:33:56.600,3812.2000,6194,0,65254140.000,0,-,-,-,-,3811.6000,3811.4000,3811.2000,3811.0000,3810.2000,3814.2000,3814.4000,3814.6000,3815.0000,3817.0000,1,2,1,1,1,1,1,1,1,1
SF,IF2012,2020-06-05 09:33:57.100,3812.2000,6194,0,65254140.000,0,-,-,-,-,3811.8000,3811.6000,3811.2000,3811.0000,3810.2000,3814.0000,3814.2000,3814.6000,3815.0000,3817.0000,2,1,1,1,1,1,1,1,1,1
SF,IF2012,2020-06-05 09:33:57.600,3812.2000,6194,0,65254140.000,0,-,-,-,-,3811.8000,3811.2000,3811.0000,3810.2000,3810.0000,3813.8000,3814.0000,3814.2000,3814.6000,3815.0000,1,1,1,1,4,1,1,1,1,1
SF,IF2012,2020-06-05 09:33:58.100,3812.2000,6194,0,65254140.000,0,-,-,-,-,3811.2000,3811.0000,3810.2000,3810.0000,3807.0000,3813.6000,3813.8000,3814.2000,3814.6000,3815.0000,1,1,1,4,2,1,1,1,1,1
SF,IF2012,2020-06-05 09:33:58.600,3812.2000,6194,0,65254140.000,0,-,-,-,-,3811.4000,3811.2000,3811.0000,3810.2000,3810.0000,3813.6000,3813.8000,3814.2000,3815.0000,3817.0000,1,1,1,1,4,1,1,1,1,1
SF,IF2012,2020-06-05 09:33:59.100,3812.2000,6194,0,65254140.000,0,-,-,-,-,3811.4000,3811.2000,3811.0000,3810.2000,3810.0000,3813.6000,3815.0000,3817.0000,3818.4000,3818.6000,1,1,1,1,4,1,1,1,2,1
SF,IF2012,2020-06-05 09:33:59.600,3812.2000,6194,0,65254140.000,0,-,-,-,-,3811.4000,3811.2000,3811.0000,3810.2000,3810.0000,3813.6000,3815.0000,3817.0000,3818.4000,3818.6000,1,1,1,1,4,1,1,1,2,1
SF,IF2012,2020-06-05 09:34:00.100,3812.2000,6194,0,65254140.000,0,-,-,-,-,3811.4000,3811.2000,3811.0000,3810.2000,3810.0000,3813.4000,3813.6000,3815.0000,3817.0000,3818.4000,1,1,1,1,4,1,1,1,1,2
SF,IF2012,2020-06-05 09:34:00.600,3812.2000,6194,0,65254140.000,0,-,-,-,-,3811.4000,3811.2000,3811.0000,3810.2000,3810.0000,3813.2000,3813.4000,3815.0000,3817.0000,3818.4000,1,1,1,1,4,1,1,1,1,2
SF,IF2012,2020-06-05 09:34:01.100,3812.2000,6194,0,65254140.000,0,-,-,-,-,3811.6000,3811.4000,3811.2000,3811.0000,3810.2000,3813.2000,3813.4000,3815.0000,3817.0000,3818.4000,1,1,1,1,1,1,1,1,1,2
SF,IF2012,2020-06-05 09:34:01.600,3812.2000,6194,0,65254140.000,0,-,-,-,-,3811.6000,3811.4000,3811.2000,3811.0000,3810.2000,3813.0000,3813.2000,3815.0000,3817.0000,3818.4000,1,1,1,1,1,1,1,1,1,2
SF,IF2012,2020-06-05 09:34:02.100,3812.2000,6194,0,65254140.000,0,-,-,-,-,3811.6000,3811.2000,3811.0000,3810.2000,3810.0000,3812.8000,3813.0000,3815.0000,3817.0000,3818.4000,1,1,1,1,4,1,2,1,1,2
SF,IF2012,2020-06-05 09:34:05.600,3812.2000,6194,0,65254140.000,0,-,-,-,-,3811.2000,3811.0000,3810.2000,3810.0000,3807.0000,3812.8000,3813.0000,3815.0000,3817.0000,3818.4000,1,1,1,4,2,1,2,1,1,2
SF,IF2012,2020-06-05 09:34:08.600,3811.0000,6193,-1,67540800.000,2,0,2,多平,S,3810.2000,3810.0000,3807.0000,3805.0000,3804.2000,3812.6000,3812.8000,3813.0000,3815.0000,3817.0000,1,4,2,5,1,1,1,2,1,1
SF,IF2012,2020-06-05 09:34:09.100,3811.0000,6193,0,67540800.000,0,-,-,-,-,3810.4000,3810.2000,3810.0000,3807.0000,3805.0000,3812.4000,3812.6000,3813.0000,3815.0000,3817.0000,1,1,4,2,5,1,1,2,1,1
SF,IF2012,2020-06-05 09:34:09.600,3811.0000,6193,0,67540800.000,0,-,-,-,-,3810.2000,3810.0000,3807.0000,3805.0000,3804.2000,3812.2000,3812.4000,3813.0000,3815.0000,3817.0000,1,4,2,5,1,1,1,2,1,1
SF,IF2012,2020-06-05 09:34:10.100,3811.0000,6193,0,67540800.000,0,-,-,-,-,3810.2000,3810.0000,3807.0000,3805.0000,3804.2000,3812.0000,3812.2000,3813.0000,3815.0000,3817.0000,1,4,2,5,1,2,1,2,1,1
SF,IF2012,2020-06-05 09:34:10.600,3811.0000,6193,0,67540800.000,0,-,-,-,-,3810.2000,3810.0000,3807.0000,3805.0000,3804.2000,3812.0000,3812.2000,3813.0000,3815.0000,3817.0000,1,4,2,5,1,2,1,1,1,1
SF,IF2012,2020-06-05 09:34:11.100,3811.0000,6193,0,67540800.000,0,-,-,-,-,3810.2000,3810.0000,3807.0000,3805.0000,3804.2000,3812.0000,3812.2000,3815.0000,3817.0000,3818.4000,1,4,2,5,1,2,1,1,1,2
SF,IF2012,2020-06-05 09:34:11.600,3811.0000,6193,0,67540800.000,0,-,-,-,-,3810.2000,3810.0000,3807.0000,3805.0000,3804.2000,3812.0000,3815.0000,3817.0000,3818.4000,3818.6000,1,4,2,5,1,1,1,1,2,1
SF,IF2012,2020-06-05 09:34:12.100,3811.0000,6193,0,67540800.000,0,-,-,-,-,3810.2000,3810.0000,3807.0000,3805.0000,3804.2000,3812.0000,3815.0000,3817.0000,3818.4000,3818.6000,1,4,2,5,1,1,1,1,2,1
SF,IF2012,2020-06-05 09:34:12.600,3811.0000,6193,0,67540800.000,0,-,-,-,-,3810.4000,3810.2000,3810.0000,3807.0000,3805.0000,3812.0000,3815.0000,3817.0000,3818.4000,3818.6000,1,1,4,2,5,1,1,1,2,1
SF,IF2012,2020-06-05 09:34:13.100,3811.0000,6193,0,67540800.000,0,-,-,-,-,3810.2000,3810.0000,3807.0000,3805.0000,3804.2000,3811.8000,3812.0000,3815.0000,3817.0000,3818.4000,1,4,2,5,1,1,1,1,1,2
SF,IF2012,2020-06-05 09:34:13.600,3811.0000,6193,0,67540800.000,0,-,-,-,-,3810.2000,3810.0000,3807.0000,3805.0000,3804.2000,3811.6000,3811.8000,3815.0000,3817.0000,3818.4000,1,4,2,5,1,1,1,1,1,2
SF,IF2012,2020-06-05 09:34:20.100,3811.0000,6193,0,67540800.000,0,-,-,-,-,3810.2000,3810.0000,3807.0000,3805.0000,3804.2000,3811.6000,3811.8000,3815.0000,3817.0000,3818.4000,1,4,2,5,1,1,1,1,1,2
SF,IF2012,2020-06-05 09:34:24.600,3811.0000,6193,0,67540800.000,0,-,-,-,-,3810.2000,3810.0000,3807.0000,3805.0000,3804.2000,3811.6000,3811.8000,3815.0000,3817.0000,3818.4000,1,4,2,5,1,1,1,6,1,2
SF,IF2012,2020-06-05 09:34:25.100,3810.2000,6192,-1,68683860.000,1,0,1,双平,S,3810.0000,3807.0000,3805.0000,3804.2000,3803.0000,3811.8000,3815.0000,3817.0000,3818.4000,3818.6000,4,2,5,1,1,1,6,1,2,1
SF,IF2012,2020-06-05 09:34:25.600,3810.2000,6192,0,68683860.000,0,-,-,-,-,3810.0000,3807.0000,3805.0000,3804.2000,3803.0000,3811.6000,3811.8000,3815.0000,3817.0000,3818.4000,4,2,5,1,1,1,1,6,1,2
SF,IF2012,2020-06-05 09:34:26.100,3810.2000,6192,0,68683860.000,0,-,-,-,-,3810.0000,3807.0000,3805.0000,3804.2000,3803.0000,3811.4000,3811.6000,3811.8000,3815.0000,3817.0000,4,2,5,1,1,1,1,1,6,1
SF,IF2012,2020-06-05 09:34:26.600,3810.2000,6192,0,68683860.000,0,-,-,-,-,3810.0000,3807.0000,3805.0000,3804.2000,3803.0000,3811.2000,3811.4000,3811.8000,3815.0000,3817.0000,4,2,5,1,1,1,3,1,6,1
SF,IF2012,2020-06-05 09:34:27.100,3810.2000,6192,0,68683860.000,0,-,-,-,-,3810.0000,3807.0000,3804.2000,3803.0000,3801.0000,3811.2000,3811.4000,3811.8000,3815.0000,3817.0000,4,2,1,1,2,1,3,1,6,1
SF,IF2012,2020-06-05 09:34:29.100,3810.2000,6192,0,68683860.000,0,-,-,-,-,3810.0000,3807.0000,3804.2000,3803.0000,3801.0000,3811.2000,3811.4000,3811.8000,3815.0000,3817.0000,4,2,1,1,2,1,2,1,1,1
SF,IF2012,2020-06-05 09:34:29.600,3810.2000,6192,0,68683860.000,0,-,-,-,-,3810.0000,3807.0000,3804.2000,3803.0000,3801.0000,3811.4000,3811.8000,3815.0000,3817.0000,3818.4000,4,2,1,1,2,2,1,1,1,2
SF,IF2012,2020-06-05 09:34:30.100,3810.2000,6192,0,68683860.000,0,-,-,-,-,3810.0000,3807.0000,3804.2000,3803.0000,3801.0000,3811.2000,3811.4000,3811.8000,3815.0000,3817.0000,4,2,1,1,2,1,2,1,1,1
SF,IF2012,2020-06-05 09:34:30.600,3810.2000,6192,0,68683860.000,0,-,-,-,-,3810.0000,3807.0000,3804.2000,3803.0000,3801.0000,3811.2000,3811.4000,3811.8000,3815.0000,3817.0000,4,2,1,1,2,1,2,1,1,1
SF,IF2012,2020-06-05 09:34:31.100,3810.2000,6192,0,68683860.000,0,-,-,-,-,3810.0000,3807.0000,3804.2000,3803.0000,3801.0000,3811.4000,3815.0000,3817.0000,3818.4000,3818.6000,4,2,1,1,2,2,1,1,2,1
SF,IF2012,2020-06-05 09:34:31.600,3810.2000,6192,0,68683860.000,0,-,-,-,-,3810.2000,3810.0000,3807.0000,3804.2000,3803.0000,3815.0000,3817.0000,3818.4000,3818.6000,3819.0000,1,4,2,1,1,1,1,2,1,1
SF,IF2012,2020-06-05 09:34:32.100,3810.2000,6192,0,68683860.000,0,-,-,-,-,3810.4000,3810.2000,3810.0000,3807.0000,3804.2000,3814.8000,3815.0000,3817.0000,3818.4000,3818.6000,1,1,4,2,1,3,1,1,2,1
SF,IF2012,2020-06-05 09:34:32.600,3810.2000,6192,0,68683860.000,0,-,-,-,-,3810.6000,3810.4000,3810.0000,3807.0000,3804.2000,3814.8000,3815.0000,3817.0000,3818.4000,3818.6000,1,2,4,2,1,2,1,1,2,1
SF,IF2012,2020-06-05 09:34:33.100,3810.2000,6192,0,68683860.000,0,-,-,-,-,3810.8000,3810.6000,3810.4000,3810.0000,3807.0000,3814.8000,3815.0000,3817.0000,3818.4000,3818.6000,1,1,1,4,2,1,1,1,2,1
SF,IF2012,2020-06-05 09:34:33.600,3810.2000,6192,0,68683860.000,0,-,-,-,-,3811.2000,3811.0000,3810.8000,3810.4000,3810.0000,3814.8000,3815.0000,3817.0000,3818.4000,3818.6000,1,1,1,1,4,1,1,1,2,1
SF,IF2012,2020-06-05 09:34:34.100,3810.2000,6192,0,68683860.000,0,-,-,-,-,3811.4000,3811.2000,3810.8000,3810.4000,3810.0000,3814.6000,3814.8000,3815.0000,3817.0000,3818.4000,2,1,1,1,4,1,1,1,1,2
SF,IF2012,2020-06-05 09:34:34.600,3810.2000,6192,0,68683860.000,0,-,-,-,-,3811.4000,3810.4000,3810.0000,3807.0000,3804.2000,3814.2000,3814.4000,3814.6000,3815.0000,3817.0000,1,1,4,2,1,1,2,1,1,1
SF,IF2012,2020-06-05 09:34:35.100,3810.2000,6192,0,68683860.000,0,-,-,-,-,3811.8000,3810.0000,3807.0000,3804.2000,3803.0000,3813.8000,3814.0000,3814.4000,3814.6000,3814.8000,1,4,2,1,1,1,2,1,1,1
SF,IF2012,2020-06-05 09:34:35.600,3810.2000,6192,0,68683860.000,0,-,-,-,-,3810.0000,3807.0000,3804.2000,3803.0000,3801.0000,3813.6000,3814.0000,3814.4000,3814.6000,3814.8000,4,2,1,1,2,2,1,1,1,1
SF,IF2012,2020-06-05 09:34:36.100,3810.2000,6192,0,68683860.000,0,-,-,-,-,3810.8000,3810.2000,3810.0000,3807.0000,3804.2000,3813.6000,3814.0000,3814.4000,3814.6000,3814.8000,1,1,4,2,1,1,1,1,1,1
SF,IF2012,2020-06-05 09:34:36.600,3810.2000,6192,0,68683860.000,0,-,-,-,-,3811.0000,3810.0000,3807.0000,3804.2000,3803.0000,3813.6000,3814.0000,3814.4000,3814.6000,3814.8000,1,4,2,1,1,1,1,1,1,1
SF,IF2012,2020-06-05 09:34:37.100,3810.2000,6192,0,68683860.000,0,-,-,-,-,3811.0000,3810.0000,3807.0000,3804.2000,3803.0000,3813.2000,3813.6000,3814.0000,3814.4000,3814.6000,1,4,2,1,1,1,1,1,1,1
SF,IF2012,2020-06-05 09:34:37.600,3810.2000,6192,0,68683860.000,0,-,-,-,-,3811.0000,3810.0000,3807.0000,3804.2000,3803.0000,3813.0000,3813.2000,3814.0000,3814.4000,3814.6000,1,4,2,1,1,1,2,1,1,1
SF,IF2012,2020-06-05 09:34:38.600,3810.2000,6192,0,68683860.000,0,-,-,-,-,3811.0000,3810.0000,3807.0000,3804.2000,3803.0000,3813.0000,3813.2000,3814.0000,3814.4000,3814.6000,1,4,2,1,1,1,1,1,1,1
SF,IF2012,2020-06-05 09:34:39.100,3810.2000,6192,0,68683860.000,0,-,-,-,-,3810.0000,3807.0000,3804.2000,3803.0000,3801.0000,3813.0000,3814.0000,3814.4000,3814.6000,3815.0000,4,2,1,1,2,1,1,1,1,1
SF,IF2012,2020-06-05 09:34:39.600,3810.2000,6192,0,68683860.000,0,-,-,-,-,3810.2000,3810.0000,3807.0000,3804.2000,3803.0000,3813.0000,3814.0000,3814.4000,3814.6000,3815.0000,1,4,2,1,1,1,1,1,1,1
SF,IF2012,2020-06-05 09:34:40.100,3810.2000,6192,0,68683860.000,0,-,-,-,-,3810.2000,3810.0000,3807.0000,3804.2000,3803.0000,3812.8000,3813.0000,3814.0000,3814.4000,3815.0000,1,4,2,1,1,1,1,1,1,1
SF,IF2012,2020-06-05 09:34:40.600,3810.2000,6192,0,68683860.000,0,-,-,-,-,3810.2000,3810.0000,3807.0000,3804.2000,3803.0000,3812.6000,3812.8000,3814.4000,3815.0000,3817.0000,1,4,2,1,1,1,1,1,1,1
SF,IF2012,2020-06-05 09:34:41.100,3810.2000,6192,0,68683860.000,0,-,-,-,-,3810.6000,3810.4000,3810.2000,3810.0000,3807.0000,3812.6000,3814.4000,3815.0000,3817.0000,3818.4000,1,1,1,4,2,1,1,1,1,2
SF,IF2012,2020-06-05 09:34:41.600,3810.2000,6192,0,68683860.000,0,-,-,-,-,3810.8000,3810.6000,3810.0000,3807.0000,3804.2000,3812.6000,3814.4000,3815.0000,3817.0000,3818.4000,1,1,4,2,1,1,1,1,1,2
SF,IF2012,2020-06-05 09:34:42.100,3810.2000,6192,0,68683860.000,0,-,-,-,-,3810.8000,3810.6000,3810.0000,3807.0000,3804.2000,3812.6000,3814.4000,3815.0000,3817.0000,3818.4000,1,1,4,2,1,1,1,1,1,2
SF,IF2012,2020-06-05 09:34:44.100,3810.2000,6192,0,68683860.000,0,-,-,-,-,3810.8000,3810.6000,3810.0000,3807.0000,3804.2000,3812.6000,3815.0000,3817.0000,3818.4000,3818.6000,1,1,4,2,1,1,1,1,2,1
SF,IF2012,2020-06-05 09:34:48.600,3810.2000,6192,0,68683860.000,0,-,-,-,-,3810.8000,3810.0000,3807.0000,3804.2000,3803.0000,3812.6000,3815.0000,3817.0000,3818.4000,3818.6000,1,4,2,1,1,1,1,1,2,1
SF,IF2012,2020-06-05 09:34:49.100,3810.8000,6191,-1,69827100.000,1,0,1,双平,S,3810.0000,3807.0000,3804.2000,3803.0000,3801.0000,3812.4000,3812.6000,3815.0000,3817.0000,3818.4000,4,2,1,1,2,1,1,1,1,2
SF,IF2012,2020-06-05 09:34:49.600,3810.8000,6191,0,69827100.000,0,-,-,-,-,3810.0000,3807.0000,3804.2000,3803.0000,3801.0000,3812.2000,3812.4000,3815.0000,3817.0000,3818.4000,4,2,1,1,2,1,1,1,1,2
SF,IF2012,2020-06-05 09:34:50.100,3810.8000,6191,0,69827100.000,0,-,-,-,-,3810.0000,3807.0000,3804.2000,3803.0000,3801.0000,3812.0000,3812.2000,3812.4000,3815.0000,3817.0000,4,2,1,1,2,3,1,1,1,1
SF,IF2012,2020-06-05 09:34:50.600,3810.8000,6191,0,69827100.000,0,-,-,-,-,3810.0000,3807.0000,3804.2000,3803.0000,3801.0000,3811.8000,3812.0000,3812.4000,3815.0000,3817.0000,4,2,1,1,2,2,2,1,1,1
SF,IF2012,2020-06-05 09:34:53.600,3810.8000,6191,0,69827100.000,0,-,-,-,-,3810.0000,3804.2000,3803.0000,3801.4000,3801.0000,3811.8000,3812.0000,3812.4000,3815.0000,3817.0000,4,1,1,2,2,2,2,1,1,1
SF,IF2012,2020-06-05 09:34:54.100,3810.8000,6191,0,69827100.000,0,-,-,-,-,3810.0000,3804.2000,3803.0000,3801.4000,3801.0000,3811.8000,3812.0000,3812.4000,3815.0000,3817.0000,4,1,1,2,2,2,2,1,1,1
SF,IF2012,2020-06-05 09:34:54.600,3810.8000,6191,0,69827100.000,0,-,-,-,-,3810.0000,3804.2000,3803.0000,3801.4000,3801.0000,3811.6000,3811.8000,3812.0000,3812.4000,3815.0000,4,1,1,2,2,3,2,2,1,1
SF,IF2012,2020-06-05 09:34:55.100,3810.8000,6191,0,69827100.000,0,-,-,-,-,3810.0000,3804.2000,3803.0000,3801.4000,3801.0000,3811.4000,3811.6000,3812.0000,3812.4000,3815.0000,4,1,1,2,2,2,3,2,1,1
SF,IF2012,2020-06-05 09:34:55.600,3810.8000,6191,0,69827100.000,0,-,-,-,-,3810.0000,3804.2000,3803.0000,3801.4000,3801.0000,3811.4000,3811.6000,3812.0000,3815.0000,3817.0000,4,1,1,2,2,2,3,2,1,1
SF,IF2012,2020-06-05 09:34:56.100,3810.8000,6191,0,69827100.000,0,-,-,-,-,3810.0000,3804.2000,3803.0000,3801.4000,3801.0000,3811.4000,3811.6000,3815.0000,3817.0000,3818.4000,4,1,1,2,2,2,3,1,1,2
SF,IF2012,2020-06-05 09:34:56.600,3810.8000,6191,0,69827100.000,0,-,-,-,-,3810.0000,3804.2000,3803.0000,3801.4000,3801.0000,3811.4000,3815.0000,3817.0000,3818.4000,3818.6000,4,1,1,2,2,1,1,1,2,1
SF,IF2012,2020-06-05 09:34:57.100,3810.8000,6191,0,69827100.000,0,-,-,-,-,3810.0000,3804.2000,3803.0000,3801.4000,3801.0000,3811.4000,3815.0000,3817.0000,3818.4000,3818.6000,4,1,1,2,2,1,1,1,2,1
SF,IF2012,2020-06-05 09:35:01.600,3810.8000,6191,0,69827100.000,0,-,-,-,-,3810.0000,3804.2000,3803.0000,3801.4000,3801.0000,3811.4000,3815.0000,3817.0000,3818.4000,3818.6000,4,1,1,2,2,1,1,1,2,1
SF,IF2012,2020-06-05 09:35:02.100,3810.8000,6191,0,69827100.000,0,-,-,-,-,3810.0000,3804.2000,3803.0000,3801.4000,3801.0000,3811.4000,3815.0000,3817.0000,3818.4000,3818.6000,4,1,1,2,2,1,1,1,2,1
SF,IF2012,2020-06-05 09:35:02.600,3811.4000,6190,-1,70970520.000,1,0,1,双平,S,3810.0000,3804.2000,3803.0000,3801.4000,3801.0000,3815.0000,3817.0000,3818.4000,3818.6000,3819.0000,4,1,1,2,2,1,1,2,1,1
SF,IF2012,2020-06-05 09:35:03.100,3811.4000,6190,0,70970520.000,0,-,-,-,-,3810.2000,3810.0000,3804.2000,3803.0000,3801.4000,3814.2000,3814.8000,3815.0000,3817.0000,3818.4000,2,4,1,1,2,1,5,1,1,2
SF,IF2012,2020-06-05 09:35:03.600,3811.4000,6190,0,70970520.000,0,-,-,-,-,3810.2000,3810.0000,3804.2000,3803.0000,3801.4000,3814.0000,3814.2000,3814.8000,3815.0000,3817.0000,2,4,1,1,2,2,1,4,1,1
SF,IF2012,2020-06-05 09:35:04.100,3811.4000,6190,0,70970520.000,0,-,-,-,-,3810.4000,3810.2000,3810.0000,3804.2000,3803.0000,3814.0000,3814.2000,3814.8000,3815.0000,3817.0000,1,2,4,1,1,3,1,4,1,1
SF,IF2012,2020-06-05 09:35:04.600,3811.4000,6190,0,70970520.000,0,-,-,-,-,3810.6000,3810.4000,3810.0000,3804.2000,3803.0000,3814.0000,3814.2000,3814.8000,3815.0000,3817.0000,2,1,5,1,1,3,1,2,1,1
SF,IF2012,2020-06-05 09:35:05.100,3811.4000,6190,0,70970520.000,0,-,-,-,-,3810.6000,3810.4000,3810.0000,3804.2000,3803.0000,3814.0000,3814.2000,3814.8000,3815.0000,3817.0000,2,1,5,1,1,3,1,2,1,1
SF,IF2012,2020-06-05 09:35:06.600,3811.4000,6190,0,70970520.000,0,-,-,-,-,3810.6000,3810.0000,3804.2000,3803.0000,3801.4000,3814.0000,3814.2000,3814.8000,3815.0000,3817.0000,2,5,1,1,2,2,1,2,1,1
SF,IF2012,2020-06-05 09:35:07.100,3811.4000,6190,0,70970520.000,0,-,-,-,-,3810.8000,3810.6000,3810.0000,3804.2000,3803.0000,3814.0000,3814.2000,3814.8000,3815.0000,3817.0000,1,2,5,1,1,2,2,2,1,1
SF,IF2012,2020-06-05 09:35:07.600,3811.4000,6190,0,70970520.000,0,-,-,-,-,3811.0000,3810.8000,3810.0000,3804.2000,3803.0000,3813.6000,3814.0000,3814.2000,3814.8000,3815.0000,1,1,4,1,1,1,2,2,2,1
SF,IF2012,2020-06-05 09:35:08.100,3811.4000,6190,0,70970520.000,0,-,-,-,-,3811.0000,3810.0000,3804.2000,3803.0000,3801.4000,3813.4000,3813.6000,3814.2000,3814.8000,3815.0000,1,4,1,1,2,1,1,2,2,1
SF,IF2012,2020-06-05 09:35:08.600,3811.4000,6190,0,70970520.000,0,-,-,-,-,3811.0000,3810.0000,3804.2000,3803.0000,3801.4000,3813.0000,3813.4000,3814.2000,3814.8000,3815.0000,1,4,1,1,2,1,1,2,2,1
SF,IF2012,2020-06-05 09:35:09.100,3811.4000,6190,0,70970520.000,0,-,-,-,-,3811.0000,3810.0000,3804.2000,3803.0000,3801.4000,3812.8000,3813.2000,3814.2000,3814.8000,3815.0000,1,4,1,1,2,2,1,2,2,1
SF,IF2012,2020-06-05 09:35:11.100,3811.4000,6190,0,70970520.000,0,-,-,-,-,3811.0000,3810.0000,3804.2000,3803.0000,3801.4000,3812.8000,3813.2000,3814.2000,3814.8000,3815.0000,1,2,1,1,2,2,1,2,2,1
SF,IF2012,2020-06-05 09:35:11.600,3811.4000,6190,0,70970520.000,0,-,-,-,-,3811.0000,3810.0000,3804.2000,3803.0000,3801.4000,3812.8000,3814.2000,3814.8000,3815.0000,3817.0000,1,2,1,1,2,2,2,2,1,1
SF,IF2012,2020-06-05 09:35:12.100,3811.4000,6190,0,70970520.000,0,-,-,-,-,3811.0000,3810.0000,3804.2000,3803.0000,3801.4000,3812.6000,3812.8000,3814.2000,3814.8000,3815.0000,1,2,1,1,2,1,2,2,2,1
SF,IF2012,2020-06-05 09:35:12.600,3811.4000,6190,0,70970520.000,0,-,-,-,-,3810.0000,3804.2000,3803.0000,3801.4000,3801.0000,3812.4000,3812.6000,3812.8000,3814.2000,3814.8000,2,1,1,2,2,1,1,1,1,2
SF,IF2012,2020-06-05 09:35:13.100,3811.4000,6190,0,70970520.000,0,-,-,-,-,3810.2000,3810.0000,3804.2000,3803.0000,3801.4000,3812.4000,3812.6000,3814.0000,3814.2000,3814.8000,2,2,1,1,2,1,1,1,1,2
SF,IF2012,2020-06-05 09:35:13.600,3811.4000,6190,0,70970520.000,0,-,-,-,-,3810.2000,3810.0000,3804.2000,3803.0000,3801.4000,3812.4000,3814.0000,3814.2000,3814.8000,3815.0000,2,2,1,1,2,1,1,1,2,1
SF,IF2012,2020-06-05 09:35:15.600,3811.4000,6190,0,70970520.000,0,-,-,-,-,3810.2000,3810.0000,3804.2000,3803.0000,3801.4000,3812.4000,3814.2000,3814.8000,3815.0000,3817.0000,2,2,1,1,2,1,1,2,1,1
SF,IF2012,2020-06-05 09:35:16.100,3811.4000,6190,0,70970520.000,0,-,-,-,-,3810.2000,3810.0000,3804.2000,3803.0000,3801.4000,3812.4000,3813.4000,3814.2000,3814.8000,3815.0000,1,2,1,1,2,1,1,1,2,1
SF,IF2012,2020-06-05 09:35:16.600,3811.4000,6190,0,70970520.000,0,-,-,-,-,3810.2000,3810.0000,3804.2000,3803.0000,3801.4000,3812.2000,3812.4000,3813.4000,3814.2000,3814.8000,1,2,1,1,2,1,1,1,1,2
SF,IF2012,2020-06-05 09:35:17.100,3811.4000,6190,0,70970520.000,0,-,-,-,-,3810.2000,3810.0000,3804.2000,3803.0000,3801.4000,3812.0000,3812.2000,3813.4000,3814.2000,3814.8000,1,2,1,1,2,2,1,1,1,2
SF,IF2012,2020-06-05 09:35:17.600,3811.4000,6190,0,70970520.000,0,-,-,-,-,3810.0000,3804.2000,3803.0000,3801.4000,3801.0000,3812.0000,3813.4000,3814.2000,3814.8000,3815.0000,2,1,1,2,2,2,1,1,2,1
SF,IF2012,2020-06-05 09:35:18.100,3811.4000,6190,0,70970520.000,0,-,-,-,-,3810.0000,3804.2000,3803.0000,3801.4000,3801.0000,3811.8000,3812.0000,3813.4000,3814.2000,3814.8000,2,1,1,2,2,4,1,1,1,2
SF,IF2012,2020-06-05 09:35:18.600,3811.4000,6190,0,70970520.000,0,-,-,-,-,3810.0000,3804.2000,3803.0000,3801.4000,3801.0000,3811.6000,3811.8000,3814.2000,3814.8000,3815.0000,2,1,1,2,2,1,4,1,2,1
SF,IF2012,2020-06-05 09:35:19.100,3810.0000,6189,-1,73256520.000,2,0,2,多平,S,3804.2000,3803.0000,3801.4000,3801.0000,3800.0000,3811.4000,3811.6000,3811.8000,3812.0000,3814.2000,1,1,2,2,6,1,1,3,1,1
SF,IF2012,2020-06-05 09:35:19.600,3810.0000,6189,0,73256520.000,0,-,-,-,-,3806.4000,3806.0000,3804.6000,3804.4000,3804.2000,3811.2000,3811.8000,3812.0000,3814.2000,3814.8000,1,1,7,1,1,1,1,1,1,2
SF,IF2012,2020-06-05 09:35:20.100,3810.0000,6189,0,73256520.000,0,-,-,-,-,3806.6000,3806.4000,3806.0000,3804.6000,3804.2000,3811.2000,3811.8000,3812.0000,3814.2000,3814.8000,1,1,1,7,1,1,1,1,1,2
SF,IF2012,2020-06-05 09:35:20.600,3810.0000,6189,0,73256520.000,0,-,-,-,-,3807.0000,3806.6000,3806.4000,3806.0000,3804.6000,3811.2000,3811.8000,3812.0000,3814.2000,3814.8000,1,1,1,1,7,1,1,1,1,2
SF,IF2012,2020-06-05 09:35:21.100,3810.0000,6189,0,73256520.000,0,-,-,-,-,3807.2000,3807.0000,3806.4000,3806.0000,3804.6000,3811.2000,3811.8000,3812.0000,3814.2000,3814.8000,1,1,1,1,7,1,1,1,1,2
SF,IF2012,2020-06-05 09:35:21.600,3810.0000,6189,0,73256520.000,0,-,-,-,-,3807.2000,3807.0000,3806.4000,3806.0000,3804.6000,3811.2000,3811.8000,3814.2000,3814.8000,3815.0000,1,1,1,1,7,1,1,1,2,1
SF,IF2012,2020-06-05 09:35:22.100,3810.0000,6189,0,73256520.000,0,-,-,-,-,3807.2000,3807.0000,3806.4000,3806.0000,3804.6000,3811.2000,3811.8000,3812.6000,3814.2000,3814.8000,1,1,1,1,7,1,1,1,1,2
SF,IF2012,2020-06-05 09:35:22.600,3810.0000,6189,0,73256520.000,0,-,-,-,-,3807.2000,3807.0000,3806.4000,3806.0000,3804.6000,3811.2000,3811.8000,3812.6000,3814.2000,3814.8000,1,1,1,1,7,1,1,1,1,2
SF,IF2012,2020-06-05 09:35:24.100,3810.0000,6189,0,73256520.000,0,-,-,-,-,3807.6000,3807.2000,3806.4000,3806.0000,3804.6000,3811.2000,3811.8000,3812.6000,3814.2000,3814.8000,1,1,1,1,7,1,1,1,1,2
SF,IF2012,2020-06-05 09:35:24.600,3810.0000,6189,0,73256520.000,0,-,-,-,-,3807.8000,3807.6000,3806.4000,3806.0000,3804.6000,3811.2000,3811.8000,3812.6000,3814.2000,3814.8000,1,1,1,1,7,1,1,1,1,2
SF,IF2012,2020-06-05 09:35:25.100,3810.0000,6189,0,73256520.000,0,-,-,-,-,3808.0000,3807.8000,3807.6000,3806.4000,3806.0000,3811.2000,3811.8000,3812.6000,3814.2000,3814.8000,1,1,1,1,1,1,1,1,1,2
SF,IF2012,2020-06-05 09:35:25.600,3810.0000,6189,0,73256520.000,0,-,-,-,-,3808.2000,3808.0000,3807.6000,3806.4000,3806.0000,3811.2000,3811.8000,3812.6000,3814.2000,3814.8000,1,1,1,1,1,1,1,1,1,2
SF,IF2012,2020-06-05 09:35:26.600,3810.0000,6189,0,73256520.000,0,-,-,-,-,3808.2000,3808.0000,3806.4000,3806.0000,3804.6000,3811.2000,3811.8000,3812.6000,3814.2000,3814.8000,1,1,1,1,7,1,1,1,1,2
SF,IF2012,2020-06-05 09:35:27.600,3810.0000,6189,0,73256520.000,0,-,-,-,-,3808.2000,3808.0000,3806.4000,3806.0000,3804.6000,3811.0000,3811.2000,3811.8000,3814.2000,3814.8000,1,1,1,1,7,1,1,1,1,2
SF,IF2012,2020-06-05 09:35:28.100,3810.0000,6189,0,73256520.000,0,-,-,-,-,3808.2000,3808.0000,3806.4000,3806.0000,3804.6000,3810.8000,3811.0000,3811.8000,3812.8000,3814.2000,1,1,1,1,7,1,1,1,1,1
SF,IF2012,2020-06-05 09:35:30.600,3810.8000,6188,-1,74399760.000,1,0,1,双平,S,3808.2000,3808.0000,3806.4000,3806.0000,3804.6000,3811.8000,3812.8000,3814.2000,3814.8000,3815.0000,1,1,1,1,7,1,1,1,2,1
SF,IF2012,2020-06-05 09:35:31.100,3810.8000,6188,0,74399760.000,0,-,-,-,-,3808.2000,3808.0000,3806.4000,3806.0000,3804.6000,3811.6000,3811.8000,3812.8000,3814.2000,3814.8000,1,1,1,1,7,1,1,1,1,2
SF,IF2012,2020-06-05 09:35:31.600,3810.8000,6188,0,74399760.000,0,-,-,-,-,3808.4000,3808.2000,3808.0000,3806.4000,3806.0000,3811.6000,3811.8000,3812.8000,3814.2000,3814.8000,1,1,1,1,1,1,1,1,1,2
SF,IF2012,2020-06-05 09:35:32.100,3810.8000,6188,0,74399760.000,0,-,-,-,-,3808.6000,3808.4000,3806.4000,3806.0000,3804.6000,3811.4000,3811.6000,3811.8000,3812.8000,3814.2000,1,1,1,1,7,1,1,1,1,1
SF,IF2012,2020-06-05 09:35:32.600,3810.8000,6188,0,74399760.000,0,-,-,-,-,3808.6000,3808.4000,3806.4000,3806.0000,3804.6000,3811.2000,3811.4000,3811.8000,3812.8000,3814.2000,1,1,1,1,7,1,1,1,1,1
SF,IF2012,2020-06-05 09:35:33.100,3810.8000,6188,0,74399760.000,0,-,-,-,-,3808.6000,3808.4000,3806.4000,3806.0000,3804.6000,3811.2000,3811.4000,3811.8000,3812.8000,3814.2000,1,2,1,1,7,1,1,1,1,1
SF,IF2012,2020-06-05 09:35:33.600,3810.8000,6188,0,74399760.000,0,-,-,-,-,3808.6000,3808.4000,3806.4000,3806.0000,3804.6000,3811.2000,3811.4000,3811.8000,3814.2000,3814.8000,1,2,1,1,7,1,1,1,1,2
SF,IF2012,2020-06-05 09:35:34.100,3810.8000,6188,0,74399760.000,0,-,-,-,-,3808.8000,3808.6000,3808.4000,3806.4000,3806.0000,3811.2000,3811.4000,3811.8000,3813.0000,3814.2000,1,1,1,1,1,1,1,1,1,1
SF,IF2012,2020-06-05 09:35:34.600,3810.8000,6188,0,74399760.000,0,-,-,-,-,3809.0000,3808.8000,3808.4000,3806.4000,3806.0000,3811.2000,3811.8000,3813.0000,3814.2000,3814.8000,1,1,1,1,1,1,1,1,1,2
SF,IF2012,2020-06-05 09:35:36.600,3810.8000,6188,0,74399760.000,0,-,-,-,-,3809.0000,3808.8000,3808.4000,3806.4000,3806.0000,3811.2000,3814.2000,3814.8000,3815.0000,3817.0000,1,1,1,1,1,1,1,2,1,1
SF,IF2012,2020-06-05 09:35:37.100,3810.8000,6188,0,74399760.000,0,-,-,-,-,3809.2000,3809.0000,3808.8000,3808.4000,3806.4000,3811.2000,3813.2000,3814.2000,3814.8000,3815.0000,1,1,1,1,1,1,1,1,2,1
SF,IF2012,2020-06-05 09:35:37.600,3810.8000,6188,0,74399760.000,0,-,-,-,-,3809.4000,3809.2000,3808.8000,3808.4000,3806.4000,3811.2000,3813.2000,3814.2000,3814.8000,3815.0000,1,1,1,1,1,1,1,1,2,1
SF,IF2012,2020-06-05 09:35:38.100,3810.8000,6188,0,74399760.000,0,-,-,-,-,3809.4000,3809.2000,3808.8000,3808.4000,3806.4000,3813.2000,3814.2000,3814.8000,3815.0000,3817.0000,1,1,1,1,1,1,1,2,1,1
SF,IF2012,2020-06-05 09:35:38.600,3810.8000,6188,0,74399760.000,0,-,-,-,-,3809.6000,3809.4000,3808.8000,3808.4000,3806.4000,3813.0000,3813.2000,3814.2000,3814.8000,3815.0000,1,1,1,1,1,1,1,1,2,1
SF,IF2012,2020-06-05 09:35:39.100,3810.8000,6188,0,74399760.000,0,-,-,-,-,3809.8000,3809.6000,3808.8000,3808.4000,3806.4000,3813.0000,3813.2000,3814.2000,3814.8000,3815.0000,1,1,1,1,1,1,1,1,2,1
SF,IF2012,2020-06-05 09:35:39.600,3810.8000,6188,0,74399760.000,0,-,-,-,-,3810.0000,3809.8000,3808.8000,3808.4000,3806.4000,3812.6000,3813.0000,3814.2000,3814.8000,3815.0000,1,1,1,1,1,1,1,1,2,1
SF,IF2012,2020-06-05 09:35:40.100,3810.8000,6188,0,74399760.000,0,-,-,-,-,3810.2000,3810.0000,3808.8000,3808.4000,3806.4000,3812.4000,3812.6000,3813.6000,3814.2000,3814.8000,1,1,1,1,1,1,1,1,1,2
SF,IF2012,2020-06-05 09:35:40.600,3810.8000,6188,0,74399760.000,0,-,-,-,-,3810.4000,3810.2000,3808.4000,3806.4000,3806.0000,3812.4000,3812.6000,3813.6000,3814.2000,3814.8000,1,1,1,1,1,1,1,1,1,2
SF,IF2012,2020-06-05 09:35:41.100,3810.8000,6188,0,74399760.000,0,-,-,-,-,3810.6000,3810.4000,3808.4000,3806.4000,3806.0000,3812.4000,3812.6000,3813.6000,3814.2000,3814.8000,1,1,1,1,1,1,1,1,1,2
SF,IF2012,2020-06-05 09:35:41.600,3810.8000,6188,0,74399760.000,0,-,-,-,-,3810.6000,3810.4000,3808.4000,3806.4000,3806.0000,3812.4000,3813.6000,3814.2000,3814.8000,3815.0000,1,1,1,1,1,1,1,1,2,1
SF,IF2012,2020-06-05 09:35:42.100,3810.4000,6188,0,76686060.000,2,1,1,多换,S,3808.4000,3806.4000,3806.0000,3804.6000,3803.0000,3812.4000,3813.6000,3814.2000,3814.8000,3815.0000,1,1,1,7,1,1,1,1,2,1
SF,IF2012,2020-06-05 09:35:42.600,3810.4000,6188,0,76686060.000,0,-,-,-,-,3808.6000,3808.4000,3806.4000,3806.0000,3804.6000,3812.2000,3814.2000,3814.8000,3815.0000,3817.0000,1,1,1,1,7,1,1,1,1,1
SF,IF2012,2020-06-05 09:35:43.100,3810.4000,6188,0,76686060.000,0,-,-,-,-,3808.6000,3808.4000,3806.4000,3806.0000,3804.6000,3812.0000,3812.2000,3814.6000,3814.8000,3815.0000,1,1,1,1,7,1,1,1,1,1
SF,IF2012,2020-06-05 09:35:43.600,3810.4000,6188,0,76686060.000,0,-,-,-,-,3809.0000,3808.6000,3808.4000,3806.4000,3806.0000,3811.8000,3812.0000,3814.6000,3814.8000,3815.0000,1,1,1,1,1,1,1,1,1,1
SF,IF2012,2020-06-05 09:35:44.100,3810.4000,6188,0,76686060.000,0,-,-,-,-,3809.4000,3809.2000,3809.0000,3808.4000,3806.4000,3811.6000,3811.8000,3814.6000,3814.8000,3815.0000,1,1,1,1,1,1,1,1,1,1
SF,IF2012,2020-06-05 09:35:44.600,3810.4000,6188,0,76686060.000,0,-,-,-,-,3809.6000,3809.4000,3809.0000,3808.4000,3806.4000,3811.4000,3811.6000,3814.6000,3814.8000,3815.0000,1,1,1,1,1,1,1,1,1,1
SF,IF2012,2020-06-05 09:35:45.600,3810.4000,6188,0,76686060.000,0,-,-,-,-,3809.6000,3809.4000,3809.0000,3808.4000,3806.4000,3811.4000,3811.6000,3814.8000,3815.0000,3817.0000,1,1,1,1,1,1,1,1,1,1
SF,IF2012,2020-06-05 09:35:46.100,3810.4000,6188,0,76686060.000,0,-,-,-,-,3809.6000,3809.4000,3808.4000,3806.4000,3806.0000,3811.2000,3811.4000,3814.8000,3815.0000,3817.0000,1,1,1,1,1,1,1,1,1,1
SF,IF2012,2020-06-05 09:35:46.600,3810.4000,6188,0,76686060.000,0,-,-,-,-,3809.8000,3809.6000,3808.4000,3806.4000,3806.0000,3811.4000,3814.8000,3815.0000,3817.0000,3818.4000,2,1,1,1,1,1,1,1,1,2
SF,IF2012,2020-06-05 09:35:47.100,3810.4000,6188,0,76686060.000,0,-,-,-,-,3809.8000,3809.6000,3808.4000,3806.4000,3806.0000,3814.8000,3815.0000,3817.0000,3818.4000,3818.6000,2,1,1,1,1,1,1,1,2,1
SF,IF2012,2020-06-05 09:35:47.600,3810.4000,6188,0,76686060.000,0,-,-,-,-,3810.0000,3809.8000,3808.4000,3806.4000,3806.0000,3814.2000,3814.6000,3814.8000,3815.0000,3817.0000,1,1,1,1,1,1,3,1,1,1
SF,IF2012,2020-06-05 09:35:48.100,3810.4000,6188,0,76686060.000,0,-,-,-,-,3810.0000,3808.4000,3806.4000,3806.0000,3804.6000,3814.0000,3814.6000,3814.8000,3815.0000,3817.0000,1,1,1,1,7,2,1,1,1,1
SF,IF2012,2020-06-05 09:35:48.600,3810.4000,6188,0,76686060.000,0,-,-,-,-,3810.2000,3810.0000,3808.4000,3806.4000,3806.0000,3814.0000,3814.6000,3814.8000,3815.0000,3817.0000,1,1,1,1,1,2,1,1,1,1
SF,IF2012,2020-06-05 09:35:49.100,3810.4000,6188,0,76686060.000,0,-,-,-,-,3810.4000,3810.2000,3808.4000,3806.4000,3806.0000,3814.0000,3814.6000,3814.8000,3815.0000,3817.0000,1,2,1,1,1,2,1,1,1,1
SF,IF2012,2020-06-05 09:35:50.100,3810.2000,6184,-4,82401540.000,5,0,5,多平,S,3808.4000,3806.4000,3804.6000,3803.0000,3801.4000,3810.0000,3814.0000,3814.6000,3815.0000,3817.0000,1,1,7,1,2,2,2,1,1,1
SF,IF2012,2020-06-05 09:35:50.600,3810.0000,6182,-2,84687540.000,2,0,2,双平,S,3808.8000,3808.6000,3808.4000,3806.4000,3803.0000,3814.0000,3815.0000,3817.0000,3818.4000,3818.6000,7,1,1,1,1,2,1,1,2,1
SF,IF2012,2020-06-05 09:35:51.100,3810.0000,6182,0,84687540.000,0,-,-,-,-,3809.0000,3808.8000,3808.4000,3806.4000,3803.0000,3812.0000,3814.0000,3815.0000,3817.0000,3818.4000,1,7,1,1,1,1,2,2,1,2
SF,IF2012,2020-06-05 09:35:51.600,3810.0000,6182,0,84687540.000,0,-,-,-,-,3810.0000,3809.4000,3809.0000,3808.8000,3808.4000,3811.8000,3812.0000,3813.8000,3815.0000,3817.0000,1,1,1,7,1,2,1,3,2,1
SF,IF2012,2020-06-05 09:35:52.100,3810.0000,6182,0,84687540.000,0,-,-,-,-,3810.0000,3809.6000,3809.4000,3809.0000,3808.8000,3811.8000,3812.0000,3813.8000,3815.0000,3817.0000,1,1,2,1,7,2,1,3,2,1
SF,IF2012,2020-06-05 09:35:52.600,3810.0000,6182,0,84687540.000,0,-,-,-,-,3809.6000,3809.4000,3809.0000,3808.8000,3808.4000,3811.8000,3812.0000,3815.0000,3817.0000,3818.4000,1,1,1,7,1,2,1,2,1,2
SF,IF2012,2020-06-05 09:35:53.100,3810.0000,6182,0,84687540.000,0,-,-,-,-,3809.0000,3808.8000,3808.4000,3806.4000,3803.0000,3811.8000,3812.0000,3815.0000,3817.0000,3818.4000,1,7,1,1,1,2,1,2,1,2
SF,IF2012,2020-06-05 09:35:53.600,3810.0000,6182,0,84687540.000,0,-,-,-,-,3809.0000,3808.4000,3806.4000,3803.0000,3801.4000,3811.8000,3815.0000,3817.0000,3818.4000,3818.6000,1,1,1,1,2,2,1,1,2,1
SF,IF2012,2020-06-05 09:35:54.100,3810.0000,6182,0,84687540.000,0,-,-,-,-,3809.0000,3808.4000,3807.4000,3806.4000,3803.0000,3811.8000,3814.4000,3815.0000,3817.0000,3818.4000,1,1,1,1,1,2,1,1,1,2
SF,IF2012,2020-06-05 09:35:54.600,3810.0000,6182,0,84687540.000,0,-,-,-,-,3809.0000,3808.4000,3807.4000,3806.4000,3805.8000,3811.8000,3814.4000,3815.0000,3817.0000,3818.4000,1,1,1,1,1,2,1,1,1,2
SF,IF2012,2020-06-05 09:35:56.100,3810.0000,6182,0,84687540.000,0,-,-,-,-,3809.0000,3808.4000,3807.4000,3806.4000,3805.8000,3811.4000,3811.6000,3811.8000,3814.4000,3815.0000,1,1,1,1,1,1,1,2,1,1
SF,IF2012,2020-06-05 09:35:56.600,3810.0000,6182,0,84687540.000,0,-,-,-,-,3808.4000,3807.4000,3806.4000,3805.8000,3803.0000,3811.0000,3811.2000,3811.6000,3815.0000,3817.0000,1,1,1,1,1,1,2,1,1,1
SF,IF2012,2020-06-05 09:35:57.100,3810.0000,6182,0,84687540.000,0,-,-,-,-,3808.8000,3808.6000,3808.4000,3807.4000,3806.4000,3810.8000,3814.0000,3815.0000,3817.0000,3818.4000,7,1,1,1,1,2,1,1,1,2
SF,IF2012,2020-06-05 09:35:57.600,3810.0000,6182,0,84687540.000,0,-,-,-,-,3809.0000,3808.4000,3807.4000,3806.4000,3805.8000,3810.8000,3814.0000,3815.0000,3817.0000,3818.4000,1,1,1,1,1,2,1,1,1,2
