市场代码,合约代码,时间,最新,持仓,增仓,成交额,成交量,开仓,平仓,成交类型,方向,买一价,买二价,买三价,买四价,买五价,卖一价,卖二价,卖三价,卖四价,卖五价,买一量,买二量,买三量,买四量,买五量,卖一量,卖二量,卖三量,卖四量,卖五量
SF,IF2006,2020-02-04 09:29:00.100,3637.2000,21373,0,33825960.000,31.000,-,-,-,-,3637.2000,3636.8000,3636.4000,3636.0000,3635.6000,3640.0000,3644.4000,3649.0000,3650.0000,3652.0000,1,2,2,2,2,1,1,1,1,1
SF,IF2006,2020-02-04 09:30:00.100,3650.0000,21370,-3,41486580.000,7,2,5,多平,S,3650.0000,3645.0000,3641.0000,3640.0000,3637.4000,3655.2000,3660.0000,3670.0000,3670.6000,3676.8000,2,3,1,32,1,1,1,2,1,1
SF,IF2006,2020-02-04 09:30:00.600,3645.0000,21367,-3,49149780.000,7,2,5,多平,S,3645.0000,3644.6000,3642.8000,3641.0000,3640.0000,3648.0000,3649.0000,3650.0000,3652.0000,3654.8000,8,1,3,1,34,1,1,1,1,4
SF,IF2006,2020-02-04 09:30:01.100,3645.4000,21364,-3,52432200.000,3,0,3,双平,S,3645.2000,3645.0000,3644.6000,3642.8000,3642.0000,3649.0000,3650.0000,3654.8000,3655.0000,3655.2000,2,9,1,3,1,2,1,1,2,1
SF,IF2006,2020-02-04 09:30:01.600,3648.8000,21359,-5,71023380.000,17,6,11,多平,S,3645.4000,3645.0000,3644.6000,3642.8000,3642.0000,3649.0000,3650.0000,3654.0000,3655.2000,3659.8000,1,2,1,3,1,2,1,1,1,1
SF,IF2006,2020-02-04 09:30:02.100,3660.0000,21358,-1,79794480.000,8,3,5,多平,S,3649.0000,3648.0000,3645.4000,3645.0000,3644.6000,3660.0000,3670.0000,3670.6000,3676.8000,3679.8000,1,3,2,7,1,7,2,1,1,1
SF,IF2006,2020-02-04 09:30:02.600,3649.2000,21354,-4,94056660.000,13,4,9,多平,S,3649.2000,3649.0000,3648.0000,3645.8000,3645.4000,3659.6000,3659.8000,3660.0000,3670.0000,3670.6000,2,2,3,1,1,5,4,8,2,1
SF,IF2006,2020-02-04 09:30:03.100,3658.4000,21351,-3,97347780.000,3,0,3,双平,S,3651.8000,3651.6000,3651.2000,3650.4000,3650.2000,3658.8000,3659.2000,3659.4000,3659.6000,3660.0000,1,1,1,1,1,1,1,1,3,8
SF,IF2006,2020-02-04 09:30:03.600,3658.4000,21349,-2,101735880.000,4,1,3,多平,S,3652.2000,3652.0000,3651.8000,3651.2000,3650.2000,3658.4000,3658.6000,3658.8000,3660.0000,3670.0000,1,2,1,1,1,1,1,1,8,2
SF,IF2006,2020-02-04 09:30:04.100,3659.6000,21345,-4,108322380.000,6,1,5,多平,S,3659.6000,3652.4000,3652.2000,3652.0000,3650.2000,3660.0000,3670.0000,3670.6000,3676.8000,3678.0000,1,2,1,2,1,7,2,1,1,2
SF,IF2006,2020-02-04 09:30:04.600,3660.0000,21341,-4,116003160.000,7,1,6,多平,S,3658.8000,3658.4000,3652.0000,3649.6000,3649.2000,3660.0000,3670.0000,3670.6000,3676.8000,3678.0000,1,1,1,1,8,6,2,1,1,2
SF,IF2006,2020-02-04 09:30:05.100,3660.0000,21336,-5,121492860.000,5,0,5,双平,S,3659.6000,3659.0000,3658.8000,3658.4000,3652.0000,3660.0000,3670.0000,3670.6000,3676.8000,3678.0000,2,20,1,1,1,2,2,1,1,2
SF,IF2006,2020-02-04 09:30:05.600,3660.0000,21336,0,121492860.000,0,-,-,-,-,3659.6000,3659.0000,3658.8000,3658.4000,3652.0000,3660.0000,3670.0000,3670.6000,3676.8000,3678.0000,2,20,2,1,1,2,2,1,1,2
SF,IF2006,2020-02-04 09:30:06.100,3660.0000,21333,-3,124786860.000,3,0,3,双平,S,3660.0000,3659.6000,3659.0000,3658.8000,3658.4000,3670.0000,3670.6000,3676.8000,3678.0000,3679.8000,5,7,20,2,1,2,1,1,2,1
SF,IF2006,2020-02-04 09:30:06.600,3660.0000,21331,-2,128080860.000,3,0,3,多平,S,3660.0000,3659.6000,3659.0000,3658.8000,3658.4000,3666.4000,3667.0000,3667.4000,3667.8000,3668.6000,18,7,20,2,1,2,1,1,2,1
SF,IF2006,2020-02-04 09:30:07.100,3660.0000,21331,0,129178860.000,1,0,1,多换,S,3663.0000,3660.0000,3659.6000,3659.0000,3658.8000,3666.0000,3666.2000,3666.4000,3667.0000,3667.4000,1,18,7,20,2,2,3,4,1,1
SF,IF2006,2020-02-04 09:30:07.600,3663.2000,21330,-1,135776640.000,6,2,4,多平,S,3663.0000,3660.6000,3660.0000,3659.6000,3659.0000,3665.8000,3666.4000,3667.0000,3668.6000,3669.4000,1,1,21,7,20,3,2,1,1,1
SF,IF2006,2020-02-04 09:30:08.100,3665.6000,21328,-2,139074960.000,3,0,3,多平,S,3663.2000,3663.0000,3660.6000,3660.0000,3659.6000,3665.8000,3666.4000,3667.0000,3668.6000,3669.4000,2,1,1,21,7,2,2,1,1,1
SF,IF2006,2020-02-04 09:30:08.600,3665.6000,21325,-3,145671780.000,6,1,5,多平,S,3663.4000,3663.2000,3660.6000,3660.0000,3659.6000,3666.4000,3667.0000,3668.6000,3669.4000,3669.8000,3,1,1,24,7,2,1,1,1,1
SF,IF2006,2020-02-04 09:30:09.100,3660.0000,21319,-6,156662580.000,10,2,8,多平,S,3663.6000,3660.0000,3659.6000,3659.0000,3658.8000,3666.2000,3666.4000,3667.0000,3668.6000,3669.4000,2,23,7,20,2,1,2,1,1,1
SF,IF2006,2020-02-04 09:30:09.600,3666.4000,21318,-1,161062200.000,4,1,3,多平,S,3665.8000,3663.8000,3663.6000,3660.4000,3660.0000,3669.4000,3670.0000,3676.8000,3678.0000,3679.8000,1,2,2,1,23,1,3,1,2,1
SF,IF2006,2020-02-04 09:30:10.100,3669.0000,21317,-1,162162900.000,1,0,1,双平,S,3666.0000,3665.8000,3665.6000,3664.2000,3662.2000,3669.2000,3670.0000,3676.8000,3678.0000,3679.8000,4,2,3,1,1,2,3,1,2,1
SF,IF2006,2020-02-04 09:30:10.600,3669.2000,21312,-5,168766560.000,6,0,6,多平,S,3669.4000,3669.2000,3666.2000,3666.0000,3665.8000,3670.0000,3676.8000,3678.0000,3679.8000,3680.0000,2,2,3,2,3,3,1,2,1,2
SF,IF2006,2020-02-04 09:30:11.100,3670.0000,21307,-5,178674300.000,9,2,7,多平,S,3669.4000,3669.2000,3666.2000,3666.0000,3665.8000,3676.8000,3678.0000,3679.8000,3680.0000,3688.8000,6,7,3,2,3,1,2,1,2,2
SF,IF2006,2020-02-04 09:30:11.600,3669.6000,21304,-3,181976940.000,3,0,3,双平,S,3670.0000,3669.4000,3669.2000,3666.2000,3665.8000,3670.8000,3671.0000,3671.8000,3672.0000,3673.6000,1,20,7,3,8,1,1,1,1,1
SF,IF2006,2020-02-04 09:30:12.100,3669.4000,21303,-1,184178760.000,2,0,2,多平,S,3670.0000,3669.4000,3669.2000,3666.2000,3665.8000,3670.8000,3671.8000,3672.0000,3675.0000,3676.6000,19,19,8,3,9,1,1,1,2,7
SF,IF2006,2020-02-04 09:30:12.600,3670.8000,21302,-1,185280000.000,1,0,1,双平,S,3670.0000,3669.4000,3669.2000,3666.4000,3666.2000,3675.0000,3676.6000,3676.8000,3678.0000,3679.8000,19,20,8,1,3,2,5,2,2,1
SF,IF2006,2020-02-04 09:30:13.100,3674.8000,21302,0,191891280.000,6,3,3,多换,S,3671.8000,3670.8000,3670.2000,3670.0000,3669.4000,3674.8000,3675.0000,3676.6000,3676.8000,3678.0000,1,1,1,20,20,6,2,2,1,2
SF,IF2006,2020-02-04 09:30:13.600,3672.0000,21301,-1,192992880.000,1,0,1,双平,S,3672.0000,3671.8000,3670.8000,3670.0000,3669.4000,3674.6000,3674.8000,3675.0000,3676.6000,3676.8000,2,1,1,20,20,1,4,2,1,1
SF,IF2006,2020-02-04 09:30:14.100,3674.4000,21301,0,195196800.000,2,1,1,多换,S,3672.0000,3670.8000,3670.0000,3669.4000,3669.2000,3674.4000,3674.6000,3674.8000,3675.0000,3676.8000,1,2,20,21,8,3,1,2,2,1
SF,IF2006,2020-02-04 09:30:14.600,3674.4000,21301,0,199606080.000,4,2,2,多换,S,3674.4000,3672.2000,3670.8000,3670.0000,3669.4000,3675.0000,3676.8000,3678.0000,3679.8000,3680.0000,2,1,2,20,21,2,1,2,1,2
SF,IF2006,2020-02-04 09:30:15.100,3675.0000,21300,-1,204015840.000,4,1,3,多平,S,3674.6000,3674.4000,3672.2000,3670.8000,3670.0000,3676.8000,3678.0000,3679.8000,3680.0000,3688.8000,1,1,1,2,20,1,2,1,2,2
SF,IF2006,2020-02-04 09:30:15.600,3670.0000,21298,-2,211726680.000,7,2,5,多平,S,3675.0000,3674.6000,3670.0000,3669.4000,3669.2000,3675.4000,3675.8000,3676.6000,3676.8000,3678.0000,2,1,18,21,7,1,1,2,1,2
SF,IF2006,2020-02-04 09:30:16.100,3670.0000,21295,-3,217237680.000,5,1,4,多平,S,3675.0000,3670.0000,3669.4000,3669.2000,3666.4000,3676.6000,3676.8000,3678.0000,3679.8000,3680.0000,4,17,21,7,2,2,1,2,1,2
SF,IF2006,2020-02-04 09:30:16.600,3676.6000,21294,-1,220544640.000,3,1,2,多平,S,3675.2000,3675.0000,3674.6000,3674.4000,3670.0000,3676.8000,3678.0000,3679.8000,3680.0000,3685.2000,20,5,1,1,17,1,2,1,2,1
SF,IF2006,2020-02-04 09:30:17.100,3676.8000,21294,0,227160960.000,6,3,3,多换,S,3675.4000,3675.2000,3675.0000,3674.6000,3674.4000,3678.0000,3679.8000,3680.0000,3685.2000,3688.8000,1,16,7,1,1,2,1,2,1,2
SF,IF2006,2020-02-04 09:30:17.600,3675.2000,21293,-1,230468700.000,3,1,2,多平,S,3675.2000,3675.0000,3674.6000,3674.4000,3670.0000,3677.4000,3677.8000,3678.0000,3679.8000,3680.0000,14,7,2,1,15,4,1,2,1,2
SF,IF2006,2020-02-04 09:30:18.100,3675.2000,21291,-2,232673820.000,2,0,2,双平,S,3675.2000,3675.0000,3674.6000,3674.4000,3670.0000,3677.8000,3678.0000,3679.8000,3680.0000,3685.2000,14,7,2,1,15,1,2,1,2,1
SF,IF2006,2020-02-04 09:30:18.600,3675.2000,21289,-2,239290500.000,6,2,4,多平,S,3675.2000,3675.0000,3674.6000,3674.4000,3670.0000,3677.4000,3677.8000,3678.0000,3679.8000,3680.0000,10,8,2,1,15,1,1,2,1,2
SF,IF2006,2020-02-04 09:30:19.100,3677.4000,21288,-1,242599620.000,3,1,2,多平,S,3677.8000,3676.8000,3675.4000,3675.2000,3675.0000,3678.0000,3679.8000,3680.0000,3685.2000,3688.0000,1,2,2,10,10,2,1,3,1,1
SF,IF2006,2020-02-04 09:30:19.600,3677.8000,21286,-2,252529740.000,9,3,6,多平,S,3677.8000,3676.8000,3675.8000,3675.4000,3675.2000,3678.0000,3679.8000,3680.0000,3685.2000,3688.0000,1,2,1,2,10,1,1,3,1,1
SF,IF2006,2020-02-04 09:30:20.100,3678.0000,21284,-2,255839880.000,3,0,3,多平,S,3677.8000,3677.4000,3677.0000,3676.8000,3675.2000,3679.8000,3680.0000,3685.2000,3688.0000,3688.8000,1,6,1,2,10,1,3,1,1,2
SF,IF2006,2020-02-04 09:30:20.600,3677.8000,21282,-2,259149960.000,3,0,3,多平,S,3678.2000,3678.0000,3677.8000,3677.4000,3676.8000,3679.8000,3680.0000,3685.2000,3688.0000,3688.8000,1,2,2,8,3,1,3,1,1,2
SF,IF2006,2020-02-04 09:30:21.100,3679.8000,21282,0,261357840.000,2,1,1,多换,S,3679.8000,3678.2000,3678.0000,3677.8000,3677.4000,3680.0000,3685.2000,3688.0000,3688.8000,3689.2000,10,1,13,2,8,3,1,1,2,1
SF,IF2006,2020-02-04 09:30:21.600,3679.8000,21279,-3,264669660.000,3,0,3,双平,S,3679.8000,3678.2000,3678.0000,3677.8000,3677.4000,3680.0000,3685.2000,3688.0000,3688.8000,3689.2000,7,1,15,3,8,3,1,1,2,1
SF,IF2006,2020-02-04 09:30:22.100,3679.8000,21277,-2,266877600.000,2,0,2,双平,S,3679.8000,3678.2000,3678.0000,3677.8000,3677.4000,3680.0000,3685.2000,3688.0000,3688.8000,3689.2000,10,1,15,3,8,3,1,1,2,1
SF,IF2006,2020-02-04 09:30:22.600,3679.8000,21273,-4,272397480.000,5,0,5,多平,S,3679.8000,3678.0000,3677.8000,3677.4000,3676.8000,3688.0000,3688.8000,3689.2000,3690.0000,3694.6000,6,16,3,8,3,1,2,1,1,1
SF,IF2006,2020-02-04 09:30:23.100,3679.8000,21271,-2,274605360.000,2,0,2,双平,S,3680.0000,3679.8000,3678.0000,3677.8000,3677.4000,3682.8000,3683.6000,3686.0000,3686.4000,3686.6000,21,5,16,3,8,1,1,1,1,1
SF,IF2006,2020-02-04 09:30:23.600,3679.8000,21271,0,274605360.000,0,-,-,-,-,3680.0000,3679.8000,3678.0000,3677.8000,3677.4000,3682.6000,3686.0000,3686.4000,3686.6000,3687.0000,19,5,16,2,8,3,1,1,1,1
SF,IF2006,2020-02-04 09:30:24.100,3681.0000,21270,-1,277919100.000,3,1,2,多平,S,3680.2000,3680.0000,3679.8000,3678.0000,3677.8000,3682.6000,3686.0000,3686.4000,3686.6000,3687.0000,1,21,5,16,2,3,1,1,1,1
SF,IF2006,2020-02-04 09:30:24.600,3682.4000,21268,-2,281231880.000,3,0,3,多平,S,3680.0000,3679.8000,3678.0000,3677.8000,3677.4000,3682.4000,3682.6000,3686.0000,3686.4000,3686.6000,21,5,16,2,8,1,1,1,1,1
SF,IF2006,2020-02-04 09:30:25.100,3682.4000,21268,0,282336600.000,1,0,1,多换,S,3680.0000,3679.8000,3678.0000,3677.8000,3677.4000,3682.2000,3682.4000,3686.0000,3686.4000,3686.6000,21,13,16,2,8,3,1,1,1,1
SF,IF2006,2020-02-04 09:30:25.600,3682.4000,21268,0,286755480.000,4,2,2,多换,S,3682.6000,3680.0000,3679.8000,3678.0000,3677.8000,3686.0000,3686.4000,3686.6000,3687.0000,3687.4000,1,21,13,16,2,1,1,1,1,1
SF,IF2006,2020-02-04 09:30:26.100,3682.6000,21268,0,288965040.000,2,1,1,多换,S,3682.6000,3680.0000,3679.8000,3678.0000,3677.8000,3686.0000,3686.4000,3686.6000,3687.0000,3687.8000,1,21,13,16,2,2,1,1,1,2
SF,IF2006,2020-02-04 09:30:26.600,3685.8000,21265,-3,295595700.000,6,1,5,多平,S,3682.2000,3682.0000,3680.0000,3679.8000,3678.0000,3685.8000,3686.0000,3686.4000,3686.6000,3687.0000,1,1,25,13,16,3,2,1,1,1
SF,IF2006,2020-02-04 09:30:27.100,3682.4000,21262,-3,298910880.000,3,0,3,双平,S,3682.2000,3682.0000,3680.0000,3679.8000,3678.0000,3685.8000,3686.0000,3686.4000,3686.6000,3687.0000,1,1,25,13,16,3,2,1,1,1
SF,IF2006,2020-02-04 09:30:27.600,3682.4000,21261,-1,300015600.000,1,0,1,双平,S,3682.2000,3682.0000,3680.0000,3679.8000,3678.0000,3685.4000,3685.6000,3685.8000,3686.0000,3686.4000,1,1,25,13,16,1,1,3,2,1
SF,IF2006,2020-02-04 09:30:28.100,3682.4000,21261,0,303331440.000,3,1,2,多换,S,3682.2000,3682.0000,3680.0000,3679.8000,3678.0000,3685.2000,3685.4000,3685.8000,3686.0000,3686.4000,1,1,25,13,16,1,2,1,1,1
SF,IF2006,2020-02-04 09:30:28.600,3685.8000,21261,0,307754100.000,4,2,2,多换,S,3685.8000,3685.4000,3685.0000,3682.4000,3682.2000,3686.6000,3688.0000,3688.8000,3689.2000,3690.0000,2,1,1,3,1,1,1,2,1,1
SF,IF2006,2020-02-04 09:30:29.100,3682.4000,21260,-1,313281420.000,5,2,3,多平,S,3682.4000,3682.2000,3682.0000,3680.4000,3680.2000,3685.4000,3688.0000,3688.8000,3689.2000,3690.0000,3,1,1,1,1,1,1,2,1,1
SF,IF2006,2020-02-04 09:30:29.600,3685.4000,21260,0,314387040.000,1,0,1,多换,S,3685.2000,3682.6000,3682.4000,3682.2000,3682.0000,3685.6000,3688.0000,3688.8000,3689.2000,3690.0000,3,1,3,1,1,1,1,2,1,1
SF,IF2006,2020-02-04 09:30:30.100,3685.2000,21260,0,318809280.000,4,2,2,多换,S,3682.8000,3682.4000,3682.2000,3682.0000,3680.4000,3685.0000,3685.6000,3688.0000,3688.8000,3689.2000,1,3,2,1,1,1,1,1,2,1
SF,IF2006,2020-02-04 09:30:30.600,3685.0000,21259,-1,323230560.000,4,1,3,多平,S,3685.4000,3685.0000,3683.0000,3682.8000,3682.4000,3685.6000,3686.0000,3688.0000,3688.8000,3689.2000,3,4,1,1,2,1,1,1,2,1
SF,IF2006,2020-02-04 09:30:31.100,3685.4000,21253,-6,333180960.000,9,1,8,多平,S,3685.4000,3685.0000,3683.0000,3682.4000,3682.2000,3686.0000,3687.8000,3688.0000,3688.8000,3689.2000,3,3,1,2,3,1,1,1,2,1
SF,IF2006,2020-02-04 09:30:31.600,3685.4000,21252,-1,334286580.000,1,0,1,双平,S,3685.4000,3685.0000,3683.0000,3682.4000,3682.2000,3685.8000,3686.0000,3687.8000,3688.0000,3688.8000,5,9,2,2,3,1,1,1,1,2
SF,IF2006,2020-02-04 09:30:32.100,3685.4000,21248,-4,338709180.000,4,0,4,双平,S,3685.4000,3685.0000,3683.0000,3682.4000,3682.2000,3685.6000,3686.0000,3687.8000,3688.0000,3688.8000,3,13,2,2,3,1,1,1,1,2
SF,IF2006,2020-02-04 09:30:32.600,3685.6000,21247,-1,339814860.000,1,0,1,双平,S,3685.6000,3685.4000,3685.0000,3683.0000,3682.4000,3686.0000,3686.6000,3686.8000,3687.8000,3688.0000,1,3,13,1,2,1,1,1,1,1
SF,IF2006,2020-02-04 09:30:33.100,3685.8000,21246,-1,342026400.000,2,0,2,多平,S,3686.0000,3685.6000,3685.4000,3685.0000,3682.4000,3686.6000,3686.8000,3687.8000,3688.0000,3688.8000,1,2,3,13,2,1,1,1,1,2
SF,IF2006,2020-02-04 09:30:33.600,3686.2000,21242,-4,346449960.000,4,0,4,双平,S,3686.0000,3685.8000,3685.6000,3685.4000,3685.0000,3686.8000,3687.8000,3688.0000,3688.8000,3689.2000,1,1,6,3,13,1,1,1,2,1
SF,IF2006,2020-02-04 09:30:34.100,3686.6000,21241,-1,350873640.000,4,1,3,多平,S,3687.0000,3686.2000,3686.0000,3685.8000,3685.6000,3687.8000,3688.0000,3688.8000,3689.2000,3690.0000,6,1,1,1,6,1,1,2,1,2
SF,IF2006,2020-02-04 09:30:34.600,3688.0000,21240,-1,353086380.000,2,0,2,多平,S,3687.0000,3686.2000,3686.0000,3685.8000,3685.6000,3688.8000,3689.2000,3690.0000,3694.6000,3695.0000,6,11,1,1,6,2,1,2,1,2
SF,IF2006,2020-02-04 09:30:35.100,3688.8000,21238,-2,355299660.000,2,0,2,双平,S,3687.4000,3687.2000,3687.0000,3686.8000,3686.2000,3689.2000,3690.0000,3694.6000,3695.0000,3697.0000,1,1,6,2,10,1,2,1,2,1
SF,IF2006,2020-02-04 09:30:35.600,3688.8000,21238,0,356406300.000,1,0,1,多换,S,3688.8000,3687.6000,3687.4000,3687.2000,3687.0000,3689.0000,3689.2000,3690.0000,3694.6000,3695.0000,10,1,1,1,6,1,1,2,1,2
SF,IF2006,2020-02-04 09:30:36.100,3688.8000,21237,-1,358619640.000,2,0,2,多平,S,3689.0000,3688.8000,3688.0000,3687.6000,3687.4000,3689.2000,3690.0000,3694.6000,3695.0000,3697.0000,1,10,1,1,1,1,2,1,2,1
SF,IF2006,2020-02-04 09:30:36.600,3690.0000,21236,-1,361940400.000,3,1,2,多平,S,3689.2000,3689.0000,3688.8000,3687.0000,3686.8000,3694.6000,3695.0000,3697.0000,3698.8000,3699.8000,11,1,10,6,3,1,2,1,2,1
SF,IF2006,2020-02-04 09:30:37.100,3693.6000,21235,-1,364155420.000,2,0,2,多平,S,3689.6000,3689.4000,3689.2000,3689.0000,3688.8000,3693.6000,3694.0000,3694.6000,3695.0000,3697.0000,2,6,13,1,10,1,1,2,2,1
SF,IF2006,2020-02-04 09:30:37.600,3689.8000,21233,-2,366369300.000,2,0,2,双平,S,3689.8000,3689.4000,3689.2000,3689.0000,3688.8000,3691.2000,3692.0000,3692.8000,3693.4000,3693.6000,1,3,12,6,10,1,1,1,1,1
SF,IF2006,2020-02-04 09:30:38.100,3691.0000,21230,-3,371904420.000,5,1,4,多平,S,3689.2000,3689.0000,3688.8000,3687.0000,3686.8000,3691.2000,3692.0000,3693.4000,3693.6000,3694.0000,10,6,10,6,3,1,1,1,1,1
SF,IF2006,2020-02-04 09:30:38.600,3691.2000,21227,-3,377441040.000,5,1,4,多平,S,3689.4000,3689.2000,3689.0000,3688.8000,3687.0000,3693.4000,3694.0000,3694.6000,3695.0000,3697.0000,1,10,6,10,6,1,1,2,2,1
SF,IF2006,2020-02-04 09:30:39.100,3693.2000,21227,0,381869700.000,4,2,2,多换,S,3689.4000,3689.2000,3689.0000,3688.8000,3687.0000,3693.2000,3693.4000,3694.0000,3694.6000,3695.0000,1,10,6,10,6,1,1,1,2,2
SF,IF2006,2020-02-04 09:30:39.600,3693.2000,21227,0,382977660.000,1,0,1,多换,S,3689.4000,3689.2000,3689.0000,3688.8000,3687.0000,3693.2000,3693.4000,3694.0000,3694.6000,3697.0000,1,10,6,10,6,1,1,1,2,1
SF,IF2006,2020-02-04 09:30:40.100,3693.2000,21226,-1,385193580.000,2,0,2,多平,S,3693.2000,3689.6000,3689.4000,3689.2000,3689.0000,3693.4000,3694.0000,3694.6000,3697.0000,3698.8000,6,2,1,10,6,1,1,2,1,2
SF,IF2006,2020-02-04 09:30:40.600,3693.2000,21219,-7,394056180.000,8,0,8,多平,S,3689.6000,3689.4000,3689.2000,3689.0000,3688.8000,3693.4000,3694.6000,3697.0000,3698.8000,3699.8000,1,1,10,6,10,1,2,1,2,1
SF,IF2006,2020-02-04 09:30:41.100,3693.2000,21219,0,394056180.000,0,-,-,-,-,3693.2000,3689.8000,3689.6000,3689.2000,3689.0000,3693.4000,3694.6000,3697.0000,3698.8000,3699.8000,2,2,1,10,6,1,2,1,2,1
SF,IF2006,2020-02-04 09:30:41.600,3693.2000,21218,-1,402918840.000,8,3,5,多平,S,3689.8000,3689.6000,3689.2000,3689.0000,3688.8000,3693.4000,3694.6000,3697.0000,3698.8000,3699.8000,1,1,10,6,10,1,2,1,2,1
SF,IF2006,2020-02-04 09:30:42.100,3693.2000,21218,0,404026800.000,1,0,1,多换,S,3690.0000,3689.8000,3689.2000,3689.0000,3688.8000,3693.4000,3694.6000,3697.0000,3698.8000,3699.8000,5,1,10,6,10,1,2,1,2,1
SF,IF2006,2020-02-04 09:30:42.600,3693.4000,21218,0,405134820.000,1,0,1,多换,S,3693.4000,3693.2000,3690.2000,3690.0000,3689.2000,3694.6000,3697.0000,3698.8000,3699.8000,3700.0000,1,1,4,5,10,2,1,2,1,7
SF,IF2006,2020-02-04 09:30:43.100,3693.6000,21212,-6,415108680.000,9,1,8,多平,S,3693.6000,3693.4000,3693.2000,3691.8000,3690.2000,3697.0000,3698.8000,3699.8000,3700.0000,3701.4000,3,1,1,1,4,1,2,1,7,1
SF,IF2006,2020-02-04 09:30:43.600,3693.6000,21212,0,415108680.000,0,-,-,-,-,3693.8000,3693.6000,3693.4000,3693.2000,3691.8000,3696.8000,3697.0000,3698.8000,3699.8000,3700.0000,1,3,2,1,1,1,1,2,1,7
SF,IF2006,2020-02-04 09:30:44.100,3696.8000,21210,-2,418434780.000,3,0,3,多平,S,3694.2000,3694.0000,3693.8000,3693.4000,3693.2000,3697.0000,3698.8000,3699.8000,3700.0000,3701.4000,1,5,1,2,1,1,2,1,7,1
SF,IF2006,2020-02-04 09:30:44.600,3697.0000,21210,0,419543880.000,1,0,1,多换,S,3694.4000,3693.4000,3693.2000,3691.8000,3689.2000,3698.8000,3699.8000,3700.0000,3718.8000,3719.8000,7,2,1,1,9,2,1,7,2,1
SF,IF2006,2020-02-04 09:30:45.100,3694.4000,21207,-3,422869020.000,3,0,3,双平,S,3694.4000,3693.4000,3693.2000,3691.8000,3689.2000,3698.6000,3698.8000,3699.8000,3700.0000,3718.8000,6,2,1,1,9,2,2,1,7,2
SF,IF2006,2020-02-04 09:30:45.600,3694.6000,21206,-1,426194100.000,3,1,2,多平,S,3697.0000,3694.4000,3693.4000,3693.2000,3691.8000,3698.4000,3698.6000,3698.8000,3699.8000,3700.0000,1,5,4,1,1,2,2,2,1,7
SF,IF2006,2020-02-04 09:30:46.100,3694.4000,21206,0,429520620.000,3,1,2,多换,S,3694.4000,3693.4000,3693.2000,3691.8000,3689.2000,3698.0000,3698.2000,3698.4000,3698.8000,3699.8000,4,4,1,1,9,1,2,2,2,1
SF,IF2006,2020-02-04 09:30:46.600,3698.8000,21206,0,437286780.000,7,3,4,多换,S,3694.6000,3694.4000,3693.4000,3693.2000,3691.8000,3697.8000,3699.8000,3700.0000,3713.6000,3718.8000,2,4,4,1,1,1,1,7,1,2
SF,IF2006,2020-02-04 09:30:47.100,3694.8000,21200,-6,446158680.000,8,1,7,多平,S,3698.4000,3697.8000,3694.8000,3694.6000,3693.4000,3699.8000,3700.0000,3701.4000,3713.6000,3718.8000,1,1,6,2,4,1,7,1,1,2
SF,IF2006,2020-02-04 09:30:47.600,3699.8000,21200,0,449488560.000,3,1,2,多换,S,3698.4000,3698.0000,3697.8000,3694.8000,3694.6000,3700.0000,3701.4000,3713.6000,3718.8000,3719.8000,2,1,1,6,5,6,1,1,2,1
SF,IF2006,2020-02-04 09:30:48.100,3699.8000,21199,-1,451708440.000,2,0,2,多平,S,3698.8000,3698.6000,3698.4000,3698.0000,3697.8000,3699.8000,3700.0000,3701.4000,3713.6000,3718.8000,6,2,2,1,2,2,6,1,1,2
SF,IF2006,2020-02-04 09:30:48.600,3700.0000,21198,-1,463918320.000,11,5,6,多平,S,3699.0000,3698.8000,3698.6000,3698.4000,3698.0000,3701.4000,3713.6000,3718.8000,3719.8000,3735.8000,2,6,2,2,1,1,1,2,1,1
SF,IF2006,2020-02-04 09:30:49.100,3699.0000,21193,-5,469467060.000,5,0,5,双平,S,3698.8000,3698.4000,3698.0000,3697.8000,3695.0000,3701.2000,3701.4000,3713.6000,3718.8000,3719.8000,6,2,1,2,1,3,1,1,2,1
SF,IF2006,2020-02-04 09:30:49.600,3698.8000,21191,-2,473905980.000,4,1,3,多平,S,3698.8000,3698.4000,3698.0000,3697.8000,3695.0000,3701.2000,3701.4000,3713.6000,3718.8000,3719.8000,5,2,1,2,1,3,1,1,2,1
SF,IF2006,2020-02-04 09:30:50.100,3701.2000,21192,1,479457000.000,5,3,2,空开,S,3701.2000,3699.0000,3698.8000,3698.4000,3698.0000,3701.4000,3713.6000,3718.8000,3719.8000,3720.0000,1,1,4,2,1,1,1,2,1,3
SF,IF2006,2020-02-04 09:30:50.600,3701.4000,21193,1,480567420.000,1,1,0,双开,S,3701.6000,3701.2000,3700.0000,3699.0000,3698.8000,3713.6000,3718.8000,3719.8000,3720.0000,3735.8000,10,1,1,1,4,1,2,1,3,1
SF,IF2006,2020-02-04 09:30:51.100,3701.4000,21193,0,481677840.000,1,0,1,多换,S,3701.8000,3701.6000,3701.2000,3700.0000,3698.8000,3704.4000,3705.6000,3707.6000,3708.0000,3708.8000,3,10,1,3,4,1,1,1,2,1
SF,IF2006,2020-02-04 09:30:51.600,3701.6000,21193,0,482788320.000,1,0,1,多换,S,3701.8000,3701.6000,3701.2000,3700.0000,3698.8000,3702.4000,3704.2000,3704.4000,3707.6000,3708.8000,2,10,1,3,4,1,3,1,1,1
SF,IF2006,2020-02-04 09:30:52.100,3701.8000,21189,-4,487230660.000,4,0,4,双平,S,3702.4000,3701.6000,3701.4000,3701.2000,3700.0000,3704.2000,3704.4000,3707.6000,3708.8000,3709.8000,2,10,2,2,4,2,1,1,1,3
SF,IF2006,2020-02-04 09:30:52.600,3704.4000,21188,-1,493898580.000,6,2,4,多平,S,3701.6000,3701.4000,3701.2000,3700.0000,3699.8000,3708.8000,3709.8000,3713.4000,3713.6000,3718.8000,10,2,2,4,3,1,3,3,1,2
SF,IF2006,2020-02-04 09:30:53.100,3701.8000,21187,-1,495009120.000,1,0,1,双平,S,3701.6000,3701.4000,3701.2000,3700.0000,3699.8000,3708.0000,3708.6000,3708.8000,3709.8000,3713.4000,10,2,2,4,3,2,4,3,3,3
SF,IF2006,2020-02-04 09:30:53.600,3701.8000,21187,0,495009120.000,0,-,-,-,-,3702.4000,3701.8000,3701.6000,3701.4000,3701.2000,3707.8000,3708.0000,3708.6000,3708.8000,3713.4000,1,1,10,2,2,4,1,2,1,3
SF,IF2006,2020-02-04 09:30:54.100,3707.6000,21187,0,501681060.000,6,3,3,多换,S,3702.4000,3701.6000,3701.4000,3701.2000,3700.0000,3707.8000,3708.0000,3708.6000,3708.8000,3713.4000,1,10,2,2,3,4,2,2,1,3
SF,IF2006,2020-02-04 09:30:54.600,3700.0000,21184,-3,524999880.000,21,9,12,多平,S,3699.8000,3698.8000,3698.6000,3697.8000,3696.4000,3700.0000,3707.6000,3707.8000,3708.0000,3708.6000,3,4,1,2,1,29,4,4,1,1
SF,IF2006,2020-02-04 09:30:55.100,3700.0000,21174,-10,540539820.000,14,2,12,多平,S,3699.8000,3698.8000,3698.6000,3697.8000,3696.4000,3700.0000,3707.6000,3707.8000,3708.0000,3708.8000,2,4,1,2,1,16,2,3,1,1
SF,IF2006,2020-02-04 09:30:55.600,3700.0000,21173,-1,557189760.000,15,7,8,多平,S,3699.8000,3698.8000,3698.6000,3697.8000,3696.4000,3700.0000,3700.8000,3704.4000,3707.6000,3707.8000,1,4,1,2,1,2,1,1,1,3
SF,IF2006,2020-02-04 09:30:56.100,3700.4000,21170,-3,562740060.000,5,1,4,多平,S,3700.4000,3700.0000,3698.8000,3698.6000,3697.8000,3704.4000,3707.6000,3707.8000,3708.8000,3713.4000,1,11,4,1,2,1,1,3,1,3
SF,IF2006,2020-02-04 09:30:56.600,3704.2000,21169,-1,563851320.000,1,0,1,双平,S,3700.6000,3700.4000,3700.0000,3698.8000,3698.6000,3701.4000,3704.2000,3704.4000,3706.8000,3707.6000,1,1,11,4,1,1,4,1,1,1
SF,IF2006,2020-02-04 09:30:57.100,3700.2000,21169,0,566071920.000,2,1,1,多换,S,3700.2000,3700.0000,3698.8000,3698.6000,3697.8000,3701.2000,3701.4000,3701.8000,3704.2000,3704.4000,9,11,4,1,2,2,1,1,2,1
SF,IF2006,2020-02-04 09:30:57.600,3701.2000,21172,3,572733780.000,6,4,2,空开,S,3700.2000,3700.0000,3698.8000,3698.6000,3697.8000,3701.4000,3701.8000,3704.2000,3704.4000,3706.8000,8,12,4,1,2,1,1,2,1,1
SF,IF2006,2020-02-04 09:30:58.100,3701.4000,21171,-1,576064380.000,3,1,2,多平,S,3701.4000,3700.2000,3700.0000,3698.8000,3698.6000,3701.8000,3704.2000,3704.4000,3705.2000,3706.8000,1,7,12,4,1,1,2,1,1,1
SF,IF2006,2020-02-04 09:30:58.600,3701.4000,21167,-4,580506060.000,4,0,4,双平,S,3700.2000,3700.0000,3698.6000,3697.8000,3696.4000,3700.6000,3701.4000,3701.8000,3703.8000,3704.2000,7,12,1,2,1,1,1,1,1,2
SF,IF2006,2020-02-04 09:30:59.100,3701.4000,21166,-1,583837080.000,3,1,2,多平,S,3701.2000,3700.2000,3700.0000,3698.6000,3698.0000,3701.8000,3703.8000,3704.2000,3704.4000,3706.8000,10,7,12,1,1,1,1,1,1,1
SF,IF2006,2020-02-04 09:30:59.600,3701.2000,21163,-3,589389420.000,5,1,4,多平,S,3701.2000,3700.2000,3700.0000,3698.6000,3698.0000,3702.4000,3703.8000,3704.2000,3704.4000,3705.8000,8,7,12,1,1,1,1,1,1,1
SF,IF2006,2020-02-04 09:31:00.100,3700.6000,21161,-2,601603200.000,11,4,7,多平,S,3701.8000,3700.6000,3700.2000,3700.0000,3698.6000,3702.4000,3703.8000,3704.2000,3704.4000,3705.8000,1,1,7,12,1,1,1,1,1,1
SF,IF2006,2020-02-04 09:31:00.600,3700.6000,21160,-1,603823920.000,2,0,2,多平,S,3701.8000,3700.2000,3700.0000,3698.6000,3698.0000,3702.0000,3702.2000,3702.4000,3703.8000,3704.2000,1,7,12,1,1,1,1,1,1,1
SF,IF2006,2020-02-04 09:31:01.100,3702.4000,21155,-5,609376980.000,5,0,5,双平,S,3702.4000,3700.2000,3700.0000,3698.6000,3698.0000,3703.8000,3704.2000,3704.4000,3705.8000,3706.2000,15,7,12,1,1,1,1,1,1,1
SF,IF2006,2020-02-04 09:31:01.600,3702.4000,21151,-4,613819860.000,4,0,4,双平,S,3702.4000,3701.8000,3700.2000,3700.0000,3698.6000,3703.6000,3704.4000,3705.8000,3706.2000,3707.8000,36,2,7,12,1,1,1,1,1,1
SF,IF2006,2020-02-04 09:31:02.100,3702.4000,21148,-3,617152380.000,3,0,3,双平,S,3702.4000,3701.8000,3700.2000,3700.0000,3698.6000,3704.4000,3705.8000,3706.2000,3707.8000,3708.2000,43,2,7,12,1,1,1,1,1,1
SF,IF2006,2020-02-04 09:31:02.600,3702.4000,21144,-4,621595800.000,4,0,4,双平,S,3702.4000,3701.8000,3700.2000,3700.0000,3698.6000,3704.4000,3705.8000,3706.2000,3707.8000,3708.2000,40,2,7,12,1,1,1,1,1,1
SF,IF2006,2020-02-04 09:31:03.100,3703.6000,21141,-3,629372700.000,7,2,5,多平,S,3703.6000,3702.4000,3701.8000,3700.2000,3700.0000,3705.8000,3706.2000,3707.8000,3708.2000,3708.6000,4,38,2,7,12,1,1,1,1,1
SF,IF2006,2020-02-04 09:31:03.600,3703.6000,21141,0,629372700.000,0,-,-,-,-,3703.8000,3703.6000,3702.6000,3702.4000,3701.8000,3706.2000,3707.8000,3708.2000,3708.6000,3708.8000,2,4,2,39,3,1,1,1,1,2
SF,IF2006,2020-02-04 09:31:04.100,3703.6000,21141,0,630483780.000,1,0,1,多换,S,3704.6000,3704.0000,3703.8000,3703.6000,3702.4000,3706.2000,3707.8000,3708.2000,3708.6000,3708.8000,2,3,2,3,39,1,1,1,1,1
SF,IF2006,2020-02-04 09:31:04.600,3703.6000,21139,-2,632705940.000,2,0,2,双平,S,3705.8000,3704.6000,3704.2000,3704.0000,3703.8000,3706.2000,3707.8000,3708.2000,3708.6000,3708.8000,1,2,1,1,3,1,1,1,1,2
SF,IF2006,2020-02-04 09:31:05.100,3704.2000,21136,-3,639375420.000,6,1,5,多平,S,3704.0000,3703.8000,3703.6000,3702.4000,3701.8000,3707.8000,3708.2000,3708.6000,3708.8000,3710.0000,1,1,3,39,3,1,1,1,2,2
SF,IF2006,2020-02-04 09:31:05.600,3704.2000,21137,1,640486680.000,1,1,0,双开,S,3705.8000,3704.2000,3704.0000,3703.8000,3703.6000,3707.6000,3708.2000,3708.6000,3708.8000,3710.0000,4,2,1,1,3,2,1,1,2,2
SF,IF2006,2020-02-04 09:31:06.100,3704.2000,21136,-1,646042980.000,5,2,3,多平,S,3704.2000,3704.0000,3703.8000,3703.6000,3702.4000,3707.6000,3708.2000,3708.6000,3708.8000,3710.0000,1,1,1,3,39,2,1,1,2,2
SF,IF2006,2020-02-04 09:31:06.600,3705.8000,21137,1,649378200.000,3,2,1,空开,S,3706.2000,3704.8000,3704.4000,3704.2000,3704.0000,3707.4000,3707.6000,3708.2000,3708.6000,3708.8000,7,1,1,1,2,1,2,1,1,2
SF,IF2006,2020-02-04 09:31:07.100,3705.8000,21136,-1,650489940.000,1,0,1,双平,S,3706.2000,3704.8000,3704.4000,3704.2000,3704.0000,3707.6000,3708.2000,3708.6000,3708.8000,3710.0000,7,1,1,2,2,1,1,1,2,2
SF,IF2006,2020-02-04 09:31:07.600,3707.6000,21135,-1,651602220.000,1,0,1,双平,S,3706.2000,3704.2000,3704.0000,3703.8000,3703.6000,3708.2000,3708.6000,3708.8000,3710.0000,3713.4000,7,1,1,1,3,1,1,2,2,3
SF,IF2006,2020-02-04 09:31:08.100,3706.2000,21135,0,652714080.000,1,0,1,多换,S,3706.6000,3706.2000,3704.2000,3704.0000,3703.8000,3708.2000,3708.6000,3708.8000,3710.0000,3713.4000,1,6,8,1,1,1,1,2,2,3
SF,IF2006,2020-02-04 09:31:08.600,3706.2000,21135,0,652714080.000,0,-,-,-,-,3706.8000,3706.6000,3706.2000,3704.2000,3704.0000,3708.2000,3708.6000,3708.8000,3710.0000,3713.4000,1,1,6,8,1,1,1,2,2,1
SF,IF2006,2020-02-04 09:31:09.100,3707.0000,21135,0,654938640.000,2,1,1,多换,S,3706.8000,3706.6000,3706.2000,3704.2000,3704.0000,3708.6000,3708.8000,3710.0000,3713.4000,3713.6000,1,1,6,8,1,1,2,2,1,1
SF,IF2006,2020-02-04 09:31:09.600,3706.8000,21133,-2,658275360.000,3,0,3,多平,S,3706.6000,3706.2000,3705.8000,3704.2000,3704.0000,3708.8000,3710.0000,3713.4000,3713.6000,3714.0000,1,6,1,8,1,2,2,1,1,1
SF,IF2006,2020-02-04 09:31:10.100,3708.8000,21131,-2,660500640.000,2,0,2,双平,S,3706.8000,3706.6000,3706.2000,3704.2000,3704.0000,3710.0000,3714.0000,3718.8000,3719.8000,3720.0000,4,1,6,8,1,2,1,2,1,3
SF,IF2006,2020-02-04 09:31:10.600,3706.8000,21129,-2,662725680.000,2,0,2,双平,S,3708.6000,3707.6000,3706.8000,3706.6000,3706.2000,3709.8000,3710.0000,3714.0000,3718.8000,3719.8000,1,1,2,1,6,2,1,1,2,1
SF,IF2006,2020-02-04 09:31:11.100,3708.8000,21128,-1,666064200.000,3,1,2,多平,S,3708.8000,3708.6000,3708.2000,3707.6000,3706.6000,3710.0000,3714.0000,3718.8000,3719.8000,3720.0000,3,2,2,1,1,1,1,2,1,3
SF,IF2006,2020-02-04 09:31:11.600,3710.0000,21127,-1,667177200.000,1,0,1,双平,S,3710.0000,3708.8000,3708.6000,3708.2000,3707.6000,3714.0000,3718.8000,3719.8000,3720.0000,3729.2000,5,13,2,2,1,1,2,1,3,1
SF,IF2006,2020-02-04 09:31:12.100,3713.6000,21127,0,668291280.000,1,0,1,多换,S,3710.2000,3710.0000,3709.2000,3708.8000,3708.6000,3713.8000,3714.0000,3718.8000,3719.8000,3720.0000,3,8,1,12,1,4,1,2,1,3
SF,IF2006,2020-02-04 09:31:12.600,3710.8000,21128,1,669404520.000,1,1,0,双开,S,3710.6000,3710.2000,3710.0000,3708.8000,3708.6000,3713.6000,3713.8000,3714.0000,3718.8000,3719.8000,1,3,22,12,1,1,2,1,2,1
SF,IF2006,2020-02-04 09:31:13.100,3710.8000,21128,0,669404520.000,0,-,-,-,-,3711.0000,3710.8000,3710.2000,3710.0000,3708.8000,3713.4000,3713.8000,3714.0000,3718.8000,3719.8000,1,1,2,26,13,3,2,1,2,1
SF,IF2006,2020-02-04 09:31:13.600,3713.4000,21128,0,672746520.000,3,1,2,多换,S,3713.8000,3711.2000,3711.0000,3710.2000,3710.0000,3714.0000,3718.8000,3719.8000,3720.0000,3729.2000,4,2,1,1,26,1,2,1,3,1
SF,IF2006,2020-02-04 09:31:14.100,3713.8000,21125,-3,679431180.000,6,1,5,多平,S,3714.0000,3711.2000,3711.0000,3710.2000,3710.0000,3718.8000,3719.8000,3720.0000,3729.2000,3730.0000,4,2,1,1,26,2,1,3,1,1
SF,IF2006,2020-02-04 09:31:14.600,3714.0000,21124,-1,681659580.000,2,0,2,多平,S,3714.0000,3712.6000,3711.0000,3710.2000,3710.0000,3718.6000,3718.8000,3719.8000,3720.0000,3729.2000,3,1,1,1,26,3,3,1,3,1
SF,IF2006,2020-02-04 09:31:15.100,3714.0000,21124,0,681659580.000,0,-,-,-,-,3714.0000,3713.8000,3712.6000,3710.2000,3710.0000,3718.4000,3718.6000,3718.8000,3719.8000,3720.0000,3,1,1,1,26,1,2,3,1,3
SF,IF2006,2020-02-04 09:31:15.600,3714.0000,21123,-1,683887980.000,2,0,2,多平,S,3714.0000,3713.8000,3713.6000,3710.2000,3710.0000,3718.2000,3718.4000,3718.6000,3718.8000,3719.8000,2,1,4,1,26,3,1,1,2,1
SF,IF2006,2020-02-04 09:31:16.100,3718.8000,21123,0,687234540.000,3,1,2,多换,S,3718.6000,3714.2000,3714.0000,3713.8000,3713.6000,3718.8000,3719.8000,3720.0000,3729.2000,3730.0000,3,4,2,1,4,1,1,3,1,1
SF,IF2006,2020-02-04 09:31:16.600,3718.6000,21123,0,690581280.000,3,1,2,多换,S,3714.2000,3714.0000,3713.8000,3713.6000,3710.2000,3715.6000,3717.4000,3718.0000,3718.8000,3719.8000,3,2,1,4,1,1,1,1,1,1
SF,IF2006,2020-02-04 09:31:17.100,3716.0000,21123,0,691696080.000,1,0,1,多换,S,3714.4000,3714.0000,3713.8000,3713.6000,3710.2000,3717.4000,3718.0000,3718.8000,3719.8000,3720.0000,1,12,1,3,1,1,1,1,1,3
SF,IF2006,2020-02-04 09:31:17.600,3718.8000,21123,0,696157500.000,4,2,2,多换,S,3718.8000,3715.2000,3714.6000,3714.4000,3714.0000,3719.8000,3720.0000,3729.2000,3730.0000,3735.8000,9,1,2,1,12,1,3,1,1,1
SF,IF2006,2020-02-04 09:31:18.100,3718.8000,21123,0,698388780.000,2,1,1,多换,S,3718.8000,3715.2000,3714.6000,3714.4000,3714.0000,3719.6000,3719.8000,3720.0000,3729.2000,3730.0000,7,1,1,1,12,1,2,3,1,1
SF,IF2006,2020-02-04 09:31:18.600,3718.8000,21124,1,700620060.000,2,1,1,空开,S,3718.8000,3715.2000,3714.6000,3714.4000,3714.0000,3719.6000,3719.8000,3720.0000,3729.2000,3730.0000,5,1,1,1,12,1,2,3,1,1
SF,IF2006,2020-02-04 09:31:19.100,3718.8000,21125,1,707315100.000,6,3,3,空开,S,3718.8000,3715.6000,3715.2000,3714.6000,3714.4000,3720.0000,3724.2000,3729.2000,3730.0000,3735.8000,4,1,1,1,1,4,1,1,1,1
SF,IF2006,2020-02-04 09:31:19.600,3719.8000,21124,-1,709546680.000,2,0,2,多平,S,3719.6000,3719.0000,3718.8000,3715.6000,3715.2000,3720.0000,3724.2000,3729.2000,3730.0000,3735.8000,10,1,4,1,1,4,1,1,1,1
SF,IF2006,2020-02-04 09:31:20.100,3719.6000,21124,0,716241960.000,6,3,3,多换,S,3719.6000,3719.0000,3718.8000,3715.6000,3715.2000,3720.0000,3724.2000,3729.2000,3730.0000,3735.8000,6,1,4,1,1,4,1,1,1,1
SF,IF2006,2020-02-04 09:31:20.600,3719.6000,21123,-1,725168820.000,8,3,5,多平,S,3718.8000,3715.6000,3715.2000,3714.4000,3714.0000,3719.4000,3719.8000,3720.0000,3729.2000,3730.0000,4,1,1,1,12,1,2,5,1,1
SF,IF2006,2020-02-04 09:31:21.100,3718.8000,21123,0,727400100.000,2,1,1,多换,S,3718.8000,3718.2000,3715.6000,3714.4000,3714.0000,3719.2000,3719.4000,3719.8000,3720.0000,3729.2000,2,3,1,1,12,1,1,2,5,1
SF,IF2006,2020-02-04 09:31:21.600,3718.8000,21122,-1,730747080.000,3,1,2,多平,S,3718.2000,3714.4000,3714.0000,3713.8000,3710.2000,3719.0000,3719.2000,3719.4000,3719.6000,3719.8000,3,1,12,1,1,1,2,1,2,1
SF,IF2006,2020-02-04 09:31:22.100,3719.4000,21122,0,737441220.000,6,3,3,多换,S,3718.2000,3714.4000,3714.0000,3713.8000,3710.2000,3718.8000,3719.6000,3719.8000,3720.0000,3729.2000,2,1,12,1,1,2,2,1,6,1
SF,IF2006,2020-02-04 09:31:22.600,3718.8000,21121,-1,740788020.000,3,1,2,多平,S,3719.2000,3719.0000,3718.2000,3714.4000,3714.0000,3719.6000,3720.0000,3729.2000,3730.0000,3735.8000,10,1,2,1,12,2,7,1,1,1
SF,IF2006,2020-02-04 09:31:23.100,3719.2000,21118,-3,746366820.000,5,1,4,多平,S,3719.2000,3719.0000,3718.2000,3714.4000,3714.0000,3719.4000,3719.6000,3720.0000,3729.2000,3730.0000,6,11,2,1,12,1,2,7,1,1
SF,IF2006,2020-02-04 09:31:23.600,3719.6000,21111,-7,754177260.000,7,0,7,双平,S,3719.0000,3718.2000,3714.4000,3714.0000,3713.8000,3719.6000,3720.0000,3721.0000,3729.2000,3730.0000,11,2,1,12,1,1,9,1,1,1
SF,IF2006,2020-02-04 09:31:24.100,3719.0000,21111,0,760871460.000,6,3,3,多换,S,3719.0000,3718.8000,3718.2000,3714.4000,3714.0000,3719.6000,3720.0000,3729.2000,3730.0000,3735.8000,5,1,2,1,12,1,9,1,1,1
SF,IF2006,2020-02-04 09:31:24.600,3719.4000,21111,0,764218800.000,3,1,2,多换,S,3719.4000,3719.0000,3718.8000,3718.2000,3714.4000,3719.6000,3720.0000,3729.2000,3730.0000,3735.8000,8,4,1,2,1,1,10,1,1,1
SF,IF2006,2020-02-04 09:31:25.100,3719.0000,21111,0,775376760.000,10,5,5,多换,S,3719.4000,3719.0000,3718.8000,3718.2000,3714.4000,3719.6000,3720.0000,3720.4000,3729.2000,3730.0000,3,2,1,2,1,2,10,1,1,1
SF,IF2006,2020-02-04 09:31:25.600,3718.8000,21110,-1,788766300.000,12,5,7,多平,S,3718.2000,3714.4000,3714.0000,3713.8000,3710.2000,3720.0000,3720.4000,3729.2000,3730.0000,3735.8000,2,1,12,1,1,10,1,1,1,1
SF,IF2006,2020-02-04 09:31:26.100,3719.4000,21111,1,793229160.000,4,2,2,空开,S,3719.6000,3718.4000,3718.2000,3718.0000,3714.0000,3719.8000,3720.0000,3720.2000,3720.4000,3729.2000,2,1,1,1,12,1,11,1,1,1
SF,IF2006,2020-02-04 09:31:26.600,3719.6000,21111,0,796576800.000,3,1,2,多换,S,3718.4000,3718.2000,3718.0000,3714.0000,3713.8000,3719.4000,3719.8000,3720.0000,3720.2000,3720.4000,1,1,1,12,1,1,1,10,1,1
SF,IF2006,2020-02-04 09:31:27.100,3718.4000,21110,-1,798808140.000,2,0,2,多平,S,3718.6000,3718.0000,3714.0000,3713.8000,3710.2000,3719.8000,3720.0000,3720.2000,3720.4000,3729.2000,1,1,12,1,1,1,10,1,1,1
SF,IF2006,2020-02-04 09:31:27.600,3719.2000,21109,-1,801039480.000,2,0,2,多平,S,3718.0000,3714.0000,3713.8000,3710.2000,3710.0000,3719.8000,3720.0000,3720.2000,3720.4000,3729.2000,1,12,1,1,14,1,10,1,1,1
SF,IF2006,2020-02-04 09:31:28.100,3718.0000,21109,0,802154880.000,1,0,1,多换,S,3718.2000,3714.0000,3713.8000,3710.2000,3710.0000,3718.4000,3719.4000,3719.6000,3719.8000,3720.0000,1,12,1,1,13,1,1,1,1,10
SF,IF2006,2020-02-04 09:31:28.600,3719.6000,21106,-3,807733080.000,5,1,4,多平,S,3719.4000,3718.2000,3714.0000,3713.8000,3710.2000,3719.8000,3720.0000,3720.2000,3720.4000,3729.2000,1,1,12,1,1,1,10,1,1,1
SF,IF2006,2020-02-04 09:31:29.100,3719.4000,21105,-1,809964720.000,2,0,2,多平,S,3718.2000,3714.0000,3713.8000,3710.2000,3710.0000,3719.0000,3719.8000,3720.0000,3720.2000,3720.4000,1,12,1,1,13,1,1,10,1,1
SF,IF2006,2020-02-04 09:31:29.600,3718.2000,21102,-3,813311820.000,3,0,3,双平,S,3714.0000,3713.8000,3710.2000,3710.0000,3708.8000,3720.0000,3720.2000,3720.4000,3729.2000,3730.0000,12,1,1,13,10,11,1,1,1,1
SF,IF2006,2020-02-04 09:31:30.100,3719.8000,21102,0,814427760.000,1,0,1,多换,S,3718.2000,3714.4000,3714.2000,3714.0000,3713.8000,3719.2000,3719.4000,3719.8000,3720.0000,3720.2000,1,1,3,12,1,1,1,1,11,1
SF,IF2006,2020-02-04 09:31:30.600,3714.4000,21108,6,827816340.000,12,9,3,空开,S,3714.2000,3714.0000,3713.8000,3713.6000,3710.2000,3718.2000,3720.0000,3720.2000,3720.4000,3722.2000,2,12,1,1,1,1,7,1,1,1
SF,IF2006,2020-02-04 09:31:31.100,3718.2000,21107,-1,832277820.000,4,1,3,多平,S,3715.4000,3714.4000,3714.2000,3714.0000,3713.8000,3719.0000,3720.0000,3720.2000,3720.4000,3722.2000,1,2,2,12,1,1,6,1,1,1
SF,IF2006,2020-02-04 09:31:31.600,3718.2000,21107,0,832277820.000,0,-,-,-,-,3715.6000,3714.4000,3714.2000,3714.0000,3713.8000,3718.8000,3719.0000,3719.6000,3720.0000,3720.2000,5,1,1,12,1,1,1,1,6,1
SF,IF2006,2020-02-04 09:31:32.100,3719.0000,21105,-2,835624740.000,3,0,3,多平,S,3719.0000,3718.2000,3715.8000,3715.6000,3714.2000,3719.6000,3720.0000,3720.2000,3720.4000,3722.2000,6,1,1,4,1,1,6,1,1,1
SF,IF2006,2020-02-04 09:31:32.600,3719.0000,21097,-8,846781500.000,10,1,9,多平,S,3719.0000,3716.0000,3715.8000,3715.6000,3714.2000,3719.6000,3720.0000,3720.2000,3720.4000,3722.2000,10,1,1,3,1,1,6,1,1,1
SF,IF2006,2020-02-04 09:31:33.100,3719.6000,21090,-7,857938680.000,10,1,9,多平,S,3719.6000,3719.0000,3716.0000,3715.6000,3714.2000,3720.0000,3720.2000,3720.4000,3722.2000,3729.2000,4,2,1,3,1,6,1,1,1,1
SF,IF2006,2020-02-04 09:31:33.600,3719.6000,21092,2,861286320.000,3,2,1,空开,S,3719.6000,3719.0000,3718.8000,3716.0000,3715.6000,3720.0000,3720.2000,3720.4000,3722.2000,3729.2000,1,7,7,1,1,7,1,1,1,1
SF,IF2006,2020-02-04 09:31:34.100,3719.0000,21092,0,864633600.000,3,1,2,多换,S,3719.0000,3718.8000,3715.6000,3714.2000,3714.0000,3719.2000,3719.6000,3719.8000,3720.0000,3720.2000,5,7,1,1,12,1,1,1,8,1
SF,IF2006,2020-02-04 09:31:34.600,3719.0000,21089,-3,872443680.000,7,2,5,多平,S,3719.0000,3718.8000,3715.6000,3714.2000,3714.0000,3719.8000,3720.0000,3720.2000,3720.4000,3722.2000,2,7,1,1,12,1,7,1,1,1
SF,IF2006,2020-02-04 09:31:35.100,3720.0000,21092,3,875791320.000,3,3,0,双开,S,3719.8000,3719.0000,3718.8000,3715.6000,3714.2000,3720.0000,3720.2000,3720.4000,3722.2000,3729.2000,20,1,7,1,1,6,1,1,1,1
SF,IF2006,2020-02-04 09:31:35.600,3719.8000,21093,1,881371020.000,5,3,2,空开,S,3719.8000,3719.0000,3718.8000,3715.6000,3714.2000,3720.0000,3720.2000,3720.4000,3729.2000,3730.0000,15,1,7,1,1,6,1,1,1,1
SF,IF2006,2020-02-04 09:31:36.100,3719.8000,21095,2,890298600.000,8,5,3,空开,S,3719.8000,3719.2000,3719.0000,3718.8000,3715.6000,3720.0000,3720.2000,3720.4000,3729.2000,3730.0000,8,2,1,7,1,6,1,1,1,1
SF,IF2006,2020-02-04 09:31:36.600,3719.8000,21095,0,899226240.000,8,4,4,多换,S,3719.8000,3719.2000,3719.0000,3718.8000,3715.6000,3720.0000,3720.2000,3720.4000,3729.2000,3730.0000,2,2,1,7,1,5,1,1,1,1
SF,IF2006,2020-02-04 09:31:37.100,3719.8000,21095,0,910384680.000,10,5,5,多换,S,3718.8000,3715.6000,3714.2000,3714.0000,3713.8000,3720.0000,3720.2000,3720.4000,3729.2000,3730.0000,7,1,2,12,1,4,1,1,1,1
SF,IF2006,2020-02-04 09:31:37.600,3719.0000,21097,2,915963180.000,5,3,2,空开,S,3718.8000,3715.6000,3714.2000,3714.0000,3713.8000,3719.6000,3719.8000,3720.0000,3720.2000,3720.4000,7,1,2,12,1,1,1,4,1,1
SF,IF2006,2020-02-04 09:31:38.100,3718.8000,21095,-2,919310100.000,3,0,3,多平,S,3718.8000,3717.2000,3715.6000,3714.2000,3714.0000,3719.6000,3719.8000,3720.0000,3720.2000,3720.4000,4,1,1,2,12,1,1,3,1,1
SF,IF2006,2020-02-04 09:31:38.600,3719.6000,21097,2,923773620.000,4,3,1,空开,S,3719.6000,3718.8000,3717.2000,3715.6000,3714.2000,3719.8000,3720.0000,3720.2000,3720.4000,3729.2000,2,4,1,1,2,1,3,2,1,1
SF,IF2006,2020-02-04 09:31:39.100,3719.6000,21098,1,927121320.000,3,2,1,空开,S,3718.8000,3717.2000,3715.6000,3714.2000,3714.0000,3720.0000,3720.2000,3720.4000,3729.2000,3730.0000,4,1,1,2,12,3,2,1,1,1
SF,IF2006,2020-02-04 09:31:39.600,3718.8000,21098,0,930468540.000,3,1,2,多换,S,3718.8000,3717.2000,3715.6000,3714.2000,3714.0000,3720.0000,3720.2000,3720.4000,3729.2000,3730.0000,2,1,1,2,12,4,2,1,1,1
SF,IF2006,2020-02-04 09:31:40.100,3719.6000,21097,-1,936047700.000,5,2,3,多平,S,3719.6000,3717.2000,3715.6000,3714.2000,3714.0000,3719.8000,3720.0000,3720.2000,3720.4000,3729.2000,2,1,1,2,12,1,3,4,1,1
SF,IF2006,2020-02-04 09:31:40.600,3719.6000,21097,0,938279460.000,2,1,1,多换,S,3717.2000,3715.6000,3714.2000,3714.0000,3713.8000,3718.8000,3719.0000,3719.6000,3719.8000,3720.0000,1,1,2,12,1,1,1,2,1,3
SF,IF2006,2020-02-04 09:31:41.100,3718.8000,21097,0,939395100.000,1,0,1,多换,S,3717.4000,3717.2000,3714.2000,3714.0000,3713.8000,3718.8000,3719.0000,3719.6000,3719.8000,3720.0000,1,1,1,12,1,1,1,1,1,2
SF,IF2006,2020-02-04 09:31:41.600,3717.4000,21097,0,940510320.000,1,0,1,多换,S,3717.2000,3714.2000,3714.0000,3713.8000,3713.6000,3718.8000,3719.0000,3719.6000,3719.8000,3720.0000,1,1,12,1,1,1,1,1,1,2
SF,IF2006,2020-02-04 09:31:42.100,3718.8000,21095,-2,947203500.000,6,2,4,多平,S,3718.8000,3717.2000,3714.2000,3714.0000,3713.8000,3719.6000,3719.8000,3720.0000,3720.2000,3720.4000,2,1,1,12,1,1,1,4,4,1
SF,IF2006,2020-02-04 09:31:42.600,3718.8000,21093,-2,949434960.000,2,0,2,双平,S,3718.8000,3717.2000,3714.2000,3714.0000,3713.8000,3719.6000,3719.8000,3720.0000,3720.2000,3720.4000,13,1,1,12,1,1,1,4,4,1
SF,IF2006,2020-02-04 09:31:43.100,3719.6000,21082,-11,961707240.000,11,0,11,双平,S,3718.8000,3717.2000,3714.2000,3714.0000,3713.8000,3719.8000,3720.0000,3720.2000,3720.4000,3729.2000,4,1,1,12,1,1,4,4,1,1
SF,IF2006,2020-02-04 09:31:43.600,3718.8000,21080,-2,965054400.000,3,0,3,多平,S,3718.8000,3717.2000,3714.2000,3714.0000,3713.8000,3719.8000,3720.0000,3720.2000,3720.4000,3729.2000,2,11,1,12,1,2,4,4,3,1
SF,IF2006,2020-02-04 09:31:44.100,3718.8000,21080,0,967285680.000,2,1,1,多换,S,3717.2000,3714.2000,3714.0000,3713.8000,3713.6000,3718.4000,3718.8000,3719.8000,3720.0000,3720.2000,11,1,12,1,1,1,1,2,4,4
SF,IF2006,2020-02-04 09:31:44.600,3718.8000,21080,0,970632360.000,3,1,2,多换,S,3717.4000,3717.2000,3714.2000,3714.0000,3713.8000,3718.8000,3719.8000,3720.0000,3720.2000,3720.4000,1,11,1,12,1,4,2,4,4,3
SF,IF2006,2020-02-04 09:31:45.100,3717.4000,21079,-1,972863220.000,2,0,2,多平,S,3717.2000,3714.2000,3714.0000,3713.8000,3713.6000,3718.8000,3719.8000,3720.0000,3720.2000,3720.4000,1,1,12,1,1,5,1,4,4,3
SF,IF2006,2020-02-04 09:31:45.600,3717.2000,21075,-4,977324040.000,4,0,4,双平,S,3714.2000,3714.0000,3713.8000,3713.2000,3710.6000,3717.2000,3718.6000,3718.8000,3719.8000,3720.0000,1,12,1,2,1,7,3,6,2,5
SF,IF2006,2020-02-04 09:31:46.100,3717.2000,21074,-1,978439200.000,1,0,1,双平,S,3714.4000,3714.2000,3714.0000,3713.8000,3713.2000,3717.0000,3717.2000,3718.6000,3718.8000,3719.8000,2,1,2,1,2,1,6,2,6,2
SF,IF2006,2020-02-04 09:31:46.600,3717.2000,21075,1,979554360.000,1,1,0,双开,S,3714.6000,3714.4000,3714.2000,3714.0000,3713.8000,3717.2000,3718.6000,3718.8000,3719.8000,3720.0000,1,2,1,2,1,6,2,6,2,5
SF,IF2006,2020-02-04 09:31:47.100,3714.2000,21071,-4,986240700.000,6,1,5,多平,S,3714.0000,3713.8000,3713.2000,3710.6000,3710.0000,3714.6000,3717.0000,3717.2000,3718.6000,3718.8000,2,1,3,1,8,2,3,7,2,6
SF,IF2006,2020-02-04 09:31:47.600,3714.6000,21069,-2,988469460.000,2,0,2,双平,S,3714.0000,3713.8000,3713.2000,3710.6000,3710.0000,3714.6000,3717.0000,3717.2000,3718.8000,3719.6000,2,1,3,1,8,10,3,7,9,1
SF,IF2006,2020-02-04 09:31:48.100,3713.8000,21069,0,1000726860.000,11,5,6,多换,S,3713.2000,3710.6000,3710.0000,3708.8000,3707.8000,3714.6000,3717.0000,3717.2000,3718.8000,3719.6000,3,1,8,1,1,6,1,7,9,1
SF,IF2006,2020-02-04 09:31:48.600,3713.8000,21069,0,1000726860.000,0,-,-,-,-,3713.4000,3713.2000,3710.6000,3710.0000,3708.8000,3714.4000,3714.6000,3717.0000,3717.2000,3718.8000,1,3,1,8,1,1,6,1,7,9
SF,IF2006,2020-02-04 09:31:49.100,3713.8000,21069,0,1000726860.000,0,-,-,-,-,3713.2000,3710.6000,3710.0000,3708.8000,3707.8000,3714.2000,3714.4000,3714.6000,3717.0000,3717.2000,3,1,8,1,1,1,1,6,1,7
SF,IF2006,2020-02-04 09:31:49.600,3713.2000,21068,-1,1002955020.000,2,0,2,多平,S,3713.2000,3710.6000,3710.0000,3708.8000,3707.8000,3714.0000,3714.2000,3714.4000,3714.6000,3717.0000,2,1,8,1,1,1,1,1,6,1
SF,IF2006,2020-02-04 09:31:50.100,3713.2000,21066,-2,1005182940.000,2,0,2,双平,S,3710.6000,3710.0000,3708.8000,3707.8000,3706.2000,3713.2000,3713.8000,3714.0000,3714.2000,3714.4000,1,8,1,1,1,1,11,1,1,1
SF,IF2006,2020-02-04 09:31:50.600,3713.8000,21066,0,1016323980.000,10,5,5,多换,S,3710.6000,3710.0000,3708.8000,3707.8000,3706.2000,3713.0000,3713.8000,3714.0000,3714.6000,3717.0000,1,8,1,1,1,2,3,1,6,1
SF,IF2006,2020-02-04 09:31:51.100,3710.8000,21065,-1,1017437220.000,1,0,1,双平,S,3710.6000,3710.0000,3708.8000,3707.8000,3706.2000,3712.8000,3713.0000,3713.8000,3714.0000,3714.6000,1,8,1,1,1,1,3,3,1,6
SF,IF2006,2020-02-04 09:31:51.600,3710.8000,21065,0,1018550460.000,1,0,1,多换,S,3710.6000,3710.0000,3708.8000,3707.8000,3706.2000,3712.8000,3713.0000,3713.8000,3714.0000,3714.2000,1,8,1,1,1,1,3,3,1,3
SF,IF2006,2020-02-04 09:31:52.100,3710.8000,21064,-1,1019663700.000,1,0,1,双平,S,3710.8000,3710.6000,3710.0000,3708.8000,3707.8000,3712.8000,3713.0000,3713.8000,3714.0000,3714.2000,2,1,8,1,1,1,3,3,1,3
SF,IF2006,2020-02-04 09:31:52.600,3710.8000,21063,-1,1020776940.000,1,0,1,双平,S,3711.0000,3710.6000,3710.0000,3708.8000,3707.8000,3712.8000,3713.0000,3713.8000,3714.0000,3714.2000,1,1,8,1,1,1,3,3,1,3
SF,IF2006,2020-02-04 09:31:53.100,3710.6000,21061,-2,1023003360.000,2,0,2,双平,S,3710.0000,3708.8000,3707.8000,3706.2000,3704.2000,3710.6000,3712.6000,3712.8000,3713.0000,3713.2000,8,1,1,1,1,5,1,1,3,10
SF,IF2006,2020-02-04 09:31:53.600,3710.6000,21058,-3,1027456080.000,4,0,4,多平,S,3710.0000,3708.8000,3707.8000,3706.2000,3704.2000,3710.6000,3712.6000,3712.8000,3713.0000,3713.2000,8,1,1,1,1,1,1,1,3,10
SF,IF2006,2020-02-04 09:31:54.100,3710.6000,21058,0,1027456080.000,0,-,-,-,-,3710.2000,3710.0000,3708.8000,3707.8000,3706.2000,3710.6000,3712.6000,3712.8000,3713.0000,3713.2000,1,8,1,1,1,7,1,1,3,10
SF,IF2006,2020-02-04 09:31:54.600,3710.6000,21058,0,1027456080.000,0,-,-,-,-,3710.0000,3708.8000,3707.8000,3706.2000,3704.2000,3710.6000,3711.0000,3712.6000,3712.8000,3713.0000,8,1,1,1,1,7,1,1,1,3
SF,IF2006,2020-02-04 09:31:55.100,3710.0000,21053,-5,1041926520.000,13,4,9,多平,S,3710.0000,3708.8000,3707.8000,3706.2000,3704.2000,3710.6000,3711.0000,3712.8000,3713.0000,3713.2000,3,1,1,1,1,4,2,1,2,10
SF,IF2006,2020-02-04 09:31:55.600,3710.2000,21047,-6,1049718060.000,7,0,7,多平,S,3710.0000,3708.8000,3707.8000,3706.2000,3704.2000,3710.6000,3711.0000,3712.8000,3713.0000,3713.2000,2,1,1,1,1,3,2,1,2,10
SF,IF2006,2020-02-04 09:31:56.100,3710.0000,21049,2,1053057240.000,3,2,1,空开,S,3708.8000,3707.8000,3706.2000,3704.2000,3703.6000,3710.6000,3711.0000,3712.8000,3713.0000,3713.2000,1,1,1,1,1,2,2,1,2,10
SF,IF2006,2020-02-04 09:31:56.600,3710.0000,21049,0,1053057240.000,0,-,-,-,-,3709.0000,3708.8000,3707.8000,3706.2000,3704.2000,3710.6000,3711.0000,3712.8000,3713.0000,3713.2000,1,1,1,1,1,2,2,1,2,10
SF,IF2006,2020-02-04 09:31:57.100,3710.2000,21049,0,1056396660.000,3,1,2,多换,S,3710.6000,3710.2000,3709.2000,3709.0000,3708.8000,3711.0000,3712.8000,3713.0000,3713.2000,3713.8000,5,19,1,1,1,2,1,2,10,3
SF,IF2006,2020-02-04 09:31:57.600,3710.6000,21047,-2,1060849620.000,4,1,3,多平,S,3710.6000,3710.2000,3709.2000,3708.8000,3707.8000,3712.8000,3713.0000,3713.2000,3713.8000,3714.0000,3,19,1,1,1,1,2,10,3,1
SF,IF2006,2020-02-04 09:31:58.100,3710.6000,21047,0,1061962800.000,1,0,1,多换,S,3710.6000,3710.2000,3709.2000,3708.8000,3707.8000,3712.8000,3713.0000,3713.2000,3713.8000,3714.0000,2,19,1,1,1,1,1,10,3,1
SF,IF2006,2020-02-04 09:31:58.600,3710.6000,21047,0,1061962800.000,0,-,-,-,-,3710.6000,3710.2000,3709.2000,3708.8000,3707.8000,3712.8000,3713.0000,3713.2000,3713.8000,3714.0000,2,19,1,1,1,1,1,10,3,1
SF,IF2006,2020-02-04 09:31:59.100,3710.6000,21047,0,1064189160.000,2,1,1,多换,S,3710.2000,3709.2000,3708.8000,3707.8000,3706.2000,3710.6000,3712.6000,3712.8000,3713.0000,3713.2000,19,1,1,1,1,10,2,1,1,10
SF,IF2006,2020-02-04 09:31:59.600,3710.6000,21047,0,1065302340.000,1,0,1,多换,S,3710.2000,3709.2000,3708.8000,3707.8000,3706.2000,3710.6000,3712.6000,3712.8000,3713.0000,3713.2000,19,1,1,1,1,11,2,1,1,10
SF,IF2006,2020-02-04 09:32:00.100,3710.2000,21047,0,1075319880.000,9,4,5,多换,S,3710.2000,3708.8000,3707.8000,3706.2000,3704.2000,3710.6000,3712.6000,3712.8000,3713.0000,3713.2000,10,1,1,1,1,14,1,1,1,10
SF,IF2006,2020-02-04 09:32:00.600,3710.2000,21047,0,1086450480.000,10,5,5,多换,S,3708.8000,3707.8000,3706.2000,3704.2000,3703.6000,3710.2000,3710.6000,3712.6000,3712.8000,3713.0000,1,1,1,1,1,1,15,1,1,1
SF,IF2006,2020-02-04 09:32:01.100,3708.8000,21045,-2,1088675760.000,2,0,2,双平,S,3707.8000,3706.2000,3704.2000,3703.6000,3702.4000,3708.8000,3709.6000,3709.8000,3710.0000,3710.2000,1,1,1,1,1,8,1,1,1,1
SF,IF2006,2020-02-04 09:32:01.600,3709.6000,21043,-2,1098689760.000,9,3,6,多平,S,3708.0000,3707.8000,3706.2000,3704.2000,3702.4000,3710.0000,3710.2000,3710.6000,3713.0000,3713.2000,1,1,1,1,1,1,1,15,1,10
SF,IF2006,2020-02-04 09:32:02.100,3710.6000,21043,0,1104255360.000,5,2,3,多换,S,3710.0000,3708.2000,3707.8000,3706.2000,3704.2000,3710.6000,3713.0000,3713.2000,3713.8000,3714.0000,1,1,1,1,1,12,1,10,3,1
SF,IF2006,2020-02-04 09:32:02.600,3710.6000,21041,-2,1106481540.000,2,0,2,双平,S,3708.2000,3707.8000,3706.2000,3704.2000,3702.4000,3710.2000,3710.6000,3713.0000,3713.2000,3713.6000,1,1,1,1,1,4,11,1,10,10
SF,IF2006,2020-02-04 09:32:03.100,3708.4000,21039,-2,1108707240.000,2,0,2,双平,S,3708.2000,3707.8000,3706.2000,3704.2000,3702.4000,3710.0000,3710.2000,3710.6000,3713.0000,3713.2000,1,1,1,1,1,2,4,11,1,10
SF,IF2006,2020-02-04 09:32:03.600,3709.8000,21038,-1,1110932700.000,2,0,2,多平,S,3708.2000,3707.8000,3706.2000,3704.2000,3702.4000,3709.8000,3710.0000,3710.2000,3710.6000,3713.0000,1,1,1,1,1,3,3,4,9,1
SF,IF2006,2020-02-04 09:32:04.100,3709.8000,21038,0,1110932700.000,0,-,-,-,-,3707.8000,3706.2000,3704.2000,3702.4000,3700.6000,3709.6000,3709.8000,3710.0000,3710.2000,3710.6000,1,1,1,1,20,2,3,3,4,9
SF,IF2006,2020-02-04 09:32:04.600,3709.6000,21037,-1,1112045580.000,1,0,1,双平,S,3708.0000,3707.8000,3706.2000,3704.2000,3702.4000,3709.8000,3710.0000,3710.2000,3710.6000,3713.0000,1,1,1,1,1,2,6,4,5,1
SF,IF2006,2020-02-04 09:32:05.100,3709.6000,21037,0,1112045580.000,0,-,-,-,-,3708.0000,3707.8000,3706.2000,3704.2000,3702.4000,3708.4000,3709.4000,3709.8000,3710.0000,3710.2000,1,1,1,1,1,2,2,2,6,4
SF,IF2006,2020-02-04 09:32:05.600,3710.0000,21036,-1,1119835500.000,7,3,4,多平,S,3708.4000,3708.0000,3707.8000,3706.2000,3704.2000,3710.0000,3710.2000,3710.6000,3713.0000,3713.6000,1,1,1,1,1,5,4,5,1,10
SF,IF2006,2020-02-04 09:32:06.100,3708.4000,21035,-1,1120948020.000,1,0,1,双平,S,3707.8000,3706.2000,3704.2000,3702.4000,3700.6000,3708.0000,3709.8000,3710.0000,3710.2000,3710.6000,1,1,1,1,20,1,5,5,4,5
SF,IF2006,2020-02-04 09:32:06.600,3707.8000,21034,-1,1129846920.000,8,3,5,多平,S,3706.2000,3704.2000,3702.4000,3700.6000,3700.0000,3707.8000,3708.2000,3709.8000,3710.0000,3710.2000,1,1,1,20,2,5,1,3,5,4
SF,IF2006,2020-02-04 09:32:07.100,3707.8000,21034,0,1138745640.000,8,4,4,多换,S,3706.2000,3704.2000,3702.4000,3700.6000,3700.0000,3707.8000,3708.0000,3708.2000,3709.8000,3710.0000,1,1,1,20,2,2,1,1,1,5
SF,IF2006,2020-02-04 09:32:07.600,3707.8000,21034,0,1138745640.000,0,-,-,-,-,3706.2000,3704.2000,3702.4000,3700.6000,3700.0000,3707.6000,3707.8000,3708.0000,3708.2000,3709.8000,1,1,1,20,2,2,2,2,1,1
SF,IF2006,2020-02-04 09:32:08.100,3707.8000,21034,0,1138745640.000,0,-,-,-,-,3706.2000,3704.2000,3702.4000,3700.6000,3700.0000,3707.2000,3707.8000,3708.0000,3708.2000,3709.8000,1,1,1,20,2,2,2,2,1,1
SF,IF2006,2020-02-04 09:32:08.600,3706.2000,21034,0,1139857500.000,1,0,1,多换,S,3704.2000,3702.4000,3700.6000,3700.0000,3698.6000,3707.0000,3707.8000,3708.0000,3708.2000,3709.4000,1,1,20,2,1,2,5,2,1,1
SF,IF2006,2020-02-04 09:32:09.100,3706.2000,21034,0,1139857500.000,0,-,-,-,-,3704.4000,3704.2000,3702.4000,3700.6000,3700.0000,3706.2000,3707.8000,3708.0000,3708.2000,3709.4000,3,2,1,20,2,4,5,2,1,1
SF,IF2006,2020-02-04 09:32:09.600,3706.2000,21034,0,1139857500.000,0,-,-,-,-,3704.4000,3704.2000,3702.4000,3700.6000,3700.0000,3706.2000,3707.8000,3708.0000,3708.2000,3709.4000,2,1,1,20,2,4,5,2,1,1
SF,IF2006,2020-02-04 09:32:10.100,3704.4000,21034,0,1140968820.000,1,0,1,多换,S,3704.6000,3704.2000,3702.4000,3700.6000,3700.0000,3705.8000,3706.0000,3706.2000,3707.8000,3708.0000,1,1,1,20,2,2,1,4,5,2
SF,IF2006,2020-02-04 09:32:10.600,3706.2000,21034,0,1145416260.000,4,2,2,多换,S,3706.2000,3704.8000,3704.6000,3704.2000,3702.4000,3707.8000,3708.0000,3708.2000,3709.8000,3710.0000,1,1,1,1,1,5,2,1,1,9
SF,IF2006,2020-02-04 09:32:11.100,3706.2000,21034,0,1146528120.000,1,0,1,多换,S,3704.8000,3704.6000,3704.2000,3702.4000,3700.6000,3706.2000,3707.6000,3707.8000,3708.0000,3708.2000,1,1,1,1,20,1,3,5,2,1
SF,IF2006,2020-02-04 09:32:11.600,3706.2000,21034,0,1146528120.000,0,-,-,-,-,3704.8000,3704.6000,3704.2000,3702.4000,3700.6000,3706.2000,3707.8000,3708.0000,3708.2000,3710.0000,1,1,1,1,20,1,5,4,1,11
SF,IF2006,2020-02-04 09:32:12.100,3706.2000,21034,0,1147639980.000,1,0,1,多换,S,3704.8000,3704.6000,3704.2000,3702.4000,3700.6000,3707.8000,3708.0000,3708.2000,3709.2000,3710.0000,1,1,1,1,20,5,3,1,1,12
SF,IF2006,2020-02-04 09:32:12.600,3706.2000,21033,-1,1150974720.000,3,1,2,多平,S,3706.2000,3704.6000,3704.2000,3702.4000,3701.6000,3707.2000,3707.6000,3707.8000,3708.0000,3708.2000,3,1,1,1,1,2,2,5,3,1
SF,IF2006,2020-02-04 09:32:13.100,3706.2000,21032,-1,1152086580.000,1,0,1,双平,S,3706.2000,3704.6000,3704.2000,3702.4000,3701.6000,3707.0000,3707.6000,3707.8000,3708.0000,3708.2000,6,1,1,1,1,3,1,5,3,1
SF,IF2006,2020-02-04 09:32:13.600,3704.6000,21028,-4,1159869120.000,7,1,6,多平,S,3704.2000,3702.4000,3701.6000,3700.6000,3700.0000,3707.0000,3707.6000,3707.8000,3708.0000,3708.2000,1,1,1,20,2,2,1,5,3,1
SF,IF2006,2020-02-04 09:32:14.100,3704.6000,21028,0,1159869120.000,0,-,-,-,-,3704.2000,3702.4000,3701.6000,3700.6000,3700.0000,3706.6000,3706.8000,3707.0000,3707.6000,3707.8000,1,1,1,20,2,2,2,2,1,5
SF,IF2006,2020-02-04 09:32:14.600,3706.2000,21028,0,1162092240.000,2,1,1,多换,S,3702.4000,3701.6000,3700.6000,3700.0000,3698.6000,3706.2000,3706.4000,3706.8000,3707.0000,3707.8000,1,1,20,2,1,2,1,1,2,5
SF,IF2006,2020-02-04 09:32:15.100,3706.2000,21028,0,1162092240.000,0,-,-,-,-,3702.6000,3702.4000,3701.6000,3700.6000,3700.0000,3706.0000,3706.2000,3707.8000,3708.0000,3708.2000,2,1,1,20,2,3,4,5,3,1
SF,IF2006,2020-02-04 09:32:15.600,3706.2000,21028,0,1162092240.000,0,-,-,-,-,3702.8000,3702.6000,3702.4000,3701.6000,3700.6000,3705.8000,3706.0000,3706.2000,3707.8000,3708.0000,1,2,1,1,20,1,3,4,5,3
SF,IF2006,2020-02-04 09:32:16.100,3705.6000,21029,1,1169871900.000,7,4,3,空开,S,3702.6000,3702.4000,3701.6000,3700.6000,3700.0000,3705.6000,3705.8000,3706.0000,3706.2000,3707.8000,1,1,1,20,2,2,1,2,4,5
SF,IF2006,2020-02-04 09:32:16.600,3702.4000,21030,1,1172093400.000,2,1,1,空开,S,3701.6000,3700.6000,3700.0000,3698.6000,3698.4000,3702.4000,3705.4000,3705.6000,3705.8000,3706.0000,1,20,2,1,1,1,1,2,1,2
SF,IF2006,2020-02-04 09:32:17.100,3702.4000,21029,-1,1173204120.000,1,0,1,双平,S,3701.6000,3700.6000,3700.0000,3698.6000,3698.4000,3702.8000,3704.8000,3705.4000,3705.6000,3706.0000,1,20,2,1,1,2,1,1,1,2
SF,IF2006,2020-02-04 09:32:17.600,3702.0000,21030,1,1175425260.000,2,1,1,空开,S,3701.8000,3701.6000,3700.6000,3700.0000,3698.6000,3702.6000,3702.8000,3704.2000,3704.8000,3705.4000,1,1,20,2,1,1,6,1,1,1
SF,IF2006,2020-02-04 09:32:18.100,3702.6000,21029,-1,1177646820.000,2,0,2,多平,S,3701.6000,3700.6000,3700.0000,3698.6000,3698.4000,3702.8000,3704.2000,3704.8000,3705.4000,3705.6000,1,20,2,1,1,6,1,1,1,1
SF,IF2006,2020-02-04 09:32:18.600,3701.8000,21027,-2,1180979040.000,3,0,3,多平,S,3701.6000,3700.6000,3700.0000,3698.6000,3697.8000,3702.8000,3704.2000,3704.8000,3705.4000,3705.6000,1,20,2,1,1,4,1,1,1,1
SF,IF2006,2020-02-04 09:32:19.100,3701.8000,21027,0,1183200120.000,2,1,1,多换,S,3702.6000,3701.8000,3701.6000,3700.6000,3700.0000,3702.8000,3703.6000,3704.2000,3704.8000,3705.6000,1,1,1,20,2,4,1,1,1,1
SF,IF2006,2020-02-04 09:32:19.600,3702.6000,21027,0,1185421560.000,2,1,1,多换,S,3701.8000,3701.6000,3700.6000,3700.0000,3698.6000,3702.8000,3703.6000,3704.2000,3704.8000,3705.6000,1,1,20,2,1,4,1,1,1,1
SF,IF2006,2020-02-04 09:32:20.100,3702.8000,21029,2,1193197320.000,7,4,3,空开,S,3702.8000,3701.6000,3700.6000,3700.0000,3698.6000,3703.6000,3704.2000,3704.6000,3704.8000,3705.6000,3,1,20,2,1,1,1,1,1,1
SF,IF2006,2020-02-04 09:32:20.600,3702.8000,21029,0,1195419000.000,2,1,1,多换,S,3702.8000,3701.6000,3700.6000,3700.0000,3698.6000,3703.4000,3703.6000,3704.2000,3704.6000,3705.6000,1,1,20,2,1,1,2,1,1,1
SF,IF2006,2020-02-04 09:32:21.100,3702.8000,21029,0,1196529840.000,1,0,1,多换,S,3701.6000,3700.6000,3700.0000,3698.6000,3697.8000,3703.0000,3703.2000,3703.4000,3703.6000,3704.2000,1,20,2,1,1,1,2,1,2,1
SF,IF2006,2020-02-04 09:32:21.600,3702.0000,21030,1,1197640440.000,1,1,0,双开,S,3702.0000,3701.8000,3701.6000,3700.6000,3700.0000,3702.8000,3703.0000,3703.2000,3704.2000,3704.4000,1,1,1,20,2,1,1,2,1,2
SF,IF2006,2020-02-04 09:32:22.100,3703.0000,21028,-2,1199862180.000,2,0,2,双平,S,3702.0000,3701.8000,3701.6000,3700.6000,3700.0000,3703.2000,3704.2000,3704.4000,3704.6000,3705.6000,1,1,1,20,2,2,1,2,1,1
SF,IF2006,2020-02-04 09:32:22.600,3703.0000,21027,-1,1200973080.000,1,0,1,双平,S,3703.0000,3702.2000,3702.0000,3701.8000,3701.6000,3703.2000,3704.2000,3704.4000,3704.6000,3705.6000,1,1,1,1,1,2,1,2,1,1
SF,IF2006,2020-02-04 09:32:23.100,3703.0000,21027,0,1203194940.000,2,1,1,多换,S,3702.0000,3701.6000,3701.0000,3700.6000,3700.0000,3703.2000,3704.2000,3704.4000,3704.6000,3705.6000,1,1,3,20,3,1,1,2,1,1
SF,IF2006,2020-02-04 09:32:23.600,3703.2000,21026,-1,1204305900.000,1,0,1,双平,S,3703.6000,3702.2000,3702.0000,3701.6000,3701.0000,3704.2000,3704.4000,3704.6000,3705.6000,3706.0000,1,3,1,1,3,1,2,1,1,1
SF,IF2006,2020-02-04 09:32:24.100,3703.6000,21025,-1,1205416980.000,1,0,1,双平,S,3702.2000,3702.0000,3701.6000,3701.0000,3700.6000,3702.6000,3704.2000,3704.4000,3704.6000,3705.6000,1,1,1,3,20,1,1,2,1,1
SF,IF2006,2020-02-04 09:32:24.600,3702.4000,21018,-7,1213192320.000,7,0,7,双平,S,3702.2000,3702.0000,3701.6000,3701.0000,3700.6000,3704.2000,3704.4000,3704.6000,3705.6000,3706.0000,1,1,1,3,20,1,2,1,1,1
SF,IF2006,2020-02-04 09:32:25.100,3702.4000,21018,0,1213192320.000,0,-,-,-,-,3702.0000,3701.6000,3701.0000,3700.6000,3700.0000,3704.0000,3704.2000,3704.4000,3704.6000,3705.6000,1,1,3,20,3,1,1,2,1,1
SF,IF2006,2020-02-04 09:32:25.600,3702.4000,21018,0,1213192320.000,0,-,-,-,-,3702.0000,3701.6000,3701.0000,3700.6000,3700.0000,3702.2000,3703.8000,3704.2000,3704.4000,3704.6000,1,1,3,20,3,4,1,1,2,1
SF,IF2006,2020-02-04 09:32:26.100,3702.2000,21014,-4,1218745560.000,5,0,5,多平,S,3701.6000,3701.0000,3700.6000,3700.0000,3698.6000,3702.2000,3704.2000,3704.4000,3704.6000,3705.6000,1,3,20,3,1,1,1,2,1,1
SF,IF2006,2020-02-04 09:32:26.600,3702.2000,21013,-1,1219856220.000,1,0,1,双平,S,3701.6000,3701.0000,3700.6000,3700.0000,3698.6000,3701.8000,3704.2000,3704.4000,3704.6000,3705.6000,1,3,20,3,1,1,1,2,1,1
SF,IF2006,2020-02-04 09:32:27.600,3701.8000,21011,-2,1222077240.000,2,0,2,双平,S,3701.6000,3701.0000,3700.6000,3700.0000,3698.6000,3704.2000,3704.4000,3704.6000,3705.6000,3706.0000,1,3,20,3,1,1,2,1,1,1
SF,IF2006,2020-02-04 09:32:28.100,3701.6000,21010,-1,1224298860.000,2,0,2,多平,S,3701.0000,3700.6000,3700.0000,3698.6000,3697.8000,3702.0000,3704.0000,3704.2000,3704.4000,3704.6000,3,20,3,1,1,1,1,1,2,1
SF,IF2006,2020-02-04 09:32:28.600,3701.2000,21009,-1,1225409220.000,1,0,1,双平,S,3701.2000,3701.0000,3700.6000,3700.0000,3698.6000,3702.0000,3704.2000,3704.4000,3704.6000,3705.6000,3,3,20,3,1,1,1,2,1,1
SF,IF2006,2020-02-04 09:32:29.100,3701.2000,21008,-1,1226519580.000,1,0,1,双平,S,3701.0000,3700.6000,3700.0000,3698.6000,3697.8000,3701.6000,3702.0000,3704.2000,3704.4000,3704.6000,3,20,3,1,1,3,1,1,2,1
SF,IF2006,2020-02-04 09:32:29.600,3701.0000,21008,0,1227629880.000,1,0,1,多换,S,3701.0000,3700.6000,3700.0000,3698.6000,3697.8000,3701.2000,3701.6000,3702.0000,3702.4000,3704.0000,2,20,3,1,1,1,5,1,10,1
SF,IF2006,2020-02-04 09:32:30.100,3701.0000,21008,0,1229850480.000,2,1,1,多换,S,3700.6000,3700.0000,3698.6000,3697.8000,3693.4000,3701.2000,3701.6000,3702.0000,3702.4000,3704.0000,20,3,1,1,1,1,5,1,10,1
SF,IF2006,2020-02-04 09:32:30.600,3701.0000,21008,0,1229850480.000,0,-,-,-,-,3700.6000,3700.0000,3698.6000,3697.8000,3693.4000,3701.2000,3701.6000,3702.0000,3702.4000,3704.0000,20,3,1,1,1,3,6,1,10,1
SF,IF2006,2020-02-04 09:32:31.100,3700.6000,21009,1,1230960660.000,1,1,0,双开,S,3700.6000,3700.0000,3698.6000,3697.8000,3693.4000,3701.2000,3701.6000,3702.0000,3702.4000,3704.0000,19,3,1,1,1,3,6,2,10,1
SF,IF2006,2020-02-04 09:32:31.600,3700.6000,21005,-4,1236512220.000,5,0,5,多平,S,3700.6000,3700.0000,3698.6000,3697.8000,3693.4000,3701.6000,3702.0000,3702.4000,3702.6000,3704.0000,18,3,1,1,1,6,3,10,3,1
SF,IF2006,2020-02-04 09:32:32.100,3701.4000,21004,-1,1238732820.000,2,0,2,多平,S,3700.8000,3700.6000,3700.0000,3698.6000,3697.8000,3701.6000,3702.0000,3702.4000,3702.6000,3704.0000,1,18,3,1,1,6,3,10,3,1
SF,IF2006,2020-02-04 09:32:32.600,3701.0000,21002,-2,1240953360.000,2,0,2,双平,S,3700.6000,3700.0000,3698.6000,3697.8000,3693.4000,3701.6000,3702.0000,3702.4000,3702.6000,3704.0000,18,3,1,1,1,7,4,10,3,1
SF,IF2006,2020-02-04 09:32:33.100,3700.6000,21002,0,1245394080.000,4,2,2,多换,S,3700.6000,3700.0000,3698.6000,3697.8000,3693.4000,3701.6000,3702.0000,3702.4000,3702.6000,3704.0000,14,3,1,1,1,9,4,10,3,1
SF,IF2006,2020-02-04 09:32:33.600,3700.6000,21002,0,1245394080.000,0,-,-,-,-,3700.6000,3700.0000,3699.4000,3698.6000,3697.8000,3700.8000,3701.4000,3701.6000,3702.0000,3702.4000,14,3,1,1,1,1,1,9,4,10
SF,IF2006,2020-02-04 09:32:34.100,3700.8000,21002,0,1247614500.000,2,1,1,多换,S,3700.6000,3700.0000,3699.4000,3698.6000,3697.8000,3701.4000,3701.6000,3702.0000,3702.4000,3702.6000,13,3,1,1,1,1,9,4,10,3
SF,IF2006,2020-02-04 09:32:34.600,3701.4000,21002,0,1254275820.000,6,3,3,多换,S,3700.6000,3700.0000,3699.4000,3698.6000,3697.8000,3701.4000,3701.6000,3702.0000,3702.4000,3702.6000,8,3,1,1,1,1,9,4,10,3
SF,IF2006,2020-02-04 09:32:35.100,3700.6000,21004,2,1259826720.000,5,3,2,空开,S,3700.6000,3700.0000,3699.4000,3698.6000,3697.8000,3701.2000,3701.4000,3701.6000,3702.0000,3702.4000,3,3,1,1,1,2,1,9,4,10
SF,IF2006,2020-02-04 09:32:35.600,3701.4000,21003,-1,1266488400.000,6,2,4,多平,S,3701.0000,3700.0000,3699.4000,3698.6000,3697.8000,3701.6000,3702.0000,3702.4000,3702.6000,3704.0000,1,3,1,1,1,9,4,10,3,1
SF,IF2006,2020-02-04 09:32:36.100,3700.6000,21004,1,1270928880.000,4,2,2,空开,S,3700.8000,3700.0000,3699.4000,3698.6000,3697.8000,3701.0000,3701.6000,3702.0000,3702.4000,3702.6000,1,1,1,1,1,2,7,4,10,3
SF,IF2006,2020-02-04 09:32:36.600,3700.8000,21004,0,1273149300.000,2,1,1,多换,S,3700.0000,3699.4000,3698.6000,3697.8000,3693.4000,3701.0000,3701.6000,3702.0000,3702.4000,3702.6000,1,1,1,1,1,2,7,3,10,3
SF,IF2006,2020-02-04 09:32:37.100,3701.6000,21003,-1,1277590500.000,4,1,3,多平,S,3700.2000,3700.0000,3699.4000,3698.6000,3697.8000,3701.6000,3702.0000,3702.4000,3702.6000,3704.0000,1,1,1,1,1,5,4,10,3,1
SF,IF2006,2020-02-04 09:32:37.600,3700.4000,21003,0,1278700620.000,1,0,1,多换,S,3701.0000,3700.0000,3699.4000,3698.6000,3697.8000,3701.2000,3701.4000,3701.6000,3702.0000,3702.4000,1,1,1,1,1,2,1,5,4,10
SF,IF2006,2020-02-04 09:32:38.100,3700.0000,21002,-1,1283141640.000,4,1,3,多平,S,3699.4000,3698.6000,3697.8000,3693.4000,3690.0000,3701.6000,3702.0000,3702.4000,3702.6000,3704.0000,1,1,1,1,1,5,4,10,3,1
SF,IF2006,2020-02-04 09:32:38.600,3700.0000,21002,0,1283141640.000,0,-,-,-,-,3699.8000,3699.6000,3699.4000,3698.6000,3697.8000,3700.2000,3701.4000,3701.6000,3702.0000,3702.4000,2,4,1,1,1,5,2,5,4,10
SF,IF2006,2020-02-04 09:32:39.100,3700.2000,21003,1,1287581640.000,4,2,2,空开,S,3699.6000,3699.4000,3698.6000,3697.8000,3693.4000,3700.2000,3701.4000,3701.6000,3702.0000,3702.4000,4,1,1,1,1,3,1,5,4,10
SF,IF2006,2020-02-04 09:32:39.600,3699.6000,21003,0,1288691520.000,1,0,1,多换,S,3699.6000,3699.4000,3698.6000,3697.8000,3693.4000,3700.2000,3700.8000,3701.4000,3701.6000,3702.0000,1,1,1,1,1,5,1,1,5,4
SF,IF2006,2020-02-04 09:32:40.100,3699.6000,21003,0,1288691520.000,0,-,-,-,-,3699.4000,3698.6000,3697.8000,3693.4000,3690.0000,3699.6000,3699.8000,3700.2000,3700.8000,3701.0000,1,1,1,1,1,1,2,5,1,3
SF,IF2006,2020-02-04 09:32:40.600,3698.6000,21001,-2,1290910920.000,2,0,2,双平,S,3697.8000,3693.4000,3690.0000,3689.0000,3687.0000,3699.6000,3699.8000,3700.2000,3700.8000,3701.0000,1,1,1,1,6,1,2,5,1,3
SF,IF2006,2020-02-04 09:32:41.100,3698.6000,21001,0,1290910920.000,0,-,-,-,-,3697.8000,3693.4000,3690.0000,3689.0000,3687.0000,3699.2000,3699.4000,3699.6000,3699.8000,3700.2000,1,1,1,1,6,2,3,2,2,5
SF,IF2006,2020-02-04 09:32:41.600,3698.6000,21001,0,1290910920.000,0,-,-,-,-,3697.8000,3693.4000,3690.0000,3689.0000,3687.0000,3699.0000,3699.2000,3699.4000,3699.6000,3699.8000,1,1,1,1,6,1,2,3,2,2
SF,IF2006,2020-02-04 09:32:42.100,3697.8000,21001,0,1292020260.000,1,0,1,多换,S,3693.4000,3690.0000,3689.0000,3687.0000,3686.8000,3697.8000,3699.0000,3699.4000,3699.6000,3699.8000,1,1,1,6,1,3,2,4,2,2
SF,IF2006,2020-02-04 09:32:42.600,3697.8000,21001,0,1293129600.000,1,0,1,多换,S,3695.4000,3694.0000,3693.8000,3693.6000,3693.4000,3697.8000,3699.0000,3699.4000,3699.6000,3699.8000,1,1,1,2,1,3,1,9,2,2
SF,IF2006,2020-02-04 09:32:43.100,3697.8000,21001,0,1293129600.000,0,-,-,-,-,3695.6000,3695.4000,3694.0000,3693.8000,3693.6000,3697.8000,3699.0000,3699.4000,3699.6000,3699.8000,1,1,1,1,1,4,1,13,2,2
SF,IF2006,2020-02-04 09:32:43.600,3697.8000,21001,0,1293129600.000,0,-,-,-,-,3694.0000,3693.4000,3690.0000,3689.0000,3687.0000,3697.4000,3697.6000,3697.8000,3699.4000,3699.6000,1,1,1,1,6,2,3,4,13,2
SF,IF2006,2020-02-04 09:32:44.100,3697.2000,21000,-1,1294238760.000,1,0,1,双平,S,3697.4000,3697.2000,3694.2000,3694.0000,3693.4000,3697.6000,3697.8000,3699.4000,3699.6000,3699.8000,1,1,1,1,1,2,4,13,2,1
SF,IF2006,2020-02-04 09:32:44.600,3697.4000,20999,-1,1295347980.000,1,0,1,双平,S,3697.2000,3694.2000,3694.0000,3693.4000,3690.0000,3697.4000,3697.6000,3697.8000,3699.4000,3699.6000,1,1,1,1,1,1,2,4,13,2
SF,IF2006,2020-02-04 09:32:45.100,3694.0000,20998,-1,1298673600.000,3,1,2,多平,S,3693.4000,3690.0000,3689.0000,3687.0000,3686.8000,3694.0000,3697.2000,3697.4000,3697.8000,3699.4000,1,1,1,6,1,5,1,1,4,13
SF,IF2006,2020-02-04 09:32:45.600,3694.0000,20996,-2,1305322800.000,6,2,4,多平,S,3694.0000,3693.4000,3690.0000,3689.0000,3687.0000,3697.2000,3697.8000,3699.4000,3699.6000,3699.8000,1,1,1,1,6,2,4,13,2,1
SF,IF2006,2020-02-04 09:32:46.100,3697.0000,20996,0,1306431900.000,1,0,1,多换,S,3694.2000,3694.0000,3693.4000,3690.0000,3689.0000,3696.6000,3697.0000,3697.2000,3697.8000,3699.4000,2,1,1,1,1,1,1,2,4,13
SF,IF2006,2020-02-04 09:32:46.600,3696.6000,20997,1,1308649860.000,2,1,1,空开,S,3696.6000,3694.4000,3694.2000,3694.0000,3693.4000,3697.0000,3697.2000,3697.8000,3699.4000,3699.6000,3,1,2,1,1,1,1,8,13,2
SF,IF2006,2020-02-04 09:32:47.100,3694.2000,20998,1,1315302480.000,6,3,3,空开,S,3694.0000,3693.8000,3693.4000,3690.0000,3689.0000,3694.2000,3696.6000,3697.0000,3697.2000,3697.8000,1,1,1,1,1,4,2,1,1,7
SF,IF2006,2020-02-04 09:32:47.600,3694.2000,20998,0,1319735520.000,4,2,2,多换,S,3694.2000,3694.0000,3693.8000,3693.4000,3690.0000,3697.0000,3697.2000,3697.8000,3699.4000,3699.6000,4,2,1,1,1,1,1,7,13,2
SF,IF2006,2020-02-04 09:32:48.100,3694.2000,20998,0,1319735520.000,0,-,-,-,-,3694.4000,3694.2000,3693.8000,3693.6000,3693.4000,3696.6000,3696.8000,3697.0000,3697.2000,3697.8000,1,4,1,1,1,3,3,2,1,7
SF,IF2006,2020-02-04 09:32:48.600,3694.2000,20998,0,1319735520.000,0,-,-,-,-,3694.6000,3694.2000,3693.8000,3693.6000,3693.4000,3696.2000,3696.4000,3696.6000,3696.8000,3697.2000,1,4,1,1,1,2,1,1,3,1
SF,IF2006,2020-02-04 09:32:49.100,3694.2000,20998,0,1319735520.000,0,-,-,-,-,3694.8000,3694.2000,3693.8000,3693.6000,3693.4000,3696.0000,3696.2000,3696.6000,3696.8000,3697.2000,1,4,2,1,1,3,1,1,3,1
SF,IF2006,2020-02-04 09:32:49.600,3694.2000,20997,-1,1320843780.000,1,0,1,双平,S,3694.2000,3693.8000,3693.6000,3693.4000,3690.0000,3695.8000,3696.0000,3696.2000,3696.6000,3696.8000,4,2,1,1,1,3,1,1,1,2
SF,IF2006,2020-02-04 09:32:50.100,3694.2000,20997,0,1320843780.000,0,-,-,-,-,3694.2000,3694.0000,3693.8000,3693.6000,3693.4000,3695.8000,3696.0000,3696.6000,3696.8000,3697.2000,4,1,1,1,1,1,1,1,2,1
SF,IF2006,2020-02-04 09:32:50.600,3694.2000,20997,0,1325276820.000,4,2,2,多换,S,3694.0000,3693.8000,3693.6000,3693.4000,3690.0000,3694.2000,3695.6000,3695.8000,3696.0000,3696.6000,1,1,1,1,1,1,1,1,1,1
SF,IF2006,2020-02-04 09:32:51.100,3694.2000,20997,0,1326385080.000,1,0,1,多换,S,3694.4000,3694.2000,3694.0000,3693.8000,3693.6000,3695.8000,3696.0000,3696.6000,3696.8000,3697.2000,1,2,1,1,1,1,1,2,1,1
SF,IF2006,2020-02-04 09:32:51.600,3694.2000,20997,0,1326385080.000,0,-,-,-,-,3694.4000,3694.2000,3694.0000,3693.8000,3693.6000,3695.8000,3696.0000,3696.6000,3696.8000,3697.2000,1,2,1,1,1,1,1,2,1,1
SF,IF2006,2020-02-04 09:32:52.100,3695.8000,20997,0,1327493820.000,1,0,1,多换,S,3694.6000,3694.4000,3694.2000,3694.0000,3693.8000,3696.0000,3696.6000,3696.8000,3697.2000,3697.8000,1,1,2,1,1,1,2,1,1,6
SF,IF2006,2020-02-04 09:32:52.600,3694.4000,20996,-1,1329710520.000,2,0,2,多平,S,3694.2000,3694.0000,3693.8000,3693.6000,3693.4000,3694.4000,3696.6000,3696.8000,3697.2000,3697.8000,3,1,1,1,1,4,2,1,1,5
SF,IF2006,2020-02-04 09:32:53.100,3694.2000,20993,-3,1335252060.000,5,1,4,多平,S,3694.2000,3694.0000,3693.8000,3693.6000,3693.4000,3696.6000,3696.8000,3697.2000,3697.8000,3699.4000,2,1,1,1,1,2,1,1,5,11
SF,IF2006,2020-02-04 09:32:53.600,3694.2000,20993,0,1335252060.000,0,-,-,-,-,3694.2000,3694.0000,3693.8000,3693.6000,3693.4000,3694.4000,3694.6000,3696.2000,3696.4000,3696.6000,5,1,1,1,1,4,4,2,4,2
SF,IF2006,2020-02-04 09:32:54.100,3694.4000,20993,0,1336360380.000,1,0,1,多换,S,3694.2000,3694.0000,3693.8000,3693.6000,3693.4000,3694.4000,3694.6000,3696.4000,3696.6000,3697.2000,5,1,1,1,1,3,4,4,2,1
SF,IF2006,2020-02-04 09:32:54.600,3694.2000,20993,0,1341901680.000,5,2,3,多换,S,3694.0000,3693.8000,3693.6000,3693.4000,3690.0000,3694.2000,3694.4000,3694.6000,3696.4000,3696.6000,1,1,1,1,1,1,3,4,3,2
SF,IF2006,2020-02-04 09:32:55.100,3694.0000,20994,1,1344118140.000,2,1,1,空开,S,3693.8000,3693.6000,3693.4000,3690.0000,3689.0000,3694.2000,3694.4000,3694.6000,3696.4000,3696.6000,1,1,1,1,1,3,3,4,3,2
SF,IF2006,2020-02-04 09:32:55.600,3693.4000,20990,-4,1350767160.000,6,1,5,多平,S,3690.0000,3689.0000,3687.0000,3686.8000,3685.0000,3694.4000,3694.6000,3696.4000,3696.6000,3697.0000,1,1,6,1,4,3,4,3,2,1
SF,IF2006,2020-02-04 09:32:56.100,3693.4000,20990,0,1350767160.000,0,-,-,-,-,3693.0000,3692.4000,3692.0000,3690.6000,3690.4000,3694.2000,3694.4000,3694.6000,3696.4000,3696.6000,20,1,1,1,2,2,3,4,1,2
SF,IF2006,2020-02-04 09:32:56.600,3694.2000,20988,-2,1352983680.000,2,0,2,双平,S,3694.0000,3693.6000,3693.2000,3693.0000,3692.6000,3694.4000,3694.6000,3696.4000,3696.6000,3696.8000,1,1,1,20,1,3,4,1,2,2
SF,IF2006,2020-02-04 09:32:57.100,3694.4000,20985,-3,1356308520.000,3,0,3,双平,S,3694.0000,3693.6000,3693.2000,3693.0000,3692.6000,3694.4000,3694.6000,3696.4000,3696.6000,3696.8000,1,1,1,20,1,2,4,1,2,2
SF,IF2006,2020-02-04 09:32:57.600,3694.4000,20985,0,1359633480.000,3,1,2,多换,S,3694.0000,3693.6000,3693.2000,3693.0000,3692.6000,3694.6000,3696.4000,3696.6000,3696.8000,3697.0000,1,1,1,20,1,4,1,2,2,1
SF,IF2006,2020-02-04 09:32:58.100,3693.6000,20985,0,1361849760.000,2,1,1,多换,S,3693.0000,3692.6000,3692.4000,3692.0000,3691.4000,3694.6000,3696.4000,3696.6000,3696.8000,3697.0000,20,1,1,1,1,4,1,2,2,1
SF,IF2006,2020-02-04 09:32:58.600,3693.6000,20985,0,1361849760.000,0,-,-,-,-,3694.2000,3693.2000,3693.0000,3692.6000,3692.4000,3694.6000,3696.4000,3696.6000,3696.8000,3697.0000,1,1,20,1,1,4,1,2,2,1
SF,IF2006,2020-02-04 09:32:59.100,3694.2000,20981,-4,1368499920.000,6,1,5,多平,S,3693.0000,3692.6000,3692.4000,3692.0000,3691.4000,3694.2000,3696.4000,3696.6000,3696.8000,3697.0000,20,1,1,1,1,1,1,2,2,1
SF,IF2006,2020-02-04 09:32:59.600,3694.2000,20979,-2,1371824700.000,3,0,3,多平,S,3693.4000,3693.2000,3693.0000,3692.6000,3692.4000,3694.0000,3696.4000,3696.6000,3696.8000,3697.0000,1,1,20,1,1,3,1,2,2,1
SF,IF2006,2020-02-04 09:33:00.100,3694.2000,20979,0,1371824700.000,0,-,-,-,-,3693.6000,3693.2000,3693.0000,3692.4000,3690.4000,3694.0000,3696.4000,3696.6000,3696.8000,3697.0000,1,1,20,1,2,5,1,2,2,1
SF,IF2006,2020-02-04 09:33:00.600,3694.0000,20980,1,1377365700.000,5,3,2,空开,S,3693.6000,3693.2000,3693.0000,3692.4000,3690.4000,3696.4000,3696.6000,3696.8000,3697.0000,3697.2000,1,1,20,1,2,1,2,2,1,1
SF,IF2006,2020-02-04 09:33:01.100,3693.8000,20979,-1,1378473840.000,1,0,1,双平,S,3693.6000,3693.0000,3692.4000,3690.4000,3690.2000,3696.0000,3696.2000,3696.4000,3696.6000,3696.8000,1,20,1,2,3,2,3,1,2,2
SF,IF2006,2020-02-04 09:33:01.600,3693.8000,20979,0,1378473840.000,0,-,-,-,-,3693.6000,3693.0000,3692.4000,3690.4000,3690.2000,3695.6000,3695.8000,3696.2000,3696.4000,3696.6000,1,20,1,2,3,2,4,1,1,1
SF,IF2006,2020-02-04 09:33:02.100,3693.6000,20978,-1,1379581920.000,1,0,1,双平,S,3693.0000,3692.4000,3690.4000,3690.2000,3690.0000,3693.6000,3695.8000,3696.4000,3696.6000,3696.8000,20,1,2,3,2,1,4,1,1,2
SF,IF2006,2020-02-04 09:33:02.600,3693.6000,20978,0,1381798080.000,2,1,1,多换,S,3693.2000,3693.0000,3692.4000,3690.4000,3690.2000,3695.8000,3696.4000,3696.6000,3696.8000,3697.0000,2,20,1,2,3,2,1,1,2,1
SF,IF2006,2020-02-04 09:33:03.100,3693.6000,20978,0,1381798080.000,0,-,-,-,-,3693.2000,3693.0000,3692.4000,3690.4000,3690.2000,3693.6000,3694.6000,3695.8000,3696.0000,3696.6000,2,20,1,2,3,1,1,2,1,1
SF,IF2006,2020-02-04 09:33:03.600,3693.6000,20978,0,1389554640.000,7,3,4,多换,S,3693.2000,3693.0000,3692.4000,3690.4000,3690.2000,3693.6000,3694.6000,3695.8000,3696.0000,3696.8000,1,20,1,2,2,3,1,2,1,2
SF,IF2006,2020-02-04 09:33:04.100,3693.6000,20977,-1,1393986960.000,4,1,3,多平,S,3693.2000,3693.0000,3692.4000,3690.4000,3690.2000,3693.6000,3694.0000,3694.6000,3695.8000,3696.0000,1,20,1,2,2,4,1,1,2,1
SF,IF2006,2020-02-04 09:33:04.600,3693.6000,20975,-2,1397311200.000,3,0,3,多平,S,3693.2000,3693.0000,3692.4000,3690.4000,3690.2000,3693.6000,3694.0000,3694.6000,3695.8000,3696.0000,1,20,1,2,2,1,1,1,2,1
SF,IF2006,2020-02-04 09:33:05.100,3693.6000,20974,-1,1398419280.000,1,0,1,双平,S,3693.2000,3693.0000,3690.4000,3690.2000,3690.0000,3694.0000,3694.6000,3695.8000,3696.0000,3696.8000,1,20,2,2,2,1,1,2,1,2
SF,IF2006,2020-02-04 09:33:05.600,3694.0000,20974,0,1399527480.000,1,0,1,多换,S,3693.6000,3693.2000,3693.0000,3692.0000,3690.4000,3694.6000,3695.8000,3696.0000,3696.8000,3697.0000,1,1,20,1,2,1,2,1,2,1
SF,IF2006,2020-02-04 09:33:06.100,3693.6000,20975,1,1401743940.000,2,1,1,空开,S,3693.2000,3693.0000,3692.0000,3690.4000,3690.2000,3694.2000,3695.8000,3696.0000,3696.8000,3697.0000,1,20,1,2,2,1,1,1,2,1
SF,IF2006,2020-02-04 09:33:06.600,3693.2000,20972,-3,1407284220.000,5,1,4,多平,S,3693.0000,3690.4000,3690.2000,3690.0000,3689.6000,3695.8000,3696.0000,3696.8000,3697.0000,3697.2000,20,2,2,2,1,1,1,2,1,1
SF,IF2006,2020-02-04 09:33:07.100,3694.8000,20972,0,1410610020.000,3,1,2,多换,S,3693.2000,3693.0000,3690.4000,3690.2000,3690.0000,3695.6000,3695.8000,3696.0000,3696.8000,3697.0000,2,20,2,1,2,2,1,1,2,1
SF,IF2006,2020-02-04 09:33:07.600,3693.2000,20972,0,1412826180.000,2,1,1,多换,S,3693.2000,3693.0000,3690.4000,3690.2000,3690.0000,3695.4000,3695.6000,3696.0000,3696.8000,3697.0000,1,20,2,1,2,2,1,1,2,1
SF,IF2006,2020-02-04 09:33:08.100,3695.4000,20972,0,1415043360.000,2,1,1,多换,S,3693.4000,3693.2000,3693.0000,3690.4000,3690.2000,3696.0000,3696.8000,3697.0000,3697.2000,3697.8000,2,1,20,2,3,1,2,1,1,4
SF,IF2006,2020-02-04 09:33:08.600,3695.4000,20972,0,1415043360.000,0,-,-,-,-,3693.6000,3693.4000,3693.0000,3690.4000,3690.2000,3696.0000,3696.8000,3697.0000,3697.2000,3697.8000,2,2,20,2,3,1,2,1,1,4
SF,IF2006,2020-02-04 09:33:09.100,3693.6000,20973,1,1420583880.000,5,3,2,空开,S,3693.0000,3690.4000,3690.2000,3690.0000,3689.6000,3693.2000,3695.8000,3696.0000,3696.8000,3697.0000,20,2,3,2,1,3,1,1,2,1
SF,IF2006,2020-02-04 09:33:09.600,3693.4000,20972,-1,1425015780.000,4,1,3,多平,S,3694.0000,3693.0000,3690.4000,3690.2000,3690.0000,3695.8000,3696.0000,3696.8000,3697.0000,3697.2000,4,20,2,3,2,1,1,2,1,1
SF,IF2006,2020-02-04 09:33:10.100,3694.0000,20973,1,1427232780.000,2,1,1,空开,S,3694.0000,3693.0000,3690.4000,3690.2000,3690.0000,3696.8000,3697.0000,3697.2000,3697.8000,3699.4000,3,20,2,3,2,2,1,1,4,11
SF,IF2006,2020-02-04 09:33:10.600,3694.0000,20973,0,1427232780.000,0,-,-,-,-,3696.0000,3694.0000,3693.0000,3690.4000,3690.2000,3696.6000,3696.8000,3697.0000,3697.2000,3697.8000,2,3,20,2,3,3,2,1,1,4
SF,IF2006,2020-02-04 09:33:11.100,3696.0000,20972,-1,1430559540.000,3,1,2,多平,S,3696.0000,3694.0000,3693.0000,3690.4000,3690.2000,3696.8000,3697.0000,3697.2000,3697.8000,3699.4000,2,3,20,2,3,2,1,1,4,11
SF,IF2006,2020-02-04 09:33:11.600,3696.0000,20972,0,1432777140.000,2,1,1,多换,S,3694.0000,3693.0000,3690.4000,3690.2000,3690.0000,3696.6000,3696.8000,3697.0000,3697.2000,3697.8000,3,20,2,3,2,2,2,1,1,4
SF,IF2006,2020-02-04 09:33:12.100,3696.4000,20972,0,1433886060.000,1,0,1,多换,S,3694.0000,3693.0000,3692.0000,3690.4000,3690.2000,3696.4000,3696.8000,3697.0000,3697.2000,3697.8000,3,21,2,2,3,4,2,1,1,4
SF,IF2006,2020-02-04 09:33:12.600,3696.4000,20972,0,1433886060.000,0,-,-,-,-,3694.0000,3693.0000,3692.0000,3690.4000,3690.2000,3696.4000,3696.8000,3697.0000,3697.2000,3697.8000,3,21,2,2,3,3,2,1,1,4
SF,IF2006,2020-02-04 09:33:13.100,3696.4000,20971,-1,1436103900.000,2,0,2,多平,S,3694.0000,3693.0000,3692.0000,3690.4000,3690.2000,3696.4000,3696.8000,3697.0000,3697.2000,3697.8000,3,21,2,2,3,1,2,1,1,4
SF,IF2006,2020-02-04 09:33:13.600,3696.4000,20970,-1,1437212820.000,1,0,1,双平,S,3694.2000,3694.0000,3693.0000,3692.0000,3690.4000,3696.8000,3697.0000,3697.2000,3697.8000,3698.2000,2,3,21,2,2,2,1,1,4,1
SF,IF2006,2020-02-04 09:33:14.100,3696.4000,20970,0,1437212820.000,0,-,-,-,-,3694.2000,3694.0000,3693.0000,3692.0000,3690.4000,3696.6000,3696.8000,3697.0000,3697.2000,3697.8000,2,3,21,2,2,1,2,1,1,4
SF,IF2006,2020-02-04 09:33:14.600,3696.4000,20970,0,1438321740.000,1,0,1,多换,S,3694.4000,3694.2000,3694.0000,3693.0000,3692.0000,3696.8000,3697.0000,3697.2000,3697.8000,3698.2000,1,1,3,21,2,2,1,1,4,1
SF,IF2006,2020-02-04 09:33:15.100,3696.8000,20970,0,1440539820.000,2,1,1,多换,S,3696.8000,3694.4000,3694.0000,3693.0000,3692.0000,3697.0000,3697.8000,3698.2000,3699.4000,3700.0000,3,1,3,21,2,1,4,1,5,16
SF,IF2006,2020-02-04 09:33:15.600,3697.0000,20970,0,1443867000.000,3,1,2,多换,S,3696.8000,3694.4000,3694.0000,3693.8000,3693.0000,3697.8000,3698.2000,3699.4000,3700.0000,3700.2000,1,1,3,1,21,4,1,5,16,3
SF,IF2006,2020-02-04 09:33:16.100,3697.0000,20970,0,1443867000.000,0,-,-,-,-,3696.8000,3694.4000,3694.0000,3693.8000,3693.0000,3697.6000,3697.8000,3698.2000,3699.4000,3700.0000,1,1,3,1,21,1,4,1,5,16
SF,IF2006,2020-02-04 09:33:16.600,3697.8000,20970,0,1444976340.000,1,0,1,多换,S,3696.8000,3694.4000,3694.0000,3693.8000,3693.0000,3697.8000,3698.2000,3699.4000,3700.0000,3700.2000,2,1,3,1,21,3,1,5,16,3
SF,IF2006,2020-02-04 09:33:17.100,3697.8000,20968,-2,1447195020.000,2,0,2,双平,S,3697.0000,3696.8000,3695.0000,3694.0000,3693.8000,3697.8000,3698.2000,3699.4000,3700.0000,3700.2000,2,2,1,3,1,1,1,5,16,3
SF,IF2006,2020-02-04 09:33:17.600,3697.8000,20967,-1,1448304360.000,1,0,1,双平,S,3697.0000,3696.8000,3695.0000,3694.0000,3693.8000,3698.2000,3699.4000,3700.0000,3701.0000,3701.6000,2,2,1,3,1,1,5,16,1,3
SF,IF2006,2020-02-04 09:33:18.100,3698.2000,20966,-1,1449413820.000,1,0,1,双平,S,3697.0000,3696.8000,3695.0000,3694.0000,3693.8000,3699.4000,3700.0000,3701.0000,3701.6000,3702.0000,2,2,1,3,1,5,16,1,3,1
SF,IF2006,2020-02-04 09:33:18.600,3698.4000,20966,0,1450523340.000,1,0,1,多换,S,3697.6000,3697.2000,3696.8000,3694.8000,3694.0000,3699.0000,3699.2000,3699.4000,3700.0000,3701.0000,1,1,2,1,3,2,1,5,16,1
SF,IF2006,2020-02-04 09:33:19.100,3698.4000,20966,0,1450523340.000,0,-,-,-,-,3697.6000,3696.8000,3694.8000,3694.0000,3693.8000,3699.2000,3699.4000,3700.0000,3701.0000,3701.6000,1,2,1,3,1,1,5,27,1,3
SF,IF2006,2020-02-04 09:33:19.600,3698.4000,20966,0,1450523340.000,0,-,-,-,-,3697.8000,3697.6000,3696.8000,3694.8000,3694.0000,3699.4000,3700.0000,3701.0000,3701.6000,3702.0000,1,1,1,1,3,5,27,1,3,1
SF,IF2006,2020-02-04 09:33:20.100,3698.4000,20966,0,1450523340.000,0,-,-,-,-,3698.4000,3697.8000,3697.6000,3696.8000,3694.8000,3699.4000,3700.0000,3701.0000,3701.6000,3702.0000,1,1,1,1,1,5,27,1,3,1
SF,IF2006,2020-02-04 09:33:20.600,3697.6000,20965,-1,1453851960.000,3,1,2,多平,S,3696.8000,3694.8000,3694.0000,3693.0000,3692.0000,3697.0000,3699.4000,3700.0000,3701.0000,3701.6000,1,1,4,21,2,1,4,27,1,3
SF,IF2006,2020-02-04 09:33:21.100,3699.4000,20964,-1,1456071000.000,2,0,2,多平,S,3699.2000,3698.2000,3697.2000,3696.8000,3694.8000,3699.4000,3700.0000,3701.0000,3701.6000,3702.0000,1,2,2,1,1,3,27,1,3,1
SF,IF2006,2020-02-04 09:33:21.600,3699.4000,20959,-5,1462729740.000,6,0,6,多平,S,3698.2000,3696.8000,3694.8000,3694.0000,3693.0000,3700.0000,3701.0000,3701.6000,3702.0000,3704.8000,2,1,1,4,21,27,1,3,1,1
SF,IF2006,2020-02-04 09:33:22.100,3699.4000,20959,0,1462729740.000,0,-,-,-,-,3698.2000,3696.8000,3694.8000,3694.0000,3693.0000,3699.6000,3700.0000,3701.0000,3701.6000,3702.0000,2,1,1,4,21,2,27,1,2,1
SF,IF2006,2020-02-04 09:33:22.600,3699.4000,20959,0,1462729740.000,0,-,-,-,-,3698.2000,3697.8000,3696.8000,3696.2000,3694.8000,3700.0000,3701.0000,3701.6000,3702.0000,3704.8000,2,1,1,1,1,27,1,2,1,1
SF,IF2006,2020-02-04 09:33:23.100,3699.4000,20959,0,1462729740.000,0,-,-,-,-,3698.2000,3697.8000,3696.8000,3696.2000,3694.8000,3699.6000,3699.8000,3700.0000,3701.0000,3701.6000,2,1,1,1,1,1,1,28,1,2
SF,IF2006,2020-02-04 09:33:23.600,3699.4000,20959,0,1462729740.000,0,-,-,-,-,3698.2000,3697.8000,3696.8000,3696.2000,3694.8000,3699.8000,3700.0000,3701.0000,3701.6000,3702.0000,2,1,1,1,1,1,28,1,2,1
SF,IF2006,2020-02-04 09:33:24.100,3699.4000,20959,0,1462729740.000,0,-,-,-,-,3699.6000,3698.2000,3697.8000,3696.8000,3696.2000,3699.8000,3700.0000,3701.0000,3701.6000,3702.0000,2,2,1,1,1,1,28,1,2,1
SF,IF2006,2020-02-04 09:33:24.600,3699.6000,20959,0,1464949500.000,2,1,1,多换,S,3698.2000,3697.8000,3696.8000,3694.8000,3694.0000,3699.8000,3700.0000,3701.0000,3701.6000,3702.0000,2,1,1,1,4,1,28,1,2,1
SF,IF2006,2020-02-04 09:33:25.100,3699.6000,20959,0,1464949500.000,0,-,-,-,-,3698.2000,3697.8000,3696.8000,3694.8000,3694.0000,3699.6000,3699.8000,3700.0000,3701.0000,3701.6000,2,1,1,1,4,1,1,28,1,2
SF,IF2006,2020-02-04 09:33:25.600,3699.6000,20959,0,1466059380.000,1,0,1,多换,S,3698.2000,3697.8000,3696.8000,3694.8000,3694.0000,3699.2000,3699.4000,3699.6000,3700.0000,3701.0000,2,1,1,1,4,1,1,1,31,1
SF,IF2006,2020-02-04 09:33:26.100,3699.6000,20959,0,1466059380.000,0,-,-,-,-,3698.4000,3698.2000,3697.8000,3697.2000,3696.8000,3699.4000,3699.6000,3700.0000,3701.0000,3701.6000,1,2,1,1,1,1,1,31,1,2
SF,IF2006,2020-02-04 09:33:26.600,3699.6000,20959,0,1466059380.000,0,-,-,-,-,3698.2000,3697.8000,3697.2000,3696.8000,3694.8000,3699.2000,3699.4000,3699.6000,3699.8000,3700.0000,2,1,1,1,1,1,1,1,1,31
SF,IF2006,2020-02-04 09:33:27.100,3699.6000,20959,0,1466059380.000,0,-,-,-,-,3699.2000,3698.4000,3698.2000,3697.8000,3697.2000,3699.4000,3699.6000,3699.8000,3700.0000,3701.0000,5,1,2,1,1,1,1,1,33,1
SF,IF2006,2020-02-04 09:33:27.600,3699.2000,20959,0,1471608180.000,5,2,3,多换,S,3698.2000,3697.2000,3696.8000,3694.8000,3694.0000,3699.2000,3699.4000,3699.6000,3699.8000,3700.0000,2,1,1,1,4,2,1,1,1,33
SF,IF2006,2020-02-04 09:33:28.100,3699.2000,20958,-1,1472717940.000,1,0,1,双平,S,3698.4000,3698.2000,3697.2000,3696.8000,3694.8000,3699.2000,3699.6000,3699.8000,3700.0000,3701.0000,1,2,1,1,1,1,1,1,33,1
SF,IF2006,2020-02-04 09:33:28.600,3700.0000,20955,-3,1477157520.000,4,0,4,多平,S,3699.0000,3698.2000,3697.2000,3696.8000,3694.8000,3700.0000,3701.0000,3701.6000,3702.0000,3704.8000,1,2,1,1,1,32,1,2,1,1
SF,IF2006,2020-02-04 09:33:29.100,3699.0000,20955,0,1478267220.000,1,0,1,多换,S,3698.2000,3697.2000,3696.8000,3694.8000,3694.0000,3699.8000,3700.0000,3701.0000,3701.6000,3702.0000,2,1,1,1,4,1,32,1,2,1
SF,IF2006,2020-02-04 09:33:29.600,3698.4000,20954,-1,1480486260.000,2,0,2,多平,S,3699.4000,3698.2000,3697.2000,3696.8000,3694.8000,3700.0000,3701.0000,3701.6000,3702.0000,3704.8000,1,2,1,1,1,32,1,2,1,1
SF,IF2006,2020-02-04 09:33:30.100,3699.0000,20954,0,1481595960.000,1,0,1,多换,S,3698.2000,3697.2000,3696.8000,3694.8000,3694.0000,3699.2000,3699.4000,3700.0000,3701.0000,3701.6000,2,1,1,1,4,5,1,32,1,2
SF,IF2006,2020-02-04 09:33:30.600,3699.0000,20954,0,1482705660.000,1,0,1,多换,S,3698.2000,3697.2000,3696.8000,3694.8000,3694.0000,3699.2000,3699.4000,3700.0000,3701.0000,3701.6000,2,1,1,1,4,5,1,32,1,2
SF,IF2006,2020-02-04 09:33:31.100,3699.0000,20954,0,1482705660.000,0,-,-,-,-,3698.2000,3697.2000,3696.8000,3694.8000,3694.0000,3699.0000,3699.2000,3699.4000,3700.0000,3701.0000,3,1,1,1,4,1,5,1,32,1
SF,IF2006,2020-02-04 09:33:31.600,3699.2000,20954,0,1487144460.000,4,2,2,多换,S,3698.2000,3697.2000,3696.8000,3694.8000,3694.0000,3699.2000,3700.0000,3701.0000,3701.6000,3702.0000,3,1,1,1,4,2,32,1,2,1
SF,IF2006,2020-02-04 09:33:32.100,3699.2000,20954,0,1487144460.000,0,-,-,-,-,3698.2000,3697.2000,3696.8000,3694.8000,3694.0000,3699.0000,3699.2000,3700.0000,3701.0000,3701.6000,3,1,1,1,4,2,2,32,1,2
SF,IF2006,2020-02-04 09:33:32.600,3699.0000,20954,0,1488254160.000,1,0,1,多换,S,3698.2000,3697.2000,3696.8000,3694.8000,3694.0000,3698.8000,3699.0000,3699.2000,3700.0000,3701.0000,2,1,1,1,4,10,1,2,32,1
SF,IF2006,2020-02-04 09:33:33.100,3698.8000,20948,-6,1494911640.000,6,0,6,双平,S,3697.2000,3696.8000,3694.8000,3694.0000,3693.0000,3698.8000,3699.2000,3700.0000,3701.0000,3701.6000,1,1,1,4,20,7,2,33,1,2
SF,IF2006,2020-02-04 09:33:33.600,3698.8000,20948,0,1494911640.000,0,-,-,-,-,3697.6000,3697.4000,3697.2000,3696.8000,3694.8000,3698.6000,3698.8000,3699.2000,3699.8000,3700.0000,2,1,1,1,1,3,7,2,1,33
SF,IF2006,2020-02-04 09:33:34.100,3697.6000,20947,-1,1496020920.000,1,0,1,双平,S,3698.0000,3697.6000,3697.4000,3697.2000,3696.8000,3698.6000,3698.8000,3699.2000,3699.8000,3700.0000,1,1,1,1,1,1,6,2,1,33
SF,IF2006,2020-02-04 09:33:34.600,3698.0000,20948,1,1497130320.000,1,1,0,双开,S,3697.6000,3697.4000,3697.2000,3696.8000,3694.8000,3698.8000,3699.2000,3699.8000,3700.0000,3701.0000,1,1,1,1,1,6,2,1,33,1
SF,IF2006,2020-02-04 09:33:35.100,3698.6000,20949,1,1501568340.000,4,2,2,空开,S,3698.6000,3697.4000,3697.2000,3696.8000,3694.8000,3698.8000,3699.2000,3699.8000,3700.0000,3701.0000,2,1,1,1,1,6,2,1,33,1
SF,IF2006,2020-02-04 09:33:35.600,3700.0000,20962,13,1525984800.000,22,17,5,空开,S,3697.4000,3697.2000,3696.8000,3694.8000,3694.0000,3700.0000,3701.0000,3701.6000,3702.0000,3704.8000,1,1,1,1,4,22,1,2,1,1
SF,IF2006,2020-02-04 09:33:36.100,3698.8000,20961,-1,1527094440.000,1,0,1,双平,S,3698.8000,3697.4000,3697.2000,3696.8000,3694.8000,3699.8000,3700.0000,3701.0000,3701.6000,3702.0000,1,1,1,1,1,1,22,1,2,1
SF,IF2006,2020-02-04 09:33:36.600,3698.8000,20960,-1,1528204080.000,1,0,1,双平,S,3697.4000,3697.2000,3696.8000,3694.8000,3694.0000,3699.8000,3700.0000,3701.0000,3701.6000,3702.0000,1,1,1,1,4,1,22,1,2,1
SF,IF2006,2020-02-04 09:33:37.100,3698.8000,20960,0,1529313720.000,1,0,1,多换,S,3699.8000,3697.8000,3697.6000,3697.4000,3697.2000,3700.0000,3701.0000,3701.6000,3702.0000,3704.8000,4,2,1,1,1,22,1,2,1,1
SF,IF2006,2020-02-04 09:33:37.600,3699.8000,20958,-2,1535973360.000,6,2,4,多平,S,3698.8000,3697.4000,3697.2000,3696.8000,3694.8000,3700.0000,3701.0000,3701.6000,3702.0000,3704.8000,2,1,1,1,1,22,1,2,1,1
SF,IF2006,2020-02-04 09:33:38.100,3699.8000,20958,0,1535973360.000,0,-,-,-,-,3699.0000,3698.8000,3697.4000,3697.2000,3696.8000,3700.0000,3701.0000,3701.6000,3702.0000,3704.8000,2,2,1,1,1,22,1,2,1,1
SF,IF2006,2020-02-04 09:33:38.600,3699.0000,20958,0,1538192760.000,2,1,1,多换,S,3698.8000,3697.4000,3697.2000,3696.8000,3694.8000,3700.0000,3701.0000,3701.6000,3702.0000,3704.8000,2,1,1,1,1,22,1,2,1,1
SF,IF2006,2020-02-04 09:33:39.100,3700.0000,20958,0,1539302760.000,1,0,1,多换,S,3698.8000,3697.4000,3697.2000,3696.8000,3694.8000,3700.0000,3701.0000,3701.6000,3702.0000,3704.8000,2,1,1,1,1,21,1,2,1,1
SF,IF2006,2020-02-04 09:33:39.600,3699.0000,20972,14,1563722460.000,22,18,4,空开,S,3699.0000,3698.8000,3697.4000,3697.2000,3696.8000,3701.0000,3701.6000,3702.0000,3704.8000,3705.8000,2,2,1,1,1,1,2,1,1,1
SF,IF2006,2020-02-04 09:33:40.100,3699.0000,20972,0,1563722460.000,0,-,-,-,-,3699.0000,3698.8000,3697.4000,3697.2000,3696.8000,3700.8000,3701.0000,3701.6000,3702.0000,3704.8000,2,2,1,1,1,1,1,2,1,1
SF,IF2006,2020-02-04 09:33:40.600,3699.0000,20972,0,1563722460.000,0,-,-,-,-,3698.8000,3697.4000,3697.2000,3696.8000,3694.8000,3701.0000,3701.6000,3702.0000,3704.8000,3705.8000,2,1,1,1,1,1,2,1,1,1
SF,IF2006,2020-02-04 09:33:41.100,3699.0000,20972,0,1563722460.000,0,-,-,-,-,3700.8000,3699.0000,3698.8000,3697.4000,3697.2000,3701.0000,3701.6000,3702.0000,3704.8000,3705.8000,1,1,2,1,1,1,2,1,1,1
SF,IF2006,2020-02-04 09:33:41.600,3700.8000,20971,-1,1564832700.000,1,0,1,双平,S,3700.8000,3698.8000,3697.4000,3697.2000,3696.8000,3701.0000,3701.6000,3702.0000,3704.8000,3705.8000,1,2,1,1,1,1,2,1,1,1
SF,IF2006,2020-02-04 09:33:42.100,3701.0000,20970,-1,1565943000.000,1,0,1,双平,S,3700.8000,3698.8000,3697.4000,3697.2000,3696.8000,3701.6000,3702.0000,3704.8000,3705.8000,3706.2000,1,2,1,1,1,2,1,1,1,1
SF,IF2006,2020-02-04 09:33:42.600,3700.8000,20970,0,1569274200.000,3,1,2,多换,S,3700.0000,3699.8000,3698.8000,3697.4000,3697.2000,3702.0000,3704.8000,3705.8000,3706.2000,3708.0000,20,1,2,1,1,1,1,1,1,1
SF,IF2006,2020-02-04 09:33:43.100,3702.0000,20969,-1,1570384800.000,1,0,1,双平,S,3700.0000,3699.8000,3698.8000,3697.4000,3697.2000,3704.8000,3705.8000,3706.2000,3708.0000,3709.0000,20,1,2,1,1,1,1,1,1,2
SF,IF2006,2020-02-04 09:33:43.600,3702.0000,20969,0,1570384800.000,0,-,-,-,-,3700.6000,3700.2000,3700.0000,3699.8000,3698.8000,3704.4000,3704.6000,3704.8000,3705.8000,3706.2000,1,3,20,1,2,1,1,1,1,1
SF,IF2006,2020-02-04 09:33:44.100,3702.0000,20969,0,1570384800.000,0,-,-,-,-,3700.8000,3700.6000,3700.2000,3700.0000,3699.8000,3704.2000,3704.4000,3704.8000,3705.8000,3706.2000,1,1,2,20,1,1,1,1,1,1
SF,IF2006,2020-02-04 09:33:44.600,3702.0000,20969,0,1570384800.000,0,-,-,-,-,3701.4000,3700.8000,3700.2000,3700.0000,3699.8000,3704.2000,3704.4000,3704.8000,3705.8000,3706.2000,1,1,2,20,1,1,1,1,1,1
SF,IF2006,2020-02-04 09:33:45.100,3702.0000,20969,0,1570384800.000,0,-,-,-,-,3701.6000,3701.4000,3700.2000,3700.0000,3699.8000,3703.8000,3704.2000,3704.4000,3704.8000,3705.8000,1,1,2,20,1,2,1,1,1,1
SF,IF2006,2020-02-04 09:33:45.600,3702.0000,20969,0,1570384800.000,0,-,-,-,-,3701.6000,3701.4000,3700.2000,3700.0000,3699.8000,3704.8000,3705.8000,3706.2000,3708.0000,3709.0000,1,1,2,20,1,1,1,1,1,2
SF,IF2006,2020-02-04 09:33:46.100,3702.0000,20969,0,1570384800.000,0,-,-,-,-,3704.2000,3701.8000,3701.6000,3701.4000,3700.2000,3704.8000,3705.8000,3706.2000,3708.0000,3709.0000,1,1,1,1,2,1,1,1,1,2
SF,IF2006,2020-02-04 09:33:46.600,3703.8000,20970,1,1571495940.000,1,1,0,双开,S,3701.8000,3701.6000,3701.4000,3700.2000,3700.0000,3704.2000,3704.8000,3705.8000,3706.2000,3708.0000,1,1,1,2,20,2,1,1,1,1
SF,IF2006,2020-02-04 09:33:47.100,3704.2000,20969,-1,1572607200.000,1,0,1,双平,S,3702.0000,3701.8000,3701.4000,3700.2000,3700.0000,3704.2000,3704.8000,3705.8000,3706.2000,3708.0000,2,1,1,1,20,1,1,1,1,1
SF,IF2006,2020-02-04 09:33:47.600,3704.2000,20968,-1,1573718460.000,1,0,1,双平,S,3702.0000,3701.8000,3701.4000,3700.2000,3700.0000,3704.0000,3704.2000,3704.8000,3705.8000,3706.2000,2,1,1,1,20,1,1,1,1,1
SF,IF2006,2020-02-04 09:33:48.100,3702.2000,20967,-1,1574829120.000,1,0,1,双平,S,3702.0000,3701.8000,3700.2000,3700.0000,3699.8000,3704.0000,3704.8000,3705.8000,3706.2000,3708.0000,2,1,1,20,1,1,1,1,1,1
SF,IF2006,2020-02-04 09:33:48.600,3702.2000,20967,0,1575939780.000,1,0,1,多换,S,3702.2000,3702.0000,3700.2000,3700.0000,3699.8000,3704.0000,3704.8000,3705.8000,3706.2000,3708.0000,1,2,1,20,1,1,1,1,1,1
SF,IF2006,2020-02-04 09:33:49.100,3704.0000,20967,0,1577050980.000,1,0,1,多换,S,3702.2000,3702.0000,3700.2000,3700.0000,3699.8000,3704.8000,3705.8000,3706.2000,3708.0000,3709.0000,1,2,1,20,1,1,1,1,1,2
SF,IF2006,2020-02-04 09:33:49.600,3702.0000,20970,3,1588157040.000,10,6,4,空开,S,3704.0000,3700.2000,3700.0000,3699.8000,3698.8000,3704.6000,3704.8000,3706.2000,3708.0000,3709.0000,2,1,20,1,2,2,1,1,1,2
SF,IF2006,2020-02-04 09:33:50.100,3704.0000,20970,0,1590379440.000,2,1,1,多换,S,3700.2000,3700.0000,3699.8000,3698.8000,3697.4000,3704.6000,3704.8000,3706.2000,3708.0000,3709.0000,1,20,1,2,1,1,1,1,1,2
SF,IF2006,2020-02-04 09:33:50.600,3704.4000,20969,-1,1591490760.000,1,0,1,双平,S,3702.2000,3700.4000,3700.2000,3700.0000,3699.8000,3704.6000,3704.8000,3706.2000,3708.0000,3709.0000,1,2,3,20,1,1,1,1,1,2
SF,IF2006,2020-02-04 09:33:51.100,3704.6000,20968,-1,1592602140.000,1,0,1,双平,S,3702.4000,3702.2000,3700.4000,3700.2000,3700.0000,3704.8000,3706.2000,3708.0000,3709.0000,3709.4000,1,1,1,3,20,1,1,1,2,1
SF,IF2006,2020-02-04 09:33:51.600,3702.6000,20968,0,1593712920.000,1,0,1,多换,S,3704.6000,3702.6000,3702.4000,3702.2000,3700.4000,3704.8000,3705.0000,3706.2000,3708.0000,3709.0000,1,1,1,1,1,1,1,1,1,2
SF,IF2006,2020-02-04 09:33:52.100,3704.8000,20967,-1,1595935740.000,2,0,2,多平,S,3704.8000,3702.6000,3702.2000,3701.0000,3700.4000,3705.0000,3706.2000,3708.0000,3709.0000,3709.4000,2,1,1,1,1,1,1,1,2,1
SF,IF2006,2020-02-04 09:33:52.600,3704.8000,20965,-2,1598158680.000,2,0,2,双平,S,3705.0000,3702.6000,3702.2000,3701.0000,3700.4000,3706.2000,3708.0000,3709.0000,3709.4000,3710.0000,1,1,1,1,1,1,1,2,1,7
SF,IF2006,2020-02-04 09:33:53.100,3704.8000,20965,0,1598158680.000,0,-,-,-,-,3702.6000,3702.2000,3701.0000,3700.4000,3700.2000,3706.0000,3706.2000,3708.0000,3709.0000,3709.4000,1,1,1,1,3,1,1,1,2,1
SF,IF2006,2020-02-04 09:33:53.600,3704.8000,20965,0,1598158680.000,0,-,-,-,-,3705.0000,3702.8000,3702.6000,3702.2000,3701.0000,3706.2000,3708.0000,3709.0000,3709.4000,3710.0000,1,1,1,1,1,1,1,3,1,7
SF,IF2006,2020-02-04 09:33:54.100,3706.0000,20964,-1,1600382280.000,2,0,2,多平,S,3705.0000,3704.8000,3702.8000,3702.6000,3702.2000,3706.2000,3708.0000,3709.0000,3709.4000,3710.0000,2,4,1,1,1,1,1,3,1,7
SF,IF2006,2020-02-04 09:33:55.100,3706.0000,20964,0,1600382280.000,0,-,-,-,-,3705.2000,3705.0000,3704.8000,3702.8000,3702.6000,3706.2000,3708.0000,3709.0000,3709.4000,3710.0000,1,2,4,1,1,1,1,3,1,7
SF,IF2006,2020-02-04 09:33:55.600,3706.0000,20964,0,1600382280.000,0,-,-,-,-,3705.2000,3705.0000,3704.8000,3702.8000,3702.6000,3706.2000,3708.0000,3709.0000,3709.4000,3710.0000,1,2,4,1,1,1,1,3,1,7
SF,IF2006,2020-02-04 09:33:56.100,3706.2000,20963,-1,1602606000.000,2,0,2,多平,S,3706.2000,3705.0000,3704.8000,3702.8000,3702.6000,3708.0000,3709.0000,3709.4000,3710.0000,3710.2000,4,2,4,1,1,1,3,1,7,3
SF,IF2006,2020-02-04 09:33:56.600,3706.2000,20963,0,1603717860.000,1,0,1,多换,S,3706.2000,3706.0000,3705.0000,3704.8000,3702.8000,3707.8000,3708.0000,3709.0000,3709.4000,3710.0000,3,1,2,4,1,1,1,3,1,7
SF,IF2006,2020-02-04 09:33:57.100,3706.2000,20963,0,1603717860.000,0,-,-,-,-,3706.2000,3706.0000,3705.0000,3704.8000,3702.8000,3707.8000,3708.0000,3709.0000,3709.4000,3710.0000,3,1,2,4,1,1,1,3,1,7
SF,IF2006,2020-02-04 09:33:57.600,3706.2000,20962,-1,1605941580.000,2,0,2,多平,S,3706.4000,3706.2000,3706.0000,3705.0000,3704.8000,3707.4000,3707.8000,3708.0000,3709.0000,3709.4000,1,3,1,2,4,1,1,1,3,1
SF,IF2006,2020-02-04 09:33:58.100,3706.2000,20962,0,1605941580.000,0,-,-,-,-,3706.4000,3706.2000,3706.0000,3705.0000,3704.8000,3707.4000,3708.0000,3709.0000,3709.4000,3710.0000,1,3,1,2,4,1,1,3,1,7
SF,IF2006,2020-02-04 09:33:58.600,3706.2000,20962,0,1605941580.000,0,-,-,-,-,3707.8000,3706.2000,3706.0000,3705.0000,3704.8000,3708.0000,3709.0000,3709.4000,3710.0000,3710.2000,1,3,1,2,4,1,3,1,7,3
SF,IF2006,2020-02-04 09:33:59.100,3707.8000,20961,-1,1607053920.000,1,0,1,双平,S,3706.2000,3706.0000,3705.0000,3704.8000,3702.8000,3708.0000,3709.0000,3709.4000,3710.0000,3710.2000,3,2,2,4,1,1,3,1,7,3
SF,IF2006,2020-02-04 09:33:59.600,3707.8000,20961,0,1607053920.000,0,-,-,-,-,3706.2000,3706.0000,3705.0000,3704.8000,3702.8000,3707.8000,3708.0000,3709.0000,3709.4000,3710.0000,3,2,2,4,1,1,1,3,1,7
SF,IF2006,2020-02-04 09:34:00.600,3707.8000,20961,0,1607053920.000,0,-,-,-,-,3706.4000,3706.2000,3706.0000,3705.0000,3704.8000,3707.8000,3708.0000,3709.0000,3709.4000,3710.0000,1,3,2,2,4,1,1,3,1,7
SF,IF2006,2020-02-04 09:34:01.100,3708.0000,20959,-2,1609278660.000,2,0,2,双平,S,3708.0000,3706.8000,3706.6000,3706.4000,3706.2000,3709.0000,3709.4000,3710.0000,3710.2000,3710.6000,1,1,1,1,3,3,1,7,3,1
SF,IF2006,2020-02-04 09:34:01.600,3708.0000,20958,-1,1610391060.000,1,0,1,双平,S,3707.4000,3706.8000,3706.6000,3706.4000,3706.2000,3707.6000,3709.0000,3709.4000,3710.0000,3710.2000,1,1,1,1,3,1,3,1,7,3
SF,IF2006,2020-02-04 09:34:02.100,3709.0000,20957,-1,1612616040.000,2,0,2,多平,S,3707.8000,3707.6000,3707.4000,3706.8000,3706.4000,3709.0000,3709.4000,3710.0000,3710.2000,3710.6000,1,5,1,1,1,2,1,7,3,1
SF,IF2006,2020-02-04 09:34:02.600,3709.0000,20957,0,1612616040.000,0,-,-,-,-,3707.8000,3707.6000,3707.4000,3706.2000,3706.0000,3709.0000,3709.4000,3710.0000,3710.2000,3710.6000,1,3,1,3,2,2,1,7,3,1
SF,IF2006,2020-02-04 09:34:03.100,3709.0000,20957,0,1612616040.000,0,-,-,-,-,3707.8000,3707.6000,3707.4000,3706.2000,3706.0000,3709.0000,3709.4000,3710.0000,3710.2000,3710.6000,1,3,1,3,2,2,1,7,3,1
SF,IF2006,2020-02-04 09:34:03.600,3709.0000,20957,0,1612616040.000,0,-,-,-,-,3708.0000,3707.8000,3707.6000,3707.4000,3706.2000,3709.0000,3709.4000,3710.0000,3710.2000,3710.6000,2,1,1,1,3,2,1,7,3,1
SF,IF2006,2020-02-04 09:34:04.100,3709.0000,20957,0,1612616040.000,0,-,-,-,-,3708.2000,3708.0000,3707.8000,3707.6000,3707.4000,3709.0000,3709.4000,3710.0000,3710.2000,3710.4000,1,1,1,1,1,2,1,7,3,1
SF,IF2006,2020-02-04 09:34:04.600,3709.0000,20957,0,1612616040.000,0,-,-,-,-,3708.4000,3708.0000,3707.8000,3707.6000,3707.4000,3709.0000,3709.4000,3710.0000,3710.2000,3710.4000,1,1,1,1,1,2,1,7,3,1
SF,IF2006,2020-02-04 09:34:05.100,3709.0000,20956,-1,1613728740.000,1,0,1,双平,S,3708.6000,3707.6000,3707.4000,3706.2000,3706.0000,3709.0000,3709.4000,3710.0000,3710.2000,3710.4000,1,1,1,3,2,1,1,7,3,1
SF,IF2006,2020-02-04 09:34:05.600,3709.0000,20956,0,1614841440.000,1,0,1,多换,S,3709.0000,3707.6000,3707.4000,3706.2000,3706.0000,3709.4000,3710.0000,3710.2000,3710.4000,3710.6000,2,1,1,3,2,1,7,3,1,1
SF,IF2006,2020-02-04 09:34:06.100,3709.4000,20955,-1,1615954260.000,1,0,1,双平,S,3709.0000,3707.6000,3707.4000,3706.2000,3706.0000,3710.0000,3710.2000,3710.4000,3710.6000,3713.6000,2,1,1,3,2,7,3,1,1,10
SF,IF2006,2020-02-04 09:34:06.600,3709.4000,20955,0,1615954260.000,0,-,-,-,-,3709.2000,3709.0000,3707.6000,3707.4000,3706.2000,3709.8000,3710.0000,3710.2000,3710.4000,3710.6000,1,5,1,1,3,1,7,3,1,1
SF,IF2006,2020-02-04 09:34:07.100,3709.8000,20954,-1,1617067200.000,1,0,1,双平,S,3709.2000,3709.0000,3707.6000,3707.4000,3706.2000,3710.0000,3710.2000,3710.4000,3710.6000,3713.6000,1,5,1,1,3,7,3,1,1,10
SF,IF2006,2020-02-04 09:34:07.600,3709.0000,20945,-9,1632647340.000,14,2,12,多平,S,3707.6000,3707.4000,3706.2000,3706.0000,3705.0000,3708.4000,3710.2000,3710.4000,3710.6000,3713.6000,1,1,3,2,1,5,3,1,1,10
SF,IF2006,2020-02-04 09:34:08.100,3710.2000,20941,-4,1639323360.000,6,1,5,多平,S,3709.4000,3708.4000,3707.8000,3707.6000,3706.2000,3710.2000,3710.4000,3710.6000,3713.6000,3714.6000,1,5,3,4,3,2,1,1,10,1
SF,IF2006,2020-02-04 09:34:08.600,3710.0000,20941,0,1641549180.000,2,1,1,多换,S,3710.0000,3709.6000,3708.0000,3707.8000,3707.6000,3710.2000,3710.4000,3710.6000,3713.6000,3714.6000,1,1,1,3,4,2,1,1,10,1
SF,IF2006,2020-02-04 09:34:09.100,3710.2000,20942,1,1649340180.000,7,4,3,空开,S,3708.0000,3707.8000,3707.6000,3706.2000,3706.0000,3710.4000,3710.6000,3713.6000,3714.6000,3715.0000,1,3,3,3,2,1,1,10,1,1
SF,IF2006,2020-02-04 09:34:09.600,3710.2000,20942,0,1649340180.000,0,-,-,-,-,3710.0000,3708.8000,3708.4000,3708.2000,3708.0000,3710.4000,3710.6000,3713.6000,3714.6000,3715.0000,2,1,1,1,1,1,1,10,1,1
SF,IF2006,2020-02-04 09:34:10.100,3710.2000,20942,0,1651566300.000,2,1,1,多换,S,3710.0000,3708.2000,3708.0000,3707.8000,3706.2000,3710.4000,3710.6000,3713.6000,3714.6000,3715.0000,2,1,1,3,3,1,1,10,1,1
