市场代码,合约代码,时间,最新,持仓,增仓,成交额,成交量,开仓,平仓,成交类型,方向,买一价,买二价,买三价,买四价,买五价,卖一价,卖二价,卖三价,卖四价,卖五价,买一量,买二量,买三量,买四量,买五量,卖一量,卖二量,卖三量,卖四量,卖五量
SF,IF2003,2019-12-05 09:29:00.000,3854.0000,17297,0,5781000.000,5.000,-,-,-,-,3853.8000,3851.6000,3851.4000,3850.2000,3850.0000,3855.0000,3856.0000,3858.0000,3859.6000,3860.0000,1,2,3,5,5,4,1,1,1,1
SF,IF2003,2019-12-05 09:30:00.500,3859.6000,17293,-4,13879080.000,7,1,6,多平,S,3856.2000,3855.8000,3855.6000,3855.4000,3855.2000,3858.0000,3859.0000,3860.0000,3863.6000,3864.0000,2,2,5,4,2,1,1,2,1,1
SF,IF2003,2019-12-05 09:30:01.000,3858.4000,17291,-2,19665960.000,5,1,4,多平,S,3858.0000,3856.2000,3855.8000,3855.6000,3855.4000,3860.0000,3863.6000,3864.0000,3864.8000,3865.0000,3,3,1,2,1,2,1,1,2,2
SF,IF2003,2019-12-05 09:30:01.500,3860.4000,17288,-3,27775740.000,7,2,5,多平,S,3859.6000,3859.4000,3859.2000,3859.0000,3858.6000,3864.8000,3865.0000,3866.0000,3868.2000,3869.2000,1,2,1,1,3,1,2,1,5,1
SF,IF2003,2019-12-05 09:30:02.000,3862.0000,17284,-4,34726320.000,6,1,5,多平,S,3860.4000,3859.8000,3859.4000,3858.6000,3858.4000,3862.4000,3862.8000,3863.6000,3864.0000,3864.4000,1,1,2,3,3,1,2,2,5,9
SF,IF2003,2019-12-05 09:30:02.500,3860.6000,17283,-1,38201220.000,3,1,2,多平,S,3860.4000,3860.0000,3859.8000,3858.4000,3858.2000,3862.0000,3862.2000,3862.4000,3863.6000,3864.0000,1,3,4,3,17,2,6,1,1,3
SF,IF2003,2019-12-05 09:30:03.000,3862.2000,17280,-3,48628920.000,9,3,6,多平,S,3861.6000,3860.8000,3860.6000,3860.4000,3860.0000,3862.2000,3864.0000,3864.4000,3864.6000,3864.8000,1,2,4,2,3,3,2,4,4,1
SF,IF2003,2019-12-05 09:30:03.500,3862.0000,17280,0,54421440.000,5,2,3,多换,S,3860.6000,3860.4000,3860.0000,3859.8000,3858.4000,3863.4000,3864.0000,3864.4000,3864.6000,3865.0000,1,2,3,4,2,1,2,4,4,3
SF,IF2003,2019-12-05 09:30:04.000,3860.8000,17279,-1,55579680.000,1,0,1,双平,S,3860.8000,3860.4000,3860.0000,3859.8000,3858.4000,3862.0000,3862.6000,3862.8000,3863.0000,3863.2000,2,2,3,4,2,2,1,1,8,10
SF,IF2003,2019-12-05 09:30:04.500,3860.8000,17279,0,56737920.000,1,0,1,多换,S,3861.2000,3860.8000,3860.4000,3860.0000,3859.8000,3862.0000,3862.8000,3863.0000,3863.2000,3863.4000,1,4,2,3,4,1,1,4,10,1
SF,IF2003,2019-12-05 09:30:05.000,3861.6000,17279,0,59055000.000,2,1,1,多换,S,3862.0000,3861.6000,3861.4000,3861.2000,3861.0000,3863.2000,3863.4000,3864.6000,3865.0000,3866.0000,1,1,9,3,9,1,1,4,3,1
SF,IF2003,2019-12-05 09:30:05.500,3861.6000,17278,-1,60213480.000,1,0,1,双平,S,3861.4000,3861.2000,3861.0000,3860.4000,3858.4000,3863.2000,3864.6000,3865.0000,3866.0000,3867.0000,10,1,8,2,2,1,4,3,1,1
SF,IF2003,2019-12-05 09:30:06.000,3861.6000,17276,-2,62530440.000,2,0,2,双平,S,3862.2000,3861.8000,3861.6000,3861.4000,3861.0000,3864.6000,3865.0000,3866.0000,3867.0000,3868.0000,9,3,2,7,6,4,3,1,1,1
SF,IF2003,2019-12-05 09:30:06.500,3861.6000,17276,0,62530440.000,0,-,-,-,-,3862.6000,3862.2000,3861.8000,3861.4000,3861.0000,3863.4000,3864.4000,3864.6000,3865.0000,3866.0000,1,2,2,6,6,1,9,5,3,1
SF,IF2003,2019-12-05 09:30:07.000,3863.4000,17274,-2,64848480.000,2,0,2,双平,S,3862.6000,3861.8000,3861.4000,3861.0000,3858.4000,3864.4000,3864.6000,3865.0000,3866.0000,3867.0000,1,2,6,6,2,8,5,3,1,1
SF,IF2003,2019-12-05 09:30:07.500,3863.2000,17273,-1,67166220.000,2,0,2,多平,S,3863.2000,3861.8000,3861.4000,3861.0000,3858.4000,3863.4000,3863.6000,3863.8000,3864.0000,3864.2000,1,2,6,6,2,1,3,1,2,5
SF,IF2003,2019-12-05 09:30:08.000,3863.2000,17272,-1,72961020.000,5,2,3,多平,S,3861.8000,3861.0000,3858.4000,3858.2000,3858.0000,3863.2000,3863.4000,3864.0000,3864.2000,3864.4000,1,2,2,6,4,7,2,4,6,9
SF,IF2003,2019-12-05 09:30:08.500,3863.2000,17272,0,72961020.000,0,-,-,-,-,3862.4000,3862.0000,3861.0000,3858.4000,3858.2000,3862.6000,3863.4000,3864.2000,3864.4000,3865.0000,1,10,2,2,6,1,2,4,9,3
SF,IF2003,2019-12-05 09:30:09.000,3862.4000,17271,-1,74119740.000,1,0,1,双平,S,3861.0000,3858.4000,3858.2000,3858.0000,3856.6000,3862.6000,3863.4000,3864.2000,3864.4000,3865.0000,2,2,6,4,2,1,2,4,9,3
SF,IF2003,2019-12-05 09:30:09.500,3863.4000,17268,-3,78755280.000,4,0,4,多平,S,3863.4000,3861.2000,3861.0000,3858.4000,3858.2000,3864.2000,3864.4000,3865.0000,3866.0000,3867.0000,8,6,1,2,6,4,8,3,1,1
SF,IF2003,2019-12-05 09:30:10.000,3863.4000,17260,-8,88027440.000,8,0,8,双平,S,3858.4000,3858.2000,3858.0000,3856.6000,3855.0000,3862.4000,3862.8000,3863.2000,3863.4000,3863.6000,2,6,4,2,2,1,3,3,9,2
SF,IF2003,2019-12-05 09:30:10.500,3862.6000,17257,-3,92661060.000,4,0,4,多平,S,3862.6000,3862.2000,3860.8000,3860.0000,3859.6000,3863.2000,3863.4000,3863.8000,3864.0000,3864.2000,3,1,7,2,1,2,1,7,8,4
SF,IF2003,2019-12-05 09:30:11.000,3863.0000,17251,-6,101931660.000,8,1,7,多平,S,3862.2000,3860.0000,3859.0000,3858.8000,3858.6000,3863.0000,3863.2000,3863.4000,3863.8000,3864.0000,1,1,4,8,16,1,2,1,7,7
SF,IF2003,2019-12-05 09:30:11.500,3862.2000,17250,-1,104248980.000,2,0,2,多平,S,3860.0000,3859.0000,3858.8000,3858.6000,3858.4000,3861.6000,3862.2000,3862.4000,3862.6000,3862.8000,1,1,8,16,4,1,1,2,2,2
SF,IF2003,2019-12-05 09:30:12.000,3862.2000,17248,-2,106566120.000,2,0,2,双平,S,3861.6000,3860.4000,3860.2000,3860.0000,3858.8000,3862.6000,3862.8000,3863.0000,3863.2000,3863.8000,1,1,14,1,7,2,1,4,1,7
SF,IF2003,2019-12-05 09:30:12.500,3862.2000,17248,0,106566120.000,0,-,-,-,-,3860.4000,3860.2000,3860.0000,3858.8000,3858.6000,3862.6000,3862.8000,3863.0000,3863.2000,3863.8000,1,13,1,7,6,2,2,4,1,7
SF,IF2003,2019-12-05 09:30:13.000,3860.6000,17246,-2,108882960.000,2,0,2,双平,S,3860.6000,3860.2000,3860.0000,3858.8000,3858.6000,3862.2000,3862.4000,3862.6000,3862.8000,3863.0000,1,4,1,6,6,1,10,2,4,5
SF,IF2003,2019-12-05 09:30:13.500,3862.0000,17245,-1,111199740.000,2,0,2,多平,S,3860.2000,3860.0000,3858.8000,3858.6000,3858.4000,3862.0000,3862.2000,3862.4000,3862.6000,3862.8000,4,1,6,7,4,1,2,9,2,3
SF,IF2003,2019-12-05 09:30:14.000,3862.0000,17244,-1,112358340.000,1,0,1,双平,S,3860.4000,3860.2000,3860.0000,3858.8000,3858.6000,3862.2000,3862.4000,3862.6000,3862.8000,3863.0000,1,4,1,6,7,2,9,3,3,5
SF,IF2003,2019-12-05 09:30:14.500,3862.0000,17245,1,113516940.000,1,1,0,双开,S,3860.6000,3858.6000,3858.4000,3858.0000,3856.6000,3861.8000,3862.0000,3862.2000,3862.4000,3862.6000,1,6,1,4,1,13,1,2,5,3
SF,IF2003,2019-12-05 09:30:15.000,3862.0000,17245,0,113516940.000,0,-,-,-,-,3860.6000,3858.6000,3858.0000,3856.6000,3856.0000,3861.6000,3861.8000,3862.0000,3862.2000,3862.4000,1,6,4,1,1,1,14,1,3,5
SF,IF2003,2019-12-05 09:30:15.500,3861.8000,17244,-1,114675480.000,1,0,1,双平,S,3858.6000,3858.0000,3856.6000,3856.0000,3855.0000,3861.0000,3861.4000,3861.6000,3861.8000,3862.0000,4,4,1,1,2,2,6,1,9,1
SF,IF2003,2019-12-05 09:30:16.000,3861.8000,17243,-1,119309220.000,4,1,3,多平,S,3859.0000,3858.8000,3858.6000,3858.0000,3856.6000,3861.2000,3861.4000,3861.8000,3862.2000,3862.6000,8,10,3,4,1,1,1,4,2,3
SF,IF2003,2019-12-05 09:30:16.500,3861.4000,17242,-1,120467640.000,1,0,1,双平,S,3861.0000,3859.2000,3859.0000,3858.8000,3858.6000,3861.4000,3861.8000,3862.2000,3862.6000,3862.8000,1,10,8,6,3,2,4,2,3,1
SF,IF2003,2019-12-05 09:30:17.000,3861.4000,17242,0,120467640.000,0,-,-,-,-,3861.0000,3859.2000,3859.0000,3858.8000,3858.6000,3861.4000,3862.2000,3862.6000,3862.8000,3863.0000,1,9,3,4,3,2,2,3,1,1
SF,IF2003,2019-12-05 09:30:17.500,3861.4000,17242,0,120467640.000,0,-,-,-,-,3861.0000,3859.2000,3859.0000,3858.8000,3858.6000,3861.4000,3862.0000,3862.2000,3862.6000,3862.8000,1,9,3,4,3,1,1,2,3,1
SF,IF2003,2019-12-05 09:30:18.000,3861.4000,17240,-2,122784480.000,2,0,2,双平,S,3861.4000,3861.2000,3861.0000,3859.2000,3859.0000,3862.0000,3862.2000,3862.6000,3862.8000,3863.0000,6,1,1,9,3,1,2,3,1,1
SF,IF2003,2019-12-05 09:30:18.500,3861.4000,17237,-3,126259740.000,3,0,3,双平,S,3861.4000,3861.2000,3861.0000,3859.2000,3859.0000,3862.0000,3862.2000,3862.6000,3862.8000,3863.0000,4,1,2,9,3,1,2,3,1,1
SF,IF2003,2019-12-05 09:30:19.000,3861.6000,17235,-2,128576820.000,2,0,2,双平,S,3861.4000,3861.2000,3861.0000,3859.2000,3859.0000,3862.0000,3862.2000,3862.6000,3862.8000,3863.0000,4,1,1,9,3,1,2,3,1,1
SF,IF2003,2019-12-05 09:30:19.500,3862.0000,17234,-1,130894020.000,2,0,2,多平,S,3861.6000,3861.4000,3861.2000,3861.0000,3859.2000,3862.2000,3862.6000,3863.0000,3863.8000,3864.0000,1,4,1,1,8,1,3,2,2,2
SF,IF2003,2019-12-05 09:30:20.000,3861.6000,17233,-1,132052500.000,1,0,1,双平,S,3861.4000,3861.2000,3861.0000,3859.2000,3859.0000,3862.2000,3862.6000,3863.0000,3863.8000,3864.0000,4,1,1,8,3,1,3,2,2,2
SF,IF2003,2019-12-05 09:30:20.500,3861.6000,17233,0,132052500.000,0,-,-,-,-,3861.4000,3861.2000,3861.0000,3859.2000,3859.0000,3862.0000,3862.2000,3862.6000,3863.0000,3863.8000,4,1,1,8,3,1,1,3,2,2
SF,IF2003,2019-12-05 09:30:21.000,3862.0000,17232,-1,133211100.000,1,0,1,双平,S,3861.4000,3861.2000,3861.0000,3859.2000,3859.0000,3862.2000,3862.6000,3863.0000,3863.8000,3864.0000,4,1,1,8,3,1,3,2,2,2
SF,IF2003,2019-12-05 09:30:21.500,3861.4000,17231,-1,135527940.000,2,0,2,多平,S,3861.4000,3861.2000,3861.0000,3859.2000,3859.0000,3861.8000,3862.0000,3862.2000,3862.6000,3863.0000,2,5,1,8,3,1,1,1,3,2
SF,IF2003,2019-12-05 09:30:22.000,3861.6000,17229,-2,137844840.000,2,0,2,双平,S,3861.4000,3861.2000,3861.0000,3859.2000,3859.0000,3862.0000,3862.2000,3862.6000,3863.0000,3863.8000,1,5,1,8,3,1,1,3,2,2
SF,IF2003,2019-12-05 09:30:22.500,3861.4000,17230,1,139003260.000,1,1,0,双开,S,3861.2000,3861.0000,3859.2000,3859.0000,3858.8000,3861.4000,3861.6000,3861.8000,3862.0000,3862.2000,5,1,8,3,4,1,3,2,1,1
SF,IF2003,2019-12-05 09:30:23.000,3861.6000,17228,-2,144795240.000,5,1,4,多平,S,3861.2000,3861.0000,3859.2000,3859.0000,3858.8000,3861.8000,3862.0000,3862.2000,3862.6000,3863.0000,2,1,8,3,4,1,1,1,3,2
SF,IF2003,2019-12-05 09:30:23.500,3862.0000,17227,-1,145953840.000,1,0,1,双平,S,3861.2000,3861.0000,3859.2000,3859.0000,3858.8000,3862.2000,3862.6000,3863.0000,3863.4000,3863.8000,2,1,8,3,4,1,3,2,1,2
SF,IF2003,2019-12-05 09:30:24.000,3861.4000,17226,-1,147112260.000,1,0,1,双平,S,3861.4000,3861.2000,3861.0000,3859.2000,3859.0000,3862.2000,3862.6000,3863.0000,3863.8000,3864.0000,1,4,1,8,3,1,3,2,2,2
SF,IF2003,2019-12-05 09:30:24.500,3861.4000,17226,0,147112260.000,0,-,-,-,-,3861.6000,3861.4000,3861.2000,3861.0000,3860.0000,3862.0000,3862.2000,3862.6000,3863.0000,3863.8000,1,6,3,1,3,1,1,3,2,2
SF,IF2003,2019-12-05 09:30:25.000,3861.4000,17226,0,148270680.000,1,0,1,多换,S,3861.2000,3861.0000,3860.0000,3859.2000,3859.0000,3862.0000,3862.2000,3862.6000,3863.0000,3863.8000,3,1,3,8,3,1,1,3,2,2
SF,IF2003,2019-12-05 09:30:25.500,3861.2000,17223,-3,152904180.000,4,0,4,多平,S,3861.0000,3860.0000,3859.2000,3859.0000,3858.6000,3861.2000,3862.0000,3862.2000,3862.6000,3863.0000,1,3,8,3,3,17,1,1,3,3
SF,IF2003,2019-12-05 09:30:26.000,3861.2000,17221,-2,155220900.000,2,0,2,双平,S,3861.0000,3860.0000,3859.2000,3859.0000,3858.6000,3861.2000,3861.8000,3862.0000,3862.2000,3862.6000,1,3,8,3,3,15,1,6,1,3
SF,IF2003,2019-12-05 09:30:26.500,3861.2000,17218,-3,158695980.000,3,0,3,双平,S,3861.0000,3860.0000,3859.2000,3859.0000,3858.6000,3861.2000,3862.0000,3862.2000,3862.6000,3863.0000,1,3,8,3,3,13,4,1,3,3
SF,IF2003,2019-12-05 09:30:27.000,3861.2000,17218,0,158695980.000,0,-,-,-,-,3861.0000,3860.0000,3859.2000,3859.0000,3858.6000,3861.2000,3862.0000,3862.2000,3862.6000,3863.0000,1,3,9,3,3,13,5,1,3,3
SF,IF2003,2019-12-05 09:30:27.500,3861.0000,17217,-1,159854280.000,1,0,1,双平,S,3860.0000,3859.2000,3859.0000,3858.6000,3858.0000,3861.0000,3861.2000,3862.0000,3862.2000,3862.6000,3,9,3,3,5,2,13,5,1,3
SF,IF2003,2019-12-05 09:30:28.000,3861.0000,17217,0,161012580.000,1,0,1,多换,S,3860.2000,3860.0000,3859.2000,3859.0000,3858.6000,3861.0000,3861.2000,3862.0000,3862.2000,3862.6000,1,3,9,3,3,1,13,5,1,3
SF,IF2003,2019-12-05 09:30:28.500,3861.0000,17217,0,161012580.000,0,-,-,-,-,3860.2000,3860.0000,3859.2000,3859.0000,3858.6000,3860.8000,3861.0000,3861.2000,3862.0000,3862.2000,3,3,9,3,3,1,1,3,5,1
SF,IF2003,2019-12-05 09:30:29.000,3860.2000,17216,-1,162170640.000,1,0,1,双平,S,3860.0000,3859.2000,3859.0000,3858.6000,3858.0000,3860.2000,3860.8000,3861.0000,3861.2000,3862.0000,3,9,3,3,5,11,1,1,1,5
SF,IF2003,2019-12-05 09:30:29.500,3860.0000,17213,-3,169118820.000,6,1,5,多平,S,3859.2000,3859.0000,3858.6000,3858.0000,3856.6000,3860.0000,3860.8000,3861.0000,3861.2000,3862.0000,9,3,3,5,1,5,1,1,1,5
SF,IF2003,2019-12-05 09:30:30.000,3859.4000,17210,-3,173750520.000,4,0,4,多平,S,3859.4000,3859.2000,3859.0000,3858.6000,3858.0000,3860.0000,3860.8000,3861.0000,3861.2000,3862.0000,2,9,2,3,4,3,1,1,1,5
SF,IF2003,2019-12-05 09:30:30.500,3859.4000,17207,-3,177223980.000,3,0,3,双平,S,3859.6000,3859.4000,3859.2000,3859.0000,3858.6000,3860.8000,3861.0000,3861.2000,3862.0000,3862.2000,8,2,5,2,3,1,1,1,5,1
SF,IF2003,2019-12-05 09:30:31.000,3859.4000,17207,0,177223980.000,0,-,-,-,-,3860.2000,3860.0000,3859.6000,3859.2000,3859.0000,3860.6000,3860.8000,3861.0000,3861.2000,3862.0000,12,1,4,5,2,1,1,1,2,5
SF,IF2003,2019-12-05 09:30:31.500,3860.2000,17201,-6,184172340.000,6,0,6,双平,S,3860.2000,3860.0000,3859.2000,3858.6000,3858.0000,3860.4000,3860.6000,3860.8000,3861.0000,3861.2000,6,1,4,2,5,1,1,1,1,2
SF,IF2003,2019-12-05 09:30:32.000,3860.2000,17200,-1,185330400.000,1,0,1,双平,S,3860.2000,3860.0000,3859.2000,3858.6000,3858.0000,3860.4000,3860.6000,3861.0000,3861.2000,3862.0000,5,1,4,2,5,2,1,1,2,5
SF,IF2003,2019-12-05 09:30:32.500,3860.2000,17193,-7,194595000.000,8,0,8,多平,S,3860.0000,3859.2000,3858.6000,3858.0000,3856.6000,3860.2000,3860.6000,3861.0000,3861.2000,3862.0000,1,4,2,5,1,6,1,1,2,5
SF,IF2003,2019-12-05 09:30:33.000,3860.0000,17193,0,195753000.000,1,0,1,多换,S,3859.2000,3858.6000,3858.0000,3856.6000,3856.0000,3860.2000,3860.6000,3861.0000,3861.2000,3862.0000,4,2,5,1,1,7,1,1,2,5
SF,IF2003,2019-12-05 09:30:33.500,3860.0000,17193,0,195753000.000,0,-,-,-,-,3859.2000,3858.6000,3858.0000,3856.6000,3856.0000,3860.0000,3860.2000,3860.6000,3861.0000,3861.2000,4,2,5,1,1,1,7,1,1,2
SF,IF2003,2019-12-05 09:30:34.000,3860.0000,17193,0,195753000.000,0,-,-,-,-,3859.2000,3858.6000,3858.0000,3856.6000,3856.0000,3860.2000,3860.6000,3861.0000,3861.2000,3862.0000,4,2,5,1,1,12,1,1,2,5
SF,IF2003,2019-12-05 09:30:35.000,3860.0000,17193,0,195753000.000,0,-,-,-,-,3859.2000,3858.6000,3858.0000,3856.6000,3856.0000,3860.0000,3860.2000,3860.6000,3861.0000,3861.2000,4,2,5,1,1,2,12,1,1,2
SF,IF2003,2019-12-05 09:30:35.500,3860.0000,17193,0,195753000.000,0,-,-,-,-,3859.2000,3858.6000,3858.0000,3856.6000,3856.0000,3860.2000,3860.6000,3861.0000,3861.2000,3862.0000,4,2,5,1,1,12,1,1,2,5
SF,IF2003,2019-12-05 09:30:36.000,3860.0000,17193,0,195753000.000,0,-,-,-,-,3859.2000,3858.6000,3858.0000,3856.6000,3856.0000,3859.8000,3860.0000,3860.2000,3861.0000,3861.2000,4,2,5,1,1,1,2,12,1,2
SF,IF2003,2019-12-05 09:30:36.500,3860.0000,17193,0,195753000.000,0,-,-,-,-,3859.4000,3859.2000,3858.6000,3858.0000,3856.6000,3860.0000,3860.2000,3861.0000,3861.2000,3861.8000,1,4,2,5,1,2,12,1,2,1
SF,IF2003,2019-12-05 09:30:37.000,3860.0000,17193,0,195753000.000,0,-,-,-,-,3858.6000,3858.0000,3856.6000,3856.0000,3855.0000,3859.6000,3860.0000,3860.2000,3861.0000,3861.2000,2,5,1,1,2,1,2,12,1,2
SF,IF2003,2019-12-05 09:30:37.500,3860.0000,17193,0,195753000.000,0,-,-,-,-,3858.8000,3858.6000,3858.0000,3856.6000,3856.0000,3860.0000,3860.2000,3860.4000,3861.0000,3861.2000,2,1,5,1,1,3,12,1,1,2
SF,IF2003,2019-12-05 09:30:38.000,3860.0000,17193,0,195753000.000,0,-,-,-,-,3858.8000,3858.6000,3858.0000,3856.6000,3856.0000,3859.8000,3860.0000,3860.2000,3860.4000,3861.0000,5,1,5,1,1,1,4,12,1,1
SF,IF2003,2019-12-05 09:30:38.500,3860.0000,17193,0,195753000.000,0,-,-,-,-,3859.2000,3858.8000,3858.6000,3858.0000,3856.6000,3860.0000,3860.2000,3860.4000,3861.0000,3861.2000,1,5,1,5,1,3,6,1,1,2
SF,IF2003,2019-12-05 09:30:39.000,3860.0000,17193,0,195753000.000,0,-,-,-,-,3858.8000,3858.6000,3858.0000,3856.6000,3856.0000,3859.6000,3860.0000,3860.2000,3860.4000,3861.0000,4,1,5,1,1,1,3,6,1,1
SF,IF2003,2019-12-05 09:30:39.500,3860.0000,17193,0,195753000.000,0,-,-,-,-,3859.6000,3858.8000,3858.6000,3858.0000,3856.6000,3860.0000,3860.2000,3860.4000,3861.0000,3861.2000,5,4,1,5,1,4,6,1,1,2
SF,IF2003,2019-12-05 09:30:40.000,3859.8000,17192,-1,202700340.000,6,2,4,多平,S,3858.8000,3858.6000,3858.0000,3856.6000,3856.0000,3860.0000,3860.2000,3860.4000,3861.0000,3861.2000,4,1,5,1,1,4,6,1,1,2
SF,IF2003,2019-12-05 09:30:40.500,3859.8000,17192,0,208490040.000,5,2,3,多换,S,3858.8000,3858.6000,3858.0000,3856.6000,3856.0000,3860.0000,3860.2000,3860.4000,3861.0000,3861.2000,4,1,5,1,1,4,6,1,1,2
SF,IF2003,2019-12-05 09:30:41.000,3860.0000,17193,1,213122040.000,4,2,2,空开,S,3860.0000,3859.0000,3858.8000,3858.6000,3858.0000,3860.2000,3860.4000,3861.0000,3861.2000,3861.8000,1,2,4,1,5,6,1,1,2,1
SF,IF2003,2019-12-05 09:30:41.500,3860.0000,17193,0,214280040.000,1,0,1,多换,S,3858.8000,3858.6000,3858.0000,3856.6000,3856.0000,3859.8000,3860.0000,3860.2000,3860.4000,3861.0000,4,1,5,1,1,1,1,6,1,1
SF,IF2003,2019-12-05 09:30:42.000,3858.8000,17192,-1,215437680.000,1,0,1,双平,S,3858.8000,3858.6000,3858.0000,3856.6000,3856.0000,3860.2000,3860.4000,3861.0000,3861.2000,3861.8000,3,1,5,1,2,6,1,1,2,1
SF,IF2003,2019-12-05 09:30:42.500,3859.6000,17192,0,217753200.000,2,1,1,多换,S,3859.8000,3858.6000,3858.0000,3856.6000,3856.0000,3860.0000,3860.2000,3860.4000,3861.0000,3861.2000,1,1,5,1,2,1,6,1,1,2
SF,IF2003,2019-12-05 09:30:43.000,3859.8000,17192,0,218911140.000,1,0,1,多换,S,3858.6000,3858.0000,3856.6000,3856.0000,3855.0000,3859.6000,3859.8000,3860.0000,3860.2000,3860.4000,1,10,1,2,2,3,4,4,6,1
SF,IF2003,2019-12-05 09:30:43.500,3859.6000,17193,1,221226900.000,2,1,1,空开,S,3859.6000,3858.8000,3858.6000,3858.0000,3856.6000,3859.8000,3860.0000,3860.2000,3860.4000,3861.0000,3,1,1,10,1,2,2,6,1,1
SF,IF2003,2019-12-05 09:30:44.000,3859.8000,17193,0,228174000.000,6,3,3,多换,S,3859.8000,3859.6000,3858.0000,3856.6000,3856.0000,3860.0000,3860.2000,3860.4000,3861.0000,3861.2000,4,1,10,1,2,2,6,1,1,2
SF,IF2003,2019-12-05 09:30:44.500,3859.6000,17195,2,233963640.000,5,3,2,空开,S,3859.2000,3858.0000,3856.6000,3856.0000,3855.0000,3859.4000,3859.6000,3859.8000,3860.0000,3860.2000,1,10,1,2,2,2,1,2,1,6
SF,IF2003,2019-12-05 09:30:45.000,3860.0000,17193,-2,238595160.000,4,1,3,多平,S,3860.0000,3859.2000,3858.0000,3856.6000,3856.0000,3860.2000,3860.4000,3861.0000,3861.2000,3861.8000,3,1,10,1,2,6,1,1,2,1
SF,IF2003,2019-12-05 09:30:45.500,3860.0000,17194,1,242069160.000,3,2,1,空开,S,3859.4000,3859.2000,3858.0000,3856.6000,3856.0000,3860.0000,3860.2000,3860.4000,3861.0000,3861.2000,4,1,10,1,2,3,6,1,1,2
SF,IF2003,2019-12-05 09:30:46.000,3860.2000,17190,-4,249017160.000,6,1,5,多平,S,3859.6000,3859.4000,3859.2000,3858.8000,3858.0000,3860.2000,3861.0000,3861.2000,3861.8000,3862.0000,1,4,1,1,10,4,1,2,1,6
SF,IF2003,2019-12-05 09:30:46.500,3860.2000,17187,-3,252491340.000,3,0,3,双平,S,3859.6000,3859.4000,3859.2000,3858.8000,3858.0000,3860.2000,3861.0000,3861.2000,3861.8000,3862.0000,1,4,1,1,10,1,1,2,1,6
SF,IF2003,2019-12-05 09:30:47.000,3860.2000,17187,0,252491340.000,0,-,-,-,-,3859.8000,3859.6000,3859.4000,3859.2000,3858.8000,3860.2000,3861.0000,3861.2000,3861.8000,3862.0000,1,1,4,1,1,1,1,2,1,6
SF,IF2003,2019-12-05 09:30:47.500,3860.2000,17187,0,252491340.000,0,-,-,-,-,3859.4000,3858.8000,3858.0000,3856.6000,3856.0000,3860.2000,3861.0000,3861.2000,3861.8000,3862.0000,3,1,10,1,2,1,1,2,1,6
SF,IF2003,2019-12-05 09:30:48.000,3860.2000,17187,0,252491340.000,0,-,-,-,-,3859.4000,3858.8000,3858.0000,3856.6000,3856.0000,3860.0000,3860.2000,3861.0000,3861.2000,3861.8000,3,1,10,1,2,1,1,1,2,1
SF,IF2003,2019-12-05 09:30:48.500,3860.0000,17187,0,253649340.000,1,0,1,多换,S,3860.0000,3859.4000,3858.8000,3858.0000,3856.6000,3860.2000,3861.0000,3861.2000,3861.8000,3862.0000,4,3,1,10,1,2,1,2,1,6
SF,IF2003,2019-12-05 09:30:49.000,3860.0000,17187,0,253649340.000,0,-,-,-,-,3860.0000,3859.6000,3859.4000,3858.8000,3858.0000,3860.2000,3861.0000,3861.2000,3861.8000,3862.0000,4,1,3,1,10,2,1,2,1,6
SF,IF2003,2019-12-05 09:30:49.500,3860.0000,17185,-2,257123460.000,3,0,3,多平,S,3860.2000,3860.0000,3859.6000,3858.8000,3858.0000,3861.0000,3861.2000,3861.8000,3862.0000,3862.2000,5,3,1,2,10,1,2,1,6,1
SF,IF2003,2019-12-05 09:30:50.000,3861.0000,17185,0,259440000.000,2,1,1,多换,S,3861.0000,3860.2000,3860.0000,3859.6000,3858.8000,3861.2000,3861.8000,3862.0000,3862.2000,3862.4000,3,5,3,1,2,1,1,6,1,1
SF,IF2003,2019-12-05 09:30:50.500,3860.2000,17185,0,264072960.000,4,2,2,多换,S,3860.2000,3860.0000,3858.8000,3858.0000,3856.6000,3860.4000,3860.8000,3861.0000,3861.2000,3861.8000,4,3,2,10,1,1,4,11,2,1
SF,IF2003,2019-12-05 09:30:51.000,3860.2000,17185,0,264072960.000,0,-,-,-,-,3860.2000,3860.0000,3858.8000,3858.0000,3856.6000,3860.4000,3860.8000,3861.0000,3861.2000,3861.8000,4,3,2,10,1,1,3,6,2,1
SF,IF2003,2019-12-05 09:30:51.500,3860.4000,17185,0,265231080.000,1,0,1,多换,S,3860.2000,3860.0000,3858.8000,3858.0000,3856.6000,3860.8000,3861.0000,3861.2000,3861.8000,3862.0000,4,3,2,10,1,3,7,2,1,6
SF,IF2003,2019-12-05 09:30:52.000,3860.2000,17185,0,266389140.000,1,0,1,多换,S,3860.2000,3860.0000,3858.8000,3858.4000,3858.0000,3860.4000,3860.6000,3860.8000,3861.0000,3861.2000,3,3,2,1,10,2,1,3,9,2
SF,IF2003,2019-12-05 09:30:52.500,3860.2000,17185,0,267547200.000,1,0,1,多换,S,3860.2000,3860.0000,3858.8000,3858.4000,3858.0000,3860.6000,3860.8000,3861.0000,3861.2000,3861.8000,2,3,2,1,10,1,4,6,2,1
SF,IF2003,2019-12-05 09:30:53.000,3860.2000,17185,0,267547200.000,0,-,-,-,-,3860.2000,3860.0000,3858.8000,3858.4000,3858.0000,3860.6000,3860.8000,3861.0000,3861.2000,3861.8000,2,3,2,1,10,1,3,6,2,1
SF,IF2003,2019-12-05 09:30:53.500,3860.8000,17181,-4,272180100.000,4,0,4,双平,S,3860.4000,3860.2000,3860.0000,3859.0000,3858.8000,3860.8000,3861.0000,3861.2000,3861.8000,3862.0000,2,2,3,1,2,1,6,2,1,6
SF,IF2003,2019-12-05 09:30:54.500,3860.4000,17179,-2,274496340.000,2,0,2,双平,S,3860.2000,3860.0000,3859.0000,3858.8000,3858.4000,3860.8000,3861.0000,3861.2000,3861.8000,3862.0000,2,3,1,2,1,1,8,2,1,6
SF,IF2003,2019-12-05 09:30:55.000,3860.4000,17179,0,274496340.000,0,-,-,-,-,3860.4000,3860.2000,3860.0000,3859.0000,3858.8000,3860.8000,3861.0000,3861.2000,3861.8000,3862.0000,2,2,3,1,2,1,8,2,1,6
SF,IF2003,2019-12-05 09:30:55.500,3860.4000,17179,0,274496340.000,0,-,-,-,-,3860.4000,3860.2000,3860.0000,3859.0000,3858.8000,3860.6000,3860.8000,3861.0000,3861.2000,3861.8000,3,2,3,1,2,1,1,8,2,1
SF,IF2003,2019-12-05 09:30:56.000,3860.4000,17178,-1,276812640.000,2,0,2,多平,S,3860.4000,3860.2000,3860.0000,3859.0000,3858.8000,3860.8000,3861.0000,3861.2000,3861.8000,3862.0000,2,2,3,1,2,1,4,2,1,6
SF,IF2003,2019-12-05 09:30:56.500,3860.8000,17178,0,277970880.000,1,0,1,多换,S,3860.4000,3860.2000,3860.0000,3859.6000,3859.0000,3861.0000,3861.2000,3861.8000,3862.0000,3862.2000,1,2,3,1,1,4,2,1,6,1
SF,IF2003,2019-12-05 09:30:57.000,3860.4000,17178,0,279129000.000,1,0,1,多换,S,3860.2000,3860.0000,3859.0000,3858.8000,3858.4000,3860.4000,3861.0000,3861.2000,3861.8000,3862.0000,2,3,3,2,1,2,6,2,1,6
SF,IF2003,2019-12-05 09:30:57.500,3860.4000,17176,-2,281445240.000,2,0,2,双平,S,3860.6000,3860.2000,3860.0000,3859.0000,3858.8000,3861.0000,3861.2000,3861.8000,3862.0000,3862.2000,1,2,3,3,2,4,2,1,6,1
SF,IF2003,2019-12-05 09:30:58.000,3861.0000,17177,1,282603540.000,1,1,0,双开,S,3860.6000,3860.2000,3860.0000,3859.6000,3859.0000,3861.0000,3861.2000,3861.8000,3862.0000,3862.2000,1,2,3,1,3,3,2,1,6,1
SF,IF2003,2019-12-05 09:30:59.000,3860.6000,17176,-1,283761720.000,1,0,1,双平,S,3860.2000,3860.0000,3859.6000,3859.0000,3858.8000,3860.4000,3861.0000,3861.2000,3861.8000,3862.0000,2,3,1,3,2,1,3,2,1,6
SF,IF2003,2019-12-05 09:30:59.500,3861.0000,17176,0,286078140.000,2,1,1,多换,S,3860.2000,3860.0000,3859.6000,3859.0000,3858.8000,3861.0000,3861.2000,3861.8000,3862.0000,3862.2000,2,3,1,3,2,2,2,1,6,1
SF,IF2003,2019-12-05 09:31:00.000,3861.0000,17176,0,286078140.000,0,-,-,-,-,3860.4000,3860.2000,3860.0000,3859.6000,3859.0000,3860.8000,3861.0000,3861.2000,3861.8000,3862.0000,1,2,3,1,1,1,2,2,1,6
SF,IF2003,2019-12-05 09:31:00.500,3860.6000,17175,-1,287236320.000,1,0,1,双平,S,3860.6000,3860.4000,3860.2000,3860.0000,3859.6000,3861.0000,3861.2000,3861.8000,3862.0000,3862.2000,1,1,2,3,1,3,2,1,6,1
SF,IF2003,2019-12-05 09:31:01.000,3861.0000,17171,-4,291869520.000,4,0,4,双平,S,3861.0000,3860.6000,3860.4000,3860.2000,3860.0000,3861.2000,3861.8000,3862.0000,3862.2000,3862.4000,8,1,1,2,3,2,1,6,1,1
SF,IF2003,2019-12-05 09:31:01.500,3861.2000,17171,0,293027880.000,1,0,1,多换,S,3861.0000,3860.4000,3860.2000,3860.0000,3859.6000,3861.2000,3861.8000,3862.0000,3862.2000,3862.4000,9,1,2,3,1,1,1,6,1,1
SF,IF2003,2019-12-05 09:31:02.000,3861.2000,17170,-1,294186240.000,1,0,1,双平,S,3861.0000,3860.4000,3860.2000,3860.0000,3859.6000,3861.8000,3862.0000,3862.2000,3862.4000,3862.6000,9,1,2,3,1,1,6,1,1,1
SF,IF2003,2019-12-05 09:31:02.500,3861.6000,17169,-1,302295180.000,7,3,4,多平,S,3861.0000,3860.4000,3860.2000,3860.0000,3859.6000,3861.6000,3861.8000,3862.0000,3862.2000,3862.4000,7,1,2,4,1,3,1,6,1,1
SF,IF2003,2019-12-05 09:31:03.000,3861.6000,17169,0,302295180.000,0,-,-,-,-,3861.2000,3861.0000,3860.4000,3860.2000,3860.0000,3861.4000,3861.6000,3861.8000,3862.0000,3862.2000,1,7,1,2,4,1,2,1,6,1
SF,IF2003,2019-12-05 09:31:03.500,3861.2000,17168,-1,304611900.000,2,0,2,多平,S,3861.0000,3860.4000,3860.2000,3860.0000,3859.6000,3861.2000,3861.4000,3861.6000,3861.8000,3862.0000,7,1,2,4,1,1,2,1,1,6
SF,IF2003,2019-12-05 09:31:04.000,3861.0000,17166,-2,306928500.000,2,0,2,双平,S,3861.0000,3860.4000,3860.2000,3860.0000,3859.6000,3861.2000,3861.4000,3861.6000,3861.8000,3862.0000,5,1,2,4,1,2,2,1,1,6
SF,IF2003,2019-12-05 09:31:04.500,3861.0000,17162,-4,312720000.000,5,0,5,多平,S,3860.4000,3860.2000,3860.0000,3859.6000,3859.0000,3861.0000,3861.2000,3861.4000,3861.6000,3861.8000,1,2,4,1,1,3,2,2,1,1
SF,IF2003,2019-12-05 09:31:05.000,3861.0000,17162,0,312720000.000,0,-,-,-,-,3860.2000,3860.0000,3859.6000,3859.0000,3858.8000,3861.0000,3861.2000,3861.4000,3861.6000,3861.8000,2,4,1,1,2,2,2,2,1,1
SF,IF2003,2019-12-05 09:31:05.500,3861.0000,17162,0,312720000.000,0,-,-,-,-,3860.6000,3860.4000,3860.2000,3860.0000,3859.6000,3861.0000,3861.2000,3861.4000,3861.6000,3861.8000,1,1,2,4,1,2,2,2,1,1
SF,IF2003,2019-12-05 09:31:06.000,3861.0000,17162,0,312720000.000,0,-,-,-,-,3860.4000,3860.2000,3860.0000,3859.6000,3859.0000,3861.0000,3861.2000,3861.4000,3861.6000,3861.8000,1,2,4,1,1,2,1,2,1,1
SF,IF2003,2019-12-05 09:31:06.500,3861.0000,17162,0,312720000.000,0,-,-,-,-,3860.6000,3860.4000,3860.2000,3860.0000,3859.0000,3861.0000,3861.2000,3861.4000,3861.6000,3861.8000,1,1,2,4,1,2,1,2,1,1
SF,IF2003,2019-12-05 09:31:07.000,3861.0000,17162,0,312720000.000,0,-,-,-,-,3860.6000,3860.4000,3860.2000,3860.0000,3859.0000,3861.0000,3861.2000,3861.4000,3861.6000,3861.8000,1,1,2,4,1,1,1,2,1,1
SF,IF2003,2019-12-05 09:31:07.500,3861.0000,17162,0,312720000.000,0,-,-,-,-,3860.4000,3860.2000,3860.0000,3859.0000,3858.8000,3861.0000,3861.2000,3861.4000,3861.6000,3861.8000,1,2,4,1,2,1,1,2,1,1
SF,IF2003,2019-12-05 09:31:08.000,3861.0000,17162,0,312720000.000,0,-,-,-,-,3860.4000,3860.2000,3860.0000,3859.0000,3858.8000,3861.0000,3861.2000,3861.4000,3861.6000,3861.8000,1,2,6,1,2,1,1,2,1,1
SF,IF2003,2019-12-05 09:31:08.500,3861.0000,17162,0,312720000.000,0,-,-,-,-,3860.4000,3860.2000,3860.0000,3859.0000,3858.8000,3860.8000,3861.0000,3861.2000,3861.4000,3861.6000,1,2,6,1,2,1,1,1,2,1
SF,IF2003,2019-12-05 09:31:09.000,3861.2000,17160,-2,316194960.000,3,0,3,多平,S,3861.0000,3860.4000,3860.2000,3860.0000,3859.0000,3861.4000,3861.6000,3861.8000,3862.0000,3862.2000,2,1,2,6,1,2,1,1,6,1
SF,IF2003,2019-12-05 09:31:09.500,3861.0000,17158,-2,318511560.000,2,0,2,双平,S,3860.2000,3860.0000,3859.0000,3858.8000,3858.4000,3861.4000,3861.6000,3861.8000,3862.0000,3862.2000,2,6,1,2,1,1,1,1,6,1
SF,IF2003,2019-12-05 09:31:10.000,3861.0000,17158,0,318511560.000,0,-,-,-,-,3860.4000,3860.2000,3860.0000,3859.0000,3858.8000,3861.2000,3861.4000,3861.6000,3861.8000,3862.0000,2,2,6,1,2,1,1,1,1,6
SF,IF2003,2019-12-05 09:31:10.500,3860.6000,17156,-2,320828100.000,2,0,2,双平,S,3860.4000,3860.2000,3860.0000,3859.0000,3858.8000,3861.4000,3861.6000,3861.8000,3862.0000,3862.2000,2,2,6,1,2,1,1,1,14,1
SF,IF2003,2019-12-05 09:31:11.000,3861.2000,17156,0,321986460.000,1,0,1,多换,S,3861.2000,3860.4000,3860.2000,3860.0000,3859.0000,3861.4000,3861.6000,3861.8000,3862.0000,3862.2000,9,2,2,6,1,1,1,1,14,1
SF,IF2003,2019-12-05 09:31:11.500,3861.4000,17154,-2,325461720.000,3,0,3,多平,S,3861.4000,3861.2000,3860.4000,3860.2000,3860.0000,3861.6000,3861.8000,3862.0000,3862.2000,3862.4000,1,9,2,2,6,1,1,14,1,1
SF,IF2003,2019-12-05 09:31:12.000,3861.8000,17152,-2,327778740.000,2,0,2,双平,S,3861.8000,3861.4000,3861.2000,3860.4000,3860.2000,3862.0000,3862.2000,3862.4000,3862.6000,3863.0000,2,5,9,1,2,14,1,1,1,1
SF,IF2003,2019-12-05 09:31:12.500,3862.0000,17142,-10,342840540.000,13,1,12,多平,S,3861.6000,3861.4000,3861.2000,3860.4000,3860.2000,3862.2000,3862.4000,3862.6000,3862.8000,3863.0000,1,5,9,1,2,1,1,1,1,1
SF,IF2003,2019-12-05 09:31:13.000,3862.2000,17141,-1,347475360.000,4,1,3,多平,S,3862.2000,3862.0000,3861.8000,3861.6000,3861.4000,3862.8000,3863.0000,3863.8000,3864.6000,3864.8000,1,1,2,1,4,1,1,2,1,5
SF,IF2003,2019-12-05 09:31:13.500,3862.0000,17141,0,349792860.000,2,1,1,多换,S,3862.8000,3861.8000,3861.6000,3861.4000,3861.2000,3863.6000,3863.8000,3864.6000,3864.8000,3865.0000,1,1,2,4,9,1,2,1,5,4
SF,IF2003,2019-12-05 09:31:14.000,3862.8000,17141,0,350951700.000,1,0,1,多换,S,3861.6000,3861.4000,3861.2000,3860.6000,3860.2000,3862.8000,3863.2000,3863.4000,3863.6000,3863.8000,1,4,9,1,2,4,8,4,2,2
SF,IF2003,2019-12-05 09:31:14.500,3862.8000,17141,0,350951700.000,0,-,-,-,-,3861.8000,3861.6000,3861.4000,3861.2000,3860.6000,3862.0000,3862.8000,3863.2000,3863.4000,3863.6000,3,1,4,9,1,1,1,5,5,2
SF,IF2003,2019-12-05 09:31:15.000,3862.8000,17140,-1,353269200.000,2,0,2,多平,S,3862.8000,3862.0000,3861.8000,3861.6000,3861.4000,3863.2000,3863.4000,3863.6000,3863.8000,3864.6000,10,9,2,2,4,4,5,2,2,1
SF,IF2003,2019-12-05 09:31:15.500,3862.8000,17137,-3,367175760.000,12,4,8,多平,S,3862.8000,3862.0000,3861.8000,3861.6000,3861.4000,3863.0000,3863.4000,3863.6000,3863.8000,3864.6000,2,3,1,1,4,1,5,2,2,1
SF,IF2003,2019-12-05 09:31:16.000,3862.8000,17137,0,369493440.000,2,1,1,多换,S,3862.0000,3861.8000,3861.6000,3861.4000,3861.2000,3863.4000,3863.6000,3863.8000,3864.6000,3864.8000,3,1,1,4,9,5,2,2,1,5
SF,IF2003,2019-12-05 09:31:16.500,3862.8000,17137,0,369493440.000,0,-,-,-,-,3862.2000,3862.0000,3861.6000,3861.4000,3861.2000,3862.8000,3863.0000,3863.4000,3863.6000,3863.8000,3,3,1,4,9,1,2,4,2,2
SF,IF2003,2019-12-05 09:31:17.000,3862.8000,17137,0,369493440.000,0,-,-,-,-,3862.2000,3862.0000,3861.6000,3861.4000,3861.2000,3862.8000,3863.0000,3863.2000,3863.4000,3863.6000,1,3,1,4,9,1,2,3,4,2
SF,IF2003,2019-12-05 09:31:17.500,3862.8000,17137,0,369493440.000,0,-,-,-,-,3862.2000,3862.0000,3861.6000,3861.4000,3861.2000,3862.8000,3863.0000,3863.2000,3863.4000,3863.6000,1,3,1,4,9,1,2,2,4,2
SF,IF2003,2019-12-05 09:31:18.000,3862.8000,17136,-1,370652280.000,1,0,1,双平,S,3862.4000,3862.2000,3862.0000,3861.6000,3861.4000,3863.0000,3863.4000,3863.6000,3863.8000,3864.6000,2,1,3,1,4,1,1,1,2,1
SF,IF2003,2019-12-05 09:31:18.500,3862.8000,17136,0,370652280.000,0,-,-,-,-,3862.2000,3862.0000,3861.6000,3861.4000,3861.2000,3863.0000,3863.4000,3863.6000,3863.8000,3864.6000,1,3,1,4,9,1,1,1,2,1
SF,IF2003,2019-12-05 09:31:19.000,3862.8000,17136,0,370652280.000,0,-,-,-,-,3862.2000,3862.0000,3861.6000,3861.4000,3861.2000,3862.4000,3863.0000,3863.4000,3863.6000,3863.8000,1,3,1,4,9,1,1,1,1,2
SF,IF2003,2019-12-05 09:31:19.500,3862.4000,17135,-1,371811000.000,1,0,1,双平,S,3862.2000,3862.0000,3861.6000,3861.4000,3861.2000,3863.0000,3863.4000,3863.6000,3863.8000,3864.6000,1,3,1,4,9,1,1,1,2,1
SF,IF2003,2019-12-05 09:31:20.000,3862.4000,17135,0,371811000.000,0,-,-,-,-,3862.2000,3862.0000,3861.6000,3861.4000,3861.2000,3863.0000,3863.4000,3863.6000,3863.8000,3864.6000,1,3,1,4,9,1,1,1,3,1
SF,IF2003,2019-12-05 09:31:20.500,3862.4000,17135,0,371811000.000,0,-,-,-,-,3862.2000,3862.0000,3861.6000,3861.4000,3861.2000,3862.6000,3863.0000,3863.4000,3863.6000,3863.8000,1,3,1,4,9,2,1,1,1,3
SF,IF2003,2019-12-05 09:31:21.000,3862.4000,17135,0,371811000.000,0,-,-,-,-,3862.2000,3862.0000,3861.6000,3861.4000,3861.2000,3862.4000,3862.6000,3863.0000,3863.4000,3863.6000,1,3,1,4,9,4,2,1,1,1
SF,IF2003,2019-12-05 09:31:21.500,3862.4000,17135,0,376445880.000,4,2,2,多换,S,3862.2000,3862.0000,3861.6000,3861.4000,3861.2000,3863.0000,3863.4000,3863.6000,3863.8000,3864.6000,1,3,1,4,9,1,1,1,3,1
SF,IF2003,2019-12-05 09:31:22.000,3862.4000,17135,0,376445880.000,0,-,-,-,-,3862.4000,3862.2000,3862.0000,3861.6000,3861.4000,3863.0000,3863.6000,3863.8000,3864.6000,3864.8000,1,1,3,1,4,1,1,3,1,5
SF,IF2003,2019-12-05 09:31:22.500,3862.4000,17135,0,376445880.000,0,-,-,-,-,3862.2000,3862.0000,3861.6000,3861.2000,3861.0000,3862.8000,3863.0000,3863.6000,3863.8000,3864.6000,1,3,1,9,1,1,1,1,3,1
SF,IF2003,2019-12-05 09:31:23.000,3862.4000,17135,0,376445880.000,0,-,-,-,-,3862.4000,3862.2000,3862.0000,3861.6000,3861.2000,3863.0000,3863.6000,3863.8000,3864.6000,3864.8000,1,1,3,1,9,1,1,3,1,5
SF,IF2003,2019-12-05 09:31:23.500,3862.4000,17135,0,376445880.000,0,-,-,-,-,3862.4000,3862.2000,3862.0000,3861.6000,3861.0000,3863.0000,3863.6000,3863.8000,3864.6000,3864.8000,1,1,3,1,1,1,1,3,1,5
SF,IF2003,2019-12-05 09:31:24.000,3862.4000,17135,0,376445880.000,0,-,-,-,-,3862.4000,3862.2000,3862.0000,3861.6000,3861.0000,3862.6000,3862.8000,3863.0000,3863.6000,3863.8000,1,1,3,1,1,2,1,1,1,3
SF,IF2003,2019-12-05 09:31:24.500,3862.4000,17135,0,376445880.000,0,-,-,-,-,3862.4000,3862.2000,3862.0000,3861.6000,3861.0000,3862.6000,3863.0000,3863.6000,3863.8000,3864.6000,2,1,3,1,1,2,1,1,3,1
SF,IF2003,2019-12-05 09:31:25.000,3862.4000,17135,0,376445880.000,0,-,-,-,-,3862.4000,3862.2000,3862.0000,3861.6000,3861.0000,3863.0000,3863.6000,3863.8000,3864.6000,3864.8000,2,1,3,1,1,1,1,3,1,5
SF,IF2003,2019-12-05 09:31:25.500,3862.4000,17134,-1,377604600.000,1,0,1,双平,S,3862.4000,3862.0000,3861.8000,3861.6000,3861.0000,3863.0000,3863.6000,3863.8000,3864.6000,3864.8000,1,3,1,1,1,1,1,3,1,5
SF,IF2003,2019-12-05 09:31:26.000,3862.6000,17135,1,378763380.000,1,1,0,双开,S,3862.4000,3862.0000,3861.8000,3861.6000,3861.0000,3862.6000,3863.0000,3863.6000,3863.8000,3864.6000,1,3,1,1,1,1,1,1,3,1
SF,IF2003,2019-12-05 09:31:26.500,3862.6000,17135,0,382239840.000,3,1,2,多换,S,3863.0000,3862.6000,3862.4000,3862.0000,3861.8000,3863.6000,3863.8000,3864.6000,3864.8000,3865.0000,10,2,1,3,1,1,3,1,5,4
SF,IF2003,2019-12-05 09:31:27.000,3862.6000,17135,0,396146400.000,12,6,6,多换,S,3862.4000,3862.0000,3861.8000,3861.6000,3861.0000,3862.8000,3863.0000,3863.2000,3863.4000,3863.6000,1,3,1,1,1,1,3,6,2,4
SF,IF2003,2019-12-05 09:31:27.500,3862.6000,17135,0,396146400.000,0,-,-,-,-,3862.4000,3862.0000,3861.8000,3861.6000,3861.0000,3863.2000,3863.4000,3863.6000,3863.8000,3864.6000,1,3,1,1,1,2,2,3,1,1
SF,IF2003,2019-12-05 09:31:28.000,3862.6000,17135,0,396146400.000,0,-,-,-,-,3862.4000,3862.0000,3861.8000,3861.6000,3861.0000,3862.8000,3863.0000,3863.2000,3863.4000,3863.6000,1,4,1,1,1,1,1,2,2,3
SF,IF2003,2019-12-05 09:31:28.500,3862.4000,17135,0,397305120.000,1,0,1,多换,S,3862.0000,3861.8000,3861.6000,3861.0000,3860.6000,3862.8000,3863.0000,3863.2000,3863.4000,3863.6000,4,1,1,1,1,1,2,2,2,3
SF,IF2003,2019-12-05 09:31:29.000,3862.4000,17135,0,397305120.000,0,-,-,-,-,3862.2000,3862.0000,3861.8000,3861.6000,3861.0000,3862.6000,3862.8000,3863.0000,3863.2000,3863.4000,2,4,1,1,1,1,1,1,1,1
SF,IF2003,2019-12-05 09:31:29.500,3862.6000,17134,-1,398463900.000,1,0,1,双平,S,3862.2000,3862.0000,3861.8000,3861.6000,3861.0000,3862.8000,3863.0000,3863.2000,3863.4000,3863.6000,2,4,1,1,1,1,1,1,1,1
SF,IF2003,2019-12-05 09:31:30.000,3862.6000,17134,0,398463900.000,0,-,-,-,-,3862.2000,3862.0000,3861.8000,3861.6000,3861.0000,3862.4000,3862.8000,3863.0000,3863.2000,3863.4000,1,4,1,1,1,1,1,1,1,1
SF,IF2003,2019-12-05 09:31:30.500,3862.6000,17134,0,398463900.000,0,-,-,-,-,3862.2000,3862.0000,3861.8000,3861.6000,3861.0000,3862.4000,3862.6000,3862.8000,3863.0000,3863.6000,1,4,1,1,1,2,1,1,1,1
SF,IF2003,2019-12-05 09:31:31.000,3862.6000,17131,-3,401940240.000,3,0,3,双平,S,3862.6000,3862.4000,3862.2000,3862.0000,3861.8000,3862.8000,3863.0000,3863.8000,3864.6000,3864.8000,4,6,2,2,1,1,1,2,1,5
SF,IF2003,2019-12-05 09:31:31.500,3862.8000,17131,0,403099080.000,1,0,1,多换,S,3862.6000,3862.4000,3862.2000,3862.0000,3861.8000,3863.0000,3863.8000,3864.0000,3864.6000,3864.8000,3,2,2,2,1,1,2,1,1,5
SF,IF2003,2019-12-05 09:31:32.000,3863.0000,17130,-1,404257980.000,1,0,1,双平,S,3862.6000,3862.4000,3862.2000,3862.0000,3861.8000,3863.8000,3864.0000,3864.6000,3864.8000,3865.0000,3,2,2,2,1,2,1,1,5,4
SF,IF2003,2019-12-05 09:31:32.500,3862.6000,17130,0,405416760.000,1,0,1,多换,S,3862.6000,3862.4000,3862.2000,3862.0000,3861.8000,3863.2000,3863.4000,3863.6000,3863.8000,3864.0000,2,2,2,2,1,2,4,7,2,3
SF,IF2003,2019-12-05 09:31:33.000,3862.6000,17129,-1,408893100.000,3,1,2,多平,S,3862.2000,3862.0000,3861.8000,3861.6000,3861.0000,3862.6000,3862.8000,3863.0000,3863.2000,3863.4000,1,2,1,1,1,1,2,4,1,2
SF,IF2003,2019-12-05 09:31:33.500,3862.6000,17128,-1,410051880.000,1,0,1,双平,S,3862.2000,3862.0000,3861.8000,3861.6000,3861.0000,3863.0000,3863.2000,3863.6000,3863.8000,3864.0000,1,2,1,1,1,2,1,6,2,3
SF,IF2003,2019-12-05 09:31:34.000,3862.6000,17128,0,410051880.000,0,-,-,-,-,3862.2000,3862.0000,3861.8000,3861.6000,3861.0000,3862.6000,3863.0000,3863.2000,3863.6000,3863.8000,1,2,1,1,2,1,1,1,6,2
SF,IF2003,2019-12-05 09:31:34.500,3862.6000,17128,0,412369320.000,2,1,1,多换,S,3862.0000,3861.8000,3861.6000,3861.0000,3860.6000,3862.8000,3863.0000,3863.2000,3863.6000,3863.8000,2,1,1,2,1,1,1,1,6,2
SF,IF2003,2019-12-05 09:31:35.000,3862.6000,17128,0,412369320.000,0,-,-,-,-,3862.0000,3861.8000,3861.6000,3861.0000,3860.6000,3862.6000,3862.8000,3863.0000,3863.2000,3863.6000,2,1,1,2,1,1,1,1,1,6
SF,IF2003,2019-12-05 09:31:35.500,3862.6000,17128,0,412369320.000,0,-,-,-,-,3862.0000,3861.8000,3861.6000,3861.0000,3860.6000,3862.6000,3862.8000,3863.0000,3863.2000,3863.6000,2,1,1,2,1,2,1,1,1,5
SF,IF2003,2019-12-05 09:31:36.000,3862.6000,17128,0,412369320.000,0,-,-,-,-,3862.2000,3862.0000,3861.8000,3861.6000,3861.0000,3862.6000,3862.8000,3863.0000,3863.2000,3863.6000,1,2,1,1,2,2,1,1,1,5
SF,IF2003,2019-12-05 09:31:36.500,3862.6000,17128,0,412369320.000,0,-,-,-,-,3862.2000,3862.0000,3861.8000,3861.6000,3861.0000,3862.6000,3862.8000,3863.2000,3863.6000,3863.8000,1,2,1,1,2,1,1,1,5,2
SF,IF2003,2019-12-05 09:31:37.000,3862.8000,17127,-1,413528160.000,1,0,1,双平,S,3862.8000,3862.2000,3862.0000,3861.8000,3861.6000,3863.2000,3863.6000,3863.8000,3864.0000,3864.6000,2,1,2,1,1,1,5,2,3,1
SF,IF2003,2019-12-05 09:31:37.500,3862.8000,17127,0,417004680.000,3,1,2,多换,S,3862.4000,3862.2000,3862.0000,3861.6000,3861.0000,3863.0000,3863.2000,3863.6000,3863.8000,3864.0000,1,1,2,1,2,3,1,5,2,3
SF,IF2003,2019-12-05 09:31:38.000,3862.8000,17127,0,417004680.000,0,-,-,-,-,3862.4000,3862.2000,3862.0000,3861.6000,3861.0000,3862.8000,3863.0000,3863.2000,3863.6000,3863.8000,1,1,2,1,2,1,1,1,5,2
SF,IF2003,2019-12-05 09:31:38.500,3862.8000,17127,0,417004680.000,0,-,-,-,-,3862.4000,3862.2000,3862.0000,3861.6000,3861.0000,3863.6000,3863.8000,3864.0000,3864.6000,3864.8000,1,1,2,2,2,4,2,3,1,5
SF,IF2003,2019-12-05 09:31:39.000,3862.8000,17127,0,417004680.000,0,-,-,-,-,3862.6000,3862.4000,3862.0000,3861.6000,3861.0000,3863.2000,3863.4000,3863.6000,3863.8000,3864.0000,1,1,2,2,2,1,1,2,2,3
SF,IF2003,2019-12-05 09:31:39.500,3862.8000,17127,0,417004680.000,0,-,-,-,-,3862.4000,3862.0000,3861.6000,3861.0000,3860.6000,3863.2000,3863.4000,3863.6000,3863.8000,3864.0000,1,2,2,2,1,3,2,3,2,3
SF,IF2003,2019-12-05 09:31:40.000,3862.4000,17127,0,418163400.000,1,0,1,多换,S,3862.0000,3861.6000,3861.0000,3860.6000,3860.2000,3862.8000,3863.0000,3863.2000,3863.4000,3863.6000,2,1,2,1,3,1,2,3,2,3
SF,IF2003,2019-12-05 09:31:40.500,3862.4000,17127,0,418163400.000,0,-,-,-,-,3862.6000,3862.2000,3862.0000,3861.6000,3861.0000,3862.8000,3863.0000,3863.2000,3863.4000,3863.6000,1,1,2,1,2,1,2,3,2,3
SF,IF2003,2019-12-05 09:31:41.000,3862.6000,17126,-1,419322180.000,1,0,1,双平,S,3862.2000,3862.0000,3861.6000,3861.0000,3860.6000,3862.8000,3863.0000,3863.2000,3863.4000,3863.6000,1,2,1,2,1,1,2,3,2,3
SF,IF2003,2019-12-05 09:31:41.500,3862.2000,17125,-1,420480840.000,1,0,1,双平,S,3862.0000,3861.6000,3861.0000,3860.6000,3860.2000,3862.4000,3862.6000,3862.8000,3863.0000,3863.2000,2,1,2,1,3,2,2,3,1,3
SF,IF2003,2019-12-05 09:31:42.000,3862.4000,17125,0,422798280.000,2,1,1,多换,S,3862.0000,3861.6000,3861.0000,3860.6000,3860.2000,3862.2000,3862.6000,3862.8000,3863.0000,3863.2000,2,1,2,1,3,1,2,1,1,2
SF,IF2003,2019-12-05 09:31:42.500,3862.4000,17125,0,423957000.000,1,0,1,多换,S,3862.4000,3862.2000,3862.0000,3861.6000,3861.0000,3862.6000,3862.8000,3863.0000,3863.2000,3863.6000,3,2,2,1,2,1,1,1,2,3
SF,IF2003,2019-12-05 09:31:43.000,3862.6000,17128,3,429750660.000,5,4,1,空开,S,3862.2000,3862.0000,3861.6000,3861.0000,3860.6000,3862.8000,3863.0000,3863.2000,3863.6000,3863.8000,6,2,1,2,1,3,1,3,3,2
SF,IF2003,2019-12-05 09:31:43.500,3862.8000,17128,0,430909500.000,1,0,1,多换,S,3862.8000,3862.2000,3862.0000,3861.6000,3861.0000,3863.0000,3863.2000,3863.6000,3863.8000,3864.0000,3,6,2,1,2,1,2,3,2,3
SF,IF2003,2019-12-05 09:31:44.000,3862.2000,17128,0,435544680.000,4,2,2,多换,S,3862.2000,3862.0000,3861.6000,3861.0000,3860.6000,3862.8000,3863.0000,3863.2000,3863.6000,3863.8000,5,2,1,2,1,1,1,2,3,2
SF,IF2003,2019-12-05 09:31:44.500,3863.0000,17130,2,439021320.000,3,2,1,空开,S,3862.8000,3862.2000,3862.0000,3861.6000,3861.0000,3863.2000,3863.6000,3863.8000,3864.0000,3864.6000,7,5,2,1,2,2,3,2,3,1
SF,IF2003,2019-12-05 09:31:45.000,3862.8000,17131,1,447133200.000,7,4,3,空开,S,3862.2000,3862.0000,3861.6000,3861.0000,3860.6000,3862.6000,3862.8000,3863.2000,3863.6000,3863.8000,5,2,1,2,1,1,1,2,3,2
SF,IF2003,2019-12-05 09:31:45.500,3862.8000,17131,0,447133200.000,0,-,-,-,-,3862.2000,3862.0000,3861.6000,3861.0000,3860.6000,3862.8000,3863.0000,3863.2000,3863.6000,3863.8000,5,2,1,2,1,1,1,2,3,2
SF,IF2003,2019-12-05 09:31:46.000,3862.8000,17131,0,450609720.000,3,1,2,多换,S,3862.8000,3862.2000,3862.0000,3861.6000,3861.0000,3863.0000,3863.2000,3863.6000,3863.8000,3864.0000,1,5,2,1,2,1,2,3,2,3
SF,IF2003,2019-12-05 09:31:46.500,3862.8000,17131,0,450609720.000,0,-,-,-,-,3863.0000,3862.8000,3862.2000,3862.0000,3861.6000,3863.2000,3863.6000,3863.8000,3864.0000,3864.6000,2,1,5,2,1,2,3,2,3,1
SF,IF2003,2019-12-05 09:31:47.000,3863.0000,17132,1,455245200.000,4,2,2,空开,S,3862.8000,3862.2000,3862.0000,3861.6000,3861.4000,3863.2000,3863.6000,3863.8000,3864.0000,3864.6000,1,5,2,1,1,2,3,2,3,1
SF,IF2003,2019-12-05 09:31:47.500,3862.8000,17134,2,458721900.000,3,2,1,空开,S,3862.2000,3862.0000,3861.6000,3861.4000,3861.0000,3863.2000,3863.4000,3863.6000,3863.8000,3864.0000,5,2,1,1,2,1,1,3,2,3
SF,IF2003,2019-12-05 09:31:48.000,3862.2000,17135,1,462198240.000,3,2,1,空开,S,3862.2000,3862.0000,3861.6000,3861.4000,3861.0000,3862.6000,3862.8000,3863.0000,3863.2000,3863.4000,4,1,1,1,2,5,1,5,3,1
SF,IF2003,2019-12-05 09:31:48.500,3862.6000,17135,0,465674580.000,3,1,2,多换,S,3862.6000,3862.2000,3862.0000,3861.6000,3861.4000,3862.8000,3863.0000,3863.2000,3863.4000,3863.6000,4,4,1,1,1,1,4,1,1,3
SF,IF2003,2019-12-05 09:31:49.000,3862.6000,17136,1,472627260.000,6,3,3,空开,S,3862.2000,3862.0000,3861.6000,3861.4000,3861.0000,3862.6000,3862.8000,3863.0000,3863.2000,3863.4000,4,1,1,1,2,1,1,4,1,1
SF,IF2003,2019-12-05 09:31:49.500,3862.6000,17136,0,472627260.000,0,-,-,-,-,3862.6000,3862.2000,3862.0000,3861.6000,3861.4000,3862.8000,3863.0000,3863.2000,3863.4000,3863.6000,2,4,1,1,1,1,3,1,1,3
SF,IF2003,2019-12-05 09:31:50.000,3862.8000,17136,0,473786100.000,1,0,1,多换,S,3862.8000,3862.6000,3862.2000,3862.0000,3861.6000,3863.0000,3863.2000,3863.4000,3863.6000,3863.8000,2,4,4,1,1,3,1,1,3,2
SF,IF2003,2019-12-05 09:31:50.500,3862.8000,17136,0,474944940.000,1,0,1,多换,S,3862.8000,3862.6000,3862.2000,3862.0000,3861.6000,3863.0000,3863.2000,3863.4000,3863.6000,3863.8000,1,4,4,1,1,1,1,1,3,2
SF,IF2003,2019-12-05 09:31:51.000,3862.8000,17137,1,477262680.000,2,1,1,空开,S,3862.6000,3862.2000,3862.0000,3861.6000,3861.4000,3863.2000,3863.4000,3863.6000,3863.8000,3864.0000,4,4,1,1,1,1,1,3,2,3
SF,IF2003,2019-12-05 09:31:51.500,3862.6000,17138,1,481897800.000,4,2,2,空开,S,3862.2000,3862.0000,3861.6000,3861.4000,3861.0000,3862.6000,3862.8000,3863.0000,3863.2000,3863.4000,4,1,1,1,2,5,1,4,3,1
SF,IF2003,2019-12-05 09:31:52.000,3862.2000,17139,1,483056460.000,1,1,0,双开,S,3862.2000,3862.0000,3861.6000,3861.4000,3861.0000,3863.0000,3863.2000,3863.4000,3863.6000,3863.8000,3,1,1,1,2,3,1,1,3,2
SF,IF2003,2019-12-05 09:31:52.500,3862.2000,17139,0,483056460.000,0,-,-,-,-,3862.2000,3862.0000,3861.6000,3861.4000,3861.0000,3863.0000,3863.2000,3863.4000,3863.6000,3863.8000,3,2,1,1,2,3,1,1,3,2
SF,IF2003,2019-12-05 09:31:53.000,3862.2000,17139,0,483056460.000,0,-,-,-,-,3862.2000,3862.0000,3861.6000,3861.4000,3861.0000,3862.6000,3862.8000,3863.0000,3863.2000,3863.4000,3,2,1,1,2,1,2,2,1,1
SF,IF2003,2019-12-05 09:31:53.500,3862.2000,17139,0,483056460.000,0,-,-,-,-,3862.2000,3862.0000,3861.6000,3861.4000,3861.0000,3862.6000,3862.8000,3863.0000,3863.2000,3863.6000,3,2,1,1,2,1,2,2,1,3
SF,IF2003,2019-12-05 09:31:54.000,3862.0000,17138,-1,488849640.000,5,2,3,多平,S,3861.6000,3861.0000,3860.6000,3860.2000,3860.0000,3862.2000,3862.4000,3862.6000,3862.8000,3863.0000,1,2,1,3,4,6,1,3,2,2
SF,IF2003,2019-12-05 09:31:54.500,3862.0000,17138,0,488849640.000,0,-,-,-,-,3861.8000,3861.6000,3861.0000,3860.6000,3860.2000,3862.2000,3862.6000,3862.8000,3863.0000,3863.2000,1,1,2,1,3,2,1,2,1,1
SF,IF2003,2019-12-05 09:31:55.000,3862.2000,17139,1,492325560.000,3,2,1,空开,S,3861.6000,3861.0000,3860.6000,3860.2000,3860.0000,3862.6000,3862.8000,3863.0000,3863.2000,3863.6000,1,2,1,3,4,1,2,1,1,1
SF,IF2003,2019-12-05 09:31:55.500,3862.2000,17139,0,492325560.000,0,-,-,-,-,3861.8000,3861.6000,3861.0000,3860.6000,3860.2000,3862.6000,3862.8000,3863.0000,3863.2000,3863.6000,1,1,1,1,3,1,1,1,1,1
SF,IF2003,2019-12-05 09:31:56.000,3862.0000,17143,4,499276980.000,6,5,1,空开,S,3861.0000,3860.2000,3860.0000,3859.8000,3858.8000,3862.0000,3862.2000,3862.4000,3862.6000,3862.8000,1,3,4,1,1,3,1,6,3,1
SF,IF2003,2019-12-05 09:31:56.500,3862.0000,17143,0,500435580.000,1,0,1,多换,S,3862.0000,3861.2000,3861.0000,3860.6000,3860.2000,3862.2000,3862.4000,3862.6000,3863.6000,3863.8000,2,2,1,1,3,2,2,1,1,2
SF,IF2003,2019-12-05 09:31:57.000,3862.2000,17142,-1,501594240.000,1,0,1,双平,S,3862.0000,3861.2000,3861.0000,3860.6000,3860.2000,3862.2000,3862.4000,3862.6000,3863.6000,3863.8000,2,2,1,1,3,1,1,1,1,2
SF,IF2003,2019-12-05 09:31:57.500,3862.2000,17141,-1,503911560.000,2,0,2,多平,S,3862.0000,3861.2000,3861.0000,3860.6000,3860.2000,3862.4000,3862.6000,3863.6000,3863.8000,3864.0000,2,2,1,1,3,1,1,1,2,3
SF,IF2003,2019-12-05 09:31:58.000,3862.4000,17141,0,505070280.000,1,0,1,多换,S,3862.4000,3862.0000,3861.2000,3861.0000,3860.6000,3862.6000,3863.6000,3863.8000,3864.0000,3864.6000,1,2,2,1,1,1,1,2,3,1
SF,IF2003,2019-12-05 09:31:58.500,3862.4000,17141,0,506229000.000,1,0,1,多换,S,3862.0000,3861.2000,3861.0000,3860.6000,3860.2000,3862.6000,3863.6000,3863.8000,3864.0000,3864.6000,2,1,1,1,3,1,1,2,3,1
SF,IF2003,2019-12-05 09:31:59.000,3862.0000,17142,1,507387600.000,1,1,0,双开,S,3862.0000,3861.2000,3861.0000,3860.6000,3860.2000,3862.4000,3862.6000,3863.6000,3863.8000,3864.0000,1,1,1,1,3,1,1,1,2,3
SF,IF2003,2019-12-05 09:31:59.500,3862.0000,17142,0,507387600.000,0,-,-,-,-,3862.0000,3861.2000,3861.0000,3860.6000,3860.2000,3862.4000,3862.6000,3863.6000,3863.8000,3864.0000,1,1,1,1,3,1,1,1,2,3
SF,IF2003,2019-12-05 09:32:00.000,3862.0000,17142,0,508546200.000,1,0,1,多换,S,3861.2000,3861.0000,3860.2000,3860.0000,3859.8000,3861.8000,3862.2000,3862.4000,3862.6000,3863.0000,1,1,3,4,1,1,2,1,1,1
SF,IF2003,2019-12-05 09:32:00.500,3861.8000,17141,-1,513180360.000,4,1,3,多平,S,3861.4000,3861.2000,3861.0000,3860.2000,3860.0000,3861.8000,3862.0000,3862.2000,3862.4000,3863.0000,1,1,1,3,6,2,1,2,2,1
SF,IF2003,2019-12-05 09:32:01.000,3861.8000,17141,0,516655980.000,3,1,2,多换,S,3861.8000,3861.2000,3861.0000,3860.2000,3860.0000,3862.0000,3862.2000,3862.4000,3863.0000,3863.6000,1,1,1,3,6,1,2,1,1,1
SF,IF2003,2019-12-05 09:32:01.500,3862.0000,17139,-2,518973180.000,2,0,2,双平,S,3862.0000,3861.2000,3861.0000,3860.6000,3860.2000,3862.2000,3863.0000,3863.6000,3863.8000,3864.0000,2,1,1,1,3,2,3,1,2,4
SF,IF2003,2019-12-05 09:32:02.000,3862.2000,17137,-2,522449160.000,3,0,3,多平,S,3862.2000,3861.2000,3861.0000,3860.6000,3860.2000,3863.0000,3863.6000,3863.8000,3864.0000,3864.6000,1,1,1,1,3,3,1,2,4,1
SF,IF2003,2019-12-05 09:32:02.500,3862.2000,17137,0,522449160.000,0,-,-,-,-,3862.2000,3861.2000,3861.0000,3860.6000,3860.2000,3862.8000,3863.0000,3863.6000,3863.8000,3864.0000,2,1,1,1,3,1,3,1,2,4
SF,IF2003,2019-12-05 09:32:03.000,3862.2000,17137,0,522449160.000,0,-,-,-,-,3862.2000,3861.2000,3861.0000,3860.6000,3860.2000,3862.4000,3862.8000,3863.0000,3863.6000,3863.8000,1,1,1,1,3,1,2,3,1,2
SF,IF2003,2019-12-05 09:32:03.500,3862.4000,17137,0,523607880.000,1,0,1,多换,S,3862.4000,3862.2000,3861.2000,3861.0000,3860.6000,3862.8000,3863.0000,3863.6000,3863.8000,3864.0000,1,1,1,1,1,2,2,1,2,4
SF,IF2003,2019-12-05 09:32:04.000,3862.4000,17137,0,523607880.000,0,-,-,-,-,3862.2000,3861.2000,3861.0000,3860.6000,3860.2000,3862.8000,3863.0000,3863.6000,3863.8000,3864.0000,1,1,1,1,3,2,2,1,2,4
SF,IF2003,2019-12-05 09:32:04.500,3862.4000,17137,0,523607880.000,0,-,-,-,-,3861.2000,3861.0000,3860.6000,3860.2000,3860.0000,3862.4000,3862.6000,3862.8000,3863.0000,3863.6000,1,1,1,3,4,3,3,2,2,1
SF,IF2003,2019-12-05 09:32:05.000,3862.4000,17137,0,523607880.000,0,-,-,-,-,3861.4000,3861.2000,3861.0000,3860.6000,3860.2000,3862.2000,3862.4000,3862.6000,3862.8000,3863.0000,2,1,1,1,3,1,3,2,2,2
SF,IF2003,2019-12-05 09:32:05.500,3862.4000,17137,0,523607880.000,0,-,-,-,-,3861.6000,3861.4000,3861.0000,3860.6000,3860.2000,3862.4000,3862.6000,3862.8000,3863.0000,3863.2000,1,3,1,1,3,3,1,1,2,1
SF,IF2003,2019-12-05 09:32:06.000,3862.4000,17137,0,523607880.000,0,-,-,-,-,3861.6000,3861.4000,3861.0000,3860.6000,3860.2000,3862.0000,3862.4000,3862.6000,3862.8000,3863.0000,1,2,1,1,3,1,3,1,1,2
SF,IF2003,2019-12-05 09:32:06.500,3862.4000,17137,0,523607880.000,0,-,-,-,-,3861.6000,3861.0000,3860.6000,3860.2000,3860.0000,3862.2000,3862.4000,3862.6000,3862.8000,3863.0000,1,1,1,3,4,1,3,1,1,2
SF,IF2003,2019-12-05 09:32:07.000,3862.4000,17137,0,523607880.000,0,-,-,-,-,3861.6000,3861.0000,3860.6000,3860.2000,3860.0000,3862.4000,3862.6000,3862.8000,3863.0000,3863.2000,1,1,1,3,4,3,1,1,2,1
SF,IF2003,2019-12-05 09:32:07.500,3862.4000,17137,0,525925320.000,2,1,1,多换,S,3861.0000,3860.6000,3860.2000,3860.0000,3859.8000,3861.6000,3862.0000,3862.2000,3862.4000,3862.6000,1,1,3,4,1,1,2,3,1,1
SF,IF2003,2019-12-05 09:32:08.000,3862.4000,17137,0,525925320.000,0,-,-,-,-,3861.0000,3860.6000,3860.2000,3860.0000,3859.8000,3861.6000,3862.0000,3862.2000,3862.4000,3863.0000,1,1,3,4,1,4,6,3,1,2
SF,IF2003,2019-12-05 09:32:08.500,3861.6000,17138,1,532876200.000,6,3,3,空开,S,3861.0000,3860.6000,3860.2000,3860.0000,3859.8000,3862.0000,3862.2000,3862.4000,3863.0000,3863.2000,1,1,3,4,1,6,3,1,2,1
SF,IF2003,2019-12-05 09:32:09.000,3861.0000,17139,1,534034500.000,1,1,0,双开,S,3860.6000,3860.2000,3860.0000,3859.8000,3858.8000,3861.4000,3861.8000,3862.0000,3862.2000,3862.4000,1,3,4,1,1,1,2,6,3,1
SF,IF2003,2019-12-05 09:32:09.500,3861.0000,17139,0,534034500.000,0,-,-,-,-,3860.2000,3860.0000,3859.8000,3858.8000,3858.0000,3861.0000,3861.4000,3861.6000,3861.8000,3862.0000,3,4,1,1,10,1,1,5,2,6
SF,IF2003,2019-12-05 09:32:10.000,3861.0000,17139,0,535192800.000,1,0,1,多换,S,3860.4000,3860.2000,3860.0000,3859.8000,3858.8000,3861.4000,3861.6000,3861.8000,3862.0000,3862.2000,1,3,4,1,1,1,5,2,5,3
SF,IF2003,2019-12-05 09:32:10.500,3861.0000,17139,0,535192800.000,0,-,-,-,-,3860.4000,3860.2000,3860.0000,3859.8000,3858.8000,3861.6000,3861.8000,3862.0000,3862.2000,3862.4000,2,3,4,1,1,5,2,5,2,1
SF,IF2003,2019-12-05 09:32:11.000,3861.0000,17139,0,535192800.000,0,-,-,-,-,3860.6000,3860.4000,3860.2000,3860.0000,3859.8000,3861.0000,3861.2000,3861.4000,3861.6000,3861.8000,1,3,3,4,1,1,1,1,5,2
SF,IF2003,2019-12-05 09:32:11.500,3861.0000,17139,0,535192800.000,0,-,-,-,-,3860.4000,3860.2000,3860.0000,3859.8000,3858.8000,3861.0000,3861.2000,3861.4000,3861.6000,3861.8000,3,3,4,1,1,1,1,3,5,1
SF,IF2003,2019-12-05 09:32:12.000,3861.0000,17139,0,536351100.000,1,0,1,多换,S,3860.4000,3860.2000,3860.0000,3859.8000,3858.8000,3861.2000,3861.4000,3861.6000,3861.8000,3862.0000,2,3,4,1,1,1,1,5,1,5
SF,IF2003,2019-12-05 09:32:12.500,3861.0000,17139,0,536351100.000,0,-,-,-,-,3861.0000,3860.6000,3860.4000,3860.2000,3860.0000,3861.2000,3861.8000,3862.0000,3862.2000,3862.4000,1,1,2,3,4,1,1,5,1,1
SF,IF2003,2019-12-05 09:32:13.000,3861.0000,17138,-1,537509400.000,1,0,1,双平,S,3860.4000,3860.2000,3860.0000,3859.8000,3858.8000,3861.2000,3861.8000,3862.0000,3862.2000,3862.4000,2,3,4,1,1,1,1,5,1,1
SF,IF2003,2019-12-05 09:32:13.500,3861.0000,17138,0,537509400.000,0,-,-,-,-,3860.4000,3860.2000,3860.0000,3859.8000,3858.8000,3860.8000,3861.0000,3861.2000,3861.8000,3862.0000,2,3,4,1,1,1,2,1,1,5
SF,IF2003,2019-12-05 09:32:14.000,3861.0000,17138,0,537509400.000,0,-,-,-,-,3860.4000,3860.2000,3860.0000,3859.8000,3858.8000,3860.8000,3861.0000,3861.2000,3861.8000,3862.4000,2,3,4,1,1,1,2,1,1,1
SF,IF2003,2019-12-05 09:32:14.500,3861.0000,17138,0,537509400.000,0,-,-,-,-,3860.4000,3860.2000,3860.0000,3859.8000,3858.8000,3860.6000,3860.8000,3861.2000,3861.8000,3862.4000,2,3,4,1,1,1,1,1,1,1
SF,IF2003,2019-12-05 09:32:15.000,3860.8000,17138,0,540984060.000,3,1,2,多换,S,3860.6000,3860.4000,3860.2000,3860.0000,3859.8000,3861.2000,3861.8000,3862.4000,3863.0000,3863.2000,2,2,3,4,1,1,1,1,3,1
SF,IF2003,2019-12-05 09:32:15.500,3860.6000,17138,0,543300420.000,2,1,1,多换,S,3860.4000,3860.2000,3860.0000,3859.8000,3858.8000,3861.2000,3861.8000,3862.4000,3863.0000,3863.2000,2,3,4,1,1,1,1,1,3,1
SF,IF2003,2019-12-05 09:32:16.000,3861.2000,17139,1,544458780.000,1,1,0,双开,S,3860.6000,3860.4000,3860.2000,3860.0000,3859.8000,3861.8000,3862.4000,3863.0000,3863.2000,3863.6000,1,2,3,4,1,1,1,3,1,1
SF,IF2003,2019-12-05 09:32:16.500,3861.2000,17139,0,544458780.000,0,-,-,-,-,3860.6000,3860.4000,3860.2000,3860.0000,3859.8000,3861.6000,3861.8000,3862.0000,3862.4000,3863.0000,1,1,3,4,1,5,1,1,1,3
SF,IF2003,2019-12-05 09:32:17.000,3861.2000,17139,0,544458780.000,0,-,-,-,-,3860.8000,3860.6000,3860.4000,3860.2000,3860.0000,3861.2000,3861.4000,3861.6000,3862.0000,3862.4000,1,1,1,3,4,1,1,5,1,1
SF,IF2003,2019-12-05 09:32:17.500,3861.2000,17139,0,545617140.000,1,0,1,多换,S,3860.6000,3860.4000,3860.2000,3860.0000,3859.8000,3861.4000,3861.6000,3862.0000,3862.4000,3863.0000,1,1,3,4,1,1,1,1,1,3
SF,IF2003,2019-12-05 09:32:18.000,3861.2000,17139,0,545617140.000,0,-,-,-,-,3860.6000,3860.4000,3860.2000,3860.0000,3859.8000,3861.6000,3862.0000,3862.4000,3863.0000,3863.2000,1,1,3,4,1,1,1,1,3,1
SF,IF2003,2019-12-05 09:32:18.500,3861.2000,17139,0,545617140.000,0,-,-,-,-,3860.6000,3860.4000,3860.2000,3860.0000,3859.8000,3861.2000,3861.6000,3862.0000,3862.4000,3863.0000,1,1,3,4,1,1,1,1,1,3
SF,IF2003,2019-12-05 09:32:19.000,3861.2000,17139,0,545617140.000,0,-,-,-,-,3860.6000,3860.4000,3860.2000,3860.0000,3859.8000,3861.2000,3861.6000,3862.0000,3862.4000,3863.0000,1,1,3,4,1,1,1,1,1,3
SF,IF2003,2019-12-05 09:32:19.500,3861.2000,17139,0,545617140.000,0,-,-,-,-,3860.8000,3860.6000,3860.4000,3860.2000,3860.0000,3861.2000,3861.6000,3862.0000,3862.4000,3863.0000,1,1,1,3,4,1,1,1,1,3
SF,IF2003,2019-12-05 09:32:20.000,3861.2000,17139,0,545617140.000,0,-,-,-,-,3860.6000,3860.4000,3860.2000,3860.0000,3859.8000,3861.2000,3862.0000,3862.4000,3863.0000,3863.2000,1,1,3,4,1,1,1,1,3,1
SF,IF2003,2019-12-05 09:32:20.500,3861.2000,17139,0,545617140.000,0,-,-,-,-,3860.6000,3860.4000,3860.2000,3860.0000,3859.8000,3860.8000,3861.2000,3862.0000,3862.4000,3863.0000,1,1,3,4,1,1,1,1,1,3
SF,IF2003,2019-12-05 09:32:21.000,3860.8000,17138,-1,546775380.000,1,0,1,双平,S,3860.6000,3860.4000,3860.2000,3860.0000,3859.8000,3861.2000,3862.0000,3862.4000,3863.0000,3863.2000,1,1,3,4,1,1,1,1,3,1
SF,IF2003,2019-12-05 09:32:22.500,3860.6000,17137,-1,547933560.000,1,0,1,双平,S,3860.4000,3860.2000,3860.0000,3859.8000,3858.8000,3860.6000,3861.2000,3862.0000,3862.4000,3863.0000,1,3,4,1,1,2,1,1,1,3
SF,IF2003,2019-12-05 09:32:23.000,3860.6000,17135,-2,550249920.000,2,0,2,双平,S,3860.6000,3860.4000,3860.2000,3860.0000,3859.8000,3861.2000,3862.0000,3862.4000,3863.0000,3863.2000,1,1,3,4,1,1,1,1,3,1
SF,IF2003,2019-12-05 09:32:24.500,3860.6000,17135,0,550249920.000,0,-,-,-,-,3860.6000,3860.4000,3860.2000,3860.0000,3859.8000,3861.2000,3862.0000,3862.4000,3863.0000,3863.2000,1,1,3,4,1,1,1,1,3,1
SF,IF2003,2019-12-05 09:32:25.000,3860.6000,17135,0,550249920.000,0,-,-,-,-,3860.6000,3860.4000,3860.2000,3860.0000,3859.8000,3861.2000,3862.0000,3862.4000,3863.0000,3863.2000,1,1,3,4,1,1,1,1,3,1
SF,IF2003,2019-12-05 09:32:25.500,3860.6000,17135,0,550249920.000,0,-,-,-,-,3860.6000,3860.4000,3860.2000,3860.0000,3859.8000,3861.2000,3862.0000,3862.4000,3863.0000,3863.2000,1,1,3,4,1,1,1,1,3,2
SF,IF2003,2019-12-05 09:32:26.000,3860.6000,17134,-1,551408100.000,1,0,1,双平,S,3860.4000,3860.2000,3860.0000,3859.8000,3858.8000,3861.2000,3862.0000,3862.4000,3863.0000,3863.2000,1,3,4,1,1,1,2,1,3,2
SF,IF2003,2019-12-05 09:32:26.500,3860.6000,17134,0,551408100.000,0,-,-,-,-,3860.4000,3860.2000,3860.0000,3859.8000,3858.8000,3861.0000,3861.2000,3862.0000,3862.4000,3863.0000,1,3,4,1,1,1,1,2,1,3
SF,IF2003,2019-12-05 09:32:27.000,3860.6000,17134,0,551408100.000,0,-,-,-,-,3860.4000,3860.2000,3860.0000,3859.8000,3858.8000,3860.6000,3861.0000,3861.2000,3862.0000,3862.4000,1,3,4,1,1,1,1,1,2,1
SF,IF2003,2019-12-05 09:32:27.500,3860.6000,17134,0,551408100.000,0,-,-,-,-,3860.4000,3860.2000,3860.0000,3859.8000,3858.8000,3860.6000,3860.8000,3861.2000,3862.0000,3862.4000,1,3,4,1,1,1,1,1,2,1
SF,IF2003,2019-12-05 09:32:28.000,3860.6000,17134,0,551408100.000,0,-,-,-,-,3860.4000,3860.2000,3860.0000,3859.8000,3858.8000,3860.6000,3861.2000,3862.0000,3862.4000,3863.0000,1,3,4,1,1,1,1,2,1,3
SF,IF2003,2019-12-05 09:32:29.000,3860.6000,17134,0,551408100.000,0,-,-,-,-,3860.4000,3860.2000,3860.0000,3859.8000,3858.8000,3860.6000,3861.2000,3862.0000,3862.4000,3863.0000,1,3,4,2,1,1,1,2,1,3
SF,IF2003,2019-12-05 09:32:29.500,3860.6000,17133,-1,552566280.000,1,0,1,双平,S,3860.8000,3860.6000,3860.4000,3860.2000,3860.0000,3861.2000,3862.0000,3862.4000,3863.0000,3863.2000,1,6,2,3,4,1,2,1,3,2
SF,IF2003,2019-12-05 09:32:30.000,3860.6000,17133,0,552566280.000,0,-,-,-,-,3860.6000,3860.4000,3860.2000,3860.0000,3859.8000,3861.2000,3862.0000,3862.4000,3863.0000,3863.2000,2,2,3,4,2,1,2,1,3,2
SF,IF2003,2019-12-05 09:32:30.500,3861.2000,17134,1,553724640.000,1,1,0,双开,S,3861.2000,3860.8000,3860.6000,3860.4000,3860.2000,3862.0000,3862.4000,3863.0000,3863.2000,3863.6000,1,1,2,2,3,2,1,3,2,1
SF,IF2003,2019-12-05 09:32:31.000,3861.2000,17134,0,557199720.000,3,1,2,多换,S,3860.6000,3860.4000,3860.2000,3860.0000,3859.8000,3861.6000,3861.8000,3862.0000,3862.4000,3863.0000,2,1,3,4,2,6,3,4,1,3
SF,IF2003,2019-12-05 09:32:31.500,3861.6000,17135,1,559516560.000,2,1,1,空开,S,3860.6000,3860.4000,3860.2000,3860.0000,3859.8000,3861.6000,3861.8000,3862.0000,3862.4000,3863.0000,2,1,3,4,1,1,2,2,1,3
SF,IF2003,2019-12-05 09:32:32.000,3861.6000,17135,0,559516560.000,0,-,-,-,-,3860.8000,3860.6000,3860.4000,3860.2000,3860.0000,3861.4000,3861.6000,3861.8000,3862.0000,3862.4000,1,3,1,3,4,1,1,1,2,1
SF,IF2003,2019-12-05 09:32:32.500,3861.6000,17135,0,559516560.000,0,-,-,-,-,3860.6000,3860.4000,3860.2000,3860.0000,3859.8000,3861.4000,3861.8000,3862.0000,3862.4000,3863.0000,3,1,3,4,1,2,1,2,1,3
SF,IF2003,2019-12-05 09:32:33.000,3861.6000,17135,0,559516560.000,0,-,-,-,-,3860.6000,3860.4000,3860.2000,3860.0000,3859.8000,3861.0000,3861.4000,3861.8000,3862.0000,3862.4000,3,1,3,4,1,1,1,1,2,1
SF,IF2003,2019-12-05 09:32:33.500,3861.6000,17135,0,559516560.000,0,-,-,-,-,3860.6000,3860.4000,3860.2000,3860.0000,3859.8000,3861.0000,3861.2000,3861.4000,3861.8000,3862.0000,3,1,3,4,1,1,1,1,1,2
SF,IF2003,2019-12-05 09:32:34.000,3860.8000,17133,-2,562991400.000,3,0,3,多平,S,3860.6000,3860.4000,3860.2000,3860.0000,3859.8000,3861.4000,3861.8000,3862.0000,3862.4000,3863.0000,3,1,3,4,1,1,1,3,1,3
SF,IF2003,2019-12-05 09:32:34.500,3860.8000,17133,0,562991400.000,0,-,-,-,-,3860.6000,3860.4000,3860.2000,3860.0000,3859.8000,3861.0000,3861.4000,3861.8000,3862.0000,3862.4000,1,1,3,4,1,2,1,1,3,1
SF,IF2003,2019-12-05 09:32:35.000,3861.0000,17134,1,565308000.000,2,1,1,空开,S,3861.0000,3860.6000,3860.4000,3860.2000,3860.0000,3861.4000,3861.8000,3862.0000,3862.4000,3863.0000,3,1,1,3,4,1,1,3,1,3
SF,IF2003,2019-12-05 09:32:35.500,3861.0000,17134,0,566466300.000,1,0,1,多换,S,3861.0000,3860.6000,3860.4000,3860.2000,3860.0000,3861.4000,3861.8000,3862.0000,3862.4000,3863.0000,2,1,1,3,4,1,1,3,1,3
SF,IF2003,2019-12-05 09:32:36.000,3861.0000,17136,2,568782900.000,2,2,0,双开,S,3860.6000,3860.4000,3860.2000,3860.0000,3859.8000,3861.0000,3861.2000,3861.4000,3861.8000,3862.0000,1,1,3,4,1,2,3,1,1,3
SF,IF2003,2019-12-05 09:32:36.500,3861.0000,17136,0,568782900.000,0,-,-,-,-,3860.6000,3860.4000,3860.2000,3860.0000,3859.8000,3861.0000,3861.2000,3861.4000,3861.8000,3862.0000,1,1,3,4,1,3,3,1,1,3
SF,IF2003,2019-12-05 09:32:37.000,3861.0000,17137,1,571099500.000,2,1,1,空开,S,3861.0000,3860.8000,3860.6000,3860.4000,3860.2000,3861.2000,3861.4000,3861.8000,3862.0000,3862.4000,3,1,1,1,3,1,1,1,3,1
SF,IF2003,2019-12-05 09:32:37.500,3860.6000,17138,1,575732580.000,4,2,2,空开,S,3860.4000,3860.2000,3860.0000,3859.8000,3858.8000,3861.0000,3861.2000,3861.4000,3861.8000,3862.0000,1,3,4,1,1,1,1,1,1,3
SF,IF2003,2019-12-05 09:32:38.000,3860.6000,17138,0,575732580.000,0,-,-,-,-,3860.4000,3860.2000,3860.0000,3859.8000,3858.8000,3860.6000,3861.0000,3861.2000,3861.4000,3861.8000,1,3,4,1,1,1,2,1,1,1
SF,IF2003,2019-12-05 09:32:38.500,3860.6000,17139,1,576890760.000,1,1,0,双开,S,3860.6000,3860.4000,3860.2000,3860.0000,3859.8000,3861.0000,3861.2000,3861.4000,3861.8000,3862.0000,4,1,3,4,1,2,1,1,1,3
SF,IF2003,2019-12-05 09:32:39.000,3860.8000,17139,0,582681780.000,5,2,3,多换,S,3860.6000,3860.4000,3860.2000,3860.0000,3859.8000,3861.0000,3861.2000,3861.8000,3862.0000,3862.4000,1,1,3,4,1,4,1,1,3,1
SF,IF2003,2019-12-05 09:32:39.500,3860.8000,17139,0,582681780.000,0,-,-,-,-,3860.6000,3860.4000,3860.2000,3860.0000,3859.8000,3861.0000,3861.2000,3861.8000,3862.0000,3862.4000,1,1,3,4,1,1,1,1,3,1
SF,IF2003,2019-12-05 09:32:40.000,3860.8000,17139,0,583840020.000,1,0,1,多换,S,3860.6000,3860.4000,3860.2000,3860.0000,3859.8000,3861.0000,3861.2000,3861.8000,3862.0000,3862.4000,1,1,3,4,1,1,1,1,3,1
SF,IF2003,2019-12-05 09:32:40.500,3861.0000,17139,0,584998320.000,1,0,1,多换,S,3861.0000,3860.6000,3860.4000,3860.2000,3860.0000,3861.2000,3861.8000,3862.0000,3862.4000,3863.0000,4,1,1,3,4,1,1,3,1,4
SF,IF2003,2019-12-05 09:32:41.000,3861.0000,17139,0,589631520.000,4,2,2,多换,S,3860.6000,3860.4000,3860.2000,3860.0000,3859.8000,3861.0000,3861.2000,3861.8000,3862.0000,3862.4000,1,1,3,4,1,2,1,1,3,1
SF,IF2003,2019-12-05 09:32:41.500,3860.6000,17140,1,590789700.000,1,1,0,双开,S,3860.4000,3860.2000,3860.0000,3859.8000,3858.8000,3861.0000,3861.2000,3861.8000,3862.0000,3862.4000,1,3,4,1,1,3,1,1,3,1
SF,IF2003,2019-12-05 09:32:42.000,3860.6000,17140,0,590789700.000,0,-,-,-,-,3860.4000,3860.2000,3860.0000,3859.8000,3858.8000,3861.0000,3861.2000,3861.8000,3862.0000,3862.4000,1,3,4,1,1,4,1,1,3,1
SF,IF2003,2019-12-05 09:32:42.500,3860.6000,17140,0,590789700.000,0,-,-,-,-,3860.4000,3860.2000,3860.0000,3859.8000,3858.8000,3860.8000,3861.0000,3861.8000,3862.0000,3862.4000,1,3,4,1,1,1,4,1,3,1
SF,IF2003,2019-12-05 09:32:43.000,3860.8000,17140,0,591947940.000,1,0,1,多换,S,3860.8000,3860.4000,3860.2000,3860.0000,3859.8000,3861.0000,3861.8000,3862.0000,3862.4000,3863.0000,4,1,3,4,1,6,1,5,1,2
SF,IF2003,2019-12-05 09:32:43.500,3860.8000,17142,2,596580900.000,4,3,1,空开,S,3860.4000,3860.2000,3860.0000,3859.8000,3858.8000,3861.0000,3861.8000,3862.0000,3862.4000,3863.0000,1,3,4,1,1,6,1,5,1,2
SF,IF2003,2019-12-05 09:32:44.000,3860.4000,17143,1,597739020.000,1,1,0,双开,S,3860.2000,3860.0000,3859.8000,3858.8000,3858.0000,3860.8000,3861.0000,3861.8000,3862.0000,3862.4000,3,4,1,1,4,2,6,1,5,1
SF,IF2003,2019-12-05 09:32:44.500,3860.4000,17143,0,597739020.000,0,-,-,-,-,3860.2000,3860.0000,3859.8000,3858.8000,3858.0000,3860.8000,3861.0000,3861.8000,3862.0000,3862.4000,3,4,1,1,4,1,6,1,5,1
SF,IF2003,2019-12-05 09:32:45.000,3860.8000,17143,0,601213680.000,3,1,2,多换,S,3860.8000,3860.2000,3860.0000,3858.8000,3858.0000,3861.0000,3861.8000,3862.0000,3862.4000,3863.0000,2,3,4,1,4,6,1,5,1,2
SF,IF2003,2019-12-05 09:32:45.500,3860.8000,17143,0,603530160.000,2,1,1,多换,S,3860.4000,3860.2000,3860.0000,3858.8000,3858.0000,3860.8000,3861.0000,3861.8000,3862.0000,3862.4000,1,3,4,1,4,1,5,1,5,1
SF,IF2003,2019-12-05 09:32:46.000,3860.8000,17143,0,603530160.000,0,-,-,-,-,3860.4000,3860.2000,3860.0000,3858.8000,3858.0000,3861.0000,3861.8000,3862.0000,3862.4000,3863.0000,1,3,4,1,4,6,1,5,1,2
SF,IF2003,2019-12-05 09:32:46.500,3860.8000,17143,0,603530160.000,0,-,-,-,-,3860.4000,3860.2000,3860.0000,3858.8000,3858.0000,3860.6000,3861.0000,3861.8000,3862.0000,3862.4000,1,3,4,1,4,1,6,1,5,1
SF,IF2003,2019-12-05 09:32:47.000,3860.6000,17142,-1,604688340.000,1,0,1,双平,S,3860.6000,3860.4000,3860.2000,3860.0000,3858.8000,3861.0000,3861.8000,3862.0000,3862.4000,3863.0000,5,1,3,4,1,6,1,5,1,2
SF,IF2003,2019-12-05 09:32:47.500,3860.6000,17142,0,604688340.000,0,-,-,-,-,3860.6000,3860.2000,3860.0000,3858.8000,3858.0000,3861.0000,3861.8000,3862.0000,3862.4000,3863.0000,5,3,4,1,4,5,1,5,1,2
SF,IF2003,2019-12-05 09:32:48.000,3860.6000,17142,0,604688340.000,0,-,-,-,-,3860.6000,3860.2000,3860.0000,3858.8000,3858.0000,3861.0000,3861.8000,3862.0000,3862.4000,3863.0000,5,3,4,1,4,6,1,5,1,2
SF,IF2003,2019-12-05 09:32:48.500,3860.6000,17142,0,604688340.000,0,-,-,-,-,3860.8000,3860.6000,3860.2000,3860.0000,3858.8000,3861.0000,3861.8000,3862.0000,3862.4000,3863.0000,1,5,3,4,1,5,1,5,1,2
SF,IF2003,2019-12-05 09:32:49.000,3861.0000,17144,2,609321540.000,4,3,1,空开,S,3861.0000,3860.6000,3860.2000,3860.0000,3859.6000,3861.8000,3862.0000,3862.4000,3863.0000,3863.2000,1,5,3,4,1,1,5,1,2,2
SF,IF2003,2019-12-05 09:32:49.500,3861.0000,17144,0,609321540.000,0,-,-,-,-,3861.0000,3860.6000,3860.2000,3860.0000,3859.6000,3861.6000,3861.8000,3862.0000,3862.4000,3863.0000,1,5,3,4,1,1,1,5,1,2
SF,IF2003,2019-12-05 09:32:50.000,3860.6000,17145,1,612796380.000,3,2,1,空开,S,3860.6000,3860.2000,3860.0000,3859.6000,3858.8000,3861.8000,3862.0000,3862.4000,3863.0000,3863.2000,4,3,4,1,1,2,5,1,2,2
SF,IF2003,2019-12-05 09:32:50.500,3860.6000,17145,0,612796380.000,0,-,-,-,-,3860.6000,3860.2000,3860.0000,3859.6000,3858.8000,3861.0000,3861.2000,3861.4000,3861.6000,3861.8000,4,3,4,1,1,1,5,1,5,4
SF,IF2003,2019-12-05 09:32:51.000,3860.6000,17146,1,613954560.000,1,1,0,双开,S,3860.6000,3860.2000,3860.0000,3859.6000,3858.8000,3861.4000,3861.8000,3862.0000,3862.4000,3863.0000,3,3,4,1,1,1,2,5,1,2
SF,IF2003,2019-12-05 09:32:51.500,3860.6000,17146,0,613954560.000,0,-,-,-,-,3860.6000,3860.2000,3860.0000,3859.6000,3858.8000,3861.2000,3861.4000,3861.8000,3862.0000,3862.4000,3,3,4,1,1,1,1,2,5,1
SF,IF2003,2019-12-05 09:32:52.000,3860.8000,17146,0,615112800.000,1,0,1,多换,S,3860.6000,3860.2000,3860.0000,3859.6000,3858.8000,3861.2000,3861.8000,3862.0000,3862.4000,3863.0000,3,3,4,1,1,1,2,5,1,2
SF,IF2003,2019-12-05 09:32:52.500,3861.2000,17147,1,616271160.000,1,1,0,双开,S,3861.2000,3860.6000,3860.2000,3860.0000,3859.6000,3861.8000,3862.0000,3862.4000,3863.0000,3863.2000,4,3,3,4,1,2,5,1,2,2
SF,IF2003,2019-12-05 09:32:53.000,3861.2000,17147,0,616271160.000,0,-,-,-,-,3861.2000,3860.6000,3860.2000,3860.0000,3859.6000,3861.4000,3861.8000,3862.0000,3862.4000,3863.0000,4,3,3,4,1,1,2,5,1,2
SF,IF2003,2019-12-05 09:32:53.500,3861.2000,17147,0,617429520.000,1,0,1,多换,S,3861.2000,3860.6000,3860.2000,3860.0000,3859.6000,3861.4000,3861.6000,3861.8000,3862.0000,3862.4000,3,3,3,4,1,1,2,2,5,1
SF,IF2003,2019-12-05 09:32:54.000,3861.2000,17148,1,620904600.000,3,2,1,空开,S,3860.6000,3860.2000,3860.0000,3859.6000,3858.8000,3861.2000,3861.4000,3861.6000,3861.8000,3862.0000,3,3,4,1,1,1,1,1,2,5
SF,IF2003,2019-12-05 09:32:54.500,3861.2000,17148,0,620904600.000,0,-,-,-,-,3860.6000,3860.2000,3860.0000,3859.6000,3858.8000,3861.0000,3861.2000,3861.4000,3861.6000,3861.8000,3,3,4,1,1,1,1,1,1,2
SF,IF2003,2019-12-05 09:32:55.000,3861.2000,17148,0,620904600.000,0,-,-,-,-,3860.6000,3860.2000,3860.0000,3859.6000,3858.8000,3861.0000,3861.4000,3861.6000,3861.8000,3862.0000,3,3,4,1,1,1,1,1,2,5
SF,IF2003,2019-12-05 09:32:55.500,3861.2000,17148,0,620904600.000,0,-,-,-,-,3860.6000,3860.2000,3860.0000,3859.6000,3858.8000,3861.2000,3861.4000,3861.6000,3861.8000,3862.0000,3,3,4,1,1,1,1,1,2,5
SF,IF2003,2019-12-05 09:32:56.000,3861.2000,17148,0,620904600.000,0,-,-,-,-,3860.6000,3860.2000,3860.0000,3859.6000,3858.8000,3861.0000,3861.2000,3861.4000,3861.6000,3861.8000,3,3,4,1,1,1,1,1,1,2
SF,IF2003,2019-12-05 09:32:56.500,3860.6000,17148,0,622062780.000,1,0,1,多换,S,3860.6000,3860.2000,3860.0000,3859.6000,3858.8000,3861.0000,3861.2000,3861.4000,3861.6000,3861.8000,2,3,4,1,1,1,1,1,1,2
SF,IF2003,2019-12-05 09:32:57.000,3861.0000,17148,0,624379260.000,2,1,1,多换,S,3860.6000,3860.2000,3860.0000,3859.6000,3858.8000,3861.2000,3861.4000,3861.6000,3861.8000,3862.0000,1,3,4,1,1,1,1,1,2,5
SF,IF2003,2019-12-05 09:32:57.500,3861.0000,17148,0,624379260.000,0,-,-,-,-,3860.6000,3860.2000,3860.0000,3859.6000,3858.8000,3860.8000,3861.0000,3861.2000,3861.4000,3861.6000,1,3,4,1,1,5,3,3,1,2
SF,IF2003,2019-12-05 09:32:58.000,3860.6000,17149,1,625537440.000,1,1,0,双开,S,3860.2000,3860.0000,3859.6000,3858.8000,3858.0000,3861.0000,3861.2000,3861.4000,3861.6000,3861.8000,3,4,1,1,4,3,1,1,1,2
SF,IF2003,2019-12-05 09:32:58.500,3860.6000,17150,1,626695620.000,1,1,0,双开,S,3860.2000,3860.0000,3859.6000,3858.8000,3858.0000,3861.0000,3861.2000,3861.4000,3861.6000,3861.8000,3,4,1,1,4,6,1,1,1,2
SF,IF2003,2019-12-05 09:32:59.000,3860.6000,17150,0,626695620.000,0,-,-,-,-,3860.4000,3860.2000,3860.0000,3859.6000,3858.8000,3861.0000,3861.2000,3861.4000,3861.6000,3861.8000,1,3,4,1,1,3,1,1,1,2
SF,IF2003,2019-12-05 09:32:59.500,3861.0000,17151,1,627853920.000,1,1,0,双开,S,3860.4000,3860.2000,3860.0000,3859.6000,3858.8000,3861.0000,3861.2000,3861.4000,3861.6000,3861.8000,1,3,4,1,1,1,1,1,1,2
SF,IF2003,2019-12-05 09:33:00.500,3861.0000,17151,0,627853920.000,0,-,-,-,-,3860.4000,3860.2000,3860.0000,3859.6000,3858.8000,3860.6000,3861.0000,3861.2000,3861.4000,3861.6000,1,3,4,1,1,7,1,1,1,1
SF,IF2003,2019-12-05 09:33:01.000,3860.6000,17151,0,629012100.000,1,0,1,多换,S,3860.2000,3860.0000,3859.6000,3858.8000,3858.0000,3860.4000,3860.6000,3860.8000,3861.0000,3861.2000,3,4,1,1,4,1,6,1,1,1
SF,IF2003,2019-12-05 09:33:01.500,3860.6000,17145,-6,637119300.000,7,0,7,多平,S,3860.6000,3860.4000,3860.2000,3860.0000,3859.6000,3861.0000,3861.2000,3861.6000,3861.8000,3862.0000,2,1,3,4,1,1,1,1,2,5
SF,IF2003,2019-12-05 09:33:02.000,3860.4000,17145,0,638277420.000,1,0,1,多换,S,3860.2000,3860.0000,3859.6000,3858.8000,3858.0000,3860.6000,3861.2000,3861.8000,3862.0000,3862.4000,3,4,1,1,4,1,1,2,5,1
SF,IF2003,2019-12-05 09:33:02.500,3860.6000,17145,0,639435600.000,1,0,1,多换,S,3860.8000,3860.6000,3860.2000,3860.0000,3859.6000,3861.2000,3861.8000,3862.0000,3862.4000,3863.0000,1,2,6,4,1,1,1,5,1,2
SF,IF2003,2019-12-05 09:33:03.000,3860.6000,17145,0,639435600.000,0,-,-,-,-,3860.6000,3860.4000,3860.2000,3860.0000,3859.6000,3860.8000,3861.2000,3861.8000,3862.0000,3862.4000,1,1,6,4,1,1,1,1,5,1
SF,IF2003,2019-12-05 09:33:03.500,3860.8000,17145,0,640593840.000,1,0,1,多换,S,3860.6000,3860.4000,3860.2000,3860.0000,3859.6000,3861.2000,3861.8000,3862.0000,3862.4000,3863.0000,1,1,6,4,1,1,1,5,1,2
SF,IF2003,2019-12-05 09:33:04.000,3860.8000,17146,1,641752080.000,1,1,0,双开,S,3860.8000,3860.4000,3860.2000,3860.0000,3859.6000,3861.2000,3861.8000,3862.0000,3862.4000,3863.0000,4,1,6,4,1,1,1,5,1,2
SF,IF2003,2019-12-05 09:33:04.500,3861.2000,17145,-1,642910440.000,1,0,1,双平,S,3861.2000,3860.8000,3860.4000,3860.2000,3860.0000,3861.8000,3862.0000,3862.4000,3863.0000,3863.2000,1,4,1,6,4,1,5,1,2,2
SF,IF2003,2019-12-05 09:33:05.000,3861.2000,17145,0,642910440.000,0,-,-,-,-,3861.2000,3860.8000,3860.4000,3860.2000,3860.0000,3861.4000,3861.8000,3862.0000,3862.4000,3863.0000,1,4,1,6,4,1,1,5,1,2
SF,IF2003,2019-12-05 09:33:05.500,3861.2000,17146,1,644068800.000,1,1,0,双开,S,3860.8000,3860.4000,3860.2000,3860.0000,3859.6000,3861.4000,3861.8000,3862.0000,3862.4000,3863.0000,4,1,6,4,1,1,1,5,1,2
SF,IF2003,2019-12-05 09:33:06.500,3861.4000,17147,1,645227220.000,1,1,0,双开,S,3860.8000,3860.4000,3860.2000,3860.0000,3859.6000,3861.8000,3862.0000,3862.4000,3863.0000,3863.2000,4,1,6,4,1,1,5,1,2,2
SF,IF2003,2019-12-05 09:33:07.000,3861.4000,17150,3,651019620.000,5,4,1,空开,S,3861.0000,3860.8000,3860.4000,3860.2000,3860.0000,3862.0000,3862.4000,3863.0000,3863.2000,3863.8000,2,4,1,6,4,4,1,2,2,2
SF,IF2003,2019-12-05 09:33:07.500,3862.0000,17149,-1,655654020.000,4,1,3,多平,S,3861.8000,3861.2000,3861.0000,3860.8000,3860.6000,3863.0000,3863.2000,3863.8000,3864.0000,3864.6000,1,1,5,4,1,2,2,2,3,1
SF,IF2003,2019-12-05 09:33:08.000,3862.0000,17149,0,655654020.000,0,-,-,-,-,3862.0000,3861.8000,3861.2000,3861.0000,3860.8000,3862.6000,3862.8000,3863.0000,3863.2000,3863.8000,5,1,1,4,4,1,3,2,2,2
SF,IF2003,2019-12-05 09:33:08.500,3862.0000,17149,0,655654020.000,0,-,-,-,-,3862.0000,3861.8000,3861.2000,3861.0000,3860.8000,3862.6000,3862.8000,3863.0000,3863.2000,3863.8000,7,1,1,4,4,1,2,2,2,2
SF,IF2003,2019-12-05 09:33:09.500,3862.0000,17149,0,655654020.000,0,-,-,-,-,3862.0000,3861.8000,3861.2000,3861.0000,3860.8000,3862.6000,3862.8000,3863.0000,3863.2000,3863.8000,7,1,1,4,4,1,2,2,2,2
SF,IF2003,2019-12-05 09:33:10.000,3862.0000,17150,1,661447020.000,5,3,2,空开,S,3861.8000,3861.2000,3861.0000,3860.8000,3860.6000,3862.6000,3862.8000,3863.0000,3863.2000,3863.8000,1,1,2,4,1,1,2,2,2,2
SF,IF2003,2019-12-05 09:33:10.500,3862.0000,17150,0,661447020.000,0,-,-,-,-,3861.8000,3861.2000,3861.0000,3860.8000,3860.6000,3862.2000,3862.4000,3862.6000,3862.8000,3863.0000,1,1,2,4,1,5,2,4,1,2
SF,IF2003,2019-12-05 09:33:11.000,3861.8000,17151,1,662605560.000,1,1,0,双开,S,3861.2000,3861.0000,3860.8000,3860.6000,3860.2000,3862.0000,3862.4000,3862.6000,3862.8000,3863.0000,1,2,4,1,3,1,2,2,1,2
SF,IF2003,2019-12-05 09:33:11.500,3861.8000,17151,0,662605560.000,0,-,-,-,-,3861.0000,3860.8000,3860.6000,3860.2000,3860.0000,3862.4000,3862.6000,3862.8000,3863.0000,3863.2000,2,4,1,3,4,2,2,1,2,2
SF,IF2003,2019-12-05 09:33:12.000,3862.4000,17149,-2,664923000.000,2,0,2,双平,S,3861.4000,3861.0000,3860.8000,3860.6000,3860.2000,3862.6000,3862.8000,3863.0000,3863.2000,3863.8000,1,2,4,1,3,2,1,2,2,2
SF,IF2003,2019-12-05 09:33:12.500,3862.4000,17149,0,664923000.000,0,-,-,-,-,3861.0000,3860.8000,3860.6000,3860.2000,3860.0000,3862.2000,3862.4000,3862.6000,3862.8000,3863.0000,2,4,1,3,4,1,3,2,1,2
SF,IF2003,2019-12-05 09:33:13.000,3862.4000,17149,0,664923000.000,0,-,-,-,-,3861.2000,3861.0000,3860.8000,3860.6000,3860.2000,3862.4000,3862.6000,3862.8000,3863.0000,3863.2000,2,3,4,1,3,1,2,1,2,2
SF,IF2003,2019-12-05 09:33:13.500,3862.4000,17149,0,664923000.000,0,-,-,-,-,3861.2000,3861.0000,3860.8000,3860.6000,3860.2000,3862.4000,3862.6000,3862.8000,3863.0000,3863.2000,3,3,4,1,3,1,2,1,2,2
SF,IF2003,2019-12-05 09:33:14.000,3862.4000,17149,0,664923000.000,0,-,-,-,-,3861.0000,3860.8000,3860.6000,3860.2000,3860.0000,3862.0000,3862.2000,3862.4000,3862.6000,3862.8000,3,4,1,3,4,5,4,4,2,1
SF,IF2003,2019-12-05 09:33:14.500,3862.4000,17149,0,664923000.000,0,-,-,-,-,3861.4000,3861.0000,3860.8000,3860.6000,3860.2000,3862.0000,3862.2000,3862.4000,3862.6000,3862.8000,1,3,4,1,3,5,2,2,2,1
SF,IF2003,2019-12-05 09:33:15.000,3862.4000,17149,0,664923000.000,0,-,-,-,-,3861.4000,3861.0000,3860.8000,3860.6000,3860.2000,3862.2000,3862.4000,3862.6000,3862.8000,3863.0000,1,3,4,1,3,2,1,2,1,2
SF,IF2003,2019-12-05 09:33:16.500,3862.4000,17148,-1,666081720.000,1,0,1,双平,S,3861.4000,3861.0000,3860.8000,3860.6000,3860.2000,3862.2000,3862.4000,3862.6000,3862.8000,3863.0000,1,3,4,1,3,1,1,2,1,3
SF,IF2003,2019-12-05 09:33:17.000,3862.4000,17148,0,666081720.000,0,-,-,-,-,3861.0000,3860.8000,3860.6000,3860.2000,3860.0000,3862.0000,3862.4000,3862.6000,3862.8000,3863.0000,3,4,1,3,4,1,1,2,1,3
SF,IF2003,2019-12-05 09:33:17.500,3862.4000,17148,0,666081720.000,0,-,-,-,-,3861.0000,3860.8000,3860.6000,3860.2000,3860.0000,3862.0000,3862.6000,3862.8000,3863.0000,3863.2000,3,4,1,3,4,1,2,1,3,2
SF,IF2003,2019-12-05 09:33:18.000,3862.4000,17148,0,666081720.000,0,-,-,-,-,3861.2000,3861.0000,3860.8000,3860.6000,3860.2000,3862.6000,3862.8000,3863.0000,3863.2000,3863.8000,1,3,4,1,3,2,1,3,2,2
SF,IF2003,2019-12-05 09:33:18.500,3862.4000,17148,0,666081720.000,0,-,-,-,-,3861.4000,3861.2000,3861.0000,3860.8000,3860.6000,3862.6000,3862.8000,3863.0000,3863.2000,3863.8000,1,3,2,4,1,2,1,3,2,2
SF,IF2003,2019-12-05 09:33:19.000,3862.4000,17148,0,666081720.000,0,-,-,-,-,3861.2000,3861.0000,3860.8000,3860.6000,3860.2000,3862.2000,3862.4000,3862.6000,3862.8000,3863.0000,1,2,4,1,3,5,4,4,1,3
SF,IF2003,2019-12-05 09:33:19.500,3862.4000,17148,0,666081720.000,0,-,-,-,-,3861.2000,3861.0000,3860.8000,3860.6000,3860.2000,3862.2000,3862.4000,3862.6000,3862.8000,3863.0000,1,2,4,1,3,5,3,2,1,3
SF,IF2003,2019-12-05 09:33:20.000,3862.4000,17148,0,666081720.000,0,-,-,-,-,3861.0000,3860.8000,3860.6000,3860.2000,3860.0000,3862.2000,3862.4000,3862.6000,3862.8000,3863.0000,2,4,1,3,4,5,3,2,1,3
SF,IF2003,2019-12-05 09:33:20.500,3862.4000,17148,0,666081720.000,0,-,-,-,-,3861.0000,3860.8000,3860.6000,3860.2000,3860.0000,3862.2000,3862.4000,3862.6000,3862.8000,3863.0000,1,4,1,3,4,5,3,2,1,3
SF,IF2003,2019-12-05 09:33:21.000,3862.4000,17148,0,666081720.000,0,-,-,-,-,3862.0000,3861.0000,3860.8000,3860.6000,3860.2000,3862.2000,3862.4000,3862.6000,3862.8000,3863.0000,1,1,4,1,3,5,2,2,1,3
SF,IF2003,2019-12-05 09:33:21.500,3862.0000,17148,0,667240320.000,1,0,1,多换,S,3861.0000,3860.8000,3860.6000,3860.2000,3860.0000,3862.0000,3862.2000,3862.4000,3862.6000,3862.8000,1,4,1,3,4,10,5,2,2,1
SF,IF2003,2019-12-05 09:33:22.000,3862.0000,17148,0,667240320.000,0,-,-,-,-,3861.2000,3861.0000,3860.8000,3860.6000,3860.2000,3862.0000,3862.2000,3862.4000,3862.6000,3862.8000,1,1,4,1,3,4,5,2,2,1
SF,IF2003,2019-12-05 09:33:22.500,3862.0000,17148,0,667240320.000,0,-,-,-,-,3861.2000,3861.0000,3860.8000,3860.6000,3860.2000,3862.0000,3862.2000,3862.4000,3862.6000,3862.8000,1,1,4,1,3,3,5,2,2,1
SF,IF2003,2019-12-05 09:33:23.000,3862.0000,17148,0,667240320.000,0,-,-,-,-,3861.2000,3861.0000,3860.8000,3860.6000,3860.2000,3862.4000,3862.6000,3862.8000,3863.0000,3863.2000,1,1,4,1,3,1,2,1,3,2
SF,IF2003,2019-12-05 09:33:23.500,3862.0000,17148,0,667240320.000,0,-,-,-,-,3861.4000,3861.0000,3860.8000,3860.6000,3860.2000,3862.4000,3862.6000,3862.8000,3863.0000,3863.2000,3,1,4,1,3,1,2,1,3,2
SF,IF2003,2019-12-05 09:33:24.500,3862.0000,17148,0,667240320.000,0,-,-,-,-,3861.6000,3861.4000,3861.0000,3860.8000,3860.6000,3862.0000,3862.4000,3862.6000,3862.8000,3863.0000,1,3,1,4,1,1,1,2,1,3
SF,IF2003,2019-12-05 09:33:25.000,3862.0000,17148,0,667240320.000,0,-,-,-,-,3861.6000,3861.0000,3860.8000,3860.6000,3860.2000,3862.0000,3862.4000,3862.6000,3862.8000,3863.0000,1,1,4,1,3,1,1,2,1,3
SF,IF2003,2019-12-05 09:33:25.500,3862.0000,17148,0,668398920.000,1,0,1,多换,S,3861.6000,3861.0000,3860.8000,3860.6000,3860.2000,3862.4000,3862.6000,3862.8000,3863.0000,3863.2000,1,1,4,1,3,1,2,1,3,2
SF,IF2003,2019-12-05 09:33:26.000,3862.0000,17148,0,668398920.000,0,-,-,-,-,3861.6000,3861.0000,3860.8000,3860.6000,3860.2000,3862.4000,3862.6000,3862.8000,3863.0000,3863.2000,1,1,4,1,3,1,2,1,3,2
SF,IF2003,2019-12-05 09:33:26.500,3862.0000,17148,0,668398920.000,0,-,-,-,-,3861.6000,3861.0000,3860.8000,3860.6000,3860.2000,3862.4000,3862.6000,3862.8000,3863.0000,3863.2000,1,1,4,1,3,1,2,1,3,2
SF,IF2003,2019-12-05 09:33:27.000,3862.0000,17148,0,668398920.000,0,-,-,-,-,3861.6000,3861.0000,3860.8000,3860.6000,3860.2000,3862.6000,3862.8000,3863.0000,3863.2000,3863.8000,1,1,4,1,3,2,1,3,2,2
SF,IF2003,2019-12-05 09:33:28.500,3862.6000,17148,0,669557700.000,1,0,1,多换,S,3861.8000,3861.6000,3861.0000,3860.8000,3860.6000,3862.6000,3862.8000,3863.0000,3863.2000,3863.8000,1,1,1,4,1,1,1,3,2,2
SF,IF2003,2019-12-05 09:33:29.000,3862.6000,17148,0,669557700.000,0,-,-,-,-,3861.8000,3861.6000,3860.8000,3860.6000,3860.2000,3862.4000,3862.6000,3862.8000,3863.0000,3863.2000,2,1,4,1,3,1,1,1,3,2
SF,IF2003,2019-12-05 09:33:29.500,3862.6000,17148,0,669557700.000,0,-,-,-,-,3861.8000,3861.6000,3860.8000,3860.6000,3860.2000,3862.0000,3862.4000,3862.6000,3862.8000,3863.0000,2,1,4,1,3,2,1,1,1,3
SF,IF2003,2019-12-05 09:33:30.000,3862.0000,17147,-1,673033380.000,3,1,2,多平,S,3861.6000,3860.8000,3860.6000,3860.2000,3860.0000,3862.4000,3862.6000,3862.8000,3863.0000,3863.2000,1,4,1,3,4,1,1,1,3,2
SF,IF2003,2019-12-05 09:33:31.500,3862.0000,17147,0,673033380.000,0,-,-,-,-,3861.8000,3861.6000,3860.8000,3860.6000,3860.2000,3862.6000,3862.8000,3863.0000,3863.2000,3863.8000,1,1,4,1,3,1,1,3,2,2
SF,IF2003,2019-12-05 09:33:32.000,3862.0000,17147,0,673033380.000,0,-,-,-,-,3861.8000,3861.6000,3860.8000,3860.6000,3860.2000,3862.2000,3862.6000,3862.8000,3863.0000,3863.2000,1,1,4,1,3,1,1,1,3,2
SF,IF2003,2019-12-05 09:33:32.500,3862.6000,17147,0,675350820.000,2,1,1,多换,S,3862.6000,3861.8000,3861.6000,3860.8000,3860.6000,3862.8000,3863.0000,3863.2000,3863.8000,3864.0000,2,1,1,4,1,1,3,2,2,3
SF,IF2003,2019-12-05 09:33:33.000,3862.6000,17146,-1,677668380.000,2,0,2,多平,S,3861.8000,3861.6000,3860.8000,3860.6000,3860.2000,3862.4000,3862.6000,3863.0000,3863.2000,3863.8000,1,1,4,1,3,1,5,3,2,2
SF,IF2003,2019-12-05 09:33:33.500,3862.6000,17146,0,677668380.000,0,-,-,-,-,3861.6000,3860.8000,3860.6000,3860.2000,3860.0000,3862.0000,3862.6000,3863.0000,3863.2000,3863.8000,1,4,1,3,4,2,4,3,2,2
SF,IF2003,2019-12-05 09:33:34.000,3862.0000,17145,-1,679985580.000,2,0,2,多平,S,3862.0000,3861.6000,3860.8000,3860.6000,3860.2000,3862.4000,3863.0000,3863.2000,3863.8000,3864.0000,1,2,4,1,3,1,3,2,2,3
SF,IF2003,2019-12-05 09:33:34.500,3862.0000,17145,0,679985580.000,0,-,-,-,-,3861.6000,3861.4000,3860.8000,3860.6000,3860.2000,3862.0000,3862.4000,3862.8000,3863.0000,3863.2000,2,2,4,1,3,2,1,1,3,2
SF,IF2003,2019-12-05 09:33:35.000,3862.0000,17145,0,682302780.000,2,1,1,多换,S,3862.0000,3861.8000,3861.6000,3861.4000,3860.8000,3862.2000,3862.8000,3863.0000,3863.2000,3863.8000,1,1,2,2,4,1,1,3,2,2
SF,IF2003,2019-12-05 09:33:35.500,3862.2000,17144,-1,683461440.000,1,0,1,双平,S,3862.0000,3861.8000,3861.6000,3861.4000,3860.8000,3862.8000,3863.0000,3863.2000,3863.8000,3864.0000,1,1,2,2,4,1,3,2,2,3
SF,IF2003,2019-12-05 09:33:36.000,3862.2000,17144,0,684620100.000,1,0,1,多换,S,3862.2000,3862.0000,3861.8000,3861.6000,3861.4000,3863.0000,3863.2000,3863.8000,3864.0000,3864.6000,1,1,1,2,2,3,2,2,3,1
SF,IF2003,2019-12-05 09:33:37.000,3862.2000,17144,0,684620100.000,0,-,-,-,-,3862.2000,3862.0000,3861.8000,3861.6000,3861.4000,3863.0000,3863.2000,3863.8000,3864.0000,3864.6000,1,1,1,2,2,3,2,2,4,1
SF,IF2003,2019-12-05 09:33:38.000,3862.2000,17144,0,684620100.000,0,-,-,-,-,3862.2000,3862.0000,3861.8000,3861.6000,3861.4000,3863.0000,3863.2000,3863.8000,3864.0000,3864.6000,2,1,1,2,2,3,2,2,4,1
SF,IF2003,2019-12-05 09:33:38.500,3862.2000,17144,0,684620100.000,0,-,-,-,-,3862.2000,3862.0000,3861.8000,3861.6000,3861.4000,3863.0000,3863.2000,3863.8000,3864.0000,3864.6000,2,1,1,2,3,3,1,2,4,1
SF,IF2003,2019-12-05 09:33:39.500,3863.0000,17144,0,685779000.000,1,0,1,多换,S,3862.2000,3862.0000,3861.8000,3861.6000,3861.4000,3863.0000,3863.2000,3863.8000,3864.0000,3864.6000,2,1,1,2,3,2,1,2,4,1
SF,IF2003,2019-12-05 09:33:40.000,3863.0000,17145,1,686937900.000,1,1,0,双开,S,3862.2000,3862.0000,3861.8000,3861.6000,3861.4000,3863.0000,3863.2000,3863.8000,3864.0000,3864.6000,2,1,1,2,3,1,1,2,4,1
SF,IF2003,2019-12-05 09:33:40.500,3863.0000,17145,0,688096800.000,1,0,1,多换,S,3862.4000,3862.2000,3862.0000,3861.8000,3861.6000,3863.2000,3863.8000,3864.0000,3864.6000,3864.8000,3,2,1,1,1,1,2,3,1,5
SF,IF2003,2019-12-05 09:33:41.000,3863.0000,17145,0,688096800.000,0,-,-,-,-,3862.4000,3862.2000,3862.0000,3861.8000,3861.6000,3863.2000,3863.8000,3864.0000,3864.6000,3864.8000,3,2,1,1,1,1,2,3,1,5
SF,IF2003,2019-12-05 09:33:41.500,3863.2000,17144,-1,689255760.000,1,0,1,双平,S,3862.4000,3862.2000,3862.0000,3861.8000,3861.6000,3863.8000,3864.0000,3864.6000,3864.8000,3865.0000,3,2,1,1,1,2,3,1,5,5
SF,IF2003,2019-12-05 09:33:42.000,3863.2000,17144,0,689255760.000,0,-,-,-,-,3862.6000,3862.4000,3862.2000,3862.0000,3861.8000,3863.8000,3864.0000,3864.6000,3864.8000,3865.0000,2,3,2,1,1,2,3,1,5,5
SF,IF2003,2019-12-05 09:33:43.000,3863.2000,17144,0,689255760.000,0,-,-,-,-,3862.6000,3862.4000,3862.2000,3862.0000,3861.8000,3863.6000,3863.8000,3864.0000,3864.6000,3864.8000,1,3,2,1,1,3,2,3,1,5
SF,IF2003,2019-12-05 09:33:43.500,3863.2000,17144,0,689255760.000,0,-,-,-,-,3862.8000,3862.6000,3862.4000,3862.2000,3862.0000,3863.6000,3863.8000,3864.0000,3864.6000,3864.8000,3,1,3,2,1,1,2,2,1,6
SF,IF2003,2019-12-05 09:33:44.000,3863.2000,17144,0,689255760.000,0,-,-,-,-,3862.8000,3862.6000,3862.4000,3862.2000,3861.8000,3863.6000,3863.8000,3864.0000,3864.6000,3864.8000,3,1,3,2,1,1,2,2,1,6
SF,IF2003,2019-12-05 09:33:44.500,3863.2000,17144,0,689255760.000,0,-,-,-,-,3863.2000,3862.8000,3862.6000,3862.4000,3862.2000,3863.6000,3863.8000,3864.0000,3864.6000,3864.8000,2,3,1,3,2,1,2,2,1,6
SF,IF2003,2019-12-05 09:33:45.000,3863.6000,17143,-1,690414840.000,1,0,1,双平,S,3863.6000,3863.2000,3862.8000,3862.6000,3862.4000,3863.8000,3864.0000,3864.6000,3864.8000,3865.0000,1,2,3,1,3,2,2,1,6,5
SF,IF2003,2019-12-05 09:33:45.500,3863.6000,17143,0,692733000.000,2,1,1,多换,S,3863.2000,3862.6000,3862.4000,3862.2000,3861.4000,3863.8000,3864.0000,3864.6000,3864.8000,3865.0000,2,1,1,2,1,2,2,1,6,5
SF,IF2003,2019-12-05 09:33:46.000,3863.6000,17143,0,692733000.000,0,-,-,-,-,3863.2000,3862.6000,3862.4000,3862.2000,3861.4000,3863.6000,3863.8000,3864.0000,3864.6000,3864.8000,2,1,1,2,1,2,2,2,1,6
SF,IF2003,2019-12-05 09:33:46.500,3863.6000,17143,0,692733000.000,0,-,-,-,-,3863.4000,3863.2000,3862.6000,3862.4000,3862.2000,3863.6000,3863.8000,3864.0000,3864.6000,3864.8000,1,2,1,1,2,2,2,2,1,6
SF,IF2003,2019-12-05 09:33:47.000,3863.6000,17143,0,692733000.000,0,-,-,-,-,3863.2000,3862.6000,3862.4000,3862.2000,3861.4000,3863.4000,3863.6000,3863.8000,3864.6000,3864.8000,2,1,1,2,1,1,2,2,1,6
SF,IF2003,2019-12-05 09:33:47.500,3863.6000,17143,0,692733000.000,0,-,-,-,-,3863.2000,3862.6000,3862.4000,3862.2000,3861.4000,3863.4000,3863.6000,3863.8000,3864.6000,3864.8000,2,1,1,2,1,1,1,2,1,6
SF,IF2003,2019-12-05 09:33:48.000,3863.4000,17142,-1,693892020.000,1,0,1,双平,S,3863.2000,3863.0000,3862.6000,3862.4000,3862.2000,3863.6000,3863.8000,3864.6000,3864.8000,3865.0000,2,2,1,1,2,1,2,1,6,5
SF,IF2003,2019-12-05 09:33:48.500,3863.2000,17142,0,696209940.000,2,1,1,多换,S,3863.0000,3862.6000,3862.4000,3862.2000,3861.4000,3863.6000,3863.8000,3864.6000,3864.8000,3865.0000,2,1,1,2,1,1,2,1,6,5
SF,IF2003,2019-12-05 09:33:49.500,3863.2000,17142,0,696209940.000,0,-,-,-,-,3863.0000,3862.6000,3862.4000,3862.2000,3861.4000,3863.4000,3863.6000,3863.8000,3864.6000,3864.8000,2,1,1,2,1,2,1,2,1,8
SF,IF2003,2019-12-05 09:33:50.000,3863.0000,17143,1,697368840.000,1,1,0,双开,S,3863.0000,3862.6000,3862.4000,3862.2000,3861.4000,3863.4000,3863.6000,3863.8000,3864.6000,3864.8000,1,1,1,2,1,1,1,2,1,8
SF,IF2003,2019-12-05 09:33:50.500,3863.6000,17142,-1,699686940.000,2,0,2,多平,S,3863.6000,3863.0000,3862.6000,3862.4000,3862.2000,3863.8000,3864.6000,3864.8000,3865.0000,3865.2000,3,1,1,1,2,2,1,8,5,1
SF,IF2003,2019-12-05 09:33:51.000,3863.6000,17142,0,699686940.000,0,-,-,-,-,3863.6000,3863.0000,3862.6000,3862.4000,3862.2000,3863.8000,3864.0000,3864.6000,3864.8000,3865.0000,3,1,1,1,2,2,1,1,7,5
SF,IF2003,2019-12-05 09:33:51.500,3863.6000,17142,0,702005100.000,2,1,1,多换,S,3863.6000,3863.4000,3863.0000,3862.6000,3862.4000,3863.8000,3864.0000,3864.6000,3864.8000,3865.0000,1,1,1,1,1,2,1,1,6,5
SF,IF2003,2019-12-05 09:33:52.000,3863.6000,17141,-1,703164180.000,1,0,1,双平,S,3863.4000,3863.0000,3862.6000,3862.4000,3862.2000,3863.6000,3863.8000,3864.0000,3864.6000,3864.8000,2,1,1,1,2,1,2,2,1,6
SF,IF2003,2019-12-05 09:33:52.500,3863.4000,17142,1,706641360.000,3,2,1,空开,S,3863.4000,3863.0000,3862.6000,3862.4000,3862.2000,3863.8000,3864.0000,3864.6000,3864.8000,3865.0000,1,1,1,1,2,2,1,1,6,5
SF,IF2003,2019-12-05 09:33:53.000,3863.4000,17142,0,706641360.000,0,-,-,-,-,3863.4000,3863.0000,3862.6000,3862.4000,3862.2000,3863.6000,3863.8000,3864.0000,3864.6000,3864.8000,1,1,1,1,2,1,2,1,1,6
SF,IF2003,2019-12-05 09:33:54.000,3863.6000,17142,0,707800440.000,1,0,1,多换,S,3863.4000,3863.0000,3862.6000,3862.4000,3862.2000,3863.8000,3864.0000,3864.6000,3864.8000,3865.0000,1,1,1,1,2,2,1,1,6,5
SF,IF2003,2019-12-05 09:33:54.500,3863.6000,17142,0,707800440.000,0,-,-,-,-,3863.4000,3863.0000,3862.6000,3862.4000,3862.2000,3863.8000,3864.0000,3864.6000,3864.8000,3865.0000,1,1,1,1,2,2,2,1,6,5
SF,IF2003,2019-12-05 09:33:55.000,3863.6000,17142,0,707800440.000,0,-,-,-,-,3863.4000,3863.0000,3862.6000,3862.4000,3862.2000,3863.6000,3863.8000,3864.0000,3864.6000,3864.8000,1,1,1,1,2,1,2,2,1,6
SF,IF2003,2019-12-05 09:33:55.500,3863.4000,17142,0,708959460.000,1,0,1,多换,S,3863.0000,3862.6000,3862.4000,3862.2000,3861.4000,3863.6000,3863.8000,3864.0000,3864.6000,3864.8000,1,1,1,2,1,1,2,1,1,6
SF,IF2003,2019-12-05 09:33:56.000,3863.4000,17142,0,708959460.000,0,-,-,-,-,3863.0000,3862.6000,3862.4000,3862.2000,3861.4000,3863.6000,3863.8000,3864.0000,3864.6000,3864.8000,1,1,1,1,1,1,2,1,1,6
SF,IF2003,2019-12-05 09:33:56.500,3863.6000,17141,-1,710118540.000,1,0,1,双平,S,3863.0000,3862.6000,3862.4000,3862.2000,3861.4000,3863.8000,3864.0000,3864.6000,3864.8000,3865.0000,1,1,1,1,1,2,1,1,6,5
SF,IF2003,2019-12-05 09:33:57.000,3863.6000,17141,0,710118540.000,0,-,-,-,-,3863.0000,3862.6000,3862.4000,3862.2000,3861.4000,3863.8000,3864.0000,3864.6000,3864.8000,3865.0000,1,1,1,1,1,2,2,1,6,5
SF,IF2003,2019-12-05 09:33:58.000,3863.6000,17141,0,710118540.000,0,-,-,-,-,3863.2000,3863.0000,3862.6000,3862.4000,3862.2000,3863.8000,3864.6000,3864.8000,3865.0000,3865.2000,1,1,1,1,1,2,1,6,5,1
SF,IF2003,2019-12-05 09:33:59.000,3863.8000,17139,-2,713595900.000,3,0,3,多平,S,3863.8000,3863.2000,3863.0000,3862.6000,3862.4000,3864.0000,3864.6000,3864.8000,3865.0000,3865.2000,2,1,1,1,1,1,1,6,5,1
SF,IF2003,2019-12-05 09:33:59.500,3864.0000,17139,0,714755100.000,1,0,1,多换,S,3863.8000,3863.2000,3863.0000,3862.6000,3862.4000,3864.6000,3864.8000,3865.0000,3865.2000,3865.8000,3,1,1,1,1,1,6,5,1,1
SF,IF2003,2019-12-05 09:34:00.000,3863.8000,17138,-1,715914240.000,1,0,1,双平,S,3863.8000,3863.2000,3863.0000,3862.6000,3862.4000,3864.2000,3864.4000,3864.6000,3864.8000,3865.0000,2,1,1,1,1,5,1,3,6,5
SF,IF2003,2019-12-05 09:34:00.500,3863.8000,17137,-1,717073380.000,1,0,1,双平,S,3863.8000,3863.2000,3863.0000,3862.6000,3862.4000,3864.2000,3864.4000,3864.6000,3864.8000,3865.0000,1,1,1,1,1,6,1,1,6,5
SF,IF2003,2019-12-05 09:34:01.000,3864.2000,17138,1,718232640.000,1,1,0,双开,S,3863.8000,3863.2000,3863.0000,3862.6000,3862.4000,3864.6000,3864.8000,3865.0000,3865.2000,3865.8000,1,1,1,1,1,1,6,5,1,1
SF,IF2003,2019-12-05 09:34:01.500,3864.2000,17138,0,718232640.000,0,-,-,-,-,3864.2000,3864.0000,3863.8000,3863.2000,3863.0000,3864.4000,3864.6000,3864.8000,3865.0000,3865.2000,1,1,1,1,1,1,1,6,5,1
SF,IF2003,2019-12-05 09:34:02.000,3864.6000,17138,0,720551340.000,2,1,1,多换,S,3864.4000,3864.2000,3864.0000,3863.8000,3863.0000,3864.8000,3865.0000,3865.2000,3865.8000,3866.0000,1,5,1,1,1,6,5,1,1,1
SF,IF2003,2019-12-05 09:34:02.500,3864.6000,17137,-1,722870160.000,2,0,2,多平,S,3864.4000,3864.2000,3864.0000,3863.8000,3863.2000,3864.8000,3865.0000,3865.2000,3865.8000,3866.0000,1,5,1,1,1,4,5,1,2,1
SF,IF2003,2019-12-05 09:34:03.000,3865.0000,17131,-6,733305420.000,9,1,8,多平,S,3864.6000,3864.4000,3864.2000,3864.0000,3863.8000,3865.2000,3865.8000,3866.0000,3866.6000,3867.0000,4,2,5,1,1,1,1,1,2,2
SF,IF2003,2019-12-05 09:34:03.500,3865.8000,17130,-1,736784460.000,3,1,2,多平,S,3865.8000,3865.0000,3864.8000,3864.6000,3864.2000,3866.6000,3867.0000,3868.0000,3868.4000,3868.8000,1,1,8,4,5,2,2,2,1,3
SF,IF2003,2019-12-05 09:34:04.000,3865.8000,17130,0,736784460.000,0,-,-,-,-,3865.2000,3865.0000,3864.8000,3864.6000,3864.2000,3866.6000,3867.0000,3867.4000,3868.0000,3868.4000,1,1,6,3,5,1,2,1,2,1
SF,IF2003,2019-12-05 09:34:04.500,3865.8000,17130,0,736784460.000,0,-,-,-,-,3865.2000,3865.0000,3864.8000,3864.6000,3864.2000,3865.8000,3866.4000,3866.6000,3867.0000,3867.4000,1,1,7,3,5,2,4,1,2,1
SF,IF2003,2019-12-05 09:34:05.000,3865.0000,17129,-1,739103520.000,2,0,2,多平,S,3864.8000,3864.6000,3864.2000,3863.8000,3863.2000,3865.0000,3865.2000,3865.6000,3865.8000,3866.2000,7,1,5,1,1,5,2,5,8,1
SF,IF2003,2019-12-05 09:34:05.500,3865.2000,17127,-2,748379640.000,8,3,5,多平,S,3865.2000,3865.0000,3864.8000,3864.6000,3864.2000,3865.6000,3865.8000,3866.2000,3866.4000,3866.6000,1,3,8,1,5,1,3,1,1,1
SF,IF2003,2019-12-05 09:34:06.000,3865.8000,17127,0,750699120.000,2,1,1,多换,S,3865.6000,3865.4000,3865.2000,3865.0000,3864.8000,3866.4000,3866.6000,3867.0000,3867.4000,3868.0000,1,4,1,2,8,1,1,2,1,2
SF,IF2003,2019-12-05 09:34:06.500,3865.8000,17127,0,750699120.000,0,-,-,-,-,3865.8000,3865.6000,3865.4000,3865.2000,3865.0000,3866.2000,3866.4000,3866.6000,3867.0000,3867.4000,1,1,1,1,2,1,2,1,2,1
SF,IF2003,2019-12-05 09:34:07.000,3865.6000,17127,0,753018540.000,2,1,1,多换,S,3865.4000,3865.2000,3865.0000,3864.8000,3864.6000,3866.2000,3866.4000,3866.6000,3867.0000,3867.4000,1,1,3,8,1,4,2,1,2,1
SF,IF2003,2019-12-05 09:34:07.500,3865.6000,17127,0,753018540.000,0,-,-,-,-,3865.4000,3865.2000,3865.0000,3864.8000,3864.6000,3866.2000,3866.4000,3866.6000,3867.0000,3867.4000,1,1,3,8,1,1,2,1,2,1
SF,IF2003,2019-12-05 09:34:08.000,3865.6000,17127,0,753018540.000,0,-,-,-,-,3865.4000,3865.2000,3865.0000,3864.8000,3864.6000,3866.2000,3866.4000,3866.6000,3867.0000,3867.4000,1,1,3,8,1,1,1,1,2,1
SF,IF2003,2019-12-05 09:34:08.500,3865.6000,17127,0,753018540.000,0,-,-,-,-,3865.4000,3865.2000,3865.0000,3864.8000,3864.6000,3866.2000,3866.4000,3866.6000,3867.0000,3867.4000,1,1,3,7,1,1,1,1,2,1
SF,IF2003,2019-12-05 09:34:09.000,3865.6000,17127,0,753018540.000,0,-,-,-,-,3865.6000,3865.4000,3865.2000,3865.0000,3864.8000,3866.0000,3866.2000,3866.4000,3866.6000,3867.0000,1,1,1,3,7,1,1,2,1,2
SF,IF2003,2019-12-05 09:34:09.500,3865.6000,17126,-1,754178220.000,1,0,1,双平,S,3865.4000,3865.2000,3865.0000,3864.8000,3864.6000,3866.0000,3866.2000,3866.4000,3866.6000,3867.0000,1,1,3,7,1,1,2,2,1,2
SF,IF2003,2019-12-05 09:34:10.000,3866.0000,17126,0,756497640.000,2,1,1,多换,S,3866.0000,3865.2000,3865.0000,3864.8000,3864.6000,3866.2000,3866.4000,3866.6000,3867.0000,3867.4000,1,1,3,7,1,2,2,1,2,1
SF,IF2003,2019-12-05 09:34:10.500,3866.0000,17124,-2,758817240.000,2,0,2,双平,S,3865.2000,3865.0000,3864.8000,3864.6000,3864.2000,3866.0000,3866.2000,3866.4000,3866.6000,3867.0000,1,3,7,1,5,5,1,2,1,2
SF,IF2003,2019-12-05 09:34:11.000,3866.0000,17124,0,759977040.000,1,0,1,多换,S,3865.4000,3865.2000,3865.0000,3864.8000,3864.6000,3866.2000,3866.4000,3866.6000,3867.0000,3867.4000,1,1,3,7,1,1,2,1,2,1
SF,IF2003,2019-12-05 09:34:12.000,3866.0000,17124,0,759977040.000,0,-,-,-,-,3865.4000,3865.2000,3865.0000,3864.8000,3864.6000,3866.2000,3866.4000,3866.6000,3867.0000,3867.4000,1,1,3,7,1,1,1,1,2,1
SF,IF2003,2019-12-05 09:34:12.500,3866.0000,17124,0,759977040.000,0,-,-,-,-,3865.4000,3865.2000,3865.0000,3864.8000,3864.6000,3866.2000,3866.6000,3867.0000,3867.4000,3868.0000,1,1,3,7,1,1,1,2,1,2
SF,IF2003,2019-12-05 09:34:13.000,3866.2000,17125,1,761136900.000,1,1,0,双开,S,3865.6000,3865.4000,3865.2000,3865.0000,3864.8000,3866.6000,3867.0000,3867.4000,3868.0000,3868.4000,1,1,1,3,7,1,2,1,2,1
SF,IF2003,2019-12-05 09:34:13.500,3866.2000,17125,0,761136900.000,0,-,-,-,-,3866.2000,3865.4000,3865.2000,3865.0000,3864.8000,3866.4000,3866.6000,3867.0000,3867.4000,3868.0000,1,1,1,3,6,1,1,2,1,2
SF,IF2003,2019-12-05 09:34:14.000,3866.4000,17124,-1,762296820.000,1,0,1,双平,S,3866.2000,3865.4000,3865.2000,3865.0000,3864.8000,3866.6000,3867.0000,3867.4000,3868.0000,3868.4000,1,1,1,3,7,1,2,1,2,1
SF,IF2003,2019-12-05 09:34:16.000,3866.6000,17125,1,763456800.000,1,1,0,双开,S,3866.2000,3865.4000,3865.2000,3865.0000,3864.8000,3867.0000,3867.4000,3868.0000,3868.4000,3868.8000,1,1,1,3,7,2,1,2,1,2
SF,IF2003,2019-12-05 09:34:16.500,3866.2000,17124,-1,764616660.000,1,0,1,双平,S,3865.4000,3865.2000,3865.0000,3864.8000,3864.2000,3866.8000,3867.0000,3867.4000,3868.0000,3868.4000,1,1,3,7,5,1,2,1,2,1
SF,IF2003,2019-12-05 09:34:17.000,3866.2000,17124,0,764616660.000,0,-,-,-,-,3865.6000,3865.4000,3865.2000,3865.0000,3864.8000,3866.8000,3867.0000,3867.4000,3868.0000,3868.4000,2,1,1,3,7,1,3,1,2,1
SF,IF2003,2019-12-05 09:34:17.500,3866.2000,17124,0,764616660.000,0,-,-,-,-,3866.6000,3865.8000,3865.6000,3865.4000,3865.2000,3866.8000,3867.0000,3867.4000,3868.0000,3868.4000,1,3,2,1,1,1,2,1,2,1
SF,IF2003,2019-12-05 09:34:18.000,3866.6000,17123,-1,765776640.000,1,0,1,双平,S,3865.2000,3865.0000,3864.8000,3864.2000,3864.0000,3866.6000,3866.8000,3867.0000,3867.4000,3868.0000,1,3,6,5,1,7,2,3,1,2
SF,IF2003,2019-12-05 09:34:18.500,3866.6000,17123,0,765776640.000,0,-,-,-,-,3865.4000,3865.2000,3865.0000,3864.8000,3864.2000,3866.8000,3867.0000,3867.4000,3868.0000,3868.4000,4,1,3,6,5,1,2,1,2,1
SF,IF2003,2019-12-05 09:34:19.000,3866.6000,17123,0,765776640.000,0,-,-,-,-,3865.4000,3865.2000,3865.0000,3864.8000,3864.2000,3866.6000,3866.8000,3867.0000,3867.4000,3868.0000,3,1,3,6,5,1,1,3,1,2
SF,IF2003,2019-12-05 09:34:19.500,3866.6000,17123,0,766936620.000,1,0,1,多换,S,3865.2000,3865.0000,3864.8000,3864.2000,3864.0000,3866.4000,3866.6000,3866.8000,3867.0000,3867.4000,1,3,6,5,1,2,1,1,3,1
SF,IF2003,2019-12-05 09:34:20.000,3866.6000,17123,0,766936620.000,0,-,-,-,-,3865.2000,3865.0000,3864.8000,3864.2000,3864.0000,3866.2000,3866.4000,3866.6000,3866.8000,3867.0000,1,3,5,5,1,1,5,1,1,3
SF,IF2003,2019-12-05 09:34:20.500,3866.6000,17123,0,768096600.000,1,0,1,多换,S,3865.2000,3865.0000,3864.8000,3864.2000,3864.0000,3866.2000,3866.4000,3866.6000,3866.8000,3867.0000,1,3,5,5,1,2,4,1,1,3
SF,IF2003,2019-12-05 09:34:21.000,3866.6000,17123,0,768096600.000,0,-,-,-,-,3865.4000,3865.2000,3865.0000,3864.8000,3864.2000,3866.2000,3866.4000,3866.6000,3866.8000,3867.0000,2,1,3,5,5,2,3,1,1,3
SF,IF2003,2019-12-05 09:34:21.500,3866.6000,17123,0,768096600.000,0,-,-,-,-,3865.4000,3865.2000,3865.0000,3864.8000,3864.2000,3866.2000,3866.4000,3866.6000,3866.8000,3867.0000,1,1,3,5,5,1,3,1,1,3
SF,IF2003,2019-12-05 09:34:22.000,3866.6000,17123,0,768096600.000,0,-,-,-,-,3865.6000,3865.4000,3865.2000,3865.0000,3864.8000,3866.2000,3866.4000,3866.6000,3866.8000,3867.0000,3,1,1,4,5,1,1,1,1,3
SF,IF2003,2019-12-05 09:34:22.500,3866.2000,17123,0,769256460.000,1,0,1,多换,S,3865.2000,3865.0000,3864.8000,3864.2000,3864.0000,3866.2000,3866.4000,3866.6000,3866.8000,3867.0000,1,3,5,5,1,1,1,2,1,3
SF,IF2003,2019-12-05 09:34:23.000,3866.2000,17123,0,769256460.000,0,-,-,-,-,3865.2000,3865.0000,3864.8000,3864.2000,3864.0000,3866.0000,3866.2000,3866.4000,3866.6000,3866.8000,1,3,5,5,1,1,1,2,2,1
SF,IF2003,2019-12-05 09:34:23.500,3866.2000,17123,0,769256460.000,0,-,-,-,-,3865.2000,3865.0000,3864.8000,3864.2000,3864.0000,3866.0000,3866.2000,3866.4000,3866.6000,3866.8000,1,3,5,5,1,1,2,2,3,1
SF,IF2003,2019-12-05 09:34:24.000,3866.2000,17123,0,769256460.000,0,-,-,-,-,3865.2000,3865.0000,3864.8000,3864.2000,3864.0000,3866.2000,3866.4000,3866.6000,3866.8000,3867.0000,1,3,5,5,1,1,2,3,1,3
SF,IF2003,2019-12-05 09:34:25.000,3866.0000,17123,0,770416260.000,1,0,1,多换,S,3865.2000,3865.0000,3864.8000,3864.2000,3864.0000,3866.2000,3866.4000,3866.6000,3866.8000,3867.0000,1,3,5,5,1,1,1,3,1,3
SF,IF2003,2019-12-05 09:34:25.500,3866.0000,17123,0,770416260.000,0,-,-,-,-,3865.4000,3865.2000,3865.0000,3864.8000,3864.2000,3866.2000,3866.4000,3866.6000,3866.8000,3867.0000,1,1,3,5,5,1,1,3,1,3
SF,IF2003,2019-12-05 09:34:26.000,3866.0000,17123,0,770416260.000,0,-,-,-,-,3865.0000,3864.8000,3864.2000,3864.0000,3863.8000,3866.0000,3866.2000,3866.4000,3866.6000,3866.8000,3,5,5,1,1,1,5,2,3,1
SF,IF2003,2019-12-05 09:34:26.500,3866.0000,17123,0,770416260.000,0,-,-,-,-,3865.0000,3864.8000,3864.2000,3864.0000,3863.8000,3866.2000,3866.4000,3866.6000,3866.8000,3867.0000,4,5,5,1,1,2,1,3,1,3
SF,IF2003,2019-12-05 09:34:27.000,3866.0000,17123,0,770416260.000,0,-,-,-,-,3865.2000,3865.0000,3864.8000,3864.2000,3864.0000,3866.2000,3866.4000,3866.6000,3866.8000,3867.0000,1,4,5,5,1,2,1,3,1,3
