市场代码,合约代码,时间,最新,持仓,增仓,成交额,成交量,开仓,平仓,成交类型,方向,买一价,买二价,买三价,买四价,买五价,卖一价,卖二价,卖三价,卖四价,卖五价,买一量,买二量,买三量,买四量,买五量,卖一量,卖二量,卖三量,卖四量,卖五量
SF,IF2009,2020-06-10 09:29:00.200,3895.6000,30395,0,3506040.000,3.000,-,-,-,-,3895.4000,3895.0000,3894.6000,3893.8000,3891.2000,3900.0000,3903.4000,3904.4000,3905.0000,3906.0000,1,2,1,1,3,1,1,1,1,2
SF,IF2009,2020-06-10 09:30:00.200,3895.0000,30399,4,18702720.000,13,8,5,空开,S,3894.6000,3894.0000,3893.8000,3891.2000,3890.4000,3895.0000,3899.6000,3899.8000,3902.0000,3903.4000,1,1,1,3,1,1,1,4,1,1
SF,IF2009,2020-06-10 09:30:00.700,3895.0000,30400,1,19871220.000,1,1,0,双开,S,3896.4000,3896.2000,3895.6000,3895.4000,3895.2000,3899.6000,3899.8000,3902.0000,3904.4000,3905.0000,3,1,8,20,2,1,4,1,1,1
SF,IF2009,2020-06-10 09:30:01.200,3895.0000,30399,-1,21039720.000,1,0,1,双平,S,3896.6000,3896.4000,3896.2000,3895.6000,3895.4000,3899.8000,3902.0000,3904.4000,3905.0000,3906.0000,2,3,2,8,20,5,1,1,1,1
SF,IF2009,2020-06-10 09:30:01.700,3899.2000,30399,0,22209480.000,1,0,1,多换,S,3897.4000,3897.0000,3896.8000,3896.6000,3896.4000,3899.2000,3899.6000,3899.8000,3900.0000,3902.0000,1,1,1,2,2,1,4,5,1,1
SF,IF2009,2020-06-10 09:30:02.200,3897.0000,30398,-1,24547800.000,2,0,2,多平,S,3896.6000,3895.6000,3895.4000,3895.2000,3894.6000,3899.0000,3899.2000,3899.4000,3899.6000,3899.8000,1,1,20,1,1,4,2,1,2,2
SF,IF2009,2020-06-10 09:30:02.700,3897.0000,30398,0,24547800.000,0,-,-,-,-,3895.6000,3895.4000,3894.6000,3894.4000,3894.0000,3898.6000,3898.8000,3899.0000,3899.4000,3899.6000,1,20,1,1,2,2,3,4,1,1
SF,IF2009,2020-06-10 09:30:03.200,3898.4000,30398,0,25717320.000,1,0,1,多换,S,3895.8000,3895.6000,3895.4000,3894.6000,3894.4000,3898.4000,3898.6000,3898.8000,3899.0000,3899.4000,2,1,20,1,1,5,2,3,1,1
SF,IF2009,2020-06-10 09:30:03.700,3895.8000,30396,-2,31561080.000,5,1,4,多平,S,3895.6000,3895.4000,3894.6000,3894.4000,3894.0000,3895.8000,3898.2000,3898.4000,3898.6000,3898.8000,1,20,1,1,3,8,5,3,1,1
SF,IF2009,2020-06-10 09:30:04.200,3895.8000,30390,-6,40911000.000,8,1,7,多平,S,3897.0000,3896.6000,3896.2000,3895.6000,3895.4000,3898.2000,3898.4000,3898.6000,3899.4000,3899.8000,1,1,1,3,20,7,2,1,1,2
SF,IF2009,2020-06-10 09:30:04.700,3897.0000,30389,-1,44418300.000,3,1,2,多平,S,3895.4000,3894.6000,3894.4000,3894.0000,3893.8000,3898.0000,3898.2000,3898.6000,3899.4000,3899.8000,20,1,1,3,1,2,4,1,1,3
SF,IF2009,2020-06-10 09:30:05.200,3897.0000,30389,0,44418300.000,0,-,-,-,-,3895.6000,3895.4000,3894.6000,3894.4000,3894.0000,3897.8000,3898.2000,3898.6000,3899.4000,3899.8000,1,20,1,1,3,2,1,1,1,3
SF,IF2009,2020-06-10 09:30:05.700,3897.0000,30389,0,44418300.000,0,-,-,-,-,3895.4000,3894.6000,3894.4000,3894.0000,3893.8000,3897.6000,3897.8000,3898.2000,3898.6000,3899.4000,20,1,1,3,1,2,2,1,1,1
SF,IF2009,2020-06-10 09:30:06.200,3897.0000,30389,0,44418300.000,0,-,-,-,-,3895.6000,3895.4000,3894.6000,3894.0000,3893.8000,3897.4000,3897.6000,3897.8000,3898.6000,3899.4000,3,20,1,3,1,1,3,1,1,1
SF,IF2009,2020-06-10 09:30:06.700,3897.0000,30389,0,44418300.000,0,-,-,-,-,3895.4000,3894.6000,3894.0000,3893.8000,3891.2000,3895.6000,3897.0000,3897.2000,3897.4000,3897.6000,20,1,3,1,3,1,1,1,1,1
SF,IF2009,2020-06-10 09:30:07.200,3897.0000,30388,-1,46756080.000,2,0,2,多平,S,3895.8000,3895.4000,3894.6000,3894.0000,3893.8000,3897.2000,3897.4000,3897.8000,3898.6000,3899.0000,1,23,1,3,1,1,1,1,1,2
SF,IF2009,2020-06-10 09:30:07.700,3896.4000,30387,-1,49093740.000,2,0,2,多平,S,3895.4000,3894.6000,3894.0000,3893.8000,3891.2000,3897.0000,3897.2000,3897.4000,3897.8000,3898.6000,20,1,3,1,3,1,2,1,1,1
SF,IF2009,2020-06-10 09:30:08.200,3896.4000,30387,0,49093740.000,0,-,-,-,-,3895.4000,3894.6000,3894.0000,3893.8000,3891.2000,3896.8000,3897.0000,3897.2000,3897.4000,3898.6000,20,1,3,1,3,2,1,1,1,1
SF,IF2009,2020-06-10 09:30:08.700,3896.6000,30388,1,50262720.000,1,1,0,双开,S,3895.4000,3894.6000,3894.0000,3893.8000,3891.2000,3896.6000,3896.8000,3897.0000,3897.4000,3898.6000,20,1,3,1,3,1,2,3,1,1
SF,IF2009,2020-06-10 09:30:09.200,3896.6000,30387,-1,52600680.000,2,0,2,多平,S,3895.4000,3895.2000,3894.6000,3894.0000,3893.8000,3896.4000,3897.4000,3898.6000,3899.0000,3899.4000,20,1,1,3,1,1,1,1,2,1
SF,IF2009,2020-06-10 09:30:09.700,3895.4000,30382,-5,59613720.000,6,0,6,多平,S,3895.4000,3895.2000,3894.6000,3894.0000,3893.8000,3897.0000,3897.4000,3898.6000,3899.0000,3899.4000,18,1,1,3,1,1,1,1,2,1
SF,IF2009,2020-06-10 09:30:10.200,3895.4000,30380,-2,65456820.000,5,1,4,多平,S,3895.4000,3895.2000,3894.6000,3894.0000,3893.8000,3896.8000,3897.0000,3897.4000,3898.6000,3899.0000,13,1,1,3,1,1,1,1,1,2
SF,IF2009,2020-06-10 09:30:10.700,3895.4000,30380,0,65456820.000,0,-,-,-,-,3895.6000,3895.4000,3895.2000,3894.6000,3894.0000,3896.8000,3897.0000,3897.4000,3898.6000,3899.0000,3,13,1,1,3,1,1,1,1,2
SF,IF2009,2020-06-10 09:30:11.200,3895.4000,30380,0,65456820.000,0,-,-,-,-,3895.4000,3895.2000,3894.6000,3894.0000,3893.8000,3896.8000,3897.0000,3897.4000,3898.6000,3899.0000,13,1,1,3,2,1,1,1,1,2
SF,IF2009,2020-06-10 09:30:11.700,3895.6000,30378,-2,67794540.000,2,0,2,双平,S,3896.8000,3895.4000,3895.2000,3894.6000,3894.0000,3897.0000,3897.4000,3898.6000,3899.0000,3899.4000,1,13,1,1,3,1,1,1,2,1
SF,IF2009,2020-06-10 09:30:12.200,3896.8000,30378,0,68963580.000,1,0,1,多换,S,3895.6000,3895.4000,3895.2000,3894.6000,3894.0000,3896.6000,3896.8000,3897.0000,3898.6000,3899.0000,2,13,1,1,3,3,2,1,1,2
SF,IF2009,2020-06-10 09:30:12.700,3896.8000,30378,0,68963580.000,0,-,-,-,-,3895.8000,3895.6000,3895.4000,3895.2000,3894.6000,3897.0000,3898.6000,3899.0000,3899.4000,3899.8000,2,2,13,1,1,1,1,2,1,2
SF,IF2009,2020-06-10 09:30:13.200,3896.0000,30377,-1,70132380.000,1,0,1,双平,S,3895.8000,3895.6000,3895.4000,3895.2000,3894.6000,3897.0000,3898.6000,3899.0000,3899.4000,3899.8000,1,1,13,1,1,1,1,2,1,2
SF,IF2009,2020-06-10 09:30:13.700,3896.0000,30377,0,70132380.000,0,-,-,-,-,3896.0000,3895.8000,3895.4000,3895.2000,3895.0000,3897.0000,3898.6000,3899.0000,3899.4000,3899.8000,2,2,13,1,1,1,1,2,1,2
SF,IF2009,2020-06-10 09:30:14.200,3896.0000,30377,0,70132380.000,0,-,-,-,-,3896.2000,3896.0000,3895.4000,3895.2000,3895.0000,3897.0000,3898.6000,3899.0000,3899.4000,3899.8000,2,2,13,1,1,1,1,2,1,2
SF,IF2009,2020-06-10 09:30:14.700,3897.0000,30376,-1,71301480.000,1,0,1,双平,S,3897.0000,3896.2000,3896.0000,3895.4000,3895.2000,3898.6000,3899.0000,3899.4000,3899.8000,3900.0000,1,2,2,13,1,1,2,1,2,2
SF,IF2009,2020-06-10 09:30:15.200,3897.0000,30376,0,71301480.000,0,-,-,-,-,3897.0000,3896.2000,3896.0000,3895.4000,3895.2000,3898.4000,3898.6000,3899.0000,3899.4000,3899.8000,1,1,2,13,1,4,1,2,1,2
SF,IF2009,2020-06-10 09:30:15.700,3897.0000,30376,0,72470580.000,1,0,1,多换,S,3897.2000,3896.0000,3895.4000,3895.2000,3895.0000,3898.2000,3898.4000,3898.6000,3899.0000,3899.4000,1,1,13,1,1,1,1,1,2,1
SF,IF2009,2020-06-10 09:30:16.200,3897.0000,30375,-1,73639680.000,1,0,1,双平,S,3896.0000,3895.4000,3895.2000,3895.0000,3894.6000,3897.0000,3897.2000,3898.0000,3898.2000,3898.6000,1,13,1,1,1,2,2,1,3,1
SF,IF2009,2020-06-10 09:30:16.700,3896.0000,30374,-1,74808480.000,1,0,1,双平,S,3895.4000,3895.2000,3895.0000,3894.6000,3894.2000,3896.8000,3897.0000,3897.2000,3898.0000,3898.2000,13,1,1,1,1,2,1,2,1,2
SF,IF2009,2020-06-10 09:30:17.200,3896.0000,30374,0,74808480.000,0,-,-,-,-,3896.0000,3895.4000,3895.2000,3894.6000,3894.2000,3896.8000,3897.2000,3898.0000,3898.2000,3898.6000,2,13,1,1,1,1,2,1,2,1
SF,IF2009,2020-06-10 09:30:17.700,3896.0000,30374,0,75977280.000,1,0,1,多换,S,3896.0000,3895.4000,3895.2000,3894.6000,3894.2000,3896.8000,3897.0000,3897.2000,3898.2000,3898.6000,2,13,1,1,1,1,1,2,2,1
SF,IF2009,2020-06-10 09:30:18.200,3896.0000,30374,0,75977280.000,0,-,-,-,-,3896.0000,3895.4000,3895.2000,3894.6000,3894.2000,3896.8000,3897.0000,3897.2000,3898.2000,3898.6000,1,13,1,1,1,1,1,2,2,1
SF,IF2009,2020-06-10 09:30:18.700,3896.8000,30373,-1,77146320.000,1,0,1,双平,S,3896.2000,3896.0000,3895.4000,3895.2000,3894.6000,3897.0000,3897.2000,3898.2000,3898.6000,3899.0000,1,1,13,1,1,1,2,2,1,2
SF,IF2009,2020-06-10 09:30:19.200,3896.2000,30372,-1,78315180.000,1,0,1,双平,S,3896.0000,3895.4000,3895.2000,3894.6000,3894.2000,3896.8000,3897.0000,3897.2000,3898.2000,3898.6000,1,13,1,1,1,1,2,2,2,1
SF,IF2009,2020-06-10 09:30:19.700,3896.2000,30372,0,78315180.000,0,-,-,-,-,3896.0000,3895.4000,3895.2000,3894.6000,3894.2000,3896.8000,3897.0000,3897.2000,3898.2000,3898.6000,1,13,1,1,1,1,2,2,2,1
SF,IF2009,2020-06-10 09:30:20.200,3896.2000,30372,0,78315180.000,0,-,-,-,-,3895.4000,3895.2000,3894.6000,3894.2000,3894.0000,3896.8000,3897.0000,3897.2000,3898.2000,3898.6000,13,1,1,1,3,3,1,2,2,1
SF,IF2009,2020-06-10 09:30:20.700,3896.2000,30372,0,78315180.000,0,-,-,-,-,3896.0000,3895.6000,3895.4000,3895.2000,3894.6000,3896.6000,3896.8000,3897.0000,3897.2000,3898.2000,3,1,13,1,1,1,2,2,2,2
SF,IF2009,2020-06-10 09:30:21.200,3895.4000,30369,-3,82989840.000,4,0,4,多平,S,3895.4000,3895.2000,3894.6000,3894.2000,3894.0000,3896.4000,3896.6000,3897.0000,3897.2000,3898.2000,10,1,1,1,2,1,2,2,2,2
SF,IF2009,2020-06-10 09:30:21.700,3895.4000,30369,0,82989840.000,0,-,-,-,-,3895.4000,3895.2000,3894.6000,3894.2000,3894.0000,3896.4000,3896.6000,3897.0000,3897.2000,3898.2000,10,1,1,1,2,2,2,2,2,2
SF,IF2009,2020-06-10 09:30:22.200,3895.4000,30368,-1,87664320.000,4,1,3,多平,S,3895.4000,3894.6000,3894.2000,3894.0000,3893.8000,3896.4000,3896.6000,3897.0000,3897.2000,3898.2000,10,1,1,2,2,2,1,2,2,2
SF,IF2009,2020-06-10 09:30:22.700,3895.4000,30368,0,87664320.000,0,-,-,-,-,3895.6000,3895.4000,3894.6000,3894.2000,3894.0000,3896.2000,3896.4000,3896.6000,3897.0000,3897.2000,1,10,1,1,2,2,2,1,2,2
SF,IF2009,2020-06-10 09:30:23.200,3895.4000,30368,0,87664320.000,0,-,-,-,-,3895.4000,3894.6000,3894.2000,3894.0000,3893.8000,3896.0000,3896.2000,3896.6000,3897.0000,3897.2000,10,1,1,2,2,1,1,1,2,2
SF,IF2009,2020-06-10 09:30:23.700,3895.4000,30368,0,90001560.000,2,1,1,多换,S,3895.4000,3894.6000,3894.2000,3894.0000,3893.8000,3896.0000,3896.6000,3897.0000,3897.2000,3898.2000,8,1,1,2,2,1,2,2,2,2
SF,IF2009,2020-06-10 09:30:24.200,3895.4000,30368,0,90001560.000,0,-,-,-,-,3895.4000,3894.6000,3894.2000,3894.0000,3893.8000,3895.8000,3896.0000,3896.6000,3897.0000,3897.2000,8,1,1,2,2,1,2,2,2,2
SF,IF2009,2020-06-10 09:30:24.700,3895.6000,30368,0,93507480.000,3,1,2,多换,S,3895.4000,3894.6000,3894.2000,3894.0000,3893.8000,3896.0000,3896.6000,3897.0000,3897.2000,3898.2000,6,1,1,2,2,1,2,2,2,2
SF,IF2009,2020-06-10 09:30:25.200,3895.4000,30369,1,94676100.000,1,1,0,双开,S,3895.4000,3894.6000,3894.2000,3894.0000,3893.8000,3895.8000,3896.0000,3896.6000,3897.0000,3897.2000,5,1,1,2,2,1,1,2,2,2
SF,IF2009,2020-06-10 09:30:25.700,3895.4000,30369,0,94676100.000,0,-,-,-,-,3895.4000,3894.6000,3894.2000,3894.0000,3893.8000,3895.6000,3895.8000,3896.0000,3896.6000,3897.0000,5,1,1,2,2,1,1,1,2,2
SF,IF2009,2020-06-10 09:30:26.200,3895.4000,30365,-4,100519200.000,5,0,5,多平,S,3894.6000,3894.2000,3894.0000,3893.8000,3891.4000,3895.8000,3896.0000,3896.6000,3897.0000,3897.2000,1,1,2,2,1,1,1,2,2,2
SF,IF2009,2020-06-10 09:30:26.700,3895.4000,30365,0,100519200.000,0,-,-,-,-,3894.6000,3894.2000,3894.0000,3893.8000,3891.4000,3895.2000,3895.6000,3895.8000,3896.0000,3896.6000,1,1,2,2,1,6,1,2,1,2
SF,IF2009,2020-06-10 09:30:27.200,3895.4000,30365,0,100519200.000,0,-,-,-,-,3894.6000,3894.2000,3894.0000,3893.8000,3891.4000,3895.8000,3896.0000,3896.6000,3897.0000,3897.2000,1,1,2,2,1,2,2,2,2,2
SF,IF2009,2020-06-10 09:30:27.700,3895.4000,30364,-1,101687820.000,1,0,1,双平,S,3894.6000,3894.2000,3894.0000,3893.8000,3891.4000,3895.6000,3895.8000,3896.0000,3896.6000,3897.0000,1,1,2,2,1,1,2,2,2,2
SF,IF2009,2020-06-10 09:30:28.200,3894.6000,30364,0,102856200.000,1,0,1,多换,S,3894.2000,3894.0000,3893.8000,3891.4000,3891.2000,3895.4000,3895.6000,3896.0000,3896.6000,3897.0000,1,2,2,1,3,3,1,2,2,2
SF,IF2009,2020-06-10 09:30:28.700,3894.6000,30364,0,102856200.000,0,-,-,-,-,3894.2000,3894.0000,3893.8000,3891.4000,3891.2000,3895.2000,3895.4000,3895.6000,3896.0000,3896.6000,1,2,2,1,3,1,3,2,2,2
SF,IF2009,2020-06-10 09:30:29.200,3894.6000,30364,0,102856200.000,0,-,-,-,-,3894.2000,3894.0000,3893.8000,3891.4000,3891.2000,3895.0000,3895.2000,3895.4000,3895.6000,3896.0000,1,2,2,1,3,2,1,1,2,2
SF,IF2009,2020-06-10 09:30:29.700,3894.2000,30363,-1,104024460.000,1,0,1,双平,S,3894.0000,3893.8000,3891.4000,3891.2000,3890.0000,3895.0000,3895.2000,3895.4000,3895.6000,3896.0000,2,2,1,3,2,2,1,1,1,2
SF,IF2009,2020-06-10 09:30:30.200,3894.2000,30363,0,104024460.000,0,-,-,-,-,3894.0000,3893.8000,3891.4000,3891.2000,3890.0000,3894.8000,3895.0000,3895.4000,3896.0000,3896.6000,2,2,1,3,2,2,2,1,2,2
SF,IF2009,2020-06-10 09:30:30.700,3894.2000,30363,0,104024460.000,0,-,-,-,-,3894.0000,3893.8000,3891.4000,3891.2000,3890.0000,3894.6000,3894.8000,3895.4000,3896.0000,3896.6000,2,2,1,3,2,1,1,1,2,2
SF,IF2009,2020-06-10 09:30:31.200,3894.2000,30363,0,104024460.000,0,-,-,-,-,3894.0000,3893.8000,3891.4000,3891.2000,3890.0000,3894.6000,3894.8000,3895.4000,3896.0000,3896.6000,2,2,1,3,2,2,1,1,2,2
SF,IF2009,2020-06-10 09:30:31.700,3894.0000,30361,-2,107529420.000,3,0,3,多平,S,3894.0000,3893.8000,3891.4000,3891.2000,3890.0000,3895.4000,3896.0000,3896.6000,3897.0000,3897.2000,1,2,1,3,2,1,2,2,2,2
SF,IF2009,2020-06-10 09:30:32.200,3894.0000,30361,0,107529420.000,0,-,-,-,-,3894.0000,3893.8000,3891.4000,3891.2000,3890.0000,3895.2000,3895.4000,3896.0000,3896.6000,3897.0000,1,2,1,3,2,2,2,1,1,2
SF,IF2009,2020-06-10 09:30:32.700,3894.0000,30361,0,108697620.000,1,0,1,多换,S,3894.0000,3893.8000,3891.4000,3891.2000,3890.0000,3895.0000,3895.2000,3895.4000,3896.0000,3896.6000,1,2,1,3,2,1,2,1,1,1
SF,IF2009,2020-06-10 09:30:33.200,3894.0000,30361,0,108697620.000,0,-,-,-,-,3894.0000,3893.8000,3891.4000,3891.2000,3890.0000,3895.2000,3895.4000,3896.0000,3896.6000,3897.0000,3,2,1,3,2,1,1,1,1,2
SF,IF2009,2020-06-10 09:30:33.700,3894.0000,30361,0,109865820.000,1,0,1,多换,S,3894.2000,3894.0000,3893.8000,3891.4000,3891.2000,3895.4000,3896.0000,3896.6000,3897.0000,3897.2000,1,3,2,1,3,1,1,1,2,2
SF,IF2009,2020-06-10 09:30:34.200,3894.0000,30361,0,109865820.000,0,-,-,-,-,3894.2000,3894.0000,3893.8000,3891.4000,3891.2000,3895.4000,3896.0000,3896.6000,3897.0000,3897.2000,2,3,2,1,3,1,1,1,2,2
SF,IF2009,2020-06-10 09:30:34.700,3894.0000,30361,0,109865820.000,0,-,-,-,-,3894.2000,3894.0000,3893.8000,3891.4000,3891.2000,3895.4000,3896.0000,3896.6000,3897.0000,3897.2000,2,2,2,1,3,1,1,1,2,2
SF,IF2009,2020-06-10 09:30:35.200,3895.2000,30360,-1,111034380.000,1,0,1,双平,S,3894.2000,3894.0000,3893.8000,3891.4000,3891.2000,3895.2000,3895.4000,3896.0000,3896.6000,3897.0000,2,2,2,1,3,1,1,1,1,2
SF,IF2009,2020-06-10 09:30:35.700,3895.2000,30360,0,111034380.000,0,-,-,-,-,3894.4000,3894.2000,3894.0000,3893.8000,3891.4000,3895.4000,3896.0000,3896.6000,3897.0000,3897.2000,1,1,2,2,1,1,1,1,2,2
SF,IF2009,2020-06-10 09:30:36.200,3894.2000,30359,-1,112202640.000,1,0,1,双平,S,3894.0000,3893.8000,3891.4000,3891.2000,3890.0000,3895.2000,3895.4000,3896.0000,3896.6000,3897.0000,2,2,1,3,2,1,2,1,1,2
SF,IF2009,2020-06-10 09:30:36.700,3894.2000,30359,0,112202640.000,0,-,-,-,-,3894.0000,3893.8000,3891.4000,3891.2000,3890.0000,3895.0000,3895.2000,3895.4000,3896.0000,3896.6000,2,2,1,3,2,1,2,1,1,1
SF,IF2009,2020-06-10 09:30:37.200,3894.2000,30359,0,112202640.000,0,-,-,-,-,3894.2000,3894.0000,3893.8000,3891.4000,3891.2000,3895.4000,3896.0000,3896.6000,3897.0000,3897.2000,3,2,2,1,3,1,1,1,2,1
SF,IF2009,2020-06-10 09:30:37.700,3894.2000,30357,-2,115707900.000,3,0,3,多平,S,3894.0000,3893.8000,3891.4000,3891.2000,3890.0000,3895.2000,3895.4000,3896.0000,3896.6000,3897.0000,1,2,1,3,2,2,2,1,1,1
SF,IF2009,2020-06-10 09:30:38.200,3895.0000,30357,0,116876400.000,1,0,1,多换,S,3895.0000,3894.0000,3893.8000,3891.4000,3891.2000,3895.2000,3895.4000,3896.0000,3896.6000,3897.0000,5,1,2,1,3,2,1,1,1,1
SF,IF2009,2020-06-10 09:30:38.700,3895.0000,30351,-6,123887460.000,6,0,6,双平,S,3894.0000,3893.8000,3891.4000,3891.2000,3890.0000,3895.4000,3896.0000,3896.6000,3897.0000,3897.2000,2,2,1,3,2,1,1,1,1,1
SF,IF2009,2020-06-10 09:30:39.200,3895.0000,30351,0,123887460.000,0,-,-,-,-,3894.2000,3894.0000,3893.8000,3891.4000,3891.2000,3895.4000,3896.0000,3896.6000,3897.0000,3897.2000,1,1,2,1,3,1,1,1,1,1
SF,IF2009,2020-06-10 09:30:39.700,3895.4000,30351,0,125056080.000,1,0,1,多换,S,3894.2000,3894.0000,3893.8000,3891.4000,3891.2000,3896.0000,3896.6000,3897.0000,3897.2000,3898.2000,1,2,2,1,3,1,1,1,1,2
SF,IF2009,2020-06-10 09:30:40.200,3894.2000,30350,-1,127392600.000,2,0,2,多平,S,3894.0000,3893.8000,3891.4000,3891.2000,3890.0000,3895.8000,3896.0000,3896.6000,3897.0000,3897.2000,2,2,1,3,2,2,2,1,1,1
SF,IF2009,2020-06-10 09:30:40.700,3894.2000,30350,0,127392600.000,0,-,-,-,-,3894.0000,3893.8000,3891.4000,3891.2000,3890.0000,3895.6000,3895.8000,3896.0000,3896.6000,3897.0000,2,2,1,3,2,1,2,3,1,1
SF,IF2009,2020-06-10 09:30:41.200,3894.2000,30350,0,127392600.000,0,-,-,-,-,3894.0000,3893.8000,3891.4000,3891.2000,3890.0000,3895.4000,3895.6000,3896.0000,3896.6000,3897.0000,2,2,1,3,2,2,1,3,1,1
SF,IF2009,2020-06-10 09:30:41.700,3894.2000,30350,0,127392600.000,0,-,-,-,-,3894.0000,3893.8000,3891.4000,3891.2000,3890.0000,3895.4000,3896.0000,3896.6000,3897.0000,3897.2000,2,2,1,3,2,2,2,1,1,1
SF,IF2009,2020-06-10 09:30:42.700,3894.2000,30350,0,127392600.000,0,-,-,-,-,3894.2000,3894.0000,3893.8000,3891.4000,3891.2000,3895.4000,3896.0000,3896.6000,3897.0000,3897.2000,2,2,2,1,3,2,2,1,1,1
SF,IF2009,2020-06-10 09:30:43.200,3894.2000,30350,0,127392600.000,0,-,-,-,-,3894.0000,3893.8000,3891.4000,3891.2000,3890.0000,3894.2000,3895.2000,3895.4000,3896.0000,3896.6000,2,2,1,3,2,1,1,2,2,1
SF,IF2009,2020-06-10 09:30:43.700,3894.2000,30350,0,128560860.000,1,0,1,多换,S,3894.4000,3894.2000,3894.0000,3893.8000,3891.4000,3895.2000,3895.4000,3896.0000,3896.6000,3897.0000,2,1,3,2,1,1,1,2,1,1
SF,IF2009,2020-06-10 09:30:44.200,3894.2000,30349,-1,129729120.000,1,0,1,双平,S,3894.2000,3894.0000,3893.8000,3891.4000,3891.2000,3895.0000,3895.2000,3896.0000,3896.6000,3897.0000,1,2,2,1,3,3,1,2,1,1
SF,IF2009,2020-06-10 09:30:44.700,3894.2000,30349,0,129729120.000,0,-,-,-,-,3894.2000,3894.0000,3893.8000,3891.4000,3891.2000,3895.0000,3895.2000,3896.0000,3896.6000,3897.0000,1,3,2,1,3,3,1,2,1,1
SF,IF2009,2020-06-10 09:30:45.200,3894.2000,30348,-1,130897380.000,1,0,1,双平,S,3894.2000,3894.0000,3893.8000,3891.4000,3891.2000,3895.0000,3896.0000,3896.6000,3897.0000,3897.2000,2,3,2,1,3,3,2,1,1,1
SF,IF2009,2020-06-10 09:30:45.700,3895.0000,30347,-1,134402880.000,3,1,2,多平,S,3895.4000,3894.2000,3894.0000,3893.8000,3893.6000,3896.0000,3896.6000,3897.0000,3897.2000,3898.2000,1,2,3,2,1,2,1,1,1,2
SF,IF2009,2020-06-10 09:30:46.200,3895.0000,30346,-1,135571380.000,1,0,1,双平,S,3895.4000,3894.2000,3894.0000,3893.8000,3893.6000,3895.8000,3896.0000,3896.6000,3897.0000,3897.2000,1,1,3,2,1,1,2,1,1,1
SF,IF2009,2020-06-10 09:30:46.700,3895.0000,30346,0,135571380.000,0,-,-,-,-,3895.4000,3895.0000,3894.0000,3893.8000,3893.6000,3895.8000,3896.0000,3896.6000,3897.0000,3897.2000,1,8,3,2,1,1,2,1,1,1
SF,IF2009,2020-06-10 09:30:47.200,3895.4000,30345,-1,136740000.000,1,0,1,双平,S,3895.0000,3894.0000,3893.8000,3893.6000,3891.4000,3896.0000,3896.6000,3897.0000,3897.2000,3897.6000,8,3,2,1,1,2,1,1,1,1
SF,IF2009,2020-06-10 09:30:47.700,3895.4000,30345,0,136740000.000,0,-,-,-,-,3895.2000,3895.0000,3894.0000,3893.8000,3893.6000,3896.0000,3896.6000,3897.0000,3897.2000,3897.6000,2,8,3,2,1,2,1,1,1,1
SF,IF2009,2020-06-10 09:30:48.200,3895.4000,30345,0,136740000.000,0,-,-,-,-,3895.0000,3894.0000,3893.8000,3893.6000,3893.4000,3896.0000,3896.6000,3897.0000,3897.2000,3897.6000,8,3,2,1,1,2,1,1,1,1
SF,IF2009,2020-06-10 09:30:48.700,3896.0000,30347,2,139077600.000,2,2,0,双开,S,3896.0000,3895.4000,3895.2000,3895.0000,3894.0000,3896.6000,3897.0000,3897.2000,3897.6000,3898.2000,2,2,2,8,3,1,1,1,1,2
SF,IF2009,2020-06-10 09:30:49.200,3896.0000,30346,-1,144921240.000,5,2,3,多平,S,3895.2000,3895.0000,3894.0000,3893.8000,3893.6000,3896.6000,3897.0000,3897.2000,3897.6000,3898.2000,2,8,3,2,1,1,1,1,1,2
SF,IF2009,2020-06-10 09:30:49.700,3896.0000,30346,0,144921240.000,0,-,-,-,-,3895.0000,3894.0000,3893.8000,3893.6000,3893.4000,3896.4000,3896.6000,3897.0000,3897.2000,3897.6000,8,3,2,1,1,2,3,1,1,1
SF,IF2009,2020-06-10 09:30:50.200,3896.0000,30346,0,144921240.000,0,-,-,-,-,3895.0000,3894.0000,3893.8000,3893.6000,3893.4000,3896.2000,3896.4000,3896.6000,3897.0000,3897.2000,8,3,2,1,1,1,2,3,1,1
SF,IF2009,2020-06-10 09:30:50.700,3896.0000,30346,0,144921240.000,0,-,-,-,-,3895.2000,3895.0000,3894.0000,3893.8000,3893.6000,3896.2000,3896.4000,3896.6000,3897.0000,3897.2000,2,8,3,2,1,1,1,1,1,1
SF,IF2009,2020-06-10 09:30:51.200,3896.0000,30346,0,144921240.000,0,-,-,-,-,3895.2000,3895.0000,3894.0000,3893.8000,3893.6000,3896.0000,3896.2000,3896.4000,3896.6000,3897.0000,1,8,3,2,1,1,2,1,1,1
SF,IF2009,2020-06-10 09:30:51.700,3896.0000,30346,0,144921240.000,0,-,-,-,-,3895.2000,3895.0000,3894.0000,3893.8000,3893.6000,3896.2000,3896.4000,3896.6000,3897.0000,3897.2000,2,8,3,2,1,1,1,1,1,1
SF,IF2009,2020-06-10 09:30:52.200,3896.0000,30346,0,144921240.000,0,-,-,-,-,3895.0000,3894.0000,3893.8000,3893.6000,3893.4000,3895.2000,3896.0000,3896.2000,3896.6000,3897.0000,9,4,2,1,1,1,3,1,1,1
SF,IF2009,2020-06-10 09:30:52.700,3895.2000,30345,-1,146089800.000,1,0,1,双平,S,3895.2000,3895.0000,3894.0000,3893.8000,3893.6000,3896.0000,3896.2000,3896.6000,3897.0000,3897.2000,1,9,4,2,1,3,1,1,1,1
SF,IF2009,2020-06-10 09:30:53.200,3895.2000,30345,0,146089800.000,0,-,-,-,-,3895.0000,3894.0000,3893.8000,3893.6000,3893.4000,3895.8000,3896.0000,3896.2000,3896.6000,3897.0000,9,4,2,1,1,1,2,1,1,1
SF,IF2009,2020-06-10 09:30:53.700,3895.2000,30345,0,146089800.000,0,-,-,-,-,3895.0000,3894.0000,3893.8000,3893.6000,3893.4000,3895.8000,3896.0000,3896.2000,3896.6000,3897.0000,9,4,2,1,1,2,1,1,1,1
SF,IF2009,2020-06-10 09:30:54.700,3895.8000,30344,-1,147258540.000,1,0,1,双平,S,3895.0000,3894.0000,3893.8000,3893.6000,3893.4000,3895.8000,3896.0000,3896.2000,3896.6000,3897.0000,9,4,2,1,1,1,1,1,1,1
SF,IF2009,2020-06-10 09:30:55.200,3895.8000,30344,0,147258540.000,0,-,-,-,-,3895.2000,3895.0000,3894.0000,3893.8000,3893.6000,3895.8000,3896.0000,3896.2000,3896.6000,3897.0000,2,9,4,2,1,1,1,1,1,1
SF,IF2009,2020-06-10 09:30:55.700,3895.0000,30347,3,154269660.000,6,4,2,空开,S,3895.0000,3894.0000,3893.8000,3893.6000,3893.4000,3895.8000,3896.0000,3896.2000,3896.6000,3897.0000,5,4,2,1,1,1,1,1,1,1
SF,IF2009,2020-06-10 09:30:56.700,3895.0000,30347,0,154269660.000,0,-,-,-,-,3895.0000,3894.0000,3893.8000,3893.6000,3893.4000,3895.8000,3896.0000,3896.2000,3896.6000,3897.0000,5,4,2,1,1,2,1,1,1,1
SF,IF2009,2020-06-10 09:30:57.200,3895.0000,30347,0,154269660.000,0,-,-,-,-,3895.2000,3895.0000,3894.0000,3893.8000,3893.6000,3895.8000,3896.0000,3896.2000,3896.6000,3897.0000,1,5,4,2,1,2,1,1,1,1
SF,IF2009,2020-06-10 09:30:57.700,3895.0000,30347,0,154269660.000,0,-,-,-,-,3895.2000,3895.0000,3894.0000,3893.8000,3893.6000,3895.6000,3895.8000,3896.0000,3896.2000,3896.6000,1,5,4,2,1,2,2,1,1,1
SF,IF2009,2020-06-10 09:30:58.200,3895.2000,30347,0,155438220.000,1,0,1,多换,S,3895.0000,3894.0000,3893.8000,3893.6000,3893.4000,3895.6000,3895.8000,3896.0000,3896.2000,3896.6000,5,4,2,1,1,2,1,1,1,1
SF,IF2009,2020-06-10 09:30:58.700,3895.0000,30347,0,156606720.000,1,0,1,多换,S,3895.0000,3894.0000,3893.8000,3893.6000,3893.4000,3895.6000,3895.8000,3896.0000,3896.2000,3896.6000,4,4,2,1,1,2,1,1,1,1
SF,IF2009,2020-06-10 09:30:59.200,3895.4000,30346,-1,157775340.000,1,0,1,双平,S,3895.0000,3894.0000,3893.8000,3893.6000,3893.4000,3895.6000,3895.8000,3896.0000,3896.2000,3896.6000,4,4,2,1,1,1,1,1,1,1
SF,IF2009,2020-06-10 09:30:59.700,3895.0000,30346,0,158943840.000,1,0,1,多换,S,3895.0000,3894.0000,3893.8000,3893.6000,3893.4000,3895.6000,3895.8000,3896.0000,3896.2000,3896.6000,3,4,2,1,1,1,1,1,1,1
SF,IF2009,2020-06-10 09:31:00.200,3895.0000,30347,1,162449340.000,3,2,1,空开,S,3894.0000,3893.8000,3893.6000,3893.4000,3893.2000,3894.8000,3895.2000,3895.4000,3895.6000,3895.8000,4,2,1,1,1,6,2,2,3,1
SF,IF2009,2020-06-10 09:31:00.700,3895.0000,30347,0,162449340.000,0,-,-,-,-,3894.2000,3894.0000,3893.8000,3893.6000,3893.4000,3894.6000,3895.4000,3895.6000,3895.8000,3896.2000,1,4,2,1,1,1,1,3,1,1
SF,IF2009,2020-06-10 09:31:01.200,3894.2000,30346,-1,163617600.000,1,0,1,双平,S,3894.0000,3893.8000,3893.6000,3893.4000,3893.2000,3894.6000,3895.4000,3895.6000,3895.8000,3896.2000,4,2,1,1,1,3,1,2,1,1
SF,IF2009,2020-06-10 09:31:01.700,3894.2000,30346,0,163617600.000,0,-,-,-,-,3894.0000,3893.8000,3893.6000,3893.4000,3893.2000,3894.4000,3894.6000,3895.6000,3895.8000,3896.2000,4,2,1,1,1,2,3,2,1,1
SF,IF2009,2020-06-10 09:31:02.200,3894.0000,30346,0,164785800.000,1,0,1,多换,S,3894.0000,3893.8000,3893.6000,3893.4000,3893.2000,3894.4000,3894.6000,3895.6000,3895.8000,3896.2000,3,2,1,1,1,1,1,2,1,1
SF,IF2009,2020-06-10 09:31:02.700,3893.8000,30345,-1,171794820.000,6,2,4,多平,S,3893.6000,3893.4000,3893.2000,3893.0000,3891.4000,3894.2000,3894.4000,3895.6000,3895.8000,3896.2000,1,1,1,1,1,2,1,2,1,1
SF,IF2009,2020-06-10 09:31:03.200,3893.8000,30345,0,171794820.000,0,-,-,-,-,3893.6000,3893.4000,3893.2000,3893.0000,3891.4000,3893.8000,3894.2000,3894.4000,3895.6000,3895.8000,1,1,1,1,1,1,2,1,2,1
SF,IF2009,2020-06-10 09:31:03.700,3893.8000,30345,0,174131040.000,2,1,1,多换,S,3893.4000,3893.2000,3893.0000,3891.4000,3891.2000,3894.4000,3895.0000,3895.6000,3896.2000,3896.6000,1,1,1,1,3,1,2,2,1,1
SF,IF2009,2020-06-10 09:31:04.200,3893.8000,30345,0,174131040.000,0,-,-,-,-,3893.4000,3893.2000,3893.0000,3891.4000,3891.2000,3894.2000,3894.4000,3895.0000,3895.6000,3896.2000,1,1,1,1,3,1,2,2,2,1
SF,IF2009,2020-06-10 09:31:04.700,3893.4000,30345,0,175299060.000,1,0,1,多换,S,3893.2000,3893.0000,3891.4000,3891.2000,3890.0000,3894.0000,3894.2000,3895.0000,3895.6000,3896.2000,1,1,1,3,2,1,1,2,2,1
SF,IF2009,2020-06-10 09:31:05.200,3893.4000,30345,0,175299060.000,0,-,-,-,-,3893.2000,3893.0000,3891.4000,3891.2000,3890.0000,3893.4000,3894.0000,3894.2000,3895.0000,3895.6000,1,1,1,3,2,1,2,1,2,2
SF,IF2009,2020-06-10 09:31:05.700,3893.2000,30345,0,177635040.000,2,1,1,多换,S,3893.0000,3891.4000,3891.2000,3890.0000,3889.0000,3894.0000,3894.2000,3895.0000,3895.6000,3896.2000,1,1,3,2,1,2,1,2,2,1
SF,IF2009,2020-06-10 09:31:06.200,3893.2000,30345,0,177635040.000,0,-,-,-,-,3893.0000,3891.4000,3891.2000,3890.0000,3889.0000,3893.4000,3893.8000,3894.0000,3894.2000,3895.0000,1,1,3,2,1,1,1,2,1,2
SF,IF2009,2020-06-10 09:31:06.700,3893.4000,30344,-1,178803060.000,1,0,1,双平,S,3893.0000,3891.4000,3891.2000,3890.0000,3889.0000,3894.0000,3895.0000,3895.6000,3896.2000,3896.6000,2,1,3,2,1,2,2,2,1,1
SF,IF2009,2020-06-10 09:31:07.200,3893.4000,30344,0,178803060.000,0,-,-,-,-,3893.0000,3891.4000,3891.2000,3890.0000,3889.0000,3893.8000,3894.0000,3895.0000,3895.6000,3896.2000,2,1,3,2,1,1,2,2,2,1
SF,IF2009,2020-06-10 09:31:07.700,3893.4000,30344,0,178803060.000,0,-,-,-,-,3893.0000,3891.4000,3891.2000,3890.0000,3889.0000,3893.8000,3894.0000,3895.0000,3895.6000,3896.2000,1,1,3,2,1,1,2,2,2,1
SF,IF2009,2020-06-10 09:31:08.200,3893.0000,30344,0,179970960.000,1,0,1,多换,S,3892.0000,3891.4000,3891.2000,3890.0000,3889.0000,3893.0000,3893.6000,3893.8000,3894.0000,3895.0000,1,1,3,2,1,1,1,3,1,2
SF,IF2009,2020-06-10 09:31:08.700,3893.0000,30344,0,179970960.000,0,-,-,-,-,3892.2000,3891.4000,3891.2000,3890.0000,3889.0000,3893.0000,3893.6000,3893.8000,3894.0000,3895.0000,1,1,3,2,1,2,1,2,1,2
SF,IF2009,2020-06-10 09:31:09.200,3893.0000,30344,0,181138860.000,1,0,1,多换,S,3891.4000,3891.2000,3890.0000,3889.0000,3888.0000,3893.0000,3893.6000,3893.8000,3894.0000,3895.0000,1,3,2,1,12,2,1,1,1,2
SF,IF2009,2020-06-10 09:31:09.700,3893.0000,30344,0,182306760.000,1,0,1,多换,S,3892.8000,3891.6000,3891.4000,3891.2000,3890.0000,3893.0000,3893.6000,3894.0000,3895.0000,3895.6000,1,3,1,3,2,1,1,1,2,1
SF,IF2009,2020-06-10 09:31:10.200,3893.0000,30344,0,184642500.000,2,1,1,多换,S,3891.6000,3891.4000,3891.2000,3890.0000,3889.0000,3893.6000,3894.0000,3895.0000,3895.6000,3896.2000,1,1,4,2,1,1,1,2,1,1
SF,IF2009,2020-06-10 09:31:10.700,3893.0000,30344,0,184642500.000,0,-,-,-,-,3892.6000,3891.8000,3891.6000,3891.4000,3891.2000,3893.4000,3893.6000,3894.0000,3895.0000,3895.6000,1,3,2,1,4,1,1,1,2,1
SF,IF2009,2020-06-10 09:31:11.200,3892.6000,30345,1,185810280.000,1,1,0,双开,S,3891.8000,3891.6000,3891.4000,3891.2000,3890.0000,3893.2000,3893.6000,3894.0000,3895.0000,3895.6000,1,1,1,3,2,1,2,1,2,1
SF,IF2009,2020-06-10 09:31:11.700,3892.6000,30345,0,185810280.000,0,-,-,-,-,3892.8000,3892.4000,3892.0000,3891.8000,3891.4000,3893.2000,3894.0000,3895.0000,3895.6000,3896.2000,1,1,2,2,1,1,1,2,1,1
SF,IF2009,2020-06-10 09:31:12.200,3892.6000,30345,0,185810280.000,0,-,-,-,-,3892.8000,3892.4000,3892.0000,3891.8000,3891.4000,3893.2000,3894.0000,3895.0000,3895.6000,3896.2000,1,1,1,1,1,2,1,2,1,1
SF,IF2009,2020-06-10 09:31:12.700,3892.6000,30345,0,185810280.000,0,-,-,-,-,3892.8000,3892.4000,3892.2000,3892.0000,3891.8000,3893.2000,3894.0000,3895.0000,3895.6000,3896.2000,1,1,1,1,1,3,1,2,1,1
SF,IF2009,2020-06-10 09:31:13.200,3892.6000,30345,0,185810280.000,0,-,-,-,-,3892.8000,3892.4000,3892.2000,3892.0000,3891.4000,3893.2000,3894.0000,3895.0000,3895.6000,3896.2000,1,1,1,1,1,3,1,2,1,1
SF,IF2009,2020-06-10 09:31:13.700,3892.6000,30345,0,185810280.000,0,-,-,-,-,3892.8000,3892.4000,3892.2000,3891.4000,3891.2000,3893.2000,3894.0000,3895.0000,3895.6000,3896.2000,1,1,1,1,3,2,1,2,1,1
SF,IF2009,2020-06-10 09:31:14.700,3893.2000,30344,-1,188146200.000,2,0,2,多平,S,3893.2000,3892.8000,3892.4000,3892.2000,3892.0000,3894.0000,3895.0000,3895.6000,3896.2000,3896.6000,1,1,1,1,1,1,2,1,1,1
SF,IF2009,2020-06-10 09:31:15.200,3893.2000,30344,0,188146200.000,0,-,-,-,-,3893.2000,3892.8000,3892.4000,3892.2000,3892.0000,3894.0000,3895.0000,3895.6000,3896.2000,3896.6000,2,1,1,1,1,1,2,1,1,1
SF,IF2009,2020-06-10 09:31:15.700,3894.0000,30343,-1,189314400.000,1,0,1,双平,S,3893.4000,3893.2000,3892.8000,3892.4000,3892.2000,3895.0000,3895.6000,3896.2000,3896.6000,3897.6000,1,3,1,1,1,2,1,1,1,1
SF,IF2009,2020-06-10 09:31:16.200,3893.4000,30343,0,190482420.000,1,0,1,多换,S,3893.4000,3893.2000,3892.8000,3892.4000,3892.2000,3894.8000,3895.0000,3895.6000,3896.2000,3896.6000,1,2,1,1,1,2,2,1,1,1
SF,IF2009,2020-06-10 09:31:16.700,3893.4000,30343,0,190482420.000,0,-,-,-,-,3893.4000,3893.2000,3892.8000,3892.4000,3892.2000,3894.8000,3895.0000,3895.6000,3896.2000,3896.6000,2,1,1,1,1,2,2,1,1,1
SF,IF2009,2020-06-10 09:31:17.200,3893.4000,30343,0,190482420.000,0,-,-,-,-,3893.6000,3893.2000,3892.8000,3892.4000,3892.2000,3894.8000,3895.0000,3895.6000,3896.2000,3896.6000,1,1,1,1,1,1,2,1,1,1
SF,IF2009,2020-06-10 09:31:17.700,3893.4000,30343,0,190482420.000,0,-,-,-,-,3893.2000,3892.8000,3892.4000,3892.2000,3892.0000,3894.8000,3895.0000,3895.6000,3896.2000,3896.6000,1,1,1,1,2,1,2,1,1,1
SF,IF2009,2020-06-10 09:31:18.200,3893.4000,30343,0,190482420.000,0,-,-,-,-,3893.2000,3892.8000,3892.4000,3892.2000,3892.0000,3894.6000,3894.8000,3895.0000,3895.6000,3896.2000,1,1,1,1,2,1,1,2,1,1
SF,IF2009,2020-06-10 09:31:18.700,3893.4000,30343,0,190482420.000,0,-,-,-,-,3893.2000,3892.8000,3892.4000,3892.2000,3892.0000,3894.4000,3894.8000,3895.0000,3895.6000,3896.2000,1,1,1,1,2,1,1,2,1,1
SF,IF2009,2020-06-10 09:31:19.200,3894.8000,30343,0,193987440.000,3,1,2,多换,S,3894.8000,3893.2000,3892.8000,3892.4000,3892.2000,3895.0000,3895.6000,3896.2000,3896.6000,3897.6000,3,1,1,1,1,2,1,1,1,1
SF,IF2009,2020-06-10 09:31:19.700,3894.8000,30343,0,197492760.000,3,1,2,多换,S,3893.2000,3892.8000,3892.4000,3892.2000,3892.0000,3894.6000,3894.8000,3895.0000,3896.2000,3896.6000,3,1,1,1,2,1,10,2,1,1
SF,IF2009,2020-06-10 09:31:20.200,3894.8000,30343,0,197492760.000,0,-,-,-,-,3893.4000,3893.2000,3892.8000,3892.4000,3892.2000,3894.6000,3894.8000,3895.0000,3896.2000,3896.6000,2,3,1,1,1,1,2,2,1,1
SF,IF2009,2020-06-10 09:31:20.700,3894.8000,30343,0,197492760.000,0,-,-,-,-,3894.4000,3893.4000,3893.2000,3892.8000,3892.4000,3895.0000,3896.2000,3896.6000,3897.6000,3898.2000,1,2,2,1,1,2,1,1,1,2
SF,IF2009,2020-06-10 09:31:21.200,3894.8000,30343,0,197492760.000,0,-,-,-,-,3894.4000,3893.4000,3893.2000,3892.8000,3892.4000,3894.8000,3895.0000,3896.2000,3896.6000,3897.6000,1,1,1,1,1,1,2,1,1,1
SF,IF2009,2020-06-10 09:31:21.700,3894.4000,30342,-1,198661080.000,1,0,1,双平,S,3893.4000,3893.2000,3892.8000,3892.4000,3892.2000,3895.0000,3896.2000,3896.6000,3897.6000,3898.2000,1,1,1,1,1,2,1,1,1,2
SF,IF2009,2020-06-10 09:31:22.200,3894.4000,30342,0,198661080.000,0,-,-,-,-,3893.6000,3893.4000,3893.2000,3892.8000,3892.4000,3895.0000,3896.2000,3896.6000,3897.6000,3898.2000,2,1,1,1,1,2,1,1,1,2
SF,IF2009,2020-06-10 09:31:22.700,3894.4000,30342,0,198661080.000,0,-,-,-,-,3893.8000,3893.6000,3893.2000,3892.8000,3892.4000,3895.0000,3896.2000,3896.6000,3897.6000,3898.2000,1,2,1,1,1,2,1,1,1,2
SF,IF2009,2020-06-10 09:31:23.200,3895.0000,30341,-1,199829580.000,1,0,1,双平,S,3894.0000,3893.8000,3893.6000,3893.2000,3892.8000,3895.0000,3896.0000,3896.2000,3896.6000,3897.6000,1,1,1,1,1,1,1,1,1,1
SF,IF2009,2020-06-10 09:31:23.700,3895.0000,30341,0,199829580.000,0,-,-,-,-,3894.2000,3893.6000,3893.2000,3892.8000,3892.4000,3895.0000,3896.0000,3896.2000,3896.6000,3897.6000,2,1,1,1,1,1,1,1,1,1
SF,IF2009,2020-06-10 09:31:24.200,3894.4000,30340,-1,202166400.000,2,0,2,多平,S,3894.4000,3894.2000,3894.0000,3893.6000,3893.2000,3896.0000,3896.2000,3896.6000,3897.6000,3898.2000,1,2,2,1,1,1,1,1,1,2
SF,IF2009,2020-06-10 09:31:24.700,3894.4000,30340,0,202166400.000,0,-,-,-,-,3894.6000,3894.4000,3894.0000,3893.6000,3893.2000,3896.0000,3896.2000,3896.6000,3897.6000,3898.2000,2,1,2,1,1,1,1,1,1,2
SF,IF2009,2020-06-10 09:31:25.200,3894.4000,30340,0,202166400.000,0,-,-,-,-,3894.6000,3894.4000,3894.0000,3893.2000,3892.8000,3895.8000,3896.0000,3896.2000,3896.6000,3897.6000,2,1,1,1,1,1,1,1,1,1
SF,IF2009,2020-06-10 09:31:25.700,3894.4000,30340,0,203334720.000,1,0,1,多换,S,3894.6000,3893.2000,3892.8000,3892.4000,3892.2000,3895.8000,3896.0000,3896.2000,3896.6000,3897.6000,1,1,1,1,1,1,2,1,1,1
SF,IF2009,2020-06-10 09:31:26.200,3894.4000,30340,0,203334720.000,0,-,-,-,-,3893.2000,3892.8000,3892.4000,3892.2000,3892.0000,3895.8000,3896.0000,3896.2000,3896.6000,3897.6000,1,1,1,1,2,1,1,1,1,1
SF,IF2009,2020-06-10 09:31:26.700,3894.4000,30340,0,203334720.000,0,-,-,-,-,3894.6000,3893.4000,3893.2000,3893.0000,3892.8000,3895.6000,3895.8000,3896.0000,3896.2000,3896.6000,1,3,1,3,1,2,1,1,1,1
SF,IF2009,2020-06-10 09:31:27.200,3894.4000,30340,0,203334720.000,0,-,-,-,-,3894.6000,3893.4000,3893.2000,3893.0000,3892.8000,3895.8000,3896.0000,3896.2000,3896.6000,3897.6000,2,1,2,3,1,1,1,1,1,1
SF,IF2009,2020-06-10 09:31:27.700,3894.4000,30340,0,203334720.000,0,-,-,-,-,3894.8000,3894.6000,3894.0000,3893.2000,3893.0000,3895.8000,3896.0000,3896.2000,3896.6000,3897.6000,1,2,1,2,3,1,1,1,1,1
SF,IF2009,2020-06-10 09:31:28.200,3894.4000,30340,0,203334720.000,0,-,-,-,-,3894.8000,3894.6000,3894.0000,3893.2000,3893.0000,3896.0000,3896.2000,3896.6000,3897.6000,3898.2000,1,2,1,1,3,1,1,1,1,2
SF,IF2009,2020-06-10 09:31:28.700,3894.4000,30340,0,203334720.000,0,-,-,-,-,3894.8000,3894.6000,3894.0000,3893.2000,3893.0000,3896.0000,3896.2000,3896.6000,3897.6000,3898.2000,1,1,1,1,3,1,1,1,1,2
SF,IF2009,2020-06-10 09:31:29.200,3894.4000,30340,0,203334720.000,0,-,-,-,-,3894.8000,3894.6000,3894.0000,3893.2000,3893.0000,3896.0000,3896.2000,3896.6000,3897.6000,3898.2000,1,1,1,1,3,1,1,1,1,2
SF,IF2009,2020-06-10 09:31:29.700,3894.4000,30340,0,203334720.000,0,-,-,-,-,3894.8000,3894.6000,3894.0000,3893.2000,3893.0000,3896.0000,3896.2000,3896.6000,3897.6000,3898.2000,1,1,1,1,3,1,1,1,1,2
SF,IF2009,2020-06-10 09:31:30.200,3896.0000,30340,0,204503520.000,1,0,1,多换,S,3894.8000,3894.6000,3894.0000,3893.2000,3893.0000,3896.2000,3896.6000,3897.6000,3898.2000,3898.6000,4,1,1,1,3,1,1,1,2,2
SF,IF2009,2020-06-10 09:31:30.700,3896.0000,30340,0,204503520.000,0,-,-,-,-,3894.8000,3894.6000,3894.0000,3893.2000,3893.0000,3896.0000,3896.2000,3896.6000,3897.6000,3898.2000,1,1,1,1,3,1,1,1,1,2
SF,IF2009,2020-06-10 09:31:31.200,3894.8000,30339,-1,205671960.000,1,0,1,双平,S,3894.6000,3894.0000,3893.2000,3893.0000,3892.4000,3896.0000,3896.2000,3896.6000,3897.6000,3898.2000,1,1,1,3,1,3,3,1,1,2
SF,IF2009,2020-06-10 09:31:31.700,3895.8000,30339,0,206840700.000,1,0,1,多换,S,3894.6000,3894.0000,3893.2000,3893.0000,3892.4000,3895.8000,3896.0000,3896.2000,3896.6000,3897.6000,1,1,1,2,1,2,4,1,1,1
SF,IF2009,2020-06-10 09:31:32.200,3894.6000,30339,0,208009080.000,1,0,1,多换,S,3894.0000,3893.2000,3893.0000,3892.4000,3892.2000,3895.6000,3895.8000,3896.0000,3896.2000,3896.6000,1,1,2,1,1,2,4,2,1,1
SF,IF2009,2020-06-10 09:31:32.700,3894.6000,30339,0,208009080.000,0,-,-,-,-,3894.2000,3894.0000,3893.2000,3893.0000,3892.4000,3895.6000,3895.8000,3896.0000,3896.2000,3896.6000,1,1,1,2,1,3,4,2,1,1
SF,IF2009,2020-06-10 09:31:33.200,3894.6000,30339,0,208009080.000,0,-,-,-,-,3894.4000,3894.0000,3893.2000,3893.0000,3892.4000,3894.6000,3895.6000,3895.8000,3896.0000,3896.2000,2,1,1,2,1,1,3,2,1,1
SF,IF2009,2020-06-10 09:31:33.700,3894.6000,30338,-1,210345840.000,2,0,2,多平,S,3894.6000,3894.4000,3894.0000,3893.2000,3893.0000,3895.6000,3895.8000,3896.2000,3896.6000,3897.6000,1,2,1,1,2,2,2,1,1,1
SF,IF2009,2020-06-10 09:31:34.200,3894.6000,30338,0,210345840.000,0,-,-,-,-,3894.6000,3894.0000,3893.2000,3893.0000,3892.4000,3895.6000,3895.8000,3896.2000,3896.6000,3896.8000,1,1,1,2,1,2,2,1,1,1
SF,IF2009,2020-06-10 09:31:34.700,3894.6000,30338,0,210345840.000,0,-,-,-,-,3894.6000,3894.0000,3893.2000,3893.0000,3892.4000,3895.6000,3895.8000,3896.2000,3896.6000,3896.8000,1,1,1,2,1,2,1,1,1,1
SF,IF2009,2020-06-10 09:31:35.700,3894.6000,30338,0,210345840.000,0,-,-,-,-,3894.6000,3894.0000,3893.2000,3893.0000,3892.4000,3895.6000,3895.8000,3896.2000,3896.6000,3896.8000,1,1,1,2,1,2,1,1,1,1
SF,IF2009,2020-06-10 09:31:36.200,3895.4000,30337,-1,211514460.000,1,0,1,双平,S,3894.6000,3894.0000,3893.2000,3893.0000,3892.4000,3895.4000,3895.6000,3895.8000,3896.2000,3896.6000,1,1,1,2,1,1,2,1,1,1
SF,IF2009,2020-06-10 09:31:36.700,3894.6000,30337,0,212682840.000,1,0,1,多换,S,3894.0000,3893.2000,3893.0000,3892.4000,3892.2000,3895.4000,3895.6000,3895.8000,3896.2000,3896.6000,1,1,2,1,1,1,2,1,1,1
SF,IF2009,2020-06-10 09:31:37.200,3894.6000,30337,0,212682840.000,0,-,-,-,-,3894.2000,3894.0000,3893.2000,3893.0000,3892.4000,3895.2000,3895.4000,3895.6000,3895.8000,3896.2000,1,1,1,2,1,1,2,2,1,1
SF,IF2009,2020-06-10 09:31:37.700,3894.6000,30337,0,212682840.000,0,-,-,-,-,3894.4000,3894.0000,3893.2000,3893.0000,3892.4000,3895.2000,3895.6000,3895.8000,3896.2000,3896.6000,1,2,1,2,1,1,2,1,1,1
SF,IF2009,2020-06-10 09:31:38.200,3894.6000,30337,0,212682840.000,0,-,-,-,-,3894.0000,3893.2000,3893.0000,3892.4000,3892.2000,3895.0000,3895.2000,3895.6000,3895.8000,3896.2000,1,1,2,1,1,1,3,2,1,1
SF,IF2009,2020-06-10 09:31:38.700,3894.6000,30337,0,212682840.000,0,-,-,-,-,3894.2000,3894.0000,3893.2000,3893.0000,3892.4000,3894.8000,3895.2000,3895.6000,3895.8000,3896.2000,1,1,1,2,1,1,2,2,1,1
SF,IF2009,2020-06-10 09:31:39.200,3894.6000,30337,0,212682840.000,0,-,-,-,-,3894.0000,3893.2000,3893.0000,3892.4000,3892.2000,3894.8000,3895.2000,3895.6000,3895.8000,3896.2000,2,1,2,1,1,1,1,2,1,1
SF,IF2009,2020-06-10 09:31:39.700,3894.8000,30336,-1,213851280.000,1,0,1,双平,S,3894.2000,3894.0000,3893.2000,3893.0000,3892.4000,3895.6000,3895.8000,3896.2000,3896.6000,3896.8000,1,2,1,2,1,2,1,1,1,1
SF,IF2009,2020-06-10 09:31:40.200,3894.8000,30336,0,213851280.000,0,-,-,-,-,3894.4000,3894.0000,3893.2000,3893.0000,3892.4000,3895.6000,3896.2000,3896.6000,3896.8000,3897.6000,2,1,1,2,1,2,1,1,1,1
SF,IF2009,2020-06-10 09:31:40.700,3894.8000,30336,0,213851280.000,0,-,-,-,-,3894.8000,3894.6000,3894.4000,3894.2000,3894.0000,3895.6000,3896.2000,3896.6000,3896.8000,3897.6000,1,1,2,2,1,2,1,1,1,1
SF,IF2009,2020-06-10 09:31:41.200,3894.8000,30336,0,213851280.000,0,-,-,-,-,3894.8000,3894.6000,3894.4000,3894.2000,3894.0000,3895.6000,3896.2000,3896.6000,3896.8000,3897.6000,1,2,1,1,1,3,1,1,1,1
SF,IF2009,2020-06-10 09:31:41.700,3894.8000,30336,0,213851280.000,0,-,-,-,-,3894.8000,3894.6000,3894.4000,3894.2000,3894.0000,3895.6000,3896.2000,3896.6000,3896.8000,3897.6000,1,1,1,1,1,3,1,1,1,1
SF,IF2009,2020-06-10 09:31:42.200,3895.4000,30336,0,215019900.000,1,0,1,多换,S,3894.8000,3894.0000,3893.6000,3893.2000,3893.0000,3895.4000,3895.6000,3896.2000,3896.6000,3896.8000,1,1,1,1,2,2,2,1,1,1
SF,IF2009,2020-06-10 09:31:42.700,3895.4000,30336,0,215019900.000,0,-,-,-,-,3894.8000,3894.0000,3893.6000,3893.2000,3893.0000,3895.6000,3896.2000,3896.6000,3896.8000,3897.6000,3,1,1,1,2,2,1,1,1,1
SF,IF2009,2020-06-10 09:31:43.200,3895.4000,30336,0,215019900.000,0,-,-,-,-,3895.0000,3894.8000,3894.0000,3893.6000,3893.2000,3895.6000,3896.2000,3896.6000,3896.8000,3897.6000,3,3,1,1,1,2,1,1,1,1
SF,IF2009,2020-06-10 09:31:43.700,3895.0000,30336,0,216188400.000,1,0,1,多换,S,3894.8000,3894.0000,3893.6000,3893.2000,3893.0000,3895.6000,3896.2000,3896.6000,3896.8000,3897.6000,2,1,1,1,2,2,1,1,1,1
SF,IF2009,2020-06-10 09:31:44.200,3895.0000,30336,0,217356900.000,1,0,1,多换,S,3894.8000,3894.0000,3893.6000,3893.2000,3893.0000,3895.6000,3896.2000,3896.6000,3896.8000,3897.6000,1,1,1,1,2,2,1,1,1,1
SF,IF2009,2020-06-10 09:31:44.700,3895.0000,30336,0,217356900.000,0,-,-,-,-,3894.8000,3894.0000,3893.6000,3893.2000,3893.0000,3895.6000,3896.2000,3896.6000,3896.8000,3897.6000,1,1,1,1,2,2,1,1,2,1
SF,IF2009,2020-06-10 09:31:45.200,3894.8000,30336,0,218525340.000,1,0,1,多换,S,3894.0000,3893.6000,3893.2000,3893.0000,3892.4000,3895.6000,3896.2000,3896.6000,3896.8000,3897.6000,1,1,1,2,1,2,1,1,2,1
SF,IF2009,2020-06-10 09:31:45.700,3894.8000,30336,0,218525340.000,0,-,-,-,-,3894.2000,3894.0000,3893.6000,3893.2000,3893.0000,3895.6000,3896.2000,3896.6000,3896.8000,3897.6000,2,1,1,1,2,2,1,1,2,1
SF,IF2009,2020-06-10 09:31:46.200,3894.8000,30336,0,218525340.000,0,-,-,-,-,3894.2000,3894.0000,3893.6000,3893.2000,3893.0000,3895.4000,3895.6000,3896.2000,3896.6000,3896.8000,2,1,1,1,2,1,2,1,1,2
SF,IF2009,2020-06-10 09:31:47.700,3894.8000,30336,0,218525340.000,0,-,-,-,-,3894.4000,3894.2000,3894.0000,3893.6000,3893.2000,3895.4000,3895.6000,3896.2000,3896.6000,3896.8000,1,2,1,1,1,1,2,1,1,2
SF,IF2009,2020-06-10 09:31:48.200,3894.8000,30336,0,218525340.000,0,-,-,-,-,3894.6000,3894.4000,3894.0000,3893.6000,3893.2000,3895.6000,3896.2000,3896.6000,3896.8000,3897.6000,2,1,1,1,1,2,1,1,2,1
SF,IF2009,2020-06-10 09:31:48.700,3894.8000,30336,0,218525340.000,0,-,-,-,-,3894.6000,3894.0000,3893.6000,3893.2000,3893.0000,3895.4000,3895.6000,3896.2000,3896.6000,3896.8000,1,1,1,1,2,1,2,1,1,2
SF,IF2009,2020-06-10 09:31:49.200,3894.8000,30336,0,218525340.000,0,-,-,-,-,3894.8000,3894.0000,3893.6000,3893.2000,3893.0000,3895.6000,3896.2000,3896.6000,3896.8000,3897.6000,1,1,1,1,2,2,1,1,2,1
SF,IF2009,2020-06-10 09:31:49.700,3895.6000,30335,-1,219694020.000,1,0,1,双平,S,3894.0000,3893.6000,3893.2000,3893.0000,3892.4000,3895.6000,3896.2000,3896.6000,3896.8000,3897.6000,1,1,1,2,1,1,1,1,2,1
SF,IF2009,2020-06-10 09:31:50.200,3895.6000,30335,0,219694020.000,0,-,-,-,-,3894.2000,3894.0000,3893.6000,3893.2000,3893.0000,3895.6000,3896.2000,3896.6000,3896.8000,3897.6000,2,1,1,1,2,1,1,1,2,1
SF,IF2009,2020-06-10 09:31:50.700,3894.2000,30334,-1,222030540.000,2,0,2,多平,S,3894.4000,3894.0000,3893.6000,3893.2000,3893.0000,3895.4000,3895.6000,3896.2000,3896.6000,3896.8000,1,1,1,1,2,1,1,1,1,2
SF,IF2009,2020-06-10 09:31:51.200,3894.2000,30334,0,222030540.000,0,-,-,-,-,3894.0000,3893.6000,3893.2000,3893.0000,3892.4000,3895.4000,3895.6000,3896.2000,3896.6000,3896.8000,1,1,1,2,1,1,1,1,1,2
SF,IF2009,2020-06-10 09:31:51.700,3894.2000,30334,0,222030540.000,0,-,-,-,-,3894.0000,3893.6000,3893.2000,3893.0000,3892.4000,3895.4000,3895.6000,3896.2000,3896.6000,3896.8000,1,1,1,2,1,4,1,1,1,2
SF,IF2009,2020-06-10 09:31:52.200,3894.2000,30334,0,222030540.000,0,-,-,-,-,3894.0000,3893.6000,3893.2000,3893.0000,3892.4000,3895.4000,3895.6000,3896.2000,3896.6000,3896.8000,1,1,1,2,1,2,1,1,1,2
SF,IF2009,2020-06-10 09:31:52.700,3894.2000,30334,0,222030540.000,0,-,-,-,-,3894.0000,3893.6000,3893.2000,3893.0000,3892.4000,3895.2000,3895.4000,3895.6000,3896.2000,3896.6000,1,1,1,2,1,1,2,1,1,1
SF,IF2009,2020-06-10 09:31:53.200,3894.2000,30334,0,222030540.000,0,-,-,-,-,3894.0000,3893.6000,3893.2000,3893.0000,3892.4000,3895.0000,3895.6000,3896.0000,3896.2000,3896.6000,1,1,1,2,1,1,1,1,1,1
SF,IF2009,2020-06-10 09:31:53.700,3894.2000,30334,0,222030540.000,0,-,-,-,-,3894.0000,3893.6000,3893.2000,3893.0000,3892.4000,3895.0000,3895.2000,3895.6000,3896.0000,3896.2000,1,1,1,2,1,2,2,1,1,1
SF,IF2009,2020-06-10 09:31:54.200,3894.2000,30334,0,222030540.000,0,-,-,-,-,3894.0000,3893.6000,3893.2000,3893.0000,3892.4000,3895.0000,3895.6000,3896.0000,3896.2000,3896.6000,1,1,1,2,1,1,1,1,1,1
SF,IF2009,2020-06-10 09:31:55.200,3894.2000,30334,0,222030540.000,0,-,-,-,-,3894.0000,3893.6000,3893.2000,3893.0000,3892.4000,3895.0000,3895.6000,3896.0000,3896.2000,3896.6000,2,1,1,2,1,1,1,1,1,1
SF,IF2009,2020-06-10 09:31:55.700,3894.2000,30334,0,222030540.000,0,-,-,-,-,3894.0000,3893.6000,3893.2000,3893.0000,3892.4000,3894.8000,3895.0000,3895.6000,3896.0000,3896.2000,2,1,1,1,1,1,1,1,1,1
SF,IF2009,2020-06-10 09:31:56.200,3894.0000,30334,0,223198740.000,1,0,1,多换,S,3894.0000,3893.6000,3893.2000,3892.4000,3892.2000,3894.6000,3895.6000,3896.0000,3896.2000,3896.6000,1,1,1,1,1,3,2,1,1,1
SF,IF2009,2020-06-10 09:31:56.700,3894.6000,30332,-2,225535500.000,2,0,2,双平,S,3894.0000,3893.6000,3893.2000,3892.4000,3892.2000,3894.6000,3895.6000,3896.0000,3896.2000,3896.6000,1,1,1,1,1,1,2,1,1,1
SF,IF2009,2020-06-10 09:31:57.200,3894.6000,30332,0,225535500.000,0,-,-,-,-,3894.0000,3893.6000,3893.2000,3892.4000,3892.2000,3895.6000,3896.0000,3896.2000,3896.6000,3896.8000,1,1,1,1,1,2,1,1,1,2
SF,IF2009,2020-06-10 09:31:57.700,3894.0000,30331,-1,226703700.000,1,0,1,双平,S,3893.6000,3893.2000,3892.4000,3892.2000,3892.0000,3895.2000,3895.4000,3895.6000,3896.0000,3896.2000,1,1,1,1,1,1,4,2,1,1
SF,IF2009,2020-06-10 09:31:58.200,3894.0000,30331,0,226703700.000,0,-,-,-,-,3893.8000,3893.6000,3893.2000,3892.4000,3892.2000,3895.0000,3895.2000,3895.4000,3895.6000,3896.0000,1,1,1,1,1,1,2,5,2,1
SF,IF2009,2020-06-10 09:31:58.700,3894.0000,30331,0,226703700.000,0,-,-,-,-,3893.8000,3893.6000,3893.2000,3892.4000,3892.2000,3894.8000,3895.4000,3895.6000,3896.0000,3896.2000,2,1,1,1,1,1,3,2,1,1
SF,IF2009,2020-06-10 09:31:59.200,3893.8000,30331,0,227871840.000,1,0,1,多换,S,3893.8000,3893.6000,3893.2000,3892.4000,3892.2000,3894.8000,3895.4000,3895.6000,3896.0000,3896.2000,1,1,1,1,1,1,3,2,1,1
SF,IF2009,2020-06-10 09:31:59.700,3893.8000,30330,-1,229039980.000,1,0,1,双平,S,3893.6000,3893.2000,3892.4000,3892.2000,3892.0000,3893.8000,3894.8000,3895.4000,3895.6000,3896.0000,1,1,1,1,1,3,1,3,2,1
SF,IF2009,2020-06-10 09:32:00.200,3893.8000,30326,-4,233712540.000,4,0,4,双平,S,3893.8000,3893.6000,3893.2000,3892.4000,3892.2000,3894.8000,3895.4000,3895.6000,3896.0000,3896.2000,1,1,1,1,1,1,2,2,1,1
SF,IF2009,2020-06-10 09:32:00.700,3894.6000,30325,-1,234880920.000,1,0,1,双平,S,3893.8000,3893.6000,3893.2000,3892.4000,3892.2000,3894.6000,3894.8000,3895.4000,3895.6000,3896.0000,1,1,1,1,1,1,2,2,2,1
SF,IF2009,2020-06-10 09:32:01.200,3893.8000,30324,-1,236049060.000,1,0,1,双平,S,3893.6000,3893.2000,3892.4000,3892.2000,3892.0000,3893.8000,3894.4000,3894.6000,3894.8000,3895.4000,1,1,1,1,1,1,2,1,1,2
SF,IF2009,2020-06-10 09:32:01.700,3893.6000,30323,-1,237217140.000,1,0,1,双平,S,3893.2000,3892.4000,3892.2000,3892.0000,3891.8000,3893.6000,3894.4000,3894.6000,3894.8000,3895.4000,1,1,1,1,1,1,1,2,1,2
SF,IF2009,2020-06-10 09:32:02.200,3893.6000,30323,0,237217140.000,0,-,-,-,-,3893.2000,3892.4000,3892.2000,3892.0000,3891.8000,3894.4000,3894.6000,3895.4000,3895.6000,3896.0000,1,1,1,1,1,1,2,2,2,1
SF,IF2009,2020-06-10 09:32:02.700,3893.6000,30323,0,237217140.000,0,-,-,-,-,3894.0000,3893.8000,3893.2000,3892.4000,3892.2000,3894.2000,3894.4000,3894.6000,3895.4000,3895.6000,6,1,1,1,1,2,1,1,2,2
SF,IF2009,2020-06-10 09:32:03.200,3893.8000,30322,-1,245394480.000,7,3,4,多平,S,3893.2000,3892.4000,3892.2000,3892.0000,3891.8000,3893.8000,3894.0000,3894.2000,3895.4000,3895.6000,1,1,1,1,1,1,9,1,2,2
SF,IF2009,2020-06-10 09:32:03.700,3893.2000,30322,0,246562440.000,1,0,1,多换,S,3892.4000,3892.2000,3892.0000,3891.8000,3891.6000,3893.2000,3894.0000,3895.4000,3895.6000,3896.0000,1,1,1,1,1,1,4,2,2,1
SF,IF2009,2020-06-10 09:32:04.200,3893.2000,30322,0,246562440.000,0,-,-,-,-,3892.4000,3892.2000,3892.0000,3891.8000,3891.6000,3893.2000,3894.0000,3895.4000,3895.6000,3896.0000,1,1,1,1,1,1,2,2,2,1
SF,IF2009,2020-06-10 09:32:04.700,3893.2000,30321,-1,247730400.000,1,0,1,双平,S,3892.4000,3892.2000,3892.0000,3891.8000,3891.6000,3894.0000,3895.4000,3895.6000,3896.0000,3896.2000,1,1,1,1,1,2,2,2,1,1
SF,IF2009,2020-06-10 09:32:05.200,3893.2000,30321,0,247730400.000,0,-,-,-,-,3892.4000,3892.2000,3892.0000,3891.8000,3891.6000,3893.2000,3893.8000,3894.0000,3895.4000,3895.6000,1,1,1,1,1,1,1,2,2,2
SF,IF2009,2020-06-10 09:32:05.700,3893.2000,30321,0,247730400.000,0,-,-,-,-,3892.4000,3892.2000,3892.0000,3891.8000,3891.6000,3893.2000,3893.8000,3894.0000,3895.4000,3895.6000,1,1,1,1,1,2,3,2,2,2
SF,IF2009,2020-06-10 09:32:06.200,3893.2000,30321,0,247730400.000,0,-,-,-,-,3892.4000,3892.2000,3892.0000,3891.8000,3891.6000,3893.2000,3893.8000,3894.0000,3895.4000,3895.6000,1,1,1,1,1,1,2,2,2,2
SF,IF2009,2020-06-10 09:32:07.200,3893.2000,30321,0,247730400.000,0,-,-,-,-,3892.4000,3892.2000,3892.0000,3891.8000,3891.6000,3893.2000,3893.8000,3894.0000,3895.4000,3895.6000,1,1,1,1,1,1,2,2,2,2
SF,IF2009,2020-06-10 09:32:07.700,3893.2000,30321,0,248898360.000,1,0,1,多换,S,3892.4000,3892.2000,3892.0000,3891.8000,3891.6000,3893.8000,3894.0000,3895.4000,3895.6000,3896.0000,1,1,1,1,1,1,2,2,2,1
SF,IF2009,2020-06-10 09:32:08.200,3893.2000,30321,0,248898360.000,0,-,-,-,-,3892.4000,3892.2000,3892.0000,3891.8000,3891.6000,3893.6000,3893.8000,3894.0000,3895.4000,3895.6000,1,1,1,1,1,1,1,2,2,2
SF,IF2009,2020-06-10 09:32:08.700,3893.2000,30321,0,248898360.000,0,-,-,-,-,3892.4000,3892.2000,3892.0000,3891.8000,3891.6000,3893.4000,3893.6000,3894.0000,3895.4000,3895.6000,1,1,1,1,1,1,1,2,2,2
SF,IF2009,2020-06-10 09:32:09.700,3892.6000,30321,0,250066140.000,1,0,1,多换,S,3892.4000,3892.2000,3892.0000,3891.8000,3891.6000,3893.4000,3894.0000,3895.4000,3895.6000,3896.0000,3,1,1,1,1,1,2,2,2,1
SF,IF2009,2020-06-10 09:32:10.700,3893.4000,30320,-1,251234160.000,1,0,1,双平,S,3892.6000,3892.4000,3892.2000,3892.0000,3891.8000,3894.0000,3895.4000,3895.6000,3896.0000,3896.2000,2,3,1,1,1,2,2,2,1,1
SF,IF2009,2020-06-10 09:32:11.200,3893.4000,30320,0,251234160.000,0,-,-,-,-,3892.8000,3892.6000,3892.4000,3892.2000,3892.0000,3894.0000,3895.4000,3895.6000,3896.0000,3896.2000,2,4,1,1,1,2,2,2,1,1
SF,IF2009,2020-06-10 09:32:11.700,3893.4000,30320,0,251234160.000,0,-,-,-,-,3893.0000,3892.8000,3892.6000,3892.4000,3892.2000,3894.0000,3895.4000,3895.6000,3896.0000,3896.2000,1,1,4,1,1,2,2,2,1,1
SF,IF2009,2020-06-10 09:32:12.200,3893.4000,30320,0,251234160.000,0,-,-,-,-,3892.8000,3892.6000,3892.4000,3892.2000,3892.0000,3894.0000,3895.4000,3895.6000,3896.0000,3896.2000,1,3,1,1,1,2,2,2,1,1
SF,IF2009,2020-06-10 09:32:12.700,3893.4000,30320,0,251234160.000,0,-,-,-,-,3893.2000,3893.0000,3892.8000,3892.6000,3892.4000,3894.0000,3895.4000,3895.6000,3896.0000,3896.2000,1,1,2,2,1,2,2,2,1,1
SF,IF2009,2020-06-10 09:32:13.200,3893.4000,30320,0,251234160.000,0,-,-,-,-,3893.2000,3893.0000,3892.8000,3892.6000,3892.4000,3894.0000,3895.4000,3895.6000,3896.0000,3896.2000,1,1,2,1,1,1,2,2,1,1
SF,IF2009,2020-06-10 09:32:13.700,3893.4000,30320,0,251234160.000,0,-,-,-,-,3892.8000,3892.6000,3892.4000,3892.2000,3892.0000,3893.6000,3894.0000,3895.4000,3895.6000,3896.0000,1,1,1,1,1,1,1,2,2,1
SF,IF2009,2020-06-10 09:32:14.200,3893.4000,30320,0,251234160.000,0,-,-,-,-,3892.8000,3892.6000,3892.4000,3892.2000,3892.0000,3893.6000,3894.0000,3894.8000,3895.4000,3895.6000,1,1,1,1,1,1,1,1,2,2
SF,IF2009,2020-06-10 09:32:14.700,3893.4000,30320,0,251234160.000,0,-,-,-,-,3893.0000,3892.8000,3892.6000,3892.4000,3892.2000,3893.6000,3894.0000,3894.8000,3895.4000,3895.6000,1,1,1,1,1,1,1,1,2,2
SF,IF2009,2020-06-10 09:32:15.200,3893.6000,30319,-1,252402240.000,1,0,1,双平,S,3893.0000,3892.8000,3892.6000,3892.4000,3892.2000,3894.0000,3894.8000,3895.4000,3895.6000,3896.0000,1,1,1,1,1,1,1,2,2,1
SF,IF2009,2020-06-10 09:32:15.700,3893.6000,30319,0,252402240.000,0,-,-,-,-,3893.0000,3892.8000,3892.6000,3892.4000,3892.2000,3893.8000,3894.0000,3894.8000,3895.4000,3895.6000,1,1,1,1,1,2,3,1,2,2
SF,IF2009,2020-06-10 09:32:16.200,3893.6000,30319,0,252402240.000,0,-,-,-,-,3893.4000,3893.0000,3892.8000,3892.6000,3892.4000,3893.8000,3894.0000,3894.8000,3895.4000,3895.6000,1,1,1,1,1,2,3,1,2,2
SF,IF2009,2020-06-10 09:32:17.700,3893.4000,30319,0,253570260.000,1,0,1,多换,S,3893.0000,3892.8000,3892.6000,3892.4000,3892.2000,3893.8000,3894.0000,3894.8000,3895.4000,3895.6000,1,1,1,1,1,2,3,1,2,2
SF,IF2009,2020-06-10 09:32:18.200,3893.4000,30319,0,253570260.000,0,-,-,-,-,3892.8000,3892.6000,3892.4000,3892.2000,3892.0000,3893.8000,3894.0000,3894.8000,3895.4000,3895.6000,1,1,1,1,1,2,2,1,2,2
SF,IF2009,2020-06-10 09:32:18.700,3893.8000,30319,0,254738400.000,1,0,1,多换,S,3892.8000,3892.6000,3892.4000,3892.2000,3892.0000,3893.8000,3894.0000,3894.8000,3895.4000,3895.6000,1,1,1,1,1,1,2,1,2,2
SF,IF2009,2020-06-10 09:32:19.200,3893.8000,30319,0,254738400.000,0,-,-,-,-,3893.8000,3893.0000,3892.8000,3892.6000,3892.4000,3894.0000,3894.8000,3895.4000,3895.6000,3896.2000,1,4,1,1,1,2,1,2,2,1
SF,IF2009,2020-06-10 09:32:19.700,3894.0000,30318,-1,257074800.000,2,0,2,多平,S,3893.0000,3892.8000,3892.6000,3892.4000,3892.2000,3894.8000,3895.4000,3895.6000,3896.2000,3896.6000,3,1,1,1,1,1,2,2,1,1
SF,IF2009,2020-06-10 09:32:20.200,3894.0000,30318,0,257074800.000,0,-,-,-,-,3893.2000,3893.0000,3892.6000,3892.4000,3892.2000,3894.6000,3894.8000,3895.4000,3895.6000,3896.2000,1,3,1,1,1,2,1,2,2,1
SF,IF2009,2020-06-10 09:32:20.700,3894.0000,30318,0,257074800.000,0,-,-,-,-,3893.4000,3893.2000,3893.0000,3892.6000,3892.4000,3894.6000,3894.8000,3895.4000,3895.6000,3896.2000,1,2,3,1,1,2,1,2,2,1
SF,IF2009,2020-06-10 09:32:21.200,3894.0000,30318,0,257074800.000,0,-,-,-,-,3893.4000,3893.2000,3893.0000,3892.6000,3892.4000,3894.6000,3894.8000,3895.4000,3895.6000,3896.2000,1,1,3,1,1,2,1,2,2,1
SF,IF2009,2020-06-10 09:32:21.700,3894.0000,30318,0,257074800.000,0,-,-,-,-,3893.6000,3893.4000,3893.2000,3893.0000,3892.6000,3894.6000,3894.8000,3895.4000,3895.6000,3896.2000,1,1,1,2,1,2,1,2,2,1
SF,IF2009,2020-06-10 09:32:22.200,3894.0000,30318,0,257074800.000,0,-,-,-,-,3893.8000,3893.6000,3893.4000,3893.0000,3892.4000,3894.8000,3895.4000,3895.6000,3896.2000,3896.6000,1,2,2,2,1,1,2,2,1,1
SF,IF2009,2020-06-10 09:32:22.700,3894.0000,30318,0,257074800.000,0,-,-,-,-,3893.8000,3893.6000,3893.4000,3893.0000,3892.4000,3894.8000,3895.4000,3895.6000,3896.2000,3896.6000,1,1,1,2,1,1,2,2,1,1
SF,IF2009,2020-06-10 09:32:23.200,3894.0000,30318,0,257074800.000,0,-,-,-,-,3894.0000,3893.6000,3893.4000,3893.0000,3892.4000,3894.8000,3895.4000,3895.6000,3896.2000,3896.6000,1,1,1,3,1,1,2,2,1,1
SF,IF2009,2020-06-10 09:32:23.700,3894.0000,30318,0,257074800.000,0,-,-,-,-,3894.0000,3893.8000,3893.6000,3893.0000,3892.4000,3894.8000,3895.4000,3895.6000,3896.2000,3896.6000,2,1,1,3,1,1,2,2,1,1
SF,IF2009,2020-06-10 09:32:24.700,3894.0000,30318,0,257074800.000,0,-,-,-,-,3894.0000,3893.0000,3892.4000,3892.2000,3892.0000,3894.8000,3895.4000,3895.6000,3896.2000,3896.6000,2,3,1,1,1,1,2,2,1,1
SF,IF2009,2020-06-10 09:32:25.200,3894.0000,30318,0,257074800.000,0,-,-,-,-,3893.0000,3892.4000,3892.2000,3892.0000,3891.8000,3894.8000,3895.4000,3895.6000,3896.2000,3896.6000,3,1,1,1,1,1,2,2,1,1
SF,IF2009,2020-06-10 09:32:25.700,3894.8000,30318,0,258243240.000,1,0,1,多换,S,3893.2000,3893.0000,3892.4000,3892.2000,3892.0000,3895.4000,3895.6000,3896.2000,3896.6000,3896.8000,2,6,1,1,1,2,2,1,1,2
SF,IF2009,2020-06-10 09:32:26.200,3894.8000,30318,0,258243240.000,0,-,-,-,-,3893.2000,3893.0000,3892.4000,3892.2000,3892.0000,3895.0000,3895.2000,3895.6000,3896.2000,3896.6000,1,4,1,1,1,1,3,2,1,1
SF,IF2009,2020-06-10 09:32:26.700,3894.8000,30318,0,258243240.000,0,-,-,-,-,3893.4000,3893.2000,3893.0000,3892.4000,3892.2000,3895.0000,3895.2000,3895.6000,3896.2000,3896.6000,1,1,3,1,1,1,2,2,1,1
SF,IF2009,2020-06-10 09:32:27.200,3894.8000,30318,0,258243240.000,0,-,-,-,-,3893.4000,3893.2000,3893.0000,3892.4000,3892.2000,3894.8000,3895.0000,3895.2000,3895.6000,3896.2000,1,1,3,1,1,2,3,2,2,1
SF,IF2009,2020-06-10 09:32:27.700,3894.8000,30318,0,258243240.000,0,-,-,-,-,3893.4000,3893.2000,3893.0000,3892.4000,3892.2000,3894.6000,3894.8000,3895.0000,3895.2000,3895.6000,1,1,2,1,1,1,2,3,2,2
SF,IF2009,2020-06-10 09:32:28.200,3894.8000,30318,0,258243240.000,0,-,-,-,-,3893.4000,3893.2000,3893.0000,3892.4000,3892.2000,3894.6000,3894.8000,3895.2000,3895.6000,3896.2000,1,1,2,1,1,1,2,2,2,1
SF,IF2009,2020-06-10 09:32:28.700,3894.8000,30318,0,258243240.000,0,-,-,-,-,3893.4000,3893.0000,3892.4000,3892.2000,3892.0000,3894.8000,3895.2000,3895.6000,3896.2000,3896.6000,1,2,1,1,1,2,2,2,1,1
SF,IF2009,2020-06-10 09:32:29.200,3894.8000,30318,0,258243240.000,0,-,-,-,-,3893.6000,3893.4000,3893.0000,3892.4000,3892.2000,3894.8000,3895.2000,3895.6000,3896.2000,3896.6000,1,1,2,1,1,2,2,2,1,1
SF,IF2009,2020-06-10 09:32:30.700,3894.8000,30318,0,258243240.000,0,-,-,-,-,3893.6000,3893.4000,3893.0000,3892.4000,3892.2000,3894.8000,3895.2000,3895.6000,3896.2000,3896.6000,3,1,2,1,1,2,2,2,1,1
SF,IF2009,2020-06-10 09:32:31.200,3894.8000,30318,0,258243240.000,0,-,-,-,-,3893.6000,3893.4000,3893.0000,3892.4000,3892.2000,3894.8000,3895.2000,3895.6000,3896.2000,3896.6000,3,1,2,1,1,2,2,2,1,1
SF,IF2009,2020-06-10 09:32:31.700,3894.8000,30318,0,258243240.000,0,-,-,-,-,3893.8000,3893.6000,3893.4000,3893.0000,3892.4000,3894.8000,3895.2000,3895.6000,3896.2000,3896.6000,3,1,1,2,1,1,2,2,1,1
SF,IF2009,2020-06-10 09:32:32.200,3894.8000,30318,0,258243240.000,0,-,-,-,-,3894.0000,3893.8000,3893.4000,3893.0000,3892.4000,3894.8000,3895.2000,3895.6000,3896.2000,3896.6000,1,3,1,2,1,1,1,2,1,1
SF,IF2009,2020-06-10 09:32:32.700,3894.8000,30318,0,258243240.000,0,-,-,-,-,3894.0000,3893.8000,3893.4000,3893.0000,3892.4000,3895.2000,3895.6000,3896.2000,3896.6000,3896.8000,1,1,1,2,1,1,2,1,1,2
SF,IF2009,2020-06-10 09:32:33.200,3894.8000,30318,0,258243240.000,0,-,-,-,-,3894.0000,3893.8000,3893.4000,3893.0000,3892.4000,3895.0000,3895.2000,3895.6000,3896.2000,3896.6000,1,1,1,2,1,1,1,2,1,1
SF,IF2009,2020-06-10 09:32:33.700,3894.8000,30318,0,258243240.000,0,-,-,-,-,3894.0000,3893.4000,3893.0000,3892.4000,3892.2000,3895.0000,3895.2000,3895.6000,3896.2000,3896.6000,1,1,2,1,1,1,1,2,1,1
SF,IF2009,2020-06-10 09:32:34.200,3894.8000,30318,0,258243240.000,0,-,-,-,-,3894.2000,3893.4000,3893.0000,3892.4000,3892.2000,3895.0000,3895.2000,3895.6000,3896.2000,3896.6000,1,1,2,1,1,1,1,2,1,1
SF,IF2009,2020-06-10 09:32:36.200,3894.8000,30318,0,258243240.000,0,-,-,-,-,3894.2000,3893.8000,3893.4000,3893.0000,3892.4000,3895.0000,3895.2000,3895.6000,3896.2000,3896.6000,3,1,1,1,1,1,1,2,1,1
SF,IF2009,2020-06-10 09:32:36.700,3894.8000,30318,0,258243240.000,0,-,-,-,-,3894.4000,3894.2000,3893.8000,3893.4000,3893.0000,3895.2000,3895.6000,3896.2000,3896.6000,3896.8000,1,3,1,1,1,1,2,1,1,2
SF,IF2009,2020-06-10 09:32:37.200,3894.8000,30318,0,258243240.000,0,-,-,-,-,3894.2000,3893.8000,3893.0000,3892.4000,3892.2000,3895.2000,3895.6000,3896.2000,3896.6000,3896.8000,2,1,1,1,1,2,2,1,1,2
SF,IF2009,2020-06-10 09:32:37.700,3894.8000,30318,0,258243240.000,0,-,-,-,-,3894.2000,3893.8000,3893.0000,3892.4000,3892.2000,3895.2000,3895.6000,3896.2000,3896.6000,3896.8000,2,1,1,1,1,1,2,1,1,2
SF,IF2009,2020-06-10 09:32:38.200,3894.8000,30318,0,258243240.000,0,-,-,-,-,3894.4000,3893.8000,3893.0000,3892.4000,3892.2000,3895.2000,3895.6000,3896.2000,3896.6000,3896.8000,1,1,1,1,1,1,2,1,1,2
SF,IF2009,2020-06-10 09:32:38.700,3894.8000,30318,0,258243240.000,0,-,-,-,-,3894.4000,3893.8000,3893.0000,3892.4000,3892.2000,3895.2000,3895.6000,3896.2000,3896.6000,3896.8000,1,1,1,1,1,1,2,1,1,2
SF,IF2009,2020-06-10 09:32:40.700,3894.4000,30317,-1,259411560.000,1,0,1,双平,S,3893.8000,3893.0000,3892.4000,3892.2000,3892.0000,3895.2000,3895.6000,3896.2000,3896.6000,3896.8000,1,1,1,1,1,2,2,1,1,2
SF,IF2009,2020-06-10 09:32:41.200,3894.4000,30317,0,259411560.000,0,-,-,-,-,3894.0000,3893.8000,3893.0000,3892.4000,3892.2000,3895.2000,3895.6000,3896.2000,3896.6000,3896.8000,1,1,1,1,1,1,2,1,1,2
SF,IF2009,2020-06-10 09:32:41.700,3894.4000,30317,0,259411560.000,0,-,-,-,-,3894.0000,3893.8000,3893.0000,3892.4000,3892.2000,3894.8000,3895.2000,3895.6000,3896.2000,3896.6000,2,2,1,1,1,1,1,2,1,1
SF,IF2009,2020-06-10 09:32:42.700,3894.4000,30317,0,259411560.000,0,-,-,-,-,3894.0000,3893.8000,3893.0000,3892.4000,3892.2000,3894.8000,3895.2000,3895.6000,3896.2000,3896.6000,2,1,1,1,1,1,1,2,1,1
SF,IF2009,2020-06-10 09:32:43.200,3894.4000,30317,0,259411560.000,0,-,-,-,-,3894.0000,3893.8000,3893.0000,3892.4000,3892.2000,3894.8000,3895.2000,3895.6000,3896.0000,3896.2000,2,1,1,1,1,1,1,2,1,1
SF,IF2009,2020-06-10 09:32:43.700,3894.8000,30316,-1,260580000.000,1,0,1,双平,S,3894.0000,3893.8000,3893.0000,3892.4000,3892.2000,3895.2000,3895.6000,3896.0000,3896.2000,3896.6000,1,1,1,1,1,1,2,1,1,1
SF,IF2009,2020-06-10 09:32:44.700,3894.8000,30316,0,260580000.000,0,-,-,-,-,3894.0000,3893.8000,3893.0000,3892.4000,3892.2000,3895.2000,3895.6000,3896.0000,3896.2000,3896.6000,2,1,1,1,1,1,2,1,1,1
SF,IF2009,2020-06-10 09:32:45.200,3894.8000,30316,0,260580000.000,0,-,-,-,-,3894.0000,3893.8000,3893.0000,3892.4000,3892.2000,3895.2000,3895.6000,3896.0000,3896.2000,3896.6000,1,1,1,1,1,1,2,1,1,1
SF,IF2009,2020-06-10 09:32:45.700,3894.8000,30316,0,260580000.000,0,-,-,-,-,3894.2000,3894.0000,3893.8000,3893.0000,3892.4000,3895.2000,3895.6000,3896.0000,3896.2000,3896.6000,1,1,1,1,1,1,2,1,1,1
SF,IF2009,2020-06-10 09:32:46.200,3894.8000,30316,0,260580000.000,0,-,-,-,-,3894.2000,3893.8000,3893.0000,3892.4000,3892.2000,3895.2000,3895.6000,3896.0000,3896.2000,3896.6000,1,1,1,1,1,1,2,1,1,1
SF,IF2009,2020-06-10 09:32:46.700,3894.8000,30316,0,260580000.000,0,-,-,-,-,3894.4000,3894.2000,3893.8000,3893.0000,3892.4000,3895.2000,3895.6000,3896.0000,3896.2000,3896.6000,1,1,1,1,1,1,2,1,1,1
SF,IF2009,2020-06-10 09:32:47.200,3894.8000,30316,0,260580000.000,0,-,-,-,-,3894.6000,3894.4000,3894.2000,3893.8000,3893.0000,3895.6000,3896.0000,3896.2000,3896.6000,3896.8000,1,1,1,1,1,2,1,1,1,2
SF,IF2009,2020-06-10 09:32:47.700,3894.8000,30316,0,260580000.000,0,-,-,-,-,3894.4000,3894.2000,3893.8000,3893.0000,3892.4000,3895.4000,3895.6000,3896.0000,3896.2000,3896.6000,1,1,1,1,1,2,2,1,1,1
SF,IF2009,2020-06-10 09:32:48.200,3894.8000,30316,0,260580000.000,0,-,-,-,-,3894.6000,3894.4000,3894.2000,3893.8000,3893.0000,3895.6000,3896.0000,3896.2000,3896.6000,3896.8000,3,2,1,1,1,2,1,1,1,2
SF,IF2009,2020-06-10 09:32:48.700,3894.8000,30315,-1,261748440.000,1,0,1,双平,S,3895.2000,3894.8000,3894.6000,3894.4000,3893.8000,3895.6000,3896.0000,3896.2000,3896.6000,3896.8000,3,1,4,1,1,2,1,1,1,2
SF,IF2009,2020-06-10 09:32:49.200,3895.6000,30315,0,262917120.000,1,0,1,多换,S,3895.2000,3894.8000,3894.6000,3893.8000,3893.0000,3895.6000,3896.0000,3896.2000,3896.6000,3896.8000,3,1,3,1,1,1,1,1,1,2
SF,IF2009,2020-06-10 09:32:49.700,3895.6000,30315,0,262917120.000,0,-,-,-,-,3895.2000,3894.8000,3894.6000,3893.8000,3893.0000,3895.6000,3896.0000,3896.2000,3896.6000,3896.8000,3,1,2,1,1,1,1,1,1,2
SF,IF2009,2020-06-10 09:32:50.200,3895.2000,30312,-3,266422800.000,3,0,3,双平,S,3894.6000,3893.8000,3893.0000,3892.4000,3892.2000,3896.0000,3896.2000,3896.6000,3896.8000,3897.6000,2,1,1,1,1,1,1,1,2,1
SF,IF2009,2020-06-10 09:32:50.700,3895.2000,30312,0,266422800.000,0,-,-,-,-,3894.8000,3894.6000,3893.8000,3893.0000,3892.4000,3895.8000,3896.0000,3896.2000,3896.6000,3896.8000,1,1,1,1,1,1,2,1,1,2
SF,IF2009,2020-06-10 09:32:51.200,3895.2000,30312,0,266422800.000,0,-,-,-,-,3894.8000,3894.6000,3893.8000,3893.0000,3892.4000,3895.8000,3896.0000,3896.2000,3896.6000,3896.8000,1,1,1,1,1,3,1,1,1,2
SF,IF2009,2020-06-10 09:32:51.700,3895.6000,30312,0,268760160.000,2,1,1,多换,S,3894.6000,3893.8000,3893.0000,3892.4000,3892.2000,3895.8000,3896.0000,3896.2000,3896.6000,3896.8000,1,1,1,1,1,1,1,1,1,2
SF,IF2009,2020-06-10 09:32:52.200,3895.6000,30312,0,268760160.000,0,-,-,-,-,3894.6000,3893.8000,3893.0000,3892.4000,3892.2000,3895.6000,3895.8000,3896.0000,3896.2000,3896.6000,1,1,1,1,1,1,2,1,1,1
SF,IF2009,2020-06-10 09:32:52.700,3895.6000,30312,0,268760160.000,0,-,-,-,-,3894.8000,3894.6000,3893.8000,3893.0000,3892.4000,3895.8000,3896.0000,3896.2000,3896.6000,3896.8000,2,2,1,1,1,1,1,1,1,2
SF,IF2009,2020-06-10 09:32:53.200,3895.6000,30312,0,268760160.000,0,-,-,-,-,3895.2000,3895.0000,3894.6000,3893.8000,3893.0000,3896.0000,3896.2000,3896.6000,3896.8000,3897.6000,1,2,2,1,1,1,1,1,2,1
SF,IF2009,2020-06-10 09:32:53.700,3895.6000,30312,0,268760160.000,0,-,-,-,-,3895.2000,3895.0000,3894.6000,3893.8000,3893.0000,3896.0000,3896.2000,3896.6000,3896.8000,3897.6000,1,2,2,1,1,1,1,1,2,1
SF,IF2009,2020-06-10 09:32:54.200,3895.6000,30312,0,268760160.000,0,-,-,-,-,3895.2000,3894.6000,3893.8000,3893.0000,3892.4000,3896.0000,3896.2000,3896.6000,3896.8000,3897.6000,1,1,1,1,1,1,1,1,2,1
SF,IF2009,2020-06-10 09:32:55.200,3895.2000,30311,-1,269928720.000,1,0,1,双平,S,3894.6000,3893.8000,3893.0000,3892.8000,3892.4000,3896.0000,3896.2000,3896.6000,3896.8000,3897.6000,1,1,1,1,1,1,1,1,2,1
SF,IF2009,2020-06-10 09:32:55.700,3895.2000,30311,0,269928720.000,0,-,-,-,-,3894.8000,3894.6000,3893.8000,3893.0000,3892.8000,3896.0000,3896.2000,3896.6000,3896.8000,3897.6000,1,1,1,1,1,1,1,1,2,1
SF,IF2009,2020-06-10 09:32:56.200,3895.2000,30311,0,269928720.000,0,-,-,-,-,3894.8000,3894.6000,3893.8000,3893.0000,3892.8000,3895.2000,3896.0000,3896.2000,3896.6000,3896.8000,3,1,1,1,1,2,1,1,1,2
SF,IF2009,2020-06-10 09:32:56.700,3895.2000,30309,-2,272265840.000,2,0,2,双平,S,3895.2000,3895.0000,3894.8000,3894.6000,3893.8000,3896.2000,3896.6000,3896.8000,3897.6000,3898.2000,2,1,3,1,1,1,1,2,1,1
SF,IF2009,2020-06-10 09:32:57.200,3895.2000,30309,0,272265840.000,0,-,-,-,-,3894.8000,3894.6000,3893.8000,3893.0000,3892.8000,3896.2000,3896.6000,3896.8000,3897.6000,3898.2000,3,1,1,1,1,1,1,2,1,1
SF,IF2009,2020-06-10 09:32:57.700,3895.2000,30309,0,272265840.000,0,-,-,-,-,3895.0000,3894.8000,3894.6000,3893.8000,3893.0000,3896.2000,3896.6000,3896.8000,3897.6000,3898.2000,2,1,1,1,1,1,1,2,1,1
SF,IF2009,2020-06-10 09:32:58.200,3895.2000,30309,0,272265840.000,0,-,-,-,-,3895.0000,3894.6000,3893.8000,3893.0000,3892.8000,3896.2000,3896.6000,3896.8000,3897.6000,3898.2000,2,1,1,1,1,1,1,2,1,1
SF,IF2009,2020-06-10 09:32:58.700,3895.2000,30308,-1,273434400.000,1,0,1,双平,S,3895.0000,3894.6000,3893.8000,3893.0000,3892.8000,3896.2000,3896.6000,3896.8000,3897.6000,3898.2000,2,1,1,1,1,1,1,2,1,1
SF,IF2009,2020-06-10 09:32:59.200,3895.2000,30308,0,273434400.000,0,-,-,-,-,3895.2000,3895.0000,3894.6000,3893.8000,3893.0000,3896.0000,3896.2000,3896.6000,3896.8000,3897.6000,1,2,1,1,1,1,1,1,2,1
SF,IF2009,2020-06-10 09:33:01.700,3896.0000,30308,0,274603200.000,1,0,1,多换,S,3895.2000,3895.0000,3894.6000,3893.8000,3893.0000,3896.2000,3896.6000,3896.8000,3897.6000,3898.2000,1,2,1,1,1,1,1,2,1,1
SF,IF2009,2020-06-10 09:33:02.200,3896.0000,30308,0,274603200.000,0,-,-,-,-,3894.6000,3893.8000,3893.0000,3892.8000,3892.4000,3896.2000,3896.6000,3896.8000,3897.6000,3898.2000,1,1,1,1,1,1,1,2,1,1
SF,IF2009,2020-06-10 09:33:02.700,3896.0000,30308,0,274603200.000,0,-,-,-,-,3895.4000,3895.2000,3894.8000,3894.6000,3894.4000,3896.2000,3896.6000,3896.8000,3897.0000,3897.6000,2,2,3,2,1,1,1,2,1,1
SF,IF2009,2020-06-10 09:33:03.200,3896.2000,30307,-1,275772060.000,1,0,1,双平,S,3895.4000,3895.2000,3894.8000,3894.6000,3894.4000,3896.6000,3896.8000,3897.0000,3897.6000,3898.2000,2,2,3,2,1,1,2,1,1,1
SF,IF2009,2020-06-10 09:33:03.700,3896.2000,30307,0,275772060.000,0,-,-,-,-,3895.4000,3895.2000,3894.8000,3894.6000,3894.4000,3896.6000,3896.8000,3897.0000,3897.6000,3898.2000,2,1,3,2,1,1,2,1,1,1
SF,IF2009,2020-06-10 09:33:04.200,3896.2000,30307,0,275772060.000,0,-,-,-,-,3895.4000,3894.8000,3894.4000,3893.8000,3893.0000,3896.6000,3896.8000,3897.0000,3897.6000,3898.2000,2,3,1,1,1,1,2,1,1,1
SF,IF2009,2020-06-10 09:33:04.700,3896.2000,30307,0,275772060.000,0,-,-,-,-,3895.6000,3895.4000,3894.8000,3894.4000,3893.8000,3896.6000,3896.8000,3897.0000,3897.6000,3898.2000,1,2,3,1,1,1,2,1,1,1
SF,IF2009,2020-06-10 09:33:05.700,3896.6000,30306,-1,276941040.000,1,0,1,双平,S,3895.8000,3895.6000,3894.8000,3894.4000,3893.8000,3896.8000,3897.0000,3897.6000,3898.2000,3898.6000,2,3,3,1,1,2,1,1,1,2
SF,IF2009,2020-06-10 09:33:06.200,3896.6000,30306,0,276941040.000,0,-,-,-,-,3896.0000,3895.6000,3894.8000,3894.4000,3893.8000,3896.8000,3897.0000,3897.6000,3898.2000,3898.6000,3,3,2,1,1,2,1,1,1,2
SF,IF2009,2020-06-10 09:33:06.700,3896.6000,30306,0,276941040.000,0,-,-,-,-,3895.6000,3894.8000,3894.4000,3893.8000,3893.0000,3896.8000,3897.0000,3897.6000,3898.2000,3898.6000,2,2,1,1,1,2,1,1,1,2
SF,IF2009,2020-06-10 09:33:07.200,3896.6000,30306,0,276941040.000,0,-,-,-,-,3895.6000,3894.8000,3894.4000,3893.8000,3893.0000,3896.8000,3897.0000,3897.6000,3898.2000,3898.6000,2,2,1,1,1,2,1,1,1,2
SF,IF2009,2020-06-10 09:33:07.700,3896.6000,30306,0,276941040.000,0,-,-,-,-,3896.2000,3895.6000,3894.8000,3894.4000,3893.8000,3896.6000,3896.8000,3897.0000,3897.6000,3898.2000,1,1,2,1,1,2,2,1,1,1
SF,IF2009,2020-06-10 09:33:08.200,3896.6000,30306,0,276941040.000,0,-,-,-,-,3896.2000,3895.8000,3895.6000,3894.8000,3894.4000,3896.6000,3896.8000,3897.0000,3897.6000,3898.2000,1,2,1,2,1,1,2,1,1,1
SF,IF2009,2020-06-10 09:33:09.200,3896.6000,30306,0,278110020.000,1,0,1,多换,S,3896.2000,3895.8000,3895.6000,3894.8000,3894.4000,3896.8000,3897.0000,3897.6000,3898.2000,3898.6000,1,2,1,2,1,2,1,1,1,2
SF,IF2009,2020-06-10 09:33:09.700,3896.8000,30306,0,279279060.000,1,0,1,多换,S,3896.2000,3895.8000,3895.6000,3894.8000,3894.4000,3896.8000,3897.0000,3897.6000,3898.2000,3898.6000,2,1,1,2,1,1,1,1,1,2
SF,IF2009,2020-06-10 09:33:10.200,3897.0000,30305,-1,281617200.000,2,0,2,多平,S,3896.8000,3896.2000,3895.6000,3894.8000,3894.4000,3897.6000,3898.2000,3898.6000,3899.0000,3899.2000,1,2,1,2,1,1,1,2,2,1
SF,IF2009,2020-06-10 09:33:10.700,3897.0000,30305,0,281617200.000,0,-,-,-,-,3896.8000,3896.2000,3895.6000,3894.8000,3894.4000,3897.6000,3898.2000,3898.6000,3899.0000,3899.2000,1,1,1,2,1,1,1,2,2,1
SF,IF2009,2020-06-10 09:33:11.200,3896.8000,30305,0,282786240.000,1,0,1,多换,S,3896.2000,3895.6000,3894.8000,3894.4000,3893.8000,3896.8000,3897.6000,3898.2000,3898.6000,3899.0000,1,1,2,1,1,2,5,1,2,2
SF,IF2009,2020-06-10 09:33:11.700,3896.2000,30304,-1,283955100.000,1,0,1,双平,S,3895.6000,3894.8000,3894.4000,3893.8000,3893.0000,3896.8000,3897.6000,3898.2000,3898.6000,3899.0000,1,2,1,1,1,2,4,1,2,2
SF,IF2009,2020-06-10 09:33:12.200,3896.2000,30304,0,283955100.000,0,-,-,-,-,3895.6000,3894.8000,3894.4000,3893.8000,3893.0000,3896.8000,3897.6000,3898.2000,3898.6000,3899.0000,1,1,1,1,1,2,2,1,2,2
SF,IF2009,2020-06-10 09:33:12.700,3896.2000,30304,0,283955100.000,0,-,-,-,-,3895.8000,3895.6000,3894.8000,3894.4000,3893.8000,3896.6000,3896.8000,3897.6000,3898.2000,3898.6000,1,1,1,1,1,2,2,1,1,2
SF,IF2009,2020-06-10 09:33:13.200,3896.2000,30304,0,283955100.000,0,-,-,-,-,3895.8000,3895.6000,3894.8000,3894.4000,3893.8000,3896.4000,3896.6000,3896.8000,3897.6000,3898.2000,1,1,1,1,1,1,2,2,1,1
SF,IF2009,2020-06-10 09:33:13.700,3896.4000,30305,1,285124020.000,1,1,0,双开,S,3895.8000,3895.6000,3894.8000,3894.4000,3893.8000,3896.6000,3896.8000,3897.6000,3898.2000,3898.6000,1,1,1,1,1,1,2,1,1,2
SF,IF2009,2020-06-10 09:33:14.200,3896.4000,30305,0,285124020.000,0,-,-,-,-,3896.0000,3895.6000,3894.8000,3894.4000,3893.8000,3896.6000,3896.8000,3897.6000,3898.2000,3898.6000,1,1,1,1,1,1,2,1,1,2
SF,IF2009,2020-06-10 09:33:14.700,3896.0000,30304,-1,286292820.000,1,0,1,双平,S,3895.6000,3894.8000,3894.4000,3893.8000,3893.0000,3896.0000,3896.6000,3896.8000,3897.6000,3897.8000,1,1,1,1,1,1,1,2,1,1
SF,IF2009,2020-06-10 09:33:15.200,3896.0000,30304,0,286292820.000,0,-,-,-,-,3895.6000,3894.8000,3894.4000,3893.8000,3893.0000,3896.0000,3896.8000,3897.6000,3897.8000,3898.2000,1,1,1,1,1,1,2,1,1,1
SF,IF2009,2020-06-10 09:33:15.700,3895.6000,30304,0,287461500.000,1,0,1,多换,S,3894.8000,3893.8000,3893.0000,3892.8000,3892.4000,3896.0000,3896.8000,3897.6000,3897.8000,3898.2000,1,1,1,1,1,1,1,1,1,1
SF,IF2009,2020-06-10 09:33:16.200,3895.6000,30304,0,287461500.000,0,-,-,-,-,3894.8000,3893.8000,3893.0000,3892.8000,3892.4000,3896.0000,3896.8000,3897.6000,3897.8000,3898.2000,2,1,1,1,1,1,1,1,1,1
SF,IF2009,2020-06-10 09:33:16.700,3895.6000,30304,0,287461500.000,0,-,-,-,-,3893.8000,3893.0000,3892.8000,3892.4000,3892.2000,3896.0000,3896.8000,3897.6000,3897.8000,3898.2000,1,1,1,1,1,3,1,1,1,1
SF,IF2009,2020-06-10 09:33:17.200,3895.6000,30304,0,287461500.000,0,-,-,-,-,3894.2000,3894.0000,3893.8000,3893.0000,3892.8000,3895.8000,3896.0000,3896.8000,3897.6000,3897.8000,2,3,1,1,1,1,3,1,1,1
SF,IF2009,2020-06-10 09:33:17.700,3896.0000,30302,-2,290967840.000,3,0,3,多平,S,3894.4000,3894.2000,3894.0000,3893.8000,3893.0000,3896.8000,3897.6000,3897.8000,3898.2000,3898.6000,1,2,2,1,1,1,1,1,1,2
SF,IF2009,2020-06-10 09:33:18.200,3896.0000,30302,0,290967840.000,0,-,-,-,-,3894.6000,3894.4000,3894.0000,3893.8000,3893.0000,3896.6000,3896.8000,3897.6000,3897.8000,3898.2000,3,1,2,1,1,1,1,1,1,1
SF,IF2009,2020-06-10 09:33:18.700,3896.0000,30302,0,290967840.000,0,-,-,-,-,3894.8000,3894.6000,3894.4000,3894.0000,3893.8000,3896.4000,3896.6000,3896.8000,3897.6000,3897.8000,2,2,1,2,1,1,1,1,1,1
SF,IF2009,2020-06-10 09:33:19.200,3896.0000,30302,0,290967840.000,0,-,-,-,-,3895.0000,3894.8000,3894.6000,3894.4000,3894.0000,3896.4000,3896.6000,3896.8000,3897.6000,3897.8000,1,1,1,1,2,1,1,1,1,1
SF,IF2009,2020-06-10 09:33:19.700,3896.0000,30302,0,290967840.000,0,-,-,-,-,3895.0000,3894.8000,3894.6000,3894.0000,3893.8000,3896.6000,3896.8000,3897.6000,3897.8000,3898.2000,3,1,1,1,1,1,1,1,1,1
SF,IF2009,2020-06-10 09:33:20.200,3896.0000,30302,0,290967840.000,0,-,-,-,-,3895.2000,3895.0000,3894.6000,3894.0000,3893.8000,3896.6000,3896.8000,3897.6000,3897.8000,3898.2000,4,2,1,1,1,1,1,1,1,1
SF,IF2009,2020-06-10 09:33:20.700,3896.0000,30302,0,290967840.000,0,-,-,-,-,3895.4000,3895.2000,3894.6000,3894.0000,3893.8000,3896.6000,3896.8000,3897.6000,3897.8000,3898.2000,1,3,1,1,1,1,1,1,1,1
SF,IF2009,2020-06-10 09:33:21.200,3896.0000,30302,0,290967840.000,0,-,-,-,-,3895.4000,3894.6000,3894.0000,3893.8000,3893.0000,3896.8000,3897.6000,3897.8000,3898.2000,3898.6000,5,1,1,1,1,1,1,1,1,1
SF,IF2009,2020-06-10 09:33:21.700,3896.0000,30302,0,290967840.000,0,-,-,-,-,3895.4000,3894.6000,3894.0000,3893.8000,3893.0000,3896.8000,3897.6000,3897.8000,3898.2000,3898.6000,3,1,1,1,1,1,1,1,1,1
SF,IF2009,2020-06-10 09:33:22.200,3896.0000,30302,0,290967840.000,0,-,-,-,-,3895.4000,3894.6000,3894.0000,3893.8000,3893.0000,3896.8000,3897.6000,3897.8000,3898.2000,3898.6000,1,1,1,1,1,2,1,1,1,1
SF,IF2009,2020-06-10 09:33:22.700,3896.0000,30302,0,290967840.000,0,-,-,-,-,3895.4000,3894.6000,3894.0000,3893.8000,3893.0000,3896.8000,3897.6000,3897.8000,3898.2000,3898.6000,2,1,1,1,1,1,1,1,1,1
SF,IF2009,2020-06-10 09:33:23.700,3896.0000,30303,1,292136640.000,1,1,0,双开,S,3895.6000,3895.4000,3894.6000,3894.0000,3893.8000,3896.8000,3897.6000,3897.8000,3898.2000,3898.6000,2,2,1,1,1,1,1,1,1,1
SF,IF2009,2020-06-10 09:33:24.200,3896.0000,30303,0,292136640.000,0,-,-,-,-,3895.8000,3895.6000,3895.4000,3894.6000,3894.0000,3896.8000,3897.6000,3897.8000,3898.2000,3898.6000,1,4,1,1,1,1,1,1,1,1
SF,IF2009,2020-06-10 09:33:24.700,3896.0000,30303,0,292136640.000,0,-,-,-,-,3896.0000,3895.8000,3895.6000,3895.4000,3894.6000,3896.8000,3897.6000,3897.8000,3898.2000,3898.6000,2,2,2,1,1,1,1,1,1,1
SF,IF2009,2020-06-10 09:33:25.200,3896.0000,30303,0,292136640.000,0,-,-,-,-,3896.2000,3896.0000,3895.8000,3895.6000,3895.4000,3896.8000,3897.6000,3897.8000,3898.2000,3898.6000,1,2,1,1,1,1,1,1,1,1
SF,IF2009,2020-06-10 09:33:25.700,3896.8000,30302,-1,293305680.000,1,0,1,双平,S,3896.2000,3895.8000,3895.4000,3895.2000,3894.6000,3897.6000,3897.8000,3898.2000,3898.6000,3899.0000,3,1,1,1,1,1,1,1,1,2
SF,IF2009,2020-06-10 09:33:26.200,3896.8000,30302,0,293305680.000,0,-,-,-,-,3896.8000,3896.2000,3895.8000,3895.4000,3895.2000,3897.6000,3897.8000,3898.2000,3898.6000,3899.0000,1,2,1,1,1,1,1,1,1,2
SF,IF2009,2020-06-10 09:33:26.700,3896.8000,30302,0,295643760.000,2,1,1,多换,S,3895.8000,3895.4000,3895.2000,3894.6000,3894.0000,3896.8000,3897.4000,3897.6000,3897.8000,3898.2000,1,1,1,1,1,3,2,2,1,1
SF,IF2009,2020-06-10 09:33:27.200,3896.8000,30302,0,295643760.000,0,-,-,-,-,3896.0000,3895.8000,3895.4000,3895.2000,3894.6000,3897.4000,3897.6000,3897.8000,3898.2000,3898.6000,1,1,1,1,1,1,2,1,1,1
SF,IF2009,2020-06-10 09:33:27.700,3896.0000,30302,0,296812560.000,1,0,1,多换,S,3895.8000,3895.4000,3895.2000,3894.6000,3894.0000,3896.6000,3897.2000,3897.4000,3897.6000,3897.8000,1,1,1,1,1,1,1,1,1,1
SF,IF2009,2020-06-10 09:33:28.200,3895.8000,30301,-1,297981300.000,1,0,1,双平,S,3895.4000,3895.2000,3894.6000,3894.0000,3893.8000,3896.4000,3896.6000,3897.0000,3897.4000,3897.6000,1,1,1,1,1,1,2,1,1,1
SF,IF2009,2020-06-10 09:33:28.700,3895.8000,30301,0,297981300.000,0,-,-,-,-,3895.4000,3895.2000,3894.0000,3893.8000,3893.0000,3896.4000,3896.6000,3897.0000,3897.6000,3897.8000,1,1,1,1,1,1,1,1,1,1
SF,IF2009,2020-06-10 09:33:29.200,3895.8000,30301,0,297981300.000,0,-,-,-,-,3895.4000,3895.2000,3894.0000,3893.8000,3893.0000,3896.4000,3897.0000,3897.6000,3897.8000,3898.2000,1,1,1,1,1,2,1,1,1,1
SF,IF2009,2020-06-10 09:33:29.700,3895.8000,30301,0,297981300.000,0,-,-,-,-,3895.6000,3895.4000,3895.2000,3894.0000,3893.8000,3897.0000,3897.6000,3897.8000,3898.2000,3898.6000,3,3,1,1,1,1,1,1,1,1
SF,IF2009,2020-06-10 09:33:30.200,3895.8000,30301,0,297981300.000,0,-,-,-,-,3895.6000,3895.4000,3895.2000,3894.0000,3893.8000,3896.8000,3897.0000,3897.6000,3897.8000,3898.2000,3,3,1,1,1,1,1,1,1,1
SF,IF2009,2020-06-10 09:33:30.700,3895.8000,30301,0,297981300.000,0,-,-,-,-,3896.4000,3895.6000,3895.4000,3895.2000,3894.0000,3896.8000,3897.0000,3897.6000,3897.8000,3898.2000,4,3,3,1,1,2,1,1,1,1
SF,IF2009,2020-06-10 09:33:31.200,3896.4000,30301,0,302656980.000,4,2,2,多换,S,3895.6000,3895.4000,3895.2000,3894.0000,3893.8000,3896.6000,3896.8000,3897.0000,3897.2000,3897.6000,2,1,1,1,1,1,4,1,1,1
SF,IF2009,2020-06-10 09:33:31.700,3896.4000,30301,0,302656980.000,0,-,-,-,-,3895.6000,3895.4000,3895.2000,3894.0000,3893.8000,3896.4000,3896.6000,3896.8000,3897.0000,3897.2000,2,1,1,1,1,3,1,4,1,2
SF,IF2009,2020-06-10 09:33:32.200,3896.4000,30301,0,302656980.000,0,-,-,-,-,3895.6000,3895.4000,3895.2000,3894.0000,3893.8000,3896.4000,3896.6000,3896.8000,3897.0000,3897.2000,2,1,1,1,1,3,1,3,1,2
SF,IF2009,2020-06-10 09:33:33.200,3896.4000,30301,0,302656980.000,0,-,-,-,-,3895.8000,3895.6000,3895.4000,3895.2000,3894.0000,3896.4000,3896.6000,3896.8000,3897.0000,3897.2000,2,2,1,1,1,1,1,3,1,2
SF,IF2009,2020-06-10 09:33:33.700,3896.4000,30300,-1,303825900.000,1,0,1,双平,S,3895.8000,3895.6000,3895.4000,3895.2000,3894.0000,3896.6000,3896.8000,3897.0000,3897.2000,3897.6000,2,3,1,1,1,1,2,1,2,1
SF,IF2009,2020-06-10 09:33:34.200,3896.0000,30299,-1,306163680.000,2,0,2,多平,S,3896.0000,3895.8000,3895.6000,3895.4000,3895.2000,3896.8000,3897.0000,3897.2000,3897.6000,3897.8000,2,1,3,1,1,2,1,2,1,1
SF,IF2009,2020-06-10 09:33:34.700,3896.0000,30299,0,306163680.000,0,-,-,-,-,3896.0000,3895.6000,3895.4000,3895.2000,3894.0000,3896.8000,3897.0000,3897.2000,3897.6000,3897.8000,1,3,1,1,1,2,1,2,1,1
SF,IF2009,2020-06-10 09:33:35.200,3896.0000,30299,0,306163680.000,0,-,-,-,-,3896.0000,3895.6000,3895.4000,3895.2000,3894.0000,3896.6000,3896.8000,3897.0000,3897.2000,3897.6000,1,3,1,1,1,3,2,1,2,1
SF,IF2009,2020-06-10 09:33:35.700,3896.0000,30299,0,306163680.000,0,-,-,-,-,3895.6000,3895.4000,3895.2000,3894.0000,3893.8000,3896.4000,3896.6000,3896.8000,3897.0000,3897.2000,3,1,1,1,1,1,3,2,1,2
SF,IF2009,2020-06-10 09:33:36.200,3896.0000,30299,0,306163680.000,0,-,-,-,-,3896.0000,3895.8000,3895.6000,3895.4000,3895.2000,3896.6000,3896.8000,3897.0000,3897.2000,3897.6000,1,1,3,1,1,2,2,1,2,1
SF,IF2009,2020-06-10 09:33:37.700,3896.6000,30298,-1,307332660.000,1,0,1,双平,S,3896.0000,3895.8000,3895.6000,3895.4000,3895.2000,3896.6000,3896.8000,3897.0000,3897.2000,3897.6000,1,1,3,1,1,1,2,1,2,1
SF,IF2009,2020-06-10 09:33:38.200,3896.0000,30297,-1,308501460.000,1,0,1,双平,S,3895.8000,3895.6000,3895.4000,3895.2000,3894.0000,3896.8000,3897.0000,3897.2000,3897.6000,3897.8000,1,3,1,1,1,2,1,2,1,1
SF,IF2009,2020-06-10 09:33:38.700,3896.0000,30297,0,308501460.000,0,-,-,-,-,3896.0000,3895.6000,3895.4000,3895.2000,3894.0000,3896.8000,3897.0000,3897.2000,3897.6000,3897.8000,1,3,1,1,1,2,1,2,1,1
SF,IF2009,2020-06-10 09:33:39.200,3896.0000,30297,0,308501460.000,0,-,-,-,-,3896.0000,3895.8000,3895.6000,3895.4000,3895.2000,3896.8000,3897.0000,3897.2000,3897.6000,3897.8000,4,1,3,1,1,1,1,2,1,1
SF,IF2009,2020-06-10 09:33:39.700,3896.0000,30297,0,308501460.000,0,-,-,-,-,3896.0000,3895.6000,3895.4000,3895.2000,3894.0000,3896.8000,3897.0000,3897.2000,3897.6000,3897.8000,2,3,1,1,1,1,1,2,1,1
SF,IF2009,2020-06-10 09:33:40.200,3896.0000,30296,-1,309670260.000,1,0,1,双平,S,3896.0000,3895.6000,3895.4000,3895.2000,3894.0000,3896.6000,3896.8000,3897.2000,3897.6000,3897.8000,1,3,1,1,1,1,1,2,1,1
SF,IF2009,2020-06-10 09:33:40.700,3896.0000,30296,0,309670260.000,0,-,-,-,-,3896.0000,3895.6000,3895.4000,3895.2000,3894.0000,3896.8000,3897.2000,3897.6000,3897.8000,3898.2000,1,3,1,1,1,1,2,1,1,1
SF,IF2009,2020-06-10 09:33:41.200,3896.0000,30296,0,309670260.000,0,-,-,-,-,3896.0000,3895.6000,3895.4000,3895.2000,3894.0000,3896.6000,3896.8000,3897.2000,3897.6000,3897.8000,1,3,1,1,1,1,2,2,1,1
SF,IF2009,2020-06-10 09:33:41.700,3896.0000,30296,0,309670260.000,0,-,-,-,-,3896.0000,3895.6000,3895.4000,3895.2000,3894.0000,3896.4000,3896.8000,3897.2000,3897.6000,3897.8000,1,3,1,1,1,1,3,2,1,1
SF,IF2009,2020-06-10 09:33:42.200,3896.0000,30296,0,309670260.000,0,-,-,-,-,3896.0000,3895.6000,3895.4000,3895.2000,3894.0000,3896.8000,3897.2000,3897.6000,3897.8000,3898.2000,1,3,1,1,1,3,2,1,1,1
SF,IF2009,2020-06-10 09:33:42.700,3896.0000,30296,0,309670260.000,0,-,-,-,-,3896.0000,3895.6000,3895.4000,3895.2000,3894.0000,3896.8000,3897.2000,3897.6000,3897.8000,3898.2000,1,3,1,1,1,2,2,1,1,1
SF,IF2009,2020-06-10 09:33:44.200,3896.0000,30296,0,309670260.000,0,-,-,-,-,3896.0000,3895.6000,3895.4000,3895.2000,3894.0000,3896.6000,3896.8000,3897.2000,3897.6000,3897.8000,1,3,1,1,1,2,2,2,1,1
SF,IF2009,2020-06-10 09:33:44.700,3896.0000,30296,0,310839060.000,1,0,1,多换,S,3895.6000,3895.4000,3895.2000,3894.0000,3893.8000,3896.0000,3896.6000,3896.8000,3897.2000,3897.6000,3,1,1,1,1,1,3,2,2,1
SF,IF2009,2020-06-10 09:33:45.200,3896.0000,30296,0,310839060.000,0,-,-,-,-,3895.6000,3895.4000,3895.2000,3894.0000,3893.8000,3896.0000,3896.6000,3896.8000,3897.2000,3897.6000,3,1,1,1,1,1,2,3,2,1
SF,IF2009,2020-06-10 09:33:45.700,3896.0000,30296,0,310839060.000,0,-,-,-,-,3895.6000,3895.4000,3895.2000,3894.0000,3893.8000,3896.0000,3896.6000,3896.8000,3897.2000,3897.6000,3,1,1,1,1,1,1,3,2,1
SF,IF2009,2020-06-10 09:33:46.200,3896.0000,30296,0,310839060.000,0,-,-,-,-,3895.6000,3895.4000,3895.2000,3894.0000,3893.8000,3896.0000,3896.8000,3897.2000,3897.6000,3897.8000,3,1,1,1,1,1,3,2,1,1
SF,IF2009,2020-06-10 09:33:46.700,3896.0000,30296,0,310839060.000,0,-,-,-,-,3895.6000,3895.4000,3895.2000,3894.0000,3893.8000,3896.0000,3896.8000,3897.2000,3897.6000,3897.8000,3,1,1,1,1,1,3,2,1,1
SF,IF2009,2020-06-10 09:33:47.200,3895.6000,30296,0,312007740.000,1,0,1,多换,S,3895.6000,3895.4000,3895.2000,3894.0000,3893.8000,3896.0000,3896.8000,3897.2000,3897.6000,3897.8000,2,1,1,1,1,1,3,2,1,1
SF,IF2009,2020-06-10 09:33:47.700,3895.6000,30296,0,312007740.000,0,-,-,-,-,3895.6000,3895.4000,3895.2000,3894.0000,3893.8000,3896.0000,3896.8000,3897.2000,3897.6000,3897.8000,2,1,1,1,1,1,4,2,1,1
SF,IF2009,2020-06-10 09:33:48.200,3895.6000,30296,0,312007740.000,0,-,-,-,-,3895.6000,3895.4000,3895.2000,3894.0000,3893.8000,3896.0000,3896.8000,3897.2000,3897.6000,3897.8000,2,1,1,1,1,1,4,2,1,1
SF,IF2009,2020-06-10 09:33:48.700,3895.6000,30296,0,312007740.000,0,-,-,-,-,3895.6000,3895.4000,3895.2000,3894.0000,3893.8000,3896.0000,3896.6000,3896.8000,3897.2000,3897.6000,2,1,1,1,1,1,1,4,2,1
SF,IF2009,2020-06-10 09:33:49.200,3895.6000,30297,1,314345100.000,2,1,1,空开,S,3895.4000,3895.2000,3894.0000,3893.8000,3893.0000,3896.0000,3896.6000,3896.8000,3897.2000,3897.6000,1,1,1,1,1,1,1,4,2,1
SF,IF2009,2020-06-10 09:33:50.700,3895.6000,30297,0,314345100.000,0,-,-,-,-,3895.4000,3895.2000,3894.0000,3893.8000,3893.0000,3896.0000,3896.6000,3896.8000,3897.2000,3897.6000,1,1,1,1,1,1,1,4,2,1
SF,IF2009,2020-06-10 09:33:51.200,3895.4000,30297,0,315513720.000,1,0,1,多换,S,3895.2000,3894.0000,3893.8000,3893.0000,3892.8000,3896.0000,3896.6000,3896.8000,3897.2000,3897.6000,1,1,1,1,1,1,1,4,2,1
SF,IF2009,2020-06-10 09:33:51.700,3895.4000,30297,0,315513720.000,0,-,-,-,-,3895.2000,3894.0000,3893.8000,3893.0000,3892.8000,3895.8000,3896.0000,3896.6000,3896.8000,3897.2000,1,1,1,1,1,1,1,1,4,2
SF,IF2009,2020-06-10 09:33:53.700,3895.4000,30297,0,315513720.000,0,-,-,-,-,3895.2000,3894.0000,3893.8000,3893.0000,3892.8000,3895.8000,3896.0000,3896.6000,3896.8000,3897.2000,1,1,1,1,1,1,1,1,5,2
SF,IF2009,2020-06-10 09:33:54.200,3895.2000,30297,0,316682280.000,1,0,1,多换,S,3893.8000,3893.0000,3892.8000,3892.4000,3892.2000,3895.2000,3895.8000,3896.0000,3896.6000,3896.8000,1,1,1,1,1,2,2,1,1,5
SF,IF2009,2020-06-10 09:33:54.700,3895.2000,30297,0,317850840.000,1,0,1,多换,S,3894.0000,3893.8000,3893.0000,3892.8000,3892.4000,3895.2000,3895.8000,3896.0000,3896.6000,3896.8000,5,1,1,1,1,3,1,1,1,5
SF,IF2009,2020-06-10 09:33:57.700,3895.2000,30297,0,317850840.000,0,-,-,-,-,3894.0000,3893.8000,3893.0000,3892.8000,3892.4000,3895.2000,3895.8000,3896.0000,3896.6000,3896.8000,5,1,1,1,1,3,1,1,1,5
SF,IF2009,2020-06-10 09:33:58.200,3895.2000,30297,0,317850840.000,0,-,-,-,-,3894.0000,3893.8000,3893.0000,3892.8000,3892.4000,3895.0000,3895.2000,3896.0000,3896.6000,3896.8000,5,1,1,1,1,3,3,1,1,5
SF,IF2009,2020-06-10 09:33:58.700,3895.2000,30297,0,317850840.000,0,-,-,-,-,3894.2000,3894.0000,3893.8000,3893.0000,3892.8000,3895.0000,3895.2000,3896.6000,3896.8000,3897.2000,1,5,1,1,1,2,3,1,4,1
SF,IF2009,2020-06-10 09:33:59.200,3894.2000,30297,0,319019100.000,1,0,1,多换,S,3894.0000,3893.8000,3893.0000,3892.8000,3892.4000,3895.0000,3895.2000,3896.6000,3896.8000,3897.2000,4,1,1,1,1,2,3,1,4,1
SF,IF2009,2020-06-10 09:33:59.700,3894.2000,30297,0,319019100.000,0,-,-,-,-,3894.0000,3893.8000,3893.0000,3892.8000,3892.4000,3895.0000,3895.2000,3896.6000,3896.8000,3897.2000,2,1,1,1,1,1,3,1,4,1
SF,IF2009,2020-06-10 09:34:00.200,3894.2000,30297,0,319019100.000,0,-,-,-,-,3893.8000,3893.0000,3892.8000,3892.4000,3892.2000,3894.8000,3895.0000,3895.2000,3896.6000,3896.8000,1,1,1,1,1,1,1,3,1,4
SF,IF2009,2020-06-10 09:34:00.700,3894.2000,30297,0,319019100.000,0,-,-,-,-,3894.2000,3894.0000,3893.8000,3893.0000,3892.8000,3894.8000,3895.2000,3896.6000,3896.8000,3897.2000,5,2,2,1,1,1,2,1,4,1
SF,IF2009,2020-06-10 09:34:01.200,3894.2000,30297,0,319019100.000,0,-,-,-,-,3894.4000,3894.2000,3893.8000,3893.0000,3892.8000,3895.0000,3895.2000,3896.6000,3896.8000,3897.2000,1,1,2,1,1,1,2,1,4,1
SF,IF2009,2020-06-10 09:34:01.700,3894.4000,30296,-1,320187420.000,1,0,1,双平,S,3894.2000,3893.8000,3893.0000,3892.8000,3892.4000,3895.0000,3895.2000,3896.6000,3896.8000,3897.2000,1,2,1,1,1,1,2,1,4,1
SF,IF2009,2020-06-10 09:34:02.200,3894.4000,30296,0,320187420.000,0,-,-,-,-,3894.2000,3893.8000,3893.0000,3892.8000,3892.4000,3895.0000,3895.2000,3896.6000,3896.8000,3897.2000,1,1,1,1,1,1,2,1,4,1
SF,IF2009,2020-06-10 09:34:02.700,3894.2000,30296,0,321355680.000,1,0,1,多换,S,3893.8000,3893.0000,3892.8000,3892.4000,3892.2000,3895.0000,3895.2000,3896.6000,3896.8000,3897.2000,1,1,1,1,1,1,2,1,4,1
SF,IF2009,2020-06-10 09:34:03.200,3894.2000,30296,0,321355680.000,0,-,-,-,-,3893.8000,3893.0000,3892.8000,3892.4000,3892.2000,3894.8000,3895.0000,3895.2000,3896.6000,3896.8000,1,1,1,1,1,2,1,2,1,4
SF,IF2009,2020-06-10 09:34:03.700,3893.8000,30295,-1,322523820.000,1,0,1,双平,S,3893.0000,3892.8000,3892.4000,3892.2000,3892.0000,3894.8000,3895.0000,3895.2000,3896.6000,3896.8000,1,1,1,1,1,2,1,2,1,4
SF,IF2009,2020-06-10 09:34:04.200,3893.8000,30295,0,322523820.000,0,-,-,-,-,3893.0000,3892.8000,3892.4000,3892.2000,3892.0000,3894.6000,3894.8000,3895.2000,3896.6000,3896.8000,1,1,1,1,1,5,3,2,1,4
SF,IF2009,2020-06-10 09:34:04.700,3893.0000,30295,0,323691720.000,1,0,1,多换,S,3892.8000,3892.4000,3892.2000,3892.0000,3891.8000,3894.2000,3894.4000,3894.6000,3894.8000,3895.2000,1,1,1,1,1,1,5,4,1,2
SF,IF2009,2020-06-10 09:34:05.200,3894.0000,30297,2,326028120.000,2,2,0,双开,S,3892.8000,3892.4000,3892.2000,3892.0000,3891.8000,3894.0000,3894.2000,3894.4000,3894.6000,3894.8000,1,1,1,1,1,3,2,4,2,1
SF,IF2009,2020-06-10 09:34:05.700,3892.8000,30297,0,327195960.000,1,0,1,多换,S,3892.4000,3892.2000,3892.0000,3891.8000,3891.6000,3893.8000,3894.0000,3894.2000,3894.4000,3894.6000,1,1,1,1,1,1,3,3,3,2
SF,IF2009,2020-06-10 09:34:06.200,3892.8000,30297,0,327195960.000,0,-,-,-,-,3892.6000,3892.4000,3892.2000,3892.0000,3891.8000,3893.6000,3893.8000,3894.0000,3894.2000,3894.4000,1,1,1,1,1,1,1,1,3,3
SF,IF2009,2020-06-10 09:34:06.700,3892.8000,30297,0,327195960.000,0,-,-,-,-,3892.6000,3892.4000,3892.2000,3892.0000,3891.8000,3893.6000,3894.0000,3894.2000,3894.4000,3894.6000,1,1,1,1,1,1,1,2,3,1
SF,IF2009,2020-06-10 09:34:07.200,3892.8000,30295,-2,329531640.000,2,0,2,双平,S,3892.6000,3892.4000,3892.2000,3892.0000,3891.8000,3892.8000,3893.6000,3894.0000,3894.2000,3894.4000,1,1,1,1,1,2,1,1,2,2
SF,IF2009,2020-06-10 09:34:07.700,3892.8000,30293,-2,331867320.000,2,0,2,双平,S,3892.8000,3892.6000,3892.4000,3892.2000,3892.0000,3893.4000,3893.6000,3894.2000,3894.4000,3894.8000,4,1,1,1,1,2,2,1,2,1
SF,IF2009,2020-06-10 09:34:08.200,3892.6000,30289,-4,336538620.000,4,0,4,双平,S,3892.4000,3892.2000,3892.0000,3891.8000,3891.6000,3893.6000,3894.2000,3894.4000,3894.8000,3895.2000,1,1,1,1,1,2,1,2,1,2
SF,IF2009,2020-06-10 09:34:08.700,3892.6000,30289,0,336538620.000,0,-,-,-,-,3892.8000,3892.4000,3892.2000,3892.0000,3891.8000,3893.4000,3893.6000,3894.2000,3894.4000,3894.8000,1,1,1,1,1,4,1,1,2,1
SF,IF2009,2020-06-10 09:34:09.200,3892.6000,30289,0,337706400.000,1,0,1,多换,S,3892.6000,3892.4000,3892.2000,3892.0000,3891.8000,3893.4000,3894.2000,3894.4000,3894.8000,3895.2000,1,2,1,1,1,2,1,2,1,2
SF,IF2009,2020-06-10 09:34:09.700,3892.6000,30289,0,337706400.000,0,-,-,-,-,3892.6000,3892.4000,3892.2000,3892.0000,3891.8000,3892.8000,3893.2000,3894.2000,3894.4000,3894.8000,1,2,1,1,1,1,1,1,2,1
SF,IF2009,2020-06-10 09:34:10.200,3892.8000,30289,0,338874240.000,1,0,1,多换,S,3892.6000,3892.4000,3892.2000,3892.0000,3891.8000,3893.2000,3894.2000,3894.4000,3894.8000,3895.2000,2,1,1,1,1,1,1,2,1,2
SF,IF2009,2020-06-10 09:34:10.700,3892.4000,30287,-2,342377520.000,3,0,3,多平,S,3892.2000,3892.0000,3891.8000,3891.6000,3891.4000,3893.2000,3894.2000,3894.4000,3894.8000,3895.2000,1,1,1,1,1,1,1,2,1,2
SF,IF2009,2020-06-10 09:34:11.200,3892.4000,30287,0,342377520.000,0,-,-,-,-,3892.2000,3892.0000,3891.8000,3891.6000,3891.4000,3893.0000,3893.2000,3894.2000,3894.4000,3894.8000,1,1,1,1,1,3,2,1,2,1
SF,IF2009,2020-06-10 09:34:11.700,3892.2000,30287,0,343545180.000,1,0,1,多换,S,3892.0000,3891.8000,3891.6000,3891.4000,3891.2000,3892.8000,3893.0000,3893.2000,3894.2000,3894.4000,1,1,1,1,4,2,6,2,1,2
SF,IF2009,2020-06-10 09:34:12.200,3892.0000,30287,0,344712780.000,1,0,1,多换,S,3891.8000,3891.6000,3891.4000,3891.2000,3891.0000,3892.6000,3892.8000,3893.0000,3894.2000,3894.4000,1,1,1,4,1,4,3,3,1,2
SF,IF2009,2020-06-10 09:34:12.700,3891.8000,30287,0,345880320.000,1,0,1,多换,S,3891.6000,3891.4000,3891.2000,3891.0000,3890.8000,3892.4000,3892.6000,3892.8000,3893.0000,3894.2000,1,1,4,1,1,5,2,2,1,1
SF,IF2009,2020-06-10 09:34:13.200,3891.2000,30286,-1,349382580.000,3,1,2,多平,S,3891.2000,3891.0000,3890.8000,3890.6000,3890.4000,3892.2000,3892.4000,3892.6000,3892.8000,3893.0000,3,1,1,1,1,1,4,1,2,1
SF,IF2009,2020-06-10 09:34:13.700,3891.2000,30286,0,349382580.000,0,-,-,-,-,3891.2000,3891.0000,3890.8000,3890.6000,3890.4000,3892.0000,3892.6000,3893.0000,3894.2000,3894.4000,3,1,1,1,1,3,1,1,1,2
SF,IF2009,2020-06-10 09:34:14.200,3891.2000,30286,0,349382580.000,0,-,-,-,-,3891.2000,3891.0000,3890.8000,3890.6000,3890.4000,3892.0000,3892.6000,3893.0000,3894.2000,3894.4000,3,1,1,1,1,3,1,1,1,2
SF,IF2009,2020-06-10 09:34:14.700,3891.2000,30286,0,349382580.000,0,-,-,-,-,3891.2000,3891.0000,3890.8000,3890.6000,3890.4000,3892.0000,3892.6000,3894.2000,3894.4000,3894.8000,3,1,1,1,1,1,1,1,2,1
SF,IF2009,2020-06-10 09:34:15.200,3892.0000,30284,-2,351717780.000,2,0,2,双平,S,3891.2000,3891.0000,3890.8000,3890.6000,3890.4000,3892.6000,3894.2000,3894.4000,3894.8000,3895.0000,3,1,1,1,1,1,1,2,1,1
SF,IF2009,2020-06-10 09:34:15.700,3892.0000,30284,0,351717780.000,0,-,-,-,-,3891.2000,3891.0000,3890.8000,3890.6000,3890.4000,3892.4000,3892.6000,3894.2000,3894.4000,3894.8000,3,1,1,1,1,6,1,1,2,1
SF,IF2009,2020-06-10 09:34:16.200,3891.2000,30283,-1,354052560.000,2,0,2,多平,S,3891.2000,3891.0000,3890.8000,3890.6000,3890.4000,3892.4000,3892.6000,3894.2000,3894.4000,3894.8000,2,1,1,1,1,5,1,1,2,1
SF,IF2009,2020-06-10 09:34:16.700,3891.2000,30283,0,354052560.000,0,-,-,-,-,3891.2000,3891.0000,3890.8000,3890.6000,3890.4000,3892.2000,3892.4000,3892.6000,3894.2000,3894.4000,2,1,1,1,1,4,5,1,1,1
SF,IF2009,2020-06-10 09:34:17.200,3891.2000,30282,-1,356387280.000,2,0,2,多平,S,3891.0000,3890.8000,3890.6000,3890.4000,3890.2000,3892.0000,3892.2000,3892.6000,3894.2000,3894.4000,1,1,1,1,1,6,3,1,1,1
SF,IF2009,2020-06-10 09:34:17.700,3891.0000,30282,0,357554580.000,1,0,1,多换,S,3890.8000,3890.6000,3890.4000,3890.2000,3890.0000,3891.8000,3892.0000,3892.6000,3894.2000,3894.4000,1,1,1,1,3,4,3,1,1,1
SF,IF2009,2020-06-10 09:34:18.200,3890.8000,30282,0,358721820.000,1,0,1,多换,S,3890.6000,3890.4000,3890.2000,3890.0000,3889.8000,3890.8000,3891.6000,3891.8000,3892.0000,3892.6000,1,1,1,3,1,1,3,2,2,1
SF,IF2009,2020-06-10 09:34:18.700,3890.8000,30281,-1,359889060.000,1,0,1,双平,S,3890.6000,3890.4000,3890.2000,3890.0000,3889.8000,3891.6000,3891.8000,3892.0000,3894.2000,3894.4000,1,1,1,3,1,1,1,2,1,1
SF,IF2009,2020-06-10 09:34:19.200,3890.8000,30281,0,359889060.000,0,-,-,-,-,3890.6000,3890.4000,3890.2000,3890.0000,3889.8000,3891.6000,3891.8000,3892.0000,3894.2000,3894.4000,1,1,1,3,1,1,1,2,1,1
SF,IF2009,2020-06-10 09:34:19.700,3890.6000,30281,0,361056240.000,1,0,1,多换,S,3890.4000,3890.2000,3890.0000,3889.8000,3889.6000,3891.4000,3891.6000,3891.8000,3894.2000,3894.4000,1,1,3,1,1,2,1,1,1,1
SF,IF2009,2020-06-10 09:34:20.200,3891.4000,30278,-3,364558260.000,3,0,3,双平,S,3890.6000,3890.4000,3890.2000,3890.0000,3889.8000,3891.6000,3891.8000,3894.2000,3894.4000,3894.8000,4,2,1,3,1,1,1,1,1,1
SF,IF2009,2020-06-10 09:34:20.700,3891.6000,30277,-1,365725740.000,1,0,1,双平,S,3890.6000,3890.4000,3890.2000,3890.0000,3889.8000,3894.2000,3894.4000,3894.8000,3895.0000,3895.2000,6,2,1,3,1,1,1,1,2,2
SF,IF2009,2020-06-10 09:34:21.200,3891.6000,30277,0,365725740.000,0,-,-,-,-,3891.0000,3890.8000,3890.6000,3890.4000,3890.2000,3893.2000,3893.6000,3893.8000,3894.0000,3894.2000,1,2,2,2,1,1,1,2,9,2
SF,IF2009,2020-06-10 09:34:21.700,3891.6000,30277,0,365725740.000,0,-,-,-,-,3891.2000,3890.8000,3890.4000,3890.2000,3890.0000,3893.0000,3893.2000,3893.8000,3894.0000,3894.2000,3,1,1,1,3,4,1,2,6,2
SF,IF2009,2020-06-10 09:34:22.200,3891.2000,30276,-1,368060460.000,2,0,2,多平,S,3890.4000,3890.2000,3890.0000,3889.8000,3889.6000,3892.8000,3893.0000,3893.2000,3894.0000,3894.2000,1,1,3,1,1,4,5,3,6,2
SF,IF2009,2020-06-10 09:34:22.700,3891.2000,30276,0,368060460.000,0,-,-,-,-,3890.4000,3890.2000,3890.0000,3889.8000,3889.6000,3890.6000,3892.4000,3892.6000,3892.8000,3893.0000,1,1,3,1,1,1,1,7,5,2
SF,IF2009,2020-06-10 09:34:23.200,3890.6000,30275,-1,369227640.000,1,0,1,双平,S,3891.0000,3890.8000,3890.6000,3890.4000,3890.2000,3892.4000,3892.6000,3892.8000,3893.0000,3893.2000,1,2,7,1,1,1,6,5,1,2
SF,IF2009,2020-06-10 09:34:23.700,3890.6000,30275,0,369227640.000,0,-,-,-,-,3891.6000,3891.2000,3891.0000,3890.6000,3890.4000,3892.2000,3892.4000,3892.6000,3892.8000,3893.2000,1,1,1,4,1,3,1,4,5,1
SF,IF2009,2020-06-10 09:34:24.200,3890.6000,30275,0,369227640.000,0,-,-,-,-,3891.6000,3891.2000,3891.0000,3890.6000,3890.4000,3892.0000,3892.2000,3892.4000,3892.6000,3892.8000,1,1,2,4,1,1,3,1,3,4
SF,IF2009,2020-06-10 09:34:24.700,3891.6000,30274,-1,371562600.000,2,0,2,多平,S,3891.2000,3891.0000,3890.6000,3890.4000,3890.2000,3892.6000,3892.8000,3894.0000,3894.2000,3894.4000,1,2,4,1,1,3,4,2,2,1
SF,IF2009,2020-06-10 09:34:25.200,3891.4000,30274,0,373897440.000,2,1,1,多换,S,3892.2000,3891.4000,3891.2000,3891.0000,3890.6000,3894.0000,3894.2000,3894.8000,3895.0000,3896.6000,1,1,1,2,4,1,2,1,2,1
SF,IF2009,2020-06-10 09:34:25.700,3892.2000,30273,-1,375065100.000,1,0,1,双平,S,3891.0000,3890.6000,3890.4000,3890.2000,3890.0000,3892.4000,3893.0000,3893.2000,3893.6000,3893.8000,1,4,1,1,2,1,3,2,1,6
SF,IF2009,2020-06-10 09:34:26.200,3892.2000,30273,0,375065100.000,0,-,-,-,-,3891.2000,3891.0000,3890.6000,3890.4000,3890.2000,3892.2000,3892.4000,3893.2000,3893.6000,3893.8000,1,1,4,1,1,1,2,2,2,4
SF,IF2009,2020-06-10 09:34:26.700,3892.2000,30273,0,375065100.000,0,-,-,-,-,3891.0000,3890.6000,3890.4000,3890.2000,3890.0000,3892.2000,3892.4000,3893.2000,3893.6000,3893.8000,2,4,1,1,2,2,1,2,2,4
SF,IF2009,2020-06-10 09:34:27.200,3891.2000,30272,-1,377399820.000,2,0,2,多平,S,3891.0000,3890.6000,3890.4000,3890.2000,3890.0000,3892.2000,3892.4000,3893.2000,3893.6000,3893.8000,2,4,1,1,2,1,1,2,2,4
SF,IF2009,2020-06-10 09:34:27.700,3891.2000,30272,0,377399820.000,0,-,-,-,-,3891.0000,3890.6000,3890.4000,3890.2000,3890.0000,3892.2000,3893.2000,3893.6000,3893.8000,3894.0000,2,4,1,1,2,1,2,2,4,2
SF,IF2009,2020-06-10 09:34:28.200,3891.2000,30272,0,377399820.000,0,-,-,-,-,3891.2000,3891.0000,3890.6000,3890.4000,3890.2000,3893.2000,3893.6000,3893.8000,3894.0000,3894.2000,3,2,4,1,1,2,2,4,1,2
SF,IF2009,2020-06-10 09:34:28.700,3891.2000,30272,0,377399820.000,0,-,-,-,-,3891.0000,3890.6000,3890.4000,3890.2000,3890.0000,3892.2000,3893.0000,3893.2000,3893.6000,3893.8000,2,4,1,1,2,1,5,1,1,4
SF,IF2009,2020-06-10 09:34:29.200,3891.2000,30272,0,377399820.000,0,-,-,-,-,3891.4000,3891.2000,3891.0000,3890.6000,3890.4000,3893.0000,3893.2000,3893.6000,3893.8000,3894.0000,1,2,2,4,1,3,1,1,4,1
SF,IF2009,2020-06-10 09:34:29.700,3891.2000,30272,0,377399820.000,0,-,-,-,-,3891.4000,3891.2000,3891.0000,3890.6000,3890.4000,3892.8000,3893.0000,3893.2000,3893.6000,3893.8000,1,1,2,4,1,1,3,1,1,4
SF,IF2009,2020-06-10 09:34:30.200,3891.2000,30272,0,377399820.000,0,-,-,-,-,3891.6000,3891.4000,3891.0000,3890.6000,3890.4000,3892.6000,3893.0000,3893.2000,3893.6000,3893.8000,1,2,2,5,1,2,2,1,1,4
SF,IF2009,2020-06-10 09:34:30.700,3891.6000,30271,-1,378567300.000,1,0,1,双平,S,3891.4000,3891.0000,3890.6000,3890.4000,3890.2000,3892.6000,3893.0000,3893.6000,3893.8000,3894.0000,1,2,3,1,1,2,2,1,4,1
SF,IF2009,2020-06-10 09:34:31.200,3891.6000,30271,0,378567300.000,0,-,-,-,-,3891.6000,3891.4000,3891.0000,3890.6000,3890.4000,3892.6000,3893.0000,3893.8000,3894.0000,3894.8000,2,1,2,3,1,1,2,3,1,1
SF,IF2009,2020-06-10 09:34:31.700,3892.4000,30271,0,379735020.000,1,0,1,多换,S,3891.0000,3890.6000,3890.4000,3890.2000,3890.0000,3892.6000,3893.0000,3893.8000,3894.0000,3894.8000,2,3,1,1,2,1,2,3,1,1
SF,IF2009,2020-06-10 09:34:32.200,3891.2000,30271,0,380902380.000,1,0,1,多换,S,3891.2000,3891.0000,3890.6000,3890.4000,3890.2000,3892.6000,3893.0000,3893.8000,3894.0000,3894.8000,1,2,3,1,1,3,2,3,1,1
SF,IF2009,2020-06-10 09:34:32.700,3891.2000,30271,0,380902380.000,0,-,-,-,-,3891.2000,3891.0000,3890.6000,3890.4000,3890.2000,3892.6000,3893.0000,3893.8000,3894.0000,3894.8000,1,2,3,1,1,1,2,3,1,1
SF,IF2009,2020-06-10 09:34:33.200,3891.2000,30271,0,380902380.000,0,-,-,-,-,3891.2000,3891.0000,3890.6000,3890.4000,3890.2000,3892.4000,3892.6000,3893.0000,3893.8000,3894.0000,1,2,3,1,1,1,1,2,3,1
SF,IF2009,2020-06-10 09:34:33.700,3891.2000,30271,0,380902380.000,0,-,-,-,-,3891.2000,3891.0000,3890.6000,3890.4000,3890.2000,3892.2000,3892.4000,3893.0000,3893.8000,3894.0000,3,2,3,1,1,1,1,2,3,1
SF,IF2009,2020-06-10 09:34:34.200,3892.2000,30270,-1,382070040.000,1,0,1,双平,S,3891.4000,3891.2000,3891.0000,3890.6000,3890.4000,3892.4000,3893.0000,3893.8000,3894.0000,3894.8000,2,3,2,3,1,1,2,3,1,1
SF,IF2009,2020-06-10 09:34:34.700,3891.4000,30270,0,384404880.000,2,1,1,多换,S,3891.2000,3891.0000,3890.6000,3890.4000,3890.2000,3892.0000,3892.4000,3893.0000,3893.8000,3894.0000,1,2,3,1,1,1,1,2,3,1
SF,IF2009,2020-06-10 09:34:35.200,3891.4000,30270,0,384404880.000,0,-,-,-,-,3891.4000,3891.0000,3890.6000,3890.4000,3890.2000,3892.0000,3892.4000,3893.0000,3893.8000,3894.0000,1,2,3,1,1,1,1,1,3,1
