市场代码,合约代码,时间,最新,持仓,增仓,成交额,成交量,开仓,平仓,成交类型,方向,买一价,买二价,买三价,买四价,买五价,卖一价,卖二价,卖三价,卖四价,卖五价,买一量,买二量,买三量,买四量,买五量,卖一量,卖二量,卖三量,卖四量,卖五量
SF,IF2011,2020-09-29 09:29:00.400,4571.0000,4376,0,1371300.000,1.000,-,-,-,-,4570.8000,4570.6000,4569.2000,4567.8000,4565.8000,4572.0000,4576.0000,4578.8000,4582.0000,4583.0000,1,1,1,1,1,1,1,1,1,2
SF,IF2011,2020-09-29 09:30:00.400,4572.0000,4375,-1,2742900.000,1,0,1,双平,S,4572.0000,4570.8000,4570.6000,4569.2000,4567.8000,4576.0000,4576.4000,4578.8000,4579.6000,4582.0000,1,1,1,1,1,1,1,1,1,1
SF,IF2011,2020-09-29 09:30:00.900,4572.0000,4375,0,2742900.000,0,-,-,-,-,4572.2000,4572.0000,4570.8000,4570.6000,4563.4000,4575.6000,4576.0000,4576.4000,4578.8000,4579.6000,2,2,1,1,1,1,2,1,1,1
SF,IF2011,2020-09-29 09:30:01.400,4572.0000,4375,0,2742900.000,0,-,-,-,-,4573.0000,4572.4000,4572.2000,4572.0000,4570.6000,4575.4000,4576.0000,4576.4000,4578.8000,4579.6000,1,4,3,2,1,1,1,1,1,1
SF,IF2011,2020-09-29 09:30:01.900,4574.2000,4372,-3,6860580.000,3,0,3,双平,S,4573.8000,4573.2000,4573.0000,4572.4000,4572.2000,4576.4000,4578.8000,4579.6000,4582.0000,4583.0000,6,1,1,1,1,1,1,1,1,2
SF,IF2011,2020-09-29 09:30:02.400,4576.4000,4371,-1,8233500.000,1,0,1,双平,S,4574.4000,4574.0000,4573.8000,4573.0000,4572.4000,4578.8000,4579.6000,4582.0000,4583.0000,4587.2000,2,2,7,1,1,1,1,1,2,1
SF,IF2011,2020-09-29 09:30:02.900,4574.6000,4371,0,9605880.000,1,0,1,多换,S,4572.4000,4572.0000,4570.6000,4570.0000,4562.0000,4575.4000,4577.4000,4578.0000,4578.6000,4578.8000,1,1,1,1,5,1,1,4,1,1
SF,IF2011,2020-09-29 09:30:03.400,4573.8000,4369,-2,12350580.000,2,0,2,双平,S,4573.8000,4573.2000,4573.0000,4572.8000,4572.6000,4578.0000,4578.8000,4579.6000,4582.0000,4583.0000,5,1,2,2,1,4,1,1,1,2
SF,IF2011,2020-09-29 09:30:03.900,4573.8000,4369,0,12350580.000,0,-,-,-,-,4573.8000,4573.2000,4573.0000,4572.8000,4572.6000,4577.0000,4577.4000,4577.8000,4578.8000,4579.6000,1,1,1,1,1,1,1,1,1,1
SF,IF2011,2020-09-29 09:30:04.400,4573.8000,4369,0,12350580.000,0,-,-,-,-,4572.6000,4572.0000,4570.6000,4570.0000,4565.0000,4576.8000,4577.0000,4577.4000,4578.8000,4579.6000,1,1,1,1,5,1,1,1,1,1
SF,IF2011,2020-09-29 09:30:04.900,4573.8000,4369,0,12350580.000,0,-,-,-,-,4573.0000,4572.8000,4572.6000,4572.0000,4570.6000,4575.6000,4576.8000,4578.8000,4579.6000,4582.0000,1,1,1,1,1,1,1,1,1,1
SF,IF2011,2020-09-29 09:30:05.400,4575.4000,4368,-1,13723200.000,1,0,1,双平,S,4575.4000,4573.2000,4573.0000,4572.6000,4572.0000,4575.6000,4578.8000,4579.6000,4582.0000,4583.0000,1,2,1,1,1,1,1,1,1,2
SF,IF2011,2020-09-29 09:30:05.900,4575.6000,4367,-1,15095880.000,1,0,1,双平,S,4575.6000,4575.4000,4573.2000,4573.0000,4572.0000,4575.8000,4578.8000,4579.6000,4582.0000,4583.0000,3,1,1,1,1,1,1,1,1,2
SF,IF2011,2020-09-29 09:30:06.400,4575.8000,4366,-1,16468620.000,1,0,1,双平,S,4575.6000,4575.4000,4573.2000,4573.0000,4572.0000,4578.8000,4579.6000,4582.0000,4583.0000,4585.0000,2,1,1,1,1,1,1,1,2,5
SF,IF2011,2020-09-29 09:30:06.900,4575.8000,4366,0,16468620.000,0,-,-,-,-,4575.8000,4575.6000,4575.4000,4573.0000,4572.0000,4578.8000,4579.6000,4582.0000,4583.0000,4585.0000,2,3,1,1,1,1,1,1,2,5
SF,IF2011,2020-09-29 09:30:07.400,4575.8000,4366,0,16468620.000,0,-,-,-,-,4576.2000,4575.8000,4575.6000,4575.4000,4573.0000,4578.6000,4578.8000,4579.6000,4582.0000,4583.0000,1,2,3,1,1,1,1,1,1,2
SF,IF2011,2020-09-29 09:30:07.900,4575.8000,4366,0,16468620.000,0,-,-,-,-,4576.4000,4576.2000,4575.8000,4575.6000,4575.4000,4578.8000,4579.6000,4582.0000,4583.0000,4585.0000,1,1,1,3,1,1,1,1,2,5
SF,IF2011,2020-09-29 09:30:09.400,4575.8000,4366,0,17841360.000,1,0,1,多换,S,4576.2000,4575.8000,4575.6000,4575.4000,4573.0000,4578.8000,4579.6000,4582.0000,4583.0000,4585.0000,1,1,3,1,1,1,1,1,2,5
SF,IF2011,2020-09-29 09:30:09.900,4575.8000,4366,0,17841360.000,0,-,-,-,-,4576.2000,4575.8000,4575.6000,4575.4000,4573.0000,4578.6000,4578.8000,4579.6000,4582.0000,4583.0000,1,1,3,1,1,2,1,1,1,2
SF,IF2011,2020-09-29 09:30:10.400,4575.8000,4366,0,17841360.000,0,-,-,-,-,4576.2000,4575.8000,4575.6000,4575.4000,4573.0000,4578.2000,4578.6000,4578.8000,4579.6000,4582.0000,1,1,3,1,1,2,1,1,1,1
SF,IF2011,2020-09-29 09:30:10.900,4576.2000,4365,-1,19214220.000,1,0,1,双平,S,4575.6000,4575.4000,4573.0000,4570.6000,4570.0000,4578.0000,4578.2000,4578.8000,4579.6000,4582.0000,3,1,1,1,1,2,2,1,1,1
SF,IF2011,2020-09-29 09:30:11.400,4576.2000,4365,0,19214220.000,0,-,-,-,-,4575.6000,4575.4000,4573.0000,4570.6000,4570.0000,4578.0000,4578.2000,4578.8000,4579.6000,4582.0000,3,1,1,1,1,2,2,1,1,1
SF,IF2011,2020-09-29 09:30:11.900,4576.2000,4362,-3,26077740.000,5,1,4,多平,S,4573.0000,4570.6000,4570.0000,4565.0000,4560.0000,4577.6000,4578.0000,4578.8000,4579.6000,4582.0000,1,1,1,5,1,2,6,1,1,1
SF,IF2011,2020-09-29 09:30:12.400,4576.2000,4362,0,26077740.000,0,-,-,-,-,4573.6000,4573.2000,4573.0000,4570.6000,4570.0000,4577.4000,4577.6000,4578.0000,4578.8000,4579.6000,1,3,1,1,1,2,2,5,1,1
SF,IF2011,2020-09-29 09:30:12.900,4576.2000,4362,0,26077740.000,0,-,-,-,-,4573.6000,4573.2000,4573.0000,4570.6000,4570.0000,4577.4000,4577.6000,4578.0000,4578.8000,4579.6000,1,3,1,1,1,3,2,4,1,1
SF,IF2011,2020-09-29 09:30:13.400,4576.2000,4362,0,26077740.000,0,-,-,-,-,4570.6000,4570.0000,4565.0000,4560.0000,4555.0000,4577.0000,4577.2000,4577.4000,4578.0000,4578.8000,1,1,5,1,1,2,1,2,4,1
SF,IF2011,2020-09-29 09:30:13.900,4576.2000,4362,0,26077740.000,0,-,-,-,-,4574.4000,4574.2000,4573.8000,4573.2000,4573.0000,4576.8000,4577.0000,4577.2000,4578.8000,4579.6000,1,1,6,2,1,1,2,1,1,1
SF,IF2011,2020-09-29 09:30:14.400,4576.2000,4362,0,26077740.000,0,-,-,-,-,4572.2000,4571.8000,4570.8000,4570.6000,4570.0000,4576.8000,4578.8000,4579.6000,4582.0000,4583.0000,1,1,1,1,1,1,1,1,1,2
SF,IF2011,2020-09-29 09:30:14.900,4576.2000,4362,0,26077740.000,0,-,-,-,-,4573.4000,4573.0000,4572.4000,4570.6000,4570.0000,4576.6000,4576.8000,4578.8000,4579.6000,4582.0000,1,2,4,1,1,1,1,1,1,1
SF,IF2011,2020-09-29 09:30:15.400,4576.2000,4362,0,26077740.000,0,-,-,-,-,4573.4000,4573.0000,4572.4000,4570.6000,4570.0000,4576.4000,4576.6000,4578.8000,4579.6000,4582.0000,1,1,3,1,1,1,1,1,1,1
SF,IF2011,2020-09-29 09:30:15.900,4576.2000,4362,0,26077740.000,0,-,-,-,-,4573.4000,4572.4000,4570.6000,4570.0000,4565.0000,4576.4000,4576.6000,4578.8000,4579.6000,4582.0000,1,1,1,1,5,1,1,1,1,1
SF,IF2011,2020-09-29 09:30:16.400,4576.2000,4362,0,26077740.000,0,-,-,-,-,4573.4000,4572.4000,4570.6000,4570.0000,4565.0000,4576.0000,4576.4000,4578.8000,4579.6000,4582.0000,1,1,1,1,5,1,1,1,1,1
SF,IF2011,2020-09-29 09:30:16.900,4576.2000,4362,0,26077740.000,0,-,-,-,-,4573.6000,4570.6000,4570.0000,4565.0000,4560.0000,4576.0000,4578.8000,4579.6000,4582.0000,4583.0000,1,1,1,5,1,1,1,1,1,2
SF,IF2011,2020-09-29 09:30:17.400,4573.6000,4362,0,27449820.000,1,0,1,多换,S,4570.6000,4570.0000,4565.0000,4560.0000,4555.0000,4575.8000,4576.0000,4578.8000,4579.6000,4582.0000,1,1,5,1,1,1,1,1,1,1
SF,IF2011,2020-09-29 09:30:17.900,4573.6000,4362,0,27449820.000,0,-,-,-,-,4572.2000,4572.0000,4571.8000,4571.0000,4570.8000,4575.8000,4576.0000,4578.8000,4579.6000,4582.0000,1,2,1,3,5,1,1,1,1,1
SF,IF2011,2020-09-29 09:30:18.400,4573.6000,4362,0,27449820.000,0,-,-,-,-,4572.6000,4572.0000,4571.8000,4571.0000,4570.8000,4575.4000,4575.8000,4578.8000,4579.6000,4582.0000,1,2,1,3,3,1,1,1,1,1
SF,IF2011,2020-09-29 09:30:18.900,4573.6000,4362,0,27449820.000,0,-,-,-,-,4572.6000,4572.0000,4571.8000,4571.0000,4570.8000,4575.2000,4578.8000,4579.6000,4582.0000,4583.0000,1,2,1,3,3,1,1,1,1,2
SF,IF2011,2020-09-29 09:30:19.400,4575.2000,4361,-1,28822380.000,1,0,1,双平,S,4572.8000,4572.6000,4572.0000,4571.8000,4571.0000,4578.8000,4579.6000,4582.0000,4583.0000,4583.8000,1,1,2,1,1,1,1,1,2,1
SF,IF2011,2020-09-29 09:30:19.900,4575.2000,4361,0,28822380.000,0,-,-,-,-,4572.8000,4572.6000,4572.0000,4571.0000,4570.8000,4576.4000,4576.6000,4576.8000,4577.4000,4577.6000,1,1,2,1,1,1,3,2,3,1
SF,IF2011,2020-09-29 09:30:20.400,4575.2000,4361,0,28822380.000,0,-,-,-,-,4573.0000,4572.8000,4572.0000,4570.8000,4570.6000,4576.8000,4577.4000,4577.6000,4578.8000,4579.6000,1,1,2,1,1,1,3,1,1,1
SF,IF2011,2020-09-29 09:30:20.900,4575.2000,4361,0,28822380.000,0,-,-,-,-,4573.2000,4572.0000,4570.8000,4570.6000,4570.0000,4576.4000,4576.6000,4576.8000,4577.4000,4577.6000,1,1,1,1,1,2,1,2,3,1
SF,IF2011,2020-09-29 09:30:21.400,4575.2000,4361,0,28822380.000,0,-,-,-,-,4573.2000,4572.0000,4570.8000,4570.6000,4570.0000,4576.4000,4576.6000,4576.8000,4577.4000,4577.6000,1,1,1,1,1,2,1,2,3,1
SF,IF2011,2020-09-29 09:30:21.900,4575.2000,4361,0,28822380.000,0,-,-,-,-,4573.2000,4572.0000,4570.8000,4570.6000,4570.0000,4576.4000,4576.6000,4576.8000,4577.4000,4577.6000,1,1,1,1,1,3,1,2,3,1
SF,IF2011,2020-09-29 09:30:22.400,4575.2000,4361,0,28822380.000,0,-,-,-,-,4573.2000,4572.0000,4570.8000,4570.6000,4570.0000,4576.4000,4576.8000,4577.4000,4577.6000,4579.6000,1,1,1,1,1,2,2,3,1,1
SF,IF2011,2020-09-29 09:30:22.900,4575.2000,4361,0,28822380.000,0,-,-,-,-,4573.4000,4573.2000,4572.0000,4570.8000,4570.6000,4576.4000,4576.8000,4577.4000,4577.6000,4579.6000,1,1,1,1,1,2,2,3,1,1
SF,IF2011,2020-09-29 09:30:23.400,4575.2000,4361,0,28822380.000,0,-,-,-,-,4573.6000,4573.4000,4572.0000,4570.8000,4570.6000,4577.4000,4577.6000,4579.6000,4582.0000,4583.0000,1,1,1,1,1,3,1,1,1,2
SF,IF2011,2020-09-29 09:30:23.900,4575.2000,4361,0,28822380.000,0,-,-,-,-,4573.6000,4573.4000,4572.0000,4570.8000,4570.6000,4577.4000,4577.6000,4579.6000,4579.8000,4582.0000,1,1,1,1,1,2,1,1,5,1
SF,IF2011,2020-09-29 09:30:24.400,4575.2000,4361,0,28822380.000,0,-,-,-,-,4573.8000,4573.6000,4573.4000,4572.0000,4570.8000,4577.4000,4577.6000,4579.6000,4579.8000,4582.0000,1,1,1,1,1,1,1,1,5,1
SF,IF2011,2020-09-29 09:30:24.900,4575.2000,4361,0,28822380.000,0,-,-,-,-,4574.0000,4573.8000,4573.4000,4570.8000,4570.6000,4577.4000,4577.6000,4579.6000,4579.8000,4582.0000,1,1,1,1,1,2,1,1,5,1
SF,IF2011,2020-09-29 09:30:25.400,4575.2000,4361,0,28822380.000,0,-,-,-,-,4577.4000,4574.0000,4573.8000,4573.4000,4570.8000,4577.6000,4579.6000,4579.8000,4582.0000,4583.0000,5,1,1,1,1,1,1,5,1,2
SF,IF2011,2020-09-29 09:30:25.900,4574.0000,4360,-1,37060680.000,6,2,4,多平,S,4574.2000,4570.8000,4570.6000,4570.0000,4565.0000,4576.2000,4579.6000,4579.8000,4582.0000,4583.0000,1,1,1,1,5,1,1,5,1,2
SF,IF2011,2020-09-29 09:30:26.400,4576.2000,4358,-2,39806400.000,2,0,2,双平,S,4574.4000,4574.2000,4570.8000,4570.6000,4570.0000,4579.6000,4579.8000,4582.0000,4583.0000,4583.8000,3,1,1,1,1,1,5,1,2,1
SF,IF2011,2020-09-29 09:30:26.900,4576.2000,4358,0,39806400.000,0,-,-,-,-,4574.6000,4574.4000,4574.2000,4570.8000,4570.6000,4578.2000,4579.2000,4579.4000,4579.6000,4579.8000,1,3,1,1,1,1,6,3,1,5
SF,IF2011,2020-09-29 09:30:27.400,4576.2000,4358,0,39806400.000,0,-,-,-,-,4574.8000,4574.6000,4574.4000,4570.8000,4570.0000,4578.2000,4579.2000,4579.4000,4579.6000,4579.8000,1,1,3,1,1,1,6,3,1,5
SF,IF2011,2020-09-29 09:30:27.900,4576.2000,4358,0,39806400.000,0,-,-,-,-,4575.0000,4574.8000,4574.4000,4574.0000,4570.8000,4578.2000,4579.2000,4579.4000,4579.6000,4579.8000,1,3,3,1,1,1,6,3,1,5
SF,IF2011,2020-09-29 09:30:28.400,4576.2000,4358,0,39806400.000,0,-,-,-,-,4575.2000,4575.0000,4574.8000,4574.4000,4574.0000,4578.2000,4579.2000,4579.4000,4579.6000,4579.8000,1,1,2,3,1,1,6,3,1,5
SF,IF2011,2020-09-29 09:30:28.900,4576.2000,4358,0,39806400.000,0,-,-,-,-,4575.4000,4575.2000,4574.6000,4574.4000,4574.0000,4579.2000,4579.4000,4579.6000,4579.8000,4582.0000,2,1,1,3,1,5,3,1,5,1
SF,IF2011,2020-09-29 09:30:29.400,4576.2000,4358,0,39806400.000,0,-,-,-,-,4575.6000,4575.4000,4574.6000,4574.4000,4574.0000,4579.0000,4579.2000,4579.4000,4579.6000,4582.0000,1,2,1,3,1,2,5,3,1,1
SF,IF2011,2020-09-29 09:30:29.900,4576.2000,4358,0,39806400.000,0,-,-,-,-,4575.6000,4575.4000,4574.6000,4574.4000,4574.0000,4579.0000,4579.2000,4579.4000,4579.6000,4582.0000,1,2,1,3,1,2,5,3,1,1
SF,IF2011,2020-09-29 09:30:30.400,4576.2000,4358,0,39806400.000,0,-,-,-,-,4575.6000,4574.6000,4574.4000,4574.0000,4570.8000,4579.0000,4579.2000,4579.4000,4579.6000,4582.0000,1,1,3,1,1,2,5,3,1,1
SF,IF2011,2020-09-29 09:30:30.900,4576.2000,4358,0,39806400.000,0,-,-,-,-,4575.6000,4574.6000,4574.4000,4574.0000,4570.8000,4578.8000,4579.0000,4579.2000,4579.4000,4579.6000,1,1,3,1,1,1,1,5,3,1
SF,IF2011,2020-09-29 09:30:31.400,4576.2000,4358,0,39806400.000,0,-,-,-,-,4575.6000,4574.6000,4574.4000,4574.0000,4570.8000,4578.8000,4579.0000,4579.2000,4579.4000,4579.6000,1,1,3,1,1,1,1,4,3,1
SF,IF2011,2020-09-29 09:30:31.900,4576.2000,4358,0,39806400.000,0,-,-,-,-,4575.6000,4574.6000,4574.4000,4574.0000,4570.8000,4578.6000,4578.8000,4579.0000,4579.2000,4579.4000,1,1,3,1,1,1,1,1,4,3
SF,IF2011,2020-09-29 09:30:32.400,4576.2000,4358,0,39806400.000,0,-,-,-,-,4576.0000,4575.6000,4574.6000,4574.4000,4574.0000,4578.6000,4578.8000,4579.0000,4579.2000,4579.4000,2,1,1,3,1,1,1,1,4,3
SF,IF2011,2020-09-29 09:30:32.900,4576.2000,4358,0,39806400.000,0,-,-,-,-,4576.2000,4576.0000,4574.6000,4574.4000,4574.2000,4578.6000,4579.0000,4579.2000,4579.4000,4579.6000,6,2,1,3,1,1,1,2,2,1
SF,IF2011,2020-09-29 09:30:33.400,4576.2000,4358,0,39806400.000,0,-,-,-,-,4576.2000,4576.0000,4574.6000,4574.4000,4574.2000,4578.6000,4579.0000,4579.2000,4579.4000,4579.6000,6,2,1,3,1,1,1,2,2,1
SF,IF2011,2020-09-29 09:30:33.900,4576.2000,4358,0,39806400.000,0,-,-,-,-,4576.4000,4576.2000,4574.6000,4574.4000,4574.2000,4578.6000,4579.0000,4579.6000,4581.0000,4582.0000,1,6,1,3,1,1,1,1,1,1
SF,IF2011,2020-09-29 09:30:34.400,4578.6000,4357,-1,41179980.000,1,0,1,双平,S,4576.6000,4576.4000,4576.2000,4574.6000,4574.4000,4579.6000,4581.0000,4582.0000,4583.0000,4583.8000,1,1,5,1,2,1,1,1,2,1
SF,IF2011,2020-09-29 09:30:34.900,4579.6000,4356,-1,42553860.000,1,0,1,双平,S,4576.8000,4576.6000,4576.4000,4576.2000,4574.6000,4581.0000,4582.0000,4583.0000,4583.8000,4585.0000,4,4,1,5,1,1,1,2,1,5
SF,IF2011,2020-09-29 09:30:35.400,4579.6000,4356,0,42553860.000,0,-,-,-,-,4577.2000,4577.0000,4576.8000,4576.6000,4576.4000,4581.0000,4582.0000,4583.0000,4583.8000,4585.0000,1,1,4,3,1,1,1,2,1,5
SF,IF2011,2020-09-29 09:30:35.900,4579.6000,4356,0,42553860.000,0,-,-,-,-,4577.4000,4576.8000,4576.6000,4576.2000,4574.4000,4581.0000,4582.0000,4583.0000,4583.8000,4585.0000,2,3,3,5,1,1,1,2,1,5
SF,IF2011,2020-09-29 09:30:36.400,4579.6000,4356,0,42553860.000,0,-,-,-,-,4577.6000,4577.4000,4576.8000,4576.6000,4576.2000,4581.0000,4582.0000,4583.0000,4583.8000,4585.0000,1,3,3,3,5,1,1,2,1,5
SF,IF2011,2020-09-29 09:30:36.900,4579.6000,4356,0,42553860.000,0,-,-,-,-,4577.8000,4577.6000,4577.4000,4576.8000,4576.6000,4580.8000,4581.0000,4582.0000,4583.0000,4583.8000,1,1,1,3,3,1,3,1,2,1
SF,IF2011,2020-09-29 09:30:37.400,4579.6000,4356,0,42553860.000,0,-,-,-,-,4577.8000,4575.6000,4574.4000,4574.0000,4565.0000,4580.4000,4580.8000,4581.0000,4582.0000,4583.0000,1,1,1,1,5,1,4,3,1,2
SF,IF2011,2020-09-29 09:30:37.900,4579.6000,4356,0,42553860.000,0,-,-,-,-,4577.8000,4574.4000,4574.0000,4565.0000,4560.0000,4580.2000,4580.4000,4580.8000,4581.0000,4582.0000,1,1,1,5,1,1,1,4,3,1
SF,IF2011,2020-09-29 09:30:38.400,4579.6000,4356,0,42553860.000,0,-,-,-,-,4577.8000,4574.6000,4574.4000,4574.0000,4565.0000,4580.2000,4580.4000,4580.8000,4581.0000,4582.0000,1,1,1,1,5,1,1,4,3,1
SF,IF2011,2020-09-29 09:30:38.900,4577.8000,4355,-1,43927200.000,1,0,1,双平,S,4574.6000,4574.4000,4565.0000,4560.0000,4555.0000,4580.0000,4580.4000,4580.8000,4581.0000,4582.0000,1,1,5,1,1,2,1,4,3,1
SF,IF2011,2020-09-29 09:30:39.400,4577.8000,4355,0,43927200.000,0,-,-,-,-,4576.4000,4576.0000,4575.6000,4575.4000,4575.2000,4580.0000,4580.8000,4581.0000,4582.0000,4583.0000,1,2,4,1,3,1,3,3,1,2
SF,IF2011,2020-09-29 09:30:39.900,4577.8000,4355,0,43927200.000,0,-,-,-,-,4576.0000,4575.6000,4575.2000,4574.8000,4574.6000,4580.0000,4580.8000,4581.0000,4582.0000,4583.0000,1,4,3,2,1,1,3,3,1,2
SF,IF2011,2020-09-29 09:30:40.400,4577.8000,4355,0,43927200.000,0,-,-,-,-,4576.2000,4575.6000,4575.2000,4574.8000,4574.6000,4579.8000,4580.0000,4580.8000,4581.0000,4582.0000,2,4,3,2,1,1,1,3,3,1
SF,IF2011,2020-09-29 09:30:40.900,4577.8000,4355,0,43927200.000,0,-,-,-,-,4576.2000,4575.6000,4575.2000,4574.8000,4574.6000,4579.6000,4579.8000,4580.8000,4581.0000,4582.0000,2,4,3,2,1,1,1,3,3,1
SF,IF2011,2020-09-29 09:30:42.400,4577.8000,4355,0,43927200.000,0,-,-,-,-,4576.2000,4575.6000,4575.2000,4574.8000,4574.6000,4579.6000,4579.8000,4580.8000,4581.0000,4581.6000,2,1,3,2,1,1,1,3,3,1
SF,IF2011,2020-09-29 09:30:42.900,4577.8000,4355,0,43927200.000,0,-,-,-,-,4576.2000,4575.6000,4575.2000,4574.8000,4574.6000,4579.6000,4579.8000,4580.8000,4581.0000,4581.6000,1,1,3,2,1,1,1,3,3,1
SF,IF2011,2020-09-29 09:30:43.400,4577.8000,4355,0,43927200.000,0,-,-,-,-,4576.4000,4576.2000,4575.6000,4575.2000,4574.8000,4579.2000,4579.4000,4579.6000,4579.8000,4581.0000,1,1,1,2,2,4,4,1,1,1
SF,IF2011,2020-09-29 09:30:43.900,4577.8000,4355,0,43927200.000,0,-,-,-,-,4575.2000,4574.8000,4574.6000,4574.4000,4565.0000,4579.0000,4579.4000,4581.0000,4581.6000,4582.0000,2,2,1,1,5,1,1,1,1,1
SF,IF2011,2020-09-29 09:30:44.400,4577.8000,4355,0,43927200.000,0,-,-,-,-,4575.6000,4575.4000,4575.2000,4574.8000,4574.6000,4579.0000,4579.8000,4581.0000,4581.6000,4582.0000,1,1,2,2,1,1,1,1,1,1
SF,IF2011,2020-09-29 09:30:44.900,4577.8000,4355,0,43927200.000,0,-,-,-,-,4575.8000,4575.2000,4574.8000,4574.6000,4574.4000,4579.0000,4579.8000,4581.0000,4581.6000,4582.0000,1,2,2,1,1,1,1,1,1,1
SF,IF2011,2020-09-29 09:30:45.400,4577.8000,4355,0,43927200.000,0,-,-,-,-,4575.8000,4574.8000,4574.6000,4574.4000,4565.0000,4578.8000,4579.0000,4579.8000,4581.0000,4581.6000,2,2,1,1,5,1,1,1,1,1
SF,IF2011,2020-09-29 09:30:45.900,4577.8000,4355,0,43927200.000,0,-,-,-,-,4574.8000,4574.6000,4574.4000,4565.0000,4560.0000,4578.6000,4578.8000,4579.8000,4581.0000,4581.6000,1,1,1,5,1,2,1,1,1,1
SF,IF2011,2020-09-29 09:30:46.400,4578.4000,4355,0,45300720.000,1,0,1,多换,S,4575.0000,4574.8000,4574.4000,4565.0000,4560.0000,4578.6000,4579.8000,4581.0000,4581.6000,4582.0000,1,1,1,5,1,2,1,1,1,1
SF,IF2011,2020-09-29 09:30:46.900,4578.4000,4355,0,45300720.000,0,-,-,-,-,4575.2000,4575.0000,4574.8000,4574.4000,4573.2000,4578.6000,4579.8000,4581.0000,4581.6000,4582.0000,2,1,1,1,1,2,1,1,1,1
SF,IF2011,2020-09-29 09:30:47.400,4578.4000,4355,0,45300720.000,0,-,-,-,-,4575.2000,4574.4000,4573.2000,4565.0000,4560.0000,4578.6000,4579.8000,4581.0000,4581.6000,4582.0000,1,1,1,5,1,2,1,1,1,1
SF,IF2011,2020-09-29 09:30:47.900,4578.4000,4355,0,45300720.000,0,-,-,-,-,4575.4000,4575.2000,4574.4000,4573.2000,4565.0000,4578.6000,4579.8000,4581.0000,4581.6000,4582.0000,1,1,1,1,5,2,1,1,1,1
SF,IF2011,2020-09-29 09:30:48.400,4578.4000,4355,0,45300720.000,0,-,-,-,-,4575.6000,4575.4000,4575.2000,4574.4000,4573.2000,4578.6000,4579.8000,4581.0000,4581.6000,4582.0000,1,1,1,1,1,2,1,1,1,1
SF,IF2011,2020-09-29 09:30:48.900,4578.4000,4355,0,45300720.000,0,-,-,-,-,4575.6000,4575.2000,4574.4000,4573.2000,4565.0000,4578.6000,4578.8000,4579.8000,4581.0000,4581.6000,1,1,1,1,5,2,1,1,1,1
SF,IF2011,2020-09-29 09:30:49.400,4578.4000,4355,0,45300720.000,0,-,-,-,-,4575.8000,4575.2000,4574.4000,4573.2000,4565.0000,4578.6000,4578.8000,4579.8000,4581.0000,4581.6000,1,1,1,1,5,2,1,1,1,1
SF,IF2011,2020-09-29 09:30:49.900,4578.4000,4355,0,45300720.000,0,-,-,-,-,4575.8000,4575.2000,4574.4000,4573.2000,4565.0000,4578.6000,4578.8000,4579.8000,4581.0000,4581.6000,1,1,1,1,5,1,1,1,1,1
SF,IF2011,2020-09-29 09:30:50.400,4578.4000,4355,0,45300720.000,0,-,-,-,-,4575.8000,4574.6000,4574.4000,4573.2000,4565.0000,4577.4000,4578.0000,4578.4000,4578.6000,4578.8000,1,1,1,1,5,1,4,1,1,1
SF,IF2011,2020-09-29 09:30:50.900,4578.4000,4355,0,45300720.000,0,-,-,-,-,4574.6000,4574.4000,4573.2000,4565.0000,4560.0000,4578.4000,4578.6000,4578.8000,4579.8000,4581.0000,1,1,1,5,1,1,1,1,1,1
SF,IF2011,2020-09-29 09:30:51.400,4578.4000,4355,0,45300720.000,0,-,-,-,-,4574.8000,4574.6000,4574.4000,4573.2000,4565.0000,4578.2000,4578.4000,4578.8000,4579.8000,4581.0000,4,1,1,1,5,1,1,1,1,1
SF,IF2011,2020-09-29 09:30:51.900,4578.4000,4355,0,45300720.000,0,-,-,-,-,4574.8000,4574.6000,4574.4000,4573.2000,4565.0000,4578.2000,4578.4000,4578.8000,4579.8000,4581.0000,3,1,1,1,5,1,1,1,1,1
SF,IF2011,2020-09-29 09:30:52.400,4578.4000,4355,0,45300720.000,0,-,-,-,-,4574.8000,4574.6000,4574.4000,4573.2000,4565.0000,4578.0000,4578.2000,4578.8000,4579.8000,4581.0000,3,1,1,1,5,1,1,1,1,1
SF,IF2011,2020-09-29 09:30:52.900,4578.4000,4355,0,45300720.000,0,-,-,-,-,4574.8000,4574.6000,4574.4000,4573.2000,4565.0000,4577.4000,4577.8000,4578.0000,4578.8000,4579.8000,2,1,1,1,5,1,1,5,1,1
SF,IF2011,2020-09-29 09:30:53.400,4578.4000,4355,0,45300720.000,0,-,-,-,-,4574.8000,4574.6000,4574.4000,4573.2000,4565.0000,4577.2000,4577.4000,4578.0000,4578.8000,4579.8000,2,1,1,1,5,1,1,5,1,1
SF,IF2011,2020-09-29 09:30:53.900,4578.4000,4355,0,45300720.000,0,-,-,-,-,4574.6000,4574.4000,4573.2000,4565.0000,4560.0000,4577.2000,4577.4000,4578.0000,4578.8000,4579.8000,1,1,1,5,1,1,1,5,1,1
SF,IF2011,2020-09-29 09:30:54.400,4578.4000,4355,0,45300720.000,0,-,-,-,-,4574.6000,4573.2000,4565.0000,4560.0000,4555.0000,4577.0000,4577.2000,4577.4000,4578.0000,4578.8000,1,1,5,1,1,1,1,1,5,1
SF,IF2011,2020-09-29 09:30:54.900,4578.4000,4355,0,45300720.000,0,-,-,-,-,4574.6000,4573.2000,4572.4000,4565.0000,4560.0000,4576.8000,4577.0000,4577.4000,4578.0000,4578.8000,1,1,1,5,1,1,1,1,4,1
SF,IF2011,2020-09-29 09:30:55.400,4578.4000,4355,0,45300720.000,0,-,-,-,-,4574.6000,4573.2000,4572.4000,4565.0000,4560.0000,4576.8000,4577.0000,4577.4000,4578.0000,4578.8000,1,1,1,5,1,1,2,1,4,1
SF,IF2011,2020-09-29 09:30:55.900,4578.4000,4355,0,45300720.000,0,-,-,-,-,4574.6000,4573.2000,4572.4000,4565.0000,4560.0000,4576.8000,4577.0000,4577.4000,4578.0000,4578.8000,1,1,1,5,1,1,1,1,4,1
SF,IF2011,2020-09-29 09:30:56.400,4578.4000,4355,0,45300720.000,0,-,-,-,-,4574.6000,4573.2000,4572.4000,4565.0000,4560.0000,4576.6000,4576.8000,4577.0000,4577.4000,4578.0000,1,1,1,5,1,1,2,1,1,4
SF,IF2011,2020-09-29 09:30:56.900,4578.4000,4355,0,45300720.000,0,-,-,-,-,4574.6000,4573.2000,4572.4000,4565.0000,4560.0000,4576.4000,4576.6000,4577.0000,4577.4000,4578.0000,1,1,1,5,1,1,1,1,1,4
SF,IF2011,2020-09-29 09:30:57.400,4578.4000,4355,0,45300720.000,0,-,-,-,-,4574.6000,4573.2000,4572.4000,4565.0000,4560.0000,4576.4000,4576.6000,4577.0000,4577.4000,4578.0000,1,1,1,5,1,1,1,1,1,4
SF,IF2011,2020-09-29 09:30:57.900,4578.4000,4355,0,45300720.000,0,-,-,-,-,4574.6000,4573.2000,4572.4000,4565.0000,4560.0000,4576.4000,4576.6000,4577.0000,4577.4000,4578.0000,1,1,1,5,1,1,1,1,1,4
SF,IF2011,2020-09-29 09:30:58.400,4574.6000,4354,-1,46673100.000,1,0,1,双平,S,4573.2000,4572.4000,4565.0000,4560.0000,4555.0000,4576.4000,4576.6000,4577.0000,4577.4000,4578.0000,1,1,5,1,1,1,1,1,1,2
SF,IF2011,2020-09-29 09:30:58.900,4574.6000,4354,0,46673100.000,0,-,-,-,-,4573.4000,4573.2000,4572.4000,4565.0000,4560.0000,4574.6000,4576.4000,4577.0000,4577.4000,4578.0000,2,1,1,5,1,1,1,1,1,2
SF,IF2011,2020-09-29 09:30:59.400,4576.4000,4353,-1,49418400.000,2,0,2,多平,S,4574.6000,4573.8000,4573.6000,4573.4000,4573.2000,4577.0000,4577.4000,4578.0000,4578.6000,4578.8000,1,1,2,2,1,1,1,2,1,1
SF,IF2011,2020-09-29 09:30:59.900,4576.4000,4353,0,49418400.000,0,-,-,-,-,4573.6000,4572.4000,4565.0000,4560.0000,4555.0000,4576.8000,4577.4000,4578.0000,4578.6000,4578.8000,2,1,5,1,1,1,1,2,1,1
SF,IF2011,2020-09-29 09:31:00.400,4576.4000,4353,0,49418400.000,0,-,-,-,-,4574.8000,4573.6000,4572.4000,4571.4000,4565.0000,4576.8000,4577.4000,4578.0000,4578.6000,4578.8000,1,1,1,1,5,1,1,2,1,1
SF,IF2011,2020-09-29 09:31:00.900,4574.8000,4352,-1,50790840.000,1,0,1,双平,S,4575.0000,4572.4000,4571.4000,4565.0000,4560.0000,4576.8000,4577.4000,4578.0000,4578.6000,4578.8000,1,1,1,5,1,3,1,2,1,1
SF,IF2011,2020-09-29 09:31:01.400,4575.0000,4351,-1,52163340.000,1,0,1,双平,S,4572.4000,4571.4000,4565.0000,4560.0000,4555.0000,4576.6000,4576.8000,4577.4000,4578.0000,4578.8000,1,1,5,1,1,2,1,1,2,1
SF,IF2011,2020-09-29 09:31:01.900,4575.0000,4351,0,52163340.000,0,-,-,-,-,4573.0000,4572.6000,4572.4000,4571.4000,4565.0000,4576.4000,4576.6000,4577.4000,4578.0000,4578.8000,1,2,4,1,5,2,2,1,2,1
SF,IF2011,2020-09-29 09:31:02.400,4575.0000,4351,0,52163340.000,0,-,-,-,-,4573.4000,4573.2000,4573.0000,4572.6000,4572.4000,4576.4000,4576.6000,4577.4000,4578.0000,4578.8000,1,3,1,1,4,2,1,1,2,1
SF,IF2011,2020-09-29 09:31:02.900,4575.0000,4351,0,52163340.000,0,-,-,-,-,4573.6000,4573.2000,4573.0000,4572.6000,4572.4000,4576.4000,4577.4000,4578.0000,4578.8000,4579.8000,3,2,1,1,4,1,1,2,1,1
SF,IF2011,2020-09-29 09:31:03.400,4576.4000,4351,0,54909180.000,2,1,1,多换,S,4573.6000,4573.0000,4572.6000,4572.4000,4571.4000,4577.4000,4578.0000,4578.8000,4579.8000,4581.0000,3,1,1,4,1,1,2,1,1,1
SF,IF2011,2020-09-29 09:31:03.900,4576.4000,4351,0,54909180.000,0,-,-,-,-,4573.6000,4572.4000,4571.4000,4565.0000,4560.0000,4575.6000,4576.0000,4576.4000,4576.6000,4576.8000,1,1,1,5,1,1,1,1,3,2
SF,IF2011,2020-09-29 09:31:04.400,4576.4000,4351,0,54909180.000,0,-,-,-,-,4573.6000,4572.4000,4571.4000,4565.0000,4560.0000,4575.4000,4576.8000,4577.2000,4577.4000,4578.8000,1,1,1,5,1,2,1,1,2,1
SF,IF2011,2020-09-29 09:31:04.900,4576.4000,4351,0,54909180.000,0,-,-,-,-,4573.6000,4572.4000,4572.2000,4571.4000,4565.0000,4575.4000,4576.8000,4577.2000,4577.4000,4578.8000,1,1,1,1,5,2,1,1,2,1
SF,IF2011,2020-09-29 09:31:05.400,4576.4000,4351,0,54909180.000,0,-,-,-,-,4573.6000,4572.4000,4572.2000,4571.4000,4565.0000,4575.4000,4576.8000,4577.2000,4577.4000,4578.8000,1,1,1,1,5,2,1,1,2,1
SF,IF2011,2020-09-29 09:31:05.900,4576.4000,4351,0,54909180.000,0,-,-,-,-,4573.6000,4572.4000,4572.2000,4571.4000,4565.0000,4575.4000,4576.8000,4577.2000,4577.4000,4578.8000,1,1,1,1,5,2,1,1,2,1
SF,IF2011,2020-09-29 09:31:06.900,4575.4000,4349,-2,57654420.000,2,0,2,双平,S,4573.8000,4573.6000,4572.4000,4572.2000,4571.4000,4577.2000,4578.8000,4579.8000,4581.0000,4581.6000,1,1,1,1,1,1,1,1,1,1
SF,IF2011,2020-09-29 09:31:07.400,4575.4000,4349,0,57654420.000,0,-,-,-,-,4574.0000,4573.8000,4572.4000,4572.2000,4571.4000,4576.8000,4577.0000,4577.2000,4578.8000,4579.8000,2,1,1,1,1,1,1,1,1,1
SF,IF2011,2020-09-29 09:31:07.900,4575.4000,4349,0,57654420.000,0,-,-,-,-,4574.6000,4574.0000,4573.8000,4572.4000,4572.2000,4576.6000,4577.2000,4578.8000,4579.8000,4581.0000,1,2,1,1,1,1,1,1,1,1
SF,IF2011,2020-09-29 09:31:08.400,4575.4000,4349,0,57654420.000,0,-,-,-,-,4574.8000,4574.6000,4573.8000,4572.4000,4572.2000,4578.8000,4579.8000,4581.0000,4581.6000,4582.0000,2,1,1,1,1,1,1,1,1,1
SF,IF2011,2020-09-29 09:31:08.900,4575.4000,4349,0,57654420.000,0,-,-,-,-,4575.0000,4574.8000,4574.6000,4572.4000,4572.2000,4578.4000,4578.6000,4578.8000,4579.8000,4581.0000,1,2,1,1,1,1,1,1,1,1
SF,IF2011,2020-09-29 09:31:09.400,4575.4000,4349,0,57654420.000,0,-,-,-,-,4575.2000,4575.0000,4572.4000,4572.2000,4571.4000,4578.0000,4578.2000,4578.8000,4579.8000,4581.0000,2,1,1,1,1,1,1,1,1,1
SF,IF2011,2020-09-29 09:31:09.900,4575.4000,4349,0,57654420.000,0,-,-,-,-,4575.2000,4575.0000,4572.4000,4572.2000,4571.4000,4577.8000,4578.0000,4578.8000,4579.8000,4581.0000,4,1,1,1,1,1,1,1,1,1
SF,IF2011,2020-09-29 09:31:10.400,4575.4000,4349,0,57654420.000,0,-,-,-,-,4575.2000,4575.0000,4572.4000,4572.2000,4571.4000,4577.8000,4578.0000,4578.8000,4579.8000,4581.0000,2,1,1,1,1,1,1,1,1,1
SF,IF2011,2020-09-29 09:31:10.900,4575.4000,4349,0,57654420.000,0,-,-,-,-,4575.4000,4575.2000,4575.0000,4572.4000,4572.2000,4578.0000,4578.8000,4579.8000,4581.0000,4581.6000,1,4,1,1,1,1,1,1,1,1
SF,IF2011,2020-09-29 09:31:11.400,4575.4000,4349,0,57654420.000,0,-,-,-,-,4575.6000,4575.4000,4575.0000,4572.4000,4572.2000,4577.8000,4578.0000,4578.8000,4579.8000,4581.0000,2,1,1,1,1,1,1,1,1,1
SF,IF2011,2020-09-29 09:31:11.900,4575.4000,4349,0,57654420.000,0,-,-,-,-,4575.8000,4575.6000,4575.4000,4575.0000,4572.4000,4578.0000,4578.8000,4579.8000,4581.0000,4581.6000,1,4,1,1,1,1,1,1,1,1
SF,IF2011,2020-09-29 09:31:12.400,4578.0000,4349,0,59027820.000,1,0,1,多换,S,4576.2000,4576.0000,4575.8000,4575.6000,4575.0000,4578.8000,4579.8000,4581.0000,4581.6000,4582.0000,1,2,1,2,1,1,1,1,1,1
SF,IF2011,2020-09-29 09:31:12.900,4578.0000,4349,0,59027820.000,0,-,-,-,-,4576.6000,4576.4000,4575.8000,4575.6000,4575.0000,4578.8000,4579.8000,4581.0000,4581.6000,4582.0000,1,4,2,2,1,1,1,1,1,1
SF,IF2011,2020-09-29 09:31:13.400,4578.0000,4349,0,59027820.000,0,-,-,-,-,4576.8000,4576.6000,4576.4000,4575.8000,4575.6000,4578.8000,4579.8000,4581.0000,4581.6000,4582.0000,3,1,2,2,2,1,1,1,1,1
SF,IF2011,2020-09-29 09:31:13.900,4576.8000,4349,0,60400860.000,1,0,1,多换,S,4576.8000,4576.4000,4575.8000,4575.6000,4575.0000,4578.8000,4579.8000,4581.0000,4581.6000,4582.0000,2,1,1,2,1,1,1,1,1,1
SF,IF2011,2020-09-29 09:31:14.400,4576.8000,4349,0,60400860.000,0,-,-,-,-,4577.0000,4576.8000,4575.8000,4575.6000,4575.0000,4578.8000,4579.8000,4581.0000,4581.6000,4582.0000,1,2,1,2,1,1,1,1,1,1
SF,IF2011,2020-09-29 09:31:14.900,4576.8000,4349,0,60400860.000,0,-,-,-,-,4577.2000,4577.0000,4576.8000,4575.8000,4575.6000,4578.6000,4578.8000,4579.8000,4581.0000,4581.6000,1,1,1,1,2,1,1,1,1,1
SF,IF2011,2020-09-29 09:31:15.900,4576.8000,4349,0,60400860.000,0,-,-,-,-,4577.2000,4577.0000,4576.8000,4575.6000,4572.4000,4578.6000,4578.8000,4579.8000,4581.6000,4582.0000,1,1,1,2,1,1,1,1,1,1
SF,IF2011,2020-09-29 09:31:16.400,4576.8000,4349,0,60400860.000,0,-,-,-,-,4577.2000,4575.6000,4572.4000,4571.4000,4565.0000,4578.6000,4578.8000,4579.8000,4581.6000,4582.0000,1,2,1,1,5,1,1,1,1,1
SF,IF2011,2020-09-29 09:31:18.900,4577.0000,4348,-1,61773960.000,1,0,1,双平,S,4575.6000,4572.4000,4571.4000,4565.0000,4560.0000,4578.6000,4578.8000,4579.8000,4581.6000,4582.0000,2,1,1,5,1,1,1,1,1,1
SF,IF2011,2020-09-29 09:31:19.400,4577.0000,4348,0,61773960.000,0,-,-,-,-,4575.8000,4572.4000,4571.4000,4565.0000,4560.0000,4578.6000,4578.8000,4579.8000,4581.6000,4582.0000,2,1,1,5,1,1,1,1,1,1
SF,IF2011,2020-09-29 09:31:19.900,4577.0000,4348,0,61773960.000,0,-,-,-,-,4575.8000,4572.4000,4571.4000,4565.0000,4560.0000,4578.4000,4578.6000,4578.8000,4579.8000,4581.6000,2,1,1,5,1,1,1,1,1,1
SF,IF2011,2020-09-29 09:31:20.400,4577.0000,4348,0,61773960.000,0,-,-,-,-,4572.4000,4571.4000,4565.0000,4560.0000,4555.0000,4578.2000,4578.4000,4578.8000,4579.8000,4581.6000,1,1,5,1,1,2,1,1,1,1
SF,IF2011,2020-09-29 09:31:20.900,4577.0000,4348,0,61773960.000,0,-,-,-,-,4574.2000,4573.8000,4573.2000,4573.0000,4572.8000,4578.2000,4578.8000,4579.8000,4581.6000,4582.0000,1,7,1,1,2,2,1,1,1,1
SF,IF2011,2020-09-29 09:31:21.400,4577.0000,4348,0,61773960.000,0,-,-,-,-,4574.4000,4573.8000,4573.2000,4573.0000,4572.8000,4578.2000,4578.8000,4579.8000,4581.6000,4582.0000,2,7,1,1,2,2,1,1,1,1
SF,IF2011,2020-09-29 09:31:21.900,4577.0000,4348,0,61773960.000,0,-,-,-,-,4574.4000,4573.8000,4573.2000,4573.0000,4572.8000,4578.0000,4578.2000,4578.8000,4581.6000,4582.0000,2,7,1,1,2,1,2,1,1,1
SF,IF2011,2020-09-29 09:31:22.400,4577.0000,4348,0,61773960.000,0,-,-,-,-,4574.4000,4573.8000,4573.2000,4573.0000,4572.8000,4577.8000,4578.0000,4578.8000,4581.6000,4582.0000,2,7,1,1,2,2,1,1,1,1
SF,IF2011,2020-09-29 09:31:22.900,4577.0000,4348,0,61773960.000,0,-,-,-,-,4574.6000,4574.4000,4573.8000,4573.0000,4572.8000,4577.8000,4578.8000,4581.6000,4582.0000,4583.0000,1,4,7,1,1,2,1,1,1,2
SF,IF2011,2020-09-29 09:31:23.400,4577.0000,4348,0,61773960.000,0,-,-,-,-,4574.8000,4574.6000,4574.4000,4573.8000,4573.0000,4577.4000,4577.8000,4578.8000,4581.6000,4582.0000,1,1,1,3,1,1,2,1,1,1
SF,IF2011,2020-09-29 09:31:23.900,4577.0000,4348,0,61773960.000,0,-,-,-,-,4574.8000,4574.6000,4574.4000,4573.8000,4573.0000,4577.2000,4577.4000,4578.8000,4581.6000,4582.0000,1,1,1,1,1,2,1,1,1,1
SF,IF2011,2020-09-29 09:31:24.400,4577.0000,4348,0,61773960.000,0,-,-,-,-,4574.8000,4574.6000,4573.0000,4572.8000,4572.4000,4577.2000,4577.4000,4578.8000,4581.6000,4582.0000,1,1,1,1,1,2,1,1,1,1
SF,IF2011,2020-09-29 09:31:24.900,4577.0000,4348,0,61773960.000,0,-,-,-,-,4574.8000,4574.6000,4573.0000,4572.8000,4572.4000,4577.2000,4578.8000,4581.6000,4582.0000,4583.0000,1,1,1,1,1,2,1,1,1,2
SF,IF2011,2020-09-29 09:31:25.400,4577.0000,4348,0,61773960.000,0,-,-,-,-,4574.6000,4573.0000,4572.4000,4571.4000,4565.0000,4577.2000,4578.8000,4581.6000,4582.0000,4583.0000,1,1,1,1,5,2,1,1,1,2
SF,IF2011,2020-09-29 09:31:25.900,4577.0000,4348,0,61773960.000,0,-,-,-,-,4572.4000,4571.4000,4565.0000,4560.0000,4555.0000,4576.8000,4577.0000,4577.2000,4578.8000,4581.6000,1,1,5,1,1,2,1,2,1,1
SF,IF2011,2020-09-29 09:31:26.400,4577.0000,4348,0,61773960.000,0,-,-,-,-,4572.6000,4572.4000,4571.4000,4565.0000,4560.4000,4576.4000,4576.6000,4576.8000,4577.0000,4578.8000,2,1,1,5,1,1,5,3,1,1
SF,IF2011,2020-09-29 09:31:26.900,4577.0000,4348,0,61773960.000,0,-,-,-,-,4572.8000,4572.6000,4572.4000,4571.4000,4565.0000,4576.2000,4576.8000,4578.8000,4581.6000,4582.0000,1,2,1,1,5,2,2,1,1,17
SF,IF2011,2020-09-29 09:31:27.400,4577.0000,4348,0,61773960.000,0,-,-,-,-,4573.0000,4572.8000,4572.6000,4572.4000,4571.4000,4576.2000,4576.8000,4578.8000,4581.6000,4582.0000,2,1,1,1,1,2,1,1,1,17
SF,IF2011,2020-09-29 09:31:27.900,4577.0000,4348,0,61773960.000,0,-,-,-,-,4573.2000,4573.0000,4572.8000,4572.6000,4572.4000,4576.2000,4576.8000,4578.8000,4581.6000,4582.0000,1,2,1,1,1,2,1,1,1,17
SF,IF2011,2020-09-29 09:31:28.400,4577.0000,4348,0,61773960.000,0,-,-,-,-,4573.4000,4573.2000,4572.8000,4572.6000,4572.4000,4576.2000,4576.8000,4578.8000,4581.6000,4582.0000,3,1,1,1,1,1,1,1,1,17
SF,IF2011,2020-09-29 09:31:28.900,4577.0000,4348,0,61773960.000,0,-,-,-,-,4573.4000,4573.2000,4572.6000,4572.4000,4571.4000,4576.2000,4576.8000,4578.8000,4581.6000,4582.0000,3,1,1,1,1,1,1,1,1,17
SF,IF2011,2020-09-29 09:31:29.400,4577.0000,4348,0,61773960.000,0,-,-,-,-,4573.4000,4572.4000,4571.4000,4565.0000,4560.4000,4576.2000,4576.8000,4578.8000,4581.6000,4582.0000,2,1,1,5,1,1,1,1,1,17
SF,IF2011,2020-09-29 09:31:29.900,4577.0000,4348,0,61773960.000,0,-,-,-,-,4573.4000,4572.4000,4571.4000,4565.0000,4560.4000,4575.6000,4576.0000,4576.2000,4576.8000,4578.8000,2,1,1,5,1,1,2,1,1,1
SF,IF2011,2020-09-29 09:31:30.400,4577.0000,4348,0,61773960.000,0,-,-,-,-,4573.4000,4572.4000,4571.4000,4565.0000,4560.4000,4575.4000,4576.0000,4576.8000,4581.6000,4582.0000,1,1,1,5,1,2,1,1,1,17
SF,IF2011,2020-09-29 09:31:30.900,4577.0000,4348,0,61773960.000,0,-,-,-,-,4573.4000,4572.4000,4571.4000,4565.0000,4560.4000,4575.4000,4576.8000,4581.6000,4582.0000,4583.0000,1,1,1,5,1,2,1,1,17,2
SF,IF2011,2020-09-29 09:31:31.400,4577.0000,4348,0,61773960.000,0,-,-,-,-,4573.4000,4572.4000,4571.4000,4565.0000,4560.4000,4575.4000,4576.8000,4581.6000,4582.0000,4583.0000,1,1,1,5,1,2,1,1,17,2
SF,IF2011,2020-09-29 09:31:31.900,4575.4000,4347,-1,63146580.000,1,0,1,双平,S,4573.6000,4573.4000,4572.4000,4571.4000,4565.0000,4575.4000,4576.8000,4581.6000,4582.0000,4583.0000,1,1,1,1,5,1,1,1,17,2
SF,IF2011,2020-09-29 09:31:32.400,4575.4000,4346,-1,64519200.000,1,0,1,双平,S,4573.8000,4573.6000,4572.4000,4571.4000,4565.0000,4576.8000,4581.6000,4582.0000,4583.0000,4585.0000,1,1,1,1,5,1,1,17,2,5
SF,IF2011,2020-09-29 09:31:32.900,4575.4000,4346,0,64519200.000,0,-,-,-,-,4574.0000,4573.8000,4572.4000,4571.4000,4565.0000,4576.6000,4576.8000,4581.6000,4582.0000,4583.0000,1,1,1,1,5,1,2,1,17,2
SF,IF2011,2020-09-29 09:31:33.400,4575.4000,4346,0,64519200.000,0,-,-,-,-,4574.2000,4574.0000,4572.4000,4571.4000,4565.0000,4576.6000,4576.8000,4581.6000,4582.0000,4583.0000,1,1,1,1,5,1,1,1,17,2
SF,IF2011,2020-09-29 09:31:33.900,4575.4000,4346,0,64519200.000,0,-,-,-,-,4574.4000,4574.2000,4572.4000,4571.4000,4565.0000,4576.4000,4576.6000,4576.8000,4581.6000,4582.0000,1,1,1,1,5,1,3,1,1,17
SF,IF2011,2020-09-29 09:31:34.400,4575.4000,4346,0,64519200.000,0,-,-,-,-,4574.6000,4574.4000,4572.4000,4571.4000,4565.0000,4576.2000,4576.8000,4581.6000,4582.0000,4583.0000,1,1,1,1,5,1,1,1,17,2
SF,IF2011,2020-09-29 09:31:34.900,4575.4000,4346,0,64519200.000,0,-,-,-,-,4574.6000,4574.4000,4572.4000,4571.4000,4565.0000,4576.2000,4576.8000,4581.6000,4582.0000,4583.0000,1,1,1,1,5,1,1,1,17,2
SF,IF2011,2020-09-29 09:31:35.400,4575.4000,4346,0,64519200.000,0,-,-,-,-,4574.6000,4574.4000,4572.4000,4571.4000,4565.0000,4576.2000,4576.8000,4581.6000,4582.0000,4583.0000,1,1,1,1,5,1,1,1,17,2
SF,IF2011,2020-09-29 09:31:35.900,4575.4000,4346,0,64519200.000,0,-,-,-,-,4574.6000,4574.4000,4572.4000,4571.4000,4565.0000,4576.2000,4576.8000,4581.6000,4582.0000,4583.0000,1,1,1,1,5,1,1,1,17,2
SF,IF2011,2020-09-29 09:31:36.900,4574.6000,4345,-1,65891580.000,1,0,1,双平,S,4574.4000,4572.4000,4571.4000,4565.0000,4560.0000,4576.2000,4576.8000,4581.6000,4582.0000,4583.0000,1,1,1,5,1,1,1,1,17,2
SF,IF2011,2020-09-29 09:31:37.400,4574.6000,4345,0,65891580.000,0,-,-,-,-,4574.6000,4574.4000,4572.4000,4571.4000,4565.0000,4576.2000,4576.8000,4581.6000,4582.0000,4583.0000,1,1,1,1,5,1,1,1,17,2
SF,IF2011,2020-09-29 09:31:37.900,4574.4000,4343,-2,68636280.000,2,0,2,双平,S,4572.4000,4571.4000,4565.0000,4560.0000,4555.0000,4576.2000,4576.8000,4581.6000,4582.0000,4583.0000,1,1,5,1,1,1,1,1,17,2
SF,IF2011,2020-09-29 09:31:38.400,4574.4000,4343,0,68636280.000,0,-,-,-,-,4573.0000,4572.6000,4572.4000,4571.4000,4565.0000,4576.2000,4581.6000,4582.0000,4583.0000,4585.0000,1,4,4,1,5,1,1,17,2,5
SF,IF2011,2020-09-29 09:31:38.900,4574.4000,4343,0,68636280.000,0,-,-,-,-,4573.2000,4573.0000,4572.6000,4572.4000,4571.4000,4576.2000,4581.6000,4582.0000,4583.0000,4585.0000,3,1,2,4,1,1,1,17,2,5
SF,IF2011,2020-09-29 09:31:39.400,4574.4000,4343,0,68636280.000,0,-,-,-,-,4573.2000,4573.0000,4572.6000,4572.4000,4571.4000,4576.2000,4581.6000,4582.0000,4583.0000,4585.0000,3,1,2,4,1,1,1,17,2,5
SF,IF2011,2020-09-29 09:31:39.900,4574.4000,4343,0,68636280.000,0,-,-,-,-,4573.2000,4572.6000,4572.4000,4571.4000,4565.0000,4576.2000,4581.6000,4582.0000,4583.0000,4585.0000,3,2,4,1,5,1,1,17,2,5
SF,IF2011,2020-09-29 09:31:40.400,4574.4000,4343,0,68636280.000,0,-,-,-,-,4573.2000,4572.6000,4572.4000,4571.4000,4565.0000,4576.2000,4581.6000,4582.0000,4583.0000,4585.0000,3,2,1,1,5,1,1,17,2,5
SF,IF2011,2020-09-29 09:31:40.900,4574.4000,4343,0,68636280.000,0,-,-,-,-,4573.2000,4572.6000,4572.4000,4571.4000,4565.0000,4576.0000,4576.2000,4581.6000,4582.0000,4583.0000,3,2,1,1,5,1,1,1,17,2
SF,IF2011,2020-09-29 09:31:41.400,4574.4000,4343,0,68636280.000,0,-,-,-,-,4573.2000,4572.4000,4571.4000,4565.0000,4560.0000,4575.8000,4576.0000,4581.6000,4582.0000,4583.0000,2,1,1,5,1,1,1,1,17,2
SF,IF2011,2020-09-29 09:31:41.900,4574.4000,4343,0,68636280.000,0,-,-,-,-,4573.2000,4572.4000,4571.4000,4565.0000,4560.0000,4575.6000,4575.8000,4576.0000,4581.6000,4582.0000,1,1,1,5,1,1,1,1,1,17
SF,IF2011,2020-09-29 09:31:42.400,4574.4000,4343,0,68636280.000,0,-,-,-,-,4573.2000,4572.4000,4571.4000,4565.0000,4560.0000,4575.4000,4575.6000,4576.0000,4581.6000,4582.0000,1,1,1,5,1,1,1,1,1,17
SF,IF2011,2020-09-29 09:31:42.900,4574.4000,4343,0,68636280.000,0,-,-,-,-,4573.2000,4572.4000,4571.4000,4565.0000,4560.0000,4575.2000,4575.4000,4576.0000,4581.6000,4582.0000,6,1,1,5,1,1,1,1,1,17
SF,IF2011,2020-09-29 09:31:43.400,4574.4000,4343,0,68636280.000,0,-,-,-,-,4573.2000,4572.4000,4571.4000,4565.0000,4560.0000,4575.0000,4575.2000,4576.0000,4581.6000,4582.0000,6,1,1,5,1,1,1,1,1,17
SF,IF2011,2020-09-29 09:31:43.900,4574.4000,4343,0,68636280.000,0,-,-,-,-,4573.2000,4572.4000,4571.4000,4565.0000,4560.0000,4574.8000,4575.0000,4575.2000,4576.0000,4581.6000,5,1,1,5,1,1,1,1,1,1
SF,IF2011,2020-09-29 09:31:44.400,4574.4000,4343,0,68636280.000,0,-,-,-,-,4573.2000,4572.4000,4571.4000,4565.0000,4560.0000,4574.6000,4574.8000,4575.2000,4576.0000,4581.6000,5,1,1,5,1,1,1,1,1,1
SF,IF2011,2020-09-29 09:31:44.900,4574.4000,4343,0,68636280.000,0,-,-,-,-,4573.2000,4572.4000,4571.4000,4565.0000,4560.0000,4574.6000,4574.8000,4575.2000,4576.0000,4581.6000,5,1,1,5,1,1,1,1,1,1
SF,IF2011,2020-09-29 09:31:45.400,4574.4000,4343,0,68636280.000,0,-,-,-,-,4573.2000,4571.4000,4565.0000,4560.0000,4555.0000,4574.6000,4574.8000,4575.2000,4576.0000,4581.6000,5,1,5,1,1,1,1,1,1,1
SF,IF2011,2020-09-29 09:31:46.400,4574.4000,4343,0,68636280.000,0,-,-,-,-,4573.2000,4571.4000,4565.0000,4560.0000,4555.0000,4574.6000,4574.8000,4575.2000,4576.0000,4581.6000,5,1,5,1,1,1,1,1,1,1
SF,IF2011,2020-09-29 09:31:46.900,4574.4000,4343,0,68636280.000,0,-,-,-,-,4573.2000,4571.4000,4571.0000,4570.0000,4565.0000,4574.6000,4574.8000,4575.2000,4576.0000,4581.6000,5,1,1,1,5,1,1,1,1,1
SF,IF2011,2020-09-29 09:31:47.400,4574.4000,4343,0,68636280.000,0,-,-,-,-,4573.2000,4571.4000,4571.0000,4570.0000,4565.0000,4574.6000,4574.8000,4575.2000,4576.0000,4581.6000,5,1,1,1,5,1,1,1,1,1
SF,IF2011,2020-09-29 09:31:47.900,4574.4000,4343,0,68636280.000,0,-,-,-,-,4573.2000,4571.4000,4571.0000,4570.0000,4565.0000,4574.6000,4574.8000,4575.2000,4576.0000,4581.6000,5,1,1,1,5,1,1,1,1,1
SF,IF2011,2020-09-29 09:31:48.400,4573.2000,4343,0,70008240.000,1,0,1,多换,S,4573.4000,4573.2000,4571.4000,4571.0000,4570.0000,4574.6000,4574.8000,4575.2000,4576.0000,4581.6000,1,4,1,1,1,1,1,1,1,1
SF,IF2011,2020-09-29 09:31:48.900,4573.2000,4343,0,70008240.000,0,-,-,-,-,4573.4000,4573.2000,4571.4000,4571.0000,4570.0000,4574.6000,4574.8000,4575.2000,4576.0000,4581.6000,1,4,1,1,1,1,1,1,1,1
SF,IF2011,2020-09-29 09:31:49.400,4573.4000,4342,-1,71380260.000,1,0,1,双平,S,4573.2000,4571.4000,4571.0000,4570.0000,4565.0000,4574.6000,4574.8000,4575.2000,4576.0000,4581.6000,4,1,1,1,5,1,1,1,1,1
SF,IF2011,2020-09-29 09:31:49.900,4573.2000,4342,0,76868100.000,4,2,2,多换,S,4571.4000,4571.0000,4570.0000,4565.0000,4560.0000,4572.8000,4574.2000,4574.4000,4574.6000,4574.8000,1,1,1,5,1,1,1,2,1,1
SF,IF2011,2020-09-29 09:31:50.400,4573.2000,4342,0,76868100.000,0,-,-,-,-,4571.0000,4570.0000,4565.0000,4560.0000,4555.0000,4572.6000,4572.8000,4574.2000,4574.4000,4574.8000,1,1,5,1,1,1,1,1,2,1
SF,IF2011,2020-09-29 09:31:50.900,4573.2000,4342,0,76868100.000,0,-,-,-,-,4571.2000,4570.0000,4565.0000,4560.0000,4555.0000,4572.4000,4572.6000,4574.2000,4574.4000,4574.8000,1,1,5,1,1,1,1,1,2,1
SF,IF2011,2020-09-29 09:31:51.400,4573.2000,4342,0,76868100.000,0,-,-,-,-,4570.0000,4565.0000,4560.0000,4555.0000,4553.8000,4572.2000,4572.4000,4574.2000,4574.4000,4574.8000,1,5,1,1,2,1,1,1,1,1
SF,IF2011,2020-09-29 09:31:51.900,4573.2000,4342,0,76868100.000,0,-,-,-,-,4570.2000,4570.0000,4565.0000,4560.0000,4555.0000,4572.0000,4572.2000,4574.2000,4574.4000,4581.6000,2,1,5,1,1,2,1,1,1,1
SF,IF2011,2020-09-29 09:31:52.400,4572.2000,4339,-3,80982960.000,3,0,3,双平,S,4570.2000,4570.0000,4565.0000,4560.0000,4555.0000,4574.2000,4574.4000,4581.6000,4582.0000,4583.0000,2,1,5,1,1,1,1,1,17,2
SF,IF2011,2020-09-29 09:31:52.900,4572.2000,4339,0,80982960.000,0,-,-,-,-,4570.4000,4570.2000,4570.0000,4565.0000,4560.0000,4574.0000,4574.2000,4574.4000,4581.6000,4582.0000,3,5,1,5,1,1,1,1,1,17
SF,IF2011,2020-09-29 09:31:53.400,4572.2000,4339,0,80982960.000,0,-,-,-,-,4570.6000,4570.4000,4570.2000,4570.0000,4565.0000,4574.0000,4574.2000,4574.4000,4581.6000,4582.0000,1,3,3,1,5,1,1,1,1,17
SF,IF2011,2020-09-29 09:31:53.900,4572.2000,4339,0,80982960.000,0,-,-,-,-,4570.8000,4570.6000,4570.4000,4570.2000,4570.0000,4574.0000,4574.2000,4574.4000,4581.6000,4582.0000,1,1,2,3,1,1,1,1,1,17
SF,IF2011,2020-09-29 09:31:54.400,4572.2000,4339,0,80982960.000,0,-,-,-,-,4571.0000,4570.8000,4570.4000,4570.2000,4570.0000,4574.0000,4574.2000,4574.4000,4581.6000,4582.0000,1,1,2,3,1,1,1,1,1,17
SF,IF2011,2020-09-29 09:31:54.900,4572.2000,4339,0,80982960.000,0,-,-,-,-,4571.2000,4571.0000,4570.4000,4570.2000,4570.0000,4574.0000,4574.2000,4581.6000,4582.0000,4583.0000,1,1,2,3,1,1,1,1,17,2
SF,IF2011,2020-09-29 09:31:55.400,4571.4000,4339,0,82354380.000,1,0,1,多换,S,4571.2000,4570.4000,4570.2000,4570.0000,4565.0000,4574.0000,4574.2000,4581.6000,4582.0000,4583.0000,1,2,3,1,5,1,1,1,17,2
SF,IF2011,2020-09-29 09:31:55.900,4571.4000,4339,0,82354380.000,0,-,-,-,-,4571.4000,4571.2000,4570.4000,4570.2000,4570.0000,4574.0000,4574.2000,4581.6000,4582.0000,4583.0000,1,1,2,3,1,1,1,1,17,2
SF,IF2011,2020-09-29 09:31:56.400,4571.4000,4339,0,82354380.000,0,-,-,-,-,4571.6000,4571.4000,4570.4000,4570.2000,4570.0000,4574.0000,4574.2000,4581.6000,4582.0000,4583.0000,1,1,2,3,1,1,1,1,17,2
SF,IF2011,2020-09-29 09:31:56.900,4571.4000,4339,0,82354380.000,0,-,-,-,-,4571.8000,4571.6000,4570.4000,4570.2000,4570.0000,4581.6000,4582.0000,4583.0000,4585.0000,4586.8000,1,1,2,3,1,1,17,2,5,1
SF,IF2011,2020-09-29 09:31:57.400,4571.4000,4339,0,82354380.000,0,-,-,-,-,4572.0000,4571.8000,4570.4000,4570.2000,4570.0000,4575.6000,4575.8000,4576.0000,4576.4000,4576.6000,2,1,2,3,1,3,1,2,1,3
SF,IF2011,2020-09-29 09:31:57.900,4571.4000,4339,0,82354380.000,0,-,-,-,-,4572.2000,4572.0000,4570.4000,4570.2000,4570.0000,4575.2000,4575.4000,4575.6000,4576.0000,4576.4000,1,2,1,3,1,2,1,4,2,1
SF,IF2011,2020-09-29 09:31:58.400,4571.4000,4339,0,82354380.000,0,-,-,-,-,4572.4000,4572.2000,4572.0000,4570.4000,4570.2000,4575.0000,4575.6000,4576.0000,4576.4000,4576.6000,1,1,1,1,3,1,1,2,1,1
SF,IF2011,2020-09-29 09:31:58.900,4571.4000,4339,0,82354380.000,0,-,-,-,-,4572.6000,4572.4000,4570.2000,4570.0000,4568.8000,4575.0000,4575.6000,4576.0000,4576.4000,4576.6000,1,1,3,1,1,1,1,2,1,1
SF,IF2011,2020-09-29 09:31:59.400,4571.4000,4339,0,82354380.000,0,-,-,-,-,4572.8000,4570.2000,4570.0000,4568.8000,4565.0000,4575.0000,4575.6000,4576.0000,4576.4000,4576.6000,1,3,1,1,5,1,1,2,1,1
SF,IF2011,2020-09-29 09:31:59.900,4571.4000,4339,0,82354380.000,0,-,-,-,-,4573.0000,4572.8000,4570.2000,4570.0000,4568.8000,4575.0000,4575.6000,4576.0000,4576.4000,4576.6000,1,1,3,1,1,1,1,2,1,1
SF,IF2011,2020-09-29 09:32:00.400,4571.4000,4339,0,82354380.000,0,-,-,-,-,4573.2000,4570.2000,4570.0000,4568.8000,4565.0000,4575.0000,4575.6000,4576.0000,4576.4000,4576.6000,1,3,1,1,5,1,1,2,1,1
SF,IF2011,2020-09-29 09:32:00.900,4571.4000,4339,0,82354380.000,0,-,-,-,-,4573.4000,4573.2000,4570.2000,4570.0000,4568.8000,4575.0000,4575.6000,4576.0000,4576.4000,4576.6000,1,1,3,1,1,1,1,2,1,1
SF,IF2011,2020-09-29 09:32:01.400,4571.4000,4339,0,82354380.000,0,-,-,-,-,4573.4000,4573.2000,4570.2000,4570.0000,4568.8000,4575.0000,4576.0000,4576.4000,4576.6000,4576.8000,1,1,3,1,1,1,1,1,1,1
SF,IF2011,2020-09-29 09:32:01.900,4571.4000,4339,0,82354380.000,0,-,-,-,-,4573.4000,4573.2000,4570.0000,4568.8000,4565.0000,4575.0000,4576.0000,4576.4000,4576.6000,4576.8000,1,1,1,1,5,1,1,1,1,1
SF,IF2011,2020-09-29 09:32:02.400,4571.4000,4339,0,82354380.000,0,-,-,-,-,4573.2000,4570.0000,4568.8000,4565.0000,4560.0000,4575.0000,4576.0000,4576.4000,4576.6000,4576.8000,1,1,1,5,1,1,1,1,1,1
SF,IF2011,2020-09-29 09:32:02.900,4571.4000,4339,0,82354380.000,0,-,-,-,-,4573.2000,4570.0000,4568.8000,4565.0000,4560.0000,4575.0000,4576.0000,4576.4000,4576.6000,4576.8000,1,1,1,5,1,1,1,1,1,1
SF,IF2011,2020-09-29 09:32:03.400,4571.4000,4339,0,82354380.000,0,-,-,-,-,4573.2000,4570.0000,4568.8000,4565.0000,4560.0000,4574.8000,4575.0000,4576.0000,4576.4000,4576.6000,1,1,1,5,1,1,1,1,1,1
SF,IF2011,2020-09-29 09:32:03.900,4571.4000,4339,0,82354380.000,0,-,-,-,-,4573.2000,4570.0000,4568.8000,4565.0000,4560.0000,4574.6000,4574.8000,4576.0000,4576.4000,4576.6000,1,1,1,5,1,1,1,1,1,1
SF,IF2011,2020-09-29 09:32:04.400,4571.4000,4339,0,82354380.000,0,-,-,-,-,4570.0000,4568.8000,4565.0000,4560.0000,4555.0000,4574.6000,4574.8000,4576.0000,4576.4000,4576.6000,1,1,5,1,1,1,1,1,1,1
SF,IF2011,2020-09-29 09:32:04.900,4571.4000,4339,0,82354380.000,0,-,-,-,-,4572.0000,4571.6000,4571.0000,4570.8000,4570.6000,4574.6000,4576.4000,4576.6000,4576.8000,4581.6000,2,1,3,1,1,1,1,1,1,2
SF,IF2011,2020-09-29 09:32:05.400,4571.4000,4339,0,82354380.000,0,-,-,-,-,4572.4000,4572.2000,4572.0000,4571.6000,4571.0000,4574.6000,4576.4000,4576.6000,4576.8000,4581.6000,1,2,5,1,3,1,1,1,1,2
SF,IF2011,2020-09-29 09:32:05.900,4571.4000,4339,0,82354380.000,0,-,-,-,-,4572.6000,4572.4000,4572.0000,4571.6000,4571.0000,4576.8000,4581.6000,4582.0000,4583.0000,4585.0000,4,2,5,1,1,1,1,17,2,5
SF,IF2011,2020-09-29 09:32:06.400,4571.4000,4339,0,82354380.000,0,-,-,-,-,4572.8000,4572.6000,4572.4000,4572.0000,4571.0000,4576.6000,4576.8000,4581.6000,4582.0000,4583.0000,1,4,2,5,1,2,2,1,17,2
SF,IF2011,2020-09-29 09:32:06.900,4571.4000,4339,0,82354380.000,0,-,-,-,-,4573.0000,4572.6000,4572.4000,4572.0000,4570.0000,4576.4000,4576.6000,4576.8000,4581.6000,4582.0000,2,2,2,5,1,4,3,2,1,17
SF,IF2011,2020-09-29 09:32:07.400,4571.4000,4339,0,82354380.000,0,-,-,-,-,4573.0000,4572.6000,4572.4000,4572.0000,4570.0000,4576.2000,4576.4000,4576.6000,4576.8000,4581.6000,2,2,2,5,1,1,3,2,2,1
SF,IF2011,2020-09-29 09:32:07.900,4571.4000,4339,0,82354380.000,0,-,-,-,-,4573.0000,4572.6000,4572.0000,4570.0000,4568.8000,4576.2000,4576.4000,4576.6000,4576.8000,4581.6000,2,1,1,1,1,1,3,2,2,1
SF,IF2011,2020-09-29 09:32:09.900,4571.4000,4339,0,82354380.000,0,-,-,-,-,4573.0000,4572.6000,4572.0000,4570.0000,4568.8000,4576.2000,4576.4000,4576.8000,4581.6000,4582.0000,2,1,1,1,1,1,2,2,1,17
SF,IF2011,2020-09-29 09:32:10.400,4571.4000,4339,0,82354380.000,0,-,-,-,-,4573.2000,4573.0000,4572.6000,4572.0000,4570.0000,4576.0000,4576.2000,4576.4000,4576.8000,4581.6000,1,2,1,1,1,1,1,2,2,1
SF,IF2011,2020-09-29 09:32:10.900,4571.4000,4339,0,82354380.000,0,-,-,-,-,4573.4000,4572.6000,4572.0000,4570.0000,4568.8000,4575.6000,4575.8000,4576.0000,4576.4000,4576.8000,2,1,1,1,1,1,1,1,2,2
SF,IF2011,2020-09-29 09:32:11.400,4571.4000,4339,0,82354380.000,0,-,-,-,-,4573.4000,4572.0000,4570.0000,4568.8000,4565.0000,4575.4000,4576.4000,4581.6000,4582.0000,4583.0000,2,1,1,1,5,1,2,1,17,2
SF,IF2011,2020-09-29 09:32:12.400,4573.4000,4338,-1,83726400.000,1,0,1,双平,S,4573.4000,4572.0000,4570.0000,4568.8000,4565.0000,4575.2000,4575.4000,4576.4000,4581.6000,4582.0000,1,1,1,1,5,1,1,2,1,17
SF,IF2011,2020-09-29 09:32:12.900,4573.4000,4338,0,83726400.000,0,-,-,-,-,4572.0000,4570.0000,4568.8000,4565.0000,4560.0000,4575.0000,4575.2000,4576.4000,4581.6000,4582.0000,1,1,1,5,1,2,1,2,1,17
SF,IF2011,2020-09-29 09:32:13.400,4573.4000,4338,0,83726400.000,0,-,-,-,-,4572.2000,4570.0000,4568.8000,4565.0000,4560.0000,4574.8000,4575.0000,4576.4000,4581.6000,4582.0000,1,1,1,5,1,1,2,2,1,17
SF,IF2011,2020-09-29 09:32:13.900,4573.4000,4338,0,83726400.000,0,-,-,-,-,4572.2000,4570.0000,4568.8000,4565.0000,4560.0000,4574.6000,4574.8000,4575.0000,4576.4000,4581.6000,1,1,1,5,1,1,1,1,2,1
SF,IF2011,2020-09-29 09:32:14.400,4573.4000,4338,0,83726400.000,0,-,-,-,-,4572.2000,4570.0000,4568.8000,4565.0000,4560.0000,4574.4000,4574.6000,4575.0000,4576.4000,4581.6000,1,1,1,5,1,1,1,1,2,1
SF,IF2011,2020-09-29 09:32:14.900,4573.4000,4338,0,83726400.000,0,-,-,-,-,4572.2000,4570.0000,4568.8000,4565.0000,4560.0000,4574.2000,4574.4000,4575.0000,4576.4000,4581.6000,1,1,1,5,1,1,1,1,1,1
SF,IF2011,2020-09-29 09:32:15.400,4573.4000,4338,0,83726400.000,0,-,-,-,-,4572.2000,4570.0000,4568.8000,4565.0000,4560.0000,4574.0000,4574.2000,4576.4000,4581.6000,4582.0000,1,1,1,5,1,1,1,1,1,17
SF,IF2011,2020-09-29 09:32:15.900,4573.4000,4338,0,83726400.000,0,-,-,-,-,4572.2000,4570.0000,4568.8000,4565.0000,4560.0000,4573.8000,4574.0000,4576.4000,4581.6000,4582.0000,1,1,1,5,1,1,1,1,1,17
SF,IF2011,2020-09-29 09:32:16.400,4573.4000,4338,0,83726400.000,0,-,-,-,-,4572.2000,4570.2000,4570.0000,4568.8000,4565.0000,4573.8000,4574.0000,4576.4000,4581.6000,4582.0000,1,1,1,1,5,1,1,1,1,17
SF,IF2011,2020-09-29 09:32:16.900,4573.4000,4338,0,83726400.000,0,-,-,-,-,4572.4000,4572.2000,4570.2000,4570.0000,4568.8000,4573.8000,4574.0000,4576.4000,4581.6000,4582.0000,1,1,1,1,1,1,1,1,1,17
SF,IF2011,2020-09-29 09:32:17.400,4573.4000,4338,0,83726400.000,0,-,-,-,-,4572.6000,4572.4000,4570.2000,4570.0000,4568.8000,4573.8000,4574.0000,4576.4000,4581.6000,4582.0000,1,1,1,1,1,1,1,1,1,17
SF,IF2011,2020-09-29 09:32:17.900,4573.4000,4338,0,83726400.000,0,-,-,-,-,4572.6000,4572.4000,4570.2000,4570.0000,4568.8000,4573.8000,4576.4000,4581.6000,4582.0000,4583.0000,1,1,1,1,1,1,1,1,17,2
SF,IF2011,2020-09-29 09:32:21.400,4573.4000,4338,0,83726400.000,0,-,-,-,-,4572.8000,4572.6000,4572.4000,4570.2000,4570.0000,4573.8000,4576.4000,4581.6000,4582.0000,4583.0000,1,1,1,1,1,1,1,1,17,2
SF,IF2011,2020-09-29 09:32:21.900,4573.8000,4337,-1,85098540.000,1,0,1,双平,S,4572.8000,4572.6000,4572.4000,4570.2000,4570.0000,4576.4000,4581.6000,4582.0000,4583.0000,4585.0000,1,1,1,1,1,1,1,17,2,5
SF,IF2011,2020-09-29 09:32:22.400,4573.8000,4337,0,85098540.000,0,-,-,-,-,4573.8000,4573.0000,4570.2000,4570.0000,4568.8000,4576.0000,4576.2000,4576.4000,4581.6000,4582.0000,2,2,1,1,1,1,2,1,1,17
SF,IF2011,2020-09-29 09:32:22.900,4573.8000,4337,0,85098540.000,0,-,-,-,-,4574.0000,4573.8000,4573.0000,4570.2000,4570.0000,4575.8000,4576.4000,4581.6000,4582.0000,4583.0000,1,2,1,1,1,2,1,1,17,2
SF,IF2011,2020-09-29 09:32:24.400,4573.8000,4337,0,85098540.000,0,-,-,-,-,4574.0000,4573.8000,4573.0000,4570.2000,4570.0000,4575.8000,4581.6000,4582.0000,4583.0000,4585.0000,1,2,1,1,1,2,1,17,2,5
SF,IF2011,2020-09-29 09:32:24.900,4573.8000,4337,0,85098540.000,0,-,-,-,-,4574.2000,4574.0000,4573.8000,4570.2000,4570.0000,4575.8000,4581.6000,4582.0000,4583.0000,4585.0000,1,1,2,1,1,1,1,17,2,5
SF,IF2011,2020-09-29 09:32:25.900,4573.8000,4337,0,85098540.000,0,-,-,-,-,4574.2000,4574.0000,4573.8000,4572.4000,4570.2000,4575.8000,4581.6000,4582.0000,4583.0000,4585.0000,1,1,2,1,1,1,1,17,2,5
SF,IF2011,2020-09-29 09:32:26.400,4573.8000,4337,0,85098540.000,0,-,-,-,-,4574.2000,4574.0000,4573.8000,4572.4000,4570.2000,4575.6000,4575.8000,4581.6000,4582.0000,4583.0000,1,1,2,1,1,1,1,1,17,2
SF,IF2011,2020-09-29 09:32:26.900,4573.8000,4337,0,85098540.000,0,-,-,-,-,4574.2000,4574.0000,4573.8000,4572.4000,4570.2000,4575.4000,4581.6000,4582.0000,4583.0000,4585.0000,1,1,2,1,1,2,1,17,2,5
SF,IF2011,2020-09-29 09:32:27.400,4573.8000,4337,0,85098540.000,0,-,-,-,-,4574.2000,4573.8000,4572.4000,4570.2000,4570.0000,4575.4000,4581.6000,4582.0000,4583.0000,4585.0000,1,2,1,1,1,2,1,17,2,5
SF,IF2011,2020-09-29 09:32:27.900,4573.8000,4337,0,85098540.000,0,-,-,-,-,4573.8000,4572.4000,4570.2000,4570.0000,4565.0000,4574.2000,4575.2000,4575.4000,4581.6000,4582.0000,2,1,1,1,5,1,1,2,1,17
SF,IF2011,2020-09-29 09:32:28.400,4573.8000,4337,0,87842820.000,2,1,1,多换,S,4572.4000,4570.2000,4570.0000,4565.0000,4560.0000,4574.2000,4575.2000,4575.4000,4581.6000,4582.0000,1,1,1,5,1,1,1,2,1,17
SF,IF2011,2020-09-29 09:32:28.900,4573.8000,4337,0,87842820.000,0,-,-,-,-,4572.6000,4572.4000,4570.2000,4570.0000,4565.0000,4574.0000,4574.2000,4575.2000,4575.4000,4581.6000,1,1,1,1,5,1,1,1,1,1
SF,IF2011,2020-09-29 09:32:29.400,4573.8000,4337,0,87842820.000,0,-,-,-,-,4572.6000,4570.2000,4570.0000,4565.0000,4560.0000,4574.0000,4574.2000,4575.2000,4581.6000,4582.0000,1,1,1,5,1,1,1,1,1,17
SF,IF2011,2020-09-29 09:32:30.900,4573.8000,4337,0,87842820.000,0,-,-,-,-,4572.6000,4570.2000,4570.0000,4565.0000,4560.0000,4573.8000,4574.0000,4574.2000,4575.2000,4581.6000,1,1,1,5,1,1,1,1,1,1
SF,IF2011,2020-09-29 09:32:31.400,4573.8000,4337,0,87842820.000,0,-,-,-,-,4570.2000,4570.0000,4565.0000,4560.0000,4555.0000,4573.6000,4573.8000,4574.2000,4575.2000,4581.6000,1,1,5,1,1,1,1,1,1,1
SF,IF2011,2020-09-29 09:32:31.900,4573.8000,4337,0,87842820.000,0,-,-,-,-,4570.4000,4570.2000,4570.0000,4565.0000,4560.0000,4573.4000,4573.6000,4573.8000,4574.2000,4581.6000,3,1,1,5,1,2,1,1,1,1
SF,IF2011,2020-09-29 09:32:32.400,4573.8000,4337,0,87842820.000,0,-,-,-,-,4570.4000,4570.2000,4570.0000,4565.0000,4560.0000,4573.2000,4573.4000,4573.8000,4581.6000,4582.0000,1,1,1,5,1,1,1,1,1,17
SF,IF2011,2020-09-29 09:32:32.900,4570.4000,4336,-1,89213940.000,1,0,1,双平,S,4570.2000,4570.0000,4565.0000,4560.0000,4555.0000,4573.0000,4573.2000,4573.8000,4581.6000,4582.0000,1,1,5,1,1,1,1,1,1,17
SF,IF2011,2020-09-29 09:32:33.400,4570.4000,4336,0,89213940.000,0,-,-,-,-,4570.4000,4570.2000,4570.0000,4565.0000,4560.0000,4572.8000,4573.0000,4573.6000,4573.8000,4581.6000,1,1,1,5,1,2,1,1,1,1
SF,IF2011,2020-09-29 09:32:33.900,4570.4000,4336,0,89213940.000,0,-,-,-,-,4570.4000,4570.2000,4570.0000,4565.0000,4560.0000,4572.6000,4572.8000,4573.6000,4581.6000,4582.0000,1,1,1,5,1,2,1,1,1,17
SF,IF2011,2020-09-29 09:32:34.400,4570.4000,4336,0,89213940.000,0,-,-,-,-,4570.4000,4570.2000,4570.0000,4565.0000,4560.0000,4572.4000,4572.6000,4573.6000,4581.6000,4582.0000,1,1,1,5,1,1,2,1,1,17
SF,IF2011,2020-09-29 09:32:34.900,4570.4000,4336,0,89213940.000,0,-,-,-,-,4570.6000,4570.4000,4570.2000,4570.0000,4565.0000,4572.4000,4573.6000,4581.6000,4582.0000,4583.0000,2,1,1,1,5,1,1,1,17,2
SF,IF2011,2020-09-29 09:32:35.400,4570.4000,4336,0,89213940.000,0,-,-,-,-,4570.8000,4570.6000,4570.2000,4570.0000,4565.0000,4572.4000,4573.6000,4581.6000,4582.0000,4583.0000,1,2,1,1,5,1,1,1,17,2
SF,IF2011,2020-09-29 09:32:35.900,4570.4000,4336,0,89213940.000,0,-,-,-,-,4570.8000,4570.6000,4570.2000,4570.0000,4565.0000,4572.4000,4581.6000,4582.0000,4583.0000,4585.0000,1,1,1,1,5,1,1,17,2,5
SF,IF2011,2020-09-29 09:32:37.400,4570.4000,4336,0,89213940.000,0,-,-,-,-,4570.8000,4570.6000,4570.2000,4570.0000,4565.0000,4572.2000,4572.4000,4581.6000,4582.0000,4583.0000,1,1,1,1,5,1,1,1,17,2
SF,IF2011,2020-09-29 09:32:37.900,4570.4000,4336,0,89213940.000,0,-,-,-,-,4570.6000,4570.2000,4570.0000,4565.0000,4560.0000,4572.0000,4572.2000,4581.6000,4582.0000,4583.0000,1,1,1,5,1,2,1,1,17,2
SF,IF2011,2020-09-29 09:32:38.400,4570.4000,4336,0,89213940.000,0,-,-,-,-,4570.2000,4570.0000,4565.0000,4560.0000,4555.0000,4572.0000,4572.2000,4581.6000,4582.0000,4583.0000,1,1,5,1,1,2,1,1,17,2
SF,IF2011,2020-09-29 09:32:38.900,4570.4000,4336,0,89213940.000,0,-,-,-,-,4570.2000,4570.0000,4565.0000,4560.0000,4555.0000,4571.8000,4572.0000,4572.2000,4581.6000,4582.0000,1,1,5,1,1,1,2,1,1,17
SF,IF2011,2020-09-29 09:32:39.400,4570.4000,4336,0,89213940.000,0,-,-,-,-,4570.2000,4570.0000,4565.0000,4560.0000,4555.0000,4571.6000,4572.0000,4572.2000,4581.6000,4582.0000,1,1,5,1,1,2,1,1,1,17
SF,IF2011,2020-09-29 09:32:39.900,4570.2000,4335,-1,90585000.000,1,0,1,双平,S,4570.0000,4560.0000,4555.0000,4553.8000,4545.0000,4570.6000,4571.6000,4572.0000,4572.2000,4581.6000,1,6,1,2,1,1,2,1,1,1
SF,IF2011,2020-09-29 09:32:40.400,4570.0000,4335,0,91956000.000,1,0,1,多换,S,4560.0000,4555.0000,4553.8000,4545.0000,4531.0000,4570.0000,4570.6000,4571.6000,4572.0000,4581.6000,6,1,2,1,1,1,1,1,1,1
SF,IF2011,2020-09-29 09:32:40.900,4570.0000,4335,0,91956000.000,0,-,-,-,-,4567.6000,4567.2000,4566.8000,4566.6000,4566.4000,4569.8000,4570.6000,4571.6000,4572.0000,4581.6000,2,3,4,2,1,2,1,1,1,1
SF,IF2011,2020-09-29 09:32:41.400,4569.8000,4333,-2,94697880.000,2,0,2,双平,S,4569.8000,4567.8000,4567.6000,4567.2000,4566.8000,4570.6000,4571.6000,4581.6000,4582.0000,4583.0000,1,3,1,3,3,1,1,1,17,2
SF,IF2011,2020-09-29 09:32:41.900,4570.6000,4332,-1,96069060.000,1,0,1,双平,S,4570.0000,4567.8000,4567.6000,4567.2000,4566.6000,4571.6000,4581.6000,4582.0000,4583.0000,4585.0000,1,1,1,2,2,1,1,17,2,5
SF,IF2011,2020-09-29 09:32:42.400,4570.6000,4332,0,96069060.000,0,-,-,-,-,4570.0000,4567.8000,4567.6000,4567.2000,4566.4000,4581.6000,4582.0000,4583.0000,4585.0000,4587.2000,1,1,1,2,1,1,17,2,5,2
SF,IF2011,2020-09-29 09:32:42.900,4570.6000,4332,0,96069060.000,0,-,-,-,-,4570.2000,4570.0000,4567.6000,4567.2000,4566.4000,4572.0000,4572.6000,4573.0000,4573.2000,4573.4000,1,1,1,1,1,1,1,1,1,1
SF,IF2011,2020-09-29 09:32:43.400,4570.6000,4332,0,96069060.000,0,-,-,-,-,4570.2000,4570.0000,4567.2000,4566.4000,4566.2000,4571.8000,4572.0000,4572.6000,4573.0000,4573.2000,1,1,1,1,1,1,1,1,1,1
SF,IF2011,2020-09-29 09:32:43.900,4570.6000,4332,0,96069060.000,0,-,-,-,-,4570.2000,4567.2000,4566.4000,4566.2000,4560.0000,4571.8000,4572.0000,4572.6000,4573.0000,4573.2000,1,1,1,1,6,1,1,1,1,1
SF,IF2011,2020-09-29 09:32:44.400,4570.6000,4332,0,96069060.000,0,-,-,-,-,4570.2000,4567.2000,4566.4000,4566.2000,4560.0000,4571.8000,4572.0000,4572.6000,4573.0000,4573.2000,1,1,1,1,6,1,1,1,1,1
SF,IF2011,2020-09-29 09:32:44.900,4570.2000,4331,-1,97440120.000,1,0,1,双平,S,4567.2000,4566.4000,4566.2000,4560.0000,4555.0000,4571.8000,4572.0000,4572.6000,4573.0000,4573.2000,1,1,1,6,1,1,1,1,1,1
SF,IF2011,2020-09-29 09:32:45.400,4570.2000,4331,0,97440120.000,0,-,-,-,-,4568.2000,4567.8000,4567.4000,4567.2000,4566.4000,4571.6000,4571.8000,4572.0000,4573.0000,4573.2000,1,1,2,2,1,1,1,1,1,1
SF,IF2011,2020-09-29 09:32:45.900,4570.2000,4331,0,97440120.000,0,-,-,-,-,4568.4000,4568.2000,4567.8000,4567.4000,4567.2000,4571.4000,4571.6000,4572.0000,4573.0000,4581.2000,1,1,1,1,2,1,1,1,1,1
SF,IF2011,2020-09-29 09:32:46.400,4570.2000,4331,0,97440120.000,0,-,-,-,-,4568.4000,4568.2000,4567.8000,4567.4000,4567.2000,4571.2000,4571.4000,4572.0000,4573.0000,4581.2000,1,1,1,1,2,1,1,1,1,1
SF,IF2011,2020-09-29 09:32:46.900,4570.2000,4331,0,97440120.000,0,-,-,-,-,4568.4000,4568.2000,4567.8000,4567.4000,4567.2000,4571.0000,4571.2000,4572.0000,4573.0000,4581.2000,1,1,1,1,2,1,1,1,1,1
SF,IF2011,2020-09-29 09:32:47.400,4570.2000,4331,0,97440120.000,0,-,-,-,-,4568.4000,4568.2000,4567.8000,4567.4000,4567.2000,4570.8000,4571.0000,4572.0000,4573.0000,4581.2000,1,1,1,1,2,1,1,1,1,1
SF,IF2011,2020-09-29 09:32:47.900,4570.2000,4331,0,97440120.000,0,-,-,-,-,4568.4000,4568.2000,4567.8000,4567.4000,4567.2000,4570.6000,4570.8000,4572.0000,4573.0000,4581.2000,1,1,1,1,2,1,1,1,1,1
SF,IF2011,2020-09-29 09:32:48.400,4568.4000,4330,-1,98810640.000,1,0,1,双平,S,4568.2000,4567.4000,4567.2000,4566.4000,4566.2000,4570.4000,4570.6000,4572.0000,4573.0000,4581.2000,1,1,2,1,1,1,1,1,1,1
SF,IF2011,2020-09-29 09:32:48.900,4568.4000,4330,0,98810640.000,0,-,-,-,-,4568.2000,4567.4000,4567.2000,4566.4000,4566.2000,4570.2000,4570.4000,4572.0000,4573.0000,4581.2000,1,1,2,1,1,1,1,1,1,1
SF,IF2011,2020-09-29 09:32:49.400,4568.4000,4330,0,98810640.000,0,-,-,-,-,4568.2000,4567.4000,4567.2000,4566.4000,4566.2000,4570.0000,4570.2000,4572.0000,4573.0000,4575.0000,1,1,2,1,1,1,1,1,1,5
SF,IF2011,2020-09-29 09:32:49.900,4568.4000,4330,0,98810640.000,0,-,-,-,-,4568.4000,4567.4000,4567.2000,4566.4000,4566.2000,4569.8000,4570.0000,4572.0000,4573.0000,4575.0000,1,1,2,1,1,1,1,1,1,5
SF,IF2011,2020-09-29 09:32:50.400,4568.4000,4330,0,98810640.000,0,-,-,-,-,4567.4000,4567.2000,4566.4000,4566.2000,4560.0000,4569.8000,4570.0000,4572.0000,4573.0000,4575.0000,1,2,1,1,6,1,1,1,1,5
SF,IF2011,2020-09-29 09:32:50.900,4568.4000,4330,0,98810640.000,0,-,-,-,-,4567.6000,4567.4000,4566.4000,4566.2000,4560.0000,4569.6000,4569.8000,4572.0000,4573.0000,4575.0000,1,1,1,1,6,1,1,1,1,5
SF,IF2011,2020-09-29 09:32:51.400,4568.4000,4330,0,98810640.000,0,-,-,-,-,4567.6000,4567.4000,4566.4000,4566.2000,4560.0000,4569.4000,4569.6000,4572.0000,4573.0000,4575.0000,1,1,1,1,6,1,1,1,1,5
SF,IF2011,2020-09-29 09:32:51.900,4568.4000,4330,0,98810640.000,0,-,-,-,-,4566.2000,4560.0000,4555.0000,4553.8000,4545.0000,4569.4000,4569.6000,4572.0000,4573.0000,4575.0000,1,6,1,2,1,1,1,1,1,5
SF,IF2011,2020-09-29 09:32:52.400,4566.4000,4328,-2,101550540.000,2,0,2,双平,S,4566.4000,4566.2000,4560.0000,4555.0000,4553.8000,4569.2000,4569.4000,4572.0000,4573.0000,4575.0000,1,1,6,1,2,1,1,1,1,5
SF,IF2011,2020-09-29 09:32:52.900,4566.4000,4328,0,101550540.000,0,-,-,-,-,4566.4000,4566.2000,4560.0000,4555.0000,4553.8000,4569.0000,4569.2000,4572.0000,4573.0000,4575.0000,1,1,6,1,2,1,1,1,1,5
SF,IF2011,2020-09-29 09:32:53.400,4566.4000,4328,0,101550540.000,0,-,-,-,-,4566.6000,4566.4000,4566.2000,4560.0000,4555.0000,4568.8000,4569.0000,4572.0000,4573.0000,4575.0000,1,1,1,6,1,1,1,1,1,5
SF,IF2011,2020-09-29 09:32:53.900,4566.4000,4328,0,101550540.000,0,-,-,-,-,4566.8000,4566.6000,4566.2000,4560.0000,4555.0000,4568.6000,4568.8000,4572.0000,4573.0000,4575.0000,1,1,1,6,1,1,1,1,1,5
SF,IF2011,2020-09-29 09:32:54.400,4568.6000,4328,0,102921120.000,1,0,1,多换,S,4566.6000,4560.0000,4555.0000,4553.8000,4545.0000,4568.8000,4572.0000,4573.0000,4575.0000,4581.2000,1,6,1,2,1,1,1,1,5,1
SF,IF2011,2020-09-29 09:32:54.900,4568.6000,4328,0,102921120.000,0,-,-,-,-,4566.8000,4566.6000,4560.0000,4555.0000,4553.8000,4568.6000,4568.8000,4572.0000,4573.0000,4575.0000,1,1,6,1,2,1,1,1,1,5
SF,IF2011,2020-09-29 09:32:56.900,4568.6000,4327,-1,104291700.000,1,0,1,双平,S,4566.8000,4566.6000,4560.0000,4555.0000,4553.8000,4568.8000,4572.0000,4573.0000,4575.0000,4581.2000,1,1,6,1,2,1,1,1,5,1
SF,IF2011,2020-09-29 09:32:57.400,4568.6000,4327,0,104291700.000,0,-,-,-,-,4567.0000,4566.8000,4566.6000,4560.0000,4555.0000,4572.0000,4573.0000,4574.0000,4575.0000,4581.2000,2,1,1,6,1,1,1,1,5,1
SF,IF2011,2020-09-29 09:32:57.900,4568.6000,4327,0,104291700.000,0,-,-,-,-,4567.2000,4567.0000,4560.0000,4555.0000,4553.8000,4571.4000,4571.6000,4571.8000,4572.0000,4573.0000,1,2,6,1,2,1,1,1,6,1
SF,IF2011,2020-09-29 09:32:58.400,4568.6000,4327,0,104291700.000,0,-,-,-,-,4567.4000,4567.2000,4567.0000,4560.0000,4555.0000,4570.4000,4571.2000,4571.6000,4572.0000,4573.0000,1,1,1,6,1,1,2,1,5,1
SF,IF2011,2020-09-29 09:32:58.900,4568.6000,4327,0,104291700.000,0,-,-,-,-,4567.6000,4567.4000,4560.0000,4555.0000,4553.8000,4570.2000,4570.4000,4571.2000,4571.6000,4572.0000,1,1,6,1,2,2,1,1,1,5
SF,IF2011,2020-09-29 09:32:59.400,4568.6000,4327,0,104291700.000,0,-,-,-,-,4567.8000,4567.6000,4560.0000,4555.0000,4553.8000,4570.2000,4570.4000,4571.2000,4571.6000,4572.0000,1,2,6,1,2,2,1,1,1,5
SF,IF2011,2020-09-29 09:32:59.900,4568.6000,4327,0,104291700.000,0,-,-,-,-,4568.0000,4567.8000,4560.0000,4555.0000,4553.8000,4570.2000,4570.4000,4571.2000,4571.6000,4572.0000,1,1,6,1,2,2,1,1,1,5
SF,IF2011,2020-09-29 09:33:00.400,4568.6000,4327,0,104291700.000,0,-,-,-,-,4568.2000,4568.0000,4560.0000,4555.0000,4553.8000,4570.2000,4570.4000,4571.2000,4571.6000,4572.0000,1,2,6,1,2,2,1,1,1,5
SF,IF2011,2020-09-29 09:33:00.900,4568.6000,4327,0,104291700.000,0,-,-,-,-,4568.4000,4568.2000,4568.0000,4560.0000,4555.0000,4570.2000,4570.4000,4571.2000,4571.6000,4572.0000,1,1,1,6,1,2,1,1,1,5
SF,IF2011,2020-09-29 09:33:01.400,4568.6000,4327,0,104291700.000,0,-,-,-,-,4568.4000,4568.2000,4560.0000,4555.0000,4553.8000,4570.2000,4570.4000,4571.2000,4571.6000,4572.0000,1,1,6,1,2,2,1,1,1,5
SF,IF2011,2020-09-29 09:33:01.900,4568.6000,4327,0,104291700.000,0,-,-,-,-,4568.2000,4560.0000,4555.0000,4553.8000,4545.0000,4570.2000,4570.4000,4571.2000,4571.6000,4572.0000,1,6,1,2,1,2,1,1,1,4
SF,IF2011,2020-09-29 09:33:02.400,4568.2000,4325,-2,107032620.000,2,0,2,双平,S,4560.0000,4555.0000,4553.8000,4545.0000,4531.0000,4570.0000,4570.2000,4570.4000,4571.2000,4571.6000,6,1,2,1,1,1,2,1,1,1
SF,IF2011,2020-09-29 09:33:02.900,4568.2000,4325,0,107032620.000,0,-,-,-,-,4567.2000,4566.8000,4566.6000,4566.4000,4566.2000,4569.8000,4570.0000,4570.2000,4570.4000,4572.0000,3,4,2,3,2,1,1,1,1,4
SF,IF2011,2020-09-29 09:33:03.400,4568.2000,4325,0,107032620.000,0,-,-,-,-,4567.6000,4567.4000,4567.2000,4566.8000,4566.6000,4569.6000,4569.8000,4572.0000,4573.0000,4574.0000,1,1,2,3,2,1,1,4,1,1
SF,IF2011,2020-09-29 09:33:03.900,4568.2000,4325,0,107032620.000,0,-,-,-,-,4567.8000,4567.2000,4566.8000,4566.6000,4566.4000,4569.6000,4572.0000,4573.0000,4574.0000,4575.0000,2,2,3,2,2,1,4,1,1,5
SF,IF2011,2020-09-29 09:33:04.400,4568.2000,4325,0,107032620.000,0,-,-,-,-,4568.0000,4567.8000,4567.2000,4566.8000,4566.6000,4569.6000,4572.0000,4573.0000,4574.0000,4575.0000,1,2,2,3,2,1,4,1,1,5
SF,IF2011,2020-09-29 09:33:04.900,4568.2000,4325,0,107032620.000,0,-,-,-,-,4568.2000,4568.0000,4567.8000,4567.2000,4566.8000,4569.6000,4572.0000,4573.0000,4574.0000,4580.0000,1,1,1,2,3,1,4,1,1,5
SF,IF2011,2020-09-29 09:33:05.400,4568.2000,4325,0,107032620.000,0,-,-,-,-,4568.2000,4568.0000,4567.8000,4567.2000,4566.8000,4572.0000,4573.0000,4574.0000,4580.0000,4581.2000,1,1,1,2,3,4,1,1,5,1
SF,IF2011,2020-09-29 09:33:05.900,4568.2000,4325,0,107032620.000,0,-,-,-,-,4568.2000,4568.0000,4567.8000,4567.2000,4566.8000,4570.4000,4571.8000,4572.0000,4573.0000,4574.0000,1,1,1,2,3,1,5,5,1,1
SF,IF2011,2020-09-29 09:33:06.400,4568.2000,4325,0,107032620.000,0,-,-,-,-,4568.2000,4568.0000,4567.2000,4566.8000,4566.6000,4570.2000,4570.4000,4571.8000,4572.0000,4573.0000,1,1,2,3,3,2,1,2,3,1
SF,IF2011,2020-09-29 09:33:06.900,4568.2000,4325,0,107032620.000,0,-,-,-,-,4568.2000,4568.0000,4567.2000,4566.8000,4566.6000,4570.2000,4570.4000,4571.8000,4572.0000,4573.0000,1,1,2,3,3,2,1,1,1,1
SF,IF2011,2020-09-29 09:33:07.400,4568.2000,4325,0,107032620.000,0,-,-,-,-,4568.4000,4568.2000,4567.2000,4566.8000,4566.6000,4570.2000,4570.4000,4571.8000,4572.0000,4573.0000,1,1,2,3,3,2,1,1,1,1
SF,IF2011,2020-09-29 09:33:07.900,4570.2000,4324,-1,108403680.000,1,0,1,双平,S,4568.8000,4568.6000,4568.4000,4567.2000,4566.6000,4571.8000,4573.0000,4574.0000,4580.0000,4581.2000,1,1,4,2,1,1,1,1,5,1
SF,IF2011,2020-09-29 09:33:08.400,4570.2000,4324,0,108403680.000,0,-,-,-,-,4569.0000,4568.8000,4568.4000,4567.2000,4566.6000,4571.2000,4571.6000,4573.0000,4574.0000,4580.0000,2,1,4,2,1,1,1,1,1,5
SF,IF2011,2020-09-29 09:33:08.900,4570.2000,4324,0,108403680.000,0,-,-,-,-,4569.0000,4568.8000,4568.4000,4567.2000,4566.6000,4571.0000,4571.2000,4573.0000,4574.0000,4580.0000,2,1,1,2,1,1,1,1,1,5
SF,IF2011,2020-09-29 09:33:09.400,4570.2000,4324,0,108403680.000,0,-,-,-,-,4569.0000,4568.8000,4567.2000,4566.6000,4566.4000,4571.0000,4571.2000,4573.0000,4574.0000,4580.0000,2,1,2,1,1,1,1,1,1,5
SF,IF2011,2020-09-29 09:33:13.900,4570.2000,4324,0,108403680.000,0,-,-,-,-,4569.0000,4568.8000,4567.2000,4566.6000,4566.4000,4571.0000,4573.0000,4574.0000,4580.0000,4581.2000,2,1,2,1,1,1,1,1,5,1
SF,IF2011,2020-09-29 09:33:14.400,4570.2000,4324,0,108403680.000,0,-,-,-,-,4569.4000,4569.2000,4569.0000,4567.2000,4566.6000,4570.8000,4574.0000,4580.0000,4581.2000,4581.6000,1,1,1,2,1,1,1,5,1,2
SF,IF2011,2020-09-29 09:33:14.900,4570.2000,4324,0,108403680.000,0,-,-,-,-,4569.6000,4569.2000,4567.2000,4566.6000,4566.4000,4574.0000,4580.0000,4581.2000,4581.6000,4582.0000,1,1,2,1,1,1,5,1,2,17
SF,IF2011,2020-09-29 09:33:15.400,4570.2000,4324,0,108403680.000,0,-,-,-,-,4570.2000,4569.8000,4569.6000,4569.2000,4567.2000,4572.2000,4573.8000,4574.0000,4580.0000,4581.6000,2,3,9,1,1,1,2,1,5,2
SF,IF2011,2020-09-29 09:33:15.900,4570.2000,4324,0,108403680.000,0,-,-,-,-,4570.4000,4569.8000,4569.6000,4569.2000,4567.2000,4572.2000,4573.8000,4574.0000,4580.0000,4581.6000,2,1,1,1,1,1,1,1,5,2
SF,IF2011,2020-09-29 09:33:16.400,4570.2000,4324,0,108403680.000,0,-,-,-,-,4570.4000,4569.8000,4569.6000,4569.2000,4567.2000,4572.0000,4572.2000,4574.0000,4580.0000,4581.6000,2,1,1,1,1,1,1,1,5,2
SF,IF2011,2020-09-29 09:33:16.900,4570.2000,4324,0,108403680.000,0,-,-,-,-,4570.4000,4570.2000,4569.8000,4569.6000,4569.2000,4572.0000,4572.2000,4574.0000,4580.0000,4581.6000,1,1,1,1,1,1,1,1,5,2
SF,IF2011,2020-09-29 09:33:19.400,4570.2000,4324,0,108403680.000,0,-,-,-,-,4570.8000,4570.4000,4570.2000,4569.8000,4569.6000,4572.0000,4574.0000,4580.0000,4581.6000,4582.0000,1,1,1,1,1,1,1,5,2,17
SF,IF2011,2020-09-29 09:33:19.900,4570.2000,4324,0,108403680.000,0,-,-,-,-,4571.0000,4570.8000,4570.2000,4569.8000,4569.6000,4574.0000,4580.0000,4581.6000,4582.0000,4583.0000,1,1,1,1,1,1,5,2,17,2
SF,IF2011,2020-09-29 09:33:20.400,4570.2000,4324,0,108403680.000,0,-,-,-,-,4571.2000,4571.0000,4570.8000,4570.2000,4569.8000,4572.8000,4573.8000,4574.0000,4580.0000,4581.6000,1,1,1,1,1,1,2,1,5,2
SF,IF2011,2020-09-29 09:33:20.900,4570.2000,4324,0,108403680.000,0,-,-,-,-,4571.4000,4571.2000,4570.2000,4569.8000,4569.6000,4572.8000,4573.8000,4574.0000,4580.0000,4581.6000,1,1,1,1,1,1,1,1,5,2
SF,IF2011,2020-09-29 09:33:21.400,4570.2000,4324,0,108403680.000,0,-,-,-,-,4571.2000,4570.2000,4569.8000,4569.6000,4569.2000,4572.6000,4572.8000,4574.0000,4580.0000,4581.6000,1,1,1,1,1,1,1,1,5,2
SF,IF2011,2020-09-29 09:33:21.900,4570.2000,4324,0,108403680.000,0,-,-,-,-,4570.2000,4569.8000,4569.6000,4569.2000,4567.2000,4572.6000,4572.8000,4574.0000,4580.0000,4581.6000,1,1,1,1,1,1,1,1,5,2
SF,IF2011,2020-09-29 09:33:22.400,4570.2000,4324,0,108403680.000,0,-,-,-,-,4570.4000,4570.2000,4569.8000,4569.6000,4569.2000,4572.6000,4572.8000,4574.0000,4577.8000,4580.0000,2,1,1,1,1,1,1,1,2,5
SF,IF2011,2020-09-29 09:33:23.400,4570.2000,4324,0,108403680.000,0,-,-,-,-,4570.4000,4570.2000,4569.8000,4569.6000,4567.2000,4572.6000,4572.8000,4574.0000,4577.8000,4580.0000,2,1,1,1,1,1,1,1,2,5
SF,IF2011,2020-09-29 09:33:23.900,4570.2000,4324,0,108403680.000,0,-,-,-,-,4570.4000,4570.2000,4569.6000,4567.2000,4566.6000,4572.6000,4572.8000,4574.0000,4577.8000,4580.0000,2,1,1,1,1,1,1,1,2,5
SF,IF2011,2020-09-29 09:33:24.900,4570.2000,4324,0,108403680.000,0,-,-,-,-,4570.4000,4570.2000,4567.2000,4566.6000,4560.0000,4572.6000,4572.8000,4574.0000,4577.8000,4580.0000,2,1,1,1,6,1,1,1,2,5
SF,IF2011,2020-09-29 09:33:25.400,4570.2000,4324,0,108403680.000,0,-,-,-,-,4570.4000,4570.2000,4567.2000,4566.6000,4560.0000,4572.6000,4572.8000,4574.0000,4577.8000,4580.0000,2,1,1,1,6,1,1,1,2,5
SF,IF2011,2020-09-29 09:33:25.900,4570.2000,4324,0,108403680.000,0,-,-,-,-,4570.2000,4567.2000,4566.6000,4560.0000,4555.0000,4572.4000,4572.6000,4572.8000,4574.0000,4577.8000,1,1,1,6,1,2,1,1,1,2
SF,IF2011,2020-09-29 09:33:26.400,4570.2000,4324,0,108403680.000,0,-,-,-,-,4570.2000,4567.2000,4566.6000,4560.0000,4555.0000,4572.2000,4572.4000,4572.8000,4574.0000,4577.8000,1,1,1,6,1,1,2,1,1,2
SF,IF2011,2020-09-29 09:33:26.900,4570.2000,4324,0,109774740.000,1,0,1,多换,S,4567.2000,4566.6000,4560.0000,4555.0000,4553.8000,4572.0000,4572.2000,4572.4000,4572.8000,4574.0000,1,1,6,1,2,1,1,1,1,1
SF,IF2011,2020-09-29 09:33:27.400,4570.2000,4324,0,109774740.000,0,-,-,-,-,4568.4000,4568.2000,4568.0000,4567.6000,4567.4000,4571.6000,4571.8000,4572.0000,4574.0000,4577.8000,2,3,1,1,3,1,1,1,1,2
SF,IF2011,2020-09-29 09:33:27.900,4570.2000,4324,0,109774740.000,0,-,-,-,-,4568.6000,4568.4000,4568.2000,4568.0000,4567.6000,4571.4000,4571.6000,4574.0000,4577.8000,4580.0000,1,3,3,1,1,2,1,1,2,5
SF,IF2011,2020-09-29 09:33:28.400,4570.2000,4324,0,109774740.000,0,-,-,-,-,4568.8000,4568.6000,4568.4000,4568.2000,4567.6000,4571.4000,4571.6000,4574.0000,4577.8000,4580.0000,1,1,3,3,1,2,1,1,2,5
SF,IF2011,2020-09-29 09:33:28.900,4570.2000,4324,0,109774740.000,0,-,-,-,-,4569.0000,4568.8000,4568.2000,4567.6000,4567.4000,4571.4000,4571.6000,4574.0000,4577.8000,4580.0000,1,1,2,1,1,2,1,1,2,6
SF,IF2011,2020-09-29 09:33:29.400,4570.2000,4324,0,109774740.000,0,-,-,-,-,4569.0000,4568.8000,4567.6000,4567.2000,4566.6000,4571.2000,4571.4000,4571.6000,4574.0000,4577.8000,1,1,1,2,1,1,2,1,1,2
SF,IF2011,2020-09-29 09:33:29.900,4570.2000,4324,0,109774740.000,0,-,-,-,-,4567.2000,4566.6000,4560.0000,4555.0000,4553.8000,4571.0000,4571.2000,4571.6000,4574.0000,4577.8000,2,1,6,1,2,2,1,1,1,2
SF,IF2011,2020-09-29 09:33:30.400,4570.2000,4324,0,109774740.000,0,-,-,-,-,4567.4000,4567.2000,4560.0000,4555.0000,4553.8000,4570.8000,4571.0000,4571.2000,4571.6000,4574.0000,1,1,6,1,2,1,5,1,1,1
SF,IF2011,2020-09-29 09:33:30.900,4570.2000,4324,0,109774740.000,0,-,-,-,-,4567.4000,4567.2000,4560.0000,4555.0000,4553.8000,4569.8000,4570.6000,4574.0000,4577.8000,4580.0000,1,1,6,1,2,1,2,1,2,6
SF,IF2011,2020-09-29 09:33:31.400,4570.2000,4324,0,109774740.000,0,-,-,-,-,4567.6000,4567.4000,4567.2000,4560.0000,4555.0000,4569.6000,4570.6000,4574.0000,4577.8000,4580.0000,1,1,1,6,1,1,1,1,2,6
SF,IF2011,2020-09-29 09:33:31.900,4570.2000,4324,0,109774740.000,0,-,-,-,-,4567.8000,4567.6000,4567.2000,4560.0000,4555.0000,4569.6000,4570.6000,4574.0000,4577.8000,4580.0000,1,1,1,6,1,1,1,1,2,6
SF,IF2011,2020-09-29 09:33:32.400,4569.6000,4323,-1,111145620.000,1,0,1,双平,S,4568.0000,4567.8000,4567.6000,4567.2000,4560.0000,4570.6000,4574.0000,4577.8000,4580.0000,4581.6000,1,1,1,1,6,1,1,2,6,2
SF,IF2011,2020-09-29 09:33:32.900,4569.6000,4323,0,111145620.000,0,-,-,-,-,4568.2000,4568.0000,4567.6000,4567.2000,4560.0000,4570.4000,4570.6000,4574.0000,4577.8000,4580.0000,2,1,1,1,6,1,1,1,2,6
SF,IF2011,2020-09-29 09:33:33.400,4569.6000,4323,0,111145620.000,0,-,-,-,-,4568.2000,4568.0000,4567.6000,4567.2000,4560.0000,4570.2000,4570.4000,4574.0000,4577.8000,4580.0000,2,1,1,1,6,1,1,1,2,6
SF,IF2011,2020-09-29 09:33:33.900,4569.6000,4323,0,111145620.000,0,-,-,-,-,4568.2000,4568.0000,4567.2000,4560.0000,4555.0000,4570.2000,4570.4000,4574.0000,4577.8000,4580.0000,2,1,1,6,1,1,1,1,2,6
SF,IF2011,2020-09-29 09:33:34.400,4569.6000,4323,0,111145620.000,0,-,-,-,-,4568.2000,4567.2000,4560.0000,4555.0000,4553.8000,4570.2000,4570.4000,4574.0000,4575.0000,4577.8000,2,1,6,1,2,1,1,1,2,2
SF,IF2011,2020-09-29 09:33:34.900,4569.6000,4323,0,111145620.000,0,-,-,-,-,4568.2000,4567.2000,4560.0000,4555.0000,4553.8000,4570.2000,4570.4000,4574.0000,4575.0000,4577.8000,2,1,6,1,2,1,1,1,2,2
SF,IF2011,2020-09-29 09:33:35.400,4569.6000,4323,0,111145620.000,0,-,-,-,-,4568.2000,4567.2000,4560.0000,4555.0000,4553.8000,4570.2000,4570.4000,4574.0000,4575.0000,4577.8000,2,1,6,1,2,1,1,1,2,2
SF,IF2011,2020-09-29 09:33:37.900,4569.6000,4323,0,111145620.000,0,-,-,-,-,4569.0000,4568.2000,4567.2000,4560.0000,4555.0000,4570.2000,4570.4000,4574.0000,4575.0000,4577.8000,1,2,1,6,1,1,1,1,2,2
SF,IF2011,2020-09-29 09:33:38.400,4569.6000,4323,0,111145620.000,0,-,-,-,-,4569.2000,4569.0000,4568.2000,4567.2000,4560.0000,4570.4000,4574.0000,4575.0000,4577.8000,4580.0000,1,1,1,1,6,1,1,2,2,6
SF,IF2011,2020-09-29 09:33:38.900,4570.4000,4322,-1,112516740.000,1,0,1,双平,S,4569.4000,4569.2000,4569.0000,4568.2000,4567.2000,4574.0000,4575.0000,4577.8000,4580.0000,4581.6000,1,1,1,1,1,1,2,2,6,2
SF,IF2011,2020-09-29 09:33:39.400,4570.4000,4322,0,112516740.000,0,-,-,-,-,4569.6000,4569.4000,4569.0000,4567.2000,4560.0000,4572.2000,4572.8000,4573.0000,4573.2000,4573.8000,2,1,1,1,6,1,1,2,1,8
SF,IF2011,2020-09-29 09:33:39.900,4570.4000,4322,0,112516740.000,0,-,-,-,-,4570.4000,4569.6000,4569.4000,4569.0000,4567.2000,4572.0000,4572.2000,4572.8000,4573.0000,4573.2000,5,2,1,1,1,1,1,1,2,1
SF,IF2011,2020-09-29 09:33:40.400,4570.4000,4322,0,112516740.000,0,-,-,-,-,4570.4000,4569.6000,4569.0000,4568.4000,4567.2000,4572.0000,4572.2000,4573.0000,4573.2000,4573.8000,5,2,1,1,1,1,1,2,1,6
SF,IF2011,2020-09-29 09:33:41.400,4570.4000,4322,0,113887860.000,1,0,1,多换,S,4570.4000,4569.6000,4569.0000,4568.4000,4567.2000,4572.0000,4572.2000,4573.0000,4573.2000,4573.8000,4,2,1,1,1,1,1,2,1,6
SF,IF2011,2020-09-29 09:33:41.900,4570.4000,4322,0,113887860.000,0,-,-,-,-,4570.4000,4569.6000,4568.4000,4567.2000,4560.0000,4572.0000,4572.2000,4573.0000,4573.2000,4573.8000,4,2,1,1,6,1,1,2,1,6
SF,IF2011,2020-09-29 09:33:42.900,4570.4000,4322,0,113887860.000,0,-,-,-,-,4570.4000,4569.6000,4568.4000,4567.2000,4560.0000,4572.0000,4572.2000,4573.0000,4573.2000,4573.8000,4,2,1,1,6,1,1,2,1,4
SF,IF2011,2020-09-29 09:33:43.400,4570.4000,4322,0,119372340.000,4,2,2,多换,S,4569.6000,4568.4000,4567.2000,4560.0000,4555.0000,4572.0000,4572.2000,4573.0000,4573.2000,4573.8000,2,1,1,6,1,3,1,2,1,2
SF,IF2011,2020-09-29 09:33:43.900,4570.4000,4322,0,119372340.000,0,-,-,-,-,4569.6000,4568.4000,4567.2000,4560.0000,4555.0000,4572.0000,4572.2000,4573.0000,4573.2000,4573.8000,2,1,1,6,1,1,1,2,1,2
SF,IF2011,2020-09-29 09:33:44.400,4570.4000,4322,0,119372340.000,0,-,-,-,-,4569.6000,4567.2000,4560.0000,4555.0000,4553.8000,4572.0000,4572.2000,4573.0000,4573.2000,4573.8000,2,1,6,1,2,3,1,2,1,2
SF,IF2011,2020-09-29 09:33:44.900,4570.4000,4322,0,119372340.000,0,-,-,-,-,4569.6000,4567.2000,4560.0000,4555.0000,4553.8000,4572.0000,4572.2000,4573.0000,4573.2000,4573.8000,2,1,6,1,2,1,1,2,1,2
SF,IF2011,2020-09-29 09:33:45.400,4570.4000,4322,0,119372340.000,0,-,-,-,-,4569.6000,4567.2000,4560.0000,4555.0000,4553.8000,4572.0000,4572.2000,4573.0000,4573.2000,4573.8000,2,1,6,1,2,1,1,2,1,2
SF,IF2011,2020-09-29 09:33:47.900,4570.4000,4322,0,119372340.000,0,-,-,-,-,4569.6000,4567.2000,4560.0000,4555.0000,4553.8000,4572.0000,4572.2000,4573.0000,4573.2000,4573.8000,2,1,6,1,2,1,1,1,1,2
SF,IF2011,2020-09-29 09:33:49.900,4570.4000,4322,0,119372340.000,0,-,-,-,-,4569.6000,4567.2000,4560.0000,4555.0000,4553.8000,4572.0000,4572.2000,4573.0000,4573.8000,4574.0000,3,1,6,1,2,1,1,1,2,1
SF,IF2011,2020-09-29 09:33:50.900,4570.4000,4322,0,119372340.000,0,-,-,-,-,4569.8000,4569.6000,4567.2000,4560.0000,4555.0000,4571.0000,4572.0000,4573.0000,4573.8000,4574.0000,1,7,1,6,1,1,1,1,2,1
SF,IF2011,2020-09-29 09:33:51.400,4572.0000,4321,-1,122115240.000,2,0,2,多平,S,4572.0000,4571.6000,4570.0000,4569.8000,4569.6000,4573.0000,4573.8000,4574.0000,4575.0000,4577.8000,1,1,2,1,5,1,2,1,2,2
SF,IF2011,2020-09-29 09:33:51.900,4572.0000,4320,-1,123486840.000,1,0,1,双平,S,4571.6000,4570.0000,4569.6000,4567.2000,4560.0000,4572.8000,4573.8000,4574.0000,4575.0000,4577.8000,1,2,5,1,6,1,2,1,2,2
SF,IF2011,2020-09-29 09:33:52.400,4572.0000,4320,0,123486840.000,0,-,-,-,-,4571.6000,4570.0000,4567.2000,4560.0000,4555.0000,4572.8000,4573.8000,4574.0000,4575.0000,4577.8000,1,2,1,6,1,1,2,1,2,2
SF,IF2011,2020-09-29 09:33:52.900,4572.0000,4320,0,123486840.000,0,-,-,-,-,4571.6000,4570.0000,4567.2000,4560.0000,4555.0000,4572.6000,4572.8000,4573.8000,4574.0000,4575.0000,1,1,1,6,1,1,1,2,1,2
SF,IF2011,2020-09-29 09:33:53.400,4571.6000,4320,0,124858320.000,1,0,1,多换,S,4570.0000,4567.2000,4560.0000,4555.0000,4553.8000,4572.4000,4572.6000,4573.8000,4574.0000,4575.0000,1,1,6,1,2,1,1,2,1,2
SF,IF2011,2020-09-29 09:33:53.900,4571.6000,4320,0,124858320.000,0,-,-,-,-,4570.2000,4570.0000,4567.2000,4560.0000,4555.0000,4572.4000,4572.6000,4573.8000,4574.0000,4575.0000,1,1,1,6,1,1,1,2,1,2
SF,IF2011,2020-09-29 09:33:54.400,4571.6000,4320,0,124858320.000,0,-,-,-,-,4570.4000,4570.2000,4567.2000,4560.0000,4555.0000,4572.2000,4572.4000,4572.6000,4573.8000,4574.0000,1,1,1,6,1,1,1,1,2,1
SF,IF2011,2020-09-29 09:33:55.900,4571.6000,4320,0,124858320.000,0,-,-,-,-,4570.4000,4570.2000,4567.2000,4560.0000,4555.0000,4572.2000,4572.4000,4573.8000,4574.0000,4575.0000,1,1,1,6,1,1,1,2,1,2
SF,IF2011,2020-09-29 09:33:56.400,4571.6000,4320,0,124858320.000,0,-,-,-,-,4570.4000,4570.2000,4567.2000,4560.0000,4555.0000,4572.4000,4573.8000,4574.0000,4575.0000,4577.8000,1,1,1,6,1,1,2,1,2,2
SF,IF2011,2020-09-29 09:33:56.900,4571.6000,4320,0,124858320.000,0,-,-,-,-,4570.6000,4570.4000,4567.2000,4560.0000,4555.0000,4572.4000,4573.8000,4574.0000,4575.0000,4577.8000,1,1,1,6,1,1,2,1,2,2
SF,IF2011,2020-09-29 09:33:57.400,4571.6000,4320,0,124858320.000,0,-,-,-,-,4570.8000,4570.6000,4567.2000,4560.0000,4555.0000,4572.4000,4573.8000,4574.0000,4575.0000,4577.8000,1,1,1,6,1,1,2,1,2,2
SF,IF2011,2020-09-29 09:33:57.900,4571.6000,4320,0,124858320.000,0,-,-,-,-,4570.8000,4570.6000,4569.8000,4567.2000,4560.0000,4572.4000,4573.8000,4574.0000,4575.0000,4577.8000,1,1,1,1,6,1,2,1,2,2
SF,IF2011,2020-09-29 09:33:58.900,4570.6000,4318,-2,127600740.000,2,0,2,双平,S,4569.8000,4567.2000,4560.0000,4555.0000,4553.8000,4572.4000,4573.8000,4574.0000,4575.0000,4577.8000,1,1,6,1,2,1,2,1,2,2
SF,IF2011,2020-09-29 09:33:59.400,4570.6000,4318,0,127600740.000,0,-,-,-,-,4570.0000,4567.2000,4560.0000,4555.0000,4553.8000,4572.0000,4572.2000,4572.4000,4573.8000,4574.0000,1,1,6,1,2,1,3,3,2,1
SF,IF2011,2020-09-29 09:33:59.900,4570.6000,4318,0,127600740.000,0,-,-,-,-,4570.0000,4567.2000,4560.0000,4555.0000,4553.8000,4571.8000,4572.0000,4572.2000,4573.8000,4574.0000,1,1,6,1,2,7,1,2,2,1
SF,IF2011,2020-09-29 09:34:00.400,4570.6000,4318,0,127600740.000,0,-,-,-,-,4570.0000,4567.2000,4560.0000,4555.0000,4553.8000,4571.8000,4572.2000,4573.8000,4574.0000,4575.0000,1,1,6,1,2,2,2,2,1,2
SF,IF2011,2020-09-29 09:34:00.900,4570.6000,4318,0,127600740.000,0,-,-,-,-,4570.2000,4570.0000,4567.2000,4560.0000,4555.0000,4571.8000,4573.8000,4574.0000,4575.0000,4577.8000,1,1,1,6,1,2,2,1,2,2
SF,IF2011,2020-09-29 09:34:02.400,4570.6000,4318,0,127600740.000,0,-,-,-,-,4570.2000,4570.0000,4567.2000,4560.0000,4555.0000,4571.6000,4571.8000,4573.8000,4574.0000,4575.0000,1,1,1,6,1,1,2,2,1,2
SF,IF2011,2020-09-29 09:34:02.900,4570.6000,4318,0,127600740.000,0,-,-,-,-,4570.2000,4567.2000,4560.0000,4555.0000,4553.8000,4571.4000,4571.6000,4571.8000,4573.8000,4574.0000,1,1,6,1,2,1,1,1,2,1
SF,IF2011,2020-09-29 09:34:03.400,4570.6000,4318,0,127600740.000,0,-,-,-,-,4567.4000,4567.2000,4560.0000,4555.0000,4553.8000,4571.4000,4571.6000,4571.8000,4573.8000,4574.0000,1,1,6,1,2,1,1,1,2,1
SF,IF2011,2020-09-29 09:34:03.900,4570.6000,4318,0,127600740.000,0,-,-,-,-,4568.6000,4568.4000,4568.2000,4567.6000,4567.4000,4571.2000,4571.4000,4571.6000,4573.8000,4574.0000,1,3,4,2,2,1,1,1,2,1
SF,IF2011,2020-09-29 09:34:04.400,4570.6000,4318,0,127600740.000,0,-,-,-,-,4568.8000,4568.6000,4568.4000,4568.2000,4567.6000,4571.0000,4571.2000,4571.6000,4573.8000,4574.0000,1,1,1,3,1,1,1,1,2,1
SF,IF2011,2020-09-29 09:34:04.900,4570.6000,4318,0,127600740.000,0,-,-,-,-,4569.0000,4568.8000,4568.6000,4568.4000,4568.2000,4570.8000,4571.0000,4571.6000,4573.0000,4573.8000,1,1,1,1,3,1,1,1,1,2
SF,IF2011,2020-09-29 09:34:05.400,4570.6000,4318,0,127600740.000,0,-,-,-,-,4569.2000,4569.0000,4568.6000,4568.2000,4567.6000,4570.8000,4571.0000,4571.6000,4573.0000,4573.8000,1,1,1,3,1,1,1,1,1,2
SF,IF2011,2020-09-29 09:34:06.400,4570.6000,4318,0,127600740.000,0,-,-,-,-,4569.6000,4569.2000,4569.0000,4568.6000,4568.2000,4570.8000,4571.0000,4571.6000,4573.0000,4573.8000,1,1,1,1,3,1,1,1,1,2
SF,IF2011,2020-09-29 09:34:06.900,4570.6000,4318,0,127600740.000,0,-,-,-,-,4569.6000,4569.2000,4569.0000,4568.6000,4568.2000,4571.0000,4571.6000,4573.0000,4573.8000,4574.0000,1,1,1,1,3,1,1,1,2,1
SF,IF2011,2020-09-29 09:34:07.400,4570.6000,4318,0,127600740.000,0,-,-,-,-,4569.2000,4569.0000,4568.6000,4568.2000,4567.4000,4571.0000,4571.6000,4573.0000,4573.8000,4574.0000,1,1,1,3,1,1,1,1,2,1
SF,IF2011,2020-09-29 09:34:07.900,4570.6000,4318,0,127600740.000,0,-,-,-,-,4569.2000,4569.0000,4568.6000,4568.2000,4567.2000,4571.0000,4571.6000,4573.0000,4573.8000,4574.0000,1,1,1,1,1,1,1,1,2,1
SF,IF2011,2020-09-29 09:34:08.900,4570.6000,4318,0,127600740.000,0,-,-,-,-,4569.2000,4569.0000,4567.2000,4560.0000,4555.0000,4571.0000,4571.6000,4573.0000,4574.0000,4575.0000,1,1,1,6,1,1,1,1,1,2
SF,IF2011,2020-09-29 09:34:09.400,4570.6000,4318,0,127600740.000,0,-,-,-,-,4569.2000,4567.2000,4560.0000,4555.0000,4553.8000,4571.0000,4571.6000,4573.0000,4574.0000,4575.0000,1,1,6,1,2,1,1,1,1,2
SF,IF2011,2020-09-29 09:34:09.900,4570.6000,4318,0,127600740.000,0,-,-,-,-,4569.2000,4567.2000,4560.0000,4555.0000,4553.8000,4571.0000,4571.6000,4573.0000,4574.0000,4575.0000,1,1,6,1,2,1,1,1,1,2
SF,IF2011,2020-09-29 09:34:10.400,4570.6000,4318,0,127600740.000,0,-,-,-,-,4567.2000,4560.0000,4555.0000,4553.8000,4545.0000,4571.0000,4571.6000,4573.0000,4574.0000,4575.0000,1,6,1,2,1,1,1,1,1,2
SF,IF2011,2020-09-29 09:34:10.900,4570.6000,4318,0,127600740.000,0,-,-,-,-,4567.8000,4567.4000,4567.2000,4560.0000,4555.0000,4570.8000,4571.0000,4571.6000,4573.0000,4574.0000,1,2,3,6,1,1,1,1,1,1
SF,IF2011,2020-09-29 09:34:11.400,4570.6000,4318,0,127600740.000,0,-,-,-,-,4568.0000,4567.8000,4567.4000,4567.2000,4560.0000,4570.6000,4570.8000,4571.6000,4573.0000,4574.0000,1,1,1,3,6,1,1,1,1,1
SF,IF2011,2020-09-29 09:34:11.900,4570.6000,4318,0,127600740.000,0,-,-,-,-,4568.0000,4567.8000,4567.4000,4567.2000,4560.0000,4570.4000,4570.6000,4571.6000,4573.0000,4574.0000,1,1,1,3,6,1,1,1,1,1
SF,IF2011,2020-09-29 09:34:12.400,4570.6000,4318,0,127600740.000,0,-,-,-,-,4568.0000,4567.8000,4567.4000,4567.2000,4560.0000,4570.2000,4570.4000,4571.6000,4573.0000,4574.0000,1,1,1,3,6,1,1,1,1,1
SF,IF2011,2020-09-29 09:34:12.900,4570.6000,4318,0,127600740.000,0,-,-,-,-,4568.0000,4567.8000,4567.4000,4567.2000,4560.0000,4570.0000,4570.2000,4571.6000,4573.0000,4574.0000,1,1,1,1,6,1,1,1,1,1
SF,IF2011,2020-09-29 09:34:13.400,4570.6000,4318,0,127600740.000,0,-,-,-,-,4568.0000,4567.4000,4567.2000,4560.0000,4555.0000,4569.8000,4570.0000,4571.6000,4573.0000,4574.0000,1,1,1,6,1,1,1,1,1,1
SF,IF2011,2020-09-29 09:34:13.900,4570.6000,4318,0,127600740.000,0,-,-,-,-,4568.0000,4567.4000,4567.2000,4560.0000,4555.0000,4569.8000,4570.0000,4571.6000,4573.0000,4574.0000,1,1,1,6,1,1,1,1,1,1
SF,IF2011,2020-09-29 09:34:14.400,4570.6000,4318,0,127600740.000,0,-,-,-,-,4568.0000,4567.4000,4567.2000,4560.0000,4555.0000,4569.8000,4570.0000,4571.6000,4573.0000,4574.0000,1,1,1,6,1,1,1,1,1,1
SF,IF2011,2020-09-29 09:34:14.900,4570.6000,4318,0,127600740.000,0,-,-,-,-,4568.0000,4567.2000,4560.0000,4555.0000,4553.8000,4569.8000,4570.0000,4571.6000,4573.0000,4574.0000,1,1,6,1,2,1,1,1,1,1
SF,IF2011,2020-09-29 09:34:15.400,4570.6000,4318,0,127600740.000,0,-,-,-,-,4567.2000,4560.0000,4555.0000,4553.8000,4545.0000,4569.6000,4569.8000,4570.0000,4571.6000,4573.0000,1,6,1,2,1,1,1,1,1,1
SF,IF2011,2020-09-29 09:34:15.900,4570.6000,4318,0,127600740.000,0,-,-,-,-,4567.4000,4567.2000,4560.0000,4555.0000,4553.8000,4569.4000,4569.6000,4573.0000,4574.0000,4575.0000,1,1,6,1,2,2,1,1,1,2
SF,IF2011,2020-09-29 09:34:16.400,4570.6000,4318,0,127600740.000,0,-,-,-,-,4567.4000,4567.2000,4560.0000,4555.0000,4553.8000,4569.4000,4573.0000,4574.0000,4575.0000,4577.8000,1,1,6,1,2,2,1,1,2,2
SF,IF2011,2020-09-29 09:34:17.400,4570.6000,4318,0,127600740.000,0,-,-,-,-,4568.0000,4567.4000,4567.2000,4560.0000,4555.0000,4569.4000,4572.0000,4573.0000,4574.0000,4575.0000,1,1,1,6,1,2,2,1,1,2
SF,IF2011,2020-09-29 09:34:17.900,4570.6000,4318,0,127600740.000,0,-,-,-,-,4568.2000,4568.0000,4567.2000,4560.0000,4555.0000,4572.0000,4573.0000,4574.0000,4575.0000,4577.8000,1,1,1,6,1,2,1,1,2,2
SF,IF2011,2020-09-29 09:34:18.400,4570.6000,4318,0,127600740.000,0,-,-,-,-,4568.4000,4568.2000,4568.0000,4567.2000,4560.0000,4570.6000,4571.0000,4571.2000,4571.8000,4572.0000,1,1,1,1,6,1,1,1,3,7
SF,IF2011,2020-09-29 09:34:18.900,4570.6000,4318,0,127600740.000,0,-,-,-,-,4568.6000,4568.4000,4568.0000,4567.2000,4560.0000,4570.4000,4570.6000,4571.0000,4571.2000,4572.0000,2,1,1,1,6,1,1,1,1,7
SF,IF2011,2020-09-29 09:34:19.400,4570.6000,4318,0,127600740.000,0,-,-,-,-,4568.6000,4567.2000,4560.0000,4555.0000,4553.8000,4570.4000,4571.2000,4572.0000,4573.0000,4574.0000,2,1,6,1,2,1,1,5,1,1
SF,IF2011,2020-09-29 09:34:20.900,4570.6000,4318,0,127600740.000,0,-,-,-,-,4568.6000,4568.0000,4567.2000,4560.0000,4555.0000,4570.4000,4571.2000,4572.0000,4573.0000,4574.0000,2,1,1,6,1,1,1,5,1,1
SF,IF2011,2020-09-29 09:34:21.400,4570.6000,4318,0,127600740.000,0,-,-,-,-,4568.0000,4567.2000,4560.0000,4555.0000,4553.8000,4570.4000,4571.2000,4572.0000,4573.0000,4574.0000,1,1,6,1,2,1,1,5,1,1
SF,IF2011,2020-09-29 09:34:21.900,4570.6000,4318,0,127600740.000,0,-,-,-,-,4568.2000,4568.0000,4567.2000,4560.0000,4555.0000,4570.2000,4570.4000,4571.2000,4572.0000,4573.0000,1,1,1,6,1,1,1,1,5,1
SF,IF2011,2020-09-29 09:34:22.400,4570.6000,4318,0,127600740.000,0,-,-,-,-,4568.2000,4568.0000,4567.2000,4560.0000,4555.0000,4570.0000,4570.2000,4571.2000,4572.0000,4573.0000,1,1,1,6,1,1,1,1,4,1
SF,IF2011,2020-09-29 09:34:22.900,4570.6000,4318,0,127600740.000,0,-,-,-,-,4568.2000,4568.0000,4567.2000,4560.0000,4555.0000,4570.0000,4570.2000,4571.2000,4572.0000,4573.0000,1,1,1,6,1,1,1,1,4,1
SF,IF2011,2020-09-29 09:34:23.400,4570.6000,4318,0,127600740.000,0,-,-,-,-,4568.2000,4568.0000,4567.2000,4560.0000,4555.0000,4569.8000,4570.0000,4570.2000,4571.2000,4572.0000,1,1,1,6,1,1,1,1,1,4
SF,IF2011,2020-09-29 09:34:23.900,4570.6000,4318,0,127600740.000,0,-,-,-,-,4568.2000,4568.0000,4567.2000,4560.0000,4555.0000,4569.6000,4570.2000,4571.2000,4572.0000,4573.0000,1,1,1,6,1,1,1,1,4,1
SF,IF2011,2020-09-29 09:34:24.900,4570.6000,4318,0,127600740.000,0,-,-,-,-,4568.2000,4568.0000,4567.2000,4560.0000,4555.0000,4569.6000,4570.2000,4571.2000,4572.0000,4573.0000,2,1,1,6,1,1,1,1,4,1
SF,IF2011,2020-09-29 09:34:26.400,4570.6000,4318,0,127600740.000,0,-,-,-,-,4568.2000,4568.0000,4567.2000,4560.0000,4555.0000,4569.6000,4570.2000,4571.2000,4572.0000,4573.0000,2,1,1,6,1,1,1,1,3,1
SF,IF2011,2020-09-29 09:34:26.900,4570.6000,4318,0,127600740.000,0,-,-,-,-,4568.2000,4568.0000,4567.2000,4560.0000,4555.0000,4569.4000,4569.6000,4570.2000,4571.2000,4572.0000,1,1,1,6,1,2,1,1,1,3
SF,IF2011,2020-09-29 09:34:27.400,4570.6000,4318,0,127600740.000,0,-,-,-,-,4568.2000,4568.0000,4567.2000,4560.0000,4555.0000,4569.2000,4569.4000,4570.2000,4571.2000,4572.0000,1,1,1,6,1,1,2,1,1,3
SF,IF2011,2020-09-29 09:34:27.900,4570.6000,4318,0,127600740.000,0,-,-,-,-,4568.2000,4568.0000,4567.2000,4560.0000,4555.0000,4569.2000,4569.4000,4570.2000,4571.2000,4572.0000,1,1,1,6,1,1,2,1,1,2
SF,IF2011,2020-09-29 09:34:29.900,4568.2000,4318,0,128971200.000,1,0,1,多换,S,4568.0000,4567.2000,4560.0000,4555.0000,4553.8000,4569.2000,4569.4000,4570.2000,4571.2000,4572.0000,1,1,6,1,2,1,2,1,1,2
SF,IF2011,2020-09-29 09:34:30.400,4568.0000,4318,0,130341600.000,1,0,1,多换,S,4567.2000,4560.0000,4555.0000,4553.8000,4545.0000,4568.0000,4569.0000,4569.2000,4569.4000,4570.2000,1,6,1,2,1,1,2,1,2,1
SF,IF2011,2020-09-29 09:34:30.900,4568.0000,4318,0,130341600.000,0,-,-,-,-,4567.2000,4560.0000,4555.0000,4553.8000,4545.0000,4568.0000,4569.0000,4569.2000,4570.2000,4571.2000,1,6,1,2,1,1,2,1,1,1
SF,IF2011,2020-09-29 09:34:31.400,4568.0000,4317,-1,131712000.000,1,0,1,双平,S,4567.4000,4567.2000,4560.0000,4555.0000,4553.8000,4569.0000,4569.2000,4570.2000,4571.2000,4572.0000,1,1,6,1,2,1,1,1,1,2
SF,IF2011,2020-09-29 09:34:31.900,4568.0000,4317,0,131712000.000,0,-,-,-,-,4567.4000,4567.2000,4560.0000,4555.0000,4553.8000,4568.8000,4569.0000,4570.2000,4571.2000,4572.0000,1,1,6,1,2,1,1,1,1,2
SF,IF2011,2020-09-29 09:34:32.400,4568.0000,4317,0,131712000.000,0,-,-,-,-,4567.2000,4560.0000,4555.0000,4553.8000,4545.0000,4568.6000,4568.8000,4569.0000,4570.2000,4571.2000,1,6,1,2,1,1,1,1,1,1
SF,IF2011,2020-09-29 09:34:32.900,4568.0000,4317,0,131712000.000,0,-,-,-,-,4567.2000,4560.0000,4555.0000,4553.8000,4545.0000,4568.4000,4570.2000,4571.2000,4572.0000,4573.0000,1,6,1,2,1,1,1,1,2,1
SF,IF2011,2020-09-29 09:34:34.900,4568.4000,4317,0,133082520.000,1,0,1,多换,S,4567.2000,4560.0000,4555.0000,4553.8000,4545.0000,4570.2000,4571.2000,4572.0000,4573.0000,4574.0000,1,6,1,2,1,1,1,2,1,1
SF,IF2011,2020-09-29 09:34:35.400,4568.4000,4317,0,133082520.000,0,-,-,-,-,4567.4000,4567.2000,4560.0000,4555.0000,4553.8000,4569.4000,4569.6000,4570.0000,4570.2000,4572.0000,1,1,6,1,2,2,7,3,4,2
SF,IF2011,2020-09-29 09:34:35.900,4568.4000,4317,0,133082520.000,0,-,-,-,-,4567.4000,4567.2000,4560.0000,4555.0000,4553.8000,4569.2000,4569.4000,4569.6000,4570.0000,4570.2000,1,1,6,1,2,1,2,4,2,3
SF,IF2011,2020-09-29 09:34:36.400,4568.4000,4317,0,133082520.000,0,-,-,-,-,4567.4000,4567.2000,4560.0000,4555.0000,4553.8000,4569.2000,4569.6000,4570.0000,4570.2000,4572.0000,1,1,6,1,2,1,1,2,1,2
SF,IF2011,2020-09-29 09:34:36.900,4568.4000,4317,0,133082520.000,0,-,-,-,-,4567.6000,4567.4000,4567.2000,4560.0000,4555.0000,4569.2000,4570.0000,4572.0000,4573.0000,4574.0000,1,1,1,6,1,1,1,2,1,1
SF,IF2011,2020-09-29 09:34:37.400,4568.4000,4317,0,133082520.000,0,-,-,-,-,4567.8000,4567.6000,4567.2000,4560.0000,4555.0000,4569.2000,4570.0000,4572.0000,4573.0000,4574.0000,1,1,1,6,1,1,1,2,1,1
SF,IF2011,2020-09-29 09:34:37.900,4568.4000,4317,0,133082520.000,0,-,-,-,-,4567.8000,4567.6000,4567.2000,4560.0000,4555.0000,4570.0000,4572.0000,4573.0000,4574.0000,4575.0000,1,1,1,6,1,1,2,1,1,2
SF,IF2011,2020-09-29 09:34:38.400,4568.4000,4317,0,133082520.000,0,-,-,-,-,4568.0000,4567.8000,4567.2000,4560.0000,4555.0000,4569.8000,4570.0000,4572.0000,4573.0000,4574.0000,1,1,1,6,1,1,1,2,1,1
SF,IF2011,2020-09-29 09:34:38.900,4568.4000,4317,0,133082520.000,0,-,-,-,-,4568.2000,4568.0000,4567.2000,4560.0000,4555.0000,4569.8000,4570.0000,4572.0000,4573.0000,4574.0000,1,1,1,6,1,1,1,2,1,1
SF,IF2011,2020-09-29 09:34:39.400,4568.4000,4317,0,133082520.000,0,-,-,-,-,4568.2000,4568.0000,4567.2000,4560.0000,4555.0000,4569.6000,4569.8000,4572.0000,4573.0000,4574.0000,1,1,1,6,1,1,1,2,1,1
SF,IF2011,2020-09-29 09:34:39.900,4568.4000,4317,0,133082520.000,0,-,-,-,-,4568.0000,4567.2000,4560.0000,4555.0000,4553.8000,4569.6000,4569.8000,4572.0000,4573.0000,4574.0000,1,1,6,1,2,1,1,2,1,1
SF,IF2011,2020-09-29 09:34:40.400,4568.4000,4317,0,133082520.000,0,-,-,-,-,4568.2000,4568.0000,4567.2000,4560.0000,4555.0000,4569.6000,4569.8000,4572.0000,4573.0000,4574.0000,1,1,1,6,1,1,1,2,1,1
SF,IF2011,2020-09-29 09:34:40.900,4568.4000,4317,0,133082520.000,0,-,-,-,-,4568.2000,4568.0000,4567.2000,4560.0000,4555.0000,4569.4000,4569.6000,4569.8000,4572.0000,4573.0000,1,1,1,6,1,1,4,1,2,1
SF,IF2011,2020-09-29 09:34:41.400,4568.4000,4317,0,133082520.000,0,-,-,-,-,4568.2000,4568.0000,4567.2000,4560.0000,4555.0000,4569.2000,4569.6000,4569.8000,4572.0000,4573.0000,1,1,1,6,1,1,1,1,2,1
SF,IF2011,2020-09-29 09:34:41.900,4568.4000,4317,0,133082520.000,0,-,-,-,-,4568.0000,4567.2000,4560.0000,4555.0000,4553.8000,4569.2000,4569.6000,4569.8000,4572.0000,4573.0000,1,1,6,1,2,1,1,1,2,1
SF,IF2011,2020-09-29 09:34:42.400,4568.4000,4317,0,133082520.000,0,-,-,-,-,4568.0000,4567.2000,4560.0000,4555.0000,4553.8000,4569.0000,4569.2000,4569.8000,4572.0000,4573.0000,1,1,6,1,2,1,1,1,2,1
SF,IF2011,2020-09-29 09:34:42.900,4568.4000,4317,0,133082520.000,0,-,-,-,-,4568.0000,4567.2000,4560.0000,4555.0000,4553.8000,4569.0000,4569.2000,4569.8000,4572.0000,4573.0000,1,1,6,1,2,1,1,1,2,1
SF,IF2011,2020-09-29 09:34:43.400,4568.4000,4317,0,133082520.000,0,-,-,-,-,4568.0000,4567.2000,4560.0000,4555.0000,4553.8000,4568.8000,4569.0000,4569.2000,4569.8000,4572.0000,1,1,6,1,2,1,1,1,1,2
SF,IF2011,2020-09-29 09:34:43.900,4568.4000,4317,0,133082520.000,0,-,-,-,-,4568.0000,4567.2000,4560.0000,4555.0000,4553.8000,4569.0000,4569.8000,4572.0000,4573.0000,4574.0000,1,1,6,1,2,1,1,2,1,1
SF,IF2011,2020-09-29 09:34:44.400,4568.4000,4317,0,133082520.000,0,-,-,-,-,4568.2000,4568.0000,4567.2000,4560.0000,4555.0000,4569.8000,4572.0000,4573.0000,4574.0000,4575.0000,2,1,1,6,1,1,2,1,1,2
SF,IF2011,2020-09-29 09:34:45.900,4568.4000,4317,0,133082520.000,0,-,-,-,-,4568.2000,4568.0000,4567.2000,4560.0000,4555.0000,4569.8000,4572.0000,4573.0000,4574.0000,4575.0000,1,1,1,6,1,1,2,1,1,2
SF,IF2011,2020-09-29 09:34:46.400,4568.4000,4317,0,133082520.000,0,-,-,-,-,4568.2000,4568.0000,4567.2000,4560.0000,4555.0000,4572.0000,4573.0000,4574.0000,4575.0000,4577.8000,1,1,1,6,1,2,1,1,2,2
SF,IF2011,2020-09-29 09:34:46.900,4568.4000,4317,0,133082520.000,0,-,-,-,-,4568.4000,4568.2000,4568.0000,4567.2000,4560.0000,4571.0000,4571.2000,4571.4000,4571.8000,4572.0000,1,1,1,1,6,1,1,1,2,7
SF,IF2011,2020-09-29 09:34:47.400,4568.4000,4317,0,133082520.000,0,-,-,-,-,4568.6000,4568.4000,4568.0000,4567.2000,4560.0000,4570.8000,4571.2000,4571.4000,4572.0000,4573.0000,1,1,1,1,6,1,1,1,7,1
SF,IF2011,2020-09-29 09:34:47.900,4568.4000,4317,0,133082520.000,0,-,-,-,-,4569.0000,4568.8000,4568.6000,4568.0000,4567.2000,4571.4000,4572.0000,4573.0000,4574.0000,4575.0000,1,1,1,1,1,1,4,1,1,2
SF,IF2011,2020-09-29 09:34:48.400,4568.4000,4317,0,133082520.000,0,-,-,-,-,4569.2000,4569.0000,4568.0000,4567.2000,4560.0000,4572.0000,4573.0000,4574.0000,4575.0000,4577.8000,2,1,1,1,6,2,1,1,2,2
SF,IF2011,2020-09-29 09:34:48.900,4568.4000,4317,0,133082520.000,0,-,-,-,-,4569.2000,4569.0000,4568.0000,4567.2000,4560.0000,4571.8000,4572.0000,4573.0000,4574.0000,4575.0000,2,1,1,1,6,1,2,1,1,2
SF,IF2011,2020-09-29 09:34:49.400,4568.4000,4317,0,133082520.000,0,-,-,-,-,4569.2000,4569.0000,4568.4000,4568.0000,4567.2000,4571.8000,4572.0000,4573.0000,4574.0000,4575.0000,2,1,3,1,1,1,2,1,1,2
SF,IF2011,2020-09-29 09:34:50.400,4568.4000,4317,0,133082520.000,0,-,-,-,-,4569.2000,4569.0000,4568.4000,4567.2000,4560.0000,4571.8000,4572.0000,4573.0000,4574.0000,4575.0000,2,1,3,1,6,1,2,1,1,2
SF,IF2011,2020-09-29 09:34:50.900,4568.4000,4317,0,133082520.000,0,-,-,-,-,4569.2000,4569.0000,4568.4000,4567.2000,4560.0000,4571.6000,4571.8000,4572.0000,4573.0000,4574.0000,1,1,3,1,6,2,1,2,1,1
SF,IF2011,2020-09-29 09:34:51.400,4568.4000,4317,0,133082520.000,0,-,-,-,-,4569.2000,4569.0000,4568.4000,4567.2000,4560.0000,4571.4000,4571.6000,4572.0000,4573.0000,4574.0000,1,1,3,1,6,1,1,2,1,1
SF,IF2011,2020-09-29 09:34:51.900,4568.4000,4317,0,133082520.000,0,-,-,-,-,4569.2000,4569.0000,4568.4000,4567.2000,4560.0000,4571.2000,4571.4000,4572.0000,4573.0000,4574.0000,1,1,3,1,6,1,1,2,1,1
SF,IF2011,2020-09-29 09:34:52.400,4568.4000,4317,0,133082520.000,0,-,-,-,-,4569.2000,4569.0000,4568.4000,4567.2000,4560.0000,4571.0000,4571.2000,4572.0000,4573.0000,4574.0000,1,1,3,1,6,2,1,2,1,1
SF,IF2011,2020-09-29 09:34:52.900,4569.0000,4315,-2,135823920.000,2,0,2,双平,S,4568.4000,4567.2000,4560.0000,4555.0000,4553.8000,4569.2000,4570.8000,4571.0000,4571.2000,4572.0000,3,1,6,1,2,1,2,2,1,2
SF,IF2011,2020-09-29 09:34:53.400,4569.0000,4315,0,137194620.000,1,0,1,多换,S,4568.4000,4568.0000,4567.2000,4560.0000,4555.0000,4569.2000,4570.8000,4571.0000,4571.2000,4572.0000,3,1,1,6,1,1,2,1,1,2
SF,IF2011,2020-09-29 09:34:53.900,4569.0000,4314,-1,138565320.000,1,0,1,双平,S,4568.4000,4568.0000,4567.2000,4560.0000,4555.0000,4569.0000,4569.2000,4570.8000,4571.0000,4571.2000,3,1,1,6,1,1,1,2,1,1
SF,IF2011,2020-09-29 09:34:54.400,4569.0000,4313,-1,139936020.000,1,0,1,双平,S,4568.4000,4568.0000,4567.2000,4560.0000,4555.0000,4570.8000,4571.0000,4571.2000,4572.0000,4573.0000,3,1,1,6,1,1,1,1,2,1
SF,IF2011,2020-09-29 09:34:54.900,4568.6000,4313,0,141306600.000,1,0,1,多换,S,4568.4000,4568.0000,4567.2000,4560.0000,4555.0000,4570.6000,4570.8000,4572.0000,4573.0000,4574.0000,3,1,1,6,1,3,2,2,1,1
SF,IF2011,2020-09-29 09:34:55.400,4568.6000,4313,0,141306600.000,0,-,-,-,-,4568.4000,4568.0000,4567.2000,4560.0000,4555.0000,4570.4000,4570.6000,4570.8000,4572.0000,4573.0000,3,1,1,6,1,1,3,2,2,1
