市场代码,合约代码,时间,最新,持仓,增仓,成交额,成交量,开仓,平仓,成交类型,方向,买一价,买二价,买三价,买四价,买五价,卖一价,卖二价,卖三价,卖四价,卖五价,买一量,买二量,买三量,买四量,买五量,卖一量,卖二量,卖三量,卖四量,卖五量
SF,IF2004,2020-03-04 09:29:00.300,4061.2000,7071,0,12183600.000,10.000,-,-,-,-,4061.2000,4060.8000,4060.2000,4059.2000,4058.6000,4077.0000,4081.4000,4083.0000,4085.0000,4085.2000,2,1,7,7,5,1,1,1,6,1
SF,IF2004,2020-03-04 09:30:00.300,4072.2000,7070,-1,15851460.000,3,1,2,多平,S,4071.6000,4071.2000,4071.0000,4070.4000,4069.8000,4081.4000,4085.0000,4085.2000,4086.8000,4087.6000,4,1,1,1,2,1,6,1,1,4
SF,IF2004,2020-03-04 09:30:00.800,4072.2000,7070,0,15851460.000,0,-,-,-,-,4073.6000,4071.8000,4071.6000,4071.2000,4071.0000,4076.8000,4081.2000,4081.4000,4085.0000,4085.2000,2,5,4,1,1,1,1,1,6,1
SF,IF2004,2020-03-04 09:30:01.300,4072.2000,7070,0,15851460.000,0,-,-,-,-,4074.2000,4074.0000,4073.8000,4073.6000,4073.4000,4076.8000,4078.8000,4081.2000,4081.4000,4085.0000,2,1,7,2,1,1,1,2,1,7
SF,IF2004,2020-03-04 09:30:01.800,4078.8000,7071,1,18298140.000,2,1,1,空开,S,4074.4000,4074.2000,4074.0000,4073.8000,4073.6000,4081.2000,4085.0000,4085.2000,4086.8000,4087.6000,3,2,1,5,2,2,7,1,1,4
SF,IF2004,2020-03-04 09:30:02.300,4078.8000,7071,0,18298140.000,0,-,-,-,-,4074.4000,4074.2000,4074.0000,4073.8000,4073.6000,4074.6000,4079.4000,4079.6000,4080.0000,4080.2000,3,2,1,5,2,1,2,1,3,1
SF,IF2004,2020-03-04 09:30:02.800,4074.6000,7071,0,19520520.000,1,0,1,多换,S,4074.4000,4074.2000,4073.8000,4073.6000,4073.4000,4079.4000,4079.6000,4080.0000,4080.2000,4080.6000,1,2,5,2,1,2,1,3,1,1
SF,IF2004,2020-03-04 09:30:03.300,4074.6000,7071,0,19520520.000,0,-,-,-,-,4076.8000,4075.6000,4075.2000,4075.0000,4074.6000,4079.2000,4079.4000,4079.6000,4080.0000,4080.2000,1,1,1,1,5,2,2,1,2,1
SF,IF2004,2020-03-04 09:30:03.800,4079.2000,7070,-1,20744280.000,1,0,1,双平,S,4077.0000,4076.8000,4075.6000,4075.2000,4075.0000,4079.4000,4079.6000,4080.0000,4080.2000,4080.6000,1,1,1,1,1,2,1,2,1,1
SF,IF2004,2020-03-04 09:30:04.300,4077.0000,7069,-1,24414360.000,3,1,2,多平,S,4077.0000,4076.8000,4075.6000,4075.2000,4075.0000,4079.2000,4081.2000,4085.0000,4085.2000,4086.8000,1,2,1,1,1,1,1,7,1,1
SF,IF2004,2020-03-04 09:30:04.800,4079.2000,7068,-1,25638120.000,1,0,1,双平,S,4077.2000,4077.0000,4076.8000,4075.6000,4075.2000,4085.0000,4085.2000,4086.8000,4087.6000,4090.8000,5,2,6,1,1,7,1,1,4,3
SF,IF2004,2020-03-04 09:30:05.300,4079.2000,7068,0,25638120.000,0,-,-,-,-,4077.4000,4077.2000,4077.0000,4076.8000,4075.6000,4081.6000,4082.0000,4082.2000,4082.4000,4083.2000,2,5,2,7,1,1,2,1,2,2
SF,IF2004,2020-03-04 09:30:05.800,4079.2000,7068,0,25638120.000,0,-,-,-,-,4079.4000,4078.0000,4077.6000,4077.4000,4077.2000,4081.6000,4082.0000,4082.2000,4082.4000,4083.2000,1,1,5,2,3,1,1,1,1,2
SF,IF2004,2020-03-04 09:30:06.300,4079.2000,7068,0,25638120.000,0,-,-,-,-,4079.6000,4079.4000,4078.8000,4078.0000,4077.6000,4083.2000,4084.8000,4085.0000,4085.2000,4086.8000,2,1,1,1,3,1,2,9,1,1
SF,IF2004,2020-03-04 09:30:06.800,4079.2000,7068,0,25638120.000,0,-,-,-,-,4079.6000,4079.4000,4078.0000,4077.6000,4077.4000,4084.8000,4085.0000,4085.2000,4086.8000,4087.6000,3,1,1,1,1,1,9,1,1,4
SF,IF2004,2020-03-04 09:30:07.300,4079.2000,7068,0,25638120.000,0,-,-,-,-,4081.6000,4080.2000,4080.0000,4079.8000,4079.6000,4084.0000,4084.6000,4084.8000,4085.0000,4085.2000,3,1,2,3,5,1,4,1,9,1
SF,IF2004,2020-03-04 09:30:07.800,4079.2000,7068,0,25638120.000,0,-,-,-,-,4081.8000,4081.6000,4079.6000,4079.4000,4077.6000,4084.6000,4084.8000,4085.0000,4085.2000,4086.8000,1,3,2,4,1,4,1,9,1,1
SF,IF2004,2020-03-04 09:30:08.300,4079.2000,7068,0,25638120.000,0,-,-,-,-,4082.0000,4081.8000,4081.6000,4079.6000,4079.4000,4084.6000,4084.8000,4085.0000,4085.2000,4086.8000,1,1,3,1,3,1,1,9,1,1
SF,IF2004,2020-03-04 09:30:08.800,4079.2000,7068,0,25638120.000,0,-,-,-,-,4082.2000,4082.0000,4081.6000,4079.6000,4079.4000,4084.6000,4084.8000,4085.0000,4085.2000,4086.8000,1,1,3,1,3,2,1,9,1,1
SF,IF2004,2020-03-04 09:30:09.300,4079.2000,7068,0,25638120.000,0,-,-,-,-,4082.4000,4082.2000,4081.6000,4079.4000,4077.6000,4085.0000,4085.2000,4086.8000,4090.0000,4098.0000,1,3,3,3,1,7,1,1,5,4
SF,IF2004,2020-03-04 09:30:09.800,4084.8000,7067,-1,26863560.000,1,0,1,双平,S,4082.6000,4082.2000,4081.6000,4079.4000,4077.6000,4084.8000,4085.0000,4086.8000,4090.0000,4098.0000,1,2,3,3,1,1,7,1,5,4
SF,IF2004,2020-03-04 09:30:10.300,4082.8000,7066,-1,28088400.000,1,0,1,双平,S,4082.8000,4082.6000,4082.2000,4081.6000,4079.4000,4085.0000,4086.8000,4090.0000,4098.0000,4100.0000,1,1,2,3,3,7,1,5,4,1
SF,IF2004,2020-03-04 09:30:10.800,4082.8000,7066,0,28088400.000,0,-,-,-,-,4083.0000,4082.8000,4082.2000,4081.6000,4079.4000,4084.8000,4085.0000,4086.8000,4090.0000,4098.0000,1,1,2,3,3,1,7,1,5,1
SF,IF2004,2020-03-04 09:30:11.300,4082.8000,7066,0,28088400.000,0,-,-,-,-,4083.0000,4082.8000,4082.2000,4081.6000,4079.4000,4084.8000,4085.0000,4086.8000,4090.0000,4098.0000,1,1,2,3,3,1,7,1,5,1
SF,IF2004,2020-03-04 09:30:11.800,4084.6000,7065,-1,29313780.000,1,0,1,双平,S,4083.0000,4082.8000,4082.2000,4081.6000,4079.4000,4085.0000,4086.8000,4090.0000,4098.0000,4100.0000,1,1,2,3,3,7,1,5,1,1
SF,IF2004,2020-03-04 09:30:12.300,4085.0000,7062,-3,32990280.000,3,0,3,双平,S,4083.2000,4083.0000,4082.8000,4082.2000,4081.6000,4085.0000,4086.8000,4090.0000,4098.0000,4100.0000,1,1,1,2,3,4,1,5,1,1
SF,IF2004,2020-03-04 09:30:12.800,4085.0000,7059,-3,37892280.000,4,0,4,多平,S,4083.2000,4083.0000,4082.8000,4082.2000,4081.6000,4086.8000,4090.0000,4098.0000,4100.0000,4123.0000,3,1,1,1,3,1,5,1,1,1
SF,IF2004,2020-03-04 09:30:13.300,4085.0000,7059,0,37892280.000,0,-,-,-,-,4084.8000,4083.4000,4083.2000,4082.8000,4081.6000,4085.0000,4086.6000,4086.8000,4090.0000,4098.0000,1,2,3,1,3,2,1,1,5,1
SF,IF2004,2020-03-04 09:30:13.800,4085.0000,7059,0,40343280.000,2,1,1,多换,S,4084.8000,4083.4000,4083.2000,4081.6000,4079.4000,4086.8000,4090.0000,4098.0000,4100.0000,4123.0000,3,2,4,3,1,1,5,1,1,1
SF,IF2004,2020-03-04 09:30:14.300,4085.0000,7059,0,40343280.000,0,-,-,-,-,4085.0000,4084.8000,4083.4000,4083.2000,4081.6000,4085.2000,4086.8000,4095.0000,4098.0000,4100.0000,1,3,2,3,3,1,1,5,1,1
SF,IF2004,2020-03-04 09:30:14.800,4085.0000,7057,-2,44019840.000,3,0,3,多平,S,4085.0000,4084.8000,4083.4000,4083.2000,4081.6000,4086.8000,4095.0000,4098.0000,4100.0000,4123.0000,1,3,2,3,3,1,5,1,1,1
SF,IF2004,2020-03-04 09:30:15.300,4085.0000,7057,0,44019840.000,0,-,-,-,-,4085.0000,4084.8000,4083.4000,4083.2000,4081.6000,4086.8000,4095.0000,4098.0000,4100.0000,4123.0000,1,3,2,3,3,1,5,1,1,1
SF,IF2004,2020-03-04 09:30:15.800,4086.8000,7056,-1,45245880.000,1,0,1,双平,S,4085.2000,4085.0000,4084.8000,4083.4000,4083.2000,4095.0000,4098.0000,4100.0000,4123.0000,4124.8000,1,1,3,2,3,5,1,1,1,1
SF,IF2004,2020-03-04 09:30:16.300,4086.8000,7056,0,45245880.000,0,-,-,-,-,4085.4000,4085.2000,4085.0000,4084.8000,4083.4000,4088.4000,4088.8000,4089.0000,4089.4000,4089.6000,2,2,1,1,2,1,1,2,1,3
SF,IF2004,2020-03-04 09:30:16.800,4086.8000,7056,0,45245880.000,0,-,-,-,-,4086.8000,4085.4000,4085.2000,4084.8000,4083.4000,4088.2000,4088.4000,4088.8000,4089.0000,4089.4000,1,2,1,1,2,1,1,1,2,1
SF,IF2004,2020-03-04 09:30:17.300,4086.8000,7055,-1,46471920.000,1,0,1,双平,S,4086.8000,4085.6000,4085.4000,4085.2000,4084.8000,4088.2000,4088.8000,4089.4000,4089.6000,4089.8000,1,1,1,1,1,1,1,1,3,2
SF,IF2004,2020-03-04 09:30:17.800,4086.8000,7055,0,46471920.000,0,-,-,-,-,4086.8000,4085.6000,4085.4000,4085.2000,4084.8000,4088.2000,4089.4000,4089.6000,4089.8000,4090.0000,1,1,1,1,1,1,1,3,2,1
SF,IF2004,2020-03-04 09:30:18.300,4089.4000,7055,0,48925200.000,2,1,1,多换,S,4086.8000,4085.6000,4085.4000,4085.2000,4084.8000,4089.6000,4089.8000,4090.0000,4090.2000,4090.8000,2,1,1,1,1,3,2,1,1,1
SF,IF2004,2020-03-04 09:30:18.800,4089.4000,7055,0,48925200.000,0,-,-,-,-,4087.0000,4086.8000,4085.6000,4085.2000,4084.8000,4088.8000,4089.4000,4089.6000,4089.8000,4090.0000,1,2,1,1,1,1,2,2,2,1
SF,IF2004,2020-03-04 09:30:19.300,4089.4000,7055,0,48925200.000,0,-,-,-,-,4087.0000,4086.8000,4085.6000,4085.2000,4084.8000,4088.6000,4089.4000,4089.6000,4089.8000,4090.0000,2,1,1,1,1,2,2,3,2,1
SF,IF2004,2020-03-04 09:30:19.800,4089.4000,7055,0,48925200.000,0,-,-,-,-,4087.0000,4086.8000,4085.6000,4084.8000,4083.4000,4088.6000,4089.4000,4089.6000,4089.8000,4090.0000,1,1,1,1,1,1,2,1,2,1
SF,IF2004,2020-03-04 09:30:20.300,4086.8000,7053,-2,51377340.000,2,0,2,双平,S,4084.8000,4083.4000,4083.2000,4081.6000,4079.4000,4088.4000,4088.6000,4089.4000,4089.6000,4089.8000,1,1,3,3,1,1,1,2,1,2
SF,IF2004,2020-03-04 09:30:20.800,4086.8000,7053,0,51377340.000,0,-,-,-,-,4085.4000,4085.0000,4084.8000,4084.6000,4083.2000,4088.4000,4088.6000,4088.8000,4089.4000,4089.6000,1,3,2,2,3,1,1,1,1,1
SF,IF2004,2020-03-04 09:30:21.300,4086.8000,7053,0,51377340.000,0,-,-,-,-,4085.6000,4085.0000,4084.8000,4083.2000,4081.6000,4087.2000,4088.0000,4088.4000,4088.6000,4088.8000,1,2,1,3,3,1,1,1,1,1
SF,IF2004,2020-03-04 09:30:21.800,4086.8000,7053,0,51377340.000,0,-,-,-,-,4085.0000,4084.8000,4083.2000,4081.6000,4079.4000,4088.4000,4088.6000,4088.8000,4089.4000,4089.6000,2,1,1,3,1,1,1,1,1,1
SF,IF2004,2020-03-04 09:30:22.300,4086.8000,7053,0,51377340.000,0,-,-,-,-,4085.6000,4085.2000,4084.8000,4083.2000,4081.6000,4088.0000,4088.2000,4088.4000,4088.6000,4088.8000,2,1,1,1,3,1,1,1,1,1
SF,IF2004,2020-03-04 09:30:22.800,4085.6000,7051,-2,55054380.000,3,0,3,多平,S,4084.8000,4083.2000,4081.6000,4079.4000,4075.0000,4087.2000,4087.8000,4088.0000,4088.2000,4088.8000,1,1,3,1,5,2,3,1,1,1
SF,IF2004,2020-03-04 09:30:23.300,4085.6000,7051,0,55054380.000,0,-,-,-,-,4083.2000,4081.6000,4079.4000,4075.0000,4061.6000,4086.8000,4087.0000,4087.2000,4087.8000,4088.0000,1,3,1,5,2,1,2,2,2,1
SF,IF2004,2020-03-04 09:30:23.800,4085.6000,7051,0,55054380.000,0,-,-,-,-,4081.6000,4079.4000,4075.0000,4061.6000,4061.2000,4086.6000,4087.2000,4087.8000,4088.0000,4088.8000,3,1,5,2,2,3,2,2,1,1
SF,IF2004,2020-03-04 09:30:24.300,4085.6000,7051,0,55054380.000,0,-,-,-,-,4083.2000,4082.4000,4082.2000,4082.0000,4081.8000,4086.6000,4087.2000,4087.8000,4088.0000,4088.8000,1,1,2,3,6,2,2,1,1,1
SF,IF2004,2020-03-04 09:30:24.800,4085.6000,7051,0,55054380.000,0,-,-,-,-,4083.2000,4082.4000,4082.2000,4082.0000,4081.8000,4086.4000,4086.6000,4087.2000,4087.8000,4088.0000,1,1,2,3,4,1,2,2,1,1
SF,IF2004,2020-03-04 09:30:25.300,4085.6000,7051,0,55054380.000,0,-,-,-,-,4082.4000,4082.2000,4082.0000,4081.8000,4081.6000,4086.2000,4086.4000,4087.2000,4087.8000,4088.0000,1,1,3,4,3,2,2,2,1,1
SF,IF2004,2020-03-04 09:30:25.800,4085.6000,7051,0,55054380.000,0,-,-,-,-,4083.4000,4082.6000,4082.4000,4082.2000,4082.0000,4086.2000,4086.4000,4087.2000,4087.8000,4088.0000,1,3,1,1,3,1,1,2,1,1
SF,IF2004,2020-03-04 09:30:26.300,4085.6000,7051,0,55054380.000,0,-,-,-,-,4083.4000,4082.6000,4082.2000,4082.0000,4081.8000,4086.0000,4086.2000,4086.4000,4087.2000,4087.8000,1,2,1,3,2,1,1,1,2,1
SF,IF2004,2020-03-04 09:30:26.800,4085.8000,7050,-1,56280120.000,1,0,1,双平,S,4082.6000,4082.2000,4082.0000,4081.8000,4081.6000,4085.8000,4086.0000,4087.2000,4087.8000,4088.0000,2,1,3,2,3,1,1,3,1,1
SF,IF2004,2020-03-04 09:30:27.300,4085.8000,7050,0,56280120.000,0,-,-,-,-,4083.2000,4082.6000,4082.4000,4082.2000,4082.0000,4085.8000,4086.0000,4087.2000,4087.8000,4088.0000,1,2,1,1,3,1,1,3,1,1
SF,IF2004,2020-03-04 09:30:27.800,4085.8000,7050,0,56280120.000,0,-,-,-,-,4083.2000,4082.6000,4082.2000,4082.0000,4081.8000,4083.4000,4085.6000,4085.8000,4086.0000,4087.2000,1,2,1,2,2,1,3,1,1,3
SF,IF2004,2020-03-04 09:30:28.300,4083.4000,7049,-1,57505140.000,1,0,1,双平,S,4082.6000,4082.0000,4081.8000,4081.6000,4079.4000,4085.6000,4085.8000,4087.2000,4087.8000,4088.0000,2,2,2,3,1,2,1,4,1,1
SF,IF2004,2020-03-04 09:30:28.800,4083.4000,7049,0,57505140.000,0,-,-,-,-,4082.8000,4082.6000,4082.0000,4081.8000,4081.6000,4085.4000,4085.6000,4087.2000,4087.8000,4088.0000,1,1,2,2,3,2,1,4,1,1
SF,IF2004,2020-03-04 09:30:29.300,4083.4000,7049,0,57505140.000,0,-,-,-,-,4083.0000,4082.8000,4082.4000,4082.0000,4081.8000,4083.2000,4085.4000,4085.6000,4087.2000,4087.8000,1,1,1,2,2,1,3,1,4,1
SF,IF2004,2020-03-04 09:30:29.800,4083.2000,7048,-1,58730100.000,1,0,1,双平,S,4083.0000,4082.0000,4081.8000,4081.6000,4079.4000,4084.8000,4085.4000,4087.2000,4087.8000,4088.0000,1,2,2,3,1,1,2,4,1,1
SF,IF2004,2020-03-04 09:30:30.300,4084.8000,7048,0,59955540.000,1,0,1,多换,S,4083.2000,4083.0000,4082.0000,4081.8000,4081.6000,4085.4000,4087.2000,4087.8000,4088.0000,4088.8000,5,1,2,2,3,1,4,3,1,1
SF,IF2004,2020-03-04 09:30:30.800,4083.2000,7047,-1,61180500.000,1,0,1,双平,S,4083.4000,4083.2000,4083.0000,4082.0000,4081.8000,4085.4000,4087.2000,4087.8000,4088.0000,4088.8000,1,1,1,2,2,1,4,3,1,1
SF,IF2004,2020-03-04 09:30:31.300,4083.2000,7047,0,61180500.000,0,-,-,-,-,4083.6000,4083.4000,4083.2000,4082.0000,4081.8000,4085.4000,4087.2000,4087.8000,4088.0000,4088.8000,1,3,1,2,2,1,4,3,1,1
SF,IF2004,2020-03-04 09:30:31.800,4083.2000,7047,0,61180500.000,0,-,-,-,-,4083.6000,4083.4000,4083.2000,4082.0000,4081.8000,4085.4000,4087.2000,4087.8000,4088.0000,4088.8000,1,3,1,2,2,3,4,3,1,1
SF,IF2004,2020-03-04 09:30:32.800,4083.2000,7047,0,61180500.000,0,-,-,-,-,4083.8000,4083.6000,4083.4000,4083.2000,4082.0000,4085.4000,4087.2000,4087.8000,4088.0000,4088.8000,1,1,2,1,2,3,4,3,1,1
SF,IF2004,2020-03-04 09:30:33.300,4083.2000,7047,0,61180500.000,0,-,-,-,-,4083.6000,4083.4000,4083.2000,4082.0000,4081.6000,4085.2000,4085.4000,4087.2000,4087.8000,4088.0000,1,1,1,2,3,1,2,4,3,1
SF,IF2004,2020-03-04 09:30:33.800,4083.2000,7047,0,61180500.000,0,-,-,-,-,4083.8000,4083.6000,4083.4000,4082.0000,4081.6000,4085.2000,4085.4000,4087.2000,4087.8000,4088.0000,1,2,1,2,3,1,2,4,3,1
SF,IF2004,2020-03-04 09:30:34.300,4083.2000,7047,0,61180500.000,0,-,-,-,-,4083.8000,4083.6000,4083.4000,4082.0000,4081.6000,4085.4000,4087.2000,4087.8000,4088.0000,4088.8000,1,2,1,2,3,2,4,3,1,1
SF,IF2004,2020-03-04 09:30:34.800,4085.4000,7045,-2,63631740.000,2,0,2,双平,S,4084.8000,4084.2000,4083.8000,4083.6000,4083.4000,4087.2000,4087.8000,4088.0000,4088.8000,4090.0000,1,1,1,1,1,4,3,1,1,1
SF,IF2004,2020-03-04 09:30:35.300,4085.4000,7045,0,63631740.000,0,-,-,-,-,4085.0000,4084.8000,4084.2000,4084.0000,4083.8000,4087.0000,4087.2000,4087.8000,4088.0000,4088.8000,2,1,1,2,1,2,4,3,1,1
SF,IF2004,2020-03-04 09:30:35.800,4085.4000,7045,0,63631740.000,0,-,-,-,-,4085.0000,4084.8000,4084.2000,4084.0000,4083.8000,4087.0000,4087.2000,4087.8000,4088.0000,4088.8000,2,1,1,2,1,2,3,2,1,1
SF,IF2004,2020-03-04 09:30:36.300,4085.4000,7045,0,63631740.000,0,-,-,-,-,4085.0000,4084.8000,4084.2000,4084.0000,4083.8000,4087.0000,4087.2000,4087.8000,4088.8000,4090.0000,2,1,1,2,1,1,2,2,1,1
SF,IF2004,2020-03-04 09:30:36.800,4087.0000,7045,0,64857840.000,1,0,1,多换,S,4085.4000,4085.2000,4085.0000,4084.8000,4084.0000,4087.2000,4087.8000,4090.0000,4090.2000,4092.0000,1,2,2,2,2,2,2,1,1,1
SF,IF2004,2020-03-04 09:30:37.300,4087.0000,7045,0,64857840.000,0,-,-,-,-,4085.6000,4085.4000,4085.2000,4084.8000,4084.0000,4086.8000,4087.2000,4087.8000,4090.0000,4090.2000,1,1,1,2,2,1,2,2,1,1
SF,IF2004,2020-03-04 09:30:38.300,4087.0000,7045,0,64857840.000,0,-,-,-,-,4085.2000,4084.8000,4084.0000,4081.6000,4079.4000,4087.2000,4087.8000,4090.0000,4090.2000,4092.0000,1,2,2,3,1,2,2,1,1,1
SF,IF2004,2020-03-04 09:30:38.800,4087.0000,7045,0,64857840.000,0,-,-,-,-,4084.8000,4084.0000,4081.6000,4079.4000,4075.0000,4086.8000,4087.2000,4087.8000,4090.0000,4090.2000,2,1,3,1,5,1,2,2,1,1
SF,IF2004,2020-03-04 09:30:39.300,4087.0000,7045,0,64857840.000,0,-,-,-,-,4084.8000,4084.6000,4084.0000,4081.6000,4079.4000,4086.8000,4087.2000,4087.8000,4090.0000,4090.2000,2,2,1,3,1,1,2,2,1,1
SF,IF2004,2020-03-04 09:30:39.800,4087.0000,7045,0,64857840.000,0,-,-,-,-,4085.0000,4084.8000,4084.6000,4084.0000,4081.6000,4086.8000,4087.2000,4087.8000,4089.8000,4090.0000,2,2,1,1,3,1,2,2,1,1
SF,IF2004,2020-03-04 09:30:40.300,4087.0000,7045,0,64857840.000,0,-,-,-,-,4085.0000,4084.8000,4081.6000,4079.4000,4075.0000,4086.8000,4087.2000,4087.8000,4089.8000,4090.0000,1,2,3,1,5,1,2,2,1,1
SF,IF2004,2020-03-04 09:30:40.800,4087.0000,7045,0,64857840.000,0,-,-,-,-,4085.2000,4085.0000,4084.8000,4081.6000,4079.4000,4086.8000,4087.2000,4087.8000,4089.8000,4090.0000,1,1,2,3,1,1,2,2,1,1
SF,IF2004,2020-03-04 09:30:41.300,4087.0000,7045,0,64857840.000,0,-,-,-,-,4085.2000,4085.0000,4084.8000,4081.6000,4079.4000,4087.2000,4087.8000,4089.8000,4090.0000,4090.2000,1,1,2,3,1,2,2,1,1,1
SF,IF2004,2020-03-04 09:30:41.800,4087.0000,7045,0,64857840.000,0,-,-,-,-,4085.0000,4084.8000,4081.6000,4079.4000,4075.0000,4086.6000,4087.0000,4087.2000,4087.8000,4089.8000,1,2,3,1,5,1,1,2,2,1
SF,IF2004,2020-03-04 09:30:42.300,4087.0000,7045,0,64857840.000,0,-,-,-,-,4085.0000,4084.8000,4081.6000,4079.4000,4075.0000,4086.6000,4087.0000,4087.2000,4087.8000,4089.8000,1,2,3,1,5,1,1,2,2,1
SF,IF2004,2020-03-04 09:30:42.800,4087.0000,7045,0,64857840.000,0,-,-,-,-,4085.2000,4084.8000,4081.6000,4079.4000,4075.0000,4086.4000,4087.2000,4087.8000,4089.8000,4090.0000,1,2,3,1,5,1,2,2,1,1
SF,IF2004,2020-03-04 09:30:43.300,4085.2000,7044,-1,66083400.000,1,0,1,双平,S,4084.8000,4081.6000,4079.4000,4075.0000,4073.8000,4086.4000,4087.2000,4087.8000,4089.8000,4090.0000,2,3,1,5,1,1,2,2,1,1
SF,IF2004,2020-03-04 09:30:43.800,4084.8000,7043,-1,68534280.000,2,0,2,多平,S,4081.6000,4079.4000,4075.0000,4073.8000,4061.6000,4084.6000,4086.2000,4087.2000,4087.8000,4089.8000,3,1,5,1,2,1,1,2,2,1
SF,IF2004,2020-03-04 09:30:44.300,4084.8000,7043,0,68534280.000,0,-,-,-,-,4082.2000,4082.0000,4081.8000,4081.6000,4079.4000,4086.2000,4087.2000,4087.8000,4089.8000,4090.0000,1,3,7,3,1,1,2,2,1,1
SF,IF2004,2020-03-04 09:30:44.800,4084.8000,7043,0,68534280.000,0,-,-,-,-,4082.4000,4082.2000,4082.0000,4081.8000,4081.6000,4086.2000,4086.4000,4087.2000,4087.8000,4089.8000,5,1,3,5,3,1,1,2,2,1
SF,IF2004,2020-03-04 09:30:45.300,4084.8000,7043,0,68534280.000,0,-,-,-,-,4083.2000,4082.8000,4082.4000,4082.0000,4081.8000,4086.4000,4087.2000,4087.8000,4089.8000,4090.0000,1,1,5,3,5,3,2,2,1,2
SF,IF2004,2020-03-04 09:30:45.800,4084.8000,7043,0,68534280.000,0,-,-,-,-,4083.2000,4082.8000,4082.4000,4082.0000,4081.8000,4086.2000,4086.4000,4087.2000,4087.8000,4090.0000,1,1,2,2,3,2,3,2,2,2
SF,IF2004,2020-03-04 09:30:46.300,4084.8000,7043,0,68534280.000,0,-,-,-,-,4083.4000,4083.2000,4082.4000,4082.0000,4081.8000,4085.2000,4086.2000,4086.4000,4087.2000,4087.8000,2,1,1,2,3,1,1,2,2,2
SF,IF2004,2020-03-04 09:30:46.800,4084.8000,7043,0,68534280.000,0,-,-,-,-,4083.4000,4082.4000,4082.0000,4081.8000,4081.6000,4085.2000,4086.2000,4086.4000,4087.2000,4087.8000,2,1,2,3,3,1,1,2,2,2
SF,IF2004,2020-03-04 09:30:47.300,4084.8000,7043,0,68534280.000,0,-,-,-,-,4083.6000,4083.4000,4082.4000,4082.0000,4081.8000,4085.2000,4086.2000,4086.4000,4087.2000,4087.8000,1,2,1,2,3,1,1,2,2,2
SF,IF2004,2020-03-04 09:30:47.800,4083.6000,7042,-1,69759360.000,1,0,1,双平,S,4083.4000,4082.4000,4082.0000,4081.8000,4081.6000,4085.0000,4085.2000,4086.2000,4086.4000,4087.2000,1,1,2,3,3,1,1,1,2,2
SF,IF2004,2020-03-04 09:30:48.300,4083.6000,7042,0,69759360.000,0,-,-,-,-,4082.0000,4081.8000,4081.6000,4079.4000,4075.0000,4085.0000,4085.2000,4086.2000,4086.4000,4087.2000,2,3,3,1,5,1,1,1,2,2
SF,IF2004,2020-03-04 09:30:48.800,4083.6000,7042,0,69759360.000,0,-,-,-,-,4083.0000,4082.2000,4082.0000,4081.8000,4081.6000,4085.0000,4085.2000,4086.2000,4086.4000,4087.2000,1,3,3,3,3,1,1,1,2,2
SF,IF2004,2020-03-04 09:30:49.300,4083.6000,7042,0,69759360.000,0,-,-,-,-,4083.0000,4082.2000,4082.0000,4081.8000,4081.6000,4084.8000,4085.0000,4085.2000,4086.4000,4087.2000,1,1,2,3,3,1,1,1,2,2
SF,IF2004,2020-03-04 09:30:49.800,4083.6000,7042,0,69759360.000,0,-,-,-,-,4083.0000,4082.2000,4082.0000,4081.8000,4081.6000,4084.6000,4084.8000,4085.0000,4085.2000,4086.4000,1,1,2,3,3,1,1,1,1,2
SF,IF2004,2020-03-04 09:30:50.300,4083.6000,7042,0,69759360.000,0,-,-,-,-,4083.0000,4082.2000,4082.0000,4081.8000,4081.6000,4084.4000,4084.6000,4085.0000,4085.2000,4086.4000,1,1,2,3,3,1,1,1,1,2
SF,IF2004,2020-03-04 09:30:50.800,4083.0000,7041,-1,70984260.000,1,0,1,双平,S,4082.2000,4082.0000,4081.8000,4081.6000,4079.4000,4084.4000,4084.6000,4085.0000,4085.2000,4086.4000,1,1,1,3,1,1,1,1,1,2
SF,IF2004,2020-03-04 09:30:51.300,4083.0000,7041,0,70984260.000,0,-,-,-,-,4082.2000,4081.6000,4079.4000,4075.0000,4073.8000,4084.2000,4084.4000,4084.6000,4085.0000,4085.2000,1,3,1,5,1,1,1,1,1,1
SF,IF2004,2020-03-04 09:30:51.800,4083.0000,7041,0,70984260.000,0,-,-,-,-,4082.4000,4082.2000,4082.0000,4081.6000,4079.4000,4084.2000,4084.4000,4084.6000,4085.0000,4085.2000,1,1,1,3,1,1,1,1,1,1
SF,IF2004,2020-03-04 09:30:52.300,4083.0000,7041,0,70984260.000,0,-,-,-,-,4082.4000,4081.6000,4079.4000,4075.0000,4073.8000,4084.2000,4084.4000,4084.6000,4085.2000,4086.4000,1,3,1,5,1,1,1,1,1,2
SF,IF2004,2020-03-04 09:30:52.800,4083.0000,7041,0,70984260.000,0,-,-,-,-,4082.4000,4081.6000,4079.4000,4075.0000,4073.8000,4084.2000,4084.4000,4084.6000,4085.2000,4086.4000,1,3,1,5,1,1,1,1,1,2
SF,IF2004,2020-03-04 09:30:53.300,4083.0000,7041,0,70984260.000,0,-,-,-,-,4082.4000,4081.6000,4079.4000,4075.0000,4073.8000,4084.2000,4084.4000,4085.2000,4086.4000,4087.2000,1,3,1,5,1,1,1,1,2,2
SF,IF2004,2020-03-04 09:30:53.800,4083.0000,7041,0,70984260.000,0,-,-,-,-,4082.4000,4081.6000,4079.4000,4075.0000,4073.8000,4084.0000,4085.2000,4086.4000,4087.2000,4087.8000,1,3,1,5,1,1,1,2,2,2
SF,IF2004,2020-03-04 09:30:54.300,4083.0000,7041,0,70984260.000,0,-,-,-,-,4082.4000,4081.6000,4079.4000,4075.0000,4073.8000,4084.0000,4085.2000,4086.4000,4087.2000,4087.8000,1,3,1,5,1,2,1,2,2,2
SF,IF2004,2020-03-04 09:30:54.800,4083.0000,7041,0,70984260.000,0,-,-,-,-,4081.6000,4079.4000,4075.0000,4073.8000,4070.0000,4084.0000,4085.2000,4086.4000,4087.2000,4087.8000,3,1,5,1,6,2,1,2,2,2
SF,IF2004,2020-03-04 09:30:55.300,4083.0000,7041,0,70984260.000,0,-,-,-,-,4081.8000,4081.6000,4079.4000,4075.0000,4073.8000,4084.0000,4085.2000,4086.4000,4087.2000,4087.8000,1,3,1,5,1,1,1,2,1,2
SF,IF2004,2020-03-04 09:30:55.800,4084.0000,7041,0,72209460.000,1,0,1,多换,S,4081.8000,4081.6000,4079.4000,4075.0000,4073.8000,4085.2000,4086.4000,4087.2000,4087.8000,4089.8000,1,3,1,5,1,1,2,1,2,1
SF,IF2004,2020-03-04 09:30:56.300,4084.0000,7041,0,72209460.000,0,-,-,-,-,4081.8000,4081.6000,4079.4000,4075.0000,4073.8000,4085.0000,4085.2000,4086.4000,4087.2000,4087.8000,1,3,1,5,1,2,2,2,1,2
SF,IF2004,2020-03-04 09:30:56.800,4084.0000,7041,0,72209460.000,0,-,-,-,-,4082.0000,4081.6000,4079.4000,4075.0000,4073.8000,4085.0000,4085.2000,4086.4000,4087.2000,4087.8000,3,3,1,5,1,1,1,2,1,2
SF,IF2004,2020-03-04 09:30:57.300,4084.0000,7041,0,72209460.000,0,-,-,-,-,4082.0000,4081.6000,4079.4000,4075.0000,4073.8000,4084.6000,4084.8000,4085.0000,4085.2000,4086.4000,1,3,1,5,1,1,1,3,2,2
SF,IF2004,2020-03-04 09:30:57.800,4084.0000,7041,0,72209460.000,0,-,-,-,-,4081.6000,4079.4000,4075.0000,4073.8000,4070.0000,4084.6000,4084.8000,4085.0000,4085.2000,4086.4000,3,1,5,1,6,1,2,1,1,2
SF,IF2004,2020-03-04 09:30:58.300,4084.0000,7041,0,72209460.000,0,-,-,-,-,4081.6000,4079.4000,4075.0000,4073.8000,4070.0000,4084.4000,4084.6000,4084.8000,4085.2000,4086.4000,3,1,5,1,6,1,3,2,1,2
SF,IF2004,2020-03-04 09:30:59.300,4084.0000,7041,0,72209460.000,0,-,-,-,-,4081.6000,4079.4000,4075.0000,4073.8000,4070.0000,4084.2000,4084.4000,4084.6000,4084.8000,4085.2000,3,1,5,1,6,2,1,1,2,1
SF,IF2004,2020-03-04 09:30:59.800,4084.0000,7041,0,72209460.000,0,-,-,-,-,4081.8000,4081.6000,4079.4000,4075.0000,4073.8000,4084.2000,4084.4000,4084.6000,4084.8000,4085.2000,2,3,1,5,1,2,1,1,2,1
SF,IF2004,2020-03-04 09:31:00.300,4084.0000,7041,0,72209460.000,0,-,-,-,-,4081.8000,4081.6000,4079.4000,4075.0000,4073.8000,4084.2000,4084.4000,4084.6000,4085.2000,4086.4000,2,3,1,5,1,2,1,1,1,2
SF,IF2004,2020-03-04 09:31:00.800,4084.0000,7041,0,72209460.000,0,-,-,-,-,4082.0000,4081.8000,4081.6000,4079.4000,4075.0000,4084.2000,4085.2000,4086.4000,4087.2000,4087.8000,1,2,3,1,5,2,1,2,1,2
SF,IF2004,2020-03-04 09:31:01.300,4084.0000,7041,0,72209460.000,0,-,-,-,-,4082.2000,4082.0000,4081.8000,4081.6000,4079.4000,4085.2000,4086.4000,4087.2000,4087.8000,4089.8000,1,1,1,3,1,1,2,1,2,1
SF,IF2004,2020-03-04 09:31:01.800,4081.8000,7039,-2,75883260.000,3,0,3,多平,S,4081.6000,4079.4000,4075.0000,4073.8000,4070.0000,4084.0000,4084.6000,4084.8000,4085.0000,4085.2000,3,1,5,1,6,1,2,1,5,2
SF,IF2004,2020-03-04 09:31:02.300,4081.8000,7039,0,75883260.000,0,-,-,-,-,4081.6000,4079.4000,4075.0000,4073.8000,4070.0000,4083.8000,4084.0000,4084.2000,4085.2000,4086.4000,3,1,5,1,6,2,1,1,1,2
SF,IF2004,2020-03-04 09:31:02.800,4081.8000,7039,0,75883260.000,0,-,-,-,-,4081.6000,4079.4000,4075.0000,4073.8000,4070.0000,4083.6000,4083.8000,4084.0000,4084.2000,4084.6000,3,1,5,1,6,2,2,1,1,1
SF,IF2004,2020-03-04 09:31:03.300,4081.8000,7039,0,75883260.000,0,-,-,-,-,4081.6000,4079.4000,4075.0000,4073.8000,4070.0000,4083.6000,4083.8000,4084.0000,4084.2000,4084.6000,3,1,5,1,6,2,2,1,2,1
SF,IF2004,2020-03-04 09:31:04.300,4081.8000,7038,-1,77107800.000,1,0,1,双平,S,4081.6000,4079.4000,4075.0000,4073.8000,4070.0000,4083.6000,4083.8000,4084.0000,4084.2000,4084.8000,3,1,5,1,6,2,2,1,2,1
SF,IF2004,2020-03-04 09:31:04.800,4081.8000,7038,0,77107800.000,0,-,-,-,-,4082.0000,4081.8000,4081.6000,4079.4000,4075.0000,4083.6000,4083.8000,4084.0000,4084.2000,4084.8000,2,3,3,1,5,2,2,1,2,1
SF,IF2004,2020-03-04 09:31:05.300,4081.8000,7038,0,77107800.000,0,-,-,-,-,4081.6000,4079.4000,4075.0000,4073.8000,4070.0000,4083.6000,4083.8000,4084.0000,4084.2000,4084.8000,3,1,5,1,6,2,2,1,2,1
SF,IF2004,2020-03-04 09:31:05.800,4081.8000,7038,0,77107800.000,0,-,-,-,-,4082.0000,4081.8000,4081.6000,4079.4000,4075.0000,4083.6000,4083.8000,4084.2000,4084.8000,4085.0000,1,1,3,1,5,2,2,2,1,1
SF,IF2004,2020-03-04 09:31:06.300,4081.8000,7038,0,77107800.000,0,-,-,-,-,4081.6000,4079.4000,4075.0000,4073.8000,4070.0000,4083.4000,4083.8000,4084.2000,4085.0000,4085.2000,3,1,5,1,6,1,2,2,1,1
SF,IF2004,2020-03-04 09:31:06.800,4081.8000,7038,0,77107800.000,0,-,-,-,-,4082.0000,4081.8000,4081.6000,4079.4000,4075.0000,4083.4000,4083.8000,4084.2000,4085.0000,4085.2000,3,4,3,1,5,1,1,2,1,1
SF,IF2004,2020-03-04 09:31:07.300,4083.4000,7037,-1,78332820.000,1,0,1,双平,S,4083.4000,4082.2000,4082.0000,4081.8000,4081.6000,4083.8000,4084.2000,4085.0000,4085.2000,4086.4000,1,4,5,3,3,1,2,1,1,2
SF,IF2004,2020-03-04 09:31:07.800,4083.4000,7036,-1,79557840.000,1,0,1,双平,S,4082.2000,4082.0000,4081.8000,4081.6000,4079.4000,4083.4000,4084.2000,4085.0000,4085.2000,4086.4000,2,4,3,3,1,1,2,1,1,2
SF,IF2004,2020-03-04 09:31:08.300,4083.4000,7036,0,79557840.000,0,-,-,-,-,4082.2000,4082.0000,4081.8000,4081.6000,4079.4000,4083.4000,4084.2000,4085.0000,4085.2000,4086.4000,1,3,3,3,1,1,2,1,1,2
SF,IF2004,2020-03-04 09:31:08.800,4083.4000,7035,-1,80782860.000,1,0,1,双平,S,4082.2000,4082.0000,4081.8000,4081.6000,4079.4000,4084.2000,4085.0000,4085.2000,4086.4000,4087.2000,1,4,3,3,1,2,1,1,2,1
SF,IF2004,2020-03-04 09:31:09.300,4083.4000,7035,0,80782860.000,0,-,-,-,-,4082.4000,4082.2000,4082.0000,4081.8000,4081.6000,4084.2000,4085.0000,4085.2000,4086.4000,4087.2000,1,1,4,3,3,2,1,1,2,1
SF,IF2004,2020-03-04 09:31:09.800,4083.4000,7035,0,80782860.000,0,-,-,-,-,4082.6000,4082.4000,4082.0000,4081.8000,4081.6000,4084.2000,4085.0000,4085.2000,4086.4000,4087.2000,1,5,4,3,3,2,1,1,2,1
SF,IF2004,2020-03-04 09:31:10.300,4083.4000,7035,0,80782860.000,0,-,-,-,-,4082.8000,4082.6000,4082.4000,4082.0000,4081.8000,4083.4000,4084.2000,4085.0000,4085.2000,4086.4000,1,1,5,4,3,1,2,1,1,2
SF,IF2004,2020-03-04 09:31:10.800,4084.2000,7033,-2,84458400.000,3,0,3,多平,S,4083.0000,4082.8000,4082.4000,4082.0000,4081.8000,4085.0000,4085.2000,4086.4000,4087.2000,4087.8000,1,1,5,4,3,1,1,2,1,2
SF,IF2004,2020-03-04 09:31:11.300,4084.2000,7033,0,84458400.000,0,-,-,-,-,4083.4000,4083.2000,4083.0000,4082.4000,4082.0000,4085.0000,4085.2000,4086.4000,4087.2000,4087.8000,1,2,3,5,4,1,1,2,1,2
SF,IF2004,2020-03-04 09:31:11.800,4084.2000,7033,0,84458400.000,0,-,-,-,-,4083.6000,4083.4000,4083.2000,4083.0000,4082.4000,4085.0000,4085.2000,4086.4000,4087.2000,4087.8000,2,2,1,1,5,1,1,2,1,2
SF,IF2004,2020-03-04 09:31:12.300,4085.0000,7032,-1,85683900.000,1,0,1,双平,S,4083.6000,4083.4000,4083.2000,4083.0000,4082.4000,4085.2000,4086.4000,4087.2000,4087.8000,4089.8000,2,2,2,1,5,1,2,1,2,1
SF,IF2004,2020-03-04 09:31:12.800,4085.2000,7031,-1,86909460.000,1,0,1,双平,S,4083.8000,4083.6000,4083.4000,4083.2000,4083.0000,4086.4000,4087.2000,4087.8000,4089.8000,4090.0000,2,2,1,1,1,2,1,2,1,1
SF,IF2004,2020-03-04 09:31:13.300,4085.2000,7031,0,86909460.000,0,-,-,-,-,4084.2000,4084.0000,4083.8000,4083.2000,4083.0000,4086.2000,4086.4000,4087.2000,4087.8000,4089.8000,1,3,2,1,1,1,2,1,2,1
SF,IF2004,2020-03-04 09:31:13.800,4085.2000,7031,0,86909460.000,0,-,-,-,-,4084.8000,4084.6000,4084.4000,4084.2000,4084.0000,4086.2000,4086.4000,4087.2000,4087.8000,4089.8000,1,2,4,2,1,1,2,1,2,1
SF,IF2004,2020-03-04 09:31:14.300,4085.2000,7031,0,86909460.000,0,-,-,-,-,4085.0000,4084.8000,4084.6000,4084.4000,4084.2000,4086.4000,4087.2000,4087.8000,4089.8000,4090.0000,5,1,2,3,2,2,1,2,1,1
SF,IF2004,2020-03-04 09:31:14.800,4085.2000,7031,0,86909460.000,0,-,-,-,-,4085.0000,4084.8000,4084.6000,4084.4000,4084.2000,4086.4000,4087.2000,4087.8000,4089.8000,4090.0000,5,1,2,3,2,2,1,2,1,1
SF,IF2004,2020-03-04 09:31:15.300,4086.4000,7029,-2,89361300.000,2,0,2,双平,S,4085.4000,4085.2000,4085.0000,4084.8000,4084.6000,4087.2000,4087.8000,4089.8000,4090.0000,4090.2000,1,3,5,1,2,1,2,1,1,1
SF,IF2004,2020-03-04 09:31:15.800,4087.2000,7028,-1,90587460.000,1,0,1,双平,S,4086.6000,4085.6000,4085.2000,4085.0000,4084.8000,4087.8000,4089.8000,4090.0000,4090.2000,4090.6000,1,2,2,4,1,2,1,1,1,3
SF,IF2004,2020-03-04 09:31:16.300,4087.2000,7028,0,90587460.000,0,-,-,-,-,4086.6000,4085.6000,4085.4000,4085.2000,4085.0000,4087.8000,4089.8000,4090.0000,4090.2000,4090.6000,2,5,1,2,4,2,1,1,1,3
SF,IF2004,2020-03-04 09:31:16.800,4087.2000,7028,0,90587460.000,0,-,-,-,-,4086.6000,4086.4000,4085.6000,4085.4000,4085.2000,4087.8000,4089.8000,4090.0000,4090.2000,4090.6000,1,1,5,1,2,2,1,1,1,3
SF,IF2004,2020-03-04 09:31:17.300,4087.2000,7028,0,90587460.000,0,-,-,-,-,4086.8000,4086.6000,4086.4000,4085.6000,4085.4000,4087.8000,4089.8000,4090.0000,4090.2000,4090.6000,1,1,1,4,1,2,1,1,1,3
SF,IF2004,2020-03-04 09:31:17.800,4087.2000,7028,0,90587460.000,0,-,-,-,-,4086.8000,4086.6000,4086.4000,4085.6000,4085.4000,4087.8000,4089.8000,4090.0000,4090.2000,4090.6000,1,1,1,4,1,2,1,1,1,3
SF,IF2004,2020-03-04 09:31:18.300,4087.8000,7026,-2,93040140.000,2,0,2,双平,S,4086.8000,4086.6000,4086.4000,4085.6000,4085.4000,4089.8000,4090.0000,4090.2000,4090.6000,4094.6000,1,1,1,4,1,1,1,1,3,1
SF,IF2004,2020-03-04 09:31:18.800,4087.8000,7026,0,93040140.000,0,-,-,-,-,4088.0000,4087.2000,4087.0000,4086.8000,4086.6000,4089.6000,4089.8000,4090.0000,4090.2000,4090.6000,1,1,1,1,1,1,1,1,1,3
SF,IF2004,2020-03-04 09:31:19.300,4087.8000,7026,0,93040140.000,0,-,-,-,-,4088.0000,4087.2000,4087.0000,4086.8000,4086.6000,4089.4000,4089.8000,4090.0000,4090.2000,4090.6000,1,1,2,1,1,1,1,1,1,3
SF,IF2004,2020-03-04 09:31:19.800,4087.8000,7026,0,93040140.000,0,-,-,-,-,4087.2000,4087.0000,4086.8000,4086.6000,4086.4000,4089.4000,4089.8000,4090.0000,4090.2000,4090.6000,1,1,1,1,1,1,1,1,1,3
SF,IF2004,2020-03-04 09:31:20.300,4087.8000,7026,0,93040140.000,0,-,-,-,-,4087.4000,4087.2000,4087.0000,4086.6000,4086.4000,4089.2000,4089.8000,4090.0000,4090.2000,4090.6000,1,2,1,1,1,1,1,1,1,3
SF,IF2004,2020-03-04 09:31:20.800,4087.8000,7026,0,93040140.000,0,-,-,-,-,4087.4000,4087.2000,4087.0000,4086.6000,4086.4000,4089.2000,4089.8000,4090.0000,4090.2000,4090.6000,1,1,1,1,1,1,1,1,1,3
SF,IF2004,2020-03-04 09:31:21.300,4087.8000,7026,0,93040140.000,0,-,-,-,-,4087.4000,4087.2000,4087.0000,4086.6000,4086.4000,4089.2000,4089.8000,4090.0000,4090.2000,4090.6000,1,3,1,1,1,1,1,1,1,3
SF,IF2004,2020-03-04 09:31:21.800,4087.8000,7026,0,93040140.000,0,-,-,-,-,4087.6000,4087.4000,4087.2000,4087.0000,4086.6000,4089.2000,4089.8000,4090.0000,4090.2000,4090.6000,2,1,3,1,1,1,1,1,1,3
SF,IF2004,2020-03-04 09:31:22.300,4087.8000,7026,0,93040140.000,0,-,-,-,-,4087.8000,4087.6000,4087.2000,4087.0000,4086.6000,4089.8000,4090.0000,4090.2000,4090.6000,4094.6000,1,4,3,1,1,1,1,1,3,1
SF,IF2004,2020-03-04 09:31:22.800,4087.8000,7026,0,93040140.000,0,-,-,-,-,4088.0000,4087.8000,4087.6000,4087.2000,4087.0000,4089.8000,4090.0000,4090.2000,4090.6000,4094.6000,6,2,3,3,1,1,1,1,3,1
SF,IF2004,2020-03-04 09:31:23.300,4087.8000,7026,0,93040140.000,0,-,-,-,-,4088.2000,4088.0000,4087.8000,4087.6000,4087.2000,4089.8000,4090.0000,4090.2000,4090.6000,4094.6000,1,5,1,2,3,1,1,1,3,1
SF,IF2004,2020-03-04 09:31:23.800,4090.0000,7024,-2,95494080.000,2,0,2,双平,S,4088.4000,4088.2000,4088.0000,4087.8000,4087.6000,4090.2000,4090.6000,4094.6000,4094.8000,4095.0000,8,1,5,1,2,1,3,1,2,5
SF,IF2004,2020-03-04 09:31:24.300,4090.0000,7024,0,95494080.000,0,-,-,-,-,4088.6000,4088.4000,4088.0000,4087.8000,4087.6000,4090.2000,4090.6000,4094.6000,4094.8000,4098.0000,1,4,5,1,2,1,3,1,2,1
SF,IF2004,2020-03-04 09:31:24.800,4090.0000,7024,0,95494080.000,0,-,-,-,-,4088.8000,4088.6000,4088.4000,4088.0000,4087.8000,4090.2000,4090.6000,4094.6000,4094.8000,4098.0000,1,3,3,5,1,1,3,1,1,1
SF,IF2004,2020-03-04 09:31:25.300,4090.0000,7024,0,95494080.000,0,-,-,-,-,4089.0000,4088.8000,4088.6000,4088.4000,4088.0000,4090.2000,4090.6000,4094.8000,4098.0000,4099.6000,1,2,2,2,5,1,3,1,1,1
SF,IF2004,2020-03-04 09:31:25.800,4089.0000,7023,-1,96720780.000,1,0,1,双平,S,4088.8000,4088.4000,4088.0000,4087.8000,4087.6000,4090.2000,4090.6000,4094.8000,4098.0000,4099.6000,1,2,5,1,2,1,3,1,1,1
SF,IF2004,2020-03-04 09:31:26.300,4089.0000,7022,-1,97947480.000,1,0,1,双平,S,4088.4000,4088.0000,4087.8000,4087.6000,4087.2000,4090.0000,4090.2000,4090.6000,4094.8000,4098.0000,2,5,1,2,3,1,1,3,1,1
SF,IF2004,2020-03-04 09:31:26.800,4089.0000,7022,0,97947480.000,0,-,-,-,-,4088.0000,4087.6000,4087.2000,4087.0000,4086.6000,4090.0000,4090.2000,4090.6000,4094.8000,4098.0000,4,2,3,1,1,2,1,3,1,1
SF,IF2004,2020-03-04 09:31:27.300,4089.0000,7022,0,97947480.000,0,-,-,-,-,4088.2000,4088.0000,4087.8000,4087.6000,4087.2000,4090.0000,4090.2000,4090.6000,4094.8000,4098.0000,1,5,1,2,3,2,1,3,1,1
SF,IF2004,2020-03-04 09:31:27.800,4088.2000,7020,-2,100400400.000,2,0,2,双平,S,4088.2000,4087.6000,4087.2000,4087.0000,4086.6000,4089.8000,4090.0000,4090.2000,4090.6000,4094.8000,1,1,3,1,1,1,1,1,3,1
SF,IF2004,2020-03-04 09:31:28.800,4088.2000,7020,0,100400400.000,0,-,-,-,-,4088.2000,4087.6000,4087.2000,4087.0000,4086.6000,4089.8000,4090.0000,4090.2000,4090.6000,4094.8000,1,1,3,1,1,1,1,1,3,1
SF,IF2004,2020-03-04 09:31:29.300,4088.2000,7020,0,100400400.000,0,-,-,-,-,4087.6000,4087.2000,4087.0000,4086.6000,4086.4000,4089.6000,4089.8000,4090.0000,4090.2000,4090.6000,1,3,1,1,1,1,1,1,1,3
SF,IF2004,2020-03-04 09:31:29.800,4088.2000,7020,0,100400400.000,0,-,-,-,-,4087.6000,4087.2000,4087.0000,4086.6000,4086.4000,4089.4000,4089.6000,4090.0000,4090.2000,4090.6000,1,3,1,1,1,1,1,1,1,3
SF,IF2004,2020-03-04 09:31:30.300,4089.4000,7019,-1,101627220.000,1,0,1,双平,S,4088.0000,4087.8000,4087.6000,4087.2000,4087.0000,4090.0000,4090.2000,4090.6000,4094.8000,4098.0000,1,2,1,3,1,1,1,3,1,1
SF,IF2004,2020-03-04 09:31:30.800,4089.4000,7019,0,101627220.000,0,-,-,-,-,4088.2000,4088.0000,4087.8000,4087.6000,4087.2000,4090.0000,4090.2000,4090.6000,4094.8000,4098.0000,1,1,1,1,3,1,1,3,1,1
SF,IF2004,2020-03-04 09:31:31.300,4090.2000,7018,-1,104081280.000,2,0,2,多平,S,4088.4000,4088.2000,4088.0000,4087.8000,4087.6000,4090.6000,4094.8000,4096.6000,4098.0000,4099.6000,1,3,1,2,1,3,1,2,1,1
SF,IF2004,2020-03-04 09:31:31.800,4090.2000,7018,0,104081280.000,0,-,-,-,-,4088.6000,4088.4000,4088.2000,4088.0000,4087.8000,4090.4000,4090.6000,4094.8000,4096.6000,4098.0000,2,2,3,1,2,1,3,1,2,1
SF,IF2004,2020-03-04 09:31:32.300,4090.2000,7018,0,104081280.000,0,-,-,-,-,4088.8000,4088.6000,4088.4000,4088.2000,4088.0000,4090.4000,4090.6000,4094.8000,4096.6000,4098.0000,1,4,1,3,1,1,3,1,2,1
SF,IF2004,2020-03-04 09:31:32.800,4090.2000,7018,0,104081280.000,0,-,-,-,-,4088.6000,4088.2000,4088.0000,4087.8000,4087.6000,4090.6000,4094.8000,4096.6000,4098.0000,4099.6000,2,3,1,2,1,3,1,2,1,1
SF,IF2004,2020-03-04 09:31:33.300,4090.2000,7018,0,104081280.000,0,-,-,-,-,4089.0000,4088.8000,4088.6000,4088.2000,4088.0000,4090.6000,4094.8000,4096.6000,4098.0000,4099.6000,3,5,2,3,1,3,1,2,1,1
SF,IF2004,2020-03-04 09:31:33.800,4090.2000,7018,0,104081280.000,0,-,-,-,-,4089.0000,4088.8000,4088.6000,4088.2000,4088.0000,4090.6000,4094.8000,4096.6000,4098.0000,4099.6000,1,6,2,3,1,3,1,2,1,1
SF,IF2004,2020-03-04 09:31:34.300,4090.2000,7018,0,104081280.000,0,-,-,-,-,4089.0000,4088.8000,4088.6000,4088.2000,4088.0000,4090.6000,4094.8000,4096.6000,4098.0000,4099.6000,1,5,2,3,1,3,1,2,1,1
SF,IF2004,2020-03-04 09:31:34.800,4090.6000,7015,-3,107762820.000,3,0,3,双平,S,4089.6000,4089.4000,4089.2000,4089.0000,4088.8000,4094.8000,4096.6000,4098.0000,4099.6000,4100.0000,1,1,3,1,5,1,2,1,1,6
SF,IF2004,2020-03-04 09:31:35.300,4090.6000,7015,0,107762820.000,0,-,-,-,-,4091.0000,4089.8000,4089.6000,4089.4000,4089.2000,4094.0000,4094.6000,4094.8000,4095.0000,4096.6000,1,1,1,2,2,2,5,1,4,2
SF,IF2004,2020-03-04 09:31:35.800,4090.6000,7015,0,107762820.000,0,-,-,-,-,4091.0000,4089.8000,4089.6000,4089.4000,4089.2000,4093.8000,4094.0000,4094.6000,4094.8000,4095.0000,1,1,1,2,2,4,1,2,1,4
SF,IF2004,2020-03-04 09:31:36.300,4090.6000,7014,-1,108990000.000,1,0,1,双平,S,4090.2000,4089.8000,4089.6000,4089.4000,4089.2000,4093.6000,4093.8000,4094.0000,4094.6000,4094.8000,1,1,1,1,2,1,4,1,2,1
SF,IF2004,2020-03-04 09:31:36.800,4090.6000,7014,0,108990000.000,0,-,-,-,-,4090.2000,4089.8000,4089.6000,4089.4000,4089.2000,4093.4000,4093.6000,4093.8000,4094.0000,4094.6000,1,1,1,1,2,3,1,2,1,2
SF,IF2004,2020-03-04 09:31:37.300,4090.6000,7014,0,108990000.000,0,-,-,-,-,4090.6000,4090.4000,4090.2000,4089.8000,4089.6000,4093.4000,4093.8000,4094.6000,4094.8000,4095.0000,1,1,1,1,1,3,2,2,1,4
SF,IF2004,2020-03-04 09:31:37.800,4090.6000,7014,0,108990000.000,0,-,-,-,-,4090.6000,4090.4000,4090.2000,4089.8000,4089.6000,4093.2000,4093.4000,4093.8000,4094.6000,4094.8000,1,1,1,1,1,3,3,2,2,1
SF,IF2004,2020-03-04 09:31:38.300,4090.6000,7014,0,108990000.000,0,-,-,-,-,4090.6000,4090.4000,4090.2000,4089.8000,4089.6000,4093.0000,4093.2000,4093.4000,4093.8000,4094.6000,1,1,1,1,1,2,3,1,2,2
SF,IF2004,2020-03-04 09:31:38.800,4090.6000,7014,0,108990000.000,0,-,-,-,-,4090.6000,4090.4000,4089.8000,4089.6000,4089.4000,4092.8000,4093.0000,4093.4000,4093.8000,4094.6000,2,1,1,1,1,1,1,1,2,2
SF,IF2004,2020-03-04 09:31:39.300,4090.6000,7014,0,108990000.000,0,-,-,-,-,4090.6000,4090.4000,4089.8000,4089.6000,4089.4000,4092.6000,4092.8000,4093.4000,4093.8000,4094.6000,2,1,1,1,1,2,2,1,2,2
SF,IF2004,2020-03-04 09:31:39.800,4090.6000,7013,-1,111444360.000,2,0,2,多平,S,4089.8000,4089.6000,4089.4000,4089.2000,4089.0000,4092.4000,4092.6000,4092.8000,4093.4000,4093.8000,1,1,1,2,1,2,3,2,1,2
SF,IF2004,2020-03-04 09:31:40.300,4090.6000,7013,0,111444360.000,0,-,-,-,-,4089.8000,4089.6000,4089.4000,4089.2000,4089.0000,4092.2000,4092.4000,4092.6000,4092.8000,4093.4000,1,1,1,2,1,1,2,1,2,1
SF,IF2004,2020-03-04 09:31:40.800,4090.6000,7013,0,111444360.000,0,-,-,-,-,4089.4000,4089.2000,4089.0000,4088.8000,4088.6000,4092.0000,4092.2000,4092.4000,4093.4000,4093.8000,1,2,1,1,2,3,2,2,1,2
SF,IF2004,2020-03-04 09:31:41.300,4090.6000,7013,0,111444360.000,0,-,-,-,-,4089.0000,4088.8000,4088.6000,4088.2000,4088.0000,4091.8000,4092.0000,4092.4000,4093.4000,4093.8000,1,1,1,1,1,2,3,2,1,2
SF,IF2004,2020-03-04 09:31:41.800,4090.6000,7013,0,111444360.000,0,-,-,-,-,4090.6000,4088.6000,4088.2000,4088.0000,4087.6000,4091.6000,4091.8000,4092.0000,4092.4000,4093.4000,1,1,1,1,1,3,3,2,2,1
SF,IF2004,2020-03-04 09:31:42.300,4090.6000,7012,-1,112671540.000,1,0,1,双平,S,4088.6000,4088.2000,4088.0000,4087.6000,4087.2000,4090.4000,4091.4000,4091.6000,4091.8000,4092.0000,1,1,1,1,1,1,1,3,1,2
SF,IF2004,2020-03-04 09:31:42.800,4090.6000,7012,0,112671540.000,0,-,-,-,-,4088.2000,4088.0000,4087.6000,4087.2000,4086.6000,4090.2000,4091.4000,4091.6000,4091.8000,4092.0000,1,1,1,1,1,1,1,3,1,2
SF,IF2004,2020-03-04 09:31:43.300,4090.6000,7012,0,112671540.000,0,-,-,-,-,4087.6000,4087.2000,4086.6000,4085.4000,4083.0000,4090.2000,4091.4000,4091.6000,4091.8000,4092.0000,1,1,1,1,1,1,1,2,1,2
SF,IF2004,2020-03-04 09:31:43.800,4090.6000,7012,0,112671540.000,0,-,-,-,-,4087.8000,4087.6000,4087.2000,4086.6000,4085.4000,4090.0000,4090.2000,4091.4000,4091.6000,4091.8000,1,1,1,1,1,1,1,1,2,1
SF,IF2004,2020-03-04 09:31:44.300,4090.6000,7012,0,112671540.000,0,-,-,-,-,4087.8000,4087.6000,4087.2000,4086.6000,4085.4000,4089.8000,4090.0000,4090.2000,4091.4000,4091.6000,1,1,1,1,1,1,1,1,1,2
SF,IF2004,2020-03-04 09:31:44.800,4090.6000,7012,0,112671540.000,0,-,-,-,-,4087.8000,4087.6000,4087.2000,4086.6000,4085.4000,4089.8000,4090.0000,4090.2000,4091.4000,4091.6000,1,1,1,1,1,1,1,1,1,2
SF,IF2004,2020-03-04 09:31:45.300,4090.6000,7012,0,112671540.000,0,-,-,-,-,4087.8000,4087.6000,4087.2000,4086.6000,4085.4000,4089.8000,4090.0000,4091.4000,4091.6000,4091.8000,1,1,1,1,1,1,1,1,3,1
SF,IF2004,2020-03-04 09:31:46.300,4090.6000,7012,0,112671540.000,0,-,-,-,-,4087.8000,4087.6000,4087.2000,4086.6000,4085.4000,4089.8000,4090.0000,4091.4000,4091.6000,4091.8000,1,1,1,1,1,1,1,1,3,1
SF,IF2004,2020-03-04 09:31:46.800,4090.6000,7012,0,112671540.000,0,-,-,-,-,4087.8000,4087.6000,4087.2000,4086.6000,4085.4000,4090.0000,4091.4000,4091.6000,4091.8000,4092.0000,1,1,1,1,1,1,1,3,1,1
SF,IF2004,2020-03-04 09:31:47.300,4090.6000,7012,0,112671540.000,0,-,-,-,-,4088.0000,4087.8000,4087.6000,4087.2000,4086.6000,4090.0000,4090.6000,4091.4000,4091.6000,4091.8000,1,1,1,1,1,1,1,1,2,1
SF,IF2004,2020-03-04 09:31:47.800,4090.6000,7012,0,112671540.000,0,-,-,-,-,4088.0000,4087.8000,4087.6000,4087.2000,4086.6000,4089.8000,4090.0000,4090.6000,4091.4000,4091.6000,3,1,1,1,1,1,1,1,1,2
SF,IF2004,2020-03-04 09:31:48.300,4090.6000,7012,0,112671540.000,0,-,-,-,-,4088.2000,4088.0000,4087.8000,4087.6000,4087.2000,4089.8000,4090.0000,4090.6000,4091.4000,4091.6000,2,3,1,1,1,1,1,1,1,1
SF,IF2004,2020-03-04 09:31:48.800,4090.6000,7012,0,112671540.000,0,-,-,-,-,4088.4000,4088.2000,4088.0000,4087.8000,4087.6000,4089.8000,4090.0000,4090.6000,4091.4000,4091.6000,1,2,3,1,1,1,1,1,1,1
SF,IF2004,2020-03-04 09:31:49.300,4090.6000,7012,0,112671540.000,0,-,-,-,-,4088.4000,4088.2000,4088.0000,4087.8000,4087.6000,4089.8000,4090.6000,4091.4000,4091.6000,4091.8000,1,2,3,1,1,1,1,1,1,1
SF,IF2004,2020-03-04 09:31:49.800,4090.6000,7012,0,112671540.000,0,-,-,-,-,4088.4000,4088.2000,4088.0000,4087.8000,4087.6000,4090.6000,4091.4000,4091.6000,4091.8000,4094.8000,1,2,3,1,1,1,1,1,1,1
SF,IF2004,2020-03-04 09:31:50.300,4089.8000,7012,0,113898480.000,1,0,1,多换,S,4088.4000,4088.2000,4088.0000,4087.6000,4087.2000,4090.4000,4090.6000,4091.4000,4091.6000,4091.8000,1,2,3,1,1,1,1,1,1,1
SF,IF2004,2020-03-04 09:31:50.800,4088.4000,7011,-1,115125000.000,1,0,1,双平,S,4088.2000,4088.0000,4087.6000,4087.2000,4086.6000,4090.4000,4090.6000,4091.4000,4091.6000,4091.8000,1,3,1,1,1,1,1,1,1,1
SF,IF2004,2020-03-04 09:31:51.300,4088.4000,7011,0,115125000.000,0,-,-,-,-,4088.4000,4088.2000,4088.0000,4087.2000,4086.6000,4090.4000,4090.6000,4091.4000,4091.6000,4094.8000,4,1,2,1,1,1,1,1,1,1
SF,IF2004,2020-03-04 09:31:51.800,4088.4000,7011,0,115125000.000,0,-,-,-,-,4088.8000,4088.4000,4088.2000,4088.0000,4087.2000,4090.4000,4090.6000,4091.4000,4091.6000,4094.8000,1,4,1,2,1,1,1,1,1,1
SF,IF2004,2020-03-04 09:31:52.300,4088.4000,7011,0,115125000.000,0,-,-,-,-,4089.0000,4088.8000,4088.4000,4088.2000,4088.0000,4090.2000,4090.6000,4091.4000,4091.6000,4094.8000,1,1,4,1,2,1,1,1,1,1
SF,IF2004,2020-03-04 09:31:52.800,4088.4000,7011,0,115125000.000,0,-,-,-,-,4089.0000,4088.8000,4088.4000,4088.0000,4087.2000,4090.2000,4090.6000,4091.4000,4091.6000,4094.8000,1,1,2,2,1,1,1,1,1,1
SF,IF2004,2020-03-04 09:31:53.300,4088.4000,7011,0,115125000.000,0,-,-,-,-,4088.4000,4088.0000,4087.2000,4086.6000,4085.4000,4090.2000,4090.6000,4091.4000,4091.6000,4094.8000,2,2,1,1,1,1,1,1,1,1
SF,IF2004,2020-03-04 09:31:53.800,4088.4000,7010,-1,116351520.000,1,0,1,双平,S,4088.0000,4087.2000,4086.6000,4085.4000,4083.0000,4090.2000,4090.6000,4091.4000,4091.6000,4094.8000,2,1,1,1,1,1,1,1,1,1
SF,IF2004,2020-03-04 09:31:54.300,4088.4000,7010,0,116351520.000,0,-,-,-,-,4087.2000,4086.6000,4085.4000,4083.0000,4080.0000,4090.0000,4090.2000,4090.6000,4091.4000,4091.6000,1,1,1,1,5,1,1,1,1,1
SF,IF2004,2020-03-04 09:31:54.800,4088.4000,7010,0,116351520.000,0,-,-,-,-,4087.2000,4086.6000,4085.4000,4083.0000,4080.0000,4089.8000,4090.0000,4090.2000,4090.6000,4091.4000,3,1,1,1,5,1,1,1,1,1
SF,IF2004,2020-03-04 09:31:55.300,4088.4000,7010,0,116351520.000,0,-,-,-,-,4087.4000,4087.2000,4086.6000,4085.4000,4083.0000,4089.4000,4089.6000,4089.8000,4090.2000,4090.6000,1,2,1,1,1,1,1,1,1,1
SF,IF2004,2020-03-04 09:31:55.800,4088.4000,7010,0,116351520.000,0,-,-,-,-,4087.4000,4087.2000,4086.6000,4085.4000,4083.0000,4089.4000,4089.6000,4089.8000,4090.6000,4091.4000,1,3,1,1,1,1,1,1,1,1
SF,IF2004,2020-03-04 09:31:56.300,4088.4000,7010,0,116351520.000,0,-,-,-,-,4087.8000,4087.4000,4087.2000,4086.6000,4085.4000,4089.4000,4089.6000,4089.8000,4090.6000,4091.4000,1,2,3,1,1,1,1,1,1,1
SF,IF2004,2020-03-04 09:31:56.800,4088.4000,7010,0,116351520.000,0,-,-,-,-,4087.6000,4087.4000,4087.2000,4086.6000,4085.4000,4089.4000,4089.6000,4089.8000,4090.4000,4090.6000,1,2,1,1,1,1,1,1,1,1
SF,IF2004,2020-03-04 09:31:57.300,4088.4000,7010,0,116351520.000,0,-,-,-,-,4087.8000,4087.6000,4087.4000,4087.2000,4086.6000,4089.2000,4089.6000,4089.8000,4090.4000,4090.6000,1,1,2,1,1,1,1,1,1,1
SF,IF2004,2020-03-04 09:31:57.800,4088.4000,7010,0,116351520.000,0,-,-,-,-,4087.8000,4087.6000,4087.4000,4087.2000,4086.6000,4089.2000,4089.6000,4090.4000,4091.4000,4091.6000,1,1,2,1,1,1,1,1,1,1
SF,IF2004,2020-03-04 09:31:58.300,4088.4000,7010,0,116351520.000,0,-,-,-,-,4088.0000,4087.8000,4087.6000,4087.4000,4087.2000,4089.2000,4089.6000,4090.0000,4090.4000,4091.4000,1,1,1,2,1,1,1,1,1,1
SF,IF2004,2020-03-04 09:31:58.800,4088.4000,7010,0,116351520.000,0,-,-,-,-,4088.0000,4087.8000,4087.4000,4087.2000,4086.6000,4090.0000,4090.4000,4091.4000,4091.6000,4094.8000,1,1,1,1,1,1,1,1,1,1
SF,IF2004,2020-03-04 09:31:59.300,4088.4000,7010,0,116351520.000,0,-,-,-,-,4088.4000,4088.2000,4088.0000,4087.8000,4087.4000,4090.0000,4090.4000,4091.4000,4091.6000,4094.8000,1,2,2,1,1,1,1,1,1,1
SF,IF2004,2020-03-04 09:31:59.800,4088.2000,7010,0,118804500.000,2,1,1,多换,S,4088.0000,4087.8000,4087.4000,4087.2000,4086.6000,4090.0000,4090.4000,4091.4000,4091.6000,4094.8000,2,1,1,1,1,1,1,1,1,1
SF,IF2004,2020-03-04 09:32:00.300,4088.2000,7010,0,118804500.000,0,-,-,-,-,4088.6000,4088.4000,4088.2000,4088.0000,4087.8000,4089.8000,4090.0000,4090.4000,4091.4000,4091.6000,1,1,4,2,2,1,1,1,1,1
SF,IF2004,2020-03-04 09:32:00.800,4090.0000,7008,-2,121258440.000,2,0,2,双平,S,4088.8000,4088.4000,4088.2000,4088.0000,4087.8000,4090.4000,4091.4000,4091.6000,4094.8000,4096.6000,3,4,3,1,2,1,1,1,1,2
SF,IF2004,2020-03-04 09:32:01.300,4089.8000,7007,-1,122485380.000,1,0,1,双平,S,4089.0000,4088.8000,4088.4000,4088.2000,4088.0000,4090.4000,4091.4000,4091.6000,4094.8000,4095.0000,1,2,4,3,1,1,1,1,1,2
SF,IF2004,2020-03-04 09:32:01.800,4089.8000,7007,0,122485380.000,0,-,-,-,-,4089.2000,4089.0000,4088.8000,4088.4000,4088.2000,4090.4000,4091.4000,4091.6000,4094.8000,4095.0000,1,1,2,4,3,1,1,1,1,2
SF,IF2004,2020-03-04 09:32:02.300,4090.4000,7007,0,123712500.000,1,0,1,多换,S,4089.8000,4089.6000,4089.4000,4089.2000,4088.8000,4091.4000,4091.6000,4094.8000,4095.0000,4096.6000,1,1,3,2,2,1,1,1,2,2
SF,IF2004,2020-03-04 09:32:02.800,4090.4000,7007,0,123712500.000,0,-,-,-,-,4089.8000,4089.6000,4089.4000,4089.2000,4088.8000,4091.2000,4091.6000,4094.8000,4095.0000,4096.6000,1,1,3,2,2,1,1,1,2,2
SF,IF2004,2020-03-04 09:32:03.300,4090.4000,7007,0,123712500.000,0,-,-,-,-,4090.2000,4089.8000,4089.6000,4089.4000,4089.2000,4091.2000,4091.6000,4094.8000,4095.0000,4096.6000,1,2,1,2,1,2,1,1,2,2
SF,IF2004,2020-03-04 09:32:03.800,4091.6000,7006,-1,124939980.000,1,0,1,双平,S,4090.4000,4090.2000,4090.0000,4089.8000,4089.6000,4094.8000,4095.0000,4096.6000,4098.0000,4099.6000,1,1,3,2,1,1,2,2,1,1
SF,IF2004,2020-03-04 09:32:04.300,4091.6000,7006,0,124939980.000,0,-,-,-,-,4090.4000,4090.2000,4090.0000,4089.8000,4089.6000,4094.6000,4094.8000,4095.0000,4096.6000,4098.0000,3,1,3,2,1,5,1,6,2,1
SF,IF2004,2020-03-04 09:32:04.800,4091.6000,7006,0,124939980.000,0,-,-,-,-,4090.6000,4090.4000,4090.2000,4090.0000,4089.8000,4094.6000,4094.8000,4095.0000,4096.6000,4098.0000,1,1,1,3,2,5,1,5,2,1
SF,IF2004,2020-03-04 09:32:05.300,4091.6000,7006,0,124939980.000,0,-,-,-,-,4090.8000,4090.6000,4090.4000,4090.2000,4090.0000,4094.6000,4094.8000,4095.0000,4096.6000,4098.0000,1,1,1,1,3,4,1,5,2,1
SF,IF2004,2020-03-04 09:32:05.800,4091.6000,7006,0,124939980.000,0,-,-,-,-,4090.8000,4090.6000,4090.4000,4090.0000,4089.8000,4094.6000,4094.8000,4095.0000,4096.6000,4098.0000,1,1,1,3,2,4,1,4,2,1
SF,IF2004,2020-03-04 09:32:06.300,4091.6000,7006,0,124939980.000,0,-,-,-,-,4090.6000,4090.4000,4090.0000,4089.8000,4089.6000,4094.4000,4094.6000,4094.8000,4095.0000,4096.6000,1,1,3,2,1,1,4,1,4,2
SF,IF2004,2020-03-04 09:32:06.800,4091.6000,7006,0,124939980.000,0,-,-,-,-,4090.8000,4090.6000,4090.4000,4090.0000,4089.8000,4094.2000,4094.4000,4094.6000,4094.8000,4095.0000,1,1,1,3,2,2,1,2,1,4
SF,IF2004,2020-03-04 09:32:07.300,4091.6000,7006,0,124939980.000,0,-,-,-,-,4090.8000,4090.6000,4090.4000,4090.0000,4089.8000,4094.2000,4094.4000,4094.6000,4094.8000,4095.0000,1,1,1,3,2,2,1,2,1,3
SF,IF2004,2020-03-04 09:32:07.800,4091.6000,7006,0,124939980.000,0,-,-,-,-,4090.8000,4090.6000,4090.4000,4090.0000,4089.8000,4094.2000,4094.6000,4094.8000,4095.0000,4096.6000,1,1,1,3,2,2,2,1,3,2
SF,IF2004,2020-03-04 09:32:08.300,4091.6000,7006,0,124939980.000,0,-,-,-,-,4091.0000,4090.8000,4090.6000,4090.4000,4090.0000,4094.2000,4094.6000,4094.8000,4095.0000,4096.6000,2,2,1,1,3,2,1,1,3,2
SF,IF2004,2020-03-04 09:32:08.800,4091.6000,7006,0,124939980.000,0,-,-,-,-,4091.2000,4090.6000,4090.4000,4090.0000,4089.8000,4094.0000,4094.2000,4094.6000,4094.8000,4095.0000,1,1,1,3,2,1,2,1,1,2
SF,IF2004,2020-03-04 09:32:09.300,4091.6000,7006,0,124939980.000,0,-,-,-,-,4091.6000,4091.4000,4091.2000,4090.8000,4090.6000,4093.8000,4094.0000,4094.2000,4094.6000,4094.8000,1,1,3,1,1,1,1,1,1,1
SF,IF2004,2020-03-04 09:32:09.800,4091.6000,7006,0,124939980.000,0,-,-,-,-,4092.0000,4091.8000,4091.4000,4091.2000,4090.8000,4093.8000,4094.0000,4094.2000,4094.8000,4095.0000,2,1,2,3,1,1,1,1,1,2
SF,IF2004,2020-03-04 09:32:10.300,4091.6000,7006,0,124939980.000,0,-,-,-,-,4092.4000,4092.2000,4091.6000,4091.4000,4091.2000,4093.8000,4094.2000,4094.8000,4095.0000,4096.6000,1,1,1,1,2,1,1,1,2,2
SF,IF2004,2020-03-04 09:32:10.800,4091.6000,7006,0,124939980.000,0,-,-,-,-,4092.4000,4092.2000,4091.6000,4091.4000,4091.2000,4094.2000,4094.8000,4095.0000,4096.6000,4098.0000,1,1,1,1,2,1,1,2,2,1
SF,IF2004,2020-03-04 09:32:11.300,4091.6000,7006,0,124939980.000,0,-,-,-,-,4092.2000,4091.4000,4091.2000,4090.8000,4090.0000,4093.4000,4094.0000,4094.8000,4095.0000,4096.6000,1,1,2,1,1,1,1,1,2,2
SF,IF2004,2020-03-04 09:32:11.800,4091.6000,7006,0,124939980.000,0,-,-,-,-,4092.2000,4091.2000,4090.8000,4090.0000,4089.8000,4094.0000,4094.8000,4095.0000,4096.6000,4098.0000,1,2,1,1,2,1,1,2,2,1
SF,IF2004,2020-03-04 09:32:12.300,4092.2000,7005,-1,126167640.000,1,0,1,双平,S,4091.2000,4090.8000,4090.0000,4089.8000,4089.6000,4093.2000,4094.0000,4094.8000,4095.0000,4096.6000,2,1,1,2,1,1,1,1,2,2
SF,IF2004,2020-03-04 09:32:12.800,4092.2000,7005,0,126167640.000,0,-,-,-,-,4091.4000,4091.2000,4090.8000,4090.0000,4089.8000,4093.0000,4094.0000,4094.8000,4095.0000,4096.6000,4,2,1,1,2,1,1,1,2,2
SF,IF2004,2020-03-04 09:32:13.300,4092.2000,7005,0,126167640.000,0,-,-,-,-,4091.4000,4091.2000,4090.8000,4090.0000,4089.8000,4093.0000,4094.0000,4094.8000,4095.0000,4096.6000,2,2,1,1,2,1,1,1,2,2
SF,IF2004,2020-03-04 09:32:13.800,4092.2000,7005,0,126167640.000,0,-,-,-,-,4090.8000,4090.0000,4089.8000,4089.6000,4089.4000,4092.8000,4093.0000,4094.0000,4094.8000,4095.0000,1,1,2,1,1,1,1,1,1,2
SF,IF2004,2020-03-04 09:32:14.300,4093.0000,7004,-1,129850800.000,3,1,2,多平,S,4090.0000,4089.8000,4089.6000,4089.4000,4088.8000,4094.0000,4094.8000,4095.0000,4096.6000,4098.0000,1,2,1,1,1,1,1,2,2,1
SF,IF2004,2020-03-04 09:32:14.800,4093.0000,7004,0,129850800.000,0,-,-,-,-,4090.8000,4090.0000,4089.8000,4089.6000,4089.4000,4092.6000,4093.8000,4094.0000,4094.8000,4095.0000,1,1,2,1,1,2,1,1,1,2
SF,IF2004,2020-03-04 09:32:15.300,4090.8000,7003,-1,131078040.000,1,0,1,双平,S,4090.2000,4090.0000,4089.8000,4089.6000,4089.4000,4092.6000,4093.8000,4094.0000,4094.8000,4095.0000,2,1,2,1,1,2,3,1,1,2
SF,IF2004,2020-03-04 09:32:15.800,4090.8000,7003,0,131078040.000,0,-,-,-,-,4089.4000,4088.8000,4088.4000,4086.6000,4083.0000,4092.2000,4092.4000,4093.8000,4094.8000,4095.0000,1,1,1,1,1,2,1,2,1,2
SF,IF2004,2020-03-04 09:32:16.300,4090.8000,7003,0,131078040.000,0,-,-,-,-,4089.4000,4088.8000,4088.4000,4086.6000,4083.0000,4092.0000,4093.8000,4094.8000,4095.0000,4096.6000,1,1,1,1,1,1,2,1,2,2
SF,IF2004,2020-03-04 09:32:16.800,4090.8000,7003,0,131078040.000,0,-,-,-,-,4089.4000,4088.8000,4088.4000,4086.6000,4083.0000,4091.8000,4092.0000,4093.8000,4094.8000,4095.0000,1,1,1,1,1,2,1,2,1,2
SF,IF2004,2020-03-04 09:32:17.300,4090.8000,7003,0,131078040.000,0,-,-,-,-,4088.8000,4088.4000,4086.6000,4083.0000,4080.0000,4091.6000,4091.8000,4093.8000,4094.8000,4095.0000,1,1,1,1,5,1,2,1,1,2
SF,IF2004,2020-03-04 09:32:17.800,4090.8000,7003,0,131078040.000,0,-,-,-,-,4089.2000,4088.8000,4088.4000,4083.0000,4080.0000,4091.6000,4093.8000,4094.8000,4095.0000,4096.6000,1,1,1,1,5,1,1,1,2,2
SF,IF2004,2020-03-04 09:32:18.300,4090.8000,7003,0,131078040.000,0,-,-,-,-,4089.2000,4088.8000,4088.4000,4083.0000,4080.0000,4091.2000,4091.6000,4093.8000,4094.8000,4095.0000,2,1,1,1,5,1,1,1,1,2
SF,IF2004,2020-03-04 09:32:18.800,4089.2000,7001,-2,133531560.000,2,0,2,双平,S,4088.4000,4083.0000,4080.0000,4079.4000,4073.8000,4091.6000,4093.8000,4094.8000,4095.0000,4096.6000,1,1,5,1,1,1,1,1,2,2
SF,IF2004,2020-03-04 09:32:19.300,4089.2000,7001,0,133531560.000,0,-,-,-,-,4088.4000,4083.0000,4080.0000,4079.4000,4073.8000,4091.0000,4091.6000,4093.8000,4094.8000,4095.0000,1,1,5,1,1,2,1,1,1,2
SF,IF2004,2020-03-04 09:32:19.800,4089.2000,7001,0,133531560.000,0,-,-,-,-,4088.6000,4088.4000,4083.0000,4080.0000,4079.4000,4090.8000,4091.0000,4093.8000,4094.8000,4095.0000,1,1,1,5,1,1,2,1,1,2
SF,IF2004,2020-03-04 09:32:20.300,4089.2000,7001,0,133531560.000,0,-,-,-,-,4088.6000,4083.0000,4080.0000,4079.4000,4073.8000,4090.8000,4091.0000,4093.8000,4094.8000,4095.0000,1,1,5,1,1,1,2,1,1,2
SF,IF2004,2020-03-04 09:32:20.800,4089.2000,7001,0,133531560.000,0,-,-,-,-,4088.6000,4083.0000,4080.0000,4079.4000,4073.8000,4090.8000,4091.0000,4093.8000,4094.8000,4095.0000,1,1,5,1,1,1,2,1,1,2
SF,IF2004,2020-03-04 09:32:21.300,4089.2000,7001,0,133531560.000,0,-,-,-,-,4088.8000,4088.6000,4083.0000,4080.0000,4079.4000,4090.8000,4091.0000,4093.8000,4094.8000,4095.0000,1,1,1,5,1,1,2,1,1,2
SF,IF2004,2020-03-04 09:32:21.800,4089.2000,7001,0,133531560.000,0,-,-,-,-,4088.8000,4088.6000,4083.0000,4080.0000,4079.4000,4090.8000,4093.8000,4094.8000,4095.0000,4096.6000,1,1,1,5,1,1,1,1,2,2
SF,IF2004,2020-03-04 09:32:22.300,4089.2000,7001,0,133531560.000,0,-,-,-,-,4088.8000,4088.6000,4083.0000,4080.0000,4079.4000,4090.6000,4090.8000,4093.8000,4094.8000,4095.0000,1,1,1,5,1,1,1,1,1,2
SF,IF2004,2020-03-04 09:32:22.800,4089.2000,7001,0,133531560.000,0,-,-,-,-,4088.8000,4083.0000,4080.0000,4079.4000,4073.8000,4090.8000,4093.8000,4094.8000,4095.0000,4096.6000,1,1,5,1,1,1,1,1,2,2
SF,IF2004,2020-03-04 09:32:23.300,4089.2000,7001,0,133531560.000,0,-,-,-,-,4088.8000,4083.0000,4080.0000,4079.4000,4073.8000,4090.2000,4090.6000,4090.8000,4093.8000,4094.8000,1,1,5,1,1,1,1,1,1,1
SF,IF2004,2020-03-04 09:32:23.800,4089.2000,7001,0,133531560.000,0,-,-,-,-,4083.0000,4080.0000,4079.4000,4073.8000,4070.0000,4090.2000,4090.6000,4090.8000,4093.8000,4094.8000,1,5,1,1,7,1,1,1,1,1
SF,IF2004,2020-03-04 09:32:24.300,4089.2000,7001,0,133531560.000,0,-,-,-,-,4087.8000,4087.2000,4086.4000,4086.0000,4085.4000,4090.0000,4093.8000,4094.8000,4095.0000,4096.6000,1,3,2,1,1,1,1,1,2,2
SF,IF2004,2020-03-04 09:32:24.800,4089.2000,7001,0,133531560.000,0,-,-,-,-,4087.8000,4087.2000,4086.4000,4086.0000,4085.4000,4090.0000,4093.8000,4094.8000,4095.0000,4096.6000,1,3,2,1,1,1,1,1,2,2
SF,IF2004,2020-03-04 09:32:25.300,4087.8000,7000,-1,134757900.000,1,0,1,双平,S,4088.2000,4087.2000,4086.4000,4086.0000,4085.4000,4089.6000,4090.0000,4093.8000,4094.8000,4095.0000,1,2,2,1,3,2,1,1,1,2
SF,IF2004,2020-03-04 09:32:25.800,4087.8000,6999,-1,135984240.000,1,0,1,双平,S,4086.4000,4086.0000,4085.4000,4085.2000,4085.0000,4088.0000,4089.2000,4089.8000,4090.0000,4093.8000,1,1,3,1,2,1,2,1,1,1
SF,IF2004,2020-03-04 09:32:26.300,4087.8000,6999,0,135984240.000,0,-,-,-,-,4086.6000,4086.4000,4086.0000,4085.4000,4085.2000,4089.4000,4090.0000,4093.8000,4094.8000,4095.0000,1,1,1,1,1,1,1,1,1,2
SF,IF2004,2020-03-04 09:32:26.800,4087.8000,6999,0,135984240.000,0,-,-,-,-,4086.6000,4086.4000,4086.0000,4085.4000,4085.2000,4089.0000,4089.2000,4089.4000,4093.8000,4094.8000,1,1,1,1,1,1,1,1,1,1
SF,IF2004,2020-03-04 09:32:27.300,4087.8000,6999,0,135984240.000,0,-,-,-,-,4086.6000,4086.4000,4086.0000,4085.4000,4085.2000,4088.8000,4089.0000,4089.4000,4093.8000,4094.8000,1,1,1,1,1,1,2,1,1,1
SF,IF2004,2020-03-04 09:32:27.800,4087.8000,6999,0,135984240.000,0,-,-,-,-,4086.4000,4086.0000,4085.4000,4085.2000,4085.0000,4088.8000,4089.4000,4093.8000,4094.8000,4095.0000,1,1,1,1,2,1,1,1,1,2
SF,IF2004,2020-03-04 09:32:28.300,4087.8000,6999,0,135984240.000,0,-,-,-,-,4086.4000,4086.0000,4085.4000,4085.2000,4085.0000,4088.8000,4089.4000,4090.0000,4093.8000,4094.8000,1,1,1,1,2,4,1,1,1,1
SF,IF2004,2020-03-04 09:32:28.800,4087.8000,6999,0,135984240.000,0,-,-,-,-,4085.4000,4085.2000,4085.0000,4084.8000,4083.2000,4088.4000,4088.8000,4089.4000,4090.0000,4093.8000,1,1,2,1,3,1,4,1,1,1
SF,IF2004,2020-03-04 09:32:29.300,4087.8000,6999,0,135984240.000,0,-,-,-,-,4085.6000,4085.4000,4085.2000,4085.0000,4084.8000,4088.2000,4088.8000,4089.4000,4090.0000,4093.8000,1,1,1,2,1,1,3,1,1,1
SF,IF2004,2020-03-04 09:32:29.800,4087.8000,6999,0,135984240.000,0,-,-,-,-,4086.4000,4086.2000,4086.0000,4085.6000,4085.4000,4088.2000,4088.8000,4089.4000,4090.0000,4093.8000,1,1,1,1,1,1,3,1,1,1
SF,IF2004,2020-03-04 09:32:30.300,4087.8000,6999,0,135984240.000,0,-,-,-,-,4087.2000,4086.6000,4086.4000,4086.2000,4086.0000,4088.2000,4088.8000,4089.4000,4090.0000,4093.8000,1,1,1,1,2,1,3,1,1,1
SF,IF2004,2020-03-04 09:32:30.800,4087.8000,6999,0,135984240.000,0,-,-,-,-,4086.2000,4086.0000,4085.6000,4085.4000,4085.2000,4088.8000,4089.4000,4090.0000,4093.8000,4094.0000,1,1,1,1,1,3,1,1,1,1
SF,IF2004,2020-03-04 09:32:31.300,4087.8000,6999,0,135984240.000,0,-,-,-,-,4086.4000,4086.2000,4086.0000,4085.6000,4085.4000,4088.0000,4088.6000,4088.8000,4089.4000,4090.0000,3,1,2,1,1,1,1,3,1,1
SF,IF2004,2020-03-04 09:32:31.800,4087.8000,6999,0,135984240.000,0,-,-,-,-,4086.4000,4086.2000,4086.0000,4085.6000,4085.4000,4088.0000,4088.6000,4088.8000,4089.4000,4090.0000,1,1,1,1,1,1,1,3,1,1
SF,IF2004,2020-03-04 09:32:32.300,4087.8000,6999,0,135984240.000,0,-,-,-,-,4086.4000,4085.6000,4085.4000,4085.2000,4085.0000,4088.6000,4089.4000,4090.0000,4093.8000,4094.0000,1,1,1,1,2,1,1,1,1,1
SF,IF2004,2020-03-04 09:32:32.800,4087.8000,6999,0,135984240.000,0,-,-,-,-,4086.6000,4085.6000,4085.4000,4085.2000,4085.0000,4087.8000,4088.6000,4089.4000,4090.0000,4093.8000,1,1,1,1,2,2,1,1,1,1
SF,IF2004,2020-03-04 09:32:33.300,4087.8000,6998,-1,137210580.000,1,0,1,双平,S,4086.6000,4085.6000,4085.4000,4085.2000,4085.0000,4087.8000,4088.6000,4089.4000,4090.0000,4093.8000,1,1,1,1,2,1,1,1,1,1
SF,IF2004,2020-03-04 09:32:33.800,4087.8000,6998,0,137210580.000,0,-,-,-,-,4086.6000,4085.6000,4085.4000,4085.2000,4085.0000,4088.6000,4089.4000,4090.0000,4093.8000,4094.0000,1,1,1,1,2,1,1,1,1,1
SF,IF2004,2020-03-04 09:32:34.300,4087.8000,6998,0,137210580.000,0,-,-,-,-,4086.6000,4085.6000,4085.4000,4085.2000,4085.0000,4087.6000,4088.6000,4089.4000,4090.0000,4093.8000,1,1,1,1,2,1,1,1,1,1
SF,IF2004,2020-03-04 09:32:34.800,4087.8000,6998,0,137210580.000,0,-,-,-,-,4085.6000,4085.4000,4085.2000,4085.0000,4084.8000,4087.6000,4088.6000,4089.4000,4090.0000,4093.8000,1,1,1,2,1,1,1,1,1,1
SF,IF2004,2020-03-04 09:32:35.300,4087.8000,6998,0,137210580.000,0,-,-,-,-,4085.8000,4085.4000,4085.2000,4085.0000,4084.8000,4088.6000,4089.4000,4090.0000,4093.8000,4094.0000,1,1,1,2,1,1,1,1,1,1
SF,IF2004,2020-03-04 09:32:35.800,4087.8000,6998,0,137210580.000,0,-,-,-,-,4085.8000,4085.4000,4085.2000,4085.0000,4084.8000,4088.2000,4088.6000,4089.4000,4090.0000,4093.8000,1,1,1,2,1,1,1,1,1,1
SF,IF2004,2020-03-04 09:32:36.300,4087.8000,6998,0,137210580.000,0,-,-,-,-,4086.0000,4085.4000,4085.2000,4085.0000,4084.8000,4088.0000,4088.2000,4089.4000,4090.0000,4093.8000,3,1,1,2,1,1,1,1,1,1
SF,IF2004,2020-03-04 09:32:36.800,4087.8000,6998,0,137210580.000,0,-,-,-,-,4086.0000,4085.8000,4085.4000,4085.2000,4085.0000,4088.0000,4089.4000,4090.0000,4093.8000,4094.0000,1,1,1,1,2,1,1,1,1,1
SF,IF2004,2020-03-04 09:32:37.300,4087.8000,6998,0,137210580.000,0,-,-,-,-,4086.2000,4086.0000,4085.8000,4085.4000,4085.2000,4087.8000,4088.0000,4090.0000,4093.8000,4094.0000,1,1,1,1,1,1,1,1,1,1
SF,IF2004,2020-03-04 09:32:37.800,4087.8000,6998,0,137210580.000,0,-,-,-,-,4086.2000,4086.0000,4085.8000,4085.4000,4085.2000,4087.8000,4088.0000,4090.0000,4093.8000,4094.0000,1,1,1,1,1,2,1,1,1,1
SF,IF2004,2020-03-04 09:32:38.300,4087.8000,6998,0,137210580.000,0,-,-,-,-,4086.2000,4085.8000,4085.4000,4085.2000,4085.0000,4087.6000,4087.8000,4088.0000,4090.0000,4093.8000,1,1,1,1,2,1,1,1,1,1
SF,IF2004,2020-03-04 09:32:38.800,4086.2000,6997,-1,138436440.000,1,0,1,双平,S,4086.4000,4085.8000,4085.2000,4085.0000,4084.8000,4087.2000,4087.8000,4088.0000,4090.0000,4093.8000,1,1,1,2,1,1,1,1,1,1
SF,IF2004,2020-03-04 09:32:39.300,4086.2000,6996,-1,139662300.000,1,0,1,双平,S,4084.8000,4083.2000,4083.0000,4080.0000,4079.4000,4086.4000,4087.8000,4090.0000,4093.8000,4094.0000,1,2,1,5,1,1,1,1,1,1
SF,IF2004,2020-03-04 09:32:39.800,4086.2000,6996,0,139662300.000,0,-,-,-,-,4085.2000,4085.0000,4084.8000,4083.2000,4083.0000,4087.8000,4090.0000,4093.8000,4094.0000,4094.8000,1,4,1,2,1,1,1,1,1,1
SF,IF2004,2020-03-04 09:32:40.300,4086.2000,6996,0,139662300.000,0,-,-,-,-,4084.8000,4083.2000,4083.0000,4080.0000,4079.4000,4087.4000,4087.6000,4087.8000,4090.0000,4093.8000,1,2,1,5,1,1,1,1,1,1
SF,IF2004,2020-03-04 09:32:40.800,4086.2000,6996,0,139662300.000,0,-,-,-,-,4084.8000,4083.2000,4083.0000,4080.0000,4079.4000,4087.2000,4087.4000,4087.8000,4090.0000,4093.8000,1,2,1,5,1,1,1,1,1,1
SF,IF2004,2020-03-04 09:32:41.300,4086.2000,6996,0,139662300.000,0,-,-,-,-,4085.2000,4085.0000,4084.8000,4083.2000,4083.0000,4087.0000,4087.2000,4090.0000,4093.8000,4094.0000,1,4,1,2,1,1,1,1,1,1
SF,IF2004,2020-03-04 09:32:41.800,4086.2000,6996,0,139662300.000,0,-,-,-,-,4085.6000,4085.4000,4085.2000,4085.0000,4084.8000,4087.0000,4087.2000,4090.0000,4093.8000,4094.0000,1,2,1,4,1,1,1,1,1,1
SF,IF2004,2020-03-04 09:32:42.300,4086.2000,6996,0,139662300.000,0,-,-,-,-,4086.0000,4085.4000,4085.2000,4085.0000,4084.8000,4087.0000,4090.0000,4093.8000,4094.0000,4094.8000,1,2,1,4,1,1,1,1,1,1
SF,IF2004,2020-03-04 09:32:42.800,4086.2000,6996,0,139662300.000,0,-,-,-,-,4086.0000,4085.6000,4085.2000,4085.0000,4084.8000,4087.0000,4090.0000,4093.8000,4094.0000,4094.8000,3,1,1,3,1,1,1,1,1,1
SF,IF2004,2020-03-04 09:32:43.300,4086.2000,6996,0,139662300.000,0,-,-,-,-,4086.0000,4085.6000,4085.2000,4085.0000,4084.8000,4087.0000,4090.0000,4093.8000,4094.0000,4094.8000,1,1,1,3,1,1,1,1,1,1
SF,IF2004,2020-03-04 09:32:43.800,4086.2000,6996,0,139662300.000,0,-,-,-,-,4085.6000,4085.2000,4085.0000,4084.8000,4083.2000,4087.0000,4090.0000,4093.8000,4094.0000,4094.8000,1,1,3,1,2,1,1,1,1,1
SF,IF2004,2020-03-04 09:32:44.800,4086.2000,6996,0,139662300.000,0,-,-,-,-,4085.8000,4085.2000,4085.0000,4084.8000,4083.2000,4087.0000,4090.0000,4093.8000,4094.0000,4094.8000,1,1,3,1,2,1,1,1,1,1
SF,IF2004,2020-03-04 09:32:45.800,4086.2000,6996,0,139662300.000,0,-,-,-,-,4085.8000,4085.2000,4085.0000,4084.8000,4083.2000,4090.0000,4093.8000,4094.0000,4094.8000,4095.0000,1,1,3,1,2,1,1,1,1,2
SF,IF2004,2020-03-04 09:32:46.300,4086.2000,6996,0,139662300.000,0,-,-,-,-,4085.8000,4085.2000,4085.0000,4084.8000,4083.2000,4089.2000,4089.4000,4089.6000,4089.8000,4090.0000,1,1,3,1,2,1,1,1,5,2
SF,IF2004,2020-03-04 09:32:46.800,4086.2000,6996,0,139662300.000,0,-,-,-,-,4085.8000,4085.2000,4085.0000,4084.8000,4083.2000,4088.0000,4089.0000,4089.2000,4089.4000,4089.6000,1,1,3,1,2,1,3,1,1,1
SF,IF2004,2020-03-04 09:32:47.300,4086.2000,6996,0,139662300.000,0,-,-,-,-,4086.2000,4085.8000,4085.2000,4085.0000,4084.8000,4087.8000,4088.0000,4089.0000,4089.2000,4089.4000,1,1,1,3,1,1,1,2,1,1
SF,IF2004,2020-03-04 09:32:47.800,4086.2000,6996,0,139662300.000,0,-,-,-,-,4086.2000,4086.0000,4085.8000,4085.2000,4085.0000,4088.0000,4089.0000,4089.2000,4090.0000,4094.0000,1,1,1,1,3,1,1,1,1,1
SF,IF2004,2020-03-04 09:32:48.300,4088.0000,6996,0,140888700.000,1,0,1,多换,S,4086.4000,4086.2000,4086.0000,4085.8000,4085.2000,4089.0000,4090.0000,4094.0000,4094.8000,4095.0000,4,1,2,1,1,1,1,1,1,2
SF,IF2004,2020-03-04 09:32:48.800,4088.0000,6996,0,140888700.000,0,-,-,-,-,4087.2000,4086.8000,4086.4000,4086.2000,4086.0000,4088.8000,4090.0000,4094.0000,4094.8000,4095.0000,1,1,3,1,2,1,1,1,1,2
SF,IF2004,2020-03-04 09:32:49.300,4088.0000,6996,0,140888700.000,0,-,-,-,-,4087.2000,4086.8000,4086.4000,4086.2000,4086.0000,4090.0000,4094.0000,4094.8000,4095.0000,4096.6000,1,2,3,1,2,1,1,1,2,2
SF,IF2004,2020-03-04 09:32:49.800,4088.0000,6996,0,140888700.000,0,-,-,-,-,4087.4000,4087.2000,4086.8000,4086.4000,4086.2000,4089.8000,4090.0000,4094.0000,4094.8000,4095.0000,2,3,1,2,1,1,1,1,1,2
SF,IF2004,2020-03-04 09:32:50.300,4088.0000,6996,0,140888700.000,0,-,-,-,-,4087.6000,4087.4000,4087.2000,4086.8000,4086.4000,4089.8000,4090.0000,4094.0000,4094.8000,4095.0000,1,2,3,1,2,1,1,1,1,2
SF,IF2004,2020-03-04 09:32:50.800,4088.0000,6996,0,140888700.000,0,-,-,-,-,4088.0000,4087.8000,4087.4000,4087.2000,4086.8000,4089.8000,4090.0000,4094.0000,4094.8000,4095.0000,1,3,2,3,1,1,1,1,1,2
SF,IF2004,2020-03-04 09:32:51.300,4088.0000,6996,0,140888700.000,0,-,-,-,-,4088.4000,4087.8000,4087.4000,4087.2000,4086.8000,4089.8000,4090.0000,4094.0000,4094.8000,4095.0000,1,1,1,3,1,1,1,1,1,2
SF,IF2004,2020-03-04 09:32:51.800,4089.8000,6996,0,142115640.000,1,0,1,多换,S,4088.4000,4087.8000,4087.4000,4087.2000,4086.8000,4090.0000,4094.0000,4094.8000,4095.0000,4096.6000,1,1,1,3,1,1,1,1,2,2
SF,IF2004,2020-03-04 09:32:52.800,4089.8000,6996,0,142115640.000,0,-,-,-,-,4088.6000,4087.8000,4087.4000,4087.2000,4086.8000,4090.0000,4094.0000,4094.8000,4095.0000,4096.6000,1,1,1,3,1,1,1,1,2,2
SF,IF2004,2020-03-04 09:32:53.300,4089.8000,6996,0,142115640.000,0,-,-,-,-,4089.0000,4087.8000,4087.4000,4087.2000,4086.8000,4090.0000,4093.4000,4094.0000,4094.8000,4095.0000,1,1,1,3,1,1,3,1,1,2
SF,IF2004,2020-03-04 09:32:54.800,4089.8000,6996,0,142115640.000,0,-,-,-,-,4089.2000,4087.8000,4087.4000,4087.2000,4086.8000,4090.0000,4093.4000,4094.0000,4094.8000,4095.0000,1,1,1,3,1,1,3,1,1,2
SF,IF2004,2020-03-04 09:32:55.300,4089.8000,6996,0,142115640.000,0,-,-,-,-,4089.2000,4087.8000,4087.4000,4087.2000,4086.8000,4090.0000,4093.4000,4094.0000,4094.8000,4095.0000,1,1,1,3,1,1,3,1,1,2
SF,IF2004,2020-03-04 09:32:55.800,4089.8000,6996,0,142115640.000,0,-,-,-,-,4087.8000,4087.4000,4087.2000,4086.8000,4086.4000,4090.0000,4093.4000,4094.0000,4094.8000,4095.0000,1,1,3,1,1,1,3,1,1,2
SF,IF2004,2020-03-04 09:32:56.300,4089.8000,6996,0,142115640.000,0,-,-,-,-,4088.4000,4088.2000,4088.0000,4087.8000,4087.4000,4090.0000,4093.4000,4094.0000,4094.8000,4095.0000,1,1,3,2,1,1,3,1,1,2
SF,IF2004,2020-03-04 09:32:56.800,4089.8000,6996,0,142115640.000,0,-,-,-,-,4088.4000,4088.2000,4088.0000,4087.8000,4087.4000,4090.0000,4093.4000,4094.0000,4094.8000,4095.0000,1,1,1,1,1,1,3,1,1,2
SF,IF2004,2020-03-04 09:32:57.300,4089.8000,6996,0,142115640.000,0,-,-,-,-,4088.4000,4088.0000,4087.8000,4087.4000,4087.2000,4090.0000,4093.4000,4094.0000,4094.8000,4095.0000,1,1,1,1,3,1,3,1,1,2
SF,IF2004,2020-03-04 09:32:57.800,4090.0000,6996,0,143342640.000,1,0,1,多换,S,4088.4000,4088.0000,4087.8000,4087.4000,4087.2000,4093.4000,4094.0000,4094.8000,4095.0000,4096.6000,1,1,1,1,3,3,1,1,2,2
SF,IF2004,2020-03-04 09:32:58.300,4090.0000,6996,0,143342640.000,0,-,-,-,-,4088.6000,4087.4000,4087.2000,4086.4000,4085.0000,4091.4000,4092.0000,4092.4000,4092.6000,4092.8000,1,1,3,1,1,1,1,3,1,2
SF,IF2004,2020-03-04 09:32:58.800,4090.0000,6996,0,143342640.000,0,-,-,-,-,4088.6000,4087.4000,4087.2000,4086.4000,4085.0000,4091.0000,4091.2000,4091.4000,4092.0000,4092.4000,1,1,3,1,1,1,2,1,1,3
SF,IF2004,2020-03-04 09:32:59.300,4090.0000,6996,0,143342640.000,0,-,-,-,-,4088.6000,4087.4000,4087.2000,4086.4000,4085.0000,4090.6000,4090.8000,4091.2000,4091.4000,4092.0000,1,1,3,1,1,1,1,1,1,1
SF,IF2004,2020-03-04 09:32:59.800,4090.0000,6996,0,143342640.000,0,-,-,-,-,4088.6000,4087.4000,4087.2000,4086.4000,4085.0000,4090.8000,4091.2000,4092.4000,4092.6000,4092.8000,1,1,3,1,1,1,1,2,1,1
SF,IF2004,2020-03-04 09:33:00.300,4090.0000,6996,0,143342640.000,0,-,-,-,-,4088.6000,4087.4000,4087.2000,4086.4000,4085.0000,4090.8000,4091.2000,4092.4000,4092.6000,4092.8000,1,1,3,1,1,1,1,2,1,1
SF,IF2004,2020-03-04 09:33:00.800,4090.0000,6996,0,143342640.000,0,-,-,-,-,4088.6000,4087.4000,4087.2000,4086.4000,4085.0000,4090.4000,4090.8000,4091.2000,4092.4000,4092.6000,1,1,3,1,1,1,1,1,2,1
SF,IF2004,2020-03-04 09:33:01.800,4090.0000,6996,0,143342640.000,0,-,-,-,-,4088.6000,4087.4000,4087.2000,4086.4000,4085.0000,4090.0000,4090.2000,4090.8000,4091.2000,4092.4000,1,1,3,1,1,1,1,1,1,2
SF,IF2004,2020-03-04 09:33:02.300,4090.0000,6996,0,143342640.000,0,-,-,-,-,4087.4000,4087.2000,4086.4000,4085.0000,4084.8000,4090.0000,4090.2000,4090.8000,4091.2000,4092.4000,1,3,1,1,1,1,1,1,1,2
SF,IF2004,2020-03-04 09:33:02.800,4090.0000,6996,0,143342640.000,0,-,-,-,-,4087.6000,4087.4000,4087.2000,4086.4000,4085.0000,4090.2000,4090.8000,4091.2000,4092.4000,4092.6000,1,1,3,1,1,1,1,1,2,1
SF,IF2004,2020-03-04 09:33:03.300,4090.0000,6996,0,143342640.000,0,-,-,-,-,4087.6000,4087.2000,4086.4000,4085.0000,4084.8000,4090.0000,4090.2000,4091.2000,4092.4000,4092.6000,1,2,1,1,1,1,1,1,2,1
SF,IF2004,2020-03-04 09:33:03.800,4090.0000,6996,0,143342640.000,0,-,-,-,-,4087.8000,4087.6000,4087.2000,4086.4000,4085.0000,4089.6000,4090.0000,4090.2000,4091.2000,4092.4000,1,1,2,1,1,1,1,1,1,2
SF,IF2004,2020-03-04 09:33:04.300,4090.0000,6996,0,144569640.000,1,0,1,多换,S,4087.8000,4087.6000,4087.2000,4086.4000,4085.0000,4090.0000,4090.2000,4091.2000,4092.4000,4092.6000,1,1,2,1,1,1,1,1,2,1
SF,IF2004,2020-03-04 09:33:04.800,4090.0000,6996,0,144569640.000,0,-,-,-,-,4088.0000,4087.8000,4087.2000,4086.4000,4085.0000,4090.0000,4090.2000,4091.2000,4092.4000,4092.6000,1,1,2,1,1,1,1,1,2,1
SF,IF2004,2020-03-04 09:33:05.800,4090.0000,6996,0,144569640.000,0,-,-,-,-,4088.0000,4087.8000,4087.2000,4086.4000,4085.0000,4090.0000,4090.2000,4091.2000,4092.4000,4092.6000,1,1,2,1,1,1,1,1,2,1
SF,IF2004,2020-03-04 09:33:06.300,4090.0000,6996,0,144569640.000,0,-,-,-,-,4088.0000,4087.8000,4087.2000,4086.4000,4085.0000,4090.0000,4090.2000,4091.2000,4092.4000,4092.6000,1,1,2,1,1,1,1,1,2,1
SF,IF2004,2020-03-04 09:33:06.800,4090.0000,6996,0,144569640.000,0,-,-,-,-,4088.0000,4087.2000,4086.4000,4085.0000,4084.8000,4089.8000,4090.0000,4091.2000,4092.4000,4092.6000,1,1,1,1,1,1,1,1,2,1
SF,IF2004,2020-03-04 09:33:07.300,4088.0000,6996,0,145796040.000,1,0,1,多换,S,4086.4000,4085.0000,4084.8000,4083.2000,4083.0000,4089.6000,4089.8000,4092.4000,4092.6000,4092.8000,1,1,1,2,1,1,4,2,1,2
SF,IF2004,2020-03-04 09:33:07.800,4088.0000,6996,0,145796040.000,0,-,-,-,-,4086.4000,4085.0000,4084.8000,4083.2000,4083.0000,4089.4000,4089.6000,4089.8000,4092.4000,4092.6000,1,1,1,2,1,3,1,3,2,1
SF,IF2004,2020-03-04 09:33:08.300,4088.0000,6996,0,145796040.000,0,-,-,-,-,4085.0000,4084.8000,4083.2000,4083.0000,4080.0000,4089.2000,4089.4000,4089.8000,4092.6000,4092.8000,1,1,2,1,5,1,3,2,1,2
SF,IF2004,2020-03-04 09:33:08.800,4088.0000,6996,0,145796040.000,0,-,-,-,-,4085.4000,4085.2000,4085.0000,4084.8000,4083.2000,4088.8000,4089.0000,4089.2000,4089.4000,4089.8000,2,4,2,1,2,1,3,2,1,2
SF,IF2004,2020-03-04 09:33:09.300,4088.0000,6996,0,145796040.000,0,-,-,-,-,4085.8000,4085.6000,4085.4000,4085.2000,4085.0000,4088.6000,4088.8000,4089.2000,4089.4000,4089.8000,1,1,2,3,2,2,1,2,1,2
SF,IF2004,2020-03-04 09:33:09.800,4085.8000,6995,-1,147021780.000,1,0,1,双平,S,4085.4000,4085.2000,4085.0000,4084.8000,4083.2000,4088.4000,4088.6000,4088.8000,4089.2000,4089.4000,1,3,2,1,2,1,4,1,1,1
SF,IF2004,2020-03-04 09:33:10.300,4085.8000,6995,0,147021780.000,0,-,-,-,-,4085.4000,4084.8000,4083.2000,4083.0000,4080.0000,4088.2000,4088.4000,4088.6000,4088.8000,4089.2000,1,1,2,1,5,2,2,2,1,1
SF,IF2004,2020-03-04 09:33:10.800,4085.8000,6995,0,147021780.000,0,-,-,-,-,4085.4000,4084.8000,4083.2000,4083.0000,4080.0000,4088.0000,4088.2000,4088.4000,4088.6000,4089.2000,2,1,2,1,5,1,4,1,2,1
SF,IF2004,2020-03-04 09:33:11.300,4085.4000,6994,-1,148247400.000,1,0,1,双平,S,4085.4000,4084.8000,4083.2000,4083.0000,4080.0000,4087.8000,4088.0000,4088.2000,4088.6000,4089.2000,1,1,2,1,5,3,1,1,2,1
SF,IF2004,2020-03-04 09:33:11.800,4085.4000,6994,0,148247400.000,0,-,-,-,-,4085.4000,4084.8000,4083.2000,4083.0000,4080.0000,4087.6000,4087.8000,4088.2000,4088.6000,4089.2000,1,1,2,1,5,1,3,1,2,1
SF,IF2004,2020-03-04 09:33:12.300,4085.4000,6994,0,148247400.000,0,-,-,-,-,4085.4000,4084.8000,4083.2000,4083.0000,4080.0000,4087.4000,4087.6000,4087.8000,4088.2000,4088.6000,1,1,2,1,5,1,1,1,1,2
SF,IF2004,2020-03-04 09:33:12.800,4085.4000,6994,0,148247400.000,0,-,-,-,-,4085.6000,4085.4000,4084.8000,4083.2000,4083.0000,4087.4000,4087.6000,4087.8000,4088.2000,4088.6000,1,1,1,2,1,1,1,1,1,2
SF,IF2004,2020-03-04 09:33:13.800,4085.4000,6994,0,148247400.000,0,-,-,-,-,4085.6000,4085.4000,4083.2000,4083.0000,4080.0000,4087.4000,4087.6000,4087.8000,4088.2000,4088.6000,1,1,2,1,5,1,1,1,1,2
SF,IF2004,2020-03-04 09:33:14.300,4085.4000,6994,0,148247400.000,0,-,-,-,-,4085.6000,4085.4000,4083.2000,4083.0000,4080.0000,4087.2000,4087.4000,4088.2000,4088.6000,4089.2000,1,1,1,1,5,2,1,1,2,1
SF,IF2004,2020-03-04 09:33:14.800,4085.4000,6994,0,148247400.000,0,-,-,-,-,4085.6000,4085.4000,4083.0000,4080.0000,4073.8000,4087.2000,4087.4000,4088.2000,4088.6000,4089.2000,1,1,1,5,1,2,1,1,2,1
SF,IF2004,2020-03-04 09:33:15.800,4087.2000,6993,-1,149473560.000,1,0,1,双平,S,4085.8000,4085.4000,4083.0000,4080.0000,4073.8000,4087.2000,4087.4000,4088.2000,4088.6000,4089.2000,1,1,1,5,1,1,1,1,2,1
SF,IF2004,2020-03-04 09:33:16.300,4087.4000,6992,-1,151925940.000,2,0,2,多平,S,4085.8000,4085.4000,4083.0000,4080.0000,4073.8000,4088.2000,4088.6000,4089.2000,4089.4000,4089.8000,1,1,1,5,1,1,2,1,1,1
SF,IF2004,2020-03-04 09:33:16.800,4087.4000,6992,0,151925940.000,0,-,-,-,-,4086.2000,4086.0000,4085.4000,4083.0000,4080.0000,4089.2000,4089.4000,4089.8000,4093.2000,4093.4000,2,2,1,1,5,1,1,1,1,3
SF,IF2004,2020-03-04 09:33:17.300,4087.4000,6992,0,151925940.000,0,-,-,-,-,4086.4000,4086.2000,4086.0000,4085.4000,4083.0000,4089.2000,4089.8000,4093.2000,4093.4000,4094.0000,3,2,1,1,1,1,1,1,3,1
SF,IF2004,2020-03-04 09:33:17.800,4087.4000,6992,0,151925940.000,0,-,-,-,-,4086.8000,4086.4000,4086.0000,4085.4000,4083.0000,4089.8000,4093.2000,4093.4000,4094.0000,4094.8000,2,5,2,1,1,1,1,3,1,1
SF,IF2004,2020-03-04 09:33:18.300,4087.4000,6992,0,151925940.000,0,-,-,-,-,4087.0000,4086.4000,4085.4000,4083.0000,4080.0000,4089.6000,4089.8000,4093.2000,4093.4000,4094.0000,1,2,1,1,5,6,1,1,3,1
SF,IF2004,2020-03-04 09:33:18.800,4087.4000,6992,0,151925940.000,0,-,-,-,-,4087.2000,4087.0000,4086.4000,4085.4000,4083.0000,4089.6000,4089.8000,4093.2000,4093.4000,4094.0000,1,1,2,1,1,2,1,1,3,1
SF,IF2004,2020-03-04 09:33:19.300,4087.4000,6992,0,151925940.000,0,-,-,-,-,4087.4000,4086.4000,4085.4000,4083.0000,4080.0000,4089.6000,4089.8000,4093.2000,4093.4000,4094.0000,1,2,1,1,5,1,1,1,3,1
SF,IF2004,2020-03-04 09:33:19.800,4087.4000,6992,0,153152160.000,1,0,1,多换,S,4086.4000,4085.4000,4083.0000,4080.0000,4073.8000,4089.4000,4089.6000,4089.8000,4093.2000,4093.4000,1,1,1,5,1,5,2,1,1,3
SF,IF2004,2020-03-04 09:33:20.300,4087.4000,6992,0,153152160.000,0,-,-,-,-,4085.4000,4083.0000,4080.0000,4073.8000,4070.0000,4089.2000,4089.4000,4089.6000,4089.8000,4093.2000,1,1,5,1,7,1,4,1,1,1
SF,IF2004,2020-03-04 09:33:20.800,4087.4000,6992,0,153152160.000,0,-,-,-,-,4085.6000,4085.4000,4083.0000,4080.0000,4073.8000,4089.0000,4089.2000,4089.4000,4089.6000,4089.8000,1,1,1,5,1,3,2,3,1,1
SF,IF2004,2020-03-04 09:33:21.300,4087.4000,6992,0,153152160.000,0,-,-,-,-,4085.6000,4085.4000,4085.2000,4083.0000,4080.0000,4087.2000,4088.8000,4089.0000,4089.4000,4089.8000,2,1,1,1,5,1,1,2,2,1
SF,IF2004,2020-03-04 09:33:21.800,4087.4000,6992,0,153152160.000,0,-,-,-,-,4086.0000,4085.8000,4085.6000,4085.4000,4085.2000,4087.2000,4088.8000,4089.0000,4089.4000,4089.8000,1,2,2,1,1,1,3,2,1,1
SF,IF2004,2020-03-04 09:33:22.300,4087.4000,6992,0,153152160.000,0,-,-,-,-,4086.2000,4086.0000,4085.6000,4085.4000,4083.0000,4087.2000,4088.8000,4089.0000,4089.4000,4089.8000,2,1,2,1,1,1,3,2,1,1
SF,IF2004,2020-03-04 09:33:23.300,4087.4000,6992,0,153152160.000,0,-,-,-,-,4085.6000,4085.4000,4083.0000,4080.0000,4073.8000,4087.2000,4088.8000,4089.0000,4089.4000,4089.8000,2,1,1,5,1,1,3,2,1,1
SF,IF2004,2020-03-04 09:33:23.800,4087.4000,6992,0,153152160.000,0,-,-,-,-,4086.4000,4085.8000,4085.6000,4085.4000,4083.0000,4086.8000,4087.2000,4088.8000,4089.0000,4089.4000,1,1,2,1,1,1,1,3,2,1
SF,IF2004,2020-03-04 09:33:24.300,4087.4000,6992,0,153152160.000,0,-,-,-,-,4086.4000,4085.6000,4085.4000,4083.0000,4080.0000,4086.8000,4087.2000,4089.0000,4089.4000,4089.8000,1,2,1,1,5,1,1,2,1,1
SF,IF2004,2020-03-04 09:33:25.300,4086.8000,6991,-1,154378200.000,1,0,1,双平,S,4086.4000,4085.6000,4085.4000,4083.0000,4080.0000,4087.2000,4089.0000,4089.4000,4089.8000,4093.2000,1,2,1,1,5,1,2,1,1,1
SF,IF2004,2020-03-04 09:33:25.800,4086.4000,6990,-1,155604120.000,1,0,1,双平,S,4085.6000,4085.4000,4083.0000,4080.0000,4073.8000,4087.2000,4089.0000,4089.4000,4089.8000,4093.2000,2,1,1,5,1,1,2,1,1,1
SF,IF2004,2020-03-04 09:33:26.300,4086.4000,6990,0,155604120.000,0,-,-,-,-,4085.8000,4085.6000,4085.4000,4083.0000,4080.0000,4087.2000,4089.0000,4089.4000,4089.8000,4093.2000,1,2,1,1,5,1,2,1,1,1
SF,IF2004,2020-03-04 09:33:26.800,4086.4000,6990,0,155604120.000,0,-,-,-,-,4086.2000,4086.0000,4085.4000,4083.0000,4080.0000,4087.2000,4089.0000,4089.4000,4089.8000,4093.2000,1,2,1,1,5,1,2,1,1,1
SF,IF2004,2020-03-04 09:33:28.800,4086.0000,6989,-1,156829920.000,1,0,1,双平,S,4086.0000,4085.4000,4083.0000,4080.0000,4073.8000,4087.2000,4089.0000,4089.4000,4089.8000,4093.2000,1,1,1,5,1,1,2,1,1,1
SF,IF2004,2020-03-04 09:33:29.300,4086.0000,6989,0,156829920.000,0,-,-,-,-,4085.4000,4083.0000,4080.0000,4073.8000,4070.0000,4087.0000,4087.2000,4089.0000,4089.4000,4089.8000,1,1,5,1,7,1,1,2,1,1
SF,IF2004,2020-03-04 09:33:29.800,4086.0000,6989,0,156829920.000,0,-,-,-,-,4085.4000,4083.0000,4080.0000,4073.8000,4070.0000,4087.0000,4087.2000,4089.0000,4089.4000,4089.8000,1,1,5,1,7,1,1,2,1,1
SF,IF2004,2020-03-04 09:33:30.300,4085.4000,6988,-1,158055540.000,1,0,1,双平,S,4083.0000,4080.0000,4073.8000,4070.0000,4061.4000,4086.8000,4087.2000,4089.0000,4089.4000,4089.8000,1,5,1,7,1,2,1,2,1,1
SF,IF2004,2020-03-04 09:33:30.800,4085.4000,6988,0,158055540.000,0,-,-,-,-,4084.8000,4084.6000,4083.2000,4083.0000,4080.0000,4086.6000,4086.8000,4087.2000,4089.0000,4089.4000,1,3,7,1,5,1,1,1,1,1
SF,IF2004,2020-03-04 09:33:31.300,4085.4000,6988,0,158055540.000,0,-,-,-,-,4084.6000,4084.4000,4083.2000,4083.0000,4080.0000,4086.4000,4086.6000,4087.2000,4089.0000,4089.4000,2,1,7,1,5,1,1,1,1,1
SF,IF2004,2020-03-04 09:33:31.800,4085.4000,6988,0,158055540.000,0,-,-,-,-,4084.6000,4083.2000,4083.0000,4080.0000,4073.8000,4086.4000,4086.6000,4087.2000,4089.0000,4089.4000,1,7,1,5,1,1,1,1,1,1
SF,IF2004,2020-03-04 09:33:32.300,4085.4000,6988,0,158055540.000,0,-,-,-,-,4083.2000,4083.0000,4080.0000,4073.8000,4070.0000,4086.6000,4087.2000,4089.0000,4089.4000,4089.8000,5,1,5,1,7,1,1,1,1,1
SF,IF2004,2020-03-04 09:33:32.800,4085.4000,6988,0,158055540.000,0,-,-,-,-,4084.0000,4083.8000,4083.4000,4083.2000,4083.0000,4086.6000,4087.2000,4089.0000,4089.4000,4089.8000,1,1,1,6,1,1,1,1,1,1
SF,IF2004,2020-03-04 09:33:33.300,4085.4000,6988,0,158055540.000,0,-,-,-,-,4084.6000,4084.2000,4084.0000,4083.8000,4083.4000,4086.6000,4089.0000,4089.4000,4089.8000,4091.2000,1,3,1,1,1,1,1,1,1,3
SF,IF2004,2020-03-04 09:33:33.800,4085.4000,6988,0,158055540.000,0,-,-,-,-,4084.2000,4084.0000,4083.8000,4083.4000,4083.2000,4086.4000,4086.6000,4089.0000,4089.4000,4089.8000,2,1,1,1,4,1,1,1,1,1
SF,IF2004,2020-03-04 09:33:34.300,4085.4000,6988,0,158055540.000,0,-,-,-,-,4084.2000,4084.0000,4083.8000,4083.6000,4083.4000,4086.2000,4086.4000,4089.0000,4089.4000,4089.8000,2,1,1,1,1,1,1,1,1,1
SF,IF2004,2020-03-04 09:33:34.800,4085.4000,6988,0,158055540.000,0,-,-,-,-,4084.2000,4084.0000,4083.8000,4083.6000,4083.4000,4086.2000,4089.0000,4089.4000,4089.8000,4091.2000,2,1,1,1,1,1,1,1,1,3
SF,IF2004,2020-03-04 09:33:35.300,4085.4000,6988,0,158055540.000,0,-,-,-,-,4084.2000,4084.0000,4083.8000,4083.6000,4083.2000,4086.2000,4089.0000,4089.4000,4089.8000,4091.2000,2,1,1,1,3,1,1,1,1,3
SF,IF2004,2020-03-04 09:33:35.800,4085.4000,6988,0,158055540.000,0,-,-,-,-,4084.2000,4083.8000,4083.2000,4083.0000,4080.0000,4086.0000,4086.2000,4089.0000,4089.4000,4089.8000,2,1,3,1,5,1,1,1,1,1
SF,IF2004,2020-03-04 09:33:36.300,4085.4000,6988,0,158055540.000,0,-,-,-,-,4084.4000,4084.2000,4083.8000,4083.2000,4083.0000,4086.0000,4086.2000,4089.0000,4089.4000,4089.8000,1,2,1,3,1,1,1,1,1,1
SF,IF2004,2020-03-04 09:33:36.800,4085.4000,6988,0,158055540.000,0,-,-,-,-,4084.4000,4084.2000,4083.8000,4083.2000,4083.0000,4086.2000,4089.0000,4089.4000,4089.8000,4091.2000,1,2,1,3,1,1,1,1,1,3
SF,IF2004,2020-03-04 09:33:38.300,4084.8000,6988,0,160506840.000,2,1,1,多换,S,4084.6000,4084.4000,4084.2000,4083.8000,4083.2000,4089.0000,4089.4000,4089.8000,4091.2000,4093.2000,1,1,1,1,3,1,1,1,3,1
SF,IF2004,2020-03-04 09:33:38.800,4084.8000,6988,0,160506840.000,0,-,-,-,-,4084.6000,4084.4000,4084.2000,4083.2000,4083.0000,4088.2000,4088.8000,4089.0000,4089.4000,4089.8000,2,1,1,3,1,1,4,1,1,1
SF,IF2004,2020-03-04 09:33:39.300,4084.8000,6988,0,160506840.000,0,-,-,-,-,4084.8000,4084.6000,4084.4000,4083.2000,4083.0000,4088.2000,4088.8000,4089.0000,4089.4000,4089.8000,3,3,1,3,1,1,3,1,1,1
SF,IF2004,2020-03-04 09:33:39.800,4084.8000,6988,0,160506840.000,0,-,-,-,-,4085.2000,4085.0000,4084.8000,4084.6000,4084.4000,4088.0000,4088.8000,4089.0000,4089.4000,4089.8000,2,3,4,2,1,1,2,1,1,1
SF,IF2004,2020-03-04 09:33:40.300,4084.8000,6988,0,160506840.000,0,-,-,-,-,4084.8000,4084.6000,4083.2000,4083.0000,4080.0000,4087.6000,4088.0000,4088.8000,4089.4000,4089.8000,1,1,1,1,5,2,4,2,1,1
SF,IF2004,2020-03-04 09:33:40.800,4084.8000,6988,0,160506840.000,0,-,-,-,-,4084.8000,4084.6000,4083.2000,4083.0000,4080.0000,4087.4000,4087.6000,4088.0000,4088.8000,4089.4000,1,1,1,1,5,1,2,3,2,1
SF,IF2004,2020-03-04 09:33:41.300,4084.8000,6988,0,160506840.000,0,-,-,-,-,4085.4000,4085.2000,4085.0000,4084.8000,4084.6000,4088.0000,4088.8000,4089.4000,4089.8000,4091.2000,1,1,9,1,1,1,1,1,1,3
SF,IF2004,2020-03-04 09:33:41.800,4084.8000,6988,0,160506840.000,0,-,-,-,-,4085.6000,4085.0000,4084.6000,4083.2000,4083.0000,4087.6000,4088.8000,4089.4000,4089.8000,4091.2000,1,1,1,1,1,1,1,1,1,3
SF,IF2004,2020-03-04 09:33:42.300,4084.8000,6988,0,160506840.000,0,-,-,-,-,4085.8000,4085.6000,4085.0000,4084.6000,4083.2000,4087.6000,4088.8000,4089.4000,4089.8000,4091.2000,1,1,2,1,1,1,1,1,1,3
SF,IF2004,2020-03-04 09:33:42.800,4084.8000,6988,0,160506840.000,0,-,-,-,-,4086.0000,4085.8000,4085.0000,4084.6000,4083.2000,4088.8000,4089.4000,4089.8000,4091.2000,4093.2000,1,1,2,1,1,1,1,1,3,1
SF,IF2004,2020-03-04 09:33:43.300,4084.8000,6988,0,160506840.000,0,-,-,-,-,4086.2000,4085.0000,4084.6000,4083.2000,4083.0000,4088.4000,4088.6000,4088.8000,4089.4000,4089.8000,1,2,1,1,1,2,1,1,1,1
SF,IF2004,2020-03-04 09:33:43.800,4084.8000,6988,0,160506840.000,0,-,-,-,-,4086.2000,4085.0000,4084.6000,4083.2000,4083.0000,4088.2000,4088.4000,4088.6000,4088.8000,4089.4000,1,2,1,1,1,1,2,1,1,1
SF,IF2004,2020-03-04 09:33:44.300,4084.8000,6988,0,160506840.000,0,-,-,-,-,4086.2000,4085.0000,4084.6000,4083.2000,4083.0000,4088.2000,4088.8000,4089.4000,4089.8000,4091.2000,1,2,1,1,1,1,1,1,1,3
SF,IF2004,2020-03-04 09:33:46.300,4084.8000,6988,0,160506840.000,0,-,-,-,-,4086.2000,4085.2000,4085.0000,4084.6000,4083.2000,4088.0000,4088.2000,4088.8000,4089.4000,4089.8000,1,1,2,1,1,2,1,1,1,1
SF,IF2004,2020-03-04 09:33:46.800,4084.8000,6988,0,160506840.000,0,-,-,-,-,4085.2000,4085.0000,4084.6000,4083.2000,4083.0000,4087.6000,4087.8000,4088.0000,4088.8000,4089.4000,1,2,1,1,1,2,1,1,1,1
SF,IF2004,2020-03-04 09:33:47.300,4084.8000,6988,0,160506840.000,0,-,-,-,-,4085.0000,4084.6000,4083.2000,4083.0000,4080.0000,4087.2000,4087.4000,4087.8000,4088.0000,4088.8000,1,1,1,1,5,2,1,2,1,1
SF,IF2004,2020-03-04 09:33:47.800,4084.8000,6988,0,160506840.000,0,-,-,-,-,4085.0000,4083.2000,4083.0000,4080.0000,4070.0000,4087.0000,4087.2000,4087.4000,4087.8000,4088.0000,1,1,1,5,7,1,2,2,1,1
SF,IF2004,2020-03-04 09:33:48.300,4085.0000,6987,-1,161732340.000,1,0,1,双平,S,4083.2000,4083.0000,4080.0000,4070.0000,4061.4000,4086.8000,4087.0000,4087.4000,4087.8000,4088.0000,1,1,5,7,1,2,3,1,1,1
SF,IF2004,2020-03-04 09:33:48.800,4085.0000,6987,0,161732340.000,0,-,-,-,-,4083.4000,4083.2000,4083.0000,4080.0000,4070.0000,4086.6000,4086.8000,4087.0000,4087.4000,4087.8000,4,1,1,5,7,3,1,1,1,1
SF,IF2004,2020-03-04 09:33:49.300,4085.0000,6987,0,161732340.000,0,-,-,-,-,4083.4000,4083.2000,4083.0000,4080.0000,4070.0000,4086.4000,4086.6000,4086.8000,4087.0000,4087.4000,2,1,1,5,7,5,3,1,1,1
SF,IF2004,2020-03-04 09:33:49.800,4085.0000,6987,0,161732340.000,0,-,-,-,-,4083.4000,4083.2000,4083.0000,4075.0000,4070.0000,4085.8000,4086.2000,4086.6000,4086.8000,4087.0000,2,1,1,5,7,2,3,1,1,1
SF,IF2004,2020-03-04 09:33:50.300,4085.0000,6987,0,161732340.000,0,-,-,-,-,4083.4000,4083.0000,4075.0000,4070.0000,4061.4000,4085.6000,4085.8000,4086.2000,4086.6000,4086.8000,2,1,5,7,1,5,2,4,1,1
SF,IF2004,2020-03-04 09:33:50.800,4085.0000,6987,0,161732340.000,0,-,-,-,-,4083.4000,4083.0000,4075.0000,4070.0000,4061.4000,4086.2000,4086.6000,4086.8000,4087.0000,4087.4000,1,1,5,7,1,4,1,1,1,1
SF,IF2004,2020-03-04 09:33:51.300,4085.0000,6987,0,161732340.000,0,-,-,-,-,4083.0000,4075.0000,4070.0000,4061.4000,4061.2000,4085.2000,4086.2000,4086.6000,4086.8000,4087.0000,1,5,7,1,7,1,4,1,1,1
SF,IF2004,2020-03-04 09:33:51.800,4085.0000,6987,0,161732340.000,0,-,-,-,-,4083.0000,4075.0000,4070.0000,4061.4000,4061.2000,4086.2000,4086.6000,4086.8000,4087.0000,4087.8000,1,5,7,1,7,4,1,1,1,1
SF,IF2004,2020-03-04 09:33:52.300,4085.0000,6987,0,161732340.000,0,-,-,-,-,4083.4000,4083.0000,4075.0000,4070.0000,4061.4000,4086.2000,4086.6000,4086.8000,4087.0000,4087.8000,1,1,5,7,1,4,1,1,1,1
SF,IF2004,2020-03-04 09:33:52.800,4085.0000,6987,0,161732340.000,0,-,-,-,-,4083.0000,4075.0000,4070.0000,4061.4000,4061.2000,4085.8000,4086.2000,4086.6000,4086.8000,4087.0000,1,5,7,1,7,2,4,1,1,1
SF,IF2004,2020-03-04 09:33:53.300,4085.0000,6987,0,161732340.000,0,-,-,-,-,4083.0000,4075.0000,4070.0000,4061.4000,4061.2000,4085.4000,4085.6000,4086.2000,4086.4000,4086.6000,1,5,7,1,7,2,1,3,1,1
SF,IF2004,2020-03-04 09:33:53.800,4085.0000,6987,0,161732340.000,0,-,-,-,-,4083.0000,4075.0000,4070.0000,4061.4000,4061.2000,4085.0000,4085.2000,4086.2000,4086.4000,4086.6000,1,5,7,1,7,2,1,3,1,1
SF,IF2004,2020-03-04 09:33:54.300,4085.0000,6987,0,161732340.000,0,-,-,-,-,4083.0000,4075.0000,4070.0000,4061.4000,4061.2000,4084.8000,4085.2000,4086.2000,4086.4000,4086.6000,1,5,7,1,7,3,1,3,1,1
SF,IF2004,2020-03-04 09:33:54.800,4085.0000,6987,0,161732340.000,0,-,-,-,-,4083.0000,4075.0000,4070.0000,4061.4000,4061.2000,4084.8000,4086.2000,4086.6000,4086.8000,4087.8000,1,5,7,1,7,1,3,1,1,1
SF,IF2004,2020-03-04 09:33:55.300,4085.0000,6987,0,161732340.000,0,-,-,-,-,4083.2000,4083.0000,4075.0000,4070.0000,4061.4000,4084.8000,4086.2000,4086.6000,4086.8000,4087.8000,1,1,5,7,1,1,3,1,1,1
SF,IF2004,2020-03-04 09:33:55.800,4085.0000,6987,0,161732340.000,0,-,-,-,-,4083.0000,4075.0000,4070.0000,4061.4000,4061.2000,4084.4000,4084.6000,4084.8000,4086.2000,4086.6000,1,5,7,1,7,1,1,1,3,1
SF,IF2004,2020-03-04 09:33:56.300,4085.0000,6987,0,161732340.000,0,-,-,-,-,4083.0000,4075.0000,4070.0000,4061.4000,4061.2000,4084.4000,4084.6000,4084.8000,4086.2000,4086.8000,1,5,7,1,7,1,1,1,3,1
SF,IF2004,2020-03-04 09:33:56.800,4085.0000,6987,0,161732340.000,0,-,-,-,-,4083.0000,4075.0000,4070.0000,4061.4000,4061.2000,4084.2000,4084.4000,4084.6000,4086.2000,4086.8000,1,5,7,1,7,1,1,1,3,1
SF,IF2004,2020-03-04 09:33:57.300,4085.0000,6987,0,161732340.000,0,-,-,-,-,4083.0000,4075.0000,4070.0000,4061.4000,4061.2000,4084.2000,4086.2000,4086.8000,4087.8000,4090.0000,1,5,7,1,7,1,2,1,1,5
SF,IF2004,2020-03-04 09:33:57.800,4085.0000,6987,0,161732340.000,0,-,-,-,-,4083.0000,4075.0000,4070.0000,4061.4000,4061.2000,4084.0000,4086.2000,4086.8000,4087.8000,4090.0000,1,5,7,1,7,2,2,1,1,5
SF,IF2004,2020-03-04 09:33:58.300,4085.0000,6987,0,161732340.000,0,-,-,-,-,4083.0000,4075.0000,4070.0000,4061.4000,4061.2000,4086.2000,4086.8000,4087.8000,4090.0000,4091.2000,1,5,7,1,7,2,1,1,5,3
SF,IF2004,2020-03-04 09:33:58.800,4085.0000,6987,0,161732340.000,0,-,-,-,-,4083.0000,4075.0000,4070.0000,4061.4000,4061.2000,4086.0000,4086.2000,4086.4000,4086.8000,4087.8000,1,5,7,1,7,2,2,1,1,1
SF,IF2004,2020-03-04 09:33:59.300,4085.0000,6987,0,161732340.000,0,-,-,-,-,4083.0000,4075.0000,4070.0000,4061.4000,4061.2000,4086.0000,4086.2000,4086.8000,4087.8000,4090.0000,1,5,7,1,7,1,3,1,1,5
SF,IF2004,2020-03-04 09:33:59.800,4085.0000,6987,0,161732340.000,0,-,-,-,-,4083.2000,4083.0000,4075.0000,4070.0000,4061.4000,4086.0000,4086.2000,4086.8000,4087.8000,4090.0000,1,1,5,7,1,1,3,1,1,5
SF,IF2004,2020-03-04 09:34:00.300,4085.0000,6987,0,161732340.000,0,-,-,-,-,4083.4000,4083.2000,4083.0000,4075.0000,4070.0000,4086.0000,4086.2000,4086.8000,4087.8000,4090.0000,1,2,1,5,7,1,3,1,1,5
SF,IF2004,2020-03-04 09:34:01.300,4085.0000,6987,0,161732340.000,0,-,-,-,-,4083.6000,4083.4000,4083.2000,4083.0000,4075.0000,4086.0000,4086.2000,4086.8000,4087.8000,4090.0000,1,1,3,1,5,1,3,1,1,5
SF,IF2004,2020-03-04 09:34:01.800,4085.0000,6987,0,161732340.000,0,-,-,-,-,4083.6000,4083.4000,4083.2000,4083.0000,4075.0000,4085.6000,4086.0000,4086.2000,4086.8000,4087.8000,1,1,2,1,5,2,1,3,1,1
SF,IF2004,2020-03-04 09:34:02.300,4085.0000,6987,0,161732340.000,0,-,-,-,-,4083.8000,4083.0000,4075.0000,4070.0000,4061.4000,4085.0000,4085.4000,4085.6000,4085.8000,4086.2000,1,1,5,7,1,1,1,2,2,2
SF,IF2004,2020-03-04 09:34:02.800,4083.8000,6986,-1,162957480.000,1,0,1,双平,S,4083.0000,4075.0000,4070.0000,4061.4000,4061.2000,4084.8000,4085.0000,4085.4000,4085.8000,4086.2000,1,5,7,1,7,3,1,2,1,2
SF,IF2004,2020-03-04 09:34:03.300,4084.4000,6985,-1,164182800.000,1,0,1,双平,S,4083.0000,4075.0000,4070.0000,4061.4000,4061.2000,4084.4000,4084.8000,4085.0000,4085.4000,4085.8000,1,5,7,1,7,1,1,1,2,1
SF,IF2004,2020-03-04 09:34:03.800,4083.0000,6985,0,165407700.000,1,0,1,多换,S,4075.0000,4070.0000,4061.4000,4061.2000,4060.2000,4084.0000,4084.2000,4084.6000,4084.8000,4085.0000,5,7,1,7,17,1,2,3,1,1
SF,IF2004,2020-03-04 09:34:04.300,4083.0000,6985,0,165407700.000,0,-,-,-,-,4080.4000,4080.2000,4080.0000,4079.6000,4079.4000,4083.8000,4084.2000,4084.6000,4084.8000,4085.0000,1,1,2,1,3,2,2,2,1,2
SF,IF2004,2020-03-04 09:34:04.800,4083.0000,6985,0,165407700.000,0,-,-,-,-,4080.6000,4080.4000,4080.2000,4080.0000,4079.6000,4083.8000,4084.2000,4084.6000,4084.8000,4085.0000,2,1,1,2,1,3,2,2,1,2
SF,IF2004,2020-03-04 09:34:05.300,4083.0000,6985,0,165407700.000,0,-,-,-,-,4080.6000,4080.4000,4080.2000,4080.0000,4079.6000,4083.6000,4083.8000,4084.2000,4084.6000,4084.8000,2,1,1,2,1,1,1,2,2,1
SF,IF2004,2020-03-04 09:34:05.800,4083.0000,6985,0,165407700.000,0,-,-,-,-,4080.6000,4080.4000,4080.2000,4080.0000,4079.6000,4083.0000,4083.6000,4083.8000,4084.2000,4084.6000,2,1,1,2,1,1,1,1,2,2
SF,IF2004,2020-03-04 09:34:06.300,4083.0000,6985,0,165407700.000,0,-,-,-,-,4080.6000,4080.4000,4080.0000,4079.6000,4079.4000,4082.6000,4082.8000,4083.4000,4084.2000,4084.6000,1,1,1,1,2,1,1,3,2,2
SF,IF2004,2020-03-04 09:34:06.800,4083.0000,6985,0,165407700.000,0,-,-,-,-,4080.6000,4080.0000,4079.6000,4079.4000,4078.8000,4082.6000,4082.8000,4083.4000,4084.2000,4084.6000,1,1,1,2,2,1,1,3,2,1
SF,IF2004,2020-03-04 09:34:07.300,4083.0000,6985,0,165407700.000,0,-,-,-,-,4080.8000,4080.6000,4080.0000,4079.6000,4079.4000,4083.4000,4084.2000,4084.6000,4084.8000,4085.0000,1,1,1,1,2,2,2,1,1,2
SF,IF2004,2020-03-04 09:34:07.800,4083.0000,6985,0,165407700.000,0,-,-,-,-,4080.8000,4080.0000,4079.6000,4079.4000,4078.8000,4082.4000,4083.2000,4083.4000,4084.2000,4084.6000,1,1,1,2,2,1,1,2,2,1
SF,IF2004,2020-03-04 09:34:08.300,4083.0000,6985,0,165407700.000,0,-,-,-,-,4081.0000,4080.8000,4080.0000,4079.6000,4079.4000,4084.2000,4084.6000,4084.8000,4085.0000,4086.2000,1,1,1,1,2,2,1,1,2,2
SF,IF2004,2020-03-04 09:34:08.800,4083.0000,6985,0,165407700.000,0,-,-,-,-,4080.0000,4079.6000,4079.4000,4078.8000,4077.4000,4084.0000,4084.2000,4084.6000,4084.8000,4085.0000,1,1,2,2,2,3,2,1,1,2
SF,IF2004,2020-03-04 09:34:09.300,4083.0000,6985,0,165407700.000,0,-,-,-,-,4080.6000,4080.2000,4080.0000,4079.6000,4079.4000,4084.6000,4085.0000,4086.2000,4090.0000,4091.2000,1,5,2,1,2,1,2,2,5,3
SF,IF2004,2020-03-04 09:34:09.800,4083.0000,6985,0,165407700.000,0,-,-,-,-,4080.8000,4080.6000,4080.2000,4080.0000,4079.6000,4084.4000,4084.6000,4085.0000,4086.2000,4090.0000,4,1,3,2,1,2,1,2,2,5
SF,IF2004,2020-03-04 09:34:10.300,4083.0000,6985,0,165407700.000,0,-,-,-,-,4081.0000,4080.8000,4080.6000,4080.2000,4080.0000,4084.4000,4084.6000,4085.0000,4086.2000,4090.0000,1,4,1,3,2,1,1,2,2,5
SF,IF2004,2020-03-04 09:34:10.800,4083.0000,6985,0,165407700.000,0,-,-,-,-,4081.2000,4081.0000,4080.8000,4080.6000,4080.2000,4084.4000,4084.6000,4085.0000,4086.2000,4090.0000,2,1,2,1,3,1,1,2,2,5
SF,IF2004,2020-03-04 09:34:11.300,4083.0000,6985,0,165407700.000,0,-,-,-,-,4081.2000,4081.0000,4080.8000,4080.6000,4080.2000,4084.4000,4084.6000,4085.0000,4086.2000,4090.0000,2,1,1,1,3,1,1,2,2,5
SF,IF2004,2020-03-04 09:34:11.800,4083.0000,6985,0,165407700.000,0,-,-,-,-,4081.8000,4081.4000,4081.2000,4080.8000,4080.6000,4084.6000,4085.0000,4086.2000,4090.0000,4091.2000,1,5,2,1,1,1,2,2,5,3
SF,IF2004,2020-03-04 09:34:12.300,4083.0000,6985,0,165407700.000,0,-,-,-,-,4082.0000,4081.8000,4081.4000,4081.2000,4080.8000,4084.6000,4085.0000,4086.2000,4090.0000,4091.2000,2,1,4,1,1,1,2,2,5,3
SF,IF2004,2020-03-04 09:34:12.800,4083.0000,6985,0,165407700.000,0,-,-,-,-,4082.0000,4081.8000,4081.4000,4081.2000,4080.8000,4084.2000,4085.0000,4086.2000,4090.0000,4091.2000,1,1,2,1,1,1,2,2,5,3
SF,IF2004,2020-03-04 09:34:13.300,4083.0000,6985,0,165407700.000,0,-,-,-,-,4082.0000,4081.8000,4081.4000,4081.2000,4080.8000,4084.2000,4085.0000,4086.2000,4090.0000,4091.2000,2,1,2,1,1,1,2,2,5,3
SF,IF2004,2020-03-04 09:34:13.800,4083.0000,6985,0,165407700.000,0,-,-,-,-,4082.0000,4081.8000,4081.4000,4081.2000,4080.6000,4084.2000,4085.0000,4086.2000,4090.0000,4091.2000,2,1,1,1,1,1,2,2,5,3
SF,IF2004,2020-03-04 09:34:14.300,4083.0000,6985,0,165407700.000,0,-,-,-,-,4082.0000,4081.8000,4081.4000,4081.2000,4080.6000,4085.0000,4086.2000,4090.0000,4091.2000,4093.2000,2,1,1,1,1,2,2,5,3,1
SF,IF2004,2020-03-04 09:34:14.800,4083.0000,6985,0,165407700.000,0,-,-,-,-,4082.0000,4081.8000,4081.2000,4080.6000,4080.2000,4084.4000,4084.8000,4085.0000,4085.2000,4086.2000,2,1,1,1,3,1,3,2,1,2
SF,IF2004,2020-03-04 09:34:15.300,4083.0000,6985,0,165407700.000,0,-,-,-,-,4082.0000,4081.2000,4080.6000,4080.2000,4080.0000,4084.0000,4084.2000,4084.6000,4084.8000,4085.0000,1,1,1,3,2,1,4,2,3,3
SF,IF2004,2020-03-04 09:34:15.800,4083.0000,6985,0,165407700.000,0,-,-,-,-,4082.0000,4080.6000,4080.2000,4080.0000,4079.6000,4083.8000,4084.2000,4084.6000,4084.8000,4085.0000,1,1,3,2,1,4,2,2,3,3
SF,IF2004,2020-03-04 09:34:16.300,4082.0000,6985,0,166632300.000,1,0,1,多换,S,4080.6000,4080.2000,4080.0000,4079.6000,4079.4000,4083.4000,4083.8000,4084.2000,4084.6000,4084.8000,1,3,2,1,2,1,4,2,2,3
SF,IF2004,2020-03-04 09:34:16.800,4082.0000,6985,0,166632300.000,0,-,-,-,-,4080.6000,4080.2000,4080.0000,4079.6000,4079.4000,4083.2000,4083.4000,4083.8000,4084.2000,4084.6000,1,1,2,1,2,1,1,3,2,2
SF,IF2004,2020-03-04 09:34:17.300,4082.0000,6985,0,166632300.000,0,-,-,-,-,4080.6000,4080.2000,4080.0000,4079.6000,4079.4000,4083.2000,4083.8000,4084.2000,4084.6000,4084.8000,1,1,2,1,2,1,3,2,2,4
SF,IF2004,2020-03-04 09:34:17.800,4082.0000,6985,0,166632300.000,0,-,-,-,-,4080.8000,4080.6000,4080.2000,4080.0000,4079.6000,4083.0000,4083.2000,4083.8000,4084.2000,4084.6000,2,2,1,2,1,1,1,3,2,2
SF,IF2004,2020-03-04 09:34:18.300,4082.0000,6985,0,166632300.000,0,-,-,-,-,4081.0000,4080.8000,4080.6000,4080.2000,4080.0000,4083.0000,4083.2000,4083.8000,4084.2000,4084.6000,1,2,2,1,2,1,1,3,2,2
SF,IF2004,2020-03-04 09:34:18.800,4082.0000,6985,0,166632300.000,0,-,-,-,-,4081.0000,4080.8000,4080.6000,4080.2000,4080.0000,4082.8000,4083.2000,4083.8000,4084.2000,4084.6000,1,2,2,1,2,1,1,3,2,2
SF,IF2004,2020-03-04 09:34:19.300,4082.0000,6985,0,166632300.000,0,-,-,-,-,4081.0000,4080.8000,4080.6000,4080.0000,4079.6000,4082.8000,4083.2000,4083.8000,4084.2000,4084.6000,1,1,1,1,1,1,1,3,2,2
SF,IF2004,2020-03-04 09:34:19.800,4082.0000,6985,0,166632300.000,0,-,-,-,-,4081.0000,4080.6000,4080.0000,4079.6000,4079.4000,4082.4000,4083.2000,4083.8000,4084.2000,4084.6000,1,1,1,1,2,1,1,3,2,2
SF,IF2004,2020-03-04 09:34:20.300,4082.0000,6985,0,166632300.000,0,-,-,-,-,4080.6000,4080.0000,4079.6000,4079.4000,4078.8000,4082.4000,4083.2000,4083.8000,4084.2000,4084.6000,1,1,1,2,1,1,1,3,2,2
SF,IF2004,2020-03-04 09:34:21.300,4082.0000,6985,0,166632300.000,0,-,-,-,-,4081.0000,4080.6000,4080.0000,4079.6000,4079.4000,4083.2000,4083.8000,4084.2000,4084.6000,4084.8000,1,1,1,1,2,1,3,2,2,3
SF,IF2004,2020-03-04 09:34:21.800,4082.0000,6985,0,166632300.000,0,-,-,-,-,4081.4000,4081.2000,4080.6000,4080.0000,4079.6000,4083.8000,4084.2000,4084.8000,4085.0000,4085.2000,1,3,1,1,1,1,1,2,2,1
SF,IF2004,2020-03-04 09:34:22.300,4082.0000,6985,0,166632300.000,0,-,-,-,-,4081.6000,4081.4000,4081.2000,4080.6000,4080.0000,4084.2000,4084.8000,4085.0000,4085.2000,4086.2000,2,1,1,1,1,1,2,2,1,2
SF,IF2004,2020-03-04 09:34:22.800,4082.0000,6985,0,166632300.000,0,-,-,-,-,4081.6000,4081.2000,4080.6000,4080.0000,4079.6000,4084.2000,4084.8000,4085.0000,4085.2000,4086.2000,2,1,1,1,1,1,1,2,1,2
SF,IF2004,2020-03-04 09:34:23.300,4082.0000,6985,0,166632300.000,0,-,-,-,-,4081.6000,4080.6000,4080.0000,4079.6000,4079.4000,4084.8000,4085.0000,4086.2000,4090.0000,4091.2000,2,1,1,1,2,1,2,2,5,3
SF,IF2004,2020-03-04 09:34:23.800,4082.0000,6985,0,166632300.000,0,-,-,-,-,4081.6000,4080.6000,4080.0000,4079.6000,4079.4000,4083.8000,4084.0000,4084.6000,4084.8000,4085.0000,1,1,1,1,2,1,1,5,1,2
SF,IF2004,2020-03-04 09:34:24.300,4082.0000,6985,0,166632300.000,0,-,-,-,-,4080.6000,4080.0000,4079.6000,4079.4000,4078.8000,4083.6000,4083.8000,4084.0000,4084.6000,4084.8000,1,1,1,2,1,1,1,1,4,1
SF,IF2004,2020-03-04 09:34:24.800,4082.0000,6985,0,166632300.000,0,-,-,-,-,4080.8000,4080.6000,4080.0000,4079.6000,4079.4000,4083.6000,4084.0000,4084.6000,4084.8000,4085.0000,1,1,1,1,2,1,1,4,1,2
SF,IF2004,2020-03-04 09:34:25.300,4082.0000,6985,0,166632300.000,0,-,-,-,-,4080.8000,4080.6000,4080.0000,4079.6000,4079.4000,4083.6000,4084.0000,4084.6000,4084.8000,4085.0000,1,1,1,1,2,1,1,4,1,2
SF,IF2004,2020-03-04 09:34:25.800,4082.0000,6985,0,166632300.000,0,-,-,-,-,4080.8000,4080.6000,4080.0000,4079.6000,4079.4000,4083.2000,4083.4000,4083.6000,4084.0000,4084.6000,1,1,1,1,2,1,1,1,1,4
SF,IF2004,2020-03-04 09:34:26.300,4082.0000,6985,0,166632300.000,0,-,-,-,-,4081.0000,4080.8000,4080.6000,4080.0000,4079.6000,4082.8000,4083.4000,4083.6000,4084.0000,4084.6000,1,1,1,1,1,1,1,1,1,4
SF,IF2004,2020-03-04 09:34:26.800,4082.0000,6985,0,166632300.000,0,-,-,-,-,4080.8000,4080.6000,4080.0000,4079.6000,4079.4000,4082.4000,4083.0000,4083.4000,4083.6000,4084.0000,1,1,1,1,2,1,1,1,1,1
SF,IF2004,2020-03-04 09:34:27.300,4082.0000,6985,0,166632300.000,0,-,-,-,-,4080.8000,4080.6000,4080.0000,4079.6000,4079.4000,4082.4000,4083.4000,4083.6000,4084.0000,4084.6000,1,1,1,1,2,1,1,1,1,4
