市场代码,合约代码,时间,最新,持仓,增仓,成交额,成交量,开仓,平仓,成交类型,方向,买一价,买二价,买三价,买四价,买五价,卖一价,卖二价,卖三价,卖四价,卖五价,买一量,买二量,买三量,买四量,买五量,卖一量,卖二量,卖三量,卖四量,卖五量
SF,IF2003,2019-12-24 09:29:00.100,3990.4000,36565,0,14365440.000,12.000,-,-,-,-,3990.2000,3990.0000,3986.6000,3985.0000,3984.6000,3993.0000,3995.0000,3996.6000,3997.2000,3998.0000,1,4,1,1,1,1,1,5,2,1
SF,IF2003,2019-12-24 09:30:00.100,3996.6000,36562,-3,27550860.000,11,4,7,多平,S,3995.0000,3994.6000,3994.0000,3993.8000,3993.6000,3996.6000,3998.0000,3998.8000,3999.0000,3999.8000,2,1,2,1,2,2,2,2,5,1
SF,IF2003,2019-12-24 09:30:00.600,3995.0000,36557,-5,38338680.000,9,2,7,多平,S,3994.6000,3994.4000,3993.8000,3993.6000,3993.0000,3996.6000,3998.0000,3998.8000,3999.8000,4000.0000,1,1,1,2,9,1,2,2,2,2
SF,IF2003,2019-12-24 09:30:01.100,3996.6000,36556,-1,39537660.000,1,0,1,双平,S,3996.6000,3995.8000,3994.8000,3994.6000,3994.4000,3998.0000,3998.8000,3999.8000,4000.0000,4001.8000,2,3,7,1,1,2,4,2,2,1
SF,IF2003,2019-12-24 09:30:01.600,3996.6000,36556,0,40736640.000,1,0,1,多换,S,3996.6000,3995.8000,3994.8000,3994.4000,3993.6000,3997.8000,3998.0000,3998.8000,3999.8000,4000.0000,1,3,5,1,2,7,2,4,2,2
SF,IF2003,2019-12-24 09:30:02.100,3996.6000,36556,0,41935620.000,1,0,1,多换,S,3994.8000,3994.4000,3993.6000,3993.0000,3992.8000,3996.8000,3997.6000,3997.8000,3998.0000,3998.8000,4,1,2,6,2,1,3,7,2,4
SF,IF2003,2019-12-24 09:30:02.600,3994.8000,36555,-1,44333040.000,2,0,2,多平,S,3994.8000,3994.4000,3993.6000,3993.0000,3992.8000,3996.6000,3996.8000,3997.6000,3997.8000,3998.0000,2,1,2,6,2,4,2,2,6,2
SF,IF2003,2019-12-24 09:30:03.100,3994.8000,36553,-2,46729920.000,2,0,2,双平,S,3994.8000,3994.4000,3993.6000,3993.0000,3992.8000,3995.8000,3996.0000,3996.2000,3996.4000,3996.6000,1,1,2,6,2,1,1,1,3,5
SF,IF2003,2019-12-24 09:30:03.600,3994.8000,36553,0,46729920.000,0,-,-,-,-,3995.0000,3994.8000,3994.4000,3993.6000,3993.0000,3995.6000,3995.8000,3996.0000,3996.2000,3996.4000,5,1,1,1,6,1,2,2,1,2
SF,IF2003,2019-12-24 09:30:04.100,3995.4000,36551,-2,50325600.000,3,0,3,多平,S,3995.0000,3994.4000,3993.6000,3993.0000,3992.0000,3995.4000,3995.6000,3995.8000,3996.0000,3996.2000,4,1,1,5,1,2,1,2,2,1
SF,IF2003,2019-12-24 09:30:04.600,3995.0000,36551,0,55119600.000,4,2,2,多换,S,3994.4000,3993.6000,3993.0000,3992.0000,3991.2000,3995.2000,3995.4000,3995.8000,3996.0000,3996.2000,1,1,5,1,1,1,2,1,2,1
SF,IF2003,2019-12-24 09:30:05.100,3995.0000,36551,0,55119600.000,0,-,-,-,-,3994.4000,3993.6000,3993.0000,3992.0000,3991.2000,3994.8000,3995.2000,3995.4000,3996.0000,3996.2000,1,1,5,1,1,9,1,2,2,1
SF,IF2003,2019-12-24 09:30:05.600,3994.4000,36550,-1,56317920.000,1,0,1,双平,S,3993.6000,3993.0000,3992.0000,3991.2000,3991.0000,3994.6000,3994.8000,3995.0000,3995.4000,3996.0000,1,5,1,1,3,1,9,1,2,2
SF,IF2003,2019-12-24 09:30:06.100,3994.4000,36550,0,57516240.000,1,0,1,多换,S,3993.8000,3993.6000,3993.0000,3992.0000,3991.2000,3994.4000,3994.6000,3994.8000,3995.4000,3996.0000,1,2,5,1,1,1,1,9,2,2
SF,IF2003,2019-12-24 09:30:06.600,3994.2000,36551,1,63507780.000,5,3,2,空开,S,3993.8000,3993.6000,3993.0000,3992.0000,3991.2000,3994.8000,3995.4000,3996.0000,3996.2000,3996.4000,1,2,5,1,1,8,2,2,1,2
SF,IF2003,2019-12-24 09:30:07.100,3994.2000,36551,0,63507780.000,0,-,-,-,-,3993.8000,3993.6000,3993.0000,3992.0000,3991.2000,3994.8000,3995.4000,3996.0000,3996.2000,3996.4000,1,1,5,1,1,8,2,2,1,2
SF,IF2003,2019-12-24 09:30:07.600,3994.8000,36551,0,65904660.000,2,1,1,多换,S,3994.0000,3993.8000,3993.6000,3993.0000,3992.0000,3994.8000,3995.4000,3996.0000,3996.2000,3996.4000,1,1,1,5,1,6,2,2,1,2
SF,IF2003,2019-12-24 09:30:08.100,3994.8000,36551,0,65904660.000,0,-,-,-,-,3994.8000,3994.2000,3993.6000,3993.0000,3992.0000,3995.4000,3996.0000,3996.2000,3996.4000,3996.6000,1,1,1,5,1,2,2,1,2,5
SF,IF2003,2019-12-24 09:30:08.600,3994.8000,36551,0,65904660.000,0,-,-,-,-,3994.8000,3994.4000,3994.2000,3993.6000,3993.0000,3995.4000,3996.0000,3996.2000,3996.4000,3996.6000,1,1,1,1,5,2,2,1,2,5
SF,IF2003,2019-12-24 09:30:09.100,3994.8000,36550,-1,68301540.000,2,0,2,多平,S,3994.4000,3993.0000,3992.0000,3991.2000,3991.0000,3996.0000,3996.2000,3996.4000,3996.6000,3997.6000,1,5,1,1,3,2,1,2,5,2
SF,IF2003,2019-12-24 09:30:09.600,3994.8000,36550,0,69499980.000,1,0,1,多换,S,3994.6000,3994.4000,3993.0000,3992.0000,3991.2000,3995.8000,3996.0000,3996.2000,3996.4000,3996.6000,3,2,5,1,1,1,2,1,1,5
SF,IF2003,2019-12-24 09:30:10.100,3996.6000,36545,-5,76693020.000,6,0,6,多平,S,3995.4000,3994.8000,3994.6000,3994.4000,3993.0000,3996.6000,3997.6000,3997.8000,3998.0000,3998.8000,1,1,3,1,5,4,2,1,2,5
SF,IF2003,2019-12-24 09:30:10.600,3996.6000,36545,0,76693020.000,0,-,-,-,-,3995.8000,3995.4000,3994.6000,3994.4000,3993.0000,3996.4000,3996.6000,3997.6000,3997.8000,3998.0000,5,2,3,1,4,1,4,3,1,2
SF,IF2003,2019-12-24 09:30:11.100,3996.6000,36544,-1,81488640.000,4,1,3,多平,S,3995.8000,3995.4000,3994.6000,3994.4000,3993.0000,3996.6000,3997.6000,3997.8000,3998.0000,3998.8000,4,2,3,1,4,2,3,1,2,5
SF,IF2003,2019-12-24 09:30:11.600,3996.0000,36540,-4,86284380.000,4,0,4,双平,S,3996.0000,3995.8000,3995.4000,3994.6000,3994.4000,3997.6000,3997.8000,3998.0000,3998.8000,3999.8000,3,4,1,3,1,3,1,2,5,2
SF,IF2003,2019-12-24 09:30:12.100,3995.8000,36536,-4,93477060.000,6,1,5,多平,S,3995.8000,3995.4000,3994.6000,3994.4000,3993.0000,3997.4000,3997.6000,3997.8000,3998.0000,3998.8000,2,1,3,1,4,2,3,1,2,5
SF,IF2003,2019-12-24 09:30:12.600,3995.8000,36536,0,93477060.000,0,-,-,-,-,3996.2000,3996.0000,3995.8000,3995.4000,3994.6000,3997.2000,3997.4000,3997.6000,3998.0000,3998.8000,3,6,2,1,2,2,2,3,2,5
SF,IF2003,2019-12-24 09:30:13.100,3995.8000,36535,-1,94675800.000,1,0,1,双平,S,3996.0000,3995.8000,3995.4000,3995.2000,3995.0000,3997.0000,3997.2000,3997.4000,3997.6000,3998.0000,4,2,1,1,1,1,2,2,3,2
SF,IF2003,2019-12-24 09:30:13.600,3997.0000,36534,-1,95874900.000,1,0,1,双平,S,3996.2000,3996.0000,3995.8000,3995.4000,3995.2000,3996.8000,3997.2000,3997.4000,3997.6000,3998.0000,3,5,2,1,2,1,2,1,3,2
SF,IF2003,2019-12-24 09:30:14.100,3997.2000,36533,-1,101870640.000,5,2,3,多平,S,3996.8000,3996.4000,3996.0000,3995.8000,3995.4000,3997.6000,3998.0000,3998.8000,3999.8000,4000.0000,1,1,3,2,1,3,2,5,2,2
SF,IF2003,2019-12-24 09:30:14.600,3997.4000,36533,0,103069860.000,1,0,1,多换,S,3996.8000,3996.4000,3996.0000,3995.8000,3995.4000,3997.6000,3998.0000,3998.8000,3999.8000,4000.0000,1,1,3,2,1,3,2,5,2,2
SF,IF2003,2019-12-24 09:30:15.100,3997.4000,36533,0,103069860.000,0,-,-,-,-,3996.8000,3996.4000,3996.0000,3995.8000,3995.4000,3997.6000,3998.0000,3998.8000,3999.8000,4000.0000,2,1,3,2,1,3,2,5,2,2
SF,IF2003,2019-12-24 09:30:15.600,3997.4000,36533,0,104269080.000,1,0,1,多换,S,3996.8000,3996.4000,3996.0000,3995.8000,3995.4000,3997.6000,3998.0000,3998.8000,3999.8000,4000.0000,5,1,3,2,1,3,2,5,2,2
SF,IF2003,2019-12-24 09:30:16.100,3997.6000,36533,0,105468360.000,1,0,1,多换,S,3997.0000,3996.8000,3996.4000,3996.0000,3995.8000,3997.6000,3998.0000,3998.8000,3999.8000,4000.0000,1,10,1,3,3,2,2,5,2,2
SF,IF2003,2019-12-24 09:30:16.600,3997.2000,36533,0,107866800.000,2,1,1,多换,S,3996.8000,3996.4000,3996.0000,3995.8000,3995.4000,3997.6000,3998.0000,3998.8000,3999.8000,4000.0000,10,1,2,3,1,1,2,5,2,2
SF,IF2003,2019-12-24 09:30:17.100,3997.6000,36533,0,109066080.000,1,0,1,多换,S,3997.6000,3996.8000,3996.4000,3996.0000,3995.8000,3998.0000,3998.8000,3999.8000,4000.0000,4001.8000,1,10,1,2,3,2,5,2,3,1
SF,IF2003,2019-12-24 09:30:17.600,3997.4000,36531,-2,116260740.000,6,2,4,多平,S,3996.8000,3996.0000,3995.8000,3995.4000,3995.2000,3997.4000,3997.6000,3998.0000,3998.8000,3999.2000,6,2,3,1,1,3,1,2,5,1
SF,IF2003,2019-12-24 09:30:18.100,3997.4000,36531,0,116260740.000,0,-,-,-,-,3996.8000,3996.0000,3995.8000,3995.4000,3995.2000,3997.4000,3997.6000,3998.0000,3998.8000,3999.2000,6,2,3,1,1,3,1,3,5,1
SF,IF2003,2019-12-24 09:30:18.600,3997.4000,36528,-3,119858400.000,3,0,3,双平,S,3997.4000,3996.8000,3996.0000,3995.8000,3995.2000,3997.6000,3998.0000,3998.8000,3999.2000,3999.8000,1,6,2,3,1,1,3,5,1,2
SF,IF2003,2019-12-24 09:30:19.100,3996.8000,36527,-1,121057440.000,1,0,1,双平,S,3996.8000,3996.0000,3995.8000,3995.2000,3995.0000,3997.6000,3998.0000,3998.8000,3999.2000,3999.8000,5,2,3,1,2,1,3,5,1,2
SF,IF2003,2019-12-24 09:30:19.600,3997.6000,36526,-1,123455760.000,2,0,2,多平,S,3997.4000,3997.0000,3996.8000,3996.0000,3995.8000,3998.0000,3998.8000,3999.2000,3999.8000,4000.0000,7,4,5,2,3,3,5,1,2,2
SF,IF2003,2019-12-24 09:30:20.100,3997.6000,36526,0,123455760.000,0,-,-,-,-,3997.6000,3997.4000,3997.0000,3996.8000,3996.0000,3998.0000,3998.8000,3999.2000,3999.8000,4000.0000,1,7,4,5,2,3,5,1,2,2
SF,IF2003,2019-12-24 09:30:20.600,3997.6000,36525,-1,124655040.000,1,0,1,双平,S,3997.6000,3997.4000,3997.0000,3996.8000,3996.0000,3998.0000,3998.8000,3999.2000,3999.8000,4000.0000,1,7,4,5,2,3,5,1,2,2
SF,IF2003,2019-12-24 09:30:21.100,3997.6000,36525,0,124655040.000,0,-,-,-,-,3997.6000,3997.4000,3997.0000,3996.8000,3996.0000,3998.0000,3998.8000,3999.2000,3999.8000,4000.0000,1,7,4,5,2,3,5,1,2,2
SF,IF2003,2019-12-24 09:30:21.600,3998.0000,36525,0,127053720.000,2,1,1,多换,S,3997.4000,3997.0000,3996.8000,3996.0000,3995.8000,3998.0000,3998.8000,3999.2000,3999.8000,4000.0000,6,5,5,2,3,2,5,1,2,2
SF,IF2003,2019-12-24 09:30:22.100,3998.0000,36525,0,127053720.000,0,-,-,-,-,3997.4000,3997.0000,3996.8000,3996.0000,3995.8000,3997.6000,3997.8000,3998.0000,3998.8000,3999.2000,6,5,5,2,3,1,1,4,5,1
SF,IF2003,2019-12-24 09:30:22.600,3997.0000,36520,-5,135448140.000,7,1,6,多平,S,3997.0000,3996.8000,3996.0000,3995.8000,3995.2000,3997.6000,3997.8000,3998.0000,3998.8000,3999.2000,3,5,2,3,1,1,2,3,5,1
SF,IF2003,2019-12-24 09:30:23.100,3997.4000,36520,0,140244660.000,4,2,2,多换,S,3997.2000,3996.8000,3996.0000,3995.8000,3995.2000,3997.4000,3997.6000,3998.0000,3998.8000,3999.2000,1,5,2,3,1,1,3,3,5,1
SF,IF2003,2019-12-24 09:30:23.600,3997.6000,36517,-3,149837580.000,8,2,6,多平,S,3996.8000,3996.0000,3995.8000,3995.2000,3995.0000,3997.2000,3997.6000,3998.0000,3998.8000,3999.2000,1,2,3,1,1,1,1,3,5,1
SF,IF2003,2019-12-24 09:30:24.100,3997.0000,36516,-1,151036680.000,1,0,1,双平,S,3996.8000,3996.0000,3995.8000,3995.2000,3995.0000,3997.0000,3997.2000,3997.6000,3998.0000,3998.8000,1,2,3,1,1,1,1,3,3,5
SF,IF2003,2019-12-24 09:30:24.600,3997.0000,36517,1,152235780.000,1,1,0,双开,S,3996.8000,3996.0000,3995.8000,3995.2000,3995.0000,3997.2000,3997.6000,3998.0000,3998.8000,3999.8000,1,2,3,1,1,1,3,3,5,2
SF,IF2003,2019-12-24 09:30:25.100,3996.8000,36517,0,153434820.000,1,0,1,多换,S,3996.0000,3995.8000,3995.2000,3995.0000,3994.6000,3997.2000,3997.6000,3998.0000,3998.6000,3998.8000,2,3,1,1,1,1,3,3,1,6
SF,IF2003,2019-12-24 09:30:25.600,3997.2000,36513,-4,158231220.000,4,0,4,双平,S,3997.2000,3996.2000,3996.0000,3995.8000,3995.2000,3997.6000,3998.0000,3998.6000,3998.8000,3999.0000,1,5,3,3,1,3,3,1,6,1
SF,IF2003,2019-12-24 09:30:26.100,3997.6000,36511,-2,160629720.000,2,0,2,双平,S,3997.2000,3996.0000,3995.8000,3995.2000,3995.0000,3997.6000,3998.0000,3998.6000,3998.8000,3999.0000,1,2,3,1,1,2,3,2,6,1
SF,IF2003,2019-12-24 09:30:26.600,3997.2000,36511,0,163028040.000,2,1,1,多换,S,3997.2000,3995.8000,3995.2000,3995.0000,3994.6000,3997.4000,3997.6000,3998.0000,3998.6000,3998.8000,1,3,1,1,1,2,2,3,2,6
SF,IF2003,2019-12-24 09:30:27.100,3997.4000,36509,-2,165426480.000,2,0,2,双平,S,3997.2000,3995.8000,3995.2000,3995.0000,3994.6000,3997.6000,3998.0000,3998.6000,3998.8000,3999.0000,1,3,1,1,1,2,3,2,6,1
SF,IF2003,2019-12-24 09:30:27.600,3997.2000,36510,1,166625640.000,1,1,0,双开,S,3995.8000,3995.2000,3995.0000,3994.6000,3993.0000,3997.2000,3997.6000,3998.0000,3998.6000,3998.8000,3,1,1,1,3,2,2,3,2,6
SF,IF2003,2019-12-24 09:30:28.100,3997.2000,36510,0,170223120.000,3,1,2,多换,S,3996.0000,3995.8000,3995.2000,3995.0000,3994.6000,3997.4000,3997.6000,3998.0000,3998.6000,3998.8000,4,3,1,1,1,4,2,3,2,6
SF,IF2003,2019-12-24 09:30:28.600,3997.4000,36509,-1,176218440.000,5,2,3,多平,S,3996.0000,3995.8000,3995.2000,3995.0000,3994.6000,3997.2000,3997.4000,3997.6000,3998.0000,3998.6000,2,3,1,1,1,1,1,2,3,2
SF,IF2003,2019-12-24 09:30:29.100,3997.4000,36509,0,177417660.000,1,0,1,多换,S,3997.2000,3996.2000,3996.0000,3995.8000,3995.2000,3997.4000,3997.6000,3998.0000,3998.6000,3998.8000,5,2,3,3,1,1,2,3,2,6
SF,IF2003,2019-12-24 09:30:29.600,3997.4000,36508,-1,182214660.000,4,1,3,多平,S,3997.2000,3996.2000,3996.0000,3995.8000,3995.0000,3998.0000,3998.6000,3998.8000,3999.0000,3999.6000,6,1,2,3,1,3,2,6,1,1
SF,IF2003,2019-12-24 09:30:30.100,3997.4000,36507,-1,183413880.000,1,0,1,双平,S,3997.4000,3997.2000,3996.2000,3996.0000,3995.8000,3998.0000,3998.6000,3998.8000,3999.0000,3999.6000,2,6,1,2,3,3,2,4,1,1
SF,IF2003,2019-12-24 09:30:30.600,3997.4000,36507,0,183413880.000,0,-,-,-,-,3997.6000,3997.4000,3997.2000,3997.0000,3996.2000,3998.0000,3998.6000,3998.8000,3999.0000,3999.6000,1,2,6,1,1,2,2,4,1,1
SF,IF2003,2019-12-24 09:30:31.100,3997.4000,36506,-1,184613100.000,1,0,1,双平,S,3997.4000,3997.2000,3997.0000,3996.2000,3996.0000,3998.0000,3998.6000,3998.8000,3999.0000,3999.6000,1,6,1,1,1,2,2,4,1,1
SF,IF2003,2019-12-24 09:30:31.600,3997.4000,36506,0,184613100.000,0,-,-,-,-,3997.2000,3997.0000,3996.2000,3996.0000,3995.8000,3998.0000,3998.6000,3998.8000,3999.0000,3999.6000,6,1,1,1,3,2,2,4,1,1
SF,IF2003,2019-12-24 09:30:32.100,3998.0000,36502,-4,189410580.000,4,0,4,双平,S,3998.0000,3997.2000,3997.0000,3995.8000,3995.6000,3998.6000,3998.8000,3999.0000,3999.6000,4000.0000,3,6,1,3,1,2,4,1,1,2
SF,IF2003,2019-12-24 09:30:32.600,3998.0000,36499,-3,194208180.000,4,0,4,多平,S,3998.0000,3997.2000,3997.0000,3995.8000,3995.6000,3998.4000,3998.6000,3998.8000,3999.6000,4000.0000,1,6,1,3,1,7,2,3,1,2
SF,IF2003,2019-12-24 09:30:33.100,3997.2000,36498,-1,196606740.000,2,0,2,多平,S,3997.2000,3997.0000,3995.8000,3995.6000,3995.0000,3997.8000,3998.0000,3998.4000,3998.6000,3998.8000,5,1,3,1,1,2,3,7,2,3
SF,IF2003,2019-12-24 09:30:33.600,3997.2000,36498,0,196606740.000,0,-,-,-,-,3997.4000,3997.2000,3997.0000,3995.8000,3995.6000,3997.8000,3998.0000,3998.4000,3998.6000,3998.8000,1,5,1,3,1,1,3,7,2,3
SF,IF2003,2019-12-24 09:30:34.100,3997.8000,36497,-1,197806080.000,1,0,1,双平,S,3997.4000,3997.2000,3997.0000,3995.8000,3995.6000,3998.0000,3998.4000,3998.6000,3998.8000,3999.6000,1,5,1,3,1,1,4,2,3,1
SF,IF2003,2019-12-24 09:30:34.600,3997.8000,36497,0,197806080.000,0,-,-,-,-,3997.4000,3997.2000,3997.0000,3995.8000,3995.6000,3998.0000,3998.4000,3998.6000,3998.8000,3999.6000,1,5,1,3,1,2,4,2,3,1
SF,IF2003,2019-12-24 09:30:35.100,3997.8000,36497,0,197806080.000,0,-,-,-,-,3997.8000,3997.4000,3997.2000,3997.0000,3995.8000,3998.0000,3998.4000,3998.6000,3998.8000,3999.6000,4,1,5,1,3,2,4,2,3,1
SF,IF2003,2019-12-24 09:30:35.600,3998.0000,36497,0,203802900.000,5,2,3,多换,S,3997.8000,3997.4000,3997.2000,3997.0000,3995.8000,3998.4000,3998.6000,3998.8000,3999.6000,3999.8000,2,1,5,1,3,4,2,3,1,1
SF,IF2003,2019-12-24 09:30:36.100,3997.8000,36497,0,206201580.000,2,1,1,多换,S,3997.4000,3997.2000,3997.0000,3995.8000,3995.6000,3998.2000,3998.4000,3998.6000,3998.8000,3999.6000,1,5,1,3,1,3,4,2,3,1
SF,IF2003,2019-12-24 09:30:36.600,3998.2000,36496,-1,207401040.000,1,0,1,双平,S,3997.4000,3997.2000,3997.0000,3995.8000,3995.6000,3998.4000,3998.6000,3998.8000,3999.6000,3999.8000,1,5,1,3,1,2,2,3,1,1
SF,IF2003,2019-12-24 09:30:37.100,3998.2000,36496,0,207401040.000,0,-,-,-,-,3997.6000,3997.4000,3997.2000,3997.0000,3995.8000,3997.8000,3998.4000,3998.6000,3998.8000,3999.0000,3,1,7,1,3,2,2,2,3,1
SF,IF2003,2019-12-24 09:30:37.600,3998.4000,36494,-2,210999240.000,3,0,3,多平,S,3997.8000,3997.6000,3997.4000,3997.2000,3997.0000,3998.4000,3998.6000,3998.8000,3999.0000,3999.6000,2,1,1,7,1,1,2,3,1,1
SF,IF2003,2019-12-24 09:30:38.100,3997.4000,36491,-3,215796600.000,4,0,4,多平,S,3997.2000,3997.0000,3995.8000,3995.6000,3995.0000,3997.4000,3998.6000,3998.8000,3999.0000,3999.6000,7,1,3,1,1,2,2,3,1,1
SF,IF2003,2019-12-24 09:30:38.600,3997.4000,36489,-2,218195040.000,2,0,2,双平,S,3998.2000,3997.6000,3997.4000,3997.2000,3997.0000,3998.6000,3998.8000,3999.0000,3999.6000,3999.8000,1,1,7,7,1,2,3,1,1,1
SF,IF2003,2019-12-24 09:30:39.100,3997.4000,36489,0,218195040.000,0,-,-,-,-,3998.2000,3997.4000,3997.2000,3997.0000,3995.8000,3998.6000,3998.8000,3999.0000,3999.6000,3999.8000,1,5,7,1,3,2,3,1,1,1
SF,IF2003,2019-12-24 09:30:39.600,3997.4000,36489,0,218195040.000,0,-,-,-,-,3998.2000,3997.4000,3997.2000,3997.0000,3995.8000,3998.6000,3998.8000,3999.0000,3999.6000,3999.8000,1,6,7,1,3,2,3,1,1,1
SF,IF2003,2019-12-24 09:30:40.100,3998.6000,36489,0,220594200.000,2,1,1,多换,S,3998.2000,3997.4000,3997.2000,3997.0000,3995.8000,3998.8000,3999.0000,3999.6000,3999.8000,4000.0000,2,6,7,1,3,3,1,1,1,6
SF,IF2003,2019-12-24 09:30:40.600,3998.6000,36489,0,220594200.000,0,-,-,-,-,3998.6000,3998.2000,3997.4000,3997.2000,3997.0000,3998.8000,3999.0000,3999.6000,3999.8000,4000.0000,1,2,6,7,1,3,1,1,1,6
SF,IF2003,2019-12-24 09:30:41.100,3998.6000,36488,-1,221793780.000,1,0,1,双平,S,3998.6000,3998.2000,3997.4000,3997.2000,3997.0000,3998.8000,3999.0000,3999.6000,3999.8000,4000.0000,2,2,6,6,1,3,1,1,1,6
SF,IF2003,2019-12-24 09:30:41.600,3998.6000,36488,0,224192940.000,2,1,1,多换,S,3998.2000,3997.4000,3997.2000,3997.0000,3995.8000,3998.6000,3998.8000,3999.0000,3999.6000,3999.8000,2,6,6,1,3,1,3,1,1,1
SF,IF2003,2019-12-24 09:30:42.100,3997.4000,36486,-2,227791080.000,3,0,3,多平,S,3997.4000,3997.2000,3997.0000,3995.8000,3995.6000,3998.4000,3998.6000,3998.8000,3999.0000,3999.6000,5,6,1,3,1,4,2,3,1,1
SF,IF2003,2019-12-24 09:30:42.600,3998.2000,36486,0,228990540.000,1,0,1,多换,S,3998.0000,3997.6000,3997.4000,3997.2000,3997.0000,3998.4000,3998.6000,3998.8000,3999.0000,3999.6000,1,1,5,6,1,2,2,3,1,1
SF,IF2003,2019-12-24 09:30:43.100,3998.4000,36484,-2,232588980.000,3,0,3,多平,S,3997.8000,3997.4000,3997.2000,3997.0000,3995.8000,3998.6000,3998.8000,3999.0000,3999.6000,3999.8000,1,5,6,1,3,2,3,1,1,1
SF,IF2003,2019-12-24 09:30:43.600,3997.8000,36483,-1,233788320.000,1,0,1,双平,S,3997.4000,3997.2000,3997.0000,3995.8000,3995.6000,3998.6000,3998.8000,3999.0000,3999.6000,3999.8000,5,6,1,3,1,2,3,1,1,1
SF,IF2003,2019-12-24 09:30:44.100,3997.8000,36483,0,233788320.000,0,-,-,-,-,3997.4000,3997.2000,3997.0000,3995.8000,3995.6000,3998.4000,3998.6000,3998.8000,3999.0000,3999.6000,5,6,1,3,1,1,2,3,1,1
SF,IF2003,2019-12-24 09:30:44.600,3997.8000,36483,0,233788320.000,0,-,-,-,-,3997.4000,3997.2000,3997.0000,3995.8000,3995.6000,3997.8000,3998.4000,3998.6000,3998.8000,3999.0000,5,6,1,3,1,1,1,2,3,1
SF,IF2003,2019-12-24 09:30:45.100,3997.8000,36482,-1,234987660.000,1,0,1,双平,S,3997.8000,3997.4000,3997.2000,3997.0000,3995.8000,3998.6000,3998.8000,3999.0000,3999.6000,3999.8000,1,3,6,1,3,2,3,1,1,1
SF,IF2003,2019-12-24 09:30:45.600,3998.4000,36481,-1,236187180.000,1,0,1,双平,S,3997.4000,3997.2000,3997.0000,3995.8000,3995.6000,3998.4000,3998.6000,3998.8000,3999.0000,3999.6000,3,6,1,3,1,3,2,3,1,1
SF,IF2003,2019-12-24 09:30:46.100,3997.4000,36478,-3,239784840.000,3,0,3,双平,S,3997.2000,3997.0000,3995.8000,3995.6000,3995.0000,3997.4000,3998.4000,3998.6000,3998.8000,3999.0000,6,1,3,1,1,2,3,2,3,1
SF,IF2003,2019-12-24 09:30:46.600,3997.4000,36475,-3,246980760.000,6,1,5,多平,S,3997.4000,3997.2000,3997.0000,3995.8000,3995.6000,3998.4000,3998.6000,3998.8000,3999.0000,3999.6000,1,6,1,3,1,1,2,3,1,1
SF,IF2003,2019-12-24 09:30:47.100,3998.4000,36474,-1,248180280.000,1,0,1,双平,S,3997.4000,3997.2000,3997.0000,3995.8000,3995.6000,3998.6000,3998.8000,3999.0000,3999.6000,3999.8000,6,6,1,3,1,2,3,1,1,1
SF,IF2003,2019-12-24 09:30:47.600,3997.4000,36472,-2,254176440.000,5,1,4,多平,S,3997.4000,3997.2000,3997.0000,3995.8000,3995.6000,3998.4000,3998.6000,3998.8000,3999.0000,3999.6000,2,6,1,3,1,1,2,3,1,1
SF,IF2003,2019-12-24 09:30:48.100,3998.4000,36472,0,255375960.000,1,0,1,多换,S,3997.6000,3997.4000,3997.2000,3997.0000,3995.8000,3998.6000,3998.8000,3999.0000,3999.6000,3999.8000,1,2,6,1,3,2,3,1,1,1
SF,IF2003,2019-12-24 09:30:48.600,3998.4000,36472,0,255375960.000,0,-,-,-,-,3997.6000,3997.4000,3997.2000,3997.0000,3995.8000,3998.6000,3998.8000,3999.0000,3999.6000,3999.8000,1,2,8,1,3,2,3,1,1,1
SF,IF2003,2019-12-24 09:30:49.100,3998.4000,36472,0,255375960.000,0,-,-,-,-,3997.8000,3997.6000,3997.4000,3997.2000,3997.0000,3998.4000,3998.6000,3998.8000,3999.0000,3999.6000,1,1,2,8,1,1,2,3,1,1
SF,IF2003,2019-12-24 09:30:49.600,3997.6000,36471,-1,256575240.000,1,0,1,双平,S,3997.4000,3997.2000,3997.0000,3995.8000,3995.6000,3998.4000,3998.6000,3998.8000,3999.0000,3999.6000,2,8,1,3,1,1,1,3,1,1
SF,IF2003,2019-12-24 09:30:50.100,3997.6000,36471,0,256575240.000,0,-,-,-,-,3997.4000,3997.2000,3997.0000,3995.8000,3995.6000,3997.8000,3998.4000,3998.6000,3998.8000,3999.0000,2,8,1,3,1,1,1,1,3,1
SF,IF2003,2019-12-24 09:30:51.600,3997.4000,36472,1,258973680.000,2,1,1,空开,S,3997.2000,3997.0000,3995.8000,3995.6000,3995.0000,3997.8000,3998.4000,3998.6000,3998.8000,3999.0000,8,1,3,1,1,1,1,1,3,1
SF,IF2003,2019-12-24 09:30:52.100,3997.4000,36472,0,258973680.000,0,-,-,-,-,3997.2000,3997.0000,3995.8000,3995.6000,3995.0000,3997.8000,3998.4000,3998.6000,3998.8000,3999.0000,8,1,3,1,2,1,1,1,3,1
SF,IF2003,2019-12-24 09:30:52.600,3997.4000,36472,0,258973680.000,0,-,-,-,-,3997.2000,3997.0000,3995.8000,3995.6000,3995.0000,3997.6000,3997.8000,3998.4000,3998.6000,3998.8000,8,1,3,1,2,1,1,1,1,3
SF,IF2003,2019-12-24 09:30:53.100,3997.2000,36472,0,261372000.000,2,1,1,多换,S,3997.2000,3997.0000,3995.8000,3995.6000,3995.0000,3997.4000,3997.6000,3998.6000,3998.8000,3999.0000,6,1,3,1,2,1,1,1,3,1
SF,IF2003,2019-12-24 09:30:53.600,3997.2000,36472,0,261372000.000,0,-,-,-,-,3997.2000,3997.0000,3995.8000,3995.6000,3995.0000,3997.4000,3998.6000,3998.8000,3999.0000,3999.6000,6,2,3,1,2,1,1,3,1,1
SF,IF2003,2019-12-24 09:30:54.100,3997.2000,36472,0,261372000.000,0,-,-,-,-,3997.2000,3997.0000,3995.8000,3995.6000,3995.0000,3997.4000,3998.6000,3998.8000,3999.0000,3999.6000,6,2,3,1,2,1,1,3,1,1
SF,IF2003,2019-12-24 09:30:54.600,3997.2000,36472,0,263770320.000,2,1,1,多换,S,3997.2000,3997.0000,3995.8000,3995.6000,3995.0000,3997.4000,3998.6000,3998.8000,3999.0000,3999.6000,4,2,3,1,2,1,1,3,1,1
SF,IF2003,2019-12-24 09:30:55.100,3997.4000,36471,-1,264969540.000,1,0,1,双平,S,3997.4000,3997.2000,3997.0000,3995.8000,3995.6000,3998.6000,3998.8000,3999.0000,3999.6000,3999.8000,3,4,2,3,1,1,3,1,1,1
SF,IF2003,2019-12-24 09:30:55.600,3997.4000,36471,0,264969540.000,0,-,-,-,-,3997.6000,3997.4000,3997.2000,3997.0000,3995.8000,3998.0000,3998.4000,3998.6000,3998.8000,3999.0000,1,3,4,2,3,1,1,3,3,1
SF,IF2003,2019-12-24 09:30:56.100,3997.4000,36470,-1,266168760.000,1,0,1,双平,S,3997.4000,3997.2000,3997.0000,3995.8000,3995.6000,3998.0000,3998.4000,3998.6000,3998.8000,3999.0000,1,4,2,3,1,1,1,3,3,1
SF,IF2003,2019-12-24 09:30:56.600,3997.4000,36470,0,267367980.000,1,0,1,多换,S,3997.2000,3997.0000,3995.8000,3995.6000,3995.0000,3998.0000,3998.4000,3998.6000,3998.8000,3999.0000,4,2,3,1,2,1,1,3,3,1
SF,IF2003,2019-12-24 09:30:57.100,3997.4000,36469,-1,268567200.000,1,0,1,双平,S,3997.2000,3997.0000,3995.8000,3995.6000,3995.0000,3998.0000,3998.4000,3998.6000,3998.8000,3999.0000,4,2,3,1,1,1,1,2,3,1
SF,IF2003,2019-12-24 09:30:57.600,3997.4000,36469,0,268567200.000,0,-,-,-,-,3997.2000,3997.0000,3995.8000,3995.6000,3995.0000,3997.6000,3998.0000,3998.4000,3998.6000,3998.8000,4,2,3,1,1,1,1,1,2,3
SF,IF2003,2019-12-24 09:30:58.100,3997.4000,36469,0,268567200.000,0,-,-,-,-,3997.2000,3997.0000,3995.8000,3995.6000,3995.0000,3998.0000,3998.4000,3998.6000,3998.8000,3999.0000,4,2,3,1,1,1,1,2,3,1
SF,IF2003,2019-12-24 09:30:58.600,3997.4000,36469,0,268567200.000,0,-,-,-,-,3997.6000,3997.4000,3997.2000,3997.0000,3995.8000,3998.0000,3998.4000,3998.6000,3998.8000,3999.0000,1,2,4,2,3,1,2,2,1,1
SF,IF2003,2019-12-24 09:30:59.100,3998.0000,36469,0,269766600.000,1,0,1,多换,S,3997.6000,3997.4000,3997.2000,3997.0000,3995.8000,3998.0000,3998.2000,3998.4000,3998.6000,3998.8000,1,2,4,2,3,1,1,2,2,1
SF,IF2003,2019-12-24 09:30:59.600,3998.0000,36469,0,269766600.000,0,-,-,-,-,3997.6000,3997.4000,3997.2000,3997.0000,3995.8000,3998.0000,3998.2000,3998.4000,3998.6000,3998.8000,2,2,4,2,3,1,1,2,2,1
SF,IF2003,2019-12-24 09:31:00.100,3997.6000,36468,-1,272165160.000,2,0,2,多平,S,3997.4000,3997.2000,3997.0000,3995.8000,3995.6000,3998.0000,3998.2000,3998.4000,3998.6000,3998.8000,2,4,2,3,1,1,1,2,2,1
SF,IF2003,2019-12-24 09:31:00.600,3997.6000,36468,0,272165160.000,0,-,-,-,-,3997.6000,3997.4000,3997.2000,3997.0000,3995.8000,3998.0000,3998.2000,3998.4000,3998.6000,3998.8000,3,2,4,2,3,1,1,2,2,1
SF,IF2003,2019-12-24 09:31:01.100,3997.4000,36465,-3,279360660.000,6,1,5,多平,S,3997.2000,3997.0000,3995.8000,3995.6000,3995.0000,3997.4000,3997.6000,3997.8000,3998.0000,3998.2000,4,2,3,1,1,1,2,1,1,1
SF,IF2003,2019-12-24 09:31:01.600,3997.2000,36465,0,284157300.000,4,2,2,多换,S,3997.0000,3995.8000,3995.6000,3995.0000,3994.6000,3997.4000,3997.6000,3997.8000,3998.0000,3998.2000,3,2,1,1,2,1,7,1,1,1
SF,IF2003,2019-12-24 09:31:02.100,3997.2000,36465,0,284157300.000,0,-,-,-,-,3997.0000,3995.8000,3995.6000,3995.0000,3994.6000,3997.4000,3997.6000,3997.8000,3998.0000,3998.2000,3,2,1,1,2,1,7,1,1,1
SF,IF2003,2019-12-24 09:31:02.600,3997.0000,36465,0,285356400.000,1,0,1,多换,S,3997.0000,3995.8000,3995.6000,3995.0000,3994.6000,3997.2000,3997.4000,3997.6000,3997.8000,3998.0000,2,2,1,1,2,4,1,6,1,1
SF,IF2003,2019-12-24 09:31:03.100,3997.2000,36465,0,290152920.000,4,2,2,多换,S,3995.8000,3995.6000,3995.0000,3994.6000,3991.2000,3997.2000,3997.4000,3997.6000,3997.8000,3998.0000,2,1,1,2,1,2,1,6,1,1
SF,IF2003,2019-12-24 09:31:03.600,3996.0000,36464,-1,291351720.000,1,0,1,双平,S,3996.0000,3995.8000,3995.6000,3995.0000,3994.6000,3997.0000,3997.2000,3997.4000,3997.6000,3997.8000,3,2,1,1,2,1,2,1,6,1
SF,IF2003,2019-12-24 09:31:04.600,3996.0000,36464,0,291351720.000,0,-,-,-,-,3996.0000,3995.8000,3995.6000,3995.0000,3994.6000,3997.0000,3997.2000,3997.4000,3997.6000,3997.8000,2,2,1,1,2,1,2,1,6,1
SF,IF2003,2019-12-24 09:31:06.100,3996.0000,36464,0,291351720.000,0,-,-,-,-,3996.0000,3995.8000,3995.6000,3995.0000,3994.6000,3997.0000,3997.2000,3997.4000,3997.6000,3997.8000,1,2,1,1,2,1,2,1,6,1
SF,IF2003,2019-12-24 09:31:07.100,3996.0000,36463,-1,292550520.000,1,0,1,双平,S,3995.8000,3995.6000,3995.0000,3994.6000,3991.2000,3996.8000,3997.0000,3997.4000,3997.6000,3997.8000,2,1,1,2,1,2,1,1,6,1
SF,IF2003,2019-12-24 09:31:07.600,3995.8000,36463,0,294948000.000,2,1,1,多换,S,3995.6000,3995.0000,3994.6000,3991.2000,3990.4000,3995.8000,3996.6000,3996.8000,3997.4000,3997.6000,1,1,2,1,2,1,2,2,1,6
SF,IF2003,2019-12-24 09:31:08.100,3995.8000,36462,-1,296146740.000,1,0,1,双平,S,3995.8000,3995.6000,3995.0000,3994.6000,3991.2000,3996.6000,3996.8000,3997.4000,3997.6000,3997.8000,1,1,1,2,1,2,2,1,6,1
SF,IF2003,2019-12-24 09:31:08.600,3995.8000,36462,0,296146740.000,0,-,-,-,-,3996.0000,3995.8000,3995.6000,3995.0000,3994.6000,3996.6000,3996.8000,3997.4000,3997.6000,3997.8000,1,1,1,1,2,2,2,1,6,1
SF,IF2003,2019-12-24 09:31:09.100,3996.6000,36461,-1,297345720.000,1,0,1,双平,S,3996.0000,3995.8000,3995.6000,3995.0000,3994.6000,3996.8000,3997.4000,3997.6000,3997.8000,3998.0000,1,1,1,1,2,2,1,6,1,2
SF,IF2003,2019-12-24 09:31:09.600,3996.6000,36460,-1,298544700.000,1,0,1,双平,S,3996.6000,3996.0000,3995.6000,3995.0000,3994.6000,3996.8000,3997.4000,3997.6000,3997.8000,3998.0000,1,9,1,1,2,2,1,6,1,2
SF,IF2003,2019-12-24 09:31:10.100,3996.0000,36459,-1,300942480.000,2,0,2,多平,S,3996.0000,3995.6000,3995.0000,3994.6000,3991.2000,3996.6000,3996.8000,3997.4000,3997.6000,3997.8000,7,1,1,2,1,2,2,1,6,1
SF,IF2003,2019-12-24 09:31:10.600,3996.0000,36459,0,300942480.000,0,-,-,-,-,3996.2000,3996.0000,3995.6000,3995.0000,3994.6000,3996.6000,3996.8000,3997.4000,3997.6000,3997.8000,1,7,1,1,2,1,2,1,6,1
SF,IF2003,2019-12-24 09:31:11.100,3996.0000,36459,0,309334080.000,7,3,4,多换,S,3996.0000,3995.6000,3995.0000,3994.6000,3991.2000,3996.4000,3996.6000,3997.4000,3997.6000,3997.8000,1,1,1,2,1,2,1,1,6,1
SF,IF2003,2019-12-24 09:31:11.600,3996.0000,36459,0,309334080.000,0,-,-,-,-,3996.2000,3996.0000,3995.6000,3995.0000,3994.6000,3996.4000,3996.6000,3997.4000,3997.6000,3997.8000,1,1,1,1,2,2,1,1,6,1
SF,IF2003,2019-12-24 09:31:12.100,3996.0000,36458,-1,310532880.000,1,0,1,双平,S,3996.0000,3995.6000,3995.0000,3994.6000,3991.2000,3996.4000,3996.6000,3997.4000,3997.6000,3997.8000,1,1,1,2,1,2,1,1,6,1
SF,IF2003,2019-12-24 09:31:13.100,3996.0000,36458,0,314129520.000,3,1,2,多换,S,3995.6000,3995.0000,3994.6000,3991.2000,3990.4000,3996.6000,3997.4000,3997.6000,3997.8000,3998.0000,1,1,2,1,3,1,1,6,1,2
SF,IF2003,2019-12-24 09:31:13.600,3997.4000,36456,-2,316527720.000,2,0,2,双平,S,3996.6000,3995.8000,3995.6000,3995.0000,3994.6000,3997.6000,3997.8000,3998.0000,3998.2000,3998.6000,5,7,2,2,2,6,1,2,1,2
SF,IF2003,2019-12-24 09:31:14.100,3997.4000,36456,0,316527720.000,0,-,-,-,-,3996.6000,3995.8000,3995.6000,3995.0000,3994.6000,3997.4000,3997.6000,3998.0000,3998.2000,3998.6000,5,6,2,5,2,2,6,2,1,2
SF,IF2003,2019-12-24 09:31:14.600,3997.4000,36456,0,316527720.000,0,-,-,-,-,3996.6000,3995.8000,3995.6000,3995.0000,3994.8000,3997.4000,3997.6000,3998.0000,3998.2000,3998.6000,5,6,2,5,1,1,6,2,1,2
SF,IF2003,2019-12-24 09:31:15.100,3997.4000,36456,0,316527720.000,0,-,-,-,-,3996.8000,3996.6000,3996.2000,3995.8000,3995.6000,3997.4000,3997.6000,3998.0000,3998.2000,3998.6000,2,5,1,6,1,2,6,2,1,2
SF,IF2003,2019-12-24 09:31:15.600,3997.4000,36455,-1,318926160.000,2,0,2,多平,S,3997.4000,3996.8000,3996.2000,3995.8000,3995.6000,3997.6000,3998.0000,3998.2000,3998.6000,3999.0000,3,1,1,6,1,6,2,1,2,1
SF,IF2003,2019-12-24 09:31:16.100,3997.4000,36452,-3,322523820.000,3,0,3,双平,S,3996.8000,3996.2000,3995.8000,3995.6000,3995.0000,3997.6000,3998.0000,3998.2000,3998.6000,3999.0000,1,1,6,1,5,6,2,1,2,1
SF,IF2003,2019-12-24 09:31:16.600,3997.4000,36452,0,322523820.000,0,-,-,-,-,3997.0000,3996.8000,3996.2000,3995.8000,3995.6000,3997.6000,3998.0000,3998.2000,3998.6000,3999.0000,1,1,1,6,1,6,2,1,2,1
SF,IF2003,2019-12-24 09:31:17.100,3997.6000,36452,0,323723100.000,1,0,1,多换,S,3996.8000,3996.2000,3995.8000,3995.6000,3995.0000,3997.6000,3998.0000,3998.2000,3998.6000,3999.0000,1,1,6,1,5,5,2,1,2,1
SF,IF2003,2019-12-24 09:31:17.600,3997.6000,36452,0,323723100.000,0,-,-,-,-,3997.0000,3996.8000,3996.4000,3996.2000,3995.8000,3997.6000,3998.0000,3998.2000,3998.6000,3999.0000,1,2,1,1,6,5,2,1,2,1
SF,IF2003,2019-12-24 09:31:18.100,3997.6000,36452,0,323723100.000,0,-,-,-,-,3996.8000,3996.4000,3996.2000,3995.8000,3995.6000,3997.6000,3998.0000,3998.2000,3998.6000,3999.0000,1,1,1,6,1,5,2,1,2,1
SF,IF2003,2019-12-24 09:31:18.600,3997.6000,36452,0,323723100.000,0,-,-,-,-,3996.8000,3996.4000,3996.2000,3995.8000,3995.6000,3997.4000,3997.6000,3998.0000,3998.2000,3998.6000,1,1,1,6,1,1,5,2,1,2
SF,IF2003,2019-12-24 09:31:19.100,3997.6000,36452,0,323723100.000,0,-,-,-,-,3996.8000,3996.4000,3996.2000,3995.8000,3995.6000,3997.4000,3997.6000,3998.0000,3998.2000,3998.6000,1,1,1,6,1,1,5,2,1,2
SF,IF2003,2019-12-24 09:31:19.600,3997.4000,36449,-3,327320580.000,3,0,3,双平,S,3996.4000,3996.2000,3995.8000,3995.6000,3995.0000,3997.6000,3998.0000,3998.2000,3998.6000,3999.0000,1,1,6,1,5,5,2,1,2,1
SF,IF2003,2019-12-24 09:31:20.100,3997.0000,36449,0,328519680.000,1,0,1,多换,S,3996.6000,3996.4000,3996.2000,3995.8000,3995.6000,3997.2000,3997.4000,3997.6000,3998.0000,3998.2000,1,1,1,6,1,4,1,5,2,1
SF,IF2003,2019-12-24 09:31:20.600,3997.0000,36449,0,328519680.000,0,-,-,-,-,3996.4000,3996.2000,3995.8000,3995.6000,3995.0000,3997.2000,3997.4000,3997.6000,3998.0000,3998.2000,1,1,6,1,5,4,1,5,2,1
SF,IF2003,2019-12-24 09:31:21.100,3997.2000,36450,1,329718840.000,1,1,0,双开,S,3996.4000,3996.2000,3995.8000,3995.6000,3995.0000,3997.2000,3997.6000,3998.0000,3998.2000,3998.6000,1,1,6,1,5,3,5,2,1,2
SF,IF2003,2019-12-24 09:31:21.600,3997.2000,36450,0,329718840.000,0,-,-,-,-,3996.6000,3996.4000,3996.2000,3995.8000,3995.6000,3997.0000,3997.2000,3997.6000,3998.0000,3998.2000,2,1,1,6,1,1,3,5,1,1
SF,IF2003,2019-12-24 09:31:22.100,3997.2000,36450,0,329718840.000,0,-,-,-,-,3996.4000,3995.8000,3995.6000,3995.0000,3994.8000,3997.0000,3997.2000,3997.6000,3998.0000,3998.2000,1,6,1,5,1,1,3,5,1,1
SF,IF2003,2019-12-24 09:31:22.600,3996.4000,36449,-1,330917760.000,1,0,1,双平,S,3996.4000,3995.8000,3995.6000,3995.0000,3994.8000,3997.0000,3997.2000,3997.6000,3998.0000,3998.2000,2,6,1,5,1,1,3,5,1,1
SF,IF2003,2019-12-24 09:31:23.100,3996.4000,36449,0,330917760.000,0,-,-,-,-,3996.4000,3995.8000,3995.6000,3995.0000,3994.8000,3997.0000,3997.2000,3997.6000,3998.0000,3998.2000,2,6,1,5,1,1,3,5,1,1
SF,IF2003,2019-12-24 09:31:23.600,3996.4000,36448,-1,333315600.000,2,0,2,多平,S,3996.4000,3995.8000,3995.6000,3995.0000,3994.8000,3997.0000,3997.2000,3997.6000,3998.0000,3998.2000,1,6,1,5,1,1,3,5,1,1
SF,IF2003,2019-12-24 09:31:24.100,3996.4000,36448,0,334514520.000,1,0,1,多换,S,3995.8000,3995.6000,3995.0000,3994.8000,3994.6000,3996.4000,3996.8000,3997.0000,3997.2000,3997.6000,3,1,5,1,2,1,1,1,3,5
SF,IF2003,2019-12-24 09:31:24.600,3996.4000,36448,0,334514520.000,0,-,-,-,-,3995.6000,3995.0000,3994.8000,3994.6000,3994.4000,3995.8000,3996.2000,3996.6000,3996.8000,3997.0000,1,5,1,2,1,1,1,5,1,1
SF,IF2003,2019-12-24 09:31:25.100,3996.4000,36448,0,334514520.000,0,-,-,-,-,3995.6000,3995.0000,3994.8000,3994.6000,3994.4000,3996.2000,3996.6000,3996.8000,3997.0000,3997.6000,1,5,1,2,1,4,5,1,1,5
SF,IF2003,2019-12-24 09:31:25.600,3996.4000,36448,0,334514520.000,0,-,-,-,-,3995.6000,3995.0000,3994.8000,3994.6000,3994.4000,3996.0000,3996.2000,3996.6000,3996.8000,3997.0000,1,5,1,2,1,1,4,5,1,1
SF,IF2003,2019-12-24 09:31:26.100,3996.4000,36448,0,334514520.000,0,-,-,-,-,3996.0000,3995.6000,3995.0000,3994.8000,3994.6000,3996.2000,3996.6000,3996.8000,3997.0000,3997.6000,1,1,5,1,2,4,5,1,1,5
SF,IF2003,2019-12-24 09:31:26.600,3996.0000,36447,-1,335713320.000,1,0,1,双平,S,3995.6000,3995.0000,3994.8000,3994.6000,3994.4000,3996.0000,3996.2000,3996.6000,3996.8000,3997.0000,1,5,1,2,1,2,3,5,1,1
SF,IF2003,2019-12-24 09:31:27.100,3996.0000,36447,0,335713320.000,0,-,-,-,-,3995.6000,3995.0000,3994.8000,3994.6000,3994.4000,3995.8000,3996.0000,3996.6000,3996.8000,3997.0000,1,5,1,2,1,3,2,5,1,1
SF,IF2003,2019-12-24 09:31:27.600,3995.8000,36447,0,339309540.000,3,1,2,多换,S,3995.6000,3995.0000,3994.8000,3994.6000,3994.4000,3996.0000,3996.6000,3996.8000,3997.0000,3997.6000,1,5,1,2,1,2,5,1,1,5
SF,IF2003,2019-12-24 09:31:28.100,3995.8000,36447,0,340508280.000,1,0,1,多换,S,3995.6000,3995.0000,3994.8000,3994.6000,3994.4000,3996.0000,3996.6000,3996.8000,3997.0000,3997.6000,1,5,1,2,1,2,5,1,1,5
SF,IF2003,2019-12-24 09:31:28.600,3995.8000,36447,0,340508280.000,0,-,-,-,-,3995.6000,3995.0000,3994.8000,3994.6000,3994.4000,3996.0000,3996.6000,3996.8000,3997.0000,3997.6000,1,5,1,2,1,2,5,1,2,5
SF,IF2003,2019-12-24 09:31:29.100,3995.8000,36447,0,340508280.000,0,-,-,-,-,3995.6000,3995.0000,3994.8000,3994.6000,3994.4000,3996.0000,3996.6000,3996.8000,3997.0000,3997.6000,1,5,1,2,1,2,5,1,2,5
SF,IF2003,2019-12-24 09:31:29.600,3995.8000,36447,0,340508280.000,0,-,-,-,-,3995.6000,3995.0000,3994.8000,3994.6000,3994.4000,3996.0000,3996.6000,3996.8000,3997.0000,3997.2000,1,5,1,2,1,2,5,1,2,1
SF,IF2003,2019-12-24 09:31:30.100,3995.8000,36447,0,340508280.000,0,-,-,-,-,3995.6000,3995.0000,3994.8000,3994.6000,3994.4000,3996.0000,3996.6000,3996.8000,3997.0000,3997.2000,1,5,1,2,1,3,5,1,2,1
SF,IF2003,2019-12-24 09:31:31.100,3996.0000,36446,-1,341707080.000,1,0,1,双平,S,3995.6000,3995.0000,3994.8000,3994.6000,3994.4000,3996.0000,3996.6000,3996.8000,3997.0000,3997.2000,1,5,1,2,1,1,5,1,2,1
SF,IF2003,2019-12-24 09:31:31.600,3995.8000,36446,0,342905820.000,1,0,1,多换,S,3995.6000,3995.0000,3994.8000,3994.6000,3994.4000,3996.0000,3996.6000,3996.8000,3997.0000,3997.2000,2,5,1,2,1,1,5,1,2,1
SF,IF2003,2019-12-24 09:31:32.100,3996.0000,36445,-1,344104620.000,1,0,1,双平,S,3995.8000,3995.6000,3995.0000,3994.8000,3994.6000,3996.6000,3996.8000,3997.0000,3997.2000,3997.6000,1,2,5,1,2,5,1,2,1,5
SF,IF2003,2019-12-24 09:31:32.600,3995.6000,36442,-3,348899460.000,4,0,4,多平,S,3995.0000,3994.8000,3994.6000,3994.4000,3994.2000,3995.6000,3996.6000,3996.8000,3997.0000,3997.2000,5,1,2,1,5,1,5,1,2,1
SF,IF2003,2019-12-24 09:31:33.100,3995.0000,36439,-3,354892320.000,5,1,4,多平,S,3995.0000,3994.8000,3994.6000,3994.4000,3994.2000,3996.4000,3996.6000,3996.8000,3997.0000,3997.2000,2,1,2,1,5,1,5,1,2,1
SF,IF2003,2019-12-24 09:31:33.600,3995.0000,36439,0,354892320.000,0,-,-,-,-,3995.0000,3994.8000,3994.6000,3994.4000,3994.2000,3996.0000,3996.2000,3996.4000,3996.6000,3997.0000,3,1,2,1,5,1,2,1,5,2
SF,IF2003,2019-12-24 09:31:34.100,3995.0000,36439,0,354892320.000,0,-,-,-,-,3995.0000,3994.8000,3994.6000,3994.4000,3994.2000,3996.0000,3996.2000,3996.4000,3996.6000,3997.0000,3,1,2,1,5,2,1,1,5,1
SF,IF2003,2019-12-24 09:31:34.600,3995.0000,36439,0,354892320.000,0,-,-,-,-,3995.2000,3995.0000,3994.8000,3994.6000,3994.4000,3996.0000,3996.4000,3996.6000,3997.0000,3997.2000,1,3,1,2,1,2,1,5,1,1
SF,IF2003,2019-12-24 09:31:35.100,3995.0000,36439,0,354892320.000,0,-,-,-,-,3995.4000,3995.2000,3995.0000,3994.8000,3994.6000,3996.0000,3996.4000,3996.6000,3997.0000,3997.2000,4,2,3,1,2,2,1,5,1,1
SF,IF2003,2019-12-24 09:31:35.600,3995.0000,36439,0,354892320.000,0,-,-,-,-,3995.6000,3995.4000,3995.2000,3995.0000,3994.8000,3996.0000,3996.4000,3996.6000,3997.0000,3997.2000,1,5,2,3,1,2,1,5,1,1
SF,IF2003,2019-12-24 09:31:36.100,3996.0000,36438,-1,357289920.000,2,0,2,多平,S,3995.6000,3995.4000,3995.2000,3995.0000,3994.8000,3996.6000,3997.0000,3997.2000,3997.6000,3998.0000,1,5,2,3,1,5,1,1,5,1
SF,IF2003,2019-12-24 09:31:36.600,3996.0000,36438,0,357289920.000,0,-,-,-,-,3995.8000,3995.6000,3995.4000,3995.2000,3995.0000,3996.6000,3997.0000,3997.2000,3997.6000,3998.0000,4,1,5,2,3,5,1,1,5,1
SF,IF2003,2019-12-24 09:31:37.100,3996.0000,36438,0,357289920.000,0,-,-,-,-,3996.0000,3995.8000,3995.6000,3995.4000,3995.2000,3996.6000,3997.0000,3997.2000,3997.6000,3998.0000,2,4,1,5,1,5,1,1,5,1
SF,IF2003,2019-12-24 09:31:37.600,3996.0000,36437,-1,358488720.000,1,0,1,双平,S,3995.8000,3995.6000,3995.4000,3995.2000,3995.0000,3996.6000,3997.0000,3997.2000,3997.6000,3998.0000,4,1,5,1,3,5,1,1,5,1
SF,IF2003,2019-12-24 09:31:38.100,3996.6000,36437,0,359687700.000,1,0,1,多换,S,3995.8000,3995.6000,3995.4000,3995.2000,3995.0000,3996.6000,3997.0000,3997.2000,3997.6000,3998.0000,4,1,5,1,3,4,1,1,5,1
SF,IF2003,2019-12-24 09:31:38.600,3996.6000,36437,0,359687700.000,0,-,-,-,-,3996.0000,3995.8000,3995.6000,3995.4000,3995.2000,3996.6000,3997.2000,3997.6000,3998.0000,3998.2000,1,4,1,5,1,4,1,5,1,2
SF,IF2003,2019-12-24 09:31:39.100,3996.0000,36435,-2,362085300.000,2,0,2,双平,S,3995.6000,3995.4000,3995.2000,3995.0000,3994.8000,3996.0000,3996.4000,3996.6000,3997.2000,3997.6000,1,1,1,3,1,1,2,4,1,5
SF,IF2003,2019-12-24 09:31:39.600,3995.4000,36435,0,364482600.000,2,1,1,多换,S,3995.0000,3994.8000,3994.6000,3994.2000,3993.6000,3995.4000,3995.6000,3996.4000,3996.6000,3997.2000,3,1,2,5,1,1,1,1,4,1
SF,IF2003,2019-12-24 09:31:40.100,3995.4000,36434,-1,365681220.000,1,0,1,双平,S,3995.4000,3995.0000,3994.8000,3994.6000,3994.2000,3996.4000,3996.6000,3997.2000,3997.6000,3998.0000,3,3,1,2,5,2,4,1,5,1
SF,IF2003,2019-12-24 09:31:40.600,3995.4000,36434,0,365681220.000,0,-,-,-,-,3995.4000,3995.0000,3994.8000,3994.6000,3994.2000,3996.0000,3996.2000,3996.4000,3996.6000,3997.2000,1,3,1,2,5,1,3,3,4,1
SF,IF2003,2019-12-24 09:31:41.100,3995.4000,36434,0,365681220.000,0,-,-,-,-,3995.4000,3995.0000,3994.8000,3994.6000,3994.2000,3996.0000,3996.2000,3996.4000,3996.6000,3997.2000,1,3,1,2,5,1,1,3,4,1
SF,IF2003,2019-12-24 09:31:41.600,3996.4000,36430,-4,370476720.000,4,0,4,双平,S,3996.4000,3995.4000,3995.0000,3994.8000,3994.6000,3996.6000,3997.2000,3997.6000,3998.0000,3998.2000,15,1,3,1,2,4,1,5,1,2
SF,IF2003,2019-12-24 09:31:42.100,3996.4000,36415,-15,388460520.000,15,0,15,双平,S,3995.4000,3995.0000,3994.8000,3994.6000,3994.2000,3996.6000,3997.2000,3997.6000,3998.0000,3998.2000,1,3,1,2,5,4,1,5,1,2
SF,IF2003,2019-12-24 09:31:42.600,3996.4000,36415,0,388460520.000,0,-,-,-,-,3995.6000,3995.4000,3995.0000,3994.8000,3994.6000,3996.2000,3996.6000,3997.2000,3997.6000,3998.0000,1,1,3,1,2,1,4,1,5,1
SF,IF2003,2019-12-24 09:31:43.100,3996.4000,36415,0,388460520.000,0,-,-,-,-,3995.6000,3995.4000,3995.0000,3994.8000,3994.6000,3996.2000,3996.6000,3997.2000,3997.6000,3998.0000,1,1,3,1,2,1,4,1,5,1
SF,IF2003,2019-12-24 09:31:43.600,3996.2000,36414,-1,389659380.000,1,0,1,双平,S,3995.6000,3995.4000,3995.0000,3994.8000,3994.6000,3996.6000,3997.2000,3997.6000,3998.0000,3998.2000,1,1,3,1,2,4,1,5,1,2
SF,IF2003,2019-12-24 09:31:44.100,3996.2000,36414,0,389659380.000,0,-,-,-,-,3995.6000,3995.4000,3995.0000,3994.8000,3994.6000,3996.4000,3996.6000,3997.2000,3997.6000,3998.0000,2,1,3,1,2,1,4,1,5,1
SF,IF2003,2019-12-24 09:31:45.100,3996.4000,36414,0,390858300.000,1,0,1,多换,S,3996.4000,3995.6000,3995.4000,3995.2000,3995.0000,3996.6000,3997.2000,3997.6000,3998.0000,3998.2000,4,1,1,1,3,4,1,5,1,2
SF,IF2003,2019-12-24 09:31:45.600,3996.4000,36414,0,395653980.000,4,2,2,多换,S,3995.6000,3995.4000,3995.2000,3995.0000,3994.8000,3996.4000,3996.6000,3997.2000,3997.6000,3998.0000,1,1,1,3,1,2,4,1,5,1
SF,IF2003,2019-12-24 09:31:46.100,3996.4000,36414,0,396852900.000,1,0,1,多换,S,3995.6000,3995.4000,3995.2000,3995.0000,3994.8000,3996.6000,3997.2000,3997.6000,3998.0000,3998.2000,1,1,1,3,1,4,1,5,1,2
SF,IF2003,2019-12-24 09:31:46.600,3996.4000,36414,0,396852900.000,0,-,-,-,-,3995.8000,3995.6000,3995.4000,3995.2000,3995.0000,3996.6000,3997.2000,3997.6000,3998.0000,3998.2000,1,1,1,1,3,4,1,5,1,2
SF,IF2003,2019-12-24 09:31:47.600,3996.4000,36414,0,396852900.000,0,-,-,-,-,3995.6000,3995.4000,3995.2000,3995.0000,3994.8000,3996.4000,3996.6000,3997.2000,3997.6000,3998.0000,1,1,1,3,1,4,4,1,5,1
SF,IF2003,2019-12-24 09:31:48.100,3996.4000,36414,0,396852900.000,0,-,-,-,-,3995.8000,3995.4000,3995.2000,3995.0000,3994.8000,3996.4000,3996.6000,3997.2000,3997.6000,3998.0000,1,1,1,3,1,4,4,1,5,1
SF,IF2003,2019-12-24 09:31:48.600,3996.4000,36414,0,396852900.000,0,-,-,-,-,3995.4000,3995.2000,3995.0000,3994.8000,3994.6000,3996.4000,3996.6000,3997.2000,3997.6000,3998.0000,1,1,3,1,2,4,4,1,5,1
SF,IF2003,2019-12-24 09:31:49.100,3996.4000,36414,0,396852900.000,0,-,-,-,-,3995.6000,3995.4000,3995.2000,3995.0000,3994.8000,3996.2000,3996.4000,3996.6000,3997.2000,3997.6000,7,2,1,3,1,5,4,4,1,5
SF,IF2003,2019-12-24 09:31:49.600,3996.2000,36412,-2,399250620.000,2,0,2,双平,S,3995.8000,3995.6000,3995.4000,3995.2000,3995.0000,3996.2000,3996.4000,3996.6000,3997.2000,3997.6000,6,1,2,1,3,3,4,4,1,5
SF,IF2003,2019-12-24 09:31:50.100,3996.0000,36409,-3,402847140.000,3,0,3,双平,S,3996.0000,3995.8000,3995.6000,3995.4000,3995.2000,3996.2000,3996.4000,3996.6000,3997.2000,3997.6000,2,2,1,2,1,1,4,4,1,5
SF,IF2003,2019-12-24 09:31:50.600,3996.0000,36408,-1,404045940.000,1,0,1,双平,S,3995.8000,3995.6000,3995.4000,3995.2000,3995.0000,3996.2000,3996.4000,3996.6000,3997.2000,3997.6000,2,1,2,1,3,1,4,4,1,5
SF,IF2003,2019-12-24 09:31:51.600,3995.8000,36407,-1,405244680.000,1,0,1,双平,S,3995.6000,3995.4000,3995.2000,3995.0000,3994.8000,3996.2000,3996.4000,3997.2000,3997.6000,3998.0000,1,2,1,3,1,1,4,1,5,1
SF,IF2003,2019-12-24 09:31:52.100,3995.8000,36407,0,405244680.000,0,-,-,-,-,3995.8000,3995.6000,3995.4000,3995.2000,3995.0000,3996.2000,3996.4000,3997.2000,3997.6000,3998.0000,2,1,2,1,3,1,4,1,5,1
SF,IF2003,2019-12-24 09:31:52.600,3996.2000,36406,-1,406443540.000,1,0,1,双平,S,3995.8000,3995.6000,3995.4000,3995.2000,3995.0000,3996.4000,3997.2000,3997.6000,3998.0000,3998.2000,2,1,2,1,3,4,1,5,1,2
SF,IF2003,2019-12-24 09:31:53.100,3996.2000,36406,0,406443540.000,0,-,-,-,-,3995.8000,3995.6000,3995.4000,3995.2000,3995.0000,3996.0000,3996.4000,3996.6000,3997.2000,3997.6000,2,1,2,1,3,1,4,1,1,5
SF,IF2003,2019-12-24 09:31:53.600,3996.0000,36406,0,407642340.000,1,0,1,多换,S,3996.0000,3995.6000,3995.4000,3995.2000,3995.0000,3996.4000,3996.6000,3997.2000,3997.6000,3998.0000,2,1,4,1,3,4,1,1,5,1
SF,IF2003,2019-12-24 09:31:54.100,3996.0000,36406,0,407642340.000,0,-,-,-,-,3995.6000,3995.4000,3995.2000,3995.0000,3994.8000,3996.4000,3996.6000,3997.2000,3997.6000,3998.0000,1,4,1,3,1,4,1,1,5,1
SF,IF2003,2019-12-24 09:31:54.600,3995.8000,36405,-1,408841080.000,1,0,1,双平,S,3995.8000,3995.6000,3995.4000,3995.2000,3995.0000,3996.4000,3996.6000,3997.2000,3997.6000,3998.0000,2,1,2,1,3,4,1,1,5,1
SF,IF2003,2019-12-24 09:31:55.100,3995.8000,36405,0,408841080.000,0,-,-,-,-,3995.8000,3995.6000,3995.4000,3995.2000,3995.0000,3996.4000,3996.6000,3997.2000,3997.6000,3998.0000,1,1,2,1,3,4,1,1,5,1
SF,IF2003,2019-12-24 09:31:55.600,3995.8000,36405,0,408841080.000,0,-,-,-,-,3995.6000,3995.4000,3995.2000,3995.0000,3994.8000,3996.4000,3996.6000,3997.2000,3997.6000,3998.0000,1,2,1,3,1,4,1,1,5,1
SF,IF2003,2019-12-24 09:31:56.100,3996.2000,36404,-1,410039940.000,1,0,1,双平,S,3995.8000,3995.6000,3995.4000,3995.2000,3995.0000,3996.4000,3996.6000,3997.2000,3997.6000,3998.0000,1,1,2,1,3,4,1,1,5,1
SF,IF2003,2019-12-24 09:31:56.600,3996.4000,36404,0,414835620.000,4,2,2,多换,S,3996.4000,3996.0000,3995.8000,3995.4000,3995.2000,3996.6000,3997.2000,3997.6000,3998.0000,3998.2000,3,1,1,2,1,1,1,5,1,2
SF,IF2003,2019-12-24 09:31:57.600,3996.6000,36403,-1,416034600.000,1,0,1,双平,S,3996.6000,3996.4000,3996.0000,3995.8000,3995.4000,3997.2000,3997.6000,3998.0000,3998.2000,3998.4000,2,3,1,1,2,1,5,1,2,1
SF,IF2003,2019-12-24 09:31:58.100,3996.6000,36403,0,416034600.000,0,-,-,-,-,3996.4000,3996.0000,3995.8000,3995.4000,3995.2000,3997.2000,3997.6000,3998.0000,3998.2000,3998.4000,4,1,1,2,1,1,5,1,2,1
SF,IF2003,2019-12-24 09:31:58.600,3996.4000,36403,0,417233520.000,1,0,1,多换,S,3996.4000,3996.0000,3995.8000,3995.4000,3995.2000,3997.2000,3997.6000,3998.0000,3998.2000,3998.4000,3,1,1,2,1,1,5,1,2,1
SF,IF2003,2019-12-24 09:31:59.100,3996.4000,36403,0,420830280.000,3,1,2,多换,S,3996.0000,3995.8000,3995.4000,3995.2000,3995.0000,3996.4000,3996.6000,3997.0000,3997.2000,3997.6000,1,1,2,1,3,1,1,1,1,5
SF,IF2003,2019-12-24 09:31:59.600,3996.4000,36403,0,420830280.000,0,-,-,-,-,3996.0000,3995.8000,3995.4000,3995.2000,3995.0000,3996.4000,3996.6000,3997.0000,3997.2000,3997.6000,1,1,2,1,3,1,1,3,1,5
SF,IF2003,2019-12-24 09:32:00.100,3996.4000,36402,-1,422029200.000,1,0,1,双平,S,3996.2000,3996.0000,3995.8000,3995.4000,3995.2000,3996.6000,3997.0000,3997.2000,3997.6000,3998.0000,1,1,1,2,1,1,3,1,5,1
SF,IF2003,2019-12-24 09:32:00.600,3996.4000,36402,0,424427040.000,2,1,1,多换,S,3995.8000,3995.4000,3995.2000,3995.0000,3994.8000,3996.6000,3997.0000,3997.2000,3997.6000,3998.0000,1,2,1,3,1,1,2,1,5,1
SF,IF2003,2019-12-24 09:32:01.100,3996.6000,36403,1,428023920.000,3,2,1,空开,S,3995.8000,3995.4000,3995.2000,3995.0000,3994.8000,3997.0000,3997.2000,3997.6000,3998.0000,3998.2000,1,2,1,3,1,2,1,5,1,2
SF,IF2003,2019-12-24 09:32:01.600,3996.6000,36403,0,428023920.000,0,-,-,-,-,3996.0000,3995.8000,3995.4000,3995.2000,3995.0000,3996.8000,3997.0000,3997.2000,3997.6000,3998.0000,1,1,2,1,3,2,2,1,5,1
SF,IF2003,2019-12-24 09:32:02.100,3996.6000,36403,0,428023920.000,0,-,-,-,-,3995.8000,3995.4000,3995.2000,3995.0000,3994.8000,3996.8000,3997.0000,3997.2000,3997.6000,3998.0000,1,2,1,3,1,1,2,1,5,1
SF,IF2003,2019-12-24 09:32:02.600,3996.6000,36403,0,428023920.000,0,-,-,-,-,3996.0000,3995.8000,3995.4000,3995.2000,3995.0000,3997.0000,3997.2000,3997.6000,3998.0000,3998.2000,1,2,2,1,3,2,1,5,1,2
SF,IF2003,2019-12-24 09:32:03.100,3996.6000,36403,0,428023920.000,0,-,-,-,-,3996.2000,3995.8000,3995.4000,3995.2000,3995.0000,3996.8000,3997.0000,3997.2000,3997.6000,3998.0000,1,2,2,1,3,1,2,1,5,1
SF,IF2003,2019-12-24 09:32:03.600,3996.6000,36403,0,428023920.000,0,-,-,-,-,3996.2000,3995.8000,3995.4000,3995.2000,3995.0000,3997.0000,3997.2000,3997.6000,3998.0000,3998.2000,1,2,2,1,3,2,1,5,1,2
SF,IF2003,2019-12-24 09:32:04.100,3996.6000,36403,0,428023920.000,0,-,-,-,-,3995.8000,3995.4000,3995.2000,3995.0000,3994.8000,3997.0000,3997.2000,3997.6000,3998.0000,3998.2000,2,2,1,3,1,2,1,5,1,2
SF,IF2003,2019-12-24 09:32:04.600,3996.6000,36403,0,428023920.000,0,-,-,-,-,3995.8000,3995.4000,3995.2000,3995.0000,3994.8000,3996.8000,3997.0000,3997.2000,3997.6000,3998.0000,1,2,1,3,1,1,2,1,5,1
SF,IF2003,2019-12-24 09:32:05.100,3996.6000,36403,0,428023920.000,0,-,-,-,-,3995.8000,3995.4000,3995.2000,3995.0000,3994.8000,3996.6000,3997.0000,3997.2000,3997.6000,3998.0000,2,2,1,3,1,1,2,1,5,1
SF,IF2003,2019-12-24 09:32:05.600,3996.6000,36403,0,428023920.000,0,-,-,-,-,3996.0000,3995.8000,3995.4000,3995.2000,3995.0000,3996.6000,3997.0000,3997.2000,3997.6000,3998.0000,1,2,2,1,3,1,2,1,5,1
SF,IF2003,2019-12-24 09:32:06.100,3996.6000,36403,0,428023920.000,0,-,-,-,-,3996.0000,3995.8000,3995.4000,3995.2000,3995.0000,3996.6000,3997.0000,3997.2000,3997.6000,3998.0000,1,2,2,1,3,1,2,1,5,1
SF,IF2003,2019-12-24 09:32:06.600,3996.0000,36402,-1,429222720.000,1,0,1,双平,S,3995.8000,3995.4000,3995.2000,3995.0000,3994.8000,3996.4000,3997.0000,3997.2000,3997.6000,3998.0000,2,2,1,3,1,4,2,1,5,1
SF,IF2003,2019-12-24 09:32:09.100,3996.4000,36399,-3,432819480.000,3,0,3,双平,S,3995.8000,3995.4000,3995.2000,3995.0000,3994.8000,3996.4000,3997.0000,3997.2000,3997.6000,3998.0000,2,2,1,3,1,1,2,1,5,1
SF,IF2003,2019-12-24 09:32:09.600,3996.4000,36398,-1,434018400.000,1,0,1,双平,S,3996.4000,3996.0000,3995.8000,3995.4000,3995.2000,3997.0000,3997.2000,3997.6000,3998.0000,3998.2000,5,3,2,2,1,2,1,5,1,2
SF,IF2003,2019-12-24 09:32:10.100,3996.4000,36398,0,434018400.000,0,-,-,-,-,3996.4000,3996.0000,3995.8000,3995.4000,3995.2000,3997.0000,3997.2000,3997.6000,3998.0000,3998.2000,5,3,1,2,1,2,1,5,1,2
SF,IF2003,2019-12-24 09:32:10.600,3996.4000,36398,0,434018400.000,0,-,-,-,-,3996.4000,3996.0000,3995.8000,3995.4000,3995.2000,3996.8000,3997.0000,3997.2000,3997.6000,3998.0000,5,3,1,2,1,1,2,1,5,1
SF,IF2003,2019-12-24 09:32:11.100,3996.4000,36398,0,435217320.000,1,0,1,多换,S,3996.4000,3996.0000,3995.8000,3995.4000,3995.2000,3996.8000,3997.0000,3997.2000,3997.6000,3998.0000,4,3,1,2,1,1,2,1,5,1
SF,IF2003,2019-12-24 09:32:12.100,3996.8000,36398,0,436416360.000,1,0,1,多换,S,3996.8000,3996.4000,3996.0000,3995.8000,3995.4000,3997.0000,3997.2000,3997.6000,3998.0000,3998.2000,14,4,3,1,2,2,1,5,1,2
SF,IF2003,2019-12-24 09:32:13.100,3997.2000,36398,0,440013720.000,3,1,2,多换,S,3997.2000,3996.8000,3996.4000,3996.0000,3995.8000,3997.6000,3998.0000,3998.2000,3998.4000,3998.6000,1,14,2,3,1,5,1,2,1,2
SF,IF2003,2019-12-24 09:32:13.600,3997.4000,36397,-1,441212940.000,1,0,1,双平,S,3996.8000,3996.4000,3996.0000,3995.8000,3995.4000,3997.6000,3998.0000,3998.2000,3998.4000,3998.6000,14,2,2,1,2,5,1,2,1,2
SF,IF2003,2019-12-24 09:32:14.100,3997.6000,36399,2,444810780.000,3,2,1,空开,S,3996.8000,3996.4000,3996.0000,3995.8000,3995.4000,3997.6000,3998.0000,3998.2000,3998.4000,3998.6000,14,2,2,1,2,2,1,2,1,2
SF,IF2003,2019-12-24 09:32:14.600,3997.6000,36399,0,447209340.000,2,1,1,多换,S,3997.6000,3997.0000,3996.8000,3996.4000,3996.0000,3998.0000,3998.2000,3998.4000,3998.6000,3999.0000,2,3,14,2,1,1,2,1,2,1
SF,IF2003,2019-12-24 09:32:15.100,3998.2000,36398,-1,449608200.000,2,0,2,多平,S,3998.0000,3997.8000,3997.0000,3996.8000,3996.6000,3998.6000,3999.0000,3999.4000,3999.6000,3999.8000,1,1,3,14,10,1,1,1,1,1
SF,IF2003,2019-12-24 09:32:15.600,3997.0000,36397,-1,452006640.000,2,0,2,多平,S,3997.0000,3996.8000,3996.6000,3996.0000,3995.8000,3998.6000,3999.0000,3999.4000,3999.6000,3999.8000,1,14,10,1,1,1,1,1,1,1
SF,IF2003,2019-12-24 09:32:16.100,3997.0000,36397,0,452006640.000,0,-,-,-,-,3997.2000,3997.0000,3996.8000,3996.6000,3995.8000,3998.6000,3999.0000,3999.4000,3999.6000,3999.8000,4,3,14,10,1,1,1,1,1,1
SF,IF2003,2019-12-24 09:32:16.600,3997.0000,36397,0,452006640.000,0,-,-,-,-,3997.4000,3997.2000,3997.0000,3996.8000,3996.6000,3998.4000,3998.6000,3999.0000,3999.4000,3999.6000,5,2,1,14,10,1,2,1,1,1
SF,IF2003,2019-12-24 09:32:17.100,3997.0000,36397,0,452006640.000,0,-,-,-,-,3997.6000,3997.4000,3997.2000,3997.0000,3996.8000,3998.4000,3998.6000,3999.0000,3999.4000,3999.6000,3,2,1,1,14,1,2,1,1,1
SF,IF2003,2019-12-24 09:32:17.600,3997.0000,36397,0,452006640.000,0,-,-,-,-,3997.8000,3997.6000,3997.4000,3997.2000,3997.0000,3998.6000,3999.0000,3999.4000,3999.6000,3999.8000,1,2,1,1,1,2,1,1,1,1
SF,IF2003,2019-12-24 09:32:18.100,3997.0000,36396,-1,453205740.000,1,0,1,双平,S,3998.4000,3997.6000,3997.4000,3997.2000,3997.0000,3998.6000,3999.0000,3999.4000,3999.6000,3999.8000,10,1,1,1,1,2,1,1,1,1
SF,IF2003,2019-12-24 09:32:18.600,3998.4000,36396,0,462801900.000,8,4,4,多换,S,3998.4000,3997.6000,3997.4000,3997.2000,3997.0000,3998.6000,3999.0000,3999.2000,3999.4000,3999.6000,2,1,1,1,1,2,1,1,2,2
SF,IF2003,2019-12-24 09:32:19.100,3998.4000,36396,0,465200940.000,2,1,1,多换,S,3997.6000,3997.4000,3997.2000,3997.0000,3996.8000,3998.6000,3999.0000,3999.2000,3999.4000,3999.6000,1,1,1,1,14,2,1,1,2,2
SF,IF2003,2019-12-24 09:32:19.600,3998.4000,36396,0,465200940.000,0,-,-,-,-,3997.8000,3997.6000,3997.4000,3997.2000,3997.0000,3998.6000,3999.0000,3999.2000,3999.4000,3999.6000,1,1,1,1,1,1,1,1,2,2
SF,IF2003,2019-12-24 09:32:20.100,3998.4000,36396,0,465200940.000,0,-,-,-,-,3997.6000,3997.4000,3997.2000,3997.0000,3996.8000,3998.4000,3998.6000,3999.0000,3999.2000,3999.4000,1,1,1,1,14,1,1,1,1,2
SF,IF2003,2019-12-24 09:32:20.600,3998.4000,36396,0,465200940.000,0,-,-,-,-,3997.4000,3997.2000,3997.0000,3996.8000,3996.6000,3998.4000,3998.6000,3999.0000,3999.2000,3999.4000,1,1,1,14,10,1,1,1,1,2
SF,IF2003,2019-12-24 09:32:21.100,3998.4000,36396,0,465200940.000,0,-,-,-,-,3997.4000,3997.2000,3997.0000,3996.8000,3996.6000,3998.4000,3998.6000,3999.0000,3999.2000,3999.4000,1,1,1,14,10,1,1,1,1,2
SF,IF2003,2019-12-24 09:32:21.600,3998.4000,36396,0,465200940.000,0,-,-,-,-,3997.6000,3997.4000,3997.2000,3996.8000,3996.6000,3998.2000,3998.4000,3998.6000,3999.0000,3999.2000,2,1,1,14,10,1,3,1,1,1
SF,IF2003,2019-12-24 09:32:22.100,3998.4000,36396,0,465200940.000,0,-,-,-,-,3997.6000,3997.2000,3996.8000,3996.6000,3995.8000,3998.4000,3998.6000,3999.0000,3999.2000,3999.4000,1,1,14,10,1,2,1,1,1,2
SF,IF2003,2019-12-24 09:32:22.600,3998.4000,36396,0,465200940.000,0,-,-,-,-,3997.2000,3996.8000,3996.6000,3995.8000,3995.4000,3998.4000,3998.6000,3999.0000,3999.2000,3999.4000,1,14,10,1,1,1,1,1,1,2
SF,IF2003,2019-12-24 09:32:23.100,3998.4000,36396,0,466400460.000,1,0,1,多换,S,3998.4000,3997.4000,3997.2000,3996.8000,3996.6000,3998.6000,3999.0000,3999.2000,3999.4000,3999.6000,1,3,1,14,10,1,1,1,2,2
SF,IF2003,2019-12-24 09:32:23.600,3998.4000,36396,0,466400460.000,0,-,-,-,-,3998.4000,3997.4000,3997.2000,3996.8000,3996.6000,3998.6000,3999.0000,3999.2000,3999.4000,3999.6000,1,2,1,14,10,3,1,1,2,2
SF,IF2003,2019-12-24 09:32:24.100,3998.4000,36396,0,468799560.000,2,1,1,多换,S,3997.4000,3997.2000,3996.8000,3996.6000,3995.8000,3998.6000,3999.0000,3999.2000,3999.4000,3999.6000,2,1,14,10,1,1,1,1,2,2
SF,IF2003,2019-12-24 09:32:24.600,3999.0000,36395,-1,471198840.000,2,0,2,多平,S,3997.6000,3997.4000,3997.2000,3996.8000,3996.6000,3999.2000,3999.4000,3999.6000,3999.8000,4000.0000,3,1,1,14,10,1,2,2,1,6
SF,IF2003,2019-12-24 09:32:25.100,3999.0000,36395,0,471198840.000,0,-,-,-,-,3997.8000,3997.6000,3997.2000,3996.8000,3996.6000,3999.0000,3999.4000,3999.6000,3999.8000,4000.0000,4,1,1,14,10,2,1,1,1,6
SF,IF2003,2019-12-24 09:32:25.600,3999.0000,36395,0,472398540.000,1,0,1,多换,S,3998.0000,3997.8000,3997.6000,3997.2000,3996.8000,3999.0000,3999.4000,3999.6000,3999.8000,4000.0000,2,3,1,1,14,1,1,1,1,6
SF,IF2003,2019-12-24 09:32:26.100,3999.0000,36394,-1,473598240.000,1,0,1,双平,S,3999.0000,3998.6000,3998.2000,3998.0000,3997.6000,3999.4000,3999.6000,3999.8000,4000.0000,4003.0000,5,2,4,3,1,1,1,1,6,1
SF,IF2003,2019-12-24 09:32:26.600,3999.0000,36394,0,479596740.000,5,2,3,多换,S,3998.6000,3998.2000,3998.0000,3996.8000,3995.8000,3999.2000,3999.4000,3999.6000,3999.8000,4000.0000,2,1,3,14,1,1,1,1,1,7
SF,IF2003,2019-12-24 09:32:27.100,3999.4000,36395,1,480796560.000,1,1,0,双开,S,3999.4000,3998.6000,3998.4000,3998.2000,3998.0000,3999.6000,3999.8000,4000.0000,4000.2000,4000.4000,1,2,1,1,2,1,1,7,1,1
SF,IF2003,2019-12-24 09:32:27.600,3998.6000,36395,0,483195960.000,2,1,1,多换,S,3998.6000,3998.4000,3998.2000,3998.0000,3996.8000,3999.4000,3999.6000,3999.8000,4000.0000,4000.2000,1,1,1,2,14,3,1,1,7,1
SF,IF2003,2019-12-24 09:32:28.100,3998.6000,36395,0,483195960.000,0,-,-,-,-,3999.0000,3998.8000,3998.6000,3998.2000,3998.0000,3999.4000,3999.6000,3999.8000,4000.0000,4000.2000,1,1,3,1,1,1,1,1,7,1
SF,IF2003,2019-12-24 09:32:29.100,3998.6000,36395,0,483195960.000,0,-,-,-,-,3999.0000,3998.8000,3998.6000,3998.2000,3998.0000,3999.4000,3999.6000,3999.8000,4000.0000,4000.2000,1,1,3,1,1,1,1,1,7,1
SF,IF2003,2019-12-24 09:32:29.600,3998.6000,36395,0,483195960.000,0,-,-,-,-,3999.0000,3998.6000,3998.2000,3998.0000,3996.8000,3999.4000,3999.6000,3999.8000,4000.0000,4000.2000,1,3,1,1,14,1,1,1,7,1
SF,IF2003,2019-12-24 09:32:30.100,3998.6000,36394,-1,484395540.000,1,0,1,双平,S,3998.6000,3998.2000,3998.0000,3996.8000,3996.2000,3999.4000,3999.6000,3999.8000,4000.0000,4000.2000,3,1,1,14,1,1,1,1,7,1
SF,IF2003,2019-12-24 09:32:30.600,3999.6000,36393,-1,486795240.000,2,0,2,多平,S,3998.8000,3998.6000,3998.0000,3996.8000,3996.2000,3999.8000,4000.0000,4000.2000,4000.4000,4003.0000,6,2,1,14,1,1,7,1,1,1
SF,IF2003,2019-12-24 09:32:31.100,3999.6000,36393,0,486795240.000,0,-,-,-,-,3999.0000,3998.8000,3998.6000,3998.0000,3996.8000,3999.8000,4000.0000,4000.2000,4000.4000,4003.0000,4,3,2,1,14,1,7,1,1,1
SF,IF2003,2019-12-24 09:32:31.600,3999.4000,36393,0,487995060.000,1,0,1,多换,S,3999.4000,3999.2000,3999.0000,3998.8000,3998.6000,3999.8000,4000.0000,4000.8000,4003.0000,4003.6000,1,5,2,2,1,1,6,1,1,2
SF,IF2003,2019-12-24 09:32:32.100,3999.4000,36393,0,487995060.000,0,-,-,-,-,3999.4000,3999.2000,3998.8000,3998.6000,3998.0000,3999.8000,4000.0000,4000.4000,4000.6000,4000.8000,1,5,2,1,1,1,6,1,1,2
SF,IF2003,2019-12-24 09:32:32.600,3999.4000,36393,0,487995060.000,0,-,-,-,-,3999.4000,3999.2000,3998.8000,3998.6000,3998.0000,3999.8000,4000.0000,4000.4000,4000.6000,4000.8000,1,5,1,1,1,1,6,1,1,2
SF,IF2003,2019-12-24 09:32:33.100,3999.4000,36392,-1,489194880.000,1,0,1,双平,S,3999.6000,3999.2000,3998.8000,3998.6000,3998.0000,3999.8000,4000.0000,4000.4000,4000.6000,4000.8000,1,4,1,1,1,1,6,1,1,2
SF,IF2003,2019-12-24 09:32:33.600,3999.6000,36391,-1,490394760.000,1,0,1,双平,S,3999.2000,3998.8000,3998.6000,3998.0000,3996.8000,3999.8000,4000.0000,4000.4000,4000.6000,4000.8000,4,2,1,1,14,1,6,1,1,2
SF,IF2003,2019-12-24 09:32:34.100,3999.8000,36391,0,491594700.000,1,0,1,多换,S,3999.8000,3999.2000,3998.8000,3998.6000,3998.0000,4000.0000,4000.4000,4000.6000,4000.8000,4003.0000,1,2,2,1,1,6,1,1,2,1
SF,IF2003,2019-12-24 09:32:34.600,3999.8000,36391,0,492794640.000,1,0,1,多换,S,3999.2000,3998.8000,3998.6000,3998.0000,3996.8000,3999.6000,4000.0000,4000.4000,4000.6000,4000.8000,1,1,1,1,14,1,6,1,1,2
SF,IF2003,2019-12-24 09:32:35.100,3999.2000,36390,-1,493994400.000,1,0,1,双平,S,3998.8000,3998.6000,3998.0000,3996.8000,3996.2000,3999.2000,3999.4000,4000.0000,4000.4000,4000.6000,1,1,1,14,1,2,1,6,1,1
SF,IF2003,2019-12-24 09:32:35.600,3999.0000,36387,-3,497593620.000,3,0,3,双平,S,3999.0000,3998.8000,3998.6000,3998.0000,3996.8000,3999.4000,4000.0000,4000.4000,4000.6000,4000.8000,2,1,1,1,14,1,6,1,1,2
SF,IF2003,2019-12-24 09:32:36.100,3999.0000,36387,0,497593620.000,0,-,-,-,-,3998.8000,3998.6000,3998.0000,3996.8000,3996.2000,3999.4000,4000.0000,4000.4000,4000.6000,4000.8000,1,1,1,14,1,1,6,1,1,2
SF,IF2003,2019-12-24 09:32:36.600,3999.4000,36387,0,498793440.000,1,0,1,多换,S,3998.8000,3998.6000,3998.0000,3996.8000,3996.2000,3999.4000,4000.0000,4000.4000,4000.6000,4000.8000,1,1,1,14,1,1,6,1,1,2
SF,IF2003,2019-12-24 09:32:37.600,3999.4000,36387,0,498793440.000,0,-,-,-,-,3998.8000,3998.6000,3998.0000,3996.8000,3996.2000,3999.4000,4000.0000,4000.4000,4000.6000,4000.8000,1,1,1,14,1,1,6,1,1,2
SF,IF2003,2019-12-24 09:32:38.100,3998.8000,36385,-2,501192900.000,2,0,2,双平,S,3998.6000,3998.0000,3996.8000,3996.2000,3995.8000,4000.0000,4000.4000,4000.6000,4000.8000,4003.0000,1,1,14,1,1,6,1,1,2,1
SF,IF2003,2019-12-24 09:32:38.600,3998.8000,36385,0,501192900.000,0,-,-,-,-,3998.6000,3998.0000,3996.8000,3996.2000,3995.8000,3999.8000,4000.0000,4000.4000,4000.6000,4000.8000,1,1,14,1,1,4,6,1,1,2
SF,IF2003,2019-12-24 09:32:39.600,3999.8000,36385,0,502392840.000,1,0,1,多换,S,3998.6000,3998.0000,3996.8000,3996.2000,3995.8000,3999.6000,3999.8000,4000.0000,4000.4000,4000.6000,1,1,14,1,1,1,4,6,1,1
SF,IF2003,2019-12-24 09:32:40.100,3998.6000,36383,-2,504792000.000,2,0,2,双平,S,3996.8000,3996.2000,3995.8000,3995.2000,3995.0000,3999.2000,3999.4000,3999.6000,3999.8000,4000.0000,14,1,1,1,6,3,2,1,2,6
SF,IF2003,2019-12-24 09:32:40.600,3998.6000,36383,0,504792000.000,0,-,-,-,-,3997.8000,3997.6000,3997.2000,3997.0000,3996.8000,3998.6000,3999.0000,3999.4000,3999.6000,3999.8000,1,1,1,9,15,1,7,1,1,2
SF,IF2003,2019-12-24 09:32:41.100,3998.6000,36383,0,504792000.000,0,-,-,-,-,3998.0000,3997.8000,3997.6000,3997.2000,3997.0000,3998.6000,3999.0000,3999.4000,3999.6000,3999.8000,3,1,1,1,4,1,4,1,1,1
SF,IF2003,2019-12-24 09:32:41.600,3998.6000,36383,0,504792000.000,0,-,-,-,-,3998.0000,3997.8000,3997.6000,3997.2000,3997.0000,3998.4000,3998.6000,3999.0000,3999.4000,3999.8000,3,1,1,1,4,1,2,4,1,1
SF,IF2003,2019-12-24 09:32:42.100,3999.4000,36378,-5,510790200.000,5,0,5,双平,S,3998.6000,3998.2000,3998.0000,3997.8000,3997.2000,3999.8000,4000.0000,4000.4000,4000.6000,4000.8000,3,2,1,1,1,1,6,1,1,2
SF,IF2003,2019-12-24 09:32:42.600,3999.6000,36377,-1,511990080.000,1,0,1,双平,S,3998.2000,3998.0000,3997.8000,3997.2000,3997.0000,3999.6000,3999.8000,4000.0000,4000.4000,4000.6000,1,1,1,1,4,2,1,6,1,1
SF,IF2003,2019-12-24 09:32:43.100,3999.6000,36377,0,513189960.000,1,0,1,多换,S,3999.2000,3998.4000,3997.8000,3997.2000,3997.0000,3999.6000,3999.8000,4000.0000,4000.4000,4000.6000,1,4,1,1,4,1,1,6,1,1
SF,IF2003,2019-12-24 09:32:43.600,3999.2000,36377,0,514389720.000,1,0,1,多换,S,3998.4000,3997.8000,3997.2000,3997.0000,3996.8000,3999.6000,3999.8000,4000.0000,4000.4000,4000.6000,3,1,1,10,15,2,1,6,1,1
SF,IF2003,2019-12-24 09:32:44.100,3999.2000,36377,0,514389720.000,0,-,-,-,-,3998.4000,3997.8000,3997.2000,3997.0000,3996.8000,3999.6000,3999.8000,4000.0000,4000.4000,4000.6000,2,1,1,10,15,2,1,6,1,1
SF,IF2003,2019-12-24 09:32:44.600,3999.6000,36377,0,515589600.000,1,0,1,多换,S,3999.0000,3998.4000,3997.8000,3997.2000,3997.0000,3999.6000,3999.8000,4000.0000,4000.4000,4000.6000,1,2,1,1,10,1,2,6,1,1
SF,IF2003,2019-12-24 09:32:45.100,3999.6000,36377,0,516789480.000,1,0,1,多换,S,3999.0000,3998.4000,3997.8000,3997.2000,3997.0000,3999.8000,4000.0000,4000.4000,4000.6000,4000.8000,1,2,1,1,10,2,6,1,1,2
SF,IF2003,2019-12-24 09:32:45.600,3999.6000,36377,0,516789480.000,0,-,-,-,-,3999.2000,3999.0000,3998.4000,3997.8000,3997.2000,3999.8000,4000.0000,4000.4000,4000.6000,4000.8000,1,1,2,1,1,2,6,1,1,2
SF,IF2003,2019-12-24 09:32:46.100,3999.2000,36376,-1,517989240.000,1,0,1,双平,S,3999.0000,3998.4000,3997.8000,3997.4000,3997.2000,3999.2000,3999.6000,3999.8000,4000.0000,4000.4000,1,2,1,1,1,2,1,2,6,1
SF,IF2003,2019-12-24 09:32:46.600,3999.2000,36376,0,519189000.000,1,0,1,多换,S,3998.4000,3997.8000,3997.4000,3997.2000,3997.0000,3999.6000,3999.8000,4000.0000,4000.4000,4000.6000,2,1,1,1,10,1,2,6,1,1
SF,IF2003,2019-12-24 09:32:47.100,3999.6000,36376,0,520388880.000,1,0,1,多换,S,3998.6000,3998.4000,3997.8000,3997.4000,3997.2000,3999.8000,4000.0000,4000.4000,4000.6000,4000.8000,1,2,1,1,1,2,6,1,1,2
SF,IF2003,2019-12-24 09:32:47.600,3999.6000,36376,0,520388880.000,0,-,-,-,-,3998.8000,3998.6000,3998.4000,3997.8000,3997.4000,3999.8000,4000.0000,4000.4000,4000.6000,4000.8000,1,2,2,1,1,2,6,1,1,2
SF,IF2003,2019-12-24 09:32:48.100,3999.6000,36376,0,520388880.000,0,-,-,-,-,3998.8000,3998.6000,3998.4000,3997.8000,3997.4000,3999.6000,3999.8000,4000.0000,4000.4000,4000.6000,2,1,2,1,1,1,2,6,1,1
SF,IF2003,2019-12-24 09:32:48.600,3998.8000,36375,-1,521588520.000,1,0,1,双平,S,3998.6000,3998.4000,3997.8000,3997.4000,3997.2000,3998.8000,3999.8000,4000.0000,4000.4000,4000.6000,1,2,1,1,1,1,2,6,1,1
SF,IF2003,2019-12-24 09:32:49.100,3998.8000,36374,-1,522788160.000,1,0,1,双平,S,3998.8000,3998.6000,3998.4000,3997.8000,3997.4000,3999.8000,4000.0000,4000.4000,4000.6000,4000.8000,10,1,1,1,1,3,6,1,1,2
SF,IF2003,2019-12-24 09:32:49.600,3998.8000,36374,0,522788160.000,0,-,-,-,-,3999.0000,3998.8000,3998.6000,3998.4000,3997.8000,3999.2000,3999.8000,4000.0000,4000.4000,4000.6000,3,9,1,1,1,1,3,6,1,1
SF,IF2003,2019-12-24 09:32:50.100,3999.2000,36373,-1,523987920.000,1,0,1,双平,S,3999.2000,3999.0000,3998.8000,3998.6000,3998.4000,3999.8000,4000.0000,4000.4000,4000.6000,4000.8000,3,2,8,1,1,3,6,1,1,2
SF,IF2003,2019-12-24 09:32:50.600,3999.8000,36373,0,525187860.000,1,0,1,多换,S,3999.2000,3999.0000,3998.8000,3998.6000,3998.4000,3999.8000,4000.0000,4000.4000,4000.6000,4000.8000,2,2,8,1,1,1,6,1,1,2
SF,IF2003,2019-12-24 09:32:51.100,3999.8000,36372,-1,527587620.000,2,0,2,多平,S,3999.2000,3999.0000,3998.8000,3998.6000,3998.4000,4000.0000,4000.4000,4000.6000,4000.8000,4001.0000,2,1,8,1,1,6,1,1,2,1
SF,IF2003,2019-12-24 09:32:51.600,4000.0000,36372,0,532387200.000,4,2,2,多换,S,3999.2000,3999.0000,3998.8000,3998.6000,3998.4000,4000.0000,4000.4000,4000.6000,4000.8000,4001.0000,1,1,8,1,1,4,1,1,2,1
SF,IF2003,2019-12-24 09:32:52.100,4000.0000,36372,0,533587200.000,1,0,1,多换,S,3999.4000,3999.2000,3998.8000,3998.6000,3998.4000,4000.0000,4000.4000,4000.6000,4000.8000,4001.0000,2,1,8,1,1,4,1,1,2,1
SF,IF2003,2019-12-24 09:32:52.600,3999.8000,36371,-1,535987140.000,2,0,2,多平,S,3999.4000,3999.2000,3998.8000,3998.6000,3997.8000,3999.8000,4000.0000,4000.4000,4000.6000,4000.8000,2,1,8,1,1,1,4,1,1,2
SF,IF2003,2019-12-24 09:32:53.100,3999.8000,36371,0,535987140.000,0,-,-,-,-,3999.4000,3999.2000,3998.8000,3998.6000,3997.8000,4000.0000,4000.4000,4000.6000,4000.8000,4001.0000,1,1,8,1,1,4,1,1,2,1
SF,IF2003,2019-12-24 09:32:53.600,3999.8000,36371,0,535987140.000,0,-,-,-,-,3999.4000,3999.2000,3998.8000,3998.6000,3997.8000,4000.0000,4000.4000,4000.6000,4000.8000,4001.0000,1,1,8,1,1,4,1,1,2,1
SF,IF2003,2019-12-24 09:32:54.100,3999.8000,36371,0,535987140.000,0,-,-,-,-,3999.8000,3999.4000,3999.2000,3998.8000,3998.6000,4000.0000,4000.4000,4000.6000,4000.8000,4001.0000,1,1,1,8,1,4,1,1,2,1
SF,IF2003,2019-12-24 09:32:54.600,3999.8000,36370,-1,537187080.000,1,0,1,双平,S,3999.4000,3999.2000,3998.8000,3998.6000,3997.8000,3999.8000,4000.0000,4000.4000,4000.6000,4000.8000,1,1,4,1,1,2,4,1,1,2
SF,IF2003,2019-12-24 09:32:55.100,3999.8000,36370,0,537187080.000,0,-,-,-,-,3999.4000,3998.8000,3998.6000,3997.8000,3997.4000,4000.0000,4000.4000,4000.6000,4000.8000,4001.0000,1,4,1,1,1,4,1,1,2,1
SF,IF2003,2019-12-24 09:32:55.600,3999.8000,36370,0,537187080.000,0,-,-,-,-,3999.4000,3998.8000,3998.6000,3997.8000,3997.4000,4000.0000,4000.4000,4000.6000,4000.8000,4001.0000,1,4,1,1,1,4,1,1,2,1
SF,IF2003,2019-12-24 09:32:56.100,3999.8000,36370,0,537187080.000,0,-,-,-,-,3999.4000,3998.8000,3998.6000,3997.8000,3997.4000,4000.0000,4000.4000,4000.6000,4000.8000,4001.0000,1,4,1,1,1,4,1,1,2,1
SF,IF2003,2019-12-24 09:32:57.100,3999.8000,36370,0,537187080.000,0,-,-,-,-,3998.8000,3998.6000,3997.8000,3997.4000,3997.2000,3999.8000,4000.0000,4000.4000,4000.6000,4000.8000,4,1,1,1,1,1,4,1,1,2
SF,IF2003,2019-12-24 09:32:57.600,3999.8000,36369,-1,538387020.000,1,0,1,双平,S,3999.0000,3998.8000,3998.6000,3997.8000,3997.4000,4000.0000,4000.4000,4000.6000,4000.8000,4001.0000,5,3,1,1,1,4,1,1,2,1
SF,IF2003,2019-12-24 09:32:58.100,3999.8000,36369,0,538387020.000,0,-,-,-,-,3999.2000,3999.0000,3998.8000,3998.6000,3997.8000,3999.8000,4000.0000,4000.4000,4000.6000,4000.8000,2,4,3,1,1,1,7,1,1,2
SF,IF2003,2019-12-24 09:32:58.600,3999.8000,36369,0,538387020.000,0,-,-,-,-,3999.2000,3999.0000,3998.8000,3998.6000,3997.8000,3999.8000,4000.0000,4000.4000,4000.6000,4000.8000,2,1,3,1,1,1,7,1,1,2
SF,IF2003,2019-12-24 09:32:59.100,3999.8000,36369,0,538387020.000,0,-,-,-,-,3999.2000,3999.0000,3998.8000,3998.6000,3997.8000,3999.8000,4000.0000,4000.4000,4000.6000,4000.8000,2,1,3,1,1,1,7,1,1,2
SF,IF2003,2019-12-24 09:33:00.100,3999.8000,36368,-1,539586960.000,1,0,1,双平,S,3999.2000,3999.0000,3998.8000,3998.6000,3997.8000,4000.0000,4000.4000,4000.6000,4000.8000,4001.0000,2,1,3,1,1,7,1,1,2,1
SF,IF2003,2019-12-24 09:33:00.600,3999.8000,36368,0,539586960.000,0,-,-,-,-,3999.8000,3999.4000,3999.2000,3998.8000,3998.6000,4000.0000,4000.4000,4000.6000,4000.8000,4001.0000,1,2,1,3,1,7,1,1,2,1
SF,IF2003,2019-12-24 09:33:01.100,3999.8000,36368,0,540786900.000,1,0,1,多换,S,3999.4000,3999.2000,3998.8000,3998.6000,3997.8000,3999.6000,3999.8000,4000.0000,4000.4000,4000.6000,2,1,3,1,1,1,4,8,1,1
SF,IF2003,2019-12-24 09:33:01.600,3999.4000,36367,-1,541986720.000,1,0,1,双平,S,3998.8000,3998.6000,3997.8000,3997.4000,3997.2000,3999.4000,3999.6000,4000.0000,4000.4000,4000.6000,3,1,1,1,1,3,1,8,1,1
SF,IF2003,2019-12-24 09:33:02.100,3999.4000,36367,0,541986720.000,0,-,-,-,-,3998.6000,3997.8000,3997.4000,3997.2000,3997.0000,3999.2000,3999.4000,3999.6000,4000.0000,4000.4000,1,1,1,1,10,2,3,1,8,1
SF,IF2003,2019-12-24 09:33:02.600,3999.0000,36368,1,544386000.000,2,1,1,空开,S,3997.8000,3997.4000,3997.2000,3997.0000,3996.8000,3999.2000,3999.4000,3999.6000,4000.0000,4000.4000,1,1,1,10,15,2,3,1,8,1
SF,IF2003,2019-12-24 09:33:03.100,3999.0000,36368,0,545585700.000,1,0,1,多换,S,3998.0000,3997.8000,3997.4000,3997.2000,3997.0000,3999.2000,3999.4000,4000.0000,4000.4000,4000.6000,3,1,1,1,10,2,3,8,1,1
SF,IF2003,2019-12-24 09:33:03.600,3999.0000,36368,0,545585700.000,0,-,-,-,-,3998.0000,3997.8000,3997.4000,3997.2000,3997.0000,3999.2000,3999.4000,4000.0000,4000.4000,4000.6000,3,1,1,1,10,2,3,8,1,1
SF,IF2003,2019-12-24 09:33:04.100,3999.0000,36368,0,545585700.000,0,-,-,-,-,3998.2000,3998.0000,3997.8000,3997.4000,3997.2000,3999.2000,3999.4000,4000.0000,4000.4000,4000.6000,1,2,1,1,1,2,3,8,1,1
SF,IF2003,2019-12-24 09:33:04.600,3999.0000,36368,0,545585700.000,0,-,-,-,-,3998.2000,3998.0000,3997.8000,3997.4000,3997.2000,3999.2000,3999.4000,4000.0000,4000.4000,4000.6000,1,1,1,1,1,2,3,8,1,1
SF,IF2003,2019-12-24 09:33:05.100,3999.0000,36368,0,545585700.000,0,-,-,-,-,3998.2000,3998.0000,3997.8000,3997.4000,3997.2000,3999.2000,3999.4000,4000.0000,4000.4000,4000.6000,1,1,1,1,1,2,3,8,1,1
SF,IF2003,2019-12-24 09:33:05.600,3998.2000,36368,0,546785160.000,1,0,1,多换,S,3998.4000,3997.8000,3997.4000,3997.2000,3997.0000,3999.2000,3999.4000,4000.0000,4000.4000,4000.6000,2,1,1,1,10,2,3,8,1,1
SF,IF2003,2019-12-24 09:33:06.100,3999.0000,36368,0,547984860.000,1,0,1,多换,S,3998.6000,3998.4000,3997.8000,3997.4000,3997.2000,3999.2000,3999.4000,4000.0000,4000.4000,4000.6000,1,1,1,1,1,1,3,8,1,1
SF,IF2003,2019-12-24 09:33:08.600,3999.2000,36368,0,549184620.000,1,0,1,多换,S,3998.6000,3998.4000,3997.8000,3997.4000,3997.2000,3999.4000,4000.0000,4000.4000,4000.6000,4000.8000,1,1,1,1,1,3,8,1,1,2
SF,IF2003,2019-12-24 09:33:09.100,3999.2000,36368,0,549184620.000,0,-,-,-,-,3998.6000,3997.8000,3997.4000,3997.2000,3997.0000,3999.0000,3999.2000,3999.4000,4000.0000,4000.4000,1,1,1,1,10,1,4,3,8,1
SF,IF2003,2019-12-24 09:33:09.600,3999.2000,36368,0,549184620.000,0,-,-,-,-,3998.6000,3997.8000,3997.4000,3997.2000,3997.0000,3999.0000,3999.4000,4000.0000,4000.4000,4000.6000,1,1,1,1,10,1,3,8,1,1
SF,IF2003,2019-12-24 09:33:10.100,3999.2000,36368,0,549184620.000,0,-,-,-,-,3998.6000,3997.8000,3997.4000,3997.2000,3997.0000,3999.4000,4000.0000,4000.4000,4000.6000,4000.8000,1,1,1,1,10,3,8,1,1,2
SF,IF2003,2019-12-24 09:33:10.600,3999.2000,36368,0,549184620.000,0,-,-,-,-,3998.6000,3997.8000,3997.4000,3997.2000,3997.0000,3999.2000,3999.4000,4000.0000,4000.4000,4000.6000,1,1,1,1,10,4,3,8,1,1
SF,IF2003,2019-12-24 09:33:11.100,3999.2000,36368,0,549184620.000,0,-,-,-,-,3997.8000,3997.4000,3997.2000,3997.0000,3996.8000,3999.0000,3999.2000,4000.0000,4000.4000,4000.6000,1,1,1,10,15,1,4,8,1,1
SF,IF2003,2019-12-24 09:33:11.600,3999.2000,36368,0,549184620.000,0,-,-,-,-,3998.0000,3997.8000,3997.4000,3997.2000,3997.0000,3998.8000,3999.0000,3999.2000,4000.0000,4000.4000,1,1,1,1,10,1,2,3,8,1
SF,IF2003,2019-12-24 09:33:12.100,3999.2000,36368,0,549184620.000,0,-,-,-,-,3998.2000,3997.4000,3997.2000,3997.0000,3996.8000,3998.8000,3999.0000,3999.2000,4000.0000,4000.4000,1,1,1,10,14,1,2,3,8,1
SF,IF2003,2019-12-24 09:33:12.600,3999.2000,36368,0,549184620.000,0,-,-,-,-,3998.2000,3997.4000,3997.2000,3997.0000,3996.8000,3998.8000,3999.0000,3999.2000,4000.0000,4000.4000,1,1,1,10,14,1,2,3,10,1
SF,IF2003,2019-12-24 09:33:13.100,3999.2000,36368,0,549184620.000,0,-,-,-,-,3998.2000,3997.4000,3997.2000,3997.0000,3996.8000,3998.8000,3999.0000,3999.2000,4000.0000,4000.4000,1,1,1,10,14,1,2,3,10,1
SF,IF2003,2019-12-24 09:33:14.600,3999.2000,36368,0,549184620.000,0,-,-,-,-,3998.2000,3997.4000,3997.2000,3997.0000,3996.8000,3998.6000,3998.8000,3999.0000,3999.2000,4000.0000,1,1,1,10,14,1,1,2,3,10
SF,IF2003,2019-12-24 09:33:15.100,3999.2000,36368,0,549184620.000,0,-,-,-,-,3998.2000,3997.4000,3997.2000,3997.0000,3996.8000,3998.6000,3998.8000,3999.0000,3999.2000,4000.0000,1,1,1,8,14,1,1,2,3,10
SF,IF2003,2019-12-24 09:33:15.600,3998.8000,36368,0,550384260.000,1,0,1,多换,S,3998.2000,3997.4000,3997.2000,3997.0000,3996.8000,3998.8000,3999.0000,3999.2000,4000.0000,4000.4000,1,1,1,8,14,1,3,3,10,1
SF,IF2003,2019-12-24 09:33:16.100,3998.8000,36368,0,550384260.000,0,-,-,-,-,3998.4000,3998.2000,3997.4000,3997.2000,3997.0000,3999.0000,3999.2000,4000.0000,4000.4000,4000.6000,1,1,1,1,8,3,3,10,1,1
SF,IF2003,2019-12-24 09:33:16.600,3998.8000,36368,0,550384260.000,0,-,-,-,-,3998.2000,3997.4000,3997.2000,3997.0000,3996.8000,3999.0000,3999.2000,4000.0000,4000.4000,4000.6000,1,1,1,8,14,3,3,10,1,1
SF,IF2003,2019-12-24 09:33:17.100,3998.8000,36368,0,550384260.000,0,-,-,-,-,3998.2000,3997.4000,3997.2000,3997.0000,3996.8000,3999.0000,3999.2000,4000.0000,4000.4000,4000.6000,1,1,1,8,14,3,4,10,1,1
SF,IF2003,2019-12-24 09:33:17.600,3998.2000,36367,-1,551583720.000,1,0,1,双平,S,3997.4000,3997.2000,3997.0000,3996.8000,3996.4000,3998.8000,3999.0000,3999.2000,4000.0000,4000.4000,1,1,8,14,1,1,3,4,10,1
SF,IF2003,2019-12-24 09:33:18.100,3998.2000,36367,0,551583720.000,0,-,-,-,-,3997.6000,3997.4000,3997.2000,3997.0000,3996.8000,3998.6000,3998.8000,3999.0000,3999.2000,4000.0000,1,1,1,8,14,1,2,2,3,10
SF,IF2003,2019-12-24 09:33:18.600,3998.6000,36367,0,552783300.000,1,0,1,多换,S,3997.4000,3997.2000,3997.0000,3996.8000,3996.4000,3998.8000,3999.0000,3999.2000,4000.0000,4000.4000,1,1,6,14,1,3,2,3,10,1
SF,IF2003,2019-12-24 09:33:19.100,3998.6000,36367,0,552783300.000,0,-,-,-,-,3997.6000,3997.4000,3997.2000,3997.0000,3996.8000,3998.6000,3998.8000,3999.0000,3999.2000,4000.0000,1,1,1,6,14,3,2,2,3,10
SF,IF2003,2019-12-24 09:33:19.600,3998.6000,36367,0,556382040.000,3,1,2,多换,S,3998.6000,3997.6000,3997.4000,3997.2000,3997.0000,3998.8000,3999.0000,3999.2000,3999.8000,4000.0000,2,1,1,1,6,1,2,3,2,10
SF,IF2003,2019-12-24 09:33:20.100,3998.6000,36367,0,558781200.000,2,1,1,多换,S,3997.4000,3997.2000,3997.0000,3996.8000,3996.4000,3998.2000,3998.4000,3998.6000,3999.0000,3999.2000,1,1,6,14,1,1,1,7,2,3
SF,IF2003,2019-12-24 09:33:20.600,3998.2000,36366,-1,559980660.000,1,0,1,双平,S,3998.2000,3997.6000,3997.4000,3997.2000,3997.0000,3998.6000,3999.0000,3999.2000,3999.8000,4000.0000,1,3,1,1,6,6,2,3,2,10
SF,IF2003,2019-12-24 09:33:21.100,3998.2000,36365,-1,561180120.000,1,0,1,双平,S,3997.6000,3997.4000,3997.2000,3997.0000,3996.8000,3998.6000,3999.0000,3999.2000,3999.8000,4000.0000,2,1,1,6,14,6,2,3,2,10
SF,IF2003,2019-12-24 09:33:21.600,3998.2000,36365,0,561180120.000,0,-,-,-,-,3997.6000,3997.4000,3997.2000,3997.0000,3996.8000,3998.4000,3998.6000,3999.0000,3999.2000,3999.8000,1,1,1,6,14,1,6,2,3,2
SF,IF2003,2019-12-24 09:33:22.100,3998.2000,36365,0,561180120.000,0,-,-,-,-,3997.8000,3997.6000,3997.4000,3997.2000,3997.0000,3998.6000,3999.0000,3999.2000,3999.8000,4000.0000,2,2,1,1,6,6,2,3,2,10
SF,IF2003,2019-12-24 09:33:22.600,3998.2000,36365,0,561180120.000,0,-,-,-,-,3998.0000,3997.8000,3997.6000,3997.4000,3997.2000,3998.6000,3999.0000,3999.2000,3999.8000,4000.0000,1,1,1,1,1,6,2,3,2,10
SF,IF2003,2019-12-24 09:33:23.100,3998.2000,36365,0,561180120.000,0,-,-,-,-,3998.0000,3997.6000,3997.4000,3997.2000,3997.0000,3998.6000,3999.0000,3999.2000,3999.8000,4000.0000,1,1,1,1,6,6,2,3,2,10
SF,IF2003,2019-12-24 09:33:24.100,3998.6000,36359,-6,568377600.000,6,0,6,双平,S,3998.0000,3997.6000,3997.4000,3997.2000,3997.0000,3999.0000,3999.2000,3999.8000,4000.0000,4000.4000,1,1,1,1,6,2,3,2,10,1
SF,IF2003,2019-12-24 09:33:24.600,3998.6000,36359,0,568377600.000,0,-,-,-,-,3998.2000,3998.0000,3997.4000,3997.2000,3997.0000,3999.0000,3999.2000,3999.8000,4000.0000,4000.4000,2,2,1,1,6,2,3,2,10,1
SF,IF2003,2019-12-24 09:33:25.100,3998.6000,36359,0,568377600.000,0,-,-,-,-,3998.4000,3998.2000,3997.4000,3997.2000,3997.0000,3999.0000,3999.2000,3999.8000,4000.0000,4000.4000,2,4,1,1,6,2,3,2,10,1
SF,IF2003,2019-12-24 09:33:25.600,3998.6000,36359,0,568377600.000,0,-,-,-,-,3998.4000,3998.2000,3997.4000,3997.2000,3997.0000,3999.0000,3999.2000,3999.8000,4000.0000,4000.4000,2,3,1,1,6,2,3,2,10,1
SF,IF2003,2019-12-24 09:33:26.100,3998.6000,36359,0,568377600.000,0,-,-,-,-,3998.4000,3997.4000,3997.2000,3997.0000,3996.8000,3999.0000,3999.2000,3999.8000,4000.0000,4000.4000,2,1,1,6,14,1,3,2,10,1
SF,IF2003,2019-12-24 09:33:28.600,3998.6000,36359,0,568377600.000,0,-,-,-,-,3998.4000,3997.4000,3997.2000,3997.0000,3996.8000,3999.0000,3999.2000,3999.8000,4000.0000,4000.4000,2,1,1,6,14,1,3,2,10,1
SF,IF2003,2019-12-24 09:33:29.100,3998.6000,36357,-2,570776880.000,2,0,2,双平,S,3998.4000,3997.4000,3997.2000,3997.0000,3996.8000,3999.0000,3999.2000,3999.8000,4000.0000,4000.4000,2,1,1,6,14,1,3,2,10,1
SF,IF2003,2019-12-24 09:33:29.600,3998.4000,36357,0,571976400.000,1,0,1,多换,S,3998.4000,3997.4000,3997.2000,3997.0000,3996.8000,3999.0000,3999.2000,3999.8000,4000.0000,4000.4000,1,1,1,6,14,1,3,2,10,1
SF,IF2003,2019-12-24 09:33:30.100,3998.4000,36357,0,571976400.000,0,-,-,-,-,3997.4000,3997.0000,3996.8000,3996.4000,3996.0000,3999.0000,3999.2000,3999.8000,4000.0000,4000.4000,1,6,14,1,4,1,3,2,10,1
SF,IF2003,2019-12-24 09:33:30.600,3998.4000,36357,0,571976400.000,0,-,-,-,-,3998.0000,3997.8000,3997.6000,3997.4000,3997.0000,3998.8000,3999.0000,3999.2000,3999.8000,4000.0000,2,1,6,1,6,1,1,3,2,10
SF,IF2003,2019-12-24 09:33:31.100,3998.4000,36357,0,571976400.000,0,-,-,-,-,3998.2000,3998.0000,3997.8000,3997.6000,3997.4000,3998.6000,3999.0000,3999.2000,3999.8000,4000.0000,2,2,1,2,1,1,1,3,2,10
SF,IF2003,2019-12-24 09:33:31.600,3998.6000,36356,-1,573175980.000,1,0,1,双平,S,3998.2000,3998.0000,3997.6000,3997.4000,3997.0000,3999.0000,3999.2000,3999.8000,4000.0000,4000.4000,2,2,2,1,6,1,3,2,10,1
SF,IF2003,2019-12-24 09:33:32.100,3998.6000,36356,0,573175980.000,0,-,-,-,-,3998.2000,3998.0000,3997.6000,3997.4000,3997.0000,3998.8000,3999.0000,3999.2000,3999.8000,4000.0000,2,2,2,1,6,1,1,3,2,10
SF,IF2003,2019-12-24 09:33:32.600,3998.2000,36355,-1,574375440.000,1,0,1,双平,S,3998.0000,3997.6000,3997.4000,3997.0000,3996.8000,3999.0000,3999.2000,3999.8000,4000.0000,4000.4000,2,2,1,6,14,1,3,2,10,1
SF,IF2003,2019-12-24 09:33:33.100,3998.0000,36354,-1,575574840.000,1,0,1,双平,S,3998.0000,3997.6000,3997.4000,3997.0000,3996.8000,3998.8000,3999.0000,3999.2000,3999.8000,4000.0000,1,2,1,6,14,1,1,3,2,9
SF,IF2003,2019-12-24 09:33:33.600,3998.0000,36354,0,575574840.000,0,-,-,-,-,3998.0000,3997.6000,3997.4000,3997.0000,3996.8000,3998.6000,3998.8000,3999.0000,3999.2000,3999.8000,1,2,1,6,14,1,1,1,3,2
SF,IF2003,2019-12-24 09:33:34.100,3998.0000,36354,0,575574840.000,0,-,-,-,-,3998.2000,3998.0000,3997.6000,3997.4000,3997.0000,3998.8000,3999.0000,3999.2000,3999.8000,4000.0000,1,1,1,1,6,1,1,3,2,9
SF,IF2003,2019-12-24 09:33:34.600,3998.0000,36354,0,575574840.000,0,-,-,-,-,3998.2000,3998.0000,3997.6000,3997.4000,3997.0000,3998.6000,3998.8000,3999.0000,3999.2000,4000.0000,1,1,1,1,6,1,1,1,3,9
SF,IF2003,2019-12-24 09:33:35.100,3998.0000,36354,0,575574840.000,0,-,-,-,-,3998.2000,3998.0000,3997.6000,3997.4000,3997.0000,3998.8000,3999.0000,3999.2000,4000.0000,4000.4000,1,1,1,1,6,1,1,3,9,1
SF,IF2003,2019-12-24 09:33:36.100,3998.0000,36354,0,575574840.000,0,-,-,-,-,3998.2000,3998.0000,3997.6000,3997.4000,3997.0000,3998.8000,3999.0000,3999.2000,4000.0000,4000.4000,1,1,1,1,6,1,1,3,9,1
SF,IF2003,2019-12-24 09:33:36.600,3998.0000,36354,0,575574840.000,0,-,-,-,-,3998.2000,3998.0000,3997.6000,3997.4000,3997.0000,3999.0000,3999.2000,4000.0000,4000.4000,4000.6000,1,1,1,1,6,1,3,9,1,1
SF,IF2003,2019-12-24 09:33:37.100,3998.0000,36354,0,575574840.000,0,-,-,-,-,3998.2000,3998.0000,3997.6000,3997.4000,3997.0000,3999.0000,3999.2000,4000.0000,4000.4000,4000.6000,2,1,1,1,6,1,3,9,1,1
SF,IF2003,2019-12-24 09:33:38.600,3998.0000,36354,0,575574840.000,0,-,-,-,-,3998.2000,3998.0000,3997.6000,3997.4000,3997.0000,3998.8000,3999.0000,3999.2000,4000.0000,4000.4000,2,1,1,1,6,1,2,3,9,1
SF,IF2003,2019-12-24 09:33:39.100,3998.0000,36354,0,575574840.000,0,-,-,-,-,3998.2000,3998.0000,3997.6000,3997.4000,3997.0000,3999.0000,3999.2000,4000.0000,4000.4000,4000.6000,2,1,1,1,6,2,3,9,1,1
SF,IF2003,2019-12-24 09:33:39.600,3998.0000,36354,0,575574840.000,0,-,-,-,-,3998.2000,3998.0000,3997.6000,3997.4000,3997.0000,3998.8000,3999.0000,3999.2000,4000.0000,4000.4000,2,1,1,1,6,2,2,3,9,1
SF,IF2003,2019-12-24 09:33:40.100,3998.0000,36354,0,575574840.000,0,-,-,-,-,3998.2000,3998.0000,3997.6000,3997.4000,3997.0000,3998.8000,3999.0000,3999.2000,4000.0000,4000.4000,2,1,1,1,6,1,3,3,9,1
SF,IF2003,2019-12-24 09:33:40.600,3998.0000,36354,0,575574840.000,0,-,-,-,-,3998.2000,3998.0000,3997.6000,3997.4000,3997.0000,3999.0000,3999.2000,4000.0000,4000.4000,4000.6000,2,1,1,1,6,3,3,9,1,1
SF,IF2003,2019-12-24 09:33:41.100,3998.0000,36354,0,575574840.000,0,-,-,-,-,3998.2000,3998.0000,3997.6000,3997.4000,3997.0000,3998.8000,3999.0000,3999.2000,4000.0000,4000.4000,1,1,1,1,6,1,2,3,9,1
SF,IF2003,2019-12-24 09:33:41.600,3998.8000,36353,-1,576774480.000,1,0,1,双平,S,3998.8000,3998.2000,3998.0000,3997.6000,3997.4000,3999.0000,3999.2000,4000.0000,4000.4000,4000.6000,1,1,1,1,1,2,3,9,1,1
SF,IF2003,2019-12-24 09:33:42.100,3998.8000,36352,-1,577974120.000,1,0,1,双平,S,3998.2000,3998.0000,3997.4000,3997.0000,3996.8000,3998.8000,3999.0000,3999.2000,4000.0000,4000.4000,1,1,1,6,14,1,2,3,9,1
SF,IF2003,2019-12-24 09:33:42.600,3998.2000,36352,0,579173580.000,1,0,1,多换,S,3998.0000,3997.4000,3997.0000,3996.8000,3996.0000,3999.0000,3999.2000,4000.0000,4000.4000,4000.6000,1,1,6,14,4,2,3,9,1,1
SF,IF2003,2019-12-24 09:33:43.100,3998.2000,36352,0,579173580.000,0,-,-,-,-,3998.2000,3998.0000,3997.4000,3997.0000,3996.8000,3999.0000,3999.2000,4000.0000,4000.4000,4000.6000,1,1,1,6,14,2,3,9,1,1
SF,IF2003,2019-12-24 09:33:43.600,3998.2000,36352,0,579173580.000,0,-,-,-,-,3998.0000,3997.4000,3997.0000,3996.8000,3996.0000,3999.0000,3999.2000,4000.0000,4000.4000,4000.6000,1,1,6,14,4,2,2,9,1,1
SF,IF2003,2019-12-24 09:33:44.100,3998.2000,36352,0,579173580.000,0,-,-,-,-,3998.0000,3997.4000,3997.0000,3996.8000,3996.0000,3999.0000,3999.2000,3999.6000,4000.0000,4000.4000,1,1,6,14,4,2,2,3,9,1
SF,IF2003,2019-12-24 09:33:44.600,3998.2000,36352,0,579173580.000,0,-,-,-,-,3998.0000,3997.4000,3997.0000,3996.8000,3996.0000,3999.0000,3999.2000,3999.6000,4000.0000,4000.4000,1,1,6,14,4,3,2,3,9,1
SF,IF2003,2019-12-24 09:33:45.100,3998.2000,36352,0,579173580.000,0,-,-,-,-,3998.0000,3997.4000,3997.0000,3996.8000,3996.0000,3999.0000,3999.2000,3999.6000,4000.0000,4000.4000,1,1,6,14,4,4,2,3,9,1
SF,IF2003,2019-12-24 09:33:46.100,3998.2000,36352,0,579173580.000,0,-,-,-,-,3998.0000,3997.4000,3997.0000,3996.8000,3996.0000,3998.8000,3999.0000,3999.2000,3999.6000,4000.0000,1,1,6,14,4,3,4,2,3,9
SF,IF2003,2019-12-24 09:33:46.600,3998.2000,36352,0,579173580.000,0,-,-,-,-,3998.2000,3998.0000,3997.4000,3997.0000,3996.8000,3998.8000,3999.0000,3999.2000,3999.6000,4000.0000,1,1,1,6,14,2,4,2,3,9
SF,IF2003,2019-12-24 09:33:47.100,3998.8000,36352,0,580373220.000,1,0,1,多换,S,3998.2000,3998.0000,3997.4000,3997.0000,3996.8000,3999.0000,3999.2000,3999.6000,4000.0000,4000.4000,1,1,1,6,14,4,2,3,9,1
SF,IF2003,2019-12-24 09:33:47.600,3998.8000,36352,0,580373220.000,0,-,-,-,-,3998.4000,3998.2000,3998.0000,3997.4000,3997.0000,3999.0000,3999.2000,3999.6000,4000.0000,4000.4000,1,1,1,1,6,4,2,3,9,1
SF,IF2003,2019-12-24 09:33:48.100,3998.8000,36352,0,580373220.000,0,-,-,-,-,3998.2000,3998.0000,3997.4000,3997.0000,3996.8000,3999.0000,3999.2000,3999.6000,4000.0000,4000.4000,1,1,1,6,14,4,2,3,9,1
SF,IF2003,2019-12-24 09:33:48.600,3998.8000,36352,0,580373220.000,0,-,-,-,-,3998.8000,3998.2000,3998.0000,3997.4000,3997.0000,3999.0000,3999.2000,3999.4000,3999.6000,4000.0000,10,2,1,1,6,4,2,1,3,9
SF,IF2003,2019-12-24 09:33:49.100,3998.8000,36346,-6,587571060.000,6,0,6,双平,S,3998.8000,3998.2000,3998.0000,3997.4000,3997.0000,3999.0000,3999.2000,3999.4000,3999.6000,4000.0000,4,2,1,1,6,4,2,1,3,9
SF,IF2003,2019-12-24 09:33:49.600,3998.8000,36344,-2,589970340.000,2,0,2,双平,S,3998.8000,3998.2000,3998.0000,3997.4000,3997.0000,3999.0000,3999.2000,3999.4000,3999.6000,4000.0000,2,2,1,1,6,4,2,1,3,9
SF,IF2003,2019-12-24 09:33:50.100,3999.0000,36342,-2,594769140.000,4,1,3,多平,S,3998.8000,3998.2000,3998.0000,3997.4000,3997.0000,3999.2000,3999.4000,3999.6000,4000.0000,4000.4000,2,2,1,1,6,2,1,3,9,1
SF,IF2003,2019-12-24 09:33:50.600,3999.2000,36340,-2,597168660.000,2,0,2,双平,S,3999.2000,3998.8000,3998.2000,3998.0000,3997.4000,3999.4000,3999.6000,4000.0000,4000.4000,4000.6000,2,2,2,1,1,1,3,9,1,1
SF,IF2003,2019-12-24 09:33:51.100,3999.2000,36340,0,597168660.000,0,-,-,-,-,3998.8000,3998.2000,3998.0000,3997.4000,3997.0000,3999.2000,3999.4000,3999.6000,4000.0000,4000.4000,2,2,1,1,6,7,1,3,9,1
SF,IF2003,2019-12-24 09:33:51.600,3999.2000,36340,0,597168660.000,0,-,-,-,-,3998.8000,3998.2000,3998.0000,3997.4000,3997.0000,3999.2000,3999.4000,3999.6000,4000.0000,4000.4000,2,1,1,1,6,7,1,3,9,1
SF,IF2003,2019-12-24 09:33:52.600,3999.2000,36340,0,597168660.000,0,-,-,-,-,3998.8000,3998.2000,3998.0000,3997.4000,3997.0000,3999.2000,3999.4000,3999.6000,4000.0000,4000.4000,2,1,1,1,6,7,1,6,9,1
SF,IF2003,2019-12-24 09:33:53.100,3998.8000,36338,-2,599567940.000,2,0,2,双平,S,3998.2000,3998.0000,3997.4000,3997.0000,3996.8000,3999.0000,3999.2000,3999.4000,3999.6000,4000.0000,1,1,1,6,14,1,7,1,6,9
SF,IF2003,2019-12-24 09:33:53.600,3998.8000,36338,0,599567940.000,0,-,-,-,-,3998.4000,3998.2000,3998.0000,3997.4000,3997.0000,3999.0000,3999.2000,3999.4000,3999.6000,4000.0000,1,1,1,1,6,1,7,1,3,9
SF,IF2003,2019-12-24 09:33:54.100,3998.8000,36338,0,599567940.000,0,-,-,-,-,3998.6000,3998.2000,3998.0000,3997.4000,3997.0000,3999.0000,3999.2000,3999.4000,3999.6000,4000.0000,1,1,1,1,6,1,7,1,3,9
SF,IF2003,2019-12-24 09:33:54.600,3998.8000,36337,-1,600767580.000,1,0,1,双平,S,3998.2000,3998.0000,3997.4000,3997.0000,3996.8000,3999.0000,3999.2000,3999.4000,3999.6000,4000.0000,1,1,1,6,14,1,7,1,3,9
SF,IF2003,2019-12-24 09:33:55.100,3998.8000,36337,0,600767580.000,0,-,-,-,-,3998.4000,3998.2000,3998.0000,3997.4000,3997.0000,3999.0000,3999.2000,3999.4000,3999.6000,4000.0000,3,1,1,1,6,2,7,1,3,9
SF,IF2003,2019-12-24 09:33:55.600,3998.8000,36337,0,600767580.000,0,-,-,-,-,3998.4000,3998.0000,3997.4000,3997.0000,3996.8000,3999.0000,3999.2000,3999.4000,3999.6000,4000.0000,3,1,1,6,14,2,7,1,3,8
SF,IF2003,2019-12-24 09:33:56.100,3998.8000,36337,0,600767580.000,0,-,-,-,-,3998.4000,3998.0000,3997.4000,3997.0000,3996.8000,3999.0000,3999.2000,3999.4000,3999.6000,4000.0000,2,1,1,6,14,2,7,1,3,8
SF,IF2003,2019-12-24 09:33:56.600,3998.8000,36337,0,600767580.000,0,-,-,-,-,3998.4000,3998.0000,3997.4000,3997.0000,3996.8000,3999.0000,3999.2000,3999.4000,3999.6000,4000.0000,2,1,1,6,14,1,7,1,3,8
SF,IF2003,2019-12-24 09:33:57.100,3998.8000,36337,0,600767580.000,0,-,-,-,-,3998.4000,3998.0000,3997.4000,3997.0000,3996.8000,3999.0000,3999.2000,3999.4000,3999.6000,4000.0000,2,1,1,6,14,1,7,1,3,8
SF,IF2003,2019-12-24 09:33:57.600,3998.8000,36337,0,600767580.000,0,-,-,-,-,3998.4000,3998.0000,3997.4000,3997.0000,3996.8000,3999.0000,3999.2000,3999.4000,3999.6000,4000.0000,2,1,1,6,14,1,7,1,3,8
SF,IF2003,2019-12-24 09:33:58.600,3998.4000,36337,0,601967100.000,1,0,1,多换,S,3998.4000,3998.0000,3997.4000,3997.0000,3996.8000,3999.0000,3999.2000,3999.4000,3999.6000,4000.0000,1,1,1,6,14,1,7,1,3,8
SF,IF2003,2019-12-24 09:33:59.100,3998.4000,36337,0,601967100.000,0,-,-,-,-,3998.0000,3997.4000,3997.0000,3996.8000,3996.0000,3999.0000,3999.2000,3999.4000,3999.6000,4000.0000,1,1,6,14,5,1,7,1,3,8
SF,IF2003,2019-12-24 09:34:00.100,3999.0000,36337,0,603166800.000,1,0,1,多换,S,3998.0000,3997.4000,3997.0000,3996.8000,3996.0000,3999.2000,3999.4000,3999.6000,4000.0000,4000.4000,1,1,6,14,5,7,1,3,8,1
SF,IF2003,2019-12-24 09:34:00.600,3999.0000,36337,0,603166800.000,0,-,-,-,-,3998.0000,3997.4000,3997.0000,3996.8000,3996.0000,3999.0000,3999.2000,3999.4000,3999.6000,4000.0000,2,1,6,14,5,4,7,1,3,8
SF,IF2003,2019-12-24 09:34:01.100,3999.0000,36337,0,603166800.000,0,-,-,-,-,3998.0000,3997.4000,3997.0000,3996.8000,3996.0000,3998.8000,3999.0000,3999.2000,3999.4000,3999.6000,2,1,6,14,5,6,4,7,1,3
SF,IF2003,2019-12-24 09:34:01.600,3998.0000,36338,1,604366200.000,1,1,0,双开,S,3997.4000,3997.0000,3996.8000,3996.0000,3995.2000,3998.6000,3998.8000,3999.0000,3999.2000,3999.4000,1,6,14,5,1,6,7,3,7,1
SF,IF2003,2019-12-24 09:34:02.100,3998.0000,36338,0,604366200.000,0,-,-,-,-,3997.4000,3997.0000,3996.8000,3996.0000,3995.2000,3998.4000,3998.6000,3998.8000,3999.0000,3999.2000,1,6,14,5,1,6,6,7,1,3
SF,IF2003,2019-12-24 09:34:02.600,3998.0000,36338,0,604366200.000,0,-,-,-,-,3997.4000,3997.0000,3996.8000,3996.0000,3995.2000,3998.4000,3998.6000,3998.8000,3999.0000,3999.2000,1,6,14,5,1,6,5,6,1,3
SF,IF2003,2019-12-24 09:34:03.100,3998.0000,36338,0,604366200.000,0,-,-,-,-,3997.4000,3997.0000,3996.8000,3996.0000,3995.2000,3998.4000,3998.6000,3998.8000,3999.0000,3999.2000,1,6,14,5,1,6,5,5,1,3
SF,IF2003,2019-12-24 09:34:04.100,3998.0000,36338,0,604366200.000,0,-,-,-,-,3997.4000,3997.0000,3996.8000,3996.0000,3995.2000,3998.2000,3998.4000,3998.6000,3998.8000,3999.0000,1,6,14,5,1,5,7,5,5,1
SF,IF2003,2019-12-24 09:34:04.600,3998.0000,36338,0,604366200.000,0,-,-,-,-,3997.4000,3997.0000,3996.8000,3996.0000,3995.2000,3998.0000,3998.2000,3998.4000,3998.6000,3998.8000,1,6,14,5,1,1,5,7,5,5
SF,IF2003,2019-12-24 09:34:05.100,3997.4000,36337,-1,605565420.000,1,0,1,双平,S,3997.0000,3996.8000,3996.0000,3995.2000,3995.0000,3997.8000,3998.0000,3998.2000,3998.4000,3998.6000,6,14,5,1,9,1,1,5,7,5
SF,IF2003,2019-12-24 09:34:05.600,3997.4000,36337,0,605565420.000,0,-,-,-,-,3997.0000,3996.8000,3996.0000,3995.2000,3995.0000,3997.4000,3997.8000,3998.0000,3998.2000,3998.4000,6,14,5,1,9,1,1,1,5,7
SF,IF2003,2019-12-24 09:34:06.100,3997.4000,36337,0,605565420.000,0,-,-,-,-,3997.0000,3996.8000,3996.0000,3995.2000,3995.0000,3997.4000,3997.8000,3998.0000,3998.2000,3998.4000,6,14,5,1,9,1,1,1,5,7
SF,IF2003,2019-12-24 09:34:06.600,3997.0000,36337,0,609162720.000,3,1,2,多换,S,3997.0000,3996.8000,3996.0000,3995.2000,3995.0000,3997.4000,3997.8000,3998.0000,3998.2000,3998.4000,3,14,5,1,9,1,1,1,5,7
SF,IF2003,2019-12-24 09:34:07.100,3997.0000,36337,0,609162720.000,0,-,-,-,-,3997.0000,3996.8000,3996.0000,3995.2000,3995.0000,3997.4000,3997.8000,3998.0000,3998.2000,3998.4000,3,14,5,1,9,1,1,1,5,6
SF,IF2003,2019-12-24 09:34:07.600,3997.0000,36337,0,609162720.000,0,-,-,-,-,3997.0000,3996.8000,3996.0000,3995.2000,3995.0000,3997.4000,3997.8000,3998.0000,3998.2000,3998.4000,3,14,5,1,9,1,1,1,5,6
SF,IF2003,2019-12-24 09:34:08.100,3997.0000,36337,0,612760020.000,3,1,2,多换,S,3996.8000,3996.0000,3995.2000,3995.0000,3994.8000,3997.0000,3997.4000,3997.8000,3998.0000,3998.2000,14,5,1,9,1,4,1,1,1,5
SF,IF2003,2019-12-24 09:34:08.600,3997.0000,36336,-1,613959120.000,1,0,1,双平,S,3996.8000,3996.0000,3995.2000,3995.0000,3994.8000,3997.4000,3997.8000,3998.0000,3998.2000,3998.4000,14,5,1,9,1,1,1,1,3,6
SF,IF2003,2019-12-24 09:34:09.600,3997.4000,36337,1,615158340.000,1,1,0,双开,S,3996.8000,3996.0000,3995.2000,3995.0000,3994.8000,3997.8000,3998.0000,3998.2000,3998.4000,3999.4000,14,5,1,9,1,1,1,3,6,1
SF,IF2003,2019-12-24 09:34:10.100,3997.4000,36337,0,615158340.000,0,-,-,-,-,3996.8000,3996.0000,3995.2000,3995.0000,3994.8000,3997.4000,3997.6000,3997.8000,3998.0000,3998.4000,14,5,1,9,1,1,10,1,1,5
SF,IF2003,2019-12-24 09:34:10.600,3997.4000,36337,0,615158340.000,0,-,-,-,-,3996.8000,3996.0000,3995.2000,3995.0000,3994.8000,3997.4000,3997.6000,3997.8000,3998.0000,3998.4000,14,5,1,9,1,1,9,1,1,5
SF,IF2003,2019-12-24 09:34:11.100,3996.8000,36337,0,617556420.000,2,1,1,多换,S,3996.8000,3996.6000,3996.0000,3995.2000,3995.0000,3997.0000,3997.2000,3997.4000,3997.6000,3997.8000,12,3,5,1,9,5,1,1,8,1
SF,IF2003,2019-12-24 09:34:11.600,3996.8000,36337,0,619954500.000,2,1,1,多换,S,3996.8000,3996.6000,3996.0000,3995.2000,3995.0000,3997.0000,3997.2000,3997.4000,3997.6000,3997.8000,10,3,5,1,9,5,1,1,8,1
SF,IF2003,2019-12-24 09:34:12.100,3996.8000,36337,0,622352580.000,2,1,1,多换,S,3996.8000,3996.6000,3996.0000,3995.2000,3995.0000,3997.2000,3997.4000,3997.6000,3997.8000,3998.0000,8,3,5,1,9,2,1,8,1,1
SF,IF2003,2019-12-24 09:34:13.100,3996.8000,36337,0,622352580.000,0,-,-,-,-,3996.8000,3996.6000,3996.0000,3995.2000,3995.0000,3997.0000,3997.2000,3997.4000,3997.6000,3997.8000,8,3,5,1,9,7,2,1,8,1
SF,IF2003,2019-12-24 09:34:13.600,3997.0000,36336,-1,623551680.000,1,0,1,双平,S,3996.8000,3996.6000,3996.0000,3995.2000,3995.0000,3997.0000,3997.2000,3997.4000,3997.6000,3997.8000,8,3,5,1,9,6,1,1,8,1
SF,IF2003,2019-12-24 09:34:14.100,3997.0000,36333,-3,627148980.000,3,0,3,双平,S,3996.8000,3996.6000,3996.0000,3995.0000,3994.8000,3997.2000,3997.4000,3997.6000,3997.8000,3998.0000,8,3,6,9,1,1,1,8,1,1
SF,IF2003,2019-12-24 09:34:14.600,3997.0000,36330,-3,630746400.000,3,0,3,双平,S,3997.0000,3996.8000,3996.6000,3996.0000,3995.0000,3997.6000,3997.8000,3998.0000,3998.4000,3999.4000,1,8,3,6,9,8,1,1,5,1
SF,IF2003,2019-12-24 09:34:15.100,3997.0000,36330,0,630746400.000,0,-,-,-,-,3996.8000,3996.6000,3996.0000,3995.0000,3994.8000,3997.6000,3997.8000,3998.0000,3998.4000,3999.4000,8,3,6,9,1,8,1,1,5,1
SF,IF2003,2019-12-24 09:34:15.600,3997.0000,36330,0,630746400.000,0,-,-,-,-,3996.8000,3996.6000,3996.0000,3995.0000,3994.8000,3997.4000,3997.6000,3997.8000,3998.0000,3998.4000,8,3,6,9,1,2,8,1,1,5
SF,IF2003,2019-12-24 09:34:16.100,3997.0000,36330,0,630746400.000,0,-,-,-,-,3996.8000,3996.6000,3996.0000,3995.0000,3994.8000,3997.4000,3997.6000,3997.8000,3998.0000,3998.4000,8,3,6,9,1,2,8,1,1,5
SF,IF2003,2019-12-24 09:34:19.100,3997.0000,36330,0,630746400.000,0,-,-,-,-,3996.8000,3996.6000,3996.0000,3995.0000,3994.8000,3997.2000,3997.4000,3997.6000,3997.8000,3998.0000,8,3,6,9,1,4,2,8,1,1
SF,IF2003,2019-12-24 09:34:20.100,3996.8000,36332,2,633144480.000,2,2,0,双开,S,3996.8000,3996.6000,3996.0000,3995.0000,3994.8000,3997.2000,3997.4000,3997.6000,3997.8000,3998.0000,6,3,6,9,1,4,2,8,1,1
SF,IF2003,2019-12-24 09:34:20.600,3996.8000,36332,0,633144480.000,0,-,-,-,-,3996.8000,3996.6000,3996.0000,3995.0000,3994.8000,3997.2000,3997.4000,3997.6000,3997.8000,3998.0000,6,3,6,9,1,4,2,8,1,1
SF,IF2003,2019-12-24 09:34:21.600,3996.8000,36332,0,633144480.000,0,-,-,-,-,3996.8000,3996.6000,3996.0000,3995.0000,3994.8000,3997.2000,3997.4000,3997.6000,3997.8000,3998.0000,6,3,6,9,1,4,2,8,1,1
SF,IF2003,2019-12-24 09:34:22.600,3996.8000,36332,0,633144480.000,0,-,-,-,-,3996.8000,3996.6000,3996.0000,3995.0000,3994.8000,3997.2000,3997.4000,3997.6000,3997.8000,3998.0000,7,3,6,9,1,4,2,8,1,1
SF,IF2003,2019-12-24 09:34:24.100,3996.8000,36332,0,633144480.000,0,-,-,-,-,3996.8000,3996.6000,3996.0000,3995.0000,3994.8000,3997.0000,3997.4000,3997.6000,3997.8000,3998.0000,7,3,6,9,1,4,2,8,1,1
SF,IF2003,2019-12-24 09:34:24.600,3996.8000,36331,-1,641537820.000,7,3,4,多平,S,3996.8000,3996.6000,3996.0000,3995.0000,3994.8000,3997.0000,3997.4000,3997.6000,3997.8000,3998.0000,1,3,6,9,1,3,2,8,1,1
SF,IF2003,2019-12-24 09:34:25.100,3996.8000,36331,0,642736860.000,1,0,1,多换,S,3996.6000,3996.0000,3995.0000,3994.8000,3992.0000,3996.8000,3997.0000,3997.4000,3997.6000,3997.8000,3,6,9,1,4,8,3,2,8,1
SF,IF2003,2019-12-24 09:34:25.600,3996.8000,36330,-1,643935900.000,1,0,1,双平,S,3996.6000,3996.0000,3995.0000,3994.8000,3992.0000,3996.8000,3997.0000,3997.4000,3997.6000,3997.8000,3,6,9,1,4,4,3,2,8,1
SF,IF2003,2019-12-24 09:34:27.100,3996.6000,36332,2,646333860.000,2,2,0,双开,S,3996.6000,3996.0000,3995.0000,3994.8000,3992.0000,3996.8000,3997.0000,3997.4000,3997.6000,3997.8000,1,6,9,1,4,4,3,2,8,1
SF,IF2003,2019-12-24 09:34:27.600,3996.6000,36332,0,647532840.000,1,0,1,多换,S,3996.0000,3995.0000,3994.8000,3992.0000,3991.8000,3996.6000,3996.8000,3997.0000,3997.4000,3997.6000,6,9,1,4,1,1,4,3,2,8
SF,IF2003,2019-12-24 09:34:28.100,3996.6000,36332,0,647532840.000,0,-,-,-,-,3996.0000,3995.0000,3994.8000,3992.0000,3991.8000,3996.4000,3996.6000,3996.8000,3997.0000,3997.4000,6,9,1,4,1,3,1,4,3,2
SF,IF2003,2019-12-24 09:34:28.600,3996.6000,36332,0,647532840.000,0,-,-,-,-,3996.2000,3996.0000,3995.0000,3994.8000,3992.0000,3996.4000,3996.6000,3996.8000,3997.0000,3997.4000,1,6,9,1,4,3,1,4,3,2
SF,IF2003,2019-12-24 09:34:29.100,3996.4000,36329,-3,651129600.000,3,0,3,双平,S,3996.2000,3996.0000,3995.0000,3994.8000,3992.0000,3996.6000,3996.8000,3997.0000,3997.4000,3998.4000,1,6,9,1,4,1,4,3,2,1
SF,IF2003,2019-12-24 09:34:29.600,3996.4000,36329,0,651129600.000,0,-,-,-,-,3996.0000,3995.0000,3994.8000,3992.0000,3991.8000,3996.6000,3996.8000,3997.0000,3997.4000,3998.4000,6,9,1,4,1,1,4,3,2,1
SF,IF2003,2019-12-24 09:34:30.100,3996.6000,36329,0,652328580.000,1,0,1,多换,S,3996.0000,3995.0000,3994.8000,3992.0000,3991.8000,3996.6000,3996.8000,3997.0000,3997.4000,3998.4000,6,9,1,4,1,1,4,3,2,1
SF,IF2003,2019-12-24 09:34:30.600,3996.6000,36329,0,652328580.000,0,-,-,-,-,3996.0000,3995.0000,3994.8000,3992.0000,3991.8000,3996.2000,3996.6000,3996.8000,3997.0000,3997.4000,6,9,1,4,1,6,1,4,3,2
SF,IF2003,2019-12-24 09:34:31.100,3996.2000,36329,0,655925160.000,3,1,2,多换,S,3996.0000,3995.0000,3994.8000,3992.0000,3991.8000,3996.2000,3996.6000,3996.8000,3997.0000,3997.4000,6,9,1,4,1,3,1,4,3,2
SF,IF2003,2019-12-24 09:34:31.600,3996.0000,36326,-3,659521560.000,3,0,3,双平,S,3996.0000,3995.0000,3994.8000,3992.0000,3991.8000,3996.2000,3996.6000,3996.8000,3997.4000,3998.4000,3,9,1,4,1,3,1,4,2,1
SF,IF2003,2019-12-24 09:34:32.100,3996.0000,36326,0,659521560.000,0,-,-,-,-,3996.0000,3995.0000,3994.8000,3992.0000,3991.8000,3996.2000,3996.6000,3996.8000,3997.4000,3998.4000,3,9,1,4,1,3,1,4,2,1
SF,IF2003,2019-12-24 09:34:32.600,3996.0000,36327,1,660720360.000,1,1,0,双开,S,3996.0000,3995.0000,3994.8000,3992.0000,3991.8000,3996.2000,3996.6000,3996.8000,3997.4000,3998.4000,2,9,1,4,1,3,1,4,2,1
SF,IF2003,2019-12-24 09:34:33.100,3996.0000,36326,-1,663117960.000,2,0,2,多平,S,3995.0000,3994.8000,3992.0000,3991.8000,3991.2000,3996.2000,3996.6000,3996.8000,3997.4000,3998.4000,9,1,4,1,1,3,1,4,2,1
SF,IF2003,2019-12-24 09:34:33.600,3996.0000,36326,0,663117960.000,0,-,-,-,-,3995.4000,3995.2000,3995.0000,3994.8000,3992.0000,3996.2000,3996.6000,3996.8000,3997.4000,3998.4000,1,3,9,1,4,3,1,4,2,1
SF,IF2003,2019-12-24 09:34:34.100,3996.0000,36326,0,663117960.000,0,-,-,-,-,3995.4000,3995.2000,3995.0000,3994.8000,3992.0000,3996.0000,3996.2000,3996.6000,3996.8000,3997.4000,1,1,9,1,4,1,3,1,4,2
SF,IF2003,2019-12-24 09:34:34.600,3996.0000,36326,0,663117960.000,0,-,-,-,-,3995.2000,3995.0000,3994.8000,3992.0000,3991.8000,3996.0000,3996.2000,3996.6000,3996.8000,3997.4000,1,9,1,4,1,1,3,1,4,2
SF,IF2003,2019-12-24 09:34:37.100,3996.0000,36326,0,663117960.000,0,-,-,-,-,3995.2000,3995.0000,3994.8000,3993.6000,3992.0000,3996.0000,3996.2000,3996.6000,3996.8000,3997.4000,1,9,1,1,4,2,3,1,4,2
SF,IF2003,2019-12-24 09:34:38.100,3995.2000,36325,-1,666714120.000,3,1,2,多平,S,3995.0000,3994.8000,3993.6000,3992.0000,3991.8000,3996.2000,3996.6000,3996.8000,3997.4000,3998.4000,9,1,1,4,1,3,1,4,2,1
SF,IF2003,2019-12-24 09:34:38.600,3995.2000,36325,0,666714120.000,0,-,-,-,-,3995.2000,3995.0000,3994.8000,3993.6000,3992.0000,3996.2000,3996.6000,3996.8000,3997.4000,3998.4000,3,9,1,1,4,3,1,4,2,1
SF,IF2003,2019-12-24 09:34:39.100,3995.2000,36325,0,666714120.000,0,-,-,-,-,3995.4000,3995.2000,3995.0000,3994.8000,3993.6000,3996.2000,3996.6000,3996.8000,3997.4000,3998.4000,1,2,9,1,1,3,1,4,2,1
SF,IF2003,2019-12-24 09:34:39.600,3995.2000,36325,0,666714120.000,0,-,-,-,-,3995.6000,3995.4000,3995.2000,3995.0000,3994.8000,3996.2000,3996.6000,3996.8000,3997.4000,3998.4000,1,1,2,9,1,3,1,4,2,1
SF,IF2003,2019-12-24 09:34:40.100,3996.2000,36325,0,670310700.000,3,1,2,多换,S,3995.6000,3995.4000,3995.2000,3995.0000,3994.8000,3996.6000,3996.8000,3997.4000,3998.4000,3999.6000,3,1,2,9,1,1,4,2,1,5
SF,IF2003,2019-12-24 09:34:40.600,3996.2000,36325,0,670310700.000,0,-,-,-,-,3995.8000,3995.6000,3995.4000,3995.2000,3995.0000,3996.6000,3996.8000,3998.4000,3999.6000,3999.8000,2,3,2,2,9,1,4,1,5,1
SF,IF2003,2019-12-24 09:34:41.100,3996.2000,36325,0,670310700.000,0,-,-,-,-,3996.0000,3995.8000,3995.6000,3995.4000,3995.2000,3996.6000,3996.8000,3998.4000,3999.6000,3999.8000,1,2,3,2,2,1,4,1,5,1
SF,IF2003,2019-12-24 09:34:41.600,3996.2000,36325,0,670310700.000,0,-,-,-,-,3996.0000,3995.8000,3995.6000,3995.4000,3995.2000,3996.6000,3996.8000,3998.4000,3999.6000,3999.8000,2,1,3,2,2,1,4,1,5,1
