市场代码,合约代码,时间,最新,持仓,增仓,成交额,成交量,开仓,平仓,成交类型,方向,买一价,买二价,买三价,买四价,买五价,卖一价,卖二价,卖三价,卖四价,卖五价,买一量,买二量,买三量,买四量,买五量,卖一量,卖二量,卖三量,卖四量,卖五量
SF,IF2009,2020-06-05 09:29:00.100,3852.0000,27340,0,23112000.000,20.000,-,-,-,-,3848.4000,3845.6000,3845.2000,3844.4000,3843.6000,3852.6000,3853.6000,3854.0000,3858.0000,3859.8000,1,2,2,1,1,1,1,1,10,1
SF,IF2009,2020-06-05 09:30:00.100,3854.0000,27337,-3,27736260.000,4,0,4,多平,S,3852.6000,3852.0000,3851.4000,3848.8000,3848.6000,3858.0000,3859.0000,3859.8000,3861.0000,3861.2000,1,2,4,8,5,10,1,1,1,3
SF,IF2009,2020-06-05 09:30:00.600,3854.0000,27337,0,27736260.000,0,-,-,-,-,3852.8000,3852.6000,3852.0000,3851.4000,3851.0000,3856.6000,3856.8000,3857.0000,3857.8000,3858.0000,2,3,2,3,2,1,1,2,12,10
SF,IF2009,2020-06-05 09:30:01.100,3852.8000,27336,-1,28892100.000,1,0,1,双平,S,3852.8000,3851.0000,3850.2000,3850.0000,3849.6000,3853.6000,3856.0000,3856.2000,3856.4000,3856.6000,1,2,5,1,2,1,1,1,5,1
SF,IF2009,2020-06-05 09:30:01.600,3853.4000,27333,-3,34672080.000,5,1,4,多平,S,3851.0000,3850.2000,3850.0000,3849.6000,3848.8000,3853.4000,3853.6000,3854.8000,3855.4000,3855.6000,2,5,6,2,12,2,2,2,1,5
SF,IF2009,2020-06-05 09:30:02.100,3853.4000,27332,-1,35828100.000,1,0,1,双平,S,3852.4000,3851.8000,3851.6000,3851.4000,3851.2000,3853.2000,3853.4000,3854.8000,3855.4000,3855.6000,1,1,5,1,2,5,2,2,1,5
SF,IF2009,2020-06-05 09:30:02.600,3853.4000,27332,0,35828100.000,0,-,-,-,-,3851.8000,3851.4000,3851.2000,3851.0000,3850.2000,3852.6000,3852.8000,3853.0000,3853.2000,3854.8000,1,1,4,3,5,1,1,4,1,2
SF,IF2009,2020-06-05 09:30:03.100,3851.2000,27330,-2,38138820.000,2,0,2,双平,S,3851.2000,3850.0000,3849.6000,3848.8000,3848.6000,3852.4000,3852.8000,3853.0000,3853.2000,3854.8000,1,4,2,12,4,2,6,4,1,2
SF,IF2009,2020-06-05 09:30:03.600,3852.2000,27329,-1,39294480.000,1,0,1,双平,S,3851.2000,3850.0000,3849.6000,3848.8000,3848.6000,3852.2000,3852.4000,3852.8000,3853.0000,3853.2000,1,4,2,12,4,1,3,6,1,1
SF,IF2009,2020-06-05 09:30:04.100,3852.2000,27329,0,40450140.000,1,0,1,多换,S,3851.2000,3850.0000,3849.6000,3848.8000,3848.6000,3852.2000,3852.4000,3852.8000,3853.0000,3853.2000,1,4,2,5,4,1,2,6,1,1
SF,IF2009,2020-06-05 09:30:04.600,3851.2000,27328,-1,41605500.000,1,0,1,双平,S,3850.0000,3849.6000,3848.8000,3848.6000,3848.0000,3851.6000,3852.0000,3852.2000,3852.4000,3852.8000,4,2,5,4,1,1,2,1,1,6
SF,IF2009,2020-06-05 09:30:05.100,3851.2000,27328,0,41605500.000,0,-,-,-,-,3850.6000,3850.2000,3850.0000,3848.8000,3848.6000,3851.4000,3851.6000,3852.0000,3852.8000,3853.0000,1,1,3,5,4,1,1,2,6,1
SF,IF2009,2020-06-05 09:30:05.600,3850.6000,27327,-1,42760680.000,1,0,1,双平,S,3850.6000,3850.0000,3848.8000,3848.6000,3848.0000,3851.2000,3851.4000,3852.0000,3852.8000,3853.0000,1,3,5,4,1,1,1,1,6,1
SF,IF2009,2020-06-05 09:30:06.100,3850.6000,27326,-1,43915860.000,1,0,1,双平,S,3850.0000,3848.8000,3848.6000,3848.0000,3847.0000,3850.8000,3851.0000,3851.2000,3852.0000,3852.8000,3,5,4,1,1,1,1,1,1,6
SF,IF2009,2020-06-05 09:30:06.600,3850.0000,27326,0,47380860.000,3,1,2,多换,S,3848.8000,3848.6000,3848.0000,3847.0000,3845.0000,3850.6000,3850.8000,3851.2000,3852.0000,3852.8000,2,4,1,1,7,1,2,6,1,6
SF,IF2009,2020-06-05 09:30:07.100,3850.0000,27326,0,47380860.000,0,-,-,-,-,3849.8000,3849.4000,3849.2000,3849.0000,3848.8000,3850.6000,3850.8000,3851.2000,3852.0000,3852.8000,1,1,5,2,5,1,1,6,1,6
SF,IF2009,2020-06-05 09:30:07.600,3849.4000,27325,-1,48535680.000,1,0,1,双平,S,3849.2000,3849.0000,3848.8000,3848.6000,3848.0000,3850.0000,3850.6000,3851.2000,3852.0000,3852.8000,1,1,3,1,1,1,3,5,1,6
SF,IF2009,2020-06-05 09:30:08.100,3849.4000,27325,0,48535680.000,0,-,-,-,-,3849.2000,3848.8000,3848.6000,3848.0000,3847.0000,3849.8000,3850.0000,3850.4000,3851.2000,3852.0000,1,2,1,1,1,1,2,1,5,1
SF,IF2009,2020-06-05 09:30:08.600,3849.2000,27324,-1,50845200.000,2,0,2,多平,S,3848.8000,3848.6000,3848.0000,3847.0000,3845.0000,3849.8000,3850.0000,3850.4000,3851.2000,3852.0000,2,1,1,1,7,1,2,1,5,1
SF,IF2009,2020-06-05 09:30:09.100,3848.8000,27324,0,51999840.000,1,0,1,多换,S,3848.6000,3848.0000,3847.0000,3845.0000,3842.6000,3849.6000,3849.8000,3851.2000,3852.8000,3853.0000,1,1,1,7,1,2,3,5,6,1
SF,IF2009,2020-06-05 09:30:09.600,3848.6000,27323,-1,53154420.000,1,0,1,双平,S,3848.0000,3847.0000,3845.0000,3842.6000,3841.6000,3848.6000,3849.4000,3849.6000,3851.2000,3852.8000,1,1,7,1,3,5,2,1,5,6
SF,IF2009,2020-06-05 09:30:10.100,3848.6000,27322,-1,56618160.000,3,1,2,多平,S,3848.4000,3848.2000,3848.0000,3847.0000,3845.0000,3848.6000,3849.4000,3849.6000,3851.2000,3852.0000,1,1,1,1,7,2,2,1,5,1
SF,IF2009,2020-06-05 09:30:10.600,3848.6000,27321,-1,57772740.000,1,0,1,双平,S,3848.0000,3847.0000,3845.4000,3845.0000,3842.6000,3848.6000,3849.4000,3849.6000,3851.2000,3851.6000,1,1,1,7,1,1,1,1,5,1
SF,IF2009,2020-06-05 09:30:11.100,3848.0000,27320,-1,58927140.000,1,0,1,双平,S,3847.0000,3845.4000,3845.0000,3842.6000,3841.6000,3848.6000,3849.4000,3849.6000,3851.2000,3851.6000,1,1,7,1,3,1,1,1,5,1
SF,IF2009,2020-06-05 09:30:11.600,3848.0000,27320,0,58927140.000,0,-,-,-,-,3847.8000,3847.2000,3847.0000,3845.4000,3845.0000,3848.6000,3849.4000,3849.6000,3851.2000,3851.6000,1,1,3,1,7,1,1,1,5,1
SF,IF2009,2020-06-05 09:30:12.100,3848.0000,27320,0,58927140.000,0,-,-,-,-,3848.2000,3847.8000,3847.6000,3847.4000,3847.2000,3848.4000,3848.6000,3849.4000,3849.6000,3851.2000,1,1,5,3,3,5,3,1,1,5
SF,IF2009,2020-06-05 09:30:12.600,3848.4000,27320,0,63545220.000,4,2,2,多换,S,3847.8000,3847.4000,3847.2000,3847.0000,3845.4000,3848.4000,3848.6000,3849.6000,3851.0000,3851.2000,1,1,1,3,1,1,3,1,1,5
SF,IF2009,2020-06-05 09:30:14.100,3847.8000,27319,-1,64699560.000,1,0,1,双平,S,3847.4000,3847.2000,3847.0000,3845.4000,3845.0000,3848.4000,3848.6000,3849.6000,3851.0000,3851.2000,1,1,3,1,7,1,3,1,1,5
SF,IF2009,2020-06-05 09:30:14.600,3847.8000,27319,0,64699560.000,0,-,-,-,-,3847.8000,3847.4000,3847.2000,3847.0000,3845.4000,3848.2000,3848.4000,3848.6000,3849.6000,3851.0000,1,1,1,2,1,1,2,3,1,1
SF,IF2009,2020-06-05 09:30:15.100,3847.8000,27319,0,64699560.000,0,-,-,-,-,3847.4000,3847.2000,3847.0000,3845.4000,3845.0000,3848.2000,3848.4000,3848.6000,3849.6000,3851.0000,1,1,2,1,7,1,2,3,1,1
SF,IF2009,2020-06-05 09:30:15.600,3847.8000,27319,0,64699560.000,0,-,-,-,-,3847.4000,3847.2000,3847.0000,3845.4000,3845.0000,3848.2000,3848.4000,3848.6000,3849.6000,3851.0000,1,1,2,1,7,1,2,3,1,1
SF,IF2009,2020-06-05 09:30:16.100,3848.4000,27318,-1,67008540.000,2,0,2,多平,S,3847.8000,3847.4000,3847.2000,3847.0000,3845.4000,3848.6000,3849.6000,3851.0000,3851.2000,3851.6000,1,2,1,2,1,3,1,1,5,1
SF,IF2009,2020-06-05 09:30:16.600,3848.4000,27318,0,67008540.000,0,-,-,-,-,3847.4000,3847.2000,3847.0000,3845.4000,3845.0000,3848.4000,3848.6000,3849.6000,3851.2000,3851.6000,2,1,2,1,7,1,3,1,5,1
SF,IF2009,2020-06-05 09:30:17.100,3848.6000,27314,-4,71626800.000,4,0,4,双平,S,3847.8000,3847.6000,3847.4000,3847.2000,3847.0000,3849.6000,3851.2000,3851.6000,3852.0000,3852.2000,1,2,2,1,2,1,5,1,1,2
SF,IF2009,2020-06-05 09:30:17.600,3848.6000,27314,0,71626800.000,0,-,-,-,-,3848.0000,3847.6000,3847.4000,3847.2000,3847.0000,3849.4000,3849.6000,3851.2000,3851.6000,3852.0000,2,1,2,1,2,3,1,5,1,2
SF,IF2009,2020-06-05 09:30:18.100,3848.6000,27314,0,71626800.000,0,-,-,-,-,3848.0000,3847.6000,3847.4000,3847.2000,3847.0000,3849.2000,3849.4000,3851.2000,3851.6000,3852.0000,2,1,1,1,2,1,2,5,1,2
SF,IF2009,2020-06-05 09:30:19.100,3848.6000,27314,0,71626800.000,0,-,-,-,-,3849.2000,3848.2000,3848.0000,3847.4000,3847.2000,3849.4000,3851.2000,3851.6000,3852.0000,3852.2000,1,1,2,1,1,2,5,1,2,2
SF,IF2009,2020-06-05 09:30:19.600,3849.2000,27314,0,72781560.000,1,0,1,多换,S,3848.2000,3848.0000,3847.4000,3847.2000,3847.0000,3849.2000,3849.4000,3851.2000,3851.6000,3852.0000,1,1,1,1,2,4,2,5,1,2
SF,IF2009,2020-06-05 09:30:20.100,3849.2000,27314,0,72781560.000,0,-,-,-,-,3848.4000,3848.2000,3847.4000,3847.2000,3847.0000,3849.0000,3849.2000,3849.4000,3851.2000,3851.6000,2,1,1,1,2,1,5,1,5,1
SF,IF2009,2020-06-05 09:30:21.100,3848.4000,27312,-2,75090600.000,2,0,2,双平,S,3848.2000,3847.4000,3847.2000,3847.0000,3845.4000,3849.0000,3849.2000,3849.4000,3851.2000,3851.6000,1,1,1,2,1,1,5,1,5,1
SF,IF2009,2020-06-05 09:30:21.600,3848.2000,27311,-1,76245060.000,1,0,1,双平,S,3848.2000,3847.4000,3847.2000,3847.0000,3845.4000,3848.8000,3849.0000,3849.2000,3849.4000,3851.2000,1,1,1,2,1,1,1,5,1,5
SF,IF2009,2020-06-05 09:30:22.100,3848.2000,27311,0,76245060.000,0,-,-,-,-,3848.2000,3847.4000,3847.2000,3847.0000,3845.4000,3848.8000,3849.2000,3849.4000,3851.2000,3851.6000,1,1,1,2,1,1,5,1,5,1
SF,IF2009,2020-06-05 09:30:23.100,3848.2000,27311,0,77399520.000,1,0,1,多换,S,3847.4000,3847.2000,3847.0000,3845.4000,3845.0000,3848.8000,3849.2000,3849.4000,3851.2000,3851.6000,1,1,2,1,8,1,5,1,5,1
SF,IF2009,2020-06-05 09:30:23.600,3848.2000,27311,0,77399520.000,0,-,-,-,-,3848.0000,3847.6000,3847.4000,3847.2000,3847.0000,3848.8000,3849.2000,3849.4000,3851.2000,3851.6000,1,1,1,2,1,2,5,1,5,1
SF,IF2009,2020-06-05 09:30:24.100,3848.2000,27311,0,77399520.000,0,-,-,-,-,3847.4000,3847.2000,3847.0000,3845.4000,3845.0000,3848.0000,3848.8000,3849.2000,3849.4000,3851.2000,1,1,1,1,8,1,2,5,1,5
SF,IF2009,2020-06-05 09:30:24.600,3848.2000,27311,0,77399520.000,0,-,-,-,-,3847.6000,3847.4000,3847.2000,3847.0000,3845.4000,3848.0000,3848.8000,3849.2000,3849.4000,3851.2000,1,1,1,1,1,1,2,5,1,5
SF,IF2009,2020-06-05 09:30:25.100,3848.0000,27310,-1,78553920.000,1,0,1,双平,S,3848.0000,3847.6000,3847.4000,3847.2000,3847.0000,3848.8000,3849.2000,3849.4000,3851.2000,3851.6000,2,2,1,1,1,1,5,1,5,1
SF,IF2009,2020-06-05 09:30:25.600,3848.0000,27310,0,78553920.000,0,-,-,-,-,3848.0000,3847.6000,3847.4000,3847.2000,3847.0000,3848.8000,3849.2000,3849.4000,3851.2000,3851.6000,1,1,1,1,1,2,5,1,5,1
SF,IF2009,2020-06-05 09:30:26.100,3848.0000,27310,0,78553920.000,0,-,-,-,-,3848.0000,3847.6000,3847.4000,3847.2000,3847.0000,3848.8000,3849.2000,3849.4000,3851.2000,3851.6000,1,1,1,1,1,2,5,1,5,1
SF,IF2009,2020-06-05 09:30:26.600,3848.0000,27310,0,78553920.000,0,-,-,-,-,3848.0000,3847.6000,3847.4000,3847.2000,3847.0000,3848.8000,3849.2000,3849.4000,3851.2000,3851.6000,1,1,1,1,1,2,5,1,5,1
SF,IF2009,2020-06-05 09:30:27.100,3848.0000,27310,0,78553920.000,0,-,-,-,-,3848.0000,3847.6000,3847.4000,3847.2000,3847.0000,3848.8000,3849.2000,3849.4000,3851.2000,3851.6000,1,1,1,1,1,1,5,1,5,1
SF,IF2009,2020-06-05 09:30:27.600,3848.0000,27310,0,79708320.000,1,0,1,多换,S,3847.6000,3847.4000,3847.2000,3847.0000,3845.4000,3848.8000,3849.2000,3849.4000,3851.2000,3851.6000,1,1,1,1,1,3,5,1,5,1
SF,IF2009,2020-06-05 09:30:28.100,3848.0000,27310,0,79708320.000,0,-,-,-,-,3847.6000,3847.4000,3847.2000,3847.0000,3845.4000,3848.0000,3848.6000,3848.8000,3849.2000,3849.4000,1,1,1,1,1,1,1,1,5,1
SF,IF2009,2020-06-05 09:30:28.600,3847.6000,27307,-3,83171160.000,3,0,3,双平,S,3847.4000,3847.2000,3847.0000,3845.4000,3845.0000,3847.6000,3848.0000,3848.8000,3849.2000,3849.4000,1,1,1,1,8,7,1,1,5,1
SF,IF2009,2020-06-05 09:30:29.100,3847.6000,27305,-2,86634000.000,3,0,3,多平,S,3847.4000,3847.2000,3847.0000,3845.4000,3845.0000,3847.6000,3848.0000,3848.8000,3849.2000,3849.4000,1,1,1,1,8,4,2,1,5,1
SF,IF2009,2020-06-05 09:30:30.100,3847.6000,27304,-1,87788280.000,1,0,1,双平,S,3847.4000,3847.2000,3847.0000,3845.4000,3845.0000,3847.6000,3848.0000,3848.8000,3849.2000,3849.4000,1,1,1,1,8,3,2,1,5,1
SF,IF2009,2020-06-05 09:30:30.600,3847.6000,27301,-3,91251120.000,3,0,3,双平,S,3847.8000,3847.4000,3847.2000,3847.0000,3845.4000,3848.0000,3848.8000,3849.2000,3849.4000,3851.2000,1,1,1,1,1,2,1,5,1,5
SF,IF2009,2020-06-05 09:30:31.100,3847.8000,27300,-1,93559860.000,2,0,2,多平,S,3847.6000,3847.2000,3847.0000,3845.4000,3845.0000,3848.0000,3848.8000,3849.2000,3849.4000,3851.2000,2,1,1,1,8,1,1,5,1,5
SF,IF2009,2020-06-05 09:30:31.600,3847.8000,27300,0,93559860.000,0,-,-,-,-,3847.6000,3847.2000,3847.0000,3845.4000,3845.0000,3848.0000,3848.8000,3849.2000,3849.4000,3851.2000,1,1,1,1,8,1,1,5,1,5
SF,IF2009,2020-06-05 09:30:32.600,3847.8000,27300,0,93559860.000,0,-,-,-,-,3847.6000,3847.2000,3847.0000,3845.4000,3845.0000,3848.0000,3848.8000,3849.2000,3849.4000,3851.2000,2,1,1,1,8,1,1,5,1,5
SF,IF2009,2020-06-05 09:30:33.100,3847.8000,27300,0,93559860.000,0,-,-,-,-,3847.6000,3847.2000,3847.0000,3845.4000,3845.0000,3847.8000,3848.0000,3848.8000,3849.2000,3849.4000,2,1,1,1,8,3,1,1,5,1
SF,IF2009,2020-06-05 09:30:35.100,3847.8000,27300,0,93559860.000,0,-,-,-,-,3847.6000,3847.2000,3847.0000,3846.8000,3845.4000,3847.8000,3848.0000,3848.8000,3849.2000,3849.4000,2,1,1,1,1,3,1,1,5,1
SF,IF2009,2020-06-05 09:30:35.600,3847.6000,27300,0,95868420.000,2,1,1,多换,S,3847.2000,3847.0000,3846.8000,3845.4000,3845.0000,3847.8000,3848.0000,3848.8000,3849.2000,3849.4000,1,1,1,1,8,3,1,1,5,1
SF,IF2009,2020-06-05 09:30:36.100,3847.6000,27300,0,95868420.000,0,-,-,-,-,3847.4000,3847.0000,3846.8000,3845.4000,3845.0000,3847.8000,3848.0000,3848.8000,3849.2000,3849.4000,3,1,1,1,8,3,1,1,5,1
SF,IF2009,2020-06-05 09:30:36.600,3847.4000,27300,0,97022640.000,1,0,1,多换,S,3847.0000,3846.8000,3845.4000,3845.0000,3842.6000,3847.8000,3848.0000,3848.8000,3849.2000,3849.4000,1,1,1,8,1,3,1,1,5,1
SF,IF2009,2020-06-05 09:30:37.100,3847.4000,27300,0,97022640.000,0,-,-,-,-,3847.0000,3846.8000,3845.4000,3845.0000,3842.6000,3847.6000,3847.8000,3848.0000,3848.8000,3849.2000,1,1,1,8,1,1,3,1,1,5
SF,IF2009,2020-06-05 09:30:37.600,3847.4000,27300,0,97022640.000,0,-,-,-,-,3847.0000,3846.8000,3845.4000,3845.0000,3842.6000,3847.6000,3847.8000,3848.0000,3848.8000,3849.2000,1,1,1,3,1,1,3,1,1,5
SF,IF2009,2020-06-05 09:30:38.100,3847.0000,27300,0,98176740.000,1,0,1,多换,S,3847.0000,3846.8000,3845.4000,3845.0000,3842.6000,3847.4000,3847.6000,3848.0000,3848.8000,3849.2000,1,1,1,3,1,1,1,1,1,5
SF,IF2009,2020-06-05 09:30:38.600,3847.0000,27300,0,98176740.000,0,-,-,-,-,3847.0000,3846.8000,3845.4000,3845.0000,3842.6000,3847.4000,3848.0000,3848.8000,3849.2000,3849.4000,1,1,1,3,1,1,1,1,5,1
SF,IF2009,2020-06-05 09:30:39.600,3847.0000,27300,0,99330840.000,1,0,1,多换,S,3846.8000,3845.4000,3845.0000,3842.6000,3841.6000,3847.4000,3848.0000,3848.8000,3849.2000,3849.4000,1,1,4,1,3,1,1,1,5,1
SF,IF2009,2020-06-05 09:30:40.100,3847.0000,27300,0,99330840.000,0,-,-,-,-,3846.8000,3845.4000,3845.0000,3842.6000,3841.6000,3847.2000,3847.4000,3848.0000,3849.2000,3849.4000,1,1,4,1,3,1,1,1,5,1
SF,IF2009,2020-06-05 09:30:40.600,3846.8000,27300,0,100484880.000,1,0,1,多换,S,3845.4000,3845.0000,3842.6000,3841.6000,3840.0000,3847.2000,3847.4000,3848.0000,3849.2000,3849.4000,1,4,1,3,5,1,1,1,3,1
SF,IF2009,2020-06-05 09:30:41.100,3846.8000,27300,0,100484880.000,0,-,-,-,-,3846.2000,3846.0000,3845.8000,3845.6000,3845.4000,3847.2000,3847.4000,3848.0000,3849.2000,3849.4000,2,4,1,5,6,3,1,1,3,1
SF,IF2009,2020-06-05 09:30:41.600,3846.8000,27300,0,100484880.000,0,-,-,-,-,3846.4000,3846.2000,3846.0000,3845.8000,3845.6000,3847.2000,3847.4000,3848.0000,3849.2000,3849.4000,5,1,4,3,6,1,1,1,3,1
SF,IF2009,2020-06-05 09:30:42.100,3846.8000,27300,0,100484880.000,0,-,-,-,-,3845.8000,3845.6000,3845.4000,3845.0000,3842.6000,3847.2000,3847.4000,3848.0000,3849.2000,3849.4000,3,6,5,4,1,2,1,1,3,1
SF,IF2009,2020-06-05 09:30:42.600,3846.8000,27300,0,100484880.000,0,-,-,-,-,3846.4000,3846.2000,3846.0000,3845.8000,3845.6000,3847.2000,3847.4000,3848.0000,3849.2000,3849.4000,2,4,4,3,3,2,1,1,3,1
SF,IF2009,2020-06-05 09:30:43.100,3847.4000,27296,-4,106255740.000,5,0,5,多平,S,3846.4000,3846.2000,3846.0000,3845.8000,3845.6000,3848.0000,3849.2000,3849.4000,3850.8000,3851.2000,6,4,5,3,2,1,3,1,1,5
SF,IF2009,2020-06-05 09:30:43.600,3846.8000,27295,-1,107409780.000,1,0,1,双平,S,3846.8000,3846.6000,3846.4000,3846.2000,3846.0000,3847.8000,3848.0000,3849.2000,3849.4000,3850.8000,1,9,6,4,2,1,1,3,1,1
SF,IF2009,2020-06-05 09:30:44.100,3846.8000,27295,0,107409780.000,0,-,-,-,-,3846.8000,3846.6000,3846.4000,3846.2000,3846.0000,3847.8000,3848.0000,3849.2000,3849.4000,3850.8000,1,8,6,4,2,1,1,2,1,1
SF,IF2009,2020-06-05 09:30:44.600,3846.8000,27295,0,107409780.000,0,-,-,-,-,3847.0000,3846.8000,3846.6000,3846.4000,3846.2000,3847.8000,3848.0000,3849.2000,3849.4000,3850.8000,3,1,6,6,4,1,1,2,1,1
SF,IF2009,2020-06-05 09:30:45.100,3846.8000,27295,0,107409780.000,0,-,-,-,-,3847.0000,3846.8000,3846.6000,3846.4000,3846.2000,3847.8000,3848.0000,3849.2000,3849.4000,3850.8000,8,1,6,6,4,1,1,2,1,1
SF,IF2009,2020-06-05 09:30:45.600,3846.8000,27295,0,107409780.000,0,-,-,-,-,3847.4000,3847.0000,3846.6000,3846.4000,3846.2000,3847.8000,3848.0000,3849.2000,3849.4000,3850.8000,1,8,6,6,4,1,1,2,1,1
SF,IF2009,2020-06-05 09:30:46.100,3846.8000,27295,0,107409780.000,0,-,-,-,-,3847.4000,3847.0000,3846.6000,3846.4000,3846.0000,3847.8000,3848.0000,3849.2000,3849.4000,3850.8000,1,8,6,6,1,1,1,2,1,1
SF,IF2009,2020-06-05 09:30:46.600,3846.8000,27295,0,107409780.000,0,-,-,-,-,3847.4000,3847.0000,3846.6000,3846.4000,3846.0000,3847.8000,3848.0000,3849.2000,3849.4000,3850.8000,1,9,6,6,1,1,1,2,1,1
SF,IF2009,2020-06-05 09:30:47.100,3847.8000,27295,0,108564120.000,1,0,1,多换,S,3847.4000,3847.0000,3846.8000,3846.6000,3846.4000,3847.8000,3848.0000,3849.2000,3849.4000,3850.8000,1,4,2,6,6,4,1,2,1,1
SF,IF2009,2020-06-05 09:30:47.600,3847.8000,27295,0,108564120.000,0,-,-,-,-,3847.4000,3847.0000,3846.8000,3846.6000,3846.4000,3847.8000,3848.0000,3849.2000,3849.4000,3850.8000,1,3,2,6,6,4,1,2,1,1
SF,IF2009,2020-06-05 09:30:48.100,3848.0000,27289,-6,115490220.000,6,0,6,双平,S,3847.0000,3846.8000,3846.6000,3846.4000,3846.0000,3849.2000,3849.4000,3850.8000,3851.2000,3851.6000,2,2,1,1,1,2,1,1,5,1
SF,IF2009,2020-06-05 09:30:48.600,3847.6000,27289,0,116644500.000,1,0,1,多换,S,3847.2000,3847.0000,3846.8000,3846.4000,3846.0000,3849.0000,3849.2000,3849.4000,3850.8000,3851.2000,2,1,2,1,1,4,2,1,1,5
SF,IF2009,2020-06-05 09:30:49.100,3847.6000,27289,0,116644500.000,0,-,-,-,-,3847.6000,3847.4000,3847.2000,3847.0000,3846.8000,3848.8000,3849.0000,3849.2000,3849.4000,3850.8000,1,2,8,2,2,1,3,2,1,1
SF,IF2009,2020-06-05 09:30:49.600,3847.6000,27289,0,116644500.000,0,-,-,-,-,3847.8000,3847.6000,3847.4000,3847.2000,3847.0000,3849.0000,3849.2000,3849.4000,3850.8000,3851.2000,2,1,3,7,2,2,2,1,1,5
SF,IF2009,2020-06-05 09:30:50.100,3847.6000,27289,0,116644500.000,0,-,-,-,-,3848.0000,3847.8000,3847.6000,3847.4000,3847.2000,3849.0000,3849.2000,3849.4000,3850.8000,3851.2000,2,2,1,1,7,2,1,1,1,5
SF,IF2009,2020-06-05 09:30:50.600,3849.0000,27287,-2,118953900.000,2,0,2,双平,S,3848.2000,3848.0000,3847.8000,3847.6000,3847.4000,3849.2000,3850.8000,3851.2000,3851.6000,3852.0000,1,2,1,1,1,1,1,5,1,1
SF,IF2009,2020-06-05 09:30:51.100,3849.2000,27286,-1,120108660.000,1,0,1,双平,S,3848.4000,3848.2000,3847.8000,3847.4000,3847.2000,3850.8000,3851.2000,3851.6000,3852.0000,3852.2000,1,4,1,1,6,1,5,1,1,2
SF,IF2009,2020-06-05 09:30:51.600,3849.2000,27286,0,120108660.000,0,-,-,-,-,3849.0000,3848.6000,3848.4000,3848.2000,3847.8000,3850.6000,3850.8000,3851.2000,3851.6000,3852.0000,1,5,2,1,1,5,1,5,1,1
SF,IF2009,2020-06-05 09:30:52.100,3849.0000,27286,0,121263360.000,1,0,1,多换,S,3848.6000,3848.4000,3848.2000,3847.8000,3847.0000,3850.4000,3850.6000,3850.8000,3851.2000,3851.6000,3,2,1,1,2,1,5,1,5,1
SF,IF2009,2020-06-05 09:30:52.600,3849.0000,27286,0,121263360.000,0,-,-,-,-,3848.8000,3848.6000,3848.4000,3848.2000,3847.8000,3850.2000,3850.6000,3850.8000,3851.2000,3851.6000,1,3,1,1,1,4,2,1,5,1
SF,IF2009,2020-06-05 09:30:53.100,3849.0000,27286,0,121263360.000,0,-,-,-,-,3848.8000,3848.6000,3848.2000,3847.8000,3847.0000,3849.6000,3850.0000,3850.2000,3850.6000,3850.8000,1,3,1,1,2,1,2,4,2,1
SF,IF2009,2020-06-05 09:30:53.600,3849.0000,27286,0,121263360.000,0,-,-,-,-,3848.8000,3848.6000,3848.2000,3847.8000,3847.0000,3849.6000,3850.0000,3850.2000,3850.6000,3850.8000,1,2,1,1,2,1,2,3,1,1
SF,IF2009,2020-06-05 09:30:54.100,3850.0000,27284,-2,124727940.000,3,0,3,多平,S,3848.8000,3848.6000,3848.2000,3847.8000,3847.0000,3850.0000,3850.2000,3850.6000,3850.8000,3851.2000,3,2,1,1,2,1,3,1,1,5
SF,IF2009,2020-06-05 09:30:54.600,3850.0000,27284,0,124727940.000,0,-,-,-,-,3848.8000,3848.6000,3848.2000,3847.8000,3847.0000,3850.0000,3850.2000,3850.6000,3850.8000,3851.2000,2,2,1,1,2,1,3,1,1,5
SF,IF2009,2020-06-05 09:30:55.100,3850.0000,27284,0,124727940.000,0,-,-,-,-,3849.0000,3848.8000,3848.6000,3847.8000,3847.0000,3850.0000,3850.2000,3850.6000,3850.8000,3851.2000,2,1,1,1,2,1,1,1,1,5
SF,IF2009,2020-06-05 09:30:55.600,3850.0000,27284,0,124727940.000,0,-,-,-,-,3849.2000,3849.0000,3848.8000,3848.6000,3847.8000,3850.2000,3850.6000,3850.8000,3851.2000,3851.6000,1,2,1,1,1,1,1,1,5,1
SF,IF2009,2020-06-05 09:30:56.100,3850.0000,27284,0,124727940.000,0,-,-,-,-,3848.8000,3848.6000,3847.8000,3847.0000,3846.8000,3850.2000,3850.6000,3850.8000,3851.2000,3851.6000,1,1,1,2,2,1,1,1,5,1
SF,IF2009,2020-06-05 09:30:56.600,3850.0000,27284,0,124727940.000,0,-,-,-,-,3849.4000,3849.0000,3848.6000,3847.8000,3847.0000,3850.2000,3850.6000,3850.8000,3851.2000,3851.6000,1,1,1,1,2,1,1,1,5,1
SF,IF2009,2020-06-05 09:30:57.100,3850.0000,27284,0,124727940.000,0,-,-,-,-,3849.0000,3847.8000,3847.0000,3846.8000,3846.4000,3850.2000,3850.6000,3850.8000,3851.2000,3851.6000,2,1,2,2,1,3,1,1,5,1
SF,IF2009,2020-06-05 09:30:58.100,3850.0000,27284,0,124727940.000,0,-,-,-,-,3849.2000,3849.0000,3847.8000,3847.0000,3846.8000,3850.2000,3850.6000,3850.8000,3851.2000,3851.6000,1,2,1,2,2,2,1,1,5,1
SF,IF2009,2020-06-05 09:30:58.600,3850.0000,27284,0,124727940.000,0,-,-,-,-,3849.4000,3849.0000,3847.8000,3847.0000,3846.8000,3850.6000,3850.8000,3851.2000,3851.6000,3852.0000,1,1,1,2,2,1,1,5,1,1
SF,IF2009,2020-06-05 09:30:59.100,3850.0000,27284,0,124727940.000,0,-,-,-,-,3849.4000,3847.8000,3847.0000,3846.8000,3846.4000,3850.8000,3851.2000,3851.6000,3852.0000,3852.6000,3,1,2,2,1,1,5,1,1,1
SF,IF2009,2020-06-05 09:30:59.600,3850.0000,27284,0,124727940.000,0,-,-,-,-,3849.6000,3849.4000,3847.8000,3847.0000,3846.8000,3850.8000,3851.2000,3851.6000,3852.0000,3852.6000,4,1,1,2,2,1,5,1,1,1
SF,IF2009,2020-06-05 09:31:00.100,3850.0000,27284,0,124727940.000,0,-,-,-,-,3849.8000,3849.6000,3847.8000,3847.0000,3846.8000,3850.8000,3851.2000,3851.6000,3852.0000,3852.6000,1,4,1,2,2,1,5,1,1,1
SF,IF2009,2020-06-05 09:31:00.600,3850.0000,27284,0,124727940.000,0,-,-,-,-,3850.0000,3849.8000,3849.6000,3847.8000,3847.0000,3850.6000,3850.8000,3851.2000,3851.6000,3852.0000,1,3,1,1,2,1,1,5,1,1
SF,IF2009,2020-06-05 09:31:01.100,3849.8000,27282,-2,127037880.000,2,0,2,双平,S,3849.8000,3849.6000,3847.0000,3846.8000,3846.4000,3850.6000,3850.8000,3851.2000,3851.6000,3852.0000,1,1,2,2,1,1,1,5,1,1
SF,IF2009,2020-06-05 09:31:01.600,3849.8000,27282,0,128192820.000,1,0,1,多换,S,3849.6000,3847.0000,3846.8000,3846.4000,3846.0000,3850.6000,3850.8000,3851.2000,3851.6000,3852.0000,1,2,2,1,1,1,1,5,1,1
SF,IF2009,2020-06-05 09:31:02.100,3850.6000,27281,-1,129348000.000,1,0,1,双平,S,3850.4000,3850.0000,3849.8000,3847.0000,3846.8000,3850.8000,3851.2000,3851.6000,3852.0000,3852.6000,1,8,5,2,2,1,5,1,1,1
SF,IF2009,2020-06-05 09:31:02.600,3850.8000,27280,-1,130503240.000,1,0,1,双平,S,3850.6000,3850.4000,3850.2000,3850.0000,3849.8000,3851.2000,3851.6000,3852.0000,3852.6000,3852.8000,2,1,4,6,3,5,2,1,1,5
SF,IF2009,2020-06-05 09:31:03.100,3850.6000,27280,0,131658420.000,1,0,1,多换,S,3850.6000,3850.2000,3850.0000,3849.8000,3849.6000,3851.2000,3851.6000,3852.0000,3852.6000,3852.8000,1,4,6,4,2,5,2,1,1,5
SF,IF2009,2020-06-05 09:31:03.600,3851.2000,27280,0,137435220.000,5,2,3,多换,S,3850.6000,3850.2000,3850.0000,3849.8000,3849.6000,3851.6000,3852.0000,3852.6000,3852.8000,3853.0000,1,4,6,4,2,2,1,1,5,2
SF,IF2009,2020-06-05 09:31:04.100,3851.2000,27280,0,137435220.000,0,-,-,-,-,3850.6000,3850.2000,3850.0000,3849.8000,3849.6000,3851.6000,3852.0000,3852.6000,3852.8000,3853.0000,1,4,6,4,2,2,1,1,5,2
SF,IF2009,2020-06-05 09:31:04.600,3851.2000,27280,0,137435220.000,0,-,-,-,-,3850.6000,3850.2000,3850.0000,3849.8000,3849.6000,3851.4000,3851.6000,3852.0000,3852.6000,3852.8000,1,4,6,4,2,1,2,1,1,5
SF,IF2009,2020-06-05 09:31:05.100,3851.2000,27280,0,137435220.000,0,-,-,-,-,3850.6000,3850.0000,3849.8000,3847.0000,3846.8000,3851.6000,3852.0000,3852.6000,3852.8000,3853.0000,1,5,4,2,2,2,1,1,5,2
SF,IF2009,2020-06-05 09:31:05.600,3851.2000,27280,0,137435220.000,0,-,-,-,-,3850.8000,3850.6000,3850.0000,3849.8000,3847.0000,3851.6000,3852.0000,3852.6000,3852.8000,3853.0000,1,2,5,2,2,2,1,2,5,2
SF,IF2009,2020-06-05 09:31:06.100,3851.2000,27280,0,138590580.000,1,0,1,多换,S,3851.0000,3850.8000,3850.6000,3850.0000,3849.8000,3851.6000,3852.0000,3852.6000,3852.8000,3853.0000,1,1,2,5,1,2,1,2,5,2
SF,IF2009,2020-06-05 09:31:06.600,3850.8000,27277,-3,143211900.000,4,0,4,多平,S,3850.6000,3850.0000,3849.8000,3847.0000,3846.8000,3851.6000,3852.0000,3852.6000,3852.8000,3853.0000,1,5,1,2,2,2,1,2,5,2
SF,IF2009,2020-06-05 09:31:07.100,3850.8000,27277,0,143211900.000,0,-,-,-,-,3850.6000,3850.0000,3849.8000,3847.0000,3846.8000,3851.4000,3851.6000,3852.0000,3852.6000,3852.8000,1,5,1,2,2,2,2,1,3,5
SF,IF2009,2020-06-05 09:31:07.600,3850.6000,27277,0,144367080.000,1,0,1,多换,S,3850.0000,3849.8000,3847.0000,3846.8000,3846.4000,3851.2000,3851.4000,3851.6000,3852.0000,3852.6000,5,1,2,2,1,1,2,2,1,3
SF,IF2009,2020-06-05 09:31:08.100,3851.0000,27276,-1,145522380.000,1,0,1,双平,S,3850.2000,3850.0000,3849.8000,3847.0000,3846.8000,3851.2000,3851.6000,3852.0000,3852.6000,3852.8000,5,7,1,2,2,2,2,1,3,5
SF,IF2009,2020-06-05 09:31:08.600,3851.0000,27276,0,145522380.000,0,-,-,-,-,3850.6000,3850.2000,3850.0000,3849.8000,3847.0000,3851.2000,3851.6000,3852.0000,3852.6000,3852.8000,1,6,7,1,2,2,2,1,3,5
SF,IF2009,2020-06-05 09:31:09.100,3850.6000,27274,-2,147832740.000,2,0,2,双平,S,3850.2000,3850.0000,3849.8000,3847.0000,3846.8000,3851.2000,3851.6000,3852.0000,3852.6000,3852.8000,5,7,1,2,2,2,2,1,3,5
SF,IF2009,2020-06-05 09:31:09.600,3850.6000,27274,0,147832740.000,0,-,-,-,-,3850.0000,3849.8000,3847.0000,3846.8000,3846.4000,3851.0000,3851.6000,3852.0000,3852.6000,3852.8000,1,1,2,2,1,3,2,1,3,5
SF,IF2009,2020-06-05 09:31:10.100,3850.6000,27274,0,147832740.000,0,-,-,-,-,3847.0000,3846.8000,3846.4000,3846.0000,3845.4000,3850.8000,3851.0000,3851.6000,3852.0000,3852.6000,2,2,1,1,1,1,3,2,1,2
SF,IF2009,2020-06-05 09:31:10.600,3850.6000,27274,0,147832740.000,0,-,-,-,-,3849.6000,3849.4000,3849.2000,3849.0000,3848.8000,3850.2000,3850.6000,3850.8000,3851.0000,3851.6000,2,5,1,3,3,1,2,1,1,2
SF,IF2009,2020-06-05 09:31:11.100,3850.6000,27274,0,147832740.000,0,-,-,-,-,3849.6000,3849.4000,3849.2000,3848.8000,3848.0000,3850.2000,3850.6000,3850.8000,3851.0000,3851.6000,2,5,1,3,1,1,1,1,1,2
SF,IF2009,2020-06-05 09:31:11.600,3850.6000,27274,0,147832740.000,0,-,-,-,-,3849.8000,3849.6000,3849.4000,3849.2000,3848.8000,3850.2000,3850.8000,3851.0000,3851.6000,3852.0000,1,2,5,1,3,1,1,1,2,1
SF,IF2009,2020-06-05 09:31:12.100,3849.8000,27273,-1,148987680.000,1,0,1,双平,S,3849.2000,3848.8000,3848.0000,3847.8000,3847.6000,3850.2000,3850.8000,3851.0000,3851.6000,3852.0000,1,3,1,1,1,1,1,1,2,1
SF,IF2009,2020-06-05 09:31:12.600,3849.8000,27273,0,148987680.000,0,-,-,-,-,3849.2000,3848.8000,3848.0000,3847.8000,3847.6000,3850.0000,3850.2000,3850.8000,3851.0000,3851.6000,1,1,1,1,1,1,1,1,1,2
SF,IF2009,2020-06-05 09:31:13.100,3849.8000,27273,0,148987680.000,0,-,-,-,-,3849.2000,3848.8000,3848.0000,3847.8000,3847.6000,3850.0000,3850.2000,3850.8000,3851.6000,3852.0000,1,1,1,1,1,1,1,1,2,1
SF,IF2009,2020-06-05 09:31:13.600,3849.8000,27273,0,148987680.000,0,-,-,-,-,3849.6000,3849.4000,3849.2000,3848.8000,3848.0000,3850.0000,3850.2000,3850.8000,3851.6000,3852.0000,2,5,2,1,1,1,1,1,2,1
SF,IF2009,2020-06-05 09:31:14.100,3850.0000,27273,0,150142680.000,1,0,1,多换,S,3849.6000,3849.4000,3849.2000,3848.8000,3848.0000,3850.2000,3850.8000,3851.6000,3852.0000,3852.6000,2,1,2,1,1,1,1,2,1,2
SF,IF2009,2020-06-05 09:31:15.100,3850.2000,27272,-1,152452800.000,2,0,2,多平,S,3850.2000,3849.6000,3849.4000,3849.2000,3848.8000,3850.8000,3851.6000,3852.0000,3852.6000,3852.8000,1,2,1,2,1,1,2,1,2,6
SF,IF2009,2020-06-05 09:31:15.600,3850.2000,27272,0,152452800.000,0,-,-,-,-,3850.2000,3849.4000,3849.2000,3848.8000,3848.0000,3850.6000,3851.6000,3852.0000,3852.6000,3852.8000,1,1,2,1,1,1,2,1,2,6
SF,IF2009,2020-06-05 09:31:16.100,3850.2000,27272,0,152452800.000,0,-,-,-,-,3850.2000,3849.4000,3849.2000,3849.0000,3848.8000,3851.6000,3852.0000,3852.6000,3852.8000,3853.0000,1,1,2,1,3,2,1,2,6,2
SF,IF2009,2020-06-05 09:31:16.600,3850.2000,27272,0,153607860.000,1,0,1,多换,S,3849.4000,3849.2000,3849.0000,3848.8000,3848.0000,3851.4000,3851.6000,3852.0000,3852.6000,3852.8000,1,2,1,3,1,5,2,1,2,6
SF,IF2009,2020-06-05 09:31:17.100,3850.2000,27272,0,153607860.000,0,-,-,-,-,3849.6000,3849.4000,3849.2000,3849.0000,3848.8000,3851.2000,3851.4000,3851.6000,3852.0000,3852.6000,1,1,2,1,3,1,5,2,1,2
SF,IF2009,2020-06-05 09:31:17.600,3850.2000,27272,0,153607860.000,0,-,-,-,-,3849.6000,3849.4000,3849.2000,3849.0000,3848.8000,3850.0000,3851.0000,3851.2000,3851.4000,3851.6000,1,1,2,1,3,1,3,1,2,2
SF,IF2009,2020-06-05 09:31:18.100,3850.0000,27271,-1,154762860.000,1,0,1,双平,S,3849.8000,3849.6000,3849.4000,3849.2000,3849.0000,3851.0000,3851.2000,3851.4000,3851.6000,3852.0000,6,1,1,2,1,1,1,1,2,1
SF,IF2009,2020-06-05 09:31:18.600,3850.0000,27271,0,154762860.000,0,-,-,-,-,3849.4000,3849.2000,3849.0000,3848.8000,3848.0000,3850.8000,3851.0000,3851.4000,3851.6000,3852.0000,1,2,1,3,1,1,1,1,2,1
SF,IF2009,2020-06-05 09:31:19.100,3850.0000,27271,0,154762860.000,0,-,-,-,-,3849.0000,3848.8000,3848.0000,3847.8000,3847.6000,3850.6000,3850.8000,3851.4000,3851.6000,3852.0000,1,3,1,1,1,2,4,1,2,1
SF,IF2009,2020-06-05 09:31:19.600,3850.0000,27271,0,154762860.000,0,-,-,-,-,3850.0000,3849.4000,3849.2000,3849.0000,3848.8000,3850.6000,3850.8000,3851.4000,3851.6000,3852.0000,1,5,3,2,6,2,2,1,2,1
SF,IF2009,2020-06-05 09:31:20.100,3850.0000,27271,0,155917860.000,1,0,1,多换,S,3849.2000,3849.0000,3848.8000,3848.0000,3847.8000,3850.0000,3850.6000,3850.8000,3851.4000,3851.6000,1,1,3,1,1,1,3,2,1,2
SF,IF2009,2020-06-05 09:31:20.600,3849.0000,27271,0,158227320.000,2,1,1,多换,S,3848.8000,3848.0000,3847.8000,3847.6000,3847.2000,3850.6000,3850.8000,3851.4000,3851.6000,3851.8000,3,1,1,1,6,1,2,1,2,3
SF,IF2009,2020-06-05 09:31:21.100,3849.0000,27271,0,158227320.000,0,-,-,-,-,3848.8000,3848.0000,3847.8000,3847.6000,3847.2000,3850.4000,3850.6000,3850.8000,3851.4000,3851.6000,3,1,1,1,6,1,3,2,1,2
SF,IF2009,2020-06-05 09:31:21.600,3849.0000,27271,0,158227320.000,0,-,-,-,-,3848.8000,3848.0000,3847.8000,3847.6000,3847.2000,3850.2000,3850.4000,3850.8000,3851.4000,3851.6000,3,1,1,1,6,3,3,2,1,2
SF,IF2009,2020-06-05 09:31:22.100,3849.0000,27271,0,158227320.000,0,-,-,-,-,3848.8000,3848.0000,3847.8000,3847.6000,3847.2000,3850.0000,3850.2000,3850.4000,3850.8000,3851.4000,3,1,1,1,6,1,3,1,1,1
SF,IF2009,2020-06-05 09:31:22.600,3849.0000,27271,0,158227320.000,0,-,-,-,-,3849.0000,3848.8000,3848.0000,3847.8000,3847.6000,3849.8000,3850.0000,3850.2000,3850.4000,3850.8000,2,3,1,1,1,1,1,1,1,1
SF,IF2009,2020-06-05 09:31:23.100,3849.0000,27271,0,158227320.000,0,-,-,-,-,3849.0000,3848.8000,3848.0000,3847.8000,3847.6000,3849.8000,3850.0000,3850.2000,3850.4000,3851.4000,2,3,1,1,1,1,1,1,1,1
SF,IF2009,2020-06-05 09:31:23.600,3849.0000,27271,0,158227320.000,0,-,-,-,-,3849.2000,3849.0000,3848.8000,3848.0000,3847.8000,3849.8000,3850.2000,3850.4000,3851.4000,3851.6000,5,4,6,1,1,1,1,1,1,2
SF,IF2009,2020-06-05 09:31:24.100,3849.2000,27270,-1,159382080.000,1,0,1,双平,S,3849.0000,3848.8000,3847.2000,3847.0000,3846.8000,3849.6000,3849.8000,3850.2000,3850.4000,3851.2000,1,3,6,2,2,1,1,1,1,1
SF,IF2009,2020-06-05 09:31:24.600,3849.2000,27270,0,159382080.000,0,-,-,-,-,3849.4000,3848.8000,3847.2000,3847.0000,3846.8000,3849.8000,3850.2000,3850.4000,3851.2000,3851.4000,1,3,6,2,2,1,1,1,1,1
SF,IF2009,2020-06-05 09:31:25.100,3849.4000,27269,-1,160536900.000,1,0,1,双平,S,3848.8000,3847.2000,3847.0000,3846.8000,3846.4000,3849.8000,3850.2000,3850.4000,3851.2000,3851.4000,3,6,2,2,1,1,1,1,1,1
SF,IF2009,2020-06-05 09:31:25.600,3849.4000,27269,0,160536900.000,0,-,-,-,-,3849.2000,3848.8000,3847.2000,3847.0000,3846.8000,3849.8000,3850.2000,3850.4000,3851.2000,3851.4000,1,3,6,2,2,1,1,1,1,1
SF,IF2009,2020-06-05 09:31:26.100,3849.4000,27269,0,160536900.000,0,-,-,-,-,3849.2000,3849.0000,3848.8000,3847.2000,3847.0000,3849.8000,3850.2000,3850.4000,3851.2000,3851.4000,1,5,5,6,2,1,1,1,1,1
SF,IF2009,2020-06-05 09:31:26.600,3849.4000,27269,0,160536900.000,0,-,-,-,-,3848.8000,3847.2000,3847.0000,3846.8000,3846.4000,3849.8000,3850.2000,3850.4000,3851.2000,3851.4000,3,6,2,2,1,1,1,1,1,1
SF,IF2009,2020-06-05 09:31:27.600,3848.8000,27268,-1,162846480.000,2,0,2,多平,S,3848.8000,3847.2000,3847.0000,3846.8000,3846.4000,3850.2000,3850.4000,3851.2000,3851.4000,3851.6000,2,6,2,2,1,1,1,1,1,2
SF,IF2009,2020-06-05 09:31:28.100,3848.8000,27268,0,162846480.000,0,-,-,-,-,3848.8000,3847.2000,3847.0000,3846.8000,3846.4000,3850.0000,3850.2000,3850.4000,3851.2000,3851.4000,2,6,2,2,1,3,1,1,1,1
SF,IF2009,2020-06-05 09:31:28.600,3848.8000,27268,0,162846480.000,0,-,-,-,-,3848.8000,3847.2000,3847.0000,3846.8000,3846.4000,3850.0000,3850.2000,3850.4000,3851.2000,3851.4000,2,6,2,2,1,3,1,1,1,1
SF,IF2009,2020-06-05 09:31:29.100,3848.8000,27267,-1,165155760.000,2,0,2,多平,S,3847.2000,3847.0000,3846.8000,3846.4000,3845.4000,3850.0000,3850.2000,3850.4000,3851.2000,3851.4000,6,2,2,1,1,3,1,1,1,1
SF,IF2009,2020-06-05 09:31:29.600,3848.8000,27267,0,165155760.000,0,-,-,-,-,3847.8000,3847.6000,3847.4000,3847.2000,3847.0000,3850.0000,3850.2000,3850.4000,3851.2000,3851.4000,4,1,4,4,2,2,1,1,1,1
SF,IF2009,2020-06-05 09:31:30.100,3848.8000,27267,0,165155760.000,0,-,-,-,-,3848.0000,3847.8000,3847.6000,3847.4000,3847.2000,3849.6000,3849.8000,3850.0000,3850.2000,3851.2000,2,4,1,1,4,1,1,2,1,1
SF,IF2009,2020-06-05 09:31:30.600,3848.8000,27267,0,165155760.000,0,-,-,-,-,3848.2000,3848.0000,3847.8000,3847.6000,3847.4000,3849.4000,3849.6000,3849.8000,3850.0000,3850.2000,6,4,6,1,1,1,1,1,1,1
SF,IF2009,2020-06-05 09:31:31.100,3848.8000,27267,0,165155760.000,0,-,-,-,-,3849.4000,3848.8000,3848.4000,3848.2000,3848.0000,3849.6000,3849.8000,3850.0000,3850.2000,3851.2000,1,1,7,6,2,1,1,1,1,1
SF,IF2009,2020-06-05 09:31:31.600,3849.4000,27267,0,166310580.000,1,0,1,多换,S,3848.4000,3848.2000,3848.0000,3847.8000,3847.2000,3849.4000,3849.6000,3849.8000,3850.0000,3850.2000,5,1,1,2,3,1,1,1,1,1
SF,IF2009,2020-06-05 09:31:32.100,3849.4000,27267,0,166310580.000,0,-,-,-,-,3848.2000,3848.0000,3847.8000,3847.2000,3847.0000,3849.2000,3849.4000,3849.6000,3849.8000,3850.0000,1,1,2,3,2,1,2,1,1,1
SF,IF2009,2020-06-05 09:31:32.600,3849.4000,27267,0,166310580.000,0,-,-,-,-,3848.8000,3848.4000,3848.2000,3848.0000,3847.8000,3849.2000,3849.4000,3849.6000,3849.8000,3850.0000,1,1,1,1,2,1,2,1,1,1
SF,IF2009,2020-06-05 09:31:33.100,3849.4000,27267,0,166310580.000,0,-,-,-,-,3848.4000,3848.0000,3847.8000,3847.2000,3847.0000,3849.2000,3849.4000,3849.6000,3849.8000,3850.0000,1,1,1,3,2,1,2,1,1,1
SF,IF2009,2020-06-05 09:31:33.600,3848.4000,27266,-1,167465100.000,1,0,1,双平,S,3848.0000,3847.2000,3847.0000,3846.8000,3846.4000,3849.0000,3849.4000,3849.6000,3849.8000,3850.0000,1,1,1,2,1,1,1,1,1,1
SF,IF2009,2020-06-05 09:31:34.100,3848.4000,27266,0,167465100.000,0,-,-,-,-,3847.2000,3847.0000,3846.8000,3846.4000,3845.4000,3848.8000,3849.0000,3849.4000,3849.6000,3849.8000,1,1,2,1,1,3,1,1,1,1
SF,IF2009,2020-06-05 09:31:34.600,3848.4000,27266,0,167465100.000,0,-,-,-,-,3847.0000,3846.8000,3846.4000,3845.4000,3845.0000,3848.6000,3848.8000,3849.4000,3849.6000,3850.0000,1,2,1,1,5,3,3,1,1,1
SF,IF2009,2020-06-05 09:31:35.100,3848.4000,27266,0,167465100.000,0,-,-,-,-,3847.0000,3846.8000,3846.4000,3845.4000,3845.0000,3848.4000,3848.6000,3848.8000,3849.4000,3849.6000,1,2,1,1,5,4,1,1,1,1
SF,IF2009,2020-06-05 09:31:35.600,3848.4000,27266,0,167465100.000,0,-,-,-,-,3846.8000,3846.4000,3845.4000,3845.0000,3841.6000,3848.4000,3848.6000,3848.8000,3849.4000,3849.6000,2,1,1,5,3,4,1,1,1,1
SF,IF2009,2020-06-05 09:31:36.100,3848.4000,27266,0,167465100.000,0,-,-,-,-,3847.0000,3846.8000,3846.4000,3845.4000,3845.0000,3848.4000,3848.6000,3848.8000,3849.4000,3849.6000,2,2,1,1,5,3,1,1,1,1
SF,IF2009,2020-06-05 09:31:36.600,3848.4000,27266,0,167465100.000,0,-,-,-,-,3847.0000,3846.8000,3846.4000,3845.4000,3845.0000,3848.4000,3848.6000,3848.8000,3849.4000,3849.6000,3,2,1,1,5,3,1,1,1,1
SF,IF2009,2020-06-05 09:31:37.100,3848.4000,27266,0,167465100.000,0,-,-,-,-,3847.2000,3847.0000,3846.8000,3846.4000,3845.4000,3848.4000,3848.6000,3848.8000,3849.4000,3849.6000,1,3,2,1,1,2,1,1,1,1
SF,IF2009,2020-06-05 09:31:37.600,3848.4000,27266,0,167465100.000,0,-,-,-,-,3847.0000,3846.8000,3846.4000,3845.4000,3845.0000,3848.4000,3848.6000,3848.8000,3849.4000,3849.6000,2,2,1,1,5,2,1,1,1,1
SF,IF2009,2020-06-05 09:31:38.100,3848.4000,27266,0,167465100.000,0,-,-,-,-,3847.6000,3847.2000,3847.0000,3846.8000,3846.4000,3848.4000,3848.6000,3848.8000,3849.4000,3849.6000,1,1,2,2,1,1,1,1,1,1
SF,IF2009,2020-06-05 09:31:38.600,3848.4000,27266,0,167465100.000,0,-,-,-,-,3847.0000,3846.8000,3846.4000,3845.4000,3845.0000,3848.4000,3848.6000,3848.8000,3849.4000,3849.6000,2,2,1,1,5,1,1,1,1,1
SF,IF2009,2020-06-05 09:31:39.100,3848.4000,27266,0,167465100.000,0,-,-,-,-,3847.2000,3847.0000,3846.8000,3846.4000,3845.4000,3848.4000,3848.6000,3848.8000,3849.4000,3849.6000,1,2,2,1,1,1,1,1,1,1
SF,IF2009,2020-06-05 09:31:39.600,3848.4000,27266,0,167465100.000,0,-,-,-,-,3847.4000,3847.2000,3847.0000,3846.8000,3846.4000,3848.4000,3848.6000,3848.8000,3849.4000,3849.6000,2,7,2,2,1,1,1,1,1,1
SF,IF2009,2020-06-05 09:31:40.100,3848.4000,27266,0,167465100.000,0,-,-,-,-,3847.4000,3847.2000,3847.0000,3846.8000,3846.4000,3848.4000,3848.6000,3848.8000,3849.4000,3849.6000,1,6,2,2,1,1,1,1,1,1
SF,IF2009,2020-06-05 09:31:40.600,3848.4000,27266,0,167465100.000,0,-,-,-,-,3847.0000,3846.8000,3846.4000,3845.4000,3845.0000,3848.4000,3848.6000,3848.8000,3849.4000,3849.6000,1,2,1,1,5,2,1,1,1,1
SF,IF2009,2020-06-05 09:31:41.100,3848.4000,27266,0,167465100.000,0,-,-,-,-,3847.0000,3846.8000,3846.4000,3845.4000,3845.0000,3847.8000,3848.2000,3848.4000,3848.6000,3848.8000,1,2,1,1,5,1,1,2,1,1
SF,IF2009,2020-06-05 09:31:41.600,3848.4000,27266,0,167465100.000,0,-,-,-,-,3847.0000,3846.8000,3846.4000,3845.4000,3845.0000,3847.6000,3847.8000,3848.4000,3848.6000,3848.8000,1,2,1,1,5,1,1,1,1,1
SF,IF2009,2020-06-05 09:31:42.100,3848.4000,27266,0,167465100.000,0,-,-,-,-,3847.0000,3846.8000,3846.4000,3845.4000,3845.0000,3847.6000,3847.8000,3848.6000,3848.8000,3849.6000,1,3,1,1,5,1,1,1,1,1
SF,IF2009,2020-06-05 09:31:42.600,3848.4000,27266,0,167465100.000,0,-,-,-,-,3847.2000,3847.0000,3846.8000,3846.4000,3845.4000,3847.6000,3847.8000,3848.6000,3848.8000,3849.6000,1,1,3,1,1,1,1,1,1,1
SF,IF2009,2020-06-05 09:31:43.100,3848.4000,27266,0,167465100.000,0,-,-,-,-,3847.0000,3846.8000,3846.4000,3845.4000,3845.0000,3847.6000,3847.8000,3848.6000,3848.8000,3849.6000,1,3,1,1,5,1,1,1,1,1
SF,IF2009,2020-06-05 09:31:43.600,3848.4000,27266,0,167465100.000,0,-,-,-,-,3847.0000,3846.8000,3846.4000,3845.4000,3845.0000,3847.8000,3848.6000,3848.8000,3849.6000,3849.8000,1,3,1,1,5,1,1,1,1,1
SF,IF2009,2020-06-05 09:31:44.100,3848.4000,27266,0,167465100.000,0,-,-,-,-,3847.0000,3846.8000,3846.4000,3845.4000,3845.0000,3847.6000,3847.8000,3848.6000,3848.8000,3849.6000,1,3,1,1,5,1,1,1,1,1
SF,IF2009,2020-06-05 09:31:44.600,3848.4000,27266,0,167465100.000,0,-,-,-,-,3847.0000,3846.8000,3846.4000,3845.4000,3845.0000,3847.6000,3847.8000,3848.8000,3849.6000,3849.8000,1,3,1,1,5,1,1,1,1,1
SF,IF2009,2020-06-05 09:31:45.100,3847.0000,27266,0,168619200.000,1,0,1,多换,S,3846.8000,3845.4000,3845.0000,3841.6000,3840.6000,3847.6000,3847.8000,3848.8000,3849.6000,3849.8000,3,1,5,3,1,1,1,1,1,1
SF,IF2009,2020-06-05 09:31:45.600,3846.8000,27265,-1,169773240.000,1,0,1,双平,S,3846.8000,3845.4000,3845.0000,3841.6000,3840.6000,3847.4000,3847.6000,3847.8000,3848.8000,3849.6000,2,1,5,3,1,1,1,1,1,1
SF,IF2009,2020-06-05 09:31:46.100,3846.8000,27265,0,169773240.000,0,-,-,-,-,3846.8000,3845.4000,3845.0000,3841.6000,3840.6000,3847.4000,3847.6000,3847.8000,3848.8000,3849.6000,2,1,5,3,1,1,1,1,1,1
SF,IF2009,2020-06-05 09:31:46.600,3846.8000,27263,-2,172081320.000,2,0,2,双平,S,3845.4000,3845.0000,3841.6000,3840.6000,3840.0000,3847.2000,3847.4000,3847.8000,3848.8000,3849.6000,1,5,3,1,5,1,2,1,1,1
SF,IF2009,2020-06-05 09:31:47.100,3846.8000,27263,0,172081320.000,0,-,-,-,-,3845.6000,3845.4000,3845.0000,3841.6000,3840.6000,3847.2000,3847.4000,3847.8000,3848.8000,3849.6000,9,4,5,3,1,2,1,1,1,1
SF,IF2009,2020-06-05 09:31:47.600,3846.8000,27263,0,172081320.000,0,-,-,-,-,3845.6000,3845.4000,3845.0000,3841.6000,3840.6000,3847.0000,3847.2000,3847.4000,3847.8000,3848.8000,9,4,5,3,1,1,2,1,1,1
SF,IF2009,2020-06-05 09:31:48.100,3846.8000,27263,0,172081320.000,0,-,-,-,-,3845.6000,3845.4000,3845.0000,3841.6000,3840.6000,3846.8000,3847.0000,3847.4000,3847.8000,3848.8000,3,3,5,3,1,1,3,1,1,1
SF,IF2009,2020-06-05 09:31:48.600,3846.8000,27263,0,172081320.000,0,-,-,-,-,3845.6000,3845.4000,3845.0000,3841.6000,3840.6000,3846.8000,3847.0000,3847.4000,3847.8000,3848.8000,1,2,5,3,1,1,3,1,1,1
SF,IF2009,2020-06-05 09:31:49.100,3846.8000,27263,0,172081320.000,0,-,-,-,-,3845.6000,3845.4000,3845.0000,3841.6000,3840.6000,3846.6000,3846.8000,3847.0000,3847.4000,3847.8000,1,1,5,3,1,1,1,3,1,1
SF,IF2009,2020-06-05 09:31:49.600,3845.6000,27262,-1,173235000.000,1,0,1,双平,S,3845.4000,3845.0000,3841.6000,3840.6000,3840.0000,3845.6000,3846.4000,3847.0000,3847.4000,3847.8000,1,5,3,1,5,10,1,1,1,1
SF,IF2009,2020-06-05 09:31:50.100,3845.4000,27261,-1,175542240.000,2,0,2,多平,S,3845.0000,3841.6000,3840.6000,3840.0000,3838.8000,3845.6000,3846.4000,3847.4000,3847.8000,3848.8000,5,3,1,5,1,10,4,1,1,1
SF,IF2009,2020-06-05 09:31:50.600,3845.4000,27261,0,175542240.000,0,-,-,-,-,3845.0000,3841.6000,3840.6000,3840.0000,3838.8000,3845.6000,3846.4000,3846.6000,3847.4000,3847.8000,5,3,1,5,1,10,4,1,1,1
SF,IF2009,2020-06-05 09:31:51.100,3845.4000,27261,0,175542240.000,0,-,-,-,-,3845.0000,3841.6000,3840.6000,3840.0000,3838.8000,3845.6000,3846.4000,3846.6000,3846.8000,3847.4000,5,3,1,5,1,10,4,1,1,1
SF,IF2009,2020-06-05 09:31:52.100,3845.0000,27260,-1,179002740.000,3,1,2,多平,S,3845.0000,3841.6000,3840.6000,3840.0000,3838.8000,3845.6000,3846.4000,3846.6000,3846.8000,3847.4000,2,3,1,5,1,10,4,1,1,1
SF,IF2009,2020-06-05 09:31:52.600,3845.0000,27260,0,179002740.000,0,-,-,-,-,3845.0000,3841.6000,3840.6000,3840.0000,3838.8000,3845.4000,3845.6000,3846.4000,3846.6000,3846.8000,2,3,1,5,1,7,10,3,1,1
SF,IF2009,2020-06-05 09:31:53.100,3845.0000,27260,0,181309740.000,2,1,1,多换,S,3841.6000,3840.6000,3840.0000,3838.8000,3838.0000,3845.4000,3845.6000,3846.4000,3846.6000,3846.8000,3,1,5,1,11,6,10,3,1,1
SF,IF2009,2020-06-05 09:31:53.600,3845.0000,27260,0,181309740.000,0,-,-,-,-,3844.2000,3844.0000,3843.6000,3843.4000,3843.2000,3845.2000,3845.4000,3845.6000,3846.4000,3846.8000,7,1,3,1,1,2,5,10,3,1
SF,IF2009,2020-06-05 09:31:54.100,3845.0000,27260,0,181309740.000,0,-,-,-,-,3844.2000,3844.0000,3843.4000,3843.2000,3842.8000,3845.0000,3845.2000,3845.4000,3845.6000,3846.4000,5,1,1,1,2,1,1,5,10,3
SF,IF2009,2020-06-05 09:31:54.600,3845.0000,27260,0,181309740.000,0,-,-,-,-,3844.0000,3843.4000,3843.2000,3842.8000,3842.4000,3844.8000,3845.0000,3845.4000,3845.6000,3846.4000,1,1,1,2,2,1,2,5,10,3
SF,IF2009,2020-06-05 09:31:55.100,3845.0000,27258,-2,183616740.000,2,0,2,双平,S,3845.0000,3844.4000,3844.2000,3844.0000,3843.4000,3845.4000,3845.6000,3846.8000,3847.4000,3847.8000,1,6,4,3,1,5,10,1,1,1
SF,IF2009,2020-06-05 09:31:55.600,3845.4000,27253,-5,189384840.000,5,0,5,双平,S,3845.4000,3845.2000,3845.0000,3844.6000,3844.4000,3845.6000,3846.8000,3847.8000,3849.6000,3849.8000,1,1,1,6,4,10,1,1,1,1
SF,IF2009,2020-06-05 09:31:56.100,3845.6000,27248,-5,195153240.000,5,0,5,双平,S,3845.4000,3845.2000,3845.0000,3844.6000,3844.4000,3845.6000,3846.8000,3847.8000,3849.6000,3849.8000,1,1,1,6,4,5,1,1,1,1
SF,IF2009,2020-06-05 09:31:56.600,3845.6000,27243,-5,200921640.000,5,0,5,双平,S,3845.8000,3845.6000,3845.4000,3845.2000,3845.0000,3846.8000,3847.8000,3849.6000,3849.8000,3851.2000,1,1,2,1,1,1,1,1,1,1
SF,IF2009,2020-06-05 09:31:57.100,3845.6000,27243,0,200921640.000,0,-,-,-,-,3845.8000,3845.6000,3845.4000,3845.2000,3845.0000,3846.6000,3846.8000,3847.8000,3849.6000,3849.8000,1,1,2,1,1,2,1,1,1,1
SF,IF2009,2020-06-05 09:31:57.600,3846.6000,27241,-2,203229600.000,2,0,2,双平,S,3846.6000,3845.8000,3845.4000,3845.2000,3845.0000,3846.8000,3847.8000,3849.6000,3849.8000,3851.2000,1,1,1,1,1,1,1,1,1,1
SF,IF2009,2020-06-05 09:31:58.100,3846.6000,27240,-1,204383580.000,1,0,1,双平,S,3845.8000,3845.4000,3845.2000,3845.0000,3844.2000,3846.6000,3846.8000,3847.8000,3849.8000,3851.2000,1,1,1,1,2,4,2,1,1,1
SF,IF2009,2020-06-05 09:31:58.600,3846.6000,27240,0,204383580.000,0,-,-,-,-,3845.4000,3845.2000,3845.0000,3844.2000,3843.4000,3846.4000,3846.6000,3846.8000,3847.8000,3849.8000,1,1,1,2,1,1,2,1,1,1
SF,IF2009,2020-06-05 09:32:00.100,3846.6000,27240,0,204383580.000,0,-,-,-,-,3845.2000,3845.0000,3844.2000,3843.4000,3843.2000,3846.2000,3846.4000,3846.6000,3846.8000,3847.8000,1,1,2,1,1,1,1,2,1,1
SF,IF2009,2020-06-05 09:32:00.600,3846.6000,27240,0,204383580.000,0,-,-,-,-,3845.2000,3845.0000,3844.2000,3843.4000,3843.2000,3846.2000,3846.4000,3846.6000,3846.8000,3847.8000,3,1,2,1,1,1,1,2,1,1
SF,IF2009,2020-06-05 09:32:01.100,3846.6000,27240,0,204383580.000,0,-,-,-,-,3845.0000,3844.2000,3843.4000,3843.2000,3842.8000,3846.0000,3846.4000,3846.6000,3846.8000,3847.8000,1,2,1,1,1,2,1,2,1,1
SF,IF2009,2020-06-05 09:32:01.600,3846.6000,27240,0,204383580.000,0,-,-,-,-,3845.0000,3844.2000,3843.4000,3843.2000,3842.8000,3845.8000,3846.0000,3846.4000,3846.6000,3846.8000,1,2,1,1,1,1,1,1,2,1
SF,IF2009,2020-06-05 09:32:02.100,3845.0000,27239,-1,205537080.000,1,0,1,双平,S,3844.2000,3843.4000,3843.2000,3842.8000,3842.4000,3845.6000,3845.8000,3846.4000,3846.6000,3846.8000,2,1,1,1,2,1,2,1,2,1
SF,IF2009,2020-06-05 09:32:02.600,3845.0000,27239,0,205537080.000,0,-,-,-,-,3844.4000,3844.2000,3843.4000,3843.2000,3842.8000,3845.6000,3845.8000,3846.4000,3846.6000,3846.8000,1,2,1,1,1,2,1,1,2,1
SF,IF2009,2020-06-05 09:32:03.100,3845.8000,27239,0,206690820.000,1,0,1,多换,S,3846.0000,3844.4000,3844.2000,3843.4000,3843.2000,3846.4000,3846.6000,3846.8000,3847.8000,3849.8000,1,2,2,1,1,1,2,1,1,1
SF,IF2009,2020-06-05 09:32:03.600,3846.0000,27239,0,207844620.000,1,0,1,多换,S,3844.4000,3844.2000,3843.4000,3843.2000,3842.8000,3845.6000,3845.8000,3846.0000,3846.2000,3846.4000,2,1,1,1,1,4,1,4,3,1
SF,IF2009,2020-06-05 09:32:04.100,3846.0000,27239,0,207844620.000,0,-,-,-,-,3844.6000,3844.4000,3844.2000,3843.4000,3843.2000,3846.0000,3846.2000,3846.4000,3846.6000,3846.8000,1,2,1,1,1,3,1,1,2,1
SF,IF2009,2020-06-05 09:32:04.600,3846.0000,27239,0,207844620.000,0,-,-,-,-,3844.8000,3844.6000,3844.2000,3843.4000,3843.2000,3846.0000,3846.2000,3846.4000,3846.6000,3846.8000,2,3,1,1,1,3,1,1,2,1
SF,IF2009,2020-06-05 09:32:05.100,3846.0000,27239,0,207844620.000,0,-,-,-,-,3845.0000,3844.8000,3844.6000,3844.2000,3843.4000,3846.0000,3846.2000,3846.4000,3846.6000,3846.8000,1,3,1,1,1,3,1,1,2,1
SF,IF2009,2020-06-05 09:32:05.600,3846.0000,27239,0,207844620.000,0,-,-,-,-,3845.2000,3845.0000,3844.8000,3844.2000,3843.4000,3846.0000,3846.2000,3846.4000,3846.6000,3846.8000,1,1,1,1,1,3,1,1,2,1
SF,IF2009,2020-06-05 09:32:06.100,3846.0000,27239,0,207844620.000,0,-,-,-,-,3845.2000,3845.0000,3844.8000,3844.2000,3843.4000,3846.0000,3846.2000,3846.4000,3846.6000,3846.8000,2,1,1,1,1,3,1,1,2,1
SF,IF2009,2020-06-05 09:32:06.600,3846.0000,27239,0,207844620.000,0,-,-,-,-,3845.4000,3845.2000,3845.0000,3844.2000,3843.4000,3846.0000,3846.2000,3846.4000,3846.6000,3846.8000,1,2,1,1,1,3,1,1,2,1
SF,IF2009,2020-06-05 09:32:07.100,3846.0000,27239,0,207844620.000,0,-,-,-,-,3845.4000,3845.2000,3845.0000,3844.2000,3843.4000,3846.2000,3846.4000,3846.6000,3846.8000,3847.8000,1,2,1,1,1,1,1,2,1,1
SF,IF2009,2020-06-05 09:32:07.600,3846.4000,27240,1,208998540.000,1,1,0,双开,S,3845.6000,3845.4000,3845.0000,3844.2000,3843.4000,3846.6000,3846.8000,3847.8000,3849.8000,3850.0000,2,3,1,1,1,2,1,1,1,1
SF,IF2009,2020-06-05 09:32:08.100,3846.4000,27240,0,208998540.000,0,-,-,-,-,3845.8000,3845.6000,3845.4000,3845.0000,3844.2000,3846.6000,3846.8000,3847.8000,3849.8000,3850.0000,1,2,2,1,1,1,1,1,1,1
SF,IF2009,2020-06-05 09:32:08.600,3846.4000,27240,0,208998540.000,0,-,-,-,-,3846.0000,3845.8000,3845.4000,3845.0000,3844.2000,3846.6000,3846.8000,3847.8000,3849.8000,3850.0000,1,3,2,1,1,1,1,1,1,1
SF,IF2009,2020-06-05 09:32:09.100,3846.4000,27240,0,208998540.000,0,-,-,-,-,3846.0000,3845.8000,3845.4000,3845.0000,3844.2000,3846.6000,3846.8000,3847.8000,3849.8000,3850.0000,1,1,2,1,1,1,1,1,1,1
SF,IF2009,2020-06-05 09:32:09.600,3846.4000,27240,0,208998540.000,0,-,-,-,-,3846.0000,3845.4000,3845.0000,3844.2000,3843.4000,3846.6000,3846.8000,3847.8000,3849.8000,3850.0000,1,1,1,1,1,1,1,1,1,1
SF,IF2009,2020-06-05 09:32:10.100,3846.4000,27240,0,208998540.000,0,-,-,-,-,3846.0000,3845.4000,3845.0000,3844.2000,3843.4000,3846.4000,3846.6000,3846.8000,3847.8000,3849.8000,1,1,1,1,1,4,1,1,1,1
SF,IF2009,2020-06-05 09:32:10.600,3846.4000,27240,0,208998540.000,0,-,-,-,-,3846.0000,3845.4000,3845.0000,3844.2000,3843.4000,3846.4000,3846.8000,3847.8000,3849.8000,3850.0000,1,1,1,1,1,4,1,1,1,1
SF,IF2009,2020-06-05 09:32:11.100,3846.4000,27237,-3,213614220.000,4,0,4,多平,S,3845.4000,3845.0000,3844.2000,3843.4000,3843.2000,3846.8000,3847.8000,3849.8000,3850.0000,3851.2000,1,1,1,1,1,1,1,1,1,1
SF,IF2009,2020-06-05 09:32:11.600,3846.4000,27237,0,213614220.000,0,-,-,-,-,3846.0000,3845.8000,3845.6000,3845.4000,3845.0000,3846.8000,3847.8000,3849.8000,3850.0000,3851.2000,7,2,7,7,1,1,1,1,1,1
SF,IF2009,2020-06-05 09:32:12.100,3846.4000,27237,0,213614220.000,0,-,-,-,-,3846.2000,3845.8000,3845.6000,3845.4000,3843.2000,3846.8000,3847.8000,3849.8000,3850.0000,3851.2000,6,2,3,3,1,1,1,1,1,1
SF,IF2009,2020-06-05 09:32:12.600,3846.4000,27237,0,213614220.000,0,-,-,-,-,3846.2000,3845.8000,3845.6000,3845.4000,3843.2000,3846.8000,3847.8000,3849.8000,3850.0000,3851.2000,5,2,1,3,1,1,1,1,1,1
SF,IF2009,2020-06-05 09:32:13.100,3846.8000,27237,0,214768260.000,1,0,1,多换,S,3846.2000,3845.8000,3845.6000,3845.4000,3844.6000,3847.8000,3849.8000,3850.0000,3851.2000,3851.4000,6,2,1,3,2,1,1,1,1,2
SF,IF2009,2020-06-05 09:32:13.600,3846.8000,27237,0,214768260.000,0,-,-,-,-,3846.4000,3846.2000,3845.8000,3845.6000,3845.4000,3847.6000,3847.8000,3849.8000,3850.0000,3851.2000,1,4,2,1,3,1,1,1,1,1
SF,IF2009,2020-06-05 09:32:14.100,3846.8000,27237,0,214768260.000,0,-,-,-,-,3846.6000,3846.4000,3846.2000,3845.8000,3845.6000,3847.6000,3847.8000,3849.8000,3850.0000,3851.2000,2,1,1,2,1,1,1,1,1,1
SF,IF2009,2020-06-05 09:32:14.600,3846.8000,27237,0,214768260.000,0,-,-,-,-,3846.8000,3846.6000,3846.4000,3846.2000,3845.8000,3847.8000,3849.8000,3850.0000,3851.2000,3851.4000,2,1,1,1,2,1,1,1,1,2
SF,IF2009,2020-06-05 09:32:15.100,3846.8000,27237,0,214768260.000,0,-,-,-,-,3847.0000,3846.8000,3846.6000,3846.2000,3845.8000,3847.8000,3849.8000,3850.0000,3851.2000,3851.4000,1,1,1,1,2,1,1,1,1,2
SF,IF2009,2020-06-05 09:32:17.100,3846.8000,27237,0,214768260.000,0,-,-,-,-,3847.0000,3846.8000,3846.6000,3846.2000,3845.8000,3847.8000,3849.8000,3850.0000,3851.2000,3851.4000,1,1,1,1,2,1,1,1,1,2
SF,IF2009,2020-06-05 09:32:18.100,3847.0000,27236,-1,215922360.000,1,0,1,双平,S,3846.8000,3846.6000,3846.2000,3845.8000,3845.4000,3847.8000,3849.8000,3850.0000,3851.2000,3851.4000,1,1,1,2,2,1,1,1,1,2
SF,IF2009,2020-06-05 09:32:18.600,3847.0000,27236,0,215922360.000,0,-,-,-,-,3846.2000,3845.8000,3845.4000,3844.6000,3843.2000,3847.4000,3847.6000,3847.8000,3849.8000,3850.0000,1,2,2,2,1,1,2,2,1,1
SF,IF2009,2020-06-05 09:32:19.100,3847.0000,27236,0,215922360.000,0,-,-,-,-,3846.4000,3845.8000,3845.4000,3844.6000,3843.2000,3847.6000,3847.8000,3849.8000,3850.0000,3851.2000,1,2,2,2,1,1,1,1,1,1
SF,IF2009,2020-06-05 09:32:19.600,3847.0000,27236,0,215922360.000,0,-,-,-,-,3846.4000,3845.8000,3845.4000,3844.6000,3843.2000,3847.6000,3847.8000,3849.8000,3850.0000,3851.2000,2,2,2,2,1,1,1,1,1,1
SF,IF2009,2020-06-05 09:32:20.100,3847.0000,27236,0,215922360.000,0,-,-,-,-,3846.4000,3845.8000,3845.4000,3844.6000,3843.2000,3847.4000,3847.6000,3847.8000,3849.8000,3850.0000,1,2,2,2,1,2,3,1,1,1
SF,IF2009,2020-06-05 09:32:20.600,3847.0000,27236,0,215922360.000,0,-,-,-,-,3846.6000,3845.8000,3845.4000,3844.6000,3843.2000,3847.2000,3847.4000,3847.6000,3847.8000,3849.8000,2,2,2,2,1,1,1,1,1,1
SF,IF2009,2020-06-05 09:32:21.100,3847.0000,27236,0,215922360.000,0,-,-,-,-,3845.8000,3845.4000,3844.6000,3843.2000,3842.8000,3847.2000,3847.4000,3847.6000,3847.8000,3849.8000,2,2,2,1,1,1,1,1,1,1
SF,IF2009,2020-06-05 09:32:21.600,3847.0000,27236,0,215922360.000,0,-,-,-,-,3846.0000,3845.8000,3845.4000,3844.6000,3843.2000,3847.0000,3847.2000,3847.8000,3849.8000,3850.0000,1,2,2,2,1,2,1,1,1,1
SF,IF2009,2020-06-05 09:32:22.100,3847.0000,27236,0,215922360.000,0,-,-,-,-,3846.0000,3844.6000,3843.2000,3842.8000,3842.4000,3847.0000,3847.2000,3847.8000,3849.8000,3850.0000,1,2,1,1,1,2,1,1,1,1
SF,IF2009,2020-06-05 09:32:22.600,3847.0000,27236,0,215922360.000,0,-,-,-,-,3844.6000,3843.2000,3842.8000,3842.4000,3841.8000,3847.0000,3847.2000,3847.8000,3849.8000,3850.0000,2,1,1,1,4,2,1,1,1,1
SF,IF2009,2020-06-05 09:32:23.100,3847.0000,27236,0,215922360.000,0,-,-,-,-,3845.4000,3845.2000,3844.8000,3844.6000,3843.2000,3847.0000,3847.2000,3847.8000,3849.8000,3850.0000,4,1,8,3,1,1,1,1,1,1
SF,IF2009,2020-06-05 09:32:23.600,3847.0000,27236,0,215922360.000,0,-,-,-,-,3845.6000,3845.4000,3845.2000,3844.8000,3844.6000,3847.0000,3847.2000,3847.8000,3849.8000,3850.0000,8,6,1,7,3,1,1,1,1,1
SF,IF2009,2020-06-05 09:32:24.100,3847.0000,27236,0,215922360.000,0,-,-,-,-,3845.6000,3845.4000,3845.2000,3844.8000,3844.6000,3847.2000,3847.8000,3849.8000,3850.0000,3851.4000,9,6,1,7,3,1,1,1,1,2
SF,IF2009,2020-06-05 09:32:24.600,3847.0000,27236,0,215922360.000,0,-,-,-,-,3845.8000,3845.6000,3845.4000,3845.2000,3844.8000,3847.0000,3847.8000,3849.8000,3850.0000,3851.4000,1,8,6,1,7,1,1,1,1,2
SF,IF2009,2020-06-05 09:32:25.100,3847.0000,27236,0,215922360.000,0,-,-,-,-,3846.0000,3845.8000,3845.6000,3845.4000,3845.2000,3847.0000,3847.8000,3849.8000,3850.0000,3851.4000,1,1,6,6,1,1,1,1,1,2
SF,IF2009,2020-06-05 09:32:25.600,3847.0000,27236,0,215922360.000,0,-,-,-,-,3846.0000,3845.8000,3845.6000,3845.4000,3845.2000,3847.4000,3847.8000,3849.8000,3850.0000,3851.4000,2,1,6,6,1,1,1,1,1,2
SF,IF2009,2020-06-05 09:32:26.100,3847.0000,27236,0,215922360.000,0,-,-,-,-,3846.0000,3845.8000,3845.6000,3845.4000,3845.2000,3847.2000,3847.4000,3847.8000,3849.8000,3850.0000,1,1,6,6,1,2,1,1,1,1
SF,IF2009,2020-06-05 09:32:27.100,3847.0000,27236,0,215922360.000,0,-,-,-,-,3846.0000,3845.8000,3845.6000,3845.4000,3845.2000,3847.0000,3847.2000,3847.4000,3847.8000,3849.8000,1,1,2,5,1,1,2,1,1,1
SF,IF2009,2020-06-05 09:32:27.600,3847.0000,27236,0,215922360.000,0,-,-,-,-,3845.8000,3845.6000,3845.4000,3845.2000,3844.8000,3846.8000,3847.0000,3847.4000,3847.8000,3849.8000,1,1,1,1,5,1,2,1,1,1
SF,IF2009,2020-06-05 09:32:28.100,3847.0000,27236,0,215922360.000,0,-,-,-,-,3845.8000,3845.6000,3845.4000,3845.2000,3844.8000,3846.8000,3847.0000,3847.4000,3847.8000,3849.8000,1,1,1,1,5,1,2,1,1,1
SF,IF2009,2020-06-05 09:32:28.600,3847.0000,27236,0,215922360.000,0,-,-,-,-,3845.8000,3845.6000,3845.4000,3845.2000,3844.8000,3846.6000,3846.8000,3847.0000,3847.4000,3847.8000,1,1,1,1,5,1,1,1,1,1
SF,IF2009,2020-06-05 09:32:29.100,3847.0000,27236,0,215922360.000,0,-,-,-,-,3845.6000,3844.8000,3844.6000,3843.2000,3842.8000,3846.6000,3846.8000,3847.4000,3847.8000,3849.8000,1,5,3,1,1,1,1,1,1,1
SF,IF2009,2020-06-05 09:32:29.600,3847.0000,27236,0,215922360.000,0,-,-,-,-,3844.8000,3844.6000,3843.2000,3842.8000,3842.4000,3845.8000,3846.4000,3846.6000,3847.4000,3847.8000,5,3,1,1,1,1,1,2,1,1
SF,IF2009,2020-06-05 09:32:30.100,3847.0000,27236,0,215922360.000,0,-,-,-,-,3845.0000,3844.8000,3844.6000,3843.2000,3842.8000,3845.8000,3846.6000,3847.4000,3847.8000,3849.8000,5,3,3,1,1,1,1,1,1,1
SF,IF2009,2020-06-05 09:32:30.600,3847.0000,27236,0,215922360.000,0,-,-,-,-,3845.0000,3844.8000,3844.6000,3843.2000,3842.8000,3846.6000,3847.4000,3847.8000,3849.8000,3850.0000,4,2,3,1,1,1,1,1,1,1
SF,IF2009,2020-06-05 09:32:31.100,3847.0000,27236,0,215922360.000,0,-,-,-,-,3845.0000,3844.8000,3844.6000,3843.2000,3842.8000,3846.4000,3846.6000,3847.4000,3847.8000,3849.8000,1,2,3,1,1,4,3,1,1,1
SF,IF2009,2020-06-05 09:32:31.600,3845.0000,27236,0,218229360.000,2,1,1,多换,S,3844.8000,3844.6000,3843.2000,3842.8000,3842.4000,3845.8000,3846.2000,3846.4000,3846.6000,3847.4000,2,2,1,1,1,1,2,4,2,1
SF,IF2009,2020-06-05 09:32:32.100,3845.0000,27236,0,218229360.000,0,-,-,-,-,3844.8000,3844.6000,3843.2000,3842.8000,3842.4000,3845.6000,3846.0000,3846.2000,3846.4000,3846.6000,1,2,1,1,1,2,1,2,2,1
SF,IF2009,2020-06-05 09:32:32.600,3845.0000,27236,0,218229360.000,0,-,-,-,-,3844.8000,3844.6000,3843.2000,3842.8000,3842.4000,3846.0000,3846.4000,3846.6000,3847.4000,3847.8000,1,2,1,1,1,1,2,1,1,1
SF,IF2009,2020-06-05 09:32:33.100,3845.0000,27236,0,218229360.000,0,-,-,-,-,3844.8000,3844.6000,3843.2000,3842.8000,3842.4000,3845.6000,3845.8000,3846.0000,3846.4000,3846.6000,1,2,1,1,1,1,2,1,2,1
SF,IF2009,2020-06-05 09:32:33.600,3845.0000,27236,0,218229360.000,0,-,-,-,-,3844.8000,3844.6000,3843.2000,3842.8000,3842.4000,3845.6000,3845.8000,3846.0000,3846.4000,3846.6000,1,2,1,1,1,1,1,1,2,1
SF,IF2009,2020-06-05 09:32:34.100,3845.0000,27236,0,218229360.000,0,-,-,-,-,3844.8000,3844.6000,3843.2000,3842.8000,3842.4000,3845.6000,3845.8000,3846.4000,3846.6000,3847.4000,1,2,1,1,1,1,1,2,1,1
SF,IF2009,2020-06-05 09:32:36.100,3844.8000,27237,1,219382800.000,1,1,0,双开,S,3844.6000,3842.8000,3842.4000,3841.8000,3841.6000,3845.4000,3845.6000,3845.8000,3846.4000,3846.6000,2,1,1,1,3,2,2,1,2,1
SF,IF2009,2020-06-05 09:32:36.600,3844.8000,27236,-1,220536240.000,1,0,1,双平,S,3844.8000,3844.6000,3842.8000,3842.4000,3841.8000,3845.6000,3845.8000,3846.4000,3846.6000,3847.4000,1,2,1,1,1,2,1,1,1,1
SF,IF2009,2020-06-05 09:32:37.100,3845.4000,27236,0,228611400.000,7,3,4,多换,S,3845.4000,3844.6000,3842.8000,3842.4000,3841.8000,3845.6000,3845.8000,3846.4000,3846.6000,3847.4000,7,2,1,1,1,2,1,1,1,1
SF,IF2009,2020-06-05 09:32:37.600,3845.4000,27236,0,236686740.000,7,3,4,多换,S,3844.6000,3842.8000,3842.4000,3841.8000,3841.6000,3845.2000,3845.4000,3845.6000,3845.8000,3846.4000,2,1,1,1,3,1,7,3,1,1
SF,IF2009,2020-06-05 09:32:38.100,3845.4000,27236,0,236686740.000,0,-,-,-,-,3844.6000,3842.8000,3842.4000,3841.8000,3841.6000,3845.0000,3845.2000,3845.4000,3845.6000,3846.4000,2,1,1,1,3,1,1,6,2,1
SF,IF2009,2020-06-05 09:32:38.600,3845.4000,27236,0,236686740.000,0,-,-,-,-,3844.6000,3842.8000,3842.4000,3841.8000,3841.6000,3845.0000,3845.4000,3845.6000,3846.4000,3846.6000,2,1,1,1,3,1,6,2,1,1
SF,IF2009,2020-06-05 09:32:39.100,3844.6000,27234,-2,238993500.000,2,0,2,双平,S,3842.8000,3842.4000,3841.8000,3841.6000,3840.6000,3844.4000,3845.0000,3845.4000,3845.6000,3846.4000,1,1,1,3,2,1,1,6,1,1
SF,IF2009,2020-06-05 09:32:39.600,3844.6000,27233,-1,240146880.000,1,0,1,双平,S,3843.4000,3843.2000,3843.0000,3842.8000,3842.4000,3844.4000,3845.0000,3845.4000,3845.6000,3846.4000,5,1,6,2,1,1,1,6,1,1
SF,IF2009,2020-06-05 09:32:40.100,3844.6000,27233,0,240146880.000,0,-,-,-,-,3843.6000,3843.4000,3843.2000,3843.0000,3842.8000,3844.4000,3845.0000,3845.4000,3845.6000,3846.4000,5,1,1,2,2,1,1,6,1,1
SF,IF2009,2020-06-05 09:32:40.600,3844.6000,27233,0,240146880.000,0,-,-,-,-,3843.6000,3843.4000,3843.2000,3843.0000,3842.8000,3844.4000,3845.4000,3845.6000,3846.4000,3847.4000,5,1,1,2,2,1,6,1,1,1
SF,IF2009,2020-06-05 09:32:42.100,3844.6000,27233,0,240146880.000,0,-,-,-,-,3843.6000,3843.4000,3843.2000,3843.0000,3842.8000,3844.4000,3845.4000,3845.6000,3846.4000,3847.4000,4,1,1,2,2,1,6,1,1,1
SF,IF2009,2020-06-05 09:32:43.100,3844.6000,27233,0,240146880.000,0,-,-,-,-,3843.6000,3843.4000,3843.2000,3843.0000,3842.8000,3845.4000,3845.6000,3846.4000,3847.4000,3847.8000,4,1,1,2,2,6,1,1,1,1
SF,IF2009,2020-06-05 09:32:43.600,3843.6000,27233,0,243606120.000,3,1,2,多换,S,3843.4000,3843.2000,3843.0000,3842.8000,3842.4000,3843.6000,3845.2000,3845.4000,3845.6000,3846.4000,1,1,2,2,1,7,2,6,1,1
SF,IF2009,2020-06-05 09:32:44.100,3843.6000,27233,0,251677680.000,7,3,4,多换,S,3843.6000,3843.4000,3843.2000,3843.0000,3842.8000,3845.2000,3845.4000,3845.6000,3846.4000,3847.4000,9,2,1,2,2,1,6,1,1,1
SF,IF2009,2020-06-05 09:32:44.600,3845.2000,27230,-3,255138240.000,3,0,3,双平,S,3843.8000,3843.6000,3843.4000,3843.2000,3843.0000,3844.8000,3845.4000,3845.6000,3846.4000,3847.4000,1,1,1,1,2,1,6,1,1,1
SF,IF2009,2020-06-05 09:32:45.100,3845.2000,27230,0,255138240.000,0,-,-,-,-,3844.0000,3843.8000,3843.6000,3843.4000,3843.2000,3844.8000,3845.0000,3845.4000,3845.6000,3846.4000,1,1,1,1,1,1,2,5,1,1
SF,IF2009,2020-06-05 09:32:45.600,3845.2000,27230,0,255138240.000,0,-,-,-,-,3844.0000,3843.8000,3843.6000,3843.4000,3843.2000,3844.8000,3845.0000,3845.4000,3845.6000,3846.4000,2,1,1,1,1,1,2,3,1,1
SF,IF2009,2020-06-05 09:32:46.100,3845.2000,27230,0,255138240.000,0,-,-,-,-,3844.2000,3844.0000,3843.8000,3843.6000,3843.4000,3845.0000,3845.4000,3845.6000,3846.4000,3847.4000,1,2,1,1,1,1,3,1,1,1
SF,IF2009,2020-06-05 09:32:46.600,3845.2000,27230,0,255138240.000,0,-,-,-,-,3844.8000,3844.4000,3843.8000,3843.6000,3843.4000,3845.0000,3845.4000,3845.6000,3846.4000,3847.4000,1,1,1,1,1,1,3,1,1,1
SF,IF2009,2020-06-05 09:32:47.100,3844.8000,27229,-1,256291680.000,1,0,1,双平,S,3843.8000,3843.6000,3843.4000,3843.2000,3843.0000,3844.0000,3845.0000,3845.4000,3845.6000,3846.4000,1,2,1,1,1,1,1,3,1,1
SF,IF2009,2020-06-05 09:32:47.600,3844.0000,27228,-1,257444880.000,1,0,1,双平,S,3844.2000,3844.0000,3843.8000,3843.6000,3843.4000,3845.4000,3845.6000,3846.4000,3847.4000,3847.8000,1,9,2,2,1,2,1,1,1,1
SF,IF2009,2020-06-05 09:32:48.100,3844.0000,27228,0,257444880.000,0,-,-,-,-,3844.2000,3844.0000,3843.6000,3843.4000,3843.2000,3845.2000,3845.4000,3845.6000,3846.4000,3847.4000,1,2,2,1,1,1,2,1,1,1
SF,IF2009,2020-06-05 09:32:48.600,3844.0000,27228,0,257444880.000,0,-,-,-,-,3844.2000,3844.0000,3843.6000,3843.4000,3843.2000,3845.2000,3845.4000,3845.6000,3846.4000,3847.4000,2,2,2,1,1,1,2,1,1,1
SF,IF2009,2020-06-05 09:32:49.100,3844.0000,27228,0,257444880.000,0,-,-,-,-,3844.4000,3844.2000,3844.0000,3843.6000,3843.4000,3845.2000,3845.6000,3846.4000,3847.4000,3847.8000,3,1,2,2,1,1,1,1,1,1
SF,IF2009,2020-06-05 09:32:49.600,3844.0000,27228,0,257444880.000,0,-,-,-,-,3844.0000,3843.6000,3843.4000,3843.2000,3843.0000,3844.2000,3845.0000,3845.2000,3845.6000,3846.4000,2,2,1,1,1,2,1,3,1,1
SF,IF2009,2020-06-05 09:32:50.100,3844.2000,27228,0,259751400.000,2,1,1,多换,S,3844.4000,3844.2000,3843.6000,3843.4000,3843.2000,3845.0000,3845.2000,3845.6000,3846.4000,3847.4000,1,4,2,1,1,1,1,1,1,1
SF,IF2009,2020-06-05 09:32:50.600,3844.2000,27228,0,259751400.000,0,-,-,-,-,3844.4000,3844.2000,3843.6000,3843.4000,3843.2000,3845.0000,3845.2000,3845.6000,3846.4000,3847.4000,1,2,2,1,1,1,1,1,1,1
SF,IF2009,2020-06-05 09:32:51.100,3844.2000,27228,0,259751400.000,0,-,-,-,-,3844.2000,3843.6000,3843.4000,3843.2000,3843.0000,3845.0000,3845.6000,3846.4000,3847.4000,3847.8000,2,2,1,1,1,1,1,1,1,1
SF,IF2009,2020-06-05 09:32:51.600,3844.2000,27228,0,259751400.000,0,-,-,-,-,3844.2000,3843.6000,3843.4000,3843.2000,3843.0000,3845.6000,3846.4000,3847.4000,3847.8000,3849.8000,2,2,1,1,1,1,1,1,1,1
SF,IF2009,2020-06-05 09:32:52.100,3844.2000,27228,0,259751400.000,0,-,-,-,-,3844.4000,3844.2000,3843.6000,3843.4000,3843.2000,3845.4000,3845.6000,3846.4000,3847.4000,3847.8000,3,2,1,1,1,2,1,1,1,1
SF,IF2009,2020-06-05 09:32:52.600,3844.2000,27228,0,259751400.000,0,-,-,-,-,3844.6000,3844.4000,3844.2000,3843.6000,3843.4000,3845.2000,3845.6000,3846.4000,3847.4000,3847.8000,2,8,3,1,1,1,1,1,1,1
SF,IF2009,2020-06-05 09:32:53.100,3845.2000,27227,-1,260904960.000,1,0,1,双平,S,3844.6000,3844.4000,3844.2000,3843.6000,3843.4000,3845.6000,3846.4000,3847.4000,3847.8000,3849.8000,2,1,2,1,1,1,1,1,1,1
SF,IF2009,2020-06-05 09:32:53.600,3845.2000,27227,0,260904960.000,0,-,-,-,-,3844.8000,3844.6000,3844.4000,3844.2000,3843.6000,3845.6000,3846.4000,3847.4000,3847.8000,3849.8000,2,1,1,2,1,1,1,1,1,1
SF,IF2009,2020-06-05 09:32:54.100,3845.2000,27227,0,260904960.000,0,-,-,-,-,3844.8000,3844.6000,3844.4000,3844.2000,3843.6000,3845.6000,3846.4000,3847.4000,3847.8000,3849.8000,2,1,1,2,1,2,1,1,1,1
SF,IF2009,2020-06-05 09:32:54.600,3845.6000,27227,0,262058640.000,1,0,1,多换,S,3845.0000,3844.8000,3844.2000,3844.0000,3843.6000,3846.4000,3847.4000,3847.8000,3849.8000,3850.0000,5,2,2,1,1,1,1,1,1,1
SF,IF2009,2020-06-05 09:32:55.100,3845.6000,27227,0,262058640.000,0,-,-,-,-,3845.0000,3844.8000,3844.2000,3844.0000,3843.6000,3846.2000,3846.4000,3847.4000,3847.8000,3849.8000,2,2,2,1,1,1,1,1,1,1
SF,IF2009,2020-06-05 09:32:55.600,3845.6000,27227,0,262058640.000,0,-,-,-,-,3845.2000,3845.0000,3844.2000,3844.0000,3843.6000,3846.4000,3847.4000,3847.8000,3849.8000,3850.0000,2,2,2,1,1,1,1,1,1,1
SF,IF2009,2020-06-05 09:32:56.100,3845.6000,27227,0,262058640.000,0,-,-,-,-,3845.6000,3845.4000,3845.2000,3844.0000,3843.6000,3846.2000,3846.4000,3847.4000,3847.8000,3849.8000,2,1,3,1,1,1,1,1,1,1
SF,IF2009,2020-06-05 09:32:56.600,3845.6000,27227,0,262058640.000,0,-,-,-,-,3845.6000,3845.2000,3844.0000,3843.6000,3843.4000,3846.2000,3846.4000,3847.4000,3847.8000,3849.8000,2,2,1,1,1,2,1,1,1,1
SF,IF2009,2020-06-05 09:32:57.100,3845.6000,27227,0,262058640.000,0,-,-,-,-,3845.6000,3845.2000,3844.0000,3843.6000,3843.4000,3846.2000,3846.4000,3847.4000,3847.8000,3849.8000,2,1,1,1,1,2,1,1,1,1
SF,IF2009,2020-06-05 09:32:57.600,3845.6000,27227,0,262058640.000,0,-,-,-,-,3845.6000,3844.0000,3843.6000,3843.4000,3843.0000,3846.2000,3846.4000,3847.4000,3847.8000,3849.8000,2,1,1,1,1,1,1,1,1,1
SF,IF2009,2020-06-05 09:32:58.600,3845.6000,27227,0,262058640.000,0,-,-,-,-,3845.6000,3844.0000,3843.6000,3843.4000,3843.0000,3846.2000,3846.4000,3847.4000,3847.8000,3849.8000,2,1,1,1,1,2,1,1,1,1
SF,IF2009,2020-06-05 09:32:59.100,3845.6000,27225,-2,264366000.000,2,0,2,双平,S,3844.0000,3843.6000,3843.4000,3843.0000,3842.8000,3845.8000,3846.0000,3846.2000,3846.4000,3847.4000,1,1,1,1,2,1,2,1,1,1
SF,IF2009,2020-06-05 09:32:59.600,3845.6000,27225,0,264366000.000,0,-,-,-,-,3844.2000,3844.0000,3843.6000,3843.4000,3843.0000,3845.6000,3846.4000,3847.4000,3847.8000,3849.8000,11,3,1,1,1,6,1,1,1,1
SF,IF2009,2020-06-05 09:33:00.100,3845.6000,27225,0,264366000.000,0,-,-,-,-,3844.4000,3844.2000,3844.0000,3843.6000,3843.4000,3845.6000,3846.4000,3847.4000,3847.8000,3849.8000,7,9,3,1,1,5,1,1,1,1
SF,IF2009,2020-06-05 09:33:00.600,3845.6000,27225,0,264366000.000,0,-,-,-,-,3844.6000,3844.4000,3844.2000,3844.0000,3843.6000,3845.6000,3846.4000,3847.4000,3847.8000,3849.8000,2,2,7,2,1,5,1,1,1,1
SF,IF2009,2020-06-05 09:33:01.100,3845.6000,27225,0,264366000.000,0,-,-,-,-,3844.8000,3844.6000,3844.2000,3844.0000,3843.6000,3845.6000,3846.4000,3847.4000,3847.8000,3849.8000,2,3,7,2,1,5,1,1,1,1
SF,IF2009,2020-06-05 09:33:01.600,3845.6000,27225,0,264366000.000,0,-,-,-,-,3845.0000,3844.8000,3844.6000,3844.2000,3844.0000,3845.6000,3846.4000,3847.4000,3847.8000,3849.8000,1,2,2,7,2,5,1,1,1,1
SF,IF2009,2020-06-05 09:33:02.100,3845.6000,27225,0,264366000.000,0,-,-,-,-,3845.0000,3844.6000,3844.2000,3844.0000,3843.6000,3845.4000,3845.6000,3846.4000,3847.4000,3847.8000,1,2,2,2,1,1,5,1,1,1
SF,IF2009,2020-06-05 09:33:02.600,3845.0000,27224,-1,265519500.000,1,0,1,双平,S,3844.6000,3844.2000,3844.0000,3843.6000,3843.4000,3845.4000,3845.6000,3846.4000,3847.4000,3847.8000,2,1,2,1,1,1,5,1,1,1
SF,IF2009,2020-06-05 09:33:03.100,3845.0000,27224,0,265519500.000,0,-,-,-,-,3844.2000,3844.0000,3843.6000,3843.4000,3843.0000,3845.6000,3846.4000,3847.4000,3847.8000,3849.8000,1,2,1,1,1,5,1,1,1,1
SF,IF2009,2020-06-05 09:33:03.600,3845.0000,27224,0,265519500.000,0,-,-,-,-,3844.2000,3844.0000,3843.6000,3843.4000,3843.0000,3845.4000,3845.6000,3846.4000,3847.4000,3847.8000,1,2,1,1,1,2,5,1,1,1
SF,IF2009,2020-06-05 09:33:04.100,3845.0000,27224,0,265519500.000,0,-,-,-,-,3844.4000,3844.2000,3844.0000,3843.6000,3843.4000,3845.4000,3845.6000,3846.4000,3847.4000,3847.8000,1,3,2,1,1,1,5,1,1,1
SF,IF2009,2020-06-05 09:33:04.600,3845.0000,27224,0,265519500.000,0,-,-,-,-,3844.4000,3844.2000,3844.0000,3843.6000,3843.4000,3845.6000,3846.4000,3847.4000,3847.8000,3849.8000,4,2,2,1,1,5,1,1,1,1
SF,IF2009,2020-06-05 09:33:05.100,3845.0000,27224,0,265519500.000,0,-,-,-,-,3844.6000,3844.4000,3844.2000,3844.0000,3843.6000,3845.6000,3846.4000,3847.4000,3847.8000,3849.8000,1,2,2,2,1,5,1,1,1,1
SF,IF2009,2020-06-05 09:33:05.600,3845.0000,27224,0,265519500.000,0,-,-,-,-,3844.8000,3844.6000,3844.4000,3844.2000,3844.0000,3845.6000,3846.4000,3847.4000,3847.8000,3849.8000,1,3,1,1,2,5,1,1,1,1
SF,IF2009,2020-06-05 09:33:06.100,3845.0000,27224,0,265519500.000,0,-,-,-,-,3844.8000,3844.6000,3844.4000,3844.2000,3844.0000,3845.6000,3846.4000,3847.4000,3847.8000,3849.8000,2,2,1,1,2,5,1,1,1,1
SF,IF2009,2020-06-05 09:33:06.600,3845.0000,27224,0,265519500.000,0,-,-,-,-,3844.8000,3844.6000,3844.4000,3844.2000,3844.0000,3845.6000,3846.4000,3847.4000,3847.8000,3849.8000,1,1,1,1,2,5,1,1,1,1
SF,IF2009,2020-06-05 09:33:07.100,3845.0000,27224,0,265519500.000,0,-,-,-,-,3844.4000,3844.2000,3844.0000,3843.6000,3843.4000,3845.4000,3845.6000,3846.4000,3847.4000,3847.8000,1,1,2,1,1,1,6,1,1,1
SF,IF2009,2020-06-05 09:33:07.600,3845.0000,27224,0,265519500.000,0,-,-,-,-,3844.2000,3844.0000,3843.6000,3843.4000,3843.0000,3845.4000,3845.6000,3846.4000,3847.4000,3847.8000,1,2,1,1,1,2,5,1,1,1
SF,IF2009,2020-06-05 09:33:08.100,3845.0000,27224,0,265519500.000,0,-,-,-,-,3844.6000,3844.4000,3844.2000,3844.0000,3843.6000,3845.6000,3846.4000,3847.4000,3847.8000,3849.8000,2,2,1,2,1,5,1,1,1,1
SF,IF2009,2020-06-05 09:33:08.600,3845.0000,27224,0,265519500.000,0,-,-,-,-,3844.6000,3844.4000,3844.2000,3844.0000,3843.6000,3845.6000,3846.4000,3847.4000,3847.8000,3849.8000,2,2,1,2,1,5,1,1,1,1
SF,IF2009,2020-06-05 09:33:09.100,3845.0000,27224,0,265519500.000,0,-,-,-,-,3844.4000,3844.2000,3844.0000,3843.6000,3843.4000,3845.4000,3845.6000,3846.4000,3847.4000,3847.8000,2,1,2,1,1,2,5,1,1,1
SF,IF2009,2020-06-05 09:33:09.600,3845.0000,27224,0,265519500.000,0,-,-,-,-,3844.6000,3844.4000,3844.2000,3844.0000,3843.6000,3845.4000,3845.6000,3846.4000,3847.4000,3847.8000,1,2,1,1,1,1,5,1,1,1
SF,IF2009,2020-06-05 09:33:10.100,3845.0000,27224,0,265519500.000,0,-,-,-,-,3844.6000,3844.4000,3844.2000,3844.0000,3843.6000,3845.6000,3846.4000,3847.4000,3847.8000,3849.8000,4,2,1,1,1,5,1,1,1,1
SF,IF2009,2020-06-05 09:33:10.600,3845.6000,27219,-5,271287900.000,5,0,5,双平,S,3844.8000,3844.6000,3844.4000,3844.2000,3844.0000,3845.4000,3846.4000,3847.4000,3847.8000,3849.8000,2,1,2,1,1,1,1,1,1,1
SF,IF2009,2020-06-05 09:33:11.100,3845.4000,27219,0,272441520.000,1,0,1,多换,S,3845.4000,3845.0000,3844.8000,3844.6000,3844.4000,3846.4000,3847.4000,3847.8000,3849.8000,3850.0000,1,1,1,1,1,1,1,1,1,1
SF,IF2009,2020-06-05 09:33:11.600,3845.4000,27219,0,272441520.000,0,-,-,-,-,3845.0000,3844.4000,3844.0000,3843.6000,3843.4000,3846.0000,3846.2000,3846.4000,3847.4000,3847.8000,1,1,2,1,1,1,1,1,1,1
SF,IF2009,2020-06-05 09:33:12.100,3845.4000,27219,0,272441520.000,0,-,-,-,-,3845.0000,3844.0000,3843.6000,3843.4000,3843.0000,3846.4000,3847.4000,3847.8000,3849.8000,3850.0000,3,2,1,1,1,1,1,1,1,1
SF,IF2009,2020-06-05 09:33:12.600,3845.4000,27219,0,272441520.000,0,-,-,-,-,3845.0000,3844.0000,3843.6000,3843.4000,3843.0000,3846.2000,3846.4000,3847.4000,3847.8000,3849.8000,1,2,1,1,1,2,1,1,1,1
SF,IF2009,2020-06-05 09:33:13.100,3845.4000,27219,0,272441520.000,0,-,-,-,-,3845.0000,3844.0000,3843.6000,3843.4000,3843.0000,3846.0000,3846.2000,3846.4000,3847.4000,3847.8000,1,2,1,1,1,1,3,1,1,1
SF,IF2009,2020-06-05 09:33:13.600,3845.4000,27219,0,272441520.000,0,-,-,-,-,3844.0000,3843.6000,3843.4000,3843.0000,3842.8000,3845.8000,3846.0000,3846.2000,3846.4000,3847.4000,2,1,1,1,2,1,1,1,1,1
SF,IF2009,2020-06-05 09:33:14.100,3845.4000,27219,0,272441520.000,0,-,-,-,-,3844.2000,3844.0000,3843.6000,3843.4000,3843.0000,3845.6000,3845.8000,3846.0000,3846.2000,3846.4000,3,2,1,1,1,1,1,1,1,1
SF,IF2009,2020-06-05 09:33:14.600,3845.4000,27219,0,272441520.000,0,-,-,-,-,3844.2000,3844.0000,3843.6000,3843.4000,3843.0000,3846.2000,3846.4000,3847.4000,3847.8000,3849.8000,3,2,1,1,1,1,1,1,1,1
SF,IF2009,2020-06-05 09:33:15.100,3845.4000,27219,0,272441520.000,0,-,-,-,-,3844.4000,3844.2000,3844.0000,3843.6000,3843.4000,3846.0000,3846.2000,3846.4000,3847.4000,3847.8000,2,2,2,1,1,2,3,1,1,1
SF,IF2009,2020-06-05 09:33:15.600,3845.4000,27219,0,272441520.000,0,-,-,-,-,3844.6000,3844.4000,3844.0000,3843.6000,3843.4000,3846.0000,3846.2000,3846.4000,3847.4000,3847.8000,1,2,2,1,1,2,2,1,1,1
SF,IF2009,2020-06-05 09:33:16.100,3845.4000,27219,0,272441520.000,0,-,-,-,-,3844.6000,3844.4000,3844.0000,3843.6000,3843.4000,3846.0000,3846.2000,3846.4000,3847.4000,3847.8000,2,2,2,1,1,2,1,1,1,1
SF,IF2009,2020-06-05 09:33:16.600,3845.4000,27219,0,272441520.000,0,-,-,-,-,3844.6000,3844.4000,3844.0000,3843.6000,3843.4000,3845.8000,3846.0000,3846.2000,3846.4000,3847.4000,1,2,2,1,1,1,2,1,1,1
SF,IF2009,2020-06-05 09:33:17.100,3845.4000,27219,0,272441520.000,0,-,-,-,-,3844.6000,3844.4000,3844.0000,3843.6000,3843.4000,3845.8000,3846.2000,3846.4000,3847.4000,3847.8000,1,1,2,1,1,1,1,1,1,1
SF,IF2009,2020-06-05 09:33:18.100,3845.4000,27219,0,272441520.000,0,-,-,-,-,3844.8000,3844.6000,3844.4000,3844.0000,3843.6000,3845.8000,3846.2000,3846.4000,3847.4000,3847.8000,1,1,1,2,1,1,1,1,1,1
SF,IF2009,2020-06-05 09:33:18.600,3845.4000,27219,0,272441520.000,0,-,-,-,-,3845.0000,3844.8000,3844.4000,3844.0000,3843.6000,3845.8000,3846.2000,3846.4000,3847.4000,3847.8000,1,1,1,2,1,1,1,1,1,1
SF,IF2009,2020-06-05 09:33:19.100,3845.4000,27219,0,272441520.000,0,-,-,-,-,3845.0000,3844.4000,3844.0000,3843.6000,3843.4000,3845.8000,3846.2000,3846.4000,3847.4000,3847.8000,1,1,2,1,1,3,1,1,1,1
SF,IF2009,2020-06-05 09:33:19.600,3845.4000,27219,0,272441520.000,0,-,-,-,-,3844.4000,3844.0000,3843.6000,3843.4000,3843.0000,3845.4000,3845.6000,3845.8000,3846.2000,3846.4000,1,2,1,1,1,1,1,1,1,1
SF,IF2009,2020-06-05 09:33:20.100,3845.4000,27219,0,272441520.000,0,-,-,-,-,3845.4000,3844.6000,3844.4000,3844.0000,3843.6000,3845.8000,3846.2000,3846.4000,3847.4000,3847.8000,1,4,3,2,1,1,1,1,1,1
SF,IF2009,2020-06-05 09:33:20.600,3845.4000,27219,0,272441520.000,0,-,-,-,-,3845.4000,3844.6000,3844.4000,3844.0000,3843.6000,3845.8000,3846.2000,3846.4000,3847.4000,3847.8000,1,1,3,2,1,2,1,1,1,1
SF,IF2009,2020-06-05 09:33:21.100,3845.4000,27219,0,272441520.000,0,-,-,-,-,3845.4000,3844.6000,3844.4000,3844.0000,3843.6000,3845.8000,3846.2000,3846.4000,3847.4000,3847.8000,1,1,3,2,1,2,1,1,1,1
SF,IF2009,2020-06-05 09:33:21.600,3845.4000,27219,0,272441520.000,0,-,-,-,-,3845.4000,3844.6000,3844.4000,3844.0000,3843.6000,3846.2000,3846.4000,3847.4000,3847.8000,3849.8000,1,1,2,2,1,1,1,1,1,1
SF,IF2009,2020-06-05 09:33:22.100,3845.4000,27219,0,272441520.000,0,-,-,-,-,3845.4000,3844.6000,3844.4000,3844.0000,3843.6000,3846.0000,3846.2000,3846.4000,3847.4000,3847.8000,1,1,1,2,1,1,2,1,1,1
SF,IF2009,2020-06-05 09:33:22.600,3845.4000,27219,0,273595140.000,1,0,1,多换,S,3844.6000,3844.0000,3843.6000,3843.4000,3843.0000,3845.8000,3846.2000,3846.4000,3847.4000,3847.8000,1,2,1,1,1,2,2,1,1,1
SF,IF2009,2020-06-05 09:33:23.100,3845.4000,27219,0,273595140.000,0,-,-,-,-,3844.6000,3844.0000,3843.6000,3843.4000,3843.0000,3846.2000,3846.4000,3847.4000,3847.8000,3849.8000,1,2,1,1,3,1,1,1,1,1
SF,IF2009,2020-06-05 09:33:23.600,3845.4000,27219,0,273595140.000,0,-,-,-,-,3844.8000,3844.6000,3844.0000,3843.6000,3843.4000,3846.0000,3846.2000,3846.4000,3847.4000,3847.8000,1,1,2,1,1,2,1,1,1,1
SF,IF2009,2020-06-05 09:33:24.100,3845.0000,27219,0,274748640.000,1,0,1,多换,S,3844.8000,3844.0000,3843.6000,3843.4000,3843.0000,3846.2000,3846.4000,3847.4000,3847.8000,3849.8000,3,2,1,1,3,1,1,1,1,1
SF,IF2009,2020-06-05 09:33:24.600,3845.0000,27219,0,274748640.000,0,-,-,-,-,3845.0000,3844.8000,3844.0000,3843.6000,3843.4000,3846.0000,3846.2000,3846.4000,3847.4000,3847.8000,1,2,2,1,1,2,1,1,1,1
SF,IF2009,2020-06-05 09:33:25.100,3845.0000,27219,0,274748640.000,0,-,-,-,-,3845.2000,3845.0000,3844.8000,3844.0000,3843.6000,3846.0000,3846.2000,3846.4000,3847.4000,3847.8000,2,2,1,2,1,1,1,1,1,1
SF,IF2009,2020-06-05 09:33:25.600,3845.0000,27219,0,274748640.000,0,-,-,-,-,3845.2000,3844.0000,3843.6000,3843.4000,3843.0000,3846.0000,3846.2000,3846.4000,3847.4000,3847.8000,2,2,1,1,3,1,1,1,1,1
SF,IF2009,2020-06-05 09:33:26.100,3845.0000,27219,0,274748640.000,0,-,-,-,-,3845.4000,3845.2000,3844.0000,3843.6000,3843.4000,3846.2000,3846.4000,3847.4000,3847.8000,3849.8000,2,2,2,1,1,1,1,1,1,1
SF,IF2009,2020-06-05 09:33:26.600,3845.0000,27219,0,274748640.000,0,-,-,-,-,3845.4000,3845.2000,3844.0000,3843.6000,3843.4000,3846.0000,3846.2000,3846.4000,3847.4000,3847.8000,1,2,2,1,1,1,1,1,1,1
SF,IF2009,2020-06-05 09:33:27.100,3845.0000,27219,0,274748640.000,0,-,-,-,-,3845.4000,3844.0000,3843.6000,3843.4000,3843.0000,3846.2000,3846.4000,3847.4000,3847.8000,3849.8000,1,1,1,1,3,1,1,1,1,1
SF,IF2009,2020-06-05 09:33:27.600,3845.0000,27218,-1,275902140.000,1,0,1,双平,S,3844.0000,3843.6000,3843.4000,3843.0000,3842.8000,3846.0000,3846.2000,3846.4000,3847.4000,3847.8000,1,1,1,3,2,1,1,1,1,1
SF,IF2009,2020-06-05 09:33:28.100,3845.0000,27218,0,275902140.000,0,-,-,-,-,3844.6000,3844.4000,3844.2000,3844.0000,3843.6000,3845.8000,3846.2000,3846.4000,3847.4000,3847.8000,4,1,7,2,1,1,1,1,1,1
SF,IF2009,2020-06-05 09:33:28.600,3845.0000,27218,0,275902140.000,0,-,-,-,-,3844.8000,3844.4000,3844.2000,3844.0000,3843.6000,3846.2000,3846.4000,3847.4000,3847.8000,3849.8000,3,1,5,2,1,1,1,1,1,1
SF,IF2009,2020-06-05 09:33:29.100,3845.0000,27218,0,275902140.000,0,-,-,-,-,3844.8000,3844.4000,3844.2000,3844.0000,3843.6000,3846.0000,3846.2000,3846.4000,3847.4000,3847.8000,2,1,4,2,1,1,1,1,1,1
SF,IF2009,2020-06-05 09:33:30.100,3845.0000,27218,0,275902140.000,0,-,-,-,-,3845.0000,3844.8000,3844.4000,3844.2000,3844.0000,3846.0000,3846.2000,3846.4000,3847.4000,3847.8000,2,2,1,4,2,1,1,1,1,1
SF,IF2009,2020-06-05 09:33:30.600,3845.0000,27218,0,275902140.000,0,-,-,-,-,3845.0000,3844.8000,3844.4000,3844.2000,3844.0000,3846.0000,3846.2000,3846.4000,3847.4000,3847.8000,2,1,1,4,2,1,1,1,1,1
SF,IF2009,2020-06-05 09:33:31.100,3845.0000,27218,0,275902140.000,0,-,-,-,-,3845.0000,3844.8000,3844.4000,3844.2000,3844.0000,3846.0000,3846.2000,3846.4000,3847.4000,3847.8000,1,1,1,4,2,1,1,1,1,1
SF,IF2009,2020-06-05 09:33:31.600,3845.0000,27218,0,275902140.000,0,-,-,-,-,3845.0000,3844.8000,3844.6000,3844.4000,3844.2000,3846.0000,3846.2000,3846.4000,3847.4000,3847.8000,1,1,1,1,4,1,1,1,1,1
SF,IF2009,2020-06-05 09:33:33.100,3845.0000,27217,-1,277055640.000,1,0,1,双平,S,3845.2000,3845.0000,3844.8000,3844.6000,3844.4000,3846.0000,3846.2000,3846.4000,3847.4000,3847.8000,1,1,1,1,1,1,1,1,1,1
SF,IF2009,2020-06-05 09:33:33.600,3845.0000,27217,0,277055640.000,0,-,-,-,-,3845.2000,3845.0000,3844.8000,3844.6000,3844.4000,3846.2000,3846.4000,3847.4000,3847.8000,3849.8000,2,1,1,1,1,1,1,1,1,1
SF,IF2009,2020-06-05 09:33:34.100,3845.0000,27217,0,277055640.000,0,-,-,-,-,3845.4000,3845.2000,3845.0000,3844.6000,3844.4000,3846.4000,3847.4000,3847.8000,3849.8000,3850.0000,2,1,1,1,1,1,1,1,1,1
SF,IF2009,2020-06-05 09:33:34.600,3845.0000,27217,0,277055640.000,0,-,-,-,-,3845.6000,3845.0000,3844.6000,3844.4000,3844.2000,3846.2000,3846.4000,3847.4000,3847.8000,3849.8000,1,1,1,1,3,1,2,1,1,1
SF,IF2009,2020-06-05 09:33:35.600,3845.0000,27217,0,277055640.000,0,-,-,-,-,3845.0000,3844.6000,3844.4000,3844.2000,3844.0000,3846.2000,3846.4000,3847.4000,3847.8000,3849.8000,1,1,1,3,2,1,2,1,1,1
SF,IF2009,2020-06-05 09:33:36.100,3845.0000,27217,0,277055640.000,0,-,-,-,-,3845.2000,3845.0000,3844.6000,3844.4000,3844.2000,3846.4000,3847.4000,3847.8000,3849.8000,3850.0000,1,1,1,1,3,2,1,1,1,1
SF,IF2009,2020-06-05 09:33:36.600,3845.0000,27217,0,277055640.000,0,-,-,-,-,3845.2000,3845.0000,3844.6000,3844.4000,3844.2000,3846.2000,3846.4000,3847.4000,3847.8000,3849.8000,1,1,1,1,3,1,2,1,1,1
SF,IF2009,2020-06-05 09:33:37.100,3845.0000,27217,0,277055640.000,0,-,-,-,-,3845.2000,3845.0000,3844.6000,3844.4000,3844.2000,3846.4000,3847.4000,3847.8000,3849.8000,3850.0000,1,1,1,1,3,1,1,1,1,1
SF,IF2009,2020-06-05 09:33:37.600,3845.0000,27217,0,277055640.000,0,-,-,-,-,3845.4000,3845.2000,3845.0000,3844.6000,3844.4000,3846.4000,3847.4000,3847.8000,3849.8000,3850.0000,1,2,1,1,1,1,1,1,1,1
SF,IF2009,2020-06-05 09:33:38.100,3845.0000,27217,0,277055640.000,0,-,-,-,-,3845.6000,3845.4000,3845.0000,3844.6000,3844.2000,3846.4000,3847.4000,3847.8000,3849.8000,3850.0000,2,1,1,1,3,1,1,1,1,1
SF,IF2009,2020-06-05 09:33:38.600,3846.4000,27216,-1,278209560.000,1,0,1,双平,S,3846.4000,3845.8000,3845.6000,3845.4000,3845.0000,3847.4000,3847.8000,3849.8000,3850.0000,3851.4000,1,1,8,2,1,1,1,1,1,2
SF,IF2009,2020-06-05 09:33:39.100,3846.4000,27216,0,278209560.000,0,-,-,-,-,3846.6000,3846.4000,3845.8000,3845.6000,3845.4000,3847.4000,3847.8000,3849.8000,3850.0000,3851.4000,1,3,4,5,4,1,1,1,1,2
SF,IF2009,2020-06-05 09:33:39.600,3847.4000,27215,-1,279363780.000,1,0,1,双平,S,3846.6000,3846.4000,3845.8000,3845.6000,3845.4000,3847.8000,3849.8000,3850.0000,3851.4000,3851.6000,2,2,4,5,4,1,1,1,2,1
SF,IF2009,2020-06-05 09:33:40.100,3847.4000,27215,0,279363780.000,0,-,-,-,-,3846.6000,3846.4000,3845.6000,3845.4000,3844.6000,3847.6000,3847.8000,3849.8000,3850.0000,3851.4000,1,2,5,2,1,1,1,1,1,2
SF,IF2009,2020-06-05 09:33:40.600,3847.4000,27215,0,279363780.000,0,-,-,-,-,3846.8000,3846.6000,3846.4000,3845.6000,3845.4000,3847.8000,3849.8000,3850.0000,3851.4000,3851.6000,2,1,1,5,2,1,1,1,2,1
SF,IF2009,2020-06-05 09:33:41.100,3847.4000,27215,0,279363780.000,0,-,-,-,-,3846.6000,3846.4000,3845.4000,3844.6000,3844.2000,3847.4000,3847.6000,3847.8000,3849.8000,3850.0000,1,1,2,1,3,2,1,1,1,1
SF,IF2009,2020-06-05 09:33:41.600,3847.4000,27215,0,279363780.000,0,-,-,-,-,3846.6000,3846.4000,3845.4000,3844.6000,3844.2000,3847.4000,3847.8000,3849.8000,3850.0000,3851.4000,2,1,2,1,3,1,1,1,1,2
SF,IF2009,2020-06-05 09:33:42.100,3847.4000,27215,0,279363780.000,0,-,-,-,-,3846.8000,3846.6000,3846.4000,3845.4000,3844.6000,3847.8000,3849.8000,3850.0000,3851.4000,3851.6000,1,2,1,2,1,1,1,1,2,1
SF,IF2009,2020-06-05 09:33:42.600,3847.4000,27215,0,279363780.000,0,-,-,-,-,3847.0000,3846.6000,3846.4000,3845.4000,3844.6000,3847.8000,3849.8000,3850.0000,3851.4000,3851.6000,2,1,1,2,1,1,1,1,2,1
SF,IF2009,2020-06-05 09:33:43.100,3847.4000,27215,0,279363780.000,0,-,-,-,-,3847.0000,3846.4000,3845.4000,3844.6000,3844.2000,3847.8000,3849.8000,3850.0000,3851.4000,3851.6000,1,1,2,1,3,1,1,1,2,1
SF,IF2009,2020-06-05 09:33:44.100,3847.0000,27214,-1,280517880.000,1,0,1,双平,S,3846.4000,3845.4000,3844.6000,3844.2000,3844.0000,3847.8000,3849.8000,3850.0000,3851.4000,3851.6000,1,2,1,3,2,1,1,1,2,1
SF,IF2009,2020-06-05 09:33:44.600,3846.6000,27214,0,281671860.000,1,0,1,多换,S,3846.4000,3845.4000,3844.6000,3844.2000,3844.0000,3847.8000,3849.8000,3850.0000,3851.4000,3851.6000,1,2,1,3,2,1,1,1,2,1
SF,IF2009,2020-06-05 09:33:45.100,3846.6000,27214,0,281671860.000,0,-,-,-,-,3846.4000,3845.4000,3844.6000,3844.2000,3844.0000,3847.6000,3847.8000,3849.8000,3850.0000,3851.4000,1,2,1,3,2,1,1,1,1,2
SF,IF2009,2020-06-05 09:33:45.600,3846.6000,27214,0,281671860.000,0,-,-,-,-,3846.4000,3845.4000,3844.6000,3844.2000,3844.0000,3847.6000,3847.8000,3849.8000,3850.0000,3851.4000,1,2,1,3,2,3,1,1,1,2
SF,IF2009,2020-06-05 09:33:46.100,3846.6000,27214,0,281671860.000,0,-,-,-,-,3845.4000,3844.6000,3844.2000,3844.0000,3843.6000,3847.4000,3847.6000,3847.8000,3849.8000,3850.0000,2,1,3,2,1,3,1,1,1,1
SF,IF2009,2020-06-05 09:33:46.600,3846.6000,27214,0,281671860.000,0,-,-,-,-,3845.6000,3845.4000,3844.6000,3844.2000,3844.0000,3847.2000,3847.4000,3847.8000,3849.8000,3850.0000,3,1,1,2,2,3,2,1,1,1
SF,IF2009,2020-06-05 09:33:47.100,3846.6000,27214,0,281671860.000,0,-,-,-,-,3845.6000,3845.4000,3844.6000,3844.2000,3844.0000,3847.0000,3847.2000,3847.4000,3847.8000,3849.8000,1,1,1,2,2,3,2,1,1,1
SF,IF2009,2020-06-05 09:33:47.600,3846.6000,27214,0,281671860.000,0,-,-,-,-,3844.6000,3844.2000,3844.0000,3843.6000,3843.4000,3846.4000,3846.8000,3847.0000,3847.2000,3847.8000,1,2,2,1,1,1,5,1,1,1
SF,IF2009,2020-06-05 09:33:48.100,3846.6000,27214,0,281671860.000,0,-,-,-,-,3844.8000,3844.6000,3844.2000,3844.0000,3843.6000,3846.2000,3846.8000,3847.2000,3847.8000,3849.8000,2,1,2,2,1,1,3,1,1,1
SF,IF2009,2020-06-05 09:33:48.600,3846.2000,27214,0,282825720.000,1,0,1,多换,S,3845.0000,3844.8000,3844.6000,3844.2000,3844.0000,3846.8000,3847.8000,3849.8000,3850.0000,3851.4000,5,4,2,2,2,1,1,1,1,2
SF,IF2009,2020-06-05 09:33:49.100,3846.2000,27214,0,282825720.000,0,-,-,-,-,3845.2000,3844.8000,3844.6000,3844.2000,3844.0000,3846.6000,3846.8000,3847.8000,3849.8000,3850.0000,2,2,2,2,2,2,1,1,1,1
SF,IF2009,2020-06-05 09:33:49.600,3846.2000,27214,0,282825720.000,0,-,-,-,-,3845.4000,3845.2000,3844.8000,3844.6000,3844.0000,3847.8000,3849.8000,3850.0000,3851.4000,3851.6000,1,9,2,2,2,1,1,1,1,1
SF,IF2009,2020-06-05 09:33:50.100,3846.2000,27214,0,282825720.000,0,-,-,-,-,3845.6000,3845.4000,3845.2000,3844.8000,3844.6000,3847.6000,3847.8000,3849.8000,3850.0000,3851.4000,2,1,5,2,2,3,1,1,1,1
SF,IF2009,2020-06-05 09:33:50.600,3846.2000,27214,0,282825720.000,0,-,-,-,-,3845.8000,3845.6000,3845.4000,3845.2000,3844.8000,3847.4000,3847.6000,3847.8000,3849.8000,3850.0000,1,7,1,5,2,1,3,1,1,1
SF,IF2009,2020-06-05 09:33:51.100,3846.2000,27214,0,282825720.000,0,-,-,-,-,3846.0000,3845.6000,3845.2000,3844.8000,3844.6000,3847.2000,3847.4000,3847.6000,3847.8000,3849.8000,1,2,5,1,2,2,1,2,1,1
SF,IF2009,2020-06-05 09:33:51.600,3846.2000,27214,0,282825720.000,0,-,-,-,-,3846.0000,3845.6000,3845.2000,3844.8000,3844.6000,3847.2000,3847.6000,3847.8000,3849.8000,3850.0000,1,2,5,1,2,2,2,1,1,1
SF,IF2009,2020-06-05 09:33:52.100,3846.2000,27214,0,282825720.000,0,-,-,-,-,3846.0000,3845.6000,3845.2000,3844.8000,3844.6000,3847.2000,3847.6000,3847.8000,3849.8000,3850.0000,1,2,5,1,2,2,1,1,1,1
SF,IF2009,2020-06-05 09:33:54.100,3846.2000,27214,0,282825720.000,0,-,-,-,-,3846.0000,3845.6000,3845.2000,3844.8000,3844.6000,3847.2000,3847.6000,3847.8000,3849.8000,3850.0000,1,2,5,1,2,1,1,1,1,1
SF,IF2009,2020-06-05 09:33:54.600,3846.2000,27214,0,282825720.000,0,-,-,-,-,3846.2000,3846.0000,3845.6000,3845.2000,3844.8000,3847.0000,3847.2000,3847.6000,3847.8000,3849.8000,1,1,2,5,1,1,1,1,1,1
SF,IF2009,2020-06-05 09:33:55.100,3846.2000,27214,0,282825720.000,0,-,-,-,-,3846.2000,3846.0000,3845.6000,3845.2000,3844.8000,3847.2000,3847.6000,3847.8000,3849.8000,3850.0000,1,1,1,4,1,1,1,1,1,1
SF,IF2009,2020-06-05 09:33:55.600,3846.2000,27214,0,282825720.000,0,-,-,-,-,3846.2000,3846.0000,3845.6000,3845.2000,3844.8000,3847.2000,3847.6000,3847.8000,3849.8000,3850.0000,1,1,1,4,1,3,1,1,1,1
SF,IF2009,2020-06-05 09:33:56.100,3846.2000,27214,0,282825720.000,0,-,-,-,-,3846.2000,3846.0000,3845.6000,3845.2000,3844.8000,3847.0000,3847.2000,3847.6000,3847.8000,3849.8000,1,1,1,4,1,2,1,1,1,1
SF,IF2009,2020-06-05 09:33:56.600,3846.2000,27214,0,283979580.000,1,0,1,多换,S,3845.6000,3845.2000,3844.8000,3844.6000,3844.0000,3846.2000,3847.0000,3847.2000,3847.6000,3847.8000,1,4,1,2,2,1,4,1,1,1
SF,IF2009,2020-06-05 09:33:57.100,3845.6000,27213,-1,285133260.000,1,0,1,双平,S,3844.8000,3844.6000,3844.0000,3843.6000,3843.4000,3846.2000,3846.4000,3847.0000,3847.2000,3847.8000,1,2,2,1,1,4,1,1,1,1
SF,IF2009,2020-06-05 09:33:57.600,3845.6000,27213,0,285133260.000,0,-,-,-,-,3844.8000,3844.6000,3844.0000,3843.6000,3843.4000,3846.0000,3846.2000,3847.8000,3848.0000,3849.8000,1,2,2,1,1,3,1,1,1,1
SF,IF2009,2020-06-05 09:33:58.100,3845.6000,27213,0,285133260.000,0,-,-,-,-,3844.8000,3844.6000,3844.0000,3843.6000,3843.4000,3846.0000,3846.2000,3847.8000,3848.0000,3849.8000,1,2,2,1,1,4,1,1,1,1
SF,IF2009,2020-06-05 09:33:58.600,3845.6000,27213,0,285133260.000,0,-,-,-,-,3845.0000,3844.8000,3844.6000,3844.0000,3843.6000,3846.0000,3846.2000,3847.4000,3847.8000,3848.0000,2,1,2,2,1,2,1,2,1,1
SF,IF2009,2020-06-05 09:33:59.100,3845.6000,27213,0,285133260.000,0,-,-,-,-,3845.2000,3845.0000,3844.8000,3844.6000,3844.0000,3846.0000,3846.2000,3847.4000,3847.8000,3848.0000,1,3,1,2,2,2,1,2,1,1
SF,IF2009,2020-06-05 09:33:59.600,3845.6000,27213,0,285133260.000,0,-,-,-,-,3845.2000,3845.0000,3844.8000,3844.6000,3844.0000,3846.0000,3846.2000,3847.4000,3847.8000,3848.0000,1,2,1,2,2,1,1,2,1,1
SF,IF2009,2020-06-05 09:34:00.100,3845.8000,27212,-1,286287000.000,1,0,1,双平,S,3845.2000,3845.0000,3844.8000,3844.6000,3844.0000,3846.0000,3846.2000,3847.4000,3847.8000,3848.0000,1,2,1,2,2,1,1,2,1,1
SF,IF2009,2020-06-05 09:34:00.600,3846.0000,27211,-1,287440800.000,1,0,1,双平,S,3845.2000,3845.0000,3844.8000,3844.6000,3844.0000,3846.2000,3847.4000,3847.8000,3848.0000,3850.0000,1,2,1,2,2,1,2,1,1,1
SF,IF2009,2020-06-05 09:34:01.100,3846.0000,27211,0,287440800.000,0,-,-,-,-,3845.4000,3845.2000,3845.0000,3844.8000,3844.6000,3846.2000,3847.4000,3847.8000,3848.0000,3850.0000,1,1,1,1,2,2,2,1,1,1
SF,IF2009,2020-06-05 09:34:01.600,3846.0000,27211,0,287440800.000,0,-,-,-,-,3845.4000,3845.2000,3845.0000,3844.8000,3844.6000,3846.2000,3847.4000,3847.8000,3848.0000,3850.0000,2,1,1,1,2,1,2,1,1,1
SF,IF2009,2020-06-05 09:34:02.100,3845.4000,27211,0,289748040.000,2,1,1,多换,S,3845.2000,3845.0000,3844.6000,3844.0000,3843.8000,3846.0000,3846.2000,3847.4000,3847.8000,3848.0000,1,1,1,2,1,1,3,2,1,1
SF,IF2009,2020-06-05 09:34:02.600,3845.4000,27211,0,289748040.000,0,-,-,-,-,3845.2000,3845.0000,3844.6000,3844.0000,3843.8000,3846.2000,3847.4000,3847.8000,3848.0000,3850.0000,1,1,1,2,1,1,2,1,1,1
SF,IF2009,2020-06-05 09:34:03.100,3845.4000,27211,0,289748040.000,0,-,-,-,-,3845.2000,3845.0000,3844.6000,3844.0000,3843.8000,3846.0000,3846.2000,3847.4000,3847.8000,3848.0000,1,1,1,2,1,2,1,2,1,1
SF,IF2009,2020-06-05 09:34:03.600,3845.4000,27211,0,289748040.000,0,-,-,-,-,3845.2000,3845.0000,3844.6000,3844.0000,3843.8000,3845.8000,3846.0000,3846.2000,3847.4000,3847.8000,1,1,1,2,1,2,2,1,2,1
SF,IF2009,2020-06-05 09:34:04.600,3845.4000,27211,0,289748040.000,0,-,-,-,-,3845.4000,3845.2000,3845.0000,3844.6000,3844.0000,3845.8000,3846.0000,3847.4000,3847.8000,3848.0000,1,1,1,1,2,3,2,2,1,1
SF,IF2009,2020-06-05 09:34:05.100,3845.4000,27210,-1,290901660.000,1,0,1,双平,S,3845.2000,3844.6000,3844.0000,3843.8000,3843.6000,3845.6000,3845.8000,3847.4000,3847.8000,3848.0000,1,1,2,1,1,1,2,2,1,1
SF,IF2009,2020-06-05 09:34:05.600,3845.4000,27210,0,290901660.000,0,-,-,-,-,3845.2000,3844.6000,3844.0000,3843.8000,3843.6000,3845.8000,3847.4000,3847.8000,3848.0000,3850.0000,1,1,2,1,1,1,2,1,1,1
SF,IF2009,2020-06-05 09:34:06.100,3845.4000,27210,0,290901660.000,0,-,-,-,-,3845.2000,3844.6000,3844.0000,3843.8000,3843.6000,3847.4000,3847.8000,3848.0000,3850.0000,3851.4000,1,1,2,1,1,2,1,1,1,1
SF,IF2009,2020-06-05 09:34:06.600,3845.2000,27210,0,292055220.000,1,0,1,多换,S,3845.4000,3844.6000,3844.0000,3843.8000,3843.6000,3845.6000,3846.4000,3847.0000,3847.2000,3847.4000,1,1,2,1,1,1,5,3,6,2
SF,IF2009,2020-06-05 09:34:07.100,3845.2000,27209,-1,293208780.000,1,0,1,双平,S,3844.6000,3844.0000,3843.8000,3843.6000,3843.0000,3845.4000,3845.6000,3846.2000,3846.4000,3846.8000,1,1,1,1,2,4,2,5,5,1
SF,IF2009,2020-06-05 09:34:07.600,3845.2000,27209,0,293208780.000,0,-,-,-,-,3844.6000,3844.0000,3843.8000,3843.6000,3843.0000,3845.2000,3845.4000,3846.2000,3846.4000,3846.8000,1,1,1,1,2,2,3,5,5,1
SF,IF2009,2020-06-05 09:34:08.100,3845.2000,27209,0,294362340.000,1,0,1,多换,S,3844.6000,3844.0000,3843.8000,3843.0000,3842.8000,3845.2000,3845.4000,3846.2000,3846.8000,3847.0000,1,1,1,2,2,2,3,5,1,2
SF,IF2009,2020-06-05 09:34:08.600,3844.6000,27208,-1,295515720.000,1,0,1,双平,S,3844.0000,3843.0000,3842.8000,3842.4000,3841.8000,3845.2000,3845.4000,3846.2000,3846.8000,3847.0000,1,2,2,1,1,3,3,5,1,2
SF,IF2009,2020-06-05 09:34:09.100,3844.0000,27208,0,296668920.000,1,0,1,多换,S,3843.0000,3842.8000,3842.4000,3841.8000,3841.6000,3845.0000,3845.2000,3845.4000,3846.2000,3846.8000,2,2,1,1,3,2,1,3,5,1
SF,IF2009,2020-06-05 09:34:09.600,3844.0000,27208,0,296668920.000,0,-,-,-,-,3843.2000,3843.0000,3842.8000,3841.8000,3841.6000,3844.8000,3845.0000,3845.4000,3846.8000,3847.0000,2,2,1,1,3,2,4,3,1,2
SF,IF2009,2020-06-05 09:34:10.100,3844.0000,27208,0,296668920.000,0,-,-,-,-,3843.0000,3841.8000,3841.6000,3840.8000,3840.6000,3844.6000,3844.8000,3845.0000,3845.4000,3846.8000,2,1,3,1,2,3,2,1,3,1
SF,IF2009,2020-06-05 09:34:10.600,3844.0000,27208,0,296668920.000,0,-,-,-,-,3843.2000,3843.0000,3841.8000,3841.6000,3840.8000,3844.4000,3844.6000,3844.8000,3845.0000,3845.4000,1,2,1,3,1,1,3,1,1,3
SF,IF2009,2020-06-05 09:34:11.100,3844.0000,27208,0,296668920.000,0,-,-,-,-,3843.4000,3843.2000,3843.0000,3841.8000,3841.6000,3844.8000,3845.4000,3846.8000,3847.0000,3847.2000,7,5,3,1,3,1,3,1,2,7
SF,IF2009,2020-06-05 09:34:11.600,3844.0000,27208,0,296668920.000,0,-,-,-,-,3843.2000,3843.0000,3841.8000,3841.6000,3840.8000,3844.6000,3844.8000,3845.4000,3846.8000,3847.0000,3,2,1,3,1,2,3,3,1,2
SF,IF2009,2020-06-05 09:34:12.100,3844.0000,27208,0,296668920.000,0,-,-,-,-,3843.2000,3843.0000,3841.8000,3841.6000,3840.8000,3844.6000,3844.8000,3845.4000,3846.8000,3847.0000,2,2,1,3,1,2,1,3,1,2
SF,IF2009,2020-06-05 09:34:12.600,3844.0000,27208,0,296668920.000,0,-,-,-,-,3843.4000,3843.2000,3843.0000,3841.8000,3841.6000,3844.8000,3845.4000,3846.8000,3847.0000,3847.2000,1,2,2,1,3,1,3,1,2,7
SF,IF2009,2020-06-05 09:34:13.100,3844.0000,27208,0,296668920.000,0,-,-,-,-,3843.6000,3843.2000,3843.0000,3841.8000,3841.6000,3844.6000,3844.8000,3845.4000,3846.8000,3847.0000,1,1,2,1,3,3,2,3,1,2
SF,IF2009,2020-06-05 09:34:13.600,3844.0000,27208,0,296668920.000,0,-,-,-,-,3843.2000,3843.0000,3841.8000,3841.6000,3840.8000,3844.4000,3844.6000,3844.8000,3845.4000,3846.8000,1,2,1,3,1,4,2,1,3,1
SF,IF2009,2020-06-05 09:34:14.100,3844.0000,27208,0,296668920.000,0,-,-,-,-,3843.2000,3843.0000,3841.8000,3841.6000,3840.8000,3844.2000,3844.4000,3844.8000,3845.4000,3846.8000,1,2,1,3,1,2,3,1,3,1
SF,IF2009,2020-06-05 09:34:14.600,3844.0000,27208,0,296668920.000,0,-,-,-,-,3843.2000,3843.0000,3841.8000,3841.6000,3840.8000,3844.0000,3844.2000,3844.4000,3844.8000,3845.4000,1,2,1,3,1,1,1,3,1,3
SF,IF2009,2020-06-05 09:34:15.100,3844.0000,27208,0,296668920.000,0,-,-,-,-,3843.2000,3843.0000,3841.8000,3841.6000,3840.8000,3844.0000,3844.2000,3844.4000,3844.8000,3845.4000,1,2,1,3,1,1,1,1,1,3
SF,IF2009,2020-06-05 09:34:15.600,3844.0000,27208,0,296668920.000,0,-,-,-,-,3843.0000,3841.8000,3841.6000,3840.8000,3840.6000,3844.0000,3844.2000,3844.8000,3845.4000,3846.8000,2,1,3,1,2,1,1,1,3,1
SF,IF2009,2020-06-05 09:34:16.100,3844.0000,27208,0,296668920.000,0,-,-,-,-,3843.0000,3841.8000,3841.6000,3840.8000,3840.6000,3844.2000,3844.8000,3845.4000,3846.8000,3847.0000,2,1,3,1,2,1,1,3,1,2
SF,IF2009,2020-06-05 09:34:16.600,3844.0000,27208,0,296668920.000,0,-,-,-,-,3843.0000,3841.8000,3841.6000,3840.8000,3840.6000,3843.8000,3844.0000,3844.2000,3844.8000,3845.4000,2,1,2,1,2,2,1,2,1,3
SF,IF2009,2020-06-05 09:34:17.100,3844.0000,27208,0,296668920.000,0,-,-,-,-,3843.0000,3841.8000,3841.6000,3840.8000,3840.6000,3843.6000,3843.8000,3845.4000,3846.8000,3847.0000,2,1,2,1,2,2,2,2,1,2
SF,IF2009,2020-06-05 09:34:17.600,3844.0000,27208,0,296668920.000,0,-,-,-,-,3843.0000,3841.8000,3841.6000,3840.8000,3840.6000,3843.4000,3843.6000,3845.4000,3846.8000,3847.0000,2,1,2,1,2,1,2,2,1,2
SF,IF2009,2020-06-05 09:34:18.100,3844.0000,27208,0,296668920.000,0,-,-,-,-,3843.0000,3841.8000,3841.6000,3840.8000,3840.6000,3843.6000,3846.8000,3847.0000,3847.2000,3847.4000,2,1,2,1,2,1,1,2,7,3
SF,IF2009,2020-06-05 09:34:18.600,3844.0000,27208,0,296668920.000,0,-,-,-,-,3843.2000,3843.0000,3841.8000,3841.6000,3840.8000,3846.8000,3847.0000,3847.2000,3847.4000,3847.8000,1,2,1,2,1,1,2,7,3,1
SF,IF2009,2020-06-05 09:34:19.100,3844.0000,27208,0,296668920.000,0,-,-,-,-,3843.0000,3841.8000,3841.6000,3840.8000,3840.6000,3843.8000,3844.8000,3845.4000,3845.6000,3846.2000,2,1,2,1,2,1,6,1,1,1
SF,IF2009,2020-06-05 09:34:19.600,3844.0000,27208,0,296668920.000,0,-,-,-,-,3843.0000,3841.8000,3841.6000,3840.8000,3840.6000,3844.6000,3844.8000,3845.2000,3845.4000,3845.6000,2,1,2,1,2,5,5,1,3,1
SF,IF2009,2020-06-05 09:34:20.100,3844.0000,27208,0,296668920.000,0,-,-,-,-,3843.0000,3841.8000,3841.6000,3840.8000,3840.6000,3844.4000,3844.6000,3844.8000,3845.2000,3845.4000,2,1,2,1,2,5,5,5,1,3
SF,IF2009,2020-06-05 09:34:20.600,3844.0000,27208,0,296668920.000,0,-,-,-,-,3843.0000,3841.8000,3841.6000,3840.8000,3840.6000,3843.6000,3844.2000,3844.4000,3844.6000,3844.8000,2,1,2,1,2,1,6,4,5,5
SF,IF2009,2020-06-05 09:34:21.100,3844.0000,27208,0,296668920.000,0,-,-,-,-,3843.0000,3841.8000,3841.6000,3840.8000,3840.6000,3843.4000,3843.6000,3844.2000,3844.4000,3844.6000,2,1,1,1,2,1,1,8,2,5
SF,IF2009,2020-06-05 09:34:21.600,3844.0000,27208,0,296668920.000,0,-,-,-,-,3843.0000,3841.8000,3841.6000,3840.8000,3840.6000,3844.2000,3844.4000,3845.2000,3845.4000,3845.6000,2,1,1,1,2,3,1,1,3,1
SF,IF2009,2020-06-05 09:34:22.100,3844.0000,27208,0,296668920.000,0,-,-,-,-,3843.0000,3841.8000,3841.6000,3840.8000,3840.6000,3844.0000,3844.2000,3845.2000,3845.4000,3845.6000,2,1,1,1,2,4,2,1,3,1
SF,IF2009,2020-06-05 09:34:22.600,3844.0000,27208,0,296668920.000,0,-,-,-,-,3843.0000,3841.8000,3841.6000,3840.8000,3840.6000,3843.2000,3843.8000,3844.0000,3844.2000,3845.2000,2,1,1,1,2,1,6,5,2,1
SF,IF2009,2020-06-05 09:34:23.100,3844.0000,27208,0,296668920.000,0,-,-,-,-,3843.2000,3843.0000,3842.8000,3841.8000,3841.6000,3843.8000,3844.0000,3844.2000,3845.2000,3845.4000,1,2,1,1,1,1,3,1,1,3
SF,IF2009,2020-06-05 09:34:23.600,3844.0000,27208,0,296668920.000,0,-,-,-,-,3843.0000,3842.8000,3841.8000,3841.6000,3840.8000,3843.6000,3843.8000,3844.0000,3844.2000,3845.2000,2,1,1,1,1,2,1,2,1,1
SF,IF2009,2020-06-05 09:34:24.100,3843.0000,27207,-1,297821820.000,1,0,1,双平,S,3843.0000,3842.8000,3841.8000,3841.6000,3840.8000,3843.4000,3843.6000,3844.0000,3844.2000,3845.2000,1,1,1,1,1,2,1,2,1,1
SF,IF2009,2020-06-05 09:34:24.600,3843.0000,27207,0,298974720.000,1,0,1,多换,S,3842.8000,3841.8000,3841.6000,3840.8000,3840.6000,3843.4000,3843.6000,3844.0000,3844.2000,3845.2000,1,1,1,1,2,1,1,2,1,1
SF,IF2009,2020-06-05 09:34:25.100,3843.0000,27207,0,298974720.000,0,-,-,-,-,3842.8000,3841.8000,3841.6000,3840.8000,3840.6000,3843.2000,3843.6000,3844.0000,3844.2000,3845.2000,1,1,1,1,2,1,1,2,1,1
SF,IF2009,2020-06-05 09:34:25.600,3843.0000,27207,0,298974720.000,0,-,-,-,-,3842.8000,3841.8000,3841.6000,3840.8000,3840.6000,3843.0000,3843.6000,3844.0000,3844.2000,3845.2000,1,1,1,1,2,1,1,2,1,1
SF,IF2009,2020-06-05 09:34:26.100,3842.8000,27207,0,300127560.000,1,0,1,多换,S,3841.8000,3841.6000,3840.8000,3840.6000,3840.0000,3843.6000,3844.0000,3844.2000,3845.2000,3845.4000,1,1,1,2,6,1,1,1,1,3
SF,IF2009,2020-06-05 09:34:26.600,3842.8000,27207,0,300127560.000,0,-,-,-,-,3842.0000,3841.6000,3840.8000,3840.6000,3840.0000,3843.6000,3844.0000,3844.2000,3845.2000,3845.4000,3,1,1,2,6,2,1,1,1,3
SF,IF2009,2020-06-05 09:34:27.100,3842.8000,27207,0,300127560.000,0,-,-,-,-,3842.0000,3841.6000,3840.8000,3840.6000,3840.0000,3843.4000,3843.6000,3844.0000,3844.2000,3845.2000,3,1,1,2,1,1,2,1,1,1
SF,IF2009,2020-06-05 09:34:27.600,3842.8000,27207,0,300127560.000,0,-,-,-,-,3842.0000,3841.6000,3840.8000,3840.6000,3840.0000,3843.2000,3843.4000,3844.0000,3844.2000,3845.2000,3,1,1,2,1,1,1,1,1,1
SF,IF2009,2020-06-05 09:34:28.100,3842.8000,27207,0,300127560.000,0,-,-,-,-,3842.0000,3841.6000,3840.8000,3840.6000,3840.0000,3843.2000,3843.4000,3844.0000,3844.2000,3845.2000,3,1,1,2,1,1,1,1,2,1
SF,IF2009,2020-06-05 09:34:28.600,3842.8000,27207,0,300127560.000,0,-,-,-,-,3843.4000,3842.2000,3842.0000,3841.6000,3840.8000,3844.0000,3844.2000,3845.2000,3845.4000,3845.6000,10,1,3,1,1,1,2,1,3,1
SF,IF2009,2020-06-05 09:34:29.100,3842.8000,27207,0,300127560.000,0,-,-,-,-,3843.4000,3842.2000,3842.0000,3841.6000,3840.8000,3843.8000,3844.0000,3844.2000,3845.2000,3845.4000,10,8,2,1,1,2,1,2,1,3
SF,IF2009,2020-06-05 09:34:29.600,3842.8000,27207,0,301280400.000,1,0,1,多换,S,3843.4000,3842.2000,3842.0000,3841.6000,3840.8000,3844.2000,3845.2000,3845.4000,3845.8000,3846.0000,10,3,2,1,1,1,1,1,1,1
SF,IF2009,2020-06-05 09:34:30.100,3843.6000,27205,-2,303586320.000,2,0,2,双平,S,3843.4000,3842.2000,3842.0000,3841.6000,3840.8000,3844.2000,3845.2000,3845.4000,3845.8000,3846.0000,9,2,1,1,1,2,1,1,1,1
SF,IF2009,2020-06-05 09:34:30.600,3843.6000,27205,0,303586320.000,0,-,-,-,-,3843.6000,3843.4000,3842.2000,3842.0000,3841.6000,3843.8000,3844.0000,3844.2000,3845.2000,3845.4000,1,9,2,1,1,1,1,1,1,1
SF,IF2009,2020-06-05 09:34:31.100,3844.2000,27201,-4,308199180.000,4,0,4,双平,S,3843.8000,3843.6000,3843.4000,3842.2000,3842.0000,3845.2000,3845.4000,3845.8000,3846.0000,3846.4000,5,1,9,2,1,1,1,1,1,2
SF,IF2009,2020-06-05 09:34:31.600,3844.0000,27200,-1,309352380.000,1,0,1,双平,S,3844.0000,3843.8000,3843.4000,3842.2000,3841.6000,3845.0000,3845.8000,3846.0000,3846.4000,3846.6000,4,4,9,2,1,1,1,1,2,4
