市场代码,合约代码,时间,最新,持仓,增仓,成交额,成交量,开仓,平仓,成交类型,方向,买一价,买二价,买三价,买四价,买五价,卖一价,卖二价,卖三价,卖四价,卖五价,买一量,买二量,买三量,买四量,买五量,卖一量,卖二量,卖三量,卖四量,卖五量
SF,IF2012,2020-08-18 09:29:00.000,4740.2000,34856,0,17064720.000,12.000,-,-,-,-,4740.0000,4735.0000,4733.6000,4733.0000,4732.2000,4742.0000,4742.6000,4743.6000,4744.8000,4746.2000,1,2,1,1,2,1,1,4,1,1
SF,IF2012,2020-08-18 09:30:00.500,4739.4000,34856,0,29858340.000,9,4,5,多换,S,4733.6000,4733.0000,4730.4000,4728.0000,4725.6000,4739.0000,4739.2000,4739.4000,4739.6000,4739.8000,1,1,1,1,2,1,1,6,1,1
SF,IF2012,2020-08-18 09:30:01.000,4739.4000,34856,0,29858340.000,0,-,-,-,-,4733.8000,4733.6000,4728.0000,4725.6000,4725.4000,4735.8000,4736.0000,4737.6000,4738.6000,4739.2000,1,1,1,1,1,1,1,1,3,1
SF,IF2012,2020-08-18 09:30:01.500,4733.8000,34853,-3,34120080.000,3,0,3,双平,S,4733.8000,4733.6000,4728.0000,4725.6000,4725.4000,4735.4000,4738.6000,4739.2000,4739.4000,4739.8000,1,1,1,1,1,4,1,1,1,1
SF,IF2012,2020-08-18 09:30:02.000,4735.4000,34851,-2,38381940.000,3,0,3,多平,S,4733.6000,4728.0000,4725.6000,4725.4000,4723.0000,4735.4000,4738.6000,4739.2000,4739.4000,4739.8000,1,1,1,1,3,1,1,1,1,1
SF,IF2012,2020-08-18 09:30:02.500,4735.4000,34851,0,39802560.000,1,0,1,多换,S,4733.8000,4733.6000,4728.0000,4725.6000,4725.4000,4738.6000,4739.2000,4739.4000,4739.8000,4741.2000,1,2,1,1,1,1,1,1,1,3
SF,IF2012,2020-08-18 09:30:03.000,4737.2000,34850,-1,41223720.000,1,0,1,双平,S,4735.4000,4734.2000,4734.0000,4733.8000,4733.6000,4737.2000,4738.2000,4738.4000,4738.6000,4739.2000,2,1,1,2,1,1,2,1,2,1
SF,IF2012,2020-08-18 09:30:03.500,4737.2000,34849,-1,42644880.000,1,0,1,双平,S,4735.6000,4735.4000,4734.0000,4733.8000,4733.6000,4738.2000,4738.4000,4738.6000,4739.2000,4741.2000,2,3,2,1,1,1,1,2,1,3
SF,IF2012,2020-08-18 09:30:04.000,4737.2000,34849,0,42644880.000,0,-,-,-,-,4735.8000,4735.6000,4735.4000,4734.0000,4733.8000,4738.6000,4739.2000,4741.2000,4741.8000,4743.0000,2,1,3,1,1,1,1,3,1,2
SF,IF2012,2020-08-18 09:30:04.500,4737.2000,34848,-1,44066040.000,1,0,1,双平,S,4736.0000,4735.8000,4735.4000,4734.0000,4733.8000,4738.4000,4738.6000,4739.2000,4741.2000,4741.8000,1,3,4,1,1,1,1,1,3,1
SF,IF2012,2020-08-18 09:30:05.000,4737.2000,34848,0,44066040.000,0,-,-,-,-,4737.2000,4736.2000,4736.0000,4735.8000,4735.4000,4738.6000,4739.2000,4741.2000,4741.8000,4743.0000,6,1,2,1,4,1,1,3,1,1
SF,IF2012,2020-08-18 09:30:05.500,4737.2000,34848,0,44066040.000,0,-,-,-,-,4737.4000,4737.2000,4736.2000,4735.8000,4735.4000,4739.2000,4741.2000,4741.8000,4743.0000,4744.8000,2,6,1,1,4,1,3,1,1,1
SF,IF2012,2020-08-18 09:30:06.000,4737.2000,34848,0,44066040.000,0,-,-,-,-,4737.4000,4737.2000,4736.2000,4735.8000,4735.4000,4739.0000,4739.2000,4741.2000,4741.8000,4743.0000,2,6,1,1,4,1,1,2,1,1
SF,IF2012,2020-08-18 09:30:06.500,4739.0000,34845,-3,48330180.000,3,0,3,双平,S,4737.4000,4737.2000,4736.2000,4735.8000,4735.4000,4739.2000,4741.8000,4743.0000,4744.8000,4748.0000,1,6,1,1,4,1,1,1,1,1
SF,IF2012,2020-08-18 09:30:07.000,4739.0000,34845,0,48330180.000,0,-,-,-,-,4737.4000,4737.2000,4736.2000,4735.8000,4735.4000,4739.2000,4741.8000,4743.0000,4744.8000,4748.0000,1,6,1,1,3,3,1,1,1,1
SF,IF2012,2020-08-18 09:30:07.500,4737.2000,34845,0,51172560.000,2,1,1,多换,S,4737.4000,4737.2000,4736.2000,4735.4000,4734.0000,4739.0000,4739.2000,4741.8000,4743.0000,4744.8000,1,5,1,3,1,1,2,1,1,1
SF,IF2012,2020-08-18 09:30:08.000,4739.0000,34845,0,52594260.000,1,0,1,多换,S,4739.0000,4737.4000,4737.2000,4735.4000,4734.0000,4739.2000,4741.8000,4743.0000,4744.8000,4748.0000,1,1,5,3,1,2,1,1,1,1
SF,IF2012,2020-08-18 09:30:08.500,4737.4000,34844,-1,55437180.000,2,0,2,多平,S,4737.2000,4735.4000,4734.0000,4733.8000,4733.6000,4738.6000,4739.0000,4739.2000,4741.8000,4743.0000,5,3,1,1,1,1,1,2,1,1
SF,IF2012,2020-08-18 09:30:09.000,4737.4000,34844,0,55437180.000,0,-,-,-,-,4737.4000,4737.2000,4735.4000,4735.0000,4734.0000,4738.6000,4739.2000,4741.8000,4743.0000,4744.8000,1,5,3,1,1,1,1,1,1,1
SF,IF2012,2020-08-18 09:30:09.500,4738.6000,34843,-1,56858760.000,1,0,1,双平,S,4740.0000,4739.2000,4737.4000,4737.2000,4735.4000,4741.8000,4743.0000,4744.8000,4748.0000,4749.8000,9,1,1,5,3,1,1,1,1,3
SF,IF2012,2020-08-18 09:30:10.000,4740.0000,34843,0,59702760.000,2,1,1,多换,S,4740.2000,4740.0000,4739.2000,4738.6000,4737.2000,4741.4000,4741.8000,4743.0000,4744.8000,4745.4000,1,7,1,1,5,2,2,1,1,1
SF,IF2012,2020-08-18 09:30:10.500,4740.0000,34843,0,59702760.000,0,-,-,-,-,4740.2000,4740.0000,4739.2000,4738.6000,4737.2000,4741.0000,4741.4000,4741.8000,4744.8000,4745.4000,1,7,1,1,5,1,1,2,1,1
SF,IF2012,2020-08-18 09:30:11.000,4741.0000,34841,-2,63969420.000,3,0,3,多平,S,4740.0000,4739.2000,4738.6000,4737.2000,4735.4000,4741.4000,4741.8000,4744.8000,4745.4000,4748.0000,7,1,1,5,3,1,2,1,1,1
SF,IF2012,2020-08-18 09:30:11.500,4740.0000,34841,0,65391420.000,1,0,1,多换,S,4740.0000,4739.2000,4738.6000,4737.2000,4735.4000,4741.8000,4744.8000,4745.4000,4748.0000,4749.8000,6,1,1,5,3,2,1,1,1,3
SF,IF2012,2020-08-18 09:30:12.000,4740.0000,34839,-2,68235420.000,2,0,2,双平,S,4740.2000,4740.0000,4739.2000,4738.6000,4737.2000,4741.0000,4741.6000,4741.8000,4744.8000,4745.4000,1,6,1,1,5,1,2,2,1,1
SF,IF2012,2020-08-18 09:30:12.500,4740.2000,34837,-2,71079540.000,2,0,2,双平,S,4740.2000,4740.0000,4739.4000,4738.6000,4737.2000,4741.8000,4744.8000,4745.4000,4746.8000,4748.0000,1,7,2,1,5,2,1,1,1,1
SF,IF2012,2020-08-18 09:30:13.000,4741.8000,34836,-1,72502080.000,1,0,1,双平,S,4740.2000,4740.0000,4739.4000,4738.6000,4737.2000,4741.8000,4744.8000,4745.4000,4746.8000,4748.0000,1,7,2,1,5,1,1,1,1,1
SF,IF2012,2020-08-18 09:30:13.500,4741.8000,34836,0,72502080.000,0,-,-,-,-,4740.2000,4740.0000,4739.4000,4738.6000,4737.2000,4741.8000,4744.8000,4745.4000,4746.8000,4748.0000,1,7,2,1,5,1,1,1,1,1
SF,IF2012,2020-08-18 09:30:14.000,4741.8000,34835,-1,73924620.000,1,0,1,双平,S,4741.0000,4740.2000,4740.0000,4739.4000,4738.6000,4744.8000,4745.4000,4746.8000,4748.0000,4749.8000,7,2,7,2,1,1,1,1,1,3
SF,IF2012,2020-08-18 09:30:14.500,4741.8000,34835,0,73924620.000,0,-,-,-,-,4741.2000,4741.0000,4740.2000,4740.0000,4739.4000,4744.4000,4744.6000,4744.8000,4746.8000,4748.0000,1,7,1,7,2,4,1,3,1,1
SF,IF2012,2020-08-18 09:30:15.000,4741.8000,34835,0,73924620.000,0,-,-,-,-,4741.8000,4741.4000,4741.2000,4741.0000,4740.0000,4743.8000,4744.4000,4744.6000,4744.8000,4746.8000,1,1,2,7,7,1,4,1,3,1
SF,IF2012,2020-08-18 09:30:15.500,4743.8000,34834,-1,75347760.000,1,0,1,双平,S,4742.0000,4741.8000,4741.4000,4741.0000,4740.0000,4743.8000,4744.4000,4744.6000,4744.8000,4746.8000,1,2,1,7,7,1,3,1,3,1
SF,IF2012,2020-08-18 09:30:16.000,4741.8000,34831,-3,79615440.000,3,0,3,双平,S,4741.4000,4741.0000,4740.0000,4739.4000,4738.6000,4743.8000,4744.4000,4744.6000,4744.8000,4746.8000,1,7,7,2,1,2,3,1,2,1
SF,IF2012,2020-08-18 09:30:16.500,4741.8000,34831,0,79615440.000,0,-,-,-,-,4741.0000,4740.0000,4739.4000,4738.6000,4738.4000,4743.6000,4743.8000,4744.4000,4744.6000,4744.8000,7,7,2,1,1,2,2,3,1,2
SF,IF2012,2020-08-18 09:30:17.000,4743.6000,34831,0,81038520.000,1,0,1,多换,S,4741.2000,4741.0000,4740.0000,4739.4000,4738.6000,4743.6000,4743.8000,4744.4000,4744.6000,4744.8000,1,7,7,2,1,1,1,1,1,2
SF,IF2012,2020-08-18 09:30:17.500,4743.6000,34831,0,81038520.000,0,-,-,-,-,4742.0000,4741.2000,4741.0000,4740.0000,4739.4000,4743.6000,4743.8000,4744.4000,4744.6000,4744.8000,1,4,7,7,2,1,1,1,1,2
SF,IF2012,2020-08-18 09:30:18.000,4743.6000,34831,0,82461600.000,1,0,1,多换,S,4741.6000,4741.4000,4741.2000,4741.0000,4740.0000,4743.8000,4744.4000,4744.6000,4744.8000,4746.8000,1,4,3,7,7,1,1,1,2,1
SF,IF2012,2020-08-18 09:30:18.500,4743.6000,34831,0,82461600.000,0,-,-,-,-,4743.6000,4741.8000,4741.4000,4741.0000,4740.0000,4743.8000,4744.4000,4744.6000,4744.8000,4746.8000,1,1,2,7,7,1,1,1,2,1
SF,IF2012,2020-08-18 09:30:19.000,4743.6000,34830,-1,83884680.000,1,0,1,双平,S,4741.8000,4741.0000,4740.0000,4739.4000,4738.6000,4742.0000,4743.2000,4743.6000,4743.8000,4744.4000,1,7,7,2,1,1,1,1,2,1
SF,IF2012,2020-08-18 09:30:19.500,4742.0000,34828,-2,86729880.000,2,0,2,双平,S,4741.0000,4740.0000,4739.4000,4738.6000,4738.4000,4743.2000,4743.8000,4744.4000,4744.6000,4744.8000,7,7,2,1,1,1,1,1,1,2
SF,IF2012,2020-08-18 09:30:20.000,4743.2000,34828,0,88152840.000,1,0,1,多换,S,4741.2000,4741.0000,4740.0000,4739.4000,4738.6000,4743.2000,4743.8000,4744.4000,4744.6000,4744.8000,2,9,7,2,1,1,1,1,1,2
SF,IF2012,2020-08-18 09:30:20.500,4743.2000,34828,0,88152840.000,0,-,-,-,-,4741.6000,4741.4000,4741.2000,4741.0000,4740.0000,4743.2000,4743.8000,4744.4000,4744.6000,4744.8000,1,2,1,9,7,1,1,1,1,2
SF,IF2012,2020-08-18 09:30:21.000,4743.2000,34825,-3,92421180.000,3,0,3,双平,S,4741.4000,4741.2000,4741.0000,4740.0000,4739.4000,4743.8000,4744.4000,4744.6000,4744.8000,4746.8000,4,2,7,7,2,1,1,1,2,1
SF,IF2012,2020-08-18 09:30:21.500,4742.6000,34823,-2,95266380.000,2,0,2,双平,S,4743.2000,4741.0000,4740.0000,4739.4000,4738.6000,4743.4000,4743.6000,4743.8000,4744.4000,4744.6000,1,7,7,2,1,1,5,2,1,1
SF,IF2012,2020-08-18 09:30:22.000,4742.6000,34823,0,96689160.000,1,0,1,多换,S,4741.0000,4740.0000,4739.4000,4738.6000,4738.4000,4741.2000,4742.4000,4743.0000,4743.2000,4743.4000,7,7,2,1,1,1,1,1,5,2
SF,IF2012,2020-08-18 09:30:22.500,4741.0000,34821,-2,108067680.000,8,3,5,多平,S,4741.0000,4740.0000,4738.6000,4738.4000,4738.0000,4742.4000,4743.0000,4743.2000,4743.4000,4743.6000,1,7,1,1,1,1,1,3,1,2
SF,IF2012,2020-08-18 09:30:23.000,4740.0000,34821,0,110911980.000,2,1,1,多换,S,4740.0000,4738.6000,4738.4000,4738.0000,4737.2000,4742.0000,4742.2000,4742.4000,4743.0000,4743.2000,6,1,1,1,5,3,1,2,1,1
SF,IF2012,2020-08-18 09:30:23.500,4740.0000,34821,0,112333980.000,1,0,1,多换,S,4741.0000,4740.0000,4738.6000,4738.4000,4738.0000,4741.4000,4741.8000,4742.0000,4742.4000,4743.2000,1,5,1,1,1,1,3,3,1,1
SF,IF2012,2020-08-18 09:30:24.000,4741.0000,34819,-2,116600580.000,3,0,3,多平,S,4740.0000,4738.6000,4738.4000,4738.0000,4737.2000,4741.0000,4741.4000,4741.8000,4742.0000,4742.4000,4,1,1,1,5,2,1,1,2,1
SF,IF2012,2020-08-18 09:30:24.500,4741.4000,34819,0,118023000.000,1,0,1,多换,S,4741.0000,4740.0000,4738.6000,4738.4000,4738.0000,4742.0000,4742.4000,4743.2000,4744.4000,4744.8000,1,4,1,1,1,2,1,1,1,1
SF,IF2012,2020-08-18 09:30:25.000,4741.4000,34819,0,118023000.000,0,-,-,-,-,4740.0000,4738.6000,4738.4000,4738.0000,4737.2000,4741.6000,4742.0000,4742.4000,4743.2000,4744.4000,4,1,1,1,5,1,2,1,1,1
SF,IF2012,2020-08-18 09:30:25.500,4741.4000,34819,0,118023000.000,0,-,-,-,-,4741.0000,4740.2000,4740.0000,4738.6000,4738.4000,4742.4000,4743.2000,4744.4000,4744.8000,4746.8000,1,1,4,1,1,1,1,1,1,1
SF,IF2012,2020-08-18 09:30:26.000,4742.4000,34817,-2,120868320.000,2,0,2,双平,S,4741.0000,4740.0000,4738.6000,4738.4000,4738.0000,4743.2000,4744.4000,4744.8000,4746.8000,4748.8000,2,4,1,1,1,1,1,1,1,1
SF,IF2012,2020-08-18 09:30:26.500,4741.2000,34816,-1,122290680.000,1,0,1,双平,S,4741.6000,4741.2000,4741.0000,4740.0000,4738.6000,4742.8000,4744.4000,4744.8000,4746.8000,4748.8000,2,1,2,4,1,2,1,1,1,1
SF,IF2012,2020-08-18 09:30:27.000,4741.8000,34814,-2,125136060.000,2,0,2,双平,S,4741.6000,4741.2000,4741.0000,4740.0000,4738.6000,4744.4000,4744.8000,4746.8000,4748.8000,4749.6000,2,1,1,5,1,1,1,1,1,5
SF,IF2012,2020-08-18 09:30:27.500,4742.6000,34813,-1,129404040.000,3,1,2,多平,S,4741.6000,4741.0000,4740.0000,4738.6000,4738.4000,4744.0000,4744.2000,4744.4000,4744.8000,4746.8000,2,1,5,1,1,1,2,2,1,1
SF,IF2012,2020-08-18 09:30:28.000,4741.0000,34812,-1,133671300.000,3,1,2,多平,S,4740.0000,4738.6000,4738.4000,4738.0000,4737.2000,4743.8000,4744.0000,4744.2000,4744.4000,4744.8000,5,1,1,1,5,1,2,1,1,1
SF,IF2012,2020-08-18 09:30:28.500,4741.0000,34812,0,133671300.000,0,-,-,-,-,4740.0000,4738.6000,4738.4000,4738.0000,4737.2000,4740.2000,4743.4000,4743.6000,4743.8000,4744.2000,5,1,1,1,5,1,1,4,2,1
SF,IF2012,2020-08-18 09:30:29.000,4740.2000,34811,-1,135093360.000,1,0,1,双平,S,4740.0000,4738.6000,4738.4000,4738.0000,4737.2000,4743.4000,4743.6000,4743.8000,4744.2000,4744.4000,6,1,1,1,5,1,4,2,1,1
SF,IF2012,2020-08-18 09:30:29.500,4740.0000,34811,0,136515360.000,1,0,1,多换,S,4740.0000,4738.6000,4738.4000,4738.0000,4737.2000,4743.2000,4743.4000,4743.6000,4744.2000,4744.4000,5,1,1,1,5,4,2,4,1,1
SF,IF2012,2020-08-18 09:30:30.000,4740.0000,34811,0,137937360.000,1,0,1,多换,S,4740.0000,4738.6000,4738.4000,4738.0000,4737.2000,4742.8000,4743.2000,4743.6000,4744.2000,4744.4000,6,1,1,1,5,1,4,4,1,1
SF,IF2012,2020-08-18 09:30:30.500,4740.0000,34811,0,137937360.000,0,-,-,-,-,4740.2000,4740.0000,4738.6000,4738.4000,4738.0000,4742.6000,4742.8000,4743.2000,4743.6000,4744.2000,1,6,1,1,1,1,1,3,4,1
SF,IF2012,2020-08-18 09:30:31.000,4740.0000,34811,0,137937360.000,0,-,-,-,-,4740.2000,4740.0000,4738.6000,4738.4000,4738.0000,4742.4000,4742.6000,4743.2000,4743.6000,4744.4000,1,4,1,1,1,1,1,3,4,1
SF,IF2012,2020-08-18 09:30:31.500,4740.0000,34810,-1,139359360.000,1,0,1,双平,S,4740.2000,4740.0000,4738.6000,4738.4000,4738.0000,4742.2000,4743.2000,4743.6000,4744.4000,4744.8000,2,4,1,1,1,1,3,1,1,1
SF,IF2012,2020-08-18 09:30:32.000,4740.0000,34810,0,139359360.000,0,-,-,-,-,4740.4000,4740.2000,4740.0000,4738.6000,4738.4000,4742.2000,4743.2000,4743.6000,4744.4000,4744.8000,2,2,4,1,1,1,3,1,1,1
SF,IF2012,2020-08-18 09:30:32.500,4740.0000,34810,0,139359360.000,0,-,-,-,-,4740.6000,4740.4000,4740.2000,4740.0000,4738.6000,4742.2000,4742.6000,4743.2000,4744.4000,4744.8000,1,2,1,4,1,1,1,3,1,1
SF,IF2012,2020-08-18 09:30:33.000,4740.0000,34810,0,139359360.000,0,-,-,-,-,4740.8000,4740.6000,4740.2000,4740.0000,4738.6000,4742.6000,4743.2000,4744.4000,4744.8000,4746.4000,1,1,1,6,1,1,3,1,1,1
SF,IF2012,2020-08-18 09:30:33.500,4740.0000,34810,0,139359360.000,0,-,-,-,-,4740.2000,4740.0000,4738.6000,4738.4000,4738.0000,4742.4000,4742.6000,4743.2000,4744.4000,4744.8000,1,6,1,1,1,1,1,3,1,1
SF,IF2012,2020-08-18 09:30:34.000,4740.0000,34810,0,139359360.000,0,-,-,-,-,4740.2000,4740.0000,4738.6000,4738.4000,4738.0000,4742.2000,4742.4000,4742.6000,4743.2000,4744.4000,1,8,1,1,1,2,2,1,3,1
SF,IF2012,2020-08-18 09:30:34.500,4740.0000,34809,-1,142203420.000,2,0,2,多平,S,4740.4000,4740.0000,4738.6000,4738.4000,4738.0000,4742.0000,4742.2000,4742.4000,4742.6000,4743.2000,2,5,1,1,1,2,2,1,1,3
SF,IF2012,2020-08-18 09:30:35.000,4740.4000,34809,0,145047600.000,2,1,1,多换,S,4740.0000,4738.6000,4738.4000,4738.0000,4737.2000,4740.4000,4741.6000,4742.0000,4742.2000,4742.4000,5,1,1,1,5,1,1,2,1,1
SF,IF2012,2020-08-18 09:30:35.500,4740.0000,34807,-2,155001600.000,7,2,5,多平,S,4738.6000,4738.4000,4738.0000,4737.2000,4736.0000,4740.4000,4741.6000,4742.0000,4742.2000,4742.4000,1,1,1,5,1,1,1,1,1,1
SF,IF2012,2020-08-18 09:30:36.000,4740.0000,34807,0,155001600.000,0,-,-,-,-,4738.6000,4738.4000,4738.0000,4737.2000,4736.0000,4739.8000,4740.0000,4740.4000,4741.6000,4742.0000,1,1,1,5,1,1,1,1,1,1
SF,IF2012,2020-08-18 09:30:36.500,4740.0000,34807,0,155001600.000,0,-,-,-,-,4738.6000,4738.4000,4738.0000,4737.2000,4736.0000,4739.8000,4740.0000,4740.4000,4741.6000,4742.2000,1,1,1,5,1,1,1,1,1,1
SF,IF2012,2020-08-18 09:30:37.000,4738.4000,34806,-1,157844700.000,2,0,2,多平,S,4738.0000,4737.2000,4736.0000,4733.8000,4733.6000,4739.6000,4739.8000,4740.0000,4740.4000,4741.6000,1,5,1,1,2,1,1,1,1,1
SF,IF2012,2020-08-18 09:30:37.500,4738.4000,34806,0,157844700.000,0,-,-,-,-,4738.0000,4737.2000,4736.0000,4733.8000,4733.6000,4738.6000,4739.4000,4740.0000,4740.4000,4741.6000,1,5,1,1,2,5,1,1,1,1
SF,IF2012,2020-08-18 09:30:38.000,4738.6000,34800,-6,166374180.000,6,0,6,双平,S,4738.0000,4737.2000,4736.0000,4733.8000,4733.6000,4738.6000,4740.0000,4740.4000,4741.6000,4742.2000,1,5,1,1,2,1,1,1,1,1
SF,IF2012,2020-08-18 09:30:38.500,4738.6000,34799,-1,167795760.000,1,0,1,双平,S,4738.8000,4738.6000,4738.2000,4738.0000,4737.2000,4740.0000,4740.4000,4741.6000,4742.2000,4742.6000,1,3,5,1,5,1,1,1,1,1
SF,IF2012,2020-08-18 09:30:39.000,4740.0000,34798,-1,169217760.000,1,0,1,双平,S,4740.0000,4739.0000,4738.8000,4738.6000,4738.2000,4740.4000,4741.6000,4742.2000,4742.6000,4743.8000,1,4,2,2,1,1,1,1,1,1
SF,IF2012,2020-08-18 09:30:39.500,4740.4000,34796,-2,172062000.000,2,0,2,双平,S,4740.0000,4739.0000,4738.8000,4738.6000,4738.2000,4741.6000,4742.6000,4743.8000,4744.4000,4744.8000,1,3,2,2,1,1,1,1,1,1
SF,IF2012,2020-08-18 09:30:40.000,4740.4000,34796,0,172062000.000,0,-,-,-,-,4740.0000,4739.0000,4738.8000,4738.6000,4738.2000,4741.4000,4741.6000,4742.6000,4743.8000,4744.4000,2,3,1,2,1,2,1,1,1,1
SF,IF2012,2020-08-18 09:30:40.500,4741.4000,34796,0,174906840.000,2,1,1,多换,S,4740.0000,4739.8000,4739.0000,4738.8000,4738.6000,4741.4000,4741.6000,4742.6000,4743.8000,4744.4000,1,2,3,1,1,1,1,1,1,1
SF,IF2012,2020-08-18 09:30:41.000,4740.0000,34795,-1,177750900.000,2,0,2,多平,S,4739.0000,4738.8000,4738.6000,4738.2000,4738.0000,4739.8000,4741.4000,4741.6000,4742.6000,4743.8000,3,1,1,1,1,1,1,1,1,1
SF,IF2012,2020-08-18 09:30:41.500,4739.8000,34794,-1,179172840.000,1,0,1,双平,S,4739.8000,4739.4000,4739.2000,4739.0000,4738.8000,4741.4000,4741.6000,4742.6000,4743.8000,4744.4000,1,1,2,3,1,1,1,1,1,1
SF,IF2012,2020-08-18 09:30:42.000,4739.8000,34794,0,179172840.000,0,-,-,-,-,4739.4000,4739.0000,4738.8000,4738.6000,4738.0000,4740.0000,4741.0000,4741.2000,4741.6000,4742.6000,1,3,1,2,1,1,1,1,1,1
SF,IF2012,2020-08-18 09:30:42.500,4740.0000,34793,-1,180594840.000,1,0,1,双平,S,4740.0000,4739.6000,4739.4000,4739.0000,4738.8000,4741.0000,4741.2000,4741.6000,4742.6000,4743.8000,1,1,1,3,1,1,1,1,1,1
SF,IF2012,2020-08-18 09:30:43.000,4741.2000,34791,-2,183439500.000,2,0,2,双平,S,4740.0000,4739.4000,4739.0000,4738.8000,4738.6000,4742.6000,4743.8000,4744.4000,4744.8000,4746.8000,1,1,3,1,2,1,1,1,1,1
SF,IF2012,2020-08-18 09:30:43.500,4741.2000,34791,0,183439500.000,0,-,-,-,-,4741.0000,4740.2000,4739.0000,4738.8000,4738.6000,4742.2000,4742.6000,4743.8000,4744.4000,4744.8000,1,2,3,1,2,1,1,1,1,1
SF,IF2012,2020-08-18 09:30:44.000,4740.2000,34790,-1,186283860.000,2,0,2,多平,S,4739.0000,4738.8000,4738.6000,4738.0000,4737.2000,4742.0000,4742.2000,4742.6000,4743.8000,4744.4000,3,1,2,1,5,1,2,1,1,1
SF,IF2012,2020-08-18 09:30:44.500,4740.2000,34790,0,186283860.000,0,-,-,-,-,4739.6000,4739.2000,4739.0000,4738.8000,4738.6000,4740.0000,4741.8000,4742.0000,4742.6000,4743.8000,1,1,3,1,2,1,1,1,1,1
SF,IF2012,2020-08-18 09:30:45.000,4740.0000,34789,-1,187705860.000,1,0,1,双平,S,4740.0000,4739.8000,4739.6000,4739.2000,4739.0000,4741.8000,4742.0000,4742.6000,4743.8000,4744.4000,1,5,2,1,1,1,1,1,1,1
SF,IF2012,2020-08-18 09:30:45.500,4740.0000,34789,0,187705860.000,0,-,-,-,-,4740.2000,4740.0000,4739.8000,4739.6000,4739.0000,4741.6000,4741.8000,4742.6000,4743.8000,4744.4000,2,2,3,2,1,1,1,1,1,1
SF,IF2012,2020-08-18 09:30:46.000,4740.0000,34789,0,187705860.000,0,-,-,-,-,4739.8000,4739.6000,4739.0000,4738.8000,4738.6000,4741.2000,4741.6000,4741.8000,4742.6000,4743.8000,2,1,1,1,2,1,1,1,1,1
SF,IF2012,2020-08-18 09:30:46.500,4741.0000,34789,0,189128160.000,1,0,1,多换,S,4739.8000,4739.6000,4739.0000,4738.8000,4738.6000,4741.8000,4742.6000,4743.8000,4744.4000,4744.8000,2,1,1,1,2,1,1,1,1,1
SF,IF2012,2020-08-18 09:30:47.000,4741.0000,34789,0,189128160.000,0,-,-,-,-,4739.8000,4739.6000,4739.0000,4738.8000,4738.6000,4741.0000,4741.4000,4741.6000,4741.8000,4742.6000,2,1,1,1,2,1,1,1,2,1
SF,IF2012,2020-08-18 09:30:47.500,4739.8000,34787,-2,191972040.000,2,0,2,双平,S,4739.6000,4739.0000,4738.8000,4738.6000,4738.0000,4739.8000,4740.6000,4740.8000,4741.0000,4741.8000,1,1,1,2,1,1,1,1,2,1
SF,IF2012,2020-08-18 09:30:48.000,4738.8000,34785,-2,196237440.000,3,0,3,多平,S,4738.6000,4738.0000,4737.2000,4736.0000,4733.8000,4739.6000,4739.8000,4740.6000,4740.8000,4741.0000,2,1,5,1,1,1,1,1,1,2
SF,IF2012,2020-08-18 09:30:48.500,4738.8000,34785,0,196237440.000,0,-,-,-,-,4738.6000,4738.0000,4737.2000,4736.0000,4733.8000,4739.4000,4739.6000,4739.8000,4740.6000,4740.8000,1,1,5,1,1,1,1,1,1,1
SF,IF2012,2020-08-18 09:30:49.000,4738.6000,34785,0,197659020.000,1,0,1,多换,S,4738.0000,4737.2000,4736.0000,4733.8000,4733.6000,4738.6000,4739.2000,4739.4000,4739.8000,4740.6000,1,5,1,1,2,1,1,2,1,1
SF,IF2012,2020-08-18 09:30:49.500,4739.4000,34785,0,213296820.000,11,5,6,多换,S,4737.2000,4736.0000,4733.8000,4733.6000,4730.8000,4739.8000,4740.6000,4741.0000,4741.8000,4742.6000,5,1,1,2,1,1,1,1,1,1
SF,IF2012,2020-08-18 09:30:50.000,4739.4000,34785,0,213296820.000,0,-,-,-,-,4737.4000,4737.2000,4736.0000,4733.8000,4733.6000,4739.4000,4739.6000,4739.8000,4741.0000,4742.6000,1,5,1,1,2,1,1,1,1,1
SF,IF2012,2020-08-18 09:30:50.500,4739.4000,34785,0,213296820.000,0,-,-,-,-,4737.2000,4736.0000,4733.8000,4733.6000,4730.8000,4739.2000,4739.4000,4739.8000,4741.0000,4742.6000,5,1,1,2,1,2,1,1,1,1
SF,IF2012,2020-08-18 09:30:51.000,4739.4000,34785,0,213296820.000,0,-,-,-,-,4737.4000,4737.2000,4736.0000,4733.8000,4733.6000,4738.8000,4739.0000,4739.2000,4739.8000,4741.0000,1,5,1,1,2,1,1,2,1,1
SF,IF2012,2020-08-18 09:30:51.500,4737.4000,34784,-1,214718040.000,1,0,1,双平,S,4737.6000,4737.2000,4736.0000,4733.8000,4733.6000,4738.8000,4739.0000,4739.2000,4739.8000,4742.6000,1,5,1,1,2,1,1,2,1,1
SF,IF2012,2020-08-18 09:30:52.000,4737.6000,34782,-2,217560600.000,2,0,2,双平,S,4737.8000,4737.2000,4736.0000,4733.8000,4733.6000,4738.8000,4739.2000,4739.8000,4742.6000,4743.8000,1,5,1,1,2,1,2,1,1,1
SF,IF2012,2020-08-18 09:30:52.500,4739.2000,34780,-2,220404000.000,2,0,2,双平,S,4737.8000,4737.2000,4736.0000,4733.8000,4733.6000,4739.8000,4742.6000,4743.8000,4744.8000,4746.8000,1,5,1,1,2,1,1,1,1,1
SF,IF2012,2020-08-18 09:30:53.000,4739.8000,34778,-2,223247820.000,2,0,2,双平,S,4738.0000,4737.8000,4737.2000,4736.0000,4734.0000,4742.6000,4743.8000,4744.8000,4746.8000,4749.6000,4,1,5,1,1,1,1,1,1,5
SF,IF2012,2020-08-18 09:30:53.500,4739.8000,34778,0,223247820.000,0,-,-,-,-,4738.4000,4738.2000,4738.0000,4737.2000,4736.0000,4741.2000,4742.2000,4742.4000,4742.6000,4743.8000,1,1,3,5,1,4,1,1,1,1
SF,IF2012,2020-08-18 09:30:54.000,4739.8000,34778,0,223247820.000,0,-,-,-,-,4738.6000,4738.4000,4738.0000,4737.2000,4736.0000,4741.2000,4742.2000,4742.6000,4743.8000,4744.8000,2,1,2,5,1,4,1,1,1,1
SF,IF2012,2020-08-18 09:30:54.500,4738.6000,34776,-2,226090980.000,2,0,2,双平,S,4738.0000,4737.2000,4736.0000,4734.0000,4733.8000,4741.0000,4741.2000,4742.2000,4742.6000,4743.8000,2,5,1,1,1,4,3,1,1,1
SF,IF2012,2020-08-18 09:30:55.000,4738.2000,34775,-1,227512440.000,1,0,1,双平,S,4738.0000,4737.2000,4736.0000,4734.0000,4733.8000,4740.8000,4741.0000,4742.2000,4742.6000,4743.8000,2,5,1,1,1,1,4,1,1,1
SF,IF2012,2020-08-18 09:30:55.500,4740.8000,34775,0,234623580.000,5,2,3,多换,S,4741.2000,4738.2000,4738.0000,4737.2000,4736.0000,4742.2000,4742.6000,4743.8000,4744.8000,4746.8000,5,2,2,5,1,1,1,1,1,1
SF,IF2012,2020-08-18 09:30:56.000,4741.2000,34775,0,241735380.000,5,2,3,多换,S,4738.2000,4737.2000,4736.0000,4734.0000,4733.8000,4739.2000,4740.6000,4741.2000,4741.8000,4742.0000,2,5,1,1,1,1,1,1,2,1
SF,IF2012,2020-08-18 09:30:56.500,4739.2000,34774,-1,243157140.000,1,0,1,双平,S,4738.4000,4738.2000,4737.2000,4736.0000,4734.0000,4740.6000,4741.2000,4741.8000,4742.0000,4742.2000,2,1,5,1,1,1,5,1,1,1
SF,IF2012,2020-08-18 09:30:57.000,4739.2000,34774,0,243157140.000,0,-,-,-,-,4738.6000,4738.4000,4737.2000,4736.0000,4734.0000,4740.4000,4740.6000,4741.2000,4741.8000,4742.0000,2,1,5,1,1,1,1,4,1,1
SF,IF2012,2020-08-18 09:30:57.500,4739.2000,34774,0,243157140.000,0,-,-,-,-,4738.8000,4738.6000,4738.4000,4737.2000,4736.0000,4740.4000,4740.6000,4741.2000,4741.8000,4742.0000,5,2,1,5,1,1,1,1,1,1
SF,IF2012,2020-08-18 09:30:58.000,4739.2000,34774,0,243157140.000,0,-,-,-,-,4739.0000,4738.8000,4738.6000,4737.6000,4737.2000,4740.4000,4740.6000,4741.2000,4741.8000,4742.0000,2,1,1,1,6,1,1,1,1,1
SF,IF2012,2020-08-18 09:30:58.500,4739.2000,34774,0,243157140.000,0,-,-,-,-,4739.2000,4738.6000,4737.6000,4737.2000,4736.0000,4740.2000,4740.4000,4740.6000,4741.2000,4741.8000,1,1,1,6,1,1,1,1,1,1
SF,IF2012,2020-08-18 09:30:59.000,4739.2000,34773,-1,244578900.000,1,0,1,双平,S,4738.6000,4737.6000,4737.2000,4736.0000,4734.0000,4740.2000,4740.4000,4740.6000,4741.2000,4741.8000,1,1,6,1,1,1,1,1,1,1
SF,IF2012,2020-08-18 09:30:59.500,4739.2000,34773,0,244578900.000,0,-,-,-,-,4738.8000,4738.6000,4737.6000,4737.2000,4736.0000,4740.0000,4740.2000,4740.4000,4740.6000,4741.2000,2,1,1,6,1,1,1,1,1,1
SF,IF2012,2020-08-18 09:31:00.000,4739.2000,34773,0,244578900.000,0,-,-,-,-,4739.0000,4738.8000,4737.6000,4737.2000,4736.0000,4739.8000,4740.0000,4740.2000,4740.4000,4740.6000,1,2,1,6,1,1,1,1,1,1
SF,IF2012,2020-08-18 09:31:00.500,4739.8000,34773,0,246000840.000,1,0,1,多换,S,4739.2000,4739.0000,4738.8000,4737.6000,4737.2000,4740.0000,4740.2000,4740.4000,4740.6000,4741.2000,1,1,1,1,6,1,1,1,1,1
SF,IF2012,2020-08-18 09:31:01.000,4739.2000,34773,0,247422600.000,1,0,1,多换,S,4737.6000,4737.2000,4736.0000,4733.8000,4733.6000,4739.8000,4740.0000,4740.4000,4740.6000,4741.2000,1,6,1,1,2,1,1,1,1,1
SF,IF2012,2020-08-18 09:31:01.500,4739.2000,34773,0,247422600.000,0,-,-,-,-,4738.0000,4737.8000,4737.6000,4737.2000,4736.0000,4739.8000,4740.0000,4741.2000,4741.8000,4742.0000,1,3,2,6,1,1,1,1,1,1
SF,IF2012,2020-08-18 09:31:02.000,4740.0000,34773,0,248844600.000,1,0,1,多换,S,4740.0000,4738.2000,4738.0000,4737.8000,4737.6000,4741.2000,4741.8000,4742.0000,4742.2000,4742.6000,9,3,2,2,1,1,1,1,1,1
SF,IF2012,2020-08-18 09:31:02.500,4740.0000,34773,0,261642600.000,9,4,5,多换,S,4738.2000,4737.8000,4737.6000,4737.2000,4736.0000,4738.8000,4739.4000,4741.0000,4741.2000,4741.8000,1,1,1,6,1,1,1,3,5,1
SF,IF2012,2020-08-18 09:31:03.000,4739.4000,34771,-2,264486060.000,2,0,2,双平,S,4738.2000,4737.6000,4737.2000,4736.0000,4733.8000,4741.0000,4741.2000,4741.8000,4742.0000,4742.2000,1,1,6,1,1,1,5,1,1,1
SF,IF2012,2020-08-18 09:31:03.500,4739.4000,34771,0,264486060.000,0,-,-,-,-,4738.4000,4738.2000,4737.6000,4737.2000,4736.0000,4741.0000,4741.2000,4741.8000,4742.0000,4742.2000,1,2,1,6,1,1,3,1,1,1
SF,IF2012,2020-08-18 09:31:04.000,4739.4000,34771,0,264486060.000,0,-,-,-,-,4738.6000,4738.4000,4738.2000,4737.6000,4737.2000,4741.0000,4741.2000,4741.8000,4742.0000,4742.2000,1,1,1,1,6,1,3,1,1,1
SF,IF2012,2020-08-18 09:31:04.500,4739.4000,34771,0,264486060.000,0,-,-,-,-,4738.8000,4738.6000,4737.8000,4737.6000,4737.2000,4741.0000,4741.2000,4741.8000,4742.0000,4742.2000,1,1,1,1,6,1,3,1,1,1
SF,IF2012,2020-08-18 09:31:05.000,4739.4000,34771,0,264486060.000,0,-,-,-,-,4739.0000,4738.8000,4737.6000,4737.2000,4736.0000,4741.0000,4741.2000,4741.8000,4742.0000,4742.2000,2,1,1,6,1,2,3,1,1,1
SF,IF2012,2020-08-18 09:31:05.500,4739.4000,34771,0,264486060.000,0,-,-,-,-,4739.2000,4739.0000,4737.6000,4737.2000,4736.0000,4740.8000,4741.0000,4741.2000,4741.8000,4742.0000,1,1,1,6,1,2,1,3,1,1
SF,IF2012,2020-08-18 09:31:06.000,4739.4000,34771,0,264486060.000,0,-,-,-,-,4739.2000,4739.0000,4737.6000,4737.2000,4736.0000,4740.6000,4740.8000,4741.2000,4741.8000,4742.2000,1,1,1,6,1,1,2,3,1,1
SF,IF2012,2020-08-18 09:31:06.500,4739.0000,34770,-1,265907760.000,1,0,1,双平,S,4737.6000,4737.2000,4736.0000,4733.8000,4733.6000,4740.4000,4740.6000,4741.2000,4741.8000,4742.2000,1,6,1,1,2,1,2,3,1,1
SF,IF2012,2020-08-18 09:31:07.000,4739.0000,34770,0,265907760.000,0,-,-,-,-,4737.8000,4737.6000,4737.2000,4736.0000,4733.8000,4738.8000,4740.2000,4740.4000,4741.2000,4742.2000,1,1,6,1,1,1,2,1,3,1
SF,IF2012,2020-08-18 09:31:07.500,4739.0000,34770,0,265907760.000,0,-,-,-,-,4737.6000,4737.2000,4736.0000,4733.8000,4733.6000,4738.6000,4738.8000,4740.0000,4740.2000,4741.2000,1,6,1,1,2,2,1,1,2,3
SF,IF2012,2020-08-18 09:31:08.000,4739.0000,34770,0,265907760.000,0,-,-,-,-,4737.6000,4737.2000,4736.0000,4733.8000,4733.6000,4738.6000,4738.8000,4740.0000,4740.2000,4741.2000,1,6,1,1,2,1,1,1,2,3
SF,IF2012,2020-08-18 09:31:08.500,4737.6000,34770,0,267329040.000,1,0,1,多换,S,4737.2000,4736.0000,4733.8000,4733.6000,4730.8000,4737.6000,4738.6000,4740.0000,4740.2000,4741.2000,6,1,1,2,1,1,2,1,2,3
SF,IF2012,2020-08-18 09:31:09.000,4737.8000,34768,-2,270171660.000,2,0,2,双平,S,4737.2000,4736.0000,4733.8000,4733.6000,4730.8000,4738.6000,4740.0000,4740.2000,4741.2000,4742.2000,6,1,1,2,1,1,1,2,3,1
SF,IF2012,2020-08-18 09:31:09.500,4737.8000,34768,0,270171660.000,0,-,-,-,-,4738.6000,4737.4000,4737.2000,4736.0000,4733.8000,4740.0000,4740.2000,4741.2000,4742.2000,4742.6000,10,1,6,1,1,1,2,3,1,1
SF,IF2012,2020-08-18 09:31:10.000,4737.8000,34768,0,271593000.000,1,0,1,多换,S,4738.6000,4737.4000,4737.2000,4736.0000,4733.8000,4739.8000,4740.0000,4740.2000,4741.2000,4742.2000,9,1,6,1,1,1,1,2,3,1
SF,IF2012,2020-08-18 09:31:10.500,4740.0000,34764,-4,277281000.000,4,0,4,双平,S,4738.8000,4738.6000,4737.2000,4736.0000,4733.8000,4741.2000,4742.2000,4742.6000,4742.8000,4743.8000,2,9,6,1,1,3,1,1,2,1
SF,IF2012,2020-08-18 09:31:11.000,4740.0000,34764,0,277281000.000,0,-,-,-,-,4739.0000,4738.8000,4738.6000,4737.2000,4736.0000,4741.0000,4741.2000,4742.2000,4742.6000,4742.8000,1,6,9,6,1,1,6,1,1,2
SF,IF2012,2020-08-18 09:31:11.500,4740.0000,34764,0,277281000.000,0,-,-,-,-,4739.2000,4739.0000,4738.8000,4738.6000,4737.2000,4741.0000,4741.2000,4742.2000,4742.6000,4742.8000,1,1,5,9,6,1,4,1,1,2
SF,IF2012,2020-08-18 09:31:12.000,4739.0000,34763,-1,278702700.000,1,0,1,双平,S,4738.8000,4738.6000,4737.2000,4736.0000,4733.8000,4740.8000,4741.0000,4741.2000,4742.2000,4742.6000,4,9,6,1,1,2,1,4,1,1
SF,IF2012,2020-08-18 09:31:12.500,4738.6000,34759,-4,285810840.000,5,0,5,多平,S,4738.6000,4737.2000,4736.0000,4733.8000,4733.6000,4740.6000,4740.8000,4741.2000,4742.2000,4742.6000,8,6,1,1,2,3,2,4,1,1
SF,IF2012,2020-08-18 09:31:13.000,4738.6000,34759,0,297183480.000,8,4,4,多换,S,4737.2000,4736.0000,4733.8000,4733.6000,4730.8000,4737.8000,4739.2000,4739.4000,4740.4000,4740.6000,6,1,1,2,1,1,1,1,5,1
SF,IF2012,2020-08-18 09:31:13.500,4737.8000,34758,-1,298604820.000,1,0,1,双平,S,4737.2000,4736.0000,4733.8000,4733.6000,4730.8000,4740.4000,4740.6000,4740.8000,4741.2000,4742.2000,6,1,1,2,1,4,1,1,4,1
SF,IF2012,2020-08-18 09:31:14.000,4737.2000,34757,-1,308553000.000,7,3,4,多平,S,4736.6000,4736.0000,4733.8000,4733.6000,4730.8000,4737.2000,4739.8000,4740.2000,4740.4000,4740.8000,1,1,1,2,1,6,1,1,3,1
SF,IF2012,2020-08-18 09:31:14.500,4737.2000,34751,-6,317079960.000,6,0,6,双平,S,4737.2000,4736.8000,4736.6000,4736.0000,4733.8000,4738.6000,4740.2000,4740.4000,4740.8000,4741.2000,3,3,1,1,1,1,1,3,1,4
SF,IF2012,2020-08-18 09:31:15.000,4738.6000,34750,-1,318501540.000,1,0,1,双平,S,4737.8000,4737.6000,4737.4000,4737.2000,4736.6000,4740.2000,4740.4000,4740.8000,4741.2000,4742.2000,1,1,3,4,1,1,3,1,4,1
SF,IF2012,2020-08-18 09:31:15.500,4738.4000,34748,-2,321345120.000,2,0,2,双平,S,4738.0000,4737.8000,4737.2000,4736.6000,4736.0000,4738.4000,4740.4000,4740.8000,4741.2000,4742.2000,3,2,4,1,1,1,1,1,4,1
SF,IF2012,2020-08-18 09:31:16.000,4738.4000,34747,-1,322766640.000,1,0,1,双平,S,4738.6000,4738.4000,4738.2000,4738.0000,4737.8000,4740.4000,4740.8000,4741.2000,4742.2000,4742.6000,1,3,1,1,1,1,1,3,1,1
SF,IF2012,2020-08-18 09:31:16.500,4738.4000,34747,0,322766640.000,0,-,-,-,-,4738.8000,4738.6000,4738.4000,4738.0000,4737.2000,4740.6000,4740.8000,4741.2000,4742.2000,4742.6000,2,2,3,1,2,1,1,1,1,1
SF,IF2012,2020-08-18 09:31:17.000,4738.4000,34747,0,322766640.000,0,-,-,-,-,4739.0000,4738.8000,4738.4000,4738.0000,4737.2000,4740.2000,4740.4000,4740.6000,4740.8000,4741.2000,3,2,3,1,2,1,1,1,1,1
SF,IF2012,2020-08-18 09:31:17.500,4740.6000,34745,-2,325610880.000,2,0,2,双平,S,4739.2000,4739.0000,4738.8000,4738.4000,4738.0000,4740.8000,4741.2000,4742.6000,4742.8000,4743.8000,2,2,1,3,1,1,1,1,2,1
SF,IF2012,2020-08-18 09:31:18.000,4741.2000,34744,-1,328455480.000,2,0,2,多平,S,4740.8000,4739.8000,4739.4000,4739.2000,4739.0000,4742.6000,4742.8000,4743.8000,4744.8000,4745.0000,1,1,2,2,1,1,2,1,1,1
SF,IF2012,2020-08-18 09:31:18.500,4741.0000,34744,0,329877780.000,1,0,1,多换,S,4740.8000,4739.8000,4739.4000,4738.8000,4738.4000,4742.8000,4743.8000,4744.8000,4745.0000,4746.8000,3,1,1,1,1,3,1,1,1,1
SF,IF2012,2020-08-18 09:31:19.000,4742.8000,34744,0,331300620.000,1,0,1,多换,S,4741.0000,4740.8000,4739.4000,4738.8000,4738.4000,4742.8000,4743.8000,4744.8000,4745.0000,4746.8000,5,2,1,1,1,2,1,1,1,1
SF,IF2012,2020-08-18 09:31:19.500,4742.8000,34743,-1,334146300.000,2,0,2,多平,S,4741.2000,4741.0000,4740.8000,4739.4000,4738.8000,4743.8000,4744.8000,4745.0000,4746.8000,4749.6000,2,4,1,1,1,1,1,1,1,5
SF,IF2012,2020-08-18 09:31:20.000,4743.8000,34742,-1,335569440.000,1,0,1,双平,S,4741.8000,4741.4000,4741.2000,4740.8000,4739.4000,4744.8000,4745.0000,4746.8000,4749.6000,4750.0000,1,2,2,1,1,1,1,1,5,2
SF,IF2012,2020-08-18 09:31:20.500,4743.8000,34742,0,335569440.000,0,-,-,-,-,4742.0000,4741.8000,4741.2000,4740.8000,4739.4000,4743.6000,4744.8000,4745.0000,4746.8000,4749.6000,2,2,1,1,1,1,1,3,1,5
SF,IF2012,2020-08-18 09:31:21.000,4743.6000,34741,-1,336992520.000,1,0,1,双平,S,4742.4000,4742.2000,4742.0000,4741.2000,4740.8000,4744.8000,4745.0000,4746.8000,4749.6000,4750.0000,1,2,2,1,1,1,3,1,5,2
SF,IF2012,2020-08-18 09:31:21.500,4743.6000,34741,0,336992520.000,0,-,-,-,-,4742.6000,4742.4000,4740.8000,4739.4000,4738.4000,4744.8000,4745.0000,4746.8000,4749.6000,4750.0000,2,1,1,1,1,1,2,1,5,2
SF,IF2012,2020-08-18 09:31:22.000,4744.8000,34739,-2,345531660.000,6,2,4,多平,S,4744.8000,4742.8000,4740.8000,4738.4000,4738.0000,4745.0000,4746.8000,4750.0000,4754.0000,4757.0000,6,1,1,1,1,2,1,2,1,1
SF,IF2012,2020-08-18 09:31:22.500,4744.6000,34738,-1,356918520.000,8,3,5,多平,S,4740.8000,4738.0000,4737.8000,4737.2000,4736.0000,4744.8000,4745.0000,4746.8000,4750.0000,4754.0000,1,1,1,2,1,4,2,1,2,1
SF,IF2012,2020-08-18 09:31:23.000,4744.6000,34738,0,356918520.000,0,-,-,-,-,4741.0000,4740.8000,4738.0000,4737.8000,4737.2000,4742.0000,4744.4000,4744.6000,4744.8000,4745.0000,4,2,1,1,2,1,1,2,2,3
SF,IF2012,2020-08-18 09:31:23.500,4744.6000,34735,-3,361187160.000,3,0,3,双平,S,4741.2000,4741.0000,4740.8000,4738.0000,4737.8000,4744.6000,4744.8000,4745.0000,4746.8000,4750.0000,2,4,1,1,1,1,2,3,1,2
SF,IF2012,2020-08-18 09:31:24.000,4744.6000,34734,-1,362610540.000,1,0,1,双平,S,4741.4000,4741.2000,4741.0000,4740.8000,4737.8000,4744.6000,4744.8000,4745.0000,4746.8000,4750.0000,2,1,3,1,1,2,2,3,1,2
SF,IF2012,2020-08-18 09:31:24.500,4744.6000,34734,0,362610540.000,0,-,-,-,-,4741.6000,4741.4000,4741.2000,4741.0000,4740.8000,4744.4000,4744.6000,4744.8000,4745.0000,4746.8000,1,2,1,3,1,1,2,4,3,1
SF,IF2012,2020-08-18 09:31:25.000,4744.6000,34734,0,362610540.000,0,-,-,-,-,4741.8000,4741.6000,4741.0000,4740.8000,4737.8000,4744.4000,4744.6000,4744.8000,4745.0000,4746.8000,2,1,3,1,1,2,2,4,3,1
SF,IF2012,2020-08-18 09:31:25.500,4744.6000,34734,0,362610540.000,0,-,-,-,-,4741.8000,4741.6000,4741.0000,4740.8000,4737.8000,4744.2000,4744.4000,4744.6000,4744.8000,4745.0000,2,1,2,1,1,3,2,2,4,3
SF,IF2012,2020-08-18 09:31:26.000,4744.6000,34734,0,362610540.000,0,-,-,-,-,4741.8000,4741.0000,4740.8000,4740.0000,4737.8000,4744.0000,4744.2000,4744.4000,4744.6000,4744.8000,1,1,1,3,1,4,2,1,2,4
SF,IF2012,2020-08-18 09:31:26.500,4741.0000,34732,-2,365455380.000,2,0,2,双平,S,4740.8000,4740.0000,4737.8000,4737.2000,4736.0000,4743.4000,4743.8000,4744.0000,4744.2000,4744.4000,1,3,1,1,1,1,3,4,3,1
SF,IF2012,2020-08-18 09:31:27.000,4741.0000,34731,-1,366877680.000,1,0,1,双平,S,4740.8000,4740.0000,4737.8000,4737.2000,4736.0000,4743.2000,4743.4000,4743.8000,4744.0000,4744.2000,1,3,1,1,1,1,2,1,3,3
SF,IF2012,2020-08-18 09:31:27.500,4741.0000,34731,0,366877680.000,0,-,-,-,-,4741.0000,4740.8000,4740.0000,4737.8000,4737.2000,4743.2000,4743.4000,4743.8000,4744.0000,4744.2000,2,1,3,1,1,2,1,1,1,3
SF,IF2012,2020-08-18 09:31:28.000,4743.4000,34729,-2,376837740.000,7,2,5,多平,S,4741.2000,4741.0000,4740.8000,4740.0000,4737.8000,4743.8000,4744.0000,4744.2000,4744.6000,4744.8000,1,1,1,3,1,1,1,3,1,2
SF,IF2012,2020-08-18 09:31:28.500,4741.2000,34727,-2,379682460.000,2,0,2,双平,S,4741.4000,4741.2000,4740.8000,4740.0000,4737.8000,4743.6000,4743.8000,4744.0000,4744.2000,4744.6000,1,1,1,3,1,1,1,1,3,1
SF,IF2012,2020-08-18 09:31:29.000,4741.2000,34724,-3,383949540.000,3,0,3,双平,S,4740.8000,4740.0000,4737.8000,4737.2000,4736.0000,4743.6000,4743.8000,4744.2000,4744.6000,4744.8000,1,3,1,1,1,1,1,3,1,2
SF,IF2012,2020-08-18 09:31:29.500,4743.6000,34723,-1,385372620.000,1,0,1,双平,S,4741.4000,4741.0000,4740.8000,4740.0000,4737.8000,4743.8000,4744.2000,4744.6000,4744.8000,4745.0000,1,3,4,3,1,2,3,1,3,3
SF,IF2012,2020-08-18 09:31:30.000,4743.6000,34723,0,385372620.000,0,-,-,-,-,4741.6000,4741.4000,4741.0000,4740.8000,4740.0000,4743.8000,4744.2000,4744.6000,4744.8000,4745.0000,2,1,1,2,3,2,2,1,3,3
SF,IF2012,2020-08-18 09:31:30.500,4743.6000,34723,0,385372620.000,0,-,-,-,-,4742.2000,4741.8000,4741.6000,4741.0000,4740.8000,4743.6000,4743.8000,4744.2000,4744.6000,4744.8000,1,3,2,1,1,1,2,2,1,3
SF,IF2012,2020-08-18 09:31:31.000,4743.6000,34723,0,386795700.000,1,0,1,多换,S,4742.4000,4742.2000,4741.8000,4741.6000,4741.0000,4743.8000,4744.0000,4744.2000,4744.6000,4744.8000,1,1,1,1,1,2,1,2,1,3
SF,IF2012,2020-08-18 09:31:31.500,4743.6000,34723,0,386795700.000,0,-,-,-,-,4742.4000,4742.2000,4741.6000,4741.0000,4740.8000,4743.8000,4744.0000,4744.2000,4744.6000,4744.8000,4,1,1,1,1,2,1,2,1,3
SF,IF2012,2020-08-18 09:31:32.000,4743.6000,34723,0,386795700.000,0,-,-,-,-,4742.6000,4742.4000,4742.2000,4741.6000,4741.0000,4743.8000,4744.0000,4744.2000,4744.6000,4744.8000,2,1,1,1,1,2,1,2,1,3
SF,IF2012,2020-08-18 09:31:32.500,4742.8000,34722,-1,388218540.000,1,0,1,双平,S,4742.4000,4742.2000,4741.6000,4740.8000,4740.0000,4743.6000,4743.8000,4744.0000,4744.2000,4744.6000,1,1,1,1,4,1,2,1,2,1
SF,IF2012,2020-08-18 09:31:33.000,4741.6000,34720,-2,392486400.000,3,0,3,多平,S,4740.8000,4740.0000,4737.8000,4737.2000,4736.0000,4743.4000,4743.6000,4743.8000,4744.0000,4744.2000,1,4,1,1,1,1,3,2,1,2
SF,IF2012,2020-08-18 09:31:33.500,4741.6000,34720,0,392486400.000,0,-,-,-,-,4741.0000,4740.8000,4740.0000,4737.8000,4737.2000,4741.6000,4743.2000,4743.6000,4743.8000,4744.0000,1,1,4,1,1,1,1,2,2,1
SF,IF2012,2020-08-18 09:31:34.000,4741.6000,34718,-2,395331360.000,2,0,2,双平,S,4741.0000,4740.8000,4740.0000,4737.8000,4737.2000,4743.2000,4743.6000,4743.8000,4744.0000,4744.2000,3,1,4,1,1,1,1,2,1,2
SF,IF2012,2020-08-18 09:31:34.500,4741.6000,34718,0,395331360.000,0,-,-,-,-,4741.2000,4741.0000,4740.8000,4740.0000,4737.8000,4743.0000,4743.4000,4743.6000,4743.8000,4744.0000,1,3,1,4,1,1,2,1,2,1
SF,IF2012,2020-08-18 09:31:35.000,4741.6000,34717,-1,396753840.000,1,0,1,双平,S,4741.6000,4741.4000,4741.2000,4740.8000,4740.0000,4743.4000,4743.6000,4743.8000,4744.0000,4744.2000,10,3,2,1,4,2,1,2,1,2
SF,IF2012,2020-08-18 09:31:35.500,4742.0000,34713,-4,402445560.000,4,0,4,双平,S,4742.0000,4741.8000,4741.6000,4741.4000,4741.2000,4743.8000,4744.0000,4744.2000,4744.6000,4744.8000,1,3,10,1,1,2,1,1,1,3
SF,IF2012,2020-08-18 09:31:36.000,4742.0000,34713,0,402445560.000,0,-,-,-,-,4742.2000,4742.0000,4741.6000,4741.4000,4741.2000,4743.8000,4744.0000,4744.2000,4744.6000,4744.8000,2,1,10,1,1,2,1,1,1,3
SF,IF2012,2020-08-18 09:31:36.500,4742.0000,34713,0,402445560.000,0,-,-,-,-,4742.4000,4742.2000,4741.6000,4741.4000,4741.2000,4743.8000,4744.0000,4744.2000,4744.6000,4744.8000,1,3,10,1,1,2,1,1,1,3
SF,IF2012,2020-08-18 09:31:37.000,4742.0000,34713,0,402445560.000,0,-,-,-,-,4742.6000,4742.4000,4742.2000,4741.6000,4741.4000,4743.8000,4744.0000,4744.2000,4744.6000,4744.8000,1,1,1,10,1,2,1,1,1,3
SF,IF2012,2020-08-18 09:31:37.500,4743.8000,34713,0,403868700.000,1,0,1,多换,S,4743.4000,4742.6000,4742.2000,4741.6000,4741.4000,4743.8000,4744.0000,4744.2000,4744.6000,4744.8000,2,2,1,11,1,1,1,1,1,3
SF,IF2012,2020-08-18 09:31:38.000,4744.0000,34712,-1,406715040.000,2,0,2,多平,S,4743.8000,4743.4000,4742.6000,4742.2000,4741.6000,4744.2000,4744.6000,4744.8000,4745.0000,4746.0000,1,2,1,1,11,1,1,3,3,1
SF,IF2012,2020-08-18 09:31:38.500,4744.6000,34710,-2,409561680.000,2,0,2,双平,S,4744.2000,4743.8000,4743.4000,4742.6000,4742.2000,4744.8000,4745.0000,4746.0000,4746.8000,4749.0000,1,1,2,1,1,3,3,1,1,1
SF,IF2012,2020-08-18 09:31:39.000,4744.8000,34708,-2,412408560.000,2,0,2,双平,S,4744.2000,4743.8000,4743.4000,4742.6000,4742.2000,4744.8000,4745.0000,4746.0000,4746.8000,4749.0000,3,1,2,1,1,1,3,1,1,1
SF,IF2012,2020-08-18 09:31:39.500,4744.8000,34707,-1,413832000.000,1,0,1,双平,S,4744.2000,4743.8000,4743.4000,4742.2000,4741.6000,4745.0000,4746.0000,4746.8000,4749.0000,4750.0000,2,1,2,1,11,5,1,1,1,2
SF,IF2012,2020-08-18 09:31:40.000,4745.0000,34706,-1,415255500.000,1,0,1,双平,S,4744.8000,4744.4000,4744.2000,4743.8000,4743.4000,4745.0000,4746.0000,4746.8000,4750.0000,4754.0000,2,1,2,1,2,4,1,1,2,1
SF,IF2012,2020-08-18 09:31:40.500,4746.8000,34702,-4,425220840.000,7,1,6,多平,S,4745.0000,4744.8000,4744.4000,4744.2000,4743.8000,4750.0000,4754.0000,4757.0000,4758.0000,4759.0000,1,2,1,2,1,2,1,1,1,1
SF,IF2012,2020-08-18 09:31:41.000,4746.8000,34702,0,425220840.000,0,-,-,-,-,4745.4000,4745.2000,4745.0000,4744.8000,4744.2000,4746.6000,4749.4000,4749.6000,4749.8000,4750.0000,1,3,1,2,2,1,1,1,5,2
SF,IF2012,2020-08-18 09:31:41.500,4746.8000,34702,0,425220840.000,0,-,-,-,-,4745.0000,4744.8000,4744.2000,4743.8000,4743.4000,4746.4000,4746.6000,4749.4000,4749.6000,4749.8000,1,2,1,1,2,2,1,1,1,5
SF,IF2012,2020-08-18 09:31:42.000,4746.8000,34702,0,425220840.000,0,-,-,-,-,4745.2000,4745.0000,4744.8000,4744.2000,4743.8000,4746.4000,4746.6000,4749.4000,4749.6000,4749.8000,2,2,2,1,1,1,1,1,1,5
SF,IF2012,2020-08-18 09:31:42.500,4746.8000,34702,0,425220840.000,0,-,-,-,-,4745.2000,4745.0000,4744.8000,4744.2000,4743.8000,4746.4000,4746.6000,4749.4000,4749.6000,4749.8000,1,1,2,1,1,1,1,1,1,5
SF,IF2012,2020-08-18 09:31:43.000,4746.8000,34702,0,425220840.000,0,-,-,-,-,4745.4000,4745.2000,4745.0000,4744.8000,4744.2000,4746.6000,4749.2000,4749.4000,4749.6000,4749.8000,1,2,1,2,1,1,1,1,2,6
SF,IF2012,2020-08-18 09:31:43.500,4745.6000,34701,-1,426644520.000,1,0,1,双平,S,4746.4000,4745.4000,4745.2000,4745.0000,4744.8000,4746.6000,4749.2000,4749.4000,4749.6000,4749.8000,1,1,1,1,2,1,1,1,2,6
SF,IF2012,2020-08-18 09:31:44.000,4746.4000,34699,-2,432339840.000,4,1,3,多平,S,4745.2000,4745.0000,4744.8000,4744.2000,4743.8000,4746.4000,4746.6000,4749.2000,4749.4000,4749.6000,1,1,2,1,1,1,1,1,1,1
SF,IF2012,2020-08-18 09:31:44.500,4746.4000,34699,0,432339840.000,0,-,-,-,-,4745.2000,4745.0000,4744.8000,4744.2000,4743.8000,4746.2000,4746.4000,4746.6000,4749.2000,4749.4000,2,1,2,1,1,1,1,3,1,1
SF,IF2012,2020-08-18 09:31:45.000,4746.4000,34699,0,433763760.000,1,0,1,多换,S,4745.2000,4745.0000,4744.8000,4744.2000,4743.8000,4746.4000,4746.6000,4749.2000,4749.4000,4749.6000,2,1,2,1,1,1,3,1,1,1
SF,IF2012,2020-08-18 09:31:45.500,4745.4000,34698,-1,435187380.000,1,0,1,双平,S,4745.4000,4745.2000,4745.0000,4744.8000,4744.2000,4746.4000,4746.6000,4749.2000,4749.4000,4749.6000,1,3,1,2,1,1,3,1,1,1
SF,IF2012,2020-08-18 09:31:46.000,4745.4000,34698,0,435187380.000,0,-,-,-,-,4745.6000,4745.4000,4745.2000,4745.0000,4744.8000,4746.4000,4746.6000,4749.4000,4749.6000,4749.8000,1,2,1,1,1,1,2,1,1,6
SF,IF2012,2020-08-18 09:31:46.500,4746.4000,34698,0,436611300.000,1,0,1,多换,S,4745.6000,4745.4000,4745.2000,4745.0000,4744.8000,4746.6000,4749.4000,4749.6000,4749.8000,4750.0000,1,2,1,1,1,2,1,1,6,2
SF,IF2012,2020-08-18 09:31:47.000,4746.4000,34698,0,436611300.000,0,-,-,-,-,4746.4000,4745.6000,4745.4000,4745.2000,4745.0000,4746.6000,4749.4000,4749.6000,4749.8000,4750.0000,1,1,2,1,1,2,1,1,5,2
SF,IF2012,2020-08-18 09:31:47.500,4746.6000,34696,-2,439459260.000,2,0,2,双平,S,4746.6000,4746.4000,4745.6000,4745.4000,4745.2000,4749.4000,4749.6000,4749.8000,4750.0000,4750.8000,1,1,1,2,1,1,1,5,2,1
SF,IF2012,2020-08-18 09:31:48.000,4746.6000,34696,0,439459260.000,0,-,-,-,-,4746.8000,4746.6000,4746.4000,4745.6000,4745.2000,4749.0000,4749.4000,4749.8000,4750.0000,4750.8000,2,2,1,1,1,1,1,5,2,1
SF,IF2012,2020-08-18 09:31:48.500,4749.0000,34696,0,442308600.000,2,1,1,多换,S,4746.8000,4746.6000,4746.4000,4745.6000,4745.2000,4749.4000,4749.8000,4750.0000,4754.0000,4757.0000,2,2,1,1,1,1,4,2,1,1
SF,IF2012,2020-08-18 09:31:49.000,4747.0000,34694,-2,446581560.000,3,0,3,多平,S,4749.4000,4746.8000,4746.6000,4746.4000,4745.6000,4749.8000,4750.0000,4754.0000,4757.0000,4757.8000,1,2,12,1,1,4,2,1,1,1
SF,IF2012,2020-08-18 09:31:49.500,4749.4000,34694,0,448006380.000,1,0,1,多换,S,4747.0000,4746.8000,4746.6000,4746.4000,4745.6000,4747.4000,4749.4000,4749.6000,4749.8000,4750.0000,1,2,12,1,1,1,2,2,7,2
SF,IF2012,2020-08-18 09:31:50.000,4749.8000,34691,-3,452280420.000,3,0,3,双平,S,4749.0000,4747.4000,4747.0000,4746.6000,4746.4000,4749.8000,4750.0000,4754.0000,4757.0000,4757.8000,10,2,1,12,2,4,2,1,1,1
SF,IF2012,2020-08-18 09:31:50.500,4749.0000,34681,-10,466527420.000,10,0,10,双平,S,4747.4000,4747.2000,4746.6000,4746.4000,4745.2000,4749.6000,4749.8000,4750.0000,4754.0000,4757.0000,2,1,12,2,1,2,4,2,1,1
SF,IF2012,2020-08-18 09:31:51.000,4749.0000,34681,0,466527420.000,0,-,-,-,-,4747.6000,4747.4000,4747.2000,4746.6000,4746.4000,4747.8000,4749.6000,4749.8000,4750.0000,4754.0000,4,2,1,12,2,1,2,4,2,1
SF,IF2012,2020-08-18 09:31:51.500,4747.6000,34677,-4,472224660.000,4,0,4,双平,S,4747.4000,4747.2000,4746.6000,4746.4000,4745.2000,4748.8000,4749.6000,4749.8000,4750.0000,4754.0000,2,1,12,2,1,1,2,4,2,1
SF,IF2012,2020-08-18 09:31:52.000,4747.6000,34677,0,472224660.000,0,-,-,-,-,4747.6000,4747.4000,4746.6000,4746.4000,4745.2000,4748.6000,4748.8000,4749.6000,4749.8000,4750.0000,1,2,12,2,1,1,1,1,4,2
SF,IF2012,2020-08-18 09:31:52.500,4747.6000,34677,0,472224660.000,0,-,-,-,-,4747.6000,4747.4000,4746.6000,4746.4000,4745.2000,4748.8000,4749.6000,4749.8000,4750.0000,4753.0000,1,2,12,2,1,1,1,4,2,1
SF,IF2012,2020-08-18 09:31:53.000,4747.8000,34675,-2,475073640.000,2,0,2,双平,S,4747.4000,4746.6000,4746.4000,4745.2000,4744.2000,4748.6000,4749.8000,4750.0000,4752.8000,4753.0000,2,12,2,1,1,1,4,2,1,1
SF,IF2012,2020-08-18 09:31:53.500,4747.4000,34675,0,479346660.000,3,1,2,多换,S,4746.6000,4746.4000,4745.2000,4744.2000,4743.8000,4749.8000,4750.0000,4752.8000,4753.0000,4754.0000,12,2,1,1,1,4,2,1,1,1
SF,IF2012,2020-08-18 09:31:54.000,4747.4000,34675,0,479346660.000,0,-,-,-,-,4747.6000,4747.0000,4746.8000,4746.6000,4746.4000,4749.6000,4749.8000,4750.0000,4752.8000,4753.0000,1,1,2,12,2,1,4,2,1,1
SF,IF2012,2020-08-18 09:31:54.500,4747.6000,34674,-1,480770940.000,1,0,1,双平,S,4747.6000,4746.8000,4746.6000,4746.4000,4744.4000,4749.4000,4749.6000,4749.8000,4750.0000,4752.8000,1,1,12,2,1,4,1,1,2,1
SF,IF2012,2020-08-18 09:31:55.000,4747.6000,34673,-1,482195220.000,1,0,1,双平,S,4746.6000,4746.4000,4744.4000,4744.2000,4743.8000,4748.6000,4749.0000,4749.2000,4749.4000,4749.8000,12,2,1,1,1,1,1,1,7,1
SF,IF2012,2020-08-18 09:31:55.500,4748.2000,34671,-2,486467640.000,3,0,3,多平,S,4746.6000,4746.4000,4746.0000,4744.4000,4744.2000,4748.4000,4748.6000,4749.0000,4749.4000,4750.0000,10,2,1,1,1,5,1,1,4,2
SF,IF2012,2020-08-18 09:31:56.000,4748.2000,34671,0,486467640.000,0,-,-,-,-,4746.6000,4746.4000,4746.0000,4744.4000,4744.2000,4748.0000,4748.2000,4748.4000,4749.0000,4749.2000,10,2,1,1,1,1,1,5,1,1
SF,IF2012,2020-08-18 09:31:56.500,4748.2000,34671,0,486467640.000,0,-,-,-,-,4746.8000,4746.6000,4746.4000,4746.0000,4744.4000,4747.8000,4748.0000,4748.4000,4749.2000,4749.4000,1,10,2,1,1,2,2,3,1,4
SF,IF2012,2020-08-18 09:31:57.000,4748.2000,34671,0,486467640.000,0,-,-,-,-,4746.8000,4746.6000,4746.4000,4746.0000,4744.4000,4747.6000,4748.0000,4748.4000,4749.4000,4750.0000,1,10,2,1,1,1,1,3,3,2
SF,IF2012,2020-08-18 09:31:57.500,4747.6000,34670,-1,487891920.000,1,0,1,双平,S,4747.6000,4746.8000,4746.6000,4746.4000,4746.0000,4748.0000,4748.4000,4749.4000,4750.0000,4752.8000,2,1,10,2,1,1,1,3,2,1
SF,IF2012,2020-08-18 09:31:58.000,4749.4000,34669,-1,490741140.000,2,0,2,多平,S,4748.2000,4747.8000,4747.6000,4746.8000,4746.6000,4749.4000,4750.0000,4752.8000,4753.0000,4754.0000,2,1,2,1,10,2,2,1,1,1
SF,IF2012,2020-08-18 09:31:58.500,4749.4000,34669,0,490741140.000,0,-,-,-,-,4748.2000,4747.6000,4746.8000,4746.6000,4746.4000,4749.2000,4749.4000,4750.0000,4753.0000,4754.0000,2,2,1,10,2,2,2,2,1,1
SF,IF2012,2020-08-18 09:31:59.000,4748.2000,34667,-2,493590060.000,2,0,2,双平,S,4747.6000,4746.8000,4746.6000,4746.4000,4746.0000,4749.2000,4749.4000,4750.0000,4753.0000,4754.0000,3,1,10,1,1,2,2,2,1,1
SF,IF2012,2020-08-18 09:31:59.500,4747.8000,34665,-2,499287240.000,4,1,3,多平,S,4748.0000,4746.8000,4746.6000,4746.4000,4746.0000,4749.0000,4749.2000,4749.4000,4750.0000,4753.0000,19,1,10,1,1,2,2,2,2,1
SF,IF2012,2020-08-18 09:32:00.000,4748.0000,34665,0,504984840.000,4,2,2,多换,S,4748.4000,4748.0000,4746.8000,4746.6000,4746.4000,4748.6000,4748.8000,4749.0000,4750.0000,4753.0000,1,15,1,10,1,1,1,2,2,1
SF,IF2012,2020-08-18 09:32:00.500,4748.0000,34663,-2,512107260.000,5,1,4,多平,S,4748.0000,4746.8000,4746.6000,4746.4000,4746.0000,4748.6000,4748.8000,4749.0000,4750.0000,4753.0000,13,1,10,1,1,3,1,2,2,1
SF,IF2012,2020-08-18 09:32:01.000,4748.6000,34660,-3,516381000.000,3,0,3,双平,S,4748.2000,4748.0000,4747.4000,4746.8000,4746.6000,4749.0000,4750.0000,4753.0000,4754.0000,4754.4000,1,13,2,1,10,2,2,1,1,1
SF,IF2012,2020-08-18 09:32:01.500,4748.6000,34660,0,516381000.000,0,-,-,-,-,4749.0000,4748.4000,4748.2000,4748.0000,4747.4000,4750.0000,4753.0000,4754.0000,4754.4000,4757.0000,2,1,1,13,2,2,1,1,1,1
SF,IF2012,2020-08-18 09:32:02.000,4749.0000,34659,-1,517805700.000,1,0,1,双平,S,4749.0000,4748.4000,4748.2000,4748.0000,4747.4000,4750.0000,4753.0000,4754.0000,4754.4000,4757.0000,1,1,1,13,2,4,1,1,1,1
SF,IF2012,2020-08-18 09:32:02.500,4749.0000,34659,0,517805700.000,0,-,-,-,-,4748.4000,4748.0000,4747.4000,4747.0000,4746.8000,4749.8000,4750.0000,4753.0000,4754.0000,4754.4000,1,13,2,1,1,2,2,1,1,1
SF,IF2012,2020-08-18 09:32:03.000,4749.6000,34658,-1,519230580.000,1,0,1,双平,S,4748.0000,4747.4000,4747.0000,4746.8000,4746.6000,4749.6000,4749.8000,4750.0000,4753.0000,4753.6000,13,2,1,1,10,1,3,2,1,1
SF,IF2012,2020-08-18 09:32:03.500,4750.0000,34659,1,530630040.000,8,4,4,空开,S,4750.0000,4748.2000,4748.0000,4747.4000,4747.0000,4753.0000,4753.6000,4754.0000,4754.4000,4757.0000,7,1,13,2,1,1,1,1,1,1
SF,IF2012,2020-08-18 09:32:04.000,4750.0000,34658,-1,547729800.000,12,5,7,多平,S,4749.8000,4748.6000,4748.2000,4748.0000,4747.4000,4751.2000,4752.0000,4752.6000,4752.8000,4753.0000,1,1,1,13,2,2,1,1,7,1
SF,IF2012,2020-08-18 09:32:04.500,4749.8000,34658,0,549154740.000,1,0,1,多换,S,4748.6000,4748.2000,4748.0000,4747.4000,4747.0000,4749.8000,4751.0000,4752.0000,4752.8000,4753.6000,1,1,13,2,1,3,2,1,4,1
SF,IF2012,2020-08-18 09:32:05.000,4751.0000,34658,0,550580040.000,1,0,1,多换,S,4748.6000,4748.2000,4748.0000,4747.4000,4747.0000,4751.0000,4752.0000,4752.8000,4753.4000,4754.0000,1,2,13,2,1,1,1,4,1,1
SF,IF2012,2020-08-18 09:32:05.500,4751.0000,34658,0,550580040.000,0,-,-,-,-,4749.0000,4748.8000,4748.6000,4748.2000,4748.0000,4750.8000,4751.0000,4752.0000,4752.8000,4753.4000,2,1,1,1,13,4,5,1,3,1
SF,IF2012,2020-08-18 09:32:06.000,4749.2000,34657,-1,552004800.000,1,0,1,双平,S,4749.0000,4748.6000,4748.2000,4748.0000,4747.4000,4750.8000,4751.0000,4752.0000,4752.8000,4753.4000,2,1,1,13,2,4,4,1,3,1
SF,IF2012,2020-08-18 09:32:06.500,4749.2000,34657,0,553429560.000,1,0,1,多换,S,4749.2000,4749.0000,4748.6000,4748.2000,4748.0000,4750.8000,4751.0000,4752.0000,4752.8000,4754.0000,1,2,1,1,13,4,2,1,3,1
SF,IF2012,2020-08-18 09:32:07.000,4749.2000,34657,0,553429560.000,0,-,-,-,-,4749.4000,4749.2000,4748.6000,4748.2000,4748.0000,4750.6000,4750.8000,4751.0000,4752.0000,4752.8000,2,1,1,1,13,1,5,2,1,3
SF,IF2012,2020-08-18 09:32:07.500,4749.2000,34657,0,553429560.000,0,-,-,-,-,4749.8000,4749.2000,4748.6000,4748.2000,4748.0000,4750.6000,4750.8000,4751.0000,4752.0000,4752.8000,1,1,1,1,13,1,4,2,1,3
SF,IF2012,2020-08-18 09:32:08.000,4751.0000,34652,-5,560555820.000,5,0,5,双平,S,4750.8000,4750.6000,4749.8000,4749.2000,4748.6000,4752.0000,4752.8000,4754.0000,4755.0000,4756.0000,1,1,2,1,1,1,3,1,2,1
SF,IF2012,2020-08-18 09:32:08.500,4750.8000,34652,0,561981060.000,1,0,1,多换,S,4750.6000,4749.8000,4749.2000,4748.6000,4748.2000,4751.8000,4752.0000,4752.8000,4754.0000,4755.0000,1,2,1,1,1,2,1,3,1,2
SF,IF2012,2020-08-18 09:32:09.000,4751.8000,34651,-1,563406600.000,1,0,1,双平,S,4750.6000,4749.8000,4749.2000,4748.6000,4748.2000,4751.8000,4752.0000,4752.8000,4754.0000,4755.0000,1,2,1,1,1,1,1,3,1,1
SF,IF2012,2020-08-18 09:32:09.500,4750.8000,34649,-2,566257380.000,2,0,2,双平,S,4750.8000,4750.6000,4749.8000,4748.6000,4748.2000,4751.8000,4752.0000,4754.0000,4755.0000,4756.0000,1,3,1,1,1,3,3,1,1,1
SF,IF2012,2020-08-18 09:32:10.000,4752.0000,34649,0,574810800.000,6,3,3,多换,S,4752.0000,4750.8000,4750.6000,4749.8000,4748.6000,4754.0000,4755.0000,4756.0000,4756.2000,4756.8000,10,2,2,1,1,1,1,1,3,1
SF,IF2012,2020-08-18 09:32:10.500,4752.0000,34649,0,574810800.000,0,-,-,-,-,4752.2000,4752.0000,4751.8000,4750.6000,4749.8000,4753.8000,4754.0000,4755.0000,4755.2000,4756.0000,2,10,1,2,1,2,1,1,1,1
SF,IF2012,2020-08-18 09:32:11.000,4753.8000,34646,-3,579088140.000,3,0,3,双平,S,4752.4000,4752.2000,4752.0000,4751.8000,4750.6000,4753.8000,4754.0000,4755.0000,4755.2000,4756.2000,2,2,10,2,1,1,1,1,1,3
SF,IF2012,2020-08-18 09:32:11.500,4752.6000,34645,-1,581940120.000,2,0,2,多平,S,4752.6000,4752.4000,4752.0000,4751.8000,4750.6000,4755.0000,4755.2000,4757.0000,4757.8000,4758.0000,3,2,10,2,1,1,1,1,1,1
SF,IF2012,2020-08-18 09:32:12.000,4752.6000,34644,-1,583365900.000,1,0,1,双平,S,4752.8000,4752.6000,4752.4000,4752.0000,4751.8000,4754.8000,4755.0000,4755.2000,4757.0000,4757.8000,2,1,2,10,3,1,1,1,1,1
SF,IF2012,2020-08-18 09:32:12.500,4754.6000,34643,-1,587643840.000,3,1,2,多平,S,4753.0000,4752.8000,4752.4000,4752.0000,4751.8000,4755.0000,4755.2000,4757.0000,4757.8000,4758.0000,1,2,3,10,3,1,1,1,1,1
SF,IF2012,2020-08-18 09:32:13.000,4753.2000,34642,-1,590495760.000,2,0,2,多平,S,4753.2000,4753.0000,4752.4000,4752.0000,4751.8000,4754.8000,4755.0000,4755.2000,4757.0000,4757.8000,1,1,3,10,3,1,1,1,1,1
SF,IF2012,2020-08-18 09:32:13.500,4753.2000,34642,0,590495760.000,0,-,-,-,-,4753.4000,4752.4000,4752.0000,4751.8000,4750.6000,4754.8000,4755.0000,4755.2000,4757.0000,4757.8000,2,3,10,3,1,1,1,1,1,1
SF,IF2012,2020-08-18 09:32:14.000,4753.4000,34639,-3,594773700.000,3,0,3,双平,S,4752.4000,4752.0000,4751.8000,4750.6000,4749.8000,4753.4000,4754.4000,4755.0000,4755.2000,4757.0000,3,10,3,1,1,1,1,1,1,1
SF,IF2012,2020-08-18 09:32:14.500,4755.0000,34639,0,599052240.000,3,1,2,多换,S,4753.4000,4752.4000,4752.0000,4751.8000,4750.6000,4755.2000,4757.0000,4757.8000,4758.0000,4758.4000,3,1,10,3,1,1,1,1,1,1
SF,IF2012,2020-08-18 09:32:15.000,4752.4000,34638,-1,601903980.000,2,0,2,多平,S,4752.0000,4751.8000,4750.6000,4749.8000,4748.6000,4753.0000,4754.2000,4754.8000,4755.0000,4755.2000,10,3,1,1,1,1,2,2,3,2
SF,IF2012,2020-08-18 09:32:15.500,4752.2000,34636,-2,604755540.000,2,0,2,双平,S,4752.2000,4752.0000,4751.8000,4750.6000,4749.8000,4754.2000,4755.0000,4755.2000,4757.0000,4757.8000,2,10,3,1,1,2,2,1,1,1
SF,IF2012,2020-08-18 09:32:16.000,4753.4000,34636,0,606181560.000,1,0,1,多换,S,4753.4000,4752.4000,4752.2000,4752.0000,4751.8000,4754.0000,4754.2000,4755.2000,4757.0000,4757.8000,9,3,2,10,3,1,1,1,1,1
SF,IF2012,2020-08-18 09:32:16.500,4754.0000,34633,-3,610460220.000,3,0,3,双平,S,4753.4000,4752.4000,4752.2000,4752.0000,4751.8000,4755.2000,4757.0000,4757.8000,4758.0000,4758.4000,9,3,1,10,3,1,1,1,1,1
SF,IF2012,2020-08-18 09:32:17.000,4753.6000,34632,-1,613312380.000,2,0,2,多平,S,4753.4000,4752.2000,4752.0000,4751.8000,4750.6000,4754.8000,4755.2000,4757.0000,4757.8000,4758.0000,9,1,10,3,1,1,2,1,1,1
SF,IF2012,2020-08-18 09:32:17.500,4753.4000,34632,0,616164420.000,2,1,1,多换,S,4753.4000,4752.2000,4752.0000,4751.8000,4750.6000,4754.6000,4755.2000,4757.0000,4757.8000,4758.0000,7,1,10,3,1,1,1,1,1,1
SF,IF2012,2020-08-18 09:32:18.000,4755.2000,34631,-1,619017000.000,2,0,2,多平,S,4755.2000,4753.6000,4753.4000,4752.2000,4752.0000,4757.0000,4757.8000,4758.0000,4758.4000,4758.6000,1,4,7,1,11,1,1,1,1,3
SF,IF2012,2020-08-18 09:32:18.500,4755.2000,34631,0,620443560.000,1,0,1,多换,S,4753.6000,4753.4000,4752.2000,4752.0000,4751.8000,4756.6000,4756.8000,4757.0000,4757.8000,4758.0000,4,7,1,11,3,2,3,1,1,1
SF,IF2012,2020-08-18 09:32:19.000,4753.8000,34630,-1,621869700.000,1,0,1,双平,S,4753.8000,4753.6000,4753.4000,4752.2000,4752.0000,4756.4000,4756.8000,4757.0000,4757.8000,4758.0000,1,3,7,1,11,2,1,1,1,1
SF,IF2012,2020-08-18 09:32:19.500,4753.8000,34630,0,621869700.000,0,-,-,-,-,4754.2000,4754.0000,4753.6000,4753.4000,4752.2000,4756.4000,4756.8000,4757.0000,4757.8000,4758.0000,1,1,2,7,1,2,1,1,1,1
SF,IF2012,2020-08-18 09:32:20.000,4753.8000,34629,-1,623295840.000,1,0,1,双平,S,4753.6000,4753.4000,4752.2000,4752.0000,4751.8000,4756.0000,4756.4000,4756.8000,4757.0000,4757.8000,2,7,1,11,2,1,2,1,1,1
SF,IF2012,2020-08-18 09:32:20.500,4753.4000,34629,0,624721860.000,1,0,1,多换,S,4753.4000,4752.2000,4752.0000,4751.8000,4750.6000,4755.8000,4756.0000,4756.8000,4757.0000,4757.8000,6,1,11,2,1,2,1,1,1,1
SF,IF2012,2020-08-18 09:32:21.000,4753.4000,34629,0,626147880.000,1,0,1,多换,S,4753.4000,4752.2000,4752.0000,4751.8000,4750.6000,4755.4000,4755.6000,4755.8000,4756.8000,4757.0000,5,1,11,2,1,2,3,2,1,1
SF,IF2012,2020-08-18 09:32:21.500,4755.2000,34627,-2,630427020.000,3,0,3,多平,S,4753.4000,4752.2000,4752.0000,4751.8000,4750.6000,4754.8000,4755.2000,4755.6000,4756.8000,4757.0000,4,1,11,2,1,1,7,2,1,1
SF,IF2012,2020-08-18 09:32:22.000,4753.4000,34627,0,631853040.000,1,0,1,多换,S,4753.4000,4752.2000,4752.0000,4751.8000,4750.6000,4754.6000,4754.8000,4755.2000,4755.6000,4756.8000,3,1,11,2,1,2,2,3,2,1
SF,IF2012,2020-08-18 09:32:22.500,4753.4000,34628,1,634705440.000,2,1,1,空开,S,4753.4000,4752.2000,4752.0000,4751.8000,4750.6000,4754.6000,4754.8000,4755.2000,4756.8000,4757.0000,2,1,11,2,1,1,2,1,1,1
SF,IF2012,2020-08-18 09:32:23.000,4754.8000,34627,-1,640410300.000,4,1,3,多平,S,4752.2000,4752.0000,4751.8000,4750.6000,4749.8000,4755.2000,4756.8000,4757.0000,4757.8000,4758.0000,1,11,2,1,1,1,1,1,1,1
SF,IF2012,2020-08-18 09:32:23.500,4754.8000,34627,0,640410300.000,0,-,-,-,-,4752.8000,4752.6000,4752.4000,4752.2000,4752.0000,4755.2000,4756.8000,4757.0000,4757.8000,4758.0000,1,3,2,2,11,1,1,1,1,1
SF,IF2012,2020-08-18 09:32:24.000,4755.2000,34626,-1,641836860.000,1,0,1,双平,S,4754.8000,4753.8000,4753.2000,4753.0000,4752.8000,4756.8000,4757.0000,4757.8000,4758.0000,4758.4000,2,1,3,1,2,1,1,1,1,1
SF,IF2012,2020-08-18 09:32:24.500,4755.2000,34626,0,641836860.000,0,-,-,-,-,4755.0000,4754.8000,4753.8000,4753.2000,4753.0000,4755.2000,4756.6000,4756.8000,4757.0000,4757.8000,3,2,1,3,1,1,4,1,1,1
SF,IF2012,2020-08-18 09:32:25.000,4756.6000,34625,-1,646117380.000,3,1,2,多平,S,4756.8000,4755.4000,4755.2000,4755.0000,4754.8000,4757.0000,4757.8000,4758.0000,4758.4000,4759.0000,8,1,2,1,2,1,1,1,1,1
SF,IF2012,2020-08-18 09:32:25.500,4756.8000,34624,-1,650398560.000,3,1,2,多平,S,4756.8000,4755.4000,4755.2000,4755.0000,4754.8000,4757.8000,4758.0000,4758.4000,4759.0000,4760.0000,6,1,1,1,2,1,1,1,1,2
SF,IF2012,2020-08-18 09:32:26.000,4756.8000,34624,0,653252640.000,2,1,1,多换,S,4756.8000,4755.2000,4755.0000,4754.8000,4753.2000,4757.8000,4758.0000,4759.0000,4760.0000,4760.4000,4,1,1,2,3,1,1,1,2,1
SF,IF2012,2020-08-18 09:32:26.500,4756.8000,34624,0,654679680.000,1,0,1,多换,S,4756.8000,4755.2000,4754.8000,4753.2000,4753.0000,4757.6000,4757.8000,4758.0000,4759.0000,4760.0000,3,1,2,3,1,1,1,1,1,2
SF,IF2012,2020-08-18 09:32:27.000,4757.4000,34623,-1,658960980.000,3,1,2,多平,S,4756.8000,4755.2000,4754.8000,4753.2000,4753.0000,4757.8000,4758.0000,4759.0000,4760.0000,4760.4000,3,1,2,3,1,1,1,1,2,1
SF,IF2012,2020-08-18 09:32:27.500,4757.8000,34622,-1,664670460.000,4,1,3,多平,S,4757.8000,4757.0000,4756.8000,4755.2000,4754.8000,4759.0000,4760.0000,4760.4000,4761.0000,4762.2000,9,1,3,1,2,1,2,1,3,8
SF,IF2012,2020-08-18 09:32:28.000,4757.8000,34622,0,666097800.000,1,0,1,多换,S,4757.8000,4757.0000,4756.8000,4755.2000,4754.8000,4759.0000,4760.0000,4760.4000,4762.2000,4763.0000,8,1,3,1,2,1,2,1,8,1
SF,IF2012,2020-08-18 09:32:28.500,4757.8000,34622,0,667525140.000,1,0,1,多换,S,4757.8000,4757.0000,4756.8000,4755.2000,4754.8000,4758.8000,4759.0000,4760.0000,4760.4000,4762.2000,8,1,3,1,2,1,1,2,1,8
SF,IF2012,2020-08-18 09:32:29.000,4758.8000,34621,-1,670380120.000,2,0,2,多平,S,4757.8000,4757.0000,4756.8000,4755.2000,4754.8000,4759.0000,4760.0000,4760.4000,4762.2000,4763.0000,7,1,3,1,2,1,2,1,8,1
SF,IF2012,2020-08-18 09:32:29.500,4757.8000,34621,0,674662140.000,3,1,2,多换,S,4757.8000,4757.0000,4756.8000,4755.2000,4754.8000,4758.8000,4759.0000,4760.0000,4760.4000,4762.2000,4,1,3,1,2,3,2,2,1,8
SF,IF2012,2020-08-18 09:32:30.000,4758.6000,34621,0,683226180.000,6,3,3,多换,S,4756.8000,4755.2000,4754.8000,4753.8000,4753.2000,4757.8000,4758.8000,4759.0000,4760.0000,4760.4000,3,1,2,1,3,1,2,1,2,1
SF,IF2012,2020-08-18 09:32:30.500,4756.8000,34621,0,684653220.000,1,0,1,多换,S,4756.8000,4755.2000,4755.0000,4754.8000,4753.8000,4757.0000,4757.8000,4758.8000,4759.0000,4760.0000,2,1,1,2,1,1,1,1,1,2
SF,IF2012,2020-08-18 09:32:31.000,4756.8000,34620,-1,688934400.000,3,1,2,多平,S,4755.2000,4755.0000,4754.8000,4753.8000,4753.2000,4756.6000,4757.8000,4758.8000,4759.0000,4760.0000,1,1,2,1,3,1,1,1,1,2
SF,IF2012,2020-08-18 09:32:31.500,4756.8000,34620,0,690361440.000,1,0,1,多换,S,4755.6000,4755.4000,4755.2000,4755.0000,4754.8000,4756.6000,4757.8000,4759.0000,4760.0000,4760.4000,1,3,1,1,2,1,1,1,2,1
SF,IF2012,2020-08-18 09:32:32.000,4756.8000,34620,0,693215520.000,2,1,1,多换,S,4755.0000,4754.8000,4753.8000,4752.0000,4751.8000,4756.4000,4757.8000,4758.2000,4759.0000,4760.0000,1,2,1,1,1,1,1,1,1,2
SF,IF2012,2020-08-18 09:32:32.500,4755.0000,34620,0,694642020.000,1,0,1,多换,S,4755.2000,4754.8000,4753.8000,4752.0000,4751.8000,4756.2000,4757.8000,4758.2000,4759.0000,4760.0000,2,2,1,1,1,1,2,1,1,2
SF,IF2012,2020-08-18 09:32:33.000,4756.0000,34621,1,696068820.000,1,1,0,双开,S,4755.2000,4754.8000,4753.8000,4752.0000,4751.8000,4757.8000,4758.2000,4759.0000,4760.0000,4760.4000,2,2,1,1,1,2,1,1,2,1
SF,IF2012,2020-08-18 09:32:33.500,4756.0000,34621,0,696068820.000,0,-,-,-,-,4756.8000,4755.4000,4755.2000,4754.8000,4753.8000,4757.6000,4757.8000,4758.2000,4759.0000,4760.0000,1,1,2,2,1,2,2,1,1,2
SF,IF2012,2020-08-18 09:32:34.000,4756.6000,34621,0,697495800.000,1,0,1,多换,S,4755.4000,4755.2000,4754.8000,4753.8000,4752.0000,4755.6000,4756.4000,4757.6000,4757.8000,4758.2000,1,1,2,1,1,1,2,1,1,1
SF,IF2012,2020-08-18 09:32:34.500,4756.4000,34620,-1,700349400.000,2,0,2,多平,S,4755.8000,4755.6000,4755.4000,4754.8000,4753.8000,4756.4000,4757.8000,4758.2000,4759.0000,4760.0000,1,2,1,2,1,1,1,1,1,2
SF,IF2012,2020-08-18 09:32:35.000,4756.4000,34618,-2,703203240.000,2,0,2,双平,S,4756.0000,4755.8000,4755.6000,4754.8000,4753.8000,4757.8000,4758.2000,4759.0000,4759.8000,4760.0000,3,1,1,2,1,1,1,1,1,2
SF,IF2012,2020-08-18 09:32:35.500,4756.4000,34618,0,703203240.000,0,-,-,-,-,4756.2000,4756.0000,4755.6000,4754.8000,4753.8000,4757.4000,4757.8000,4758.6000,4759.0000,4759.8000,4,3,1,2,1,1,1,1,1,1
SF,IF2012,2020-08-18 09:32:36.000,4756.4000,34618,0,704630160.000,1,0,1,多换,S,4756.6000,4756.4000,4756.2000,4755.6000,4754.8000,4757.8000,4758.6000,4759.0000,4759.8000,4760.0000,1,3,3,1,2,1,1,1,1,2
SF,IF2012,2020-08-18 09:32:36.500,4756.6000,34617,-1,706057140.000,1,0,1,双平,S,4756.8000,4756.6000,4756.4000,4756.2000,4755.6000,4757.8000,4758.6000,4759.0000,4759.8000,4760.0000,1,1,2,3,1,1,1,1,1,2
SF,IF2012,2020-08-18 09:32:37.000,4756.4000,34615,-2,708911040.000,2,0,2,双平,S,4756.2000,4755.6000,4754.8000,4753.8000,4752.0000,4756.4000,4757.6000,4757.8000,4758.6000,4759.0000,3,1,2,1,1,1,2,1,1,1
SF,IF2012,2020-08-18 09:32:37.500,4756.2000,34612,-3,713191620.000,3,0,3,双平,S,4755.6000,4754.8000,4753.8000,4752.0000,4751.8000,4756.4000,4757.0000,4757.6000,4757.8000,4758.6000,1,2,1,1,1,1,1,2,1,1
SF,IF2012,2020-08-18 09:32:38.000,4756.4000,34611,-1,717472140.000,3,1,2,多平,S,4754.8000,4753.8000,4752.0000,4751.8000,4750.0000,4757.0000,4757.6000,4757.8000,4758.6000,4759.0000,2,1,1,1,1,1,2,1,1,1
SF,IF2012,2020-08-18 09:32:38.500,4756.4000,34611,0,717472140.000,0,-,-,-,-,4755.0000,4754.8000,4753.8000,4752.0000,4751.8000,4756.2000,4756.6000,4756.8000,4757.6000,4757.8000,2,2,1,1,1,10,2,1,2,1
SF,IF2012,2020-08-18 09:32:39.000,4756.2000,34607,-4,723179580.000,4,0,4,双平,S,4755.2000,4754.8000,4753.8000,4752.0000,4751.8000,4756.2000,4756.6000,4756.8000,4757.8000,4758.6000,2,2,1,1,1,6,1,1,1,1
SF,IF2012,2020-08-18 09:32:39.500,4756.2000,34603,-4,728887020.000,4,0,4,双平,S,4755.4000,4755.2000,4754.8000,4753.8000,4752.0000,4756.2000,4756.6000,4756.8000,4757.8000,4758.6000,5,2,2,1,1,2,1,1,1,1
SF,IF2012,2020-08-18 09:32:40.000,4756.2000,34601,-2,731740740.000,2,0,2,双平,S,4756.2000,4755.6000,4755.4000,4754.8000,4754.4000,4756.6000,4757.8000,4758.6000,4759.0000,4759.8000,2,2,4,2,1,1,1,1,1,1
SF,IF2012,2020-08-18 09:32:40.500,4756.6000,34600,-1,733167720.000,1,0,1,双平,S,4756.4000,4756.2000,4755.4000,4754.8000,4754.4000,4757.8000,4758.6000,4759.0000,4759.8000,4760.0000,1,2,4,2,1,1,1,1,1,1
SF,IF2012,2020-08-18 09:32:41.000,4756.4000,34600,0,734594640.000,1,0,1,多换,S,4756.2000,4755.4000,4754.8000,4754.4000,4754.0000,4757.4000,4757.6000,4757.8000,4758.6000,4759.0000,2,1,2,1,1,1,2,2,1,1
SF,IF2012,2020-08-18 09:32:41.500,4756.2000,34598,-2,737448360.000,2,0,2,双平,S,4755.4000,4754.8000,4754.4000,4754.0000,4753.8000,4755.8000,4757.2000,4757.4000,4757.6000,4757.8000,1,2,1,1,1,1,1,2,1,2
SF,IF2012,2020-08-18 09:32:42.000,4755.4000,34597,-1,738874980.000,1,0,1,双平,S,4754.8000,4754.4000,4754.0000,4753.8000,4751.8000,4755.4000,4755.6000,4755.8000,4757.2000,4757.4000,2,1,1,1,1,7,1,1,1,1
SF,IF2012,2020-08-18 09:32:42.500,4754.8000,34597,0,741727860.000,2,1,1,多换,S,4754.4000,4754.0000,4753.8000,4751.8000,4750.0000,4755.4000,4755.6000,4755.8000,4757.2000,4757.4000,1,1,1,1,1,7,1,1,1,1
SF,IF2012,2020-08-18 09:32:43.000,4754.0000,34597,0,744580380.000,2,1,1,多换,S,4753.8000,4751.8000,4750.0000,4749.8000,4748.6000,4755.2000,4755.4000,4755.6000,4755.8000,4757.2000,1,1,1,1,1,1,7,1,1,1
SF,IF2012,2020-08-18 09:32:43.500,4754.0000,34597,0,744580380.000,0,-,-,-,-,4753.8000,4751.8000,4750.0000,4749.8000,4748.6000,4754.8000,4755.0000,4755.4000,4755.6000,4755.8000,1,1,1,1,1,1,2,7,1,1
SF,IF2012,2020-08-18 09:32:44.000,4755.4000,34597,0,760272300.000,11,5,6,多换,S,4754.0000,4751.8000,4750.0000,4749.8000,4748.6000,4754.4000,4755.6000,4755.8000,4757.6000,4757.8000,1,1,1,1,1,1,1,1,1,5
SF,IF2012,2020-08-18 09:32:44.500,4754.0000,34597,0,761698500.000,1,0,1,多换,S,4751.8000,4750.0000,4749.8000,4748.6000,4747.0000,4754.4000,4755.6000,4755.8000,4757.6000,4757.8000,1,1,1,1,1,1,1,1,1,5
SF,IF2012,2020-08-18 09:32:45.000,4754.2000,34597,0,763124760.000,1,0,1,多换,S,4752.2000,4752.0000,4751.8000,4750.0000,4749.8000,4754.4000,4755.6000,4755.8000,4757.8000,4758.0000,1,3,2,1,1,1,1,1,5,2
SF,IF2012,2020-08-18 09:32:45.500,4752.6000,34595,-2,765976860.000,2,0,2,双平,S,4752.6000,4752.4000,4752.2000,4752.0000,4751.8000,4755.8000,4757.8000,4758.0000,4758.6000,4759.0000,1,2,2,1,1,1,5,2,1,1
SF,IF2012,2020-08-18 09:32:46.000,4752.6000,34595,0,765976860.000,0,-,-,-,-,4753.0000,4752.8000,4752.6000,4752.2000,4752.0000,4755.8000,4757.8000,4758.0000,4758.6000,4759.0000,1,2,1,1,1,1,5,2,1,1
SF,IF2012,2020-08-18 09:32:46.500,4752.6000,34595,0,765976860.000,0,-,-,-,-,4753.2000,4753.0000,4752.6000,4752.2000,4751.8000,4755.6000,4755.8000,4757.8000,4758.0000,4758.6000,2,2,1,1,1,1,1,5,2,1
SF,IF2012,2020-08-18 09:32:47.000,4752.6000,34595,0,765976860.000,0,-,-,-,-,4753.2000,4753.0000,4752.6000,4752.2000,4751.8000,4755.4000,4755.6000,4755.8000,4757.8000,4758.0000,2,2,2,1,1,1,1,1,5,2
SF,IF2012,2020-08-18 09:32:47.500,4755.4000,34595,0,767403480.000,1,0,1,多换,S,4753.2000,4753.0000,4752.6000,4752.2000,4751.8000,4755.6000,4755.8000,4757.8000,4758.0000,4758.6000,2,2,2,1,1,1,1,5,2,1
SF,IF2012,2020-08-18 09:32:48.000,4755.4000,34595,0,767403480.000,0,-,-,-,-,4753.2000,4753.0000,4752.6000,4752.2000,4751.8000,4755.2000,4755.4000,4755.6000,4755.8000,4757.8000,2,1,2,1,1,2,1,1,1,5
SF,IF2012,2020-08-18 09:32:48.500,4754.2000,34593,-2,771682200.000,3,0,3,多平,S,4754.2000,4753.2000,4753.0000,4752.6000,4752.2000,4755.0000,4755.6000,4755.8000,4757.8000,4758.0000,1,1,1,1,1,6,1,1,5,2
SF,IF2012,2020-08-18 09:32:49.000,4753.0000,34590,-3,775960320.000,3,0,3,双平,S,4752.6000,4751.8000,4750.0000,4749.8000,4748.6000,4753.2000,4753.8000,4754.2000,4754.8000,4755.0000,1,1,1,1,1,1,2,1,2,1
SF,IF2012,2020-08-18 09:32:49.500,4752.6000,34590,0,777386100.000,1,0,1,多换,S,4751.8000,4750.0000,4749.8000,4748.6000,4747.0000,4753.2000,4753.8000,4754.2000,4754.8000,4755.6000,1,1,1,1,1,1,2,1,2,1
SF,IF2012,2020-08-18 09:32:50.000,4751.8000,34589,-1,780237240.000,2,0,2,多平,S,4750.0000,4749.8000,4748.6000,4747.0000,4746.4000,4752.8000,4753.0000,4753.2000,4753.8000,4754.2000,1,1,1,1,1,1,1,1,2,1
SF,IF2012,2020-08-18 09:32:50.500,4751.8000,34589,0,780237240.000,0,-,-,-,-,4750.6000,4750.2000,4750.0000,4749.8000,4748.6000,4752.6000,4753.0000,4753.8000,4754.8000,4755.8000,1,2,1,1,1,1,1,2,1,1
SF,IF2012,2020-08-18 09:32:51.000,4753.0000,34587,-2,783088920.000,2,0,2,双平,S,4753.2000,4752.6000,4751.0000,4750.8000,4750.6000,4753.8000,4754.8000,4755.6000,4755.8000,4757.6000,1,1,1,3,2,2,1,2,1,1
SF,IF2012,2020-08-18 09:32:51.500,4753.0000,34586,-1,784514820.000,1,0,1,双平,S,4753.4000,4753.2000,4752.6000,4751.0000,4750.8000,4753.8000,4755.6000,4755.8000,4757.6000,4757.8000,1,1,1,1,1,2,2,1,1,5
SF,IF2012,2020-08-18 09:32:52.000,4753.8000,34584,-2,787367100.000,2,0,2,双平,S,4753.4000,4753.2000,4752.6000,4751.0000,4750.8000,4755.6000,4755.8000,4757.6000,4757.8000,4758.6000,1,1,1,1,1,2,1,1,5,1
SF,IF2012,2020-08-18 09:32:52.500,4753.8000,34584,0,787367100.000,0,-,-,-,-,4753.6000,4753.4000,4753.2000,4752.6000,4751.0000,4755.2000,4755.4000,4755.8000,4757.6000,4757.8000,1,1,1,1,1,3,1,1,1,5
SF,IF2012,2020-08-18 09:32:53.000,4753.8000,34584,0,787367100.000,0,-,-,-,-,4753.6000,4753.2000,4752.6000,4751.0000,4750.6000,4755.0000,4755.8000,4757.6000,4757.8000,4758.6000,1,1,1,1,1,1,1,1,5,1
SF,IF2012,2020-08-18 09:32:53.500,4754.6000,34584,0,791645820.000,3,1,2,多换,S,4752.6000,4751.0000,4750.6000,4750.2000,4750.0000,4754.8000,4755.0000,4755.8000,4757.8000,4758.6000,1,1,1,1,1,1,2,1,5,1
SF,IF2012,2020-08-18 09:32:54.000,4754.6000,34584,0,791645820.000,0,-,-,-,-,4753.0000,4752.8000,4752.6000,4751.0000,4750.6000,4753.4000,4755.8000,4757.8000,4758.6000,4759.0000,1,3,1,1,1,1,1,5,1,1
SF,IF2012,2020-08-18 09:32:54.500,4753.4000,34583,-1,793071840.000,1,0,1,双平,S,4753.0000,4752.8000,4752.6000,4751.0000,4750.6000,4755.8000,4757.8000,4758.6000,4759.0000,4759.8000,1,1,1,1,1,1,5,1,1,1
SF,IF2012,2020-08-18 09:32:55.000,4753.4000,34583,0,793071840.000,0,-,-,-,-,4754.8000,4753.4000,4753.2000,4752.8000,4752.6000,4755.8000,4757.8000,4758.6000,4759.0000,4759.8000,10,2,2,1,1,2,5,1,1,1
SF,IF2012,2020-08-18 09:32:55.500,4754.8000,34583,0,805909800.000,9,4,5,多换,S,4754.8000,4753.4000,4753.2000,4752.6000,4751.0000,4755.4000,4755.6000,4755.8000,4757.8000,4758.6000,1,2,1,1,1,1,1,2,5,1
SF,IF2012,2020-08-18 09:32:56.000,4755.2000,34582,-1,808762800.000,2,0,2,多平,S,4753.4000,4753.2000,4751.0000,4750.6000,4750.2000,4755.4000,4755.8000,4757.8000,4758.6000,4759.0000,2,1,1,1,1,2,2,5,1,1
SF,IF2012,2020-08-18 09:32:56.500,4755.2000,34582,0,808762800.000,0,-,-,-,-,4753.6000,4753.4000,4751.0000,4750.6000,4750.2000,4755.2000,4755.4000,4755.8000,4757.8000,4758.6000,6,2,1,1,1,1,1,1,5,1
SF,IF2012,2020-08-18 09:32:57.000,4755.2000,34582,0,808762800.000,0,-,-,-,-,4753.6000,4753.4000,4751.0000,4750.6000,4750.2000,4755.0000,4755.2000,4755.8000,4757.8000,4758.6000,2,2,1,1,1,2,2,1,5,1
SF,IF2012,2020-08-18 09:32:57.500,4755.2000,34582,0,808762800.000,0,-,-,-,-,4753.4000,4751.0000,4750.6000,4750.2000,4750.0000,4754.8000,4755.0000,4755.2000,4755.8000,4757.8000,2,1,1,1,1,5,2,1,1,5
SF,IF2012,2020-08-18 09:32:58.000,4753.6000,34581,-1,810188880.000,1,0,1,双平,S,4753.4000,4751.0000,4750.6000,4750.2000,4750.0000,4754.6000,4754.8000,4755.0000,4755.8000,4757.8000,2,1,1,1,1,1,3,1,1,5
SF,IF2012,2020-08-18 09:32:58.500,4753.6000,34581,0,810188880.000,0,-,-,-,-,4753.4000,4751.0000,4750.6000,4750.2000,4750.0000,4754.4000,4754.6000,4754.8000,4755.8000,4757.8000,2,1,1,1,1,1,1,3,1,5
SF,IF2012,2020-08-18 09:32:59.000,4753.6000,34581,0,810188880.000,0,-,-,-,-,4753.6000,4753.4000,4751.0000,4750.6000,4750.2000,4754.4000,4754.8000,4755.8000,4757.8000,4758.6000,1,2,1,1,1,1,3,1,5,1
SF,IF2012,2020-08-18 09:32:59.500,4753.6000,34581,0,811614960.000,1,0,1,多换,S,4753.4000,4751.0000,4750.6000,4750.2000,4750.0000,4754.8000,4755.8000,4757.8000,4758.6000,4759.0000,2,1,1,1,1,1,1,5,1,1
SF,IF2012,2020-08-18 09:33:00.000,4754.8000,34577,-4,817320000.000,4,0,4,双平,S,4754.8000,4753.6000,4751.0000,4750.6000,4750.2000,4755.8000,4757.8000,4758.6000,4759.0000,4759.4000,1,1,1,1,1,1,5,1,1,1
SF,IF2012,2020-08-18 09:33:00.500,4753.6000,34574,-3,821598960.000,3,0,3,双平,S,4751.0000,4750.6000,4750.2000,4750.0000,4749.8000,4754.4000,4754.8000,4755.4000,4755.6000,4755.8000,1,1,1,1,2,1,1,1,1,2
SF,IF2012,2020-08-18 09:33:01.000,4753.6000,34574,0,821598960.000,0,-,-,-,-,4751.2000,4751.0000,4750.6000,4750.2000,4750.0000,4754.4000,4754.8000,4755.4000,4755.8000,4757.8000,2,1,1,1,1,2,1,1,1,5
SF,IF2012,2020-08-18 09:33:01.500,4754.4000,34574,0,827304060.000,4,2,2,多换,S,4751.2000,4751.0000,4750.6000,4750.2000,4750.0000,4754.4000,4754.8000,4755.4000,4755.6000,4755.8000,2,1,1,1,1,1,1,1,1,1
SF,IF2012,2020-08-18 09:33:02.000,4754.4000,34574,0,827304060.000,0,-,-,-,-,4751.2000,4751.0000,4750.6000,4750.2000,4750.0000,4753.8000,4754.2000,4754.4000,4754.8000,4755.4000,2,1,1,1,1,1,1,1,1,1
SF,IF2012,2020-08-18 09:33:02.500,4754.4000,34574,0,827304060.000,0,-,-,-,-,4751.2000,4751.0000,4750.6000,4750.2000,4750.0000,4753.6000,4753.8000,4754.2000,4754.8000,4755.4000,2,1,1,1,1,1,2,1,1,1
SF,IF2012,2020-08-18 09:33:03.000,4754.4000,34574,0,827304060.000,0,-,-,-,-,4751.6000,4751.2000,4751.0000,4750.6000,4750.2000,4753.6000,4753.8000,4754.8000,4755.4000,4755.8000,1,2,1,1,1,2,1,1,1,1
SF,IF2012,2020-08-18 09:33:03.500,4754.4000,34574,0,827304060.000,0,-,-,-,-,4751.8000,4751.0000,4750.6000,4750.2000,4750.0000,4753.6000,4753.8000,4754.2000,4754.8000,4755.4000,4,1,1,1,1,1,1,1,1,1
SF,IF2012,2020-08-18 09:33:04.000,4754.4000,34574,0,827304060.000,0,-,-,-,-,4751.8000,4751.0000,4750.6000,4750.2000,4750.0000,4753.2000,4753.6000,4754.8000,4755.4000,4755.8000,3,1,1,1,1,1,1,1,1,1
SF,IF2012,2020-08-18 09:33:04.500,4751.8000,34573,-1,828729600.000,1,0,1,双平,S,4751.8000,4751.0000,4750.6000,4750.2000,4750.0000,4753.2000,4754.8000,4755.4000,4755.8000,4757.8000,1,1,1,1,1,2,1,1,1,5
SF,IF2012,2020-08-18 09:33:05.000,4751.8000,34572,-1,830155140.000,1,0,1,双平,S,4751.0000,4750.6000,4750.2000,4750.0000,4749.8000,4753.0000,4753.2000,4754.8000,4755.4000,4755.8000,1,1,1,1,2,2,1,1,1,1
SF,IF2012,2020-08-18 09:33:05.500,4751.8000,34572,0,830155140.000,0,-,-,-,-,4751.2000,4750.6000,4750.2000,4750.0000,4749.8000,4752.8000,4753.0000,4753.2000,4754.2000,4754.8000,2,1,1,1,2,3,2,1,1,1
SF,IF2012,2020-08-18 09:33:06.000,4751.2000,34571,-1,831580500.000,1,0,1,双平,S,4750.6000,4750.2000,4750.0000,4749.8000,4748.6000,4752.6000,4752.8000,4753.0000,4754.8000,4755.4000,1,1,1,2,1,6,1,1,1,1
SF,IF2012,2020-08-18 09:33:06.500,4751.2000,34571,0,831580500.000,0,-,-,-,-,4750.6000,4750.2000,4750.0000,4749.8000,4748.6000,4752.4000,4752.6000,4753.0000,4753.2000,4754.8000,1,1,1,2,1,5,4,1,1,1
SF,IF2012,2020-08-18 09:33:07.000,4752.2000,34571,0,834431820.000,2,1,1,多换,S,4750.6000,4750.2000,4750.0000,4749.8000,4748.6000,4752.0000,4752.2000,4752.4000,4752.6000,4753.0000,1,1,1,2,1,1,1,2,2,1
SF,IF2012,2020-08-18 09:33:07.500,4752.2000,34571,0,834431820.000,0,-,-,-,-,4750.8000,4750.0000,4749.8000,4748.6000,4747.0000,4752.0000,4752.2000,4752.4000,4752.6000,4753.0000,1,1,2,1,1,3,2,1,2,1
SF,IF2012,2020-08-18 09:33:08.000,4752.2000,34571,0,834431820.000,0,-,-,-,-,4750.0000,4749.8000,4748.6000,4747.0000,4746.4000,4751.8000,4752.0000,4752.2000,4752.4000,4752.6000,1,2,1,1,1,2,1,1,1,2
SF,IF2012,2020-08-18 09:33:08.500,4752.2000,34571,0,834431820.000,0,-,-,-,-,4750.2000,4750.0000,4749.8000,4748.6000,4747.0000,4751.8000,4752.0000,4754.8000,4755.4000,4755.8000,1,1,2,1,1,1,1,1,1,1
SF,IF2012,2020-08-18 09:33:09.000,4752.0000,34568,-3,838708500.000,3,0,3,双平,S,4750.6000,4750.4000,4750.2000,4750.0000,4749.8000,4754.8000,4755.4000,4755.8000,4757.8000,4758.0000,1,1,1,1,2,1,1,1,5,1
SF,IF2012,2020-08-18 09:33:09.500,4752.0000,34568,0,838708500.000,0,-,-,-,-,4751.0000,4750.8000,4750.6000,4750.4000,4750.0000,4753.8000,4754.2000,4754.6000,4754.8000,4755.8000,1,2,1,2,1,1,1,2,2,1
SF,IF2012,2020-08-18 09:33:10.000,4751.2000,34567,-1,840133860.000,1,0,1,双平,S,4751.2000,4750.6000,4750.0000,4749.8000,4748.6000,4753.2000,4753.6000,4753.8000,4754.6000,4754.8000,1,1,1,2,1,1,1,2,2,1
SF,IF2012,2020-08-18 09:33:10.500,4751.2000,34566,-1,841559220.000,1,0,1,双平,S,4750.0000,4749.8000,4748.6000,4747.0000,4746.4000,4752.8000,4753.0000,4753.2000,4753.8000,4754.6000,1,2,1,1,1,1,3,1,1,2
SF,IF2012,2020-08-18 09:33:11.000,4751.2000,34566,0,841559220.000,0,-,-,-,-,4750.2000,4750.0000,4749.8000,4748.6000,4747.0000,4752.6000,4752.8000,4753.2000,4753.8000,4754.6000,1,1,2,1,1,1,1,1,1,2
SF,IF2012,2020-08-18 09:33:11.500,4750.2000,34565,-1,842984280.000,1,0,1,双平,S,4750.0000,4749.8000,4748.6000,4747.0000,4746.4000,4752.4000,4752.6000,4752.8000,4753.2000,4754.6000,1,2,1,1,1,2,2,1,1,2
SF,IF2012,2020-08-18 09:33:12.000,4750.0000,34565,0,844409280.000,1,0,1,多换,S,4750.4000,4749.8000,4748.6000,4747.0000,4746.4000,4752.0000,4752.2000,4752.4000,4754.6000,4754.8000,1,2,1,1,1,1,3,2,2,1
SF,IF2012,2020-08-18 09:33:12.500,4749.8000,34563,-2,848684280.000,3,0,3,多平,S,4748.6000,4747.0000,4746.4000,4744.2000,4743.8000,4750.0000,4750.4000,4751.8000,4752.0000,4752.2000,1,1,1,1,1,1,3,3,2,1
SF,IF2012,2020-08-18 09:33:13.000,4749.8000,34563,0,848684280.000,0,-,-,-,-,4749.0000,4748.6000,4747.0000,4746.4000,4744.2000,4749.2000,4749.8000,4750.0000,4750.4000,4751.8000,2,1,1,1,1,1,1,2,3,2
SF,IF2012,2020-08-18 09:33:13.500,4749.0000,34561,-2,851533680.000,2,0,2,双平,S,4748.6000,4747.0000,4746.4000,4744.2000,4743.8000,4749.0000,4749.8000,4750.0000,4750.4000,4751.2000,1,1,1,1,1,1,1,2,3,1
SF,IF2012,2020-08-18 09:33:14.000,4748.6000,34561,0,852958260.000,1,0,1,多换,S,4747.0000,4746.4000,4744.2000,4743.8000,4743.6000,4747.4000,4749.0000,4749.8000,4750.0000,4750.4000,1,1,1,1,1,1,2,1,1,3
SF,IF2012,2020-08-18 09:33:14.500,4747.4000,34560,-1,855806700.000,2,0,2,多平,S,4747.6000,4747.4000,4747.0000,4746.8000,4746.4000,4749.0000,4749.8000,4750.0000,4750.4000,4751.2000,1,1,1,2,1,1,1,1,3,1
SF,IF2012,2020-08-18 09:33:15.000,4749.0000,34559,-1,857231400.000,1,0,1,双平,S,4749.2000,4747.8000,4747.6000,4747.4000,4747.0000,4750.0000,4750.4000,4751.2000,4751.8000,4752.2000,2,3,1,1,1,1,3,1,2,1
SF,IF2012,2020-08-18 09:33:15.500,4750.0000,34559,0,860081400.000,2,1,1,多换,S,4749.4000,4747.8000,4747.4000,4747.0000,4746.4000,4750.0000,4750.4000,4751.2000,4751.8000,4752.2000,1,2,1,1,1,19,3,1,2,1
SF,IF2012,2020-08-18 09:33:16.000,4750.0000,34559,0,860081400.000,0,-,-,-,-,4747.8000,4747.4000,4747.0000,4746.4000,4744.2000,4748.6000,4749.8000,4750.0000,4750.4000,4751.2000,2,1,1,1,1,1,1,19,3,1
SF,IF2012,2020-08-18 09:33:16.500,4749.0000,34557,-2,862930680.000,2,0,2,双平,S,4748.0000,4747.8000,4747.4000,4747.0000,4746.4000,4749.8000,4750.0000,4750.4000,4751.8000,4752.2000,2,2,1,1,1,1,19,3,1,1
SF,IF2012,2020-08-18 09:33:17.000,4748.2000,34554,-3,867204060.000,3,0,3,双平,S,4748.2000,4748.0000,4747.8000,4747.4000,4747.0000,4749.8000,4750.0000,4750.4000,4751.8000,4752.2000,1,2,1,1,1,1,19,3,1,1
SF,IF2012,2020-08-18 09:33:17.500,4749.8000,34553,-1,868629000.000,1,0,1,双平,S,4748.6000,4748.4000,4748.2000,4747.8000,4747.4000,4750.0000,4750.4000,4751.8000,4752.2000,4753.2000,1,2,2,1,1,19,3,1,1,3
SF,IF2012,2020-08-18 09:33:18.000,4749.8000,34553,0,871478940.000,2,1,1,多换,S,4749.0000,4748.8000,4748.6000,4748.4000,4747.8000,4750.0000,4750.4000,4752.2000,4753.2000,4754.0000,1,2,2,1,1,18,3,1,3,1
SF,IF2012,2020-08-18 09:33:18.500,4750.0000,34553,0,872903940.000,1,0,1,多换,S,4749.2000,4749.0000,4748.6000,4748.4000,4747.8000,4750.0000,4750.4000,4752.2000,4754.0000,4754.6000,2,2,1,1,1,17,3,1,1,1
SF,IF2012,2020-08-18 09:33:19.000,4750.0000,34553,0,872903940.000,0,-,-,-,-,4749.2000,4749.0000,4748.6000,4748.4000,4747.8000,4750.0000,4750.4000,4752.2000,4754.0000,4754.6000,1,1,1,1,1,17,3,1,1,1
SF,IF2012,2020-08-18 09:33:19.500,4749.0000,34552,-1,877178160.000,3,1,2,多平,S,4748.6000,4748.4000,4747.8000,4747.0000,4746.4000,4750.0000,4750.4000,4752.2000,4754.0000,4754.6000,1,1,1,1,1,17,3,1,1,1
SF,IF2012,2020-08-18 09:33:20.000,4748.6000,34551,-1,878602740.000,1,0,1,双平,S,4748.4000,4747.8000,4747.0000,4746.4000,4744.2000,4749.8000,4750.0000,4750.4000,4752.2000,4754.0000,1,1,1,1,1,5,17,3,1,1
SF,IF2012,2020-08-18 09:33:20.500,4748.4000,34550,-1,880027260.000,1,0,1,双平,S,4747.8000,4747.0000,4746.4000,4744.2000,4743.8000,4749.6000,4749.8000,4750.0000,4750.4000,4751.2000,2,1,1,1,1,2,4,17,3,1
SF,IF2012,2020-08-18 09:33:21.000,4748.4000,34550,0,880027260.000,0,-,-,-,-,4747.8000,4747.0000,4746.4000,4746.0000,4744.2000,4749.4000,4749.6000,4749.8000,4750.0000,4750.4000,1,1,1,1,1,3,1,3,17,3
SF,IF2012,2020-08-18 09:33:21.500,4748.4000,34550,0,880027260.000,0,-,-,-,-,4748.0000,4747.8000,4747.0000,4746.4000,4746.0000,4749.4000,4750.0000,4750.4000,4752.2000,4753.0000,1,1,1,1,1,3,17,3,1,1
SF,IF2012,2020-08-18 09:33:22.000,4748.4000,34550,0,880027260.000,0,-,-,-,-,4748.2000,4748.0000,4747.8000,4747.0000,4746.4000,4749.4000,4750.0000,4750.4000,4752.2000,4753.0000,4,1,1,1,1,1,17,3,1,1
SF,IF2012,2020-08-18 09:33:22.500,4748.4000,34550,0,880027260.000,0,-,-,-,-,4748.2000,4748.0000,4747.8000,4747.0000,4746.4000,4749.4000,4750.0000,4750.4000,4752.2000,4753.0000,3,1,1,1,1,1,17,3,1,1
SF,IF2012,2020-08-18 09:33:23.000,4748.2000,34549,-1,881451720.000,1,0,1,双平,S,4748.2000,4748.0000,4747.8000,4747.0000,4746.4000,4749.4000,4750.0000,4750.4000,4752.2000,4753.0000,2,1,1,1,1,2,17,3,1,1
SF,IF2012,2020-08-18 09:33:23.500,4748.2000,34549,0,881451720.000,0,-,-,-,-,4748.2000,4748.0000,4747.8000,4747.0000,4746.4000,4749.4000,4750.0000,4750.4000,4752.2000,4753.0000,1,1,1,1,1,2,17,3,1,1
SF,IF2012,2020-08-18 09:33:24.000,4748.2000,34549,0,881451720.000,0,-,-,-,-,4748.2000,4748.0000,4747.8000,4747.0000,4746.4000,4749.4000,4750.0000,4750.4000,4752.2000,4753.0000,1,1,1,1,1,1,17,3,1,1
SF,IF2012,2020-08-18 09:33:24.500,4748.2000,34548,-1,882876180.000,1,0,1,双平,S,4748.0000,4747.8000,4747.0000,4746.4000,4746.0000,4748.2000,4749.4000,4750.0000,4750.4000,4752.2000,1,1,1,1,1,4,1,17,3,1
SF,IF2012,2020-08-18 09:33:25.000,4748.2000,34544,-4,888574020.000,4,0,4,双平,S,4748.0000,4747.8000,4747.0000,4746.4000,4746.0000,4749.4000,4750.0000,4750.4000,4752.2000,4753.0000,1,1,1,1,1,1,17,3,1,1
SF,IF2012,2020-08-18 09:33:25.500,4748.2000,34544,0,888574020.000,0,-,-,-,-,4749.4000,4748.2000,4748.0000,4747.8000,4747.0000,4750.0000,4750.4000,4752.2000,4753.0000,4754.0000,1,2,1,1,1,17,3,1,1,1
SF,IF2012,2020-08-18 09:33:26.000,4750.0000,34544,0,889999020.000,1,0,1,多换,S,4748.2000,4748.0000,4747.8000,4747.0000,4746.4000,4750.0000,4750.4000,4752.2000,4753.0000,4754.0000,1,1,1,1,1,16,3,1,1,1
SF,IF2012,2020-08-18 09:33:26.500,4750.0000,34544,0,889999020.000,0,-,-,-,-,4748.2000,4748.0000,4747.8000,4747.0000,4746.4000,4749.6000,4749.8000,4750.0000,4750.4000,4752.2000,1,1,1,1,1,1,2,16,3,1
SF,IF2012,2020-08-18 09:33:27.000,4750.0000,34544,0,889999020.000,0,-,-,-,-,4748.0000,4747.8000,4747.0000,4746.4000,4746.0000,4749.2000,4749.4000,4749.6000,4750.0000,4750.4000,1,1,1,1,1,2,2,1,16,3
SF,IF2012,2020-08-18 09:33:27.500,4750.0000,34544,0,889999020.000,0,-,-,-,-,4748.0000,4747.8000,4747.0000,4746.4000,4746.0000,4749.0000,4749.4000,4750.0000,4750.4000,4752.2000,1,1,1,1,1,2,1,16,3,1
SF,IF2012,2020-08-18 09:33:28.000,4750.0000,34544,0,889999020.000,0,-,-,-,-,4748.0000,4747.8000,4747.0000,4746.4000,4746.0000,4749.0000,4749.4000,4750.0000,4750.4000,4752.2000,1,1,1,1,1,2,1,16,3,1
SF,IF2012,2020-08-18 09:33:28.500,4748.0000,34543,-1,891423420.000,1,0,1,双平,S,4747.8000,4747.0000,4746.4000,4746.0000,4745.0000,4749.0000,4749.4000,4750.0000,4750.4000,4752.2000,1,1,1,1,1,2,1,16,4,1
SF,IF2012,2020-08-18 09:33:29.000,4748.0000,34543,0,891423420.000,0,-,-,-,-,4747.8000,4747.6000,4747.0000,4746.4000,4746.0000,4748.8000,4749.0000,4749.4000,4750.0000,4750.4000,1,1,1,1,1,1,2,1,16,3
SF,IF2012,2020-08-18 09:33:29.500,4748.0000,34543,0,891423420.000,0,-,-,-,-,4747.8000,4747.6000,4747.0000,4746.4000,4746.0000,4748.6000,4749.8000,4750.0000,4750.4000,4752.2000,1,1,1,1,1,1,1,16,3,1
SF,IF2012,2020-08-18 09:33:30.000,4748.6000,34543,0,894272580.000,2,1,1,多换,S,4747.8000,4747.6000,4747.0000,4746.4000,4746.0000,4749.8000,4750.0000,4750.4000,4752.2000,4752.8000,1,1,1,1,1,1,16,3,1,1
SF,IF2012,2020-08-18 09:33:30.500,4748.6000,34543,0,894272580.000,0,-,-,-,-,4748.0000,4747.8000,4747.6000,4747.0000,4746.4000,4749.6000,4749.8000,4750.0000,4750.4000,4752.8000,1,1,1,1,1,3,1,16,3,1
SF,IF2012,2020-08-18 09:33:31.000,4748.6000,34543,0,894272580.000,0,-,-,-,-,4747.8000,4747.6000,4747.0000,4746.4000,4746.0000,4749.4000,4749.6000,4749.8000,4750.0000,4750.4000,1,1,1,1,1,7,1,1,16,3
SF,IF2012,2020-08-18 09:33:31.500,4748.6000,34543,0,894272580.000,0,-,-,-,-,4748.0000,4747.8000,4747.6000,4747.0000,4746.4000,4749.2000,4749.4000,4749.6000,4750.0000,4750.4000,1,1,1,1,1,3,4,1,16,3
SF,IF2012,2020-08-18 09:33:32.000,4749.4000,34537,-6,902820960.000,6,0,6,双平,S,4748.2000,4748.0000,4747.8000,4747.6000,4747.0000,4749.4000,4749.6000,4750.0000,4750.4000,4752.8000,1,2,1,1,1,1,1,16,3,1
SF,IF2012,2020-08-18 09:33:32.500,4749.4000,34537,0,902820960.000,0,-,-,-,-,4748.4000,4748.2000,4748.0000,4747.8000,4747.6000,4750.0000,4750.4000,4752.8000,4753.0000,4754.0000,1,1,1,1,1,16,3,1,1,1
SF,IF2012,2020-08-18 09:33:33.000,4748.4000,34536,-1,905670000.000,2,0,2,多平,S,4748.0000,4747.8000,4747.6000,4747.0000,4746.4000,4749.8000,4750.0000,4750.4000,4752.8000,4753.0000,1,1,1,1,1,4,16,3,1,1
SF,IF2012,2020-08-18 09:33:34.000,4748.4000,34536,0,905670000.000,0,-,-,-,-,4748.0000,4747.8000,4747.6000,4747.0000,4746.4000,4749.8000,4750.0000,4750.4000,4752.8000,4753.0000,1,1,1,1,1,4,16,3,1,1
SF,IF2012,2020-08-18 09:33:34.500,4748.4000,34536,0,905670000.000,0,-,-,-,-,4748.0000,4747.8000,4747.6000,4747.0000,4746.4000,4749.6000,4749.8000,4750.0000,4750.4000,4752.8000,1,2,1,1,1,2,4,16,3,1
SF,IF2012,2020-08-18 09:33:35.000,4748.4000,34536,0,905670000.000,0,-,-,-,-,4748.0000,4747.8000,4747.6000,4747.0000,4746.4000,4749.4000,4749.6000,4750.0000,4750.4000,4752.8000,1,2,1,1,1,4,2,16,3,1
SF,IF2012,2020-08-18 09:33:35.500,4748.4000,34536,0,905670000.000,0,-,-,-,-,4748.0000,4747.8000,4747.6000,4747.0000,4746.4000,4749.2000,4749.4000,4750.0000,4750.4000,4752.8000,1,2,1,1,1,1,3,16,3,1
SF,IF2012,2020-08-18 09:33:36.000,4749.2000,34534,-2,909943620.000,3,0,3,多平,S,4747.8000,4747.6000,4747.0000,4746.4000,4746.0000,4749.4000,4750.0000,4750.4000,4752.8000,4753.0000,2,1,1,1,1,1,16,3,1,1
SF,IF2012,2020-08-18 09:33:36.500,4749.2000,34534,0,909943620.000,0,-,-,-,-,4748.0000,4747.8000,4747.6000,4747.0000,4746.4000,4749.4000,4750.0000,4750.4000,4752.8000,4753.0000,2,2,1,1,1,1,16,3,1,1
SF,IF2012,2020-08-18 09:33:37.500,4749.4000,34533,-1,911368440.000,1,0,1,双平,S,4748.2000,4748.0000,4747.8000,4747.6000,4747.0000,4750.0000,4750.4000,4752.8000,4753.0000,4754.0000,2,2,2,1,1,16,3,1,1,1
SF,IF2012,2020-08-18 09:33:38.000,4748.0000,34532,-1,914217300.000,2,0,2,多平,S,4747.8000,4747.6000,4747.0000,4746.4000,4746.0000,4749.6000,4749.8000,4750.0000,4750.4000,4752.8000,2,1,1,1,1,2,2,16,3,1
SF,IF2012,2020-08-18 09:33:38.500,4748.0000,34532,0,914217300.000,0,-,-,-,-,4747.8000,4747.6000,4747.0000,4746.4000,4746.0000,4748.0000,4749.4000,4750.0000,4750.4000,4752.8000,2,1,1,1,1,1,2,16,3,1
SF,IF2012,2020-08-18 09:33:39.000,4748.0000,34531,-1,915641700.000,1,0,1,双平,S,4748.0000,4747.8000,4747.6000,4747.0000,4746.4000,4750.0000,4750.4000,4752.8000,4753.0000,4754.0000,2,2,1,1,1,16,3,1,1,1
SF,IF2012,2020-08-18 09:33:39.500,4748.0000,34531,0,915641700.000,0,-,-,-,-,4748.2000,4748.0000,4747.8000,4747.6000,4747.0000,4749.8000,4750.0000,4750.4000,4752.8000,4753.0000,2,2,3,1,1,3,16,3,1,1
SF,IF2012,2020-08-18 09:33:40.000,4748.0000,34531,0,915641700.000,0,-,-,-,-,4748.2000,4748.0000,4747.8000,4747.6000,4747.0000,4749.6000,4749.8000,4750.0000,4750.4000,4752.8000,2,2,3,1,1,2,1,16,3,1
SF,IF2012,2020-08-18 09:33:40.500,4749.6000,34529,-2,918491400.000,2,0,2,双平,S,4748.4000,4748.2000,4748.0000,4747.8000,4747.6000,4749.8000,4750.0000,4750.4000,4752.8000,4753.0000,1,2,2,3,1,1,16,3,1,1
SF,IF2012,2020-08-18 09:33:41.000,4749.6000,34529,0,918491400.000,0,-,-,-,-,4748.6000,4748.4000,4748.2000,4748.0000,4747.8000,4749.6000,4750.0000,4750.4000,4752.0000,4752.8000,1,1,1,2,3,1,16,3,1,1
SF,IF2012,2020-08-18 09:33:41.500,4749.6000,34529,0,918491400.000,0,-,-,-,-,4748.2000,4748.0000,4747.8000,4747.6000,4747.0000,4749.4000,4750.0000,4750.4000,4752.0000,4752.8000,1,2,3,1,1,1,16,3,1,1
SF,IF2012,2020-08-18 09:33:42.000,4750.0000,34528,-1,921340860.000,2,0,2,多平,S,4748.2000,4748.0000,4747.8000,4747.6000,4747.0000,4750.0000,4750.4000,4752.0000,4752.8000,4753.0000,1,2,3,1,1,15,3,1,1,1
SF,IF2012,2020-08-18 09:33:42.500,4750.0000,34528,0,921340860.000,0,-,-,-,-,4748.4000,4748.0000,4747.8000,4747.6000,4747.0000,4749.6000,4749.8000,4750.0000,4750.4000,4752.0000,1,2,3,1,2,1,1,15,3,1
SF,IF2012,2020-08-18 09:33:43.000,4750.0000,34528,0,921340860.000,0,-,-,-,-,4748.6000,4748.4000,4748.0000,4747.8000,4747.6000,4750.0000,4750.4000,4752.0000,4752.8000,4753.0000,1,2,2,3,1,15,3,1,1,1
SF,IF2012,2020-08-18 09:33:43.500,4748.8000,34527,-1,922765500.000,1,0,1,双平,S,4748.6000,4748.0000,4747.8000,4747.6000,4747.0000,4749.8000,4750.0000,4750.4000,4752.0000,4752.8000,2,2,3,1,2,1,15,3,1,1
SF,IF2012,2020-08-18 09:33:44.000,4748.8000,34527,0,922765500.000,0,-,-,-,-,4748.6000,4747.8000,4747.6000,4747.0000,4746.4000,4750.0000,4750.4000,4752.0000,4752.8000,4753.0000,1,3,1,2,1,15,3,1,1,1
SF,IF2012,2020-08-18 09:33:44.500,4748.8000,34527,0,922765500.000,0,-,-,-,-,4748.6000,4747.8000,4747.6000,4747.0000,4746.4000,4749.8000,4750.0000,4750.4000,4752.0000,4752.8000,1,3,1,2,1,2,15,3,1,1
SF,IF2012,2020-08-18 09:33:45.000,4750.0000,34527,0,929890440.000,5,2,3,多换,S,4748.8000,4748.6000,4747.8000,4747.6000,4747.0000,4750.0000,4750.4000,4752.0000,4752.8000,4753.0000,2,2,3,1,2,11,3,1,1,1
SF,IF2012,2020-08-18 09:33:45.500,4750.4000,34525,-2,948415680.000,13,5,8,多平,S,4749.0000,4748.8000,4748.6000,4747.8000,4747.6000,4750.4000,4752.0000,4753.0000,4754.0000,4754.6000,2,3,1,3,1,1,1,1,1,1
SF,IF2012,2020-08-18 09:33:46.000,4750.4000,34524,-1,949840800.000,1,0,1,双平,S,4749.8000,4749.4000,4749.2000,4749.0000,4748.8000,4752.0000,4753.0000,4754.0000,4754.6000,4755.0000,1,1,1,2,1,1,1,1,1,2
SF,IF2012,2020-08-18 09:33:46.500,4750.4000,34524,0,949840800.000,0,-,-,-,-,4750.0000,4749.4000,4749.0000,4748.8000,4748.6000,4751.6000,4751.8000,4752.0000,4753.0000,4753.6000,1,1,1,1,1,1,1,1,1,2
SF,IF2012,2020-08-18 09:33:47.000,4750.4000,34524,0,949840800.000,0,-,-,-,-,4750.0000,4749.4000,4749.0000,4748.8000,4748.6000,4751.4000,4751.8000,4752.0000,4753.0000,4753.6000,5,1,1,1,1,1,1,1,1,2
SF,IF2012,2020-08-18 09:33:47.500,4751.4000,34523,-1,951266220.000,1,0,1,双平,S,4750.4000,4750.0000,4749.0000,4748.8000,4747.8000,4751.4000,4751.8000,4752.0000,4753.0000,4753.6000,1,5,1,1,1,1,1,1,1,2
SF,IF2012,2020-08-18 09:33:48.000,4750.4000,34523,0,952691340.000,1,0,1,多换,S,4750.0000,4749.0000,4748.8000,4747.8000,4747.0000,4751.2000,4751.4000,4752.0000,4753.0000,4753.6000,5,1,1,1,2,1,1,1,1,2
SF,IF2012,2020-08-18 09:33:48.500,4750.4000,34523,0,952691340.000,0,-,-,-,-,4750.0000,4749.0000,4748.8000,4747.8000,4747.0000,4751.2000,4752.0000,4753.0000,4754.0000,4754.2000,4,1,1,1,2,4,1,1,1,1
SF,IF2012,2020-08-18 09:33:49.000,4751.0000,34521,-2,959816640.000,5,1,4,多平,S,4749.0000,4748.8000,4747.8000,4747.0000,4746.4000,4751.0000,4751.2000,4751.8000,4752.0000,4753.0000,1,1,1,2,1,2,3,1,1,1
SF,IF2012,2020-08-18 09:33:49.500,4751.0000,34521,0,959816640.000,0,-,-,-,-,4749.2000,4749.0000,4748.8000,4747.8000,4747.0000,4750.4000,4750.8000,4751.8000,4752.0000,4753.0000,1,1,1,1,2,1,3,1,1,1
SF,IF2012,2020-08-18 09:33:50.000,4750.4000,34520,-1,962667060.000,2,0,2,多平,S,4749.4000,4749.2000,4749.0000,4748.8000,4747.8000,4750.6000,4750.8000,4751.8000,4752.0000,4753.0000,2,1,1,1,1,2,1,1,1,1
SF,IF2012,2020-08-18 09:33:50.500,4750.0000,34519,-1,966942420.000,3,1,2,多平,S,4749.6000,4749.0000,4748.8000,4747.8000,4747.0000,4751.8000,4752.0000,4753.0000,4754.0000,4754.2000,3,1,1,1,2,1,1,1,1,1
SF,IF2012,2020-08-18 09:33:51.000,4750.0000,34519,0,966942420.000,0,-,-,-,-,4749.6000,4749.0000,4748.8000,4747.8000,4747.0000,4751.4000,4751.6000,4751.8000,4752.0000,4753.0000,1,1,1,1,2,5,2,1,1,1
SF,IF2012,2020-08-18 09:33:51.500,4750.0000,34519,0,966942420.000,0,-,-,-,-,4749.6000,4749.0000,4748.8000,4747.8000,4747.0000,4751.2000,4751.4000,4751.6000,4751.8000,4752.0000,2,1,1,1,2,1,1,2,1,1
SF,IF2012,2020-08-18 09:33:52.000,4749.8000,34518,-1,968367360.000,1,0,1,双平,S,4749.6000,4749.0000,4748.8000,4747.8000,4747.0000,4751.0000,4751.4000,4751.6000,4751.8000,4752.0000,2,1,1,1,2,1,1,2,1,1
SF,IF2012,2020-08-18 09:33:52.500,4750.2000,34516,-2,971217840.000,2,0,2,双平,S,4749.8000,4749.6000,4749.0000,4748.8000,4747.8000,4751.6000,4751.8000,4752.0000,4753.0000,4754.0000,1,2,1,1,1,1,1,1,1,1
SF,IF2012,2020-08-18 09:33:53.000,4750.2000,34516,0,971217840.000,0,-,-,-,-,4750.0000,4749.6000,4749.0000,4748.8000,4747.8000,4751.6000,4751.8000,4752.0000,4753.0000,4754.0000,1,1,1,1,1,2,1,1,1,1
SF,IF2012,2020-08-18 09:33:53.500,4750.2000,34516,0,971217840.000,0,-,-,-,-,4750.0000,4749.0000,4748.8000,4747.8000,4747.0000,4751.4000,4751.6000,4751.8000,4752.0000,4753.0000,1,1,1,1,2,2,2,1,1,1
SF,IF2012,2020-08-18 09:33:54.000,4750.2000,34516,0,971217840.000,0,-,-,-,-,4750.0000,4749.0000,4748.8000,4747.8000,4747.0000,4751.2000,4751.4000,4751.6000,4751.8000,4752.0000,1,1,1,1,2,1,2,2,1,1
SF,IF2012,2020-08-18 09:33:54.500,4750.2000,34516,0,971217840.000,0,-,-,-,-,4750.0000,4749.0000,4748.8000,4747.8000,4747.0000,4751.6000,4751.8000,4752.0000,4753.0000,4754.0000,2,1,1,1,2,2,1,1,1,1
SF,IF2012,2020-08-18 09:33:55.000,4750.2000,34516,0,971217840.000,0,-,-,-,-,4749.0000,4748.8000,4747.8000,4747.0000,4746.4000,4750.2000,4751.4000,4751.6000,4751.8000,4752.0000,1,1,1,2,1,1,4,2,1,1
SF,IF2012,2020-08-18 09:33:55.500,4750.2000,34516,0,972642900.000,1,0,1,多换,S,4749.2000,4749.0000,4748.8000,4747.8000,4747.0000,4751.4000,4751.6000,4751.8000,4752.0000,4753.0000,1,2,1,1,2,2,2,1,1,1
SF,IF2012,2020-08-18 09:33:56.000,4751.0000,34515,-1,974068200.000,1,0,1,双平,S,4749.2000,4749.0000,4748.8000,4747.8000,4747.0000,4751.0000,4751.2000,4751.4000,4751.6000,4751.8000,1,2,1,1,2,1,1,2,1,1
SF,IF2012,2020-08-18 09:33:56.500,4751.0000,34515,0,974068200.000,0,-,-,-,-,4749.2000,4749.0000,4748.8000,4747.8000,4747.0000,4750.8000,4751.2000,4751.4000,4751.6000,4751.8000,1,1,1,1,2,1,1,1,1,1
SF,IF2012,2020-08-18 09:33:57.000,4749.0000,34513,-2,976917660.000,2,0,2,双平,S,4748.8000,4747.8000,4747.0000,4746.4000,4746.2000,4750.6000,4750.8000,4751.2000,4751.4000,4751.6000,1,1,2,1,1,1,1,2,1,1
SF,IF2012,2020-08-18 09:33:57.500,4748.8000,34513,0,978342300.000,1,0,1,多换,S,4748.8000,4747.8000,4747.0000,4746.4000,4746.2000,4750.4000,4750.6000,4751.2000,4751.4000,4751.6000,1,1,2,1,1,2,1,2,1,1
SF,IF2012,2020-08-18 09:33:58.000,4748.8000,34513,0,978342300.000,0,-,-,-,-,4749.0000,4748.8000,4747.8000,4747.0000,4746.4000,4750.4000,4751.2000,4751.4000,4751.6000,4752.0000,3,1,1,2,1,2,2,1,1,1
SF,IF2012,2020-08-18 09:33:58.500,4750.2000,34512,-1,982616760.000,3,1,2,多平,S,4747.8000,4747.0000,4746.4000,4746.2000,4746.0000,4750.4000,4751.2000,4751.4000,4751.6000,4752.0000,1,2,1,1,1,2,2,1,1,1
SF,IF2012,2020-08-18 09:33:59.000,4750.2000,34512,0,982616760.000,0,-,-,-,-,4748.0000,4747.8000,4747.0000,4746.4000,4746.2000,4750.0000,4750.2000,4750.4000,4751.2000,4751.6000,1,2,2,1,1,2,3,1,1,1
SF,IF2012,2020-08-18 09:33:59.500,4747.8000,34512,0,984041100.000,1,0,1,多换,S,4747.8000,4747.0000,4746.4000,4746.2000,4746.0000,4749.8000,4751.2000,4751.6000,4752.0000,4753.0000,1,2,1,1,1,8,1,1,1,1
SF,IF2012,2020-08-18 09:34:00.000,4747.8000,34512,0,985465440.000,1,0,1,多换,S,4747.0000,4746.4000,4746.2000,4746.0000,4744.2000,4749.6000,4749.8000,4751.2000,4751.6000,4752.0000,2,1,1,1,1,3,6,1,1,1
SF,IF2012,2020-08-18 09:34:00.500,4747.0000,34512,0,988313640.000,2,1,1,多换,S,4747.2000,4746.4000,4746.2000,4746.0000,4744.2000,4748.8000,4749.0000,4749.4000,4749.8000,4751.2000,1,1,1,2,1,1,2,5,1,1
SF,IF2012,2020-08-18 09:34:01.000,4747.0000,34511,-1,989737740.000,1,0,1,双平,S,4746.4000,4746.2000,4746.0000,4744.2000,4743.8000,4747.2000,4748.4000,4748.6000,4748.8000,4749.4000,1,1,2,1,1,1,2,5,1,3
SF,IF2012,2020-08-18 09:34:01.500,4746.4000,34511,0,991161660.000,1,0,1,多换,S,4746.2000,4746.0000,4744.2000,4743.8000,4743.6000,4748.4000,4748.6000,4748.8000,4749.4000,4751.2000,1,2,1,1,1,1,2,1,1,1
SF,IF2012,2020-08-18 09:34:02.000,4746.4000,34511,0,991161660.000,0,-,-,-,-,4746.4000,4746.2000,4746.0000,4744.2000,4743.8000,4748.2000,4748.4000,4748.6000,4748.8000,4751.6000,1,2,4,1,1,1,1,1,1,1
SF,IF2012,2020-08-18 09:34:02.500,4746.4000,34511,0,991161660.000,0,-,-,-,-,4746.4000,4746.2000,4746.0000,4744.2000,4743.8000,4747.6000,4748.0000,4748.2000,4748.4000,4748.8000,1,1,4,1,1,1,1,1,1,1
SF,IF2012,2020-08-18 09:34:03.500,4747.6000,34510,-1,992585940.000,1,0,1,双平,S,4746.4000,4746.2000,4746.0000,4744.2000,4743.8000,4748.0000,4748.2000,4748.4000,4748.8000,4751.6000,1,1,4,1,1,1,1,1,1,1
SF,IF2012,2020-08-18 09:34:04.000,4746.2000,34510,0,994009800.000,1,0,1,多换,S,4746.0000,4744.2000,4743.8000,4743.6000,4743.4000,4747.8000,4748.0000,4748.2000,4748.8000,4751.6000,4,1,1,1,2,5,2,1,1,1
SF,IF2012,2020-08-18 09:34:04.500,4746.2000,34510,0,994009800.000,0,-,-,-,-,4746.0000,4744.2000,4743.8000,4743.6000,4743.4000,4747.6000,4747.8000,4748.2000,4748.8000,4751.6000,4,1,1,1,2,2,5,1,1,1
SF,IF2012,2020-08-18 09:34:05.000,4747.2000,34507,-3,1001129160.000,5,1,4,多平,S,4744.2000,4743.8000,4743.6000,4743.4000,4742.0000,4747.2000,4747.4000,4747.6000,4747.8000,4748.2000,1,1,1,2,5,1,3,2,1,1
SF,IF2012,2020-08-18 09:34:05.500,4747.2000,34507,0,1001129160.000,0,-,-,-,-,4744.8000,4744.4000,4744.2000,4743.8000,4743.6000,4747.0000,4747.2000,4747.8000,4748.8000,4751.6000,1,1,1,1,1,2,2,1,1,1
SF,IF2012,2020-08-18 09:34:06.000,4747.2000,34507,0,1001129160.000,0,-,-,-,-,4744.8000,4744.2000,4743.8000,4743.6000,4743.4000,4746.6000,4746.8000,4747.0000,4747.2000,4747.8000,1,1,1,1,2,3,2,2,1,1
SF,IF2012,2020-08-18 09:34:06.500,4747.2000,34507,0,1001129160.000,0,-,-,-,-,4744.2000,4743.8000,4743.6000,4743.4000,4742.0000,4744.8000,4746.0000,4746.2000,4746.4000,4746.6000,1,1,1,2,5,2,1,2,3,1
SF,IF2012,2020-08-18 09:34:07.000,4743.8000,34506,-1,1003975560.000,2,0,2,多平,S,4743.6000,4743.4000,4742.0000,4740.0000,4738.0000,4744.8000,4746.0000,4746.4000,4746.6000,4747.0000,1,2,5,3,1,2,1,2,1,2
SF,IF2012,2020-08-18 09:34:07.500,4743.6000,34506,0,1005398640.000,1,0,1,多换,S,4743.4000,4742.0000,4740.0000,4738.0000,4737.8000,4743.6000,4744.8000,4746.0000,4746.4000,4746.6000,2,5,3,1,1,1,2,1,1,1
SF,IF2012,2020-08-18 09:34:08.000,4743.6000,34505,-1,1006821720.000,1,0,1,双平,S,4743.4000,4742.0000,4740.0000,4738.0000,4737.8000,4746.0000,4746.4000,4746.6000,4747.0000,4747.8000,2,5,3,1,1,1,1,1,2,1
SF,IF2012,2020-08-18 09:34:08.500,4743.6000,34505,0,1006821720.000,0,-,-,-,-,4743.6000,4743.4000,4742.0000,4740.0000,4738.0000,4745.8000,4746.0000,4746.6000,4747.0000,4747.8000,1,2,5,3,1,3,1,1,1,1
SF,IF2012,2020-08-18 09:34:09.000,4743.6000,34505,0,1006821720.000,0,-,-,-,-,4743.6000,4743.4000,4742.0000,4740.0000,4738.0000,4745.2000,4745.4000,4745.6000,4745.8000,4746.6000,2,2,5,3,1,1,1,2,3,1
SF,IF2012,2020-08-18 09:34:09.500,4743.6000,34505,0,1006821720.000,0,-,-,-,-,4743.4000,4742.0000,4740.0000,4738.0000,4737.8000,4745.0000,4745.2000,4745.8000,4746.6000,4747.0000,2,5,3,1,1,5,1,3,1,1
SF,IF2012,2020-08-18 09:34:10.000,4743.4000,34505,0,1009667760.000,2,1,1,多换,S,4743.6000,4742.0000,4740.0000,4738.0000,4737.8000,4744.8000,4745.0000,4745.8000,4746.6000,4747.0000,1,5,3,1,1,2,3,3,1,1
SF,IF2012,2020-08-18 09:34:10.500,4743.4000,34505,0,1009667760.000,0,-,-,-,-,4742.0000,4740.0000,4738.0000,4737.8000,4735.2000,4744.6000,4744.8000,4745.0000,4745.8000,4746.6000,5,3,1,1,3,5,2,1,3,1
SF,IF2012,2020-08-18 09:34:11.000,4743.4000,34505,0,1009667760.000,0,-,-,-,-,4742.2000,4742.0000,4740.0000,4738.0000,4737.8000,4744.0000,4744.4000,4744.6000,4745.0000,4745.8000,1,5,3,1,1,1,2,5,1,2
SF,IF2012,2020-08-18 09:34:11.500,4743.4000,34505,0,1009667760.000,0,-,-,-,-,4742.0000,4740.0000,4738.0000,4737.8000,4735.2000,4743.6000,4743.8000,4744.0000,4744.2000,4744.4000,5,3,1,1,3,1,3,2,2,1
SF,IF2012,2020-08-18 09:34:12.000,4742.0000,34501,-4,1016780760.000,5,0,5,多平,S,4740.0000,4738.0000,4737.8000,4735.2000,4735.0000,4742.0000,4743.0000,4743.4000,4743.6000,4744.2000,3,1,1,3,8,1,1,4,2,2
SF,IF2012,2020-08-18 09:34:12.500,4742.0000,34501,0,1016780760.000,0,-,-,-,-,4740.2000,4740.0000,4738.0000,4737.8000,4735.2000,4741.8000,4742.0000,4743.0000,4743.4000,4744.2000,2,3,1,1,3,1,2,1,4,2
