市场代码,合约代码,时间,最新,持仓,增仓,成交额,成交量,开仓,平仓,成交类型,方向,买一价,买二价,买三价,买四价,买五价,卖一价,卖二价,卖三价,卖四价,卖五价,买一量,买二量,买三量,买四量,买五量,卖一量,卖二量,卖三量,卖四量,卖五量
SF,IF2010,2020-08-27 09:29:00.400,4660.0000,2263,0,1398000.000,1.000,-,-,-,-,4656.8000,4655.4000,4655.2000,4652.0000,4651.8000,4672.2000,4674.6000,4677.2000,4678.8000,4679.0000,1,1,1,2,1,4,1,1,5,2
SF,IF2010,2020-08-27 09:30:00.400,4660.0000,2263,0,1398000.000,0,-,-,-,-,4665.0000,4662.0000,4660.2000,4657.2000,4657.0000,4670.0000,4672.0000,4674.6000,4677.2000,4679.0000,1,1,1,1,2,1,1,1,1,2
SF,IF2010,2020-08-27 09:30:00.900,4660.0000,2263,0,1398000.000,0,-,-,-,-,4665.2000,4665.0000,4660.2000,4657.2000,4657.0000,4669.8000,4670.0000,4672.0000,4674.6000,4679.0000,1,1,1,1,3,2,1,1,1,1
SF,IF2010,2020-08-27 09:30:01.400,4660.0000,2263,0,1398000.000,0,-,-,-,-,4665.4000,4665.2000,4665.0000,4660.2000,4658.4000,4667.4000,4669.8000,4670.0000,4672.0000,4674.6000,1,1,1,1,1,2,2,1,1,1
SF,IF2010,2020-08-27 09:30:01.900,4660.0000,2263,0,1398000.000,0,-,-,-,-,4665.0000,4660.2000,4658.4000,4657.2000,4657.0000,4667.2000,4669.0000,4669.4000,4669.6000,4669.8000,1,1,1,1,3,1,2,1,1,1
SF,IF2010,2020-08-27 09:30:02.400,4667.0000,2262,-1,2798100.000,1,0,1,双平,S,4665.0000,4660.2000,4658.4000,4657.2000,4657.0000,4667.2000,4669.0000,4669.4000,4669.6000,4669.8000,1,1,1,1,3,1,1,1,1,1
SF,IF2010,2020-08-27 09:30:02.900,4667.0000,2262,0,2798100.000,0,-,-,-,-,4665.0000,4660.4000,4660.2000,4658.4000,4657.2000,4665.6000,4666.0000,4667.0000,4667.2000,4669.0000,1,1,1,1,1,2,1,1,1,1
SF,IF2010,2020-08-27 09:30:03.400,4667.0000,2262,0,2798100.000,0,-,-,-,-,4665.0000,4660.4000,4660.2000,4657.2000,4657.0000,4669.0000,4669.4000,4669.8000,4670.0000,4672.0000,1,1,1,1,1,1,1,1,5,1
SF,IF2010,2020-08-27 09:30:03.900,4667.0000,2262,0,2798100.000,0,-,-,-,-,4665.0000,4660.4000,4660.2000,4657.0000,4655.4000,4668.0000,4668.4000,4668.6000,4668.8000,4669.0000,1,1,1,1,1,1,1,2,2,1
SF,IF2010,2020-08-27 09:30:04.400,4667.0000,2262,0,2798100.000,0,-,-,-,-,4665.0000,4660.4000,4660.2000,4657.0000,4655.0000,4666.6000,4667.4000,4667.8000,4668.4000,4668.6000,1,1,1,1,5,2,1,2,1,2
SF,IF2010,2020-08-27 09:30:04.900,4667.0000,2262,0,2798100.000,0,-,-,-,-,4665.0000,4660.4000,4660.2000,4657.0000,4655.0000,4666.4000,4667.4000,4668.4000,4668.6000,4669.0000,2,1,1,1,5,1,1,1,2,1
SF,IF2010,2020-08-27 09:30:05.400,4667.0000,2262,0,2798100.000,0,-,-,-,-,4665.0000,4660.4000,4660.2000,4657.0000,4655.0000,4667.4000,4668.4000,4668.6000,4669.0000,4669.4000,1,1,1,1,5,1,1,2,1,1
SF,IF2010,2020-08-27 09:30:05.900,4667.0000,2262,0,2798100.000,0,-,-,-,-,4665.2000,4665.0000,4660.4000,4660.2000,4657.0000,4667.4000,4668.4000,4668.6000,4669.0000,4669.4000,1,1,1,1,1,1,1,2,1,1
SF,IF2010,2020-08-27 09:30:06.400,4667.0000,2262,0,2798100.000,0,-,-,-,-,4665.2000,4665.0000,4660.4000,4657.0000,4655.0000,4668.4000,4668.6000,4669.0000,4669.4000,4669.8000,2,2,1,1,5,1,1,1,1,1
SF,IF2010,2020-08-27 09:30:06.900,4667.0000,2262,0,2798100.000,0,-,-,-,-,4665.4000,4665.2000,4665.0000,4660.4000,4657.0000,4668.4000,4668.6000,4669.0000,4669.4000,4669.8000,1,2,2,1,1,1,1,1,1,1
SF,IF2010,2020-08-27 09:30:07.400,4667.0000,2262,0,2798100.000,0,-,-,-,-,4665.6000,4665.4000,4665.2000,4665.0000,4660.4000,4669.4000,4669.8000,4674.6000,4675.0000,4684.6000,1,2,1,1,1,1,1,1,5,1
SF,IF2010,2020-08-27 09:30:07.900,4667.0000,2262,0,2798100.000,0,-,-,-,-,4665.8000,4665.6000,4665.4000,4665.0000,4660.4000,4669.8000,4674.6000,4675.0000,4684.6000,4688.0000,1,3,1,1,1,1,1,5,1,2
SF,IF2010,2020-08-27 09:30:08.400,4667.0000,2262,0,2798100.000,0,-,-,-,-,4667.8000,4667.0000,4666.0000,4665.8000,4665.6000,4674.6000,4675.0000,4684.6000,4688.0000,4688.8000,1,1,4,1,3,1,5,1,2,1
SF,IF2010,2020-08-27 09:30:08.900,4667.0000,2262,0,2798100.000,0,-,-,-,-,4668.0000,4667.0000,4666.4000,4666.0000,4665.6000,4669.8000,4673.6000,4673.8000,4674.0000,4674.2000,2,1,1,3,1,2,1,1,1,1
SF,IF2010,2020-08-27 09:30:09.400,4667.0000,2262,0,2798100.000,0,-,-,-,-,4668.0000,4667.0000,4666.4000,4665.0000,4660.4000,4671.4000,4673.6000,4673.8000,4674.0000,4674.2000,1,1,1,1,1,1,1,1,1,1
SF,IF2010,2020-08-27 09:30:09.900,4667.0000,2262,0,2798100.000,0,-,-,-,-,4668.2000,4668.0000,4666.4000,4665.0000,4660.4000,4673.6000,4673.8000,4674.0000,4674.2000,4674.4000,3,1,1,1,1,1,1,1,1,1
SF,IF2010,2020-08-27 09:30:10.400,4667.0000,2262,0,2798100.000,0,-,-,-,-,4668.4000,4668.2000,4666.4000,4665.0000,4660.4000,4670.8000,4672.8000,4673.0000,4673.4000,4674.0000,2,2,1,1,1,2,1,2,2,1
SF,IF2010,2020-08-27 09:30:10.900,4667.0000,2262,0,2798100.000,0,-,-,-,-,4669.6000,4668.6000,4668.4000,4668.2000,4666.4000,4672.8000,4673.0000,4673.4000,4674.0000,4674.2000,1,1,2,1,1,1,2,1,1,1
SF,IF2010,2020-08-27 09:30:11.400,4667.0000,2262,0,2798100.000,0,-,-,-,-,4669.8000,4668.6000,4668.4000,4666.4000,4665.0000,4672.6000,4673.0000,4673.4000,4674.0000,4674.2000,2,3,1,1,1,1,1,1,1,1
SF,IF2010,2020-08-27 09:30:11.900,4667.0000,2262,0,2798100.000,0,-,-,-,-,4669.8000,4669.6000,4668.6000,4668.4000,4666.4000,4672.6000,4673.0000,4674.0000,4674.2000,4674.6000,2,1,1,1,1,1,1,1,1,1
SF,IF2010,2020-08-27 09:30:12.400,4669.8000,2261,-1,4199040.000,1,0,1,双平,S,4669.8000,4669.6000,4668.4000,4666.4000,4665.0000,4670.8000,4671.2000,4672.6000,4673.0000,4674.0000,1,1,1,1,1,2,1,1,1,1
SF,IF2010,2020-08-27 09:30:12.900,4669.8000,2261,0,4199040.000,0,-,-,-,-,4669.8000,4668.4000,4666.4000,4665.0000,4657.0000,4672.6000,4673.0000,4674.0000,4674.2000,4674.6000,1,1,1,1,1,1,1,1,1,1
SF,IF2010,2020-08-27 09:30:13.400,4669.8000,2261,0,4199040.000,0,-,-,-,-,4669.8000,4668.4000,4666.4000,4665.0000,4657.0000,4672.4000,4673.0000,4674.0000,4674.2000,4674.6000,2,1,1,1,1,1,1,1,1,1
SF,IF2010,2020-08-27 09:30:13.900,4669.8000,2261,0,4199040.000,0,-,-,-,-,4669.8000,4668.4000,4666.4000,4665.0000,4657.0000,4672.4000,4673.0000,4674.0000,4674.2000,4674.6000,2,1,1,1,1,1,1,1,1,1
SF,IF2010,2020-08-27 09:30:14.400,4669.8000,2260,-1,5599980.000,1,0,1,双平,S,4669.8000,4668.4000,4666.4000,4665.0000,4657.0000,4672.2000,4672.4000,4673.0000,4674.0000,4674.2000,1,1,1,1,1,1,1,1,1,1
SF,IF2010,2020-08-27 09:30:14.900,4669.8000,2260,0,5599980.000,0,-,-,-,-,4668.4000,4666.4000,4665.0000,4657.0000,4655.0000,4671.8000,4672.2000,4672.4000,4673.0000,4674.0000,1,1,1,1,5,1,1,1,1,1
SF,IF2010,2020-08-27 09:30:15.400,4669.8000,2260,0,5599980.000,0,-,-,-,-,4670.2000,4670.0000,4669.8000,4668.6000,4666.4000,4671.6000,4671.8000,4672.4000,4673.0000,4674.0000,1,1,1,2,1,2,1,1,1,1
SF,IF2010,2020-08-27 09:30:15.900,4669.8000,2260,0,5599980.000,0,-,-,-,-,4669.8000,4668.6000,4666.4000,4665.0000,4657.0000,4671.6000,4671.8000,4672.2000,4673.0000,4674.2000,1,2,1,1,1,1,1,1,1,1
SF,IF2010,2020-08-27 09:30:16.400,4669.8000,2260,0,5599980.000,0,-,-,-,-,4668.6000,4666.4000,4665.0000,4657.0000,4655.0000,4671.6000,4671.8000,4672.2000,4673.0000,4674.2000,2,1,1,1,5,1,1,1,1,1
SF,IF2010,2020-08-27 09:30:16.900,4669.8000,2260,0,5599980.000,0,-,-,-,-,4669.2000,4668.6000,4666.4000,4665.0000,4657.0000,4671.4000,4671.6000,4671.8000,4672.2000,4673.0000,1,2,1,1,1,1,2,1,1,1
SF,IF2010,2020-08-27 09:30:17.400,4669.8000,2260,0,5599980.000,0,-,-,-,-,4669.2000,4668.6000,4666.4000,4665.0000,4657.0000,4671.2000,4671.8000,4672.2000,4673.0000,4674.2000,1,2,1,1,1,1,1,1,1,1
SF,IF2010,2020-08-27 09:30:17.900,4671.0000,2260,0,7001280.000,1,0,1,多换,S,4669.2000,4668.6000,4666.4000,4665.0000,4657.0000,4671.0000,4671.2000,4671.4000,4671.8000,4672.2000,1,1,1,1,1,1,1,1,1,1
SF,IF2010,2020-08-27 09:30:18.400,4671.0000,2260,0,7001280.000,0,-,-,-,-,4666.4000,4665.0000,4657.0000,4655.0000,4650.2000,4670.8000,4671.0000,4671.2000,4671.8000,4672.2000,1,1,1,5,3,1,1,1,1,1
SF,IF2010,2020-08-27 09:30:18.900,4671.0000,2260,0,7001280.000,0,-,-,-,-,4668.0000,4666.8000,4666.6000,4666.4000,4665.0000,4670.6000,4670.8000,4671.0000,4671.8000,4672.2000,1,1,5,1,1,1,1,3,1,1
SF,IF2010,2020-08-27 09:30:19.400,4671.0000,2260,0,7001280.000,0,-,-,-,-,4668.0000,4666.8000,4666.6000,4666.4000,4665.0000,4670.4000,4670.6000,4671.0000,4671.8000,4672.2000,1,1,4,1,1,1,2,1,1,1
SF,IF2010,2020-08-27 09:30:19.900,4668.0000,2259,-1,8401680.000,1,0,1,双平,S,4666.8000,4666.6000,4666.4000,4665.0000,4657.0000,4670.4000,4670.6000,4671.0000,4671.8000,4672.2000,1,4,1,1,1,1,3,1,1,1
SF,IF2010,2020-08-27 09:30:20.400,4668.0000,2259,0,8401680.000,0,-,-,-,-,4667.0000,4666.8000,4666.6000,4665.0000,4657.0000,4670.0000,4670.2000,4670.4000,4672.2000,4673.0000,1,1,4,1,1,1,1,2,1,1
SF,IF2010,2020-08-27 09:30:20.900,4668.0000,2259,0,8401680.000,0,-,-,-,-,4667.2000,4667.0000,4666.6000,4665.0000,4657.0000,4669.8000,4670.0000,4672.2000,4673.0000,4674.2000,1,1,3,1,1,2,1,1,1,1
SF,IF2010,2020-08-27 09:30:21.400,4668.0000,2259,0,8401680.000,0,-,-,-,-,4667.2000,4666.6000,4665.0000,4657.0000,4655.0000,4669.8000,4670.0000,4672.2000,4673.0000,4674.2000,1,3,1,1,5,2,1,1,1,1
SF,IF2010,2020-08-27 09:30:21.900,4667.2000,2259,0,9801840.000,1,0,1,多换,S,4665.0000,4657.0000,4655.0000,4650.2000,4646.6000,4669.6000,4669.8000,4670.0000,4672.2000,4673.0000,1,1,5,3,2,1,2,1,1,1
SF,IF2010,2020-08-27 09:30:22.400,4667.2000,2259,0,9801840.000,0,-,-,-,-,4667.6000,4667.4000,4666.0000,4665.8000,4665.6000,4669.2000,4669.4000,4670.0000,4672.2000,4673.0000,1,1,1,1,1,1,3,1,1,1
SF,IF2010,2020-08-27 09:30:22.900,4667.2000,2259,0,9801840.000,0,-,-,-,-,4665.6000,4665.0000,4660.8000,4657.0000,4655.0000,4669.0000,4669.2000,4669.4000,4670.0000,4672.2000,1,1,1,1,5,1,1,1,1,1
SF,IF2010,2020-08-27 09:30:23.400,4667.2000,2259,0,9801840.000,0,-,-,-,-,4665.8000,4665.0000,4660.8000,4657.0000,4655.0000,4668.8000,4669.0000,4669.2000,4672.2000,4673.0000,1,1,1,1,5,1,1,1,1,1
SF,IF2010,2020-08-27 09:30:23.900,4667.2000,2259,0,9801840.000,0,-,-,-,-,4667.4000,4666.0000,4665.8000,4665.0000,4660.8000,4668.8000,4669.2000,4672.2000,4673.0000,4674.2000,1,1,4,1,1,1,1,1,1,1
SF,IF2010,2020-08-27 09:30:24.400,4667.2000,2259,0,9801840.000,0,-,-,-,-,4665.8000,4665.0000,4660.8000,4657.0000,4655.0000,4668.6000,4672.2000,4673.0000,4674.2000,4674.6000,5,1,1,1,5,1,1,1,1,1
SF,IF2010,2020-08-27 09:30:24.900,4667.2000,2259,0,9801840.000,0,-,-,-,-,4668.6000,4665.8000,4665.0000,4660.8000,4657.0000,4672.2000,4673.0000,4674.2000,4674.6000,4680.0000,1,5,1,1,1,1,1,1,1,5
SF,IF2010,2020-08-27 09:30:25.400,4668.6000,2258,-1,11202420.000,1,0,1,双平,S,4665.0000,4660.8000,4657.0000,4655.0000,4650.2000,4668.8000,4669.2000,4670.4000,4671.0000,4671.8000,1,1,1,5,3,2,1,2,1,1
SF,IF2010,2020-08-27 09:30:25.900,4668.6000,2258,0,11202420.000,0,-,-,-,-,4665.2000,4665.0000,4660.8000,4657.0000,4655.0000,4668.6000,4670.2000,4671.0000,4671.8000,4672.2000,1,1,1,1,5,2,1,1,1,2
SF,IF2010,2020-08-27 09:30:26.400,4668.6000,2258,0,11202420.000,0,-,-,-,-,4665.2000,4665.0000,4660.8000,4657.0000,4655.0000,4668.4000,4668.6000,4670.2000,4671.0000,4671.8000,1,1,1,1,5,1,3,1,1,1
SF,IF2010,2020-08-27 09:30:26.900,4668.6000,2258,0,11202420.000,0,-,-,-,-,4665.2000,4665.0000,4660.8000,4657.0000,4650.2000,4668.2000,4668.6000,4670.2000,4671.0000,4671.8000,1,1,1,1,3,4,1,1,1,1
SF,IF2010,2020-08-27 09:30:27.400,4668.6000,2258,0,11202420.000,0,-,-,-,-,4665.2000,4665.0000,4660.8000,4657.0000,4650.2000,4668.2000,4670.2000,4671.0000,4671.8000,4672.2000,1,1,1,1,3,5,1,1,1,1
SF,IF2010,2020-08-27 09:30:27.900,4668.6000,2258,0,11202420.000,0,-,-,-,-,4665.0000,4660.8000,4657.0000,4650.2000,4646.6000,4668.2000,4670.2000,4671.0000,4671.8000,4672.2000,1,1,1,3,2,2,1,1,1,1
SF,IF2010,2020-08-27 09:30:28.400,4668.6000,2258,0,11202420.000,0,-,-,-,-,4665.0000,4662.0000,4660.8000,4657.0000,4650.2000,4668.0000,4668.2000,4670.2000,4671.0000,4671.8000,1,1,1,1,3,2,2,1,1,1
SF,IF2010,2020-08-27 09:30:28.900,4668.6000,2258,0,11202420.000,0,-,-,-,-,4665.0000,4662.0000,4660.8000,4657.0000,4650.2000,4667.8000,4668.0000,4670.2000,4671.0000,4671.8000,1,1,1,1,3,3,1,1,1,1
SF,IF2010,2020-08-27 09:30:29.400,4668.6000,2258,0,11202420.000,0,-,-,-,-,4665.2000,4665.0000,4662.0000,4660.8000,4657.0000,4667.8000,4668.0000,4670.2000,4671.0000,4671.8000,2,1,1,1,1,3,1,1,1,1
SF,IF2010,2020-08-27 09:30:29.900,4668.6000,2258,0,11202420.000,0,-,-,-,-,4665.2000,4665.0000,4662.0000,4660.8000,4657.0000,4666.6000,4667.8000,4668.0000,4670.2000,4671.0000,2,1,1,1,1,2,3,1,1,1
SF,IF2010,2020-08-27 09:30:30.400,4665.4000,2258,0,12602040.000,1,0,1,多换,S,4665.2000,4665.0000,4662.0000,4660.8000,4657.0000,4666.4000,4667.8000,4670.2000,4671.0000,4671.8000,2,1,1,1,1,1,2,1,1,1
SF,IF2010,2020-08-27 09:30:30.900,4665.2000,2258,0,14001600.000,1,0,1,多换,S,4665.2000,4665.0000,4662.0000,4660.8000,4657.0000,4666.4000,4667.8000,4670.2000,4671.0000,4671.8000,1,1,1,1,1,2,1,1,1,1
SF,IF2010,2020-08-27 09:30:31.400,4665.2000,2257,-1,16800720.000,2,0,2,多平,S,4665.0000,4662.0000,4660.8000,4657.0000,4650.2000,4666.4000,4667.8000,4670.2000,4671.0000,4671.8000,1,1,1,1,3,2,1,1,1,1
SF,IF2010,2020-08-27 09:30:31.900,4665.0000,2257,0,18200220.000,1,0,1,多换,S,4662.0000,4660.8000,4657.0000,4650.2000,4646.6000,4665.2000,4666.2000,4666.4000,4667.8000,4670.2000,1,1,1,3,2,2,2,1,1,1
SF,IF2010,2020-08-27 09:30:32.400,4665.0000,2257,0,18200220.000,0,-,-,-,-,4664.0000,4662.2000,4662.0000,4657.0000,4650.2000,4665.0000,4665.2000,4666.2000,4666.4000,4670.2000,1,4,1,1,3,1,2,2,1,1
SF,IF2010,2020-08-27 09:30:32.900,4665.0000,2257,0,18200220.000,0,-,-,-,-,4662.2000,4662.0000,4657.0000,4650.2000,4646.6000,4664.8000,4665.0000,4665.2000,4666.2000,4670.2000,3,1,1,3,2,1,1,2,1,1
SF,IF2010,2020-08-27 09:30:33.400,4665.0000,2257,0,18200220.000,0,-,-,-,-,4662.4000,4662.2000,4662.0000,4657.0000,4650.2000,4665.0000,4665.2000,4666.2000,4670.2000,4671.0000,1,3,1,1,3,1,2,1,1,1
SF,IF2010,2020-08-27 09:30:33.900,4665.0000,2257,0,18200220.000,0,-,-,-,-,4663.6000,4662.4000,4662.0000,4657.0000,4650.2000,4665.0000,4665.2000,4666.2000,4670.2000,4671.0000,1,1,1,1,3,1,2,1,1,1
SF,IF2010,2020-08-27 09:30:34.400,4665.0000,2257,0,18200220.000,0,-,-,-,-,4662.0000,4657.0000,4655.2000,4650.2000,4646.6000,4664.8000,4665.0000,4665.2000,4666.2000,4671.0000,1,1,2,3,2,1,1,2,1,1
SF,IF2010,2020-08-27 09:30:34.900,4665.0000,2257,0,18200220.000,0,-,-,-,-,4662.0000,4657.0000,4655.2000,4650.2000,4646.6000,4664.8000,4665.2000,4666.2000,4667.8000,4671.0000,1,1,2,3,2,1,2,1,1,1
SF,IF2010,2020-08-27 09:30:35.400,4665.0000,2257,0,18200220.000,0,-,-,-,-,4662.0000,4657.0000,4655.2000,4650.2000,4648.0000,4664.8000,4665.2000,4666.2000,4667.8000,4671.0000,1,1,2,3,3,2,2,1,1,1
SF,IF2010,2020-08-27 09:30:35.900,4665.0000,2257,0,18200220.000,0,-,-,-,-,4662.0000,4657.0000,4655.2000,4650.2000,4648.0000,4664.6000,4664.8000,4665.2000,4666.2000,4671.0000,1,1,2,3,3,1,2,2,1,1
SF,IF2010,2020-08-27 09:30:36.400,4665.0000,2257,0,18200220.000,0,-,-,-,-,4662.0000,4657.0000,4655.2000,4650.2000,4648.0000,4664.4000,4664.6000,4664.8000,4665.2000,4666.2000,1,1,2,3,3,1,1,1,2,1
SF,IF2010,2020-08-27 09:30:36.900,4665.0000,2257,0,18200220.000,0,-,-,-,-,4662.0000,4657.0000,4655.2000,4650.2000,4648.0000,4664.2000,4664.4000,4664.6000,4665.2000,4666.2000,1,1,2,3,3,2,1,2,2,1
SF,IF2010,2020-08-27 09:30:37.400,4665.0000,2257,0,18200220.000,0,-,-,-,-,4662.0000,4657.0000,4655.2000,4650.2000,4648.0000,4663.2000,4663.6000,4664.0000,4664.2000,4664.4000,1,1,2,3,3,2,1,1,2,1
SF,IF2010,2020-08-27 09:30:37.900,4665.0000,2257,0,18200220.000,0,-,-,-,-,4662.0000,4657.0000,4655.2000,4650.2000,4648.0000,4663.0000,4663.6000,4664.0000,4664.2000,4664.6000,1,1,2,3,3,1,1,1,2,1
SF,IF2010,2020-08-27 09:30:38.400,4665.0000,2257,0,18200220.000,0,-,-,-,-,4662.0000,4657.0000,4655.2000,4650.2000,4648.0000,4663.0000,4663.6000,4664.2000,4664.6000,4665.2000,1,1,2,3,3,2,1,2,1,2
SF,IF2010,2020-08-27 09:30:38.900,4665.0000,2257,0,18200220.000,0,-,-,-,-,4662.0000,4657.0000,4655.2000,4650.2000,4648.0000,4662.8000,4663.0000,4664.2000,4664.6000,4665.2000,1,1,2,3,3,1,2,2,1,2
SF,IF2010,2020-08-27 09:30:39.400,4662.0000,2256,-1,19598820.000,1,0,1,双平,S,4657.0000,4655.2000,4650.2000,4648.0000,4646.6000,4661.8000,4662.2000,4662.6000,4662.8000,4663.0000,1,2,3,3,2,1,2,2,1,1
SF,IF2010,2020-08-27 09:30:39.900,4662.0000,2256,0,19598820.000,0,-,-,-,-,4660.6000,4658.8000,4657.8000,4657.6000,4657.4000,4661.6000,4661.8000,4662.6000,4662.8000,4664.2000,1,1,1,1,1,1,1,1,2,1
SF,IF2010,2020-08-27 09:30:40.400,4662.0000,2256,0,19598820.000,0,-,-,-,-,4657.8000,4657.6000,4657.4000,4657.2000,4657.0000,4661.4000,4661.8000,4662.6000,4662.8000,4664.2000,1,1,1,1,1,3,2,1,1,1
SF,IF2010,2020-08-27 09:30:40.900,4662.0000,2256,0,19598820.000,0,-,-,-,-,4658.0000,4657.6000,4657.4000,4657.0000,4648.0000,4661.2000,4661.4000,4661.6000,4661.8000,4662.6000,5,1,1,1,3,1,3,1,1,1
SF,IF2010,2020-08-27 09:30:41.400,4662.0000,2256,0,19598820.000,0,-,-,-,-,4659.8000,4658.0000,4657.6000,4657.4000,4657.0000,4661.0000,4661.2000,4661.4000,4661.6000,4661.8000,1,6,1,1,1,2,1,1,1,1
SF,IF2010,2020-08-27 09:30:41.900,4662.0000,2256,0,19598820.000,0,-,-,-,-,4658.0000,4657.6000,4657.4000,4657.0000,4648.0000,4661.0000,4661.2000,4661.4000,4661.8000,4662.8000,6,1,1,1,3,2,1,1,1,1
SF,IF2010,2020-08-27 09:30:42.400,4662.0000,2256,0,19598820.000,0,-,-,-,-,4658.2000,4658.0000,4657.6000,4657.4000,4657.0000,4660.8000,4661.0000,4661.2000,4661.4000,4661.8000,1,5,1,1,1,1,1,1,1,1
SF,IF2010,2020-08-27 09:30:42.900,4662.0000,2256,0,19598820.000,0,-,-,-,-,4660.0000,4658.4000,4658.0000,4657.6000,4657.4000,4660.8000,4661.4000,4661.8000,4665.2000,4671.0000,1,4,4,1,1,2,1,1,2,1
SF,IF2010,2020-08-27 09:30:43.400,4661.0000,2254,-2,22395420.000,2,0,2,双平,S,4658.4000,4658.0000,4657.6000,4657.4000,4657.0000,4661.8000,4665.2000,4671.0000,4671.8000,4672.2000,4,2,1,1,1,1,2,1,1,1
SF,IF2010,2020-08-27 09:30:43.900,4661.0000,2254,0,22395420.000,0,-,-,-,-,4660.0000,4658.8000,4658.4000,4658.0000,4657.6000,4661.6000,4661.8000,4665.2000,4671.0000,4671.8000,1,1,4,2,1,1,1,2,1,1
SF,IF2010,2020-08-27 09:30:44.400,4661.0000,2254,0,22395420.000,0,-,-,-,-,4661.0000,4660.2000,4660.0000,4658.8000,4658.4000,4661.8000,4665.2000,4671.0000,4671.8000,4672.2000,1,1,1,1,3,1,2,1,1,1
SF,IF2010,2020-08-27 09:30:44.900,4661.8000,2254,0,23793960.000,1,0,1,多换,S,4660.2000,4660.0000,4658.8000,4658.4000,4658.0000,4665.2000,4671.0000,4671.8000,4672.2000,4673.0000,2,1,1,1,2,2,1,1,1,1
SF,IF2010,2020-08-27 09:30:45.400,4661.8000,2254,0,23793960.000,0,-,-,-,-,4661.0000,4660.4000,4660.2000,4658.8000,4658.4000,4665.0000,4665.2000,4671.0000,4671.8000,4672.2000,1,1,2,1,1,2,2,1,1,1
SF,IF2010,2020-08-27 09:30:45.900,4661.8000,2254,0,23793960.000,0,-,-,-,-,4661.2000,4661.0000,4660.2000,4658.8000,4658.4000,4665.0000,4665.2000,4671.0000,4671.8000,4672.2000,1,1,2,1,1,2,2,1,1,1
SF,IF2010,2020-08-27 09:30:46.400,4661.8000,2254,0,23793960.000,0,-,-,-,-,4661.4000,4661.2000,4661.0000,4660.2000,4658.8000,4665.0000,4665.2000,4671.0000,4671.8000,4672.2000,1,2,1,1,1,2,2,1,1,1
SF,IF2010,2020-08-27 09:30:46.900,4661.8000,2254,0,23793960.000,0,-,-,-,-,4661.6000,4660.2000,4658.8000,4658.4000,4658.0000,4665.0000,4665.2000,4671.0000,4671.8000,4672.2000,1,1,1,1,2,2,2,1,1,1
SF,IF2010,2020-08-27 09:30:47.400,4661.8000,2254,0,23793960.000,0,-,-,-,-,4661.6000,4660.2000,4658.8000,4658.4000,4658.0000,4663.4000,4664.8000,4665.0000,4665.2000,4671.0000,1,1,1,1,2,1,1,2,2,1
SF,IF2010,2020-08-27 09:30:47.900,4661.8000,2254,0,23793960.000,0,-,-,-,-,4660.2000,4658.8000,4658.4000,4658.0000,4657.6000,4663.2000,4664.8000,4665.0000,4665.2000,4667.8000,1,1,1,2,1,1,1,1,2,4
SF,IF2010,2020-08-27 09:30:48.400,4661.8000,2254,0,23793960.000,0,-,-,-,-,4661.6000,4660.4000,4660.2000,4658.8000,4658.4000,4663.0000,4663.2000,4665.0000,4665.2000,4667.8000,1,1,1,1,1,1,1,1,2,4
SF,IF2010,2020-08-27 09:30:48.900,4661.8000,2254,0,23793960.000,0,-,-,-,-,4660.4000,4660.2000,4658.8000,4658.4000,4658.0000,4662.8000,4665.0000,4665.2000,4667.8000,4671.0000,1,2,1,1,2,1,1,2,4,1
SF,IF2010,2020-08-27 09:30:49.400,4661.8000,2254,0,23793960.000,0,-,-,-,-,4660.6000,4660.2000,4658.8000,4658.4000,4658.0000,4665.0000,4665.2000,4667.8000,4671.0000,4671.8000,1,2,1,1,2,1,2,4,1,1
SF,IF2010,2020-08-27 09:30:49.900,4661.8000,2254,0,23793960.000,0,-,-,-,-,4660.6000,4660.4000,4660.2000,4658.8000,4658.4000,4664.8000,4665.0000,4665.2000,4667.8000,4671.0000,4,1,1,1,1,2,1,2,4,1
SF,IF2010,2020-08-27 09:30:50.400,4661.8000,2254,0,23793960.000,0,-,-,-,-,4660.6000,4660.2000,4658.8000,4658.4000,4658.0000,4664.8000,4665.0000,4665.2000,4667.8000,4671.0000,1,1,1,1,2,2,1,2,4,1
SF,IF2010,2020-08-27 09:30:50.900,4661.8000,2254,0,23793960.000,0,-,-,-,-,4660.8000,4660.6000,4660.2000,4658.8000,4658.4000,4664.2000,4664.8000,4665.0000,4665.2000,4667.8000,1,1,1,1,1,1,2,1,2,4
SF,IF2010,2020-08-27 09:30:51.400,4661.8000,2254,0,23793960.000,0,-,-,-,-,4660.2000,4658.8000,4658.4000,4658.0000,4657.6000,4664.0000,4664.2000,4664.6000,4665.0000,4665.2000,1,1,1,2,1,2,2,1,1,2
SF,IF2010,2020-08-27 09:30:51.900,4661.8000,2254,0,23793960.000,0,-,-,-,-,4660.4000,4660.2000,4658.8000,4658.4000,4658.0000,4664.0000,4664.2000,4664.6000,4665.0000,4665.2000,1,1,1,1,2,2,2,1,1,2
SF,IF2010,2020-08-27 09:30:52.400,4661.8000,2254,0,23793960.000,0,-,-,-,-,4660.4000,4660.2000,4658.8000,4658.4000,4658.0000,4664.0000,4664.2000,4665.0000,4665.2000,4667.8000,2,1,1,1,2,2,2,1,2,4
SF,IF2010,2020-08-27 09:30:53.400,4661.8000,2254,0,23793960.000,0,-,-,-,-,4660.6000,4660.4000,4660.2000,4658.8000,4658.4000,4664.0000,4664.2000,4665.0000,4665.2000,4667.8000,1,2,1,1,1,2,2,1,2,4
SF,IF2010,2020-08-27 09:30:53.900,4661.8000,2254,0,23793960.000,0,-,-,-,-,4660.8000,4660.6000,4660.4000,4660.2000,4658.8000,4664.0000,4664.2000,4665.0000,4665.2000,4667.8000,2,1,1,1,1,2,2,1,2,4
SF,IF2010,2020-08-27 09:30:54.400,4661.8000,2254,0,23793960.000,0,-,-,-,-,4660.8000,4660.6000,4660.4000,4660.2000,4658.8000,4664.0000,4664.2000,4665.0000,4665.2000,4667.8000,2,1,1,1,1,2,2,1,2,4
SF,IF2010,2020-08-27 09:30:54.900,4661.8000,2254,0,23793960.000,0,-,-,-,-,4662.6000,4661.0000,4660.8000,4660.6000,4660.4000,4665.0000,4665.2000,4667.8000,4671.0000,4671.8000,1,2,2,1,1,1,2,4,1,1
SF,IF2010,2020-08-27 09:30:55.400,4661.8000,2254,0,23793960.000,0,-,-,-,-,4661.0000,4660.8000,4660.6000,4658.8000,4658.4000,4664.8000,4665.2000,4667.8000,4671.0000,4671.8000,2,2,1,1,1,1,2,4,1,1
SF,IF2010,2020-08-27 09:30:55.900,4661.8000,2254,0,23793960.000,0,-,-,-,-,4662.6000,4661.2000,4661.0000,4660.8000,4660.6000,4665.2000,4667.8000,4671.0000,4671.8000,4672.2000,1,4,1,1,1,2,4,1,1,1
SF,IF2010,2020-08-27 09:30:56.400,4661.8000,2254,0,23793960.000,0,-,-,-,-,4662.6000,4661.2000,4661.0000,4660.8000,4660.6000,4665.0000,4665.2000,4667.8000,4671.0000,4671.8000,1,4,1,1,1,1,2,4,1,1
SF,IF2010,2020-08-27 09:30:57.400,4661.8000,2254,0,23793960.000,0,-,-,-,-,4661.2000,4661.0000,4660.8000,4660.6000,4658.8000,4665.0000,4665.2000,4667.8000,4671.0000,4671.8000,4,1,1,1,1,1,2,4,1,1
SF,IF2010,2020-08-27 09:30:57.900,4661.8000,2254,0,23793960.000,0,-,-,-,-,4663.0000,4661.4000,4661.2000,4660.8000,4660.6000,4664.8000,4665.0000,4665.2000,4667.8000,4671.0000,1,1,4,1,1,1,1,2,4,1
SF,IF2010,2020-08-27 09:30:58.400,4661.8000,2254,0,23793960.000,0,-,-,-,-,4661.4000,4661.2000,4660.6000,4658.8000,4658.4000,4664.6000,4664.8000,4665.2000,4667.8000,4671.0000,1,3,1,1,1,1,1,2,4,1
SF,IF2010,2020-08-27 09:30:58.900,4661.8000,2254,0,23793960.000,0,-,-,-,-,4661.6000,4661.4000,4661.2000,4660.6000,4658.8000,4664.6000,4665.2000,4667.8000,4671.0000,4671.8000,3,1,3,1,1,1,2,4,1,1
SF,IF2010,2020-08-27 09:30:59.400,4661.8000,2254,0,23793960.000,0,-,-,-,-,4663.2000,4661.8000,4661.6000,4661.2000,4660.6000,4664.6000,4665.2000,4667.8000,4671.0000,4671.8000,1,1,3,3,1,1,2,4,1,1
SF,IF2010,2020-08-27 09:30:59.900,4661.8000,2254,0,23793960.000,0,-,-,-,-,4661.8000,4661.6000,4660.6000,4658.8000,4658.4000,4664.6000,4665.2000,4667.8000,4671.0000,4671.8000,1,3,1,1,1,1,2,4,1,1
SF,IF2010,2020-08-27 09:31:00.400,4661.8000,2254,0,23793960.000,0,-,-,-,-,4662.0000,4661.8000,4661.6000,4660.6000,4658.8000,4665.2000,4667.8000,4671.0000,4671.8000,4672.2000,2,1,2,1,1,2,4,1,1,1
SF,IF2010,2020-08-27 09:31:00.900,4661.8000,2254,0,23793960.000,0,-,-,-,-,4662.2000,4662.0000,4661.6000,4660.6000,4658.8000,4665.0000,4665.2000,4667.8000,4671.0000,4671.8000,1,2,2,1,1,1,2,4,1,1
SF,IF2010,2020-08-27 09:31:01.400,4661.8000,2254,0,23793960.000,0,-,-,-,-,4663.6000,4662.4000,4662.2000,4662.0000,4661.6000,4665.2000,4667.8000,4671.0000,4671.8000,4672.2000,1,2,2,1,2,2,4,1,1,1
SF,IF2010,2020-08-27 09:31:01.900,4665.2000,2253,-1,25193520.000,1,0,1,双平,S,4662.4000,4662.2000,4662.0000,4660.6000,4658.8000,4665.2000,4667.8000,4671.0000,4671.8000,4672.2000,2,2,1,1,1,1,4,1,1,1
SF,IF2010,2020-08-27 09:31:02.400,4665.2000,2253,0,25193520.000,0,-,-,-,-,4663.6000,4662.6000,4662.4000,4662.2000,4662.0000,4665.2000,4667.8000,4671.0000,4671.8000,4672.2000,1,1,2,1,1,1,4,1,1,1
SF,IF2010,2020-08-27 09:31:02.900,4665.2000,2252,-1,26593080.000,1,0,1,双平,S,4662.4000,4662.2000,4662.0000,4660.6000,4658.4000,4667.8000,4671.0000,4671.8000,4672.2000,4674.2000,1,1,1,1,1,4,1,1,1,1
SF,IF2010,2020-08-27 09:31:03.400,4665.2000,2252,0,26593080.000,0,-,-,-,-,4663.6000,4662.6000,4662.4000,4662.0000,4660.6000,4667.6000,4667.8000,4671.0000,4671.8000,4672.2000,1,5,1,1,1,2,4,1,1,1
SF,IF2010,2020-08-27 09:31:03.900,4665.2000,2252,0,26593080.000,0,-,-,-,-,4663.8000,4663.6000,4662.6000,4662.0000,4660.6000,4667.6000,4667.8000,4671.0000,4671.8000,4672.2000,2,1,4,1,1,2,4,1,1,1
SF,IF2010,2020-08-27 09:31:04.400,4665.2000,2252,0,26593080.000,0,-,-,-,-,4663.8000,4663.6000,4662.6000,4662.0000,4660.6000,4665.8000,4666.8000,4667.4000,4667.6000,4667.8000,1,1,4,1,1,1,1,1,2,4
SF,IF2010,2020-08-27 09:31:04.900,4665.2000,2252,0,26593080.000,0,-,-,-,-,4664.0000,4662.6000,4662.0000,4660.6000,4658.4000,4666.8000,4667.4000,4667.6000,4667.8000,4671.0000,1,4,1,1,1,1,1,1,4,1
SF,IF2010,2020-08-27 09:31:05.400,4665.2000,2252,0,26593080.000,0,-,-,-,-,4663.8000,4662.6000,4660.6000,4658.4000,4658.0000,4666.6000,4666.8000,4667.4000,4667.8000,4671.0000,1,4,1,1,1,1,1,1,4,1
SF,IF2010,2020-08-27 09:31:05.900,4665.2000,2252,0,26593080.000,0,-,-,-,-,4664.0000,4662.6000,4660.6000,4658.4000,4658.0000,4666.6000,4666.8000,4667.4000,4667.8000,4671.0000,1,4,1,1,1,1,1,1,4,1
SF,IF2010,2020-08-27 09:31:06.400,4665.2000,2252,0,26593080.000,0,-,-,-,-,4662.6000,4660.6000,4658.4000,4658.0000,4657.6000,4666.4000,4666.6000,4666.8000,4667.4000,4667.8000,4,1,1,1,1,1,1,1,1,4
SF,IF2010,2020-08-27 09:31:06.900,4665.2000,2252,0,26593080.000,0,-,-,-,-,4664.6000,4662.8000,4662.6000,4660.6000,4658.4000,4666.2000,4666.4000,4666.6000,4667.4000,4667.8000,1,2,5,1,1,2,1,1,1,4
SF,IF2010,2020-08-27 09:31:07.400,4665.2000,2252,0,26593080.000,0,-,-,-,-,4662.8000,4662.6000,4658.4000,4658.0000,4657.6000,4666.2000,4666.4000,4667.8000,4671.0000,4671.8000,2,2,1,1,1,2,1,4,1,1
SF,IF2010,2020-08-27 09:31:07.900,4665.2000,2252,0,26593080.000,0,-,-,-,-,4663.2000,4663.0000,4662.8000,4662.6000,4658.0000,4667.8000,4671.0000,4671.8000,4672.2000,4674.2000,1,3,2,2,1,4,1,1,1,1
SF,IF2010,2020-08-27 09:31:08.400,4665.2000,2252,0,26593080.000,0,-,-,-,-,4663.4000,4663.2000,4663.0000,4662.6000,4658.0000,4667.6000,4667.8000,4671.0000,4671.8000,4672.2000,4,1,4,2,1,1,4,1,1,1
SF,IF2010,2020-08-27 09:31:08.900,4665.2000,2252,0,26593080.000,0,-,-,-,-,4663.4000,4663.2000,4663.0000,4662.6000,4658.0000,4667.6000,4667.8000,4671.0000,4671.8000,4672.2000,4,2,3,2,1,1,4,1,1,1
SF,IF2010,2020-08-27 09:31:09.400,4665.2000,2252,0,26593080.000,0,-,-,-,-,4663.6000,4663.4000,4663.2000,4663.0000,4662.6000,4667.6000,4667.8000,4671.0000,4671.8000,4672.2000,1,4,1,3,2,1,4,1,1,1
SF,IF2010,2020-08-27 09:31:09.900,4665.2000,2252,0,26593080.000,0,-,-,-,-,4663.8000,4663.6000,4663.4000,4663.2000,4663.0000,4667.6000,4667.8000,4671.0000,4671.8000,4672.2000,2,3,2,1,3,1,4,1,1,1
SF,IF2010,2020-08-27 09:31:10.400,4665.2000,2252,0,26593080.000,0,-,-,-,-,4663.8000,4663.6000,4663.4000,4663.2000,4663.0000,4667.6000,4667.8000,4671.0000,4671.8000,4672.2000,5,4,2,1,3,1,4,1,1,1
SF,IF2010,2020-08-27 09:31:10.900,4665.2000,2252,0,26593080.000,0,-,-,-,-,4663.8000,4663.6000,4663.4000,4663.2000,4663.0000,4667.6000,4667.8000,4671.0000,4671.8000,4672.2000,5,4,2,1,3,1,4,1,1,1
SF,IF2010,2020-08-27 09:31:11.400,4665.2000,2252,0,26593080.000,0,-,-,-,-,4663.8000,4663.6000,4663.4000,4663.2000,4663.0000,4667.6000,4667.8000,4671.0000,4671.8000,4672.2000,5,3,2,1,3,1,4,1,1,1
SF,IF2010,2020-08-27 09:31:11.900,4665.2000,2252,0,26593080.000,0,-,-,-,-,4665.6000,4664.2000,4663.8000,4663.6000,4663.4000,4667.4000,4667.8000,4671.0000,4671.8000,4672.2000,1,1,5,3,2,1,4,1,1,1
SF,IF2010,2020-08-27 09:31:12.400,4665.2000,2252,0,26593080.000,0,-,-,-,-,4664.2000,4663.8000,4663.6000,4663.4000,4663.2000,4667.2000,4667.4000,4667.6000,4667.8000,4671.0000,1,5,3,1,1,1,1,1,4,1
SF,IF2010,2020-08-27 09:31:12.900,4667.4000,2250,-2,29393460.000,2,0,2,双平,S,4664.4000,4664.2000,4663.8000,4663.6000,4663.4000,4667.8000,4671.0000,4671.8000,4672.2000,4673.0000,3,1,3,3,1,4,1,1,1,5
SF,IF2010,2020-08-27 09:31:13.400,4667.4000,2250,0,29393460.000,0,-,-,-,-,4666.2000,4664.4000,4664.2000,4663.8000,4663.6000,4667.8000,4671.0000,4671.8000,4672.2000,4673.0000,1,3,2,3,3,4,1,1,1,5
SF,IF2010,2020-08-27 09:31:13.900,4667.4000,2250,0,29393460.000,0,-,-,-,-,4664.6000,4664.4000,4664.2000,4663.6000,4663.4000,4667.8000,4671.0000,4672.2000,4673.0000,4674.2000,1,3,2,3,1,4,1,1,5,1
SF,IF2010,2020-08-27 09:31:14.400,4667.4000,2250,0,29393460.000,0,-,-,-,-,4664.8000,4664.6000,4664.4000,4664.2000,4663.6000,4667.8000,4671.0000,4672.2000,4673.0000,4674.2000,5,1,1,2,3,4,1,1,5,1
SF,IF2010,2020-08-27 09:31:14.900,4667.4000,2250,0,29393460.000,0,-,-,-,-,4666.6000,4664.8000,4664.6000,4664.4000,4664.2000,4667.8000,4671.0000,4672.2000,4673.0000,4674.2000,1,5,2,1,1,4,1,1,5,1
SF,IF2010,2020-08-27 09:31:15.400,4667.8000,2250,0,30793800.000,1,0,1,多换,S,4664.8000,4664.6000,4664.2000,4663.6000,4663.4000,4667.8000,4671.0000,4672.2000,4673.0000,4674.2000,5,2,1,3,1,3,1,1,5,1
SF,IF2010,2020-08-27 09:31:15.900,4667.8000,2250,0,30793800.000,0,-,-,-,-,4664.8000,4664.6000,4664.2000,4663.6000,4663.4000,4667.8000,4671.0000,4672.2000,4673.0000,4674.2000,5,1,1,3,1,3,1,1,5,1
SF,IF2010,2020-08-27 09:31:16.400,4667.8000,2250,0,30793800.000,0,-,-,-,-,4667.4000,4664.8000,4664.6000,4664.2000,4663.6000,4667.8000,4672.2000,4673.0000,4674.2000,4674.6000,1,5,1,1,3,3,1,5,1,1
SF,IF2010,2020-08-27 09:31:16.900,4667.8000,2250,0,30793800.000,0,-,-,-,-,4664.8000,4664.6000,4664.2000,4663.6000,4663.4000,4667.8000,4672.2000,4673.0000,4674.2000,4674.6000,2,1,1,3,1,3,1,5,1,1
SF,IF2010,2020-08-27 09:31:17.400,4667.8000,2250,0,30793800.000,0,-,-,-,-,4666.8000,4665.0000,4664.8000,4664.6000,4663.6000,4667.6000,4667.8000,4672.2000,4673.0000,4674.2000,1,4,1,1,3,1,3,1,5,1
SF,IF2010,2020-08-27 09:31:17.900,4667.8000,2250,0,30793800.000,0,-,-,-,-,4665.0000,4664.8000,4664.6000,4663.6000,4663.4000,4667.4000,4667.8000,4672.2000,4673.0000,4674.2000,4,1,1,3,1,1,3,1,5,1
SF,IF2010,2020-08-27 09:31:18.400,4667.8000,2250,0,30793800.000,0,-,-,-,-,4665.2000,4665.0000,4664.6000,4663.6000,4663.4000,4667.4000,4667.8000,4672.2000,4673.0000,4674.2000,1,4,1,3,1,1,3,1,5,1
SF,IF2010,2020-08-27 09:31:18.900,4667.8000,2250,0,30793800.000,0,-,-,-,-,4667.4000,4665.4000,4665.2000,4665.0000,4664.6000,4667.8000,4672.2000,4673.0000,4674.2000,4674.6000,1,1,1,4,1,3,1,5,1,1
SF,IF2010,2020-08-27 09:31:19.400,4667.8000,2250,0,30793800.000,0,-,-,-,-,4665.2000,4665.0000,4664.6000,4663.6000,4663.4000,4667.8000,4672.2000,4673.0000,4674.2000,4674.6000,2,1,1,3,1,3,1,5,1,1
SF,IF2010,2020-08-27 09:31:19.900,4667.8000,2250,0,33594480.000,2,1,1,多换,S,4667.0000,4665.4000,4665.2000,4665.0000,4664.6000,4667.8000,4672.2000,4673.0000,4674.2000,4674.6000,1,1,2,1,1,1,1,5,1,1
SF,IF2010,2020-08-27 09:31:20.400,4667.8000,2250,0,33594480.000,0,-,-,-,-,4665.2000,4665.0000,4664.6000,4663.6000,4663.4000,4667.8000,4672.2000,4673.0000,4674.2000,4674.6000,1,1,1,1,1,1,1,5,1,1
SF,IF2010,2020-08-27 09:31:20.900,4667.8000,2250,0,33594480.000,0,-,-,-,-,4665.2000,4665.0000,4664.6000,4663.6000,4663.4000,4667.8000,4672.2000,4673.0000,4674.2000,4674.6000,1,1,1,1,1,1,1,5,1,1
SF,IF2010,2020-08-27 09:31:21.400,4667.8000,2250,0,33594480.000,0,-,-,-,-,4666.8000,4665.4000,4665.2000,4665.0000,4664.6000,4667.8000,4670.6000,4672.2000,4673.0000,4674.2000,1,1,2,1,1,1,2,1,5,1
SF,IF2010,2020-08-27 09:31:21.900,4667.8000,2250,0,33594480.000,0,-,-,-,-,4665.4000,4665.2000,4665.0000,4664.6000,4663.6000,4667.8000,4670.6000,4672.2000,4673.0000,4674.2000,1,2,1,1,1,1,2,1,5,1
SF,IF2010,2020-08-27 09:31:22.400,4667.8000,2250,0,33594480.000,0,-,-,-,-,4665.6000,4665.4000,4665.0000,4664.6000,4663.6000,4667.8000,4670.6000,4672.2000,4673.0000,4674.2000,1,1,1,1,1,1,2,1,5,1
SF,IF2010,2020-08-27 09:31:22.900,4667.8000,2250,0,33594480.000,0,-,-,-,-,4665.0000,4664.6000,4663.6000,4663.4000,4663.2000,4667.6000,4667.8000,4670.6000,4672.2000,4673.0000,1,1,1,1,1,1,1,2,1,5
SF,IF2010,2020-08-27 09:31:23.400,4667.8000,2250,0,33594480.000,0,-,-,-,-,4664.6000,4663.6000,4663.4000,4663.2000,4663.0000,4667.4000,4667.6000,4667.8000,4670.6000,4672.2000,1,1,1,1,1,1,1,2,2,1
SF,IF2010,2020-08-27 09:31:23.900,4667.8000,2250,0,33594480.000,0,-,-,-,-,4663.6000,4663.4000,4663.2000,4663.0000,4662.6000,4667.2000,4667.4000,4667.6000,4667.8000,4670.6000,1,1,1,1,1,1,1,1,1,2
SF,IF2010,2020-08-27 09:31:24.400,4667.8000,2250,0,33594480.000,0,-,-,-,-,4665.8000,4663.8000,4663.6000,4663.4000,4663.2000,4667.0000,4667.2000,4667.8000,4670.6000,4672.2000,1,6,1,1,1,1,1,1,2,1
SF,IF2010,2020-08-27 09:31:24.900,4667.8000,2250,0,33594480.000,0,-,-,-,-,4663.8000,4663.6000,4663.4000,4663.2000,4663.0000,4666.8000,4667.8000,4669.6000,4670.6000,4672.2000,3,1,1,1,1,1,1,1,2,1
SF,IF2010,2020-08-27 09:31:25.400,4667.8000,2250,0,33594480.000,0,-,-,-,-,4664.0000,4663.8000,4663.6000,4663.4000,4663.2000,4666.6000,4667.0000,4667.8000,4669.6000,4670.6000,2,2,1,1,1,1,1,1,1,2
SF,IF2010,2020-08-27 09:31:25.900,4667.8000,2250,0,33594480.000,0,-,-,-,-,4664.2000,4664.0000,4663.8000,4663.6000,4663.4000,4666.4000,4666.6000,4666.8000,4667.8000,4669.6000,1,2,1,1,1,2,1,1,1,1
SF,IF2010,2020-08-27 09:31:26.400,4667.8000,2250,0,33594480.000,0,-,-,-,-,4663.4000,4663.2000,4663.0000,4662.6000,4658.0000,4666.4000,4666.6000,4667.8000,4669.6000,4670.6000,1,1,1,1,1,2,1,1,1,2
SF,IF2010,2020-08-27 09:31:26.900,4667.8000,2250,0,33594480.000,0,-,-,-,-,4663.2000,4663.0000,4662.6000,4658.0000,4657.0000,4666.2000,4666.4000,4667.8000,4669.6000,4670.6000,1,1,1,1,1,2,2,1,1,2
SF,IF2010,2020-08-27 09:31:27.400,4667.8000,2250,0,33594480.000,0,-,-,-,-,4658.0000,4657.0000,4655.0000,4651.6000,4650.0000,4666.0000,4666.2000,4667.8000,4669.6000,4670.6000,1,1,5,2,1,2,2,1,1,2
SF,IF2010,2020-08-27 09:31:27.900,4667.8000,2250,0,33594480.000,0,-,-,-,-,4664.2000,4662.6000,4662.4000,4662.2000,4662.0000,4666.0000,4666.2000,4667.8000,4669.6000,4670.6000,1,1,2,1,1,2,1,1,1,2
SF,IF2010,2020-08-27 09:31:28.400,4667.8000,2250,0,33594480.000,0,-,-,-,-,4662.4000,4662.2000,4662.0000,4658.8000,4658.6000,4666.0000,4667.8000,4669.6000,4670.6000,4672.2000,1,1,1,1,1,1,1,1,2,1
SF,IF2010,2020-08-27 09:31:28.900,4667.8000,2250,0,33594480.000,0,-,-,-,-,4662.6000,4662.4000,4662.2000,4662.0000,4658.8000,4665.8000,4666.0000,4667.8000,4669.6000,4670.6000,1,1,1,1,1,1,1,1,1,2
SF,IF2010,2020-08-27 09:31:29.400,4667.8000,2250,0,33594480.000,0,-,-,-,-,4662.6000,4662.2000,4662.0000,4658.8000,4658.6000,4665.6000,4665.8000,4667.8000,4669.6000,4670.6000,1,1,1,1,1,1,1,1,1,2
SF,IF2010,2020-08-27 09:31:29.900,4667.8000,2250,0,33594480.000,0,-,-,-,-,4662.0000,4658.8000,4658.6000,4658.2000,4658.0000,4665.4000,4665.6000,4665.8000,4667.8000,4669.6000,1,1,1,3,1,1,1,1,1,1
SF,IF2010,2020-08-27 09:31:30.400,4667.8000,2250,0,33594480.000,0,-,-,-,-,4662.0000,4658.8000,4658.6000,4658.2000,4658.0000,4665.2000,4665.4000,4665.6000,4667.8000,4669.6000,1,1,1,3,1,1,1,1,1,1
SF,IF2010,2020-08-27 09:31:30.900,4667.8000,2250,0,33594480.000,0,-,-,-,-,4662.2000,4658.8000,4658.6000,4658.2000,4658.0000,4665.0000,4665.2000,4665.6000,4667.8000,4669.6000,1,1,1,3,1,1,1,1,1,1
SF,IF2010,2020-08-27 09:31:31.400,4667.8000,2250,0,33594480.000,0,-,-,-,-,4662.2000,4658.8000,4658.6000,4658.2000,4658.0000,4664.8000,4665.0000,4665.2000,4667.8000,4669.6000,1,1,1,3,1,1,1,1,1,1
SF,IF2010,2020-08-27 09:31:32.400,4667.8000,2250,0,33594480.000,0,-,-,-,-,4662.2000,4658.8000,4658.6000,4658.2000,4658.0000,4664.8000,4665.0000,4667.8000,4669.6000,4670.6000,1,1,1,3,1,2,1,1,1,2
SF,IF2010,2020-08-27 09:31:32.900,4667.8000,2250,0,33594480.000,0,-,-,-,-,4658.8000,4658.6000,4658.2000,4658.0000,4657.0000,4664.8000,4665.0000,4667.8000,4669.6000,4670.6000,1,1,3,1,1,2,1,1,1,2
SF,IF2010,2020-08-27 09:31:33.400,4667.8000,2250,0,33594480.000,0,-,-,-,-,4662.2000,4660.4000,4660.2000,4660.0000,4659.4000,4664.6000,4664.8000,4665.4000,4667.8000,4669.6000,1,1,1,1,1,1,2,1,1,1
SF,IF2010,2020-08-27 09:31:33.900,4667.8000,2250,0,33594480.000,0,-,-,-,-,4660.4000,4660.2000,4660.0000,4659.4000,4659.0000,4664.4000,4665.4000,4667.8000,4669.6000,4670.6000,1,1,1,1,2,1,1,1,1,2
SF,IF2010,2020-08-27 09:31:34.400,4667.8000,2250,0,33594480.000,0,-,-,-,-,4660.6000,4660.4000,4660.2000,4660.0000,4659.4000,4664.6000,4665.4000,4667.8000,4669.6000,4670.6000,3,1,1,1,1,1,1,1,1,2
SF,IF2010,2020-08-27 09:31:34.900,4667.8000,2250,0,33594480.000,0,-,-,-,-,4662.6000,4660.8000,4660.6000,4660.4000,4660.0000,4664.4000,4664.6000,4665.4000,4667.8000,4669.6000,1,1,3,1,1,1,1,1,1,1
SF,IF2010,2020-08-27 09:31:35.400,4667.8000,2250,0,33594480.000,0,-,-,-,-,4660.8000,4660.6000,4660.4000,4660.0000,4659.4000,4664.2000,4664.4000,4664.6000,4665.4000,4667.8000,1,2,1,1,1,1,1,1,1,1
SF,IF2010,2020-08-27 09:31:35.900,4667.8000,2250,0,33594480.000,0,-,-,-,-,4661.0000,4660.8000,4660.4000,4660.0000,4659.4000,4664.0000,4664.2000,4664.4000,4665.4000,4667.8000,2,1,1,1,1,1,1,1,1,1
SF,IF2010,2020-08-27 09:31:36.400,4667.8000,2250,0,33594480.000,0,-,-,-,-,4661.0000,4660.4000,4660.0000,4659.4000,4658.8000,4663.8000,4664.0000,4664.2000,4665.4000,4667.8000,2,1,1,1,1,1,1,1,1,1
SF,IF2010,2020-08-27 09:31:36.900,4667.8000,2250,0,33594480.000,0,-,-,-,-,4662.6000,4661.0000,4660.4000,4660.0000,4659.4000,4663.8000,4665.4000,4666.8000,4667.8000,4669.6000,1,2,1,1,1,1,1,1,1,1
SF,IF2010,2020-08-27 09:31:37.400,4667.8000,2250,0,33594480.000,0,-,-,-,-,4661.0000,4660.4000,4660.0000,4659.4000,4658.8000,4665.4000,4666.8000,4667.8000,4669.6000,4670.6000,2,1,1,1,1,1,1,1,1,2
SF,IF2010,2020-08-27 09:31:37.900,4667.8000,2250,0,33594480.000,0,-,-,-,-,4661.0000,4660.4000,4660.0000,4659.4000,4658.8000,4663.8000,4665.2000,4665.4000,4666.8000,4667.8000,1,1,1,1,1,1,3,1,1,1
SF,IF2010,2020-08-27 09:31:38.400,4667.8000,2250,0,33594480.000,0,-,-,-,-,4661.0000,4659.4000,4658.8000,4658.6000,4658.0000,4663.6000,4663.8000,4665.2000,4665.4000,4666.8000,1,1,1,1,1,1,1,3,1,1
SF,IF2010,2020-08-27 09:31:38.900,4667.8000,2250,0,33594480.000,0,-,-,-,-,4658.8000,4658.6000,4658.0000,4657.0000,4651.6000,4663.6000,4663.8000,4665.2000,4665.4000,4666.8000,1,1,1,1,2,1,1,3,1,1
SF,IF2010,2020-08-27 09:31:39.400,4667.8000,2250,0,33594480.000,0,-,-,-,-,4659.6000,4659.4000,4659.2000,4659.0000,4658.8000,4663.4000,4663.6000,4665.2000,4665.4000,4666.8000,1,1,1,2,1,1,1,2,1,1
SF,IF2010,2020-08-27 09:31:39.900,4667.8000,2250,0,33594480.000,0,-,-,-,-,4659.8000,4659.4000,4659.2000,4659.0000,4658.8000,4663.2000,4663.4000,4664.8000,4665.2000,4666.8000,1,1,1,1,1,1,1,1,1,1
SF,IF2010,2020-08-27 09:31:40.400,4667.8000,2250,0,33594480.000,0,-,-,-,-,4659.8000,4659.4000,4659.2000,4659.0000,4658.8000,4663.0000,4663.2000,4664.8000,4665.2000,4667.8000,1,1,1,1,1,1,1,1,1,1
SF,IF2010,2020-08-27 09:31:40.900,4667.8000,2250,0,33594480.000,0,-,-,-,-,4660.0000,4659.8000,4659.2000,4659.0000,4658.8000,4662.8000,4663.0000,4664.8000,4665.2000,4667.8000,1,1,1,1,1,1,1,1,1,1
SF,IF2010,2020-08-27 09:31:41.400,4663.0000,2248,-2,36392220.000,2,0,2,双平,S,4660.2000,4660.0000,4659.2000,4659.0000,4658.8000,4664.8000,4665.2000,4667.8000,4669.6000,4670.6000,1,2,1,1,1,1,1,1,1,2
SF,IF2010,2020-08-27 09:31:41.900,4663.0000,2248,0,36392220.000,0,-,-,-,-,4660.4000,4660.2000,4660.0000,4659.2000,4659.0000,4664.6000,4665.2000,4667.8000,4669.6000,4670.6000,1,1,2,1,1,2,1,1,1,2
SF,IF2010,2020-08-27 09:31:42.400,4663.0000,2248,0,36392220.000,0,-,-,-,-,4660.6000,4660.4000,4660.2000,4660.0000,4659.2000,4664.6000,4665.2000,4667.8000,4669.6000,4670.6000,1,2,1,2,1,2,1,1,1,2
SF,IF2010,2020-08-27 09:31:42.900,4663.0000,2248,0,36392220.000,0,-,-,-,-,4660.8000,4660.6000,4660.4000,4660.0000,4659.2000,4664.6000,4665.2000,4667.8000,4669.6000,4670.6000,1,1,2,2,1,2,1,1,1,2
SF,IF2010,2020-08-27 09:31:43.400,4663.0000,2248,0,36392220.000,0,-,-,-,-,4661.0000,4660.8000,4660.6000,4660.4000,4660.0000,4664.6000,4665.2000,4667.8000,4669.6000,4670.6000,1,1,1,1,2,2,1,1,1,2
SF,IF2010,2020-08-27 09:31:43.900,4663.0000,2248,0,36392220.000,0,-,-,-,-,4661.2000,4661.0000,4660.0000,4659.2000,4658.8000,4664.4000,4664.6000,4665.2000,4667.8000,4669.6000,1,1,2,1,1,1,2,1,1,1
SF,IF2010,2020-08-27 09:31:44.400,4663.0000,2248,0,36392220.000,0,-,-,-,-,4661.4000,4661.2000,4661.0000,4660.0000,4659.2000,4664.2000,4664.4000,4664.6000,4665.2000,4667.8000,1,1,1,1,1,1,1,1,1,1
SF,IF2010,2020-08-27 09:31:44.900,4663.0000,2248,0,36392220.000,0,-,-,-,-,4661.4000,4661.2000,4660.0000,4659.2000,4658.8000,4664.2000,4664.4000,4664.6000,4665.2000,4667.8000,1,1,1,1,1,1,1,1,1,1
SF,IF2010,2020-08-27 09:31:45.400,4663.0000,2248,0,36392220.000,0,-,-,-,-,4661.4000,4661.2000,4660.0000,4659.2000,4658.8000,4664.0000,4664.2000,4664.4000,4664.6000,4665.2000,1,1,1,1,1,1,1,2,1,1
SF,IF2010,2020-08-27 09:31:45.900,4663.0000,2248,0,36392220.000,0,-,-,-,-,4661.4000,4661.2000,4660.0000,4659.2000,4658.8000,4663.4000,4664.0000,4664.2000,4664.4000,4664.6000,1,1,1,1,1,1,1,1,2,1
SF,IF2010,2020-08-27 09:31:46.400,4663.0000,2248,0,36392220.000,0,-,-,-,-,4661.4000,4660.0000,4659.2000,4658.8000,4658.6000,4663.4000,4664.0000,4664.2000,4664.4000,4664.6000,1,1,1,1,1,1,1,1,2,1
SF,IF2010,2020-08-27 09:31:46.900,4663.0000,2248,0,36392220.000,0,-,-,-,-,4661.4000,4660.0000,4659.2000,4658.8000,4658.6000,4664.0000,4664.4000,4664.6000,4665.2000,4667.8000,1,1,1,1,1,1,2,1,1,1
SF,IF2010,2020-08-27 09:31:47.400,4663.0000,2248,0,36392220.000,0,-,-,-,-,4661.4000,4660.0000,4659.2000,4658.8000,4658.6000,4663.4000,4664.0000,4664.4000,4664.6000,4665.2000,1,1,1,1,1,1,1,2,1,1
SF,IF2010,2020-08-27 09:31:48.400,4663.0000,2248,0,36392220.000,0,-,-,-,-,4661.4000,4660.0000,4659.2000,4658.8000,4658.6000,4663.2000,4664.0000,4664.4000,4664.6000,4665.2000,1,1,1,1,1,1,1,2,1,1
SF,IF2010,2020-08-27 09:31:48.900,4663.0000,2248,0,36392220.000,0,-,-,-,-,4660.0000,4659.2000,4658.8000,4658.6000,4657.0000,4663.0000,4663.2000,4664.0000,4664.4000,4664.6000,1,1,1,1,1,2,1,1,2,1
SF,IF2010,2020-08-27 09:31:49.400,4663.0000,2248,0,36392220.000,0,-,-,-,-,4660.2000,4659.2000,4658.8000,4658.6000,4657.0000,4663.0000,4663.2000,4664.0000,4664.4000,4664.6000,2,1,1,1,1,2,1,1,1,1
SF,IF2010,2020-08-27 09:31:50.400,4663.0000,2248,0,36392220.000,0,-,-,-,-,4660.2000,4659.2000,4658.8000,4658.6000,4657.0000,4663.0000,4663.2000,4664.4000,4664.6000,4665.2000,2,1,1,1,1,2,1,1,1,1
SF,IF2010,2020-08-27 09:31:50.900,4663.0000,2248,0,37791120.000,1,0,1,多换,S,4660.2000,4659.2000,4658.8000,4658.6000,4657.0000,4664.4000,4664.6000,4665.2000,4667.8000,4669.6000,2,1,1,1,1,1,1,1,1,1
SF,IF2010,2020-08-27 09:31:51.400,4663.0000,2248,0,37791120.000,0,-,-,-,-,4660.2000,4658.8000,4658.6000,4657.0000,4651.6000,4662.0000,4662.4000,4662.8000,4663.0000,4663.8000,2,1,1,1,2,1,1,1,1,1
SF,IF2010,2020-08-27 09:31:51.900,4663.0000,2248,0,37791120.000,0,-,-,-,-,4660.2000,4658.8000,4657.0000,4651.6000,4650.0000,4662.8000,4663.8000,4664.0000,4664.2000,4664.4000,1,1,1,2,6,1,1,2,2,1
SF,IF2010,2020-08-27 09:31:52.400,4663.0000,2248,0,37791120.000,0,-,-,-,-,4660.2000,4658.8000,4657.0000,4651.6000,4650.0000,4662.0000,4662.6000,4663.8000,4664.0000,4664.2000,1,1,1,2,6,1,1,1,2,1
SF,IF2010,2020-08-27 09:31:52.900,4663.0000,2248,0,37791120.000,0,-,-,-,-,4657.0000,4651.6000,4650.0000,4648.0000,4646.6000,4662.0000,4662.6000,4663.8000,4664.0000,4664.2000,1,2,6,3,2,1,1,1,2,1
SF,IF2010,2020-08-27 09:31:53.400,4663.0000,2248,0,37791120.000,0,-,-,-,-,4660.0000,4658.2000,4658.0000,4657.4000,4657.2000,4661.8000,4662.0000,4664.0000,4664.2000,4664.4000,1,1,1,1,4,1,1,1,1,1
SF,IF2010,2020-08-27 09:31:53.900,4663.0000,2248,0,37791120.000,0,-,-,-,-,4658.2000,4658.0000,4657.4000,4657.2000,4657.0000,4661.8000,4664.0000,4664.2000,4664.4000,4665.0000,1,1,1,3,1,1,1,1,1,5
SF,IF2010,2020-08-27 09:31:54.400,4663.0000,2248,0,37791120.000,0,-,-,-,-,4658.6000,4658.4000,4658.2000,4658.0000,4657.4000,4661.8000,4664.0000,4664.4000,4665.0000,4665.2000,1,5,1,1,1,1,1,1,5,1
SF,IF2010,2020-08-27 09:31:54.900,4663.0000,2248,0,37791120.000,0,-,-,-,-,4660.4000,4658.8000,4658.6000,4658.4000,4658.2000,4664.4000,4665.0000,4665.2000,4667.8000,4669.6000,1,4,1,3,1,1,5,1,1,1
SF,IF2010,2020-08-27 09:31:55.400,4663.0000,2248,0,37791120.000,0,-,-,-,-,4660.6000,4658.8000,4658.6000,4658.2000,4658.0000,4664.2000,4664.4000,4665.2000,4667.8000,4669.6000,2,2,2,1,1,1,1,1,1,1
SF,IF2010,2020-08-27 09:31:55.900,4663.0000,2248,0,37791120.000,0,-,-,-,-,4660.8000,4660.6000,4660.4000,4658.8000,4658.6000,4664.2000,4664.4000,4665.2000,4667.8000,4669.6000,1,2,1,2,1,1,1,1,1,1
SF,IF2010,2020-08-27 09:31:56.400,4663.0000,2248,0,37791120.000,0,-,-,-,-,4661.0000,4660.8000,4658.8000,4658.6000,4658.2000,4664.2000,4664.4000,4665.2000,4667.8000,4669.6000,2,3,1,1,1,1,1,1,1,1
SF,IF2010,2020-08-27 09:31:56.900,4663.0000,2248,0,37791120.000,0,-,-,-,-,4661.0000,4660.8000,4658.8000,4658.6000,4658.2000,4664.2000,4664.4000,4665.2000,4667.8000,4669.6000,2,1,1,1,1,1,1,1,1,1
SF,IF2010,2020-08-27 09:31:57.400,4663.0000,2248,0,37791120.000,0,-,-,-,-,4661.2000,4661.0000,4658.8000,4658.6000,4658.2000,4664.2000,4664.4000,4665.2000,4667.8000,4670.0000,1,2,1,1,1,1,1,1,1,5
SF,IF2010,2020-08-27 09:31:57.900,4663.0000,2248,0,37791120.000,0,-,-,-,-,4661.4000,4658.8000,4658.6000,4658.2000,4658.0000,4664.2000,4664.4000,4665.2000,4667.8000,4670.0000,2,1,1,1,1,1,1,1,1,5
SF,IF2010,2020-08-27 09:31:58.400,4663.0000,2248,0,37791120.000,0,-,-,-,-,4661.4000,4658.8000,4658.6000,4658.2000,4658.0000,4662.4000,4662.8000,4664.0000,4664.2000,4665.2000,1,1,1,1,1,1,1,1,2,1
SF,IF2010,2020-08-27 09:31:58.900,4663.0000,2248,0,37791120.000,0,-,-,-,-,4661.6000,4658.8000,4658.6000,4658.0000,4657.4000,4664.0000,4664.2000,4665.2000,4667.8000,4670.0000,1,1,1,1,1,1,1,1,1,5
SF,IF2010,2020-08-27 09:31:59.400,4663.0000,2248,0,37791120.000,0,-,-,-,-,4661.6000,4661.4000,4658.8000,4658.6000,4658.0000,4665.2000,4667.8000,4670.0000,4670.6000,4672.2000,1,1,1,1,1,1,1,5,2,1
SF,IF2010,2020-08-27 09:31:59.900,4663.0000,2248,0,37791120.000,0,-,-,-,-,4661.8000,4661.6000,4658.8000,4658.6000,4658.0000,4665.0000,4665.2000,4667.8000,4670.0000,4670.6000,1,2,1,1,1,1,1,1,5,2
SF,IF2010,2020-08-27 09:32:00.400,4663.0000,2248,0,37791120.000,0,-,-,-,-,4662.0000,4661.8000,4658.8000,4658.6000,4658.0000,4665.0000,4667.8000,4670.0000,4670.6000,4672.2000,2,1,1,1,1,1,1,5,2,1
SF,IF2010,2020-08-27 09:32:00.900,4663.0000,2248,0,37791120.000,0,-,-,-,-,4662.2000,4662.0000,4658.8000,4658.6000,4658.0000,4665.0000,4667.8000,4670.0000,4670.6000,4672.2000,1,2,1,1,1,1,1,5,2,1
SF,IF2010,2020-08-27 09:32:01.400,4663.0000,2248,0,37791120.000,0,-,-,-,-,4662.4000,4662.2000,4662.0000,4658.8000,4658.6000,4667.8000,4670.0000,4670.6000,4672.2000,4673.0000,1,2,1,1,1,1,5,2,1,5
SF,IF2010,2020-08-27 09:32:01.900,4663.0000,2248,0,37791120.000,0,-,-,-,-,4662.6000,4662.4000,4662.2000,4658.8000,4658.6000,4664.2000,4664.6000,4666.2000,4666.4000,4667.4000,1,1,1,1,1,1,1,1,3,1
SF,IF2010,2020-08-27 09:32:02.400,4663.0000,2248,0,37791120.000,0,-,-,-,-,4662.8000,4658.8000,4658.6000,4657.4000,4657.0000,4666.2000,4666.4000,4667.4000,4667.6000,4667.8000,1,1,1,1,1,1,3,1,3,1
SF,IF2010,2020-08-27 09:32:02.900,4663.0000,2248,0,37791120.000,0,-,-,-,-,4663.0000,4662.6000,4658.8000,4658.6000,4657.4000,4664.0000,4664.2000,4664.6000,4666.0000,4666.2000,1,1,1,1,1,1,1,1,1,1
SF,IF2010,2020-08-27 09:32:03.400,4663.0000,2248,0,37791120.000,0,-,-,-,-,4658.8000,4658.6000,4657.4000,4657.0000,4651.6000,4664.0000,4666.0000,4666.2000,4666.4000,4667.4000,1,1,1,1,2,1,1,1,3,1
SF,IF2010,2020-08-27 09:32:03.900,4663.0000,2248,0,37791120.000,0,-,-,-,-,4661.8000,4660.0000,4659.8000,4659.4000,4659.0000,4664.0000,4666.4000,4667.4000,4667.6000,4667.8000,1,1,1,1,3,1,2,1,1,1
SF,IF2010,2020-08-27 09:32:04.400,4663.0000,2248,0,37791120.000,0,-,-,-,-,4660.0000,4659.8000,4659.4000,4659.0000,4658.8000,4663.8000,4664.0000,4666.4000,4667.4000,4667.6000,1,1,1,3,1,2,1,2,1,1
SF,IF2010,2020-08-27 09:32:04.900,4663.0000,2248,0,37791120.000,0,-,-,-,-,4660.2000,4660.0000,4659.8000,4659.4000,4659.0000,4663.6000,4663.8000,4664.0000,4666.4000,4667.4000,3,1,1,1,1,1,2,1,2,1
SF,IF2010,2020-08-27 09:32:05.400,4663.0000,2248,0,37791120.000,0,-,-,-,-,4660.2000,4660.0000,4659.8000,4659.4000,4659.0000,4663.6000,4663.8000,4666.4000,4667.4000,4667.8000,2,1,1,1,1,1,2,2,1,1
SF,IF2010,2020-08-27 09:32:05.900,4663.0000,2248,0,37791120.000,0,-,-,-,-,4660.2000,4659.8000,4659.4000,4659.0000,4658.8000,4663.4000,4663.6000,4663.8000,4666.4000,4667.4000,2,1,1,1,1,1,1,1,2,1
SF,IF2010,2020-08-27 09:32:06.400,4663.0000,2248,0,37791120.000,0,-,-,-,-,4660.2000,4659.4000,4659.0000,4658.8000,4658.6000,4663.8000,4666.4000,4667.4000,4667.8000,4670.0000,2,1,1,1,1,1,2,1,1,5
SF,IF2010,2020-08-27 09:32:06.900,4663.6000,2248,0,40589220.000,2,1,1,多换,S,4660.2000,4659.4000,4659.0000,4658.8000,4658.6000,4663.8000,4666.4000,4667.4000,4667.8000,4670.0000,2,1,1,1,1,1,2,1,1,5
SF,IF2010,2020-08-27 09:32:07.400,4663.6000,2248,0,40589220.000,0,-,-,-,-,4660.2000,4659.4000,4659.0000,4658.8000,4658.6000,4663.2000,4663.6000,4663.8000,4666.4000,4667.4000,2,1,1,1,1,1,1,1,2,1
SF,IF2010,2020-08-27 09:32:07.900,4663.6000,2248,0,40589220.000,0,-,-,-,-,4660.2000,4659.4000,4659.0000,4658.8000,4658.6000,4663.6000,4663.8000,4666.4000,4667.4000,4667.8000,2,1,1,1,1,1,1,2,1,1
SF,IF2010,2020-08-27 09:32:08.900,4663.6000,2248,0,40589220.000,0,-,-,-,-,4660.2000,4659.0000,4658.8000,4658.6000,4657.4000,4663.4000,4663.6000,4663.8000,4666.4000,4667.4000,2,1,1,1,1,1,1,1,2,1
SF,IF2010,2020-08-27 09:32:09.400,4663.6000,2248,0,40589220.000,0,-,-,-,-,4660.2000,4657.4000,4657.0000,4651.6000,4650.0000,4661.8000,4663.2000,4663.4000,4663.8000,4666.4000,2,1,1,2,6,1,2,1,1,2
SF,IF2010,2020-08-27 09:32:09.900,4663.6000,2248,0,40589220.000,0,-,-,-,-,4660.2000,4657.4000,4657.0000,4651.6000,4650.0000,4663.2000,4663.4000,4663.6000,4663.8000,4666.4000,1,1,1,2,6,2,1,1,1,2
SF,IF2010,2020-08-27 09:32:10.400,4663.6000,2248,0,40589220.000,0,-,-,-,-,4660.4000,4657.4000,4657.0000,4651.6000,4650.0000,4661.6000,4661.8000,4663.0000,4663.2000,4663.4000,1,1,1,2,6,1,1,1,2,1
SF,IF2010,2020-08-27 09:32:10.900,4663.6000,2248,0,40589220.000,0,-,-,-,-,4657.4000,4657.0000,4651.6000,4650.0000,4648.0000,4661.6000,4663.0000,4663.2000,4663.4000,4663.6000,1,1,2,6,3,1,1,2,1,1
SF,IF2010,2020-08-27 09:32:11.400,4663.6000,2248,0,40589220.000,0,-,-,-,-,4659.8000,4658.2000,4658.0000,4657.6000,4657.4000,4663.2000,4663.4000,4663.6000,4663.8000,4666.4000,1,1,1,3,1,1,1,1,1,2
SF,IF2010,2020-08-27 09:32:11.900,4663.6000,2248,0,40589220.000,0,-,-,-,-,4660.0000,4658.2000,4658.0000,4657.6000,4657.4000,4661.2000,4663.0000,4663.2000,4663.4000,4663.6000,1,1,1,2,1,1,1,1,1,1
SF,IF2010,2020-08-27 09:32:12.400,4663.6000,2248,0,40589220.000,0,-,-,-,-,4657.6000,4657.4000,4657.0000,4651.6000,4650.0000,4661.0000,4663.0000,4663.2000,4663.4000,4663.6000,2,1,1,2,6,1,1,1,1,1
SF,IF2010,2020-08-27 09:32:12.900,4663.6000,2248,0,40589220.000,0,-,-,-,-,4657.8000,4657.6000,4657.0000,4651.6000,4650.0000,4661.0000,4663.0000,4663.2000,4663.4000,4663.6000,1,1,1,2,6,1,1,1,1,1
SF,IF2010,2020-08-27 09:32:13.400,4663.6000,2248,0,40589220.000,0,-,-,-,-,4658.0000,4657.8000,4657.0000,4651.6000,4650.0000,4660.8000,4661.0000,4663.2000,4663.4000,4663.6000,1,1,1,2,1,1,1,1,1,1
SF,IF2010,2020-08-27 09:32:13.900,4663.6000,2248,0,40589220.000,0,-,-,-,-,4658.0000,4657.8000,4657.0000,4651.6000,4650.0000,4661.0000,4663.2000,4663.4000,4663.6000,4663.8000,1,2,1,2,1,1,1,1,1,1
SF,IF2010,2020-08-27 09:32:14.400,4663.6000,2248,0,40589220.000,0,-,-,-,-,4658.2000,4658.0000,4657.0000,4651.6000,4650.0000,4659.4000,4661.0000,4663.2000,4663.4000,4663.6000,1,1,1,2,1,1,1,1,1,1
SF,IF2010,2020-08-27 09:32:14.900,4663.6000,2248,0,40589220.000,0,-,-,-,-,4658.4000,4658.0000,4657.0000,4651.6000,4650.0000,4661.0000,4663.4000,4663.6000,4663.8000,4666.4000,1,1,1,2,1,1,1,1,1,1
SF,IF2010,2020-08-27 09:32:15.400,4663.6000,2248,0,40589220.000,0,-,-,-,-,4658.4000,4658.2000,4657.0000,4651.6000,4650.0000,4661.0000,4663.4000,4663.6000,4666.4000,4667.4000,1,1,1,2,1,1,1,1,1,1
SF,IF2010,2020-08-27 09:32:15.900,4663.6000,2248,0,40589220.000,0,-,-,-,-,4658.4000,4658.2000,4657.0000,4651.6000,4650.0000,4663.4000,4663.6000,4666.4000,4667.4000,4667.8000,1,1,1,2,1,1,1,1,1,1
SF,IF2010,2020-08-27 09:32:16.400,4663.6000,2248,0,40589220.000,0,-,-,-,-,4658.6000,4658.4000,4657.0000,4651.6000,4650.0000,4660.4000,4660.8000,4662.2000,4662.4000,4662.6000,1,2,1,2,1,1,1,1,1,1
SF,IF2010,2020-08-27 09:32:16.900,4663.6000,2248,0,40589220.000,0,-,-,-,-,4659.0000,4658.8000,4658.4000,4658.2000,4657.0000,4662.2000,4662.4000,4662.6000,4663.2000,4663.4000,1,2,1,1,1,1,1,1,2,1
SF,IF2010,2020-08-27 09:32:17.400,4663.6000,2248,0,40589220.000,0,-,-,-,-,4659.2000,4658.8000,4658.6000,4658.2000,4657.0000,4662.0000,4662.2000,4662.4000,4662.6000,4663.2000,2,1,1,1,1,1,1,1,1,1
SF,IF2010,2020-08-27 09:32:17.900,4663.6000,2248,0,40589220.000,0,-,-,-,-,4659.2000,4658.6000,4658.2000,4657.0000,4651.6000,4660.2000,4660.6000,4661.8000,4662.0000,4662.2000,2,1,1,1,2,1,1,1,1,1
SF,IF2010,2020-08-27 09:32:18.400,4663.6000,2248,0,40589220.000,0,-,-,-,-,4659.2000,4658.6000,4658.2000,4657.0000,4651.6000,4661.8000,4662.0000,4662.2000,4662.4000,4662.6000,1,1,1,1,2,1,1,1,1,1
SF,IF2010,2020-08-27 09:32:18.900,4663.6000,2248,0,40589220.000,0,-,-,-,-,4659.2000,4658.2000,4657.0000,4651.6000,4650.0000,4661.8000,4662.0000,4662.2000,4662.4000,4662.6000,1,1,1,2,1,1,1,1,1,1
SF,IF2010,2020-08-27 09:32:19.400,4663.6000,2248,0,40589220.000,0,-,-,-,-,4659.2000,4658.2000,4657.0000,4651.6000,4650.0000,4660.2000,4660.6000,4661.6000,4661.8000,4662.0000,2,1,1,2,1,1,1,1,1,1
SF,IF2010,2020-08-27 09:32:19.900,4663.6000,2248,0,40589220.000,0,-,-,-,-,4659.2000,4658.2000,4657.0000,4651.6000,4650.0000,4662.0000,4662.2000,4662.4000,4662.6000,4663.2000,2,1,1,2,1,1,1,1,1,1
SF,IF2010,2020-08-27 09:32:20.400,4663.6000,2248,0,40589220.000,0,-,-,-,-,4659.2000,4658.2000,4657.0000,4651.6000,4650.0000,4660.4000,4661.8000,4662.0000,4662.2000,4662.4000,2,1,1,2,1,1,2,1,1,1
SF,IF2010,2020-08-27 09:32:20.900,4663.6000,2248,0,40589220.000,0,-,-,-,-,4659.2000,4658.2000,4657.0000,4651.6000,4650.0000,4661.8000,4662.0000,4662.2000,4662.4000,4662.6000,1,1,1,2,1,1,1,1,1,1
SF,IF2010,2020-08-27 09:32:21.400,4663.6000,2248,0,40589220.000,0,-,-,-,-,4659.4000,4659.2000,4658.2000,4657.0000,4651.6000,4662.0000,4662.2000,4662.4000,4662.6000,4663.2000,2,1,1,1,2,1,1,1,1,1
SF,IF2010,2020-08-27 09:32:21.900,4663.6000,2248,0,40589220.000,0,-,-,-,-,4659.6000,4659.4000,4658.2000,4657.0000,4651.6000,4662.0000,4662.2000,4662.4000,4663.2000,4663.4000,1,2,1,1,2,1,1,1,1,1
SF,IF2010,2020-08-27 09:32:22.400,4663.6000,2248,0,40589220.000,0,-,-,-,-,4660.0000,4659.6000,4659.4000,4658.2000,4657.0000,4662.0000,4663.4000,4667.4000,4667.8000,4670.0000,1,1,2,1,1,1,1,1,1,5
SF,IF2010,2020-08-27 09:32:22.900,4663.6000,2248,0,40589220.000,0,-,-,-,-,4660.2000,4659.6000,4659.4000,4658.2000,4657.0000,4662.0000,4663.4000,4667.4000,4667.8000,4670.0000,2,1,1,1,1,1,1,1,1,5
SF,IF2010,2020-08-27 09:32:23.400,4660.2000,2248,0,41987280.000,1,0,1,多换,S,4660.2000,4660.0000,4658.2000,4657.0000,4651.6000,4663.4000,4667.4000,4667.8000,4670.0000,4670.2000,1,1,1,1,2,1,1,1,5,3
SF,IF2010,2020-08-27 09:32:23.900,4660.2000,2248,0,41987280.000,0,-,-,-,-,4660.4000,4658.2000,4657.0000,4651.6000,4650.0000,4661.6000,4663.2000,4663.4000,4667.4000,4667.8000,1,1,1,2,1,1,2,1,1,1
SF,IF2010,2020-08-27 09:32:24.400,4660.2000,2248,0,41987280.000,0,-,-,-,-,4658.2000,4657.0000,4651.6000,4650.0000,4648.0000,4663.2000,4663.4000,4667.4000,4667.8000,4670.0000,1,1,2,1,3,3,1,1,1,5
SF,IF2010,2020-08-27 09:32:24.900,4660.2000,2248,0,41987280.000,0,-,-,-,-,4660.4000,4658.4000,4658.2000,4657.0000,4651.6000,4663.0000,4663.2000,4663.4000,4667.4000,4667.8000,1,2,1,1,2,1,3,1,1,1
SF,IF2010,2020-08-27 09:32:25.400,4660.2000,2248,0,41987280.000,0,-,-,-,-,4660.4000,4658.4000,4658.2000,4657.0000,4651.6000,4660.8000,4661.2000,4662.6000,4662.8000,4663.0000,1,2,1,1,2,1,1,2,2,1
SF,IF2010,2020-08-27 09:32:25.900,4660.2000,2248,0,41987280.000,0,-,-,-,-,4660.4000,4658.4000,4658.2000,4657.0000,4651.6000,4662.8000,4663.0000,4663.4000,4667.4000,4667.8000,1,1,1,1,2,2,1,1,1,1
SF,IF2010,2020-08-27 09:32:26.400,4660.2000,2248,0,41987280.000,0,-,-,-,-,4660.6000,4658.2000,4657.0000,4651.6000,4650.0000,4662.8000,4663.0000,4663.4000,4667.4000,4667.8000,1,1,1,2,1,1,1,1,1,1
SF,IF2010,2020-08-27 09:32:26.900,4660.2000,2248,0,41987280.000,0,-,-,-,-,4660.8000,4660.6000,4660.4000,4658.2000,4657.0000,4663.0000,4667.4000,4667.8000,4670.0000,4670.2000,1,1,1,1,1,1,1,1,5,3
SF,IF2010,2020-08-27 09:32:27.400,4660.2000,2248,0,41987280.000,0,-,-,-,-,4661.0000,4660.8000,4660.4000,4658.2000,4657.0000,4663.0000,4667.4000,4667.8000,4670.0000,4670.2000,1,1,1,1,1,1,1,1,5,3
SF,IF2010,2020-08-27 09:32:27.900,4660.2000,2248,0,41987280.000,0,-,-,-,-,4661.0000,4660.8000,4658.2000,4657.0000,4651.6000,4662.8000,4663.0000,4667.4000,4667.8000,4670.0000,1,1,1,1,2,1,1,1,1,5
SF,IF2010,2020-08-27 09:32:28.400,4660.2000,2248,0,41987280.000,0,-,-,-,-,4661.0000,4658.2000,4657.0000,4651.6000,4650.0000,4662.0000,4662.8000,4663.0000,4667.4000,4667.8000,1,1,1,2,1,1,1,1,1,1
SF,IF2010,2020-08-27 09:32:28.900,4660.2000,2248,0,41987280.000,0,-,-,-,-,4658.2000,4657.0000,4651.6000,4650.0000,4648.0000,4663.0000,4667.4000,4667.8000,4670.0000,4670.2000,1,1,2,1,3,1,1,1,5,3
SF,IF2010,2020-08-27 09:32:29.400,4660.2000,2248,0,41987280.000,0,-,-,-,-,4661.0000,4658.8000,4658.4000,4658.2000,4657.0000,4662.8000,4663.0000,4667.4000,4667.8000,4670.0000,1,2,6,1,1,1,1,1,1,5
SF,IF2010,2020-08-27 09:32:29.900,4660.2000,2248,0,41987280.000,0,-,-,-,-,4661.0000,4658.4000,4658.2000,4657.0000,4651.6000,4661.6000,4662.0000,4662.8000,4663.0000,4667.4000,1,3,1,1,2,1,1,1,1,1
SF,IF2010,2020-08-27 09:32:30.400,4660.2000,2248,0,41987280.000,0,-,-,-,-,4658.4000,4658.2000,4657.0000,4651.6000,4650.0000,4661.4000,4661.6000,4662.8000,4663.0000,4667.4000,2,1,1,2,1,1,1,1,1,1
SF,IF2010,2020-08-27 09:32:30.900,4660.2000,2248,0,41987280.000,0,-,-,-,-,4660.0000,4658.6000,4658.4000,4658.2000,4657.0000,4661.4000,4663.0000,4667.4000,4667.8000,4670.0000,1,1,3,1,1,1,1,1,1,5
SF,IF2010,2020-08-27 09:32:31.400,4660.2000,2248,0,41987280.000,0,-,-,-,-,4660.4000,4660.2000,4658.8000,4658.6000,4658.4000,4663.0000,4667.4000,4667.8000,4670.0000,4670.2000,1,1,1,2,2,1,1,1,5,3
SF,IF2010,2020-08-27 09:32:31.900,4660.2000,2248,0,41987280.000,0,-,-,-,-,4660.6000,4660.4000,4660.0000,4658.8000,4658.6000,4663.0000,4667.4000,4667.8000,4670.0000,4670.2000,1,1,1,1,1,1,1,1,5,3
SF,IF2010,2020-08-27 09:32:32.400,4660.2000,2248,0,41987280.000,0,-,-,-,-,4660.6000,4660.4000,4660.0000,4658.8000,4658.4000,4663.0000,4667.4000,4667.8000,4670.0000,4670.2000,1,1,1,1,2,1,1,1,5,3
SF,IF2010,2020-08-27 09:32:32.900,4660.2000,2248,0,41987280.000,0,-,-,-,-,4660.8000,4660.6000,4660.0000,4658.8000,4658.4000,4662.6000,4663.0000,4667.4000,4667.8000,4670.0000,1,1,1,1,2,1,1,1,1,5
SF,IF2010,2020-08-27 09:32:33.400,4660.2000,2248,0,41987280.000,0,-,-,-,-,4661.0000,4660.8000,4660.6000,4658.8000,4658.4000,4663.0000,4667.4000,4667.8000,4670.0000,4670.2000,2,1,1,1,2,1,1,1,5,3
SF,IF2010,2020-08-27 09:32:33.900,4660.2000,2248,0,41987280.000,0,-,-,-,-,4661.0000,4660.8000,4658.8000,4658.4000,4658.2000,4663.0000,4665.6000,4667.4000,4667.8000,4670.0000,2,2,1,2,1,1,1,1,1,5
SF,IF2010,2020-08-27 09:32:34.400,4660.2000,2248,0,41987280.000,0,-,-,-,-,4661.2000,4661.0000,4660.8000,4658.8000,4658.4000,4662.8000,4663.0000,4665.6000,4667.4000,4667.8000,1,1,1,1,2,1,1,1,1,1
SF,IF2010,2020-08-27 09:32:34.900,4660.2000,2248,0,41987280.000,0,-,-,-,-,4661.4000,4661.2000,4660.8000,4658.8000,4658.4000,4663.0000,4665.6000,4667.4000,4667.8000,4670.0000,1,2,1,1,2,1,1,1,1,5
SF,IF2010,2020-08-27 09:32:35.400,4660.2000,2248,0,41987280.000,0,-,-,-,-,4661.4000,4661.2000,4660.8000,4658.8000,4658.4000,4663.0000,4665.6000,4667.4000,4667.8000,4670.0000,1,1,1,1,2,1,1,1,1,5
SF,IF2010,2020-08-27 09:32:35.900,4661.0000,2249,1,43385580.000,1,1,0,双开,S,4661.4000,4660.8000,4658.8000,4658.4000,4658.2000,4663.0000,4665.6000,4667.4000,4667.8000,4670.0000,2,1,1,2,1,1,1,1,1,5
SF,IF2010,2020-08-27 09:32:36.400,4661.0000,2249,0,43385580.000,0,-,-,-,-,4661.4000,4658.8000,4658.4000,4658.2000,4657.0000,4665.6000,4667.4000,4667.8000,4670.0000,4670.2000,1,1,2,1,1,1,1,1,5,3
SF,IF2010,2020-08-27 09:32:36.900,4661.0000,2249,0,43385580.000,0,-,-,-,-,4661.6000,4658.8000,4658.4000,4658.2000,4657.0000,4662.8000,4663.2000,4664.6000,4664.8000,4665.4000,1,1,1,1,1,2,1,1,1,1
SF,IF2010,2020-08-27 09:32:37.400,4661.0000,2249,0,43385580.000,0,-,-,-,-,4658.8000,4658.4000,4657.0000,4651.6000,4650.0000,4662.6000,4664.6000,4664.8000,4665.4000,4665.6000,1,1,1,2,1,1,1,1,2,1
SF,IF2010,2020-08-27 09:32:37.900,4661.0000,2249,0,43385580.000,0,-,-,-,-,4659.0000,4658.8000,4658.4000,4657.0000,4651.6000,4662.6000,4664.8000,4665.4000,4665.6000,4667.4000,6,1,1,1,2,1,1,2,1,1
SF,IF2010,2020-08-27 09:32:38.400,4661.0000,2249,0,43385580.000,0,-,-,-,-,4659.0000,4658.8000,4658.4000,4657.0000,4651.6000,4662.6000,4664.8000,4665.4000,4665.6000,4667.4000,6,2,1,1,2,1,1,2,1,1
SF,IF2010,2020-08-27 09:32:38.900,4661.0000,2249,0,43385580.000,0,-,-,-,-,4659.0000,4658.8000,4658.4000,4657.0000,4651.6000,4662.4000,4662.6000,4664.8000,4665.4000,4665.6000,6,2,1,1,2,1,1,1,1,1
SF,IF2010,2020-08-27 09:32:39.400,4661.0000,2249,0,43385580.000,0,-,-,-,-,4659.0000,4658.8000,4658.4000,4657.0000,4651.6000,4662.4000,4662.6000,4664.8000,4665.4000,4665.6000,6,1,1,1,2,1,1,1,1,1
SF,IF2010,2020-08-27 09:32:39.900,4661.0000,2249,0,43385580.000,0,-,-,-,-,4659.0000,4657.0000,4651.6000,4650.0000,4648.0000,4662.6000,4664.8000,4665.4000,4665.6000,4667.4000,2,1,2,1,3,1,1,1,1,1
SF,IF2010,2020-08-27 09:32:40.400,4661.0000,2249,0,43385580.000,0,-,-,-,-,4659.2000,4659.0000,4657.0000,4651.6000,4650.0000,4661.0000,4662.4000,4662.6000,4664.8000,4665.4000,1,2,1,2,1,1,1,1,1,1
SF,IF2010,2020-08-27 09:32:40.900,4661.0000,2249,0,43385580.000,0,-,-,-,-,4659.4000,4659.2000,4657.0000,4651.6000,4650.0000,4661.0000,4664.8000,4665.4000,4665.6000,4667.4000,1,1,1,2,1,1,1,1,1,1
SF,IF2010,2020-08-27 09:32:41.400,4661.0000,2249,0,43385580.000,0,-,-,-,-,4659.8000,4659.6000,4659.4000,4659.2000,4657.0000,4661.0000,4664.8000,4665.4000,4665.6000,4667.4000,1,1,1,1,1,1,1,1,1,1
SF,IF2010,2020-08-27 09:32:41.900,4661.0000,2249,0,44783880.000,1,0,1,多换,S,4660.0000,4659.8000,4659.6000,4659.4000,4657.0000,4664.8000,4665.4000,4665.6000,4667.4000,4667.8000,1,1,1,1,1,1,1,1,1,1
SF,IF2010,2020-08-27 09:32:42.400,4661.0000,2249,0,44783880.000,0,-,-,-,-,4660.2000,4660.0000,4659.8000,4659.6000,4659.0000,4661.6000,4662.0000,4663.2000,4663.4000,4664.2000,1,3,1,1,1,1,1,1,2,1
SF,IF2010,2020-08-27 09:32:42.900,4661.0000,2249,0,44783880.000,0,-,-,-,-,4660.4000,4660.0000,4659.6000,4659.0000,4657.0000,4663.2000,4663.4000,4663.8000,4664.2000,4664.6000,1,3,1,1,1,1,1,1,1,1
SF,IF2010,2020-08-27 09:32:43.400,4661.0000,2249,0,44783880.000,0,-,-,-,-,4660.4000,4660.2000,4660.0000,4659.6000,4659.0000,4663.0000,4663.2000,4663.4000,4663.8000,4664.2000,1,1,3,1,1,1,1,1,1,1
SF,IF2010,2020-08-27 09:32:43.900,4661.0000,2249,0,44783880.000,0,-,-,-,-,4660.0000,4659.0000,4657.0000,4651.6000,4650.0000,4661.4000,4661.8000,4663.0000,4663.2000,4663.4000,2,1,1,2,1,1,1,1,1,1
SF,IF2010,2020-08-27 09:32:44.400,4661.0000,2249,0,44783880.000,0,-,-,-,-,4660.4000,4660.2000,4660.0000,4659.0000,4657.0000,4663.2000,4663.4000,4663.8000,4664.2000,4665.6000,1,1,2,1,1,1,1,1,1,1
SF,IF2010,2020-08-27 09:32:44.900,4661.0000,2249,0,44783880.000,0,-,-,-,-,4660.0000,4659.0000,4657.0000,4651.6000,4650.0000,4661.0000,4663.0000,4663.2000,4663.4000,4663.8000,2,1,1,2,1,1,2,1,1,1
SF,IF2010,2020-08-27 09:32:45.400,4661.0000,2249,0,44783880.000,0,-,-,-,-,4660.0000,4659.0000,4657.0000,4651.6000,4650.0000,4663.0000,4663.2000,4663.4000,4663.8000,4664.2000,2,1,1,2,1,2,1,1,1,1
SF,IF2010,2020-08-27 09:32:45.900,4660.0000,2249,0,47579880.000,2,1,1,多换,S,4660.2000,4659.0000,4657.0000,4651.6000,4650.0000,4661.2000,4661.6000,4663.0000,4663.2000,4663.4000,1,1,1,2,1,1,1,2,1,1
SF,IF2010,2020-08-27 09:32:46.400,4660.2000,2248,-1,48977940.000,1,0,1,双平,S,4659.0000,4657.0000,4651.6000,4650.0000,4648.0000,4662.8000,4663.0000,4663.2000,4663.4000,4663.8000,1,1,2,1,3,1,2,1,1,1
SF,IF2010,2020-08-27 09:32:46.900,4660.2000,2248,0,48977940.000,0,-,-,-,-,4659.2000,4659.0000,4657.0000,4651.6000,4650.0000,4662.6000,4662.8000,4663.0000,4663.2000,4663.4000,1,1,1,2,1,3,1,1,1,1
SF,IF2010,2020-08-27 09:32:47.400,4660.2000,2248,0,48977940.000,0,-,-,-,-,4659.0000,4657.0000,4651.6000,4650.0000,4648.0000,4660.4000,4660.8000,4662.6000,4662.8000,4663.2000,2,1,2,1,3,1,1,5,1,1
SF,IF2010,2020-08-27 09:32:47.900,4660.2000,2248,0,48977940.000,0,-,-,-,-,4659.2000,4659.0000,4657.0000,4651.6000,4650.0000,4662.6000,4662.8000,4663.2000,4663.4000,4665.6000,2,1,1,2,1,2,1,1,1,1
SF,IF2010,2020-08-27 09:32:48.400,4660.2000,2248,0,48977940.000,0,-,-,-,-,4659.2000,4659.0000,4657.0000,4654.4000,4651.6000,4662.6000,4662.8000,4663.2000,4663.4000,4665.6000,2,1,1,2,2,3,1,1,1,1
SF,IF2010,2020-08-27 09:32:48.900,4660.2000,2248,0,48977940.000,0,-,-,-,-,4659.2000,4659.0000,4657.0000,4654.4000,4651.6000,4661.0000,4662.6000,4662.8000,4663.2000,4663.4000,2,1,1,2,2,1,2,1,1,1
SF,IF2010,2020-08-27 09:32:49.400,4660.2000,2248,0,48977940.000,0,-,-,-,-,4659.2000,4659.0000,4657.0000,4654.4000,4651.6000,4662.6000,4662.8000,4663.2000,4663.4000,4665.6000,2,1,1,2,2,2,1,1,1,1
SF,IF2010,2020-08-27 09:32:49.900,4660.2000,2248,0,48977940.000,0,-,-,-,-,4659.0000,4657.0000,4651.6000,4650.0000,4648.0000,4660.8000,4662.4000,4662.6000,4662.8000,4663.2000,1,1,2,1,3,1,2,3,1,1
SF,IF2010,2020-08-27 09:32:50.400,4660.2000,2248,0,48977940.000,0,-,-,-,-,4659.0000,4657.0000,4651.6000,4650.0000,4648.0000,4662.4000,4662.6000,4662.8000,4663.2000,4663.4000,1,1,2,1,3,2,3,1,1,1
SF,IF2010,2020-08-27 09:32:50.900,4660.2000,2248,0,48977940.000,0,-,-,-,-,4659.0000,4657.0000,4651.6000,4650.0000,4648.0000,4660.4000,4662.2000,4662.4000,4662.6000,4662.8000,2,1,2,1,3,1,3,2,1,1
SF,IF2010,2020-08-27 09:32:51.400,4659.0000,2248,0,50375640.000,1,0,1,多换,S,4657.0000,4651.6000,4650.0000,4648.0000,4646.6000,4660.2000,4662.2000,4662.4000,4662.6000,4662.8000,1,2,1,3,2,1,3,2,1,1
SF,IF2010,2020-08-27 09:32:51.900,4659.0000,2248,0,50375640.000,0,-,-,-,-,4657.2000,4657.0000,4651.6000,4650.0000,4648.0000,4660.0000,4660.2000,4662.2000,4662.4000,4662.6000,1,1,2,1,3,2,1,1,2,1
SF,IF2010,2020-08-27 09:32:52.900,4659.0000,2248,0,50375640.000,0,-,-,-,-,4657.2000,4657.0000,4651.6000,4650.0000,4648.0000,4660.0000,4660.2000,4662.2000,4662.4000,4662.6000,2,1,2,1,3,2,1,1,2,1
SF,IF2010,2020-08-27 09:32:53.400,4659.0000,2248,0,50375640.000,0,-,-,-,-,4657.0000,4651.6000,4650.0000,4648.0000,4646.6000,4658.6000,4660.0000,4660.2000,4662.2000,4662.4000,1,2,1,3,2,1,2,1,1,2
SF,IF2010,2020-08-27 09:32:53.900,4659.0000,2248,0,50375640.000,0,-,-,-,-,4657.0000,4651.6000,4650.0000,4648.0000,4646.6000,4660.0000,4660.2000,4662.2000,4662.4000,4662.6000,1,2,1,3,2,2,1,1,2,1
SF,IF2010,2020-08-27 09:32:54.400,4659.0000,2248,0,50375640.000,0,-,-,-,-,4657.0000,4651.6000,4650.0000,4648.0000,4646.6000,4659.8000,4660.0000,4660.2000,4662.2000,4662.4000,1,2,1,3,2,1,2,1,1,2
SF,IF2010,2020-08-27 09:32:54.900,4659.0000,2248,0,50375640.000,0,-,-,-,-,4657.0000,4651.6000,4650.0000,4648.0000,4646.6000,4658.4000,4659.6000,4659.8000,4660.0000,4660.2000,1,2,1,3,2,1,1,1,1,1
SF,IF2010,2020-08-27 09:32:55.400,4659.0000,2248,0,50375640.000,0,-,-,-,-,4657.0000,4650.0000,4648.0000,4646.6000,4645.0000,4659.6000,4659.8000,4660.0000,4660.2000,4662.2000,1,1,3,2,5,1,1,1,1,1
SF,IF2010,2020-08-27 09:32:55.900,4657.0000,2248,0,51772740.000,1,0,1,多换,S,4650.0000,4648.0000,4646.6000,4645.0000,4640.0000,4658.0000,4659.4000,4659.6000,4659.8000,4660.0000,1,3,2,5,1,3,2,1,1,1
SF,IF2010,2020-08-27 09:32:56.400,4657.0000,2248,0,51772740.000,0,-,-,-,-,4654.4000,4652.6000,4652.4000,4651.6000,4651.2000,4657.8000,4659.4000,4659.8000,4660.2000,4662.4000,1,1,1,1,1,1,3,1,1,1
SF,IF2010,2020-08-27 09:32:56.900,4657.0000,2248,0,51772740.000,0,-,-,-,-,4656.0000,4654.6000,4652.6000,4652.4000,4652.2000,4657.8000,4659.4000,4659.8000,4660.2000,4662.4000,1,3,1,1,1,1,3,1,1,1
SF,IF2010,2020-08-27 09:32:57.400,4657.0000,2248,0,51772740.000,0,-,-,-,-,4656.2000,4654.6000,4654.4000,4652.6000,4652.4000,4657.4000,4659.4000,4659.8000,4660.2000,4662.4000,1,2,1,1,1,1,3,1,1,1
SF,IF2010,2020-08-27 09:32:57.900,4657.0000,2248,0,51772740.000,0,-,-,-,-,4656.2000,4656.0000,4654.6000,4652.6000,4652.4000,4659.4000,4659.8000,4662.4000,4665.6000,4667.8000,1,1,2,1,1,2,1,1,1,1
SF,IF2010,2020-08-27 09:32:58.400,4657.0000,2248,0,51772740.000,0,-,-,-,-,4656.4000,4656.2000,4654.6000,4652.6000,4652.4000,4657.6000,4659.2000,4659.4000,4662.4000,4665.6000,1,1,2,1,1,1,1,2,1,1
SF,IF2010,2020-08-27 09:32:58.900,4657.0000,2248,0,51772740.000,0,-,-,-,-,4656.2000,4654.6000,4652.6000,4652.4000,4652.0000,4659.2000,4659.4000,4662.4000,4665.6000,4667.8000,1,2,1,1,2,1,1,1,1,1
SF,IF2010,2020-08-27 09:32:59.400,4657.0000,2248,0,51772740.000,0,-,-,-,-,4656.4000,4654.6000,4652.6000,4652.4000,4652.0000,4659.0000,4659.2000,4659.4000,4662.4000,4665.6000,2,2,1,1,2,1,1,1,1,1
SF,IF2010,2020-08-27 09:32:59.900,4657.0000,2248,0,51772740.000,0,-,-,-,-,4656.4000,4654.6000,4652.6000,4652.4000,4652.0000,4657.8000,4658.8000,4659.0000,4659.4000,4662.4000,2,2,1,1,2,1,1,1,1,1
SF,IF2010,2020-08-27 09:33:00.400,4657.0000,2248,0,51772740.000,0,-,-,-,-,4656.6000,4656.4000,4654.6000,4652.6000,4652.4000,4659.0000,4659.4000,4662.4000,4665.6000,4667.8000,1,2,2,1,1,1,1,1,1,1
SF,IF2010,2020-08-27 09:33:00.900,4657.0000,2248,0,51772740.000,0,-,-,-,-,4656.6000,4656.4000,4652.6000,4652.4000,4652.0000,4658.6000,4658.8000,4659.4000,4662.4000,4665.6000,1,2,1,1,2,2,1,1,1,1
SF,IF2010,2020-08-27 09:33:01.400,4657.0000,2248,0,51772740.000,0,-,-,-,-,4656.6000,4656.4000,4652.6000,4652.4000,4651.6000,4658.4000,4658.8000,4659.4000,4662.4000,4665.6000,2,1,1,1,1,2,1,1,1,1
SF,IF2010,2020-08-27 09:33:01.900,4657.0000,2248,0,51772740.000,0,-,-,-,-,4656.6000,4652.6000,4652.4000,4651.6000,4650.6000,4657.4000,4658.0000,4658.2000,4659.4000,4662.4000,1,1,1,1,1,1,2,1,1,1
SF,IF2010,2020-08-27 09:33:02.400,4657.0000,2248,0,51772740.000,0,-,-,-,-,4652.6000,4652.4000,4651.6000,4650.6000,4650.2000,4656.4000,4657.2000,4659.4000,4662.4000,4665.6000,1,1,1,1,2,1,2,1,1,1
SF,IF2010,2020-08-27 09:33:02.900,4656.4000,2248,0,53169660.000,1,0,1,多换,S,4654.8000,4653.2000,4653.0000,4652.8000,4651.6000,4656.4000,4657.2000,4659.4000,4660.0000,4662.4000,1,1,1,5,1,2,1,1,5,1
SF,IF2010,2020-08-27 09:33:03.400,4656.4000,2248,0,53169660.000,0,-,-,-,-,4653.0000,4652.8000,4651.6000,4650.6000,4650.2000,4656.4000,4657.2000,4659.4000,4660.0000,4662.4000,1,2,1,1,1,2,1,1,5,1
SF,IF2010,2020-08-27 09:33:03.900,4656.4000,2248,0,53169660.000,0,-,-,-,-,4654.8000,4653.2000,4653.0000,4651.6000,4650.6000,4656.2000,4656.4000,4659.4000,4660.0000,4662.4000,1,5,1,1,1,2,2,1,5,1
SF,IF2010,2020-08-27 09:33:04.400,4656.4000,2248,0,53169660.000,0,-,-,-,-,4653.2000,4653.0000,4651.6000,4650.6000,4650.2000,4656.4000,4659.4000,4660.0000,4662.4000,4665.6000,5,1,1,1,1,1,1,5,1,1
SF,IF2010,2020-08-27 09:33:04.900,4656.4000,2248,0,53169660.000,0,-,-,-,-,4653.4000,4653.2000,4653.0000,4651.6000,4650.6000,4655.8000,4656.4000,4659.4000,4660.0000,4662.4000,1,2,1,1,1,2,1,1,5,1
SF,IF2010,2020-08-27 09:33:05.400,4656.4000,2248,0,53169660.000,0,-,-,-,-,4653.6000,4653.4000,4653.2000,4651.6000,4650.6000,4656.4000,4659.4000,4660.0000,4662.4000,4665.6000,1,2,1,1,1,1,1,5,1,1
SF,IF2010,2020-08-27 09:33:05.900,4656.4000,2248,0,53169660.000,0,-,-,-,-,4653.6000,4653.4000,4653.2000,4651.6000,4650.6000,4656.4000,4659.4000,4660.0000,4662.4000,4665.6000,1,2,1,1,1,1,1,5,1,1
SF,IF2010,2020-08-27 09:33:06.400,4656.4000,2248,0,53169660.000,0,-,-,-,-,4653.6000,4653.4000,4653.2000,4651.6000,4650.6000,4656.4000,4659.4000,4660.0000,4662.4000,4665.6000,2,1,1,1,1,1,1,5,1,1
SF,IF2010,2020-08-27 09:33:06.900,4656.4000,2248,0,53169660.000,0,-,-,-,-,4655.0000,4654.2000,4653.8000,4653.6000,4653.4000,4656.4000,4659.4000,4660.0000,4662.4000,4665.6000,1,1,2,1,1,1,1,5,1,1
SF,IF2010,2020-08-27 09:33:07.400,4656.4000,2248,0,53169660.000,0,-,-,-,-,4654.2000,4653.6000,4653.4000,4653.2000,4651.6000,4656.0000,4656.4000,4659.4000,4660.0000,4662.4000,1,1,1,1,1,1,1,1,5,1
SF,IF2010,2020-08-27 09:33:07.900,4656.4000,2248,0,53169660.000,0,-,-,-,-,4655.0000,4654.4000,4654.2000,4653.4000,4653.2000,4656.4000,4659.4000,4660.0000,4662.4000,4665.6000,1,1,1,1,1,1,1,5,1,1
SF,IF2010,2020-08-27 09:33:08.400,4656.4000,2248,0,53169660.000,0,-,-,-,-,4655.0000,4654.4000,4654.2000,4653.2000,4651.6000,4656.0000,4656.4000,4659.4000,4660.0000,4662.4000,1,1,1,1,1,1,1,1,5,1
SF,IF2010,2020-08-27 09:33:09.400,4656.4000,2248,0,53169660.000,0,-,-,-,-,4655.0000,4654.4000,4653.2000,4651.6000,4650.6000,4656.0000,4656.4000,4659.4000,4660.0000,4662.4000,1,1,1,1,1,1,1,1,5,1
SF,IF2010,2020-08-27 09:33:09.900,4656.4000,2248,0,53169660.000,0,-,-,-,-,4654.4000,4653.2000,4651.6000,4650.6000,4650.2000,4656.0000,4656.4000,4659.4000,4660.0000,4662.4000,1,1,1,1,1,1,1,1,5,1
SF,IF2010,2020-08-27 09:33:10.400,4656.4000,2248,0,53169660.000,0,-,-,-,-,4655.0000,4654.4000,4653.2000,4651.6000,4650.6000,4656.4000,4659.4000,4660.0000,4662.4000,4665.6000,1,1,1,1,1,1,1,5,1,1
SF,IF2010,2020-08-27 09:33:10.900,4656.4000,2248,0,53169660.000,0,-,-,-,-,4655.0000,4654.4000,4653.2000,4651.6000,4650.6000,4656.0000,4656.4000,4659.4000,4660.0000,4662.4000,1,1,1,1,1,2,1,1,5,1
SF,IF2010,2020-08-27 09:33:11.400,4656.4000,2248,0,53169660.000,0,-,-,-,-,4655.2000,4655.0000,4653.2000,4651.6000,4650.6000,4656.4000,4659.4000,4660.0000,4662.4000,4665.6000,1,1,1,1,1,1,1,5,1,1
SF,IF2010,2020-08-27 09:33:11.900,4656.4000,2248,0,53169660.000,0,-,-,-,-,4655.2000,4653.2000,4651.6000,4650.6000,4650.2000,4656.4000,4659.4000,4660.0000,4662.4000,4665.6000,1,1,1,1,1,1,1,5,1,1
SF,IF2010,2020-08-27 09:33:12.400,4656.4000,2248,0,53169660.000,0,-,-,-,-,4655.2000,4653.2000,4651.6000,4650.6000,4650.2000,4656.2000,4656.4000,4659.4000,4660.0000,4662.4000,2,1,1,1,1,1,1,1,5,1
SF,IF2010,2020-08-27 09:33:13.400,4656.4000,2248,0,53169660.000,0,-,-,-,-,4655.2000,4653.2000,4651.6000,4650.6000,4650.2000,4656.2000,4656.4000,4659.4000,4662.4000,4665.0000,2,1,1,1,1,1,1,1,1,5
SF,IF2010,2020-08-27 09:33:15.400,4656.4000,2248,0,53169660.000,0,-,-,-,-,4655.2000,4653.2000,4651.6000,4650.6000,4650.2000,4656.2000,4656.4000,4656.6000,4659.4000,4662.4000,2,1,1,1,1,1,1,1,1,1
SF,IF2010,2020-08-27 09:33:15.900,4655.2000,2248,0,54566220.000,1,0,1,多换,S,4653.2000,4651.6000,4650.6000,4650.2000,4650.0000,4656.2000,4656.4000,4656.6000,4659.4000,4662.4000,1,1,1,1,1,1,1,1,1,1
SF,IF2010,2020-08-27 09:33:16.400,4655.2000,2248,0,54566220.000,0,-,-,-,-,4654.8000,4653.4000,4653.2000,4651.6000,4650.6000,4656.2000,4656.4000,4656.6000,4659.4000,4662.4000,1,3,1,1,1,1,1,1,1,1
SF,IF2010,2020-08-27 09:33:16.900,4655.2000,2248,0,54566220.000,0,-,-,-,-,4653.4000,4653.2000,4651.6000,4650.6000,4650.2000,4655.8000,4656.0000,4656.2000,4656.4000,4656.6000,3,1,1,1,1,1,1,1,1,1
SF,IF2010,2020-08-27 09:33:17.400,4655.2000,2248,0,54566220.000,0,-,-,-,-,4653.4000,4653.2000,4651.6000,4650.6000,4650.2000,4655.6000,4656.2000,4656.4000,4656.6000,4659.4000,3,1,1,1,1,1,1,1,1,1
SF,IF2010,2020-08-27 09:33:17.900,4655.2000,2248,0,54566220.000,0,-,-,-,-,4654.4000,4653.4000,4651.6000,4650.6000,4650.2000,4655.6000,4656.2000,4656.4000,4656.6000,4659.4000,1,1,1,1,1,1,1,1,1,1
SF,IF2010,2020-08-27 09:33:18.400,4655.2000,2248,0,54566220.000,0,-,-,-,-,4653.4000,4651.6000,4650.6000,4650.2000,4650.0000,4655.6000,4656.2000,4656.4000,4656.6000,4659.4000,1,1,1,1,1,1,1,1,1,1
SF,IF2010,2020-08-27 09:33:18.900,4655.2000,2248,0,54566220.000,0,-,-,-,-,4653.4000,4651.6000,4650.6000,4650.2000,4650.0000,4655.6000,4656.2000,4656.4000,4656.6000,4659.4000,1,1,1,2,1,1,1,1,1,1
SF,IF2010,2020-08-27 09:33:19.400,4655.2000,2248,0,54566220.000,0,-,-,-,-,4654.6000,4654.0000,4653.6000,4653.4000,4651.6000,4655.6000,4656.2000,4656.4000,4656.6000,4659.4000,1,1,1,2,1,1,1,1,1,1
SF,IF2010,2020-08-27 09:33:19.900,4655.2000,2248,0,54566220.000,0,-,-,-,-,4654.0000,4653.6000,4653.4000,4651.6000,4650.6000,4655.6000,4656.2000,4656.4000,4656.6000,4659.4000,1,1,2,1,1,1,1,1,1,1
SF,IF2010,2020-08-27 09:33:20.400,4655.2000,2248,0,54566220.000,0,-,-,-,-,4654.6000,4654.0000,4653.6000,4653.4000,4651.6000,4655.6000,4656.2000,4656.4000,4656.6000,4659.4000,1,1,1,1,1,1,1,1,1,1
SF,IF2010,2020-08-27 09:33:20.900,4655.2000,2248,0,54566220.000,0,-,-,-,-,4655.0000,4654.6000,4654.0000,4653.6000,4653.4000,4655.6000,4656.2000,4656.4000,4656.6000,4659.4000,1,1,1,1,1,1,1,1,1,1
SF,IF2010,2020-08-27 09:33:21.400,4655.6000,2247,-1,55962900.000,1,0,1,双平,S,4655.0000,4654.6000,4654.0000,4653.6000,4653.4000,4656.4000,4656.6000,4659.4000,4662.4000,4665.0000,1,1,1,1,1,1,1,1,1,5
SF,IF2010,2020-08-27 09:33:21.900,4655.6000,2247,0,55962900.000,0,-,-,-,-,4654.0000,4653.6000,4653.4000,4651.6000,4650.6000,4656.4000,4656.6000,4659.4000,4662.4000,4665.0000,1,1,1,1,1,1,1,1,1,5
SF,IF2010,2020-08-27 09:33:22.400,4655.6000,2247,0,55962900.000,0,-,-,-,-,4655.0000,4654.2000,4654.0000,4653.6000,4651.6000,4656.0000,4656.4000,4656.6000,4659.4000,4662.4000,1,1,1,1,1,1,1,1,1,1
SF,IF2010,2020-08-27 09:33:22.900,4655.6000,2247,0,55962900.000,0,-,-,-,-,4654.2000,4654.0000,4653.6000,4651.6000,4650.6000,4656.0000,4656.4000,4656.6000,4659.4000,4662.4000,1,1,1,1,1,1,1,1,1,1
SF,IF2010,2020-08-27 09:33:23.400,4655.6000,2247,0,55962900.000,0,-,-,-,-,4655.0000,4654.2000,4654.0000,4653.6000,4651.6000,4656.4000,4656.6000,4659.4000,4662.4000,4665.0000,1,1,1,1,1,1,1,1,1,5
SF,IF2010,2020-08-27 09:33:23.900,4655.6000,2247,0,55962900.000,0,-,-,-,-,4654.2000,4654.0000,4653.6000,4651.6000,4650.6000,4656.0000,4656.4000,4656.6000,4659.4000,4662.4000,2,1,1,1,1,1,1,1,1,1
SF,IF2010,2020-08-27 09:33:24.400,4655.6000,2247,0,55962900.000,0,-,-,-,-,4654.2000,4654.0000,4651.6000,4650.6000,4650.2000,4656.0000,4656.4000,4656.6000,4659.4000,4662.4000,2,1,1,1,2,1,1,1,1,1
SF,IF2010,2020-08-27 09:33:24.900,4655.6000,2247,0,55962900.000,0,-,-,-,-,4655.0000,4654.2000,4654.0000,4651.6000,4650.6000,4656.4000,4656.6000,4659.4000,4662.4000,4665.0000,1,2,1,1,1,1,1,1,1,5
SF,IF2010,2020-08-27 09:33:25.400,4655.6000,2247,0,55962900.000,0,-,-,-,-,4654.4000,4654.2000,4654.0000,4651.6000,4650.6000,4656.4000,4656.6000,4659.4000,4662.4000,4665.0000,3,1,1,1,1,1,1,1,1,5
SF,IF2010,2020-08-27 09:33:25.900,4655.6000,2247,0,55962900.000,0,-,-,-,-,4654.6000,4654.0000,4651.6000,4650.6000,4650.2000,4656.4000,4656.6000,4659.4000,4662.4000,4665.0000,1,1,1,1,2,1,1,1,1,5
SF,IF2010,2020-08-27 09:33:26.400,4655.6000,2247,0,55962900.000,0,-,-,-,-,4654.6000,4654.0000,4651.6000,4650.6000,4650.2000,4656.4000,4656.6000,4659.4000,4662.4000,4665.0000,2,1,1,1,2,1,1,1,1,5
SF,IF2010,2020-08-27 09:33:26.900,4655.6000,2247,0,55962900.000,0,-,-,-,-,4656.0000,4654.8000,4654.6000,4654.0000,4651.6000,4656.4000,4656.6000,4659.4000,4662.4000,4665.0000,1,2,2,1,1,1,1,1,1,5
SF,IF2010,2020-08-27 09:33:27.400,4656.6000,2245,-2,58756800.000,2,0,2,双平,S,4656.0000,4654.8000,4654.6000,4651.6000,4650.6000,4659.4000,4662.4000,4665.0000,4665.6000,4667.8000,1,3,1,1,1,1,1,5,1,1
SF,IF2010,2020-08-27 09:33:27.900,4656.6000,2245,0,58756800.000,0,-,-,-,-,4656.2000,4656.0000,4655.2000,4654.8000,4654.6000,4659.2000,4659.4000,4662.4000,4665.0000,4665.6000,1,1,1,2,1,1,1,1,5,1
SF,IF2010,2020-08-27 09:33:28.400,4656.6000,2245,0,58756800.000,0,-,-,-,-,4656.4000,4656.2000,4656.0000,4655.2000,4654.8000,4662.4000,4665.0000,4665.6000,4667.8000,4670.2000,1,1,1,1,2,1,5,1,1,3
SF,IF2010,2020-08-27 09:33:28.900,4656.6000,2245,0,58756800.000,0,-,-,-,-,4656.6000,4656.4000,4656.2000,4655.2000,4654.8000,4659.2000,4660.8000,4661.0000,4662.2000,4665.0000,2,2,1,1,2,1,1,1,1,5
SF,IF2010,2020-08-27 09:33:29.400,4656.6000,2245,0,58756800.000,0,-,-,-,-,4656.8000,4656.6000,4655.2000,4654.8000,4651.6000,4659.0000,4660.8000,4661.0000,4661.8000,4665.0000,1,2,1,2,1,1,1,1,1,5
SF,IF2010,2020-08-27 09:33:29.900,4656.6000,2245,0,58756800.000,0,-,-,-,-,4656.8000,4655.2000,4651.6000,4650.6000,4650.2000,4659.0000,4660.8000,4661.0000,4661.8000,4665.0000,1,1,1,1,2,1,1,1,1,5
SF,IF2010,2020-08-27 09:33:30.400,4656.6000,2245,0,58756800.000,0,-,-,-,-,4655.2000,4651.6000,4650.6000,4650.2000,4650.0000,4658.6000,4658.8000,4659.0000,4660.8000,4661.0000,1,1,1,2,1,2,1,1,1,1
SF,IF2010,2020-08-27 09:33:30.900,4656.6000,2245,0,58756800.000,0,-,-,-,-,4655.4000,4651.6000,4650.6000,4650.2000,4650.0000,4658.4000,4658.8000,4660.8000,4661.0000,4661.8000,4,1,1,2,1,1,1,1,1,1
SF,IF2010,2020-08-27 09:33:31.400,4656.6000,2245,0,58756800.000,0,-,-,-,-,4655.4000,4655.2000,4651.6000,4650.6000,4650.2000,4658.4000,4658.8000,4660.8000,4661.0000,4661.8000,4,1,1,1,2,1,1,1,1,1
SF,IF2010,2020-08-27 09:33:31.900,4656.6000,2245,0,58756800.000,0,-,-,-,-,4657.2000,4655.6000,4655.4000,4651.6000,4650.6000,4658.8000,4660.8000,4661.0000,4661.8000,4665.0000,1,3,4,1,1,1,1,1,1,5
SF,IF2010,2020-08-27 09:33:32.400,4656.6000,2245,0,58756800.000,0,-,-,-,-,4655.6000,4655.4000,4651.6000,4650.6000,4650.2000,4658.6000,4661.8000,4665.0000,4665.6000,4667.8000,3,4,1,1,2,2,1,5,1,1
SF,IF2010,2020-08-27 09:33:32.900,4656.6000,2245,0,58756800.000,0,-,-,-,-,4657.2000,4655.8000,4655.6000,4655.4000,4651.6000,4661.8000,4665.0000,4665.6000,4667.8000,4670.2000,1,3,2,2,1,1,5,1,1,3
SF,IF2010,2020-08-27 09:33:33.400,4656.6000,2245,0,58756800.000,0,-,-,-,-,4657.4000,4657.2000,4655.8000,4655.6000,4655.4000,4659.4000,4661.6000,4661.8000,4665.0000,4665.6000,1,1,4,2,2,1,1,1,5,1
SF,IF2010,2020-08-27 09:33:33.900,4656.6000,2245,0,58756800.000,0,-,-,-,-,4657.6000,4657.2000,4655.8000,4655.6000,4651.6000,4661.6000,4661.8000,4665.0000,4665.6000,4667.8000,1,1,4,2,1,1,1,5,1,1
SF,IF2010,2020-08-27 09:33:34.400,4656.6000,2245,0,58756800.000,0,-,-,-,-,4657.8000,4657.4000,4655.8000,4655.6000,4651.6000,4659.2000,4661.6000,4661.8000,4665.0000,4665.6000,1,1,3,2,1,2,1,1,5,1
SF,IF2010,2020-08-27 09:33:34.900,4656.6000,2245,0,58756800.000,0,-,-,-,-,4655.6000,4651.6000,4650.6000,4650.2000,4650.0000,4661.6000,4661.8000,4665.0000,4665.6000,4667.8000,2,1,1,2,1,1,1,5,1,1
SF,IF2010,2020-08-27 09:33:35.400,4656.6000,2245,0,58756800.000,0,-,-,-,-,4657.8000,4656.0000,4655.8000,4655.6000,4651.6000,4661.4000,4661.6000,4661.8000,4665.0000,4665.6000,1,1,4,2,1,1,1,1,5,1
SF,IF2010,2020-08-27 09:33:35.900,4656.6000,2245,0,58756800.000,0,-,-,-,-,4658.0000,4657.8000,4656.0000,4655.8000,4655.6000,4659.6000,4661.2000,4661.4000,4661.8000,4665.0000,1,1,1,2,2,1,1,2,1,5
SF,IF2010,2020-08-27 09:33:36.400,4656.6000,2245,0,58756800.000,0,-,-,-,-,4655.8000,4655.6000,4651.6000,4650.6000,4650.2000,4661.2000,4661.4000,4661.8000,4665.0000,4665.6000,1,2,1,1,2,1,1,1,5,1
SF,IF2010,2020-08-27 09:33:36.900,4656.6000,2245,0,58756800.000,0,-,-,-,-,4658.0000,4656.8000,4656.6000,4656.0000,4655.8000,4661.2000,4661.4000,4661.8000,4665.0000,4665.6000,1,1,1,5,1,1,1,1,5,1
SF,IF2010,2020-08-27 09:33:37.400,4656.6000,2245,0,58756800.000,0,-,-,-,-,4658.2000,4658.0000,4656.8000,4656.6000,4656.0000,4661.2000,4661.4000,4661.8000,4665.0000,4665.6000,2,1,1,1,1,1,1,1,5,1
SF,IF2010,2020-08-27 09:33:37.900,4656.6000,2245,0,58756800.000,0,-,-,-,-,4658.2000,4658.0000,4656.8000,4656.6000,4651.6000,4661.2000,4661.4000,4665.0000,4665.6000,4667.8000,2,1,1,1,1,1,1,5,1,1
SF,IF2010,2020-08-27 09:33:38.400,4656.6000,2245,0,58756800.000,0,-,-,-,-,4658.2000,4657.0000,4656.8000,4656.6000,4651.6000,4661.0000,4661.2000,4661.4000,4665.0000,4665.6000,2,1,1,1,1,1,1,1,5,1
SF,IF2010,2020-08-27 09:33:38.900,4656.6000,2245,0,58756800.000,0,-,-,-,-,4658.2000,4656.8000,4656.6000,4651.6000,4650.6000,4660.8000,4661.0000,4661.4000,4665.0000,4665.6000,2,1,1,1,1,1,1,1,5,1
SF,IF2010,2020-08-27 09:33:39.400,4656.6000,2245,0,58756800.000,0,-,-,-,-,4658.2000,4656.8000,4656.6000,4651.6000,4650.6000,4660.8000,4661.0000,4661.4000,4665.0000,4665.6000,1,1,1,1,1,1,1,1,5,1
SF,IF2010,2020-08-27 09:33:39.900,4658.0000,2244,-1,60154200.000,1,0,1,双平,S,4651.6000,4650.6000,4650.2000,4650.0000,4646.6000,4659.0000,4659.4000,4660.8000,4661.0000,4661.4000,1,1,2,1,2,1,1,1,1,1
SF,IF2010,2020-08-27 09:33:40.400,4658.0000,2244,0,60154200.000,0,-,-,-,-,4656.4000,4655.6000,4655.0000,4653.8000,4653.6000,4658.8000,4661.0000,4661.4000,4665.0000,4665.6000,1,1,1,1,1,1,1,1,5,1
SF,IF2010,2020-08-27 09:33:40.900,4658.8000,2243,-1,61551840.000,1,0,1,双平,S,4656.6000,4655.6000,4655.0000,4653.8000,4653.6000,4661.4000,4665.0000,4665.6000,4667.8000,4670.2000,1,1,1,2,1,1,5,1,1,3
SF,IF2010,2020-08-27 09:33:41.400,4658.8000,2243,0,61551840.000,0,-,-,-,-,4656.8000,4656.6000,4656.4000,4655.6000,4655.0000,4661.2000,4661.4000,4665.0000,4665.6000,4667.8000,1,4,1,1,1,1,1,5,1,1
SF,IF2010,2020-08-27 09:33:41.900,4658.8000,2243,0,61551840.000,0,-,-,-,-,4657.0000,4656.8000,4656.6000,4655.6000,4655.0000,4661.2000,4661.4000,4665.0000,4665.6000,4667.8000,1,1,4,1,1,1,1,5,1,1
SF,IF2010,2020-08-27 09:33:42.400,4658.8000,2243,0,61551840.000,0,-,-,-,-,4657.2000,4657.0000,4656.6000,4655.6000,4655.0000,4661.2000,4661.4000,4665.0000,4665.6000,4667.8000,1,1,4,1,1,1,1,5,1,1
SF,IF2010,2020-08-27 09:33:42.900,4658.8000,2243,0,61551840.000,0,-,-,-,-,4657.4000,4657.2000,4655.0000,4653.8000,4653.6000,4658.8000,4659.2000,4661.0000,4661.2000,4661.4000,1,1,1,1,1,1,1,1,1,1
SF,IF2010,2020-08-27 09:33:43.400,4658.8000,2243,0,61551840.000,0,-,-,-,-,4655.0000,4653.8000,4653.6000,4652.2000,4651.8000,4658.4000,4661.0000,4661.2000,4661.4000,4665.0000,1,1,1,1,1,1,1,1,1,5
SF,IF2010,2020-08-27 09:33:43.900,4658.8000,2243,0,61551840.000,0,-,-,-,-,4656.6000,4655.2000,4655.0000,4653.6000,4652.2000,4658.2000,4661.0000,4661.4000,4665.0000,4665.6000,1,7,1,1,1,1,1,1,5,1
SF,IF2010,2020-08-27 09:33:44.400,4658.8000,2243,0,61551840.000,0,-,-,-,-,4655.2000,4655.0000,4653.6000,4652.2000,4651.8000,4658.0000,4658.2000,4661.0000,4661.4000,4665.0000,5,1,1,1,1,2,1,1,1,5
SF,IF2010,2020-08-27 09:33:44.900,4658.8000,2243,0,61551840.000,0,-,-,-,-,4655.2000,4653.6000,4652.2000,4651.8000,4651.6000,4657.8000,4658.0000,4661.0000,4661.4000,4665.0000,2,1,1,1,1,1,2,1,1,5
SF,IF2010,2020-08-27 09:33:45.400,4658.8000,2243,0,61551840.000,0,-,-,-,-,4655.2000,4653.6000,4652.2000,4651.8000,4651.6000,4657.8000,4661.0000,4661.4000,4665.0000,4665.6000,1,1,1,1,1,1,1,1,5,1
SF,IF2010,2020-08-27 09:33:45.900,4658.8000,2243,0,61551840.000,0,-,-,-,-,4655.4000,4655.2000,4653.6000,4652.2000,4651.8000,4661.4000,4665.0000,4665.6000,4667.8000,4670.2000,2,1,1,1,1,1,5,1,1,3
SF,IF2010,2020-08-27 09:33:46.400,4658.8000,2243,0,61551840.000,0,-,-,-,-,4655.6000,4655.4000,4652.2000,4651.8000,4651.6000,4657.6000,4658.0000,4659.4000,4659.6000,4661.0000,1,2,1,1,1,1,1,1,2,1
SF,IF2010,2020-08-27 09:33:46.900,4658.8000,2243,0,61551840.000,0,-,-,-,-,4655.8000,4655.4000,4652.2000,4651.8000,4651.6000,4659.4000,4659.6000,4661.0000,4661.2000,4661.4000,2,1,1,1,1,1,1,1,1,1
SF,IF2010,2020-08-27 09:33:47.400,4658.8000,2243,0,61551840.000,0,-,-,-,-,4656.0000,4655.8000,4655.6000,4652.2000,4651.8000,4659.4000,4659.6000,4661.0000,4661.2000,4661.4000,1,4,1,1,1,1,1,1,1,1
SF,IF2010,2020-08-27 09:33:47.900,4658.8000,2243,0,61551840.000,0,-,-,-,-,4656.2000,4656.0000,4655.8000,4652.2000,4651.8000,4661.2000,4661.4000,4665.0000,4665.6000,4667.8000,3,2,3,1,1,1,1,5,1,1
SF,IF2010,2020-08-27 09:33:48.400,4658.8000,2243,0,61551840.000,0,-,-,-,-,4656.4000,4656.2000,4656.0000,4655.8000,4652.2000,4661.0000,4661.2000,4661.4000,4665.0000,4665.6000,1,4,1,2,1,1,1,1,5,1
SF,IF2010,2020-08-27 09:33:48.900,4658.8000,2243,0,61551840.000,0,-,-,-,-,4656.6000,4656.4000,4652.2000,4651.8000,4651.6000,4658.4000,4658.8000,4660.4000,4660.8000,4661.0000,1,1,1,1,1,1,1,1,1,1
SF,IF2010,2020-08-27 09:33:49.400,4658.8000,2243,0,61551840.000,0,-,-,-,-,4656.4000,4652.2000,4651.8000,4651.6000,4650.2000,4658.2000,4660.4000,4661.0000,4661.4000,4665.0000,1,1,1,1,1,1,1,1,1,5
SF,IF2010,2020-08-27 09:33:49.900,4658.8000,2243,0,61551840.000,0,-,-,-,-,4656.6000,4652.2000,4651.8000,4651.6000,4650.2000,4658.0000,4658.2000,4660.4000,4661.0000,4661.4000,1,1,1,1,1,1,1,1,1,1
SF,IF2010,2020-08-27 09:33:50.900,4658.8000,2243,0,61551840.000,0,-,-,-,-,4652.2000,4651.8000,4651.6000,4650.2000,4650.0000,4658.0000,4658.2000,4660.4000,4661.0000,4661.4000,1,1,1,1,1,1,1,1,1,1
SF,IF2010,2020-08-27 09:33:51.400,4658.8000,2243,0,61551840.000,0,-,-,-,-,4657.0000,4656.0000,4655.6000,4655.4000,4655.2000,4661.4000,4665.0000,4665.6000,4667.8000,4670.2000,1,1,1,1,1,1,5,1,1,3
SF,IF2010,2020-08-27 09:33:51.900,4658.8000,2243,0,61551840.000,0,-,-,-,-,4657.2000,4655.6000,4655.4000,4655.0000,4653.6000,4659.0000,4661.0000,4661.2000,4661.4000,4665.0000,1,1,1,1,1,1,1,1,1,5
SF,IF2010,2020-08-27 09:33:52.400,4658.8000,2243,0,61551840.000,0,-,-,-,-,4655.2000,4655.0000,4652.6000,4652.4000,4652.2000,4658.6000,4658.8000,4661.0000,4661.4000,4665.0000,1,1,1,1,1,1,2,1,1,5
SF,IF2010,2020-08-27 09:33:52.900,4658.8000,2243,0,61551840.000,0,-,-,-,-,4657.2000,4655.4000,4655.2000,4655.0000,4652.6000,4658.8000,4661.4000,4665.0000,4665.6000,4667.8000,1,5,1,1,1,1,1,5,1,1
SF,IF2010,2020-08-27 09:33:53.400,4657.2000,2242,-1,62949000.000,1,0,1,双平,S,4655.4000,4655.2000,4655.0000,4652.6000,4652.2000,4658.6000,4658.8000,4661.4000,4665.0000,4665.6000,5,1,1,1,1,3,1,1,5,1
SF,IF2010,2020-08-27 09:33:53.900,4657.2000,2242,0,62949000.000,0,-,-,-,-,4655.4000,4655.2000,4652.6000,4652.2000,4651.8000,4658.6000,4658.8000,4661.4000,4665.0000,4665.6000,2,1,1,1,1,1,1,1,5,1
SF,IF2010,2020-08-27 09:33:54.400,4657.2000,2242,0,62949000.000,0,-,-,-,-,4655.4000,4655.2000,4652.6000,4652.2000,4651.8000,4658.4000,4658.6000,4658.8000,4661.4000,4665.0000,2,1,1,1,1,1,1,1,1,5
SF,IF2010,2020-08-27 09:33:54.900,4657.2000,2242,0,62949000.000,0,-,-,-,-,4655.4000,4652.6000,4652.2000,4651.8000,4651.6000,4658.2000,4658.4000,4658.8000,4661.4000,4665.0000,1,1,1,1,1,1,1,1,1,5
SF,IF2010,2020-08-27 09:33:55.900,4657.2000,2242,0,62949000.000,0,-,-,-,-,4655.4000,4652.2000,4651.8000,4651.6000,4650.2000,4658.2000,4658.8000,4661.4000,4665.0000,4665.6000,1,1,1,1,1,1,1,1,5,1
SF,IF2010,2020-08-27 09:33:56.900,4657.2000,2242,0,62949000.000,0,-,-,-,-,4655.4000,4652.2000,4651.8000,4651.6000,4650.2000,4658.2000,4658.8000,4661.4000,4665.0000,4665.6000,1,1,1,1,1,1,1,1,5,1
SF,IF2010,2020-08-27 09:33:57.400,4657.2000,2242,0,62949000.000,0,-,-,-,-,4655.6000,4655.4000,4652.2000,4651.8000,4651.6000,4658.2000,4658.8000,4661.4000,4665.0000,4665.6000,1,1,1,1,1,1,1,1,5,1
SF,IF2010,2020-08-27 09:33:57.900,4657.2000,2242,0,62949000.000,0,-,-,-,-,4655.6000,4655.4000,4652.2000,4651.8000,4651.6000,4658.2000,4658.8000,4661.4000,4665.0000,4665.6000,1,1,1,1,1,2,1,1,5,1
SF,IF2010,2020-08-27 09:33:58.400,4657.2000,2242,0,62949000.000,0,-,-,-,-,4655.6000,4655.4000,4652.2000,4651.8000,4651.6000,4658.2000,4658.8000,4661.4000,4665.0000,4665.6000,1,1,1,1,1,1,1,1,5,1
SF,IF2010,2020-08-27 09:33:58.900,4657.2000,2242,0,62949000.000,0,-,-,-,-,4655.6000,4655.4000,4652.2000,4651.8000,4651.6000,4658.0000,4658.2000,4658.8000,4661.4000,4665.0000,1,1,1,1,1,1,1,1,1,5
SF,IF2010,2020-08-27 09:33:59.400,4657.2000,2242,0,62949000.000,0,-,-,-,-,4655.4000,4652.2000,4651.8000,4651.6000,4650.2000,4657.6000,4657.8000,4658.0000,4658.8000,4661.4000,1,1,1,1,1,2,1,1,1,1
SF,IF2010,2020-08-27 09:33:59.900,4657.2000,2242,0,62949000.000,0,-,-,-,-,4652.2000,4651.8000,4651.6000,4650.2000,4646.6000,4657.4000,4657.6000,4658.0000,4658.8000,4661.4000,1,1,1,1,2,1,2,1,1,1
SF,IF2010,2020-08-27 09:34:00.400,4657.2000,2242,0,62949000.000,0,-,-,-,-,4653.8000,4653.6000,4652.4000,4652.2000,4651.8000,4657.4000,4661.4000,4665.0000,4665.6000,4667.8000,2,1,3,1,1,1,1,5,1,1
SF,IF2010,2020-08-27 09:34:00.900,4657.2000,2242,0,62949000.000,0,-,-,-,-,4654.0000,4653.8000,4653.6000,4652.4000,4652.2000,4657.4000,4661.4000,4665.0000,4665.6000,4667.8000,5,2,1,1,1,1,1,5,1,1
SF,IF2010,2020-08-27 09:34:01.400,4657.2000,2242,0,62949000.000,0,-,-,-,-,4654.2000,4654.0000,4653.8000,4653.6000,4652.4000,4661.4000,4665.0000,4665.6000,4667.8000,4670.2000,1,6,2,1,1,1,5,1,1,3
SF,IF2010,2020-08-27 09:34:01.900,4657.2000,2242,0,62949000.000,0,-,-,-,-,4654.4000,4654.2000,4654.0000,4652.4000,4652.2000,4657.4000,4659.6000,4659.8000,4661.0000,4661.2000,2,2,3,1,1,1,1,1,1,1
SF,IF2010,2020-08-27 09:34:02.400,4657.2000,2242,0,62949000.000,0,-,-,-,-,4654.6000,4654.4000,4654.2000,4654.0000,4652.2000,4659.6000,4659.8000,4661.0000,4661.2000,4661.4000,1,4,1,2,1,1,1,1,1,2
SF,IF2010,2020-08-27 09:34:02.900,4657.2000,2242,0,62949000.000,0,-,-,-,-,4655.2000,4654.8000,4654.6000,4654.4000,4654.2000,4657.4000,4659.4000,4659.8000,4661.0000,4661.4000,1,4,1,2,1,1,3,1,1,1
SF,IF2010,2020-08-27 09:34:03.400,4657.2000,2242,0,62949000.000,0,-,-,-,-,4655.4000,4655.2000,4654.8000,4654.6000,4654.4000,4659.4000,4659.8000,4661.0000,4665.0000,4665.6000,1,1,1,1,2,3,1,1,5,1
SF,IF2010,2020-08-27 09:34:03.900,4657.2000,2242,0,62949000.000,0,-,-,-,-,4655.6000,4655.2000,4654.6000,4654.4000,4654.2000,4657.4000,4659.4000,4659.8000,4661.0000,4665.0000,1,1,1,2,1,1,3,1,1,5
SF,IF2010,2020-08-27 09:34:04.400,4657.2000,2242,0,62949000.000,0,-,-,-,-,4655.2000,4654.6000,4654.4000,4654.2000,4654.0000,4659.2000,4659.4000,4659.8000,4661.0000,4665.0000,1,1,2,1,2,1,3,1,1,5
SF,IF2010,2020-08-27 09:34:04.900,4655.4000,2241,-1,64345620.000,1,0,1,双平,S,4655.2000,4654.6000,4654.4000,4654.2000,4654.0000,4659.0000,4659.2000,4659.4000,4659.8000,4661.0000,1,1,2,1,2,2,1,2,1,1
SF,IF2010,2020-08-27 09:34:05.400,4655.4000,2241,0,64345620.000,0,-,-,-,-,4655.4000,4655.2000,4654.6000,4654.4000,4654.2000,4659.0000,4659.2000,4659.4000,4659.8000,4661.0000,1,1,1,2,1,2,1,2,1,1
SF,IF2010,2020-08-27 09:34:05.900,4655.4000,2241,0,64345620.000,0,-,-,-,-,4655.2000,4654.4000,4654.2000,4654.0000,4652.2000,4659.0000,4659.2000,4659.4000,4659.8000,4661.0000,1,2,1,2,1,2,1,2,1,1
SF,IF2010,2020-08-27 09:34:06.400,4655.4000,2241,0,64345620.000,0,-,-,-,-,4655.2000,4654.4000,4654.2000,4654.0000,4652.2000,4657.2000,4658.8000,4659.0000,4659.2000,4659.4000,1,2,1,2,1,1,3,2,1,1
SF,IF2010,2020-08-27 09:34:06.900,4655.4000,2241,0,64345620.000,0,-,-,-,-,4655.2000,4654.4000,4654.2000,4654.0000,4652.2000,4657.0000,4658.8000,4659.0000,4659.2000,4659.4000,1,2,1,2,1,1,4,1,1,1
SF,IF2010,2020-08-27 09:34:07.400,4655.4000,2241,0,64345620.000,0,-,-,-,-,4654.2000,4654.0000,4652.2000,4651.8000,4651.6000,4657.0000,4657.2000,4658.8000,4659.0000,4659.2000,1,2,1,1,1,1,1,3,1,1
SF,IF2010,2020-08-27 09:34:07.900,4655.4000,2241,0,64345620.000,0,-,-,-,-,4654.4000,4652.2000,4651.8000,4651.6000,4650.2000,4656.6000,4657.0000,4658.8000,4659.0000,4659.2000,1,1,1,1,1,1,2,3,1,1
SF,IF2010,2020-08-27 09:34:08.400,4655.4000,2241,0,64345620.000,0,-,-,-,-,4652.2000,4651.6000,4650.2000,4646.6000,4645.0000,4656.4000,4657.0000,4658.8000,4659.0000,4659.2000,1,1,1,2,5,1,1,3,1,1
SF,IF2010,2020-08-27 09:34:08.900,4655.4000,2241,0,64345620.000,0,-,-,-,-,4653.0000,4652.8000,4652.4000,4652.2000,4651.6000,4656.2000,4658.8000,4659.2000,4661.0000,4665.0000,2,1,3,1,3,1,2,1,1,6
SF,IF2010,2020-08-27 09:34:09.400,4655.4000,2241,0,64345620.000,0,-,-,-,-,4653.2000,4653.0000,4652.8000,4652.4000,4652.2000,4656.2000,4658.8000,4659.2000,4661.0000,4665.0000,3,2,1,2,1,1,2,1,1,6
SF,IF2010,2020-08-27 09:34:09.900,4655.4000,2241,0,64345620.000,0,-,-,-,-,4653.2000,4653.0000,4652.8000,4652.4000,4652.2000,4656.2000,4658.8000,4659.2000,4661.0000,4665.0000,3,2,1,2,1,1,2,1,1,6
SF,IF2010,2020-08-27 09:34:10.400,4655.4000,2241,0,64345620.000,0,-,-,-,-,4654.0000,4653.4000,4653.2000,4653.0000,4652.8000,4656.2000,4658.8000,4659.2000,4661.0000,4665.0000,2,2,3,2,1,1,2,1,1,6
SF,IF2010,2020-08-27 09:34:10.900,4655.4000,2241,0,64345620.000,0,-,-,-,-,4654.2000,4654.0000,4653.4000,4653.2000,4653.0000,4658.8000,4659.2000,4660.4000,4661.0000,4665.0000,1,2,2,2,2,2,1,1,1,6
SF,IF2010,2020-08-27 09:34:11.400,4655.4000,2241,0,64345620.000,0,-,-,-,-,4654.2000,4654.0000,4653.4000,4653.2000,4653.0000,4658.6000,4658.8000,4659.2000,4660.4000,4661.0000,1,2,2,2,1,4,2,1,1,1
SF,IF2010,2020-08-27 09:34:11.900,4655.4000,2241,0,64345620.000,0,-,-,-,-,4654.2000,4654.0000,4653.4000,4653.2000,4653.0000,4658.6000,4658.8000,4659.2000,4660.4000,4661.0000,1,2,1,2,1,4,2,1,1,1
SF,IF2010,2020-08-27 09:34:12.400,4655.4000,2241,0,64345620.000,0,-,-,-,-,4654.2000,4654.0000,4653.4000,4653.2000,4653.0000,4658.6000,4658.8000,4659.2000,4660.4000,4661.0000,1,2,1,2,1,3,2,1,1,1
SF,IF2010,2020-08-27 09:34:12.900,4655.4000,2241,0,64345620.000,0,-,-,-,-,4654.2000,4654.0000,4653.4000,4653.2000,4653.0000,4658.4000,4658.6000,4658.8000,4659.2000,4660.4000,1,2,1,2,1,1,3,2,1,1
SF,IF2010,2020-08-27 09:34:13.400,4655.4000,2241,0,64345620.000,0,-,-,-,-,4654.0000,4653.2000,4653.0000,4652.8000,4652.4000,4656.4000,4658.2000,4658.4000,4658.6000,4658.8000,2,2,1,1,2,1,2,1,1,2
SF,IF2010,2020-08-27 09:34:13.900,4655.4000,2241,0,64345620.000,0,-,-,-,-,4654.2000,4653.2000,4653.0000,4652.4000,4652.2000,4658.2000,4658.4000,4658.6000,4658.8000,4659.2000,1,2,1,2,1,2,1,1,2,1
SF,IF2010,2020-08-27 09:34:14.400,4655.4000,2241,0,64345620.000,0,-,-,-,-,4654.2000,4653.2000,4653.0000,4652.4000,4652.2000,4656.2000,4658.2000,4658.4000,4658.6000,4658.8000,2,2,1,2,1,1,2,2,1,2
SF,IF2010,2020-08-27 09:34:14.900,4655.4000,2241,0,64345620.000,0,-,-,-,-,4654.4000,4653.2000,4653.0000,4652.4000,4652.2000,4658.2000,4658.4000,4658.6000,4658.8000,4659.2000,3,2,1,2,1,2,2,1,2,1
SF,IF2010,2020-08-27 09:34:15.400,4655.4000,2241,0,64345620.000,0,-,-,-,-,4654.6000,4654.4000,4653.0000,4652.2000,4651.6000,4658.2000,4658.4000,4658.6000,4658.8000,4659.2000,1,2,1,1,1,1,2,1,2,1
SF,IF2010,2020-08-27 09:34:15.900,4655.4000,2241,0,64345620.000,0,-,-,-,-,4654.6000,4654.4000,4653.0000,4652.2000,4651.6000,4656.4000,4658.2000,4658.4000,4658.6000,4658.8000,1,2,1,1,1,1,1,2,1,2
SF,IF2010,2020-08-27 09:34:16.400,4655.4000,2241,0,64345620.000,0,-,-,-,-,4655.0000,4654.4000,4653.0000,4652.2000,4651.6000,4658.2000,4658.4000,4658.6000,4658.8000,4659.2000,1,2,1,1,1,2,2,1,2,1
SF,IF2010,2020-08-27 09:34:16.900,4655.4000,2241,0,64345620.000,0,-,-,-,-,4655.0000,4654.4000,4653.0000,4652.2000,4651.6000,4658.0000,4658.2000,4658.4000,4658.6000,4658.8000,1,2,1,1,1,1,1,2,1,2
SF,IF2010,2020-08-27 09:34:17.400,4655.4000,2241,0,64345620.000,0,-,-,-,-,4655.0000,4654.4000,4652.2000,4651.6000,4650.2000,4656.0000,4657.8000,4658.0000,4658.4000,4658.6000,1,2,1,1,1,1,1,1,2,1
SF,IF2010,2020-08-27 09:34:17.900,4655.4000,2241,0,64345620.000,0,-,-,-,-,4654.4000,4652.2000,4651.6000,4650.2000,4646.6000,4657.8000,4658.0000,4658.4000,4658.6000,4658.8000,2,1,1,1,2,1,1,2,1,2
SF,IF2010,2020-08-27 09:34:18.400,4655.4000,2241,0,64345620.000,0,-,-,-,-,4654.4000,4652.2000,4651.6000,4650.2000,4646.6000,4656.2000,4657.6000,4657.8000,4658.4000,4658.6000,2,1,1,1,2,1,1,1,2,1
SF,IF2010,2020-08-27 09:34:18.900,4655.4000,2241,0,64345620.000,0,-,-,-,-,4654.4000,4652.2000,4651.6000,4651.2000,4650.2000,4656.0000,4657.4000,4657.6000,4657.8000,4658.4000,2,1,1,2,1,1,1,1,1,2
SF,IF2010,2020-08-27 09:34:19.400,4655.4000,2241,0,64345620.000,0,-,-,-,-,4654.4000,4652.2000,4651.6000,4651.2000,4650.2000,4655.8000,4656.0000,4656.2000,4657.6000,4658.4000,2,1,1,2,1,1,1,1,1,2
SF,IF2010,2020-08-27 09:34:19.900,4655.4000,2241,0,64345620.000,0,-,-,-,-,4654.4000,4652.2000,4651.6000,4651.2000,4650.2000,4656.0000,4657.6000,4658.4000,4658.6000,4658.8000,2,1,1,2,1,2,1,2,1,2
SF,IF2010,2020-08-27 09:34:20.900,4655.4000,2241,0,64345620.000,0,-,-,-,-,4654.4000,4652.2000,4651.6000,4651.2000,4650.2000,4655.8000,4656.0000,4657.6000,4658.4000,4658.6000,2,1,1,2,1,2,2,1,2,1
SF,IF2010,2020-08-27 09:34:21.400,4655.4000,2241,0,64345620.000,0,-,-,-,-,4654.4000,4651.6000,4651.2000,4650.2000,4646.6000,4655.6000,4655.8000,4656.0000,4657.6000,4658.4000,2,1,2,1,2,1,2,1,1,2
SF,IF2010,2020-08-27 09:34:21.900,4654.4000,2241,0,67138260.000,2,1,1,多换,S,4651.6000,4651.2000,4650.2000,4646.6000,4645.0000,4655.6000,4656.0000,4657.6000,4658.4000,4658.6000,1,2,1,2,5,1,1,1,2,1
SF,IF2010,2020-08-27 09:34:22.400,4654.4000,2241,0,67138260.000,0,-,-,-,-,4652.0000,4651.8000,4651.6000,4650.2000,4646.6000,4655.4000,4658.4000,4658.8000,4660.4000,4661.0000,2,4,1,1,2,1,1,2,1,1
SF,IF2010,2020-08-27 09:34:22.900,4654.4000,2241,0,67138260.000,0,-,-,-,-,4652.2000,4652.0000,4651.8000,4651.6000,4650.2000,4655.4000,4658.4000,4658.8000,4660.4000,4661.0000,3,2,3,1,1,1,1,2,1,1
SF,IF2010,2020-08-27 09:34:23.400,4654.4000,2241,0,67138260.000,0,-,-,-,-,4652.6000,4652.2000,4652.0000,4651.8000,4651.6000,4655.4000,4658.4000,4658.8000,4660.4000,4661.0000,2,3,2,3,1,2,1,2,1,1
