市场代码,合约代码,时间,最新,持仓,增仓,成交额,成交量,开仓,平仓,成交类型,方向,买一价,买二价,买三价,买四价,买五价,卖一价,卖二价,卖三价,卖四价,卖五价,买一量,买二量,买三量,买四量,买五量,卖一量,卖二量,卖三量,卖四量,卖五量
SF,IF2012,2020-05-13 09:29:00.300,3784.8000,2741,0,2270880.000,2.000,-,-,-,-,3775.8000,3770.8000,3770.0000,3767.8000,3767.0000,3785.0000,3785.6000,3787.2000,3789.8000,3792.0000,1,1,1,1,1,1,1,1,1,1
SF,IF2012,2020-05-13 09:30:00.300,3784.8000,2741,0,2270880.000,0,-,-,-,-,3776.2000,3775.8000,3770.8000,3770.0000,3767.8000,3784.4000,3785.0000,3785.6000,3789.8000,3792.0000,8,1,1,1,1,6,1,1,1,1
SF,IF2012,2020-05-13 09:30:00.800,3784.8000,2741,0,2270880.000,0,-,-,-,-,3776.4000,3776.2000,3775.8000,3770.8000,3770.0000,3784.2000,3784.8000,3785.0000,3785.6000,3789.8000,1,8,1,1,1,1,1,1,1,1
SF,IF2012,2020-05-13 09:30:01.300,3784.8000,2741,0,2270880.000,0,-,-,-,-,3777.0000,3776.4000,3776.2000,3775.8000,3770.8000,3784.2000,3784.8000,3785.0000,3785.6000,3789.8000,1,1,8,1,1,1,1,1,1,1
SF,IF2012,2020-05-13 09:30:01.800,3784.8000,2741,0,2270880.000,0,-,-,-,-,3780.0000,3777.2000,3777.0000,3775.8000,3770.8000,3783.4000,3784.2000,3784.8000,3785.0000,3793.8000,1,9,1,1,1,1,1,1,1,1
SF,IF2012,2020-05-13 09:30:02.300,3784.8000,2741,0,2270880.000,0,-,-,-,-,3780.2000,3780.0000,3777.2000,3777.0000,3775.8000,3783.2000,3783.4000,3784.8000,3785.0000,3793.8000,1,1,8,1,1,1,1,2,1,1
SF,IF2012,2020-05-13 09:30:02.800,3784.8000,2741,0,2270880.000,0,-,-,-,-,3780.2000,3780.0000,3777.2000,3777.0000,3775.8000,3784.8000,3785.0000,3793.8000,3794.4000,3794.8000,1,1,8,1,1,2,1,1,3,1
SF,IF2012,2020-05-13 09:30:03.300,3784.8000,2741,0,2270880.000,0,-,-,-,-,3780.4000,3780.0000,3777.0000,3775.8000,3770.0000,3784.8000,3785.0000,3793.8000,3794.4000,3794.8000,1,1,1,1,1,2,1,1,3,1
SF,IF2012,2020-05-13 09:30:03.800,3784.8000,2741,0,2270880.000,0,-,-,-,-,3780.4000,3780.0000,3777.0000,3775.8000,3770.0000,3784.0000,3784.6000,3784.8000,3785.0000,3793.8000,1,1,1,1,1,1,1,1,1,1
SF,IF2012,2020-05-13 09:30:04.300,3784.8000,2741,0,2270880.000,0,-,-,-,-,3780.4000,3780.0000,3777.0000,3775.8000,3770.0000,3784.0000,3784.6000,3784.8000,3785.0000,3793.8000,1,1,1,1,1,1,1,1,1,1
SF,IF2012,2020-05-13 09:30:04.800,3780.6000,2740,-1,3405060.000,1,0,1,双平,S,3780.4000,3780.0000,3777.0000,3775.8000,3770.0000,3784.6000,3784.8000,3785.0000,3793.8000,3794.8000,1,1,1,1,1,1,1,1,1,1
SF,IF2012,2020-05-13 09:30:05.300,3780.6000,2740,0,3405060.000,0,-,-,-,-,3780.8000,3780.4000,3780.0000,3777.0000,3775.8000,3784.6000,3784.8000,3785.0000,3793.8000,3794.8000,1,1,1,1,1,1,1,1,1,1
SF,IF2012,2020-05-13 09:30:05.800,3780.6000,2739,-1,4539240.000,1,0,1,双平,S,3781.0000,3780.0000,3777.0000,3775.8000,3770.0000,3784.6000,3784.8000,3785.0000,3793.8000,3794.8000,1,1,1,1,1,1,1,1,1,1
SF,IF2012,2020-05-13 09:30:06.300,3780.6000,2739,0,4539240.000,0,-,-,-,-,3780.0000,3777.0000,3775.8000,3770.0000,3763.2000,3784.4000,3784.6000,3784.8000,3785.0000,3793.8000,1,1,1,1,1,3,1,1,1,1
SF,IF2012,2020-05-13 09:30:07.300,3780.6000,2739,0,4539240.000,0,-,-,-,-,3780.0000,3777.0000,3775.8000,3770.0000,3763.2000,3784.2000,3784.4000,3784.6000,3784.8000,3785.0000,1,1,1,1,1,1,2,1,1,1
SF,IF2012,2020-05-13 09:30:07.800,3780.6000,2739,0,4539240.000,0,-,-,-,-,3780.0000,3777.0000,3775.8000,3770.0000,3763.2000,3783.8000,3784.0000,3784.2000,3784.6000,3784.8000,2,1,1,1,1,1,2,1,1,1
SF,IF2012,2020-05-13 09:30:08.300,3780.6000,2739,0,4539240.000,0,-,-,-,-,3780.0000,3777.0000,3775.8000,3770.0000,3763.2000,3783.6000,3783.8000,3784.0000,3784.2000,3784.6000,2,1,1,1,1,1,1,1,1,1
SF,IF2012,2020-05-13 09:30:09.300,3780.6000,2739,0,4539240.000,0,-,-,-,-,3780.0000,3777.0000,3775.8000,3770.0000,3763.2000,3783.6000,3783.8000,3784.0000,3784.2000,3784.6000,2,1,1,1,1,1,1,1,1,1
SF,IF2012,2020-05-13 09:30:09.800,3780.6000,2739,0,4539240.000,0,-,-,-,-,3780.0000,3777.0000,3775.8000,3770.0000,3763.2000,3783.4000,3783.6000,3784.0000,3784.2000,3784.6000,2,1,1,1,1,1,1,1,1,1
SF,IF2012,2020-05-13 09:30:10.300,3780.6000,2739,0,4539240.000,0,-,-,-,-,3780.0000,3777.0000,3775.8000,3770.0000,3763.2000,3783.2000,3783.4000,3784.0000,3784.6000,3784.8000,2,1,1,1,1,3,1,1,1,1
SF,IF2012,2020-05-13 09:30:10.800,3780.0000,2739,0,5673240.000,1,0,1,多换,S,3780.0000,3777.0000,3775.8000,3770.0000,3763.2000,3783.2000,3783.4000,3784.0000,3784.6000,3784.8000,1,1,1,1,1,3,1,1,1,1
SF,IF2012,2020-05-13 09:30:11.300,3780.0000,2739,0,6807240.000,1,0,1,多换,S,3777.0000,3775.8000,3770.0000,3763.2000,3729.2000,3782.8000,3783.0000,3783.2000,3784.6000,3784.8000,1,1,1,1,1,1,1,3,1,1
SF,IF2012,2020-05-13 09:30:11.800,3780.0000,2739,0,6807240.000,0,-,-,-,-,3777.0000,3775.8000,3770.0000,3763.2000,3729.2000,3782.6000,3782.8000,3783.0000,3783.2000,3784.6000,1,1,1,1,1,1,1,1,2,1
SF,IF2012,2020-05-13 09:30:12.300,3777.0000,2740,1,7940340.000,1,1,0,双开,S,3775.8000,3770.0000,3763.2000,3729.2000,3709.0000,3777.0000,3782.6000,3782.8000,3783.0000,3783.2000,1,1,1,1,1,2,1,1,1,1
SF,IF2012,2020-05-13 09:30:12.800,3777.0000,2739,-1,11339640.000,3,1,2,多平,S,3777.2000,3777.0000,3775.8000,3770.0000,3729.2000,3782.6000,3782.8000,3783.0000,3783.2000,3784.8000,13,4,1,1,1,1,1,1,1,1
SF,IF2012,2020-05-13 09:30:13.800,3777.0000,2739,0,11339640.000,0,-,-,-,-,3777.6000,3777.2000,3775.8000,3770.0000,3729.2000,3782.2000,3782.6000,3782.8000,3783.2000,3784.8000,1,5,1,1,1,1,1,1,1,1
SF,IF2012,2020-05-13 09:30:14.300,3777.0000,2739,0,11339640.000,0,-,-,-,-,3778.0000,3777.6000,3777.4000,3777.2000,3775.8000,3782.0000,3782.8000,3784.8000,3785.0000,3794.8000,1,1,1,5,1,2,1,1,1,1
SF,IF2012,2020-05-13 09:30:14.800,3777.0000,2739,0,11339640.000,0,-,-,-,-,3778.2000,3778.0000,3777.8000,3777.6000,3777.4000,3782.0000,3784.6000,3784.8000,3785.0000,3794.8000,1,1,1,1,1,2,1,1,1,1
SF,IF2012,2020-05-13 09:30:15.300,3777.0000,2739,0,11339640.000,0,-,-,-,-,3778.8000,3777.8000,3777.6000,3777.4000,3777.2000,3782.0000,3784.6000,3784.8000,3785.0000,3794.8000,1,1,1,1,8,2,1,1,1,1
SF,IF2012,2020-05-13 09:30:15.800,3777.0000,2739,0,11339640.000,0,-,-,-,-,3778.8000,3777.8000,3777.4000,3777.2000,3775.8000,3781.6000,3781.8000,3782.0000,3784.6000,3784.8000,1,1,1,8,1,1,1,2,1,1
SF,IF2012,2020-05-13 09:30:16.300,3777.0000,2739,0,11339640.000,0,-,-,-,-,3778.8000,3777.8000,3777.4000,3777.2000,3775.8000,3781.6000,3781.8000,3782.0000,3784.6000,3784.8000,1,1,2,8,1,1,1,2,1,1
SF,IF2012,2020-05-13 09:30:16.800,3777.0000,2739,0,11339640.000,0,-,-,-,-,3778.8000,3777.8000,3777.4000,3777.2000,3775.8000,3782.0000,3784.6000,3784.8000,3785.0000,3794.8000,1,1,2,7,1,2,1,1,1,1
SF,IF2012,2020-05-13 09:30:17.300,3777.0000,2739,0,11339640.000,0,-,-,-,-,3779.0000,3778.8000,3777.8000,3777.4000,3777.2000,3782.0000,3784.6000,3784.8000,3785.0000,3794.8000,1,1,1,2,7,1,1,1,1,1
SF,IF2012,2020-05-13 09:30:17.800,3777.0000,2739,0,11339640.000,0,-,-,-,-,3779.0000,3778.8000,3777.8000,3777.6000,3777.4000,3781.8000,3782.0000,3784.6000,3784.8000,3785.0000,1,1,1,1,2,1,1,1,1,1
SF,IF2012,2020-05-13 09:30:18.300,3777.0000,2739,0,11339640.000,0,-,-,-,-,3777.8000,3777.6000,3777.4000,3777.2000,3775.8000,3781.6000,3781.8000,3782.0000,3784.6000,3784.8000,1,1,2,7,1,1,1,1,1,1
SF,IF2012,2020-05-13 09:30:18.800,3777.0000,2739,0,11339640.000,0,-,-,-,-,3779.2000,3777.6000,3777.4000,3777.2000,3775.8000,3781.4000,3781.6000,3781.8000,3782.0000,3784.6000,1,1,2,7,1,1,1,1,1,1
SF,IF2012,2020-05-13 09:30:19.300,3777.0000,2739,0,11339640.000,0,-,-,-,-,3777.6000,3777.4000,3777.2000,3775.8000,3770.0000,3781.0000,3781.8000,3782.0000,3784.6000,3784.8000,1,1,7,1,1,1,1,1,1,1
SF,IF2012,2020-05-13 09:30:19.800,3777.0000,2739,0,11339640.000,0,-,-,-,-,3777.4000,3777.2000,3775.8000,3770.0000,3729.2000,3780.8000,3781.0000,3781.8000,3782.0000,3784.6000,1,6,1,1,1,1,1,1,1,1
SF,IF2012,2020-05-13 09:30:20.300,3777.0000,2739,0,11339640.000,0,-,-,-,-,3777.2000,3775.8000,3770.0000,3729.2000,3709.0000,3780.4000,3780.8000,3781.8000,3782.0000,3784.6000,5,1,1,1,1,1,1,1,1,1
SF,IF2012,2020-05-13 09:30:20.800,3777.0000,2739,0,11339640.000,0,-,-,-,-,3777.2000,3775.8000,3774.2000,3770.0000,3729.2000,3780.2000,3780.4000,3781.8000,3782.0000,3784.6000,5,1,1,1,1,1,1,1,1,1
SF,IF2012,2020-05-13 09:30:21.300,3777.0000,2739,0,11339640.000,0,-,-,-,-,3777.2000,3775.8000,3774.2000,3770.0000,3729.2000,3779.8000,3780.2000,3781.8000,3782.0000,3784.8000,5,1,1,1,1,2,1,1,1,1
SF,IF2012,2020-05-13 09:30:24.300,3777.0000,2738,-1,12472740.000,1,0,1,双平,S,3777.2000,3775.8000,3774.2000,3770.0000,3729.2000,3779.8000,3780.2000,3781.8000,3782.0000,3784.8000,4,1,1,1,1,1,1,1,1,1
SF,IF2012,2020-05-13 09:30:25.800,3777.2000,2742,4,18138540.000,5,4,1,空开,S,3775.8000,3774.2000,3770.0000,3729.2000,3709.0000,3777.2000,3779.8000,3780.2000,3781.8000,3784.8000,1,1,1,1,1,2,1,1,1,1
SF,IF2012,2020-05-13 09:30:26.300,3777.2000,2742,0,18138540.000,0,-,-,-,-,3775.8000,3774.2000,3770.0000,3729.2000,3709.0000,3777.2000,3779.8000,3780.2000,3784.8000,3785.0000,1,1,1,1,1,1,1,1,1,1
SF,IF2012,2020-05-13 09:30:26.800,3777.2000,2742,0,18138540.000,0,-,-,-,-,3775.8000,3774.2000,3770.0000,3729.2000,3709.0000,3779.8000,3780.2000,3784.8000,3785.0000,3794.8000,1,1,1,1,1,1,1,1,1,1
SF,IF2012,2020-05-13 09:30:27.300,3777.2000,2742,0,18138540.000,0,-,-,-,-,3775.8000,3774.2000,3770.0000,3729.2000,3709.0000,3777.0000,3779.6000,3779.8000,3784.8000,3785.0000,1,1,1,1,1,1,1,1,1,1
SF,IF2012,2020-05-13 09:30:29.300,3777.0000,2741,-1,19271640.000,1,0,1,双平,S,3775.8000,3774.2000,3770.0000,3729.2000,3709.0000,3779.6000,3779.8000,3784.8000,3785.0000,3794.8000,1,1,1,1,1,1,1,1,1,1
SF,IF2012,2020-05-13 09:30:29.800,3777.0000,2741,0,19271640.000,0,-,-,-,-,3775.8000,3774.2000,3770.0000,3729.2000,3709.0000,3779.2000,3779.6000,3784.8000,3785.0000,3794.8000,1,1,1,1,1,1,1,1,1,1
SF,IF2012,2020-05-13 09:30:30.300,3777.0000,2741,0,19271640.000,0,-,-,-,-,3775.8000,3774.2000,3770.0000,3729.2000,3709.0000,3779.0000,3779.2000,3784.8000,3785.0000,3794.8000,1,1,1,1,1,1,1,1,1,1
SF,IF2012,2020-05-13 09:30:30.800,3777.0000,2741,0,19271640.000,0,-,-,-,-,3775.8000,3774.2000,3770.0000,3729.2000,3709.0000,3778.4000,3778.6000,3779.0000,3784.8000,3785.0000,1,1,1,1,1,1,1,1,1,1
SF,IF2012,2020-05-13 09:30:31.300,3777.0000,2741,0,19271640.000,0,-,-,-,-,3775.8000,3774.2000,3729.2000,3709.0000,3703.6000,3778.4000,3779.0000,3784.8000,3785.0000,3794.8000,1,1,1,1,2,1,1,1,1,1
SF,IF2012,2020-05-13 09:30:32.800,3777.0000,2741,0,19271640.000,0,-,-,-,-,3775.8000,3774.2000,3729.2000,3709.0000,3703.6000,3778.4000,3779.0000,3784.8000,3785.0000,3794.8000,1,1,1,1,2,2,1,1,1,1
SF,IF2012,2020-05-13 09:30:33.300,3777.0000,2741,0,19271640.000,0,-,-,-,-,3775.8000,3729.2000,3709.0000,3703.6000,3681.8000,3778.2000,3778.4000,3779.0000,3784.8000,3785.0000,1,1,1,2,1,1,1,1,1,1
SF,IF2012,2020-05-13 09:30:33.800,3777.0000,2741,0,19271640.000,0,-,-,-,-,3776.0000,3775.8000,3729.2000,3709.0000,3703.6000,3778.2000,3778.4000,3779.0000,3779.2000,3784.8000,1,1,1,1,2,1,1,1,1,1
SF,IF2012,2020-05-13 09:30:34.300,3777.0000,2741,0,19271640.000,0,-,-,-,-,3776.0000,3775.8000,3729.2000,3709.0000,3703.6000,3778.2000,3779.0000,3779.2000,3784.8000,3785.0000,1,1,1,1,2,1,1,1,1,1
SF,IF2012,2020-05-13 09:30:35.800,3776.0000,2740,-1,20404440.000,1,0,1,双平,S,3775.8000,3729.2000,3709.0000,3703.6000,3681.8000,3778.2000,3779.0000,3779.2000,3784.8000,3785.0000,1,1,1,2,1,1,1,1,1,1
SF,IF2012,2020-05-13 09:30:36.300,3775.8000,2740,0,21537180.000,1,0,1,多换,S,3729.2000,3709.0000,3703.6000,3681.8000,3672.8000,3778.2000,3779.0000,3779.2000,3784.8000,3785.0000,1,1,2,1,1,1,1,1,1,1
SF,IF2012,2020-05-13 09:30:36.800,3775.8000,2740,0,21537180.000,0,-,-,-,-,3774.8000,3758.4000,3747.4000,3740.4000,3739.4000,3778.0000,3779.2000,3784.8000,3785.0000,3794.8000,1,1,3,1,18,1,1,1,1,1
SF,IF2012,2020-05-13 09:30:37.300,3774.8000,2739,-1,22669620.000,1,0,1,双平,S,3739.4000,3729.4000,3729.2000,3709.0000,3703.6000,3778.0000,3779.2000,3784.8000,3785.0000,3794.8000,18,5,1,1,2,1,1,1,1,1
SF,IF2012,2020-05-13 09:30:37.800,3774.8000,2739,0,22669620.000,0,-,-,-,-,3765.2000,3763.4000,3758.0000,3752.4000,3740.0000,3778.0000,3779.2000,3784.8000,3785.0000,3794.8000,1,1,1,3,1,1,1,1,1,1
SF,IF2012,2020-05-13 09:30:38.300,3774.8000,2739,0,22669620.000,0,-,-,-,-,3770.4000,3767.4000,3767.2000,3765.6000,3765.2000,3778.0000,3779.2000,3784.8000,3785.0000,3794.8000,1,1,1,6,1,1,1,1,1,1
SF,IF2012,2020-05-13 09:30:38.800,3774.8000,2739,0,22669620.000,0,-,-,-,-,3770.8000,3770.4000,3769.6000,3769.2000,3769.0000,3777.6000,3777.8000,3778.0000,3778.4000,3779.2000,6,1,1,1,1,1,1,1,1,1
SF,IF2012,2020-05-13 09:30:39.300,3774.8000,2739,0,22669620.000,0,-,-,-,-,3771.4000,3771.0000,3770.8000,3770.4000,3769.6000,3777.4000,3777.6000,3777.8000,3778.4000,3779.2000,3,1,6,1,1,1,1,1,1,1
SF,IF2012,2020-05-13 09:30:39.800,3774.8000,2739,0,22669620.000,0,-,-,-,-,3772.8000,3771.8000,3771.4000,3771.0000,3770.4000,3777.4000,3777.6000,3778.4000,3779.2000,3784.8000,1,7,3,1,1,2,1,1,1,1
SF,IF2012,2020-05-13 09:30:40.300,3774.8000,2739,0,22669620.000,0,-,-,-,-,3772.8000,3771.8000,3771.4000,3771.2000,3771.0000,3777.0000,3777.4000,3778.4000,3779.2000,3784.8000,1,7,3,1,1,1,2,1,1,1
SF,IF2012,2020-05-13 09:30:40.800,3774.8000,2739,0,22669620.000,0,-,-,-,-,3772.8000,3771.8000,3771.4000,3771.2000,3771.0000,3776.8000,3777.0000,3777.4000,3778.4000,3779.2000,1,7,3,1,1,1,1,1,1,1
SF,IF2012,2020-05-13 09:30:41.300,3774.8000,2739,0,22669620.000,0,-,-,-,-,3773.2000,3772.8000,3771.8000,3771.4000,3771.2000,3776.8000,3777.4000,3778.4000,3779.2000,3784.8000,1,1,7,3,1,1,1,1,1,1
SF,IF2012,2020-05-13 09:30:42.300,3774.8000,2739,0,22669620.000,0,-,-,-,-,3773.2000,3772.8000,3771.8000,3771.2000,3771.0000,3776.8000,3777.4000,3778.4000,3779.2000,3784.8000,1,1,7,1,1,1,1,1,1,1
SF,IF2012,2020-05-13 09:30:42.800,3774.8000,2739,0,22669620.000,0,-,-,-,-,3773.2000,3772.8000,3771.8000,3771.2000,3771.0000,3776.8000,3777.4000,3778.4000,3784.8000,3785.0000,1,1,7,1,1,1,1,1,1,1
SF,IF2012,2020-05-13 09:30:43.300,3774.8000,2739,0,22669620.000,0,-,-,-,-,3773.2000,3772.8000,3771.8000,3771.2000,3771.0000,3776.8000,3777.4000,3778.4000,3784.8000,3785.0000,1,1,7,1,1,1,1,1,1,1
SF,IF2012,2020-05-13 09:30:43.800,3774.8000,2739,0,22669620.000,0,-,-,-,-,3774.0000,3773.2000,3772.8000,3771.8000,3771.2000,3776.8000,3777.4000,3778.4000,3784.8000,3785.0000,1,1,1,7,1,1,1,1,1,1
SF,IF2012,2020-05-13 09:30:44.300,3776.8000,2738,-1,23802660.000,1,0,1,双平,S,3774.0000,3773.2000,3772.8000,3771.8000,3771.2000,3777.4000,3778.4000,3784.8000,3785.0000,3794.8000,1,1,1,7,1,1,1,1,1,1
SF,IF2012,2020-05-13 09:30:44.800,3776.8000,2738,0,23802660.000,0,-,-,-,-,3774.2000,3774.0000,3772.8000,3771.8000,3771.2000,3778.4000,3784.8000,3785.0000,3794.8000,3795.0000,1,1,1,7,1,1,1,1,1,1
SF,IF2012,2020-05-13 09:30:45.300,3776.8000,2738,0,23802660.000,0,-,-,-,-,3774.2000,3774.0000,3772.8000,3771.8000,3771.2000,3778.0000,3778.4000,3784.8000,3785.0000,3794.8000,1,1,1,7,1,1,1,1,1,1
SF,IF2012,2020-05-13 09:30:47.300,3776.8000,2738,0,23802660.000,0,-,-,-,-,3774.2000,3774.0000,3772.8000,3771.8000,3771.2000,3778.0000,3778.4000,3784.8000,3785.0000,3794.8000,1,1,1,7,1,1,1,1,1,1
SF,IF2012,2020-05-13 09:30:47.800,3776.8000,2738,0,23802660.000,0,-,-,-,-,3774.2000,3774.0000,3772.8000,3771.8000,3771.2000,3778.4000,3784.8000,3785.0000,3794.8000,3795.0000,1,1,1,7,1,1,1,1,1,1
SF,IF2012,2020-05-13 09:30:48.300,3776.8000,2738,0,23802660.000,0,-,-,-,-,3774.2000,3774.0000,3772.8000,3771.8000,3771.2000,3777.8000,3778.4000,3784.8000,3785.0000,3794.8000,1,1,1,7,1,1,1,1,1,1
SF,IF2012,2020-05-13 09:30:51.800,3776.8000,2738,0,23802660.000,0,-,-,-,-,3774.2000,3774.0000,3772.8000,3771.8000,3771.2000,3777.8000,3778.4000,3784.8000,3785.0000,3794.8000,1,1,1,7,1,1,1,1,1,1
SF,IF2012,2020-05-13 09:30:54.300,3776.8000,2738,0,23802660.000,0,-,-,-,-,3774.2000,3774.0000,3772.8000,3771.8000,3771.2000,3777.8000,3778.4000,3784.8000,3785.0000,3794.8000,1,1,1,7,1,1,1,1,1,1
SF,IF2012,2020-05-13 09:30:58.800,3776.8000,2738,0,23802660.000,0,-,-,-,-,3774.2000,3774.0000,3772.8000,3771.8000,3771.2000,3777.8000,3778.4000,3784.8000,3785.0000,3794.8000,1,1,1,7,1,1,1,1,1,1
SF,IF2012,2020-05-13 09:31:00.300,3776.8000,2738,0,23802660.000,0,-,-,-,-,3775.0000,3774.2000,3774.0000,3772.8000,3771.8000,3777.8000,3778.4000,3784.8000,3785.0000,3794.8000,1,1,1,1,7,1,1,1,1,1
SF,IF2012,2020-05-13 09:31:01.300,3777.4000,2738,0,24935880.000,1,0,1,多换,S,3775.0000,3774.2000,3774.0000,3772.8000,3771.8000,3777.8000,3778.4000,3784.8000,3785.0000,3794.8000,1,1,1,1,7,1,1,1,1,1
SF,IF2012,2020-05-13 09:31:01.800,3775.0000,2737,-1,26068380.000,1,0,1,双平,S,3774.2000,3774.0000,3771.8000,3771.2000,3767.2000,3777.6000,3777.8000,3778.4000,3784.8000,3785.0000,1,1,7,1,1,1,1,1,1,1
SF,IF2012,2020-05-13 09:31:02.300,3775.0000,2737,0,26068380.000,0,-,-,-,-,3774.4000,3774.2000,3774.0000,3771.8000,3771.2000,3777.6000,3777.8000,3778.4000,3784.8000,3785.0000,1,1,1,7,1,1,1,1,1,1
SF,IF2012,2020-05-13 09:31:02.800,3775.0000,2737,0,26068380.000,0,-,-,-,-,3774.6000,3774.4000,3771.8000,3771.2000,3767.2000,3777.6000,3777.8000,3778.4000,3784.8000,3785.0000,1,1,7,1,1,1,1,1,1,1
SF,IF2012,2020-05-13 09:31:03.300,3775.0000,2737,0,26068380.000,0,-,-,-,-,3774.6000,3774.4000,3771.8000,3771.2000,3767.2000,3777.2000,3777.6000,3777.8000,3778.4000,3784.8000,1,1,7,1,1,1,1,1,1,1
SF,IF2012,2020-05-13 09:31:03.800,3775.0000,2737,0,26068380.000,0,-,-,-,-,3774.8000,3771.8000,3771.2000,3767.2000,3766.2000,3777.2000,3777.6000,3777.8000,3778.4000,3784.8000,1,6,1,1,3,1,1,1,1,1
SF,IF2012,2020-05-13 09:31:04.300,3775.0000,2737,0,26068380.000,0,-,-,-,-,3771.2000,3767.2000,3766.2000,3765.2000,3762.2000,3777.0000,3777.2000,3777.8000,3778.4000,3784.8000,1,1,3,1,1,1,1,1,1,1
SF,IF2012,2020-05-13 09:31:04.800,3775.0000,2737,0,26068380.000,0,-,-,-,-,3771.6000,3771.4000,3771.2000,3767.2000,3766.2000,3777.0000,3777.2000,3778.4000,3784.8000,3785.0000,7,2,1,1,3,1,1,1,1,1
SF,IF2012,2020-05-13 09:31:05.300,3775.0000,2737,0,26068380.000,0,-,-,-,-,3771.8000,3771.6000,3771.2000,3767.2000,3766.2000,3776.6000,3777.2000,3778.4000,3784.8000,3785.0000,2,7,1,1,3,1,1,1,1,1
SF,IF2012,2020-05-13 09:31:05.800,3775.0000,2737,0,26068380.000,0,-,-,-,-,3772.0000,3771.8000,3771.2000,3767.2000,3766.2000,3776.6000,3776.8000,3778.4000,3784.8000,3785.0000,7,2,1,1,3,1,1,1,1,1
SF,IF2012,2020-05-13 09:31:06.300,3775.0000,2737,0,26068380.000,0,-,-,-,-,3772.4000,3772.2000,3772.0000,3771.2000,3767.2000,3776.6000,3778.4000,3784.8000,3785.0000,3794.8000,1,2,7,1,1,1,1,1,1,1
SF,IF2012,2020-05-13 09:31:06.800,3775.0000,2737,0,26068380.000,0,-,-,-,-,3773.2000,3772.6000,3772.4000,3772.0000,3771.2000,3778.4000,3784.8000,3785.0000,3794.8000,3795.0000,1,2,2,7,1,1,1,1,1,1
SF,IF2012,2020-05-13 09:31:07.300,3775.0000,2737,0,26068380.000,0,-,-,-,-,3773.4000,3773.2000,3773.0000,3772.4000,3772.0000,3778.2000,3778.4000,3784.8000,3785.0000,3794.8000,2,1,1,2,7,1,1,1,1,1
SF,IF2012,2020-05-13 09:31:07.800,3775.0000,2737,0,26068380.000,0,-,-,-,-,3773.4000,3773.2000,3773.0000,3772.4000,3772.0000,3776.4000,3777.8000,3778.2000,3778.4000,3784.8000,2,1,1,2,7,1,1,1,1,1
SF,IF2012,2020-05-13 09:31:08.300,3775.0000,2737,0,26068380.000,0,-,-,-,-,3773.4000,3773.0000,3772.4000,3772.0000,3771.2000,3776.4000,3777.8000,3778.4000,3784.8000,3785.0000,2,1,1,7,1,1,1,1,1,1
SF,IF2012,2020-05-13 09:31:08.800,3775.0000,2737,0,26068380.000,0,-,-,-,-,3773.4000,3773.0000,3772.4000,3772.0000,3771.2000,3776.4000,3778.4000,3784.8000,3785.0000,3794.8000,2,1,1,7,1,1,1,1,1,1
SF,IF2012,2020-05-13 09:31:13.800,3775.0000,2737,0,26068380.000,0,-,-,-,-,3773.4000,3773.0000,3772.4000,3772.0000,3771.2000,3776.2000,3776.4000,3778.4000,3784.8000,3785.0000,2,1,1,7,1,1,1,1,1,1
SF,IF2012,2020-05-13 09:31:18.300,3775.0000,2737,0,26068380.000,0,-,-,-,-,3773.4000,3772.4000,3772.0000,3771.2000,3770.0000,3776.2000,3776.4000,3778.4000,3784.8000,3785.0000,2,1,7,1,1,1,1,1,1,1
SF,IF2012,2020-05-13 09:31:18.800,3775.0000,2737,0,26068380.000,0,-,-,-,-,3773.4000,3772.0000,3771.2000,3770.0000,3766.2000,3776.2000,3776.4000,3778.4000,3784.8000,3785.0000,2,7,1,1,3,1,1,1,1,1
SF,IF2012,2020-05-13 09:31:20.300,3775.0000,2737,0,26068380.000,0,-,-,-,-,3773.4000,3772.0000,3771.2000,3770.0000,3768.4000,3776.2000,3776.4000,3778.4000,3784.8000,3785.0000,2,7,1,1,1,1,1,1,1,1
SF,IF2012,2020-05-13 09:31:21.300,3775.0000,2737,0,26068380.000,0,-,-,-,-,3773.4000,3771.2000,3770.0000,3768.4000,3766.2000,3776.2000,3776.4000,3778.4000,3784.8000,3785.0000,2,1,1,1,3,1,1,1,1,1
SF,IF2012,2020-05-13 09:31:21.800,3775.0000,2737,0,26068380.000,0,-,-,-,-,3773.4000,3771.2000,3770.0000,3768.4000,3766.2000,3776.2000,3776.4000,3784.8000,3785.0000,3794.8000,2,1,1,1,3,1,1,1,1,1
SF,IF2012,2020-05-13 09:31:22.300,3775.0000,2737,0,26068380.000,0,-,-,-,-,3773.6000,3773.4000,3771.2000,3770.0000,3768.4000,3776.2000,3776.4000,3784.8000,3785.0000,3794.8000,1,2,1,1,1,1,1,1,1,1
SF,IF2012,2020-05-13 09:31:24.300,3775.0000,2737,0,26068380.000,0,-,-,-,-,3773.6000,3773.4000,3771.2000,3770.0000,3768.4000,3775.8000,3776.2000,3776.4000,3784.8000,3785.0000,1,2,1,1,1,1,1,1,1,1
SF,IF2012,2020-05-13 09:31:24.800,3775.0000,2737,0,26068380.000,0,-,-,-,-,3773.8000,3773.6000,3771.2000,3770.0000,3768.4000,3775.8000,3776.2000,3776.4000,3784.8000,3785.0000,1,1,1,1,1,1,1,1,1,1
SF,IF2012,2020-05-13 09:31:25.300,3775.0000,2737,0,26068380.000,0,-,-,-,-,3773.8000,3771.2000,3770.0000,3768.4000,3766.2000,3776.2000,3776.4000,3784.8000,3785.0000,3794.8000,1,1,1,1,3,1,1,1,1,1
SF,IF2012,2020-05-13 09:31:26.300,3775.0000,2737,0,26068380.000,0,-,-,-,-,3773.8000,3771.2000,3770.0000,3768.4000,3766.2000,3776.2000,3776.4000,3784.8000,3794.8000,3795.0000,1,1,1,1,3,1,1,1,1,1
SF,IF2012,2020-05-13 09:31:28.800,3775.0000,2737,0,26068380.000,0,-,-,-,-,3773.8000,3771.2000,3770.0000,3768.4000,3766.2000,3776.4000,3784.8000,3794.8000,3795.0000,3798.2000,1,1,1,1,3,1,1,1,1,1
SF,IF2012,2020-05-13 09:31:32.800,3775.0000,2737,0,26068380.000,0,-,-,-,-,3773.8000,3771.2000,3770.0000,3768.4000,3766.2000,3784.8000,3794.8000,3795.0000,3798.2000,3798.6000,1,1,1,1,3,1,1,1,1,1
SF,IF2012,2020-05-13 09:31:33.300,3775.0000,2737,0,26068380.000,0,-,-,-,-,3774.0000,3773.8000,3771.2000,3770.0000,3768.4000,3782.4000,3783.4000,3784.4000,3784.6000,3784.8000,1,1,1,1,1,1,1,7,2,1
SF,IF2012,2020-05-13 09:31:33.800,3775.0000,2737,0,26068380.000,0,-,-,-,-,3774.0000,3771.2000,3770.0000,3768.4000,3766.2000,3782.0000,3782.2000,3782.4000,3783.4000,3784.6000,1,1,1,1,3,7,1,1,1,1
SF,IF2012,2020-05-13 09:31:34.300,3775.0000,2737,0,26068380.000,0,-,-,-,-,3774.0000,3771.2000,3770.0000,3768.4000,3766.2000,3778.6000,3781.8000,3782.0000,3782.4000,3783.4000,1,1,1,1,3,1,1,7,1,1
SF,IF2012,2020-05-13 09:31:34.800,3775.0000,2737,0,26068380.000,0,-,-,-,-,3774.2000,3774.0000,3771.2000,3770.0000,3768.4000,3778.4000,3778.6000,3779.4000,3782.0000,3782.4000,1,1,1,1,1,1,1,1,7,1
SF,IF2012,2020-05-13 09:31:35.300,3775.0000,2737,0,26068380.000,0,-,-,-,-,3774.4000,3774.2000,3771.2000,3770.0000,3768.4000,3778.4000,3778.6000,3779.4000,3782.0000,3782.4000,1,1,1,1,1,1,1,1,7,1
SF,IF2012,2020-05-13 09:31:35.800,3775.0000,2737,0,26068380.000,0,-,-,-,-,3774.6000,3774.4000,3771.2000,3770.0000,3768.4000,3778.0000,3778.4000,3782.0000,3782.4000,3783.4000,1,1,1,1,1,1,1,7,1,1
SF,IF2012,2020-05-13 09:31:36.300,3775.0000,2737,0,26068380.000,0,-,-,-,-,3774.8000,3774.6000,3771.2000,3770.0000,3768.4000,3778.0000,3778.2000,3778.4000,3782.0000,3782.4000,1,1,1,1,1,1,1,1,7,1
SF,IF2012,2020-05-13 09:31:36.800,3775.0000,2737,0,26068380.000,0,-,-,-,-,3775.0000,3774.8000,3771.2000,3770.0000,3768.4000,3778.0000,3778.2000,3778.4000,3782.0000,3782.4000,1,1,1,1,1,1,1,1,7,1
SF,IF2012,2020-05-13 09:31:37.300,3775.0000,2737,0,26068380.000,0,-,-,-,-,3775.0000,3774.8000,3771.2000,3770.0000,3768.4000,3778.0000,3778.4000,3782.0000,3784.8000,3794.8000,1,1,1,1,1,1,1,7,1,1
SF,IF2012,2020-05-13 09:31:37.800,3775.0000,2737,0,26068380.000,0,-,-,-,-,3775.0000,3774.8000,3771.2000,3770.0000,3768.4000,3777.8000,3778.0000,3782.0000,3784.8000,3794.8000,1,1,1,1,1,1,1,7,1,1
SF,IF2012,2020-05-13 09:31:38.300,3775.0000,2737,0,26068380.000,0,-,-,-,-,3775.0000,3774.8000,3771.2000,3770.0000,3768.4000,3777.8000,3778.0000,3782.0000,3784.8000,3794.8000,1,1,1,1,1,1,1,7,1,1
SF,IF2012,2020-05-13 09:31:38.800,3775.0000,2737,0,26068380.000,0,-,-,-,-,3775.0000,3774.8000,3771.2000,3770.0000,3768.4000,3777.8000,3782.0000,3784.8000,3794.8000,3795.0000,1,1,1,1,1,1,7,1,1,1
SF,IF2012,2020-05-13 09:31:39.300,3775.0000,2737,0,26068380.000,0,-,-,-,-,3775.0000,3774.8000,3771.2000,3770.0000,3768.4000,3777.6000,3777.8000,3782.0000,3784.8000,3794.8000,1,1,1,1,1,1,1,7,1,1
SF,IF2012,2020-05-13 09:31:45.300,3775.0000,2737,0,26068380.000,0,-,-,-,-,3775.2000,3775.0000,3774.8000,3771.2000,3770.0000,3777.6000,3777.8000,3782.0000,3784.8000,3794.8000,1,1,1,1,1,1,1,7,1,1
SF,IF2012,2020-05-13 09:31:45.800,3775.0000,2737,0,26068380.000,0,-,-,-,-,3775.2000,3774.8000,3771.2000,3770.0000,3768.4000,3777.4000,3777.6000,3782.0000,3784.8000,3794.8000,1,1,1,1,1,1,1,7,1,1
SF,IF2012,2020-05-13 09:31:46.300,3775.0000,2737,0,26068380.000,0,-,-,-,-,3775.2000,3771.2000,3770.0000,3768.4000,3766.2000,3777.4000,3777.6000,3782.0000,3784.8000,3794.8000,1,1,1,1,3,1,1,7,1,1
SF,IF2012,2020-05-13 09:31:46.800,3775.0000,2737,0,26068380.000,0,-,-,-,-,3775.2000,3771.2000,3770.0000,3768.4000,3766.2000,3777.4000,3782.0000,3784.8000,3794.8000,3795.0000,1,1,1,1,3,1,7,1,1,1
SF,IF2012,2020-05-13 09:31:47.300,3775.0000,2737,0,26068380.000,0,-,-,-,-,3775.2000,3771.2000,3770.0000,3768.4000,3766.2000,3777.2000,3777.4000,3782.0000,3784.8000,3794.8000,1,1,1,1,3,1,1,7,1,1
SF,IF2012,2020-05-13 09:31:47.800,3775.0000,2737,0,26068380.000,0,-,-,-,-,3775.2000,3771.2000,3770.0000,3768.4000,3766.2000,3777.2000,3777.4000,3782.0000,3784.8000,3794.8000,1,1,1,1,3,2,1,7,1,1
SF,IF2012,2020-05-13 09:31:48.800,3775.0000,2737,0,26068380.000,0,-,-,-,-,3775.2000,3771.2000,3770.0000,3768.4000,3766.2000,3776.8000,3777.2000,3777.4000,3782.0000,3784.8000,1,1,1,1,3,1,1,1,7,1
SF,IF2012,2020-05-13 09:31:54.800,3775.0000,2737,0,26068380.000,0,-,-,-,-,3775.2000,3775.0000,3771.2000,3770.0000,3768.4000,3776.8000,3777.2000,3777.4000,3782.0000,3784.8000,1,3,1,1,1,1,1,1,7,1
SF,IF2012,2020-05-13 09:31:55.800,3775.0000,2736,-1,27200880.000,1,0,1,双平,S,3775.0000,3771.2000,3770.0000,3768.4000,3766.2000,3776.8000,3777.4000,3782.0000,3784.8000,3794.8000,3,1,1,1,3,1,1,7,1,1
SF,IF2012,2020-05-13 09:31:58.800,3775.0000,2735,-1,28333380.000,1,0,1,双平,S,3775.0000,3771.2000,3770.0000,3768.4000,3766.2000,3776.8000,3777.4000,3782.0000,3784.8000,3794.8000,2,1,1,1,3,1,1,7,1,1
SF,IF2012,2020-05-13 09:31:59.300,3775.0000,2735,0,28333380.000,0,-,-,-,-,3775.0000,3771.2000,3770.0000,3768.4000,3766.2000,3776.6000,3776.8000,3782.0000,3784.8000,3794.8000,2,1,1,1,3,1,1,7,1,1
SF,IF2012,2020-05-13 09:32:00.300,3775.0000,2735,0,28333380.000,0,-,-,-,-,3775.0000,3771.2000,3770.0000,3768.4000,3766.2000,3776.4000,3776.6000,3776.8000,3782.0000,3784.8000,2,1,1,1,3,1,1,1,7,1
SF,IF2012,2020-05-13 09:32:00.800,3775.0000,2736,1,30598380.000,2,1,1,空开,S,3771.2000,3770.0000,3768.4000,3766.2000,3765.2000,3774.8000,3776.4000,3776.6000,3776.8000,3782.0000,1,1,1,3,1,2,1,1,1,7
SF,IF2012,2020-05-13 09:32:01.300,3774.8000,2736,0,31730820.000,1,0,1,多换,S,3771.4000,3771.2000,3770.0000,3768.4000,3766.2000,3776.2000,3782.0000,3784.8000,3794.8000,3795.0000,1,1,1,1,3,1,7,1,1,1
SF,IF2012,2020-05-13 09:32:01.800,3774.8000,2736,0,31730820.000,0,-,-,-,-,3771.6000,3771.4000,3771.2000,3770.0000,3768.4000,3776.2000,3782.0000,3784.8000,3794.8000,3795.0000,1,1,1,1,1,1,7,1,1,1
SF,IF2012,2020-05-13 09:32:02.300,3774.8000,2736,0,31730820.000,0,-,-,-,-,3771.8000,3771.6000,3771.2000,3770.0000,3768.4000,3776.2000,3782.0000,3784.8000,3794.8000,3795.0000,1,1,1,1,1,1,7,1,1,1
SF,IF2012,2020-05-13 09:32:02.800,3774.8000,2736,0,31730820.000,0,-,-,-,-,3772.0000,3771.8000,3771.2000,3770.0000,3768.4000,3776.2000,3782.0000,3784.8000,3794.8000,3795.0000,1,1,1,1,1,1,7,1,1,1
SF,IF2012,2020-05-13 09:32:03.300,3774.8000,2736,0,31730820.000,0,-,-,-,-,3772.8000,3772.6000,3772.2000,3772.0000,3771.2000,3782.0000,3784.8000,3794.8000,3795.0000,3798.2000,1,1,1,1,1,7,1,1,1,1
SF,IF2012,2020-05-13 09:32:03.800,3774.8000,2736,0,31730820.000,0,-,-,-,-,3773.0000,3772.8000,3772.6000,3771.2000,3770.0000,3781.8000,3782.0000,3784.0000,3784.8000,3794.8000,2,1,1,1,1,1,7,1,1,1
SF,IF2012,2020-05-13 09:32:04.300,3774.8000,2736,0,31730820.000,0,-,-,-,-,3773.0000,3772.8000,3772.6000,3771.2000,3770.0000,3781.4000,3781.8000,3784.6000,3784.8000,3794.8000,2,1,1,1,1,7,1,1,1,1
SF,IF2012,2020-05-13 09:32:04.800,3774.8000,2736,0,31730820.000,0,-,-,-,-,3774.6000,3773.2000,3773.0000,3772.8000,3771.2000,3781.2000,3781.4000,3784.6000,3784.8000,3794.8000,1,1,2,1,1,1,7,1,1,1
SF,IF2012,2020-05-13 09:32:05.300,3774.8000,2736,0,31730820.000,0,-,-,-,-,3774.8000,3774.6000,3771.2000,3770.0000,3768.4000,3780.8000,3781.2000,3784.6000,3784.8000,3794.8000,2,1,1,1,1,7,1,1,1,1
SF,IF2012,2020-05-13 09:32:05.800,3774.8000,2736,0,31730820.000,0,-,-,-,-,3774.8000,3774.6000,3771.2000,3770.0000,3768.4000,3780.6000,3780.8000,3784.6000,3784.8000,3794.8000,2,1,1,1,1,1,7,1,1,1
SF,IF2012,2020-05-13 09:32:06.300,3774.8000,2736,0,31730820.000,0,-,-,-,-,3774.8000,3774.6000,3771.2000,3770.0000,3768.4000,3780.2000,3780.6000,3784.6000,3784.8000,3794.8000,2,1,1,1,1,7,1,1,1,1
SF,IF2012,2020-05-13 09:32:06.800,3774.8000,2736,0,31730820.000,0,-,-,-,-,3774.8000,3774.6000,3771.2000,3770.0000,3768.4000,3779.6000,3780.0000,3780.2000,3784.6000,3784.8000,2,1,1,1,1,1,1,7,1,1
SF,IF2012,2020-05-13 09:32:07.300,3774.8000,2736,0,31730820.000,0,-,-,-,-,3775.0000,3774.8000,3771.2000,3770.0000,3768.4000,3779.2000,3779.4000,3779.6000,3784.6000,3784.8000,1,2,1,1,1,7,1,1,1,1
SF,IF2012,2020-05-13 09:32:07.800,3774.8000,2736,0,31730820.000,0,-,-,-,-,3775.2000,3775.0000,3771.2000,3770.0000,3768.4000,3778.6000,3779.0000,3779.2000,3784.6000,3784.8000,2,1,1,1,1,1,1,7,1,1
SF,IF2012,2020-05-13 09:32:08.300,3775.0000,2735,-1,32863320.000,1,0,1,双平,S,3771.2000,3770.0000,3768.4000,3766.2000,3765.2000,3778.2000,3778.4000,3778.6000,3778.8000,3784.6000,1,1,1,3,1,8,2,1,1,1
SF,IF2012,2020-05-13 09:32:08.800,3775.0000,2735,0,32863320.000,0,-,-,-,-,3771.4000,3770.0000,3768.4000,3766.2000,3765.2000,3778.0000,3778.2000,3778.6000,3778.8000,3784.6000,1,1,1,3,1,3,7,1,1,1
SF,IF2012,2020-05-13 09:32:09.300,3775.0000,2735,0,32863320.000,0,-,-,-,-,3771.4000,3770.0000,3768.4000,3766.2000,3765.2000,3777.8000,3778.0000,3778.2000,3784.6000,3784.8000,1,1,1,3,1,1,4,7,1,1
SF,IF2012,2020-05-13 09:32:09.800,3775.0000,2735,0,32863320.000,0,-,-,-,-,3771.4000,3770.0000,3768.4000,3766.2000,3765.2000,3777.6000,3777.8000,3778.0000,3778.2000,3784.6000,1,1,1,3,1,3,1,1,7,1
SF,IF2012,2020-05-13 09:32:10.300,3775.0000,2735,0,32863320.000,0,-,-,-,-,3772.0000,3771.4000,3770.0000,3768.4000,3766.2000,3777.0000,3777.2000,3777.6000,3777.8000,3778.2000,1,1,1,1,3,1,1,3,1,7
SF,IF2012,2020-05-13 09:32:10.800,3775.0000,2735,0,32863320.000,0,-,-,-,-,3772.2000,3772.0000,3770.0000,3768.4000,3766.2000,3776.8000,3777.0000,3777.2000,3777.6000,3777.8000,1,1,1,1,3,2,1,1,1,1
SF,IF2012,2020-05-13 09:32:11.800,3775.0000,2735,0,32863320.000,0,-,-,-,-,3772.2000,3770.0000,3768.4000,3766.2000,3762.2000,3776.8000,3777.0000,3777.6000,3777.8000,3778.2000,1,1,1,3,1,2,1,1,1,7
SF,IF2012,2020-05-13 09:32:12.800,3775.0000,2735,0,32863320.000,0,-,-,-,-,3772.2000,3770.0000,3768.4000,3766.2000,3762.2000,3776.8000,3777.0000,3777.6000,3777.8000,3784.6000,1,1,1,3,1,2,1,1,1,1
SF,IF2012,2020-05-13 09:32:13.300,3775.0000,2735,0,32863320.000,0,-,-,-,-,3772.2000,3770.0000,3768.4000,3766.2000,3762.2000,3776.6000,3776.8000,3777.0000,3777.8000,3784.6000,1,1,1,3,1,1,2,1,1,1
SF,IF2012,2020-05-13 09:32:13.800,3775.0000,2735,0,32863320.000,0,-,-,-,-,3772.2000,3770.0000,3768.4000,3766.2000,3762.2000,3776.4000,3776.6000,3777.0000,3777.8000,3780.8000,1,1,1,3,1,2,1,1,1,1
SF,IF2012,2020-05-13 09:32:14.300,3775.0000,2735,0,32863320.000,0,-,-,-,-,3772.2000,3770.0000,3768.4000,3766.2000,3762.2000,3776.4000,3776.6000,3777.0000,3777.8000,3780.8000,1,1,1,3,1,1,1,1,1,1
SF,IF2012,2020-05-13 09:32:14.800,3775.0000,2735,0,32863320.000,0,-,-,-,-,3772.2000,3770.0000,3768.4000,3766.2000,3762.2000,3776.2000,3776.4000,3777.0000,3777.8000,3780.8000,1,1,1,3,1,1,1,1,1,1
SF,IF2012,2020-05-13 09:32:15.300,3775.0000,2735,0,32863320.000,0,-,-,-,-,3772.2000,3770.0000,3768.4000,3766.2000,3762.2000,3776.0000,3776.2000,3777.0000,3777.8000,3780.8000,1,1,1,3,1,1,1,1,1,1
SF,IF2012,2020-05-13 09:32:15.800,3775.0000,2735,0,32863320.000,0,-,-,-,-,3772.4000,3772.2000,3770.0000,3768.4000,3766.2000,3776.0000,3776.2000,3777.0000,3777.8000,3780.8000,2,1,1,1,3,1,1,1,1,1
SF,IF2012,2020-05-13 09:32:16.300,3775.0000,2735,0,32863320.000,0,-,-,-,-,3772.6000,3772.4000,3770.0000,3768.4000,3766.2000,3776.0000,3776.2000,3777.0000,3777.8000,3780.8000,1,2,1,1,3,1,1,1,1,1
SF,IF2012,2020-05-13 09:32:17.300,3775.0000,2735,0,32863320.000,0,-,-,-,-,3772.8000,3772.6000,3772.4000,3770.0000,3768.4000,3776.0000,3776.2000,3777.0000,3777.8000,3780.8000,1,1,1,1,1,1,1,1,1,1
SF,IF2012,2020-05-13 09:32:17.800,3775.0000,2735,0,32863320.000,0,-,-,-,-,3773.0000,3772.8000,3772.4000,3770.0000,3768.4000,3776.0000,3776.2000,3777.0000,3777.8000,3780.8000,1,1,1,1,1,1,1,1,1,1
SF,IF2012,2020-05-13 09:32:18.300,3775.0000,2735,0,32863320.000,0,-,-,-,-,3773.0000,3772.8000,3770.0000,3768.4000,3766.2000,3776.0000,3776.2000,3777.0000,3777.8000,3780.8000,2,1,1,1,3,1,1,1,1,1
SF,IF2012,2020-05-13 09:32:19.300,3775.0000,2735,0,32863320.000,0,-,-,-,-,3773.0000,3772.8000,3770.0000,3768.4000,3766.2000,3776.0000,3776.2000,3777.0000,3777.8000,3780.8000,1,1,1,1,3,1,1,1,1,1
SF,IF2012,2020-05-13 09:32:19.800,3775.0000,2735,0,32863320.000,0,-,-,-,-,3773.2000,3773.0000,3772.8000,3770.0000,3768.4000,3776.0000,3776.2000,3777.0000,3777.8000,3780.8000,1,1,1,1,1,1,1,1,1,1
SF,IF2012,2020-05-13 09:32:20.300,3775.0000,2735,0,32863320.000,0,-,-,-,-,3773.4000,3773.2000,3772.8000,3770.0000,3768.4000,3776.0000,3777.0000,3777.8000,3780.8000,3784.6000,2,1,1,1,1,1,1,1,1,1
SF,IF2012,2020-05-13 09:32:20.800,3775.0000,2735,0,32863320.000,0,-,-,-,-,3773.4000,3773.2000,3772.8000,3770.0000,3768.4000,3777.0000,3777.8000,3780.8000,3784.6000,3784.8000,2,1,1,1,1,1,1,1,1,1
SF,IF2012,2020-05-13 09:32:21.300,3775.0000,2735,0,32863320.000,0,-,-,-,-,3773.4000,3773.2000,3772.8000,3770.0000,3768.4000,3776.8000,3777.0000,3777.8000,3780.8000,3784.6000,1,1,1,1,1,1,1,1,1,1
SF,IF2012,2020-05-13 09:32:21.800,3775.0000,2735,0,32863320.000,0,-,-,-,-,3773.4000,3773.2000,3772.8000,3770.0000,3768.4000,3775.8000,3776.8000,3777.0000,3777.8000,3780.8000,1,1,1,1,1,1,2,1,1,1
SF,IF2012,2020-05-13 09:32:22.300,3775.0000,2735,0,32863320.000,0,-,-,-,-,3773.6000,3773.4000,3773.2000,3772.8000,3770.0000,3775.8000,3776.8000,3777.0000,3777.8000,3780.8000,1,1,1,1,1,1,2,1,1,1
SF,IF2012,2020-05-13 09:32:22.800,3775.0000,2735,0,32863320.000,0,-,-,-,-,3773.8000,3773.6000,3773.2000,3772.8000,3770.0000,3775.8000,3776.8000,3777.0000,3777.8000,3780.8000,1,1,1,1,1,1,2,1,1,1
SF,IF2012,2020-05-13 09:32:23.300,3775.0000,2735,0,32863320.000,0,-,-,-,-,3774.0000,3773.8000,3773.2000,3772.8000,3770.0000,3775.6000,3775.8000,3776.8000,3777.0000,3777.8000,1,1,1,1,1,1,1,1,1,1
SF,IF2012,2020-05-13 09:32:23.800,3775.0000,2735,0,32863320.000,0,-,-,-,-,3774.2000,3773.8000,3773.2000,3772.8000,3770.0000,3775.6000,3775.8000,3776.8000,3777.0000,3777.8000,1,1,1,1,1,1,1,1,1,1
SF,IF2012,2020-05-13 09:32:24.300,3775.0000,2735,0,32863320.000,0,-,-,-,-,3773.8000,3773.2000,3772.8000,3770.0000,3768.4000,3775.4000,3775.6000,3775.8000,3777.0000,3777.8000,1,1,1,1,1,1,1,1,1,1
SF,IF2012,2020-05-13 09:32:24.800,3775.0000,2735,0,32863320.000,0,-,-,-,-,3774.0000,3773.8000,3773.2000,3772.8000,3770.0000,3775.6000,3775.8000,3777.0000,3777.8000,3780.8000,1,1,1,1,1,1,1,1,1,1
SF,IF2012,2020-05-13 09:32:25.800,3775.0000,2735,0,32863320.000,0,-,-,-,-,3774.2000,3774.0000,3773.8000,3773.2000,3772.8000,3775.6000,3775.8000,3777.0000,3777.8000,3780.8000,1,1,1,1,1,1,1,1,1,1
SF,IF2012,2020-05-13 09:32:26.300,3775.0000,2735,0,32863320.000,0,-,-,-,-,3774.4000,3774.2000,3773.8000,3773.2000,3772.8000,3775.4000,3775.6000,3775.8000,3777.0000,3777.8000,1,1,1,1,1,1,1,1,1,1
SF,IF2012,2020-05-13 09:32:26.800,3775.0000,2735,0,32863320.000,0,-,-,-,-,3774.4000,3774.2000,3773.8000,3773.2000,3772.8000,3775.4000,3775.8000,3777.0000,3777.8000,3780.8000,1,1,1,1,1,1,1,1,1,1
SF,IF2012,2020-05-13 09:32:28.300,3775.0000,2735,0,32863320.000,0,-,-,-,-,3774.2000,3773.8000,3773.2000,3772.8000,3770.0000,3775.4000,3775.8000,3777.0000,3777.8000,3780.8000,1,1,1,1,1,1,1,1,1,1
SF,IF2012,2020-05-13 09:32:28.800,3775.0000,2735,0,32863320.000,0,-,-,-,-,3774.2000,3773.8000,3773.2000,3772.8000,3770.0000,3775.8000,3777.0000,3777.8000,3780.8000,3784.6000,1,1,1,1,1,1,1,1,1,1
SF,IF2012,2020-05-13 09:32:29.300,3775.0000,2735,0,32863320.000,0,-,-,-,-,3774.4000,3774.2000,3773.2000,3772.8000,3770.0000,3775.8000,3777.0000,3777.8000,3780.8000,3784.6000,1,1,1,1,1,1,1,1,1,1
SF,IF2012,2020-05-13 09:32:29.800,3775.0000,2735,0,32863320.000,0,-,-,-,-,3774.4000,3774.2000,3773.2000,3772.8000,3770.0000,3775.6000,3775.8000,3777.0000,3777.8000,3780.8000,1,1,1,1,1,1,1,1,1,1
SF,IF2012,2020-05-13 09:32:30.300,3775.0000,2735,0,32863320.000,0,-,-,-,-,3774.4000,3774.2000,3773.2000,3772.8000,3770.0000,3775.8000,3777.0000,3777.8000,3780.8000,3784.6000,1,1,1,1,1,1,1,1,1,1
SF,IF2012,2020-05-13 09:32:32.800,3775.0000,2735,0,32863320.000,0,-,-,-,-,3774.4000,3774.2000,3773.2000,3772.8000,3770.0000,3775.8000,3780.8000,3784.6000,3784.8000,3795.0000,1,1,1,1,1,1,1,1,1,1
SF,IF2012,2020-05-13 09:32:33.300,3775.0000,2735,0,32863320.000,0,-,-,-,-,3774.4000,3774.2000,3772.8000,3770.0000,3768.4000,3775.8000,3780.8000,3784.6000,3784.8000,3795.0000,1,1,1,1,1,1,1,1,1,1
SF,IF2012,2020-05-13 09:32:34.300,3775.0000,2735,0,32863320.000,0,-,-,-,-,3774.4000,3772.8000,3770.0000,3768.4000,3766.2000,3775.8000,3780.8000,3784.6000,3784.8000,3795.0000,1,1,1,1,3,1,1,1,1,1
SF,IF2012,2020-05-13 09:32:37.800,3775.0000,2735,0,32863320.000,0,-,-,-,-,3774.4000,3772.8000,3770.0000,3766.2000,3762.2000,3775.6000,3775.8000,3780.8000,3784.6000,3784.8000,1,1,1,3,1,1,1,1,1,1
SF,IF2012,2020-05-13 09:32:38.300,3775.0000,2735,0,32863320.000,0,-,-,-,-,3774.4000,3772.8000,3770.0000,3766.2000,3762.2000,3775.4000,3775.6000,3775.8000,3780.8000,3784.6000,1,1,1,3,1,1,1,1,1,1
SF,IF2012,2020-05-13 09:32:38.800,3775.0000,2735,0,32863320.000,0,-,-,-,-,3772.8000,3770.0000,3766.2000,3762.2000,3759.6000,3775.4000,3775.6000,3775.8000,3780.8000,3784.6000,1,1,3,1,1,1,1,1,1,1
SF,IF2012,2020-05-13 09:32:39.300,3775.0000,2735,0,32863320.000,0,-,-,-,-,3773.0000,3772.8000,3770.0000,3766.2000,3762.2000,3775.4000,3775.6000,3775.8000,3780.8000,3784.6000,1,1,1,3,1,1,1,1,1,1
SF,IF2012,2020-05-13 09:32:39.800,3775.0000,2735,0,32863320.000,0,-,-,-,-,3773.2000,3773.0000,3772.8000,3770.0000,3766.2000,3775.2000,3775.4000,3775.8000,3780.8000,3784.6000,1,1,1,1,3,1,1,1,1,1
SF,IF2012,2020-05-13 09:32:40.300,3775.0000,2735,0,32863320.000,0,-,-,-,-,3773.4000,3772.8000,3770.0000,3766.2000,3762.2000,3775.2000,3775.4000,3775.8000,3780.8000,3784.6000,2,1,1,3,1,1,1,1,1,1
SF,IF2012,2020-05-13 09:32:41.300,3775.0000,2735,0,32863320.000,0,-,-,-,-,3773.4000,3772.8000,3770.0000,3766.2000,3762.2000,3775.4000,3775.8000,3780.8000,3784.6000,3784.8000,2,1,1,3,1,1,1,1,1,1
SF,IF2012,2020-05-13 09:32:42.300,3775.0000,2735,0,32863320.000,0,-,-,-,-,3773.4000,3772.8000,3770.0000,3766.2000,3762.2000,3775.2000,3775.4000,3775.8000,3780.8000,3784.6000,1,1,1,3,1,2,1,1,1,1
SF,IF2012,2020-05-13 09:32:44.800,3775.0000,2735,0,32863320.000,0,-,-,-,-,3773.4000,3772.8000,3770.0000,3766.2000,3762.2000,3775.2000,3775.4000,3775.8000,3780.8000,3784.6000,1,1,1,3,1,1,1,1,1,1
SF,IF2012,2020-05-13 09:32:45.300,3775.0000,2735,0,32863320.000,0,-,-,-,-,3773.4000,3772.8000,3770.0000,3766.2000,3762.2000,3774.8000,3775.2000,3775.8000,3780.8000,3784.6000,1,1,1,3,1,1,1,1,1,1
SF,IF2012,2020-05-13 09:32:45.800,3775.0000,2735,0,32863320.000,0,-,-,-,-,3773.4000,3772.8000,3771.8000,3770.0000,3766.2000,3774.8000,3775.2000,3775.8000,3780.8000,3784.6000,1,1,2,1,3,1,1,1,1,1
SF,IF2012,2020-05-13 09:32:47.800,3775.0000,2735,0,32863320.000,0,-,-,-,-,3773.4000,3772.8000,3770.0000,3766.2000,3762.2000,3774.8000,3775.2000,3775.8000,3780.8000,3784.6000,1,1,1,3,1,1,1,1,1,1
SF,IF2012,2020-05-13 09:32:50.800,3775.0000,2735,0,32863320.000,0,-,-,-,-,3773.4000,3772.8000,3770.0000,3766.2000,3762.2000,3774.8000,3775.2000,3775.8000,3780.8000,3784.6000,1,1,1,3,1,1,1,1,1,1
SF,IF2012,2020-05-13 09:32:56.800,3774.8000,2734,-1,33995760.000,1,0,1,双平,S,3773.4000,3772.8000,3770.0000,3766.2000,3762.2000,3775.2000,3775.8000,3780.8000,3784.6000,3784.8000,1,1,1,3,1,1,1,1,1,1
SF,IF2012,2020-05-13 09:32:59.800,3774.8000,2734,0,33995760.000,0,-,-,-,-,3773.4000,3770.0000,3766.2000,3762.2000,3759.6000,3775.2000,3775.8000,3780.8000,3784.6000,3784.8000,1,1,3,1,1,1,1,1,1,1
SF,IF2012,2020-05-13 09:33:00.300,3774.8000,2734,0,33995760.000,0,-,-,-,-,3773.6000,3773.4000,3770.0000,3766.2000,3762.2000,3775.2000,3775.8000,3780.8000,3784.6000,3784.8000,1,1,1,3,1,1,1,1,1,1
SF,IF2012,2020-05-13 09:33:00.800,3773.6000,2733,-1,35127840.000,1,0,1,双平,S,3773.4000,3770.0000,3766.2000,3762.2000,3759.6000,3775.0000,3775.8000,3780.8000,3784.6000,3784.8000,1,1,3,1,1,1,1,1,1,1
SF,IF2012,2020-05-13 09:33:01.300,3773.6000,2733,0,35127840.000,0,-,-,-,-,3773.4000,3770.0000,3766.2000,3762.2000,3759.6000,3774.8000,3775.8000,3780.8000,3784.6000,3784.8000,1,1,3,1,1,1,1,1,1,1
SF,IF2012,2020-05-13 09:33:04.300,3773.4000,2732,-1,36259860.000,1,0,1,双平,S,3770.0000,3766.2000,3762.2000,3759.6000,3754.0000,3774.8000,3775.8000,3780.8000,3784.6000,3784.8000,1,3,1,1,1,1,1,1,1,1
SF,IF2012,2020-05-13 09:33:04.800,3773.4000,2732,0,36259860.000,0,-,-,-,-,3770.2000,3770.0000,3766.2000,3762.2000,3759.6000,3775.8000,3780.8000,3784.6000,3784.8000,3795.0000,1,1,3,1,1,1,1,1,1,1
SF,IF2012,2020-05-13 09:33:05.300,3773.4000,2732,0,36259860.000,0,-,-,-,-,3770.2000,3770.0000,3766.2000,3762.2000,3759.6000,3775.6000,3775.8000,3780.8000,3784.6000,3784.8000,1,1,3,1,1,2,1,1,1,1
SF,IF2012,2020-05-13 09:33:06.300,3773.4000,2732,0,36259860.000,0,-,-,-,-,3770.2000,3770.0000,3766.2000,3762.2000,3759.6000,3774.8000,3775.6000,3775.8000,3780.8000,3784.6000,1,1,3,1,1,1,2,1,1,1
SF,IF2012,2020-05-13 09:33:06.800,3773.4000,2732,0,36259860.000,0,-,-,-,-,3770.2000,3770.0000,3766.2000,3762.2000,3759.6000,3774.2000,3774.6000,3774.8000,3775.8000,3780.8000,1,1,3,1,1,1,2,1,1,1
SF,IF2012,2020-05-13 09:33:07.300,3773.4000,2732,0,36259860.000,0,-,-,-,-,3770.2000,3770.0000,3766.2000,3762.2000,3759.6000,3774.0000,3774.2000,3774.8000,3775.8000,3780.8000,1,1,3,1,1,2,1,1,1,1
SF,IF2012,2020-05-13 09:33:09.300,3773.4000,2732,0,36259860.000,0,-,-,-,-,3770.2000,3770.0000,3766.2000,3762.2000,3759.6000,3773.6000,3774.0000,3775.8000,3780.8000,3784.6000,1,1,3,1,1,2,2,1,1,1
SF,IF2012,2020-05-13 09:33:09.800,3773.4000,2732,0,36259860.000,0,-,-,-,-,3770.0000,3766.2000,3762.2000,3759.6000,3754.0000,3773.4000,3773.6000,3775.8000,3780.8000,3784.6000,1,3,1,1,1,2,2,1,1,1
SF,IF2012,2020-05-13 09:33:10.300,3773.4000,2732,0,36259860.000,0,-,-,-,-,3770.0000,3766.2000,3762.2000,3759.6000,3754.0000,3773.0000,3773.2000,3773.4000,3773.6000,3775.8000,1,3,1,1,1,1,1,2,1,1
SF,IF2012,2020-05-13 09:33:10.800,3773.4000,2732,0,36259860.000,0,-,-,-,-,3770.0000,3766.2000,3762.2000,3759.6000,3754.0000,3772.8000,3773.0000,3773.2000,3773.4000,3773.6000,1,3,1,1,1,1,1,1,1,1
SF,IF2012,2020-05-13 09:33:11.300,3773.4000,2732,0,36259860.000,0,-,-,-,-,3770.0000,3762.2000,3759.6000,3754.0000,3729.4000,3772.6000,3772.8000,3773.0000,3773.4000,3773.6000,1,1,1,1,4,1,1,1,1,1
SF,IF2012,2020-05-13 09:33:11.800,3773.4000,2732,0,36259860.000,0,-,-,-,-,3770.0000,3762.2000,3759.6000,3754.0000,3729.4000,3772.4000,3772.6000,3773.4000,3773.6000,3775.8000,1,1,1,1,4,2,1,1,1,1
SF,IF2012,2020-05-13 09:33:12.300,3773.4000,2732,0,36259860.000,0,-,-,-,-,3770.0000,3764.2000,3762.2000,3759.6000,3754.0000,3772.4000,3772.6000,3773.4000,3775.8000,3780.8000,1,3,1,1,1,2,1,1,1,1
SF,IF2012,2020-05-13 09:33:12.800,3773.4000,2732,0,36259860.000,0,-,-,-,-,3770.2000,3770.0000,3764.2000,3762.2000,3759.6000,3772.4000,3773.4000,3775.8000,3780.8000,3784.6000,2,1,3,1,1,1,1,1,1,1
SF,IF2012,2020-05-13 09:33:13.300,3773.4000,2732,0,36259860.000,0,-,-,-,-,3770.2000,3770.0000,3764.2000,3762.2000,3759.6000,3775.8000,3780.8000,3784.6000,3784.8000,3795.0000,2,1,3,1,1,1,1,1,1,1
SF,IF2012,2020-05-13 09:33:13.800,3773.4000,2732,0,36259860.000,0,-,-,-,-,3770.0000,3764.2000,3762.2000,3759.6000,3754.0000,3775.4000,3775.6000,3775.8000,3780.8000,3784.6000,1,3,1,1,1,7,1,1,1,1
SF,IF2012,2020-05-13 09:33:14.300,3773.4000,2732,0,36259860.000,0,-,-,-,-,3770.2000,3770.0000,3764.2000,3762.2000,3759.6000,3775.2000,3775.4000,3775.8000,3780.8000,3784.6000,1,1,3,1,1,1,7,1,1,1
SF,IF2012,2020-05-13 09:33:14.800,3773.4000,2732,0,36259860.000,0,-,-,-,-,3770.0000,3764.2000,3762.2000,3759.6000,3754.0000,3774.8000,3775.2000,3775.8000,3780.8000,3784.6000,1,3,1,1,1,7,1,1,1,1
SF,IF2012,2020-05-13 09:33:15.300,3773.4000,2732,0,36259860.000,0,-,-,-,-,3770.2000,3770.0000,3764.2000,3762.2000,3759.6000,3774.6000,3775.8000,3780.8000,3784.6000,3784.8000,1,1,3,1,1,1,1,1,1,1
SF,IF2012,2020-05-13 09:33:15.800,3773.4000,2732,0,36259860.000,0,-,-,-,-,3770.2000,3770.0000,3764.2000,3762.2000,3759.6000,3774.6000,3775.8000,3780.8000,3784.6000,3784.8000,1,1,3,1,1,2,1,1,1,1
SF,IF2012,2020-05-13 09:33:16.300,3773.4000,2732,0,36259860.000,0,-,-,-,-,3770.2000,3770.0000,3764.2000,3762.2000,3759.6000,3774.4000,3774.6000,3775.8000,3780.8000,3784.6000,1,1,3,1,1,1,2,1,1,1
SF,IF2012,2020-05-13 09:33:16.800,3773.4000,2732,0,36259860.000,0,-,-,-,-,3770.2000,3770.0000,3764.2000,3762.2000,3759.6000,3774.2000,3774.4000,3774.6000,3775.8000,3780.8000,1,1,3,1,1,1,1,1,1,1
SF,IF2012,2020-05-13 09:33:17.300,3773.4000,2732,0,36259860.000,0,-,-,-,-,3770.2000,3770.0000,3764.2000,3762.2000,3759.6000,3774.0000,3774.2000,3775.8000,3780.8000,3784.6000,1,1,3,1,1,1,1,1,1,1
SF,IF2012,2020-05-13 09:33:17.800,3773.4000,2732,0,36259860.000,0,-,-,-,-,3770.4000,3770.2000,3770.0000,3764.2000,3762.2000,3773.8000,3774.0000,3775.8000,3780.8000,3784.6000,1,1,1,3,1,1,1,1,1,1
SF,IF2012,2020-05-13 09:33:18.300,3773.4000,2732,0,36259860.000,0,-,-,-,-,3770.6000,3770.4000,3770.0000,3764.2000,3762.2000,3773.6000,3773.8000,3775.8000,3780.8000,3784.6000,1,1,1,3,1,1,1,1,1,1
SF,IF2012,2020-05-13 09:33:25.300,3773.4000,2732,0,36259860.000,0,-,-,-,-,3770.8000,3770.6000,3770.4000,3770.0000,3764.2000,3773.6000,3773.8000,3775.8000,3780.8000,3784.6000,1,1,1,1,3,1,1,1,1,1
SF,IF2012,2020-05-13 09:33:25.800,3773.4000,2732,0,36259860.000,0,-,-,-,-,3771.0000,3770.8000,3770.4000,3770.0000,3764.2000,3773.4000,3773.6000,3775.8000,3780.8000,3784.6000,1,1,1,1,3,1,1,1,1,1
SF,IF2012,2020-05-13 09:33:26.300,3773.4000,2732,0,36259860.000,0,-,-,-,-,3771.0000,3770.8000,3770.4000,3770.0000,3764.2000,3773.2000,3775.8000,3780.8000,3784.6000,3784.8000,1,1,1,1,3,1,1,1,1,1
SF,IF2012,2020-05-13 09:33:27.300,3773.4000,2732,0,36259860.000,0,-,-,-,-,3771.2000,3771.0000,3770.0000,3764.2000,3762.2000,3773.2000,3780.8000,3784.6000,3784.8000,3795.0000,1,1,1,3,1,1,1,1,1,1
SF,IF2012,2020-05-13 09:33:27.800,3773.4000,2732,0,36259860.000,0,-,-,-,-,3771.2000,3771.0000,3770.0000,3764.2000,3762.2000,3773.0000,3780.8000,3784.6000,3784.8000,3795.0000,1,1,1,3,1,1,1,1,1,1
SF,IF2012,2020-05-13 09:33:28.800,3771.2000,2731,-1,37391220.000,1,0,1,双平,S,3771.0000,3770.0000,3764.2000,3762.2000,3759.6000,3773.0000,3780.8000,3784.6000,3784.8000,3795.0000,1,1,3,1,1,1,1,1,1,1
SF,IF2012,2020-05-13 09:33:30.300,3771.0000,2730,-1,38522520.000,1,0,1,双平,S,3770.0000,3764.2000,3762.2000,3759.6000,3754.0000,3772.0000,3773.0000,3780.8000,3784.6000,3784.8000,1,3,1,1,1,1,1,1,1,1
SF,IF2012,2020-05-13 09:33:30.800,3771.0000,2730,0,38522520.000,0,-,-,-,-,3770.2000,3770.0000,3764.2000,3762.2000,3759.6000,3772.0000,3780.8000,3784.6000,3784.8000,3795.0000,2,1,3,1,1,1,1,1,1,1
SF,IF2012,2020-05-13 09:33:31.800,3772.0000,2729,-1,39654120.000,1,0,1,双平,S,3770.2000,3770.0000,3764.2000,3762.2000,3759.6000,3780.8000,3784.6000,3784.8000,3795.0000,3798.2000,2,1,3,1,1,1,1,1,1,1
SF,IF2012,2020-05-13 09:33:32.300,3772.0000,2729,0,39654120.000,0,-,-,-,-,3770.0000,3764.2000,3762.2000,3759.6000,3754.0000,3779.2000,3780.2000,3780.4000,3780.6000,3780.8000,1,3,1,1,1,1,1,7,1,1
SF,IF2012,2020-05-13 09:33:32.800,3772.0000,2729,0,39654120.000,0,-,-,-,-,3770.2000,3770.0000,3764.2000,3762.2000,3759.6000,3778.8000,3779.0000,3779.2000,3780.2000,3780.8000,1,1,3,1,1,7,1,1,1,1
SF,IF2012,2020-05-13 09:33:33.300,3772.0000,2729,0,39654120.000,0,-,-,-,-,3771.0000,3770.2000,3770.0000,3764.2000,3762.2000,3778.6000,3778.8000,3780.8000,3784.6000,3784.8000,1,1,1,3,1,1,7,1,1,1
SF,IF2012,2020-05-13 09:33:33.800,3772.0000,2729,0,39654120.000,0,-,-,-,-,3771.2000,3771.0000,3770.8000,3770.0000,3764.2000,3778.2000,3778.6000,3780.8000,3784.6000,3784.8000,1,1,1,1,3,7,1,1,1,1
SF,IF2012,2020-05-13 09:33:34.300,3772.0000,2729,0,39654120.000,0,-,-,-,-,3771.8000,3771.2000,3771.0000,3770.0000,3764.2000,3778.0000,3778.2000,3780.8000,3784.6000,3784.8000,1,1,1,1,3,1,7,1,1,1
SF,IF2012,2020-05-13 09:33:34.800,3772.0000,2729,0,39654120.000,0,-,-,-,-,3772.0000,3771.8000,3771.4000,3771.0000,3770.0000,3777.6000,3778.0000,3780.8000,3784.6000,3784.8000,1,1,1,1,1,7,1,1,1,1
SF,IF2012,2020-05-13 09:33:35.300,3772.0000,2729,0,39654120.000,0,-,-,-,-,3772.0000,3771.8000,3771.4000,3771.0000,3770.0000,3777.4000,3777.6000,3780.8000,3784.6000,3784.8000,1,1,1,1,1,1,7,1,1,1
SF,IF2012,2020-05-13 09:33:35.800,3772.0000,2729,0,39654120.000,0,-,-,-,-,3772.0000,3771.4000,3770.0000,3764.2000,3762.2000,3776.6000,3777.2000,3777.4000,3780.8000,3784.6000,1,1,1,3,1,1,7,1,1,1
SF,IF2012,2020-05-13 09:33:36.300,3772.0000,2729,0,39654120.000,0,-,-,-,-,3772.2000,3770.0000,3764.2000,3762.2000,3759.6000,3776.4000,3776.6000,3777.2000,3780.8000,3784.6000,1,1,3,1,1,2,1,7,1,1
SF,IF2012,2020-05-13 09:33:37.300,3772.0000,2729,0,39654120.000,0,-,-,-,-,3772.2000,3770.0000,3764.2000,3762.2000,3759.6000,3776.4000,3777.2000,3780.8000,3784.6000,3784.8000,2,1,3,1,1,2,7,1,1,1
SF,IF2012,2020-05-13 09:33:37.800,3772.0000,2729,0,39654120.000,0,-,-,-,-,3772.2000,3770.0000,3764.2000,3762.2000,3759.6000,3776.0000,3776.4000,3780.8000,3784.6000,3784.8000,1,1,3,1,1,7,2,1,1,1
SF,IF2012,2020-05-13 09:33:38.300,3772.0000,2729,0,39654120.000,0,-,-,-,-,3770.0000,3764.2000,3762.2000,3759.6000,3754.0000,3775.8000,3776.2000,3780.8000,3784.8000,3795.0000,1,3,1,1,1,2,1,1,1,1
SF,IF2012,2020-05-13 09:33:38.800,3772.0000,2729,0,39654120.000,0,-,-,-,-,3770.2000,3770.0000,3764.2000,3762.2000,3759.6000,3775.6000,3775.8000,3776.2000,3780.8000,3784.8000,1,1,3,1,1,1,2,1,1,1
SF,IF2012,2020-05-13 09:33:39.300,3772.0000,2729,0,39654120.000,0,-,-,-,-,3770.2000,3770.0000,3764.2000,3762.2000,3759.6000,3775.4000,3775.6000,3776.2000,3780.8000,3784.8000,1,1,3,1,1,2,1,1,1,1
SF,IF2012,2020-05-13 09:33:39.800,3772.0000,2729,0,39654120.000,0,-,-,-,-,3770.8000,3770.2000,3770.0000,3764.2000,3762.2000,3775.4000,3776.2000,3780.8000,3784.8000,3795.0000,1,1,1,3,1,2,1,1,1,1
SF,IF2012,2020-05-13 09:33:40.300,3772.0000,2729,0,39654120.000,0,-,-,-,-,3771.0000,3770.8000,3770.4000,3770.0000,3764.2000,3775.4000,3776.2000,3780.8000,3784.8000,3795.0000,2,2,2,1,3,2,1,1,1,1
SF,IF2012,2020-05-13 09:33:41.300,3772.0000,2729,0,39654120.000,0,-,-,-,-,3771.2000,3771.0000,3770.8000,3770.0000,3764.2000,3775.2000,3775.4000,3780.8000,3784.8000,3795.0000,2,2,2,1,3,1,2,1,1,1
SF,IF2012,2020-05-13 09:33:41.800,3772.0000,2729,0,39654120.000,0,-,-,-,-,3771.4000,3771.2000,3771.0000,3770.8000,3770.0000,3775.0000,3775.2000,3780.8000,3784.8000,3795.0000,1,2,1,2,1,2,1,1,1,1
SF,IF2012,2020-05-13 09:33:42.300,3772.0000,2729,0,39654120.000,0,-,-,-,-,3771.4000,3771.2000,3771.0000,3770.8000,3770.0000,3775.0000,3775.2000,3780.8000,3784.8000,3795.0000,1,2,1,2,1,2,1,1,1,1
SF,IF2012,2020-05-13 09:33:42.800,3772.0000,2729,0,39654120.000,0,-,-,-,-,3771.6000,3771.4000,3770.8000,3770.0000,3764.8000,3775.0000,3775.2000,3780.8000,3784.8000,3795.0000,1,1,2,1,1,2,1,1,1,1
SF,IF2012,2020-05-13 09:33:43.300,3772.0000,2729,0,39654120.000,0,-,-,-,-,3771.8000,3771.6000,3771.4000,3770.8000,3770.0000,3775.0000,3775.2000,3780.8000,3784.8000,3795.0000,1,1,1,1,1,2,1,1,1,1
SF,IF2012,2020-05-13 09:33:43.800,3772.0000,2729,0,39654120.000,0,-,-,-,-,3771.8000,3771.6000,3770.8000,3770.0000,3764.8000,3774.6000,3775.0000,3775.2000,3780.8000,3784.8000,1,1,1,1,1,1,2,1,1,1
SF,IF2012,2020-05-13 09:33:44.300,3772.0000,2729,0,39654120.000,0,-,-,-,-,3771.8000,3770.8000,3770.0000,3764.8000,3764.2000,3774.4000,3774.6000,3774.8000,3775.0000,3780.8000,1,1,1,1,3,1,1,1,1,1
SF,IF2012,2020-05-13 09:33:44.800,3772.0000,2729,0,39654120.000,0,-,-,-,-,3772.0000,3771.8000,3770.8000,3770.0000,3764.8000,3774.4000,3774.8000,3775.0000,3780.8000,3784.8000,1,1,1,1,1,1,1,1,1,1
SF,IF2012,2020-05-13 09:33:45.800,3772.0000,2729,0,39654120.000,0,-,-,-,-,3772.2000,3771.8000,3770.8000,3770.0000,3764.8000,3774.4000,3774.8000,3775.0000,3780.8000,3784.8000,1,1,1,1,1,1,1,1,1,1
SF,IF2012,2020-05-13 09:33:46.800,3772.0000,2729,0,39654120.000,0,-,-,-,-,3772.6000,3771.8000,3770.0000,3764.8000,3764.2000,3774.4000,3774.8000,3775.0000,3780.8000,3784.8000,1,1,1,1,3,1,1,1,1,1
SF,IF2012,2020-05-13 09:33:47.300,3772.0000,2729,0,39654120.000,0,-,-,-,-,3772.6000,3770.0000,3764.8000,3764.2000,3762.2000,3774.2000,3780.8000,3784.8000,3795.0000,3798.2000,1,1,1,3,1,1,1,1,1,1
SF,IF2012,2020-05-13 09:33:47.800,3772.0000,2729,0,39654120.000,0,-,-,-,-,3772.8000,3770.0000,3764.8000,3764.2000,3762.2000,3774.2000,3780.8000,3784.8000,3795.0000,3798.2000,2,1,1,3,1,1,1,1,1,1
SF,IF2012,2020-05-13 09:33:48.300,3774.2000,2729,0,40786380.000,1,0,1,多换,S,3772.8000,3770.0000,3764.8000,3764.2000,3762.2000,3780.8000,3784.8000,3795.0000,3798.2000,3798.6000,2,1,1,3,1,1,1,1,1,1
SF,IF2012,2020-05-13 09:33:48.800,3774.2000,2729,0,40786380.000,0,-,-,-,-,3770.0000,3764.8000,3764.2000,3762.2000,3759.6000,3780.4000,3780.6000,3780.8000,3784.8000,3795.0000,1,1,3,1,1,7,1,1,1,1
SF,IF2012,2020-05-13 09:33:49.300,3774.2000,2729,0,40786380.000,0,-,-,-,-,3770.2000,3770.0000,3764.8000,3764.2000,3762.2000,3780.2000,3780.4000,3780.8000,3784.8000,3795.0000,1,1,1,3,1,1,7,1,1,1
SF,IF2012,2020-05-13 09:33:49.800,3774.2000,2729,0,40786380.000,0,-,-,-,-,3770.2000,3770.0000,3764.8000,3764.2000,3762.2000,3779.8000,3780.2000,3780.8000,3784.8000,3795.0000,1,1,1,3,1,7,1,1,1,1
SF,IF2012,2020-05-13 09:33:50.300,3774.2000,2729,0,40786380.000,0,-,-,-,-,3770.2000,3770.0000,3764.8000,3764.2000,3762.2000,3777.8000,3779.6000,3779.8000,3780.8000,3784.8000,1,1,1,3,1,1,1,7,1,1
SF,IF2012,2020-05-13 09:33:50.800,3774.2000,2729,0,40786380.000,0,-,-,-,-,3771.8000,3770.2000,3770.0000,3764.8000,3764.2000,3777.4000,3777.6000,3777.8000,3780.8000,3784.8000,1,1,1,1,3,7,1,1,1,1
SF,IF2012,2020-05-13 09:33:51.300,3774.2000,2729,0,40786380.000,0,-,-,-,-,3772.0000,3770.0000,3764.8000,3764.2000,3762.2000,3777.2000,3777.4000,3777.8000,3780.8000,3784.8000,1,1,1,3,1,1,7,1,1,1
SF,IF2012,2020-05-13 09:33:51.800,3774.2000,2729,0,40786380.000,0,-,-,-,-,3772.0000,3770.0000,3764.8000,3764.2000,3762.2000,3777.2000,3780.8000,3784.8000,3795.0000,3798.2000,1,1,1,3,1,1,1,1,1,1
SF,IF2012,2020-05-13 09:33:52.800,3774.2000,2729,0,40786380.000,0,-,-,-,-,3772.2000,3772.0000,3770.0000,3764.8000,3764.2000,3777.2000,3780.8000,3784.8000,3795.0000,3798.2000,1,1,1,1,3,1,1,1,1,1
SF,IF2012,2020-05-13 09:33:53.300,3774.2000,2729,0,40786380.000,0,-,-,-,-,3772.4000,3772.2000,3770.0000,3764.8000,3764.2000,3776.6000,3777.2000,3780.8000,3784.8000,3795.0000,1,1,1,1,3,1,1,1,1,1
SF,IF2012,2020-05-13 09:33:53.800,3774.2000,2729,0,40786380.000,0,-,-,-,-,3772.4000,3772.2000,3770.0000,3764.8000,3764.2000,3776.4000,3776.6000,3780.8000,3784.8000,3795.0000,1,1,1,1,3,1,1,1,1,1
SF,IF2012,2020-05-13 09:33:54.800,3774.2000,2729,0,40786380.000,0,-,-,-,-,3772.6000,3772.4000,3770.0000,3764.8000,3764.2000,3776.4000,3780.8000,3784.8000,3795.0000,3798.2000,1,1,1,1,3,1,1,1,1,1
SF,IF2012,2020-05-13 09:33:55.300,3774.2000,2729,0,40786380.000,0,-,-,-,-,3772.8000,3772.6000,3770.0000,3764.8000,3764.2000,3780.8000,3784.8000,3795.0000,3798.2000,3798.6000,1,1,1,1,3,1,1,1,1,1
SF,IF2012,2020-05-13 09:33:55.800,3774.2000,2729,0,40786380.000,0,-,-,-,-,3772.8000,3772.6000,3770.0000,3764.8000,3764.2000,3780.4000,3780.6000,3780.8000,3784.8000,3795.0000,1,1,1,1,3,7,1,1,1,1
SF,IF2012,2020-05-13 09:33:56.300,3774.2000,2729,0,40786380.000,0,-,-,-,-,3772.8000,3772.6000,3770.0000,3764.8000,3764.2000,3778.2000,3780.2000,3780.4000,3780.8000,3784.8000,1,1,1,1,3,1,1,7,1,1
SF,IF2012,2020-05-13 09:33:56.800,3774.2000,2729,0,40786380.000,0,-,-,-,-,3772.8000,3772.6000,3770.0000,3764.8000,3764.2000,3777.8000,3778.0000,3778.2000,3780.8000,3784.8000,1,1,1,1,3,7,1,1,1,1
SF,IF2012,2020-05-13 09:33:57.300,3774.2000,2729,0,40786380.000,0,-,-,-,-,3772.8000,3772.6000,3770.0000,3764.8000,3764.2000,3777.6000,3778.2000,3780.8000,3784.8000,3795.0000,1,1,1,1,3,1,1,1,1,1
SF,IF2012,2020-05-13 09:33:57.800,3774.2000,2729,0,40786380.000,0,-,-,-,-,3772.8000,3770.0000,3764.8000,3764.2000,3762.2000,3777.6000,3780.8000,3784.8000,3795.0000,3798.2000,1,1,1,3,1,1,1,1,1,1
SF,IF2012,2020-05-13 09:33:58.300,3774.2000,2729,0,40786380.000,0,-,-,-,-,3772.8000,3770.0000,3764.8000,3764.2000,3762.2000,3777.0000,3777.6000,3780.8000,3784.8000,3795.0000,1,1,1,3,1,1,1,1,1,1
SF,IF2012,2020-05-13 09:33:58.800,3774.2000,2729,0,40786380.000,0,-,-,-,-,3772.8000,3770.0000,3764.8000,3764.2000,3762.2000,3777.0000,3777.6000,3780.0000,3780.8000,3784.8000,1,1,1,3,1,1,1,1,1,1
SF,IF2012,2020-05-13 09:33:59.300,3774.2000,2729,0,40786380.000,0,-,-,-,-,3773.0000,3772.8000,3770.0000,3764.8000,3764.2000,3777.0000,3777.6000,3780.0000,3780.8000,3784.8000,1,1,1,1,3,1,1,1,1,1
SF,IF2012,2020-05-13 09:33:59.800,3774.2000,2729,0,40786380.000,0,-,-,-,-,3773.2000,3773.0000,3770.0000,3764.8000,3764.2000,3777.0000,3777.6000,3780.0000,3780.8000,3784.8000,1,1,1,1,3,1,1,1,1,1
SF,IF2012,2020-05-13 09:34:00.300,3774.2000,2729,0,40786380.000,0,-,-,-,-,3773.4000,3773.2000,3773.0000,3770.0000,3764.8000,3777.0000,3777.6000,3780.0000,3780.8000,3784.8000,1,1,1,1,1,1,1,1,1,1
SF,IF2012,2020-05-13 09:34:00.800,3774.2000,2729,0,40786380.000,0,-,-,-,-,3773.6000,3773.4000,3773.0000,3770.0000,3764.8000,3775.4000,3777.0000,3777.6000,3780.0000,3780.8000,1,1,1,1,1,1,1,1,1,1
SF,IF2012,2020-05-13 09:34:01.300,3775.4000,2729,0,41919000.000,1,0,1,多换,S,3773.8000,3773.6000,3773.4000,3773.0000,3770.0000,3780.0000,3780.8000,3784.8000,3795.0000,3798.2000,1,1,1,1,1,1,1,1,1,1
SF,IF2012,2020-05-13 09:34:01.800,3775.4000,2729,0,41919000.000,0,-,-,-,-,3774.0000,3773.0000,3770.0000,3764.8000,3764.2000,3779.6000,3779.8000,3780.0000,3780.8000,3784.8000,1,1,1,1,3,7,1,1,1,1
SF,IF2012,2020-05-13 09:34:02.300,3775.4000,2729,0,41919000.000,0,-,-,-,-,3774.2000,3773.2000,3773.0000,3770.0000,3764.8000,3779.4000,3779.6000,3780.0000,3780.8000,3784.8000,1,1,1,2,1,1,7,1,1,1
SF,IF2012,2020-05-13 09:34:02.800,3775.4000,2729,0,41919000.000,0,-,-,-,-,3773.2000,3773.0000,3770.0000,3764.8000,3764.2000,3778.6000,3779.0000,3779.4000,3780.0000,3780.8000,1,1,2,1,3,1,7,1,1,1
SF,IF2012,2020-05-13 09:34:03.300,3775.4000,2729,0,41919000.000,0,-,-,-,-,3773.4000,3773.2000,3773.0000,3770.0000,3764.8000,3778.4000,3778.6000,3779.0000,3780.0000,3780.8000,1,1,1,2,1,1,1,7,1,1
SF,IF2012,2020-05-13 09:34:04.300,3775.4000,2729,0,41919000.000,0,-,-,-,-,3773.4000,3773.2000,3773.0000,3770.0000,3764.8000,3778.4000,3779.0000,3780.0000,3780.8000,3784.8000,1,1,1,2,1,1,7,1,1,1
SF,IF2012,2020-05-13 09:34:04.800,3775.4000,2729,0,41919000.000,0,-,-,-,-,3773.4000,3773.2000,3773.0000,3770.0000,3764.8000,3777.8000,3778.4000,3779.0000,3780.0000,3780.8000,1,1,1,2,1,1,1,7,1,1
SF,IF2012,2020-05-13 09:34:05.300,3775.4000,2729,0,41919000.000,0,-,-,-,-,3773.4000,3773.2000,3773.0000,3770.0000,3764.8000,3777.6000,3777.8000,3779.0000,3780.0000,3780.8000,1,1,1,2,1,1,1,7,1,1
SF,IF2012,2020-05-13 09:34:07.300,3775.4000,2729,0,41919000.000,0,-,-,-,-,3774.0000,3773.4000,3773.2000,3773.0000,3770.0000,3777.6000,3777.8000,3779.0000,3780.0000,3780.8000,1,1,1,1,2,1,1,7,1,1
SF,IF2012,2020-05-13 09:34:08.300,3775.4000,2729,0,41919000.000,0,-,-,-,-,3774.2000,3774.0000,3773.4000,3773.2000,3773.0000,3777.6000,3777.8000,3779.0000,3780.0000,3780.8000,1,1,1,1,1,1,1,7,1,1
SF,IF2012,2020-05-13 09:34:08.800,3775.4000,2729,0,41919000.000,0,-,-,-,-,3774.4000,3774.2000,3774.0000,3773.0000,3770.0000,3777.6000,3780.0000,3780.8000,3784.8000,3795.0000,1,1,1,1,2,1,1,1,1,1
SF,IF2012,2020-05-13 09:34:09.800,3775.4000,2729,0,41919000.000,0,-,-,-,-,3774.4000,3774.2000,3774.0000,3773.0000,3770.0000,3777.2000,3777.6000,3780.0000,3780.8000,3784.8000,1,1,1,1,2,1,1,1,1,1
SF,IF2012,2020-05-13 09:34:10.300,3775.4000,2729,0,41919000.000,0,-,-,-,-,3774.2000,3774.0000,3773.0000,3770.0000,3764.8000,3777.0000,3780.0000,3780.8000,3784.8000,3795.0000,1,1,1,2,1,2,1,1,1,1
SF,IF2012,2020-05-13 09:34:10.800,3775.4000,2729,0,41919000.000,0,-,-,-,-,3774.0000,3773.0000,3770.0000,3764.8000,3764.2000,3777.0000,3780.0000,3780.8000,3784.8000,3795.0000,1,1,2,1,3,2,1,1,1,1
SF,IF2012,2020-05-13 09:34:11.300,3775.4000,2729,0,41919000.000,0,-,-,-,-,3774.0000,3773.0000,3770.0000,3764.8000,3764.2000,3777.0000,3780.0000,3780.8000,3784.8000,3795.0000,1,1,2,1,3,1,1,1,1,1
SF,IF2012,2020-05-13 09:34:18.300,3775.4000,2729,0,41919000.000,0,-,-,-,-,3774.4000,3774.0000,3773.0000,3770.0000,3764.8000,3777.0000,3780.0000,3780.8000,3784.8000,3795.0000,1,1,1,2,1,1,1,1,1,1
SF,IF2012,2020-05-13 09:34:18.800,3777.0000,2728,-1,43052100.000,1,0,1,双平,S,3777.4000,3777.0000,3774.8000,3774.6000,3774.0000,3780.0000,3780.8000,3784.8000,3795.0000,3798.2000,1,6,1,1,1,1,1,1,1,1
SF,IF2012,2020-05-13 09:34:19.300,3777.4000,2727,-1,44185320.000,1,0,1,双平,S,3777.0000,3774.0000,3773.0000,3770.0000,3764.8000,3779.6000,3780.0000,3780.8000,3784.8000,3795.0000,6,1,1,2,1,1,1,1,1,1
SF,IF2012,2020-05-13 09:34:19.800,3777.4000,2727,0,44185320.000,0,-,-,-,-,3777.0000,3774.0000,3773.0000,3770.0000,3764.8000,3779.4000,3779.6000,3780.0000,3780.8000,3784.8000,1,1,1,2,1,1,1,1,1,1
SF,IF2012,2020-05-13 09:34:20.300,3777.4000,2727,0,44185320.000,0,-,-,-,-,3777.0000,3774.0000,3773.0000,3770.0000,3764.8000,3779.2000,3779.4000,3780.0000,3780.8000,3784.8000,1,1,1,2,1,1,1,1,1,1
SF,IF2012,2020-05-13 09:34:24.800,3777.0000,2727,0,45318420.000,1,0,1,多换,S,3774.0000,3773.0000,3770.0000,3764.8000,3764.2000,3778.8000,3779.4000,3780.0000,3780.8000,3784.8000,1,1,2,1,3,1,1,1,1,1
SF,IF2012,2020-05-13 09:34:25.300,3777.0000,2727,0,45318420.000,0,-,-,-,-,3774.2000,3774.0000,3773.0000,3770.0000,3764.8000,3778.6000,3780.0000,3780.8000,3784.8000,3795.0000,1,1,1,2,1,1,1,1,1,1
SF,IF2012,2020-05-13 09:34:26.800,3777.0000,2727,0,45318420.000,0,-,-,-,-,3774.2000,3774.0000,3773.0000,3770.0000,3764.8000,3778.6000,3780.0000,3780.8000,3784.8000,3795.0000,1,1,1,2,1,1,1,1,1,1
SF,IF2012,2020-05-13 09:34:27.300,3777.0000,2727,0,45318420.000,0,-,-,-,-,3774.2000,3774.0000,3773.0000,3770.0000,3764.8000,3778.4000,3778.6000,3780.0000,3780.8000,3784.8000,1,1,1,2,1,1,1,1,1,1
SF,IF2012,2020-05-13 09:34:27.800,3777.0000,2727,0,45318420.000,0,-,-,-,-,3774.6000,3774.2000,3774.0000,3773.0000,3770.0000,3778.2000,3780.0000,3780.8000,3784.8000,3795.0000,1,1,1,1,2,1,1,1,1,1
SF,IF2012,2020-05-13 09:34:28.300,3777.0000,2727,0,45318420.000,0,-,-,-,-,3774.8000,3774.6000,3774.0000,3773.0000,3770.0000,3778.2000,3780.0000,3780.8000,3784.8000,3795.0000,1,1,1,1,2,1,1,1,1,1
SF,IF2012,2020-05-13 09:34:30.300,3777.0000,2727,0,45318420.000,0,-,-,-,-,3775.2000,3774.8000,3774.6000,3774.0000,3773.0000,3778.2000,3780.0000,3780.8000,3784.8000,3795.0000,1,1,1,1,1,1,1,1,1,1
SF,IF2012,2020-05-13 09:34:30.800,3777.0000,2727,0,45318420.000,0,-,-,-,-,3775.4000,3775.2000,3774.6000,3774.0000,3773.0000,3778.2000,3780.0000,3780.8000,3784.8000,3795.0000,1,1,1,1,1,1,1,1,1,1
SF,IF2012,2020-05-13 09:34:31.300,3777.0000,2727,0,45318420.000,0,-,-,-,-,3775.6000,3775.4000,3774.6000,3774.0000,3773.0000,3778.2000,3780.0000,3780.8000,3784.8000,3795.0000,1,1,1,1,1,1,1,1,1,1
SF,IF2012,2020-05-13 09:34:31.800,3777.0000,2727,0,45318420.000,0,-,-,-,-,3775.8000,3775.6000,3774.6000,3774.0000,3773.0000,3780.0000,3780.8000,3784.8000,3795.0000,3798.2000,1,1,1,1,1,1,1,1,1,1
SF,IF2012,2020-05-13 09:34:32.300,3777.0000,2727,0,45318420.000,0,-,-,-,-,3775.8000,3774.0000,3773.0000,3770.0000,3764.8000,3779.8000,3780.0000,3780.8000,3784.8000,3795.0000,1,1,1,2,1,2,1,1,1,1
SF,IF2012,2020-05-13 09:34:35.300,3777.0000,2727,0,45318420.000,0,-,-,-,-,3776.0000,3775.8000,3774.0000,3773.0000,3770.0000,3779.8000,3780.0000,3780.8000,3784.8000,3795.0000,1,1,1,1,2,2,1,1,1,1
SF,IF2012,2020-05-13 09:34:35.800,3777.0000,2727,0,45318420.000,0,-,-,-,-,3776.2000,3776.0000,3774.0000,3773.0000,3770.0000,3779.8000,3780.0000,3780.8000,3784.8000,3795.0000,1,1,1,1,2,1,1,1,1,1
SF,IF2012,2020-05-13 09:34:38.800,3777.0000,2727,0,45318420.000,0,-,-,-,-,3776.4000,3776.2000,3774.0000,3773.0000,3770.0000,3779.8000,3780.0000,3780.8000,3784.8000,3795.0000,1,1,1,1,2,1,1,1,1,1
SF,IF2012,2020-05-13 09:34:39.300,3777.0000,2727,0,45318420.000,0,-,-,-,-,3776.6000,3776.4000,3774.0000,3773.0000,3770.0000,3779.8000,3780.0000,3780.8000,3784.8000,3795.0000,1,1,1,1,2,1,1,1,1,1
SF,IF2012,2020-05-13 09:34:39.800,3777.0000,2727,0,45318420.000,0,-,-,-,-,3777.0000,3776.6000,3776.4000,3774.0000,3773.0000,3779.8000,3780.0000,3780.8000,3784.8000,3795.0000,1,1,1,1,1,1,1,1,1,1
SF,IF2012,2020-05-13 09:34:40.300,3777.0000,2727,0,45318420.000,0,-,-,-,-,3777.2000,3776.6000,3776.4000,3774.0000,3773.0000,3779.8000,3780.0000,3780.8000,3784.8000,3795.0000,1,1,1,1,1,1,1,1,1,1
SF,IF2012,2020-05-13 09:34:40.800,3777.0000,2727,0,45318420.000,0,-,-,-,-,3777.2000,3777.0000,3776.6000,3776.4000,3774.0000,3779.8000,3780.0000,3780.8000,3784.8000,3795.0000,1,1,1,1,1,1,1,1,1,1
SF,IF2012,2020-05-13 09:34:41.800,3777.0000,2727,0,45318420.000,0,-,-,-,-,3777.4000,3777.2000,3777.0000,3776.4000,3774.0000,3779.8000,3780.0000,3780.8000,3784.8000,3795.0000,1,1,1,1,1,1,1,1,1,1
SF,IF2012,2020-05-13 09:34:42.300,3777.0000,2727,0,45318420.000,0,-,-,-,-,3777.4000,3777.2000,3777.0000,3776.4000,3774.0000,3779.6000,3779.8000,3780.0000,3780.8000,3784.8000,1,1,1,1,1,1,1,1,1,1
SF,IF2012,2020-05-13 09:34:51.800,3777.0000,2727,0,45318420.000,0,-,-,-,-,3777.4000,3777.2000,3777.0000,3776.4000,3774.0000,3779.8000,3780.0000,3780.8000,3784.8000,3795.0000,1,1,1,1,1,1,1,1,1,1
SF,IF2012,2020-05-13 09:34:52.800,3777.0000,2727,0,45318420.000,0,-,-,-,-,3777.6000,3777.4000,3777.2000,3777.0000,3776.4000,3779.8000,3780.0000,3780.8000,3784.8000,3795.0000,1,1,1,1,1,1,1,1,1,1
SF,IF2012,2020-05-13 09:34:53.300,3777.0000,2727,0,45318420.000,0,-,-,-,-,3777.8000,3777.6000,3777.4000,3777.0000,3776.4000,3780.0000,3780.8000,3784.8000,3795.0000,3798.2000,1,1,1,1,1,1,1,1,1,1
SF,IF2012,2020-05-13 09:34:53.800,3777.0000,2727,0,45318420.000,0,-,-,-,-,3777.8000,3777.4000,3777.0000,3776.4000,3774.0000,3780.0000,3780.8000,3784.8000,3795.0000,3798.2000,1,1,1,1,1,1,1,1,1,1
SF,IF2012,2020-05-13 09:34:55.300,3777.0000,2727,0,45318420.000,0,-,-,-,-,3777.8000,3777.4000,3777.0000,3776.4000,3774.0000,3779.6000,3780.0000,3780.8000,3784.8000,3795.0000,1,1,1,1,1,1,1,1,1,1
SF,IF2012,2020-05-13 09:34:55.800,3777.8000,2726,-1,46451760.000,1,0,1,双平,S,3777.0000,3776.4000,3774.0000,3773.0000,3770.0000,3779.6000,3780.0000,3780.8000,3784.8000,3795.0000,1,1,1,1,2,1,1,1,1,1
SF,IF2012,2020-05-13 09:34:56.300,3777.8000,2726,0,46451760.000,0,-,-,-,-,3777.0000,3776.4000,3774.0000,3773.0000,3770.0000,3779.4000,3779.6000,3780.0000,3780.8000,3784.8000,1,1,1,1,2,1,1,1,1,1
SF,IF2012,2020-05-13 09:34:56.800,3777.8000,2726,0,46451760.000,0,-,-,-,-,3777.0000,3776.4000,3774.0000,3773.0000,3770.0000,3779.2000,3779.4000,3780.0000,3780.8000,3784.8000,1,1,1,1,2,1,1,1,1,1
SF,IF2012,2020-05-13 09:34:57.300,3777.8000,2726,0,46451760.000,0,-,-,-,-,3777.2000,3777.0000,3776.4000,3774.0000,3773.0000,3779.4000,3780.0000,3780.8000,3784.8000,3795.0000,1,1,1,1,1,1,1,1,1,1
SF,IF2012,2020-05-13 09:34:57.800,3777.8000,2726,0,46451760.000,0,-,-,-,-,3777.2000,3777.0000,3776.4000,3774.0000,3773.0000,3779.4000,3780.0000,3780.8000,3784.8000,3795.0000,1,1,1,1,1,1,1,1,1,1
SF,IF2012,2020-05-13 09:35:01.800,3777.8000,2726,0,46451760.000,0,-,-,-,-,3777.2000,3777.0000,3774.0000,3773.0000,3770.0000,3779.4000,3780.0000,3780.8000,3784.8000,3795.0000,1,1,1,1,2,1,1,1,1,1
SF,IF2012,2020-05-13 09:35:03.300,3777.2000,2725,-1,47584920.000,1,0,1,双平,S,3777.0000,3774.0000,3773.0000,3770.0000,3764.8000,3779.4000,3780.0000,3780.8000,3784.8000,3795.0000,1,1,1,2,1,1,1,1,1,1
SF,IF2012,2020-05-13 09:35:03.800,3777.2000,2725,0,47584920.000,0,-,-,-,-,3777.0000,3774.0000,3773.0000,3770.0000,3764.8000,3779.0000,3779.4000,3780.0000,3780.8000,3784.8000,1,1,1,2,1,1,1,1,1,1
SF,IF2012,2020-05-13 09:35:04.300,3777.0000,2724,-1,48718020.000,1,0,1,双平,S,3774.0000,3773.0000,3770.0000,3764.8000,3762.2000,3778.8000,3780.0000,3780.8000,3784.8000,3795.0000,1,1,2,1,1,2,1,1,1,1
SF,IF2012,2020-05-13 09:35:04.800,3777.0000,2724,0,48718020.000,0,-,-,-,-,3774.2000,3774.0000,3773.0000,3770.0000,3764.8000,3778.6000,3778.8000,3780.0000,3780.8000,3784.8000,1,1,1,2,1,1,1,1,1,1
SF,IF2012,2020-05-13 09:35:05.300,3777.0000,2724,0,48718020.000,0,-,-,-,-,3774.2000,3774.0000,3773.0000,3770.0000,3764.8000,3778.4000,3778.6000,3780.0000,3780.8000,3784.8000,1,1,1,2,1,1,2,1,1,1
SF,IF2012,2020-05-13 09:35:05.800,3777.0000,2724,0,48718020.000,0,-,-,-,-,3774.2000,3774.0000,3773.0000,3770.0000,3764.8000,3778.2000,3778.4000,3778.6000,3780.0000,3780.8000,1,1,1,2,1,1,1,1,1,1
SF,IF2012,2020-05-13 09:35:06.300,3777.0000,2724,0,48718020.000,0,-,-,-,-,3774.2000,3774.0000,3773.0000,3770.0000,3764.8000,3778.0000,3778.2000,3778.6000,3780.0000,3780.8000,1,1,1,2,1,1,1,1,1,1
SF,IF2012,2020-05-13 09:35:06.800,3777.0000,2724,0,48718020.000,0,-,-,-,-,3774.2000,3774.0000,3773.0000,3770.0000,3764.8000,3777.8000,3778.0000,3778.6000,3780.0000,3780.8000,1,1,1,2,1,1,2,1,1,1
SF,IF2012,2020-05-13 09:35:07.300,3777.0000,2724,0,48718020.000,0,-,-,-,-,3774.2000,3774.0000,3773.0000,3770.0000,3764.8000,3777.6000,3777.8000,3778.0000,3778.6000,3780.0000,1,1,1,2,1,1,1,1,1,1
SF,IF2012,2020-05-13 09:35:07.800,3777.0000,2724,0,48718020.000,0,-,-,-,-,3774.2000,3774.0000,3773.0000,3770.0000,3764.8000,3777.4000,3777.6000,3778.6000,3780.0000,3780.8000,1,1,1,2,1,1,1,1,1,1
SF,IF2012,2020-05-13 09:35:08.300,3777.0000,2724,0,48718020.000,0,-,-,-,-,3774.0000,3773.0000,3770.0000,3764.8000,3762.2000,3777.2000,3777.4000,3778.6000,3780.0000,3780.8000,1,1,2,1,1,1,1,1,1,1
SF,IF2012,2020-05-13 09:35:08.800,3777.0000,2724,0,48718020.000,0,-,-,-,-,3774.0000,3773.0000,3770.0000,3769.8000,3762.2000,3777.0000,3777.2000,3778.6000,3780.0000,3780.8000,1,1,2,1,1,2,1,1,1,1
SF,IF2012,2020-05-13 09:35:09.300,3777.0000,2724,0,48718020.000,0,-,-,-,-,3774.0000,3773.0000,3770.0000,3769.8000,3762.2000,3776.8000,3777.0000,3780.0000,3780.8000,3784.8000,1,1,2,1,1,2,1,1,1,1
SF,IF2012,2020-05-13 09:35:09.800,3777.0000,2724,0,48718020.000,0,-,-,-,-,3774.2000,3774.0000,3773.0000,3770.0000,3769.8000,3776.8000,3777.0000,3780.0000,3780.8000,3784.8000,1,1,1,2,1,2,1,1,1,1
SF,IF2012,2020-05-13 09:35:10.300,3777.0000,2724,0,48718020.000,0,-,-,-,-,3774.4000,3774.2000,3774.0000,3773.0000,3770.0000,3776.8000,3780.0000,3780.8000,3784.8000,3795.0000,1,1,1,1,2,1,1,1,1,1
SF,IF2012,2020-05-13 09:35:10.800,3777.0000,2724,0,48718020.000,0,-,-,-,-,3774.6000,3774.4000,3774.0000,3773.0000,3770.0000,3780.0000,3780.8000,3784.8000,3795.0000,3798.2000,1,1,1,1,2,1,1,1,1,1
SF,IF2012,2020-05-13 09:35:11.300,3777.0000,2724,0,48718020.000,0,-,-,-,-,3774.0000,3773.0000,3770.0000,3769.8000,3762.2000,3779.6000,3779.8000,3780.0000,3780.8000,3784.8000,1,1,2,1,1,7,1,1,1,1
SF,IF2012,2020-05-13 09:35:11.800,3777.0000,2724,0,48718020.000,0,-,-,-,-,3774.2000,3774.0000,3773.0000,3770.0000,3769.8000,3779.4000,3779.6000,3779.8000,3780.0000,3780.8000,1,1,1,2,1,1,7,1,1,1
SF,IF2012,2020-05-13 09:35:14.300,3777.0000,2724,0,48718020.000,0,-,-,-,-,3774.2000,3774.0000,3773.0000,3770.0000,3769.8000,3779.4000,3779.8000,3780.0000,3780.8000,3784.8000,1,1,1,2,1,1,1,1,1,1
SF,IF2012,2020-05-13 09:35:14.800,3777.0000,2724,0,48718020.000,0,-,-,-,-,3774.2000,3770.0000,3769.8000,3762.2000,3759.6000,3779.0000,3779.4000,3779.8000,3780.0000,3780.8000,1,2,1,1,1,7,1,1,1,1
SF,IF2012,2020-05-13 09:35:15.300,3777.0000,2724,0,48718020.000,0,-,-,-,-,3770.0000,3769.8000,3762.2000,3759.6000,3754.0000,3778.8000,3779.0000,3780.0000,3780.8000,3784.8000,2,1,1,1,1,2,7,1,1,1
SF,IF2012,2020-05-13 09:35:15.800,3777.0000,2724,0,48718020.000,0,-,-,-,-,3770.4000,3770.2000,3770.0000,3769.8000,3762.2000,3778.8000,3779.0000,3780.0000,3780.8000,3784.8000,7,1,2,1,1,3,7,1,1,1
SF,IF2012,2020-05-13 09:35:16.300,3777.0000,2724,0,48718020.000,0,-,-,-,-,3770.6000,3770.4000,3770.0000,3769.8000,3762.2000,3778.8000,3780.0000,3780.8000,3784.8000,3795.0000,1,7,2,1,1,3,1,1,1,1
SF,IF2012,2020-05-13 09:35:16.800,3777.0000,2724,0,48718020.000,0,-,-,-,-,3771.0000,3770.6000,3770.0000,3769.8000,3762.2000,3778.0000,3778.8000,3780.0000,3780.8000,3784.8000,7,2,2,1,1,1,1,1,1,1
SF,IF2012,2020-05-13 09:35:17.300,3777.0000,2724,0,48718020.000,0,-,-,-,-,3771.2000,3771.0000,3770.6000,3770.0000,3769.8000,3777.8000,3778.0000,3780.0000,3780.8000,3784.8000,1,7,1,2,1,1,1,1,1,1
SF,IF2012,2020-05-13 09:35:17.800,3777.0000,2724,0,48718020.000,0,-,-,-,-,3771.4000,3771.2000,3771.0000,3770.6000,3770.0000,3777.8000,3778.0000,3780.0000,3780.8000,3784.8000,1,1,7,1,2,1,1,1,1,1
SF,IF2012,2020-05-13 09:35:18.300,3777.0000,2724,0,48718020.000,0,-,-,-,-,3771.6000,3771.4000,3771.0000,3770.6000,3770.0000,3777.8000,3778.0000,3780.0000,3780.8000,3784.8000,1,1,7,1,2,1,1,1,1,1
SF,IF2012,2020-05-13 09:35:19.800,3777.0000,2724,0,48718020.000,0,-,-,-,-,3772.2000,3771.6000,3771.4000,3771.0000,3770.0000,3777.8000,3778.0000,3780.0000,3780.8000,3784.8000,1,1,1,7,2,1,1,1,1,1
SF,IF2012,2020-05-13 09:35:20.300,3777.0000,2724,0,48718020.000,0,-,-,-,-,3772.4000,3772.2000,3771.8000,3771.4000,3771.0000,3777.8000,3778.0000,3780.0000,3780.8000,3784.8000,1,1,1,1,7,1,1,1,1,1
SF,IF2012,2020-05-13 09:35:20.800,3777.0000,2724,0,48718020.000,0,-,-,-,-,3772.6000,3772.4000,3772.2000,3771.4000,3771.0000,3777.8000,3780.0000,3780.8000,3784.8000,3795.0000,1,1,1,1,7,1,1,1,1,1
SF,IF2012,2020-05-13 09:35:21.300,3777.0000,2724,0,48718020.000,0,-,-,-,-,3772.8000,3772.6000,3772.2000,3771.4000,3771.0000,3777.8000,3780.0000,3780.8000,3784.8000,3795.0000,1,2,1,1,7,1,1,1,1,1
SF,IF2012,2020-05-13 09:35:21.800,3777.0000,2724,0,48718020.000,0,-,-,-,-,3772.8000,3772.6000,3772.2000,3770.0000,3769.8000,3777.8000,3780.0000,3780.8000,3784.8000,3795.0000,1,2,1,2,1,1,1,1,1,1
SF,IF2012,2020-05-13 09:35:22.800,3777.0000,2724,0,48718020.000,0,-,-,-,-,3773.0000,3772.8000,3772.6000,3772.2000,3770.0000,3777.8000,3780.0000,3780.8000,3784.8000,3795.0000,2,1,2,1,2,1,1,1,1,1
SF,IF2012,2020-05-13 09:35:23.300,3777.0000,2724,0,48718020.000,0,-,-,-,-,3773.2000,3773.0000,3772.6000,3772.2000,3770.0000,3777.8000,3780.0000,3780.8000,3784.8000,3795.0000,1,2,2,1,2,1,1,1,1,1
SF,IF2012,2020-05-13 09:35:23.800,3777.0000,2724,0,48718020.000,0,-,-,-,-,3773.2000,3773.0000,3772.6000,3772.2000,3770.0000,3777.8000,3780.0000,3780.8000,3784.8000,3795.0000,1,1,1,1,2,1,1,1,1,1
SF,IF2012,2020-05-13 09:35:24.800,3777.0000,2724,0,48718020.000,0,-,-,-,-,3773.4000,3773.2000,3772.6000,3772.2000,3770.2000,3777.6000,3777.8000,3780.0000,3780.8000,3784.8000,1,1,1,1,1,1,1,1,1,1
SF,IF2012,2020-05-13 09:35:25.300,3777.0000,2724,0,48718020.000,0,-,-,-,-,3773.6000,3773.4000,3772.6000,3772.2000,3770.2000,3777.6000,3777.8000,3780.0000,3780.8000,3784.8000,1,1,1,1,1,1,1,1,1,1
SF,IF2012,2020-05-13 09:35:25.800,3777.0000,2724,0,48718020.000,0,-,-,-,-,3773.6000,3773.4000,3772.6000,3772.2000,3770.2000,3777.8000,3780.0000,3780.8000,3784.8000,3795.0000,1,1,1,1,1,1,1,1,1,1
SF,IF2012,2020-05-13 09:35:26.800,3777.0000,2724,0,48718020.000,0,-,-,-,-,3774.0000,3773.6000,3773.4000,3772.6000,3772.2000,3777.8000,3780.0000,3780.8000,3784.8000,3795.0000,1,1,1,1,1,1,1,1,1,1
SF,IF2012,2020-05-13 09:35:27.300,3777.0000,2724,0,48718020.000,0,-,-,-,-,3774.2000,3774.0000,3773.8000,3773.4000,3772.6000,3777.8000,3780.0000,3780.8000,3784.8000,3795.0000,1,1,1,1,1,1,1,1,1,1
SF,IF2012,2020-05-13 09:35:28.800,3777.0000,2724,0,48718020.000,0,-,-,-,-,3774.2000,3773.8000,3773.4000,3772.6000,3770.2000,3777.8000,3780.0000,3780.8000,3784.8000,3795.0000,1,1,1,1,1,1,1,1,1,1
SF,IF2012,2020-05-13 09:35:33.800,3777.0000,2724,0,48718020.000,0,-,-,-,-,3774.2000,3773.8000,3773.4000,3772.6000,3770.2000,3777.6000,3777.8000,3780.0000,3780.8000,3784.8000,1,1,1,1,1,1,1,1,1,1
SF,IF2012,2020-05-13 09:35:34.300,3777.0000,2724,0,48718020.000,0,-,-,-,-,3773.4000,3772.6000,3770.2000,3770.0000,3769.8000,3777.4000,3777.6000,3780.0000,3780.8000,3784.8000,1,1,1,2,1,1,1,1,1,1
SF,IF2012,2020-05-13 09:35:34.800,3777.0000,2724,0,48718020.000,0,-,-,-,-,3773.6000,3773.4000,3772.6000,3770.2000,3770.0000,3777.0000,3777.4000,3780.0000,3780.8000,3784.8000,1,1,1,1,2,1,1,1,1,1
SF,IF2012,2020-05-13 09:35:35.300,3777.0000,2724,0,48718020.000,0,-,-,-,-,3773.6000,3773.4000,3772.6000,3770.2000,3770.0000,3776.8000,3777.0000,3777.2000,3780.0000,3780.8000,1,1,1,1,2,1,1,1,1,1
SF,IF2012,2020-05-13 09:35:35.800,3777.0000,2724,0,48718020.000,0,-,-,-,-,3774.0000,3773.6000,3773.4000,3772.6000,3770.2000,3776.8000,3777.0000,3777.2000,3780.0000,3780.8000,1,1,1,1,1,1,1,1,1,1
SF,IF2012,2020-05-13 09:35:36.300,3777.0000,2724,0,48718020.000,0,-,-,-,-,3774.0000,3773.6000,3773.4000,3772.6000,3770.2000,3776.6000,3776.8000,3780.0000,3780.8000,3784.8000,1,1,1,1,1,1,1,1,1,1
SF,IF2012,2020-05-13 09:35:36.800,3777.0000,2724,0,48718020.000,0,-,-,-,-,3774.2000,3773.4000,3772.6000,3770.2000,3770.0000,3776.6000,3780.0000,3780.8000,3784.8000,3795.0000,1,1,1,1,2,1,1,1,1,1
SF,IF2012,2020-05-13 09:35:37.300,3777.0000,2724,0,48718020.000,0,-,-,-,-,3774.4000,3774.2000,3773.4000,3772.6000,3770.2000,3780.0000,3780.8000,3784.8000,3795.0000,3798.2000,1,1,1,1,1,1,1,1,1,1
SF,IF2012,2020-05-13 09:35:37.800,3777.0000,2724,0,48718020.000,0,-,-,-,-,3774.6000,3774.4000,3773.4000,3772.6000,3770.2000,3779.8000,3780.0000,3780.8000,3784.8000,3795.0000,1,1,1,1,1,8,1,1,1,1
SF,IF2012,2020-05-13 09:35:38.800,3777.0000,2724,0,48718020.000,0,-,-,-,-,3774.6000,3774.4000,3773.4000,3772.6000,3770.2000,3779.8000,3780.0000,3780.8000,3784.8000,3795.0000,1,1,1,1,1,1,1,1,1,1
SF,IF2012,2020-05-13 09:35:39.300,3777.0000,2724,0,48718020.000,0,-,-,-,-,3774.6000,3773.4000,3772.6000,3770.2000,3770.0000,3779.8000,3780.0000,3780.8000,3784.8000,3795.0000,1,1,1,1,2,1,1,1,1,1
SF,IF2012,2020-05-13 09:35:39.800,3777.0000,2724,0,48718020.000,0,-,-,-,-,3774.6000,3773.4000,3772.6000,3770.2000,3770.0000,3778.6000,3779.8000,3780.0000,3780.8000,3784.8000,1,1,1,1,2,1,1,1,1,1
SF,IF2012,2020-05-13 09:35:40.300,3777.0000,2724,0,48718020.000,0,-,-,-,-,3774.6000,3773.4000,3772.6000,3770.2000,3770.0000,3778.4000,3778.6000,3780.0000,3780.8000,3784.8000,1,1,1,1,2,1,1,1,1,1
SF,IF2012,2020-05-13 09:35:40.800,3777.0000,2724,0,48718020.000,0,-,-,-,-,3774.8000,3774.6000,3773.4000,3772.6000,3770.2000,3778.4000,3778.6000,3780.0000,3780.8000,3784.8000,1,1,1,1,1,1,1,1,1,1
SF,IF2012,2020-05-13 09:35:41.300,3777.0000,2724,0,48718020.000,0,-,-,-,-,3775.0000,3774.8000,3773.4000,3772.6000,3770.2000,3778.4000,3780.0000,3780.8000,3784.8000,3795.0000,1,1,1,1,1,1,1,1,1,1
SF,IF2012,2020-05-13 09:35:41.800,3777.0000,2724,0,48718020.000,0,-,-,-,-,3775.0000,3774.8000,3773.4000,3772.6000,3770.2000,3778.0000,3778.4000,3780.0000,3780.8000,3784.8000,1,1,1,1,1,1,1,1,1,1
SF,IF2012,2020-05-13 09:35:42.300,3777.0000,2724,0,48718020.000,0,-,-,-,-,3775.0000,3774.8000,3773.4000,3770.2000,3770.0000,3778.0000,3778.4000,3780.0000,3780.8000,3784.8000,1,1,1,1,2,1,1,1,1,1
SF,IF2012,2020-05-13 09:35:42.800,3777.0000,2724,0,48718020.000,0,-,-,-,-,3775.0000,3774.8000,3773.4000,3770.2000,3770.0000,3777.8000,3778.0000,3780.0000,3780.8000,3784.8000,1,1,1,1,2,1,1,1,1,1
SF,IF2012,2020-05-13 09:35:43.300,3777.0000,2724,0,48718020.000,0,-,-,-,-,3775.0000,3774.8000,3773.4000,3770.2000,3770.0000,3777.6000,3777.8000,3778.0000,3780.0000,3780.8000,1,1,1,1,2,1,1,1,1,1
SF,IF2012,2020-05-13 09:35:43.800,3777.0000,2724,0,48718020.000,0,-,-,-,-,3775.2000,3775.0000,3774.8000,3773.4000,3770.2000,3777.6000,3777.8000,3778.0000,3780.0000,3780.8000,1,1,1,1,1,1,1,1,1,1
SF,IF2012,2020-05-13 09:35:44.300,3777.0000,2724,0,48718020.000,0,-,-,-,-,3775.2000,3775.0000,3773.4000,3770.2000,3770.0000,3777.4000,3777.8000,3778.0000,3780.0000,3780.8000,1,1,1,1,2,1,1,1,1,1
SF,IF2012,2020-05-13 09:35:45.300,3777.0000,2724,0,48718020.000,0,-,-,-,-,3775.2000,3775.0000,3773.4000,3770.2000,3770.0000,3777.2000,3777.4000,3777.8000,3778.0000,3780.0000,1,1,1,1,2,1,1,1,1,1
SF,IF2012,2020-05-13 09:35:45.800,3777.0000,2724,0,48718020.000,0,-,-,-,-,3775.2000,3775.0000,3773.4000,3770.2000,3770.0000,3777.0000,3777.2000,3777.4000,3777.8000,3780.0000,1,1,1,1,2,1,1,1,1,1
SF,IF2012,2020-05-13 09:35:46.300,3777.0000,2724,0,48718020.000,0,-,-,-,-,3775.2000,3775.0000,3773.4000,3770.2000,3770.0000,3777.0000,3777.2000,3777.8000,3780.0000,3780.8000,1,1,1,1,2,1,1,1,1,1
SF,IF2012,2020-05-13 09:35:46.800,3777.0000,2724,0,48718020.000,0,-,-,-,-,3775.2000,3775.0000,3770.2000,3770.0000,3769.8000,3777.0000,3777.2000,3777.8000,3780.0000,3780.8000,1,1,1,2,1,1,1,1,1,1
SF,IF2012,2020-05-13 09:35:50.800,3775.2000,2723,-1,49850580.000,1,0,1,双平,S,3775.0000,3770.2000,3770.0000,3769.8000,3766.0000,3776.8000,3777.0000,3777.2000,3777.8000,3780.0000,1,1,2,1,1,2,1,1,1,1
SF,IF2012,2020-05-13 09:35:51.300,3775.2000,2723,0,49850580.000,0,-,-,-,-,3770.2000,3770.0000,3769.8000,3766.0000,3762.2000,3776.8000,3777.0000,3777.2000,3780.0000,3780.8000,1,2,1,1,1,2,1,1,1,1
SF,IF2012,2020-05-13 09:35:51.800,3775.2000,2723,0,49850580.000,0,-,-,-,-,3770.4000,3770.2000,3770.0000,3769.8000,3766.0000,3776.6000,3776.8000,3777.0000,3777.2000,3780.0000,1,1,2,1,1,2,1,1,1,1
SF,IF2012,2020-05-13 09:35:52.300,3775.2000,2723,0,49850580.000,0,-,-,-,-,3770.4000,3770.2000,3770.0000,3769.8000,3766.0000,3776.2000,3776.6000,3776.8000,3780.0000,3780.8000,1,1,2,1,1,1,2,1,1,1
SF,IF2012,2020-05-13 09:35:52.800,3775.2000,2723,0,49850580.000,0,-,-,-,-,3770.4000,3770.2000,3770.0000,3769.8000,3766.0000,3776.0000,3776.2000,3776.8000,3780.0000,3780.8000,1,1,2,1,1,2,1,1,1,1
SF,IF2012,2020-05-13 09:35:53.300,3775.2000,2723,0,49850580.000,0,-,-,-,-,3770.4000,3770.2000,3770.0000,3769.8000,3766.0000,3776.0000,3776.2000,3776.8000,3780.0000,3780.8000,1,1,2,1,1,3,1,1,1,1
SF,IF2012,2020-05-13 09:35:53.800,3775.2000,2723,0,49850580.000,0,-,-,-,-,3770.4000,3770.2000,3770.0000,3769.8000,3766.0000,3776.0000,3776.2000,3776.8000,3780.0000,3780.8000,1,1,2,1,1,2,1,1,1,1
SF,IF2012,2020-05-13 09:35:54.300,3775.2000,2723,0,49850580.000,0,-,-,-,-,3770.6000,3770.4000,3770.2000,3770.0000,3769.8000,3776.2000,3776.8000,3780.0000,3780.8000,3784.8000,7,1,1,2,1,1,1,1,1,1
SF,IF2012,2020-05-13 09:35:54.800,3775.2000,2723,0,49850580.000,0,-,-,-,-,3770.8000,3770.6000,3770.2000,3770.0000,3769.8000,3776.0000,3776.2000,3776.8000,3780.0000,3780.8000,1,7,1,2,1,1,1,1,1,1
SF,IF2012,2020-05-13 09:35:55.300,3775.2000,2723,0,49850580.000,0,-,-,-,-,3770.8000,3770.6000,3770.2000,3770.0000,3769.8000,3776.2000,3776.8000,3780.0000,3780.8000,3784.8000,2,7,1,2,1,1,1,1,1,1
SF,IF2012,2020-05-13 09:35:55.800,3775.2000,2723,0,49850580.000,0,-,-,-,-,3770.8000,3770.2000,3770.0000,3769.8000,3766.0000,3776.0000,3776.2000,3776.8000,3780.0000,3780.8000,2,1,2,1,1,1,1,1,1,1
SF,IF2012,2020-05-13 09:35:56.300,3775.2000,2723,0,49850580.000,0,-,-,-,-,3770.8000,3770.2000,3770.0000,3769.8000,3766.0000,3775.6000,3775.8000,3776.0000,3776.2000,3780.0000,2,1,2,1,1,1,1,1,1,1
SF,IF2012,2020-05-13 09:35:56.800,3775.2000,2723,0,49850580.000,0,-,-,-,-,3770.8000,3770.2000,3770.0000,3769.8000,3766.0000,3775.4000,3775.6000,3775.8000,3776.2000,3780.0000,1,1,2,1,1,1,1,1,1,1
SF,IF2012,2020-05-13 09:35:57.300,3775.2000,2723,0,49850580.000,0,-,-,-,-,3770.8000,3770.2000,3770.0000,3769.8000,3766.0000,3775.4000,3775.6000,3775.8000,3776.2000,3780.0000,1,1,2,1,1,2,1,1,1,1
SF,IF2012,2020-05-13 09:35:57.800,3775.2000,2723,0,49850580.000,0,-,-,-,-,3770.8000,3770.2000,3770.0000,3769.8000,3766.0000,3775.4000,3775.8000,3776.2000,3780.0000,3780.8000,1,1,2,1,1,2,1,1,1,1
SF,IF2012,2020-05-13 09:35:58.300,3775.2000,2723,0,49850580.000,0,-,-,-,-,3772.0000,3770.8000,3770.2000,3770.0000,3769.8000,3775.2000,3775.4000,3776.2000,3780.0000,3780.8000,1,1,1,2,1,1,1,1,1,1
SF,IF2012,2020-05-13 09:35:58.800,3775.2000,2723,0,49850580.000,0,-,-,-,-,3772.4000,3772.0000,3770.8000,3770.2000,3770.0000,3775.0000,3775.2000,3776.2000,3780.0000,3780.8000,1,1,1,1,2,1,2,1,1,1
SF,IF2012,2020-05-13 09:35:59.300,3775.2000,2723,0,49850580.000,0,-,-,-,-,3772.6000,3772.4000,3772.2000,3772.0000,3770.2000,3775.2000,3776.2000,3780.0000,3780.8000,3784.8000,1,1,1,1,1,2,1,1,1,1
SF,IF2012,2020-05-13 09:35:59.800,3775.2000,2723,0,49850580.000,0,-,-,-,-,3772.6000,3772.4000,3772.2000,3772.0000,3770.2000,3775.2000,3776.2000,3780.0000,3780.8000,3784.8000,1,1,1,1,1,1,1,1,1,1
SF,IF2012,2020-05-13 09:36:00.800,3775.2000,2722,-1,50983140.000,1,0,1,双平,S,3773.0000,3772.8000,3772.6000,3772.2000,3772.0000,3776.2000,3780.0000,3780.8000,3784.8000,3795.0000,1,1,1,1,1,1,1,1,1,1
SF,IF2012,2020-05-13 09:36:01.300,3775.2000,2722,0,50983140.000,0,-,-,-,-,3775.2000,3772.8000,3772.6000,3772.0000,3770.2000,3775.8000,3776.0000,3776.2000,3780.0000,3780.8000,1,1,1,1,1,1,1,1,1,1
SF,IF2012,2020-05-13 09:36:01.800,3775.2000,2721,-1,52115700.000,1,0,1,双平,S,3772.0000,3770.2000,3770.0000,3769.8000,3766.0000,3775.8000,3776.2000,3780.0000,3780.8000,3784.8000,1,1,2,1,1,1,1,1,1,1
SF,IF2012,2020-05-13 09:36:02.300,3775.2000,2721,0,52115700.000,0,-,-,-,-,3772.2000,3772.0000,3770.2000,3770.0000,3769.8000,3776.2000,3780.0000,3780.8000,3784.8000,3795.0000,1,1,1,2,1,1,1,1,1,1
SF,IF2012,2020-05-13 09:36:02.800,3775.2000,2721,0,52115700.000,0,-,-,-,-,3772.2000,3772.0000,3770.2000,3770.0000,3769.8000,3775.6000,3776.0000,3776.2000,3780.0000,3780.8000,1,1,1,2,1,1,1,1,1,1
SF,IF2012,2020-05-13 09:36:03.300,3775.2000,2721,0,52115700.000,0,-,-,-,-,3772.2000,3772.0000,3770.2000,3770.0000,3769.8000,3775.4000,3775.6000,3776.2000,3780.0000,3780.8000,1,1,1,2,1,1,1,1,1,1
SF,IF2012,2020-05-13 09:36:03.800,3775.2000,2721,0,52115700.000,0,-,-,-,-,3772.4000,3772.0000,3770.2000,3770.0000,3769.8000,3775.0000,3775.4000,3775.6000,3776.2000,3780.0000,1,1,1,2,1,1,1,1,1,1
SF,IF2012,2020-05-13 09:36:04.300,3775.2000,2721,0,52115700.000,0,-,-,-,-,3772.4000,3772.0000,3770.2000,3770.0000,3769.8000,3774.8000,3775.0000,3775.6000,3776.2000,3780.0000,1,1,1,2,1,1,1,1,1,1
SF,IF2012,2020-05-13 09:36:04.800,3775.2000,2721,0,52115700.000,0,-,-,-,-,3772.4000,3772.0000,3770.2000,3770.0000,3769.8000,3774.6000,3774.8000,3775.6000,3776.2000,3780.0000,1,1,1,2,1,1,1,1,1,1
SF,IF2012,2020-05-13 09:36:05.300,3775.2000,2721,0,52115700.000,0,-,-,-,-,3772.4000,3772.0000,3770.2000,3770.0000,3769.8000,3774.4000,3774.6000,3775.6000,3776.2000,3780.0000,1,1,1,2,1,1,1,1,1,1
SF,IF2012,2020-05-13 09:36:05.800,3775.2000,2721,0,52115700.000,0,-,-,-,-,3772.4000,3772.0000,3770.2000,3770.0000,3769.8000,3774.2000,3774.4000,3775.6000,3776.2000,3780.0000,1,1,1,2,1,1,1,1,1,1
SF,IF2012,2020-05-13 09:36:07.800,3775.2000,2721,0,52115700.000,0,-,-,-,-,3772.4000,3772.0000,3770.2000,3770.0000,3769.8000,3774.0000,3774.4000,3775.6000,3776.2000,3780.0000,1,1,1,2,1,1,1,1,1,1
SF,IF2012,2020-05-13 09:36:08.300,3775.2000,2721,0,52115700.000,0,-,-,-,-,3772.4000,3772.0000,3770.2000,3770.0000,3769.8000,3773.8000,3774.4000,3775.6000,3776.2000,3780.0000,1,1,1,2,1,1,1,1,1,1
SF,IF2012,2020-05-13 09:36:08.800,3775.2000,2721,0,52115700.000,0,-,-,-,-,3772.4000,3772.0000,3770.2000,3770.0000,3769.8000,3773.8000,3775.6000,3776.2000,3780.0000,3780.8000,1,1,1,2,1,1,1,1,1,1
SF,IF2012,2020-05-13 09:36:10.800,3775.2000,2721,0,52115700.000,0,-,-,-,-,3772.6000,3772.4000,3772.0000,3770.2000,3770.0000,3773.8000,3775.6000,3776.2000,3780.0000,3780.8000,1,1,1,1,2,1,1,1,1,1
SF,IF2012,2020-05-13 09:36:11.300,3775.2000,2721,0,52115700.000,0,-,-,-,-,3772.6000,3772.4000,3772.0000,3770.2000,3770.0000,3775.6000,3776.2000,3780.0000,3780.8000,3784.8000,1,1,1,1,2,1,1,1,1,1
SF,IF2012,2020-05-13 09:36:11.800,3775.2000,2721,0,52115700.000,0,-,-,-,-,3772.6000,3772.4000,3772.0000,3770.2000,3770.0000,3775.2000,3775.4000,3775.6000,3776.2000,3780.0000,1,1,1,1,2,1,1,1,1,1
SF,IF2012,2020-05-13 09:36:12.300,3775.2000,2721,0,52115700.000,0,-,-,-,-,3772.6000,3772.0000,3770.2000,3770.0000,3769.8000,3775.0000,3775.2000,3775.6000,3776.2000,3780.0000,1,1,1,2,1,1,1,1,1,1
SF,IF2012,2020-05-13 09:36:12.800,3775.2000,2721,0,52115700.000,0,-,-,-,-,3772.6000,3772.0000,3770.2000,3770.0000,3769.8000,3774.8000,3775.0000,3775.6000,3776.2000,3780.0000,1,1,1,2,1,1,1,1,1,1
SF,IF2012,2020-05-13 09:36:15.300,3775.2000,2721,0,52115700.000,0,-,-,-,-,3772.6000,3772.0000,3770.2000,3770.0000,3769.8000,3775.0000,3775.6000,3776.2000,3780.0000,3780.8000,1,1,1,2,1,1,1,1,1,1
SF,IF2012,2020-05-13 09:36:15.800,3775.2000,2721,0,52115700.000,0,-,-,-,-,3772.8000,3772.6000,3772.0000,3770.2000,3770.0000,3776.2000,3780.0000,3780.8000,3784.8000,3795.0000,2,1,1,1,2,1,1,1,1,1
SF,IF2012,2020-05-13 09:36:16.300,3775.2000,2721,0,52115700.000,0,-,-,-,-,3772.8000,3772.6000,3772.0000,3770.2000,3770.0000,3776.0000,3776.2000,3780.0000,3780.8000,3784.8000,1,1,1,1,2,1,1,1,1,1
SF,IF2012,2020-05-13 09:36:16.800,3775.2000,2721,0,52115700.000,0,-,-,-,-,3772.6000,3772.0000,3770.2000,3770.0000,3769.8000,3775.6000,3776.0000,3776.2000,3780.0000,3780.8000,1,1,1,2,1,1,2,1,1,1
SF,IF2012,2020-05-13 09:36:17.300,3775.2000,2721,0,52115700.000,0,-,-,-,-,3772.8000,3772.6000,3772.0000,3770.2000,3770.0000,3775.6000,3776.0000,3776.2000,3780.0000,3780.8000,1,1,1,1,2,1,2,1,1,1
SF,IF2012,2020-05-13 09:36:17.800,3775.2000,2721,0,52115700.000,0,-,-,-,-,3772.8000,3772.6000,3772.0000,3770.2000,3770.0000,3775.4000,3776.0000,3776.2000,3780.0000,3780.8000,1,1,1,1,2,2,1,1,1,1
SF,IF2012,2020-05-13 09:36:18.300,3775.2000,2721,0,52115700.000,0,-,-,-,-,3772.6000,3772.0000,3770.2000,3770.0000,3769.8000,3775.4000,3776.0000,3776.2000,3780.0000,3780.8000,1,1,1,2,1,2,1,1,1,1
SF,IF2012,2020-05-13 09:36:18.800,3775.2000,2721,0,52115700.000,0,-,-,-,-,3772.6000,3772.0000,3770.2000,3770.0000,3769.8000,3775.2000,3775.4000,3776.2000,3780.0000,3780.8000,1,1,1,2,1,1,1,1,1,1
SF,IF2012,2020-05-13 09:36:19.300,3775.2000,2721,0,52115700.000,0,-,-,-,-,3772.6000,3772.0000,3770.2000,3770.0000,3769.8000,3775.0000,3775.2000,3776.2000,3780.0000,3780.8000,1,1,1,2,1,1,1,1,1,1
SF,IF2012,2020-05-13 09:36:19.800,3775.2000,2721,0,52115700.000,0,-,-,-,-,3772.6000,3772.0000,3770.2000,3770.0000,3769.8000,3775.0000,3775.2000,3776.2000,3780.0000,3780.8000,1,1,1,2,1,2,1,1,1,1
SF,IF2012,2020-05-13 09:36:20.300,3775.2000,2721,0,52115700.000,0,-,-,-,-,3772.8000,3772.6000,3772.0000,3770.2000,3770.0000,3775.0000,3775.2000,3776.2000,3780.0000,3780.8000,1,1,1,1,2,2,1,1,1,1
SF,IF2012,2020-05-13 09:36:20.800,3775.2000,2721,0,52115700.000,0,-,-,-,-,3772.8000,3772.6000,3772.0000,3770.2000,3770.0000,3775.0000,3776.2000,3780.0000,3780.8000,3784.8000,1,1,1,1,2,1,1,1,1,1
SF,IF2012,2020-05-13 09:36:21.300,3775.2000,2721,0,52115700.000,0,-,-,-,-,3773.0000,3772.8000,3772.6000,3772.0000,3770.2000,3775.0000,3776.2000,3780.0000,3780.8000,3784.8000,1,1,1,1,1,1,1,1,1,1
SF,IF2012,2020-05-13 09:36:21.800,3775.2000,2721,0,52115700.000,0,-,-,-,-,3773.2000,3773.0000,3772.8000,3772.6000,3772.0000,3776.2000,3780.0000,3780.8000,3784.8000,3795.0000,2,1,1,1,1,1,1,1,1,1
SF,IF2012,2020-05-13 09:36:22.300,3775.2000,2721,0,52115700.000,0,-,-,-,-,3773.2000,3772.8000,3772.6000,3772.0000,3770.2000,3776.2000,3780.0000,3780.8000,3784.8000,3795.0000,2,1,1,1,1,1,1,1,1,1
SF,IF2012,2020-05-13 09:36:23.300,3775.2000,2721,0,52115700.000,0,-,-,-,-,3774.0000,3773.2000,3772.8000,3772.6000,3772.0000,3776.2000,3780.0000,3780.8000,3784.8000,3795.0000,2,2,1,1,1,1,1,1,1,1
SF,IF2012,2020-05-13 09:36:23.800,3775.2000,2721,0,52115700.000,0,-,-,-,-,3774.0000,3773.2000,3772.8000,3772.6000,3772.0000,3776.0000,3776.2000,3780.0000,3780.8000,3784.8000,2,1,1,1,1,1,1,1,1,1
SF,IF2012,2020-05-13 09:36:24.300,3775.2000,2721,0,52115700.000,0,-,-,-,-,3774.0000,3773.2000,3772.8000,3772.6000,3772.0000,3775.8000,3776.0000,3776.2000,3780.0000,3780.8000,2,1,1,1,1,1,1,1,1,1
SF,IF2012,2020-05-13 09:36:24.800,3775.2000,2721,0,52115700.000,0,-,-,-,-,3774.0000,3773.2000,3772.6000,3772.0000,3770.2000,3775.8000,3776.0000,3776.2000,3780.0000,3780.8000,2,1,1,1,1,1,1,1,1,1
SF,IF2012,2020-05-13 09:36:25.300,3775.2000,2721,0,52115700.000,0,-,-,-,-,3773.2000,3772.6000,3772.0000,3770.2000,3770.0000,3775.8000,3776.0000,3780.0000,3780.8000,3784.8000,1,1,1,1,2,1,1,1,1,1
SF,IF2012,2020-05-13 09:36:26.300,3775.2000,2721,0,52115700.000,0,-,-,-,-,3773.8000,3773.2000,3772.6000,3772.0000,3770.2000,3775.8000,3776.0000,3780.0000,3780.8000,3784.8000,1,1,3,1,1,1,1,1,1,1
SF,IF2012,2020-05-13 09:36:26.800,3775.2000,2721,0,52115700.000,0,-,-,-,-,3773.2000,3772.6000,3772.0000,3770.2000,3770.0000,3775.6000,3776.0000,3780.0000,3780.8000,3784.8000,1,3,1,1,2,1,1,1,1,1
SF,IF2012,2020-05-13 09:36:27.300,3775.2000,2721,0,52115700.000,0,-,-,-,-,3774.0000,3773.2000,3772.6000,3772.0000,3770.2000,3780.0000,3780.8000,3784.8000,3795.0000,3798.2000,1,1,3,1,1,1,1,1,1,1
SF,IF2012,2020-05-13 09:36:27.800,3775.2000,2721,0,52115700.000,0,-,-,-,-,3773.4000,3772.6000,3772.0000,3770.2000,3770.0000,3779.6000,3779.8000,3780.0000,3780.8000,3784.8000,1,3,1,1,2,7,1,1,1,1
SF,IF2012,2020-05-13 09:36:28.300,3775.2000,2721,0,52115700.000,0,-,-,-,-,3773.4000,3772.6000,3772.0000,3770.2000,3770.0000,3779.4000,3779.6000,3780.0000,3780.8000,3784.8000,1,2,1,1,2,1,7,1,1,1
SF,IF2012,2020-05-13 09:36:28.800,3775.2000,2721,0,52115700.000,0,-,-,-,-,3773.8000,3773.6000,3772.0000,3770.2000,3770.0000,3779.0000,3779.4000,3780.0000,3780.8000,3784.8000,2,1,1,1,2,7,1,1,1,1
SF,IF2012,2020-05-13 09:36:29.300,3775.2000,2721,0,52115700.000,0,-,-,-,-,3774.0000,3773.8000,3772.0000,3770.2000,3770.0000,3778.8000,3779.0000,3780.0000,3780.8000,3784.8000,1,2,1,1,2,1,7,1,1,1
SF,IF2012,2020-05-13 09:36:29.800,3775.2000,2721,0,52115700.000,0,-,-,-,-,3774.0000,3773.8000,3772.0000,3770.2000,3770.0000,3777.2000,3778.8000,3779.0000,3780.0000,3780.8000,1,2,1,1,2,1,2,7,1,1
SF,IF2012,2020-05-13 09:36:30.300,3775.2000,2721,0,52115700.000,0,-,-,-,-,3774.0000,3773.8000,3772.0000,3770.2000,3770.0000,3776.8000,3777.0000,3777.2000,3778.8000,3779.0000,1,2,1,1,2,1,1,1,1,7
SF,IF2012,2020-05-13 09:36:30.800,3775.2000,2721,0,52115700.000,0,-,-,-,-,3774.2000,3774.0000,3772.0000,3770.2000,3770.0000,3776.6000,3777.2000,3778.8000,3779.0000,3780.0000,2,1,1,1,2,2,1,1,7,1
SF,IF2012,2020-05-13 09:36:31.300,3775.2000,2721,0,52115700.000,0,-,-,-,-,3774.2000,3772.0000,3770.2000,3770.0000,3769.8000,3776.4000,3776.6000,3777.2000,3778.8000,3779.0000,2,1,1,2,1,1,1,1,1,7
SF,IF2012,2020-05-13 09:36:32.800,3775.2000,2721,0,52115700.000,0,-,-,-,-,3774.2000,3772.0000,3770.2000,3770.0000,3769.8000,3776.4000,3776.6000,3777.2000,3778.8000,3780.0000,2,1,1,2,1,1,1,1,1,1
SF,IF2012,2020-05-13 09:36:34.800,3775.2000,2721,0,52115700.000,0,-,-,-,-,3772.0000,3770.2000,3770.0000,3769.8000,3766.0000,3776.4000,3776.6000,3777.2000,3778.8000,3780.0000,1,1,2,1,1,1,1,1,1,1
SF,IF2012,2020-05-13 09:36:35.300,3775.2000,2721,0,52115700.000,0,-,-,-,-,3773.2000,3772.2000,3772.0000,3770.2000,3770.0000,3777.2000,3780.0000,3780.8000,3784.8000,3795.0000,2,1,1,1,2,1,1,1,1,1
SF,IF2012,2020-05-13 09:36:35.800,3775.2000,2721,0,52115700.000,0,-,-,-,-,3773.4000,3773.2000,3772.0000,3770.2000,3770.0000,3777.0000,3777.2000,3780.0000,3780.8000,3784.8000,1,2,1,1,2,1,1,1,1,1
SF,IF2012,2020-05-13 09:36:36.300,3775.2000,2721,0,52115700.000,0,-,-,-,-,3773.4000,3773.2000,3772.0000,3770.2000,3770.0000,3776.8000,3777.0000,3777.2000,3780.0000,3780.8000,2,2,1,1,2,1,1,1,1,1
SF,IF2012,2020-05-13 09:36:36.800,3775.2000,2721,0,52115700.000,0,-,-,-,-,3773.8000,3773.4000,3772.0000,3770.2000,3770.0000,3776.6000,3776.8000,3777.2000,3780.0000,3780.8000,2,2,1,1,2,1,1,1,1,1
SF,IF2012,2020-05-13 09:36:37.300,3775.2000,2721,0,52115700.000,0,-,-,-,-,3773.8000,3773.4000,3772.0000,3770.2000,3770.0000,3776.4000,3776.6000,3776.8000,3777.2000,3780.0000,2,1,1,1,2,1,1,1,1,1
SF,IF2012,2020-05-13 09:36:37.800,3775.2000,2721,0,52115700.000,0,-,-,-,-,3773.8000,3773.4000,3772.0000,3770.2000,3770.0000,3776.4000,3776.6000,3776.8000,3777.2000,3780.0000,2,1,1,1,2,2,1,1,1,1
SF,IF2012,2020-05-13 09:36:38.300,3775.2000,2721,0,52115700.000,0,-,-,-,-,3773.8000,3773.4000,3772.0000,3770.2000,3770.0000,3776.4000,3776.6000,3776.8000,3777.2000,3780.0000,2,1,1,1,2,1,1,1,1,1
SF,IF2012,2020-05-13 09:36:38.800,3775.2000,2721,0,52115700.000,0,-,-,-,-,3774.0000,3773.8000,3772.0000,3770.2000,3770.0000,3776.8000,3777.2000,3780.0000,3780.8000,3784.8000,1,2,1,1,2,1,1,1,1,1
SF,IF2012,2020-05-13 09:36:39.300,3775.2000,2721,0,52115700.000,0,-,-,-,-,3774.2000,3774.0000,3773.8000,3772.0000,3770.2000,3780.0000,3780.8000,3784.8000,3795.0000,3798.2000,1,2,2,1,1,1,1,1,1,1
SF,IF2012,2020-05-13 09:36:39.800,3775.2000,2721,0,52115700.000,0,-,-,-,-,3774.4000,3774.2000,3772.0000,3770.2000,3770.0000,3779.6000,3779.8000,3780.0000,3780.8000,3784.8000,1,4,1,1,2,7,1,1,1,1
SF,IF2012,2020-05-13 09:36:40.300,3775.2000,2721,0,52115700.000,0,-,-,-,-,3774.4000,3774.2000,3772.0000,3770.2000,3770.0000,3779.4000,3779.6000,3780.0000,3780.8000,3784.8000,1,3,1,1,2,1,7,1,1,1
SF,IF2012,2020-05-13 09:36:40.800,3775.2000,2721,0,52115700.000,0,-,-,-,-,3774.4000,3774.2000,3772.0000,3770.2000,3770.0000,3779.4000,3780.0000,3780.8000,3784.8000,3795.0000,1,3,1,1,2,1,1,1,1,1
SF,IF2012,2020-05-13 09:36:41.800,3775.2000,2721,0,52115700.000,0,-,-,-,-,3775.0000,3774.4000,3774.2000,3772.0000,3770.2000,3779.4000,3780.0000,3780.8000,3784.8000,3795.0000,2,1,1,1,1,1,1,1,1,1
SF,IF2012,2020-05-13 09:36:42.300,3775.2000,2721,0,52115700.000,0,-,-,-,-,3775.2000,3775.0000,3772.0000,3770.2000,3770.0000,3779.4000,3780.0000,3780.8000,3784.8000,3795.0000,1,2,1,1,2,1,1,1,1,1
SF,IF2012,2020-05-13 09:36:42.800,3775.2000,2721,0,52115700.000,0,-,-,-,-,3775.2000,3775.0000,3772.0000,3770.2000,3770.0000,3779.2000,3779.4000,3780.0000,3780.8000,3784.8000,2,2,1,1,2,2,1,1,1,1
SF,IF2012,2020-05-13 09:36:43.300,3775.2000,2721,0,52115700.000,0,-,-,-,-,3775.2000,3775.0000,3772.0000,3770.2000,3770.0000,3779.0000,3779.2000,3780.0000,3780.8000,3784.8000,1,2,1,1,2,1,2,1,1,1
SF,IF2012,2020-05-13 09:36:43.800,3775.2000,2721,0,52115700.000,0,-,-,-,-,3775.2000,3772.0000,3770.2000,3770.0000,3769.8000,3778.8000,3779.0000,3779.2000,3780.0000,3780.8000,1,1,1,2,1,8,1,1,1,1
SF,IF2012,2020-05-13 09:36:44.300,3775.2000,2721,0,52115700.000,0,-,-,-,-,3772.0000,3770.2000,3770.0000,3769.8000,3766.0000,3778.4000,3778.6000,3778.8000,3780.0000,3780.8000,1,1,2,1,1,1,1,8,1,1
SF,IF2012,2020-05-13 09:36:44.800,3775.2000,2721,0,52115700.000,0,-,-,-,-,3772.2000,3772.0000,3770.2000,3770.0000,3769.8000,3778.2000,3778.4000,3778.6000,3778.8000,3780.0000,1,1,1,2,1,2,1,1,7,1
SF,IF2012,2020-05-13 09:36:45.800,3775.2000,2721,0,52115700.000,0,-,-,-,-,3772.2000,3772.0000,3770.2000,3770.0000,3769.8000,3778.0000,3778.2000,3778.8000,3780.0000,3780.8000,1,1,1,2,1,1,2,7,1,1
SF,IF2012,2020-05-13 09:36:46.300,3775.2000,2721,0,52115700.000,0,-,-,-,-,3772.2000,3772.0000,3770.2000,3770.0000,3769.8000,3777.6000,3777.8000,3778.0000,3778.8000,3780.0000,1,1,1,2,1,1,1,1,7,1
SF,IF2012,2020-05-13 09:36:46.800,3775.2000,2721,0,52115700.000,0,-,-,-,-,3773.2000,3773.0000,3772.4000,3772.2000,3772.0000,3777.6000,3778.0000,3780.0000,3780.8000,3784.8000,1,1,2,1,1,1,1,1,1,1
SF,IF2012,2020-05-13 09:36:47.300,3775.2000,2721,0,52115700.000,0,-,-,-,-,3773.4000,3773.2000,3773.0000,3772.4000,3772.0000,3777.6000,3780.0000,3780.8000,3784.8000,3795.0000,1,1,1,2,1,1,1,1,1,1
SF,IF2012,2020-05-13 09:36:48.300,3775.2000,2721,0,52115700.000,0,-,-,-,-,3773.4000,3773.2000,3772.4000,3772.0000,3770.2000,3777.6000,3780.0000,3780.8000,3784.8000,3795.0000,1,1,2,1,1,1,1,1,1,1
SF,IF2012,2020-05-13 09:36:48.800,3775.2000,2721,0,52115700.000,0,-,-,-,-,3774.2000,3773.8000,3773.4000,3773.2000,3772.4000,3777.6000,3780.0000,3780.8000,3784.8000,3795.0000,1,1,1,1,2,1,1,1,1,1
SF,IF2012,2020-05-13 09:36:49.300,3775.2000,2721,0,52115700.000,0,-,-,-,-,3774.4000,3774.2000,3773.8000,3773.2000,3772.4000,3777.6000,3780.0000,3780.8000,3784.8000,3795.0000,1,1,1,1,2,1,1,1,1,1
SF,IF2012,2020-05-13 09:36:49.800,3775.2000,2721,0,52115700.000,0,-,-,-,-,3774.4000,3774.2000,3774.0000,3773.2000,3772.4000,3777.2000,3777.6000,3780.0000,3780.8000,3784.8000,1,1,6,1,2,1,1,1,1,1
SF,IF2012,2020-05-13 09:36:50.300,3775.2000,2721,0,52115700.000,0,-,-,-,-,3774.8000,3774.4000,3774.2000,3774.0000,3773.2000,3777.6000,3780.0000,3780.8000,3784.8000,3795.0000,1,1,1,6,1,1,1,1,1,1
