市场代码,合约代码,时间,最新,持仓,增仓,成交额,成交量,开仓,平仓,成交类型,方向,买一价,买二价,买三价,买四价,买五价,卖一价,卖二价,卖三价,卖四价,卖五价,买一量,买二量,买三量,买四量,买五量,卖一量,卖二量,卖三量,卖四量,卖五量
SF,IF2009,2020-01-21 09:29:00.100,4194.0000,1836,0,0.000,0.000,-,-,-,-,4166.8000,4162.8000,4161.0000,4160.0000,4151.2000,4167.0000,4173.2000,4178.0000,4179.4000,4180.2000,1,1,1,10,1,1,1,1,2,1
SF,IF2009,2020-01-21 09:30:00.100,4194.0000,1836,0,0.000,0,-,-,-,-,4166.8000,4161.0000,4160.0000,4155.4000,4154.2000,4167.0000,4173.2000,4178.0000,4179.4000,4180.2000,1,1,10,2,1,1,1,1,2,1
SF,IF2009,2020-01-21 09:30:00.600,4167.0000,1835,-1,1250100.000,1,0,1,双平,S,4161.0000,4160.0000,4155.4000,4154.2000,4153.8000,4178.0000,4180.2000,4180.8000,4182.4000,4185.0000,1,10,2,1,1,1,1,2,1,2
SF,IF2009,2020-01-21 09:30:01.100,4167.0000,1835,0,1250100.000,0,-,-,-,-,4161.6000,4160.0000,4155.4000,4154.2000,4153.8000,4175.2000,4177.8000,4178.0000,4180.8000,4182.4000,1,10,2,1,1,1,2,1,2,1
SF,IF2009,2020-01-21 09:30:01.600,4167.0000,1835,0,1250100.000,0,-,-,-,-,4161.6000,4160.0000,4155.4000,4155.0000,4154.2000,4175.0000,4175.2000,4177.8000,4178.0000,4180.0000,1,10,2,5,1,2,1,1,1,5
SF,IF2009,2020-01-21 09:30:02.100,4167.0000,1835,0,1250100.000,0,-,-,-,-,4161.6000,4160.0000,4155.4000,4155.0000,4154.2000,4168.4000,4173.6000,4175.0000,4177.8000,4178.0000,1,10,2,5,1,1,1,2,1,1
SF,IF2009,2020-01-21 09:30:02.600,4167.0000,1835,0,1250100.000,0,-,-,-,-,4161.6000,4160.0000,4155.4000,4155.0000,4154.2000,4168.2000,4168.4000,4173.6000,4175.0000,4177.8000,1,10,2,5,1,2,1,1,1,1
SF,IF2009,2020-01-21 09:30:03.100,4167.0000,1835,0,1250100.000,0,-,-,-,-,4161.6000,4160.0000,4155.0000,4154.2000,4153.8000,4173.6000,4175.0000,4177.8000,4178.0000,4180.0000,1,10,5,1,1,1,1,1,1,5
SF,IF2009,2020-01-21 09:30:03.600,4167.0000,1835,0,1250100.000,0,-,-,-,-,4161.6000,4160.0000,4155.0000,4154.2000,4153.8000,4173.4000,4173.6000,4175.0000,4177.8000,4178.0000,1,10,5,1,1,1,1,1,1,1
SF,IF2009,2020-01-21 09:30:04.100,4167.0000,1835,0,1250100.000,0,-,-,-,-,4161.6000,4160.0000,4155.0000,4154.2000,4153.8000,4171.2000,4171.8000,4173.2000,4173.4000,4175.0000,1,10,5,1,1,1,1,1,1,1
SF,IF2009,2020-01-21 09:30:04.600,4167.0000,1835,0,1250100.000,0,-,-,-,-,4161.6000,4160.0000,4156.0000,4155.0000,4154.2000,4171.0000,4171.2000,4171.8000,4173.2000,4175.0000,1,10,1,5,1,2,1,1,1,1
SF,IF2009,2020-01-21 09:30:05.100,4167.0000,1835,0,1250100.000,0,-,-,-,-,4161.6000,4160.0000,4156.0000,4155.0000,4154.2000,4170.4000,4170.6000,4171.0000,4173.2000,4175.0000,1,10,1,5,1,1,1,2,1,1
SF,IF2009,2020-01-21 09:30:05.600,4161.6000,1836,1,2498580.000,1,1,0,双开,S,4160.0000,4156.0000,4155.0000,4154.2000,4153.8000,4170.2000,4170.4000,4170.6000,4171.0000,4173.2000,10,1,5,1,1,2,1,1,1,1
SF,IF2009,2020-01-21 09:30:06.100,4161.6000,1836,0,2498580.000,0,-,-,-,-,4160.2000,4160.0000,4156.0000,4155.0000,4154.2000,4168.4000,4169.8000,4170.2000,4170.6000,4171.0000,2,10,1,5,1,1,2,2,1,1
SF,IF2009,2020-01-21 09:30:06.600,4161.6000,1836,0,2498580.000,0,-,-,-,-,4161.2000,4160.2000,4160.0000,4156.0000,4155.0000,4168.2000,4168.4000,4169.8000,4170.2000,4170.6000,1,2,10,1,5,1,1,2,1,1
SF,IF2009,2020-01-21 09:30:07.100,4161.6000,1836,0,2498580.000,0,-,-,-,-,4161.8000,4161.2000,4160.2000,4160.0000,4156.0000,4168.0000,4168.2000,4168.4000,4169.8000,4170.2000,1,1,2,10,1,1,1,1,1,1
SF,IF2009,2020-01-21 09:30:07.600,4161.6000,1836,0,2498580.000,0,-,-,-,-,4161.8000,4161.4000,4161.2000,4160.2000,4160.0000,4167.8000,4168.4000,4169.8000,4170.2000,4170.6000,1,1,1,2,10,1,1,1,1,1
SF,IF2009,2020-01-21 09:30:08.100,4161.6000,1836,0,2498580.000,0,-,-,-,-,4162.0000,4161.8000,4161.4000,4160.2000,4160.0000,4167.8000,4168.4000,4169.8000,4170.2000,4171.0000,2,2,1,2,10,1,1,1,1,1
SF,IF2009,2020-01-21 09:30:08.600,4161.6000,1836,0,2498580.000,0,-,-,-,-,4162.6000,4162.0000,4161.8000,4161.4000,4160.2000,4167.8000,4168.4000,4169.8000,4170.2000,4171.0000,1,1,1,1,2,1,1,1,1,1
SF,IF2009,2020-01-21 09:30:09.100,4161.6000,1836,0,2498580.000,0,-,-,-,-,4163.4000,4162.6000,4162.0000,4161.8000,4161.4000,4167.8000,4168.4000,4169.8000,4170.2000,4171.0000,1,1,1,2,1,1,1,1,1,1
SF,IF2009,2020-01-21 09:30:09.600,4161.6000,1836,0,2498580.000,0,-,-,-,-,4163.8000,4163.4000,4162.0000,4161.8000,4161.4000,4167.8000,4168.4000,4169.8000,4170.2000,4171.0000,1,2,1,2,1,1,1,1,1,1
SF,IF2009,2020-01-21 09:30:10.100,4161.6000,1836,0,2498580.000,0,-,-,-,-,4163.8000,4163.4000,4162.0000,4161.8000,4161.4000,4167.6000,4167.8000,4168.4000,4169.8000,4170.2000,1,2,1,2,1,1,1,1,1,1
SF,IF2009,2020-01-21 09:30:10.600,4161.6000,1836,0,2498580.000,0,-,-,-,-,4163.8000,4163.4000,4162.0000,4161.8000,4161.4000,4167.4000,4167.6000,4168.4000,4169.8000,4170.2000,1,2,1,2,1,1,1,1,1,1
SF,IF2009,2020-01-21 09:30:11.100,4161.6000,1836,0,2498580.000,0,-,-,-,-,4163.4000,4162.0000,4161.8000,4161.4000,4160.0000,4167.4000,4167.6000,4168.4000,4170.2000,4171.0000,1,1,2,1,10,1,1,1,1,1
SF,IF2009,2020-01-21 09:30:11.600,4161.6000,1836,0,2498580.000,0,-,-,-,-,4163.6000,4163.4000,4162.0000,4161.8000,4161.4000,4167.4000,4168.4000,4170.2000,4171.0000,4180.0000,1,1,1,2,1,1,1,1,1,5
SF,IF2009,2020-01-21 09:30:12.100,4161.6000,1836,0,2498580.000,0,-,-,-,-,4163.6000,4163.4000,4162.0000,4161.8000,4161.4000,4167.4000,4168.4000,4170.2000,4171.0000,4180.0000,1,1,1,2,1,1,1,1,1,5
SF,IF2009,2020-01-21 09:30:12.600,4161.6000,1836,0,2498580.000,0,-,-,-,-,4163.6000,4163.4000,4161.8000,4161.4000,4160.0000,4167.4000,4168.4000,4170.2000,4171.0000,4180.0000,1,1,2,1,10,1,1,1,1,5
SF,IF2009,2020-01-21 09:30:13.100,4161.6000,1836,0,2498580.000,0,-,-,-,-,4163.8000,4163.6000,4161.8000,4160.0000,4156.0000,4167.4000,4168.4000,4170.2000,4171.0000,4180.0000,1,1,2,10,1,1,1,1,1,5
SF,IF2009,2020-01-21 09:30:13.600,4161.6000,1836,0,2498580.000,0,-,-,-,-,4164.0000,4163.8000,4163.6000,4161.8000,4160.0000,4167.4000,4168.4000,4170.2000,4171.0000,4180.0000,1,1,1,2,10,1,1,1,1,5
SF,IF2009,2020-01-21 09:30:14.100,4161.6000,1836,0,2498580.000,0,-,-,-,-,4164.0000,4163.8000,4163.6000,4161.8000,4160.0000,4168.4000,4170.2000,4171.0000,4180.0000,4182.4000,2,1,1,1,10,1,1,1,5,1
SF,IF2009,2020-01-21 09:30:14.600,4161.6000,1836,0,2498580.000,0,-,-,-,-,4164.0000,4163.8000,4161.8000,4160.0000,4156.0000,4168.2000,4168.4000,4170.2000,4171.0000,4180.0000,2,1,1,10,1,1,1,1,1,5
SF,IF2009,2020-01-21 09:30:15.100,4161.6000,1836,0,2498580.000,0,-,-,-,-,4164.0000,4163.8000,4161.8000,4160.0000,4156.0000,4168.0000,4168.2000,4168.4000,4170.2000,4171.0000,1,1,1,10,1,1,1,1,1,1
SF,IF2009,2020-01-21 09:30:15.600,4161.6000,1836,0,2498580.000,0,-,-,-,-,4164.4000,4164.2000,4163.8000,4161.8000,4160.0000,4167.8000,4168.0000,4168.4000,4170.2000,4171.0000,1,1,1,1,10,1,1,1,1,1
SF,IF2009,2020-01-21 09:30:16.100,4164.4000,1837,1,3747900.000,1,1,0,双开,S,4164.6000,4164.2000,4163.8000,4161.8000,4160.0000,4167.8000,4168.4000,4170.2000,4171.0000,4180.0000,1,1,1,1,10,1,1,1,1,5
SF,IF2009,2020-01-21 09:30:16.600,4164.4000,1837,0,3747900.000,0,-,-,-,-,4164.8000,4164.6000,4161.8000,4160.0000,4156.0000,4167.8000,4168.4000,4170.2000,4171.0000,4180.0000,1,1,1,10,1,1,1,1,1,5
SF,IF2009,2020-01-21 09:30:17.100,4164.4000,1837,0,3747900.000,0,-,-,-,-,4165.0000,4164.8000,4164.6000,4161.8000,4160.0000,4167.8000,4168.4000,4170.2000,4171.0000,4180.0000,1,1,1,1,10,1,1,1,1,5
SF,IF2009,2020-01-21 09:30:17.600,4164.4000,1837,0,3747900.000,0,-,-,-,-,4165.0000,4164.8000,4164.6000,4161.8000,4160.0000,4167.8000,4168.4000,4170.2000,4171.0000,4180.0000,1,1,1,1,10,1,1,1,1,5
SF,IF2009,2020-01-21 09:30:18.100,4164.4000,1837,0,3747900.000,0,-,-,-,-,4165.0000,4164.8000,4164.6000,4161.8000,4160.0000,4168.4000,4171.0000,4180.0000,4182.4000,4193.0000,1,1,1,1,10,1,1,5,1,1
SF,IF2009,2020-01-21 09:30:18.600,4164.4000,1837,0,3747900.000,0,-,-,-,-,4165.0000,4164.8000,4164.6000,4161.8000,4160.0000,4168.2000,4168.4000,4171.0000,4180.0000,4182.4000,1,1,1,1,10,1,1,1,5,1
SF,IF2009,2020-01-21 09:30:19.100,4164.4000,1837,0,3747900.000,0,-,-,-,-,4165.0000,4164.8000,4164.6000,4161.8000,4160.0000,4168.2000,4171.0000,4180.0000,4182.4000,4193.0000,2,1,1,1,10,1,1,5,1,1
SF,IF2009,2020-01-21 09:30:19.600,4164.4000,1837,0,3747900.000,0,-,-,-,-,4165.0000,4164.8000,4164.6000,4161.8000,4160.0000,4168.2000,4171.0000,4180.0000,4182.4000,4193.0000,2,1,1,1,10,1,1,5,1,1
SF,IF2009,2020-01-21 09:30:20.100,4164.4000,1837,0,3747900.000,0,-,-,-,-,4165.2000,4165.0000,4164.6000,4161.8000,4160.0000,4171.0000,4180.0000,4182.4000,4193.0000,4240.6000,1,1,1,1,10,1,5,1,1,1
SF,IF2009,2020-01-21 09:30:20.600,4164.4000,1837,0,3747900.000,0,-,-,-,-,4165.4000,4165.2000,4165.0000,4164.6000,4161.8000,4170.8000,4171.0000,4180.0000,4182.4000,4193.0000,1,1,1,1,1,1,1,5,1,1
SF,IF2009,2020-01-21 09:30:21.100,4164.4000,1837,0,3747900.000,0,-,-,-,-,4165.4000,4165.2000,4165.0000,4164.6000,4161.8000,4168.4000,4170.6000,4170.8000,4171.0000,4180.0000,1,1,1,1,1,1,1,1,1,5
SF,IF2009,2020-01-21 09:30:21.600,4168.4000,1836,-1,6248940.000,2,0,2,多平,S,4165.6000,4165.4000,4165.2000,4165.0000,4164.6000,4171.0000,4180.0000,4182.4000,4193.0000,4240.6000,1,1,1,1,1,1,5,1,1,1
SF,IF2009,2020-01-21 09:30:22.100,4168.4000,1836,0,6248940.000,0,-,-,-,-,4165.8000,4165.6000,4165.4000,4165.2000,4165.0000,4170.8000,4171.0000,4180.0000,4182.4000,4193.0000,2,1,1,1,1,1,1,5,1,1
SF,IF2009,2020-01-21 09:30:22.600,4168.4000,1836,0,6248940.000,0,-,-,-,-,4165.8000,4165.6000,4165.4000,4165.2000,4165.0000,4170.8000,4180.0000,4182.4000,4193.0000,4240.6000,2,1,1,1,1,1,5,1,1,1
SF,IF2009,2020-01-21 09:30:23.100,4168.4000,1836,0,6248940.000,0,-,-,-,-,4165.8000,4165.4000,4165.2000,4165.0000,4161.8000,4170.6000,4170.8000,4180.0000,4182.4000,4193.0000,2,1,1,1,1,1,1,5,1,1
SF,IF2009,2020-01-21 09:30:23.600,4168.4000,1836,0,6248940.000,0,-,-,-,-,4166.2000,4165.8000,4165.4000,4161.8000,4160.0000,4170.4000,4170.6000,4180.0000,4182.4000,4193.0000,1,2,1,1,10,1,1,5,1,1
SF,IF2009,2020-01-21 09:30:24.100,4168.4000,1836,0,6248940.000,0,-,-,-,-,4166.4000,4166.2000,4165.8000,4161.8000,4160.0000,4170.4000,4170.6000,4180.0000,4182.4000,4193.0000,1,1,1,1,10,1,1,5,1,1
SF,IF2009,2020-01-21 09:30:24.600,4168.4000,1836,0,6248940.000,0,-,-,-,-,4166.4000,4161.8000,4160.0000,4156.0000,4155.0000,4170.2000,4170.4000,4170.6000,4180.0000,4182.4000,1,1,10,1,5,1,1,1,5,1
SF,IF2009,2020-01-21 09:30:25.100,4168.4000,1836,0,6248940.000,0,-,-,-,-,4166.4000,4161.8000,4160.0000,4156.0000,4155.0000,4170.0000,4170.2000,4170.6000,4180.0000,4182.4000,1,1,10,1,5,1,1,1,5,1
SF,IF2009,2020-01-21 09:30:25.600,4168.4000,1836,0,6248940.000,0,-,-,-,-,4166.6000,4166.4000,4161.8000,4160.0000,4156.0000,4170.0000,4170.2000,4180.0000,4182.4000,4193.0000,1,1,1,10,1,1,1,5,1,1
SF,IF2009,2020-01-21 09:30:26.100,4168.4000,1836,0,6248940.000,0,-,-,-,-,4166.8000,4166.6000,4161.8000,4160.0000,4156.0000,4170.0000,4180.0000,4182.4000,4193.0000,4240.6000,1,1,1,10,1,1,5,1,1,1
SF,IF2009,2020-01-21 09:30:26.600,4168.4000,1836,0,6248940.000,0,-,-,-,-,4166.8000,4166.6000,4161.8000,4160.0000,4156.0000,4170.0000,4180.0000,4182.4000,4193.0000,4240.6000,1,1,1,10,1,1,5,1,1,1
SF,IF2009,2020-01-21 09:30:27.100,4168.4000,1836,0,6248940.000,0,-,-,-,-,4167.0000,4166.8000,4166.6000,4161.8000,4160.0000,4180.0000,4182.4000,4193.0000,4240.6000,4243.0000,1,1,1,1,10,5,1,1,1,3
SF,IF2009,2020-01-21 09:30:27.600,4168.4000,1836,0,6248940.000,0,-,-,-,-,4170.4000,4167.2000,4167.0000,4166.6000,4161.8000,4175.2000,4179.8000,4180.0000,4182.4000,4193.0000,1,1,1,1,1,1,1,5,1,1
SF,IF2009,2020-01-21 09:30:28.100,4170.4000,1837,1,8751180.000,2,1,1,空开,S,4167.0000,4161.8000,4160.0000,4156.0000,4155.0000,4175.0000,4175.2000,4180.0000,4182.4000,4193.0000,1,1,10,1,5,1,1,5,1,1
SF,IF2009,2020-01-21 09:30:28.600,4170.4000,1837,0,8751180.000,0,-,-,-,-,4167.2000,4161.8000,4160.0000,4156.0000,4155.0000,4174.6000,4174.8000,4175.0000,4175.2000,4180.0000,1,1,10,1,5,1,1,1,1,5
SF,IF2009,2020-01-21 09:30:29.100,4174.4000,1838,1,10003500.000,1,1,0,双开,S,4167.2000,4161.8000,4160.0000,4156.0000,4155.0000,4174.4000,4174.6000,4175.0000,4175.2000,4180.0000,1,1,10,1,5,2,3,1,1,5
SF,IF2009,2020-01-21 09:30:29.600,4174.4000,1838,0,10003500.000,0,-,-,-,-,4167.2000,4161.8000,4160.0000,4156.0000,4155.0000,4174.0000,4174.4000,4174.6000,4175.0000,4175.2000,1,1,10,1,5,2,2,2,1,1
SF,IF2009,2020-01-21 09:30:30.100,4174.4000,1838,0,10003500.000,0,-,-,-,-,4167.2000,4161.8000,4160.0000,4156.0000,4155.0000,4173.6000,4173.8000,4174.0000,4174.4000,4175.0000,1,1,10,1,5,1,2,2,1,1
SF,IF2009,2020-01-21 09:30:30.600,4174.4000,1838,0,10003500.000,0,-,-,-,-,4167.2000,4161.8000,4160.0000,4156.0000,4155.0000,4172.6000,4173.2000,4173.4000,4173.6000,4173.8000,1,1,10,1,5,2,2,3,2,3
SF,IF2009,2020-01-21 09:30:31.100,4174.4000,1838,0,10003500.000,0,-,-,-,-,4167.2000,4161.8000,4160.0000,4156.0000,4155.0000,4172.4000,4172.6000,4173.2000,4173.4000,4173.6000,1,1,10,1,5,2,2,4,3,2
SF,IF2009,2020-01-21 09:30:31.600,4174.4000,1838,0,10003500.000,0,-,-,-,-,4167.2000,4161.8000,4160.0000,4156.0000,4155.0000,4172.0000,4172.2000,4172.4000,4172.6000,4172.8000,1,1,10,1,5,2,1,2,1,1
SF,IF2009,2020-01-21 09:30:32.100,4174.4000,1838,0,10003500.000,0,-,-,-,-,4167.2000,4161.8000,4160.0000,4156.0000,4155.0000,4171.6000,4171.8000,4172.0000,4172.2000,4172.4000,1,1,10,1,5,1,4,4,2,1
SF,IF2009,2020-01-21 09:30:32.600,4174.4000,1838,0,10003500.000,0,-,-,-,-,4167.2000,4161.8000,4160.0000,4156.0000,4155.0000,4171.4000,4171.6000,4171.8000,4172.0000,4172.2000,1,1,10,1,5,3,1,2,3,2
SF,IF2009,2020-01-21 09:30:33.100,4174.4000,1838,0,10003500.000,0,-,-,-,-,4167.2000,4161.8000,4160.0000,4156.0000,4155.0000,4171.2000,4171.4000,4171.6000,4171.8000,4172.0000,1,1,10,1,5,1,4,1,2,2
SF,IF2009,2020-01-21 09:30:33.600,4174.4000,1838,0,10003500.000,0,-,-,-,-,4167.2000,4161.8000,4160.0000,4156.0000,4155.0000,4170.8000,4171.0000,4171.2000,4171.4000,4171.8000,1,1,10,1,5,2,3,2,2,1
SF,IF2009,2020-01-21 09:30:34.100,4174.4000,1838,0,10003500.000,0,-,-,-,-,4167.2000,4161.8000,4160.0000,4156.0000,4155.0000,4170.6000,4170.8000,4171.0000,4171.2000,4171.4000,1,1,10,1,5,2,2,3,1,1
SF,IF2009,2020-01-21 09:30:34.600,4174.4000,1838,0,10003500.000,0,-,-,-,-,4167.2000,4161.8000,4160.0000,4156.0000,4155.0000,4170.4000,4170.6000,4170.8000,4171.0000,4171.2000,1,1,10,1,5,1,3,2,1,1
SF,IF2009,2020-01-21 09:30:35.100,4174.4000,1838,0,10003500.000,0,-,-,-,-,4167.2000,4161.8000,4160.0000,4156.0000,4155.0000,4170.0000,4170.2000,4170.4000,4170.6000,4171.0000,1,1,10,1,5,2,2,1,1,1
SF,IF2009,2020-01-21 09:30:35.600,4174.4000,1838,0,10003500.000,0,-,-,-,-,4167.2000,4162.6000,4161.8000,4160.0000,4156.0000,4169.8000,4170.0000,4170.2000,4170.6000,4171.0000,1,1,1,10,1,2,1,1,1,1
SF,IF2009,2020-01-21 09:30:36.100,4174.4000,1838,0,10003500.000,0,-,-,-,-,4162.6000,4161.8000,4160.0000,4156.0000,4155.0000,4169.8000,4170.2000,4170.6000,4171.0000,4171.2000,1,1,10,1,5,2,1,1,1,1
SF,IF2009,2020-01-21 09:30:36.600,4174.4000,1838,0,10003500.000,0,-,-,-,-,4163.6000,4162.8000,4162.6000,4161.8000,4160.0000,4169.8000,4170.2000,4170.6000,4171.0000,4171.2000,1,1,1,1,10,2,1,1,1,1
SF,IF2009,2020-01-21 09:30:37.100,4174.4000,1838,0,10003500.000,0,-,-,-,-,4163.8000,4163.6000,4162.6000,4161.8000,4160.0000,4169.8000,4170.2000,4170.6000,4171.0000,4171.2000,1,1,1,1,10,1,1,1,1,1
SF,IF2009,2020-01-21 09:30:37.600,4174.4000,1838,0,10003500.000,0,-,-,-,-,4164.2000,4163.8000,4163.6000,4162.6000,4161.8000,4169.4000,4169.6000,4169.8000,4170.2000,4170.6000,1,1,1,1,1,1,1,1,1,1
SF,IF2009,2020-01-21 09:30:38.100,4174.4000,1838,0,10003500.000,0,-,-,-,-,4164.4000,4164.2000,4163.6000,4162.6000,4161.8000,4169.2000,4169.4000,4169.6000,4170.2000,4170.6000,1,1,1,1,1,2,2,1,1,1
SF,IF2009,2020-01-21 09:30:38.600,4174.4000,1838,0,10003500.000,0,-,-,-,-,4164.4000,4164.2000,4163.6000,4162.6000,4162.0000,4169.0000,4169.2000,4169.4000,4169.6000,4170.2000,1,1,1,1,3,1,2,1,1,1
SF,IF2009,2020-01-21 09:30:39.100,4174.4000,1838,0,10003500.000,0,-,-,-,-,4164.4000,4163.6000,4162.6000,4162.0000,4160.0000,4168.8000,4169.0000,4169.2000,4169.6000,4170.2000,1,1,1,3,10,2,1,1,1,1
SF,IF2009,2020-01-21 09:30:39.600,4174.4000,1838,0,10003500.000,0,-,-,-,-,4164.4000,4163.6000,4162.6000,4162.0000,4160.0000,4168.8000,4169.0000,4169.6000,4170.2000,4170.6000,1,1,1,3,10,2,1,1,1,1
SF,IF2009,2020-01-21 09:30:40.100,4174.4000,1838,0,10003500.000,0,-,-,-,-,4164.4000,4163.6000,4162.6000,4162.0000,4160.0000,4168.8000,4170.2000,4170.6000,4171.0000,4171.4000,1,1,1,3,10,1,1,1,1,1
SF,IF2009,2020-01-21 09:30:40.600,4174.4000,1838,0,10003500.000,0,-,-,-,-,4164.4000,4163.6000,4162.6000,4162.0000,4160.0000,4168.4000,4168.6000,4168.8000,4170.2000,4170.6000,1,1,1,3,10,1,1,1,1,1
SF,IF2009,2020-01-21 09:30:41.100,4174.4000,1838,0,10003500.000,0,-,-,-,-,4164.8000,4164.4000,4163.6000,4162.6000,4162.0000,4168.2000,4168.4000,4168.6000,4170.2000,4170.6000,1,1,1,1,3,2,1,1,1,1
SF,IF2009,2020-01-21 09:30:41.600,4174.4000,1838,0,10003500.000,0,-,-,-,-,4165.0000,4164.8000,4163.6000,4162.6000,4162.0000,4168.2000,4168.4000,4170.2000,4170.6000,4171.0000,1,1,1,1,3,1,1,1,1,1
SF,IF2009,2020-01-21 09:30:42.100,4174.4000,1838,0,10003500.000,0,-,-,-,-,4165.0000,4164.8000,4163.6000,4162.6000,4162.0000,4170.2000,4170.6000,4171.0000,4171.4000,4172.0000,1,1,1,1,3,1,1,1,1,2
SF,IF2009,2020-01-21 09:30:42.600,4174.4000,1838,0,10003500.000,0,-,-,-,-,4165.0000,4163.6000,4162.6000,4162.0000,4160.0000,4170.0000,4170.2000,4170.6000,4171.0000,4171.4000,1,1,1,3,10,1,1,1,1,1
SF,IF2009,2020-01-21 09:30:43.100,4174.4000,1838,0,10003500.000,0,-,-,-,-,4165.0000,4163.6000,4162.6000,4162.0000,4160.0000,4170.0000,4170.6000,4171.0000,4171.4000,4172.0000,1,1,1,3,10,1,1,1,1,2
SF,IF2009,2020-01-21 09:30:43.600,4174.4000,1838,0,10003500.000,0,-,-,-,-,4165.2000,4165.0000,4163.6000,4162.6000,4162.0000,4170.0000,4171.0000,4171.4000,4172.0000,4172.6000,1,1,1,1,3,1,1,1,2,2
SF,IF2009,2020-01-21 09:30:44.100,4174.4000,1838,0,10003500.000,0,-,-,-,-,4165.4000,4165.2000,4163.6000,4162.6000,4162.0000,4169.8000,4170.0000,4171.0000,4171.4000,4172.0000,1,1,1,1,3,1,1,1,1,2
SF,IF2009,2020-01-21 09:30:44.600,4174.4000,1838,0,10003500.000,0,-,-,-,-,4165.4000,4165.2000,4163.6000,4162.6000,4162.0000,4169.6000,4169.8000,4171.0000,4171.4000,4172.6000,1,1,1,1,3,2,1,1,1,1
SF,IF2009,2020-01-21 09:30:45.100,4174.4000,1838,0,10003500.000,0,-,-,-,-,4166.0000,4165.6000,4165.4000,4163.6000,4162.6000,4169.6000,4169.8000,4171.0000,4171.4000,4172.6000,1,1,1,1,1,2,1,1,1,1
SF,IF2009,2020-01-21 09:30:45.600,4174.4000,1838,0,10003500.000,0,-,-,-,-,4166.2000,4166.0000,4165.6000,4163.6000,4162.6000,4169.6000,4169.8000,4171.0000,4171.4000,4172.6000,1,1,1,1,1,1,1,1,1,1
SF,IF2009,2020-01-21 09:30:46.100,4174.4000,1838,0,10003500.000,0,-,-,-,-,4166.2000,4166.0000,4165.6000,4163.6000,4162.6000,4169.4000,4169.6000,4171.4000,4172.6000,4173.0000,1,1,1,1,1,1,1,1,1,1
SF,IF2009,2020-01-21 09:30:46.600,4174.4000,1838,0,10003500.000,0,-,-,-,-,4166.2000,4166.0000,4163.6000,4162.6000,4162.0000,4169.2000,4169.4000,4171.4000,4172.6000,4173.0000,1,1,1,1,3,1,1,1,1,1
SF,IF2009,2020-01-21 09:30:47.100,4174.4000,1838,0,10003500.000,0,-,-,-,-,4166.2000,4166.0000,4163.6000,4162.6000,4162.0000,4169.2000,4171.4000,4172.6000,4173.8000,4174.2000,1,1,1,1,3,1,1,1,3,4
SF,IF2009,2020-01-21 09:30:47.600,4174.4000,1838,0,10003500.000,0,-,-,-,-,4166.2000,4166.0000,4163.6000,4162.6000,4162.0000,4169.0000,4169.2000,4171.4000,4172.6000,4173.8000,1,1,1,1,3,1,1,1,1,2
SF,IF2009,2020-01-21 09:30:48.100,4174.4000,1838,0,10003500.000,0,-,-,-,-,4166.2000,4166.0000,4163.6000,4162.6000,4162.0000,4169.0000,4171.4000,4172.6000,4173.8000,4174.2000,1,1,1,1,3,1,1,1,2,4
SF,IF2009,2020-01-21 09:30:48.600,4174.4000,1838,0,10003500.000,0,-,-,-,-,4166.2000,4166.0000,4163.6000,4162.6000,4162.0000,4171.4000,4172.6000,4173.8000,4174.2000,4175.2000,1,1,1,1,3,1,1,2,4,1
SF,IF2009,2020-01-21 09:30:49.100,4174.4000,1838,0,10003500.000,0,-,-,-,-,4166.2000,4166.0000,4163.6000,4162.6000,4162.0000,4171.2000,4171.4000,4172.6000,4173.8000,4174.2000,1,1,1,1,3,2,1,1,2,4
SF,IF2009,2020-01-21 09:30:49.600,4174.4000,1838,0,10003500.000,0,-,-,-,-,4167.0000,4166.4000,4166.2000,4166.0000,4163.6000,4171.0000,4171.2000,4171.4000,4172.6000,4173.8000,1,1,1,1,1,1,2,1,1,2
SF,IF2009,2020-01-21 09:30:50.100,4174.4000,1838,0,10003500.000,0,-,-,-,-,4167.2000,4167.0000,4166.0000,4163.6000,4162.6000,4170.8000,4171.0000,4171.2000,4171.4000,4172.6000,1,1,1,1,1,2,1,1,1,1
SF,IF2009,2020-01-21 09:30:50.600,4174.4000,1838,0,10003500.000,0,-,-,-,-,4167.2000,4167.0000,4166.0000,4163.6000,4162.6000,4170.6000,4170.8000,4171.0000,4171.4000,4172.6000,1,1,1,1,1,1,2,1,1,1
SF,IF2009,2020-01-21 09:30:51.100,4174.4000,1838,0,10003500.000,0,-,-,-,-,4167.2000,4167.0000,4166.0000,4163.6000,4162.6000,4170.4000,4170.8000,4171.0000,4171.4000,4172.6000,1,1,1,1,1,2,1,1,1,1
SF,IF2009,2020-01-21 09:30:51.600,4174.4000,1838,0,10003500.000,0,-,-,-,-,4167.2000,4167.0000,4166.0000,4163.6000,4162.6000,4170.4000,4170.8000,4171.0000,4171.4000,4172.6000,1,1,2,1,1,2,1,1,1,1
SF,IF2009,2020-01-21 09:30:52.100,4174.4000,1838,0,10003500.000,0,-,-,-,-,4167.2000,4167.0000,4166.0000,4163.6000,4162.6000,4170.4000,4171.0000,4171.4000,4172.6000,4173.8000,1,1,2,1,1,1,1,1,1,2
SF,IF2009,2020-01-21 09:30:52.600,4174.4000,1838,0,10003500.000,0,-,-,-,-,4167.2000,4167.0000,4166.0000,4162.6000,4162.0000,4170.2000,4170.4000,4171.0000,4171.4000,4172.6000,1,1,2,1,3,1,1,1,1,1
SF,IF2009,2020-01-21 09:30:53.100,4174.4000,1838,0,10003500.000,0,-,-,-,-,4167.2000,4167.0000,4166.0000,4162.6000,4162.0000,4170.0000,4170.2000,4171.0000,4171.4000,4172.6000,1,1,1,1,3,1,1,1,1,1
SF,IF2009,2020-01-21 09:30:54.100,4174.4000,1838,0,10003500.000,0,-,-,-,-,4167.2000,4167.0000,4166.0000,4162.6000,4162.0000,4169.8000,4170.0000,4170.2000,4171.0000,4171.4000,1,1,1,1,3,1,1,1,1,1
SF,IF2009,2020-01-21 09:30:54.600,4174.4000,1838,0,10003500.000,0,-,-,-,-,4167.2000,4167.0000,4166.0000,4162.6000,4162.0000,4169.6000,4169.8000,4170.2000,4171.0000,4171.4000,1,1,1,1,3,1,1,1,1,1
SF,IF2009,2020-01-21 09:30:55.100,4174.4000,1838,0,10003500.000,0,-,-,-,-,4167.2000,4167.0000,4166.0000,4162.6000,4162.0000,4169.4000,4169.6000,4169.8000,4170.2000,4171.0000,1,1,1,1,3,1,1,1,1,1
SF,IF2009,2020-01-21 09:30:55.600,4174.4000,1838,0,10003500.000,0,-,-,-,-,4167.2000,4167.0000,4166.0000,4162.6000,4162.0000,4169.2000,4169.4000,4169.8000,4170.2000,4171.0000,1,1,1,1,3,1,1,1,1,1
SF,IF2009,2020-01-21 09:30:56.100,4174.4000,1838,0,10003500.000,0,-,-,-,-,4167.2000,4167.0000,4166.0000,4162.6000,4162.0000,4169.0000,4169.2000,4169.4000,4169.8000,4170.2000,1,1,1,1,3,1,1,1,1,1
SF,IF2009,2020-01-21 09:30:56.600,4174.4000,1838,0,10003500.000,0,-,-,-,-,4167.2000,4167.0000,4166.0000,4162.6000,4162.0000,4169.0000,4169.2000,4169.4000,4169.8000,4171.0000,1,1,1,1,3,1,1,1,1,1
SF,IF2009,2020-01-21 09:30:57.100,4169.0000,1839,1,11254200.000,1,1,0,双开,S,4167.2000,4167.0000,4166.0000,4162.6000,4162.0000,4169.4000,4171.0000,4171.4000,4172.6000,4173.8000,1,1,1,1,3,1,1,1,1,2
SF,IF2009,2020-01-21 09:30:57.600,4169.0000,1839,0,11254200.000,0,-,-,-,-,4167.4000,4167.2000,4166.0000,4162.6000,4162.0000,4171.0000,4171.4000,4172.6000,4173.8000,4174.2000,1,1,1,1,3,1,1,1,2,4
SF,IF2009,2020-01-21 09:30:58.100,4169.0000,1839,0,11254200.000,0,-,-,-,-,4167.6000,4167.4000,4166.0000,4162.6000,4162.0000,4170.8000,4171.0000,4171.4000,4172.6000,4173.8000,1,1,1,1,3,1,1,1,1,2
SF,IF2009,2020-01-21 09:30:58.600,4169.0000,1839,0,11254200.000,0,-,-,-,-,4167.8000,4167.6000,4167.4000,4166.0000,4162.6000,4170.8000,4171.0000,4171.4000,4172.6000,4173.8000,1,1,1,1,1,1,1,1,1,2
SF,IF2009,2020-01-21 09:30:59.100,4169.0000,1839,0,11254200.000,0,-,-,-,-,4168.0000,4167.8000,4167.4000,4166.0000,4162.6000,4170.4000,4170.8000,4171.0000,4171.4000,4172.6000,1,1,1,1,1,1,1,1,1,1
SF,IF2009,2020-01-21 09:30:59.600,4169.0000,1839,0,11254200.000,0,-,-,-,-,4168.0000,4167.8000,4167.4000,4166.0000,4162.6000,4170.4000,4170.8000,4171.4000,4173.8000,4174.2000,1,1,1,1,1,1,1,1,2,4
SF,IF2009,2020-01-21 09:31:00.100,4169.0000,1839,0,11254200.000,0,-,-,-,-,4168.2000,4168.0000,4167.8000,4167.4000,4166.0000,4170.4000,4170.8000,4171.4000,4173.8000,4174.2000,1,1,1,1,1,1,1,1,2,4
SF,IF2009,2020-01-21 09:31:00.600,4169.0000,1839,0,11254200.000,0,-,-,-,-,4168.4000,4168.2000,4167.8000,4167.4000,4166.0000,4170.2000,4171.4000,4173.8000,4174.2000,4175.2000,1,1,1,1,1,1,1,2,5,1
SF,IF2009,2020-01-21 09:31:01.100,4169.0000,1839,0,11254200.000,0,-,-,-,-,4168.2000,4167.8000,4166.0000,4162.6000,4162.0000,4170.2000,4171.4000,4173.8000,4174.2000,4175.2000,1,1,1,1,3,1,1,2,5,1
SF,IF2009,2020-01-21 09:31:01.600,4168.2000,1839,0,12504660.000,1,0,1,多换,S,4166.0000,4162.6000,4162.0000,4161.8000,4161.0000,4170.2000,4171.4000,4173.8000,4174.2000,4175.2000,1,1,3,1,1,1,1,2,5,1
SF,IF2009,2020-01-21 09:31:02.100,4168.2000,1839,0,12504660.000,0,-,-,-,-,4166.2000,4166.0000,4162.6000,4162.0000,4161.8000,4170.0000,4170.2000,4171.4000,4173.8000,4174.2000,1,1,1,3,1,2,1,1,2,5
SF,IF2009,2020-01-21 09:31:02.600,4168.2000,1839,0,12504660.000,0,-,-,-,-,4166.2000,4166.0000,4162.6000,4162.0000,4161.8000,4169.8000,4170.0000,4171.4000,4173.8000,4174.2000,1,1,1,3,1,1,2,1,2,5
SF,IF2009,2020-01-21 09:31:03.100,4168.2000,1839,0,12504660.000,0,-,-,-,-,4166.2000,4166.0000,4162.6000,4162.0000,4161.8000,4169.6000,4169.8000,4170.0000,4171.4000,4173.8000,1,1,1,3,1,2,1,1,1,2
SF,IF2009,2020-01-21 09:31:03.600,4168.2000,1839,0,12504660.000,0,-,-,-,-,4166.2000,4166.0000,4162.6000,4162.0000,4161.8000,4169.4000,4169.6000,4171.4000,4173.8000,4174.2000,1,1,1,3,1,1,2,1,2,5
SF,IF2009,2020-01-21 09:31:04.100,4168.2000,1839,0,12504660.000,0,-,-,-,-,4166.2000,4166.0000,4162.6000,4162.0000,4161.8000,4169.2000,4169.4000,4169.6000,4171.4000,4174.2000,1,1,1,3,1,1,1,1,1,5
SF,IF2009,2020-01-21 09:31:04.600,4168.2000,1839,0,12504660.000,0,-,-,-,-,4166.2000,4166.0000,4162.6000,4162.0000,4161.8000,4169.0000,4169.2000,4169.6000,4171.4000,4174.2000,1,1,1,3,1,2,1,1,1,5
SF,IF2009,2020-01-21 09:31:05.100,4168.2000,1839,0,12504660.000,0,-,-,-,-,4166.2000,4166.0000,4162.6000,4162.0000,4161.8000,4168.8000,4169.0000,4171.4000,4174.2000,4175.2000,1,1,1,3,1,1,2,1,5,1
SF,IF2009,2020-01-21 09:31:05.600,4168.2000,1839,0,12504660.000,0,-,-,-,-,4166.2000,4166.0000,4162.6000,4162.0000,4161.8000,4168.6000,4168.8000,4169.0000,4171.4000,4174.2000,1,1,1,3,1,2,1,1,1,5
SF,IF2009,2020-01-21 09:31:06.100,4168.2000,1839,0,12504660.000,0,-,-,-,-,4166.2000,4166.0000,4162.6000,4162.0000,4161.8000,4168.4000,4168.6000,4171.4000,4173.0000,4174.2000,1,1,1,3,1,1,1,1,2,5
SF,IF2009,2020-01-21 09:31:06.600,4168.2000,1839,0,12504660.000,0,-,-,-,-,4166.2000,4166.0000,4162.6000,4162.0000,4161.8000,4168.2000,4168.4000,4171.4000,4173.0000,4174.2000,1,1,1,3,1,2,1,1,2,5
SF,IF2009,2020-01-21 09:31:08.100,4168.2000,1839,0,12504660.000,0,-,-,-,-,4166.2000,4166.0000,4162.6000,4162.0000,4161.8000,4168.2000,4168.4000,4171.4000,4173.0000,4174.2000,1,1,1,3,1,1,1,1,2,5
SF,IF2009,2020-01-21 09:31:08.600,4168.2000,1839,0,12504660.000,0,-,-,-,-,4166.2000,4166.0000,4162.6000,4162.0000,4161.8000,4168.0000,4168.2000,4171.4000,4173.0000,4174.2000,1,1,1,3,1,1,1,1,2,5
SF,IF2009,2020-01-21 09:31:09.100,4168.2000,1839,0,12504660.000,0,-,-,-,-,4166.2000,4166.0000,4162.6000,4162.0000,4161.8000,4168.0000,4168.2000,4171.4000,4173.0000,4174.2000,1,1,1,3,1,1,1,1,2,5
SF,IF2009,2020-01-21 09:31:09.600,4168.2000,1839,0,12504660.000,0,-,-,-,-,4166.2000,4166.0000,4162.6000,4162.0000,4161.8000,4167.0000,4168.0000,4171.4000,4173.0000,4174.2000,1,1,1,3,1,1,1,1,2,5
SF,IF2009,2020-01-21 09:31:10.100,4168.2000,1839,0,12504660.000,0,-,-,-,-,4166.2000,4166.0000,4162.6000,4162.0000,4161.8000,4167.0000,4168.0000,4171.4000,4173.0000,4174.2000,4,1,1,3,1,1,1,1,2,5
SF,IF2009,2020-01-21 09:31:10.600,4168.2000,1839,0,12504660.000,0,-,-,-,-,4166.2000,4166.0000,4162.6000,4162.0000,4161.8000,4167.0000,4168.0000,4171.4000,4173.0000,4174.2000,4,1,1,3,1,1,1,1,2,5
SF,IF2009,2020-01-21 09:31:11.100,4168.2000,1839,0,12504660.000,0,-,-,-,-,4166.2000,4166.0000,4162.0000,4161.8000,4161.0000,4167.0000,4168.0000,4171.4000,4173.0000,4174.2000,4,1,3,1,1,1,1,1,2,4
SF,IF2009,2020-01-21 09:31:11.600,4168.2000,1839,0,12504660.000,0,-,-,-,-,4166.2000,4166.0000,4162.0000,4161.8000,4161.0000,4167.0000,4168.0000,4171.4000,4173.0000,4174.2000,4,1,3,1,1,1,1,1,2,4
SF,IF2009,2020-01-21 09:31:12.100,4168.2000,1839,0,12504660.000,0,-,-,-,-,4166.2000,4166.0000,4162.0000,4161.8000,4161.0000,4167.0000,4168.0000,4171.4000,4173.0000,4174.2000,4,1,3,1,1,1,1,1,2,4
SF,IF2009,2020-01-21 09:31:12.600,4168.2000,1839,0,12504660.000,0,-,-,-,-,4166.2000,4166.0000,4162.0000,4161.8000,4161.0000,4167.0000,4168.0000,4171.4000,4173.0000,4174.2000,4,1,3,1,1,1,1,1,2,4
SF,IF2009,2020-01-21 09:31:13.100,4167.0000,1839,0,13754760.000,1,0,1,多换,S,4166.2000,4166.0000,4162.0000,4161.8000,4161.0000,4168.0000,4171.4000,4173.0000,4174.2000,4175.2000,4,1,3,1,1,1,1,2,4,1
SF,IF2009,2020-01-21 09:31:15.600,4167.0000,1839,0,13754760.000,0,-,-,-,-,4166.2000,4166.0000,4162.0000,4161.8000,4161.0000,4168.0000,4171.4000,4174.2000,4175.2000,4179.8000,4,1,3,1,1,1,1,4,1,1
SF,IF2009,2020-01-21 09:31:16.100,4167.0000,1839,0,13754760.000,0,-,-,-,-,4166.2000,4166.0000,4162.0000,4161.8000,4161.0000,4168.0000,4171.4000,4174.2000,4175.2000,4179.8000,4,1,3,1,1,1,1,4,1,1
SF,IF2009,2020-01-21 09:31:16.600,4167.0000,1839,0,13754760.000,0,-,-,-,-,4166.2000,4166.0000,4162.0000,4161.8000,4161.0000,4168.0000,4171.4000,4174.2000,4175.2000,4179.8000,4,1,3,1,1,1,1,4,1,1
SF,IF2009,2020-01-21 09:31:19.600,4167.0000,1839,0,13754760.000,0,-,-,-,-,4166.2000,4166.0000,4162.0000,4161.8000,4161.0000,4167.0000,4168.0000,4171.4000,4174.2000,4175.2000,4,1,3,1,1,1,1,1,4,1
SF,IF2009,2020-01-21 09:31:20.100,4167.0000,1839,0,15004860.000,1,0,1,多换,S,4166.2000,4166.0000,4162.0000,4161.8000,4161.0000,4168.0000,4171.4000,4174.2000,4175.2000,4179.8000,4,1,3,1,1,1,1,4,1,1
SF,IF2009,2020-01-21 09:31:20.600,4167.0000,1839,0,15004860.000,0,-,-,-,-,4166.2000,4166.0000,4162.0000,4161.8000,4161.0000,4168.0000,4171.4000,4174.2000,4175.2000,4179.8000,4,1,3,1,1,1,1,4,1,1
SF,IF2009,2020-01-21 09:31:22.100,4167.0000,1839,0,15004860.000,0,-,-,-,-,4166.2000,4166.0000,4162.0000,4161.8000,4161.0000,4167.8000,4168.0000,4171.4000,4174.2000,4175.2000,4,1,3,1,1,1,1,1,4,1
SF,IF2009,2020-01-21 09:31:22.600,4167.0000,1839,0,15004860.000,0,-,-,-,-,4166.2000,4166.0000,4162.0000,4161.8000,4161.2000,4167.6000,4167.8000,4168.0000,4171.4000,4174.2000,3,1,3,1,1,1,1,1,1,4
SF,IF2009,2020-01-21 09:31:23.100,4167.0000,1839,0,15004860.000,0,-,-,-,-,4166.2000,4166.0000,4162.0000,4161.8000,4161.2000,4167.6000,4168.0000,4171.4000,4174.2000,4175.2000,3,1,3,1,1,1,1,1,4,1
SF,IF2009,2020-01-21 09:31:23.600,4166.0000,1843,4,20004240.000,4,4,0,双开,S,4162.0000,4161.8000,4161.2000,4161.0000,4160.0000,4167.6000,4168.0000,4171.4000,4174.2000,4175.2000,3,1,1,1,10,1,1,1,4,1
SF,IF2009,2020-01-21 09:31:24.100,4166.0000,1843,0,20004240.000,0,-,-,-,-,4163.0000,4162.2000,4162.0000,4161.8000,4161.2000,4167.4000,4167.6000,4168.0000,4171.4000,4174.2000,1,2,3,1,1,2,1,1,1,4
SF,IF2009,2020-01-21 09:31:24.600,4166.0000,1843,0,20004240.000,0,-,-,-,-,4163.2000,4163.0000,4162.0000,4161.8000,4161.2000,4167.2000,4167.4000,4168.0000,4171.4000,4174.2000,2,1,3,1,1,1,2,1,1,4
SF,IF2009,2020-01-21 09:31:25.100,4166.0000,1843,0,20004240.000,0,-,-,-,-,4163.2000,4163.0000,4162.0000,4161.8000,4161.2000,4167.0000,4167.2000,4167.4000,4168.0000,4171.4000,2,1,3,1,1,2,1,1,1,1
SF,IF2009,2020-01-21 09:31:25.600,4166.0000,1843,0,20004240.000,0,-,-,-,-,4163.2000,4163.0000,4162.0000,4161.8000,4161.2000,4166.8000,4167.0000,4167.4000,4168.0000,4171.4000,2,1,3,1,1,1,2,1,1,1
SF,IF2009,2020-01-21 09:31:26.100,4166.0000,1843,0,20004240.000,0,-,-,-,-,4163.6000,4163.2000,4163.0000,4162.0000,4161.8000,4166.8000,4167.0000,4167.4000,4168.0000,4171.4000,1,2,1,3,1,1,1,1,1,1
SF,IF2009,2020-01-21 09:31:26.600,4166.0000,1843,0,20004240.000,0,-,-,-,-,4163.8000,4163.6000,4163.0000,4162.0000,4161.8000,4166.6000,4166.8000,4167.0000,4168.0000,4171.4000,2,1,1,3,1,1,1,1,1,1
SF,IF2009,2020-01-21 09:31:27.100,4166.0000,1843,0,20004240.000,0,-,-,-,-,4163.8000,4163.6000,4163.0000,4162.0000,4161.8000,4166.4000,4166.6000,4168.0000,4171.4000,4174.2000,2,1,1,3,1,1,1,1,1,4
SF,IF2009,2020-01-21 09:31:27.600,4166.0000,1843,0,20004240.000,0,-,-,-,-,4163.8000,4163.0000,4162.0000,4161.8000,4161.2000,4168.0000,4171.4000,4174.2000,4179.8000,4180.0000,2,1,3,1,1,1,1,4,1,5
SF,IF2009,2020-01-21 09:31:28.100,4166.0000,1843,0,20004240.000,0,-,-,-,-,4163.8000,4163.0000,4162.0000,4161.8000,4161.2000,4167.8000,4168.0000,4171.4000,4174.2000,4179.8000,2,1,3,1,1,2,1,1,4,1
SF,IF2009,2020-01-21 09:31:28.600,4166.0000,1843,0,20004240.000,0,-,-,-,-,4163.8000,4163.0000,4162.0000,4161.8000,4161.2000,4167.6000,4167.8000,4168.0000,4171.4000,4174.2000,2,1,3,1,1,2,2,1,1,4
SF,IF2009,2020-01-21 09:31:29.100,4166.0000,1843,0,20004240.000,0,-,-,-,-,4163.8000,4163.0000,4162.0000,4161.8000,4161.2000,4167.4000,4167.6000,4168.0000,4171.4000,4174.2000,1,1,3,1,1,2,2,1,1,4
SF,IF2009,2020-01-21 09:31:29.600,4166.0000,1843,0,20004240.000,0,-,-,-,-,4163.8000,4163.0000,4162.0000,4161.8000,4161.2000,4167.2000,4167.4000,4167.6000,4168.0000,4171.4000,1,1,3,1,1,3,2,1,1,1
SF,IF2009,2020-01-21 09:31:30.100,4166.0000,1843,0,20004240.000,0,-,-,-,-,4162.0000,4161.8000,4161.2000,4161.0000,4160.0000,4167.0000,4167.2000,4167.6000,4168.0000,4171.4000,3,1,1,1,10,2,4,1,1,1
SF,IF2009,2020-01-21 09:31:30.600,4166.0000,1843,0,20004240.000,0,-,-,-,-,4162.2000,4162.0000,4161.8000,4161.0000,4160.0000,4166.8000,4167.0000,4167.2000,4167.6000,4168.0000,1,3,1,1,10,3,2,3,1,1
SF,IF2009,2020-01-21 09:31:31.100,4166.0000,1843,0,20004240.000,0,-,-,-,-,4162.4000,4162.2000,4162.0000,4161.8000,4161.0000,4166.6000,4166.8000,4167.2000,4167.6000,4168.0000,1,1,3,1,1,2,1,1,1,1
SF,IF2009,2020-01-21 09:31:31.600,4166.0000,1843,0,20004240.000,0,-,-,-,-,4162.6000,4162.4000,4162.0000,4161.8000,4161.0000,4166.2000,4166.6000,4166.8000,4167.2000,4167.6000,1,1,3,1,1,1,3,1,1,1
SF,IF2009,2020-01-21 09:31:32.100,4166.0000,1843,0,20004240.000,0,-,-,-,-,4162.8000,4162.6000,4162.0000,4161.8000,4161.0000,4166.0000,4166.2000,4166.6000,4166.8000,4167.2000,1,1,3,1,1,3,1,1,1,1
SF,IF2009,2020-01-21 09:31:32.600,4166.0000,1843,0,20004240.000,0,-,-,-,-,4163.0000,4162.0000,4161.8000,4161.0000,4160.0000,4166.0000,4166.2000,4166.6000,4167.2000,4167.6000,1,3,1,1,10,3,1,1,1,1
SF,IF2009,2020-01-21 09:31:33.100,4166.0000,1843,0,20004240.000,0,-,-,-,-,4163.0000,4162.0000,4161.8000,4161.0000,4160.0000,4166.0000,4166.2000,4167.2000,4167.6000,4174.2000,1,3,1,1,10,2,1,1,1,4
SF,IF2009,2020-01-21 09:31:33.600,4166.0000,1843,0,20004240.000,0,-,-,-,-,4163.0000,4162.0000,4161.8000,4161.0000,4160.0000,4165.8000,4166.0000,4166.2000,4167.2000,4167.6000,1,3,1,1,10,2,2,1,1,1
SF,IF2009,2020-01-21 09:31:34.100,4166.0000,1843,0,20004240.000,0,-,-,-,-,4163.0000,4162.0000,4161.8000,4161.0000,4160.0000,4165.6000,4165.8000,4166.2000,4167.2000,4167.6000,1,3,1,1,10,2,2,1,1,1
SF,IF2009,2020-01-21 09:31:35.100,4166.0000,1843,0,20004240.000,0,-,-,-,-,4163.0000,4162.0000,4161.8000,4161.0000,4160.0000,4165.6000,4165.8000,4166.2000,4167.2000,4167.6000,1,3,1,1,10,2,1,1,1,1
SF,IF2009,2020-01-21 09:31:35.600,4166.0000,1843,0,20004240.000,0,-,-,-,-,4163.0000,4162.0000,4161.8000,4161.0000,4160.0000,4165.6000,4165.8000,4166.2000,4167.2000,4167.6000,1,8,1,1,10,2,1,1,1,1
SF,IF2009,2020-01-21 09:31:38.100,4166.0000,1843,0,20004240.000,0,-,-,-,-,4163.0000,4162.0000,4161.8000,4161.0000,4160.0000,4165.6000,4166.2000,4167.2000,4167.6000,4174.2000,1,8,1,1,10,1,1,1,1,4
SF,IF2009,2020-01-21 09:31:38.600,4166.0000,1843,0,20004240.000,0,-,-,-,-,4165.6000,4163.0000,4162.0000,4161.8000,4161.0000,4166.2000,4167.2000,4167.6000,4174.2000,4179.8000,1,1,8,1,1,1,1,1,4,1
SF,IF2009,2020-01-21 09:31:39.100,4165.6000,1843,0,21253920.000,1,0,1,多换,S,4163.0000,4162.0000,4161.8000,4161.0000,4160.0000,4166.2000,4167.2000,4167.6000,4174.2000,4179.8000,1,8,1,1,10,1,1,1,4,1
SF,IF2009,2020-01-21 09:31:39.600,4165.6000,1843,0,21253920.000,0,-,-,-,-,4163.2000,4163.0000,4162.0000,4161.8000,4161.0000,4166.2000,4167.2000,4167.6000,4174.2000,4179.8000,1,1,8,1,1,1,1,1,4,1
SF,IF2009,2020-01-21 09:31:40.100,4165.6000,1843,0,21253920.000,0,-,-,-,-,4163.4000,4163.2000,4162.0000,4161.8000,4161.0000,4166.0000,4166.2000,4167.2000,4167.6000,4174.2000,1,1,8,1,1,1,1,1,1,4
SF,IF2009,2020-01-21 09:31:40.600,4165.6000,1843,0,21253920.000,0,-,-,-,-,4163.4000,4163.2000,4162.0000,4161.8000,4161.0000,4165.8000,4166.0000,4166.2000,4167.2000,4167.6000,1,1,8,1,1,1,1,1,1,1
SF,IF2009,2020-01-21 09:31:41.100,4165.6000,1843,0,21253920.000,0,-,-,-,-,4163.4000,4163.2000,4162.0000,4161.8000,4161.0000,4165.6000,4165.8000,4166.2000,4167.2000,4167.6000,1,1,8,1,1,1,1,1,1,1
SF,IF2009,2020-01-21 09:31:42.100,4165.6000,1843,0,21253920.000,0,-,-,-,-,4163.4000,4163.2000,4162.0000,4161.8000,4161.0000,4165.4000,4165.6000,4166.2000,4167.2000,4167.6000,1,1,8,1,1,1,1,1,1,1
SF,IF2009,2020-01-21 09:31:42.600,4165.6000,1843,0,21253920.000,0,-,-,-,-,4163.4000,4162.8000,4162.0000,4161.8000,4161.0000,4165.2000,4165.4000,4166.2000,4167.2000,4167.6000,1,1,8,1,1,2,1,1,1,1
SF,IF2009,2020-01-21 09:31:43.100,4165.6000,1843,0,21253920.000,0,-,-,-,-,4163.4000,4162.8000,4162.0000,4161.8000,4161.0000,4165.2000,4165.4000,4166.2000,4167.2000,4167.6000,1,1,8,1,1,1,1,1,1,1
SF,IF2009,2020-01-21 09:31:43.600,4165.6000,1843,0,21253920.000,0,-,-,-,-,4163.4000,4162.8000,4162.0000,4161.8000,4161.0000,4165.2000,4166.2000,4167.2000,4167.6000,4169.2000,1,1,8,1,1,1,1,1,1,2
SF,IF2009,2020-01-21 09:31:44.100,4165.6000,1843,0,21253920.000,0,-,-,-,-,4163.4000,4162.8000,4162.0000,4161.8000,4161.0000,4166.2000,4167.2000,4167.6000,4169.2000,4174.2000,1,1,8,1,1,1,1,1,2,4
SF,IF2009,2020-01-21 09:31:44.600,4165.6000,1843,0,21253920.000,0,-,-,-,-,4163.4000,4162.8000,4162.0000,4161.8000,4161.0000,4166.0000,4166.2000,4167.2000,4167.6000,4169.2000,1,1,8,1,1,2,1,1,1,2
SF,IF2009,2020-01-21 09:31:45.600,4165.6000,1843,0,21253920.000,0,-,-,-,-,4163.4000,4162.8000,4162.0000,4161.8000,4161.0000,4166.0000,4166.2000,4167.2000,4167.6000,4174.2000,1,1,8,1,1,2,1,1,1,4
SF,IF2009,2020-01-21 09:31:46.100,4165.6000,1843,0,21253920.000,0,-,-,-,-,4164.2000,4163.4000,4162.8000,4162.0000,4161.8000,4166.0000,4166.2000,4167.2000,4167.6000,4174.2000,1,1,1,8,1,1,1,1,1,4
SF,IF2009,2020-01-21 09:31:46.600,4165.6000,1843,0,21253920.000,0,-,-,-,-,4164.2000,4163.4000,4162.8000,4162.0000,4161.8000,4165.8000,4166.0000,4166.2000,4167.2000,4167.6000,1,1,1,8,1,1,1,1,1,1
SF,IF2009,2020-01-21 09:31:47.100,4165.6000,1843,0,21253920.000,0,-,-,-,-,4164.4000,4164.2000,4162.8000,4162.0000,4161.8000,4166.2000,4167.2000,4167.6000,4174.2000,4179.8000,1,1,1,8,1,1,1,1,4,1
SF,IF2009,2020-01-21 09:31:47.600,4165.6000,1843,0,21253920.000,0,-,-,-,-,4164.8000,4164.4000,4162.8000,4162.0000,4161.8000,4166.2000,4167.2000,4167.6000,4174.2000,4179.8000,1,1,1,8,1,1,1,1,4,1
SF,IF2009,2020-01-21 09:31:48.100,4165.6000,1843,0,21253920.000,0,-,-,-,-,4165.0000,4164.8000,4163.6000,4162.8000,4162.0000,4166.2000,4167.6000,4174.2000,4179.8000,4180.0000,1,1,1,1,8,1,1,4,1,5
SF,IF2009,2020-01-21 09:31:48.600,4165.6000,1843,0,21253920.000,0,-,-,-,-,4165.0000,4164.8000,4163.6000,4162.8000,4162.0000,4166.2000,4174.2000,4179.8000,4180.0000,4240.6000,1,1,1,1,8,1,4,1,5,1
SF,IF2009,2020-01-21 09:31:49.100,4165.6000,1843,0,21253920.000,0,-,-,-,-,4165.0000,4164.8000,4163.6000,4162.8000,4162.0000,4166.2000,4174.2000,4179.8000,4180.0000,4240.6000,1,1,1,1,8,1,4,1,5,1
SF,IF2009,2020-01-21 09:31:49.600,4165.6000,1843,0,21253920.000,0,-,-,-,-,4165.0000,4164.8000,4163.6000,4162.8000,4162.0000,4166.2000,4174.2000,4179.8000,4180.0000,4240.6000,1,1,1,1,8,1,4,1,5,1
SF,IF2009,2020-01-21 09:31:50.100,4165.6000,1843,0,21253920.000,0,-,-,-,-,4165.0000,4164.8000,4163.6000,4162.8000,4162.0000,4166.2000,4174.2000,4179.8000,4180.0000,4240.6000,1,1,1,1,8,1,4,1,5,1
SF,IF2009,2020-01-21 09:31:50.600,4166.2000,1842,-1,22503780.000,1,0,1,双平,S,4164.8000,4163.6000,4162.8000,4162.0000,4161.8000,4172.2000,4174.2000,4179.8000,4180.0000,4240.6000,1,1,1,8,1,3,4,1,5,1
SF,IF2009,2020-01-21 09:31:51.100,4166.2000,1842,0,22503780.000,0,-,-,-,-,4165.0000,4164.8000,4163.6000,4162.8000,4162.0000,4168.4000,4172.0000,4172.2000,4174.2000,4179.8000,1,1,1,1,8,1,3,3,4,1
SF,IF2009,2020-01-21 09:31:51.600,4166.2000,1842,0,22503780.000,0,-,-,-,-,4165.0000,4163.6000,4162.8000,4162.0000,4161.8000,4168.2000,4172.0000,4172.2000,4174.2000,4179.8000,1,1,1,8,1,2,1,3,4,1
SF,IF2009,2020-01-21 09:31:52.600,4166.2000,1842,0,22503780.000,0,-,-,-,-,4165.0000,4163.6000,4162.8000,4162.0000,4161.8000,4168.0000,4168.2000,4172.0000,4172.2000,4174.2000,1,1,1,8,1,1,2,1,3,4
SF,IF2009,2020-01-21 09:31:53.100,4166.2000,1842,0,22503780.000,0,-,-,-,-,4165.0000,4163.6000,4162.8000,4162.0000,4161.8000,4167.8000,4168.0000,4172.0000,4172.2000,4174.2000,1,1,1,8,1,4,1,1,3,4
SF,IF2009,2020-01-21 09:31:54.100,4166.2000,1842,0,22503780.000,0,-,-,-,-,4165.0000,4163.6000,4162.8000,4162.0000,4161.8000,4167.8000,4168.0000,4172.0000,4172.2000,4174.2000,1,1,1,8,1,3,1,1,3,4
SF,IF2009,2020-01-21 09:31:54.600,4166.2000,1842,0,22503780.000,0,-,-,-,-,4165.8000,4165.0000,4163.6000,4162.8000,4162.0000,4167.6000,4167.8000,4172.0000,4172.2000,4174.2000,1,1,1,1,8,1,3,1,3,4
SF,IF2009,2020-01-21 09:31:55.100,4165.8000,1841,-1,23753520.000,1,0,1,双平,S,4165.0000,4163.6000,4162.8000,4162.0000,4161.8000,4167.4000,4167.6000,4167.8000,4172.0000,4172.2000,1,1,1,8,1,2,1,1,1,3
SF,IF2009,2020-01-21 09:31:55.600,4165.8000,1841,0,23753520.000,0,-,-,-,-,4165.0000,4163.6000,4162.8000,4162.0000,4161.8000,4167.2000,4167.8000,4172.0000,4172.2000,4174.2000,1,1,1,8,1,1,1,1,3,4
SF,IF2009,2020-01-21 09:31:56.100,4165.8000,1841,0,23753520.000,0,-,-,-,-,4165.0000,4163.6000,4162.8000,4162.0000,4161.8000,4167.2000,4167.8000,4172.0000,4172.2000,4174.2000,1,1,1,8,1,1,1,1,3,4
SF,IF2009,2020-01-21 09:31:56.600,4165.8000,1841,0,23753520.000,0,-,-,-,-,4165.0000,4163.6000,4162.8000,4162.0000,4161.8000,4172.0000,4172.2000,4174.2000,4179.8000,4180.0000,1,1,1,8,1,1,3,4,1,5
SF,IF2009,2020-01-21 09:31:57.100,4165.8000,1841,0,23753520.000,0,-,-,-,-,4165.2000,4165.0000,4163.6000,4162.8000,4162.0000,4171.8000,4172.0000,4172.2000,4174.2000,4179.8000,1,1,1,1,8,3,1,3,4,1
SF,IF2009,2020-01-21 09:31:57.600,4165.8000,1841,0,23753520.000,0,-,-,-,-,4165.4000,4165.2000,4163.6000,4162.8000,4162.0000,4171.6000,4171.8000,4172.0000,4172.2000,4174.2000,1,1,1,1,8,1,3,1,3,4
SF,IF2009,2020-01-21 09:31:58.100,4165.8000,1841,0,23753520.000,0,-,-,-,-,4165.4000,4165.2000,4163.6000,4162.8000,4162.0000,4170.6000,4171.4000,4171.6000,4172.0000,4172.2000,1,1,1,1,8,2,2,1,1,3
SF,IF2009,2020-01-21 09:31:58.600,4165.8000,1841,0,23753520.000,0,-,-,-,-,4165.8000,4165.4000,4165.2000,4163.6000,4162.8000,4170.4000,4170.6000,4170.8000,4171.6000,4172.0000,1,1,1,1,1,3,2,1,1,1
SF,IF2009,2020-01-21 09:31:59.100,4165.8000,1841,0,23753520.000,0,-,-,-,-,4166.0000,4165.8000,4165.2000,4163.6000,4162.8000,4169.8000,4170.4000,4170.6000,4171.6000,4172.0000,1,1,1,1,1,1,3,2,1,1
SF,IF2009,2020-01-21 09:31:59.600,4165.8000,1841,0,23753520.000,0,-,-,-,-,4166.0000,4165.8000,4165.2000,4163.6000,4162.8000,4169.6000,4169.8000,4170.4000,4171.6000,4172.0000,1,1,1,1,1,3,1,1,1,1
SF,IF2009,2020-01-21 09:32:00.100,4165.8000,1841,0,23753520.000,0,-,-,-,-,4166.0000,4165.8000,4165.2000,4163.6000,4162.8000,4169.4000,4169.6000,4169.8000,4170.4000,4171.6000,1,1,1,1,1,1,3,1,1,1
SF,IF2009,2020-01-21 09:32:00.600,4165.8000,1841,0,23753520.000,0,-,-,-,-,4166.2000,4166.0000,4165.2000,4163.6000,4162.8000,4169.2000,4169.4000,4169.6000,4169.8000,4170.4000,1,1,1,1,1,3,1,1,1,1
SF,IF2009,2020-01-21 09:32:01.100,4165.8000,1841,0,23753520.000,0,-,-,-,-,4165.2000,4163.6000,4162.8000,4162.0000,4161.8000,4168.8000,4169.0000,4169.2000,4169.6000,4169.8000,1,1,1,8,1,1,1,3,1,1
SF,IF2009,2020-01-21 09:32:01.600,4165.8000,1841,0,23753520.000,0,-,-,-,-,4165.4000,4163.6000,4162.8000,4162.0000,4161.8000,4168.4000,4168.6000,4169.0000,4169.2000,4169.6000,1,1,1,8,1,1,3,1,1,1
SF,IF2009,2020-01-21 09:32:02.100,4165.8000,1841,0,23753520.000,0,-,-,-,-,4163.6000,4162.8000,4162.0000,4161.8000,4161.0000,4168.0000,4168.2000,4168.4000,4168.6000,4169.0000,1,1,8,1,1,1,4,1,1,1
SF,IF2009,2020-01-21 09:32:02.600,4165.8000,1841,0,23753520.000,0,-,-,-,-,4163.8000,4163.6000,4162.8000,4162.0000,4161.8000,4167.8000,4168.2000,4168.6000,4169.2000,4169.6000,1,1,1,8,1,3,2,1,1,1
SF,IF2009,2020-01-21 09:32:03.100,4165.8000,1841,0,23753520.000,0,-,-,-,-,4164.0000,4163.8000,4163.6000,4162.8000,4162.0000,4167.8000,4168.2000,4168.6000,4169.2000,4169.6000,1,1,1,1,8,2,2,1,1,1
SF,IF2009,2020-01-21 09:32:03.600,4165.8000,1841,0,23753520.000,0,-,-,-,-,4164.2000,4164.0000,4163.6000,4162.8000,4162.0000,4167.6000,4167.8000,4168.2000,4168.6000,4169.2000,1,1,1,1,8,1,2,1,1,1
SF,IF2009,2020-01-21 09:32:04.100,4165.8000,1841,0,23753520.000,0,-,-,-,-,4164.2000,4164.0000,4163.6000,4162.8000,4162.0000,4167.4000,4167.6000,4168.2000,4168.6000,4169.2000,1,1,1,1,8,2,1,1,1,1
SF,IF2009,2020-01-21 09:32:04.600,4165.8000,1841,0,23753520.000,0,-,-,-,-,4164.6000,4164.2000,4164.0000,4163.6000,4162.8000,4167.0000,4167.4000,4167.6000,4168.2000,4168.6000,1,1,1,1,1,1,1,1,1,1
SF,IF2009,2020-01-21 09:32:05.100,4165.8000,1841,0,23753520.000,0,-,-,-,-,4164.8000,4164.6000,4164.0000,4163.6000,4162.8000,4166.8000,4167.6000,4168.2000,4168.6000,4169.2000,1,1,1,1,1,1,1,1,1,1
SF,IF2009,2020-01-21 09:32:05.600,4165.8000,1841,0,23753520.000,0,-,-,-,-,4165.0000,4164.8000,4164.0000,4163.6000,4162.8000,4166.8000,4167.6000,4168.2000,4168.6000,4169.2000,1,1,1,1,1,1,1,1,1,1
SF,IF2009,2020-01-21 09:32:06.100,4165.8000,1841,0,23753520.000,0,-,-,-,-,4165.2000,4165.0000,4164.0000,4163.6000,4162.8000,4166.8000,4167.6000,4168.2000,4168.6000,4169.2000,1,1,1,1,1,1,1,1,1,1
SF,IF2009,2020-01-21 09:32:06.600,4165.8000,1841,0,23753520.000,0,-,-,-,-,4165.2000,4164.0000,4163.6000,4162.8000,4162.0000,4166.6000,4166.8000,4167.6000,4168.2000,4168.6000,1,1,1,1,8,1,1,1,1,1
SF,IF2009,2020-01-21 09:32:07.100,4165.8000,1841,0,23753520.000,0,-,-,-,-,4165.2000,4164.0000,4163.6000,4162.8000,4162.0000,4168.2000,4168.6000,4169.2000,4169.6000,4173.0000,1,1,1,1,8,1,1,1,1,3
SF,IF2009,2020-01-21 09:32:07.600,4165.8000,1841,0,23753520.000,0,-,-,-,-,4165.2000,4164.0000,4163.6000,4162.8000,4162.0000,4167.8000,4168.0000,4168.2000,4168.6000,4169.2000,1,1,1,1,8,1,2,1,1,1
SF,IF2009,2020-01-21 09:32:08.100,4165.8000,1841,0,23753520.000,0,-,-,-,-,4165.2000,4164.0000,4163.6000,4162.8000,4162.0000,4167.6000,4167.8000,4168.2000,4168.6000,4169.2000,1,1,1,1,8,3,1,1,1,1
SF,IF2009,2020-01-21 09:32:08.600,4165.8000,1841,0,23753520.000,0,-,-,-,-,4165.2000,4164.0000,4163.6000,4162.8000,4162.0000,4167.4000,4167.6000,4168.2000,4168.6000,4169.2000,1,1,1,1,8,1,3,1,1,1
SF,IF2009,2020-01-21 09:32:09.100,4165.8000,1841,0,23753520.000,0,-,-,-,-,4165.2000,4164.0000,4163.6000,4162.8000,4162.0000,4167.2000,4167.4000,4167.6000,4168.2000,4168.6000,1,1,1,1,8,1,1,2,1,1
SF,IF2009,2020-01-21 09:32:09.600,4165.8000,1841,0,23753520.000,0,-,-,-,-,4165.4000,4165.2000,4164.0000,4163.6000,4162.8000,4167.2000,4167.6000,4168.2000,4168.6000,4169.2000,1,1,1,1,1,1,1,1,1,1
SF,IF2009,2020-01-21 09:32:10.100,4165.8000,1841,0,23753520.000,0,-,-,-,-,4165.6000,4165.4000,4164.0000,4163.6000,4162.8000,4167.2000,4167.6000,4168.2000,4168.6000,4169.2000,1,1,1,1,1,1,1,1,1,1
SF,IF2009,2020-01-21 09:32:10.600,4165.8000,1841,0,23753520.000,0,-,-,-,-,4165.6000,4164.0000,4163.6000,4162.8000,4162.0000,4167.0000,4167.2000,4167.6000,4168.2000,4168.6000,1,1,1,1,8,1,1,1,1,1
SF,IF2009,2020-01-21 09:32:11.100,4165.6000,1840,-1,25003200.000,1,0,1,双平,S,4164.0000,4163.6000,4162.8000,4162.0000,4161.8000,4166.8000,4168.2000,4168.6000,4169.2000,4169.6000,1,1,1,8,1,2,1,1,1,1
SF,IF2009,2020-01-21 09:32:11.600,4165.6000,1840,0,25003200.000,0,-,-,-,-,4163.6000,4162.8000,4162.0000,4161.8000,4161.0000,4166.6000,4166.8000,4168.2000,4168.6000,4169.2000,1,1,8,1,1,2,2,1,1,1
SF,IF2009,2020-01-21 09:32:12.100,4165.6000,1840,0,25003200.000,0,-,-,-,-,4163.8000,4163.6000,4162.8000,4162.0000,4161.8000,4166.4000,4166.6000,4168.2000,4168.6000,4169.2000,1,1,1,8,1,2,1,1,1,1
SF,IF2009,2020-01-21 09:32:12.600,4165.6000,1840,0,25003200.000,0,-,-,-,-,4163.8000,4163.6000,4163.0000,4162.8000,4162.0000,4166.2000,4166.4000,4168.2000,4168.6000,4169.2000,1,1,1,1,8,1,2,1,1,1
SF,IF2009,2020-01-21 09:32:13.100,4165.6000,1840,0,25003200.000,0,-,-,-,-,4164.0000,4163.8000,4163.6000,4163.0000,4162.8000,4166.0000,4166.2000,4168.2000,4168.6000,4169.2000,1,1,1,1,1,1,1,1,1,1
SF,IF2009,2020-01-21 09:32:13.600,4165.6000,1840,0,25003200.000,0,-,-,-,-,4164.2000,4164.0000,4163.6000,4163.0000,4162.8000,4168.2000,4168.6000,4169.2000,4169.6000,4173.0000,2,1,1,1,1,1,1,1,1,3
SF,IF2009,2020-01-21 09:32:14.100,4165.6000,1840,0,25003200.000,0,-,-,-,-,4164.2000,4164.0000,4163.6000,4163.0000,4162.8000,4168.0000,4168.2000,4168.6000,4169.2000,4169.6000,1,1,1,1,1,2,1,1,1,1
SF,IF2009,2020-01-21 09:32:14.600,4167.8000,1840,0,26253540.000,1,0,1,多换,S,4164.2000,4164.0000,4163.6000,4163.0000,4162.8000,4168.0000,4168.2000,4168.6000,4169.2000,4169.6000,1,1,1,1,1,2,1,1,1,1
SF,IF2009,2020-01-21 09:32:16.100,4167.8000,1840,0,26253540.000,0,-,-,-,-,4164.2000,4164.0000,4163.6000,4163.0000,4162.8000,4167.8000,4168.0000,4168.2000,4168.6000,4169.2000,1,1,1,1,1,2,2,1,1,1
SF,IF2009,2020-01-21 09:32:16.600,4167.8000,1840,0,26253540.000,0,-,-,-,-,4164.8000,4164.2000,4164.0000,4163.6000,4163.0000,4167.6000,4167.8000,4168.2000,4168.6000,4169.2000,1,1,1,1,1,3,1,1,1,1
SF,IF2009,2020-01-21 09:32:17.100,4167.8000,1840,0,26253540.000,0,-,-,-,-,4165.0000,4164.8000,4164.0000,4163.6000,4163.0000,4167.4000,4167.6000,4168.2000,4168.6000,4169.2000,1,1,1,1,1,2,2,1,1,1
SF,IF2009,2020-01-21 09:32:17.600,4167.8000,1840,0,26253540.000,0,-,-,-,-,4165.0000,4164.8000,4164.0000,4163.6000,4163.0000,4167.2000,4167.4000,4168.2000,4168.6000,4169.2000,1,1,1,1,1,2,1,1,1,1
SF,IF2009,2020-01-21 09:32:18.100,4167.8000,1840,0,26253540.000,0,-,-,-,-,4165.0000,4164.0000,4163.6000,4163.0000,4162.8000,4167.0000,4167.2000,4168.2000,4168.6000,4169.2000,1,2,1,1,1,2,2,1,1,1
SF,IF2009,2020-01-21 09:32:18.600,4167.8000,1840,0,26253540.000,0,-,-,-,-,4164.0000,4163.6000,4163.0000,4162.8000,4162.0000,4166.8000,4167.0000,4168.2000,4168.6000,4169.2000,2,1,1,1,8,3,2,1,1,1
SF,IF2009,2020-01-21 09:32:19.100,4167.8000,1840,0,26253540.000,0,-,-,-,-,4164.2000,4164.0000,4163.6000,4163.2000,4163.0000,4166.8000,4167.0000,4168.2000,4168.6000,4169.2000,2,2,1,1,1,2,1,1,1,1
SF,IF2009,2020-01-21 09:32:20.100,4167.8000,1840,0,26253540.000,0,-,-,-,-,4164.2000,4164.0000,4163.6000,4163.2000,4163.0000,4166.8000,4167.0000,4168.2000,4168.6000,4169.2000,2,2,1,1,1,2,1,1,1,1
SF,IF2009,2020-01-21 09:32:20.600,4167.8000,1840,0,26253540.000,0,-,-,-,-,4164.6000,4164.2000,4164.0000,4163.6000,4163.2000,4166.8000,4167.0000,4168.2000,4168.6000,4169.2000,1,2,1,1,1,2,1,1,1,1
SF,IF2009,2020-01-21 09:32:21.100,4167.8000,1840,0,26253540.000,0,-,-,-,-,4164.8000,4164.6000,4164.2000,4164.0000,4163.6000,4166.8000,4167.0000,4168.2000,4168.6000,4169.2000,1,1,1,1,1,2,1,1,1,1
SF,IF2009,2020-01-21 09:32:21.600,4167.8000,1840,0,26253540.000,0,-,-,-,-,4165.0000,4164.8000,4164.6000,4164.0000,4163.6000,4167.0000,4168.6000,4169.2000,4169.6000,4173.0000,1,1,1,1,1,1,1,1,1,3
SF,IF2009,2020-01-21 09:32:22.100,4167.8000,1840,0,26253540.000,0,-,-,-,-,4165.2000,4165.0000,4164.0000,4163.6000,4163.2000,4168.6000,4169.2000,4169.6000,4173.0000,4174.2000,2,1,1,1,1,1,1,1,3,4
SF,IF2009,2020-01-21 09:32:22.600,4167.8000,1840,0,26253540.000,0,-,-,-,-,4165.6000,4165.2000,4164.0000,4163.6000,4163.2000,4168.4000,4168.6000,4169.2000,4169.6000,4173.0000,1,1,1,1,1,3,1,1,1,3
SF,IF2009,2020-01-21 09:32:23.100,4167.8000,1840,0,26253540.000,0,-,-,-,-,4165.8000,4165.6000,4164.0000,4163.6000,4163.2000,4168.2000,4168.4000,4169.2000,4169.6000,4173.0000,1,1,1,1,1,1,3,1,1,3
SF,IF2009,2020-01-21 09:32:23.600,4167.8000,1840,0,26253540.000,0,-,-,-,-,4165.8000,4164.0000,4163.6000,4163.2000,4163.0000,4168.0000,4168.4000,4169.2000,4169.6000,4173.0000,1,1,1,1,1,3,1,1,1,3
SF,IF2009,2020-01-21 09:32:24.100,4167.8000,1840,0,26253540.000,0,-,-,-,-,4164.0000,4163.8000,4163.6000,4163.2000,4163.0000,4167.8000,4168.0000,4168.4000,4169.2000,4169.6000,1,1,1,1,1,1,3,1,1,1
SF,IF2009,2020-01-21 09:32:24.600,4167.8000,1840,0,26253540.000,0,-,-,-,-,4164.2000,4164.0000,4163.8000,4163.6000,4163.2000,4167.6000,4167.8000,4168.4000,4169.2000,4169.6000,1,1,1,1,1,2,1,1,1,1
SF,IF2009,2020-01-21 09:32:25.100,4167.8000,1840,0,26253540.000,0,-,-,-,-,4164.8000,4164.2000,4164.0000,4163.8000,4163.6000,4167.6000,4168.4000,4169.2000,4169.6000,4173.0000,1,1,1,1,1,2,1,1,1,3
SF,IF2009,2020-01-21 09:32:25.600,4167.8000,1840,0,26253540.000,0,-,-,-,-,4165.0000,4164.8000,4164.0000,4163.8000,4163.6000,4167.4000,4167.6000,4168.4000,4169.2000,4169.6000,2,1,1,1,1,1,1,1,1,1
SF,IF2009,2020-01-21 09:32:26.100,4167.8000,1840,0,26253540.000,0,-,-,-,-,4165.4000,4165.2000,4165.0000,4164.0000,4163.8000,4167.2000,4167.4000,4168.4000,4169.2000,4169.6000,1,1,1,1,1,1,1,1,1,1
SF,IF2009,2020-01-21 09:32:26.600,4167.8000,1840,0,26253540.000,0,-,-,-,-,4165.4000,4165.2000,4165.0000,4164.0000,4163.8000,4167.2000,4168.4000,4169.2000,4169.6000,4173.0000,1,1,1,1,1,1,1,1,1,3
SF,IF2009,2020-01-21 09:32:27.100,4167.8000,1840,0,26253540.000,0,-,-,-,-,4165.6000,4165.4000,4165.2000,4164.0000,4163.8000,4167.2000,4168.4000,4169.2000,4169.6000,4173.0000,1,1,1,1,1,1,1,1,1,3
SF,IF2009,2020-01-21 09:32:27.600,4167.8000,1840,0,26253540.000,0,-,-,-,-,4165.8000,4165.6000,4164.0000,4163.8000,4163.6000,4169.2000,4169.6000,4173.0000,4174.2000,4179.8000,1,1,1,1,1,1,1,3,4,1
SF,IF2009,2020-01-21 09:32:28.100,4167.8000,1840,0,26253540.000,0,-,-,-,-,4166.0000,4164.0000,4163.8000,4163.6000,4163.2000,4168.8000,4169.0000,4169.2000,4169.6000,4173.0000,1,1,1,1,1,1,2,1,1,3
SF,IF2009,2020-01-21 09:32:28.600,4167.8000,1840,0,26253540.000,0,-,-,-,-,4166.0000,4165.4000,4164.0000,4163.8000,4163.6000,4168.6000,4169.2000,4169.6000,4173.0000,4174.2000,1,1,1,1,1,4,1,1,3,4
SF,IF2009,2020-01-21 09:32:29.600,4167.8000,1840,0,26253540.000,0,-,-,-,-,4166.0000,4165.4000,4164.0000,4163.8000,4163.6000,4168.6000,4169.2000,4169.6000,4173.0000,4174.2000,1,1,1,1,1,3,1,1,3,4
SF,IF2009,2020-01-21 09:32:30.100,4167.8000,1840,0,26253540.000,0,-,-,-,-,4166.0000,4165.4000,4164.0000,4163.8000,4163.6000,4168.6000,4169.6000,4173.0000,4174.2000,4179.8000,1,1,1,1,1,3,1,3,4,1
SF,IF2009,2020-01-21 09:32:30.600,4167.8000,1840,0,26253540.000,0,-,-,-,-,4166.0000,4165.4000,4164.0000,4163.8000,4163.6000,4168.6000,4169.6000,4173.0000,4174.2000,4179.8000,1,1,1,1,1,3,1,3,4,1
SF,IF2009,2020-01-21 09:32:31.600,4167.8000,1840,0,26253540.000,0,-,-,-,-,4166.0000,4165.4000,4164.0000,4163.8000,4163.6000,4168.6000,4173.0000,4174.2000,4179.8000,4180.0000,1,1,1,1,1,3,3,4,1,5
SF,IF2009,2020-01-21 09:32:32.100,4167.8000,1840,0,26253540.000,0,-,-,-,-,4166.0000,4165.4000,4164.0000,4163.8000,4163.6000,4168.6000,4173.0000,4174.2000,4179.8000,4180.0000,1,1,1,1,1,2,3,4,1,5
SF,IF2009,2020-01-21 09:32:32.600,4167.8000,1840,0,26253540.000,0,-,-,-,-,4166.0000,4165.4000,4164.0000,4163.8000,4163.6000,4168.4000,4168.6000,4173.0000,4174.2000,4179.8000,1,1,1,1,1,1,2,3,4,1
SF,IF2009,2020-01-21 09:32:33.100,4168.2000,1840,0,27504000.000,1,0,1,多换,S,4166.0000,4165.4000,4164.0000,4163.8000,4163.6000,4168.2000,4168.4000,4173.0000,4174.2000,4179.8000,1,1,1,1,1,2,1,3,4,1
SF,IF2009,2020-01-21 09:32:33.600,4168.2000,1840,0,27504000.000,0,-,-,-,-,4166.0000,4165.4000,4164.0000,4163.8000,4163.6000,4168.2000,4168.4000,4173.0000,4174.2000,4179.8000,1,1,1,1,1,2,1,3,4,1
SF,IF2009,2020-01-21 09:32:34.100,4168.2000,1840,0,27504000.000,0,-,-,-,-,4166.0000,4165.4000,4164.0000,4163.8000,4163.6000,4168.2000,4173.0000,4174.2000,4179.8000,4180.0000,1,1,1,1,1,2,3,4,1,5
SF,IF2009,2020-01-21 09:32:34.600,4168.2000,1840,0,27504000.000,0,-,-,-,-,4166.0000,4165.4000,4164.0000,4163.8000,4163.6000,4168.2000,4173.0000,4174.2000,4179.8000,4180.0000,1,1,1,1,1,1,3,4,1,5
SF,IF2009,2020-01-21 09:32:35.100,4168.2000,1840,0,27504000.000,0,-,-,-,-,4166.0000,4165.4000,4164.0000,4163.8000,4163.6000,4168.2000,4173.0000,4174.2000,4179.8000,4180.0000,1,1,1,1,1,1,3,4,1,5
SF,IF2009,2020-01-21 09:32:35.600,4168.2000,1840,0,27504000.000,0,-,-,-,-,4167.0000,4166.0000,4165.4000,4164.0000,4163.8000,4168.2000,4173.0000,4174.2000,4179.8000,4180.0000,5,1,1,1,1,1,3,4,1,5
SF,IF2009,2020-01-21 09:32:36.100,4168.2000,1840,0,27504000.000,0,-,-,-,-,4167.2000,4167.0000,4165.4000,4164.0000,4163.8000,4168.2000,4173.0000,4174.2000,4179.8000,4180.0000,1,5,1,1,1,1,3,4,1,5
SF,IF2009,2020-01-21 09:32:36.600,4167.2000,1840,0,28754160.000,1,0,1,多换,S,4167.0000,4165.4000,4164.0000,4163.8000,4163.6000,4168.2000,4173.0000,4174.2000,4179.8000,4180.0000,5,1,1,1,1,1,3,4,1,5
SF,IF2009,2020-01-21 09:32:40.100,4167.2000,1840,0,28754160.000,0,-,-,-,-,4167.0000,4165.4000,4163.8000,4163.6000,4163.4000,4168.2000,4173.0000,4174.2000,4179.8000,4180.0000,5,1,1,1,1,1,3,4,1,5
SF,IF2009,2020-01-21 09:32:40.600,4167.2000,1840,0,28754160.000,0,-,-,-,-,4167.0000,4165.4000,4163.8000,4163.6000,4163.4000,4168.2000,4173.0000,4174.2000,4179.8000,4180.0000,5,1,1,1,1,1,3,4,1,5
SF,IF2009,2020-01-21 09:32:41.100,4167.2000,1840,0,28754160.000,0,-,-,-,-,4167.0000,4165.4000,4163.8000,4163.6000,4163.4000,4168.2000,4173.0000,4174.2000,4179.8000,4180.0000,5,1,1,1,1,1,3,4,1,5
SF,IF2009,2020-01-21 09:32:41.600,4168.2000,1840,0,30004620.000,1,0,1,多换,S,4167.2000,4167.0000,4165.4000,4163.8000,4163.6000,4173.0000,4174.2000,4179.8000,4180.0000,4240.6000,1,5,1,1,1,3,4,1,5,1
SF,IF2009,2020-01-21 09:32:42.100,4168.2000,1840,0,30004620.000,0,-,-,-,-,4167.2000,4167.0000,4165.4000,4163.8000,4163.6000,4172.8000,4173.0000,4174.2000,4179.8000,4180.0000,1,5,1,1,1,3,3,4,1,5
SF,IF2009,2020-01-21 09:32:42.600,4167.2000,1840,0,31254780.000,1,0,1,多换,S,4167.0000,4165.4000,4163.8000,4163.6000,4163.4000,4172.8000,4173.0000,4174.2000,4179.8000,4180.0000,5,1,1,1,1,3,3,4,1,5
SF,IF2009,2020-01-21 09:32:43.100,4167.2000,1840,0,31254780.000,0,-,-,-,-,4167.2000,4167.0000,4165.4000,4163.8000,4163.6000,4171.8000,4172.8000,4174.2000,4179.8000,4180.0000,1,5,1,1,1,1,3,4,1,5
SF,IF2009,2020-01-21 09:32:43.600,4167.2000,1840,0,31254780.000,0,-,-,-,-,4167.2000,4167.0000,4165.4000,4163.8000,4163.6000,4171.2000,4171.4000,4171.6000,4171.8000,4172.8000,1,5,1,1,1,2,2,4,1,2
SF,IF2009,2020-01-21 09:32:44.100,4167.2000,1840,0,32504940.000,1,0,1,多换,S,4167.0000,4165.4000,4163.8000,4163.6000,4163.4000,4170.8000,4171.0000,4171.2000,4171.4000,4171.6000,5,1,1,1,1,1,2,2,2,3
SF,IF2009,2020-01-21 09:32:44.600,4167.2000,1840,0,33755100.000,1,0,1,多换,S,4167.0000,4165.4000,4163.8000,4163.6000,4163.4000,4170.6000,4170.8000,4171.0000,4171.2000,4171.4000,5,1,1,1,1,4,1,2,2,1
SF,IF2009,2020-01-21 09:32:45.100,4167.0000,1841,1,35005200.000,1,1,0,双开,S,4167.0000,4165.4000,4163.8000,4163.6000,4163.4000,4169.8000,4170.2000,4170.4000,4170.6000,4171.0000,4,1,1,1,1,1,2,1,4,1
SF,IF2009,2020-01-21 09:32:45.600,4167.0000,1842,1,37505400.000,2,1,1,空开,S,4167.0000,4165.4000,4163.8000,4163.6000,4163.4000,4169.6000,4169.8000,4170.2000,4170.4000,4170.6000,2,1,1,1,1,4,1,2,2,3
SF,IF2009,2020-01-21 09:32:46.100,4167.0000,1843,1,38755500.000,1,1,0,双开,S,4167.0000,4165.4000,4163.8000,4163.6000,4163.4000,4168.4000,4169.2000,4169.4000,4169.6000,4169.8000,1,1,1,1,1,1,2,2,4,1
SF,IF2009,2020-01-21 09:32:46.600,4167.0000,1844,1,40005600.000,1,1,0,双开,S,4165.4000,4163.8000,4163.6000,4163.4000,4163.2000,4168.2000,4169.2000,4169.4000,4169.6000,4169.8000,1,1,1,1,1,1,2,2,2,1
SF,IF2009,2020-01-21 09:32:47.100,4167.0000,1844,0,40005600.000,0,-,-,-,-,4167.0000,4165.6000,4165.4000,4163.8000,4163.6000,4168.2000,4169.2000,4169.4000,4169.6000,4169.8000,1,1,1,1,1,1,2,1,2,1
SF,IF2009,2020-01-21 09:32:47.600,4167.0000,1844,0,40005600.000,0,-,-,-,-,4167.0000,4165.4000,4163.8000,4163.6000,4163.4000,4168.2000,4169.2000,4169.4000,4169.6000,4169.8000,1,1,1,1,1,1,1,1,2,1
SF,IF2009,2020-01-21 09:32:48.100,4167.0000,1845,1,41255700.000,1,1,0,双开,S,4165.4000,4163.8000,4163.6000,4163.4000,4163.2000,4168.2000,4169.2000,4169.4000,4169.6000,4170.6000,1,1,1,1,1,1,1,1,2,1
SF,IF2009,2020-01-21 09:32:48.600,4167.0000,1845,0,41255700.000,0,-,-,-,-,4165.6000,4165.4000,4163.8000,4163.6000,4163.4000,4168.0000,4168.2000,4169.2000,4169.4000,4169.6000,1,1,1,1,1,1,1,1,1,1
SF,IF2009,2020-01-21 09:32:49.100,4167.0000,1845,0,41255700.000,0,-,-,-,-,4165.4000,4163.8000,4163.6000,4163.4000,4163.2000,4167.8000,4168.0000,4169.2000,4169.4000,4169.6000,1,1,1,1,1,1,1,1,1,1
SF,IF2009,2020-01-21 09:32:49.600,4167.0000,1845,0,41255700.000,0,-,-,-,-,4165.6000,4165.4000,4163.8000,4163.6000,4163.4000,4167.6000,4167.8000,4168.0000,4169.2000,4169.4000,1,1,1,1,1,2,1,1,1,1
SF,IF2009,2020-01-21 09:32:50.100,4167.0000,1845,0,41255700.000,0,-,-,-,-,4165.4000,4163.8000,4163.6000,4163.4000,4163.2000,4167.4000,4167.6000,4169.2000,4169.4000,4169.6000,1,1,1,1,1,1,2,1,1,1
SF,IF2009,2020-01-21 09:32:50.600,4167.0000,1845,0,41255700.000,0,-,-,-,-,4165.4000,4163.8000,4163.6000,4163.4000,4163.2000,4167.2000,4167.4000,4169.2000,4169.4000,4169.6000,1,1,1,1,1,1,3,1,1,1
SF,IF2009,2020-01-21 09:32:51.100,4167.0000,1845,0,41255700.000,0,-,-,-,-,4165.4000,4163.8000,4163.6000,4163.4000,4163.2000,4167.0000,4167.2000,4169.2000,4169.4000,4169.6000,1,1,1,1,1,1,2,1,1,1
SF,IF2009,2020-01-21 09:32:51.600,4167.0000,1845,0,41255700.000,0,-,-,-,-,4165.6000,4165.4000,4163.8000,4163.6000,4163.4000,4167.0000,4167.2000,4169.2000,4169.4000,4169.6000,1,1,1,1,1,1,1,1,1,1
SF,IF2009,2020-01-21 09:32:52.100,4167.0000,1845,0,41255700.000,0,-,-,-,-,4165.6000,4163.8000,4163.6000,4163.4000,4163.2000,4167.0000,4169.2000,4169.4000,4169.6000,4170.6000,1,1,1,1,1,1,1,1,1,1
SF,IF2009,2020-01-21 09:32:52.600,4167.0000,1845,0,41255700.000,0,-,-,-,-,4166.2000,4165.8000,4163.8000,4163.6000,4163.4000,4167.0000,4169.2000,4169.4000,4169.6000,4170.6000,1,1,1,1,1,1,1,1,1,1
SF,IF2009,2020-01-21 09:32:53.100,4167.0000,1845,0,41255700.000,0,-,-,-,-,4166.2000,4163.8000,4163.6000,4163.4000,4163.2000,4167.0000,4169.2000,4169.4000,4169.6000,4170.6000,1,1,1,1,1,1,1,1,1,1
SF,IF2009,2020-01-21 09:32:53.600,4167.0000,1845,0,41255700.000,0,-,-,-,-,4166.2000,4163.8000,4163.6000,4163.4000,4163.2000,4167.0000,4169.2000,4169.4000,4169.6000,4170.6000,1,1,1,1,1,1,1,1,1,1
SF,IF2009,2020-01-21 09:32:54.100,4167.0000,1845,0,42505800.000,1,0,1,多换,S,4166.2000,4163.8000,4163.6000,4163.4000,4163.2000,4169.2000,4169.4000,4169.6000,4170.6000,4171.0000,1,1,1,1,1,1,1,1,1,1
SF,IF2009,2020-01-21 09:32:54.600,4167.0000,1845,0,42505800.000,0,-,-,-,-,4166.2000,4163.8000,4163.6000,4163.4000,4163.2000,4168.4000,4168.8000,4169.0000,4169.2000,4169.4000,1,1,1,1,1,1,1,3,1,1
SF,IF2009,2020-01-21 09:32:55.600,4167.0000,1845,0,42505800.000,0,-,-,-,-,4166.2000,4163.8000,4163.6000,4163.4000,4163.2000,4168.4000,4168.8000,4169.0000,4169.2000,4169.4000,1,1,1,1,1,1,1,2,1,1
SF,IF2009,2020-01-21 09:32:56.100,4167.0000,1845,0,42505800.000,0,-,-,-,-,4166.2000,4163.8000,4163.6000,4163.4000,4163.2000,4168.2000,4168.4000,4168.8000,4169.0000,4169.2000,1,1,1,1,1,1,1,1,1,1
SF,IF2009,2020-01-21 09:32:56.600,4167.0000,1845,0,42505800.000,0,-,-,-,-,4166.4000,4166.2000,4163.8000,4163.6000,4163.4000,4168.2000,4169.0000,4169.4000,4169.6000,4170.6000,1,1,1,1,1,1,1,1,1,1
SF,IF2009,2020-01-21 09:32:57.100,4167.0000,1845,0,42505800.000,0,-,-,-,-,4166.4000,4166.2000,4163.8000,4163.6000,4163.4000,4168.2000,4169.0000,4169.4000,4169.6000,4170.6000,1,1,1,1,1,1,1,1,1,1
SF,IF2009,2020-01-21 09:32:57.600,4167.0000,1845,0,42505800.000,0,-,-,-,-,4166.6000,4166.2000,4163.8000,4163.6000,4163.4000,4168.2000,4169.0000,4169.4000,4169.6000,4170.6000,1,1,1,1,1,1,1,1,1,1
SF,IF2009,2020-01-21 09:32:58.100,4167.0000,1845,0,42505800.000,0,-,-,-,-,4166.8000,4166.2000,4163.8000,4163.6000,4163.4000,4168.2000,4169.0000,4169.4000,4169.6000,4170.6000,1,1,1,1,1,1,1,1,1,1
SF,IF2009,2020-01-21 09:32:58.600,4167.0000,1845,0,42505800.000,0,-,-,-,-,4166.8000,4166.2000,4163.8000,4163.6000,4163.4000,4168.2000,4169.0000,4169.4000,4169.6000,4170.6000,1,2,1,1,1,1,1,1,1,1
SF,IF2009,2020-01-21 09:32:59.100,4167.0000,1845,0,42505800.000,0,-,-,-,-,4167.0000,4166.8000,4166.2000,4163.8000,4163.6000,4168.2000,4169.0000,4169.4000,4169.6000,4170.6000,1,1,2,1,1,1,1,1,1,1
SF,IF2009,2020-01-21 09:32:59.600,4167.0000,1845,0,42505800.000,0,-,-,-,-,4167.0000,4166.2000,4163.8000,4163.6000,4163.4000,4168.2000,4169.0000,4169.4000,4169.6000,4170.6000,1,2,1,1,1,1,1,1,1,1
SF,IF2009,2020-01-21 09:33:02.600,4167.0000,1845,0,43755900.000,1,0,1,多换,S,4166.2000,4163.8000,4163.6000,4163.4000,4163.2000,4168.2000,4169.0000,4169.4000,4169.6000,4170.6000,2,1,1,1,1,1,1,1,1,1
SF,IF2009,2020-01-21 09:33:03.100,4167.0000,1845,0,43755900.000,0,-,-,-,-,4166.2000,4163.8000,4163.6000,4163.4000,4163.2000,4168.0000,4168.2000,4169.0000,4169.4000,4169.6000,2,1,1,1,1,3,1,1,1,1
SF,IF2009,2020-01-21 09:33:03.600,4167.0000,1845,0,43755900.000,0,-,-,-,-,4166.2000,4163.8000,4163.6000,4163.4000,4163.2000,4167.8000,4168.0000,4169.0000,4169.4000,4169.6000,2,1,1,1,1,1,3,1,1,1
SF,IF2009,2020-01-21 09:33:04.100,4166.2000,1846,1,45005760.000,1,1,0,双开,S,4166.2000,4163.8000,4163.6000,4163.4000,4163.2000,4167.6000,4167.8000,4168.0000,4169.0000,4169.4000,1,1,1,1,1,2,1,2,1,1
SF,IF2009,2020-01-21 09:33:04.600,4166.2000,1846,0,45005760.000,0,-,-,-,-,4166.2000,4163.8000,4163.6000,4163.4000,4163.2000,4167.4000,4167.6000,4168.0000,4169.0000,4169.4000,1,1,1,1,1,1,2,2,1,1
SF,IF2009,2020-01-21 09:33:05.100,4166.2000,1846,0,45005760.000,0,-,-,-,-,4166.2000,4163.8000,4163.6000,4163.4000,4163.2000,4167.4000,4167.6000,4168.0000,4169.0000,4169.4000,1,1,1,1,1,1,1,2,1,1
SF,IF2009,2020-01-21 09:33:05.600,4166.2000,1846,0,45005760.000,0,-,-,-,-,4166.2000,4163.8000,4163.6000,4163.4000,4163.2000,4167.4000,4167.6000,4168.0000,4169.0000,4169.4000,1,1,1,1,1,1,1,2,1,1
SF,IF2009,2020-01-21 09:33:07.100,4166.2000,1847,1,46255620.000,1,1,0,双开,S,4163.8000,4163.6000,4163.4000,4163.2000,4163.0000,4167.4000,4167.6000,4168.0000,4169.0000,4169.4000,1,1,1,1,1,1,1,2,1,1
SF,IF2009,2020-01-21 09:33:07.600,4166.2000,1847,0,46255620.000,0,-,-,-,-,4164.0000,4163.8000,4163.6000,4163.4000,4163.2000,4167.4000,4167.6000,4168.0000,4169.0000,4169.4000,2,1,1,1,1,1,1,1,1,1
SF,IF2009,2020-01-21 09:33:08.100,4166.2000,1847,0,46255620.000,0,-,-,-,-,4164.4000,4164.0000,4163.8000,4163.6000,4163.4000,4167.2000,4167.4000,4167.6000,4168.0000,4169.0000,1,2,1,1,1,1,1,1,1,1
SF,IF2009,2020-01-21 09:33:08.600,4166.2000,1847,0,46255620.000,0,-,-,-,-,4164.6000,4164.0000,4163.8000,4163.6000,4163.4000,4167.0000,4167.2000,4167.6000,4168.0000,4169.0000,2,1,1,1,1,1,2,1,1,1
SF,IF2009,2020-01-21 09:33:09.100,4166.2000,1847,0,46255620.000,0,-,-,-,-,4164.8000,4164.6000,4164.0000,4163.8000,4163.6000,4167.0000,4167.2000,4167.6000,4168.0000,4169.0000,1,1,1,1,1,1,1,1,1,1
SF,IF2009,2020-01-21 09:33:09.600,4166.2000,1847,0,46255620.000,0,-,-,-,-,4165.0000,4164.8000,4164.0000,4163.8000,4163.6000,4167.0000,4167.6000,4168.0000,4169.0000,4169.6000,1,1,1,1,1,1,1,1,1,1
SF,IF2009,2020-01-21 09:33:10.100,4166.2000,1847,0,46255620.000,0,-,-,-,-,4165.2000,4165.0000,4164.0000,4163.8000,4163.6000,4166.8000,4167.0000,4167.6000,4168.0000,4169.0000,1,1,1,1,1,1,1,1,1,1
SF,IF2009,2020-01-21 09:33:10.600,4166.2000,1847,0,46255620.000,0,-,-,-,-,4165.4000,4165.0000,4164.0000,4163.8000,4163.6000,4166.8000,4167.0000,4167.6000,4168.0000,4169.0000,1,1,1,1,1,1,1,1,1,1
SF,IF2009,2020-01-21 09:33:11.100,4166.2000,1847,0,46255620.000,0,-,-,-,-,4164.0000,4163.8000,4163.6000,4163.4000,4163.2000,4166.6000,4166.8000,4167.6000,4168.0000,4169.0000,1,1,1,1,1,1,1,1,1,1
SF,IF2009,2020-01-21 09:33:11.600,4166.2000,1847,0,46255620.000,0,-,-,-,-,4164.4000,4164.2000,4164.0000,4163.8000,4163.6000,4166.4000,4166.6000,4167.6000,4168.0000,4169.0000,1,1,1,1,1,1,1,1,1,1
SF,IF2009,2020-01-21 09:33:12.100,4166.2000,1847,0,46255620.000,0,-,-,-,-,4164.6000,4164.2000,4163.8000,4163.6000,4163.4000,4166.2000,4166.4000,4167.6000,4168.0000,4169.0000,1,1,1,1,1,1,1,1,1,1
SF,IF2009,2020-01-21 09:33:12.600,4166.2000,1847,0,46255620.000,0,-,-,-,-,4164.8000,4164.2000,4163.8000,4163.6000,4163.4000,4166.2000,4167.6000,4168.0000,4169.0000,4169.6000,1,1,1,1,1,1,1,1,1,1
SF,IF2009,2020-01-21 09:33:13.100,4166.2000,1847,0,46255620.000,0,-,-,-,-,4164.8000,4164.2000,4163.8000,4163.6000,4163.4000,4167.6000,4168.0000,4169.0000,4169.6000,4170.6000,1,1,1,1,1,1,1,1,1,1
SF,IF2009,2020-01-21 09:33:13.600,4166.2000,1847,0,46255620.000,0,-,-,-,-,4164.2000,4163.8000,4163.6000,4163.4000,4163.2000,4167.4000,4167.6000,4168.0000,4169.0000,4169.6000,1,1,1,1,1,3,1,1,1,1
SF,IF2009,2020-01-21 09:33:14.100,4166.2000,1847,0,46255620.000,0,-,-,-,-,4164.2000,4163.8000,4163.6000,4163.4000,4163.2000,4167.0000,4167.2000,4167.4000,4167.6000,4168.0000,1,1,1,1,1,1,1,2,1,1
SF,IF2009,2020-01-21 09:33:14.600,4166.2000,1847,0,46255620.000,0,-,-,-,-,4163.8000,4163.6000,4163.4000,4163.2000,4163.0000,4166.8000,4167.0000,4167.2000,4167.4000,4167.6000,1,1,1,1,1,2,1,1,1,1
SF,IF2009,2020-01-21 09:33:15.100,4166.2000,1847,0,46255620.000,0,-,-,-,-,4163.8000,4163.6000,4163.4000,4163.2000,4163.0000,4166.6000,4166.8000,4167.2000,4167.6000,4168.0000,1,1,1,1,1,2,2,1,1,1
SF,IF2009,2020-01-21 09:33:15.600,4166.2000,1847,0,46255620.000,0,-,-,-,-,4164.0000,4163.8000,4163.6000,4163.4000,4163.2000,4166.4000,4166.6000,4167.2000,4167.6000,4168.0000,2,1,1,1,1,3,1,1,1,1
SF,IF2009,2020-01-21 09:33:16.100,4166.2000,1847,0,46255620.000,0,-,-,-,-,4164.0000,4163.8000,4163.6000,4163.4000,4163.2000,4166.4000,4166.6000,4167.2000,4167.6000,4168.0000,1,1,1,1,1,3,1,1,1,1
SF,IF2009,2020-01-21 09:33:16.600,4166.2000,1847,0,46255620.000,0,-,-,-,-,4164.0000,4163.8000,4163.6000,4163.4000,4163.2000,4166.2000,4166.4000,4166.6000,4167.2000,4167.6000,1,1,1,1,1,2,1,1,1,1
SF,IF2009,2020-01-21 09:33:17.100,4166.2000,1847,0,46255620.000,0,-,-,-,-,4163.8000,4163.6000,4163.4000,4163.2000,4163.0000,4166.0000,4166.2000,4166.6000,4167.2000,4167.6000,1,1,1,1,1,3,2,1,1,1
SF,IF2009,2020-01-21 09:33:17.600,4166.2000,1847,0,46255620.000,0,-,-,-,-,4163.8000,4163.6000,4163.4000,4163.2000,4163.0000,4166.0000,4166.2000,4166.6000,4167.2000,4167.6000,1,1,1,1,1,3,2,1,1,1
SF,IF2009,2020-01-21 09:33:18.100,4166.2000,1847,0,46255620.000,0,-,-,-,-,4163.8000,4163.6000,4163.4000,4163.2000,4163.0000,4165.6000,4166.0000,4166.2000,4166.6000,4167.2000,1,1,1,1,1,1,1,2,1,1
SF,IF2009,2020-01-21 09:33:18.600,4166.2000,1847,0,46255620.000,0,-,-,-,-,4163.8000,4163.6000,4163.4000,4163.2000,4163.0000,4165.4000,4165.6000,4166.2000,4166.6000,4167.2000,1,1,1,1,1,1,1,1,1,1
SF,IF2009,2020-01-21 09:33:19.100,4166.2000,1847,0,46255620.000,0,-,-,-,-,4163.8000,4163.6000,4163.4000,4163.2000,4163.0000,4165.2000,4165.4000,4165.6000,4166.2000,4166.6000,1,1,1,1,1,1,1,1,1,1
SF,IF2009,2020-01-21 09:33:19.600,4166.2000,1847,0,46255620.000,0,-,-,-,-,4163.8000,4163.6000,4163.4000,4163.2000,4163.0000,4165.4000,4166.2000,4166.6000,4167.2000,4167.6000,1,1,1,1,1,1,1,1,1,1
SF,IF2009,2020-01-21 09:33:20.100,4166.2000,1847,0,46255620.000,0,-,-,-,-,4164.0000,4163.8000,4163.6000,4163.4000,4163.2000,4165.4000,4166.2000,4166.6000,4167.2000,4167.6000,1,1,1,1,1,1,1,1,1,1
SF,IF2009,2020-01-21 09:33:20.600,4166.2000,1847,0,46255620.000,0,-,-,-,-,4163.8000,4163.6000,4163.4000,4163.2000,4163.0000,4165.4000,4166.2000,4166.6000,4167.2000,4167.6000,1,1,1,1,1,1,1,1,1,1
SF,IF2009,2020-01-21 09:33:21.100,4166.2000,1847,0,46255620.000,0,-,-,-,-,4163.8000,4163.6000,4163.4000,4163.2000,4163.0000,4165.2000,4165.4000,4166.2000,4166.6000,4167.2000,1,1,1,1,1,1,1,1,1,1
SF,IF2009,2020-01-21 09:33:21.600,4163.8000,1848,1,47504760.000,1,1,0,双开,S,4163.6000,4163.4000,4163.2000,4163.0000,4162.0000,4165.2000,4165.4000,4166.2000,4166.6000,4167.2000,1,1,1,1,3,1,1,1,1,1
SF,IF2009,2020-01-21 09:33:22.100,4163.8000,1848,0,47504760.000,0,-,-,-,-,4163.8000,4163.6000,4163.4000,4163.2000,4163.0000,4165.0000,4166.2000,4166.6000,4167.2000,4167.6000,1,1,1,1,1,2,1,1,1,1
SF,IF2009,2020-01-21 09:33:22.600,4163.8000,1848,0,47504760.000,0,-,-,-,-,4163.8000,4163.6000,4163.4000,4163.2000,4163.0000,4165.0000,4166.2000,4166.6000,4167.2000,4167.6000,1,1,1,1,1,1,1,1,1,1
SF,IF2009,2020-01-21 09:33:23.100,4163.8000,1848,0,47504760.000,0,-,-,-,-,4163.6000,4163.4000,4163.2000,4163.0000,4162.0000,4166.2000,4166.6000,4167.2000,4167.6000,4168.0000,1,1,1,1,3,1,1,1,1,1
SF,IF2009,2020-01-21 09:33:23.600,4163.8000,1848,0,47504760.000,0,-,-,-,-,4163.8000,4163.6000,4163.4000,4163.2000,4163.0000,4166.0000,4166.2000,4166.6000,4167.2000,4167.6000,1,1,1,1,1,1,1,1,1,1
SF,IF2009,2020-01-21 09:33:24.100,4163.8000,1848,0,47504760.000,0,-,-,-,-,4163.8000,4163.6000,4163.4000,4163.2000,4163.0000,4166.2000,4167.2000,4167.6000,4168.0000,4171.6000,1,1,1,1,1,2,1,1,1,1
SF,IF2009,2020-01-21 09:33:24.600,4163.8000,1848,0,47504760.000,0,-,-,-,-,4164.0000,4163.8000,4163.6000,4163.4000,4163.2000,4165.8000,4167.2000,4167.6000,4168.0000,4171.6000,1,1,1,1,1,1,1,1,1,1
SF,IF2009,2020-01-21 09:33:25.100,4165.8000,1847,-1,48754500.000,1,0,1,双平,S,4164.2000,4163.6000,4163.4000,4163.2000,4163.0000,4168.0000,4171.6000,4172.4000,4174.2000,4179.8000,3,1,1,1,1,1,1,3,4,1
SF,IF2009,2020-01-21 09:33:25.600,4165.8000,1847,0,48754500.000,0,-,-,-,-,4164.6000,4164.2000,4163.6000,4163.4000,4163.2000,4167.8000,4168.0000,4171.6000,4172.4000,4174.2000,1,3,1,1,1,1,1,1,3,4
SF,IF2009,2020-01-21 09:33:26.100,4165.8000,1847,0,48754500.000,0,-,-,-,-,4164.6000,4164.2000,4163.6000,4163.4000,4163.2000,4167.4000,4167.6000,4167.8000,4168.0000,4171.6000,1,1,1,1,1,1,2,1,1,1
SF,IF2009,2020-01-21 09:33:26.600,4165.8000,1847,0,48754500.000,0,-,-,-,-,4164.6000,4163.6000,4163.4000,4163.2000,4163.0000,4167.2000,4167.6000,4168.0000,4171.6000,4172.4000,1,1,1,1,1,2,2,1,1,3
SF,IF2009,2020-01-21 09:33:27.100,4165.8000,1847,0,48754500.000,0,-,-,-,-,4164.6000,4163.6000,4163.4000,4163.2000,4163.0000,4167.0000,4167.2000,4167.6000,4168.0000,4171.6000,1,1,1,1,1,1,2,1,1,1
SF,IF2009,2020-01-21 09:33:27.600,4165.8000,1847,0,48754500.000,0,-,-,-,-,4164.8000,4164.6000,4163.6000,4163.4000,4163.2000,4166.8000,4167.0000,4167.6000,4168.0000,4171.6000,1,1,1,1,1,1,1,1,1,1
SF,IF2009,2020-01-21 09:33:28.100,4165.8000,1847,0,48754500.000,0,-,-,-,-,4164.8000,4163.6000,4163.4000,4163.2000,4163.0000,4166.8000,4167.6000,4168.0000,4171.6000,4172.4000,1,1,1,1,1,1,1,1,1,3
SF,IF2009,2020-01-21 09:33:28.600,4165.8000,1847,0,48754500.000,0,-,-,-,-,4165.0000,4164.8000,4163.6000,4163.4000,4163.2000,4166.8000,4168.0000,4171.6000,4172.4000,4174.2000,1,1,1,1,1,1,1,1,3,4
SF,IF2009,2020-01-21 09:33:29.100,4165.8000,1847,0,48754500.000,0,-,-,-,-,4165.0000,4164.8000,4163.6000,4163.4000,4163.2000,4166.8000,4168.0000,4171.6000,4172.4000,4174.2000,1,1,1,1,1,1,1,1,3,4
SF,IF2009,2020-01-21 09:33:29.600,4165.8000,1847,0,48754500.000,0,-,-,-,-,4165.0000,4164.8000,4163.6000,4163.4000,4163.2000,4166.8000,4168.0000,4171.6000,4172.4000,4174.2000,1,1,1,1,1,1,1,1,3,4
SF,IF2009,2020-01-21 09:33:30.100,4165.8000,1847,0,48754500.000,0,-,-,-,-,4165.0000,4164.8000,4163.6000,4163.4000,4163.2000,4166.8000,4168.0000,4171.6000,4172.4000,4174.2000,1,1,1,1,1,1,1,1,3,4
SF,IF2009,2020-01-21 09:33:30.600,4165.8000,1847,0,48754500.000,0,-,-,-,-,4165.0000,4164.8000,4163.6000,4163.4000,4163.2000,4166.8000,4168.0000,4171.6000,4172.4000,4174.2000,1,1,1,1,1,1,1,1,3,4
SF,IF2009,2020-01-21 09:33:31.100,4165.8000,1847,0,48754500.000,0,-,-,-,-,4163.6000,4163.4000,4163.2000,4163.0000,4162.0000,4166.8000,4168.0000,4171.6000,4172.4000,4174.2000,1,1,1,1,3,1,1,1,3,4
SF,IF2009,2020-01-21 09:33:31.600,4165.8000,1847,0,48754500.000,0,-,-,-,-,4164.0000,4163.8000,4163.6000,4163.4000,4163.2000,4166.8000,4168.0000,4171.6000,4172.4000,4174.2000,1,1,1,1,1,1,1,1,3,4
SF,IF2009,2020-01-21 09:33:32.100,4165.8000,1847,0,48754500.000,0,-,-,-,-,4164.2000,4163.6000,4163.4000,4163.2000,4163.0000,4166.8000,4168.0000,4171.6000,4172.4000,4174.2000,2,1,1,1,1,1,1,1,3,4
SF,IF2009,2020-01-21 09:33:32.600,4165.8000,1847,0,48754500.000,0,-,-,-,-,4164.2000,4163.6000,4163.4000,4163.2000,4163.0000,4166.8000,4168.0000,4171.6000,4172.4000,4174.2000,2,1,1,1,1,1,1,1,3,4
SF,IF2009,2020-01-21 09:33:33.100,4165.8000,1847,0,48754500.000,0,-,-,-,-,4164.2000,4163.6000,4163.4000,4163.2000,4163.0000,4166.8000,4168.0000,4171.6000,4172.4000,4174.2000,2,1,1,1,1,1,1,1,3,4
SF,IF2009,2020-01-21 09:33:33.600,4165.8000,1847,0,48754500.000,0,-,-,-,-,4164.2000,4163.6000,4163.4000,4163.2000,4163.0000,4166.8000,4168.0000,4171.6000,4172.4000,4174.2000,1,1,1,1,1,1,1,1,3,4
SF,IF2009,2020-01-21 09:33:34.100,4165.8000,1847,0,48754500.000,0,-,-,-,-,4164.2000,4163.6000,4163.4000,4163.2000,4163.0000,4166.6000,4166.8000,4168.0000,4171.6000,4172.4000,1,1,1,1,1,1,1,1,1,3
SF,IF2009,2020-01-21 09:33:34.600,4165.8000,1847,0,48754500.000,0,-,-,-,-,4164.4000,4164.2000,4163.6000,4163.4000,4163.2000,4166.4000,4166.6000,4168.0000,4171.6000,4172.4000,1,1,1,1,1,1,1,1,1,3
SF,IF2009,2020-01-21 09:33:35.100,4165.8000,1847,0,48754500.000,0,-,-,-,-,4164.6000,4163.6000,4163.4000,4163.2000,4163.0000,4166.4000,4168.0000,4171.6000,4172.4000,4174.2000,2,1,1,1,1,1,1,1,3,4
SF,IF2009,2020-01-21 09:33:35.600,4165.8000,1847,0,48754500.000,0,-,-,-,-,4164.6000,4163.6000,4163.4000,4163.2000,4163.0000,4166.4000,4168.0000,4171.6000,4172.4000,4174.2000,1,1,1,1,1,1,1,1,3,4
SF,IF2009,2020-01-21 09:33:36.600,4165.8000,1847,0,48754500.000,0,-,-,-,-,4163.6000,4163.4000,4163.2000,4163.0000,4162.0000,4166.4000,4168.0000,4171.6000,4172.4000,4174.2000,1,1,1,1,3,1,1,1,3,4
SF,IF2009,2020-01-21 09:33:37.100,4165.8000,1847,0,48754500.000,0,-,-,-,-,4163.8000,4163.6000,4163.4000,4163.2000,4163.0000,4166.2000,4166.4000,4168.0000,4171.6000,4172.4000,1,1,1,1,1,1,1,1,1,3
SF,IF2009,2020-01-21 09:33:37.600,4165.8000,1847,0,48754500.000,0,-,-,-,-,4163.8000,4163.6000,4163.4000,4163.2000,4163.0000,4166.0000,4166.2000,4168.0000,4171.6000,4172.4000,1,1,1,1,1,1,1,1,1,3
SF,IF2009,2020-01-21 09:33:38.100,4165.8000,1847,0,48754500.000,0,-,-,-,-,4163.8000,4163.6000,4163.4000,4163.2000,4163.0000,4166.0000,4168.0000,4171.6000,4172.4000,4174.2000,1,1,1,1,1,1,1,1,3,4
SF,IF2009,2020-01-21 09:33:38.600,4165.8000,1847,0,48754500.000,0,-,-,-,-,4163.8000,4163.6000,4163.4000,4163.2000,4163.0000,4166.0000,4168.0000,4171.6000,4172.4000,4174.2000,1,1,1,1,1,1,1,1,3,4
SF,IF2009,2020-01-21 09:33:39.100,4165.8000,1847,0,48754500.000,0,-,-,-,-,4164.2000,4164.0000,4163.8000,4163.6000,4163.4000,4166.0000,4168.0000,4171.6000,4172.4000,4174.2000,1,1,1,1,1,1,1,1,3,4
SF,IF2009,2020-01-21 09:33:39.600,4165.8000,1847,0,48754500.000,0,-,-,-,-,4164.2000,4164.0000,4163.8000,4163.6000,4163.4000,4166.0000,4168.0000,4171.6000,4172.4000,4174.2000,1,2,1,1,1,1,1,1,3,4
SF,IF2009,2020-01-21 09:33:40.100,4165.8000,1847,0,48754500.000,0,-,-,-,-,4164.4000,4164.0000,4163.6000,4163.4000,4163.2000,4166.0000,4168.0000,4171.6000,4172.4000,4174.2000,1,1,1,1,1,1,1,1,3,4
SF,IF2009,2020-01-21 09:33:40.600,4164.6000,1847,0,50003880.000,1,0,1,多换,S,4164.4000,4164.0000,4163.6000,4163.4000,4163.2000,4165.8000,4166.0000,4168.0000,4171.6000,4172.4000,1,1,1,1,1,1,1,1,1,3
SF,IF2009,2020-01-21 09:33:41.100,4164.6000,1847,0,50003880.000,0,-,-,-,-,4164.4000,4164.0000,4163.6000,4163.4000,4163.2000,4166.0000,4168.0000,4171.6000,4172.4000,4174.2000,1,1,1,1,1,1,1,1,3,4
SF,IF2009,2020-01-21 09:33:41.600,4164.6000,1847,0,50003880.000,0,-,-,-,-,4164.4000,4164.0000,4163.6000,4163.4000,4163.2000,4166.0000,4168.0000,4171.6000,4172.4000,4174.2000,1,1,1,1,1,1,1,1,3,4
SF,IF2009,2020-01-21 09:33:42.100,4164.6000,1847,0,50003880.000,0,-,-,-,-,4164.4000,4164.0000,4163.6000,4163.4000,4163.2000,4166.0000,4168.0000,4171.6000,4172.4000,4174.2000,1,1,1,1,1,1,1,1,3,4
SF,IF2009,2020-01-21 09:33:42.600,4164.6000,1847,0,50003880.000,0,-,-,-,-,4164.4000,4164.0000,4163.6000,4163.4000,4163.2000,4168.0000,4171.6000,4172.4000,4174.2000,4179.8000,1,1,1,1,1,1,1,3,4,1
SF,IF2009,2020-01-21 09:33:43.100,4164.6000,1847,0,50003880.000,0,-,-,-,-,4164.4000,4164.0000,4163.6000,4163.4000,4163.2000,4167.8000,4168.0000,4171.6000,4172.4000,4174.2000,1,1,1,1,1,1,1,1,3,4
SF,IF2009,2020-01-21 09:33:43.600,4164.6000,1847,0,50003880.000,0,-,-,-,-,4164.4000,4164.0000,4163.6000,4163.4000,4163.2000,4167.4000,4167.6000,4167.8000,4168.0000,4171.6000,1,1,1,1,1,1,1,1,1,1
SF,IF2009,2020-01-21 09:33:44.100,4164.6000,1847,0,50003880.000,0,-,-,-,-,4164.4000,4164.0000,4163.6000,4163.4000,4163.2000,4167.2000,4167.4000,4167.6000,4168.0000,4171.6000,1,1,1,1,1,2,1,1,1,1
SF,IF2009,2020-01-21 09:33:44.600,4164.6000,1847,0,50003880.000,0,-,-,-,-,4164.0000,4163.6000,4163.4000,4163.2000,4163.0000,4167.0000,4167.2000,4167.6000,4168.0000,4171.6000,1,1,1,1,1,2,2,1,1,1
SF,IF2009,2020-01-21 09:33:45.100,4164.6000,1847,0,50003880.000,0,-,-,-,-,4164.2000,4164.0000,4163.6000,4163.4000,4163.2000,4166.8000,4167.0000,4167.2000,4167.6000,4168.0000,1,1,1,1,1,1,2,1,1,1
SF,IF2009,2020-01-21 09:33:45.600,4164.6000,1847,0,50003880.000,0,-,-,-,-,4164.2000,4164.0000,4163.6000,4163.4000,4163.2000,4166.8000,4167.0000,4167.6000,4168.0000,4171.6000,1,1,1,1,1,1,2,1,1,1
SF,IF2009,2020-01-21 09:33:47.600,4164.6000,1847,0,50003880.000,0,-,-,-,-,4164.4000,4164.2000,4164.0000,4163.6000,4163.4000,4166.8000,4168.0000,4171.6000,4172.4000,4174.2000,1,1,1,1,1,1,1,1,3,4
SF,IF2009,2020-01-21 09:33:48.100,4164.6000,1847,0,50003880.000,0,-,-,-,-,4164.6000,4164.4000,4164.0000,4163.6000,4163.4000,4166.8000,4168.0000,4171.6000,4172.4000,4174.2000,1,1,1,1,1,1,1,1,3,4
SF,IF2009,2020-01-21 09:33:49.600,4164.6000,1847,0,50003880.000,0,-,-,-,-,4164.8000,4164.6000,4164.4000,4164.0000,4163.6000,4166.8000,4168.0000,4171.6000,4172.4000,4174.2000,2,1,1,1,1,1,1,1,3,4
SF,IF2009,2020-01-21 09:33:50.100,4164.6000,1847,0,50003880.000,0,-,-,-,-,4165.0000,4164.8000,4164.4000,4164.0000,4163.6000,4171.6000,4172.4000,4174.2000,4179.8000,4180.0000,1,2,1,1,1,1,3,4,1,5
SF,IF2009,2020-01-21 09:33:50.600,4164.6000,1847,0,50003880.000,0,-,-,-,-,4165.0000,4164.8000,4164.4000,4164.0000,4163.6000,4168.4000,4171.4000,4171.6000,4172.4000,4174.2000,1,2,1,1,1,1,1,1,3,4
SF,IF2009,2020-01-21 09:33:51.100,4164.6000,1847,0,50003880.000,0,-,-,-,-,4165.2000,4165.0000,4164.8000,4164.0000,4163.6000,4168.2000,4168.4000,4171.6000,4172.4000,4174.2000,1,1,1,1,1,1,1,1,3,4
SF,IF2009,2020-01-21 09:33:51.600,4164.6000,1847,0,50003880.000,0,-,-,-,-,4165.4000,4165.2000,4164.8000,4164.0000,4163.6000,4167.8000,4168.2000,4168.4000,4171.6000,4172.4000,1,1,1,1,1,1,1,1,1,3
SF,IF2009,2020-01-21 09:33:52.100,4164.6000,1847,0,50003880.000,0,-,-,-,-,4165.4000,4165.2000,4164.8000,4164.0000,4163.6000,4167.6000,4167.8000,4168.4000,4171.6000,4172.4000,1,1,1,1,1,2,1,1,1,3
SF,IF2009,2020-01-21 09:33:52.600,4165.4000,1847,0,51253500.000,1,0,1,多换,S,4165.2000,4164.8000,4164.0000,4163.6000,4163.4000,4167.6000,4168.4000,4171.6000,4172.4000,4174.2000,1,1,1,1,1,3,1,1,3,4
SF,IF2009,2020-01-21 09:33:53.100,4165.4000,1847,0,51253500.000,0,-,-,-,-,4164.8000,4164.0000,4163.6000,4163.4000,4163.2000,4167.4000,4167.6000,4168.4000,4171.6000,4172.4000,1,1,1,1,1,2,2,1,1,3
SF,IF2009,2020-01-21 09:33:53.600,4167.2000,1848,1,52503660.000,1,1,0,双开,S,4164.8000,4164.0000,4163.6000,4163.4000,4163.2000,4167.2000,4167.6000,4168.4000,4171.6000,4172.4000,1,1,1,1,1,1,1,1,1,3
SF,IF2009,2020-01-21 09:33:54.100,4167.2000,1848,0,52503660.000,0,-,-,-,-,4164.8000,4164.0000,4163.6000,4163.4000,4163.2000,4167.2000,4167.6000,4168.4000,4171.6000,4172.4000,1,1,1,1,1,1,1,1,1,3
SF,IF2009,2020-01-21 09:33:54.600,4167.2000,1848,0,52503660.000,0,-,-,-,-,4165.0000,4164.8000,4164.0000,4163.6000,4163.4000,4167.2000,4167.6000,4168.4000,4171.6000,4172.4000,1,1,1,1,1,1,1,1,1,3
SF,IF2009,2020-01-21 09:33:55.100,4167.2000,1848,0,52503660.000,0,-,-,-,-,4165.2000,4165.0000,4164.8000,4164.0000,4163.6000,4167.0000,4167.2000,4168.4000,4171.6000,4172.4000,1,1,1,1,1,1,1,1,1,3
SF,IF2009,2020-01-21 09:33:55.600,4167.2000,1848,0,52503660.000,0,-,-,-,-,4165.2000,4165.0000,4164.8000,4164.0000,4163.6000,4166.8000,4167.0000,4168.4000,4171.6000,4172.4000,1,1,1,1,1,1,1,1,1,3
SF,IF2009,2020-01-21 09:33:56.100,4167.2000,1848,0,52503660.000,0,-,-,-,-,4164.8000,4164.0000,4163.6000,4163.4000,4163.2000,4166.6000,4166.8000,4167.0000,4168.4000,4171.6000,1,1,1,1,1,2,1,1,1,1
SF,IF2009,2020-01-21 09:33:56.600,4167.2000,1848,0,52503660.000,0,-,-,-,-,4164.2000,4164.0000,4163.6000,4163.4000,4163.2000,4166.4000,4166.6000,4167.0000,4168.4000,4171.6000,1,1,1,1,1,1,2,1,1,1
SF,IF2009,2020-01-21 09:33:57.100,4167.2000,1848,0,52503660.000,0,-,-,-,-,4164.4000,4164.2000,4164.0000,4163.6000,4163.4000,4166.4000,4167.0000,4168.4000,4171.6000,4172.4000,2,1,1,1,1,1,1,1,1,3
SF,IF2009,2020-01-21 09:33:57.600,4167.2000,1848,0,52503660.000,0,-,-,-,-,4164.4000,4164.2000,4164.0000,4163.6000,4163.4000,4166.4000,4167.0000,4168.4000,4171.6000,4172.4000,2,1,1,1,1,1,1,1,1,3
SF,IF2009,2020-01-21 09:33:58.100,4167.2000,1848,0,52503660.000,0,-,-,-,-,4164.4000,4164.2000,4164.0000,4163.6000,4163.4000,4166.4000,4167.0000,4168.4000,4171.6000,4172.4000,1,1,1,1,1,1,1,1,1,3
SF,IF2009,2020-01-21 09:33:58.600,4167.2000,1848,0,52503660.000,0,-,-,-,-,4164.6000,4164.4000,4164.2000,4164.0000,4163.6000,4166.4000,4167.0000,4168.4000,4171.6000,4172.4000,1,1,1,1,1,1,1,1,1,3
SF,IF2009,2020-01-21 09:33:59.600,4167.2000,1848,0,52503660.000,0,-,-,-,-,4164.8000,4164.6000,4164.4000,4164.2000,4164.0000,4166.4000,4167.0000,4168.4000,4171.6000,4172.4000,1,1,1,1,1,1,1,1,1,3
SF,IF2009,2020-01-21 09:34:00.100,4167.2000,1848,0,52503660.000,0,-,-,-,-,4164.8000,4164.6000,4164.4000,4164.2000,4164.0000,4166.2000,4166.4000,4167.0000,4168.4000,4171.6000,1,1,1,1,1,1,1,1,1,1
SF,IF2009,2020-01-21 09:34:00.600,4167.2000,1848,0,52503660.000,0,-,-,-,-,4164.8000,4164.6000,4164.4000,4164.2000,4164.0000,4166.2000,4166.4000,4167.0000,4168.4000,4171.6000,1,1,1,1,1,1,1,1,1,1
SF,IF2009,2020-01-21 09:34:01.100,4167.2000,1848,0,52503660.000,0,-,-,-,-,4164.8000,4164.4000,4164.2000,4164.0000,4163.6000,4166.0000,4166.2000,4167.0000,4168.4000,4171.6000,1,1,1,1,1,1,1,1,1,1
SF,IF2009,2020-01-21 09:34:01.600,4166.0000,1848,0,53753460.000,1,0,1,多换,S,4164.8000,4164.4000,4164.2000,4164.0000,4163.6000,4166.2000,4167.0000,4168.4000,4171.6000,4172.4000,1,1,1,1,1,1,1,1,1,3
SF,IF2009,2020-01-21 09:34:02.100,4166.0000,1848,0,53753460.000,0,-,-,-,-,4164.8000,4164.4000,4164.2000,4164.0000,4163.6000,4166.8000,4167.0000,4168.4000,4171.6000,4172.4000,1,1,1,1,1,1,1,1,1,3
SF,IF2009,2020-01-21 09:34:02.600,4166.0000,1848,0,53753460.000,0,-,-,-,-,4164.4000,4164.2000,4164.0000,4163.6000,4163.4000,4166.6000,4166.8000,4168.4000,4171.6000,4172.4000,1,1,1,1,1,3,1,1,1,3
SF,IF2009,2020-01-21 09:34:03.100,4166.0000,1848,0,53753460.000,0,-,-,-,-,4164.4000,4164.2000,4164.0000,4163.6000,4163.4000,4166.4000,4166.6000,4166.8000,4168.4000,4171.6000,1,1,1,1,1,1,3,1,1,1
SF,IF2009,2020-01-21 09:34:03.600,4166.0000,1848,0,53753460.000,0,-,-,-,-,4164.4000,4164.2000,4164.0000,4163.6000,4163.4000,4166.2000,4166.4000,4168.4000,4171.6000,4172.4000,1,1,1,1,1,4,1,1,1,3
SF,IF2009,2020-01-21 09:34:04.100,4166.0000,1848,0,53753460.000,0,-,-,-,-,4164.4000,4164.2000,4164.0000,4163.6000,4163.4000,4166.2000,4166.4000,4168.4000,4171.6000,4172.4000,1,1,1,1,1,4,1,1,1,3
SF,IF2009,2020-01-21 09:34:04.600,4166.0000,1848,0,53753460.000,0,-,-,-,-,4164.4000,4164.2000,4164.0000,4163.6000,4163.4000,4166.2000,4168.4000,4171.6000,4172.4000,4172.6000,1,1,1,1,1,4,1,1,3,1
SF,IF2009,2020-01-21 09:34:05.100,4166.0000,1848,0,53753460.000,0,-,-,-,-,4164.4000,4164.2000,4164.0000,4163.6000,4163.4000,4166.2000,4168.4000,4171.6000,4172.4000,4172.6000,1,1,1,1,1,4,1,1,3,1
SF,IF2009,2020-01-21 09:34:05.600,4166.0000,1848,0,53753460.000,0,-,-,-,-,4164.4000,4164.2000,4164.0000,4163.6000,4163.4000,4165.8000,4166.2000,4168.4000,4171.6000,4172.4000,1,1,1,1,1,1,4,1,1,3
SF,IF2009,2020-01-21 09:34:06.600,4166.0000,1848,0,53753460.000,0,-,-,-,-,4164.4000,4164.2000,4164.0000,4163.6000,4163.4000,4165.8000,4166.2000,4168.4000,4171.6000,4172.4000,1,1,1,1,1,1,4,1,1,3
SF,IF2009,2020-01-21 09:34:07.100,4166.0000,1848,0,53753460.000,0,-,-,-,-,4164.6000,4164.4000,4164.2000,4164.0000,4163.6000,4165.8000,4166.2000,4168.4000,4171.6000,4172.4000,1,1,1,1,1,1,4,1,1,3
SF,IF2009,2020-01-21 09:34:09.100,4166.0000,1848,0,53753460.000,0,-,-,-,-,4164.6000,4164.2000,4164.0000,4163.6000,4163.4000,4165.8000,4166.2000,4168.4000,4171.6000,4172.4000,1,1,1,1,1,1,2,1,1,3
SF,IF2009,2020-01-21 09:34:10.100,4164.6000,1849,1,55002840.000,1,1,0,双开,S,4164.2000,4164.0000,4163.6000,4163.4000,4163.2000,4165.8000,4166.2000,4168.4000,4171.6000,4172.4000,1,1,1,1,1,1,2,1,1,3
SF,IF2009,2020-01-21 09:34:10.600,4164.6000,1849,0,55002840.000,0,-,-,-,-,4164.2000,4164.0000,4163.6000,4163.4000,4163.2000,4166.2000,4168.4000,4171.6000,4172.4000,4172.6000,1,1,1,1,1,2,1,1,3,1
SF,IF2009,2020-01-21 09:34:11.100,4164.6000,1849,0,55002840.000,0,-,-,-,-,4165.0000,4164.2000,4164.0000,4163.6000,4163.4000,4166.0000,4166.2000,4168.4000,4171.6000,4172.4000,5,1,1,1,1,2,2,1,1,3
SF,IF2009,2020-01-21 09:34:15.100,4164.6000,1849,0,55002840.000,0,-,-,-,-,4165.0000,4164.2000,4164.0000,4163.6000,4163.4000,4166.0000,4166.2000,4168.4000,4171.6000,4172.4000,5,1,1,1,1,2,2,1,1,3
SF,IF2009,2020-01-21 09:34:15.600,4165.0000,1850,1,56252340.000,1,1,0,双开,S,4166.0000,4165.0000,4164.2000,4163.6000,4163.4000,4166.2000,4168.4000,4171.6000,4172.4000,4174.2000,1,4,1,1,1,2,1,1,3,4
SF,IF2009,2020-01-21 09:34:16.100,4165.0000,1850,0,56252340.000,0,-,-,-,-,4166.0000,4165.0000,4164.2000,4164.0000,4163.6000,4166.2000,4168.4000,4171.6000,4172.4000,4174.2000,1,4,1,1,1,2,1,1,3,4
SF,IF2009,2020-01-21 09:34:16.600,4166.0000,1850,0,57502140.000,1,0,1,多换,S,4165.0000,4164.2000,4164.0000,4163.6000,4163.4000,4166.2000,4168.4000,4171.6000,4172.4000,4174.2000,4,1,1,1,1,2,1,1,3,4
SF,IF2009,2020-01-21 09:34:17.100,4166.0000,1850,0,57502140.000,0,-,-,-,-,4165.0000,4164.2000,4164.0000,4163.6000,4163.4000,4166.2000,4168.4000,4171.6000,4172.4000,4174.2000,4,1,1,1,1,2,1,1,3,4
SF,IF2009,2020-01-21 09:34:21.100,4166.2000,1849,-1,60001860.000,2,0,2,多平,S,4165.0000,4164.2000,4164.0000,4163.6000,4163.4000,4168.4000,4171.6000,4172.4000,4174.2000,4179.8000,4,1,1,1,1,1,1,3,4,1
SF,IF2009,2020-01-21 09:34:21.600,4166.2000,1849,0,60001860.000,0,-,-,-,-,4165.2000,4165.0000,4164.2000,4164.0000,4163.6000,4168.0000,4168.2000,4168.4000,4171.6000,4172.4000,1,4,1,1,1,1,3,1,1,3
SF,IF2009,2020-01-21 09:34:22.100,4166.2000,1849,0,60001860.000,0,-,-,-,-,4165.2000,4165.0000,4164.2000,4164.0000,4163.6000,4167.8000,4168.2000,4168.4000,4171.6000,4172.4000,1,4,1,1,1,3,2,1,1,3
SF,IF2009,2020-01-21 09:34:22.600,4166.2000,1849,0,60001860.000,0,-,-,-,-,4165.4000,4165.2000,4165.0000,4164.2000,4164.0000,4167.6000,4167.8000,4168.2000,4168.4000,4171.6000,1,1,4,1,1,1,3,1,1,1
SF,IF2009,2020-01-21 09:34:23.100,4165.4000,1849,0,61251480.000,1,0,1,多换,S,4165.2000,4165.0000,4164.2000,4164.0000,4163.6000,4167.4000,4167.6000,4167.8000,4168.2000,4168.4000,1,4,1,1,1,1,1,2,1,1
SF,IF2009,2020-01-21 09:34:23.600,4165.4000,1849,0,61251480.000,0,-,-,-,-,4165.2000,4165.0000,4164.2000,4164.0000,4163.6000,4167.2000,4167.4000,4167.6000,4167.8000,4168.2000,1,4,1,1,1,1,1,1,2,1
SF,IF2009,2020-01-21 09:34:24.100,4165.4000,1849,0,61251480.000,0,-,-,-,-,4165.2000,4165.0000,4164.2000,4164.0000,4163.6000,4167.0000,4167.2000,4167.4000,4167.6000,4168.2000,1,4,1,1,1,2,1,1,1,1
SF,IF2009,2020-01-21 09:34:24.600,4165.4000,1849,0,61251480.000,0,-,-,-,-,4165.2000,4165.0000,4164.2000,4164.0000,4163.6000,4167.0000,4167.4000,4168.2000,4168.4000,4171.6000,1,4,1,1,1,2,1,1,1,1
SF,IF2009,2020-01-21 09:34:25.100,4165.4000,1849,0,61251480.000,0,-,-,-,-,4165.2000,4165.0000,4164.2000,4164.0000,4163.6000,4166.8000,4167.0000,4168.2000,4168.4000,4171.6000,1,4,1,1,1,1,2,1,1,1
SF,IF2009,2020-01-21 09:34:25.600,4165.4000,1849,0,61251480.000,0,-,-,-,-,4165.4000,4165.2000,4165.0000,4164.2000,4164.0000,4166.8000,4168.2000,4168.4000,4171.6000,4172.4000,1,1,4,1,1,1,1,1,1,3
SF,IF2009,2020-01-21 09:34:26.100,4165.4000,1849,0,61251480.000,0,-,-,-,-,4165.4000,4165.0000,4164.2000,4164.0000,4163.6000,4166.6000,4166.8000,4168.2000,4168.4000,4171.6000,1,4,1,1,1,1,1,1,1,1
SF,IF2009,2020-01-21 09:34:26.600,4165.4000,1849,0,61251480.000,0,-,-,-,-,4165.4000,4165.0000,4164.2000,4164.0000,4163.6000,4166.4000,4166.8000,4168.2000,4168.4000,4171.6000,1,4,1,1,1,1,1,1,1,1
SF,IF2009,2020-01-21 09:34:27.600,4165.4000,1849,0,61251480.000,0,-,-,-,-,4165.4000,4165.0000,4164.2000,4164.0000,4163.6000,4166.8000,4168.2000,4168.4000,4171.6000,4172.4000,1,4,1,1,1,1,1,1,1,3
SF,IF2009,2020-01-21 09:34:28.100,4165.4000,1850,1,62501100.000,1,1,0,双开,S,4165.0000,4164.2000,4164.0000,4163.6000,4163.4000,4168.2000,4168.4000,4171.6000,4172.4000,4174.2000,4,1,1,1,1,1,1,1,3,4
SF,IF2009,2020-01-21 09:34:28.600,4165.4000,1850,0,62501100.000,0,-,-,-,-,4165.2000,4165.0000,4164.2000,4164.0000,4163.6000,4167.8000,4168.0000,4168.2000,4168.4000,4171.6000,3,4,1,1,1,2,2,1,1,1
SF,IF2009,2020-01-21 09:34:29.100,4165.4000,1850,0,62501100.000,0,-,-,-,-,4165.2000,4165.0000,4164.2000,4164.0000,4163.6000,4167.6000,4168.0000,4168.2000,4168.4000,4171.6000,1,4,1,1,1,1,1,1,1,1
SF,IF2009,2020-01-21 09:34:29.600,4165.4000,1850,0,62501100.000,0,-,-,-,-,4165.4000,4165.2000,4165.0000,4164.2000,4164.0000,4167.4000,4167.6000,4168.0000,4168.2000,4168.4000,2,1,4,1,1,3,1,1,1,1
SF,IF2009,2020-01-21 09:34:30.100,4165.4000,1850,0,62501100.000,0,-,-,-,-,4165.2000,4165.0000,4164.2000,4164.0000,4163.6000,4167.2000,4167.4000,4168.2000,4168.4000,4171.6000,1,4,1,1,1,1,1,1,1,1
SF,IF2009,2020-01-21 09:34:31.100,4165.4000,1850,0,62501100.000,0,-,-,-,-,4165.4000,4165.2000,4165.0000,4164.2000,4164.0000,4167.2000,4168.2000,4168.4000,4171.6000,4172.4000,2,1,4,1,1,1,1,1,1,3
SF,IF2009,2020-01-21 09:34:31.600,4165.4000,1850,0,62501100.000,0,-,-,-,-,4166.0000,4165.6000,4165.4000,4165.0000,4164.2000,4167.2000,4168.2000,4168.4000,4171.6000,4172.4000,5,1,1,4,1,1,1,1,1,3
SF,IF2009,2020-01-21 09:34:33.100,4165.4000,1850,0,62501100.000,0,-,-,-,-,4166.0000,4165.6000,4165.4000,4165.0000,4164.2000,4167.2000,4168.4000,4171.6000,4172.4000,4174.2000,5,1,1,4,1,1,1,1,3,4
SF,IF2009,2020-01-21 09:34:33.600,4165.4000,1850,0,62501100.000,0,-,-,-,-,4166.0000,4165.6000,4165.4000,4165.0000,4164.2000,4168.4000,4171.6000,4172.4000,4174.2000,4179.8000,5,1,1,4,1,1,1,3,4,1
SF,IF2009,2020-01-21 09:34:34.100,4165.4000,1850,0,62501100.000,0,-,-,-,-,4166.2000,4166.0000,4165.4000,4165.0000,4164.2000,4168.2000,4171.6000,4172.4000,4174.2000,4179.8000,2,5,1,4,1,1,1,3,4,1
SF,IF2009,2020-01-21 09:34:34.600,4165.4000,1850,0,62501100.000,0,-,-,-,-,4166.2000,4166.0000,4165.4000,4165.0000,4164.2000,4168.0000,4168.2000,4171.6000,4172.4000,4174.2000,2,5,1,4,1,2,1,1,3,4
SF,IF2009,2020-01-21 09:34:35.100,4165.4000,1850,0,62501100.000,0,-,-,-,-,4166.2000,4166.0000,4165.4000,4165.0000,4164.2000,4167.8000,4168.0000,4171.6000,4172.4000,4174.2000,1,5,1,4,1,2,2,1,3,4
SF,IF2009,2020-01-21 09:34:36.100,4165.4000,1850,0,62501100.000,0,-,-,-,-,4166.2000,4166.0000,4165.4000,4165.0000,4164.2000,4167.8000,4171.6000,4172.4000,4174.2000,4179.8000,1,5,1,4,1,2,1,3,4,1
SF,IF2009,2020-01-21 09:34:36.600,4165.4000,1850,0,62501100.000,0,-,-,-,-,4166.2000,4166.0000,4165.4000,4165.0000,4164.2000,4167.8000,4171.6000,4172.4000,4172.6000,4174.2000,1,5,1,4,1,2,1,3,2,4
SF,IF2009,2020-01-21 09:34:37.100,4165.4000,1850,0,62501100.000,0,-,-,-,-,4166.0000,4165.4000,4165.0000,4164.2000,4164.0000,4167.6000,4167.8000,4171.6000,4172.4000,4172.6000,5,1,4,1,1,2,2,1,3,2
SF,IF2009,2020-01-21 09:34:37.600,4165.4000,1850,0,62501100.000,0,-,-,-,-,4166.0000,4165.4000,4165.0000,4164.2000,4164.0000,4167.4000,4167.8000,4171.6000,4172.4000,4172.6000,5,1,4,1,1,1,1,1,3,2
SF,IF2009,2020-01-21 09:34:38.100,4165.4000,1850,0,62501100.000,0,-,-,-,-,4166.0000,4165.4000,4165.0000,4164.2000,4164.0000,4167.4000,4167.8000,4171.6000,4172.4000,4172.6000,5,1,4,1,1,1,1,1,3,2
SF,IF2009,2020-01-21 09:34:38.600,4165.4000,1850,0,62501100.000,0,-,-,-,-,4166.0000,4165.4000,4165.0000,4164.2000,4164.0000,4167.4000,4167.8000,4171.6000,4172.4000,4172.6000,5,1,4,1,1,1,1,1,3,2
SF,IF2009,2020-01-21 09:34:40.600,4165.4000,1850,0,62501100.000,0,-,-,-,-,4166.0000,4165.4000,4165.0000,4164.2000,4164.0000,4167.2000,4167.4000,4167.8000,4171.6000,4172.4000,5,1,4,1,1,1,1,1,1,3
SF,IF2009,2020-01-21 09:34:41.100,4165.4000,1850,0,62501100.000,0,-,-,-,-,4166.0000,4165.4000,4165.0000,4164.2000,4164.0000,4167.4000,4167.8000,4171.6000,4172.4000,4172.6000,5,1,4,1,1,1,1,1,3,2
SF,IF2009,2020-01-21 09:34:41.600,4165.4000,1850,0,62501100.000,0,-,-,-,-,4166.0000,4165.4000,4165.0000,4164.2000,4164.0000,4167.4000,4167.8000,4171.6000,4172.4000,4172.6000,5,1,4,1,1,1,1,1,3,2
SF,IF2009,2020-01-21 09:34:42.100,4165.4000,1850,0,62501100.000,0,-,-,-,-,4166.0000,4165.4000,4165.0000,4164.2000,4164.0000,4167.2000,4167.4000,4167.8000,4171.6000,4172.4000,5,1,4,1,1,1,1,1,1,3
SF,IF2009,2020-01-21 09:34:42.600,4165.4000,1850,0,62501100.000,0,-,-,-,-,4166.0000,4165.0000,4164.2000,4164.0000,4163.6000,4167.4000,4167.8000,4171.6000,4172.4000,4172.6000,5,4,1,1,1,1,1,1,3,2
SF,IF2009,2020-01-21 09:34:43.100,4165.4000,1850,0,62501100.000,0,-,-,-,-,4166.0000,4165.0000,4164.2000,4164.0000,4163.6000,4167.2000,4167.4000,4167.8000,4171.6000,4172.4000,5,4,1,1,1,2,1,1,1,3
SF,IF2009,2020-01-21 09:34:44.600,4167.2000,1850,0,63751260.000,1,0,1,多换,S,4166.0000,4165.0000,4164.2000,4164.0000,4163.6000,4167.4000,4167.8000,4171.6000,4172.4000,4172.6000,5,4,1,1,1,1,1,1,3,2
SF,IF2009,2020-01-21 09:34:45.100,4166.0000,1851,1,65001060.000,1,1,0,双开,S,4166.0000,4165.0000,4164.2000,4164.0000,4163.6000,4167.2000,4167.4000,4167.8000,4171.6000,4172.4000,4,4,1,1,1,1,1,1,1,3
SF,IF2009,2020-01-21 09:34:45.600,4166.0000,1851,0,65001060.000,0,-,-,-,-,4166.0000,4165.0000,4164.2000,4164.0000,4163.6000,4167.2000,4167.8000,4171.6000,4172.4000,4172.6000,4,4,1,1,1,1,1,1,3,2
SF,IF2009,2020-01-21 09:34:46.100,4166.0000,1851,0,65001060.000,0,-,-,-,-,4166.0000,4165.0000,4164.2000,4164.0000,4163.6000,4167.8000,4171.6000,4172.4000,4172.6000,4174.2000,4,4,1,1,1,1,1,3,2,4
SF,IF2009,2020-01-21 09:34:46.600,4166.0000,1851,0,65001060.000,0,-,-,-,-,4166.2000,4166.0000,4165.0000,4164.2000,4164.0000,4167.8000,4171.6000,4172.4000,4172.6000,4174.2000,1,4,4,1,1,1,1,3,2,4
SF,IF2009,2020-01-21 09:34:47.100,4166.2000,1851,0,66250920.000,1,0,1,多换,S,4166.0000,4165.0000,4164.2000,4164.0000,4163.6000,4171.6000,4172.4000,4172.6000,4174.2000,4179.8000,4,4,1,1,1,1,3,2,4,1
SF,IF2009,2020-01-21 09:34:47.600,4166.2000,1851,0,66250920.000,0,-,-,-,-,4166.2000,4166.0000,4165.0000,4164.2000,4164.0000,4168.4000,4171.4000,4171.6000,4172.4000,4172.6000,1,4,4,1,1,1,3,1,3,2
SF,IF2009,2020-01-21 09:34:48.100,4166.2000,1851,0,66250920.000,0,-,-,-,-,4166.0000,4165.0000,4164.2000,4164.0000,4163.6000,4168.2000,4168.4000,4170.4000,4171.4000,4171.6000,4,4,1,1,1,1,1,2,2,1
SF,IF2009,2020-01-21 09:34:49.100,4166.2000,1851,0,66250920.000,0,-,-,-,-,4166.2000,4166.0000,4165.0000,4164.2000,4164.0000,4168.0000,4168.2000,4168.4000,4170.4000,4171.4000,1,4,4,1,1,1,1,1,2,2
SF,IF2009,2020-01-21 09:34:49.600,4166.2000,1851,0,66250920.000,0,-,-,-,-,4166.2000,4166.0000,4165.0000,4164.2000,4164.0000,4167.8000,4170.4000,4171.4000,4171.6000,4172.4000,1,4,4,1,1,1,2,1,1,3
SF,IF2009,2020-01-21 09:34:50.100,4166.2000,1851,0,66250920.000,0,-,-,-,-,4166.2000,4166.0000,4165.0000,4164.2000,4164.0000,4167.8000,4170.4000,4171.4000,4171.6000,4172.4000,1,4,4,1,1,1,2,1,1,3
SF,IF2009,2020-01-21 09:34:50.600,4166.2000,1851,0,66250920.000,0,-,-,-,-,4166.0000,4165.0000,4164.2000,4164.0000,4163.6000,4167.8000,4170.4000,4171.4000,4171.6000,4172.4000,4,4,1,1,1,1,2,1,1,3
SF,IF2009,2020-01-21 09:34:51.100,4166.2000,1851,0,66250920.000,0,-,-,-,-,4166.2000,4166.0000,4165.0000,4164.2000,4164.0000,4167.6000,4167.8000,4170.4000,4171.4000,4171.6000,1,4,4,1,1,1,1,2,1,1
SF,IF2009,2020-01-21 09:34:51.600,4166.2000,1851,0,66250920.000,0,-,-,-,-,4166.0000,4165.0000,4164.2000,4164.0000,4163.6000,4167.6000,4167.8000,4170.4000,4171.4000,4171.6000,4,4,1,1,1,2,1,2,1,1
SF,IF2009,2020-01-21 09:34:52.100,4166.2000,1851,0,66250920.000,0,-,-,-,-,4166.0000,4165.0000,4164.2000,4164.0000,4163.6000,4167.4000,4167.6000,4170.4000,4171.4000,4171.6000,4,4,1,1,1,1,1,2,1,1
SF,IF2009,2020-01-21 09:34:52.600,4166.2000,1851,0,66250920.000,0,-,-,-,-,4166.0000,4165.0000,4164.2000,4164.0000,4163.6000,4167.4000,4170.4000,4171.4000,4171.6000,4172.4000,4,4,1,1,1,1,2,1,1,3
SF,IF2009,2020-01-21 09:34:53.100,4166.2000,1851,0,66250920.000,0,-,-,-,-,4166.0000,4165.0000,4164.2000,4164.0000,4163.6000,4167.4000,4170.4000,4171.4000,4171.6000,4172.4000,4,4,1,1,1,1,2,1,1,3
SF,IF2009,2020-01-21 09:34:53.600,4166.2000,1851,0,66250920.000,0,-,-,-,-,4166.0000,4165.0000,4164.2000,4164.0000,4163.6000,4167.4000,4170.4000,4171.4000,4171.6000,4172.4000,4,4,1,1,1,1,2,1,1,3
SF,IF2009,2020-01-21 09:34:54.100,4167.4000,1851,0,67501140.000,1,0,1,多换,S,4166.0000,4165.0000,4164.2000,4164.0000,4163.6000,4170.4000,4171.4000,4171.6000,4172.4000,4174.2000,4,4,1,1,1,2,1,1,3,4
