市场代码,合约代码,时间,最新,持仓,增仓,成交额,成交量,开仓,平仓,成交类型,方向,买一价,买二价,买三价,买四价,买五价,卖一价,卖二价,卖三价,卖四价,卖五价,买一量,买二量,买三量,买四量,买五量,卖一量,卖二量,卖三量,卖四量,卖五量
SF,IF2006,2019-11-05 09:29:00.100,3956.4000,2121,0,0.000,0.000,-,-,-,-,3963.0000,3956.6000,3953.8000,3952.2000,3948.8000,3968.0000,3970.4000,3970.6000,3972.2000,3972.8000,1,1,2,1,1,2,1,1,1,1
SF,IF2006,2019-11-05 09:30:00.100,3962.4000,2121,0,1188720.000,1,0,1,多换,S,3956.6000,3953.8000,3949.4000,3946.6000,3921.8000,3961.8000,3962.6000,3963.0000,3966.6000,3966.8000,1,1,2,2,1,1,1,1,1,1
SF,IF2006,2019-11-05 09:30:00.600,3962.4000,2120,-1,2377440.000,1,0,1,双平,S,3956.8000,3956.6000,3950.8000,3949.4000,3946.6000,3962.6000,3963.0000,3965.0000,3966.6000,3966.8000,1,1,3,2,2,2,1,1,1,3
SF,IF2006,2019-11-05 09:30:01.100,3962.4000,2120,0,2377440.000,0,-,-,-,-,3956.8000,3956.6000,3950.8000,3949.4000,3946.6000,3961.8000,3962.4000,3962.6000,3963.0000,3965.0000,1,1,3,2,2,1,1,2,1,1
SF,IF2006,2019-11-05 09:30:01.600,3962.4000,2120,0,2377440.000,0,-,-,-,-,3956.8000,3956.6000,3955.0000,3950.8000,3946.6000,3961.6000,3961.8000,3962.4000,3962.6000,3965.0000,1,1,5,3,2,1,1,1,2,1
SF,IF2006,2019-11-05 09:30:02.100,3962.4000,2120,0,2377440.000,0,-,-,-,-,3956.8000,3956.6000,3955.0000,3950.8000,3946.6000,3961.6000,3961.8000,3962.2000,3962.4000,3962.6000,1,1,5,3,1,1,1,1,1,3
SF,IF2006,2019-11-05 09:30:02.600,3962.4000,2120,0,2377440.000,0,-,-,-,-,3956.8000,3956.6000,3950.8000,3950.0000,3946.6000,3961.0000,3961.2000,3961.6000,3961.8000,3962.2000,1,1,3,5,1,1,1,2,1,1
SF,IF2006,2019-11-05 09:30:03.100,3962.4000,2120,0,2377440.000,0,-,-,-,-,3956.8000,3956.6000,3950.8000,3950.0000,3946.6000,3960.8000,3961.0000,3961.2000,3961.6000,3961.8000,1,1,3,5,1,1,1,2,2,1
SF,IF2006,2019-11-05 09:30:03.600,3962.4000,2120,0,2377440.000,0,-,-,-,-,3956.8000,3956.6000,3950.8000,3950.0000,3946.6000,3960.8000,3961.2000,3961.6000,3961.8000,3962.2000,1,1,3,5,1,1,2,2,1,1
SF,IF2006,2019-11-05 09:30:04.100,3962.4000,2120,0,2377440.000,0,-,-,-,-,3956.6000,3950.8000,3950.0000,3946.6000,3921.8000,3960.0000,3960.2000,3960.4000,3960.8000,3961.0000,1,3,5,1,1,1,1,1,1,1
SF,IF2006,2019-11-05 09:30:04.600,3962.4000,2120,0,2377440.000,0,-,-,-,-,3956.6000,3950.8000,3950.0000,3946.6000,3921.8000,3959.8000,3960.0000,3960.2000,3960.4000,3960.8000,1,3,5,1,1,1,1,1,2,1
SF,IF2006,2019-11-05 09:30:05.100,3962.4000,2120,0,2377440.000,0,-,-,-,-,3956.6000,3950.8000,3950.0000,3946.6000,3921.8000,3959.2000,3959.6000,3959.8000,3960.0000,3960.4000,1,3,5,1,1,1,1,1,1,1
SF,IF2006,2019-11-05 09:30:05.600,3962.4000,2120,0,2377440.000,0,-,-,-,-,3956.6000,3950.8000,3950.0000,3946.6000,3921.8000,3959.0000,3959.2000,3959.6000,3959.8000,3960.4000,1,3,5,1,1,2,1,1,1,1
SF,IF2006,2019-11-05 09:30:06.100,3962.4000,2120,0,2377440.000,0,-,-,-,-,3956.6000,3950.8000,3950.0000,3946.6000,3921.8000,3959.0000,3959.2000,3959.8000,3960.4000,3960.8000,1,3,5,1,1,2,1,1,1,1
SF,IF2006,2019-11-05 09:30:06.600,3962.4000,2120,0,2377440.000,0,-,-,-,-,3956.6000,3950.8000,3950.0000,3946.6000,3921.8000,3958.6000,3958.8000,3959.0000,3959.8000,3960.4000,1,3,5,1,1,1,2,1,1,1
SF,IF2006,2019-11-05 09:30:07.100,3962.4000,2120,0,2377440.000,0,-,-,-,-,3956.6000,3950.8000,3950.0000,3946.6000,3921.8000,3958.4000,3958.6000,3958.8000,3959.0000,3959.8000,1,3,5,1,1,1,1,2,1,1
SF,IF2006,2019-11-05 09:30:08.600,3956.6000,2120,0,3564420.000,1,0,1,多换,S,3950.8000,3950.0000,3946.6000,3921.8000,3907.4000,3958.4000,3958.6000,3958.8000,3959.0000,3959.8000,3,5,1,1,1,1,1,1,1,1
SF,IF2006,2019-11-05 09:30:09.100,3956.6000,2120,0,3564420.000,0,-,-,-,-,3952.0000,3950.8000,3950.0000,3946.6000,3921.8000,3958.4000,3958.8000,3959.0000,3959.8000,3960.4000,1,3,5,1,1,1,1,1,1,1
SF,IF2006,2019-11-05 09:30:09.600,3956.6000,2120,0,3564420.000,0,-,-,-,-,3954.6000,3952.0000,3950.8000,3950.0000,3946.6000,3957.6000,3958.0000,3958.4000,3958.8000,3959.0000,1,1,3,5,1,1,1,1,1,2
SF,IF2006,2019-11-05 09:30:10.100,3956.6000,2120,0,3564420.000,0,-,-,-,-,3950.8000,3950.0000,3946.6000,3921.8000,3907.4000,3957.4000,3957.6000,3958.0000,3958.4000,3958.8000,3,5,1,1,1,1,1,1,1,1
SF,IF2006,2019-11-05 09:30:10.600,3956.6000,2120,0,3564420.000,0,-,-,-,-,3951.6000,3950.8000,3950.0000,3946.6000,3921.8000,3957.4000,3957.6000,3958.0000,3958.4000,3958.8000,1,3,5,1,1,1,1,1,1,1
SF,IF2006,2019-11-05 09:30:11.100,3956.6000,2120,0,3564420.000,0,-,-,-,-,3950.8000,3950.0000,3946.6000,3921.8000,3907.4000,3957.0000,3957.4000,3958.4000,3958.8000,3959.0000,3,5,1,1,1,1,1,1,1,1
SF,IF2006,2019-11-05 09:30:11.600,3956.6000,2120,0,3564420.000,0,-,-,-,-,3951.2000,3950.8000,3950.0000,3946.6000,3921.8000,3956.8000,3957.0000,3957.2000,3957.4000,3958.4000,1,3,5,1,1,2,1,1,1,1
SF,IF2006,2019-11-05 09:30:12.100,3956.6000,2120,0,3564420.000,0,-,-,-,-,3951.2000,3950.8000,3950.0000,3946.6000,3921.8000,3956.8000,3957.0000,3957.4000,3958.4000,3959.0000,1,3,5,1,1,2,1,1,1,1
SF,IF2006,2019-11-05 09:30:12.600,3956.6000,2120,0,3564420.000,0,-,-,-,-,3951.2000,3950.8000,3950.0000,3946.6000,3921.8000,3956.4000,3956.8000,3957.4000,3958.4000,3959.0000,1,3,5,1,1,1,1,1,1,1
SF,IF2006,2019-11-05 09:30:13.100,3956.6000,2120,0,3564420.000,0,-,-,-,-,3951.2000,3950.8000,3950.0000,3946.6000,3921.8000,3956.2000,3956.4000,3956.8000,3957.4000,3958.4000,1,3,5,1,1,1,1,1,1,1
SF,IF2006,2019-11-05 09:30:14.100,3956.6000,2120,0,3564420.000,0,-,-,-,-,3954.6000,3951.6000,3951.2000,3950.8000,3950.0000,3956.2000,3956.4000,3956.8000,3957.4000,3958.4000,1,1,1,3,5,1,1,1,1,1
SF,IF2006,2019-11-05 09:30:14.600,3956.6000,2120,0,3564420.000,0,-,-,-,-,3954.6000,3951.6000,3950.8000,3950.0000,3946.6000,3956.2000,3956.8000,3957.4000,3958.4000,3959.0000,1,1,3,5,1,1,1,1,1,1
SF,IF2006,2019-11-05 09:30:15.100,3956.6000,2120,0,3564420.000,0,-,-,-,-,3954.6000,3951.6000,3950.8000,3950.0000,3946.6000,3956.2000,3956.8000,3957.4000,3958.4000,3959.0000,1,1,3,5,1,1,1,1,1,1
SF,IF2006,2019-11-05 09:30:15.600,3956.6000,2120,0,3564420.000,0,-,-,-,-,3954.6000,3951.6000,3950.8000,3950.0000,3946.6000,3956.2000,3956.8000,3957.4000,3958.4000,3959.0000,1,1,3,5,1,1,1,1,1,1
SF,IF2006,2019-11-05 09:30:16.600,3956.6000,2120,0,3564420.000,0,-,-,-,-,3956.2000,3954.6000,3951.6000,3950.8000,3950.0000,3956.8000,3957.4000,3958.4000,3959.0000,3960.4000,1,1,1,3,5,1,1,1,1,1
SF,IF2006,2019-11-05 09:30:17.100,3956.6000,2120,0,3564420.000,0,-,-,-,-,3956.2000,3954.6000,3951.6000,3950.8000,3950.0000,3956.8000,3957.4000,3958.4000,3959.0000,3960.4000,1,1,1,3,5,1,1,1,1,1
SF,IF2006,2019-11-05 09:30:17.600,3956.8000,2119,-1,4751460.000,1,0,1,双平,S,3956.2000,3954.6000,3951.6000,3950.8000,3950.0000,3956.6000,3958.4000,3959.0000,3960.4000,3961.8000,1,1,1,3,5,1,1,1,1,1
SF,IF2006,2019-11-05 09:30:18.100,3956.6000,2119,0,5938440.000,1,0,1,多换,S,3956.6000,3956.2000,3954.6000,3951.6000,3950.8000,3958.4000,3959.0000,3960.4000,3961.8000,3962.6000,1,1,1,1,3,1,1,1,1,1
SF,IF2006,2019-11-05 09:30:19.600,3956.6000,2119,0,5938440.000,0,-,-,-,-,3956.2000,3954.6000,3951.6000,3950.8000,3950.0000,3958.4000,3959.0000,3960.4000,3961.8000,3968.0000,1,1,1,3,5,1,1,1,1,1
SF,IF2006,2019-11-05 09:30:22.600,3956.6000,2119,0,5938440.000,0,-,-,-,-,3956.2000,3954.6000,3951.6000,3950.8000,3950.0000,3958.4000,3959.0000,3961.8000,3968.0000,3970.0000,1,1,1,3,5,1,1,1,1,5
SF,IF2006,2019-11-05 09:30:23.600,3956.6000,2119,0,5938440.000,0,-,-,-,-,3954.6000,3950.8000,3950.0000,3921.8000,3907.4000,3958.4000,3959.0000,3961.8000,3968.0000,3970.0000,1,3,5,1,1,1,1,1,1,5
SF,IF2006,2019-11-05 09:30:24.100,3956.6000,2119,0,5938440.000,0,-,-,-,-,3954.6000,3950.8000,3950.0000,3921.8000,3907.4000,3958.4000,3959.0000,3961.8000,3968.0000,3970.0000,2,3,5,1,1,1,1,1,1,5
SF,IF2006,2019-11-05 09:30:24.600,3956.6000,2119,0,5938440.000,0,-,-,-,-,3954.6000,3950.8000,3950.0000,3921.8000,3907.4000,3958.2000,3958.4000,3959.0000,3961.8000,3968.0000,2,3,5,1,1,1,1,1,1,1
SF,IF2006,2019-11-05 09:30:25.100,3956.6000,2119,0,5938440.000,0,-,-,-,-,3954.6000,3950.8000,3950.0000,3921.8000,3907.4000,3958.0000,3958.2000,3958.4000,3959.0000,3961.8000,2,3,5,1,1,1,1,1,1,1
SF,IF2006,2019-11-05 09:30:27.600,3956.6000,2119,0,5938440.000,0,-,-,-,-,3954.8000,3954.6000,3950.8000,3950.0000,3921.8000,3958.0000,3958.2000,3958.4000,3959.0000,3961.8000,1,2,3,5,1,1,1,1,1,1
SF,IF2006,2019-11-05 09:30:28.100,3956.6000,2119,0,5938440.000,0,-,-,-,-,3954.8000,3954.6000,3950.8000,3950.0000,3935.0000,3958.0000,3958.2000,3958.4000,3959.0000,3961.8000,1,1,3,5,1,1,1,1,1,1
SF,IF2006,2019-11-05 09:30:28.600,3956.6000,2119,0,5938440.000,0,-,-,-,-,3954.8000,3954.6000,3950.8000,3950.0000,3935.0000,3957.8000,3958.0000,3958.4000,3959.0000,3961.8000,1,1,3,5,1,1,1,1,1,1
SF,IF2006,2019-11-05 09:30:29.100,3956.6000,2119,0,5938440.000,0,-,-,-,-,3954.8000,3954.6000,3950.8000,3950.0000,3935.0000,3957.6000,3957.8000,3958.0000,3958.4000,3959.0000,1,1,3,5,1,1,1,1,1,1
SF,IF2006,2019-11-05 09:30:30.600,3957.6000,2118,-1,7125720.000,1,0,1,双平,S,3954.8000,3954.6000,3950.8000,3950.0000,3935.0000,3957.8000,3958.0000,3958.4000,3959.0000,3961.8000,1,1,3,5,1,1,1,1,1,1
SF,IF2006,2019-11-05 09:30:31.100,3957.6000,2118,0,7125720.000,0,-,-,-,-,3954.8000,3954.6000,3950.8000,3950.0000,3935.0000,3957.4000,3957.6000,3958.0000,3958.4000,3959.0000,1,1,3,5,1,1,1,1,1,1
SF,IF2006,2019-11-05 09:30:31.600,3957.6000,2118,0,7125720.000,0,-,-,-,-,3955.0000,3954.8000,3954.6000,3950.8000,3950.0000,3957.2000,3957.4000,3957.6000,3958.0000,3958.4000,1,1,1,3,5,1,1,1,1,1
SF,IF2006,2019-11-05 09:30:32.100,3957.6000,2118,0,7125720.000,0,-,-,-,-,3954.8000,3954.6000,3950.8000,3950.0000,3935.0000,3957.2000,3957.4000,3957.6000,3958.0000,3958.4000,1,1,3,5,1,1,1,1,1,1
SF,IF2006,2019-11-05 09:30:32.600,3957.6000,2118,0,7125720.000,0,-,-,-,-,3954.8000,3954.6000,3950.8000,3950.0000,3935.0000,3957.2000,3957.6000,3958.0000,3958.4000,3959.0000,1,1,3,5,1,1,1,1,1,1
SF,IF2006,2019-11-05 09:30:35.600,3957.6000,2118,0,7125720.000,0,-,-,-,-,3954.8000,3954.6000,3950.8000,3950.0000,3945.0000,3957.2000,3957.6000,3958.0000,3958.4000,3959.0000,1,1,3,5,1,1,1,1,1,1
SF,IF2006,2019-11-05 09:30:38.600,3957.6000,2118,0,7125720.000,0,-,-,-,-,3955.0000,3954.8000,3954.6000,3950.8000,3950.0000,3957.2000,3957.6000,3958.0000,3958.4000,3959.0000,1,1,1,3,5,1,1,1,1,1
SF,IF2006,2019-11-05 09:30:39.100,3957.6000,2118,0,7125720.000,0,-,-,-,-,3955.0000,3954.8000,3954.6000,3950.8000,3950.0000,3957.6000,3958.0000,3958.4000,3959.0000,3961.8000,1,1,1,3,5,1,1,1,1,1
SF,IF2006,2019-11-05 09:30:42.100,3957.6000,2118,0,7125720.000,0,-,-,-,-,3954.8000,3954.6000,3950.8000,3950.0000,3945.0000,3957.6000,3958.0000,3958.4000,3959.0000,3961.8000,1,1,3,5,1,1,1,1,1,1
SF,IF2006,2019-11-05 09:30:45.100,3957.6000,2118,0,7125720.000,0,-,-,-,-,3955.0000,3954.8000,3954.6000,3950.8000,3950.0000,3957.6000,3958.0000,3958.4000,3959.0000,3961.8000,1,1,1,3,5,1,1,1,1,1
SF,IF2006,2019-11-05 09:30:46.100,3957.6000,2118,0,7125720.000,0,-,-,-,-,3955.0000,3954.8000,3954.6000,3950.8000,3950.0000,3957.4000,3957.6000,3958.0000,3958.4000,3959.0000,1,1,1,3,5,1,1,1,1,1
SF,IF2006,2019-11-05 09:30:46.600,3957.6000,2118,0,7125720.000,0,-,-,-,-,3955.0000,3954.8000,3954.6000,3950.8000,3950.0000,3957.2000,3957.4000,3957.6000,3958.0000,3958.4000,1,1,1,3,5,1,1,1,1,1
SF,IF2006,2019-11-05 09:30:47.600,3957.6000,2118,0,7125720.000,0,-,-,-,-,3955.0000,3954.8000,3954.6000,3950.8000,3950.0000,3957.2000,3957.6000,3958.0000,3958.4000,3959.0000,1,1,1,3,5,1,1,1,1,1
SF,IF2006,2019-11-05 09:30:49.100,3957.6000,2118,0,7125720.000,0,-,-,-,-,3955.0000,3954.8000,3954.6000,3950.8000,3950.0000,3957.6000,3958.0000,3958.4000,3959.0000,3961.8000,1,1,1,3,5,1,1,1,1,1
SF,IF2006,2019-11-05 09:30:50.100,3957.6000,2118,0,7125720.000,0,-,-,-,-,3955.2000,3955.0000,3954.8000,3954.6000,3950.8000,3957.6000,3958.0000,3958.4000,3959.0000,3961.8000,1,1,1,1,3,1,1,1,1,1
SF,IF2006,2019-11-05 09:30:50.600,3957.6000,2118,0,7125720.000,0,-,-,-,-,3955.2000,3955.0000,3954.8000,3954.6000,3950.8000,3958.0000,3958.4000,3959.0000,3961.8000,3968.0000,1,1,1,1,3,1,1,1,1,1
SF,IF2006,2019-11-05 09:30:52.100,3957.6000,2118,0,7125720.000,0,-,-,-,-,3955.4000,3955.2000,3955.0000,3954.8000,3954.6000,3958.0000,3958.4000,3959.0000,3961.8000,3968.0000,1,1,1,1,1,1,1,1,1,1
SF,IF2006,2019-11-05 09:30:53.100,3957.6000,2118,0,7125720.000,0,-,-,-,-,3955.4000,3955.2000,3954.8000,3954.6000,3950.8000,3958.0000,3958.4000,3959.0000,3961.8000,3968.0000,1,1,1,1,3,1,1,1,1,1
SF,IF2006,2019-11-05 09:30:54.100,3957.6000,2118,0,7125720.000,0,-,-,-,-,3955.4000,3954.8000,3954.6000,3950.8000,3950.0000,3958.0000,3958.4000,3959.0000,3961.8000,3968.0000,1,1,1,3,5,1,1,1,1,1
SF,IF2006,2019-11-05 09:30:55.600,3957.6000,2118,0,7125720.000,0,-,-,-,-,3955.4000,3954.8000,3954.6000,3950.8000,3950.0000,3958.0000,3958.4000,3959.0000,3961.8000,3968.0000,1,1,1,3,5,1,1,1,1,1
SF,IF2006,2019-11-05 09:30:58.600,3957.6000,2118,0,7125720.000,0,-,-,-,-,3954.8000,3954.6000,3950.8000,3950.0000,3949.6000,3958.0000,3958.4000,3959.0000,3961.8000,3968.0000,1,1,3,5,1,1,1,1,1,1
SF,IF2006,2019-11-05 09:30:59.100,3957.6000,2118,0,7125720.000,0,-,-,-,-,3954.8000,3954.6000,3950.8000,3950.0000,3949.6000,3958.0000,3958.4000,3959.0000,3961.8000,3968.0000,2,1,3,5,1,1,1,1,1,1
SF,IF2006,2019-11-05 09:31:00.600,3957.6000,2118,0,7125720.000,0,-,-,-,-,3955.0000,3954.8000,3954.6000,3950.8000,3950.0000,3958.0000,3958.4000,3959.0000,3961.8000,3968.0000,1,2,1,3,5,1,1,1,1,1
SF,IF2006,2019-11-05 09:31:01.600,3957.6000,2118,0,7125720.000,0,-,-,-,-,3954.8000,3954.6000,3950.8000,3950.0000,3949.6000,3958.0000,3958.4000,3959.0000,3961.8000,3968.0000,2,1,3,5,1,1,1,1,1,1
SF,IF2006,2019-11-05 09:31:03.600,3957.6000,2118,0,7125720.000,0,-,-,-,-,3955.0000,3954.8000,3954.6000,3950.8000,3950.0000,3958.0000,3958.4000,3959.0000,3961.8000,3968.0000,1,2,1,3,5,1,1,1,1,1
SF,IF2006,2019-11-05 09:31:05.100,3957.6000,2118,0,7125720.000,0,-,-,-,-,3955.0000,3954.8000,3954.6000,3950.8000,3950.0000,3957.8000,3958.0000,3958.4000,3959.0000,3961.8000,1,2,1,3,5,1,1,1,1,1
SF,IF2006,2019-11-05 09:31:05.600,3957.6000,2118,0,7125720.000,0,-,-,-,-,3955.0000,3954.8000,3954.6000,3950.8000,3950.0000,3957.6000,3957.8000,3958.0000,3958.4000,3959.0000,1,2,1,3,5,1,1,1,1,1
SF,IF2006,2019-11-05 09:31:07.100,3957.6000,2118,0,7125720.000,0,-,-,-,-,3954.8000,3954.6000,3950.8000,3950.0000,3949.6000,3957.4000,3957.6000,3957.8000,3958.0000,3958.4000,2,1,3,5,1,1,1,1,1,1
SF,IF2006,2019-11-05 09:31:07.600,3957.6000,2118,0,7125720.000,0,-,-,-,-,3955.0000,3954.8000,3954.6000,3950.8000,3950.0000,3957.2000,3957.4000,3957.6000,3958.0000,3958.4000,2,2,1,3,5,1,2,1,1,1
SF,IF2006,2019-11-05 09:31:08.100,3957.6000,2118,0,7125720.000,0,-,-,-,-,3955.0000,3954.8000,3954.6000,3950.8000,3950.0000,3957.2000,3957.4000,3957.6000,3958.0000,3958.4000,2,1,1,3,5,1,1,1,1,1
SF,IF2006,2019-11-05 09:31:09.100,3957.6000,2118,0,7125720.000,0,-,-,-,-,3955.0000,3954.8000,3954.6000,3950.8000,3950.0000,3957.2000,3957.6000,3958.0000,3958.4000,3959.0000,2,1,1,3,5,1,1,1,1,1
SF,IF2006,2019-11-05 09:31:17.100,3957.6000,2118,0,7125720.000,0,-,-,-,-,3955.0000,3954.8000,3954.6000,3950.8000,3950.0000,3957.6000,3958.0000,3958.4000,3959.0000,3961.8000,2,1,1,3,5,1,1,1,1,1
SF,IF2006,2019-11-05 09:31:17.600,3957.6000,2118,0,7125720.000,0,-,-,-,-,3955.2000,3955.0000,3954.8000,3954.6000,3950.8000,3958.0000,3958.4000,3959.0000,3961.2000,3961.8000,1,2,1,1,3,1,1,1,2,1
SF,IF2006,2019-11-05 09:31:18.100,3957.6000,2118,0,7125720.000,0,-,-,-,-,3955.2000,3954.8000,3954.6000,3950.8000,3950.0000,3958.0000,3958.4000,3959.0000,3961.2000,3961.8000,1,1,1,3,5,1,1,1,2,1
SF,IF2006,2019-11-05 09:31:18.600,3957.6000,2118,0,7125720.000,0,-,-,-,-,3956.4000,3955.2000,3954.8000,3954.6000,3950.8000,3958.4000,3959.0000,3961.2000,3961.8000,3968.0000,2,1,1,1,3,1,1,2,1,1
SF,IF2006,2019-11-05 09:31:19.100,3957.6000,2118,0,7125720.000,0,-,-,-,-,3956.4000,3955.2000,3954.8000,3954.6000,3950.8000,3959.0000,3961.2000,3961.8000,3968.0000,3970.0000,2,1,1,1,3,1,2,1,1,5
SF,IF2006,2019-11-05 09:31:19.600,3957.6000,2118,0,7125720.000,0,-,-,-,-,3956.4000,3955.2000,3954.8000,3954.6000,3950.8000,3958.8000,3959.0000,3961.2000,3961.8000,3968.0000,2,1,1,1,3,1,1,2,1,1
SF,IF2006,2019-11-05 09:31:20.600,3957.6000,2118,0,7125720.000,0,-,-,-,-,3956.4000,3954.8000,3954.6000,3950.8000,3950.0000,3958.6000,3958.8000,3959.0000,3961.2000,3961.8000,2,1,1,3,5,1,1,1,2,1
SF,IF2006,2019-11-05 09:31:21.100,3957.6000,2118,0,7125720.000,0,-,-,-,-,3954.8000,3954.6000,3950.8000,3950.0000,3949.6000,3958.6000,3959.0000,3961.2000,3961.8000,3968.0000,1,1,3,5,1,1,1,2,1,1
SF,IF2006,2019-11-05 09:31:21.600,3957.6000,2118,0,7125720.000,0,-,-,-,-,3956.0000,3955.0000,3954.8000,3954.6000,3950.8000,3958.6000,3959.0000,3961.2000,3961.8000,3968.0000,2,1,1,1,3,1,1,2,1,1
SF,IF2006,2019-11-05 09:31:32.600,3957.6000,2118,0,7125720.000,0,-,-,-,-,3956.0000,3955.0000,3954.8000,3954.6000,3950.8000,3958.4000,3958.6000,3959.0000,3961.2000,3961.8000,2,1,1,1,3,1,1,1,2,1
SF,IF2006,2019-11-05 09:31:33.100,3957.6000,2118,0,7125720.000,0,-,-,-,-,3956.0000,3955.0000,3954.8000,3954.6000,3950.8000,3958.2000,3958.4000,3958.6000,3959.0000,3961.2000,2,1,1,1,3,1,2,1,1,2
SF,IF2006,2019-11-05 09:31:33.600,3957.6000,2118,0,7125720.000,0,-,-,-,-,3956.0000,3955.0000,3954.8000,3954.6000,3950.8000,3958.0000,3958.2000,3958.4000,3958.6000,3959.0000,2,1,1,1,3,1,1,2,1,1
SF,IF2006,2019-11-05 09:31:34.100,3957.6000,2118,0,7125720.000,0,-,-,-,-,3956.0000,3955.0000,3954.8000,3954.6000,3950.8000,3957.8000,3958.0000,3958.2000,3958.4000,3958.6000,2,1,1,1,3,1,1,1,2,1
SF,IF2006,2019-11-05 09:31:34.600,3957.6000,2118,0,7125720.000,0,-,-,-,-,3956.0000,3955.0000,3954.8000,3954.6000,3950.8000,3957.8000,3958.2000,3958.4000,3958.6000,3959.0000,2,1,1,1,3,1,1,2,1,1
SF,IF2006,2019-11-05 09:31:35.100,3957.6000,2118,0,7125720.000,0,-,-,-,-,3956.0000,3954.8000,3954.6000,3950.8000,3950.0000,3957.6000,3957.8000,3958.2000,3958.4000,3958.6000,2,1,1,3,5,1,1,1,1,1
SF,IF2006,2019-11-05 09:31:35.600,3957.6000,2118,0,7125720.000,0,-,-,-,-,3956.0000,3954.8000,3954.6000,3950.8000,3950.0000,3957.4000,3957.6000,3957.8000,3958.2000,3958.4000,2,1,1,3,5,1,1,2,1,1
SF,IF2006,2019-11-05 09:31:36.100,3957.6000,2118,0,7125720.000,0,-,-,-,-,3956.0000,3954.8000,3954.6000,3950.8000,3950.0000,3957.8000,3958.2000,3958.6000,3959.0000,3961.2000,2,1,1,3,5,1,1,1,1,2
SF,IF2006,2019-11-05 09:31:40.600,3956.0000,2116,-2,9499320.000,2,0,2,双平,S,3954.8000,3954.6000,3950.8000,3950.0000,3949.6000,3956.0000,3957.8000,3958.2000,3958.6000,3959.0000,1,1,3,5,1,1,1,1,1,1
SF,IF2006,2019-11-05 09:31:41.100,3956.0000,2116,0,9499320.000,0,-,-,-,-,3954.8000,3954.6000,3950.8000,3950.0000,3949.6000,3957.8000,3958.2000,3958.6000,3959.0000,3961.2000,1,1,3,5,1,1,1,1,1,2
SF,IF2006,2019-11-05 09:31:41.600,3956.0000,2116,0,9499320.000,0,-,-,-,-,3954.8000,3954.6000,3950.8000,3950.0000,3949.6000,3957.0000,3957.8000,3958.2000,3958.6000,3959.0000,1,1,3,5,1,1,1,1,1,1
SF,IF2006,2019-11-05 09:31:42.600,3956.0000,2116,0,9499320.000,0,-,-,-,-,3954.8000,3954.6000,3950.8000,3950.0000,3949.6000,3956.8000,3957.0000,3957.8000,3958.2000,3958.6000,1,1,3,5,1,1,1,1,1,1
SF,IF2006,2019-11-05 09:31:43.100,3956.0000,2116,0,9499320.000,0,-,-,-,-,3954.8000,3954.6000,3950.8000,3950.0000,3949.6000,3956.8000,3957.8000,3958.2000,3958.6000,3959.0000,1,1,3,5,1,1,1,1,1,1
SF,IF2006,2019-11-05 09:31:43.600,3956.0000,2116,0,9499320.000,0,-,-,-,-,3954.8000,3954.6000,3950.8000,3950.0000,3949.6000,3956.6000,3956.8000,3957.8000,3958.2000,3958.6000,1,1,3,5,1,1,1,1,1,1
SF,IF2006,2019-11-05 09:31:47.100,3956.0000,2116,0,9499320.000,0,-,-,-,-,3954.8000,3954.6000,3950.8000,3950.0000,3949.6000,3956.4000,3956.6000,3956.8000,3957.8000,3958.2000,1,1,3,5,1,1,1,1,1,1
SF,IF2006,2019-11-05 09:31:47.600,3956.0000,2116,0,9499320.000,0,-,-,-,-,3954.8000,3954.6000,3950.8000,3950.0000,3949.6000,3956.8000,3957.8000,3958.2000,3958.6000,3961.2000,1,1,3,5,1,1,1,1,1,2
SF,IF2006,2019-11-05 09:31:48.100,3956.0000,2116,0,9499320.000,0,-,-,-,-,3954.8000,3954.6000,3950.8000,3950.0000,3949.6000,3956.6000,3956.8000,3957.8000,3958.2000,3958.6000,1,1,3,5,1,1,1,1,1,1
SF,IF2006,2019-11-05 09:31:48.600,3956.0000,2116,0,9499320.000,0,-,-,-,-,3954.8000,3954.6000,3950.8000,3950.0000,3949.6000,3956.6000,3956.8000,3957.8000,3958.2000,3958.6000,1,1,3,5,1,1,1,1,1,1
SF,IF2006,2019-11-05 09:31:51.100,3956.0000,2116,0,9499320.000,0,-,-,-,-,3955.0000,3954.8000,3954.6000,3950.8000,3950.0000,3956.6000,3956.8000,3957.8000,3958.2000,3958.6000,1,1,1,3,5,1,1,1,1,1
SF,IF2006,2019-11-05 09:31:52.100,3956.0000,2116,0,9499320.000,0,-,-,-,-,3954.8000,3954.6000,3950.8000,3950.0000,3949.6000,3956.6000,3956.8000,3957.8000,3958.2000,3958.6000,1,1,3,5,1,1,1,1,1,1
SF,IF2006,2019-11-05 09:31:53.100,3956.0000,2116,0,9499320.000,0,-,-,-,-,3955.0000,3954.8000,3954.6000,3950.8000,3950.0000,3956.6000,3956.8000,3957.8000,3958.2000,3958.6000,1,1,1,3,5,1,1,1,1,1
SF,IF2006,2019-11-05 09:31:53.600,3956.0000,2116,0,9499320.000,0,-,-,-,-,3955.0000,3954.8000,3954.6000,3950.8000,3950.0000,3957.8000,3958.2000,3958.6000,3961.2000,3961.8000,1,1,1,3,5,1,1,1,2,1
SF,IF2006,2019-11-05 09:31:54.100,3956.0000,2116,0,9499320.000,0,-,-,-,-,3955.0000,3954.8000,3954.6000,3950.8000,3950.0000,3957.6000,3957.8000,3958.2000,3958.6000,3961.2000,1,1,1,3,5,1,1,1,1,2
SF,IF2006,2019-11-05 09:31:54.600,3956.0000,2116,0,9499320.000,0,-,-,-,-,3955.0000,3954.8000,3954.6000,3950.8000,3950.0000,3957.4000,3957.6000,3957.8000,3958.2000,3958.6000,1,1,1,3,5,1,1,1,1,1
SF,IF2006,2019-11-05 09:31:55.100,3956.0000,2116,0,9499320.000,0,-,-,-,-,3955.0000,3954.8000,3954.6000,3950.8000,3950.0000,3957.4000,3957.8000,3958.2000,3958.6000,3961.2000,1,1,1,3,5,1,1,1,1,2
SF,IF2006,2019-11-05 09:31:56.600,3956.0000,2116,0,9499320.000,0,-,-,-,-,3955.2000,3955.0000,3954.8000,3954.6000,3950.8000,3957.4000,3957.8000,3958.2000,3958.6000,3961.2000,1,1,1,1,3,1,1,1,1,2
SF,IF2006,2019-11-05 09:31:57.100,3956.0000,2116,0,9499320.000,0,-,-,-,-,3955.2000,3955.0000,3954.8000,3954.6000,3950.8000,3957.2000,3957.4000,3957.8000,3958.2000,3958.6000,1,1,1,1,3,1,1,1,1,1
SF,IF2006,2019-11-05 09:31:57.600,3956.0000,2116,0,9499320.000,0,-,-,-,-,3955.2000,3955.0000,3954.8000,3954.6000,3950.8000,3957.0000,3957.2000,3957.4000,3957.8000,3958.2000,1,1,1,1,3,1,1,1,1,1
SF,IF2006,2019-11-05 09:31:58.100,3956.0000,2116,0,9499320.000,0,-,-,-,-,3955.2000,3955.0000,3954.8000,3954.6000,3950.8000,3957.0000,3957.4000,3957.8000,3958.2000,3958.6000,1,1,1,1,3,1,1,1,1,1
SF,IF2006,2019-11-05 09:31:59.100,3956.0000,2116,0,9499320.000,0,-,-,-,-,3955.2000,3955.0000,3954.8000,3954.6000,3950.8000,3957.0000,3957.4000,3957.8000,3958.2000,3958.6000,1,1,1,1,3,1,1,1,1,1
SF,IF2006,2019-11-05 09:31:59.600,3956.0000,2116,0,9499320.000,0,-,-,-,-,3955.2000,3955.0000,3954.8000,3954.6000,3950.8000,3956.8000,3957.0000,3957.4000,3957.8000,3958.2000,1,1,1,1,3,1,1,1,1,1
SF,IF2006,2019-11-05 09:32:00.600,3956.0000,2116,0,9499320.000,0,-,-,-,-,3955.2000,3955.0000,3954.8000,3954.6000,3950.8000,3956.8000,3957.4000,3957.8000,3958.2000,3958.6000,1,1,1,1,3,1,1,1,1,1
SF,IF2006,2019-11-05 09:32:02.100,3956.0000,2116,0,9499320.000,0,-,-,-,-,3955.0000,3954.8000,3954.6000,3950.8000,3950.0000,3956.8000,3957.4000,3957.8000,3958.2000,3958.6000,1,1,1,3,5,1,1,1,1,1
SF,IF2006,2019-11-05 09:32:03.100,3956.0000,2116,0,9499320.000,0,-,-,-,-,3954.8000,3954.6000,3950.8000,3950.0000,3949.6000,3956.6000,3956.8000,3957.4000,3957.8000,3958.2000,1,1,3,5,1,1,1,1,1,1
SF,IF2006,2019-11-05 09:32:03.600,3956.0000,2116,0,9499320.000,0,-,-,-,-,3954.8000,3954.6000,3950.8000,3950.0000,3949.6000,3956.6000,3957.4000,3957.8000,3958.2000,3958.6000,1,1,3,5,1,1,1,1,1,1
SF,IF2006,2019-11-05 09:32:04.100,3956.0000,2116,0,9499320.000,0,-,-,-,-,3954.8000,3954.6000,3950.8000,3950.0000,3949.6000,3956.4000,3956.6000,3957.4000,3957.8000,3958.2000,1,1,3,5,1,1,1,1,1,1
SF,IF2006,2019-11-05 09:32:04.600,3956.0000,2116,0,9499320.000,0,-,-,-,-,3954.8000,3954.6000,3950.8000,3950.0000,3949.6000,3956.2000,3956.4000,3956.6000,3957.4000,3957.8000,1,1,3,5,1,1,1,1,1,1
SF,IF2006,2019-11-05 09:32:05.100,3956.0000,2116,0,9499320.000,0,-,-,-,-,3954.8000,3954.6000,3950.8000,3950.0000,3949.6000,3956.2000,3956.6000,3957.4000,3957.8000,3958.2000,1,1,3,5,1,1,1,1,1,1
SF,IF2006,2019-11-05 09:32:05.600,3956.0000,2116,0,9499320.000,0,-,-,-,-,3954.8000,3954.6000,3950.8000,3950.0000,3949.6000,3956.0000,3956.2000,3956.6000,3957.4000,3957.8000,1,1,3,5,1,1,1,1,1,1
SF,IF2006,2019-11-05 09:32:08.600,3954.8000,2116,0,10685760.000,1,0,1,多换,S,3954.6000,3950.8000,3950.0000,3949.6000,3945.0000,3955.8000,3956.0000,3956.2000,3956.6000,3957.4000,1,3,5,1,1,1,1,1,1,1
SF,IF2006,2019-11-05 09:32:09.100,3954.6000,2116,0,11872140.000,1,0,1,多换,S,3953.0000,3950.8000,3950.0000,3949.6000,3945.0000,3955.8000,3956.2000,3956.6000,3957.4000,3957.8000,1,3,5,1,1,1,1,1,1,1
SF,IF2006,2019-11-05 09:32:09.600,3954.6000,2116,0,11872140.000,0,-,-,-,-,3953.2000,3953.0000,3950.8000,3950.0000,3949.6000,3955.6000,3955.8000,3956.2000,3956.6000,3957.4000,2,1,3,5,1,1,1,1,1,1
SF,IF2006,2019-11-05 09:32:10.100,3954.6000,2116,0,11872140.000,0,-,-,-,-,3953.2000,3953.0000,3950.8000,3950.0000,3949.6000,3955.4000,3955.6000,3955.8000,3956.2000,3956.6000,1,1,3,5,1,1,1,1,1,1
SF,IF2006,2019-11-05 09:32:10.600,3954.6000,2116,0,11872140.000,0,-,-,-,-,3953.2000,3953.0000,3950.8000,3950.0000,3949.6000,3955.4000,3955.8000,3956.2000,3956.6000,3957.4000,1,1,3,5,1,1,1,1,1,1
SF,IF2006,2019-11-05 09:32:11.100,3954.6000,2116,0,11872140.000,0,-,-,-,-,3953.2000,3953.0000,3950.8000,3950.0000,3949.6000,3955.2000,3955.4000,3955.8000,3956.2000,3956.6000,1,1,3,5,1,1,1,1,1,1
SF,IF2006,2019-11-05 09:32:11.600,3954.6000,2116,0,11872140.000,0,-,-,-,-,3953.2000,3953.0000,3950.8000,3950.0000,3949.6000,3955.0000,3955.2000,3955.4000,3955.8000,3956.2000,1,1,3,5,1,1,1,1,1,1
SF,IF2006,2019-11-05 09:32:12.100,3954.6000,2116,0,11872140.000,0,-,-,-,-,3953.2000,3953.0000,3950.8000,3950.0000,3949.6000,3955.0000,3955.4000,3955.8000,3956.2000,3956.6000,1,1,3,5,1,1,1,1,1,1
SF,IF2006,2019-11-05 09:32:12.600,3954.6000,2116,0,11872140.000,0,-,-,-,-,3953.2000,3953.0000,3950.8000,3950.0000,3949.6000,3954.6000,3955.0000,3955.4000,3955.8000,3956.2000,1,1,3,5,1,1,1,1,1,1
SF,IF2006,2019-11-05 09:32:13.100,3954.6000,2116,0,11872140.000,0,-,-,-,-,3953.0000,3950.8000,3950.0000,3949.6000,3945.0000,3954.4000,3954.6000,3955.0000,3955.4000,3955.8000,1,3,5,1,1,1,1,1,1,1
SF,IF2006,2019-11-05 09:32:13.600,3954.6000,2116,0,11872140.000,0,-,-,-,-,3953.0000,3950.8000,3950.0000,3949.6000,3945.0000,3954.4000,3955.0000,3955.4000,3955.8000,3956.2000,1,3,5,1,1,1,1,1,1,1
SF,IF2006,2019-11-05 09:32:14.100,3954.6000,2116,0,11872140.000,0,-,-,-,-,3953.0000,3950.0000,3949.6000,3945.0000,3935.0000,3954.2000,3954.4000,3955.0000,3955.4000,3955.8000,1,5,1,1,1,1,1,1,1,1
SF,IF2006,2019-11-05 09:32:15.600,3954.6000,2116,0,11872140.000,0,-,-,-,-,3953.0000,3950.0000,3947.0000,3945.0000,3935.0000,3954.2000,3954.4000,3955.0000,3955.4000,3955.8000,1,5,1,1,1,1,1,1,1,1
SF,IF2006,2019-11-05 09:32:18.600,3954.6000,2116,0,11872140.000,0,-,-,-,-,3953.2000,3953.0000,3950.0000,3947.0000,3945.0000,3954.2000,3955.0000,3955.4000,3955.8000,3956.2000,1,1,5,1,1,1,1,1,1,1
SF,IF2006,2019-11-05 09:32:19.100,3954.6000,2116,0,11872140.000,0,-,-,-,-,3953.2000,3953.0000,3950.0000,3947.0000,3945.0000,3955.0000,3955.4000,3955.8000,3956.2000,3958.8000,1,1,5,1,1,1,1,1,1,2
SF,IF2006,2019-11-05 09:32:19.600,3954.6000,2116,0,11872140.000,0,-,-,-,-,3953.2000,3953.0000,3950.0000,3947.0000,3945.0000,3954.8000,3955.0000,3955.4000,3955.8000,3956.2000,1,1,5,1,1,1,1,1,1,1
SF,IF2006,2019-11-05 09:32:20.600,3954.6000,2116,0,11872140.000,0,-,-,-,-,3953.2000,3953.0000,3950.0000,3947.0000,3945.0000,3954.8000,3955.4000,3955.8000,3956.2000,3958.8000,1,1,5,1,1,1,1,1,1,2
SF,IF2006,2019-11-05 09:32:21.100,3954.6000,2116,0,11872140.000,0,-,-,-,-,3953.2000,3953.0000,3950.0000,3947.0000,3945.0000,3955.4000,3955.8000,3956.2000,3958.8000,3961.2000,1,1,5,1,1,1,1,1,2,2
SF,IF2006,2019-11-05 09:32:21.600,3954.6000,2116,0,11872140.000,0,-,-,-,-,3953.2000,3953.0000,3950.0000,3947.0000,3945.0000,3955.0000,3955.4000,3955.8000,3956.2000,3958.8000,1,1,5,1,1,1,1,1,1,2
SF,IF2006,2019-11-05 09:32:23.100,3954.6000,2116,0,11872140.000,0,-,-,-,-,3953.2000,3953.0000,3950.0000,3947.0000,3945.0000,3954.8000,3955.0000,3955.4000,3955.8000,3956.2000,1,1,5,1,1,1,1,1,1,1
SF,IF2006,2019-11-05 09:32:23.600,3954.6000,2116,0,11872140.000,0,-,-,-,-,3953.2000,3953.0000,3950.0000,3947.0000,3945.0000,3955.4000,3955.8000,3956.2000,3958.8000,3961.2000,1,1,5,1,1,1,1,1,2,2
SF,IF2006,2019-11-05 09:32:24.100,3954.6000,2116,0,11872140.000,0,-,-,-,-,3953.2000,3953.0000,3950.0000,3947.0000,3945.0000,3955.0000,3955.4000,3955.8000,3956.2000,3958.8000,1,1,5,1,1,1,1,1,1,2
SF,IF2006,2019-11-05 09:32:25.100,3954.6000,2116,0,11872140.000,0,-,-,-,-,3953.2000,3953.0000,3950.0000,3947.0000,3945.0000,3954.8000,3955.0000,3955.4000,3955.8000,3956.2000,1,1,5,1,1,1,1,1,1,1
SF,IF2006,2019-11-05 09:32:25.600,3954.6000,2116,0,11872140.000,0,-,-,-,-,3953.2000,3953.0000,3950.0000,3947.0000,3945.0000,3954.8000,3955.4000,3955.8000,3956.2000,3958.8000,1,1,5,1,1,1,1,1,1,2
SF,IF2006,2019-11-05 09:32:26.100,3954.6000,2116,0,11872140.000,0,-,-,-,-,3953.2000,3953.0000,3950.0000,3947.0000,3945.0000,3954.6000,3954.8000,3955.4000,3955.8000,3956.2000,1,1,5,1,1,1,1,1,1,1
SF,IF2006,2019-11-05 09:32:28.100,3954.6000,2116,0,11872140.000,0,-,-,-,-,3953.0000,3950.0000,3947.0000,3945.0000,3935.0000,3954.4000,3954.6000,3954.8000,3955.4000,3955.8000,1,5,1,1,1,1,1,1,1,1
SF,IF2006,2019-11-05 09:32:28.600,3954.6000,2116,0,11872140.000,0,-,-,-,-,3953.0000,3950.0000,3947.0000,3945.0000,3935.0000,3955.4000,3955.8000,3956.2000,3958.8000,3961.2000,1,5,1,1,1,1,1,1,2,2
SF,IF2006,2019-11-05 09:32:29.100,3954.6000,2116,0,11872140.000,0,-,-,-,-,3953.0000,3950.0000,3947.0000,3945.0000,3935.0000,3954.6000,3955.4000,3955.8000,3956.2000,3958.8000,1,5,1,1,1,1,1,1,1,2
SF,IF2006,2019-11-05 09:32:29.600,3954.6000,2116,0,11872140.000,0,-,-,-,-,3953.0000,3950.0000,3947.0000,3945.0000,3935.0000,3954.4000,3954.6000,3955.4000,3955.8000,3956.2000,1,5,1,1,1,1,1,1,1,1
SF,IF2006,2019-11-05 09:32:30.100,3954.6000,2116,0,11872140.000,0,-,-,-,-,3953.0000,3950.0000,3947.0000,3945.0000,3935.0000,3954.4000,3955.4000,3955.8000,3956.2000,3958.8000,1,5,1,1,1,1,1,1,1,2
SF,IF2006,2019-11-05 09:32:30.600,3954.6000,2116,0,11872140.000,0,-,-,-,-,3953.0000,3950.0000,3947.0000,3945.0000,3935.0000,3955.4000,3955.8000,3956.2000,3958.8000,3961.2000,1,5,1,1,1,1,1,1,2,2
SF,IF2006,2019-11-05 09:32:31.100,3954.6000,2116,0,11872140.000,0,-,-,-,-,3953.0000,3950.0000,3947.0000,3945.0000,3935.0000,3954.8000,3955.4000,3955.8000,3956.2000,3958.8000,1,5,1,1,1,1,1,1,1,2
SF,IF2006,2019-11-05 09:32:31.600,3954.6000,2116,0,11872140.000,0,-,-,-,-,3953.0000,3950.0000,3947.0000,3945.0000,3935.0000,3954.6000,3954.8000,3955.4000,3955.8000,3956.2000,1,5,1,1,1,1,1,1,1,1
SF,IF2006,2019-11-05 09:32:32.100,3954.6000,2116,0,11872140.000,0,-,-,-,-,3953.0000,3950.0000,3947.0000,3945.0000,3935.0000,3955.4000,3955.8000,3956.2000,3958.8000,3961.2000,1,5,1,1,1,1,1,1,2,2
SF,IF2006,2019-11-05 09:32:32.600,3954.6000,2116,0,11872140.000,0,-,-,-,-,3953.2000,3953.0000,3950.0000,3947.0000,3945.0000,3954.8000,3955.4000,3955.8000,3956.2000,3958.8000,1,1,5,1,1,1,1,1,1,2
SF,IF2006,2019-11-05 09:32:34.100,3954.6000,2116,0,11872140.000,0,-,-,-,-,3953.2000,3953.0000,3950.0000,3947.0000,3945.0000,3954.6000,3954.8000,3955.4000,3955.8000,3956.2000,1,1,5,1,1,1,1,1,1,1
SF,IF2006,2019-11-05 09:32:34.600,3954.6000,2116,0,11872140.000,0,-,-,-,-,3953.2000,3953.0000,3950.0000,3947.0000,3945.0000,3954.6000,3955.4000,3955.8000,3956.2000,3958.8000,1,1,5,1,1,1,1,1,1,2
SF,IF2006,2019-11-05 09:32:35.100,3954.6000,2116,0,11872140.000,0,-,-,-,-,3953.2000,3953.0000,3950.0000,3947.0000,3945.0000,3954.4000,3954.6000,3955.4000,3955.8000,3956.2000,1,1,5,1,1,1,1,1,1,1
SF,IF2006,2019-11-05 09:32:36.600,3954.6000,2116,0,11872140.000,0,-,-,-,-,3953.2000,3953.0000,3950.0000,3947.0000,3945.0000,3954.4000,3955.4000,3955.8000,3956.2000,3958.8000,1,1,5,1,1,1,1,1,1,2
SF,IF2006,2019-11-05 09:32:38.100,3954.6000,2116,0,11872140.000,0,-,-,-,-,3953.2000,3953.0000,3950.0000,3947.0000,3945.0000,3954.2000,3954.4000,3955.4000,3955.8000,3956.2000,1,1,5,1,1,1,1,1,1,1
SF,IF2006,2019-11-05 09:32:38.600,3954.6000,2116,0,11872140.000,0,-,-,-,-,3953.2000,3953.0000,3950.0000,3947.0000,3945.0000,3954.2000,3955.4000,3955.8000,3956.2000,3958.8000,1,1,5,1,1,1,1,1,1,2
SF,IF2006,2019-11-05 09:32:39.100,3954.6000,2116,0,11872140.000,0,-,-,-,-,3953.2000,3953.0000,3950.0000,3947.0000,3945.0000,3954.0000,3954.2000,3955.4000,3955.8000,3956.2000,1,1,5,1,1,1,1,1,1,1
SF,IF2006,2019-11-05 09:32:40.100,3954.6000,2116,0,11872140.000,0,-,-,-,-,3953.2000,3953.0000,3950.0000,3947.0000,3945.0000,3954.0000,3955.4000,3955.8000,3956.2000,3958.8000,1,1,5,1,1,1,1,1,1,2
SF,IF2006,2019-11-05 09:32:40.600,3954.0000,2115,-1,13058340.000,1,0,1,双平,S,3954.0000,3953.2000,3953.0000,3950.0000,3947.0000,3955.4000,3955.8000,3956.2000,3958.8000,3961.2000,1,1,1,5,1,1,1,1,2,2
SF,IF2006,2019-11-05 09:32:42.100,3954.0000,2115,0,13058340.000,0,-,-,-,-,3954.0000,3953.2000,3953.0000,3950.8000,3950.0000,3955.4000,3955.8000,3956.2000,3958.8000,3961.2000,1,1,1,1,5,1,1,1,2,2
SF,IF2006,2019-11-05 09:32:42.600,3954.0000,2115,0,13058340.000,0,-,-,-,-,3954.0000,3953.2000,3953.0000,3950.8000,3950.0000,3955.4000,3955.8000,3956.2000,3958.8000,3961.2000,1,1,1,1,5,1,1,1,2,2
SF,IF2006,2019-11-05 09:32:46.100,3954.0000,2115,0,13058340.000,0,-,-,-,-,3953.2000,3953.0000,3950.8000,3950.0000,3947.0000,3955.4000,3955.8000,3956.2000,3958.8000,3961.2000,1,1,1,5,1,1,1,1,2,2
SF,IF2006,2019-11-05 09:32:56.600,3954.0000,2115,0,13058340.000,0,-,-,-,-,3953.2000,3953.0000,3950.8000,3950.0000,3947.0000,3955.8000,3956.2000,3958.8000,3961.2000,3961.8000,1,1,1,5,1,1,1,2,2,1
SF,IF2006,2019-11-05 09:32:57.100,3954.0000,2115,0,13058340.000,0,-,-,-,-,3953.4000,3953.2000,3953.0000,3950.8000,3950.0000,3955.8000,3956.2000,3958.8000,3961.2000,3961.8000,2,1,1,1,5,1,1,2,2,1
SF,IF2006,2019-11-05 09:32:57.600,3954.0000,2115,0,13058340.000,0,-,-,-,-,3953.4000,3953.2000,3953.0000,3950.8000,3950.0000,3955.8000,3956.2000,3958.8000,3961.2000,3961.8000,1,1,1,1,5,1,1,2,2,1
SF,IF2006,2019-11-05 09:33:01.600,3954.0000,2115,0,13058340.000,0,-,-,-,-,3953.4000,3953.2000,3953.0000,3950.8000,3950.0000,3955.6000,3955.8000,3956.2000,3958.8000,3961.2000,1,1,1,1,5,1,1,1,2,2
SF,IF2006,2019-11-05 09:33:02.100,3954.0000,2115,0,13058340.000,0,-,-,-,-,3953.4000,3953.2000,3953.0000,3950.8000,3950.0000,3955.4000,3955.6000,3955.8000,3956.2000,3958.8000,1,1,1,1,5,1,1,1,1,2
SF,IF2006,2019-11-05 09:33:02.600,3954.0000,2115,0,13058340.000,0,-,-,-,-,3953.2000,3953.0000,3950.8000,3950.0000,3947.0000,3955.4000,3955.6000,3955.8000,3956.2000,3958.8000,1,1,1,5,1,1,1,1,1,2
SF,IF2006,2019-11-05 09:33:03.600,3954.0000,2115,0,13058340.000,0,-,-,-,-,3953.2000,3953.0000,3950.8000,3950.0000,3947.0000,3955.2000,3955.4000,3955.8000,3956.2000,3958.8000,1,1,1,5,1,1,1,1,1,2
SF,IF2006,2019-11-05 09:33:04.100,3954.0000,2115,0,13058340.000,0,-,-,-,-,3953.4000,3953.2000,3953.0000,3950.8000,3950.0000,3955.2000,3955.4000,3955.8000,3956.2000,3958.8000,1,1,1,1,5,1,1,1,1,2
SF,IF2006,2019-11-05 09:33:04.600,3954.0000,2115,0,13058340.000,0,-,-,-,-,3953.4000,3953.2000,3953.0000,3950.8000,3950.0000,3955.8000,3956.2000,3958.8000,3961.2000,3961.8000,1,1,1,1,5,1,1,2,2,1
SF,IF2006,2019-11-05 09:33:06.600,3954.0000,2115,0,13058340.000,0,-,-,-,-,3953.6000,3953.4000,3953.2000,3953.0000,3950.8000,3955.8000,3956.2000,3958.8000,3961.2000,3961.8000,1,1,1,1,1,1,1,2,2,1
SF,IF2006,2019-11-05 09:33:07.100,3954.0000,2115,0,13058340.000,0,-,-,-,-,3953.8000,3953.6000,3953.4000,3953.2000,3953.0000,3955.8000,3956.2000,3958.8000,3961.2000,3961.8000,1,1,1,1,1,1,1,2,2,1
SF,IF2006,2019-11-05 09:33:08.600,3954.0000,2115,0,13058340.000,0,-,-,-,-,3953.8000,3953.4000,3953.2000,3953.0000,3950.8000,3955.8000,3956.2000,3958.8000,3961.2000,3961.8000,1,1,1,1,1,1,1,2,2,1
SF,IF2006,2019-11-05 09:33:11.600,3954.0000,2115,0,13058340.000,0,-,-,-,-,3953.8000,3953.4000,3953.2000,3953.0000,3950.8000,3956.2000,3958.8000,3961.2000,3961.8000,3965.0000,1,1,1,1,1,1,2,2,1,1
SF,IF2006,2019-11-05 09:33:12.100,3954.0000,2115,0,13058340.000,0,-,-,-,-,3953.8000,3953.4000,3953.2000,3953.0000,3950.8000,3958.8000,3961.2000,3961.8000,3965.0000,3968.0000,1,1,1,1,1,2,2,1,1,1
SF,IF2006,2019-11-05 09:33:14.100,3954.0000,2115,0,13058340.000,0,-,-,-,-,3953.8000,3953.4000,3953.2000,3953.0000,3950.8000,3957.8000,3958.8000,3961.8000,3965.0000,3968.0000,1,1,1,1,1,1,2,1,1,1
SF,IF2006,2019-11-05 09:33:14.600,3954.0000,2115,0,13058340.000,0,-,-,-,-,3954.0000,3953.8000,3953.4000,3953.2000,3953.0000,3957.6000,3957.8000,3958.8000,3961.8000,3965.0000,1,1,1,1,1,1,1,2,1,1
SF,IF2006,2019-11-05 09:33:15.100,3954.0000,2115,0,13058340.000,0,-,-,-,-,3954.2000,3954.0000,3953.8000,3953.4000,3953.2000,3956.2000,3957.6000,3957.8000,3958.8000,3961.8000,1,1,1,1,1,1,1,1,2,1
SF,IF2006,2019-11-05 09:33:16.600,3954.0000,2115,0,13058340.000,0,-,-,-,-,3954.2000,3954.0000,3953.8000,3953.4000,3953.2000,3956.0000,3956.2000,3957.6000,3957.8000,3958.8000,1,1,1,1,1,1,1,1,1,2
SF,IF2006,2019-11-05 09:33:17.100,3954.0000,2115,0,13058340.000,0,-,-,-,-,3954.2000,3953.8000,3953.4000,3953.2000,3953.0000,3956.0000,3956.2000,3957.6000,3958.8000,3961.8000,1,1,1,1,1,1,1,1,2,1
SF,IF2006,2019-11-05 09:33:18.100,3954.0000,2115,0,13058340.000,0,-,-,-,-,3953.8000,3953.4000,3953.2000,3953.0000,3950.8000,3956.0000,3956.2000,3957.6000,3958.8000,3961.8000,1,1,1,1,1,1,1,1,2,1
SF,IF2006,2019-11-05 09:33:19.100,3954.0000,2115,0,13058340.000,0,-,-,-,-,3953.4000,3953.2000,3953.0000,3950.8000,3950.0000,3956.0000,3956.2000,3957.6000,3958.8000,3961.8000,1,1,1,1,5,1,1,1,2,1
SF,IF2006,2019-11-05 09:33:20.100,3954.0000,2115,0,13058340.000,0,-,-,-,-,3953.2000,3953.0000,3950.8000,3950.0000,3947.0000,3956.0000,3957.6000,3958.8000,3961.8000,3965.0000,1,1,1,5,1,1,1,2,1,1
SF,IF2006,2019-11-05 09:33:21.600,3954.0000,2115,0,13058340.000,0,-,-,-,-,3953.2000,3953.0000,3950.8000,3950.0000,3947.0000,3955.8000,3956.0000,3957.6000,3958.8000,3961.8000,1,1,1,5,1,1,1,1,2,1
SF,IF2006,2019-11-05 09:33:22.100,3954.0000,2115,0,13058340.000,0,-,-,-,-,3953.2000,3953.0000,3950.8000,3950.0000,3947.0000,3955.6000,3955.8000,3956.0000,3957.6000,3958.8000,1,1,1,5,1,1,1,1,1,2
SF,IF2006,2019-11-05 09:33:22.600,3954.0000,2115,0,13058340.000,0,-,-,-,-,3953.2000,3953.0000,3950.8000,3950.0000,3947.0000,3955.2000,3955.6000,3956.0000,3957.6000,3958.8000,1,1,1,5,1,1,1,1,1,2
SF,IF2006,2019-11-05 09:33:23.100,3953.0000,2115,0,15430200.000,2,1,1,多换,S,3950.8000,3947.0000,3945.0000,3941.4000,3935.0000,3954.6000,3955.0000,3955.2000,3955.6000,3956.0000,1,1,6,1,1,1,1,1,1,1
SF,IF2006,2019-11-05 09:33:23.600,3953.0000,2115,0,15430200.000,0,-,-,-,-,3951.0000,3950.8000,3947.0000,3945.0000,3941.4000,3954.4000,3954.6000,3955.0000,3955.2000,3955.6000,1,1,1,6,1,1,1,1,1,1
SF,IF2006,2019-11-05 09:33:24.600,3953.0000,2115,0,15430200.000,0,-,-,-,-,3951.0000,3950.8000,3947.0000,3945.0000,3941.4000,3953.8000,3954.4000,3954.6000,3955.0000,3955.6000,1,1,1,6,1,1,1,1,1,1
SF,IF2006,2019-11-05 09:33:25.100,3953.0000,2115,0,15430200.000,0,-,-,-,-,3951.0000,3950.8000,3947.0000,3945.0000,3941.4000,3953.6000,3953.8000,3954.4000,3954.6000,3955.0000,1,1,1,6,1,1,1,1,1,1
SF,IF2006,2019-11-05 09:33:26.600,3953.0000,2115,0,15430200.000,0,-,-,-,-,3951.0000,3950.8000,3947.0000,3945.0000,3941.4000,3953.6000,3954.4000,3954.6000,3955.0000,3955.6000,1,1,1,6,1,1,1,1,1,1
SF,IF2006,2019-11-05 09:33:27.600,3953.0000,2115,0,15430200.000,0,-,-,-,-,3951.0000,3950.8000,3947.0000,3945.0000,3941.4000,3954.4000,3955.0000,3955.6000,3958.8000,3961.8000,1,1,1,6,1,1,1,1,2,1
SF,IF2006,2019-11-05 09:33:28.100,3953.0000,2115,0,15430200.000,0,-,-,-,-,3951.2000,3951.0000,3950.8000,3947.0000,3945.0000,3954.4000,3955.0000,3955.6000,3958.8000,3961.8000,1,1,1,1,6,1,1,1,2,1
SF,IF2006,2019-11-05 09:33:28.600,3953.0000,2115,0,15430200.000,0,-,-,-,-,3951.4000,3951.2000,3951.0000,3950.8000,3947.0000,3954.4000,3955.0000,3955.6000,3958.8000,3961.8000,1,1,1,1,1,1,1,1,2,1
SF,IF2006,2019-11-05 09:33:29.100,3953.0000,2115,0,15430200.000,0,-,-,-,-,3951.6000,3951.4000,3951.0000,3950.8000,3947.0000,3954.4000,3955.0000,3955.6000,3958.8000,3961.8000,1,1,1,1,1,1,1,1,2,1
SF,IF2006,2019-11-05 09:33:29.600,3953.0000,2115,0,15430200.000,0,-,-,-,-,3951.8000,3951.6000,3951.4000,3951.0000,3950.8000,3955.0000,3955.6000,3958.8000,3961.8000,3965.0000,1,1,1,1,1,1,1,2,1,6
SF,IF2006,2019-11-05 09:33:30.100,3953.0000,2115,0,15430200.000,0,-,-,-,-,3951.8000,3951.4000,3951.0000,3950.8000,3947.0000,3955.0000,3955.6000,3958.8000,3961.8000,3965.0000,1,1,1,1,1,1,1,2,1,6
SF,IF2006,2019-11-05 09:33:31.100,3953.0000,2115,0,15430200.000,0,-,-,-,-,3951.8000,3951.4000,3951.0000,3950.8000,3947.0000,3954.4000,3954.8000,3955.0000,3955.6000,3958.8000,1,1,1,1,1,1,1,1,1,2
SF,IF2006,2019-11-05 09:33:31.600,3953.0000,2115,0,15430200.000,0,-,-,-,-,3951.8000,3951.4000,3951.0000,3950.8000,3947.0000,3954.2000,3954.4000,3954.8000,3955.0000,3955.6000,1,1,1,1,1,1,1,1,1,1
SF,IF2006,2019-11-05 09:33:34.600,3953.0000,2115,0,15430200.000,0,-,-,-,-,3951.8000,3951.4000,3951.0000,3950.8000,3947.0000,3954.0000,3954.2000,3954.4000,3954.8000,3955.0000,1,1,1,1,1,1,1,1,1,1
SF,IF2006,2019-11-05 09:33:35.100,3953.0000,2115,0,15430200.000,0,-,-,-,-,3951.8000,3951.4000,3951.0000,3950.8000,3947.0000,3953.8000,3954.0000,3954.2000,3954.4000,3954.8000,1,1,1,1,1,1,1,1,1,1
SF,IF2006,2019-11-05 09:33:36.600,3953.0000,2115,0,15430200.000,0,-,-,-,-,3951.8000,3951.4000,3951.0000,3950.8000,3947.0000,3953.8000,3954.0000,3954.2000,3954.4000,3955.0000,1,1,1,1,1,1,1,1,1,1
SF,IF2006,2019-11-05 09:33:37.100,3953.0000,2115,0,15430200.000,0,-,-,-,-,3952.0000,3951.8000,3951.4000,3951.0000,3950.8000,3953.6000,3953.8000,3954.2000,3955.0000,3955.6000,1,1,1,1,1,2,1,1,1,1
SF,IF2006,2019-11-05 09:33:37.600,3953.4000,2114,-1,16616220.000,1,0,1,双平,S,3952.0000,3951.8000,3951.4000,3951.0000,3950.8000,3955.0000,3958.8000,3961.8000,3965.0000,3968.0000,1,1,1,1,1,1,2,1,6,1
SF,IF2006,2019-11-05 09:33:38.100,3953.4000,2114,0,16616220.000,0,-,-,-,-,3952.2000,3952.0000,3951.8000,3951.4000,3951.0000,3954.6000,3958.8000,3961.8000,3965.0000,3968.0000,1,1,1,1,1,3,2,1,6,1
SF,IF2006,2019-11-05 09:33:38.600,3953.4000,2114,0,16616220.000,0,-,-,-,-,3952.4000,3952.2000,3951.8000,3951.4000,3951.0000,3954.6000,3958.8000,3961.8000,3965.0000,3968.0000,2,1,1,1,1,3,2,1,6,1
SF,IF2006,2019-11-05 09:33:41.600,3953.4000,2114,0,16616220.000,0,-,-,-,-,3952.6000,3952.4000,3952.2000,3951.8000,3951.4000,3954.6000,3958.8000,3961.8000,3965.0000,3968.0000,1,2,1,1,1,3,2,1,6,1
SF,IF2006,2019-11-05 09:33:42.100,3953.4000,2114,0,16616220.000,0,-,-,-,-,3952.8000,3952.6000,3952.2000,3951.8000,3951.4000,3954.6000,3958.8000,3961.8000,3965.0000,3968.0000,2,1,1,1,1,3,2,1,6,1
SF,IF2006,2019-11-05 09:33:44.100,3953.4000,2114,0,16616220.000,0,-,-,-,-,3953.0000,3952.8000,3952.6000,3952.2000,3951.8000,3954.6000,3958.8000,3961.8000,3965.0000,3968.0000,1,2,1,1,1,3,2,1,6,1
SF,IF2006,2019-11-05 09:33:44.600,3953.4000,2114,0,16616220.000,0,-,-,-,-,3953.2000,3953.0000,3952.6000,3952.2000,3951.8000,3954.6000,3958.8000,3961.8000,3965.0000,3968.0000,1,1,1,1,1,3,2,1,6,1
SF,IF2006,2019-11-05 09:33:45.600,3953.4000,2114,0,16616220.000,0,-,-,-,-,3953.2000,3952.6000,3952.2000,3951.8000,3951.4000,3954.6000,3958.8000,3961.8000,3965.0000,3968.0000,1,1,1,1,1,3,2,1,6,1
SF,IF2006,2019-11-05 09:33:46.100,3953.4000,2114,0,16616220.000,0,-,-,-,-,3952.6000,3952.2000,3951.8000,3951.4000,3950.8000,3954.6000,3958.8000,3961.8000,3965.0000,3968.0000,1,1,1,1,1,3,2,1,6,1
SF,IF2006,2019-11-05 09:33:52.600,3953.4000,2114,0,16616220.000,0,-,-,-,-,3953.2000,3952.8000,3952.6000,3952.2000,3951.8000,3958.8000,3961.8000,3965.0000,3968.0000,3970.8000,3,1,1,1,1,2,1,6,1,3
SF,IF2006,2019-11-05 09:33:53.100,3953.4000,2114,0,16616220.000,0,-,-,-,-,3953.4000,3953.2000,3952.6000,3952.2000,3951.8000,3955.4000,3958.6000,3958.8000,3961.8000,3965.0000,1,3,1,1,1,3,1,2,1,6
SF,IF2006,2019-11-05 09:33:53.600,3953.4000,2114,0,16616220.000,0,-,-,-,-,3953.6000,3953.4000,3952.6000,3952.2000,3951.8000,3955.4000,3958.6000,3958.8000,3961.8000,3965.0000,1,1,1,1,1,3,1,2,1,6
SF,IF2006,2019-11-05 09:33:57.600,3953.4000,2114,0,16616220.000,0,-,-,-,-,3953.6000,3952.6000,3952.2000,3951.8000,3951.4000,3955.2000,3955.4000,3958.6000,3958.8000,3961.8000,1,1,1,1,1,1,3,1,2,1
SF,IF2006,2019-11-05 09:33:58.100,3953.4000,2114,0,16616220.000,0,-,-,-,-,3952.6000,3952.2000,3951.8000,3951.4000,3950.8000,3954.2000,3955.2000,3958.6000,3958.8000,3961.8000,1,1,1,1,1,3,1,1,2,1
SF,IF2006,2019-11-05 09:34:01.100,3953.4000,2114,0,16616220.000,0,-,-,-,-,3952.2000,3951.8000,3951.4000,3950.8000,3947.0000,3954.2000,3955.2000,3958.6000,3958.8000,3961.8000,1,1,1,1,1,3,1,1,2,1
SF,IF2006,2019-11-05 09:34:01.600,3953.4000,2114,0,16616220.000,0,-,-,-,-,3952.4000,3952.2000,3951.8000,3951.4000,3950.8000,3954.2000,3955.2000,3958.6000,3958.8000,3961.8000,2,1,1,1,1,3,1,1,2,1
SF,IF2006,2019-11-05 09:34:02.100,3953.4000,2114,0,16616220.000,0,-,-,-,-,3952.6000,3952.4000,3952.2000,3951.8000,3951.4000,3954.2000,3955.2000,3958.6000,3958.8000,3961.8000,1,2,1,1,1,3,1,1,2,1
SF,IF2006,2019-11-05 09:34:02.600,3953.4000,2114,0,16616220.000,0,-,-,-,-,3952.8000,3952.6000,3952.2000,3951.8000,3951.4000,3954.2000,3955.2000,3958.6000,3958.8000,3961.8000,1,1,1,1,1,3,1,1,2,1
SF,IF2006,2019-11-05 09:34:03.100,3953.4000,2114,0,16616220.000,0,-,-,-,-,3952.8000,3952.6000,3952.2000,3951.8000,3951.4000,3955.2000,3958.6000,3958.8000,3961.8000,3965.0000,1,1,1,1,1,1,1,2,1,6
SF,IF2006,2019-11-05 09:34:03.600,3953.4000,2114,0,16616220.000,0,-,-,-,-,3952.8000,3952.6000,3952.2000,3951.8000,3951.4000,3954.8000,3955.2000,3958.6000,3958.8000,3961.8000,1,1,1,1,1,3,1,1,2,1
SF,IF2006,2019-11-05 09:34:04.100,3953.4000,2114,0,16616220.000,0,-,-,-,-,3953.0000,3952.8000,3952.6000,3952.2000,3951.8000,3954.8000,3958.6000,3958.8000,3961.8000,3965.0000,1,1,1,1,1,3,1,2,1,6
SF,IF2006,2019-11-05 09:34:04.600,3953.4000,2114,0,16616220.000,0,-,-,-,-,3953.2000,3953.0000,3952.6000,3952.2000,3951.8000,3954.8000,3958.6000,3958.8000,3961.8000,3965.0000,1,1,1,1,1,3,1,2,1,6
SF,IF2006,2019-11-05 09:34:10.100,3953.4000,2114,0,16616220.000,0,-,-,-,-,3953.4000,3953.2000,3953.0000,3952.6000,3952.2000,3954.8000,3958.6000,3958.8000,3961.8000,3965.0000,1,1,1,1,1,3,1,2,1,6
SF,IF2006,2019-11-05 09:34:10.600,3953.4000,2114,0,16616220.000,0,-,-,-,-,3953.6000,3953.4000,3953.0000,3952.6000,3952.2000,3958.6000,3958.8000,3961.8000,3965.0000,3968.0000,1,1,1,1,1,1,2,1,6,1
SF,IF2006,2019-11-05 09:34:11.100,3953.4000,2114,0,16616220.000,0,-,-,-,-,3953.6000,3953.4000,3953.0000,3952.6000,3952.2000,3955.2000,3958.6000,3958.8000,3961.8000,3965.0000,1,1,1,1,1,3,1,2,1,6
SF,IF2006,2019-11-05 09:34:13.100,3953.4000,2114,0,16616220.000,0,-,-,-,-,3953.6000,3953.0000,3952.6000,3952.2000,3951.8000,3955.2000,3958.6000,3958.8000,3961.8000,3965.0000,1,1,1,1,1,3,1,2,1,6
SF,IF2006,2019-11-05 09:34:13.600,3953.4000,2114,0,16616220.000,0,-,-,-,-,3953.0000,3952.6000,3952.2000,3951.8000,3950.8000,3955.2000,3958.6000,3958.8000,3961.8000,3965.0000,1,1,1,1,1,3,1,2,1,6
SF,IF2006,2019-11-05 09:34:16.600,3953.4000,2114,0,16616220.000,0,-,-,-,-,3952.2000,3951.8000,3950.8000,3947.0000,3945.0000,3955.0000,3955.2000,3958.6000,3958.8000,3961.8000,1,1,1,1,6,1,3,1,2,1
SF,IF2006,2019-11-05 09:34:17.100,3953.4000,2114,0,16616220.000,0,-,-,-,-,3952.4000,3952.2000,3951.8000,3950.8000,3947.0000,3954.4000,3955.0000,3958.6000,3958.8000,3961.8000,2,1,1,1,1,3,1,1,2,1
SF,IF2006,2019-11-05 09:34:18.600,3953.4000,2114,0,16616220.000,0,-,-,-,-,3952.6000,3952.4000,3952.2000,3951.8000,3950.8000,3954.4000,3955.0000,3958.6000,3958.8000,3961.8000,1,2,1,1,1,3,1,1,2,1
SF,IF2006,2019-11-05 09:34:19.100,3954.0000,2113,-1,17802420.000,1,0,1,双平,S,3952.6000,3952.2000,3951.8000,3950.8000,3947.0000,3954.4000,3955.0000,3958.6000,3958.8000,3961.8000,1,1,1,1,1,3,1,1,2,1
SF,IF2006,2019-11-05 09:34:19.600,3954.0000,2113,0,17802420.000,0,-,-,-,-,3952.2000,3951.8000,3950.8000,3947.0000,3945.0000,3954.4000,3955.0000,3958.6000,3958.8000,3961.8000,1,1,1,1,6,3,1,1,2,1
SF,IF2006,2019-11-05 09:34:26.600,3954.0000,2113,0,17802420.000,0,-,-,-,-,3952.2000,3951.8000,3950.8000,3947.0000,3945.0000,3954.2000,3954.4000,3954.6000,3955.0000,3958.6000,1,1,1,1,6,1,3,1,1,1
SF,IF2006,2019-11-05 09:34:27.100,3954.0000,2113,0,17802420.000,0,-,-,-,-,3952.2000,3951.8000,3950.8000,3947.0000,3945.0000,3953.8000,3955.0000,3958.6000,3958.8000,3961.8000,1,1,1,1,6,3,1,1,2,1
SF,IF2006,2019-11-05 09:34:30.600,3954.0000,2113,0,17802420.000,0,-,-,-,-,3952.2000,3951.8000,3950.8000,3947.0000,3945.0000,3953.8000,3958.6000,3958.8000,3961.8000,3965.0000,1,1,1,1,6,3,1,2,1,6
SF,IF2006,2019-11-05 09:34:31.100,3954.0000,2113,0,17802420.000,0,-,-,-,-,3952.4000,3952.2000,3951.8000,3950.8000,3947.0000,3953.8000,3958.6000,3958.8000,3961.8000,3965.0000,1,2,1,1,1,3,1,2,1,6
SF,IF2006,2019-11-05 09:34:32.100,3954.0000,2113,0,17802420.000,0,-,-,-,-,3952.4000,3952.2000,3951.8000,3950.8000,3947.0000,3953.8000,3958.6000,3958.8000,3961.8000,3965.0000,1,1,1,1,1,3,1,2,1,6
SF,IF2006,2019-11-05 09:34:41.100,3954.0000,2112,-1,18988620.000,1,0,1,双平,S,3952.4000,3952.2000,3951.8000,3950.8000,3947.0000,3953.8000,3958.6000,3958.8000,3961.8000,3965.0000,1,1,1,1,1,2,1,2,1,6
SF,IF2006,2019-11-05 09:34:51.600,3954.0000,2112,0,18988620.000,0,-,-,-,-,3952.4000,3952.2000,3951.8000,3950.8000,3947.0000,3953.8000,3958.6000,3958.8000,3961.8000,3965.0000,1,1,1,1,1,2,1,2,1,6
SF,IF2006,2019-11-05 09:34:52.600,3954.0000,2112,0,18988620.000,0,-,-,-,-,3952.4000,3952.2000,3951.8000,3950.8000,3947.0000,3953.8000,3958.6000,3961.8000,3965.0000,3968.0000,1,1,1,1,1,2,1,1,6,1
SF,IF2006,2019-11-05 09:34:53.100,3954.0000,2112,0,18988620.000,0,-,-,-,-,3952.4000,3952.2000,3951.8000,3950.8000,3947.0000,3958.6000,3961.8000,3965.0000,3968.0000,3970.8000,1,1,1,1,1,1,1,6,1,3
SF,IF2006,2019-11-05 09:34:53.600,3954.0000,2112,0,18988620.000,0,-,-,-,-,3952.4000,3952.2000,3951.8000,3950.8000,3947.0000,3954.4000,3958.4000,3958.6000,3961.8000,3965.0000,1,1,1,1,1,3,1,1,1,6
SF,IF2006,2019-11-05 09:34:55.600,3954.0000,2112,0,18988620.000,0,-,-,-,-,3952.4000,3952.2000,3951.8000,3950.8000,3947.0000,3954.4000,3958.0000,3958.4000,3958.6000,3961.8000,1,1,1,1,1,3,2,1,1,1
SF,IF2006,2019-11-05 09:35:08.100,3954.0000,2112,0,18988620.000,0,-,-,-,-,3952.8000,3952.6000,3952.4000,3952.2000,3951.8000,3954.4000,3958.0000,3958.4000,3958.6000,3961.8000,1,1,1,1,1,3,2,1,1,1
SF,IF2006,2019-11-05 09:35:08.600,3954.0000,2112,0,18988620.000,0,-,-,-,-,3953.0000,3952.8000,3952.6000,3952.2000,3951.8000,3954.4000,3958.0000,3958.6000,3961.8000,3965.0000,2,1,1,1,1,3,2,1,1,6
SF,IF2006,2019-11-05 09:35:09.100,3954.0000,2112,0,18988620.000,0,-,-,-,-,3953.0000,3952.8000,3952.6000,3952.2000,3951.8000,3958.0000,3958.6000,3961.8000,3965.0000,3968.0000,2,1,1,1,1,2,1,1,6,1
SF,IF2006,2019-11-05 09:35:09.600,3954.0000,2112,0,18988620.000,0,-,-,-,-,3953.0000,3952.8000,3952.6000,3952.2000,3951.8000,3955.2000,3958.0000,3958.6000,3961.8000,3965.0000,2,1,1,1,1,3,2,1,1,6
SF,IF2006,2019-11-05 09:35:13.100,3954.0000,2112,0,18988620.000,0,-,-,-,-,3953.2000,3953.0000,3952.6000,3952.2000,3951.8000,3955.2000,3958.0000,3961.8000,3965.0000,3968.0000,1,2,1,1,1,3,2,1,6,1
SF,IF2006,2019-11-05 09:35:13.600,3954.0000,2112,0,18988620.000,0,-,-,-,-,3953.4000,3953.2000,3953.0000,3952.6000,3952.2000,3955.2000,3958.0000,3961.8000,3965.0000,3968.0000,4,1,1,1,1,3,2,1,6,1
SF,IF2006,2019-11-05 09:35:14.600,3954.0000,2112,0,18988620.000,0,-,-,-,-,3953.4000,3953.2000,3953.0000,3952.6000,3952.2000,3955.2000,3958.0000,3961.6000,3961.8000,3965.0000,4,1,1,1,1,3,2,2,1,6
SF,IF2006,2019-11-05 09:35:26.600,3954.0000,2112,0,18988620.000,0,-,-,-,-,3953.4000,3953.0000,3952.6000,3952.2000,3951.8000,3955.2000,3958.0000,3961.6000,3961.8000,3965.0000,4,1,1,1,1,3,2,2,1,6
SF,IF2006,2019-11-05 09:35:36.100,3954.0000,2112,0,18988620.000,0,-,-,-,-,3953.4000,3953.0000,3952.6000,3952.2000,3951.8000,3955.2000,3958.0000,3961.6000,3961.8000,3965.0000,3,1,1,1,1,3,2,2,1,6
SF,IF2006,2019-11-05 09:35:36.600,3954.0000,2112,0,18988620.000,0,-,-,-,-,3953.0000,3952.6000,3952.2000,3951.8000,3950.8000,3955.2000,3958.0000,3961.6000,3961.8000,3965.0000,1,1,1,1,1,3,2,2,1,6
SF,IF2006,2019-11-05 09:35:54.600,3954.0000,2112,0,18988620.000,0,-,-,-,-,3953.0000,3952.6000,3952.2000,3951.8000,3950.8000,3955.0000,3955.2000,3958.0000,3961.6000,3961.8000,1,1,1,1,1,1,3,2,2,1
SF,IF2006,2019-11-05 09:35:55.100,3954.0000,2112,0,18988620.000,0,-,-,-,-,3953.2000,3953.0000,3952.6000,3952.2000,3951.8000,3954.8000,3955.0000,3958.0000,3961.6000,3961.8000,1,1,1,1,1,2,1,2,2,1
SF,IF2006,2019-11-05 09:35:58.100,3953.2000,2111,-1,20174580.000,1,0,1,双平,S,3952.2000,3951.8000,3951.6000,3950.8000,3947.0000,3954.6000,3954.8000,3958.0000,3961.6000,3961.8000,1,1,1,1,1,2,2,2,2,1
SF,IF2006,2019-11-05 09:35:58.600,3953.2000,2111,0,20174580.000,0,-,-,-,-,3952.2000,3951.8000,3950.8000,3947.0000,3945.0000,3953.4000,3954.6000,3958.0000,3961.6000,3961.8000,1,1,1,1,7,3,3,2,2,1
SF,IF2006,2019-11-05 09:35:59.100,3953.2000,2111,0,20174580.000,0,-,-,-,-,3950.8000,3947.0000,3945.0000,3941.4000,3935.0000,3953.4000,3954.6000,3958.0000,3961.6000,3961.8000,1,1,7,1,1,3,3,2,2,1
SF,IF2006,2019-11-05 09:35:59.600,3953.4000,2111,0,21360600.000,1,0,1,多换,S,3951.0000,3950.8000,3947.0000,3945.0000,3941.4000,3953.4000,3954.6000,3958.0000,3961.6000,3961.8000,1,1,1,7,1,2,3,2,2,1
SF,IF2006,2019-11-05 09:36:00.600,3953.4000,2111,0,21360600.000,0,-,-,-,-,3951.0000,3950.8000,3947.0000,3945.0000,3941.4000,3953.2000,3953.4000,3954.6000,3958.0000,3961.6000,1,1,1,7,1,1,2,2,2,2
SF,IF2006,2019-11-05 09:36:01.100,3953.4000,2111,0,21360600.000,0,-,-,-,-,3951.0000,3950.8000,3947.0000,3945.0000,3941.4000,3952.8000,3953.2000,3954.6000,3958.0000,3961.6000,1,1,1,7,1,3,1,2,2,2
SF,IF2006,2019-11-05 09:36:01.600,3953.4000,2111,0,21360600.000,0,-,-,-,-,3950.8000,3947.0000,3945.0000,3941.4000,3935.0000,3952.8000,3953.0000,3953.2000,3954.6000,3958.0000,1,1,7,1,1,3,1,1,2,2
SF,IF2006,2019-11-05 09:36:02.600,3953.4000,2111,0,21360600.000,0,-,-,-,-,3950.8000,3947.0000,3945.0000,3941.4000,3935.0000,3952.6000,3952.8000,3953.0000,3954.6000,3958.0000,1,1,7,1,1,1,3,1,2,2
SF,IF2006,2019-11-05 09:36:03.100,3953.4000,2111,0,21360600.000,0,-,-,-,-,3950.8000,3947.0000,3945.0000,3941.4000,3935.0000,3952.4000,3952.6000,3953.0000,3954.6000,3958.0000,1,1,7,1,1,2,1,1,2,2
SF,IF2006,2019-11-05 09:36:03.600,3953.4000,2111,0,21360600.000,0,-,-,-,-,3951.0000,3950.8000,3947.0000,3945.0000,3941.4000,3952.4000,3954.6000,3958.0000,3961.6000,3961.8000,2,1,1,7,1,2,2,2,2,1
SF,IF2006,2019-11-05 09:36:06.600,3952.4000,2111,0,22546320.000,1,0,1,多换,S,3951.0000,3950.8000,3947.0000,3945.0000,3941.4000,3952.4000,3954.6000,3958.0000,3961.6000,3961.8000,2,1,1,7,1,1,2,2,2,1
SF,IF2006,2019-11-05 09:36:07.100,3952.4000,2111,0,22546320.000,0,-,-,-,-,3950.8000,3947.0000,3945.0000,3941.4000,3935.0000,3952.2000,3952.4000,3954.6000,3958.0000,3961.6000,1,1,7,1,1,1,1,2,2,2
SF,IF2006,2019-11-05 09:36:07.600,3952.4000,2111,0,22546320.000,0,-,-,-,-,3950.8000,3947.0000,3945.0000,3941.4000,3935.0000,3952.0000,3952.2000,3954.6000,3958.0000,3961.6000,1,1,7,1,1,1,2,2,2,2
SF,IF2006,2019-11-05 09:36:11.600,3952.4000,2111,0,22546320.000,0,-,-,-,-,3950.8000,3947.0000,3945.0000,3941.4000,3935.0000,3951.8000,3952.0000,3952.2000,3954.6000,3958.0000,1,1,7,1,1,1,1,1,2,2
SF,IF2006,2019-11-05 09:36:12.100,3952.4000,2111,0,22546320.000,0,-,-,-,-,3950.8000,3947.0000,3945.0000,3941.4000,3935.0000,3951.6000,3951.8000,3952.2000,3954.6000,3958.0000,1,1,7,1,1,1,1,2,2,2
SF,IF2006,2019-11-05 09:36:13.100,3952.4000,2111,0,22546320.000,0,-,-,-,-,3950.8000,3947.0000,3945.0000,3941.4000,3935.0000,3951.6000,3952.2000,3954.6000,3958.0000,3961.6000,1,1,7,1,1,1,2,2,2,2
SF,IF2006,2019-11-05 09:36:13.600,3952.4000,2111,0,22546320.000,0,-,-,-,-,3950.8000,3947.0000,3945.0000,3941.4000,3935.0000,3951.6000,3952.2000,3954.6000,3958.0000,3961.6000,1,1,7,1,1,1,1,2,2,2
SF,IF2006,2019-11-05 09:36:18.600,3952.4000,2111,0,22546320.000,0,-,-,-,-,3950.8000,3947.0000,3945.0000,3941.4000,3935.0000,3951.6000,3952.2000,3954.6000,3958.0000,3961.6000,1,1,7,1,1,1,1,2,2,2
SF,IF2006,2019-11-05 09:36:19.100,3952.4000,2111,0,22546320.000,0,-,-,-,-,3950.8000,3947.0000,3945.0000,3941.4000,3935.0000,3951.6000,3952.2000,3954.6000,3958.0000,3961.6000,1,1,7,1,1,1,1,2,2,2
SF,IF2006,2019-11-05 09:36:19.600,3952.4000,2111,0,22546320.000,0,-,-,-,-,3950.8000,3947.0000,3945.0000,3941.4000,3935.0000,3952.2000,3954.6000,3958.0000,3961.6000,3961.8000,1,1,7,1,1,1,2,2,2,1
SF,IF2006,2019-11-05 09:36:21.600,3952.4000,2111,0,22546320.000,0,-,-,-,-,3950.8000,3947.0000,3945.0000,3941.4000,3935.0000,3954.6000,3958.0000,3961.6000,3961.8000,3962.4000,1,1,7,1,1,2,2,2,1,5
SF,IF2006,2019-11-05 09:36:22.100,3952.4000,2111,0,22546320.000,0,-,-,-,-,3951.0000,3950.8000,3947.0000,3945.0000,3941.4000,3953.0000,3954.4000,3954.6000,3958.0000,3961.6000,2,1,1,7,1,3,1,2,2,2
SF,IF2006,2019-11-05 09:36:23.600,3952.4000,2111,0,22546320.000,0,-,-,-,-,3951.0000,3950.8000,3947.0000,3945.0000,3941.4000,3952.8000,3953.0000,3954.4000,3954.6000,3958.0000,2,1,1,7,1,1,3,1,2,2
SF,IF2006,2019-11-05 09:36:24.100,3952.4000,2111,0,22546320.000,0,-,-,-,-,3951.0000,3950.8000,3947.0000,3945.0000,3941.4000,3952.6000,3952.8000,3954.4000,3954.6000,3958.0000,2,1,1,7,1,2,1,1,2,2
SF,IF2006,2019-11-05 09:36:25.100,3952.4000,2111,0,22546320.000,0,-,-,-,-,3951.0000,3950.8000,3947.0000,3945.0000,3941.4000,3952.4000,3952.6000,3954.4000,3954.6000,3958.0000,2,1,1,7,1,1,2,1,2,2
SF,IF2006,2019-11-05 09:36:25.600,3952.4000,2111,0,22546320.000,0,-,-,-,-,3951.0000,3950.8000,3947.0000,3945.0000,3941.4000,3952.4000,3954.4000,3954.6000,3958.0000,3961.6000,2,1,1,7,1,1,1,2,2,2
SF,IF2006,2019-11-05 09:36:26.600,3952.4000,2110,-1,23732040.000,1,0,1,双平,S,3951.0000,3950.8000,3947.0000,3945.0000,3941.4000,3954.4000,3954.6000,3958.0000,3961.6000,3961.8000,2,1,1,7,1,1,2,2,2,1
SF,IF2006,2019-11-05 09:36:27.100,3952.4000,2110,0,23732040.000,0,-,-,-,-,3951.0000,3950.8000,3947.0000,3945.0000,3941.4000,3953.8000,3954.2000,3954.4000,3954.6000,3958.0000,2,1,1,7,1,3,1,1,2,2
SF,IF2006,2019-11-05 09:36:27.600,3952.4000,2110,0,23732040.000,0,-,-,-,-,3951.0000,3950.8000,3947.0000,3945.0000,3941.4000,3953.6000,3953.8000,3954.2000,3954.4000,3954.6000,2,1,1,7,1,1,3,1,1,2
SF,IF2006,2019-11-05 09:36:28.100,3952.4000,2110,0,23732040.000,0,-,-,-,-,3951.0000,3950.8000,3947.0000,3945.0000,3941.4000,3953.4000,3953.6000,3954.2000,3954.6000,3958.0000,2,1,1,7,1,4,2,1,2,2
SF,IF2006,2019-11-05 09:36:28.600,3952.4000,2110,0,23732040.000,0,-,-,-,-,3951.0000,3950.8000,3947.0000,3945.0000,3941.4000,3953.2000,3953.4000,3953.6000,3954.2000,3954.6000,2,1,1,7,1,1,4,2,1,1
SF,IF2006,2019-11-05 09:36:29.100,3952.4000,2110,0,23732040.000,0,-,-,-,-,3951.0000,3950.8000,3947.0000,3945.0000,3941.4000,3953.0000,3953.2000,3953.4000,3953.6000,3954.2000,2,1,1,7,1,3,1,1,2,1
SF,IF2006,2019-11-05 09:36:31.100,3952.4000,2110,0,23732040.000,0,-,-,-,-,3951.2000,3951.0000,3950.8000,3947.0000,3945.0000,3953.0000,3953.4000,3953.6000,3954.2000,3954.6000,1,2,1,1,7,3,1,2,1,1
SF,IF2006,2019-11-05 09:36:31.600,3952.4000,2110,0,23732040.000,0,-,-,-,-,3951.4000,3949.0000,3947.0000,3945.0000,3941.4000,3953.4000,3953.6000,3954.2000,3954.6000,3958.0000,3,1,1,7,1,1,2,1,1,2
SF,IF2006,2019-11-05 09:36:32.600,3952.4000,2110,0,23732040.000,0,-,-,-,-,3951.4000,3949.0000,3947.0000,3945.0000,3941.4000,3953.4000,3953.6000,3954.2000,3954.6000,3958.0000,3,1,1,7,1,1,1,1,1,2
SF,IF2006,2019-11-05 09:36:33.100,3952.4000,2110,0,23732040.000,0,-,-,-,-,3951.6000,3951.4000,3949.0000,3947.0000,3945.0000,3953.4000,3953.6000,3954.2000,3954.6000,3958.0000,1,3,1,1,7,1,1,1,1,2
SF,IF2006,2019-11-05 09:36:33.600,3952.4000,2110,0,23732040.000,0,-,-,-,-,3952.6000,3951.6000,3949.0000,3947.0000,3945.0000,3953.4000,3958.0000,3961.6000,3961.8000,3962.4000,3,1,1,1,7,1,2,2,1,5
SF,IF2006,2019-11-05 09:36:34.100,3952.4000,2110,0,23732040.000,0,-,-,-,-,3952.6000,3951.6000,3949.0000,3947.0000,3945.0000,3957.8000,3958.0000,3961.6000,3961.8000,3962.4000,3,1,1,1,7,1,2,2,1,5
SF,IF2006,2019-11-05 09:36:34.600,3952.4000,2110,0,23732040.000,0,-,-,-,-,3951.6000,3949.0000,3947.0000,3945.0000,3941.4000,3954.2000,3954.6000,3957.6000,3957.8000,3958.0000,1,1,1,7,1,3,1,1,1,2
SF,IF2006,2019-11-05 09:36:35.100,3952.4000,2110,0,23732040.000,0,-,-,-,-,3951.8000,3951.6000,3949.0000,3947.0000,3945.0000,3954.2000,3954.6000,3957.6000,3957.8000,3958.0000,2,1,1,1,7,3,1,1,1,2
SF,IF2006,2019-11-05 09:36:35.600,3952.4000,2110,0,23732040.000,0,-,-,-,-,3951.8000,3949.0000,3947.0000,3945.0000,3941.4000,3954.0000,3954.2000,3954.6000,3957.6000,3957.8000,2,1,1,7,1,1,3,1,1,1
SF,IF2006,2019-11-05 09:36:36.100,3952.4000,2110,0,23732040.000,0,-,-,-,-,3951.8000,3949.0000,3947.0000,3945.0000,3941.4000,3953.8000,3954.0000,3954.6000,3957.6000,3957.8000,2,1,1,7,1,3,1,1,1,1
SF,IF2006,2019-11-05 09:36:36.600,3952.4000,2110,0,23732040.000,0,-,-,-,-,3951.8000,3949.0000,3947.0000,3945.0000,3941.4000,3953.6000,3953.8000,3954.0000,3954.6000,3957.6000,2,1,1,7,1,1,3,1,1,1
SF,IF2006,2019-11-05 09:36:37.100,3952.4000,2110,0,23732040.000,0,-,-,-,-,3951.8000,3949.0000,3947.0000,3945.0000,3941.4000,3954.0000,3954.6000,3957.6000,3957.8000,3958.0000,2,1,1,7,1,1,1,1,1,2
SF,IF2006,2019-11-05 09:36:37.600,3952.4000,2110,0,23732040.000,0,-,-,-,-,3951.8000,3949.0000,3947.0000,3945.0000,3941.4000,3953.8000,3954.0000,3954.6000,3957.6000,3958.0000,2,1,1,7,1,1,1,1,1,2
SF,IF2006,2019-11-05 09:36:40.100,3952.4000,2110,0,23732040.000,0,-,-,-,-,3952.0000,3951.8000,3949.0000,3947.0000,3945.0000,3953.8000,3957.6000,3958.0000,3961.6000,3961.8000,1,2,1,1,7,1,1,2,2,1
SF,IF2006,2019-11-05 09:36:40.600,3952.4000,2110,0,23732040.000,0,-,-,-,-,3952.6000,3952.0000,3949.0000,3947.0000,3945.0000,3957.6000,3958.0000,3961.6000,3961.8000,3962.4000,3,1,1,1,7,1,2,2,1,5
SF,IF2006,2019-11-05 09:36:41.100,3952.4000,2110,0,23732040.000,0,-,-,-,-,3952.6000,3952.0000,3949.0000,3947.0000,3945.0000,3955.0000,3957.6000,3958.0000,3961.6000,3961.8000,3,1,1,1,7,3,1,2,2,1
SF,IF2006,2019-11-05 09:36:43.600,3952.4000,2110,0,23732040.000,0,-,-,-,-,3952.8000,3952.6000,3952.0000,3949.0000,3947.0000,3955.0000,3957.6000,3958.0000,3961.6000,3961.8000,1,3,1,1,1,3,1,2,2,1
SF,IF2006,2019-11-05 09:36:44.100,3952.4000,2110,0,23732040.000,0,-,-,-,-,3953.6000,3952.8000,3952.0000,3949.0000,3947.0000,3958.0000,3961.6000,3961.8000,3962.4000,3965.0000,3,1,1,1,1,2,2,1,5,6
SF,IF2006,2019-11-05 09:36:44.600,3952.4000,2110,0,23732040.000,0,-,-,-,-,3953.6000,3952.8000,3952.0000,3949.0000,3947.0000,3955.8000,3957.8000,3958.0000,3961.6000,3961.8000,3,1,1,1,1,3,1,2,2,1
SF,IF2006,2019-11-05 09:36:45.100,3952.4000,2110,0,23732040.000,0,-,-,-,-,3953.6000,3952.8000,3952.0000,3949.0000,3947.0000,3955.6000,3955.8000,3957.8000,3958.0000,3961.6000,3,1,1,1,1,1,3,1,2,2
SF,IF2006,2019-11-05 09:36:45.600,3952.4000,2110,0,23732040.000,0,-,-,-,-,3953.6000,3952.8000,3952.0000,3949.0000,3947.0000,3955.4000,3955.6000,3957.8000,3958.0000,3961.6000,3,1,1,1,1,2,2,1,2,2
SF,IF2006,2019-11-05 09:36:46.100,3952.4000,2110,0,23732040.000,0,-,-,-,-,3953.6000,3952.8000,3952.0000,3949.0000,3947.0000,3955.2000,3955.4000,3955.6000,3957.8000,3958.0000,3,1,1,1,1,1,2,2,1,2
SF,IF2006,2019-11-05 09:36:46.600,3952.4000,2110,0,23732040.000,0,-,-,-,-,3952.0000,3949.0000,3947.0000,3945.0000,3941.4000,3955.0000,3955.2000,3955.6000,3957.8000,3958.0000,1,1,1,7,1,3,1,2,1,2
SF,IF2006,2019-11-05 09:36:47.100,3952.4000,2110,0,23732040.000,0,-,-,-,-,3952.6000,3952.0000,3949.0000,3947.0000,3945.0000,3954.6000,3954.8000,3955.0000,3955.2000,3955.6000,3,1,1,1,7,1,1,3,1,2
SF,IF2006,2019-11-05 09:36:47.600,3952.4000,2110,0,23732040.000,0,-,-,-,-,3952.6000,3952.0000,3947.0000,3945.0000,3943.4000,3954.4000,3955.2000,3955.6000,3957.8000,3958.0000,3,1,1,7,1,1,1,1,1,2
SF,IF2006,2019-11-05 09:36:48.100,3952.4000,2110,0,23732040.000,0,-,-,-,-,3952.6000,3952.0000,3947.0000,3945.0000,3943.4000,3955.2000,3955.6000,3957.8000,3958.0000,3961.6000,3,1,1,7,1,1,1,1,2,2
SF,IF2006,2019-11-05 09:36:48.600,3952.4000,2110,0,23732040.000,0,-,-,-,-,3952.6000,3952.0000,3947.0000,3945.0000,3943.4000,3955.0000,3955.2000,3955.6000,3957.8000,3958.0000,3,1,1,7,1,2,1,1,1,2
SF,IF2006,2019-11-05 09:36:50.100,3952.4000,2110,0,23732040.000,0,-,-,-,-,3952.6000,3952.0000,3947.0000,3945.0000,3943.4000,3954.8000,3955.0000,3955.2000,3957.8000,3958.0000,3,1,1,7,1,3,2,1,1,2
SF,IF2006,2019-11-05 09:36:50.600,3952.4000,2110,0,23732040.000,0,-,-,-,-,3952.6000,3952.0000,3947.0000,3945.0000,3943.4000,3954.6000,3954.8000,3955.2000,3957.8000,3958.0000,3,1,1,7,1,2,3,1,1,2
SF,IF2006,2019-11-05 09:36:55.600,3952.4000,2110,0,23732040.000,0,-,-,-,-,3952.6000,3952.0000,3947.0000,3945.0000,3943.4000,3954.6000,3954.8000,3955.2000,3957.8000,3958.0000,3,1,1,7,1,1,3,1,1,2
SF,IF2006,2019-11-05 09:37:00.100,3952.4000,2110,0,23732040.000,0,-,-,-,-,3952.8000,3952.6000,3952.0000,3947.0000,3945.0000,3954.6000,3954.8000,3955.2000,3957.8000,3958.0000,1,3,1,1,7,1,2,1,1,2
SF,IF2006,2019-11-05 09:37:00.600,3952.4000,2110,0,23732040.000,0,-,-,-,-,3953.6000,3952.8000,3952.0000,3947.0000,3945.0000,3954.8000,3955.2000,3957.8000,3958.0000,3961.6000,3,1,1,1,7,1,1,1,2,2
SF,IF2006,2019-11-05 09:37:01.100,3952.4000,2110,0,23732040.000,0,-,-,-,-,3953.6000,3952.0000,3947.0000,3945.0000,3943.4000,3955.2000,3957.8000,3958.0000,3961.6000,3961.8000,3,1,1,7,1,1,1,2,2,1
SF,IF2006,2019-11-05 09:37:01.600,3952.4000,2110,0,23732040.000,0,-,-,-,-,3952.0000,3947.0000,3945.0000,3943.4000,3941.4000,3954.6000,3955.0000,3955.2000,3957.8000,3958.0000,1,1,7,1,1,1,3,1,1,2
SF,IF2006,2019-11-05 09:37:02.100,3952.4000,2110,0,23732040.000,0,-,-,-,-,3953.0000,3952.0000,3947.0000,3945.0000,3943.4000,3954.4000,3955.0000,3955.2000,3957.8000,3958.0000,3,1,1,7,1,1,1,1,1,2
SF,IF2006,2019-11-05 09:37:02.600,3952.4000,2110,0,23732040.000,0,-,-,-,-,3953.0000,3952.0000,3947.0000,3945.0000,3943.4000,3955.0000,3955.2000,3957.8000,3958.0000,3961.6000,3,1,1,7,1,1,1,1,2,2
SF,IF2006,2019-11-05 09:37:03.100,3952.4000,2110,0,23732040.000,0,-,-,-,-,3953.0000,3952.0000,3947.0000,3945.0000,3943.4000,3954.8000,3955.0000,3955.2000,3957.8000,3958.0000,3,1,1,7,1,1,1,1,1,2
SF,IF2006,2019-11-05 09:37:05.100,3952.4000,2110,0,23732040.000,0,-,-,-,-,3953.0000,3952.0000,3947.0000,3945.0000,3943.4000,3954.6000,3954.8000,3955.2000,3957.8000,3958.0000,3,1,1,7,1,1,1,1,1,2
SF,IF2006,2019-11-05 09:37:05.600,3952.4000,2110,0,23732040.000,0,-,-,-,-,3953.0000,3952.0000,3947.0000,3945.0000,3943.4000,3954.6000,3955.2000,3957.8000,3958.0000,3961.6000,3,1,1,7,1,1,1,1,2,2
SF,IF2006,2019-11-05 09:37:08.600,3953.0000,2109,-1,24917940.000,1,0,1,双平,S,3953.0000,3952.0000,3947.0000,3945.0000,3943.4000,3954.4000,3954.6000,3955.2000,3957.8000,3958.0000,2,1,1,7,1,1,2,1,1,2
SF,IF2006,2019-11-05 09:37:09.100,3953.0000,2108,-1,26103840.000,1,0,1,双平,S,3947.0000,3945.0000,3943.4000,3941.4000,3935.0000,3954.2000,3954.4000,3954.6000,3955.2000,3957.8000,1,7,1,1,1,3,1,2,1,1
SF,IF2006,2019-11-05 09:37:09.600,3953.0000,2108,0,26103840.000,0,-,-,-,-,3951.6000,3950.6000,3949.2000,3947.6000,3947.2000,3954.0000,3954.2000,3954.4000,3954.6000,3955.2000,3,1,1,1,2,1,3,1,2,1
SF,IF2006,2019-11-05 09:37:10.100,3953.0000,2108,0,26103840.000,0,-,-,-,-,3951.6000,3947.6000,3947.2000,3947.0000,3946.8000,3953.8000,3954.0000,3954.4000,3954.6000,3955.2000,3,1,1,1,1,3,1,1,2,1
SF,IF2006,2019-11-05 09:37:10.600,3953.0000,2108,0,26103840.000,0,-,-,-,-,3951.6000,3947.6000,3947.2000,3947.0000,3946.8000,3953.6000,3953.8000,3954.0000,3954.4000,3954.6000,3,1,1,1,1,1,3,1,1,2
SF,IF2006,2019-11-05 09:37:11.100,3953.0000,2108,0,26103840.000,0,-,-,-,-,3951.6000,3947.6000,3947.2000,3947.0000,3946.8000,3953.4000,3953.6000,3954.0000,3954.4000,3954.6000,3,1,1,1,1,1,1,1,1,2
SF,IF2006,2019-11-05 09:37:12.600,3953.0000,2108,0,26103840.000,0,-,-,-,-,3951.6000,3947.6000,3947.2000,3947.0000,3946.8000,3953.4000,3953.6000,3954.0000,3954.4000,3954.6000,3,1,1,1,1,1,1,1,1,1
SF,IF2006,2019-11-05 09:37:14.100,3953.0000,2108,0,26103840.000,0,-,-,-,-,3951.6000,3947.6000,3947.2000,3947.0000,3946.8000,3953.4000,3954.0000,3954.4000,3954.6000,3957.8000,3,1,1,1,1,1,1,1,1,1
SF,IF2006,2019-11-05 09:37:14.600,3953.0000,2108,0,26103840.000,0,-,-,-,-,3951.8000,3951.6000,3947.6000,3947.2000,3947.0000,3954.4000,3957.8000,3958.0000,3961.6000,3961.8000,1,3,1,1,1,1,1,2,2,1
SF,IF2006,2019-11-05 09:37:15.100,3953.0000,2108,0,26103840.000,0,-,-,-,-,3952.4000,3951.8000,3947.6000,3947.2000,3947.0000,3954.2000,3954.4000,3954.6000,3957.8000,3958.0000,3,1,1,1,1,1,1,1,1,2
SF,IF2006,2019-11-05 09:37:16.100,3953.0000,2108,0,26103840.000,0,-,-,-,-,3952.4000,3947.6000,3947.2000,3947.0000,3946.8000,3954.2000,3954.4000,3954.6000,3957.8000,3958.0000,3,1,1,1,1,1,1,1,1,2
SF,IF2006,2019-11-05 09:37:17.100,3953.0000,2108,0,26103840.000,0,-,-,-,-,3952.4000,3947.6000,3947.2000,3947.0000,3946.8000,3954.0000,3954.2000,3954.4000,3954.6000,3957.8000,3,1,1,1,1,2,1,1,1,1
SF,IF2006,2019-11-05 09:37:17.600,3953.0000,2108,0,26103840.000,0,-,-,-,-,3952.4000,3947.6000,3947.2000,3947.0000,3946.8000,3954.0000,3957.8000,3958.0000,3961.6000,3961.8000,3,1,1,1,1,1,1,2,2,1
SF,IF2006,2019-11-05 09:37:18.100,3953.0000,2108,0,26103840.000,0,-,-,-,-,3952.4000,3947.6000,3947.2000,3947.0000,3946.8000,3957.8000,3958.0000,3961.6000,3961.8000,3962.4000,3,1,1,1,1,1,2,2,1,5
SF,IF2006,2019-11-05 09:37:18.600,3953.0000,2108,0,26103840.000,0,-,-,-,-,3952.4000,3947.6000,3947.2000,3947.0000,3946.8000,3954.8000,3957.8000,3958.0000,3961.6000,3961.8000,3,1,1,1,1,3,1,2,2,1
SF,IF2006,2019-11-05 09:37:19.100,3953.0000,2108,0,26103840.000,0,-,-,-,-,3952.4000,3947.6000,3947.2000,3947.0000,3946.8000,3954.6000,3954.8000,3957.8000,3958.0000,3961.6000,3,1,1,1,1,1,3,1,2,2
SF,IF2006,2019-11-05 09:37:19.600,3953.0000,2108,0,26103840.000,0,-,-,-,-,3952.4000,3947.6000,3947.2000,3947.0000,3946.8000,3954.4000,3954.6000,3957.8000,3958.0000,3961.6000,3,1,1,1,1,1,1,1,2,2
SF,IF2006,2019-11-05 09:37:20.600,3953.0000,2108,0,26103840.000,0,-,-,-,-,3952.4000,3947.6000,3947.2000,3947.0000,3946.8000,3954.2000,3954.4000,3954.6000,3957.8000,3958.0000,3,1,1,1,1,2,1,1,1,2
SF,IF2006,2019-11-05 09:37:21.100,3953.0000,2108,0,26103840.000,0,-,-,-,-,3952.4000,3947.6000,3947.2000,3947.0000,3946.8000,3954.2000,3954.6000,3957.8000,3958.0000,3961.6000,3,1,1,1,1,2,1,1,2,2
SF,IF2006,2019-11-05 09:37:21.600,3953.0000,2108,0,26103840.000,0,-,-,-,-,3952.4000,3947.6000,3947.2000,3947.0000,3946.8000,3954.2000,3954.6000,3957.8000,3958.0000,3961.6000,3,1,1,1,1,1,1,1,2,2
SF,IF2006,2019-11-05 09:37:22.100,3953.0000,2108,0,26103840.000,0,-,-,-,-,3952.4000,3947.6000,3947.2000,3947.0000,3946.8000,3954.6000,3957.8000,3958.0000,3961.6000,3961.8000,3,1,1,1,1,1,1,2,2,1
SF,IF2006,2019-11-05 09:37:22.600,3953.0000,2108,0,26103840.000,0,-,-,-,-,3952.4000,3947.6000,3947.2000,3947.0000,3946.8000,3954.4000,3954.6000,3957.8000,3958.0000,3961.6000,3,1,1,1,1,1,1,1,2,2
SF,IF2006,2019-11-05 09:37:23.100,3953.0000,2108,0,26103840.000,0,-,-,-,-,3952.4000,3947.6000,3947.2000,3947.0000,3946.8000,3954.0000,3954.4000,3954.6000,3957.8000,3958.0000,3,1,1,1,1,1,1,1,1,2
SF,IF2006,2019-11-05 09:37:23.600,3953.0000,2108,0,26103840.000,0,-,-,-,-,3952.4000,3947.6000,3947.2000,3947.0000,3946.8000,3954.0000,3954.6000,3957.8000,3958.0000,3961.6000,3,1,1,1,1,1,1,1,2,2
SF,IF2006,2019-11-05 09:37:29.600,3954.0000,2108,0,27290040.000,1,0,1,多换,S,3952.4000,3947.6000,3947.2000,3947.0000,3946.8000,3954.6000,3957.8000,3958.0000,3961.6000,3961.8000,3,1,1,1,1,1,1,2,2,1
SF,IF2006,2019-11-05 09:37:30.100,3954.0000,2108,0,27290040.000,0,-,-,-,-,3952.4000,3947.6000,3947.2000,3947.0000,3946.8000,3954.4000,3954.6000,3957.8000,3958.0000,3961.6000,3,1,1,1,1,2,1,1,2,2
SF,IF2006,2019-11-05 09:37:31.600,3954.0000,2108,0,27290040.000,0,-,-,-,-,3952.4000,3947.6000,3947.2000,3947.0000,3946.8000,3954.2000,3954.4000,3954.6000,3957.8000,3958.0000,3,1,1,1,1,1,2,1,1,2
SF,IF2006,2019-11-05 09:37:32.100,3954.0000,2108,0,27290040.000,0,-,-,-,-,3952.4000,3947.6000,3947.2000,3947.0000,3946.8000,3954.0000,3954.2000,3954.6000,3957.8000,3958.0000,3,1,1,1,1,1,1,1,1,2
SF,IF2006,2019-11-05 09:37:33.100,3954.0000,2108,0,27290040.000,0,-,-,-,-,3952.4000,3947.6000,3947.2000,3947.0000,3946.8000,3953.8000,3954.0000,3954.6000,3957.8000,3958.0000,3,1,1,1,1,2,1,1,1,2
SF,IF2006,2019-11-05 09:37:33.600,3954.0000,2108,0,27290040.000,0,-,-,-,-,3952.4000,3947.6000,3947.2000,3947.0000,3946.8000,3953.8000,3954.6000,3957.8000,3958.0000,3961.8000,3,1,1,1,1,2,1,1,2,1
SF,IF2006,2019-11-05 09:37:34.100,3954.0000,2108,0,27290040.000,0,-,-,-,-,3952.4000,3947.6000,3947.2000,3947.0000,3946.8000,3953.6000,3954.6000,3957.8000,3958.0000,3961.8000,3,1,1,1,1,1,1,1,2,1
SF,IF2006,2019-11-05 09:37:35.600,3954.0000,2108,0,27290040.000,0,-,-,-,-,3952.4000,3947.6000,3947.2000,3947.0000,3946.8000,3954.6000,3957.8000,3958.0000,3961.8000,3962.4000,3,1,1,1,1,1,1,2,1,5
SF,IF2006,2019-11-05 09:37:36.100,3954.0000,2108,0,27290040.000,0,-,-,-,-,3952.4000,3947.6000,3947.2000,3947.0000,3946.8000,3954.4000,3954.6000,3957.8000,3958.0000,3961.8000,3,1,1,1,1,2,1,1,2,1
SF,IF2006,2019-11-05 09:37:36.600,3954.0000,2108,0,27290040.000,0,-,-,-,-,3952.4000,3947.6000,3947.2000,3947.0000,3946.8000,3954.0000,3954.2000,3954.4000,3954.6000,3957.8000,3,1,1,1,1,2,1,2,1,1
SF,IF2006,2019-11-05 09:37:37.100,3954.0000,2108,0,27290040.000,0,-,-,-,-,3952.4000,3947.6000,3947.2000,3947.0000,3946.8000,3954.0000,3954.2000,3954.6000,3957.8000,3958.0000,3,1,1,1,1,2,1,1,1,2
SF,IF2006,2019-11-05 09:37:37.600,3954.0000,2108,0,27290040.000,0,-,-,-,-,3952.4000,3947.6000,3947.2000,3947.0000,3946.8000,3954.0000,3954.2000,3954.6000,3957.8000,3958.0000,3,1,1,1,1,2,1,1,1,2
SF,IF2006,2019-11-05 09:37:38.100,3954.0000,2108,0,27290040.000,0,-,-,-,-,3952.4000,3947.6000,3947.2000,3947.0000,3946.8000,3953.4000,3953.8000,3954.2000,3954.6000,3957.8000,3,1,1,1,1,1,1,1,1,1
SF,IF2006,2019-11-05 09:37:40.100,3954.0000,2108,0,27290040.000,0,-,-,-,-,3952.4000,3947.6000,3947.2000,3947.0000,3946.8000,3953.4000,3954.2000,3954.6000,3957.8000,3958.0000,3,1,1,1,1,1,1,1,1,2
SF,IF2006,2019-11-05 09:37:40.600,3954.0000,2108,0,27290040.000,0,-,-,-,-,3947.6000,3947.2000,3947.0000,3946.8000,3945.0000,3953.4000,3954.2000,3954.6000,3957.8000,3958.0000,1,1,1,1,7,1,1,1,1,2
SF,IF2006,2019-11-05 09:37:41.100,3954.0000,2108,0,27290040.000,0,-,-,-,-,3951.8000,3949.4000,3948.0000,3947.8000,3947.6000,3953.4000,3954.2000,3954.6000,3957.8000,3958.0000,3,1,1,1,1,1,1,1,1,2
SF,IF2006,2019-11-05 09:37:41.600,3954.0000,2108,0,27290040.000,0,-,-,-,-,3951.8000,3949.4000,3948.0000,3947.6000,3947.2000,3953.2000,3953.4000,3954.2000,3954.6000,3957.8000,3,1,1,1,1,1,1,1,1,1
SF,IF2006,2019-11-05 09:37:42.600,3954.0000,2108,0,27290040.000,0,-,-,-,-,3951.8000,3949.4000,3948.0000,3947.6000,3947.2000,3953.0000,3953.2000,3954.2000,3954.6000,3957.8000,3,1,1,1,1,1,1,1,1,1
SF,IF2006,2019-11-05 09:37:43.100,3954.0000,2108,0,27290040.000,0,-,-,-,-,3951.8000,3949.4000,3948.0000,3947.6000,3947.2000,3953.2000,3954.2000,3954.6000,3957.8000,3961.8000,3,1,1,1,1,1,1,1,1,1
SF,IF2006,2019-11-05 09:37:44.100,3954.0000,2108,0,27290040.000,0,-,-,-,-,3951.8000,3947.6000,3947.2000,3947.0000,3946.8000,3953.2000,3954.2000,3954.6000,3957.8000,3961.8000,3,1,1,1,1,1,1,1,1,1
SF,IF2006,2019-11-05 09:37:44.600,3954.0000,2108,0,27290040.000,0,-,-,-,-,3951.8000,3947.6000,3947.2000,3947.0000,3946.8000,3954.2000,3954.6000,3957.8000,3961.8000,3962.4000,3,1,1,1,1,1,1,1,1,5
SF,IF2006,2019-11-05 09:37:45.100,3954.0000,2108,0,27290040.000,0,-,-,-,-,3951.8000,3947.6000,3947.2000,3947.0000,3946.8000,3954.0000,3954.2000,3954.6000,3957.8000,3961.8000,3,1,1,1,1,2,1,1,1,1
SF,IF2006,2019-11-05 09:37:45.600,3954.0000,2108,0,27290040.000,0,-,-,-,-,3951.8000,3947.6000,3947.2000,3947.0000,3946.8000,3953.6000,3953.8000,3954.0000,3954.2000,3954.6000,3,1,1,1,1,1,1,2,1,1
SF,IF2006,2019-11-05 09:37:46.100,3954.0000,2108,0,27290040.000,0,-,-,-,-,3951.8000,3947.6000,3947.2000,3947.0000,3946.8000,3953.6000,3954.2000,3954.6000,3957.8000,3961.8000,3,1,1,1,1,1,1,1,1,1
SF,IF2006,2019-11-05 09:37:47.100,3954.0000,2108,0,27290040.000,0,-,-,-,-,3951.8000,3947.6000,3947.2000,3947.0000,3946.8000,3954.2000,3954.6000,3957.8000,3961.8000,3962.4000,3,1,1,1,1,1,1,1,1,5
SF,IF2006,2019-11-05 09:37:47.600,3954.0000,2108,0,27290040.000,0,-,-,-,-,3951.8000,3947.6000,3947.2000,3947.0000,3946.8000,3954.0000,3954.2000,3954.6000,3957.8000,3961.8000,3,1,1,1,1,1,1,1,1,1
SF,IF2006,2019-11-05 09:37:48.100,3954.0000,2108,0,27290040.000,0,-,-,-,-,3951.8000,3947.6000,3947.2000,3947.0000,3946.8000,3954.0000,3954.6000,3957.8000,3961.8000,3962.4000,3,1,1,1,1,1,1,1,1,5
SF,IF2006,2019-11-05 09:37:48.600,3954.0000,2108,0,27290040.000,0,-,-,-,-,3952.0000,3951.8000,3947.6000,3947.2000,3947.0000,3954.0000,3954.6000,3957.8000,3961.8000,3962.4000,1,3,1,1,1,1,1,1,1,5
SF,IF2006,2019-11-05 09:37:49.100,3954.0000,2108,0,27290040.000,0,-,-,-,-,3952.2000,3952.0000,3947.6000,3947.2000,3947.0000,3954.6000,3957.8000,3961.8000,3962.4000,3965.0000,2,1,1,1,1,1,1,1,5,5
SF,IF2006,2019-11-05 09:37:50.600,3954.0000,2108,0,27290040.000,0,-,-,-,-,3952.2000,3952.0000,3947.6000,3947.2000,3947.0000,3954.4000,3954.6000,3957.8000,3961.8000,3962.4000,2,1,1,1,1,1,1,1,1,5
SF,IF2006,2019-11-05 09:37:51.100,3954.0000,2108,0,27290040.000,0,-,-,-,-,3952.2000,3952.0000,3947.6000,3947.2000,3947.0000,3954.2000,3954.4000,3954.6000,3957.8000,3961.8000,2,1,1,1,1,1,1,2,1,1
SF,IF2006,2019-11-05 09:37:52.600,3954.0000,2108,0,27290040.000,0,-,-,-,-,3952.2000,3952.0000,3947.6000,3947.2000,3947.0000,3953.8000,3954.0000,3954.2000,3954.6000,3957.8000,2,1,1,1,1,1,1,1,2,1
SF,IF2006,2019-11-05 09:37:53.100,3954.0000,2108,0,27290040.000,0,-,-,-,-,3952.2000,3952.0000,3947.6000,3947.2000,3947.0000,3953.8000,3954.0000,3954.2000,3954.6000,3957.8000,2,1,1,1,1,1,2,1,1,1
SF,IF2006,2019-11-05 09:37:53.600,3954.0000,2108,0,27290040.000,0,-,-,-,-,3952.2000,3947.6000,3947.2000,3947.0000,3946.8000,3953.8000,3954.0000,3954.6000,3957.8000,3961.8000,2,1,1,1,1,1,2,1,1,1
SF,IF2006,2019-11-05 09:37:54.100,3954.0000,2108,0,27290040.000,0,-,-,-,-,3952.2000,3947.6000,3947.2000,3947.0000,3946.8000,3953.8000,3954.0000,3954.6000,3957.8000,3961.8000,2,1,1,1,1,1,1,1,1,1
SF,IF2006,2019-11-05 09:38:00.100,3954.0000,2108,0,27290040.000,0,-,-,-,-,3952.2000,3947.6000,3947.2000,3947.0000,3946.8000,3953.8000,3954.6000,3957.8000,3961.8000,3962.4000,2,1,1,1,1,1,1,1,1,5
SF,IF2006,2019-11-05 09:38:00.600,3954.0000,2108,0,27290040.000,0,-,-,-,-,3947.6000,3947.2000,3947.0000,3946.8000,3945.0000,3953.8000,3954.6000,3957.8000,3961.8000,3962.4000,1,1,1,1,7,1,1,1,1,5
SF,IF2006,2019-11-05 09:38:01.100,3954.0000,2108,0,27290040.000,0,-,-,-,-,3951.2000,3950.6000,3949.2000,3947.6000,3947.2000,3953.8000,3954.6000,3957.8000,3961.8000,3962.4000,3,1,1,1,1,1,1,1,1,5
SF,IF2006,2019-11-05 09:38:01.600,3954.0000,2108,0,27290040.000,0,-,-,-,-,3951.4000,3951.2000,3950.6000,3949.2000,3947.6000,3953.8000,3954.6000,3957.8000,3961.8000,3962.4000,1,3,1,1,1,1,1,1,1,5
SF,IF2006,2019-11-05 09:38:02.100,3954.0000,2108,0,27290040.000,0,-,-,-,-,3951.6000,3951.4000,3950.6000,3949.2000,3947.6000,3953.8000,3954.6000,3957.8000,3961.8000,3962.4000,2,1,1,1,1,1,1,1,1,5
SF,IF2006,2019-11-05 09:38:02.600,3954.0000,2108,0,27290040.000,0,-,-,-,-,3951.8000,3951.6000,3951.4000,3950.6000,3949.2000,3953.8000,3954.6000,3957.8000,3961.8000,3962.4000,1,2,1,1,1,1,1,1,1,5
SF,IF2006,2019-11-05 09:38:03.100,3954.0000,2108,0,27290040.000,0,-,-,-,-,3952.0000,3951.8000,3951.4000,3950.6000,3949.2000,3953.8000,3954.6000,3957.8000,3961.8000,3962.4000,1,1,1,1,1,1,1,1,1,5
SF,IF2006,2019-11-05 09:38:06.600,3954.0000,2108,0,27290040.000,0,-,-,-,-,3952.0000,3951.8000,3951.4000,3950.6000,3949.2000,3954.6000,3957.8000,3961.8000,3962.4000,3965.0000,1,1,1,1,1,1,1,1,5,5
SF,IF2006,2019-11-05 09:38:07.100,3954.0000,2108,0,27290040.000,0,-,-,-,-,3952.2000,3952.0000,3951.8000,3951.4000,3950.6000,3954.6000,3957.8000,3961.8000,3962.4000,3965.0000,1,1,1,1,1,1,1,1,5,5
SF,IF2006,2019-11-05 09:38:07.600,3954.0000,2108,0,27290040.000,0,-,-,-,-,3952.4000,3952.2000,3951.8000,3951.4000,3950.6000,3954.6000,3957.8000,3961.8000,3962.4000,3965.0000,1,1,1,1,1,1,1,1,5,5
SF,IF2006,2019-11-05 09:38:09.600,3954.0000,2108,0,27290040.000,0,-,-,-,-,3952.4000,3952.2000,3951.8000,3951.4000,3950.6000,3954.4000,3954.6000,3957.8000,3961.8000,3962.4000,1,1,1,1,1,1,1,1,1,5
SF,IF2006,2019-11-05 09:38:10.100,3954.0000,2108,0,27290040.000,0,-,-,-,-,3952.4000,3952.2000,3951.8000,3951.4000,3950.6000,3954.4000,3954.6000,3957.4000,3957.8000,3961.8000,1,1,1,1,1,1,1,1,1,1
SF,IF2006,2019-11-05 09:38:10.600,3954.0000,2108,0,27290040.000,0,-,-,-,-,3952.4000,3951.8000,3951.4000,3950.6000,3949.2000,3954.2000,3954.4000,3954.6000,3957.4000,3957.8000,1,1,1,1,1,1,1,2,1,1
SF,IF2006,2019-11-05 09:38:11.100,3954.0000,2108,0,27290040.000,0,-,-,-,-,3952.4000,3951.8000,3951.4000,3950.6000,3949.2000,3954.2000,3954.4000,3954.6000,3957.4000,3957.8000,1,1,1,1,1,1,1,1,1,1
SF,IF2006,2019-11-05 09:38:12.100,3954.0000,2108,0,27290040.000,0,-,-,-,-,3952.4000,3951.8000,3951.4000,3950.6000,3949.2000,3954.0000,3954.2000,3954.6000,3957.4000,3957.8000,1,1,1,1,1,1,1,1,1,1
SF,IF2006,2019-11-05 09:38:15.600,3954.0000,2108,0,27290040.000,0,-,-,-,-,3952.4000,3951.4000,3950.6000,3949.2000,3947.6000,3954.0000,3954.2000,3954.6000,3957.4000,3957.8000,1,1,1,1,1,1,1,1,1,1
SF,IF2006,2019-11-05 09:38:18.600,3954.0000,2108,0,27290040.000,0,-,-,-,-,3952.4000,3951.4000,3950.6000,3949.2000,3947.6000,3953.8000,3954.0000,3954.2000,3954.6000,3957.4000,1,1,1,1,1,1,1,1,1,1
SF,IF2006,2019-11-05 09:38:19.100,3954.0000,2108,0,27290040.000,0,-,-,-,-,3951.4000,3950.6000,3949.2000,3947.6000,3947.0000,3953.6000,3953.8000,3954.0000,3954.2000,3954.6000,1,1,1,1,1,1,1,1,1,1
SF,IF2006,2019-11-05 09:38:19.600,3954.0000,2108,0,27290040.000,0,-,-,-,-,3951.6000,3951.4000,3947.6000,3947.0000,3946.8000,3953.6000,3953.8000,3954.0000,3954.2000,3954.6000,1,1,1,1,1,1,1,1,1,1
SF,IF2006,2019-11-05 09:38:20.600,3954.0000,2108,0,27290040.000,0,-,-,-,-,3951.6000,3951.4000,3947.6000,3947.0000,3946.8000,3953.4000,3953.6000,3954.0000,3954.2000,3954.6000,1,1,1,1,1,1,1,1,1,1
SF,IF2006,2019-11-05 09:38:21.100,3954.0000,2108,0,27290040.000,0,-,-,-,-,3951.6000,3947.6000,3947.0000,3946.8000,3945.0000,3953.2000,3953.4000,3953.6000,3954.0000,3954.2000,1,1,1,1,7,1,1,1,1,1
SF,IF2006,2019-11-05 09:38:23.600,3954.0000,2108,0,27290040.000,0,-,-,-,-,3951.6000,3947.6000,3947.0000,3946.8000,3945.0000,3953.0000,3953.2000,3953.6000,3954.2000,3957.4000,1,1,1,1,7,2,1,1,1,1
SF,IF2006,2019-11-05 09:38:24.100,3954.0000,2108,0,27290040.000,0,-,-,-,-,3947.6000,3947.0000,3946.8000,3945.0000,3943.4000,3953.0000,3953.2000,3953.6000,3954.2000,3957.4000,1,1,1,7,1,2,1,1,1,1
SF,IF2006,2019-11-05 09:38:24.600,3954.0000,2108,0,27290040.000,0,-,-,-,-,3949.6000,3947.6000,3947.0000,3946.8000,3945.0000,3953.0000,3953.2000,3953.6000,3954.2000,3957.4000,3,1,1,1,7,2,1,1,1,1
SF,IF2006,2019-11-05 09:38:25.100,3954.0000,2108,0,27290040.000,0,-,-,-,-,3949.8000,3949.6000,3947.6000,3947.0000,3946.8000,3953.0000,3953.2000,3953.6000,3954.2000,3957.4000,1,3,1,1,1,2,1,1,1,1
SF,IF2006,2019-11-05 09:38:25.600,3954.0000,2108,0,27290040.000,0,-,-,-,-,3950.0000,3949.8000,3947.6000,3947.0000,3946.8000,3953.0000,3953.2000,3953.6000,3954.2000,3957.4000,2,1,1,1,1,1,1,1,1,1
SF,IF2006,2019-11-05 09:38:26.100,3954.0000,2108,0,27290040.000,0,-,-,-,-,3950.2000,3950.0000,3949.8000,3947.6000,3947.0000,3953.0000,3953.2000,3953.6000,3954.2000,3957.4000,1,2,1,1,1,1,1,1,1,1
SF,IF2006,2019-11-05 09:38:26.600,3954.0000,2108,0,27290040.000,0,-,-,-,-,3950.4000,3950.2000,3949.8000,3947.6000,3947.0000,3953.6000,3954.2000,3957.4000,3957.8000,3961.8000,3,1,1,1,1,1,1,1,1,1
SF,IF2006,2019-11-05 09:38:27.100,3954.0000,2108,0,27290040.000,0,-,-,-,-,3950.6000,3950.4000,3950.2000,3949.8000,3947.6000,3953.6000,3954.2000,3957.4000,3957.8000,3961.8000,1,3,1,1,1,1,1,1,1,1
SF,IF2006,2019-11-05 09:38:27.600,3954.0000,2108,0,27290040.000,0,-,-,-,-,3950.8000,3950.6000,3950.2000,3949.8000,3947.6000,3953.6000,3954.2000,3957.4000,3957.8000,3961.8000,2,1,1,1,1,1,1,1,1,1
SF,IF2006,2019-11-05 09:38:28.100,3954.0000,2108,0,27290040.000,0,-,-,-,-,3951.0000,3950.8000,3950.6000,3950.2000,3949.8000,3953.6000,3954.2000,3957.4000,3957.8000,3961.8000,1,2,1,1,1,1,1,1,1,1
SF,IF2006,2019-11-05 09:38:28.600,3954.0000,2108,0,27290040.000,0,-,-,-,-,3951.2000,3951.0000,3950.6000,3950.2000,3949.8000,3954.2000,3957.4000,3957.8000,3961.8000,3962.4000,2,1,1,1,1,1,1,1,1,5
SF,IF2006,2019-11-05 09:38:29.100,3954.0000,2108,0,27290040.000,0,-,-,-,-,3951.4000,3951.2000,3951.0000,3950.6000,3950.2000,3957.4000,3957.8000,3961.8000,3962.4000,3965.0000,1,2,1,1,1,1,1,1,5,5
SF,IF2006,2019-11-05 09:38:29.600,3954.0000,2108,0,27290040.000,0,-,-,-,-,3951.6000,3951.4000,3951.0000,3950.6000,3950.2000,3955.6000,3957.2000,3957.4000,3957.8000,3961.8000,2,1,1,1,1,3,1,1,1,1
SF,IF2006,2019-11-05 09:38:30.100,3954.0000,2108,0,27290040.000,0,-,-,-,-,3951.8000,3951.6000,3951.4000,3951.0000,3950.6000,3954.8000,3955.4000,3955.6000,3957.2000,3957.4000,1,2,1,1,1,1,1,3,1,1
SF,IF2006,2019-11-05 09:38:30.600,3954.0000,2108,0,27290040.000,0,-,-,-,-,3952.0000,3951.8000,3951.4000,3951.0000,3950.6000,3954.6000,3954.8000,3955.4000,3957.2000,3957.4000,1,1,1,1,1,2,1,1,1,1
SF,IF2006,2019-11-05 09:38:31.600,3954.0000,2108,0,27290040.000,0,-,-,-,-,3952.0000,3951.8000,3951.4000,3951.0000,3950.6000,3954.2000,3954.4000,3954.6000,3955.4000,3957.2000,1,1,1,1,1,1,1,2,1,1
SF,IF2006,2019-11-05 09:38:32.100,3954.0000,2108,0,27290040.000,0,-,-,-,-,3952.0000,3951.8000,3951.4000,3951.0000,3950.6000,3954.2000,3954.4000,3954.6000,3955.4000,3957.2000,1,1,1,1,1,1,1,1,1,1
SF,IF2006,2019-11-05 09:38:32.600,3954.0000,2108,0,27290040.000,0,-,-,-,-,3952.0000,3951.8000,3951.4000,3951.0000,3950.6000,3954.2000,3954.6000,3955.4000,3957.2000,3957.4000,1,1,1,1,1,1,1,1,1,1
SF,IF2006,2019-11-05 09:38:38.100,3954.0000,2108,0,27290040.000,0,-,-,-,-,3952.0000,3951.4000,3951.0000,3950.6000,3950.2000,3954.2000,3954.6000,3955.4000,3957.2000,3957.4000,1,1,1,1,1,1,1,1,1,1
SF,IF2006,2019-11-05 09:38:41.600,3954.0000,2108,0,27290040.000,0,-,-,-,-,3952.0000,3951.4000,3951.0000,3950.6000,3950.2000,3954.0000,3954.2000,3954.6000,3955.4000,3957.2000,1,1,1,1,1,1,1,1,1,1
SF,IF2006,2019-11-05 09:38:43.100,3954.0000,2108,0,27290040.000,0,-,-,-,-,3952.0000,3951.4000,3951.0000,3950.6000,3950.2000,3954.0000,3954.6000,3955.4000,3957.2000,3957.4000,1,1,1,1,1,1,1,1,1,1
SF,IF2006,2019-11-05 09:38:44.600,3954.0000,2108,0,27290040.000,0,-,-,-,-,3952.2000,3952.0000,3951.4000,3951.0000,3950.6000,3954.0000,3954.6000,3955.4000,3957.2000,3957.4000,1,1,1,1,1,1,1,1,1,1
SF,IF2006,2019-11-05 09:38:45.100,3954.0000,2108,0,27290040.000,0,-,-,-,-,3952.4000,3952.2000,3951.4000,3951.0000,3950.6000,3954.6000,3955.4000,3957.2000,3957.4000,3957.8000,1,1,1,1,1,1,1,1,1,1
SF,IF2006,2019-11-05 09:38:46.600,3954.0000,2108,0,27290040.000,0,-,-,-,-,3952.4000,3952.2000,3951.4000,3951.0000,3950.6000,3954.4000,3954.6000,3955.4000,3957.2000,3957.4000,1,1,1,1,1,1,1,1,1,1
SF,IF2006,2019-11-05 09:38:48.600,3954.0000,2108,0,27290040.000,0,-,-,-,-,3952.4000,3952.2000,3951.4000,3951.0000,3950.6000,3954.6000,3955.4000,3957.2000,3957.4000,3957.8000,1,1,1,1,1,1,1,1,1,1
SF,IF2006,2019-11-05 09:38:49.100,3954.0000,2108,0,27290040.000,0,-,-,-,-,3952.4000,3951.4000,3951.0000,3950.6000,3950.2000,3954.4000,3954.6000,3955.4000,3957.2000,3957.4000,1,1,1,1,1,1,2,1,1,1
SF,IF2006,2019-11-05 09:38:49.600,3954.0000,2108,0,27290040.000,0,-,-,-,-,3952.4000,3951.4000,3951.0000,3950.6000,3950.2000,3954.2000,3954.4000,3954.6000,3955.4000,3957.2000,1,1,1,1,1,1,1,1,1,1
SF,IF2006,2019-11-05 09:38:50.100,3954.0000,2108,0,27290040.000,0,-,-,-,-,3952.4000,3951.4000,3951.0000,3950.6000,3950.2000,3954.6000,3955.4000,3957.2000,3957.4000,3957.8000,1,1,1,1,1,1,1,1,1,1
SF,IF2006,2019-11-05 09:38:50.600,3954.0000,2108,0,27290040.000,0,-,-,-,-,3952.4000,3951.4000,3951.0000,3950.6000,3950.2000,3954.4000,3954.6000,3955.4000,3957.2000,3957.4000,1,1,1,1,1,1,1,1,1,1
SF,IF2006,2019-11-05 09:38:53.100,3954.0000,2108,0,27290040.000,0,-,-,-,-,3952.4000,3951.4000,3951.0000,3950.6000,3950.2000,3954.4000,3955.4000,3957.2000,3957.4000,3957.8000,1,1,1,1,1,1,1,1,1,1
SF,IF2006,2019-11-05 09:38:53.600,3954.0000,2108,0,27290040.000,0,-,-,-,-,3952.4000,3951.4000,3951.0000,3950.6000,3950.2000,3955.4000,3957.2000,3957.4000,3957.8000,3961.8000,1,1,1,1,1,1,1,1,1,1
SF,IF2006,2019-11-05 09:38:54.100,3954.0000,2108,0,27290040.000,0,-,-,-,-,3952.4000,3951.4000,3951.0000,3950.6000,3950.2000,3955.2000,3955.4000,3957.2000,3957.4000,3957.8000,1,1,1,1,1,1,1,1,1,1
SF,IF2006,2019-11-05 09:38:54.600,3954.0000,2108,0,27290040.000,0,-,-,-,-,3952.4000,3951.4000,3951.0000,3950.6000,3950.2000,3955.0000,3955.2000,3955.4000,3957.2000,3957.4000,1,1,1,1,1,1,1,1,1,1
SF,IF2006,2019-11-05 09:38:55.100,3954.0000,2108,0,27290040.000,0,-,-,-,-,3952.4000,3951.4000,3951.0000,3950.6000,3950.2000,3954.8000,3955.0000,3955.4000,3957.2000,3957.4000,1,1,1,1,1,2,2,1,1,1
SF,IF2006,2019-11-05 09:38:55.600,3954.0000,2108,0,27290040.000,0,-,-,-,-,3952.4000,3951.4000,3951.0000,3950.6000,3950.2000,3954.6000,3954.8000,3955.0000,3955.4000,3957.2000,1,1,1,1,1,1,2,2,1,1
SF,IF2006,2019-11-05 09:38:56.100,3954.0000,2108,0,27290040.000,0,-,-,-,-,3952.4000,3951.4000,3951.0000,3950.6000,3950.2000,3954.6000,3954.8000,3955.0000,3955.4000,3957.2000,1,1,1,1,1,1,1,2,1,1
SF,IF2006,2019-11-05 09:38:57.100,3954.0000,2108,0,27290040.000,0,-,-,-,-,3952.4000,3951.4000,3951.0000,3950.6000,3950.2000,3954.6000,3954.8000,3955.0000,3955.4000,3957.2000,1,1,1,1,1,1,1,1,1,1
SF,IF2006,2019-11-05 09:38:57.600,3954.0000,2108,0,27290040.000,0,-,-,-,-,3952.4000,3951.4000,3951.0000,3950.6000,3950.2000,3954.4000,3954.6000,3954.8000,3955.0000,3955.4000,1,1,1,1,1,1,2,1,1,1
SF,IF2006,2019-11-05 09:38:58.100,3954.0000,2108,0,27290040.000,0,-,-,-,-,3952.4000,3951.4000,3951.0000,3950.6000,3950.2000,3954.2000,3954.4000,3954.6000,3954.8000,3955.0000,1,1,1,1,1,1,1,2,1,1
SF,IF2006,2019-11-05 09:38:58.600,3954.0000,2108,0,27290040.000,0,-,-,-,-,3951.4000,3951.0000,3950.6000,3950.2000,3947.6000,3954.0000,3954.2000,3954.6000,3954.8000,3955.0000,1,1,1,1,1,1,1,2,1,1
SF,IF2006,2019-11-05 09:38:59.100,3954.0000,2108,0,27290040.000,0,-,-,-,-,3951.6000,3951.4000,3951.0000,3950.6000,3950.2000,3954.0000,3954.2000,3954.6000,3954.8000,3955.0000,1,1,1,1,1,1,1,2,1,1
SF,IF2006,2019-11-05 09:38:59.600,3954.0000,2108,0,27290040.000,0,-,-,-,-,3951.6000,3951.4000,3951.0000,3950.6000,3950.2000,3954.0000,3954.2000,3954.6000,3954.8000,3955.0000,1,1,1,1,1,1,1,1,1,1
SF,IF2006,2019-11-05 09:39:00.600,3954.0000,2108,0,27290040.000,0,-,-,-,-,3951.6000,3951.4000,3951.0000,3950.6000,3950.2000,3953.8000,3954.0000,3954.2000,3954.6000,3955.0000,1,1,1,1,1,1,1,1,1,1
SF,IF2006,2019-11-05 09:39:01.100,3954.0000,2108,0,27290040.000,0,-,-,-,-,3951.6000,3951.4000,3951.0000,3950.6000,3950.2000,3953.8000,3954.2000,3954.6000,3955.0000,3957.2000,1,1,1,1,1,1,1,1,1,1
SF,IF2006,2019-11-05 09:39:03.100,3954.0000,2108,0,27290040.000,0,-,-,-,-,3951.8000,3951.6000,3951.4000,3951.0000,3950.6000,3953.8000,3954.2000,3954.6000,3955.0000,3957.2000,1,1,1,1,1,1,1,1,1,1
SF,IF2006,2019-11-05 09:39:03.600,3954.0000,2108,0,27290040.000,0,-,-,-,-,3952.0000,3951.8000,3951.4000,3951.0000,3950.6000,3953.8000,3954.2000,3954.6000,3955.0000,3957.2000,1,1,1,1,1,1,1,1,1,1
SF,IF2006,2019-11-05 09:39:06.100,3954.0000,2108,0,27290040.000,0,-,-,-,-,3952.0000,3951.8000,3951.4000,3951.0000,3950.6000,3953.8000,3954.2000,3954.6000,3955.0000,3957.2000,1,1,1,1,1,2,1,1,1,1
SF,IF2006,2019-11-05 09:39:06.600,3954.0000,2108,0,27290040.000,0,-,-,-,-,3952.0000,3951.8000,3951.4000,3951.0000,3950.6000,3953.8000,3954.2000,3954.6000,3955.0000,3957.2000,1,1,1,1,1,1,1,1,1,1
SF,IF2006,2019-11-05 09:39:08.600,3954.0000,2108,0,27290040.000,0,-,-,-,-,3952.2000,3952.0000,3951.8000,3951.4000,3951.0000,3954.6000,3955.0000,3957.2000,3957.4000,3957.8000,1,1,1,1,1,1,1,1,1,1
SF,IF2006,2019-11-05 09:39:09.100,3954.0000,2108,0,27290040.000,0,-,-,-,-,3952.4000,3951.8000,3951.4000,3951.0000,3950.6000,3954.6000,3955.0000,3957.2000,3957.4000,3957.8000,1,1,1,1,1,1,1,1,1,1
SF,IF2006,2019-11-05 09:39:10.600,3954.0000,2108,0,27290040.000,0,-,-,-,-,3952.4000,3951.8000,3951.4000,3951.0000,3950.6000,3955.0000,3957.2000,3957.4000,3957.8000,3961.8000,1,1,1,1,1,1,1,1,1,1
SF,IF2006,2019-11-05 09:39:11.100,3954.0000,2108,0,27290040.000,0,-,-,-,-,3952.4000,3951.8000,3951.4000,3951.0000,3950.6000,3954.8000,3955.0000,3957.2000,3957.4000,3957.8000,1,1,1,1,1,1,1,1,1,1
SF,IF2006,2019-11-05 09:39:11.600,3954.0000,2108,0,27290040.000,0,-,-,-,-,3952.4000,3951.8000,3951.4000,3951.0000,3950.6000,3954.6000,3954.8000,3955.0000,3957.2000,3957.4000,1,1,1,1,1,1,1,1,1,1
SF,IF2006,2019-11-05 09:39:12.100,3954.0000,2108,0,27290040.000,0,-,-,-,-,3952.4000,3951.8000,3951.4000,3951.0000,3950.6000,3955.0000,3957.2000,3957.4000,3957.8000,3961.8000,1,1,1,1,1,1,1,1,1,1
SF,IF2006,2019-11-05 09:39:12.600,3954.0000,2108,0,27290040.000,0,-,-,-,-,3952.4000,3951.8000,3951.4000,3951.0000,3950.6000,3954.8000,3955.0000,3957.2000,3957.4000,3957.8000,1,1,1,1,1,1,1,1,1,1
SF,IF2006,2019-11-05 09:39:13.100,3954.0000,2108,0,27290040.000,0,-,-,-,-,3952.4000,3951.8000,3951.4000,3951.0000,3950.6000,3954.6000,3954.8000,3955.0000,3957.2000,3957.4000,1,1,1,1,1,1,1,1,1,1
SF,IF2006,2019-11-05 09:39:13.600,3954.0000,2108,0,27290040.000,0,-,-,-,-,3952.4000,3951.8000,3951.4000,3951.0000,3950.6000,3954.6000,3955.0000,3957.2000,3957.4000,3957.8000,1,1,1,1,1,1,1,1,1,1
SF,IF2006,2019-11-05 09:39:14.100,3954.0000,2108,0,27290040.000,0,-,-,-,-,3952.4000,3951.8000,3951.4000,3951.0000,3950.6000,3955.0000,3957.2000,3957.4000,3957.8000,3961.8000,1,1,1,1,1,1,1,1,1,1
SF,IF2006,2019-11-05 09:39:14.600,3954.0000,2108,0,27290040.000,0,-,-,-,-,3952.4000,3951.8000,3951.4000,3951.0000,3950.6000,3954.8000,3955.0000,3957.2000,3957.4000,3957.8000,1,1,1,1,1,1,1,1,1,1
SF,IF2006,2019-11-05 09:39:18.100,3954.0000,2108,0,27290040.000,0,-,-,-,-,3952.4000,3951.8000,3951.4000,3951.0000,3950.6000,3954.6000,3954.8000,3955.0000,3957.2000,3957.4000,1,1,1,1,1,1,1,1,1,1
SF,IF2006,2019-11-05 09:39:18.600,3954.0000,2108,0,27290040.000,0,-,-,-,-,3952.6000,3952.4000,3951.8000,3951.4000,3951.0000,3954.6000,3955.0000,3957.2000,3957.4000,3957.8000,1,1,1,1,1,1,1,1,1,1
SF,IF2006,2019-11-05 09:39:19.100,3954.0000,2108,0,27290040.000,0,-,-,-,-,3951.8000,3951.4000,3951.0000,3950.6000,3947.6000,3954.4000,3954.6000,3955.0000,3957.2000,3957.4000,1,1,1,1,1,1,1,1,1,1
SF,IF2006,2019-11-05 09:39:19.600,3954.0000,2108,0,27290040.000,0,-,-,-,-,3952.0000,3951.8000,3951.4000,3951.0000,3950.6000,3954.6000,3955.0000,3957.2000,3957.4000,3957.8000,2,1,1,1,1,1,1,1,1,1
SF,IF2006,2019-11-05 09:39:20.100,3954.0000,2108,0,27290040.000,0,-,-,-,-,3952.2000,3952.0000,3951.8000,3951.4000,3951.0000,3954.6000,3955.0000,3957.2000,3957.4000,3957.8000,1,2,1,1,1,1,1,1,1,1
SF,IF2006,2019-11-05 09:39:20.600,3954.0000,2108,0,27290040.000,0,-,-,-,-,3952.4000,3952.2000,3951.8000,3951.4000,3951.0000,3954.6000,3955.0000,3957.2000,3957.4000,3957.8000,2,1,1,1,1,1,1,1,1,1
SF,IF2006,2019-11-05 09:39:21.100,3954.0000,2108,0,27290040.000,0,-,-,-,-,3952.6000,3952.4000,3952.2000,3951.8000,3951.4000,3954.6000,3955.0000,3957.4000,3957.8000,3961.8000,1,2,1,1,1,1,1,1,1,1
SF,IF2006,2019-11-05 09:39:21.600,3954.0000,2108,0,27290040.000,0,-,-,-,-,3952.8000,3952.6000,3952.2000,3951.8000,3951.4000,3957.4000,3957.8000,3961.8000,3962.4000,3965.0000,1,1,1,1,1,1,1,1,5,5
SF,IF2006,2019-11-05 09:39:22.100,3954.0000,2108,0,27290040.000,0,-,-,-,-,3953.0000,3952.8000,3952.6000,3952.2000,3951.8000,3956.4000,3957.4000,3957.8000,3961.8000,3962.4000,1,1,1,1,1,3,1,1,1,5
SF,IF2006,2019-11-05 09:39:22.600,3954.0000,2108,0,27290040.000,0,-,-,-,-,3953.0000,3952.6000,3952.2000,3951.8000,3951.4000,3956.2000,3956.4000,3957.4000,3957.8000,3961.8000,1,1,1,1,1,1,3,1,1,1
SF,IF2006,2019-11-05 09:39:23.100,3954.0000,2108,0,27290040.000,0,-,-,-,-,3953.0000,3952.6000,3952.2000,3951.8000,3951.4000,3955.8000,3956.0000,3956.2000,3957.4000,3957.8000,1,1,1,1,1,1,2,1,1,1
SF,IF2006,2019-11-05 09:39:23.600,3954.0000,2108,0,27290040.000,0,-,-,-,-,3953.0000,3952.6000,3952.2000,3951.8000,3951.4000,3955.6000,3955.8000,3956.2000,3957.4000,3957.8000,1,1,1,1,1,2,1,1,1,1
SF,IF2006,2019-11-05 09:39:24.600,3954.0000,2108,0,27290040.000,0,-,-,-,-,3952.6000,3952.2000,3951.8000,3951.4000,3947.6000,3955.6000,3955.8000,3956.2000,3957.4000,3957.8000,1,1,1,1,1,2,1,1,1,1
SF,IF2006,2019-11-05 09:39:25.100,3954.0000,2108,0,27290040.000,0,-,-,-,-,3952.8000,3952.6000,3952.2000,3951.8000,3951.4000,3955.6000,3955.8000,3956.2000,3957.4000,3957.8000,1,1,1,1,1,2,1,1,1,1
SF,IF2006,2019-11-05 09:39:26.100,3954.0000,2108,0,27290040.000,0,-,-,-,-,3952.8000,3952.6000,3952.2000,3951.8000,3951.4000,3955.2000,3955.4000,3955.6000,3956.2000,3957.4000,1,1,1,1,1,1,1,2,1,1
SF,IF2006,2019-11-05 09:39:26.600,3954.0000,2108,0,27290040.000,0,-,-,-,-,3952.8000,3952.6000,3952.2000,3951.8000,3951.4000,3955.2000,3955.4000,3955.6000,3956.2000,3957.4000,1,1,1,1,1,1,1,1,1,1
SF,IF2006,2019-11-05 09:39:27.100,3954.0000,2108,0,27290040.000,0,-,-,-,-,3952.8000,3952.6000,3952.2000,3951.8000,3951.4000,3955.4000,3955.6000,3956.2000,3957.4000,3957.8000,1,1,1,1,1,1,1,1,1,1
SF,IF2006,2019-11-05 09:39:27.600,3954.0000,2108,0,27290040.000,0,-,-,-,-,3952.8000,3952.6000,3952.2000,3951.8000,3951.4000,3955.2000,3955.4000,3955.6000,3956.2000,3957.4000,1,1,1,1,1,2,1,1,1,1
SF,IF2006,2019-11-05 09:39:29.100,3954.0000,2108,0,27290040.000,0,-,-,-,-,3952.8000,3952.6000,3952.2000,3951.8000,3951.4000,3955.2000,3955.6000,3956.2000,3957.4000,3957.8000,1,1,1,1,1,2,1,1,1,1
SF,IF2006,2019-11-05 09:39:34.100,3954.0000,2108,0,27290040.000,0,-,-,-,-,3952.8000,3952.6000,3952.2000,3951.8000,3951.4000,3955.0000,3955.2000,3955.6000,3956.2000,3957.4000,2,1,1,1,1,1,2,1,1,1
SF,IF2006,2019-11-05 09:39:34.600,3954.0000,2108,0,27290040.000,0,-,-,-,-,3952.8000,3952.6000,3952.2000,3951.8000,3951.4000,3954.8000,3955.0000,3955.2000,3955.6000,3956.2000,2,1,1,1,1,1,1,1,1,1
SF,IF2006,2019-11-05 09:39:35.100,3954.0000,2108,0,27290040.000,0,-,-,-,-,3952.8000,3952.2000,3951.8000,3951.4000,3947.6000,3954.8000,3955.0000,3955.2000,3955.6000,3956.2000,2,1,1,1,1,1,1,1,1,1
SF,IF2006,2019-11-05 09:39:35.600,3954.0000,2108,0,27290040.000,0,-,-,-,-,3952.8000,3952.2000,3951.8000,3951.4000,3947.6000,3954.6000,3954.8000,3955.2000,3955.6000,3957.4000,2,1,1,1,1,1,1,1,1,1
SF,IF2006,2019-11-05 09:39:36.100,3954.0000,2108,0,27290040.000,0,-,-,-,-,3952.8000,3952.2000,3951.8000,3951.4000,3947.6000,3954.6000,3955.2000,3955.6000,3957.4000,3957.8000,2,1,1,1,1,2,1,1,1,1
SF,IF2006,2019-11-05 09:39:37.100,3954.0000,2108,0,27290040.000,0,-,-,-,-,3952.8000,3952.2000,3951.8000,3951.4000,3947.6000,3954.6000,3955.2000,3955.6000,3957.4000,3957.8000,2,1,1,1,1,1,1,1,1,1
SF,IF2006,2019-11-05 09:39:38.600,3954.0000,2108,0,27290040.000,0,-,-,-,-,3952.8000,3952.2000,3951.8000,3951.4000,3947.6000,3954.4000,3954.6000,3955.2000,3955.6000,3957.4000,2,1,1,1,1,1,1,1,1,1
SF,IF2006,2019-11-05 09:39:39.100,3954.0000,2108,0,27290040.000,0,-,-,-,-,3952.8000,3952.2000,3951.8000,3951.4000,3947.6000,3954.4000,3955.2000,3955.6000,3957.4000,3957.8000,2,1,1,1,1,1,1,1,1,1
SF,IF2006,2019-11-05 09:39:39.600,3954.0000,2108,0,27290040.000,0,-,-,-,-,3952.8000,3952.2000,3951.8000,3951.4000,3947.6000,3955.2000,3955.6000,3957.4000,3957.8000,3961.8000,2,1,1,1,1,1,1,1,1,1
SF,IF2006,2019-11-05 09:39:40.100,3954.0000,2108,0,27290040.000,0,-,-,-,-,3952.8000,3952.2000,3951.8000,3951.4000,3947.6000,3955.0000,3955.2000,3955.6000,3957.4000,3957.8000,2,1,1,1,1,1,1,1,1,1
SF,IF2006,2019-11-05 09:39:42.600,3954.0000,2108,0,27290040.000,0,-,-,-,-,3953.0000,3952.8000,3952.2000,3951.8000,3951.4000,3955.0000,3955.2000,3955.6000,3957.4000,3957.8000,1,2,1,1,1,1,1,1,1,1
SF,IF2006,2019-11-05 09:39:43.100,3954.0000,2108,0,27290040.000,0,-,-,-,-,3953.2000,3953.0000,3952.8000,3952.2000,3951.8000,3955.6000,3957.4000,3957.8000,3961.8000,3962.4000,1,1,1,1,1,1,1,1,1,5
SF,IF2006,2019-11-05 09:39:47.100,3954.0000,2108,0,27290040.000,0,-,-,-,-,3953.2000,3953.0000,3952.8000,3952.2000,3951.8000,3955.6000,3957.4000,3961.8000,3962.4000,3965.0000,1,1,1,1,1,1,1,1,5,5
SF,IF2006,2019-11-05 09:39:48.600,3954.0000,2108,0,27290040.000,0,-,-,-,-,3953.2000,3952.8000,3952.2000,3951.8000,3951.4000,3955.6000,3957.4000,3961.8000,3962.4000,3965.0000,1,1,1,1,1,1,1,1,5,5
SF,IF2006,2019-11-05 09:39:49.100,3954.0000,2108,0,27290040.000,0,-,-,-,-,3953.2000,3952.8000,3952.2000,3951.8000,3951.4000,3955.4000,3955.6000,3957.4000,3961.8000,3962.4000,1,1,1,1,1,1,1,1,1,5
SF,IF2006,2019-11-05 09:39:49.600,3954.0000,2108,0,27290040.000,0,-,-,-,-,3953.4000,3953.2000,3952.8000,3952.2000,3951.8000,3955.4000,3955.6000,3957.4000,3961.8000,3962.4000,1,1,1,1,1,1,1,1,1,5
