市场代码,合约代码,时间,最新,持仓,增仓,成交额,成交量,开仓,平仓,成交类型,方向,买一价,买二价,买三价,买四价,买五价,卖一价,卖二价,卖三价,卖四价,卖五价,买一量,买二量,买三量,买四量,买五量,卖一量,卖二量,卖三量,卖四量,卖五量
SF,IF2009,2020-02-10 09:29:00.200,3839.8000,5623,0,2303880.000,2.000,-,-,-,-,3833.2000,3831.2000,3830.6000,3830.0000,3825.6000,3840.0000,3843.8000,3847.0000,3858.0000,3862.0000,1,1,1,1,1,1,1,1,1,1
SF,IF2009,2020-02-10 09:30:00.200,3838.8000,5622,-1,3455520.000,1,0,1,双平,S,3838.8000,3838.0000,3836.4000,3834.2000,3833.4000,3840.0000,3843.8000,3847.0000,3858.0000,3862.0000,1,1,1,1,2,1,1,1,1,1
SF,IF2009,2020-02-10 09:30:00.700,3840.0000,5621,-1,4607520.000,1,0,1,双平,S,3838.8000,3838.0000,3836.4000,3834.2000,3833.4000,3847.0000,3858.0000,3862.0000,3868.2000,3870.0000,1,1,1,1,2,1,1,1,1,1
SF,IF2009,2020-02-10 09:30:01.200,3840.0000,5621,0,4607520.000,0,-,-,-,-,3840.0000,3839.0000,3838.0000,3836.4000,3835.0000,3843.0000,3845.6000,3846.8000,3847.0000,3847.2000,1,2,1,1,5,1,2,3,1,1
SF,IF2009,2020-02-10 09:30:01.700,3843.0000,5620,-1,5760420.000,1,0,1,双平,S,3839.0000,3838.0000,3836.4000,3835.0000,3833.4000,3845.6000,3847.0000,3847.2000,3850.0000,3858.0000,1,1,1,5,2,2,1,1,5,1
SF,IF2009,2020-02-10 09:30:02.200,3843.0000,5620,0,5760420.000,0,-,-,-,-,3839.2000,3839.0000,3838.0000,3836.4000,3836.0000,3845.6000,3847.0000,3847.2000,3850.0000,3858.0000,1,1,1,1,1,3,1,1,5,1
SF,IF2009,2020-02-10 09:30:02.700,3843.0000,5620,0,5760420.000,0,-,-,-,-,3839.4000,3839.2000,3838.0000,3836.4000,3836.0000,3845.4000,3845.6000,3847.0000,3847.2000,3850.0000,1,1,1,1,1,1,3,1,1,5
SF,IF2009,2020-02-10 09:30:03.200,3843.0000,5620,0,5760420.000,0,-,-,-,-,3839.4000,3838.0000,3836.4000,3836.0000,3835.0000,3843.0000,3845.4000,3845.6000,3847.0000,3850.0000,1,1,1,1,5,1,1,3,1,5
SF,IF2009,2020-02-10 09:30:03.700,3843.0000,5620,0,5760420.000,0,-,-,-,-,3839.6000,3839.4000,3838.0000,3836.4000,3836.0000,3845.4000,3845.6000,3847.0000,3850.0000,3858.0000,1,1,1,1,1,1,3,1,5,1
SF,IF2009,2020-02-10 09:30:04.200,3843.0000,5620,0,5760420.000,0,-,-,-,-,3839.8000,3838.0000,3836.4000,3836.0000,3835.0000,3845.4000,3845.6000,3847.0000,3850.0000,3858.0000,1,1,1,1,5,1,3,1,5,1
SF,IF2009,2020-02-10 09:30:04.700,3839.8000,5619,-1,6912360.000,1,0,1,双平,S,3838.0000,3836.4000,3836.0000,3833.4000,3833.2000,3843.0000,3845.2000,3845.6000,3847.0000,3850.0000,1,1,1,2,1,1,1,3,1,5
SF,IF2009,2020-02-10 09:30:05.200,3839.8000,5619,0,6912360.000,0,-,-,-,-,3838.2000,3838.0000,3836.4000,3836.0000,3833.4000,3843.0000,3845.2000,3845.6000,3847.0000,3850.0000,1,1,1,1,2,1,2,3,1,5
SF,IF2009,2020-02-10 09:30:05.700,3839.8000,5619,0,6912360.000,0,-,-,-,-,3838.2000,3838.0000,3836.4000,3836.0000,3833.4000,3841.8000,3842.8000,3843.0000,3845.2000,3845.6000,1,1,1,1,2,2,1,1,2,1
SF,IF2009,2020-02-10 09:30:06.200,3841.6000,5618,-1,8064840.000,1,0,1,双平,S,3838.2000,3838.0000,3836.4000,3836.0000,3833.4000,3841.8000,3843.0000,3845.2000,3845.6000,3847.0000,1,1,1,1,2,2,1,2,1,1
SF,IF2009,2020-02-10 09:30:06.700,3841.6000,5618,0,8064840.000,0,-,-,-,-,3838.2000,3838.0000,3836.4000,3836.0000,3833.4000,3841.6000,3841.8000,3843.0000,3844.8000,3845.2000,1,2,1,1,2,1,2,1,2,2
SF,IF2009,2020-02-10 09:30:07.200,3841.6000,5618,0,8064840.000,0,-,-,-,-,3838.2000,3838.0000,3836.0000,3833.4000,3833.2000,3841.0000,3841.6000,3841.8000,3843.0000,3844.8000,1,2,1,2,1,1,1,2,1,2
SF,IF2009,2020-02-10 09:30:07.700,3841.6000,5618,0,8064840.000,0,-,-,-,-,3840.2000,3838.0000,3836.0000,3833.4000,3833.2000,3840.8000,3841.8000,3843.0000,3844.8000,3845.2000,1,2,1,2,1,1,2,1,2,2
SF,IF2009,2020-02-10 09:30:08.200,3840.2000,5617,-1,9216900.000,1,0,1,双平,S,3838.0000,3836.0000,3833.4000,3833.2000,3833.0000,3839.8000,3840.8000,3841.8000,3843.0000,3844.8000,2,1,2,1,2,1,1,2,1,2
SF,IF2009,2020-02-10 09:30:08.700,3839.8000,5617,0,10368840.000,1,0,1,多换,S,3839.8000,3838.0000,3836.0000,3833.4000,3833.2000,3841.8000,3843.0000,3844.8000,3845.2000,3847.0000,1,2,1,2,1,2,1,2,2,1
SF,IF2009,2020-02-10 09:30:09.200,3839.8000,5616,-1,11520780.000,1,0,1,双平,S,3838.0000,3836.0000,3833.4000,3833.2000,3833.0000,3841.8000,3843.0000,3844.8000,3845.2000,3847.0000,2,1,2,1,2,2,1,2,2,1
SF,IF2009,2020-02-10 09:30:09.700,3839.8000,5616,0,11520780.000,0,-,-,-,-,3838.2000,3838.0000,3836.0000,3833.4000,3833.2000,3841.0000,3841.8000,3843.0000,3844.8000,3845.2000,1,2,1,2,1,1,2,1,2,2
SF,IF2009,2020-02-10 09:30:10.200,3839.8000,5616,0,11520780.000,0,-,-,-,-,3838.2000,3838.0000,3836.0000,3833.4000,3833.2000,3840.8000,3841.8000,3843.0000,3844.8000,3845.2000,1,2,1,2,1,1,2,1,2,2
SF,IF2009,2020-02-10 09:30:10.700,3838.4000,5616,0,12672300.000,1,0,1,多换,S,3838.2000,3838.0000,3836.0000,3833.4000,3833.2000,3841.0000,3841.8000,3843.0000,3844.8000,3845.2000,1,2,1,2,1,1,2,1,2,2
SF,IF2009,2020-02-10 09:30:11.200,3841.0000,5615,-1,13824600.000,1,0,1,双平,S,3840.8000,3838.0000,3836.0000,3833.4000,3833.2000,3841.8000,3843.0000,3844.8000,3845.2000,3847.0000,1,2,1,2,1,2,1,2,2,1
SF,IF2009,2020-02-10 09:30:11.700,3840.8000,5614,-1,14976840.000,1,0,1,双平,S,3838.4000,3838.0000,3836.0000,3833.4000,3833.2000,3841.8000,3843.0000,3844.8000,3845.2000,3847.0000,1,2,1,2,1,1,1,2,2,1
SF,IF2009,2020-02-10 09:30:12.200,3840.8000,5614,0,14976840.000,0,-,-,-,-,3838.6000,3838.4000,3838.0000,3836.0000,3833.4000,3843.0000,3844.8000,3845.2000,3847.0000,3850.0000,1,1,2,1,2,1,2,2,1,5
SF,IF2009,2020-02-10 09:30:12.700,3840.8000,5614,0,14976840.000,0,-,-,-,-,3841.2000,3838.8000,3838.6000,3838.4000,3838.0000,3841.8000,3842.8000,3843.0000,3845.2000,3847.0000,1,1,1,1,2,1,1,1,1,1
SF,IF2009,2020-02-10 09:30:13.200,3842.8000,5613,-1,16129680.000,1,0,1,双平,S,3841.2000,3838.8000,3838.6000,3838.0000,3836.0000,3843.0000,3845.2000,3847.0000,3850.0000,3858.0000,1,1,1,2,1,1,1,1,5,1
SF,IF2009,2020-02-10 09:30:13.700,3841.2000,5613,0,17282040.000,1,0,1,多换,S,3838.8000,3838.6000,3838.0000,3836.0000,3833.4000,3841.8000,3842.8000,3845.2000,3847.0000,3850.0000,1,1,2,1,2,1,1,1,1,5
SF,IF2009,2020-02-10 09:30:14.200,3841.2000,5613,0,17282040.000,0,-,-,-,-,3839.0000,3838.6000,3838.0000,3836.0000,3833.4000,3841.6000,3841.8000,3845.2000,3847.0000,3850.0000,1,1,2,1,2,1,1,1,1,5
SF,IF2009,2020-02-10 09:30:14.700,3839.2000,5612,-1,23041560.000,5,2,3,多平,S,3838.0000,3836.0000,3833.4000,3833.2000,3833.0000,3845.2000,3847.0000,3850.0000,3858.0000,3870.0000,2,1,2,1,2,1,1,5,1,1
SF,IF2009,2020-02-10 09:30:15.200,3839.2000,5612,0,23041560.000,0,-,-,-,-,3839.4000,3839.2000,3838.2000,3838.0000,3836.0000,3841.8000,3845.2000,3845.6000,3847.0000,3850.0000,1,1,1,2,1,1,1,1,1,5
SF,IF2009,2020-02-10 09:30:15.700,3839.2000,5612,0,23041560.000,0,-,-,-,-,3841.0000,3839.6000,3839.4000,3839.2000,3838.6000,3841.8000,3845.2000,3845.6000,3847.0000,3850.0000,1,1,1,1,1,1,1,1,1,5
SF,IF2009,2020-02-10 09:30:16.200,3839.2000,5611,-1,24193320.000,1,0,1,双平,S,3839.4000,3839.2000,3838.6000,3838.0000,3833.4000,3845.2000,3845.6000,3847.0000,3850.0000,3858.0000,1,1,1,2,2,1,1,1,5,1
SF,IF2009,2020-02-10 09:30:16.700,3839.2000,5611,0,24193320.000,0,-,-,-,-,3842.0000,3839.6000,3839.4000,3838.0000,3833.4000,3845.2000,3845.6000,3847.0000,3850.0000,3858.0000,1,1,1,2,2,1,1,1,5,1
SF,IF2009,2020-02-10 09:30:17.200,3842.0000,5611,0,25345920.000,1,0,1,多换,S,3841.0000,3839.6000,3839.4000,3838.0000,3833.4000,3841.6000,3845.2000,3845.6000,3847.0000,3850.0000,1,1,1,2,2,1,1,1,1,5
SF,IF2009,2020-02-10 09:30:17.700,3841.6000,5611,0,26498400.000,1,0,1,多换,S,3841.0000,3839.6000,3839.4000,3838.2000,3838.0000,3845.2000,3845.6000,3847.0000,3850.0000,3858.0000,1,1,1,1,2,1,2,1,5,1
SF,IF2009,2020-02-10 09:30:18.200,3841.6000,5611,0,26498400.000,0,-,-,-,-,3841.0000,3839.6000,3839.4000,3838.2000,3838.0000,3845.0000,3845.6000,3847.0000,3850.0000,3858.0000,1,2,1,1,2,1,2,1,5,1
SF,IF2009,2020-02-10 09:30:18.700,3841.6000,5611,0,26498400.000,0,-,-,-,-,3841.0000,3839.6000,3839.4000,3838.2000,3838.0000,3845.0000,3845.6000,3847.0000,3850.0000,3858.0000,1,2,1,1,2,1,1,1,5,1
SF,IF2009,2020-02-10 09:30:19.200,3841.6000,5611,0,26498400.000,0,-,-,-,-,3841.2000,3841.0000,3839.6000,3839.4000,3838.2000,3845.0000,3845.6000,3847.0000,3850.0000,3858.0000,2,1,2,1,1,1,1,1,5,1
SF,IF2009,2020-02-10 09:30:19.700,3841.6000,5612,1,27650880.000,1,1,0,双开,S,3841.2000,3841.0000,3839.6000,3839.4000,3838.2000,3845.6000,3847.0000,3850.0000,3858.0000,3870.0000,2,1,2,1,1,1,1,5,1,1
SF,IF2009,2020-02-10 09:30:20.200,3841.6000,5612,0,27650880.000,0,-,-,-,-,3841.2000,3841.0000,3839.6000,3839.4000,3838.2000,3845.4000,3845.6000,3847.0000,3850.0000,3858.0000,1,1,2,1,1,1,2,1,5,1
SF,IF2009,2020-02-10 09:30:20.700,3841.6000,5612,0,27650880.000,0,-,-,-,-,3841.4000,3841.2000,3841.0000,3839.6000,3839.4000,3845.4000,3845.6000,3847.0000,3850.0000,3858.0000,1,1,1,2,1,1,2,1,5,1
SF,IF2009,2020-02-10 09:30:21.200,3841.6000,5612,0,27650880.000,0,-,-,-,-,3841.4000,3841.0000,3839.4000,3838.2000,3838.0000,3842.0000,3845.6000,3847.0000,3850.0000,3858.0000,2,1,1,1,2,1,2,1,5,1
SF,IF2009,2020-02-10 09:30:21.700,3842.0000,5612,0,28803480.000,1,0,1,多换,S,3841.4000,3841.0000,3839.4000,3838.2000,3838.0000,3845.6000,3847.0000,3850.0000,3858.0000,3870.0000,1,1,1,1,2,2,1,5,1,1
SF,IF2009,2020-02-10 09:30:22.200,3841.6000,5612,0,29955960.000,1,0,1,多换,S,3841.6000,3841.4000,3841.0000,3839.4000,3838.2000,3845.6000,3847.0000,3850.0000,3858.0000,3870.0000,1,1,1,1,1,2,1,5,1,1
SF,IF2009,2020-02-10 09:30:22.700,3841.6000,5612,0,29955960.000,0,-,-,-,-,3841.6000,3841.4000,3841.0000,3839.4000,3838.2000,3845.4000,3845.6000,3847.0000,3850.0000,3858.0000,1,1,1,1,1,1,2,1,5,1
SF,IF2009,2020-02-10 09:30:23.700,3841.6000,5612,0,29955960.000,0,-,-,-,-,3841.6000,3841.0000,3839.4000,3838.2000,3838.0000,3845.4000,3845.6000,3847.0000,3850.0000,3858.0000,1,1,1,1,2,1,1,1,5,1
SF,IF2009,2020-02-10 09:30:24.700,3841.6000,5612,0,29955960.000,0,-,-,-,-,3841.0000,3839.4000,3838.2000,3838.0000,3833.4000,3845.4000,3845.6000,3847.0000,3850.0000,3858.0000,1,1,1,2,2,1,1,1,5,1
SF,IF2009,2020-02-10 09:30:25.200,3841.6000,5612,0,29955960.000,0,-,-,-,-,3841.8000,3841.0000,3839.4000,3838.2000,3838.0000,3845.4000,3845.6000,3847.0000,3850.0000,3858.0000,2,1,1,1,2,1,1,1,5,1
SF,IF2009,2020-02-10 09:30:25.700,3841.6000,5612,0,29955960.000,0,-,-,-,-,3841.8000,3841.2000,3841.0000,3838.2000,3838.0000,3845.4000,3845.6000,3847.0000,3850.0000,3858.0000,2,1,1,1,2,1,2,1,5,1
SF,IF2009,2020-02-10 09:30:26.200,3841.6000,5612,0,29955960.000,0,-,-,-,-,3841.2000,3841.0000,3838.2000,3838.0000,3833.4000,3845.4000,3845.6000,3847.0000,3850.0000,3858.0000,1,1,1,2,2,1,2,1,5,1
SF,IF2009,2020-02-10 09:30:26.700,3841.6000,5612,0,29955960.000,0,-,-,-,-,3842.0000,3841.2000,3841.0000,3838.2000,3838.0000,3845.4000,3845.6000,3847.0000,3850.0000,3858.0000,2,1,1,1,2,1,2,1,5,1
SF,IF2009,2020-02-10 09:30:27.200,3841.6000,5612,0,29955960.000,0,-,-,-,-,3842.0000,3841.6000,3841.2000,3841.0000,3838.2000,3845.4000,3845.6000,3847.0000,3850.0000,3858.0000,1,1,1,1,1,1,2,1,5,1
SF,IF2009,2020-02-10 09:30:27.700,3841.6000,5612,0,29955960.000,0,-,-,-,-,3843.0000,3842.0000,3841.8000,3841.6000,3841.2000,3847.0000,3850.0000,3858.0000,3870.0000,3884.2000,1,1,1,1,1,1,5,1,1,1
SF,IF2009,2020-02-10 09:30:28.200,3841.6000,5612,0,29955960.000,0,-,-,-,-,3843.2000,3843.0000,3842.2000,3842.0000,3841.6000,3846.8000,3847.0000,3847.2000,3850.0000,3858.0000,1,1,1,1,1,1,1,2,5,1
SF,IF2009,2020-02-10 09:30:28.700,3841.6000,5612,0,29955960.000,0,-,-,-,-,3843.2000,3843.0000,3842.2000,3841.6000,3841.2000,3845.6000,3846.8000,3847.0000,3847.2000,3850.0000,1,1,2,1,1,1,1,1,2,5
SF,IF2009,2020-02-10 09:30:29.200,3841.6000,5612,0,29955960.000,0,-,-,-,-,3843.2000,3843.0000,3842.2000,3841.6000,3841.2000,3845.6000,3847.0000,3847.2000,3850.0000,3858.0000,1,1,2,1,1,2,1,1,5,1
SF,IF2009,2020-02-10 09:30:29.700,3841.6000,5612,0,29955960.000,0,-,-,-,-,3843.2000,3843.0000,3842.2000,3841.6000,3841.2000,3845.4000,3845.6000,3847.0000,3847.2000,3850.0000,1,1,2,1,1,1,1,1,1,5
SF,IF2009,2020-02-10 09:30:30.200,3842.8000,5612,0,31108800.000,1,0,1,多换,S,3843.2000,3843.0000,3842.2000,3841.6000,3841.2000,3845.4000,3845.6000,3847.0000,3847.2000,3850.0000,1,1,1,1,1,1,1,1,1,5
SF,IF2009,2020-02-10 09:30:30.700,3842.8000,5612,0,31108800.000,0,-,-,-,-,3843.0000,3842.2000,3841.6000,3841.2000,3841.0000,3845.4000,3845.6000,3847.0000,3847.2000,3850.0000,1,1,1,1,1,1,1,1,1,5
SF,IF2009,2020-02-10 09:30:31.700,3842.8000,5612,0,31108800.000,0,-,-,-,-,3843.0000,3842.2000,3841.6000,3841.2000,3841.0000,3845.4000,3847.0000,3850.0000,3858.0000,3870.0000,1,1,1,1,1,1,1,5,1,1
SF,IF2009,2020-02-10 09:30:32.200,3842.8000,5612,0,31108800.000,0,-,-,-,-,3843.0000,3842.2000,3841.6000,3841.2000,3841.0000,3845.4000,3847.0000,3850.0000,3858.0000,3870.0000,1,1,1,1,1,1,1,5,1,1
SF,IF2009,2020-02-10 09:30:32.700,3842.8000,5612,0,31108800.000,0,-,-,-,-,3843.0000,3842.2000,3841.6000,3841.2000,3841.0000,3845.4000,3847.0000,3850.0000,3858.0000,3870.0000,1,1,1,1,1,1,1,5,1,1
SF,IF2009,2020-02-10 09:30:33.200,3842.8000,5612,0,32261640.000,1,0,1,多换,S,3843.0000,3842.2000,3841.2000,3841.0000,3838.2000,3845.4000,3847.0000,3850.0000,3858.0000,3870.0000,1,1,1,1,1,1,1,5,1,1
SF,IF2009,2020-02-10 09:30:33.700,3842.8000,5612,0,32261640.000,0,-,-,-,-,3843.2000,3843.0000,3841.2000,3841.0000,3838.2000,3845.4000,3845.6000,3847.0000,3850.0000,3858.0000,1,1,1,1,1,1,1,1,5,1
SF,IF2009,2020-02-10 09:30:34.200,3842.8000,5612,0,32261640.000,0,-,-,-,-,3843.2000,3843.0000,3841.2000,3841.0000,3838.2000,3845.2000,3847.0000,3850.0000,3858.0000,3870.0000,1,1,1,1,1,1,1,5,1,1
SF,IF2009,2020-02-10 09:30:34.700,3842.8000,5612,0,32261640.000,0,-,-,-,-,3844.4000,3843.2000,3843.0000,3841.0000,3838.2000,3845.2000,3847.0000,3850.0000,3858.0000,3870.0000,1,1,1,1,1,1,1,5,1,1
SF,IF2009,2020-02-10 09:30:35.700,3845.2000,5611,-1,33415200.000,1,0,1,双平,S,3844.4000,3843.0000,3841.0000,3838.2000,3838.0000,3847.0000,3850.0000,3858.0000,3870.0000,3884.2000,1,1,1,1,4,1,5,1,1,1
SF,IF2009,2020-02-10 09:30:36.200,3845.2000,5611,0,33415200.000,0,-,-,-,-,3844.4000,3843.0000,3841.0000,3838.2000,3838.0000,3847.0000,3850.0000,3858.0000,3870.0000,3884.2000,1,1,1,1,4,1,5,1,1,1
SF,IF2009,2020-02-10 09:30:36.700,3845.2000,5611,0,33415200.000,0,-,-,-,-,3844.6000,3844.4000,3843.0000,3841.0000,3838.2000,3847.0000,3850.0000,3858.0000,3870.0000,3884.2000,1,1,3,1,1,1,5,1,1,1
SF,IF2009,2020-02-10 09:30:37.200,3845.2000,5611,0,33415200.000,0,-,-,-,-,3844.6000,3844.4000,3843.0000,3841.0000,3840.0000,3847.0000,3855.0000,3858.0000,3870.0000,3884.2000,1,1,3,1,5,1,5,1,1,1
SF,IF2009,2020-02-10 09:30:38.700,3845.2000,5611,0,33415200.000,0,-,-,-,-,3844.6000,3844.4000,3843.0000,3841.0000,3838.2000,3847.0000,3855.0000,3858.0000,3870.0000,3884.2000,1,1,3,1,1,1,5,1,1,1
SF,IF2009,2020-02-10 09:30:39.200,3845.2000,5611,0,33415200.000,0,-,-,-,-,3844.6000,3844.4000,3843.0000,3841.0000,3838.2000,3847.0000,3855.0000,3858.0000,3870.0000,3884.2000,1,1,3,1,1,1,5,1,1,1
SF,IF2009,2020-02-10 09:30:39.700,3845.2000,5611,0,33415200.000,0,-,-,-,-,3844.6000,3844.4000,3843.0000,3841.0000,3838.2000,3847.0000,3855.0000,3858.0000,3870.0000,3884.2000,1,1,3,1,1,1,5,1,1,1
SF,IF2009,2020-02-10 09:30:40.200,3845.2000,5611,0,33415200.000,0,-,-,-,-,3844.6000,3844.4000,3843.0000,3841.0000,3838.2000,3847.0000,3855.0000,3858.0000,3870.0000,3884.2000,1,1,3,1,1,1,5,1,1,1
SF,IF2009,2020-02-10 09:30:40.700,3845.2000,5611,0,33415200.000,0,-,-,-,-,3844.6000,3844.4000,3843.0000,3841.0000,3838.2000,3847.0000,3855.0000,3858.0000,3870.0000,3884.2000,1,1,3,1,1,1,5,1,1,1
SF,IF2009,2020-02-10 09:30:42.200,3845.2000,5611,0,33415200.000,0,-,-,-,-,3845.6000,3844.6000,3844.4000,3843.0000,3838.2000,3847.0000,3855.0000,3858.0000,3870.0000,3884.2000,1,1,1,3,1,1,5,1,1,1
SF,IF2009,2020-02-10 09:30:42.700,3845.2000,5611,0,33415200.000,0,-,-,-,-,3844.6000,3844.4000,3843.0000,3838.2000,3838.0000,3846.8000,3847.0000,3847.2000,3855.0000,3858.0000,1,1,3,1,4,1,1,2,5,1
SF,IF2009,2020-02-10 09:30:43.200,3845.2000,5611,0,33415200.000,0,-,-,-,-,3844.6000,3844.4000,3843.0000,3838.2000,3838.0000,3846.8000,3847.0000,3855.0000,3858.0000,3870.0000,1,1,1,1,4,1,1,5,1,1
SF,IF2009,2020-02-10 09:30:43.700,3845.2000,5611,0,33415200.000,0,-,-,-,-,3843.0000,3838.2000,3838.0000,3835.0000,3833.4000,3846.8000,3847.0000,3855.0000,3858.0000,3870.0000,1,1,4,5,2,1,1,5,1,1
SF,IF2009,2020-02-10 09:30:44.200,3845.2000,5611,0,33415200.000,0,-,-,-,-,3845.2000,3843.0000,3838.2000,3838.0000,3835.0000,3846.8000,3847.0000,3855.0000,3858.0000,3870.0000,1,1,1,4,5,1,1,5,1,1
SF,IF2009,2020-02-10 09:30:44.700,3846.6000,5611,0,35722740.000,2,1,1,多换,S,3843.0000,3838.2000,3838.0000,3835.0000,3833.4000,3847.0000,3855.0000,3858.0000,3870.0000,3884.2000,1,1,4,5,2,1,5,1,1,1
SF,IF2009,2020-02-10 09:30:45.200,3846.6000,5611,0,35722740.000,0,-,-,-,-,3843.2000,3843.0000,3838.2000,3838.0000,3835.0000,3847.0000,3847.2000,3855.0000,3858.0000,3870.0000,1,1,1,4,5,1,1,5,1,1
SF,IF2009,2020-02-10 09:30:45.700,3846.6000,5611,0,35722740.000,0,-,-,-,-,3843.2000,3843.0000,3838.2000,3838.0000,3835.0000,3846.8000,3847.0000,3847.2000,3855.0000,3858.0000,1,1,1,4,5,1,1,1,5,1
SF,IF2009,2020-02-10 09:30:46.700,3846.6000,5611,0,35722740.000,0,-,-,-,-,3843.0000,3838.2000,3838.0000,3835.0000,3833.4000,3846.6000,3846.8000,3847.0000,3847.2000,3849.2000,1,1,4,5,2,1,1,1,1,1
SF,IF2009,2020-02-10 09:30:47.200,3846.6000,5611,0,35722740.000,0,-,-,-,-,3843.0000,3838.2000,3838.0000,3835.0000,3833.4000,3845.6000,3846.4000,3846.6000,3847.0000,3847.2000,1,1,4,5,2,1,1,2,1,1
SF,IF2009,2020-02-10 09:30:47.700,3846.6000,5611,0,35722740.000,0,-,-,-,-,3843.2000,3843.0000,3838.2000,3838.0000,3835.0000,3845.4000,3846.4000,3846.6000,3847.0000,3847.2000,1,1,1,4,5,1,1,2,1,1
SF,IF2009,2020-02-10 09:30:48.200,3846.6000,5611,0,35722740.000,0,-,-,-,-,3843.2000,3843.0000,3838.2000,3838.0000,3835.0000,3845.4000,3846.4000,3846.6000,3847.0000,3847.2000,1,1,1,4,5,1,1,2,1,1
SF,IF2009,2020-02-10 09:30:48.700,3846.6000,5611,0,35722740.000,0,-,-,-,-,3843.0000,3838.2000,3838.0000,3835.0000,3833.4000,3845.4000,3845.6000,3846.4000,3846.6000,3847.0000,1,1,4,5,2,1,1,1,2,1
SF,IF2009,2020-02-10 09:30:49.200,3846.6000,5611,0,35722740.000,0,-,-,-,-,3843.0000,3838.2000,3838.0000,3835.0000,3833.4000,3845.4000,3845.6000,3846.4000,3846.6000,3847.0000,1,1,4,5,2,1,1,1,2,1
SF,IF2009,2020-02-10 09:30:49.700,3846.6000,5611,0,35722740.000,0,-,-,-,-,3843.0000,3838.2000,3838.0000,3835.0000,3833.4000,3845.4000,3845.6000,3846.4000,3846.6000,3847.0000,1,1,4,5,2,1,1,1,2,1
SF,IF2009,2020-02-10 09:30:50.200,3846.6000,5611,0,35722740.000,0,-,-,-,-,3843.0000,3838.2000,3838.0000,3835.0000,3833.4000,3845.4000,3845.6000,3846.4000,3846.6000,3847.0000,1,1,4,5,2,1,1,1,2,1
SF,IF2009,2020-02-10 09:30:50.700,3846.6000,5611,0,35722740.000,0,-,-,-,-,3843.0000,3838.2000,3838.0000,3835.0000,3833.4000,3845.4000,3845.6000,3846.4000,3846.6000,3847.0000,1,1,4,5,2,1,1,1,2,1
SF,IF2009,2020-02-10 09:30:51.200,3846.6000,5611,0,35722740.000,0,-,-,-,-,3843.0000,3838.2000,3838.0000,3835.0000,3833.4000,3845.4000,3845.6000,3846.4000,3846.6000,3847.0000,1,1,4,5,2,1,1,1,2,1
SF,IF2009,2020-02-10 09:30:51.700,3846.6000,5611,0,35722740.000,0,-,-,-,-,3843.0000,3838.2000,3838.0000,3835.0000,3833.4000,3845.4000,3845.6000,3846.4000,3846.6000,3847.0000,1,1,4,5,2,1,1,1,2,1
SF,IF2009,2020-02-10 09:30:52.200,3843.0000,5612,1,36875640.000,1,1,0,双开,S,3838.2000,3838.0000,3835.0000,3833.4000,3833.2000,3845.4000,3845.6000,3846.4000,3846.6000,3847.0000,1,4,5,2,1,1,1,1,2,1
SF,IF2009,2020-02-10 09:30:52.700,3843.0000,5612,0,36875640.000,0,-,-,-,-,3841.0000,3838.8000,3838.2000,3838.0000,3835.0000,3845.6000,3846.4000,3846.6000,3847.0000,3847.2000,1,2,1,5,5,1,1,2,1,1
SF,IF2009,2020-02-10 09:30:53.200,3843.0000,5612,0,36875640.000,0,-,-,-,-,3841.0000,3838.8000,3838.2000,3838.0000,3835.0000,3845.4000,3845.6000,3846.4000,3846.6000,3847.0000,1,2,1,5,5,1,2,1,1,1
SF,IF2009,2020-02-10 09:30:53.700,3843.0000,5612,0,36875640.000,0,-,-,-,-,3841.0000,3838.8000,3838.2000,3838.0000,3835.0000,3845.4000,3845.6000,3846.4000,3846.6000,3847.0000,1,2,1,5,5,1,2,1,1,1
SF,IF2009,2020-02-10 09:30:54.200,3845.2000,5612,0,38029200.000,1,0,1,多换,S,3841.0000,3838.8000,3838.2000,3838.0000,3835.0000,3845.2000,3845.4000,3845.6000,3846.4000,3846.6000,1,2,1,5,5,1,1,2,1,1
SF,IF2009,2020-02-10 09:30:54.700,3845.2000,5612,0,38029200.000,0,-,-,-,-,3841.0000,3838.8000,3838.2000,3838.0000,3835.0000,3845.0000,3845.2000,3845.6000,3846.6000,3847.0000,1,2,1,5,5,1,1,2,1,1
SF,IF2009,2020-02-10 09:30:55.200,3845.2000,5612,0,38029200.000,0,-,-,-,-,3841.0000,3838.8000,3838.2000,3838.0000,3835.0000,3844.8000,3845.0000,3845.2000,3845.6000,3846.6000,1,2,1,5,5,1,1,2,2,1
SF,IF2009,2020-02-10 09:30:55.700,3845.2000,5612,0,38029200.000,0,-,-,-,-,3841.0000,3838.8000,3838.2000,3838.0000,3835.0000,3844.8000,3845.0000,3845.6000,3846.6000,3847.0000,1,2,1,5,5,3,1,2,1,1
SF,IF2009,2020-02-10 09:30:56.200,3845.2000,5611,-1,39182760.000,1,0,1,双平,S,3842.8000,3841.0000,3838.8000,3838.2000,3838.0000,3844.8000,3845.0000,3845.6000,3846.6000,3847.0000,1,1,2,1,5,2,1,2,1,1
SF,IF2009,2020-02-10 09:30:56.700,3842.8000,5610,-1,40335600.000,1,0,1,双平,S,3841.0000,3838.8000,3838.2000,3838.0000,3835.0000,3844.6000,3844.8000,3845.6000,3846.6000,3847.0000,1,2,1,5,5,1,1,2,1,1
SF,IF2009,2020-02-10 09:30:57.200,3842.8000,5610,0,40335600.000,0,-,-,-,-,3841.0000,3838.8000,3838.2000,3838.0000,3835.0000,3844.4000,3844.6000,3845.6000,3846.6000,3847.0000,1,2,1,5,5,1,1,2,1,1
SF,IF2009,2020-02-10 09:30:57.700,3842.8000,5610,0,40335600.000,0,-,-,-,-,3841.0000,3838.8000,3838.2000,3838.0000,3835.0000,3844.4000,3844.6000,3845.6000,3846.6000,3847.0000,1,2,1,5,5,2,1,2,1,1
SF,IF2009,2020-02-10 09:30:58.200,3842.8000,5610,0,40335600.000,0,-,-,-,-,3841.2000,3841.0000,3838.8000,3838.2000,3838.0000,3844.4000,3844.6000,3845.6000,3846.6000,3847.0000,1,1,2,1,5,2,1,2,1,1
SF,IF2009,2020-02-10 09:30:59.200,3842.8000,5610,0,40335600.000,0,-,-,-,-,3841.2000,3841.0000,3838.8000,3838.2000,3838.0000,3844.4000,3845.6000,3846.6000,3847.0000,3847.2000,1,1,2,1,5,1,2,1,1,1
SF,IF2009,2020-02-10 09:30:59.700,3842.8000,5610,0,40335600.000,0,-,-,-,-,3841.4000,3841.0000,3838.8000,3838.2000,3838.0000,3844.0000,3844.4000,3845.6000,3846.6000,3847.0000,1,1,2,1,5,1,1,2,1,1
SF,IF2009,2020-02-10 09:31:00.200,3842.8000,5610,0,40335600.000,0,-,-,-,-,3841.4000,3841.0000,3838.8000,3838.2000,3838.0000,3844.0000,3845.6000,3846.6000,3847.0000,3847.2000,1,1,2,1,5,1,2,1,1,1
SF,IF2009,2020-02-10 09:31:00.700,3842.8000,5610,0,40335600.000,0,-,-,-,-,3841.0000,3838.8000,3838.2000,3838.0000,3836.0000,3843.8000,3844.0000,3845.6000,3846.6000,3847.0000,1,2,1,5,1,1,1,2,1,1
SF,IF2009,2020-02-10 09:31:01.200,3842.8000,5610,0,40335600.000,0,-,-,-,-,3841.0000,3838.2000,3838.0000,3836.0000,3835.0000,3843.8000,3844.0000,3845.6000,3846.6000,3847.0000,1,1,4,1,5,1,1,2,1,1
SF,IF2009,2020-02-10 09:31:02.200,3842.8000,5610,0,40335600.000,0,-,-,-,-,3838.2000,3838.0000,3836.0000,3835.0000,3833.4000,3841.0000,3843.8000,3844.0000,3845.6000,3846.6000,1,4,1,5,2,5,1,1,2,1
SF,IF2009,2020-02-10 09:31:02.700,3841.0000,5605,-5,46097100.000,5,0,5,双平,S,3841.2000,3838.4000,3838.2000,3838.0000,3836.0000,3844.0000,3845.6000,3846.6000,3847.0000,3847.2000,1,1,1,4,1,1,2,1,1,1
SF,IF2009,2020-02-10 09:31:03.200,3841.2000,5605,0,47249460.000,1,0,1,多换,S,3838.4000,3838.2000,3838.0000,3836.0000,3835.0000,3843.8000,3844.0000,3845.6000,3846.6000,3847.0000,1,1,4,1,5,1,1,2,1,1
SF,IF2009,2020-02-10 09:31:03.700,3841.2000,5605,0,47249460.000,0,-,-,-,-,3838.2000,3838.0000,3836.0000,3835.0000,3833.4000,3843.8000,3844.0000,3845.6000,3846.6000,3847.0000,1,4,1,5,2,1,1,2,1,1
SF,IF2009,2020-02-10 09:31:04.200,3841.2000,5605,0,47249460.000,0,-,-,-,-,3838.2000,3838.0000,3836.0000,3835.0000,3833.4000,3843.8000,3844.0000,3845.0000,3845.6000,3846.6000,1,4,1,5,2,1,1,5,2,1
SF,IF2009,2020-02-10 09:31:04.700,3841.2000,5605,0,47249460.000,0,-,-,-,-,3838.2000,3838.0000,3836.0000,3835.0000,3833.4000,3843.0000,3843.8000,3844.0000,3845.0000,3845.6000,1,4,1,5,2,1,1,1,5,2
SF,IF2009,2020-02-10 09:31:05.200,3841.2000,5605,0,47249460.000,0,-,-,-,-,3838.4000,3838.2000,3838.0000,3836.0000,3835.0000,3841.8000,3843.0000,3843.6000,3844.0000,3845.0000,1,1,4,1,5,1,2,1,1,5
SF,IF2009,2020-02-10 09:31:05.700,3841.2000,5605,0,47249460.000,0,-,-,-,-,3838.4000,3838.2000,3838.0000,3836.0000,3835.0000,3841.0000,3841.8000,3843.6000,3844.0000,3845.0000,2,1,4,1,5,3,1,1,1,5
SF,IF2009,2020-02-10 09:31:06.200,3841.2000,5605,0,47249460.000,0,-,-,-,-,3838.2000,3838.0000,3836.0000,3835.0000,3833.4000,3841.0000,3843.6000,3844.0000,3845.0000,3845.6000,1,4,1,5,2,3,1,1,5,1
SF,IF2009,2020-02-10 09:31:06.700,3841.2000,5605,0,47249460.000,0,-,-,-,-,3838.2000,3838.0000,3836.0000,3835.0000,3833.4000,3841.0000,3843.6000,3844.0000,3845.0000,3845.6000,1,4,1,5,2,3,1,1,5,1
SF,IF2009,2020-02-10 09:31:07.200,3841.2000,5605,0,47249460.000,0,-,-,-,-,3838.2000,3838.0000,3836.0000,3835.0000,3833.4000,3841.0000,3843.6000,3845.0000,3845.6000,3847.0000,1,4,1,5,2,3,1,5,1,1
SF,IF2009,2020-02-10 09:31:07.700,3841.2000,5605,0,47249460.000,0,-,-,-,-,3838.2000,3838.0000,3836.0000,3835.0000,3833.4000,3840.8000,3841.0000,3843.6000,3845.0000,3845.6000,1,4,1,5,2,1,3,1,5,1
SF,IF2009,2020-02-10 09:31:08.200,3841.2000,5605,0,47249460.000,0,-,-,-,-,3838.4000,3838.2000,3838.0000,3836.0000,3835.0000,3840.8000,3841.0000,3841.4000,3843.6000,3845.0000,1,1,4,1,5,1,3,1,1,5
SF,IF2009,2020-02-10 09:31:08.700,3841.2000,5605,0,47249460.000,0,-,-,-,-,3838.4000,3838.2000,3838.0000,3836.0000,3835.0000,3840.8000,3841.0000,3841.4000,3843.6000,3845.0000,1,1,4,1,5,1,3,1,1,5
SF,IF2009,2020-02-10 09:31:09.200,3838.2000,5605,0,48400920.000,1,0,1,多换,S,3838.0000,3836.0000,3833.4000,3833.2000,3833.0000,3840.8000,3841.0000,3841.4000,3843.6000,3845.0000,4,1,2,1,2,1,3,1,1,5
SF,IF2009,2020-02-10 09:31:09.700,3838.2000,5605,0,48400920.000,0,-,-,-,-,3838.0000,3836.0000,3833.4000,3833.2000,3833.0000,3840.8000,3841.0000,3841.4000,3843.6000,3845.0000,4,1,2,1,2,1,3,1,1,5
SF,IF2009,2020-02-10 09:31:12.700,3838.2000,5605,0,48400920.000,0,-,-,-,-,3838.0000,3836.0000,3833.4000,3833.2000,3833.0000,3840.6000,3840.8000,3841.0000,3841.4000,3843.6000,4,1,2,1,2,1,1,3,1,1
SF,IF2009,2020-02-10 09:31:13.200,3838.2000,5605,0,48400920.000,0,-,-,-,-,3838.0000,3836.0000,3833.4000,3833.2000,3833.0000,3840.6000,3841.0000,3841.4000,3843.6000,3845.0000,4,1,2,1,2,1,3,1,1,5
SF,IF2009,2020-02-10 09:31:13.700,3838.2000,5605,0,48400920.000,0,-,-,-,-,3838.0000,3836.0000,3833.4000,3833.2000,3833.0000,3840.4000,3840.6000,3841.0000,3841.4000,3843.6000,4,1,2,1,2,1,1,3,1,1
SF,IF2009,2020-02-10 09:31:14.200,3838.2000,5605,0,48400920.000,0,-,-,-,-,3838.0000,3836.0000,3833.4000,3833.2000,3833.0000,3840.4000,3840.6000,3841.0000,3841.4000,3843.6000,4,1,2,1,2,2,1,3,1,1
SF,IF2009,2020-02-10 09:31:14.700,3838.0000,5605,0,53006520.000,4,2,2,多换,S,3836.0000,3833.4000,3833.2000,3833.0000,3830.6000,3840.4000,3841.0000,3841.4000,3843.6000,3845.0000,1,2,1,2,1,1,3,1,1,5
SF,IF2009,2020-02-10 09:31:15.200,3838.0000,5605,0,53006520.000,0,-,-,-,-,3836.4000,3836.0000,3833.4000,3833.2000,3833.0000,3840.2000,3840.4000,3841.0000,3841.4000,3843.6000,1,1,2,1,2,1,1,3,1,1
SF,IF2009,2020-02-10 09:31:16.200,3838.0000,5605,0,53006520.000,0,-,-,-,-,3836.4000,3836.0000,3833.4000,3833.2000,3833.0000,3840.2000,3841.0000,3841.4000,3843.6000,3845.0000,1,1,2,1,2,1,3,1,1,5
SF,IF2009,2020-02-10 09:31:16.700,3838.0000,5605,0,53006520.000,0,-,-,-,-,3836.4000,3836.0000,3833.4000,3833.2000,3833.0000,3839.8000,3840.2000,3841.0000,3841.4000,3843.6000,1,1,2,1,2,1,1,3,1,1
SF,IF2009,2020-02-10 09:31:17.200,3839.8000,5606,1,55310280.000,2,1,1,空开,S,3840.4000,3836.4000,3836.0000,3833.4000,3833.2000,3841.0000,3841.4000,3843.6000,3845.0000,3847.0000,2,1,1,2,1,3,1,1,5,1
SF,IF2009,2020-02-10 09:31:17.700,3840.4000,5606,0,57614520.000,2,1,1,多换,S,3836.4000,3836.0000,3833.4000,3833.2000,3833.0000,3841.0000,3841.4000,3843.6000,3845.0000,3847.0000,1,1,2,1,2,3,1,1,5,1
SF,IF2009,2020-02-10 09:31:18.200,3840.4000,5606,0,57614520.000,0,-,-,-,-,3836.4000,3836.0000,3833.4000,3833.2000,3833.0000,3840.8000,3841.0000,3841.4000,3843.6000,3845.0000,1,1,2,1,2,1,3,1,1,5
SF,IF2009,2020-02-10 09:31:18.700,3840.4000,5606,0,57614520.000,0,-,-,-,-,3836.6000,3836.4000,3836.0000,3833.4000,3833.2000,3840.6000,3840.8000,3841.0000,3841.4000,3843.6000,2,1,1,2,1,1,1,3,1,1
SF,IF2009,2020-02-10 09:31:19.200,3840.4000,5606,0,57614520.000,0,-,-,-,-,3836.6000,3836.4000,3836.0000,3833.4000,3833.2000,3840.2000,3840.6000,3841.0000,3841.4000,3843.6000,2,1,1,2,1,1,1,3,1,1
SF,IF2009,2020-02-10 09:31:19.700,3840.4000,5606,0,57614520.000,0,-,-,-,-,3836.6000,3836.4000,3836.0000,3833.4000,3833.2000,3840.0000,3840.2000,3840.6000,3841.0000,3841.4000,1,1,1,2,1,2,1,1,3,1
SF,IF2009,2020-02-10 09:31:20.200,3840.4000,5606,0,57614520.000,0,-,-,-,-,3837.8000,3836.6000,3836.4000,3836.0000,3833.4000,3840.0000,3840.2000,3841.0000,3841.4000,3845.0000,20,1,1,1,2,2,1,3,1,5
SF,IF2009,2020-02-10 09:31:21.200,3840.4000,5606,0,57614520.000,0,-,-,-,-,3837.8000,3836.6000,3836.4000,3836.0000,3833.4000,3840.0000,3840.2000,3841.0000,3841.4000,3845.0000,20,1,1,1,2,2,1,3,1,5
SF,IF2009,2020-02-10 09:31:21.700,3837.8000,5606,0,62219880.000,4,2,2,多换,S,3837.8000,3836.4000,3836.0000,3833.4000,3833.2000,3840.0000,3840.2000,3841.0000,3845.0000,3847.0000,16,1,1,2,1,2,1,3,5,1
SF,IF2009,2020-02-10 09:31:22.200,3837.8000,5606,0,62219880.000,0,-,-,-,-,3837.8000,3836.4000,3836.0000,3833.4000,3833.2000,3840.0000,3841.0000,3845.0000,3847.0000,3849.2000,16,1,1,2,1,2,3,5,1,1
SF,IF2009,2020-02-10 09:31:22.700,3837.8000,5606,0,62219880.000,0,-,-,-,-,3837.8000,3836.4000,3836.0000,3833.4000,3833.2000,3840.0000,3841.0000,3843.6000,3845.0000,3847.0000,16,1,1,2,1,2,3,1,5,1
SF,IF2009,2020-02-10 09:31:23.200,3837.8000,5606,0,62219880.000,0,-,-,-,-,3837.8000,3836.0000,3833.4000,3833.2000,3833.0000,3838.0000,3840.0000,3841.0000,3843.6000,3845.0000,16,1,2,1,2,1,2,3,1,5
SF,IF2009,2020-02-10 09:31:23.700,3838.8000,5604,-2,64522920.000,2,0,2,双平,S,3837.8000,3836.0000,3833.4000,3833.2000,3833.0000,3840.0000,3841.0000,3845.0000,3847.0000,3849.2000,16,1,2,1,2,2,3,5,1,1
SF,IF2009,2020-02-10 09:31:24.200,3837.8000,5605,1,66825600.000,2,1,1,空开,S,3837.8000,3836.0000,3833.4000,3833.2000,3833.0000,3840.0000,3841.0000,3845.0000,3847.0000,3849.2000,14,1,2,1,2,2,3,5,1,1
SF,IF2009,2020-02-10 09:31:24.700,3837.8000,5605,0,66825600.000,0,-,-,-,-,3837.8000,3836.0000,3833.4000,3833.2000,3833.0000,3838.8000,3840.0000,3841.0000,3845.0000,3847.0000,14,1,2,1,2,1,2,3,5,1
SF,IF2009,2020-02-10 09:31:25.200,3837.8000,5605,0,66825600.000,0,-,-,-,-,3837.8000,3836.0000,3833.4000,3833.2000,3833.0000,3840.0000,3841.0000,3845.0000,3847.0000,3849.2000,14,1,2,1,2,2,3,5,1,1
SF,IF2009,2020-02-10 09:31:25.700,3837.8000,5605,0,66825600.000,0,-,-,-,-,3837.8000,3836.0000,3833.4000,3833.2000,3833.0000,3840.0000,3841.0000,3845.0000,3847.0000,3849.2000,14,1,2,1,2,2,3,5,1,1
SF,IF2009,2020-02-10 09:31:26.200,3837.8000,5605,0,66825600.000,0,-,-,-,-,3837.8000,3836.0000,3833.4000,3833.2000,3833.0000,3840.0000,3841.0000,3845.0000,3847.0000,3849.2000,14,1,2,1,2,2,3,5,1,1
SF,IF2009,2020-02-10 09:31:26.700,3837.8000,5605,0,66825600.000,0,-,-,-,-,3837.8000,3836.0000,3833.4000,3833.2000,3833.0000,3838.8000,3840.0000,3841.0000,3845.0000,3847.0000,14,1,2,1,2,1,2,3,5,1
SF,IF2009,2020-02-10 09:31:27.200,3837.8000,5605,0,67976940.000,1,0,1,多换,S,3837.8000,3836.0000,3833.4000,3833.2000,3833.0000,3838.8000,3840.0000,3841.0000,3845.0000,3847.0000,14,1,2,1,2,1,1,3,5,1
SF,IF2009,2020-02-10 09:31:27.700,3837.8000,5605,0,69128280.000,1,0,1,多换,S,3837.8000,3836.0000,3833.4000,3833.2000,3833.0000,3840.0000,3841.0000,3845.0000,3847.0000,3849.2000,13,1,2,1,2,1,3,5,1,1
SF,IF2009,2020-02-10 09:31:28.200,3837.8000,5605,0,70279620.000,1,0,1,多换,S,3837.8000,3836.0000,3833.4000,3833.2000,3833.0000,3838.0000,3839.8000,3840.0000,3841.0000,3845.0000,12,1,2,1,2,1,1,1,3,5
SF,IF2009,2020-02-10 09:31:28.700,3837.8000,5605,0,72582360.000,2,1,1,多换,S,3837.8000,3836.0000,3833.4000,3833.2000,3833.0000,3840.0000,3841.0000,3845.0000,3847.0000,3849.2000,11,1,2,1,2,1,3,5,1,1
SF,IF2009,2020-02-10 09:31:29.200,3837.8000,5607,2,74885040.000,2,2,0,双开,S,3837.8000,3836.0000,3833.4000,3833.2000,3833.0000,3840.0000,3841.0000,3845.0000,3847.0000,3849.2000,9,1,2,1,2,1,3,5,1,1
SF,IF2009,2020-02-10 09:31:29.700,3837.8000,5608,1,76036380.000,1,1,0,双开,S,3837.8000,3836.0000,3833.4000,3833.2000,3833.0000,3840.0000,3841.0000,3845.0000,3847.0000,3849.2000,8,1,2,1,2,1,3,5,1,1
SF,IF2009,2020-02-10 09:31:30.200,3837.8000,5608,0,76036380.000,0,-,-,-,-,3838.0000,3837.8000,3836.0000,3833.4000,3833.2000,3840.0000,3841.0000,3845.0000,3847.0000,3849.2000,1,8,1,2,1,1,3,5,1,1
SF,IF2009,2020-02-10 09:31:30.700,3838.0000,5608,0,77187780.000,1,0,1,多换,S,3837.8000,3836.0000,3833.4000,3833.2000,3833.0000,3840.0000,3841.0000,3845.0000,3847.0000,3849.2000,8,1,2,1,2,1,3,5,1,1
SF,IF2009,2020-02-10 09:31:32.200,3837.8000,5609,1,78339120.000,1,1,0,双开,S,3837.8000,3836.0000,3833.4000,3833.2000,3833.0000,3840.0000,3841.0000,3845.0000,3847.0000,3849.2000,7,1,2,1,2,1,3,5,1,1
SF,IF2009,2020-02-10 09:31:32.700,3837.8000,5609,0,79490460.000,1,0,1,多换,S,3838.0000,3837.8000,3836.0000,3833.4000,3833.2000,3840.0000,3841.0000,3845.0000,3847.0000,3849.2000,1,6,1,2,1,1,3,5,1,1
SF,IF2009,2020-02-10 09:31:33.200,3837.8000,5609,0,80641800.000,1,0,1,多换,S,3838.0000,3837.8000,3836.0000,3833.4000,3833.2000,3840.0000,3841.0000,3845.0000,3847.0000,3849.2000,1,6,1,2,1,1,3,5,1,1
SF,IF2009,2020-02-10 09:31:34.700,3838.0000,5609,0,81793200.000,1,0,1,多换,S,3837.8000,3836.0000,3833.4000,3833.2000,3833.0000,3838.0000,3839.8000,3840.0000,3841.0000,3845.0000,6,1,2,1,2,1,1,1,3,5
SF,IF2009,2020-02-10 09:31:35.200,3837.8000,5609,0,84095940.000,2,1,1,多换,S,3837.8000,3836.0000,3833.4000,3833.2000,3833.0000,3839.8000,3840.0000,3841.0000,3845.0000,3847.0000,5,1,2,1,2,1,1,3,5,1
SF,IF2009,2020-02-10 09:31:35.700,3837.8000,5609,0,84095940.000,0,-,-,-,-,3837.8000,3836.0000,3833.4000,3833.2000,3833.0000,3839.8000,3841.0000,3845.0000,3847.0000,3849.2000,5,1,2,1,2,1,3,5,1,1
SF,IF2009,2020-02-10 09:31:36.200,3837.8000,5609,0,84095940.000,0,-,-,-,-,3838.0000,3837.8000,3836.0000,3833.4000,3833.2000,3839.6000,3839.8000,3841.0000,3845.0000,3847.0000,1,25,1,2,1,1,1,3,5,1
SF,IF2009,2020-02-10 09:31:36.700,3837.8000,5609,0,84095940.000,0,-,-,-,-,3838.0000,3837.8000,3836.0000,3833.4000,3833.2000,3839.4000,3839.6000,3839.8000,3841.0000,3845.0000,1,25,1,2,1,1,1,1,3,5
SF,IF2009,2020-02-10 09:31:37.200,3837.8000,5609,0,85247280.000,1,0,1,多换,S,3837.8000,3836.0000,3833.4000,3833.2000,3833.0000,3839.4000,3839.6000,3841.0000,3845.0000,3847.0000,25,1,2,1,2,1,1,3,5,1
SF,IF2009,2020-02-10 09:31:37.700,3837.8000,5609,0,85247280.000,0,-,-,-,-,3837.8000,3836.0000,3833.4000,3833.2000,3833.0000,3839.2000,3839.4000,3839.6000,3841.0000,3845.0000,25,1,2,1,2,1,1,1,3,5
SF,IF2009,2020-02-10 09:31:38.200,3837.8000,5609,0,85247280.000,0,-,-,-,-,3837.8000,3836.0000,3833.4000,3833.2000,3833.0000,3839.2000,3839.6000,3841.0000,3845.0000,3847.0000,25,1,2,1,2,1,1,3,5,1
SF,IF2009,2020-02-10 09:31:38.700,3837.8000,5609,0,85247280.000,0,-,-,-,-,3837.8000,3836.0000,3833.4000,3833.2000,3833.0000,3839.0000,3839.2000,3839.6000,3841.0000,3845.0000,25,1,2,1,2,1,1,1,3,5
SF,IF2009,2020-02-10 09:31:39.200,3837.8000,5611,2,87549960.000,2,2,0,双开,S,3837.8000,3836.0000,3833.4000,3833.2000,3833.0000,3839.0000,3839.2000,3839.6000,3841.0000,3845.0000,43,1,2,1,2,1,1,1,3,5
SF,IF2009,2020-02-10 09:31:39.700,3839.0000,5611,0,88701660.000,1,0,1,多换,S,3837.8000,3836.0000,3833.4000,3833.2000,3833.0000,3839.2000,3839.6000,3841.0000,3845.0000,3847.0000,43,1,2,1,2,1,1,3,5,1
SF,IF2009,2020-02-10 09:31:41.200,3837.8000,5612,1,89853000.000,1,1,0,双开,S,3837.8000,3836.0000,3833.4000,3833.2000,3833.0000,3839.2000,3839.6000,3841.0000,3845.0000,3847.0000,42,1,2,1,2,1,1,3,5,1
SF,IF2009,2020-02-10 09:31:41.700,3839.2000,5612,0,91004760.000,1,0,1,多换,S,3839.0000,3837.8000,3836.0000,3833.4000,3833.2000,3839.6000,3841.0000,3845.0000,3847.0000,3849.2000,10,42,1,2,1,1,3,5,1,1
SF,IF2009,2020-02-10 09:31:42.700,3839.2000,5612,0,91004760.000,0,-,-,-,-,3839.0000,3838.0000,3837.8000,3836.0000,3833.4000,3839.6000,3841.0000,3845.0000,3847.0000,3849.2000,10,1,42,1,2,1,3,5,1,1
SF,IF2009,2020-02-10 09:31:43.200,3839.0000,5613,1,92156460.000,1,1,0,双开,S,3839.0000,3838.0000,3837.8000,3836.0000,3833.4000,3839.6000,3841.0000,3845.0000,3847.0000,3849.2000,9,1,42,1,2,1,3,5,1,1
SF,IF2009,2020-02-10 09:31:43.700,3839.0000,5613,0,92156460.000,0,-,-,-,-,3839.0000,3837.8000,3836.0000,3833.4000,3833.2000,3839.6000,3841.0000,3845.0000,3847.0000,3849.2000,9,42,1,2,1,1,3,5,1,1
SF,IF2009,2020-02-10 09:31:44.200,3839.0000,5613,0,92156460.000,0,-,-,-,-,3839.0000,3837.8000,3836.0000,3833.4000,3833.2000,3839.6000,3841.0000,3842.8000,3845.0000,3847.0000,9,42,1,2,1,1,3,1,5,1
SF,IF2009,2020-02-10 09:31:44.700,3839.6000,5613,0,93308340.000,1,0,1,多换,S,3839.0000,3837.8000,3836.0000,3833.4000,3833.2000,3841.0000,3842.8000,3845.0000,3847.0000,3849.2000,9,42,1,2,1,3,1,5,1,1
SF,IF2009,2020-02-10 09:31:45.200,3839.0000,5615,2,95611740.000,2,2,0,双开,S,3839.0000,3837.8000,3836.0000,3833.4000,3833.2000,3841.0000,3842.8000,3845.0000,3847.0000,3849.2000,7,42,1,2,1,3,1,5,1,1
SF,IF2009,2020-02-10 09:31:45.700,3839.0000,5615,0,96763440.000,1,0,1,多换,S,3839.0000,3837.8000,3836.0000,3833.4000,3833.2000,3840.8000,3841.0000,3842.8000,3845.0000,3847.0000,6,42,1,2,1,1,3,1,5,1
SF,IF2009,2020-02-10 09:31:46.200,3839.0000,5615,0,96763440.000,0,-,-,-,-,3839.0000,3838.8000,3837.8000,3836.0000,3833.4000,3840.8000,3841.0000,3842.8000,3845.0000,3847.0000,6,1,42,1,2,2,3,1,5,1
SF,IF2009,2020-02-10 09:31:46.700,3839.0000,5615,0,97915140.000,1,0,1,多换,S,3839.0000,3838.8000,3837.8000,3836.0000,3833.4000,3840.8000,3841.0000,3842.8000,3845.0000,3847.0000,5,1,42,1,2,1,3,1,5,1
SF,IF2009,2020-02-10 09:31:47.200,3839.0000,5616,1,99066840.000,1,1,0,双开,S,3839.0000,3838.8000,3837.8000,3836.0000,3833.4000,3840.8000,3841.0000,3842.8000,3844.4000,3845.0000,4,1,42,1,2,1,3,1,1,5
SF,IF2009,2020-02-10 09:31:47.700,3839.0000,5616,0,99066840.000,0,-,-,-,-,3839.0000,3838.8000,3837.8000,3836.0000,3833.4000,3840.6000,3841.0000,3842.8000,3844.4000,3845.0000,4,1,42,1,2,1,3,1,1,5
SF,IF2009,2020-02-10 09:31:49.200,3839.0000,5617,1,100218540.000,1,1,0,双开,S,3839.0000,3838.8000,3837.8000,3836.0000,3833.4000,3840.0000,3840.6000,3841.0000,3842.8000,3844.4000,3,1,42,1,2,1,1,3,1,1
SF,IF2009,2020-02-10 09:31:49.700,3839.0000,5617,0,100218540.000,0,-,-,-,-,3839.0000,3838.8000,3837.8000,3836.0000,3833.4000,3840.0000,3840.2000,3840.6000,3841.0000,3842.8000,3,1,42,1,2,1,1,1,3,1
SF,IF2009,2020-02-10 09:31:51.200,3839.0000,5618,1,101370240.000,1,1,0,双开,S,3839.0000,3838.8000,3837.8000,3837.0000,3836.0000,3840.0000,3840.2000,3840.6000,3841.0000,3842.8000,2,1,42,1,1,1,1,1,3,1
SF,IF2009,2020-02-10 09:31:53.200,3839.0000,5619,1,102521940.000,1,1,0,双开,S,3839.0000,3838.8000,3837.8000,3837.0000,3836.0000,3840.0000,3840.2000,3840.6000,3841.0000,3842.8000,2,1,42,1,1,1,1,1,3,1
SF,IF2009,2020-02-10 09:31:53.700,3839.0000,5619,0,102521940.000,0,-,-,-,-,3839.0000,3838.8000,3837.8000,3837.0000,3836.0000,3839.8000,3840.0000,3840.2000,3840.6000,3841.0000,2,1,42,1,1,1,1,1,1,3
SF,IF2009,2020-02-10 09:31:55.200,3839.0000,5620,1,104825580.000,2,1,1,空开,S,3839.0000,3838.8000,3837.8000,3837.0000,3836.0000,3840.0000,3840.2000,3840.6000,3841.0000,3842.8000,1,1,42,1,1,1,1,1,3,1
SF,IF2009,2020-02-10 09:31:55.700,3840.2000,5618,-2,107129640.000,2,0,2,双平,S,3839.2000,3839.0000,3838.8000,3837.8000,3837.0000,3840.6000,3841.0000,3842.8000,3844.4000,3845.0000,1,1,1,42,1,1,3,1,1,5
SF,IF2009,2020-02-10 09:31:56.700,3840.6000,5618,0,108281820.000,1,0,1,多换,S,3839.4000,3839.2000,3839.0000,3838.8000,3837.8000,3842.8000,3844.4000,3845.0000,3846.2000,3847.0000,1,1,1,1,42,1,1,5,3,1
SF,IF2009,2020-02-10 09:31:57.200,3840.6000,5618,0,108281820.000,0,-,-,-,-,3839.4000,3839.2000,3839.0000,3838.8000,3837.8000,3842.6000,3842.8000,3844.4000,3845.0000,3846.2000,2,1,1,1,42,1,1,1,5,3
SF,IF2009,2020-02-10 09:31:57.700,3840.6000,5618,0,108281820.000,0,-,-,-,-,3839.6000,3839.4000,3839.2000,3839.0000,3838.8000,3842.8000,3844.4000,3845.0000,3846.2000,3847.0000,1,2,1,1,1,1,1,5,3,1
SF,IF2009,2020-02-10 09:31:58.200,3840.6000,5618,0,108281820.000,0,-,-,-,-,3839.6000,3839.4000,3839.2000,3839.0000,3838.8000,3842.8000,3844.4000,3845.0000,3846.2000,3847.0000,1,2,1,1,1,1,1,5,3,1
SF,IF2009,2020-02-10 09:31:58.700,3840.6000,5618,0,108281820.000,0,-,-,-,-,3840.0000,3839.6000,3839.2000,3839.0000,3838.8000,3844.4000,3845.0000,3846.2000,3847.0000,3849.2000,1,1,1,1,1,1,5,3,1,1
SF,IF2009,2020-02-10 09:31:59.200,3840.6000,5618,0,108281820.000,0,-,-,-,-,3840.0000,3839.2000,3839.0000,3838.8000,3837.8000,3843.0000,3844.2000,3844.4000,3845.0000,3846.2000,2,1,1,1,42,1,2,1,5,3
SF,IF2009,2020-02-10 09:31:59.700,3840.6000,5618,0,108281820.000,0,-,-,-,-,3840.2000,3840.0000,3839.2000,3839.0000,3838.8000,3843.0000,3844.2000,3844.4000,3845.0000,3845.6000,1,2,1,1,1,1,1,1,5,1
SF,IF2009,2020-02-10 09:32:00.200,3840.2000,5619,1,109433880.000,1,1,0,双开,S,3840.0000,3839.2000,3839.0000,3838.8000,3837.8000,3844.2000,3844.4000,3845.0000,3845.6000,3846.2000,2,1,1,1,42,1,1,5,1,3
SF,IF2009,2020-02-10 09:32:00.700,3840.2000,5619,0,109433880.000,0,-,-,-,-,3840.4000,3840.0000,3839.2000,3839.0000,3838.8000,3844.2000,3844.4000,3845.0000,3845.6000,3846.2000,2,2,1,1,1,1,1,5,1,3
SF,IF2009,2020-02-10 09:32:01.200,3840.0000,5620,1,112890000.000,3,2,1,空开,S,3839.2000,3839.0000,3838.8000,3837.8000,3836.0000,3844.0000,3844.2000,3845.0000,3845.6000,3846.2000,1,1,1,42,1,1,1,5,1,3
SF,IF2009,2020-02-10 09:32:01.700,3840.0000,5620,0,112890000.000,0,-,-,-,-,3840.8000,3839.2000,3839.0000,3838.8000,3837.8000,3843.8000,3844.0000,3844.2000,3845.0000,3845.6000,1,1,1,1,42,1,1,1,5,1
SF,IF2009,2020-02-10 09:32:02.200,3840.4000,5621,1,114042120.000,1,1,0,双开,S,3840.0000,3839.2000,3839.0000,3838.8000,3837.8000,3843.4000,3843.6000,3843.8000,3844.0000,3844.2000,1,1,1,1,42,1,1,1,1,1
SF,IF2009,2020-02-10 09:32:03.200,3840.4000,5621,0,114042120.000,0,-,-,-,-,3840.0000,3839.2000,3839.0000,3838.8000,3837.8000,3842.8000,3843.2000,3843.6000,3844.0000,3844.2000,1,1,1,1,42,1,1,1,1,1
SF,IF2009,2020-02-10 09:32:03.700,3840.4000,5621,0,114042120.000,0,-,-,-,-,3840.0000,3839.2000,3839.0000,3838.8000,3837.8000,3842.8000,3843.2000,3844.0000,3844.2000,3845.0000,1,1,1,1,42,1,1,1,1,5
SF,IF2009,2020-02-10 09:32:04.200,3840.4000,5621,0,114042120.000,0,-,-,-,-,3840.0000,3839.2000,3839.0000,3838.8000,3837.8000,3842.8000,3843.2000,3844.2000,3845.0000,3845.6000,1,1,1,1,42,1,1,1,5,1
SF,IF2009,2020-02-10 09:32:04.700,3840.4000,5621,0,114042120.000,0,-,-,-,-,3841.0000,3840.0000,3839.2000,3839.0000,3838.8000,3842.8000,3843.2000,3845.0000,3845.6000,3846.2000,1,1,1,1,1,1,1,5,1,3
SF,IF2009,2020-02-10 09:32:05.200,3842.8000,5621,0,115194960.000,1,0,1,多换,S,3841.0000,3840.0000,3839.2000,3839.0000,3838.8000,3843.2000,3845.0000,3845.6000,3846.2000,3847.0000,1,1,1,1,1,1,5,1,3,1
SF,IF2009,2020-02-10 09:32:05.700,3843.2000,5620,-1,116347920.000,1,0,1,双平,S,3841.0000,3840.0000,3839.2000,3839.0000,3838.8000,3845.6000,3846.2000,3847.0000,3848.0000,3849.2000,1,1,1,1,1,1,3,1,1,1
SF,IF2009,2020-02-10 09:32:06.200,3843.2000,5620,0,116347920.000,0,-,-,-,-,3841.0000,3840.0000,3839.2000,3839.0000,3838.8000,3845.4000,3845.6000,3846.2000,3847.0000,3848.0000,1,1,1,1,1,4,1,3,1,1
SF,IF2009,2020-02-10 09:32:06.700,3843.2000,5620,0,116347920.000,0,-,-,-,-,3841.2000,3841.0000,3840.2000,3839.2000,3839.0000,3845.4000,3845.6000,3846.2000,3847.0000,3848.0000,1,1,1,1,1,4,1,3,1,1
SF,IF2009,2020-02-10 09:32:07.200,3843.2000,5620,0,116347920.000,0,-,-,-,-,3841.2000,3841.0000,3840.2000,3839.2000,3839.0000,3844.4000,3845.4000,3845.6000,3847.0000,3848.0000,1,1,1,1,1,1,2,1,1,1
SF,IF2009,2020-02-10 09:32:09.200,3843.2000,5620,0,116347920.000,0,-,-,-,-,3841.0000,3840.2000,3839.2000,3839.0000,3838.8000,3844.0000,3844.4000,3845.4000,3845.6000,3847.0000,1,1,1,1,1,2,1,2,1,1
SF,IF2009,2020-02-10 09:32:09.700,3843.2000,5620,0,116347920.000,0,-,-,-,-,3841.0000,3840.2000,3839.2000,3839.0000,3838.8000,3844.4000,3845.4000,3845.6000,3847.0000,3848.0000,1,1,1,1,1,1,2,1,1,1
SF,IF2009,2020-02-10 09:32:10.700,3843.2000,5620,0,116347920.000,0,-,-,-,-,3841.0000,3840.2000,3839.2000,3839.0000,3838.8000,3844.2000,3844.4000,3845.4000,3845.6000,3847.0000,1,1,1,1,1,1,1,2,1,1
SF,IF2009,2020-02-10 09:32:11.200,3843.2000,5620,0,116347920.000,0,-,-,-,-,3841.2000,3841.0000,3840.2000,3839.2000,3839.0000,3843.8000,3844.0000,3844.2000,3844.4000,3845.4000,1,1,1,1,1,1,1,1,1,2
SF,IF2009,2020-02-10 09:32:12.200,3843.2000,5620,0,116347920.000,0,-,-,-,-,3841.2000,3841.0000,3840.2000,3839.2000,3839.0000,3843.6000,3843.8000,3844.0000,3844.2000,3844.4000,1,1,1,1,1,1,1,1,1,1
SF,IF2009,2020-02-10 09:32:12.700,3843.2000,5620,0,116347920.000,0,-,-,-,-,3841.0000,3840.2000,3839.2000,3839.0000,3838.8000,3843.6000,3843.8000,3844.2000,3844.4000,3845.4000,1,1,1,1,1,1,1,1,1,2
SF,IF2009,2020-02-10 09:32:13.200,3843.2000,5620,0,116347920.000,0,-,-,-,-,3841.0000,3840.2000,3839.2000,3839.0000,3838.8000,3843.4000,3843.6000,3843.8000,3844.2000,3844.4000,1,1,1,1,1,3,1,1,1,1
SF,IF2009,2020-02-10 09:32:13.700,3841.0000,5619,-1,117500220.000,1,0,1,双平,S,3840.2000,3839.2000,3839.0000,3838.8000,3838.0000,3843.2000,3843.4000,3843.6000,3843.8000,3844.2000,1,1,1,1,1,4,2,1,1,1
SF,IF2009,2020-02-10 09:32:14.200,3841.0000,5619,0,117500220.000,0,-,-,-,-,3840.2000,3839.2000,3839.0000,3838.8000,3838.0000,3843.0000,3843.2000,3843.4000,3843.8000,3845.4000,1,1,1,1,1,2,6,1,1,2
SF,IF2009,2020-02-10 09:32:14.700,3841.0000,5619,0,117500220.000,0,-,-,-,-,3840.2000,3839.2000,3839.0000,3838.8000,3838.0000,3842.8000,3843.0000,3843.2000,3843.4000,3845.4000,1,1,1,1,1,2,3,4,1,2
SF,IF2009,2020-02-10 09:32:15.200,3841.0000,5619,0,117500220.000,0,-,-,-,-,3840.2000,3839.2000,3839.0000,3838.8000,3838.0000,3842.4000,3842.6000,3842.8000,3843.0000,3843.2000,1,1,1,1,1,2,3,2,1,3
SF,IF2009,2020-02-10 09:32:15.700,3841.0000,5619,0,117500220.000,0,-,-,-,-,3840.2000,3839.2000,3839.0000,3838.8000,3838.0000,3842.0000,3842.2000,3842.4000,3842.6000,3842.8000,1,1,1,1,1,2,1,1,3,2
SF,IF2009,2020-02-10 09:32:16.200,3840.2000,5620,1,118652280.000,1,1,0,双开,S,3839.2000,3839.0000,3838.8000,3838.0000,3837.8000,3842.4000,3842.6000,3842.8000,3843.0000,3843.2000,1,1,1,1,42,1,2,2,1,1
SF,IF2009,2020-02-10 09:32:16.700,3840.2000,5620,0,118652280.000,0,-,-,-,-,3839.4000,3839.2000,3839.0000,3838.8000,3838.0000,3841.8000,3842.4000,3842.6000,3842.8000,3843.0000,1,1,1,1,1,1,1,2,1,1
SF,IF2009,2020-02-10 09:32:17.200,3840.2000,5620,0,118652280.000,0,-,-,-,-,3839.4000,3839.2000,3839.0000,3838.8000,3838.0000,3842.2000,3842.6000,3842.8000,3843.0000,3843.2000,1,1,1,1,1,1,1,1,1,1
SF,IF2009,2020-02-10 09:32:17.700,3840.2000,5620,0,118652280.000,0,-,-,-,-,3839.4000,3839.2000,3839.0000,3838.8000,3838.0000,3842.0000,3842.2000,3843.0000,3845.4000,3845.6000,1,1,1,1,1,1,1,1,2,1
SF,IF2009,2020-02-10 09:32:18.200,3842.0000,5621,1,119804880.000,1,1,0,双开,S,3839.6000,3839.4000,3839.2000,3839.0000,3838.8000,3843.0000,3845.4000,3845.6000,3847.0000,3848.0000,1,1,1,1,1,1,2,1,1,1
SF,IF2009,2020-02-10 09:32:18.700,3842.0000,5621,0,119804880.000,0,-,-,-,-,3839.8000,3839.6000,3839.0000,3838.8000,3838.0000,3841.8000,3843.0000,3845.4000,3845.6000,3847.0000,1,1,1,1,1,1,1,2,1,1
SF,IF2009,2020-02-10 09:32:19.700,3842.0000,5621,0,119804880.000,0,-,-,-,-,3839.8000,3839.0000,3838.8000,3838.0000,3837.8000,3841.6000,3841.8000,3843.0000,3845.4000,3845.6000,1,1,1,1,42,2,1,1,2,1
SF,IF2009,2020-02-10 09:32:20.200,3842.0000,5621,0,119804880.000,0,-,-,-,-,3839.8000,3839.0000,3838.8000,3838.0000,3837.8000,3841.6000,3843.0000,3845.4000,3845.6000,3847.0000,1,1,1,1,42,2,1,2,1,1
SF,IF2009,2020-02-10 09:32:20.700,3842.0000,5621,0,119804880.000,0,-,-,-,-,3839.8000,3839.0000,3838.8000,3838.0000,3837.8000,3843.0000,3845.4000,3845.6000,3847.0000,3848.0000,1,1,1,1,42,1,2,1,1,1
SF,IF2009,2020-02-10 09:32:21.200,3842.0000,5621,0,119804880.000,0,-,-,-,-,3839.8000,3839.0000,3838.8000,3838.0000,3837.8000,3842.6000,3842.8000,3843.0000,3845.4000,3845.6000,1,1,1,1,42,2,1,2,2,1
SF,IF2009,2020-02-10 09:32:21.700,3842.0000,5621,0,119804880.000,0,-,-,-,-,3839.8000,3839.0000,3838.8000,3838.0000,3837.8000,3842.4000,3842.8000,3843.0000,3845.4000,3845.6000,1,1,1,1,42,3,2,1,2,1
SF,IF2009,2020-02-10 09:32:22.200,3842.0000,5621,0,119804880.000,0,-,-,-,-,3839.0000,3838.8000,3838.0000,3837.8000,3836.0000,3842.4000,3842.8000,3843.0000,3845.4000,3845.6000,1,1,1,42,1,3,2,1,2,1
SF,IF2009,2020-02-10 09:32:22.700,3842.0000,5621,0,119804880.000,0,-,-,-,-,3840.0000,3839.0000,3838.8000,3838.0000,3837.8000,3842.2000,3842.4000,3842.8000,3843.0000,3845.4000,1,1,2,1,42,1,3,1,1,2
SF,IF2009,2020-02-10 09:32:23.200,3842.0000,5621,0,119804880.000,0,-,-,-,-,3840.0000,3839.0000,3838.8000,3838.0000,3837.8000,3842.2000,3842.4000,3842.8000,3845.4000,3845.6000,1,1,1,1,42,2,3,1,2,1
SF,IF2009,2020-02-10 09:32:23.700,3842.0000,5621,0,119804880.000,0,-,-,-,-,3840.0000,3839.2000,3839.0000,3838.8000,3838.0000,3842.0000,3842.2000,3842.4000,3842.8000,3845.4000,1,2,1,1,1,1,2,2,1,2
SF,IF2009,2020-02-10 09:32:24.200,3840.0000,5622,1,120956880.000,1,1,0,双开,S,3839.2000,3839.0000,3838.8000,3838.0000,3837.8000,3841.8000,3842.0000,3842.2000,3842.8000,3845.4000,2,1,1,1,42,2,1,2,1,2
SF,IF2009,2020-02-10 09:32:24.700,3840.0000,5622,0,120956880.000,0,-,-,-,-,3839.4000,3839.2000,3839.0000,3838.8000,3838.0000,3842.0000,3842.2000,3842.8000,3845.4000,3845.6000,1,2,1,1,1,1,1,1,2,1
SF,IF2009,2020-02-10 09:32:25.700,3840.0000,5622,0,120956880.000,0,-,-,-,-,3839.4000,3839.2000,3839.0000,3838.8000,3838.0000,3841.6000,3841.8000,3842.0000,3842.2000,3842.8000,1,2,1,1,1,1,1,1,1,1
SF,IF2009,2020-02-10 09:32:26.200,3840.0000,5622,0,120956880.000,0,-,-,-,-,3839.4000,3839.2000,3839.0000,3838.8000,3838.0000,3841.8000,3842.0000,3842.8000,3845.4000,3845.6000,1,2,1,1,1,1,1,1,2,1
SF,IF2009,2020-02-10 09:32:26.700,3840.0000,5622,0,120956880.000,0,-,-,-,-,3839.6000,3839.4000,3839.2000,3839.0000,3838.8000,3842.0000,3842.8000,3845.4000,3845.6000,3847.0000,1,1,2,1,1,1,1,2,1,1
SF,IF2009,2020-02-10 09:32:27.200,3840.0000,5622,0,120956880.000,0,-,-,-,-,3839.8000,3839.6000,3839.2000,3839.0000,3838.8000,3842.8000,3845.4000,3845.6000,3847.0000,3848.0000,1,1,2,1,1,1,2,1,1,1
SF,IF2009,2020-02-10 09:32:27.700,3840.0000,5622,0,120956880.000,0,-,-,-,-,3839.8000,3839.6000,3839.2000,3839.0000,3838.8000,3842.4000,3842.6000,3842.8000,3845.4000,3845.6000,1,1,2,1,1,1,2,1,2,1
SF,IF2009,2020-02-10 09:32:28.200,3840.0000,5622,0,120956880.000,0,-,-,-,-,3839.8000,3839.6000,3839.2000,3839.0000,3838.8000,3842.2000,3842.4000,3842.6000,3842.8000,3845.6000,1,1,2,1,1,1,1,2,1,1
SF,IF2009,2020-02-10 09:32:28.700,3840.0000,5622,0,120956880.000,0,-,-,-,-,3839.6000,3839.2000,3839.0000,3838.8000,3837.8000,3842.0000,3842.2000,3842.6000,3842.8000,3845.6000,1,2,1,1,42,3,1,1,1,1
SF,IF2009,2020-02-10 09:32:29.200,3840.0000,5622,0,120956880.000,0,-,-,-,-,3839.6000,3839.2000,3839.0000,3838.8000,3837.8000,3841.8000,3842.0000,3842.2000,3842.8000,3845.6000,1,2,1,1,42,2,1,1,1,1
SF,IF2009,2020-02-10 09:32:29.700,3841.8000,5621,-1,122109420.000,1,0,1,双平,S,3839.2000,3839.0000,3838.8000,3837.8000,3836.0000,3841.8000,3842.0000,3842.8000,3845.6000,3847.0000,2,1,1,42,1,1,1,1,1,1
SF,IF2009,2020-02-10 09:32:30.200,3841.8000,5622,1,124414500.000,2,1,1,空开,S,3839.4000,3839.2000,3839.0000,3838.8000,3837.8000,3841.8000,3842.0000,3842.8000,3845.6000,3847.0000,1,2,1,1,42,1,1,1,1,1
SF,IF2009,2020-02-10 09:32:30.700,3841.8000,5622,0,124414500.000,0,-,-,-,-,3839.6000,3839.4000,3839.2000,3839.0000,3838.8000,3842.8000,3845.6000,3847.0000,3848.0000,3849.2000,1,1,2,1,1,1,1,1,1,1
SF,IF2009,2020-02-10 09:32:31.200,3841.8000,5622,0,124414500.000,0,-,-,-,-,3839.8000,3839.2000,3839.0000,3838.8000,3837.8000,3841.6000,3842.6000,3842.8000,3845.6000,3847.0000,1,2,1,1,42,1,2,1,1,1
SF,IF2009,2020-02-10 09:32:31.700,3841.8000,5622,0,124414500.000,0,-,-,-,-,3839.8000,3839.2000,3839.0000,3838.8000,3837.8000,3841.6000,3842.0000,3842.6000,3842.8000,3845.6000,1,2,1,1,42,1,1,2,1,1
SF,IF2009,2020-02-10 09:32:32.200,3841.8000,5622,0,124414500.000,0,-,-,-,-,3839.8000,3839.2000,3839.0000,3838.8000,3837.8000,3841.6000,3842.0000,3842.2000,3842.6000,3842.8000,1,2,1,1,42,1,1,1,2,1
SF,IF2009,2020-02-10 09:32:32.700,3841.8000,5622,0,124414500.000,0,-,-,-,-,3839.8000,3839.2000,3839.0000,3838.8000,3837.8000,3841.6000,3842.2000,3842.6000,3842.8000,3845.6000,1,2,1,1,42,1,1,1,1,1
SF,IF2009,2020-02-10 09:32:33.700,3841.8000,5622,0,124414500.000,0,-,-,-,-,3839.8000,3839.2000,3839.0000,3838.8000,3837.8000,3841.6000,3842.6000,3842.8000,3845.6000,3847.0000,1,2,1,1,42,1,1,1,1,1
SF,IF2009,2020-02-10 09:32:36.200,3841.8000,5622,0,124414500.000,0,-,-,-,-,3839.8000,3839.2000,3839.0000,3838.8000,3837.8000,3842.6000,3842.8000,3845.6000,3847.0000,3848.0000,1,2,1,1,42,1,1,1,1,1
SF,IF2009,2020-02-10 09:32:36.700,3841.8000,5622,0,124414500.000,0,-,-,-,-,3839.8000,3839.2000,3839.0000,3838.8000,3837.8000,3842.4000,3842.6000,3842.8000,3845.6000,3847.0000,1,2,2,1,42,3,1,1,1,1
SF,IF2009,2020-02-10 09:32:37.700,3841.8000,5622,0,124414500.000,0,-,-,-,-,3839.8000,3839.2000,3839.0000,3838.8000,3837.8000,3841.0000,3842.4000,3842.6000,3842.8000,3845.6000,1,2,2,1,42,1,3,1,1,1
SF,IF2009,2020-02-10 09:32:38.200,3841.8000,5622,0,124414500.000,0,-,-,-,-,3839.8000,3839.2000,3839.0000,3838.8000,3837.8000,3842.4000,3842.6000,3842.8000,3845.6000,3847.0000,1,2,2,1,42,1,1,1,1,1
SF,IF2009,2020-02-10 09:32:38.700,3841.8000,5622,0,124414500.000,0,-,-,-,-,3839.2000,3839.0000,3838.8000,3837.8000,3836.0000,3842.0000,3842.2000,3842.4000,3842.8000,3845.6000,2,2,1,42,1,1,2,1,1,1
SF,IF2009,2020-02-10 09:32:39.200,3841.8000,5622,0,124414500.000,0,-,-,-,-,3839.2000,3839.0000,3838.8000,3837.8000,3836.0000,3841.8000,3842.2000,3842.4000,3842.8000,3845.6000,2,2,1,42,1,2,2,1,1,1
SF,IF2009,2020-02-10 09:32:39.700,3841.8000,5622,0,124414500.000,0,-,-,-,-,3842.4000,3839.4000,3839.2000,3839.0000,3838.8000,3842.8000,3845.6000,3847.0000,3848.0000,3849.2000,1,2,2,2,1,1,1,1,1,1
SF,IF2009,2020-02-10 09:32:40.200,3841.8000,5622,0,125567040.000,1,0,1,多换,S,3839.4000,3839.2000,3839.0000,3838.8000,3837.8000,3842.0000,3842.4000,3842.8000,3845.6000,3847.0000,1,2,2,1,42,1,1,1,1,1
SF,IF2009,2020-02-10 09:32:40.700,3841.8000,5622,0,125567040.000,0,-,-,-,-,3839.6000,3839.4000,3839.2000,3839.0000,3838.8000,3842.0000,3842.4000,3842.8000,3845.6000,3847.0000,1,1,2,2,1,1,1,1,1,1
SF,IF2009,2020-02-10 09:32:41.200,3841.8000,5622,0,125567040.000,0,-,-,-,-,3839.6000,3839.4000,3839.2000,3839.0000,3838.8000,3841.8000,3842.0000,3842.4000,3842.8000,3845.6000,1,1,2,2,1,1,1,1,1,1
SF,IF2009,2020-02-10 09:32:41.700,3841.8000,5622,0,125567040.000,0,-,-,-,-,3840.0000,3839.6000,3839.2000,3839.0000,3838.8000,3841.6000,3841.8000,3842.0000,3842.4000,3842.8000,2,1,2,2,1,1,1,1,1,1
SF,IF2009,2020-02-10 09:32:42.700,3840.0000,5621,-1,127871040.000,2,0,2,多平,S,3839.6000,3839.2000,3839.0000,3838.8000,3837.8000,3841.4000,3841.6000,3842.0000,3842.4000,3842.8000,1,2,2,1,42,1,1,1,1,1
SF,IF2009,2020-02-10 09:32:43.200,3840.0000,5621,0,127871040.000,0,-,-,-,-,3839.2000,3839.0000,3838.8000,3837.8000,3836.0000,3841.4000,3842.0000,3842.4000,3842.8000,3845.6000,2,2,1,42,1,1,1,1,1,1
SF,IF2009,2020-02-10 09:32:43.700,3842.0000,5622,1,130176060.000,2,1,1,空开,S,3839.2000,3839.0000,3838.8000,3837.8000,3836.0000,3842.4000,3842.8000,3845.6000,3847.0000,3848.0000,2,2,1,42,1,1,1,1,1,1
SF,IF2009,2020-02-10 09:32:44.200,3842.0000,5622,0,130176060.000,0,-,-,-,-,3841.4000,3839.2000,3839.0000,3838.8000,3837.8000,3842.2000,3842.4000,3842.8000,3845.6000,3847.0000,1,2,2,1,42,2,1,1,1,1
SF,IF2009,2020-02-10 09:32:44.700,3841.4000,5622,0,131328480.000,1,0,1,多换,S,3839.2000,3839.0000,3838.8000,3837.8000,3836.0000,3841.8000,3842.0000,3842.2000,3842.4000,3842.8000,2,2,1,42,1,1,3,1,1,1
SF,IF2009,2020-02-10 09:32:45.200,3841.4000,5622,0,131328480.000,0,-,-,-,-,3839.2000,3839.0000,3838.8000,3837.8000,3836.0000,3841.0000,3841.6000,3841.8000,3842.0000,3842.2000,2,2,1,42,1,1,1,1,3,1
SF,IF2009,2020-02-10 09:32:45.700,3841.4000,5622,0,131328480.000,0,-,-,-,-,3839.4000,3839.2000,3839.0000,3838.8000,3837.8000,3841.6000,3841.8000,3842.0000,3842.2000,3842.4000,2,2,2,1,42,1,1,3,1,1
SF,IF2009,2020-02-10 09:32:46.200,3841.4000,5622,0,131328480.000,0,-,-,-,-,3839.4000,3839.2000,3839.0000,3838.8000,3837.8000,3841.4000,3841.6000,3841.8000,3842.0000,3842.2000,2,2,2,1,42,1,1,1,3,1
SF,IF2009,2020-02-10 09:32:46.700,3841.4000,5622,0,131328480.000,0,-,-,-,-,3839.4000,3839.2000,3839.0000,3838.8000,3837.8000,3841.4000,3841.6000,3841.8000,3842.0000,3842.2000,1,2,2,1,42,1,1,1,3,1
SF,IF2009,2020-02-10 09:32:47.200,3841.4000,5622,0,131328480.000,0,-,-,-,-,3839.4000,3839.2000,3839.0000,3838.8000,3837.8000,3841.4000,3841.6000,3841.8000,3842.0000,3842.2000,1,2,2,1,42,1,1,1,3,1
SF,IF2009,2020-02-10 09:32:47.700,3841.4000,5622,0,131328480.000,0,-,-,-,-,3840.0000,3839.2000,3839.0000,3838.8000,3837.8000,3841.0000,3841.4000,3841.6000,3842.0000,3842.2000,1,2,2,1,42,1,1,1,3,1
SF,IF2009,2020-02-10 09:32:48.200,3840.0000,5623,1,132480480.000,1,1,0,双开,S,3839.2000,3839.0000,3838.8000,3837.8000,3836.0000,3841.4000,3841.6000,3842.0000,3842.4000,3842.8000,2,2,1,42,1,1,1,3,1,1
SF,IF2009,2020-02-10 09:32:48.700,3839.6000,5622,-1,133632360.000,1,0,1,双平,S,3839.2000,3839.0000,3838.8000,3837.8000,3836.0000,3841.4000,3842.0000,3842.4000,3842.8000,3845.6000,2,2,1,42,1,1,3,1,1,1
SF,IF2009,2020-02-10 09:32:49.700,3839.6000,5622,0,133632360.000,0,-,-,-,-,3839.4000,3839.2000,3839.0000,3838.8000,3837.8000,3841.4000,3842.0000,3842.4000,3842.8000,3845.6000,1,2,2,1,42,1,3,1,1,1
SF,IF2009,2020-02-10 09:32:50.200,3839.6000,5622,0,133632360.000,0,-,-,-,-,3839.6000,3839.4000,3839.2000,3839.0000,3838.8000,3841.4000,3842.0000,3842.4000,3842.8000,3845.6000,1,1,2,2,1,1,3,1,1,1
SF,IF2009,2020-02-10 09:32:51.200,3839.6000,5622,0,133632360.000,0,-,-,-,-,3840.0000,3839.6000,3839.4000,3839.2000,3839.0000,3841.4000,3842.0000,3842.4000,3842.8000,3845.6000,1,1,1,2,2,1,3,1,1,1
SF,IF2009,2020-02-10 09:32:51.700,3839.6000,5622,0,133632360.000,0,-,-,-,-,3840.0000,3839.2000,3839.0000,3838.8000,3837.8000,3841.4000,3842.0000,3842.4000,3842.8000,3845.6000,1,2,2,1,42,1,3,1,1,1
SF,IF2009,2020-02-10 09:32:52.200,3839.6000,5622,0,133632360.000,0,-,-,-,-,3840.0000,3839.2000,3839.0000,3838.8000,3837.8000,3841.4000,3842.0000,3842.4000,3842.8000,3844.0000,1,2,2,1,42,1,3,1,1,1
SF,IF2009,2020-02-10 09:32:52.700,3839.6000,5622,0,133632360.000,0,-,-,-,-,3840.0000,3839.2000,3839.0000,3838.8000,3837.8000,3841.0000,3841.4000,3842.0000,3842.4000,3842.8000,1,2,2,1,42,1,1,3,1,1
SF,IF2009,2020-02-10 09:32:53.200,3839.6000,5622,0,133632360.000,0,-,-,-,-,3840.0000,3839.2000,3839.0000,3838.8000,3837.8000,3841.4000,3842.0000,3842.4000,3842.8000,3844.0000,1,2,2,1,42,1,3,1,1,1
SF,IF2009,2020-02-10 09:32:54.200,3839.6000,5622,0,133632360.000,0,-,-,-,-,3840.0000,3839.2000,3839.0000,3838.8000,3837.8000,3841.4000,3842.4000,3842.8000,3844.0000,3845.6000,1,2,2,1,42,1,1,1,1,1
SF,IF2009,2020-02-10 09:32:54.700,3842.4000,5623,1,135937500.000,2,1,1,空开,S,3840.0000,3839.2000,3839.0000,3838.8000,3837.8000,3842.8000,3844.0000,3845.6000,3848.0000,3849.2000,1,2,2,1,42,1,1,1,1,1
SF,IF2009,2020-02-10 09:32:55.200,3842.4000,5623,0,135937500.000,0,-,-,-,-,3840.2000,3840.0000,3839.2000,3839.0000,3838.8000,3842.6000,3842.8000,3844.0000,3845.6000,3848.0000,1,1,2,2,1,5,1,1,1,1
SF,IF2009,2020-02-10 09:32:55.700,3842.4000,5623,0,135937500.000,0,-,-,-,-,3840.2000,3840.0000,3839.2000,3839.0000,3838.8000,3842.6000,3842.8000,3844.0000,3845.6000,3848.0000,1,1,2,2,1,2,1,1,1,1
SF,IF2009,2020-02-10 09:32:56.200,3840.2000,5624,1,137089560.000,1,1,0,双开,S,3840.0000,3839.2000,3839.0000,3838.8000,3837.8000,3842.6000,3842.8000,3844.0000,3845.6000,3848.0000,1,2,2,1,42,2,1,1,1,1
SF,IF2009,2020-02-10 09:32:56.700,3840.2000,5624,0,137089560.000,0,-,-,-,-,3840.4000,3840.0000,3839.2000,3839.0000,3838.8000,3842.6000,3842.8000,3844.0000,3845.6000,3848.0000,1,1,2,2,1,1,1,1,1,1
SF,IF2009,2020-02-10 09:32:57.200,3840.2000,5625,1,138241620.000,1,1,0,双开,S,3840.0000,3839.2000,3839.0000,3838.8000,3837.8000,3842.6000,3842.8000,3844.0000,3845.6000,3848.0000,1,2,2,1,42,1,1,1,1,1
SF,IF2009,2020-02-10 09:32:57.700,3840.2000,5625,0,138241620.000,0,-,-,-,-,3840.6000,3840.0000,3839.2000,3839.0000,3838.8000,3842.2000,3842.6000,3842.8000,3844.0000,3845.6000,1,1,2,2,1,1,1,1,1,1
SF,IF2009,2020-02-10 09:32:59.200,3840.2000,5625,0,138241620.000,0,-,-,-,-,3840.6000,3840.0000,3839.2000,3839.0000,3838.8000,3842.6000,3844.0000,3845.6000,3848.0000,3849.2000,1,1,2,2,1,1,1,1,1,1
SF,IF2009,2020-02-10 09:32:59.700,3840.2000,5625,0,138241620.000,0,-,-,-,-,3840.8000,3840.6000,3840.0000,3839.2000,3839.0000,3844.0000,3845.6000,3848.0000,3849.2000,3850.0000,1,1,1,2,2,1,1,1,1,5
SF,IF2009,2020-02-10 09:33:00.200,3840.2000,5625,0,138241620.000,0,-,-,-,-,3840.8000,3840.6000,3840.0000,3839.2000,3839.0000,3843.6000,3843.8000,3844.0000,3845.6000,3848.0000,1,1,1,2,2,2,2,1,1,1
SF,IF2009,2020-02-10 09:33:00.700,3840.2000,5625,0,138241620.000,0,-,-,-,-,3840.8000,3840.6000,3840.0000,3839.2000,3839.0000,3844.0000,3845.6000,3848.0000,3849.2000,3850.0000,1,1,1,2,2,1,1,1,1,5
SF,IF2009,2020-02-10 09:33:01.200,3840.2000,5625,0,138241620.000,0,-,-,-,-,3841.2000,3840.8000,3840.0000,3839.2000,3839.0000,3844.0000,3845.6000,3848.0000,3849.2000,3850.0000,1,1,1,2,2,1,1,1,1,5
SF,IF2009,2020-02-10 09:33:01.700,3840.2000,5625,0,138241620.000,0,-,-,-,-,3841.4000,3841.2000,3840.0000,3839.2000,3839.0000,3844.0000,3845.6000,3848.0000,3849.2000,3850.0000,1,2,1,2,2,1,1,1,1,5
SF,IF2009,2020-02-10 09:33:03.200,3840.2000,5625,0,138241620.000,0,-,-,-,-,3841.8000,3841.4000,3841.2000,3840.0000,3839.2000,3844.0000,3845.6000,3848.0000,3849.2000,3850.0000,1,1,1,1,2,1,1,1,1,5
SF,IF2009,2020-02-10 09:33:04.700,3840.2000,5625,0,138241620.000,0,-,-,-,-,3841.8000,3841.4000,3840.2000,3840.0000,3839.2000,3843.8000,3844.0000,3845.6000,3848.0000,3849.2000,1,1,1,1,2,1,1,1,1,1
SF,IF2009,2020-02-10 09:33:05.200,3840.2000,5625,0,138241620.000,0,-,-,-,-,3842.0000,3841.8000,3840.2000,3840.0000,3839.2000,3843.8000,3844.0000,3845.6000,3848.0000,3849.2000,1,1,1,1,2,1,1,1,1,1
SF,IF2009,2020-02-10 09:33:06.700,3840.2000,5625,0,138241620.000,0,-,-,-,-,3842.2000,3842.0000,3840.2000,3840.0000,3839.2000,3843.8000,3844.0000,3845.6000,3848.0000,3849.2000,1,1,1,1,2,1,1,1,1,1
SF,IF2009,2020-02-10 09:33:09.200,3844.0000,5624,-1,140547960.000,2,0,2,多平,S,3842.2000,3842.0000,3840.2000,3840.0000,3839.2000,3845.6000,3848.0000,3849.2000,3850.0000,3853.2000,1,1,1,1,2,1,1,1,5,3
SF,IF2009,2020-02-10 09:33:09.700,3844.0000,5624,0,140547960.000,0,-,-,-,-,3842.4000,3842.2000,3840.2000,3840.0000,3839.2000,3845.6000,3848.0000,3849.2000,3850.0000,3853.2000,1,1,1,1,2,2,1,1,5,3
SF,IF2009,2020-02-10 09:33:10.200,3844.0000,5624,0,140547960.000,0,-,-,-,-,3842.6000,3842.4000,3842.2000,3840.2000,3840.0000,3845.6000,3848.0000,3849.2000,3850.0000,3853.2000,1,1,1,1,1,2,1,1,5,3
SF,IF2009,2020-02-10 09:33:10.700,3844.0000,5624,0,140547960.000,0,-,-,-,-,3842.8000,3842.6000,3842.2000,3840.2000,3840.0000,3845.6000,3848.0000,3849.2000,3850.0000,3853.2000,1,1,1,1,1,1,1,1,5,3
SF,IF2009,2020-02-10 09:33:11.200,3844.0000,5624,0,140547960.000,0,-,-,-,-,3842.8000,3842.6000,3840.2000,3840.0000,3839.2000,3845.6000,3848.0000,3849.2000,3850.0000,3853.2000,2,1,1,1,2,1,1,1,5,3
SF,IF2009,2020-02-10 09:33:11.700,3844.0000,5624,0,140547960.000,0,-,-,-,-,3843.2000,3842.8000,3842.6000,3840.2000,3840.0000,3848.0000,3849.2000,3850.0000,3853.2000,3856.8000,1,2,1,1,1,1,1,5,3,1
SF,IF2009,2020-02-10 09:33:12.200,3844.0000,5624,0,140547960.000,0,-,-,-,-,3843.2000,3842.8000,3842.6000,3840.2000,3840.0000,3847.2000,3847.8000,3848.0000,3849.2000,3850.0000,1,1,1,1,1,1,5,1,1,5
SF,IF2009,2020-02-10 09:33:12.700,3847.0000,5624,0,141702060.000,1,0,1,多换,S,3843.4000,3843.2000,3842.8000,3842.6000,3840.2000,3847.2000,3847.8000,3848.0000,3849.2000,3850.0000,2,1,1,1,1,1,3,1,1,5
SF,IF2009,2020-02-10 09:33:13.200,3847.0000,5624,0,141702060.000,0,-,-,-,-,3843.4000,3843.2000,3842.8000,3842.6000,3840.2000,3847.0000,3847.2000,3847.8000,3848.0000,3849.2000,2,1,1,1,1,4,1,3,1,1
SF,IF2009,2020-02-10 09:33:13.700,3847.0000,5624,0,141702060.000,0,-,-,-,-,3843.8000,3843.4000,3843.2000,3842.6000,3840.2000,3845.6000,3846.6000,3847.0000,3847.2000,3847.8000,1,2,1,1,1,1,1,4,1,3
SF,IF2009,2020-02-10 09:33:14.200,3847.0000,5624,0,141702060.000,0,-,-,-,-,3844.0000,3843.8000,3843.4000,3843.2000,3842.6000,3846.6000,3847.0000,3847.2000,3847.8000,3848.0000,1,1,1,1,1,1,3,1,3,1
SF,IF2009,2020-02-10 09:33:14.700,3847.0000,5624,0,141702060.000,0,-,-,-,-,3844.0000,3843.8000,3843.4000,3843.2000,3842.6000,3847.0000,3847.2000,3847.8000,3848.0000,3849.2000,1,1,1,1,1,3,1,3,1,1
SF,IF2009,2020-02-10 09:33:15.200,3847.0000,5624,0,141702060.000,0,-,-,-,-,3843.8000,3843.2000,3840.2000,3840.0000,3839.2000,3846.8000,3847.0000,3847.2000,3847.8000,3848.0000,1,1,1,1,2,1,3,1,3,1
SF,IF2009,2020-02-10 09:33:15.700,3847.0000,5624,0,141702060.000,0,-,-,-,-,3844.6000,3844.2000,3844.0000,3843.2000,3840.2000,3846.6000,3846.8000,3847.0000,3847.2000,3847.8000,1,1,1,1,1,1,1,3,1,3
SF,IF2009,2020-02-10 09:33:16.200,3847.0000,5624,0,141702060.000,0,-,-,-,-,3844.6000,3844.2000,3844.0000,3843.2000,3840.2000,3847.2000,3847.8000,3848.0000,3849.2000,3850.0000,1,1,1,1,1,1,3,1,1,5
SF,IF2009,2020-02-10 09:33:17.700,3847.0000,5624,0,141702060.000,0,-,-,-,-,3844.6000,3844.0000,3843.2000,3840.2000,3840.0000,3846.8000,3847.0000,3847.2000,3847.8000,3848.0000,1,1,1,1,1,1,2,1,3,1
SF,IF2009,2020-02-10 09:33:18.200,3847.0000,5624,0,141702060.000,0,-,-,-,-,3844.8000,3844.0000,3843.2000,3840.2000,3840.0000,3846.8000,3847.0000,3847.2000,3847.8000,3848.0000,1,1,1,1,1,1,2,1,3,1
SF,IF2009,2020-02-10 09:33:18.700,3847.0000,5624,0,141702060.000,0,-,-,-,-,3844.8000,3844.0000,3843.2000,3840.2000,3840.0000,3846.8000,3847.8000,3848.0000,3848.8000,3849.2000,1,1,1,1,1,1,3,1,1,1
SF,IF2009,2020-02-10 09:33:19.200,3847.0000,5624,0,141702060.000,0,-,-,-,-,3844.8000,3843.2000,3840.2000,3840.0000,3839.2000,3846.6000,3847.8000,3848.0000,3848.8000,3849.2000,1,1,1,1,2,3,3,1,1,1
SF,IF2009,2020-02-10 09:33:19.700,3844.8000,5623,-1,142855500.000,1,0,1,双平,S,3843.2000,3840.2000,3840.0000,3839.2000,3839.0000,3846.6000,3847.8000,3848.0000,3849.2000,3850.0000,1,1,1,2,2,2,3,1,1,5
SF,IF2009,2020-02-10 09:33:20.200,3844.8000,5623,0,142855500.000,0,-,-,-,-,3843.4000,3843.2000,3840.2000,3840.0000,3839.2000,3846.6000,3847.8000,3848.0000,3849.2000,3850.0000,1,1,1,1,2,1,3,1,1,5
SF,IF2009,2020-02-10 09:33:20.700,3844.8000,5623,0,142855500.000,0,-,-,-,-,3843.4000,3843.2000,3840.2000,3840.0000,3839.2000,3846.2000,3846.4000,3846.6000,3847.8000,3848.0000,1,1,1,1,2,1,4,1,3,1
SF,IF2009,2020-02-10 09:33:21.200,3844.8000,5623,0,142855500.000,0,-,-,-,-,3843.4000,3843.2000,3840.2000,3840.0000,3839.2000,3846.0000,3846.4000,3846.6000,3847.8000,3848.0000,1,1,1,1,2,4,3,1,3,1
SF,IF2009,2020-02-10 09:33:21.700,3844.8000,5623,0,142855500.000,0,-,-,-,-,3843.4000,3843.2000,3840.2000,3840.0000,3839.2000,3845.6000,3845.8000,3846.0000,3846.4000,3846.6000,1,1,1,1,2,1,1,4,2,1
SF,IF2009,2020-02-10 09:33:22.200,3844.8000,5623,0,142855500.000,0,-,-,-,-,3843.4000,3843.2000,3840.2000,3840.0000,3839.2000,3845.4000,3845.6000,3845.8000,3846.0000,3846.4000,1,1,1,1,2,1,1,1,4,2
SF,IF2009,2020-02-10 09:33:22.700,3844.8000,5623,0,142855500.000,0,-,-,-,-,3843.4000,3843.2000,3840.2000,3840.0000,3839.2000,3845.2000,3845.4000,3845.8000,3846.0000,3846.4000,1,1,1,1,2,2,1,1,2,2
SF,IF2009,2020-02-10 09:33:23.200,3844.8000,5623,0,142855500.000,0,-,-,-,-,3843.4000,3843.2000,3840.2000,3840.0000,3839.2000,3845.4000,3846.0000,3846.4000,3846.6000,3847.8000,1,1,1,1,2,1,1,2,1,3
SF,IF2009,2020-02-10 09:33:23.700,3844.8000,5623,0,142855500.000,0,-,-,-,-,3843.6000,3843.2000,3840.2000,3840.0000,3839.2000,3845.0000,3845.4000,3846.0000,3846.4000,3846.6000,1,1,1,1,2,1,1,1,1,1
SF,IF2009,2020-02-10 09:33:24.200,3844.8000,5623,0,142855500.000,0,-,-,-,-,3843.6000,3843.2000,3840.2000,3840.0000,3839.2000,3845.2000,3845.4000,3846.0000,3846.4000,3846.6000,1,1,1,1,2,2,1,1,1,1
SF,IF2009,2020-02-10 09:33:24.700,3844.8000,5623,0,142855500.000,0,-,-,-,-,3843.6000,3843.2000,3840.2000,3840.0000,3839.2000,3845.0000,3845.4000,3846.0000,3846.4000,3847.8000,1,1,1,1,2,2,1,1,1,3
SF,IF2009,2020-02-10 09:33:25.200,3844.8000,5623,0,142855500.000,0,-,-,-,-,3843.2000,3840.2000,3840.0000,3839.2000,3839.0000,3845.0000,3845.4000,3846.0000,3846.4000,3847.8000,1,1,1,2,2,2,1,1,1,3
SF,IF2009,2020-02-10 09:33:25.700,3844.8000,5623,0,142855500.000,0,-,-,-,-,3843.4000,3843.2000,3840.2000,3840.0000,3839.2000,3845.4000,3846.0000,3846.4000,3847.8000,3848.0000,1,1,1,1,2,1,1,1,3,1
SF,IF2009,2020-02-10 09:33:26.200,3844.8000,5623,0,142855500.000,0,-,-,-,-,3843.4000,3843.2000,3840.2000,3840.0000,3839.2000,3845.4000,3846.4000,3847.8000,3848.0000,3849.2000,1,1,1,1,2,1,1,3,1,1
SF,IF2009,2020-02-10 09:33:26.700,3844.8000,5623,0,142855500.000,0,-,-,-,-,3843.4000,3843.2000,3840.2000,3840.0000,3839.2000,3845.4000,3847.8000,3848.0000,3849.2000,3850.0000,1,1,1,1,2,1,3,1,1,5
SF,IF2009,2020-02-10 09:33:27.700,3845.4000,5623,0,144009120.000,1,0,1,多换,S,3843.4000,3843.2000,3840.2000,3840.0000,3839.2000,3847.8000,3848.0000,3849.2000,3850.0000,3852.4000,1,1,1,1,2,3,1,1,5,1
SF,IF2009,2020-02-10 09:33:28.200,3845.4000,5623,0,144009120.000,0,-,-,-,-,3843.4000,3843.2000,3840.2000,3840.0000,3839.2000,3847.2000,3847.6000,3847.8000,3848.0000,3849.2000,1,1,1,1,2,1,1,3,1,1
SF,IF2009,2020-02-10 09:33:28.700,3845.4000,5623,0,144009120.000,0,-,-,-,-,3845.4000,3843.4000,3843.2000,3840.2000,3840.0000,3847.2000,3847.6000,3847.8000,3848.0000,3849.2000,1,1,1,1,1,1,1,3,1,1
SF,IF2009,2020-02-10 09:33:29.200,3845.4000,5623,0,144009120.000,0,-,-,-,-,3845.4000,3843.6000,3843.4000,3843.2000,3840.2000,3847.0000,3848.0000,3849.2000,3850.0000,3852.4000,1,1,1,1,1,1,1,1,5,1
SF,IF2009,2020-02-10 09:33:29.700,3845.4000,5623,0,144009120.000,0,-,-,-,-,3845.4000,3843.6000,3843.4000,3843.2000,3840.2000,3847.0000,3848.0000,3849.2000,3850.0000,3852.4000,1,1,1,1,1,3,1,1,5,1
SF,IF2009,2020-02-10 09:33:30.200,3845.4000,5623,0,144009120.000,0,-,-,-,-,3845.4000,3843.6000,3843.4000,3843.2000,3840.2000,3848.0000,3849.2000,3850.0000,3852.4000,3853.2000,1,1,1,1,1,1,1,5,1,3
SF,IF2009,2020-02-10 09:33:30.700,3845.4000,5623,0,144009120.000,0,-,-,-,-,3845.4000,3843.6000,3843.4000,3843.2000,3840.2000,3846.8000,3847.8000,3848.0000,3849.2000,3850.0000,1,1,1,1,1,2,3,1,1,5
SF,IF2009,2020-02-10 09:33:31.700,3845.4000,5623,0,144009120.000,0,-,-,-,-,3845.4000,3843.6000,3843.4000,3843.2000,3840.2000,3847.8000,3848.0000,3849.2000,3850.0000,3852.4000,1,1,1,1,1,2,1,1,5,1
SF,IF2009,2020-02-10 09:33:32.200,3845.4000,5623,0,144009120.000,0,-,-,-,-,3845.4000,3843.4000,3843.2000,3840.2000,3840.0000,3847.6000,3847.8000,3848.0000,3849.2000,3850.0000,1,1,1,1,1,2,1,1,1,5
SF,IF2009,2020-02-10 09:33:32.700,3845.4000,5623,0,144009120.000,0,-,-,-,-,3846.2000,3845.4000,3843.4000,3843.2000,3840.2000,3847.8000,3848.0000,3849.2000,3850.0000,3852.4000,1,1,1,1,1,1,1,1,5,1
SF,IF2009,2020-02-10 09:33:33.200,3845.4000,5623,0,144009120.000,0,-,-,-,-,3846.2000,3845.4000,3843.4000,3843.2000,3840.2000,3847.0000,3847.6000,3847.8000,3848.0000,3849.2000,1,1,1,1,1,1,2,1,1,1
SF,IF2009,2020-02-10 09:33:33.700,3847.0000,5622,-1,145163220.000,1,0,1,双平,S,3846.2000,3845.4000,3843.4000,3843.2000,3840.2000,3848.0000,3849.2000,3850.0000,3852.4000,3853.2000,1,1,1,1,1,1,1,5,1,3
SF,IF2009,2020-02-10 09:33:34.200,3847.0000,5622,0,145163220.000,0,-,-,-,-,3846.2000,3845.4000,3843.4000,3843.2000,3840.2000,3847.8000,3848.0000,3849.2000,3850.0000,3852.4000,1,1,1,1,1,1,1,1,5,1
SF,IF2009,2020-02-10 09:33:34.700,3847.0000,5622,0,145163220.000,0,-,-,-,-,3846.2000,3845.4000,3843.4000,3843.2000,3840.2000,3847.6000,3848.0000,3849.2000,3850.0000,3852.4000,1,1,1,1,1,2,1,1,5,1
SF,IF2009,2020-02-10 09:33:35.200,3847.0000,5622,0,145163220.000,0,-,-,-,-,3846.2000,3845.4000,3843.4000,3843.2000,3840.2000,3848.0000,3849.2000,3850.0000,3852.4000,3853.2000,1,1,1,1,1,1,1,5,1,3
SF,IF2009,2020-02-10 09:33:35.700,3848.0000,5622,0,146317620.000,1,0,1,多换,S,3846.2000,3845.4000,3843.4000,3843.2000,3840.2000,3849.2000,3850.0000,3852.4000,3853.2000,3856.8000,1,1,1,1,1,1,5,1,3,1
SF,IF2009,2020-02-10 09:33:36.200,3848.0000,5622,0,146317620.000,0,-,-,-,-,3846.2000,3845.4000,3843.4000,3843.2000,3840.2000,3848.8000,3849.0000,3849.2000,3850.0000,3852.4000,1,1,1,1,1,1,1,1,5,1
SF,IF2009,2020-02-10 09:33:37.200,3848.0000,5622,0,146317620.000,0,-,-,-,-,3846.2000,3845.4000,3843.4000,3843.2000,3840.2000,3849.0000,3849.2000,3850.0000,3852.4000,3853.2000,1,1,1,1,1,1,1,5,1,3
SF,IF2009,2020-02-10 09:33:37.700,3849.2000,5621,-1,148627080.000,2,0,2,多平,S,3846.4000,3846.2000,3845.4000,3843.2000,3840.2000,3850.0000,3852.4000,3853.2000,3856.8000,3865.0000,1,1,1,1,1,5,1,3,1,1
SF,IF2009,2020-02-10 09:33:38.200,3849.2000,5621,0,148627080.000,0,-,-,-,-,3846.6000,3846.4000,3846.2000,3845.4000,3843.2000,3849.8000,3850.0000,3850.2000,3852.4000,3853.2000,1,1,1,1,1,4,5,1,1,3
SF,IF2009,2020-02-10 09:33:38.700,3849.2000,5621,0,148627080.000,0,-,-,-,-,3846.8000,3846.6000,3846.2000,3845.4000,3843.2000,3849.8000,3850.2000,3852.4000,3853.2000,3855.0000,1,1,1,1,1,3,1,1,3,5
SF,IF2009,2020-02-10 09:33:39.200,3849.2000,5621,0,148627080.000,0,-,-,-,-,3846.8000,3846.6000,3846.2000,3845.4000,3843.2000,3849.4000,3849.8000,3850.2000,3852.4000,3853.2000,1,1,1,1,1,1,3,1,1,3
SF,IF2009,2020-02-10 09:33:39.700,3849.2000,5621,0,148627080.000,0,-,-,-,-,3846.8000,3846.6000,3846.2000,3845.4000,3843.2000,3849.4000,3849.8000,3850.2000,3852.4000,3855.0000,1,1,1,1,1,1,3,1,1,5
SF,IF2009,2020-02-10 09:33:40.200,3849.2000,5621,0,148627080.000,0,-,-,-,-,3846.8000,3846.6000,3846.2000,3845.4000,3843.2000,3849.4000,3850.2000,3852.4000,3855.0000,3856.8000,1,1,1,1,1,1,1,1,5,1
SF,IF2009,2020-02-10 09:33:40.700,3849.2000,5621,0,148627080.000,0,-,-,-,-,3846.8000,3846.6000,3846.2000,3845.4000,3843.2000,3849.4000,3850.2000,3852.4000,3855.0000,3856.8000,1,1,1,1,1,1,1,1,5,1
SF,IF2009,2020-02-10 09:33:43.200,3849.2000,5621,0,148627080.000,0,-,-,-,-,3847.0000,3846.8000,3846.6000,3846.2000,3845.4000,3849.4000,3850.2000,3852.4000,3855.0000,3856.8000,1,1,1,1,1,1,1,1,5,1
SF,IF2009,2020-02-10 09:33:43.700,3849.2000,5621,0,148627080.000,0,-,-,-,-,3847.6000,3847.2000,3847.0000,3846.6000,3846.2000,3849.4000,3850.2000,3852.4000,3855.0000,3856.8000,1,1,1,1,1,1,1,1,5,1
SF,IF2009,2020-02-10 09:33:44.200,3849.2000,5621,0,148627080.000,0,-,-,-,-,3848.0000,3847.6000,3847.2000,3846.6000,3845.4000,3849.4000,3850.2000,3852.4000,3855.0000,3856.8000,1,1,1,1,1,1,1,1,5,1
SF,IF2009,2020-02-10 09:33:44.700,3849.2000,5621,0,148627080.000,0,-,-,-,-,3848.2000,3848.0000,3847.6000,3846.6000,3845.4000,3849.2000,3849.4000,3850.2000,3852.4000,3855.0000,1,1,1,1,1,1,1,1,1,5
SF,IF2009,2020-02-10 09:33:45.200,3848.2000,5619,-2,150936000.000,2,0,2,双平,S,3848.0000,3847.6000,3845.4000,3843.2000,3840.2000,3849.2000,3849.4000,3850.2000,3852.4000,3855.0000,1,1,1,1,1,2,1,1,1,5
SF,IF2009,2020-02-10 09:33:45.700,3848.0000,5618,-1,152090400.000,1,0,1,双平,S,3847.6000,3845.4000,3843.2000,3840.2000,3840.0000,3849.4000,3850.2000,3852.4000,3855.0000,3856.8000,1,1,1,1,1,1,1,1,5,1
SF,IF2009,2020-02-10 09:33:46.200,3847.6000,5618,0,153244680.000,1,0,1,多换,S,3845.4000,3843.2000,3840.2000,3840.0000,3839.2000,3849.0000,3849.2000,3849.4000,3850.2000,3852.4000,1,1,1,1,2,1,2,1,1,1
SF,IF2009,2020-02-10 09:33:46.700,3847.6000,5618,0,153244680.000,0,-,-,-,-,3845.6000,3845.4000,3843.2000,3840.2000,3840.0000,3848.6000,3848.8000,3849.0000,3849.2000,3849.4000,1,1,1,1,1,1,1,1,2,1
SF,IF2009,2020-02-10 09:33:47.200,3847.6000,5618,0,153244680.000,0,-,-,-,-,3845.6000,3845.4000,3843.2000,3840.2000,3840.0000,3848.4000,3848.6000,3848.8000,3849.0000,3849.2000,1,1,1,1,1,2,2,2,2,1
SF,IF2009,2020-02-10 09:33:47.700,3847.6000,5618,0,153244680.000,0,-,-,-,-,3845.6000,3845.4000,3843.2000,3840.2000,3840.0000,3848.2000,3848.4000,3848.6000,3848.8000,3849.0000,1,1,1,1,1,3,1,2,1,2
SF,IF2009,2020-02-10 09:33:48.200,3847.6000,5618,0,153244680.000,0,-,-,-,-,3845.6000,3845.4000,3843.2000,3840.0000,3839.2000,3848.2000,3848.4000,3848.6000,3848.8000,3849.0000,1,1,1,1,2,2,1,2,1,2
SF,IF2009,2020-02-10 09:33:48.700,3847.6000,5618,0,153244680.000,0,-,-,-,-,3845.6000,3845.4000,3843.2000,3840.0000,3839.2000,3848.2000,3848.6000,3849.0000,3850.2000,3852.4000,1,1,1,1,2,1,1,2,1,1
SF,IF2009,2020-02-10 09:33:49.200,3847.6000,5618,0,153244680.000,0,-,-,-,-,3845.6000,3845.4000,3843.2000,3840.0000,3839.2000,3848.0000,3848.2000,3848.6000,3849.0000,3850.2000,1,1,1,1,2,1,1,1,2,1
SF,IF2009,2020-02-10 09:33:49.700,3847.6000,5618,0,153244680.000,0,-,-,-,-,3845.6000,3845.4000,3843.2000,3840.0000,3839.2000,3848.0000,3848.2000,3848.6000,3849.0000,3850.2000,2,1,1,1,2,1,1,1,2,1
SF,IF2009,2020-02-10 09:33:50.200,3847.6000,5618,0,153244680.000,0,-,-,-,-,3845.6000,3845.4000,3843.2000,3840.0000,3839.2000,3848.0000,3848.2000,3848.6000,3849.0000,3850.2000,1,1,1,1,2,1,1,1,1,1
SF,IF2009,2020-02-10 09:33:50.700,3847.6000,5618,0,153244680.000,0,-,-,-,-,3845.6000,3845.4000,3843.2000,3840.0000,3839.2000,3848.2000,3848.6000,3849.0000,3850.2000,3852.4000,1,1,1,1,2,1,1,1,1,1
SF,IF2009,2020-02-10 09:33:51.200,3847.6000,5618,0,153244680.000,0,-,-,-,-,3845.6000,3845.4000,3843.2000,3840.0000,3839.2000,3848.2000,3848.6000,3849.0000,3850.2000,3852.4000,2,1,1,1,2,1,1,1,1,1
SF,IF2009,2020-02-10 09:33:51.700,3847.6000,5618,0,153244680.000,0,-,-,-,-,3845.6000,3845.4000,3843.2000,3840.0000,3839.2000,3848.2000,3849.0000,3850.2000,3852.4000,3855.0000,3,1,1,1,2,1,1,1,1,5
SF,IF2009,2020-02-10 09:33:52.200,3847.6000,5618,0,153244680.000,0,-,-,-,-,3845.6000,3845.4000,3843.2000,3840.0000,3839.2000,3848.2000,3850.2000,3852.4000,3855.0000,3856.8000,1,1,1,1,2,1,1,1,5,1
SF,IF2009,2020-02-10 09:33:52.700,3847.6000,5618,0,153244680.000,0,-,-,-,-,3845.6000,3845.4000,3843.2000,3840.0000,3839.2000,3848.2000,3850.2000,3852.4000,3855.0000,3856.8000,2,1,1,1,2,1,1,1,5,1
SF,IF2009,2020-02-10 09:33:53.700,3845.6000,5617,-1,155552040.000,2,0,2,多平,S,3845.4000,3843.2000,3840.0000,3839.2000,3839.0000,3845.6000,3848.2000,3850.2000,3852.4000,3855.0000,1,1,1,2,2,1,1,1,1,5
SF,IF2009,2020-02-10 09:33:54.200,3848.2000,5616,-1,157860180.000,2,0,2,多平,S,3847.0000,3845.4000,3843.2000,3840.0000,3839.2000,3850.2000,3852.4000,3855.0000,3856.8000,3858.8000,1,1,1,1,2,1,1,5,1,3
SF,IF2009,2020-02-10 09:33:54.700,3847.0000,5616,0,159014280.000,1,0,1,多换,S,3845.6000,3845.4000,3843.2000,3840.0000,3839.2000,3849.4000,3849.8000,3850.0000,3850.2000,3852.4000,1,1,1,1,2,1,2,2,1,1
SF,IF2009,2020-02-10 09:33:55.200,3847.0000,5616,0,159014280.000,0,-,-,-,-,3845.6000,3845.4000,3843.2000,3840.0000,3839.2000,3849.2000,3849.4000,3850.0000,3850.2000,3852.4000,1,1,1,1,2,1,1,2,1,1
SF,IF2009,2020-02-10 09:33:55.700,3847.0000,5616,0,159014280.000,0,-,-,-,-,3845.4000,3843.2000,3840.0000,3839.2000,3839.0000,3849.2000,3849.4000,3850.0000,3850.2000,3852.4000,1,1,1,2,2,2,1,2,1,1
SF,IF2009,2020-02-10 09:33:56.200,3847.0000,5616,0,159014280.000,0,-,-,-,-,3845.4000,3843.2000,3840.0000,3839.2000,3839.0000,3849.0000,3849.2000,3849.4000,3850.0000,3850.2000,1,1,1,2,2,1,2,1,1,1
SF,IF2009,2020-02-10 09:33:56.700,3847.0000,5616,0,159014280.000,0,-,-,-,-,3845.6000,3845.4000,3843.2000,3840.0000,3839.2000,3849.0000,3849.4000,3850.0000,3850.2000,3852.4000,1,1,1,1,2,1,1,1,1,1
SF,IF2009,2020-02-10 09:33:57.200,3848.8000,5615,-1,162478140.000,3,1,2,多平,S,3845.6000,3845.4000,3843.2000,3840.0000,3839.2000,3849.0000,3849.4000,3850.0000,3850.2000,3852.4000,2,1,1,1,2,1,1,1,1,1
SF,IF2009,2020-02-10 09:33:57.700,3848.8000,5615,0,162478140.000,0,-,-,-,-,3845.6000,3845.4000,3843.2000,3840.0000,3839.2000,3848.8000,3849.0000,3849.4000,3850.0000,3850.2000,2,1,1,1,2,1,1,1,1,1
SF,IF2009,2020-02-10 09:33:58.200,3848.8000,5615,0,162478140.000,0,-,-,-,-,3845.8000,3845.6000,3845.4000,3843.2000,3840.0000,3848.8000,3849.0000,3849.4000,3850.0000,3850.2000,1,3,1,1,6,1,1,1,1,1
SF,IF2009,2020-02-10 09:33:58.700,3848.8000,5615,0,162478140.000,0,-,-,-,-,3846.0000,3845.8000,3845.6000,3845.4000,3843.2000,3849.4000,3850.0000,3850.2000,3852.4000,3855.0000,1,1,2,1,1,1,1,1,1,5
SF,IF2009,2020-02-10 09:33:59.200,3848.8000,5615,0,162478140.000,0,-,-,-,-,3847.2000,3846.2000,3846.0000,3845.8000,3845.6000,3850.2000,3852.4000,3855.0000,3856.8000,3858.8000,1,1,3,1,3,1,1,5,1,3
SF,IF2009,2020-02-10 09:33:59.700,3848.8000,5615,0,162478140.000,0,-,-,-,-,3847.4000,3847.2000,3846.2000,3846.0000,3845.8000,3852.4000,3855.0000,3856.8000,3858.8000,3865.0000,1,1,3,2,1,1,5,1,3,1
SF,IF2009,2020-02-10 09:34:00.200,3848.8000,5615,0,162478140.000,0,-,-,-,-,3847.4000,3847.2000,3846.2000,3846.0000,3845.6000,3852.2000,3852.4000,3855.0000,3856.8000,3858.8000,1,1,2,2,3,4,1,5,1,3
SF,IF2009,2020-02-10 09:34:00.700,3848.8000,5615,0,162478140.000,0,-,-,-,-,3847.6000,3847.4000,3847.2000,3846.2000,3846.0000,3852.2000,3852.4000,3855.0000,3856.8000,3858.8000,1,1,1,2,2,4,1,5,1,3
SF,IF2009,2020-02-10 09:34:01.200,3848.8000,5615,0,162478140.000,0,-,-,-,-,3847.8000,3847.6000,3847.2000,3846.2000,3846.0000,3852.2000,3855.0000,3856.8000,3858.8000,3865.0000,1,1,1,2,2,4,5,1,3,1
SF,IF2009,2020-02-10 09:34:01.700,3848.8000,5615,0,162478140.000,0,-,-,-,-,3848.6000,3847.8000,3847.6000,3847.2000,3846.2000,3852.0000,3852.2000,3855.0000,3856.8000,3858.8000,1,1,1,1,2,1,4,5,1,3
SF,IF2009,2020-02-10 09:34:02.200,3848.8000,5615,0,162478140.000,0,-,-,-,-,3848.6000,3847.2000,3846.2000,3846.0000,3845.6000,3851.6000,3851.8000,3852.0000,3852.2000,3855.0000,1,1,2,1,3,2,2,1,2,5
SF,IF2009,2020-02-10 09:34:02.700,3848.8000,5615,0,162478140.000,0,-,-,-,-,3848.6000,3847.2000,3846.2000,3846.0000,3845.6000,3851.2000,3851.4000,3851.8000,3852.0000,3852.2000,1,1,1,1,3,2,5,1,1,1
SF,IF2009,2020-02-10 09:34:03.200,3848.6000,5614,-1,163632720.000,1,0,1,双平,S,3848.8000,3845.6000,3845.4000,3843.2000,3840.0000,3850.8000,3851.0000,3851.4000,3851.8000,3852.0000,1,2,1,1,6,2,4,4,1,1
SF,IF2009,2020-02-10 09:34:03.700,3850.6000,5614,0,165942540.000,2,1,1,多换,S,3845.6000,3845.4000,3843.2000,3840.0000,3839.2000,3850.6000,3851.0000,3851.4000,3851.8000,3852.0000,2,1,1,6,2,4,3,4,1,1
SF,IF2009,2020-02-10 09:34:04.200,3850.6000,5614,0,165942540.000,0,-,-,-,-,3847.2000,3845.8000,3845.6000,3845.4000,3843.2000,3850.4000,3851.0000,3851.4000,3851.8000,3852.2000,1,2,3,1,1,1,3,4,1,1
SF,IF2009,2020-02-10 09:34:04.700,3850.6000,5614,0,165942540.000,0,-,-,-,-,3847.4000,3845.8000,3845.6000,3845.4000,3843.2000,3850.0000,3850.2000,3850.4000,3851.0000,3851.4000,1,1,2,1,1,1,1,1,3,3
SF,IF2009,2020-02-10 09:34:05.200,3850.6000,5614,0,165942540.000,0,-,-,-,-,3847.4000,3845.8000,3845.6000,3845.4000,3843.2000,3849.4000,3850.0000,3850.2000,3850.4000,3851.0000,1,1,2,1,1,1,2,1,1,3
SF,IF2009,2020-02-10 09:34:05.700,3850.6000,5614,0,165942540.000,0,-,-,-,-,3847.4000,3845.8000,3845.6000,3845.4000,3843.2000,3850.2000,3850.4000,3851.0000,3851.4000,3851.8000,1,1,2,1,1,1,1,3,2,1
SF,IF2009,2020-02-10 09:34:06.200,3850.6000,5614,0,165942540.000,0,-,-,-,-,3847.4000,3845.8000,3845.6000,3845.4000,3843.2000,3849.2000,3850.0000,3850.2000,3850.4000,3851.0000,1,1,2,1,1,1,2,1,1,3
SF,IF2009,2020-02-10 09:34:06.700,3850.6000,5614,0,165942540.000,0,-,-,-,-,3847.4000,3845.8000,3845.6000,3845.4000,3843.2000,3850.0000,3850.2000,3850.4000,3851.0000,3851.4000,1,1,2,1,1,1,1,1,3,2
SF,IF2009,2020-02-10 09:34:07.200,3850.6000,5614,0,165942540.000,0,-,-,-,-,3847.4000,3847.2000,3845.8000,3845.6000,3845.4000,3850.0000,3850.4000,3851.0000,3851.4000,3851.8000,1,1,1,2,1,1,1,3,2,1
SF,IF2009,2020-02-10 09:34:07.700,3850.6000,5614,0,167097720.000,1,0,1,多换,S,3849.2000,3848.0000,3847.4000,3847.2000,3845.8000,3850.4000,3851.0000,3851.4000,3851.8000,3852.2000,1,1,1,1,1,1,2,2,1,1
SF,IF2009,2020-02-10 09:34:08.200,3850.6000,5614,0,167097720.000,0,-,-,-,-,3849.2000,3848.0000,3847.4000,3845.8000,3845.6000,3850.2000,3850.4000,3851.0000,3851.4000,3851.8000,1,1,1,1,2,1,1,2,2,1
SF,IF2009,2020-02-10 09:34:08.700,3850.6000,5614,0,167097720.000,0,-,-,-,-,3849.2000,3848.0000,3847.4000,3845.8000,3845.6000,3850.2000,3850.4000,3851.4000,3851.8000,3852.2000,1,2,1,1,2,1,1,2,1,1
SF,IF2009,2020-02-10 09:34:09.200,3850.6000,5614,0,167097720.000,0,-,-,-,-,3849.2000,3848.0000,3847.4000,3845.8000,3845.6000,3851.4000,3851.8000,3852.2000,3855.0000,3856.8000,1,1,1,1,2,2,1,1,5,1
SF,IF2009,2020-02-10 09:34:09.700,3850.6000,5614,0,167097720.000,0,-,-,-,-,3849.2000,3848.0000,3847.4000,3845.8000,3845.6000,3851.0000,3851.4000,3851.8000,3852.2000,3855.0000,1,3,2,1,2,2,2,1,1,5
SF,IF2009,2020-02-10 09:34:10.200,3850.6000,5614,0,167097720.000,0,-,-,-,-,3849.2000,3848.0000,3847.4000,3845.8000,3845.6000,3851.0000,3851.2000,3851.4000,3851.8000,3852.2000,1,3,1,1,2,2,1,3,1,1
SF,IF2009,2020-02-10 09:34:10.700,3850.6000,5614,0,167097720.000,0,-,-,-,-,3848.0000,3847.4000,3845.8000,3845.6000,3845.4000,3851.0000,3851.8000,3852.2000,3855.0000,3856.6000,3,1,1,2,1,2,1,1,5,1
SF,IF2009,2020-02-10 09:34:11.200,3850.6000,5614,0,167097720.000,0,-,-,-,-,3848.2000,3848.0000,3845.8000,3845.6000,3845.4000,3851.8000,3852.2000,3855.0000,3856.6000,3856.8000,2,3,1,2,1,1,1,5,1,1
SF,IF2009,2020-02-10 09:34:12.200,3850.6000,5614,0,167097720.000,0,-,-,-,-,3848.6000,3848.2000,3848.0000,3845.8000,3845.6000,3851.8000,3852.2000,3855.0000,3856.6000,3856.8000,1,2,3,1,2,1,1,5,1,1
SF,IF2009,2020-02-10 09:34:12.700,3850.6000,5614,0,167097720.000,0,-,-,-,-,3848.8000,3848.6000,3848.0000,3845.8000,3845.6000,3851.4000,3851.6000,3851.8000,3852.2000,3855.0000,1,1,3,1,2,2,1,1,1,5
SF,IF2009,2020-02-10 09:34:13.200,3851.2000,5614,0,168253080.000,1,0,1,多换,S,3848.8000,3848.0000,3845.8000,3845.6000,3845.4000,3851.2000,3851.4000,3851.6000,3851.8000,3852.2000,1,3,1,2,1,1,3,1,1,1
SF,IF2009,2020-02-10 09:34:13.700,3851.2000,5614,0,168253080.000,0,-,-,-,-,3848.0000,3845.8000,3845.6000,3845.4000,3843.2000,3850.2000,3851.0000,3851.2000,3851.4000,3851.6000,3,1,2,1,1,1,3,1,1,1
SF,IF2009,2020-02-10 09:34:14.200,3851.2000,5614,0,168253080.000,0,-,-,-,-,3848.2000,3848.0000,3845.8000,3845.6000,3845.4000,3850.2000,3851.2000,3851.4000,3851.6000,3851.8000,1,3,1,2,1,1,1,1,1,1
SF,IF2009,2020-02-10 09:34:14.700,3851.2000,5614,0,168253080.000,0,-,-,-,-,3848.2000,3848.0000,3845.6000,3845.4000,3843.2000,3849.8000,3850.2000,3850.8000,3851.2000,3851.4000,1,3,2,1,1,1,1,1,1,1
SF,IF2009,2020-02-10 09:34:15.200,3851.2000,5614,0,169408440.000,1,0,1,多换,S,3848.2000,3848.0000,3845.6000,3845.4000,3843.2000,3849.6000,3850.0000,3850.2000,3850.8000,3851.0000,1,3,2,1,1,2,1,1,1,1
SF,IF2009,2020-02-10 09:34:15.700,3849.8000,5614,0,170563380.000,1,0,1,多换,S,3848.0000,3845.6000,3845.4000,3843.2000,3840.0000,3849.4000,3849.6000,3850.0000,3850.2000,3850.8000,3,2,1,1,6,1,1,1,1,1
SF,IF2009,2020-02-10 09:34:16.200,3849.8000,5614,0,170563380.000,0,-,-,-,-,3848.0000,3845.6000,3845.4000,3843.2000,3840.0000,3849.4000,3850.8000,3851.0000,3851.2000,3851.4000,3,2,1,1,6,1,1,1,1,1
SF,IF2009,2020-02-10 09:34:17.200,3849.2000,5615,1,172872540.000,2,1,1,空开,S,3849.6000,3848.0000,3845.6000,3845.4000,3843.2000,3850.8000,3851.0000,3851.2000,3851.4000,3851.6000,1,2,2,1,1,1,1,1,1,1
SF,IF2009,2020-02-10 09:34:17.700,3849.4000,5615,0,174027360.000,1,0,1,多换,S,3848.0000,3845.6000,3845.4000,3843.2000,3840.0000,3849.6000,3850.2000,3850.6000,3850.8000,3851.0000,2,1,1,1,1,1,1,1,1,1
SF,IF2009,2020-02-10 09:34:18.200,3849.4000,5615,0,174027360.000,0,-,-,-,-,3848.0000,3845.6000,3845.4000,3843.2000,3840.0000,3849.6000,3850.2000,3850.8000,3851.0000,3851.2000,2,1,1,1,1,1,1,1,1,1
SF,IF2009,2020-02-10 09:34:18.700,3848.0000,5615,0,175181760.000,1,0,1,多换,S,3848.0000,3845.6000,3845.4000,3843.2000,3840.0000,3849.4000,3849.6000,3850.2000,3850.8000,3851.0000,1,1,1,1,1,1,1,1,1,1
SF,IF2009,2020-02-10 09:34:19.200,3848.0000,5615,0,175181760.000,0,-,-,-,-,3848.0000,3845.6000,3845.4000,3843.2000,3840.0000,3849.2000,3849.4000,3849.6000,3850.2000,3850.8000,1,1,1,1,1,4,2,1,1,1
SF,IF2009,2020-02-10 09:34:19.700,3848.0000,5616,1,176336160.000,1,1,0,双开,S,3845.6000,3845.4000,3843.2000,3840.0000,3839.2000,3849.2000,3849.4000,3849.6000,3850.2000,3850.8000,1,1,1,1,2,5,1,1,1,1
SF,IF2009,2020-02-10 09:34:20.200,3848.0000,5616,0,176336160.000,0,-,-,-,-,3845.8000,3845.6000,3845.4000,3843.2000,3840.0000,3849.2000,3849.4000,3849.6000,3850.2000,3850.8000,2,1,1,1,1,4,1,1,1,1
SF,IF2009,2020-02-10 09:34:20.700,3848.0000,5616,0,176336160.000,0,-,-,-,-,3846.2000,3845.8000,3845.6000,3845.4000,3843.2000,3849.2000,3849.4000,3849.6000,3850.2000,3850.8000,1,2,1,1,1,4,1,1,1,1
SF,IF2009,2020-02-10 09:34:21.200,3848.0000,5616,0,176336160.000,0,-,-,-,-,3846.4000,3846.2000,3845.8000,3845.6000,3845.4000,3849.2000,3849.4000,3849.6000,3850.2000,3850.8000,1,1,1,1,1,4,1,1,1,1
SF,IF2009,2020-02-10 09:34:21.700,3848.0000,5616,0,176336160.000,0,-,-,-,-,3846.4000,3846.2000,3845.6000,3845.4000,3843.2000,3849.2000,3849.4000,3849.6000,3850.2000,3850.8000,1,1,1,1,1,3,1,1,1,1
SF,IF2009,2020-02-10 09:34:22.200,3848.0000,5616,0,176336160.000,0,-,-,-,-,3846.4000,3845.6000,3845.4000,3843.2000,3840.0000,3849.2000,3849.4000,3849.6000,3850.2000,3851.2000,1,1,1,1,1,3,1,1,1,1
SF,IF2009,2020-02-10 09:34:22.700,3848.0000,5616,0,176336160.000,0,-,-,-,-,3846.4000,3845.6000,3845.4000,3843.2000,3842.0000,3849.2000,3849.4000,3849.6000,3850.2000,3851.2000,1,1,1,1,1,3,1,1,1,1
SF,IF2009,2020-02-10 09:34:26.200,3848.0000,5616,0,176336160.000,0,-,-,-,-,3846.4000,3845.6000,3845.4000,3843.2000,3842.0000,3849.2000,3849.4000,3849.6000,3850.2000,3851.2000,1,1,1,1,1,3,1,1,1,1
SF,IF2009,2020-02-10 09:34:26.700,3848.0000,5616,0,176336160.000,0,-,-,-,-,3846.4000,3845.6000,3845.4000,3843.2000,3842.0000,3849.0000,3849.2000,3849.4000,3849.6000,3850.2000,1,1,1,1,1,1,3,1,1,1
SF,IF2009,2020-02-10 09:34:27.200,3848.0000,5616,0,176336160.000,0,-,-,-,-,3846.4000,3845.6000,3845.4000,3843.2000,3842.0000,3848.8000,3849.0000,3849.2000,3849.4000,3849.6000,1,1,1,1,1,2,1,3,1,1
SF,IF2009,2020-02-10 09:34:28.200,3848.0000,5616,0,176336160.000,0,-,-,-,-,3846.6000,3846.4000,3845.6000,3845.4000,3843.2000,3848.6000,3849.0000,3849.2000,3849.4000,3849.6000,2,1,1,1,1,1,1,3,1,1
SF,IF2009,2020-02-10 09:34:28.700,3848.0000,5616,0,176336160.000,0,-,-,-,-,3846.8000,3845.6000,3845.4000,3843.2000,3842.0000,3849.0000,3849.2000,3849.4000,3849.6000,3850.2000,3,1,1,1,1,1,3,1,1,1
SF,IF2009,2020-02-10 09:34:29.200,3848.0000,5616,0,176336160.000,0,-,-,-,-,3846.8000,3845.6000,3845.4000,3843.2000,3842.0000,3848.8000,3849.2000,3849.4000,3849.6000,3850.2000,1,1,1,1,1,2,3,1,1,1
SF,IF2009,2020-02-10 09:34:29.700,3848.0000,5616,0,176336160.000,0,-,-,-,-,3845.6000,3845.4000,3843.2000,3842.0000,3840.0000,3848.8000,3849.2000,3849.4000,3849.6000,3850.2000,1,1,1,1,1,2,3,1,1,1
SF,IF2009,2020-02-10 09:34:30.200,3848.0000,5616,0,176336160.000,0,-,-,-,-,3846.0000,3845.8000,3845.6000,3845.4000,3843.2000,3848.8000,3849.2000,3849.4000,3849.6000,3850.2000,2,2,1,1,1,2,3,1,1,1
SF,IF2009,2020-02-10 09:34:30.700,3848.0000,5616,0,176336160.000,0,-,-,-,-,3846.2000,3846.0000,3845.8000,3845.6000,3845.4000,3848.8000,3849.2000,3849.4000,3849.6000,3850.2000,1,2,1,1,1,2,3,1,1,1
SF,IF2009,2020-02-10 09:34:31.200,3848.0000,5616,0,176336160.000,0,-,-,-,-,3846.2000,3845.8000,3845.6000,3845.4000,3843.2000,3848.6000,3848.8000,3849.2000,3849.4000,3849.6000,1,1,1,1,1,1,2,3,1,1
SF,IF2009,2020-02-10 09:34:31.700,3848.0000,5616,0,176336160.000,0,-,-,-,-,3846.2000,3845.6000,3845.4000,3843.2000,3842.0000,3848.4000,3848.6000,3848.8000,3849.2000,3849.4000,1,1,1,1,1,3,4,2,3,1
SF,IF2009,2020-02-10 09:34:32.200,3848.0000,5616,0,176336160.000,0,-,-,-,-,3846.2000,3845.6000,3845.4000,3843.2000,3842.0000,3848.4000,3848.6000,3848.8000,3849.2000,3849.4000,1,1,1,1,1,3,3,2,3,1
SF,IF2009,2020-02-10 09:34:32.700,3848.0000,5616,0,176336160.000,0,-,-,-,-,3845.6000,3845.4000,3843.2000,3842.0000,3840.0000,3848.0000,3848.4000,3848.6000,3848.8000,3849.2000,1,1,1,1,1,1,3,2,2,3
SF,IF2009,2020-02-10 09:34:33.200,3848.0000,5616,0,176336160.000,0,-,-,-,-,3847.0000,3845.6000,3845.4000,3843.2000,3842.0000,3847.8000,3848.0000,3848.4000,3848.6000,3848.8000,1,1,1,1,1,2,1,3,2,2
SF,IF2009,2020-02-10 09:34:33.700,3847.0000,5616,0,177490260.000,1,0,1,多换,S,3845.8000,3845.6000,3845.4000,3843.2000,3843.0000,3847.8000,3848.0000,3848.4000,3848.6000,3848.8000,2,1,1,1,1,2,1,3,2,2
SF,IF2009,2020-02-10 09:34:34.200,3847.0000,5616,0,177490260.000,0,-,-,-,-,3845.6000,3845.4000,3843.2000,3843.0000,3842.0000,3847.8000,3848.4000,3848.6000,3848.8000,3849.2000,1,1,1,1,1,2,3,2,2,3
SF,IF2009,2020-02-10 09:34:34.700,3847.0000,5616,0,177490260.000,0,-,-,-,-,3846.0000,3845.8000,3845.6000,3845.4000,3843.2000,3847.8000,3848.4000,3848.8000,3849.2000,3849.6000,2,1,1,1,1,2,3,2,3,1
SF,IF2009,2020-02-10 09:34:35.200,3847.0000,5616,0,177490260.000,0,-,-,-,-,3846.0000,3845.8000,3845.6000,3845.4000,3843.2000,3847.6000,3847.8000,3848.4000,3848.8000,3849.2000,1,1,1,1,1,1,2,3,2,3
SF,IF2009,2020-02-10 09:34:36.200,3847.0000,5616,0,177490260.000,0,-,-,-,-,3846.0000,3845.8000,3845.6000,3845.4000,3843.2000,3847.4000,3847.6000,3847.8000,3848.4000,3848.8000,1,1,1,1,1,1,1,2,3,2
SF,IF2009,2020-02-10 09:34:37.200,3847.0000,5616,0,177490260.000,0,-,-,-,-,3846.2000,3846.0000,3845.8000,3845.6000,3845.4000,3847.6000,3847.8000,3848.4000,3848.8000,3849.2000,1,1,1,1,1,1,2,3,2,3
SF,IF2009,2020-02-10 09:34:37.700,3847.0000,5616,0,177490260.000,0,-,-,-,-,3846.2000,3846.0000,3845.8000,3845.6000,3845.4000,3847.6000,3847.8000,3848.4000,3848.8000,3849.2000,2,1,1,1,1,1,2,3,2,3
SF,IF2009,2020-02-10 09:34:38.200,3846.4000,5616,0,179798460.000,2,1,1,多换,S,3846.4000,3846.0000,3845.6000,3845.4000,3843.2000,3848.4000,3848.8000,3849.2000,3849.6000,3850.2000,2,1,1,1,1,3,2,3,1,1
SF,IF2009,2020-02-10 09:34:38.700,3846.4000,5616,0,179798460.000,0,-,-,-,-,3846.6000,3846.0000,3845.6000,3845.4000,3843.2000,3848.4000,3848.8000,3849.2000,3849.6000,3850.2000,3,1,1,1,1,3,2,3,1,1
SF,IF2009,2020-02-10 09:34:39.200,3846.4000,5616,0,179798460.000,0,-,-,-,-,3846.8000,3846.6000,3846.0000,3845.6000,3845.4000,3848.8000,3849.2000,3849.6000,3850.2000,3851.2000,2,1,1,1,1,2,3,1,1,1
SF,IF2009,2020-02-10 09:34:39.700,3846.4000,5616,0,179798460.000,0,-,-,-,-,3847.0000,3846.0000,3845.6000,3845.4000,3843.2000,3849.2000,3849.6000,3850.2000,3851.2000,3851.4000,3,1,1,1,1,3,1,1,1,1
SF,IF2009,2020-02-10 09:34:40.200,3846.4000,5616,0,179798460.000,0,-,-,-,-,3847.0000,3846.0000,3845.6000,3845.4000,3843.2000,3849.6000,3850.2000,3851.2000,3851.4000,3851.6000,3,1,1,1,1,1,1,1,1,1
SF,IF2009,2020-02-10 09:34:40.700,3846.4000,5616,0,179798460.000,0,-,-,-,-,3847.2000,3847.0000,3846.0000,3845.6000,3845.4000,3849.4000,3849.6000,3850.2000,3851.2000,3851.4000,1,3,1,1,1,2,1,1,1,1
SF,IF2009,2020-02-10 09:34:42.200,3846.4000,5616,0,179798460.000,0,-,-,-,-,3847.2000,3847.0000,3846.0000,3845.6000,3845.4000,3849.2000,3849.4000,3849.6000,3850.2000,3851.2000,1,1,1,1,1,1,2,1,1,1
SF,IF2009,2020-02-10 09:34:42.700,3846.4000,5616,0,179798460.000,0,-,-,-,-,3847.6000,3847.4000,3847.2000,3847.0000,3846.0000,3849.2000,3849.4000,3849.6000,3850.2000,3851.2000,1,1,1,1,1,1,2,1,1,1
SF,IF2009,2020-02-10 09:34:43.200,3846.4000,5616,0,179798460.000,0,-,-,-,-,3846.0000,3845.6000,3845.4000,3843.2000,3843.0000,3847.2000,3849.0000,3849.2000,3849.4000,3849.6000,1,1,1,1,1,1,1,1,2,1
SF,IF2009,2020-02-10 09:34:43.700,3847.2000,5616,0,180952620.000,1,0,1,多换,S,3846.0000,3845.6000,3845.4000,3843.2000,3843.0000,3849.0000,3849.2000,3849.4000,3849.6000,3850.2000,2,1,1,1,1,1,1,2,1,1
SF,IF2009,2020-02-10 09:34:44.200,3847.2000,5616,0,180952620.000,0,-,-,-,-,3846.0000,3845.6000,3845.4000,3843.2000,3843.0000,3848.8000,3849.0000,3849.2000,3849.4000,3849.6000,2,1,1,1,1,1,1,1,2,1
SF,IF2009,2020-02-10 09:34:44.700,3847.2000,5616,0,180952620.000,0,-,-,-,-,3846.0000,3845.6000,3845.4000,3843.2000,3843.0000,3848.6000,3848.8000,3849.0000,3849.2000,3849.4000,2,1,1,1,1,2,2,1,1,2
SF,IF2009,2020-02-10 09:34:45.200,3847.2000,5616,0,180952620.000,0,-,-,-,-,3846.0000,3845.6000,3845.4000,3843.2000,3843.0000,3848.4000,3848.6000,3849.0000,3849.2000,3849.4000,2,1,1,1,1,2,2,1,1,2
SF,IF2009,2020-02-10 09:34:45.700,3847.2000,5616,0,180952620.000,0,-,-,-,-,3846.0000,3845.6000,3845.4000,3843.2000,3843.0000,3848.2000,3848.4000,3848.6000,3849.0000,3849.4000,2,1,1,1,1,1,3,2,1,2
SF,IF2009,2020-02-10 09:34:47.700,3847.2000,5616,0,180952620.000,0,-,-,-,-,3846.0000,3845.6000,3845.4000,3843.2000,3843.0000,3848.2000,3848.4000,3848.6000,3849.0000,3849.4000,2,1,1,1,1,1,3,2,3,2
SF,IF2009,2020-02-10 09:34:48.200,3847.2000,5616,0,180952620.000,0,-,-,-,-,3846.0000,3845.6000,3845.4000,3843.2000,3843.0000,3848.2000,3848.4000,3848.6000,3849.0000,3849.4000,2,1,1,1,1,1,2,2,3,2
SF,IF2009,2020-02-10 09:34:48.700,3847.2000,5616,0,180952620.000,0,-,-,-,-,3846.4000,3846.0000,3845.6000,3845.4000,3843.2000,3848.2000,3848.6000,3849.0000,3849.4000,3849.6000,1,2,1,1,1,1,2,3,2,1
SF,IF2009,2020-02-10 09:34:49.200,3847.2000,5616,0,180952620.000,0,-,-,-,-,3846.0000,3845.6000,3845.4000,3843.2000,3843.0000,3848.0000,3848.2000,3848.6000,3849.0000,3849.4000,2,1,1,1,1,1,1,2,3,2
SF,IF2009,2020-02-10 09:34:49.700,3847.2000,5616,0,180952620.000,0,-,-,-,-,3846.6000,3846.2000,3846.0000,3845.6000,3845.4000,3848.2000,3848.6000,3849.0000,3849.4000,3849.6000,1,2,2,1,1,1,2,3,2,1
SF,IF2009,2020-02-10 09:34:50.200,3847.2000,5616,0,180952620.000,0,-,-,-,-,3846.8000,3846.0000,3845.6000,3845.4000,3843.2000,3849.0000,3849.4000,3849.6000,3850.2000,3851.2000,3,2,1,1,1,3,2,1,1,1
SF,IF2009,2020-02-10 09:34:50.700,3847.2000,5616,0,180952620.000,0,-,-,-,-,3846.8000,3846.0000,3845.6000,3845.4000,3843.2000,3848.8000,3849.0000,3849.4000,3849.6000,3850.2000,3,2,1,1,1,1,3,2,1,1
SF,IF2009,2020-02-10 09:34:51.200,3847.2000,5616,0,180952620.000,0,-,-,-,-,3847.0000,3846.8000,3846.0000,3845.6000,3845.4000,3849.0000,3849.4000,3849.6000,3850.2000,3851.2000,2,1,2,1,1,3,2,1,1,1
SF,IF2009,2020-02-10 09:34:51.700,3847.2000,5616,0,180952620.000,0,-,-,-,-,3847.2000,3846.0000,3845.6000,3845.4000,3843.2000,3849.0000,3849.4000,3849.6000,3850.2000,3851.2000,3,2,1,1,1,2,2,1,1,1
SF,IF2009,2020-02-10 09:34:52.200,3849.0000,5617,1,183262020.000,2,1,1,空开,S,3847.4000,3847.2000,3846.0000,3845.6000,3845.4000,3851.2000,3851.4000,3851.6000,3851.8000,3852.0000,2,1,2,1,1,1,1,1,1,1
SF,IF2009,2020-02-10 09:34:52.700,3849.0000,5617,0,183262020.000,0,-,-,-,-,3847.6000,3846.0000,3845.6000,3845.4000,3843.2000,3851.0000,3851.2000,3851.6000,3851.8000,3852.0000,2,2,1,1,1,4,1,1,1,1
SF,IF2009,2020-02-10 09:34:53.200,3849.0000,5617,0,183262020.000,0,-,-,-,-,3847.6000,3846.0000,3845.6000,3845.4000,3843.2000,3850.8000,3851.0000,3851.2000,3851.6000,3851.8000,2,2,1,1,1,1,4,1,1,1
SF,IF2009,2020-02-10 09:34:53.700,3849.0000,5617,0,183262020.000,0,-,-,-,-,3847.6000,3846.0000,3845.6000,3845.4000,3843.2000,3850.6000,3850.8000,3851.0000,3851.2000,3851.6000,1,2,1,1,1,2,1,3,1,1
SF,IF2009,2020-02-10 09:34:54.200,3849.0000,5617,0,183262020.000,0,-,-,-,-,3847.8000,3846.0000,3845.6000,3845.4000,3843.2000,3850.4000,3850.6000,3851.0000,3851.2000,3851.6000,1,2,1,1,1,1,3,3,1,1
SF,IF2009,2020-02-10 09:34:54.700,3849.0000,5617,0,183262020.000,0,-,-,-,-,3847.8000,3846.0000,3845.6000,3845.4000,3843.2000,3850.2000,3850.4000,3850.6000,3851.0000,3851.2000,1,2,1,1,1,1,2,2,3,1
SF,IF2009,2020-02-10 09:34:55.200,3849.0000,5617,0,183262020.000,0,-,-,-,-,3847.8000,3846.0000,3845.6000,3845.4000,3843.2000,3850.0000,3850.2000,3850.4000,3850.6000,3851.0000,1,2,1,1,1,1,1,1,2,3
SF,IF2009,2020-02-10 09:34:55.700,3849.0000,5617,0,183262020.000,0,-,-,-,-,3846.0000,3845.6000,3845.4000,3843.2000,3843.0000,3849.8000,3850.0000,3850.2000,3850.6000,3851.0000,2,1,1,1,1,2,4,2,2,3
SF,IF2009,2020-02-10 09:34:56.200,3846.2000,5616,-1,184415880.000,1,0,1,双平,S,3846.2000,3846.0000,3845.6000,3845.4000,3843.2000,3849.8000,3850.0000,3850.2000,3850.6000,3851.0000,2,2,1,1,1,2,4,2,2,3
SF,IF2009,2020-02-10 09:34:56.700,3846.2000,5616,0,184415880.000,0,-,-,-,-,3846.2000,3846.0000,3845.6000,3845.4000,3843.2000,3849.6000,3849.8000,3850.0000,3850.2000,3850.6000,2,2,1,1,1,1,2,1,2,2
SF,IF2009,2020-02-10 09:34:57.200,3846.2000,5616,0,184415880.000,0,-,-,-,-,3846.6000,3846.2000,3846.0000,3845.6000,3845.4000,3849.4000,3849.6000,3849.8000,3850.2000,3850.6000,2,2,2,1,1,1,2,2,2,2
SF,IF2009,2020-02-10 09:34:57.700,3846.2000,5616,0,184415880.000,0,-,-,-,-,3846.8000,3846.0000,3845.6000,3845.4000,3843.2000,3849.8000,3850.2000,3850.6000,3851.0000,3851.2000,4,2,1,1,1,2,2,2,3,1
SF,IF2009,2020-02-10 09:34:58.200,3846.2000,5616,0,184415880.000,0,-,-,-,-,3847.2000,3846.8000,3846.0000,3845.6000,3845.4000,3850.2000,3850.6000,3851.0000,3851.2000,3851.6000,1,4,2,1,1,1,2,3,1,1
SF,IF2009,2020-02-10 09:34:58.700,3846.2000,5616,0,184415880.000,0,-,-,-,-,3847.6000,3847.4000,3847.0000,3846.8000,3846.0000,3850.6000,3851.0000,3851.2000,3851.6000,3851.8000,2,2,1,1,2,2,3,1,1,1
SF,IF2009,2020-02-10 09:34:59.200,3846.2000,5616,0,184415880.000,0,-,-,-,-,3848.0000,3847.8000,3847.6000,3847.4000,3847.2000,3851.0000,3851.2000,3851.6000,3851.8000,3852.0000,2,1,1,1,1,3,1,1,1,1
