市场代码,合约代码,时间,最新,持仓,增仓,成交额,成交量,开仓,平仓,成交类型,方向,买一价,买二价,买三价,买四价,买五价,卖一价,卖二价,卖三价,卖四价,卖五价,买一量,买二量,买三量,买四量,买五量,卖一量,卖二量,卖三量,卖四量,卖五量
SF,IF2009,2020-06-08 09:29:00.100,3877.0000,27705,0,18609600.000,16.000,-,-,-,-,3877.0000,3871.6000,3870.8000,3870.2000,3870.0000,3878.0000,3880.0000,3882.4000,3885.0000,3886.0000,4,1,2,1,1,9,1,7,1,1
SF,IF2009,2020-06-08 09:30:00.100,3881.0000,27703,-2,40726260.000,19,8,11,多平,S,3880.8000,3880.4000,3880.2000,3879.6000,3879.4000,3885.0000,3886.0000,3887.8000,3888.0000,3888.4000,1,1,3,1,3,1,1,1,11,2
SF,IF2009,2020-06-08 09:30:00.600,3884.0000,27701,-2,47716140.000,6,2,4,多平,S,3881.0000,3880.8000,3880.4000,3880.2000,3880.0000,3884.2000,3884.8000,3885.0000,3886.0000,3887.0000,1,5,1,4,1,1,7,1,1,1
SF,IF2009,2020-06-08 09:30:01.100,3884.2000,27700,-1,48881400.000,1,0,1,双平,S,3883.6000,3882.8000,3881.6000,3881.2000,3881.0000,3884.0000,3885.0000,3886.0000,3887.0000,3887.8000,1,5,2,9,4,4,1,1,1,1
SF,IF2009,2020-06-08 09:30:01.600,3885.0000,27696,-4,54707700.000,5,0,5,多平,S,3885.2000,3885.0000,3884.8000,3884.6000,3884.0000,3886.0000,3887.0000,3887.8000,3888.0000,3888.4000,1,1,1,1,1,1,1,1,8,2
SF,IF2009,2020-06-08 09:30:02.100,3885.4000,27691,-5,60535800.000,5,0,5,双平,S,3885.4000,3885.2000,3884.4000,3884.2000,3884.0000,3885.8000,3886.0000,3887.0000,3887.8000,3888.0000,1,2,1,23,1,1,1,1,1,8
SF,IF2009,2020-06-08 09:30:02.600,3886.0000,27689,-2,62867340.000,2,0,2,双平,S,3885.6000,3885.4000,3885.2000,3884.4000,3884.2000,3886.0000,3887.0000,3887.8000,3888.0000,3888.4000,4,3,1,1,23,1,1,1,8,2
SF,IF2009,2020-06-08 09:30:03.100,3886.4000,27688,-1,66365160.000,3,1,2,多平,S,3886.4000,3886.2000,3886.0000,3885.8000,3885.6000,3887.8000,3888.0000,3888.4000,3888.6000,3888.8000,3,3,29,5,1,1,8,2,1,3
SF,IF2009,2020-06-08 09:30:03.600,3886.6000,27684,-4,71029440.000,4,0,4,双平,S,3886.4000,3886.0000,3885.2000,3885.0000,3884.2000,3887.8000,3888.0000,3888.4000,3888.6000,3888.8000,2,31,1,2,2,1,8,2,1,3
SF,IF2009,2020-06-08 09:30:04.100,3887.6000,27682,-2,73362000.000,2,0,2,双平,S,3886.6000,3886.4000,3886.0000,3885.0000,3884.2000,3887.6000,3887.8000,3888.0000,3888.4000,3888.6000,1,2,23,2,2,1,2,8,2,1
SF,IF2009,2020-06-08 09:30:04.600,3887.2000,27677,-5,81525960.000,7,1,6,多平,S,3887.2000,3886.6000,3886.4000,3886.2000,3886.0000,3888.0000,3888.4000,3888.6000,3888.8000,3890.0000,1,4,1,1,26,8,2,1,3,4
SF,IF2009,2020-06-08 09:30:05.100,3887.2000,27670,-7,93189000.000,10,1,9,多平,S,3886.4000,3886.2000,3886.0000,3885.0000,3884.2000,3888.0000,3888.4000,3888.6000,3888.8000,3890.0000,1,1,26,2,2,4,2,1,3,4
SF,IF2009,2020-06-08 09:30:05.600,3886.6000,27670,0,94354980.000,1,0,1,多换,S,3886.0000,3885.0000,3884.2000,3884.0000,3883.2000,3886.6000,3888.0000,3888.4000,3888.6000,3888.8000,27,2,3,1,1,1,4,2,1,3
SF,IF2009,2020-06-08 09:30:06.100,3886.4000,27670,0,101351160.000,6,3,3,多换,S,3886.2000,3886.0000,3885.0000,3884.2000,3884.0000,3886.4000,3888.0000,3888.4000,3888.6000,3888.8000,3,42,2,3,1,5,3,2,1,3
SF,IF2009,2020-06-08 09:30:06.600,3886.8000,27674,4,120008100.000,16,10,6,空开,S,3886.8000,3886.6000,3886.4000,3886.2000,3886.0000,3887.8000,3888.0000,3888.4000,3888.6000,3888.8000,13,1,15,3,21,1,1,2,1,3
SF,IF2009,2020-06-08 09:30:07.100,3887.0000,27673,-1,122340540.000,2,0,2,多平,S,3886.8000,3886.6000,3886.4000,3886.2000,3886.0000,3887.6000,3888.0000,3888.4000,3888.6000,3888.8000,14,5,9,3,21,1,1,2,1,3
SF,IF2009,2020-06-08 09:30:07.600,3886.8000,27671,-2,124672620.000,2,0,2,双平,S,3887.2000,3886.8000,3886.6000,3886.4000,3886.2000,3887.4000,3887.6000,3887.8000,3888.0000,3888.4000,2,12,4,3,3,1,2,1,1,2
SF,IF2009,2020-06-08 09:30:08.100,3887.2000,27669,-2,130503420.000,5,1,4,多平,S,3887.4000,3886.8000,3886.6000,3886.4000,3886.0000,3887.6000,3887.8000,3888.0000,3888.4000,3888.6000,3,11,4,2,19,2,1,1,2,1
SF,IF2009,2020-06-08 09:30:08.600,3887.6000,27668,-1,135168240.000,4,1,3,多平,S,3886.8000,3886.6000,3886.4000,3886.0000,3885.0000,3887.6000,3887.8000,3888.0000,3888.4000,3888.6000,11,4,1,19,2,1,1,1,2,1
SF,IF2009,2020-06-08 09:30:09.100,3887.8000,27662,-6,143333040.000,7,0,7,多平,S,3887.8000,3887.6000,3887.4000,3887.0000,3886.6000,3888.6000,3888.8000,3890.0000,3894.6000,3895.0000,10,2,6,2,4,1,3,4,1,1
SF,IF2009,2020-06-08 09:30:09.600,3888.6000,27661,-1,146832480.000,3,1,2,多平,S,3887.8000,3887.0000,3886.6000,3886.4000,3886.0000,3888.8000,3890.0000,3894.6000,3895.0000,3895.2000,9,1,4,1,19,3,4,1,1,1
SF,IF2009,2020-06-08 09:30:10.100,3888.2000,27656,-5,158496000.000,10,2,8,多平,S,3886.6000,3886.0000,3885.0000,3884.2000,3884.0000,3888.2000,3888.8000,3890.0000,3894.6000,3895.0000,4,19,2,2,1,1,3,4,1,1
SF,IF2009,2020-06-08 09:30:10.600,3888.2000,27655,-1,159662460.000,1,0,1,双平,S,3886.6000,3886.0000,3885.0000,3884.0000,3882.8000,3888.8000,3890.0000,3894.6000,3895.0000,3895.6000,4,19,2,1,1,3,4,1,1,1
SF,IF2009,2020-06-08 09:30:11.100,3888.8000,27654,-1,164328960.000,4,1,3,多平,S,3888.8000,3886.8000,3886.6000,3886.0000,3884.0000,3890.0000,3894.6000,3895.0000,3895.6000,3897.0000,2,4,4,18,1,4,1,1,1,1
SF,IF2009,2020-06-08 09:30:11.600,3888.8000,27654,0,167828880.000,3,1,2,多换,S,3886.8000,3886.6000,3886.0000,3884.0000,3882.8000,3887.8000,3888.6000,3888.8000,3889.6000,3889.8000,3,4,18,1,1,2,6,2,1,4
SF,IF2009,2020-06-08 09:30:12.100,3887.8000,27652,-2,173660580.000,5,1,4,多平,S,3887.2000,3886.8000,3886.6000,3886.0000,3884.0000,3889.6000,3889.8000,3890.0000,3894.6000,3895.0000,1,1,4,18,1,1,5,4,1,1
SF,IF2009,2020-06-08 09:30:12.600,3889.4000,27652,0,174827400.000,1,0,1,多换,S,3887.6000,3887.4000,3886.6000,3886.0000,3884.0000,3888.2000,3889.8000,3890.0000,3894.6000,3895.0000,1,2,4,18,1,1,3,4,1,1
SF,IF2009,2020-06-08 09:30:13.100,3888.0000,27648,-4,179493000.000,4,0,4,双平,S,3888.2000,3887.8000,3887.6000,3886.6000,3886.0000,3889.2000,3889.6000,3890.0000,3894.6000,3895.0000,5,2,1,4,18,3,1,4,1,1
SF,IF2009,2020-06-08 09:30:13.600,3889.2000,27648,0,181826460.000,2,1,1,多换,S,3888.4000,3888.2000,3887.8000,3887.6000,3886.8000,3889.2000,3890.0000,3894.6000,3895.0000,3895.6000,1,5,1,1,1,2,4,1,1,1
SF,IF2009,2020-06-08 09:30:14.100,3890.0000,27644,-4,188827740.000,6,1,5,多平,S,3889.6000,3889.4000,3889.2000,3889.0000,3888.8000,3890.0000,3894.6000,3895.0000,3895.6000,3897.0000,2,1,1,5,1,1,1,1,1,1
SF,IF2009,2020-06-08 09:30:14.600,3889.2000,27639,-5,194661540.000,5,0,5,双平,S,3888.8000,3888.4000,3888.2000,3887.8000,3887.6000,3889.4000,3889.6000,3890.0000,3891.0000,3894.6000,1,2,6,1,1,13,2,1,1,1
SF,IF2009,2020-06-08 09:30:15.100,3888.4000,27638,-1,200494860.000,5,2,3,多平,S,3888.2000,3887.8000,3887.6000,3886.8000,3886.6000,3889.4000,3889.6000,3890.0000,3891.0000,3894.6000,6,1,1,1,4,3,2,1,1,1
SF,IF2009,2020-06-08 09:30:15.600,3888.4000,27638,0,200494860.000,0,-,-,-,-,3888.4000,3888.2000,3887.8000,3887.6000,3886.8000,3890.0000,3891.0000,3894.6000,3895.0000,3895.6000,2,7,1,1,1,1,1,1,1,1
SF,IF2009,2020-06-08 09:30:16.100,3889.2000,27637,-1,201661620.000,1,0,1,双平,S,3888.4000,3888.2000,3887.8000,3887.6000,3886.8000,3890.0000,3891.0000,3894.6000,3895.0000,3895.6000,2,7,1,1,1,1,1,1,1,1
SF,IF2009,2020-06-08 09:30:16.600,3889.8000,27636,-1,202828560.000,1,0,1,双平,S,3889.4000,3888.4000,3888.2000,3887.8000,3886.8000,3890.0000,3891.0000,3893.0000,3894.6000,3895.0000,1,1,7,1,1,2,1,1,1,1
SF,IF2009,2020-06-08 09:30:17.100,3889.4000,27636,0,205162200.000,2,1,1,多换,S,3888.4000,3888.2000,3887.8000,3886.8000,3886.6000,3890.0000,3891.0000,3893.0000,3894.6000,3895.0000,1,7,1,1,3,2,1,1,1,1
SF,IF2009,2020-06-08 09:30:17.600,3890.0000,27637,1,206329200.000,1,1,0,双开,S,3888.4000,3888.2000,3887.8000,3886.8000,3886.6000,3890.0000,3891.0000,3893.0000,3894.6000,3895.0000,1,7,1,1,3,1,1,1,1,1
SF,IF2009,2020-06-08 09:30:18.100,3890.0000,27637,0,206329200.000,0,-,-,-,-,3888.4000,3888.2000,3887.8000,3886.8000,3886.6000,3891.0000,3893.0000,3894.6000,3895.0000,3895.6000,1,7,1,1,3,1,1,1,1,1
SF,IF2009,2020-06-08 09:30:18.600,3890.0000,27637,0,208663200.000,2,1,1,多换,S,3888.6000,3888.4000,3888.2000,3887.8000,3886.8000,3890.4000,3890.8000,3891.0000,3893.0000,3894.6000,1,1,7,1,1,1,1,2,1,1
SF,IF2009,2020-06-08 09:30:19.100,3890.0000,27637,0,209830200.000,1,0,1,多换,S,3888.8000,3888.6000,3888.2000,3887.8000,3886.8000,3889.6000,3890.2000,3890.4000,3890.8000,3891.0000,1,1,7,1,1,1,1,2,1,2
SF,IF2009,2020-06-08 09:30:19.600,3890.0000,27637,0,209830200.000,0,-,-,-,-,3888.8000,3888.2000,3887.8000,3886.8000,3886.6000,3890.4000,3891.0000,3893.0000,3894.6000,3895.0000,1,7,1,1,3,2,2,1,1,1
SF,IF2009,2020-06-08 09:30:20.100,3888.8000,27636,-1,210996840.000,1,0,1,双平,S,3889.0000,3888.2000,3887.8000,3886.8000,3886.6000,3889.6000,3890.2000,3890.4000,3891.0000,3893.0000,1,7,1,1,3,1,1,2,2,1
SF,IF2009,2020-06-08 09:30:20.600,3888.2000,27636,0,215663160.000,4,2,2,多换,S,3888.2000,3887.8000,3886.8000,3886.6000,3886.2000,3888.8000,3889.4000,3889.6000,3890.2000,3890.4000,4,1,1,3,1,2,1,1,1,1
SF,IF2009,2020-06-08 09:30:21.100,3888.2000,27636,0,215663160.000,0,-,-,-,-,3888.2000,3887.8000,3886.8000,3886.6000,3886.2000,3888.6000,3889.6000,3890.4000,3891.0000,3893.0000,4,1,1,3,1,1,1,1,2,1
SF,IF2009,2020-06-08 09:30:21.600,3888.6000,27633,-3,219162660.000,3,0,3,双平,S,3888.2000,3887.8000,3886.8000,3886.6000,3886.2000,3889.6000,3890.4000,3891.0000,3893.0000,3894.6000,3,1,1,3,1,1,2,2,1,1
SF,IF2009,2020-06-08 09:30:22.100,3888.2000,27632,-1,221495940.000,2,0,2,多平,S,3888.2000,3886.8000,3886.6000,3886.2000,3886.0000,3889.6000,3890.4000,3891.0000,3893.0000,3894.6000,2,1,3,1,17,2,2,2,1,1
SF,IF2009,2020-06-08 09:30:22.600,3888.2000,27632,0,221495940.000,0,-,-,-,-,3888.4000,3888.2000,3886.8000,3886.6000,3886.2000,3889.4000,3889.6000,3890.4000,3891.0000,3893.0000,1,2,1,3,1,1,3,2,2,1
SF,IF2009,2020-06-08 09:30:23.100,3889.4000,27632,0,222662760.000,1,0,1,多换,S,3888.2000,3886.8000,3886.6000,3886.2000,3886.0000,3889.4000,3889.6000,3890.4000,3891.0000,3893.0000,2,1,3,1,17,2,2,2,2,1
SF,IF2009,2020-06-08 09:30:23.600,3889.4000,27632,0,224996400.000,2,1,1,多换,S,3888.4000,3888.2000,3886.8000,3886.6000,3886.2000,3889.6000,3890.4000,3891.0000,3893.0000,3894.6000,2,2,1,3,1,1,2,2,1,1
SF,IF2009,2020-06-08 09:30:24.100,3889.4000,27632,0,224996400.000,0,-,-,-,-,3888.4000,3888.2000,3886.8000,3886.6000,3886.2000,3889.2000,3889.6000,3890.4000,3891.0000,3893.0000,1,2,1,3,1,1,1,2,2,1
SF,IF2009,2020-06-08 09:30:24.600,3889.4000,27632,0,224996400.000,0,-,-,-,-,3888.4000,3888.2000,3886.8000,3886.6000,3886.2000,3889.6000,3890.4000,3891.0000,3893.0000,3894.6000,1,2,1,3,1,1,2,2,1,1
SF,IF2009,2020-06-08 09:30:25.100,3889.4000,27632,0,224996400.000,0,-,-,-,-,3888.6000,3888.4000,3888.2000,3886.8000,3886.6000,3889.6000,3890.4000,3891.0000,3893.0000,3894.6000,1,1,2,1,3,1,2,2,1,1
SF,IF2009,2020-06-08 09:30:25.600,3889.6000,27631,-1,226163280.000,1,0,1,双平,S,3888.6000,3888.4000,3888.2000,3886.8000,3886.6000,3890.4000,3891.0000,3893.0000,3894.6000,3895.0000,2,1,2,1,3,2,2,1,1,1
SF,IF2009,2020-06-08 09:30:26.100,3889.6000,27631,0,226163280.000,0,-,-,-,-,3889.6000,3888.6000,3888.4000,3888.2000,3886.8000,3890.4000,3891.0000,3893.0000,3894.6000,3895.0000,1,2,1,2,1,2,2,1,1,1
SF,IF2009,2020-06-08 09:30:26.600,3888.8000,27629,-2,230830560.000,4,1,3,多平,S,3888.2000,3886.8000,3886.6000,3886.2000,3886.0000,3888.4000,3888.6000,3889.4000,3890.2000,3890.4000,2,1,3,1,17,2,1,1,1,2
SF,IF2009,2020-06-08 09:30:27.100,3888.6000,27628,-1,234330180.000,3,1,2,多平,S,3888.8000,3888.6000,3888.4000,3888.2000,3888.0000,3890.2000,3890.4000,3891.0000,3893.0000,3894.6000,2,3,1,4,1,1,2,1,1,1
SF,IF2009,2020-06-08 09:30:27.600,3890.2000,27628,0,235497240.000,1,0,1,多换,S,3889.0000,3888.8000,3888.6000,3888.2000,3888.0000,3889.6000,3890.2000,3890.4000,3891.0000,3893.0000,1,2,2,2,1,2,1,2,1,1
SF,IF2009,2020-06-08 09:30:28.100,3889.6000,27625,-3,240164760.000,4,0,4,多平,S,3889.2000,3889.0000,3888.8000,3888.2000,3888.0000,3890.0000,3890.2000,3890.4000,3891.0000,3893.0000,1,1,1,2,1,2,1,2,1,1
SF,IF2009,2020-06-08 09:30:28.600,3889.2000,27622,-3,243665220.000,3,0,3,双平,S,3889.0000,3888.4000,3888.2000,3888.0000,3886.8000,3889.8000,3890.0000,3890.4000,3890.6000,3891.0000,1,1,2,1,1,1,2,2,1,1
SF,IF2009,2020-06-08 09:30:29.100,3889.2000,27622,0,243665220.000,0,-,-,-,-,3889.2000,3889.0000,3888.4000,3888.2000,3888.0000,3890.0000,3890.4000,3890.6000,3891.0000,3893.0000,2,1,1,2,1,2,2,1,1,4
SF,IF2009,2020-06-08 09:30:30.100,3889.2000,27621,-1,244831980.000,1,0,1,双平,S,3889.2000,3889.0000,3888.4000,3888.2000,3888.0000,3890.0000,3890.4000,3890.6000,3891.0000,3893.0000,1,1,1,2,1,2,2,1,1,4
SF,IF2009,2020-06-08 09:30:30.600,3889.8000,27620,-1,245998920.000,1,0,1,双平,S,3889.6000,3889.4000,3889.2000,3889.0000,3888.4000,3889.8000,3890.0000,3890.4000,3890.6000,3891.0000,2,1,1,1,1,1,2,1,1,1
SF,IF2009,2020-06-08 09:30:31.100,3889.6000,27619,-1,248332680.000,2,0,2,多平,S,3889.4000,3889.2000,3888.4000,3888.2000,3888.0000,3889.8000,3890.0000,3890.4000,3890.6000,3891.0000,1,1,1,2,1,1,2,1,1,1
SF,IF2009,2020-06-08 09:30:32.100,3889.8000,27620,1,249499620.000,1,1,0,双开,S,3889.4000,3889.2000,3888.4000,3888.2000,3888.0000,3890.0000,3890.4000,3890.6000,3891.0000,3893.0000,1,1,1,2,1,2,1,1,1,3
SF,IF2009,2020-06-08 09:30:32.600,3890.0000,27619,-1,251833440.000,2,0,2,多平,S,3889.2000,3888.4000,3888.2000,3888.0000,3886.8000,3890.0000,3890.4000,3890.6000,3891.0000,3893.0000,1,1,2,1,1,1,1,1,1,3
SF,IF2009,2020-06-08 09:30:33.100,3890.0000,27619,0,251833440.000,0,-,-,-,-,3889.8000,3889.2000,3888.4000,3888.2000,3888.0000,3890.0000,3890.4000,3890.6000,3891.0000,3893.0000,1,1,1,2,1,1,1,1,1,3
SF,IF2009,2020-06-08 09:30:33.600,3890.0000,27619,0,253000440.000,1,0,1,多换,S,3890.0000,3889.8000,3889.2000,3888.4000,3888.2000,3890.4000,3890.6000,3891.0000,3893.0000,3894.6000,1,5,1,1,2,1,1,1,3,1
SF,IF2009,2020-06-08 09:30:34.100,3890.4000,27618,-1,255334680.000,2,0,2,多平,S,3890.0000,3889.8000,3889.2000,3888.4000,3888.2000,3890.6000,3891.0000,3893.0000,3894.6000,3895.0000,1,6,1,1,2,1,1,3,1,1
SF,IF2009,2020-06-08 09:30:34.600,3890.2000,27617,-1,257668920.000,2,0,2,多平,S,3890.2000,3890.0000,3889.8000,3888.4000,3888.2000,3891.0000,3893.0000,3894.6000,3895.0000,3895.6000,1,1,5,1,2,1,3,1,1,1
SF,IF2009,2020-06-08 09:30:35.100,3890.2000,27617,0,257668920.000,0,-,-,-,-,3890.4000,3890.2000,3890.0000,3889.8000,3888.4000,3891.0000,3893.0000,3894.6000,3895.0000,3895.6000,2,2,1,5,1,1,3,1,1,1
SF,IF2009,2020-06-08 09:30:35.600,3890.2000,27617,0,257668920.000,0,-,-,-,-,3890.4000,3890.2000,3890.0000,3889.8000,3888.2000,3891.0000,3893.0000,3894.6000,3895.0000,3895.6000,2,2,1,5,2,1,3,1,1,1
SF,IF2009,2020-06-08 09:30:36.100,3890.4000,27616,-1,260003160.000,2,0,2,多平,S,3890.2000,3890.0000,3889.8000,3888.2000,3888.0000,3891.0000,3893.0000,3894.6000,3895.0000,3895.6000,1,1,5,2,1,1,3,1,1,1
SF,IF2009,2020-06-08 09:30:36.600,3890.4000,27616,0,262337580.000,2,1,1,多换,S,3890.0000,3889.8000,3888.2000,3888.0000,3886.8000,3893.0000,3894.6000,3895.0000,3895.6000,3897.0000,1,5,2,1,1,3,1,1,1,1
SF,IF2009,2020-06-08 09:30:37.100,3890.2000,27615,-1,263504640.000,1,0,1,双平,S,3890.6000,3890.2000,3890.0000,3889.8000,3888.2000,3892.0000,3892.8000,3893.0000,3894.6000,3895.0000,1,1,2,5,2,1,2,3,1,1
SF,IF2009,2020-06-08 09:30:37.600,3890.4000,27615,0,264671760.000,1,0,1,多换,S,3890.6000,3890.2000,3890.0000,3889.8000,3888.2000,3891.8000,3892.0000,3892.8000,3893.0000,3894.6000,1,1,1,5,2,2,1,2,3,1
SF,IF2009,2020-06-08 09:30:38.100,3890.4000,27615,0,264671760.000,0,-,-,-,-,3890.6000,3890.2000,3890.0000,3889.8000,3888.2000,3891.2000,3891.8000,3892.0000,3892.8000,3893.0000,2,1,1,5,2,1,2,1,1,3
SF,IF2009,2020-06-08 09:30:38.600,3890.6000,27615,0,267006120.000,2,1,1,多换,S,3890.0000,3889.8000,3888.2000,3888.0000,3886.8000,3891.2000,3891.8000,3892.0000,3892.8000,3893.0000,1,5,2,1,1,1,1,1,1,3
SF,IF2009,2020-06-08 09:30:39.100,3890.6000,27615,0,269340480.000,2,1,1,多换,S,3890.0000,3889.8000,3888.2000,3888.0000,3886.8000,3891.0000,3891.2000,3891.8000,3892.0000,3892.8000,1,5,2,1,1,1,1,1,1,1
SF,IF2009,2020-06-08 09:30:39.600,3890.6000,27615,0,269340480.000,0,-,-,-,-,3890.2000,3890.0000,3889.8000,3888.2000,3888.0000,3891.0000,3891.8000,3892.0000,3892.8000,3893.0000,1,7,5,2,1,1,1,1,1,3
SF,IF2009,2020-06-08 09:30:40.100,3890.0000,27613,-2,272841780.000,3,0,3,多平,S,3891.2000,3890.0000,3889.8000,3888.2000,3888.0000,3891.8000,3892.0000,3892.8000,3893.0000,3894.6000,1,5,5,2,1,1,1,1,3,1
SF,IF2009,2020-06-08 09:30:40.600,3891.2000,27613,0,274009140.000,1,0,1,多换,S,3890.0000,3889.8000,3888.2000,3888.0000,3886.8000,3891.2000,3891.6000,3891.8000,3892.0000,3892.8000,5,5,2,1,1,3,1,1,1,1
SF,IF2009,2020-06-08 09:30:41.100,3891.2000,27612,-1,275176500.000,1,0,1,双平,S,3890.8000,3890.2000,3890.0000,3889.8000,3888.2000,3892.8000,3893.0000,3894.6000,3895.0000,3895.6000,2,3,5,2,2,1,3,1,1,1
SF,IF2009,2020-06-08 09:30:41.600,3891.2000,27611,-1,276343860.000,1,0,1,双平,S,3891.2000,3891.0000,3890.4000,3890.2000,3890.0000,3893.0000,3894.6000,3895.0000,3895.6000,3897.0000,2,9,8,2,5,3,1,1,1,1
SF,IF2009,2020-06-08 09:30:42.100,3891.2000,27611,0,276343860.000,0,-,-,-,-,3891.4000,3891.2000,3891.0000,3890.0000,3889.8000,3892.6000,3893.0000,3894.6000,3895.0000,3895.6000,2,2,2,5,2,1,3,1,1,1
SF,IF2009,2020-06-08 09:30:42.600,3892.6000,27611,0,277511640.000,1,0,1,多换,S,3891.4000,3891.0000,3890.0000,3889.8000,3889.4000,3893.0000,3894.6000,3895.0000,3895.6000,3897.0000,3,2,5,2,6,3,1,1,1,1
SF,IF2009,2020-06-08 09:30:43.100,3893.0000,27611,0,279847440.000,2,1,1,多换,S,3891.6000,3891.4000,3891.0000,3890.0000,3889.8000,3893.0000,3894.6000,3895.0000,3895.6000,3897.0000,2,3,2,5,1,1,1,1,1,1
SF,IF2009,2020-06-08 09:30:43.600,3893.0000,27611,0,281015340.000,1,0,1,多换,S,3892.6000,3892.4000,3891.8000,3891.6000,3891.4000,3894.6000,3895.0000,3895.6000,3897.0000,3898.0000,3,2,3,2,1,1,1,1,1,10
SF,IF2009,2020-06-08 09:30:44.100,3892.6000,27608,-3,285686520.000,4,0,4,多平,S,3891.8000,3890.0000,3889.8000,3889.4000,3888.2000,3893.4000,3894.0000,3894.4000,3894.6000,3895.0000,1,5,1,6,2,3,1,2,3,1
SF,IF2009,2020-06-08 09:30:44.600,3892.6000,27608,0,286854300.000,1,0,1,多换,S,3892.0000,3891.8000,3890.0000,3889.8000,3889.4000,3893.2000,3893.4000,3894.0000,3894.4000,3894.6000,2,2,5,1,6,1,1,1,2,1
SF,IF2009,2020-06-08 09:30:45.100,3892.0000,27606,-2,289189500.000,2,0,2,双平,S,3892.2000,3892.0000,3891.8000,3891.6000,3890.0000,3894.4000,3894.6000,3895.0000,3895.6000,3897.0000,1,1,1,1,5,1,1,1,1,1
SF,IF2009,2020-06-08 09:30:45.600,3892.0000,27606,0,289189500.000,0,-,-,-,-,3890.0000,3889.8000,3889.4000,3888.2000,3888.0000,3892.6000,3892.8000,3893.2000,3894.2000,3894.4000,5,1,6,1,1,1,3,1,1,2
SF,IF2009,2020-06-08 09:30:46.100,3892.6000,27604,-2,291525000.000,2,0,2,双平,S,3891.4000,3890.6000,3890.4000,3890.2000,3890.0000,3892.6000,3892.8000,3893.2000,3893.4000,3894.0000,2,5,1,2,6,2,3,1,1,1
SF,IF2009,2020-06-08 09:30:46.600,3894.0000,27604,0,298532460.000,6,3,3,多换,S,3893.0000,3891.6000,3890.4000,3890.0000,3889.8000,3894.4000,3894.6000,3895.0000,3895.6000,3897.0000,4,2,1,6,1,1,1,1,1,1
SF,IF2009,2020-06-08 09:30:47.100,3898.0000,27601,-3,310219020.000,10,3,7,多平,S,3896.4000,3894.0000,3893.0000,3891.6000,3890.4000,3898.0000,3899.0000,3899.4000,3900.0000,3904.0000,12,1,4,2,1,8,1,1,10,1
SF,IF2009,2020-06-08 09:30:47.600,3896.0000,27588,-13,349955220.000,34,10,24,多平,S,3893.2000,3893.0000,3891.6000,3890.4000,3890.0000,3896.0000,3896.2000,3896.4000,3896.6000,3896.8000,1,4,1,1,6,4,12,6,3,1
SF,IF2009,2020-06-08 09:30:48.100,3893.4000,27586,-2,353460840.000,3,0,3,多平,S,3893.4000,3893.2000,3893.0000,3890.4000,3890.0000,3895.0000,3895.8000,3896.0000,3896.2000,3896.4000,1,1,4,1,6,2,1,5,1,5
SF,IF2009,2020-06-08 09:30:48.600,3894.4000,27588,2,358134960.000,4,3,1,空开,S,3893.6000,3893.4000,3893.2000,3893.0000,3890.4000,3896.0000,3896.4000,3896.6000,3896.8000,3897.4000,2,1,2,4,1,2,1,2,1,1
SF,IF2009,2020-06-08 09:30:49.100,3894.4000,27588,0,359303280.000,1,0,1,多换,S,3893.8000,3893.6000,3893.2000,3893.0000,3890.0000,3896.0000,3896.4000,3896.6000,3896.8000,3897.0000,1,1,2,4,6,1,1,2,1,1
SF,IF2009,2020-06-08 09:30:49.600,3894.0000,27586,-2,361640280.000,2,0,2,双平,S,3893.8000,3893.6000,3893.4000,3893.2000,3893.0000,3896.4000,3896.8000,3897.2000,3897.4000,3897.6000,2,1,2,2,4,1,1,1,1,6
SF,IF2009,2020-06-08 09:30:50.100,3894.0000,27586,0,361640280.000,0,-,-,-,-,3894.4000,3893.8000,3893.6000,3893.4000,3893.2000,3896.0000,3896.2000,3896.4000,3896.8000,3897.2000,3,2,1,1,2,1,2,2,1,1
SF,IF2009,2020-06-08 09:30:50.600,3894.0000,27586,0,361640280.000,0,-,-,-,-,3894.6000,3893.6000,3893.4000,3893.2000,3893.0000,3895.8000,3896.0000,3896.2000,3896.4000,3896.8000,2,1,1,1,4,1,2,1,1,1
SF,IF2009,2020-06-08 09:30:51.100,3894.0000,27586,0,361640280.000,0,-,-,-,-,3894.6000,3894.4000,3893.4000,3893.2000,3893.0000,3895.8000,3896.0000,3896.2000,3896.4000,3896.8000,2,1,1,1,4,1,1,1,1,1
SF,IF2009,2020-06-08 09:30:51.600,3894.6000,27585,-1,362808660.000,1,0,1,双平,S,3895.0000,3893.4000,3893.2000,3893.0000,3890.0000,3895.8000,3896.2000,3896.4000,3896.8000,3897.4000,1,1,1,4,6,1,1,1,1,1
SF,IF2009,2020-06-08 09:30:52.100,3894.8000,27586,1,363977100.000,1,1,0,双开,S,3896.0000,3893.4000,3893.2000,3893.0000,3890.0000,3896.2000,3896.4000,3896.8000,3897.4000,3897.6000,1,1,1,4,6,1,1,1,1,3
SF,IF2009,2020-06-08 09:30:52.600,3896.0000,27585,-1,366314700.000,2,0,2,多平,S,3893.4000,3893.2000,3893.0000,3890.0000,3889.8000,3896.0000,3896.2000,3896.4000,3896.8000,3897.4000,1,1,4,6,1,5,1,1,1,1
SF,IF2009,2020-06-08 09:30:53.100,3896.0000,27585,0,368652300.000,2,1,1,多换,S,3894.6000,3894.0000,3893.6000,3893.4000,3893.2000,3896.0000,3896.4000,3896.8000,3897.4000,3897.6000,3,1,1,3,1,4,1,1,1,1
SF,IF2009,2020-06-08 09:30:53.600,3896.0000,27584,-1,372158700.000,3,1,2,多平,S,3894.8000,3894.0000,3893.4000,3893.2000,3893.0000,3896.0000,3896.4000,3896.8000,3897.4000,3897.6000,2,1,2,1,4,1,1,1,1,1
SF,IF2009,2020-06-08 09:30:54.100,3896.0000,27584,0,372158700.000,0,-,-,-,-,3894.8000,3894.0000,3893.4000,3893.2000,3893.0000,3896.0000,3896.4000,3896.8000,3897.4000,3897.6000,3,1,2,1,4,2,1,1,1,1
SF,IF2009,2020-06-08 09:30:54.600,3894.8000,27584,0,373327140.000,1,0,1,多换,S,3894.8000,3894.0000,3893.4000,3893.2000,3893.0000,3896.0000,3896.4000,3896.8000,3897.6000,3897.8000,2,1,2,1,4,1,1,1,1,2
SF,IF2009,2020-06-08 09:30:55.100,3894.8000,27584,0,373327140.000,0,-,-,-,-,3895.0000,3894.8000,3894.0000,3893.4000,3893.2000,3895.8000,3896.0000,3896.4000,3896.8000,3897.6000,1,2,1,2,1,2,2,1,1,1
SF,IF2009,2020-06-08 09:30:55.600,3894.8000,27584,0,373327140.000,0,-,-,-,-,3894.8000,3894.0000,3893.4000,3893.2000,3893.0000,3895.0000,3895.6000,3895.8000,3896.0000,3896.4000,2,1,2,1,4,1,1,2,2,1
SF,IF2009,2020-06-08 09:30:56.100,3896.0000,27584,0,383845440.000,9,4,5,多换,S,3896.0000,3893.4000,3893.0000,3890.0000,3889.8000,3896.4000,3896.8000,3897.6000,3897.8000,3898.0000,8,2,4,5,1,2,1,1,1,10
SF,IF2009,2020-06-08 09:30:56.600,3893.4000,27583,-1,394363860.000,9,4,5,多平,S,3893.0000,3890.0000,3889.8000,3889.4000,3888.4000,3895.2000,3895.8000,3896.0000,3896.2000,3896.4000,4,5,1,6,1,1,1,4,1,2
SF,IF2009,2020-06-08 09:30:57.100,3893.4000,27583,0,394363860.000,0,-,-,-,-,3894.6000,3893.2000,3893.0000,3890.0000,3889.8000,3895.0000,3895.2000,3895.6000,3895.8000,3896.2000,5,2,4,5,1,1,2,1,3,1
SF,IF2009,2020-06-08 09:30:57.600,3894.6000,27579,-4,399037380.000,4,0,4,双平,S,3894.6000,3893.2000,3893.0000,3890.0000,3889.8000,3894.8000,3895.2000,3895.6000,3895.8000,3896.2000,1,1,4,5,1,1,1,1,4,1
SF,IF2009,2020-06-08 09:30:58.100,3894.8000,27577,-2,401374260.000,2,0,2,双平,S,3894.6000,3893.2000,3893.0000,3890.0000,3889.8000,3895.2000,3895.8000,3896.2000,3896.4000,3896.8000,1,1,4,5,1,1,1,1,2,2
SF,IF2009,2020-06-08 09:30:58.600,3894.8000,27576,-1,402542700.000,1,0,1,双平,S,3894.6000,3893.0000,3890.0000,3889.8000,3889.4000,3895.8000,3896.0000,3896.2000,3896.4000,3896.8000,1,4,5,1,6,1,1,1,2,2
SF,IF2009,2020-06-08 09:30:59.100,3896.0000,27576,0,404880240.000,2,1,1,多换,S,3894.8000,3894.6000,3893.0000,3890.0000,3889.8000,3896.4000,3896.8000,3897.6000,3897.8000,3898.0000,1,2,4,5,1,2,2,3,2,9
SF,IF2009,2020-06-08 09:30:59.600,3896.0000,27576,0,404880240.000,0,-,-,-,-,3894.8000,3894.6000,3893.4000,3890.0000,3889.8000,3896.0000,3896.4000,3896.8000,3897.6000,3897.8000,3,2,1,5,1,1,2,2,3,2
SF,IF2009,2020-06-08 09:31:00.100,3896.0000,27576,0,406049040.000,1,0,1,多换,S,3895.0000,3894.8000,3894.6000,3893.0000,3890.0000,3896.4000,3896.8000,3897.6000,3897.8000,3898.0000,1,3,1,1,5,2,2,3,2,9
SF,IF2009,2020-06-08 09:31:00.600,3895.2000,27576,0,407217600.000,1,0,1,多换,S,3895.2000,3894.8000,3894.6000,3893.0000,3890.0000,3896.4000,3896.8000,3897.6000,3898.0000,3898.8000,1,1,2,1,5,2,2,2,9,3
SF,IF2009,2020-06-08 09:31:01.100,3896.4000,27574,-2,409555440.000,2,0,2,双平,S,3895.4000,3895.2000,3895.0000,3894.8000,3894.6000,3896.8000,3897.6000,3898.0000,3898.8000,3899.0000,1,3,1,1,2,2,1,9,3,1
SF,IF2009,2020-06-08 09:31:01.600,3896.8000,27573,-1,411893520.000,2,0,2,多平,S,3896.4000,3896.2000,3896.0000,3895.6000,3895.4000,3897.6000,3898.0000,3898.6000,3898.8000,3899.0000,1,1,2,1,1,1,9,1,3,1
SF,IF2009,2020-06-08 09:31:02.100,3896.6000,27573,0,413062500.000,1,0,1,多换,S,3896.6000,3896.4000,3896.2000,3895.6000,3895.4000,3898.0000,3898.6000,3898.8000,3899.0000,3900.0000,1,2,1,7,1,9,1,3,1,5
SF,IF2009,2020-06-08 09:31:02.600,3897.8000,27573,0,414231840.000,1,0,1,多换,S,3896.8000,3896.6000,3896.4000,3896.2000,3895.6000,3898.0000,3898.6000,3898.8000,3899.0000,3900.0000,2,2,4,1,7,9,1,3,1,5
SF,IF2009,2020-06-08 09:31:03.100,3897.8000,27573,0,414231840.000,0,-,-,-,-,3897.6000,3897.4000,3897.0000,3896.8000,3896.4000,3897.8000,3898.0000,3898.6000,3898.8000,3899.0000,1,2,1,2,3,1,9,1,3,1
SF,IF2009,2020-06-08 09:31:03.600,3897.8000,27571,-2,418909320.000,4,1,3,多平,S,3897.8000,3897.6000,3897.4000,3896.8000,3896.4000,3898.0000,3898.6000,3898.8000,3899.0000,3900.0000,1,1,2,2,3,7,1,3,1,5
SF,IF2009,2020-06-08 09:31:04.100,3898.0000,27568,-3,422417520.000,3,0,3,双平,S,3897.8000,3897.6000,3896.8000,3896.4000,3896.2000,3898.0000,3898.6000,3898.8000,3899.0000,3900.0000,1,1,1,4,1,4,1,3,1,5
SF,IF2009,2020-06-08 09:31:04.600,3898.0000,27564,-4,427095120.000,4,0,4,双平,S,3897.8000,3897.6000,3896.8000,3896.4000,3896.2000,3898.6000,3898.8000,3899.0000,3900.0000,3900.4000,1,1,1,4,1,1,3,1,5,1
SF,IF2009,2020-06-08 09:31:05.100,3898.6000,27564,0,428264700.000,1,0,1,多换,S,3898.4000,3897.8000,3897.6000,3896.8000,3896.4000,3898.6000,3898.8000,3899.0000,3900.0000,3904.0000,1,4,1,1,4,1,3,1,5,3
SF,IF2009,2020-06-08 09:31:05.600,3898.4000,27563,-1,430603740.000,2,0,2,多平,S,3897.8000,3897.6000,3896.8000,3896.4000,3895.8000,3898.6000,3898.8000,3899.0000,3900.0000,3904.0000,3,1,1,4,1,1,3,1,5,3
SF,IF2009,2020-06-08 09:31:06.100,3898.4000,27563,0,430603740.000,0,-,-,-,-,3897.8000,3897.6000,3896.8000,3896.4000,3895.8000,3898.6000,3898.8000,3899.0000,3900.0000,3904.0000,4,1,1,4,1,1,3,1,5,3
SF,IF2009,2020-06-08 09:31:06.600,3898.4000,27562,-1,431773260.000,1,0,1,双平,S,3898.6000,3898.0000,3897.8000,3897.6000,3896.4000,3898.8000,3899.0000,3900.0000,3904.0000,3904.2000,2,2,4,1,5,3,1,5,3,1
SF,IF2009,2020-06-08 09:31:07.100,3899.0000,27560,-2,436451880.000,4,1,3,多平,S,3898.6000,3898.0000,3897.8000,3897.6000,3896.4000,3900.0000,3904.0000,3904.2000,3905.0000,3905.4000,2,3,4,1,4,5,3,1,6,4
SF,IF2009,2020-06-08 09:31:07.600,3899.0000,27560,0,436451880.000,0,-,-,-,-,3898.8000,3898.6000,3898.0000,3897.8000,3897.6000,3899.8000,3900.0000,3904.0000,3904.2000,3905.0000,1,2,2,4,1,1,5,3,1,6
SF,IF2009,2020-06-08 09:31:08.100,3899.0000,27561,1,438791580.000,2,1,1,空开,S,3898.8000,3898.6000,3898.0000,3897.8000,3897.6000,3900.0000,3904.0000,3904.2000,3905.0000,3905.4000,3,2,1,4,1,4,3,1,6,4
SF,IF2009,2020-06-08 09:31:08.600,3898.8000,27560,-1,439961220.000,1,0,1,双平,S,3898.8000,3898.6000,3898.0000,3897.8000,3897.6000,3899.8000,3900.0000,3904.0000,3904.2000,3905.0000,2,2,1,4,1,1,4,1,2,6
SF,IF2009,2020-06-08 09:31:09.100,3899.8000,27560,0,441131160.000,1,0,1,多换,S,3899.0000,3898.8000,3898.6000,3898.0000,3897.8000,3900.0000,3904.0000,3904.2000,3906.0000,3907.0000,3,2,2,1,4,4,1,2,2,1
SF,IF2009,2020-06-08 09:31:09.600,3899.8000,27560,0,442301100.000,1,0,1,多换,S,3899.0000,3898.8000,3898.6000,3898.0000,3897.8000,3900.0000,3904.0000,3904.2000,3906.0000,3907.0000,2,1,2,1,4,11,1,2,2,1
SF,IF2009,2020-06-08 09:31:10.100,3899.8000,27560,0,442301100.000,0,-,-,-,-,3899.0000,3898.8000,3898.6000,3898.0000,3897.8000,3899.8000,3900.0000,3904.0000,3904.2000,3906.0000,1,1,2,1,4,3,11,1,2,2
SF,IF2009,2020-06-08 09:31:10.600,3899.8000,27558,-2,444640740.000,2,0,2,双平,S,3898.8000,3898.6000,3898.0000,3897.8000,3896.4000,3899.8000,3900.0000,3904.0000,3904.2000,3906.0000,1,2,1,4,3,1,11,1,2,2
SF,IF2009,2020-06-08 09:31:11.100,3900.0000,27554,-4,450489660.000,5,0,5,多平,S,3899.6000,3899.4000,3899.0000,3898.8000,3898.6000,3900.0000,3904.0000,3904.2000,3906.0000,3907.0000,2,1,2,2,2,10,1,2,2,1
SF,IF2009,2020-06-08 09:31:11.600,3900.0000,27552,-2,452829660.000,2,0,2,双平,S,3899.8000,3899.0000,3898.8000,3898.6000,3898.0000,3900.0000,3904.0000,3904.2000,3906.0000,3907.0000,1,2,2,2,1,10,1,2,2,1
SF,IF2009,2020-06-08 09:31:12.100,3899.8000,27552,0,453999600.000,1,0,1,多换,S,3899.0000,3898.8000,3898.6000,3898.0000,3897.8000,3900.0000,3904.0000,3904.2000,3906.0000,3907.0000,2,2,2,1,4,10,1,2,2,1
SF,IF2009,2020-06-08 09:31:12.600,3899.8000,27552,0,455169540.000,1,0,1,多换,S,3898.6000,3898.0000,3897.8000,3896.4000,3895.8000,3900.0000,3904.0000,3904.2000,3906.0000,3907.0000,2,1,3,3,1,11,1,2,2,1
SF,IF2009,2020-06-08 09:31:13.100,3899.8000,27552,0,455169540.000,0,-,-,-,-,3899.2000,3898.8000,3898.6000,3898.0000,3897.8000,3899.8000,3900.0000,3904.0000,3904.2000,3906.0000,1,2,2,1,3,1,11,1,2,2
SF,IF2009,2020-06-08 09:31:13.600,3899.8000,27552,0,456339480.000,1,0,1,多换,S,3898.8000,3898.6000,3898.0000,3897.8000,3896.6000,3899.0000,3899.8000,3900.0000,3904.0000,3904.2000,2,2,1,3,1,6,1,11,1,2
SF,IF2009,2020-06-08 09:31:14.100,3898.6000,27550,-2,461017920.000,4,1,3,多平,S,3898.0000,3897.8000,3896.6000,3896.4000,3895.8000,3898.8000,3899.0000,3899.8000,3900.0000,3904.0000,1,3,1,3,1,1,7,1,11,1
SF,IF2009,2020-06-08 09:31:14.600,3898.6000,27550,0,461017920.000,0,-,-,-,-,3898.2000,3898.0000,3897.8000,3896.6000,3896.4000,3899.0000,3899.8000,3900.0000,3904.0000,3904.2000,1,2,3,1,3,7,1,11,1,2
SF,IF2009,2020-06-08 09:31:15.100,3898.2000,27549,-1,462187380.000,1,0,1,双平,S,3898.0000,3896.6000,3896.4000,3895.8000,3895.0000,3898.6000,3899.0000,3899.8000,3900.0000,3904.0000,1,1,3,1,6,1,7,1,11,1
SF,IF2009,2020-06-08 09:31:15.600,3898.0000,27549,0,463356780.000,1,0,1,多换,S,3896.4000,3895.8000,3895.0000,3894.6000,3890.0000,3898.6000,3899.0000,3899.8000,3900.0000,3904.0000,3,1,6,1,9,1,7,1,11,1
SF,IF2009,2020-06-08 09:31:16.100,3898.0000,27549,0,463356780.000,0,-,-,-,-,3898.0000,3897.4000,3896.6000,3896.4000,3896.2000,3898.4000,3899.0000,3899.8000,3900.0000,3900.4000,1,2,3,4,1,1,7,1,11,1
SF,IF2009,2020-06-08 09:31:16.600,3898.4000,27548,-1,465695820.000,2,0,2,多平,S,3896.6000,3896.4000,3895.8000,3895.0000,3894.6000,3898.0000,3899.0000,3899.8000,3900.0000,3900.2000,2,1,1,6,1,2,7,1,11,1
SF,IF2009,2020-06-08 09:31:17.100,3898.0000,27543,-5,471543180.000,5,0,5,双平,S,3897.8000,3897.6000,3897.2000,3897.0000,3896.8000,3898.0000,3899.0000,3899.8000,3900.0000,3900.2000,2,1,1,5,1,8,7,1,11,1
SF,IF2009,2020-06-08 09:31:17.600,3898.0000,27535,-8,482067780.000,9,0,9,多平,S,3898.6000,3898.0000,3897.8000,3897.6000,3897.4000,3899.0000,3899.8000,3900.0000,3900.2000,3900.4000,1,2,1,3,5,7,2,11,1,1
SF,IF2009,2020-06-08 09:31:18.100,3898.6000,27534,-1,483237360.000,1,0,1,双平,S,3896.8000,3896.4000,3896.2000,3895.8000,3895.0000,3899.0000,3899.8000,3900.0000,3900.2000,3900.4000,1,2,1,1,6,7,2,11,1,1
SF,IF2009,2020-06-08 09:31:18.600,3898.6000,27534,0,483237360.000,0,-,-,-,-,3897.0000,3896.8000,3896.4000,3896.2000,3895.8000,3898.0000,3898.8000,3899.0000,3899.8000,3900.0000,1,2,2,1,1,1,4,7,2,11
SF,IF2009,2020-06-08 09:31:19.100,3898.2000,27533,-1,484406820.000,1,0,1,双平,S,3897.8000,3897.6000,3897.2000,3897.0000,3896.8000,3898.8000,3899.0000,3899.8000,3900.0000,3900.2000,2,3,5,1,1,3,7,3,11,1
SF,IF2009,2020-06-08 09:31:19.600,3897.0000,27533,0,485575920.000,1,0,1,多换,S,3898.0000,3896.4000,3896.2000,3895.8000,3895.0000,3898.6000,3898.8000,3899.0000,3899.8000,3900.0000,1,2,1,1,6,1,3,7,3,11
SF,IF2009,2020-06-08 09:31:20.100,3897.0000,27533,0,485575920.000,0,-,-,-,-,3898.2000,3898.0000,3897.6000,3896.4000,3896.2000,3898.8000,3899.0000,3899.8000,3900.0000,3900.2000,1,2,1,2,2,4,7,3,12,1
SF,IF2009,2020-06-08 09:31:20.600,3897.0000,27533,0,485575920.000,0,-,-,-,-,3898.6000,3898.0000,3896.4000,3896.2000,3895.8000,3898.8000,3899.0000,3899.8000,3900.0000,3900.2000,1,2,2,2,1,4,7,3,12,1
SF,IF2009,2020-06-08 09:31:21.100,3898.0000,27531,-2,487914900.000,2,0,2,双平,S,3898.0000,3896.4000,3896.2000,3895.8000,3895.0000,3898.8000,3899.0000,3899.8000,3900.0000,3900.2000,1,2,2,1,6,4,7,3,12,1
SF,IF2009,2020-06-08 09:31:21.600,3898.6000,27531,0,489084480.000,1,0,1,多换,S,3898.6000,3897.8000,3896.4000,3896.2000,3895.8000,3898.8000,3899.0000,3899.8000,3900.0000,3900.2000,2,1,2,2,1,4,7,3,13,1
SF,IF2009,2020-06-08 09:31:22.100,3898.6000,27531,0,492593220.000,3,1,2,多换,S,3897.8000,3896.4000,3896.2000,3895.8000,3895.0000,3898.8000,3899.0000,3899.8000,3900.0000,3900.2000,1,2,2,1,6,4,7,3,13,1
SF,IF2009,2020-06-08 09:31:22.600,3898.6000,27531,0,492593220.000,0,-,-,-,-,3897.8000,3896.4000,3896.2000,3895.8000,3895.0000,3898.6000,3898.8000,3899.0000,3899.8000,3900.0000,1,2,2,1,6,1,1,7,3,13
SF,IF2009,2020-06-08 09:31:23.100,3898.6000,27531,0,492593220.000,0,-,-,-,-,3898.2000,3898.0000,3897.8000,3897.6000,3896.4000,3898.8000,3899.0000,3899.8000,3900.0000,3900.2000,2,1,2,1,2,1,7,3,13,1
SF,IF2009,2020-06-08 09:31:23.600,3898.6000,27531,0,492593220.000,0,-,-,-,-,3898.0000,3897.8000,3896.4000,3896.2000,3895.8000,3898.8000,3899.0000,3899.8000,3900.0000,3900.2000,1,2,2,2,1,1,7,3,13,1
SF,IF2009,2020-06-08 09:31:24.100,3898.6000,27531,0,492593220.000,0,-,-,-,-,3898.4000,3898.0000,3897.8000,3896.4000,3896.2000,3898.8000,3899.0000,3899.8000,3900.0000,3900.2000,1,2,1,2,2,1,7,3,13,1
SF,IF2009,2020-06-08 09:31:24.600,3898.4000,27530,-1,493762740.000,1,0,1,双平,S,3898.0000,3897.8000,3896.4000,3896.2000,3895.8000,3898.8000,3899.0000,3899.8000,3900.0000,3900.2000,2,1,2,2,1,1,7,3,13,1
SF,IF2009,2020-06-08 09:31:25.100,3898.8000,27530,0,494932380.000,1,0,1,多换,S,3898.0000,3897.8000,3896.4000,3896.2000,3895.8000,3899.0000,3899.8000,3900.0000,3900.2000,3900.4000,1,1,2,2,1,7,3,14,1,1
SF,IF2009,2020-06-08 09:31:25.600,3898.8000,27529,-1,501949740.000,6,2,4,多平,S,3897.8000,3896.4000,3896.2000,3895.8000,3895.0000,3899.0000,3899.8000,3900.0000,3900.2000,3900.4000,1,2,2,1,7,7,3,14,1,1
SF,IF2009,2020-06-08 09:31:26.100,3898.8000,27529,0,501949740.000,0,-,-,-,-,3898.0000,3897.8000,3897.6000,3896.4000,3896.2000,3898.2000,3899.0000,3899.8000,3900.0000,3900.2000,1,1,1,2,2,1,2,3,14,1
SF,IF2009,2020-06-08 09:31:26.600,3898.2000,27529,0,503119200.000,1,0,1,多换,S,3898.0000,3897.8000,3896.4000,3896.2000,3895.0000,3899.0000,3899.8000,3900.0000,3900.2000,3900.4000,1,1,2,2,7,2,3,14,1,1
SF,IF2009,2020-06-08 09:31:27.100,3897.8000,27527,-2,505457940.000,2,0,2,双平,S,3896.4000,3896.2000,3895.0000,3894.6000,3890.6000,3899.0000,3899.8000,3900.0000,3900.2000,3900.4000,2,2,7,1,2,2,3,14,1,1
SF,IF2009,2020-06-08 09:31:27.600,3897.8000,27527,0,505457940.000,0,-,-,-,-,3898.4000,3898.2000,3897.8000,3897.6000,3896.6000,3898.8000,3899.0000,3899.8000,3900.0000,3900.2000,2,1,1,9,2,2,3,3,14,1
SF,IF2009,2020-06-08 09:31:28.100,3898.6000,27526,-1,506627520.000,1,0,1,双平,S,3898.4000,3897.6000,3896.6000,3896.4000,3896.2000,3898.8000,3899.0000,3899.8000,3900.0000,3900.2000,3,8,2,4,2,2,3,3,14,1
SF,IF2009,2020-06-08 09:31:28.600,3898.8000,27525,-1,508966800.000,2,0,2,多平,S,3897.6000,3896.6000,3896.4000,3896.2000,3895.0000,3899.0000,3899.8000,3900.0000,3900.2000,3900.4000,4,2,4,2,7,3,3,14,1,1
SF,IF2009,2020-06-08 09:31:29.100,3899.0000,27524,-1,512475900.000,3,1,2,多平,S,3898.4000,3897.8000,3897.6000,3896.6000,3896.4000,3899.8000,3900.0000,3900.2000,3900.4000,3903.0000,2,2,4,1,4,3,14,1,1,1
SF,IF2009,2020-06-08 09:31:29.600,3899.0000,27524,0,512475900.000,0,-,-,-,-,3897.8000,3897.6000,3896.6000,3896.4000,3896.2000,3899.6000,3899.8000,3900.0000,3900.2000,3900.4000,2,4,1,4,2,2,3,15,1,1
SF,IF2009,2020-06-08 09:31:30.100,3899.4000,27523,-1,513645720.000,1,0,1,双平,S,3898.6000,3898.4000,3897.8000,3897.6000,3896.6000,3899.6000,3899.8000,3900.0000,3900.2000,3900.4000,2,1,2,4,1,2,3,15,1,1
SF,IF2009,2020-06-08 09:31:30.600,3898.6000,27522,-1,519493320.000,5,2,3,多平,S,3897.6000,3896.6000,3896.4000,3896.2000,3895.0000,3898.6000,3899.4000,3899.6000,3899.8000,3900.0000,1,1,4,1,7,2,1,1,3,15
SF,IF2009,2020-06-08 09:31:31.100,3898.6000,27520,-2,524171640.000,4,1,3,多平,S,3897.6000,3896.6000,3896.4000,3896.2000,3895.0000,3899.4000,3899.8000,3900.0000,3900.2000,3900.4000,1,1,4,1,7,1,3,15,2,1
SF,IF2009,2020-06-08 09:31:31.600,3898.6000,27520,0,524171640.000,0,-,-,-,-,3896.4000,3895.0000,3894.6000,3892.6000,3890.6000,3898.4000,3899.2000,3899.4000,3899.8000,3900.0000,2,7,1,1,2,1,1,1,3,15
SF,IF2009,2020-06-08 09:31:32.100,3898.6000,27520,0,524171640.000,0,-,-,-,-,3896.6000,3896.4000,3895.0000,3894.6000,3892.6000,3898.2000,3899.8000,3900.0000,3900.2000,3900.4000,1,2,7,1,1,1,3,15,2,1
SF,IF2009,2020-06-08 09:31:32.600,3898.6000,27520,0,524171640.000,0,-,-,-,-,3896.6000,3895.0000,3894.6000,3892.6000,3890.6000,3898.0000,3898.2000,3898.4000,3899.8000,3900.0000,1,7,1,1,2,4,2,3,3,15
SF,IF2009,2020-06-08 09:31:33.100,3898.0000,27521,1,525341040.000,1,1,0,双开,S,3896.8000,3896.6000,3896.4000,3895.0000,3894.6000,3898.0000,3898.4000,3899.8000,3900.0000,3900.2000,1,1,1,7,1,3,1,3,15,1
SF,IF2009,2020-06-08 09:31:33.600,3896.6000,27518,-3,528848040.000,3,0,3,双平,S,3895.0000,3894.6000,3892.6000,3890.6000,3890.0000,3897.8000,3898.0000,3898.4000,3899.8000,3900.0000,7,1,1,2,9,3,3,1,3,15
SF,IF2009,2020-06-08 09:31:34.100,3896.6000,27518,0,528848040.000,0,-,-,-,-,3896.2000,3895.4000,3895.2000,3895.0000,3894.6000,3896.8000,3897.8000,3898.0000,3898.4000,3899.8000,1,5,2,7,1,1,4,3,1,3
SF,IF2009,2020-06-08 09:31:34.600,3896.2000,27517,-1,530016900.000,1,0,1,双平,S,3895.2000,3895.0000,3894.6000,3892.6000,3890.6000,3896.6000,3896.8000,3897.8000,3898.0000,3898.4000,2,7,1,1,2,1,1,2,3,1
SF,IF2009,2020-06-08 09:31:35.100,3895.2000,27517,0,531185460.000,1,0,1,多换,S,3895.2000,3895.0000,3894.6000,3892.6000,3890.6000,3896.2000,3896.6000,3896.8000,3898.0000,3898.4000,1,7,1,1,2,1,2,1,3,1
SF,IF2009,2020-06-08 09:31:35.600,3896.2000,27514,-3,534691740.000,3,0,3,双平,S,3895.8000,3895.6000,3895.2000,3895.0000,3894.6000,3896.6000,3896.8000,3898.0000,3898.2000,3898.4000,1,6,1,7,1,1,1,3,1,1
SF,IF2009,2020-06-08 09:31:36.100,3896.6000,27517,3,541705260.000,6,4,2,空开,S,3896.0000,3895.0000,3894.6000,3892.6000,3890.6000,3896.6000,3896.8000,3898.0000,3898.2000,3898.4000,1,7,1,1,2,1,1,3,1,1
SF,IF2009,2020-06-08 09:31:36.600,3896.6000,27517,0,541705260.000,0,-,-,-,-,3895.0000,3894.6000,3892.6000,3890.6000,3890.0000,3895.8000,3896.4000,3896.6000,3896.8000,3898.0000,7,1,1,2,9,1,1,1,1,3
SF,IF2009,2020-06-08 09:31:37.100,3896.6000,27517,0,541705260.000,0,-,-,-,-,3895.0000,3894.6000,3892.6000,3890.6000,3890.0000,3895.8000,3896.0000,3896.4000,3896.6000,3896.8000,7,1,1,2,9,1,1,1,1,1
SF,IF2009,2020-06-08 09:31:37.600,3896.6000,27517,0,541705260.000,0,-,-,-,-,3895.0000,3894.6000,3892.6000,3890.6000,3890.0000,3895.8000,3896.0000,3896.4000,3896.8000,3898.0000,7,1,1,2,9,1,1,1,1,3
SF,IF2009,2020-06-08 09:31:38.100,3896.6000,27517,0,541705260.000,0,-,-,-,-,3895.0000,3894.6000,3892.6000,3890.6000,3890.0000,3895.8000,3896.0000,3896.4000,3896.8000,3898.0000,7,1,1,2,9,1,1,1,1,3
SF,IF2009,2020-06-08 09:31:38.600,3895.2000,27516,-1,546379920.000,4,1,3,多平,S,3895.0000,3894.6000,3892.6000,3890.6000,3890.0000,3896.4000,3896.8000,3898.0000,3898.2000,3898.4000,7,1,1,2,9,1,1,3,1,1
SF,IF2009,2020-06-08 09:31:39.100,3896.8000,27515,-1,548717880.000,2,0,2,多平,S,3896.0000,3895.2000,3895.0000,3894.6000,3892.8000,3896.2000,3898.2000,3898.4000,3898.6000,3899.8000,2,4,7,1,1,3,1,1,1,3
SF,IF2009,2020-06-08 09:31:39.600,3896.2000,27515,0,552224580.000,3,1,2,多换,S,3896.6000,3896.2000,3896.0000,3895.4000,3895.2000,3898.2000,3898.4000,3898.6000,3899.8000,3900.0000,1,2,1,5,3,1,1,1,3,15
SF,IF2009,2020-06-08 09:31:40.100,3898.0000,27515,0,553393980.000,1,0,1,多换,S,3896.6000,3896.2000,3895.2000,3895.0000,3894.8000,3898.0000,3898.2000,3898.4000,3898.6000,3899.8000,1,3,1,7,1,2,1,1,1,3
SF,IF2009,2020-06-08 09:31:40.600,3896.6000,27514,-1,555731940.000,2,0,2,多平,S,3896.2000,3895.0000,3894.8000,3894.6000,3892.8000,3898.0000,3898.2000,3898.6000,3899.8000,3900.0000,2,7,1,1,1,2,1,1,3,15
SF,IF2009,2020-06-08 09:31:41.100,3896.6000,27514,0,555731940.000,0,-,-,-,-,3896.4000,3896.2000,3896.0000,3895.0000,3894.8000,3896.6000,3897.8000,3898.0000,3898.2000,3898.6000,2,2,1,7,1,1,1,2,1,1
SF,IF2009,2020-06-08 09:31:41.600,3896.6000,27513,-1,556900920.000,1,0,1,双平,S,3896.6000,3896.4000,3896.2000,3896.0000,3895.0000,3897.8000,3898.0000,3898.2000,3898.6000,3899.8000,1,4,2,1,7,1,1,1,1,3
SF,IF2009,2020-06-08 09:31:42.100,3896.6000,27513,0,556900920.000,0,-,-,-,-,3896.8000,3896.6000,3896.4000,3896.2000,3896.0000,3898.0000,3898.2000,3898.6000,3899.8000,3900.0000,1,3,3,2,1,1,1,1,3,15
SF,IF2009,2020-06-08 09:31:42.600,3896.6000,27512,-1,558069900.000,1,0,1,双平,S,3896.6000,3896.4000,3896.2000,3896.0000,3895.0000,3897.8000,3898.0000,3898.2000,3898.6000,3899.8000,1,3,2,1,7,2,2,1,1,3
SF,IF2009,2020-06-08 09:31:43.100,3896.6000,27512,0,558069900.000,0,-,-,-,-,3897.0000,3896.6000,3896.4000,3896.2000,3896.0000,3897.6000,3897.8000,3898.2000,3898.6000,3899.8000,1,1,3,2,1,2,2,1,1,3
SF,IF2009,2020-06-08 09:31:43.600,3897.0000,27511,-1,559239000.000,1,0,1,双平,S,3896.6000,3896.4000,3896.2000,3896.0000,3895.0000,3897.0000,3897.6000,3897.8000,3898.2000,3898.6000,1,1,2,1,7,2,2,2,1,1
SF,IF2009,2020-06-08 09:31:44.100,3897.0000,27511,0,559239000.000,0,-,-,-,-,3896.6000,3896.2000,3896.0000,3895.0000,3894.8000,3897.6000,3897.8000,3898.2000,3898.6000,3899.8000,1,1,1,7,1,2,1,1,1,3
SF,IF2009,2020-06-08 09:31:44.600,3897.0000,27511,0,559239000.000,0,-,-,-,-,3896.6000,3896.2000,3896.0000,3895.0000,3894.8000,3897.6000,3897.8000,3898.2000,3898.6000,3899.8000,1,1,1,7,1,1,1,1,1,3
SF,IF2009,2020-06-08 09:31:45.100,3896.6000,27511,0,560407980.000,1,0,1,多换,S,3896.2000,3896.0000,3895.0000,3894.8000,3894.6000,3897.6000,3897.8000,3898.2000,3898.6000,3899.8000,1,1,7,1,1,1,1,1,1,3
SF,IF2009,2020-06-08 09:31:45.600,3896.6000,27511,0,560407980.000,0,-,-,-,-,3896.6000,3896.4000,3896.2000,3896.0000,3895.0000,3897.6000,3897.8000,3898.2000,3898.6000,3899.8000,2,3,1,1,7,1,1,1,1,3
SF,IF2009,2020-06-08 09:31:46.100,3896.6000,27511,0,561576960.000,1,0,1,多换,S,3896.4000,3896.2000,3896.0000,3895.0000,3894.6000,3896.6000,3897.6000,3897.8000,3898.2000,3898.6000,3,1,1,7,1,1,2,1,1,1
SF,IF2009,2020-06-08 09:31:46.600,3896.6000,27511,0,561576960.000,0,-,-,-,-,3896.2000,3896.0000,3895.0000,3894.6000,3892.8000,3896.6000,3896.8000,3897.4000,3897.6000,3898.2000,1,1,7,1,1,1,1,1,3,1
SF,IF2009,2020-06-08 09:31:47.100,3896.6000,27510,-1,562745940.000,1,0,1,双平,S,3896.2000,3896.0000,3895.0000,3894.6000,3892.8000,3896.8000,3897.4000,3897.6000,3898.2000,3898.6000,1,2,7,1,1,1,1,3,1,1
SF,IF2009,2020-06-08 09:31:47.600,3896.8000,27508,-2,565083840.000,2,0,2,双平,S,3896.0000,3895.0000,3894.6000,3892.8000,3892.6000,3897.0000,3897.4000,3897.6000,3898.2000,3898.6000,2,7,1,1,1,1,1,2,1,1
SF,IF2009,2020-06-08 09:31:48.100,3896.8000,27508,0,565083840.000,0,-,-,-,-,3896.2000,3896.0000,3895.0000,3894.6000,3892.8000,3896.6000,3897.0000,3897.4000,3897.6000,3898.2000,2,2,7,1,1,1,2,1,1,1
SF,IF2009,2020-06-08 09:31:48.600,3897.0000,27507,-1,567421980.000,2,0,2,多平,S,3896.2000,3896.0000,3895.0000,3894.6000,3892.8000,3897.0000,3897.4000,3897.6000,3898.2000,3898.6000,2,2,7,1,1,1,1,1,1,1
SF,IF2009,2020-06-08 09:31:49.100,3897.0000,27507,0,567421980.000,0,-,-,-,-,3896.8000,3896.2000,3896.0000,3895.0000,3894.6000,3897.0000,3897.4000,3897.6000,3898.2000,3898.6000,1,1,2,7,1,1,1,1,1,1
SF,IF2009,2020-06-08 09:31:49.600,3896.8000,27506,-1,568591020.000,1,0,1,双平,S,3896.4000,3896.2000,3896.0000,3895.0000,3894.6000,3896.8000,3897.4000,3897.6000,3898.2000,3898.6000,1,1,2,7,1,2,1,1,1,1
SF,IF2009,2020-06-08 09:31:50.100,3896.8000,27506,0,568591020.000,0,-,-,-,-,3896.4000,3896.2000,3896.0000,3895.0000,3894.6000,3896.8000,3897.4000,3897.6000,3898.2000,3898.6000,1,1,2,7,1,2,1,1,1,1
SF,IF2009,2020-06-08 09:31:50.600,3896.0000,27503,-3,572097480.000,3,0,3,双平,S,3895.0000,3894.6000,3892.8000,3892.6000,3890.6000,3896.4000,3896.8000,3897.4000,3897.6000,3898.2000,7,1,1,1,2,1,2,1,1,1
SF,IF2009,2020-06-08 09:31:51.100,3896.0000,27503,0,572097480.000,0,-,-,-,-,3895.2000,3895.0000,3894.6000,3892.8000,3892.6000,3896.2000,3896.4000,3896.8000,3898.2000,3898.6000,1,7,1,1,1,1,2,3,1,1
SF,IF2009,2020-06-08 09:31:51.600,3896.0000,27503,0,573266280.000,1,0,1,多换,S,3895.0000,3894.6000,3892.8000,3892.6000,3890.6000,3896.2000,3896.4000,3896.8000,3898.2000,3898.6000,7,1,1,1,2,2,2,3,1,1
SF,IF2009,2020-06-08 09:31:52.100,3896.0000,27503,0,573266280.000,0,-,-,-,-,3895.0000,3894.6000,3892.8000,3892.6000,3890.6000,3896.2000,3896.4000,3896.8000,3898.2000,3898.6000,7,1,1,1,2,3,1,3,1,1
SF,IF2009,2020-06-08 09:31:52.600,3895.0000,27503,0,575603280.000,2,1,1,多换,S,3895.0000,3894.6000,3892.8000,3892.6000,3890.6000,3896.0000,3896.2000,3896.4000,3896.8000,3898.2000,5,1,1,1,2,1,2,1,3,1
SF,IF2009,2020-06-08 09:31:53.100,3895.0000,27503,0,575603280.000,0,-,-,-,-,3895.0000,3894.6000,3892.8000,3892.6000,3890.6000,3895.8000,3896.0000,3896.4000,3896.8000,3898.2000,5,1,1,1,2,1,2,1,3,1
SF,IF2009,2020-06-08 09:31:53.600,3895.0000,27503,0,575603280.000,0,-,-,-,-,3895.0000,3894.6000,3892.8000,3892.6000,3890.6000,3895.8000,3896.0000,3896.4000,3896.8000,3898.2000,5,1,1,1,2,2,1,1,3,1
SF,IF2009,2020-06-08 09:31:54.100,3895.8000,27502,-1,580277520.000,4,1,3,多平,S,3895.0000,3894.6000,3892.8000,3892.6000,3890.6000,3895.8000,3896.4000,3896.8000,3898.2000,3898.6000,2,1,1,1,2,2,1,3,1,1
SF,IF2009,2020-06-08 09:31:54.600,3895.0000,27502,0,581446020.000,1,0,1,多换,S,3895.0000,3894.6000,3892.8000,3892.6000,3890.6000,3895.6000,3895.8000,3896.4000,3896.8000,3898.2000,1,1,1,1,2,1,2,1,3,1
SF,IF2009,2020-06-08 09:31:55.100,3895.0000,27502,0,582614520.000,1,0,1,多换,S,3894.6000,3892.8000,3892.6000,3890.6000,3890.0000,3896.2000,3896.4000,3896.8000,3898.2000,3898.6000,1,1,1,2,9,1,1,3,1,1
SF,IF2009,2020-06-08 09:31:55.600,3895.0000,27502,0,582614520.000,0,-,-,-,-,3894.8000,3894.6000,3892.8000,3892.6000,3890.6000,3895.0000,3896.0000,3896.2000,3896.4000,3896.8000,2,1,1,1,2,1,1,2,1,3
SF,IF2009,2020-06-08 09:31:56.100,3895.0000,27501,-1,583783020.000,1,0,1,双平,S,3895.6000,3895.2000,3895.0000,3894.8000,3894.6000,3896.0000,3896.2000,3896.4000,3896.8000,3898.2000,2,1,1,2,1,1,2,1,3,1
SF,IF2009,2020-06-08 09:31:56.600,3895.6000,27501,0,586120380.000,2,1,1,多换,S,3895.2000,3895.0000,3894.8000,3894.6000,3892.8000,3896.0000,3896.2000,3896.4000,3896.8000,3898.2000,1,1,1,1,1,1,2,1,3,1
SF,IF2009,2020-06-08 09:31:57.100,3895.4000,27499,-2,588457800.000,2,0,2,双平,S,3895.0000,3894.8000,3894.6000,3892.8000,3892.6000,3896.2000,3896.4000,3896.8000,3898.2000,3898.6000,1,1,1,1,1,1,1,3,1,1
SF,IF2009,2020-06-08 09:31:57.600,3896.2000,27498,-1,589626660.000,1,0,1,双平,S,3895.2000,3895.0000,3894.6000,3892.8000,3892.6000,3896.2000,3896.4000,3896.8000,3898.2000,3898.6000,1,1,1,1,1,1,1,3,1,1
SF,IF2009,2020-06-08 09:31:58.100,3896.2000,27498,0,589626660.000,0,-,-,-,-,3895.2000,3895.0000,3894.6000,3892.8000,3892.6000,3896.2000,3896.8000,3898.2000,3898.6000,3899.0000,1,1,1,1,1,1,3,1,1,1
SF,IF2009,2020-06-08 09:31:58.600,3896.2000,27498,0,589626660.000,0,-,-,-,-,3895.2000,3895.0000,3894.6000,3892.8000,3892.6000,3896.8000,3898.2000,3898.6000,3899.0000,3899.8000,2,1,1,1,1,3,1,1,1,3
SF,IF2009,2020-06-08 09:31:59.100,3896.2000,27498,0,589626660.000,0,-,-,-,-,3895.2000,3895.0000,3894.6000,3892.8000,3892.6000,3896.8000,3898.2000,3898.6000,3899.0000,3899.8000,2,1,1,1,1,3,1,1,1,3
SF,IF2009,2020-06-08 09:31:59.600,3895.4000,27498,0,590795280.000,1,0,1,多换,S,3895.2000,3895.0000,3894.6000,3892.8000,3892.6000,3896.8000,3898.2000,3898.6000,3899.0000,3899.8000,2,1,1,1,1,3,1,1,1,3
SF,IF2009,2020-06-08 09:32:00.100,3895.4000,27498,0,590795280.000,0,-,-,-,-,3896.0000,3895.4000,3895.2000,3895.0000,3894.6000,3896.8000,3898.2000,3898.6000,3899.0000,3899.8000,1,1,1,1,1,3,1,1,1,3
SF,IF2009,2020-06-08 09:32:00.600,3895.4000,27498,0,590795280.000,0,-,-,-,-,3896.2000,3896.0000,3895.6000,3895.4000,3895.0000,3896.8000,3898.2000,3898.6000,3899.0000,3899.8000,1,1,5,2,1,3,1,1,1,3
SF,IF2009,2020-06-08 09:32:01.100,3896.8000,27495,-3,594302400.000,3,0,3,双平,S,3897.0000,3896.8000,3896.4000,3896.0000,3895.6000,3898.2000,3898.6000,3899.0000,3899.8000,3900.0000,1,5,5,2,5,1,1,1,3,14
SF,IF2009,2020-06-08 09:32:01.600,3897.0000,27494,-1,595471500.000,1,0,1,双平,S,3896.8000,3896.4000,3896.0000,3894.6000,3892.8000,3898.0000,3898.2000,3898.6000,3899.0000,3899.8000,3,3,2,1,1,1,1,1,1,3
SF,IF2009,2020-06-08 09:32:02.100,3897.0000,27494,0,596640600.000,1,0,1,多换,S,3896.8000,3896.4000,3896.0000,3894.6000,3892.8000,3898.0000,3898.2000,3898.6000,3899.0000,3899.8000,1,3,2,1,1,3,1,1,1,3
SF,IF2009,2020-06-08 09:32:02.600,3897.0000,27494,0,596640600.000,0,-,-,-,-,3897.0000,3896.8000,3896.4000,3896.0000,3894.6000,3898.0000,3898.2000,3898.6000,3899.0000,3899.8000,1,1,3,1,1,2,1,1,1,3
SF,IF2009,2020-06-08 09:32:03.100,3897.0000,27493,-1,597809700.000,1,0,1,双平,S,3897.0000,3896.8000,3896.4000,3896.0000,3894.6000,3897.8000,3898.0000,3898.2000,3898.6000,3899.0000,1,1,3,1,1,1,1,1,1,1
SF,IF2009,2020-06-08 09:32:03.600,3897.0000,27492,-1,598978800.000,1,0,1,双平,S,3896.8000,3896.4000,3896.0000,3894.6000,3892.8000,3897.8000,3898.0000,3898.2000,3898.6000,3899.0000,1,3,1,1,1,1,1,1,1,1
SF,IF2009,2020-06-08 09:32:04.100,3897.0000,27492,0,598978800.000,0,-,-,-,-,3896.8000,3896.4000,3896.0000,3894.6000,3892.8000,3897.6000,3897.8000,3898.2000,3898.6000,3899.0000,1,3,1,1,1,1,1,1,1,1
SF,IF2009,2020-06-08 09:32:04.600,3897.0000,27492,0,601317180.000,2,1,1,多换,S,3897.0000,3896.8000,3896.4000,3896.0000,3894.6000,3898.2000,3899.0000,3899.8000,3900.0000,3900.2000,1,1,3,1,1,1,1,3,14,1
SF,IF2009,2020-06-08 09:32:05.100,3897.0000,27491,-1,602486280.000,1,0,1,双平,S,3897.6000,3897.4000,3897.2000,3896.8000,3896.4000,3898.0000,3898.2000,3899.0000,3899.8000,3900.0000,2,5,1,1,3,1,1,1,3,14
SF,IF2009,2020-06-08 09:32:05.600,3898.0000,27490,-1,603655680.000,1,0,1,双平,S,3897.6000,3896.4000,3896.0000,3894.6000,3892.8000,3898.0000,3898.2000,3899.0000,3899.8000,3900.0000,2,3,1,1,1,1,1,1,3,14
SF,IF2009,2020-06-08 09:32:06.100,3897.6000,27489,-1,607163520.000,3,1,2,多平,S,3896.4000,3896.0000,3894.6000,3892.8000,3892.6000,3897.6000,3898.2000,3899.0000,3899.8000,3900.0000,3,1,1,1,1,1,1,1,3,14
SF,IF2009,2020-06-08 09:32:06.600,3897.6000,27488,-1,608332800.000,1,0,1,双平,S,3896.8000,3896.6000,3896.4000,3896.2000,3896.0000,3897.6000,3898.2000,3899.0000,3899.8000,3900.0000,5,1,3,1,1,1,2,1,3,14
SF,IF2009,2020-06-08 09:32:07.100,3897.4000,27486,-2,610671060.000,2,0,2,双平,S,3896.4000,3896.0000,3894.6000,3892.8000,3892.6000,3897.4000,3897.6000,3898.2000,3899.0000,3899.8000,3,1,1,1,1,2,2,2,1,3
SF,IF2009,2020-06-08 09:32:07.600,3896.4000,27485,-1,611839980.000,1,0,1,双平,S,3896.0000,3894.6000,3892.8000,3892.6000,3890.6000,3897.2000,3897.4000,3897.6000,3898.2000,3899.0000,1,1,1,1,2,3,2,1,2,1
SF,IF2009,2020-06-08 09:32:08.100,3896.0000,27484,-1,613008780.000,1,0,1,双平,S,3894.6000,3892.8000,3892.6000,3890.6000,3890.0000,3896.0000,3897.0000,3897.2000,3897.4000,3897.6000,1,1,1,2,9,1,2,3,1,1
SF,IF2009,2020-06-08 09:32:08.600,3896.0000,27484,0,613008780.000,0,-,-,-,-,3895.2000,3895.0000,3894.8000,3894.6000,3892.8000,3896.0000,3897.0000,3897.6000,3898.2000,3898.4000,1,5,1,1,1,2,3,1,2,1
SF,IF2009,2020-06-08 09:32:09.100,3896.0000,27484,0,613008780.000,0,-,-,-,-,3894.8000,3894.6000,3892.8000,3892.6000,3890.6000,3896.0000,3897.0000,3897.6000,3898.2000,3898.4000,1,1,1,1,2,3,1,1,2,1
SF,IF2009,2020-06-08 09:32:09.600,3895.8000,27483,-1,615345960.000,2,0,2,多平,S,3894.6000,3892.8000,3892.6000,3890.6000,3890.0000,3894.8000,3895.8000,3896.0000,3897.6000,3898.2000,1,1,1,2,9,1,2,2,2,2
SF,IF2009,2020-06-08 09:32:10.100,3895.8000,27480,-3,621188400.000,5,1,4,多平,S,3894.6000,3892.8000,3892.6000,3890.6000,3890.0000,3895.8000,3896.0000,3897.6000,3898.2000,3898.4000,1,1,1,2,9,1,1,2,2,1
SF,IF2009,2020-06-08 09:32:10.600,3895.8000,27480,0,621188400.000,0,-,-,-,-,3895.4000,3894.8000,3894.6000,3892.8000,3892.6000,3895.8000,3896.0000,3897.6000,3898.2000,3898.4000,1,3,1,1,1,1,2,2,2,1
SF,IF2009,2020-06-08 09:32:11.100,3895.8000,27479,-1,624694380.000,3,1,2,多平,S,3894.8000,3894.6000,3892.8000,3892.6000,3890.6000,3896.0000,3897.6000,3898.2000,3898.4000,3898.8000,4,1,1,1,2,2,2,2,1,1
SF,IF2009,2020-06-08 09:32:11.600,3896.0000,27477,-2,627031980.000,2,0,2,双平,S,3895.0000,3894.8000,3892.8000,3892.6000,3890.6000,3897.6000,3898.2000,3898.4000,3898.8000,3899.0000,1,2,1,1,2,2,2,1,1,1
SF,IF2009,2020-06-08 09:32:12.100,3896.0000,27477,0,627031980.000,0,-,-,-,-,3895.8000,3895.4000,3895.2000,3895.0000,3894.8000,3897.4000,3897.6000,3898.2000,3898.4000,3898.8000,1,6,1,4,1,1,1,2,1,1
SF,IF2009,2020-06-08 09:32:12.600,3896.0000,27477,0,627031980.000,0,-,-,-,-,3896.4000,3896.0000,3895.8000,3895.4000,3895.0000,3897.4000,3897.6000,3898.2000,3898.4000,3898.8000,2,7,2,6,4,1,1,2,1,1
SF,IF2009,2020-06-08 09:32:13.100,3896.0000,27477,0,627031980.000,0,-,-,-,-,3896.0000,3895.8000,3895.4000,3895.0000,3892.8000,3897.2000,3897.4000,3897.6000,3898.2000,3898.4000,2,3,5,2,1,2,1,1,2,1
SF,IF2009,2020-06-08 09:32:13.600,3896.4000,27476,-1,628200900.000,1,0,1,双平,S,3896.4000,3896.2000,3896.0000,3895.8000,3895.4000,3897.4000,3897.6000,3898.2000,3898.4000,3898.8000,2,2,2,2,5,1,1,2,1,1
SF,IF2009,2020-06-08 09:32:14.100,3896.4000,27476,0,628200900.000,0,-,-,-,-,3896.4000,3896.2000,3896.0000,3895.8000,3895.4000,3897.4000,3897.6000,3898.2000,3898.4000,3898.8000,2,2,2,2,5,1,1,2,1,1
SF,IF2009,2020-06-08 09:32:14.600,3896.4000,27476,0,628200900.000,0,-,-,-,-,3896.6000,3896.4000,3896.2000,3896.0000,3895.8000,3897.4000,3897.6000,3898.0000,3898.2000,3898.4000,1,2,1,1,2,2,1,1,2,1
SF,IF2009,2020-06-08 09:32:15.100,3896.4000,27476,0,628200900.000,0,-,-,-,-,3896.4000,3896.2000,3896.0000,3895.8000,3892.8000,3897.2000,3897.4000,3897.6000,3898.0000,3898.2000,2,1,1,2,1,2,2,1,1,2
SF,IF2009,2020-06-08 09:32:15.600,3896.4000,27476,0,628200900.000,0,-,-,-,-,3896.0000,3895.8000,3892.8000,3892.6000,3890.6000,3897.0000,3897.2000,3897.4000,3897.6000,3898.0000,1,1,1,1,2,1,2,1,1,1
SF,IF2009,2020-06-08 09:32:16.100,3896.4000,27476,0,628200900.000,0,-,-,-,-,3897.4000,3896.4000,3896.2000,3896.0000,3895.8000,3897.6000,3898.0000,3898.2000,3898.4000,3898.8000,1,2,1,2,1,1,2,3,1,1
SF,IF2009,2020-06-08 09:32:16.600,3896.0000,27472,-4,634045320.000,5,0,5,多平,S,3896.0000,3895.8000,3892.8000,3892.6000,3890.6000,3897.0000,3897.2000,3897.4000,3897.6000,3898.0000,1,1,1,1,2,1,2,5,1,2
SF,IF2009,2020-06-08 09:32:17.100,3896.0000,27472,0,634045320.000,0,-,-,-,-,3896.0000,3895.8000,3892.8000,3892.6000,3890.6000,3896.8000,3897.0000,3897.2000,3897.4000,3897.6000,1,1,1,1,2,1,1,1,1,1
SF,IF2009,2020-06-08 09:32:17.600,3896.8000,27471,-1,635214360.000,1,0,1,双平,S,3895.8000,3892.8000,3892.6000,3890.6000,3890.2000,3897.0000,3897.2000,3897.4000,3897.6000,3898.0000,1,1,1,2,1,1,1,1,1,2
SF,IF2009,2020-06-08 09:32:18.100,3896.8000,27471,0,635214360.000,0,-,-,-,-,3896.4000,3896.0000,3895.8000,3892.8000,3892.6000,3897.2000,3897.4000,3897.6000,3898.0000,3898.2000,6,1,1,1,1,1,1,1,2,3
SF,IF2009,2020-06-08 09:32:18.600,3896.8000,27471,0,635214360.000,0,-,-,-,-,3896.6000,3896.4000,3896.2000,3896.0000,3895.8000,3897.4000,3897.6000,3898.0000,3898.2000,3898.8000,5,5,1,1,1,1,1,2,3,1
SF,IF2009,2020-06-08 09:32:19.100,3896.8000,27471,0,635214360.000,0,-,-,-,-,3896.0000,3895.8000,3892.8000,3892.6000,3890.8000,3897.2000,3897.4000,3897.6000,3898.0000,3898.2000,1,1,1,1,1,2,1,1,2,3
SF,IF2009,2020-06-08 09:32:19.600,3896.8000,27471,0,635214360.000,0,-,-,-,-,3896.0000,3895.8000,3892.8000,3892.6000,3890.8000,3897.2000,3897.4000,3897.6000,3898.0000,3898.2000,2,1,1,1,1,1,1,1,2,3
SF,IF2009,2020-06-08 09:32:20.100,3896.8000,27471,0,635214360.000,0,-,-,-,-,3896.0000,3895.8000,3892.8000,3892.6000,3890.8000,3897.2000,3897.4000,3897.6000,3898.0000,3898.2000,2,1,1,1,1,1,1,1,2,4
SF,IF2009,2020-06-08 09:32:20.600,3896.8000,27471,0,635214360.000,0,-,-,-,-,3896.0000,3895.8000,3892.8000,3892.6000,3890.8000,3896.6000,3897.2000,3897.4000,3897.6000,3898.0000,2,1,1,1,1,1,1,1,1,3
SF,IF2009,2020-06-08 09:32:21.100,3896.6000,27471,0,636383340.000,1,0,1,多换,S,3896.2000,3896.0000,3895.8000,3892.8000,3892.6000,3897.2000,3897.4000,3897.6000,3898.0000,3898.2000,1,1,1,1,1,1,1,1,3,4
SF,IF2009,2020-06-08 09:32:21.600,3896.6000,27471,0,636383340.000,0,-,-,-,-,3896.2000,3895.8000,3892.8000,3892.6000,3890.8000,3896.6000,3897.0000,3897.2000,3897.4000,3897.6000,1,1,1,1,1,1,2,1,1,1
SF,IF2009,2020-06-08 09:32:22.100,3896.6000,27467,-4,641059020.000,4,0,4,双平,S,3895.8000,3892.8000,3892.6000,3890.8000,3890.6000,3897.2000,3897.4000,3897.6000,3898.0000,3898.2000,1,1,1,1,2,1,1,1,3,4
SF,IF2009,2020-06-08 09:32:22.600,3896.6000,27467,0,641059020.000,0,-,-,-,-,3895.8000,3892.8000,3892.6000,3890.8000,3890.6000,3897.0000,3897.2000,3897.4000,3897.6000,3898.0000,1,1,1,1,2,3,1,1,1,3
SF,IF2009,2020-06-08 09:32:23.100,3896.6000,27467,0,641059020.000,0,-,-,-,-,3895.8000,3892.8000,3892.6000,3890.8000,3890.6000,3896.8000,3897.0000,3897.4000,3897.6000,3898.0000,1,1,1,1,2,1,3,1,1,3
SF,IF2009,2020-06-08 09:32:23.600,3896.6000,27467,0,641059020.000,0,-,-,-,-,3895.8000,3892.8000,3892.6000,3890.8000,3890.6000,3896.6000,3896.8000,3897.0000,3897.4000,3897.6000,1,1,1,1,2,2,1,1,1,1
SF,IF2009,2020-06-08 09:32:24.100,3896.6000,27466,-1,642228000.000,1,0,1,双平,S,3895.8000,3894.6000,3892.8000,3892.6000,3890.8000,3896.4000,3896.6000,3897.0000,3897.4000,3897.6000,1,1,1,1,1,1,2,1,1,1
SF,IF2009,2020-06-08 09:32:24.600,3895.8000,27465,-1,643396740.000,1,0,1,双平,S,3894.6000,3892.8000,3892.6000,3890.8000,3890.6000,3896.4000,3897.0000,3897.6000,3898.0000,3898.2000,1,1,1,1,2,1,1,1,3,4
SF,IF2009,2020-06-08 09:32:25.100,3895.8000,27465,0,643396740.000,0,-,-,-,-,3894.8000,3894.6000,3892.8000,3892.6000,3890.8000,3895.8000,3896.4000,3897.0000,3897.6000,3898.0000,2,1,1,1,1,1,1,1,1,3
SF,IF2009,2020-06-08 09:32:25.600,3895.8000,27465,0,643396740.000,0,-,-,-,-,3895.2000,3894.8000,3894.6000,3892.8000,3892.6000,3895.8000,3896.4000,3896.6000,3897.6000,3898.0000,6,2,1,1,1,1,1,1,1,3
SF,IF2009,2020-06-08 09:32:26.100,3895.4000,27461,-4,648071220.000,4,0,4,双平,S,3895.4000,3895.2000,3894.8000,3894.6000,3892.8000,3895.8000,3896.4000,3896.6000,3897.6000,3898.0000,1,6,2,1,1,1,1,2,1,3
SF,IF2009,2020-06-08 09:32:26.600,3895.8000,27461,0,649239960.000,1,0,1,多换,S,3894.8000,3894.6000,3892.8000,3892.6000,3890.8000,3896.4000,3896.6000,3897.6000,3898.0000,3898.2000,2,1,1,1,1,1,2,1,3,4
SF,IF2009,2020-06-08 09:32:27.100,3896.2000,27460,-1,650408820.000,1,0,1,双平,S,3895.0000,3894.8000,3894.6000,3892.8000,3892.6000,3896.4000,3896.6000,3897.6000,3898.0000,3898.2000,1,2,1,1,1,1,2,1,3,4
SF,IF2009,2020-06-08 09:32:27.600,3895.2000,27459,-1,651577380.000,1,0,1,双平,S,3895.0000,3894.8000,3894.6000,3892.8000,3892.6000,3896.2000,3896.4000,3896.6000,3897.6000,3898.0000,1,1,1,1,1,2,1,2,1,3
SF,IF2009,2020-06-08 09:32:28.100,3895.2000,27459,0,651577380.000,0,-,-,-,-,3894.8000,3894.6000,3892.8000,3892.6000,3890.8000,3895.2000,3896.0000,3896.2000,3896.4000,3896.6000,1,1,1,1,1,1,1,2,1,2
SF,IF2009,2020-06-08 09:32:28.600,3895.2000,27459,0,652745940.000,1,0,1,多换,S,3895.2000,3894.6000,3892.8000,3892.6000,3890.8000,3896.0000,3896.4000,3896.6000,3897.6000,3898.0000,1,1,1,1,1,1,1,2,1,3
SF,IF2009,2020-06-08 09:32:29.100,3895.2000,27459,0,652745940.000,0,-,-,-,-,3895.2000,3895.0000,3894.6000,3892.8000,3892.6000,3896.0000,3896.4000,3896.6000,3897.6000,3898.0000,1,5,1,1,1,1,1,2,1,3
SF,IF2009,2020-06-08 09:32:29.600,3896.0000,27457,-2,656251800.000,3,0,3,多平,S,3895.0000,3894.6000,3892.8000,3892.6000,3890.8000,3896.6000,3897.6000,3898.0000,3898.2000,3898.8000,4,1,1,1,1,2,1,3,4,1
SF,IF2009,2020-06-08 09:32:30.100,3896.0000,27457,0,656251800.000,0,-,-,-,-,3895.0000,3894.6000,3892.8000,3892.6000,3890.8000,3895.2000,3896.4000,3896.6000,3897.6000,3898.0000,4,1,1,1,1,1,5,2,1,3
SF,IF2009,2020-06-08 09:32:30.600,3895.0000,27457,0,657420300.000,1,0,1,多换,S,3895.0000,3894.6000,3892.8000,3892.6000,3890.8000,3895.2000,3896.4000,3896.6000,3897.6000,3898.0000,3,1,1,1,1,2,3,2,1,3
SF,IF2009,2020-06-08 09:32:31.100,3895.0000,27458,1,658588800.000,1,1,0,双开,S,3895.0000,3894.6000,3892.8000,3892.6000,3890.8000,3895.2000,3896.4000,3896.6000,3897.6000,3898.0000,2,1,1,1,1,2,2,2,1,3
SF,IF2009,2020-06-08 09:32:31.600,3895.2000,27457,-1,660925920.000,2,0,2,多平,S,3895.0000,3894.6000,3892.8000,3892.6000,3890.8000,3896.4000,3896.6000,3897.6000,3898.0000,3898.2000,2,1,1,1,1,2,2,1,3,4
SF,IF2009,2020-06-08 09:32:32.100,3895.2000,27457,0,660925920.000,0,-,-,-,-,3895.0000,3894.6000,3892.8000,3892.6000,3890.8000,3896.2000,3896.4000,3896.6000,3897.6000,3898.0000,2,1,1,1,1,3,2,2,1,3
SF,IF2009,2020-06-08 09:32:32.600,3895.2000,27457,0,660925920.000,0,-,-,-,-,3895.4000,3895.2000,3895.0000,3894.6000,3892.8000,3896.4000,3896.6000,3897.6000,3898.0000,3898.2000,5,5,2,1,1,1,2,1,3,4
SF,IF2009,2020-06-08 09:32:33.100,3895.2000,27457,0,660925920.000,0,-,-,-,-,3895.6000,3895.4000,3895.2000,3895.0000,3894.6000,3896.4000,3896.6000,3897.6000,3898.0000,3898.2000,2,5,2,2,1,1,2,1,3,4
SF,IF2009,2020-06-08 09:32:33.600,3896.4000,27456,-1,662094840.000,1,0,1,双平,S,3895.8000,3895.6000,3895.4000,3895.2000,3895.0000,3896.6000,3897.6000,3898.0000,3898.2000,3898.8000,1,3,5,2,2,2,1,2,4,1
SF,IF2009,2020-06-08 09:32:34.100,3896.6000,27455,-1,664432800.000,2,0,2,多平,S,3896.0000,3895.8000,3895.6000,3895.4000,3895.2000,3897.6000,3898.0000,3898.2000,3898.8000,3899.0000,1,1,2,5,2,1,2,4,1,1
SF,IF2009,2020-06-08 09:32:34.600,3896.6000,27455,0,664432800.000,0,-,-,-,-,3896.0000,3895.8000,3895.6000,3895.4000,3895.2000,3897.4000,3897.6000,3898.0000,3898.2000,3898.8000,1,1,1,5,2,2,1,2,4,1
SF,IF2009,2020-06-08 09:32:35.100,3896.6000,27455,0,664432800.000,0,-,-,-,-,3896.0000,3895.4000,3895.2000,3895.0000,3894.6000,3897.2000,3897.4000,3897.6000,3898.0000,3898.2000,1,5,2,3,1,1,2,1,2,4
SF,IF2009,2020-06-08 09:32:37.100,3896.6000,27455,0,664432800.000,0,-,-,-,-,3896.0000,3895.4000,3895.2000,3895.0000,3894.6000,3897.2000,3897.4000,3897.6000,3898.0000,3898.2000,2,5,2,3,1,1,2,1,2,4
SF,IF2009,2020-06-08 09:32:37.600,3896.6000,27455,0,664432800.000,0,-,-,-,-,3896.0000,3895.4000,3895.2000,3895.0000,3894.6000,3897.0000,3897.2000,3897.4000,3897.6000,3898.0000,2,5,2,3,1,1,1,1,1,2
SF,IF2009,2020-06-08 09:32:38.100,3896.6000,27455,0,664432800.000,0,-,-,-,-,3896.2000,3896.0000,3895.4000,3895.2000,3895.0000,3897.2000,3897.4000,3897.6000,3898.0000,3898.2000,1,2,5,2,3,1,1,1,2,4
SF,IF2009,2020-06-08 09:32:38.600,3896.6000,27455,0,664432800.000,0,-,-,-,-,3896.4000,3896.2000,3896.0000,3895.4000,3895.2000,3897.4000,3897.6000,3898.0000,3898.2000,3898.8000,1,2,1,5,1,1,1,2,4,1
SF,IF2009,2020-06-08 09:32:39.100,3896.2000,27455,0,666770580.000,2,1,1,多换,S,3895.4000,3895.2000,3895.0000,3894.6000,3892.8000,3897.0000,3897.2000,3897.4000,3897.6000,3898.0000,5,1,3,1,1,1,1,1,1,2
SF,IF2009,2020-06-08 09:32:39.600,3896.2000,27455,0,666770580.000,0,-,-,-,-,3895.6000,3895.4000,3895.2000,3895.0000,3894.6000,3896.6000,3896.8000,3897.0000,3897.4000,3897.6000,1,5,1,3,1,1,1,1,1,1
SF,IF2009,2020-06-08 09:32:40.100,3896.2000,27455,0,666770580.000,0,-,-,-,-,3895.2000,3895.0000,3894.6000,3892.8000,3892.6000,3896.4000,3896.6000,3897.0000,3897.4000,3897.6000,1,3,1,1,1,1,2,1,1,1
SF,IF2009,2020-06-08 09:32:40.600,3896.2000,27455,0,666770580.000,0,-,-,-,-,3895.4000,3895.2000,3895.0000,3894.6000,3892.8000,3896.4000,3896.6000,3897.0000,3897.6000,3898.0000,2,1,3,1,1,1,2,1,1,2
SF,IF2009,2020-06-08 09:32:41.100,3896.2000,27455,0,666770580.000,0,-,-,-,-,3895.4000,3895.2000,3895.0000,3894.6000,3892.8000,3896.4000,3896.6000,3897.0000,3897.6000,3898.0000,1,1,2,1,1,1,1,1,1,2
SF,IF2009,2020-06-08 09:32:41.600,3896.2000,27455,0,666770580.000,0,-,-,-,-,3895.2000,3895.0000,3894.6000,3892.8000,3892.6000,3896.2000,3896.4000,3896.6000,3897.6000,3898.0000,1,2,1,1,1,1,3,1,1,2
SF,IF2009,2020-06-08 09:32:42.100,3896.2000,27454,-1,667939440.000,1,0,1,双平,S,3895.2000,3895.0000,3894.6000,3892.8000,3892.6000,3896.4000,3896.6000,3897.6000,3898.0000,3898.2000,1,2,1,1,1,1,1,1,2,4
SF,IF2009,2020-06-08 09:32:42.600,3896.2000,27454,0,667939440.000,0,-,-,-,-,3895.4000,3895.2000,3895.0000,3894.6000,3892.8000,3896.4000,3896.6000,3897.6000,3898.0000,3898.2000,1,1,2,1,1,1,1,1,2,4
SF,IF2009,2020-06-08 09:32:43.600,3895.4000,27453,-1,669108060.000,1,0,1,双平,S,3895.2000,3895.0000,3894.6000,3892.8000,3892.6000,3896.4000,3896.6000,3897.6000,3898.0000,3898.2000,1,2,1,1,1,1,1,1,2,4
SF,IF2009,2020-06-08 09:32:44.100,3895.4000,27453,0,669108060.000,0,-,-,-,-,3895.0000,3894.6000,3892.8000,3892.6000,3890.8000,3896.4000,3896.6000,3897.6000,3898.0000,3898.2000,2,1,1,1,1,1,1,1,2,4
SF,IF2009,2020-06-08 09:32:44.600,3896.4000,27452,-1,670276980.000,1,0,1,双平,S,3895.0000,3894.6000,3892.8000,3892.6000,3890.8000,3896.6000,3897.6000,3898.0000,3898.2000,3898.8000,2,1,1,1,1,1,1,2,4,1
SF,IF2009,2020-06-08 09:32:45.100,3896.4000,27452,0,670276980.000,0,-,-,-,-,3895.2000,3895.0000,3894.6000,3892.8000,3892.6000,3896.4000,3896.6000,3897.6000,3898.0000,3898.2000,1,2,1,1,1,1,1,1,2,4
SF,IF2009,2020-06-08 09:32:45.600,3896.4000,27452,0,670276980.000,0,-,-,-,-,3895.2000,3895.0000,3894.6000,3892.8000,3892.6000,3896.4000,3897.6000,3898.0000,3898.2000,3898.8000,1,2,1,1,1,1,1,2,4,1
SF,IF2009,2020-06-08 09:32:46.100,3896.4000,27452,0,670276980.000,0,-,-,-,-,3895.2000,3895.0000,3894.6000,3892.8000,3892.6000,3896.4000,3897.6000,3898.0000,3898.2000,3898.8000,1,2,1,1,1,1,1,2,4,1
SF,IF2009,2020-06-08 09:32:46.600,3896.4000,27452,0,670276980.000,0,-,-,-,-,3895.2000,3895.0000,3894.6000,3892.8000,3892.6000,3896.2000,3896.4000,3897.0000,3897.6000,3898.0000,1,2,1,1,1,1,1,1,1,2
SF,IF2009,2020-06-08 09:32:47.100,3896.4000,27452,0,670276980.000,0,-,-,-,-,3895.2000,3895.0000,3894.6000,3892.8000,3892.6000,3896.2000,3896.4000,3897.0000,3897.6000,3898.0000,3,2,1,1,1,1,1,1,1,2
SF,IF2009,2020-06-08 09:32:47.600,3896.4000,27452,0,670276980.000,0,-,-,-,-,3895.0000,3894.6000,3892.8000,3892.6000,3890.8000,3896.0000,3896.2000,3897.0000,3897.6000,3898.0000,2,1,1,1,1,1,1,1,1,2
SF,IF2009,2020-06-08 09:32:48.100,3896.0000,27452,0,671445780.000,1,0,1,多换,S,3895.4000,3895.2000,3895.0000,3894.6000,3892.8000,3896.2000,3896.4000,3897.0000,3897.6000,3898.0000,3,2,2,1,1,1,1,1,1,2
SF,IF2009,2020-06-08 09:32:48.600,3896.0000,27452,0,671445780.000,0,-,-,-,-,3895.6000,3895.4000,3895.2000,3895.0000,3894.6000,3896.2000,3896.4000,3897.0000,3897.6000,3898.0000,1,3,1,2,1,1,1,1,1,2
SF,IF2009,2020-06-08 09:32:49.100,3896.2000,27451,-1,672614640.000,1,0,1,双平,S,3895.6000,3895.4000,3895.2000,3895.0000,3894.6000,3896.4000,3897.0000,3897.6000,3898.0000,3898.2000,1,3,1,2,1,1,1,1,2,4
SF,IF2009,2020-06-08 09:32:49.600,3896.2000,27451,0,672614640.000,0,-,-,-,-,3896.2000,3895.6000,3895.0000,3894.6000,3892.8000,3896.4000,3897.0000,3897.6000,3898.0000,3898.2000,1,1,2,1,1,1,1,1,2,4
SF,IF2009,2020-06-08 09:32:50.100,3896.4000,27451,0,673783560.000,1,0,1,多换,S,3896.4000,3895.8000,3895.6000,3895.0000,3894.6000,3897.0000,3897.6000,3898.0000,3898.2000,3898.8000,1,1,1,2,1,1,1,2,4,1
SF,IF2009,2020-06-08 09:32:50.600,3895.8000,27449,-2,676121220.000,2,0,2,双平,S,3895.6000,3895.2000,3895.0000,3894.6000,3892.8000,3897.0000,3897.6000,3898.0000,3898.2000,3898.8000,1,1,2,1,1,1,1,2,4,1
SF,IF2009,2020-06-08 09:32:51.100,3895.8000,27449,0,676121220.000,0,-,-,-,-,3895.6000,3895.2000,3895.0000,3894.6000,3892.8000,3896.8000,3897.0000,3897.6000,3898.0000,3898.2000,2,1,2,1,1,1,1,1,2,4
SF,IF2009,2020-06-08 09:32:52.100,3895.8000,27449,0,676121220.000,0,-,-,-,-,3895.6000,3895.2000,3895.0000,3894.6000,3892.8000,3896.8000,3897.0000,3897.6000,3898.0000,3898.2000,2,1,2,1,1,2,1,1,2,4
SF,IF2009,2020-06-08 09:32:52.600,3895.8000,27449,0,677289960.000,1,0,1,多换,S,3895.8000,3895.6000,3895.2000,3895.0000,3894.6000,3896.8000,3897.0000,3897.6000,3898.0000,3898.2000,1,2,1,2,1,2,1,1,2,4
SF,IF2009,2020-06-08 09:32:53.100,3895.8000,27449,0,677289960.000,0,-,-,-,-,3895.6000,3895.2000,3895.0000,3894.6000,3892.8000,3896.4000,3896.6000,3896.8000,3897.0000,3897.6000,1,1,2,1,1,1,1,2,1,1
SF,IF2009,2020-06-08 09:32:53.600,3896.4000,27448,-1,679627560.000,2,0,2,多平,S,3895.2000,3895.0000,3894.6000,3892.8000,3892.6000,3896.6000,3896.8000,3897.0000,3897.6000,3898.0000,1,2,1,1,1,1,2,1,1,2
SF,IF2009,2020-06-08 09:32:54.100,3896.4000,27448,0,679627560.000,0,-,-,-,-,3895.4000,3895.2000,3895.0000,3894.6000,3892.8000,3896.4000,3896.8000,3897.0000,3897.6000,3898.0000,3,1,2,1,1,1,1,1,1,2
SF,IF2009,2020-06-08 09:32:54.600,3896.4000,27449,1,681965400.000,2,1,1,空开,S,3895.4000,3895.2000,3895.0000,3894.6000,3894.2000,3896.8000,3897.0000,3897.6000,3898.0000,3898.2000,2,1,2,1,1,1,1,1,2,4
SF,IF2009,2020-06-08 09:32:55.100,3896.4000,27449,0,681965400.000,0,-,-,-,-,3895.6000,3895.4000,3895.2000,3895.0000,3894.6000,3896.6000,3896.8000,3897.0000,3897.6000,3898.0000,2,1,1,2,1,1,1,1,1,2
SF,IF2009,2020-06-08 09:32:55.600,3896.4000,27449,0,681965400.000,0,-,-,-,-,3895.6000,3895.4000,3895.2000,3895.0000,3894.6000,3896.6000,3896.8000,3897.0000,3897.6000,3898.0000,2,1,1,2,1,2,1,1,1,2
SF,IF2009,2020-06-08 09:32:56.100,3896.4000,27449,0,681965400.000,0,-,-,-,-,3895.6000,3895.4000,3895.2000,3895.0000,3894.6000,3896.8000,3897.0000,3897.6000,3898.0000,3898.2000,2,1,1,2,1,1,1,1,2,4
SF,IF2009,2020-06-08 09:32:56.600,3895.6000,27448,-1,683134080.000,1,0,1,双平,S,3895.4000,3895.2000,3895.0000,3894.6000,3894.2000,3896.4000,3896.6000,3896.8000,3897.0000,3897.6000,1,1,2,1,1,2,1,1,1,1
SF,IF2009,2020-06-08 09:32:57.100,3895.6000,27448,0,683134080.000,0,-,-,-,-,3895.2000,3895.0000,3894.6000,3894.2000,3892.8000,3896.2000,3896.4000,3896.8000,3897.0000,3897.6000,1,2,1,1,1,2,1,1,1,1
SF,IF2009,2020-06-08 09:32:57.600,3895.6000,27448,0,683134080.000,0,-,-,-,-,3895.0000,3894.6000,3894.2000,3892.8000,3892.6000,3896.0000,3896.2000,3896.4000,3896.8000,3897.0000,2,1,1,1,1,1,1,1,1,1
SF,IF2009,2020-06-08 09:32:58.100,3895.6000,27448,0,683134080.000,0,-,-,-,-,3895.0000,3894.6000,3892.8000,3892.6000,3890.8000,3895.8000,3896.0000,3896.8000,3897.0000,3897.6000,2,1,1,1,1,1,2,2,1,1
SF,IF2009,2020-06-08 09:32:58.600,3895.6000,27448,0,683134080.000,0,-,-,-,-,3895.0000,3894.6000,3892.8000,3892.6000,3890.8000,3895.8000,3896.0000,3896.8000,3897.0000,3897.6000,2,1,1,1,1,1,1,2,1,1
SF,IF2009,2020-06-08 09:32:59.100,3895.6000,27448,0,683134080.000,0,-,-,-,-,3895.0000,3894.6000,3892.8000,3892.6000,3890.8000,3895.8000,3896.0000,3896.8000,3897.0000,3897.6000,2,1,1,1,1,1,1,2,1,1
SF,IF2009,2020-06-08 09:32:59.600,3895.6000,27448,0,683134080.000,0,-,-,-,-,3895.0000,3894.6000,3892.8000,3892.6000,3890.8000,3895.8000,3896.8000,3897.0000,3897.6000,3898.0000,2,1,1,1,1,1,2,1,1,2
SF,IF2009,2020-06-08 09:33:00.100,3895.2000,27449,1,684302640.000,1,1,0,双开,S,3895.0000,3894.6000,3892.8000,3892.6000,3890.8000,3895.8000,3896.8000,3897.0000,3897.6000,3898.0000,2,1,1,1,1,1,2,1,1,2
SF,IF2009,2020-06-08 09:33:00.600,3895.2000,27449,0,684302640.000,0,-,-,-,-,3895.0000,3894.6000,3892.8000,3892.6000,3890.8000,3896.8000,3897.0000,3897.6000,3898.0000,3898.2000,2,1,1,1,1,2,2,1,2,4
SF,IF2009,2020-06-08 09:33:01.100,3895.2000,27449,0,684302640.000,0,-,-,-,-,3895.8000,3895.4000,3895.2000,3895.0000,3894.6000,3896.6000,3896.8000,3897.0000,3897.6000,3898.0000,1,5,3,2,1,1,2,2,1,2
SF,IF2009,2020-06-08 09:33:01.600,3895.2000,27449,0,684302640.000,0,-,-,-,-,3895.2000,3895.0000,3894.6000,3892.8000,3892.6000,3896.6000,3896.8000,3897.0000,3897.6000,3898.0000,1,2,1,1,1,1,2,2,1,2
SF,IF2009,2020-06-08 09:33:02.100,3895.2000,27449,0,684302640.000,0,-,-,-,-,3895.8000,3895.4000,3895.2000,3895.0000,3894.6000,3896.6000,3896.8000,3897.0000,3897.6000,3898.0000,1,2,1,2,1,1,2,2,1,2
SF,IF2009,2020-06-08 09:33:02.600,3895.8000,27448,-1,685471380.000,1,0,1,双平,S,3895.4000,3895.0000,3894.6000,3892.8000,3892.6000,3896.6000,3896.8000,3897.0000,3897.6000,3898.0000,2,2,1,1,1,1,2,2,1,3
SF,IF2009,2020-06-08 09:33:03.100,3895.8000,27448,0,685471380.000,0,-,-,-,-,3895.4000,3895.0000,3894.6000,3892.8000,3892.6000,3896.6000,3896.8000,3897.0000,3897.6000,3898.0000,1,2,1,1,1,1,2,2,1,3
SF,IF2009,2020-06-08 09:33:03.600,3895.4000,27447,-1,686640000.000,1,0,1,双平,S,3895.0000,3894.6000,3892.8000,3892.6000,3890.8000,3896.6000,3896.8000,3897.0000,3897.6000,3898.0000,2,1,1,1,1,1,2,2,1,3
SF,IF2009,2020-06-08 09:33:04.100,3895.4000,27447,0,686640000.000,0,-,-,-,-,3895.4000,3895.2000,3895.0000,3894.6000,3892.8000,3896.6000,3896.8000,3897.0000,3897.6000,3898.0000,5,2,2,1,1,1,2,2,1,3
SF,IF2009,2020-06-08 09:33:04.600,3895.4000,27447,0,686640000.000,0,-,-,-,-,3896.6000,3895.6000,3895.4000,3895.2000,3895.0000,3896.8000,3897.0000,3897.6000,3898.0000,3898.2000,1,7,5,1,2,2,2,1,3,4
SF,IF2009,2020-06-08 09:33:05.100,3896.8000,27446,-1,690147120.000,3,1,2,多平,S,3895.8000,3895.6000,3895.4000,3895.0000,3894.6000,3897.0000,3897.6000,3898.0000,3898.2000,3898.8000,5,7,1,2,1,2,1,3,4,1
SF,IF2009,2020-06-08 09:33:05.600,3897.0000,27444,-2,692485320.000,2,0,2,双平,S,3896.8000,3896.0000,3895.8000,3895.6000,3895.2000,3897.6000,3898.0000,3898.2000,3898.8000,3899.0000,1,4,5,5,1,1,3,4,1,1
SF,IF2009,2020-06-08 09:33:06.100,3897.0000,27444,0,692485320.000,0,-,-,-,-,3896.0000,3895.8000,3895.2000,3895.0000,3894.6000,3897.4000,3897.6000,3898.0000,3898.2000,3898.8000,4,5,1,2,1,1,1,3,4,1
SF,IF2009,2020-06-08 09:33:06.600,3897.0000,27444,0,692485320.000,0,-,-,-,-,3896.2000,3896.0000,3895.8000,3895.2000,3895.0000,3897.4000,3897.6000,3898.0000,3898.2000,3898.8000,2,3,5,1,2,1,1,3,4,1
SF,IF2009,2020-06-08 09:33:07.100,3897.0000,27444,0,692485320.000,0,-,-,-,-,3896.2000,3896.0000,3895.8000,3895.2000,3895.0000,3897.4000,3897.6000,3898.0000,3898.2000,3898.8000,1,3,5,1,2,2,1,3,4,1
SF,IF2009,2020-06-08 09:33:07.600,3897.0000,27444,0,692485320.000,0,-,-,-,-,3896.2000,3896.0000,3895.8000,3895.2000,3895.0000,3897.2000,3897.4000,3897.6000,3898.0000,3898.2000,1,3,5,1,2,1,2,1,3,4
SF,IF2009,2020-06-08 09:33:08.100,3897.0000,27444,0,692485320.000,0,-,-,-,-,3896.2000,3896.0000,3895.8000,3895.2000,3895.0000,3897.0000,3897.2000,3897.4000,3897.6000,3898.0000,1,3,5,1,2,1,1,1,1,3
SF,IF2009,2020-06-08 09:33:08.600,3897.0000,27444,0,693654420.000,1,0,1,多换,S,3896.2000,3896.0000,3895.8000,3895.2000,3895.0000,3897.0000,3897.2000,3897.6000,3898.0000,3898.2000,1,3,5,1,2,1,1,1,3,4
SF,IF2009,2020-06-08 09:33:09.100,3897.0000,27444,0,693654420.000,0,-,-,-,-,3896.0000,3895.2000,3895.0000,3894.6000,3892.8000,3896.8000,3897.0000,3897.6000,3898.0000,3898.2000,1,1,2,1,1,1,2,1,3,4
SF,IF2009,2020-06-08 09:33:09.600,3897.0000,27443,-1,694823520.000,1,0,1,双平,S,3897.0000,3896.0000,3895.2000,3895.0000,3894.6000,3897.6000,3898.0000,3898.2000,3898.8000,3899.0000,1,1,1,2,1,1,3,4,1,1
SF,IF2009,2020-06-08 09:33:10.100,3897.2000,27440,-3,699500220.000,4,0,4,多平,S,3895.2000,3895.0000,3894.6000,3892.8000,3892.6000,3897.0000,3897.6000,3897.8000,3898.0000,3898.2000,1,2,1,1,1,1,1,1,3,4
SF,IF2009,2020-06-08 09:33:10.600,3897.2000,27440,0,699500220.000,0,-,-,-,-,3897.0000,3896.2000,3896.0000,3895.8000,3895.4000,3897.6000,3897.8000,3898.0000,3898.2000,3898.8000,1,5,1,1,2,1,1,3,4,1
SF,IF2009,2020-06-08 09:33:11.100,3897.6000,27440,0,700669500.000,1,0,1,多换,S,3896.4000,3896.2000,3895.8000,3895.4000,3895.2000,3896.8000,3897.8000,3898.0000,3898.2000,3898.8000,5,5,1,2,2,4,1,3,4,1
SF,IF2009,2020-06-08 09:33:11.600,3896.8000,27442,2,705345660.000,4,3,1,空开,S,3896.8000,3896.2000,3895.8000,3895.4000,3895.2000,3897.8000,3898.0000,3898.2000,3898.8000,3899.0000,3,5,1,2,2,1,3,4,1,1
SF,IF2009,2020-06-08 09:33:12.100,3896.8000,27442,0,705345660.000,0,-,-,-,-,3896.8000,3896.2000,3895.8000,3895.4000,3895.2000,3897.8000,3898.0000,3898.2000,3898.8000,3899.0000,1,5,1,2,1,1,3,4,1,1
SF,IF2009,2020-06-08 09:33:12.600,3896.8000,27441,-1,706514700.000,1,0,1,双平,S,3896.2000,3895.8000,3895.4000,3895.2000,3895.0000,3897.8000,3898.0000,3898.2000,3898.8000,3899.0000,5,1,2,1,2,1,3,4,1,1
SF,IF2009,2020-06-08 09:33:13.100,3896.8000,27441,0,706514700.000,0,-,-,-,-,3896.4000,3896.2000,3895.8000,3895.4000,3895.2000,3897.6000,3897.8000,3898.0000,3898.2000,3898.8000,1,5,1,1,1,3,1,3,4,1
SF,IF2009,2020-06-08 09:33:13.600,3896.8000,27441,0,706514700.000,0,-,-,-,-,3896.6000,3896.4000,3896.2000,3895.8000,3895.4000,3897.6000,3897.8000,3898.0000,3898.2000,3898.8000,4,1,5,1,1,2,1,3,4,1
SF,IF2009,2020-06-08 09:33:14.100,3896.8000,27441,0,706514700.000,0,-,-,-,-,3896.4000,3896.2000,3895.8000,3895.4000,3895.2000,3897.4000,3897.8000,3898.0000,3898.2000,3898.8000,1,6,1,1,1,2,1,3,4,1
SF,IF2009,2020-06-08 09:33:14.600,3896.8000,27441,0,706514700.000,0,-,-,-,-,3896.2000,3895.8000,3895.4000,3895.2000,3895.0000,3897.2000,3897.4000,3897.8000,3898.0000,3898.2000,1,1,1,1,2,4,1,1,3,4
SF,IF2009,2020-06-08 09:33:15.100,3896.8000,27441,0,706514700.000,0,-,-,-,-,3895.8000,3895.4000,3895.2000,3895.0000,3894.6000,3897.0000,3897.2000,3897.4000,3897.8000,3898.0000,1,1,1,2,1,3,1,1,1,3
SF,IF2009,2020-06-08 09:33:15.600,3896.8000,27441,0,706514700.000,0,-,-,-,-,3896.0000,3895.8000,3895.4000,3895.2000,3895.0000,3896.4000,3897.0000,3897.2000,3897.4000,3897.8000,1,1,1,1,2,4,3,1,1,1
SF,IF2009,2020-06-08 09:33:16.100,3896.0000,27440,-1,707683500.000,1,0,1,双平,S,3895.8000,3895.4000,3895.2000,3895.0000,3894.6000,3896.4000,3897.0000,3897.2000,3897.8000,3898.0000,1,1,1,2,1,4,1,1,1,4
SF,IF2009,2020-06-08 09:33:16.600,3895.8000,27439,-1,708852240.000,1,0,1,双平,S,3895.4000,3895.2000,3895.0000,3894.6000,3892.8000,3896.0000,3896.4000,3897.2000,3897.6000,3897.8000,1,1,2,1,1,2,4,1,1,1
SF,IF2009,2020-06-08 09:33:17.100,3895.4000,27438,-1,710020860.000,1,0,1,双平,S,3895.2000,3895.0000,3894.6000,3892.8000,3892.6000,3896.4000,3897.2000,3897.6000,3897.8000,3898.0000,1,2,1,1,1,4,1,1,1,4
SF,IF2009,2020-06-08 09:33:17.600,3895.2000,27437,-1,711189420.000,1,0,1,双平,S,3895.0000,3894.6000,3892.8000,3892.6000,3890.8000,3896.2000,3896.4000,3897.6000,3897.8000,3898.0000,2,1,1,1,1,6,4,1,1,4
SF,IF2009,2020-06-08 09:33:18.100,3895.2000,27437,0,711189420.000,0,-,-,-,-,3895.0000,3894.6000,3892.8000,3892.6000,3890.8000,3896.2000,3896.4000,3897.6000,3897.8000,3898.0000,2,1,1,1,1,5,4,1,1,4
SF,IF2009,2020-06-08 09:33:19.100,3896.2000,27437,0,712358280.000,1,0,1,多换,S,3895.2000,3895.0000,3894.6000,3892.8000,3892.6000,3896.2000,3897.6000,3897.8000,3898.0000,3898.2000,1,2,1,1,1,4,1,1,4,4
SF,IF2009,2020-06-08 09:33:19.600,3896.2000,27437,0,712358280.000,0,-,-,-,-,3895.4000,3895.2000,3895.0000,3894.6000,3892.8000,3896.2000,3897.6000,3897.8000,3898.0000,3898.2000,1,1,2,1,1,2,1,1,4,4
SF,IF2009,2020-06-08 09:33:20.100,3896.2000,27437,0,712358280.000,0,-,-,-,-,3895.6000,3895.4000,3895.2000,3895.0000,3894.6000,3897.6000,3897.8000,3898.0000,3898.2000,3898.8000,5,2,1,3,1,1,1,4,4,1
SF,IF2009,2020-06-08 09:33:20.600,3896.2000,27437,0,712358280.000,0,-,-,-,-,3895.8000,3895.0000,3894.6000,3892.8000,3892.6000,3897.2000,3897.4000,3897.6000,3897.8000,3898.0000,1,3,1,1,1,1,2,1,1,4
SF,IF2009,2020-06-08 09:33:21.100,3897.2000,27437,0,715865640.000,3,1,2,多换,S,3895.8000,3895.0000,3894.6000,3892.8000,3892.6000,3897.4000,3897.6000,3897.8000,3898.0000,3898.2000,3,3,1,1,1,1,3,1,4,4
SF,IF2009,2020-06-08 09:33:21.600,3897.2000,27437,0,715865640.000,0,-,-,-,-,3895.8000,3895.0000,3894.6000,3892.8000,3892.6000,3897.2000,3897.4000,3897.6000,3897.8000,3898.0000,3,3,1,1,1,1,1,3,1,4
SF,IF2009,2020-06-08 09:33:22.100,3897.2000,27437,0,715865640.000,0,-,-,-,-,3895.8000,3895.0000,3894.6000,3892.8000,3892.6000,3897.2000,3897.4000,3897.6000,3897.8000,3898.0000,1,3,1,1,1,1,1,1,1,4
SF,IF2009,2020-06-08 09:33:22.600,3897.0000,27435,-2,718203480.000,2,0,2,双平,S,3896.2000,3895.0000,3894.6000,3892.8000,3892.6000,3897.0000,3897.2000,3897.4000,3897.6000,3897.8000,1,3,1,1,1,1,3,1,1,1
SF,IF2009,2020-06-08 09:33:23.100,3896.2000,27435,0,719372340.000,1,0,1,多换,S,3895.0000,3894.6000,3892.8000,3892.6000,3890.8000,3896.2000,3896.8000,3897.0000,3897.2000,3897.4000,3,1,1,1,1,3,1,3,1,1
SF,IF2009,2020-06-08 09:33:23.600,3896.2000,27435,0,719372340.000,0,-,-,-,-,3895.0000,3894.6000,3892.8000,3892.6000,3890.8000,3895.8000,3896.0000,3896.2000,3896.8000,3897.0000,3,1,1,1,1,4,1,1,1,3
SF,IF2009,2020-06-08 09:33:24.100,3896.2000,27435,0,719372340.000,0,-,-,-,-,3895.0000,3894.6000,3892.8000,3892.6000,3890.8000,3895.8000,3896.2000,3896.4000,3896.8000,3897.0000,3,1,1,1,1,4,2,1,1,1
SF,IF2009,2020-06-08 09:33:24.600,3896.2000,27435,0,719372340.000,0,-,-,-,-,3895.0000,3894.6000,3892.8000,3892.6000,3890.8000,3895.8000,3896.2000,3896.8000,3897.0000,3897.6000,3,1,1,1,1,4,1,1,1,1
SF,IF2009,2020-06-08 09:33:25.100,3895.0000,27435,0,721709340.000,2,1,1,多换,S,3895.0000,3894.6000,3892.8000,3892.6000,3890.8000,3895.6000,3895.8000,3896.2000,3896.8000,3897.0000,1,1,1,1,1,3,4,1,1,1
SF,IF2009,2020-06-08 09:33:25.600,3895.0000,27434,-1,722877840.000,1,0,1,双平,S,3894.6000,3892.8000,3892.6000,3890.8000,3890.6000,3895.0000,3895.6000,3895.8000,3896.2000,3896.8000,1,1,1,1,3,2,3,4,1,1
SF,IF2009,2020-06-08 09:33:26.100,3894.6000,27434,0,724046220.000,1,0,1,多换,S,3892.8000,3892.6000,3890.8000,3890.6000,3890.2000,3895.6000,3895.8000,3896.2000,3896.8000,3897.0000,1,1,1,3,1,3,4,1,1,1
SF,IF2009,2020-06-08 09:33:26.600,3894.6000,27434,0,724046220.000,0,-,-,-,-,3893.8000,3893.4000,3893.0000,3892.8000,3892.6000,3894.6000,3895.4000,3895.6000,3895.8000,3896.2000,5,1,2,2,1,3,2,1,4,1
SF,IF2009,2020-06-08 09:33:27.100,3894.6000,27434,0,724046220.000,0,-,-,-,-,3893.8000,3893.4000,3892.8000,3892.6000,3890.8000,3894.6000,3895.6000,3895.8000,3896.2000,3897.0000,5,1,1,1,1,3,1,4,1,1
SF,IF2009,2020-06-08 09:33:27.600,3894.6000,27434,0,725214600.000,1,0,1,多换,S,3893.4000,3893.2000,3892.8000,3892.6000,3890.8000,3894.6000,3895.8000,3896.2000,3897.0000,3897.6000,1,1,1,1,1,1,4,1,1,1
SF,IF2009,2020-06-08 09:33:28.100,3894.6000,27434,0,725214600.000,0,-,-,-,-,3893.4000,3892.8000,3892.6000,3890.8000,3890.6000,3894.4000,3894.6000,3895.8000,3896.2000,3897.0000,1,1,1,1,3,1,1,4,1,1
SF,IF2009,2020-06-08 09:33:28.600,3893.6000,27433,-1,726382680.000,1,0,1,双平,S,3893.6000,3893.4000,3892.8000,3892.6000,3890.8000,3894.4000,3894.6000,3895.8000,3896.2000,3897.0000,1,1,1,1,1,1,1,4,1,1
SF,IF2009,2020-06-08 09:33:29.100,3894.6000,27427,-6,734560560.000,7,0,7,多平,S,3892.8000,3892.6000,3890.8000,3890.6000,3890.2000,3895.8000,3896.2000,3897.0000,3897.6000,3897.8000,1,1,1,3,1,4,1,1,1,1
SF,IF2009,2020-06-08 09:33:29.600,3894.6000,27427,0,734560560.000,0,-,-,-,-,3893.2000,3893.0000,3892.8000,3892.6000,3890.8000,3895.4000,3895.6000,3896.2000,3897.0000,3897.6000,4,1,2,1,1,2,2,1,1,1
SF,IF2009,2020-06-08 09:33:30.100,3894.6000,27427,0,734560560.000,0,-,-,-,-,3893.0000,3892.8000,3892.6000,3890.8000,3890.6000,3895.0000,3895.2000,3895.6000,3896.2000,3897.0000,2,2,1,1,3,2,2,1,1,1
SF,IF2009,2020-06-08 09:33:30.600,3894.6000,27427,0,734560560.000,0,-,-,-,-,3893.0000,3892.8000,3892.6000,3890.8000,3890.6000,3894.8000,3895.0000,3895.2000,3896.2000,3897.0000,1,2,1,1,3,2,2,2,1,1
SF,IF2009,2020-06-08 09:33:31.100,3894.6000,27427,0,734560560.000,0,-,-,-,-,3893.2000,3893.0000,3892.8000,3892.6000,3890.8000,3894.6000,3894.8000,3895.2000,3896.2000,3897.0000,1,1,1,1,1,2,2,2,1,1
SF,IF2009,2020-06-08 09:33:31.600,3894.6000,27427,0,734560560.000,0,-,-,-,-,3893.2000,3893.0000,3892.8000,3892.6000,3890.8000,3894.4000,3894.8000,3895.2000,3896.2000,3897.0000,1,1,1,1,1,2,1,2,1,1
SF,IF2009,2020-06-08 09:33:32.100,3893.2000,27426,-1,736896480.000,2,0,2,多平,S,3892.8000,3892.6000,3890.8000,3890.6000,3890.2000,3893.2000,3894.4000,3894.8000,3895.2000,3896.2000,1,1,1,3,1,11,2,1,2,1
SF,IF2009,2020-06-08 09:33:32.600,3893.2000,27415,-11,749744040.000,11,0,11,双平,S,3893.0000,3892.8000,3892.6000,3890.8000,3890.6000,3894.4000,3895.2000,3896.2000,3897.0000,3897.6000,1,1,1,1,3,1,1,1,1,2
SF,IF2009,2020-06-08 09:33:33.100,3893.2000,27415,0,749744040.000,0,-,-,-,-,3893.0000,3892.8000,3892.6000,3890.8000,3890.6000,3895.2000,3896.2000,3897.0000,3897.6000,3897.8000,1,1,1,1,3,1,1,1,2,1
SF,IF2009,2020-06-08 09:33:33.600,3893.2000,27415,0,749744040.000,0,-,-,-,-,3892.8000,3892.6000,3890.8000,3890.6000,3890.2000,3894.2000,3895.0000,3895.2000,3896.2000,3897.0000,1,1,1,3,1,3,1,2,1,1
SF,IF2009,2020-06-08 09:33:34.100,3893.2000,27415,0,749744040.000,0,-,-,-,-,3892.8000,3892.6000,3890.8000,3890.6000,3890.2000,3894.0000,3894.2000,3894.6000,3895.0000,3895.2000,1,1,1,3,1,2,1,1,1,1
SF,IF2009,2020-06-08 09:33:34.600,3893.2000,27415,0,749744040.000,0,-,-,-,-,3892.8000,3892.6000,3890.8000,3890.6000,3890.2000,3894.0000,3894.2000,3894.6000,3895.0000,3895.2000,1,1,1,3,1,2,1,1,1,1
SF,IF2009,2020-06-08 09:33:35.100,3893.2000,27415,0,750912000.000,1,0,1,多换,S,3893.2000,3892.8000,3892.6000,3890.8000,3890.6000,3894.0000,3894.2000,3894.6000,3895.0000,3895.2000,1,1,1,1,3,2,1,1,1,1
SF,IF2009,2020-06-08 09:33:35.600,3892.8000,27415,0,753247800.000,2,1,1,多换,S,3892.6000,3890.8000,3890.6000,3890.2000,3890.0000,3892.8000,3894.0000,3894.2000,3894.6000,3895.0000,1,1,3,1,10,2,2,1,1,1
SF,IF2009,2020-06-08 09:33:36.100,3892.8000,27413,-2,755583480.000,2,0,2,双平,S,3893.0000,3892.8000,3892.6000,3890.8000,3890.6000,3894.6000,3895.0000,3895.2000,3896.2000,3897.0000,3,3,1,1,3,1,1,1,1,1
SF,IF2009,2020-06-08 09:33:36.600,3892.8000,27413,0,755583480.000,0,-,-,-,-,3892.8000,3892.6000,3890.8000,3890.6000,3890.2000,3893.0000,3894.4000,3894.6000,3895.0000,3895.2000,2,1,1,3,1,3,2,1,1,1
SF,IF2009,2020-06-08 09:33:37.100,3893.0000,27410,-3,759087180.000,3,0,3,双平,S,3893.0000,3892.8000,3892.6000,3890.8000,3890.6000,3894.6000,3895.0000,3895.2000,3896.2000,3897.0000,2,1,1,1,3,1,1,1,1,1
SF,IF2009,2020-06-08 09:33:37.600,3892.8000,27410,0,761422920.000,2,1,1,多换,S,3892.6000,3890.8000,3890.6000,3890.2000,3890.0000,3893.0000,3894.4000,3894.6000,3895.0000,3895.2000,1,1,3,1,10,2,1,1,1,1
SF,IF2009,2020-06-08 09:33:38.100,3893.0000,27408,-2,763758720.000,2,0,2,双平,S,3893.2000,3893.0000,3892.8000,3892.6000,3890.8000,3894.6000,3895.0000,3895.2000,3896.2000,3897.0000,1,3,1,1,1,1,1,1,1,1
SF,IF2009,2020-06-08 09:33:38.600,3893.0000,27407,-1,764926620.000,1,0,1,双平,S,3893.0000,3892.8000,3892.6000,3890.8000,3890.6000,3895.0000,3895.2000,3896.2000,3897.0000,3897.6000,8,1,1,1,3,1,1,1,1,2
SF,IF2009,2020-06-08 09:33:39.100,3893.0000,27407,0,764926620.000,0,-,-,-,-,3893.4000,3893.0000,3892.8000,3892.6000,3890.8000,3896.2000,3897.0000,3897.6000,3897.8000,3898.0000,6,8,1,2,1,1,1,2,1,3
SF,IF2009,2020-06-08 09:33:39.600,3893.0000,27407,0,764926620.000,0,-,-,-,-,3893.6000,3893.4000,3893.0000,3892.8000,3892.6000,3896.0000,3896.2000,3896.4000,3897.0000,3897.6000,1,6,8,1,2,1,1,1,1,2
SF,IF2009,2020-06-08 09:33:40.100,3893.6000,27406,-1,766094700.000,1,0,1,双平,S,3893.4000,3893.0000,3892.8000,3892.6000,3890.8000,3896.0000,3896.2000,3896.4000,3897.0000,3897.6000,6,8,1,2,1,2,2,1,1,2
SF,IF2009,2020-06-08 09:33:40.600,3893.6000,27405,-1,768430860.000,2,0,2,多平,S,3893.6000,3893.4000,3893.0000,3892.8000,3892.6000,3894.6000,3895.6000,3895.8000,3896.0000,3896.2000,1,6,8,1,2,1,1,1,1,2
SF,IF2009,2020-06-08 09:33:41.100,3893.6000,27402,-3,771935100.000,3,0,3,双平,S,3894.0000,3893.4000,3893.0000,3892.8000,3892.6000,3894.6000,3895.6000,3895.8000,3896.2000,3896.4000,2,6,8,1,2,2,3,2,2,1
SF,IF2009,2020-06-08 09:33:41.600,3894.0000,27400,-2,774271500.000,2,0,2,双平,S,3893.0000,3892.6000,3890.8000,3890.6000,3890.2000,3894.6000,3895.6000,3895.8000,3896.2000,3896.4000,8,2,1,3,1,2,1,2,3,1
SF,IF2009,2020-06-08 09:33:42.100,3894.0000,27400,0,774271500.000,0,-,-,-,-,3893.0000,3892.6000,3890.8000,3890.6000,3890.2000,3894.4000,3894.6000,3895.6000,3895.8000,3896.2000,8,2,1,3,1,1,2,1,2,3
SF,IF2009,2020-06-08 09:33:42.600,3894.0000,27400,0,774271500.000,0,-,-,-,-,3893.4000,3893.0000,3892.6000,3890.8000,3890.6000,3894.0000,3894.4000,3894.6000,3895.2000,3895.6000,1,8,2,1,3,2,2,1,1,1
SF,IF2009,2020-06-08 09:33:43.100,3894.0000,27400,0,774271500.000,0,-,-,-,-,3893.0000,3892.6000,3890.8000,3890.6000,3890.2000,3894.0000,3894.2000,3894.4000,3894.6000,3895.2000,8,2,1,3,1,2,4,3,1,1
SF,IF2009,2020-06-08 09:33:44.100,3893.0000,27400,0,775439400.000,1,0,1,多换,S,3893.0000,3892.6000,3890.8000,3890.6000,3890.2000,3893.8000,3894.0000,3894.2000,3894.4000,3894.6000,7,2,1,3,1,1,2,4,2,1
SF,IF2009,2020-06-08 09:33:44.600,3893.0000,27398,-2,777775200.000,2,0,2,双平,S,3892.6000,3890.8000,3890.6000,3890.2000,3890.0000,3893.6000,3893.8000,3894.0000,3894.2000,3894.6000,2,1,3,1,11,1,4,2,4,1
SF,IF2009,2020-06-08 09:33:45.100,3893.0000,27398,0,777775200.000,0,-,-,-,-,3892.6000,3890.8000,3890.6000,3890.2000,3890.0000,3893.6000,3893.8000,3894.0000,3894.2000,3894.6000,2,1,3,1,11,2,3,2,4,1
SF,IF2009,2020-06-08 09:33:45.600,3892.6000,27397,-1,778942980.000,1,0,1,双平,S,3892.6000,3890.8000,3890.6000,3890.2000,3890.0000,3893.0000,3893.4000,3893.6000,3893.8000,3894.0000,1,1,3,1,11,2,2,2,1,2
SF,IF2009,2020-06-08 09:33:46.100,3893.0000,27395,-2,781278780.000,2,0,2,双平,S,3892.6000,3890.8000,3890.6000,3890.2000,3890.0000,3893.4000,3893.6000,3894.0000,3894.2000,3894.6000,1,1,3,1,11,3,2,2,4,1
SF,IF2009,2020-06-08 09:33:46.600,3892.6000,27394,-1,782446560.000,1,0,1,双平,S,3890.8000,3890.6000,3890.2000,3890.0000,3888.4000,3893.2000,3893.4000,3894.0000,3894.2000,3894.6000,1,3,1,6,1,2,3,2,4,1
SF,IF2009,2020-06-08 09:33:47.100,3892.6000,27394,0,782446560.000,0,-,-,-,-,3891.8000,3891.2000,3891.0000,3890.8000,3890.6000,3892.6000,3893.0000,3893.2000,3894.0000,3894.2000,6,1,2,1,3,1,1,2,2,4
SF,IF2009,2020-06-08 09:33:47.600,3892.6000,27394,0,782446560.000,0,-,-,-,-,3891.8000,3891.2000,3891.0000,3890.8000,3890.6000,3892.6000,3893.0000,3893.2000,3894.0000,3894.2000,6,2,2,1,3,2,1,1,2,4
SF,IF2009,2020-06-08 09:33:48.100,3892.6000,27394,0,782446560.000,0,-,-,-,-,3891.2000,3891.0000,3890.8000,3890.6000,3890.2000,3892.6000,3893.2000,3894.0000,3894.2000,3894.6000,2,1,1,3,1,3,1,2,4,1
SF,IF2009,2020-06-08 09:33:48.600,3892.6000,27394,0,782446560.000,0,-,-,-,-,3891.2000,3891.0000,3890.8000,3890.6000,3890.2000,3892.4000,3892.6000,3893.2000,3894.0000,3894.6000,2,1,1,3,1,3,2,1,2,1
SF,IF2009,2020-06-08 09:33:49.100,3892.6000,27394,0,782446560.000,0,-,-,-,-,3891.2000,3891.0000,3890.8000,3890.6000,3890.2000,3892.2000,3892.4000,3892.6000,3893.2000,3894.0000,1,1,1,3,1,1,7,1,1,2
SF,IF2009,2020-06-08 09:33:49.600,3892.4000,27393,-1,785949600.000,3,1,2,多平,S,3892.0000,3891.8000,3891.2000,3891.0000,3890.8000,3892.4000,3892.6000,3894.0000,3894.6000,3895.8000,4,2,1,1,1,4,1,2,1,2
SF,IF2009,2020-06-08 09:33:50.100,3892.4000,27393,0,789452760.000,3,1,2,多换,S,3891.2000,3890.8000,3890.6000,3890.2000,3890.0000,3892.4000,3892.6000,3894.0000,3894.6000,3895.8000,1,1,3,1,5,1,1,2,1,2
SF,IF2009,2020-06-08 09:33:50.600,3892.4000,27393,0,790620480.000,1,0,1,多换,S,3891.8000,3891.2000,3890.8000,3890.6000,3890.2000,3892.6000,3894.0000,3894.6000,3895.8000,3896.2000,6,2,1,1,1,1,2,1,2,1
SF,IF2009,2020-06-08 09:33:51.100,3892.6000,27392,-1,791788260.000,1,0,1,双平,S,3892.0000,3891.8000,3891.4000,3891.2000,3890.8000,3894.0000,3894.6000,3895.8000,3896.0000,3896.2000,5,6,1,1,1,2,1,2,1,1
SF,IF2009,2020-06-08 09:33:51.600,3892.6000,27392,0,791788260.000,0,-,-,-,-,3891.4000,3891.2000,3890.8000,3890.6000,3890.2000,3892.4000,3893.2000,3893.8000,3894.0000,3894.6000,1,1,1,1,1,1,1,2,3,1
SF,IF2009,2020-06-08 09:33:52.100,3891.4000,27391,-1,792955680.000,1,0,1,双平,S,3890.8000,3890.6000,3890.2000,3890.0000,3889.4000,3892.0000,3892.4000,3893.8000,3894.0000,3894.6000,1,1,1,5,1,2,2,2,3,1
SF,IF2009,2020-06-08 09:33:52.600,3891.4000,27391,0,792955680.000,0,-,-,-,-,3890.8000,3890.6000,3890.2000,3890.0000,3889.4000,3891.8000,3892.0000,3892.4000,3894.0000,3894.6000,1,1,1,5,1,1,3,2,3,1
SF,IF2009,2020-06-08 09:33:53.100,3890.8000,27391,0,794122920.000,1,0,1,多换,S,3890.6000,3890.2000,3890.0000,3889.4000,3888.4000,3891.6000,3891.8000,3892.0000,3892.4000,3894.0000,1,1,5,1,1,1,3,3,1,3
SF,IF2009,2020-06-08 09:33:53.600,3891.4000,27391,0,795290340.000,1,0,1,多换,S,3890.6000,3890.2000,3890.0000,3889.4000,3888.4000,3891.4000,3891.6000,3891.8000,3892.0000,3892.4000,1,1,5,1,1,1,1,2,3,1
SF,IF2009,2020-06-08 09:33:54.100,3891.4000,27391,0,796457760.000,1,0,1,多换,S,3890.6000,3890.2000,3890.0000,3889.4000,3888.4000,3891.4000,3891.6000,3891.8000,3892.0000,3892.4000,1,1,5,1,1,1,1,1,3,1
SF,IF2009,2020-06-08 09:33:54.600,3891.4000,27390,-1,797625180.000,1,0,1,双平,S,3890.6000,3890.2000,3890.0000,3889.4000,3888.4000,3891.6000,3891.8000,3892.0000,3892.4000,3894.0000,1,1,5,1,1,1,1,3,1,3
SF,IF2009,2020-06-08 09:33:55.100,3891.4000,27390,0,797625180.000,0,-,-,-,-,3890.6000,3890.2000,3890.0000,3888.4000,3888.0000,3891.6000,3892.0000,3892.4000,3894.0000,3894.6000,2,1,5,1,12,1,3,1,3,1
SF,IF2009,2020-06-08 09:33:55.600,3891.4000,27390,0,797625180.000,0,-,-,-,-,3890.8000,3890.6000,3890.2000,3890.0000,3888.4000,3892.0000,3892.4000,3894.0000,3894.6000,3895.8000,2,3,1,5,1,3,1,3,1,2
SF,IF2009,2020-06-08 09:33:56.100,3891.4000,27390,0,797625180.000,0,-,-,-,-,3891.0000,3890.8000,3890.6000,3890.2000,3890.0000,3892.0000,3892.4000,3894.0000,3894.6000,3895.8000,1,2,2,1,5,3,1,3,1,2
SF,IF2009,2020-06-08 09:33:56.600,3891.4000,27390,0,797625180.000,0,-,-,-,-,3891.2000,3891.0000,3890.6000,3890.2000,3890.0000,3891.6000,3892.0000,3892.4000,3894.0000,3894.6000,2,2,2,1,5,1,3,1,3,1
SF,IF2009,2020-06-08 09:33:57.100,3891.2000,27387,-3,801127500.000,3,0,3,双平,S,3891.2000,3891.0000,3890.6000,3890.2000,3890.0000,3892.0000,3892.4000,3894.0000,3894.6000,3895.8000,2,2,1,1,5,3,1,3,1,2
SF,IF2009,2020-06-08 09:33:57.600,3892.0000,27384,-3,804630300.000,3,0,3,双平,S,3891.6000,3891.4000,3891.2000,3891.0000,3890.6000,3892.4000,3894.0000,3894.6000,3895.8000,3896.0000,1,1,2,2,1,1,3,1,2,2
SF,IF2009,2020-06-08 09:33:58.100,3892.0000,27384,0,804630300.000,0,-,-,-,-,3891.6000,3891.4000,3891.0000,3890.6000,3890.2000,3892.4000,3894.0000,3894.6000,3895.8000,3896.0000,1,1,2,1,1,1,3,1,2,2
SF,IF2009,2020-06-08 09:33:58.600,3892.0000,27384,0,804630300.000,0,-,-,-,-,3891.6000,3891.4000,3891.0000,3890.6000,3890.2000,3892.0000,3892.4000,3894.0000,3894.6000,3895.8000,1,1,2,1,1,1,1,3,1,2
SF,IF2009,2020-06-08 09:33:59.100,3891.6000,27383,-1,805797780.000,1,0,1,双平,S,3891.0000,3890.6000,3890.2000,3890.0000,3888.4000,3891.6000,3892.0000,3892.4000,3894.0000,3894.6000,2,1,1,5,1,2,1,1,3,1
SF,IF2009,2020-06-08 09:33:59.600,3891.6000,27383,0,806965260.000,1,0,1,多换,S,3891.0000,3890.6000,3890.2000,3890.0000,3888.4000,3892.0000,3892.4000,3894.0000,3894.6000,3895.8000,2,1,1,5,1,1,1,3,1,2
SF,IF2009,2020-06-08 09:34:00.100,3891.6000,27383,0,806965260.000,0,-,-,-,-,3891.2000,3891.0000,3890.6000,3890.2000,3890.0000,3892.0000,3892.4000,3894.0000,3894.6000,3895.8000,2,2,1,1,5,1,1,3,1,2
SF,IF2009,2020-06-08 09:34:00.600,3891.6000,27383,0,806965260.000,0,-,-,-,-,3891.4000,3891.2000,3891.0000,3890.6000,3890.2000,3892.0000,3892.4000,3894.0000,3894.6000,3895.8000,1,3,2,1,1,3,1,3,1,2
SF,IF2009,2020-06-08 09:34:01.100,3892.0000,27380,-3,811635660.000,4,0,4,多平,S,3891.6000,3891.4000,3891.2000,3891.0000,3890.6000,3892.4000,3894.0000,3894.6000,3895.8000,3896.0000,1,1,3,2,1,1,2,1,2,2
SF,IF2009,2020-06-08 09:34:01.600,3892.0000,27380,0,811635660.000,0,-,-,-,-,3891.8000,3891.2000,3891.0000,3890.6000,3890.2000,3892.4000,3894.0000,3894.6000,3895.8000,3896.0000,1,1,2,1,1,1,2,1,2,2
SF,IF2009,2020-06-08 09:34:02.100,3892.4000,27379,-1,812803380.000,1,0,1,双平,S,3892.0000,3891.8000,3891.2000,3891.0000,3890.6000,3894.0000,3894.6000,3895.8000,3896.0000,3896.2000,5,2,1,2,1,2,1,2,2,1
SF,IF2009,2020-06-08 09:34:02.600,3892.4000,27379,0,812803380.000,0,-,-,-,-,3891.8000,3891.2000,3891.0000,3890.6000,3890.2000,3893.8000,3894.0000,3894.6000,3895.8000,3896.0000,1,1,2,1,1,3,3,1,2,2
SF,IF2009,2020-06-08 09:34:03.100,3893.8000,27378,-1,813971520.000,1,0,1,双平,S,3892.2000,3891.8000,3891.2000,3891.0000,3890.6000,3893.8000,3894.0000,3894.6000,3895.8000,3896.0000,1,3,1,2,1,2,3,1,2,2
SF,IF2009,2020-06-08 09:34:03.600,3893.8000,27378,0,813971520.000,0,-,-,-,-,3892.2000,3891.8000,3891.2000,3891.0000,3890.6000,3892.8000,3893.8000,3894.6000,3895.8000,3896.0000,2,2,1,2,1,1,1,1,2,2
SF,IF2009,2020-06-08 09:34:04.100,3893.0000,27377,-1,815139420.000,1,0,1,双平,S,3892.4000,3892.2000,3891.8000,3891.2000,3891.0000,3894.6000,3895.8000,3896.0000,3896.2000,3897.6000,1,2,2,1,2,1,2,2,1,1
SF,IF2009,2020-06-08 09:34:04.600,3893.0000,27377,0,815139420.000,0,-,-,-,-,3892.8000,3892.4000,3891.8000,3891.2000,3891.0000,3894.2000,3894.4000,3894.6000,3895.8000,3896.0000,1,2,2,1,2,1,1,1,2,2
SF,IF2009,2020-06-08 09:34:05.100,3893.0000,27377,0,815139420.000,0,-,-,-,-,3892.8000,3892.4000,3891.8000,3891.2000,3891.0000,3894.4000,3894.6000,3895.8000,3896.0000,3896.2000,3,2,2,1,2,1,1,2,2,1
SF,IF2009,2020-06-08 09:34:05.600,3893.0000,27377,0,815139420.000,0,-,-,-,-,3893.4000,3893.0000,3892.8000,3891.8000,3891.2000,3894.4000,3894.6000,3895.8000,3896.0000,3896.2000,6,2,2,2,1,1,1,2,2,1
SF,IF2009,2020-06-08 09:34:06.100,3893.0000,27377,0,815139420.000,0,-,-,-,-,3893.8000,3893.6000,3893.0000,3892.8000,3891.8000,3894.6000,3895.8000,3896.0000,3896.2000,3897.6000,1,1,2,2,1,1,2,2,1,1
SF,IF2009,2020-06-08 09:34:06.600,3893.8000,27373,-4,819811980.000,4,0,4,双平,S,3893.8000,3893.6000,3893.4000,3893.0000,3892.8000,3894.6000,3895.8000,3896.0000,3896.2000,3897.6000,2,1,1,1,2,2,2,2,1,1
SF,IF2009,2020-06-08 09:34:07.100,3894.4000,27373,0,820980300.000,1,0,1,多换,S,3893.6000,3892.8000,3891.8000,3891.2000,3891.0000,3894.6000,3895.8000,3896.0000,3896.2000,3897.6000,1,1,1,1,1,2,2,2,1,1
SF,IF2009,2020-06-08 09:34:07.600,3894.6000,27371,-2,823317060.000,2,0,2,双平,S,3894.0000,3893.8000,3893.6000,3893.4000,3892.8000,3895.8000,3896.0000,3896.2000,3897.6000,3897.8000,1,1,2,1,1,2,2,1,1,1
SF,IF2009,2020-06-08 09:34:08.100,3894.6000,27371,0,823317060.000,0,-,-,-,-,3894.0000,3893.6000,3892.8000,3891.8000,3891.2000,3895.6000,3895.8000,3896.0000,3896.2000,3897.6000,1,2,1,1,1,1,2,2,1,1
SF,IF2009,2020-06-08 09:34:08.600,3894.0000,27370,-1,824485260.000,1,0,1,双平,S,3893.6000,3892.8000,3891.8000,3891.2000,3891.0000,3895.6000,3895.8000,3896.0000,3896.2000,3897.6000,2,1,1,1,1,2,2,2,1,1
SF,IF2009,2020-06-08 09:34:09.100,3894.0000,27370,0,824485260.000,0,-,-,-,-,3893.6000,3892.8000,3891.8000,3891.2000,3891.0000,3895.2000,3895.4000,3895.6000,3895.8000,3896.0000,1,1,1,1,1,1,1,3,2,2
SF,IF2009,2020-06-08 09:34:09.600,3894.0000,27370,0,824485260.000,0,-,-,-,-,3893.6000,3893.4000,3892.8000,3891.8000,3891.2000,3895.6000,3895.8000,3896.0000,3896.2000,3897.6000,1,1,1,1,1,2,2,2,1,1
SF,IF2009,2020-06-08 09:34:10.100,3894.0000,27370,0,824485260.000,0,-,-,-,-,3893.6000,3892.8000,3891.8000,3891.2000,3891.0000,3895.6000,3895.8000,3896.0000,3896.2000,3897.6000,1,1,1,1,1,2,2,2,1,1
SF,IF2009,2020-06-08 09:34:10.600,3894.0000,27370,0,824485260.000,0,-,-,-,-,3893.6000,3892.8000,3891.8000,3891.2000,3891.0000,3895.2000,3895.4000,3895.6000,3895.8000,3896.0000,1,1,1,1,1,1,3,1,2,2
SF,IF2009,2020-06-08 09:34:11.100,3894.0000,27370,0,824485260.000,0,-,-,-,-,3893.6000,3892.8000,3891.8000,3891.2000,3891.0000,3895.4000,3895.6000,3895.8000,3896.0000,3896.2000,1,1,1,1,1,2,1,2,2,1
SF,IF2009,2020-06-08 09:34:11.600,3894.0000,27370,0,824485260.000,0,-,-,-,-,3893.6000,3892.8000,3891.8000,3891.2000,3891.0000,3895.2000,3895.4000,3895.6000,3895.8000,3896.0000,1,1,1,1,1,4,1,1,2,2
SF,IF2009,2020-06-08 09:34:12.600,3894.0000,27370,0,824485260.000,0,-,-,-,-,3893.6000,3892.8000,3891.8000,3891.2000,3891.0000,3895.2000,3895.4000,3895.6000,3895.8000,3896.0000,1,1,1,1,1,4,1,1,2,2
SF,IF2009,2020-06-08 09:34:13.100,3893.6000,27369,-1,825653340.000,1,0,1,双平,S,3893.4000,3892.8000,3891.8000,3891.2000,3891.0000,3895.0000,3895.2000,3895.4000,3895.6000,3895.8000,1,1,1,1,1,1,3,1,1,2
SF,IF2009,2020-06-08 09:34:13.600,3893.6000,27369,0,825653340.000,0,-,-,-,-,3892.8000,3891.8000,3891.2000,3891.0000,3890.6000,3895.0000,3895.2000,3895.4000,3895.6000,3895.8000,1,1,1,1,1,2,3,1,1,2
SF,IF2009,2020-06-08 09:34:14.100,3893.6000,27369,0,825653340.000,0,-,-,-,-,3893.2000,3892.8000,3891.8000,3891.2000,3891.0000,3895.0000,3895.2000,3895.4000,3895.6000,3895.8000,1,1,1,1,1,2,1,1,1,2
SF,IF2009,2020-06-08 09:34:14.600,3893.6000,27369,0,825653340.000,0,-,-,-,-,3893.2000,3892.8000,3891.8000,3891.2000,3891.0000,3894.8000,3895.0000,3895.2000,3895.4000,3895.6000,1,1,1,1,1,1,2,1,1,1
SF,IF2009,2020-06-08 09:34:15.100,3893.6000,27369,0,825653340.000,0,-,-,-,-,3892.8000,3891.8000,3891.2000,3891.0000,3890.6000,3894.8000,3895.0000,3895.4000,3895.6000,3895.8000,1,1,1,1,1,1,1,1,1,2
SF,IF2009,2020-06-08 09:34:15.600,3893.6000,27369,0,825653340.000,0,-,-,-,-,3892.8000,3891.8000,3891.2000,3891.0000,3890.6000,3893.8000,3894.6000,3894.8000,3895.0000,3895.4000,1,1,1,1,1,1,1,1,1,1
SF,IF2009,2020-06-08 09:34:16.100,3893.8000,27368,-1,826821480.000,1,0,1,双平,S,3893.0000,3892.8000,3891.8000,3891.2000,3891.0000,3894.6000,3895.4000,3895.8000,3896.0000,3896.2000,1,1,1,1,1,1,1,2,2,1
