市场代码,合约代码,时间,最新,持仓,增仓,成交额,成交量,开仓,平仓,成交类型,方向,买一价,买二价,买三价,买四价,买五价,卖一价,卖二价,卖三价,卖四价,卖五价,买一量,买二量,买三量,买四量,买五量,卖一量,卖二量,卖三量,卖四量,卖五量
SF,IF2011,2020-09-21 09:29:00.300,4742.6000,1,0,1422780.000,1.000,-,-,-,-,4731.6000,4717.6000,4715.6000,4702.8000,4694.4000,4747.0000,4755.2000,4768.0000,4770.0000,4780.0000,1,1,1,1,1,1,1,1,1,5
SF,IF2011,2020-09-21 09:30:00.300,4731.6000,3,2,4265040.000,2,2,0,双开,S,4717.6000,4715.6000,4703.6000,4702.8000,4694.4000,4741.8000,4745.4000,4746.8000,4747.0000,4755.2000,1,1,2,1,1,1,1,2,1,1
SF,IF2011,2020-09-21 09:30:00.800,4731.6000,3,0,4265040.000,0,-,-,-,-,4731.6000,4715.6000,4703.6000,4702.8000,4668.0000,4741.6000,4741.8000,4745.4000,4746.8000,4747.0000,1,1,2,1,5,2,1,1,2,1
SF,IF2011,2020-09-21 09:30:01.300,4731.6000,4,1,5684520.000,1,1,0,双开,S,4715.6000,4702.8000,4668.0000,4655.2000,4613.4000,4731.6000,4741.6000,4741.8000,4745.4000,4746.8000,1,1,5,1,1,1,2,1,1,2
SF,IF2011,2020-09-21 09:30:01.800,4731.6000,5,1,7104000.000,1,1,0,双开,S,4715.8000,4702.8000,4668.0000,4655.2000,4613.4000,4740.8000,4746.8000,4747.0000,4766.0000,4768.0000,1,1,5,1,1,1,1,1,1,1
SF,IF2011,2020-09-21 09:30:02.300,4731.6000,5,0,7104000.000,0,-,-,-,-,4732.8000,4716.0000,4715.8000,4702.8000,4668.0000,4740.0000,4740.6000,4740.8000,4746.8000,4747.0000,2,1,2,1,5,1,3,1,1,1
SF,IF2011,2020-09-21 09:30:02.800,4731.6000,5,0,7104000.000,0,-,-,-,-,4732.8000,4716.0000,4715.8000,4715.0000,4702.8000,4739.4000,4739.8000,4740.0000,4740.6000,4746.8000,2,1,1,5,1,1,2,6,2,1
SF,IF2011,2020-09-21 09:30:03.300,4732.8000,7,2,9943680.000,2,2,0,双开,S,4732.8000,4716.0000,4715.8000,4715.0000,4702.8000,4739.2000,4739.4000,4739.8000,4740.0000,4746.8000,2,1,1,5,1,2,1,1,6,1
SF,IF2011,2020-09-21 09:30:03.800,4732.8000,8,1,11363520.000,1,1,0,双开,S,4716.0000,4715.8000,4715.0000,4702.8000,4668.0000,4739.2000,4739.8000,4740.0000,4746.8000,4747.0000,1,1,5,1,5,1,1,6,1,1
SF,IF2011,2020-09-21 09:30:04.300,4732.8000,8,0,11363520.000,0,-,-,-,-,4716.2000,4716.0000,4715.0000,4702.8000,4668.0000,4732.0000,4739.2000,4739.8000,4740.0000,4746.8000,1,2,5,1,5,1,1,1,5,1
SF,IF2011,2020-09-21 09:30:04.800,4732.0000,9,1,12783120.000,1,1,0,双开,S,4732.2000,4716.4000,4716.2000,4716.0000,4715.0000,4740.0000,4746.8000,4747.0000,4768.0000,4770.0000,2,1,1,1,5,5,1,1,1,1
SF,IF2011,2020-09-21 09:30:05.300,4732.0000,9,0,12783120.000,0,-,-,-,-,4732.2000,4716.0000,4715.0000,4702.8000,4668.0000,4739.8000,4740.0000,4746.8000,4747.0000,4768.0000,2,1,5,1,5,2,5,1,1,1
SF,IF2011,2020-09-21 09:30:05.800,4732.0000,9,0,12783120.000,0,-,-,-,-,4732.2000,4721.8000,4716.0000,4715.0000,4702.8000,4739.8000,4740.0000,4742.2000,4746.8000,4747.0000,2,1,1,5,1,1,5,1,1,1
SF,IF2011,2020-09-21 09:30:06.300,4732.2000,10,1,14202780.000,1,1,0,双开,S,4732.2000,4721.8000,4716.0000,4715.0000,4702.8000,4739.6000,4739.8000,4740.0000,4742.2000,4746.8000,1,1,1,5,1,1,1,5,1,1
SF,IF2011,2020-09-21 09:30:06.800,4732.2000,10,0,14202780.000,0,-,-,-,-,4732.4000,4732.2000,4721.8000,4715.0000,4702.8000,4739.8000,4740.0000,4742.2000,4746.8000,4747.0000,1,1,1,5,1,1,5,1,1,1
SF,IF2011,2020-09-21 09:30:07.300,4732.2000,10,0,14202780.000,0,-,-,-,-,4732.4000,4732.2000,4721.8000,4715.0000,4702.8000,4739.8000,4740.0000,4742.2000,4746.8000,4747.0000,1,1,1,5,1,1,5,1,1,1
SF,IF2011,2020-09-21 09:30:07.800,4732.2000,10,0,14202780.000,0,-,-,-,-,4732.4000,4732.2000,4715.0000,4702.8000,4668.0000,4739.4000,4739.6000,4739.8000,4740.0000,4742.2000,1,1,5,1,5,1,1,1,5,1
SF,IF2011,2020-09-21 09:30:08.300,4732.2000,10,0,14202780.000,0,-,-,-,-,4732.4000,4732.2000,4715.0000,4702.8000,4666.0000,4739.2000,4739.4000,4739.8000,4740.0000,4742.2000,1,1,5,1,1,1,1,1,5,1
SF,IF2011,2020-09-21 09:30:08.800,4732.2000,10,0,14202780.000,0,-,-,-,-,4732.4000,4732.2000,4715.0000,4702.8000,4666.0000,4739.2000,4739.4000,4739.8000,4740.0000,4742.2000,1,1,5,1,1,1,1,1,5,1
SF,IF2011,2020-09-21 09:30:09.300,4732.2000,10,0,14202780.000,0,-,-,-,-,4732.6000,4732.2000,4715.0000,4702.8000,4666.0000,4738.6000,4739.2000,4739.4000,4739.8000,4740.0000,1,1,5,1,1,1,1,1,1,5
SF,IF2011,2020-09-21 09:30:09.800,4732.2000,10,0,14202780.000,0,-,-,-,-,4732.6000,4732.2000,4715.0000,4702.8000,4666.0000,4738.4000,4738.6000,4739.2000,4739.4000,4740.0000,1,1,5,1,1,1,1,1,1,5
SF,IF2011,2020-09-21 09:30:10.300,4732.2000,10,0,14202780.000,0,-,-,-,-,4733.0000,4732.6000,4732.2000,4715.0000,4702.8000,4738.4000,4738.6000,4739.4000,4740.0000,4742.2000,1,1,1,5,1,1,1,1,5,1
SF,IF2011,2020-09-21 09:30:10.800,4732.2000,10,0,14202780.000,0,-,-,-,-,4732.6000,4732.2000,4715.0000,4702.8000,4666.0000,4738.4000,4738.6000,4740.0000,4742.2000,4746.8000,1,1,5,1,1,1,1,5,1,1
SF,IF2011,2020-09-21 09:30:11.800,4732.2000,10,0,14202780.000,0,-,-,-,-,4732.2000,4715.0000,4702.8000,4666.0000,4655.2000,4738.4000,4738.6000,4740.0000,4742.2000,4746.8000,1,5,1,1,1,1,1,5,1,1
SF,IF2011,2020-09-21 09:30:12.300,4732.2000,10,0,14202780.000,0,-,-,-,-,4732.2000,4715.0000,4702.8000,4666.0000,4655.2000,4738.4000,4738.6000,4740.0000,4742.2000,4746.8000,1,5,1,1,1,1,1,5,1,1
SF,IF2011,2020-09-21 09:30:12.800,4732.2000,10,0,14202780.000,0,-,-,-,-,4732.2000,4715.0000,4702.8000,4666.0000,4655.2000,4738.4000,4738.6000,4740.0000,4746.8000,4747.0000,1,5,1,1,1,1,1,5,1,1
SF,IF2011,2020-09-21 09:30:13.300,4732.2000,10,0,14202780.000,0,-,-,-,-,4732.2000,4715.0000,4702.8000,4666.0000,4655.2000,4738.2000,4738.4000,4738.6000,4740.0000,4746.8000,1,5,1,1,1,1,1,1,5,1
SF,IF2011,2020-09-21 09:30:13.800,4732.2000,10,0,14202780.000,0,-,-,-,-,4732.2000,4715.0000,4702.8000,4666.0000,4655.2000,4738.2000,4738.4000,4738.6000,4740.0000,4746.8000,1,5,1,1,1,1,1,1,5,1
SF,IF2011,2020-09-21 09:30:14.300,4732.2000,10,0,14202780.000,0,-,-,-,-,4732.2000,4715.0000,4702.8000,4666.0000,4655.2000,4738.2000,4738.4000,4738.6000,4740.0000,4746.8000,1,5,1,1,1,1,1,1,5,1
SF,IF2011,2020-09-21 09:30:14.800,4732.2000,10,0,14202780.000,0,-,-,-,-,4732.6000,4732.2000,4715.0000,4702.8000,4666.0000,4738.2000,4738.4000,4738.6000,4740.0000,4746.8000,1,1,5,1,1,1,1,1,5,1
SF,IF2011,2020-09-21 09:30:15.300,4738.0000,11,1,15624180.000,1,1,0,双开,S,4732.6000,4732.2000,4715.0000,4702.8000,4666.0000,4738.0000,4738.2000,4738.4000,4740.0000,4746.8000,1,1,5,1,1,1,1,1,5,1
SF,IF2011,2020-09-21 09:30:15.800,4738.0000,11,0,15624180.000,0,-,-,-,-,4732.6000,4732.2000,4715.0000,4702.8000,4666.0000,4737.8000,4738.0000,4738.2000,4738.4000,4740.0000,1,1,5,1,1,1,1,1,1,5
SF,IF2011,2020-09-21 09:30:16.300,4732.2000,13,2,18463620.000,2,2,0,双开,S,4715.0000,4702.8000,4666.0000,4655.2000,4631.2000,4737.8000,4738.4000,4740.0000,4741.8000,4746.8000,5,1,1,1,1,1,1,5,2,1
SF,IF2011,2020-09-21 09:30:16.800,4732.2000,13,0,18463620.000,0,-,-,-,-,4715.2000,4715.0000,4702.8000,4666.0000,4655.2000,4732.6000,4737.6000,4737.8000,4738.4000,4740.0000,3,6,1,1,1,5,2,1,1,5
SF,IF2011,2020-09-21 09:30:17.300,4732.6000,18,5,25562520.000,5,5,0,双开,S,4715.2000,4715.0000,4702.8000,4666.0000,4655.2000,4737.4000,4737.6000,4740.0000,4746.8000,4768.0000,4,5,1,1,1,1,2,5,1,1
SF,IF2011,2020-09-21 09:30:17.800,4732.6000,18,0,25562520.000,0,-,-,-,-,4728.6000,4722.0000,4720.8000,4720.6000,4715.2000,4737.2000,4737.4000,4737.6000,4740.0000,4746.8000,1,1,1,1,4,1,1,1,5,1
SF,IF2011,2020-09-21 09:30:18.300,4732.6000,18,0,25562520.000,0,-,-,-,-,4728.6000,4722.0000,4720.8000,4720.6000,4715.2000,4737.2000,4737.4000,4737.6000,4738.6000,4740.0000,1,1,1,1,1,1,1,1,1,5
SF,IF2011,2020-09-21 09:30:18.800,4732.6000,18,0,25562520.000,0,-,-,-,-,4728.6000,4722.0000,4720.8000,4720.6000,4715.2000,4736.8000,4737.2000,4737.4000,4737.6000,4738.6000,1,1,1,1,1,1,1,1,1,1
SF,IF2011,2020-09-21 09:30:19.300,4732.6000,18,0,25562520.000,0,-,-,-,-,4728.6000,4720.8000,4720.6000,4715.2000,4715.0000,4736.6000,4736.8000,4737.2000,4737.4000,4737.6000,1,1,1,1,5,1,1,1,1,1
SF,IF2011,2020-09-21 09:30:19.800,4732.6000,18,0,25562520.000,0,-,-,-,-,4728.6000,4720.8000,4720.6000,4715.2000,4715.0000,4735.8000,4736.0000,4736.6000,4736.8000,4737.2000,1,1,1,1,5,1,1,1,1,1
SF,IF2011,2020-09-21 09:30:20.300,4732.6000,18,0,25562520.000,0,-,-,-,-,4728.6000,4720.8000,4720.6000,4715.2000,4715.0000,4735.6000,4735.8000,4736.0000,4736.2000,4737.4000,1,1,1,1,5,1,1,1,1,1
SF,IF2011,2020-09-21 09:30:20.800,4732.6000,18,0,25562520.000,0,-,-,-,-,4728.6000,4720.8000,4720.6000,4715.2000,4715.0000,4735.2000,4735.6000,4735.8000,4736.0000,4738.6000,1,1,1,1,5,1,1,1,1,1
SF,IF2011,2020-09-21 09:30:21.300,4732.6000,18,0,25562520.000,0,-,-,-,-,4728.6000,4720.8000,4720.6000,4715.2000,4715.0000,4735.0000,4735.2000,4735.4000,4735.6000,4738.6000,1,1,1,1,5,2,1,1,1,1
SF,IF2011,2020-09-21 09:30:21.800,4732.6000,18,0,25562520.000,0,-,-,-,-,4728.6000,4720.8000,4720.6000,4715.2000,4715.0000,4734.6000,4735.0000,4735.2000,4735.6000,4738.6000,1,1,1,1,5,1,2,1,1,1
SF,IF2011,2020-09-21 09:30:22.300,4732.6000,18,0,25562520.000,0,-,-,-,-,4720.8000,4720.6000,4715.2000,4715.0000,4702.8000,4734.4000,4734.6000,4735.0000,4735.2000,4738.6000,1,1,1,5,1,1,1,2,1,1
SF,IF2011,2020-09-21 09:30:22.800,4734.4000,19,1,26982840.000,1,1,0,双开,S,4721.0000,4720.8000,4720.6000,4715.2000,4715.0000,4735.0000,4735.2000,4738.6000,4740.0000,4740.6000,1,1,1,1,5,2,1,1,5,2
SF,IF2011,2020-09-21 09:30:23.300,4734.4000,19,0,26982840.000,0,-,-,-,-,4727.2000,4721.0000,4720.8000,4720.6000,4715.2000,4735.0000,4738.6000,4740.0000,4740.6000,4746.8000,1,1,1,1,1,2,1,5,2,1
SF,IF2011,2020-09-21 09:30:23.800,4734.4000,19,0,26982840.000,0,-,-,-,-,4727.4000,4727.2000,4722.6000,4720.8000,4715.2000,4734.4000,4735.0000,4740.0000,4740.6000,4746.8000,1,1,1,1,1,1,2,5,2,1
SF,IF2011,2020-09-21 09:30:24.300,4734.4000,19,0,26982840.000,0,-,-,-,-,4727.4000,4727.2000,4722.6000,4720.8000,4715.2000,4734.0000,4734.2000,4734.4000,4735.0000,4740.0000,1,1,1,1,1,1,1,1,2,5
SF,IF2011,2020-09-21 09:30:24.800,4734.4000,19,0,26982840.000,0,-,-,-,-,4727.4000,4727.2000,4722.6000,4720.8000,4715.2000,4734.0000,4734.2000,4734.4000,4735.0000,4740.0000,1,1,1,1,1,1,1,1,1,5
SF,IF2011,2020-09-21 09:30:25.300,4734.4000,19,0,26982840.000,0,-,-,-,-,4727.4000,4722.6000,4720.8000,4715.2000,4715.0000,4734.0000,4735.0000,4740.0000,4740.6000,4746.8000,1,1,1,1,5,1,1,5,2,1
SF,IF2011,2020-09-21 09:30:25.800,4734.4000,19,0,26982840.000,0,-,-,-,-,4728.8000,4727.4000,4722.6000,4720.8000,4715.2000,4734.0000,4735.0000,4740.0000,4740.6000,4746.8000,1,1,1,1,1,1,1,5,2,1
SF,IF2011,2020-09-21 09:30:27.300,4734.4000,19,0,26982840.000,0,-,-,-,-,4728.8000,4727.4000,4722.6000,4720.8000,4715.2000,4733.8000,4734.0000,4735.0000,4740.0000,4740.6000,1,1,1,1,1,1,1,1,5,2
SF,IF2011,2020-09-21 09:30:30.300,4734.4000,19,0,26982840.000,0,-,-,-,-,4728.8000,4727.4000,4722.6000,4715.2000,4715.0000,4733.8000,4734.0000,4735.0000,4740.0000,4740.6000,1,1,1,1,5,1,1,1,5,2
SF,IF2011,2020-09-21 09:30:30.800,4734.4000,19,0,26982840.000,0,-,-,-,-,4729.0000,4728.8000,4722.6000,4715.2000,4715.0000,4733.8000,4735.0000,4740.0000,4740.6000,4746.8000,1,1,1,1,5,1,1,5,2,1
SF,IF2011,2020-09-21 09:30:31.800,4734.4000,19,0,26982840.000,0,-,-,-,-,4729.6000,4729.0000,4722.6000,4715.2000,4715.0000,4735.0000,4740.0000,4740.6000,4746.8000,4768.0000,1,1,1,1,5,1,5,2,1,1
SF,IF2011,2020-09-21 09:30:34.300,4734.4000,19,0,26982840.000,0,-,-,-,-,4729.6000,4729.0000,4722.6000,4715.2000,4715.0000,4735.0000,4740.0000,4740.6000,4768.0000,4770.0000,1,1,1,1,5,1,5,2,1,1
SF,IF2011,2020-09-21 09:30:34.800,4734.4000,19,0,26982840.000,0,-,-,-,-,4729.8000,4729.6000,4729.0000,4722.6000,4715.2000,4735.0000,4740.0000,4740.6000,4768.0000,4770.0000,1,1,1,1,1,1,5,2,1,1
SF,IF2011,2020-09-21 09:30:35.300,4734.4000,19,0,26982840.000,0,-,-,-,-,4729.8000,4729.6000,4729.0000,4722.6000,4715.2000,4734.8000,4735.0000,4740.0000,4740.6000,4768.0000,2,1,1,1,1,1,1,5,2,1
SF,IF2011,2020-09-21 09:30:35.800,4734.4000,19,0,26982840.000,0,-,-,-,-,4729.8000,4729.6000,4729.0000,4722.6000,4715.2000,4734.8000,4735.0000,4740.0000,4768.0000,4770.0000,1,1,1,1,1,1,1,5,1,1
SF,IF2011,2020-09-21 09:30:36.300,4734.4000,19,0,26982840.000,0,-,-,-,-,4729.8000,4729.0000,4722.6000,4715.2000,4715.0000,4734.8000,4735.0000,4740.0000,4740.4000,4768.0000,1,1,1,1,5,1,1,5,2,1
SF,IF2011,2020-09-21 09:30:36.800,4734.4000,19,0,26982840.000,0,-,-,-,-,4730.2000,4729.8000,4722.6000,4715.2000,4715.0000,4734.8000,4735.0000,4740.0000,4740.4000,4768.0000,1,1,1,1,5,1,1,5,2,1
SF,IF2011,2020-09-21 09:30:37.300,4734.4000,19,0,26982840.000,0,-,-,-,-,4730.2000,4729.8000,4722.6000,4715.2000,4715.0000,4734.6000,4734.8000,4735.0000,4740.0000,4740.4000,1,1,1,1,5,1,1,1,5,2
SF,IF2011,2020-09-21 09:30:37.800,4734.4000,19,0,26982840.000,0,-,-,-,-,4730.2000,4722.6000,4715.2000,4715.0000,4702.8000,4734.6000,4734.8000,4735.0000,4740.0000,4740.4000,1,1,1,5,1,1,1,1,5,2
SF,IF2011,2020-09-21 09:30:38.300,4734.4000,19,0,26982840.000,0,-,-,-,-,4730.2000,4722.6000,4715.2000,4715.0000,4702.8000,4734.6000,4734.8000,4735.0000,4740.0000,4740.4000,1,1,1,5,1,1,1,1,5,2
SF,IF2011,2020-09-21 09:30:38.800,4734.4000,19,0,26982840.000,0,-,-,-,-,4730.4000,4730.2000,4722.6000,4715.2000,4715.0000,4734.0000,4734.6000,4734.8000,4735.0000,4740.0000,1,1,1,1,5,1,1,1,1,5
SF,IF2011,2020-09-21 09:30:39.300,4734.4000,19,0,26982840.000,0,-,-,-,-,4730.4000,4730.2000,4722.6000,4715.2000,4715.0000,4734.0000,4734.8000,4740.0000,4740.4000,4768.0000,1,1,1,1,5,1,1,5,2,1
SF,IF2011,2020-09-21 09:30:39.800,4734.4000,19,0,26982840.000,0,-,-,-,-,4730.4000,4730.2000,4722.6000,4715.2000,4715.0000,4734.0000,4734.8000,4739.4000,4740.0000,4740.4000,1,1,1,1,5,1,1,1,5,2
SF,IF2011,2020-09-21 09:30:40.300,4734.4000,19,0,26982840.000,0,-,-,-,-,4730.4000,4730.2000,4722.6000,4715.2000,4715.0000,4734.0000,4739.4000,4740.0000,4740.4000,4768.0000,1,1,1,1,5,1,1,5,2,1
SF,IF2011,2020-09-21 09:30:40.800,4734.4000,19,0,26982840.000,0,-,-,-,-,4730.4000,4730.2000,4722.6000,4715.2000,4715.0000,4734.0000,4739.4000,4740.0000,4740.4000,4768.0000,1,1,1,1,5,1,1,5,2,1
SF,IF2011,2020-09-21 09:30:41.800,4734.4000,19,0,26982840.000,0,-,-,-,-,4730.6000,4730.4000,4722.6000,4715.2000,4715.0000,4734.0000,4739.4000,4740.0000,4740.4000,4768.0000,1,1,1,1,5,1,1,5,2,1
SF,IF2011,2020-09-21 09:30:42.300,4734.4000,19,0,26982840.000,0,-,-,-,-,4730.6000,4722.6000,4715.2000,4715.0000,4702.8000,4733.8000,4734.0000,4739.4000,4740.0000,4740.4000,1,1,1,5,1,2,1,1,5,2
SF,IF2011,2020-09-21 09:30:42.800,4734.4000,19,0,26982840.000,0,-,-,-,-,4730.6000,4722.6000,4715.2000,4715.0000,4702.8000,4733.8000,4734.0000,4739.4000,4740.0000,4740.4000,1,1,1,5,1,2,1,1,5,2
SF,IF2011,2020-09-21 09:30:43.300,4730.6000,20,1,28402020.000,1,1,0,双开,S,4722.6000,4715.2000,4715.0000,4702.8000,4666.0000,4733.6000,4733.8000,4734.0000,4739.4000,4740.0000,1,1,5,1,1,1,2,1,1,5
SF,IF2011,2020-09-21 09:30:43.800,4730.6000,20,0,28402020.000,0,-,-,-,-,4722.8000,4722.6000,4715.2000,4715.0000,4702.8000,4733.6000,4733.8000,4734.0000,4739.4000,4740.0000,2,1,1,5,1,1,1,1,1,5
SF,IF2011,2020-09-21 09:30:44.800,4730.6000,20,0,28402020.000,0,-,-,-,-,4724.2000,4722.8000,4722.6000,4715.2000,4715.0000,4733.6000,4733.8000,4734.0000,4739.4000,4740.0000,1,2,1,1,5,1,1,1,1,5
SF,IF2011,2020-09-21 09:30:45.300,4730.6000,20,0,28402020.000,0,-,-,-,-,4724.4000,4724.2000,4723.8000,4722.8000,4722.6000,4733.4000,4733.6000,4733.8000,4734.0000,4739.4000,1,1,1,1,1,1,1,1,1,1
SF,IF2011,2020-09-21 09:30:45.800,4733.4000,21,1,29822040.000,1,1,0,双开,S,4724.4000,4724.2000,4723.8000,4722.8000,4722.6000,4733.6000,4733.8000,4734.0000,4739.4000,4739.6000,1,1,1,1,1,1,1,1,1,1
SF,IF2011,2020-09-21 09:30:46.300,4733.4000,21,0,29822040.000,0,-,-,-,-,4725.0000,4724.4000,4724.2000,4723.8000,4715.2000,4733.4000,4733.6000,4733.8000,4734.0000,4739.4000,1,1,1,1,1,1,1,1,1,1
SF,IF2011,2020-09-21 09:30:46.800,4733.4000,21,0,29822040.000,0,-,-,-,-,4725.2000,4725.0000,4724.2000,4715.2000,4715.0000,4733.4000,4733.6000,4733.8000,4734.0000,4739.4000,1,1,1,1,5,1,1,1,1,1
SF,IF2011,2020-09-21 09:30:47.300,4733.4000,21,0,29822040.000,0,-,-,-,-,4725.2000,4725.0000,4715.2000,4715.0000,4702.8000,4732.8000,4733.0000,4733.2000,4733.4000,4733.6000,1,1,1,5,1,1,1,1,1,1
SF,IF2011,2020-09-21 09:30:47.800,4733.4000,21,0,29822040.000,0,-,-,-,-,4725.2000,4725.0000,4715.2000,4715.0000,4702.8000,4732.6000,4732.8000,4733.0000,4733.2000,4733.4000,1,1,1,5,1,3,1,1,1,1
SF,IF2011,2020-09-21 09:30:48.300,4733.4000,21,0,29822040.000,0,-,-,-,-,4725.2000,4725.0000,4715.2000,4715.0000,4702.8000,4732.2000,4732.4000,4732.6000,4732.8000,4733.0000,1,1,1,5,1,1,1,3,1,2
SF,IF2011,2020-09-21 09:30:48.800,4733.4000,21,0,29822040.000,0,-,-,-,-,4725.2000,4725.0000,4715.2000,4715.0000,4702.8000,4732.0000,4732.2000,4732.4000,4732.6000,4732.8000,1,1,1,5,1,1,1,1,2,1
SF,IF2011,2020-09-21 09:30:49.300,4733.4000,21,0,29822040.000,0,-,-,-,-,4725.2000,4715.2000,4715.0000,4702.8000,4666.0000,4731.8000,4732.0000,4732.6000,4732.8000,4733.0000,1,1,5,1,1,1,1,1,1,1
SF,IF2011,2020-09-21 09:30:49.800,4733.4000,21,0,29822040.000,0,-,-,-,-,4725.2000,4715.2000,4715.0000,4702.8000,4666.0000,4731.6000,4731.8000,4732.8000,4733.0000,4734.0000,1,1,5,1,1,1,2,1,1,1
SF,IF2011,2020-09-21 09:30:50.300,4733.4000,21,0,29822040.000,0,-,-,-,-,4725.2000,4715.2000,4715.0000,4702.8000,4666.0000,4731.2000,4731.6000,4731.8000,4733.0000,4734.0000,1,1,5,1,1,1,1,2,1,1
SF,IF2011,2020-09-21 09:30:50.800,4733.4000,21,0,29822040.000,0,-,-,-,-,4725.2000,4715.2000,4715.0000,4702.8000,4666.0000,4731.0000,4731.2000,4731.8000,4733.0000,4734.0000,1,1,5,1,1,1,1,2,1,1
SF,IF2011,2020-09-21 09:30:51.300,4733.4000,21,0,29822040.000,0,-,-,-,-,4725.2000,4715.2000,4715.0000,4702.8000,4666.0000,4731.0000,4731.8000,4733.0000,4734.0000,4734.6000,1,1,5,1,1,1,2,1,1,1
SF,IF2011,2020-09-21 09:30:51.800,4733.4000,21,0,29822040.000,0,-,-,-,-,4725.2000,4715.2000,4715.0000,4702.8000,4666.0000,4731.0000,4733.0000,4734.0000,4734.6000,4740.0000,1,1,5,1,1,1,1,1,1,5
SF,IF2011,2020-09-21 09:30:52.300,4733.4000,21,0,29822040.000,0,-,-,-,-,4715.2000,4715.0000,4702.8000,4666.0000,4655.2000,4730.0000,4730.8000,4731.0000,4733.0000,4734.0000,1,5,1,1,1,1,1,1,1,1
SF,IF2011,2020-09-21 09:30:52.800,4733.4000,21,0,29822040.000,0,-,-,-,-,4715.6000,4715.4000,4715.2000,4715.0000,4702.8000,4730.0000,4730.8000,4733.0000,4734.0000,4734.6000,1,3,2,5,1,1,1,1,1,1
SF,IF2011,2020-09-21 09:30:53.300,4733.4000,21,0,29822040.000,0,-,-,-,-,4716.0000,4715.8000,4715.6000,4715.4000,4715.0000,4729.6000,4730.0000,4733.0000,4734.0000,4734.6000,1,1,1,1,5,1,1,1,1,1
SF,IF2011,2020-09-21 09:30:53.800,4733.4000,21,0,29822040.000,0,-,-,-,-,4721.0000,4719.2000,4716.2000,4716.0000,4715.4000,4729.4000,4729.6000,4730.0000,4733.0000,4734.0000,1,1,1,1,1,1,2,1,1,1
SF,IF2011,2020-09-21 09:30:54.300,4729.4000,22,1,31240860.000,1,1,0,双开,S,4721.2000,4721.0000,4719.2000,4716.2000,4715.4000,4729.6000,4730.0000,4733.0000,4734.0000,4734.6000,1,1,1,1,1,1,1,1,1,1
SF,IF2011,2020-09-21 09:30:54.800,4729.4000,22,0,31240860.000,0,-,-,-,-,4721.2000,4721.0000,4720.4000,4719.2000,4716.2000,4729.2000,4729.4000,4729.6000,4730.0000,4733.0000,1,1,1,1,1,1,1,1,1,1
SF,IF2011,2020-09-21 09:30:55.300,4729.4000,22,0,31240860.000,0,-,-,-,-,4721.8000,4721.6000,4721.2000,4721.0000,4720.4000,4729.0000,4729.2000,4730.0000,4733.0000,4734.0000,1,1,1,1,1,1,1,1,1,1
SF,IF2011,2020-09-21 09:30:55.800,4729.4000,22,0,31240860.000,0,-,-,-,-,4722.0000,4721.8000,4721.6000,4721.0000,4720.4000,4728.8000,4729.0000,4729.2000,4730.0000,4733.0000,1,1,1,1,1,1,1,1,1,1
SF,IF2011,2020-09-21 09:30:56.300,4729.2000,23,1,32659620.000,1,1,0,双开,S,4722.0000,4721.8000,4721.6000,4716.2000,4715.4000,4728.8000,4730.0000,4733.0000,4734.0000,4734.6000,1,1,1,1,1,1,1,1,1,1
SF,IF2011,2020-09-21 09:30:56.800,4729.2000,23,0,32659620.000,0,-,-,-,-,4722.0000,4721.6000,4716.2000,4715.4000,4710.0000,4730.0000,4733.0000,4734.0000,4734.6000,4740.0000,1,1,1,1,5,1,1,1,1,5
SF,IF2011,2020-09-21 09:30:57.300,4729.2000,23,0,32659620.000,0,-,-,-,-,4722.2000,4722.0000,4721.6000,4716.2000,4715.4000,4730.0000,4733.0000,4734.0000,4734.6000,4740.0000,1,1,1,1,1,1,1,1,1,5
SF,IF2011,2020-09-21 09:30:57.800,4729.2000,23,0,32659620.000,0,-,-,-,-,4722.4000,4722.2000,4721.6000,4716.2000,4715.4000,4730.0000,4733.0000,4734.0000,4734.6000,4740.0000,1,1,1,1,1,1,1,1,1,5
SF,IF2011,2020-09-21 09:30:58.300,4729.2000,23,0,32659620.000,0,-,-,-,-,4722.4000,4722.2000,4716.2000,4715.4000,4710.0000,4729.8000,4730.0000,4733.0000,4734.0000,4734.6000,1,1,1,1,5,1,1,1,1,1
SF,IF2011,2020-09-21 09:30:58.800,4729.2000,23,0,32659620.000,0,-,-,-,-,4722.4000,4722.2000,4716.2000,4715.4000,4710.0000,4729.8000,4730.0000,4733.0000,4734.0000,4734.6000,1,1,1,1,5,1,1,1,1,1
SF,IF2011,2020-09-21 09:30:59.300,4729.2000,23,0,32659620.000,0,-,-,-,-,4722.4000,4722.2000,4716.2000,4715.4000,4710.0000,4729.8000,4730.0000,4733.0000,4734.0000,4734.6000,1,1,1,1,5,1,1,1,1,1
SF,IF2011,2020-09-21 09:30:59.800,4729.2000,23,0,32659620.000,0,-,-,-,-,4722.4000,4722.2000,4716.2000,4715.4000,4710.0000,4729.8000,4730.0000,4733.0000,4734.0000,4734.6000,1,1,1,1,5,1,1,1,1,1
SF,IF2011,2020-09-21 09:31:00.300,4729.2000,23,0,32659620.000,0,-,-,-,-,4722.4000,4722.2000,4716.2000,4715.4000,4710.0000,4729.2000,4729.8000,4730.0000,4733.0000,4734.0000,1,1,1,1,5,1,1,1,1,1
SF,IF2011,2020-09-21 09:31:00.800,4729.2000,23,0,32659620.000,0,-,-,-,-,4722.4000,4716.2000,4715.4000,4710.0000,4702.8000,4729.0000,4729.2000,4730.0000,4733.0000,4734.0000,1,1,1,5,1,1,2,1,1,1
SF,IF2011,2020-09-21 09:31:01.300,4729.2000,23,0,32659620.000,0,-,-,-,-,4722.8000,4722.4000,4716.2000,4715.4000,4710.0000,4728.6000,4729.0000,4729.2000,4730.0000,4733.0000,1,1,1,1,5,1,1,1,1,1
SF,IF2011,2020-09-21 09:31:01.800,4729.2000,23,0,32659620.000,0,-,-,-,-,4723.0000,4722.8000,4716.2000,4715.4000,4710.0000,4728.6000,4728.8000,4729.2000,4730.0000,4733.0000,2,1,1,1,5,1,1,1,1,1
SF,IF2011,2020-09-21 09:31:02.800,4729.2000,23,0,32659620.000,0,-,-,-,-,4723.0000,4722.8000,4716.2000,4715.4000,4710.0000,4728.2000,4728.6000,4729.2000,4730.0000,4733.0000,2,1,1,1,5,1,1,1,1,1
SF,IF2011,2020-09-21 09:31:03.300,4729.2000,23,0,32659620.000,0,-,-,-,-,4723.6000,4723.0000,4716.2000,4715.4000,4710.0000,4728.2000,4728.6000,4729.2000,4730.0000,4733.0000,1,1,1,1,5,1,1,1,1,1
SF,IF2011,2020-09-21 09:31:03.800,4729.2000,23,0,32659620.000,0,-,-,-,-,4723.8000,4723.6000,4716.2000,4715.4000,4710.0000,4728.2000,4728.6000,4730.0000,4733.0000,4734.0000,1,1,1,1,5,1,1,1,1,1
SF,IF2011,2020-09-21 09:31:04.300,4729.2000,23,0,32659620.000,0,-,-,-,-,4723.8000,4723.6000,4716.2000,4715.4000,4710.0000,4728.0000,4728.2000,4728.6000,4730.0000,4733.0000,1,1,1,1,5,1,1,1,1,1
SF,IF2011,2020-09-21 09:31:04.800,4729.2000,23,0,32659620.000,0,-,-,-,-,4723.8000,4716.2000,4715.4000,4710.0000,4702.8000,4728.0000,4728.2000,4728.6000,4730.0000,4733.0000,1,1,1,5,1,1,1,1,1,1
SF,IF2011,2020-09-21 09:31:05.300,4729.2000,23,0,32659620.000,0,-,-,-,-,4724.0000,4723.8000,4716.2000,4715.4000,4710.0000,4728.0000,4728.2000,4728.6000,4733.0000,4734.6000,1,1,1,1,5,1,1,1,1,1
SF,IF2011,2020-09-21 09:31:05.800,4729.2000,23,0,32659620.000,0,-,-,-,-,4724.2000,4724.0000,4716.2000,4715.4000,4710.0000,4727.8000,4728.0000,4728.6000,4733.0000,4734.6000,1,1,1,1,5,1,1,1,2,1
SF,IF2011,2020-09-21 09:31:06.300,4729.2000,23,0,32659620.000,0,-,-,-,-,4724.2000,4724.0000,4716.2000,4715.4000,4710.0000,4727.8000,4728.0000,4728.6000,4733.0000,4734.6000,1,1,1,1,5,1,1,1,2,1
SF,IF2011,2020-09-21 09:31:06.800,4729.2000,23,0,32659620.000,0,-,-,-,-,4716.2000,4715.4000,4710.0000,4702.8000,4666.0000,4727.6000,4727.8000,4728.6000,4733.0000,4734.6000,1,1,5,1,1,1,1,1,2,1
SF,IF2011,2020-09-21 09:31:07.300,4729.2000,23,0,32659620.000,0,-,-,-,-,4716.4000,4716.2000,4715.4000,4710.0000,4702.8000,4727.6000,4727.8000,4728.6000,4733.0000,4734.6000,1,1,1,5,1,1,1,1,2,1
SF,IF2011,2020-09-21 09:31:07.800,4729.2000,23,0,32659620.000,0,-,-,-,-,4716.6000,4716.4000,4716.2000,4715.4000,4710.0000,4727.2000,4728.6000,4733.0000,4734.6000,4740.0000,1,1,1,1,5,1,1,2,1,5
SF,IF2011,2020-09-21 09:31:08.300,4729.2000,23,0,32659620.000,0,-,-,-,-,4716.8000,4716.6000,4716.2000,4710.0000,4702.8000,4727.0000,4727.2000,4728.6000,4733.0000,4734.6000,1,1,1,5,1,2,1,1,2,1
SF,IF2011,2020-09-21 09:31:08.800,4729.2000,23,0,32659620.000,0,-,-,-,-,4718.0000,4716.8000,4716.6000,4716.4000,4716.2000,4727.0000,4728.6000,4733.0000,4734.6000,4740.0000,1,1,1,1,1,2,1,2,1,5
SF,IF2011,2020-09-21 09:31:09.300,4729.2000,23,0,32659620.000,0,-,-,-,-,4724.0000,4718.2000,4718.0000,4716.4000,4716.2000,4726.6000,4727.0000,4728.6000,4733.0000,4734.6000,1,1,1,1,1,3,1,1,2,1
SF,IF2011,2020-09-21 09:31:09.800,4724.0000,24,1,34076820.000,1,1,0,双开,S,4718.2000,4718.0000,4716.4000,4716.2000,4705.0000,4724.0000,4726.4000,4726.6000,4728.0000,4728.6000,1,1,1,1,5,1,1,3,1,1
SF,IF2011,2020-09-21 09:31:10.300,4724.0000,25,1,35494020.000,1,1,0,双开,S,4719.4000,4718.0000,4716.2000,4705.0000,4702.8000,4726.6000,4728.0000,4728.6000,4733.0000,4734.6000,1,1,1,5,1,3,1,1,2,1
SF,IF2011,2020-09-21 09:31:10.800,4724.0000,25,0,35494020.000,0,-,-,-,-,4719.6000,4719.4000,4718.0000,4716.2000,4705.0000,4726.6000,4728.0000,4728.6000,4733.0000,4734.6000,1,1,1,1,5,3,1,1,2,1
SF,IF2011,2020-09-21 09:31:11.300,4724.0000,25,0,35494020.000,0,-,-,-,-,4719.6000,4719.4000,4718.0000,4716.2000,4705.0000,4726.4000,4726.6000,4728.0000,4728.6000,4733.0000,1,1,1,1,5,1,3,1,1,2
SF,IF2011,2020-09-21 09:31:11.800,4724.0000,25,0,35494020.000,0,-,-,-,-,4719.6000,4719.4000,4718.0000,4716.2000,4705.0000,4726.4000,4726.6000,4728.0000,4728.6000,4733.0000,1,1,1,1,5,1,3,1,1,1
SF,IF2011,2020-09-21 09:31:12.300,4724.0000,25,0,35494020.000,0,-,-,-,-,4719.6000,4719.4000,4718.0000,4716.2000,4705.0000,4726.0000,4726.4000,4726.6000,4728.0000,4728.6000,1,1,1,1,5,1,1,1,1,1
SF,IF2011,2020-09-21 09:31:12.800,4724.0000,25,0,35494020.000,0,-,-,-,-,4719.6000,4719.4000,4718.0000,4716.2000,4705.0000,4726.0000,4726.4000,4726.6000,4733.0000,4734.6000,1,1,1,1,5,1,1,1,1,1
SF,IF2011,2020-09-21 09:31:13.300,4724.0000,25,0,35494020.000,0,-,-,-,-,4719.6000,4719.4000,4718.0000,4716.2000,4705.0000,4725.8000,4726.6000,4733.0000,4734.6000,4740.0000,1,1,1,1,5,1,1,1,1,5
SF,IF2011,2020-09-21 09:31:13.800,4724.0000,25,0,35494020.000,0,-,-,-,-,4720.0000,4719.6000,4719.4000,4718.0000,4716.2000,4726.6000,4733.0000,4734.6000,4740.0000,4768.0000,1,1,1,1,1,1,1,1,5,1
SF,IF2011,2020-09-21 09:31:14.300,4724.0000,25,0,35494020.000,0,-,-,-,-,4726.4000,4720.4000,4720.2000,4720.0000,4716.2000,4726.6000,4733.0000,4734.6000,4740.0000,4768.0000,1,1,1,1,1,1,1,1,5,1
SF,IF2011,2020-09-21 09:31:14.800,4726.4000,26,1,36911940.000,1,1,0,双开,S,4720.4000,4720.0000,4716.2000,4705.0000,4702.8000,4726.4000,4733.0000,4734.6000,4740.0000,4768.0000,1,1,1,5,1,1,1,1,5,1
SF,IF2011,2020-09-21 09:31:15.300,4726.4000,26,0,36911940.000,0,-,-,-,-,4720.6000,4720.4000,4716.2000,4705.0000,4702.8000,4733.0000,4734.6000,4740.0000,4768.0000,4770.0000,3,1,1,5,1,1,1,5,1,1
SF,IF2011,2020-09-21 09:31:15.800,4726.4000,26,0,36911940.000,0,-,-,-,-,4720.8000,4720.6000,4720.4000,4716.2000,4705.0000,4732.8000,4733.0000,4734.6000,4740.0000,4768.0000,1,2,1,1,5,3,1,1,5,1
SF,IF2011,2020-09-21 09:31:16.300,4726.4000,26,0,36911940.000,0,-,-,-,-,4721.2000,4721.0000,4720.8000,4720.4000,4716.2000,4732.8000,4733.0000,4734.6000,4740.0000,4768.0000,2,1,1,1,1,2,1,1,5,1
SF,IF2011,2020-09-21 09:31:16.800,4726.4000,26,0,36911940.000,0,-,-,-,-,4721.4000,4721.2000,4720.8000,4720.4000,4716.2000,4729.8000,4730.2000,4732.8000,4733.0000,4734.6000,1,2,1,1,1,1,1,2,1,1
SF,IF2011,2020-09-21 09:31:17.300,4726.4000,26,0,36911940.000,0,-,-,-,-,4721.8000,4721.4000,4720.8000,4716.2000,4705.0000,4729.6000,4729.8000,4730.2000,4733.0000,4734.6000,2,1,1,1,5,2,1,1,1,1
SF,IF2011,2020-09-21 09:31:17.800,4726.4000,26,0,36911940.000,0,-,-,-,-,4722.0000,4721.8000,4720.8000,4716.2000,4705.0000,4729.6000,4729.8000,4730.2000,4733.0000,4734.6000,1,2,1,1,5,2,1,1,1,1
SF,IF2011,2020-09-21 09:31:18.300,4726.4000,26,0,36911940.000,0,-,-,-,-,4722.0000,4721.8000,4720.8000,4716.2000,4705.0000,4728.4000,4729.6000,4729.8000,4733.0000,4734.6000,1,2,1,1,5,1,2,1,1,1
SF,IF2011,2020-09-21 09:31:18.800,4726.4000,26,0,36911940.000,0,-,-,-,-,4726.4000,4722.4000,4722.0000,4720.8000,4716.2000,4728.2000,4728.4000,4733.0000,4734.6000,4740.0000,1,2,1,1,1,2,1,1,1,5
SF,IF2011,2020-09-21 09:31:19.300,4726.4000,27,1,38329860.000,1,1,0,双开,S,4722.4000,4720.8000,4716.2000,4705.0000,4702.8000,4726.4000,4728.2000,4728.4000,4733.0000,4734.6000,2,1,1,5,1,2,1,1,1,1
SF,IF2011,2020-09-21 09:31:19.800,4726.4000,27,0,38329860.000,0,-,-,-,-,4720.8000,4716.2000,4705.0000,4702.8000,4666.0000,4726.2000,4728.2000,4733.0000,4734.6000,4740.0000,1,1,5,1,1,1,1,1,1,5
SF,IF2011,2020-09-21 09:31:20.300,4726.4000,27,0,38329860.000,0,-,-,-,-,4720.8000,4716.2000,4705.0000,4702.8000,4666.0000,4726.0000,4726.2000,4728.2000,4733.0000,4734.6000,1,1,5,1,1,1,2,1,1,1
SF,IF2011,2020-09-21 09:31:20.800,4726.4000,27,0,38329860.000,0,-,-,-,-,4716.2000,4705.0000,4702.8000,4666.0000,4655.2000,4725.8000,4726.0000,4728.2000,4733.0000,4734.6000,1,5,1,1,1,3,1,1,1,1
SF,IF2011,2020-09-21 09:31:21.300,4726.4000,27,0,38329860.000,0,-,-,-,-,4716.4000,4716.2000,4705.0000,4702.8000,4666.0000,4725.8000,4726.0000,4728.2000,4729.2000,4733.0000,1,1,5,1,1,3,1,1,1,1
SF,IF2011,2020-09-21 09:31:21.800,4726.4000,27,0,38329860.000,0,-,-,-,-,4716.4000,4716.2000,4705.0000,4702.8000,4666.0000,4725.8000,4726.0000,4728.2000,4730.0000,4733.0000,1,1,5,1,1,3,1,1,5,1
SF,IF2011,2020-09-21 09:31:22.800,4726.4000,27,0,38329860.000,0,-,-,-,-,4717.0000,4716.4000,4716.2000,4705.0000,4702.8000,4725.8000,4726.0000,4728.2000,4730.0000,4733.0000,2,1,1,5,1,2,1,1,5,1
SF,IF2011,2020-09-21 09:31:23.300,4726.4000,27,0,38329860.000,0,-,-,-,-,4718.0000,4717.2000,4717.0000,4716.2000,4705.0000,4726.0000,4728.2000,4733.0000,4734.6000,4735.0000,1,1,2,1,5,1,1,1,1,5
SF,IF2011,2020-09-21 09:31:23.800,4726.4000,27,0,38329860.000,0,-,-,-,-,4719.2000,4718.2000,4718.0000,4717.0000,4716.2000,4726.0000,4728.2000,4733.0000,4734.6000,4735.0000,1,1,1,2,1,1,1,1,1,5
SF,IF2011,2020-09-21 09:31:24.300,4726.4000,27,0,38329860.000,0,-,-,-,-,4719.4000,4719.2000,4718.6000,4716.2000,4705.0000,4726.0000,4733.0000,4734.6000,4735.0000,4768.0000,2,1,2,1,5,1,1,1,5,1
SF,IF2011,2020-09-21 09:31:24.800,4726.4000,27,0,38329860.000,0,-,-,-,-,4720.0000,4719.4000,4719.2000,4716.2000,4705.0000,4726.0000,4733.0000,4734.6000,4735.0000,4768.0000,2,2,1,1,5,1,1,1,5,1
SF,IF2011,2020-09-21 09:31:25.300,4726.4000,27,0,38329860.000,0,-,-,-,-,4720.2000,4720.0000,4719.4000,4719.2000,4716.2000,4726.0000,4733.0000,4734.6000,4735.0000,4768.0000,1,2,1,1,1,1,1,1,5,1
SF,IF2011,2020-09-21 09:31:25.800,4726.4000,27,0,38329860.000,0,-,-,-,-,4720.2000,4720.0000,4719.2000,4716.2000,4705.0000,4725.8000,4726.0000,4733.0000,4734.6000,4735.0000,1,2,1,1,5,1,1,1,1,5
SF,IF2011,2020-09-21 09:31:26.300,4726.4000,27,0,38329860.000,0,-,-,-,-,4720.2000,4720.0000,4719.2000,4716.2000,4705.0000,4726.0000,4733.0000,4734.6000,4735.0000,4768.0000,1,2,1,1,5,1,1,1,5,1
SF,IF2011,2020-09-21 09:31:26.800,4726.4000,27,0,38329860.000,0,-,-,-,-,4720.2000,4720.0000,4719.2000,4716.2000,4705.0000,4726.0000,4733.0000,4734.6000,4735.0000,4768.0000,1,2,1,1,5,2,1,1,5,1
SF,IF2011,2020-09-21 09:31:27.300,4726.4000,27,0,38329860.000,0,-,-,-,-,4720.6000,4720.2000,4720.0000,4719.2000,4716.2000,4726.0000,4733.0000,4734.6000,4735.0000,4768.0000,1,1,2,1,1,2,1,1,5,1
SF,IF2011,2020-09-21 09:31:27.800,4726.4000,27,0,38329860.000,0,-,-,-,-,4720.8000,4720.6000,4720.0000,4716.2000,4705.0000,4726.0000,4733.0000,4734.6000,4735.0000,4768.0000,1,1,2,1,5,2,1,1,5,1
SF,IF2011,2020-09-21 09:31:28.300,4726.4000,27,0,38329860.000,0,-,-,-,-,4721.0000,4720.8000,4720.6000,4716.2000,4705.0000,4726.0000,4733.0000,4734.6000,4735.0000,4768.0000,2,1,1,1,5,2,1,1,5,1
SF,IF2011,2020-09-21 09:31:28.800,4726.4000,27,0,38329860.000,0,-,-,-,-,4721.2000,4721.0000,4716.2000,4705.0000,4702.8000,4726.0000,4733.0000,4734.6000,4735.0000,4768.0000,1,2,1,5,1,1,1,1,5,1
SF,IF2011,2020-09-21 09:31:29.300,4726.4000,27,0,38329860.000,0,-,-,-,-,4721.6000,4721.2000,4716.2000,4705.0000,4702.8000,4726.0000,4733.0000,4734.6000,4735.0000,4768.0000,3,1,1,5,1,1,1,1,5,1
SF,IF2011,2020-09-21 09:31:29.800,4726.4000,27,0,38329860.000,0,-,-,-,-,4721.8000,4721.6000,4716.2000,4705.0000,4702.8000,4726.0000,4733.0000,4734.6000,4735.0000,4768.0000,1,3,1,5,1,1,1,1,5,1
SF,IF2011,2020-09-21 09:31:30.300,4726.4000,27,0,38329860.000,0,-,-,-,-,4722.0000,4721.8000,4721.6000,4716.2000,4705.0000,4725.8000,4726.0000,4733.0000,4734.6000,4735.0000,1,1,2,1,5,1,1,1,1,5
SF,IF2011,2020-09-21 09:31:30.800,4726.4000,27,0,38329860.000,0,-,-,-,-,4722.0000,4721.8000,4716.2000,4705.0000,4702.8000,4725.8000,4726.0000,4733.0000,4734.6000,4735.0000,1,1,1,5,1,1,1,1,1,5
SF,IF2011,2020-09-21 09:31:31.300,4726.4000,27,0,38329860.000,0,-,-,-,-,4722.0000,4721.8000,4716.2000,4705.0000,4702.8000,4725.8000,4726.0000,4733.0000,4734.6000,4735.0000,1,1,1,5,1,1,1,1,1,5
SF,IF2011,2020-09-21 09:31:31.800,4726.4000,27,0,38329860.000,0,-,-,-,-,4722.0000,4721.8000,4716.2000,4705.0000,4702.8000,4725.8000,4726.0000,4729.4000,4733.0000,4734.6000,1,1,1,5,1,1,1,1,1,1
SF,IF2011,2020-09-21 09:31:34.300,4726.4000,27,0,38329860.000,0,-,-,-,-,4722.2000,4722.0000,4721.8000,4716.2000,4705.0000,4725.8000,4726.0000,4729.4000,4733.0000,4734.6000,2,1,1,1,5,1,1,1,1,1
SF,IF2011,2020-09-21 09:31:35.300,4726.4000,27,0,38329860.000,0,-,-,-,-,4722.0000,4721.8000,4716.2000,4705.0000,4702.8000,4725.8000,4726.0000,4733.0000,4734.6000,4735.0000,1,1,1,5,1,1,1,1,1,5
SF,IF2011,2020-09-21 09:31:35.800,4726.4000,27,0,38329860.000,0,-,-,-,-,4721.8000,4716.2000,4705.0000,4702.8000,4666.0000,4725.8000,4726.0000,4733.0000,4734.6000,4735.0000,1,1,5,1,1,1,1,1,1,5
SF,IF2011,2020-09-21 09:31:36.300,4726.4000,27,0,38329860.000,0,-,-,-,-,4722.0000,4716.2000,4705.0000,4702.8000,4666.0000,4725.8000,4726.0000,4733.0000,4734.6000,4735.0000,1,1,5,1,1,1,1,1,1,5
SF,IF2011,2020-09-21 09:31:36.800,4726.4000,27,0,38329860.000,0,-,-,-,-,4722.0000,4716.2000,4705.0000,4702.8000,4666.0000,4725.8000,4726.0000,4733.0000,4734.6000,4735.0000,1,1,5,1,1,1,1,1,1,5
SF,IF2011,2020-09-21 09:31:37.300,4726.4000,27,0,38329860.000,0,-,-,-,-,4722.0000,4716.2000,4705.0000,4702.8000,4666.0000,4725.8000,4726.0000,4733.0000,4734.6000,4735.0000,1,1,5,1,1,1,1,1,1,5
SF,IF2011,2020-09-21 09:31:37.800,4726.4000,27,0,38329860.000,0,-,-,-,-,4716.2000,4705.0000,4702.8000,4666.0000,4655.2000,4725.8000,4726.0000,4733.0000,4734.6000,4735.0000,1,5,1,1,1,1,1,1,1,5
SF,IF2011,2020-09-21 09:31:38.300,4726.4000,27,0,38329860.000,0,-,-,-,-,4716.4000,4716.2000,4705.0000,4702.8000,4666.0000,4726.0000,4733.0000,4734.6000,4735.0000,4768.0000,1,1,5,1,1,1,1,1,5,1
SF,IF2011,2020-09-21 09:31:39.800,4726.4000,27,0,38329860.000,0,-,-,-,-,4718.0000,4716.4000,4716.2000,4705.0000,4702.8000,4726.0000,4733.0000,4734.6000,4735.0000,4768.0000,1,1,1,5,1,1,1,1,5,1
SF,IF2011,2020-09-21 09:31:40.300,4726.4000,27,0,38329860.000,0,-,-,-,-,4718.2000,4718.0000,4716.2000,4705.0000,4702.8000,4726.0000,4733.0000,4734.6000,4735.0000,4768.0000,1,1,1,5,1,1,1,1,5,1
SF,IF2011,2020-09-21 09:31:40.800,4726.4000,27,0,38329860.000,0,-,-,-,-,4718.2000,4718.0000,4716.2000,4705.0000,4702.8000,4726.0000,4733.0000,4734.6000,4735.0000,4768.0000,1,1,1,5,1,1,1,1,5,1
SF,IF2011,2020-09-21 09:31:41.300,4726.4000,27,0,38329860.000,0,-,-,-,-,4719.4000,4719.2000,4718.4000,4718.2000,4716.2000,4726.0000,4733.0000,4734.6000,4735.0000,4768.0000,1,1,1,1,1,1,1,1,5,1
SF,IF2011,2020-09-21 09:31:41.800,4726.4000,27,0,38329860.000,0,-,-,-,-,4719.6000,4719.4000,4719.2000,4718.4000,4716.2000,4725.8000,4726.0000,4733.0000,4734.6000,4735.0000,1,1,1,1,1,1,1,1,1,5
SF,IF2011,2020-09-21 09:31:42.300,4726.4000,27,0,38329860.000,0,-,-,-,-,4719.8000,4719.6000,4719.4000,4719.2000,4718.4000,4725.8000,4726.0000,4733.0000,4734.6000,4735.0000,2,1,1,1,1,1,1,1,1,5
SF,IF2011,2020-09-21 09:31:42.800,4726.4000,27,0,38329860.000,0,-,-,-,-,4720.0000,4719.8000,4719.4000,4719.2000,4716.2000,4725.8000,4726.0000,4733.0000,4734.6000,4735.0000,1,2,1,1,1,1,1,1,1,5
SF,IF2011,2020-09-21 09:31:43.300,4726.4000,27,0,38329860.000,0,-,-,-,-,4720.2000,4720.0000,4719.8000,4719.2000,4716.2000,4725.4000,4726.0000,4733.0000,4734.6000,4735.0000,1,1,2,1,1,1,1,1,1,5
SF,IF2011,2020-09-21 09:31:43.800,4726.4000,27,0,38329860.000,0,-,-,-,-,4720.4000,4720.2000,4719.2000,4716.2000,4705.0000,4725.4000,4726.0000,4733.0000,4734.6000,4735.0000,1,3,1,1,5,1,1,1,1,5
SF,IF2011,2020-09-21 09:31:44.300,4726.4000,27,0,38329860.000,0,-,-,-,-,4720.8000,4720.4000,4720.2000,4719.2000,4716.2000,4726.0000,4733.0000,4734.6000,4735.0000,4768.0000,2,1,1,1,1,1,1,1,5,1
SF,IF2011,2020-09-21 09:31:44.800,4726.4000,27,0,38329860.000,0,-,-,-,-,4721.0000,4720.8000,4720.2000,4719.2000,4716.2000,4726.0000,4733.0000,4734.6000,4735.0000,4768.0000,1,2,1,1,1,1,1,1,5,1
SF,IF2011,2020-09-21 09:31:45.300,4726.4000,27,0,38329860.000,0,-,-,-,-,4721.0000,4720.8000,4719.2000,4716.2000,4705.0000,4726.0000,4733.0000,4734.6000,4735.0000,4768.0000,1,2,1,1,5,1,1,1,5,1
SF,IF2011,2020-09-21 09:31:45.800,4726.4000,27,0,38329860.000,0,-,-,-,-,4721.2000,4721.0000,4719.2000,4716.2000,4705.0000,4726.0000,4733.0000,4734.6000,4735.0000,4768.0000,2,1,1,1,5,1,1,1,5,1
SF,IF2011,2020-09-21 09:31:46.300,4726.4000,27,0,38329860.000,0,-,-,-,-,4721.4000,4721.2000,4719.2000,4716.2000,4705.0000,4726.0000,4733.0000,4734.6000,4735.0000,4768.0000,1,3,1,1,5,1,1,1,5,1
SF,IF2011,2020-09-21 09:31:47.300,4726.4000,27,0,38329860.000,0,-,-,-,-,4721.4000,4721.2000,4719.2000,4716.2000,4705.0000,4726.0000,4733.0000,4734.6000,4735.0000,4768.0000,1,3,1,1,5,1,2,1,5,1
SF,IF2011,2020-09-21 09:31:47.800,4726.4000,27,0,38329860.000,0,-,-,-,-,4721.6000,4721.4000,4716.2000,4705.0000,4702.8000,4726.0000,4733.0000,4734.6000,4735.0000,4768.0000,1,1,1,5,1,1,2,1,5,1
SF,IF2011,2020-09-21 09:31:48.300,4726.4000,27,0,38329860.000,0,-,-,-,-,4721.6000,4721.4000,4716.2000,4705.0000,4702.8000,4725.8000,4726.0000,4733.0000,4734.6000,4735.0000,1,1,1,5,1,1,1,2,1,5
SF,IF2011,2020-09-21 09:31:48.800,4726.4000,27,0,38329860.000,0,-,-,-,-,4721.6000,4716.2000,4705.0000,4702.8000,4666.0000,4725.8000,4726.0000,4733.0000,4734.6000,4735.0000,1,1,5,1,1,1,1,2,1,5
SF,IF2011,2020-09-21 09:31:49.300,4726.4000,27,0,38329860.000,0,-,-,-,-,4716.2000,4705.0000,4702.8000,4666.0000,4655.2000,4725.6000,4725.8000,4726.0000,4733.0000,4734.6000,1,5,1,1,1,1,1,1,2,1
SF,IF2011,2020-09-21 09:31:49.800,4726.4000,27,0,38329860.000,0,-,-,-,-,4716.4000,4716.2000,4705.0000,4702.8000,4666.0000,4725.4000,4725.6000,4726.0000,4733.0000,4734.6000,2,1,5,1,1,1,1,1,2,1
SF,IF2011,2020-09-21 09:31:50.300,4726.4000,27,0,38329860.000,0,-,-,-,-,4716.4000,4716.2000,4705.0000,4702.8000,4666.0000,4724.8000,4726.0000,4733.0000,4734.6000,4735.0000,2,1,5,1,1,2,1,2,1,5
SF,IF2011,2020-09-21 09:31:51.300,4726.4000,27,0,38329860.000,0,-,-,-,-,4718.6000,4716.4000,4716.2000,4705.0000,4702.8000,4724.8000,4726.0000,4733.0000,4734.6000,4735.0000,1,2,1,5,1,2,1,2,1,5
SF,IF2011,2020-09-21 09:31:51.800,4726.4000,27,0,38329860.000,0,-,-,-,-,4718.8000,4718.6000,4716.4000,4716.2000,4705.0000,4724.8000,4726.0000,4733.0000,4734.6000,4735.0000,1,1,1,1,5,2,1,2,1,5
SF,IF2011,2020-09-21 09:31:52.300,4726.4000,27,0,38329860.000,0,-,-,-,-,4719.2000,4718.8000,4718.6000,4716.4000,4716.2000,4726.0000,4733.0000,4734.6000,4735.0000,4768.0000,1,1,1,1,1,1,2,1,5,1
SF,IF2011,2020-09-21 09:31:52.800,4726.4000,27,0,38329860.000,0,-,-,-,-,4719.8000,4719.4000,4719.2000,4718.8000,4716.4000,4726.0000,4733.0000,4734.6000,4735.0000,4768.0000,1,3,1,1,1,1,2,1,5,1
SF,IF2011,2020-09-21 09:31:53.300,4726.4000,27,0,38329860.000,0,-,-,-,-,4720.0000,4719.8000,4719.4000,4719.2000,4716.4000,4726.0000,4733.0000,4734.6000,4735.0000,4768.0000,1,2,2,1,1,1,2,1,5,1
SF,IF2011,2020-09-21 09:31:53.800,4726.4000,27,0,38329860.000,0,-,-,-,-,4720.4000,4720.0000,4719.8000,4719.2000,4716.4000,4726.0000,4733.0000,4734.6000,4735.0000,4768.0000,2,1,2,1,1,1,2,1,5,1
SF,IF2011,2020-09-21 09:31:54.300,4726.4000,27,0,38329860.000,0,-,-,-,-,4720.6000,4720.4000,4719.2000,4716.4000,4716.2000,4726.0000,4733.0000,4734.6000,4735.0000,4768.0000,1,2,1,1,1,1,2,1,5,1
SF,IF2011,2020-09-21 09:31:54.800,4726.4000,27,0,38329860.000,0,-,-,-,-,4721.0000,4720.6000,4719.2000,4716.4000,4716.2000,4726.0000,4733.0000,4734.6000,4735.0000,4768.0000,2,1,1,1,1,1,2,1,5,1
SF,IF2011,2020-09-21 09:31:55.300,4726.4000,27,0,38329860.000,0,-,-,-,-,4721.2000,4721.0000,4719.2000,4716.4000,4715.0000,4726.0000,4733.0000,4734.6000,4735.0000,4768.0000,1,3,1,1,1,1,2,1,5,1
SF,IF2011,2020-09-21 09:31:55.800,4726.4000,27,0,38329860.000,0,-,-,-,-,4721.2000,4721.0000,4719.2000,4716.4000,4715.0000,4726.0000,4733.0000,4734.6000,4735.0000,4768.0000,1,3,1,1,1,1,2,1,5,1
SF,IF2011,2020-09-21 09:31:56.300,4726.4000,27,0,38329860.000,0,-,-,-,-,4721.6000,4721.2000,4721.0000,4719.2000,4716.4000,4726.0000,4733.0000,4734.6000,4735.0000,4768.0000,2,1,1,1,1,1,2,1,5,1
SF,IF2011,2020-09-21 09:31:56.800,4726.4000,27,0,38329860.000,0,-,-,-,-,4721.8000,4721.6000,4721.0000,4719.2000,4716.4000,4726.0000,4733.0000,4734.6000,4735.0000,4768.0000,1,2,1,1,1,1,2,1,5,1
SF,IF2011,2020-09-21 09:31:57.300,4726.4000,27,0,38329860.000,0,-,-,-,-,4721.8000,4721.0000,4719.2000,4716.4000,4715.0000,4726.0000,4733.0000,4734.6000,4735.0000,4768.0000,1,1,1,1,1,1,2,1,5,1
SF,IF2011,2020-09-21 09:31:59.800,4726.0000,28,1,39747660.000,1,1,0,双开,S,4726.0000,4721.8000,4719.2000,4716.4000,4715.0000,4733.0000,4734.6000,4735.0000,4768.0000,4770.0000,1,1,1,1,1,2,1,5,1,1
SF,IF2011,2020-09-21 09:32:00.300,4726.0000,29,1,41165460.000,1,1,0,双开,S,4719.2000,4715.0000,4705.0000,4702.8000,4666.0000,4726.0000,4732.8000,4733.0000,4734.6000,4735.0000,1,1,5,1,1,1,1,2,1,5
SF,IF2011,2020-09-21 09:32:00.800,4726.0000,29,0,41165460.000,0,-,-,-,-,4719.4000,4719.2000,4715.0000,4705.0000,4702.8000,4733.0000,4734.6000,4735.0000,4768.0000,4770.0000,1,1,1,5,1,2,1,5,1,1
SF,IF2011,2020-09-21 09:32:01.300,4726.0000,29,0,41165460.000,0,-,-,-,-,4719.4000,4719.2000,4715.0000,4705.0000,4702.8000,4732.8000,4733.0000,4734.6000,4735.0000,4768.0000,1,1,1,5,1,3,2,1,5,1
SF,IF2011,2020-09-21 09:32:01.800,4726.0000,29,0,41165460.000,0,-,-,-,-,4720.4000,4719.4000,4719.2000,4715.0000,4705.0000,4728.8000,4729.4000,4732.8000,4733.0000,4734.6000,1,1,1,1,5,1,2,2,2,1
SF,IF2011,2020-09-21 09:32:02.300,4726.0000,29,0,41165460.000,0,-,-,-,-,4720.6000,4720.4000,4715.0000,4705.0000,4702.8000,4728.6000,4728.8000,4729.4000,4733.0000,4733.8000,1,2,1,5,1,2,1,2,2,1
SF,IF2011,2020-09-21 09:32:02.800,4726.0000,29,0,41165460.000,0,-,-,-,-,4720.6000,4720.4000,4715.0000,4705.0000,4702.8000,4728.4000,4728.6000,4728.8000,4730.8000,4733.0000,1,2,1,5,1,2,3,1,1,2
SF,IF2011,2020-09-21 09:32:03.300,4726.0000,29,0,41165460.000,0,-,-,-,-,4720.6000,4720.4000,4715.0000,4705.0000,4702.8000,4728.2000,4728.6000,4730.8000,4733.0000,4734.6000,1,2,1,5,1,1,2,1,2,1
SF,IF2011,2020-09-21 09:32:03.800,4726.0000,29,0,41165460.000,0,-,-,-,-,4720.6000,4720.4000,4715.0000,4705.0000,4702.8000,4726.6000,4728.0000,4728.2000,4728.6000,4730.8000,1,1,1,5,1,1,2,1,1,1
SF,IF2011,2020-09-21 09:32:04.300,4726.0000,29,0,41165460.000,0,-,-,-,-,4721.0000,4720.6000,4720.4000,4715.0000,4705.0000,4726.6000,4728.0000,4728.2000,4728.6000,4730.8000,1,1,1,1,5,1,2,1,1,1
SF,IF2011,2020-09-21 09:32:04.800,4726.0000,29,0,41165460.000,0,-,-,-,-,4721.2000,4721.0000,4720.4000,4715.0000,4705.0000,4726.4000,4726.6000,4728.0000,4728.2000,4728.6000,1,1,1,1,5,2,1,1,1,1
SF,IF2011,2020-09-21 09:32:05.300,4726.0000,29,0,41165460.000,0,-,-,-,-,4721.2000,4721.0000,4720.4000,4715.0000,4705.0000,4726.6000,4728.0000,4728.2000,4728.6000,4730.8000,1,1,1,1,5,1,1,1,1,1
SF,IF2011,2020-09-21 09:32:05.800,4726.0000,29,0,41165460.000,0,-,-,-,-,4721.2000,4720.4000,4715.0000,4705.0000,4702.8000,4728.0000,4728.2000,4728.6000,4730.8000,4733.0000,1,1,1,5,1,1,1,1,1,2
SF,IF2011,2020-09-21 09:32:06.300,4726.0000,29,0,41165460.000,0,-,-,-,-,4721.6000,4721.2000,4720.4000,4715.0000,4705.0000,4727.8000,4728.0000,4728.6000,4730.8000,4733.0000,2,1,1,1,5,1,1,1,1,2
SF,IF2011,2020-09-21 09:32:06.800,4726.0000,29,0,41165460.000,0,-,-,-,-,4721.6000,4721.2000,4720.4000,4715.0000,4705.0000,4727.0000,4727.8000,4728.0000,4730.8000,4733.0000,2,1,1,1,5,1,1,1,1,2
SF,IF2011,2020-09-21 09:32:07.300,4726.0000,29,0,41165460.000,0,-,-,-,-,4720.4000,4715.0000,4705.0000,4702.8000,4666.0000,4726.8000,4727.0000,4730.8000,4733.0000,4734.6000,1,1,5,1,1,2,1,1,2,1
SF,IF2011,2020-09-21 09:32:07.800,4726.0000,29,0,41165460.000,0,-,-,-,-,4715.0000,4705.0000,4702.8000,4666.0000,4655.2000,4726.4000,4726.8000,4727.0000,4730.8000,4733.0000,1,5,1,1,1,2,2,1,1,2
SF,IF2011,2020-09-21 09:32:08.300,4726.0000,29,0,41165460.000,0,-,-,-,-,4715.2000,4715.0000,4705.0000,4702.8000,4666.0000,4726.2000,4726.4000,4726.8000,4730.8000,4733.0000,1,1,5,1,1,2,2,1,1,2
SF,IF2011,2020-09-21 09:32:08.800,4726.0000,29,0,41165460.000,0,-,-,-,-,4720.0000,4715.2000,4715.0000,4705.0000,4702.8000,4725.6000,4726.2000,4726.8000,4730.8000,4733.0000,1,1,1,5,1,2,2,1,1,2
SF,IF2011,2020-09-21 09:32:09.300,4726.0000,29,0,41165460.000,0,-,-,-,-,4720.0000,4716.8000,4715.2000,4715.0000,4705.0000,4725.4000,4725.6000,4726.2000,4726.8000,4730.8000,1,1,1,1,5,2,2,1,1,1
SF,IF2011,2020-09-21 09:32:09.800,4726.0000,29,0,41165460.000,0,-,-,-,-,4720.2000,4720.0000,4716.8000,4715.0000,4705.0000,4725.4000,4725.6000,4726.2000,4726.8000,4730.8000,1,1,1,1,5,2,2,1,1,1
SF,IF2011,2020-09-21 09:32:10.300,4726.0000,29,0,41165460.000,0,-,-,-,-,4720.2000,4720.0000,4716.8000,4715.0000,4705.0000,4725.2000,4725.4000,4726.2000,4726.8000,4730.8000,1,1,1,1,5,1,2,1,1,1
SF,IF2011,2020-09-21 09:32:10.800,4726.0000,29,0,41165460.000,0,-,-,-,-,4720.2000,4720.0000,4716.8000,4715.0000,4705.0000,4725.2000,4725.4000,4726.8000,4730.8000,4733.0000,1,1,1,1,5,1,2,1,1,2
SF,IF2011,2020-09-21 09:32:11.300,4726.0000,29,0,41165460.000,0,-,-,-,-,4720.2000,4720.0000,4716.8000,4715.0000,4705.0000,4725.0000,4725.2000,4726.8000,4730.8000,4733.0000,1,1,1,1,5,1,1,1,1,2
SF,IF2011,2020-09-21 09:32:12.300,4726.0000,29,0,41165460.000,0,-,-,-,-,4720.2000,4720.0000,4716.8000,4715.0000,4705.0000,4724.8000,4725.0000,4726.8000,4730.8000,4733.0000,1,1,1,1,5,1,1,1,1,2
SF,IF2011,2020-09-21 09:32:12.800,4720.2000,30,1,42581520.000,1,1,0,双开,S,4720.0000,4716.8000,4715.0000,4705.0000,4702.8000,4724.6000,4724.8000,4725.0000,4726.8000,4730.8000,1,1,1,5,1,1,1,1,1,1
SF,IF2011,2020-09-21 09:32:13.300,4720.2000,30,0,42581520.000,0,-,-,-,-,4720.0000,4715.0000,4705.0000,4702.8000,4666.0000,4724.4000,4724.8000,4726.8000,4730.8000,4733.0000,1,1,5,1,1,1,1,1,1,2
SF,IF2011,2020-09-21 09:32:13.800,4720.2000,30,0,42581520.000,0,-,-,-,-,4720.2000,4720.0000,4715.0000,4705.0000,4702.8000,4724.8000,4726.8000,4730.8000,4733.0000,4734.6000,1,1,1,5,1,1,1,1,2,1
SF,IF2011,2020-09-21 09:32:14.300,4720.2000,30,0,42581520.000,0,-,-,-,-,4720.6000,4720.2000,4720.0000,4715.0000,4705.0000,4730.8000,4733.0000,4734.6000,4735.0000,4768.0000,1,1,1,1,5,1,2,1,5,1
SF,IF2011,2020-09-21 09:32:14.800,4720.2000,30,0,42581520.000,0,-,-,-,-,4720.6000,4720.4000,4720.0000,4715.0000,4705.0000,4730.6000,4730.8000,4733.0000,4734.6000,4735.0000,1,1,1,1,5,2,1,2,1,5
SF,IF2011,2020-09-21 09:32:15.300,4720.2000,30,0,42581520.000,0,-,-,-,-,4721.0000,4720.6000,4720.0000,4715.0000,4705.0000,4730.6000,4730.8000,4733.0000,4734.6000,4735.0000,1,1,1,1,5,2,1,2,1,5
SF,IF2011,2020-09-21 09:32:15.800,4720.2000,30,0,42581520.000,0,-,-,-,-,4721.6000,4721.2000,4721.0000,4720.0000,4715.0000,4727.8000,4729.2000,4729.4000,4730.6000,4730.8000,1,1,1,1,1,1,1,1,2,1
SF,IF2011,2020-09-21 09:32:16.300,4720.2000,30,0,42581520.000,0,-,-,-,-,4721.6000,4721.2000,4720.0000,4715.0000,4705.0000,4727.6000,4727.8000,4729.2000,4729.4000,4730.8000,1,1,1,1,5,2,1,1,1,1
SF,IF2011,2020-09-21 09:32:16.800,4720.2000,30,0,42581520.000,0,-,-,-,-,4721.4000,4721.2000,4720.0000,4715.0000,4705.0000,4727.0000,4727.6000,4727.8000,4729.4000,4730.8000,1,1,1,1,5,3,2,1,1,1
SF,IF2011,2020-09-21 09:32:17.300,4720.2000,30,0,42581520.000,0,-,-,-,-,4721.4000,4721.2000,4720.0000,4715.0000,4705.0000,4726.4000,4726.8000,4727.0000,4727.6000,4733.0000,1,1,1,1,5,1,2,3,1,2
SF,IF2011,2020-09-21 09:32:17.800,4720.2000,30,0,42581520.000,0,-,-,-,-,4720.0000,4715.0000,4705.0000,4702.8000,4666.0000,4726.2000,4726.4000,4726.8000,4727.0000,4733.0000,1,1,5,1,1,2,3,1,1,2
SF,IF2011,2020-09-21 09:32:18.300,4720.2000,30,0,42581520.000,0,-,-,-,-,4720.0000,4715.0000,4705.0000,4702.8000,4666.0000,4725.8000,4726.0000,4726.2000,4726.4000,4726.8000,1,1,5,1,1,3,1,2,1,1
SF,IF2011,2020-09-21 09:32:18.800,4720.2000,30,0,42581520.000,0,-,-,-,-,4720.2000,4720.0000,4715.0000,4705.0000,4702.8000,4725.0000,4725.6000,4725.8000,4726.0000,4726.2000,2,1,1,5,1,1,1,3,1,1
SF,IF2011,2020-09-21 09:32:19.300,4720.2000,30,0,42581520.000,0,-,-,-,-,4720.4000,4720.2000,4720.0000,4715.0000,4705.0000,4725.0000,4725.8000,4726.0000,4726.8000,4733.0000,1,2,1,1,5,1,3,1,1,2
SF,IF2011,2020-09-21 09:32:19.800,4720.2000,30,0,42581520.000,0,-,-,-,-,4720.8000,4720.4000,4720.2000,4720.0000,4715.0000,4724.8000,4726.0000,4726.8000,4733.0000,4734.6000,1,1,1,1,1,1,1,1,2,1
SF,IF2011,2020-09-21 09:32:20.300,4720.2000,30,0,42581520.000,0,-,-,-,-,4721.0000,4720.8000,4720.2000,4720.0000,4715.0000,4724.8000,4726.0000,4726.8000,4733.0000,4734.6000,1,1,1,1,1,1,1,1,2,1
SF,IF2011,2020-09-21 09:32:20.800,4720.2000,30,0,42581520.000,0,-,-,-,-,4721.0000,4720.8000,4720.2000,4720.0000,4715.0000,4724.8000,4726.0000,4726.8000,4733.0000,4734.6000,1,1,1,1,1,1,1,1,2,1
SF,IF2011,2020-09-21 09:32:21.800,4720.2000,30,0,42581520.000,0,-,-,-,-,4721.0000,4720.2000,4720.0000,4715.0000,4705.0000,4726.0000,4726.8000,4733.0000,4734.6000,4735.0000,1,1,1,1,5,1,1,2,1,5
SF,IF2011,2020-09-21 09:32:22.300,4720.2000,30,0,42581520.000,0,-,-,-,-,4721.0000,4720.2000,4720.0000,4715.0000,4705.0000,4725.8000,4726.0000,4726.8000,4733.0000,4734.6000,1,1,1,1,5,1,1,1,2,1
SF,IF2011,2020-09-21 09:32:22.800,4720.2000,30,0,42581520.000,0,-,-,-,-,4721.4000,4721.0000,4720.2000,4720.0000,4715.0000,4725.8000,4726.0000,4733.0000,4734.6000,4735.0000,1,1,1,1,1,1,1,2,1,5
SF,IF2011,2020-09-21 09:32:26.800,4720.2000,30,0,42581520.000,0,-,-,-,-,4722.0000,4721.4000,4721.0000,4720.2000,4720.0000,4725.8000,4726.0000,4733.0000,4734.6000,4735.0000,1,1,1,1,1,1,1,2,1,5
SF,IF2011,2020-09-21 09:32:27.300,4720.2000,30,0,42581520.000,0,-,-,-,-,4722.2000,4722.0000,4721.6000,4721.4000,4720.0000,4726.0000,4733.0000,4734.6000,4735.0000,4768.0000,1,1,1,1,1,1,2,1,5,1
SF,IF2011,2020-09-21 09:32:27.800,4722.2000,31,1,43998180.000,1,1,0,双开,S,4722.0000,4721.6000,4721.4000,4720.0000,4715.0000,4733.0000,4734.6000,4735.0000,4768.0000,4770.0000,1,1,1,1,1,2,1,5,1,1
SF,IF2011,2020-09-21 09:32:28.300,4722.2000,31,0,43998180.000,0,-,-,-,-,4722.0000,4721.6000,4721.4000,4720.0000,4715.0000,4732.8000,4733.0000,4734.6000,4735.0000,4768.0000,1,1,1,1,1,2,2,1,5,1
SF,IF2011,2020-09-21 09:32:28.800,4722.0000,32,1,45414780.000,1,1,0,双开,S,4722.4000,4720.0000,4715.0000,4705.0000,4702.8000,4732.8000,4733.0000,4734.6000,4735.0000,4768.0000,1,1,1,5,1,2,2,1,5,1
SF,IF2011,2020-09-21 09:32:29.300,4722.4000,33,1,46831500.000,1,1,0,双开,S,4720.0000,4715.0000,4705.0000,4702.8000,4666.0000,4728.8000,4731.4000,4732.8000,4733.0000,4734.6000,1,1,5,1,1,1,1,2,2,1
SF,IF2011,2020-09-21 09:32:29.800,4722.4000,33,0,46831500.000,0,-,-,-,-,4720.2000,4720.0000,4715.0000,4705.0000,4702.8000,4728.6000,4728.8000,4731.4000,4733.0000,4734.6000,1,1,1,5,1,2,1,1,2,1
SF,IF2011,2020-09-21 09:32:30.800,4722.4000,33,0,46831500.000,0,-,-,-,-,4720.2000,4720.0000,4715.0000,4705.0000,4702.8000,4728.0000,4728.6000,4733.0000,4734.6000,4735.0000,1,1,1,5,1,1,2,2,1,5
SF,IF2011,2020-09-21 09:32:31.300,4722.4000,33,0,46831500.000,0,-,-,-,-,4720.4000,4720.0000,4715.0000,4705.0000,4702.8000,4727.6000,4727.8000,4728.0000,4728.6000,4733.0000,1,1,1,5,1,1,2,2,1,2
SF,IF2011,2020-09-21 09:32:31.800,4722.4000,33,0,46831500.000,0,-,-,-,-,4720.0000,4715.0000,4705.0000,4702.8000,4666.0000,4727.0000,4727.4000,4727.6000,4727.8000,4728.0000,1,1,5,1,1,1,1,1,1,2
SF,IF2011,2020-09-21 09:32:32.300,4722.4000,33,0,46831500.000,0,-,-,-,-,4720.0000,4715.0000,4705.0000,4702.8000,4666.0000,4726.8000,4727.0000,4727.6000,4728.0000,4733.0000,1,1,5,1,1,2,1,1,2,2
SF,IF2011,2020-09-21 09:32:32.800,4722.4000,33,0,46831500.000,0,-,-,-,-,4720.0000,4715.0000,4705.0000,4702.8000,4666.0000,4726.2000,4726.8000,4727.0000,4727.6000,4728.0000,1,1,5,1,1,2,2,1,1,2
SF,IF2011,2020-09-21 09:32:33.300,4722.4000,33,0,46831500.000,0,-,-,-,-,4720.0000,4715.0000,4705.0000,4702.8000,4666.0000,4726.0000,4726.2000,4726.8000,4727.0000,4727.6000,1,1,5,1,1,2,2,1,1,1
SF,IF2011,2020-09-21 09:32:33.800,4722.4000,33,0,46831500.000,0,-,-,-,-,4720.0000,4715.0000,4705.0000,4702.8000,4666.0000,4725.4000,4725.8000,4726.0000,4727.0000,4728.0000,1,1,5,1,1,2,1,2,1,1
SF,IF2011,2020-09-21 09:32:34.300,4722.4000,33,0,46831500.000,0,-,-,-,-,4720.0000,4715.0000,4705.0000,4702.8000,4666.0000,4725.2000,4725.4000,4725.8000,4726.0000,4727.0000,1,1,5,1,1,1,2,1,1,1
SF,IF2011,2020-09-21 09:32:34.800,4720.0000,34,1,48247500.000,1,1,0,双开,S,4715.0000,4705.0000,4702.8000,4666.0000,4655.2000,4725.2000,4725.4000,4725.8000,4726.0000,4727.0000,1,5,1,1,1,1,2,1,1,1
SF,IF2011,2020-09-21 09:32:35.300,4720.0000,34,0,48247500.000,0,-,-,-,-,4715.2000,4715.0000,4705.0000,4702.8000,4666.0000,4725.0000,4725.4000,4725.8000,4727.0000,4733.0000,1,1,5,1,1,1,2,1,1,2
SF,IF2011,2020-09-21 09:32:35.800,4720.0000,34,0,48247500.000,0,-,-,-,-,4715.2000,4715.0000,4705.0000,4702.8000,4666.0000,4724.2000,4724.8000,4725.4000,4727.0000,4733.0000,1,1,5,1,1,1,1,2,1,2
SF,IF2011,2020-09-21 09:32:36.300,4720.0000,34,0,48247500.000,0,-,-,-,-,4715.2000,4715.0000,4705.0000,4702.8000,4666.0000,4724.0000,4724.2000,4724.4000,4725.4000,4727.0000,1,1,5,1,1,1,1,1,2,1
SF,IF2011,2020-09-21 09:32:36.800,4720.0000,34,0,48247500.000,0,-,-,-,-,4715.8000,4715.2000,4715.0000,4705.0000,4702.8000,4723.0000,4724.0000,4725.4000,4727.0000,4733.0000,1,1,1,5,1,1,1,2,1,2
SF,IF2011,2020-09-21 09:32:37.300,4720.0000,34,0,48247500.000,0,-,-,-,-,4716.0000,4715.8000,4715.0000,4705.0000,4702.8000,4722.8000,4723.0000,4725.4000,4727.0000,4733.0000,1,1,1,5,1,1,1,2,1,2
SF,IF2011,2020-09-21 09:32:37.800,4720.0000,34,0,48247500.000,0,-,-,-,-,4716.0000,4715.8000,4715.0000,4705.0000,4702.8000,4722.8000,4723.0000,4727.0000,4733.0000,4734.6000,1,1,1,5,1,1,1,1,2,1
SF,IF2011,2020-09-21 09:32:38.300,4720.0000,34,0,48247500.000,0,-,-,-,-,4716.0000,4715.8000,4715.0000,4710.0000,4705.0000,4722.8000,4723.0000,4727.0000,4733.0000,4734.6000,1,1,1,1,5,1,1,1,2,1
SF,IF2011,2020-09-21 09:32:38.800,4720.0000,34,0,48247500.000,0,-,-,-,-,4716.4000,4716.0000,4715.8000,4715.0000,4710.0000,4722.8000,4727.0000,4733.0000,4734.6000,4735.0000,1,1,1,1,1,1,1,2,1,5
SF,IF2011,2020-09-21 09:32:39.300,4720.0000,34,0,48247500.000,0,-,-,-,-,4716.4000,4715.8000,4715.0000,4710.0000,4705.0000,4722.6000,4722.8000,4727.0000,4733.0000,4734.6000,1,1,1,1,5,1,1,1,2,1
SF,IF2011,2020-09-21 09:32:39.800,4720.0000,34,0,48247500.000,0,-,-,-,-,4715.8000,4715.0000,4710.0000,4705.0000,4702.8000,4722.4000,4722.6000,4727.0000,4733.0000,4734.6000,1,1,1,5,1,2,1,1,2,1
SF,IF2011,2020-09-21 09:32:40.300,4722.2000,35,1,49664160.000,1,1,0,双开,S,4715.8000,4715.0000,4710.0000,4705.0000,4702.8000,4722.4000,4722.6000,4727.0000,4733.0000,4734.6000,1,1,1,5,1,2,1,1,2,1
SF,IF2011,2020-09-21 09:32:40.800,4722.2000,35,0,49664160.000,0,-,-,-,-,4715.8000,4715.0000,4710.0000,4705.0000,4702.8000,4722.4000,4722.6000,4727.0000,4733.0000,4734.6000,1,1,1,5,1,2,1,1,2,1
SF,IF2011,2020-09-21 09:32:41.300,4722.2000,35,0,49664160.000,0,-,-,-,-,4715.8000,4715.0000,4710.0000,4705.0000,4702.8000,4722.0000,4722.4000,4722.6000,4727.0000,4733.0000,1,1,1,5,1,3,1,1,1,2
SF,IF2011,2020-09-21 09:32:41.800,4722.2000,35,0,49664160.000,0,-,-,-,-,4715.8000,4715.0000,4710.0000,4705.0000,4702.8000,4721.8000,4722.0000,4722.6000,4725.0000,4733.0000,1,1,1,5,1,2,3,1,5,2
SF,IF2011,2020-09-21 09:32:42.300,4722.2000,35,0,49664160.000,0,-,-,-,-,4715.0000,4710.0000,4702.8000,4700.0000,4666.0000,4721.8000,4730.0000,4733.0000,4734.6000,4768.0000,1,1,1,5,1,1,5,2,1,1
SF,IF2011,2020-09-21 09:32:42.800,4722.2000,35,0,49664160.000,0,-,-,-,-,4715.2000,4715.0000,4710.0000,4702.8000,4700.0000,4721.4000,4721.6000,4721.8000,4730.0000,4733.0000,1,1,1,1,5,1,1,1,5,2
SF,IF2011,2020-09-21 09:32:43.300,4722.2000,35,0,49664160.000,0,-,-,-,-,4715.4000,4715.2000,4715.0000,4710.0000,4702.8000,4721.2000,4721.4000,4730.0000,4733.0000,4734.6000,2,1,1,1,1,1,1,5,2,1
SF,IF2011,2020-09-21 09:32:43.800,4722.2000,35,0,49664160.000,0,-,-,-,-,4715.8000,4715.6000,4715.0000,4710.0000,4702.8000,4721.2000,4730.0000,4733.0000,4734.6000,4768.0000,2,1,1,1,1,1,5,2,1,1
SF,IF2011,2020-09-21 09:32:44.300,4722.2000,35,0,49664160.000,0,-,-,-,-,4715.6000,4715.0000,4710.0000,4702.8000,4700.0000,4720.8000,4721.2000,4730.0000,4733.0000,4734.6000,1,1,1,1,5,1,1,5,2,1
SF,IF2011,2020-09-21 09:32:44.800,4722.2000,35,0,49664160.000,0,-,-,-,-,4715.0000,4710.0000,4702.8000,4700.0000,4666.0000,4720.6000,4720.8000,4730.0000,4733.0000,4734.6000,1,1,1,5,1,1,1,5,2,1
SF,IF2011,2020-09-21 09:32:45.300,4722.2000,35,0,49664160.000,0,-,-,-,-,4715.2000,4715.0000,4710.0000,4702.8000,4700.0000,4720.6000,4720.8000,4730.0000,4733.0000,4734.6000,1,1,1,1,5,1,1,5,2,1
SF,IF2011,2020-09-21 09:32:45.800,4722.2000,35,0,49664160.000,0,-,-,-,-,4715.4000,4715.2000,4715.0000,4710.0000,4702.8000,4720.2000,4720.6000,4730.0000,4733.0000,4734.6000,1,1,1,1,1,1,1,5,2,1
SF,IF2011,2020-09-21 09:32:46.300,4722.2000,35,0,49664160.000,0,-,-,-,-,4715.6000,4715.4000,4715.0000,4710.0000,4702.8000,4720.0000,4720.2000,4730.0000,4733.0000,4734.6000,1,1,1,1,1,1,1,5,2,1
SF,IF2011,2020-09-21 09:32:47.300,4722.2000,35,0,49664160.000,0,-,-,-,-,4715.8000,4715.6000,4715.0000,4710.0000,4702.8000,4720.0000,4720.2000,4730.0000,4733.0000,4734.6000,1,1,1,1,1,1,1,5,2,1
SF,IF2011,2020-09-21 09:32:47.800,4722.2000,35,0,49664160.000,0,-,-,-,-,4716.0000,4715.8000,4715.0000,4710.0000,4702.8000,4720.2000,4730.0000,4733.0000,4734.6000,4768.0000,1,1,1,1,1,1,5,2,1,1
SF,IF2011,2020-09-21 09:32:48.300,4722.2000,35,0,49664160.000,0,-,-,-,-,4716.0000,4715.8000,4715.0000,4710.0000,4702.8000,4730.0000,4733.0000,4734.6000,4768.0000,4770.0000,1,1,1,1,1,5,2,1,1,1
SF,IF2011,2020-09-21 09:32:48.800,4722.2000,35,0,49664160.000,0,-,-,-,-,4716.2000,4715.0000,4710.0000,4702.8000,4700.0000,4729.8000,4730.0000,4733.0000,4734.6000,4768.0000,1,1,1,1,5,2,5,2,1,1
SF,IF2011,2020-09-21 09:32:49.300,4722.2000,35,0,49664160.000,0,-,-,-,-,4716.2000,4715.0000,4710.0000,4702.8000,4700.0000,4729.8000,4730.0000,4733.0000,4734.6000,4768.0000,1,1,1,1,5,2,5,2,1,1
SF,IF2011,2020-09-21 09:32:49.800,4722.2000,35,0,49664160.000,0,-,-,-,-,4716.2000,4715.0000,4710.0000,4702.8000,4700.0000,4725.8000,4729.8000,4730.0000,4733.0000,4734.6000,1,1,1,1,5,1,2,5,2,1
SF,IF2011,2020-09-21 09:32:50.300,4722.2000,35,0,49664160.000,0,-,-,-,-,4716.4000,4716.2000,4715.0000,4710.0000,4702.8000,4725.6000,4725.8000,4730.0000,4733.0000,4734.6000,1,1,1,1,1,3,1,5,2,1
SF,IF2011,2020-09-21 09:32:50.800,4722.2000,35,0,49664160.000,0,-,-,-,-,4716.2000,4715.0000,4710.0000,4702.8000,4700.0000,4724.8000,4725.6000,4725.8000,4730.0000,4733.0000,1,1,1,1,5,1,3,1,5,2
SF,IF2011,2020-09-21 09:32:51.300,4722.2000,35,0,49664160.000,0,-,-,-,-,4716.6000,4716.4000,4715.0000,4710.0000,4702.8000,4724.2000,4724.6000,4724.8000,4730.0000,4733.0000,1,1,1,1,1,1,2,1,5,2
SF,IF2011,2020-09-21 09:32:51.800,4722.2000,35,0,49664160.000,0,-,-,-,-,4716.8000,4716.6000,4715.0000,4710.0000,4702.8000,4723.0000,4724.0000,4724.2000,4724.6000,4724.8000,1,1,1,1,1,1,2,1,1,1
SF,IF2011,2020-09-21 09:32:52.300,4722.2000,35,0,49664160.000,0,-,-,-,-,4716.8000,4716.6000,4715.0000,4710.0000,4702.8000,4722.8000,4723.0000,4724.0000,4724.2000,4724.6000,1,1,1,1,1,1,1,1,1,1
SF,IF2011,2020-09-21 09:32:53.300,4722.2000,35,0,49664160.000,0,-,-,-,-,4717.4000,4716.8000,4715.0000,4710.0000,4702.8000,4722.8000,4724.0000,4724.2000,4724.6000,4724.8000,2,1,1,1,1,1,1,1,1,1
SF,IF2011,2020-09-21 09:32:53.800,4722.2000,35,0,49664160.000,0,-,-,-,-,4717.6000,4717.4000,4715.0000,4710.0000,4702.8000,4724.2000,4724.6000,4724.8000,4730.0000,4733.0000,1,2,1,1,1,1,1,1,5,2
SF,IF2011,2020-09-21 09:32:54.300,4722.2000,35,0,49664160.000,0,-,-,-,-,4717.6000,4717.4000,4715.0000,4710.0000,4702.8000,4724.2000,4724.8000,4730.0000,4733.0000,4734.6000,1,2,1,1,1,1,1,5,2,1
SF,IF2011,2020-09-21 09:32:54.800,4722.2000,35,0,49664160.000,0,-,-,-,-,4717.8000,4717.6000,4715.0000,4710.0000,4702.8000,4724.0000,4730.0000,4733.0000,4734.6000,4768.0000,2,1,1,1,1,1,5,2,1,1
SF,IF2011,2020-09-21 09:32:55.300,4722.2000,35,0,49664160.000,0,-,-,-,-,4718.0000,4717.8000,4715.0000,4710.0000,4702.8000,4724.0000,4730.0000,4733.0000,4734.6000,4768.0000,1,2,1,1,1,1,5,2,1,1
SF,IF2011,2020-09-21 09:32:55.800,4722.2000,35,0,49664160.000,0,-,-,-,-,4717.8000,4715.0000,4710.0000,4702.8000,4700.0000,4723.8000,4724.0000,4730.0000,4733.0000,4734.6000,2,1,1,1,5,1,1,5,2,1
SF,IF2011,2020-09-21 09:32:56.300,4722.2000,35,0,49664160.000,0,-,-,-,-,4717.8000,4715.0000,4710.0000,4702.8000,4700.0000,4723.6000,4723.8000,4730.0000,4733.0000,4734.6000,2,1,1,1,5,1,1,5,2,1
SF,IF2011,2020-09-21 09:32:56.800,4722.2000,35,0,49664160.000,0,-,-,-,-,4715.0000,4710.0000,4702.8000,4700.0000,4666.0000,4722.8000,4723.6000,4723.8000,4730.0000,4733.0000,1,1,1,5,1,1,1,1,5,2
SF,IF2011,2020-09-21 09:32:57.300,4722.2000,35,0,49664160.000,0,-,-,-,-,4715.2000,4715.0000,4710.0000,4702.8000,4700.0000,4722.6000,4722.8000,4723.8000,4730.0000,4733.0000,1,1,1,1,5,1,4,1,5,2
SF,IF2011,2020-09-21 09:32:57.800,4722.2000,35,0,49664160.000,0,-,-,-,-,4715.2000,4715.0000,4710.0000,4702.8000,4700.0000,4722.2000,4722.6000,4722.8000,4723.8000,4730.0000,1,1,1,1,5,1,1,2,1,5
SF,IF2011,2020-09-21 09:32:58.300,4722.2000,35,0,49664160.000,0,-,-,-,-,4715.2000,4715.0000,4710.0000,4702.8000,4700.0000,4722.2000,4722.8000,4723.8000,4730.0000,4733.0000,1,1,1,1,5,2,1,1,5,2
SF,IF2011,2020-09-21 09:32:58.800,4722.2000,35,0,49664160.000,0,-,-,-,-,4715.2000,4715.0000,4710.0000,4702.8000,4700.0000,4722.2000,4723.8000,4730.0000,4733.0000,4734.6000,1,1,1,1,5,1,1,5,2,1
SF,IF2011,2020-09-21 09:32:59.300,4722.2000,35,0,49664160.000,0,-,-,-,-,4716.0000,4715.2000,4715.0000,4710.0000,4702.8000,4722.0000,4722.2000,4723.8000,4730.0000,4733.0000,1,1,1,1,1,1,1,1,5,2
SF,IF2011,2020-09-21 09:32:59.800,4722.2000,35,0,49664160.000,0,-,-,-,-,4716.2000,4716.0000,4715.0000,4710.0000,4702.8000,4722.2000,4730.0000,4733.0000,4734.6000,4768.0000,1,1,1,1,1,1,5,2,1,1
SF,IF2011,2020-09-21 09:33:00.300,4722.2000,35,0,49664160.000,0,-,-,-,-,4716.6000,4716.2000,4715.0000,4710.0000,4702.8000,4730.0000,4733.0000,4734.6000,4768.0000,4770.0000,1,1,1,1,1,5,2,1,1,1
SF,IF2011,2020-09-21 09:33:00.800,4722.2000,35,0,49664160.000,0,-,-,-,-,4716.8000,4716.6000,4715.0000,4710.0000,4702.8000,4729.8000,4730.0000,4733.0000,4734.6000,4768.0000,2,1,1,1,1,2,5,2,1,1
SF,IF2011,2020-09-21 09:33:01.300,4722.2000,35,0,49664160.000,0,-,-,-,-,4717.2000,4716.8000,4715.0000,4710.0000,4702.8000,4729.8000,4730.0000,4733.0000,4734.6000,4768.0000,1,2,1,1,1,2,5,2,1,1
SF,IF2011,2020-09-21 09:33:01.800,4722.2000,35,0,49664160.000,0,-,-,-,-,4717.8000,4717.2000,4715.0000,4710.0000,4702.8000,4723.8000,4724.4000,4729.8000,4730.0000,4733.0000,2,1,1,1,1,1,1,2,5,2
SF,IF2011,2020-09-21 09:33:02.300,4717.8000,36,1,51079500.000,1,1,0,双开,S,4717.8000,4717.2000,4715.0000,4710.0000,4702.8000,4723.6000,4723.8000,4724.4000,4730.0000,4733.0000,1,1,1,1,1,2,1,1,5,2
SF,IF2011,2020-09-21 09:33:02.800,4717.8000,37,1,52494840.000,1,1,0,双开,S,4715.0000,4710.0000,4702.8000,4700.0000,4666.0000,4723.6000,4723.8000,4730.0000,4733.0000,4734.6000,1,1,1,5,1,2,1,5,2,1
SF,IF2011,2020-09-21 09:33:03.300,4717.8000,37,0,52494840.000,0,-,-,-,-,4715.2000,4715.0000,4710.0000,4702.8000,4700.0000,4723.2000,4723.6000,4730.0000,4733.0000,4734.6000,1,1,1,1,5,1,1,5,2,1
SF,IF2011,2020-09-21 09:33:03.800,4717.8000,37,0,52494840.000,0,-,-,-,-,4715.2000,4715.0000,4710.0000,4702.8000,4700.0000,4723.0000,4723.2000,4730.0000,4733.0000,4734.6000,1,1,1,1,5,1,1,5,2,1
SF,IF2011,2020-09-21 09:33:04.300,4717.8000,37,0,52494840.000,0,-,-,-,-,4716.4000,4715.2000,4715.0000,4710.0000,4702.8000,4723.0000,4730.0000,4733.0000,4734.6000,4768.0000,1,1,1,1,1,1,5,2,1,1
SF,IF2011,2020-09-21 09:33:04.800,4717.8000,37,0,52494840.000,0,-,-,-,-,4716.6000,4716.4000,4715.0000,4710.0000,4702.8000,4722.8000,4730.0000,4733.0000,4734.6000,4768.0000,1,1,1,1,1,1,5,2,1,1
SF,IF2011,2020-09-21 09:33:05.300,4717.8000,37,0,52494840.000,0,-,-,-,-,4716.6000,4716.4000,4715.0000,4710.0000,4702.8000,4722.2000,4722.8000,4730.0000,4733.0000,4734.6000,3,1,1,1,1,1,1,5,2,1
SF,IF2011,2020-09-21 09:33:05.800,4717.8000,37,0,52494840.000,0,-,-,-,-,4716.4000,4715.0000,4710.0000,4702.8000,4700.0000,4722.0000,4722.2000,4730.0000,4733.0000,4734.6000,1,1,1,1,5,1,1,5,2,1
SF,IF2011,2020-09-21 09:33:06.300,4717.8000,37,0,52494840.000,0,-,-,-,-,4715.0000,4710.0000,4702.8000,4700.0000,4666.0000,4721.6000,4722.0000,4722.2000,4730.0000,4733.0000,1,1,1,5,1,2,1,1,5,2
SF,IF2011,2020-09-21 09:33:06.800,4717.8000,37,0,52494840.000,0,-,-,-,-,4715.2000,4715.0000,4710.0000,4702.8000,4700.0000,4721.4000,4721.6000,4722.2000,4730.0000,4733.0000,1,1,1,1,5,1,2,1,5,2
SF,IF2011,2020-09-21 09:33:07.300,4717.8000,37,0,52494840.000,0,-,-,-,-,4715.2000,4715.0000,4710.0000,4702.8000,4700.0000,4721.4000,4721.6000,4722.2000,4730.0000,4733.0000,2,1,1,1,5,1,2,1,5,2
SF,IF2011,2020-09-21 09:33:07.800,4717.8000,37,0,52494840.000,0,-,-,-,-,4715.2000,4715.0000,4710.0000,4702.8000,4700.0000,4721.2000,4721.4000,4721.6000,4730.0000,4733.0000,2,1,1,1,5,1,1,1,5,2
SF,IF2011,2020-09-21 09:33:08.300,4717.8000,37,0,52494840.000,0,-,-,-,-,4715.2000,4715.0000,4710.0000,4702.8000,4700.0000,4721.0000,4721.2000,4721.6000,4730.0000,4733.0000,2,1,1,1,5,1,1,1,5,2
SF,IF2011,2020-09-21 09:33:08.800,4717.8000,37,0,52494840.000,0,-,-,-,-,4715.2000,4715.0000,4710.0000,4702.8000,4700.0000,4720.8000,4721.0000,4721.6000,4730.0000,4733.0000,1,1,1,1,5,1,1,1,5,2
SF,IF2011,2020-09-21 09:33:09.300,4717.8000,37,0,52494840.000,0,-,-,-,-,4715.2000,4715.0000,4710.0000,4702.8000,4700.0000,4720.6000,4720.8000,4721.6000,4730.0000,4733.0000,1,1,1,1,5,1,1,1,5,2
SF,IF2011,2020-09-21 09:33:09.800,4717.8000,37,0,52494840.000,0,-,-,-,-,4715.2000,4715.0000,4710.0000,4702.8000,4700.0000,4720.6000,4720.8000,4721.6000,4730.0000,4733.0000,1,1,1,1,5,1,1,1,5,2
SF,IF2011,2020-09-21 09:33:10.300,4717.8000,37,0,52494840.000,0,-,-,-,-,4715.2000,4715.0000,4710.0000,4702.8000,4700.0000,4720.4000,4720.6000,4721.6000,4730.0000,4733.0000,1,1,1,1,5,1,1,1,5,2
SF,IF2011,2020-09-21 09:33:10.800,4717.8000,37,0,52494840.000,0,-,-,-,-,4715.2000,4715.0000,4710.0000,4702.8000,4700.0000,4720.2000,4720.4000,4721.6000,4730.0000,4733.0000,1,1,1,1,5,1,1,1,5,2
SF,IF2011,2020-09-21 09:33:11.300,4717.8000,37,0,52494840.000,0,-,-,-,-,4715.2000,4715.0000,4710.0000,4702.8000,4700.0000,4720.2000,4720.4000,4730.0000,4733.0000,4734.6000,1,1,1,1,5,1,1,5,2,1
SF,IF2011,2020-09-21 09:33:12.300,4717.8000,37,0,52494840.000,0,-,-,-,-,4715.2000,4715.0000,4710.0000,4702.8000,4700.0000,4720.0000,4720.2000,4730.0000,4733.0000,4734.6000,1,1,1,1,5,1,1,5,2,1
SF,IF2011,2020-09-21 09:33:12.800,4717.8000,37,0,52494840.000,0,-,-,-,-,4715.2000,4715.0000,4710.0000,4702.8000,4700.0000,4719.8000,4720.0000,4730.0000,4733.0000,4734.6000,1,1,1,1,5,1,1,5,2,1
SF,IF2011,2020-09-21 09:33:13.300,4717.8000,37,0,52494840.000,0,-,-,-,-,4715.2000,4715.0000,4710.0000,4702.8000,4700.0000,4719.8000,4720.0000,4730.0000,4733.0000,4734.6000,1,1,1,1,5,1,1,5,2,1
SF,IF2011,2020-09-21 09:33:13.800,4717.8000,37,0,52494840.000,0,-,-,-,-,4715.2000,4715.0000,4710.0000,4702.8000,4700.0000,4719.8000,4730.0000,4733.0000,4734.6000,4768.0000,1,1,1,1,5,1,5,2,1,1
SF,IF2011,2020-09-21 09:33:14.300,4717.8000,37,0,52494840.000,0,-,-,-,-,4715.6000,4715.4000,4715.2000,4715.0000,4710.0000,4719.8000,4730.0000,4733.0000,4734.6000,4768.0000,1,1,1,1,1,1,5,2,1,1
SF,IF2011,2020-09-21 09:33:14.800,4717.8000,37,0,52494840.000,0,-,-,-,-,4715.6000,4715.0000,4710.0000,4702.8000,4700.0000,4719.8000,4730.0000,4733.0000,4734.6000,4768.0000,1,1,1,1,5,1,5,2,1,1
SF,IF2011,2020-09-21 09:33:15.300,4717.8000,37,0,52494840.000,0,-,-,-,-,4715.6000,4715.0000,4710.0000,4702.8000,4700.0000,4719.8000,4721.0000,4730.0000,4733.0000,4734.6000,1,1,1,1,5,1,1,5,2,1
SF,IF2011,2020-09-21 09:33:15.800,4717.8000,37,0,52494840.000,0,-,-,-,-,4715.0000,4710.0000,4702.8000,4700.0000,4666.0000,4719.8000,4721.0000,4730.0000,4733.0000,4734.6000,1,1,1,5,1,1,1,5,2,1
SF,IF2011,2020-09-21 09:33:16.300,4717.8000,37,0,52494840.000,0,-,-,-,-,4715.0000,4710.0000,4702.8000,4700.0000,4666.0000,4719.6000,4719.8000,4721.0000,4730.0000,4733.0000,1,1,1,5,1,1,1,1,5,2
SF,IF2011,2020-09-21 09:33:16.800,4717.8000,37,0,52494840.000,0,-,-,-,-,4715.0000,4710.0000,4702.8000,4700.0000,4666.0000,4719.4000,4719.6000,4721.0000,4730.0000,4733.0000,1,1,1,5,1,1,1,1,5,2
SF,IF2011,2020-09-21 09:33:17.300,4715.0000,38,1,53909340.000,1,1,0,双开,S,4710.0000,4702.8000,4700.0000,4666.0000,4655.2000,4719.0000,4721.0000,4730.0000,4733.0000,4734.6000,1,1,5,1,1,1,1,5,2,1
SF,IF2011,2020-09-21 09:33:17.800,4715.0000,38,0,53909340.000,0,-,-,-,-,4710.2000,4710.0000,4702.8000,4700.0000,4666.0000,4718.8000,4719.0000,4721.0000,4730.0000,4733.0000,1,1,1,5,1,1,1,1,5,2
SF,IF2011,2020-09-21 09:33:18.300,4715.0000,38,0,53909340.000,0,-,-,-,-,4710.2000,4710.0000,4702.8000,4700.0000,4666.0000,4718.0000,4718.2000,4718.8000,4721.0000,4730.0000,1,1,1,5,1,1,1,1,1,5
SF,IF2011,2020-09-21 09:33:18.800,4715.0000,38,0,53909340.000,0,-,-,-,-,4710.2000,4710.0000,4702.8000,4700.0000,4666.0000,4717.8000,4718.0000,4718.2000,4721.0000,4730.0000,1,1,1,5,1,1,1,1,1,5
SF,IF2011,2020-09-21 09:33:19.300,4715.0000,38,0,53909340.000,0,-,-,-,-,4710.4000,4710.2000,4710.0000,4702.8000,4700.0000,4717.8000,4718.0000,4718.2000,4721.0000,4730.0000,1,1,1,1,5,1,1,1,1,5
SF,IF2011,2020-09-21 09:33:19.800,4715.0000,38,0,53909340.000,0,-,-,-,-,4710.6000,4710.4000,4710.0000,4702.8000,4700.0000,4717.6000,4717.8000,4718.2000,4721.0000,4730.0000,1,1,1,1,5,1,1,1,1,5
SF,IF2011,2020-09-21 09:33:20.300,4715.0000,38,0,53909340.000,0,-,-,-,-,4710.6000,4710.0000,4702.8000,4700.0000,4666.0000,4717.6000,4721.0000,4730.0000,4733.0000,4734.6000,1,1,1,5,1,1,1,5,2,1
SF,IF2011,2020-09-21 09:33:20.800,4715.0000,38,0,53909340.000,0,-,-,-,-,4711.4000,4710.8000,4710.6000,4710.0000,4702.8000,4721.0000,4730.0000,4733.0000,4734.6000,4768.0000,1,1,1,1,1,1,5,2,1,1
SF,IF2011,2020-09-21 09:33:21.300,4715.0000,38,0,53909340.000,0,-,-,-,-,4711.6000,4711.4000,4710.8000,4710.0000,4702.8000,4720.8000,4721.0000,4730.0000,4733.0000,4734.6000,1,1,1,1,1,2,1,5,2,1
SF,IF2011,2020-09-21 09:33:21.800,4715.0000,38,0,53909340.000,0,-,-,-,-,4711.6000,4711.4000,4710.8000,4710.0000,4702.8000,4718.0000,4720.8000,4721.0000,4730.0000,4733.0000,1,1,1,1,1,1,1,1,5,2
SF,IF2011,2020-09-21 09:33:22.300,4715.0000,38,0,53909340.000,0,-,-,-,-,4711.6000,4711.4000,4710.8000,4710.0000,4702.8000,4718.0000,4720.8000,4721.0000,4730.0000,4733.0000,1,1,1,1,1,1,1,1,5,2
SF,IF2011,2020-09-21 09:33:22.800,4715.0000,38,0,53909340.000,0,-,-,-,-,4711.8000,4711.6000,4711.4000,4710.8000,4710.0000,4717.8000,4721.0000,4730.0000,4733.0000,4734.6000,1,1,1,1,1,1,1,5,2,1
SF,IF2011,2020-09-21 09:33:23.300,4715.0000,38,0,53909340.000,0,-,-,-,-,4712.4000,4712.0000,4711.8000,4711.4000,4710.8000,4717.8000,4721.0000,4730.0000,4733.0000,4734.6000,1,1,3,1,1,1,1,5,2,1
SF,IF2011,2020-09-21 09:33:23.800,4715.0000,38,0,53909340.000,0,-,-,-,-,4712.6000,4712.4000,4711.8000,4710.8000,4710.0000,4717.8000,4721.0000,4730.0000,4733.0000,4734.6000,1,1,3,1,1,1,1,5,2,1
SF,IF2011,2020-09-21 09:33:24.300,4715.0000,38,0,53909340.000,0,-,-,-,-,4712.6000,4712.4000,4711.8000,4710.8000,4710.0000,4721.0000,4730.0000,4733.0000,4734.6000,4768.0000,1,1,1,1,1,1,5,2,1,1
SF,IF2011,2020-09-21 09:33:24.800,4715.0000,38,0,53909340.000,0,-,-,-,-,4713.0000,4712.8000,4712.6000,4711.8000,4710.8000,4720.8000,4721.0000,4730.0000,4733.0000,4734.6000,1,1,1,1,1,1,1,5,2,1
SF,IF2011,2020-09-21 09:33:25.300,4715.0000,38,0,53909340.000,0,-,-,-,-,4713.2000,4713.0000,4712.8000,4711.8000,4710.8000,4721.0000,4730.0000,4733.0000,4734.6000,4768.0000,1,1,2,1,1,1,5,2,1,1
SF,IF2011,2020-09-21 09:33:25.800,4715.0000,38,0,53909340.000,0,-,-,-,-,4713.2000,4713.0000,4712.8000,4711.8000,4710.8000,4720.8000,4721.0000,4730.0000,4733.0000,4734.6000,2,1,1,1,1,1,1,5,2,1
SF,IF2011,2020-09-21 09:33:26.300,4715.0000,38,0,53909340.000,0,-,-,-,-,4713.8000,4713.4000,4713.2000,4712.8000,4711.8000,4720.8000,4721.0000,4730.0000,4733.0000,4734.6000,1,2,1,1,1,1,1,5,2,1
SF,IF2011,2020-09-21 09:33:27.300,4715.0000,38,0,53909340.000,0,-,-,-,-,4714.4000,4713.8000,4713.2000,4712.8000,4711.8000,4720.8000,4721.0000,4730.0000,4733.0000,4734.6000,2,1,1,1,1,1,1,5,2,1
SF,IF2011,2020-09-21 09:33:27.800,4715.0000,38,0,53909340.000,0,-,-,-,-,4714.4000,4713.8000,4713.2000,4711.8000,4710.8000,4720.8000,4721.0000,4730.0000,4733.0000,4734.6000,2,1,1,1,1,1,1,5,2,1
SF,IF2011,2020-09-21 09:33:28.300,4715.0000,38,0,53909340.000,0,-,-,-,-,4713.8000,4711.8000,4710.8000,4710.0000,4702.8000,4720.8000,4721.0000,4730.0000,4733.0000,4734.6000,1,1,1,1,1,1,1,5,2,1
SF,IF2011,2020-09-21 09:33:28.800,4715.0000,38,0,53909340.000,0,-,-,-,-,4715.0000,4714.0000,4711.8000,4710.8000,4710.0000,4719.4000,4720.8000,4721.0000,4730.0000,4733.0000,1,1,1,1,1,1,1,1,5,2
SF,IF2011,2020-09-21 09:33:29.300,4715.0000,38,0,53909340.000,0,-,-,-,-,4715.0000,4714.0000,4711.8000,4710.8000,4710.0000,4719.2000,4719.4000,4721.0000,4730.0000,4733.0000,1,1,1,1,1,1,1,1,5,2
SF,IF2011,2020-09-21 09:33:29.800,4715.0000,38,0,53909340.000,0,-,-,-,-,4715.0000,4714.0000,4711.8000,4710.8000,4710.0000,4718.8000,4719.2000,4721.0000,4730.0000,4733.0000,1,1,1,1,1,1,1,1,5,2
SF,IF2011,2020-09-21 09:33:30.300,4715.0000,38,0,53909340.000,0,-,-,-,-,4714.0000,4711.8000,4710.8000,4710.0000,4702.8000,4718.8000,4719.2000,4721.0000,4730.0000,4733.0000,1,1,1,1,1,1,1,1,5,2
SF,IF2011,2020-09-21 09:33:30.800,4715.0000,38,0,53909340.000,0,-,-,-,-,4711.8000,4710.8000,4710.0000,4702.8000,4700.0000,4718.6000,4718.8000,4721.0000,4730.0000,4733.0000,1,1,1,1,5,1,1,1,5,2
SF,IF2011,2020-09-21 09:33:31.300,4715.0000,38,0,53909340.000,0,-,-,-,-,4712.0000,4711.8000,4710.8000,4710.0000,4702.8000,4718.4000,4718.6000,4721.0000,4730.0000,4733.0000,1,1,1,1,1,1,1,1,5,2
SF,IF2011,2020-09-21 09:33:31.800,4715.0000,38,0,53909340.000,0,-,-,-,-,4712.8000,4712.0000,4711.8000,4710.8000,4710.0000,4718.2000,4718.4000,4721.0000,4730.0000,4733.0000,1,1,1,1,1,1,1,1,5,2
SF,IF2011,2020-09-21 09:33:32.300,4715.0000,38,0,53909340.000,0,-,-,-,-,4712.8000,4712.0000,4711.8000,4710.8000,4710.0000,4718.0000,4718.2000,4721.0000,4730.0000,4733.0000,1,1,1,1,1,1,1,1,5,2
SF,IF2011,2020-09-21 09:33:32.800,4715.0000,38,0,53909340.000,0,-,-,-,-,4712.8000,4712.0000,4711.8000,4710.8000,4710.0000,4717.8000,4718.0000,4721.0000,4730.0000,4733.0000,1,1,1,1,1,1,1,1,5,2
SF,IF2011,2020-09-21 09:33:33.300,4715.0000,38,0,53909340.000,0,-,-,-,-,4712.8000,4712.0000,4711.8000,4710.8000,4710.0000,4717.6000,4717.8000,4721.0000,4730.0000,4733.0000,1,1,1,1,1,1,1,1,5,2
SF,IF2011,2020-09-21 09:33:33.800,4715.0000,38,0,53909340.000,0,-,-,-,-,4712.8000,4712.0000,4711.8000,4710.8000,4710.0000,4717.4000,4717.6000,4721.0000,4730.0000,4733.0000,1,1,1,1,1,1,1,1,5,2
SF,IF2011,2020-09-21 09:33:34.300,4715.0000,38,0,53909340.000,0,-,-,-,-,4712.8000,4711.8000,4710.8000,4710.0000,4702.8000,4717.2000,4717.4000,4721.0000,4730.0000,4733.0000,1,1,1,1,1,1,1,1,5,2
SF,IF2011,2020-09-21 09:33:34.800,4715.0000,38,0,53909340.000,0,-,-,-,-,4711.8000,4710.8000,4710.0000,4702.8000,4700.0000,4717.0000,4717.2000,4721.0000,4730.0000,4733.0000,1,1,1,1,5,1,1,1,5,2
SF,IF2011,2020-09-21 09:33:35.300,4715.0000,38,0,53909340.000,0,-,-,-,-,4711.8000,4710.8000,4710.0000,4702.8000,4700.0000,4717.0000,4717.2000,4721.0000,4730.0000,4733.0000,1,1,1,1,5,1,1,1,5,2
SF,IF2011,2020-09-21 09:33:35.800,4715.0000,38,0,53909340.000,0,-,-,-,-,4712.0000,4710.8000,4710.0000,4702.8000,4700.0000,4716.6000,4717.0000,4721.0000,4730.0000,4733.0000,1,1,1,1,5,1,1,1,5,2
SF,IF2011,2020-09-21 09:33:36.300,4715.0000,38,0,53909340.000,0,-,-,-,-,4712.2000,4712.0000,4710.8000,4710.0000,4702.8000,4716.6000,4717.0000,4721.0000,4730.0000,4733.0000,1,1,1,1,1,1,1,1,5,2
SF,IF2011,2020-09-21 09:33:36.800,4715.0000,38,0,53909340.000,0,-,-,-,-,4712.4000,4712.2000,4710.8000,4710.0000,4702.8000,4716.6000,4717.0000,4721.0000,4730.0000,4733.0000,1,1,1,1,1,1,1,1,5,2
SF,IF2011,2020-09-21 09:33:37.300,4716.6000,39,1,55324320.000,1,1,0,双开,S,4712.4000,4712.2000,4710.8000,4710.0000,4702.8000,4721.0000,4730.0000,4733.0000,4734.6000,4768.0000,1,1,1,1,1,1,5,2,1,1
SF,IF2011,2020-09-21 09:33:37.800,4716.6000,39,0,55324320.000,0,-,-,-,-,4712.8000,4710.8000,4710.0000,4702.8000,4700.0000,4720.8000,4721.0000,4730.0000,4733.0000,4734.6000,1,1,1,1,5,1,1,5,2,1
SF,IF2011,2020-09-21 09:33:38.300,4716.6000,39,0,55324320.000,0,-,-,-,-,4712.8000,4712.6000,4710.8000,4710.0000,4702.8000,4720.8000,4721.0000,4730.0000,4733.0000,4734.6000,1,1,1,1,1,1,1,5,2,1
SF,IF2011,2020-09-21 09:33:38.800,4716.6000,39,0,55324320.000,0,-,-,-,-,4712.8000,4712.6000,4710.8000,4710.0000,4702.8000,4720.8000,4721.0000,4730.0000,4733.0000,4734.6000,1,1,1,1,1,1,1,5,2,1
SF,IF2011,2020-09-21 09:33:39.300,4716.6000,39,0,55324320.000,0,-,-,-,-,4712.8000,4712.6000,4710.8000,4710.0000,4702.8000,4720.8000,4721.0000,4730.0000,4733.0000,4734.6000,1,1,1,1,1,1,1,5,2,1
SF,IF2011,2020-09-21 09:33:39.800,4716.6000,39,0,55324320.000,0,-,-,-,-,4712.8000,4712.6000,4710.8000,4710.0000,4702.8000,4720.0000,4720.8000,4721.0000,4730.0000,4733.0000,1,1,1,1,1,3,1,1,5,2
SF,IF2011,2020-09-21 09:33:40.300,4716.6000,39,0,55324320.000,0,-,-,-,-,4712.8000,4712.6000,4710.8000,4710.0000,4702.8000,4719.8000,4720.0000,4721.0000,4730.0000,4733.0000,1,1,1,1,1,1,3,1,5,2
SF,IF2011,2020-09-21 09:33:40.800,4716.6000,39,0,55324320.000,0,-,-,-,-,4712.8000,4712.6000,4710.8000,4710.0000,4702.8000,4719.4000,4719.8000,4720.0000,4721.0000,4730.0000,1,1,1,1,1,1,1,1,1,5
SF,IF2011,2020-09-21 09:33:41.300,4716.6000,39,0,55324320.000,0,-,-,-,-,4713.0000,4712.8000,4712.6000,4710.8000,4710.0000,4719.0000,4719.2000,4719.4000,4721.0000,4730.0000,1,1,1,1,1,1,1,1,1,5
SF,IF2011,2020-09-21 09:33:41.800,4716.6000,39,0,55324320.000,0,-,-,-,-,4713.0000,4712.8000,4712.6000,4710.8000,4710.0000,4718.8000,4719.0000,4721.0000,4730.0000,4733.0000,1,1,1,1,1,2,1,1,5,2
SF,IF2011,2020-09-21 09:33:42.300,4716.6000,39,0,55324320.000,0,-,-,-,-,4712.8000,4712.6000,4710.8000,4710.0000,4702.8000,4718.8000,4719.0000,4721.0000,4730.0000,4733.0000,1,1,1,1,1,2,1,1,5,2
SF,IF2011,2020-09-21 09:33:42.800,4716.6000,39,0,55324320.000,0,-,-,-,-,4712.8000,4712.6000,4710.8000,4710.0000,4702.8000,4718.0000,4718.8000,4721.0000,4730.0000,4733.0000,1,1,1,1,1,1,1,1,5,2
SF,IF2011,2020-09-21 09:33:43.300,4716.6000,39,0,55324320.000,0,-,-,-,-,4712.8000,4712.6000,4710.8000,4710.0000,4702.8000,4717.8000,4718.0000,4721.0000,4730.0000,4733.0000,1,1,1,1,1,1,1,1,5,2
SF,IF2011,2020-09-21 09:33:43.800,4716.6000,39,0,55324320.000,0,-,-,-,-,4712.8000,4712.6000,4710.8000,4710.0000,4702.8000,4717.8000,4721.0000,4730.0000,4733.0000,4734.6000,1,1,1,1,1,2,1,5,2,1
SF,IF2011,2020-09-21 09:33:44.300,4716.6000,39,0,55324320.000,0,-,-,-,-,4712.8000,4712.6000,4710.8000,4710.0000,4702.8000,4717.8000,4721.0000,4730.0000,4733.0000,4734.6000,1,1,1,1,1,1,1,5,2,1
SF,IF2011,2020-09-21 09:33:44.800,4716.6000,39,0,55324320.000,0,-,-,-,-,4712.8000,4710.8000,4710.0000,4702.8000,4700.0000,4717.4000,4717.8000,4721.0000,4730.0000,4733.0000,1,1,1,1,5,1,1,1,5,2
SF,IF2011,2020-09-21 09:33:45.300,4716.6000,39,0,55324320.000,0,-,-,-,-,4712.8000,4710.8000,4710.0000,4702.8000,4700.0000,4717.2000,4717.4000,4721.0000,4730.0000,4733.0000,1,1,1,1,5,1,1,1,5,2
SF,IF2011,2020-09-21 09:33:45.800,4716.6000,39,0,55324320.000,0,-,-,-,-,4713.0000,4710.8000,4710.0000,4702.8000,4700.0000,4717.4000,4721.0000,4730.0000,4733.0000,4734.6000,1,1,1,1,5,1,1,5,2,1
SF,IF2011,2020-09-21 09:33:46.300,4716.6000,39,0,55324320.000,0,-,-,-,-,4713.0000,4710.8000,4710.0000,4702.8000,4700.0000,4721.0000,4730.0000,4733.0000,4734.6000,4768.0000,2,1,1,1,5,1,5,2,1,1
SF,IF2011,2020-09-21 09:33:46.800,4716.6000,39,0,55324320.000,0,-,-,-,-,4713.6000,4713.0000,4710.8000,4710.0000,4702.8000,4720.8000,4721.0000,4730.0000,4733.0000,4768.0000,1,2,1,1,1,1,1,5,2,1
SF,IF2011,2020-09-21 09:33:47.300,4716.6000,39,0,55324320.000,0,-,-,-,-,4713.6000,4713.0000,4710.8000,4710.0000,4702.8000,4720.8000,4721.0000,4730.0000,4733.0000,4768.0000,1,1,1,1,1,1,1,5,2,1
SF,IF2011,2020-09-21 09:33:48.300,4716.6000,39,0,55324320.000,0,-,-,-,-,4713.6000,4713.0000,4710.8000,4710.0000,4702.8000,4720.4000,4720.8000,4721.0000,4730.0000,4733.0000,1,1,1,1,1,1,1,1,5,2
SF,IF2011,2020-09-21 09:33:48.800,4716.6000,39,0,55324320.000,0,-,-,-,-,4713.6000,4710.8000,4710.0000,4702.8000,4700.0000,4720.2000,4720.4000,4721.0000,4730.0000,4733.0000,1,1,1,1,5,1,1,1,5,2
SF,IF2011,2020-09-21 09:33:49.300,4716.6000,39,0,55324320.000,0,-,-,-,-,4713.8000,4713.6000,4710.8000,4710.0000,4702.8000,4720.2000,4720.4000,4721.0000,4730.0000,4733.0000,1,1,1,1,1,1,1,1,5,2
SF,IF2011,2020-09-21 09:33:49.800,4716.6000,39,0,55324320.000,0,-,-,-,-,4713.8000,4713.6000,4710.8000,4710.0000,4702.8000,4720.0000,4720.2000,4720.4000,4721.0000,4730.0000,1,1,1,1,1,1,1,1,1,5
SF,IF2011,2020-09-21 09:33:50.300,4716.6000,39,0,55324320.000,0,-,-,-,-,4714.2000,4713.8000,4710.8000,4710.0000,4702.8000,4719.8000,4720.0000,4720.4000,4721.0000,4730.0000,2,1,1,1,1,1,1,1,1,5
SF,IF2011,2020-09-21 09:33:50.800,4716.6000,39,0,55324320.000,0,-,-,-,-,4714.6000,4714.2000,4710.8000,4710.0000,4702.8000,4719.0000,4719.8000,4720.0000,4720.4000,4721.0000,1,2,1,1,1,1,1,1,1,1
SF,IF2011,2020-09-21 09:33:51.300,4716.6000,39,0,55324320.000,0,-,-,-,-,4710.8000,4710.0000,4702.8000,4700.0000,4666.0000,4718.8000,4719.0000,4720.0000,4720.4000,4721.0000,1,1,1,5,1,1,1,1,1,1
SF,IF2011,2020-09-21 09:33:51.800,4716.6000,39,0,55324320.000,0,-,-,-,-,4713.4000,4711.0000,4710.8000,4710.0000,4702.8000,4718.8000,4719.0000,4720.0000,4721.0000,4730.0000,1,1,1,1,1,1,1,1,1,5
SF,IF2011,2020-09-21 09:33:52.300,4716.6000,39,0,55324320.000,0,-,-,-,-,4713.4000,4711.0000,4710.8000,4710.0000,4702.8000,4718.8000,4719.0000,4720.0000,4721.0000,4730.0000,1,1,1,1,1,1,1,1,1,5
SF,IF2011,2020-09-21 09:33:52.800,4716.6000,39,0,55324320.000,0,-,-,-,-,4713.6000,4713.4000,4711.0000,4710.8000,4710.0000,4718.8000,4719.0000,4720.0000,4721.0000,4730.0000,1,1,1,1,1,1,1,1,1,5
SF,IF2011,2020-09-21 09:33:54.300,4716.6000,39,0,55324320.000,0,-,-,-,-,4713.6000,4713.4000,4711.0000,4710.8000,4710.0000,4718.8000,4719.0000,4721.0000,4730.0000,4733.0000,1,1,1,1,1,1,1,1,5,2
SF,IF2011,2020-09-21 09:33:55.800,4716.6000,39,0,55324320.000,0,-,-,-,-,4713.6000,4713.4000,4711.0000,4710.8000,4710.0000,4718.6000,4718.8000,4719.0000,4721.0000,4730.0000,1,1,1,1,1,1,1,1,1,5
SF,IF2011,2020-09-21 09:33:56.300,4716.6000,39,0,55324320.000,0,-,-,-,-,4713.8000,4713.6000,4713.4000,4711.0000,4710.8000,4718.4000,4718.6000,4719.0000,4721.0000,4730.0000,1,1,1,1,1,1,1,1,1,5
SF,IF2011,2020-09-21 09:33:56.800,4713.8000,40,1,56738460.000,1,1,0,双开,S,4713.6000,4713.4000,4711.0000,4710.8000,4710.0000,4718.4000,4718.6000,4719.0000,4721.0000,4730.0000,1,1,1,1,1,1,1,1,1,5
SF,IF2011,2020-09-21 09:33:57.300,4713.8000,40,0,56738460.000,0,-,-,-,-,4713.6000,4713.4000,4711.0000,4710.0000,4702.8000,4718.2000,4718.4000,4718.6000,4719.0000,4721.0000,1,1,1,1,1,1,1,1,1,1
SF,IF2011,2020-09-21 09:33:57.800,4713.6000,41,1,58152540.000,1,1,0,双开,S,4713.4000,4710.0000,4702.8000,4700.0000,4666.0000,4718.0000,4718.2000,4721.0000,4730.0000,4733.0000,1,1,1,5,1,2,1,1,5,2
SF,IF2011,2020-09-21 09:33:58.300,4713.6000,41,0,58152540.000,0,-,-,-,-,4710.0000,4702.8000,4700.0000,4666.0000,4655.2000,4713.4000,4717.2000,4718.0000,4718.2000,4721.0000,1,1,5,1,1,1,1,2,1,1
SF,IF2011,2020-09-21 09:33:58.800,4713.4000,42,1,59566560.000,1,1,0,双开,S,4712.2000,4710.0000,4702.8000,4700.0000,4666.0000,4717.2000,4718.0000,4718.2000,4721.0000,4730.0000,1,1,1,5,1,1,1,1,1,5
SF,IF2011,2020-09-21 09:33:59.300,4713.4000,42,0,59566560.000,0,-,-,-,-,4712.2000,4710.0000,4702.8000,4700.0000,4689.0000,4717.0000,4717.2000,4718.0000,4718.2000,4721.0000,1,1,1,5,1,1,1,1,1,1
SF,IF2011,2020-09-21 09:33:59.800,4713.4000,42,0,59566560.000,0,-,-,-,-,4712.2000,4710.0000,4705.2000,4702.8000,4700.0000,4717.0000,4717.2000,4718.0000,4718.2000,4721.0000,1,1,2,1,5,1,1,1,1,1
SF,IF2011,2020-09-21 09:34:00.800,4713.4000,42,0,59566560.000,0,-,-,-,-,4712.2000,4710.0000,4705.2000,4702.8000,4700.0000,4716.6000,4717.0000,4717.2000,4718.2000,4721.0000,1,1,2,1,5,1,1,1,1,1
SF,IF2011,2020-09-21 09:34:01.300,4713.4000,42,0,59566560.000,0,-,-,-,-,4710.0000,4705.2000,4702.8000,4700.0000,4689.0000,4716.4000,4716.6000,4717.2000,4718.2000,4721.0000,1,2,1,5,1,2,1,1,1,1
SF,IF2011,2020-09-21 09:34:01.800,4713.4000,42,0,59566560.000,0,-,-,-,-,4711.2000,4710.2000,4710.0000,4705.2000,4702.8000,4715.8000,4716.4000,4716.6000,4717.2000,4718.2000,1,1,1,2,1,1,2,1,1,1
SF,IF2011,2020-09-21 09:34:02.300,4713.4000,42,0,59566560.000,0,-,-,-,-,4711.2000,4710.0000,4705.2000,4702.8000,4700.0000,4715.6000,4715.8000,4716.4000,4716.6000,4718.2000,1,1,2,1,5,1,1,1,1,1
SF,IF2011,2020-09-21 09:34:02.800,4713.4000,42,0,59566560.000,0,-,-,-,-,4711.4000,4711.2000,4710.0000,4705.2000,4702.8000,4715.6000,4715.8000,4716.4000,4718.2000,4721.0000,1,1,1,2,1,1,1,1,1,1
SF,IF2011,2020-09-21 09:34:03.300,4713.4000,42,0,59566560.000,0,-,-,-,-,4711.4000,4711.2000,4710.0000,4705.2000,4702.8000,4715.6000,4715.8000,4718.2000,4721.0000,4730.0000,1,1,1,2,1,1,1,1,1,5
SF,IF2011,2020-09-21 09:34:03.800,4713.4000,42,0,59566560.000,0,-,-,-,-,4711.2000,4710.0000,4702.8000,4700.0000,4689.0000,4715.6000,4715.8000,4718.2000,4721.0000,4730.0000,1,1,1,5,1,1,1,1,1,5
SF,IF2011,2020-09-21 09:34:04.300,4711.2000,43,1,60979920.000,1,1,0,双开,S,4710.0000,4702.8000,4695.0000,4689.0000,4666.0000,4714.4000,4715.4000,4715.8000,4718.0000,4718.2000,1,1,5,1,1,1,1,1,1,1
SF,IF2011,2020-09-21 09:34:04.800,4711.2000,43,0,60979920.000,0,-,-,-,-,4710.0000,4702.8000,4695.0000,4689.0000,4666.0000,4714.2000,4714.4000,4715.4000,4715.8000,4718.0000,1,1,5,1,1,1,1,1,1,1
SF,IF2011,2020-09-21 09:34:05.300,4711.2000,43,0,60979920.000,0,-,-,-,-,4710.0000,4702.8000,4695.0000,4689.0000,4666.0000,4714.2000,4714.4000,4715.4000,4718.0000,4718.2000,1,1,5,1,1,1,1,1,1,1
SF,IF2011,2020-09-21 09:34:05.800,4711.2000,43,0,60979920.000,0,-,-,-,-,4710.0000,4702.8000,4695.0000,4689.0000,4666.0000,4713.8000,4714.2000,4714.4000,4718.0000,4718.2000,1,1,5,1,1,1,1,1,1,1
SF,IF2011,2020-09-21 09:34:06.300,4711.2000,43,0,60979920.000,0,-,-,-,-,4710.0000,4702.8000,4695.0000,4689.0000,4666.0000,4713.6000,4713.8000,4714.4000,4718.0000,4718.2000,1,1,5,1,1,1,1,1,1,1
SF,IF2011,2020-09-21 09:34:06.800,4711.2000,43,0,60979920.000,0,-,-,-,-,4710.0000,4702.8000,4695.0000,4689.0000,4666.0000,4713.6000,4713.8000,4714.4000,4718.0000,4718.2000,1,1,5,1,1,1,1,1,1,1
SF,IF2011,2020-09-21 09:34:07.300,4711.2000,43,0,60979920.000,0,-,-,-,-,4710.0000,4702.8000,4695.0000,4689.0000,4666.0000,4713.6000,4713.8000,4714.4000,4718.0000,4718.2000,1,1,5,1,1,1,1,1,1,1
SF,IF2011,2020-09-21 09:34:07.800,4711.2000,43,0,60979920.000,0,-,-,-,-,4710.0000,4702.8000,4695.0000,4689.0000,4666.0000,4713.6000,4714.4000,4718.0000,4718.2000,4721.0000,1,1,5,1,1,1,1,1,1,1
SF,IF2011,2020-09-21 09:34:08.300,4711.2000,43,0,60979920.000,0,-,-,-,-,4710.0000,4702.8000,4695.0000,4689.0000,4666.0000,4713.6000,4714.4000,4718.0000,4718.2000,4721.0000,1,1,5,1,1,1,1,1,1,1
SF,IF2011,2020-09-21 09:34:08.800,4710.0000,44,1,62392920.000,1,1,0,双开,S,4702.8000,4695.0000,4689.0000,4666.0000,4655.2000,4713.6000,4714.4000,4718.0000,4718.2000,4721.0000,1,5,1,1,1,1,1,1,1,1
SF,IF2011,2020-09-21 09:34:09.300,4710.0000,44,0,62392920.000,0,-,-,-,-,4703.0000,4702.8000,4695.0000,4689.0000,4666.0000,4714.4000,4718.0000,4718.2000,4721.0000,4725.0000,3,1,5,1,1,1,1,1,1,5
SF,IF2011,2020-09-21 09:34:10.800,4710.0000,44,0,62392920.000,0,-,-,-,-,4705.2000,4703.2000,4703.0000,4702.8000,4695.0000,4714.4000,4718.0000,4718.2000,4721.0000,4725.0000,1,1,3,1,5,1,1,1,1,5
SF,IF2011,2020-09-21 09:34:11.300,4710.0000,44,0,62392920.000,0,-,-,-,-,4705.4000,4705.2000,4703.6000,4703.0000,4702.8000,4713.6000,4714.2000,4714.4000,4718.0000,4718.2000,1,1,2,2,1,1,1,1,1,1
SF,IF2011,2020-09-21 09:34:11.800,4710.0000,44,0,62392920.000,0,-,-,-,-,4705.4000,4705.2000,4703.6000,4703.0000,4702.8000,4713.4000,4713.6000,4714.2000,4714.4000,4718.0000,1,1,2,2,1,1,1,1,1,1
SF,IF2011,2020-09-21 09:34:12.300,4710.0000,44,0,62392920.000,0,-,-,-,-,4705.4000,4703.6000,4703.0000,4702.8000,4695.0000,4710.8000,4713.0000,4713.4000,4714.2000,4718.0000,1,2,2,1,5,1,1,1,1,1
SF,IF2011,2020-09-21 09:34:13.800,4710.0000,44,0,62392920.000,0,-,-,-,-,4705.4000,4703.0000,4702.8000,4695.0000,4689.0000,4710.8000,4713.0000,4713.4000,4714.2000,4718.0000,1,2,1,5,1,1,1,1,1,1
SF,IF2011,2020-09-21 09:34:14.300,4710.0000,44,0,62392920.000,0,-,-,-,-,4705.4000,4703.0000,4702.8000,4695.0000,4689.0000,4710.6000,4710.8000,4713.0000,4714.2000,4718.0000,1,2,1,5,1,1,1,1,1,1
SF,IF2011,2020-09-21 09:34:15.800,4710.0000,44,0,62392920.000,0,-,-,-,-,4705.4000,4703.0000,4702.8000,4695.0000,4689.0000,4710.4000,4710.6000,4710.8000,4714.2000,4718.0000,1,2,1,5,1,1,1,1,1,1
SF,IF2011,2020-09-21 09:34:16.300,4710.0000,44,0,62392920.000,0,-,-,-,-,4702.8000,4695.0000,4689.0000,4666.0000,4655.2000,4709.6000,4710.2000,4710.4000,4710.8000,4714.2000,1,5,1,1,1,1,1,1,1,1
SF,IF2011,2020-09-21 09:34:16.800,4710.0000,45,1,63805920.000,1,1,0,双开,S,4703.0000,4702.8000,4690.0000,4689.0000,4666.0000,4709.4000,4709.6000,4710.4000,4714.2000,4715.0000,1,1,5,1,1,1,1,1,1,5
SF,IF2011,2020-09-21 09:34:17.300,4710.0000,45,0,63805920.000,0,-,-,-,-,4704.6000,4703.0000,4702.8000,4690.0000,4689.0000,4709.0000,4709.4000,4710.4000,4714.2000,4715.0000,1,1,1,5,1,2,1,1,1,5
SF,IF2011,2020-09-21 09:34:17.800,4710.0000,45,0,63805920.000,0,-,-,-,-,4704.8000,4704.6000,4703.6000,4702.8000,4690.0000,4709.0000,4709.4000,4710.4000,4714.2000,4715.0000,1,1,1,1,5,2,1,1,1,5
SF,IF2011,2020-09-21 09:34:18.300,4710.0000,45,0,63805920.000,0,-,-,-,-,4704.8000,4704.6000,4703.6000,4702.8000,4690.0000,4709.0000,4709.4000,4710.4000,4714.2000,4715.0000,1,1,1,1,5,2,1,1,1,5
SF,IF2011,2020-09-21 09:34:18.800,4710.0000,45,0,63805920.000,0,-,-,-,-,4704.6000,4703.6000,4702.8000,4690.0000,4689.0000,4708.8000,4709.0000,4710.4000,4714.2000,4715.0000,1,1,1,5,1,1,2,1,1,5
SF,IF2011,2020-09-21 09:34:19.300,4710.0000,45,0,63805920.000,0,-,-,-,-,4704.6000,4703.6000,4702.8000,4690.0000,4689.0000,4708.4000,4708.8000,4709.0000,4710.4000,4714.2000,1,1,1,5,1,1,1,2,1,1
SF,IF2011,2020-09-21 09:34:19.800,4710.0000,45,0,63805920.000,0,-,-,-,-,4704.6000,4703.6000,4702.8000,4690.0000,4689.0000,4708.2000,4708.4000,4709.0000,4710.4000,4714.2000,1,1,1,5,1,1,1,1,1,1
SF,IF2011,2020-09-21 09:34:20.300,4704.6000,46,1,65217300.000,1,1,0,双开,S,4703.6000,4702.8000,4690.0000,4689.0000,4666.0000,4708.0000,4708.2000,4709.0000,4710.4000,4714.2000,1,1,5,1,1,1,1,1,1,1
SF,IF2011,2020-09-21 09:34:20.800,4704.6000,46,0,65217300.000,0,-,-,-,-,4703.8000,4703.6000,4702.8000,4690.0000,4689.0000,4708.0000,4709.0000,4710.4000,4714.2000,4715.0000,1,1,1,5,1,1,1,1,1,5
SF,IF2011,2020-09-21 09:34:21.300,4704.6000,46,0,65217300.000,0,-,-,-,-,4703.8000,4703.6000,4702.8000,4690.0000,4689.0000,4709.0000,4710.4000,4714.2000,4715.0000,4718.0000,1,1,1,5,1,1,1,1,5,1
SF,IF2011,2020-09-21 09:34:21.800,4704.6000,46,0,65217300.000,0,-,-,-,-,4703.8000,4703.6000,4702.8000,4690.0000,4689.0000,4709.0000,4710.4000,4714.2000,4718.0000,4718.2000,1,1,1,5,1,1,1,1,1,1
SF,IF2011,2020-09-21 09:34:22.300,4704.6000,46,0,65217300.000,0,-,-,-,-,4703.8000,4703.6000,4702.8000,4690.0000,4689.0000,4709.0000,4710.4000,4714.2000,4718.0000,4718.2000,1,1,1,5,1,1,1,1,1,1
SF,IF2011,2020-09-21 09:34:22.800,4704.6000,46,0,65217300.000,0,-,-,-,-,4704.2000,4703.8000,4703.6000,4702.8000,4690.0000,4710.4000,4714.2000,4718.0000,4718.2000,4720.0000,1,1,1,1,5,1,1,1,1,5
SF,IF2011,2020-09-21 09:34:23.300,4704.6000,46,0,65217300.000,0,-,-,-,-,4704.4000,4704.2000,4703.6000,4702.8000,4690.0000,4710.2000,4710.4000,4714.2000,4718.0000,4718.2000,1,1,1,1,5,1,1,1,1,1
SF,IF2011,2020-09-21 09:34:24.300,4704.6000,46,0,65217300.000,0,-,-,-,-,4704.6000,4704.4000,4703.6000,4702.8000,4690.0000,4710.2000,4710.4000,4714.2000,4718.0000,4718.2000,1,1,1,1,5,1,1,1,1,1
SF,IF2011,2020-09-21 09:34:24.800,4704.6000,46,0,65217300.000,0,-,-,-,-,4704.8000,4704.6000,4703.6000,4702.8000,4690.0000,4709.8000,4710.2000,4710.4000,4714.2000,4718.0000,1,1,1,1,5,1,1,1,1,1
SF,IF2011,2020-09-21 09:34:25.300,4704.6000,46,0,65217300.000,0,-,-,-,-,4704.8000,4703.6000,4702.8000,4690.0000,4689.0000,4709.8000,4710.2000,4714.2000,4718.0000,4718.2000,1,1,1,5,1,1,1,1,1,1
SF,IF2011,2020-09-21 09:34:25.800,4704.6000,46,0,65217300.000,0,-,-,-,-,4704.8000,4703.6000,4702.8000,4690.0000,4689.0000,4709.6000,4709.8000,4710.2000,4714.2000,4718.0000,1,1,1,5,1,1,1,1,1,1
SF,IF2011,2020-09-21 09:34:26.300,4704.6000,46,0,65217300.000,0,-,-,-,-,4704.8000,4703.6000,4702.8000,4690.0000,4689.0000,4709.2000,4710.2000,4714.2000,4718.0000,4718.2000,1,1,1,5,1,1,1,1,1,1
SF,IF2011,2020-09-21 09:34:27.300,4704.6000,46,0,65217300.000,0,-,-,-,-,4704.8000,4703.6000,4702.8000,4690.0000,4689.0000,4710.2000,4714.2000,4718.0000,4718.2000,4720.0000,1,1,1,5,1,1,1,1,1,5
SF,IF2011,2020-09-21 09:34:27.800,4704.6000,46,0,65217300.000,0,-,-,-,-,4704.8000,4703.6000,4702.8000,4690.0000,4689.0000,4710.2000,4714.2000,4718.0000,4718.2000,4720.0000,1,1,1,5,1,1,1,1,1,5
SF,IF2011,2020-09-21 09:34:28.300,4704.6000,46,0,65217300.000,0,-,-,-,-,4704.8000,4703.6000,4702.8000,4690.0000,4689.0000,4710.0000,4710.2000,4714.2000,4718.0000,4718.2000,1,1,1,5,1,1,1,1,1,1
SF,IF2011,2020-09-21 09:34:28.800,4704.6000,46,0,65217300.000,0,-,-,-,-,4704.8000,4703.6000,4702.8000,4690.0000,4689.0000,4710.0000,4710.2000,4714.2000,4718.0000,4718.2000,1,1,1,5,1,2,1,1,1,1
SF,IF2011,2020-09-21 09:34:29.300,4704.6000,46,0,65217300.000,0,-,-,-,-,4704.8000,4703.6000,4702.8000,4690.0000,4689.0000,4709.8000,4710.0000,4710.2000,4714.2000,4718.0000,1,1,1,5,1,1,2,1,1,1
SF,IF2011,2020-09-21 09:34:29.800,4704.6000,46,0,65217300.000,0,-,-,-,-,4703.6000,4702.8000,4690.0000,4689.0000,4666.0000,4709.8000,4710.0000,4710.2000,4714.2000,4718.0000,1,1,5,1,1,1,2,1,1,1
SF,IF2011,2020-09-21 09:34:30.300,4704.6000,46,0,65217300.000,0,-,-,-,-,4703.6000,4702.8000,4690.0000,4689.0000,4666.0000,4709.2000,4709.8000,4710.0000,4710.2000,4714.2000,1,1,5,1,1,1,1,1,1,1
SF,IF2011,2020-09-21 09:34:30.800,4704.6000,46,0,65217300.000,0,-,-,-,-,4703.8000,4703.6000,4702.8000,4690.0000,4689.0000,4707.6000,4709.0000,4709.2000,4714.2000,4718.0000,1,1,1,5,1,1,1,1,1,1
SF,IF2011,2020-09-21 09:34:31.300,4704.6000,46,0,65217300.000,0,-,-,-,-,4703.8000,4703.6000,4702.8000,4690.0000,4689.0000,4707.6000,4709.2000,4714.2000,4718.0000,4720.0000,1,1,1,5,1,1,1,1,1,5
SF,IF2011,2020-09-21 09:34:32.800,4704.6000,46,0,65217300.000,0,-,-,-,-,4703.8000,4703.6000,4702.8000,4690.0000,4689.0000,4707.6000,4714.2000,4718.0000,4720.0000,4732.8000,1,1,1,5,1,1,1,1,5,1
SF,IF2011,2020-09-21 09:34:33.300,4704.6000,46,0,65217300.000,0,-,-,-,-,4703.8000,4703.6000,4702.8000,4690.0000,4689.0000,4707.6000,4718.0000,4720.0000,4732.8000,4733.0000,1,1,1,5,1,1,1,5,1,2
SF,IF2011,2020-09-21 09:34:34.300,4703.8000,47,1,66628440.000,1,1,0,双开,S,4703.6000,4702.8000,4690.0000,4689.0000,4666.0000,4707.6000,4718.0000,4720.0000,4732.8000,4733.0000,1,1,5,1,1,1,1,5,1,2
SF,IF2011,2020-09-21 09:34:34.800,4703.6000,48,1,68039520.000,1,1,0,双开,S,4702.8000,4690.0000,4689.0000,4666.0000,4655.2000,4707.6000,4718.0000,4720.0000,4732.8000,4733.0000,1,5,1,1,1,1,1,5,1,2
SF,IF2011,2020-09-21 09:34:35.300,4703.6000,48,0,68039520.000,0,-,-,-,-,4702.8000,4690.0000,4689.0000,4666.0000,4655.2000,4707.4000,4707.6000,4718.0000,4720.0000,4732.8000,1,5,1,1,1,1,1,1,5,1
SF,IF2011,2020-09-21 09:34:35.800,4703.6000,48,0,68039520.000,0,-,-,-,-,4702.8000,4690.0000,4689.0000,4666.0000,4655.2000,4707.4000,4707.6000,4718.0000,4720.0000,4732.8000,1,5,1,1,1,1,1,1,5,1
SF,IF2011,2020-09-21 09:34:43.300,4703.6000,48,0,68039520.000,0,-,-,-,-,4703.4000,4703.2000,4702.8000,4690.0000,4689.0000,4707.4000,4707.6000,4718.0000,4720.0000,4732.8000,1,1,1,5,1,1,1,1,5,1
SF,IF2011,2020-09-21 09:34:43.800,4703.6000,48,0,68039520.000,0,-,-,-,-,4703.6000,4703.4000,4703.2000,4702.8000,4690.0000,4707.6000,4709.0000,4718.0000,4720.0000,4732.8000,1,1,1,1,5,1,1,1,5,1
SF,IF2011,2020-09-21 09:34:44.300,4703.6000,48,0,68039520.000,0,-,-,-,-,4703.8000,4703.6000,4703.4000,4702.8000,4690.0000,4707.6000,4709.0000,4718.0000,4720.0000,4732.8000,1,1,1,1,5,1,1,1,5,1
SF,IF2011,2020-09-21 09:34:44.800,4703.6000,48,0,68039520.000,0,-,-,-,-,4704.0000,4703.8000,4703.4000,4702.8000,4690.0000,4707.6000,4709.0000,4718.0000,4720.0000,4732.8000,1,1,1,1,5,1,1,1,5,1
SF,IF2011,2020-09-21 09:34:45.300,4703.6000,48,0,68039520.000,0,-,-,-,-,4704.0000,4703.8000,4703.4000,4702.8000,4690.0000,4707.6000,4709.0000,4718.0000,4720.0000,4732.8000,1,1,1,1,5,1,1,1,5,1
SF,IF2011,2020-09-21 09:34:45.800,4703.6000,48,0,68039520.000,0,-,-,-,-,4704.4000,4704.0000,4703.4000,4702.8000,4690.0000,4709.0000,4718.0000,4720.0000,4732.8000,4733.0000,1,1,1,1,5,1,1,5,1,2
SF,IF2011,2020-09-21 09:34:46.300,4703.6000,48,0,68039520.000,0,-,-,-,-,4704.6000,4704.4000,4703.4000,4702.8000,4690.0000,4708.4000,4709.0000,4718.0000,4720.0000,4732.8000,1,1,1,1,5,1,1,1,5,1
SF,IF2011,2020-09-21 09:34:47.300,4703.6000,48,0,68039520.000,0,-,-,-,-,4704.8000,4704.6000,4703.4000,4702.8000,4690.0000,4708.4000,4709.0000,4718.0000,4720.0000,4732.8000,1,1,1,1,5,1,1,1,5,1
SF,IF2011,2020-09-21 09:34:47.800,4703.6000,48,0,68039520.000,0,-,-,-,-,4705.0000,4703.4000,4702.8000,4690.0000,4689.0000,4708.4000,4709.0000,4718.0000,4720.0000,4732.8000,1,1,1,5,1,1,1,1,5,1
SF,IF2011,2020-09-21 09:34:50.300,4705.0000,49,1,69451020.000,1,1,0,双开,S,4703.4000,4702.8000,4690.0000,4689.0000,4666.0000,4708.4000,4709.0000,4718.0000,4720.0000,4732.8000,1,1,5,1,1,1,1,1,5,1
SF,IF2011,2020-09-21 09:34:50.800,4705.0000,49,0,69451020.000,0,-,-,-,-,4703.6000,4703.4000,4702.8000,4690.0000,4689.0000,4708.4000,4709.0000,4718.0000,4720.0000,4732.8000,1,1,1,5,1,1,1,1,5,1
SF,IF2011,2020-09-21 09:34:51.300,4705.0000,49,0,69451020.000,0,-,-,-,-,4703.6000,4703.4000,4702.8000,4690.0000,4689.0000,4708.4000,4709.0000,4718.0000,4720.0000,4732.8000,1,1,1,5,1,1,1,1,5,1
SF,IF2011,2020-09-21 09:34:51.800,4705.0000,49,0,69451020.000,0,-,-,-,-,4703.6000,4703.4000,4702.8000,4690.0000,4689.0000,4708.2000,4708.4000,4709.0000,4718.0000,4720.0000,1,1,1,5,1,1,1,1,1,5
SF,IF2011,2020-09-21 09:34:55.800,4703.6000,50,1,70862100.000,1,1,0,双开,S,4702.8000,4690.0000,4689.0000,4666.0000,4655.2000,4708.2000,4708.4000,4709.0000,4718.0000,4720.0000,1,5,1,1,1,1,1,1,1,5
SF,IF2011,2020-09-21 09:34:56.300,4702.8000,51,1,72272940.000,1,1,0,双开,S,4690.0000,4689.0000,4666.0000,4655.2000,4631.2000,4708.4000,4709.0000,4718.0000,4720.0000,4732.8000,5,1,1,1,1,1,1,1,5,1
SF,IF2011,2020-09-21 09:34:56.800,4702.8000,51,0,72272940.000,0,-,-,-,-,4700.0000,4690.8000,4690.4000,4690.2000,4690.0000,4708.2000,4708.4000,4709.0000,4718.0000,4720.0000,1,1,1,6,6,1,1,1,1,5
SF,IF2011,2020-09-21 09:34:57.300,4702.8000,51,0,72272940.000,0,-,-,-,-,4700.2000,4700.0000,4690.4000,4690.2000,4690.0000,4707.2000,4708.2000,4708.4000,4709.0000,4718.0000,1,1,1,5,5,1,1,1,1,1
SF,IF2011,2020-09-21 09:34:57.800,4702.8000,51,0,72272940.000,0,-,-,-,-,4700.2000,4700.0000,4690.2000,4690.0000,4679.0000,4707.0000,4707.2000,4708.4000,4709.0000,4718.0000,1,1,5,5,1,1,1,1,1,1
SF,IF2011,2020-09-21 09:34:58.300,4702.8000,51,0,72272940.000,0,-,-,-,-,4700.0000,4690.2000,4690.0000,4679.0000,4666.0000,4706.4000,4707.0000,4708.4000,4709.0000,4718.0000,1,5,5,1,1,1,1,1,1,1
SF,IF2011,2020-09-21 09:34:58.800,4702.8000,51,0,72272940.000,0,-,-,-,-,4700.0000,4690.2000,4690.0000,4679.0000,4666.0000,4706.2000,4706.4000,4708.4000,4709.0000,4718.0000,1,5,5,1,1,1,1,1,1,1
SF,IF2011,2020-09-21 09:34:59.300,4702.8000,51,0,72272940.000,0,-,-,-,-,4700.0000,4694.0000,4690.2000,4690.0000,4679.0000,4705.4000,4706.2000,4708.4000,4709.0000,4718.0000,1,1,5,5,1,1,1,1,1,1
SF,IF2011,2020-09-21 09:34:59.800,4702.8000,51,0,72272940.000,0,-,-,-,-,4700.2000,4700.0000,4694.0000,4690.2000,4690.0000,4705.2000,4705.4000,4708.4000,4709.0000,4718.0000,1,1,1,5,5,1,1,1,1,1
SF,IF2011,2020-09-21 09:35:00.300,4702.8000,51,0,72272940.000,0,-,-,-,-,4700.0000,4694.0000,4690.2000,4690.0000,4679.0000,4705.2000,4705.4000,4708.4000,4709.0000,4718.0000,1,1,5,5,1,1,1,1,1,1
SF,IF2011,2020-09-21 09:35:00.800,4702.8000,51,0,72272940.000,0,-,-,-,-,4700.2000,4700.0000,4694.0000,4690.2000,4690.0000,4705.0000,4705.2000,4708.4000,4709.0000,4718.0000,1,1,1,5,5,1,1,1,1,1
SF,IF2011,2020-09-21 09:35:01.300,4702.8000,51,0,72272940.000,0,-,-,-,-,4700.0000,4694.0000,4690.2000,4690.0000,4679.0000,4704.8000,4705.0000,4708.4000,4709.0000,4718.0000,1,1,5,5,1,1,1,1,1,1
