市场代码,合约代码,时间,最新,持仓,增仓,成交额,成交量,开仓,平仓,成交类型,方向,买一价,买二价,买三价,买四价,买五价,卖一价,卖二价,卖三价,卖四价,卖五价,买一量,买二量,买三量,买四量,买五量,卖一量,卖二量,卖三量,卖四量,卖五量
SF,IF2010,2020-08-28 09:29:00.000,4680.8000,2369,0,1404240.000,1.000,-,-,-,-,4675.4000,4675.0000,4673.8000,4672.6000,4672.0000,4698.0000,4699.0000,4699.2000,4700.6000,4701.0000,4,1,1,1,1,1,6,1,4,1
SF,IF2010,2020-08-28 09:30:00.500,4680.8000,2369,0,2808480.000,1,0,1,多换,S,4676.0000,4675.4000,4675.0000,4673.8000,4672.6000,4689.0000,4692.4000,4695.4000,4696.6000,4696.8000,3,1,1,1,1,1,1,1,2,3
SF,IF2010,2020-08-28 09:30:01.000,4680.8000,2369,0,2808480.000,0,-,-,-,-,4682.8000,4681.4000,4680.6000,4680.0000,4677.8000,4686.4000,4688.6000,4688.8000,4693.8000,4696.6000,2,1,1,1,1,1,1,2,1,2
SF,IF2010,2020-08-28 09:30:01.500,4680.8000,2369,0,2808480.000,0,-,-,-,-,4683.0000,4682.8000,4681.4000,4680.6000,4680.0000,4688.6000,4693.8000,4696.6000,4696.8000,4699.0000,1,2,1,1,1,1,1,2,3,1
SF,IF2010,2020-08-28 09:30:02.000,4680.8000,2369,0,2808480.000,0,-,-,-,-,4683.2000,4681.4000,4680.6000,4680.0000,4676.8000,4684.4000,4685.2000,4685.8000,4686.4000,4688.0000,1,1,1,1,2,1,1,1,1,1
SF,IF2010,2020-08-28 09:30:02.500,4684.0000,2367,-2,5619000.000,2,0,2,双平,S,4684.0000,4681.4000,4680.6000,4680.0000,4677.6000,4688.2000,4688.6000,4690.0000,4693.6000,4693.8000,1,1,1,1,2,1,1,5,1,1
SF,IF2010,2020-08-28 09:30:03.000,4684.0000,2367,0,5619000.000,0,-,-,-,-,4684.2000,4680.6000,4680.0000,4677.6000,4676.6000,4686.4000,4688.0000,4688.2000,4688.6000,4690.0000,1,1,1,2,1,1,2,1,1,5
SF,IF2010,2020-08-28 09:30:03.500,4684.2000,2366,-1,7024260.000,1,0,1,双平,S,4680.0000,4677.6000,4676.6000,4676.2000,4676.0000,4685.2000,4686.2000,4686.4000,4688.0000,4688.2000,1,2,1,1,1,1,2,1,2,1
SF,IF2010,2020-08-28 09:30:04.000,4684.2000,2366,0,7024260.000,0,-,-,-,-,4681.0000,4680.2000,4677.6000,4676.6000,4676.2000,4685.0000,4686.2000,4686.4000,4688.2000,4688.6000,1,2,2,1,1,1,2,1,1,1
SF,IF2010,2020-08-28 09:30:04.500,4685.0000,2365,-1,8429760.000,1,0,1,双平,S,4681.2000,4681.0000,4680.8000,4680.2000,4676.6000,4685.0000,4686.2000,4688.6000,4690.0000,4693.6000,5,1,2,1,1,1,1,1,5,1
SF,IF2010,2020-08-28 09:30:05.000,4685.0000,2365,0,8429760.000,0,-,-,-,-,4681.2000,4681.0000,4680.8000,4680.2000,4676.6000,4685.0000,4686.2000,4688.6000,4690.0000,4693.6000,1,1,2,1,1,2,1,1,5,1
SF,IF2010,2020-08-28 09:30:05.500,4685.0000,2365,0,8429760.000,0,-,-,-,-,4681.2000,4681.0000,4680.2000,4676.6000,4676.2000,4684.8000,4686.2000,4688.6000,4690.0000,4693.6000,1,1,1,1,1,4,1,1,5,1
SF,IF2010,2020-08-28 09:30:06.000,4681.2000,2364,-1,9834120.000,1,0,1,双平,S,4681.0000,4676.6000,4676.2000,4675.4000,4671.6000,4684.4000,4684.6000,4684.8000,4686.2000,4688.6000,1,1,1,1,1,1,2,4,1,1
SF,IF2010,2020-08-28 09:30:06.500,4681.0000,2363,-1,11238420.000,1,0,1,双平,S,4676.2000,4675.4000,4671.6000,4670.0000,4662.2000,4682.8000,4684.2000,4684.6000,4684.8000,4686.2000,1,1,1,7,1,1,3,1,3,1
SF,IF2010,2020-08-28 09:30:07.000,4681.0000,2363,0,11238420.000,0,-,-,-,-,4679.4000,4678.0000,4677.8000,4676.8000,4676.6000,4682.6000,4684.2000,4684.8000,4688.6000,4690.0000,1,1,1,1,1,2,1,1,1,5
SF,IF2010,2020-08-28 09:30:07.500,4681.0000,2363,0,11238420.000,0,-,-,-,-,4678.0000,4677.8000,4676.8000,4676.6000,4676.4000,4682.6000,4684.2000,4684.8000,4688.6000,4690.0000,1,1,1,1,1,2,1,1,1,5
SF,IF2010,2020-08-28 09:30:08.000,4681.0000,2363,0,11238420.000,0,-,-,-,-,4678.2000,4678.0000,4677.8000,4676.6000,4676.4000,4682.6000,4684.2000,4684.8000,4688.6000,4690.0000,3,1,1,1,1,2,1,1,1,5
SF,IF2010,2020-08-28 09:30:08.500,4681.0000,2363,0,11238420.000,0,-,-,-,-,4678.2000,4677.8000,4676.4000,4676.2000,4675.4000,4682.4000,4682.6000,4684.2000,4684.8000,4688.6000,3,1,1,1,1,1,2,1,1,1
SF,IF2010,2020-08-28 09:30:09.000,4681.0000,2363,0,11238420.000,0,-,-,-,-,4676.4000,4676.2000,4675.4000,4673.8000,4671.6000,4682.2000,4682.6000,4684.2000,4684.8000,4688.6000,1,1,1,1,1,4,1,1,1,1
SF,IF2010,2020-08-28 09:30:09.500,4681.0000,2363,0,11238420.000,0,-,-,-,-,4677.4000,4677.2000,4677.0000,4676.6000,4676.2000,4682.2000,4682.6000,4684.8000,4688.6000,4690.0000,1,1,2,3,1,1,1,1,1,5
SF,IF2010,2020-08-28 09:30:10.000,4681.0000,2363,0,11238420.000,0,-,-,-,-,4677.6000,4677.2000,4677.0000,4676.6000,4676.2000,4682.0000,4682.2000,4682.6000,4684.8000,4688.6000,4,1,1,3,1,2,1,1,1,1
SF,IF2010,2020-08-28 09:30:10.500,4677.6000,2362,-1,12641700.000,1,0,1,双平,S,4677.0000,4676.6000,4676.2000,4675.4000,4673.8000,4681.8000,4682.0000,4682.6000,4684.8000,4688.6000,1,3,1,1,1,4,2,1,1,1
SF,IF2010,2020-08-28 09:30:11.000,4677.6000,2362,0,12641700.000,0,-,-,-,-,4677.2000,4676.6000,4675.4000,4673.8000,4671.6000,4681.4000,4681.6000,4681.8000,4682.0000,4682.6000,1,3,1,1,1,2,1,5,2,1
SF,IF2010,2020-08-28 09:30:11.500,4677.6000,2362,0,12641700.000,0,-,-,-,-,4676.6000,4675.4000,4673.8000,4671.6000,4670.0000,4681.2000,4681.4000,4681.6000,4681.8000,4682.0000,3,1,1,1,2,2,2,1,3,2
SF,IF2010,2020-08-28 09:30:12.000,4677.6000,2362,0,12641700.000,0,-,-,-,-,4676.8000,4676.6000,4675.4000,4673.8000,4671.6000,4681.0000,4681.2000,4681.6000,4681.8000,4682.0000,5,3,1,1,1,2,2,1,3,2
SF,IF2010,2020-08-28 09:30:12.500,4677.6000,2362,0,12641700.000,0,-,-,-,-,4677.0000,4676.8000,4676.6000,4671.6000,4670.0000,4681.2000,4681.6000,4681.8000,4682.0000,4682.6000,1,5,3,1,2,1,1,3,2,1
SF,IF2010,2020-08-28 09:30:13.000,4677.6000,2362,0,12641700.000,0,-,-,-,-,4677.4000,4677.2000,4677.0000,4676.8000,4676.6000,4681.2000,4681.6000,4681.8000,4682.0000,4682.6000,1,2,1,3,3,1,1,3,2,1
SF,IF2010,2020-08-28 09:30:13.500,4677.6000,2362,0,12641700.000,0,-,-,-,-,4677.8000,4677.6000,4677.4000,4677.2000,4676.8000,4681.2000,4681.6000,4681.8000,4682.0000,4682.6000,1,1,1,2,3,1,1,3,2,1
SF,IF2010,2020-08-28 09:30:14.000,4677.6000,2362,0,12641700.000,0,-,-,-,-,4678.0000,4677.8000,4677.4000,4677.2000,4676.8000,4681.2000,4681.6000,4681.8000,4682.0000,4682.6000,1,1,1,2,3,1,1,3,2,1
SF,IF2010,2020-08-28 09:30:14.500,4677.6000,2362,0,12641700.000,0,-,-,-,-,4678.2000,4678.0000,4677.8000,4677.4000,4677.2000,4681.6000,4681.8000,4682.0000,4682.6000,4684.8000,1,1,1,1,2,1,2,2,1,1
SF,IF2010,2020-08-28 09:30:15.000,4677.6000,2362,0,12641700.000,0,-,-,-,-,4678.4000,4678.2000,4677.8000,4677.4000,4677.2000,4681.6000,4681.8000,4682.0000,4682.6000,4684.8000,2,1,1,1,2,1,1,2,1,1
SF,IF2010,2020-08-28 09:30:15.500,4677.6000,2362,0,12641700.000,0,-,-,-,-,4678.4000,4678.2000,4677.8000,4677.4000,4677.2000,4681.2000,4681.4000,4681.6000,4681.8000,4682.0000,2,1,1,1,2,1,1,2,1,2
SF,IF2010,2020-08-28 09:30:16.000,4677.6000,2362,0,12641700.000,0,-,-,-,-,4678.4000,4678.2000,4677.8000,4677.4000,4677.2000,4681.4000,4681.6000,4681.8000,4682.0000,4682.6000,1,2,1,1,2,1,1,1,2,1
SF,IF2010,2020-08-28 09:30:16.500,4677.6000,2362,0,12641700.000,0,-,-,-,-,4678.4000,4678.2000,4677.8000,4677.4000,4677.2000,4681.2000,4681.4000,4681.6000,4681.8000,4682.0000,1,2,1,1,2,1,1,1,1,2
SF,IF2010,2020-08-28 09:30:17.000,4677.6000,2362,0,12641700.000,0,-,-,-,-,4678.4000,4678.2000,4677.8000,4677.4000,4677.2000,4681.2000,4681.4000,4681.6000,4681.8000,4682.0000,1,1,1,1,2,1,1,1,1,2
SF,IF2010,2020-08-28 09:30:17.500,4677.6000,2362,0,12641700.000,0,-,-,-,-,4678.4000,4678.2000,4677.8000,4677.4000,4677.2000,4681.2000,4681.4000,4681.6000,4681.8000,4682.0000,1,1,1,1,2,1,1,1,1,2
SF,IF2010,2020-08-28 09:30:19.000,4677.6000,2362,0,12641700.000,0,-,-,-,-,4678.6000,4678.4000,4678.2000,4677.2000,4676.8000,4681.8000,4682.0000,4682.6000,4684.8000,4688.6000,1,1,1,2,2,1,2,1,1,1
SF,IF2010,2020-08-28 09:30:19.500,4677.6000,2362,0,12641700.000,0,-,-,-,-,4678.8000,4678.6000,4678.2000,4677.2000,4676.8000,4681.4000,4681.6000,4681.8000,4682.0000,4682.6000,1,1,1,2,2,1,2,1,2,1
SF,IF2010,2020-08-28 09:30:20.000,4677.6000,2362,0,12641700.000,0,-,-,-,-,4678.8000,4678.6000,4678.2000,4677.2000,4671.8000,4681.6000,4681.8000,4682.0000,4682.6000,4684.8000,1,1,1,2,1,1,1,2,1,1
SF,IF2010,2020-08-28 09:30:20.500,4677.6000,2362,0,12641700.000,0,-,-,-,-,4678.8000,4678.6000,4678.2000,4677.2000,4671.8000,4681.4000,4681.6000,4681.8000,4682.0000,4682.6000,1,1,1,2,1,1,1,1,2,1
SF,IF2010,2020-08-28 09:30:21.000,4677.6000,2362,0,12641700.000,0,-,-,-,-,4678.6000,4678.2000,4677.2000,4671.8000,4671.6000,4681.2000,4681.4000,4681.6000,4681.8000,4682.0000,1,1,2,1,1,1,1,1,1,2
SF,IF2010,2020-08-28 09:30:21.500,4677.6000,2362,0,12641700.000,0,-,-,-,-,4678.2000,4677.2000,4671.8000,4671.6000,4670.0000,4681.0000,4681.2000,4681.4000,4681.6000,4681.8000,1,1,1,1,1,1,1,1,1,1
SF,IF2010,2020-08-28 09:30:22.000,4677.6000,2362,0,12641700.000,0,-,-,-,-,4678.2000,4671.8000,4671.6000,4670.0000,4665.0000,4680.8000,4681.0000,4681.4000,4681.6000,4681.8000,1,1,1,1,5,2,1,1,1,1
SF,IF2010,2020-08-28 09:30:22.500,4677.6000,2362,0,12641700.000,0,-,-,-,-,4678.2000,4671.8000,4671.6000,4670.0000,4665.0000,4680.8000,4681.0000,4681.4000,4681.6000,4681.8000,1,1,1,1,5,1,1,1,1,1
SF,IF2010,2020-08-28 09:30:24.000,4677.6000,2362,0,12641700.000,0,-,-,-,-,4678.2000,4671.8000,4671.6000,4670.0000,4665.0000,4680.4000,4680.6000,4680.8000,4681.0000,4681.4000,1,1,1,1,5,1,1,1,1,1
SF,IF2010,2020-08-28 09:30:24.500,4677.6000,2362,0,12641700.000,0,-,-,-,-,4678.2000,4671.8000,4671.6000,4670.0000,4665.0000,4680.2000,4681.0000,4681.4000,4681.6000,4681.8000,1,1,1,1,5,1,1,1,1,1
SF,IF2010,2020-08-28 09:30:25.000,4677.6000,2362,0,12641700.000,0,-,-,-,-,4678.2000,4671.8000,4671.6000,4670.0000,4665.0000,4680.2000,4681.0000,4681.4000,4681.6000,4681.8000,1,1,1,1,5,1,1,1,1,1
SF,IF2010,2020-08-28 09:30:25.500,4680.0000,2361,-1,14045700.000,1,0,1,双平,S,4678.2000,4671.8000,4670.0000,4665.0000,4662.2000,4680.2000,4681.0000,4681.4000,4681.6000,4681.8000,1,1,1,5,1,1,1,1,1,1
SF,IF2010,2020-08-28 09:30:26.000,4680.0000,2361,0,14045700.000,0,-,-,-,-,4678.2000,4670.0000,4665.0000,4662.2000,4660.0000,4681.0000,4681.4000,4681.6000,4681.8000,4682.0000,1,1,5,1,1,1,1,1,1,2
SF,IF2010,2020-08-28 09:30:26.500,4680.0000,2361,0,14045700.000,0,-,-,-,-,4678.4000,4678.2000,4670.0000,4665.0000,4662.2000,4680.8000,4681.0000,4681.4000,4681.6000,4681.8000,1,1,1,5,1,1,1,1,1,1
SF,IF2010,2020-08-28 09:30:27.000,4680.0000,2361,0,14045700.000,0,-,-,-,-,4678.6000,4678.4000,4678.2000,4670.0000,4665.0000,4681.4000,4681.6000,4681.8000,4682.0000,4682.6000,1,1,1,1,5,1,1,1,2,1
SF,IF2010,2020-08-28 09:30:27.500,4680.0000,2361,0,14045700.000,0,-,-,-,-,4678.8000,4678.6000,4678.2000,4670.0000,4665.0000,4681.2000,4681.4000,4681.6000,4681.8000,4682.0000,1,1,1,1,5,1,1,1,1,2
SF,IF2010,2020-08-28 09:30:28.000,4680.0000,2361,0,14045700.000,0,-,-,-,-,4678.8000,4678.6000,4678.2000,4670.0000,4665.0000,4681.8000,4682.0000,4682.6000,4684.8000,4688.6000,1,1,1,1,5,1,2,3,1,1
SF,IF2010,2020-08-28 09:30:28.500,4680.0000,2361,0,14045700.000,0,-,-,-,-,4678.8000,4678.2000,4670.0000,4665.0000,4662.2000,4681.6000,4681.8000,4682.0000,4682.6000,4684.8000,1,1,1,5,1,1,1,2,1,1
SF,IF2010,2020-08-28 09:30:29.000,4680.0000,2361,0,14045700.000,0,-,-,-,-,4678.8000,4678.2000,4670.0000,4665.0000,4662.2000,4681.8000,4682.0000,4682.6000,4684.8000,4688.6000,1,1,1,5,1,1,2,1,1,1
SF,IF2010,2020-08-28 09:30:29.500,4680.0000,2361,0,14045700.000,0,-,-,-,-,4678.8000,4678.2000,4670.0000,4665.0000,4662.2000,4681.6000,4681.8000,4682.0000,4682.6000,4684.8000,1,1,1,5,1,1,1,2,1,1
SF,IF2010,2020-08-28 09:30:31.000,4680.0000,2361,0,14045700.000,0,-,-,-,-,4678.8000,4670.0000,4665.0000,4662.2000,4660.0000,4681.8000,4682.0000,4682.6000,4684.8000,4688.6000,1,1,5,1,1,1,2,1,1,1
SF,IF2010,2020-08-28 09:30:33.000,4680.0000,2361,0,14045700.000,0,-,-,-,-,4679.2000,4678.8000,4670.0000,4665.0000,4662.2000,4681.8000,4682.0000,4682.6000,4684.8000,4688.6000,2,1,1,5,1,1,2,1,1,1
SF,IF2010,2020-08-28 09:30:33.500,4680.0000,2361,0,14045700.000,0,-,-,-,-,4679.4000,4679.2000,4670.0000,4665.0000,4662.2000,4681.6000,4681.8000,4682.0000,4682.6000,4684.8000,1,2,1,5,1,1,1,2,1,1
SF,IF2010,2020-08-28 09:30:34.000,4680.0000,2361,0,14045700.000,0,-,-,-,-,4679.4000,4670.0000,4665.0000,4662.2000,4660.0000,4681.6000,4681.8000,4682.0000,4682.6000,4684.8000,1,1,5,1,1,1,1,2,1,1
SF,IF2010,2020-08-28 09:30:34.500,4680.0000,2361,0,14045700.000,0,-,-,-,-,4679.4000,4670.0000,4665.0000,4662.2000,4660.0000,4681.4000,4681.6000,4681.8000,4682.0000,4682.6000,1,1,5,1,1,1,1,1,2,1
SF,IF2010,2020-08-28 09:30:35.000,4680.0000,2361,0,14045700.000,0,-,-,-,-,4679.4000,4670.0000,4665.0000,4662.2000,4660.0000,4681.4000,4681.6000,4681.8000,4682.0000,4682.6000,1,1,5,1,1,1,1,1,2,1
SF,IF2010,2020-08-28 09:30:35.500,4680.0000,2361,0,14045700.000,0,-,-,-,-,4679.4000,4670.0000,4665.0000,4662.2000,4660.0000,4681.4000,4681.6000,4681.8000,4682.0000,4682.6000,1,1,5,1,1,1,1,1,2,1
SF,IF2010,2020-08-28 09:30:36.000,4680.0000,2361,0,14045700.000,0,-,-,-,-,4679.4000,4670.0000,4665.0000,4662.2000,4660.0000,4681.2000,4681.4000,4681.8000,4682.0000,4682.6000,1,1,5,1,1,1,1,1,2,1
SF,IF2010,2020-08-28 09:30:36.500,4680.0000,2361,0,14045700.000,0,-,-,-,-,4679.4000,4670.0000,4665.0000,4662.2000,4660.0000,4681.0000,4681.2000,4681.4000,4681.8000,4682.0000,1,1,5,1,1,1,1,1,1,2
SF,IF2010,2020-08-28 09:30:37.000,4680.0000,2361,0,14045700.000,0,-,-,-,-,4670.0000,4665.0000,4662.2000,4660.0000,4656.4000,4681.0000,4681.2000,4681.4000,4681.8000,4682.0000,1,5,1,1,1,1,1,1,1,2
SF,IF2010,2020-08-28 09:30:37.500,4681.0000,2360,-1,15450000.000,1,0,1,双平,S,4678.0000,4677.4000,4676.6000,4676.4000,4676.2000,4681.2000,4681.4000,4682.0000,4682.6000,4684.8000,1,2,1,2,1,1,1,2,1,1
SF,IF2010,2020-08-28 09:30:38.000,4681.0000,2360,0,15450000.000,0,-,-,-,-,4678.2000,4676.6000,4676.4000,4676.2000,4675.2000,4681.0000,4681.2000,4681.4000,4682.0000,4682.6000,1,1,1,1,1,1,1,1,2,1
SF,IF2010,2020-08-28 09:30:38.500,4681.0000,2360,0,15450000.000,0,-,-,-,-,4678.2000,4676.6000,4676.4000,4676.2000,4675.2000,4680.4000,4681.2000,4681.4000,4682.0000,4682.6000,1,1,1,1,1,1,1,1,2,1
SF,IF2010,2020-08-28 09:30:39.000,4681.0000,2360,0,15450000.000,0,-,-,-,-,4678.2000,4676.6000,4676.4000,4676.2000,4675.2000,4680.8000,4681.2000,4681.4000,4682.0000,4684.8000,1,1,1,1,1,1,1,1,2,1
SF,IF2010,2020-08-28 09:30:39.500,4681.0000,2360,0,15450000.000,0,-,-,-,-,4678.2000,4676.6000,4676.4000,4676.2000,4675.2000,4680.0000,4680.6000,4680.8000,4681.2000,4681.4000,1,1,1,1,1,1,2,1,1,1
SF,IF2010,2020-08-28 09:30:40.000,4681.0000,2360,0,15450000.000,0,-,-,-,-,4678.2000,4676.6000,4676.2000,4675.2000,4674.8000,4680.8000,4681.2000,4684.8000,4688.6000,4690.0000,1,1,1,1,1,1,1,1,1,5
SF,IF2010,2020-08-28 09:30:40.500,4681.0000,2360,0,15450000.000,0,-,-,-,-,4678.2000,4676.6000,4676.2000,4675.2000,4674.8000,4680.8000,4681.2000,4684.8000,4688.6000,4690.0000,1,1,1,1,1,2,1,1,1,5
SF,IF2010,2020-08-28 09:30:41.000,4681.0000,2360,0,15450000.000,0,-,-,-,-,4678.2000,4676.6000,4676.2000,4675.2000,4674.8000,4680.8000,4684.8000,4688.6000,4690.0000,4699.2000,1,1,1,1,1,2,1,1,5,1
SF,IF2010,2020-08-28 09:30:42.500,4681.0000,2360,0,15450000.000,0,-,-,-,-,4678.2000,4676.6000,4676.2000,4675.2000,4674.8000,4680.8000,4684.8000,4688.6000,4690.0000,4699.2000,1,1,1,1,1,1,1,1,5,1
SF,IF2010,2020-08-28 09:30:43.000,4681.0000,2360,0,15450000.000,0,-,-,-,-,4678.2000,4676.6000,4676.2000,4675.2000,4674.8000,4680.4000,4680.8000,4684.8000,4688.6000,4690.0000,1,1,1,1,1,1,1,1,1,5
SF,IF2010,2020-08-28 09:30:43.500,4680.8000,2359,-1,16854240.000,1,0,1,双平,S,4678.2000,4676.6000,4676.2000,4675.2000,4674.8000,4684.8000,4688.6000,4690.0000,4699.2000,4727.4000,1,1,1,1,1,1,1,5,1,5
SF,IF2010,2020-08-28 09:30:44.000,4680.8000,2359,0,16854240.000,0,-,-,-,-,4678.2000,4675.2000,4674.8000,4674.0000,4672.8000,4680.6000,4681.0000,4681.6000,4681.8000,4684.6000,1,1,1,1,1,2,1,2,1,4
SF,IF2010,2020-08-28 09:30:44.500,4680.8000,2359,0,16854240.000,0,-,-,-,-,4678.2000,4675.2000,4674.8000,4672.8000,4670.6000,4681.6000,4681.8000,4684.6000,4684.8000,4688.6000,1,1,1,1,2,2,1,2,1,1
SF,IF2010,2020-08-28 09:30:45.000,4680.8000,2359,0,16854240.000,0,-,-,-,-,4678.2000,4675.2000,4674.8000,4672.8000,4670.6000,4680.0000,4681.0000,4681.2000,4681.4000,4681.6000,1,1,1,1,2,1,2,1,1,1
SF,IF2010,2020-08-28 09:30:45.500,4680.8000,2359,0,16854240.000,0,-,-,-,-,4678.4000,4678.2000,4675.2000,4674.8000,4672.8000,4680.0000,4681.0000,4681.2000,4681.4000,4681.6000,2,1,1,1,1,1,2,1,1,1
SF,IF2010,2020-08-28 09:30:46.000,4680.8000,2359,0,16854240.000,0,-,-,-,-,4678.4000,4678.2000,4675.2000,4674.8000,4672.8000,4679.8000,4681.0000,4681.2000,4681.4000,4681.6000,2,1,1,1,1,1,2,1,1,1
SF,IF2010,2020-08-28 09:30:46.500,4680.0000,2358,-1,18258240.000,1,0,1,双平,S,4678.4000,4675.2000,4674.8000,4672.8000,4670.6000,4681.0000,4681.2000,4681.4000,4681.6000,4684.6000,2,1,1,1,2,2,1,1,1,2
SF,IF2010,2020-08-28 09:30:47.000,4680.0000,2358,0,18258240.000,0,-,-,-,-,4678.6000,4678.4000,4675.2000,4674.8000,4672.8000,4680.2000,4681.0000,4681.2000,4681.4000,4681.6000,1,2,1,1,1,1,1,1,1,1
SF,IF2010,2020-08-28 09:30:47.500,4680.0000,2358,0,18258240.000,0,-,-,-,-,4678.8000,4678.4000,4675.2000,4674.8000,4672.8000,4681.0000,4681.2000,4681.4000,4681.6000,4684.6000,1,2,1,1,1,1,1,1,1,2
SF,IF2010,2020-08-28 09:30:48.000,4680.0000,2358,0,18258240.000,0,-,-,-,-,4679.0000,4678.8000,4678.4000,4675.2000,4674.8000,4680.4000,4681.0000,4681.2000,4681.4000,4681.6000,1,1,2,1,1,1,1,1,1,1
SF,IF2010,2020-08-28 09:30:48.500,4680.4000,2358,0,19662360.000,1,0,1,多换,S,4678.8000,4678.4000,4675.2000,4674.8000,4672.8000,4680.8000,4681.0000,4681.2000,4681.4000,4684.6000,1,2,1,1,1,1,1,1,1,2
SF,IF2010,2020-08-28 09:30:49.000,4680.4000,2358,0,19662360.000,0,-,-,-,-,4678.8000,4675.2000,4674.8000,4672.8000,4670.6000,4680.8000,4681.0000,4681.2000,4681.4000,4684.6000,1,1,1,1,2,1,1,1,1,2
SF,IF2010,2020-08-28 09:30:49.500,4680.4000,2358,0,19662360.000,0,-,-,-,-,4679.0000,4678.8000,4675.2000,4674.8000,4672.8000,4680.8000,4681.0000,4681.2000,4681.4000,4684.6000,2,1,1,1,1,1,1,1,1,2
SF,IF2010,2020-08-28 09:30:50.000,4680.4000,2358,0,19662360.000,0,-,-,-,-,4678.8000,4675.2000,4674.8000,4672.8000,4670.6000,4680.8000,4681.0000,4681.2000,4681.4000,4684.6000,1,1,1,1,2,1,1,1,1,2
SF,IF2010,2020-08-28 09:30:50.500,4680.4000,2358,0,19662360.000,0,-,-,-,-,4678.8000,4675.2000,4674.8000,4672.8000,4670.6000,4681.0000,4681.2000,4681.4000,4684.6000,4684.8000,1,1,1,1,2,1,1,1,2,1
SF,IF2010,2020-08-28 09:30:51.000,4680.4000,2358,0,19662360.000,0,-,-,-,-,4679.0000,4678.8000,4675.2000,4674.8000,4672.8000,4681.2000,4684.6000,4684.8000,4688.6000,4690.0000,1,1,1,1,1,1,2,1,1,5
SF,IF2010,2020-08-28 09:30:51.500,4680.4000,2358,0,19662360.000,0,-,-,-,-,4679.0000,4678.8000,4675.2000,4674.8000,4672.8000,4684.6000,4684.8000,4688.6000,4690.0000,4699.2000,1,1,1,1,1,2,1,1,5,1
SF,IF2010,2020-08-28 09:30:52.000,4680.4000,2358,0,19662360.000,0,-,-,-,-,4679.0000,4678.8000,4675.2000,4674.8000,4672.8000,4681.6000,4682.6000,4682.8000,4684.4000,4684.6000,1,1,1,1,1,1,2,1,3,2
SF,IF2010,2020-08-28 09:30:52.500,4680.4000,2358,0,19662360.000,0,-,-,-,-,4679.4000,4679.0000,4678.8000,4675.2000,4674.8000,4682.6000,4682.8000,4684.4000,4684.6000,4684.8000,2,1,1,1,1,2,1,3,2,1
SF,IF2010,2020-08-28 09:30:53.000,4680.4000,2358,0,19662360.000,0,-,-,-,-,4679.6000,4679.4000,4675.2000,4674.8000,4672.8000,4682.4000,4682.6000,4682.8000,4684.4000,4684.6000,1,2,1,1,1,2,2,1,3,2
SF,IF2010,2020-08-28 09:30:54.000,4680.4000,2358,0,19662360.000,0,-,-,-,-,4679.6000,4675.2000,4674.8000,4672.8000,4670.6000,4682.4000,4682.6000,4682.8000,4684.4000,4684.6000,1,1,1,1,2,2,2,1,3,2
SF,IF2010,2020-08-28 09:30:55.000,4680.4000,2358,0,19662360.000,0,-,-,-,-,4679.6000,4675.2000,4674.8000,4672.8000,4670.6000,4682.6000,4682.8000,4684.4000,4684.6000,4684.8000,1,1,1,1,2,1,1,3,2,1
SF,IF2010,2020-08-28 09:30:55.500,4680.4000,2358,0,19662360.000,0,-,-,-,-,4680.0000,4679.8000,4679.6000,4675.2000,4674.8000,4682.6000,4682.8000,4684.4000,4684.6000,4684.8000,2,1,1,1,1,1,1,3,2,1
SF,IF2010,2020-08-28 09:30:56.000,4680.4000,2358,0,19662360.000,0,-,-,-,-,4680.2000,4680.0000,4679.8000,4675.2000,4674.8000,4682.4000,4682.8000,4684.4000,4684.6000,4684.8000,1,2,1,1,1,2,1,3,1,1
SF,IF2010,2020-08-28 09:30:56.500,4680.4000,2358,0,19662360.000,0,-,-,-,-,4680.2000,4680.0000,4679.8000,4675.2000,4674.8000,4682.8000,4684.4000,4684.6000,4684.8000,4688.6000,1,2,1,1,1,1,3,1,1,1
SF,IF2010,2020-08-28 09:30:59.500,4680.4000,2358,0,19662360.000,0,-,-,-,-,4680.2000,4679.8000,4675.2000,4674.8000,4672.8000,4682.8000,4684.4000,4684.6000,4684.8000,4688.6000,1,1,1,1,1,1,3,1,1,1
SF,IF2010,2020-08-28 09:31:00.000,4680.4000,2358,0,19662360.000,0,-,-,-,-,4680.2000,4679.8000,4675.2000,4674.8000,4672.8000,4682.6000,4682.8000,4684.4000,4684.6000,4684.8000,1,1,1,1,1,1,1,3,1,1
SF,IF2010,2020-08-28 09:31:00.500,4680.4000,2358,0,19662360.000,0,-,-,-,-,4680.4000,4680.2000,4679.8000,4675.2000,4674.8000,4682.8000,4684.4000,4684.6000,4684.8000,4688.6000,1,1,1,1,1,1,3,1,1,1
SF,IF2010,2020-08-28 09:31:01.000,4680.4000,2358,0,19662360.000,0,-,-,-,-,4680.6000,4679.8000,4675.2000,4674.8000,4672.8000,4682.6000,4682.8000,4684.4000,4684.6000,4684.8000,1,1,1,1,1,3,1,3,1,1
SF,IF2010,2020-08-28 09:31:01.500,4680.6000,2357,-1,21066540.000,1,0,1,双平,S,4679.8000,4675.2000,4674.8000,4672.8000,4670.6000,4681.6000,4682.6000,4682.8000,4684.4000,4684.6000,1,1,1,1,2,1,2,1,3,1
SF,IF2010,2020-08-28 09:31:02.000,4679.8000,2356,-1,22470480.000,1,0,1,双平,S,4675.2000,4674.8000,4672.8000,4670.6000,4670.2000,4681.4000,4682.4000,4682.6000,4682.8000,4684.4000,1,1,1,2,2,1,1,2,1,1
SF,IF2010,2020-08-28 09:31:02.500,4679.8000,2356,0,22470480.000,0,-,-,-,-,4678.6000,4677.2000,4677.0000,4676.8000,4675.8000,4681.2000,4682.4000,4682.6000,4684.4000,4684.6000,1,1,1,1,1,1,1,2,1,1
SF,IF2010,2020-08-28 09:31:03.000,4679.8000,2356,0,22470480.000,0,-,-,-,-,4677.2000,4677.0000,4676.8000,4675.8000,4675.4000,4681.0000,4681.2000,4682.4000,4682.6000,4684.4000,1,1,1,1,4,1,1,1,2,1
SF,IF2010,2020-08-28 09:31:03.500,4679.8000,2356,0,22470480.000,0,-,-,-,-,4677.6000,4677.4000,4677.2000,4677.0000,4676.8000,4680.8000,4682.4000,4682.6000,4684.4000,4684.6000,1,5,1,1,1,1,1,2,1,1
SF,IF2010,2020-08-28 09:31:04.000,4680.8000,2356,0,23874720.000,1,0,1,多换,S,4677.8000,4677.6000,4677.4000,4677.0000,4676.8000,4682.4000,4682.6000,4684.4000,4684.6000,4684.8000,1,1,4,1,1,1,2,1,1,1
SF,IF2010,2020-08-28 09:31:04.500,4680.8000,2356,0,23874720.000,0,-,-,-,-,4677.8000,4677.6000,4677.4000,4675.4000,4675.2000,4680.8000,4681.4000,4681.6000,4682.2000,4682.4000,1,1,4,1,1,1,2,2,4,1
SF,IF2010,2020-08-28 09:31:05.000,4680.8000,2356,0,23874720.000,0,-,-,-,-,4678.2000,4677.8000,4677.6000,4677.4000,4675.4000,4680.6000,4681.4000,4681.6000,4682.2000,4682.4000,1,1,1,4,1,1,1,1,2,1
SF,IF2010,2020-08-28 09:31:05.500,4680.8000,2356,0,23874720.000,0,-,-,-,-,4678.4000,4678.2000,4677.6000,4677.4000,4675.4000,4680.6000,4681.4000,4681.6000,4682.2000,4682.4000,1,1,1,4,1,1,1,1,2,1
SF,IF2010,2020-08-28 09:31:06.000,4680.8000,2356,0,23874720.000,0,-,-,-,-,4678.4000,4678.2000,4677.6000,4677.4000,4675.4000,4680.6000,4681.6000,4682.2000,4682.4000,4684.8000,1,1,1,4,1,1,1,2,1,1
SF,IF2010,2020-08-28 09:31:06.500,4680.8000,2356,0,23874720.000,0,-,-,-,-,4678.6000,4678.4000,4678.2000,4677.6000,4677.4000,4681.6000,4682.2000,4682.4000,4684.8000,4688.6000,1,1,1,1,4,1,2,1,1,1
SF,IF2010,2020-08-28 09:31:07.000,4680.8000,2356,0,23874720.000,0,-,-,-,-,4678.6000,4678.2000,4677.6000,4677.4000,4675.4000,4681.4000,4681.6000,4682.2000,4682.4000,4684.8000,1,1,1,4,1,3,2,2,1,1
SF,IF2010,2020-08-28 09:31:07.500,4680.8000,2356,0,23874720.000,0,-,-,-,-,4678.6000,4678.2000,4677.4000,4675.4000,4675.2000,4681.4000,4681.6000,4682.2000,4682.4000,4684.8000,1,1,4,1,1,3,2,2,1,1
SF,IF2010,2020-08-28 09:31:08.000,4680.8000,2356,0,23874720.000,0,-,-,-,-,4678.6000,4677.4000,4675.4000,4675.2000,4674.8000,4680.0000,4680.8000,4681.2000,4681.4000,4681.6000,1,1,1,1,1,1,1,1,3,2
SF,IF2010,2020-08-28 09:31:08.500,4680.8000,2356,0,23874720.000,0,-,-,-,-,4677.4000,4675.4000,4675.2000,4674.8000,4672.8000,4680.8000,4681.0000,4681.2000,4681.4000,4681.6000,1,1,1,1,1,1,1,1,3,2
SF,IF2010,2020-08-28 09:31:09.000,4680.8000,2356,0,23874720.000,0,-,-,-,-,4677.4000,4675.4000,4675.2000,4674.8000,4672.8000,4680.6000,4680.8000,4681.0000,4681.2000,4681.4000,1,1,1,1,1,3,1,1,1,2
SF,IF2010,2020-08-28 09:31:09.500,4680.8000,2356,0,23874720.000,0,-,-,-,-,4675.2000,4674.8000,4672.8000,4670.2000,4670.0000,4680.6000,4680.8000,4681.0000,4681.2000,4681.4000,1,1,1,1,1,3,1,1,1,2
SF,IF2010,2020-08-28 09:31:10.000,4680.8000,2356,0,23874720.000,0,-,-,-,-,4675.8000,4675.4000,4675.2000,4674.8000,4672.8000,4680.2000,4680.4000,4680.6000,4680.8000,4681.0000,1,7,1,1,1,1,1,3,1,1
SF,IF2010,2020-08-28 09:31:10.500,4680.8000,2356,0,23874720.000,0,-,-,-,-,4676.0000,4675.8000,4675.4000,4675.2000,4674.8000,4680.0000,4680.4000,4680.6000,4680.8000,4681.0000,4,1,6,1,1,2,1,1,1,1
SF,IF2010,2020-08-28 09:31:11.000,4680.8000,2356,0,23874720.000,0,-,-,-,-,4676.4000,4676.0000,4675.4000,4675.2000,4674.8000,4680.0000,4680.4000,4680.6000,4680.8000,4681.0000,1,4,6,1,1,1,1,1,1,1
SF,IF2010,2020-08-28 09:31:11.500,4680.8000,2356,0,23874720.000,0,-,-,-,-,4676.6000,4676.4000,4676.0000,4675.4000,4675.2000,4679.8000,4680.0000,4680.4000,4680.6000,4680.8000,1,1,3,6,1,2,1,1,1,1
SF,IF2010,2020-08-28 09:31:12.000,4680.8000,2356,0,23874720.000,0,-,-,-,-,4676.6000,4676.4000,4676.0000,4675.4000,4675.2000,4679.6000,4679.8000,4680.4000,4680.6000,4680.8000,1,1,3,6,1,1,3,1,1,1
SF,IF2010,2020-08-28 09:31:12.500,4680.8000,2356,0,23874720.000,0,-,-,-,-,4676.6000,4676.4000,4676.0000,4675.4000,4675.2000,4679.6000,4679.8000,4680.4000,4680.6000,4680.8000,1,1,3,6,1,1,2,1,1,1
SF,IF2010,2020-08-28 09:31:13.000,4680.8000,2356,0,23874720.000,0,-,-,-,-,4676.6000,4676.0000,4675.4000,4675.2000,4674.8000,4679.6000,4679.8000,4680.4000,4680.6000,4680.8000,1,3,6,1,1,1,2,1,1,1
SF,IF2010,2020-08-28 09:31:14.000,4680.8000,2356,0,23874720.000,0,-,-,-,-,4676.6000,4676.0000,4675.4000,4675.2000,4674.8000,4679.6000,4679.8000,4680.4000,4680.6000,4680.8000,1,3,6,1,1,1,2,1,1,1
SF,IF2010,2020-08-28 09:31:14.500,4680.8000,2356,0,23874720.000,0,-,-,-,-,4676.6000,4676.0000,4675.4000,4675.2000,4674.8000,4679.4000,4679.6000,4679.8000,4680.4000,4680.6000,1,3,6,1,1,3,1,2,1,1
SF,IF2010,2020-08-28 09:31:15.000,4680.8000,2356,0,23874720.000,0,-,-,-,-,4676.6000,4675.4000,4674.8000,4670.4000,4670.2000,4679.2000,4679.4000,4679.8000,4680.4000,4680.6000,1,6,1,1,1,1,4,2,1,1
SF,IF2010,2020-08-28 09:31:15.500,4680.8000,2356,0,23874720.000,0,-,-,-,-,4675.4000,4674.8000,4670.4000,4670.2000,4670.0000,4679.0000,4679.2000,4679.4000,4679.8000,4680.4000,6,1,1,1,1,1,2,3,2,1
SF,IF2010,2020-08-28 09:31:16.000,4680.8000,2356,0,23874720.000,0,-,-,-,-,4675.8000,4675.6000,4675.4000,4670.4000,4670.2000,4678.8000,4679.2000,4679.4000,4679.8000,4680.4000,1,4,6,1,1,2,1,3,2,1
SF,IF2010,2020-08-28 09:31:16.500,4680.8000,2356,0,23874720.000,0,-,-,-,-,4676.0000,4675.8000,4675.6000,4675.4000,4670.4000,4678.8000,4679.2000,4679.4000,4679.8000,4680.4000,1,1,3,6,1,2,1,3,2,1
SF,IF2010,2020-08-28 09:31:17.000,4680.8000,2356,0,23874720.000,0,-,-,-,-,4675.8000,4675.6000,4675.4000,4670.4000,4670.2000,4678.6000,4678.8000,4679.2000,4679.4000,4679.8000,1,3,6,1,1,1,2,1,3,2
SF,IF2010,2020-08-28 09:31:17.500,4680.8000,2356,0,23874720.000,0,-,-,-,-,4675.4000,4670.4000,4670.2000,4670.0000,4665.0000,4678.4000,4678.6000,4678.8000,4679.2000,4679.4000,6,1,1,1,5,1,2,1,1,2
SF,IF2010,2020-08-28 09:31:18.000,4680.8000,2356,0,23874720.000,0,-,-,-,-,4675.4000,4670.4000,4670.2000,4670.0000,4665.0000,4678.2000,4678.4000,4678.6000,4678.8000,4679.4000,6,1,1,1,5,1,1,1,1,2
SF,IF2010,2020-08-28 09:31:18.500,4680.8000,2356,0,23874720.000,0,-,-,-,-,4675.4000,4670.4000,4670.2000,4670.0000,4665.0000,4678.0000,4678.2000,4678.6000,4678.8000,4679.4000,6,1,1,1,5,1,3,1,1,2
SF,IF2010,2020-08-28 09:31:19.000,4680.8000,2356,0,23874720.000,0,-,-,-,-,4675.6000,4675.4000,4670.4000,4670.2000,4670.0000,4677.8000,4678.0000,4678.6000,4678.8000,4679.4000,1,6,1,1,1,1,1,1,1,2
SF,IF2010,2020-08-28 09:31:19.500,4680.8000,2356,0,23874720.000,0,-,-,-,-,4675.6000,4675.4000,4670.4000,4670.2000,4670.0000,4677.6000,4678.6000,4678.8000,4679.4000,4680.4000,1,6,1,1,1,1,1,1,2,1
SF,IF2010,2020-08-28 09:31:20.000,4677.6000,2355,-1,25278000.000,1,0,1,双平,S,4675.6000,4675.4000,4670.4000,4670.2000,4670.0000,4678.6000,4678.8000,4679.4000,4680.4000,4680.6000,1,3,1,1,1,1,1,2,1,1
SF,IF2010,2020-08-28 09:31:20.500,4677.6000,2355,0,25278000.000,0,-,-,-,-,4675.8000,4675.6000,4675.4000,4670.4000,4670.2000,4678.4000,4678.6000,4678.8000,4679.4000,4680.4000,1,1,3,1,1,1,1,1,2,1
SF,IF2010,2020-08-28 09:31:22.000,4677.6000,2355,0,25278000.000,0,-,-,-,-,4675.8000,4675.6000,4675.4000,4670.4000,4670.2000,4678.4000,4678.6000,4678.8000,4679.4000,4680.4000,1,1,1,1,1,1,1,1,2,1
SF,IF2010,2020-08-28 09:31:22.500,4677.6000,2355,0,25278000.000,0,-,-,-,-,4675.8000,4675.6000,4670.4000,4670.2000,4670.0000,4678.2000,4678.4000,4678.6000,4678.8000,4679.4000,1,1,1,1,1,1,1,1,1,2
SF,IF2010,2020-08-28 09:31:23.000,4677.6000,2355,0,25278000.000,0,-,-,-,-,4675.8000,4675.6000,4670.4000,4670.2000,4670.0000,4677.6000,4678.0000,4678.2000,4678.6000,4678.8000,1,1,1,1,1,1,1,1,1,1
SF,IF2010,2020-08-28 09:31:23.500,4675.8000,2354,-1,26680740.000,1,0,1,双平,S,4670.4000,4670.2000,4670.0000,4665.0000,4662.2000,4677.4000,4677.6000,4678.2000,4678.6000,4678.8000,1,1,1,5,1,2,1,1,1,1
SF,IF2010,2020-08-28 09:31:24.000,4675.8000,2354,0,26680740.000,0,-,-,-,-,4676.4000,4674.0000,4672.4000,4672.2000,4671.0000,4677.2000,4677.4000,4677.6000,4678.2000,4678.6000,1,1,1,1,2,1,1,1,1,1
SF,IF2010,2020-08-28 09:31:24.500,4676.2000,2354,0,28083600.000,1,0,1,多换,S,4672.4000,4672.2000,4671.0000,4670.6000,4670.4000,4676.4000,4676.8000,4677.4000,4677.6000,4678.2000,1,1,2,5,1,1,1,1,1,1
SF,IF2010,2020-08-28 09:31:25.000,4676.2000,2354,0,28083600.000,0,-,-,-,-,4673.0000,4672.6000,4672.4000,4672.2000,4671.0000,4676.2000,4677.4000,4677.6000,4678.2000,4678.6000,1,2,1,3,1,1,1,1,1,1
SF,IF2010,2020-08-28 09:31:25.500,4676.2000,2354,0,28083600.000,0,-,-,-,-,4673.2000,4673.0000,4672.6000,4672.4000,4672.2000,4676.2000,4677.4000,4677.6000,4678.2000,4678.8000,4,1,1,1,3,1,1,1,1,1
SF,IF2010,2020-08-28 09:31:26.500,4676.2000,2354,0,28083600.000,0,-,-,-,-,4673.6000,4673.2000,4672.6000,4672.4000,4672.2000,4676.2000,4677.4000,4677.6000,4678.2000,4680.8000,1,4,1,1,1,1,1,1,1,1
SF,IF2010,2020-08-28 09:31:27.000,4676.2000,2354,0,28083600.000,0,-,-,-,-,4673.8000,4673.6000,4673.4000,4673.2000,4672.6000,4676.2000,4677.4000,4677.6000,4678.2000,4680.8000,2,1,2,3,1,1,1,1,1,1
SF,IF2010,2020-08-28 09:31:27.500,4676.2000,2353,-1,29486460.000,1,0,1,双平,S,4674.0000,4673.8000,4673.6000,4673.4000,4673.2000,4677.4000,4677.6000,4678.2000,4680.8000,4681.2000,1,1,1,2,3,1,1,1,1,1
SF,IF2010,2020-08-28 09:31:28.000,4676.2000,2353,0,29486460.000,0,-,-,-,-,4674.0000,4673.8000,4673.6000,4673.4000,4673.2000,4677.2000,4677.6000,4678.2000,4680.8000,4681.2000,1,1,1,2,3,1,1,1,1,1
SF,IF2010,2020-08-28 09:31:28.500,4676.2000,2353,0,29486460.000,0,-,-,-,-,4674.2000,4674.0000,4673.6000,4673.4000,4673.2000,4677.6000,4678.2000,4680.8000,4681.2000,4688.6000,1,1,1,2,3,1,1,1,1,1
SF,IF2010,2020-08-28 09:31:29.000,4676.2000,2353,0,29486460.000,0,-,-,-,-,4674.4000,4674.2000,4673.6000,4673.4000,4673.2000,4677.6000,4678.2000,4680.8000,4681.2000,4688.6000,1,1,1,2,3,1,1,1,1,1
SF,IF2010,2020-08-28 09:31:29.500,4676.2000,2353,0,29486460.000,0,-,-,-,-,4674.6000,4674.4000,4673.6000,4673.2000,4672.6000,4677.6000,4678.2000,4680.8000,4681.2000,4688.6000,1,3,1,3,1,1,1,1,1,1
SF,IF2010,2020-08-28 09:31:30.000,4676.2000,2353,0,29486460.000,0,-,-,-,-,4674.8000,4674.6000,4674.4000,4673.6000,4673.2000,4677.6000,4678.2000,4680.8000,4681.2000,4688.6000,1,1,2,1,3,1,1,1,1,1
SF,IF2010,2020-08-28 09:31:30.500,4676.2000,2353,0,29486460.000,0,-,-,-,-,4675.0000,4674.8000,4674.4000,4673.6000,4673.2000,4677.6000,4678.2000,4680.8000,4681.2000,4688.6000,1,1,2,1,3,1,1,1,1,1
SF,IF2010,2020-08-28 09:31:31.000,4676.2000,2353,0,29486460.000,0,-,-,-,-,4675.2000,4675.0000,4674.4000,4673.6000,4673.2000,4677.6000,4678.2000,4680.8000,4681.2000,4688.6000,1,1,2,1,3,1,1,1,1,1
SF,IF2010,2020-08-28 09:31:31.500,4676.2000,2353,0,29486460.000,0,-,-,-,-,4675.4000,4675.2000,4674.4000,4673.6000,4673.2000,4677.6000,4678.2000,4680.8000,4681.2000,4688.6000,1,1,2,1,3,1,1,1,1,1
SF,IF2010,2020-08-28 09:31:32.000,4676.2000,2353,0,29486460.000,0,-,-,-,-,4675.6000,4675.4000,4674.4000,4673.6000,4673.2000,4680.8000,4681.2000,4688.6000,4690.0000,4699.2000,1,1,2,1,1,1,1,1,5,1
SF,IF2010,2020-08-28 09:31:32.500,4676.2000,2353,0,29486460.000,0,-,-,-,-,4676.0000,4675.6000,4673.6000,4673.2000,4670.6000,4677.8000,4678.2000,4678.8000,4679.0000,4680.0000,2,1,1,1,1,1,1,1,1,1
SF,IF2010,2020-08-28 09:31:33.000,4677.8000,2353,0,30889800.000,1,0,1,多换,S,4676.0000,4675.6000,4673.6000,4673.2000,4670.6000,4678.8000,4679.0000,4680.0000,4680.2000,4680.6000,2,1,1,1,1,1,1,1,1,3
SF,IF2010,2020-08-28 09:31:33.500,4677.8000,2353,0,30889800.000,0,-,-,-,-,4676.2000,4676.0000,4673.6000,4673.2000,4670.6000,4678.6000,4679.0000,4680.0000,4680.2000,4680.6000,1,2,1,1,1,3,1,1,1,2
SF,IF2010,2020-08-28 09:31:34.000,4677.8000,2353,0,30889800.000,0,-,-,-,-,4676.2000,4676.0000,4673.6000,4673.2000,4670.6000,4678.6000,4679.0000,4680.0000,4680.2000,4680.6000,1,2,1,1,1,2,1,1,1,2
SF,IF2010,2020-08-28 09:31:34.500,4677.8000,2353,0,30889800.000,0,-,-,-,-,4676.2000,4676.0000,4673.6000,4673.2000,4670.6000,4678.4000,4678.6000,4679.0000,4680.0000,4680.2000,1,2,1,1,1,1,2,1,1,1
SF,IF2010,2020-08-28 09:31:35.500,4677.8000,2353,0,30889800.000,0,-,-,-,-,4676.2000,4676.0000,4673.6000,4673.2000,4670.6000,4678.2000,4678.4000,4678.6000,4679.0000,4680.0000,1,2,1,1,1,1,1,2,1,1
SF,IF2010,2020-08-28 09:31:36.000,4677.8000,2353,0,30889800.000,0,-,-,-,-,4676.2000,4676.0000,4673.6000,4673.2000,4670.6000,4678.2000,4678.4000,4678.6000,4679.0000,4680.0000,1,2,1,1,1,1,1,1,1,1
SF,IF2010,2020-08-28 09:31:36.500,4677.8000,2353,0,30889800.000,0,-,-,-,-,4676.4000,4676.2000,4676.0000,4673.6000,4673.2000,4678.2000,4678.6000,4679.0000,4680.0000,4680.2000,1,1,2,1,1,1,1,1,1,1
SF,IF2010,2020-08-28 09:31:37.000,4677.8000,2353,0,30889800.000,0,-,-,-,-,4676.4000,4676.2000,4673.6000,4673.2000,4670.6000,4678.6000,4679.0000,4680.0000,4680.2000,4680.6000,1,1,1,1,1,1,1,1,1,2
SF,IF2010,2020-08-28 09:31:37.500,4677.8000,2353,0,30889800.000,0,-,-,-,-,4676.6000,4676.4000,4673.6000,4673.2000,4670.6000,4678.6000,4679.0000,4680.0000,4680.2000,4680.6000,1,1,1,1,1,1,1,1,1,2
SF,IF2010,2020-08-28 09:31:38.000,4677.8000,2353,0,30889800.000,0,-,-,-,-,4676.8000,4676.6000,4673.6000,4673.2000,4670.6000,4679.0000,4680.0000,4680.6000,4681.2000,4688.6000,2,1,1,1,1,1,1,2,1,1
SF,IF2010,2020-08-28 09:31:38.500,4679.0000,2352,-1,32293500.000,1,0,1,双平,S,4677.0000,4676.8000,4673.6000,4673.2000,4670.6000,4680.6000,4681.2000,4688.6000,4690.0000,4699.2000,1,1,1,1,1,2,1,1,5,1
SF,IF2010,2020-08-28 09:31:39.000,4679.0000,2352,0,32293500.000,0,-,-,-,-,4677.2000,4677.0000,4676.8000,4673.6000,4673.2000,4681.2000,4688.6000,4690.0000,4699.2000,4703.2000,1,1,1,1,1,1,1,5,1,1
SF,IF2010,2020-08-28 09:31:39.500,4679.0000,2352,0,32293500.000,0,-,-,-,-,4677.4000,4677.2000,4676.8000,4673.6000,4673.2000,4679.6000,4680.8000,4681.0000,4688.6000,4690.0000,1,1,1,1,1,1,1,2,1,5
SF,IF2010,2020-08-28 09:31:40.000,4679.0000,2352,0,32293500.000,0,-,-,-,-,4677.4000,4676.8000,4673.6000,4673.2000,4670.6000,4679.6000,4680.8000,4681.0000,4688.6000,4690.0000,1,1,1,1,1,1,1,2,1,5
SF,IF2010,2020-08-28 09:31:41.500,4679.0000,2352,0,32293500.000,0,-,-,-,-,4677.4000,4676.8000,4673.6000,4673.2000,4670.6000,4680.8000,4681.0000,4688.6000,4690.0000,4699.2000,1,1,1,1,1,1,2,1,5,1
SF,IF2010,2020-08-28 09:31:42.000,4679.0000,2352,0,32293500.000,0,-,-,-,-,4677.4000,4676.8000,4673.6000,4673.2000,4670.6000,4680.6000,4681.0000,4688.6000,4690.0000,4699.2000,1,1,1,1,1,2,1,1,5,1
SF,IF2010,2020-08-28 09:31:42.500,4679.0000,2352,0,32293500.000,0,-,-,-,-,4677.6000,4677.4000,4676.8000,4673.2000,4670.6000,4680.6000,4688.6000,4690.0000,4699.2000,4703.2000,4,1,1,1,1,1,1,5,1,1
SF,IF2010,2020-08-28 09:31:43.000,4679.0000,2352,0,32293500.000,0,-,-,-,-,4677.8000,4677.6000,4676.8000,4676.4000,4673.2000,4680.6000,4688.6000,4690.0000,4699.2000,4703.2000,1,2,1,1,1,1,1,5,1,1
SF,IF2010,2020-08-28 09:31:43.500,4679.0000,2352,0,32293500.000,0,-,-,-,-,4678.0000,4677.8000,4676.8000,4676.4000,4673.2000,4688.6000,4690.0000,4699.2000,4703.2000,4727.4000,2,1,1,1,1,1,5,1,1,5
SF,IF2010,2020-08-28 09:31:44.000,4679.0000,2352,0,32293500.000,0,-,-,-,-,4678.2000,4678.0000,4676.4000,4673.2000,4670.6000,4681.0000,4681.4000,4681.8000,4682.0000,4683.0000,1,1,1,1,1,1,1,2,1,1
SF,IF2010,2020-08-28 09:31:44.500,4679.0000,2352,0,32293500.000,0,-,-,-,-,4678.6000,4678.2000,4676.4000,4673.2000,4670.6000,4680.8000,4681.8000,4682.0000,4684.8000,4685.4000,1,1,1,1,1,1,2,1,1,1
SF,IF2010,2020-08-28 09:31:45.000,4679.0000,2352,0,32293500.000,0,-,-,-,-,4678.8000,4676.4000,4673.2000,4670.6000,4670.2000,4680.8000,4681.8000,4682.0000,4684.8000,4685.4000,1,1,1,1,1,1,2,1,1,1
SF,IF2010,2020-08-28 09:31:45.500,4679.0000,2352,0,32293500.000,0,-,-,-,-,4678.8000,4676.4000,4673.2000,4670.6000,4670.2000,4680.8000,4681.8000,4682.0000,4684.8000,4686.4000,1,1,1,1,1,1,2,1,1,1
SF,IF2010,2020-08-28 09:31:46.000,4678.8000,2351,-1,33697140.000,1,0,1,双平,S,4676.4000,4673.2000,4670.6000,4670.2000,4670.0000,4681.8000,4682.0000,4684.8000,4686.4000,4688.2000,1,1,1,1,1,2,1,1,1,1
SF,IF2010,2020-08-28 09:31:46.500,4678.8000,2351,0,33697140.000,0,-,-,-,-,4677.0000,4676.6000,4676.4000,4670.6000,4670.2000,4680.4000,4681.4000,4681.6000,4681.8000,4684.8000,1,5,1,1,1,1,1,5,1,1
SF,IF2010,2020-08-28 09:31:47.000,4678.8000,2351,0,33697140.000,0,-,-,-,-,4677.2000,4677.0000,4676.6000,4676.4000,4670.6000,4680.2000,4680.4000,4681.4000,4681.6000,4681.8000,2,1,4,1,1,1,1,1,3,1
SF,IF2010,2020-08-28 09:31:47.500,4678.8000,2351,0,33697140.000,0,-,-,-,-,4677.8000,4677.4000,4677.2000,4676.6000,4676.4000,4680.2000,4680.4000,4681.4000,4681.6000,4681.8000,1,1,2,4,1,1,1,1,3,1
SF,IF2010,2020-08-28 09:31:48.000,4678.8000,2351,0,33697140.000,0,-,-,-,-,4678.0000,4677.8000,4677.4000,4677.2000,4676.6000,4680.2000,4680.4000,4681.4000,4681.6000,4681.8000,1,1,1,1,4,1,1,1,3,1
SF,IF2010,2020-08-28 09:31:48.500,4678.8000,2351,0,33697140.000,0,-,-,-,-,4678.2000,4678.0000,4677.4000,4677.2000,4676.6000,4680.2000,4680.4000,4681.4000,4681.6000,4681.8000,1,1,1,1,4,1,1,1,2,1
SF,IF2010,2020-08-28 09:31:49.000,4678.8000,2351,0,33697140.000,0,-,-,-,-,4678.4000,4678.2000,4677.4000,4677.2000,4676.6000,4680.2000,4681.4000,4681.6000,4681.8000,4684.8000,1,1,1,1,4,1,1,2,1,1
SF,IF2010,2020-08-28 09:31:50.000,4678.8000,2351,0,33697140.000,0,-,-,-,-,4678.6000,4678.4000,4677.4000,4677.2000,4676.6000,4680.2000,4681.6000,4681.8000,4684.8000,4686.4000,1,1,1,1,4,1,1,1,1,1
SF,IF2010,2020-08-28 09:31:50.500,4678.8000,2351,0,33697140.000,0,-,-,-,-,4678.6000,4678.4000,4677.4000,4677.2000,4676.6000,4681.8000,4684.8000,4686.4000,4688.2000,4688.4000,1,1,1,1,4,1,1,1,1,2
SF,IF2010,2020-08-28 09:31:51.000,4678.8000,2351,0,33697140.000,0,-,-,-,-,4678.6000,4677.4000,4677.2000,4676.6000,4676.4000,4681.6000,4681.8000,4684.8000,4686.4000,4688.2000,1,1,1,4,1,4,1,1,1,1
SF,IF2010,2020-08-28 09:31:51.500,4678.8000,2351,0,33697140.000,0,-,-,-,-,4678.6000,4677.4000,4677.2000,4676.6000,4676.4000,4681.6000,4684.8000,4686.4000,4688.2000,4688.4000,1,1,1,4,1,2,1,1,1,2
SF,IF2010,2020-08-28 09:31:52.000,4678.8000,2351,0,33697140.000,0,-,-,-,-,4678.6000,4677.4000,4677.2000,4676.6000,4676.4000,4681.0000,4681.4000,4681.6000,4684.8000,4686.4000,1,1,1,4,1,1,2,2,1,1
SF,IF2010,2020-08-28 09:31:52.500,4678.8000,2351,0,33697140.000,0,-,-,-,-,4678.8000,4678.6000,4677.4000,4677.2000,4676.6000,4681.0000,4681.4000,4681.6000,4684.8000,4686.4000,1,1,1,1,4,1,3,1,1,1
SF,IF2010,2020-08-28 09:31:53.000,4678.8000,2351,0,33697140.000,0,-,-,-,-,4678.8000,4678.6000,4677.4000,4677.2000,4676.6000,4681.0000,4681.4000,4681.6000,4684.8000,4686.4000,1,1,1,1,1,1,1,1,1,1
SF,IF2010,2020-08-28 09:31:53.500,4678.8000,2351,0,33697140.000,0,-,-,-,-,4678.6000,4677.4000,4676.6000,4676.4000,4670.6000,4680.8000,4681.0000,4681.4000,4684.8000,4686.4000,1,1,1,1,1,2,1,1,1,1
SF,IF2010,2020-08-28 09:31:54.000,4678.8000,2351,0,33697140.000,0,-,-,-,-,4677.4000,4676.6000,4676.4000,4670.6000,4670.2000,4680.8000,4681.0000,4681.4000,4684.8000,4686.4000,1,1,1,1,1,2,1,1,1,1
SF,IF2010,2020-08-28 09:31:54.500,4678.8000,2351,0,33697140.000,0,-,-,-,-,4677.8000,4676.6000,4676.4000,4670.6000,4670.2000,4680.6000,4680.8000,4681.0000,4681.4000,4684.8000,1,1,1,1,1,2,2,1,1,1
SF,IF2010,2020-08-28 09:31:55.000,4678.8000,2351,0,33697140.000,0,-,-,-,-,4677.8000,4676.6000,4676.4000,4670.6000,4670.2000,4680.4000,4681.4000,4684.8000,4686.4000,4688.2000,1,1,1,1,1,2,1,1,1,1
SF,IF2010,2020-08-28 09:31:55.500,4678.8000,2351,0,33697140.000,0,-,-,-,-,4678.0000,4677.8000,4676.6000,4676.4000,4670.6000,4680.2000,4680.4000,4681.4000,4684.8000,4686.4000,1,1,1,1,1,1,1,1,1,1
SF,IF2010,2020-08-28 09:31:56.000,4678.8000,2351,0,33697140.000,0,-,-,-,-,4678.2000,4676.6000,4676.4000,4670.6000,4670.2000,4680.0000,4680.2000,4681.4000,4684.8000,4686.4000,1,1,1,1,1,1,1,1,1,1
SF,IF2010,2020-08-28 09:31:56.500,4678.8000,2351,0,33697140.000,0,-,-,-,-,4676.6000,4676.4000,4670.6000,4670.2000,4670.0000,4680.0000,4680.2000,4684.8000,4686.4000,4688.2000,1,1,1,1,1,1,1,1,1,1
SF,IF2010,2020-08-28 09:31:57.000,4678.8000,2351,0,33697140.000,0,-,-,-,-,4677.2000,4676.8000,4676.6000,4676.4000,4670.6000,4680.0000,4680.2000,4684.8000,4686.4000,4688.2000,1,8,1,1,1,1,1,1,1,1
SF,IF2010,2020-08-28 09:31:57.500,4678.8000,2351,0,33697140.000,0,-,-,-,-,4677.4000,4677.2000,4676.8000,4676.6000,4676.4000,4680.0000,4680.2000,4684.8000,4686.4000,4688.2000,3,1,7,1,1,1,1,1,1,1
SF,IF2010,2020-08-28 09:31:58.000,4678.8000,2351,0,33697140.000,0,-,-,-,-,4678.0000,4677.4000,4676.8000,4676.6000,4676.4000,4680.0000,4680.2000,4684.8000,4686.4000,4688.2000,1,3,7,1,1,1,1,1,1,1
SF,IF2010,2020-08-28 09:31:58.500,4678.8000,2351,0,33697140.000,0,-,-,-,-,4678.2000,4678.0000,4677.4000,4676.8000,4676.6000,4680.0000,4680.2000,4684.8000,4686.4000,4688.2000,1,1,2,7,1,1,1,1,1,1
SF,IF2010,2020-08-28 09:31:59.000,4678.8000,2351,0,33697140.000,0,-,-,-,-,4678.4000,4678.2000,4677.4000,4676.8000,4676.6000,4680.0000,4680.2000,4684.8000,4686.4000,4688.2000,1,1,2,7,1,1,1,1,1,1
SF,IF2010,2020-08-28 09:31:59.500,4678.8000,2351,0,33697140.000,0,-,-,-,-,4678.4000,4678.2000,4677.4000,4676.8000,4676.6000,4680.2000,4684.8000,4686.4000,4688.2000,4688.4000,1,1,2,7,1,1,1,1,1,2
SF,IF2010,2020-08-28 09:32:00.000,4678.8000,2351,0,33697140.000,0,-,-,-,-,4678.4000,4678.2000,4676.8000,4676.6000,4676.4000,4679.8000,4684.8000,4686.4000,4688.2000,4688.4000,1,1,7,1,1,1,1,1,1,2
SF,IF2010,2020-08-28 09:32:01.000,4678.4000,2350,-1,35100660.000,1,0,1,双平,S,4678.2000,4676.8000,4676.6000,4676.4000,4670.6000,4679.8000,4684.8000,4686.4000,4688.2000,4688.4000,1,3,1,1,1,1,1,1,1,2
SF,IF2010,2020-08-28 09:32:01.500,4678.4000,2350,0,35100660.000,0,-,-,-,-,4676.8000,4676.6000,4676.4000,4670.6000,4670.2000,4679.6000,4679.8000,4684.8000,4688.2000,4688.4000,2,1,1,1,1,2,1,1,1,2
SF,IF2010,2020-08-28 09:32:02.000,4678.4000,2350,0,35100660.000,0,-,-,-,-,4676.8000,4676.6000,4676.4000,4670.6000,4670.2000,4679.4000,4679.6000,4679.8000,4688.2000,4688.4000,2,1,1,1,1,1,2,1,1,2
SF,IF2010,2020-08-28 09:32:02.500,4678.4000,2350,0,35100660.000,0,-,-,-,-,4676.4000,4670.6000,4670.2000,4670.0000,4665.0000,4679.2000,4679.4000,4679.6000,4688.2000,4688.4000,1,1,1,1,5,1,1,1,1,2
SF,IF2010,2020-08-28 09:32:03.000,4678.4000,2350,0,35100660.000,0,-,-,-,-,4676.4000,4670.6000,4670.2000,4670.0000,4665.0000,4679.0000,4679.2000,4679.6000,4688.2000,4688.4000,1,1,1,1,5,1,1,1,1,2
SF,IF2010,2020-08-28 09:32:03.500,4678.4000,2350,0,35100660.000,0,-,-,-,-,4676.6000,4676.4000,4670.6000,4670.2000,4670.0000,4679.0000,4679.2000,4688.2000,4688.4000,4688.6000,1,1,1,1,1,1,1,1,2,1
SF,IF2010,2020-08-28 09:32:04.000,4678.4000,2350,0,35100660.000,0,-,-,-,-,4676.8000,4676.6000,4676.4000,4670.6000,4670.2000,4678.6000,4679.0000,4688.2000,4688.4000,4688.6000,1,1,1,1,1,1,1,1,2,1
SF,IF2010,2020-08-28 09:32:04.500,4678.6000,2349,-1,36504240.000,1,0,1,双平,S,4677.0000,4676.8000,4676.6000,4676.4000,4670.6000,4679.0000,4688.2000,4688.4000,4688.6000,4690.0000,1,1,1,1,1,1,1,2,1,5
SF,IF2010,2020-08-28 09:32:05.000,4678.6000,2349,0,36504240.000,0,-,-,-,-,4677.2000,4677.0000,4676.6000,4676.4000,4670.6000,4679.0000,4688.2000,4688.4000,4688.6000,4690.0000,1,1,1,1,1,1,1,2,1,5
SF,IF2010,2020-08-28 09:32:05.500,4678.6000,2349,0,36504240.000,0,-,-,-,-,4677.2000,4677.0000,4676.6000,4676.4000,4670.6000,4679.0000,4688.2000,4688.4000,4688.6000,4690.0000,1,1,1,1,1,1,1,2,1,5
SF,IF2010,2020-08-28 09:32:06.500,4678.6000,2349,0,36504240.000,0,-,-,-,-,4678.6000,4677.2000,4677.0000,4676.6000,4676.4000,4679.0000,4688.2000,4688.4000,4688.6000,4690.0000,1,1,1,1,1,1,1,2,1,5
SF,IF2010,2020-08-28 09:32:07.000,4678.6000,2349,0,36504240.000,0,-,-,-,-,4679.6000,4678.6000,4677.2000,4676.6000,4676.4000,4688.2000,4688.4000,4688.6000,4690.0000,4699.2000,1,1,1,1,1,1,2,1,5,1
SF,IF2010,2020-08-28 09:32:07.500,4679.6000,2348,-1,37908120.000,1,0,1,双平,S,4678.6000,4676.4000,4670.6000,4670.2000,4670.0000,4679.6000,4680.0000,4680.4000,4681.2000,4681.6000,1,1,1,1,1,1,1,1,1,1
SF,IF2010,2020-08-28 09:32:08.000,4678.6000,2348,0,39311700.000,1,0,1,多换,S,4676.4000,4670.6000,4670.2000,4670.0000,4665.0000,4681.2000,4681.6000,4681.8000,4682.0000,4684.8000,1,1,1,1,5,1,1,1,1,1
SF,IF2010,2020-08-28 09:32:08.500,4678.6000,2348,0,39311700.000,0,-,-,-,-,4676.6000,4676.4000,4670.6000,4670.2000,4670.0000,4680.4000,4680.6000,4681.0000,4681.2000,4681.6000,1,1,1,1,1,1,1,4,1,1
SF,IF2010,2020-08-28 09:32:09.000,4678.6000,2348,0,39311700.000,0,-,-,-,-,4676.6000,4676.4000,4670.6000,4670.2000,4670.0000,4680.2000,4680.4000,4680.6000,4681.0000,4681.2000,1,1,1,1,1,3,1,1,3,1
SF,IF2010,2020-08-28 09:32:09.500,4678.6000,2348,0,39311700.000,0,-,-,-,-,4676.8000,4676.6000,4676.4000,4670.6000,4670.2000,4679.6000,4680.0000,4680.2000,4680.6000,4681.0000,1,1,1,1,1,2,2,3,1,3
SF,IF2010,2020-08-28 09:32:10.000,4678.6000,2348,0,39311700.000,0,-,-,-,-,4677.0000,4676.8000,4676.4000,4670.6000,4670.2000,4679.6000,4680.0000,4680.2000,4680.6000,4681.0000,2,1,1,1,1,2,1,2,1,3
SF,IF2010,2020-08-28 09:32:11.000,4678.6000,2348,0,39311700.000,0,-,-,-,-,4677.0000,4676.4000,4670.6000,4670.2000,4670.0000,4679.4000,4679.6000,4680.0000,4680.2000,4680.6000,2,1,1,1,1,1,2,1,2,1
SF,IF2010,2020-08-28 09:32:12.000,4678.6000,2348,0,39311700.000,0,-,-,-,-,4677.0000,4676.4000,4670.6000,4670.2000,4670.0000,4679.6000,4680.0000,4680.2000,4680.6000,4681.0000,2,1,1,1,1,1,1,2,1,3
SF,IF2010,2020-08-28 09:32:12.500,4678.6000,2348,0,39311700.000,0,-,-,-,-,4677.0000,4676.4000,4670.6000,4670.2000,4670.0000,4679.4000,4679.6000,4680.0000,4680.2000,4680.6000,1,1,1,1,1,1,1,1,2,1
SF,IF2010,2020-08-28 09:32:14.000,4678.6000,2348,0,39311700.000,0,-,-,-,-,4677.0000,4676.4000,4670.6000,4670.2000,4670.0000,4679.0000,4679.2000,4679.4000,4679.6000,4680.0000,1,1,1,1,1,1,1,1,1,1
SF,IF2010,2020-08-28 09:32:14.500,4677.0000,2347,-1,40714800.000,1,0,1,双平,S,4676.4000,4670.6000,4670.2000,4670.0000,4665.0000,4678.8000,4679.2000,4679.6000,4680.0000,4680.2000,1,1,1,1,5,2,1,1,1,2
SF,IF2010,2020-08-28 09:32:15.000,4676.4000,2347,0,42117720.000,1,0,1,多换,S,4670.6000,4670.2000,4670.0000,4665.0000,4662.2000,4678.2000,4678.4000,4678.6000,4678.8000,4679.2000,1,1,1,5,1,1,1,1,1,1
SF,IF2010,2020-08-28 09:32:15.500,4678.2000,2346,-1,43521180.000,1,0,1,双平,S,4675.0000,4674.4000,4674.0000,4673.4000,4671.0000,4678.0000,4678.8000,4679.2000,4679.6000,4681.2000,1,2,1,1,1,2,1,1,1,1
SF,IF2010,2020-08-28 09:32:16.000,4678.2000,2346,0,43521180.000,0,-,-,-,-,4675.2000,4674.0000,4673.4000,4671.0000,4670.8000,4678.0000,4678.2000,4678.8000,4679.2000,4679.6000,1,1,1,1,7,1,1,1,1,1
SF,IF2010,2020-08-28 09:32:16.500,4678.2000,2346,0,43521180.000,0,-,-,-,-,4675.2000,4674.0000,4673.4000,4671.0000,4670.8000,4678.0000,4678.8000,4679.2000,4679.6000,4681.2000,1,1,1,1,7,1,1,1,1,1
SF,IF2010,2020-08-28 09:32:17.500,4678.0000,2346,0,44924580.000,1,0,1,多换,S,4675.2000,4674.0000,4673.4000,4671.0000,4670.8000,4678.8000,4679.2000,4679.6000,4681.2000,4681.6000,1,1,1,1,7,1,1,1,1,1
SF,IF2010,2020-08-28 09:32:18.000,4678.0000,2346,0,44924580.000,0,-,-,-,-,4675.2000,4671.0000,4670.8000,4670.6000,4670.2000,4677.8000,4678.4000,4678.6000,4678.8000,4679.2000,1,1,6,1,1,1,1,4,1,1
SF,IF2010,2020-08-28 09:32:18.500,4678.0000,2346,0,44924580.000,0,-,-,-,-,4675.2000,4671.0000,4670.8000,4670.6000,4670.2000,4677.6000,4678.4000,4678.6000,4678.8000,4679.2000,1,1,6,1,1,1,1,3,1,1
SF,IF2010,2020-08-28 09:32:19.000,4678.0000,2346,0,44924580.000,0,-,-,-,-,4675.2000,4671.0000,4670.8000,4670.6000,4670.2000,4677.2000,4677.6000,4678.4000,4678.6000,4678.8000,1,1,6,1,1,1,1,1,3,1
SF,IF2010,2020-08-28 09:32:19.500,4678.0000,2346,0,44924580.000,0,-,-,-,-,4671.0000,4670.8000,4670.6000,4670.2000,4670.0000,4677.0000,4677.6000,4678.4000,4678.6000,4678.8000,1,6,1,1,1,1,1,1,3,1
SF,IF2010,2020-08-28 09:32:20.000,4678.0000,2346,0,44924580.000,0,-,-,-,-,4672.4000,4672.0000,4671.8000,4671.4000,4671.2000,4676.8000,4678.6000,4678.8000,4679.2000,4679.6000,1,1,1,1,4,2,2,1,1,1
SF,IF2010,2020-08-28 09:32:20.500,4678.0000,2346,0,44924580.000,0,-,-,-,-,4672.6000,4672.4000,4671.8000,4671.4000,4671.2000,4676.6000,4676.8000,4678.6000,4678.8000,4679.2000,3,1,1,1,3,3,2,2,1,1
SF,IF2010,2020-08-28 09:32:21.000,4678.0000,2346,0,44924580.000,0,-,-,-,-,4672.4000,4671.8000,4671.4000,4671.2000,4670.8000,4676.0000,4676.4000,4676.6000,4676.8000,4678.6000,1,1,1,3,6,1,3,3,1,2
SF,IF2010,2020-08-28 09:32:21.500,4678.0000,2346,0,44924580.000,0,-,-,-,-,4671.2000,4670.8000,4670.6000,4670.0000,4665.0000,4675.8000,4676.0000,4676.4000,4676.6000,4676.8000,3,6,1,1,5,4,1,2,2,1
SF,IF2010,2020-08-28 09:32:22.000,4678.0000,2346,0,44924580.000,0,-,-,-,-,4671.4000,4670.8000,4670.0000,4665.0000,4662.2000,4675.2000,4675.8000,4676.0000,4676.4000,4676.6000,1,6,1,5,1,1,4,1,2,2
SF,IF2010,2020-08-28 09:32:22.500,4678.0000,2346,0,44924580.000,0,-,-,-,-,4671.4000,4670.8000,4670.0000,4665.0000,4662.2000,4675.0000,4675.2000,4675.8000,4676.4000,4676.6000,1,6,1,5,1,2,1,2,2,2
SF,IF2010,2020-08-28 09:32:23.000,4678.0000,2346,0,44924580.000,0,-,-,-,-,4671.4000,4670.8000,4670.0000,4665.0000,4662.2000,4674.4000,4674.6000,4675.0000,4675.2000,4675.8000,1,3,1,5,1,3,1,2,1,1
SF,IF2010,2020-08-28 09:32:23.500,4678.0000,2346,0,44924580.000,0,-,-,-,-,4671.4000,4670.8000,4670.0000,4665.0000,4662.2000,4674.2000,4674.4000,4674.6000,4675.0000,4675.2000,1,1,1,5,1,3,3,2,1,1
SF,IF2010,2020-08-28 09:32:24.000,4678.0000,2346,0,44924580.000,0,-,-,-,-,4671.4000,4670.8000,4670.0000,4665.0000,4662.2000,4673.8000,4674.2000,4675.8000,4676.4000,4680.0000,1,1,1,5,1,1,1,1,1,5
SF,IF2010,2020-08-28 09:32:24.500,4678.0000,2346,0,44924580.000,0,-,-,-,-,4671.4000,4670.8000,4670.0000,4665.0000,4662.2000,4673.6000,4676.4000,4680.0000,4687.8000,4688.2000,1,1,1,5,1,1,1,5,1,1
SF,IF2010,2020-08-28 09:32:25.000,4673.6000,2345,-1,46326660.000,1,0,1,双平,S,4671.6000,4670.8000,4670.0000,4665.0000,4662.2000,4676.4000,4680.0000,4687.8000,4688.2000,4688.6000,1,1,1,5,1,1,5,1,1,1
SF,IF2010,2020-08-28 09:32:25.500,4673.6000,2345,0,46326660.000,0,-,-,-,-,4671.6000,4670.8000,4670.0000,4665.0000,4662.2000,4673.8000,4674.8000,4675.2000,4675.4000,4675.6000,1,1,1,5,1,1,1,1,1,1
SF,IF2010,2020-08-28 09:32:26.000,4673.6000,2345,0,46326660.000,0,-,-,-,-,4671.8000,4671.6000,4670.8000,4670.0000,4665.0000,4674.8000,4675.2000,4675.4000,4675.6000,4676.2000,1,1,1,1,5,1,1,1,1,3
SF,IF2010,2020-08-28 09:32:26.500,4673.6000,2345,0,46326660.000,0,-,-,-,-,4672.0000,4671.8000,4670.8000,4670.0000,4665.0000,4674.6000,4674.8000,4675.2000,4675.4000,4675.6000,1,1,1,1,5,1,1,1,1,1
SF,IF2010,2020-08-28 09:32:27.000,4673.6000,2345,0,46326660.000,0,-,-,-,-,4672.2000,4672.0000,4670.8000,4670.0000,4665.0000,4675.4000,4675.6000,4676.2000,4676.4000,4680.0000,1,1,1,1,5,1,1,2,1,5
SF,IF2010,2020-08-28 09:32:27.500,4673.6000,2345,0,46326660.000,0,-,-,-,-,4672.4000,4670.8000,4670.0000,4665.0000,4662.2000,4675.2000,4675.4000,4675.6000,4676.2000,4676.4000,1,1,1,5,1,3,1,1,2,1
SF,IF2010,2020-08-28 09:32:28.000,4673.6000,2345,0,46326660.000,0,-,-,-,-,4672.6000,4672.4000,4670.8000,4670.0000,4665.0000,4675.2000,4675.4000,4675.6000,4676.2000,4676.4000,1,1,1,1,5,2,1,1,2,1
SF,IF2010,2020-08-28 09:32:28.500,4673.6000,2345,0,46326660.000,0,-,-,-,-,4672.8000,4672.6000,4670.8000,4670.0000,4665.0000,4675.2000,4675.4000,4675.6000,4676.2000,4676.4000,1,1,1,1,5,2,1,1,2,1
SF,IF2010,2020-08-28 09:32:29.000,4673.6000,2345,0,46326660.000,0,-,-,-,-,4672.8000,4670.8000,4670.0000,4665.0000,4662.2000,4674.0000,4674.8000,4675.0000,4675.2000,4675.4000,1,1,1,5,1,1,2,1,2,1
SF,IF2010,2020-08-28 09:32:29.500,4672.8000,2344,-1,47728500.000,1,0,1,双平,S,4670.8000,4670.0000,4665.0000,4662.2000,4660.0000,4674.8000,4675.0000,4675.2000,4675.4000,4675.6000,1,1,5,1,1,1,1,2,1,1
SF,IF2010,2020-08-28 09:32:30.000,4672.8000,2344,0,47728500.000,0,-,-,-,-,4670.8000,4670.0000,4665.0000,4662.2000,4660.0000,4674.4000,4674.6000,4674.8000,4675.2000,4676.2000,1,1,5,1,1,1,5,1,2,2
SF,IF2010,2020-08-28 09:32:30.500,4672.8000,2344,0,47728500.000,0,-,-,-,-,4671.0000,4670.8000,4670.0000,4665.0000,4662.2000,4674.2000,4674.4000,4674.6000,4674.8000,4675.2000,1,1,1,5,1,3,1,3,1,2
SF,IF2010,2020-08-28 09:32:31.000,4672.8000,2344,0,47728500.000,0,-,-,-,-,4671.4000,4671.2000,4671.0000,4670.8000,4670.0000,4674.2000,4674.4000,4674.6000,4674.8000,4675.2000,1,1,1,1,1,1,1,3,1,2
SF,IF2010,2020-08-28 09:32:31.500,4674.6000,2342,-2,51935460.000,3,0,3,多平,S,4671.8000,4671.6000,4671.2000,4670.8000,4670.0000,4676.2000,4676.4000,4680.0000,4687.8000,4688.2000,1,3,1,1,1,2,1,5,1,1
SF,IF2010,2020-08-28 09:32:32.000,4674.6000,2342,0,51935460.000,0,-,-,-,-,4672.0000,4671.2000,4670.8000,4670.0000,4665.0000,4676.0000,4676.2000,4676.4000,4680.0000,4687.8000,2,1,1,1,5,2,2,1,5,1
SF,IF2010,2020-08-28 09:32:32.500,4674.6000,2342,0,51935460.000,0,-,-,-,-,4672.2000,4672.0000,4671.2000,4670.8000,4670.0000,4676.0000,4676.2000,4676.4000,4680.0000,4687.8000,1,2,1,1,1,2,2,1,5,1
SF,IF2010,2020-08-28 09:32:33.000,4674.6000,2342,0,51935460.000,0,-,-,-,-,4672.4000,4672.0000,4671.2000,4670.8000,4670.0000,4675.4000,4675.8000,4676.0000,4676.2000,4676.4000,1,1,1,1,1,1,2,2,2,1
SF,IF2010,2020-08-28 09:32:33.500,4674.6000,2342,0,51935460.000,0,-,-,-,-,4672.6000,4672.4000,4671.2000,4670.8000,4670.0000,4675.2000,4675.4000,4675.8000,4676.0000,4676.2000,1,1,1,1,1,1,1,2,2,2
SF,IF2010,2020-08-28 09:32:34.000,4674.6000,2342,0,51935460.000,0,-,-,-,-,4672.8000,4671.2000,4670.8000,4670.0000,4665.0000,4675.0000,4675.2000,4675.4000,4675.8000,4676.0000,1,1,1,1,5,1,1,1,2,1
SF,IF2010,2020-08-28 09:32:34.500,4674.6000,2342,0,51935460.000,0,-,-,-,-,4672.8000,4670.8000,4670.0000,4665.0000,4662.2000,4675.4000,4675.8000,4676.0000,4676.2000,4676.4000,1,1,1,5,1,1,2,1,2,1
SF,IF2010,2020-08-28 09:32:35.500,4674.6000,2342,0,51935460.000,0,-,-,-,-,4672.8000,4670.8000,4670.0000,4665.0000,4662.2000,4675.4000,4675.8000,4676.0000,4676.2000,4676.4000,1,1,1,5,1,1,2,1,1,1
SF,IF2010,2020-08-28 09:32:36.000,4674.6000,2342,0,51935460.000,0,-,-,-,-,4672.8000,4670.8000,4670.0000,4665.0000,4662.2000,4675.2000,4675.4000,4675.8000,4676.0000,4676.2000,1,1,1,5,1,2,1,2,1,1
SF,IF2010,2020-08-28 09:32:36.500,4674.6000,2342,0,51935460.000,0,-,-,-,-,4672.8000,4670.8000,4670.0000,4665.0000,4662.2000,4675.2000,4675.4000,4675.8000,4676.0000,4676.2000,1,1,1,5,1,1,1,2,1,1
SF,IF2010,2020-08-28 09:32:38.000,4672.8000,2341,-1,53337300.000,1,0,1,双平,S,4673.0000,4670.8000,4670.0000,4665.0000,4662.2000,4674.8000,4675.0000,4675.2000,4675.4000,4675.8000,1,1,1,5,1,1,1,1,1,2
SF,IF2010,2020-08-28 09:32:38.500,4673.0000,2340,-1,54739200.000,1,0,1,双平,S,4670.8000,4670.0000,4665.0000,4662.2000,4660.0000,4674.0000,4674.6000,4674.8000,4675.0000,4675.4000,1,1,5,1,1,1,1,1,1,1
SF,IF2010,2020-08-28 09:32:39.000,4673.0000,2340,0,54739200.000,0,-,-,-,-,4671.2000,4671.0000,4670.8000,4670.0000,4665.0000,4673.8000,4674.6000,4675.0000,4675.4000,4675.8000,1,1,1,1,5,1,1,1,1,2
SF,IF2010,2020-08-28 09:32:39.500,4673.0000,2340,0,54739200.000,0,-,-,-,-,4671.2000,4670.8000,4670.0000,4665.0000,4662.2000,4673.6000,4673.8000,4674.6000,4675.0000,4675.4000,1,1,1,5,1,1,1,1,1,1
SF,IF2010,2020-08-28 09:32:40.000,4673.0000,2340,0,54739200.000,0,-,-,-,-,4671.2000,4670.8000,4670.0000,4665.0000,4662.2000,4673.4000,4673.6000,4674.6000,4675.0000,4675.4000,1,1,1,5,1,1,1,1,1,1
SF,IF2010,2020-08-28 09:32:40.500,4673.0000,2340,0,54739200.000,0,-,-,-,-,4670.8000,4670.0000,4665.0000,4662.2000,4660.0000,4673.4000,4674.6000,4675.0000,4675.4000,4675.8000,1,1,5,1,1,1,1,1,1,2
SF,IF2010,2020-08-28 09:32:41.000,4673.0000,2340,0,54739200.000,0,-,-,-,-,4671.0000,4670.8000,4670.0000,4665.0000,4662.2000,4673.4000,4675.0000,4675.4000,4675.8000,4676.2000,2,1,1,5,1,1,1,1,2,1
SF,IF2010,2020-08-28 09:32:41.500,4673.0000,2340,0,54739200.000,0,-,-,-,-,4671.4000,4671.0000,4670.8000,4670.0000,4665.0000,4673.4000,4675.0000,4675.4000,4675.8000,4676.2000,1,2,1,1,5,1,1,1,2,1
SF,IF2010,2020-08-28 09:32:42.000,4673.0000,2340,0,54739200.000,0,-,-,-,-,4671.6000,4671.4000,4671.0000,4670.8000,4670.0000,4673.4000,4675.0000,4675.4000,4675.8000,4676.2000,1,1,1,1,1,1,1,1,2,1
SF,IF2010,2020-08-28 09:32:42.500,4673.4000,2339,-1,56141220.000,1,0,1,双平,S,4671.4000,4671.0000,4670.8000,4670.0000,4665.0000,4675.0000,4675.4000,4675.8000,4676.2000,4676.4000,1,1,1,1,5,1,1,2,1,1
SF,IF2010,2020-08-28 09:32:43.000,4673.4000,2339,0,56141220.000,0,-,-,-,-,4671.6000,4670.8000,4670.0000,4665.0000,4662.2000,4674.8000,4675.4000,4675.8000,4676.2000,4676.4000,2,1,1,5,1,1,1,2,1,1
SF,IF2010,2020-08-28 09:32:44.000,4673.4000,2339,0,56141220.000,0,-,-,-,-,4671.6000,4670.8000,4670.0000,4665.0000,4662.2000,4674.8000,4675.4000,4675.8000,4676.2000,4676.4000,2,1,1,5,1,1,1,2,1,1
SF,IF2010,2020-08-28 09:32:44.500,4673.4000,2339,0,56141220.000,0,-,-,-,-,4671.6000,4670.8000,4670.0000,4665.0000,4662.2000,4674.6000,4674.8000,4675.4000,4675.8000,4676.2000,1,1,1,5,1,2,1,1,2,1
SF,IF2010,2020-08-28 09:32:45.000,4673.4000,2339,0,56141220.000,0,-,-,-,-,4671.6000,4670.8000,4670.0000,4665.0000,4662.2000,4674.6000,4675.4000,4675.8000,4676.2000,4676.4000,1,1,1,5,1,1,1,2,1,1
SF,IF2010,2020-08-28 09:32:45.500,4673.4000,2339,0,56141220.000,0,-,-,-,-,4671.6000,4670.8000,4670.0000,4665.0000,4662.2000,4674.4000,4674.6000,4675.4000,4675.8000,4676.2000,1,1,1,5,1,1,1,1,1,1
SF,IF2010,2020-08-28 09:32:46.000,4673.4000,2339,0,56141220.000,0,-,-,-,-,4671.6000,4670.8000,4670.0000,4665.0000,4662.2000,4674.2000,4675.4000,4675.8000,4676.2000,4676.4000,1,1,1,5,1,1,1,1,1,1
SF,IF2010,2020-08-28 09:32:46.500,4673.4000,2339,0,56141220.000,0,-,-,-,-,4671.6000,4670.8000,4670.0000,4665.0000,4662.2000,4674.2000,4675.4000,4675.8000,4676.2000,4676.4000,1,1,1,5,1,1,1,1,1,1
SF,IF2010,2020-08-28 09:32:50.000,4673.4000,2339,0,56141220.000,0,-,-,-,-,4671.8000,4671.6000,4670.8000,4670.0000,4665.0000,4674.2000,4675.4000,4675.8000,4676.2000,4676.4000,1,1,1,1,5,1,1,1,1,1
SF,IF2010,2020-08-28 09:32:50.500,4673.4000,2339,0,56141220.000,0,-,-,-,-,4672.2000,4672.0000,4671.8000,4670.8000,4670.0000,4675.4000,4676.2000,4676.4000,4680.0000,4687.8000,1,5,1,1,1,1,1,1,5,1
SF,IF2010,2020-08-28 09:32:51.000,4673.4000,2339,0,56141220.000,0,-,-,-,-,4672.8000,4672.6000,4672.4000,4672.0000,4671.8000,4685.0000,4687.8000,4688.2000,4688.6000,4699.2000,1,1,5,2,1,5,1,1,1,1
SF,IF2010,2020-08-28 09:32:51.500,4673.4000,2339,0,56141220.000,0,-,-,-,-,4673.0000,4672.8000,4672.4000,4672.0000,4671.8000,4676.6000,4677.0000,4677.4000,4677.6000,4677.8000,6,1,2,2,1,1,1,2,1,1
SF,IF2010,2020-08-28 09:32:52.000,4673.4000,2339,0,56141220.000,0,-,-,-,-,4673.2000,4673.0000,4672.8000,4672.4000,4672.0000,4677.4000,4677.6000,4680.0000,4680.6000,4684.6000,1,6,1,2,2,1,1,1,1,1
SF,IF2010,2020-08-28 09:32:52.500,4673.4000,2339,0,56141220.000,0,-,-,-,-,4673.4000,4673.2000,4673.0000,4672.8000,4672.4000,4677.6000,4680.0000,4680.6000,4684.6000,4684.8000,4,1,5,1,2,1,1,1,1,4
SF,IF2010,2020-08-28 09:32:53.000,4673.4000,2339,0,56141220.000,0,-,-,-,-,4673.4000,4673.0000,4672.8000,4672.4000,4672.0000,4677.4000,4677.6000,4680.0000,4680.6000,4684.6000,4,5,1,2,1,3,1,1,1,1
SF,IF2010,2020-08-28 09:32:53.500,4673.4000,2339,0,56141220.000,0,-,-,-,-,4673.4000,4673.0000,4672.8000,4672.4000,4672.0000,4676.8000,4677.0000,4677.2000,4677.4000,4680.0000,1,2,1,2,1,1,2,1,3,1
SF,IF2010,2020-08-28 09:32:54.000,4673.4000,2339,0,56141220.000,0,-,-,-,-,4673.4000,4672.8000,4672.0000,4671.8000,4670.0000,4675.2000,4676.6000,4676.8000,4677.0000,4677.2000,1,1,1,1,1,1,3,1,2,1
SF,IF2010,2020-08-28 09:32:54.500,4673.4000,2339,0,56141220.000,0,-,-,-,-,4672.8000,4672.0000,4671.8000,4670.0000,4669.2000,4676.2000,4676.6000,4676.8000,4677.0000,4677.2000,1,1,1,1,1,1,3,1,2,1
SF,IF2010,2020-08-28 09:32:55.000,4673.4000,2339,0,56141220.000,0,-,-,-,-,4672.0000,4671.8000,4670.0000,4669.2000,4665.0000,4675.8000,4676.0000,4676.2000,4676.6000,4676.8000,1,1,1,1,5,1,3,1,2,1
SF,IF2010,2020-08-28 09:32:55.500,4673.4000,2339,0,56141220.000,0,-,-,-,-,4672.2000,4672.0000,4671.8000,4670.0000,4669.2000,4675.6000,4676.2000,4676.6000,4676.8000,4677.0000,5,1,1,1,1,1,1,2,1,2
SF,IF2010,2020-08-28 09:32:56.000,4673.4000,2339,0,56141220.000,0,-,-,-,-,4672.2000,4672.0000,4671.8000,4670.0000,4669.2000,4675.6000,4676.6000,4676.8000,4677.0000,4677.2000,5,1,1,1,1,1,2,1,2,1
SF,IF2010,2020-08-28 09:32:56.500,4673.4000,2339,0,56141220.000,0,-,-,-,-,4672.8000,4672.2000,4672.0000,4671.8000,4670.0000,4675.6000,4676.6000,4676.8000,4677.0000,4677.2000,1,4,1,1,1,1,2,1,2,1
SF,IF2010,2020-08-28 09:32:57.000,4673.4000,2339,0,56141220.000,0,-,-,-,-,4673.0000,4672.8000,4672.2000,4672.0000,4671.8000,4675.6000,4676.6000,4676.8000,4677.0000,4677.2000,1,1,3,1,1,1,1,1,2,1
SF,IF2010,2020-08-28 09:32:57.500,4673.4000,2339,0,56141220.000,0,-,-,-,-,4673.0000,4672.8000,4672.2000,4672.0000,4671.8000,4675.6000,4676.6000,4676.8000,4677.0000,4677.2000,1,1,3,1,1,1,1,1,2,1
SF,IF2010,2020-08-28 09:32:58.000,4673.4000,2339,0,56141220.000,0,-,-,-,-,4673.0000,4672.8000,4672.2000,4672.0000,4671.8000,4675.6000,4676.6000,4676.8000,4677.0000,4677.2000,1,1,3,1,1,1,1,1,2,1
SF,IF2010,2020-08-28 09:32:58.500,4675.6000,2340,1,57543900.000,1,1,0,双开,S,4673.2000,4673.0000,4672.8000,4672.2000,4672.0000,4676.6000,4676.8000,4677.0000,4677.2000,4677.4000,1,1,1,3,1,1,1,2,1,1
SF,IF2010,2020-08-28 09:32:59.000,4675.6000,2340,0,57543900.000,0,-,-,-,-,4673.2000,4673.0000,4672.8000,4672.2000,4672.0000,4676.4000,4676.6000,4676.8000,4677.0000,4677.2000,1,1,1,4,1,2,1,1,2,1
SF,IF2010,2020-08-28 09:32:59.500,4675.6000,2340,0,57543900.000,0,-,-,-,-,4673.4000,4673.2000,4672.8000,4672.2000,4672.0000,4676.4000,4676.6000,4676.8000,4677.0000,4677.2000,1,1,1,4,1,1,1,1,2,1
SF,IF2010,2020-08-28 09:33:00.000,4675.6000,2340,0,57543900.000,0,-,-,-,-,4673.6000,4673.4000,4672.8000,4672.2000,4672.0000,4676.4000,4676.6000,4676.8000,4677.0000,4677.2000,1,1,1,4,1,1,1,1,2,1
SF,IF2010,2020-08-28 09:33:00.500,4675.6000,2340,0,57543900.000,0,-,-,-,-,4673.8000,4673.6000,4672.8000,4672.2000,4672.0000,4676.8000,4677.0000,4677.2000,4677.4000,4680.0000,2,1,1,4,1,1,2,1,1,1
SF,IF2010,2020-08-28 09:33:01.000,4675.6000,2340,0,57543900.000,0,-,-,-,-,4674.0000,4673.8000,4672.8000,4672.2000,4672.0000,4676.8000,4677.0000,4677.2000,4677.4000,4680.0000,1,2,1,4,1,1,1,1,1,1
SF,IF2010,2020-08-28 09:33:01.500,4675.6000,2340,0,57543900.000,0,-,-,-,-,4674.4000,4674.2000,4674.0000,4673.8000,4672.8000,4677.0000,4677.2000,4680.0000,4680.6000,4684.6000,1,1,1,1,1,1,1,1,1,1
SF,IF2010,2020-08-28 09:33:02.000,4677.2000,2340,0,60350160.000,2,1,1,多换,S,4674.6000,4674.4000,4673.8000,4672.8000,4672.2000,4680.0000,4680.6000,4684.6000,4684.8000,4685.0000,3,1,1,1,3,1,1,1,1,5
SF,IF2010,2020-08-28 09:33:02.500,4677.2000,2340,0,60350160.000,0,-,-,-,-,4674.6000,4672.8000,4672.2000,4672.0000,4670.0000,4678.8000,4679.0000,4679.4000,4679.8000,4680.0000,3,1,3,1,1,2,1,1,4,1
SF,IF2010,2020-08-28 09:33:03.000,4677.2000,2340,0,60350160.000,0,-,-,-,-,4674.8000,4674.6000,4672.8000,4672.2000,4670.0000,4678.8000,4679.0000,4679.8000,4680.0000,4680.6000,1,3,1,1,1,1,1,3,1,1
SF,IF2010,2020-08-28 09:33:03.500,4677.2000,2340,0,60350160.000,0,-,-,-,-,4675.4000,4675.2000,4675.0000,4674.8000,4674.6000,4679.8000,4680.0000,4680.6000,4684.6000,4685.0000,1,1,6,1,1,3,1,1,1,5
SF,IF2010,2020-08-28 09:33:04.000,4677.2000,2340,0,60350160.000,0,-,-,-,-,4676.0000,4675.6000,4675.4000,4675.2000,4675.0000,4679.6000,4679.8000,4680.0000,4680.6000,4684.6000,1,3,1,1,4,2,3,1,1,1
SF,IF2010,2020-08-28 09:33:04.500,4677.2000,2340,0,60350160.000,0,-,-,-,-,4676.2000,4676.0000,4675.6000,4675.4000,4675.2000,4679.8000,4684.6000,4685.0000,4688.6000,4699.2000,2,1,1,1,1,2,1,5,1,1
SF,IF2010,2020-08-28 09:33:05.000,4677.2000,2340,0,60350160.000,0,-,-,-,-,4676.2000,4676.0000,4675.6000,4675.4000,4675.2000,4679.6000,4679.8000,4684.6000,4685.0000,4688.6000,2,1,1,1,1,1,2,1,5,1
SF,IF2010,2020-08-28 09:33:05.500,4677.2000,2340,0,60350160.000,0,-,-,-,-,4676.4000,4676.2000,4676.0000,4675.6000,4675.4000,4679.8000,4684.6000,4685.0000,4688.6000,4699.2000,3,2,1,1,1,2,1,5,1,1
SF,IF2010,2020-08-28 09:33:06.000,4677.2000,2340,0,60350160.000,0,-,-,-,-,4676.6000,4676.4000,4676.0000,4675.6000,4675.4000,4679.8000,4684.6000,4685.0000,4688.6000,4699.2000,2,3,1,1,1,2,1,5,1,1
SF,IF2010,2020-08-28 09:33:06.500,4677.2000,2340,0,60350160.000,0,-,-,-,-,4676.6000,4676.4000,4676.0000,4675.6000,4675.4000,4679.8000,4684.6000,4685.0000,4688.6000,4699.2000,2,3,1,1,1,2,1,5,1,1
SF,IF2010,2020-08-28 09:33:07.000,4677.2000,2340,0,60350160.000,0,-,-,-,-,4676.6000,4676.4000,4676.0000,4675.6000,4675.4000,4679.8000,4684.6000,4685.0000,4688.6000,4699.2000,2,3,1,1,1,2,1,5,1,1
SF,IF2010,2020-08-28 09:33:07.500,4677.2000,2340,0,60350160.000,0,-,-,-,-,4676.6000,4676.4000,4676.0000,4675.6000,4675.4000,4679.8000,4684.6000,4685.0000,4688.6000,4699.2000,2,3,1,1,1,2,1,5,1,1
SF,IF2010,2020-08-28 09:33:08.000,4677.2000,2340,0,60350160.000,0,-,-,-,-,4676.6000,4676.4000,4676.0000,4675.6000,4675.4000,4679.8000,4684.6000,4685.0000,4688.6000,4699.2000,2,3,1,1,1,2,1,5,1,1
SF,IF2010,2020-08-28 09:33:08.500,4677.2000,2340,0,60350160.000,0,-,-,-,-,4676.8000,4676.6000,4676.4000,4676.0000,4675.6000,4679.8000,4684.6000,4685.0000,4688.6000,4699.2000,1,2,3,1,1,2,1,5,1,1
SF,IF2010,2020-08-28 09:33:09.000,4677.2000,2340,0,60350160.000,0,-,-,-,-,4677.0000,4676.8000,4676.4000,4676.0000,4675.6000,4684.6000,4685.0000,4688.6000,4699.2000,4703.2000,2,3,3,1,1,1,5,1,1,1
SF,IF2010,2020-08-28 09:33:09.500,4677.2000,2340,0,60350160.000,0,-,-,-,-,4677.0000,4676.4000,4676.0000,4675.6000,4675.0000,4680.0000,4680.4000,4680.8000,4681.0000,4681.6000,1,3,1,1,4,1,1,2,1,1
SF,IF2010,2020-08-28 09:33:10.000,4677.2000,2340,0,60350160.000,0,-,-,-,-,4680.0000,4677.2000,4677.0000,4676.4000,4676.0000,4680.8000,4681.0000,4681.6000,4684.2000,4684.4000,1,7,1,3,1,2,1,1,1,4
SF,IF2010,2020-08-28 09:33:10.500,4680.0000,2339,-1,61754160.000,1,0,1,双平,S,4677.2000,4677.0000,4676.4000,4676.0000,4675.6000,4680.0000,4680.4000,4680.6000,4680.8000,4681.6000,3,1,3,1,1,1,1,1,1,1
SF,IF2010,2020-08-28 09:33:11.000,4680.0000,2339,0,61754160.000,0,-,-,-,-,4677.4000,4677.2000,4676.4000,4676.0000,4675.6000,4680.0000,4680.6000,4680.8000,4681.6000,4684.2000,3,3,3,1,1,2,1,1,1,1
SF,IF2010,2020-08-28 09:33:11.500,4680.0000,2339,0,61754160.000,0,-,-,-,-,4677.4000,4677.2000,4676.4000,4676.0000,4675.6000,4679.8000,4680.0000,4680.6000,4680.8000,4681.6000,4,1,3,1,1,1,1,1,1,1
SF,IF2010,2020-08-28 09:33:12.000,4680.0000,2339,0,61754160.000,0,-,-,-,-,4677.4000,4676.4000,4676.0000,4675.6000,4675.0000,4679.6000,4679.8000,4680.6000,4680.8000,4681.6000,1,3,1,1,4,1,1,1,1,1
SF,IF2010,2020-08-28 09:33:12.500,4679.6000,2338,-1,63158040.000,1,0,1,双平,S,4677.4000,4676.0000,4675.6000,4675.0000,4674.6000,4679.4000,4679.6000,4680.6000,4680.8000,4681.6000,1,1,1,4,1,1,1,1,1,1
SF,IF2010,2020-08-28 09:33:13.000,4679.6000,2338,0,63158040.000,0,-,-,-,-,4677.4000,4675.0000,4674.6000,4672.2000,4670.0000,4678.4000,4678.8000,4679.2000,4679.4000,4680.6000,1,4,1,1,1,1,1,2,1,1
SF,IF2010,2020-08-28 09:33:13.500,4679.6000,2338,0,63158040.000,0,-,-,-,-,4675.0000,4674.6000,4672.2000,4670.0000,4669.2000,4679.2000,4679.4000,4680.6000,4680.8000,4681.6000,4,1,1,1,1,1,1,1,1,1
SF,IF2010,2020-08-28 09:33:14.000,4679.6000,2338,0,63158040.000,0,-,-,-,-,4675.4000,4675.2000,4675.0000,4674.6000,4672.2000,4679.0000,4679.4000,4680.6000,4680.8000,4681.6000,2,6,4,1,1,2,1,1,1,1
SF,IF2010,2020-08-28 09:33:14.500,4679.6000,2338,0,63158040.000,0,-,-,-,-,4675.6000,4675.4000,4675.2000,4675.0000,4674.6000,4679.0000,4680.6000,4680.8000,4681.6000,4684.2000,3,2,4,4,1,2,1,1,1,1
SF,IF2010,2020-08-28 09:33:15.000,4679.6000,2338,0,63158040.000,0,-,-,-,-,4675.6000,4675.4000,4675.2000,4675.0000,4674.6000,4680.6000,4680.8000,4681.6000,4684.2000,4684.4000,2,2,4,4,1,1,1,1,1,3
SF,IF2010,2020-08-28 09:33:15.500,4679.6000,2338,0,63158040.000,0,-,-,-,-,4676.2000,4676.0000,4675.8000,4675.6000,4675.4000,4680.4000,4680.6000,4680.8000,4681.6000,4684.2000,1,1,1,2,2,2,1,1,1,1
SF,IF2010,2020-08-28 09:33:16.000,4679.6000,2338,0,63158040.000,0,-,-,-,-,4676.4000,4676.0000,4675.6000,4675.4000,4675.2000,4680.0000,4680.4000,4680.6000,4680.8000,4681.6000,1,1,1,2,3,1,2,1,1,1
SF,IF2010,2020-08-28 09:33:16.500,4679.6000,2338,0,63158040.000,0,-,-,-,-,4676.4000,4675.6000,4675.4000,4675.2000,4675.0000,4679.4000,4679.6000,4679.8000,4680.0000,4680.4000,2,1,1,2,4,1,1,3,1,1
SF,IF2010,2020-08-28 09:33:17.000,4679.6000,2338,0,63158040.000,0,-,-,-,-,4676.6000,4676.4000,4675.4000,4675.2000,4675.0000,4679.4000,4679.6000,4679.8000,4680.0000,4680.4000,2,1,1,2,4,1,1,2,1,1
SF,IF2010,2020-08-28 09:33:17.500,4679.6000,2338,0,63158040.000,0,-,-,-,-,4676.8000,4676.6000,4675.4000,4675.2000,4675.0000,4679.4000,4679.6000,4679.8000,4680.0000,4680.4000,1,2,1,2,4,1,1,2,1,1
SF,IF2010,2020-08-28 09:33:18.000,4679.6000,2338,0,63158040.000,0,-,-,-,-,4677.0000,4676.8000,4676.6000,4675.4000,4675.2000,4679.4000,4679.6000,4679.8000,4680.4000,4680.6000,1,1,1,1,2,1,1,2,1,1
SF,IF2010,2020-08-28 09:33:18.500,4679.6000,2338,0,63158040.000,0,-,-,-,-,4677.4000,4677.2000,4677.0000,4676.6000,4675.4000,4680.6000,4681.6000,4684.2000,4684.6000,4685.0000,1,1,1,1,1,1,1,1,1,5
SF,IF2010,2020-08-28 09:33:19.000,4679.6000,2338,0,63158040.000,0,-,-,-,-,4677.6000,4677.4000,4676.6000,4675.4000,4675.0000,4680.6000,4681.6000,4684.2000,4684.6000,4685.0000,2,2,1,1,3,1,1,1,1,5
SF,IF2010,2020-08-28 09:33:19.500,4679.6000,2338,0,63158040.000,0,-,-,-,-,4677.8000,4677.6000,4677.4000,4676.6000,4675.4000,4680.6000,4681.6000,4684.2000,4684.6000,4685.0000,1,2,1,1,1,1,1,1,1,5
SF,IF2010,2020-08-28 09:33:20.000,4679.6000,2338,0,63158040.000,0,-,-,-,-,4678.0000,4677.8000,4677.4000,4676.6000,4675.4000,4681.6000,4684.2000,4684.6000,4685.0000,4688.6000,2,1,1,1,1,1,1,1,5,1
SF,IF2010,2020-08-28 09:33:20.500,4679.6000,2338,0,63158040.000,0,-,-,-,-,4678.0000,4677.8000,4675.4000,4675.0000,4672.2000,4681.4000,4681.6000,4684.2000,4684.6000,4685.0000,2,1,1,3,1,4,1,1,1,5
SF,IF2010,2020-08-28 09:33:21.000,4679.6000,2338,0,63158040.000,0,-,-,-,-,4678.2000,4678.0000,4675.4000,4675.0000,4672.2000,4681.0000,4681.2000,4681.4000,4681.6000,4684.2000,1,1,1,3,1,1,1,3,1,1
SF,IF2010,2020-08-28 09:33:21.500,4679.6000,2338,0,63158040.000,0,-,-,-,-,4678.4000,4678.2000,4675.4000,4675.0000,4672.2000,4681.0000,4681.2000,4681.4000,4681.6000,4684.2000,1,1,1,3,1,1,1,3,1,1
SF,IF2010,2020-08-28 09:33:22.000,4678.4000,2338,0,64561560.000,1,0,1,多换,S,4678.2000,4675.4000,4675.0000,4672.2000,4670.0000,4679.8000,4680.8000,4681.0000,4681.2000,4681.4000,1,1,3,1,1,1,4,1,1,2
SF,IF2010,2020-08-28 09:33:22.500,4678.4000,2338,0,64561560.000,0,-,-,-,-,4675.4000,4675.0000,4672.2000,4670.0000,4669.2000,4680.8000,4681.0000,4681.2000,4681.4000,4681.6000,1,3,1,1,1,4,1,1,2,1
SF,IF2010,2020-08-28 09:33:23.000,4678.4000,2338,0,64561560.000,0,-,-,-,-,4676.0000,4675.8000,4675.6000,4675.4000,4675.0000,4680.8000,4681.4000,4681.6000,4684.2000,4684.6000,1,1,3,2,3,4,2,1,1,1
SF,IF2010,2020-08-28 09:33:23.500,4678.4000,2338,0,64561560.000,0,-,-,-,-,4676.6000,4676.2000,4676.0000,4675.8000,4675.6000,4680.8000,4681.4000,4681.6000,4684.2000,4684.6000,2,5,1,1,1,4,2,1,1,1
SF,IF2010,2020-08-28 09:33:24.000,4678.4000,2338,0,64561560.000,0,-,-,-,-,4676.8000,4676.6000,4676.2000,4676.0000,4675.8000,4680.4000,4680.8000,4681.4000,4681.6000,4684.2000,2,2,4,1,1,1,5,2,1,1
SF,IF2010,2020-08-28 09:33:24.500,4678.4000,2338,0,64561560.000,0,-,-,-,-,4677.2000,4676.8000,4676.2000,4676.0000,4675.8000,4680.2000,4680.4000,4680.8000,4681.4000,4681.6000,2,2,4,1,1,1,1,4,2,1
SF,IF2010,2020-08-28 09:33:25.000,4678.4000,2338,0,64561560.000,0,-,-,-,-,4677.4000,4677.2000,4676.2000,4676.0000,4675.8000,4680.2000,4680.4000,4680.8000,4681.4000,4681.6000,2,2,4,1,1,1,1,4,2,1
SF,IF2010,2020-08-28 09:33:25.500,4678.4000,2338,0,64561560.000,0,-,-,-,-,4677.4000,4676.2000,4676.0000,4675.8000,4675.6000,4680.2000,4680.4000,4680.8000,4681.4000,4681.6000,2,4,1,1,1,1,1,4,2,1
SF,IF2010,2020-08-28 09:33:26.000,4678.4000,2338,0,64561560.000,0,-,-,-,-,4677.4000,4676.2000,4676.0000,4675.8000,4675.6000,4680.0000,4680.2000,4680.4000,4680.8000,4681.4000,2,4,1,1,1,2,1,1,4,2
SF,IF2010,2020-08-28 09:33:28.000,4678.4000,2338,0,64561560.000,0,-,-,-,-,4677.4000,4676.2000,4676.0000,4675.8000,4675.6000,4680.0000,4680.4000,4680.8000,4681.4000,4681.6000,2,4,1,1,1,2,1,4,2,1
SF,IF2010,2020-08-28 09:33:28.500,4678.4000,2338,0,64561560.000,0,-,-,-,-,4677.6000,4677.4000,4676.2000,4676.0000,4675.8000,4680.8000,4681.4000,4681.6000,4684.2000,4684.6000,1,2,4,1,1,4,2,1,1,1
SF,IF2010,2020-08-28 09:33:29.000,4678.4000,2338,0,64561560.000,0,-,-,-,-,4677.8000,4677.6000,4676.2000,4676.0000,4675.8000,4680.8000,4681.4000,4681.6000,4684.2000,4684.6000,2,1,4,1,1,3,2,1,1,1
SF,IF2010,2020-08-28 09:33:29.500,4678.4000,2338,0,64561560.000,0,-,-,-,-,4677.8000,4676.2000,4676.0000,4675.8000,4675.4000,4680.8000,4681.4000,4681.6000,4684.2000,4684.6000,2,4,1,1,1,3,2,1,1,1
SF,IF2010,2020-08-28 09:33:30.000,4678.4000,2338,0,64561560.000,0,-,-,-,-,4677.8000,4676.2000,4676.0000,4675.8000,4675.4000,4680.8000,4681.4000,4681.6000,4684.2000,4684.6000,2,4,1,1,1,2,2,1,1,1
SF,IF2010,2020-08-28 09:33:30.500,4678.4000,2338,0,64561560.000,0,-,-,-,-,4677.8000,4676.2000,4676.0000,4675.8000,4675.4000,4680.2000,4680.6000,4680.8000,4681.4000,4681.6000,2,4,1,1,1,1,1,2,2,1
SF,IF2010,2020-08-28 09:33:31.000,4678.4000,2338,0,64561560.000,0,-,-,-,-,4677.8000,4676.2000,4676.0000,4675.8000,4675.4000,4680.0000,4680.2000,4680.6000,4680.8000,4681.4000,2,4,1,1,1,1,1,1,2,2
SF,IF2010,2020-08-28 09:33:31.500,4678.4000,2338,0,64561560.000,0,-,-,-,-,4677.8000,4676.2000,4676.0000,4675.8000,4675.4000,4680.8000,4681.4000,4681.6000,4684.2000,4684.6000,2,4,1,1,1,2,2,1,1,1
SF,IF2010,2020-08-28 09:33:32.000,4678.4000,2338,0,64561560.000,0,-,-,-,-,4677.8000,4676.2000,4676.0000,4675.8000,4675.4000,4680.6000,4680.8000,4681.4000,4681.6000,4684.2000,1,4,1,1,1,2,2,2,1,1
SF,IF2010,2020-08-28 09:33:32.500,4678.4000,2338,0,64561560.000,0,-,-,-,-,4677.8000,4676.2000,4676.0000,4675.8000,4675.4000,4680.2000,4680.4000,4680.6000,4680.8000,4681.4000,1,3,1,1,1,1,1,2,2,2
SF,IF2010,2020-08-28 09:33:33.000,4678.4000,2338,0,64561560.000,0,-,-,-,-,4677.8000,4676.2000,4676.0000,4675.8000,4675.4000,4680.4000,4680.6000,4680.8000,4681.4000,4681.6000,1,3,1,1,1,1,2,2,2,1
SF,IF2010,2020-08-28 09:33:33.500,4678.4000,2338,0,64561560.000,0,-,-,-,-,4677.8000,4676.2000,4676.0000,4675.8000,4675.4000,4679.2000,4679.8000,4680.2000,4680.4000,4680.6000,1,3,1,1,1,1,1,2,1,1
SF,IF2010,2020-08-28 09:33:34.000,4678.4000,2338,0,64561560.000,0,-,-,-,-,4676.2000,4675.4000,4675.0000,4672.2000,4670.0000,4679.8000,4680.2000,4680.4000,4680.6000,4680.8000,3,1,3,1,1,1,2,1,1,2
SF,IF2010,2020-08-28 09:33:34.500,4678.4000,2338,0,64561560.000,0,-,-,-,-,4676.4000,4675.0000,4672.2000,4670.0000,4669.2000,4679.6000,4679.8000,4680.2000,4680.4000,4680.6000,2,3,1,1,1,1,1,1,1,1
SF,IF2010,2020-08-28 09:33:36.500,4678.4000,2338,0,64561560.000,0,-,-,-,-,4676.4000,4675.0000,4672.2000,4670.0000,4669.2000,4679.6000,4679.8000,4680.2000,4680.4000,4680.6000,2,3,1,1,1,1,1,1,1,1
SF,IF2010,2020-08-28 09:33:38.000,4678.4000,2338,0,64561560.000,0,-,-,-,-,4676.8000,4676.4000,4675.0000,4672.2000,4670.0000,4679.8000,4680.2000,4680.4000,4680.6000,4680.8000,1,2,3,1,1,1,1,1,1,2
SF,IF2010,2020-08-28 09:33:38.500,4678.4000,2338,0,64561560.000,0,-,-,-,-,4677.0000,4676.8000,4675.0000,4672.2000,4670.0000,4679.8000,4680.2000,4680.4000,4680.6000,4680.8000,2,1,3,1,1,1,1,1,1,2
SF,IF2010,2020-08-28 09:33:39.000,4678.4000,2338,0,64561560.000,0,-,-,-,-,4677.0000,4676.8000,4675.0000,4672.2000,4670.0000,4679.6000,4679.8000,4680.2000,4680.4000,4680.6000,2,1,3,1,1,2,1,1,1,1
SF,IF2010,2020-08-28 09:33:40.000,4678.4000,2338,0,64561560.000,0,-,-,-,-,4677.0000,4675.0000,4672.2000,4670.0000,4669.2000,4679.6000,4679.8000,4680.2000,4680.4000,4680.6000,2,3,1,1,1,2,1,1,1,1
SF,IF2010,2020-08-28 09:33:40.500,4678.4000,2338,0,64561560.000,0,-,-,-,-,4677.0000,4675.0000,4672.2000,4670.0000,4669.2000,4679.4000,4679.6000,4679.8000,4680.2000,4680.4000,1,3,1,1,1,2,2,1,1,1
SF,IF2010,2020-08-28 09:33:41.000,4678.4000,2338,0,64561560.000,0,-,-,-,-,4675.0000,4672.2000,4670.0000,4669.2000,4665.0000,4679.0000,4679.2000,4679.4000,4679.6000,4679.8000,3,1,1,1,5,1,2,2,2,1
SF,IF2010,2020-08-28 09:33:41.500,4678.4000,2338,0,64561560.000,0,-,-,-,-,4675.2000,4675.0000,4672.2000,4670.0000,4669.2000,4679.2000,4679.4000,4679.6000,4679.8000,4680.2000,6,3,1,1,1,1,1,2,1,1
SF,IF2010,2020-08-28 09:33:42.000,4678.4000,2338,0,64561560.000,0,-,-,-,-,4675.2000,4675.0000,4672.2000,4670.0000,4669.2000,4679.0000,4679.2000,4679.4000,4679.6000,4679.8000,6,3,1,1,1,1,1,1,2,1
SF,IF2010,2020-08-28 09:33:42.500,4678.4000,2338,0,64561560.000,0,-,-,-,-,4675.8000,4675.2000,4675.0000,4672.2000,4670.0000,4679.0000,4679.2000,4679.4000,4679.6000,4679.8000,1,2,3,1,1,1,1,1,2,1
SF,IF2010,2020-08-28 09:33:43.000,4678.4000,2338,0,64561560.000,0,-,-,-,-,4676.0000,4672.2000,4670.0000,4669.2000,4665.0000,4677.2000,4678.6000,4678.8000,4679.0000,4679.2000,1,1,1,1,5,1,1,1,1,1
SF,IF2010,2020-08-28 09:33:43.500,4678.4000,2338,0,64561560.000,0,-,-,-,-,4672.2000,4670.0000,4669.2000,4665.0000,4662.2000,4678.8000,4679.0000,4679.4000,4679.6000,4679.8000,1,1,1,5,1,1,1,1,1,1
SF,IF2010,2020-08-28 09:33:44.000,4678.4000,2338,0,64561560.000,0,-,-,-,-,4672.4000,4672.2000,4670.0000,4669.2000,4665.0000,4678.4000,4678.6000,4678.8000,4679.6000,4679.8000,7,1,1,1,5,1,5,1,1,1
SF,IF2010,2020-08-28 09:33:44.500,4678.4000,2338,0,64561560.000,0,-,-,-,-,4674.0000,4673.8000,4673.6000,4673.4000,4673.0000,4678.2000,4678.6000,4678.8000,4679.6000,4679.8000,1,1,1,1,1,1,2,1,1,1
SF,IF2010,2020-08-28 09:33:45.000,4678.4000,2338,0,64561560.000,0,-,-,-,-,4674.6000,4674.4000,4674.2000,4674.0000,4673.8000,4678.2000,4678.6000,4678.8000,4679.8000,4681.6000,2,1,2,1,1,1,2,1,1,1
SF,IF2010,2020-08-28 09:33:45.500,4678.4000,2338,0,64561560.000,0,-,-,-,-,4674.8000,4674.6000,4674.4000,4674.2000,4674.0000,4678.2000,4678.6000,4678.8000,4679.8000,4681.6000,8,1,1,1,1,1,1,1,1,1
SF,IF2010,2020-08-28 09:33:46.000,4678.4000,2338,0,64561560.000,0,-,-,-,-,4675.0000,4674.8000,4674.6000,4674.4000,4674.2000,4678.2000,4678.6000,4678.8000,4679.8000,4681.6000,1,7,1,1,1,1,1,1,1,1
SF,IF2010,2020-08-28 09:33:46.500,4678.4000,2338,0,64561560.000,0,-,-,-,-,4675.2000,4675.0000,4674.8000,4674.6000,4674.4000,4678.2000,4678.6000,4678.8000,4679.8000,4681.6000,1,1,6,1,1,1,1,1,1,1
SF,IF2010,2020-08-28 09:33:47.000,4678.4000,2338,0,64561560.000,0,-,-,-,-,4675.2000,4675.0000,4674.8000,4674.6000,4674.4000,4678.2000,4678.6000,4678.8000,4679.8000,4681.6000,1,1,3,1,1,1,1,1,1,1
SF,IF2010,2020-08-28 09:33:47.500,4678.4000,2338,0,64561560.000,0,-,-,-,-,4675.2000,4675.0000,4674.8000,4674.6000,4674.4000,4678.0000,4678.2000,4678.8000,4679.8000,4681.6000,1,1,3,1,1,1,1,1,1,1
SF,IF2010,2020-08-28 09:33:48.000,4678.4000,2338,0,64561560.000,0,-,-,-,-,4675.2000,4675.0000,4674.8000,4674.6000,4674.4000,4677.8000,4678.8000,4679.8000,4681.6000,4682.8000,1,1,3,1,1,1,1,1,1,3
SF,IF2010,2020-08-28 09:33:48.500,4678.4000,2338,0,64561560.000,0,-,-,-,-,4675.4000,4675.2000,4675.0000,4674.8000,4674.6000,4677.8000,4679.8000,4681.6000,4682.8000,4684.2000,1,1,1,3,1,1,1,1,3,1
SF,IF2010,2020-08-28 09:33:49.000,4678.4000,2338,0,64561560.000,0,-,-,-,-,4675.8000,4675.6000,4675.4000,4675.0000,4674.8000,4679.8000,4681.6000,4682.8000,4684.2000,4684.6000,1,2,1,1,3,1,1,3,1,1
SF,IF2010,2020-08-28 09:33:49.500,4678.4000,2338,0,64561560.000,0,-,-,-,-,4676.0000,4674.8000,4674.6000,4674.2000,4674.0000,4679.4000,4679.6000,4679.8000,4681.6000,4682.8000,2,3,1,1,1,1,4,1,1,3
SF,IF2010,2020-08-28 09:33:50.000,4678.4000,2338,0,64561560.000,0,-,-,-,-,4676.0000,4674.8000,4674.6000,4674.2000,4674.0000,4679.2000,4679.6000,4679.8000,4681.6000,4682.8000,1,3,1,1,1,3,3,1,1,3
SF,IF2010,2020-08-28 09:33:50.500,4678.4000,2338,0,64561560.000,0,-,-,-,-,4676.0000,4674.8000,4674.6000,4674.2000,4674.0000,4678.8000,4679.2000,4679.6000,4679.8000,4681.6000,1,3,1,1,1,1,2,2,1,1
SF,IF2010,2020-08-28 09:33:51.000,4678.4000,2338,0,64561560.000,0,-,-,-,-,4676.0000,4674.8000,4674.6000,4674.2000,4674.0000,4678.4000,4678.6000,4679.2000,4679.6000,4679.8000,1,3,1,1,1,1,1,2,2,1
SF,IF2010,2020-08-28 09:33:51.500,4678.4000,2338,0,64561560.000,0,-,-,-,-,4676.0000,4674.8000,4674.6000,4674.2000,4674.0000,4678.2000,4678.6000,4679.2000,4679.6000,4679.8000,1,3,1,1,1,1,1,1,2,1
SF,IF2010,2020-08-28 09:33:52.000,4678.4000,2338,0,64561560.000,0,-,-,-,-,4676.2000,4676.0000,4674.8000,4674.6000,4674.2000,4679.2000,4679.6000,4679.8000,4681.6000,4682.8000,1,1,3,1,1,1,2,1,1,3
SF,IF2010,2020-08-28 09:33:52.500,4678.4000,2338,0,64561560.000,0,-,-,-,-,4676.4000,4676.2000,4674.8000,4674.6000,4674.2000,4679.0000,4679.6000,4679.8000,4681.6000,4682.8000,1,1,3,1,1,1,2,1,1,3
SF,IF2010,2020-08-28 09:33:53.000,4678.4000,2338,0,64561560.000,0,-,-,-,-,4676.6000,4676.4000,4674.8000,4674.6000,4674.2000,4679.6000,4679.8000,4681.6000,4682.8000,4684.2000,1,1,3,1,1,2,1,1,3,1
SF,IF2010,2020-08-28 09:33:53.500,4678.4000,2338,0,64561560.000,0,-,-,-,-,4676.8000,4676.6000,4674.8000,4674.6000,4674.2000,4679.4000,4679.6000,4679.8000,4681.6000,4682.8000,1,1,3,1,1,1,2,1,1,3
SF,IF2010,2020-08-28 09:33:54.000,4678.4000,2338,0,64561560.000,0,-,-,-,-,4677.0000,4676.8000,4674.8000,4674.6000,4674.2000,4679.6000,4679.8000,4681.6000,4682.8000,4684.2000,1,1,3,1,1,2,1,1,3,1
SF,IF2010,2020-08-28 09:33:54.500,4678.4000,2338,0,64561560.000,0,-,-,-,-,4677.2000,4677.0000,4674.8000,4674.6000,4674.0000,4679.4000,4679.6000,4679.8000,4681.6000,4682.8000,1,1,3,1,1,1,2,1,1,3
SF,IF2010,2020-08-28 09:33:55.000,4678.4000,2338,0,64561560.000,0,-,-,-,-,4677.2000,4677.0000,4674.8000,4674.6000,4674.0000,4679.6000,4679.8000,4681.6000,4682.8000,4684.2000,1,1,3,1,1,2,1,1,3,1
SF,IF2010,2020-08-28 09:33:55.500,4678.4000,2338,0,64561560.000,0,-,-,-,-,4677.4000,4677.2000,4674.8000,4674.6000,4674.0000,4679.8000,4681.6000,4682.8000,4684.2000,4684.6000,1,1,3,1,1,1,1,3,1,1
SF,IF2010,2020-08-28 09:33:56.000,4678.4000,2338,0,64561560.000,0,-,-,-,-,4677.6000,4677.4000,4674.8000,4674.6000,4674.0000,4679.8000,4681.6000,4682.8000,4684.2000,4684.6000,1,1,3,1,1,1,1,3,1,1
SF,IF2010,2020-08-28 09:33:56.500,4678.4000,2338,0,64561560.000,0,-,-,-,-,4677.8000,4677.6000,4674.8000,4674.6000,4674.0000,4679.8000,4681.6000,4682.8000,4684.2000,4684.6000,1,1,3,1,1,1,1,3,1,1
SF,IF2010,2020-08-28 09:33:57.500,4678.4000,2338,0,64561560.000,0,-,-,-,-,4677.8000,4677.6000,4674.8000,4674.6000,4674.0000,4679.8000,4681.6000,4682.8000,4684.2000,4684.6000,1,1,3,1,1,1,1,3,1,1
SF,IF2010,2020-08-28 09:33:58.000,4678.4000,2338,0,64561560.000,0,-,-,-,-,4677.8000,4677.6000,4674.8000,4674.6000,4674.0000,4681.6000,4682.8000,4684.2000,4684.6000,4685.0000,1,1,3,1,1,1,3,1,1,5
SF,IF2010,2020-08-28 09:33:58.500,4678.4000,2338,0,64561560.000,0,-,-,-,-,4678.0000,4677.8000,4674.8000,4674.6000,4674.0000,4681.0000,4681.2000,4681.4000,4681.6000,4682.8000,1,1,3,1,1,1,1,4,1,3
SF,IF2010,2020-08-28 09:33:59.000,4678.4000,2338,0,64561560.000,0,-,-,-,-,4678.0000,4674.8000,4674.6000,4674.0000,4673.8000,4679.4000,4680.8000,4681.2000,4681.4000,4681.6000,1,3,1,1,1,1,4,1,3,1
SF,IF2010,2020-08-28 09:33:59.500,4678.0000,2338,0,65964960.000,1,0,1,多换,S,4674.8000,4674.6000,4674.0000,4673.8000,4673.0000,4680.8000,4681.2000,4681.4000,4681.6000,4682.8000,3,1,1,1,1,4,1,3,1,3
SF,IF2010,2020-08-28 09:34:00.000,4678.0000,2338,0,65964960.000,0,-,-,-,-,4676.0000,4675.2000,4675.0000,4674.8000,4674.6000,4680.6000,4680.8000,4681.4000,4681.6000,4682.8000,1,1,3,3,1,2,1,3,1,3
SF,IF2010,2020-08-28 09:34:00.500,4678.0000,2338,0,65964960.000,0,-,-,-,-,4676.4000,4676.2000,4675.2000,4675.0000,4674.8000,4680.4000,4680.6000,4680.8000,4681.4000,4681.6000,1,5,1,2,3,1,1,1,3,1
SF,IF2010,2020-08-28 09:34:01.000,4678.0000,2338,0,65964960.000,0,-,-,-,-,4676.6000,4676.4000,4676.2000,4675.2000,4675.0000,4680.2000,4680.4000,4680.8000,4681.4000,4681.6000,4,1,4,1,2,1,1,1,3,1
SF,IF2010,2020-08-28 09:34:01.500,4678.0000,2338,0,65964960.000,0,-,-,-,-,4676.8000,4676.6000,4676.2000,4675.2000,4675.0000,4680.2000,4680.8000,4681.4000,4681.6000,4682.8000,1,4,4,1,1,1,1,3,1,3
SF,IF2010,2020-08-28 09:34:02.000,4678.0000,2338,0,65964960.000,0,-,-,-,-,4677.0000,4676.8000,4676.2000,4675.2000,4675.0000,4680.0000,4680.2000,4680.8000,4681.4000,4681.6000,1,1,4,1,1,1,1,1,3,1
SF,IF2010,2020-08-28 09:34:02.500,4678.0000,2338,0,65964960.000,0,-,-,-,-,4677.0000,4676.8000,4676.2000,4675.2000,4675.0000,4679.8000,4680.0000,4680.8000,4681.4000,4681.6000,1,1,4,1,1,1,1,1,3,1
SF,IF2010,2020-08-28 09:34:03.000,4678.0000,2338,0,65964960.000,0,-,-,-,-,4677.0000,4676.8000,4676.2000,4675.2000,4675.0000,4679.4000,4679.8000,4680.0000,4680.8000,4681.4000,1,1,4,1,1,1,1,1,1,3
SF,IF2010,2020-08-28 09:34:03.500,4678.0000,2338,0,65964960.000,0,-,-,-,-,4676.2000,4675.0000,4674.6000,4674.0000,4673.0000,4679.2000,4679.4000,4680.0000,4680.8000,4681.4000,1,1,1,1,1,2,1,1,1,3
SF,IF2010,2020-08-28 09:34:05.000,4678.0000,2338,0,65964960.000,0,-,-,-,-,4675.0000,4674.6000,4674.0000,4673.0000,4672.2000,4679.0000,4679.2000,4679.4000,4680.0000,4680.8000,1,1,1,1,1,2,2,1,1,1
SF,IF2010,2020-08-28 09:34:05.500,4678.0000,2338,0,65964960.000,0,-,-,-,-,4674.6000,4674.0000,4673.0000,4672.2000,4670.0000,4678.8000,4679.0000,4680.0000,4680.8000,4681.4000,1,1,1,1,1,3,2,1,1,2
SF,IF2010,2020-08-28 09:34:06.000,4678.0000,2338,0,65964960.000,0,-,-,-,-,4674.8000,4674.6000,4674.0000,4673.0000,4672.2000,4678.2000,4678.6000,4678.8000,4679.0000,4680.0000,1,1,1,1,1,1,1,3,2,1
SF,IF2010,2020-08-28 09:34:06.500,4678.0000,2338,0,65964960.000,0,-,-,-,-,4674.8000,4674.6000,4674.0000,4673.0000,4672.2000,4678.0000,4678.2000,4678.6000,4678.8000,4679.0000,1,1,1,1,1,3,1,1,1,2
SF,IF2010,2020-08-28 09:34:07.000,4678.0000,2338,0,65964960.000,0,-,-,-,-,4674.6000,4673.0000,4672.2000,4670.0000,4669.2000,4677.6000,4678.0000,4678.2000,4678.6000,4679.0000,1,1,1,1,1,1,3,1,1,2
SF,IF2010,2020-08-28 09:34:07.500,4678.0000,2338,0,65964960.000,0,-,-,-,-,4672.2000,4670.0000,4669.2000,4665.0000,4662.2000,4677.4000,4677.6000,4678.0000,4678.2000,4678.6000,1,1,1,5,1,4,1,1,1,1
SF,IF2010,2020-08-28 09:34:08.000,4678.0000,2338,0,68771760.000,2,1,1,多换,S,4673.0000,4672.8000,4672.4000,4672.2000,4670.0000,4677.0000,4677.4000,4678.2000,4682.8000,4684.2000,1,1,6,1,1,1,1,1,3,1
SF,IF2010,2020-08-28 09:34:08.500,4678.0000,2338,0,68771760.000,0,-,-,-,-,4673.2000,4673.0000,4672.8000,4672.4000,4672.2000,4676.8000,4677.0000,4677.4000,4678.2000,4682.8000,2,1,1,5,1,1,1,1,1,3
SF,IF2010,2020-08-28 09:34:09.000,4678.0000,2338,0,68771760.000,0,-,-,-,-,4673.8000,4673.2000,4673.0000,4672.8000,4672.4000,4676.8000,4678.2000,4682.8000,4684.2000,4684.6000,1,2,1,1,5,1,1,3,1,1
SF,IF2010,2020-08-28 09:34:09.500,4678.0000,2338,0,68771760.000,0,-,-,-,-,4674.0000,4673.8000,4673.2000,4673.0000,4672.8000,4676.8000,4678.2000,4682.8000,4684.2000,4684.6000,1,1,1,1,1,1,1,3,1,1
SF,IF2010,2020-08-28 09:34:10.000,4678.0000,2338,0,68771760.000,0,-,-,-,-,4674.2000,4674.0000,4673.8000,4673.2000,4673.0000,4676.8000,4678.2000,4682.8000,4684.2000,4684.6000,1,2,1,1,1,1,1,3,1,1
SF,IF2010,2020-08-28 09:34:10.500,4678.0000,2338,0,68771760.000,0,-,-,-,-,4674.4000,4673.8000,4673.2000,4673.0000,4672.8000,4676.8000,4678.2000,4682.8000,4684.2000,4684.6000,1,1,1,1,1,1,1,3,1,1
SF,IF2010,2020-08-28 09:34:11.000,4678.0000,2338,0,68771760.000,0,-,-,-,-,4674.4000,4673.8000,4673.2000,4673.0000,4672.8000,4676.8000,4678.2000,4682.8000,4684.2000,4684.6000,2,1,1,1,1,1,1,3,1,1
SF,IF2010,2020-08-28 09:34:11.500,4678.0000,2338,0,68771760.000,0,-,-,-,-,4674.4000,4673.8000,4673.2000,4673.0000,4672.8000,4676.4000,4676.8000,4678.2000,4682.8000,4684.2000,1,1,1,1,1,1,1,1,3,1
SF,IF2010,2020-08-28 09:34:12.000,4678.0000,2338,0,68771760.000,0,-,-,-,-,4674.4000,4673.0000,4672.8000,4672.4000,4672.2000,4676.6000,4676.8000,4678.2000,4682.8000,4684.2000,1,1,1,5,1,1,1,1,3,1
SF,IF2010,2020-08-28 09:34:12.500,4678.0000,2338,0,68771760.000,0,-,-,-,-,4674.4000,4673.0000,4672.8000,4672.4000,4672.2000,4676.4000,4676.6000,4678.2000,4682.8000,4684.2000,1,1,1,5,1,1,1,1,3,1
SF,IF2010,2020-08-28 09:34:13.000,4678.0000,2338,0,68771760.000,0,-,-,-,-,4674.2000,4673.0000,4672.8000,4672.4000,4672.2000,4676.4000,4676.6000,4678.2000,4682.8000,4684.2000,1,1,1,5,1,1,1,1,3,1
SF,IF2010,2020-08-28 09:34:13.500,4678.0000,2338,0,68771760.000,0,-,-,-,-,4674.4000,4674.2000,4673.0000,4672.8000,4672.4000,4676.2000,4676.4000,4676.6000,4677.4000,4678.2000,1,1,1,1,5,1,1,1,1,1
SF,IF2010,2020-08-28 09:34:17.000,4678.0000,2338,0,68771760.000,0,-,-,-,-,4674.4000,4674.2000,4673.0000,4672.8000,4672.4000,4676.0000,4676.2000,4676.4000,4677.4000,4678.2000,1,1,1,1,5,1,1,1,1,1
SF,IF2010,2020-08-28 09:34:18.500,4678.0000,2338,0,68771760.000,0,-,-,-,-,4674.4000,4674.2000,4673.0000,4672.8000,4672.4000,4676.0000,4676.4000,4677.4000,4678.2000,4682.8000,1,1,1,1,5,1,1,1,1,3
SF,IF2010,2020-08-28 09:34:19.000,4678.0000,2338,0,68771760.000,0,-,-,-,-,4674.4000,4674.2000,4673.0000,4672.8000,4672.4000,4676.0000,4676.4000,4677.4000,4678.2000,4682.8000,1,1,1,1,5,1,1,1,1,3
SF,IF2010,2020-08-28 09:34:19.500,4676.0000,2338,0,70174560.000,1,0,1,多换,S,4674.4000,4674.2000,4673.8000,4673.0000,4672.8000,4676.4000,4677.4000,4678.2000,4682.8000,4684.2000,1,1,1,1,1,1,1,1,3,1
SF,IF2010,2020-08-28 09:34:20.000,4676.4000,2338,0,71577480.000,1,0,1,多换,S,4674.4000,4674.2000,4673.8000,4673.0000,4672.8000,4677.4000,4678.2000,4682.8000,4684.2000,4684.6000,1,1,1,1,1,1,1,3,1,1
SF,IF2010,2020-08-28 09:34:20.500,4676.4000,2338,0,71577480.000,0,-,-,-,-,4674.6000,4674.4000,4674.2000,4673.8000,4673.0000,4677.2000,4677.4000,4678.2000,4682.8000,4684.2000,1,1,1,1,1,1,1,1,3,1
SF,IF2010,2020-08-28 09:34:21.000,4676.4000,2338,0,71577480.000,0,-,-,-,-,4674.8000,4674.6000,4674.2000,4673.8000,4673.0000,4677.2000,4678.2000,4682.8000,4684.2000,4684.6000,1,1,1,1,1,1,1,3,1,1
SF,IF2010,2020-08-28 09:34:21.500,4676.4000,2338,0,71577480.000,0,-,-,-,-,4675.0000,4674.8000,4674.2000,4673.8000,4673.0000,4677.2000,4678.2000,4682.8000,4684.2000,4684.6000,1,1,1,1,1,1,1,3,1,1
SF,IF2010,2020-08-28 09:34:22.000,4676.4000,2338,0,71577480.000,0,-,-,-,-,4675.2000,4675.0000,4674.2000,4673.8000,4673.0000,4677.2000,4678.2000,4682.8000,4684.2000,4684.6000,1,1,1,1,1,1,1,3,1,1
SF,IF2010,2020-08-28 09:34:23.500,4675.2000,2337,-1,72980040.000,1,0,1,双平,S,4675.0000,4674.2000,4673.8000,4673.0000,4672.8000,4677.0000,4677.2000,4678.2000,4682.8000,4684.2000,1,1,1,1,1,1,1,1,3,1
SF,IF2010,2020-08-28 09:34:24.000,4675.0000,2337,0,74382540.000,1,0,1,多换,S,4674.2000,4673.8000,4673.0000,4672.8000,4672.4000,4676.0000,4676.6000,4676.8000,4678.2000,4682.8000,1,1,1,1,3,1,1,2,1,3
SF,IF2010,2020-08-28 09:34:24.500,4675.0000,2337,0,74382540.000,0,-,-,-,-,4674.2000,4673.8000,4672.4000,4672.2000,4670.0000,4676.8000,4678.2000,4682.8000,4684.2000,4684.6000,1,1,3,1,1,1,1,3,1,1
SF,IF2010,2020-08-28 09:34:25.000,4675.0000,2337,0,74382540.000,0,-,-,-,-,4674.2000,4673.8000,4672.4000,4672.2000,4670.0000,4675.8000,4676.4000,4676.6000,4676.8000,4678.2000,1,1,3,1,1,1,1,2,1,1
SF,IF2010,2020-08-28 09:34:25.500,4675.0000,2337,0,74382540.000,0,-,-,-,-,4674.2000,4673.8000,4672.4000,4672.2000,4670.0000,4675.8000,4676.6000,4676.8000,4678.2000,4682.8000,1,1,3,1,1,1,2,1,1,3
SF,IF2010,2020-08-28 09:34:26.000,4675.0000,2337,0,74382540.000,0,-,-,-,-,4674.4000,4674.2000,4673.8000,4672.4000,4672.2000,4675.8000,4676.6000,4678.2000,4682.8000,4684.2000,1,1,1,3,1,1,1,1,3,1
SF,IF2010,2020-08-28 09:34:26.500,4675.8000,2337,0,75785280.000,1,0,1,多换,S,4674.2000,4673.8000,4672.4000,4672.2000,4670.0000,4676.6000,4678.2000,4682.8000,4684.2000,4684.6000,1,1,3,1,1,1,1,3,1,1
SF,IF2010,2020-08-28 09:34:27.000,4675.8000,2337,0,75785280.000,0,-,-,-,-,4674.6000,4674.4000,4674.2000,4673.8000,4672.4000,4676.6000,4678.2000,4682.8000,4684.2000,4684.6000,1,2,1,1,3,1,1,3,1,1
SF,IF2010,2020-08-28 09:34:27.500,4675.8000,2337,0,75785280.000,0,-,-,-,-,4674.6000,4674.4000,4674.2000,4673.8000,4672.4000,4676.6000,4678.2000,4682.8000,4684.2000,4684.6000,1,2,1,1,3,1,1,3,1,1
SF,IF2010,2020-08-28 09:34:28.000,4675.8000,2337,0,75785280.000,0,-,-,-,-,4674.2000,4673.8000,4672.4000,4672.2000,4670.0000,4676.6000,4678.2000,4682.8000,4684.2000,4684.6000,1,1,3,1,1,1,1,3,1,1
SF,IF2010,2020-08-28 09:34:29.000,4675.8000,2337,0,75785280.000,0,-,-,-,-,4674.2000,4673.8000,4672.4000,4672.2000,4670.0000,4676.4000,4676.6000,4678.2000,4682.8000,4684.2000,1,1,3,1,1,1,1,1,3,1
SF,IF2010,2020-08-28 09:34:29.500,4675.8000,2337,0,75785280.000,0,-,-,-,-,4674.2000,4673.8000,4672.4000,4672.2000,4670.0000,4675.8000,4676.2000,4676.4000,4678.2000,4682.8000,1,1,3,1,1,1,2,1,1,3
SF,IF2010,2020-08-28 09:34:30.000,4675.8000,2337,0,75785280.000,0,-,-,-,-,4674.2000,4673.8000,4672.4000,4672.2000,4670.0000,4675.8000,4676.2000,4678.2000,4682.8000,4684.2000,1,1,3,1,1,1,2,1,3,1
SF,IF2010,2020-08-28 09:34:32.000,4676.2000,2335,-2,79993740.000,3,0,3,多平,S,4674.4000,4674.2000,4673.8000,4672.4000,4672.2000,4678.2000,4682.8000,4684.2000,4684.6000,4685.0000,1,1,1,3,1,1,3,1,1,5
SF,IF2010,2020-08-28 09:34:32.500,4676.2000,2335,0,79993740.000,0,-,-,-,-,4674.6000,4674.2000,4673.8000,4672.4000,4672.2000,4677.2000,4678.0000,4678.2000,4682.8000,4684.2000,1,1,1,3,1,1,2,1,3,1
SF,IF2010,2020-08-28 09:34:33.000,4676.2000,2335,0,79993740.000,0,-,-,-,-,4674.6000,4674.2000,4673.8000,4672.4000,4672.2000,4677.0000,4678.0000,4678.2000,4682.8000,4684.2000,1,1,1,3,1,1,1,1,3,1
SF,IF2010,2020-08-28 09:34:33.500,4676.2000,2335,0,79993740.000,0,-,-,-,-,4674.6000,4674.2000,4673.8000,4672.4000,4672.2000,4677.0000,4678.0000,4678.2000,4682.8000,4684.2000,1,1,1,3,1,1,1,1,3,1
SF,IF2010,2020-08-28 09:34:34.000,4676.2000,2335,0,79993740.000,0,-,-,-,-,4674.6000,4674.2000,4673.8000,4672.4000,4672.2000,4676.8000,4677.0000,4678.0000,4678.2000,4682.8000,1,1,1,3,1,1,1,1,1,3
SF,IF2010,2020-08-28 09:34:34.500,4676.2000,2335,0,79993740.000,0,-,-,-,-,4674.6000,4674.2000,4673.8000,4672.4000,4672.2000,4676.6000,4676.8000,4678.0000,4678.2000,4682.8000,1,1,1,3,1,1,1,1,1,3
SF,IF2010,2020-08-28 09:34:35.000,4676.2000,2335,0,79993740.000,0,-,-,-,-,4674.8000,4674.6000,4674.2000,4673.8000,4672.4000,4676.6000,4678.2000,4682.8000,4684.2000,4684.6000,1,1,1,1,3,1,1,3,1,1
SF,IF2010,2020-08-28 09:34:35.500,4676.2000,2335,0,79993740.000,0,-,-,-,-,4675.0000,4674.8000,4674.2000,4673.8000,4672.4000,4676.6000,4678.2000,4682.8000,4684.2000,4684.6000,1,1,1,1,3,1,1,3,1,1
SF,IF2010,2020-08-28 09:34:36.000,4676.2000,2335,0,79993740.000,0,-,-,-,-,4675.0000,4674.8000,4674.2000,4673.8000,4672.4000,4678.2000,4682.8000,4684.2000,4684.6000,4685.0000,1,1,1,1,3,1,3,1,1,5
SF,IF2010,2020-08-28 09:34:36.500,4676.2000,2335,0,79993740.000,0,-,-,-,-,4674.2000,4673.8000,4672.4000,4672.2000,4670.0000,4676.2000,4676.6000,4677.2000,4677.4000,4677.6000,1,1,3,1,1,1,1,1,2,1
SF,IF2010,2020-08-28 09:34:37.000,4676.2000,2335,0,79993740.000,0,-,-,-,-,4674.4000,4674.2000,4673.8000,4672.4000,4672.2000,4677.2000,4677.4000,4677.6000,4677.8000,4678.0000,2,1,1,3,1,1,1,1,1,4
SF,IF2010,2020-08-28 09:34:37.500,4676.2000,2335,0,79993740.000,0,-,-,-,-,4674.4000,4674.2000,4673.8000,4672.4000,4672.2000,4677.0000,4677.2000,4677.4000,4677.6000,4677.8000,1,1,1,3,1,2,1,1,1,1
SF,IF2010,2020-08-28 09:34:38.000,4676.2000,2335,0,79993740.000,0,-,-,-,-,4674.6000,4674.4000,4674.2000,4673.8000,4672.4000,4677.0000,4677.4000,4677.6000,4678.0000,4678.2000,1,1,1,1,3,1,1,1,2,1
SF,IF2010,2020-08-28 09:34:38.500,4676.2000,2335,0,79993740.000,0,-,-,-,-,4675.0000,4674.8000,4674.6000,4674.2000,4673.8000,4677.0000,4677.4000,4677.6000,4678.0000,4678.2000,1,2,1,1,1,1,1,1,2,1
SF,IF2010,2020-08-28 09:34:39.000,4676.2000,2335,0,79993740.000,0,-,-,-,-,4675.0000,4674.8000,4674.2000,4673.8000,4672.4000,4677.0000,4677.4000,4677.6000,4678.0000,4678.2000,1,2,1,1,3,1,1,1,2,1
SF,IF2010,2020-08-28 09:34:39.500,4676.2000,2335,0,79993740.000,0,-,-,-,-,4675.0000,4674.8000,4674.2000,4673.8000,4672.4000,4676.6000,4677.0000,4677.4000,4677.6000,4678.0000,1,2,1,1,3,1,1,1,1,2
SF,IF2010,2020-08-28 09:34:40.000,4676.2000,2335,0,79993740.000,0,-,-,-,-,4674.8000,4674.2000,4673.8000,4672.4000,4672.2000,4676.6000,4677.0000,4677.4000,4677.6000,4678.0000,1,1,1,3,1,1,1,1,1,2
SF,IF2010,2020-08-28 09:34:40.500,4676.2000,2335,0,79993740.000,0,-,-,-,-,4674.2000,4673.8000,4672.4000,4672.2000,4670.0000,4676.6000,4677.0000,4677.4000,4677.6000,4678.0000,1,1,3,1,1,1,1,1,1,2
SF,IF2010,2020-08-28 09:34:41.000,4676.2000,2335,0,79993740.000,0,-,-,-,-,4674.4000,4674.2000,4673.8000,4672.4000,4672.2000,4676.4000,4676.6000,4677.4000,4677.6000,4678.0000,1,1,1,3,1,1,1,1,1,2
SF,IF2010,2020-08-28 09:34:42.000,4674.4000,2335,0,81396060.000,1,0,1,多换,S,4674.2000,4673.8000,4672.4000,4672.2000,4670.0000,4676.2000,4676.4000,4676.6000,4677.4000,4677.6000,1,1,3,1,1,1,1,1,1,1
SF,IF2010,2020-08-28 09:34:42.500,4674.4000,2335,0,81396060.000,0,-,-,-,-,4674.2000,4673.8000,4672.4000,4672.2000,4670.0000,4676.4000,4676.6000,4677.4000,4677.6000,4678.0000,1,1,3,1,1,1,1,1,1,2
SF,IF2010,2020-08-28 09:34:43.000,4674.4000,2335,0,81396060.000,0,-,-,-,-,4674.2000,4673.8000,4672.4000,4672.2000,4670.0000,4676.4000,4676.6000,4677.4000,4677.6000,4678.0000,1,1,3,1,1,1,1,1,1,2
SF,IF2010,2020-08-28 09:34:43.500,4674.4000,2335,0,81396060.000,0,-,-,-,-,4674.4000,4674.2000,4673.8000,4672.4000,4672.2000,4676.6000,4677.4000,4677.6000,4678.0000,4678.2000,1,1,1,3,1,1,1,1,2,1
SF,IF2010,2020-08-28 09:34:44.000,4674.4000,2335,0,81396060.000,0,-,-,-,-,4676.2000,4674.4000,4674.2000,4673.8000,4672.4000,4676.6000,4677.4000,4677.6000,4678.0000,4678.2000,1,1,1,1,3,1,1,1,2,1
SF,IF2010,2020-08-28 09:34:44.500,4676.2000,2334,-1,82798920.000,1,0,1,双平,S,4674.4000,4674.2000,4673.8000,4672.4000,4672.2000,4676.2000,4676.6000,4678.0000,4678.2000,4682.8000,1,1,1,3,1,2,1,2,1,3
SF,IF2010,2020-08-28 09:34:45.000,4676.2000,2334,0,82798920.000,0,-,-,-,-,4674.6000,4674.4000,4674.2000,4673.8000,4672.4000,4676.6000,4678.0000,4678.2000,4682.8000,4684.2000,1,1,1,1,3,1,2,1,3,1
SF,IF2010,2020-08-28 09:34:45.500,4676.2000,2334,0,82798920.000,0,-,-,-,-,4674.8000,4674.6000,4674.4000,4674.2000,4673.8000,4676.6000,4678.0000,4678.2000,4682.8000,4684.2000,1,1,1,1,1,1,2,1,3,1
SF,IF2010,2020-08-28 09:34:46.000,4676.2000,2334,0,82798920.000,0,-,-,-,-,4674.8000,4674.6000,4674.4000,4674.2000,4673.8000,4676.6000,4678.0000,4678.2000,4682.8000,4684.2000,1,1,1,1,1,1,2,1,3,1
SF,IF2010,2020-08-28 09:34:46.500,4676.2000,2334,0,82798920.000,0,-,-,-,-,4674.8000,4674.4000,4674.2000,4673.8000,4672.4000,4676.6000,4678.0000,4678.2000,4682.8000,4684.2000,1,1,1,1,3,1,2,1,3,1
SF,IF2010,2020-08-28 09:34:47.000,4676.2000,2334,0,82798920.000,0,-,-,-,-,4674.4000,4674.2000,4673.8000,4672.4000,4672.2000,4676.6000,4678.0000,4678.2000,4682.8000,4684.2000,1,1,1,3,1,1,2,1,3,1
SF,IF2010,2020-08-28 09:34:48.500,4676.2000,2334,0,82798920.000,0,-,-,-,-,4674.4000,4674.2000,4673.8000,4672.4000,4672.2000,4676.4000,4676.6000,4678.0000,4678.2000,4682.8000,1,1,1,3,1,1,1,2,1,3
SF,IF2010,2020-08-28 09:34:50.500,4676.2000,2334,0,82798920.000,0,-,-,-,-,4674.4000,4674.2000,4673.8000,4672.4000,4672.2000,4676.2000,4676.4000,4676.6000,4678.0000,4678.2000,1,1,1,3,1,1,1,1,2,1
SF,IF2010,2020-08-28 09:34:51.000,4676.2000,2334,0,82798920.000,0,-,-,-,-,4674.4000,4674.2000,4673.8000,4672.4000,4672.2000,4675.4000,4676.0000,4676.2000,4676.4000,4676.6000,1,1,1,3,1,2,1,1,1,1
SF,IF2010,2020-08-28 09:34:51.500,4674.4000,2334,0,84201240.000,1,0,1,多换,S,4674.2000,4673.8000,4672.4000,4672.2000,4670.0000,4676.0000,4676.4000,4676.6000,4678.0000,4678.2000,1,1,3,1,1,1,1,1,2,1
SF,IF2010,2020-08-28 09:34:53.500,4674.2000,2334,0,85603500.000,1,0,1,多换,S,4673.8000,4672.4000,4672.2000,4670.0000,4669.2000,4676.0000,4676.4000,4676.6000,4678.0000,4678.2000,1,3,1,1,1,1,1,1,2,1
SF,IF2010,2020-08-28 09:34:54.000,4674.2000,2334,0,85603500.000,0,-,-,-,-,4673.8000,4672.4000,4672.2000,4670.0000,4669.2000,4675.8000,4676.0000,4676.4000,4676.6000,4678.0000,1,3,1,1,1,1,1,1,1,2
