市场代码,合约代码,时间,最新,持仓,增仓,成交额,成交量,开仓,平仓,成交类型,方向,买一价,买二价,买三价,买四价,买五价,卖一价,卖二价,卖三价,卖四价,卖五价,买一量,买二量,买三量,买四量,买五量,卖一量,卖二量,卖三量,卖四量,卖五量
SF,IF2003,2019-11-04 09:29:00.000,3960.8000,10315,0,8317680.000,7.000,-,-,-,-,3960.6000,3960.0000,3959.0000,3958.2000,3957.0000,3964.0000,3969.6000,3970.0000,3974.0000,3975.8000,1,7,3,3,1,3,1,1,2,2
SF,IF2003,2019-11-04 09:30:00.500,3964.0000,10314,-1,13074480.000,4,1,3,多平,S,3964.0000,3962.8000,3962.0000,3961.0000,3960.8000,3969.6000,3970.0000,3974.0000,3977.4000,3980.0000,2,1,1,7,1,1,1,2,1,4
SF,IF2003,2019-11-04 09:30:01.000,3964.0000,10313,-1,14263680.000,1,0,1,双平,S,3964.4000,3964.2000,3964.0000,3962.8000,3962.0000,3967.6000,3967.8000,3969.0000,3969.2000,3969.4000,1,2,2,1,1,3,1,2,5,5
SF,IF2003,2019-11-04 09:30:01.500,3964.4000,10310,-3,22588800.000,7,2,5,多平,S,3964.2000,3964.0000,3962.8000,3962.0000,3961.0000,3967.2000,3967.4000,3969.2000,3969.4000,3969.6000,3,2,1,1,1,3,1,2,1,1
SF,IF2003,2019-11-04 09:30:02.000,3964.4000,10310,0,22588800.000,0,-,-,-,-,3964.6000,3964.0000,3962.8000,3962.0000,3961.0000,3967.0000,3967.2000,3967.4000,3969.2000,3969.4000,5,2,1,1,1,1,3,1,2,1
SF,IF2003,2019-11-04 09:30:02.500,3964.6000,10310,0,23778180.000,1,0,1,多换,S,3964.0000,3962.8000,3962.0000,3961.0000,3960.0000,3966.6000,3967.0000,3967.4000,3969.6000,3970.0000,2,1,1,1,7,4,4,1,1,1
SF,IF2003,2019-11-04 09:30:03.000,3964.6000,10310,0,23778180.000,0,-,-,-,-,3964.0000,3962.8000,3962.0000,3961.0000,3960.0000,3966.4000,3966.6000,3967.0000,3969.6000,3970.0000,2,1,1,1,7,3,4,4,1,1
SF,IF2003,2019-11-04 09:30:03.500,3964.6000,10310,0,23778180.000,0,-,-,-,-,3964.0000,3962.8000,3962.0000,3961.0000,3960.0000,3964.2000,3965.2000,3966.0000,3966.2000,3966.4000,2,1,1,2,7,1,1,4,2,5
SF,IF2003,2019-11-04 09:30:04.000,3964.6000,10310,0,23778180.000,0,-,-,-,-,3964.0000,3962.8000,3962.0000,3961.0000,3960.0000,3964.2000,3966.0000,3966.2000,3966.4000,3967.0000,2,1,1,2,7,1,5,2,4,1
SF,IF2003,2019-11-04 09:30:04.500,3964.2000,10310,0,26156640.000,2,1,1,多换,S,3964.0000,3962.8000,3961.0000,3960.0000,3958.0000,3966.0000,3966.2000,3966.4000,3967.0000,3969.6000,1,1,2,7,1,5,2,4,1,1
SF,IF2003,2019-11-04 09:30:05.000,3964.2000,10310,0,26156640.000,0,-,-,-,-,3964.0000,3962.8000,3961.0000,3960.0000,3958.0000,3964.2000,3965.6000,3965.8000,3966.0000,3966.4000,1,1,1,7,1,1,2,3,5,3
SF,IF2003,2019-11-04 09:30:05.500,3964.2000,10309,-1,27345900.000,1,0,1,双平,S,3964.0000,3962.8000,3961.0000,3960.0000,3958.0000,3965.6000,3965.8000,3966.0000,3966.4000,3969.6000,1,1,1,7,1,2,2,5,3,1
SF,IF2003,2019-11-04 09:30:06.000,3964.0000,10309,0,28535100.000,1,0,1,多换,S,3962.8000,3961.0000,3960.0000,3958.0000,3957.0000,3963.8000,3964.0000,3964.8000,3965.0000,3965.2000,1,1,7,1,1,1,1,2,2,3
SF,IF2003,2019-11-04 09:30:06.500,3964.0000,10309,0,28535100.000,0,-,-,-,-,3962.8000,3961.0000,3960.0000,3958.0000,3957.0000,3963.6000,3963.8000,3964.0000,3964.8000,3965.0000,1,1,7,1,1,1,1,1,1,1
SF,IF2003,2019-11-04 09:30:08.000,3964.0000,10309,0,28535100.000,0,-,-,-,-,3962.8000,3961.0000,3960.0000,3958.0000,3957.0000,3963.2000,3963.6000,3964.0000,3964.8000,3965.0000,1,1,7,1,1,4,2,1,1,1
SF,IF2003,2019-11-04 09:30:08.500,3964.0000,10309,0,28535100.000,0,-,-,-,-,3962.8000,3961.0000,3960.0000,3958.0000,3957.0000,3963.2000,3963.6000,3964.0000,3964.8000,3965.0000,1,1,7,1,1,3,1,1,1,1
SF,IF2003,2019-11-04 09:30:09.000,3963.2000,10308,-1,29724060.000,1,0,1,双平,S,3962.8000,3961.0000,3960.0000,3958.0000,3957.0000,3963.2000,3964.8000,3965.0000,3965.4000,3965.6000,1,1,7,1,1,3,1,1,1,2
SF,IF2003,2019-11-04 09:30:09.500,3962.8000,10307,-1,30912900.000,1,0,1,双平,S,3961.0000,3960.0000,3958.0000,3957.0000,3955.0000,3963.2000,3964.8000,3965.0000,3965.4000,3965.6000,1,7,1,1,5,3,1,1,1,2
SF,IF2003,2019-11-04 09:30:10.000,3963.2000,10306,-1,32101860.000,1,0,1,双平,S,3961.2000,3961.0000,3960.0000,3958.0000,3957.0000,3964.8000,3965.0000,3965.4000,3965.6000,3966.0000,2,1,7,1,1,1,1,1,2,1
SF,IF2003,2019-11-04 09:30:10.500,3963.2000,10306,0,32101860.000,0,-,-,-,-,3962.8000,3961.2000,3961.0000,3960.0000,3958.0000,3964.4000,3964.6000,3964.8000,3965.0000,3966.0000,1,2,1,7,1,5,2,1,1,1
SF,IF2003,2019-11-04 09:30:11.000,3963.2000,10306,0,32101860.000,0,-,-,-,-,3962.8000,3961.6000,3961.2000,3961.0000,3960.0000,3964.2000,3964.4000,3964.6000,3966.0000,3966.4000,1,1,2,1,7,1,5,2,1,2
SF,IF2003,2019-11-04 09:30:11.500,3963.8000,10305,-1,33291000.000,1,0,1,双平,S,3962.8000,3961.6000,3961.2000,3961.0000,3960.0000,3963.8000,3964.2000,3964.4000,3964.6000,3966.0000,1,1,2,1,7,2,1,2,2,1
SF,IF2003,2019-11-04 09:30:12.000,3963.8000,10305,0,33291000.000,0,-,-,-,-,3962.8000,3961.6000,3961.2000,3961.0000,3960.0000,3963.6000,3963.8000,3964.2000,3964.4000,3964.6000,1,1,2,1,7,1,2,1,2,1
SF,IF2003,2019-11-04 09:30:12.500,3963.8000,10304,-1,36858420.000,3,1,2,多平,S,3963.8000,3962.8000,3961.6000,3961.2000,3961.0000,3964.4000,3964.6000,3966.0000,3966.4000,3969.6000,1,1,1,1,1,2,1,1,2,1
SF,IF2003,2019-11-04 09:30:13.000,3964.4000,10303,-1,38047740.000,1,0,1,双平,S,3963.0000,3962.8000,3961.6000,3961.2000,3961.0000,3966.0000,3966.4000,3969.6000,3970.0000,3970.8000,1,1,1,1,1,1,2,1,1,1
SF,IF2003,2019-11-04 09:30:13.500,3964.4000,10303,0,38047740.000,0,-,-,-,-,3962.8000,3961.6000,3961.2000,3961.0000,3960.0000,3963.6000,3965.6000,3965.8000,3966.0000,3966.4000,1,1,1,1,7,1,2,2,1,2
SF,IF2003,2019-11-04 09:30:14.000,3963.6000,10302,-1,39236820.000,1,0,1,双平,S,3963.6000,3962.8000,3961.6000,3961.2000,3961.0000,3965.6000,3965.8000,3966.0000,3966.4000,3969.6000,1,1,1,1,1,2,1,1,2,1
SF,IF2003,2019-11-04 09:30:14.500,3963.6000,10302,0,39236820.000,0,-,-,-,-,3963.0000,3962.8000,3961.6000,3961.2000,3961.0000,3965.4000,3965.6000,3966.0000,3966.4000,3969.6000,1,1,1,1,1,1,2,1,2,1
SF,IF2003,2019-11-04 09:30:15.000,3963.6000,10302,0,39236820.000,0,-,-,-,-,3963.0000,3962.8000,3961.6000,3961.2000,3961.0000,3965.0000,3965.4000,3966.0000,3966.4000,3969.6000,1,1,1,1,1,2,1,1,2,1
SF,IF2003,2019-11-04 09:30:15.500,3963.6000,10302,0,39236820.000,0,-,-,-,-,3962.8000,3961.6000,3961.2000,3961.0000,3960.0000,3965.0000,3965.4000,3966.0000,3966.4000,3969.6000,1,1,1,1,7,2,1,1,2,1
SF,IF2003,2019-11-04 09:30:16.000,3962.8000,10302,0,40425660.000,1,0,1,多换,S,3961.6000,3961.2000,3961.0000,3960.0000,3958.0000,3962.8000,3965.0000,3965.4000,3966.0000,3966.4000,1,1,1,7,1,1,2,1,1,2
SF,IF2003,2019-11-04 09:30:16.500,3962.8000,10302,0,41614500.000,1,0,1,多换,S,3963.2000,3963.0000,3962.0000,3961.8000,3961.6000,3965.4000,3966.0000,3966.4000,3969.6000,3970.0000,1,3,2,6,1,1,1,2,1,1
SF,IF2003,2019-11-04 09:30:17.000,3962.8000,10302,0,41614500.000,0,-,-,-,-,3963.4000,3963.0000,3962.0000,3961.8000,3961.6000,3965.2000,3965.4000,3966.0000,3966.4000,3969.6000,1,2,2,5,1,3,1,1,2,1
SF,IF2003,2019-11-04 09:30:17.500,3962.8000,10302,0,41614500.000,0,-,-,-,-,3963.0000,3962.0000,3961.6000,3961.2000,3961.0000,3965.0000,3965.2000,3966.0000,3966.4000,3969.6000,1,1,1,1,1,1,3,1,2,1
SF,IF2003,2019-11-04 09:30:18.000,3963.2000,10301,-1,42803460.000,1,0,1,双平,S,3963.0000,3962.0000,3961.6000,3961.2000,3961.0000,3965.0000,3965.2000,3966.0000,3966.4000,3969.6000,1,1,1,1,1,1,3,1,2,1
SF,IF2003,2019-11-04 09:30:18.500,3963.2000,10301,0,42803460.000,0,-,-,-,-,3963.0000,3962.0000,3961.6000,3961.2000,3961.0000,3965.2000,3966.0000,3966.4000,3969.6000,3970.0000,1,1,1,1,1,3,1,2,1,1
SF,IF2003,2019-11-04 09:30:19.000,3965.2000,10299,-2,45182580.000,2,0,2,双平,S,3963.2000,3963.0000,3961.6000,3961.2000,3961.0000,3966.0000,3966.4000,3969.6000,3970.0000,3970.8000,3,2,1,1,1,1,2,1,1,1
SF,IF2003,2019-11-04 09:30:19.500,3965.2000,10299,0,45182580.000,0,-,-,-,-,3963.4000,3963.2000,3963.0000,3961.6000,3961.2000,3965.6000,3965.8000,3966.0000,3966.4000,3969.6000,1,3,2,1,1,1,1,1,2,1
SF,IF2003,2019-11-04 09:30:20.000,3965.6000,10299,0,46372260.000,1,0,1,多换,S,3963.4000,3963.2000,3963.0000,3961.6000,3961.2000,3965.8000,3966.0000,3966.4000,3969.6000,3970.0000,1,3,2,1,1,1,1,2,1,1
SF,IF2003,2019-11-04 09:30:20.500,3965.6000,10299,0,46372260.000,0,-,-,-,-,3963.4000,3963.2000,3963.0000,3961.6000,3961.2000,3965.6000,3965.8000,3966.0000,3966.4000,3969.6000,1,3,2,1,1,1,1,1,2,1
SF,IF2003,2019-11-04 09:30:21.500,3965.6000,10299,0,46372260.000,0,-,-,-,-,3963.4000,3963.0000,3961.6000,3961.2000,3961.0000,3965.4000,3965.6000,3966.0000,3966.4000,3969.6000,1,2,1,1,1,1,1,1,2,1
SF,IF2003,2019-11-04 09:30:22.000,3965.4000,10299,0,48751500.000,2,1,1,多换,S,3963.4000,3963.0000,3961.6000,3961.2000,3961.0000,3965.6000,3966.0000,3966.4000,3969.6000,3970.0000,1,2,1,1,1,1,1,2,1,1
SF,IF2003,2019-11-04 09:30:22.500,3965.4000,10299,0,48751500.000,0,-,-,-,-,3965.4000,3963.6000,3963.4000,3963.0000,3961.6000,3966.0000,3966.4000,3969.6000,3970.0000,3970.8000,5,5,1,2,1,1,2,1,1,1
SF,IF2003,2019-11-04 09:30:23.000,3965.4000,10299,0,51130740.000,2,1,1,多换,S,3965.4000,3963.6000,3963.4000,3963.0000,3961.6000,3966.0000,3969.6000,3970.0000,3970.8000,3973.2000,3,6,1,2,1,1,1,1,1,5
SF,IF2003,2019-11-04 09:30:23.500,3966.0000,10298,-1,52320540.000,1,0,1,双平,S,3965.6000,3965.4000,3963.6000,3963.4000,3963.0000,3969.6000,3970.0000,3970.8000,3973.2000,3974.0000,1,3,6,1,2,1,1,1,5,2
SF,IF2003,2019-11-04 09:30:24.000,3966.0000,10298,0,52320540.000,0,-,-,-,-,3965.6000,3965.4000,3963.6000,3963.4000,3963.0000,3966.8000,3967.0000,3967.6000,3967.8000,3969.0000,1,3,6,1,2,1,1,3,1,2
SF,IF2003,2019-11-04 09:30:24.500,3966.0000,10298,0,52320540.000,0,-,-,-,-,3965.6000,3965.4000,3963.6000,3963.4000,3963.0000,3966.4000,3967.6000,3967.8000,3969.0000,3969.4000,1,3,6,1,2,1,2,1,2,1
SF,IF2003,2019-11-04 09:30:25.000,3966.0000,10298,0,52320540.000,0,-,-,-,-,3965.6000,3965.4000,3963.6000,3963.4000,3963.0000,3967.6000,3967.8000,3969.0000,3969.4000,3969.6000,1,3,6,1,2,2,1,2,1,1
SF,IF2003,2019-11-04 09:30:25.500,3966.0000,10298,0,52320540.000,0,-,-,-,-,3965.6000,3965.4000,3963.6000,3963.4000,3963.0000,3967.2000,3967.4000,3967.6000,3967.8000,3969.0000,1,3,6,1,2,1,1,2,1,2
SF,IF2003,2019-11-04 09:30:26.000,3966.0000,10298,0,52320540.000,0,-,-,-,-,3965.6000,3965.4000,3963.6000,3963.4000,3963.0000,3967.2000,3967.6000,3967.8000,3969.0000,3969.4000,1,3,6,1,2,1,2,1,2,1
SF,IF2003,2019-11-04 09:30:26.500,3966.0000,10298,0,52320540.000,0,-,-,-,-,3965.6000,3965.4000,3963.6000,3963.4000,3963.0000,3967.0000,3967.2000,3967.6000,3967.8000,3969.0000,1,3,6,1,2,2,1,2,1,2
SF,IF2003,2019-11-04 09:30:27.000,3966.0000,10298,0,52320540.000,0,-,-,-,-,3965.6000,3965.4000,3963.6000,3963.4000,3963.0000,3966.8000,3967.0000,3967.6000,3967.8000,3969.0000,1,3,6,1,2,1,2,2,1,2
SF,IF2003,2019-11-04 09:30:27.500,3966.0000,10298,0,52320540.000,0,-,-,-,-,3965.6000,3965.4000,3963.6000,3963.4000,3963.0000,3967.0000,3967.2000,3967.6000,3969.0000,3970.0000,1,3,6,1,2,2,1,2,2,1
SF,IF2003,2019-11-04 09:30:28.000,3966.0000,10298,0,52320540.000,0,-,-,-,-,3965.6000,3965.4000,3963.6000,3963.4000,3963.0000,3967.0000,3967.2000,3969.0000,3970.0000,3970.8000,1,3,6,1,2,2,1,2,1,1
SF,IF2003,2019-11-04 09:30:28.500,3966.0000,10298,0,52320540.000,0,-,-,-,-,3965.6000,3965.4000,3963.6000,3963.4000,3963.0000,3967.0000,3967.2000,3969.0000,3970.0000,3970.8000,1,3,6,1,2,2,1,2,1,1
SF,IF2003,2019-11-04 09:30:29.000,3965.8000,10297,-1,53510280.000,1,0,1,双平,S,3965.6000,3965.4000,3963.6000,3963.4000,3963.0000,3967.0000,3967.2000,3969.0000,3970.0000,3970.8000,1,3,6,1,2,2,1,2,1,1
SF,IF2003,2019-11-04 09:30:29.500,3966.8000,10297,0,55890000.000,2,1,1,多换,S,3965.4000,3963.6000,3963.4000,3963.0000,3961.6000,3967.0000,3967.2000,3969.0000,3970.0000,3970.8000,3,6,1,2,1,2,1,2,1,1
SF,IF2003,2019-11-04 09:30:30.000,3965.4000,10297,0,57079620.000,1,0,1,多换,S,3965.4000,3963.6000,3963.4000,3963.0000,3961.6000,3967.0000,3967.2000,3969.0000,3970.0000,3970.8000,2,6,1,2,1,2,1,2,1,1
SF,IF2003,2019-11-04 09:30:30.500,3965.4000,10297,0,57079620.000,0,-,-,-,-,3965.4000,3963.6000,3963.4000,3963.0000,3961.6000,3967.0000,3967.2000,3969.0000,3970.0000,3970.8000,2,6,1,2,1,2,1,2,1,1
SF,IF2003,2019-11-04 09:30:31.000,3965.4000,10297,0,57079620.000,0,-,-,-,-,3965.4000,3963.6000,3963.4000,3963.0000,3961.6000,3967.0000,3967.2000,3969.0000,3970.0000,3970.8000,2,6,1,2,1,2,1,2,1,1
SF,IF2003,2019-11-04 09:30:32.500,3965.4000,10297,0,57079620.000,0,-,-,-,-,3965.4000,3963.6000,3963.4000,3963.0000,3961.6000,3967.0000,3967.2000,3969.0000,3970.0000,3970.8000,2,6,1,1,1,2,1,2,1,1
SF,IF2003,2019-11-04 09:30:34.500,3967.0000,10297,0,58269720.000,1,0,1,多换,S,3965.4000,3963.6000,3963.4000,3963.0000,3961.6000,3967.0000,3967.2000,3969.0000,3970.0000,3970.8000,2,6,1,1,1,1,1,2,1,1
SF,IF2003,2019-11-04 09:30:35.000,3967.0000,10297,0,58269720.000,0,-,-,-,-,3965.6000,3965.4000,3963.6000,3963.4000,3961.6000,3967.0000,3967.2000,3969.0000,3970.0000,3970.8000,1,2,6,1,1,1,1,2,1,1
SF,IF2003,2019-11-04 09:30:35.500,3967.0000,10297,0,58269720.000,0,-,-,-,-,3965.4000,3963.6000,3963.4000,3961.6000,3961.2000,3966.6000,3967.0000,3967.2000,3969.0000,3970.0000,2,6,1,1,1,1,1,1,2,1
SF,IF2003,2019-11-04 09:30:36.500,3965.4000,10297,0,60648960.000,2,1,1,多换,S,3963.6000,3963.4000,3961.6000,3961.2000,3961.0000,3966.4000,3966.6000,3967.0000,3967.2000,3969.0000,6,1,1,1,1,1,2,1,1,2
SF,IF2003,2019-11-04 09:30:37.000,3965.4000,10297,0,60648960.000,0,-,-,-,-,3963.8000,3963.6000,3963.4000,3961.6000,3961.2000,3966.2000,3966.6000,3967.0000,3967.2000,3969.0000,2,5,1,1,1,1,1,1,1,2
SF,IF2003,2019-11-04 09:30:37.500,3965.4000,10297,0,60648960.000,0,-,-,-,-,3964.0000,3963.8000,3963.6000,3963.4000,3961.6000,3966.2000,3966.4000,3966.6000,3967.0000,3967.2000,4,2,1,1,1,1,1,1,1,1
SF,IF2003,2019-11-04 09:30:38.000,3965.4000,10297,0,60648960.000,0,-,-,-,-,3963.8000,3963.4000,3961.6000,3961.2000,3961.0000,3966.2000,3966.4000,3966.6000,3967.0000,3967.2000,1,1,1,1,1,1,1,1,1,1
SF,IF2003,2019-11-04 09:30:38.500,3965.4000,10297,0,60648960.000,0,-,-,-,-,3963.8000,3963.4000,3961.6000,3961.2000,3961.0000,3964.6000,3965.6000,3966.2000,3966.4000,3966.6000,1,1,1,1,1,1,1,1,1,1
SF,IF2003,2019-11-04 09:30:39.000,3965.4000,10297,0,60648960.000,0,-,-,-,-,3963.4000,3961.6000,3961.2000,3961.0000,3960.0000,3964.6000,3965.6000,3966.2000,3966.4000,3966.6000,1,1,1,1,7,1,1,1,1,1
SF,IF2003,2019-11-04 09:30:39.500,3965.4000,10297,0,60648960.000,0,-,-,-,-,3961.6000,3961.2000,3961.0000,3960.0000,3958.0000,3964.6000,3966.2000,3966.4000,3967.0000,3967.2000,1,1,1,7,1,1,1,1,1,1
SF,IF2003,2019-11-04 09:30:40.000,3964.6000,10296,-1,61838340.000,1,0,1,双平,S,3962.0000,3961.8000,3961.6000,3961.2000,3961.0000,3966.2000,3966.4000,3967.0000,3967.2000,3969.0000,4,4,1,1,1,1,1,1,1,2
SF,IF2003,2019-11-04 09:30:40.500,3964.6000,10296,0,61838340.000,0,-,-,-,-,3962.2000,3962.0000,3961.8000,3961.6000,3961.2000,3966.0000,3966.2000,3966.4000,3967.0000,3967.2000,3,4,1,1,1,1,1,1,1,1
SF,IF2003,2019-11-04 09:30:41.000,3964.6000,10296,0,61838340.000,0,-,-,-,-,3962.6000,3962.2000,3962.0000,3961.8000,3961.2000,3965.6000,3965.8000,3966.0000,3966.4000,3967.0000,1,4,4,1,1,1,1,1,1,1
SF,IF2003,2019-11-04 09:30:41.500,3964.6000,10296,0,61838340.000,0,-,-,-,-,3962.6000,3962.2000,3962.0000,3961.8000,3961.2000,3964.8000,3965.0000,3965.4000,3965.6000,3965.8000,1,2,4,1,1,1,1,2,1,1
SF,IF2003,2019-11-04 09:30:42.000,3964.6000,10296,0,61838340.000,0,-,-,-,-,3962.6000,3962.0000,3961.8000,3961.2000,3961.0000,3964.4000,3964.6000,3964.8000,3965.0000,3966.4000,1,3,1,1,1,1,1,1,1,1
SF,IF2003,2019-11-04 09:30:43.000,3964.6000,10296,0,61838340.000,0,-,-,-,-,3962.0000,3961.8000,3961.2000,3961.0000,3960.8000,3964.6000,3965.0000,3966.4000,3967.0000,3967.2000,3,1,1,1,1,1,2,1,1,1
SF,IF2003,2019-11-04 09:30:43.500,3964.4000,10296,0,63027660.000,1,0,1,多换,S,3962.2000,3962.0000,3961.8000,3961.2000,3961.0000,3964.6000,3964.8000,3965.0000,3966.4000,3967.0000,1,3,1,1,1,1,1,2,1,1
SF,IF2003,2019-11-04 09:30:44.000,3964.4000,10296,0,63027660.000,0,-,-,-,-,3962.4000,3962.2000,3961.8000,3961.2000,3961.0000,3964.6000,3964.8000,3965.0000,3966.4000,3967.0000,3,3,1,1,1,1,1,2,1,1
SF,IF2003,2019-11-04 09:30:44.500,3964.4000,10296,0,63027660.000,0,-,-,-,-,3962.2000,3961.8000,3961.2000,3961.0000,3960.8000,3962.6000,3964.4000,3964.6000,3964.8000,3965.0000,1,1,1,1,1,1,1,1,1,2
SF,IF2003,2019-11-04 09:30:45.000,3962.6000,10294,-2,65405220.000,2,0,2,双平,S,3962.2000,3961.8000,3961.2000,3961.0000,3960.8000,3964.4000,3964.6000,3964.8000,3965.0000,3966.4000,1,1,1,1,1,1,2,1,2,1
SF,IF2003,2019-11-04 09:30:45.500,3962.6000,10294,0,65405220.000,0,-,-,-,-,3961.8000,3961.2000,3961.0000,3960.8000,3960.0000,3964.4000,3964.6000,3964.8000,3965.0000,3966.4000,1,1,1,1,7,1,2,1,2,1
SF,IF2003,2019-11-04 09:30:46.000,3962.6000,10294,0,65405220.000,0,-,-,-,-,3962.0000,3961.8000,3961.2000,3961.0000,3960.8000,3964.4000,3964.6000,3964.8000,3965.0000,3966.4000,4,1,1,1,1,1,2,1,2,1
SF,IF2003,2019-11-04 09:30:46.500,3962.6000,10294,0,65405220.000,0,-,-,-,-,3962.2000,3962.0000,3961.8000,3961.2000,3961.0000,3964.6000,3964.8000,3965.0000,3966.4000,3967.0000,2,4,1,1,1,2,1,2,1,1
SF,IF2003,2019-11-04 09:30:47.000,3962.6000,10294,0,65405220.000,0,-,-,-,-,3962.2000,3962.0000,3961.8000,3961.2000,3961.0000,3964.6000,3964.8000,3965.0000,3966.4000,3967.0000,1,4,1,1,1,2,1,2,1,1
SF,IF2003,2019-11-04 09:30:47.500,3962.6000,10294,0,65405220.000,0,-,-,-,-,3962.6000,3962.4000,3962.2000,3961.8000,3961.2000,3964.6000,3965.0000,3966.4000,3967.0000,3967.2000,3,4,1,1,1,1,1,1,1,1
SF,IF2003,2019-11-04 09:30:48.000,3962.6000,10294,0,65405220.000,0,-,-,-,-,3962.4000,3962.2000,3961.8000,3961.2000,3961.0000,3964.6000,3965.0000,3966.4000,3967.0000,3967.2000,3,1,1,1,1,1,1,1,1,1
SF,IF2003,2019-11-04 09:30:49.000,3962.6000,10294,0,65405220.000,0,-,-,-,-,3962.4000,3961.8000,3961.2000,3961.0000,3960.0000,3964.6000,3965.0000,3966.4000,3967.0000,3967.2000,3,1,1,1,7,1,1,1,1,1
SF,IF2003,2019-11-04 09:30:49.500,3962.6000,10294,0,65405220.000,0,-,-,-,-,3961.8000,3961.2000,3961.0000,3960.0000,3958.0000,3964.2000,3964.6000,3964.8000,3965.0000,3966.4000,1,1,1,7,1,1,1,1,1,1
SF,IF2003,2019-11-04 09:30:51.000,3962.6000,10294,0,65405220.000,0,-,-,-,-,3961.8000,3961.2000,3961.0000,3960.0000,3958.0000,3963.6000,3964.2000,3964.6000,3964.8000,3965.0000,1,1,1,7,1,1,1,1,1,1
SF,IF2003,2019-11-04 09:30:51.500,3962.6000,10294,0,65405220.000,0,-,-,-,-,3961.8000,3961.2000,3961.0000,3960.0000,3958.0000,3964.2000,3964.6000,3964.8000,3965.0000,3966.4000,1,1,1,7,1,1,1,1,1,1
SF,IF2003,2019-11-04 09:30:52.000,3962.6000,10294,0,65405220.000,0,-,-,-,-,3961.8000,3961.2000,3961.0000,3960.0000,3958.0000,3963.0000,3964.2000,3964.6000,3964.8000,3965.0000,1,1,1,7,1,1,1,1,1,1
SF,IF2003,2019-11-04 09:30:52.500,3962.0000,10292,-2,67782420.000,2,0,2,双平,S,3961.8000,3961.2000,3961.0000,3960.0000,3958.0000,3963.0000,3964.2000,3964.6000,3964.8000,3965.0000,1,1,1,7,1,1,1,1,1,2
SF,IF2003,2019-11-04 09:30:53.000,3961.8000,10292,0,68970960.000,1,0,1,多换,S,3961.2000,3961.0000,3960.0000,3958.0000,3957.0000,3961.8000,3963.0000,3964.2000,3964.6000,3964.8000,1,1,7,1,1,1,1,1,1,1
SF,IF2003,2019-11-04 09:30:53.500,3961.8000,10291,-1,70159500.000,1,0,1,双平,S,3962.0000,3961.8000,3961.6000,3961.4000,3961.0000,3963.0000,3964.2000,3964.6000,3964.8000,3965.0000,1,1,3,3,2,1,1,1,1,2
SF,IF2003,2019-11-04 09:30:54.000,3961.8000,10291,0,70159500.000,0,-,-,-,-,3961.8000,3961.6000,3961.4000,3961.0000,3960.0000,3963.0000,3964.2000,3964.6000,3964.8000,3965.0000,1,3,2,2,7,1,1,1,1,2
SF,IF2003,2019-11-04 09:30:54.500,3961.8000,10291,0,70159500.000,0,-,-,-,-,3961.8000,3961.6000,3961.4000,3961.0000,3960.0000,3962.8000,3963.0000,3964.2000,3964.6000,3964.8000,1,3,3,2,7,1,1,1,1,1
SF,IF2003,2019-11-04 09:30:55.000,3961.8000,10291,0,70159500.000,0,-,-,-,-,3961.8000,3961.6000,3961.4000,3961.0000,3960.0000,3962.8000,3963.0000,3964.2000,3964.6000,3964.8000,1,3,3,2,7,1,1,1,1,1
SF,IF2003,2019-11-04 09:30:56.000,3961.8000,10291,0,70159500.000,0,-,-,-,-,3961.8000,3961.6000,3961.4000,3961.0000,3960.0000,3962.8000,3963.0000,3964.2000,3964.6000,3964.8000,1,3,3,2,7,1,1,1,1,1
SF,IF2003,2019-11-04 09:30:56.500,3962.8000,10290,-1,71348340.000,1,0,1,双平,S,3961.6000,3961.4000,3961.0000,3960.0000,3958.0000,3963.0000,3964.2000,3964.6000,3964.8000,3965.0000,3,3,2,7,1,1,1,1,1,1
SF,IF2003,2019-11-04 09:30:57.000,3961.8000,10288,-2,73725480.000,2,0,2,双平,S,3961.6000,3961.4000,3961.0000,3960.0000,3958.0000,3963.0000,3964.2000,3964.6000,3964.8000,3965.0000,3,2,2,7,1,1,1,1,1,1
SF,IF2003,2019-11-04 09:30:57.500,3961.8000,10288,0,73725480.000,0,-,-,-,-,3961.4000,3961.0000,3960.0000,3958.0000,3957.0000,3963.0000,3964.2000,3964.6000,3964.8000,3965.0000,1,2,7,1,1,1,1,1,1,1
SF,IF2003,2019-11-04 09:30:58.000,3961.8000,10288,0,73725480.000,0,-,-,-,-,3961.4000,3961.0000,3960.2000,3960.0000,3958.0000,3963.0000,3964.2000,3964.6000,3964.8000,3965.0000,1,2,1,7,1,1,1,1,1,1
SF,IF2003,2019-11-04 09:30:58.500,3961.8000,10288,0,73725480.000,0,-,-,-,-,3961.6000,3961.4000,3961.0000,3960.2000,3960.0000,3962.8000,3963.0000,3964.2000,3964.6000,3964.8000,3,1,2,1,7,1,1,1,1,1
SF,IF2003,2019-11-04 09:30:59.000,3961.8000,10288,0,73725480.000,0,-,-,-,-,3961.6000,3961.4000,3961.0000,3960.2000,3960.0000,3963.0000,3964.2000,3964.6000,3964.8000,3965.0000,3,1,2,1,7,1,1,1,1,1
SF,IF2003,2019-11-04 09:30:59.500,3963.0000,10288,0,74914380.000,1,0,1,多换,S,3961.6000,3961.4000,3961.0000,3960.2000,3960.0000,3964.2000,3964.6000,3964.8000,3965.0000,3966.4000,3,1,2,1,7,1,1,1,1,1
SF,IF2003,2019-11-04 09:31:00.000,3963.0000,10288,0,74914380.000,0,-,-,-,-,3963.2000,3961.8000,3961.6000,3961.0000,3960.2000,3964.0000,3964.2000,3964.6000,3964.8000,3965.0000,3,1,3,2,1,3,1,1,1,1
SF,IF2003,2019-11-04 09:31:00.500,3963.0000,10288,0,74914380.000,0,-,-,-,-,3963.2000,3961.8000,3961.6000,3961.0000,3960.2000,3963.8000,3964.0000,3964.2000,3964.6000,3964.8000,3,3,3,2,1,1,1,1,1,1
SF,IF2003,2019-11-04 09:31:01.000,3963.2000,10288,0,78481260.000,3,1,2,多换,S,3961.8000,3961.6000,3961.0000,3960.2000,3960.0000,3963.6000,3963.8000,3964.0000,3964.2000,3964.6000,2,3,2,1,7,1,1,1,1,1
SF,IF2003,2019-11-04 09:31:01.500,3963.2000,10288,0,78481260.000,0,-,-,-,-,3962.2000,3962.0000,3961.8000,3961.0000,3960.2000,3964.6000,3965.0000,3966.4000,3969.0000,3970.0000,3,3,2,2,1,1,1,1,1,1
SF,IF2003,2019-11-04 09:31:02.000,3963.2000,10288,0,78481260.000,0,-,-,-,-,3962.2000,3962.0000,3961.8000,3961.0000,3960.2000,3964.4000,3964.6000,3964.8000,3965.0000,3966.4000,3,1,2,2,1,2,1,1,1,1
SF,IF2003,2019-11-04 09:31:02.500,3963.2000,10288,0,78481260.000,0,-,-,-,-,3962.4000,3962.2000,3962.0000,3961.8000,3961.0000,3963.6000,3964.4000,3964.6000,3965.0000,3966.4000,2,3,1,1,2,1,2,1,1,1
SF,IF2003,2019-11-04 09:31:03.000,3963.6000,10288,0,79670340.000,1,0,1,多换,S,3962.6000,3962.4000,3961.0000,3960.2000,3960.0000,3964.4000,3964.6000,3965.0000,3966.4000,3969.0000,3,4,2,1,7,1,1,1,1,1
SF,IF2003,2019-11-04 09:31:03.500,3963.6000,10288,0,79670340.000,0,-,-,-,-,3962.8000,3962.6000,3962.4000,3961.0000,3960.2000,3965.0000,3966.4000,3969.0000,3970.0000,3970.8000,1,3,3,2,1,1,1,1,1,1
SF,IF2003,2019-11-04 09:31:04.000,3963.6000,10288,0,79670340.000,0,-,-,-,-,3963.0000,3962.8000,3961.0000,3960.2000,3960.0000,3965.0000,3966.4000,3969.0000,3970.0000,3970.8000,4,3,2,1,7,1,1,1,1,1
SF,IF2003,2019-11-04 09:31:04.500,3963.6000,10288,0,79670340.000,0,-,-,-,-,3963.2000,3963.0000,3962.8000,3961.0000,3960.2000,3965.0000,3966.4000,3969.0000,3970.0000,3970.8000,2,4,1,2,1,1,1,1,1,1
SF,IF2003,2019-11-04 09:31:05.000,3963.6000,10288,0,79670340.000,0,-,-,-,-,3964.4000,3963.6000,3963.4000,3963.2000,3963.0000,3965.0000,3966.4000,3969.0000,3970.0000,3970.8000,1,3,1,4,1,1,1,1,1,1
SF,IF2003,2019-11-04 09:31:05.500,3963.2000,10288,0,80859300.000,1,0,1,多换,S,3963.2000,3961.0000,3960.2000,3960.0000,3958.0000,3965.0000,3966.4000,3969.0000,3970.0000,3970.8000,2,1,1,7,1,1,1,1,1,1
SF,IF2003,2019-11-04 09:31:06.000,3963.2000,10288,0,80859300.000,0,-,-,-,-,3963.4000,3963.2000,3961.0000,3960.2000,3960.0000,3965.0000,3966.4000,3969.0000,3970.0000,3970.8000,4,2,1,1,7,1,1,1,1,1
SF,IF2003,2019-11-04 09:31:06.500,3963.2000,10288,0,80859300.000,0,-,-,-,-,3963.4000,3963.2000,3961.2000,3961.0000,3960.2000,3965.0000,3966.4000,3969.0000,3970.0000,3970.8000,5,2,1,1,1,1,1,1,1,1
SF,IF2003,2019-11-04 09:31:07.000,3963.2000,10288,0,80859300.000,0,-,-,-,-,3964.4000,3963.6000,3963.4000,3963.2000,3961.2000,3965.0000,3967.0000,3969.0000,3970.0000,3970.8000,1,1,5,2,1,1,1,1,1,1
SF,IF2003,2019-11-04 09:31:07.500,3965.0000,10288,0,82048800.000,1,0,1,多换,S,3964.4000,3963.6000,3963.4000,3963.2000,3961.2000,3967.0000,3969.0000,3970.0000,3970.8000,3971.6000,1,1,5,2,1,3,1,1,1,1
SF,IF2003,2019-11-04 09:31:08.000,3965.0000,10288,0,82048800.000,0,-,-,-,-,3964.6000,3964.4000,3963.6000,3963.4000,3963.2000,3966.8000,3967.0000,3969.0000,3970.0000,3970.8000,3,1,2,1,2,2,3,1,1,1
SF,IF2003,2019-11-04 09:31:08.500,3965.0000,10288,0,82048800.000,0,-,-,-,-,3964.6000,3964.4000,3963.6000,3963.4000,3963.2000,3966.8000,3967.0000,3969.0000,3970.0000,3970.8000,4,1,2,1,2,2,3,1,1,1
SF,IF2003,2019-11-04 09:31:09.000,3965.0000,10288,0,82048800.000,0,-,-,-,-,3964.6000,3964.4000,3963.6000,3963.4000,3963.2000,3966.8000,3967.0000,3969.0000,3970.0000,3970.8000,4,1,2,1,3,2,3,1,1,1
SF,IF2003,2019-11-04 09:31:09.500,3964.6000,10289,1,86806320.000,4,2,2,空开,S,3964.4000,3963.6000,3963.4000,3963.2000,3961.0000,3964.6000,3966.8000,3967.0000,3969.0000,3970.0000,1,2,1,3,1,1,2,3,1,1
SF,IF2003,2019-11-04 09:31:10.000,3964.6000,10289,0,87995700.000,1,0,1,多换,S,3965.0000,3964.8000,3964.6000,3964.4000,3963.6000,3967.0000,3969.0000,3970.0000,3970.8000,3971.6000,1,9,2,1,2,3,1,1,1,1
SF,IF2003,2019-11-04 09:31:10.500,3964.6000,10289,0,87995700.000,0,-,-,-,-,3965.2000,3964.8000,3964.6000,3964.4000,3963.6000,3967.0000,3970.0000,3970.6000,3970.8000,3971.6000,9,2,2,1,1,1,1,2,1,1
SF,IF2003,2019-11-04 09:31:11.000,3967.0000,10288,-1,89185800.000,1,0,1,双平,S,3965.2000,3965.0000,3964.8000,3964.6000,3964.4000,3970.0000,3970.6000,3970.8000,3971.6000,3973.2000,10,1,2,2,1,1,2,1,1,5
SF,IF2003,2019-11-04 09:31:11.500,3967.0000,10288,0,89185800.000,0,-,-,-,-,3965.2000,3964.8000,3964.6000,3964.4000,3963.6000,3969.0000,3969.6000,3969.8000,3970.0000,3970.2000,10,2,1,1,1,1,8,2,1,1
SF,IF2003,2019-11-04 09:31:12.000,3967.0000,10288,0,89185800.000,0,-,-,-,-,3965.2000,3965.0000,3964.8000,3964.6000,3964.4000,3968.8000,3969.0000,3969.6000,3969.8000,3970.0000,10,1,2,1,1,3,1,5,2,1
SF,IF2003,2019-11-04 09:31:12.500,3967.0000,10288,0,89185800.000,0,-,-,-,-,3965.8000,3965.4000,3965.2000,3965.0000,3964.8000,3968.8000,3969.6000,3969.8000,3970.0000,3970.2000,1,1,10,1,2,3,5,2,1,1
SF,IF2003,2019-11-04 09:31:13.000,3967.0000,10288,0,89185800.000,0,-,-,-,-,3967.8000,3966.2000,3966.0000,3965.8000,3965.4000,3969.6000,3969.8000,3970.0000,3970.2000,3970.8000,1,6,4,1,1,5,1,1,1,1
SF,IF2003,2019-11-04 09:31:13.500,3967.0000,10288,0,89185800.000,0,-,-,-,-,3967.8000,3966.2000,3966.0000,3965.8000,3965.2000,3969.6000,3969.8000,3970.0000,3970.2000,3970.8000,1,6,3,1,1,5,1,1,1,1
SF,IF2003,2019-11-04 09:31:14.000,3967.0000,10288,0,89185800.000,0,-,-,-,-,3967.8000,3966.2000,3966.0000,3965.8000,3965.2000,3969.6000,3969.8000,3970.0000,3970.2000,3970.8000,1,6,3,1,1,5,1,1,1,1
SF,IF2003,2019-11-04 09:31:14.500,3967.0000,10288,0,89185800.000,0,-,-,-,-,3967.8000,3966.2000,3966.0000,3965.2000,3965.0000,3969.4000,3969.6000,3970.0000,3970.2000,3970.8000,1,1,3,1,1,1,5,1,1,1
SF,IF2003,2019-11-04 09:31:15.000,3969.6000,10288,0,90376680.000,1,0,1,多换,S,3967.8000,3966.2000,3966.0000,3965.2000,3965.0000,3969.6000,3970.0000,3970.2000,3970.8000,3971.6000,1,1,3,1,1,4,1,1,1,1
SF,IF2003,2019-11-04 09:31:15.500,3969.6000,10288,0,90376680.000,0,-,-,-,-,3967.8000,3966.2000,3966.0000,3965.2000,3965.0000,3969.4000,3969.6000,3970.0000,3970.2000,3970.8000,1,1,3,1,1,1,4,1,1,1
SF,IF2003,2019-11-04 09:31:16.000,3969.6000,10288,0,90376680.000,0,-,-,-,-,3967.8000,3966.2000,3966.0000,3965.2000,3965.0000,3969.6000,3970.0000,3970.2000,3970.8000,3971.6000,1,1,3,1,1,4,1,1,1,1
SF,IF2003,2019-11-04 09:31:17.500,3969.6000,10288,0,90376680.000,0,-,-,-,-,3968.0000,3967.8000,3966.2000,3966.0000,3965.2000,3970.0000,3970.8000,3971.6000,3973.2000,3974.0000,1,1,1,3,1,1,1,1,5,2
SF,IF2003,2019-11-04 09:31:19.000,3970.0000,10288,0,91567680.000,1,0,1,多换,S,3968.2000,3968.0000,3967.8000,3966.2000,3966.0000,3970.8000,3971.6000,3973.2000,3974.0000,3974.8000,1,1,1,1,3,1,1,5,2,2
SF,IF2003,2019-11-04 09:31:19.500,3970.0000,10288,0,91567680.000,0,-,-,-,-,3970.0000,3968.6000,3968.4000,3968.2000,3967.8000,3970.8000,3971.6000,3973.2000,3974.0000,3974.8000,5,2,5,2,1,1,1,5,2,2
SF,IF2003,2019-11-04 09:31:20.000,3970.8000,10288,0,92758920.000,1,0,1,多换,S,3970.8000,3970.0000,3968.6000,3968.4000,3968.2000,3971.6000,3973.2000,3974.0000,3975.2000,3978.8000,9,6,2,4,2,1,5,2,2,1
SF,IF2003,2019-11-04 09:31:20.500,3971.6000,10289,1,107055480.000,12,6,6,空开,S,3971.6000,3970.8000,3970.0000,3969.6000,3968.6000,3973.2000,3973.4000,3974.0000,3975.2000,3978.8000,1,6,6,1,1,5,1,2,2,1
SF,IF2003,2019-11-04 09:31:21.000,3971.6000,10293,4,127313940.000,17,10,7,空开,S,3970.8000,3970.0000,3969.8000,3968.6000,3968.2000,3974.0000,3974.4000,3975.2000,3977.4000,3978.8000,5,6,1,1,1,2,1,2,5,1
SF,IF2003,2019-11-04 09:31:21.500,3974.0000,10293,0,134466660.000,6,3,3,多换,S,3974.0000,3970.8000,3970.0000,3968.6000,3968.2000,3975.2000,3977.4000,3978.8000,3980.0000,3983.0000,4,6,6,1,1,2,5,1,1,1
SF,IF2003,2019-11-04 09:31:22.000,3974.0000,10293,0,139235460.000,4,2,2,多换,S,3971.0000,3970.8000,3970.0000,3968.6000,3968.2000,3973.4000,3973.8000,3974.0000,3974.4000,3974.6000,1,6,6,1,1,1,1,4,2,1
SF,IF2003,2019-11-04 09:31:22.500,3974.0000,10293,0,139235460.000,0,-,-,-,-,3971.0000,3970.8000,3970.0000,3968.6000,3968.2000,3973.2000,3973.4000,3973.8000,3974.0000,3974.4000,1,6,6,1,1,1,1,1,1,2
SF,IF2003,2019-11-04 09:31:23.000,3973.2000,10293,0,140427420.000,1,0,1,多换,S,3971.0000,3970.8000,3970.0000,3968.6000,3968.2000,3973.2000,3973.4000,3973.8000,3974.0000,3974.4000,1,6,6,1,1,1,1,1,1,2
SF,IF2003,2019-11-04 09:31:23.500,3973.2000,10293,0,140427420.000,0,-,-,-,-,3971.0000,3970.8000,3970.0000,3968.6000,3968.2000,3973.0000,3973.2000,3973.4000,3973.8000,3974.0000,1,6,6,1,1,2,1,1,4,1
SF,IF2003,2019-11-04 09:31:24.000,3973.2000,10293,0,140427420.000,0,-,-,-,-,3971.0000,3970.8000,3970.0000,3968.6000,3968.2000,3973.0000,3973.2000,3973.4000,3973.8000,3974.0000,1,6,6,1,1,2,1,1,7,1
SF,IF2003,2019-11-04 09:31:24.500,3973.2000,10293,0,140427420.000,0,-,-,-,-,3971.0000,3970.8000,3970.0000,3968.6000,3968.2000,3973.0000,3973.4000,3973.8000,3974.0000,3974.4000,1,6,6,1,1,2,1,7,1,2
SF,IF2003,2019-11-04 09:31:25.000,3971.0000,10292,-1,141618720.000,1,0,1,双平,S,3970.8000,3970.0000,3968.6000,3968.2000,3967.8000,3973.0000,3973.4000,3973.8000,3974.0000,3974.4000,6,6,1,1,1,2,1,7,1,2
SF,IF2003,2019-11-04 09:31:25.500,3973.0000,10292,0,142810620.000,1,0,1,多换,S,3970.8000,3970.0000,3968.6000,3968.2000,3967.8000,3973.0000,3973.4000,3973.8000,3974.0000,3974.4000,6,6,1,1,1,1,1,7,1,2
SF,IF2003,2019-11-04 09:31:26.000,3973.0000,10292,0,142810620.000,0,-,-,-,-,3971.0000,3970.8000,3970.0000,3968.6000,3968.2000,3972.8000,3973.0000,3973.4000,3973.8000,3974.0000,1,6,6,1,1,3,2,1,7,1
SF,IF2003,2019-11-04 09:31:26.500,3972.8000,10290,-2,145193760.000,2,0,2,双平,S,3970.8000,3970.0000,3968.6000,3968.2000,3967.8000,3972.8000,3973.0000,3973.4000,3973.8000,3974.0000,6,6,1,1,1,3,2,1,6,1
SF,IF2003,2019-11-04 09:31:27.000,3970.8000,10290,0,146385000.000,1,0,1,多换,S,3970.8000,3970.0000,3968.6000,3968.2000,3967.8000,3972.6000,3972.8000,3973.0000,3973.4000,3973.6000,5,6,1,1,1,2,3,2,1,1
SF,IF2003,2019-11-04 09:31:27.500,3970.8000,10291,1,148767480.000,2,1,1,空开,S,3970.8000,3970.0000,3968.6000,3968.2000,3967.8000,3972.2000,3972.4000,3972.6000,3972.8000,3973.0000,3,6,1,1,1,1,1,4,3,2
SF,IF2003,2019-11-04 09:31:28.000,3970.8000,10291,0,152341200.000,3,1,2,多换,S,3970.0000,3968.6000,3968.2000,3967.8000,3966.2000,3972.0000,3972.2000,3972.4000,3972.6000,3972.8000,6,1,1,1,1,3,3,1,3,2
SF,IF2003,2019-11-04 09:31:28.500,3970.2000,10290,-1,153532260.000,1,0,1,双平,S,3970.0000,3968.6000,3968.2000,3967.8000,3966.2000,3972.0000,3972.2000,3972.6000,3972.8000,3973.0000,6,1,1,1,1,2,3,3,2,2
SF,IF2003,2019-11-04 09:31:29.000,3970.2000,10290,0,153532260.000,0,-,-,-,-,3970.4000,3970.2000,3970.0000,3968.6000,3968.2000,3971.0000,3971.8000,3972.0000,3972.2000,3972.6000,3,1,6,1,1,1,2,2,2,4
SF,IF2003,2019-11-04 09:31:29.500,3971.0000,10290,0,154723560.000,1,0,1,多换,S,3970.4000,3970.2000,3970.0000,3968.6000,3968.2000,3971.8000,3972.0000,3972.2000,3972.6000,3972.8000,3,1,6,1,1,2,2,1,4,1
SF,IF2003,2019-11-04 09:31:30.000,3971.0000,10290,0,154723560.000,0,-,-,-,-,3970.2000,3970.0000,3968.6000,3968.2000,3967.8000,3971.8000,3972.0000,3972.2000,3972.6000,3972.8000,1,6,1,1,1,1,1,1,3,1
SF,IF2003,2019-11-04 09:31:30.500,3971.6000,10290,0,155915040.000,1,0,1,多换,S,3970.0000,3968.2000,3967.8000,3966.2000,3961.0000,3971.6000,3971.8000,3972.0000,3972.2000,3972.6000,5,1,1,1,1,2,1,1,1,3
SF,IF2003,2019-11-04 09:31:31.000,3970.0000,10290,0,157106040.000,1,0,1,多换,S,3970.0000,3968.2000,3967.8000,3966.2000,3961.0000,3971.2000,3971.4000,3971.6000,3971.8000,3972.0000,4,1,1,1,1,2,1,2,1,1
SF,IF2003,2019-11-04 09:31:31.500,3970.0000,10289,-1,159488040.000,2,0,2,多平,S,3970.2000,3970.0000,3968.2000,3967.8000,3966.2000,3970.8000,3971.0000,3971.2000,3971.4000,3971.6000,1,4,1,1,1,1,1,2,1,2
SF,IF2003,2019-11-04 09:31:32.000,3970.8000,10288,-1,163061280.000,3,1,2,多平,S,3970.0000,3968.2000,3967.8000,3966.2000,3961.0000,3971.0000,3971.2000,3971.4000,3971.6000,3971.8000,2,1,1,1,1,1,2,1,2,1
SF,IF2003,2019-11-04 09:31:32.500,3970.2000,10286,-2,166634880.000,3,0,3,多平,S,3970.2000,3970.0000,3968.2000,3967.8000,3966.2000,3971.4000,3971.6000,3971.8000,3972.0000,3972.4000,1,2,1,1,1,1,2,1,1,1
SF,IF2003,2019-11-04 09:31:33.000,3971.4000,10286,0,167826300.000,1,0,1,多换,S,3970.2000,3970.0000,3968.2000,3967.8000,3966.2000,3971.6000,3971.8000,3972.0000,3972.4000,3972.6000,2,2,1,1,1,2,1,1,1,2
SF,IF2003,2019-11-04 09:31:33.500,3971.4000,10286,0,167826300.000,0,-,-,-,-,3970.4000,3970.2000,3970.0000,3968.2000,3967.8000,3971.2000,3971.6000,3972.0000,3972.4000,3972.6000,1,1,2,1,1,1,2,1,1,2
SF,IF2003,2019-11-04 09:31:34.000,3971.4000,10286,0,167826300.000,0,-,-,-,-,3970.4000,3970.2000,3970.0000,3968.2000,3967.8000,3971.2000,3971.6000,3972.4000,3972.6000,3972.8000,1,1,2,1,1,1,1,1,2,1
SF,IF2003,2019-11-04 09:31:35.000,3970.4000,10285,-1,169017420.000,1,0,1,双平,S,3970.2000,3970.0000,3968.8000,3968.2000,3967.8000,3971.0000,3971.2000,3972.4000,3972.6000,3972.8000,1,6,1,1,1,1,1,1,3,1
SF,IF2003,2019-11-04 09:31:35.500,3970.4000,10285,0,169017420.000,0,-,-,-,-,3970.2000,3970.0000,3968.2000,3967.8000,3966.2000,3971.0000,3971.2000,3972.4000,3972.6000,3972.8000,1,6,1,1,1,1,1,1,1,1
SF,IF2003,2019-11-04 09:31:36.000,3970.4000,10285,0,169017420.000,0,-,-,-,-,3970.2000,3970.0000,3968.2000,3967.8000,3966.2000,3970.8000,3971.0000,3972.4000,3972.6000,3972.8000,1,6,1,1,1,1,1,1,1,1
SF,IF2003,2019-11-04 09:31:37.500,3970.8000,10284,-1,170208660.000,1,0,1,双平,S,3970.2000,3970.0000,3968.2000,3967.8000,3966.2000,3971.0000,3972.4000,3972.6000,3972.8000,3973.4000,1,6,1,1,1,1,1,1,1,1
SF,IF2003,2019-11-04 09:31:38.000,3970.8000,10284,0,170208660.000,0,-,-,-,-,3970.2000,3970.0000,3968.2000,3967.8000,3966.2000,3971.0000,3972.4000,3972.6000,3972.8000,3973.4000,1,6,1,1,1,1,1,1,1,1
SF,IF2003,2019-11-04 09:31:39.500,3970.2000,10285,1,171399720.000,1,1,0,双开,S,3970.0000,3968.2000,3967.8000,3966.2000,3961.0000,3971.0000,3972.4000,3972.6000,3972.8000,3973.4000,6,1,1,1,1,1,1,1,1,1
SF,IF2003,2019-11-04 09:31:40.000,3970.2000,10285,0,171399720.000,0,-,-,-,-,3970.2000,3970.0000,3968.2000,3967.8000,3966.2000,3971.0000,3972.4000,3972.6000,3972.8000,3973.4000,7,6,1,1,1,1,1,1,1,1
SF,IF2003,2019-11-04 09:31:40.500,3970.2000,10285,0,171399720.000,0,-,-,-,-,3970.2000,3970.0000,3968.2000,3967.8000,3966.2000,3971.0000,3972.4000,3972.6000,3972.8000,3973.4000,2,6,1,1,1,1,1,1,1,1
SF,IF2003,2019-11-04 09:31:41.000,3970.2000,10285,0,171399720.000,0,-,-,-,-,3970.2000,3970.0000,3968.2000,3967.8000,3966.2000,3971.0000,3972.4000,3972.6000,3972.8000,3973.4000,2,6,1,1,1,1,1,1,1,1
SF,IF2003,2019-11-04 09:31:41.500,3971.0000,10284,-1,172591020.000,1,0,1,双平,S,3970.2000,3970.0000,3968.2000,3967.8000,3966.2000,3972.4000,3972.6000,3972.8000,3973.4000,3973.8000,2,6,1,1,1,1,1,1,1,1
SF,IF2003,2019-11-04 09:31:42.000,3971.0000,10284,0,172591020.000,0,-,-,-,-,3970.2000,3970.0000,3968.2000,3967.8000,3966.2000,3972.2000,3972.4000,3972.6000,3972.8000,3973.4000,2,6,1,1,1,1,1,1,1,1
SF,IF2003,2019-11-04 09:31:42.500,3971.0000,10284,0,172591020.000,0,-,-,-,-,3970.2000,3970.0000,3968.2000,3967.8000,3966.2000,3972.4000,3972.6000,3972.8000,3973.4000,3973.8000,2,6,1,1,1,1,1,1,1,1
SF,IF2003,2019-11-04 09:31:45.500,3970.2000,10284,0,173782080.000,1,0,1,多换,S,3970.2000,3970.0000,3969.2000,3968.2000,3967.8000,3972.2000,3972.4000,3972.6000,3972.8000,3973.4000,1,6,1,1,1,1,1,1,1,1
SF,IF2003,2019-11-04 09:31:46.000,3970.2000,10284,0,173782080.000,0,-,-,-,-,3970.2000,3970.0000,3968.2000,3967.8000,3966.2000,3972.2000,3972.4000,3972.6000,3972.8000,3973.4000,1,6,1,1,1,1,1,1,1,1
SF,IF2003,2019-11-04 09:31:46.500,3970.2000,10284,0,173782080.000,0,-,-,-,-,3970.2000,3970.0000,3968.2000,3967.8000,3966.2000,3972.0000,3972.2000,3972.4000,3972.6000,3972.8000,1,6,1,1,1,1,1,1,1,1
SF,IF2003,2019-11-04 09:31:47.000,3970.2000,10284,0,173782080.000,0,-,-,-,-,3970.0000,3968.2000,3967.8000,3966.2000,3961.0000,3971.8000,3972.0000,3972.4000,3972.6000,3972.8000,6,1,1,1,1,3,1,1,1,1
SF,IF2003,2019-11-04 09:31:47.500,3970.2000,10284,0,173782080.000,0,-,-,-,-,3970.0000,3968.2000,3967.8000,3966.2000,3961.0000,3971.6000,3971.8000,3972.0000,3972.4000,3972.6000,6,1,1,1,1,1,4,1,1,1
SF,IF2003,2019-11-04 09:31:48.000,3970.0000,10288,4,178546080.000,4,4,0,双开,S,3970.0000,3968.2000,3967.8000,3966.2000,3961.0000,3971.4000,3971.6000,3971.8000,3972.0000,3972.4000,2,1,1,1,1,2,2,2,2,1
SF,IF2003,2019-11-04 09:31:48.500,3970.0000,10288,0,180928080.000,2,1,1,多换,S,3968.2000,3967.8000,3966.2000,3961.0000,3960.2000,3970.0000,3971.4000,3971.6000,3971.8000,3972.0000,1,1,1,1,1,1,2,2,2,2
SF,IF2003,2019-11-04 09:31:49.000,3970.0000,10288,0,180928080.000,0,-,-,-,-,3968.4000,3968.2000,3967.8000,3966.2000,3961.0000,3971.6000,3971.8000,3972.0000,3972.4000,3972.6000,1,1,1,1,1,2,2,1,1,1
SF,IF2003,2019-11-04 09:31:49.500,3970.0000,10288,0,180928080.000,0,-,-,-,-,3968.6000,3968.4000,3968.2000,3967.8000,3966.2000,3971.4000,3971.6000,3971.8000,3972.0000,3972.4000,1,1,1,1,1,2,2,2,1,1
SF,IF2003,2019-11-04 09:31:50.000,3970.0000,10288,0,180928080.000,0,-,-,-,-,3968.6000,3968.2000,3967.8000,3966.2000,3961.0000,3971.4000,3971.6000,3971.8000,3972.0000,3972.4000,1,1,1,1,1,2,2,1,1,1
SF,IF2003,2019-11-04 09:31:50.500,3970.0000,10288,0,180928080.000,0,-,-,-,-,3968.8000,3968.6000,3968.2000,3966.2000,3961.0000,3971.2000,3971.4000,3971.6000,3972.0000,3972.4000,1,1,1,1,1,1,2,1,1,1
SF,IF2003,2019-11-04 09:31:51.000,3971.0000,10288,0,182119380.000,1,0,1,多换,S,3968.8000,3968.6000,3968.2000,3966.2000,3961.0000,3971.0000,3971.2000,3971.6000,3972.0000,3972.4000,1,1,1,1,1,1,1,1,1,1
SF,IF2003,2019-11-04 09:31:51.500,3971.0000,10288,0,182119380.000,0,-,-,-,-,3969.0000,3968.8000,3968.6000,3968.2000,3966.2000,3971.2000,3971.6000,3972.0000,3972.4000,3972.6000,2,1,1,1,1,1,1,1,1,1
SF,IF2003,2019-11-04 09:31:52.000,3971.0000,10288,0,182119380.000,0,-,-,-,-,3969.0000,3968.8000,3968.6000,3968.2000,3964.8000,3971.2000,3971.6000,3972.0000,3972.4000,3972.6000,2,1,1,1,1,1,1,1,1,1
SF,IF2003,2019-11-04 09:31:52.500,3971.0000,10288,0,182119380.000,0,-,-,-,-,3969.0000,3968.8000,3968.6000,3968.2000,3964.8000,3971.0000,3971.2000,3971.6000,3972.0000,3972.4000,2,1,1,1,1,1,1,1,1,1
SF,IF2003,2019-11-04 09:31:53.000,3971.0000,10288,0,182119380.000,0,-,-,-,-,3969.0000,3968.6000,3968.2000,3964.8000,3961.0000,3971.0000,3971.2000,3971.6000,3972.0000,3972.4000,2,1,1,1,1,1,1,1,1,1
SF,IF2003,2019-11-04 09:31:53.500,3971.0000,10288,0,182119380.000,0,-,-,-,-,3969.2000,3969.0000,3968.6000,3968.2000,3964.8000,3971.2000,3972.0000,3972.4000,3972.6000,3972.8000,1,2,1,1,1,1,1,1,1,1
SF,IF2003,2019-11-04 09:31:54.000,3971.0000,10288,0,182119380.000,0,-,-,-,-,3969.4000,3969.2000,3969.0000,3968.6000,3968.2000,3971.2000,3972.0000,3972.4000,3972.6000,3972.8000,2,1,1,1,1,1,1,1,1,1
SF,IF2003,2019-11-04 09:31:56.500,3971.0000,10288,0,182119380.000,0,-,-,-,-,3969.4000,3969.2000,3969.0000,3968.6000,3968.2000,3971.2000,3972.0000,3972.4000,3972.6000,3972.8000,2,1,1,1,1,1,1,1,1,1
SF,IF2003,2019-11-04 09:31:57.000,3971.0000,10288,0,182119380.000,0,-,-,-,-,3969.4000,3969.2000,3969.0000,3968.6000,3968.2000,3971.0000,3971.2000,3972.0000,3972.4000,3972.6000,2,1,1,1,1,1,1,1,1,1
SF,IF2003,2019-11-04 09:31:57.500,3971.0000,10288,0,182119380.000,0,-,-,-,-,3969.4000,3969.2000,3969.0000,3968.6000,3968.2000,3971.0000,3971.2000,3972.0000,3972.4000,3972.6000,2,1,1,1,1,2,1,1,1,1
SF,IF2003,2019-11-04 09:31:58.000,3969.4000,10288,0,183310200.000,1,0,1,多换,S,3969.0000,3968.6000,3968.2000,3964.8000,3961.0000,3970.8000,3971.0000,3971.2000,3972.0000,3972.4000,1,1,1,1,1,1,2,1,1,1
SF,IF2003,2019-11-04 09:31:58.500,3969.4000,10288,0,183310200.000,0,-,-,-,-,3969.0000,3968.6000,3968.2000,3964.8000,3961.0000,3970.8000,3971.0000,3971.2000,3972.0000,3972.4000,1,1,1,1,1,2,2,1,1,1
SF,IF2003,2019-11-04 09:31:59.000,3969.4000,10288,0,183310200.000,0,-,-,-,-,3968.6000,3968.2000,3964.8000,3961.0000,3960.2000,3970.6000,3970.8000,3971.0000,3971.2000,3972.0000,1,1,1,1,1,3,2,1,1,1
SF,IF2003,2019-11-04 09:31:59.500,3969.4000,10288,0,183310200.000,0,-,-,-,-,3968.8000,3968.2000,3964.8000,3961.0000,3960.2000,3970.4000,3970.6000,3971.0000,3971.2000,3972.0000,1,1,1,1,1,1,3,1,1,1
SF,IF2003,2019-11-04 09:32:00.000,3968.8000,10287,-1,184500840.000,1,0,1,双平,S,3968.2000,3967.6000,3964.8000,3961.0000,3960.2000,3970.0000,3970.4000,3970.6000,3971.0000,3971.2000,1,1,1,1,1,2,2,1,1,1
SF,IF2003,2019-11-04 09:32:00.500,3968.8000,10287,0,184500840.000,0,-,-,-,-,3968.4000,3968.2000,3964.8000,3961.0000,3960.2000,3970.0000,3970.2000,3970.4000,3970.6000,3971.0000,2,1,1,1,1,2,1,1,1,1
SF,IF2003,2019-11-04 09:32:01.000,3968.8000,10287,0,184500840.000,0,-,-,-,-,3968.2000,3964.8000,3961.0000,3960.2000,3960.0000,3969.8000,3970.2000,3970.4000,3970.6000,3971.0000,1,1,1,1,7,1,1,1,1,1
SF,IF2003,2019-11-04 09:32:01.500,3968.8000,10287,0,184500840.000,0,-,-,-,-,3968.2000,3964.8000,3961.0000,3960.2000,3960.0000,3969.8000,3970.2000,3970.6000,3971.0000,3972.0000,1,1,1,1,7,2,1,1,1,1
SF,IF2003,2019-11-04 09:32:02.000,3968.8000,10287,0,184500840.000,0,-,-,-,-,3968.2000,3964.8000,3961.0000,3960.2000,3960.0000,3969.8000,3970.6000,3971.0000,3972.0000,3972.4000,1,1,1,1,7,2,1,2,1,1
SF,IF2003,2019-11-04 09:32:02.500,3968.8000,10287,0,184500840.000,0,-,-,-,-,3968.4000,3968.2000,3964.8000,3961.0000,3960.2000,3969.8000,3971.0000,3972.0000,3972.4000,3972.6000,3,1,1,1,1,1,2,1,1,1
SF,IF2003,2019-11-04 09:32:03.000,3968.8000,10287,0,184500840.000,0,-,-,-,-,3968.4000,3968.2000,3964.8000,3961.0000,3960.2000,3969.8000,3971.0000,3972.0000,3972.4000,3972.6000,4,1,1,1,1,2,2,1,1,1
SF,IF2003,2019-11-04 09:32:03.500,3968.8000,10287,0,184500840.000,0,-,-,-,-,3968.4000,3964.8000,3961.0000,3960.2000,3960.0000,3969.8000,3971.0000,3972.0000,3972.4000,3972.6000,1,1,1,1,7,2,2,1,1,1
SF,IF2003,2019-11-04 09:32:04.000,3968.8000,10287,0,184500840.000,0,-,-,-,-,3968.6000,3968.4000,3964.8000,3961.0000,3960.2000,3969.8000,3971.0000,3972.0000,3972.4000,3972.6000,2,1,1,1,1,2,2,1,1,1
SF,IF2003,2019-11-04 09:32:04.500,3968.8000,10287,0,184500840.000,0,-,-,-,-,3968.6000,3968.4000,3964.8000,3961.0000,3960.2000,3969.8000,3971.0000,3972.0000,3972.4000,3972.6000,2,1,1,1,1,1,2,1,1,1
SF,IF2003,2019-11-04 09:32:05.000,3968.8000,10286,-1,185691480.000,1,0,1,双平,S,3968.8000,3968.6000,3968.4000,3964.8000,3961.0000,3969.8000,3971.0000,3972.0000,3972.4000,3972.6000,1,2,1,1,1,1,2,1,1,1
SF,IF2003,2019-11-04 09:32:05.500,3968.8000,10286,0,185691480.000,0,-,-,-,-,3969.0000,3968.8000,3968.6000,3968.4000,3964.8000,3969.8000,3970.0000,3971.0000,3972.0000,3972.4000,1,1,2,1,1,1,5,2,1,1
SF,IF2003,2019-11-04 09:32:06.000,3968.8000,10286,0,185691480.000,0,-,-,-,-,3969.0000,3968.8000,3968.6000,3968.4000,3964.8000,3969.8000,3970.0000,3971.0000,3972.0000,3972.4000,1,1,1,1,1,1,5,2,1,1
SF,IF2003,2019-11-04 09:32:06.500,3968.8000,10286,0,185691480.000,0,-,-,-,-,3969.4000,3969.0000,3968.8000,3968.6000,3968.4000,3969.8000,3970.0000,3971.0000,3972.0000,3972.4000,1,1,1,1,1,1,5,2,1,1
SF,IF2003,2019-11-04 09:32:07.000,3969.4000,10285,-1,186882300.000,1,0,1,双平,S,3969.0000,3968.8000,3968.6000,3968.4000,3964.8000,3969.8000,3970.0000,3971.0000,3972.0000,3972.4000,1,1,1,1,1,1,5,2,1,1
SF,IF2003,2019-11-04 09:32:08.500,3969.4000,10285,0,186882300.000,0,-,-,-,-,3969.0000,3968.8000,3968.6000,3964.8000,3961.0000,3969.8000,3970.0000,3971.0000,3972.0000,3972.4000,1,1,1,1,1,1,5,2,1,1
SF,IF2003,2019-11-04 09:32:09.000,3969.4000,10285,0,186882300.000,0,-,-,-,-,3969.2000,3969.0000,3968.8000,3968.6000,3964.8000,3969.8000,3970.0000,3971.0000,3972.0000,3972.4000,1,1,1,1,1,1,5,2,1,1
SF,IF2003,2019-11-04 09:32:09.500,3969.2000,10284,-1,188073060.000,1,0,1,双平,S,3969.0000,3968.8000,3968.6000,3964.8000,3961.0000,3969.8000,3970.0000,3971.0000,3972.0000,3972.4000,1,1,1,1,1,1,5,2,1,1
SF,IF2003,2019-11-04 09:32:10.500,3968.8000,10283,-1,190454400.000,2,0,2,多平,S,3968.6000,3964.8000,3961.0000,3960.2000,3960.0000,3969.8000,3970.0000,3971.0000,3972.0000,3972.4000,1,1,1,1,7,1,5,2,1,1
SF,IF2003,2019-11-04 09:32:11.000,3968.8000,10283,0,190454400.000,0,-,-,-,-,3964.8000,3961.0000,3960.2000,3960.0000,3958.0000,3969.6000,3969.8000,3970.0000,3971.0000,3972.0000,1,1,1,7,1,1,1,5,2,1
SF,IF2003,2019-11-04 09:32:11.500,3968.8000,10283,0,190454400.000,0,-,-,-,-,3967.6000,3966.4000,3966.2000,3965.4000,3965.2000,3969.6000,3969.8000,3970.0000,3971.0000,3972.4000,2,3,3,1,5,1,1,5,2,1
SF,IF2003,2019-11-04 09:32:12.000,3968.8000,10283,0,190454400.000,0,-,-,-,-,3966.4000,3965.2000,3965.0000,3964.8000,3961.0000,3969.6000,3969.8000,3970.0000,3971.0000,3972.4000,2,5,2,1,1,1,1,5,2,1
SF,IF2003,2019-11-04 09:32:12.500,3968.8000,10283,0,190454400.000,0,-,-,-,-,3967.0000,3966.8000,3966.6000,3966.4000,3965.0000,3969.6000,3969.8000,3970.0000,3971.0000,3972.4000,1,3,4,2,1,1,1,5,2,1
SF,IF2003,2019-11-04 09:32:13.000,3968.8000,10283,0,190454400.000,0,-,-,-,-,3967.2000,3966.6000,3966.4000,3965.0000,3964.8000,3969.0000,3969.4000,3969.6000,3969.8000,3970.0000,1,1,2,1,1,2,2,1,1,5
SF,IF2003,2019-11-04 09:32:13.500,3967.2000,10283,0,191644560.000,1,0,1,多换,S,3966.4000,3965.0000,3964.8000,3961.0000,3960.2000,3968.8000,3969.0000,3969.4000,3969.8000,3970.0000,2,1,1,1,1,2,2,2,1,5
SF,IF2003,2019-11-04 09:32:14.000,3967.2000,10283,0,191644560.000,0,-,-,-,-,3966.6000,3966.4000,3965.0000,3964.8000,3961.0000,3968.8000,3969.0000,3969.4000,3969.8000,3970.0000,1,2,1,1,1,5,2,1,1,5
SF,IF2003,2019-11-04 09:32:14.500,3967.2000,10283,0,191644560.000,0,-,-,-,-,3966.6000,3966.4000,3965.0000,3964.8000,3961.0000,3968.6000,3968.8000,3969.0000,3969.4000,3969.8000,1,2,1,1,1,1,5,2,1,1
SF,IF2003,2019-11-04 09:32:15.000,3967.2000,10283,0,191644560.000,0,-,-,-,-,3966.6000,3965.0000,3964.8000,3961.0000,3960.2000,3968.4000,3968.6000,3968.8000,3969.0000,3969.4000,1,1,1,1,1,3,1,3,2,2
SF,IF2003,2019-11-04 09:32:15.500,3968.4000,10282,-1,192835080.000,1,0,1,双平,S,3966.6000,3965.0000,3964.8000,3961.0000,3960.2000,3968.0000,3968.4000,3968.6000,3968.8000,3969.0000,1,1,1,1,1,1,2,1,3,3
SF,IF2003,2019-11-04 09:32:16.000,3968.4000,10282,0,192835080.000,0,-,-,-,-,3966.6000,3965.0000,3964.8000,3961.0000,3960.2000,3968.6000,3968.8000,3969.0000,3969.4000,3969.8000,1,1,1,1,1,1,1,3,2,1
SF,IF2003,2019-11-04 09:32:16.500,3968.4000,10282,0,192835080.000,0,-,-,-,-,3966.6000,3965.0000,3964.8000,3961.0000,3960.2000,3968.4000,3968.8000,3969.0000,3969.4000,3969.8000,1,1,1,1,1,1,1,2,2,1
SF,IF2003,2019-11-04 09:32:17.000,3968.4000,10282,0,192835080.000,0,-,-,-,-,3966.8000,3966.6000,3965.0000,3964.8000,3961.0000,3968.4000,3968.8000,3969.0000,3969.4000,3970.0000,1,1,1,1,1,2,1,2,2,5
SF,IF2003,2019-11-04 09:32:17.500,3968.4000,10282,0,192835080.000,0,-,-,-,-,3967.0000,3966.8000,3966.6000,3965.0000,3964.8000,3968.2000,3968.4000,3968.8000,3969.0000,3969.4000,1,5,1,1,1,1,2,1,2,2
SF,IF2003,2019-11-04 09:32:18.000,3968.4000,10283,1,195216060.000,2,1,1,空开,S,3967.6000,3967.0000,3966.8000,3966.6000,3965.0000,3969.0000,3969.4000,3970.0000,3971.0000,3972.4000,2,1,5,1,1,1,2,5,2,1
SF,IF2003,2019-11-04 09:32:18.500,3969.0000,10283,0,196406760.000,1,0,1,多换,S,3967.8000,3967.6000,3967.2000,3967.0000,3966.8000,3969.4000,3970.0000,3971.0000,3972.4000,3972.6000,2,2,4,1,1,2,5,2,1,1
SF,IF2003,2019-11-04 09:32:19.000,3969.0000,10283,0,196406760.000,0,-,-,-,-,3967.8000,3967.6000,3967.2000,3967.0000,3966.6000,3969.4000,3970.0000,3971.0000,3972.4000,3972.6000,2,2,4,1,1,2,5,2,1,1
SF,IF2003,2019-11-04 09:32:19.500,3969.4000,10281,-2,198788400.000,2,0,2,双平,S,3968.6000,3968.2000,3968.0000,3967.8000,3967.6000,3970.0000,3971.0000,3972.4000,3972.6000,3973.4000,1,4,4,2,2,5,2,1,1,3
SF,IF2003,2019-11-04 09:32:20.000,3969.4000,10281,0,198788400.000,0,-,-,-,-,3968.8000,3968.2000,3968.0000,3967.8000,3967.6000,3969.8000,3970.0000,3971.0000,3972.4000,3972.6000,1,1,1,2,2,1,5,2,1,1
SF,IF2003,2019-11-04 09:32:20.500,3968.8000,10281,0,199979040.000,1,0,1,多换,S,3968.2000,3968.0000,3967.8000,3967.6000,3967.0000,3969.8000,3970.0000,3971.0000,3972.4000,3972.6000,1,1,2,2,1,1,5,2,1,1
SF,IF2003,2019-11-04 09:32:21.000,3968.8000,10281,0,199979040.000,0,-,-,-,-,3968.2000,3968.0000,3967.8000,3967.6000,3967.2000,3969.8000,3970.0000,3971.0000,3972.4000,3972.6000,1,1,2,2,1,1,5,2,1,1
SF,IF2003,2019-11-04 09:32:21.500,3968.8000,10281,0,199979040.000,0,-,-,-,-,3968.2000,3968.0000,3967.8000,3967.6000,3967.2000,3969.6000,3969.8000,3970.0000,3971.0000,3972.4000,1,1,2,2,1,1,1,5,2,1
SF,IF2003,2019-11-04 09:32:22.000,3968.8000,10281,0,199979040.000,0,-,-,-,-,3968.0000,3967.8000,3967.6000,3967.2000,3967.0000,3969.4000,3969.6000,3970.0000,3971.0000,3972.4000,1,2,2,1,1,1,1,5,2,1
SF,IF2003,2019-11-04 09:32:23.000,3968.8000,10281,0,199979040.000,0,-,-,-,-,3968.2000,3968.0000,3967.8000,3967.6000,3967.2000,3969.4000,3969.6000,3970.0000,3971.0000,3971.8000,1,1,2,2,1,1,1,5,2,1
SF,IF2003,2019-11-04 09:32:23.500,3968.8000,10281,0,199979040.000,0,-,-,-,-,3968.4000,3968.2000,3968.0000,3967.8000,3967.6000,3969.4000,3970.0000,3971.0000,3971.8000,3972.4000,1,1,1,2,2,1,5,2,1,1
SF,IF2003,2019-11-04 09:32:24.000,3968.8000,10281,0,199979040.000,0,-,-,-,-,3968.6000,3968.4000,3968.2000,3968.0000,3967.8000,3969.4000,3970.0000,3971.0000,3971.8000,3972.4000,1,1,1,1,2,1,5,2,1,1
SF,IF2003,2019-11-04 09:32:25.000,3968.8000,10281,0,199979040.000,0,-,-,-,-,3968.4000,3968.2000,3968.0000,3967.8000,3967.6000,3969.4000,3970.0000,3971.0000,3971.8000,3972.4000,1,1,1,2,2,1,5,2,1,1
SF,IF2003,2019-11-04 09:32:25.500,3968.8000,10281,0,199979040.000,0,-,-,-,-,3968.2000,3968.0000,3967.8000,3967.6000,3967.2000,3969.4000,3970.0000,3971.0000,3971.8000,3972.4000,1,1,2,2,1,1,5,2,1,1
SF,IF2003,2019-11-04 09:32:26.000,3968.8000,10281,0,199979040.000,0,-,-,-,-,3968.2000,3968.0000,3967.8000,3967.6000,3967.2000,3969.4000,3970.0000,3971.0000,3971.8000,3972.4000,1,1,2,2,1,1,5,2,1,1
SF,IF2003,2019-11-04 09:32:26.500,3968.8000,10281,0,199979040.000,0,-,-,-,-,3968.0000,3967.2000,3967.0000,3966.8000,3966.6000,3969.2000,3969.4000,3970.0000,3971.0000,3971.8000,1,1,1,4,1,1,1,5,2,1
SF,IF2003,2019-11-04 09:32:27.000,3968.8000,10281,0,199979040.000,0,-,-,-,-,3968.0000,3967.2000,3967.0000,3966.8000,3966.6000,3969.0000,3969.2000,3970.0000,3971.0000,3971.8000,1,1,1,4,1,1,1,5,2,1
SF,IF2003,2019-11-04 09:32:27.500,3968.8000,10281,0,199979040.000,0,-,-,-,-,3968.0000,3967.2000,3967.0000,3966.8000,3966.6000,3969.0000,3969.2000,3970.0000,3971.0000,3971.8000,1,1,1,4,1,1,1,5,2,1
SF,IF2003,2019-11-04 09:32:28.000,3968.8000,10281,0,199979040.000,0,-,-,-,-,3968.2000,3968.0000,3967.8000,3967.0000,3966.8000,3969.0000,3969.2000,3970.0000,3971.0000,3971.8000,1,1,1,1,4,1,1,5,2,1
SF,IF2003,2019-11-04 09:32:28.500,3968.8000,10281,0,199979040.000,0,-,-,-,-,3968.0000,3967.0000,3966.8000,3966.6000,3964.8000,3969.0000,3970.0000,3971.0000,3971.8000,3972.4000,1,1,4,1,1,1,5,2,1,1
SF,IF2003,2019-11-04 09:32:31.500,3968.0000,10280,-1,201169440.000,1,0,1,双平,S,3967.0000,3966.8000,3966.6000,3964.8000,3963.2000,3969.0000,3970.0000,3971.0000,3971.8000,3972.4000,1,4,1,1,1,1,5,2,1,1
SF,IF2003,2019-11-04 09:32:32.500,3968.0000,10280,0,201169440.000,0,-,-,-,-,3967.0000,3966.8000,3966.6000,3964.8000,3963.2000,3968.8000,3969.0000,3970.0000,3971.0000,3971.8000,1,4,1,1,1,1,1,5,2,1
SF,IF2003,2019-11-04 09:32:33.000,3968.0000,10280,0,201169440.000,0,-,-,-,-,3967.0000,3966.8000,3966.6000,3964.8000,3963.2000,3968.6000,3968.8000,3969.0000,3970.0000,3971.0000,1,4,1,1,1,2,1,2,6,2
SF,IF2003,2019-11-04 09:32:33.500,3967.0000,10279,-1,202359540.000,1,0,1,双平,S,3966.8000,3966.6000,3964.8000,3963.2000,3961.0000,3968.6000,3968.8000,3969.0000,3970.0000,3971.0000,4,1,1,1,2,3,1,2,6,2
SF,IF2003,2019-11-04 09:32:34.000,3967.0000,10279,0,202359540.000,0,-,-,-,-,3966.8000,3966.6000,3964.8000,3963.2000,3961.0000,3968.4000,3968.6000,3968.8000,3969.0000,3970.0000,4,1,1,1,2,1,3,1,2,6
SF,IF2003,2019-11-04 09:32:34.500,3966.8000,10279,0,203549580.000,1,0,1,多换,S,3966.8000,3964.8000,3963.2000,3961.0000,3960.2000,3968.2000,3968.4000,3968.6000,3968.8000,3969.0000,3,1,1,2,1,3,3,1,1,2
SF,IF2003,2019-11-04 09:32:35.000,3966.8000,10280,1,207119700.000,3,2,1,空开,S,3964.8000,3963.2000,3961.0000,3960.2000,3960.0000,3968.0000,3968.2000,3968.6000,3968.8000,3969.0000,1,1,2,1,7,2,3,1,1,2
SF,IF2003,2019-11-04 09:32:35.500,3966.8000,10280,0,207119700.000,0,-,-,-,-,3965.2000,3965.0000,3964.8000,3963.2000,3961.0000,3967.8000,3968.2000,3968.6000,3968.8000,3969.0000,5,5,2,1,2,2,1,1,1,2
SF,IF2003,2019-11-04 09:32:36.000,3966.8000,10280,0,207119700.000,0,-,-,-,-,3965.4000,3965.2000,3965.0000,3964.8000,3963.2000,3967.8000,3968.2000,3968.6000,3968.8000,3969.0000,2,3,3,2,1,3,1,1,1,2
SF,IF2003,2019-11-04 09:32:36.500,3966.8000,10280,0,207119700.000,0,-,-,-,-,3965.4000,3965.2000,3965.0000,3964.8000,3963.2000,3967.8000,3968.2000,3968.6000,3968.8000,3969.0000,3,3,2,2,1,3,1,1,1,2
SF,IF2003,2019-11-04 09:32:37.000,3966.8000,10280,0,207119700.000,0,-,-,-,-,3965.4000,3965.2000,3965.0000,3964.8000,3963.2000,3967.6000,3967.8000,3968.2000,3968.6000,3969.0000,3,3,2,2,1,1,3,1,1,2
SF,IF2003,2019-11-04 09:32:37.500,3966.8000,10280,0,207119700.000,0,-,-,-,-,3965.4000,3965.2000,3965.0000,3964.8000,3963.2000,3967.4000,3967.6000,3967.8000,3968.2000,3968.6000,2,3,2,1,1,1,1,2,1,1
SF,IF2003,2019-11-04 09:32:38.000,3966.8000,10280,0,207119700.000,0,-,-,-,-,3965.6000,3965.4000,3965.0000,3964.8000,3963.2000,3967.4000,3967.6000,3967.8000,3968.2000,3968.6000,4,2,2,1,1,1,1,2,1,1
SF,IF2003,2019-11-04 09:32:38.500,3967.4000,10279,-1,208309920.000,1,0,1,双平,S,3965.8000,3965.6000,3965.4000,3965.0000,3964.8000,3967.6000,3967.8000,3968.2000,3968.6000,3969.0000,2,4,1,2,1,1,2,2,1,2
SF,IF2003,2019-11-04 09:32:39.000,3967.4000,10279,0,208309920.000,0,-,-,-,-,3965.8000,3965.4000,3965.0000,3964.8000,3963.2000,3967.2000,3967.4000,3967.6000,3967.8000,3968.2000,1,1,2,1,1,1,3,1,2,1
SF,IF2003,2019-11-04 09:32:39.500,3967.4000,10279,0,208309920.000,0,-,-,-,-,3965.8000,3965.4000,3965.0000,3964.8000,3963.2000,3967.2000,3967.4000,3967.6000,3967.8000,3968.2000,1,1,2,1,1,1,2,1,2,1
SF,IF2003,2019-11-04 09:32:41.000,3967.4000,10279,0,208309920.000,0,-,-,-,-,3965.8000,3965.4000,3965.0000,3964.8000,3963.2000,3967.2000,3967.6000,3967.8000,3968.2000,3969.0000,1,1,2,1,1,1,1,2,1,2
SF,IF2003,2019-11-04 09:32:41.500,3967.4000,10279,0,208309920.000,0,-,-,-,-,3965.8000,3965.4000,3965.0000,3964.8000,3963.2000,3967.2000,3967.6000,3967.8000,3968.2000,3969.0000,1,1,2,1,1,1,1,2,1,2
SF,IF2003,2019-11-04 09:32:42.000,3967.2000,10278,-1,209500080.000,1,0,1,双平,S,3967.2000,3966.0000,3965.8000,3965.4000,3965.0000,3967.6000,3967.8000,3968.2000,3969.0000,3970.0000,1,5,1,1,2,1,2,1,2,6
SF,IF2003,2019-11-04 09:32:42.500,3967.6000,10277,-1,210690360.000,1,0,1,双平,S,3966.0000,3965.4000,3965.0000,3964.8000,3963.2000,3969.0000,3970.0000,3971.0000,3971.8000,3972.4000,5,1,2,1,1,1,6,2,1,1
SF,IF2003,2019-11-04 09:32:43.000,3967.6000,10277,0,210690360.000,0,-,-,-,-,3965.4000,3965.0000,3964.8000,3963.2000,3962.2000,3967.4000,3968.2000,3969.0000,3970.0000,3971.0000,1,2,1,1,1,1,4,2,6,2
SF,IF2003,2019-11-04 09:32:43.500,3967.6000,10277,0,210690360.000,0,-,-,-,-,3966.2000,3965.8000,3965.4000,3965.0000,3964.8000,3968.2000,3969.0000,3970.0000,3971.0000,3971.8000,4,5,1,2,1,1,2,6,2,1
SF,IF2003,2019-11-04 09:32:44.000,3967.6000,10277,0,210690360.000,0,-,-,-,-,3965.4000,3965.0000,3964.8000,3963.2000,3962.2000,3968.0000,3968.2000,3969.0000,3970.0000,3971.0000,1,2,1,1,1,4,1,2,6,2
SF,IF2003,2019-11-04 09:32:44.500,3967.6000,10277,0,210690360.000,0,-,-,-,-,3965.8000,3965.6000,3965.4000,3965.0000,3964.8000,3968.0000,3968.2000,3969.0000,3970.0000,3971.0000,3,6,1,2,1,2,1,2,6,2
SF,IF2003,2019-11-04 09:32:45.000,3967.6000,10277,0,210690360.000,0,-,-,-,-,3966.0000,3965.6000,3965.4000,3965.0000,3964.8000,3968.0000,3969.0000,3970.0000,3971.0000,3971.8000,1,1,1,2,1,2,2,6,2,1
SF,IF2003,2019-11-04 09:32:45.500,3967.6000,10277,0,210690360.000,0,-,-,-,-,3966.0000,3965.4000,3965.0000,3964.8000,3963.2000,3967.8000,3968.0000,3969.0000,3970.0000,3971.0000,1,1,2,1,1,2,2,2,6,2
SF,IF2003,2019-11-04 09:32:46.000,3967.6000,10277,0,210690360.000,0,-,-,-,-,3965.4000,3965.0000,3964.8000,3963.2000,3962.2000,3967.6000,3967.8000,3969.0000,3970.0000,3971.0000,1,2,1,1,1,2,4,2,6,2
SF,IF2003,2019-11-04 09:32:46.500,3967.6000,10277,0,210690360.000,0,-,-,-,-,3965.6000,3965.4000,3965.0000,3964.8000,3963.2000,3967.4000,3967.6000,3967.8000,3969.0000,3970.0000,1,1,2,1,1,1,2,4,2,6
SF,IF2003,2019-11-04 09:32:47.000,3967.6000,10277,0,210690360.000,0,-,-,-,-,3965.6000,3965.4000,3965.0000,3964.8000,3963.2000,3967.2000,3967.4000,3967.8000,3969.0000,3970.0000,1,1,2,1,1,1,1,4,2,6
SF,IF2003,2019-11-04 09:32:47.500,3965.6000,10276,-1,211880040.000,1,0,1,双平,S,3965.4000,3965.0000,3964.8000,3963.2000,3962.2000,3967.2000,3967.4000,3967.8000,3969.0000,3970.0000,1,2,2,1,1,1,1,4,2,6
SF,IF2003,2019-11-04 09:32:48.000,3965.6000,10276,0,211880040.000,0,-,-,-,-,3965.4000,3965.0000,3964.8000,3963.2000,3962.2000,3967.2000,3967.4000,3967.8000,3969.0000,3970.0000,1,2,1,1,1,1,1,4,2,6
SF,IF2003,2019-11-04 09:32:49.000,3965.6000,10276,0,211880040.000,0,-,-,-,-,3965.0000,3964.8000,3963.2000,3962.2000,3961.0000,3967.0000,3967.2000,3967.4000,3967.8000,3969.0000,1,1,1,1,2,3,1,1,1,2
SF,IF2003,2019-11-04 09:32:49.500,3965.6000,10276,0,211880040.000,0,-,-,-,-,3965.0000,3964.8000,3963.2000,3962.2000,3961.0000,3966.8000,3967.0000,3967.4000,3967.8000,3969.0000,2,1,1,1,2,2,3,1,1,2
SF,IF2003,2019-11-04 09:32:50.000,3965.6000,10276,0,211880040.000,0,-,-,-,-,3965.0000,3964.8000,3963.2000,3962.2000,3961.0000,3966.8000,3967.0000,3967.4000,3967.8000,3969.0000,1,1,1,1,2,2,3,1,1,7
SF,IF2003,2019-11-04 09:32:50.500,3965.6000,10276,0,211880040.000,0,-,-,-,-,3965.0000,3964.8000,3963.2000,3962.2000,3961.0000,3966.8000,3967.0000,3967.4000,3967.8000,3969.0000,2,1,1,1,2,2,1,1,1,7
SF,IF2003,2019-11-04 09:32:51.500,3965.6000,10276,0,211880040.000,0,-,-,-,-,3965.0000,3964.8000,3963.2000,3962.2000,3961.0000,3966.8000,3967.0000,3967.4000,3967.8000,3969.0000,1,1,1,1,2,2,1,1,1,7
SF,IF2003,2019-11-04 09:32:52.000,3965.6000,10276,0,211880040.000,0,-,-,-,-,3965.2000,3965.0000,3964.8000,3963.2000,3962.2000,3966.8000,3967.0000,3967.4000,3967.8000,3969.0000,1,2,1,1,1,2,1,1,1,7
SF,IF2003,2019-11-04 09:32:52.500,3965.6000,10276,0,211880040.000,0,-,-,-,-,3965.4000,3965.2000,3965.0000,3964.8000,3963.2000,3967.0000,3967.4000,3967.8000,3969.0000,3970.0000,1,1,2,1,1,1,1,1,2,6
SF,IF2003,2019-11-04 09:32:53.000,3965.6000,10276,0,211880040.000,0,-,-,-,-,3965.4000,3965.0000,3964.8000,3963.2000,3962.2000,3966.8000,3967.0000,3967.4000,3967.8000,3969.0000,2,2,1,1,1,1,1,1,1,2
SF,IF2003,2019-11-04 09:32:54.000,3966.8000,10275,-1,213070080.000,1,0,1,双平,S,3965.4000,3965.2000,3965.0000,3964.8000,3963.2000,3967.0000,3967.2000,3967.4000,3967.8000,3969.0000,2,1,2,1,1,1,1,1,1,2
SF,IF2003,2019-11-04 09:32:54.500,3966.8000,10275,0,213070080.000,0,-,-,-,-,3965.6000,3965.4000,3965.0000,3964.8000,3963.2000,3967.0000,3967.4000,3967.8000,3969.0000,3970.0000,1,2,2,1,1,1,1,1,2,6
SF,IF2003,2019-11-04 09:32:55.000,3966.8000,10275,0,213070080.000,0,-,-,-,-,3965.6000,3965.4000,3965.0000,3964.8000,3963.2000,3967.4000,3967.8000,3969.0000,3970.0000,3971.0000,1,2,2,1,1,1,1,2,6,2
SF,IF2003,2019-11-04 09:32:55.500,3966.8000,10275,0,213070080.000,0,-,-,-,-,3965.8000,3965.6000,3965.4000,3965.0000,3964.8000,3967.2000,3967.4000,3967.8000,3969.0000,3970.0000,1,1,2,2,1,1,1,1,2,6
SF,IF2003,2019-11-04 09:32:56.000,3966.8000,10275,0,213070080.000,0,-,-,-,-,3966.0000,3965.8000,3965.4000,3965.0000,3964.8000,3967.8000,3969.0000,3970.0000,3971.0000,3971.8000,1,1,2,2,1,1,2,6,2,1
SF,IF2003,2019-11-04 09:32:56.500,3966.8000,10275,0,213070080.000,0,-,-,-,-,3966.0000,3965.8000,3965.4000,3965.0000,3964.8000,3967.6000,3969.0000,3970.0000,3971.0000,3971.8000,1,1,2,2,1,1,2,6,2,1
SF,IF2003,2019-11-04 09:32:57.000,3967.6000,10274,-1,214260360.000,1,0,1,双平,S,3966.2000,3966.0000,3965.8000,3965.6000,3965.4000,3968.6000,3969.0000,3970.0000,3971.0000,3971.8000,2,1,1,1,2,1,2,6,2,1
SF,IF2003,2019-11-04 09:32:57.500,3967.6000,10274,0,214260360.000,0,-,-,-,-,3966.4000,3966.2000,3965.8000,3965.6000,3965.4000,3968.4000,3968.6000,3969.0000,3970.0000,3971.0000,4,2,1,1,2,1,1,2,6,2
SF,IF2003,2019-11-04 09:32:58.000,3966.4000,10268,-6,221400600.000,6,0,6,双平,S,3966.4000,3966.2000,3965.8000,3965.6000,3965.4000,3968.4000,3969.0000,3970.0000,3971.0000,3971.8000,3,1,1,1,1,1,2,6,2,1
SF,IF2003,2019-11-04 09:32:58.500,3966.8000,10267,-1,224971860.000,3,1,2,多平,S,3966.8000,3966.6000,3966.4000,3966.2000,3965.8000,3969.4000,3970.0000,3971.0000,3971.8000,3972.4000,5,4,2,1,1,1,6,2,1,1
SF,IF2003,2019-11-04 09:32:59.000,3966.8000,10267,0,224971860.000,0,-,-,-,-,3967.6000,3967.0000,3966.8000,3966.6000,3966.4000,3969.4000,3970.0000,3971.0000,3971.8000,3972.4000,1,6,5,2,2,1,6,2,1,1
SF,IF2003,2019-11-04 09:32:59.500,3966.8000,10267,0,224971860.000,0,-,-,-,-,3967.8000,3967.6000,3967.0000,3966.8000,3966.6000,3969.4000,3970.0000,3971.0000,3971.8000,3972.4000,1,1,3,4,2,1,6,2,1,1
SF,IF2003,2019-11-04 09:33:00.000,3966.8000,10267,0,224971860.000,0,-,-,-,-,3968.0000,3967.8000,3967.6000,3967.2000,3967.0000,3969.4000,3970.0000,3971.0000,3971.8000,3972.4000,1,1,1,1,3,1,6,2,1,1
SF,IF2003,2019-11-04 09:33:00.500,3966.8000,10267,0,224971860.000,0,-,-,-,-,3968.6000,3968.2000,3968.0000,3967.8000,3967.6000,3970.0000,3971.0000,3971.8000,3972.4000,3972.6000,1,2,2,1,2,6,2,1,1,1
SF,IF2003,2019-11-04 09:33:01.000,3966.8000,10267,0,224971860.000,0,-,-,-,-,3968.0000,3967.8000,3967.6000,3967.4000,3967.2000,3969.8000,3970.0000,3971.0000,3971.8000,3972.4000,2,1,2,1,1,1,6,2,1,1
SF,IF2003,2019-11-04 09:33:01.500,3966.8000,10267,0,224971860.000,0,-,-,-,-,3968.0000,3967.8000,3967.6000,3967.4000,3967.2000,3969.6000,3969.8000,3970.0000,3971.0000,3971.8000,2,1,2,1,1,1,4,6,2,1
SF,IF2003,2019-11-04 09:33:02.000,3966.8000,10267,0,224971860.000,0,-,-,-,-,3968.2000,3968.0000,3967.8000,3967.6000,3967.4000,3970.0000,3971.0000,3971.8000,3972.4000,3972.6000,2,2,1,2,1,6,2,1,1,1
SF,IF2003,2019-11-04 09:33:02.500,3966.8000,10267,0,224971860.000,0,-,-,-,-,3968.4000,3968.2000,3968.0000,3967.8000,3967.6000,3969.8000,3970.0000,3971.0000,3971.8000,3972.4000,1,2,1,1,2,1,6,2,1,1
SF,IF2003,2019-11-04 09:33:03.000,3966.8000,10267,0,224971860.000,0,-,-,-,-,3968.6000,3968.4000,3968.0000,3967.8000,3967.6000,3970.0000,3971.0000,3971.8000,3972.4000,3972.6000,3,2,1,1,2,6,2,1,1,1
SF,IF2003,2019-11-04 09:33:03.500,3966.8000,10267,0,224971860.000,0,-,-,-,-,3968.6000,3968.4000,3968.0000,3967.8000,3967.6000,3970.0000,3971.0000,3971.8000,3972.4000,3972.6000,3,2,1,1,2,6,2,1,1,1
SF,IF2003,2019-11-04 09:33:04.000,3966.8000,10267,0,224971860.000,0,-,-,-,-,3968.6000,3968.4000,3968.0000,3967.8000,3967.6000,3970.0000,3971.0000,3971.8000,3972.4000,3972.6000,3,2,1,1,2,6,2,1,1,1
SF,IF2003,2019-11-04 09:33:04.500,3970.0000,10267,0,227353860.000,2,1,1,多换,S,3969.6000,3969.2000,3969.0000,3968.8000,3968.6000,3970.0000,3971.0000,3971.8000,3972.4000,3972.6000,1,1,1,1,3,4,2,1,1,1
SF,IF2003,2019-11-04 09:33:05.000,3970.0000,10265,-2,232117860.000,4,1,3,多平,S,3969.6000,3969.0000,3968.8000,3968.6000,3968.4000,3971.0000,3971.8000,3972.4000,3972.6000,3973.2000,1,1,4,1,2,2,1,1,1,5
SF,IF2003,2019-11-04 09:33:05.500,3970.0000,10265,0,232117860.000,0,-,-,-,-,3969.6000,3969.0000,3968.8000,3968.6000,3968.4000,3970.8000,3971.0000,3971.8000,3972.4000,3972.6000,1,1,4,1,2,1,2,1,1,1
SF,IF2003,2019-11-04 09:33:06.000,3970.0000,10265,0,232117860.000,0,-,-,-,-,3969.6000,3969.0000,3968.8000,3968.6000,3968.4000,3970.8000,3971.0000,3971.8000,3972.4000,3972.6000,1,1,4,1,2,1,2,1,1,1
SF,IF2003,2019-11-04 09:33:06.500,3970.0000,10265,0,232117860.000,0,-,-,-,-,3969.6000,3969.0000,3968.8000,3968.6000,3968.4000,3970.8000,3971.0000,3971.8000,3972.4000,3972.6000,1,1,4,1,2,1,2,1,1,1
SF,IF2003,2019-11-04 09:33:07.000,3970.0000,10265,0,232117860.000,0,-,-,-,-,3969.6000,3969.0000,3968.8000,3968.6000,3968.4000,3970.8000,3971.0000,3971.8000,3972.4000,3972.6000,1,1,4,1,2,1,2,1,1,1
SF,IF2003,2019-11-04 09:33:07.500,3970.0000,10265,0,232117860.000,0,-,-,-,-,3969.8000,3969.6000,3969.0000,3968.8000,3968.4000,3971.0000,3971.8000,3972.4000,3972.6000,3973.4000,2,1,1,4,2,2,1,1,1,3
SF,IF2003,2019-11-04 09:33:08.000,3971.0000,10266,1,233309160.000,1,1,0,双开,S,3970.4000,3970.2000,3970.0000,3969.8000,3969.6000,3971.0000,3971.8000,3972.4000,3972.6000,3973.4000,2,1,1,5,1,1,1,1,1,3
SF,IF2003,2019-11-04 09:33:08.500,3971.0000,10265,-1,234500460.000,1,0,1,双平,S,3970.6000,3970.4000,3970.2000,3970.0000,3969.8000,3971.8000,3972.4000,3972.6000,3973.4000,3973.6000,1,1,1,1,4,1,1,1,3,6
SF,IF2003,2019-11-04 09:33:09.000,3971.0000,10265,0,234500460.000,0,-,-,-,-,3970.6000,3970.4000,3970.2000,3970.0000,3969.8000,3971.8000,3972.4000,3972.6000,3973.4000,3973.6000,1,1,1,1,4,1,1,1,3,6
SF,IF2003,2019-11-04 09:33:09.500,3971.0000,10265,0,234500460.000,0,-,-,-,-,3970.6000,3970.4000,3970.2000,3970.0000,3969.8000,3971.8000,3972.4000,3972.6000,3973.4000,3973.8000,1,1,1,1,4,1,1,1,3,1
SF,IF2003,2019-11-04 09:33:10.000,3971.0000,10265,0,234500460.000,0,-,-,-,-,3970.6000,3970.4000,3970.2000,3970.0000,3969.8000,3971.8000,3972.4000,3972.6000,3973.4000,3975.8000,1,1,1,1,4,1,1,1,3,1
SF,IF2003,2019-11-04 09:33:10.500,3971.0000,10265,0,234500460.000,0,-,-,-,-,3970.0000,3969.8000,3969.6000,3969.0000,3968.8000,3971.6000,3971.8000,3972.4000,3972.6000,3973.4000,1,4,1,1,1,1,1,1,1,3
SF,IF2003,2019-11-04 09:33:11.000,3971.0000,10265,0,234500460.000,0,-,-,-,-,3970.2000,3970.0000,3969.8000,3969.6000,3969.0000,3971.6000,3971.8000,3972.4000,3972.6000,3973.4000,1,1,4,1,1,1,1,1,1,3
SF,IF2003,2019-11-04 09:33:11.500,3971.0000,10265,0,234500460.000,0,-,-,-,-,3970.8000,3970.4000,3970.2000,3970.0000,3969.8000,3971.8000,3972.4000,3972.6000,3973.4000,3975.8000,1,2,5,1,1,1,1,1,3,1
SF,IF2003,2019-11-04 09:33:12.000,3970.8000,10265,0,235691700.000,1,0,1,多换,S,3970.4000,3970.2000,3970.0000,3969.8000,3969.6000,3971.6000,3971.8000,3972.4000,3972.6000,3973.4000,1,2,1,1,1,1,1,1,1,3
SF,IF2003,2019-11-04 09:33:12.500,3970.8000,10265,0,235691700.000,0,-,-,-,-,3970.2000,3970.0000,3969.8000,3969.6000,3969.0000,3971.6000,3971.8000,3972.4000,3972.6000,3973.4000,1,1,1,1,1,1,1,1,1,1
SF,IF2003,2019-11-04 09:33:13.000,3970.2000,10264,-1,236882760.000,1,0,1,双平,S,3969.8000,3969.6000,3969.0000,3968.8000,3968.4000,3971.6000,3971.8000,3972.4000,3972.6000,3973.4000,1,1,1,1,2,1,1,1,1,1
SF,IF2003,2019-11-04 09:33:13.500,3970.2000,10264,0,236882760.000,0,-,-,-,-,3969.6000,3969.0000,3968.8000,3968.4000,3968.0000,3971.2000,3971.4000,3971.6000,3971.8000,3972.4000,1,1,1,1,1,1,3,1,1,1
SF,IF2003,2019-11-04 09:33:14.000,3970.2000,10264,0,236882760.000,0,-,-,-,-,3969.6000,3969.0000,3968.8000,3968.4000,3968.0000,3971.0000,3971.2000,3971.4000,3971.8000,3972.4000,1,1,1,1,1,1,1,1,1,1
SF,IF2003,2019-11-04 09:33:16.000,3970.2000,10264,0,236882760.000,0,-,-,-,-,3969.8000,3969.6000,3969.0000,3968.8000,3968.4000,3971.0000,3971.8000,3972.4000,3972.6000,3973.4000,1,1,1,1,1,1,1,1,1,1
SF,IF2003,2019-11-04 09:33:16.500,3970.2000,10264,0,236882760.000,0,-,-,-,-,3969.6000,3969.0000,3968.8000,3968.4000,3968.0000,3970.6000,3970.8000,3971.0000,3971.8000,3972.4000,1,1,1,1,1,1,1,1,1,1
SF,IF2003,2019-11-04 09:33:17.000,3970.2000,10264,0,236882760.000,0,-,-,-,-,3969.6000,3968.4000,3968.0000,3967.8000,3967.0000,3970.4000,3970.6000,3970.8000,3971.8000,3972.4000,1,1,1,1,1,2,1,4,1,1
SF,IF2003,2019-11-04 09:33:17.500,3969.6000,10265,1,238073640.000,1,1,0,双开,S,3968.4000,3968.0000,3967.8000,3967.0000,3966.8000,3970.4000,3970.6000,3970.8000,3971.8000,3972.4000,1,1,1,1,5,4,1,2,1,1
SF,IF2003,2019-11-04 09:33:18.000,3970.2000,10265,0,240455820.000,2,1,1,多换,S,3969.0000,3968.6000,3968.4000,3968.0000,3967.8000,3970.6000,3970.8000,3971.2000,3971.8000,3972.4000,1,2,1,1,1,1,1,1,1,1
SF,IF2003,2019-11-04 09:33:18.500,3970.2000,10265,0,240455820.000,0,-,-,-,-,3969.2000,3968.0000,3967.8000,3967.0000,3966.8000,3970.2000,3970.8000,3971.8000,3972.4000,3972.6000,1,1,1,1,5,1,1,1,1,1
SF,IF2003,2019-11-04 09:33:19.000,3970.2000,10265,0,240455820.000,0,-,-,-,-,3969.2000,3968.0000,3967.8000,3967.0000,3966.8000,3970.8000,3971.8000,3972.4000,3972.6000,3973.4000,1,1,1,1,5,1,1,1,1,1
SF,IF2003,2019-11-04 09:33:19.500,3970.2000,10265,0,240455820.000,0,-,-,-,-,3969.2000,3969.0000,3968.0000,3967.8000,3967.0000,3970.6000,3970.8000,3971.8000,3972.4000,3972.6000,1,1,1,1,1,2,1,1,1,1
SF,IF2003,2019-11-04 09:33:20.000,3970.2000,10265,0,240455820.000,0,-,-,-,-,3969.2000,3969.0000,3968.0000,3967.8000,3967.0000,3970.6000,3970.8000,3971.8000,3972.4000,3972.6000,1,1,1,1,1,1,1,1,1,1
SF,IF2003,2019-11-04 09:33:20.500,3970.2000,10265,0,240455820.000,0,-,-,-,-,3969.2000,3969.0000,3968.0000,3967.8000,3967.0000,3970.8000,3971.8000,3972.4000,3972.6000,3973.4000,1,1,1,1,1,1,1,1,1,1
SF,IF2003,2019-11-04 09:33:21.000,3970.2000,10265,0,240455820.000,0,-,-,-,-,3969.2000,3968.0000,3967.8000,3967.0000,3966.8000,3970.2000,3970.4000,3970.8000,3971.8000,3972.4000,1,1,1,1,5,1,1,1,1,1
SF,IF2003,2019-11-04 09:33:21.500,3970.2000,10265,0,240455820.000,0,-,-,-,-,3969.2000,3969.0000,3968.0000,3967.8000,3967.0000,3970.8000,3971.8000,3972.4000,3972.6000,3973.4000,1,1,1,1,1,1,1,1,1,1
SF,IF2003,2019-11-04 09:33:22.000,3970.2000,10265,0,240455820.000,0,-,-,-,-,3969.2000,3968.0000,3967.8000,3967.0000,3966.8000,3970.4000,3970.6000,3970.8000,3971.8000,3972.4000,1,1,1,1,5,1,2,1,1,1
SF,IF2003,2019-11-04 09:33:23.000,3970.2000,10265,0,240455820.000,0,-,-,-,-,3969.2000,3969.0000,3968.0000,3967.8000,3967.0000,3970.4000,3970.6000,3970.8000,3971.8000,3972.4000,1,1,1,1,1,1,2,1,1,1
SF,IF2003,2019-11-04 09:33:23.500,3970.2000,10265,0,240455820.000,0,-,-,-,-,3969.2000,3968.0000,3967.8000,3967.0000,3966.8000,3970.2000,3970.4000,3970.8000,3971.8000,3972.4000,1,1,1,1,5,3,1,1,1,1
SF,IF2003,2019-11-04 09:33:24.000,3970.2000,10265,0,240455820.000,0,-,-,-,-,3969.2000,3968.0000,3967.8000,3967.0000,3966.8000,3970.0000,3970.2000,3970.8000,3971.8000,3972.4000,1,1,1,1,5,1,3,1,1,1
SF,IF2003,2019-11-04 09:33:25.000,3970.0000,10265,0,241646820.000,1,0,1,多换,S,3969.2000,3968.0000,3967.8000,3967.0000,3966.8000,3970.2000,3970.8000,3971.8000,3972.4000,3972.6000,1,1,1,1,5,3,1,1,1,1
SF,IF2003,2019-11-04 09:33:25.500,3970.0000,10265,0,241646820.000,0,-,-,-,-,3969.2000,3969.0000,3968.0000,3967.8000,3967.0000,3970.2000,3970.8000,3971.8000,3972.4000,3972.6000,1,1,1,1,1,2,1,1,1,1
SF,IF2003,2019-11-04 09:33:26.000,3970.0000,10265,0,241646820.000,0,-,-,-,-,3969.2000,3969.0000,3968.0000,3967.8000,3967.0000,3970.8000,3971.8000,3972.4000,3972.6000,3973.4000,1,1,1,1,1,1,1,1,1,1
SF,IF2003,2019-11-04 09:33:26.500,3970.0000,10265,0,241646820.000,0,-,-,-,-,3969.2000,3969.0000,3968.0000,3967.8000,3967.0000,3971.8000,3972.4000,3972.6000,3973.4000,3975.8000,1,1,1,1,1,1,1,1,1,1
SF,IF2003,2019-11-04 09:33:27.000,3970.0000,10265,0,241646820.000,0,-,-,-,-,3969.4000,3969.2000,3969.0000,3968.0000,3967.8000,3971.6000,3971.8000,3972.4000,3972.6000,3973.4000,3,1,1,1,1,1,1,1,1,1
SF,IF2003,2019-11-04 09:33:27.500,3970.0000,10265,0,241646820.000,0,-,-,-,-,3969.6000,3969.4000,3969.0000,3968.0000,3967.8000,3971.6000,3971.8000,3972.4000,3972.6000,3973.4000,2,3,1,1,1,1,1,1,1,1
SF,IF2003,2019-11-04 09:33:28.000,3970.0000,10265,0,241646820.000,0,-,-,-,-,3970.8000,3969.6000,3969.4000,3969.0000,3968.0000,3971.6000,3971.8000,3972.4000,3972.6000,3973.4000,1,2,3,1,1,1,1,1,1,1
SF,IF2003,2019-11-04 09:33:28.500,3970.0000,10265,0,241646820.000,0,-,-,-,-,3970.8000,3969.4000,3969.0000,3968.0000,3967.8000,3971.4000,3971.6000,3971.8000,3972.4000,3972.6000,1,3,1,1,1,2,1,1,1,1
SF,IF2003,2019-11-04 09:33:30.000,3970.2000,10266,1,242837880.000,1,1,0,双开,S,3969.4000,3969.0000,3968.0000,3967.8000,3967.0000,3971.4000,3971.6000,3971.8000,3972.4000,3972.6000,3,1,1,1,1,2,1,1,1,1
SF,IF2003,2019-11-04 09:33:30.500,3970.2000,10266,0,242837880.000,0,-,-,-,-,3969.6000,3969.4000,3969.0000,3968.0000,3967.8000,3971.4000,3971.6000,3971.8000,3972.4000,3972.6000,3,3,1,1,1,2,1,1,1,1
SF,IF2003,2019-11-04 09:33:31.500,3969.6000,10266,0,246410520.000,3,1,2,多换,S,3969.4000,3969.0000,3968.0000,3967.8000,3967.0000,3970.2000,3971.2000,3971.4000,3971.6000,3971.8000,2,1,2,1,1,1,2,2,1,1
SF,IF2003,2019-11-04 09:33:32.000,3969.0000,10264,-2,249982860.000,3,0,3,多平,S,3968.0000,3967.8000,3967.0000,3966.8000,3966.6000,3970.2000,3971.2000,3971.4000,3971.6000,3971.8000,1,1,1,5,1,1,2,2,1,1
SF,IF2003,2019-11-04 09:33:32.500,3969.0000,10264,0,249982860.000,0,-,-,-,-,3968.0000,3967.8000,3967.0000,3966.8000,3966.6000,3970.0000,3970.2000,3971.2000,3971.8000,3972.4000,1,1,1,5,1,5,1,2,1,1
SF,IF2003,2019-11-04 09:33:33.000,3969.0000,10264,0,249982860.000,0,-,-,-,-,3967.8000,3967.0000,3966.8000,3966.6000,3966.4000,3969.8000,3970.0000,3971.2000,3971.8000,3972.4000,1,1,5,1,1,3,5,2,1,1
SF,IF2003,2019-11-04 09:33:33.500,3969.0000,10264,0,249982860.000,0,-,-,-,-,3968.0000,3967.8000,3967.6000,3967.0000,3966.8000,3970.0000,3971.2000,3971.8000,3972.4000,3972.6000,1,1,2,1,5,2,2,1,1,1
SF,IF2003,2019-11-04 09:33:34.000,3969.0000,10264,0,249982860.000,0,-,-,-,-,3968.0000,3967.8000,3967.6000,3967.0000,3966.8000,3969.8000,3970.0000,3971.2000,3971.8000,3972.4000,2,1,2,1,5,3,2,2,1,1
SF,IF2003,2019-11-04 09:33:34.500,3969.0000,10264,0,249982860.000,0,-,-,-,-,3968.0000,3967.8000,3967.6000,3967.0000,3966.8000,3969.8000,3970.0000,3971.2000,3971.8000,3972.4000,2,1,2,1,5,3,2,2,1,1
SF,IF2003,2019-11-04 09:33:35.000,3969.0000,10264,0,249982860.000,0,-,-,-,-,3968.0000,3967.8000,3967.6000,3967.0000,3966.8000,3969.8000,3970.0000,3971.2000,3971.8000,3972.4000,2,1,2,1,5,3,2,2,1,1
SF,IF2003,2019-11-04 09:33:35.500,3969.0000,10264,0,249982860.000,0,-,-,-,-,3968.6000,3968.2000,3968.0000,3967.8000,3967.6000,3969.8000,3970.0000,3971.2000,3971.8000,3972.4000,1,1,2,1,3,3,2,2,1,1
SF,IF2003,2019-11-04 09:33:36.000,3969.0000,10264,0,249982860.000,0,-,-,-,-,3968.6000,3968.2000,3968.0000,3967.8000,3967.6000,3969.8000,3970.0000,3971.2000,3971.8000,3972.4000,1,1,1,1,3,2,2,2,1,1
SF,IF2003,2019-11-04 09:33:36.500,3969.0000,10264,0,249982860.000,0,-,-,-,-,3968.6000,3968.2000,3968.0000,3967.8000,3967.6000,3969.6000,3969.8000,3970.0000,3971.2000,3971.8000,1,1,1,1,3,1,2,2,2,1
SF,IF2003,2019-11-04 09:33:37.000,3969.0000,10264,0,249982860.000,0,-,-,-,-,3968.6000,3968.2000,3968.0000,3967.8000,3967.6000,3969.4000,3969.6000,3970.0000,3971.2000,3971.8000,1,1,1,1,3,2,3,2,2,1
SF,IF2003,2019-11-04 09:33:37.500,3968.6000,10264,0,251173440.000,1,0,1,多换,S,3968.2000,3967.8000,3967.6000,3967.0000,3966.8000,3969.2000,3969.4000,3970.0000,3971.2000,3971.8000,1,1,3,1,5,2,3,2,1,1
SF,IF2003,2019-11-04 09:33:38.000,3968.6000,10264,0,251173440.000,0,-,-,-,-,3968.2000,3967.6000,3966.8000,3966.6000,3966.4000,3969.0000,3969.2000,3969.4000,3970.0000,3971.2000,1,1,5,1,1,3,3,1,1,1
SF,IF2003,2019-11-04 09:33:38.500,3969.0000,10264,0,252364140.000,1,0,1,多换,S,3967.8000,3967.6000,3966.8000,3966.6000,3966.4000,3969.8000,3970.0000,3971.2000,3971.8000,3972.4000,1,1,5,1,1,1,1,1,1,1
SF,IF2003,2019-11-04 09:33:39.000,3969.0000,10264,0,252364140.000,0,-,-,-,-,3967.8000,3967.6000,3966.8000,3966.6000,3966.4000,3969.4000,3969.6000,3970.0000,3971.2000,3971.8000,2,3,5,1,1,1,2,1,1,1
SF,IF2003,2019-11-04 09:33:39.500,3969.0000,10264,0,252364140.000,0,-,-,-,-,3967.8000,3967.6000,3966.8000,3966.6000,3966.4000,3969.2000,3969.4000,3969.6000,3970.0000,3971.2000,1,3,5,1,1,2,1,4,1,1
SF,IF2003,2019-11-04 09:33:40.000,3969.0000,10264,0,252364140.000,0,-,-,-,-,3967.8000,3967.6000,3966.8000,3966.6000,3966.4000,3969.2000,3969.4000,3969.6000,3970.0000,3971.2000,1,3,5,1,1,1,1,4,2,1
SF,IF2003,2019-11-04 09:33:41.500,3969.0000,10264,0,252364140.000,0,-,-,-,-,3967.8000,3967.6000,3966.8000,3966.6000,3966.4000,3969.2000,3969.4000,3969.6000,3970.0000,3971.2000,2,3,5,1,1,1,1,4,2,1
SF,IF2003,2019-11-04 09:33:42.000,3969.0000,10264,0,252364140.000,0,-,-,-,-,3967.8000,3967.6000,3966.8000,3966.6000,3966.4000,3969.6000,3970.0000,3971.2000,3971.8000,3972.4000,2,3,5,1,1,1,1,1,1,1
SF,IF2003,2019-11-04 09:33:42.500,3969.0000,10264,0,252364140.000,0,-,-,-,-,3967.8000,3967.6000,3966.8000,3966.6000,3966.4000,3969.4000,3969.6000,3970.0000,3971.2000,3971.8000,2,3,5,1,1,1,1,1,1,1
SF,IF2003,2019-11-04 09:33:43.000,3969.0000,10264,0,252364140.000,0,-,-,-,-,3968.0000,3967.8000,3967.6000,3966.8000,3966.6000,3970.0000,3971.2000,3971.8000,3972.4000,3972.6000,6,2,3,5,1,1,1,1,1,1
SF,IF2003,2019-11-04 09:33:43.500,3969.0000,10264,0,252364140.000,0,-,-,-,-,3968.2000,3968.0000,3967.8000,3967.6000,3966.8000,3969.8000,3970.0000,3971.2000,3971.8000,3972.4000,1,1,1,3,5,2,1,1,1,1
SF,IF2003,2019-11-04 09:33:44.000,3969.0000,10264,0,252364140.000,0,-,-,-,-,3968.4000,3968.2000,3968.0000,3967.8000,3967.6000,3970.0000,3971.2000,3971.8000,3972.4000,3972.6000,4,5,1,1,3,1,1,1,1,1
SF,IF2003,2019-11-04 09:33:44.500,3969.0000,10264,0,252364140.000,0,-,-,-,-,3968.6000,3968.4000,3968.2000,3968.0000,3967.8000,3970.0000,3971.2000,3971.8000,3972.4000,3972.6000,2,4,4,1,1,1,1,1,1,1
SF,IF2003,2019-11-04 09:33:45.000,3969.0000,10264,0,252364140.000,0,-,-,-,-,3969.0000,3968.8000,3968.6000,3968.4000,3968.2000,3970.0000,3971.2000,3971.8000,3972.4000,3972.6000,1,1,3,4,3,1,1,1,1,1
SF,IF2003,2019-11-04 09:33:45.500,3970.0000,10264,0,253555140.000,1,0,1,多换,S,3969.2000,3969.0000,3968.8000,3968.6000,3968.4000,3971.2000,3971.8000,3972.4000,3972.6000,3973.4000,1,1,4,1,1,1,1,1,1,1
SF,IF2003,2019-11-04 09:33:46.000,3970.0000,10264,0,253555140.000,0,-,-,-,-,3969.2000,3969.0000,3968.8000,3968.6000,3968.4000,3971.0000,3971.2000,3971.8000,3972.4000,3972.6000,1,1,4,1,1,4,1,1,1,1
SF,IF2003,2019-11-04 09:33:46.500,3970.0000,10264,0,253555140.000,0,-,-,-,-,3969.2000,3969.0000,3968.8000,3968.6000,3968.4000,3971.0000,3971.2000,3971.8000,3972.4000,3972.6000,1,1,1,1,1,5,1,1,1,1
SF,IF2003,2019-11-04 09:33:47.000,3970.0000,10264,0,253555140.000,0,-,-,-,-,3969.2000,3969.0000,3968.8000,3968.6000,3968.4000,3970.8000,3971.0000,3971.2000,3971.8000,3972.4000,1,1,1,1,1,1,5,1,1,1
SF,IF2003,2019-11-04 09:33:47.500,3970.0000,10264,0,253555140.000,0,-,-,-,-,3969.2000,3969.0000,3968.8000,3968.6000,3968.4000,3970.6000,3970.8000,3971.0000,3971.2000,3971.8000,1,1,1,1,1,1,1,4,1,1
SF,IF2003,2019-11-04 09:33:48.000,3970.0000,10264,0,253555140.000,0,-,-,-,-,3969.2000,3969.0000,3968.8000,3968.6000,3968.4000,3970.4000,3970.6000,3970.8000,3971.0000,3971.2000,1,1,1,1,1,1,1,1,4,1
SF,IF2003,2019-11-04 09:33:48.500,3970.0000,10264,0,253555140.000,0,-,-,-,-,3969.2000,3969.0000,3968.8000,3968.6000,3968.4000,3970.8000,3971.0000,3971.2000,3971.8000,3972.4000,1,1,1,1,1,1,2,1,1,1
SF,IF2003,2019-11-04 09:33:49.500,3970.8000,10264,0,254746380.000,1,0,1,多换,S,3969.2000,3969.0000,3968.8000,3968.6000,3968.4000,3971.0000,3971.2000,3971.8000,3972.4000,3972.6000,1,1,1,1,1,2,1,1,1,1
SF,IF2003,2019-11-04 09:33:50.000,3970.8000,10264,0,254746380.000,0,-,-,-,-,3969.2000,3969.0000,3968.8000,3968.6000,3968.4000,3970.8000,3971.2000,3971.8000,3972.4000,3972.6000,1,1,1,1,1,1,1,1,1,1
SF,IF2003,2019-11-04 09:33:50.500,3970.8000,10264,0,254746380.000,0,-,-,-,-,3969.4000,3969.2000,3969.0000,3968.8000,3968.4000,3970.8000,3971.2000,3971.8000,3972.4000,3972.6000,4,1,1,1,1,1,1,1,1,1
SF,IF2003,2019-11-04 09:33:51.000,3970.8000,10264,0,254746380.000,0,-,-,-,-,3969.6000,3969.4000,3969.0000,3968.8000,3968.4000,3970.8000,3971.8000,3972.4000,3972.6000,3973.4000,1,4,1,1,1,1,1,1,1,1
SF,IF2003,2019-11-04 09:33:52.000,3970.8000,10264,0,254746380.000,0,-,-,-,-,3969.6000,3969.0000,3968.8000,3968.4000,3968.2000,3970.8000,3971.8000,3972.4000,3972.6000,3973.4000,1,1,1,1,3,1,1,1,1,1
SF,IF2003,2019-11-04 09:33:54.500,3970.8000,10264,0,254746380.000,0,-,-,-,-,3969.6000,3969.0000,3968.8000,3968.4000,3968.2000,3970.6000,3970.8000,3971.8000,3972.4000,3972.6000,1,1,1,1,3,2,1,1,1,1
SF,IF2003,2019-11-04 09:33:55.000,3970.8000,10264,0,254746380.000,0,-,-,-,-,3969.0000,3968.8000,3968.4000,3968.2000,3968.0000,3971.8000,3972.4000,3972.6000,3973.4000,3975.8000,1,1,1,3,1,1,1,1,1,1
SF,IF2003,2019-11-04 09:33:55.500,3970.8000,10264,0,254746380.000,0,-,-,-,-,3969.0000,3968.8000,3968.4000,3968.2000,3968.0000,3971.0000,3971.2000,3971.6000,3971.8000,3972.4000,1,1,1,3,1,1,3,4,1,1
SF,IF2003,2019-11-04 09:33:56.000,3970.8000,10264,0,254746380.000,0,-,-,-,-,3969.2000,3969.0000,3968.8000,3968.4000,3968.2000,3970.8000,3971.0000,3971.6000,3971.8000,3972.4000,1,1,1,1,3,1,1,4,1,1
SF,IF2003,2019-11-04 09:33:57.500,3970.8000,10264,0,254746380.000,0,-,-,-,-,3969.4000,3969.2000,3969.0000,3968.8000,3968.4000,3970.6000,3970.8000,3971.0000,3971.6000,3971.8000,1,1,1,1,1,2,1,2,2,1
SF,IF2003,2019-11-04 09:33:58.000,3970.8000,10264,0,255937620.000,1,0,1,多换,S,3969.4000,3969.0000,3968.8000,3968.4000,3968.2000,3970.6000,3971.0000,3971.6000,3971.8000,3972.4000,1,1,1,1,3,1,1,2,1,1
SF,IF2003,2019-11-04 09:33:58.500,3970.8000,10264,0,255937620.000,0,-,-,-,-,3969.4000,3969.0000,3968.8000,3968.4000,3968.2000,3971.6000,3971.8000,3972.4000,3972.6000,3973.4000,1,1,1,1,3,2,1,1,1,1
SF,IF2003,2019-11-04 09:33:59.000,3970.8000,10264,0,255937620.000,0,-,-,-,-,3969.4000,3969.0000,3968.8000,3968.4000,3968.2000,3971.0000,3971.4000,3971.6000,3971.8000,3972.4000,1,1,1,1,3,1,4,2,1,1
SF,IF2003,2019-11-04 09:33:59.500,3970.8000,10264,0,255937620.000,0,-,-,-,-,3969.4000,3969.0000,3968.8000,3968.4000,3968.2000,3970.8000,3971.0000,3971.6000,3971.8000,3972.4000,1,1,1,1,3,4,1,2,1,1
SF,IF2003,2019-11-04 09:34:00.000,3970.8000,10264,0,255937620.000,0,-,-,-,-,3969.6000,3969.4000,3969.0000,3968.8000,3968.4000,3970.8000,3971.6000,3971.8000,3972.4000,3972.6000,1,1,1,1,1,4,2,1,1,1
SF,IF2003,2019-11-04 09:34:00.500,3969.6000,10263,-1,257128500.000,1,0,1,双平,S,3969.0000,3968.8000,3968.4000,3968.2000,3968.0000,3970.6000,3970.8000,3971.6000,3971.8000,3972.4000,1,1,1,3,1,1,3,2,1,1
SF,IF2003,2019-11-04 09:34:01.000,3969.6000,10263,0,257128500.000,0,-,-,-,-,3969.2000,3969.0000,3968.8000,3968.4000,3968.2000,3970.4000,3970.8000,3971.6000,3971.8000,3972.4000,1,1,1,1,3,1,1,2,1,1
SF,IF2003,2019-11-04 09:34:02.500,3969.2000,10262,-1,258319260.000,1,0,1,双平,S,3969.0000,3968.2000,3968.0000,3967.8000,3967.6000,3970.2000,3970.4000,3971.6000,3971.8000,3972.4000,1,2,1,1,3,1,1,2,1,1
SF,IF2003,2019-11-04 09:34:03.000,3969.2000,10262,0,258319260.000,0,-,-,-,-,3969.0000,3968.0000,3967.8000,3967.6000,3966.8000,3969.6000,3970.0000,3970.2000,3971.6000,3971.8000,1,1,1,3,7,1,2,2,2,1
SF,IF2003,2019-11-04 09:34:03.500,3969.0000,10262,0,260700660.000,2,1,1,多换,S,3968.0000,3967.8000,3967.6000,3966.8000,3966.6000,3969.6000,3970.0000,3970.2000,3971.6000,3971.8000,1,1,3,7,1,1,1,2,2,1
SF,IF2003,2019-11-04 09:34:04.000,3969.0000,10262,0,260700660.000,0,-,-,-,-,3968.2000,3968.0000,3967.8000,3967.6000,3966.8000,3969.0000,3969.6000,3970.0000,3970.2000,3971.6000,1,1,1,3,7,1,1,1,2,2
SF,IF2003,2019-11-04 09:34:04.500,3969.0000,10262,0,260700660.000,0,-,-,-,-,3967.8000,3967.6000,3966.8000,3966.6000,3966.4000,3968.2000,3969.6000,3970.0000,3970.2000,3971.6000,1,3,7,1,1,1,1,1,2,2
SF,IF2003,2019-11-04 09:34:05.000,3967.8000,10262,0,261891000.000,1,0,1,多换,S,3967.6000,3966.8000,3966.6000,3966.4000,3965.2000,3967.8000,3969.6000,3970.0000,3970.2000,3971.6000,3,7,1,1,1,1,1,1,1,2
SF,IF2003,2019-11-04 09:34:05.500,3967.6000,10262,0,263081280.000,1,0,1,多换,S,3966.8000,3966.6000,3966.4000,3965.2000,3965.0000,3969.6000,3970.0000,3970.2000,3971.6000,3971.8000,7,1,1,1,1,1,1,1,2,1
SF,IF2003,2019-11-04 09:34:06.000,3967.6000,10262,0,263081280.000,0,-,-,-,-,3967.0000,3966.8000,3966.6000,3966.4000,3965.2000,3969.4000,3969.6000,3970.0000,3970.2000,3971.6000,3,7,1,1,1,4,1,1,1,1
SF,IF2003,2019-11-04 09:34:06.500,3967.6000,10262,0,263081280.000,0,-,-,-,-,3967.6000,3967.2000,3967.0000,3966.8000,3966.6000,3969.4000,3969.6000,3970.2000,3971.6000,3971.8000,2,3,8,7,1,2,1,1,1,1
SF,IF2003,2019-11-04 09:34:07.000,3967.6000,10262,0,263081280.000,0,-,-,-,-,3967.8000,3967.6000,3967.2000,3967.0000,3966.8000,3968.8000,3969.2000,3969.4000,3969.6000,3970.2000,1,2,4,6,7,1,1,2,1,1
SF,IF2003,2019-11-04 09:34:07.500,3967.6000,10262,0,263081280.000,0,-,-,-,-,3967.8000,3967.6000,3967.2000,3967.0000,3966.8000,3968.8000,3969.4000,3969.6000,3970.2000,3971.6000,1,2,4,6,7,1,2,1,1,1
SF,IF2003,2019-11-04 09:34:08.500,3967.6000,10262,0,263081280.000,0,-,-,-,-,3968.0000,3967.8000,3967.6000,3967.2000,3967.0000,3968.8000,3969.4000,3969.6000,3970.2000,3971.6000,1,1,2,3,5,1,2,1,1,1
SF,IF2003,2019-11-04 09:34:09.000,3967.6000,10262,0,263081280.000,0,-,-,-,-,3967.6000,3967.2000,3967.0000,3966.8000,3966.6000,3968.8000,3969.4000,3969.6000,3970.2000,3971.6000,2,3,5,7,1,1,2,1,1,1
SF,IF2003,2019-11-04 09:34:09.500,3967.6000,10262,0,263081280.000,0,-,-,-,-,3967.8000,3967.6000,3967.2000,3967.0000,3966.8000,3968.8000,3969.4000,3969.6000,3970.2000,3971.6000,1,2,3,5,7,1,2,1,1,1
SF,IF2003,2019-11-04 09:34:10.000,3967.6000,10262,0,263081280.000,0,-,-,-,-,3967.8000,3967.6000,3967.2000,3967.0000,3966.8000,3968.8000,3969.4000,3970.2000,3971.6000,3971.8000,1,2,3,5,7,1,2,1,1,1
SF,IF2003,2019-11-04 09:34:10.500,3967.8000,10262,0,264271620.000,1,0,1,多换,S,3967.2000,3967.0000,3966.8000,3966.6000,3966.4000,3967.8000,3968.8000,3969.0000,3969.4000,3970.2000,3,5,8,1,1,3,1,1,2,1
SF,IF2003,2019-11-04 09:34:11.000,3967.8000,10262,0,264271620.000,0,-,-,-,-,3967.0000,3966.8000,3966.6000,3966.4000,3965.2000,3967.8000,3968.8000,3969.4000,3970.2000,3971.6000,1,7,1,1,1,4,1,2,1,1
SF,IF2003,2019-11-04 09:34:11.500,3966.8000,10262,0,266651760.000,2,1,1,多换,S,3966.8000,3966.4000,3965.2000,3965.0000,3962.2000,3967.6000,3967.8000,3968.8000,3969.4000,3970.2000,6,1,1,1,1,1,3,1,2,1
SF,IF2003,2019-11-04 09:34:12.500,3966.8000,10263,1,269031840.000,2,1,1,空开,S,3966.8000,3966.4000,3965.2000,3965.0000,3962.2000,3967.0000,3967.6000,3967.8000,3968.8000,3969.4000,4,1,1,1,1,1,1,3,1,2
SF,IF2003,2019-11-04 09:34:13.000,3967.0000,10263,0,270221940.000,1,0,1,多换,S,3966.8000,3966.4000,3965.2000,3965.0000,3962.2000,3967.8000,3968.8000,3969.4000,3970.2000,3971.8000,4,1,1,1,1,3,1,2,1,1
SF,IF2003,2019-11-04 09:34:13.500,3967.0000,10263,0,270221940.000,0,-,-,-,-,3966.8000,3965.2000,3965.0000,3962.2000,3961.4000,3967.6000,3967.8000,3969.4000,3970.2000,3971.8000,4,1,1,1,7,3,3,2,1,1
SF,IF2003,2019-11-04 09:34:14.000,3967.4000,10263,0,271412160.000,1,0,1,多换,S,3966.8000,3965.2000,3965.0000,3962.2000,3961.4000,3967.8000,3969.4000,3970.2000,3971.8000,3972.4000,4,1,1,1,7,3,2,1,1,1
SF,IF2003,2019-11-04 09:34:14.500,3967.4000,10263,0,271412160.000,0,-,-,-,-,3966.8000,3965.2000,3965.0000,3962.2000,3961.4000,3967.6000,3967.8000,3969.4000,3970.2000,3971.8000,4,1,1,1,7,3,3,2,1,1
SF,IF2003,2019-11-04 09:34:15.000,3967.4000,10263,0,271412160.000,0,-,-,-,-,3966.8000,3965.2000,3965.0000,3962.2000,3961.4000,3967.8000,3969.2000,3969.4000,3970.2000,3971.8000,4,1,1,1,7,3,1,2,1,1
SF,IF2003,2019-11-04 09:34:15.500,3967.4000,10263,0,271412160.000,0,-,-,-,-,3966.8000,3965.2000,3965.0000,3962.2000,3961.4000,3967.6000,3967.8000,3969.2000,3969.4000,3970.2000,4,1,1,1,7,1,3,1,2,1
SF,IF2003,2019-11-04 09:34:19.500,3966.8000,10263,0,276172320.000,4,2,2,多换,S,3965.2000,3965.0000,3962.2000,3961.4000,3961.0000,3967.6000,3967.8000,3969.2000,3969.4000,3969.6000,1,1,1,7,2,1,3,1,2,6
SF,IF2003,2019-11-04 09:34:20.000,3966.8000,10263,0,276172320.000,0,-,-,-,-,3965.6000,3965.4000,3965.2000,3965.0000,3962.2000,3967.6000,3967.8000,3969.2000,3969.4000,3969.6000,4,6,1,2,1,1,3,1,2,6
SF,IF2003,2019-11-04 09:34:20.500,3966.8000,10263,0,276172320.000,0,-,-,-,-,3965.8000,3965.6000,3965.4000,3965.2000,3965.0000,3967.6000,3967.8000,3969.2000,3969.4000,3969.6000,3,4,4,1,2,1,3,1,2,6
SF,IF2003,2019-11-04 09:34:21.000,3966.8000,10263,0,276172320.000,0,-,-,-,-,3965.8000,3965.6000,3965.4000,3965.2000,3965.0000,3967.6000,3967.8000,3969.2000,3969.4000,3969.6000,2,4,4,1,2,1,3,1,2,6
SF,IF2003,2019-11-04 09:34:21.500,3966.8000,10263,0,276172320.000,0,-,-,-,-,3965.8000,3965.6000,3965.2000,3965.0000,3962.2000,3967.6000,3967.8000,3969.2000,3969.4000,3969.6000,1,1,1,2,1,1,3,1,2,6
SF,IF2003,2019-11-04 09:34:22.500,3966.8000,10263,0,276172320.000,0,-,-,-,-,3965.6000,3965.2000,3965.0000,3962.2000,3961.4000,3967.4000,3967.6000,3967.8000,3969.2000,3969.4000,1,1,2,1,7,3,1,3,1,2
SF,IF2003,2019-11-04 09:34:23.000,3967.2000,10263,0,277362480.000,1,0,1,多换,S,3965.2000,3965.0000,3962.2000,3961.4000,3961.0000,3967.2000,3967.4000,3967.8000,3969.2000,3969.4000,1,2,1,7,2,1,3,3,1,2
SF,IF2003,2019-11-04 09:34:23.500,3967.2000,10263,0,277362480.000,0,-,-,-,-,3965.4000,3965.2000,3965.0000,3962.2000,3961.4000,3967.4000,3967.8000,3969.2000,3969.4000,3971.8000,8,1,2,1,7,2,3,1,2,1
SF,IF2003,2019-11-04 09:34:24.000,3967.2000,10263,0,277362480.000,0,-,-,-,-,3965.4000,3965.2000,3965.0000,3962.2000,3961.4000,3967.2000,3967.4000,3967.8000,3969.2000,3969.4000,4,1,2,1,7,1,2,3,1,2
SF,IF2003,2019-11-04 09:34:24.500,3967.2000,10263,0,277362480.000,0,-,-,-,-,3965.4000,3965.2000,3965.0000,3962.2000,3961.4000,3967.4000,3967.8000,3969.2000,3969.4000,3971.8000,4,1,2,1,7,1,3,1,2,1
SF,IF2003,2019-11-04 09:34:25.000,3967.2000,10263,0,277362480.000,0,-,-,-,-,3966.0000,3965.6000,3965.4000,3965.2000,3965.0000,3967.4000,3967.8000,3969.2000,3969.4000,3971.8000,1,4,4,1,2,1,3,1,2,1
SF,IF2003,2019-11-04 09:34:25.500,3967.4000,10263,0,278552700.000,1,0,1,多换,S,3966.4000,3966.2000,3966.0000,3965.8000,3965.6000,3967.8000,3969.2000,3969.4000,3971.8000,3972.4000,1,7,1,2,2,3,1,2,1,1
SF,IF2003,2019-11-04 09:34:26.000,3967.4000,10263,0,278552700.000,0,-,-,-,-,3966.0000,3965.8000,3965.6000,3965.4000,3965.2000,3967.6000,3967.8000,3969.2000,3969.4000,3971.8000,1,2,2,1,1,1,3,1,2,1
SF,IF2003,2019-11-04 09:34:26.500,3967.4000,10263,0,278552700.000,0,-,-,-,-,3965.8000,3965.4000,3965.2000,3965.0000,3962.2000,3967.4000,3967.6000,3967.8000,3969.2000,3969.4000,1,1,1,2,1,1,2,3,1,2
SF,IF2003,2019-11-04 09:34:27.500,3967.4000,10263,0,278552700.000,0,-,-,-,-,3966.4000,3966.0000,3965.8000,3965.4000,3965.2000,3967.4000,3967.8000,3969.2000,3969.4000,3971.8000,1,5,1,1,1,1,3,1,2,1
SF,IF2003,2019-11-04 09:34:28.000,3967.4000,10263,0,278552700.000,0,-,-,-,-,3965.8000,3965.4000,3965.2000,3965.0000,3962.2000,3967.2000,3967.4000,3967.8000,3969.2000,3969.4000,1,1,1,2,1,1,1,3,1,2
SF,IF2003,2019-11-04 09:34:28.500,3967.4000,10263,0,278552700.000,0,-,-,-,-,3965.8000,3965.4000,3965.2000,3965.0000,3962.2000,3967.0000,3967.2000,3967.8000,3969.2000,3969.4000,1,1,1,2,1,1,1,3,1,2
SF,IF2003,2019-11-04 09:34:29.000,3967.4000,10263,0,278552700.000,0,-,-,-,-,3965.2000,3965.0000,3962.2000,3961.4000,3961.0000,3967.0000,3967.2000,3967.8000,3969.2000,3969.4000,1,2,1,7,2,1,1,3,1,2
SF,IF2003,2019-11-04 09:34:29.500,3967.4000,10263,0,278552700.000,0,-,-,-,-,3966.0000,3965.2000,3965.0000,3962.2000,3961.4000,3966.8000,3967.0000,3967.8000,3969.2000,3969.4000,1,1,2,1,7,1,1,3,1,2
SF,IF2003,2019-11-04 09:34:30.000,3966.0000,10262,-1,279742500.000,1,0,1,双平,S,3965.2000,3965.0000,3962.2000,3961.4000,3961.0000,3966.6000,3966.8000,3967.8000,3969.2000,3969.4000,1,2,1,7,2,1,1,3,1,2
SF,IF2003,2019-11-04 09:34:30.500,3966.0000,10262,0,279742500.000,0,-,-,-,-,3965.4000,3965.2000,3965.0000,3962.2000,3961.4000,3966.6000,3966.8000,3967.8000,3969.0000,3969.2000,1,1,2,1,7,1,1,3,5,1
SF,IF2003,2019-11-04 09:34:31.000,3966.0000,10262,0,279742500.000,0,-,-,-,-,3965.4000,3965.2000,3965.0000,3962.2000,3961.4000,3966.4000,3966.6000,3967.8000,3969.0000,3969.2000,1,1,2,1,7,1,1,3,5,1
SF,IF2003,2019-11-04 09:34:31.500,3966.0000,10262,0,279742500.000,0,-,-,-,-,3965.4000,3965.2000,3965.0000,3962.2000,3961.4000,3967.8000,3969.0000,3969.2000,3969.4000,3971.8000,1,1,2,1,7,3,5,1,2,1
SF,IF2003,2019-11-04 09:34:32.000,3966.0000,10262,0,279742500.000,0,-,-,-,-,3966.6000,3965.6000,3965.4000,3965.2000,3965.0000,3967.6000,3967.8000,3969.2000,3969.4000,3971.8000,1,5,1,1,2,3,3,1,2,1
SF,IF2003,2019-11-04 09:34:32.500,3967.6000,10261,-1,280932780.000,1,0,1,双平,S,3966.6000,3965.8000,3965.6000,3965.2000,3965.0000,3967.8000,3969.2000,3969.4000,3971.8000,3972.4000,1,2,6,1,2,3,1,2,1,1
SF,IF2003,2019-11-04 09:34:33.000,3967.8000,10258,-3,284503800.000,3,0,3,双平,S,3966.8000,3966.6000,3965.8000,3965.6000,3965.2000,3969.2000,3969.4000,3971.8000,3972.4000,3972.6000,7,1,2,1,1,1,2,1,1,1
SF,IF2003,2019-11-04 09:34:33.500,3966.8000,10256,-2,288073920.000,3,0,3,多平,S,3966.6000,3965.8000,3965.2000,3965.0000,3962.2000,3967.4000,3967.6000,3967.8000,3968.0000,3969.0000,1,2,1,2,1,1,4,1,1,3
SF,IF2003,2019-11-04 09:34:34.000,3966.8000,10254,-2,291644040.000,3,0,3,多平,S,3965.8000,3965.6000,3965.2000,3965.0000,3962.2000,3967.2000,3967.6000,3969.0000,3969.2000,3969.4000,2,1,1,2,1,1,1,6,1,2
SF,IF2003,2019-11-04 09:34:34.500,3967.2000,10253,-1,292834200.000,1,0,1,双平,S,3967.6000,3966.8000,3966.4000,3966.2000,3966.0000,3968.4000,3969.0000,3969.2000,3969.4000,3971.8000,1,1,1,3,3,1,4,1,2,1
SF,IF2003,2019-11-04 09:34:35.000,3967.2000,10253,0,292834200.000,0,-,-,-,-,3966.8000,3966.4000,3966.2000,3966.0000,3965.8000,3969.0000,3969.2000,3969.4000,3971.8000,3972.4000,1,1,3,5,2,2,1,2,1,1
SF,IF2003,2019-11-04 09:34:35.500,3967.2000,10253,0,292834200.000,0,-,-,-,-,3968.4000,3966.8000,3966.4000,3966.2000,3966.0000,3968.6000,3968.8000,3969.0000,3969.2000,3969.4000,1,2,1,3,6,1,6,4,1,2
SF,IF2003,2019-11-04 09:34:36.000,3968.4000,10253,0,294024720.000,1,0,1,多换,S,3966.8000,3966.4000,3966.2000,3966.0000,3965.8000,3967.8000,3968.4000,3968.8000,3969.0000,3969.2000,2,1,3,6,2,1,2,3,2,1
SF,IF2003,2019-11-04 09:34:36.500,3968.4000,10253,0,294024720.000,0,-,-,-,-,3966.8000,3966.4000,3966.2000,3966.0000,3965.8000,3967.8000,3968.4000,3968.8000,3969.0000,3969.2000,2,1,3,6,2,1,4,1,2,1
SF,IF2003,2019-11-04 09:34:37.000,3968.4000,10253,0,294024720.000,0,-,-,-,-,3966.8000,3966.4000,3966.0000,3965.6000,3965.2000,3967.8000,3968.4000,3968.8000,3969.0000,3969.2000,2,1,3,1,1,1,4,1,1,1
SF,IF2003,2019-11-04 09:34:37.500,3966.8000,10251,-2,296404860.000,2,0,2,双平,S,3966.4000,3966.0000,3965.6000,3965.2000,3965.0000,3967.6000,3967.8000,3968.4000,3968.8000,3969.0000,1,3,1,1,2,3,1,2,1,1
SF,IF2003,2019-11-04 09:34:38.000,3966.8000,10251,0,296404860.000,0,-,-,-,-,3966.0000,3965.6000,3965.2000,3965.0000,3962.2000,3967.6000,3967.8000,3968.4000,3969.0000,3969.2000,2,1,1,2,1,5,1,2,1,1
SF,IF2003,2019-11-04 09:34:38.500,3967.6000,10249,-2,302356260.000,5,1,4,多平,S,3967.6000,3966.8000,3966.6000,3966.4000,3966.2000,3967.8000,3968.4000,3969.0000,3969.2000,3969.4000,2,2,7,3,6,1,1,1,2,1
SF,IF2003,2019-11-04 09:34:39.000,3967.6000,10248,-1,304736820.000,2,0,2,多平,S,3966.8000,3966.2000,3966.0000,3965.6000,3965.2000,3967.6000,3967.8000,3969.0000,3969.2000,3969.4000,1,2,2,1,1,1,1,1,1,1
SF,IF2003,2019-11-04 09:34:39.500,3967.6000,10248,0,304736820.000,0,-,-,-,-,3966.8000,3966.2000,3966.0000,3965.6000,3965.2000,3967.8000,3969.0000,3969.2000,3969.4000,3971.8000,1,2,2,1,1,1,1,1,1,1
SF,IF2003,2019-11-04 09:34:40.000,3967.8000,10249,1,305927160.000,1,1,0,双开,S,3967.0000,3966.8000,3966.2000,3966.0000,3965.6000,3967.6000,3969.0000,3969.2000,3969.4000,3971.8000,1,1,2,2,1,1,1,1,1,1
SF,IF2003,2019-11-04 09:34:40.500,3967.8000,10249,0,305927160.000,0,-,-,-,-,3967.6000,3967.0000,3966.8000,3966.2000,3966.0000,3969.0000,3969.2000,3969.4000,3971.8000,3972.4000,4,1,1,2,2,1,1,1,1,1
SF,IF2003,2019-11-04 09:34:41.000,3967.8000,10249,0,305927160.000,0,-,-,-,-,3967.6000,3966.8000,3966.2000,3966.0000,3965.6000,3968.6000,3968.8000,3969.0000,3969.2000,3969.4000,4,1,2,2,1,1,3,3,1,1
SF,IF2003,2019-11-04 09:34:41.500,3967.8000,10249,0,305927160.000,0,-,-,-,-,3967.6000,3966.2000,3966.0000,3965.6000,3965.2000,3968.4000,3968.8000,3969.0000,3969.2000,3969.4000,4,2,2,1,1,1,1,3,1,1
SF,IF2003,2019-11-04 09:34:42.000,3967.6000,10248,-1,307117440.000,1,0,1,双平,S,3967.6000,3966.2000,3966.0000,3965.6000,3965.2000,3968.2000,3968.4000,3968.8000,3969.0000,3969.2000,3,2,2,1,1,1,1,1,3,1
SF,IF2003,2019-11-04 09:34:42.500,3967.6000,10246,-2,310688280.000,3,0,3,多平,S,3966.2000,3966.0000,3965.6000,3965.2000,3965.0000,3968.4000,3968.8000,3969.0000,3969.2000,3971.8000,2,2,1,1,2,1,1,3,1,1
SF,IF2003,2019-11-04 09:34:43.000,3967.6000,10246,0,310688280.000,0,-,-,-,-,3966.6000,3966.4000,3966.2000,3966.0000,3965.6000,3968.4000,3968.8000,3969.0000,3969.2000,3971.8000,3,1,2,2,1,1,1,3,1,1
SF,IF2003,2019-11-04 09:34:43.500,3967.6000,10246,0,310688280.000,0,-,-,-,-,3966.8000,3966.6000,3966.4000,3966.2000,3966.0000,3968.4000,3968.8000,3969.0000,3969.2000,3971.8000,3,3,6,2,2,1,1,2,1,1
SF,IF2003,2019-11-04 09:34:44.000,3968.4000,10245,-1,311878800.000,1,0,1,双平,S,3967.2000,3966.8000,3966.4000,3966.2000,3966.0000,3969.0000,3969.2000,3971.8000,3972.4000,3972.6000,3,3,6,1,2,1,1,1,1,1
SF,IF2003,2019-11-04 09:34:44.500,3969.0000,10245,0,313069500.000,1,0,1,多换,S,3967.2000,3966.8000,3966.4000,3966.2000,3966.0000,3969.2000,3971.8000,3972.4000,3972.6000,3973.2000,3,3,6,1,2,1,1,1,1,5
SF,IF2003,2019-11-04 09:34:45.000,3969.2000,10245,0,314260260.000,1,0,1,多换,S,3967.6000,3967.4000,3967.2000,3966.8000,3966.4000,3971.8000,3972.4000,3972.6000,3973.2000,3973.4000,4,6,3,1,2,1,1,1,5,1
SF,IF2003,2019-11-04 09:34:45.500,3969.2000,10245,0,314260260.000,0,-,-,-,-,3968.2000,3967.8000,3967.6000,3967.4000,3966.4000,3970.4000,3971.2000,3971.6000,3971.8000,3972.4000,3,2,4,3,2,1,4,1,1,1
SF,IF2003,2019-11-04 09:34:46.000,3969.2000,10245,0,314260260.000,0,-,-,-,-,3968.2000,3967.8000,3967.6000,3967.4000,3966.4000,3970.2000,3970.4000,3971.2000,3971.6000,3971.8000,4,2,4,3,2,1,1,1,1,1
SF,IF2003,2019-11-04 09:34:46.500,3969.2000,10245,0,314260260.000,0,-,-,-,-,3968.4000,3968.2000,3967.8000,3967.6000,3967.4000,3970.0000,3970.4000,3971.2000,3971.6000,3971.8000,1,4,2,3,2,1,1,1,1,1
SF,IF2003,2019-11-04 09:34:47.000,3969.2000,10245,0,314260260.000,0,-,-,-,-,3968.6000,3968.4000,3968.2000,3967.8000,3967.6000,3971.2000,3971.6000,3971.8000,3972.4000,3972.6000,3,1,1,2,3,1,1,1,1,1
SF,IF2003,2019-11-04 09:34:47.500,3969.2000,10245,0,314260260.000,0,-,-,-,-,3968.6000,3968.4000,3967.8000,3967.6000,3967.4000,3970.6000,3971.0000,3971.2000,3971.8000,3972.4000,4,1,2,3,2,1,1,1,1,1
SF,IF2003,2019-11-04 09:34:48.000,3969.2000,10245,0,314260260.000,0,-,-,-,-,3968.8000,3968.6000,3968.4000,3967.8000,3967.6000,3971.8000,3972.4000,3972.6000,3973.2000,3973.4000,3,4,1,1,3,1,1,1,5,1
SF,IF2003,2019-11-04 09:34:48.500,3969.0000,10244,-1,315450960.000,1,0,1,双平,S,3969.0000,3968.8000,3968.6000,3968.4000,3967.8000,3971.0000,3971.2000,3971.6000,3971.8000,3972.4000,2,1,1,1,1,1,1,3,1,1
SF,IF2003,2019-11-04 09:34:49.000,3969.0000,10244,0,315450960.000,0,-,-,-,-,3969.2000,3968.8000,3968.6000,3968.4000,3967.8000,3970.8000,3971.0000,3971.6000,3971.8000,3972.4000,1,1,1,1,1,1,1,1,1,1
SF,IF2003,2019-11-04 09:34:49.500,3969.0000,10244,0,315450960.000,0,-,-,-,-,3969.2000,3968.6000,3968.4000,3967.8000,3967.6000,3970.4000,3970.8000,3971.0000,3971.6000,3971.8000,1,1,1,1,3,1,1,1,1,1
SF,IF2003,2019-11-04 09:34:50.000,3969.0000,10244,0,315450960.000,0,-,-,-,-,3969.4000,3969.2000,3968.4000,3967.8000,3967.6000,3970.4000,3971.0000,3971.6000,3971.8000,3972.4000,1,1,1,1,3,1,1,1,1,1
SF,IF2003,2019-11-04 09:34:50.500,3969.4000,10244,0,316641780.000,1,0,1,多换,S,3966.8000,3966.4000,3966.0000,3965.2000,3965.0000,3970.2000,3970.4000,3971.0000,3971.6000,3971.8000,2,2,1,1,2,1,1,1,1,1
SF,IF2003,2019-11-04 09:34:51.000,3969.4000,10244,0,316641780.000,0,-,-,-,-,3968.0000,3967.2000,3967.0000,3966.8000,3966.4000,3970.2000,3970.4000,3971.6000,3971.8000,3972.4000,3,5,2,2,2,1,1,1,1,1
SF,IF2003,2019-11-04 09:34:51.500,3969.8000,10244,0,317832720.000,1,0,1,多换,S,3968.0000,3967.2000,3967.0000,3966.8000,3966.4000,3970.2000,3970.4000,3971.6000,3971.8000,3972.4000,3,5,2,2,2,2,1,1,1,1
SF,IF2003,2019-11-04 09:34:52.000,3970.2000,10244,0,319023780.000,1,0,1,多换,S,3970.2000,3968.2000,3968.0000,3967.2000,3967.0000,3970.4000,3971.2000,3971.6000,3971.8000,3972.4000,1,6,3,2,1,1,1,1,1,1
