市场代码,合约代码,时间,最新,持仓,增仓,成交额,成交量,开仓,平仓,成交类型,方向,买一价,买二价,买三价,买四价,买五价,卖一价,卖二价,卖三价,卖四价,卖五价,买一量,买二量,买三量,买四量,买五量,卖一量,卖二量,卖三量,卖四量,卖五量
SF,IF2003,2020-01-03 09:29:00.400,4190.4000,39588,0,15085440.000,12.000,-,-,-,-,4190.2000,4190.0000,4189.6000,4189.2000,4189.0000,4191.6000,4194.4000,4194.8000,4195.0000,4195.8000,5,2,1,1,1,1,1,4,2,2
SF,IF2003,2020-01-03 09:30:00.400,4191.6000,39587,-1,21372720.000,5,2,3,多平,S,4192.4000,4192.2000,4191.6000,4190.2000,4190.0000,4194.2000,4194.4000,4194.8000,4195.0000,4195.8000,10,1,6,5,2,2,1,4,2,7
SF,IF2003,2020-01-03 09:30:00.900,4192.4000,39586,-1,25146060.000,3,1,2,多平,S,4192.4000,4192.2000,4191.6000,4190.2000,4190.0000,4193.4000,4193.6000,4193.8000,4194.0000,4194.2000,9,1,6,5,2,1,3,1,10,4
SF,IF2003,2020-01-03 09:30:01.400,4193.6000,39582,-4,31435560.000,5,0,5,多平,S,4193.4000,4192.4000,4192.2000,4191.6000,4190.2000,4193.6000,4194.0000,4194.2000,4194.4000,4194.8000,3,8,1,6,5,1,2,2,1,3
SF,IF2003,2020-01-03 09:30:01.900,4193.4000,39581,-1,41498520.000,8,3,5,多平,S,4192.4000,4192.2000,4191.6000,4190.2000,4190.0000,4193.4000,4193.6000,4194.0000,4194.2000,4194.4000,4,1,6,5,2,8,1,2,2,1
SF,IF2003,2020-01-03 09:30:02.400,4192.4000,39579,-2,45272280.000,3,0,3,多平,S,4192.4000,4192.2000,4191.6000,4190.2000,4190.0000,4193.4000,4193.6000,4194.0000,4194.2000,4194.4000,3,1,6,5,2,5,1,2,2,1
SF,IF2003,2020-01-03 09:30:02.900,4192.4000,39579,0,56593440.000,9,4,5,多换,S,4192.2000,4191.6000,4190.2000,4190.0000,4189.6000,4193.4000,4193.6000,4194.2000,4194.4000,4194.8000,1,6,5,2,3,1,1,2,1,3
SF,IF2003,2020-01-03 09:30:03.400,4193.4000,39569,-10,72945120.000,13,1,12,多平,S,4191.6000,4191.2000,4190.2000,4190.0000,4189.6000,4193.4000,4193.6000,4194.0000,4194.2000,4194.4000,3,1,5,2,3,3,1,2,2,1
SF,IF2003,2020-01-03 09:30:03.900,4193.4000,39569,0,72945120.000,0,-,-,-,-,4191.8000,4191.6000,4191.2000,4190.2000,4190.0000,4192.2000,4192.6000,4193.0000,4193.2000,4193.4000,3,3,1,5,2,2,2,1,2,3
SF,IF2003,2020-01-03 09:30:04.400,4191.6000,39566,-3,76717680.000,3,0,3,双平,S,4191.6000,4191.2000,4190.2000,4190.0000,4189.6000,4192.0000,4192.2000,4193.0000,4193.2000,4193.4000,2,1,5,2,3,6,2,1,1,1
SF,IF2003,2020-01-03 09:30:04.900,4191.6000,39564,-2,79232820.000,2,0,2,双平,S,4191.2000,4190.6000,4190.2000,4190.0000,4189.6000,4192.2000,4193.0000,4193.4000,4193.6000,4194.0000,1,1,5,2,3,1,1,1,1,2
SF,IF2003,2020-01-03 09:30:05.400,4192.2000,39563,-1,81748080.000,2,0,2,多平,S,4191.4000,4191.2000,4190.6000,4190.2000,4190.0000,4191.8000,4192.2000,4193.0000,4193.4000,4193.6000,1,1,1,5,2,2,2,1,1,1
SF,IF2003,2020-01-03 09:30:05.900,4193.4000,39561,-2,93067860.000,9,3,6,多平,S,4193.4000,4192.0000,4191.8000,4191.2000,4190.6000,4193.6000,4194.0000,4194.2000,4194.4000,4194.8000,1,1,3,1,1,1,2,2,1,4
SF,IF2003,2020-01-03 09:30:06.400,4191.6000,39557,-4,101870940.000,7,1,6,多平,S,4190.6000,4190.2000,4190.0000,4189.6000,4189.2000,4191.6000,4192.0000,4192.2000,4193.0000,4193.2000,1,5,2,3,1,3,1,1,1,13
SF,IF2003,2020-01-03 09:30:06.900,4191.6000,39557,0,105643380.000,3,1,2,多换,S,4190.8000,4190.6000,4190.4000,4190.2000,4190.0000,4192.2000,4193.2000,4193.4000,4193.6000,4194.0000,2,1,1,5,2,1,12,3,1,2
SF,IF2003,2020-01-03 09:30:07.400,4190.8000,39558,1,108157860.000,2,1,1,空开,S,4190.6000,4190.2000,4190.0000,4189.6000,4189.2000,4191.6000,4191.8000,4192.0000,4192.2000,4193.2000,1,5,2,3,1,3,5,1,1,12
SF,IF2003,2020-01-03 09:30:07.900,4190.8000,39557,-1,109415100.000,1,0,1,双平,S,4190.6000,4190.2000,4190.0000,4189.6000,4189.2000,4191.8000,4192.0000,4192.2000,4192.8000,4193.2000,1,5,2,1,1,5,1,1,1,12
SF,IF2003,2020-01-03 09:30:08.400,4190.8000,39557,0,109415100.000,0,-,-,-,-,4191.6000,4190.8000,4190.6000,4190.2000,4190.0000,4191.8000,4192.0000,4192.2000,4192.8000,4193.0000,1,1,3,5,2,5,1,1,1,1
SF,IF2003,2020-01-03 09:30:08.900,4191.6000,39556,-1,110672580.000,1,0,1,双平,S,4190.6000,4190.2000,4190.0000,4189.6000,4189.2000,4191.4000,4191.8000,4192.0000,4192.2000,4192.8000,3,5,2,1,1,1,6,1,1,1
SF,IF2003,2020-01-03 09:30:09.400,4191.4000,39555,-1,113187420.000,2,0,2,多平,S,4190.6000,4190.2000,4190.0000,4189.6000,4189.2000,4191.0000,4191.2000,4191.8000,4192.2000,4192.8000,2,5,2,1,1,3,1,5,1,1
SF,IF2003,2020-01-03 09:30:09.900,4190.2000,39551,-4,123244860.000,8,2,6,多平,S,4190.2000,4190.0000,4189.6000,4189.2000,4189.0000,4191.2000,4191.8000,4192.8000,4193.0000,4193.2000,2,2,1,1,2,1,5,1,1,12
SF,IF2003,2020-01-03 09:30:10.400,4191.0000,39551,0,124502160.000,1,0,1,多换,S,4190.4000,4190.2000,4190.0000,4189.6000,4189.2000,4192.8000,4193.0000,4193.2000,4193.4000,4193.6000,2,2,2,1,1,1,1,12,1,1
SF,IF2003,2020-01-03 09:30:10.900,4191.0000,39551,0,124502160.000,0,-,-,-,-,4190.6000,4190.4000,4190.2000,4190.0000,4189.6000,4192.0000,4192.6000,4192.8000,4193.0000,4193.2000,6,3,2,2,1,1,3,1,1,12
SF,IF2003,2020-01-03 09:30:11.400,4190.8000,39548,-3,128274120.000,3,0,3,双平,S,4190.6000,4190.4000,4190.2000,4190.0000,4189.6000,4191.6000,4191.8000,4192.0000,4192.6000,4192.8000,2,2,2,2,1,1,1,1,1,1
SF,IF2003,2020-01-03 09:30:11.900,4190.6000,39547,-1,129531300.000,1,0,1,双平,S,4190.6000,4190.4000,4190.2000,4190.0000,4189.6000,4191.8000,4192.0000,4192.6000,4192.8000,4193.2000,1,2,2,2,1,1,1,1,1,12
SF,IF2003,2020-01-03 09:30:12.400,4190.6000,39546,-1,130788480.000,1,0,1,双平,S,4190.4000,4190.2000,4190.0000,4189.6000,4189.2000,4190.6000,4191.6000,4192.0000,4192.6000,4192.8000,2,2,2,1,1,1,2,1,1,1
SF,IF2003,2020-01-03 09:30:12.900,4190.6000,39545,-1,132045660.000,1,0,1,双平,S,4190.8000,4190.4000,4190.2000,4190.0000,4189.6000,4191.6000,4192.0000,4192.6000,4192.8000,4193.2000,3,1,2,2,1,1,1,1,1,2
SF,IF2003,2020-01-03 09:30:13.400,4190.6000,39545,0,133302840.000,1,0,1,多换,S,4190.8000,4190.4000,4190.2000,4190.0000,4189.6000,4191.4000,4191.6000,4192.0000,4192.6000,4192.8000,1,1,2,2,1,1,1,1,1,1
SF,IF2003,2020-01-03 09:30:13.900,4190.8000,39544,-1,134560080.000,1,0,1,双平,S,4190.8000,4190.4000,4190.2000,4190.0000,4189.6000,4191.2000,4192.0000,4192.6000,4192.8000,4193.2000,1,1,2,2,1,1,1,1,1,2
SF,IF2003,2020-01-03 09:30:14.400,4190.4000,39540,-4,139589160.000,4,0,4,双平,S,4190.6000,4190.2000,4190.0000,4189.6000,4189.2000,4192.0000,4192.6000,4192.8000,4193.2000,4193.4000,1,2,2,1,1,1,1,1,2,1
SF,IF2003,2020-01-03 09:30:14.900,4190.6000,39539,-1,140846340.000,1,0,1,双平,S,4190.6000,4190.2000,4190.0000,4189.6000,4189.2000,4191.2000,4191.8000,4192.0000,4192.6000,4192.8000,2,2,2,1,1,1,2,1,1,1
SF,IF2003,2020-01-03 09:30:15.400,4190.8000,39538,-1,143360940.000,2,0,2,多平,S,4190.6000,4190.2000,4190.0000,4189.6000,4189.2000,4191.8000,4192.0000,4192.6000,4192.8000,4193.2000,2,2,2,1,1,1,1,1,1,2
SF,IF2003,2020-01-03 09:30:15.900,4191.0000,39532,-6,150905700.000,6,0,6,双平,S,4190.8000,4190.4000,4190.2000,4190.0000,4189.6000,4192.8000,4193.4000,4193.6000,4194.0000,4194.2000,8,1,2,2,1,1,1,1,2,2
SF,IF2003,2020-01-03 09:30:16.400,4191.0000,39532,0,150905700.000,0,-,-,-,-,4191.0000,4190.8000,4190.4000,4190.2000,4190.0000,4191.8000,4192.4000,4192.6000,4192.8000,4193.4000,8,8,1,2,2,1,1,1,3,1
SF,IF2003,2020-01-03 09:30:16.900,4191.2000,39529,-3,155935680.000,4,0,4,多平,S,4191.8000,4191.2000,4191.0000,4190.8000,4190.2000,4192.6000,4192.8000,4193.4000,4193.6000,4194.0000,2,2,4,2,2,1,1,1,1,2
SF,IF2003,2020-01-03 09:30:17.400,4191.8000,39529,0,158450760.000,2,1,1,多换,S,4191.8000,4191.2000,4191.0000,4190.8000,4190.2000,4192.2000,4192.6000,4192.8000,4193.4000,4193.6000,1,1,3,2,2,1,3,2,1,1
SF,IF2003,2020-01-03 09:30:17.900,4191.8000,39528,-1,162223380.000,3,1,2,多平,S,4191.8000,4191.0000,4190.8000,4190.2000,4190.0000,4192.8000,4193.6000,4194.0000,4194.2000,4194.4000,1,3,2,2,2,2,1,2,2,1
SF,IF2003,2020-01-03 09:30:18.400,4191.8000,39529,1,163480920.000,1,1,0,双开,S,4191.0000,4190.8000,4190.4000,4190.2000,4190.0000,4192.4000,4192.6000,4192.8000,4193.6000,4194.0000,2,2,2,2,2,7,2,2,1,2
SF,IF2003,2020-01-03 09:30:18.900,4191.2000,39528,-1,164738280.000,1,0,1,双平,S,4191.2000,4191.0000,4190.8000,4190.4000,4190.2000,4192.2000,4192.4000,4192.8000,4193.0000,4193.6000,1,2,2,2,2,2,5,2,1,1
SF,IF2003,2020-01-03 09:30:19.400,4191.2000,39527,-1,165995640.000,1,0,1,双平,S,4191.0000,4190.8000,4190.2000,4190.0000,4189.6000,4192.2000,4192.4000,4192.8000,4193.0000,4193.6000,2,2,2,2,1,1,1,2,1,1
SF,IF2003,2020-01-03 09:30:19.900,4191.2000,39527,0,167253000.000,1,0,1,多换,S,4192.2000,4191.2000,4191.0000,4190.8000,4190.2000,4192.4000,4192.8000,4193.0000,4193.6000,4194.0000,5,6,2,2,2,1,1,1,1,2
SF,IF2003,2020-01-03 09:30:20.400,4192.2000,39526,-1,177314280.000,8,3,5,多平,S,4191.2000,4191.0000,4190.8000,4190.2000,4190.0000,4192.8000,4193.0000,4193.6000,4194.0000,4194.2000,5,2,2,2,2,1,1,1,2,2
SF,IF2003,2020-01-03 09:30:20.900,4191.4000,39525,-1,178571700.000,1,0,1,双平,S,4191.4000,4191.2000,4191.0000,4190.8000,4190.2000,4192.6000,4192.8000,4193.0000,4193.6000,4194.0000,1,6,4,2,2,1,1,1,1,2
SF,IF2003,2020-01-03 09:30:21.400,4191.4000,39525,0,178571700.000,0,-,-,-,-,4191.6000,4191.2000,4191.0000,4190.8000,4190.2000,4192.6000,4192.8000,4193.0000,4193.6000,4194.0000,1,5,4,2,2,1,1,1,1,2
SF,IF2003,2020-01-03 09:30:21.900,4191.0000,39525,0,187373160.000,7,3,4,多换,S,4191.0000,4190.8000,4190.2000,4190.0000,4189.6000,4192.6000,4192.8000,4193.0000,4193.6000,4194.0000,1,2,2,2,1,2,1,1,1,2
SF,IF2003,2020-01-03 09:30:22.400,4191.0000,39525,0,187373160.000,0,-,-,-,-,4191.2000,4191.0000,4190.8000,4190.2000,4190.0000,4192.4000,4192.6000,4192.8000,4193.0000,4193.6000,2,1,2,2,2,2,2,1,1,1
SF,IF2003,2020-01-03 09:30:22.900,4191.0000,39525,0,187373160.000,0,-,-,-,-,4191.4000,4191.2000,4191.0000,4190.8000,4190.2000,4192.2000,4192.4000,4192.6000,4192.8000,4193.0000,1,2,1,2,2,2,2,7,1,1
SF,IF2003,2020-01-03 09:30:23.400,4192.2000,39525,0,188630820.000,1,0,1,多换,S,4191.4000,4191.2000,4191.0000,4190.8000,4190.2000,4192.4000,4192.6000,4192.8000,4193.0000,4193.6000,1,2,1,2,2,1,7,1,1,1
SF,IF2003,2020-01-03 09:30:23.900,4191.2000,39524,-1,189888180.000,1,0,1,双平,S,4191.2000,4191.0000,4190.8000,4190.2000,4190.0000,4192.2000,4192.4000,4192.6000,4192.8000,4193.0000,2,1,2,2,2,2,2,8,3,1
SF,IF2003,2020-01-03 09:30:24.400,4191.2000,39524,0,189888180.000,0,-,-,-,-,4191.2000,4191.0000,4190.8000,4190.2000,4190.0000,4192.0000,4192.2000,4192.4000,4192.6000,4192.8000,2,1,2,2,2,1,2,1,8,3
SF,IF2003,2020-01-03 09:30:24.900,4192.0000,39524,0,191145780.000,1,0,1,多换,S,4191.2000,4191.0000,4190.8000,4190.2000,4190.0000,4192.2000,4192.4000,4192.6000,4192.8000,4193.0000,1,2,2,2,2,2,1,8,3,1
SF,IF2003,2020-01-03 09:30:25.400,4192.4000,39525,1,194918820.000,3,2,1,空开,S,4192.4000,4191.4000,4191.2000,4191.0000,4190.8000,4192.6000,4192.8000,4193.0000,4193.6000,4194.0000,2,2,1,2,2,8,3,1,1,2
SF,IF2003,2020-01-03 09:30:25.900,4192.4000,39526,1,197434260.000,2,1,1,空开,S,4191.4000,4191.2000,4191.0000,4190.8000,4190.2000,4192.4000,4192.6000,4192.8000,4193.0000,4193.6000,2,1,2,2,2,1,8,3,1,1
SF,IF2003,2020-01-03 09:30:26.400,4192.4000,39526,0,197434260.000,0,-,-,-,-,4191.6000,4191.4000,4191.2000,4191.0000,4190.8000,4192.6000,4192.8000,4193.0000,4193.6000,4194.0000,1,2,1,2,2,8,3,1,1,2
SF,IF2003,2020-01-03 09:30:26.900,4192.4000,39526,0,197434260.000,0,-,-,-,-,4191.8000,4191.6000,4191.4000,4191.2000,4191.0000,4192.6000,4192.8000,4193.0000,4193.6000,4194.0000,1,1,1,1,2,10,4,1,1,2
SF,IF2003,2020-01-03 09:30:27.400,4191.8000,39526,0,198691800.000,1,0,1,多换,S,4191.8000,4191.2000,4191.0000,4190.8000,4190.2000,4192.4000,4192.6000,4192.8000,4193.0000,4193.6000,1,1,2,2,2,5,8,4,1,1
SF,IF2003,2020-01-03 09:30:27.900,4191.8000,39525,-1,199949340.000,1,0,1,双平,S,4191.2000,4191.0000,4190.8000,4190.4000,4190.2000,4192.2000,4192.4000,4192.6000,4192.8000,4193.0000,1,2,2,2,2,5,4,8,4,1
SF,IF2003,2020-01-03 09:30:28.400,4191.8000,39525,0,199949340.000,0,-,-,-,-,4191.2000,4191.0000,4190.8000,4190.2000,4190.0000,4191.6000,4192.2000,4192.4000,4192.6000,4192.8000,2,2,2,2,2,1,1,3,8,3
SF,IF2003,2020-01-03 09:30:28.900,4191.6000,39525,0,201206820.000,1,0,1,多换,S,4191.2000,4191.0000,4190.8000,4190.2000,4190.0000,4192.2000,4192.4000,4192.6000,4192.8000,4193.0000,2,2,2,2,2,1,3,8,3,1
SF,IF2003,2020-01-03 09:30:29.900,4191.6000,39525,0,201206820.000,0,-,-,-,-,4191.2000,4191.0000,4190.8000,4190.2000,4190.0000,4192.4000,4192.6000,4192.8000,4193.0000,4193.6000,2,2,2,2,2,3,8,3,1,1
SF,IF2003,2020-01-03 09:30:30.400,4191.6000,39525,0,201206820.000,0,-,-,-,-,4192.0000,4191.2000,4191.0000,4190.8000,4190.2000,4192.4000,4192.6000,4192.8000,4193.0000,4193.6000,1,2,2,2,2,5,8,3,1,1
SF,IF2003,2020-01-03 09:30:30.900,4192.0000,39525,0,202464420.000,1,0,1,多换,S,4191.2000,4191.0000,4190.8000,4190.2000,4190.0000,4192.0000,4192.4000,4192.6000,4192.8000,4193.0000,2,2,2,2,2,3,3,8,3,1
SF,IF2003,2020-01-03 09:30:31.400,4192.0000,39524,-1,203722020.000,1,0,1,双平,S,4191.2000,4191.0000,4190.8000,4190.2000,4190.0000,4192.4000,4192.6000,4192.8000,4193.0000,4193.6000,2,2,2,2,2,3,8,3,1,1
SF,IF2003,2020-01-03 09:30:31.900,4192.0000,39524,0,203722020.000,0,-,-,-,-,4191.2000,4191.0000,4190.8000,4190.2000,4190.0000,4192.2000,4192.4000,4192.6000,4192.8000,4193.0000,2,2,2,2,2,1,6,8,3,1
SF,IF2003,2020-01-03 09:30:32.400,4192.0000,39524,0,203722020.000,0,-,-,-,-,4192.0000,4191.2000,4191.0000,4190.8000,4190.2000,4192.2000,4192.4000,4192.6000,4192.8000,4193.0000,1,2,2,2,2,1,4,8,3,1
SF,IF2003,2020-01-03 09:30:32.900,4192.0000,39523,-1,204979620.000,1,0,1,双平,S,4191.2000,4191.0000,4190.8000,4190.2000,4190.0000,4192.0000,4192.4000,4192.6000,4192.8000,4193.0000,2,3,2,2,2,2,4,8,3,1
SF,IF2003,2020-01-03 09:30:33.400,4192.0000,39523,0,204979620.000,0,-,-,-,-,4191.4000,4191.2000,4191.0000,4190.8000,4190.2000,4191.8000,4192.0000,4192.2000,4192.4000,4192.6000,1,2,3,2,2,1,2,1,4,8
SF,IF2003,2020-01-03 09:30:33.900,4192.0000,39523,0,206237220.000,1,0,1,多换,S,4191.2000,4191.0000,4190.8000,4190.2000,4190.0000,4192.0000,4192.2000,4192.4000,4192.6000,4192.8000,2,3,2,2,2,2,1,5,8,3
SF,IF2003,2020-01-03 09:30:34.400,4192.0000,39523,0,206237220.000,0,-,-,-,-,4191.2000,4191.0000,4190.8000,4190.0000,4189.6000,4192.2000,4192.4000,4192.6000,4192.8000,4193.0000,2,3,2,2,1,2,5,8,3,1
SF,IF2003,2020-01-03 09:30:34.900,4192.0000,39523,0,206237220.000,0,-,-,-,-,4191.2000,4191.0000,4190.8000,4190.0000,4189.6000,4192.0000,4192.2000,4192.4000,4192.6000,4192.8000,2,3,2,2,1,2,4,4,8,3
SF,IF2003,2020-01-03 09:30:35.400,4191.2000,39522,-1,207494580.000,1,0,1,双平,S,4191.2000,4191.0000,4190.8000,4190.0000,4189.6000,4191.8000,4192.0000,4192.2000,4192.4000,4192.6000,1,3,2,2,1,1,1,2,4,8
SF,IF2003,2020-01-03 09:30:35.900,4191.8000,39521,-1,208752120.000,1,0,1,双平,S,4191.8000,4191.2000,4191.0000,4190.8000,4190.0000,4192.0000,4192.2000,4192.4000,4192.6000,4192.8000,1,1,3,2,2,1,2,4,8,3
SF,IF2003,2020-01-03 09:30:36.400,4191.8000,39520,-1,210009660.000,1,0,1,双平,S,4191.2000,4191.0000,4190.8000,4190.0000,4189.6000,4192.0000,4192.2000,4192.4000,4192.6000,4192.8000,1,3,2,2,1,3,2,4,8,3
SF,IF2003,2020-01-03 09:30:36.900,4191.8000,39520,0,210009660.000,0,-,-,-,-,4191.2000,4191.0000,4190.8000,4190.0000,4189.6000,4191.8000,4192.0000,4192.2000,4192.4000,4192.6000,1,3,2,2,1,1,5,2,4,8
SF,IF2003,2020-01-03 09:30:37.400,4191.8000,39520,0,210009660.000,0,-,-,-,-,4191.2000,4191.0000,4190.8000,4190.0000,4189.6000,4191.8000,4192.0000,4192.2000,4192.4000,4192.6000,1,3,2,2,1,5,5,2,4,8
SF,IF2003,2020-01-03 09:30:37.900,4191.8000,39518,-2,212524740.000,2,0,2,双平,S,4191.2000,4191.0000,4190.8000,4190.0000,4189.6000,4191.8000,4192.0000,4192.2000,4192.4000,4192.6000,1,3,2,2,1,2,2,2,4,8
SF,IF2003,2020-01-03 09:30:38.400,4191.8000,39518,0,212524740.000,0,-,-,-,-,4191.2000,4191.0000,4190.8000,4190.0000,4189.6000,4191.8000,4192.0000,4192.2000,4192.4000,4192.6000,1,3,2,2,1,3,2,2,4,8
SF,IF2003,2020-01-03 09:30:38.900,4191.8000,39518,0,212524740.000,0,-,-,-,-,4191.2000,4191.0000,4190.8000,4190.0000,4189.6000,4191.6000,4191.8000,4192.0000,4192.2000,4192.4000,1,3,2,2,1,5,5,3,2,4
SF,IF2003,2020-01-03 09:30:39.400,4191.8000,39518,0,212524740.000,0,-,-,-,-,4191.2000,4191.0000,4190.8000,4190.0000,4189.6000,4191.8000,4192.0000,4192.2000,4192.4000,4192.6000,1,3,2,2,1,3,3,2,4,8
SF,IF2003,2020-01-03 09:30:39.900,4191.2000,39517,-1,213782100.000,1,0,1,双平,S,4191.0000,4190.8000,4190.0000,4189.6000,4189.2000,4191.8000,4192.0000,4192.2000,4192.4000,4192.6000,3,2,2,1,1,5,3,2,4,8
SF,IF2003,2020-01-03 09:30:40.400,4191.2000,39517,0,213782100.000,0,-,-,-,-,4191.0000,4190.8000,4190.0000,4189.6000,4189.2000,4191.6000,4191.8000,4192.0000,4192.2000,4192.4000,3,2,2,1,1,4,5,3,2,4
SF,IF2003,2020-01-03 09:30:40.900,4191.2000,39517,0,213782100.000,0,-,-,-,-,4191.0000,4190.8000,4190.0000,4189.6000,4189.2000,4191.6000,4191.8000,4192.0000,4192.2000,4192.4000,3,2,2,1,1,1,3,3,2,4
SF,IF2003,2020-01-03 09:30:41.400,4191.2000,39517,0,213782100.000,0,-,-,-,-,4191.0000,4190.8000,4190.0000,4189.6000,4189.2000,4191.6000,4191.8000,4192.0000,4192.2000,4192.4000,3,2,2,1,1,1,4,3,2,4
SF,IF2003,2020-01-03 09:30:41.900,4191.0000,39516,-1,215039400.000,1,0,1,双平,S,4191.0000,4190.8000,4190.0000,4189.6000,4189.2000,4191.6000,4191.8000,4192.0000,4192.2000,4192.4000,3,2,2,1,1,3,4,3,2,4
SF,IF2003,2020-01-03 09:30:42.400,4191.0000,39516,0,215039400.000,0,-,-,-,-,4191.0000,4190.8000,4190.0000,4189.6000,4189.2000,4191.6000,4191.8000,4192.0000,4192.2000,4192.4000,3,2,2,1,1,1,4,3,2,3
SF,IF2003,2020-01-03 09:30:42.900,4191.4000,39516,0,217554240.000,2,1,1,多换,S,4191.0000,4190.8000,4190.0000,4189.6000,4189.2000,4191.4000,4191.6000,4191.8000,4192.0000,4192.2000,3,2,2,1,1,1,3,4,3,2
SF,IF2003,2020-01-03 09:30:43.400,4191.4000,39516,0,217554240.000,0,-,-,-,-,4191.0000,4190.8000,4190.0000,4189.6000,4189.2000,4191.4000,4191.6000,4191.8000,4192.0000,4192.2000,3,2,2,1,1,2,3,4,3,1
SF,IF2003,2020-01-03 09:30:43.900,4191.4000,39515,-1,218811660.000,1,0,1,双平,S,4191.2000,4191.0000,4190.8000,4190.0000,4189.6000,4191.4000,4191.6000,4191.8000,4192.0000,4192.2000,1,3,2,2,1,1,3,4,3,1
SF,IF2003,2020-01-03 09:30:44.400,4191.2000,39514,-1,220069020.000,1,0,1,双平,S,4191.0000,4190.8000,4190.0000,4189.6000,4189.2000,4191.4000,4191.6000,4191.8000,4192.0000,4192.2000,3,2,2,1,1,1,3,4,3,1
SF,IF2003,2020-01-03 09:30:44.900,4191.0000,39514,0,221326320.000,1,0,1,多换,S,4191.0000,4190.8000,4190.0000,4189.6000,4189.2000,4191.4000,4191.6000,4191.8000,4192.0000,4192.2000,2,2,2,1,1,1,3,4,3,1
SF,IF2003,2020-01-03 09:30:45.400,4191.0000,39513,-1,222583620.000,1,0,1,双平,S,4191.0000,4190.8000,4190.0000,4189.6000,4189.2000,4191.6000,4191.8000,4192.0000,4192.2000,4192.4000,2,2,2,1,1,3,4,3,1,3
SF,IF2003,2020-01-03 09:30:45.900,4191.2000,39513,0,223840980.000,1,0,1,多换,S,4191.4000,4191.0000,4190.8000,4190.0000,4189.6000,4191.6000,4191.8000,4192.0000,4192.2000,4192.4000,1,2,2,2,1,1,4,3,1,3
SF,IF2003,2020-01-03 09:30:46.400,4191.4000,39512,-1,226355820.000,2,0,2,多平,S,4191.4000,4191.0000,4190.8000,4190.0000,4189.6000,4191.6000,4191.8000,4192.0000,4192.2000,4192.4000,9,2,2,2,1,1,4,3,1,3
SF,IF2003,2020-01-03 09:30:46.900,4191.6000,39511,-1,230128260.000,3,1,2,多平,S,4191.4000,4191.0000,4190.8000,4190.0000,4189.6000,4191.8000,4192.0000,4192.2000,4192.4000,4192.6000,9,2,2,2,1,3,3,1,3,8
SF,IF2003,2020-01-03 09:30:47.400,4191.6000,39511,0,230128260.000,0,-,-,-,-,4191.4000,4191.0000,4190.8000,4190.0000,4189.6000,4191.8000,4192.0000,4192.2000,4192.4000,4192.6000,9,2,3,2,1,3,4,1,3,8
SF,IF2003,2020-01-03 09:30:47.900,4191.8000,39508,-3,233900880.000,3,0,3,双平,S,4191.6000,4191.4000,4191.0000,4190.8000,4190.0000,4192.0000,4192.2000,4192.4000,4192.6000,4192.8000,1,9,2,3,2,4,1,3,8,5
SF,IF2003,2020-01-03 09:30:48.400,4192.0000,39507,-1,235158480.000,1,0,1,双平,S,4191.8000,4191.6000,4191.4000,4191.0000,4190.8000,4192.0000,4192.2000,4192.4000,4192.6000,4192.8000,9,1,9,2,3,3,1,3,8,5
SF,IF2003,2020-01-03 09:30:48.900,4192.2000,39508,1,242704260.000,6,3,3,空开,S,4192.0000,4191.8000,4191.6000,4191.4000,4191.0000,4192.4000,4192.6000,4192.8000,4193.6000,4193.8000,2,9,1,9,2,3,8,5,1,2
SF,IF2003,2020-01-03 09:30:49.400,4192.2000,39508,0,242704260.000,0,-,-,-,-,4192.0000,4191.8000,4191.6000,4191.4000,4191.0000,4192.2000,4192.4000,4192.6000,4192.8000,4193.6000,2,9,1,9,2,2,3,8,5,1
SF,IF2003,2020-01-03 09:30:49.900,4192.2000,39506,-2,245219580.000,2,0,2,双平,S,4192.2000,4192.0000,4191.8000,4191.6000,4191.4000,4192.4000,4192.6000,4192.8000,4193.6000,4193.8000,2,4,9,1,9,3,8,5,1,2
SF,IF2003,2020-01-03 09:30:50.400,4192.4000,39503,-3,248992740.000,3,0,3,双平,S,4192.0000,4191.8000,4191.6000,4191.4000,4191.0000,4192.6000,4192.8000,4193.6000,4193.8000,4194.0000,4,9,1,9,2,8,5,1,2,2
SF,IF2003,2020-01-03 09:30:50.900,4192.6000,39502,-1,260312760.000,9,4,5,多平,S,4192.6000,4192.0000,4191.8000,4191.6000,4191.4000,4192.8000,4193.6000,4193.8000,4194.0000,4194.2000,12,4,9,1,9,6,1,2,2,2
SF,IF2003,2020-01-03 09:30:51.400,4192.6000,39503,1,272890620.000,10,5,5,空开,S,4192.6000,4192.0000,4191.8000,4191.6000,4191.4000,4192.8000,4193.6000,4193.8000,4194.0000,4194.2000,3,4,9,1,9,5,1,2,2,2
SF,IF2003,2020-01-03 09:30:51.900,4192.8000,39502,-1,274148460.000,1,0,1,双平,S,4192.6000,4192.0000,4191.8000,4191.6000,4191.4000,4192.8000,4193.6000,4193.8000,4194.0000,4194.2000,3,4,9,1,9,3,1,2,2,2
SF,IF2003,2020-01-03 09:30:52.400,4192.8000,39499,-3,277921980.000,3,0,3,双平,S,4192.6000,4192.0000,4191.8000,4191.6000,4191.4000,4193.6000,4193.8000,4194.0000,4194.2000,4194.8000,3,4,9,1,9,1,2,2,2,3
SF,IF2003,2020-01-03 09:30:52.900,4192.8000,39499,0,277921980.000,0,-,-,-,-,4192.6000,4192.0000,4191.8000,4191.6000,4191.4000,4193.4000,4193.6000,4193.8000,4194.0000,4194.2000,3,4,9,1,9,2,1,2,2,2
SF,IF2003,2020-01-03 09:30:53.900,4193.4000,39497,-2,280438020.000,2,0,2,双平,S,4193.4000,4192.6000,4192.0000,4191.8000,4191.6000,4193.6000,4193.8000,4194.0000,4194.2000,4194.8000,6,3,4,1,1,1,2,2,2,3
SF,IF2003,2020-01-03 09:30:54.400,4193.4000,39491,-6,287986140.000,6,0,6,双平,S,4192.6000,4192.0000,4191.6000,4191.4000,4191.0000,4193.6000,4193.8000,4194.0000,4194.2000,4194.8000,3,4,1,9,2,1,2,2,2,3
SF,IF2003,2020-01-03 09:30:54.900,4193.4000,39491,0,287986140.000,0,-,-,-,-,4192.6000,4192.0000,4191.6000,4191.4000,4191.0000,4193.4000,4193.6000,4193.8000,4194.0000,4194.2000,3,4,1,9,2,1,1,2,2,2
SF,IF2003,2020-01-03 09:30:55.400,4193.6000,39489,-2,290502240.000,2,0,2,双平,S,4192.6000,4192.0000,4191.6000,4191.4000,4191.0000,4193.6000,4193.8000,4194.2000,4194.8000,4195.0000,3,4,1,9,2,1,2,2,3,2
SF,IF2003,2020-01-03 09:30:55.900,4193.6000,39489,0,290502240.000,0,-,-,-,-,4192.8000,4192.6000,4192.0000,4191.6000,4191.4000,4193.4000,4193.6000,4193.8000,4194.2000,4194.8000,1,3,4,1,9,1,1,2,2,3
SF,IF2003,2020-01-03 09:30:56.400,4193.6000,39489,0,290502240.000,0,-,-,-,-,4192.8000,4192.6000,4192.0000,4191.6000,4191.4000,4193.4000,4193.6000,4193.8000,4194.2000,4194.8000,1,3,4,1,9,2,1,2,2,3
SF,IF2003,2020-01-03 09:30:56.900,4193.4000,39488,-1,291760260.000,1,0,1,双平,S,4192.8000,4192.6000,4192.0000,4191.6000,4191.4000,4193.6000,4193.8000,4194.8000,4195.0000,4195.8000,9,3,4,1,9,1,2,3,2,8
SF,IF2003,2020-01-03 09:30:57.400,4193.0000,39487,-1,293018160.000,1,0,1,双平,S,4193.4000,4192.8000,4192.6000,4192.0000,4191.6000,4193.6000,4193.8000,4194.8000,4195.0000,4195.8000,1,9,3,5,1,1,2,3,2,8
SF,IF2003,2020-01-03 09:30:57.900,4193.8000,39487,0,296792520.000,3,1,2,多换,S,4194.0000,4193.4000,4192.8000,4192.6000,4192.0000,4194.8000,4195.0000,4195.8000,4196.8000,4197.8000,1,5,10,3,5,3,2,8,3,3
SF,IF2003,2020-01-03 09:30:58.400,4194.0000,39487,0,298050720.000,1,0,1,多换,S,4193.4000,4192.8000,4192.6000,4192.0000,4191.6000,4193.8000,4194.0000,4194.6000,4194.8000,4195.0000,5,9,3,5,1,1,1,5,3,2
SF,IF2003,2020-01-03 09:30:58.900,4194.0000,39487,0,298050720.000,0,-,-,-,-,4193.4000,4192.8000,4192.6000,4192.0000,4191.6000,4193.6000,4194.6000,4194.8000,4195.0000,4195.8000,6,9,3,5,1,1,3,3,2,8
SF,IF2003,2020-01-03 09:30:59.400,4193.6000,39486,-1,299308800.000,1,0,1,双平,S,4193.4000,4193.0000,4192.8000,4192.6000,4192.0000,4194.6000,4194.8000,4195.0000,4195.8000,4196.8000,6,1,9,3,5,3,3,2,8,3
SF,IF2003,2020-01-03 09:30:59.900,4193.6000,39486,0,299308800.000,0,-,-,-,-,4193.4000,4193.0000,4192.8000,4192.6000,4192.0000,4193.8000,4194.4000,4194.6000,4194.8000,4195.0000,7,1,9,3,5,1,1,3,3,2
SF,IF2003,2020-01-03 09:31:00.400,4193.6000,39486,0,299308800.000,0,-,-,-,-,4193.6000,4193.4000,4193.0000,4192.8000,4192.6000,4194.4000,4194.6000,4194.8000,4195.0000,4195.8000,1,7,1,9,3,1,3,3,2,8
SF,IF2003,2020-01-03 09:31:00.900,4193.6000,39486,0,299308800.000,0,-,-,-,-,4193.8000,4193.6000,4193.4000,4193.0000,4192.8000,4194.2000,4194.8000,4195.0000,4195.8000,4196.8000,3,3,6,1,9,1,3,2,8,3
SF,IF2003,2020-01-03 09:31:01.400,4193.6000,39483,-3,306857520.000,6,1,5,多平,S,4193.4000,4193.0000,4192.8000,4192.6000,4192.0000,4193.8000,4194.2000,4194.8000,4195.0000,4195.8000,6,1,9,3,5,1,1,3,2,8
SF,IF2003,2020-01-03 09:31:01.900,4193.4000,39480,-3,311889600.000,4,0,4,多平,S,4193.4000,4193.0000,4192.8000,4192.6000,4192.0000,4193.6000,4194.6000,4194.8000,4195.0000,4195.8000,2,1,9,3,5,1,1,3,2,8
SF,IF2003,2020-01-03 09:31:02.400,4193.4000,39479,-1,314405640.000,2,0,2,多平,S,4193.0000,4192.8000,4192.6000,4192.0000,4191.6000,4193.4000,4194.6000,4194.8000,4195.0000,4195.8000,1,9,3,5,1,3,1,3,2,8
SF,IF2003,2020-01-03 09:31:02.900,4193.2000,39478,-1,316921500.000,2,0,2,多平,S,4192.8000,4192.6000,4192.0000,4191.6000,4191.4000,4193.2000,4194.6000,4194.8000,4195.0000,4195.8000,9,3,5,1,11,1,1,3,2,8
SF,IF2003,2020-01-03 09:31:03.400,4193.2000,39478,0,316921500.000,0,-,-,-,-,4192.8000,4192.6000,4192.0000,4191.6000,4191.4000,4193.2000,4194.6000,4194.8000,4195.0000,4195.8000,9,3,5,1,11,2,1,3,2,8
SF,IF2003,2020-01-03 09:31:04.400,4193.0000,39474,-4,321952920.000,4,0,4,双平,S,4192.8000,4192.6000,4192.0000,4191.6000,4191.4000,4194.6000,4194.8000,4195.0000,4195.8000,4196.8000,6,3,5,1,11,1,3,2,8,3
SF,IF2003,2020-01-03 09:31:04.900,4193.0000,39474,0,321952920.000,0,-,-,-,-,4193.6000,4193.0000,4192.8000,4192.6000,4192.0000,4194.0000,4194.2000,4194.4000,4194.6000,4194.8000,1,1,6,3,5,1,12,8,1,3
SF,IF2003,2020-01-03 09:31:05.400,4193.6000,39473,-1,323211000.000,1,0,1,双平,S,4193.8000,4193.2000,4193.0000,4192.8000,4192.6000,4194.0000,4194.2000,4194.4000,4194.6000,4194.8000,1,1,1,6,3,1,1,6,1,3
SF,IF2003,2020-01-03 09:31:05.900,4193.8000,39470,-3,326985420.000,3,0,3,双平,S,4193.2000,4193.0000,4192.8000,4192.6000,4192.0000,4194.0000,4194.2000,4194.4000,4194.6000,4194.8000,1,1,6,3,5,1,1,6,1,3
SF,IF2003,2020-01-03 09:31:06.900,4193.8000,39470,0,326985420.000,0,-,-,-,-,4193.2000,4193.0000,4192.8000,4192.6000,4192.0000,4193.8000,4194.0000,4194.2000,4194.4000,4194.6000,1,1,6,3,6,1,1,1,6,1
SF,IF2003,2020-01-03 09:31:07.400,4193.8000,39469,-1,328243560.000,1,0,1,双平,S,4193.2000,4192.8000,4192.6000,4192.0000,4191.6000,4193.8000,4194.4000,4194.6000,4194.8000,4195.0000,1,6,3,6,1,1,4,1,3,2
SF,IF2003,2020-01-03 09:31:07.900,4193.8000,39467,-2,330759840.000,2,0,2,双平,S,4193.2000,4192.8000,4192.6000,4192.0000,4191.6000,4193.6000,4194.4000,4194.6000,4194.8000,4195.0000,1,6,3,6,1,1,4,1,3,2
SF,IF2003,2020-01-03 09:31:08.400,4193.6000,39466,-1,332017920.000,1,0,1,双平,S,4193.6000,4193.2000,4192.8000,4192.6000,4192.0000,4194.4000,4194.6000,4194.8000,4195.0000,4195.8000,1,1,6,3,6,4,1,3,2,8
SF,IF2003,2020-01-03 09:31:08.900,4193.6000,39466,0,332017920.000,0,-,-,-,-,4193.6000,4193.2000,4192.8000,4192.6000,4192.0000,4194.4000,4194.6000,4194.8000,4195.0000,4195.8000,2,1,6,3,6,4,1,3,2,8
SF,IF2003,2020-01-03 09:31:09.400,4193.6000,39466,0,332017920.000,0,-,-,-,-,4193.6000,4193.2000,4192.8000,4192.6000,4192.0000,4193.8000,4194.2000,4194.4000,4194.6000,4194.8000,2,1,6,3,6,1,1,3,1,3
SF,IF2003,2020-01-03 09:31:09.900,4193.8000,39464,-2,335792340.000,3,0,3,多平,S,4193.8000,4193.6000,4193.2000,4193.0000,4192.8000,4194.2000,4194.4000,4194.6000,4194.8000,4195.0000,1,1,1,1,6,1,3,1,3,2
SF,IF2003,2020-01-03 09:31:10.400,4194.2000,39465,1,337050600.000,1,1,0,双开,S,4193.8000,4193.6000,4193.2000,4193.0000,4192.8000,4194.4000,4194.6000,4194.8000,4195.0000,4195.8000,1,1,1,1,6,3,1,3,2,8
SF,IF2003,2020-01-03 09:31:10.900,4194.2000,39465,0,337050600.000,0,-,-,-,-,4193.6000,4193.2000,4193.0000,4192.8000,4192.6000,4194.2000,4194.4000,4194.6000,4194.8000,4195.0000,1,1,1,6,3,1,3,1,3,2
SF,IF2003,2020-01-03 09:31:11.400,4193.8000,39465,0,338308740.000,1,0,1,多换,S,4193.6000,4193.2000,4193.0000,4192.8000,4192.6000,4193.8000,4194.2000,4194.4000,4194.6000,4194.8000,1,1,1,6,3,4,5,3,1,3
SF,IF2003,2020-01-03 09:31:11.900,4193.2000,39463,-2,340824780.000,2,0,2,双平,S,4193.0000,4192.8000,4192.6000,4192.0000,4191.6000,4193.6000,4193.8000,4194.0000,4194.2000,4194.4000,1,5,3,6,1,1,4,2,4,3
SF,IF2003,2020-01-03 09:31:12.400,4193.2000,39463,0,340824780.000,0,-,-,-,-,4193.0000,4192.8000,4192.6000,4192.0000,4191.6000,4193.6000,4193.8000,4194.0000,4194.2000,4194.4000,1,5,3,6,1,1,4,2,4,3
SF,IF2003,2020-01-03 09:31:12.900,4193.2000,39463,0,340824780.000,0,-,-,-,-,4193.0000,4192.8000,4192.6000,4192.0000,4191.6000,4193.6000,4193.8000,4194.0000,4194.2000,4194.4000,1,5,3,6,1,1,4,2,4,3
SF,IF2003,2020-01-03 09:31:13.400,4193.2000,39463,0,340824780.000,0,-,-,-,-,4193.0000,4192.8000,4192.6000,4192.0000,4191.6000,4193.6000,4193.8000,4194.0000,4194.2000,4194.4000,1,5,3,6,1,1,4,2,4,3
SF,IF2003,2020-01-03 09:31:13.900,4193.2000,39463,0,340824780.000,0,-,-,-,-,4193.2000,4193.0000,4192.8000,4192.6000,4192.0000,4193.6000,4193.8000,4194.0000,4194.2000,4194.4000,1,1,5,3,6,1,4,2,4,3
SF,IF2003,2020-01-03 09:31:14.400,4193.6000,39462,-1,342082860.000,1,0,1,双平,S,4193.6000,4193.2000,4193.0000,4192.8000,4192.6000,4193.8000,4194.0000,4194.2000,4194.4000,4194.8000,2,1,1,5,3,4,2,4,2,3
SF,IF2003,2020-01-03 09:31:14.900,4193.0000,39452,-10,355921560.000,11,0,11,多平,S,4192.8000,4192.6000,4192.0000,4191.6000,4191.4000,4193.6000,4194.0000,4194.4000,4194.8000,4195.0000,5,3,6,1,11,4,2,2,3,3
SF,IF2003,2020-01-03 09:31:15.400,4193.6000,39450,-2,358437720.000,2,0,2,双平,S,4193.0000,4192.8000,4192.6000,4192.0000,4191.6000,4193.6000,4194.0000,4194.4000,4194.8000,4195.0000,1,5,3,6,1,2,2,2,3,3
SF,IF2003,2020-01-03 09:31:15.900,4193.6000,39450,0,358437720.000,0,-,-,-,-,4193.0000,4192.8000,4192.6000,4192.0000,4191.6000,4193.6000,4194.0000,4194.4000,4194.8000,4195.0000,1,5,3,6,1,2,2,2,3,3
SF,IF2003,2020-01-03 09:31:16.400,4193.6000,39450,0,358437720.000,0,-,-,-,-,4193.0000,4192.8000,4192.6000,4192.0000,4191.6000,4193.6000,4194.0000,4194.4000,4194.8000,4195.0000,1,5,3,6,1,2,2,2,3,3
SF,IF2003,2020-01-03 09:31:16.900,4193.6000,39448,-2,360953880.000,2,0,2,双平,S,4193.0000,4192.8000,4192.6000,4192.0000,4191.6000,4194.0000,4194.4000,4194.8000,4195.0000,4195.8000,1,6,3,6,1,2,2,3,3,9
SF,IF2003,2020-01-03 09:31:17.400,4193.6000,39448,0,360953880.000,0,-,-,-,-,4193.2000,4193.0000,4192.8000,4192.6000,4192.0000,4193.6000,4194.0000,4194.4000,4194.8000,4195.0000,2,2,6,3,6,1,2,2,3,3
SF,IF2003,2020-01-03 09:31:17.900,4193.6000,39447,-1,362211960.000,1,0,1,双平,S,4193.6000,4193.2000,4193.0000,4192.8000,4192.6000,4194.0000,4194.4000,4194.8000,4195.0000,4195.8000,1,1,2,5,3,2,2,3,3,9
SF,IF2003,2020-01-03 09:31:19.400,4194.0000,39446,-1,365986440.000,3,1,2,多平,S,4194.0000,4193.2000,4193.0000,4192.8000,4192.6000,4194.4000,4194.8000,4195.0000,4195.8000,4196.8000,8,1,2,5,3,2,3,3,9,3
SF,IF2003,2020-01-03 09:31:19.900,4194.0000,39446,0,371019240.000,4,2,2,多换,S,4194.2000,4194.0000,4193.0000,4192.8000,4192.6000,4194.4000,4194.8000,4195.0000,4195.8000,4196.8000,1,4,2,5,3,2,3,4,9,3
SF,IF2003,2020-01-03 09:31:20.400,4194.0000,39446,0,371019240.000,0,-,-,-,-,4194.2000,4194.0000,4193.0000,4192.8000,4192.6000,4194.4000,4194.8000,4195.0000,4195.8000,4196.8000,1,4,2,5,3,4,3,4,9,3
SF,IF2003,2020-01-03 09:31:20.900,4194.0000,39446,0,371019240.000,0,-,-,-,-,4194.2000,4194.0000,4193.0000,4192.8000,4192.6000,4194.4000,4194.8000,4195.0000,4195.8000,4196.8000,1,4,2,5,3,5,3,4,9,3
SF,IF2003,2020-01-03 09:31:21.400,4194.2000,39445,-1,373535820.000,2,0,2,多平,S,4194.0000,4193.0000,4192.8000,4192.6000,4192.0000,4194.4000,4194.8000,4195.0000,4195.8000,4196.8000,9,2,5,3,6,4,3,4,9,3
SF,IF2003,2020-01-03 09:31:21.900,4194.4000,39444,-1,374794140.000,1,0,1,双平,S,4194.0000,4193.0000,4192.8000,4192.6000,4192.0000,4194.4000,4194.8000,4195.0000,4195.8000,4196.8000,9,2,5,3,6,3,3,4,9,3
SF,IF2003,2020-01-03 09:31:22.400,4194.4000,39441,-3,378569100.000,3,0,3,双平,S,4194.4000,4194.0000,4193.0000,4192.8000,4192.6000,4194.8000,4195.0000,4195.8000,4196.8000,4197.8000,1,9,2,5,3,3,4,9,3,3
SF,IF2003,2020-01-03 09:31:22.900,4194.4000,39441,0,378569100.000,0,-,-,-,-,4194.4000,4194.0000,4193.0000,4192.8000,4192.6000,4194.8000,4195.0000,4195.8000,4196.8000,4197.8000,1,9,2,5,3,3,4,9,3,3
SF,IF2003,2020-01-03 09:31:23.400,4194.0000,39440,-1,383602020.000,4,1,3,多平,S,4194.0000,4193.6000,4193.0000,4192.8000,4192.6000,4194.8000,4195.0000,4195.8000,4196.8000,4197.8000,6,1,2,5,3,3,4,9,3,3
SF,IF2003,2020-01-03 09:31:23.900,4194.0000,39439,-1,384860220.000,1,0,1,双平,S,4194.0000,4193.6000,4193.0000,4192.8000,4192.6000,4194.8000,4195.0000,4195.8000,4196.8000,4197.8000,6,1,2,5,3,3,4,9,3,3
SF,IF2003,2020-01-03 09:31:24.900,4194.0000,39439,0,384860220.000,0,-,-,-,-,4194.2000,4194.0000,4193.6000,4193.0000,4192.8000,4194.8000,4195.0000,4195.8000,4196.8000,4197.8000,1,6,1,2,5,3,4,9,3,3
SF,IF2003,2020-01-03 09:31:25.400,4194.0000,39439,0,384860220.000,0,-,-,-,-,4194.2000,4194.0000,4193.6000,4193.0000,4192.8000,4194.8000,4195.0000,4195.8000,4196.8000,4197.8000,1,5,1,2,5,3,4,9,3,3
SF,IF2003,2020-01-03 09:31:25.900,4194.2000,39438,-1,386118480.000,1,0,1,双平,S,4194.0000,4193.6000,4193.0000,4192.8000,4192.6000,4194.8000,4195.0000,4195.8000,4196.8000,4197.8000,5,1,2,5,3,3,4,9,3,3
SF,IF2003,2020-01-03 09:31:26.400,4194.0000,39435,-3,391151640.000,4,0,4,多平,S,4194.0000,4193.6000,4193.0000,4192.8000,4192.6000,4194.6000,4194.8000,4195.0000,4195.8000,4196.8000,3,1,2,5,3,1,3,4,9,3
SF,IF2003,2020-01-03 09:31:26.900,4194.0000,39434,-1,392409840.000,1,0,1,双平,S,4194.0000,4193.6000,4193.0000,4192.8000,4192.6000,4194.6000,4194.8000,4195.0000,4195.8000,4196.8000,2,1,2,5,3,1,3,4,9,3
SF,IF2003,2020-01-03 09:31:27.400,4194.6000,39433,-1,393668220.000,1,0,1,双平,S,4194.0000,4193.6000,4193.0000,4192.8000,4192.6000,4194.6000,4194.8000,4195.0000,4195.8000,4196.8000,2,1,2,5,3,1,3,4,9,3
SF,IF2003,2020-01-03 09:31:27.900,4194.6000,39433,0,393668220.000,0,-,-,-,-,4194.0000,4193.6000,4193.0000,4192.8000,4192.6000,4194.2000,4194.6000,4194.8000,4195.0000,4195.8000,3,1,2,5,3,1,1,3,4,9
SF,IF2003,2020-01-03 09:31:28.400,4194.0000,39433,0,401218500.000,6,3,3,多换,S,4194.0000,4193.6000,4193.0000,4192.8000,4192.6000,4195.0000,4195.8000,4196.8000,4197.8000,4198.0000,2,1,2,5,3,4,9,3,3,2
SF,IF2003,2020-01-03 09:31:28.900,4194.0000,39433,0,401218500.000,0,-,-,-,-,4194.0000,4193.6000,4193.0000,4192.8000,4192.6000,4194.8000,4195.0000,4195.8000,4196.8000,4197.8000,2,1,2,5,3,1,4,9,3,3
SF,IF2003,2020-01-03 09:31:29.400,4194.0000,39433,0,401218500.000,0,-,-,-,-,4194.2000,4194.0000,4193.6000,4193.0000,4192.8000,4194.8000,4195.0000,4195.8000,4196.8000,4197.8000,1,1,1,2,5,1,4,10,3,3
SF,IF2003,2020-01-03 09:31:29.900,4194.0000,39433,0,401218500.000,0,-,-,-,-,4194.2000,4194.0000,4193.6000,4193.0000,4192.8000,4195.0000,4195.8000,4196.8000,4197.8000,4198.0000,1,1,1,2,5,4,10,3,3,2
SF,IF2003,2020-01-03 09:31:30.400,4195.0000,39432,-1,403735440.000,2,0,2,多平,S,4194.2000,4194.0000,4193.6000,4193.0000,4192.8000,4195.0000,4195.2000,4195.8000,4196.8000,4197.8000,1,1,1,2,5,3,2,10,3,3
SF,IF2003,2020-01-03 09:31:30.900,4195.0000,39432,0,403735440.000,0,-,-,-,-,4194.2000,4194.0000,4193.6000,4193.0000,4192.8000,4194.6000,4195.0000,4195.2000,4195.8000,4196.8000,2,1,1,2,5,1,3,2,10,3
SF,IF2003,2020-01-03 09:31:31.400,4194.6000,39432,0,406252080.000,2,1,1,多换,S,4194.2000,4194.0000,4193.6000,4193.0000,4192.8000,4194.8000,4195.0000,4195.8000,4196.8000,4197.8000,1,1,1,2,5,1,3,10,3,3
SF,IF2003,2020-01-03 09:31:31.900,4194.8000,39431,-1,407510520.000,1,0,1,双平,S,4194.2000,4194.0000,4193.6000,4193.0000,4192.8000,4195.0000,4195.8000,4196.8000,4197.8000,4198.0000,1,1,1,2,5,3,10,3,3,5
SF,IF2003,2020-01-03 09:31:32.400,4194.8000,39431,0,407510520.000,0,-,-,-,-,4194.2000,4194.0000,4193.6000,4193.0000,4192.8000,4195.0000,4195.8000,4196.8000,4197.8000,4198.0000,2,1,1,2,5,3,10,3,3,5
SF,IF2003,2020-01-03 09:31:32.900,4194.8000,39431,0,407510520.000,0,-,-,-,-,4194.2000,4194.0000,4193.6000,4193.2000,4193.0000,4195.0000,4195.8000,4196.8000,4197.8000,4198.0000,2,1,1,1,2,3,10,3,3,5
SF,IF2003,2020-01-03 09:31:33.400,4194.8000,39431,0,407510520.000,0,-,-,-,-,4194.8000,4194.2000,4194.0000,4193.6000,4193.2000,4195.0000,4195.8000,4196.8000,4197.8000,4198.0000,1,2,1,1,1,3,10,3,3,5
SF,IF2003,2020-01-03 09:31:33.900,4194.8000,39431,0,407510520.000,0,-,-,-,-,4194.8000,4194.2000,4194.0000,4193.6000,4193.2000,4195.0000,4195.8000,4196.8000,4197.8000,4198.0000,1,2,1,1,1,4,10,3,3,5
SF,IF2003,2020-01-03 09:31:34.400,4194.8000,39431,0,407510520.000,0,-,-,-,-,4194.8000,4194.4000,4194.2000,4194.0000,4193.6000,4195.0000,4195.8000,4196.8000,4197.8000,4198.0000,1,1,1,3,1,7,10,3,3,5
SF,IF2003,2020-01-03 09:31:34.900,4194.8000,39430,-1,408768960.000,1,0,1,双平,S,4194.4000,4194.2000,4194.0000,4193.6000,4193.4000,4194.6000,4194.8000,4195.0000,4195.8000,4196.8000,1,1,3,1,1,1,3,7,10,3
SF,IF2003,2020-01-03 09:31:35.400,4194.4000,39423,-7,417577140.000,7,0,7,双平,S,4194.0000,4193.6000,4193.4000,4193.2000,4193.0000,4194.8000,4195.0000,4195.8000,4196.8000,4197.8000,3,1,1,1,2,1,7,10,3,3
SF,IF2003,2020-01-03 09:31:35.900,4194.4000,39423,0,417577140.000,0,-,-,-,-,4194.0000,4193.6000,4193.4000,4193.2000,4193.0000,4194.6000,4194.8000,4195.0000,4195.8000,4196.8000,3,1,1,1,2,2,1,7,10,3
SF,IF2003,2020-01-03 09:31:36.400,4194.4000,39421,-2,420093780.000,2,0,2,双平,S,4194.0000,4193.6000,4193.4000,4193.2000,4193.0000,4194.6000,4194.8000,4195.0000,4195.8000,4196.8000,3,1,1,1,2,1,1,7,10,3
SF,IF2003,2020-01-03 09:31:36.900,4194.8000,39420,-1,423868980.000,3,1,2,多平,S,4194.8000,4194.2000,4194.0000,4193.6000,4193.4000,4195.0000,4195.8000,4196.8000,4197.8000,4198.0000,1,1,3,1,1,7,10,3,3,15
SF,IF2003,2020-01-03 09:31:37.400,4194.8000,39420,0,425127420.000,1,0,1,多换,S,4194.2000,4194.0000,4193.6000,4193.4000,4193.2000,4195.0000,4195.8000,4196.8000,4197.8000,4198.0000,1,3,1,1,1,7,10,3,3,15
SF,IF2003,2020-01-03 09:31:37.900,4194.2000,39419,-1,426385680.000,1,0,1,双平,S,4194.0000,4193.6000,4193.4000,4193.2000,4193.0000,4195.0000,4195.8000,4196.8000,4197.8000,4198.0000,3,1,1,1,2,7,10,3,3,15
SF,IF2003,2020-01-03 09:31:38.900,4194.2000,39419,0,426385680.000,0,-,-,-,-,4194.2000,4194.0000,4193.6000,4193.4000,4193.2000,4195.0000,4195.8000,4196.8000,4197.8000,4198.0000,1,3,1,1,1,7,10,3,3,15
SF,IF2003,2020-01-03 09:31:39.400,4194.6000,39419,0,427644060.000,1,0,1,多换,S,4194.2000,4194.0000,4193.6000,4193.4000,4193.2000,4195.0000,4195.8000,4196.8000,4197.8000,4198.0000,1,3,1,1,1,7,10,3,3,15
SF,IF2003,2020-01-03 09:31:39.900,4194.6000,39419,0,427644060.000,0,-,-,-,-,4194.2000,4194.0000,4193.6000,4193.4000,4193.2000,4194.8000,4195.0000,4195.8000,4196.8000,4197.8000,1,3,1,1,1,1,8,10,3,3
SF,IF2003,2020-01-03 09:31:40.400,4194.6000,39419,0,427644060.000,0,-,-,-,-,4194.2000,4194.0000,4193.6000,4193.4000,4193.2000,4194.8000,4195.0000,4195.8000,4196.8000,4197.8000,1,3,1,1,1,1,8,10,3,3
SF,IF2003,2020-01-03 09:31:40.900,4194.6000,39419,0,427644060.000,0,-,-,-,-,4194.2000,4194.0000,4193.6000,4193.4000,4193.2000,4194.8000,4195.0000,4195.8000,4196.8000,4197.8000,1,3,1,1,1,1,8,10,3,3
SF,IF2003,2020-01-03 09:31:41.400,4194.6000,39419,0,427644060.000,0,-,-,-,-,4194.2000,4194.0000,4193.6000,4193.4000,4193.2000,4194.8000,4195.0000,4195.2000,4195.8000,4196.8000,2,3,1,1,1,1,8,1,10,3
SF,IF2003,2020-01-03 09:31:41.900,4194.8000,39419,0,428902500.000,1,0,1,多换,S,4194.2000,4194.0000,4193.6000,4193.4000,4193.2000,4194.8000,4195.0000,4195.2000,4195.8000,4196.8000,2,3,1,1,1,1,8,1,9,3
SF,IF2003,2020-01-03 09:31:42.400,4195.0000,39419,0,431419440.000,2,1,1,多换,S,4194.2000,4194.0000,4193.6000,4193.4000,4193.2000,4195.0000,4195.2000,4195.8000,4196.8000,4197.8000,2,3,1,1,1,7,1,9,3,3
SF,IF2003,2020-01-03 09:31:42.900,4195.0000,39419,0,431419440.000,0,-,-,-,-,4194.8000,4194.2000,4194.0000,4193.6000,4193.4000,4195.0000,4195.2000,4195.8000,4196.8000,4197.8000,2,2,3,1,1,7,2,9,3,3
SF,IF2003,2020-01-03 09:31:43.400,4194.2000,39417,-2,436452840.000,4,1,3,多平,S,4194.0000,4193.6000,4193.4000,4193.2000,4193.0000,4195.0000,4195.2000,4195.8000,4196.8000,4197.8000,3,1,1,1,1,8,2,9,3,3
SF,IF2003,2020-01-03 09:31:43.900,4194.2000,39416,-1,437711100.000,1,0,1,双平,S,4194.0000,4193.6000,4193.4000,4193.2000,4193.0000,4195.0000,4195.2000,4195.8000,4196.8000,4197.8000,3,1,1,1,1,8,2,9,3,3
SF,IF2003,2020-01-03 09:31:44.400,4194.2000,39416,0,437711100.000,0,-,-,-,-,4194.0000,4193.6000,4193.4000,4193.2000,4193.0000,4195.0000,4195.2000,4195.8000,4196.8000,4197.8000,3,1,1,1,1,8,2,9,3,3
SF,IF2003,2020-01-03 09:31:44.900,4194.2000,39415,-1,438969360.000,1,0,1,双平,S,4194.0000,4193.6000,4193.4000,4193.2000,4193.0000,4194.8000,4195.0000,4195.2000,4195.8000,4196.8000,4,1,1,1,1,1,8,2,9,3
SF,IF2003,2020-01-03 09:31:45.400,4194.2000,39415,0,438969360.000,0,-,-,-,-,4194.0000,4193.6000,4193.4000,4193.0000,4192.8000,4194.6000,4194.8000,4195.0000,4195.2000,4195.8000,4,1,1,1,5,1,1,8,2,9
SF,IF2003,2020-01-03 09:31:45.900,4194.6000,39414,-1,440227740.000,1,0,1,双平,S,4194.0000,4193.6000,4193.4000,4193.0000,4192.8000,4194.8000,4195.0000,4195.2000,4195.8000,4196.8000,4,1,1,1,5,1,8,2,9,3
SF,IF2003,2020-01-03 09:31:46.400,4194.6000,39414,0,440227740.000,0,-,-,-,-,4194.0000,4193.6000,4193.4000,4193.0000,4192.8000,4194.8000,4195.0000,4195.2000,4195.8000,4196.8000,4,1,1,1,5,1,8,2,9,3
SF,IF2003,2020-01-03 09:31:46.900,4194.4000,39413,-1,442744500.000,2,0,2,多平,S,4194.0000,4193.6000,4193.4000,4193.0000,4192.8000,4194.8000,4195.0000,4195.2000,4195.8000,4196.8000,4,1,1,1,5,1,8,2,9,3
SF,IF2003,2020-01-03 09:31:47.400,4194.8000,39413,0,445261320.000,2,1,1,多换,S,4194.0000,4193.6000,4193.4000,4193.0000,4192.8000,4195.0000,4195.2000,4195.8000,4196.8000,4197.8000,4,1,1,1,5,8,2,9,3,3
SF,IF2003,2020-01-03 09:31:47.900,4194.8000,39413,0,445261320.000,0,-,-,-,-,4194.0000,4193.6000,4193.4000,4193.0000,4192.8000,4194.8000,4195.0000,4195.2000,4195.8000,4196.8000,4,1,1,1,5,1,8,2,9,3
SF,IF2003,2020-01-03 09:31:48.400,4194.8000,39413,0,445261320.000,0,-,-,-,-,4194.0000,4193.6000,4193.4000,4193.0000,4192.8000,4194.6000,4194.8000,4195.0000,4195.2000,4195.8000,4,1,1,1,5,1,2,8,2,9
SF,IF2003,2020-01-03 09:31:48.900,4194.8000,39413,0,446519760.000,1,0,1,多换,S,4194.0000,4193.6000,4193.4000,4193.0000,4192.6000,4194.8000,4195.0000,4195.2000,4195.8000,4196.8000,5,1,1,1,3,3,8,2,9,3
SF,IF2003,2020-01-03 09:31:49.400,4194.6000,39410,-3,455327220.000,7,2,5,多平,S,4193.4000,4193.0000,4192.6000,4192.0000,4191.6000,4194.8000,4195.0000,4195.2000,4195.8000,4196.8000,1,1,3,4,1,3,8,2,9,3
SF,IF2003,2020-01-03 09:31:49.900,4194.6000,39410,0,455327220.000,0,-,-,-,-,4193.6000,4193.4000,4193.0000,4192.6000,4192.0000,4194.6000,4194.8000,4195.0000,4195.2000,4195.8000,1,1,1,3,4,2,3,8,2,9
SF,IF2003,2020-01-03 09:31:50.400,4194.6000,39410,0,455327220.000,0,-,-,-,-,4193.4000,4193.0000,4192.6000,4192.0000,4191.6000,4194.6000,4194.8000,4195.0000,4195.2000,4195.8000,1,1,3,4,1,2,3,8,2,9
SF,IF2003,2020-01-03 09:31:50.900,4194.6000,39410,0,455327220.000,0,-,-,-,-,4193.4000,4193.0000,4192.6000,4192.0000,4191.6000,4194.4000,4194.8000,4195.0000,4195.2000,4195.8000,2,1,3,4,1,4,1,8,2,9
SF,IF2003,2020-01-03 09:31:51.400,4194.6000,39410,0,455327220.000,0,-,-,-,-,4193.6000,4193.4000,4193.0000,4192.6000,4192.0000,4194.4000,4194.8000,4195.0000,4195.2000,4195.8000,2,1,1,3,4,4,1,8,2,9
SF,IF2003,2020-01-03 09:31:51.900,4193.6000,39408,-2,457843380.000,2,0,2,双平,S,4193.4000,4193.0000,4192.6000,4192.0000,4191.6000,4194.4000,4194.8000,4195.0000,4195.2000,4195.8000,1,1,3,4,1,4,1,8,2,9
SF,IF2003,2020-01-03 09:31:52.400,4193.4000,39407,-1,459101400.000,1,0,1,双平,S,4193.0000,4192.6000,4192.0000,4191.6000,4191.4000,4193.4000,4194.2000,4194.4000,4194.8000,4195.0000,1,3,4,1,3,3,2,3,1,8
SF,IF2003,2020-01-03 09:31:52.900,4193.4000,39406,-1,461617320.000,2,0,2,多平,S,4192.6000,4192.0000,4191.6000,4191.4000,4191.0000,4193.4000,4194.2000,4194.4000,4195.0000,4195.2000,3,4,1,3,3,2,4,2,8,2
SF,IF2003,2020-01-03 09:31:53.400,4193.4000,39406,0,461617320.000,0,-,-,-,-,4192.6000,4192.0000,4191.6000,4191.4000,4191.0000,4193.2000,4193.4000,4194.2000,4194.4000,4195.0000,3,4,1,3,3,1,2,3,2,8
SF,IF2003,2020-01-03 09:31:53.900,4193.4000,39406,0,461617320.000,0,-,-,-,-,4192.6000,4192.0000,4191.6000,4191.4000,4191.0000,4193.2000,4193.4000,4194.2000,4194.4000,4195.0000,3,4,1,3,3,1,2,3,1,8
SF,IF2003,2020-01-03 09:31:54.400,4193.4000,39406,0,461617320.000,0,-,-,-,-,4192.6000,4192.0000,4191.6000,4191.4000,4191.0000,4193.2000,4193.4000,4194.2000,4194.4000,4195.0000,3,4,1,3,3,1,2,2,1,8
SF,IF2003,2020-01-03 09:31:54.900,4192.6000,39406,0,462875100.000,1,0,1,多换,S,4192.6000,4192.0000,4191.6000,4191.4000,4191.0000,4193.2000,4193.4000,4194.2000,4194.4000,4195.0000,2,4,1,3,3,1,2,1,1,8
SF,IF2003,2020-01-03 09:31:57.400,4192.6000,39406,0,465390660.000,2,1,1,多换,S,4192.0000,4191.6000,4191.4000,4191.0000,4190.0000,4192.6000,4193.2000,4193.4000,4194.2000,4194.4000,4,1,3,3,2,1,1,2,1,1
SF,IF2003,2020-01-03 09:31:57.900,4192.6000,39406,0,465390660.000,0,-,-,-,-,4192.0000,4191.6000,4191.4000,4191.0000,4190.0000,4192.6000,4193.2000,4193.4000,4194.2000,4194.4000,4,1,3,3,2,1,1,2,1,1
SF,IF2003,2020-01-03 09:31:58.400,4192.0000,39405,-1,467906040.000,2,0,2,多平,S,4192.0000,4191.6000,4191.4000,4191.0000,4190.0000,4193.2000,4193.4000,4194.2000,4194.4000,4195.0000,3,1,1,3,2,1,2,1,1,8
SF,IF2003,2020-01-03 09:31:58.900,4192.0000,39405,0,469163640.000,1,0,1,多换,S,4192.0000,4191.6000,4191.4000,4191.0000,4190.0000,4193.0000,4193.2000,4193.4000,4194.2000,4194.4000,2,1,1,3,2,1,3,2,1,1
SF,IF2003,2020-01-03 09:31:59.400,4192.0000,39405,0,469163640.000,0,-,-,-,-,4192.0000,4191.6000,4191.4000,4191.0000,4190.0000,4192.8000,4193.2000,4193.4000,4194.2000,4195.0000,2,1,1,3,2,2,3,2,1,8
SF,IF2003,2020-01-03 09:31:59.900,4192.0000,39405,0,469163640.000,0,-,-,-,-,4192.0000,4191.6000,4191.4000,4191.0000,4190.0000,4192.8000,4193.2000,4193.4000,4194.2000,4195.0000,2,1,1,3,2,2,2,2,1,8
SF,IF2003,2020-01-03 09:32:00.400,4192.0000,39405,0,469163640.000,0,-,-,-,-,4192.6000,4192.0000,4191.6000,4191.4000,4191.0000,4192.8000,4193.2000,4193.4000,4194.2000,4195.0000,1,2,1,1,3,2,2,2,1,8
SF,IF2003,2020-01-03 09:32:00.900,4192.6000,39405,0,470421420.000,1,0,1,多换,S,4192.0000,4191.6000,4191.4000,4191.0000,4190.0000,4192.6000,4192.8000,4193.2000,4193.4000,4194.2000,2,1,1,3,2,7,1,1,2,1
SF,IF2003,2020-01-03 09:32:01.400,4192.0000,39405,0,472936620.000,2,1,1,多换,S,4191.6000,4191.4000,4191.0000,4190.0000,4189.0000,4192.0000,4192.6000,4192.8000,4193.2000,4193.4000,1,1,3,2,3,1,3,1,1,2
SF,IF2003,2020-01-03 09:32:02.400,4192.0000,39405,0,472936620.000,0,-,-,-,-,4191.6000,4191.4000,4191.0000,4190.0000,4189.0000,4192.0000,4192.6000,4192.8000,4193.2000,4193.4000,1,1,3,2,3,1,3,1,1,2
SF,IF2003,2020-01-03 09:32:02.900,4192.0000,39405,0,472936620.000,0,-,-,-,-,4191.6000,4191.4000,4191.0000,4190.0000,4189.0000,4192.6000,4192.8000,4193.2000,4193.4000,4193.6000,1,1,3,2,3,3,1,1,2,1
SF,IF2003,2020-01-03 09:32:03.400,4192.0000,39405,0,472936620.000,0,-,-,-,-,4191.6000,4191.4000,4191.0000,4190.0000,4189.0000,4192.4000,4192.6000,4193.2000,4193.4000,4193.6000,1,1,3,2,3,3,3,1,2,1
SF,IF2003,2020-01-03 09:32:03.900,4191.6000,39404,-1,475451820.000,2,0,2,多平,S,4191.4000,4191.0000,4190.0000,4189.0000,4188.0000,4192.4000,4192.6000,4193.2000,4193.4000,4193.6000,1,3,2,3,17,2,3,1,2,1
SF,IF2003,2020-01-03 09:32:04.400,4191.6000,39404,0,475451820.000,0,-,-,-,-,4191.4000,4191.0000,4190.0000,4189.0000,4188.0000,4192.2000,4192.4000,4192.6000,4193.2000,4193.4000,1,3,2,3,17,1,2,3,1,2
SF,IF2003,2020-01-03 09:32:04.900,4191.6000,39404,0,475451820.000,0,-,-,-,-,4191.4000,4191.0000,4190.0000,4189.0000,4188.0000,4192.2000,4192.4000,4192.6000,4193.2000,4193.4000,1,3,2,3,17,1,1,3,1,2
SF,IF2003,2020-01-03 09:32:05.900,4191.4000,39404,0,476709240.000,1,0,1,多换,S,4191.0000,4190.0000,4189.0000,4188.0000,4187.2000,4192.4000,4192.6000,4193.2000,4193.4000,4193.6000,3,2,3,17,2,1,3,1,2,1
SF,IF2003,2020-01-03 09:32:06.400,4192.2000,39404,0,479224500.000,2,1,1,多换,S,4191.0000,4190.0000,4189.0000,4188.0000,4187.2000,4192.2000,4192.4000,4192.6000,4193.2000,4193.6000,3,2,3,17,2,2,3,3,1,1
SF,IF2003,2020-01-03 09:32:06.900,4192.2000,39404,0,479224500.000,0,-,-,-,-,4191.2000,4191.0000,4190.0000,4189.0000,4188.0000,4192.0000,4192.2000,4192.6000,4193.2000,4193.6000,1,3,2,3,17,4,2,3,1,1
SF,IF2003,2020-01-03 09:32:07.400,4192.2000,39404,0,479224500.000,0,-,-,-,-,4191.2000,4191.0000,4190.0000,4189.0000,4188.0000,4192.0000,4192.2000,4192.6000,4193.2000,4193.4000,1,3,2,3,17,4,1,3,1,1
SF,IF2003,2020-01-03 09:32:07.900,4192.2000,39404,0,479224500.000,0,-,-,-,-,4191.0000,4190.0000,4189.0000,4188.0000,4187.2000,4192.0000,4192.2000,4192.6000,4193.2000,4193.4000,3,2,3,17,2,5,1,3,1,1
SF,IF2003,2020-01-03 09:32:08.400,4192.2000,39404,0,479224500.000,0,-,-,-,-,4191.0000,4190.0000,4189.0000,4188.0000,4187.2000,4191.8000,4192.0000,4192.2000,4192.6000,4193.2000,3,2,3,17,2,4,4,1,3,1
SF,IF2003,2020-01-03 09:32:08.900,4192.2000,39404,0,479224500.000,0,-,-,-,-,4191.0000,4190.0000,4189.0000,4188.0000,4187.2000,4191.8000,4192.0000,4192.2000,4192.6000,4193.2000,3,2,3,17,2,4,3,1,3,1
SF,IF2003,2020-01-03 09:32:09.400,4192.2000,39404,0,479224500.000,0,-,-,-,-,4191.0000,4190.0000,4189.0000,4188.0000,4187.2000,4191.6000,4191.8000,4192.0000,4192.2000,4192.6000,3,2,3,17,2,1,3,3,1,3
SF,IF2003,2020-01-03 09:32:09.900,4191.0000,39403,-1,480481800.000,1,0,1,双平,S,4191.0000,4190.0000,4189.0000,4188.0000,4187.2000,4191.6000,4191.8000,4192.0000,4192.2000,4192.6000,2,2,3,17,2,1,2,2,1,3
SF,IF2003,2020-01-03 09:32:10.400,4191.0000,39403,0,480481800.000,0,-,-,-,-,4191.0000,4190.0000,4189.0000,4188.0000,4187.2000,4191.4000,4191.6000,4191.8000,4192.0000,4192.2000,2,2,3,17,2,1,1,1,2,1
SF,IF2003,2020-01-03 09:32:10.900,4191.0000,39403,0,481739100.000,1,0,1,多换,S,4191.0000,4190.0000,4189.0000,4188.0000,4187.2000,4191.6000,4191.8000,4192.0000,4192.2000,4192.6000,1,2,3,17,2,1,1,2,1,3
SF,IF2003,2020-01-03 09:32:11.400,4191.0000,39402,-1,484253700.000,2,0,2,多平,S,4190.2000,4190.0000,4189.0000,4188.0000,4187.2000,4191.8000,4192.0000,4192.2000,4192.6000,4193.2000,1,2,3,17,2,1,2,1,3,1
SF,IF2003,2020-01-03 09:32:11.900,4191.6000,39400,-2,486768600.000,2,0,2,双平,S,4190.2000,4190.0000,4189.0000,4188.0000,4187.2000,4191.6000,4191.8000,4192.0000,4192.2000,4192.6000,1,2,3,17,2,3,1,1,1,3
SF,IF2003,2020-01-03 09:32:12.400,4191.6000,39400,0,488026080.000,1,0,1,多换,S,4190.4000,4190.2000,4190.0000,4189.0000,4188.0000,4191.6000,4191.8000,4192.0000,4192.2000,4192.6000,2,1,2,3,17,2,1,1,1,3
SF,IF2003,2020-01-03 09:32:12.900,4190.4000,39399,-1,489283200.000,1,0,1,双平,S,4190.4000,4190.2000,4190.0000,4189.0000,4188.0000,4191.4000,4191.6000,4191.8000,4192.0000,4192.2000,1,1,2,3,17,1,2,1,1,1
SF,IF2003,2020-01-03 09:32:13.400,4190.4000,39399,0,489283200.000,0,-,-,-,-,4190.2000,4190.0000,4189.0000,4188.0000,4187.2000,4191.4000,4191.6000,4191.8000,4192.0000,4192.2000,1,2,3,17,2,1,2,1,1,1
SF,IF2003,2020-01-03 09:32:13.900,4190.2000,39398,-1,491797620.000,2,0,2,多平,S,4190.0000,4189.0000,4188.0000,4187.2000,4187.0000,4190.2000,4191.4000,4191.6000,4191.8000,4192.0000,2,3,17,2,11,4,1,1,1,1
SF,IF2003,2020-01-03 09:32:14.400,4190.4000,39393,-5,499340040.000,6,0,6,多平,S,4190.4000,4190.0000,4189.0000,4188.0000,4187.2000,4191.4000,4191.6000,4191.8000,4192.0000,4192.2000,1,2,3,17,2,1,1,1,1,1
SF,IF2003,2020-01-03 09:32:14.900,4190.4000,39393,0,499340040.000,0,-,-,-,-,4190.0000,4189.0000,4188.0000,4187.2000,4187.0000,4191.2000,4191.4000,4191.6000,4191.8000,4192.0000,2,3,17,2,11,1,1,1,1,1
SF,IF2003,2020-01-03 09:32:15.400,4190.4000,39393,0,499340040.000,0,-,-,-,-,4190.2000,4190.0000,4189.0000,4188.0000,4187.2000,4191.2000,4191.4000,4191.6000,4191.8000,4192.0000,2,2,3,17,2,3,1,1,1,1
SF,IF2003,2020-01-03 09:32:15.900,4190.2000,39391,-2,501854160.000,2,0,2,双平,S,4190.0000,4189.0000,4188.0000,4187.2000,4187.0000,4191.2000,4191.6000,4191.8000,4192.0000,4192.2000,2,3,17,2,11,3,1,1,1,1
SF,IF2003,2020-01-03 09:32:16.400,4190.2000,39391,0,501854160.000,0,-,-,-,-,4190.2000,4190.0000,4189.0000,4188.6000,4188.0000,4191.0000,4191.2000,4191.6000,4191.8000,4192.0000,1,2,3,1,17,4,2,1,1,1
SF,IF2003,2020-01-03 09:32:16.900,4190.2000,39391,0,501854160.000,0,-,-,-,-,4190.2000,4190.0000,4189.0000,4188.6000,4188.0000,4191.0000,4191.2000,4191.6000,4191.8000,4192.0000,1,2,3,1,17,1,2,1,1,1
SF,IF2003,2020-01-03 09:32:17.400,4190.2000,39391,0,501854160.000,0,-,-,-,-,4190.2000,4190.0000,4189.0000,4188.6000,4188.0000,4191.0000,4191.2000,4191.6000,4191.8000,4192.0000,1,2,3,1,17,1,1,1,1,1
SF,IF2003,2020-01-03 09:32:17.900,4190.2000,39391,0,501854160.000,0,-,-,-,-,4190.2000,4190.0000,4189.0000,4188.6000,4188.0000,4191.2000,4191.6000,4191.8000,4192.0000,4193.2000,2,2,3,1,17,1,1,1,1,1
SF,IF2003,2020-01-03 09:32:18.400,4190.2000,39391,0,503111220.000,1,0,1,多换,S,4190.2000,4190.0000,4189.0000,4188.6000,4188.0000,4191.0000,4191.2000,4191.6000,4191.8000,4192.0000,1,2,3,1,17,3,3,1,1,1
SF,IF2003,2020-01-03 09:32:18.900,4190.2000,39388,-3,506882400.000,3,0,3,双平,S,4190.0000,4189.0000,4188.6000,4188.0000,4187.2000,4191.0000,4191.2000,4191.6000,4191.8000,4192.0000,2,3,1,17,2,3,2,1,1,1
SF,IF2003,2020-01-03 09:32:19.400,4190.0000,39387,-1,508139400.000,1,0,1,双平,S,4190.0000,4189.0000,4188.6000,4188.0000,4187.2000,4190.8000,4191.0000,4191.2000,4191.6000,4191.8000,1,3,1,17,2,3,3,1,1,2
SF,IF2003,2020-01-03 09:32:19.900,4190.6000,39386,-1,509396580.000,1,0,1,双平,S,4190.0000,4189.0000,4188.6000,4188.0000,4187.2000,4190.8000,4191.0000,4191.2000,4191.6000,4191.8000,2,3,1,17,2,4,2,1,1,2
SF,IF2003,2020-01-03 09:32:20.400,4190.6000,39386,0,509396580.000,0,-,-,-,-,4190.0000,4189.0000,4188.6000,4188.0000,4187.2000,4190.8000,4191.0000,4191.2000,4191.6000,4191.8000,2,3,1,17,2,4,2,1,1,2
SF,IF2003,2020-01-03 09:32:20.900,4190.6000,39386,0,509396580.000,0,-,-,-,-,4190.4000,4190.0000,4189.0000,4188.6000,4188.0000,4190.6000,4190.8000,4191.2000,4191.6000,4191.8000,1,2,3,1,17,3,3,1,1,2
SF,IF2003,2020-01-03 09:32:21.400,4190.4000,39385,-1,510653700.000,1,0,1,双平,S,4190.0000,4189.0000,4188.6000,4188.0000,4187.2000,4190.2000,4190.6000,4190.8000,4191.2000,4191.6000,2,3,1,17,2,2,3,2,1,1
SF,IF2003,2020-01-03 09:32:21.900,4190.2000,39385,0,513167760.000,2,1,1,多换,S,4190.0000,4189.0000,4188.6000,4188.0000,4187.2000,4190.6000,4190.8000,4191.6000,4191.8000,4192.0000,1,3,1,17,2,3,2,1,2,2
SF,IF2003,2020-01-03 09:32:22.400,4190.2000,39385,0,513167760.000,0,-,-,-,-,4190.0000,4189.0000,4188.6000,4188.0000,4187.2000,4190.6000,4190.8000,4191.6000,4191.8000,4192.0000,1,3,1,17,2,1,1,1,2,2
SF,IF2003,2020-01-03 09:32:22.900,4190.2000,39385,0,513167760.000,0,-,-,-,-,4190.0000,4189.0000,4188.6000,4188.0000,4187.2000,4190.8000,4191.6000,4191.8000,4192.0000,4193.2000,1,3,1,17,2,1,1,2,2,1
SF,IF2003,2020-01-03 09:32:23.400,4190.2000,39385,0,513167760.000,0,-,-,-,-,4190.0000,4189.0000,4188.6000,4188.0000,4187.2000,4190.8000,4191.6000,4191.8000,4192.0000,4193.2000,1,3,1,17,2,1,1,2,2,1
SF,IF2003,2020-01-03 09:32:23.900,4190.2000,39385,0,513167760.000,0,-,-,-,-,4190.0000,4189.0000,4188.6000,4188.0000,4187.2000,4190.8000,4191.6000,4191.8000,4192.0000,4193.2000,1,3,1,17,2,1,1,2,2,1
SF,IF2003,2020-01-03 09:32:24.400,4190.2000,39385,0,513167760.000,0,-,-,-,-,4190.0000,4189.0000,4188.6000,4188.0000,4187.2000,4190.8000,4191.6000,4191.8000,4192.0000,4193.2000,1,3,1,17,2,1,1,2,2,1
SF,IF2003,2020-01-03 09:32:24.900,4190.0000,39384,-1,514424760.000,1,0,1,双平,S,4189.0000,4188.6000,4188.0000,4187.2000,4187.0000,4190.0000,4190.8000,4191.6000,4191.8000,4192.0000,3,1,17,2,11,3,1,1,2,2
SF,IF2003,2020-01-03 09:32:25.400,4190.8000,39379,-5,520710000.000,5,0,5,双平,S,4190.8000,4190.0000,4189.6000,4189.4000,4189.2000,4191.6000,4191.8000,4192.0000,4193.2000,4193.4000,1,3,1,1,7,1,2,2,1,1
SF,IF2003,2020-01-03 09:32:25.900,4190.8000,39379,0,523224480.000,2,1,1,多换,S,4190.0000,4189.4000,4189.2000,4189.0000,4188.6000,4190.8000,4191.4000,4191.8000,4192.0000,4193.0000,3,1,5,6,1,3,3,2,2,1
SF,IF2003,2020-01-03 09:32:26.400,4190.8000,39379,0,525738960.000,2,1,1,多换,S,4190.2000,4190.0000,4189.4000,4189.2000,4189.0000,4190.8000,4191.4000,4191.8000,4192.0000,4193.0000,2,3,1,5,6,1,3,2,2,1
SF,IF2003,2020-01-03 09:32:26.900,4190.4000,39378,-1,526996080.000,1,0,1,双平,S,4190.2000,4190.0000,4189.2000,4189.0000,4188.6000,4190.8000,4191.4000,4191.8000,4192.0000,4193.0000,1,3,5,6,1,1,3,3,2,1
SF,IF2003,2020-01-03 09:32:27.400,4190.4000,39378,0,526996080.000,0,-,-,-,-,4190.4000,4190.0000,4189.2000,4189.0000,4188.6000,4190.8000,4191.4000,4191.8000,4192.0000,4193.0000,1,3,5,6,1,1,3,3,2,1
SF,IF2003,2020-01-03 09:32:27.900,4190.4000,39378,0,526996080.000,0,-,-,-,-,4190.0000,4189.2000,4189.0000,4188.6000,4188.0000,4190.8000,4191.4000,4191.8000,4192.0000,4193.0000,2,5,6,1,17,1,3,3,2,1
SF,IF2003,2020-01-03 09:32:28.400,4190.4000,39378,0,526996080.000,0,-,-,-,-,4190.0000,4189.2000,4189.0000,4188.6000,4188.0000,4190.2000,4190.8000,4191.4000,4191.8000,4192.0000,2,5,6,1,17,2,2,3,3,2
SF,IF2003,2020-01-03 09:32:28.900,4190.2000,39376,-2,529510200.000,2,0,2,双平,S,4190.0000,4189.2000,4189.0000,4188.6000,4188.0000,4190.8000,4191.4000,4191.8000,4192.0000,4193.0000,2,5,6,1,17,2,2,3,2,1
SF,IF2003,2020-01-03 09:32:29.400,4190.2000,39376,0,529510200.000,0,-,-,-,-,4190.0000,4189.2000,4189.0000,4188.6000,4188.0000,4190.8000,4191.4000,4191.8000,4192.0000,4193.0000,2,5,6,1,17,2,2,3,2,1
SF,IF2003,2020-01-03 09:32:29.900,4190.8000,39376,0,530767440.000,1,0,1,多换,S,4190.0000,4189.2000,4189.0000,4188.6000,4188.0000,4190.8000,4191.4000,4191.8000,4192.0000,4193.0000,2,5,6,1,17,1,2,3,2,1
SF,IF2003,2020-01-03 09:32:30.400,4190.8000,39376,0,530767440.000,0,-,-,-,-,4190.2000,4190.0000,4189.2000,4189.0000,4188.6000,4191.4000,4191.8000,4192.0000,4193.0000,4193.2000,1,2,5,6,1,2,3,2,1,1
SF,IF2003,2020-01-03 09:32:30.900,4190.8000,39376,0,530767440.000,0,-,-,-,-,4190.4000,4190.0000,4189.2000,4189.0000,4188.6000,4191.2000,4191.8000,4192.0000,4193.0000,4193.2000,1,2,5,6,1,4,3,2,1,1
SF,IF2003,2020-01-03 09:32:31.400,4190.0000,39376,0,532024440.000,1,0,1,多换,S,4190.0000,4189.2000,4189.0000,4188.6000,4188.0000,4191.0000,4191.2000,4191.8000,4192.0000,4193.0000,1,5,6,1,17,2,2,3,2,1
SF,IF2003,2020-01-03 09:32:31.900,4190.0000,39376,0,532024440.000,0,-,-,-,-,4190.2000,4190.0000,4189.2000,4189.0000,4188.6000,4190.8000,4191.0000,4191.8000,4192.0000,4193.0000,3,1,5,6,1,2,2,3,2,1
SF,IF2003,2020-01-03 09:32:32.400,4190.2000,39374,-2,534538560.000,2,0,2,双平,S,4190.0000,4189.2000,4189.0000,4188.6000,4188.0000,4190.8000,4191.0000,4191.8000,4192.0000,4193.0000,1,5,6,1,17,2,2,3,2,1
SF,IF2003,2020-01-03 09:32:32.900,4191.0000,39371,-3,538310400.000,3,0,3,双平,S,4190.0000,4189.2000,4189.0000,4188.6000,4188.0000,4191.8000,4192.0000,4193.0000,4193.2000,4193.4000,1,5,6,1,17,3,2,1,1,1
SF,IF2003,2020-01-03 09:32:33.400,4191.0000,39371,0,538310400.000,0,-,-,-,-,4190.2000,4190.0000,4189.2000,4189.0000,4188.6000,4191.2000,4191.4000,4191.6000,4191.8000,4192.0000,1,1,5,6,1,1,1,8,3,3
SF,IF2003,2020-01-03 09:32:33.900,4191.0000,39371,0,538310400.000,0,-,-,-,-,4190.2000,4189.2000,4189.0000,4188.6000,4188.0000,4191.0000,4191.2000,4191.4000,4191.6000,4191.8000,1,5,6,1,17,2,2,1,5,3
SF,IF2003,2020-01-03 09:32:34.400,4191.0000,39371,0,538310400.000,0,-,-,-,-,4189.2000,4189.0000,4188.6000,4188.0000,4187.2000,4191.0000,4191.2000,4191.4000,4191.6000,4191.8000,5,6,1,17,2,2,2,1,5,3
SF,IF2003,2020-01-03 09:32:34.900,4191.0000,39371,0,538310400.000,0,-,-,-,-,4189.4000,4189.2000,4189.0000,4188.6000,4188.0000,4190.8000,4191.2000,4191.4000,4191.6000,4191.8000,2,5,6,1,17,2,1,1,3,3
SF,IF2003,2020-01-03 09:32:35.400,4191.0000,39371,0,538310400.000,0,-,-,-,-,4189.6000,4189.4000,4189.2000,4189.0000,4188.6000,4191.2000,4191.4000,4191.6000,4191.8000,4192.0000,5,2,4,6,1,1,1,3,3,2
SF,IF2003,2020-01-03 09:32:35.900,4191.0000,39371,0,538310400.000,0,-,-,-,-,4190.4000,4189.8000,4189.6000,4189.4000,4189.2000,4191.2000,4191.4000,4191.6000,4191.8000,4192.0000,1,3,5,1,4,1,1,2,3,2
SF,IF2003,2020-01-03 09:32:36.400,4191.0000,39371,0,538310400.000,0,-,-,-,-,4190.6000,4190.4000,4189.8000,4189.6000,4189.2000,4191.0000,4191.2000,4191.4000,4191.8000,4192.0000,1,1,2,5,4,1,1,1,3,2
SF,IF2003,2020-01-03 09:32:36.900,4191.0000,39371,0,538310400.000,0,-,-,-,-,4190.4000,4189.8000,4189.6000,4189.2000,4189.0000,4191.0000,4191.2000,4191.8000,4192.0000,4193.0000,1,2,5,4,6,1,1,3,2,1
SF,IF2003,2020-01-03 09:32:37.400,4191.0000,39371,0,538310400.000,0,-,-,-,-,4189.8000,4189.6000,4189.2000,4189.0000,4188.6000,4190.4000,4191.0000,4191.2000,4191.8000,4192.0000,2,5,4,6,1,1,4,1,3,2
SF,IF2003,2020-01-03 09:32:37.900,4191.0000,39371,0,538310400.000,0,-,-,-,-,4189.8000,4189.6000,4189.2000,4189.0000,4188.6000,4191.0000,4191.2000,4191.8000,4192.0000,4193.0000,4,5,4,6,1,4,1,3,2,1
SF,IF2003,2020-01-03 09:32:38.400,4191.0000,39371,0,538310400.000,0,-,-,-,-,4189.8000,4189.6000,4189.2000,4189.0000,4188.6000,4190.6000,4191.0000,4191.2000,4191.8000,4192.0000,4,5,4,6,1,1,4,11,3,2
SF,IF2003,2020-01-03 09:32:38.900,4191.0000,39371,0,538310400.000,0,-,-,-,-,4189.8000,4189.6000,4189.2000,4189.0000,4188.6000,4190.6000,4191.0000,4191.2000,4191.8000,4192.0000,3,5,4,6,1,2,4,11,3,2
SF,IF2003,2020-01-03 09:32:39.400,4189.8000,39371,0,539567340.000,1,0,1,多换,S,4189.8000,4189.6000,4189.2000,4189.0000,4188.6000,4190.4000,4190.6000,4190.8000,4191.0000,4191.2000,2,5,4,6,1,1,2,1,4,11
SF,IF2003,2020-01-03 09:32:39.900,4190.4000,39370,-1,540824460.000,1,0,1,双平,S,4189.8000,4189.6000,4189.2000,4189.0000,4188.6000,4190.6000,4190.8000,4191.0000,4191.2000,4191.8000,2,5,4,6,1,2,1,4,11,3
SF,IF2003,2020-01-03 09:32:40.400,4190.6000,39370,0,543338820.000,2,1,1,多换,S,4190.6000,4189.8000,4189.6000,4189.2000,4189.0000,4190.8000,4191.0000,4191.2000,4191.8000,4192.0000,3,2,6,4,6,1,4,11,3,3
SF,IF2003,2020-01-03 09:32:40.900,4190.8000,39369,-1,544596060.000,1,0,1,双平,S,4190.6000,4189.8000,4189.6000,4189.2000,4189.0000,4191.0000,4191.2000,4191.8000,4192.0000,4193.0000,3,2,6,4,6,4,11,3,3,1
SF,IF2003,2020-01-03 09:32:41.400,4189.8000,39370,1,550881480.000,5,3,2,空开,S,4189.6000,4189.2000,4189.0000,4188.6000,4188.0000,4189.8000,4191.0000,4191.2000,4191.8000,4192.0000,6,4,6,1,17,9,4,11,3,3
SF,IF2003,2020-01-03 09:32:41.900,4189.8000,39362,-8,563450880.000,10,1,9,多平,S,4190.4000,4190.0000,4189.8000,4189.6000,4189.2000,4191.0000,4191.2000,4191.8000,4192.0000,4193.0000,1,1,10,5,4,4,11,3,3,1
SF,IF2003,2020-01-03 09:32:42.400,4190.2000,39363,1,564707940.000,1,1,0,双开,S,4189.8000,4189.6000,4189.2000,4189.0000,4188.6000,4191.0000,4191.2000,4191.8000,4192.0000,4193.0000,9,5,4,5,1,4,11,3,3,1
SF,IF2003,2020-01-03 09:32:42.900,4190.2000,39363,0,564707940.000,0,-,-,-,-,4190.0000,4189.8000,4189.6000,4189.0000,4188.6000,4191.0000,4191.2000,4191.8000,4192.0000,4193.0000,6,10,5,5,1,4,11,3,4,1
SF,IF2003,2020-01-03 09:32:43.400,4190.2000,39363,0,564707940.000,0,-,-,-,-,4190.2000,4190.0000,4189.8000,4189.6000,4189.0000,4191.0000,4191.2000,4191.8000,4192.0000,4193.0000,2,5,10,5,5,4,11,3,4,1
SF,IF2003,2020-01-03 09:32:43.900,4190.2000,39363,0,564707940.000,0,-,-,-,-,4190.2000,4190.0000,4189.8000,4189.6000,4189.0000,4190.8000,4191.0000,4191.2000,4191.8000,4192.0000,2,1,10,5,5,3,4,11,3,4
SF,IF2003,2020-01-03 09:32:44.400,4190.2000,39363,0,564707940.000,0,-,-,-,-,4190.2000,4189.8000,4189.6000,4189.0000,4188.6000,4190.8000,4191.0000,4191.2000,4191.8000,4192.0000,2,10,5,5,1,3,4,11,3,4
SF,IF2003,2020-01-03 09:32:44.900,4190.2000,39362,-1,567222060.000,2,0,2,多平,S,4190.4000,4189.8000,4189.6000,4189.0000,4188.6000,4190.6000,4191.0000,4191.2000,4191.8000,4192.0000,1,10,3,5,1,4,4,11,3,4
SF,IF2003,2020-01-03 09:32:45.400,4190.4000,39361,-1,568479180.000,1,0,1,双平,S,4189.8000,4189.6000,4189.0000,4188.6000,4188.0000,4190.2000,4190.6000,4191.0000,4191.2000,4191.8000,9,3,5,1,17,2,1,7,11,3
SF,IF2003,2020-01-03 09:32:45.900,4189.8000,39359,-2,574764180.000,5,1,4,多平,S,4189.8000,4189.6000,4189.0000,4188.6000,4188.0000,4190.6000,4191.0000,4191.2000,4191.8000,4192.0000,6,3,5,1,17,1,7,11,3,4
SF,IF2003,2020-01-03 09:32:46.400,4189.8000,39359,0,574764180.000,0,-,-,-,-,4190.0000,4189.8000,4189.6000,4189.0000,4188.6000,4190.6000,4191.0000,4191.2000,4191.8000,4192.0000,2,6,3,5,1,2,7,11,3,4
SF,IF2003,2020-01-03 09:32:46.900,4189.8000,39359,0,574764180.000,0,-,-,-,-,4190.0000,4189.8000,4189.6000,4189.0000,4188.6000,4190.6000,4191.0000,4191.2000,4191.8000,4192.0000,1,5,3,5,1,2,7,11,3,4
SF,IF2003,2020-01-03 09:32:47.400,4190.6000,39360,1,577278540.000,2,1,1,空开,S,4190.0000,4189.8000,4189.6000,4189.0000,4188.6000,4191.0000,4191.2000,4191.8000,4192.0000,4193.0000,1,5,3,5,1,7,11,3,4,1
SF,IF2003,2020-01-03 09:32:47.900,4190.6000,39360,0,577278540.000,0,-,-,-,-,4190.2000,4190.0000,4189.8000,4189.6000,4189.0000,4190.8000,4191.0000,4191.2000,4191.8000,4192.0000,1,1,4,1,3,14,4,11,2,4
SF,IF2003,2020-01-03 09:32:48.400,4190.6000,39360,0,577278540.000,0,-,-,-,-,4189.8000,4189.6000,4189.0000,4188.6000,4188.0000,4190.6000,4190.8000,4191.0000,4191.2000,4191.8000,4,1,3,1,17,3,1,4,11,1
SF,IF2003,2020-01-03 09:32:48.900,4190.2000,39358,-2,581049960.000,3,0,3,多平,S,4190.2000,4189.6000,4189.0000,4188.6000,4188.0000,4190.6000,4191.0000,4191.2000,4191.8000,4192.0000,1,1,3,1,17,2,4,11,1,4
SF,IF2003,2020-01-03 09:32:49.400,4190.2000,39358,0,582307020.000,1,0,1,多换,S,4189.6000,4189.0000,4188.6000,4188.0000,4187.4000,4190.6000,4191.0000,4191.2000,4191.8000,4192.0000,1,3,1,17,1,2,4,11,1,4
SF,IF2003,2020-01-03 09:32:49.900,4190.2000,39358,0,582307020.000,0,-,-,-,-,4189.8000,4189.6000,4189.0000,4188.6000,4188.0000,4190.6000,4191.0000,4191.2000,4191.8000,4192.0000,1,1,3,1,17,2,4,11,1,4
SF,IF2003,2020-01-03 09:32:50.900,4190.2000,39359,1,583564080.000,1,1,0,双开,S,4189.8000,4189.6000,4189.0000,4188.6000,4188.0000,4190.6000,4191.0000,4191.2000,4191.8000,4192.0000,1,1,3,1,17,2,4,11,1,4
SF,IF2003,2020-01-03 09:32:51.400,4190.2000,39359,0,583564080.000,0,-,-,-,-,4189.8000,4189.6000,4189.0000,4188.6000,4188.0000,4190.6000,4191.0000,4191.2000,4191.8000,4192.0000,2,1,3,1,17,2,4,11,1,4
SF,IF2003,2020-01-03 09:32:51.900,4190.2000,39359,0,583564080.000,0,-,-,-,-,4189.6000,4189.0000,4188.6000,4188.0000,4187.4000,4190.4000,4191.0000,4191.2000,4191.8000,4192.0000,1,3,1,17,1,2,4,11,1,4
SF,IF2003,2020-01-03 09:32:52.400,4190.2000,39359,0,583564080.000,0,-,-,-,-,4190.2000,4189.6000,4189.0000,4188.6000,4188.0000,4190.4000,4191.0000,4191.2000,4191.8000,4192.0000,7,1,3,1,17,2,4,11,1,4
SF,IF2003,2020-01-03 09:32:52.900,4190.2000,39359,0,586078200.000,2,1,1,多换,S,4190.2000,4189.6000,4189.0000,4188.6000,4188.0000,4190.4000,4191.0000,4191.2000,4191.8000,4192.0000,5,1,3,1,17,2,4,11,1,4
SF,IF2003,2020-01-03 09:32:53.400,4190.2000,39359,0,589849380.000,3,1,2,多换,S,4190.2000,4189.6000,4189.0000,4188.6000,4188.0000,4190.4000,4191.0000,4191.2000,4191.8000,4192.0000,2,1,3,1,17,2,4,11,1,4
SF,IF2003,2020-01-03 09:32:53.900,4190.2000,39359,0,592363500.000,2,1,1,多换,S,4189.6000,4189.0000,4188.6000,4188.0000,4187.4000,4190.2000,4190.4000,4191.0000,4191.2000,4191.8000,1,3,1,17,1,10,2,4,11,1
SF,IF2003,2020-01-03 09:32:54.400,4190.2000,39359,0,592363500.000,0,-,-,-,-,4189.6000,4189.0000,4188.6000,4188.0000,4187.4000,4190.2000,4190.4000,4191.0000,4191.2000,4191.8000,1,3,1,17,1,10,2,4,11,1
SF,IF2003,2020-01-03 09:32:54.900,4189.6000,39359,0,593620380.000,1,0,1,多换,S,4189.0000,4188.6000,4188.0000,4187.4000,4187.2000,4190.2000,4190.4000,4191.0000,4191.2000,4191.8000,3,1,17,1,2,10,2,4,11,1
SF,IF2003,2020-01-03 09:32:55.400,4189.6000,39359,0,593620380.000,0,-,-,-,-,4189.2000,4189.0000,4188.6000,4188.0000,4187.4000,4190.2000,4190.4000,4191.0000,4191.2000,4191.8000,9,3,1,17,1,9,2,4,11,1
SF,IF2003,2020-01-03 09:32:55.900,4189.6000,39359,0,593620380.000,0,-,-,-,-,4189.4000,4189.2000,4189.0000,4188.6000,4188.0000,4190.2000,4190.4000,4191.0000,4191.2000,4191.8000,1,8,3,1,17,9,2,4,11,1
SF,IF2003,2020-01-03 09:32:56.400,4190.2000,39354,-5,599905680.000,5,0,5,双平,S,4189.6000,4189.4000,4189.2000,4189.0000,4188.6000,4190.2000,4190.4000,4191.0000,4191.2000,4191.8000,5,1,6,3,1,3,2,4,11,1
SF,IF2003,2020-01-03 09:32:56.900,4190.4000,39350,-4,604933980.000,4,0,4,双平,S,4190.2000,4189.6000,4189.4000,4189.2000,4189.0000,4190.4000,4191.0000,4191.2000,4191.8000,4192.0000,1,5,1,6,3,1,4,11,1,4
SF,IF2003,2020-01-03 09:32:57.400,4190.4000,39350,0,604933980.000,0,-,-,-,-,4190.2000,4189.6000,4189.4000,4189.2000,4189.0000,4191.0000,4191.2000,4191.8000,4192.0000,4193.0000,6,5,1,5,3,4,11,1,4,2
SF,IF2003,2020-01-03 09:32:57.900,4190.2000,39349,-1,607448100.000,2,0,2,多平,S,4190.2000,4189.6000,4189.4000,4189.2000,4189.0000,4190.8000,4191.0000,4191.2000,4191.8000,4192.0000,4,5,1,5,3,1,4,11,1,4
SF,IF2003,2020-01-03 09:32:58.400,4190.2000,39349,0,607448100.000,0,-,-,-,-,4190.2000,4189.6000,4189.4000,4189.2000,4189.0000,4190.8000,4191.0000,4191.2000,4191.8000,4192.0000,4,5,1,5,3,1,4,11,1,4
SF,IF2003,2020-01-03 09:32:58.900,4190.2000,39349,0,607448100.000,0,-,-,-,-,4190.2000,4189.6000,4189.2000,4189.0000,4188.6000,4190.8000,4191.0000,4191.2000,4191.8000,4192.0000,9,5,5,3,1,1,4,11,1,4
SF,IF2003,2020-01-03 09:32:59.400,4190.2000,39349,0,607448100.000,0,-,-,-,-,4190.2000,4189.6000,4189.2000,4189.0000,4188.6000,4190.4000,4190.6000,4191.0000,4191.2000,4191.8000,9,1,5,3,1,1,1,5,11,1
SF,IF2003,2020-01-03 09:32:59.900,4190.6000,39347,-2,611219460.000,3,0,3,多平,S,4190.4000,4190.2000,4189.8000,4189.6000,4189.2000,4191.0000,4191.2000,4191.8000,4192.0000,4193.0000,1,8,1,1,5,5,11,1,4,2
SF,IF2003,2020-01-03 09:33:00.400,4191.0000,39346,-1,612476760.000,1,0,1,双平,S,4190.2000,4189.8000,4189.6000,4189.2000,4189.0000,4191.0000,4191.2000,4191.8000,4192.0000,4193.0000,8,1,1,5,3,4,11,1,4,2
SF,IF2003,2020-01-03 09:33:00.900,4191.0000,39343,-3,616248660.000,3,0,3,双平,S,4190.4000,4190.2000,4189.8000,4189.6000,4189.2000,4191.0000,4191.2000,4191.8000,4192.0000,4193.0000,4,8,1,1,5,1,11,1,4,2
SF,IF2003,2020-01-03 09:33:01.400,4190.4000,39341,-2,620020260.000,3,0,3,多平,S,4190.4000,4190.2000,4189.8000,4189.6000,4189.2000,4191.2000,4191.8000,4192.0000,4193.0000,4193.2000,3,8,1,1,6,11,1,4,2,2
SF,IF2003,2020-01-03 09:33:01.900,4191.0000,39341,0,621277560.000,1,0,1,多换,S,4190.4000,4190.2000,4189.8000,4189.6000,4189.2000,4191.2000,4191.8000,4192.0000,4193.0000,4193.2000,3,8,1,1,6,11,1,4,2,2
SF,IF2003,2020-01-03 09:33:03.900,4191.2000,39341,0,628821720.000,6,3,3,多换,S,4190.4000,4190.2000,4189.8000,4189.6000,4189.2000,4191.2000,4191.8000,4192.0000,4193.0000,4193.2000,4,8,1,1,6,5,1,4,2,2
SF,IF2003,2020-01-03 09:33:04.400,4191.2000,39341,0,628821720.000,0,-,-,-,-,4190.4000,4190.2000,4189.8000,4189.6000,4189.2000,4191.2000,4191.8000,4192.0000,4193.0000,4193.2000,3,8,1,1,6,5,1,4,2,2
SF,IF2003,2020-01-03 09:33:04.900,4191.2000,39337,-4,633851160.000,4,0,4,双平,S,4190.6000,4190.4000,4190.2000,4189.6000,4189.2000,4191.2000,4191.8000,4192.0000,4193.0000,4193.2000,1,4,8,1,6,1,1,4,2,2
SF,IF2003,2020-01-03 09:33:05.400,4191.2000,39336,-1,635108520.000,1,0,1,双平,S,4191.2000,4190.8000,4190.2000,4189.6000,4189.2000,4191.8000,4192.0000,4193.0000,4193.2000,4193.4000,1,4,8,1,6,1,4,2,2,1
SF,IF2003,2020-01-03 09:33:05.900,4191.2000,39334,-2,638880600.000,3,0,3,多平,S,4191.4000,4191.2000,4190.8000,4190.2000,4189.6000,4191.6000,4191.8000,4192.0000,4193.0000,4193.2000,1,1,1,8,1,1,1,4,2,2
SF,IF2003,2020-01-03 09:33:06.400,4191.2000,39332,-2,641395380.000,2,0,2,双平,S,4190.8000,4190.2000,4189.6000,4189.2000,4189.0000,4191.2000,4191.4000,4191.6000,4191.8000,4192.0000,1,8,1,6,2,1,4,1,1,4
SF,IF2003,2020-01-03 09:33:06.900,4191.2000,39332,0,641395380.000,0,-,-,-,-,4190.2000,4189.6000,4189.2000,4189.0000,4188.6000,4190.4000,4191.4000,4191.6000,4191.8000,4192.0000,8,1,6,2,1,2,3,1,2,4
SF,IF2003,2020-01-03 09:33:07.400,4190.4000,39332,0,643909620.000,2,1,1,多换,S,4191.2000,4190.4000,4190.2000,4189.6000,4189.2000,4191.4000,4191.6000,4191.8000,4192.0000,4193.0000,1,5,8,1,6,3,1,2,4,2
SF,IF2003,2020-01-03 09:33:07.900,4190.4000,39331,-1,646424100.000,2,0,2,多平,S,4190.4000,4190.2000,4189.6000,4189.2000,4189.0000,4191.0000,4191.2000,4191.4000,4191.6000,4191.8000,1,8,1,6,2,1,5,3,1,2
SF,IF2003,2020-01-03 09:33:08.400,4190.4000,39331,0,646424100.000,0,-,-,-,-,4190.4000,4190.2000,4189.6000,4189.2000,4189.0000,4191.0000,4191.2000,4191.4000,4191.6000,4191.8000,1,8,1,6,2,1,2,3,1,2
SF,IF2003,2020-01-03 09:33:08.900,4190.4000,39331,0,646424100.000,0,-,-,-,-,4190.2000,4189.6000,4189.2000,4189.0000,4188.6000,4191.2000,4191.4000,4191.6000,4191.8000,4192.0000,8,1,6,2,1,2,3,1,2,4
SF,IF2003,2020-01-03 09:33:09.400,4190.4000,39331,0,646424100.000,0,-,-,-,-,4190.2000,4189.6000,4189.2000,4189.0000,4188.6000,4191.0000,4191.2000,4191.4000,4191.6000,4191.8000,8,1,6,2,1,3,1,3,1,2
SF,IF2003,2020-01-03 09:33:09.900,4190.4000,39331,0,646424100.000,0,-,-,-,-,4190.2000,4189.6000,4189.2000,4189.0000,4188.6000,4191.2000,4191.4000,4191.6000,4191.8000,4192.0000,8,1,6,2,1,1,3,1,2,4
SF,IF2003,2020-01-03 09:33:10.400,4190.4000,39331,0,646424100.000,0,-,-,-,-,4190.4000,4190.2000,4189.6000,4189.2000,4189.0000,4191.4000,4191.6000,4191.8000,4192.0000,4193.0000,2,8,1,6,2,3,1,2,4,2
SF,IF2003,2020-01-03 09:33:10.900,4190.4000,39331,0,646424100.000,0,-,-,-,-,4191.0000,4190.4000,4190.2000,4189.6000,4189.2000,4191.4000,4191.6000,4191.8000,4192.0000,4193.0000,2,2,8,1,6,2,1,2,4,2
SF,IF2003,2020-01-03 09:33:11.400,4190.4000,39331,0,646424100.000,0,-,-,-,-,4191.4000,4191.0000,4190.4000,4190.2000,4190.0000,4191.6000,4191.8000,4192.0000,4193.0000,4193.2000,1,2,2,8,1,1,2,4,2,2
SF,IF2003,2020-01-03 09:33:11.900,4191.4000,39330,-1,647681520.000,1,0,1,双平,S,4191.0000,4190.4000,4190.2000,4190.0000,4189.6000,4191.6000,4191.8000,4192.0000,4193.0000,4193.2000,2,2,8,1,1,1,2,4,2,2
SF,IF2003,2020-01-03 09:33:12.400,4191.4000,39330,0,647681520.000,0,-,-,-,-,4191.0000,4190.6000,4190.4000,4190.2000,4190.0000,4191.6000,4191.8000,4192.0000,4193.0000,4193.2000,2,3,2,8,1,2,2,4,2,2
SF,IF2003,2020-01-03 09:33:12.900,4191.0000,39328,-2,650196120.000,2,0,2,双平,S,4190.6000,4190.4000,4190.2000,4190.0000,4189.6000,4191.6000,4191.8000,4192.0000,4193.0000,4193.2000,3,1,8,1,1,2,2,4,2,2
SF,IF2003,2020-01-03 09:33:13.400,4190.6000,39328,0,651453300.000,1,0,1,多换,S,4190.6000,4190.2000,4190.0000,4189.6000,4189.2000,4191.4000,4191.6000,4191.8000,4192.0000,4193.0000,2,8,1,1,6,11,2,2,4,2
SF,IF2003,2020-01-03 09:33:13.900,4190.6000,39328,0,651453300.000,0,-,-,-,-,4190.6000,4190.2000,4190.0000,4189.6000,4189.2000,4191.4000,4191.6000,4191.8000,4192.0000,4193.0000,2,8,1,1,6,7,2,2,4,2
SF,IF2003,2020-01-03 09:33:14.400,4190.6000,39328,0,651453300.000,0,-,-,-,-,4190.6000,4190.2000,4190.0000,4189.6000,4189.2000,4191.2000,4191.4000,4191.6000,4191.8000,4192.0000,2,8,1,1,6,1,6,1,2,5
SF,IF2003,2020-01-03 09:33:14.900,4190.6000,39328,0,651453300.000,0,-,-,-,-,4190.6000,4190.2000,4190.0000,4189.6000,4189.2000,4191.2000,4191.4000,4191.6000,4191.8000,4192.0000,2,8,1,1,6,2,3,1,2,5
SF,IF2003,2020-01-03 09:33:15.400,4191.6000,39327,-1,661512600.000,8,3,5,多平,S,4190.6000,4190.2000,4190.0000,4189.6000,4189.2000,4191.4000,4191.8000,4192.0000,4193.0000,4193.2000,2,8,1,1,6,1,2,5,2,2
SF,IF2003,2020-01-03 09:33:15.900,4191.6000,39327,0,661512600.000,0,-,-,-,-,4190.8000,4190.6000,4190.2000,4190.0000,4189.6000,4191.4000,4191.8000,4192.0000,4193.0000,4193.2000,1,3,8,1,1,1,2,5,2,2
SF,IF2003,2020-01-03 09:33:16.400,4190.8000,39326,-1,662769840.000,1,0,1,双平,S,4190.6000,4190.2000,4190.0000,4189.6000,4189.2000,4191.4000,4191.8000,4192.0000,4193.0000,4193.2000,3,8,1,1,5,1,2,5,2,2
SF,IF2003,2020-01-03 09:33:16.900,4190.8000,39325,-1,664027080.000,1,0,1,双平,S,4190.8000,4190.6000,4190.2000,4190.0000,4189.6000,4191.8000,4192.0000,4193.0000,4193.2000,4193.4000,1,3,8,1,1,2,5,2,2,1
SF,IF2003,2020-01-03 09:33:17.400,4190.8000,39325,0,664027080.000,0,-,-,-,-,4190.8000,4190.6000,4190.2000,4190.0000,4189.6000,4191.6000,4191.8000,4192.0000,4193.0000,4193.2000,3,4,8,1,1,1,2,5,2,2
SF,IF2003,2020-01-03 09:33:17.900,4190.8000,39325,0,664027080.000,0,-,-,-,-,4190.8000,4190.6000,4190.2000,4190.0000,4189.6000,4191.8000,4192.0000,4193.0000,4193.2000,4193.4000,3,4,8,1,1,2,5,2,2,1
SF,IF2003,2020-01-03 09:33:18.400,4190.8000,39323,-2,666541560.000,2,0,2,双平,S,4190.8000,4190.6000,4190.2000,4190.0000,4189.6000,4191.8000,4192.0000,4193.0000,4193.2000,4193.4000,1,4,8,1,1,2,5,2,2,1
SF,IF2003,2020-01-03 09:33:19.900,4191.8000,39321,-2,669056640.000,2,0,2,双平,S,4191.0000,4190.8000,4190.6000,4190.2000,4190.0000,4192.0000,4193.0000,4193.2000,4193.4000,4193.8000,2,1,4,8,1,5,2,2,1,2
SF,IF2003,2020-01-03 09:33:20.400,4192.0000,39320,-1,670314240.000,1,0,1,双平,S,4191.2000,4191.0000,4190.6000,4190.2000,4190.0000,4192.0000,4193.0000,4193.2000,4193.4000,4193.8000,2,2,4,8,1,4,2,2,1,2
SF,IF2003,2020-01-03 09:33:20.900,4192.0000,39320,0,670314240.000,0,-,-,-,-,4191.2000,4191.0000,4190.6000,4190.2000,4190.0000,4192.0000,4193.0000,4193.2000,4193.4000,4193.8000,2,2,4,8,1,4,2,2,1,2
SF,IF2003,2020-01-03 09:33:21.400,4192.0000,39321,1,671571840.000,1,1,0,双开,S,4191.2000,4191.0000,4190.6000,4190.2000,4190.0000,4192.0000,4193.0000,4193.2000,4193.4000,4193.8000,2,2,4,8,1,3,2,2,1,2
SF,IF2003,2020-01-03 09:33:21.900,4192.0000,39319,-2,675344640.000,3,0,3,多平,S,4191.4000,4191.2000,4190.6000,4190.2000,4190.0000,4191.6000,4193.0000,4193.2000,4193.4000,4193.8000,2,2,4,8,1,1,2,2,1,2
SF,IF2003,2020-01-03 09:33:22.400,4191.6000,39318,-1,676602120.000,1,0,1,双平,S,4191.6000,4191.4000,4191.2000,4190.6000,4190.2000,4193.0000,4193.2000,4193.4000,4193.8000,4194.6000,6,4,1,4,8,2,2,1,2,1
SF,IF2003,2020-01-03 09:33:22.900,4191.6000,39318,0,676602120.000,0,-,-,-,-,4191.6000,4191.4000,4191.2000,4190.6000,4190.2000,4192.8000,4193.0000,4193.2000,4193.4000,4193.8000,3,4,1,3,8,3,2,2,1,2
SF,IF2003,2020-01-03 09:33:23.400,4191.6000,39318,0,676602120.000,0,-,-,-,-,4191.6000,4191.4000,4191.2000,4190.6000,4190.2000,4192.8000,4193.0000,4193.2000,4193.4000,4193.8000,3,4,1,4,8,1,2,2,1,2
SF,IF2003,2020-01-03 09:33:23.900,4192.8000,39317,-1,677859960.000,1,0,1,双平,S,4191.6000,4191.4000,4191.2000,4190.6000,4190.2000,4192.8000,4193.0000,4193.2000,4193.4000,4193.8000,3,4,1,4,8,1,2,2,1,2
SF,IF2003,2020-01-03 09:33:24.400,4191.6000,39316,-1,679117440.000,1,0,1,双平,S,4191.6000,4191.4000,4191.2000,4190.6000,4190.2000,4192.6000,4192.8000,4193.0000,4193.2000,4193.4000,3,4,1,4,8,1,1,2,2,1
SF,IF2003,2020-01-03 09:33:24.900,4191.6000,39316,0,679117440.000,0,-,-,-,-,4191.8000,4191.6000,4191.4000,4191.2000,4190.6000,4192.6000,4192.8000,4193.0000,4193.2000,4193.4000,1,3,3,1,4,1,1,2,2,1
SF,IF2003,2020-01-03 09:33:25.400,4192.6000,39314,-2,681633000.000,2,0,2,双平,S,4191.8000,4191.6000,4191.4000,4191.2000,4190.6000,4193.0000,4193.2000,4193.4000,4193.8000,4194.6000,1,3,3,1,4,2,2,1,2,1
SF,IF2003,2020-01-03 09:33:25.900,4192.6000,39314,0,681633000.000,0,-,-,-,-,4191.8000,4191.6000,4191.4000,4191.2000,4190.6000,4193.0000,4193.2000,4193.4000,4193.8000,4194.6000,2,3,3,1,4,2,2,1,2,1
SF,IF2003,2020-01-03 09:33:26.400,4192.6000,39314,0,681633000.000,0,-,-,-,-,4192.6000,4191.8000,4191.6000,4191.4000,4191.2000,4193.0000,4193.2000,4193.4000,4193.8000,4194.6000,1,2,3,3,1,2,2,1,2,1
SF,IF2003,2020-01-03 09:33:26.900,4192.6000,39314,0,682890780.000,1,0,1,多换,S,4191.8000,4191.6000,4191.4000,4190.6000,4190.2000,4192.6000,4192.8000,4193.0000,4193.2000,4193.4000,2,1,3,4,8,3,6,2,2,1
SF,IF2003,2020-01-03 09:33:27.400,4192.6000,39314,0,682890780.000,0,-,-,-,-,4191.8000,4191.6000,4191.4000,4190.6000,4190.2000,4192.6000,4193.0000,4193.2000,4193.4000,4193.8000,2,1,3,4,8,3,2,2,1,2
SF,IF2003,2020-01-03 09:33:27.900,4192.6000,39314,0,682890780.000,0,-,-,-,-,4191.8000,4191.6000,4191.4000,4190.6000,4190.2000,4192.6000,4193.0000,4193.2000,4193.4000,4193.8000,2,1,3,4,8,3,2,2,1,2
SF,IF2003,2020-01-03 09:33:28.400,4191.8000,39315,1,684148320.000,1,1,0,双开,S,4191.8000,4191.6000,4191.4000,4190.6000,4190.2000,4192.6000,4193.0000,4193.2000,4193.4000,4193.8000,1,1,3,4,8,3,2,2,1,2
SF,IF2003,2020-01-03 09:33:28.900,4192.6000,39314,-1,685406100.000,1,0,1,双平,S,4191.8000,4191.6000,4191.4000,4190.6000,4190.2000,4192.6000,4193.0000,4193.2000,4193.4000,4193.8000,1,1,3,4,8,1,2,2,1,2
SF,IF2003,2020-01-03 09:33:29.400,4191.8000,39314,0,686663640.000,1,0,1,多换,S,4192.0000,4191.6000,4191.4000,4190.6000,4190.2000,4192.6000,4193.0000,4193.2000,4193.4000,4193.8000,1,1,2,4,8,1,2,2,1,2
SF,IF2003,2020-01-03 09:33:29.900,4192.6000,39313,-1,687921420.000,1,0,1,双平,S,4192.0000,4191.6000,4191.4000,4190.6000,4190.2000,4193.0000,4193.2000,4193.8000,4194.6000,4194.8000,1,1,2,4,8,2,2,2,1,2
SF,IF2003,2020-01-03 09:33:30.400,4192.6000,39313,0,687921420.000,0,-,-,-,-,4192.2000,4192.0000,4191.6000,4191.4000,4190.6000,4193.0000,4193.2000,4193.8000,4194.6000,4194.8000,1,1,1,2,4,2,2,2,1,2
SF,IF2003,2020-01-03 09:33:30.900,4192.6000,39313,0,687921420.000,0,-,-,-,-,4192.2000,4192.0000,4191.6000,4191.4000,4190.6000,4193.0000,4193.2000,4193.8000,4194.6000,4194.8000,1,1,1,2,4,2,2,2,1,2
SF,IF2003,2020-01-03 09:33:31.400,4192.0000,39312,-1,690436680.000,2,0,2,多平,S,4191.6000,4191.4000,4190.6000,4190.2000,4190.0000,4193.0000,4193.2000,4193.8000,4194.6000,4194.8000,1,2,4,8,1,2,2,2,1,2
SF,IF2003,2020-01-03 09:33:31.900,4192.0000,39312,0,690436680.000,0,-,-,-,-,4191.8000,4191.6000,4191.4000,4190.6000,4190.2000,4192.6000,4192.8000,4193.0000,4193.2000,4193.8000,6,1,2,4,8,1,3,2,2,2
SF,IF2003,2020-01-03 09:33:32.400,4192.6000,39311,-1,691694460.000,1,0,1,双平,S,4192.6000,4192.0000,4191.8000,4191.6000,4191.4000,4192.8000,4193.0000,4193.2000,4193.6000,4193.8000,1,1,6,1,2,3,2,2,1,2
SF,IF2003,2020-01-03 09:33:33.400,4192.6000,39310,-1,694210020.000,2,0,2,多平,S,4192.0000,4191.8000,4191.6000,4191.4000,4190.6000,4192.8000,4193.0000,4193.2000,4193.6000,4193.8000,1,6,1,2,4,3,2,2,1,2
SF,IF2003,2020-01-03 09:33:33.900,4192.6000,39310,0,694210020.000,0,-,-,-,-,4192.0000,4191.8000,4191.6000,4191.4000,4190.6000,4192.6000,4192.8000,4193.0000,4193.2000,4193.6000,2,5,1,2,4,1,3,2,2,1
SF,IF2003,2020-01-03 09:33:34.400,4192.6000,39310,0,695467800.000,1,0,1,多换,S,4192.6000,4192.0000,4191.8000,4191.6000,4191.4000,4192.8000,4193.0000,4193.2000,4193.6000,4193.8000,1,2,4,1,2,3,2,2,1,2
SF,IF2003,2020-01-03 09:33:34.900,4192.6000,39310,0,696725580.000,1,0,1,多换,S,4192.0000,4191.8000,4191.6000,4191.4000,4190.6000,4192.8000,4193.0000,4193.2000,4193.6000,4193.8000,2,4,1,2,4,3,3,2,1,2
SF,IF2003,2020-01-03 09:33:35.400,4192.8000,39310,0,697983420.000,1,0,1,多换,S,4192.2000,4192.0000,4191.8000,4191.4000,4190.6000,4192.8000,4193.0000,4193.2000,4193.6000,4193.8000,1,2,4,2,4,2,3,2,1,2
SF,IF2003,2020-01-03 09:33:35.900,4192.8000,39308,-2,700499100.000,2,0,2,双平,S,4192.2000,4192.0000,4191.8000,4191.4000,4190.6000,4193.0000,4193.2000,4193.6000,4193.8000,4194.6000,2,1,4,2,4,3,2,1,2,1
SF,IF2003,2020-01-03 09:33:36.400,4193.0000,39306,-2,704272800.000,3,0,3,多平,S,4192.4000,4192.2000,4192.0000,4191.8000,4191.4000,4193.2000,4193.6000,4193.8000,4194.6000,4194.8000,1,2,1,4,2,2,1,2,1,2
SF,IF2003,2020-01-03 09:33:36.900,4193.0000,39306,0,704272800.000,0,-,-,-,-,4192.6000,4192.4000,4192.2000,4191.8000,4191.4000,4193.2000,4193.6000,4193.8000,4194.6000,4194.8000,2,1,1,4,2,2,1,2,1,2
SF,IF2003,2020-01-03 09:33:37.400,4192.8000,39305,-1,705530640.000,1,0,1,双平,S,4192.6000,4192.2000,4191.8000,4191.4000,4190.6000,4193.2000,4193.6000,4193.8000,4194.6000,4194.8000,2,1,4,2,4,2,1,2,1,2
SF,IF2003,2020-01-03 09:33:38.400,4193.2000,39306,1,706788600.000,1,1,0,双开,S,4192.6000,4192.2000,4191.8000,4191.4000,4190.6000,4193.2000,4193.6000,4193.8000,4194.6000,4194.8000,1,1,4,2,4,1,1,2,1,2
SF,IF2003,2020-01-03 09:33:38.900,4193.2000,39306,0,706788600.000,0,-,-,-,-,4192.6000,4192.2000,4191.8000,4191.4000,4190.6000,4193.0000,4193.2000,4193.6000,4193.8000,4194.6000,1,1,4,2,4,1,1,1,2,1
SF,IF2003,2020-01-03 09:33:39.400,4193.0000,39305,-1,708046500.000,1,0,1,双平,S,4192.6000,4192.2000,4191.8000,4191.4000,4190.6000,4193.2000,4193.6000,4193.8000,4194.6000,4194.8000,1,1,4,2,4,1,1,2,1,2
SF,IF2003,2020-01-03 09:33:39.900,4193.0000,39305,0,708046500.000,0,-,-,-,-,4192.8000,4192.6000,4191.8000,4191.4000,4190.6000,4193.2000,4193.6000,4193.8000,4194.6000,4194.8000,1,2,4,2,4,1,1,2,1,2
SF,IF2003,2020-01-03 09:33:40.400,4192.8000,39304,-1,709304340.000,1,0,1,双平,S,4192.6000,4191.8000,4191.4000,4190.6000,4190.2000,4193.2000,4193.6000,4193.8000,4194.6000,4194.8000,2,4,2,4,3,1,1,2,1,2
SF,IF2003,2020-01-03 09:33:40.900,4193.2000,39304,0,710562300.000,1,0,1,多换,S,4192.6000,4191.8000,4191.4000,4190.6000,4190.2000,4193.0000,4193.6000,4193.8000,4194.6000,4194.8000,2,4,2,4,3,2,1,2,1,2
SF,IF2003,2020-01-03 09:33:41.400,4193.0000,39303,-1,713078100.000,2,0,2,多平,S,4193.0000,4192.8000,4192.6000,4191.8000,4191.4000,4193.6000,4193.8000,4194.6000,4194.8000,4195.0000,1,5,2,4,2,1,2,1,2,5
SF,IF2003,2020-01-03 09:33:41.900,4193.0000,39303,0,713078100.000,0,-,-,-,-,4193.0000,4192.8000,4192.6000,4191.8000,4191.4000,4193.6000,4193.8000,4194.6000,4194.8000,4195.0000,1,1,1,4,2,1,2,1,2,5
SF,IF2003,2020-01-03 09:33:42.400,4193.0000,39303,0,713078100.000,0,-,-,-,-,4193.0000,4192.6000,4191.8000,4191.4000,4190.8000,4193.6000,4193.8000,4194.6000,4194.8000,4195.0000,1,1,4,2,1,1,2,1,2,5
SF,IF2003,2020-01-03 09:33:42.900,4193.0000,39303,0,713078100.000,0,-,-,-,-,4193.0000,4192.6000,4191.8000,4191.4000,4190.8000,4193.6000,4193.8000,4194.6000,4194.8000,4195.0000,1,1,4,2,1,1,2,1,2,5
SF,IF2003,2020-01-03 09:33:44.400,4193.0000,39303,0,713078100.000,0,-,-,-,-,4193.0000,4192.6000,4191.8000,4191.4000,4190.8000,4193.6000,4193.8000,4194.6000,4194.8000,4195.0000,2,1,4,2,1,1,2,1,2,5
SF,IF2003,2020-01-03 09:33:44.900,4193.6000,39302,-1,714336180.000,1,0,1,双平,S,4193.0000,4192.6000,4191.8000,4191.4000,4190.8000,4193.8000,4194.6000,4194.8000,4195.0000,4195.2000,2,1,4,2,1,2,1,2,5,1
SF,IF2003,2020-01-03 09:33:45.400,4193.6000,39302,0,714336180.000,0,-,-,-,-,4193.2000,4193.0000,4192.6000,4191.8000,4191.4000,4193.8000,4194.6000,4194.8000,4195.0000,4195.2000,5,2,1,4,2,2,1,2,5,1
SF,IF2003,2020-01-03 09:33:45.900,4193.2000,39303,1,715594140.000,1,1,0,双开,S,4193.2000,4193.0000,4192.6000,4191.8000,4191.4000,4193.8000,4194.6000,4194.8000,4195.0000,4195.2000,5,1,1,4,2,2,1,2,5,1
SF,IF2003,2020-01-03 09:33:46.400,4193.2000,39303,0,715594140.000,0,-,-,-,-,4193.4000,4193.2000,4193.0000,4192.6000,4191.8000,4193.8000,4194.6000,4194.8000,4195.0000,4195.2000,1,5,1,1,4,2,1,2,5,1
SF,IF2003,2020-01-03 09:33:46.900,4193.2000,39303,0,715594140.000,0,-,-,-,-,4193.6000,4193.4000,4193.2000,4193.0000,4192.6000,4193.8000,4194.6000,4194.8000,4195.0000,4195.2000,1,1,5,2,1,2,1,2,5,1
SF,IF2003,2020-01-03 09:33:47.400,4193.2000,39303,0,715594140.000,0,-,-,-,-,4193.6000,4193.4000,4193.2000,4193.0000,4191.8000,4193.8000,4194.6000,4194.8000,4195.0000,4195.2000,1,1,5,2,4,2,1,2,5,1
SF,IF2003,2020-01-03 09:33:47.900,4193.2000,39303,0,715594140.000,0,-,-,-,-,4193.6000,4193.4000,4193.2000,4193.0000,4192.6000,4193.8000,4194.6000,4194.8000,4195.0000,4195.2000,1,1,5,1,1,2,1,2,5,1
SF,IF2003,2020-01-03 09:33:48.900,4193.8000,39301,-2,718110420.000,2,0,2,双平,S,4193.6000,4193.4000,4193.2000,4193.0000,4192.6000,4194.6000,4194.8000,4195.0000,4195.2000,4195.8000,1,1,5,1,1,1,2,5,1,7
SF,IF2003,2020-01-03 09:33:49.400,4193.8000,39301,0,718110420.000,0,-,-,-,-,4193.8000,4193.6000,4193.4000,4193.2000,4193.0000,4194.6000,4194.8000,4195.0000,4195.2000,4195.8000,1,1,1,5,1,1,2,5,1,7
SF,IF2003,2020-01-03 09:33:49.900,4193.8000,39301,0,718110420.000,0,-,-,-,-,4194.0000,4193.8000,4193.6000,4193.4000,4193.2000,4194.6000,4194.8000,4195.0000,4195.2000,4195.8000,1,1,1,1,5,1,2,5,1,7
SF,IF2003,2020-01-03 09:33:50.400,4193.8000,39301,0,718110420.000,0,-,-,-,-,4193.8000,4193.6000,4193.4000,4193.2000,4193.0000,4194.6000,4194.8000,4195.0000,4195.2000,4195.8000,1,1,1,5,1,1,2,5,1,7
SF,IF2003,2020-01-03 09:33:50.900,4193.8000,39301,0,718110420.000,0,-,-,-,-,4193.8000,4193.6000,4193.4000,4193.2000,4193.0000,4194.6000,4194.8000,4195.0000,4195.2000,4195.8000,1,1,1,5,16,1,2,5,1,7
SF,IF2003,2020-01-03 09:33:51.400,4193.8000,39301,0,718110420.000,0,-,-,-,-,4193.8000,4193.6000,4193.4000,4193.2000,4193.0000,4194.0000,4194.6000,4194.8000,4195.0000,4195.2000,1,1,1,5,16,1,1,2,5,1
SF,IF2003,2020-01-03 09:33:51.900,4194.0000,39301,0,719368620.000,1,0,1,多换,S,4193.8000,4193.6000,4193.4000,4193.2000,4193.0000,4194.6000,4194.8000,4195.0000,4195.2000,4195.8000,1,1,1,5,16,1,2,5,1,7
SF,IF2003,2020-01-03 09:33:52.400,4194.0000,39301,0,719368620.000,0,-,-,-,-,4193.8000,4193.6000,4193.4000,4193.2000,4193.0000,4194.6000,4194.8000,4195.0000,4195.2000,4195.8000,1,1,1,5,16,6,2,5,1,7
SF,IF2003,2020-01-03 09:33:52.900,4194.0000,39301,0,719368620.000,0,-,-,-,-,4194.0000,4193.8000,4193.6000,4193.4000,4193.2000,4194.6000,4194.8000,4195.0000,4195.2000,4195.8000,4,2,1,1,4,6,2,5,1,7
SF,IF2003,2020-01-03 09:33:53.400,4194.0000,39301,0,719368620.000,0,-,-,-,-,4193.8000,4193.6000,4193.4000,4193.2000,4193.0000,4194.6000,4194.8000,4195.0000,4195.2000,4195.8000,2,1,1,4,16,6,2,5,1,7
SF,IF2003,2020-01-03 09:33:53.900,4194.0000,39301,0,719368620.000,0,-,-,-,-,4193.8000,4193.6000,4193.4000,4193.2000,4193.0000,4194.4000,4194.6000,4194.8000,4195.0000,4195.2000,2,1,1,4,16,1,6,2,5,1
SF,IF2003,2020-01-03 09:33:54.400,4194.6000,39302,1,721885320.000,2,1,1,空开,S,4193.8000,4193.6000,4193.4000,4193.2000,4193.0000,4194.6000,4194.8000,4195.0000,4195.2000,4195.8000,2,1,1,4,16,5,2,5,1,7
SF,IF2003,2020-01-03 09:33:54.900,4194.0000,39302,0,723143520.000,1,0,1,多换,S,4193.8000,4193.6000,4193.4000,4193.2000,4193.0000,4194.6000,4194.8000,4195.0000,4195.2000,4195.8000,2,1,1,4,16,5,2,5,1,7
SF,IF2003,2020-01-03 09:33:55.400,4194.0000,39302,0,723143520.000,0,-,-,-,-,4193.8000,4193.6000,4193.4000,4193.2000,4193.0000,4194.6000,4194.8000,4195.0000,4195.2000,4195.8000,2,1,1,4,16,5,2,5,1,7
SF,IF2003,2020-01-03 09:33:55.900,4194.0000,39302,0,723143520.000,0,-,-,-,-,4194.0000,4193.8000,4193.4000,4193.2000,4193.0000,4194.6000,4194.8000,4195.0000,4195.2000,4195.8000,5,2,1,4,16,5,2,5,1,7
SF,IF2003,2020-01-03 09:33:56.400,4194.6000,39302,0,724401900.000,1,0,1,多换,S,4194.0000,4193.8000,4193.4000,4193.2000,4193.0000,4194.6000,4194.8000,4195.0000,4195.2000,4195.8000,5,2,1,4,16,4,2,5,1,7
SF,IF2003,2020-01-03 09:33:57.400,4194.0000,39301,-1,725660100.000,1,0,1,双平,S,4194.0000,4193.8000,4193.4000,4193.2000,4193.0000,4194.6000,4194.8000,4195.0000,4195.2000,4195.8000,5,1,1,4,16,4,2,5,1,7
SF,IF2003,2020-01-03 09:33:57.900,4194.0000,39301,0,725660100.000,0,-,-,-,-,4194.0000,4193.8000,4193.4000,4193.2000,4193.0000,4194.6000,4194.8000,4195.0000,4195.2000,4195.8000,2,1,1,4,16,4,2,5,1,7
SF,IF2003,2020-01-03 09:33:58.400,4194.6000,39298,-3,729435240.000,3,0,3,双平,S,4194.2000,4194.0000,4193.8000,4193.4000,4193.2000,4194.6000,4194.8000,4195.0000,4195.2000,4195.8000,1,2,1,1,4,1,2,5,1,7
SF,IF2003,2020-01-03 09:33:58.900,4194.6000,39298,0,729435240.000,0,-,-,-,-,4194.2000,4194.0000,4193.8000,4193.4000,4193.2000,4194.6000,4194.8000,4195.0000,4195.2000,4195.8000,1,1,1,1,4,1,2,5,1,7
SF,IF2003,2020-01-03 09:33:59.400,4194.6000,39298,0,729435240.000,0,-,-,-,-,4194.2000,4193.8000,4193.4000,4193.2000,4193.0000,4194.6000,4194.8000,4195.0000,4195.2000,4195.8000,1,1,1,4,16,1,2,5,1,7
SF,IF2003,2020-01-03 09:33:59.900,4194.6000,39298,0,730693620.000,1,0,1,多换,S,4194.6000,4194.2000,4193.8000,4193.4000,4193.2000,4194.8000,4195.0000,4195.2000,4195.8000,4196.0000,2,1,2,1,4,2,5,1,7,1
SF,IF2003,2020-01-03 09:34:00.400,4194.8000,39298,0,735727260.000,4,2,2,多换,S,4194.8000,4194.6000,4194.2000,4193.8000,4193.4000,4195.0000,4195.2000,4195.8000,4196.0000,4196.8000,18,2,1,2,1,5,1,7,1,2
SF,IF2003,2020-01-03 09:34:00.900,4194.8000,39298,0,747053220.000,9,4,5,多换,S,4194.8000,4194.6000,4194.2000,4193.8000,4193.4000,4195.0000,4195.2000,4195.8000,4196.0000,4196.8000,9,2,1,2,1,5,1,7,1,2
SF,IF2003,2020-01-03 09:34:01.400,4194.8000,39298,0,758379180.000,9,4,5,多换,S,4194.6000,4194.2000,4193.8000,4193.4000,4193.2000,4195.0000,4195.2000,4195.8000,4196.0000,4196.8000,1,1,2,1,4,5,1,7,1,2
SF,IF2003,2020-01-03 09:34:01.900,4194.6000,39297,-1,760895940.000,2,0,2,多平,S,4194.2000,4193.8000,4193.4000,4193.2000,4193.0000,4194.6000,4195.0000,4195.2000,4195.8000,4196.0000,1,2,1,4,1,1,5,1,7,1
SF,IF2003,2020-01-03 09:34:02.400,4194.2000,39297,0,762154200.000,1,0,1,多换,S,4193.8000,4193.4000,4193.2000,4193.0000,4192.6000,4194.2000,4195.0000,4195.2000,4195.8000,4196.0000,2,1,4,1,1,1,5,1,7,1
SF,IF2003,2020-01-03 09:34:02.900,4194.2000,39297,0,762154200.000,0,-,-,-,-,4193.8000,4193.4000,4193.2000,4193.0000,4192.6000,4195.0000,4195.2000,4195.8000,4196.0000,4196.8000,2,1,4,1,1,5,1,7,1,2
SF,IF2003,2020-01-03 09:34:03.400,4193.8000,39297,0,764670480.000,2,1,1,多换,S,4193.4000,4193.2000,4193.0000,4192.6000,4191.4000,4194.2000,4194.8000,4195.0000,4195.2000,4195.8000,1,4,1,1,2,1,13,5,2,7
SF,IF2003,2020-01-03 09:34:03.900,4193.0000,39296,-1,767186400.000,2,0,2,多平,S,4192.6000,4191.4000,4190.8000,4190.6000,4190.0000,4194.0000,4194.2000,4194.8000,4195.0000,4195.2000,1,2,1,3,1,2,2,9,5,2
SF,IF2003,2020-01-03 09:34:04.400,4194.0000,39299,3,786058560.000,15,9,6,空开,S,4192.8000,4192.6000,4191.4000,4190.8000,4190.6000,4194.0000,4194.2000,4194.8000,4195.0000,4195.2000,1,1,2,1,3,1,1,8,5,2
SF,IF2003,2020-01-03 09:34:04.900,4194.0000,39299,0,786058560.000,0,-,-,-,-,4192.8000,4192.6000,4191.4000,4190.8000,4190.6000,4193.8000,4194.0000,4194.2000,4194.8000,4195.0000,1,1,2,1,5,3,1,1,6,7
SF,IF2003,2020-01-03 09:34:05.400,4194.0000,39299,0,786058560.000,0,-,-,-,-,4192.8000,4192.6000,4191.4000,4190.8000,4190.6000,4193.8000,4194.0000,4194.2000,4194.8000,4195.0000,1,1,2,1,5,1,1,1,5,7
SF,IF2003,2020-01-03 09:34:05.900,4193.8000,39299,0,788574540.000,2,1,1,多换,S,4192.6000,4191.4000,4190.8000,4190.6000,4190.4000,4194.0000,4194.2000,4194.8000,4195.0000,4195.2000,1,2,1,5,2,1,1,5,7,2
SF,IF2003,2020-01-03 09:34:06.400,4193.8000,39299,0,788574540.000,0,-,-,-,-,4192.8000,4192.6000,4191.4000,4190.8000,4190.6000,4194.0000,4194.2000,4194.8000,4195.0000,4195.2000,1,1,2,1,5,1,1,5,7,2
SF,IF2003,2020-01-03 09:34:06.900,4192.8000,39298,-1,792348060.000,3,1,2,多平,S,4192.6000,4191.4000,4190.8000,4190.6000,4190.4000,4192.8000,4194.0000,4194.2000,4194.8000,4195.0000,1,2,1,5,2,2,2,1,5,7
SF,IF2003,2020-01-03 09:34:07.400,4192.8000,39296,-2,794863740.000,2,0,2,双平,S,4192.8000,4192.6000,4191.4000,4190.8000,4190.6000,4194.0000,4194.2000,4195.0000,4195.2000,4195.8000,18,3,2,1,5,2,1,7,2,7
SF,IF2003,2020-01-03 09:34:07.900,4192.8000,39296,0,794863740.000,0,-,-,-,-,4193.0000,4192.8000,4192.6000,4191.4000,4190.8000,4193.8000,4194.0000,4194.2000,4195.0000,4195.2000,1,13,2,2,1,1,2,1,7,2
SF,IF2003,2020-01-03 09:34:08.400,4192.8000,39296,0,794863740.000,0,-,-,-,-,4192.8000,4192.6000,4191.4000,4190.8000,4190.6000,4193.6000,4194.0000,4194.2000,4195.0000,4195.2000,9,2,2,1,5,1,1,1,7,2
SF,IF2003,2020-01-03 09:34:08.900,4192.8000,39296,0,794863740.000,0,-,-,-,-,4193.0000,4192.8000,4192.6000,4191.4000,4190.8000,4193.6000,4194.0000,4194.2000,4195.0000,4195.2000,1,9,2,2,1,1,1,1,7,2
SF,IF2003,2020-01-03 09:34:10.400,4192.8000,39296,0,794863740.000,0,-,-,-,-,4193.0000,4192.8000,4192.6000,4191.4000,4190.8000,4193.6000,4194.0000,4194.2000,4195.0000,4195.2000,1,9,2,2,1,1,1,1,7,2
SF,IF2003,2020-01-03 09:34:10.900,4193.0000,39296,0,797379720.000,2,1,1,多换,S,4192.8000,4192.6000,4191.4000,4190.8000,4190.6000,4194.0000,4194.2000,4195.0000,4195.2000,4195.8000,9,2,2,1,5,1,1,7,2,7
SF,IF2003,2020-01-03 09:34:11.400,4193.0000,39297,1,798637620.000,1,1,0,双开,S,4193.0000,4192.8000,4192.6000,4191.4000,4190.8000,4193.8000,4194.0000,4194.2000,4195.0000,4195.2000,1,9,2,2,1,1,1,1,7,2
SF,IF2003,2020-01-03 09:34:11.900,4193.0000,39298,1,799895520.000,1,1,0,双开,S,4192.8000,4192.6000,4191.4000,4190.8000,4190.6000,4194.0000,4194.2000,4195.0000,4195.2000,4195.8000,9,2,2,1,5,1,1,7,2,7
SF,IF2003,2020-01-03 09:34:12.400,4193.0000,39298,0,801153420.000,1,0,1,多换,S,4193.0000,4192.8000,4192.6000,4191.4000,4190.8000,4194.0000,4194.2000,4195.0000,4195.2000,4195.8000,4,8,1,2,1,1,1,7,2,7
SF,IF2003,2020-01-03 09:34:12.900,4193.0000,39298,0,801153420.000,0,-,-,-,-,4193.0000,4192.8000,4192.6000,4191.4000,4190.8000,4193.8000,4194.0000,4194.2000,4195.0000,4195.2000,4,8,1,2,1,1,2,1,7,2
SF,IF2003,2020-01-03 09:34:13.400,4193.0000,39298,0,801153420.000,0,-,-,-,-,4193.0000,4192.8000,4192.6000,4191.4000,4190.8000,4194.0000,4194.2000,4195.0000,4195.2000,4195.8000,4,8,1,2,1,2,1,7,3,7
SF,IF2003,2020-01-03 09:34:13.900,4193.0000,39298,0,801153420.000,0,-,-,-,-,4193.2000,4193.0000,4192.8000,4192.6000,4191.4000,4193.8000,4194.0000,4194.2000,4195.0000,4195.2000,1,4,8,1,2,1,1,1,7,3
SF,IF2003,2020-01-03 09:34:14.400,4193.0000,39298,0,801153420.000,0,-,-,-,-,4193.2000,4192.8000,4192.6000,4191.4000,4190.8000,4193.8000,4194.0000,4194.2000,4195.0000,4195.2000,1,8,1,2,1,1,1,1,7,3
SF,IF2003,2020-01-03 09:34:14.900,4193.0000,39298,0,801153420.000,0,-,-,-,-,4193.2000,4192.8000,4191.4000,4190.8000,4190.6000,4193.8000,4194.0000,4194.2000,4195.0000,4195.2000,1,8,2,1,5,1,1,1,7,3
SF,IF2003,2020-01-03 09:34:15.400,4193.0000,39298,0,801153420.000,0,-,-,-,-,4193.2000,4192.8000,4191.4000,4190.8000,4190.6000,4193.8000,4194.0000,4194.2000,4195.0000,4195.2000,1,9,2,1,5,1,1,1,7,3
SF,IF2003,2020-01-03 09:34:15.900,4193.0000,39298,0,801153420.000,0,-,-,-,-,4192.8000,4191.4000,4190.8000,4190.6000,4190.4000,4193.4000,4193.8000,4194.0000,4194.2000,4195.0000,9,2,1,5,2,1,1,1,1,8
SF,IF2003,2020-01-03 09:34:16.400,4193.4000,39297,-1,802411440.000,1,0,1,双平,S,4193.4000,4192.8000,4191.4000,4190.8000,4190.6000,4193.8000,4194.0000,4194.2000,4195.0000,4195.2000,12,4,2,1,5,1,1,1,8,3
SF,IF2003,2020-01-03 09:34:17.900,4193.4000,39297,0,802411440.000,0,-,-,-,-,4193.4000,4192.8000,4191.4000,4190.8000,4190.6000,4193.8000,4194.0000,4194.2000,4195.0000,4195.2000,12,2,2,1,5,1,1,1,8,3
SF,IF2003,2020-01-03 09:34:18.400,4193.4000,39297,0,803669460.000,1,0,1,多换,S,4193.4000,4192.8000,4191.4000,4190.8000,4190.6000,4193.8000,4194.0000,4194.2000,4195.0000,4195.2000,11,2,2,1,4,1,1,1,8,3
SF,IF2003,2020-01-03 09:34:18.900,4193.8000,39296,-1,804927600.000,1,0,1,双平,S,4193.4000,4192.8000,4191.4000,4190.8000,4190.6000,4194.0000,4194.2000,4195.0000,4195.2000,4195.8000,10,2,2,1,4,1,1,8,3,7
SF,IF2003,2020-01-03 09:34:19.900,4194.0000,39295,-1,806185800.000,1,0,1,双平,S,4193.4000,4192.8000,4191.4000,4190.8000,4190.6000,4194.0000,4194.2000,4195.0000,4195.2000,4195.8000,10,2,2,1,4,2,1,8,3,7
SF,IF2003,2020-01-03 09:34:20.400,4194.0000,39293,-2,808702200.000,2,0,2,双平,S,4193.4000,4192.8000,4191.4000,4190.8000,4190.6000,4194.2000,4195.0000,4195.2000,4195.8000,4196.0000,10,2,2,1,4,1,8,3,7,1
SF,IF2003,2020-01-03 09:34:20.900,4194.0000,39293,0,808702200.000,0,-,-,-,-,4193.4000,4192.8000,4191.4000,4190.8000,4190.6000,4194.2000,4194.6000,4195.0000,4195.2000,4195.8000,10,2,2,1,4,2,1,8,3,7
SF,IF2003,2020-01-03 09:34:21.400,4194.0000,39293,0,808702200.000,0,-,-,-,-,4193.4000,4192.8000,4191.4000,4190.8000,4190.6000,4194.0000,4194.2000,4194.6000,4195.0000,4195.2000,10,2,2,1,4,3,1,1,8,3
SF,IF2003,2020-01-03 09:34:21.900,4194.0000,39293,0,808702200.000,0,-,-,-,-,4193.4000,4192.8000,4191.4000,4190.8000,4190.6000,4194.0000,4194.2000,4194.6000,4195.0000,4195.2000,10,2,2,1,4,3,1,1,8,3
SF,IF2003,2020-01-03 09:34:22.400,4194.0000,39291,-2,812476800.000,3,0,3,多平,S,4193.4000,4192.8000,4191.4000,4190.8000,4190.6000,4194.2000,4194.6000,4195.0000,4195.2000,4195.8000,11,2,2,1,4,1,1,8,3,7
SF,IF2003,2020-01-03 09:34:22.900,4194.0000,39291,0,812476800.000,0,-,-,-,-,4193.6000,4193.4000,4192.8000,4191.4000,4190.8000,4194.2000,4194.6000,4195.0000,4195.2000,4195.8000,2,11,2,2,1,1,1,8,3,7
SF,IF2003,2020-01-03 09:34:23.400,4194.0000,39291,0,812476800.000,0,-,-,-,-,4193.6000,4193.4000,4192.8000,4191.4000,4190.8000,4194.2000,4194.6000,4195.0000,4195.2000,4195.8000,2,11,2,2,1,1,1,8,3,7
SF,IF2003,2020-01-03 09:34:24.400,4194.0000,39291,0,812476800.000,0,-,-,-,-,4193.6000,4193.4000,4192.8000,4191.4000,4190.8000,4194.2000,4194.6000,4195.0000,4195.2000,4195.8000,2,11,2,2,1,1,1,7,3,7
SF,IF2003,2020-01-03 09:34:25.900,4194.2000,39290,-1,813735060.000,1,0,1,双平,S,4194.2000,4193.6000,4193.4000,4192.8000,4191.4000,4194.6000,4195.0000,4195.2000,4195.8000,4196.0000,1,2,11,2,2,1,7,3,7,1
SF,IF2003,2020-01-03 09:34:26.400,4193.6000,39288,-2,816251400.000,2,0,2,双平,S,4193.6000,4193.4000,4192.8000,4191.4000,4190.8000,4194.2000,4194.4000,4194.6000,4195.0000,4195.2000,1,11,2,2,1,2,1,1,7,3
SF,IF2003,2020-01-03 09:34:26.900,4193.6000,39288,0,817509480.000,1,0,1,多换,S,4193.4000,4192.8000,4191.4000,4190.8000,4190.6000,4194.4000,4194.6000,4195.0000,4195.2000,4195.8000,11,2,2,1,4,1,1,7,3,7
SF,IF2003,2020-01-03 09:34:27.900,4193.6000,39288,0,817509480.000,0,-,-,-,-,4193.4000,4192.8000,4191.4000,4190.8000,4190.6000,4194.6000,4195.0000,4195.2000,4195.8000,4196.0000,11,2,2,1,4,1,5,3,7,1
SF,IF2003,2020-01-03 09:34:28.400,4194.0000,39287,-1,818767680.000,1,0,1,双平,S,4194.2000,4193.4000,4192.8000,4191.4000,4190.8000,4194.6000,4195.0000,4195.2000,4195.8000,4196.0000,4,11,2,2,1,1,5,3,7,1
