市场代码,合约代码,时间,最新,持仓,增仓,成交额,成交量,开仓,平仓,成交类型,方向,买一价,买二价,买三价,买四价,买五价,卖一价,卖二价,卖三价,卖四价,卖五价,买一量,买二量,买三量,买四量,买五量,卖一量,卖二量,卖三量,卖四量,卖五量
SF,IF2009,2020-04-08 09:29:00.000,3668.8000,16823,0,2201280.000,2.000,-,-,-,-,3666.0000,3662.2000,3662.0000,3660.0000,3658.8000,3669.0000,3669.4000,3669.8000,3670.0000,3674.0000,2,2,6,2,1,1,1,5,1,1
SF,IF2009,2020-04-08 09:30:00.500,3670.0000,16825,2,11008500.000,8,5,3,空开,S,3671.8000,3669.4000,3669.0000,3666.4000,3666.2000,3679.0000,3679.8000,3680.2000,3681.4000,3684.0000,1,21,1,4,2,2,1,1,1,3
SF,IF2009,2020-04-08 09:30:01.000,3672.0000,16821,-4,16520940.000,5,0,5,多平,S,3672.0000,3671.8000,3669.4000,3669.0000,3667.0000,3676.6000,3677.2000,3678.4000,3678.6000,3678.8000,1,1,21,2,1,1,1,5,4,5
SF,IF2009,2020-04-08 09:30:01.500,3672.0000,16820,-1,17622540.000,1,0,1,双平,S,3669.4000,3669.0000,3667.0000,3666.2000,3666.0000,3672.0000,3673.8000,3674.0000,3674.6000,3676.2000,21,2,1,2,5,1,2,1,2,3
SF,IF2009,2020-04-08 09:30:02.000,3672.0000,16820,0,17622540.000,0,-,-,-,-,3669.6000,3669.4000,3669.0000,3666.2000,3666.0000,3671.8000,3673.6000,3673.8000,3674.0000,3674.6000,1,21,2,2,5,1,1,2,2,2
SF,IF2009,2020-04-08 09:30:02.500,3669.6000,16819,-1,18723420.000,1,0,1,双平,S,3669.4000,3669.0000,3666.2000,3666.0000,3665.8000,3670.4000,3671.6000,3671.8000,3673.6000,3673.8000,21,2,2,5,1,1,1,1,1,2
SF,IF2009,2020-04-08 09:30:03.000,3669.6000,16819,0,18723420.000,0,-,-,-,-,3669.4000,3669.0000,3666.2000,3666.0000,3665.8000,3669.6000,3670.2000,3671.6000,3671.8000,3673.6000,21,2,2,4,1,1,8,1,1,1
SF,IF2009,2020-04-08 09:30:03.500,3669.0000,16813,-6,42941340.000,22,8,14,多平,S,3669.0000,3668.0000,3666.2000,3666.0000,3665.8000,3669.2000,3669.6000,3671.6000,3673.6000,3673.8000,1,1,2,4,1,1,1,1,1,2
SF,IF2009,2020-04-08 09:30:04.000,3669.6000,16812,-1,46243620.000,3,1,2,多平,S,3670.4000,3668.0000,3666.2000,3666.0000,3665.8000,3671.6000,3673.6000,3673.8000,3674.0000,3676.2000,3,1,2,2,1,1,1,2,2,4
SF,IF2009,2020-04-08 09:30:04.500,3670.2000,16812,0,49546800.000,3,1,2,多换,S,3668.0000,3666.2000,3666.0000,3665.8000,3665.6000,3669.0000,3670.2000,3671.4000,3671.6000,3673.6000,1,2,2,1,1,1,4,1,1,1
SF,IF2009,2020-04-08 09:30:05.000,3669.0000,16812,0,50647500.000,1,0,1,多换,S,3668.2000,3668.0000,3666.2000,3666.0000,3665.8000,3671.4000,3673.6000,3673.8000,3674.0000,3676.2000,1,1,2,2,1,1,1,2,2,4
SF,IF2009,2020-04-08 09:30:05.500,3669.0000,16812,0,50647500.000,0,-,-,-,-,3668.4000,3668.2000,3668.0000,3666.2000,3666.0000,3671.4000,3673.6000,3673.8000,3674.0000,3676.2000,1,1,1,2,2,1,1,2,2,4
SF,IF2009,2020-04-08 09:30:06.000,3670.8000,16810,-2,52850160.000,2,0,2,双平,S,3668.6000,3668.4000,3668.2000,3668.0000,3666.2000,3670.2000,3673.6000,3673.8000,3674.0000,3676.2000,3,2,1,1,1,1,1,2,2,4
SF,IF2009,2020-04-08 09:30:06.500,3670.2000,16809,-1,53951220.000,1,0,1,双平,S,3670.2000,3668.8000,3668.6000,3668.2000,3668.0000,3673.6000,3673.8000,3674.0000,3676.2000,3676.4000,2,1,3,1,1,1,2,2,4,1
SF,IF2009,2020-04-08 09:30:07.000,3670.2000,16809,0,53951220.000,0,-,-,-,-,3671.2000,3670.4000,3670.2000,3669.8000,3669.0000,3673.4000,3673.6000,3676.4000,3677.0000,3679.0000,2,1,3,1,1,2,1,1,1,2
SF,IF2009,2020-04-08 09:30:07.500,3671.2000,16807,-2,56153940.000,2,0,2,双平,S,3671.2000,3670.8000,3670.2000,3669.0000,3668.8000,3673.4000,3673.6000,3676.4000,3677.0000,3679.0000,1,1,3,1,5,1,1,1,1,2
SF,IF2009,2020-04-08 09:30:08.000,3671.2000,16805,-2,58356660.000,2,0,2,双平,S,3671.8000,3670.2000,3669.0000,3668.8000,3668.6000,3673.4000,3673.6000,3676.4000,3677.0000,3679.0000,1,3,1,5,3,1,1,1,1,2
SF,IF2009,2020-04-08 09:30:08.500,3671.2000,16805,0,58356660.000,0,-,-,-,-,3671.8000,3670.2000,3669.0000,3668.8000,3668.6000,3673.2000,3673.4000,3673.6000,3676.4000,3677.0000,1,3,1,5,3,1,1,1,1,1
SF,IF2009,2020-04-08 09:30:09.000,3671.2000,16805,0,59458020.000,1,0,1,多换,S,3670.2000,3669.0000,3668.8000,3668.6000,3668.2000,3671.2000,3673.0000,3673.2000,3673.6000,3676.4000,3,1,5,3,1,2,1,1,1,1
SF,IF2009,2020-04-08 09:30:09.500,3671.2000,16805,0,61660740.000,2,1,1,多换,S,3670.2000,3669.0000,3668.8000,3668.6000,3668.2000,3671.8000,3673.0000,3673.6000,3676.4000,3677.0000,3,1,5,3,1,4,2,1,1,1
SF,IF2009,2020-04-08 09:30:10.000,3671.8000,16805,0,63863820.000,2,1,1,多换,S,3670.4000,3670.2000,3670.0000,3669.0000,3668.8000,3671.8000,3673.0000,3673.6000,3676.4000,3677.0000,1,3,1,1,5,2,1,1,1,1
SF,IF2009,2020-04-08 09:30:10.500,3671.8000,16805,0,64965360.000,1,0,1,多换,S,3670.4000,3670.2000,3670.0000,3669.0000,3668.8000,3671.8000,3673.6000,3676.4000,3677.0000,3679.0000,1,3,1,1,5,1,1,1,1,2
SF,IF2009,2020-04-08 09:30:11.000,3671.8000,16805,0,66066900.000,1,0,1,多换,S,3670.6000,3670.4000,3670.2000,3670.0000,3669.0000,3671.8000,3673.6000,3676.4000,3677.0000,3679.0000,3,1,3,1,1,1,1,1,1,2
SF,IF2009,2020-04-08 09:30:11.500,3671.8000,16804,-1,67168440.000,1,0,1,双平,S,3671.8000,3670.2000,3670.0000,3669.0000,3668.8000,3673.6000,3676.4000,3677.0000,3679.0000,3679.8000,1,3,1,1,5,1,1,1,2,1
SF,IF2009,2020-04-08 09:30:12.000,3671.8000,16804,0,67168440.000,0,-,-,-,-,3671.8000,3670.8000,3670.2000,3670.0000,3669.0000,3673.4000,3673.6000,3676.4000,3677.0000,3679.0000,1,1,3,1,1,1,1,1,1,2
SF,IF2009,2020-04-08 09:30:12.500,3671.8000,16803,-1,68269980.000,1,0,1,双平,S,3672.0000,3671.8000,3670.8000,3670.2000,3670.0000,3673.2000,3673.4000,3673.6000,3676.4000,3677.0000,1,1,1,3,1,1,1,1,1,1
SF,IF2009,2020-04-08 09:30:13.000,3671.8000,16803,0,68269980.000,0,-,-,-,-,3672.0000,3671.8000,3671.0000,3670.2000,3670.0000,3673.0000,3673.2000,3673.6000,3676.4000,3677.0000,1,1,1,3,1,1,1,1,1,1
SF,IF2009,2020-04-08 09:30:13.500,3673.2000,16803,0,69371940.000,1,0,1,多换,S,3672.0000,3671.8000,3671.0000,3670.2000,3670.0000,3673.6000,3676.4000,3677.0000,3679.0000,3679.8000,1,1,1,3,1,1,1,1,2,1
SF,IF2009,2020-04-08 09:30:14.000,3673.2000,16803,0,69371940.000,0,-,-,-,-,3672.0000,3671.8000,3671.0000,3670.2000,3670.0000,3673.4000,3673.6000,3673.8000,3676.4000,3677.0000,1,1,1,3,1,1,1,2,1,1
SF,IF2009,2020-04-08 09:30:14.500,3673.2000,16803,0,69371940.000,0,-,-,-,-,3672.0000,3671.8000,3671.0000,3670.2000,3670.0000,3673.4000,3673.6000,3676.4000,3677.0000,3679.0000,1,1,1,3,1,1,1,1,1,2
SF,IF2009,2020-04-08 09:30:15.000,3673.2000,16803,0,69371940.000,0,-,-,-,-,3673.2000,3672.0000,3671.8000,3671.0000,3670.2000,3673.6000,3676.4000,3677.0000,3679.0000,3679.8000,2,1,1,1,3,1,1,1,2,1
SF,IF2009,2020-04-08 09:30:15.500,3673.2000,16803,0,69371940.000,0,-,-,-,-,3673.2000,3672.0000,3671.8000,3671.0000,3670.2000,3673.6000,3676.4000,3677.0000,3679.0000,3679.8000,2,1,1,1,1,1,1,1,2,1
SF,IF2009,2020-04-08 09:30:16.000,3673.6000,16802,-1,70474020.000,1,0,1,双平,S,3673.2000,3672.0000,3671.8000,3671.0000,3670.2000,3676.4000,3677.0000,3679.0000,3679.8000,3680.0000,3,1,1,1,1,1,1,2,1,5
SF,IF2009,2020-04-08 09:30:16.500,3673.6000,16802,0,70474020.000,0,-,-,-,-,3675.0000,3673.2000,3672.0000,3671.8000,3671.0000,3676.2000,3676.4000,3676.6000,3677.0000,3679.0000,1,3,1,1,1,2,3,1,1,2
SF,IF2009,2020-04-08 09:30:17.000,3675.0000,16800,-2,72679020.000,2,0,2,双平,S,3673.2000,3672.0000,3671.8000,3671.0000,3670.2000,3674.8000,3676.0000,3676.2000,3676.4000,3676.6000,2,1,1,1,1,3,1,1,2,1
SF,IF2009,2020-04-08 09:30:17.500,3675.0000,16800,0,72679020.000,0,-,-,-,-,3673.2000,3672.0000,3671.8000,3671.0000,3670.2000,3676.0000,3676.2000,3676.4000,3676.6000,3677.0000,2,1,1,1,1,1,1,2,1,1
SF,IF2009,2020-04-08 09:30:18.000,3675.0000,16800,0,72679020.000,0,-,-,-,-,3673.2000,3672.0000,3671.8000,3671.0000,3670.2000,3675.8000,3676.0000,3676.4000,3677.0000,3679.0000,2,1,1,1,1,2,1,2,1,2
SF,IF2009,2020-04-08 09:30:18.500,3675.0000,16800,0,72679020.000,0,-,-,-,-,3673.2000,3672.0000,3671.8000,3671.0000,3670.2000,3675.6000,3675.8000,3676.4000,3677.0000,3679.0000,2,1,1,1,1,1,2,2,1,2
SF,IF2009,2020-04-08 09:30:19.000,3675.4000,16799,-1,73781640.000,1,0,1,双平,S,3673.2000,3672.0000,3671.0000,3670.2000,3670.0000,3675.4000,3675.6000,3676.4000,3677.0000,3679.0000,2,1,1,1,1,1,1,2,1,2
SF,IF2009,2020-04-08 09:30:19.500,3675.4000,16799,0,73781640.000,0,-,-,-,-,3673.4000,3673.2000,3672.0000,3671.0000,3670.2000,3675.2000,3675.4000,3676.0000,3676.4000,3677.0000,1,2,1,1,1,2,1,1,2,1
SF,IF2009,2020-04-08 09:30:20.000,3675.4000,16799,0,73781640.000,0,-,-,-,-,3673.6000,3673.4000,3673.2000,3673.0000,3672.0000,3675.2000,3675.4000,3676.0000,3676.4000,3677.0000,1,1,2,1,1,1,1,1,2,1
SF,IF2009,2020-04-08 09:30:20.500,3675.4000,16799,0,73781640.000,0,-,-,-,-,3673.6000,3673.4000,3673.2000,3673.0000,3672.0000,3675.0000,3675.2000,3675.4000,3676.0000,3676.4000,1,1,2,1,1,1,1,1,1,2
SF,IF2009,2020-04-08 09:30:21.000,3675.4000,16799,0,73781640.000,0,-,-,-,-,3673.4000,3673.2000,3673.0000,3672.0000,3671.0000,3674.8000,3675.0000,3675.4000,3676.0000,3676.4000,1,2,1,1,1,1,1,1,1,2
SF,IF2009,2020-04-08 09:30:21.500,3675.4000,16799,0,73781640.000,0,-,-,-,-,3673.4000,3673.2000,3673.0000,3672.0000,3671.0000,3674.8000,3675.0000,3675.4000,3676.0000,3676.4000,1,2,1,1,1,1,1,1,1,2
SF,IF2009,2020-04-08 09:30:22.000,3675.4000,16799,0,73781640.000,0,-,-,-,-,3673.4000,3673.2000,3673.0000,3672.0000,3671.0000,3674.8000,3675.0000,3675.4000,3676.0000,3676.4000,1,2,1,1,1,1,1,1,1,2
SF,IF2009,2020-04-08 09:30:22.500,3674.8000,16799,0,74884080.000,1,0,1,多换,S,3673.4000,3673.2000,3673.0000,3672.0000,3671.0000,3675.0000,3675.4000,3676.0000,3676.4000,3677.0000,1,2,1,1,1,1,1,1,2,1
SF,IF2009,2020-04-08 09:30:23.000,3674.8000,16799,0,74884080.000,0,-,-,-,-,3673.4000,3673.2000,3673.0000,3672.0000,3671.0000,3674.8000,3675.0000,3675.4000,3676.0000,3676.4000,1,2,1,1,1,1,1,1,1,2
SF,IF2009,2020-04-08 09:30:23.500,3674.8000,16799,0,74884080.000,0,-,-,-,-,3673.4000,3673.2000,3673.0000,3672.0000,3671.0000,3673.6000,3674.8000,3675.0000,3675.4000,3676.0000,1,2,1,1,1,1,1,1,1,1
SF,IF2009,2020-04-08 09:30:24.000,3673.6000,16799,0,75986160.000,1,0,1,多换,S,3673.4000,3673.2000,3673.0000,3672.0000,3671.0000,3674.8000,3675.4000,3676.0000,3676.4000,3677.0000,1,2,1,1,1,1,1,1,2,1
SF,IF2009,2020-04-08 09:30:24.500,3673.4000,16799,0,77088180.000,1,0,1,多换,S,3673.2000,3673.0000,3672.0000,3671.0000,3670.2000,3674.6000,3674.8000,3675.4000,3676.0000,3676.4000,2,1,1,1,1,1,1,1,1,2
SF,IF2009,2020-04-08 09:30:25.000,3673.4000,16799,0,77088180.000,0,-,-,-,-,3673.2000,3673.0000,3672.0000,3670.2000,3670.0000,3674.4000,3674.6000,3675.4000,3676.0000,3676.4000,2,1,1,1,1,2,2,1,1,2
SF,IF2009,2020-04-08 09:30:25.500,3674.4000,16799,0,78190500.000,1,0,1,多换,S,3673.2000,3673.0000,3672.0000,3670.2000,3670.0000,3674.4000,3674.6000,3675.4000,3676.0000,3676.4000,2,1,1,1,1,1,1,1,1,2
SF,IF2009,2020-04-08 09:30:26.000,3673.4000,16798,-1,79292520.000,1,0,1,双平,S,3673.2000,3673.0000,3672.0000,3670.2000,3670.0000,3674.6000,3675.4000,3676.0000,3676.4000,3677.0000,2,1,1,1,1,1,1,1,2,1
SF,IF2009,2020-04-08 09:30:26.500,3673.4000,16798,0,79292520.000,0,-,-,-,-,3673.4000,3673.2000,3673.0000,3672.0000,3670.2000,3674.6000,3675.4000,3676.0000,3676.4000,3677.0000,1,2,1,1,1,1,1,1,2,1
SF,IF2009,2020-04-08 09:30:27.000,3673.4000,16798,0,79292520.000,0,-,-,-,-,3673.4000,3673.2000,3673.0000,3672.0000,3670.2000,3674.6000,3675.4000,3676.0000,3676.4000,3677.0000,2,2,1,1,1,1,1,1,2,1
SF,IF2009,2020-04-08 09:30:27.500,3673.4000,16798,0,79292520.000,0,-,-,-,-,3673.4000,3673.2000,3673.0000,3672.0000,3670.2000,3674.6000,3675.4000,3676.0000,3676.4000,3677.0000,1,2,1,1,1,1,1,1,2,1
SF,IF2009,2020-04-08 09:30:28.000,3673.4000,16797,-1,80394540.000,1,0,1,双平,S,3673.2000,3673.0000,3672.0000,3670.2000,3670.0000,3674.6000,3675.4000,3676.0000,3676.4000,3677.0000,2,1,1,1,1,1,1,1,2,1
SF,IF2009,2020-04-08 09:30:28.500,3674.4000,16797,0,81496860.000,1,0,1,多换,S,3673.2000,3673.0000,3672.0000,3670.2000,3670.0000,3674.4000,3674.6000,3675.4000,3676.0000,3676.4000,2,1,1,1,1,1,1,1,1,2
SF,IF2009,2020-04-08 09:30:29.000,3673.2000,16797,0,83700780.000,2,1,1,多换,S,3673.0000,3672.0000,3670.2000,3670.0000,3669.4000,3674.4000,3674.6000,3675.4000,3676.0000,3676.4000,1,1,1,1,3,1,2,1,1,2
SF,IF2009,2020-04-08 09:30:29.500,3673.0000,16797,0,84802680.000,1,0,1,多换,S,3672.0000,3670.2000,3670.0000,3669.4000,3669.0000,3674.4000,3674.6000,3675.4000,3676.0000,3676.4000,1,1,1,3,2,1,2,1,2,2
SF,IF2009,2020-04-08 09:30:30.000,3673.0000,16797,0,84802680.000,0,-,-,-,-,3672.2000,3672.0000,3670.2000,3670.0000,3669.4000,3674.4000,3674.6000,3675.4000,3676.0000,3676.4000,1,2,1,1,3,1,1,1,2,2
SF,IF2009,2020-04-08 09:30:30.500,3673.0000,16797,0,84802680.000,0,-,-,-,-,3672.2000,3672.0000,3670.2000,3670.0000,3669.4000,3674.4000,3674.6000,3675.4000,3676.0000,3676.4000,1,2,1,1,3,1,1,1,2,2
SF,IF2009,2020-04-08 09:30:31.000,3673.0000,16797,0,84802680.000,0,-,-,-,-,3672.0000,3670.2000,3670.0000,3669.4000,3669.0000,3674.2000,3674.4000,3674.6000,3676.0000,3676.4000,2,1,1,3,2,1,1,2,2,2
SF,IF2009,2020-04-08 09:30:31.500,3673.0000,16797,0,84802680.000,0,-,-,-,-,3672.2000,3672.0000,3670.2000,3670.0000,3669.4000,3674.2000,3674.6000,3676.0000,3676.4000,3677.0000,1,2,1,1,3,2,2,2,2,1
SF,IF2009,2020-04-08 09:30:32.000,3673.0000,16797,0,84802680.000,0,-,-,-,-,3672.2000,3672.0000,3670.2000,3670.0000,3669.4000,3674.0000,3674.2000,3674.6000,3676.0000,3676.4000,1,2,1,1,3,2,2,2,2,2
SF,IF2009,2020-04-08 09:30:32.500,3673.0000,16797,0,84802680.000,0,-,-,-,-,3672.2000,3672.0000,3670.2000,3670.0000,3669.4000,3673.8000,3674.0000,3674.2000,3674.6000,3676.0000,1,1,1,1,3,1,1,1,2,2
SF,IF2009,2020-04-08 09:30:33.500,3672.2000,16796,-1,85904340.000,1,0,1,双平,S,3672.0000,3670.2000,3670.0000,3669.4000,3669.0000,3672.2000,3673.8000,3674.0000,3674.2000,3674.6000,1,1,1,3,2,2,1,2,1,2
SF,IF2009,2020-04-08 09:30:34.000,3673.8000,16794,-2,89209800.000,3,0,3,多平,S,3672.0000,3670.2000,3670.0000,3669.4000,3669.0000,3674.0000,3674.2000,3674.6000,3676.0000,3676.4000,1,1,1,3,2,2,1,1,2,2
SF,IF2009,2020-04-08 09:30:34.500,3673.8000,16794,0,89209800.000,0,-,-,-,-,3672.0000,3670.2000,3670.0000,3669.4000,3669.0000,3673.8000,3674.0000,3674.6000,3676.0000,3676.4000,1,1,1,3,2,4,4,1,2,2
SF,IF2009,2020-04-08 09:30:35.000,3673.8000,16794,0,89209800.000,0,-,-,-,-,3672.0000,3670.2000,3670.0000,3669.4000,3669.0000,3673.6000,3673.8000,3674.0000,3674.6000,3676.0000,1,1,1,3,2,2,4,3,1,2
SF,IF2009,2020-04-08 09:30:35.500,3673.8000,16794,0,89209800.000,0,-,-,-,-,3672.2000,3672.0000,3670.2000,3670.0000,3669.4000,3673.4000,3673.6000,3673.8000,3674.6000,3676.0000,1,1,1,1,3,1,1,1,1,2
SF,IF2009,2020-04-08 09:30:36.000,3673.8000,16794,0,89209800.000,0,-,-,-,-,3672.2000,3672.0000,3670.2000,3670.0000,3669.4000,3673.6000,3673.8000,3674.6000,3676.0000,3676.4000,1,1,1,1,3,1,1,1,1,2
SF,IF2009,2020-04-08 09:30:36.500,3673.8000,16794,0,89209800.000,0,-,-,-,-,3672.6000,3672.2000,3672.0000,3670.2000,3670.0000,3673.4000,3673.6000,3673.8000,3674.6000,3676.0000,2,1,1,1,1,1,1,1,1,1
SF,IF2009,2020-04-08 09:30:37.000,3673.8000,16794,0,89209800.000,0,-,-,-,-,3672.6000,3672.2000,3672.0000,3670.2000,3670.0000,3674.6000,3676.0000,3676.4000,3677.0000,3678.2000,2,1,1,1,1,1,1,2,1,1
SF,IF2009,2020-04-08 09:30:37.500,3673.8000,16794,0,89209800.000,0,-,-,-,-,3672.8000,3672.6000,3672.0000,3670.2000,3670.0000,3674.4000,3674.6000,3676.0000,3676.4000,3677.0000,1,2,1,1,1,2,1,1,2,1
SF,IF2009,2020-04-08 09:30:38.500,3673.8000,16794,0,89209800.000,0,-,-,-,-,3672.8000,3672.6000,3672.0000,3670.2000,3670.0000,3674.4000,3676.0000,3676.4000,3677.0000,3678.2000,1,2,1,1,1,2,1,2,1,1
SF,IF2009,2020-04-08 09:30:39.000,3673.8000,16794,0,89209800.000,0,-,-,-,-,3673.0000,3672.8000,3672.6000,3672.0000,3670.2000,3674.2000,3674.4000,3676.0000,3676.4000,3677.0000,1,1,2,1,1,1,1,1,2,1
SF,IF2009,2020-04-08 09:30:39.500,3673.8000,16794,0,89209800.000,0,-,-,-,-,3673.2000,3672.6000,3672.0000,3670.2000,3670.0000,3674.2000,3676.0000,3676.4000,3677.0000,3678.2000,1,2,1,1,1,1,1,2,1,1
SF,IF2009,2020-04-08 09:30:40.500,3673.2000,16794,0,90311760.000,1,0,1,多换,S,3672.6000,3672.0000,3670.2000,3670.0000,3669.4000,3674.2000,3676.0000,3676.4000,3677.0000,3678.2000,2,1,1,1,3,1,1,2,1,1
SF,IF2009,2020-04-08 09:30:41.000,3673.2000,16794,0,90311760.000,0,-,-,-,-,3672.8000,3672.6000,3672.0000,3670.2000,3670.0000,3673.4000,3674.2000,3676.0000,3676.4000,3677.0000,1,2,1,1,1,1,1,1,2,1
SF,IF2009,2020-04-08 09:30:41.500,3673.4000,16794,0,91413780.000,1,0,1,多换,S,3673.0000,3672.6000,3672.0000,3670.2000,3670.0000,3673.2000,3676.0000,3676.4000,3677.0000,3678.2000,1,2,1,1,1,1,1,2,1,1
SF,IF2009,2020-04-08 09:30:42.000,3673.2000,16793,-1,92515740.000,1,0,1,双平,S,3672.6000,3672.0000,3670.2000,3670.0000,3669.4000,3676.0000,3676.4000,3677.0000,3678.2000,3679.0000,2,1,1,1,3,1,2,1,1,2
SF,IF2009,2020-04-08 09:30:42.500,3673.2000,16793,0,92515740.000,0,-,-,-,-,3672.6000,3672.0000,3670.2000,3670.0000,3669.4000,3675.8000,3676.0000,3676.4000,3677.0000,3678.2000,2,1,1,1,3,2,1,2,1,1
SF,IF2009,2020-04-08 09:30:43.000,3673.2000,16793,0,92515740.000,0,-,-,-,-,3673.4000,3672.6000,3672.0000,3670.2000,3670.0000,3675.6000,3675.8000,3676.0000,3676.4000,3677.0000,1,2,1,1,1,1,2,1,2,1
SF,IF2009,2020-04-08 09:30:43.500,3673.2000,16793,0,92515740.000,0,-,-,-,-,3673.4000,3672.6000,3672.0000,3670.2000,3670.0000,3674.6000,3675.4000,3675.6000,3676.0000,3676.4000,1,2,1,1,1,1,3,1,1,2
SF,IF2009,2020-04-08 09:30:44.000,3673.2000,16793,0,92515740.000,0,-,-,-,-,3673.4000,3672.6000,3672.0000,3670.2000,3670.0000,3674.4000,3674.6000,3675.4000,3675.6000,3676.0000,1,2,1,1,1,1,1,2,1,1
SF,IF2009,2020-04-08 09:30:44.500,3673.2000,16793,0,92515740.000,0,-,-,-,-,3673.4000,3672.6000,3672.0000,3670.2000,3670.0000,3674.2000,3674.6000,3675.4000,3675.6000,3676.0000,1,2,1,1,1,1,1,2,1,1
SF,IF2009,2020-04-08 09:30:45.000,3673.2000,16793,0,92515740.000,0,-,-,-,-,3673.4000,3672.6000,3672.0000,3670.2000,3670.0000,3674.6000,3675.4000,3675.6000,3676.0000,3676.4000,1,2,1,1,1,1,2,1,2,2
SF,IF2009,2020-04-08 09:30:45.500,3673.2000,16793,0,92515740.000,0,-,-,-,-,3673.4000,3673.0000,3672.6000,3672.0000,3670.2000,3674.4000,3674.6000,3675.4000,3675.6000,3676.0000,1,1,2,1,1,2,1,1,1,2
SF,IF2009,2020-04-08 09:30:47.500,3674.4000,16791,-2,94720380.000,2,0,2,双平,S,3673.4000,3673.0000,3672.6000,3672.0000,3670.2000,3674.6000,3675.4000,3675.6000,3676.0000,3676.4000,1,1,2,1,1,1,1,1,2,2
SF,IF2009,2020-04-08 09:30:48.000,3673.4000,16792,1,95822400.000,1,1,0,双开,S,3673.0000,3672.6000,3672.0000,3670.2000,3670.0000,3674.4000,3674.6000,3675.4000,3675.6000,3676.0000,1,2,1,1,1,1,1,1,1,2
SF,IF2009,2020-04-08 09:30:48.500,3673.4000,16792,0,95822400.000,0,-,-,-,-,3673.2000,3673.0000,3672.6000,3672.0000,3670.2000,3674.4000,3674.6000,3675.4000,3675.6000,3676.0000,1,1,2,1,1,1,1,1,1,2
SF,IF2009,2020-04-08 09:30:49.000,3673.4000,16792,0,95822400.000,0,-,-,-,-,3673.0000,3672.6000,3672.0000,3670.2000,3670.0000,3674.2000,3674.4000,3674.6000,3675.4000,3675.6000,1,2,1,1,1,1,1,1,1,1
SF,IF2009,2020-04-08 09:30:49.500,3673.4000,16792,0,95822400.000,0,-,-,-,-,3673.2000,3673.0000,3672.6000,3672.0000,3670.2000,3674.2000,3674.4000,3674.6000,3675.4000,3675.6000,1,1,2,1,1,1,1,1,1,1
SF,IF2009,2020-04-08 09:30:50.000,3673.4000,16792,0,95822400.000,0,-,-,-,-,3673.4000,3673.0000,3672.6000,3672.0000,3670.2000,3674.2000,3674.6000,3675.4000,3675.6000,3676.0000,2,1,2,1,1,1,1,1,1,2
SF,IF2009,2020-04-08 09:30:50.500,3673.4000,16792,0,95822400.000,0,-,-,-,-,3673.0000,3672.6000,3672.0000,3670.2000,3670.0000,3674.2000,3674.6000,3675.4000,3675.6000,3676.0000,1,2,1,1,1,1,1,1,1,2
SF,IF2009,2020-04-08 09:30:51.000,3673.4000,16792,0,95822400.000,0,-,-,-,-,3673.2000,3673.0000,3672.6000,3672.0000,3670.2000,3674.2000,3674.6000,3675.4000,3675.6000,3676.0000,1,1,2,1,1,1,1,1,1,2
SF,IF2009,2020-04-08 09:30:51.500,3673.4000,16792,0,95822400.000,0,-,-,-,-,3673.0000,3672.6000,3672.0000,3670.2000,3670.0000,3674.2000,3674.6000,3675.4000,3675.6000,3676.0000,1,2,1,1,2,1,1,1,1,2
SF,IF2009,2020-04-08 09:30:52.500,3673.4000,16792,0,95822400.000,0,-,-,-,-,3673.0000,3672.6000,3672.0000,3670.2000,3670.0000,3674.2000,3675.4000,3675.6000,3676.0000,3676.4000,1,2,1,1,2,1,1,1,2,2
SF,IF2009,2020-04-08 09:30:54.000,3673.4000,16792,0,95822400.000,0,-,-,-,-,3673.2000,3673.0000,3672.6000,3672.0000,3670.2000,3674.2000,3675.4000,3675.6000,3676.0000,3676.4000,1,1,2,1,1,1,1,1,2,2
SF,IF2009,2020-04-08 09:30:54.500,3673.4000,16792,0,95822400.000,0,-,-,-,-,3673.0000,3672.6000,3672.0000,3670.2000,3670.0000,3674.2000,3675.4000,3675.6000,3676.0000,3676.4000,1,2,1,1,2,1,1,1,2,2
SF,IF2009,2020-04-08 09:30:55.000,3674.2000,16791,-1,96924660.000,1,0,1,双平,S,3673.0000,3672.6000,3672.0000,3670.2000,3670.0000,3675.4000,3675.6000,3676.0000,3676.4000,3679.0000,1,2,1,1,2,1,1,2,2,2
SF,IF2009,2020-04-08 09:30:55.500,3674.2000,16791,0,96924660.000,0,-,-,-,-,3673.2000,3673.0000,3672.6000,3672.0000,3670.2000,3675.2000,3675.4000,3675.6000,3676.0000,3676.4000,1,1,2,1,1,1,1,1,2,2
SF,IF2009,2020-04-08 09:30:56.000,3674.2000,16791,0,96924660.000,0,-,-,-,-,3673.0000,3672.6000,3672.0000,3670.2000,3670.0000,3674.6000,3675.0000,3675.2000,3675.6000,3676.0000,1,2,1,1,3,1,1,1,1,2
SF,IF2009,2020-04-08 09:30:56.500,3673.0000,16792,1,99128520.000,2,1,1,空开,S,3672.6000,3672.0000,3670.2000,3670.0000,3669.4000,3674.4000,3674.6000,3675.0000,3675.6000,3676.0000,2,1,1,3,3,2,1,1,1,2
SF,IF2009,2020-04-08 09:30:57.000,3673.0000,16792,0,99128520.000,0,-,-,-,-,3672.8000,3672.6000,3672.0000,3670.2000,3670.0000,3674.4000,3675.0000,3675.6000,3676.0000,3676.4000,2,2,1,1,3,2,1,1,2,2
SF,IF2009,2020-04-08 09:30:57.500,3674.4000,16791,-1,100230840.000,1,0,1,双平,S,3672.6000,3672.0000,3670.2000,3670.0000,3669.4000,3674.0000,3674.4000,3674.6000,3675.0000,3675.6000,2,1,1,3,3,1,1,1,1,1
SF,IF2009,2020-04-08 09:30:58.000,3674.4000,16791,0,100230840.000,0,-,-,-,-,3672.6000,3672.0000,3670.2000,3670.0000,3669.4000,3674.0000,3674.6000,3675.0000,3675.6000,3676.0000,2,1,1,3,3,1,1,1,1,1
SF,IF2009,2020-04-08 09:30:58.500,3674.4000,16791,0,100230840.000,0,-,-,-,-,3672.8000,3672.6000,3672.0000,3670.2000,3670.0000,3674.0000,3675.0000,3675.6000,3676.0000,3676.4000,1,2,1,1,3,1,1,1,1,2
SF,IF2009,2020-04-08 09:30:59.000,3674.4000,16791,0,100230840.000,0,-,-,-,-,3672.8000,3672.6000,3672.0000,3670.2000,3670.0000,3673.6000,3674.0000,3675.0000,3675.6000,3676.0000,1,2,1,1,3,1,1,1,1,1
SF,IF2009,2020-04-08 09:30:59.500,3673.6000,16790,-1,101332920.000,1,0,1,双平,S,3672.8000,3672.6000,3672.0000,3670.2000,3670.0000,3674.0000,3675.0000,3675.6000,3676.0000,3676.4000,1,2,1,1,3,1,1,1,1,2
SF,IF2009,2020-04-08 09:31:00.000,3673.6000,16790,0,101332920.000,0,-,-,-,-,3672.8000,3672.6000,3672.0000,3671.0000,3670.2000,3673.8000,3674.0000,3675.0000,3675.6000,3676.0000,1,2,1,1,1,1,1,1,1,1
SF,IF2009,2020-04-08 09:31:00.500,3673.6000,16790,0,101332920.000,0,-,-,-,-,3672.8000,3672.6000,3672.0000,3671.0000,3670.2000,3674.0000,3675.0000,3675.6000,3676.0000,3676.4000,1,2,1,1,1,1,1,1,1,2
SF,IF2009,2020-04-08 09:31:01.000,3673.6000,16790,0,101332920.000,0,-,-,-,-,3672.6000,3672.0000,3671.0000,3670.2000,3670.0000,3673.8000,3674.0000,3675.0000,3675.6000,3676.0000,2,1,1,1,3,2,1,1,1,1
SF,IF2009,2020-04-08 09:31:01.500,3673.6000,16790,0,101332920.000,0,-,-,-,-,3672.6000,3672.0000,3671.0000,3670.2000,3670.0000,3673.8000,3674.0000,3675.0000,3675.6000,3676.0000,2,1,1,1,3,2,1,1,1,1
SF,IF2009,2020-04-08 09:31:02.500,3673.6000,16790,0,101332920.000,0,-,-,-,-,3672.6000,3672.0000,3671.0000,3670.2000,3670.0000,3673.8000,3674.0000,3675.0000,3675.6000,3676.0000,2,1,1,1,3,1,1,1,1,1
SF,IF2009,2020-04-08 09:31:03.000,3672.6000,16790,0,102434700.000,1,0,1,多换,S,3672.6000,3672.0000,3671.0000,3670.2000,3670.0000,3673.6000,3673.8000,3674.0000,3675.0000,3675.6000,1,1,1,1,3,1,1,2,1,1
SF,IF2009,2020-04-08 09:31:03.500,3672.6000,16790,0,102434700.000,0,-,-,-,-,3672.6000,3672.0000,3671.0000,3670.2000,3670.0000,3673.8000,3674.0000,3675.0000,3675.6000,3676.0000,1,1,1,1,3,1,1,1,1,1
SF,IF2009,2020-04-08 09:31:04.000,3673.8000,16790,0,103536840.000,1,0,1,多换,S,3672.6000,3672.0000,3671.0000,3670.2000,3670.0000,3674.0000,3675.0000,3675.6000,3676.0000,3676.4000,1,1,1,1,3,1,1,1,1,2
SF,IF2009,2020-04-08 09:31:04.500,3673.8000,16790,0,103536840.000,0,-,-,-,-,3672.6000,3672.0000,3671.0000,3670.2000,3670.0000,3673.8000,3674.0000,3675.0000,3675.6000,3676.0000,1,1,1,1,3,2,1,1,1,1
SF,IF2009,2020-04-08 09:31:05.000,3673.8000,16790,0,103536840.000,0,-,-,-,-,3672.6000,3672.0000,3671.0000,3670.2000,3670.0000,3673.8000,3674.0000,3675.0000,3675.6000,3676.0000,1,1,1,1,3,2,1,1,1,1
SF,IF2009,2020-04-08 09:31:05.500,3672.6000,16790,0,104638620.000,1,0,1,多换,S,3672.0000,3671.0000,3670.2000,3670.0000,3669.4000,3673.8000,3674.0000,3675.0000,3675.6000,3676.0000,1,1,1,3,3,2,2,1,1,1
SF,IF2009,2020-04-08 09:31:06.000,3672.6000,16790,0,104638620.000,0,-,-,-,-,3672.0000,3671.0000,3670.2000,3670.0000,3669.4000,3672.6000,3673.6000,3673.8000,3674.0000,3675.0000,1,1,1,3,3,1,1,4,4,1
SF,IF2009,2020-04-08 09:31:06.500,3672.6000,16790,0,104638620.000,0,-,-,-,-,3672.0000,3671.0000,3670.2000,3670.0000,3669.4000,3672.6000,3673.6000,3673.8000,3674.0000,3675.0000,1,1,1,3,3,1,2,3,4,1
SF,IF2009,2020-04-08 09:31:07.500,3672.0000,16789,-1,105740220.000,1,0,1,双平,S,3671.0000,3670.2000,3670.0000,3669.4000,3669.0000,3672.6000,3673.6000,3673.8000,3674.0000,3674.4000,1,1,3,3,2,1,2,3,4,2
SF,IF2009,2020-04-08 09:31:08.000,3672.4000,16789,0,106841940.000,1,0,1,多换,S,3671.0000,3670.0000,3669.4000,3669.0000,3668.8000,3672.4000,3672.6000,3673.6000,3673.8000,3674.0000,1,3,3,2,4,1,2,2,2,4
SF,IF2009,2020-04-08 09:31:08.500,3672.4000,16789,0,106841940.000,0,-,-,-,-,3671.0000,3670.0000,3669.4000,3669.0000,3668.8000,3672.4000,3672.6000,3673.6000,3673.8000,3674.0000,1,2,3,2,4,1,1,2,2,4
SF,IF2009,2020-04-08 09:31:09.500,3672.4000,16789,0,107943660.000,1,0,1,多换,S,3671.2000,3671.0000,3670.0000,3669.4000,3669.0000,3672.4000,3672.6000,3673.6000,3673.8000,3674.0000,1,1,2,3,2,1,1,2,2,4
SF,IF2009,2020-04-08 09:31:10.000,3672.4000,16789,0,107943660.000,0,-,-,-,-,3671.0000,3670.0000,3669.4000,3669.0000,3668.8000,3672.4000,3672.6000,3673.6000,3673.8000,3674.0000,1,2,3,2,4,1,1,2,2,4
SF,IF2009,2020-04-08 09:31:10.500,3672.4000,16789,0,107943660.000,0,-,-,-,-,3672.0000,3671.2000,3671.0000,3670.0000,3669.4000,3672.4000,3672.6000,3673.6000,3673.8000,3674.0000,1,2,1,2,3,1,1,2,2,4
SF,IF2009,2020-04-08 09:31:11.000,3672.4000,16789,0,107943660.000,0,-,-,-,-,3672.0000,3671.2000,3671.0000,3670.0000,3669.4000,3672.4000,3672.6000,3673.6000,3673.8000,3674.0000,1,1,1,2,3,1,1,2,2,4
SF,IF2009,2020-04-08 09:31:11.500,3672.0000,16789,0,109045260.000,1,0,1,多换,S,3671.2000,3671.0000,3670.0000,3669.4000,3668.8000,3672.4000,3673.6000,3673.8000,3674.0000,3675.0000,1,1,2,3,4,1,2,2,4,1
SF,IF2009,2020-04-08 09:31:12.000,3672.0000,16789,0,109045260.000,0,-,-,-,-,3671.4000,3671.2000,3671.0000,3670.0000,3669.4000,3672.4000,3673.6000,3673.8000,3674.0000,3675.0000,1,1,1,2,3,1,2,2,4,1
SF,IF2009,2020-04-08 09:31:12.500,3672.0000,16789,0,109045260.000,0,-,-,-,-,3671.2000,3671.0000,3670.0000,3669.4000,3668.8000,3672.4000,3673.6000,3673.8000,3674.0000,3675.0000,1,1,2,3,4,1,2,2,4,1
SF,IF2009,2020-04-08 09:31:13.000,3672.0000,16789,0,109045260.000,0,-,-,-,-,3671.4000,3671.2000,3671.0000,3670.0000,3669.4000,3672.4000,3673.6000,3673.8000,3674.0000,3675.0000,1,1,1,2,3,1,2,2,4,1
SF,IF2009,2020-04-08 09:31:13.500,3672.4000,16789,0,110146980.000,1,0,1,多换,S,3671.6000,3671.2000,3671.0000,3670.0000,3669.4000,3673.6000,3673.8000,3674.0000,3675.0000,3675.6000,1,1,1,2,3,2,2,4,1,1
SF,IF2009,2020-04-08 09:31:14.000,3671.8000,16789,0,111248520.000,1,0,1,多换,S,3671.8000,3671.0000,3670.0000,3669.4000,3668.8000,3673.2000,3673.4000,3673.6000,3673.8000,3674.0000,1,1,2,3,4,1,1,2,2,4
SF,IF2009,2020-04-08 09:31:14.500,3673.0000,16789,0,112350420.000,1,0,1,多换,S,3671.0000,3670.0000,3669.4000,3668.8000,3668.6000,3673.0000,3673.2000,3673.4000,3673.6000,3673.8000,1,2,3,4,3,2,1,1,2,2
SF,IF2009,2020-04-08 09:31:15.000,3673.0000,16789,0,112350420.000,0,-,-,-,-,3671.2000,3671.0000,3670.0000,3669.4000,3668.8000,3673.0000,3673.2000,3673.4000,3673.6000,3673.8000,2,1,2,3,4,2,1,1,2,2
SF,IF2009,2020-04-08 09:31:15.500,3671.2000,16788,-1,113451780.000,1,0,1,双平,S,3671.4000,3671.2000,3671.0000,3670.0000,3669.4000,3673.0000,3673.4000,3673.6000,3673.8000,3674.0000,1,1,1,2,3,2,1,2,2,4
SF,IF2009,2020-04-08 09:31:16.000,3671.2000,16788,0,113451780.000,0,-,-,-,-,3671.2000,3671.0000,3670.0000,3669.4000,3668.8000,3672.8000,3673.0000,3673.4000,3673.6000,3673.8000,1,1,2,3,4,1,2,1,2,2
SF,IF2009,2020-04-08 09:31:16.500,3671.2000,16788,0,113451780.000,0,-,-,-,-,3671.2000,3671.0000,3670.0000,3669.4000,3668.8000,3672.6000,3673.0000,3673.4000,3673.6000,3673.8000,1,1,2,3,4,2,1,1,2,2
SF,IF2009,2020-04-08 09:31:17.000,3671.2000,16788,0,113451780.000,0,-,-,-,-,3671.2000,3671.0000,3670.0000,3669.4000,3668.8000,3671.8000,3672.6000,3673.0000,3673.4000,3673.6000,1,1,2,3,4,4,2,1,1,2
SF,IF2009,2020-04-08 09:31:17.500,3671.2000,16788,0,113451780.000,0,-,-,-,-,3671.4000,3671.2000,3671.0000,3670.0000,3669.4000,3671.8000,3673.0000,3673.4000,3673.6000,3673.8000,1,1,1,2,3,4,1,1,2,2
SF,IF2009,2020-04-08 09:31:18.000,3671.2000,16788,0,114553140.000,1,0,1,多换,S,3671.0000,3670.0000,3669.4000,3668.8000,3668.6000,3671.8000,3673.0000,3673.4000,3673.6000,3673.8000,1,2,3,4,3,4,1,1,2,2
SF,IF2009,2020-04-08 09:31:18.500,3671.2000,16788,0,114553140.000,0,-,-,-,-,3671.0000,3670.0000,3669.4000,3668.8000,3668.6000,3671.8000,3673.0000,3673.4000,3673.6000,3673.8000,1,2,3,4,3,4,1,1,2,2
SF,IF2009,2020-04-08 09:31:19.500,3671.2000,16788,0,114553140.000,0,-,-,-,-,3671.2000,3671.0000,3670.0000,3669.4000,3668.8000,3671.8000,3673.0000,3673.4000,3673.6000,3673.8000,1,1,2,3,4,4,1,1,2,2
SF,IF2009,2020-04-08 09:31:20.000,3671.2000,16788,0,114553140.000,0,-,-,-,-,3671.4000,3671.0000,3670.0000,3669.4000,3668.8000,3671.8000,3673.0000,3673.4000,3673.6000,3673.8000,1,1,2,3,4,4,1,1,2,2
SF,IF2009,2020-04-08 09:31:20.500,3671.8000,16788,0,115654680.000,1,0,1,多换,S,3671.0000,3670.0000,3669.4000,3668.8000,3668.6000,3671.8000,3673.0000,3673.4000,3673.6000,3673.8000,1,2,3,4,3,3,1,1,2,2
SF,IF2009,2020-04-08 09:31:21.000,3671.8000,16788,0,115654680.000,0,-,-,-,-,3671.2000,3671.0000,3670.0000,3669.4000,3668.8000,3671.8000,3673.0000,3673.4000,3673.6000,3673.8000,2,1,2,3,4,3,1,1,2,2
SF,IF2009,2020-04-08 09:31:21.500,3671.8000,16788,0,115654680.000,0,-,-,-,-,3671.2000,3671.0000,3670.0000,3669.4000,3669.0000,3671.8000,3673.0000,3673.4000,3673.6000,3673.8000,2,1,2,3,1,3,1,1,2,2
SF,IF2009,2020-04-08 09:31:22.000,3671.0000,16788,0,118958880.000,3,1,2,多换,S,3670.0000,3669.4000,3669.0000,3668.8000,3668.6000,3671.8000,3673.0000,3673.4000,3673.6000,3673.8000,2,3,1,4,3,2,1,1,2,2
SF,IF2009,2020-04-08 09:31:22.500,3671.0000,16788,0,118958880.000,0,-,-,-,-,3670.2000,3670.0000,3669.4000,3669.0000,3668.8000,3671.8000,3673.0000,3673.4000,3673.6000,3673.8000,3,2,3,1,4,2,1,1,2,2
SF,IF2009,2020-04-08 09:31:23.000,3671.0000,16788,0,118958880.000,0,-,-,-,-,3670.2000,3670.0000,3669.4000,3669.0000,3668.8000,3671.8000,3673.0000,3673.4000,3673.6000,3673.8000,2,2,3,1,4,2,1,1,2,2
SF,IF2009,2020-04-08 09:31:24.000,3671.0000,16788,0,118958880.000,0,-,-,-,-,3670.2000,3670.0000,3669.4000,3669.0000,3668.8000,3671.8000,3673.0000,3673.4000,3673.6000,3673.8000,2,2,3,1,4,2,1,1,2,2
SF,IF2009,2020-04-08 09:31:27.000,3671.0000,16788,0,118958880.000,0,-,-,-,-,3670.2000,3670.0000,3669.4000,3669.0000,3668.8000,3671.8000,3673.0000,3673.4000,3673.6000,3673.8000,2,2,3,1,4,2,1,1,2,2
SF,IF2009,2020-04-08 09:31:28.500,3671.0000,16788,0,118958880.000,0,-,-,-,-,3670.2000,3670.0000,3669.4000,3669.0000,3668.8000,3671.8000,3673.0000,3673.4000,3673.6000,3673.8000,2,2,3,1,4,2,1,1,2,2
SF,IF2009,2020-04-08 09:31:29.000,3671.0000,16788,0,118958880.000,0,-,-,-,-,3670.2000,3670.0000,3669.4000,3669.0000,3668.8000,3671.6000,3671.8000,3673.0000,3673.4000,3673.6000,2,2,3,1,4,2,2,1,1,2
SF,IF2009,2020-04-08 09:31:29.500,3671.0000,16788,0,118958880.000,0,-,-,-,-,3670.8000,3670.2000,3670.0000,3669.4000,3669.0000,3671.8000,3673.0000,3673.4000,3673.6000,3673.8000,2,2,2,3,1,2,1,1,2,2
SF,IF2009,2020-04-08 09:31:30.000,3671.0000,16788,0,118958880.000,0,-,-,-,-,3670.8000,3670.2000,3670.0000,3669.4000,3669.0000,3671.8000,3673.0000,3673.4000,3673.6000,3673.8000,2,1,2,3,1,2,1,1,2,2
SF,IF2009,2020-04-08 09:31:30.500,3671.0000,16788,0,118958880.000,0,-,-,-,-,3670.8000,3670.2000,3670.0000,3669.4000,3669.0000,3671.8000,3673.0000,3673.4000,3673.6000,3673.8000,2,1,2,3,1,2,1,1,2,2
SF,IF2009,2020-04-08 09:31:31.000,3671.0000,16788,0,118958880.000,0,-,-,-,-,3670.8000,3670.2000,3670.0000,3669.4000,3669.0000,3671.8000,3673.0000,3673.4000,3673.6000,3673.8000,2,1,2,3,1,2,1,1,2,2
SF,IF2009,2020-04-08 09:31:32.000,3671.8000,16789,1,120060420.000,1,1,0,双开,S,3670.8000,3670.2000,3670.0000,3669.4000,3669.0000,3671.8000,3673.0000,3673.4000,3673.6000,3673.8000,2,1,2,3,1,1,1,1,2,2
SF,IF2009,2020-04-08 09:31:32.500,3671.8000,16789,0,120060420.000,0,-,-,-,-,3671.0000,3670.8000,3670.2000,3670.0000,3669.4000,3671.8000,3673.0000,3673.4000,3673.6000,3673.8000,1,2,1,2,3,1,1,1,2,2
SF,IF2009,2020-04-08 09:31:33.000,3671.8000,16789,0,120060420.000,0,-,-,-,-,3670.8000,3670.2000,3670.0000,3669.4000,3669.0000,3671.0000,3671.6000,3671.8000,3673.0000,3673.4000,2,1,2,3,1,1,1,1,1,1
SF,IF2009,2020-04-08 09:31:33.500,3670.8000,16789,0,122262900.000,2,1,1,多换,S,3670.2000,3670.0000,3669.4000,3669.0000,3668.8000,3671.0000,3671.6000,3671.8000,3673.0000,3673.4000,1,2,3,1,4,1,1,1,1,1
SF,IF2009,2020-04-08 09:31:34.000,3670.8000,16789,0,123364140.000,1,0,1,多换,S,3670.4000,3670.2000,3670.0000,3669.4000,3669.0000,3671.0000,3671.6000,3671.8000,3673.0000,3673.4000,1,1,2,3,1,1,1,1,1,1
SF,IF2009,2020-04-08 09:31:34.500,3670.8000,16789,0,123364140.000,0,-,-,-,-,3670.2000,3670.0000,3669.4000,3669.0000,3668.8000,3671.0000,3671.6000,3671.8000,3673.0000,3673.4000,1,2,3,1,4,1,1,1,1,1
SF,IF2009,2020-04-08 09:31:36.500,3670.8000,16789,0,123364140.000,0,-,-,-,-,3670.4000,3670.2000,3670.0000,3669.4000,3669.0000,3671.0000,3671.6000,3671.8000,3673.0000,3673.4000,1,1,2,3,1,1,1,1,1,1
SF,IF2009,2020-04-08 09:31:37.000,3670.8000,16789,0,123364140.000,0,-,-,-,-,3670.2000,3670.0000,3669.4000,3669.0000,3668.8000,3671.0000,3671.6000,3671.8000,3673.0000,3673.4000,1,2,3,1,4,1,1,1,1,1
SF,IF2009,2020-04-08 09:31:38.000,3671.0000,16790,1,124465440.000,1,1,0,双开,S,3670.2000,3670.0000,3669.4000,3669.0000,3668.8000,3671.6000,3671.8000,3673.0000,3673.4000,3673.6000,1,2,3,1,4,1,1,1,1,2
SF,IF2009,2020-04-08 09:31:38.500,3671.0000,16790,0,124465440.000,0,-,-,-,-,3671.0000,3670.2000,3670.0000,3669.4000,3669.0000,3671.6000,3671.8000,3673.0000,3673.4000,3673.6000,1,1,2,3,1,1,1,1,1,2
SF,IF2009,2020-04-08 09:31:39.000,3671.0000,16789,-1,125566740.000,1,0,1,双平,S,3670.2000,3670.0000,3669.4000,3669.0000,3668.8000,3671.6000,3671.8000,3673.0000,3673.4000,3673.6000,1,2,3,1,4,1,1,1,1,2
SF,IF2009,2020-04-08 09:31:39.500,3671.0000,16789,0,125566740.000,0,-,-,-,-,3670.4000,3670.2000,3670.0000,3669.4000,3669.0000,3671.6000,3671.8000,3673.0000,3673.4000,3673.6000,1,1,2,3,1,1,1,1,1,2
SF,IF2009,2020-04-08 09:31:40.000,3671.0000,16789,0,125566740.000,0,-,-,-,-,3670.2000,3670.0000,3669.4000,3669.0000,3668.8000,3671.6000,3671.8000,3673.0000,3673.4000,3673.6000,1,2,3,1,4,1,1,1,1,2
SF,IF2009,2020-04-08 09:31:40.500,3671.0000,16789,0,125566740.000,0,-,-,-,-,3670.2000,3670.0000,3669.4000,3669.0000,3668.8000,3671.4000,3671.6000,3671.8000,3673.0000,3673.4000,1,2,3,1,4,1,1,1,1,1
SF,IF2009,2020-04-08 09:31:41.000,3670.2000,16788,-1,126667800.000,1,0,1,双平,S,3670.0000,3669.4000,3669.0000,3668.8000,3668.6000,3671.0000,3671.6000,3671.8000,3673.0000,3673.4000,2,3,1,4,3,1,1,1,1,1
SF,IF2009,2020-04-08 09:31:41.500,3670.2000,16788,0,126667800.000,0,-,-,-,-,3670.2000,3670.0000,3669.4000,3669.0000,3668.8000,3671.0000,3671.8000,3673.0000,3673.4000,3673.6000,1,2,3,1,4,1,1,1,1,2
SF,IF2009,2020-04-08 09:31:42.000,3670.2000,16788,0,126667800.000,0,-,-,-,-,3670.0000,3669.4000,3669.0000,3668.8000,3668.6000,3671.0000,3671.8000,3673.0000,3673.4000,3673.6000,2,3,1,4,3,1,1,1,1,2
SF,IF2009,2020-04-08 09:31:43.500,3670.2000,16788,0,126667800.000,0,-,-,-,-,3670.2000,3670.0000,3669.4000,3669.0000,3668.8000,3671.0000,3671.8000,3673.0000,3673.4000,3673.6000,1,2,3,1,4,1,1,1,1,2
SF,IF2009,2020-04-08 09:31:44.000,3670.2000,16788,0,126667800.000,0,-,-,-,-,3670.0000,3669.8000,3669.4000,3669.0000,3668.8000,3671.0000,3671.8000,3673.0000,3673.4000,3673.6000,2,1,3,1,4,1,1,1,1,2
SF,IF2009,2020-04-08 09:31:44.500,3670.2000,16788,0,126667800.000,0,-,-,-,-,3670.2000,3670.0000,3669.8000,3669.4000,3669.0000,3671.0000,3671.8000,3673.0000,3673.4000,3673.6000,1,2,1,3,1,1,1,1,1,2
SF,IF2009,2020-04-08 09:31:45.000,3670.2000,16788,0,126667800.000,0,-,-,-,-,3670.0000,3669.8000,3669.4000,3669.0000,3668.8000,3671.0000,3671.8000,3673.0000,3673.4000,3673.6000,3,1,3,1,4,1,1,1,1,2
SF,IF2009,2020-04-08 09:31:45.500,3670.2000,16788,0,126667800.000,0,-,-,-,-,3670.2000,3670.0000,3669.8000,3669.4000,3669.0000,3671.0000,3671.8000,3673.0000,3673.4000,3673.6000,1,3,1,3,1,1,1,1,1,2
SF,IF2009,2020-04-08 09:31:46.000,3670.2000,16788,0,126667800.000,0,-,-,-,-,3670.0000,3669.8000,3669.4000,3669.0000,3668.8000,3671.0000,3671.8000,3673.0000,3673.4000,3673.6000,4,1,3,1,4,1,1,1,1,2
SF,IF2009,2020-04-08 09:31:46.500,3670.2000,16788,0,126667800.000,0,-,-,-,-,3670.2000,3670.0000,3669.8000,3669.4000,3669.0000,3671.0000,3671.8000,3673.0000,3673.4000,3673.6000,1,5,1,3,1,1,1,1,1,2
SF,IF2009,2020-04-08 09:31:47.000,3670.2000,16788,0,126667800.000,0,-,-,-,-,3670.0000,3669.8000,3669.4000,3669.0000,3668.8000,3671.0000,3671.8000,3673.0000,3673.4000,3673.6000,5,1,3,1,4,1,1,1,1,2
SF,IF2009,2020-04-08 09:31:48.000,3670.0000,16788,0,127768800.000,1,0,1,多换,S,3670.0000,3669.8000,3669.4000,3669.0000,3668.8000,3671.0000,3671.8000,3673.0000,3673.4000,3673.6000,4,1,3,1,4,1,1,1,1,2
SF,IF2009,2020-04-08 09:31:48.500,3670.0000,16788,0,127768800.000,0,-,-,-,-,3670.0000,3669.8000,3669.4000,3669.0000,3668.8000,3671.0000,3671.8000,3673.0000,3673.4000,3673.6000,4,1,3,1,4,1,1,1,1,2
SF,IF2009,2020-04-08 09:31:49.000,3670.0000,16789,1,128869800.000,1,1,0,双开,S,3670.0000,3669.8000,3669.4000,3669.0000,3668.8000,3671.0000,3671.8000,3673.0000,3673.4000,3673.6000,3,1,3,1,4,1,1,1,1,2
SF,IF2009,2020-04-08 09:31:51.500,3670.0000,16789,0,128869800.000,0,-,-,-,-,3670.2000,3670.0000,3669.8000,3669.4000,3669.0000,3671.0000,3671.8000,3673.0000,3673.4000,3673.6000,1,3,1,3,1,1,1,1,1,2
SF,IF2009,2020-04-08 09:31:53.000,3670.0000,16789,0,128869800.000,0,-,-,-,-,3670.2000,3670.0000,3669.8000,3669.4000,3669.0000,3671.0000,3671.8000,3673.0000,3673.4000,3673.6000,1,3,1,3,1,1,1,1,1,2
SF,IF2009,2020-04-08 09:31:53.500,3670.0000,16789,0,128869800.000,0,-,-,-,-,3670.2000,3670.0000,3669.8000,3669.4000,3669.0000,3670.8000,3671.0000,3671.8000,3673.0000,3673.4000,1,3,1,3,1,2,1,1,1,1
SF,IF2009,2020-04-08 09:31:54.000,3670.2000,16789,0,129970860.000,1,0,1,多换,S,3670.0000,3669.8000,3669.4000,3669.0000,3668.8000,3670.8000,3671.0000,3671.8000,3673.0000,3673.4000,3,1,3,1,1,4,1,1,1,1
SF,IF2009,2020-04-08 09:31:54.500,3670.2000,16789,0,129970860.000,0,-,-,-,-,3670.0000,3669.8000,3669.4000,3669.0000,3668.8000,3670.2000,3670.8000,3671.0000,3671.8000,3673.0000,3,1,3,1,1,2,4,1,1,1
SF,IF2009,2020-04-08 09:31:55.000,3670.2000,16789,0,129970860.000,0,-,-,-,-,3670.0000,3669.8000,3669.4000,3669.0000,3668.8000,3670.2000,3670.8000,3671.0000,3671.8000,3673.0000,3,1,3,1,1,2,3,1,1,1
SF,IF2009,2020-04-08 09:31:55.500,3669.8000,16790,1,134374800.000,4,2,2,空开,S,3669.4000,3669.0000,3668.8000,3668.2000,3667.4000,3670.2000,3670.8000,3671.0000,3671.8000,3673.0000,3,1,1,1,1,2,3,1,1,1
SF,IF2009,2020-04-08 09:31:56.000,3669.8000,16790,0,134374800.000,0,-,-,-,-,3669.8000,3669.4000,3669.0000,3668.8000,3668.2000,3670.2000,3670.8000,3671.0000,3671.8000,3673.0000,1,3,1,1,1,2,1,1,1,1
SF,IF2009,2020-04-08 09:31:57.000,3669.8000,16790,0,134374800.000,0,-,-,-,-,3669.8000,3669.4000,3669.0000,3668.8000,3668.2000,3670.2000,3670.8000,3671.0000,3671.8000,3672.2000,1,3,1,1,1,2,1,1,1,1
SF,IF2009,2020-04-08 09:31:57.500,3669.8000,16790,0,134374800.000,0,-,-,-,-,3669.8000,3669.4000,3669.0000,3668.8000,3668.2000,3670.2000,3670.8000,3671.0000,3671.8000,3673.0000,1,3,1,1,1,2,1,1,1,1
SF,IF2009,2020-04-08 09:31:58.000,3670.2000,16790,0,136576920.000,2,1,1,多换,S,3669.8000,3669.4000,3669.0000,3668.8000,3668.2000,3671.0000,3671.8000,3673.0000,3673.4000,3673.6000,1,3,1,1,1,1,1,1,1,2
SF,IF2009,2020-04-08 09:31:58.500,3670.2000,16790,0,136576920.000,0,-,-,-,-,3669.8000,3669.4000,3669.0000,3668.8000,3668.2000,3670.8000,3671.0000,3671.8000,3673.0000,3673.4000,1,3,1,1,1,1,1,1,1,1
SF,IF2009,2020-04-08 09:31:59.000,3670.2000,16790,0,136576920.000,0,-,-,-,-,3669.8000,3669.4000,3669.0000,3668.8000,3668.2000,3671.0000,3671.8000,3673.0000,3673.4000,3673.6000,1,3,1,1,1,1,1,1,1,2
SF,IF2009,2020-04-08 09:32:00.500,3670.2000,16790,0,136576920.000,0,-,-,-,-,3670.0000,3669.8000,3669.4000,3669.0000,3668.8000,3671.0000,3671.8000,3673.0000,3673.4000,3673.6000,1,1,3,1,1,1,1,1,1,2
SF,IF2009,2020-04-08 09:32:01.000,3670.2000,16790,0,137677980.000,1,0,1,多换,S,3670.0000,3669.8000,3669.4000,3669.0000,3668.8000,3671.0000,3671.8000,3673.0000,3673.4000,3673.6000,1,1,3,1,1,1,1,1,1,2
SF,IF2009,2020-04-08 09:32:01.500,3671.0000,16789,-1,138779280.000,1,0,1,双平,S,3670.2000,3669.8000,3669.4000,3669.0000,3668.8000,3671.8000,3673.0000,3673.4000,3673.6000,3673.8000,2,1,3,1,1,1,1,1,2,2
SF,IF2009,2020-04-08 09:32:02.000,3671.0000,16789,0,138779280.000,0,-,-,-,-,3670.2000,3669.8000,3669.4000,3669.0000,3668.8000,3671.8000,3673.0000,3673.4000,3673.6000,3673.8000,2,1,3,1,1,1,1,1,2,2
SF,IF2009,2020-04-08 09:32:02.500,3671.0000,16789,0,138779280.000,0,-,-,-,-,3670.4000,3670.2000,3669.8000,3669.4000,3669.0000,3671.8000,3673.0000,3673.4000,3673.6000,3673.8000,1,1,1,3,1,1,1,1,2,2
SF,IF2009,2020-04-08 09:32:03.000,3671.0000,16789,0,138779280.000,0,-,-,-,-,3670.6000,3670.4000,3669.8000,3669.4000,3669.0000,3671.6000,3671.8000,3673.0000,3673.4000,3673.6000,1,1,1,3,1,1,1,1,1,2
SF,IF2009,2020-04-08 09:32:03.500,3671.0000,16789,0,138779280.000,0,-,-,-,-,3669.8000,3669.4000,3669.0000,3668.8000,3668.2000,3670.4000,3671.4000,3671.8000,3673.0000,3673.4000,1,3,1,1,1,1,1,1,1,1
SF,IF2009,2020-04-08 09:32:04.000,3671.0000,16789,0,138779280.000,0,-,-,-,-,3669.8000,3669.4000,3669.0000,3668.8000,3668.2000,3670.4000,3671.4000,3671.8000,3673.0000,3673.4000,1,3,1,1,1,1,2,1,1,1
SF,IF2009,2020-04-08 09:32:04.500,3671.0000,16789,0,138779280.000,0,-,-,-,-,3669.8000,3669.4000,3669.0000,3668.8000,3668.2000,3670.4000,3671.4000,3671.8000,3673.0000,3673.4000,1,3,1,1,1,1,1,1,1,1
SF,IF2009,2020-04-08 09:32:05.000,3671.0000,16789,0,138779280.000,0,-,-,-,-,3669.8000,3669.4000,3669.0000,3668.8000,3668.2000,3670.4000,3670.6000,3671.4000,3671.8000,3673.0000,1,3,1,1,1,1,1,1,1,1
SF,IF2009,2020-04-08 09:32:05.500,3671.0000,16789,0,138779280.000,0,-,-,-,-,3670.0000,3669.8000,3669.4000,3669.0000,3668.8000,3670.4000,3670.6000,3671.4000,3671.8000,3673.0000,1,1,3,1,1,1,1,1,1,1
SF,IF2009,2020-04-08 09:32:06.000,3671.0000,16789,0,138779280.000,0,-,-,-,-,3669.8000,3669.4000,3669.0000,3668.8000,3668.2000,3670.4000,3670.6000,3671.4000,3671.8000,3673.0000,1,3,1,1,1,1,1,1,1,1
SF,IF2009,2020-04-08 09:32:06.500,3670.4000,16789,0,139880400.000,1,0,1,多换,S,3670.0000,3669.8000,3669.4000,3669.0000,3668.8000,3670.6000,3671.0000,3671.4000,3671.8000,3673.0000,1,1,3,1,1,1,1,1,1,1
SF,IF2009,2020-04-08 09:32:07.000,3670.4000,16789,0,139880400.000,0,-,-,-,-,3670.2000,3669.8000,3669.4000,3669.0000,3668.8000,3670.6000,3671.0000,3671.8000,3673.0000,3673.4000,1,1,3,1,1,1,1,1,1,1
SF,IF2009,2020-04-08 09:32:07.500,3670.6000,16788,-1,140981580.000,1,0,1,双平,S,3670.4000,3670.0000,3669.8000,3669.4000,3669.0000,3671.0000,3671.8000,3673.0000,3673.4000,3673.6000,2,1,1,3,1,1,1,1,1,2
SF,IF2009,2020-04-08 09:32:08.000,3670.6000,16788,0,140981580.000,0,-,-,-,-,3670.4000,3670.0000,3669.8000,3669.4000,3669.0000,3671.0000,3671.8000,3673.0000,3673.4000,3673.6000,3,1,1,3,1,1,1,1,1,2
SF,IF2009,2020-04-08 09:32:10.500,3670.6000,16788,0,140981580.000,0,-,-,-,-,3670.4000,3670.0000,3669.8000,3669.4000,3669.0000,3671.0000,3671.8000,3673.0000,3673.4000,3673.6000,2,1,1,3,1,1,1,1,1,2
SF,IF2009,2020-04-08 09:32:11.000,3670.6000,16788,0,140981580.000,0,-,-,-,-,3670.4000,3670.0000,3669.8000,3669.4000,3669.0000,3671.0000,3671.8000,3673.0000,3673.4000,3673.6000,2,1,1,3,1,1,1,1,1,2
SF,IF2009,2020-04-08 09:32:11.500,3671.0000,16788,0,142082880.000,1,0,1,多换,S,3670.4000,3670.0000,3669.8000,3669.4000,3669.0000,3671.8000,3673.0000,3673.4000,3673.6000,3673.8000,2,1,1,3,1,1,1,1,2,2
SF,IF2009,2020-04-08 09:32:12.000,3671.0000,16788,0,142082880.000,0,-,-,-,-,3670.4000,3670.0000,3669.8000,3669.4000,3669.0000,3671.6000,3671.8000,3673.0000,3673.4000,3673.6000,2,1,1,3,1,2,1,1,1,2
SF,IF2009,2020-04-08 09:32:12.500,3671.0000,16788,0,142082880.000,0,-,-,-,-,3670.6000,3670.4000,3670.0000,3669.8000,3669.4000,3671.4000,3671.6000,3671.8000,3673.0000,3673.4000,1,2,1,1,3,1,1,1,1,1
SF,IF2009,2020-04-08 09:32:13.000,3671.0000,16788,0,142082880.000,0,-,-,-,-,3670.4000,3670.0000,3669.8000,3669.4000,3669.0000,3671.6000,3671.8000,3673.0000,3673.4000,3673.6000,2,2,1,3,1,1,1,1,1,2
SF,IF2009,2020-04-08 09:32:13.500,3671.0000,16788,0,142082880.000,0,-,-,-,-,3670.6000,3670.4000,3670.0000,3669.8000,3669.4000,3671.6000,3671.8000,3673.0000,3673.4000,3673.6000,1,2,2,1,3,1,1,1,1,2
SF,IF2009,2020-04-08 09:32:14.000,3671.6000,16788,0,143184360.000,1,0,1,多换,S,3670.4000,3670.0000,3669.8000,3669.4000,3669.0000,3671.8000,3673.0000,3673.4000,3673.6000,3673.8000,2,2,1,3,1,1,1,1,2,2
SF,IF2009,2020-04-08 09:32:14.500,3671.6000,16788,0,143184360.000,0,-,-,-,-,3670.4000,3670.0000,3669.8000,3669.4000,3669.0000,3671.8000,3673.0000,3673.4000,3673.6000,3673.8000,2,2,1,3,1,1,1,1,2,2
SF,IF2009,2020-04-08 09:32:15.000,3671.6000,16788,0,143184360.000,0,-,-,-,-,3670.4000,3670.0000,3669.8000,3669.4000,3669.0000,3671.8000,3673.0000,3673.4000,3673.6000,3673.8000,2,3,1,3,1,1,1,1,2,2
SF,IF2009,2020-04-08 09:32:16.000,3670.4000,16788,0,145386600.000,2,1,1,多换,S,3670.0000,3669.8000,3669.4000,3669.0000,3668.8000,3671.8000,3673.0000,3673.4000,3673.6000,3673.8000,3,1,3,1,1,1,1,1,2,2
SF,IF2009,2020-04-08 09:32:16.500,3671.8000,16789,1,146488140.000,1,1,0,双开,S,3670.2000,3670.0000,3669.8000,3669.4000,3669.0000,3673.0000,3673.4000,3673.6000,3673.8000,3674.0000,1,3,1,3,1,1,1,2,2,3
SF,IF2009,2020-04-08 09:32:17.000,3670.4000,16787,-2,148690380.000,2,0,2,双平,S,3670.2000,3670.0000,3669.8000,3669.4000,3669.0000,3672.8000,3673.0000,3673.4000,3673.6000,3674.0000,4,3,1,3,1,1,1,1,2,2
SF,IF2009,2020-04-08 09:32:17.500,3670.2000,16786,-1,149791440.000,1,0,1,双平,S,3670.0000,3669.8000,3669.4000,3669.0000,3668.8000,3670.2000,3672.8000,3673.0000,3673.4000,3673.6000,3,1,3,1,1,1,1,1,1,2
SF,IF2009,2020-04-08 09:32:18.000,3670.2000,16785,-1,150892500.000,1,0,1,双平,S,3670.2000,3670.0000,3669.8000,3669.4000,3669.0000,3672.4000,3672.8000,3673.0000,3673.4000,3673.6000,4,3,1,3,1,1,1,1,1,2
SF,IF2009,2020-04-08 09:32:18.500,3670.2000,16783,-2,153094620.000,2,0,2,双平,S,3670.2000,3670.0000,3669.8000,3669.4000,3669.0000,3672.2000,3672.4000,3673.0000,3673.4000,3673.6000,4,3,1,3,1,1,1,1,1,2
SF,IF2009,2020-04-08 09:32:19.000,3670.2000,16783,0,153094620.000,0,-,-,-,-,3670.4000,3670.2000,3670.0000,3669.8000,3669.4000,3672.2000,3673.0000,3673.4000,3673.6000,3674.0000,3,4,3,1,3,1,1,1,2,2
SF,IF2009,2020-04-08 09:32:19.500,3670.2000,16783,0,153094620.000,0,-,-,-,-,3670.6000,3670.4000,3670.2000,3670.0000,3669.8000,3672.2000,3673.0000,3673.4000,3673.6000,3674.0000,1,3,4,3,1,1,1,1,2,1
SF,IF2009,2020-04-08 09:32:20.000,3670.2000,16783,0,154195680.000,1,0,1,多换,S,3670.4000,3670.2000,3670.0000,3669.8000,3669.4000,3672.0000,3672.2000,3673.0000,3673.4000,3673.6000,1,5,4,1,3,1,1,1,1,2
SF,IF2009,2020-04-08 09:32:20.500,3670.2000,16783,0,154195680.000,0,-,-,-,-,3670.4000,3670.2000,3670.0000,3669.8000,3669.4000,3671.8000,3672.0000,3673.0000,3673.4000,3673.6000,1,4,4,1,3,2,1,1,1,2
SF,IF2009,2020-04-08 09:32:21.000,3670.2000,16783,0,154195680.000,0,-,-,-,-,3670.6000,3670.4000,3670.2000,3670.0000,3669.8000,3671.8000,3673.0000,3673.4000,3673.6000,3674.0000,1,1,4,5,1,1,1,1,2,1
SF,IF2009,2020-04-08 09:32:21.500,3670.2000,16783,0,154195680.000,0,-,-,-,-,3670.8000,3670.4000,3670.2000,3670.0000,3669.8000,3673.0000,3673.4000,3673.6000,3674.0000,3674.4000,1,1,4,5,1,1,1,2,1,1
SF,IF2009,2020-04-08 09:32:22.000,3670.2000,16783,0,154195680.000,0,-,-,-,-,3670.4000,3670.2000,3670.0000,3669.8000,3669.4000,3670.6000,3672.6000,3672.8000,3673.0000,3673.4000,2,4,5,1,3,2,2,1,1,1
SF,IF2009,2020-04-08 09:32:22.500,3670.6000,16781,-2,156398040.000,2,0,2,双平,S,3670.4000,3670.2000,3670.0000,3669.8000,3669.4000,3672.8000,3673.0000,3673.4000,3673.6000,3674.0000,3,2,5,1,3,1,1,1,2,1
SF,IF2009,2020-04-08 09:32:23.000,3670.6000,16781,0,156398040.000,0,-,-,-,-,3670.4000,3670.2000,3670.0000,3669.8000,3669.4000,3672.4000,3672.8000,3673.0000,3673.4000,3673.6000,3,2,5,1,3,2,1,1,1,2
SF,IF2009,2020-04-08 09:32:23.500,3670.4000,16780,-1,158600340.000,2,0,2,多平,S,3670.4000,3670.2000,3670.0000,3669.8000,3669.4000,3672.2000,3672.4000,3673.0000,3673.4000,3673.6000,2,2,5,1,3,2,2,1,1,2
SF,IF2009,2020-04-08 09:32:24.500,3670.4000,16779,-1,160802580.000,2,0,2,多平,S,3670.2000,3670.0000,3669.8000,3669.4000,3669.0000,3672.2000,3672.4000,3673.0000,3673.4000,3673.6000,2,5,1,3,1,2,2,1,1,2
SF,IF2009,2020-04-08 09:32:25.000,3670.4000,16779,0,160802580.000,0,-,-,-,-,3670.6000,3670.4000,3670.2000,3670.0000,3669.8000,3672.2000,3673.0000,3673.4000,3673.6000,3674.0000,2,1,2,5,1,2,1,1,2,1
SF,IF2009,2020-04-08 09:32:25.500,3670.4000,16779,0,160802580.000,0,-,-,-,-,3670.6000,3670.4000,3670.2000,3670.0000,3669.8000,3672.0000,3672.2000,3673.0000,3673.4000,3673.6000,2,1,2,5,1,1,2,1,1,2
SF,IF2009,2020-04-08 09:32:26.000,3670.6000,16779,0,161903760.000,1,0,1,多换,S,3670.2000,3670.0000,3669.8000,3669.4000,3669.0000,3670.6000,3671.8000,3672.2000,3673.0000,3673.4000,2,5,1,3,1,1,1,1,1,1
SF,IF2009,2020-04-08 09:32:26.500,3670.6000,16779,0,161903760.000,0,-,-,-,-,3670.2000,3670.0000,3669.8000,3669.4000,3669.0000,3670.6000,3672.2000,3673.0000,3673.4000,3673.6000,2,5,1,3,1,1,1,1,1,2
SF,IF2009,2020-04-08 09:32:27.000,3670.6000,16776,-3,165207180.000,3,0,3,双平,S,3672.0000,3670.2000,3670.0000,3669.8000,3669.4000,3672.2000,3673.0000,3673.4000,3673.6000,3674.0000,1,2,5,1,3,1,1,1,2,1
SF,IF2009,2020-04-08 09:32:27.500,3672.0000,16775,-1,166308780.000,1,0,1,双平,S,3670.4000,3670.2000,3670.0000,3669.8000,3669.4000,3672.0000,3673.0000,3673.4000,3673.6000,3674.0000,1,2,5,1,3,8,1,1,2,1
SF,IF2009,2020-04-08 09:32:28.000,3672.0000,16775,0,166308780.000,0,-,-,-,-,3670.6000,3670.4000,3670.2000,3670.0000,3669.8000,3671.8000,3672.0000,3673.0000,3673.4000,3673.6000,1,1,2,5,1,1,13,1,1,2
SF,IF2009,2020-04-08 09:32:28.500,3670.6000,16775,0,167409960.000,1,0,1,多换,S,3670.2000,3670.0000,3669.8000,3669.4000,3669.0000,3670.4000,3671.6000,3671.8000,3672.0000,3673.0000,2,5,1,3,1,1,1,1,12,1
SF,IF2009,2020-04-08 09:32:29.000,3670.4000,16774,-1,168511080.000,1,0,1,双平,S,3670.6000,3670.4000,3670.2000,3670.0000,3669.8000,3672.0000,3673.0000,3673.4000,3673.6000,3674.0000,1,1,2,5,1,12,1,1,2,1
SF,IF2009,2020-04-08 09:32:29.500,3670.4000,16774,0,168511080.000,0,-,-,-,-,3670.6000,3670.2000,3670.0000,3669.8000,3669.4000,3671.6000,3671.8000,3672.0000,3673.0000,3673.4000,1,2,5,1,3,1,2,3,1,1
SF,IF2009,2020-04-08 09:32:30.000,3670.6000,16774,0,169612260.000,1,0,1,多换,S,3670.2000,3670.0000,3669.8000,3669.4000,3669.0000,3670.6000,3671.6000,3671.8000,3672.0000,3673.0000,2,5,1,3,1,1,3,1,3,1
SF,IF2009,2020-04-08 09:32:30.500,3670.6000,16774,0,169612260.000,0,-,-,-,-,3670.2000,3670.0000,3669.8000,3669.4000,3669.0000,3670.6000,3671.6000,3671.8000,3672.0000,3673.0000,3,5,1,3,1,1,2,1,3,1
SF,IF2009,2020-04-08 09:32:31.000,3670.4000,16771,-3,172915680.000,3,0,3,双平,S,3670.2000,3670.0000,3669.8000,3669.4000,3669.0000,3671.6000,3671.8000,3672.0000,3673.0000,3673.4000,3,5,1,3,1,2,1,3,1,1
SF,IF2009,2020-04-08 09:32:31.500,3671.6000,16772,1,174017160.000,1,1,0,双开,S,3670.2000,3670.0000,3669.8000,3669.4000,3669.0000,3671.6000,3671.8000,3672.0000,3673.0000,3673.4000,3,5,1,3,1,1,1,3,1,1
SF,IF2009,2020-04-08 09:32:32.000,3670.2000,16771,-1,176219280.000,2,0,2,多平,S,3670.2000,3670.0000,3669.8000,3669.4000,3669.0000,3671.6000,3671.8000,3672.0000,3673.0000,3673.4000,1,5,1,3,1,1,1,3,1,1
SF,IF2009,2020-04-08 09:32:32.500,3670.2000,16771,0,176219280.000,0,-,-,-,-,3670.2000,3670.0000,3669.8000,3669.4000,3669.0000,3671.8000,3672.0000,3673.0000,3673.4000,3673.6000,1,5,1,3,1,1,3,1,1,2
SF,IF2009,2020-04-08 09:32:33.000,3670.2000,16771,0,176219280.000,0,-,-,-,-,3670.4000,3670.2000,3670.0000,3669.8000,3669.4000,3671.8000,3672.0000,3673.0000,3673.4000,3673.6000,1,2,5,1,3,1,3,1,1,1
SF,IF2009,2020-04-08 09:32:33.500,3670.2000,16771,0,178421400.000,2,1,1,多换,S,3670.2000,3670.0000,3669.8000,3669.4000,3669.0000,3671.6000,3671.8000,3672.0000,3673.0000,3673.4000,1,5,1,3,1,1,1,2,1,1
SF,IF2009,2020-04-08 09:32:34.000,3670.2000,16771,0,178421400.000,0,-,-,-,-,3670.2000,3670.0000,3669.8000,3669.4000,3669.0000,3671.4000,3672.0000,3673.0000,3673.4000,3673.6000,1,5,1,3,1,2,2,1,1,1
SF,IF2009,2020-04-08 09:32:34.500,3670.2000,16770,-1,179522460.000,1,0,1,双平,S,3670.0000,3669.8000,3669.4000,3669.0000,3668.8000,3670.2000,3671.2000,3671.4000,3672.0000,3673.0000,5,1,3,1,1,1,1,2,2,1
SF,IF2009,2020-04-08 09:32:35.000,3670.2000,16770,0,179522460.000,0,-,-,-,-,3670.0000,3669.8000,3669.4000,3669.0000,3668.8000,3670.2000,3671.2000,3671.4000,3672.0000,3673.0000,5,1,3,1,1,1,1,1,2,1
SF,IF2009,2020-04-08 09:32:36.000,3670.0000,16770,0,181724460.000,2,1,1,多换,S,3670.0000,3669.8000,3669.4000,3669.0000,3668.8000,3670.2000,3671.2000,3671.4000,3672.0000,3673.0000,3,1,3,1,1,1,1,1,2,1
SF,IF2009,2020-04-08 09:32:36.500,3670.0000,16770,0,185027460.000,3,1,2,多换,S,3669.8000,3669.4000,3669.0000,3668.8000,3668.2000,3670.2000,3671.2000,3671.4000,3672.0000,3673.0000,1,3,1,1,1,1,1,1,2,1
SF,IF2009,2020-04-08 09:32:37.000,3670.0000,16769,-1,186128460.000,1,0,1,双平,S,3669.8000,3669.4000,3669.0000,3668.8000,3668.2000,3670.0000,3670.2000,3671.2000,3671.4000,3672.0000,1,3,1,1,1,1,1,1,1,2
SF,IF2009,2020-04-08 09:32:37.500,3670.0000,16769,0,186128460.000,0,-,-,-,-,3669.8000,3669.4000,3669.0000,3668.8000,3668.2000,3670.0000,3670.2000,3671.2000,3671.4000,3673.0000,1,3,1,1,1,1,1,1,1,1
SF,IF2009,2020-04-08 09:32:38.000,3669.8000,16769,0,187229400.000,1,0,1,多换,S,3669.4000,3669.0000,3668.8000,3668.2000,3668.0000,3669.8000,3670.0000,3670.2000,3671.2000,3671.4000,3,1,1,1,1,1,1,1,1,1
SF,IF2009,2020-04-08 09:32:38.500,3669.8000,16769,0,187229400.000,0,-,-,-,-,3669.6000,3669.4000,3669.0000,3668.8000,3668.2000,3669.8000,3670.0000,3670.2000,3671.2000,3671.4000,3,3,1,1,1,1,1,1,1,1
SF,IF2009,2020-04-08 09:32:39.000,3669.8000,16768,-1,188330340.000,1,0,1,双平,S,3669.6000,3669.4000,3669.0000,3668.8000,3668.2000,3670.0000,3670.2000,3671.2000,3671.4000,3673.0000,3,3,1,1,1,1,1,1,1,1
SF,IF2009,2020-04-08 09:32:39.500,3669.6000,16765,-3,191633100.000,3,0,3,双平,S,3669.4000,3669.0000,3668.8000,3668.2000,3668.0000,3670.2000,3671.4000,3673.0000,3673.4000,3673.6000,3,1,1,1,1,1,1,1,1,1
SF,IF2009,2020-04-08 09:32:40.000,3669.6000,16765,0,191633100.000,0,-,-,-,-,3669.6000,3669.4000,3669.0000,3668.8000,3668.2000,3670.2000,3671.4000,3673.0000,3673.4000,3673.6000,1,3,1,1,1,1,1,1,1,1
SF,IF2009,2020-04-08 09:32:40.500,3669.4000,16763,-2,193834800.000,2,0,2,双平,S,3669.8000,3669.4000,3669.0000,3668.8000,3668.2000,3670.2000,3671.4000,3673.0000,3673.4000,3673.6000,1,2,1,1,1,1,1,1,1,1
SF,IF2009,2020-04-08 09:32:41.000,3669.8000,16763,0,194935740.000,1,0,1,多换,S,3669.4000,3669.0000,3668.8000,3668.2000,3668.0000,3670.2000,3671.4000,3673.0000,3673.4000,3673.6000,2,1,1,1,1,1,1,1,1,1
SF,IF2009,2020-04-08 09:32:41.500,3669.4000,16761,-2,197137380.000,2,0,2,双平,S,3669.0000,3668.8000,3668.2000,3668.0000,3667.4000,3669.4000,3670.0000,3670.2000,3671.4000,3673.0000,2,1,1,1,1,2,1,1,1,1
SF,IF2009,2020-04-08 09:32:42.000,3669.0000,16760,-1,199338780.000,2,0,2,多平,S,3668.2000,3668.0000,3667.4000,3667.2000,3666.6000,3669.4000,3670.2000,3671.4000,3673.0000,3673.4000,1,1,1,1,1,2,1,1,1,1
SF,IF2009,2020-04-08 09:32:42.500,3669.0000,16760,0,199338780.000,0,-,-,-,-,3668.0000,3667.4000,3667.2000,3666.6000,3666.0000,3669.2000,3669.4000,3670.2000,3671.4000,3673.0000,1,1,1,1,4,1,2,1,1,1
SF,IF2009,2020-04-08 09:32:43.000,3668.2000,16759,-1,201539700.000,2,0,2,多平,S,3668.0000,3667.4000,3666.6000,3666.0000,3665.6000,3669.2000,3669.4000,3670.2000,3671.4000,3673.0000,1,1,1,4,1,2,2,1,1,1
SF,IF2009,2020-04-08 09:32:43.500,3669.0000,16759,0,202640400.000,1,0,1,多换,S,3668.0000,3667.4000,3666.6000,3666.0000,3665.6000,3669.4000,3670.0000,3670.2000,3671.4000,3673.0000,1,1,1,4,1,2,1,1,1,1
SF,IF2009,2020-04-08 09:32:44.000,3669.0000,16758,-1,203741100.000,1,0,1,双平,S,3668.0000,3667.4000,3666.6000,3666.0000,3665.6000,3669.2000,3669.4000,3670.0000,3670.2000,3673.0000,1,1,2,4,1,2,2,1,1,1
SF,IF2009,2020-04-08 09:32:44.500,3669.0000,16758,0,203741100.000,0,-,-,-,-,3668.0000,3667.4000,3666.6000,3666.0000,3665.6000,3669.0000,3669.2000,3669.4000,3670.0000,3670.2000,1,1,2,4,1,1,2,2,1,1
SF,IF2009,2020-04-08 09:32:45.000,3668.0000,16758,0,204841500.000,1,0,1,多换,S,3667.4000,3666.6000,3666.0000,3665.6000,3665.2000,3668.0000,3669.0000,3669.2000,3669.4000,3670.0000,1,2,4,1,1,1,1,1,2,1
SF,IF2009,2020-04-08 09:32:45.500,3668.0000,16757,-1,205941900.000,1,0,1,双平,S,3667.6000,3667.4000,3666.6000,3666.0000,3665.6000,3669.2000,3669.4000,3670.0000,3670.2000,3673.4000,1,1,2,4,1,1,2,1,1,1
SF,IF2009,2020-04-08 09:32:46.000,3668.0000,16757,0,205941900.000,0,-,-,-,-,3667.8000,3667.4000,3666.6000,3666.0000,3665.6000,3669.2000,3669.4000,3670.0000,3670.2000,3673.4000,2,1,2,4,1,1,2,1,1,1
SF,IF2009,2020-04-08 09:32:47.000,3668.0000,16757,0,205941900.000,0,-,-,-,-,3668.2000,3667.8000,3667.4000,3666.6000,3666.0000,3669.2000,3669.4000,3670.0000,3670.2000,3673.4000,2,1,1,2,4,1,2,1,1,1
SF,IF2009,2020-04-08 09:32:47.500,3668.0000,16757,0,205941900.000,0,-,-,-,-,3668.2000,3667.4000,3666.6000,3666.0000,3665.6000,3669.2000,3669.4000,3670.0000,3670.2000,3673.4000,2,1,2,4,1,1,2,1,1,1
SF,IF2009,2020-04-08 09:32:48.000,3668.0000,16757,0,205941900.000,0,-,-,-,-,3668.2000,3667.4000,3666.6000,3666.0000,3665.6000,3669.2000,3669.4000,3670.0000,3670.2000,3673.4000,1,1,2,4,1,1,2,1,1,1
SF,IF2009,2020-04-08 09:32:48.500,3668.0000,16757,0,205941900.000,0,-,-,-,-,3667.4000,3666.6000,3666.0000,3665.6000,3665.0000,3668.2000,3669.2000,3669.4000,3670.0000,3670.2000,1,2,4,1,1,2,1,2,1,1
SF,IF2009,2020-04-08 09:32:49.000,3668.2000,16755,-2,208142820.000,2,0,2,双平,S,3668.0000,3667.6000,3667.4000,3666.6000,3666.0000,3669.4000,3670.0000,3670.2000,3673.4000,3674.0000,1,1,1,2,4,2,1,1,1,1
SF,IF2009,2020-04-08 09:32:49.500,3668.0000,16753,-2,210343680.000,2,0,2,双平,S,3667.6000,3667.4000,3666.6000,3666.0000,3665.6000,3669.4000,3670.0000,3670.2000,3673.4000,3674.0000,1,1,2,4,1,2,1,1,1,1
SF,IF2009,2020-04-08 09:32:50.000,3668.0000,16753,0,210343680.000,0,-,-,-,-,3667.8000,3667.4000,3666.6000,3666.0000,3665.6000,3669.4000,3670.0000,3670.2000,3673.4000,3674.0000,3,1,2,4,1,2,1,1,1,1
SF,IF2009,2020-04-08 09:32:50.500,3668.0000,16753,0,210343680.000,0,-,-,-,-,3668.2000,3668.0000,3667.8000,3667.4000,3666.6000,3669.2000,3669.4000,3670.0000,3670.2000,3673.4000,1,1,2,1,1,2,2,1,1,1
SF,IF2009,2020-04-08 09:32:51.000,3668.0000,16752,-1,212544480.000,2,0,2,多平,S,3667.8000,3667.4000,3666.6000,3666.0000,3665.6000,3669.2000,3669.4000,3670.0000,3670.2000,3673.4000,2,1,1,4,1,4,2,1,1,1
SF,IF2009,2020-04-08 09:32:51.500,3668.0000,16752,0,212544480.000,0,-,-,-,-,3667.8000,3667.4000,3666.6000,3666.0000,3665.6000,3668.2000,3669.2000,3669.4000,3670.0000,3670.2000,2,1,1,4,1,1,4,2,1,1
SF,IF2009,2020-04-08 09:32:52.000,3667.8000,16750,-2,214745160.000,2,0,2,双平,S,3667.4000,3666.6000,3666.0000,3665.6000,3665.0000,3668.2000,3669.2000,3669.4000,3670.0000,3670.2000,1,1,4,1,1,1,1,2,1,1
SF,IF2009,2020-04-08 09:32:53.000,3668.2000,16750,0,215845620.000,1,0,1,多换,S,3667.6000,3667.4000,3666.6000,3666.0000,3665.6000,3669.0000,3669.2000,3669.4000,3670.0000,3670.2000,1,1,1,4,1,1,1,2,1,1
SF,IF2009,2020-04-08 09:32:53.500,3668.2000,16750,0,215845620.000,0,-,-,-,-,3667.6000,3667.4000,3666.6000,3666.0000,3665.6000,3669.0000,3669.2000,3669.4000,3670.0000,3670.2000,1,1,1,4,1,1,1,2,1,1
SF,IF2009,2020-04-08 09:32:54.000,3667.8000,16749,-1,216945960.000,1,0,1,双平,S,3667.4000,3666.6000,3666.0000,3665.6000,3665.0000,3667.6000,3669.0000,3669.2000,3669.4000,3670.0000,1,1,4,1,1,1,1,1,2,1
SF,IF2009,2020-04-08 09:32:54.500,3667.6000,16748,-1,218046240.000,1,0,1,双平,S,3667.8000,3667.4000,3666.6000,3666.0000,3665.6000,3669.0000,3669.2000,3669.4000,3670.0000,3670.2000,2,1,1,4,1,1,1,2,1,1
SF,IF2009,2020-04-08 09:32:55.000,3667.6000,16748,0,220246800.000,2,1,1,多换,S,3667.8000,3667.4000,3666.6000,3666.0000,3665.6000,3669.0000,3669.2000,3669.4000,3670.0000,3670.2000,1,1,1,4,1,1,1,2,1,1
SF,IF2009,2020-04-08 09:32:55.500,3667.6000,16748,0,220246800.000,0,-,-,-,-,3667.4000,3666.6000,3666.0000,3665.6000,3665.0000,3668.8000,3669.0000,3669.4000,3670.0000,3670.2000,1,1,4,1,1,4,1,2,1,1
SF,IF2009,2020-04-08 09:32:56.500,3667.6000,16745,-3,224648700.000,4,0,4,多平,S,3667.6000,3667.4000,3666.6000,3666.0000,3665.6000,3668.8000,3669.0000,3669.4000,3670.0000,3670.2000,1,1,1,4,1,1,1,2,1,1
SF,IF2009,2020-04-08 09:32:57.000,3667.6000,16745,0,224648700.000,0,-,-,-,-,3667.6000,3667.4000,3666.6000,3666.0000,3665.6000,3669.0000,3669.4000,3670.0000,3670.2000,3671.0000,1,1,1,4,1,1,2,1,1,1
SF,IF2009,2020-04-08 09:32:57.500,3667.6000,16744,-1,225748980.000,1,0,1,双平,S,3667.6000,3667.4000,3666.6000,3666.0000,3665.6000,3668.6000,3668.8000,3669.0000,3669.4000,3670.0000,1,1,1,4,1,1,1,1,2,1
SF,IF2009,2020-04-08 09:32:58.000,3667.6000,16744,0,225748980.000,0,-,-,-,-,3667.4000,3666.6000,3666.0000,3665.6000,3665.0000,3668.6000,3668.8000,3669.0000,3669.4000,3670.0000,1,1,4,1,1,1,1,1,2,1
SF,IF2009,2020-04-08 09:32:58.500,3667.6000,16744,0,225748980.000,0,-,-,-,-,3667.4000,3666.6000,3666.0000,3665.6000,3665.0000,3668.8000,3669.0000,3669.4000,3670.0000,3670.2000,1,1,4,1,1,1,1,2,1,1
SF,IF2009,2020-04-08 09:32:59.500,3667.6000,16744,0,225748980.000,0,-,-,-,-,3667.6000,3667.4000,3666.6000,3666.0000,3665.6000,3668.8000,3669.0000,3669.4000,3670.0000,3670.2000,2,1,1,4,1,1,1,2,1,1
SF,IF2009,2020-04-08 09:33:00.500,3667.6000,16744,0,225748980.000,0,-,-,-,-,3667.8000,3667.6000,3667.4000,3666.6000,3666.0000,3668.8000,3669.0000,3669.4000,3670.0000,3670.2000,1,2,1,1,4,1,1,2,1,1
SF,IF2009,2020-04-08 09:33:01.000,3667.6000,16744,0,226849260.000,1,0,1,多换,S,3667.8000,3667.6000,3667.4000,3666.6000,3666.0000,3668.8000,3669.0000,3669.4000,3670.0000,3670.2000,2,2,1,1,4,1,1,2,1,1
SF,IF2009,2020-04-08 09:33:01.500,3667.6000,16744,0,226849260.000,0,-,-,-,-,3667.8000,3667.6000,3667.4000,3666.6000,3666.0000,3669.0000,3669.4000,3670.0000,3670.2000,3671.0000,2,1,1,1,4,1,2,1,1,1
SF,IF2009,2020-04-08 09:33:02.000,3667.6000,16744,0,226849260.000,0,-,-,-,-,3668.0000,3667.8000,3667.6000,3667.4000,3666.6000,3668.8000,3669.0000,3669.4000,3670.0000,3670.2000,1,2,1,1,1,1,1,2,1,1
SF,IF2009,2020-04-08 09:33:02.500,3667.6000,16744,0,226849260.000,0,-,-,-,-,3668.0000,3667.8000,3667.6000,3667.4000,3666.6000,3668.8000,3669.0000,3669.4000,3670.0000,3670.2000,1,3,1,1,1,1,1,2,1,1
SF,IF2009,2020-04-08 09:33:03.000,3667.6000,16744,0,226849260.000,0,-,-,-,-,3668.0000,3667.8000,3667.4000,3666.6000,3666.0000,3668.6000,3668.8000,3669.0000,3669.4000,3670.0000,1,2,1,1,4,1,1,1,2,1
SF,IF2009,2020-04-08 09:33:03.500,3668.0000,16743,-1,227949660.000,1,0,1,双平,S,3667.8000,3667.4000,3666.6000,3666.0000,3665.6000,3668.8000,3669.0000,3669.4000,3670.0000,3670.2000,1,1,1,4,1,1,1,2,1,1
SF,IF2009,2020-04-08 09:33:04.000,3668.0000,16743,0,227949660.000,0,-,-,-,-,3667.4000,3666.6000,3666.0000,3665.6000,3665.0000,3668.6000,3668.8000,3669.0000,3670.0000,3670.2000,1,1,4,1,1,3,1,1,1,1
SF,IF2009,2020-04-08 09:33:04.500,3668.0000,16743,0,227949660.000,0,-,-,-,-,3667.4000,3666.6000,3666.0000,3665.6000,3665.0000,3668.4000,3668.6000,3669.0000,3670.0000,3670.2000,1,1,4,1,1,3,1,1,1,1
SF,IF2009,2020-04-08 09:33:05.000,3668.0000,16743,0,227949660.000,0,-,-,-,-,3667.4000,3666.6000,3666.0000,3665.6000,3665.0000,3668.2000,3668.4000,3669.0000,3670.0000,3670.2000,1,1,4,1,1,1,3,1,1,1
SF,IF2009,2020-04-08 09:33:05.500,3668.0000,16743,0,227949660.000,0,-,-,-,-,3667.4000,3666.6000,3666.0000,3665.6000,3665.0000,3667.6000,3668.4000,3669.0000,3670.0000,3670.2000,1,1,4,1,1,1,1,1,1,1
SF,IF2009,2020-04-08 09:33:06.000,3667.6000,16743,0,229049940.000,1,0,1,多换,S,3667.4000,3666.6000,3666.0000,3665.6000,3665.0000,3668.4000,3669.0000,3670.0000,3671.0000,3673.4000,1,1,4,1,1,1,1,1,1,1
SF,IF2009,2020-04-08 09:33:06.500,3667.6000,16743,0,229049940.000,0,-,-,-,-,3667.4000,3666.6000,3666.0000,3665.6000,3665.0000,3668.2000,3668.4000,3669.0000,3670.0000,3671.0000,1,1,4,1,1,3,1,1,1,1
SF,IF2009,2020-04-08 09:33:07.000,3667.4000,16743,0,230150160.000,1,0,1,多换,S,3666.6000,3666.0000,3665.6000,3665.0000,3663.0000,3668.0000,3668.2000,3669.0000,3670.0000,3671.0000,1,4,1,1,1,1,1,1,1,1
SF,IF2009,2020-04-08 09:33:07.500,3667.4000,16743,0,230150160.000,0,-,-,-,-,3666.6000,3666.0000,3665.6000,3665.0000,3663.0000,3667.8000,3668.0000,3669.0000,3670.0000,3671.0000,1,4,1,1,1,1,1,1,1,1
SF,IF2009,2020-04-08 09:33:08.000,3667.4000,16743,0,230150160.000,0,-,-,-,-,3666.6000,3666.0000,3665.6000,3665.0000,3663.0000,3667.6000,3668.0000,3669.0000,3670.0000,3671.0000,1,4,1,1,1,2,1,1,1,1
SF,IF2009,2020-04-08 09:33:08.500,3667.4000,16743,0,230150160.000,0,-,-,-,-,3666.6000,3666.0000,3665.6000,3665.0000,3663.0000,3667.6000,3668.0000,3669.0000,3670.0000,3671.0000,1,4,1,1,1,3,1,1,1,1
SF,IF2009,2020-04-08 09:33:09.000,3666.6000,16742,-1,231250140.000,1,0,1,双平,S,3666.0000,3665.6000,3665.0000,3663.0000,3662.0000,3667.6000,3668.0000,3669.0000,3670.0000,3671.0000,4,1,1,1,5,3,1,1,1,1
SF,IF2009,2020-04-08 09:33:09.500,3666.6000,16742,0,231250140.000,0,-,-,-,-,3666.0000,3665.6000,3665.0000,3663.0000,3662.0000,3667.4000,3667.6000,3669.0000,3670.0000,3671.0000,6,1,1,1,5,1,1,1,1,1
SF,IF2009,2020-04-08 09:33:10.000,3666.6000,16742,0,231250140.000,0,-,-,-,-,3666.0000,3665.6000,3665.0000,3663.0000,3662.0000,3667.4000,3669.0000,3670.0000,3671.0000,3673.4000,6,1,1,1,5,2,1,1,1,1
SF,IF2009,2020-04-08 09:33:10.500,3666.6000,16742,0,231250140.000,0,-,-,-,-,3666.0000,3665.6000,3665.0000,3663.0000,3662.0000,3667.4000,3669.0000,3670.0000,3671.0000,3673.4000,6,1,1,1,5,1,1,1,1,1
SF,IF2009,2020-04-08 09:33:11.000,3666.6000,16742,0,231250140.000,0,-,-,-,-,3666.2000,3666.0000,3665.6000,3665.0000,3663.0000,3669.0000,3670.0000,3671.0000,3673.4000,3674.4000,1,8,1,1,1,1,1,1,1,1
SF,IF2009,2020-04-08 09:33:11.500,3666.6000,16742,0,231250140.000,0,-,-,-,-,3666.4000,3666.0000,3665.6000,3665.0000,3663.0000,3668.6000,3668.8000,3669.0000,3670.0000,3671.0000,1,6,1,1,1,2,1,1,1,1
SF,IF2009,2020-04-08 09:33:12.000,3666.6000,16742,0,231250140.000,0,-,-,-,-,3666.4000,3666.0000,3665.8000,3665.6000,3665.0000,3668.4000,3668.6000,3669.0000,3670.0000,3671.0000,1,6,1,1,1,1,2,1,1,1
SF,IF2009,2020-04-08 09:33:12.500,3666.6000,16742,0,231250140.000,0,-,-,-,-,3666.0000,3665.8000,3665.6000,3665.0000,3663.0000,3668.0000,3668.2000,3668.4000,3669.0000,3670.0000,4,1,1,1,1,1,3,2,1,1
SF,IF2009,2020-04-08 09:33:13.000,3665.8000,16741,-1,236749080.000,5,2,3,多平,S,3665.6000,3665.0000,3663.0000,3662.0000,3660.0000,3666.2000,3667.8000,3668.0000,3668.2000,3668.4000,1,1,1,5,8,1,4,1,1,1
SF,IF2009,2020-04-08 09:33:13.500,3665.6000,16741,0,237848760.000,1,0,1,多换,S,3665.0000,3663.0000,3662.0000,3660.0000,3659.8000,3665.6000,3666.0000,3666.2000,3668.0000,3668.2000,1,1,5,8,1,2,2,1,1,1
SF,IF2009,2020-04-08 09:33:14.000,3665.0000,16741,0,240047760.000,2,1,1,多换,S,3663.0000,3662.0000,3660.0000,3659.8000,3658.2000,3665.4000,3666.0000,3668.0000,3668.2000,3669.0000,1,5,8,1,1,2,1,1,1,1
SF,IF2009,2020-04-08 09:33:14.500,3665.0000,16741,0,240047760.000,0,-,-,-,-,3663.2000,3663.0000,3662.0000,3660.0000,3659.8000,3665.4000,3666.0000,3668.0000,3668.2000,3669.0000,1,2,5,8,1,1,4,1,1,1
SF,IF2009,2020-04-08 09:33:15.000,3665.0000,16741,0,240047760.000,0,-,-,-,-,3663.0000,3662.0000,3660.0000,3659.8000,3658.2000,3665.0000,3665.2000,3665.4000,3666.0000,3668.2000,1,5,8,1,1,1,1,1,3,1
SF,IF2009,2020-04-08 09:33:15.500,3665.0000,16741,0,240047760.000,0,-,-,-,-,3663.2000,3663.0000,3662.0000,3660.0000,3659.8000,3666.0000,3668.2000,3669.0000,3670.0000,3671.0000,2,1,5,8,1,3,1,1,1,1
SF,IF2009,2020-04-08 09:33:16.000,3665.0000,16741,0,240047760.000,0,-,-,-,-,3663.4000,3663.2000,3663.0000,3662.0000,3660.0000,3665.6000,3665.8000,3666.0000,3668.2000,3669.0000,1,1,1,5,8,1,1,3,1,1
SF,IF2009,2020-04-08 09:33:16.500,3665.0000,16741,0,240047760.000,0,-,-,-,-,3663.4000,3663.2000,3663.0000,3662.0000,3660.0000,3665.4000,3665.6000,3666.0000,3668.2000,3669.0000,2,1,1,5,8,1,2,3,1,1
SF,IF2009,2020-04-08 09:33:17.000,3665.0000,16741,0,240047760.000,0,-,-,-,-,3663.4000,3663.2000,3663.0000,3662.0000,3660.0000,3665.2000,3665.4000,3665.6000,3666.0000,3668.2000,2,1,1,5,8,1,1,1,3,1
SF,IF2009,2020-04-08 09:33:17.500,3665.0000,16741,0,240047760.000,0,-,-,-,-,3663.4000,3663.2000,3663.0000,3662.0000,3660.0000,3665.0000,3665.6000,3668.2000,3669.0000,3670.0000,2,1,1,5,8,2,1,1,1,1
SF,IF2009,2020-04-08 09:33:18.000,3665.0000,16741,0,240047760.000,0,-,-,-,-,3663.4000,3663.0000,3662.0000,3660.0000,3659.8000,3664.8000,3665.0000,3665.4000,3665.6000,3668.2000,2,1,5,8,1,1,2,1,1,1
SF,IF2009,2020-04-08 09:33:18.500,3665.0000,16741,0,240047760.000,0,-,-,-,-,3663.4000,3663.2000,3663.0000,3662.0000,3660.0000,3664.6000,3664.8000,3665.0000,3665.4000,3665.6000,1,1,1,5,8,1,2,1,1,1
SF,IF2009,2020-04-08 09:33:19.000,3665.0000,16741,0,240047760.000,0,-,-,-,-,3663.4000,3663.0000,3662.0000,3660.0000,3659.8000,3664.4000,3665.4000,3665.6000,3668.2000,3669.0000,1,1,5,8,1,4,1,1,1,2
SF,IF2009,2020-04-08 09:33:19.500,3665.0000,16741,0,241147260.000,1,0,1,多换,S,3663.4000,3663.0000,3662.0000,3660.0000,3659.8000,3664.4000,3665.4000,3665.6000,3668.2000,3669.0000,1,1,5,8,1,3,1,1,1,2
SF,IF2009,2020-04-08 09:33:20.000,3665.0000,16741,0,241147260.000,0,-,-,-,-,3663.4000,3663.0000,3662.0000,3660.0000,3659.8000,3664.4000,3665.4000,3665.6000,3668.2000,3669.0000,1,1,5,8,1,3,1,1,1,2
SF,IF2009,2020-04-08 09:33:21.000,3665.0000,16741,0,241147260.000,0,-,-,-,-,3663.4000,3663.0000,3662.0000,3660.0000,3659.8000,3664.2000,3664.4000,3665.4000,3665.6000,3668.2000,1,1,5,8,1,1,3,1,1,1
SF,IF2009,2020-04-08 09:33:21.500,3664.2000,16740,-1,242246520.000,1,0,1,双平,S,3663.4000,3663.0000,3662.0000,3660.0000,3659.8000,3664.0000,3664.2000,3664.4000,3665.4000,3665.6000,1,1,5,8,1,1,1,2,1,1
SF,IF2009,2020-04-08 09:33:22.000,3663.4000,16740,0,243345540.000,1,0,1,多换,S,3663.0000,3662.0000,3660.0000,3659.8000,3658.2000,3664.2000,3665.4000,3665.6000,3668.2000,3669.0000,1,5,8,1,1,1,1,1,1,2
SF,IF2009,2020-04-08 09:33:22.500,3663.4000,16740,0,243345540.000,0,-,-,-,-,3663.0000,3662.0000,3660.0000,3659.8000,3658.2000,3664.0000,3665.4000,3665.6000,3668.2000,3669.0000,1,5,8,1,1,3,1,1,1,2
SF,IF2009,2020-04-08 09:33:23.000,3663.4000,16740,0,244444560.000,1,0,1,多换,S,3663.0000,3662.0000,3660.0000,3659.8000,3658.2000,3663.4000,3663.8000,3664.0000,3665.4000,3665.6000,1,5,8,1,1,2,2,1,1,1
SF,IF2009,2020-04-08 09:33:23.500,3664.0000,16736,-4,249940080.000,5,0,5,多平,S,3663.0000,3662.0000,3660.0000,3659.8000,3658.2000,3663.8000,3665.4000,3665.6000,3668.2000,3669.0000,1,5,8,1,1,1,1,1,1,2
SF,IF2009,2020-04-08 09:33:24.000,3663.8000,16735,-1,251039220.000,1,0,1,双平,S,3663.0000,3662.0000,3660.0000,3659.8000,3658.2000,3665.4000,3665.6000,3668.2000,3669.0000,3670.0000,1,5,8,1,1,1,1,1,2,1
SF,IF2009,2020-04-08 09:33:24.500,3663.8000,16735,0,251039220.000,0,-,-,-,-,3663.0000,3662.0000,3660.0000,3659.8000,3658.2000,3665.2000,3665.4000,3665.6000,3668.2000,3669.0000,1,5,8,1,1,1,2,1,1,2
SF,IF2009,2020-04-08 09:33:25.000,3663.8000,16735,0,251039220.000,0,-,-,-,-,3663.6000,3663.2000,3663.0000,3662.0000,3660.0000,3665.2000,3665.4000,3665.6000,3668.2000,3669.0000,1,2,1,5,8,2,1,1,1,2
SF,IF2009,2020-04-08 09:33:25.500,3663.8000,16735,0,251039220.000,0,-,-,-,-,3663.8000,3663.6000,3663.4000,3663.2000,3663.0000,3665.2000,3665.4000,3668.2000,3669.0000,3670.0000,1,1,1,2,1,1,1,1,2,1
SF,IF2009,2020-04-08 09:33:26.000,3663.8000,16735,0,251039220.000,0,-,-,-,-,3663.2000,3663.0000,3662.0000,3660.0000,3659.8000,3663.6000,3665.0000,3665.2000,3665.4000,3668.2000,2,1,5,8,1,1,1,1,1,1
SF,IF2009,2020-04-08 09:33:26.500,3663.6000,16734,-1,252138300.000,1,0,1,双平,S,3663.4000,3663.2000,3663.0000,3662.8000,3662.0000,3665.2000,3665.4000,3668.2000,3669.0000,3670.0000,1,2,1,1,5,1,1,1,2,1
SF,IF2009,2020-04-08 09:33:27.000,3663.6000,16734,0,252138300.000,0,-,-,-,-,3663.6000,3663.2000,3663.0000,3662.8000,3662.0000,3665.0000,3665.2000,3665.4000,3668.2000,3669.0000,1,2,1,1,5,1,2,1,1,2
SF,IF2009,2020-04-08 09:33:27.500,3663.6000,16734,0,252138300.000,0,-,-,-,-,3663.2000,3663.0000,3662.8000,3662.0000,3660.0000,3664.8000,3665.4000,3668.2000,3669.0000,3670.0000,2,1,1,5,8,1,1,1,2,1
SF,IF2009,2020-04-08 09:33:28.000,3663.2000,16735,1,253237260.000,1,1,0,双开,S,3663.2000,3663.0000,3662.8000,3662.0000,3660.0000,3664.6000,3665.4000,3668.2000,3669.0000,3670.0000,1,1,1,5,8,2,1,1,2,2
SF,IF2009,2020-04-08 09:33:28.500,3663.2000,16735,0,253237260.000,0,-,-,-,-,3663.2000,3663.0000,3662.8000,3662.0000,3660.0000,3664.2000,3664.6000,3665.4000,3668.2000,3669.0000,1,1,1,5,8,1,2,1,1,2
SF,IF2009,2020-04-08 09:33:29.000,3663.2000,16735,0,253237260.000,0,-,-,-,-,3663.2000,3663.0000,3662.8000,3662.0000,3660.0000,3664.2000,3664.6000,3665.4000,3668.2000,3669.0000,1,1,1,5,8,1,1,1,1,2
SF,IF2009,2020-04-08 09:33:30.000,3663.2000,16735,0,253237260.000,0,-,-,-,-,3663.2000,3663.0000,3662.8000,3662.0000,3660.0000,3664.2000,3664.6000,3665.4000,3668.2000,3669.0000,1,2,1,5,8,1,1,1,1,2
SF,IF2009,2020-04-08 09:33:30.500,3663.2000,16735,0,253237260.000,0,-,-,-,-,3663.4000,3663.2000,3663.0000,3662.8000,3662.0000,3664.2000,3664.6000,3665.4000,3668.2000,3669.0000,1,1,2,1,5,1,1,1,1,2
SF,IF2009,2020-04-08 09:33:31.000,3663.2000,16736,1,254336220.000,1,1,0,双开,S,3663.2000,3663.0000,3662.8000,3662.0000,3660.0000,3664.6000,3665.4000,3668.2000,3669.0000,3670.0000,1,2,1,5,8,1,1,1,2,2
SF,IF2009,2020-04-08 09:33:31.500,3663.2000,16736,0,254336220.000,0,-,-,-,-,3663.4000,3663.2000,3663.0000,3662.8000,3662.0000,3664.6000,3665.4000,3668.2000,3669.0000,3670.0000,1,1,2,1,5,1,1,1,2,2
SF,IF2009,2020-04-08 09:33:32.000,3663.2000,16736,0,254336220.000,0,-,-,-,-,3663.6000,3663.2000,3663.0000,3662.8000,3662.0000,3664.6000,3665.4000,3668.2000,3669.0000,3670.0000,1,1,2,1,5,1,1,1,2,2
SF,IF2009,2020-04-08 09:33:32.500,3663.2000,16736,0,254336220.000,0,-,-,-,-,3663.2000,3663.0000,3662.8000,3662.0000,3660.0000,3664.6000,3665.4000,3668.2000,3669.0000,3670.0000,1,2,1,5,8,1,1,1,2,2
SF,IF2009,2020-04-08 09:33:33.500,3663.2000,16736,0,254336220.000,0,-,-,-,-,3663.4000,3663.2000,3663.0000,3662.8000,3662.0000,3663.6000,3664.6000,3665.4000,3668.2000,3669.0000,2,1,2,1,5,1,1,1,1,2
SF,IF2009,2020-04-08 09:33:34.000,3663.6000,16734,-2,256534380.000,2,0,2,双平,S,3663.6000,3663.4000,3663.2000,3663.0000,3662.8000,3664.6000,3665.4000,3668.2000,3669.0000,3670.0000,1,1,1,2,1,1,1,1,2,2
SF,IF2009,2020-04-08 09:33:34.500,3663.6000,16734,0,256534380.000,0,-,-,-,-,3663.6000,3663.2000,3663.0000,3662.8000,3662.0000,3664.6000,3665.4000,3668.2000,3669.0000,3670.0000,1,1,2,1,5,1,1,1,2,2
SF,IF2009,2020-04-08 09:33:35.000,3663.6000,16734,0,256534380.000,0,-,-,-,-,3663.2000,3663.0000,3662.8000,3662.0000,3660.0000,3664.6000,3665.4000,3668.2000,3669.0000,3670.0000,1,2,1,5,8,1,1,1,2,2
SF,IF2009,2020-04-08 09:33:35.500,3663.6000,16734,0,256534380.000,0,-,-,-,-,3663.2000,3663.0000,3662.8000,3662.0000,3660.0000,3664.4000,3664.6000,3665.4000,3668.2000,3669.0000,1,2,1,5,8,1,1,1,1,2
SF,IF2009,2020-04-08 09:33:36.000,3663.4000,16735,1,257633400.000,1,1,0,双开,S,3663.4000,3663.2000,3663.0000,3662.8000,3662.0000,3665.4000,3668.2000,3669.0000,3670.0000,3671.0000,1,1,2,1,5,1,1,2,2,1
SF,IF2009,2020-04-08 09:33:36.500,3663.4000,16735,0,257633400.000,0,-,-,-,-,3663.6000,3663.2000,3663.0000,3662.8000,3662.0000,3665.2000,3665.4000,3668.2000,3669.0000,3670.0000,1,1,2,1,5,3,2,1,2,2
SF,IF2009,2020-04-08 09:33:37.000,3663.4000,16735,0,257633400.000,0,-,-,-,-,3663.2000,3663.0000,3662.8000,3662.0000,3660.0000,3665.0000,3665.2000,3665.4000,3668.2000,3669.0000,1,2,1,5,8,2,3,1,1,2
SF,IF2009,2020-04-08 09:33:37.500,3663.4000,16735,0,257633400.000,0,-,-,-,-,3663.2000,3663.0000,3662.8000,3662.0000,3660.0000,3663.4000,3664.8000,3665.0000,3665.4000,3668.2000,1,2,1,5,8,1,1,2,1,1
SF,IF2009,2020-04-08 09:33:38.000,3663.4000,16734,-1,258732420.000,1,0,1,双平,S,3663.2000,3663.0000,3662.8000,3662.0000,3660.0000,3665.4000,3668.2000,3669.0000,3670.0000,3671.0000,1,2,1,5,8,1,1,2,2,1
SF,IF2009,2020-04-08 09:33:38.500,3663.4000,16734,0,258732420.000,0,-,-,-,-,3663.2000,3663.0000,3662.8000,3662.0000,3660.0000,3665.0000,3665.2000,3665.4000,3668.2000,3669.0000,1,2,1,5,8,1,1,2,1,2
SF,IF2009,2020-04-08 09:33:39.000,3663.4000,16734,0,258732420.000,0,-,-,-,-,3663.2000,3663.0000,3662.8000,3662.0000,3660.0000,3664.8000,3665.0000,3665.4000,3668.2000,3669.0000,1,2,1,5,8,1,2,1,1,2
SF,IF2009,2020-04-08 09:33:39.500,3663.4000,16734,0,258732420.000,0,-,-,-,-,3663.2000,3663.0000,3662.8000,3662.0000,3660.0000,3664.6000,3664.8000,3665.0000,3665.4000,3668.2000,1,2,1,5,8,3,1,2,1,1
SF,IF2009,2020-04-08 09:33:40.000,3663.2000,16736,2,260930400.000,2,2,0,双开,S,3663.0000,3662.8000,3662.0000,3660.0000,3658.2000,3664.6000,3668.2000,3669.0000,3670.0000,3671.0000,2,1,5,8,1,3,1,2,2,1
SF,IF2009,2020-04-08 09:33:40.500,3663.2000,16736,0,260930400.000,0,-,-,-,-,3663.0000,3662.8000,3662.0000,3660.0000,3658.2000,3664.6000,3668.2000,3669.0000,3670.0000,3671.0000,2,1,5,8,1,1,1,2,2,1
SF,IF2009,2020-04-08 09:33:41.000,3663.2000,16736,0,260930400.000,0,-,-,-,-,3663.0000,3662.8000,3662.0000,3660.0000,3658.2000,3664.4000,3668.2000,3669.0000,3670.0000,3671.0000,2,1,5,8,1,1,1,2,2,1
SF,IF2009,2020-04-08 09:33:41.500,3663.2000,16736,0,260930400.000,0,-,-,-,-,3663.0000,3662.8000,3662.0000,3660.0000,3658.2000,3668.2000,3669.0000,3670.0000,3671.0000,3673.4000,2,1,5,8,1,1,2,2,1,1
SF,IF2009,2020-04-08 09:33:42.000,3663.2000,16736,0,260930400.000,0,-,-,-,-,3663.2000,3663.0000,3662.8000,3662.0000,3660.0000,3664.4000,3665.8000,3666.2000,3668.0000,3668.2000,1,2,1,5,8,2,1,1,4,2
SF,IF2009,2020-04-08 09:33:42.500,3663.2000,16736,0,260930400.000,0,-,-,-,-,3663.0000,3662.8000,3662.0000,3660.0000,3658.2000,3665.8000,3666.2000,3668.0000,3668.2000,3669.0000,2,1,5,8,1,1,1,4,1,2
SF,IF2009,2020-04-08 09:33:43.000,3663.2000,16736,0,260930400.000,0,-,-,-,-,3663.0000,3662.8000,3662.0000,3660.0000,3658.2000,3665.4000,3665.8000,3666.2000,3668.0000,3668.2000,2,1,5,8,1,2,2,1,3,1
SF,IF2009,2020-04-08 09:33:43.500,3663.0000,16738,2,263128200.000,2,2,0,双开,S,3662.8000,3662.0000,3660.0000,3658.2000,3658.0000,3665.0000,3665.2000,3665.4000,3665.8000,3668.0000,1,5,8,1,3,2,1,1,1,3
SF,IF2009,2020-04-08 09:33:44.000,3663.0000,16738,0,263128200.000,0,-,-,-,-,3662.8000,3662.0000,3660.0000,3658.2000,3658.0000,3664.8000,3665.0000,3665.8000,3668.0000,3668.2000,1,5,8,1,3,1,3,1,3,1
SF,IF2009,2020-04-08 09:33:44.500,3663.0000,16738,0,263128200.000,0,-,-,-,-,3662.8000,3662.0000,3660.0000,3658.2000,3658.0000,3664.6000,3664.8000,3665.0000,3665.8000,3668.0000,1,5,8,1,3,2,1,2,1,3
SF,IF2009,2020-04-08 09:33:45.000,3663.0000,16738,0,263128200.000,0,-,-,-,-,3662.8000,3662.0000,3660.0000,3658.2000,3658.0000,3664.6000,3664.8000,3665.8000,3668.0000,3668.2000,1,5,8,1,3,3,1,1,3,1
SF,IF2009,2020-04-08 09:33:45.500,3663.0000,16738,0,263128200.000,0,-,-,-,-,3662.8000,3662.0000,3660.0000,3658.2000,3658.0000,3664.2000,3664.6000,3664.8000,3665.8000,3668.0000,1,5,8,1,3,1,3,1,1,3
SF,IF2009,2020-04-08 09:33:46.000,3663.0000,16738,0,263128200.000,0,-,-,-,-,3662.8000,3662.0000,3660.0000,3658.0000,3656.8000,3664.0000,3664.2000,3664.6000,3664.8000,3665.8000,1,5,8,3,1,1,1,1,1,1
SF,IF2009,2020-04-08 09:33:46.500,3663.0000,16738,0,263128200.000,0,-,-,-,-,3662.8000,3662.0000,3660.0000,3658.0000,3656.8000,3663.8000,3664.6000,3664.8000,3665.8000,3668.0000,1,5,8,3,1,1,1,1,1,2
SF,IF2009,2020-04-08 09:33:47.000,3663.0000,16738,0,263128200.000,0,-,-,-,-,3663.2000,3662.8000,3662.0000,3660.0000,3658.0000,3663.8000,3664.6000,3664.8000,3665.8000,3668.0000,1,1,5,8,3,1,1,1,1,2
SF,IF2009,2020-04-08 09:33:47.500,3663.0000,16739,1,264227100.000,1,1,0,双开,S,3662.8000,3662.0000,3660.0000,3658.0000,3656.8000,3663.8000,3664.6000,3664.8000,3665.8000,3668.0000,1,5,8,3,1,1,1,1,1,2
SF,IF2009,2020-04-08 09:33:48.500,3662.8000,16740,1,265325940.000,1,1,0,双开,S,3662.0000,3660.0000,3658.0000,3656.8000,3656.0000,3663.8000,3664.6000,3664.8000,3665.8000,3668.0000,5,8,3,1,3,1,1,1,1,2
SF,IF2009,2020-04-08 09:33:49.000,3662.8000,16740,0,265325940.000,0,-,-,-,-,3662.8000,3662.0000,3660.0000,3658.0000,3656.8000,3663.6000,3664.8000,3665.8000,3668.0000,3668.2000,1,5,8,3,1,1,1,1,2,1
SF,IF2009,2020-04-08 09:33:49.500,3662.8000,16740,0,265325940.000,0,-,-,-,-,3662.8000,3662.0000,3660.0000,3658.0000,3656.8000,3664.8000,3665.8000,3668.0000,3668.2000,3669.0000,1,5,8,3,1,1,1,2,1,2
SF,IF2009,2020-04-08 09:33:50.000,3662.8000,16740,0,265325940.000,0,-,-,-,-,3662.8000,3662.0000,3660.0000,3658.0000,3656.8000,3664.6000,3664.8000,3665.8000,3668.0000,3668.2000,1,5,8,3,1,4,2,1,2,1
SF,IF2009,2020-04-08 09:33:50.500,3662.8000,16740,0,265325940.000,0,-,-,-,-,3662.8000,3662.0000,3660.0000,3658.0000,3656.8000,3664.2000,3664.6000,3665.8000,3668.0000,3668.2000,1,5,8,3,1,2,3,1,2,1
SF,IF2009,2020-04-08 09:33:51.000,3662.8000,16740,0,265325940.000,0,-,-,-,-,3662.8000,3662.0000,3660.0000,3658.0000,3657.0000,3663.8000,3664.0000,3664.2000,3664.6000,3665.8000,1,5,8,3,1,2,2,1,1,1
SF,IF2009,2020-04-08 09:33:51.500,3662.8000,16740,0,265325940.000,0,-,-,-,-,3662.8000,3662.0000,3660.0000,3658.0000,3657.0000,3664.0000,3664.6000,3665.8000,3668.0000,3668.2000,1,5,8,3,1,1,1,1,2,1
SF,IF2009,2020-04-08 09:33:52.000,3662.8000,16740,0,265325940.000,0,-,-,-,-,3662.8000,3662.0000,3660.0000,3658.0000,3657.0000,3663.8000,3664.6000,3665.8000,3668.0000,3668.2000,1,5,8,3,1,1,1,1,2,1
SF,IF2009,2020-04-08 09:33:52.500,3662.8000,16740,0,265325940.000,0,-,-,-,-,3662.8000,3662.0000,3660.0000,3658.0000,3657.0000,3663.6000,3663.8000,3664.6000,3665.8000,3668.0000,1,5,8,3,1,1,1,1,1,2
SF,IF2009,2020-04-08 09:33:53.000,3662.8000,16740,0,265325940.000,0,-,-,-,-,3662.8000,3662.0000,3660.0000,3658.0000,3657.0000,3663.8000,3664.6000,3665.8000,3668.0000,3668.2000,1,5,8,3,1,1,1,1,2,1
SF,IF2009,2020-04-08 09:33:53.500,3662.8000,16741,1,267523860.000,2,1,1,空开,S,3662.0000,3660.0000,3658.0000,3657.0000,3656.8000,3662.8000,3663.6000,3664.6000,3665.8000,3668.0000,5,8,3,1,1,1,3,1,1,2
SF,IF2009,2020-04-08 09:33:54.000,3662.8000,16741,0,268622700.000,1,0,1,多换,S,3662.0000,3660.0000,3658.0000,3657.0000,3656.8000,3664.6000,3665.8000,3668.0000,3668.2000,3669.0000,5,8,3,1,1,1,1,2,1,2
SF,IF2009,2020-04-08 09:33:54.500,3662.0000,16743,2,270819900.000,2,2,0,双开,S,3662.0000,3660.0000,3658.0000,3657.0000,3656.8000,3664.2000,3664.4000,3664.6000,3665.8000,3668.0000,3,8,3,1,1,1,1,2,1,2
SF,IF2009,2020-04-08 09:33:55.000,3662.0000,16743,0,270819900.000,0,-,-,-,-,3662.0000,3660.0000,3658.0000,3657.0000,3656.8000,3664.2000,3664.4000,3665.8000,3668.0000,3668.2000,3,8,3,1,1,1,1,1,2,1
SF,IF2009,2020-04-08 09:33:55.500,3662.0000,16743,0,270819900.000,0,-,-,-,-,3662.0000,3660.0000,3658.0000,3657.0000,3656.8000,3664.0000,3664.4000,3665.8000,3668.0000,3668.2000,4,8,3,1,1,2,1,1,2,1
SF,IF2009,2020-04-08 09:33:56.000,3662.0000,16743,0,270819900.000,0,-,-,-,-,3662.0000,3660.0000,3658.0000,3657.0000,3656.8000,3664.0000,3664.4000,3665.8000,3668.0000,3668.2000,4,8,3,1,1,1,1,1,2,1
SF,IF2009,2020-04-08 09:33:56.500,3664.0000,16743,0,271919100.000,1,0,1,多换,S,3662.2000,3662.0000,3660.0000,3658.0000,3657.0000,3665.8000,3668.0000,3668.2000,3669.0000,3670.0000,1,4,8,3,1,1,2,1,1,2
SF,IF2009,2020-04-08 09:33:57.000,3664.0000,16743,0,271919100.000,0,-,-,-,-,3662.4000,3662.2000,3662.0000,3660.0000,3658.0000,3665.6000,3665.8000,3668.0000,3668.2000,3669.0000,1,2,4,8,3,2,1,2,1,1
SF,IF2009,2020-04-08 09:33:57.500,3664.0000,16743,0,271919100.000,0,-,-,-,-,3662.4000,3662.2000,3662.0000,3660.0000,3658.0000,3665.6000,3665.8000,3668.0000,3668.2000,3669.0000,2,1,4,8,3,2,1,2,1,1
SF,IF2009,2020-04-08 09:33:58.000,3664.0000,16743,0,271919100.000,0,-,-,-,-,3663.0000,3662.8000,3662.4000,3662.0000,3660.0000,3665.6000,3665.8000,3668.0000,3668.2000,3669.0000,1,1,2,4,8,2,1,2,1,1
SF,IF2009,2020-04-08 09:33:58.500,3664.0000,16743,0,271919100.000,0,-,-,-,-,3663.0000,3662.8000,3662.4000,3662.0000,3660.0000,3665.2000,3665.6000,3665.8000,3668.0000,3668.2000,1,1,2,4,8,1,2,1,2,1
SF,IF2009,2020-04-08 09:33:59.000,3664.0000,16743,0,271919100.000,0,-,-,-,-,3663.0000,3662.8000,3662.4000,3662.0000,3660.0000,3665.2000,3665.6000,3665.8000,3668.0000,3668.2000,1,1,2,3,8,1,1,1,2,1
SF,IF2009,2020-04-08 09:33:59.500,3663.2000,16744,1,273018060.000,1,1,0,双开,S,3663.0000,3662.8000,3662.4000,3662.0000,3660.0000,3665.0000,3665.2000,3665.6000,3665.8000,3668.0000,1,1,1,3,8,1,1,1,1,1
SF,IF2009,2020-04-08 09:34:00.000,3663.2000,16744,0,273018060.000,0,-,-,-,-,3663.2000,3663.0000,3662.8000,3662.4000,3662.0000,3664.8000,3665.0000,3665.8000,3668.0000,3668.2000,1,1,1,1,3,1,1,1,1,1
SF,IF2009,2020-04-08 09:34:00.500,3663.2000,16744,0,273018060.000,0,-,-,-,-,3663.2000,3663.0000,3662.8000,3662.4000,3662.0000,3664.6000,3664.8000,3665.0000,3665.8000,3668.0000,1,2,1,1,3,1,2,1,1,1
SF,IF2009,2020-04-08 09:34:01.000,3664.6000,16744,0,274117440.000,1,0,1,多换,S,3663.4000,3663.2000,3663.0000,3662.4000,3662.0000,3665.0000,3665.8000,3668.0000,3668.2000,3669.0000,1,2,2,1,3,1,1,1,1,1
SF,IF2009,2020-04-08 09:34:01.500,3664.6000,16744,0,274117440.000,0,-,-,-,-,3663.6000,3663.2000,3663.0000,3662.4000,3662.0000,3668.0000,3668.2000,3669.0000,3670.0000,3674.4000,1,2,2,1,3,1,1,1,2,1
SF,IF2009,2020-04-08 09:34:02.000,3664.6000,16744,0,274117440.000,0,-,-,-,-,3663.8000,3663.6000,3663.2000,3663.0000,3662.4000,3667.2000,3667.4000,3667.8000,3668.2000,3669.0000,1,1,1,2,1,1,1,3,1,1
SF,IF2009,2020-04-08 09:34:02.500,3664.6000,16744,0,274117440.000,0,-,-,-,-,3664.0000,3663.8000,3663.2000,3663.0000,3662.4000,3667.2000,3667.4000,3667.8000,3669.0000,3670.0000,2,2,1,1,1,1,1,1,1,2
SF,IF2009,2020-04-08 09:34:03.000,3664.6000,16744,0,274117440.000,0,-,-,-,-,3664.0000,3663.8000,3663.2000,3663.0000,3662.4000,3667.0000,3667.8000,3669.0000,3670.0000,3674.4000,3,1,1,1,1,1,1,1,2,1
SF,IF2009,2020-04-08 09:34:03.500,3664.6000,16744,0,274117440.000,0,-,-,-,-,3664.4000,3664.0000,3663.8000,3663.2000,3662.4000,3667.0000,3667.8000,3669.0000,3670.0000,3674.4000,1,2,1,1,1,1,1,1,2,1
SF,IF2009,2020-04-08 09:34:04.000,3664.6000,16744,0,274117440.000,0,-,-,-,-,3664.8000,3664.4000,3664.0000,3663.8000,3663.2000,3667.0000,3667.8000,3669.0000,3670.0000,3674.4000,1,1,1,1,1,1,1,1,2,1
SF,IF2009,2020-04-08 09:34:04.500,3664.6000,16744,0,274117440.000,0,-,-,-,-,3664.8000,3664.6000,3664.4000,3663.8000,3663.2000,3667.0000,3667.8000,3669.0000,3670.0000,3674.4000,1,1,1,1,1,1,1,1,2,1
SF,IF2009,2020-04-08 09:34:05.000,3664.6000,16744,0,274117440.000,0,-,-,-,-,3664.8000,3664.6000,3664.4000,3663.8000,3663.4000,3667.0000,3667.8000,3669.0000,3670.0000,3674.4000,1,1,1,1,1,1,1,1,2,1
SF,IF2009,2020-04-08 09:34:05.500,3667.0000,16744,0,275217540.000,1,0,1,多换,S,3664.8000,3664.6000,3663.4000,3663.2000,3662.6000,3667.8000,3669.0000,3670.0000,3674.4000,3675.0000,1,1,1,1,1,1,1,2,1,5
SF,IF2009,2020-04-08 09:34:06.000,3667.0000,16744,0,275217540.000,0,-,-,-,-,3664.8000,3664.6000,3663.4000,3663.2000,3662.6000,3667.6000,3669.0000,3670.0000,3674.4000,3675.0000,1,1,1,1,1,1,1,2,1,5
SF,IF2009,2020-04-08 09:34:06.500,3667.0000,16744,0,275217540.000,0,-,-,-,-,3666.8000,3665.2000,3665.0000,3664.8000,3663.4000,3669.0000,3670.0000,3674.4000,3675.0000,3676.0000,1,3,1,1,1,1,2,1,5,1
SF,IF2009,2020-04-08 09:34:07.000,3667.0000,16744,0,275217540.000,0,-,-,-,-,3666.8000,3665.2000,3665.0000,3664.8000,3663.4000,3668.4000,3668.6000,3669.0000,3670.0000,3674.4000,1,3,1,1,1,1,2,1,2,1
SF,IF2009,2020-04-08 09:34:07.500,3667.0000,16744,0,275217540.000,0,-,-,-,-,3665.0000,3664.8000,3663.4000,3663.2000,3663.0000,3668.2000,3668.4000,3669.0000,3670.0000,3674.4000,1,1,1,1,1,3,1,1,2,1
SF,IF2009,2020-04-08 09:34:08.000,3667.0000,16744,0,275217540.000,0,-,-,-,-,3665.0000,3664.8000,3663.4000,3663.2000,3663.0000,3668.4000,3669.0000,3670.0000,3674.4000,3675.0000,1,1,1,1,1,1,1,2,1,5
SF,IF2009,2020-04-08 09:34:08.500,3667.0000,16744,0,275217540.000,0,-,-,-,-,3666.8000,3666.0000,3665.2000,3665.0000,3664.8000,3668.4000,3669.0000,3670.0000,3674.4000,3675.0000,1,2,4,2,1,1,1,2,1,5
SF,IF2009,2020-04-08 09:34:09.000,3667.0000,16744,0,275217540.000,0,-,-,-,-,3665.8000,3665.0000,3663.4000,3663.2000,3663.0000,3668.2000,3668.4000,3669.0000,3670.0000,3674.4000,1,2,1,1,1,3,1,1,2,1
SF,IF2009,2020-04-08 09:34:09.500,3667.0000,16744,0,275217540.000,0,-,-,-,-,3665.0000,3663.4000,3663.2000,3663.0000,3662.6000,3667.8000,3669.0000,3670.0000,3674.4000,3675.0000,2,1,1,1,1,2,1,2,1,5
SF,IF2009,2020-04-08 09:34:10.000,3667.0000,16744,0,275217540.000,0,-,-,-,-,3665.8000,3665.2000,3665.0000,3663.4000,3663.2000,3668.0000,3669.0000,3670.0000,3674.4000,3675.0000,1,4,2,1,1,1,1,2,1,5
SF,IF2009,2020-04-08 09:34:10.500,3667.0000,16744,0,275217540.000,0,-,-,-,-,3665.8000,3665.2000,3665.0000,3663.4000,3663.2000,3667.8000,3668.0000,3669.0000,3670.0000,3674.4000,1,1,1,1,1,1,1,1,2,1
SF,IF2009,2020-04-08 09:34:11.000,3667.0000,16744,0,275217540.000,0,-,-,-,-,3666.8000,3666.0000,3665.8000,3665.0000,3663.4000,3668.0000,3669.0000,3670.0000,3674.4000,3675.0000,1,2,1,1,1,1,1,2,1,5
SF,IF2009,2020-04-08 09:34:11.500,3667.0000,16744,0,275217540.000,0,-,-,-,-,3666.8000,3666.0000,3665.8000,3665.0000,3663.4000,3667.8000,3668.0000,3669.0000,3670.0000,3674.4000,1,1,1,1,1,2,1,1,2,1
SF,IF2009,2020-04-08 09:34:12.000,3667.0000,16744,0,275217540.000,0,-,-,-,-,3667.0000,3666.0000,3665.8000,3665.0000,3663.4000,3668.0000,3669.0000,3670.0000,3674.4000,3675.0000,1,1,1,1,1,1,1,2,1,5
SF,IF2009,2020-04-08 09:34:12.500,3667.0000,16744,0,275217540.000,0,-,-,-,-,3667.2000,3665.8000,3665.0000,3663.4000,3663.2000,3669.0000,3670.0000,3674.4000,3675.0000,3676.0000,1,1,1,1,1,1,2,1,5,1
SF,IF2009,2020-04-08 09:34:13.000,3667.0000,16744,0,275217540.000,0,-,-,-,-,3667.4000,3665.8000,3665.0000,3663.4000,3663.2000,3668.6000,3668.8000,3669.0000,3670.0000,3674.4000,1,1,1,1,1,2,1,1,2,1
SF,IF2009,2020-04-08 09:34:13.500,3667.0000,16744,0,275217540.000,0,-,-,-,-,3665.8000,3665.0000,3663.4000,3663.2000,3663.0000,3668.4000,3668.6000,3668.8000,3669.0000,3670.0000,1,1,1,1,1,1,2,1,1,2
SF,IF2009,2020-04-08 09:34:14.000,3667.0000,16744,0,275217540.000,0,-,-,-,-,3665.8000,3665.0000,3663.4000,3663.2000,3663.0000,3668.2000,3668.6000,3669.0000,3670.0000,3674.4000,1,1,1,1,1,1,1,1,2,1
SF,IF2009,2020-04-08 09:34:14.500,3667.0000,16744,0,275217540.000,0,-,-,-,-,3665.8000,3665.0000,3663.4000,3663.2000,3663.0000,3668.0000,3668.2000,3668.6000,3669.0000,3670.0000,1,1,1,1,1,1,1,1,1,2
SF,IF2009,2020-04-08 09:34:15.000,3667.0000,16744,0,275217540.000,0,-,-,-,-,3666.8000,3665.8000,3663.4000,3663.2000,3663.0000,3667.8000,3668.2000,3669.0000,3670.0000,3674.4000,1,1,1,1,1,2,1,1,2,1
SF,IF2009,2020-04-08 09:34:15.500,3666.4000,16744,0,276317460.000,1,0,1,多换,S,3663.4000,3663.2000,3663.0000,3662.6000,3662.4000,3666.6000,3667.6000,3668.2000,3669.0000,3670.0000,1,1,1,1,1,1,3,1,1,2
SF,IF2009,2020-04-08 09:34:16.000,3666.4000,16744,0,276317460.000,0,-,-,-,-,3665.2000,3663.8000,3663.6000,3663.4000,3663.2000,3667.6000,3668.2000,3669.0000,3670.0000,3674.4000,1,1,3,1,2,1,1,1,2,1
SF,IF2009,2020-04-08 09:34:16.500,3666.4000,16744,0,276317460.000,0,-,-,-,-,3665.2000,3663.8000,3663.6000,3663.4000,3663.2000,3667.6000,3668.2000,3669.0000,3670.0000,3674.4000,3,1,3,1,2,1,1,1,2,1
SF,IF2009,2020-04-08 09:34:17.000,3666.4000,16744,0,276317460.000,0,-,-,-,-,3665.2000,3663.6000,3663.4000,3663.2000,3663.0000,3668.2000,3669.0000,3670.0000,3674.4000,3675.0000,1,3,1,2,1,1,1,2,1,5
SF,IF2009,2020-04-08 09:34:19.500,3666.4000,16744,0,276317460.000,0,-,-,-,-,3665.2000,3663.6000,3663.4000,3663.2000,3663.0000,3668.2000,3670.0000,3674.4000,3675.0000,3676.0000,3,3,1,2,1,1,2,1,5,1
SF,IF2009,2020-04-08 09:34:20.000,3666.4000,16744,0,276317460.000,0,-,-,-,-,3665.2000,3665.0000,3663.6000,3663.4000,3663.2000,3668.0000,3668.2000,3670.0000,3674.4000,3675.0000,1,1,2,1,2,1,1,2,1,5
SF,IF2009,2020-04-08 09:34:20.500,3666.4000,16744,0,276317460.000,0,-,-,-,-,3665.2000,3665.0000,3663.6000,3663.4000,3663.2000,3668.0000,3668.2000,3670.0000,3672.2000,3674.4000,3,1,2,1,2,1,1,2,1,1
SF,IF2009,2020-04-08 09:34:21.000,3667.6000,16744,0,277417740.000,1,0,1,多换,S,3665.2000,3665.0000,3663.6000,3663.4000,3663.2000,3667.6000,3668.0000,3668.2000,3670.0000,3672.2000,1,1,2,1,2,1,1,1,2,1
SF,IF2009,2020-04-08 09:34:21.500,3667.6000,16744,0,277417740.000,0,-,-,-,-,3665.0000,3663.6000,3663.4000,3663.2000,3663.0000,3667.2000,3668.0000,3668.2000,3670.0000,3672.2000,1,1,1,2,1,1,1,1,2,1
SF,IF2009,2020-04-08 09:34:22.000,3667.6000,16744,0,277417740.000,0,-,-,-,-,3665.6000,3665.0000,3663.6000,3663.4000,3663.2000,3666.8000,3667.0000,3668.0000,3668.2000,3670.0000,1,1,1,1,2,1,1,1,1,2
SF,IF2009,2020-04-08 09:34:22.500,3665.0000,16743,-1,279616920.000,2,0,2,多平,S,3663.6000,3663.4000,3663.2000,3663.0000,3662.6000,3666.6000,3667.0000,3668.2000,3670.0000,3672.2000,1,1,2,1,1,1,1,1,2,1
SF,IF2009,2020-04-08 09:34:23.000,3665.0000,16743,0,279616920.000,0,-,-,-,-,3663.6000,3663.4000,3663.2000,3663.0000,3662.6000,3665.4000,3666.0000,3666.6000,3667.0000,3668.2000,1,1,1,1,1,1,1,1,1,1
SF,IF2009,2020-04-08 09:34:23.500,3665.0000,16743,0,279616920.000,0,-,-,-,-,3664.0000,3663.6000,3663.4000,3663.2000,3663.0000,3665.2000,3666.0000,3667.0000,3668.2000,3670.0000,1,1,1,1,1,1,1,1,1,2
SF,IF2009,2020-04-08 09:34:24.000,3665.2000,16742,-1,280716480.000,1,0,1,双平,S,3664.2000,3663.6000,3663.4000,3663.2000,3663.0000,3666.0000,3667.0000,3668.2000,3670.0000,3672.2000,1,1,1,1,1,1,1,1,2,1
SF,IF2009,2020-04-08 09:34:24.500,3665.2000,16742,0,280716480.000,0,-,-,-,-,3664.6000,3663.6000,3663.4000,3663.2000,3663.0000,3668.2000,3670.0000,3672.2000,3674.4000,3675.0000,1,1,1,1,1,1,2,1,1,5
SF,IF2009,2020-04-08 09:34:25.000,3665.2000,16742,0,280716480.000,0,-,-,-,-,3663.6000,3663.4000,3663.2000,3663.0000,3662.6000,3667.2000,3668.0000,3668.2000,3670.0000,3672.2000,1,1,1,1,1,1,1,1,2,1
SF,IF2009,2020-04-08 09:34:25.500,3665.2000,16742,0,280716480.000,0,-,-,-,-,3663.6000,3663.4000,3663.2000,3663.0000,3662.6000,3667.2000,3668.0000,3668.2000,3670.0000,3672.2000,1,1,1,1,1,1,2,1,2,1
SF,IF2009,2020-04-08 09:34:26.000,3665.2000,16742,0,280716480.000,0,-,-,-,-,3663.6000,3663.4000,3663.2000,3663.0000,3662.6000,3664.2000,3667.2000,3668.0000,3668.2000,3670.0000,1,1,1,1,1,3,1,2,1,2
SF,IF2009,2020-04-08 09:34:26.500,3664.2000,16739,-3,284014260.000,3,0,3,双平,S,3663.6000,3663.4000,3663.2000,3663.0000,3662.6000,3667.2000,3668.0000,3668.2000,3670.0000,3672.2000,1,1,1,1,1,1,2,1,2,1
SF,IF2009,2020-04-08 09:34:27.000,3664.2000,16739,0,284014260.000,0,-,-,-,-,3664.2000,3663.6000,3663.4000,3663.2000,3663.0000,3667.2000,3668.0000,3668.2000,3670.0000,3672.2000,1,1,1,1,1,1,2,1,2,1
SF,IF2009,2020-04-08 09:34:27.500,3666.6000,16740,1,285114240.000,1,1,0,双开,S,3664.2000,3663.6000,3663.4000,3663.2000,3663.0000,3667.2000,3668.0000,3668.2000,3670.0000,3672.2000,1,1,1,1,1,1,2,1,2,1
SF,IF2009,2020-04-08 09:34:28.000,3666.6000,16740,0,285114240.000,0,-,-,-,-,3665.2000,3664.2000,3663.6000,3663.4000,3663.2000,3666.4000,3667.2000,3668.0000,3668.2000,3670.0000,1,1,1,1,1,1,1,1,1,2
SF,IF2009,2020-04-08 09:34:28.500,3665.2000,16740,0,286213800.000,1,0,1,多换,S,3664.2000,3663.6000,3663.4000,3663.2000,3663.0000,3666.4000,3667.2000,3668.0000,3668.2000,3670.0000,1,1,2,1,1,1,2,1,1,2
SF,IF2009,2020-04-08 09:34:29.000,3665.2000,16740,0,286213800.000,0,-,-,-,-,3664.4000,3664.2000,3663.6000,3663.4000,3663.2000,3666.4000,3667.2000,3668.0000,3668.2000,3670.0000,1,1,1,2,1,1,1,1,1,2
SF,IF2009,2020-04-08 09:34:29.500,3665.2000,16740,0,286213800.000,0,-,-,-,-,3664.6000,3664.4000,3664.2000,3663.6000,3663.4000,3666.4000,3667.2000,3668.0000,3668.2000,3670.0000,1,1,1,1,2,1,1,1,1,2
SF,IF2009,2020-04-08 09:34:30.000,3665.2000,16740,0,286213800.000,0,-,-,-,-,3664.8000,3664.6000,3664.2000,3663.6000,3663.4000,3667.2000,3668.2000,3670.0000,3672.2000,3674.4000,1,1,1,1,2,1,1,2,1,1
SF,IF2009,2020-04-08 09:34:30.500,3665.2000,16740,0,286213800.000,0,-,-,-,-,3664.8000,3663.6000,3663.4000,3663.2000,3663.0000,3667.0000,3667.2000,3668.2000,3670.0000,3672.2000,1,1,1,1,1,1,1,1,2,1
SF,IF2009,2020-04-08 09:34:31.000,3665.2000,16741,1,287313360.000,1,1,0,双开,S,3664.8000,3663.6000,3663.4000,3663.2000,3663.0000,3667.0000,3667.2000,3668.2000,3670.0000,3672.2000,1,1,1,1,1,1,1,1,2,1
SF,IF2009,2020-04-08 09:34:31.500,3665.2000,16741,0,287313360.000,0,-,-,-,-,3665.2000,3664.8000,3663.6000,3663.4000,3663.2000,3667.0000,3667.2000,3668.2000,3670.0000,3672.2000,1,1,1,1,1,1,1,1,2,1
SF,IF2009,2020-04-08 09:34:32.500,3665.2000,16741,0,287313360.000,0,-,-,-,-,3665.2000,3664.8000,3663.6000,3663.4000,3663.2000,3667.0000,3667.2000,3668.2000,3670.0000,3672.2000,1,1,2,1,1,1,1,1,2,1
SF,IF2009,2020-04-08 09:34:33.000,3665.2000,16741,0,287313360.000,0,-,-,-,-,3665.4000,3665.2000,3663.6000,3663.4000,3663.2000,3667.0000,3667.2000,3668.2000,3670.0000,3672.2000,1,1,2,1,1,1,1,1,2,1
SF,IF2009,2020-04-08 09:34:33.500,3667.0000,16741,0,288413460.000,1,0,1,多换,S,3665.4000,3663.6000,3663.4000,3663.2000,3663.0000,3670.0000,3672.2000,3674.4000,3675.0000,3679.0000,1,2,1,1,1,2,1,1,5,2
SF,IF2009,2020-04-08 09:34:34.000,3667.0000,16741,0,288413460.000,0,-,-,-,-,3665.4000,3665.2000,3663.6000,3663.4000,3663.2000,3668.2000,3668.6000,3669.0000,3669.6000,3669.8000,1,1,2,1,1,1,1,2,1,6
SF,IF2009,2020-04-08 09:34:34.500,3667.0000,16741,0,288413460.000,0,-,-,-,-,3665.4000,3665.2000,3663.6000,3663.4000,3663.2000,3668.0000,3668.2000,3668.6000,3669.0000,3669.8000,1,1,2,1,1,1,1,1,2,5
SF,IF2009,2020-04-08 09:34:35.000,3667.0000,16741,0,288413460.000,0,-,-,-,-,3667.2000,3665.8000,3665.4000,3665.2000,3663.6000,3668.0000,3668.2000,3668.6000,3669.0000,3669.8000,1,1,1,1,2,1,1,1,2,5
SF,IF2009,2020-04-08 09:34:35.500,3667.2000,16741,0,289513620.000,1,0,1,多换,S,3665.4000,3665.2000,3663.6000,3663.4000,3663.2000,3668.0000,3668.2000,3668.6000,3669.0000,3669.8000,1,1,2,1,1,1,1,1,1,5
SF,IF2009,2020-04-08 09:34:36.500,3667.2000,16741,0,289513620.000,0,-,-,-,-,3665.4000,3665.2000,3663.6000,3663.4000,3663.2000,3668.0000,3668.2000,3668.4000,3668.6000,3669.0000,1,1,2,1,1,1,1,1,1,1
SF,IF2009,2020-04-08 09:34:37.000,3667.2000,16741,0,289513620.000,0,-,-,-,-,3665.8000,3665.4000,3665.2000,3663.6000,3663.4000,3668.0000,3668.2000,3668.4000,3668.6000,3669.0000,1,1,1,2,1,1,1,1,1,1
SF,IF2009,2020-04-08 09:34:37.500,3668.0000,16741,0,290614020.000,1,0,1,多换,S,3666.0000,3665.8000,3665.2000,3663.6000,3663.4000,3668.2000,3668.4000,3668.6000,3669.0000,3669.8000,1,1,1,2,1,1,1,1,1,4
SF,IF2009,2020-04-08 09:34:38.000,3668.0000,16741,0,291714420.000,1,0,1,多换,S,3666.0000,3665.2000,3663.6000,3663.4000,3663.2000,3668.2000,3668.4000,3668.6000,3669.0000,3669.8000,1,1,2,1,1,1,1,1,1,4
SF,IF2009,2020-04-08 09:34:38.500,3668.0000,16741,0,291714420.000,0,-,-,-,-,3666.0000,3665.2000,3663.6000,3663.4000,3663.2000,3668.0000,3668.2000,3668.4000,3668.6000,3669.0000,1,2,2,1,1,2,1,1,1,1
SF,IF2009,2020-04-08 09:34:39.000,3668.0000,16741,0,291714420.000,0,-,-,-,-,3666.2000,3666.0000,3665.2000,3663.6000,3663.4000,3668.0000,3668.2000,3668.6000,3669.0000,3669.8000,1,1,2,2,1,3,1,1,1,4
SF,IF2009,2020-04-08 09:34:39.500,3668.0000,16741,0,291714420.000,0,-,-,-,-,3666.4000,3665.2000,3663.6000,3663.4000,3663.2000,3667.8000,3668.0000,3668.2000,3668.6000,3669.0000,1,2,2,1,1,1,2,1,1,1
SF,IF2009,2020-04-08 09:34:40.000,3668.0000,16741,0,291714420.000,0,-,-,-,-,3665.2000,3663.6000,3663.4000,3663.2000,3663.0000,3667.6000,3667.8000,3668.0000,3668.2000,3668.6000,2,2,1,1,1,1,1,1,1,1
SF,IF2009,2020-04-08 09:34:40.500,3668.0000,16741,0,291714420.000,0,-,-,-,-,3665.6000,3665.4000,3665.2000,3665.0000,3663.6000,3667.6000,3667.8000,3668.0000,3668.2000,3668.6000,2,1,2,1,2,1,1,1,1,1
SF,IF2009,2020-04-08 09:34:41.000,3668.0000,16741,0,291714420.000,0,-,-,-,-,3665.8000,3665.6000,3665.2000,3665.0000,3663.6000,3667.6000,3667.8000,3668.0000,3668.2000,3668.6000,1,2,2,1,2,1,1,1,1,1
SF,IF2009,2020-04-08 09:34:41.500,3668.0000,16741,0,291714420.000,0,-,-,-,-,3665.8000,3665.6000,3665.2000,3665.0000,3663.6000,3667.6000,3667.8000,3668.0000,3668.2000,3668.6000,1,2,2,1,2,1,1,1,1,1
SF,IF2009,2020-04-08 09:34:42.000,3668.0000,16741,0,291714420.000,0,-,-,-,-,3665.8000,3665.6000,3665.2000,3665.0000,3663.6000,3667.6000,3667.8000,3668.2000,3668.6000,3669.0000,1,2,2,1,2,1,1,1,1,1
SF,IF2009,2020-04-08 09:34:42.500,3668.0000,16741,0,291714420.000,0,-,-,-,-,3665.8000,3665.2000,3665.0000,3663.6000,3663.4000,3667.6000,3668.2000,3668.6000,3669.8000,3670.0000,1,1,1,2,1,1,1,1,4,3
