市场代码,合约代码,时间,最新,持仓,增仓,成交额,成交量,开仓,平仓,成交类型,方向,买一价,买二价,买三价,买四价,买五价,卖一价,卖二价,卖三价,卖四价,卖五价,买一量,买二量,买三量,买四量,买五量,卖一量,卖二量,卖三量,卖四量,卖五量
SF,IF2005,2020-03-24 09:29:00.200,3588.0000,850,0,1076400.000,1.000,-,-,-,-,3573.0000,3570.6000,3568.0000,3563.8000,3560.4000,3597.6000,3601.4000,3611.4000,3616.2000,3647.0000,1,1,1,1,1,1,1,1,1,2
SF,IF2005,2020-03-24 09:30:00.200,3588.0000,850,0,1076400.000,0,-,-,-,-,3573.2000,3573.0000,3570.6000,3563.8000,3560.4000,3579.6000,3580.2000,3582.6000,3582.8000,3583.0000,1,1,1,1,1,2,1,1,1,1
SF,IF2005,2020-03-24 09:30:00.700,3573.2000,849,-1,3220380.000,2,0,2,多平,S,3573.0000,3570.6000,3560.4000,3550.0000,3540.0000,3579.4000,3579.6000,3582.6000,3582.8000,3583.0000,1,1,1,1,3,1,1,1,1,1
SF,IF2005,2020-03-24 09:30:01.200,3573.4000,855,6,15053520.000,11,8,3,空开,S,3573.2000,3573.0000,3570.6000,3560.4000,3550.0000,3597.4000,3597.6000,3601.4000,3611.4000,3616.2000,2,2,1,1,1,5,2,1,1,1
SF,IF2005,2020-03-24 09:30:01.700,3573.4000,856,1,16125540.000,1,1,0,双开,S,3577.6000,3577.2000,3575.0000,3573.6000,3573.2000,3580.8000,3583.4000,3585.4000,3587.2000,3589.2000,1,1,1,1,4,1,1,1,1,1
SF,IF2005,2020-03-24 09:30:02.200,3573.4000,856,0,16125540.000,0,-,-,-,-,3577.8000,3577.6000,3577.2000,3575.8000,3575.0000,3580.8000,3583.4000,3585.4000,3587.2000,3589.2000,2,1,1,1,1,1,1,1,1,1
SF,IF2005,2020-03-24 09:30:02.700,3573.4000,856,0,16125540.000,0,-,-,-,-,3577.8000,3577.6000,3577.2000,3575.0000,3574.2000,3580.8000,3583.4000,3585.4000,3587.2000,3589.2000,2,1,1,1,1,1,1,1,1,1
SF,IF2005,2020-03-24 09:30:03.200,3573.4000,856,0,16125540.000,0,-,-,-,-,3577.8000,3577.6000,3577.2000,3576.2000,3575.0000,3580.8000,3583.4000,3585.4000,3589.2000,3590.8000,2,1,1,2,1,1,1,1,1,1
SF,IF2005,2020-03-24 09:30:03.700,3580.8000,857,1,17199780.000,1,1,0,双开,S,3578.4000,3577.8000,3577.6000,3577.2000,3576.2000,3583.4000,3585.4000,3589.2000,3590.8000,3593.2000,1,2,1,1,2,1,1,1,2,1
SF,IF2005,2020-03-24 09:30:04.200,3580.8000,857,0,17199780.000,0,-,-,-,-,3578.4000,3577.8000,3577.6000,3577.2000,3576.2000,3583.2000,3583.4000,3585.4000,3589.2000,3590.8000,1,1,1,1,2,1,2,1,1,2
SF,IF2005,2020-03-24 09:30:04.700,3580.8000,857,0,17199780.000,0,-,-,-,-,3578.6000,3577.8000,3577.6000,3576.2000,3574.4000,3582.8000,3583.2000,3583.4000,3589.2000,3590.8000,1,1,1,2,1,1,1,2,1,2
SF,IF2005,2020-03-24 09:30:05.200,3580.8000,857,0,17199780.000,0,-,-,-,-,3577.8000,3577.6000,3576.2000,3570.0000,3560.4000,3578.4000,3582.6000,3582.8000,3583.4000,3590.8000,1,1,2,5,1,1,1,2,2,2
SF,IF2005,2020-03-24 09:30:05.700,3580.8000,857,0,20420880.000,3,1,2,多换,S,3577.6000,3576.2000,3570.0000,3560.4000,3550.0000,3582.8000,3583.4000,3590.8000,3593.2000,3593.4000,1,2,5,1,1,1,2,2,1,1
SF,IF2005,2020-03-24 09:30:06.200,3576.2000,855,-2,22566600.000,2,0,2,双平,S,3570.0000,3560.4000,3550.0000,3540.0000,3524.6000,3573.2000,3582.6000,3582.8000,3583.4000,3590.8000,5,1,1,2,1,12,1,2,2,2
SF,IF2005,2020-03-24 09:30:06.700,3573.2000,853,-2,26854500.000,4,1,3,多平,S,3572.4000,3571.2000,3570.6000,3570.0000,3565.0000,3573.2000,3582.6000,3583.4000,3590.8000,3593.4000,1,1,1,1,5,8,1,1,2,1
SF,IF2005,2020-03-24 09:30:07.200,3573.2000,851,-2,28998420.000,2,0,2,双平,S,3572.4000,3571.2000,3570.6000,3570.0000,3569.8000,3573.2000,3581.0000,3582.6000,3590.8000,3593.4000,1,1,1,2,1,6,1,1,2,1
SF,IF2005,2020-03-24 09:30:07.700,3572.4000,850,-1,31142100.000,2,0,2,多平,S,3571.2000,3570.6000,3570.0000,3569.8000,3565.0000,3573.2000,3581.0000,3582.6000,3590.8000,3593.4000,1,1,2,1,5,5,1,1,2,1
SF,IF2005,2020-03-24 09:30:08.200,3571.2000,850,0,32213460.000,1,0,1,多换,S,3570.6000,3570.0000,3565.0000,3560.4000,3550.0000,3573.2000,3581.0000,3582.6000,3590.8000,3593.4000,1,1,5,1,1,5,1,1,2,1
SF,IF2005,2020-03-24 09:30:09.200,3571.2000,850,0,32213460.000,0,-,-,-,-,3570.6000,3570.0000,3565.0000,3560.4000,3550.0000,3573.2000,3581.0000,3582.6000,3590.8000,3593.4000,2,1,5,1,1,5,1,1,2,1
SF,IF2005,2020-03-24 09:30:09.700,3570.0000,851,1,35426820.000,3,2,1,空开,S,3565.0000,3560.4000,3550.0000,3540.0000,3524.6000,3573.2000,3581.0000,3582.6000,3590.8000,3593.4000,5,1,1,2,1,5,1,1,2,1
SF,IF2005,2020-03-24 09:30:10.200,3570.0000,851,0,35426820.000,0,-,-,-,-,3567.2000,3565.8000,3565.2000,3565.0000,3564.8000,3573.0000,3573.2000,3590.8000,3593.4000,3595.0000,1,1,1,7,1,3,5,2,1,5
SF,IF2005,2020-03-24 09:30:10.700,3570.0000,851,0,35426820.000,0,-,-,-,-,3565.8000,3565.2000,3565.0000,3564.8000,3560.4000,3573.0000,3573.2000,3590.8000,3593.4000,3595.0000,1,1,6,1,1,3,5,2,1,5
SF,IF2005,2020-03-24 09:30:11.200,3570.0000,851,0,35426820.000,0,-,-,-,-,3565.2000,3565.0000,3564.8000,3560.4000,3552.0000,3573.0000,3573.2000,3590.8000,3593.4000,3595.0000,1,5,1,1,1,3,5,2,1,5
SF,IF2005,2020-03-24 09:30:11.700,3570.0000,851,0,35426820.000,0,-,-,-,-,3566.0000,3565.8000,3565.2000,3565.0000,3564.8000,3573.0000,3573.2000,3590.8000,3593.4000,3595.0000,2,1,1,5,1,2,5,2,1,5
SF,IF2005,2020-03-24 09:30:12.200,3570.0000,851,0,35426820.000,0,-,-,-,-,3566.0000,3565.2000,3565.0000,3564.8000,3560.4000,3573.0000,3573.2000,3590.8000,3593.4000,3595.0000,2,1,5,1,1,2,5,2,1,5
SF,IF2005,2020-03-24 09:30:12.700,3570.0000,851,0,35426820.000,0,-,-,-,-,3565.0000,3564.8000,3560.4000,3552.0000,3550.0000,3572.8000,3573.0000,3573.2000,3590.8000,3593.4000,5,1,1,1,1,1,2,5,2,1
SF,IF2005,2020-03-24 09:30:13.200,3570.0000,851,0,35426820.000,0,-,-,-,-,3565.0000,3564.8000,3560.4000,3552.0000,3550.0000,3565.2000,3572.6000,3573.2000,3590.8000,3593.4000,6,1,1,1,1,1,2,5,2,1
SF,IF2005,2020-03-24 09:30:13.700,3565.0000,850,-1,46121760.000,10,4,6,多平,S,3565.6000,3560.4000,3552.0000,3550.0000,3540.0000,3572.0000,3572.4000,3572.6000,3573.2000,3590.8000,1,1,1,1,1,1,2,5,5,2
SF,IF2005,2020-03-24 09:30:14.200,3565.0000,849,-1,47191260.000,1,0,1,双平,S,3560.4000,3552.0000,3550.0000,3540.0000,3524.6000,3571.2000,3571.8000,3572.0000,3572.4000,3572.6000,1,1,1,1,1,1,2,3,2,3
SF,IF2005,2020-03-24 09:30:14.700,3565.0000,849,0,47191260.000,0,-,-,-,-,3562.0000,3561.6000,3560.6000,3560.4000,3552.0000,3570.6000,3571.0000,3571.2000,3571.8000,3572.0000,2,1,2,2,1,2,2,1,1,2
SF,IF2005,2020-03-24 09:30:15.200,3565.0000,849,0,47191260.000,0,-,-,-,-,3562.0000,3561.6000,3560.6000,3560.4000,3552.0000,3568.0000,3570.0000,3570.4000,3570.6000,3572.0000,2,1,2,1,1,1,1,2,3,2
SF,IF2005,2020-03-24 09:30:15.700,3565.0000,849,0,47191260.000,0,-,-,-,-,3562.0000,3561.6000,3560.6000,3560.4000,3552.0000,3567.8000,3568.0000,3569.4000,3570.0000,3570.6000,3,1,2,1,1,2,1,2,1,1
SF,IF2005,2020-03-24 09:30:16.200,3565.0000,849,0,47191260.000,0,-,-,-,-,3562.2000,3562.0000,3561.6000,3560.6000,3560.4000,3567.8000,3568.0000,3569.4000,3570.8000,3572.0000,1,3,1,2,1,1,1,2,1,2
SF,IF2005,2020-03-24 09:30:16.700,3565.0000,849,0,47191260.000,0,-,-,-,-,3562.2000,3562.0000,3561.6000,3560.6000,3560.4000,3567.8000,3568.0000,3572.0000,3572.4000,3572.6000,2,2,1,2,1,1,1,2,1,3
SF,IF2005,2020-03-24 09:30:17.700,3565.0000,849,0,47191260.000,0,-,-,-,-,3562.2000,3562.0000,3561.6000,3560.6000,3560.4000,3567.6000,3567.8000,3568.0000,3572.0000,3572.4000,2,2,1,2,1,1,1,1,2,1
SF,IF2005,2020-03-24 09:30:18.200,3565.0000,849,0,47191260.000,0,-,-,-,-,3562.2000,3562.0000,3561.6000,3560.6000,3560.4000,3567.8000,3568.0000,3571.0000,3572.0000,3572.4000,2,2,1,2,1,1,1,1,2,1
SF,IF2005,2020-03-24 09:30:18.700,3565.0000,849,0,47191260.000,0,-,-,-,-,3562.2000,3562.0000,3561.6000,3560.6000,3560.4000,3567.6000,3567.8000,3568.0000,3571.0000,3572.0000,2,2,2,2,1,1,1,1,1,2
SF,IF2005,2020-03-24 09:30:19.200,3565.0000,849,0,47191260.000,0,-,-,-,-,3562.6000,3562.2000,3562.0000,3561.6000,3560.6000,3567.8000,3568.0000,3571.0000,3572.0000,3572.4000,1,2,2,2,2,1,1,1,2,1
SF,IF2005,2020-03-24 09:30:19.700,3565.0000,849,0,47191260.000,0,-,-,-,-,3562.6000,3562.2000,3562.0000,3561.6000,3560.6000,3567.6000,3568.0000,3571.0000,3572.0000,3572.4000,2,1,2,2,2,1,1,1,2,1
SF,IF2005,2020-03-24 09:30:20.200,3565.0000,849,0,47191260.000,0,-,-,-,-,3562.6000,3562.2000,3562.0000,3561.6000,3560.6000,3567.6000,3568.0000,3571.0000,3572.0000,3572.4000,2,1,1,2,2,1,1,1,2,1
SF,IF2005,2020-03-24 09:30:21.200,3565.0000,849,0,47191260.000,0,-,-,-,-,3562.6000,3562.0000,3561.6000,3560.6000,3552.0000,3568.0000,3571.0000,3572.0000,3572.4000,3572.6000,2,1,2,2,1,1,1,2,1,3
SF,IF2005,2020-03-24 09:30:22.200,3565.0000,849,0,47191260.000,0,-,-,-,-,3562.8000,3562.6000,3562.0000,3561.6000,3560.6000,3568.0000,3571.0000,3572.0000,3572.4000,3572.6000,1,2,1,2,2,1,1,2,1,3
SF,IF2005,2020-03-24 09:30:22.700,3562.8000,850,1,48260100.000,1,1,0,双开,S,3563.2000,3562.8000,3562.6000,3562.0000,3561.6000,3571.0000,3572.0000,3572.4000,3572.6000,3573.2000,1,1,1,1,2,1,2,1,3,5
SF,IF2005,2020-03-24 09:30:23.200,3562.8000,850,0,48260100.000,0,-,-,-,-,3564.4000,3563.4000,3563.2000,3562.6000,3562.0000,3570.8000,3571.0000,3571.2000,3572.0000,3572.4000,1,1,2,1,1,1,1,1,1,1
SF,IF2005,2020-03-24 09:30:23.700,3562.8000,850,0,48260100.000,0,-,-,-,-,3564.6000,3564.4000,3564.0000,3563.4000,3563.2000,3570.8000,3571.2000,3572.0000,3572.4000,3573.2000,2,3,1,2,1,1,1,1,1,5
SF,IF2005,2020-03-24 09:30:24.200,3562.8000,850,0,48260100.000,0,-,-,-,-,3568.0000,3565.0000,3564.8000,3564.6000,3564.4000,3570.8000,3571.2000,3573.2000,3590.8000,3593.4000,1,2,2,3,2,1,1,5,2,1
SF,IF2005,2020-03-24 09:30:24.700,3563.2000,851,1,49329060.000,1,1,0,双开,S,3565.0000,3564.8000,3564.6000,3564.4000,3564.0000,3570.8000,3571.2000,3573.2000,3590.8000,3593.4000,2,4,2,2,1,1,1,5,2,1
SF,IF2005,2020-03-24 09:30:25.200,3563.2000,851,0,49329060.000,0,-,-,-,-,3565.8000,3565.0000,3564.8000,3564.6000,3564.4000,3571.2000,3573.2000,3590.8000,3593.4000,3595.0000,1,3,4,2,2,1,5,2,1,5
SF,IF2005,2020-03-24 09:30:25.700,3563.2000,851,0,49329060.000,0,-,-,-,-,3566.0000,3565.8000,3565.0000,3564.8000,3564.6000,3573.2000,3590.8000,3593.4000,3595.0000,3597.0000,1,3,2,2,2,5,2,1,5,2
SF,IF2005,2020-03-24 09:30:26.200,3563.2000,851,0,49329060.000,0,-,-,-,-,3566.8000,3566.4000,3566.2000,3566.0000,3565.8000,3573.0000,3573.2000,3590.8000,3593.4000,3595.0000,1,2,1,2,1,1,5,2,1,5
SF,IF2005,2020-03-24 09:30:26.700,3563.2000,851,0,49329060.000,0,-,-,-,-,3567.2000,3567.0000,3566.8000,3566.6000,3566.4000,3573.0000,3573.2000,3590.8000,3593.4000,3595.0000,2,2,3,1,2,1,5,2,1,5
SF,IF2005,2020-03-24 09:30:27.200,3563.2000,851,0,49329060.000,0,-,-,-,-,3567.6000,3567.2000,3567.0000,3566.8000,3566.4000,3573.0000,3573.2000,3590.8000,3593.4000,3595.0000,1,1,3,2,2,1,5,2,1,5
SF,IF2005,2020-03-24 09:30:27.700,3563.2000,851,0,49329060.000,0,-,-,-,-,3567.8000,3567.6000,3567.0000,3566.8000,3566.4000,3573.0000,3573.2000,3590.8000,3593.4000,3595.0000,1,1,2,1,2,1,5,2,1,5
SF,IF2005,2020-03-24 09:30:28.200,3563.2000,851,0,49329060.000,0,-,-,-,-,3567.8000,3567.0000,3566.8000,3566.4000,3565.8000,3570.4000,3571.2000,3572.8000,3573.0000,3573.2000,1,1,1,2,1,1,1,2,1,5
SF,IF2005,2020-03-24 09:30:28.700,3563.2000,851,0,49329060.000,0,-,-,-,-,3566.8000,3566.4000,3566.0000,3565.8000,3564.8000,3570.4000,3571.2000,3572.8000,3573.0000,3573.2000,1,2,1,1,1,1,1,2,1,5
SF,IF2005,2020-03-24 09:30:29.200,3563.2000,851,0,49329060.000,0,-,-,-,-,3566.8000,3566.4000,3566.0000,3565.8000,3564.8000,3570.2000,3570.4000,3571.2000,3572.8000,3573.0000,2,2,1,1,1,1,1,1,2,1
SF,IF2005,2020-03-24 09:30:29.700,3563.2000,851,0,49329060.000,0,-,-,-,-,3566.8000,3566.4000,3565.8000,3564.8000,3564.4000,3570.2000,3570.4000,3571.2000,3572.8000,3573.0000,1,2,1,1,2,1,1,1,2,1
SF,IF2005,2020-03-24 09:30:30.200,3563.2000,851,0,49329060.000,0,-,-,-,-,3566.4000,3564.8000,3564.4000,3564.0000,3563.2000,3570.2000,3570.4000,3571.2000,3572.8000,3573.0000,2,1,2,1,1,1,1,1,2,1
SF,IF2005,2020-03-24 09:30:30.700,3563.2000,851,0,49329060.000,0,-,-,-,-,3564.6000,3564.4000,3564.2000,3561.6000,3560.4000,3570.0000,3570.2000,3570.4000,3571.2000,3572.8000,1,1,1,1,1,1,1,1,1,2
SF,IF2005,2020-03-24 09:30:31.200,3563.2000,851,0,49329060.000,0,-,-,-,-,3564.6000,3564.4000,3564.2000,3561.6000,3560.4000,3569.8000,3570.0000,3570.2000,3570.4000,3571.2000,3,2,1,1,1,1,1,1,1,1
SF,IF2005,2020-03-24 09:30:31.700,3563.2000,851,0,49329060.000,0,-,-,-,-,3564.6000,3564.4000,3564.2000,3563.6000,3561.6000,3569.6000,3569.8000,3570.2000,3570.4000,3571.2000,3,1,1,1,1,1,1,1,1,1
SF,IF2005,2020-03-24 09:30:32.200,3563.2000,851,0,49329060.000,0,-,-,-,-,3565.0000,3564.6000,3564.4000,3564.2000,3563.6000,3569.8000,3570.2000,3570.4000,3571.2000,3572.8000,1,3,2,1,1,1,1,1,1,1
SF,IF2005,2020-03-24 09:30:32.700,3563.2000,851,0,49329060.000,0,-,-,-,-,3565.0000,3564.8000,3564.6000,3564.4000,3564.2000,3569.6000,3569.8000,3570.2000,3570.4000,3571.2000,2,1,1,1,1,1,1,1,1,1
SF,IF2005,2020-03-24 09:30:33.200,3563.2000,851,0,49329060.000,0,-,-,-,-,3565.0000,3564.6000,3564.4000,3563.6000,3561.6000,3568.8000,3569.8000,3570.2000,3570.4000,3571.2000,2,1,1,1,1,1,1,1,1,1
SF,IF2005,2020-03-24 09:30:33.700,3563.2000,851,0,49329060.000,0,-,-,-,-,3565.6000,3565.4000,3565.0000,3564.6000,3564.4000,3568.8000,3569.8000,3570.4000,3571.2000,3573.2000,1,1,2,1,1,1,1,1,1,5
SF,IF2005,2020-03-24 09:30:34.200,3563.2000,851,0,49329060.000,0,-,-,-,-,3565.6000,3565.4000,3565.0000,3564.6000,3564.4000,3568.8000,3570.4000,3571.2000,3573.2000,3573.6000,1,2,1,1,1,1,1,1,5,1
SF,IF2005,2020-03-24 09:30:34.700,3563.2000,851,0,49329060.000,0,-,-,-,-,3566.8000,3566.0000,3565.8000,3565.6000,3564.6000,3568.8000,3570.4000,3571.2000,3573.2000,3573.6000,1,1,1,1,1,1,1,1,5,1
SF,IF2005,2020-03-24 09:30:35.200,3568.8000,851,0,50399700.000,1,0,1,多换,S,3566.8000,3565.8000,3564.6000,3564.4000,3563.6000,3570.4000,3571.2000,3573.2000,3573.6000,3593.4000,1,3,1,1,1,1,1,5,1,1
SF,IF2005,2020-03-24 09:30:35.700,3568.8000,852,1,51470340.000,1,1,0,双开,S,3566.8000,3565.8000,3564.6000,3564.4000,3563.6000,3570.4000,3571.2000,3573.2000,3573.6000,3593.4000,1,1,1,1,1,1,1,5,1,1
SF,IF2005,2020-03-24 09:30:36.700,3568.8000,852,0,51470340.000,0,-,-,-,-,3566.8000,3565.8000,3564.6000,3564.4000,3563.6000,3570.2000,3570.4000,3571.2000,3573.2000,3573.6000,1,1,1,1,1,2,1,1,5,1
SF,IF2005,2020-03-24 09:30:37.200,3568.8000,852,0,51470340.000,0,-,-,-,-,3565.8000,3564.6000,3564.4000,3563.6000,3563.2000,3570.2000,3570.4000,3571.2000,3573.2000,3573.6000,1,1,1,1,1,1,1,1,5,1
SF,IF2005,2020-03-24 09:30:37.700,3568.8000,852,0,51470340.000,0,-,-,-,-,3567.8000,3565.8000,3565.2000,3564.6000,3564.4000,3570.0000,3570.2000,3570.4000,3571.2000,3573.2000,2,1,1,1,1,1,1,1,1,5
SF,IF2005,2020-03-24 09:30:38.200,3567.8000,851,-1,53611020.000,2,0,2,多平,S,3566.4000,3565.2000,3564.6000,3564.4000,3563.6000,3569.8000,3570.0000,3570.2000,3570.4000,3571.2000,1,1,1,1,1,1,1,1,1,1
SF,IF2005,2020-03-24 09:30:38.700,3568.0000,850,-1,54681420.000,1,0,1,双平,S,3568.2000,3566.4000,3565.2000,3564.6000,3564.4000,3569.6000,3569.8000,3570.2000,3570.4000,3571.2000,1,1,1,1,1,1,1,1,1,1
SF,IF2005,2020-03-24 09:30:39.200,3568.0000,850,0,55751820.000,1,0,1,多换,S,3565.2000,3565.0000,3564.6000,3564.4000,3563.2000,3568.0000,3569.6000,3569.8000,3570.2000,3570.4000,1,1,1,1,1,1,1,1,1,1
SF,IF2005,2020-03-24 09:30:39.700,3568.0000,850,0,55751820.000,0,-,-,-,-,3565.4000,3565.2000,3565.0000,3564.6000,3564.4000,3569.6000,3569.8000,3570.4000,3571.2000,3573.2000,1,2,1,1,1,1,1,1,1,5
SF,IF2005,2020-03-24 09:30:40.200,3568.0000,850,0,55751820.000,0,-,-,-,-,3565.4000,3565.2000,3565.0000,3564.6000,3564.4000,3569.6000,3569.8000,3570.4000,3571.2000,3573.2000,2,2,1,1,1,1,1,1,1,5
SF,IF2005,2020-03-24 09:30:40.700,3568.0000,850,0,55751820.000,0,-,-,-,-,3565.2000,3565.0000,3564.6000,3564.4000,3563.2000,3569.6000,3569.8000,3570.4000,3571.2000,3573.2000,1,1,1,1,1,1,1,1,1,5
SF,IF2005,2020-03-24 09:30:41.200,3568.0000,850,0,55751820.000,0,-,-,-,-,3565.8000,3565.2000,3564.6000,3563.2000,3561.6000,3568.0000,3569.4000,3569.6000,3569.8000,3570.4000,1,1,1,1,1,1,1,1,1,1
SF,IF2005,2020-03-24 09:30:41.700,3568.0000,850,0,55751820.000,0,-,-,-,-,3565.4000,3565.2000,3564.6000,3561.6000,3560.4000,3569.4000,3569.6000,3570.4000,3573.2000,3593.4000,1,1,1,1,1,1,1,1,5,1
SF,IF2005,2020-03-24 09:30:42.200,3568.0000,850,0,55751820.000,0,-,-,-,-,3565.4000,3565.2000,3564.6000,3561.6000,3560.4000,3567.6000,3569.2000,3569.4000,3570.4000,3573.2000,1,1,1,1,1,1,1,1,1,5
SF,IF2005,2020-03-24 09:30:42.700,3567.6000,850,0,56822100.000,1,0,1,多换,S,3565.2000,3564.6000,3561.6000,3560.4000,3560.0000,3567.8000,3569.2000,3569.4000,3570.4000,3573.2000,1,1,1,1,5,1,2,1,1,5
SF,IF2005,2020-03-24 09:30:43.200,3567.8000,850,0,57892440.000,1,0,1,多换,S,3565.2000,3564.6000,3561.6000,3560.4000,3560.0000,3569.2000,3569.4000,3570.4000,3570.8000,3573.2000,1,1,1,1,5,2,1,1,1,5
SF,IF2005,2020-03-24 09:30:43.700,3567.8000,850,0,57892440.000,0,-,-,-,-,3565.4000,3565.2000,3564.6000,3561.6000,3560.4000,3569.2000,3569.4000,3570.4000,3570.8000,3573.2000,2,2,1,1,1,1,1,1,1,5
SF,IF2005,2020-03-24 09:30:44.200,3567.8000,850,0,57892440.000,0,-,-,-,-,3565.6000,3565.4000,3565.2000,3564.6000,3561.6000,3569.2000,3570.4000,3570.8000,3573.2000,3593.4000,1,1,1,1,1,1,1,1,5,1
SF,IF2005,2020-03-24 09:30:45.200,3567.8000,850,0,57892440.000,0,-,-,-,-,3569.4000,3565.8000,3565.6000,3565.4000,3565.2000,3570.4000,3570.8000,3573.2000,3593.4000,3595.0000,1,3,1,1,1,1,1,5,1,5
SF,IF2005,2020-03-24 09:30:45.700,3569.4000,850,0,58963260.000,1,0,1,多换,S,3565.8000,3565.6000,3565.2000,3564.6000,3561.6000,3569.2000,3570.2000,3570.4000,3573.2000,3593.4000,3,1,1,1,1,1,1,1,5,1
SF,IF2005,2020-03-24 09:30:46.200,3569.4000,850,0,58963260.000,0,-,-,-,-,3565.8000,3565.6000,3565.2000,3564.6000,3561.6000,3570.2000,3570.4000,3573.2000,3593.4000,3595.0000,2,1,1,1,1,2,1,5,1,5
SF,IF2005,2020-03-24 09:30:46.700,3569.4000,850,0,58963260.000,0,-,-,-,-,3566.0000,3565.8000,3565.2000,3564.6000,3561.6000,3570.0000,3570.2000,3570.4000,3573.2000,3593.4000,2,2,1,1,1,1,1,1,5,1
SF,IF2005,2020-03-24 09:30:47.200,3569.4000,850,0,58963260.000,0,-,-,-,-,3566.0000,3565.8000,3565.2000,3564.6000,3561.6000,3570.0000,3570.2000,3570.4000,3573.2000,3593.4000,2,2,1,1,1,1,1,1,5,1
SF,IF2005,2020-03-24 09:30:47.700,3569.4000,850,0,58963260.000,0,-,-,-,-,3566.0000,3565.8000,3565.2000,3564.6000,3561.6000,3570.0000,3570.2000,3570.4000,3573.2000,3593.4000,2,2,1,1,1,1,1,1,5,1
SF,IF2005,2020-03-24 09:30:48.200,3569.4000,850,0,58963260.000,0,-,-,-,-,3566.2000,3566.0000,3565.8000,3565.2000,3564.6000,3570.0000,3570.2000,3570.4000,3573.2000,3593.4000,1,2,2,1,1,1,1,1,5,1
SF,IF2005,2020-03-24 09:30:48.700,3569.4000,850,0,58963260.000,0,-,-,-,-,3566.4000,3566.2000,3566.0000,3565.8000,3565.2000,3570.0000,3570.2000,3570.4000,3573.2000,3593.4000,1,1,1,2,1,1,1,1,5,1
SF,IF2005,2020-03-24 09:30:49.200,3569.4000,850,0,58963260.000,0,-,-,-,-,3566.4000,3566.0000,3565.8000,3565.2000,3564.6000,3570.0000,3570.2000,3570.4000,3573.2000,3593.4000,1,1,2,1,1,1,1,1,5,1
SF,IF2005,2020-03-24 09:30:49.700,3569.4000,850,0,58963260.000,0,-,-,-,-,3566.0000,3565.8000,3565.2000,3564.6000,3561.6000,3569.8000,3570.0000,3570.2000,3570.4000,3573.2000,1,2,1,1,1,1,1,1,1,5
SF,IF2005,2020-03-24 09:30:50.200,3569.4000,850,0,58963260.000,0,-,-,-,-,3565.8000,3565.2000,3564.6000,3561.6000,3560.4000,3569.6000,3569.8000,3570.2000,3570.4000,3573.2000,2,1,1,1,1,1,1,1,1,5
SF,IF2005,2020-03-24 09:30:50.700,3569.4000,852,2,61104900.000,2,2,0,双开,S,3566.2000,3565.8000,3565.2000,3564.6000,3561.6000,3569.6000,3570.2000,3570.4000,3573.2000,3593.4000,1,2,1,1,1,1,1,1,5,1
SF,IF2005,2020-03-24 09:30:51.200,3569.4000,852,0,61104900.000,0,-,-,-,-,3566.2000,3565.8000,3565.2000,3564.6000,3561.6000,3570.4000,3573.2000,3593.4000,3595.0000,3597.0000,2,2,1,1,1,1,5,1,5,2
SF,IF2005,2020-03-24 09:30:51.700,3569.4000,852,0,61104900.000,0,-,-,-,-,3565.8000,3565.2000,3564.6000,3561.6000,3560.4000,3569.4000,3570.2000,3570.4000,3573.2000,3593.4000,2,1,1,1,1,1,1,1,5,1
SF,IF2005,2020-03-24 09:30:52.200,3569.4000,852,0,61104900.000,0,-,-,-,-,3565.8000,3565.2000,3564.6000,3561.6000,3560.4000,3569.2000,3569.4000,3570.2000,3570.4000,3573.2000,2,1,1,1,1,1,1,1,1,5
SF,IF2005,2020-03-24 09:30:52.700,3569.4000,852,0,61104900.000,0,-,-,-,-,3566.2000,3566.0000,3565.8000,3565.2000,3564.6000,3569.4000,3570.2000,3570.4000,3573.2000,3593.4000,1,1,2,1,1,1,1,1,5,1
SF,IF2005,2020-03-24 09:30:53.200,3569.4000,852,0,61104900.000,0,-,-,-,-,3566.2000,3566.0000,3565.8000,3565.2000,3564.6000,3569.4000,3570.2000,3570.4000,3573.2000,3593.4000,1,2,2,1,1,1,1,1,5,1
SF,IF2005,2020-03-24 09:30:53.700,3569.4000,853,1,62175720.000,1,1,0,双开,S,3566.4000,3566.2000,3566.0000,3565.8000,3565.2000,3570.2000,3570.4000,3573.2000,3593.4000,3595.0000,1,1,2,2,1,1,1,5,1,5
SF,IF2005,2020-03-24 09:30:54.200,3569.4000,853,0,62175720.000,0,-,-,-,-,3566.4000,3566.0000,3565.8000,3565.2000,3564.6000,3570.0000,3570.2000,3570.4000,3573.2000,3593.4000,2,2,2,1,1,1,1,1,5,1
SF,IF2005,2020-03-24 09:30:54.700,3569.4000,853,0,62175720.000,0,-,-,-,-,3566.4000,3566.0000,3565.8000,3565.2000,3564.6000,3570.0000,3570.4000,3573.2000,3593.4000,3595.0000,2,1,2,1,1,1,1,5,1,5
SF,IF2005,2020-03-24 09:30:55.200,3569.4000,853,0,62175720.000,0,-,-,-,-,3566.4000,3566.0000,3565.8000,3565.2000,3564.6000,3569.8000,3570.0000,3570.4000,3573.2000,3593.4000,1,1,2,1,1,1,1,1,5,1
SF,IF2005,2020-03-24 09:30:55.700,3569.4000,853,0,62175720.000,0,-,-,-,-,3566.4000,3566.0000,3565.8000,3565.2000,3564.6000,3568.0000,3569.6000,3569.8000,3570.2000,3570.4000,1,1,2,1,1,1,2,2,1,1
SF,IF2005,2020-03-24 09:30:56.200,3569.4000,853,0,62175720.000,0,-,-,-,-,3566.6000,3566.4000,3566.0000,3565.8000,3565.2000,3569.6000,3569.8000,3570.2000,3570.4000,3573.2000,1,1,1,2,1,2,1,1,1,5
SF,IF2005,2020-03-24 09:30:56.700,3566.6000,853,0,63245700.000,1,0,1,多换,S,3566.0000,3565.8000,3565.2000,3561.6000,3560.4000,3568.0000,3569.6000,3569.8000,3570.2000,3570.4000,1,2,1,1,1,1,1,1,1,1
SF,IF2005,2020-03-24 09:30:57.200,3568.0000,854,1,64316100.000,1,1,0,双开,S,3566.0000,3565.8000,3565.2000,3561.6000,3560.4000,3569.4000,3569.6000,3570.2000,3570.4000,3572.4000,1,2,1,1,1,1,1,1,1,1
SF,IF2005,2020-03-24 09:30:57.700,3568.0000,854,0,64316100.000,0,-,-,-,-,3566.0000,3565.8000,3565.2000,3561.6000,3560.4000,3569.2000,3569.4000,3570.2000,3570.4000,3572.4000,1,2,1,1,1,1,1,1,1,1
SF,IF2005,2020-03-24 09:30:58.200,3568.0000,854,0,64316100.000,0,-,-,-,-,3566.0000,3565.8000,3565.2000,3561.6000,3560.4000,3569.2000,3569.4000,3570.2000,3570.4000,3572.4000,1,2,1,1,1,3,1,1,1,1
SF,IF2005,2020-03-24 09:30:58.700,3566.0000,854,0,65385900.000,1,0,1,多换,S,3565.8000,3565.2000,3561.6000,3560.4000,3560.0000,3568.8000,3569.2000,3569.4000,3570.2000,3570.4000,2,1,1,1,5,1,1,1,1,1
SF,IF2005,2020-03-24 09:30:59.200,3565.8000,854,0,67525380.000,2,1,1,多换,S,3565.2000,3561.6000,3560.4000,3555.0000,3542.0000,3565.8000,3568.6000,3568.8000,3569.2000,3569.4000,1,1,1,5,1,1,1,1,1,1
SF,IF2005,2020-03-24 09:30:59.700,3565.8000,854,0,67525380.000,0,-,-,-,-,3565.2000,3561.6000,3560.4000,3555.0000,3542.0000,3568.6000,3568.8000,3569.2000,3569.4000,3570.2000,1,1,1,5,1,3,1,1,1,1
SF,IF2005,2020-03-24 09:31:00.200,3561.6000,853,-1,69663420.000,2,0,2,多平,S,3560.4000,3555.0000,3546.4000,3542.0000,3540.0000,3568.4000,3568.6000,3568.8000,3569.2000,3570.2000,1,5,2,1,1,2,3,1,1,1
SF,IF2005,2020-03-24 09:31:00.700,3561.6000,853,0,69663420.000,0,-,-,-,-,3560.6000,3560.4000,3555.0000,3546.4000,3542.0000,3568.0000,3568.2000,3568.4000,3570.2000,3570.4000,2,1,5,2,1,2,5,3,1,1
SF,IF2005,2020-03-24 09:31:01.200,3561.6000,853,0,69663420.000,0,-,-,-,-,3560.6000,3560.4000,3555.0000,3546.4000,3542.0000,3567.2000,3567.8000,3568.0000,3568.2000,3568.4000,2,1,5,2,1,1,3,3,2,2
SF,IF2005,2020-03-24 09:31:01.700,3561.6000,853,0,69663420.000,0,-,-,-,-,3560.6000,3560.4000,3555.0000,3546.4000,3542.0000,3565.8000,3567.0000,3567.2000,3567.4000,3567.8000,1,1,5,2,1,1,3,4,1,1
SF,IF2005,2020-03-24 09:31:02.200,3561.6000,853,0,69663420.000,0,-,-,-,-,3560.6000,3560.4000,3555.0000,3546.4000,3542.0000,3565.6000,3565.8000,3566.4000,3567.0000,3567.2000,1,1,5,2,1,2,2,2,1,2
SF,IF2005,2020-03-24 09:31:02.700,3561.6000,853,0,69663420.000,0,-,-,-,-,3560.4000,3555.0000,3546.4000,3542.0000,3540.0000,3564.4000,3564.6000,3564.8000,3565.4000,3565.6000,1,5,2,1,1,1,1,2,2,3
SF,IF2005,2020-03-24 09:31:03.200,3560.4000,853,0,70731540.000,1,0,1,多换,S,3550.0000,3546.4000,3542.0000,3540.0000,3536.6000,3564.2000,3564.4000,3564.6000,3564.8000,3565.2000,5,2,1,1,1,1,3,1,1,1
SF,IF2005,2020-03-24 09:31:03.700,3560.4000,853,0,70731540.000,0,-,-,-,-,3555.4000,3555.2000,3554.2000,3553.2000,3553.0000,3564.0000,3564.2000,3564.4000,3564.6000,3564.8000,1,1,1,1,2,3,2,2,1,1
SF,IF2005,2020-03-24 09:31:04.200,3560.4000,853,0,70731540.000,0,-,-,-,-,3556.8000,3556.2000,3555.6000,3555.4000,3555.2000,3563.6000,3563.8000,3564.0000,3564.2000,3564.4000,2,1,2,1,1,2,1,2,1,1
SF,IF2005,2020-03-24 09:31:04.700,3560.4000,853,0,70731540.000,0,-,-,-,-,3557.0000,3556.8000,3555.4000,3555.2000,3554.2000,3563.4000,3563.6000,3563.8000,3564.0000,3564.4000,1,1,1,1,1,2,3,3,1,1
SF,IF2005,2020-03-24 09:31:05.200,3560.4000,853,0,70731540.000,0,-,-,-,-,3556.8000,3550.8000,3550.0000,3546.4000,3542.0000,3560.6000,3561.0000,3561.6000,3562.0000,3563.4000,1,1,5,2,1,2,1,2,2,3
SF,IF2005,2020-03-24 09:31:05.700,3560.4000,853,0,70731540.000,0,-,-,-,-,3550.8000,3550.0000,3546.4000,3542.0000,3540.0000,3560.4000,3562.6000,3563.4000,3564.0000,3570.2000,1,5,2,1,1,1,2,2,1,1
SF,IF2005,2020-03-24 09:31:06.200,3560.4000,853,0,70731540.000,0,-,-,-,-,3554.2000,3553.2000,3553.0000,3552.0000,3551.6000,3560.2000,3560.4000,3562.6000,3564.0000,3570.2000,2,1,2,1,1,1,1,2,1,1
SF,IF2005,2020-03-24 09:31:06.700,3560.4000,853,0,70731540.000,0,-,-,-,-,3555.2000,3554.6000,3554.4000,3554.2000,3553.2000,3560.2000,3564.0000,3570.2000,3570.4000,3573.2000,1,1,2,2,1,1,1,1,1,5
SF,IF2005,2020-03-24 09:31:07.200,3560.2000,853,0,71799600.000,1,0,1,多换,S,3556.8000,3555.4000,3555.2000,3555.0000,3554.2000,3570.2000,3570.4000,3573.2000,3575.0000,3593.4000,1,1,1,1,1,1,1,5,5,1
SF,IF2005,2020-03-24 09:31:07.700,3560.2000,853,0,72867660.000,1,0,1,多换,S,3557.0000,3556.8000,3556.6000,3556.4000,3555.2000,3564.0000,3564.4000,3564.6000,3564.8000,3565.8000,3,4,1,1,1,1,1,1,1,1
SF,IF2005,2020-03-24 09:31:08.200,3560.2000,853,0,72867660.000,0,-,-,-,-,3557.8000,3557.0000,3556.8000,3556.4000,3555.2000,3563.8000,3564.0000,3564.4000,3564.6000,3564.8000,1,3,1,1,1,2,2,1,3,1
SF,IF2005,2020-03-24 09:31:08.700,3560.2000,853,0,72867660.000,0,-,-,-,-,3558.0000,3557.8000,3557.0000,3556.8000,3556.4000,3563.8000,3564.4000,3564.6000,3564.8000,3565.8000,2,1,1,1,1,5,1,3,1,1
SF,IF2005,2020-03-24 09:31:09.200,3560.2000,853,0,72867660.000,0,-,-,-,-,3558.2000,3558.0000,3557.8000,3555.2000,3553.2000,3563.8000,3564.4000,3564.6000,3564.8000,3565.8000,1,2,1,1,1,5,1,3,1,1
SF,IF2005,2020-03-24 09:31:09.700,3560.2000,853,0,72867660.000,0,-,-,-,-,3558.4000,3558.2000,3558.0000,3555.2000,3553.2000,3563.6000,3563.8000,3564.4000,3564.6000,3564.8000,1,1,1,1,1,1,3,1,3,1
SF,IF2005,2020-03-24 09:31:10.200,3560.2000,853,0,72867660.000,0,-,-,-,-,3558.6000,3558.4000,3558.0000,3555.2000,3553.2000,3563.4000,3563.6000,3564.4000,3564.6000,3564.8000,1,2,1,1,1,2,1,1,3,1
SF,IF2005,2020-03-24 09:31:10.700,3560.2000,853,0,72867660.000,0,-,-,-,-,3558.8000,3558.6000,3558.4000,3555.2000,3553.2000,3563.4000,3564.4000,3564.6000,3564.8000,3565.8000,1,1,1,1,1,2,1,3,1,1
SF,IF2005,2020-03-24 09:31:11.200,3560.2000,853,0,72867660.000,0,-,-,-,-,3559.0000,3558.8000,3558.4000,3555.2000,3553.2000,3563.4000,3564.4000,3564.6000,3564.8000,3565.8000,1,1,1,1,1,2,1,3,1,1
SF,IF2005,2020-03-24 09:31:11.700,3560.2000,853,0,72867660.000,0,-,-,-,-,3559.2000,3559.0000,3558.4000,3555.2000,3553.2000,3563.4000,3564.6000,3565.8000,3567.2000,3569.0000,1,1,1,1,1,1,2,1,1,2
SF,IF2005,2020-03-24 09:31:12.200,3563.4000,854,1,73936680.000,1,1,0,双开,S,3559.4000,3558.4000,3555.2000,3550.8000,3550.0000,3564.6000,3565.8000,3567.2000,3569.0000,3570.2000,2,1,1,1,5,2,1,1,2,3
SF,IF2005,2020-03-24 09:31:12.700,3563.4000,854,0,73936680.000,0,-,-,-,-,3560.0000,3559.4000,3558.4000,3550.0000,3546.4000,3564.6000,3567.2000,3570.2000,3573.2000,3575.0000,1,2,1,5,2,2,1,3,5,5
SF,IF2005,2020-03-24 09:31:13.200,3563.4000,854,0,73936680.000,0,-,-,-,-,3564.0000,3560.2000,3560.0000,3559.6000,3559.4000,3567.2000,3570.2000,3573.2000,3575.0000,3593.4000,1,2,1,1,2,1,2,5,5,1
SF,IF2005,2020-03-24 09:31:13.700,3564.0000,854,0,75005880.000,1,0,1,多换,S,3560.2000,3560.0000,3559.6000,3559.4000,3558.4000,3570.2000,3573.2000,3575.0000,3593.4000,3598.0000,1,1,1,2,1,2,5,5,1,1
SF,IF2005,2020-03-24 09:31:14.200,3567.0000,854,0,76075980.000,1,0,1,多换,S,3564.2000,3560.8000,3560.4000,3560.2000,3559.6000,3568.0000,3568.2000,3569.8000,3570.0000,3570.2000,1,1,2,1,1,1,3,1,1,3
SF,IF2005,2020-03-24 09:31:14.700,3564.2000,855,1,77145240.000,1,1,0,双开,S,3560.8000,3560.4000,3560.2000,3559.6000,3559.4000,3567.2000,3568.0000,3568.2000,3568.4000,3569.8000,1,1,1,1,2,1,2,2,1,1
SF,IF2005,2020-03-24 09:31:15.200,3564.2000,855,0,77145240.000,0,-,-,-,-,3561.0000,3560.8000,3559.4000,3550.0000,3546.4000,3567.2000,3567.8000,3568.0000,3568.2000,3568.4000,3,1,2,5,2,1,2,2,2,1
SF,IF2005,2020-03-24 09:31:15.700,3564.2000,855,0,77145240.000,0,-,-,-,-,3561.0000,3560.8000,3559.4000,3550.0000,3546.4000,3566.0000,3567.2000,3567.8000,3568.0000,3568.2000,3,1,1,5,2,1,4,1,1,2
SF,IF2005,2020-03-24 09:31:16.200,3564.2000,855,0,77145240.000,0,-,-,-,-,3561.0000,3559.4000,3550.0000,3546.4000,3542.0000,3566.0000,3567.2000,3568.0000,3568.2000,3570.0000,2,1,5,2,1,1,4,1,2,1
SF,IF2005,2020-03-24 09:31:16.700,3564.2000,855,0,77145240.000,0,-,-,-,-,3561.0000,3550.0000,3546.4000,3542.0000,3540.0000,3565.8000,3566.0000,3567.2000,3568.0000,3568.2000,1,5,2,1,1,2,2,2,1,2
SF,IF2005,2020-03-24 09:31:17.200,3564.2000,855,0,77145240.000,0,-,-,-,-,3561.0000,3550.0000,3546.4000,3542.0000,3540.0000,3565.8000,3566.0000,3567.2000,3568.0000,3568.2000,1,5,2,1,1,2,1,2,1,2
SF,IF2005,2020-03-24 09:31:17.700,3564.2000,855,0,77145240.000,0,-,-,-,-,3558.4000,3550.0000,3546.4000,3542.0000,3540.0000,3564.8000,3565.8000,3566.0000,3567.2000,3568.2000,1,5,2,1,1,1,4,1,2,2
SF,IF2005,2020-03-24 09:31:18.200,3564.2000,855,0,77145240.000,0,-,-,-,-,3558.6000,3558.4000,3550.0000,3546.4000,3542.0000,3564.4000,3564.6000,3564.8000,3565.6000,3565.8000,3,1,5,2,1,2,1,2,1,3
SF,IF2005,2020-03-24 09:31:18.700,3564.2000,855,0,77145240.000,0,-,-,-,-,3558.6000,3558.4000,3550.0000,3546.4000,3542.0000,3564.4000,3564.6000,3564.8000,3565.8000,3566.0000,3,1,5,2,1,1,1,2,2,1
SF,IF2005,2020-03-24 09:31:19.200,3564.2000,855,0,77145240.000,0,-,-,-,-,3558.6000,3558.4000,3550.0000,3546.4000,3542.0000,3564.4000,3564.6000,3564.8000,3565.8000,3566.0000,3,1,5,2,1,3,1,1,2,1
SF,IF2005,2020-03-24 09:31:19.700,3564.2000,855,0,77145240.000,0,-,-,-,-,3558.6000,3550.0000,3546.4000,3542.0000,3540.0000,3564.0000,3564.2000,3564.4000,3564.6000,3564.8000,3,5,2,1,1,1,1,2,1,1
SF,IF2005,2020-03-24 09:31:20.200,3564.2000,855,0,77145240.000,0,-,-,-,-,3558.6000,3550.0000,3546.4000,3542.0000,3540.0000,3564.0000,3564.4000,3564.6000,3564.8000,3565.8000,2,5,2,1,1,1,2,1,1,2
SF,IF2005,2020-03-24 09:31:20.700,3564.2000,855,0,77145240.000,0,-,-,-,-,3558.6000,3550.0000,3546.4000,3542.0000,3540.0000,3565.8000,3566.0000,3567.2000,3570.2000,3573.2000,2,5,2,1,1,2,1,1,2,5
SF,IF2005,2020-03-24 09:31:21.200,3564.2000,855,0,77145240.000,0,-,-,-,-,3559.0000,3558.8000,3558.6000,3550.0000,3546.4000,3563.8000,3565.6000,3565.8000,3566.0000,3567.2000,1,1,2,5,2,1,1,3,1,1
SF,IF2005,2020-03-24 09:31:21.700,3564.2000,855,0,77145240.000,0,-,-,-,-,3559.2000,3559.0000,3550.0000,3546.4000,3542.0000,3563.6000,3564.8000,3565.6000,3565.8000,3566.0000,2,1,5,2,1,1,1,1,3,1
SF,IF2005,2020-03-24 09:31:22.200,3565.6000,853,-2,80353500.000,3,0,3,多平,S,3561.6000,3559.2000,3559.0000,3550.0000,3546.4000,3567.2000,3570.2000,3573.2000,3575.0000,3593.4000,1,1,2,5,2,1,2,5,5,1
SF,IF2005,2020-03-24 09:31:22.700,3565.6000,853,0,80353500.000,0,-,-,-,-,3561.8000,3561.6000,3560.0000,3559.4000,3550.0000,3567.0000,3567.2000,3570.2000,3573.2000,3575.0000,2,1,2,2,5,1,3,2,5,5
SF,IF2005,2020-03-24 09:31:23.200,3565.6000,853,0,80353500.000,0,-,-,-,-,3561.8000,3561.6000,3560.0000,3559.4000,3550.0000,3570.2000,3573.2000,3575.0000,3593.4000,3598.0000,2,1,2,1,5,2,5,5,1,1
SF,IF2005,2020-03-24 09:31:23.700,3565.6000,853,0,80353500.000,0,-,-,-,-,3562.0000,3561.8000,3561.6000,3559.4000,3550.0000,3567.2000,3568.0000,3568.2000,3569.8000,3570.0000,1,1,1,1,5,1,1,2,1,1
SF,IF2005,2020-03-24 09:31:24.200,3565.6000,853,0,80353500.000,0,-,-,-,-,3562.2000,3561.6000,3550.0000,3546.4000,3542.0000,3567.2000,3568.0000,3568.2000,3570.0000,3570.2000,3,1,5,2,1,3,1,2,2,2
SF,IF2005,2020-03-24 09:31:24.700,3565.6000,853,0,80353500.000,0,-,-,-,-,3562.2000,3561.6000,3550.0000,3546.4000,3542.0000,3567.2000,3568.0000,3568.2000,3570.0000,3570.2000,1,1,5,2,1,3,1,2,1,2
SF,IF2005,2020-03-24 09:31:25.200,3562.2000,854,1,81422160.000,1,1,0,双开,S,3561.6000,3550.0000,3546.4000,3542.0000,3540.0000,3567.0000,3567.2000,3568.0000,3568.2000,3570.0000,1,5,2,1,1,1,3,1,2,1
SF,IF2005,2020-03-24 09:31:25.700,3562.2000,854,0,81422160.000,0,-,-,-,-,3561.6000,3550.0000,3546.4000,3542.0000,3540.0000,3566.2000,3567.0000,3567.2000,3568.0000,3568.2000,1,5,2,1,1,1,3,2,1,2
SF,IF2005,2020-03-24 09:31:26.200,3562.2000,854,0,81422160.000,0,-,-,-,-,3561.8000,3561.6000,3550.0000,3546.4000,3542.0000,3565.8000,3566.0000,3566.2000,3567.0000,3567.2000,1,1,5,2,1,1,1,1,1,2
SF,IF2005,2020-03-24 09:31:26.700,3562.2000,854,0,81422160.000,0,-,-,-,-,3561.8000,3561.6000,3550.0000,3546.4000,3542.0000,3565.6000,3565.8000,3566.2000,3567.0000,3567.2000,1,1,5,2,1,1,1,1,1,2
SF,IF2005,2020-03-24 09:31:27.200,3562.2000,854,0,81422160.000,0,-,-,-,-,3561.8000,3561.6000,3550.0000,3546.4000,3542.0000,3565.6000,3565.8000,3566.2000,3567.0000,3567.2000,1,1,5,2,1,2,1,1,1,2
SF,IF2005,2020-03-24 09:31:27.700,3562.2000,854,0,81422160.000,0,-,-,-,-,3561.8000,3561.6000,3550.0000,3546.4000,3542.0000,3565.6000,3565.8000,3566.2000,3567.0000,3567.2000,1,1,5,2,1,1,1,1,1,2
SF,IF2005,2020-03-24 09:31:28.200,3562.2000,854,0,81422160.000,0,-,-,-,-,3561.6000,3550.0000,3546.4000,3542.0000,3540.0000,3565.6000,3565.8000,3566.2000,3567.0000,3567.2000,1,5,2,1,1,1,1,1,1,2
SF,IF2005,2020-03-24 09:31:28.700,3562.2000,854,0,81422160.000,0,-,-,-,-,3561.6000,3550.0000,3546.4000,3542.0000,3540.0000,3565.0000,3565.4000,3565.6000,3567.0000,3567.2000,1,5,2,1,1,1,1,1,1,2
SF,IF2005,2020-03-24 09:31:29.200,3562.2000,854,0,81422160.000,0,-,-,-,-,3561.6000,3550.0000,3546.4000,3542.0000,3540.0000,3564.8000,3565.0000,3567.0000,3567.2000,3568.0000,1,5,2,1,1,1,1,1,2,1
SF,IF2005,2020-03-24 09:31:29.700,3562.2000,854,0,81422160.000,0,-,-,-,-,3561.8000,3561.6000,3550.0000,3546.4000,3542.0000,3564.8000,3565.0000,3567.0000,3567.2000,3568.0000,1,1,5,2,1,1,1,1,2,1
SF,IF2005,2020-03-24 09:31:30.200,3562.2000,854,0,81422160.000,0,-,-,-,-,3561.8000,3561.6000,3550.0000,3546.4000,3542.0000,3567.0000,3567.2000,3568.0000,3568.2000,3570.2000,2,1,5,2,1,1,2,1,2,2
SF,IF2005,2020-03-24 09:31:30.700,3562.2000,854,0,81422160.000,0,-,-,-,-,3561.8000,3561.6000,3550.0000,3546.4000,3542.0000,3566.8000,3568.2000,3570.2000,3573.2000,3575.0000,2,1,5,2,1,1,2,2,5,5
SF,IF2005,2020-03-24 09:31:31.200,3562.2000,854,0,81422160.000,0,-,-,-,-,3561.8000,3561.6000,3550.0000,3546.4000,3542.0000,3570.2000,3573.2000,3575.0000,3593.4000,3598.0000,2,2,5,2,1,2,5,5,1,1
SF,IF2005,2020-03-24 09:31:31.700,3562.2000,854,0,81422160.000,0,-,-,-,-,3562.0000,3561.8000,3561.6000,3550.0000,3549.0000,3568.2000,3569.4000,3569.8000,3570.0000,3570.2000,1,2,1,5,1,1,1,1,2,3
SF,IF2005,2020-03-24 09:31:32.200,3562.2000,854,0,81422160.000,0,-,-,-,-,3562.2000,3562.0000,3561.6000,3550.0000,3549.0000,3568.0000,3569.0000,3569.4000,3569.8000,3570.0000,2,1,1,5,1,1,1,1,1,2
SF,IF2005,2020-03-24 09:31:32.700,3562.2000,854,0,81422160.000,0,-,-,-,-,3562.2000,3562.0000,3561.6000,3550.0000,3549.0000,3568.0000,3569.0000,3569.4000,3569.8000,3570.0000,2,1,1,5,1,1,1,1,1,1
SF,IF2005,2020-03-24 09:31:33.200,3562.2000,854,0,81422160.000,0,-,-,-,-,3562.4000,3562.2000,3562.0000,3561.6000,3550.0000,3568.0000,3569.0000,3569.8000,3570.0000,3570.2000,2,2,1,1,5,1,1,1,1,3
SF,IF2005,2020-03-24 09:31:33.700,3562.2000,854,0,81422160.000,0,-,-,-,-,3564.8000,3562.6000,3562.4000,3562.0000,3560.0000,3568.0000,3569.0000,3569.8000,3570.0000,3570.2000,1,3,2,2,5,1,1,1,1,3
SF,IF2005,2020-03-24 09:31:34.200,3562.2000,854,0,81422160.000,0,-,-,-,-,3567.0000,3563.6000,3562.8000,3562.6000,3562.0000,3567.8000,3568.0000,3569.0000,3569.8000,3570.0000,1,1,2,3,1,1,1,1,1,1
SF,IF2005,2020-03-24 09:31:34.700,3567.0000,854,0,82492260.000,1,0,1,多换,S,3563.6000,3562.8000,3562.6000,3562.0000,3555.0000,3566.8000,3567.6000,3568.2000,3569.0000,3569.8000,1,2,1,1,5,1,1,1,1,1
SF,IF2005,2020-03-24 09:31:35.200,3567.0000,854,0,82492260.000,0,-,-,-,-,3562.8000,3562.6000,3555.0000,3549.0000,3546.4000,3566.6000,3568.2000,3569.0000,3569.8000,3570.0000,2,1,5,1,2,1,1,1,1,1
SF,IF2005,2020-03-24 09:31:35.700,3567.0000,854,0,82492260.000,0,-,-,-,-,3562.6000,3555.0000,3549.0000,3546.4000,3542.0000,3566.6000,3568.2000,3569.0000,3569.8000,3570.0000,1,5,1,2,1,2,1,1,1,1
SF,IF2005,2020-03-24 09:31:36.200,3567.0000,854,0,82492260.000,0,-,-,-,-,3555.0000,3549.0000,3546.4000,3542.0000,3540.0000,3566.6000,3568.2000,3569.0000,3569.8000,3570.0000,5,1,2,1,1,1,1,1,1,1
SF,IF2005,2020-03-24 09:31:36.700,3567.0000,854,0,82492260.000,0,-,-,-,-,3561.6000,3560.2000,3559.4000,3557.4000,3556.8000,3566.6000,3568.2000,3569.0000,3569.8000,3570.0000,1,1,1,2,3,1,1,1,1,1
SF,IF2005,2020-03-24 09:31:37.200,3567.0000,854,0,82492260.000,0,-,-,-,-,3561.8000,3561.6000,3560.2000,3559.4000,3557.4000,3566.6000,3568.2000,3569.0000,3569.8000,3570.0000,2,1,2,1,2,1,1,1,1,1
SF,IF2005,2020-03-24 09:31:37.700,3567.0000,854,0,82492260.000,0,-,-,-,-,3562.0000,3561.8000,3561.6000,3559.4000,3557.4000,3568.2000,3569.0000,3569.8000,3570.0000,3570.2000,1,2,1,1,2,1,1,1,1,2
SF,IF2005,2020-03-24 09:31:38.200,3567.0000,854,0,82492260.000,0,-,-,-,-,3564.8000,3562.6000,3562.4000,3562.2000,3562.0000,3568.0000,3569.0000,3569.8000,3570.0000,3570.2000,1,1,2,4,2,1,1,1,1,2
SF,IF2005,2020-03-24 09:31:38.700,3567.0000,854,0,82492260.000,0,-,-,-,-,3564.8000,3562.6000,3562.4000,3562.2000,3562.0000,3568.0000,3569.0000,3569.8000,3570.0000,3570.2000,1,1,2,4,3,1,1,1,1,2
SF,IF2005,2020-03-24 09:31:39.200,3567.0000,854,0,82492260.000,0,-,-,-,-,3565.0000,3564.8000,3562.6000,3562.4000,3562.2000,3569.0000,3570.2000,3573.2000,3580.0000,3593.4000,2,1,1,2,2,1,2,5,5,1
SF,IF2005,2020-03-24 09:31:39.700,3567.0000,854,0,82492260.000,0,-,-,-,-,3565.0000,3564.8000,3562.6000,3562.4000,3562.2000,3568.8000,3569.0000,3570.2000,3573.2000,3580.0000,2,1,1,2,2,1,1,2,5,5
SF,IF2005,2020-03-24 09:31:40.200,3567.0000,854,0,82492260.000,0,-,-,-,-,3565.0000,3564.8000,3562.6000,3562.4000,3562.2000,3569.0000,3570.2000,3573.2000,3580.0000,3593.4000,2,1,1,2,2,1,2,5,5,1
SF,IF2005,2020-03-24 09:31:40.700,3567.0000,854,0,82492260.000,0,-,-,-,-,3565.0000,3564.8000,3562.6000,3562.2000,3562.0000,3568.8000,3569.0000,3570.2000,3573.2000,3580.0000,2,1,1,2,1,1,1,2,5,5
SF,IF2005,2020-03-24 09:31:41.200,3567.0000,854,0,82492260.000,0,-,-,-,-,3565.0000,3564.8000,3562.6000,3562.2000,3562.0000,3569.0000,3570.2000,3573.2000,3580.0000,3585.0000,2,1,1,2,1,1,2,5,5,4
SF,IF2005,2020-03-24 09:31:41.700,3567.0000,854,0,82492260.000,0,-,-,-,-,3565.0000,3564.8000,3562.6000,3562.2000,3562.0000,3568.8000,3569.0000,3570.2000,3573.2000,3580.0000,1,1,1,2,1,1,1,2,5,5
SF,IF2005,2020-03-24 09:31:42.200,3567.0000,854,0,82492260.000,0,-,-,-,-,3565.0000,3564.8000,3562.6000,3562.2000,3562.0000,3568.8000,3569.0000,3570.2000,3573.2000,3580.0000,1,1,1,2,1,2,1,2,5,5
SF,IF2005,2020-03-24 09:31:42.700,3567.0000,854,0,82492260.000,0,-,-,-,-,3565.2000,3565.0000,3564.8000,3562.6000,3562.2000,3568.8000,3569.0000,3570.2000,3573.2000,3580.0000,1,1,1,1,2,2,1,2,5,5
SF,IF2005,2020-03-24 09:31:43.200,3567.0000,854,0,82492260.000,0,-,-,-,-,3565.4000,3564.8000,3562.6000,3562.2000,3562.0000,3568.8000,3569.0000,3570.2000,3573.2000,3575.0000,1,1,1,2,1,2,1,2,5,1
SF,IF2005,2020-03-24 09:31:43.700,3567.0000,854,0,82492260.000,0,-,-,-,-,3564.8000,3562.6000,3562.2000,3562.0000,3557.4000,3568.6000,3568.8000,3569.0000,3570.2000,3573.2000,1,1,2,1,1,1,2,1,2,5
SF,IF2005,2020-03-24 09:31:44.200,3568.4000,855,1,83562780.000,1,1,0,双开,S,3565.0000,3564.8000,3562.6000,3562.2000,3562.0000,3568.8000,3569.0000,3570.2000,3573.2000,3575.0000,2,1,1,2,1,1,1,2,5,1
SF,IF2005,2020-03-24 09:31:44.700,3568.4000,855,0,83562780.000,0,-,-,-,-,3565.0000,3564.8000,3562.6000,3562.2000,3562.0000,3568.8000,3569.0000,3570.2000,3573.2000,3575.0000,2,1,1,2,1,1,1,2,5,1
SF,IF2005,2020-03-24 09:31:45.200,3568.8000,856,1,84633420.000,1,1,0,双开,S,3565.0000,3564.8000,3562.6000,3562.2000,3562.0000,3569.0000,3570.2000,3573.2000,3575.0000,3580.0000,2,1,1,2,1,1,2,5,1,5
SF,IF2005,2020-03-24 09:31:45.700,3569.0000,855,-1,85704120.000,1,0,1,双平,S,3565.6000,3565.0000,3564.8000,3562.6000,3562.2000,3570.2000,3573.2000,3575.0000,3580.0000,3585.0000,1,1,1,1,1,2,5,1,5,4
SF,IF2005,2020-03-24 09:31:46.200,3569.0000,855,0,85704120.000,0,-,-,-,-,3568.0000,3565.8000,3565.6000,3562.6000,3562.2000,3570.2000,3573.2000,3575.0000,3580.0000,3585.0000,1,2,1,1,1,2,5,1,5,4
SF,IF2005,2020-03-24 09:31:46.700,3570.2000,854,-1,86775180.000,1,0,1,双平,S,3566.2000,3565.8000,3565.6000,3562.2000,3562.0000,3568.6000,3570.2000,3573.2000,3575.0000,3580.0000,1,2,2,1,1,1,1,5,1,5
SF,IF2005,2020-03-24 09:31:47.200,3570.2000,852,-2,88917300.000,2,0,2,双平,S,3568.0000,3566.4000,3566.2000,3565.6000,3562.2000,3573.2000,3575.0000,3580.0000,3585.0000,3593.4000,1,1,1,2,1,5,1,5,4,1
SF,IF2005,2020-03-24 09:31:47.700,3570.2000,852,0,88917300.000,0,-,-,-,-,3570.2000,3568.2000,3568.0000,3566.2000,3565.6000,3573.2000,3575.0000,3580.0000,3585.0000,3593.4000,1,1,1,1,1,6,1,5,4,1
SF,IF2005,2020-03-24 09:31:48.200,3570.2000,852,0,89988360.000,1,0,1,多换,S,3568.2000,3568.0000,3566.2000,3565.6000,3562.2000,3573.0000,3573.2000,3575.0000,3580.0000,3585.0000,3,1,1,1,1,1,6,1,5,4
SF,IF2005,2020-03-24 09:31:48.700,3570.2000,852,0,89988360.000,0,-,-,-,-,3568.4000,3568.2000,3568.0000,3566.2000,3565.6000,3572.2000,3573.2000,3575.0000,3580.0000,3585.0000,1,3,1,1,1,1,6,1,5,4
SF,IF2005,2020-03-24 09:31:49.200,3570.2000,852,0,89988360.000,0,-,-,-,-,3568.6000,3568.4000,3568.0000,3566.2000,3562.2000,3572.2000,3573.2000,3575.0000,3578.0000,3580.0000,1,1,1,1,1,1,6,1,2,5
SF,IF2005,2020-03-24 09:31:49.700,3570.2000,852,0,89988360.000,0,-,-,-,-,3568.8000,3568.6000,3568.0000,3566.2000,3565.0000,3572.2000,3573.2000,3575.0000,3578.0000,3580.0000,1,1,1,1,5,1,5,1,2,5
SF,IF2005,2020-03-24 09:31:50.200,3570.2000,852,0,89988360.000,0,-,-,-,-,3569.0000,3568.8000,3568.0000,3566.2000,3565.0000,3572.2000,3573.2000,3575.0000,3578.0000,3580.0000,1,1,1,1,5,1,5,1,2,5
SF,IF2005,2020-03-24 09:31:50.700,3570.2000,852,0,89988360.000,0,-,-,-,-,3569.2000,3569.0000,3568.0000,3566.2000,3565.0000,3572.2000,3573.2000,3575.0000,3578.0000,3580.0000,1,2,1,1,5,1,5,1,2,5
SF,IF2005,2020-03-24 09:31:51.200,3570.2000,852,0,89988360.000,0,-,-,-,-,3569.4000,3569.2000,3569.0000,3568.0000,3566.2000,3573.2000,3575.0000,3578.0000,3580.0000,3585.0000,1,1,1,1,1,5,1,2,5,4
SF,IF2005,2020-03-24 09:31:51.700,3570.2000,852,0,89988360.000,0,-,-,-,-,3569.6000,3569.4000,3569.0000,3568.0000,3566.2000,3573.2000,3575.0000,3578.0000,3585.0000,3593.4000,1,1,1,1,1,5,1,2,9,1
SF,IF2005,2020-03-24 09:31:52.200,3570.2000,852,0,89988360.000,0,-,-,-,-,3572.2000,3569.8000,3569.6000,3569.0000,3568.0000,3573.2000,3575.0000,3585.0000,3593.4000,3598.0000,1,1,1,1,1,5,1,9,1,1
SF,IF2005,2020-03-24 09:31:52.700,3572.0000,852,0,92131560.000,2,1,1,多换,S,3572.2000,3569.8000,3569.6000,3569.0000,3568.0000,3573.2000,3575.0000,3585.0000,3593.4000,3598.0000,1,1,1,1,1,5,1,9,1,1
SF,IF2005,2020-03-24 09:31:53.200,3572.2000,851,-1,93203220.000,1,0,1,双平,S,3569.8000,3569.6000,3569.0000,3568.0000,3565.0000,3573.2000,3575.0000,3585.0000,3593.4000,3598.0000,1,1,1,1,5,5,1,9,1,1
SF,IF2005,2020-03-24 09:31:53.700,3573.2000,847,-4,97491060.000,4,0,4,双平,S,3570.0000,3569.8000,3569.0000,3568.0000,3565.0000,3573.2000,3575.0000,3585.0000,3593.4000,3598.0000,1,1,1,1,5,1,1,9,1,1
SF,IF2005,2020-03-24 09:31:54.200,3573.2000,847,0,97491060.000,0,-,-,-,-,3570.2000,3570.0000,3569.0000,3568.0000,3565.0000,3573.2000,3575.0000,3585.0000,3593.4000,3598.0000,1,1,1,1,5,2,1,9,1,1
SF,IF2005,2020-03-24 09:31:54.700,3573.2000,847,0,97491060.000,0,-,-,-,-,3570.4000,3570.2000,3569.0000,3568.0000,3565.0000,3573.2000,3575.0000,3585.0000,3593.4000,3594.2000,1,1,1,1,5,2,1,9,1,3
SF,IF2005,2020-03-24 09:31:55.200,3573.2000,847,0,97491060.000,0,-,-,-,-,3570.4000,3570.2000,3569.0000,3568.0000,3565.0000,3573.0000,3573.2000,3575.0000,3585.0000,3593.4000,1,1,1,1,5,1,2,1,9,1
SF,IF2005,2020-03-24 09:31:55.700,3573.2000,847,0,97491060.000,0,-,-,-,-,3570.4000,3570.2000,3568.0000,3565.0000,3562.2000,3573.0000,3573.2000,3575.0000,3585.0000,3593.4000,1,1,1,5,1,2,2,1,9,1
SF,IF2005,2020-03-24 09:31:56.200,3573.2000,847,0,97491060.000,0,-,-,-,-,3571.2000,3570.6000,3570.4000,3565.0000,3562.2000,3573.0000,3573.2000,3575.0000,3585.0000,3593.4000,1,2,1,5,1,1,2,1,9,1
SF,IF2005,2020-03-24 09:31:56.700,3573.2000,847,0,97491060.000,0,-,-,-,-,3570.6000,3570.4000,3565.0000,3562.2000,3555.2000,3573.2000,3575.0000,3585.0000,3593.4000,3594.2000,2,1,5,1,1,2,1,9,1,3
SF,IF2005,2020-03-24 09:31:57.200,3573.2000,847,0,97491060.000,0,-,-,-,-,3565.0000,3562.2000,3555.2000,3554.2000,3549.0000,3572.8000,3573.2000,3575.0000,3585.0000,3593.4000,5,1,1,4,1,1,2,1,9,1
SF,IF2005,2020-03-24 09:31:57.700,3573.2000,847,0,97491060.000,0,-,-,-,-,3568.0000,3566.4000,3565.2000,3560.0000,3555.2000,3573.2000,3575.0000,3585.0000,3593.4000,3594.2000,1,1,3,5,1,2,1,9,1,3
SF,IF2005,2020-03-24 09:31:58.200,3573.2000,847,0,97491060.000,0,-,-,-,-,3568.2000,3568.0000,3566.4000,3565.8000,3565.2000,3573.0000,3573.2000,3575.0000,3585.0000,3593.4000,2,1,1,1,3,1,2,1,9,1
SF,IF2005,2020-03-24 09:31:58.700,3573.2000,847,0,97491060.000,0,-,-,-,-,3568.2000,3568.0000,3566.4000,3565.2000,3560.0000,3572.4000,3573.0000,3573.2000,3575.0000,3585.0000,2,1,1,2,5,2,3,2,1,9
SF,IF2005,2020-03-24 09:31:59.200,3573.2000,847,0,97491060.000,0,-,-,-,-,3568.2000,3568.0000,3566.4000,3565.2000,3560.0000,3572.4000,3573.0000,3573.2000,3575.0000,3585.0000,2,1,1,2,5,1,2,2,1,9
SF,IF2005,2020-03-24 09:31:59.700,3573.2000,847,0,97491060.000,0,-,-,-,-,3568.2000,3568.0000,3566.4000,3565.2000,3560.0000,3572.4000,3573.0000,3573.2000,3575.0000,3585.0000,1,1,1,2,5,2,1,2,1,9
SF,IF2005,2020-03-24 09:32:00.200,3573.2000,847,0,97491060.000,0,-,-,-,-,3568.4000,3568.2000,3568.0000,3566.4000,3565.2000,3572.2000,3572.4000,3573.0000,3573.2000,3575.0000,1,1,1,1,2,1,1,1,2,1
SF,IF2005,2020-03-24 09:32:00.700,3573.2000,847,0,97491060.000,0,-,-,-,-,3568.6000,3568.4000,3568.0000,3566.4000,3565.2000,3572.0000,3572.4000,3573.0000,3573.2000,3575.0000,2,1,1,1,2,1,1,1,2,1
SF,IF2005,2020-03-24 09:32:01.200,3573.2000,847,0,97491060.000,0,-,-,-,-,3568.8000,3568.6000,3568.0000,3566.4000,3565.2000,3572.0000,3572.4000,3573.0000,3573.2000,3575.0000,1,2,1,1,2,1,1,1,2,1
SF,IF2005,2020-03-24 09:32:02.200,3573.2000,847,0,97491060.000,0,-,-,-,-,3569.0000,3568.8000,3568.6000,3568.0000,3566.4000,3572.0000,3572.4000,3573.0000,3573.2000,3575.0000,1,1,1,1,1,1,1,1,2,1
SF,IF2005,2020-03-24 09:32:02.700,3573.2000,847,0,97491060.000,0,-,-,-,-,3569.2000,3569.0000,3568.6000,3568.0000,3566.4000,3571.8000,3572.0000,3572.4000,3573.0000,3573.2000,1,1,1,1,1,1,1,1,2,2
SF,IF2005,2020-03-24 09:32:03.200,3573.2000,847,0,97491060.000,0,-,-,-,-,3569.4000,3569.2000,3568.6000,3568.0000,3566.4000,3572.4000,3573.2000,3575.0000,3577.8000,3585.0000,1,1,1,1,1,1,2,1,1,5
SF,IF2005,2020-03-24 09:32:03.700,3573.2000,847,0,97491060.000,0,-,-,-,-,3569.6000,3569.4000,3568.6000,3568.0000,3566.4000,3572.4000,3573.2000,3575.0000,3577.8000,3585.0000,1,1,1,1,1,1,2,1,1,5
SF,IF2005,2020-03-24 09:32:04.200,3572.4000,847,0,98562780.000,1,0,1,多换,S,3569.8000,3569.6000,3568.6000,3568.0000,3566.4000,3573.2000,3575.0000,3577.8000,3585.0000,3593.4000,1,1,1,1,1,2,1,1,5,1
SF,IF2005,2020-03-24 09:32:04.700,3572.4000,847,0,98562780.000,0,-,-,-,-,3571.2000,3570.0000,3569.8000,3568.6000,3566.4000,3573.2000,3575.0000,3577.8000,3585.0000,3593.4000,1,1,1,1,1,2,1,1,5,1
SF,IF2005,2020-03-24 09:32:05.200,3573.2000,845,-2,100706700.000,2,0,2,双平,S,3571.4000,3571.2000,3569.8000,3568.6000,3566.4000,3575.0000,3577.8000,3585.0000,3593.4000,3594.2000,1,1,1,1,1,1,1,5,1,3
SF,IF2005,2020-03-24 09:32:05.700,3573.2000,845,0,100706700.000,0,-,-,-,-,3571.4000,3571.2000,3568.6000,3566.4000,3565.2000,3575.0000,3577.8000,3585.0000,3593.4000,3594.2000,2,1,1,1,2,1,1,5,1,3
SF,IF2005,2020-03-24 09:32:06.200,3573.2000,845,0,100706700.000,0,-,-,-,-,3571.4000,3571.2000,3568.6000,3566.4000,3565.2000,3575.0000,3577.8000,3585.0000,3593.4000,3594.2000,2,1,1,1,2,1,1,5,1,3
SF,IF2005,2020-03-24 09:32:06.700,3575.0000,844,-1,101779200.000,1,0,1,双平,S,3571.4000,3571.2000,3568.6000,3566.4000,3565.2000,3585.0000,3593.4000,3594.2000,3598.0000,3614.0000,2,1,1,1,2,5,1,3,1,7
SF,IF2005,2020-03-24 09:32:07.200,3575.0000,844,0,101779200.000,0,-,-,-,-,3572.0000,3571.6000,3571.4000,3571.2000,3568.6000,3577.6000,3577.8000,3578.4000,3579.6000,3582.8000,1,1,2,1,1,2,1,1,2,1
SF,IF2005,2020-03-24 09:32:07.700,3575.0000,844,0,101779200.000,0,-,-,-,-,3572.2000,3572.0000,3571.6000,3571.2000,3568.6000,3577.6000,3578.4000,3579.6000,3582.8000,3583.8000,2,1,1,1,1,3,1,2,1,1
SF,IF2005,2020-03-24 09:32:08.200,3575.0000,844,0,101779200.000,0,-,-,-,-,3572.4000,3572.2000,3572.0000,3571.6000,3571.2000,3579.6000,3582.2000,3583.8000,3584.8000,3585.0000,1,2,1,1,1,2,1,1,2,6
SF,IF2005,2020-03-24 09:32:08.700,3575.0000,844,0,101779200.000,0,-,-,-,-,3574.4000,3572.6000,3572.4000,3572.0000,3568.6000,3579.2000,3579.4000,3579.6000,3582.2000,3583.0000,1,3,1,2,1,1,1,3,1,1
SF,IF2005,2020-03-24 09:32:09.200,3575.0000,844,0,101779200.000,0,-,-,-,-,3572.6000,3572.4000,3572.0000,3566.4000,3565.2000,3578.4000,3579.2000,3579.6000,3581.8000,3582.0000,3,1,1,1,1,1,2,2,1,1
SF,IF2005,2020-03-24 09:32:09.700,3575.0000,844,0,101779200.000,0,-,-,-,-,3572.6000,3572.4000,3572.0000,3566.4000,3565.2000,3578.4000,3579.0000,3579.2000,3579.6000,3581.8000,3,1,1,1,1,2,1,1,2,1
SF,IF2005,2020-03-24 09:32:10.200,3575.0000,844,0,101779200.000,0,-,-,-,-,3574.4000,3572.8000,3572.6000,3572.4000,3572.0000,3578.2000,3578.4000,3578.6000,3579.0000,3579.6000,1,2,3,1,1,1,1,1,1,2
SF,IF2005,2020-03-24 09:32:10.700,3575.0000,844,0,101779200.000,0,-,-,-,-,3574.6000,3574.4000,3572.8000,3572.6000,3572.4000,3578.4000,3579.0000,3579.6000,3581.8000,3582.0000,2,1,2,1,1,1,1,2,1,1
SF,IF2005,2020-03-24 09:32:11.200,3575.0000,844,0,101779200.000,0,-,-,-,-,3574.6000,3574.4000,3572.8000,3572.6000,3572.4000,3581.8000,3582.0000,3583.0000,3583.8000,3585.0000,2,1,2,1,1,1,1,1,1,1
SF,IF2005,2020-03-24 09:32:11.700,3575.0000,844,0,101779200.000,0,-,-,-,-,3574.8000,3574.6000,3574.4000,3572.8000,3572.4000,3581.4000,3581.8000,3582.0000,3583.0000,3583.8000,1,2,1,2,1,1,2,1,1,1
SF,IF2005,2020-03-24 09:32:12.200,3575.0000,844,0,101779200.000,0,-,-,-,-,3575.4000,3575.0000,3574.8000,3574.4000,3572.8000,3581.4000,3581.6000,3581.8000,3582.0000,3583.0000,1,2,1,1,2,2,2,1,1,1
SF,IF2005,2020-03-24 09:32:12.700,3575.0000,844,0,101779200.000,0,-,-,-,-,3575.6000,3575.0000,3574.4000,3572.8000,3572.4000,3579.6000,3580.2000,3581.2000,3581.4000,3581.6000,2,1,1,2,1,2,1,1,2,1
SF,IF2005,2020-03-24 09:32:13.200,3581.4000,845,1,105002400.000,3,2,1,空开,S,3575.6000,3574.4000,3572.8000,3572.4000,3572.0000,3580.6000,3581.0000,3581.6000,3581.8000,3582.0000,2,1,2,1,1,1,1,1,1,1
SF,IF2005,2020-03-24 09:32:13.700,3581.4000,845,0,105002400.000,0,-,-,-,-,3576.8000,3575.6000,3574.4000,3572.4000,3572.0000,3579.4000,3580.6000,3581.6000,3581.8000,3582.0000,1,1,1,1,1,1,1,1,1,1
SF,IF2005,2020-03-24 09:32:14.200,3581.4000,845,0,105002400.000,0,-,-,-,-,3577.0000,3576.0000,3575.6000,3574.4000,3572.4000,3580.6000,3581.6000,3581.8000,3582.0000,3583.0000,1,1,1,1,1,1,1,1,1,1
SF,IF2005,2020-03-24 09:32:14.700,3581.4000,845,0,105002400.000,0,-,-,-,-,3577.0000,3576.0000,3575.6000,3574.4000,3572.4000,3580.6000,3581.6000,3581.8000,3582.0000,3583.0000,1,1,1,1,1,1,1,1,2,1
SF,IF2005,2020-03-24 09:32:15.200,3581.4000,845,0,105002400.000,0,-,-,-,-,3577.2000,3577.0000,3576.0000,3575.6000,3574.4000,3580.4000,3580.6000,3581.0000,3581.6000,3581.8000,1,1,1,1,1,1,1,1,1,1
SF,IF2005,2020-03-24 09:32:15.700,3581.4000,845,0,105002400.000,0,-,-,-,-,3577.0000,3576.0000,3575.6000,3574.4000,3572.4000,3579.6000,3580.2000,3581.0000,3581.6000,3582.0000,1,1,1,1,1,1,1,1,1,2
SF,IF2005,2020-03-24 09:32:16.200,3581.4000,845,0,105002400.000,0,-,-,-,-,3577.0000,3576.0000,3575.6000,3574.4000,3572.4000,3579.6000,3580.2000,3581.0000,3581.6000,3582.0000,1,1,1,1,1,1,1,2,1,1
SF,IF2005,2020-03-24 09:32:16.700,3581.4000,845,0,105002400.000,0,-,-,-,-,3577.0000,3576.0000,3575.6000,3574.4000,3572.4000,3579.4000,3581.0000,3581.6000,3583.8000,3585.0000,1,1,1,1,1,1,2,1,1,1
SF,IF2005,2020-03-24 09:32:17.200,3581.4000,845,0,105002400.000,0,-,-,-,-,3577.0000,3576.0000,3575.6000,3574.4000,3572.4000,3580.2000,3580.8000,3581.0000,3581.6000,3583.8000,1,1,1,1,1,1,1,2,1,1
SF,IF2005,2020-03-24 09:32:17.700,3581.4000,845,0,105002400.000,0,-,-,-,-,3576.0000,3575.6000,3574.4000,3572.4000,3572.0000,3580.2000,3580.8000,3581.0000,3581.6000,3583.8000,1,1,1,1,1,2,1,2,1,1
SF,IF2005,2020-03-24 09:32:18.200,3581.4000,845,0,105002400.000,0,-,-,-,-,3576.0000,3575.6000,3574.4000,3572.4000,3572.0000,3580.0000,3580.2000,3581.0000,3581.6000,3582.0000,1,1,1,1,1,1,2,2,1,1
SF,IF2005,2020-03-24 09:32:18.700,3581.4000,845,0,105002400.000,0,-,-,-,-,3576.2000,3576.0000,3574.4000,3572.4000,3572.0000,3580.2000,3581.0000,3581.6000,3582.0000,3583.8000,3,1,1,1,1,1,2,1,1,1
SF,IF2005,2020-03-24 09:32:19.200,3581.4000,845,0,105002400.000,0,-,-,-,-,3576.2000,3576.0000,3574.4000,3572.4000,3572.0000,3579.6000,3579.8000,3580.2000,3581.0000,3581.6000,1,1,1,1,1,2,1,2,3,1
SF,IF2005,2020-03-24 09:32:19.700,3581.4000,845,0,105002400.000,0,-,-,-,-,3576.2000,3576.0000,3574.4000,3572.4000,3572.0000,3579.8000,3580.0000,3580.2000,3580.4000,3581.0000,1,1,1,1,1,1,1,2,1,5
SF,IF2005,2020-03-24 09:32:20.200,3581.4000,845,0,105002400.000,0,-,-,-,-,3574.4000,3572.4000,3572.0000,3570.0000,3565.2000,3579.6000,3579.8000,3580.2000,3581.0000,3581.6000,1,1,1,5,1,3,1,2,5,1
SF,IF2005,2020-03-24 09:32:20.700,3581.4000,845,0,105002400.000,0,-,-,-,-,3575.6000,3574.6000,3574.4000,3572.4000,3572.0000,3579.4000,3579.6000,3579.8000,3580.2000,3581.0000,1,2,1,1,1,1,2,1,2,5
SF,IF2005,2020-03-24 09:32:21.200,3581.4000,845,0,105002400.000,0,-,-,-,-,3575.8000,3575.6000,3574.6000,3574.4000,3572.4000,3578.6000,3579.4000,3579.6000,3579.8000,3580.2000,1,1,2,1,1,1,2,3,1,2
SF,IF2005,2020-03-24 09:32:21.700,3581.4000,845,0,105002400.000,0,-,-,-,-,3575.8000,3575.6000,3574.6000,3574.4000,3572.4000,3578.6000,3579.4000,3579.6000,3579.8000,3580.2000,1,1,2,1,1,1,1,3,1,2
SF,IF2005,2020-03-24 09:32:22.200,3581.4000,845,0,105002400.000,0,-,-,-,-,3576.0000,3575.8000,3575.6000,3574.6000,3574.4000,3578.0000,3578.6000,3579.4000,3579.6000,3580.2000,1,1,1,1,1,1,1,1,1,2
SF,IF2005,2020-03-24 09:32:22.700,3581.4000,845,0,105002400.000,0,-,-,-,-,3576.0000,3575.8000,3574.4000,3572.4000,3572.0000,3578.0000,3579.6000,3581.0000,3581.6000,3583.8000,2,1,1,1,1,1,1,5,1,1
SF,IF2005,2020-03-24 09:32:23.200,3578.0000,844,-1,106075800.000,1,0,1,双平,S,3576.0000,3575.8000,3574.4000,3572.4000,3572.0000,3579.6000,3581.0000,3581.6000,3583.8000,3585.0000,1,1,1,1,1,1,5,1,1,1
SF,IF2005,2020-03-24 09:32:23.700,3578.0000,844,0,106075800.000,0,-,-,-,-,3576.0000,3575.8000,3574.4000,3572.4000,3572.0000,3579.6000,3581.0000,3581.6000,3583.8000,3584.2000,1,1,1,1,1,2,4,1,1,1
SF,IF2005,2020-03-24 09:32:24.200,3578.0000,844,0,106075800.000,0,-,-,-,-,3575.8000,3572.4000,3572.0000,3570.0000,3565.2000,3579.4000,3579.6000,3581.0000,3581.6000,3583.8000,1,1,1,5,1,1,3,5,1,1
SF,IF2005,2020-03-24 09:32:24.700,3578.0000,844,0,106075800.000,0,-,-,-,-,3575.8000,3572.4000,3572.0000,3570.0000,3565.2000,3578.8000,3579.6000,3581.0000,3581.6000,3583.8000,1,1,1,5,1,1,3,5,1,1
SF,IF2005,2020-03-24 09:32:25.200,3578.0000,844,0,106075800.000,0,-,-,-,-,3575.8000,3572.4000,3572.0000,3570.0000,3565.2000,3578.8000,3579.6000,3581.0000,3581.6000,3583.8000,1,1,1,5,1,1,3,5,1,1
SF,IF2005,2020-03-24 09:32:25.700,3578.0000,844,0,106075800.000,0,-,-,-,-,3575.8000,3572.4000,3572.0000,3570.0000,3565.2000,3578.6000,3578.8000,3579.6000,3581.0000,3581.6000,1,1,1,5,1,2,1,3,5,1
SF,IF2005,2020-03-24 09:32:26.200,3578.0000,844,0,106075800.000,0,-,-,-,-,3575.8000,3572.4000,3572.0000,3570.0000,3565.2000,3578.6000,3578.8000,3579.6000,3581.0000,3581.6000,1,1,1,5,1,1,1,3,5,1
SF,IF2005,2020-03-24 09:32:26.700,3578.0000,844,0,106075800.000,0,-,-,-,-,3575.8000,3572.4000,3572.0000,3565.2000,3565.0000,3578.6000,3578.8000,3579.6000,3581.0000,3581.6000,1,1,1,1,5,1,1,3,5,1
SF,IF2005,2020-03-24 09:32:27.200,3578.0000,844,0,106075800.000,0,-,-,-,-,3575.8000,3572.4000,3572.0000,3565.2000,3565.0000,3578.2000,3578.4000,3578.6000,3578.8000,3579.6000,1,1,1,1,5,1,2,1,1,2
SF,IF2005,2020-03-24 09:32:27.700,3578.0000,844,0,106075800.000,0,-,-,-,-,3575.8000,3572.4000,3572.0000,3565.2000,3565.0000,3578.2000,3578.4000,3579.6000,3581.0000,3581.6000,1,1,1,1,5,1,1,1,3,1
SF,IF2005,2020-03-24 09:32:28.200,3578.0000,844,0,106075800.000,0,-,-,-,-,3575.8000,3572.4000,3572.0000,3565.2000,3565.0000,3578.4000,3579.4000,3579.6000,3581.0000,3581.6000,1,1,1,1,5,1,1,1,3,1
SF,IF2005,2020-03-24 09:32:28.700,3578.0000,844,0,106075800.000,0,-,-,-,-,3575.8000,3572.4000,3572.0000,3565.2000,3565.0000,3578.4000,3579.4000,3581.0000,3581.6000,3583.8000,1,1,1,1,5,1,1,3,1,1
SF,IF2005,2020-03-24 09:32:29.200,3578.0000,844,0,106075800.000,0,-,-,-,-,3576.6000,3576.0000,3575.8000,3572.4000,3565.2000,3578.2000,3581.0000,3581.6000,3583.8000,3584.2000,1,1,1,1,1,1,2,1,1,1
SF,IF2005,2020-03-24 09:32:29.700,3578.2000,845,1,107149260.000,1,1,0,双开,S,3576.8000,3576.6000,3575.8000,3572.4000,3565.2000,3580.6000,3581.0000,3581.6000,3583.8000,3584.2000,1,1,1,1,1,1,2,1,1,1
SF,IF2005,2020-03-24 09:32:30.200,3578.2000,845,0,107149260.000,0,-,-,-,-,3576.8000,3576.6000,3575.8000,3572.4000,3565.2000,3580.6000,3581.0000,3581.6000,3583.8000,3584.2000,1,1,1,1,1,1,2,1,1,1
SF,IF2005,2020-03-24 09:32:30.700,3578.2000,845,0,107149260.000,0,-,-,-,-,3576.8000,3575.8000,3572.4000,3565.2000,3565.0000,3580.6000,3581.6000,3583.8000,3584.2000,3585.0000,1,1,1,1,5,1,1,1,1,1
SF,IF2005,2020-03-24 09:32:31.200,3578.2000,845,0,107149260.000,0,-,-,-,-,3577.2000,3576.8000,3575.8000,3572.4000,3565.2000,3581.6000,3582.2000,3583.8000,3584.2000,3585.0000,1,1,1,1,1,1,1,1,1,1
SF,IF2005,2020-03-24 09:32:31.700,3578.2000,845,0,107149260.000,0,-,-,-,-,3577.4000,3577.2000,3572.4000,3565.2000,3565.0000,3581.6000,3582.2000,3583.8000,3584.2000,3585.0000,1,1,1,1,5,1,1,1,1,1
SF,IF2005,2020-03-24 09:32:32.200,3578.2000,845,0,107149260.000,0,-,-,-,-,3577.4000,3577.2000,3572.4000,3565.2000,3565.0000,3581.4000,3581.6000,3582.2000,3583.8000,3585.0000,1,1,1,1,5,1,1,1,1,1
SF,IF2005,2020-03-24 09:32:32.700,3578.2000,845,0,107149260.000,0,-,-,-,-,3577.2000,3572.4000,3565.2000,3565.0000,3555.2000,3580.2000,3581.4000,3581.6000,3582.2000,3583.8000,1,1,1,5,1,1,1,1,1,1
SF,IF2005,2020-03-24 09:32:33.200,3578.2000,845,0,107149260.000,0,-,-,-,-,3577.2000,3572.4000,3565.2000,3565.0000,3555.2000,3580.2000,3581.0000,3581.4000,3581.6000,3583.8000,1,1,1,5,1,1,2,1,1,1
SF,IF2005,2020-03-24 09:32:33.700,3577.2000,845,0,108222420.000,1,0,1,多换,S,3572.4000,3565.2000,3565.0000,3555.2000,3548.0000,3579.6000,3580.0000,3580.2000,3581.0000,3581.6000,1,1,5,1,1,1,1,1,2,1
SF,IF2005,2020-03-24 09:32:34.200,3577.2000,845,0,108222420.000,0,-,-,-,-,3574.4000,3573.6000,3572.6000,3572.4000,3565.2000,3579.6000,3580.0000,3580.2000,3581.0000,3581.6000,1,1,3,1,1,1,2,1,2,1
SF,IF2005,2020-03-24 09:32:34.700,3577.2000,845,0,108222420.000,0,-,-,-,-,3572.6000,3572.4000,3565.2000,3565.0000,3555.2000,3578.4000,3579.6000,3580.0000,3580.2000,3581.0000,3,1,1,5,1,1,2,2,1,2
SF,IF2005,2020-03-24 09:32:35.200,3577.2000,845,0,108222420.000,0,-,-,-,-,3572.6000,3572.4000,3565.2000,3565.0000,3555.2000,3578.4000,3578.8000,3579.6000,3580.0000,3580.2000,3,1,1,5,1,1,1,2,2,1
SF,IF2005,2020-03-24 09:32:35.700,3577.2000,845,0,108222420.000,0,-,-,-,-,3572.6000,3572.4000,3565.2000,3565.0000,3555.2000,3577.6000,3578.4000,3578.8000,3579.6000,3580.0000,3,1,1,5,1,2,1,1,2,2
SF,IF2005,2020-03-24 09:32:36.200,3577.2000,845,0,108222420.000,0,-,-,-,-,3572.6000,3572.4000,3565.2000,3565.0000,3555.2000,3577.0000,3578.4000,3578.8000,3579.6000,3580.0000,2,1,1,5,1,1,1,1,2,2
SF,IF2005,2020-03-24 09:32:36.700,3577.2000,845,0,108222420.000,0,-,-,-,-,3572.6000,3565.2000,3565.0000,3555.2000,3548.0000,3577.0000,3577.6000,3578.4000,3578.8000,3579.6000,2,1,5,1,1,1,2,1,1,2
SF,IF2005,2020-03-24 09:32:37.200,3577.2000,845,0,108222420.000,0,-,-,-,-,3572.6000,3565.2000,3565.0000,3548.0000,3546.4000,3577.0000,3578.8000,3579.6000,3580.0000,3581.0000,2,1,5,1,2,1,1,2,1,2
SF,IF2005,2020-03-24 09:32:37.700,3577.2000,845,0,108222420.000,0,-,-,-,-,3572.8000,3572.6000,3565.2000,3565.0000,3548.0000,3577.0000,3578.8000,3579.6000,3580.0000,3581.0000,1,2,1,5,1,1,1,2,1,2
SF,IF2005,2020-03-24 09:32:38.200,3577.2000,845,0,108222420.000,0,-,-,-,-,3573.0000,3572.8000,3565.2000,3565.0000,3548.0000,3577.0000,3578.8000,3579.6000,3580.0000,3581.0000,2,1,1,5,1,1,1,2,1,1
SF,IF2005,2020-03-24 09:32:39.200,3577.2000,845,0,108222420.000,0,-,-,-,-,3574.4000,3573.0000,3565.2000,3565.0000,3548.0000,3577.0000,3578.8000,3579.6000,3580.0000,3581.0000,1,2,1,5,1,1,1,2,1,1
SF,IF2005,2020-03-24 09:32:39.700,3577.2000,845,0,108222420.000,0,-,-,-,-,3573.0000,3565.2000,3565.0000,3548.0000,3546.4000,3578.8000,3579.6000,3580.0000,3581.0000,3583.8000,2,1,5,1,2,1,2,1,1,1
SF,IF2005,2020-03-24 09:32:40.200,3577.2000,845,0,108222420.000,0,-,-,-,-,3574.6000,3573.0000,3565.0000,3548.0000,3546.4000,3578.4000,3578.8000,3579.6000,3580.0000,3581.0000,1,1,5,1,2,1,1,2,1,1
SF,IF2005,2020-03-24 09:32:40.700,3577.2000,845,0,108222420.000,0,-,-,-,-,3574.6000,3573.0000,3565.0000,3548.0000,3546.4000,3577.6000,3577.8000,3578.4000,3578.8000,3579.6000,1,1,5,1,2,1,1,1,1,2
SF,IF2005,2020-03-24 09:32:41.200,3574.6000,845,0,109294800.000,1,0,1,多换,S,3573.0000,3565.0000,3548.0000,3546.4000,3542.0000,3577.6000,3577.8000,3578.4000,3578.8000,3579.6000,1,5,1,2,1,2,1,1,1,2
SF,IF2005,2020-03-24 09:32:41.700,3574.6000,845,0,109294800.000,0,-,-,-,-,3565.0000,3548.0000,3546.4000,3542.0000,3540.0000,3575.8000,3577.2000,3577.4000,3577.6000,3577.8000,5,1,2,1,1,1,1,2,2,1
SF,IF2005,2020-03-24 09:32:42.200,3574.6000,845,0,109294800.000,0,-,-,-,-,3569.0000,3568.2000,3568.0000,3567.2000,3565.8000,3575.8000,3576.6000,3577.2000,3577.4000,3577.6000,1,1,1,2,1,2,1,2,3,2
SF,IF2005,2020-03-24 09:32:42.700,3574.6000,845,0,109294800.000,0,-,-,-,-,3569.2000,3568.0000,3565.8000,3565.2000,3560.0000,3574.2000,3575.0000,3575.8000,3577.2000,3577.4000,2,1,2,3,5,1,1,2,2,3
SF,IF2005,2020-03-24 09:32:43.200,3574.6000,845,0,109294800.000,0,-,-,-,-,3568.0000,3565.2000,3560.0000,3548.0000,3546.4000,3574.0000,3574.2000,3575.0000,3575.6000,3575.8000,1,3,5,1,2,1,1,1,2,2
SF,IF2005,2020-03-24 09:32:43.700,3574.6000,845,0,109294800.000,0,-,-,-,-,3568.2000,3568.0000,3565.2000,3560.0000,3548.0000,3574.0000,3574.2000,3575.0000,3575.6000,3575.8000,3,1,2,5,1,2,1,1,2,2
SF,IF2005,2020-03-24 09:32:44.200,3574.6000,845,0,109294800.000,0,-,-,-,-,3568.2000,3568.0000,3565.2000,3560.0000,3548.0000,3574.0000,3577.4000,3577.6000,3577.8000,3585.0000,3,2,2,5,1,1,1,1,1,6
SF,IF2005,2020-03-24 09:32:44.700,3574.6000,845,0,109294800.000,0,-,-,-,-,3571.2000,3568.4000,3568.2000,3565.2000,3560.0000,3577.4000,3577.6000,3577.8000,3585.0000,3588.2000,1,1,4,2,5,1,1,1,6,4
SF,IF2005,2020-03-24 09:32:45.200,3574.6000,845,0,109294800.000,0,-,-,-,-,3571.4000,3571.2000,3568.4000,3568.2000,3565.2000,3577.2000,3577.4000,3577.6000,3577.8000,3585.0000,2,1,1,2,2,1,1,2,1,6
SF,IF2005,2020-03-24 09:32:45.700,3574.6000,845,0,109294800.000,0,-,-,-,-,3571.4000,3571.2000,3569.0000,3568.4000,3568.2000,3575.8000,3577.2000,3577.4000,3577.6000,3577.8000,1,1,2,1,2,1,2,2,2,1
SF,IF2005,2020-03-24 09:32:46.200,3574.6000,845,0,109294800.000,0,-,-,-,-,3571.6000,3571.2000,3569.0000,3568.4000,3568.2000,3577.2000,3577.4000,3577.6000,3577.8000,3585.0000,2,1,2,1,1,2,1,2,1,6
SF,IF2005,2020-03-24 09:32:46.700,3574.6000,845,0,109294800.000,0,-,-,-,-,3571.6000,3571.2000,3568.4000,3568.2000,3565.2000,3577.4000,3577.6000,3577.8000,3585.0000,3588.2000,2,1,1,1,2,1,2,1,6,4
SF,IF2005,2020-03-24 09:32:47.200,3574.6000,845,0,109294800.000,0,-,-,-,-,3571.6000,3571.2000,3568.4000,3568.2000,3565.2000,3577.4000,3577.6000,3577.8000,3585.0000,3588.2000,2,1,1,1,2,1,1,1,6,4
SF,IF2005,2020-03-24 09:32:47.700,3574.6000,845,0,109294800.000,0,-,-,-,-,3571.8000,3571.6000,3571.2000,3568.4000,3568.2000,3577.4000,3577.8000,3585.0000,3588.2000,3593.4000,2,2,1,1,1,1,1,6,4,1
SF,IF2005,2020-03-24 09:32:48.200,3574.6000,845,0,109294800.000,0,-,-,-,-,3572.0000,3571.8000,3571.2000,3568.4000,3568.2000,3577.8000,3585.0000,3588.2000,3593.4000,3598.0000,2,2,1,1,1,1,6,4,1,1
SF,IF2005,2020-03-24 09:32:48.700,3574.6000,845,0,109294800.000,0,-,-,-,-,3574.4000,3572.0000,3571.8000,3568.4000,3568.2000,3577.8000,3585.0000,3588.2000,3593.4000,3598.0000,1,2,1,1,1,1,6,4,1,1
SF,IF2005,2020-03-24 09:32:49.200,3574.6000,845,0,109294800.000,0,-,-,-,-,3573.0000,3572.0000,3568.4000,3568.2000,3565.2000,3577.8000,3585.0000,3588.2000,3593.4000,3598.0000,1,2,1,1,2,1,6,4,1,1
SF,IF2005,2020-03-24 09:32:49.700,3574.6000,845,0,109294800.000,0,-,-,-,-,3574.4000,3573.2000,3573.0000,3568.4000,3565.2000,3585.0000,3588.2000,3590.0000,3593.4000,3598.0000,1,2,1,1,2,1,4,5,1,1
SF,IF2005,2020-03-24 09:32:50.200,3574.6000,845,0,109294800.000,0,-,-,-,-,3574.6000,3573.2000,3573.0000,3568.4000,3565.2000,3579.6000,3580.2000,3580.8000,3582.6000,3582.8000,1,1,1,1,2,2,1,1,1,1
SF,IF2005,2020-03-24 09:32:50.700,3574.6000,845,0,109294800.000,0,-,-,-,-,3574.6000,3574.4000,3573.0000,3568.4000,3565.2000,3579.6000,3580.2000,3580.8000,3582.6000,3582.8000,1,1,1,1,2,2,1,1,1,1
SF,IF2005,2020-03-24 09:32:51.200,3574.6000,845,0,109294800.000,0,-,-,-,-,3574.8000,3574.6000,3574.4000,3573.0000,3568.4000,3579.6000,3580.2000,3580.8000,3582.6000,3582.8000,1,1,1,1,1,1,1,1,1,1
SF,IF2005,2020-03-24 09:32:51.700,3574.6000,845,0,109294800.000,0,-,-,-,-,3575.0000,3574.8000,3574.4000,3573.0000,3570.0000,3579.4000,3579.6000,3580.2000,3580.8000,3582.6000,1,1,1,1,5,1,2,1,1,1
SF,IF2005,2020-03-24 09:32:52.200,3574.6000,845,0,109294800.000,0,-,-,-,-,3568.4000,3565.2000,3565.0000,3548.0000,3546.4000,3579.4000,3579.6000,3580.2000,3580.8000,3582.6000,1,2,5,1,2,2,2,1,1,1
SF,IF2005,2020-03-24 09:32:52.700,3574.6000,845,0,109294800.000,0,-,-,-,-,3571.6000,3571.2000,3568.6000,3568.4000,3568.2000,3577.6000,3578.4000,3578.8000,3579.4000,3579.6000,1,1,3,2,2,2,1,1,2,2
SF,IF2005,2020-03-24 09:32:53.200,3574.6000,845,0,109294800.000,0,-,-,-,-,3571.8000,3571.6000,3571.2000,3569.8000,3569.2000,3577.4000,3577.6000,3578.4000,3578.8000,3579.4000,3,1,1,1,1,1,3,1,1,1
SF,IF2005,2020-03-24 09:32:53.700,3574.6000,845,0,109294800.000,0,-,-,-,-,3571.8000,3571.2000,3568.2000,3565.2000,3565.0000,3576.8000,3577.4000,3577.6000,3578.4000,3579.4000,3,1,2,1,5,2,1,3,1,1
SF,IF2005,2020-03-24 09:32:54.200,3574.6000,845,0,109294800.000,0,-,-,-,-,3571.8000,3571.2000,3568.2000,3565.2000,3565.0000,3576.8000,3577.4000,3577.6000,3578.4000,3579.4000,2,1,2,1,5,2,1,3,1,1
SF,IF2005,2020-03-24 09:32:54.700,3574.6000,845,0,109294800.000,0,-,-,-,-,3571.8000,3571.2000,3568.2000,3565.2000,3565.0000,3575.4000,3576.6000,3576.8000,3577.4000,3577.6000,2,1,2,1,5,1,1,2,1,2
SF,IF2005,2020-03-24 09:32:55.200,3574.6000,845,0,109294800.000,0,-,-,-,-,3571.8000,3571.2000,3568.2000,3565.2000,3565.0000,3575.4000,3576.6000,3576.8000,3577.6000,3578.4000,2,1,2,1,5,1,2,2,2,1
SF,IF2005,2020-03-24 09:32:55.700,3575.4000,844,-1,110367420.000,1,0,1,双平,S,3571.8000,3571.2000,3568.2000,3565.2000,3565.0000,3578.4000,3579.4000,3579.6000,3580.8000,3585.0000,1,1,2,1,5,1,1,2,1,1
SF,IF2005,2020-03-24 09:32:56.200,3575.4000,844,0,110367420.000,0,-,-,-,-,3572.0000,3571.8000,3571.2000,3568.2000,3565.2000,3578.2000,3578.4000,3579.4000,3579.6000,3580.8000,2,2,1,2,1,1,1,1,2,1
SF,IF2005,2020-03-24 09:32:56.700,3571.2000,843,-1,118939920.000,8,3,5,多平,S,3568.2000,3565.2000,3565.0000,3548.0000,3546.4000,3571.2000,3578.0000,3579.4000,3579.6000,3580.8000,2,1,5,1,2,12,1,1,2,1
SF,IF2005,2020-03-24 09:32:57.200,3571.2000,833,-10,131796240.000,12,1,11,多平,S,3571.2000,3570.6000,3570.0000,3569.8000,3568.2000,3578.0000,3579.4000,3579.6000,3580.8000,3585.0000,3,1,1,1,3,1,1,2,1,1
SF,IF2005,2020-03-24 09:32:57.700,3571.2000,833,0,131796240.000,0,-,-,-,-,3572.0000,3571.4000,3571.2000,3571.0000,3570.6000,3578.0000,3579.4000,3579.6000,3580.8000,3585.0000,1,1,2,1,1,1,1,2,1,1
SF,IF2005,2020-03-24 09:32:58.200,3571.2000,833,0,131796240.000,0,-,-,-,-,3572.4000,3572.2000,3572.0000,3571.2000,3570.6000,3578.0000,3580.8000,3585.0000,3588.2000,3590.0000,2,1,3,1,1,1,1,1,4,5
SF,IF2005,2020-03-24 09:32:58.700,3571.2000,833,0,131796240.000,0,-,-,-,-,3572.6000,3572.4000,3572.2000,3572.0000,3571.2000,3577.8000,3578.0000,3580.8000,3585.0000,3588.2000,3,4,1,3,1,1,1,1,1,4
SF,IF2005,2020-03-24 09:32:59.200,3571.2000,833,0,131796240.000,0,-,-,-,-,3572.8000,3572.6000,3572.4000,3572.2000,3572.0000,3577.6000,3577.8000,3580.8000,3585.0000,3588.2000,1,3,4,4,3,1,1,1,1,4
SF,IF2005,2020-03-24 09:32:59.700,3571.2000,833,0,131796240.000,0,-,-,-,-,3573.0000,3572.8000,3572.6000,3572.4000,3572.2000,3577.6000,3580.8000,3585.0000,3588.2000,3590.0000,2,1,2,3,4,1,1,1,4,5
SF,IF2005,2020-03-24 09:33:00.200,3571.2000,833,0,131796240.000,0,-,-,-,-,3573.0000,3572.8000,3572.4000,3572.2000,3572.0000,3577.6000,3580.8000,3585.0000,3588.2000,3590.0000,3,1,2,2,3,1,1,1,4,5
SF,IF2005,2020-03-24 09:33:00.700,3571.2000,833,0,131796240.000,0,-,-,-,-,3573.4000,3573.2000,3573.0000,3572.4000,3572.2000,3577.6000,3580.8000,3585.0000,3588.2000,3590.0000,1,1,3,1,2,1,1,1,4,5
SF,IF2005,2020-03-24 09:33:01.200,3571.2000,833,0,131796240.000,0,-,-,-,-,3573.6000,3573.4000,3573.2000,3573.0000,3572.4000,3577.6000,3580.8000,3585.0000,3588.2000,3590.0000,1,1,2,2,1,1,1,1,4,5
SF,IF2005,2020-03-24 09:33:01.700,3571.2000,833,0,131796240.000,0,-,-,-,-,3573.6000,3573.4000,3573.2000,3573.0000,3572.4000,3577.4000,3577.6000,3580.8000,3585.0000,3588.2000,1,1,1,2,1,1,1,1,1,4
SF,IF2005,2020-03-24 09:33:02.200,3573.6000,833,0,132868320.000,1,0,1,多换,S,3573.4000,3573.0000,3572.2000,3572.0000,3571.2000,3577.2000,3577.4000,3585.0000,3588.2000,3590.0000,1,1,2,1,2,2,1,1,4,5
SF,IF2005,2020-03-24 09:33:02.700,3573.6000,833,0,132868320.000,0,-,-,-,-,3573.4000,3573.0000,3570.0000,3568.4000,3567.2000,3577.0000,3577.2000,3585.0000,3588.2000,3590.0000,1,1,1,1,1,2,2,1,4,5
SF,IF2005,2020-03-24 09:33:03.200,3573.6000,833,0,132868320.000,0,-,-,-,-,3570.0000,3568.4000,3567.2000,3565.0000,3548.0000,3576.8000,3577.0000,3577.2000,3585.0000,3588.2000,1,1,1,5,1,2,2,1,1,4
SF,IF2005,2020-03-24 09:33:03.700,3573.6000,833,0,132868320.000,0,-,-,-,-,3570.2000,3568.6000,3568.4000,3567.8000,3567.2000,3576.6000,3576.8000,3577.2000,3585.0000,3588.2000,1,1,1,4,1,3,2,1,1,4
SF,IF2005,2020-03-24 09:33:04.200,3573.6000,833,0,132868320.000,0,-,-,-,-,3571.4000,3570.2000,3568.6000,3568.4000,3567.8000,3576.2000,3576.4000,3576.6000,3576.8000,3577.2000,1,1,1,2,4,1,3,3,1,1
SF,IF2005,2020-03-24 09:33:04.700,3573.6000,833,0,132868320.000,0,-,-,-,-,3571.6000,3571.4000,3568.6000,3568.4000,3567.8000,3576.0000,3576.2000,3576.4000,3576.8000,3585.0000,1,1,1,2,4,4,1,2,1,1
SF,IF2005,2020-03-24 09:33:05.200,3573.6000,833,0,132868320.000,0,-,-,-,-,3571.6000,3571.4000,3568.6000,3568.4000,3567.8000,3576.0000,3576.2000,3576.4000,3585.0000,3588.2000,1,1,1,2,4,2,1,2,1,4
SF,IF2005,2020-03-24 09:33:05.700,3573.6000,833,0,132868320.000,0,-,-,-,-,3571.6000,3571.4000,3568.6000,3568.4000,3567.8000,3576.0000,3585.0000,3588.2000,3590.0000,3593.4000,1,1,1,2,4,1,1,4,5,1
SF,IF2005,2020-03-24 09:33:06.200,3573.6000,833,0,132868320.000,0,-,-,-,-,3572.2000,3571.6000,3571.4000,3568.6000,3568.4000,3575.8000,3576.0000,3585.0000,3588.2000,3590.0000,2,1,1,1,2,2,1,1,4,5
SF,IF2005,2020-03-24 09:33:06.700,3573.6000,833,0,132868320.000,0,-,-,-,-,3572.4000,3572.0000,3568.6000,3568.4000,3567.8000,3575.6000,3575.8000,3585.0000,3588.2000,3590.0000,1,1,1,2,4,1,2,1,4,5
SF,IF2005,2020-03-24 09:33:07.700,3573.6000,833,0,132868320.000,0,-,-,-,-,3572.4000,3572.0000,3570.6000,3568.6000,3568.4000,3575.4000,3575.6000,3575.8000,3585.0000,3588.2000,1,1,1,1,2,1,1,2,1,4
SF,IF2005,2020-03-24 09:33:08.200,3573.6000,833,0,132868320.000,0,-,-,-,-,3572.0000,3570.6000,3568.6000,3568.4000,3567.8000,3575.2000,3575.4000,3575.8000,3585.0000,3588.2000,1,1,1,2,4,3,1,1,1,4
SF,IF2005,2020-03-24 09:33:08.700,3573.6000,833,0,132868320.000,0,-,-,-,-,3572.2000,3572.0000,3570.6000,3568.6000,3568.4000,3575.2000,3575.4000,3585.0000,3588.2000,3590.0000,1,1,1,1,2,3,1,1,4,5
SF,IF2005,2020-03-24 09:33:09.200,3573.6000,833,0,132868320.000,0,-,-,-,-,3572.0000,3570.6000,3568.6000,3568.4000,3567.8000,3575.2000,3575.4000,3585.0000,3588.2000,3590.0000,1,1,1,2,4,3,1,1,4,5
SF,IF2005,2020-03-24 09:33:09.700,3573.6000,833,0,132868320.000,0,-,-,-,-,3572.0000,3570.6000,3568.6000,3568.4000,3567.8000,3575.0000,3575.2000,3575.4000,3585.0000,3588.2000,1,1,1,2,4,2,3,1,1,4
SF,IF2005,2020-03-24 09:33:10.200,3572.0000,832,-1,133939920.000,1,0,1,双平,S,3570.6000,3568.6000,3568.4000,3567.8000,3567.2000,3574.8000,3575.0000,3575.4000,3585.0000,3588.2000,1,1,2,4,1,2,2,1,1,4
SF,IF2005,2020-03-24 09:33:10.700,3572.0000,832,0,133939920.000,0,-,-,-,-,3568.6000,3568.4000,3567.8000,3567.2000,3566.2000,3574.2000,3574.6000,3574.8000,3575.0000,3575.4000,1,2,4,1,2,1,1,2,2,1
SF,IF2005,2020-03-24 09:33:11.200,3572.0000,832,0,133939920.000,0,-,-,-,-,3568.8000,3568.6000,3568.4000,3567.8000,3566.2000,3574.0000,3574.2000,3574.6000,3575.4000,3585.0000,1,1,1,4,2,2,1,1,1,1
SF,IF2005,2020-03-24 09:33:11.700,3572.0000,832,0,133939920.000,0,-,-,-,-,3568.8000,3568.6000,3568.4000,3567.8000,3566.2000,3573.8000,3574.0000,3574.6000,3575.4000,3585.0000,1,1,1,4,2,1,2,1,1,1
SF,IF2005,2020-03-24 09:33:12.200,3572.0000,832,0,133939920.000,0,-,-,-,-,3568.8000,3568.4000,3567.8000,3566.2000,3565.0000,3573.6000,3573.8000,3574.0000,3574.6000,3585.0000,1,1,4,2,5,1,2,1,1,1
SF,IF2005,2020-03-24 09:33:12.700,3572.0000,832,0,133939920.000,0,-,-,-,-,3568.8000,3568.4000,3567.8000,3566.2000,3565.0000,3573.2000,3573.4000,3573.6000,3573.8000,3574.6000,1,1,4,2,5,1,2,1,2,1
SF,IF2005,2020-03-24 09:33:13.200,3572.0000,832,0,133939920.000,0,-,-,-,-,3568.8000,3568.4000,3567.8000,3566.2000,3565.0000,3573.0000,3573.2000,3573.4000,3573.8000,3574.6000,1,1,4,2,5,1,1,2,1,1
SF,IF2005,2020-03-24 09:33:13.700,3572.0000,832,0,133939920.000,0,-,-,-,-,3568.8000,3568.4000,3567.8000,3566.2000,3565.0000,3573.0000,3573.2000,3573.4000,3574.6000,3585.0000,1,1,4,2,5,1,2,2,1,1
SF,IF2005,2020-03-24 09:33:14.200,3572.0000,832,0,133939920.000,0,-,-,-,-,3568.8000,3568.4000,3567.8000,3566.2000,3565.0000,3572.6000,3572.8000,3573.0000,3573.2000,3573.4000,1,1,4,2,5,1,1,1,1,2
SF,IF2005,2020-03-24 09:33:14.700,3572.0000,832,0,133939920.000,0,-,-,-,-,3568.8000,3568.4000,3567.8000,3566.2000,3565.0000,3572.4000,3572.8000,3573.2000,3573.4000,3574.6000,1,1,4,2,5,1,1,1,2,1
SF,IF2005,2020-03-24 09:33:15.200,3572.0000,832,0,133939920.000,0,-,-,-,-,3568.8000,3568.4000,3567.8000,3565.0000,3562.4000,3572.4000,3572.8000,3573.2000,3573.4000,3574.6000,1,1,4,5,2,2,1,1,2,1
SF,IF2005,2020-03-24 09:33:15.700,3572.0000,832,0,133939920.000,0,-,-,-,-,3569.0000,3568.8000,3568.4000,3567.8000,3565.0000,3572.4000,3573.2000,3573.4000,3574.6000,3585.0000,1,1,1,4,5,1,1,2,1,1
SF,IF2005,2020-03-24 09:33:16.200,3572.0000,832,0,133939920.000,0,-,-,-,-,3569.2000,3569.0000,3568.4000,3567.8000,3565.0000,3572.4000,3573.2000,3573.4000,3574.6000,3585.0000,1,1,1,4,5,1,1,1,1,1
SF,IF2005,2020-03-24 09:33:16.700,3572.0000,832,0,133939920.000,0,-,-,-,-,3569.2000,3569.0000,3568.4000,3567.8000,3565.0000,3572.2000,3572.4000,3573.4000,3574.6000,3585.0000,1,1,1,4,5,2,1,1,1,1
SF,IF2005,2020-03-24 09:33:17.200,3572.0000,832,0,133939920.000,0,-,-,-,-,3568.4000,3567.8000,3565.0000,3562.4000,3548.0000,3572.0000,3572.2000,3572.4000,3573.4000,3574.6000,1,4,5,2,1,2,2,1,1,1
SF,IF2005,2020-03-24 09:33:17.700,3572.0000,832,0,133939920.000,0,-,-,-,-,3568.6000,3567.8000,3565.0000,3564.0000,3562.4000,3571.8000,3572.0000,3572.4000,3574.6000,3585.0000,1,4,5,1,2,2,2,1,1,1
SF,IF2005,2020-03-24 09:33:18.200,3572.0000,832,0,133939920.000,0,-,-,-,-,3568.6000,3567.8000,3565.0000,3564.0000,3562.4000,3571.6000,3571.8000,3572.0000,3572.4000,3585.0000,1,4,5,1,2,1,2,1,1,1
SF,IF2005,2020-03-24 09:33:18.700,3572.0000,832,0,133939920.000,0,-,-,-,-,3568.6000,3567.8000,3565.0000,3564.0000,3562.4000,3571.4000,3571.6000,3571.8000,3572.0000,3572.4000,1,4,5,1,2,1,1,1,1,1
SF,IF2005,2020-03-24 09:33:19.700,3572.0000,832,0,133939920.000,0,-,-,-,-,3568.6000,3567.8000,3565.0000,3564.0000,3562.4000,3571.2000,3571.4000,3571.6000,3571.8000,3572.0000,1,4,5,1,2,1,1,1,1,1
SF,IF2005,2020-03-24 09:33:20.200,3568.6000,831,-1,135010500.000,1,0,1,双平,S,3567.8000,3565.0000,3564.0000,3562.4000,3548.0000,3571.0000,3571.2000,3571.6000,3571.8000,3572.0000,4,5,1,2,1,1,1,1,1,1
SF,IF2005,2020-03-24 09:33:20.700,3568.6000,831,0,135010500.000,0,-,-,-,-,3567.8000,3564.0000,3562.4000,3560.0000,3548.0000,3570.8000,3571.0000,3571.2000,3571.6000,3572.0000,4,1,2,5,1,1,1,1,1,1
SF,IF2005,2020-03-24 09:33:21.200,3568.6000,831,0,135010500.000,0,-,-,-,-,3567.8000,3564.0000,3562.4000,3560.0000,3548.0000,3570.8000,3571.0000,3571.2000,3571.6000,3572.0000,4,1,2,5,1,3,1,1,1,1
SF,IF2005,2020-03-24 09:33:23.200,3568.6000,831,0,135010500.000,0,-,-,-,-,3567.8000,3564.0000,3562.4000,3560.0000,3548.0000,3570.6000,3570.8000,3571.2000,3571.6000,3572.0000,4,1,2,5,1,1,3,1,1,1
SF,IF2005,2020-03-24 09:33:23.700,3568.6000,831,0,135010500.000,0,-,-,-,-,3567.8000,3564.0000,3562.4000,3560.0000,3548.0000,3570.4000,3570.8000,3571.2000,3571.6000,3572.0000,4,1,2,5,1,2,3,1,1,1
SF,IF2005,2020-03-24 09:33:24.200,3567.8000,827,-4,139291860.000,4,0,4,双平,S,3564.0000,3562.4000,3560.0000,3548.0000,3542.0000,3570.2000,3570.4000,3570.8000,3571.2000,3571.6000,1,2,5,1,1,1,3,2,1,1
SF,IF2005,2020-03-24 09:33:24.700,3567.8000,827,0,139291860.000,0,-,-,-,-,3564.8000,3564.6000,3564.4000,3564.2000,3564.0000,3570.0000,3570.4000,3570.8000,3571.2000,3571.6000,1,1,2,1,3,1,2,2,1,1
SF,IF2005,2020-03-24 09:33:25.200,3567.8000,827,0,139291860.000,0,-,-,-,-,3565.0000,3564.8000,3564.6000,3564.4000,3564.2000,3570.0000,3570.4000,3570.8000,3571.2000,3571.6000,2,2,1,2,2,1,2,2,1,1
SF,IF2005,2020-03-24 09:33:25.700,3567.8000,827,0,139291860.000,0,-,-,-,-,3566.0000,3565.8000,3565.0000,3564.8000,3564.6000,3570.0000,3570.4000,3570.8000,3571.2000,3571.6000,1,1,2,1,1,1,2,2,1,1
SF,IF2005,2020-03-24 09:33:26.200,3567.8000,827,0,139291860.000,0,-,-,-,-,3566.2000,3566.0000,3565.8000,3565.2000,3565.0000,3570.0000,3570.4000,3570.8000,3571.2000,3571.6000,1,1,1,1,1,1,2,2,1,1
SF,IF2005,2020-03-24 09:33:26.700,3567.8000,827,0,139291860.000,0,-,-,-,-,3566.2000,3566.0000,3565.8000,3564.8000,3564.6000,3570.0000,3570.4000,3570.8000,3571.6000,3572.0000,1,1,1,1,1,1,2,2,1,1
SF,IF2005,2020-03-24 09:33:27.200,3567.8000,827,0,139291860.000,0,-,-,-,-,3566.8000,3566.2000,3565.8000,3564.8000,3564.6000,3570.0000,3570.4000,3570.8000,3572.0000,3572.4000,1,2,1,1,1,1,2,2,1,1
SF,IF2005,2020-03-24 09:33:27.700,3567.8000,827,0,139291860.000,0,-,-,-,-,3567.0000,3566.8000,3566.2000,3565.8000,3564.8000,3570.0000,3570.4000,3572.0000,3572.4000,3585.0000,1,1,1,1,1,1,2,1,1,1
SF,IF2005,2020-03-24 09:33:28.200,3567.8000,827,0,139291860.000,0,-,-,-,-,3567.0000,3566.8000,3566.2000,3565.8000,3564.8000,3570.0000,3570.4000,3572.0000,3572.4000,3585.0000,2,1,1,1,1,1,2,1,1,1
SF,IF2005,2020-03-24 09:33:28.700,3567.8000,827,0,139291860.000,0,-,-,-,-,3567.4000,3567.0000,3564.8000,3564.6000,3564.4000,3569.8000,3570.0000,3570.4000,3572.0000,3572.4000,1,1,1,1,2,1,1,2,1,1
SF,IF2005,2020-03-24 09:33:29.200,3567.8000,827,0,139291860.000,0,-,-,-,-,3564.8000,3564.6000,3564.4000,3564.2000,3564.0000,3569.6000,3569.8000,3570.0000,3570.4000,3572.0000,1,1,2,2,2,1,1,1,2,1
SF,IF2005,2020-03-24 09:33:29.700,3567.8000,827,0,139291860.000,0,-,-,-,-,3565.0000,3564.8000,3564.6000,3564.4000,3564.2000,3569.4000,3569.6000,3570.0000,3570.4000,3572.0000,1,1,1,2,2,1,1,1,2,1
SF,IF2005,2020-03-24 09:33:30.200,3567.8000,827,0,139291860.000,0,-,-,-,-,3565.6000,3565.0000,3564.4000,3564.2000,3564.0000,3569.2000,3569.4000,3569.6000,3570.0000,3570.4000,1,1,1,2,1,1,2,1,1,2
SF,IF2005,2020-03-24 09:33:30.700,3567.8000,827,0,139291860.000,0,-,-,-,-,3565.8000,3565.6000,3564.8000,3564.4000,3564.2000,3569.0000,3569.2000,3569.4000,3569.6000,3570.0000,1,1,1,1,2,1,1,1,1,1
SF,IF2005,2020-03-24 09:33:31.200,3567.8000,827,0,139291860.000,0,-,-,-,-,3565.8000,3565.6000,3564.8000,3564.4000,3564.2000,3569.0000,3569.2000,3569.4000,3570.0000,3570.4000,1,1,1,1,2,1,1,1,1,2
SF,IF2005,2020-03-24 09:33:31.700,3569.0000,827,0,140362560.000,1,0,1,多换,S,3565.8000,3565.6000,3564.4000,3564.2000,3564.0000,3569.4000,3570.0000,3570.4000,3572.4000,3585.0000,1,1,1,2,1,1,1,2,1,1
SF,IF2005,2020-03-24 09:33:32.200,3569.0000,827,0,140362560.000,0,-,-,-,-,3565.8000,3565.6000,3564.4000,3564.2000,3564.0000,3570.0000,3570.4000,3585.0000,3588.2000,3590.0000,1,1,1,2,1,1,2,1,4,5
SF,IF2005,2020-03-24 09:33:32.700,3569.0000,827,0,140362560.000,0,-,-,-,-,3565.8000,3564.4000,3564.2000,3564.0000,3562.4000,3570.0000,3585.0000,3588.2000,3590.0000,3593.4000,1,1,2,1,2,1,1,4,5,1
SF,IF2005,2020-03-24 09:33:33.200,3569.0000,827,0,140362560.000,0,-,-,-,-,3566.2000,3565.8000,3564.4000,3564.2000,3564.0000,3585.0000,3588.2000,3590.0000,3593.4000,3597.4000,1,3,1,2,1,1,4,5,1,1
SF,IF2005,2020-03-24 09:33:33.700,3569.0000,827,0,140362560.000,0,-,-,-,-,3566.4000,3566.2000,3565.8000,3564.4000,3564.2000,3570.6000,3574.2000,3574.4000,3575.0000,3575.8000,1,1,1,1,2,1,1,1,1,2
SF,IF2005,2020-03-24 09:33:34.200,3569.0000,827,0,140362560.000,0,-,-,-,-,3566.4000,3566.2000,3565.8000,3564.4000,3564.2000,3574.2000,3574.4000,3575.0000,3575.8000,3577.2000,2,1,1,1,2,1,1,1,2,1
SF,IF2005,2020-03-24 09:33:34.700,3569.0000,827,0,140362560.000,0,-,-,-,-,3567.2000,3566.4000,3565.8000,3564.4000,3564.2000,3570.6000,3574.0000,3574.2000,3574.4000,3575.0000,1,1,1,1,2,1,2,1,1,1
SF,IF2005,2020-03-24 09:33:35.200,3569.0000,827,0,140362560.000,0,-,-,-,-,3567.4000,3567.2000,3566.4000,3565.8000,3564.4000,3570.6000,3574.0000,3574.2000,3574.4000,3575.0000,1,1,1,1,1,1,2,1,1,1
SF,IF2005,2020-03-24 09:33:35.700,3569.0000,827,0,140362560.000,0,-,-,-,-,3567.4000,3567.2000,3566.4000,3565.8000,3564.4000,3570.4000,3570.6000,3574.0000,3574.2000,3574.4000,1,1,1,1,1,1,1,1,1,1
SF,IF2005,2020-03-24 09:33:36.200,3569.0000,827,0,140362560.000,0,-,-,-,-,3567.2000,3564.4000,3564.2000,3564.0000,3562.4000,3570.4000,3570.6000,3574.2000,3574.4000,3575.0000,1,1,2,1,2,2,1,1,1,1
SF,IF2005,2020-03-24 09:33:36.700,3569.0000,827,0,140362560.000,0,-,-,-,-,3566.0000,3564.4000,3564.2000,3564.0000,3562.4000,3570.2000,3570.4000,3574.2000,3574.4000,3575.0000,1,1,2,1,2,1,2,1,1,1
SF,IF2005,2020-03-24 09:33:37.200,3569.0000,827,0,140362560.000,0,-,-,-,-,3566.2000,3566.0000,3564.4000,3564.2000,3564.0000,3570.0000,3570.2000,3574.2000,3574.4000,3575.0000,1,1,1,2,1,3,1,1,1,1
SF,IF2005,2020-03-24 09:33:37.700,3569.0000,827,0,140362560.000,0,-,-,-,-,3566.2000,3566.0000,3564.4000,3564.2000,3564.0000,3567.4000,3569.8000,3570.0000,3574.2000,3574.4000,1,1,1,2,1,2,2,3,1,1
SF,IF2005,2020-03-24 09:33:38.200,3567.4000,825,-2,142503000.000,2,0,2,双平,S,3566.0000,3564.4000,3564.2000,3564.0000,3562.4000,3569.8000,3570.0000,3574.2000,3574.4000,3575.8000,1,1,2,1,2,2,2,1,1,1
SF,IF2005,2020-03-24 09:33:38.700,3567.4000,825,0,142503000.000,0,-,-,-,-,3566.2000,3566.0000,3564.4000,3564.2000,3564.0000,3574.2000,3574.4000,3575.8000,3577.2000,3580.0000,1,1,1,2,1,1,1,1,1,5
SF,IF2005,2020-03-24 09:33:39.200,3567.4000,825,0,142503000.000,0,-,-,-,-,3566.0000,3564.4000,3564.2000,3564.0000,3562.4000,3570.8000,3574.0000,3574.2000,3574.4000,3575.8000,1,1,2,1,2,1,2,1,1,1
SF,IF2005,2020-03-24 09:33:39.700,3567.4000,825,0,142503000.000,0,-,-,-,-,3567.0000,3566.6000,3566.2000,3566.0000,3564.4000,3570.6000,3570.8000,3574.0000,3574.2000,3574.4000,1,1,1,1,1,2,1,1,1,1
SF,IF2005,2020-03-24 09:33:40.200,3567.4000,825,0,142503000.000,0,-,-,-,-,3567.0000,3566.6000,3566.0000,3564.4000,3564.2000,3570.6000,3574.0000,3574.2000,3574.4000,3575.8000,1,1,1,1,2,3,1,1,1,1
SF,IF2005,2020-03-24 09:33:40.700,3567.4000,825,0,142503000.000,0,-,-,-,-,3566.6000,3566.0000,3564.4000,3564.2000,3564.0000,3570.0000,3570.6000,3574.0000,3574.2000,3574.4000,1,1,1,2,1,1,3,1,1,1
SF,IF2005,2020-03-24 09:33:41.200,3567.4000,825,0,142503000.000,0,-,-,-,-,3566.8000,3566.0000,3564.4000,3564.2000,3564.0000,3570.0000,3570.6000,3574.0000,3574.2000,3574.4000,1,1,1,2,1,1,1,1,1,1
SF,IF2005,2020-03-24 09:33:42.200,3567.4000,825,0,142503000.000,0,-,-,-,-,3566.8000,3566.0000,3564.4000,3564.2000,3564.0000,3569.8000,3570.0000,3570.6000,3574.0000,3574.2000,1,1,1,2,1,1,1,1,1,1
SF,IF2005,2020-03-24 09:33:43.700,3567.4000,825,0,142503000.000,0,-,-,-,-,3566.8000,3566.0000,3564.4000,3564.2000,3564.0000,3570.0000,3570.6000,3574.0000,3574.2000,3574.4000,1,1,1,2,1,1,1,1,1,1
SF,IF2005,2020-03-24 09:33:44.200,3567.4000,825,0,142503000.000,0,-,-,-,-,3567.0000,3566.8000,3566.0000,3564.4000,3564.2000,3570.6000,3574.0000,3574.2000,3574.4000,3575.8000,1,1,1,1,2,1,1,1,1,1
SF,IF2005,2020-03-24 09:33:44.700,3567.4000,825,0,142503000.000,0,-,-,-,-,3567.0000,3566.8000,3566.0000,3564.4000,3564.2000,3569.8000,3570.2000,3570.6000,3574.0000,3574.2000,1,1,1,1,2,1,1,1,1,1
SF,IF2005,2020-03-24 09:33:45.200,3567.4000,825,0,142503000.000,0,-,-,-,-,3567.2000,3567.0000,3566.0000,3564.4000,3564.2000,3569.8000,3570.2000,3570.6000,3574.0000,3574.2000,1,1,1,1,2,1,1,1,1,1
SF,IF2005,2020-03-24 09:33:45.700,3567.4000,825,0,142503000.000,0,-,-,-,-,3568.8000,3567.2000,3567.0000,3566.0000,3564.4000,3569.8000,3570.2000,3570.6000,3574.0000,3574.2000,1,1,1,1,1,1,1,1,1,1
SF,IF2005,2020-03-24 09:33:46.200,3567.4000,825,0,142503000.000,0,-,-,-,-,3568.8000,3567.2000,3567.0000,3566.0000,3564.4000,3574.0000,3574.2000,3574.4000,3575.8000,3577.2000,1,1,1,1,1,1,1,1,1,1
SF,IF2005,2020-03-24 09:33:46.700,3567.4000,825,0,142503000.000,0,-,-,-,-,3567.0000,3566.0000,3564.4000,3564.2000,3562.4000,3571.0000,3573.8000,3574.0000,3574.2000,3574.4000,1,1,1,2,2,1,2,1,1,1
SF,IF2005,2020-03-24 09:33:47.200,3567.4000,825,0,142503000.000,0,-,-,-,-,3569.0000,3567.2000,3567.0000,3566.0000,3564.4000,3571.0000,3573.8000,3574.0000,3574.2000,3574.4000,2,1,1,1,1,1,2,1,1,1
SF,IF2005,2020-03-24 09:33:47.700,3567.4000,825,0,142503000.000,0,-,-,-,-,3569.0000,3567.0000,3566.0000,3564.4000,3564.2000,3570.8000,3571.0000,3573.8000,3574.0000,3574.2000,1,1,1,1,2,1,1,1,1,1
SF,IF2005,2020-03-24 09:33:48.200,3569.0000,826,1,143573700.000,1,1,0,双开,S,3567.0000,3566.0000,3564.4000,3564.2000,3562.4000,3569.0000,3570.8000,3573.8000,3574.0000,3574.2000,1,1,1,2,2,1,2,1,1,1
SF,IF2005,2020-03-24 09:33:48.700,3569.0000,826,0,143573700.000,0,-,-,-,-,3567.2000,3566.0000,3564.4000,3564.2000,3562.4000,3569.0000,3570.2000,3570.6000,3570.8000,3574.0000,1,1,1,2,2,1,1,1,1,1
SF,IF2005,2020-03-24 09:33:49.200,3569.0000,826,0,143573700.000,0,-,-,-,-,3567.6000,3567.2000,3566.0000,3564.4000,3564.2000,3570.2000,3570.6000,3574.0000,3574.2000,3574.4000,1,1,1,1,2,1,1,1,1,1
SF,IF2005,2020-03-24 09:33:49.700,3569.0000,826,0,143573700.000,0,-,-,-,-,3567.6000,3567.2000,3566.0000,3564.4000,3564.2000,3570.0000,3570.2000,3570.6000,3574.0000,3574.2000,1,1,1,1,2,2,1,1,1,1
SF,IF2005,2020-03-24 09:33:50.200,3569.0000,826,0,143573700.000,0,-,-,-,-,3567.2000,3566.0000,3564.4000,3564.2000,3562.4000,3570.0000,3570.6000,3574.0000,3574.2000,3574.4000,1,1,1,2,2,2,1,1,1,1
SF,IF2005,2020-03-24 09:33:50.700,3569.0000,826,0,143573700.000,0,-,-,-,-,3567.8000,3567.2000,3566.0000,3564.4000,3564.2000,3570.6000,3574.0000,3574.2000,3574.4000,3575.8000,1,1,1,1,2,1,1,1,1,2
SF,IF2005,2020-03-24 09:33:51.200,3569.0000,826,0,143573700.000,0,-,-,-,-,3567.8000,3567.2000,3566.0000,3564.4000,3564.2000,3570.2000,3570.4000,3570.6000,3574.0000,3574.2000,1,1,1,1,2,1,1,1,1,1
SF,IF2005,2020-03-24 09:33:51.700,3569.0000,826,0,143573700.000,0,-,-,-,-,3567.2000,3566.0000,3564.4000,3564.2000,3562.4000,3570.2000,3570.4000,3570.6000,3574.0000,3574.2000,1,1,1,2,2,1,1,1,1,1
SF,IF2005,2020-03-24 09:33:52.200,3569.0000,826,0,143573700.000,0,-,-,-,-,3568.0000,3567.2000,3566.0000,3564.4000,3564.2000,3570.0000,3570.2000,3570.6000,3574.0000,3574.2000,1,1,1,1,2,1,1,1,1,1
SF,IF2005,2020-03-24 09:33:52.700,3569.0000,826,0,143573700.000,0,-,-,-,-,3567.2000,3566.0000,3564.4000,3564.2000,3562.4000,3570.0000,3570.2000,3570.6000,3574.0000,3574.2000,1,1,1,2,2,1,1,1,1,1
SF,IF2005,2020-03-24 09:33:53.200,3569.0000,826,0,143573700.000,0,-,-,-,-,3567.2000,3566.0000,3564.4000,3564.2000,3562.4000,3569.8000,3574.0000,3574.2000,3574.4000,3575.8000,1,1,1,2,2,1,1,1,1,2
SF,IF2005,2020-03-24 09:33:53.700,3569.0000,826,0,143573700.000,0,-,-,-,-,3567.4000,3567.2000,3566.0000,3564.4000,3564.2000,3569.6000,3569.8000,3574.0000,3574.2000,3574.4000,1,1,1,1,2,1,2,1,1,1
SF,IF2005,2020-03-24 09:33:54.200,3569.0000,826,0,143573700.000,0,-,-,-,-,3567.2000,3566.0000,3564.4000,3564.2000,3562.4000,3569.6000,3569.8000,3574.0000,3574.2000,3574.4000,1,1,1,2,2,1,1,1,1,1
SF,IF2005,2020-03-24 09:33:54.700,3569.0000,826,0,143573700.000,0,-,-,-,-,3567.2000,3566.0000,3564.4000,3564.2000,3562.4000,3569.4000,3569.6000,3569.8000,3574.0000,3574.2000,1,1,1,2,2,1,1,1,1,1
SF,IF2005,2020-03-24 09:33:55.200,3569.0000,826,0,143573700.000,0,-,-,-,-,3566.0000,3564.4000,3564.2000,3560.0000,3553.4000,3569.4000,3569.6000,3574.0000,3574.2000,3574.4000,1,1,2,5,2,1,1,1,1,1
SF,IF2005,2020-03-24 09:33:55.700,3569.0000,826,0,143573700.000,0,-,-,-,-,3566.2000,3566.0000,3564.4000,3564.2000,3560.0000,3569.6000,3574.0000,3574.2000,3574.4000,3575.8000,1,1,1,2,5,1,1,1,1,2
SF,IF2005,2020-03-24 09:33:56.200,3569.0000,826,0,143573700.000,0,-,-,-,-,3566.2000,3566.0000,3564.4000,3564.2000,3560.0000,3569.2000,3574.0000,3574.2000,3574.4000,3575.8000,1,1,1,2,5,1,1,1,1,2
SF,IF2005,2020-03-24 09:33:56.700,3569.0000,826,0,143573700.000,0,-,-,-,-,3566.2000,3566.0000,3564.4000,3564.2000,3560.0000,3569.0000,3569.2000,3569.4000,3574.0000,3574.2000,1,1,1,2,5,1,1,1,1,1
SF,IF2005,2020-03-24 09:33:57.200,3569.0000,826,0,143573700.000,0,-,-,-,-,3566.0000,3564.2000,3560.0000,3553.4000,3542.0000,3567.2000,3568.8000,3569.0000,3569.2000,3574.0000,1,2,5,2,1,1,2,2,1,1
SF,IF2005,2020-03-24 09:33:57.700,3566.0000,825,-1,144643500.000,1,0,1,双平,S,3564.2000,3560.0000,3553.4000,3542.0000,3540.0000,3566.2000,3568.8000,3569.0000,3569.2000,3574.0000,1,5,2,1,1,1,2,2,1,1
SF,IF2005,2020-03-24 09:33:58.200,3566.0000,825,0,144643500.000,0,-,-,-,-,3564.4000,3564.2000,3560.0000,3553.4000,3542.0000,3566.0000,3566.2000,3568.8000,3569.0000,3569.2000,1,1,5,2,1,1,1,2,2,1
SF,IF2005,2020-03-24 09:33:58.700,3566.0000,825,0,144643500.000,0,-,-,-,-,3564.4000,3564.2000,3560.0000,3553.4000,3542.0000,3566.0000,3566.2000,3568.8000,3569.0000,3569.2000,1,1,5,2,1,1,1,2,2,1
SF,IF2005,2020-03-24 09:33:59.200,3564.4000,824,-1,145712820.000,1,0,1,双平,S,3560.0000,3553.4000,3542.0000,3540.0000,3537.4000,3565.8000,3566.0000,3566.2000,3568.8000,3569.0000,5,2,1,1,1,1,1,1,2,1
SF,IF2005,2020-03-24 09:33:59.700,3564.4000,824,0,145712820.000,0,-,-,-,-,3562.0000,3561.6000,3560.6000,3560.2000,3560.0000,3566.0000,3566.2000,3568.8000,3569.0000,3569.2000,2,2,2,1,6,1,1,2,1,1
SF,IF2005,2020-03-24 09:34:00.200,3564.4000,824,0,145712820.000,0,-,-,-,-,3562.2000,3562.0000,3561.6000,3560.6000,3560.2000,3565.6000,3566.0000,3566.2000,3568.8000,3569.0000,1,3,2,2,2,3,1,1,2,1
SF,IF2005,2020-03-24 09:34:00.700,3564.4000,824,0,145712820.000,0,-,-,-,-,3562.2000,3562.0000,3561.6000,3560.6000,3560.2000,3565.6000,3566.0000,3566.2000,3568.8000,3569.0000,1,2,2,2,2,3,1,1,2,1
SF,IF2005,2020-03-24 09:34:01.200,3564.4000,824,0,145712820.000,0,-,-,-,-,3562.2000,3562.0000,3561.6000,3560.6000,3560.2000,3564.4000,3565.4000,3565.6000,3566.0000,3566.2000,1,2,2,2,2,1,1,3,1,1
SF,IF2005,2020-03-24 09:34:01.700,3564.4000,824,0,145712820.000,0,-,-,-,-,3562.2000,3560.6000,3560.2000,3555.0000,3553.4000,3564.2000,3564.4000,3565.4000,3565.6000,3566.0000,1,1,2,5,2,1,1,1,3,1
SF,IF2005,2020-03-24 09:34:02.200,3564.2000,824,0,146782080.000,1,0,1,多换,S,3562.2000,3560.6000,3560.2000,3555.0000,3553.4000,3564.4000,3565.4000,3565.6000,3566.0000,3566.2000,1,1,2,5,2,1,1,3,1,1
SF,IF2005,2020-03-24 09:34:02.700,3564.4000,824,0,147851400.000,1,0,1,多换,S,3562.0000,3560.6000,3560.2000,3555.0000,3553.4000,3565.6000,3566.2000,3568.8000,3569.0000,3574.0000,1,1,2,5,2,3,1,1,1,1
SF,IF2005,2020-03-24 09:34:03.200,3564.4000,824,0,147851400.000,0,-,-,-,-,3562.2000,3562.0000,3560.6000,3560.2000,3555.0000,3566.2000,3568.8000,3569.0000,3574.0000,3575.8000,1,3,1,2,5,1,1,1,1,1
SF,IF2005,2020-03-24 09:34:03.700,3564.4000,824,0,147851400.000,0,-,-,-,-,3562.2000,3562.0000,3560.6000,3560.2000,3555.0000,3568.8000,3569.0000,3574.0000,3575.8000,3580.0000,2,2,1,2,5,1,1,1,1,5
SF,IF2005,2020-03-24 09:34:04.200,3564.4000,824,0,147851400.000,0,-,-,-,-,3562.2000,3562.0000,3560.6000,3560.2000,3555.0000,3568.6000,3568.8000,3574.0000,3575.8000,3580.0000,2,2,1,2,5,2,1,1,1,5
SF,IF2005,2020-03-24 09:34:04.700,3564.4000,824,0,147851400.000,0,-,-,-,-,3562.2000,3562.0000,3560.6000,3560.2000,3555.0000,3568.6000,3574.0000,3575.8000,3580.0000,3584.4000,2,2,1,2,5,2,1,1,5,2
SF,IF2005,2020-03-24 09:34:05.200,3564.4000,824,0,147851400.000,0,-,-,-,-,3562.6000,3562.2000,3562.0000,3560.6000,3560.2000,3567.8000,3568.6000,3574.0000,3575.8000,3580.0000,1,2,2,1,2,1,2,1,1,5
SF,IF2005,2020-03-24 09:34:05.700,3564.4000,824,0,147851400.000,0,-,-,-,-,3562.8000,3562.6000,3562.0000,3560.6000,3560.2000,3567.6000,3567.8000,3568.6000,3574.0000,3575.8000,1,2,2,1,2,1,1,1,1,1
SF,IF2005,2020-03-24 09:34:06.200,3564.4000,824,0,147851400.000,0,-,-,-,-,3562.8000,3562.6000,3562.0000,3560.6000,3560.2000,3567.6000,3568.6000,3574.0000,3575.8000,3580.0000,2,1,2,1,2,2,1,1,1,5
SF,IF2005,2020-03-24 09:34:06.700,3564.4000,824,0,147851400.000,0,-,-,-,-,3563.0000,3562.8000,3562.6000,3562.0000,3560.6000,3567.0000,3567.6000,3568.6000,3574.0000,3575.8000,1,2,1,2,1,1,2,1,1,1
SF,IF2005,2020-03-24 09:34:07.200,3564.4000,824,0,147851400.000,0,-,-,-,-,3563.2000,3563.0000,3562.8000,3562.6000,3562.0000,3566.8000,3567.0000,3567.6000,3568.6000,3574.0000,1,1,1,1,2,1,1,1,1,1
SF,IF2005,2020-03-24 09:34:07.700,3564.4000,824,0,147851400.000,0,-,-,-,-,3563.2000,3563.0000,3562.6000,3562.0000,3560.6000,3566.8000,3567.0000,3567.6000,3568.6000,3574.0000,1,1,1,2,1,1,1,1,1,1
SF,IF2005,2020-03-24 09:34:08.200,3564.4000,824,0,147851400.000,0,-,-,-,-,3563.2000,3563.0000,3562.6000,3562.0000,3560.6000,3566.6000,3566.8000,3567.6000,3568.6000,3574.0000,1,1,1,2,1,1,1,1,1,1
SF,IF2005,2020-03-24 09:34:08.700,3563.2000,823,-1,148920360.000,1,0,1,双平,S,3562.6000,3560.6000,3560.2000,3560.0000,3555.0000,3566.4000,3566.6000,3566.8000,3567.6000,3574.0000,1,1,2,1,5,2,2,1,1,1
SF,IF2005,2020-03-24 09:34:09.200,3566.2000,824,1,149990220.000,1,1,0,双开,S,3560.6000,3560.2000,3560.0000,3555.0000,3553.4000,3566.2000,3566.4000,3566.6000,3566.8000,3567.6000,1,2,1,5,2,1,2,1,1,1
SF,IF2005,2020-03-24 09:34:09.700,3566.2000,824,0,149990220.000,0,-,-,-,-,3560.8000,3560.6000,3560.2000,3560.0000,3555.0000,3566.0000,3566.2000,3566.4000,3566.8000,3567.6000,1,1,2,1,5,1,2,1,1,1
SF,IF2005,2020-03-24 09:34:10.200,3566.2000,824,0,149990220.000,0,-,-,-,-,3560.2000,3560.0000,3555.0000,3553.4000,3542.0000,3564.8000,3565.8000,3566.0000,3566.4000,3566.8000,1,1,5,2,1,1,2,1,1,1
SF,IF2005,2020-03-24 09:34:10.700,3566.2000,824,0,149990220.000,0,-,-,-,-,3560.2000,3560.0000,3555.0000,3553.4000,3542.0000,3564.6000,3564.8000,3566.0000,3566.4000,3566.8000,1,1,5,2,1,3,1,1,1,1
SF,IF2005,2020-03-24 09:34:11.200,3566.2000,824,0,149990220.000,0,-,-,-,-,3560.0000,3555.0000,3553.4000,3542.0000,3540.0000,3564.6000,3566.0000,3566.4000,3566.8000,3569.0000,1,5,2,1,1,3,1,1,1,1
SF,IF2005,2020-03-24 09:34:11.700,3566.2000,824,0,149990220.000,0,-,-,-,-,3560.0000,3555.0000,3553.4000,3542.0000,3540.0000,3562.8000,3564.6000,3566.0000,3566.4000,3569.0000,1,5,2,1,1,1,3,1,1,1
SF,IF2005,2020-03-24 09:34:12.200,3566.2000,824,0,149990220.000,0,-,-,-,-,3560.0000,3555.0000,3553.4000,3542.0000,3540.0000,3562.6000,3562.8000,3564.6000,3566.0000,3566.4000,1,5,2,1,1,2,1,2,1,1
SF,IF2005,2020-03-24 09:34:12.700,3566.2000,824,0,149990220.000,0,-,-,-,-,3560.2000,3560.0000,3555.0000,3553.4000,3542.0000,3562.6000,3564.6000,3566.0000,3569.0000,3574.0000,1,1,5,2,1,1,2,2,1,1
SF,IF2005,2020-03-24 09:34:13.200,3562.6000,824,0,151059000.000,1,0,1,多换,S,3560.0000,3555.0000,3553.4000,3542.0000,3540.0000,3564.6000,3566.0000,3569.0000,3574.0000,3575.8000,1,5,2,1,1,2,2,1,1,1
SF,IF2005,2020-03-24 09:34:13.700,3562.6000,824,0,151059000.000,0,-,-,-,-,3560.2000,3560.0000,3555.0000,3553.4000,3542.0000,3564.2000,3564.4000,3564.6000,3566.0000,3569.0000,1,1,5,2,1,1,1,2,1,1
SF,IF2005,2020-03-24 09:34:14.200,3562.6000,824,0,151059000.000,0,-,-,-,-,3560.6000,3560.2000,3560.0000,3555.0000,3553.4000,3564.2000,3564.4000,3566.0000,3569.0000,3574.0000,1,3,1,5,2,1,1,1,1,1
SF,IF2005,2020-03-24 09:34:14.700,3562.6000,824,0,151059000.000,0,-,-,-,-,3560.8000,3560.6000,3560.2000,3560.0000,3555.0000,3566.0000,3569.0000,3574.0000,3575.8000,3580.0000,1,1,2,1,5,1,1,1,1,5
SF,IF2005,2020-03-24 09:34:15.200,3562.6000,824,0,151059000.000,0,-,-,-,-,3560.8000,3560.6000,3560.2000,3560.0000,3555.0000,3565.4000,3565.8000,3566.0000,3569.0000,3574.0000,1,2,1,1,5,1,1,1,1,1
SF,IF2005,2020-03-24 09:34:15.700,3562.6000,824,0,151059000.000,0,-,-,-,-,3561.4000,3560.8000,3560.6000,3560.2000,3560.0000,3565.4000,3565.8000,3566.0000,3569.0000,3574.0000,1,2,2,1,1,1,2,1,1,1
SF,IF2005,2020-03-24 09:34:16.200,3562.6000,824,0,151059000.000,0,-,-,-,-,3561.6000,3561.4000,3560.8000,3560.6000,3560.2000,3565.4000,3565.8000,3566.0000,3569.0000,3574.0000,1,1,1,2,1,1,2,1,1,1
SF,IF2005,2020-03-24 09:34:16.700,3562.6000,824,0,151059000.000,0,-,-,-,-,3561.8000,3561.6000,3561.4000,3560.8000,3560.6000,3565.2000,3565.4000,3565.8000,3566.0000,3569.0000,1,1,1,1,2,2,1,1,1,1
SF,IF2005,2020-03-24 09:34:17.200,3562.6000,824,0,151059000.000,0,-,-,-,-,3562.0000,3561.8000,3561.6000,3561.4000,3560.8000,3565.2000,3566.0000,3569.0000,3574.0000,3575.8000,1,1,2,1,1,2,1,1,1,1
SF,IF2005,2020-03-24 09:34:17.700,3562.6000,824,0,151059000.000,0,-,-,-,-,3561.8000,3561.4000,3560.8000,3560.6000,3560.2000,3564.2000,3565.2000,3566.0000,3569.0000,3574.0000,1,1,1,1,1,1,1,1,1,1
SF,IF2005,2020-03-24 09:34:18.200,3562.6000,824,0,151059000.000,0,-,-,-,-,3561.4000,3560.6000,3560.2000,3560.0000,3555.0000,3564.2000,3565.2000,3566.0000,3569.0000,3574.0000,1,1,1,1,5,1,1,1,1,1
SF,IF2005,2020-03-24 09:34:18.700,3562.6000,824,0,151059000.000,0,-,-,-,-,3561.6000,3561.4000,3560.6000,3560.2000,3560.0000,3566.0000,3569.0000,3574.0000,3575.8000,3580.0000,2,1,1,1,1,1,1,1,1,5
SF,IF2005,2020-03-24 09:34:19.200,3562.6000,824,0,151059000.000,0,-,-,-,-,3562.0000,3561.8000,3561.6000,3561.4000,3560.6000,3565.6000,3566.0000,3569.0000,3574.0000,3575.8000,1,1,4,1,1,1,1,1,1,1
SF,IF2005,2020-03-24 09:34:19.700,3566.0000,824,0,152128800.000,1,0,1,多换,S,3562.2000,3562.0000,3561.6000,3561.4000,3560.6000,3569.0000,3574.0000,3575.8000,3580.0000,3584.4000,1,3,2,1,1,1,1,1,5,2
SF,IF2005,2020-03-24 09:34:20.200,3566.0000,824,0,152128800.000,0,-,-,-,-,3562.4000,3562.2000,3562.0000,3561.6000,3560.6000,3566.4000,3568.8000,3569.0000,3574.0000,3575.8000,1,1,3,2,1,1,2,1,1,1
SF,IF2005,2020-03-24 09:34:20.700,3562.4000,823,-1,153197520.000,1,0,1,双平,S,3562.2000,3562.0000,3561.6000,3560.6000,3560.2000,3566.2000,3566.4000,3568.8000,3569.0000,3574.0000,1,2,2,1,1,1,1,2,1,1
SF,IF2005,2020-03-24 09:34:21.200,3562.4000,823,0,153197520.000,0,-,-,-,-,3562.4000,3562.2000,3562.0000,3561.6000,3560.6000,3566.2000,3566.4000,3568.8000,3569.0000,3574.0000,1,2,2,2,1,1,1,2,1,1
SF,IF2005,2020-03-24 09:34:21.700,3562.4000,823,0,153197520.000,0,-,-,-,-,3562.6000,3562.4000,3562.2000,3562.0000,3561.6000,3566.0000,3566.2000,3568.8000,3569.0000,3574.0000,1,1,1,2,2,1,1,1,1,1
SF,IF2005,2020-03-24 09:34:22.200,3562.4000,823,0,153197520.000,0,-,-,-,-,3562.6000,3562.4000,3562.2000,3562.0000,3561.6000,3566.0000,3568.8000,3569.0000,3574.0000,3575.8000,1,1,1,1,2,2,1,1,1,1
SF,IF2005,2020-03-24 09:34:22.700,3562.4000,823,0,153197520.000,0,-,-,-,-,3562.8000,3562.6000,3562.2000,3562.0000,3561.6000,3566.0000,3568.8000,3569.0000,3574.0000,3575.8000,1,1,1,1,2,2,1,1,1,1
SF,IF2005,2020-03-24 09:34:23.200,3562.4000,823,0,153197520.000,0,-,-,-,-,3562.6000,3561.6000,3560.6000,3560.2000,3560.0000,3566.0000,3568.8000,3569.0000,3574.0000,3575.8000,1,2,1,1,1,2,1,1,1,1
