市场代码,合约代码,时间,最新,持仓,增仓,成交额,成交量,开仓,平仓,成交类型,方向,买一价,买二价,买三价,买四价,买五价,卖一价,卖二价,卖三价,卖四价,卖五价,买一量,买二量,买三量,买四量,买五量,卖一量,卖二量,卖三量,卖四量,卖五量
SF,IF2008,2020-07-02 09:29:00.400,4179.4000,4655,0,1253820.000,1.000,-,-,-,-,4179.2000,4179.0000,4178.0000,4177.0000,4176.2000,4184.0000,4186.2000,4186.8000,4188.0000,4189.0000,4,1,1,1,4,1,3,1,2,1
SF,IF2008,2020-07-02 09:30:00.400,4183.8000,4655,0,3763980.000,2,1,1,多换,S,4179.6000,4179.2000,4179.0000,4178.0000,4177.0000,4183.8000,4184.0000,4186.2000,4186.8000,4188.0000,1,4,1,1,1,2,1,3,1,2
SF,IF2008,2020-07-02 09:30:00.900,4183.8000,4655,0,3763980.000,0,-,-,-,-,4179.8000,4179.6000,4179.2000,4179.0000,4178.0000,4182.4000,4183.0000,4183.2000,4183.6000,4183.8000,1,2,4,1,1,3,1,1,1,2
SF,IF2008,2020-07-02 09:30:01.400,4183.8000,4655,0,3763980.000,0,-,-,-,-,4180.0000,4179.8000,4179.6000,4179.2000,4179.0000,4182.2000,4182.4000,4183.2000,4183.6000,4183.8000,1,1,1,4,1,2,3,1,1,1
SF,IF2008,2020-07-02 09:30:01.900,4180.0000,4653,-2,6272040.000,2,0,2,双平,S,4179.6000,4179.2000,4179.0000,4178.0000,4177.0000,4180.8000,4181.4000,4182.0000,4182.2000,4182.4000,1,4,1,1,1,1,1,3,2,1
SF,IF2008,2020-07-02 09:30:02.400,4179.2000,4652,-1,11287740.000,4,1,3,多平,S,4179.2000,4179.0000,4178.0000,4177.0000,4176.2000,4180.4000,4180.6000,4180.8000,4182.0000,4182.4000,3,1,1,1,4,1,2,2,2,1
SF,IF2008,2020-07-02 09:30:02.900,4179.0000,4652,0,16302720.000,4,2,2,多换,S,4178.0000,4177.0000,4176.2000,4176.0000,4175.0000,4179.0000,4179.2000,4179.8000,4180.2000,4180.4000,1,1,4,1,1,1,1,1,2,1
SF,IF2008,2020-07-02 09:30:03.400,4178.0000,4650,-2,20063040.000,3,0,3,多平,S,4177.0000,4176.2000,4176.0000,4175.0000,4174.0000,4178.8000,4179.0000,4179.2000,4180.2000,4180.8000,1,4,1,1,1,1,1,1,1,2
SF,IF2008,2020-07-02 09:30:03.900,4178.2000,4649,-1,21316500.000,1,0,1,双平,S,4177.2000,4177.0000,4176.2000,4176.0000,4175.0000,4178.6000,4178.8000,4179.0000,4179.2000,4180.8000,1,1,4,1,1,1,1,1,1,1
SF,IF2008,2020-07-02 09:30:04.400,4178.4000,4647,-2,23823540.000,2,0,2,双平,S,4177.2000,4177.0000,4176.2000,4176.0000,4175.0000,4179.0000,4179.2000,4180.8000,4182.0000,4182.4000,1,1,4,1,1,1,1,1,1,2
SF,IF2008,2020-07-02 09:30:04.900,4178.8000,4646,-1,25077180.000,1,0,1,双平,S,4178.6000,4177.2000,4177.0000,4176.2000,4176.0000,4178.8000,4179.0000,4179.2000,4180.8000,4182.0000,1,1,1,4,1,1,1,1,1,1
SF,IF2008,2020-07-02 09:30:05.400,4178.6000,4645,-1,26330760.000,1,0,1,双平,S,4177.2000,4177.0000,4176.2000,4176.0000,4175.0000,4178.6000,4178.8000,4179.0000,4179.2000,4180.8000,3,1,4,1,1,1,1,1,1,1
SF,IF2008,2020-07-02 09:30:05.900,4178.6000,4645,0,26330760.000,0,-,-,-,-,4177.2000,4177.0000,4176.2000,4176.0000,4175.0000,4178.4000,4178.6000,4178.8000,4179.0000,4179.2000,3,1,4,1,1,3,1,1,1,1
SF,IF2008,2020-07-02 09:30:06.400,4177.2000,4645,0,27583920.000,1,0,1,多换,S,4177.2000,4177.0000,4176.2000,4176.0000,4175.0000,4178.4000,4178.8000,4179.0000,4179.2000,4180.8000,1,1,4,1,1,4,1,1,1,1
SF,IF2008,2020-07-02 09:30:06.900,4177.2000,4645,0,27583920.000,0,-,-,-,-,4177.2000,4177.0000,4176.2000,4176.0000,4175.0000,4178.2000,4178.4000,4178.8000,4179.0000,4179.2000,1,1,4,1,1,1,4,1,1,1
SF,IF2008,2020-07-02 09:30:07.400,4177.2000,4645,0,27583920.000,0,-,-,-,-,4177.4000,4177.2000,4177.0000,4176.2000,4176.0000,4177.8000,4178.0000,4178.4000,4178.8000,4179.0000,1,1,1,4,1,1,2,3,1,1
SF,IF2008,2020-07-02 09:30:07.900,4177.2000,4645,0,27583920.000,0,-,-,-,-,4177.2000,4177.0000,4176.2000,4176.0000,4175.0000,4177.8000,4178.0000,4178.4000,4178.8000,4179.0000,1,1,4,1,1,1,1,3,1,1
SF,IF2008,2020-07-02 09:30:08.400,4177.2000,4645,0,27583920.000,0,-,-,-,-,4177.2000,4177.0000,4176.2000,4176.0000,4175.0000,4177.8000,4178.0000,4178.4000,4179.0000,4179.2000,1,1,4,1,1,1,1,3,1,1
SF,IF2008,2020-07-02 09:30:08.900,4177.8000,4644,-1,28837260.000,1,0,1,双平,S,4177.2000,4177.0000,4176.2000,4176.0000,4175.0000,4178.0000,4178.4000,4179.0000,4179.2000,4179.8000,1,1,4,1,1,1,3,1,1,1
SF,IF2008,2020-07-02 09:30:09.400,4177.8000,4643,-1,30090600.000,1,0,1,双平,S,4177.2000,4177.0000,4176.2000,4176.0000,4175.0000,4178.4000,4179.0000,4179.2000,4179.8000,4180.8000,1,1,4,1,1,3,1,1,1,1
SF,IF2008,2020-07-02 09:30:09.900,4179.2000,4639,-4,36358620.000,5,0,5,多平,S,4177.4000,4177.2000,4177.0000,4176.2000,4176.0000,4178.2000,4179.2000,4179.8000,4180.8000,4183.2000,1,1,1,4,1,1,1,1,1,1
SF,IF2008,2020-07-02 09:30:10.400,4177.6000,4637,-2,38865360.000,2,0,2,双平,S,4177.4000,4177.2000,4177.0000,4176.2000,4176.0000,4178.0000,4179.8000,4180.8000,4183.2000,4184.0000,1,1,1,4,1,2,1,1,1,1
SF,IF2008,2020-07-02 09:30:10.900,4177.6000,4634,-3,42625440.000,3,0,3,双平,S,4177.2000,4177.0000,4176.2000,4176.0000,4175.0000,4179.0000,4179.2000,4179.8000,4180.8000,4183.2000,1,1,4,1,1,2,1,1,1,1
SF,IF2008,2020-07-02 09:30:11.400,4179.0000,4632,-2,45132840.000,2,0,2,双平,S,4178.2000,4177.4000,4177.2000,4177.0000,4176.2000,4179.2000,4179.8000,4180.8000,4183.2000,4185.0000,1,1,1,1,4,1,1,1,1,5
SF,IF2008,2020-07-02 09:30:11.900,4179.2000,4631,-1,46386600.000,1,0,1,双平,S,4178.4000,4178.2000,4177.0000,4176.2000,4176.0000,4179.8000,4180.8000,4183.2000,4185.0000,4186.0000,1,1,1,4,1,1,1,1,5,1
SF,IF2008,2020-07-02 09:30:12.400,4178.6000,4630,-1,47640180.000,1,0,1,双平,S,4178.4000,4178.2000,4177.0000,4176.2000,4176.0000,4180.8000,4183.2000,4185.0000,4186.0000,4186.8000,1,1,1,4,1,1,1,5,1,1
SF,IF2008,2020-07-02 09:30:12.900,4178.6000,4630,0,47640180.000,0,-,-,-,-,4178.4000,4178.2000,4177.0000,4176.2000,4176.0000,4180.4000,4180.6000,4180.8000,4183.2000,4185.0000,2,1,1,4,1,1,2,1,1,5
SF,IF2008,2020-07-02 09:30:13.400,4180.4000,4630,0,48894300.000,1,0,1,多换,S,4178.4000,4178.2000,4177.0000,4176.2000,4176.0000,4180.2000,4180.8000,4183.2000,4183.6000,4185.0000,2,1,1,4,1,1,1,1,1,5
SF,IF2008,2020-07-02 09:30:13.900,4180.2000,4629,-1,50148360.000,1,0,1,双平,S,4178.8000,4178.6000,4178.4000,4178.2000,4177.0000,4180.8000,4183.2000,4183.6000,4185.0000,4186.0000,1,1,1,1,1,1,1,1,5,1
SF,IF2008,2020-07-02 09:30:14.400,4180.2000,4629,0,50148360.000,0,-,-,-,-,4179.2000,4179.0000,4178.8000,4178.6000,4178.2000,4180.8000,4181.2000,4183.2000,4183.6000,4185.0000,1,2,1,1,1,1,1,1,1,5
SF,IF2008,2020-07-02 09:30:14.900,4180.2000,4629,0,50148360.000,0,-,-,-,-,4179.4000,4179.2000,4179.0000,4178.8000,4178.6000,4180.8000,4181.2000,4183.2000,4183.6000,4185.0000,1,1,1,1,1,1,1,1,1,5
SF,IF2008,2020-07-02 09:30:15.400,4180.2000,4629,0,50148360.000,0,-,-,-,-,4179.4000,4179.2000,4179.0000,4178.8000,4178.4000,4180.6000,4180.8000,4181.2000,4183.2000,4183.6000,1,1,1,1,1,2,1,1,1,1
SF,IF2008,2020-07-02 09:30:15.900,4180.2000,4629,0,50148360.000,0,-,-,-,-,4179.4000,4179.2000,4179.0000,4178.8000,4178.4000,4180.6000,4180.8000,4181.2000,4183.2000,4183.6000,2,1,1,1,1,2,1,1,1,1
SF,IF2008,2020-07-02 09:30:16.400,4180.2000,4629,0,50148360.000,0,-,-,-,-,4179.4000,4179.2000,4179.0000,4178.8000,4178.2000,4180.6000,4180.8000,4181.6000,4183.2000,4183.6000,3,1,1,1,1,1,1,1,1,1
SF,IF2008,2020-07-02 09:30:16.900,4180.6000,4629,0,51402540.000,1,0,1,多换,S,4180.6000,4179.4000,4179.2000,4179.0000,4178.8000,4180.8000,4181.4000,4181.6000,4183.2000,4183.6000,4,2,1,1,1,1,1,1,1,1
SF,IF2008,2020-07-02 09:30:17.400,4180.6000,4629,0,57673440.000,5,2,3,多换,S,4179.6000,4179.4000,4179.2000,4179.0000,4178.8000,4180.8000,4181.4000,4181.6000,4183.2000,4183.6000,1,1,1,1,1,1,2,1,1,1
SF,IF2008,2020-07-02 09:30:17.900,4179.8000,4628,-1,58927380.000,1,0,1,双平,S,4179.6000,4179.2000,4179.0000,4178.2000,4177.0000,4180.2000,4180.6000,4180.8000,4181.4000,4181.6000,1,1,1,1,1,1,1,1,2,1
SF,IF2008,2020-07-02 09:30:18.400,4179.6000,4628,0,60181260.000,1,0,1,多换,S,4179.2000,4178.2000,4177.0000,4176.2000,4176.0000,4180.2000,4180.6000,4180.8000,4181.4000,4181.6000,1,1,1,4,1,1,1,1,2,1
SF,IF2008,2020-07-02 09:30:18.900,4179.6000,4628,0,60181260.000,0,-,-,-,-,4178.2000,4177.0000,4176.2000,4176.0000,4175.0000,4180.0000,4180.2000,4180.6000,4180.8000,4181.4000,1,1,4,1,1,1,1,1,1,1
SF,IF2008,2020-07-02 09:30:19.400,4180.8000,4628,0,65197380.000,4,2,2,多换,S,4180.8000,4180.2000,4178.4000,4178.2000,4177.0000,4181.4000,4181.6000,4181.8000,4183.2000,4185.0000,2,1,1,2,1,1,1,1,1,5
SF,IF2008,2020-07-02 09:30:19.900,4180.8000,4629,1,70214340.000,4,2,2,空开,S,4180.8000,4180.2000,4178.4000,4178.2000,4177.0000,4181.4000,4181.6000,4181.8000,4183.2000,4185.0000,18,1,1,2,1,1,1,1,1,5
SF,IF2008,2020-07-02 09:30:20.400,4180.8000,4628,-1,80248500.000,8,3,5,多平,S,4180.8000,4180.2000,4178.4000,4178.2000,4177.0000,4181.4000,4181.6000,4181.8000,4183.2000,4185.0000,12,1,1,2,1,1,1,1,1,5
SF,IF2008,2020-07-02 09:30:20.900,4180.8000,4631,3,92791080.000,10,6,4,空开,S,4180.8000,4180.2000,4178.4000,4178.2000,4177.0000,4181.0000,4181.6000,4183.2000,4185.0000,4186.0000,3,1,1,1,1,1,1,1,5,1
SF,IF2008,2020-07-02 09:30:21.400,4180.8000,4632,1,97808100.000,4,2,2,空开,S,4180.2000,4178.4000,4178.2000,4177.0000,4176.2000,4183.2000,4185.0000,4186.0000,4186.8000,4188.2000,1,1,1,1,4,1,5,1,1,1
SF,IF2008,2020-07-02 09:30:21.900,4180.4000,4631,-1,99062220.000,1,0,1,双平,S,4180.4000,4180.2000,4178.2000,4177.0000,4176.2000,4181.4000,4181.8000,4182.2000,4183.0000,4183.2000,1,2,1,1,4,1,1,1,2,2
SF,IF2008,2020-07-02 09:30:22.400,4180.4000,4630,-1,100316340.000,1,0,1,双平,S,4180.2000,4178.2000,4177.0000,4176.2000,4176.0000,4181.2000,4181.4000,4181.8000,4182.2000,4183.0000,1,1,1,4,1,1,1,2,1,2
SF,IF2008,2020-07-02 09:30:22.900,4180.4000,4630,0,100316340.000,0,-,-,-,-,4180.2000,4178.2000,4177.8000,4177.0000,4176.2000,4181.2000,4181.4000,4181.8000,4182.2000,4182.4000,1,1,1,1,4,1,1,2,1,1
SF,IF2008,2020-07-02 09:30:23.900,4180.4000,4630,0,100316340.000,0,-,-,-,-,4180.2000,4178.2000,4177.8000,4177.0000,4176.2000,4181.2000,4181.4000,4181.8000,4182.2000,4182.4000,1,1,1,1,4,1,1,2,1,1
SF,IF2008,2020-07-02 09:30:24.400,4180.4000,4629,-1,101570460.000,1,0,1,双平,S,4180.2000,4178.2000,4177.8000,4177.0000,4176.2000,4181.2000,4181.4000,4181.8000,4182.2000,4182.4000,1,1,1,1,4,1,1,2,1,1
SF,IF2008,2020-07-02 09:30:24.900,4180.4000,4629,0,101570460.000,0,-,-,-,-,4180.2000,4178.2000,4177.8000,4177.0000,4176.2000,4180.6000,4181.2000,4181.4000,4181.8000,4182.2000,1,1,1,1,4,1,1,1,2,1
SF,IF2008,2020-07-02 09:30:25.400,4180.6000,4629,0,102824640.000,1,0,1,多换,S,4180.2000,4178.2000,4177.8000,4177.0000,4176.2000,4181.2000,4181.4000,4181.8000,4182.2000,4185.0000,1,1,1,1,4,1,1,2,1,5
SF,IF2008,2020-07-02 09:30:25.900,4180.6000,4629,0,102824640.000,0,-,-,-,-,4180.2000,4178.2000,4177.8000,4177.0000,4176.2000,4181.0000,4181.2000,4181.8000,4182.2000,4185.0000,1,1,1,1,4,1,1,2,1,5
SF,IF2008,2020-07-02 09:30:26.400,4180.2000,4629,0,104078700.000,1,0,1,多换,S,4178.2000,4177.8000,4177.0000,4176.2000,4176.0000,4180.8000,4181.0000,4181.8000,4182.2000,4185.0000,1,1,1,4,1,1,1,2,1,5
SF,IF2008,2020-07-02 09:30:26.900,4180.2000,4629,0,104078700.000,0,-,-,-,-,4178.4000,4178.2000,4177.8000,4177.0000,4176.2000,4180.6000,4180.8000,4181.0000,4181.8000,4182.2000,1,1,1,1,4,1,1,1,2,1
SF,IF2008,2020-07-02 09:30:27.400,4180.2000,4629,0,104078700.000,0,-,-,-,-,4178.6000,4178.4000,4178.2000,4177.8000,4177.0000,4180.4000,4180.6000,4181.0000,4181.8000,4182.2000,1,1,1,1,1,1,1,1,2,1
SF,IF2008,2020-07-02 09:30:27.900,4180.2000,4629,0,104078700.000,0,-,-,-,-,4178.8000,4178.6000,4178.2000,4177.8000,4177.0000,4180.4000,4180.6000,4181.0000,4181.8000,4182.2000,1,1,1,1,1,1,1,1,2,1
SF,IF2008,2020-07-02 09:30:28.400,4180.6000,4629,0,105332880.000,1,0,1,多换,S,4181.2000,4179.0000,4178.8000,4178.6000,4178.2000,4181.8000,4182.2000,4185.0000,4186.0000,4186.8000,4,1,3,1,1,2,1,5,1,1
SF,IF2008,2020-07-02 09:30:28.900,4181.2000,4629,0,110350320.000,4,2,2,多换,S,4179.0000,4178.8000,4178.2000,4177.8000,4177.0000,4181.8000,4185.0000,4186.0000,4186.8000,4188.2000,3,3,1,1,1,1,5,1,1,1
SF,IF2008,2020-07-02 09:30:29.400,4181.2000,4629,0,110350320.000,0,-,-,-,-,4179.2000,4179.0000,4178.8000,4178.2000,4177.8000,4181.2000,4181.6000,4181.8000,4185.0000,4186.0000,2,3,1,1,1,1,1,1,5,1
SF,IF2008,2020-07-02 09:30:29.900,4181.2000,4629,0,110350320.000,0,-,-,-,-,4179.4000,4179.2000,4179.0000,4178.8000,4178.2000,4181.0000,4181.2000,4181.6000,4181.8000,4185.0000,1,2,3,1,1,1,2,1,1,5
SF,IF2008,2020-07-02 09:30:30.400,4181.2000,4629,0,110350320.000,0,-,-,-,-,4179.6000,4179.4000,4179.2000,4179.0000,4178.8000,4181.0000,4181.4000,4181.8000,4185.0000,4186.0000,1,1,1,2,1,1,2,1,5,1
SF,IF2008,2020-07-02 09:30:30.900,4181.2000,4629,0,110350320.000,0,-,-,-,-,4179.4000,4179.2000,4179.0000,4178.8000,4178.2000,4181.0000,4181.4000,4181.8000,4185.0000,4186.0000,1,1,2,1,1,1,2,1,5,1
SF,IF2008,2020-07-02 09:30:31.400,4181.2000,4629,0,111604680.000,1,0,1,多换,S,4179.6000,4179.4000,4179.0000,4178.8000,4178.2000,4181.2000,4181.4000,4181.8000,4185.0000,4186.0000,1,1,2,1,1,1,2,1,5,1
SF,IF2008,2020-07-02 09:30:31.900,4181.2000,4629,0,111604680.000,0,-,-,-,-,4179.6000,4179.4000,4179.0000,4178.8000,4178.2000,4181.0000,4181.2000,4181.4000,4185.0000,4186.0000,1,1,2,1,1,1,1,2,5,1
SF,IF2008,2020-07-02 09:30:32.900,4181.2000,4629,0,111604680.000,0,-,-,-,-,4179.6000,4179.0000,4178.8000,4178.2000,4177.8000,4181.4000,4185.0000,4186.0000,4186.8000,4188.2000,2,2,1,1,1,2,5,1,1,1
SF,IF2008,2020-07-02 09:30:33.400,4181.2000,4629,0,111604680.000,0,-,-,-,-,4179.8000,4179.6000,4178.8000,4178.2000,4177.8000,4181.2000,4181.4000,4182.4000,4185.0000,4186.0000,1,2,1,1,1,1,2,1,5,1
SF,IF2008,2020-07-02 09:30:33.900,4181.2000,4629,0,111604680.000,0,-,-,-,-,4180.0000,4179.8000,4179.6000,4178.8000,4178.2000,4181.2000,4181.4000,4182.4000,4183.0000,4185.0000,1,1,1,1,1,1,2,1,1,5
SF,IF2008,2020-07-02 09:30:34.400,4181.2000,4629,0,111604680.000,0,-,-,-,-,4180.0000,4179.8000,4178.8000,4178.2000,4177.8000,4181.4000,4182.4000,4183.0000,4185.0000,4186.0000,1,1,1,1,1,2,1,1,5,1
SF,IF2008,2020-07-02 09:30:34.900,4181.2000,4629,0,111604680.000,0,-,-,-,-,4180.2000,4180.0000,4179.8000,4178.8000,4178.2000,4182.4000,4183.0000,4185.0000,4186.0000,4186.8000,1,2,1,1,1,1,1,5,1,1
SF,IF2008,2020-07-02 09:30:35.400,4181.2000,4629,0,111604680.000,0,-,-,-,-,4180.4000,4180.2000,4178.8000,4178.2000,4177.8000,4183.0000,4185.0000,4186.0000,4186.8000,4188.2000,2,3,1,1,1,1,5,1,1,1
SF,IF2008,2020-07-02 09:30:35.900,4181.2000,4629,0,111604680.000,0,-,-,-,-,4180.6000,4180.4000,4180.2000,4178.8000,4178.2000,4182.8000,4183.0000,4186.0000,4186.8000,4188.2000,2,2,1,1,1,1,1,1,1,1
SF,IF2008,2020-07-02 09:30:36.400,4181.2000,4629,0,111604680.000,0,-,-,-,-,4180.8000,4180.6000,4180.2000,4178.8000,4178.2000,4182.8000,4183.0000,4186.0000,4186.8000,4188.2000,2,2,1,1,1,1,1,1,1,1
SF,IF2008,2020-07-02 09:30:36.900,4181.2000,4629,0,111604680.000,0,-,-,-,-,4181.0000,4180.8000,4178.8000,4178.2000,4177.0000,4182.8000,4183.0000,4186.0000,4186.8000,4188.2000,1,2,1,1,1,1,1,1,1,1
SF,IF2008,2020-07-02 09:30:37.400,4181.2000,4629,0,111604680.000,0,-,-,-,-,4181.2000,4181.0000,4180.8000,4178.8000,4178.2000,4182.8000,4183.0000,4186.0000,4186.8000,4188.2000,1,1,1,1,1,1,1,1,1,1
SF,IF2008,2020-07-02 09:30:37.900,4181.2000,4629,0,111604680.000,0,-,-,-,-,4182.8000,4181.2000,4181.0000,4180.8000,4178.8000,4183.0000,4186.0000,4186.8000,4188.2000,4189.2000,2,1,1,1,1,1,1,1,1,1
SF,IF2008,2020-07-02 09:30:38.400,4182.8000,4629,0,114114360.000,2,1,1,多换,S,4181.2000,4181.0000,4180.8000,4178.8000,4178.2000,4186.0000,4186.8000,4188.2000,4189.2000,4190.0000,2,1,1,1,1,1,1,1,1,5
SF,IF2008,2020-07-02 09:30:38.900,4182.8000,4629,0,114114360.000,0,-,-,-,-,4181.4000,4181.2000,4181.0000,4178.8000,4178.2000,4184.2000,4184.4000,4184.6000,4185.0000,4185.8000,1,2,1,1,1,1,1,1,2,3
SF,IF2008,2020-07-02 09:30:39.400,4182.8000,4629,0,114114360.000,0,-,-,-,-,4181.6000,4181.4000,4181.2000,4181.0000,4178.8000,4184.2000,4184.4000,4184.6000,4185.0000,4185.8000,1,1,1,1,1,1,1,1,2,2
SF,IF2008,2020-07-02 09:30:39.900,4182.8000,4629,0,114114360.000,0,-,-,-,-,4181.8000,4181.6000,4181.2000,4181.0000,4178.8000,4184.0000,4184.2000,4184.4000,4184.6000,4185.0000,1,2,1,1,1,1,1,1,1,2
SF,IF2008,2020-07-02 09:30:40.400,4184.2000,4628,-1,116624820.000,2,0,2,多平,S,4182.0000,4181.8000,4181.2000,4178.8000,4178.2000,4184.6000,4185.0000,4186.0000,4186.8000,4188.2000,1,2,1,1,1,1,1,1,1,1
SF,IF2008,2020-07-02 09:30:40.900,4184.2000,4628,0,116624820.000,0,-,-,-,-,4182.2000,4182.0000,4181.8000,4181.2000,4178.8000,4184.4000,4184.6000,4185.0000,4186.0000,4186.8000,2,1,1,1,1,1,1,1,1,1
SF,IF2008,2020-07-02 09:30:41.400,4184.2000,4628,0,116624820.000,0,-,-,-,-,4182.4000,4182.2000,4181.8000,4181.2000,4178.8000,4184.4000,4184.6000,4185.0000,4186.0000,4186.8000,1,2,1,1,1,1,1,1,1,1
SF,IF2008,2020-07-02 09:30:41.900,4184.2000,4624,-4,121645860.000,4,0,4,双平,S,4182.4000,4182.2000,4181.2000,4178.8000,4178.2000,4184.2000,4184.4000,4186.0000,4186.8000,4188.2000,1,1,1,1,1,1,1,1,1,1
SF,IF2008,2020-07-02 09:30:42.400,4186.0000,4622,-2,124156920.000,2,0,2,双平,S,4184.4000,4182.4000,4181.2000,4178.8000,4178.2000,4186.8000,4188.2000,4189.2000,4190.0000,4198.2000,4,2,1,1,1,1,1,1,5,1
SF,IF2008,2020-07-02 09:30:42.900,4186.0000,4622,0,124156920.000,0,-,-,-,-,4184.6000,4184.4000,4182.4000,4181.2000,4178.8000,4186.8000,4188.2000,4189.2000,4190.0000,4198.2000,2,4,1,1,1,1,1,1,5,1
SF,IF2008,2020-07-02 09:30:43.400,4184.8000,4621,-1,126668400.000,2,0,2,多平,S,4184.6000,4184.4000,4182.4000,4181.2000,4178.2000,4186.0000,4186.4000,4186.6000,4188.2000,4189.2000,2,4,1,1,1,1,1,1,1,1
SF,IF2008,2020-07-02 09:30:43.900,4184.8000,4621,0,126668400.000,0,-,-,-,-,4184.6000,4184.4000,4181.2000,4178.2000,4177.0000,4188.2000,4189.2000,4190.0000,4198.2000,4200.0000,1,4,1,1,1,1,1,5,1,5
SF,IF2008,2020-07-02 09:30:44.400,4184.8000,4621,0,126668400.000,0,-,-,-,-,4184.8000,4184.6000,4184.4000,4181.2000,4178.2000,4187.0000,4187.2000,4187.4000,4187.8000,4188.0000,1,1,4,1,1,1,1,1,1,2
SF,IF2008,2020-07-02 09:30:44.900,4184.8000,4621,0,126668400.000,0,-,-,-,-,4185.0000,4184.8000,4184.4000,4183.2000,4178.2000,4187.0000,4187.2000,4187.4000,4187.8000,4188.0000,1,1,4,1,1,1,1,1,1,1
SF,IF2008,2020-07-02 09:30:45.400,4184.8000,4621,0,126668400.000,0,-,-,-,-,4185.2000,4185.0000,4184.4000,4183.2000,4178.2000,4186.8000,4187.0000,4187.2000,4187.4000,4187.8000,1,1,4,1,1,1,1,1,1,1
SF,IF2008,2020-07-02 09:30:45.900,4184.8000,4621,0,126668400.000,0,-,-,-,-,4185.4000,4185.2000,4184.4000,4183.2000,4178.2000,4185.8000,4187.0000,4187.4000,4187.8000,4188.2000,1,1,4,1,1,2,1,1,1,1
SF,IF2008,2020-07-02 09:30:46.400,4185.8000,4619,-2,129179880.000,2,0,2,双平,S,4185.6000,4184.4000,4183.2000,4178.2000,4177.0000,4186.6000,4188.2000,4189.2000,4190.0000,4194.0000,1,4,1,1,1,1,1,1,5,4
SF,IF2008,2020-07-02 09:30:46.900,4185.8000,4619,0,129179880.000,0,-,-,-,-,4185.8000,4185.6000,4184.4000,4183.2000,4178.2000,4188.2000,4189.2000,4194.0000,4195.0000,4198.2000,1,2,4,1,1,1,1,4,5,1
SF,IF2008,2020-07-02 09:30:47.400,4185.8000,4619,0,129179880.000,0,-,-,-,-,4186.8000,4186.0000,4185.8000,4185.6000,4184.4000,4188.0000,4188.2000,4189.2000,4189.8000,4194.0000,9,1,1,1,4,2,1,1,2,4
SF,IF2008,2020-07-02 09:30:47.900,4185.8000,4619,0,129179880.000,0,-,-,-,-,4187.0000,4186.8000,4186.0000,4185.6000,4184.4000,4188.0000,4188.2000,4189.2000,4189.8000,4194.0000,1,9,1,1,4,1,1,1,2,4
SF,IF2008,2020-07-02 09:30:48.400,4187.2000,4618,-1,130436040.000,1,0,1,双平,S,4187.0000,4186.8000,4186.0000,4184.4000,4183.2000,4188.2000,4189.2000,4189.8000,4194.0000,4195.0000,1,9,1,4,1,1,1,2,4,5
SF,IF2008,2020-07-02 09:30:48.900,4187.2000,4617,-1,134204520.000,3,1,2,多平,S,4186.8000,4186.0000,4184.4000,4183.2000,4178.2000,4187.8000,4188.0000,4188.2000,4189.2000,4189.8000,9,1,4,1,1,1,2,2,1,2
SF,IF2008,2020-07-02 09:30:49.400,4187.2000,4617,0,134204520.000,0,-,-,-,-,4186.8000,4186.0000,4184.4000,4183.2000,4178.2000,4187.6000,4187.8000,4188.0000,4188.2000,4189.2000,9,1,4,1,1,1,1,1,1,1
SF,IF2008,2020-07-02 09:30:49.900,4188.0000,4617,0,137973540.000,3,1,2,多换,S,4187.0000,4186.8000,4186.0000,4184.4000,4183.2000,4188.2000,4189.2000,4189.8000,4194.0000,4195.0000,1,9,1,4,1,1,1,2,4,5
SF,IF2008,2020-07-02 09:30:50.400,4187.2000,4616,-1,140486160.000,2,0,2,多平,S,4187.2000,4187.0000,4186.8000,4186.0000,4184.4000,4189.2000,4189.8000,4194.0000,4195.0000,4198.2000,2,2,9,1,4,1,2,4,5,1
SF,IF2008,2020-07-02 09:30:50.900,4187.2000,4616,0,140486160.000,0,-,-,-,-,4187.4000,4187.2000,4187.0000,4186.8000,4184.4000,4189.2000,4189.8000,4194.0000,4195.0000,4198.2000,2,2,1,9,4,1,2,4,5,1
SF,IF2008,2020-07-02 09:30:51.400,4187.2000,4616,0,140486160.000,0,-,-,-,-,4187.4000,4187.2000,4186.8000,4184.4000,4183.2000,4189.0000,4189.2000,4189.8000,4194.0000,4195.0000,2,1,9,4,1,1,1,2,4,5
SF,IF2008,2020-07-02 09:30:51.900,4187.2000,4616,0,140486160.000,0,-,-,-,-,4187.4000,4187.2000,4186.8000,4183.2000,4178.2000,4189.0000,4189.2000,4189.8000,4194.0000,4195.0000,2,1,9,1,1,1,1,2,4,5
SF,IF2008,2020-07-02 09:30:52.400,4187.2000,4616,0,140486160.000,0,-,-,-,-,4187.4000,4187.2000,4186.8000,4183.2000,4178.2000,4188.8000,4189.0000,4189.2000,4189.8000,4195.0000,2,1,9,1,1,2,1,1,2,5
SF,IF2008,2020-07-02 09:30:52.900,4188.8000,4616,0,141742800.000,1,0,1,多换,S,4187.4000,4187.2000,4186.8000,4183.2000,4178.2000,4188.8000,4189.0000,4189.2000,4189.8000,4195.0000,1,1,9,1,1,1,1,1,2,5
SF,IF2008,2020-07-02 09:30:53.400,4187.2000,4615,-1,144255180.000,2,0,2,多平,S,4186.8000,4183.2000,4178.2000,4177.0000,4176.2000,4188.2000,4188.6000,4189.0000,4189.2000,4195.0000,9,1,1,1,4,1,3,1,1,5
SF,IF2008,2020-07-02 09:30:53.900,4186.8000,4614,-1,145511220.000,1,0,1,双平,S,4187.0000,4186.8000,4183.2000,4178.2000,4177.0000,4188.6000,4189.0000,4189.2000,4195.0000,4197.2000,1,8,1,1,1,2,1,1,5,4
SF,IF2008,2020-07-02 09:30:54.400,4187.0000,4614,0,146767320.000,1,0,1,多换,S,4186.8000,4183.2000,4178.2000,4177.0000,4176.2000,4188.6000,4189.0000,4189.2000,4195.0000,4197.2000,8,1,1,1,4,2,1,1,5,4
SF,IF2008,2020-07-02 09:30:54.900,4187.0000,4614,0,146767320.000,0,-,-,-,-,4187.0000,4186.8000,4183.2000,4178.2000,4177.0000,4188.4000,4188.6000,4189.0000,4189.2000,4195.0000,1,8,1,1,1,1,2,1,1,5
SF,IF2008,2020-07-02 09:30:55.400,4187.0000,4614,0,146767320.000,0,-,-,-,-,4187.0000,4186.8000,4183.2000,4178.2000,4177.0000,4188.2000,4188.4000,4188.6000,4189.0000,4189.2000,1,8,1,1,1,1,1,2,1,1
SF,IF2008,2020-07-02 09:30:55.900,4187.0000,4614,0,148023420.000,1,0,1,多换,S,4186.8000,4183.2000,4178.2000,4177.0000,4176.2000,4188.0000,4188.2000,4188.6000,4189.0000,4189.2000,8,1,1,1,4,1,2,1,1,1
SF,IF2008,2020-07-02 09:30:56.400,4188.2000,4614,0,154305120.000,5,2,3,多换,S,4183.2000,4178.2000,4177.0000,4176.2000,4176.0000,4188.6000,4189.0000,4189.2000,4195.0000,4197.2000,1,1,1,4,1,1,1,1,5,4
SF,IF2008,2020-07-02 09:30:56.900,4188.2000,4614,0,154305120.000,0,-,-,-,-,4183.6000,4183.4000,4183.2000,4178.2000,4177.0000,4188.2000,4188.6000,4189.0000,4189.2000,4195.0000,2,2,2,1,1,1,1,1,1,5
SF,IF2008,2020-07-02 09:30:57.400,4188.2000,4613,-1,156818040.000,2,0,2,多平,S,4185.6000,4184.6000,4184.4000,4183.8000,4183.6000,4188.6000,4189.0000,4189.2000,4195.0000,4197.2000,2,1,1,3,2,1,1,1,5,4
SF,IF2008,2020-07-02 09:30:57.900,4188.2000,4613,0,156818040.000,0,-,-,-,-,4185.8000,4185.6000,4184.6000,4183.8000,4183.6000,4187.4000,4188.6000,4189.0000,4189.2000,4195.0000,2,2,1,1,2,1,1,1,1,5
SF,IF2008,2020-07-02 09:30:58.400,4187.6000,4613,0,158074320.000,1,0,1,多换,S,4186.4000,4186.0000,4185.8000,4185.6000,4184.6000,4188.6000,4189.0000,4189.2000,4195.0000,4197.2000,2,1,2,2,1,1,1,1,5,4
SF,IF2008,2020-07-02 09:30:58.900,4187.6000,4613,0,158074320.000,0,-,-,-,-,4186.6000,4186.4000,4186.0000,4185.6000,4183.6000,4188.6000,4189.0000,4189.2000,4195.0000,4197.2000,2,2,1,2,2,1,1,1,5,4
SF,IF2008,2020-07-02 09:30:59.400,4187.6000,4613,0,158074320.000,0,-,-,-,-,4186.8000,4186.6000,4186.4000,4185.6000,4183.6000,4188.2000,4188.4000,4188.6000,4189.0000,4189.2000,1,2,2,2,2,1,1,1,1,1
SF,IF2008,2020-07-02 09:30:59.900,4187.6000,4613,0,158074320.000,0,-,-,-,-,4187.0000,4186.8000,4186.6000,4186.4000,4185.6000,4188.2000,4188.6000,4188.8000,4189.0000,4189.2000,2,1,1,2,2,1,1,1,1,1
SF,IF2008,2020-07-02 09:31:00.400,4187.0000,4613,0,160586880.000,2,1,1,多换,S,4187.0000,4186.8000,4186.6000,4186.4000,4185.6000,4188.6000,4188.8000,4189.0000,4189.2000,4195.0000,1,1,1,2,2,1,1,1,1,5
SF,IF2008,2020-07-02 09:31:00.900,4187.2000,4613,0,163099620.000,2,1,1,多换,S,4187.0000,4186.6000,4186.4000,4185.6000,4183.6000,4188.8000,4189.0000,4189.2000,4195.0000,4197.2000,1,1,2,2,2,1,1,1,5,4
SF,IF2008,2020-07-02 09:31:01.400,4187.2000,4613,0,163099620.000,0,-,-,-,-,4187.2000,4187.0000,4186.6000,4185.6000,4183.6000,4188.8000,4189.0000,4189.2000,4195.0000,4197.2000,3,2,1,2,2,1,1,1,5,4
SF,IF2008,2020-07-02 09:31:01.900,4189.0000,4612,-1,165612960.000,2,0,2,多平,S,4187.4000,4187.2000,4187.0000,4186.6000,4185.6000,4189.2000,4195.0000,4197.2000,4198.2000,4200.0000,3,3,1,1,2,1,5,4,1,1
SF,IF2008,2020-07-02 09:31:02.400,4189.0000,4612,0,165612960.000,0,-,-,-,-,4187.6000,4187.4000,4187.2000,4187.0000,4186.6000,4189.2000,4195.0000,4197.2000,4198.2000,4200.0000,2,2,2,1,1,1,5,4,1,1
SF,IF2008,2020-07-02 09:31:02.900,4189.0000,4612,0,166869660.000,1,0,1,多换,S,4187.8000,4187.6000,4187.4000,4187.2000,4187.0000,4189.2000,4195.0000,4195.4000,4197.2000,4198.2000,2,1,1,2,1,1,5,1,4,1
SF,IF2008,2020-07-02 09:31:03.400,4189.0000,4612,0,166869660.000,0,-,-,-,-,4188.0000,4187.8000,4187.4000,4187.2000,4187.0000,4189.2000,4195.0000,4195.4000,4197.2000,4198.2000,1,2,1,2,1,1,5,1,4,1
SF,IF2008,2020-07-02 09:31:03.900,4189.0000,4612,0,166869660.000,0,-,-,-,-,4188.2000,4188.0000,4187.8000,4187.4000,4186.6000,4189.2000,4195.0000,4195.4000,4197.2000,4198.2000,4,2,1,1,1,1,5,1,4,1
SF,IF2008,2020-07-02 09:31:04.400,4189.2000,4611,-1,168126420.000,1,0,1,双平,S,4188.4000,4188.2000,4187.8000,4187.4000,4186.6000,4195.0000,4195.4000,4197.2000,4198.2000,4200.0000,2,4,1,1,1,5,1,4,1,1
SF,IF2008,2020-07-02 09:31:04.900,4189.2000,4611,0,168126420.000,0,-,-,-,-,4189.2000,4188.6000,4188.4000,4188.2000,4187.8000,4190.8000,4191.0000,4191.2000,4191.6000,4194.8000,8,1,2,4,1,1,1,1,1,3
SF,IF2008,2020-07-02 09:31:05.400,4189.2000,4611,0,168126420.000,0,-,-,-,-,4189.4000,4189.2000,4188.6000,4188.2000,4187.8000,4190.8000,4191.2000,4195.0000,4195.4000,4197.2000,3,8,1,3,1,1,1,5,1,4
SF,IF2008,2020-07-02 09:31:05.900,4189.2000,4611,0,168126420.000,0,-,-,-,-,4189.6000,4189.4000,4189.2000,4188.6000,4188.2000,4190.6000,4190.8000,4191.0000,4191.2000,4195.0000,1,2,8,1,3,1,1,1,1,5
SF,IF2008,2020-07-02 09:31:06.400,4189.2000,4611,0,168126420.000,0,-,-,-,-,4189.6000,4189.4000,4189.2000,4188.6000,4188.2000,4190.6000,4190.8000,4191.2000,4195.0000,4195.4000,1,2,8,1,2,1,1,1,5,1
SF,IF2008,2020-07-02 09:31:06.900,4189.2000,4611,0,168126420.000,0,-,-,-,-,4189.8000,4189.6000,4189.4000,4189.2000,4188.6000,4190.8000,4191.2000,4195.0000,4195.4000,4197.2000,1,1,1,8,1,1,1,5,1,4
SF,IF2008,2020-07-02 09:31:07.400,4189.2000,4611,0,168126420.000,0,-,-,-,-,4189.8000,4189.4000,4189.2000,4188.6000,4188.2000,4190.8000,4191.2000,4195.0000,4195.4000,4197.2000,1,1,8,1,2,1,1,5,1,4
SF,IF2008,2020-07-02 09:31:07.900,4191.2000,4611,0,170641020.000,2,1,1,多换,S,4190.0000,4189.8000,4189.4000,4189.2000,4188.6000,4195.0000,4195.4000,4197.2000,4198.2000,4200.0000,1,2,1,8,1,5,1,4,1,1
SF,IF2008,2020-07-02 09:31:08.400,4191.2000,4611,0,170641020.000,0,-,-,-,-,4190.2000,4190.0000,4189.4000,4189.2000,4185.6000,4193.0000,4193.4000,4193.8000,4194.8000,4195.0000,2,2,1,8,1,1,1,1,2,5
SF,IF2008,2020-07-02 09:31:08.900,4191.2000,4611,0,170641020.000,0,-,-,-,-,4190.2000,4190.0000,4189.2000,4185.6000,4183.6000,4192.8000,4193.0000,4193.4000,4193.8000,4194.8000,2,2,8,1,2,1,2,1,1,2
SF,IF2008,2020-07-02 09:31:09.400,4191.2000,4611,0,170641020.000,0,-,-,-,-,4190.2000,4189.2000,4185.6000,4183.6000,4183.2000,4192.8000,4193.0000,4193.4000,4193.8000,4195.4000,2,8,1,2,1,1,2,1,1,1
SF,IF2008,2020-07-02 09:31:09.900,4190.2000,4611,0,173155140.000,2,1,1,多换,S,4189.2000,4185.6000,4183.6000,4183.2000,4178.2000,4192.6000,4192.8000,4193.0000,4193.4000,4193.8000,8,1,2,1,1,1,1,1,1,1
SF,IF2008,2020-07-02 09:31:10.400,4190.2000,4611,0,173155140.000,0,-,-,-,-,4189.4000,4189.2000,4185.6000,4183.6000,4183.2000,4192.6000,4193.0000,4193.4000,4193.8000,4195.4000,3,8,1,2,1,1,1,1,1,1
SF,IF2008,2020-07-02 09:31:10.900,4190.2000,4611,0,173155140.000,0,-,-,-,-,4189.4000,4189.2000,4185.6000,4183.6000,4183.2000,4192.4000,4193.0000,4193.4000,4193.8000,4195.4000,2,8,1,2,1,2,1,1,1,1
SF,IF2008,2020-07-02 09:31:11.400,4190.2000,4611,0,173155140.000,0,-,-,-,-,4189.4000,4189.2000,4185.6000,4183.6000,4183.2000,4192.2000,4192.4000,4193.0000,4193.4000,4193.8000,2,8,1,2,1,1,1,1,1,1
SF,IF2008,2020-07-02 09:31:11.900,4190.2000,4611,0,173155140.000,0,-,-,-,-,4189.4000,4189.2000,4185.6000,4183.6000,4183.2000,4192.0000,4192.2000,4193.0000,4193.4000,4193.8000,2,8,1,2,1,1,1,1,1,1
SF,IF2008,2020-07-02 09:31:13.400,4190.2000,4611,0,173155140.000,0,-,-,-,-,4189.6000,4189.4000,4189.2000,4185.6000,4183.6000,4192.0000,4192.2000,4193.0000,4193.4000,4193.8000,1,2,8,1,2,1,1,1,1,1
SF,IF2008,2020-07-02 09:31:13.900,4190.2000,4611,0,173155140.000,0,-,-,-,-,4189.8000,4189.6000,4189.2000,4185.6000,4183.6000,4192.0000,4192.2000,4193.0000,4193.4000,4193.8000,3,1,8,1,2,1,1,1,1,1
SF,IF2008,2020-07-02 09:31:14.400,4190.2000,4611,0,173155140.000,0,-,-,-,-,4190.0000,4189.8000,4189.2000,4185.6000,4183.6000,4192.0000,4193.0000,4193.4000,4193.8000,4195.4000,1,3,8,1,2,1,1,1,1,1
SF,IF2008,2020-07-02 09:31:14.900,4190.2000,4611,0,173155140.000,0,-,-,-,-,4190.2000,4190.0000,4189.8000,4189.2000,4185.6000,4192.0000,4193.0000,4193.4000,4193.8000,4195.4000,2,1,1,8,1,1,1,1,1,1
SF,IF2008,2020-07-02 09:31:15.400,4190.2000,4611,0,173155140.000,0,-,-,-,-,4190.2000,4190.0000,4189.2000,4185.6000,4183.6000,4192.0000,4193.0000,4193.4000,4193.8000,4195.4000,2,1,8,1,2,1,1,1,1,1
SF,IF2008,2020-07-02 09:31:15.900,4190.2000,4611,0,173155140.000,0,-,-,-,-,4190.2000,4189.2000,4185.6000,4183.6000,4183.2000,4192.0000,4193.0000,4193.4000,4193.8000,4195.4000,2,8,1,2,1,1,1,1,1,1
SF,IF2008,2020-07-02 09:31:16.400,4190.2000,4611,0,173155140.000,0,-,-,-,-,4190.2000,4189.2000,4185.6000,4183.6000,4183.2000,4192.0000,4193.0000,4193.4000,4193.8000,4195.4000,1,8,1,2,1,1,1,1,1,1
SF,IF2008,2020-07-02 09:31:16.900,4190.2000,4611,0,173155140.000,0,-,-,-,-,4190.4000,4190.2000,4189.2000,4183.6000,4183.2000,4192.0000,4193.0000,4193.4000,4193.8000,4195.4000,2,2,8,2,1,1,1,1,1,1
SF,IF2008,2020-07-02 09:31:17.400,4190.2000,4611,0,173155140.000,0,-,-,-,-,4190.6000,4190.4000,4190.2000,4189.2000,4183.6000,4192.0000,4193.0000,4193.4000,4193.8000,4195.4000,1,1,1,8,2,1,1,1,1,1
SF,IF2008,2020-07-02 09:31:17.900,4190.2000,4611,0,173155140.000,0,-,-,-,-,4190.6000,4190.4000,4190.2000,4189.2000,4183.6000,4192.0000,4193.0000,4193.4000,4193.8000,4195.4000,1,1,1,8,2,1,1,1,1,1
SF,IF2008,2020-07-02 09:31:18.400,4190.2000,4611,0,173155140.000,0,-,-,-,-,4190.2000,4183.6000,4183.2000,4178.2000,4177.0000,4192.0000,4193.0000,4193.4000,4193.8000,4195.4000,1,2,1,1,1,1,1,1,1,1
SF,IF2008,2020-07-02 09:31:18.900,4190.2000,4610,-1,174412200.000,1,0,1,双平,S,4183.6000,4183.2000,4178.2000,4177.0000,4176.2000,4192.0000,4193.0000,4193.4000,4193.8000,4195.4000,2,1,1,1,4,1,1,1,1,1
SF,IF2008,2020-07-02 09:31:19.400,4190.2000,4610,0,174412200.000,0,-,-,-,-,4188.8000,4187.4000,4187.0000,4185.6000,4184.4000,4191.8000,4192.0000,4193.0000,4195.4000,4198.2000,1,3,1,2,1,1,1,1,1,1
SF,IF2008,2020-07-02 09:31:19.900,4190.2000,4610,0,174412200.000,0,-,-,-,-,4189.0000,4188.8000,4187.4000,4187.0000,4185.6000,4191.8000,4193.0000,4195.4000,4198.2000,4198.8000,2,2,3,1,1,1,1,1,1,1
SF,IF2008,2020-07-02 09:31:20.400,4191.8000,4610,0,178184760.000,3,1,2,多换,S,4192.0000,4189.0000,4188.8000,4187.4000,4187.0000,4193.0000,4195.4000,4198.2000,4198.8000,4200.0000,17,2,2,3,1,1,1,1,1,6
SF,IF2008,2020-07-02 09:31:20.900,4192.0000,4611,1,199563840.000,17,9,8,空开,S,4189.0000,4188.8000,4187.4000,4187.0000,4185.6000,4192.8000,4193.0000,4195.4000,4198.2000,4198.8000,2,1,3,1,1,2,1,1,1,1
SF,IF2008,2020-07-02 09:31:21.400,4192.0000,4611,0,199563840.000,0,-,-,-,-,4189.2000,4189.0000,4188.8000,4187.4000,4185.6000,4192.2000,4192.6000,4193.0000,4195.4000,4198.2000,2,2,1,2,1,1,2,1,1,1
SF,IF2008,2020-07-02 09:31:21.900,4189.2000,4611,0,202077420.000,2,1,1,多换,S,4189.2000,4188.8000,4187.4000,4187.2000,4185.6000,4192.2000,4192.6000,4193.0000,4195.4000,4198.2000,1,1,1,1,1,3,1,1,1,1
SF,IF2008,2020-07-02 09:31:22.400,4189.2000,4611,0,202077420.000,0,-,-,-,-,4189.4000,4189.2000,4188.8000,4187.4000,4187.2000,4192.0000,4192.2000,4192.6000,4193.0000,4198.2000,1,1,1,1,1,2,1,1,1,1
SF,IF2008,2020-07-02 09:31:22.900,4189.2000,4611,0,202077420.000,0,-,-,-,-,4189.6000,4189.4000,4188.8000,4187.4000,4187.2000,4191.8000,4192.0000,4192.2000,4192.6000,4193.0000,1,2,1,1,1,2,2,1,1,1
SF,IF2008,2020-07-02 09:31:23.400,4192.0000,4608,-3,205850100.000,3,0,3,双平,S,4189.8000,4189.6000,4189.4000,4189.2000,4188.8000,4191.8000,4192.2000,4192.6000,4193.0000,4198.2000,1,1,1,1,1,1,1,1,1,1
SF,IF2008,2020-07-02 09:31:23.900,4192.0000,4607,-1,207107700.000,1,0,1,双平,S,4190.4000,4190.0000,4189.8000,4189.2000,4188.8000,4193.0000,4198.2000,4198.8000,4200.0000,4201.8000,1,2,2,1,1,1,1,1,6,4
SF,IF2008,2020-07-02 09:31:24.400,4192.0000,4607,0,207107700.000,0,-,-,-,-,4190.6000,4190.4000,4190.0000,4189.2000,4188.8000,4193.0000,4194.6000,4198.2000,4198.8000,4200.0000,2,3,2,1,1,1,1,1,1,6
SF,IF2008,2020-07-02 09:31:24.900,4192.0000,4607,0,207107700.000,0,-,-,-,-,4190.6000,4190.4000,4190.0000,4189.2000,4188.8000,4192.8000,4193.0000,4194.6000,4198.2000,4198.8000,2,2,2,1,1,1,1,1,1,1
SF,IF2008,2020-07-02 09:31:25.400,4193.0000,4606,-1,210880680.000,3,1,2,多平,S,4191.4000,4191.2000,4190.6000,4190.4000,4190.0000,4194.6000,4198.2000,4198.8000,4200.0000,4201.8000,2,1,2,2,2,1,1,1,6,4
SF,IF2008,2020-07-02 09:31:25.900,4193.0000,4606,0,210880680.000,0,-,-,-,-,4193.0000,4191.6000,4191.4000,4191.2000,4191.0000,4194.6000,4198.2000,4198.8000,4200.0000,4201.8000,8,2,2,1,1,1,1,1,6,4
SF,IF2008,2020-07-02 09:31:26.400,4194.4000,4606,0,218429340.000,6,3,3,多换,S,4193.0000,4191.6000,4191.4000,4191.2000,4191.0000,4194.4000,4194.6000,4196.8000,4198.2000,4198.8000,5,2,2,1,1,2,2,1,1,1
SF,IF2008,2020-07-02 09:31:26.900,4193.0000,4605,-1,222203040.000,3,1,2,多平,S,4193.0000,4191.6000,4191.4000,4191.2000,4189.2000,4194.0000,4194.2000,4194.4000,4194.6000,4196.8000,2,1,2,1,1,1,1,2,1,1
SF,IF2008,2020-07-02 09:31:27.400,4193.0000,4605,0,223460940.000,1,0,1,多换,S,4193.0000,4191.6000,4191.2000,4189.2000,4188.8000,4193.8000,4194.0000,4194.2000,4194.4000,4196.8000,1,1,1,1,1,2,1,2,1,1
SF,IF2008,2020-07-02 09:31:27.900,4193.0000,4605,0,224718840.000,1,0,1,多换,S,4191.6000,4191.2000,4189.2000,4188.8000,4187.4000,4193.8000,4194.0000,4194.2000,4196.8000,4198.2000,1,1,1,1,1,1,1,2,1,1
SF,IF2008,2020-07-02 09:31:28.400,4193.8000,4604,-1,227235120.000,2,0,2,多平,S,4191.8000,4191.6000,4191.2000,4189.2000,4188.8000,4194.2000,4196.8000,4198.2000,4198.8000,4200.0000,1,1,1,1,1,1,1,1,1,6
SF,IF2008,2020-07-02 09:31:28.900,4194.2000,4603,-1,228493380.000,1,0,1,双平,S,4192.0000,4191.8000,4191.2000,4189.2000,4188.8000,4196.8000,4198.2000,4198.8000,4200.0000,4201.8000,2,2,1,1,1,1,1,1,6,4
SF,IF2008,2020-07-02 09:31:29.400,4194.2000,4603,0,228493380.000,0,-,-,-,-,4192.2000,4192.0000,4191.4000,4189.2000,4188.8000,4193.0000,4194.8000,4195.2000,4195.6000,4196.6000,1,2,1,1,1,10,1,1,1,3
SF,IF2008,2020-07-02 09:31:29.900,4193.0000,4603,0,237298980.000,7,3,4,多换,S,4192.6000,4192.4000,4192.0000,4191.4000,4189.2000,4193.0000,4194.8000,4195.2000,4195.6000,4196.6000,1,1,1,1,1,3,1,1,1,1
SF,IF2008,2020-07-02 09:31:30.400,4193.0000,4603,0,241072680.000,3,1,2,多换,S,4193.2000,4191.4000,4189.2000,4188.8000,4187.2000,4194.8000,4195.2000,4195.6000,4196.6000,4196.8000,1,1,1,1,1,1,1,1,1,1
SF,IF2008,2020-07-02 09:31:30.900,4193.2000,4602,-1,242330640.000,1,0,1,双平,S,4193.2000,4191.4000,4189.2000,4188.8000,4187.2000,4196.8000,4198.2000,4198.8000,4200.0000,4201.8000,1,1,1,1,1,1,1,1,6,4
SF,IF2008,2020-07-02 09:31:31.400,4193.2000,4602,0,242330640.000,0,-,-,-,-,4193.4000,4193.2000,4191.8000,4191.4000,4188.8000,4194.8000,4195.2000,4195.6000,4196.6000,4196.8000,2,1,2,1,1,1,1,1,7,2
SF,IF2008,2020-07-02 09:31:31.900,4193.2000,4602,0,242330640.000,0,-,-,-,-,4193.2000,4191.8000,4191.4000,4188.8000,4187.2000,4194.6000,4194.8000,4195.2000,4195.6000,4196.6000,1,2,1,1,1,2,1,1,1,7
SF,IF2008,2020-07-02 09:31:32.400,4193.2000,4602,0,242330640.000,0,-,-,-,-,4193.6000,4193.2000,4191.4000,4188.8000,4187.2000,4194.6000,4194.8000,4195.2000,4195.6000,4196.6000,2,1,1,1,1,2,1,1,1,5
SF,IF2008,2020-07-02 09:31:32.900,4193.2000,4602,0,242330640.000,0,-,-,-,-,4193.8000,4193.6000,4193.2000,4191.4000,4187.2000,4194.6000,4194.8000,4195.2000,4195.6000,4196.6000,1,2,1,1,1,1,1,1,1,5
SF,IF2008,2020-07-02 09:31:33.900,4193.2000,4602,0,242330640.000,0,-,-,-,-,4193.8000,4193.6000,4193.2000,4191.4000,4187.2000,4194.6000,4194.8000,4195.2000,4195.6000,4196.6000,1,2,1,1,1,1,1,1,1,5
SF,IF2008,2020-07-02 09:31:34.400,4193.2000,4602,0,242330640.000,0,-,-,-,-,4193.6000,4193.2000,4191.4000,4187.2000,4185.6000,4194.6000,4194.8000,4195.2000,4195.6000,4196.6000,2,1,1,1,4,1,1,1,1,5
SF,IF2008,2020-07-02 09:31:34.900,4193.2000,4602,0,242330640.000,0,-,-,-,-,4193.6000,4193.2000,4187.2000,4185.6000,4184.4000,4194.4000,4194.6000,4194.8000,4195.2000,4195.6000,2,1,1,4,1,1,1,1,1,1
SF,IF2008,2020-07-02 09:31:36.400,4193.2000,4602,0,242330640.000,0,-,-,-,-,4194.2000,4193.2000,4193.0000,4187.2000,4185.6000,4194.4000,4194.6000,4194.8000,4195.2000,4195.6000,1,1,1,1,4,1,1,1,1,1
SF,IF2008,2020-07-02 09:31:36.900,4194.2000,4601,-1,243588900.000,1,0,1,双平,S,4193.2000,4193.0000,4187.2000,4185.6000,4184.4000,4194.4000,4194.6000,4196.6000,4196.8000,4198.2000,1,1,1,4,1,1,1,5,1,1
SF,IF2008,2020-07-02 09:31:37.400,4194.2000,4601,0,243588900.000,0,-,-,-,-,4193.4000,4193.2000,4193.0000,4187.2000,4185.6000,4194.4000,4196.6000,4196.8000,4198.2000,4198.8000,1,1,1,1,4,1,5,1,1,1
SF,IF2008,2020-07-02 09:31:37.900,4194.2000,4601,0,243588900.000,0,-,-,-,-,4193.4000,4193.2000,4193.0000,4187.2000,4185.6000,4194.2000,4196.6000,4196.8000,4198.2000,4198.8000,1,1,1,1,4,1,5,1,1,1
SF,IF2008,2020-07-02 09:31:38.400,4194.2000,4600,-1,244847160.000,1,0,1,双平,S,4193.2000,4193.0000,4187.2000,4185.6000,4184.4000,4196.6000,4196.8000,4198.2000,4198.8000,4200.0000,1,1,1,4,1,5,1,1,1,6
SF,IF2008,2020-07-02 09:31:38.900,4194.2000,4600,0,244847160.000,0,-,-,-,-,4193.4000,4193.2000,4193.0000,4187.2000,4185.6000,4195.0000,4195.4000,4195.8000,4196.4000,4196.6000,2,1,1,1,4,1,1,1,3,5
SF,IF2008,2020-07-02 09:31:39.400,4194.2000,4600,0,244847160.000,0,-,-,-,-,4193.4000,4193.2000,4193.0000,4187.2000,4185.6000,4194.8000,4195.0000,4195.4000,4195.8000,4196.4000,1,1,1,1,4,2,2,1,2,2
SF,IF2008,2020-07-02 09:31:39.900,4194.2000,4600,0,244847160.000,0,-,-,-,-,4193.2000,4193.0000,4187.2000,4185.6000,4184.4000,4194.6000,4194.8000,4195.0000,4195.4000,4195.6000,1,1,1,4,1,1,2,1,1,1
SF,IF2008,2020-07-02 09:31:40.400,4194.2000,4600,0,244847160.000,0,-,-,-,-,4193.2000,4193.0000,4187.2000,4185.6000,4184.4000,4194.2000,4194.4000,4194.6000,4194.8000,4195.0000,1,1,1,4,1,1,1,1,1,1
SF,IF2008,2020-07-02 09:31:40.900,4194.2000,4600,0,244847160.000,0,-,-,-,-,4193.4000,4193.0000,4187.2000,4185.6000,4184.4000,4194.2000,4194.4000,4194.8000,4195.0000,4195.4000,1,1,1,4,1,1,1,1,1,1
SF,IF2008,2020-07-02 09:31:41.400,4194.2000,4600,0,244847160.000,0,-,-,-,-,4193.4000,4193.0000,4187.2000,4185.6000,4184.4000,4194.8000,4195.0000,4195.4000,4195.6000,4195.8000,1,1,1,4,1,1,1,1,1,2
SF,IF2008,2020-07-02 09:31:41.900,4194.2000,4600,0,244847160.000,0,-,-,-,-,4193.4000,4193.0000,4187.2000,4185.6000,4184.4000,4194.6000,4194.8000,4195.0000,4195.4000,4195.6000,1,1,1,4,1,1,1,1,1,1
SF,IF2008,2020-07-02 09:31:42.400,4194.2000,4600,0,244847160.000,0,-,-,-,-,4193.6000,4193.4000,4193.0000,4187.2000,4185.6000,4194.6000,4194.8000,4195.0000,4195.4000,4195.6000,1,1,1,1,4,1,1,1,1,1
SF,IF2008,2020-07-02 09:31:42.900,4194.2000,4600,0,244847160.000,0,-,-,-,-,4193.6000,4193.0000,4187.2000,4185.6000,4184.4000,4194.4000,4194.6000,4195.0000,4195.4000,4195.6000,1,1,1,4,1,1,1,1,1,1
SF,IF2008,2020-07-02 09:31:43.400,4194.2000,4600,0,244847160.000,0,-,-,-,-,4193.6000,4193.0000,4187.2000,4185.6000,4184.4000,4194.6000,4195.0000,4195.4000,4195.6000,4195.8000,1,1,1,4,1,1,1,1,1,2
SF,IF2008,2020-07-02 09:31:45.400,4194.6000,4599,-1,247363620.000,2,0,2,多平,S,4194.6000,4193.0000,4187.2000,4185.6000,4184.4000,4195.0000,4195.4000,4195.6000,4195.8000,4196.6000,1,1,1,4,1,1,1,1,2,5
SF,IF2008,2020-07-02 09:31:45.900,4193.0000,4599,0,249879900.000,2,1,1,多换,S,4187.2000,4185.6000,4184.4000,4183.8000,4183.6000,4194.8000,4195.6000,4195.8000,4196.6000,4196.8000,1,4,1,1,2,1,1,1,5,1
SF,IF2008,2020-07-02 09:31:46.400,4193.0000,4599,0,249879900.000,0,-,-,-,-,4191.6000,4190.4000,4189.4000,4188.8000,4187.4000,4194.4000,4194.8000,4195.6000,4195.8000,4196.6000,1,1,1,1,2,1,1,1,1,5
SF,IF2008,2020-07-02 09:31:46.900,4193.0000,4599,0,249879900.000,0,-,-,-,-,4191.8000,4190.8000,4190.4000,4189.4000,4188.8000,4194.2000,4195.6000,4195.8000,4196.6000,4196.8000,2,1,1,1,1,1,1,1,5,1
SF,IF2008,2020-07-02 09:31:47.400,4193.0000,4599,0,249879900.000,0,-,-,-,-,4191.8000,4190.8000,4190.4000,4189.4000,4188.8000,4194.0000,4194.2000,4195.6000,4195.8000,4196.6000,2,1,1,1,1,2,1,1,1,5
SF,IF2008,2020-07-02 09:31:47.900,4194.0000,4599,0,252396240.000,2,1,1,多换,S,4191.8000,4190.8000,4190.4000,4189.4000,4188.8000,4194.0000,4195.6000,4195.8000,4196.6000,4196.8000,2,1,1,2,1,1,1,1,5,1
SF,IF2008,2020-07-02 09:31:48.400,4194.0000,4599,0,252396240.000,0,-,-,-,-,4192.0000,4191.8000,4190.8000,4190.4000,4189.4000,4193.6000,4193.8000,4194.0000,4195.6000,4196.6000,1,2,1,1,2,2,1,1,1,5
SF,IF2008,2020-07-02 09:31:48.900,4192.2000,4599,0,253653900.000,1,0,1,多换,S,4192.0000,4191.8000,4190.4000,4189.4000,4188.8000,4193.4000,4193.6000,4194.0000,4195.6000,4196.6000,1,1,1,1,1,1,2,1,1,5
SF,IF2008,2020-07-02 09:31:49.400,4193.2000,4600,1,256169760.000,2,1,1,空开,S,4191.8000,4190.4000,4189.4000,4188.8000,4185.6000,4193.2000,4193.4000,4194.0000,4195.6000,4196.6000,1,1,1,1,4,2,1,1,1,5
SF,IF2008,2020-07-02 09:31:49.900,4191.8000,4598,-2,258684840.000,2,0,2,双平,S,4189.4000,4188.8000,4185.6000,4184.4000,4183.8000,4193.0000,4193.2000,4193.4000,4194.0000,4195.6000,1,1,4,1,1,2,2,1,1,1
SF,IF2008,2020-07-02 09:31:50.400,4192.8000,4599,1,261200460.000,2,1,1,空开,S,4189.6000,4189.4000,4188.8000,4185.6000,4184.4000,4192.8000,4193.0000,4194.0000,4195.6000,4196.6000,2,1,1,4,1,1,1,1,1,5
SF,IF2008,2020-07-02 09:31:50.900,4192.8000,4599,0,261200460.000,0,-,-,-,-,4189.8000,4189.6000,4189.4000,4188.8000,4185.6000,4192.6000,4192.8000,4193.0000,4194.0000,4195.6000,1,2,1,1,4,1,1,1,1,1
SF,IF2008,2020-07-02 09:31:51.400,4192.6000,4599,0,262458240.000,1,0,1,多换,S,4192.6000,4190.0000,4189.8000,4189.4000,4188.8000,4192.8000,4193.0000,4194.0000,4195.6000,4196.6000,1,2,1,1,1,1,1,1,1,5
SF,IF2008,2020-07-02 09:31:51.900,4192.6000,4599,0,263716020.000,1,0,1,多换,S,4190.4000,4190.0000,4189.8000,4189.4000,4188.8000,4192.6000,4192.8000,4193.0000,4194.0000,4195.6000,2,2,1,1,1,1,1,1,1,1
SF,IF2008,2020-07-02 09:31:52.400,4192.4000,4601,2,267488640.000,3,2,1,空开,S,4190.6000,4190.4000,4189.4000,4188.8000,4185.6000,4192.8000,4193.0000,4194.0000,4195.6000,4196.6000,2,2,1,1,4,1,1,1,1,5
SF,IF2008,2020-07-02 09:31:52.900,4192.4000,4601,0,267488640.000,0,-,-,-,-,4190.6000,4190.4000,4188.8000,4185.6000,4184.4000,4192.6000,4192.8000,4193.0000,4194.0000,4195.6000,2,2,1,4,1,2,1,1,1,1
SF,IF2008,2020-07-02 09:31:53.400,4192.4000,4601,0,267488640.000,0,-,-,-,-,4190.6000,4190.4000,4188.8000,4185.6000,4184.4000,4192.4000,4192.6000,4192.8000,4193.0000,4193.6000,2,2,1,4,1,1,1,1,1,1
SF,IF2008,2020-07-02 09:31:53.900,4192.4000,4601,0,267488640.000,0,-,-,-,-,4190.6000,4190.4000,4188.8000,4185.6000,4184.4000,4192.2000,4192.4000,4193.0000,4193.6000,4194.0000,2,2,1,4,1,3,1,1,1,1
SF,IF2008,2020-07-02 09:31:54.400,4192.4000,4601,0,267488640.000,0,-,-,-,-,4190.6000,4188.8000,4188.4000,4185.6000,4184.4000,4192.2000,4192.4000,4193.0000,4193.6000,4194.0000,2,1,1,4,1,3,1,1,1,1
SF,IF2008,2020-07-02 09:31:54.900,4192.2000,4599,-2,272518260.000,4,1,3,多平,S,4188.8000,4188.4000,4185.6000,4184.4000,4183.8000,4191.8000,4192.2000,4192.4000,4193.0000,4193.6000,1,1,4,1,1,2,1,1,1,1
SF,IF2008,2020-07-02 09:31:55.400,4192.2000,4599,0,272518260.000,0,-,-,-,-,4189.0000,4188.8000,4188.4000,4187.8000,4185.6000,4191.6000,4191.8000,4192.2000,4192.4000,4193.6000,2,1,1,2,4,1,2,1,1,1
SF,IF2008,2020-07-02 09:31:55.900,4191.6000,4599,0,275033220.000,2,1,1,多换,S,4189.2000,4189.0000,4188.8000,4188.4000,4187.8000,4191.8000,4192.2000,4192.4000,4193.6000,4194.0000,2,2,1,1,2,2,1,1,1,1
SF,IF2008,2020-07-02 09:31:56.400,4191.6000,4599,0,275033220.000,0,-,-,-,-,4189.4000,4189.2000,4189.0000,4188.8000,4188.4000,4191.6000,4191.8000,4192.2000,4192.4000,4193.6000,1,2,1,1,1,1,2,1,1,1
SF,IF2008,2020-07-02 09:31:56.900,4191.6000,4599,0,275033220.000,0,-,-,-,-,4189.6000,4189.4000,4189.2000,4189.0000,4188.8000,4191.4000,4191.8000,4192.2000,4192.4000,4193.0000,2,3,1,1,1,1,2,1,1,1
SF,IF2008,2020-07-02 09:31:57.400,4191.6000,4599,0,275033220.000,0,-,-,-,-,4189.8000,4189.6000,4189.4000,4189.2000,4189.0000,4191.8000,4192.2000,4192.4000,4193.0000,4193.6000,2,2,2,1,1,2,1,1,1,1
SF,IF2008,2020-07-02 09:31:57.900,4191.8000,4599,0,277548240.000,2,1,1,多换,S,4190.0000,4189.8000,4189.4000,4189.2000,4189.0000,4191.8000,4192.2000,4192.4000,4193.0000,4193.6000,2,2,2,1,1,1,1,1,1,1
SF,IF2008,2020-07-02 09:31:58.400,4191.8000,4599,0,277548240.000,0,-,-,-,-,4190.2000,4190.0000,4189.8000,4189.0000,4188.8000,4191.8000,4192.2000,4192.4000,4193.0000,4193.6000,2,4,1,1,1,1,1,1,1,1
SF,IF2008,2020-07-02 09:31:58.900,4191.8000,4599,0,280063320.000,2,1,1,多换,S,4190.4000,4190.2000,4190.0000,4189.0000,4188.8000,4192.2000,4192.4000,4193.0000,4193.6000,4195.6000,1,2,4,1,1,1,1,1,1,1
SF,IF2008,2020-07-02 09:31:59.400,4191.8000,4599,0,280063320.000,0,-,-,-,-,4190.6000,4190.4000,4190.0000,4189.0000,4188.8000,4192.0000,4193.0000,4193.6000,4195.6000,4196.8000,1,1,4,1,1,1,1,1,1,1
SF,IF2008,2020-07-02 09:31:59.900,4191.8000,4599,0,280063320.000,0,-,-,-,-,4190.6000,4190.4000,4190.0000,4189.0000,4188.8000,4192.0000,4193.0000,4193.6000,4195.6000,4196.8000,1,1,3,1,1,1,1,1,1,1
SF,IF2008,2020-07-02 09:32:00.400,4191.8000,4599,0,280063320.000,0,-,-,-,-,4190.6000,4190.0000,4189.0000,4188.8000,4188.4000,4191.8000,4192.0000,4193.0000,4193.6000,4195.6000,1,1,1,1,1,1,1,1,1,1
SF,IF2008,2020-07-02 09:32:01.900,4191.8000,4599,0,280063320.000,0,-,-,-,-,4190.6000,4190.0000,4188.8000,4188.4000,4184.4000,4191.8000,4192.0000,4193.0000,4193.6000,4195.6000,1,1,1,1,1,2,1,1,1,1
SF,IF2008,2020-07-02 09:32:02.400,4191.8000,4599,0,280063320.000,0,-,-,-,-,4190.6000,4190.0000,4188.8000,4188.4000,4184.4000,4191.8000,4192.0000,4193.0000,4193.6000,4195.6000,1,1,1,1,1,1,1,1,1,1
SF,IF2008,2020-07-02 09:32:02.900,4192.0000,4598,-1,282578460.000,2,0,2,多平,S,4191.8000,4190.6000,4190.0000,4188.8000,4188.4000,4193.0000,4193.6000,4195.6000,4196.8000,4198.2000,1,1,1,1,1,1,1,1,1,1
SF,IF2008,2020-07-02 09:32:03.400,4193.0000,4598,0,283836360.000,1,0,1,多换,S,4192.0000,4191.8000,4190.6000,4190.0000,4188.8000,4195.6000,4196.8000,4198.2000,4198.8000,4200.0000,1,1,1,1,1,1,1,1,1,6
SF,IF2008,2020-07-02 09:32:03.900,4193.0000,4598,0,283836360.000,0,-,-,-,-,4192.2000,4192.0000,4191.8000,4188.8000,4188.4000,4193.6000,4194.0000,4195.4000,4195.6000,4196.8000,1,2,1,1,1,1,1,3,1,1
SF,IF2008,2020-07-02 09:32:04.400,4193.6000,4598,0,285094440.000,1,0,1,多换,S,4192.4000,4192.0000,4191.8000,4188.8000,4188.4000,4194.0000,4195.4000,4195.6000,4196.8000,4198.2000,1,1,1,1,1,1,3,1,1,1
SF,IF2008,2020-07-02 09:32:04.900,4193.6000,4598,0,285094440.000,0,-,-,-,-,4192.4000,4192.0000,4191.8000,4191.4000,4188.8000,4194.0000,4195.4000,4195.6000,4196.8000,4198.2000,1,1,11,1,1,1,3,1,1,1
SF,IF2008,2020-07-02 09:32:05.400,4193.6000,4598,0,285094440.000,0,-,-,-,-,4192.6000,4192.4000,4191.8000,4191.4000,4188.8000,4195.4000,4195.6000,4196.8000,4198.2000,4198.8000,1,1,11,1,1,1,1,1,1,1
SF,IF2008,2020-07-02 09:32:05.900,4193.6000,4598,0,285094440.000,0,-,-,-,-,4192.8000,4192.6000,4191.8000,4191.4000,4188.8000,4194.6000,4195.0000,4195.4000,4195.6000,4196.8000,3,1,11,1,1,1,1,1,1,1
SF,IF2008,2020-07-02 09:32:06.400,4193.6000,4598,0,285094440.000,0,-,-,-,-,4192.8000,4192.6000,4191.8000,4191.4000,4188.8000,4194.4000,4194.6000,4195.0000,4195.6000,4196.8000,3,1,11,1,1,1,1,1,1,1
SF,IF2008,2020-07-02 09:32:06.900,4193.6000,4598,0,285094440.000,0,-,-,-,-,4193.0000,4192.8000,4192.6000,4191.8000,4188.8000,4194.6000,4195.0000,4195.6000,4196.8000,4198.2000,1,3,1,1,1,1,1,1,1,1
SF,IF2008,2020-07-02 09:32:07.400,4193.6000,4598,0,285094440.000,0,-,-,-,-,4193.2000,4193.0000,4192.8000,4192.6000,4191.8000,4194.6000,4195.0000,4195.6000,4196.8000,4198.2000,1,1,2,1,1,2,1,1,1,1
SF,IF2008,2020-07-02 09:32:07.900,4193.6000,4598,0,285094440.000,0,-,-,-,-,4193.2000,4193.0000,4192.8000,4192.6000,4191.8000,4194.0000,4194.4000,4194.6000,4195.6000,4196.8000,1,1,2,1,1,1,1,1,1,1
SF,IF2008,2020-07-02 09:32:08.400,4193.0000,4596,-2,287610300.000,2,0,2,双平,S,4192.8000,4191.8000,4188.8000,4188.4000,4184.4000,4194.4000,4194.6000,4195.6000,4196.8000,4198.2000,1,1,1,1,1,1,1,1,1,1
SF,IF2008,2020-07-02 09:32:08.900,4193.0000,4595,-1,288868200.000,1,0,1,双平,S,4191.8000,4188.8000,4188.4000,4184.4000,4184.0000,4194.0000,4194.4000,4195.6000,4196.8000,4198.2000,1,1,1,1,4,1,1,1,1,1
SF,IF2008,2020-07-02 09:32:09.400,4194.4000,4597,2,291384600.000,2,2,0,双开,S,4194.6000,4192.0000,4191.8000,4188.8000,4188.4000,4195.6000,4196.8000,4198.2000,4198.8000,4200.0000,3,3,1,1,1,1,1,1,1,6
SF,IF2008,2020-07-02 09:32:09.900,4194.6000,4597,0,295159740.000,3,1,2,多换,S,4194.0000,4192.0000,4191.8000,4188.8000,4184.4000,4194.2000,4194.4000,4194.8000,4195.4000,4195.6000,2,3,1,1,1,2,1,1,3,1
SF,IF2008,2020-07-02 09:32:10.400,4194.0000,4595,-2,297676140.000,2,0,2,双平,S,4192.0000,4191.8000,4188.8000,4184.4000,4184.0000,4194.2000,4194.4000,4195.4000,4195.6000,4196.8000,3,1,1,1,4,2,1,2,1,1
SF,IF2008,2020-07-02 09:32:10.900,4194.0000,4595,0,297676140.000,0,-,-,-,-,4192.2000,4192.0000,4191.8000,4188.8000,4184.4000,4193.6000,4194.0000,4194.2000,4194.4000,4195.4000,2,3,1,1,1,1,5,2,1,2
SF,IF2008,2020-07-02 09:32:11.400,4192.2000,4594,-1,300191460.000,2,0,2,多平,S,4192.0000,4191.8000,4188.8000,4184.4000,4184.0000,4193.2000,4193.4000,4193.6000,4194.0000,4194.2000,3,1,1,1,4,1,1,1,2,2
SF,IF2008,2020-07-02 09:32:11.900,4192.0000,4591,-3,303964260.000,3,0,3,双平,S,4191.8000,4188.8000,4184.4000,4184.0000,4183.8000,4193.0000,4193.2000,4194.0000,4194.2000,4194.4000,1,1,1,4,1,2,1,2,2,1
SF,IF2008,2020-07-02 09:32:12.400,4192.8000,4593,2,311510940.000,6,4,2,空开,S,4188.8000,4184.4000,4184.0000,4183.8000,4178.2000,4193.0000,4193.2000,4194.0000,4194.2000,4194.4000,1,1,4,1,1,1,1,2,2,1
SF,IF2008,2020-07-02 09:32:12.900,4192.8000,4593,0,311510940.000,0,-,-,-,-,4189.0000,4188.8000,4184.4000,4184.0000,4183.8000,4191.8000,4192.2000,4192.8000,4193.0000,4193.2000,1,1,1,4,1,1,1,2,1,1
SF,IF2008,2020-07-02 09:32:13.400,4192.8000,4593,0,311510940.000,0,-,-,-,-,4189.0000,4188.8000,4184.4000,4184.0000,4183.8000,4191.6000,4191.8000,4192.2000,4192.4000,4192.8000,2,1,1,4,1,2,1,1,1,1
SF,IF2008,2020-07-02 09:32:13.900,4192.8000,4593,0,311510940.000,0,-,-,-,-,4189.0000,4188.8000,4184.4000,4184.0000,4183.8000,4191.4000,4191.6000,4192.2000,4192.4000,4192.8000,2,1,1,4,1,1,2,1,1,1
SF,IF2008,2020-07-02 09:32:14.400,4192.8000,4593,0,311510940.000,0,-,-,-,-,4189.0000,4184.4000,4184.0000,4183.8000,4178.2000,4191.2000,4192.2000,4192.4000,4192.8000,4193.0000,2,1,4,1,1,3,1,2,1,1
SF,IF2008,2020-07-02 09:32:14.900,4192.8000,4593,0,311510940.000,0,-,-,-,-,4189.0000,4184.4000,4184.0000,4183.8000,4178.2000,4191.2000,4192.2000,4192.4000,4192.8000,4193.0000,1,1,4,1,1,3,1,2,2,1
SF,IF2008,2020-07-02 09:32:15.400,4192.8000,4593,0,311510940.000,0,-,-,-,-,4189.0000,4184.4000,4184.0000,4183.8000,4178.2000,4191.0000,4191.2000,4192.2000,4192.4000,4192.8000,1,1,4,1,1,1,2,1,3,2
SF,IF2008,2020-07-02 09:32:15.900,4189.0000,4592,-1,312767640.000,1,0,1,双平,S,4184.4000,4184.0000,4183.8000,4178.2000,4177.0000,4190.8000,4192.2000,4192.4000,4192.8000,4193.0000,1,4,1,1,1,3,1,4,2,1
SF,IF2008,2020-07-02 09:32:16.400,4187.4000,4592,0,314023860.000,1,0,1,多换,S,4186.6000,4185.8000,4185.6000,4184.6000,4184.4000,4190.6000,4190.8000,4192.4000,4192.8000,4193.0000,2,1,3,1,2,1,2,4,1,1
SF,IF2008,2020-07-02 09:32:16.900,4187.4000,4592,0,314023860.000,0,-,-,-,-,4186.8000,4186.6000,4185.8000,4185.6000,4184.4000,4190.4000,4192.0000,4192.4000,4192.8000,4193.0000,1,2,1,3,2,1,2,3,1,1
SF,IF2008,2020-07-02 09:32:17.400,4187.4000,4592,0,314023860.000,0,-,-,-,-,4187.0000,4186.8000,4185.8000,4185.6000,4185.4000,4190.2000,4190.4000,4192.0000,4192.4000,4192.8000,2,2,1,2,1,1,1,2,3,1
SF,IF2008,2020-07-02 09:32:17.900,4187.4000,4592,0,314023860.000,0,-,-,-,-,4187.4000,4187.2000,4187.0000,4185.8000,4185.6000,4190.0000,4190.2000,4191.4000,4192.4000,4193.0000,1,2,2,1,2,1,1,1,2,1
SF,IF2008,2020-07-02 09:32:18.400,4187.4000,4592,0,314023860.000,0,-,-,-,-,4187.8000,4187.6000,4187.4000,4187.0000,4185.8000,4190.0000,4191.4000,4192.4000,4193.0000,4194.2000,1,2,2,2,1,1,1,2,1,2
SF,IF2008,2020-07-02 09:32:18.900,4187.4000,4592,0,314023860.000,0,-,-,-,-,4188.0000,4187.8000,4187.6000,4185.8000,4185.6000,4190.0000,4191.4000,4192.4000,4193.0000,4194.2000,1,4,1,1,4,1,1,2,1,2
SF,IF2008,2020-07-02 09:32:19.400,4188.0000,4593,1,316536660.000,2,1,1,空开,S,4187.8000,4185.8000,4185.6000,4185.4000,4184.4000,4189.8000,4190.0000,4191.4000,4192.4000,4193.0000,3,1,4,1,1,1,1,1,2,1
SF,IF2008,2020-07-02 09:32:19.900,4188.0000,4593,0,317793060.000,1,0,1,多换,S,4188.0000,4187.8000,4185.8000,4185.6000,4185.4000,4189.6000,4189.8000,4192.4000,4193.0000,4194.2000,2,3,1,4,1,1,1,2,1,2
SF,IF2008,2020-07-02 09:32:20.400,4189.6000,4591,-2,320306760.000,2,0,2,双平,S,4189.8000,4188.2000,4188.0000,4187.8000,4185.8000,4192.4000,4193.0000,4194.2000,4194.4000,4195.6000,1,3,2,1,1,2,1,2,1,1
SF,IF2008,2020-07-02 09:32:20.900,4189.6000,4591,0,320306760.000,0,-,-,-,-,4190.0000,4189.8000,4188.2000,4188.0000,4187.8000,4191.6000,4192.2000,4192.4000,4193.0000,4194.2000,1,1,2,2,1,1,1,2,1,2
SF,IF2008,2020-07-02 09:32:21.400,4190.0000,4590,-1,321563760.000,1,0,1,双平,S,4189.8000,4188.2000,4188.0000,4187.8000,4185.8000,4191.4000,4191.6000,4192.4000,4193.0000,4194.2000,1,2,1,1,1,1,1,2,1,2
SF,IF2008,2020-07-02 09:32:21.900,4190.0000,4590,0,321563760.000,0,-,-,-,-,4189.8000,4188.2000,4188.0000,4187.8000,4185.6000,4190.6000,4191.0000,4191.4000,4191.6000,4192.4000,1,2,1,1,4,1,2,1,1,2
SF,IF2008,2020-07-02 09:32:22.400,4190.0000,4590,0,321563760.000,0,-,-,-,-,4189.8000,4188.2000,4188.0000,4187.8000,4185.6000,4190.4000,4190.6000,4191.0000,4191.6000,4194.2000,1,2,1,1,4,1,1,7,1,2
SF,IF2008,2020-07-02 09:32:22.900,4190.6000,4589,-1,324078060.000,2,0,2,多平,S,4189.8000,4188.2000,4188.0000,4187.8000,4186.6000,4191.0000,4191.6000,4194.2000,4194.4000,4195.6000,1,2,1,1,1,7,1,2,1,2
SF,IF2008,2020-07-02 09:32:23.400,4191.0000,4586,-3,327849960.000,3,0,3,双平,S,4189.8000,4188.2000,4187.8000,4186.6000,4185.6000,4191.0000,4191.6000,4194.2000,4194.4000,4195.6000,2,2,1,1,3,3,1,2,1,2
SF,IF2008,2020-07-02 09:32:23.900,4191.0000,4584,-2,330364560.000,2,0,2,双平,S,4190.0000,4189.8000,4188.2000,4187.8000,4186.6000,4191.0000,4191.6000,4194.2000,4194.4000,4195.6000,1,2,2,1,1,1,1,2,1,2
SF,IF2008,2020-07-02 09:32:24.400,4191.0000,4584,0,330364560.000,0,-,-,-,-,4190.0000,4189.8000,4188.2000,4187.8000,4186.6000,4191.0000,4191.6000,4191.8000,4194.2000,4194.4000,1,2,2,1,1,1,1,1,2,1
SF,IF2008,2020-07-02 09:32:24.900,4191.0000,4584,0,330364560.000,0,-,-,-,-,4189.8000,4188.2000,4187.8000,4186.6000,4185.6000,4190.8000,4191.0000,4191.6000,4191.8000,4194.2000,1,2,1,1,3,1,1,1,1,2
SF,IF2008,2020-07-02 09:32:25.900,4189.8000,4584,0,331621500.000,1,0,1,多换,S,4188.2000,4187.8000,4186.6000,4185.6000,4185.4000,4190.8000,4191.0000,4191.6000,4191.8000,4194.2000,2,1,1,3,1,1,1,1,1,2
SF,IF2008,2020-07-02 09:32:26.400,4189.8000,4584,0,331621500.000,0,-,-,-,-,4188.4000,4188.2000,4187.8000,4185.6000,4185.4000,4190.8000,4191.0000,4191.6000,4191.8000,4194.2000,2,2,1,3,1,1,1,1,1,2
SF,IF2008,2020-07-02 09:32:26.900,4189.8000,4584,0,331621500.000,0,-,-,-,-,4188.6000,4188.4000,4188.2000,4187.8000,4185.6000,4190.8000,4191.0000,4191.6000,4191.8000,4194.2000,1,2,2,1,3,2,1,1,1,2
SF,IF2008,2020-07-02 09:32:27.400,4190.8000,4585,1,336650400.000,4,2,2,空开,S,4188.8000,4188.2000,4187.8000,4185.6000,4185.4000,4191.0000,4191.6000,4191.8000,4194.2000,4194.4000,1,2,1,3,1,1,1,1,2,1
SF,IF2008,2020-07-02 09:32:27.900,4188.8000,4583,-2,339163740.000,2,0,2,双平,S,4185.6000,4185.4000,4184.4000,4181.4000,4178.2000,4190.8000,4191.0000,4191.6000,4191.8000,4194.2000,1,1,1,4,1,1,2,1,1,2
SF,IF2008,2020-07-02 09:32:28.400,4188.8000,4583,0,339163740.000,0,-,-,-,-,4186.0000,4185.8000,4185.6000,4185.4000,4184.4000,4190.8000,4191.0000,4191.6000,4191.8000,4194.2000,2,1,3,1,1,1,1,1,1,2
SF,IF2008,2020-07-02 09:32:28.900,4188.8000,4583,0,339163740.000,0,-,-,-,-,4186.2000,4185.8000,4185.6000,4185.4000,4184.4000,4190.8000,4191.0000,4191.6000,4191.8000,4194.2000,3,1,2,1,1,1,1,1,1,2
SF,IF2008,2020-07-02 09:32:29.400,4188.8000,4583,0,339163740.000,0,-,-,-,-,4186.2000,4185.8000,4185.6000,4185.4000,4184.4000,4190.8000,4191.0000,4191.6000,4191.8000,4194.2000,3,1,2,1,1,1,2,1,1,2
SF,IF2008,2020-07-02 09:32:29.900,4188.8000,4583,0,339163740.000,0,-,-,-,-,4186.2000,4185.8000,4185.6000,4185.4000,4184.4000,4189.8000,4190.6000,4190.8000,4191.0000,4191.6000,3,1,2,1,1,2,3,1,2,1
SF,IF2008,2020-07-02 09:32:30.400,4188.8000,4583,0,339163740.000,0,-,-,-,-,4186.2000,4185.8000,4185.6000,4184.4000,4178.2000,4189.6000,4189.8000,4190.6000,4191.0000,4191.6000,3,1,2,1,1,1,2,3,2,1
SF,IF2008,2020-07-02 09:32:31.400,4188.8000,4583,0,339163740.000,0,-,-,-,-,4186.2000,4186.0000,4185.8000,4185.6000,4184.4000,4189.6000,4189.8000,4190.6000,4191.0000,4191.6000,3,1,1,2,1,1,2,3,2,1
SF,IF2008,2020-07-02 09:32:31.900,4188.8000,4583,0,339163740.000,0,-,-,-,-,4186.2000,4186.0000,4185.8000,4185.6000,4184.4000,4189.4000,4189.6000,4190.6000,4191.0000,4191.6000,3,1,1,2,1,2,1,3,2,1
SF,IF2008,2020-07-02 09:32:32.400,4188.8000,4583,0,339163740.000,0,-,-,-,-,4186.2000,4186.0000,4185.8000,4185.6000,4178.2000,4189.2000,4190.6000,4191.0000,4191.6000,4191.8000,3,1,1,2,1,3,3,2,1,1
SF,IF2008,2020-07-02 09:32:32.900,4188.8000,4583,0,339163740.000,0,-,-,-,-,4186.2000,4186.0000,4185.6000,4178.2000,4177.0000,4189.2000,4190.6000,4191.0000,4191.6000,4191.8000,2,1,2,1,1,3,3,2,1,1
SF,IF2008,2020-07-02 09:32:33.400,4188.8000,4583,0,339163740.000,0,-,-,-,-,4186.2000,4186.0000,4185.6000,4178.2000,4177.0000,4188.8000,4189.2000,4190.6000,4191.0000,4191.6000,2,1,2,1,1,2,1,3,2,1
SF,IF2008,2020-07-02 09:32:33.900,4188.8000,4583,0,339163740.000,0,-,-,-,-,4186.2000,4186.0000,4185.6000,4178.2000,4177.0000,4188.6000,4190.6000,4191.0000,4191.6000,4191.8000,2,1,2,1,1,3,3,2,1,1
SF,IF2008,2020-07-02 09:32:34.400,4186.2000,4583,0,340419600.000,1,0,1,多换,S,4186.0000,4178.2000,4177.0000,4176.2000,4176.0000,4188.4000,4188.6000,4190.6000,4191.0000,4191.6000,1,1,1,4,1,2,1,1,2,1
SF,IF2008,2020-07-02 09:32:34.900,4186.2000,4583,0,340419600.000,0,-,-,-,-,4186.0000,4178.2000,4177.0000,4176.2000,4176.0000,4187.4000,4188.0000,4188.2000,4190.0000,4190.6000,1,1,1,4,1,1,2,2,5,1
SF,IF2008,2020-07-02 09:32:35.400,4186.0000,4582,-1,341675400.000,1,0,1,双平,S,4178.2000,4177.0000,4176.2000,4176.0000,4175.0000,4187.4000,4188.0000,4188.2000,4190.0000,4190.6000,1,1,4,1,6,1,2,2,5,1
SF,IF2008,2020-07-02 09:32:35.900,4186.0000,4582,0,341675400.000,0,-,-,-,-,4183.0000,4182.6000,4182.4000,4182.2000,4180.8000,4187.2000,4187.4000,4190.0000,4190.6000,4191.0000,2,1,1,2,2,1,1,5,1,2
SF,IF2008,2020-07-02 09:32:36.400,4186.0000,4582,0,341675400.000,0,-,-,-,-,4182.6000,4182.4000,4182.2000,4180.8000,4179.0000,4187.2000,4187.4000,4190.0000,4190.6000,4191.0000,1,1,2,1,1,1,1,5,1,2
SF,IF2008,2020-07-02 09:32:36.900,4186.0000,4582,0,341675400.000,0,-,-,-,-,4183.0000,4182.8000,4182.6000,4182.4000,4182.2000,4187.2000,4187.4000,4190.0000,4190.6000,4191.0000,2,2,1,1,2,1,1,5,1,2
SF,IF2008,2020-07-02 09:32:37.400,4186.0000,4582,0,341675400.000,0,-,-,-,-,4183.2000,4182.8000,4182.4000,4181.4000,4180.8000,4187.2000,4187.4000,4190.0000,4190.6000,4191.0000,1,2,1,1,1,1,1,5,1,2
SF,IF2008,2020-07-02 09:32:37.900,4186.0000,4582,0,341675400.000,0,-,-,-,-,4183.8000,4183.2000,4182.8000,4182.4000,4181.4000,4187.2000,4187.4000,4190.0000,4190.6000,4191.0000,1,2,2,1,1,1,1,5,1,2
SF,IF2008,2020-07-02 09:32:38.400,4186.0000,4582,0,341675400.000,0,-,-,-,-,4183.8000,4183.2000,4182.8000,4182.4000,4181.4000,4187.2000,4187.4000,4190.0000,4190.6000,4191.0000,2,1,2,1,1,1,1,5,1,2
SF,IF2008,2020-07-02 09:32:38.900,4186.0000,4582,0,341675400.000,0,-,-,-,-,4183.8000,4183.2000,4182.8000,4182.4000,4181.4000,4187.2000,4187.4000,4190.0000,4190.6000,4191.0000,1,1,2,1,1,1,1,5,1,2
SF,IF2008,2020-07-02 09:32:39.400,4186.0000,4582,0,341675400.000,0,-,-,-,-,4183.8000,4183.2000,4182.8000,4182.4000,4181.4000,4187.0000,4187.2000,4187.4000,4190.0000,4190.6000,2,1,2,1,1,2,1,1,5,1
SF,IF2008,2020-07-02 09:32:39.900,4186.0000,4582,0,341675400.000,0,-,-,-,-,4183.8000,4183.2000,4182.4000,4181.4000,4180.8000,4186.8000,4187.0000,4187.4000,4190.0000,4190.6000,2,1,1,1,1,1,2,1,5,1
SF,IF2008,2020-07-02 09:32:40.400,4186.0000,4582,0,341675400.000,0,-,-,-,-,4183.2000,4182.4000,4181.4000,4180.8000,4179.0000,4186.0000,4186.6000,4186.8000,4187.4000,4190.0000,1,1,1,1,1,2,1,1,1,5
SF,IF2008,2020-07-02 09:32:40.900,4186.0000,4582,0,341675400.000,0,-,-,-,-,4183.2000,4182.4000,4181.4000,4180.8000,4179.0000,4185.8000,4186.0000,4187.4000,4190.0000,4190.6000,2,1,1,1,1,1,2,1,5,1
SF,IF2008,2020-07-02 09:32:41.400,4186.0000,4582,0,341675400.000,0,-,-,-,-,4183.2000,4182.4000,4180.8000,4179.0000,4178.4000,4185.8000,4186.0000,4187.4000,4190.0000,4190.6000,2,1,1,1,2,1,2,1,5,1
SF,IF2008,2020-07-02 09:32:41.900,4186.0000,4582,0,341675400.000,0,-,-,-,-,4183.4000,4183.2000,4182.4000,4180.8000,4179.0000,4186.0000,4187.4000,4190.0000,4190.6000,4191.0000,1,2,1,1,1,2,1,5,1,2
SF,IF2008,2020-07-02 09:32:42.400,4186.0000,4582,0,341675400.000,0,-,-,-,-,4183.4000,4183.2000,4182.4000,4180.8000,4180.4000,4186.0000,4187.4000,4190.0000,4190.6000,4191.0000,1,1,1,1,1,2,1,5,1,2
SF,IF2008,2020-07-02 09:32:42.900,4186.0000,4582,0,341675400.000,0,-,-,-,-,4183.4000,4182.4000,4180.8000,4180.4000,4179.0000,4186.0000,4187.4000,4190.0000,4190.6000,4191.0000,2,1,1,1,1,2,1,5,1,2
SF,IF2008,2020-07-02 09:32:43.400,4186.0000,4582,0,341675400.000,0,-,-,-,-,4183.4000,4182.4000,4180.8000,4180.4000,4179.0000,4185.6000,4185.8000,4186.0000,4187.4000,4190.0000,2,1,1,1,1,1,1,2,1,5
SF,IF2008,2020-07-02 09:32:43.900,4185.6000,4581,-1,342931080.000,1,0,1,双平,S,4183.4000,4182.4000,4180.8000,4180.4000,4179.0000,4185.8000,4186.0000,4187.4000,4190.0000,4190.6000,2,1,1,1,1,1,2,1,5,1
SF,IF2008,2020-07-02 09:32:44.400,4185.6000,4581,0,342931080.000,0,-,-,-,-,4183.8000,4183.6000,4183.4000,4182.4000,4180.8000,4186.0000,4187.4000,4190.0000,4190.6000,4191.0000,1,1,1,1,1,2,1,5,1,2
SF,IF2008,2020-07-02 09:32:44.900,4185.6000,4581,0,342931080.000,0,-,-,-,-,4184.0000,4183.8000,4183.6000,4182.4000,4180.8000,4187.4000,4190.0000,4190.6000,4191.0000,4191.8000,1,2,1,1,1,1,5,1,2,1
SF,IF2008,2020-07-02 09:32:45.400,4185.6000,4581,0,342931080.000,0,-,-,-,-,4184.0000,4183.8000,4183.6000,4182.4000,4180.8000,4185.8000,4187.2000,4187.4000,4190.0000,4191.0000,1,2,1,1,1,2,2,1,5,2
SF,IF2008,2020-07-02 09:32:45.900,4185.6000,4581,0,342931080.000,0,-,-,-,-,4184.0000,4183.6000,4182.4000,4180.8000,4180.4000,4187.4000,4190.0000,4191.0000,4191.8000,4192.8000,1,1,1,1,1,1,5,2,1,1
SF,IF2008,2020-07-02 09:32:46.400,4185.6000,4581,0,342931080.000,0,-,-,-,-,4184.0000,4183.6000,4182.4000,4180.8000,4180.4000,4186.6000,4187.2000,4187.4000,4190.0000,4191.0000,1,1,1,1,1,2,2,1,5,2
SF,IF2008,2020-07-02 09:32:47.400,4185.6000,4581,0,342931080.000,0,-,-,-,-,4184.0000,4183.6000,4182.4000,4180.8000,4180.4000,4186.6000,4187.4000,4190.0000,4191.0000,4191.8000,1,1,1,1,1,2,1,5,2,1
SF,IF2008,2020-07-02 09:32:47.900,4186.6000,4582,1,345443040.000,2,1,1,空开,S,4186.6000,4184.4000,4184.2000,4184.0000,4182.4000,4187.4000,4190.0000,4191.0000,4191.8000,4192.8000,18,1,1,2,1,1,5,2,1,1
SF,IF2008,2020-07-02 09:32:48.400,4186.6000,4582,0,352978920.000,6,3,3,多换,S,4186.6000,4184.4000,4184.2000,4184.0000,4182.4000,4187.4000,4190.0000,4191.0000,4191.8000,4192.8000,12,1,1,2,1,1,5,2,1,1
SF,IF2008,2020-07-02 09:32:48.900,4186.6000,4585,3,361770780.000,7,5,2,空开,S,4186.6000,4184.4000,4184.2000,4184.0000,4182.4000,4187.4000,4190.0000,4191.0000,4191.8000,4192.8000,5,1,1,2,1,1,5,2,1,1
SF,IF2008,2020-07-02 09:32:49.400,4186.6000,4586,1,364282740.000,2,1,1,空开,S,4186.6000,4184.4000,4184.2000,4184.0000,4182.4000,4187.4000,4190.0000,4191.0000,4191.8000,4192.8000,3,1,1,1,1,1,5,2,1,1
SF,IF2008,2020-07-02 09:32:49.900,4186.6000,4586,0,368050680.000,3,1,2,多换,S,4184.4000,4184.2000,4184.0000,4182.4000,4180.8000,4187.2000,4187.4000,4190.0000,4191.0000,4191.8000,1,1,1,1,1,1,1,5,2,1
SF,IF2008,2020-07-02 09:32:50.400,4186.6000,4586,0,368050680.000,0,-,-,-,-,4184.6000,4184.4000,4184.2000,4182.4000,4180.8000,4187.0000,4187.4000,4190.0000,4191.0000,4191.8000,4,2,1,1,1,2,1,5,2,1
SF,IF2008,2020-07-02 09:32:50.900,4186.6000,4586,0,368050680.000,0,-,-,-,-,4184.6000,4184.4000,4184.2000,4182.4000,4180.8000,4186.8000,4187.0000,4187.4000,4190.0000,4191.0000,4,2,1,1,1,1,2,1,5,2
SF,IF2008,2020-07-02 09:32:51.400,4186.6000,4586,0,368050680.000,0,-,-,-,-,4184.6000,4184.4000,4182.4000,4180.8000,4179.0000,4186.8000,4187.0000,4187.4000,4190.0000,4191.0000,4,2,1,1,1,1,2,1,5,2
SF,IF2008,2020-07-02 09:32:51.900,4186.6000,4586,0,368050680.000,0,-,-,-,-,4184.6000,4182.4000,4180.8000,4179.0000,4178.4000,4186.4000,4186.8000,4187.4000,4190.0000,4191.0000,3,1,1,1,2,2,1,1,5,2
SF,IF2008,2020-07-02 09:32:52.400,4186.6000,4586,0,368050680.000,0,-,-,-,-,4185.0000,4184.6000,4182.4000,4180.8000,4179.0000,4186.2000,4186.8000,4187.4000,4190.0000,4191.0000,1,3,1,1,1,4,1,1,5,2
SF,IF2008,2020-07-02 09:32:53.400,4186.6000,4586,0,368050680.000,0,-,-,-,-,4185.0000,4184.6000,4182.4000,4180.8000,4179.0000,4186.2000,4186.4000,4186.8000,4187.4000,4190.0000,1,3,1,1,1,4,1,1,1,5
SF,IF2008,2020-07-02 09:32:53.900,4185.0000,4586,0,369306180.000,1,0,1,多换,S,4185.6000,4184.6000,4182.4000,4180.8000,4179.0000,4186.0000,4186.2000,4186.4000,4186.8000,4187.4000,2,3,1,1,1,2,2,1,1,1
SF,IF2008,2020-07-02 09:32:54.400,4185.6000,4586,0,371817420.000,2,1,1,多换,S,4184.6000,4182.4000,4180.8000,4179.0000,4178.4000,4186.0000,4186.2000,4186.4000,4186.8000,4187.4000,2,1,1,1,2,2,2,1,1,1
SF,IF2008,2020-07-02 09:32:54.900,4185.6000,4586,0,371817420.000,0,-,-,-,-,4184.6000,4182.4000,4180.8000,4179.0000,4178.4000,4185.8000,4186.2000,4186.4000,4186.8000,4187.4000,2,1,1,1,2,2,2,1,1,1
SF,IF2008,2020-07-02 09:32:55.400,4185.6000,4586,0,371817420.000,0,-,-,-,-,4184.6000,4182.4000,4180.8000,4179.0000,4178.4000,4185.6000,4186.2000,4186.4000,4186.8000,4187.4000,2,1,1,1,2,2,2,1,1,1
SF,IF2008,2020-07-02 09:32:55.900,4184.6000,4586,0,374328180.000,2,1,1,多换,S,4182.4000,4180.8000,4179.0000,4178.4000,4178.2000,4184.6000,4185.4000,4186.2000,4186.4000,4186.8000,1,1,1,2,1,1,2,2,1,1
SF,IF2008,2020-07-02 09:32:56.400,4184.6000,4586,0,374328180.000,0,-,-,-,-,4180.8000,4179.0000,4178.4000,4178.2000,4177.0000,4184.4000,4184.6000,4185.4000,4186.4000,4186.8000,1,1,1,1,1,1,1,2,1,1
SF,IF2008,2020-07-02 09:32:56.900,4184.6000,4586,0,374328180.000,0,-,-,-,-,4181.0000,4180.8000,4178.4000,4178.2000,4177.0000,4184.4000,4185.4000,4186.4000,4186.8000,4187.4000,1,1,1,1,1,1,2,1,1,1
SF,IF2008,2020-07-02 09:32:57.400,4184.6000,4586,0,374328180.000,0,-,-,-,-,4181.6000,4181.0000,4180.8000,4178.4000,4178.2000,4184.4000,4185.4000,4186.4000,4187.4000,4190.0000,1,1,1,1,1,1,2,1,1,5
SF,IF2008,2020-07-02 09:32:57.900,4184.6000,4586,0,374328180.000,0,-,-,-,-,4181.8000,4181.6000,4180.8000,4178.4000,4178.2000,4184.4000,4185.4000,4187.4000,4190.0000,4191.0000,1,1,1,1,1,1,2,1,5,2
SF,IF2008,2020-07-02 09:32:58.400,4184.6000,4586,0,374328180.000,0,-,-,-,-,4181.8000,4181.6000,4180.8000,4178.4000,4178.2000,4184.0000,4184.4000,4187.4000,4190.0000,4191.0000,1,1,1,1,1,2,1,1,5,2
SF,IF2008,2020-07-02 09:32:58.900,4184.6000,4586,0,374328180.000,0,-,-,-,-,4178.4000,4178.2000,4177.0000,4176.2000,4176.0000,4183.2000,4183.6000,4183.8000,4184.4000,4190.0000,1,1,1,4,1,1,2,1,1,5
SF,IF2008,2020-07-02 09:32:59.400,4184.6000,4586,0,374328180.000,0,-,-,-,-,4179.2000,4179.0000,4178.6000,4178.4000,4178.2000,4183.0000,4183.2000,4183.6000,4184.4000,4190.0000,1,2,4,1,1,1,1,2,1,5
SF,IF2008,2020-07-02 09:32:59.900,4184.6000,4586,0,375583560.000,1,0,1,多换,S,4179.4000,4179.2000,4178.6000,4178.2000,4177.0000,4183.2000,4184.4000,4190.0000,4191.0000,4192.8000,2,2,4,1,1,1,1,5,1,1
SF,IF2008,2020-07-02 09:33:00.400,4184.6000,4586,0,375583560.000,0,-,-,-,-,4179.6000,4179.4000,4179.2000,4178.6000,4178.2000,4183.0000,4183.2000,4184.4000,4190.0000,4191.0000,1,2,1,3,1,2,1,1,5,1
SF,IF2008,2020-07-02 09:33:00.900,4184.6000,4586,0,375583560.000,0,-,-,-,-,4179.8000,4179.6000,4179.4000,4179.2000,4178.6000,4183.0000,4183.2000,4184.4000,4190.0000,4191.0000,1,2,1,1,3,2,1,1,5,1
SF,IF2008,2020-07-02 09:33:01.400,4183.0000,4587,1,379348260.000,3,2,1,空开,S,4180.2000,4179.8000,4179.6000,4179.2000,4178.6000,4183.2000,4184.4000,4190.0000,4191.0000,4192.8000,1,1,2,1,3,1,1,5,1,1
SF,IF2008,2020-07-02 09:33:01.900,4183.0000,4587,0,379348260.000,0,-,-,-,-,4180.6000,4180.4000,4180.2000,4179.2000,4178.6000,4183.2000,4184.4000,4190.0000,4191.0000,4192.8000,1,1,1,1,3,1,1,5,1,1
SF,IF2008,2020-07-02 09:33:02.400,4183.0000,4587,0,379348260.000,0,-,-,-,-,4180.8000,4180.6000,4180.2000,4179.2000,4178.6000,4182.6000,4183.0000,4183.2000,4184.4000,4190.0000,1,1,1,1,2,2,1,1,1,5
SF,IF2008,2020-07-02 09:33:02.900,4183.0000,4587,0,379348260.000,0,-,-,-,-,4180.8000,4180.6000,4180.2000,4179.2000,4178.6000,4182.6000,4183.0000,4183.2000,4184.4000,4190.0000,2,1,1,1,2,2,2,1,1,5
SF,IF2008,2020-07-02 09:33:03.400,4183.0000,4587,0,379348260.000,0,-,-,-,-,4181.0000,4180.8000,4180.6000,4180.2000,4179.2000,4182.4000,4183.0000,4183.2000,4184.4000,4190.0000,1,2,1,1,1,2,1,1,1,5
SF,IF2008,2020-07-02 09:33:03.900,4182.4000,4586,-1,381857700.000,2,0,2,多平,S,4181.0000,4180.8000,4180.6000,4180.2000,4179.2000,4183.0000,4183.2000,4184.4000,4190.0000,4191.0000,4,1,1,1,1,1,1,1,5,1
SF,IF2008,2020-07-02 09:33:04.400,4182.4000,4586,0,381857700.000,0,-,-,-,-,4181.2000,4181.0000,4180.6000,4180.2000,4179.2000,4182.2000,4183.0000,4183.2000,4184.4000,4190.0000,1,4,1,1,1,2,1,1,1,5
SF,IF2008,2020-07-02 09:33:04.900,4182.4000,4586,0,381857700.000,0,-,-,-,-,4181.4000,4181.0000,4180.2000,4179.4000,4179.2000,4182.2000,4183.0000,4183.2000,4184.4000,4190.0000,1,4,1,1,1,2,1,1,1,5
SF,IF2008,2020-07-02 09:33:05.400,4182.4000,4586,0,381857700.000,0,-,-,-,-,4181.4000,4181.0000,4180.2000,4179.4000,4178.6000,4182.2000,4183.0000,4183.2000,4184.4000,4190.0000,1,2,1,1,1,2,1,1,1,5
SF,IF2008,2020-07-02 09:33:05.900,4182.4000,4586,0,381857700.000,0,-,-,-,-,4181.0000,4180.2000,4178.6000,4178.2000,4177.0000,4183.0000,4183.2000,4184.4000,4190.0000,4191.0000,2,1,1,1,1,1,1,1,5,1
SF,IF2008,2020-07-02 09:33:06.400,4181.2000,4586,0,383112060.000,1,0,1,多换,S,4181.0000,4178.6000,4178.2000,4177.0000,4176.2000,4181.8000,4182.8000,4183.0000,4183.2000,4184.4000,2,1,1,1,4,1,3,1,1,1
SF,IF2008,2020-07-02 09:33:06.900,4181.2000,4586,0,383112060.000,0,-,-,-,-,4181.0000,4178.6000,4178.2000,4177.0000,4176.2000,4181.8000,4182.8000,4183.0000,4183.2000,4184.4000,2,1,1,1,4,1,2,1,1,1
SF,IF2008,2020-07-02 09:33:07.400,4181.2000,4586,0,383112060.000,0,-,-,-,-,4181.0000,4178.6000,4178.2000,4177.0000,4176.2000,4181.6000,4181.8000,4182.8000,4183.0000,4183.2000,2,1,1,1,4,1,1,2,1,1
SF,IF2008,2020-07-02 09:33:07.900,4181.0000,4586,0,384366360.000,1,0,1,多换,S,4181.0000,4178.6000,4178.2000,4177.0000,4176.2000,4181.2000,4181.6000,4181.8000,4182.8000,4183.0000,1,1,1,1,4,1,1,1,2,1
SF,IF2008,2020-07-02 09:33:08.400,4181.0000,4585,-1,386874960.000,2,0,2,多平,S,4178.6000,4178.2000,4177.0000,4176.2000,4176.0000,4181.8000,4182.8000,4183.0000,4183.2000,4184.4000,1,1,1,4,1,1,2,1,1,1
SF,IF2008,2020-07-02 09:33:08.900,4181.0000,4585,0,386874960.000,0,-,-,-,-,4178.8000,4178.6000,4178.2000,4177.0000,4176.2000,4181.6000,4181.8000,4182.8000,4183.0000,4183.2000,2,2,1,1,4,1,1,1,1,1
SF,IF2008,2020-07-02 09:33:09.400,4181.0000,4585,0,386874960.000,0,-,-,-,-,4179.2000,4178.8000,4178.6000,4178.2000,4177.0000,4181.6000,4183.0000,4183.2000,4184.4000,4190.0000,1,2,2,1,1,1,1,1,1,5
SF,IF2008,2020-07-02 09:33:09.900,4181.0000,4585,0,386874960.000,0,-,-,-,-,4179.2000,4178.8000,4178.6000,4178.2000,4177.0000,4181.6000,4183.0000,4183.2000,4184.4000,4190.0000,2,2,1,1,1,1,1,1,1,5
SF,IF2008,2020-07-02 09:33:10.400,4181.0000,4585,0,386874960.000,0,-,-,-,-,4179.4000,4179.2000,4178.8000,4178.6000,4178.2000,4181.6000,4183.0000,4183.2000,4184.4000,4190.0000,1,2,2,1,1,1,1,1,1,5
SF,IF2008,2020-07-02 09:33:10.900,4181.6000,4584,-1,388129440.000,1,0,1,双平,S,4179.6000,4179.4000,4179.2000,4178.8000,4178.6000,4183.0000,4183.2000,4184.4000,4190.0000,4191.0000,1,2,1,2,1,1,1,1,5,1
SF,IF2008,2020-07-02 09:33:11.400,4181.6000,4584,0,388129440.000,0,-,-,-,-,4179.6000,4179.4000,4179.2000,4178.8000,4178.6000,4183.0000,4183.2000,4184.4000,4190.0000,4191.0000,2,1,1,2,1,1,1,1,5,1
SF,IF2008,2020-07-02 09:33:11.900,4181.6000,4584,0,388129440.000,0,-,-,-,-,4179.8000,4179.6000,4179.4000,4179.2000,4178.8000,4183.0000,4183.2000,4184.4000,4190.0000,4191.0000,2,3,1,1,2,1,1,1,5,1
SF,IF2008,2020-07-02 09:33:12.400,4181.6000,4584,0,388129440.000,0,-,-,-,-,4180.2000,4180.0000,4179.8000,4179.6000,4179.4000,4183.2000,4184.4000,4190.0000,4191.0000,4192.8000,2,2,2,1,1,1,1,5,1,1
SF,IF2008,2020-07-02 09:33:12.900,4181.6000,4584,0,388129440.000,0,-,-,-,-,4180.8000,4180.4000,4180.2000,4179.8000,4179.6000,4190.0000,4191.0000,4192.8000,4193.6000,4194.2000,1,4,2,2,1,5,1,1,1,2
SF,IF2008,2020-07-02 09:33:13.400,4181.6000,4584,0,388129440.000,0,-,-,-,-,4181.0000,4180.8000,4180.4000,4180.2000,4179.8000,4184.8000,4187.4000,4189.4000,4189.8000,4190.0000,1,2,2,2,2,1,1,2,2,5
SF,IF2008,2020-07-02 09:33:13.900,4181.6000,4584,0,388129440.000,0,-,-,-,-,4181.2000,4181.0000,4180.8000,4180.4000,4180.2000,4184.6000,4187.4000,4189.8000,4190.0000,4191.0000,1,2,1,2,2,1,1,1,5,1
SF,IF2008,2020-07-02 09:33:14.400,4181.6000,4584,0,388129440.000,0,-,-,-,-,4181.4000,4181.2000,4180.8000,4180.4000,4180.2000,4184.4000,4184.6000,4187.4000,4189.8000,4190.0000,1,2,1,2,2,1,1,1,1,5
SF,IF2008,2020-07-02 09:33:14.900,4181.6000,4584,0,388129440.000,0,-,-,-,-,4181.4000,4181.2000,4180.8000,4180.4000,4180.2000,4184.6000,4187.4000,4189.8000,4190.0000,4191.0000,2,1,1,2,2,1,1,1,5,1
SF,IF2008,2020-07-02 09:33:15.400,4181.6000,4584,0,388129440.000,0,-,-,-,-,4181.6000,4181.4000,4181.2000,4180.8000,4180.4000,4184.6000,4187.4000,4189.8000,4190.0000,4191.0000,1,2,1,1,2,1,1,1,5,1
SF,IF2008,2020-07-02 09:33:15.900,4181.6000,4584,0,388129440.000,0,-,-,-,-,4181.8000,4181.6000,4181.2000,4180.8000,4180.4000,4184.6000,4187.4000,4189.8000,4190.0000,4191.0000,1,2,1,1,2,1,1,1,5,1
SF,IF2008,2020-07-02 09:33:16.400,4181.6000,4584,0,388129440.000,0,-,-,-,-,4181.8000,4181.6000,4181.2000,4180.8000,4180.4000,4187.4000,4189.8000,4190.0000,4191.0000,4192.8000,2,1,1,1,2,1,1,5,1,1
SF,IF2008,2020-07-02 09:33:16.900,4181.6000,4584,0,388129440.000,0,-,-,-,-,4182.4000,4182.0000,4181.8000,4181.6000,4181.2000,4185.6000,4187.2000,4187.4000,4190.0000,4191.0000,1,2,2,1,1,1,1,1,5,1
SF,IF2008,2020-07-02 09:33:17.400,4181.6000,4584,0,388129440.000,0,-,-,-,-,4182.6000,4181.8000,4181.6000,4181.2000,4180.8000,4185.6000,4187.2000,4187.4000,4190.0000,4191.0000,1,1,1,1,1,1,1,1,5,1
SF,IF2008,2020-07-02 09:33:17.900,4181.6000,4584,0,388129440.000,0,-,-,-,-,4182.8000,4182.6000,4181.6000,4181.2000,4180.8000,4185.6000,4187.2000,4187.4000,4190.0000,4191.0000,1,1,1,1,1,1,1,1,5,1
SF,IF2008,2020-07-02 09:33:18.400,4181.6000,4584,0,388129440.000,0,-,-,-,-,4183.0000,4182.8000,4181.6000,4181.2000,4180.8000,4185.2000,4187.2000,4187.4000,4190.0000,4191.0000,1,2,1,1,1,1,1,1,5,1
SF,IF2008,2020-07-02 09:33:18.900,4181.6000,4584,0,388129440.000,0,-,-,-,-,4183.0000,4182.8000,4181.6000,4181.2000,4180.8000,4185.2000,4187.4000,4190.0000,4191.0000,4192.8000,1,2,1,1,1,1,1,5,1,1
SF,IF2008,2020-07-02 09:33:19.400,4181.6000,4584,0,388129440.000,0,-,-,-,-,4183.0000,4182.8000,4181.6000,4181.2000,4180.8000,4185.0000,4185.2000,4187.4000,4190.0000,4191.0000,1,1,1,1,1,1,1,1,5,1
SF,IF2008,2020-07-02 09:33:19.900,4181.6000,4584,0,388129440.000,0,-,-,-,-,4183.0000,4181.6000,4181.2000,4180.8000,4180.4000,4185.2000,4187.4000,4190.0000,4191.0000,4192.8000,1,1,1,1,1,1,1,5,1,1
SF,IF2008,2020-07-02 09:33:20.400,4181.6000,4584,0,388129440.000,0,-,-,-,-,4183.0000,4181.6000,4181.2000,4180.8000,4180.2000,4185.0000,4187.4000,4190.0000,4191.0000,4192.8000,1,1,1,1,2,1,1,5,1,1
SF,IF2008,2020-07-02 09:33:22.400,4185.0000,4583,-1,389384940.000,1,0,1,双平,S,4183.0000,4181.6000,4181.2000,4180.8000,4180.2000,4187.4000,4190.0000,4191.0000,4192.8000,4193.6000,2,1,1,1,2,1,5,1,1,5
SF,IF2008,2020-07-02 09:33:22.900,4185.0000,4583,0,389384940.000,0,-,-,-,-,4183.0000,4181.6000,4180.8000,4180.2000,4179.6000,4185.4000,4187.2000,4187.4000,4190.0000,4191.0000,2,1,1,2,1,1,3,1,5,1
SF,IF2008,2020-07-02 09:33:23.400,4185.4000,4582,-1,390640560.000,1,0,1,双平,S,4183.0000,4181.6000,4180.8000,4180.2000,4179.6000,4187.2000,4187.4000,4190.0000,4191.0000,4192.8000,2,1,1,2,1,3,1,5,1,1
SF,IF2008,2020-07-02 09:33:23.900,4185.4000,4582,0,390640560.000,0,-,-,-,-,4183.0000,4181.6000,4180.8000,4180.2000,4179.6000,4186.6000,4187.2000,4187.4000,4190.0000,4191.0000,1,1,1,2,1,1,3,1,5,1
SF,IF2008,2020-07-02 09:33:24.400,4185.4000,4582,0,390640560.000,0,-,-,-,-,4183.2000,4183.0000,4181.6000,4180.8000,4180.2000,4186.4000,4187.2000,4187.4000,4190.0000,4191.0000,2,2,1,1,2,1,3,1,5,1
SF,IF2008,2020-07-02 09:33:24.900,4185.4000,4582,0,390640560.000,0,-,-,-,-,4183.4000,4183.2000,4180.8000,4180.2000,4179.6000,4186.2000,4187.4000,4190.0000,4191.0000,4192.8000,2,2,1,2,1,1,1,5,1,1
SF,IF2008,2020-07-02 09:33:25.900,4185.4000,4582,0,390640560.000,0,-,-,-,-,4183.6000,4183.4000,4183.2000,4180.8000,4180.2000,4187.4000,4190.0000,4191.0000,4192.8000,4193.6000,2,2,2,1,2,1,5,1,1,5
SF,IF2008,2020-07-02 09:33:26.400,4185.4000,4582,0,390640560.000,0,-,-,-,-,4183.8000,4183.2000,4180.8000,4180.2000,4179.6000,4187.4000,4190.0000,4191.0000,4192.8000,4193.6000,1,1,1,2,1,1,5,1,1,5
SF,IF2008,2020-07-02 09:33:26.900,4185.4000,4582,0,390640560.000,0,-,-,-,-,4183.8000,4183.2000,4180.8000,4180.2000,4179.6000,4186.8000,4187.0000,4187.2000,4187.4000,4190.0000,2,1,1,2,1,1,1,1,2,5
SF,IF2008,2020-07-02 09:33:27.400,4185.4000,4582,0,390640560.000,0,-,-,-,-,4184.0000,4183.8000,4183.2000,4180.8000,4180.2000,4186.8000,4187.0000,4187.2000,4187.4000,4190.0000,1,2,1,1,2,1,1,1,1,5
SF,IF2008,2020-07-02 09:33:27.900,4185.4000,4582,0,390640560.000,0,-,-,-,-,4184.2000,4184.0000,4183.8000,4183.2000,4180.8000,4186.8000,4187.0000,4187.2000,4187.4000,4190.0000,1,1,1,1,1,1,1,1,1,5
SF,IF2008,2020-07-02 09:33:28.400,4185.4000,4582,0,390640560.000,0,-,-,-,-,4184.2000,4183.2000,4180.8000,4180.2000,4179.6000,4187.0000,4187.2000,4187.4000,4190.0000,4191.0000,1,1,1,2,1,1,1,1,5,1
SF,IF2008,2020-07-02 09:33:28.900,4184.4000,4584,2,393151200.000,2,2,0,双开,S,4184.2000,4183.2000,4180.8000,4180.2000,4179.6000,4187.0000,4187.2000,4187.4000,4190.0000,4191.0000,2,1,1,2,1,1,1,1,5,1
SF,IF2008,2020-07-02 09:33:29.400,4184.4000,4584,0,393151200.000,0,-,-,-,-,4184.6000,4184.4000,4184.2000,4180.8000,4180.2000,4191.0000,4192.8000,4193.6000,4194.2000,4194.4000,1,3,2,1,2,1,1,5,2,1
SF,IF2008,2020-07-02 09:33:29.900,4184.4000,4584,0,393151200.000,0,-,-,-,-,4185.2000,4184.8000,4184.6000,4184.4000,4180.8000,4189.4000,4190.8000,4191.0000,4192.8000,4193.6000,1,1,2,3,1,1,2,1,1,5
SF,IF2008,2020-07-02 09:33:30.400,4184.4000,4584,0,393151200.000,0,-,-,-,-,4185.4000,4185.2000,4184.6000,4184.4000,4180.8000,4189.4000,4190.8000,4191.0000,4192.8000,4193.6000,1,2,1,3,1,1,2,1,1,5
SF,IF2008,2020-07-02 09:33:30.900,4184.4000,4584,0,393151200.000,0,-,-,-,-,4185.4000,4185.2000,4184.6000,4184.4000,4180.8000,4187.4000,4189.2000,4189.4000,4190.8000,4191.0000,1,1,1,1,1,1,3,1,1,1
SF,IF2008,2020-07-02 09:33:31.400,4184.4000,4584,0,393151200.000,0,-,-,-,-,4185.4000,4184.6000,4180.8000,4180.2000,4178.2000,4187.4000,4189.2000,4189.4000,4191.0000,4192.8000,2,1,1,2,1,1,3,1,1,1
SF,IF2008,2020-07-02 09:33:32.400,4184.4000,4584,0,393151200.000,0,-,-,-,-,4185.4000,4184.6000,4184.2000,4180.8000,4180.2000,4187.4000,4189.2000,4189.4000,4191.0000,4192.8000,1,1,1,1,2,1,3,1,1,1
SF,IF2008,2020-07-02 09:33:32.900,4185.4000,4583,-1,394406820.000,1,0,1,双平,S,4184.6000,4184.2000,4180.8000,4180.2000,4178.2000,4187.2000,4187.4000,4189.2000,4189.4000,4191.0000,1,2,1,2,1,2,1,3,1,1
SF,IF2008,2020-07-02 09:33:33.400,4185.4000,4583,0,394406820.000,0,-,-,-,-,4184.6000,4180.8000,4180.2000,4178.2000,4177.0000,4187.2000,4187.4000,4189.2000,4189.4000,4191.0000,2,1,2,1,1,2,1,1,1,1
SF,IF2008,2020-07-02 09:33:34.400,4185.4000,4583,0,394406820.000,0,-,-,-,-,4184.8000,4184.6000,4180.8000,4180.2000,4178.2000,4187.2000,4187.4000,4189.2000,4189.4000,4191.0000,1,1,1,2,1,2,1,1,1,1
SF,IF2008,2020-07-02 09:33:34.900,4185.4000,4583,0,394406820.000,0,-,-,-,-,4184.8000,4184.6000,4180.8000,4180.2000,4178.2000,4186.8000,4187.2000,4187.4000,4189.2000,4189.4000,1,1,1,2,1,1,2,1,1,1
SF,IF2008,2020-07-02 09:33:35.400,4185.4000,4583,0,394406820.000,0,-,-,-,-,4184.6000,4180.8000,4180.2000,4178.2000,4177.0000,4186.6000,4186.8000,4187.2000,4187.4000,4189.2000,1,1,2,1,1,2,1,1,1,1
SF,IF2008,2020-07-02 09:33:35.900,4185.4000,4583,0,394406820.000,0,-,-,-,-,4184.6000,4180.8000,4180.2000,4178.2000,4177.0000,4186.6000,4186.8000,4187.2000,4187.4000,4189.2000,2,1,2,1,1,2,1,1,1,1
SF,IF2008,2020-07-02 09:33:36.400,4185.4000,4583,0,394406820.000,0,-,-,-,-,4184.6000,4180.8000,4180.2000,4178.2000,4177.0000,4186.6000,4187.2000,4187.4000,4189.2000,4189.4000,2,1,2,1,1,2,1,1,1,1
SF,IF2008,2020-07-02 09:33:37.400,4185.4000,4583,0,394406820.000,0,-,-,-,-,4184.6000,4180.8000,4180.2000,4178.2000,4177.0000,4186.6000,4187.2000,4187.4000,4189.2000,4189.4000,2,1,2,1,1,1,1,1,1,1
SF,IF2008,2020-07-02 09:33:37.900,4184.6000,4583,0,395662200.000,1,0,1,多换,S,4180.8000,4180.2000,4178.2000,4177.0000,4176.2000,4186.6000,4187.2000,4187.4000,4189.2000,4189.4000,1,2,1,1,4,1,1,1,1,1
SF,IF2008,2020-07-02 09:33:38.400,4184.6000,4583,0,395662200.000,0,-,-,-,-,4182.6000,4182.4000,4182.2000,4182.0000,4181.6000,4186.6000,4187.4000,4189.2000,4191.0000,4192.8000,2,1,1,1,1,1,1,1,1,1
SF,IF2008,2020-07-02 09:33:38.900,4184.6000,4583,0,395662200.000,0,-,-,-,-,4184.2000,4182.8000,4182.4000,4182.2000,4182.0000,4186.6000,4187.4000,4189.2000,4191.0000,4192.8000,2,2,1,1,1,1,1,1,1,1
SF,IF2008,2020-07-02 09:33:39.400,4184.6000,4583,0,395662200.000,0,-,-,-,-,4184.2000,4182.8000,4182.4000,4182.2000,4181.6000,4186.6000,4187.4000,4189.2000,4191.0000,4192.8000,2,2,1,1,1,1,1,1,1,1
SF,IF2008,2020-07-02 09:33:39.900,4184.6000,4583,0,395662200.000,0,-,-,-,-,4182.8000,4182.4000,4182.2000,4181.6000,4181.4000,4186.6000,4187.4000,4189.2000,4191.0000,4192.8000,1,1,1,1,1,1,1,1,1,1
SF,IF2008,2020-07-02 09:33:40.400,4184.6000,4583,0,395662200.000,0,-,-,-,-,4182.4000,4180.8000,4180.2000,4178.2000,4177.0000,4186.6000,4187.4000,4189.2000,4191.0000,4192.8000,1,1,2,1,1,1,1,1,1,1
SF,IF2008,2020-07-02 09:33:40.900,4182.4000,4584,1,396916920.000,1,1,0,双开,S,4180.8000,4180.2000,4178.2000,4177.0000,4176.2000,4182.4000,4186.4000,4186.6000,4187.4000,4189.2000,1,2,1,1,4,1,2,1,1,1
SF,IF2008,2020-07-02 09:33:41.400,4186.4000,4584,0,399427560.000,2,1,1,多换,S,4182.4000,4181.0000,4180.8000,4180.2000,4178.2000,4186.4000,4186.6000,4187.4000,4191.0000,4192.8000,3,3,2,2,1,1,1,1,1,1
SF,IF2008,2020-07-02 09:33:41.900,4186.4000,4584,0,399427560.000,0,-,-,-,-,4182.6000,4182.4000,4181.0000,4180.8000,4180.2000,4185.6000,4186.2000,4187.4000,4191.0000,4192.8000,1,2,3,1,2,1,1,1,1,1
SF,IF2008,2020-07-02 09:33:42.400,4186.4000,4584,0,399427560.000,0,-,-,-,-,4182.8000,4182.6000,4182.2000,4181.0000,4180.8000,4186.0000,4187.4000,4191.0000,4192.8000,4193.6000,4,1,1,1,1,1,1,1,1,5
SF,IF2008,2020-07-02 09:33:42.900,4186.4000,4584,0,399427560.000,0,-,-,-,-,4182.8000,4182.6000,4182.2000,4181.0000,4180.8000,4186.0000,4187.4000,4191.0000,4192.8000,4193.6000,3,1,1,1,1,2,1,1,1,5
SF,IF2008,2020-07-02 09:33:43.400,4186.4000,4584,0,399427560.000,0,-,-,-,-,4183.2000,4183.0000,4182.8000,4181.0000,4180.8000,4185.6000,4186.0000,4187.4000,4191.0000,4192.8000,1,1,2,1,1,2,2,1,1,1
SF,IF2008,2020-07-02 09:33:43.900,4186.4000,4584,0,399427560.000,0,-,-,-,-,4183.4000,4183.2000,4182.8000,4180.8000,4180.2000,4185.6000,4186.0000,4187.4000,4191.0000,4192.8000,1,2,1,1,2,1,2,1,1,1
SF,IF2008,2020-07-02 09:33:44.400,4186.4000,4584,0,399427560.000,0,-,-,-,-,4183.2000,4181.0000,4180.8000,4180.2000,4178.2000,4185.4000,4185.6000,4186.0000,4187.4000,4191.0000,4,1,1,2,1,1,2,2,1,1
SF,IF2008,2020-07-02 09:33:44.900,4186.4000,4584,0,399427560.000,0,-,-,-,-,4183.2000,4181.4000,4181.0000,4180.8000,4180.2000,4185.4000,4185.6000,4186.0000,4187.4000,4191.0000,4,1,1,1,2,1,1,2,1,1
SF,IF2008,2020-07-02 09:33:45.400,4186.4000,4584,0,399427560.000,0,-,-,-,-,4183.2000,4181.4000,4181.0000,4180.8000,4180.2000,4185.4000,4185.6000,4186.0000,4187.4000,4191.0000,2,1,1,1,2,1,1,3,1,1
SF,IF2008,2020-07-02 09:33:45.900,4186.4000,4584,0,399427560.000,0,-,-,-,-,4181.4000,4181.0000,4180.8000,4180.2000,4178.2000,4185.4000,4185.6000,4186.0000,4186.2000,4187.4000,1,1,1,2,1,1,1,3,2,1
SF,IF2008,2020-07-02 09:33:46.400,4185.4000,4584,0,401938800.000,2,1,1,多换,S,4181.6000,4181.4000,4181.0000,4180.8000,4180.2000,4185.6000,4186.0000,4186.2000,4187.4000,4191.0000,1,1,1,1,2,1,3,3,1,1
SF,IF2008,2020-07-02 09:33:46.900,4185.4000,4584,0,401938800.000,0,-,-,-,-,4181.6000,4181.4000,4181.0000,4180.8000,4180.2000,4185.0000,4185.2000,4185.4000,4185.6000,4186.0000,1,1,1,1,2,1,1,1,1,3
SF,IF2008,2020-07-02 09:33:47.400,4185.4000,4584,0,401938800.000,0,-,-,-,-,4181.8000,4181.6000,4181.0000,4180.8000,4180.2000,4184.8000,4185.0000,4185.2000,4185.4000,4185.6000,1,1,1,1,2,1,1,1,1,1
SF,IF2008,2020-07-02 09:33:47.900,4185.4000,4584,0,401938800.000,0,-,-,-,-,4182.0000,4181.8000,4181.0000,4180.8000,4180.2000,4184.6000,4184.8000,4185.0000,4185.2000,4185.4000,1,1,1,1,2,1,2,1,3,1
SF,IF2008,2020-07-02 09:33:48.400,4184.6000,4583,-1,403194180.000,1,0,1,双平,S,4182.0000,4181.0000,4180.8000,4180.2000,4178.2000,4184.8000,4185.0000,4185.2000,4185.4000,4185.6000,1,1,1,2,1,2,1,4,1,1
SF,IF2008,2020-07-02 09:33:48.900,4184.6000,4583,0,403194180.000,0,-,-,-,-,4182.0000,4181.0000,4180.8000,4180.2000,4178.2000,4184.8000,4185.0000,4185.2000,4185.4000,4185.6000,2,1,1,2,1,2,1,4,1,1
SF,IF2008,2020-07-02 09:33:49.900,4184.6000,4583,0,403194180.000,0,-,-,-,-,4182.2000,4182.0000,4181.0000,4180.8000,4180.2000,4184.8000,4185.0000,4185.2000,4185.4000,4185.6000,1,2,1,1,2,2,1,3,1,1
SF,IF2008,2020-07-02 09:33:50.400,4184.6000,4583,0,403194180.000,0,-,-,-,-,4182.4000,4182.2000,4181.0000,4180.8000,4180.2000,4184.4000,4184.8000,4185.0000,4185.2000,4185.4000,1,2,1,1,2,1,2,1,2,1
SF,IF2008,2020-07-02 09:33:50.900,4184.6000,4583,0,403194180.000,0,-,-,-,-,4182.4000,4182.2000,4181.0000,4180.8000,4180.2000,4184.4000,4184.8000,4185.0000,4185.2000,4185.4000,1,1,1,1,2,1,2,1,2,1
SF,IF2008,2020-07-02 09:33:51.900,4184.6000,4583,0,403194180.000,0,-,-,-,-,4182.4000,4181.0000,4180.8000,4180.2000,4178.2000,4184.4000,4184.8000,4185.0000,4185.2000,4185.4000,2,1,1,2,1,1,2,1,2,1
SF,IF2008,2020-07-02 09:33:52.400,4184.4000,4583,0,404449500.000,1,0,1,多换,S,4182.4000,4180.8000,4180.2000,4178.2000,4177.6000,4184.8000,4185.0000,4185.2000,4185.4000,4185.6000,1,1,2,1,4,1,1,2,1,1
SF,IF2008,2020-07-02 09:33:52.900,4184.4000,4583,0,404449500.000,0,-,-,-,-,4184.4000,4182.4000,4180.8000,4180.2000,4178.2000,4184.8000,4185.0000,4185.2000,4185.4000,4185.6000,1,2,1,2,1,1,1,1,1,1
SF,IF2008,2020-07-02 09:33:53.400,4184.4000,4582,-1,406960260.000,2,0,2,多平,S,4182.4000,4180.8000,4180.2000,4178.2000,4177.6000,4185.0000,4185.6000,4187.4000,4191.0000,4192.8000,2,1,2,1,4,1,1,1,1,1
SF,IF2008,2020-07-02 09:33:53.900,4185.0000,4581,-1,408215760.000,1,0,1,双平,S,4182.6000,4182.4000,4180.8000,4180.2000,4178.2000,4185.6000,4187.4000,4191.0000,4192.8000,4194.2000,1,4,1,2,1,1,1,1,1,2
SF,IF2008,2020-07-02 09:33:54.400,4185.0000,4581,0,408215760.000,0,-,-,-,-,4183.4000,4182.8000,4182.6000,4180.8000,4180.2000,4185.6000,4187.4000,4191.0000,4192.8000,4194.2000,1,2,2,1,2,1,1,1,1,2
SF,IF2008,2020-07-02 09:33:54.900,4185.0000,4581,0,408215760.000,0,-,-,-,-,4183.6000,4183.4000,4182.8000,4182.6000,4180.8000,4187.4000,4190.2000,4191.0000,4192.8000,4194.2000,1,3,1,1,1,1,1,1,1,2
SF,IF2008,2020-07-02 09:33:55.400,4185.0000,4581,0,408215760.000,0,-,-,-,-,4184.8000,4183.6000,4183.4000,4182.8000,4182.6000,4186.4000,4187.2000,4187.4000,4190.2000,4191.0000,1,2,2,1,1,1,3,1,1,1
SF,IF2008,2020-07-02 09:33:55.900,4185.0000,4581,0,408215760.000,0,-,-,-,-,4184.8000,4183.6000,4183.4000,4182.8000,4182.6000,4185.6000,4187.2000,4187.4000,4190.2000,4191.0000,2,1,2,1,1,1,3,1,1,1
SF,IF2008,2020-07-02 09:33:56.400,4185.4000,4580,-1,409471380.000,1,0,1,双平,S,4184.8000,4183.6000,4183.4000,4182.8000,4182.6000,4187.2000,4187.4000,4190.2000,4191.0000,4192.8000,2,1,1,1,1,3,1,1,1,1
SF,IF2008,2020-07-02 09:33:56.900,4185.4000,4580,0,409471380.000,0,-,-,-,-,4185.0000,4184.8000,4183.4000,4182.8000,4182.6000,4186.6000,4187.2000,4187.4000,4190.2000,4191.0000,1,2,1,1,1,1,3,1,1,1
SF,IF2008,2020-07-02 09:33:57.400,4185.4000,4580,0,409471380.000,0,-,-,-,-,4185.0000,4184.8000,4183.4000,4182.8000,4182.6000,4186.4000,4187.2000,4187.4000,4190.2000,4191.0000,1,1,1,1,1,1,3,1,1,1
SF,IF2008,2020-07-02 09:33:57.900,4185.4000,4580,0,409471380.000,0,-,-,-,-,4185.0000,4184.8000,4183.4000,4182.8000,4182.6000,4185.6000,4186.2000,4187.2000,4187.4000,4190.2000,1,1,1,1,1,1,3,3,1,1
SF,IF2008,2020-07-02 09:33:58.900,4185.4000,4580,0,409471380.000,0,-,-,-,-,4185.2000,4185.0000,4184.8000,4183.4000,4182.8000,4186.2000,4187.2000,4187.4000,4190.2000,4191.0000,1,1,1,1,1,1,3,1,1,1
SF,IF2008,2020-07-02 09:33:59.400,4185.2000,4579,-1,410726940.000,1,0,1,双平,S,4186.2000,4185.2000,4184.8000,4183.4000,4182.8000,4187.4000,4190.2000,4191.0000,4192.8000,4194.2000,3,1,1,1,1,1,1,1,1,2
SF,IF2008,2020-07-02 09:33:59.900,4186.2000,4580,1,414494520.000,3,2,1,空开,S,4185.2000,4184.8000,4183.4000,4182.8000,4182.6000,4187.4000,4190.2000,4191.0000,4192.8000,4194.2000,1,1,1,1,1,1,1,1,1,2
SF,IF2008,2020-07-02 09:34:00.400,4186.2000,4580,0,414494520.000,0,-,-,-,-,4186.2000,4185.4000,4185.2000,4184.8000,4183.4000,4187.4000,4190.2000,4191.0000,4192.8000,4194.2000,20,2,1,1,1,1,1,1,1,2
SF,IF2008,2020-07-02 09:34:00.900,4187.4000,4579,-1,415750740.000,1,0,1,双平,S,4186.2000,4185.4000,4184.8000,4183.4000,4182.8000,4190.2000,4191.0000,4192.8000,4194.2000,4194.4000,20,2,1,1,1,1,1,1,2,1
SF,IF2008,2020-07-02 09:34:01.400,4187.4000,4579,0,415750740.000,0,-,-,-,-,4186.4000,4186.2000,4184.8000,4183.4000,4182.8000,4187.8000,4188.8000,4190.0000,4190.2000,4191.0000,2,20,1,1,1,1,1,3,1,1
SF,IF2008,2020-07-02 09:34:01.900,4186.6000,4577,-2,418263060.000,2,0,2,双平,S,4186.6000,4186.4000,4186.2000,4184.8000,4183.4000,4188.8000,4190.0000,4190.2000,4191.0000,4192.8000,1,1,20,1,1,1,1,1,1,1
SF,IF2008,2020-07-02 09:34:02.400,4186.6000,4577,0,418263060.000,0,-,-,-,-,4186.8000,4186.6000,4186.4000,4186.2000,4184.8000,4188.6000,4188.8000,4190.0000,4190.2000,4191.0000,1,1,1,20,1,3,1,1,1,1
SF,IF2008,2020-07-02 09:34:02.900,4186.6000,4577,0,418263060.000,0,-,-,-,-,4187.8000,4186.8000,4186.6000,4186.4000,4186.2000,4188.0000,4188.6000,4188.8000,4190.0000,4190.2000,1,1,1,1,20,1,2,1,1,1
SF,IF2008,2020-07-02 09:34:03.400,4187.8000,4577,0,419519400.000,1,0,1,多换,S,4188.2000,4186.4000,4186.2000,4184.8000,4183.4000,4188.8000,4190.0000,4190.2000,4191.0000,4192.8000,1,1,20,1,1,1,1,1,1,1
SF,IF2008,2020-07-02 09:34:03.900,4188.2000,4578,1,422032260.000,2,1,1,空开,S,4186.4000,4186.2000,4184.8000,4183.4000,4182.8000,4188.8000,4190.0000,4190.2000,4191.0000,4192.8000,1,20,1,1,1,1,1,1,1,1
SF,IF2008,2020-07-02 09:34:04.400,4188.2000,4578,0,422032260.000,0,-,-,-,-,4186.6000,4186.4000,4186.2000,4184.8000,4183.4000,4188.2000,4188.6000,4188.8000,4190.0000,4190.2000,2,1,20,1,1,1,2,1,1,1
SF,IF2008,2020-07-02 09:34:04.900,4188.2000,4578,0,422032260.000,0,-,-,-,-,4186.6000,4186.4000,4186.2000,4183.4000,4182.8000,4188.0000,4188.6000,4188.8000,4190.0000,4190.2000,2,1,20,1,1,2,2,1,1,1
SF,IF2008,2020-07-02 09:34:05.400,4188.2000,4578,0,422032260.000,0,-,-,-,-,4186.4000,4186.2000,4183.4000,4182.8000,4182.6000,4187.8000,4188.0000,4188.6000,4188.8000,4190.0000,1,20,1,1,1,1,1,2,1,1
SF,IF2008,2020-07-02 09:34:05.900,4188.2000,4578,0,422032260.000,0,-,-,-,-,4186.4000,4186.2000,4183.4000,4182.8000,4182.6000,4187.8000,4188.0000,4188.6000,4188.8000,4190.0000,1,20,1,1,1,1,2,2,1,1
SF,IF2008,2020-07-02 09:34:06.900,4188.0000,4578,0,425801460.000,3,1,2,多换,S,4188.0000,4186.4000,4186.2000,4183.4000,4182.8000,4188.6000,4188.8000,4190.0000,4190.2000,4191.0000,2,2,20,1,1,2,1,1,1,1
SF,IF2008,2020-07-02 09:34:07.400,4187.8000,4578,0,429570600.000,3,1,2,多换,S,4186.4000,4186.2000,4183.4000,4182.8000,4182.6000,4188.2000,4188.6000,4188.8000,4190.0000,4190.2000,2,20,1,1,1,1,2,1,1,1
SF,IF2008,2020-07-02 09:34:07.900,4187.8000,4578,0,429570600.000,0,-,-,-,-,4186.4000,4186.2000,4183.4000,4182.8000,4182.6000,4187.6000,4188.0000,4188.6000,4188.8000,4190.0000,2,20,1,1,1,1,2,2,1,1
SF,IF2008,2020-07-02 09:34:08.400,4187.8000,4578,0,429570600.000,0,-,-,-,-,4186.4000,4186.2000,4183.4000,4182.8000,4182.6000,4187.6000,4188.0000,4188.6000,4188.8000,4190.0000,1,20,1,1,1,1,2,2,1,1
SF,IF2008,2020-07-02 09:34:08.900,4187.6000,4577,-1,430826880.000,1,0,1,双平,S,4186.4000,4186.2000,4183.4000,4182.8000,4182.6000,4188.6000,4188.8000,4190.0000,4190.2000,4191.0000,2,20,1,1,1,2,1,1,1,1
SF,IF2008,2020-07-02 09:34:09.400,4187.6000,4577,0,430826880.000,0,-,-,-,-,4186.6000,4186.4000,4186.2000,4183.4000,4182.8000,4188.2000,4188.4000,4188.6000,4188.8000,4190.2000,1,2,20,1,1,1,2,2,1,1
SF,IF2008,2020-07-02 09:34:09.900,4188.2000,4576,-1,432083340.000,1,0,1,双平,S,4186.6000,4186.4000,4186.2000,4183.4000,4182.8000,4188.4000,4188.6000,4188.8000,4190.2000,4191.0000,2,1,20,1,1,2,2,1,1,1
SF,IF2008,2020-07-02 09:34:10.400,4188.4000,4575,-1,433339860.000,1,0,1,双平,S,4186.6000,4186.4000,4186.2000,4183.4000,4182.8000,4188.8000,4190.2000,4191.0000,4192.8000,4194.2000,2,1,20,1,1,1,1,1,1,2
SF,IF2008,2020-07-02 09:34:10.900,4188.8000,4575,0,434596500.000,1,0,1,多换,S,4186.8000,4186.6000,4186.4000,4186.2000,4183.4000,4187.0000,4190.2000,4191.0000,4192.8000,4194.2000,1,2,1,20,1,5,1,1,1,2
SF,IF2008,2020-07-02 09:34:11.400,4187.0000,4570,-5,440877000.000,5,0,5,双平,S,4187.0000,4186.8000,4186.4000,4186.2000,4183.4000,4190.2000,4191.0000,4192.8000,4194.2000,4194.4000,3,1,1,20,1,1,1,1,2,1
SF,IF2008,2020-07-02 09:34:11.900,4187.0000,4570,0,440877000.000,0,-,-,-,-,4187.2000,4187.0000,4186.8000,4186.2000,4183.4000,4189.2000,4190.0000,4190.2000,4191.0000,4192.8000,5,3,1,20,1,1,3,2,1,1
SF,IF2008,2020-07-02 09:34:12.400,4187.0000,4570,0,440877000.000,0,-,-,-,-,4187.6000,4187.4000,4187.2000,4187.0000,4186.2000,4189.2000,4190.0000,4190.2000,4191.0000,4192.8000,1,1,4,1,20,1,3,1,1,1
SF,IF2008,2020-07-02 09:34:12.900,4189.2000,4569,-1,442133760.000,1,0,1,双平,S,4189.2000,4187.8000,4187.6000,4187.2000,4187.0000,4190.2000,4191.0000,4192.8000,4194.2000,4194.4000,1,2,2,4,1,1,1,1,2,1
SF,IF2008,2020-07-02 09:34:13.400,4189.2000,4568,-1,444647580.000,2,0,2,多平,S,4189.2000,4187.8000,4187.6000,4187.2000,4187.0000,4191.0000,4192.8000,4194.2000,4194.4000,4195.0000,1,1,1,2,1,1,1,2,1,5
SF,IF2008,2020-07-02 09:34:13.900,4189.2000,4568,0,444647580.000,0,-,-,-,-,4189.2000,4187.6000,4187.2000,4187.0000,4186.2000,4191.0000,4192.8000,4194.2000,4194.4000,4195.0000,1,1,2,2,20,1,1,2,1,5
SF,IF2008,2020-07-02 09:34:14.400,4189.2000,4569,1,445904340.000,1,1,0,双开,S,4187.6000,4187.2000,4187.0000,4186.2000,4185.6000,4189.2000,4191.0000,4192.8000,4194.2000,4194.4000,1,2,2,20,2,1,1,1,2,1
SF,IF2008,2020-07-02 09:34:14.900,4189.2000,4569,0,447161100.000,1,0,1,多换,S,4187.8000,4187.6000,4187.4000,4187.2000,4187.0000,4191.0000,4192.8000,4194.2000,4194.4000,4195.0000,1,3,1,2,2,1,1,2,1,5
SF,IF2008,2020-07-02 09:34:15.400,4189.2000,4569,0,447161100.000,0,-,-,-,-,4188.4000,4188.0000,4187.8000,4187.4000,4187.0000,4191.0000,4192.8000,4194.2000,4194.4000,4195.0000,1,2,2,1,2,1,1,2,1,5
SF,IF2008,2020-07-02 09:34:15.900,4189.2000,4569,0,447161100.000,0,-,-,-,-,4188.6000,4188.4000,4187.8000,4187.4000,4187.0000,4191.0000,4192.8000,4194.2000,4194.4000,4195.0000,2,1,2,1,2,1,1,2,1,5
SF,IF2008,2020-07-02 09:34:16.400,4189.2000,4569,0,447161100.000,0,-,-,-,-,4188.8000,4188.6000,4188.4000,4187.4000,4187.0000,4191.0000,4192.8000,4194.2000,4194.4000,4195.0000,5,1,1,1,1,1,1,2,1,5
SF,IF2008,2020-07-02 09:34:16.900,4191.0000,4568,-1,448418400.000,1,0,1,双平,S,4189.0000,4188.8000,4188.4000,4187.4000,4187.0000,4192.8000,4194.2000,4194.4000,4195.0000,4198.2000,3,4,1,1,1,1,2,1,5,1
SF,IF2008,2020-07-02 09:34:17.400,4191.0000,4568,0,448418400.000,0,-,-,-,-,4189.2000,4189.0000,4188.8000,4188.4000,4187.4000,4192.6000,4192.8000,4194.2000,4194.4000,4195.0000,1,2,3,1,1,1,2,2,1,5
SF,IF2008,2020-07-02 09:34:17.900,4191.0000,4568,0,448418400.000,0,-,-,-,-,4189.6000,4189.4000,4189.2000,4188.8000,4187.4000,4192.8000,4194.2000,4194.4000,4195.0000,4198.2000,1,3,1,1,1,1,2,1,5,1
SF,IF2008,2020-07-02 09:34:18.400,4191.0000,4568,0,448418400.000,0,-,-,-,-,4189.8000,4189.6000,4189.4000,4187.4000,4187.0000,4192.6000,4192.8000,4194.2000,4194.4000,4195.0000,2,1,2,1,1,2,1,2,1,5
SF,IF2008,2020-07-02 09:34:18.900,4191.0000,4568,0,448418400.000,0,-,-,-,-,4189.8000,4189.6000,4189.4000,4187.4000,4187.0000,4192.4000,4192.6000,4192.8000,4194.2000,4194.4000,1,1,2,1,1,1,2,1,2,1
SF,IF2008,2020-07-02 09:34:19.400,4191.0000,4568,0,448418400.000,0,-,-,-,-,4189.8000,4189.6000,4187.4000,4187.0000,4186.2000,4192.4000,4192.8000,4194.2000,4194.4000,4198.2000,2,1,1,1,20,1,1,2,1,1
SF,IF2008,2020-07-02 09:34:19.900,4191.0000,4568,0,448418400.000,0,-,-,-,-,4190.0000,4189.8000,4189.6000,4187.4000,4187.0000,4192.4000,4192.8000,4194.2000,4194.4000,4198.2000,2,2,1,1,1,1,1,2,1,1
SF,IF2008,2020-07-02 09:34:20.400,4191.0000,4568,0,448418400.000,0,-,-,-,-,4190.2000,4190.0000,4189.6000,4187.4000,4187.0000,4192.8000,4194.2000,4194.4000,4198.2000,4198.8000,2,2,1,1,1,1,2,1,1,1
SF,IF2008,2020-07-02 09:34:20.900,4191.0000,4568,0,448418400.000,0,-,-,-,-,4190.2000,4190.0000,4189.6000,4187.4000,4187.0000,4192.8000,4194.2000,4194.4000,4198.2000,4198.8000,2,1,1,1,1,1,2,1,1,1
SF,IF2008,2020-07-02 09:34:21.400,4191.0000,4568,0,448418400.000,0,-,-,-,-,4190.4000,4190.2000,4187.4000,4187.0000,4186.2000,4192.4000,4192.8000,4194.2000,4194.4000,4198.2000,5,2,1,1,20,1,1,2,1,1
SF,IF2008,2020-07-02 09:34:21.900,4190.6000,4568,0,450933300.000,2,1,1,多换,S,4190.6000,4190.4000,4187.4000,4187.0000,4186.2000,4192.8000,4194.2000,4194.4000,4198.2000,4198.8000,1,4,1,1,20,1,2,1,1,1
SF,IF2008,2020-07-02 09:34:22.400,4190.6000,4568,0,450933300.000,0,-,-,-,-,4190.8000,4190.6000,4190.4000,4187.4000,4187.0000,4192.8000,4194.2000,4194.4000,4198.2000,4198.8000,3,2,2,1,1,1,2,1,1,1
SF,IF2008,2020-07-02 09:34:22.900,4190.6000,4568,0,450933300.000,0,-,-,-,-,4191.0000,4190.8000,4190.6000,4190.4000,4187.4000,4192.8000,4194.2000,4194.4000,4198.2000,4198.8000,1,1,1,2,1,1,2,1,1,1
SF,IF2008,2020-07-02 09:34:23.400,4192.8000,4568,0,452191140.000,1,0,1,多换,S,4191.2000,4191.0000,4190.4000,4187.4000,4187.0000,4194.2000,4194.4000,4198.2000,4198.8000,4200.0000,2,2,2,1,1,2,1,1,1,6
SF,IF2008,2020-07-02 09:34:23.900,4192.8000,4568,0,452191140.000,0,-,-,-,-,4191.4000,4191.2000,4190.4000,4187.4000,4187.0000,4194.2000,4194.4000,4198.2000,4198.8000,4200.0000,2,4,2,1,1,2,1,1,1,6
SF,IF2008,2020-07-02 09:34:24.400,4192.8000,4568,0,452191140.000,0,-,-,-,-,4192.2000,4191.6000,4191.4000,4191.2000,4190.4000,4194.2000,4194.4000,4198.2000,4198.8000,4200.0000,1,1,3,2,2,2,1,1,1,6
SF,IF2008,2020-07-02 09:34:24.900,4192.8000,4568,0,452191140.000,0,-,-,-,-,4192.4000,4192.2000,4191.6000,4191.4000,4191.2000,4194.2000,4194.4000,4198.2000,4198.8000,4200.0000,1,1,1,1,2,2,1,1,1,6
SF,IF2008,2020-07-02 09:34:25.900,4192.8000,4568,0,452191140.000,0,-,-,-,-,4192.4000,4191.6000,4191.4000,4191.2000,4190.4000,4194.2000,4194.4000,4198.2000,4198.8000,4200.0000,1,1,1,1,2,2,1,1,1,6
SF,IF2008,2020-07-02 09:34:27.400,4192.8000,4568,0,452191140.000,0,-,-,-,-,4192.4000,4191.2000,4190.4000,4187.0000,4186.2000,4194.2000,4194.4000,4198.2000,4198.8000,4200.0000,1,1,2,1,20,2,1,1,1,6
SF,IF2008,2020-07-02 09:34:27.900,4192.8000,4568,0,452191140.000,0,-,-,-,-,4192.6000,4192.4000,4191.2000,4190.4000,4187.0000,4194.2000,4194.4000,4198.2000,4198.8000,4200.0000,2,1,1,2,1,2,1,1,1,6
SF,IF2008,2020-07-02 09:34:28.400,4192.8000,4568,0,452191140.000,0,-,-,-,-,4192.6000,4192.4000,4190.4000,4187.0000,4186.2000,4194.2000,4194.4000,4198.2000,4198.8000,4200.0000,2,1,2,1,20,2,1,1,1,6
