市场代码,合约代码,时间,最新,持仓,增仓,成交额,成交量,开仓,平仓,成交类型,方向,买一价,买二价,买三价,买四价,买五价,卖一价,卖二价,卖三价,卖四价,卖五价,买一量,买二量,买三量,买四量,买五量,卖一量,卖二量,卖三量,卖四量,卖五量
SF,IF2003,2019-12-02 09:29:00.100,3834.8000,16172,0,1150440.000,1.000,-,-,-,-,3834.6000,3830.6000,3829.8000,3828.0000,3827.8000,3835.0000,3836.0000,3838.6000,3839.4000,3839.6000,1,1,1,1,1,2,3,3,1,1
SF,IF2003,2019-12-02 09:30:00.100,3835.0000,16167,-5,8053440.000,6,0,6,多平,S,3835.2000,3835.0000,3834.8000,3834.6000,3833.8000,3835.8000,3838.6000,3839.4000,3839.6000,3839.8000,2,6,8,1,2,1,3,1,1,1
SF,IF2003,2019-12-02 09:30:00.600,3835.6000,16165,-2,18411900.000,9,3,6,多平,S,3835.6000,3835.4000,3835.2000,3835.0000,3834.8000,3839.4000,3839.6000,3839.8000,3840.0000,3844.0000,5,15,1,8,4,1,1,1,7,2
SF,IF2003,2019-12-02 09:30:01.100,3835.6000,16165,0,18411900.000,0,-,-,-,-,3836.2000,3836.0000,3835.8000,3835.6000,3835.4000,3838.6000,3839.2000,3839.4000,3839.6000,3839.8000,1,4,17,7,7,3,5,2,2,1
SF,IF2003,2019-12-02 09:30:01.600,3835.6000,16165,0,18411900.000,0,-,-,-,-,3836.4000,3836.2000,3835.8000,3835.6000,3835.4000,3837.6000,3838.4000,3838.6000,3839.2000,3839.4000,2,6,12,5,7,1,4,4,10,1
SF,IF2003,2019-12-02 09:30:02.100,3835.8000,16162,-3,23014860.000,4,0,4,多平,S,3835.8000,3835.6000,3835.4000,3835.2000,3835.0000,3837.4000,3837.6000,3838.4000,3838.6000,3839.2000,9,5,7,1,4,3,1,4,4,9
SF,IF2003,2019-12-02 09:30:02.600,3837.2000,16161,-1,26468460.000,3,1,2,多平,S,3837.0000,3836.6000,3836.0000,3835.8000,3835.6000,3837.6000,3838.6000,3839.2000,3839.6000,3839.8000,7,4,9,9,1,1,3,9,1,1
SF,IF2003,2019-12-02 09:30:03.100,3837.2000,16161,0,26468460.000,0,-,-,-,-,3837.0000,3836.6000,3836.0000,3835.8000,3835.6000,3837.6000,3838.6000,3839.2000,3839.6000,3839.8000,7,4,10,9,1,1,3,8,1,1
SF,IF2003,2019-12-02 09:30:03.600,3837.6000,16159,-2,28770900.000,2,0,2,双平,S,3836.0000,3835.8000,3835.4000,3835.2000,3835.0000,3838.6000,3839.2000,3839.6000,3839.8000,3840.0000,3,10,3,1,4,4,8,1,1,7
SF,IF2003,2019-12-02 09:30:04.100,3836.6000,16158,-1,29921880.000,1,0,1,双平,S,3836.6000,3836.2000,3836.0000,3835.8000,3835.4000,3837.2000,3837.8000,3838.0000,3838.4000,3838.6000,4,5,3,9,2,1,1,5,4,4
SF,IF2003,2019-12-02 09:30:04.600,3838.0000,16157,-1,33375780.000,3,1,2,多平,S,3837.6000,3837.0000,3836.2000,3836.0000,3835.8000,3838.0000,3838.4000,3838.6000,3839.2000,3839.6000,1,1,3,2,9,4,8,4,8,1
SF,IF2003,2019-12-02 09:30:05.100,3838.0000,16156,-1,36829860.000,3,1,2,多平,S,3837.6000,3837.2000,3837.0000,3836.8000,3836.0000,3838.0000,3838.4000,3838.6000,3839.2000,3839.6000,5,1,1,6,2,2,3,2,4,1
SF,IF2003,2019-12-02 09:30:05.600,3838.0000,16152,-4,41435280.000,4,0,4,双平,S,3838.0000,3837.0000,3836.8000,3836.0000,3835.8000,3838.4000,3838.6000,3839.2000,3839.6000,3839.8000,3,1,4,2,9,2,2,4,1,2
SF,IF2003,2019-12-02 09:30:06.100,3838.0000,16149,-3,44889480.000,3,0,3,双平,S,3838.0000,3837.0000,3836.8000,3836.6000,3836.0000,3838.4000,3838.6000,3839.2000,3839.6000,3839.8000,1,1,4,1,2,2,2,4,1,2
SF,IF2003,2019-12-02 09:30:06.600,3838.2000,16147,-2,47192460.000,2,0,2,双平,S,3838.0000,3837.0000,3836.8000,3836.6000,3836.0000,3838.4000,3838.6000,3839.2000,3839.6000,3839.8000,1,1,4,1,2,1,2,4,1,2
SF,IF2003,2019-12-02 09:30:07.100,3838.6000,16144,-3,50647140.000,3,0,3,双平,S,3838.2000,3838.0000,3837.0000,3836.8000,3836.6000,3839.2000,3839.6000,3839.8000,3840.0000,3841.8000,2,1,1,4,1,4,1,2,7,2
SF,IF2003,2019-12-02 09:30:07.600,3838.2000,16143,-1,52950060.000,2,0,2,多平,S,3838.0000,3837.0000,3836.8000,3836.6000,3836.0000,3838.4000,3839.0000,3839.2000,3839.6000,3839.8000,1,1,4,1,2,1,2,5,1,2
SF,IF2003,2019-12-02 09:30:08.100,3838.0000,16142,-1,54101460.000,1,0,1,双平,S,3838.4000,3837.0000,3836.8000,3836.6000,3836.0000,3839.0000,3839.2000,3839.6000,3839.8000,3840.0000,1,1,4,1,2,2,1,1,2,7
SF,IF2003,2019-12-02 09:30:08.600,3838.0000,16142,0,54101460.000,0,-,-,-,-,3838.4000,3838.0000,3837.0000,3836.8000,3836.6000,3839.2000,3839.6000,3839.8000,3840.0000,3841.8000,1,2,1,4,1,1,1,2,7,2
SF,IF2003,2019-12-02 09:30:09.100,3838.2000,16142,0,55252920.000,1,0,1,多换,S,3838.4000,3838.0000,3837.0000,3836.8000,3836.6000,3839.2000,3839.6000,3839.8000,3840.0000,3841.8000,2,1,1,4,1,1,1,2,7,2
SF,IF2003,2019-12-02 09:30:09.600,3838.0000,16139,-3,59858700.000,4,0,4,多平,S,3837.0000,3836.8000,3836.6000,3836.0000,3835.8000,3839.0000,3839.2000,3839.6000,3839.8000,3840.0000,1,4,1,2,9,1,1,2,2,7
SF,IF2003,2019-12-02 09:30:10.100,3838.0000,16139,0,59858700.000,0,-,-,-,-,3837.2000,3837.0000,3836.8000,3836.6000,3835.8000,3838.8000,3839.0000,3839.2000,3839.6000,3839.8000,3,1,4,1,9,2,1,1,2,2
SF,IF2003,2019-12-02 09:30:10.600,3838.8000,16138,-1,61010340.000,1,0,1,双平,S,3837.2000,3837.0000,3836.8000,3836.6000,3835.8000,3838.8000,3839.0000,3839.2000,3839.6000,3839.8000,5,1,4,1,9,1,6,1,2,2
SF,IF2003,2019-12-02 09:30:11.100,3838.8000,16138,0,61010340.000,0,-,-,-,-,3837.2000,3837.0000,3836.8000,3836.6000,3835.8000,3838.6000,3839.0000,3839.2000,3839.6000,3839.8000,3,1,4,1,9,1,7,1,2,2
SF,IF2003,2019-12-02 09:30:11.600,3838.8000,16137,-1,63313620.000,2,0,2,多平,S,3838.8000,3837.6000,3837.2000,3837.0000,3836.8000,3839.0000,3839.2000,3839.6000,3839.8000,3840.0000,1,7,2,1,4,7,1,2,2,8
SF,IF2003,2019-12-02 09:30:12.100,3837.2000,16131,-6,71373360.000,7,0,7,多平,S,3837.0000,3836.8000,3836.6000,3835.8000,3835.4000,3837.2000,3838.8000,3839.0000,3839.2000,3839.6000,1,4,1,9,1,2,1,8,1,2
SF,IF2003,2019-12-02 09:30:12.600,3838.6000,16126,-5,77130060.000,5,0,5,双平,S,3837.2000,3837.0000,3836.8000,3836.6000,3835.8000,3839.0000,3839.2000,3839.6000,3839.8000,3840.0000,1,1,4,1,9,6,1,2,2,8
SF,IF2003,2019-12-02 09:30:13.100,3838.6000,16126,0,77130060.000,0,-,-,-,-,3837.2000,3837.0000,3836.8000,3836.6000,3835.8000,3838.8000,3839.0000,3839.2000,3839.6000,3839.8000,2,1,2,1,9,7,6,1,2,2
SF,IF2003,2019-12-02 09:30:14.600,3838.8000,16125,-1,79432980.000,2,0,2,多平,S,3837.6000,3837.2000,3837.0000,3836.8000,3836.6000,3838.8000,3839.0000,3839.2000,3839.6000,3839.8000,4,2,1,2,1,4,6,1,2,2
SF,IF2003,2019-12-02 09:30:15.100,3838.8000,16125,0,79432980.000,0,-,-,-,-,3837.8000,3837.2000,3837.0000,3836.8000,3836.6000,3838.8000,3839.0000,3839.2000,3839.6000,3839.8000,1,2,1,2,1,4,6,1,2,2
SF,IF2003,2019-12-02 09:30:15.600,3837.2000,16124,-1,82886940.000,3,1,2,多平,S,3835.8000,3835.4000,3835.0000,3834.4000,3833.6000,3838.6000,3838.8000,3839.0000,3839.2000,3839.6000,9,1,1,2,2,7,4,6,1,2
SF,IF2003,2019-12-02 09:30:16.100,3837.2000,16123,-1,85189620.000,2,0,2,多平,S,3837.2000,3836.0000,3835.8000,3835.4000,3835.0000,3838.4000,3838.6000,3838.8000,3839.0000,3839.2000,4,10,10,1,1,1,2,2,6,1
SF,IF2003,2019-12-02 09:30:16.600,3838.2000,16122,-1,86341080.000,1,0,1,双平,S,3837.4000,3837.2000,3836.6000,3836.0000,3835.8000,3838.6000,3838.8000,3839.0000,3839.2000,3839.6000,7,4,1,10,10,2,2,6,1,2
SF,IF2003,2019-12-02 09:30:17.100,3838.2000,16122,0,86341080.000,0,-,-,-,-,3837.6000,3836.0000,3835.8000,3835.4000,3835.0000,3838.4000,3838.6000,3838.8000,3839.0000,3839.2000,1,3,9,1,1,1,2,2,6,1
SF,IF2003,2019-12-02 09:30:17.600,3838.2000,16122,0,86341080.000,0,-,-,-,-,3836.0000,3835.8000,3835.4000,3835.0000,3834.4000,3838.2000,3838.4000,3838.6000,3838.8000,3839.0000,3,9,1,1,2,1,2,2,2,6
SF,IF2003,2019-12-02 09:30:18.100,3838.4000,16122,0,87492600.000,1,0,1,多换,S,3836.8000,3836.2000,3836.0000,3835.8000,3835.4000,3837.4000,3838.4000,3838.6000,3838.8000,3839.0000,5,7,3,9,1,1,1,2,3,6
SF,IF2003,2019-12-02 09:30:18.600,3837.6000,16121,-1,88643880.000,1,0,1,双平,S,3837.4000,3837.0000,3836.8000,3836.2000,3836.0000,3838.4000,3838.6000,3838.8000,3839.0000,3839.6000,1,5,5,9,3,1,1,3,6,2
SF,IF2003,2019-12-02 09:30:19.100,3837.6000,16121,0,88643880.000,0,-,-,-,-,3836.2000,3835.8000,3835.4000,3835.0000,3834.4000,3838.2000,3838.4000,3838.6000,3838.8000,3839.0000,2,5,1,1,2,8,1,1,3,6
SF,IF2003,2019-12-02 09:30:19.600,3838.2000,16117,-4,93249720.000,4,0,4,双平,S,3836.4000,3836.2000,3835.8000,3835.4000,3835.0000,3838.2000,3838.4000,3838.6000,3838.8000,3839.0000,4,2,5,1,1,3,1,1,3,6
SF,IF2003,2019-12-02 09:30:20.100,3838.2000,16117,0,93249720.000,0,-,-,-,-,3836.6000,3836.4000,3835.8000,3835.4000,3835.0000,3838.0000,3838.2000,3838.4000,3838.6000,3838.8000,2,5,5,1,1,1,4,1,1,3
SF,IF2003,2019-12-02 09:30:20.600,3838.2000,16117,0,93249720.000,0,-,-,-,-,3836.8000,3836.6000,3836.4000,3835.8000,3835.4000,3838.0000,3838.2000,3838.4000,3838.6000,3838.8000,4,2,3,5,1,1,2,1,1,3
SF,IF2003,2019-12-02 09:30:21.100,3836.8000,16118,1,95551800.000,2,1,1,空开,S,3836.6000,3836.4000,3835.8000,3835.4000,3835.0000,3838.0000,3838.2000,3838.4000,3838.6000,3838.8000,2,3,5,1,1,1,2,1,1,3
SF,IF2003,2019-12-02 09:30:21.600,3836.8000,16118,0,95551800.000,0,-,-,-,-,3836.6000,3836.4000,3835.8000,3835.4000,3835.0000,3837.6000,3837.8000,3838.0000,3838.2000,3838.4000,2,3,6,1,1,1,1,1,2,1
SF,IF2003,2019-12-02 09:30:22.100,3837.6000,16117,-1,96703080.000,1,0,1,双平,S,3836.8000,3836.6000,3836.4000,3835.8000,3835.4000,3837.8000,3838.0000,3838.2000,3838.4000,3838.6000,1,2,3,6,1,1,1,2,1,1
SF,IF2003,2019-12-02 09:30:22.600,3837.6000,16117,0,96703080.000,0,-,-,-,-,3836.6000,3836.4000,3835.8000,3835.4000,3835.0000,3837.4000,3837.8000,3838.0000,3838.2000,3838.4000,2,3,6,1,1,1,1,1,2,1
SF,IF2003,2019-12-02 09:30:23.100,3837.0000,16115,-2,99005520.000,2,0,2,双平,S,3836.8000,3836.6000,3836.4000,3835.8000,3835.4000,3838.0000,3838.2000,3838.4000,3838.6000,3838.8000,1,2,3,6,1,1,2,1,1,3
SF,IF2003,2019-12-02 09:30:23.600,3837.0000,16115,0,99005520.000,0,-,-,-,-,3836.8000,3836.4000,3835.8000,3835.4000,3835.0000,3837.8000,3838.0000,3838.2000,3838.4000,3838.8000,1,3,3,1,1,5,1,2,1,3
SF,IF2003,2019-12-02 09:30:24.100,3837.0000,16115,0,99005520.000,0,-,-,-,-,3837.4000,3836.8000,3836.4000,3835.8000,3835.4000,3837.8000,3838.0000,3838.2000,3838.4000,3838.8000,1,1,3,3,1,5,1,2,1,3
SF,IF2003,2019-12-02 09:30:24.600,3837.4000,16115,0,100156740.000,1,0,1,多换,S,3837.4000,3836.8000,3836.4000,3835.8000,3835.4000,3837.6000,3837.8000,3838.0000,3838.2000,3838.4000,1,1,2,3,1,1,1,1,2,1
SF,IF2003,2019-12-02 09:30:25.100,3837.4000,16114,-1,101307960.000,1,0,1,双平,S,3836.8000,3836.4000,3835.8000,3835.4000,3835.0000,3837.6000,3837.8000,3838.0000,3838.2000,3838.4000,1,2,3,1,1,2,1,1,2,1
SF,IF2003,2019-12-02 09:30:25.600,3837.4000,16114,0,101307960.000,0,-,-,-,-,3836.8000,3836.4000,3835.8000,3835.4000,3835.0000,3837.8000,3838.0000,3838.2000,3838.4000,3838.8000,1,2,3,1,1,1,1,2,1,3
SF,IF2003,2019-12-02 09:30:26.100,3837.4000,16114,0,101307960.000,0,-,-,-,-,3836.8000,3836.4000,3835.8000,3835.4000,3835.0000,3837.4000,3837.8000,3838.0000,3838.2000,3838.4000,1,2,3,1,1,1,1,1,2,1
SF,IF2003,2019-12-02 09:30:26.600,3837.2000,16112,-2,104761380.000,3,0,3,多平,S,3837.0000,3835.8000,3835.4000,3835.0000,3834.4000,3837.8000,3838.0000,3838.2000,3838.4000,3838.8000,1,1,1,1,2,1,1,2,1,3
SF,IF2003,2019-12-02 09:30:27.100,3837.2000,16111,-1,107063640.000,2,0,2,多平,S,3835.0000,3834.4000,3833.6000,3830.0000,3824.0000,3837.6000,3837.8000,3838.0000,3838.2000,3838.4000,1,2,2,5,5,4,2,1,1,1
SF,IF2003,2019-12-02 09:30:27.600,3837.8000,16105,-6,113971440.000,6,0,6,双平,S,3837.8000,3836.2000,3836.0000,3835.2000,3835.0000,3838.0000,3838.4000,3838.8000,3839.0000,3839.6000,4,1,5,14,3,1,1,3,6,1
SF,IF2003,2019-12-02 09:30:28.100,3837.8000,16101,-4,118576800.000,4,0,4,双平,S,3836.2000,3835.2000,3835.0000,3834.4000,3833.6000,3837.4000,3837.6000,3837.8000,3838.0000,3838.4000,1,10,3,2,2,1,1,7,1,1
SF,IF2003,2019-12-02 09:30:28.600,3837.8000,16101,0,119728140.000,1,0,1,多换,S,3836.4000,3836.2000,3835.2000,3835.0000,3834.4000,3838.0000,3838.4000,3838.8000,3839.0000,3839.6000,4,1,7,3,2,1,1,3,6,1
SF,IF2003,2019-12-02 09:30:29.100,3837.8000,16101,0,120879480.000,1,0,1,多换,S,3836.4000,3836.2000,3835.2000,3835.0000,3834.4000,3838.0000,3838.4000,3838.8000,3839.0000,3839.6000,6,1,7,3,2,1,2,3,6,1
SF,IF2003,2019-12-02 09:30:29.600,3837.8000,16101,0,120879480.000,0,-,-,-,-,3836.4000,3836.2000,3835.2000,3835.0000,3834.4000,3838.0000,3838.4000,3838.8000,3839.0000,3839.6000,7,1,7,3,2,1,2,3,6,1
SF,IF2003,2019-12-02 09:30:30.100,3837.8000,16101,0,120879480.000,0,-,-,-,-,3838.2000,3837.0000,3836.8000,3836.4000,3836.2000,3838.4000,3838.8000,3839.0000,3839.6000,3839.8000,1,1,5,7,1,1,3,6,1,2
SF,IF2003,2019-12-02 09:30:30.600,3838.2000,16100,-1,122030940.000,1,0,1,双平,S,3838.0000,3837.0000,3836.4000,3836.2000,3835.2000,3838.2000,3838.4000,3838.8000,3839.0000,3839.6000,1,1,5,1,7,3,2,2,6,1
SF,IF2003,2019-12-02 09:30:31.100,3838.0000,16100,0,123182340.000,1,0,1,多换,S,3837.0000,3836.4000,3836.2000,3835.2000,3835.0000,3838.0000,3838.2000,3838.4000,3838.8000,3839.0000,1,5,1,7,3,1,1,1,2,6
SF,IF2003,2019-12-02 09:30:31.600,3837.2000,16099,-1,124333500.000,1,0,1,双平,S,3837.2000,3837.0000,3836.4000,3836.2000,3835.2000,3838.0000,3838.2000,3838.4000,3838.8000,3839.0000,3,1,3,1,7,1,1,1,2,6
SF,IF2003,2019-12-02 09:30:32.100,3837.8000,16097,-2,126636180.000,2,0,2,双平,S,3837.2000,3837.0000,3836.4000,3836.2000,3835.2000,3838.2000,3838.4000,3838.8000,3839.0000,3839.6000,3,1,3,1,7,1,1,2,6,1
SF,IF2003,2019-12-02 09:30:32.600,3837.4000,16095,-2,128938620.000,2,0,2,双平,S,3837.2000,3837.0000,3836.4000,3836.2000,3835.2000,3838.2000,3838.4000,3838.8000,3839.0000,3839.6000,3,1,3,1,7,1,1,2,6,1
SF,IF2003,2019-12-02 09:30:33.100,3837.4000,16095,0,128938620.000,0,-,-,-,-,3838.0000,3837.2000,3837.0000,3836.4000,3836.2000,3838.2000,3838.4000,3838.8000,3839.0000,3839.6000,2,3,2,3,1,1,1,2,6,1
SF,IF2003,2019-12-02 09:30:33.600,3838.0000,16093,-2,131241420.000,2,0,2,双平,S,3837.2000,3837.0000,3836.4000,3836.2000,3835.2000,3838.0000,3838.2000,3838.4000,3838.8000,3839.0000,1,2,3,1,7,1,2,1,2,6
SF,IF2003,2019-12-02 09:30:34.100,3838.0000,16093,0,131241420.000,0,-,-,-,-,3837.4000,3837.2000,3837.0000,3836.4000,3836.2000,3838.2000,3838.4000,3838.8000,3839.0000,3839.6000,1,1,2,3,1,2,1,2,6,1
SF,IF2003,2019-12-02 09:30:34.600,3838.0000,16093,0,131241420.000,0,-,-,-,-,3837.6000,3837.4000,3837.0000,3836.4000,3836.2000,3838.2000,3838.4000,3838.8000,3839.0000,3839.6000,2,1,2,3,1,2,1,2,6,1
SF,IF2003,2019-12-02 09:30:35.100,3838.0000,16093,0,131241420.000,0,-,-,-,-,3837.6000,3837.4000,3837.0000,3836.4000,3836.2000,3838.2000,3838.4000,3838.8000,3839.0000,3839.6000,2,1,2,3,1,2,1,2,6,1
SF,IF2003,2019-12-02 09:30:35.600,3838.0000,16093,0,131241420.000,0,-,-,-,-,3837.8000,3837.6000,3837.4000,3837.0000,3836.4000,3838.2000,3838.4000,3838.8000,3839.0000,3839.6000,1,2,1,2,3,2,1,2,6,1
SF,IF2003,2019-12-02 09:30:36.100,3838.0000,16093,0,131241420.000,0,-,-,-,-,3837.8000,3837.6000,3837.4000,3837.0000,3836.4000,3838.0000,3838.2000,3838.8000,3839.0000,3839.6000,2,2,1,2,3,1,2,2,6,1
SF,IF2003,2019-12-02 09:30:36.600,3839.0000,16085,-8,140454120.000,8,0,8,双平,S,3838.2000,3838.0000,3837.8000,3837.6000,3837.4000,3839.0000,3839.8000,3840.0000,3840.2000,3840.8000,5,5,3,2,1,3,2,5,1,3
SF,IF2003,2019-12-02 09:30:37.100,3839.0000,16085,0,140454120.000,0,-,-,-,-,3838.4000,3838.2000,3838.0000,3837.8000,3837.6000,3839.0000,3839.8000,3840.0000,3840.2000,3840.8000,2,4,4,2,2,3,2,5,1,3
SF,IF2003,2019-12-02 09:30:37.600,3839.0000,16085,0,140454120.000,0,-,-,-,-,3838.4000,3838.2000,3838.0000,3837.8000,3837.6000,3839.0000,3839.8000,3840.0000,3840.2000,3840.8000,1,4,4,2,2,3,2,5,1,3
SF,IF2003,2019-12-02 09:30:38.100,3839.0000,16083,-2,142757520.000,2,0,2,双平,S,3838.6000,3838.2000,3838.0000,3837.8000,3837.0000,3839.0000,3839.8000,3840.0000,3840.2000,3840.8000,3,4,5,2,2,1,2,5,1,3
SF,IF2003,2019-12-02 09:30:38.600,3839.0000,16082,-1,145060800.000,2,0,2,多平,S,3838.6000,3838.2000,3838.0000,3837.8000,3837.0000,3839.8000,3840.0000,3840.2000,3840.8000,3841.8000,3,3,5,2,2,2,5,1,3,3
SF,IF2003,2019-12-02 09:30:39.100,3838.6000,16082,0,146212380.000,1,0,1,多换,S,3838.6000,3838.2000,3838.0000,3837.8000,3837.0000,3839.8000,3840.0000,3840.2000,3840.8000,3841.8000,1,3,5,2,2,3,5,1,3,3
SF,IF2003,2019-12-02 09:30:39.600,3838.6000,16082,0,146212380.000,0,-,-,-,-,3839.0000,3838.6000,3838.2000,3838.0000,3837.8000,3839.6000,3839.8000,3840.0000,3840.2000,3840.8000,1,1,3,5,2,1,3,5,1,3
SF,IF2003,2019-12-02 09:30:40.100,3839.0000,16082,0,147364080.000,1,0,1,多换,S,3838.2000,3838.0000,3837.0000,3836.4000,3836.2000,3839.0000,3839.6000,3839.8000,3840.0000,3840.2000,2,5,2,3,1,2,1,3,5,1
SF,IF2003,2019-12-02 09:30:40.600,3839.0000,16082,0,147364080.000,0,-,-,-,-,3838.4000,3838.2000,3838.0000,3837.0000,3836.4000,3838.6000,3839.0000,3839.6000,3839.8000,3840.0000,1,2,5,2,3,1,1,1,3,5
SF,IF2003,2019-12-02 09:30:41.100,3838.4000,16079,-3,150818700.000,3,0,3,双平,S,3838.4000,3838.2000,3838.0000,3837.0000,3836.4000,3839.0000,3839.8000,3840.0000,3840.2000,3840.8000,3,2,5,2,1,1,3,5,1,3
SF,IF2003,2019-12-02 09:30:41.600,3838.4000,16076,-3,154273260.000,3,0,3,双平,S,3839.0000,3838.2000,3838.0000,3837.0000,3836.4000,3839.8000,3840.0000,3840.2000,3840.8000,3841.8000,3,1,5,2,1,3,5,1,3,3
SF,IF2003,2019-12-02 09:30:42.100,3839.0000,16073,-3,157728360.000,3,0,3,双平,S,3838.8000,3838.4000,3838.0000,3837.0000,3836.4000,3839.0000,3839.8000,3840.0000,3840.2000,3840.8000,5,2,5,2,1,1,3,5,1,3
SF,IF2003,2019-12-02 09:30:42.600,3838.8000,16069,-4,162334920.000,4,0,4,双平,S,3838.0000,3837.0000,3836.4000,3836.2000,3835.2000,3839.0000,3839.6000,3839.8000,3840.0000,3840.2000,4,2,1,2,4,5,5,3,5,1
SF,IF2003,2019-12-02 09:30:43.100,3838.8000,16069,0,162334920.000,0,-,-,-,-,3838.2000,3838.0000,3837.0000,3836.4000,3836.2000,3839.0000,3839.6000,3839.8000,3840.0000,3840.2000,1,4,2,1,2,5,5,3,5,1
SF,IF2003,2019-12-02 09:30:43.600,3839.0000,16067,-2,168093420.000,5,1,4,多平,S,3838.2000,3838.0000,3837.8000,3837.0000,3836.4000,3839.6000,3839.8000,3840.0000,3840.2000,3840.8000,1,4,1,2,1,1,3,5,1,3
SF,IF2003,2019-12-02 09:30:44.100,3839.0000,16067,0,168093420.000,0,-,-,-,-,3838.2000,3838.0000,3837.8000,3837.0000,3836.4000,3839.4000,3839.6000,3839.8000,3840.0000,3840.2000,1,4,1,2,1,1,1,3,5,1
SF,IF2003,2019-12-02 09:30:44.600,3839.0000,16067,0,168093420.000,0,-,-,-,-,3838.2000,3838.0000,3837.8000,3837.0000,3836.4000,3839.6000,3839.8000,3840.0000,3840.2000,3840.8000,1,4,1,2,1,1,3,5,1,3
SF,IF2003,2019-12-02 09:30:45.100,3839.0000,16067,0,168093420.000,0,-,-,-,-,3838.6000,3838.4000,3838.2000,3838.0000,3837.8000,3839.6000,3839.8000,3840.0000,3840.2000,3840.8000,3,4,2,4,1,1,3,5,1,3
SF,IF2003,2019-12-02 09:30:45.600,3838.6000,16067,0,169245000.000,1,0,1,多换,S,3839.4000,3838.6000,3838.4000,3838.2000,3838.0000,3839.6000,3839.8000,3840.0000,3840.2000,3840.8000,1,7,4,2,4,1,3,5,1,3
SF,IF2003,2019-12-02 09:30:46.100,3839.2000,16065,-2,173851740.000,4,1,3,多平,S,3838.4000,3838.2000,3838.0000,3837.8000,3837.0000,3839.6000,3839.8000,3840.0000,3840.2000,3840.8000,2,1,4,1,2,1,3,5,1,3
SF,IF2003,2019-12-02 09:30:46.600,3839.2000,16065,0,173851740.000,0,-,-,-,-,3838.8000,3838.4000,3838.0000,3837.8000,3837.0000,3839.6000,3839.8000,3840.0000,3840.2000,3840.8000,1,2,4,1,2,1,3,5,1,3
SF,IF2003,2019-12-02 09:30:47.100,3839.2000,16065,0,173851740.000,0,-,-,-,-,3838.8000,3838.4000,3838.0000,3837.8000,3837.0000,3839.6000,3839.8000,3840.0000,3840.2000,3840.8000,6,2,4,1,2,1,3,5,1,3
SF,IF2003,2019-12-02 09:30:47.600,3839.2000,16065,0,173851740.000,0,-,-,-,-,3838.8000,3838.4000,3838.0000,3837.8000,3837.0000,3839.6000,3839.8000,3840.0000,3840.2000,3840.8000,1,2,4,1,2,2,3,5,1,3
SF,IF2003,2019-12-02 09:30:48.600,3839.2000,16065,0,173851740.000,0,-,-,-,-,3839.0000,3838.8000,3838.4000,3838.0000,3837.8000,3839.6000,3839.8000,3840.0000,3840.2000,3840.8000,1,1,2,4,1,1,3,5,1,3
SF,IF2003,2019-12-02 09:30:49.100,3839.6000,16065,0,175003620.000,1,0,1,多换,S,3839.6000,3839.0000,3838.8000,3838.4000,3838.0000,3839.8000,3840.0000,3840.2000,3840.8000,3841.8000,1,1,1,2,4,3,5,1,3,3
SF,IF2003,2019-12-02 09:30:49.600,3839.6000,16064,-1,176155500.000,1,0,1,双平,S,3838.8000,3838.4000,3838.0000,3837.8000,3837.0000,3839.0000,3839.8000,3840.0000,3840.2000,3840.8000,1,2,4,1,2,1,3,5,1,3
SF,IF2003,2019-12-02 09:30:50.100,3839.8000,16065,1,178459140.000,2,1,1,空开,S,3838.8000,3838.4000,3838.0000,3837.8000,3837.0000,3839.8000,3840.0000,3840.2000,3840.8000,3841.8000,1,2,4,1,2,2,5,1,3,3
SF,IF2003,2019-12-02 09:30:50.600,3839.8000,16063,-2,180763020.000,2,0,2,双平,S,3838.8000,3838.4000,3838.0000,3837.8000,3837.0000,3839.6000,3839.8000,3840.0000,3840.2000,3840.8000,1,2,4,1,2,1,2,5,1,3
SF,IF2003,2019-12-02 09:30:51.100,3839.8000,16063,0,180763020.000,0,-,-,-,-,3839.0000,3838.8000,3838.0000,3837.0000,3836.2000,3839.2000,3839.4000,3839.6000,3839.8000,3840.0000,1,1,2,2,1,1,3,11,3,5
SF,IF2003,2019-12-02 09:30:51.600,3839.0000,16062,-1,181914720.000,1,0,1,双平,S,3838.0000,3837.0000,3836.2000,3835.2000,3835.0000,3839.2000,3839.4000,3839.6000,3839.8000,3840.0000,2,2,1,4,3,1,2,10,3,5
SF,IF2003,2019-12-02 09:30:52.100,3839.0000,16062,0,181914720.000,0,-,-,-,-,3838.2000,3838.0000,3837.0000,3836.2000,3835.2000,3839.6000,3839.8000,3840.0000,3840.2000,3840.8000,3,2,2,1,4,10,3,5,1,3
SF,IF2003,2019-12-02 09:30:52.600,3839.0000,16062,0,181914720.000,0,-,-,-,-,3838.2000,3838.0000,3837.0000,3836.2000,3835.2000,3839.0000,3839.4000,3839.6000,3839.8000,3840.0000,3,2,2,1,4,1,1,10,3,5
SF,IF2003,2019-12-02 09:30:53.100,3839.0000,16062,0,181914720.000,0,-,-,-,-,3838.2000,3838.0000,3837.0000,3836.2000,3835.2000,3839.4000,3839.6000,3839.8000,3840.0000,3840.2000,3,2,2,1,4,1,10,3,5,1
SF,IF2003,2019-12-02 09:30:53.600,3839.0000,16062,0,181914720.000,0,-,-,-,-,3838.2000,3838.0000,3837.0000,3836.2000,3835.2000,3839.2000,3839.4000,3839.6000,3839.8000,3840.0000,3,2,2,1,4,1,1,10,3,5
SF,IF2003,2019-12-02 09:30:54.100,3839.0000,16062,0,181914720.000,0,-,-,-,-,3838.2000,3838.0000,3837.0000,3836.2000,3835.2000,3839.2000,3839.4000,3839.6000,3839.8000,3840.0000,3,2,2,1,4,1,1,10,3,5
SF,IF2003,2019-12-02 09:30:54.600,3839.0000,16062,0,181914720.000,0,-,-,-,-,3838.2000,3838.0000,3837.0000,3836.2000,3835.2000,3839.2000,3839.4000,3839.6000,3839.8000,3840.0000,3,2,2,1,4,1,1,10,3,5
SF,IF2003,2019-12-02 09:30:55.100,3839.0000,16062,0,181914720.000,0,-,-,-,-,3838.2000,3838.0000,3837.0000,3836.2000,3835.2000,3839.2000,3839.4000,3839.6000,3839.8000,3840.0000,2,2,2,1,4,1,1,10,3,5
SF,IF2003,2019-12-02 09:30:55.600,3839.0000,16062,0,181914720.000,0,-,-,-,-,3838.2000,3838.0000,3837.0000,3836.2000,3835.2000,3839.2000,3839.4000,3839.6000,3839.8000,3840.0000,2,2,2,1,4,3,1,10,3,5
SF,IF2003,2019-12-02 09:30:56.100,3839.0000,16062,0,181914720.000,0,-,-,-,-,3838.2000,3838.0000,3837.0000,3836.2000,3835.2000,3839.2000,3839.6000,3839.8000,3840.0000,3840.2000,2,2,2,1,4,3,10,4,5,1
SF,IF2003,2019-12-02 09:30:56.600,3839.0000,16062,0,181914720.000,0,-,-,-,-,3838.4000,3838.2000,3838.0000,3837.0000,3836.2000,3839.0000,3839.2000,3839.6000,3839.8000,3840.0000,1,2,2,4,1,1,3,10,4,5
SF,IF2003,2019-12-02 09:30:57.100,3839.0000,16062,0,181914720.000,0,-,-,-,-,3838.0000,3837.0000,3836.2000,3835.2000,3835.0000,3838.8000,3839.0000,3839.2000,3839.6000,3839.8000,2,4,1,4,4,2,5,3,9,3
SF,IF2003,2019-12-02 09:30:57.600,3839.0000,16062,0,183066420.000,1,0,1,多换,S,3838.0000,3837.0000,3836.2000,3835.2000,3835.0000,3839.0000,3839.2000,3839.6000,3839.8000,3840.0000,2,4,1,4,4,5,3,9,3,5
SF,IF2003,2019-12-02 09:30:58.100,3839.0000,16062,0,183066420.000,0,-,-,-,-,3838.2000,3838.0000,3837.8000,3837.0000,3836.2000,3839.0000,3839.2000,3839.6000,3839.8000,3840.0000,1,2,3,4,1,3,3,9,3,5
SF,IF2003,2019-12-02 09:30:58.600,3839.0000,16062,0,183066420.000,0,-,-,-,-,3838.2000,3838.0000,3837.8000,3837.0000,3836.2000,3839.0000,3839.2000,3839.6000,3839.8000,3840.0000,1,2,3,4,1,1,3,9,3,5
SF,IF2003,2019-12-02 09:30:59.600,3839.0000,16062,0,183066420.000,0,-,-,-,-,3838.2000,3838.0000,3837.8000,3837.0000,3836.2000,3838.8000,3839.0000,3839.2000,3839.6000,3839.8000,1,2,3,4,1,1,1,3,9,3
SF,IF2003,2019-12-02 09:31:00.100,3839.0000,16062,0,184218120.000,1,0,1,多换,S,3838.2000,3838.0000,3837.8000,3837.0000,3836.2000,3839.0000,3839.2000,3839.6000,3839.8000,3840.0000,1,2,3,5,1,1,3,9,3,5
SF,IF2003,2019-12-02 09:31:00.600,3838.2000,16060,-2,191126580.000,6,2,4,多平,S,3837.8000,3837.0000,3836.2000,3835.2000,3835.0000,3838.6000,3838.8000,3839.0000,3839.2000,3839.6000,2,4,1,4,4,5,4,1,3,8
SF,IF2003,2019-12-02 09:31:01.100,3838.2000,16060,0,191126580.000,0,-,-,-,-,3837.8000,3837.0000,3836.2000,3835.2000,3835.0000,3838.6000,3838.8000,3839.0000,3839.2000,3839.6000,2,4,1,4,4,4,5,1,3,8
SF,IF2003,2019-12-02 09:31:01.600,3838.2000,16060,0,191126580.000,0,-,-,-,-,3837.8000,3837.0000,3836.2000,3835.2000,3835.0000,3838.4000,3838.6000,3838.8000,3839.0000,3839.2000,2,4,1,4,4,1,4,4,1,3
SF,IF2003,2019-12-02 09:31:02.100,3838.2000,16060,0,191126580.000,0,-,-,-,-,3838.0000,3837.8000,3837.0000,3836.2000,3835.2000,3838.4000,3838.8000,3839.0000,3839.2000,3839.4000,1,2,5,1,4,1,2,1,3,1
SF,IF2003,2019-12-02 09:31:02.600,3837.8000,16060,0,192277920.000,1,0,1,多换,S,3837.8000,3837.0000,3836.2000,3835.2000,3835.0000,3838.8000,3839.0000,3839.2000,3839.4000,3839.6000,1,5,1,4,4,2,1,3,1,8
SF,IF2003,2019-12-02 09:31:03.600,3837.8000,16060,0,192277920.000,0,-,-,-,-,3837.8000,3837.0000,3836.2000,3835.2000,3835.0000,3838.4000,3838.8000,3839.0000,3839.2000,3839.4000,1,5,1,4,4,1,2,1,3,1
SF,IF2003,2019-12-02 09:31:04.100,3837.8000,16060,0,193429260.000,1,0,1,多换,S,3837.0000,3836.2000,3835.2000,3835.0000,3834.4000,3837.8000,3838.4000,3838.8000,3839.0000,3839.2000,5,1,4,4,2,1,1,1,1,3
SF,IF2003,2019-12-02 09:31:04.600,3837.8000,16060,0,193429260.000,0,-,-,-,-,3837.2000,3837.0000,3836.2000,3835.2000,3835.0000,3837.8000,3838.4000,3838.8000,3839.0000,3839.2000,3,6,1,4,4,1,1,1,1,2
SF,IF2003,2019-12-02 09:31:05.100,3837.8000,16059,-1,194580600.000,1,0,1,双平,S,3837.2000,3837.0000,3836.2000,3835.2000,3835.0000,3838.4000,3838.6000,3838.8000,3839.0000,3839.2000,4,5,1,4,4,1,1,1,1,2
SF,IF2003,2019-12-02 09:31:05.600,3837.8000,16059,0,194580600.000,0,-,-,-,-,3837.2000,3837.0000,3836.2000,3835.2000,3835.0000,3838.2000,3838.4000,3838.6000,3838.8000,3839.0000,3,5,1,4,4,1,2,1,1,1
SF,IF2003,2019-12-02 09:31:06.100,3837.8000,16059,0,194580600.000,0,-,-,-,-,3837.4000,3837.2000,3837.0000,3836.2000,3835.2000,3838.4000,3838.6000,3838.8000,3839.0000,3839.2000,1,3,5,1,4,2,1,1,1,2
SF,IF2003,2019-12-02 09:31:06.600,3837.8000,16059,0,194580600.000,0,-,-,-,-,3837.4000,3837.2000,3837.0000,3836.2000,3835.2000,3838.4000,3838.6000,3838.8000,3839.0000,3839.2000,1,2,5,1,4,2,1,1,1,2
SF,IF2003,2019-12-02 09:31:07.100,3837.8000,16059,0,194580600.000,0,-,-,-,-,3837.6000,3837.4000,3837.0000,3836.2000,3835.2000,3838.4000,3838.6000,3838.8000,3839.0000,3839.2000,2,1,5,1,4,2,1,1,1,2
SF,IF2003,2019-12-02 09:31:07.600,3837.8000,16059,0,194580600.000,0,-,-,-,-,3837.6000,3837.4000,3837.0000,3836.2000,3835.2000,3838.2000,3838.4000,3838.6000,3838.8000,3839.0000,2,1,5,1,4,1,3,1,1,1
SF,IF2003,2019-12-02 09:31:08.100,3837.8000,16059,0,194580600.000,0,-,-,-,-,3837.0000,3836.2000,3835.2000,3835.0000,3834.4000,3838.2000,3838.4000,3838.6000,3838.8000,3839.0000,5,1,4,4,2,1,3,1,1,1
SF,IF2003,2019-12-02 09:31:08.600,3837.8000,16059,0,194580600.000,0,-,-,-,-,3837.2000,3837.0000,3836.2000,3835.2000,3835.0000,3838.2000,3838.4000,3838.6000,3838.8000,3839.0000,1,4,1,4,4,1,3,1,1,1
SF,IF2003,2019-12-02 09:31:09.100,3837.8000,16059,0,194580600.000,0,-,-,-,-,3838.2000,3837.4000,3837.2000,3837.0000,3836.2000,3838.4000,3838.8000,3839.0000,3839.2000,3839.4000,1,8,4,4,1,3,1,1,2,1
SF,IF2003,2019-12-02 09:31:09.600,3838.2000,16058,-1,195732060.000,1,0,1,双平,S,3837.4000,3837.2000,3837.0000,3836.2000,3835.2000,3838.2000,3838.4000,3838.8000,3839.0000,3839.2000,2,3,4,1,4,1,3,1,2,2
SF,IF2003,2019-12-02 09:31:10.100,3838.2000,16058,0,195732060.000,0,-,-,-,-,3837.6000,3837.4000,3837.2000,3837.0000,3836.2000,3838.4000,3838.8000,3839.0000,3839.2000,3839.4000,1,2,3,4,1,3,1,2,2,1
SF,IF2003,2019-12-02 09:31:10.600,3838.2000,16058,0,195732060.000,0,-,-,-,-,3837.0000,3836.2000,3835.2000,3835.0000,3834.4000,3838.0000,3838.4000,3838.8000,3839.0000,3839.2000,4,1,4,4,2,1,3,1,2,2
SF,IF2003,2019-12-02 09:31:11.100,3838.2000,16058,0,195732060.000,0,-,-,-,-,3837.8000,3837.4000,3837.2000,3837.0000,3836.2000,3838.4000,3838.8000,3839.0000,3839.2000,3839.4000,1,5,6,4,1,3,1,2,2,2
SF,IF2003,2019-12-02 09:31:11.600,3837.8000,16057,-1,196883400.000,1,0,1,双平,S,3837.0000,3835.2000,3835.0000,3834.4000,3834.0000,3837.8000,3838.0000,3838.2000,3838.4000,3839.0000,4,3,3,2,1,6,5,9,3,1
SF,IF2003,2019-12-02 09:31:12.100,3837.0000,16056,-1,198034500.000,1,0,1,双平,S,3837.0000,3835.2000,3835.0000,3834.4000,3834.0000,3837.8000,3838.2000,3838.4000,3839.0000,3839.2000,3,1,3,2,1,7,9,3,1,2
SF,IF2003,2019-12-02 09:31:12.600,3837.0000,16056,0,198034500.000,0,-,-,-,-,3837.0000,3835.8000,3835.2000,3835.0000,3834.4000,3837.8000,3838.2000,3838.4000,3839.0000,3839.2000,3,1,1,3,2,3,3,3,2,2
SF,IF2003,2019-12-02 09:31:13.100,3837.6000,16055,-1,199185780.000,1,0,1,双平,S,3837.0000,3835.8000,3835.2000,3835.0000,3834.4000,3837.6000,3837.8000,3838.2000,3838.4000,3839.0000,3,1,1,3,2,3,2,3,4,2
SF,IF2003,2019-12-02 09:31:13.600,3837.6000,16055,0,199185780.000,0,-,-,-,-,3837.2000,3837.0000,3835.8000,3835.2000,3835.0000,3837.6000,3837.8000,3838.2000,3838.4000,3839.0000,1,3,1,1,3,2,2,3,4,2
SF,IF2003,2019-12-02 09:31:14.100,3837.6000,16055,0,199185780.000,0,-,-,-,-,3837.0000,3835.8000,3835.2000,3835.0000,3834.4000,3837.8000,3838.2000,3838.4000,3839.0000,3839.2000,3,1,1,3,2,2,3,4,2,2
SF,IF2003,2019-12-02 09:31:14.600,3837.0000,16055,0,201487980.000,2,1,1,多换,S,3837.0000,3835.8000,3835.2000,3835.0000,3834.4000,3837.6000,3837.8000,3838.2000,3838.4000,3839.0000,1,1,1,3,2,1,2,3,4,2
SF,IF2003,2019-12-02 09:31:15.100,3837.0000,16055,0,202639080.000,1,0,1,多换,S,3835.8000,3835.2000,3835.0000,3834.4000,3834.0000,3837.0000,3837.2000,3837.6000,3837.8000,3838.2000,1,1,3,2,1,1,1,1,2,3
SF,IF2003,2019-12-02 09:31:15.600,3837.2000,16053,-2,204941340.000,2,0,2,双平,S,3837.0000,3836.8000,3836.2000,3836.0000,3835.8000,3837.8000,3838.2000,3838.4000,3839.0000,3839.2000,5,6,2,17,3,2,1,3,2,2
SF,IF2003,2019-12-02 09:31:16.100,3837.0000,16052,-1,206092440.000,1,0,1,双平,S,3837.2000,3836.8000,3836.0000,3835.8000,3835.2000,3837.8000,3838.2000,3838.4000,3839.0000,3839.2000,1,1,8,2,1,2,1,3,2,2
SF,IF2003,2019-12-02 09:31:16.600,3837.0000,16052,0,206092440.000,0,-,-,-,-,3836.8000,3836.0000,3835.8000,3835.2000,3835.0000,3837.8000,3838.2000,3838.4000,3839.0000,3839.2000,1,8,2,1,2,2,1,3,2,2
SF,IF2003,2019-12-02 09:31:17.100,3837.0000,16051,-1,207243540.000,1,0,1,双平,S,3837.0000,3836.8000,3836.0000,3835.8000,3835.2000,3837.8000,3838.2000,3838.4000,3839.0000,3839.2000,2,1,6,2,1,2,1,3,2,2
SF,IF2003,2019-12-02 09:31:17.600,3837.0000,16051,0,207243540.000,0,-,-,-,-,3836.0000,3835.8000,3835.2000,3835.0000,3834.4000,3837.8000,3838.2000,3838.4000,3838.6000,3839.0000,6,2,1,2,2,2,1,2,1,2
SF,IF2003,2019-12-02 09:31:18.100,3837.0000,16051,0,207243540.000,0,-,-,-,-,3836.4000,3836.2000,3836.0000,3835.8000,3835.2000,3837.8000,3838.2000,3838.4000,3838.6000,3839.0000,5,5,4,2,1,2,1,2,1,2
SF,IF2003,2019-12-02 09:31:18.600,3837.8000,16050,-1,208394880.000,1,0,1,双平,S,3836.6000,3836.4000,3836.2000,3836.0000,3835.8000,3837.8000,3838.2000,3838.4000,3838.6000,3839.0000,4,5,2,5,2,1,1,2,1,2
SF,IF2003,2019-12-02 09:31:19.100,3836.8000,16049,-1,209545920.000,1,0,1,双平,S,3836.6000,3836.4000,3836.2000,3836.0000,3835.8000,3837.8000,3838.2000,3838.4000,3838.6000,3839.0000,4,5,2,5,2,1,1,2,1,2
SF,IF2003,2019-12-02 09:31:19.600,3837.8000,16048,-1,210697260.000,1,0,1,双平,S,3836.6000,3836.4000,3836.2000,3836.0000,3835.8000,3838.0000,3838.2000,3838.4000,3838.6000,3839.0000,4,5,2,5,2,1,1,2,1,2
SF,IF2003,2019-12-02 09:31:20.100,3837.8000,16048,0,210697260.000,0,-,-,-,-,3836.8000,3836.6000,3836.4000,3836.2000,3836.0000,3837.8000,3838.0000,3838.2000,3838.4000,3838.6000,2,4,5,2,5,1,1,1,2,1
SF,IF2003,2019-12-02 09:31:20.600,3836.6000,16044,-4,215301480.000,4,0,4,双平,S,3836.6000,3836.4000,3836.2000,3836.0000,3835.8000,3838.0000,3838.2000,3838.4000,3838.6000,3839.0000,2,5,2,3,2,1,1,2,1,2
SF,IF2003,2019-12-02 09:31:21.100,3836.6000,16044,0,215301480.000,0,-,-,-,-,3837.0000,3836.6000,3836.4000,3836.2000,3836.0000,3838.0000,3838.2000,3838.4000,3838.6000,3839.0000,1,2,5,2,3,1,1,2,1,2
SF,IF2003,2019-12-02 09:31:21.600,3837.8000,16044,0,216452820.000,1,0,1,多换,S,3836.6000,3836.4000,3836.2000,3836.0000,3835.8000,3838.0000,3838.2000,3838.4000,3838.6000,3839.0000,2,5,2,3,2,1,1,2,1,2
SF,IF2003,2019-12-02 09:31:22.100,3837.8000,16044,0,216452820.000,0,-,-,-,-,3837.2000,3836.8000,3836.6000,3836.4000,3836.2000,3838.0000,3838.2000,3838.4000,3838.6000,3839.0000,1,1,2,5,2,1,1,2,1,2
SF,IF2003,2019-12-02 09:31:22.600,3837.8000,16044,0,216452820.000,0,-,-,-,-,3836.6000,3836.4000,3836.2000,3836.0000,3835.8000,3837.8000,3838.0000,3838.2000,3838.4000,3838.6000,2,5,1,3,2,1,2,1,2,1
SF,IF2003,2019-12-02 09:31:23.100,3837.8000,16044,0,216452820.000,0,-,-,-,-,3836.8000,3836.6000,3836.4000,3836.2000,3836.0000,3838.0000,3838.2000,3838.4000,3838.6000,3839.0000,1,2,5,1,3,2,1,2,1,2
SF,IF2003,2019-12-02 09:31:24.100,3838.0000,16044,0,218755620.000,2,1,1,多换,S,3838.0000,3837.0000,3836.8000,3836.6000,3836.4000,3838.2000,3838.4000,3838.6000,3839.0000,3839.2000,1,2,1,2,5,1,2,1,2,2
SF,IF2003,2019-12-02 09:31:24.600,3838.2000,16043,-1,219907080.000,1,0,1,双平,S,3838.0000,3836.8000,3836.6000,3836.2000,3836.0000,3838.4000,3838.6000,3839.0000,3839.2000,3839.4000,1,1,1,1,3,2,1,2,2,2
SF,IF2003,2019-12-02 09:31:25.100,3836.6000,16042,-1,223360620.000,3,1,2,多平,S,3836.6000,3836.2000,3836.0000,3835.8000,3835.2000,3838.4000,3839.0000,3839.2000,3839.4000,3839.6000,1,1,3,2,1,1,2,2,2,4
SF,IF2003,2019-12-02 09:31:25.600,3836.6000,16042,0,223360620.000,0,-,-,-,-,3837.2000,3837.0000,3836.8000,3836.6000,3836.0000,3838.4000,3839.0000,3839.2000,3839.4000,3839.6000,6,5,5,2,3,1,2,2,1,4
SF,IF2003,2019-12-02 09:31:26.100,3836.8000,16041,-1,224511660.000,1,0,1,双平,S,3837.4000,3837.2000,3837.0000,3836.8000,3836.6000,3838.4000,3839.0000,3839.2000,3839.4000,3839.6000,6,11,5,9,2,1,2,2,1,4
SF,IF2003,2019-12-02 09:31:26.600,3836.8000,16041,0,224511660.000,0,-,-,-,-,3837.4000,3837.2000,3837.0000,3836.8000,3836.6000,3838.2000,3838.4000,3839.0000,3839.2000,3839.4000,6,11,5,9,2,1,1,2,2,1
SF,IF2003,2019-12-02 09:31:27.100,3836.8000,16041,0,224511660.000,0,-,-,-,-,3837.6000,3837.4000,3837.2000,3837.0000,3836.8000,3838.0000,3838.2000,3838.4000,3839.0000,3839.2000,1,6,11,5,9,1,1,1,2,2
SF,IF2003,2019-12-02 09:31:27.600,3838.2000,16040,-1,226814520.000,2,0,2,多平,S,3837.8000,3837.4000,3837.2000,3837.0000,3836.8000,3838.4000,3839.0000,3839.2000,3839.4000,3839.6000,5,5,11,5,11,1,2,2,1,4
SF,IF2003,2019-12-02 09:31:28.100,3838.2000,16040,0,226814520.000,0,-,-,-,-,3837.4000,3837.2000,3837.0000,3836.8000,3836.6000,3838.2000,3838.4000,3839.0000,3839.2000,3839.4000,5,11,5,10,2,1,1,2,2,1
SF,IF2003,2019-12-02 09:31:28.600,3838.0000,16040,0,227965920.000,1,0,1,多换,S,3837.6000,3837.2000,3836.8000,3836.6000,3836.0000,3838.4000,3839.0000,3839.2000,3839.4000,3839.6000,1,1,8,2,3,1,2,2,1,4
SF,IF2003,2019-12-02 09:31:29.100,3838.0000,16040,0,227965920.000,0,-,-,-,-,3837.2000,3836.8000,3836.6000,3836.0000,3835.8000,3838.0000,3838.4000,3839.0000,3839.2000,3839.4000,1,8,2,3,1,1,1,2,2,1
SF,IF2003,2019-12-02 09:31:29.600,3838.0000,16040,0,227965920.000,0,-,-,-,-,3837.2000,3836.8000,3836.6000,3836.0000,3835.8000,3838.4000,3839.0000,3839.2000,3839.4000,3839.6000,1,8,2,3,1,1,2,2,1,4
SF,IF2003,2019-12-02 09:31:30.100,3838.0000,16040,0,227965920.000,0,-,-,-,-,3837.2000,3836.8000,3836.6000,3836.0000,3835.8000,3838.2000,3838.4000,3839.0000,3839.2000,3839.4000,1,8,2,3,1,1,1,2,2,1
SF,IF2003,2019-12-02 09:31:30.600,3838.2000,16039,-1,229117380.000,1,0,1,双平,S,3837.6000,3837.2000,3836.8000,3836.6000,3836.0000,3838.4000,3839.0000,3839.2000,3839.4000,3839.6000,5,1,8,2,3,1,2,2,1,4
SF,IF2003,2019-12-02 09:31:31.100,3838.2000,16039,0,229117380.000,0,-,-,-,-,3838.0000,3837.2000,3836.8000,3836.6000,3836.0000,3838.4000,3839.0000,3839.2000,3839.4000,3839.6000,1,1,8,2,3,1,2,2,1,4
SF,IF2003,2019-12-02 09:31:31.600,3838.2000,16039,0,229117380.000,0,-,-,-,-,3838.0000,3837.2000,3836.8000,3836.6000,3836.0000,3838.4000,3839.0000,3839.2000,3839.4000,3839.6000,1,2,8,2,3,1,2,2,1,4
SF,IF2003,2019-12-02 09:31:32.100,3838.2000,16039,0,229117380.000,0,-,-,-,-,3838.0000,3837.2000,3836.8000,3836.6000,3836.0000,3838.4000,3839.0000,3839.2000,3839.4000,3839.6000,1,2,8,2,3,1,2,2,1,4
SF,IF2003,2019-12-02 09:31:32.600,3838.2000,16039,0,229117380.000,0,-,-,-,-,3838.2000,3838.0000,3837.2000,3836.8000,3836.6000,3838.4000,3839.0000,3839.2000,3839.4000,3839.6000,1,1,2,8,2,1,2,2,1,4
SF,IF2003,2019-12-02 09:31:33.100,3838.4000,16038,-1,231420420.000,2,0,2,多平,S,3838.0000,3837.2000,3836.8000,3836.6000,3836.0000,3839.0000,3839.2000,3839.4000,3839.6000,3839.8000,1,2,8,2,3,2,2,1,4,2
SF,IF2003,2019-12-02 09:31:33.600,3838.4000,16038,0,231420420.000,0,-,-,-,-,3838.0000,3837.2000,3836.8000,3836.6000,3836.0000,3838.8000,3839.0000,3839.2000,3839.4000,3839.6000,1,2,8,2,3,5,2,2,1,4
SF,IF2003,2019-12-02 09:31:34.100,3838.4000,16038,0,231420420.000,0,-,-,-,-,3838.0000,3837.2000,3836.8000,3836.6000,3836.0000,3838.8000,3839.0000,3839.2000,3839.4000,3839.6000,2,2,8,2,3,5,2,2,1,4
SF,IF2003,2019-12-02 09:31:34.600,3838.0000,16038,0,232571820.000,1,0,1,多换,S,3838.0000,3837.2000,3836.8000,3836.6000,3836.0000,3838.6000,3838.8000,3839.0000,3839.2000,3839.4000,1,2,8,2,3,1,5,2,2,1
SF,IF2003,2019-12-02 09:31:35.100,3838.0000,16038,0,232571820.000,0,-,-,-,-,3838.0000,3837.2000,3836.8000,3836.6000,3836.0000,3838.6000,3838.8000,3839.0000,3839.2000,3839.4000,1,2,8,2,3,1,4,2,2,1
SF,IF2003,2019-12-02 09:31:37.100,3838.0000,16038,0,233723220.000,1,0,1,多换,S,3837.2000,3836.8000,3836.6000,3836.0000,3835.8000,3838.0000,3838.6000,3838.8000,3839.0000,3839.2000,2,8,2,3,1,1,1,4,2,2
SF,IF2003,2019-12-02 09:31:37.600,3838.0000,16037,-1,234874620.000,1,0,1,双平,S,3837.2000,3836.8000,3836.6000,3836.0000,3835.8000,3838.6000,3838.8000,3839.0000,3839.2000,3839.4000,2,8,2,3,1,1,4,2,2,1
SF,IF2003,2019-12-02 09:31:38.100,3838.8000,16035,-2,237177840.000,2,0,2,双平,S,3837.4000,3837.2000,3836.8000,3836.6000,3836.0000,3838.0000,3838.8000,3839.0000,3839.2000,3839.4000,1,2,6,2,3,1,3,2,2,1
SF,IF2003,2019-12-02 09:31:38.600,3838.8000,16035,0,237177840.000,0,-,-,-,-,3837.2000,3836.8000,3836.6000,3836.0000,3835.8000,3838.0000,3838.8000,3839.0000,3839.2000,3839.4000,2,6,2,3,1,1,1,2,2,1
SF,IF2003,2019-12-02 09:31:39.100,3838.8000,16035,0,237177840.000,0,-,-,-,-,3837.2000,3836.8000,3836.6000,3836.0000,3835.8000,3838.0000,3838.8000,3839.0000,3839.2000,3839.4000,2,5,2,3,1,1,1,2,2,1
SF,IF2003,2019-12-02 09:31:39.600,3838.8000,16035,0,237177840.000,0,-,-,-,-,3837.4000,3837.2000,3836.8000,3836.6000,3836.0000,3838.0000,3838.8000,3839.0000,3839.2000,3839.4000,1,2,5,2,3,1,1,2,2,1
SF,IF2003,2019-12-02 09:31:40.100,3838.8000,16035,0,237177840.000,0,-,-,-,-,3837.2000,3836.8000,3836.6000,3836.0000,3835.8000,3838.0000,3838.6000,3838.8000,3839.0000,3839.2000,2,5,2,3,1,1,1,1,2,2
SF,IF2003,2019-12-02 09:31:41.600,3838.8000,16035,0,237177840.000,0,-,-,-,-,3837.2000,3836.8000,3836.6000,3836.0000,3835.8000,3838.0000,3838.6000,3838.8000,3839.0000,3839.2000,2,3,2,3,1,1,2,1,2,2
SF,IF2003,2019-12-02 09:31:42.100,3837.2000,16036,1,238329000.000,1,1,0,双开,S,3837.2000,3836.8000,3836.6000,3836.0000,3835.8000,3838.0000,3838.6000,3838.8000,3839.0000,3839.2000,1,3,2,3,1,1,2,1,2,2
SF,IF2003,2019-12-02 09:31:42.600,3837.2000,16036,0,238329000.000,0,-,-,-,-,3837.4000,3837.2000,3836.8000,3836.6000,3836.0000,3838.0000,3838.6000,3838.8000,3839.0000,3839.2000,1,1,3,2,3,1,2,1,2,2
SF,IF2003,2019-12-02 09:31:43.100,3837.2000,16036,0,238329000.000,0,-,-,-,-,3837.4000,3837.2000,3836.8000,3836.6000,3836.0000,3838.0000,3838.6000,3838.8000,3839.0000,3839.2000,1,1,3,2,3,1,2,1,2,2
SF,IF2003,2019-12-02 09:31:44.600,3837.2000,16036,0,238329000.000,0,-,-,-,-,3837.2000,3836.8000,3836.6000,3836.0000,3835.8000,3838.0000,3838.6000,3838.8000,3839.0000,3839.2000,1,3,2,3,1,1,2,1,2,2
SF,IF2003,2019-12-02 09:31:45.100,3837.2000,16036,0,238329000.000,0,-,-,-,-,3837.2000,3836.8000,3836.6000,3836.0000,3835.8000,3837.4000,3838.0000,3838.6000,3838.8000,3839.0000,1,3,1,3,1,1,1,2,1,2
SF,IF2003,2019-12-02 09:31:45.600,3837.4000,16036,0,239480220.000,1,0,1,多换,S,3837.4000,3837.2000,3836.8000,3836.6000,3836.0000,3838.0000,3838.6000,3838.8000,3839.0000,3839.2000,3,1,3,1,3,1,2,1,2,2
SF,IF2003,2019-12-02 09:31:46.600,3837.4000,16036,0,239480220.000,0,-,-,-,-,3837.4000,3837.2000,3836.8000,3836.6000,3836.0000,3838.0000,3838.6000,3838.8000,3839.0000,3839.2000,3,1,3,1,3,1,2,1,2,2
SF,IF2003,2019-12-02 09:31:47.100,3837.4000,16036,0,239480220.000,0,-,-,-,-,3837.4000,3837.2000,3836.8000,3836.6000,3836.0000,3838.0000,3838.6000,3838.8000,3839.0000,3839.2000,3,1,3,1,3,1,2,2,2,2
SF,IF2003,2019-12-02 09:31:47.600,3837.4000,16036,0,240631440.000,1,0,1,多换,S,3837.4000,3837.2000,3836.8000,3836.6000,3836.0000,3838.0000,3838.6000,3838.8000,3839.0000,3839.2000,2,1,3,1,3,1,2,2,2,2
SF,IF2003,2019-12-02 09:31:48.100,3837.4000,16036,0,240631440.000,0,-,-,-,-,3837.4000,3837.2000,3836.8000,3836.6000,3836.0000,3838.0000,3838.6000,3838.8000,3839.0000,3839.2000,2,1,3,1,3,1,2,7,2,2
SF,IF2003,2019-12-02 09:31:48.600,3838.0000,16036,0,241782840.000,1,0,1,多换,S,3838.0000,3837.4000,3837.2000,3836.8000,3836.6000,3838.6000,3838.8000,3839.0000,3839.2000,3839.4000,1,2,1,3,1,1,7,2,2,1
SF,IF2003,2019-12-02 09:31:49.100,3838.0000,16036,0,241782840.000,0,-,-,-,-,3837.6000,3837.4000,3837.2000,3836.8000,3836.6000,3838.6000,3838.8000,3839.0000,3839.2000,3839.4000,1,2,1,3,1,1,7,2,2,1
SF,IF2003,2019-12-02 09:31:50.100,3838.0000,16036,0,241782840.000,0,-,-,-,-,3837.6000,3837.4000,3837.2000,3836.8000,3836.6000,3838.4000,3838.6000,3838.8000,3839.0000,3839.2000,1,2,1,3,1,1,1,7,2,2
SF,IF2003,2019-12-02 09:31:50.600,3838.0000,16036,0,241782840.000,0,-,-,-,-,3837.4000,3837.2000,3836.8000,3836.6000,3836.0000,3838.6000,3838.8000,3839.0000,3839.2000,3839.4000,2,1,3,1,3,1,7,2,2,1
SF,IF2003,2019-12-02 09:31:51.100,3838.0000,16036,0,241782840.000,0,-,-,-,-,3837.8000,3837.4000,3837.2000,3836.8000,3836.6000,3838.6000,3838.8000,3839.0000,3839.2000,3839.4000,1,2,1,3,1,1,7,2,2,1
SF,IF2003,2019-12-02 09:31:51.600,3838.0000,16036,0,241782840.000,0,-,-,-,-,3837.8000,3837.4000,3837.2000,3836.8000,3836.6000,3838.2000,3838.8000,3839.0000,3839.2000,3839.4000,1,2,1,3,1,3,7,2,2,1
SF,IF2003,2019-12-02 09:31:52.100,3838.2000,16036,0,242934300.000,1,0,1,多换,S,3837.4000,3837.2000,3836.8000,3836.6000,3836.0000,3838.2000,3838.8000,3839.0000,3839.2000,3839.4000,2,1,3,1,3,2,6,2,2,1
SF,IF2003,2019-12-02 09:31:53.100,3838.2000,16036,0,242934300.000,0,-,-,-,-,3838.0000,3837.6000,3837.4000,3837.2000,3836.8000,3838.2000,3838.8000,3839.0000,3839.2000,3839.4000,1,1,2,1,3,2,6,2,2,1
SF,IF2003,2019-12-02 09:31:53.600,3838.0000,16035,-1,244085700.000,1,0,1,双平,S,3837.6000,3837.4000,3837.2000,3836.8000,3836.6000,3838.0000,3838.2000,3838.8000,3839.0000,3839.2000,1,2,1,3,1,2,2,6,2,2
SF,IF2003,2019-12-02 09:31:54.100,3838.0000,16035,0,244085700.000,0,-,-,-,-,3837.4000,3837.2000,3836.8000,3836.6000,3836.2000,3838.0000,3838.2000,3838.8000,3839.0000,3839.2000,2,1,3,1,1,2,2,6,2,2
SF,IF2003,2019-12-02 09:31:54.600,3838.0000,16034,-1,245237100.000,1,0,1,双平,S,3837.2000,3836.8000,3836.6000,3836.2000,3836.0000,3838.0000,3838.2000,3838.8000,3839.0000,3839.2000,1,3,1,1,3,1,2,6,2,2
SF,IF2003,2019-12-02 09:31:55.100,3838.0000,16034,0,245237100.000,0,-,-,-,-,3837.6000,3837.2000,3836.8000,3836.6000,3836.2000,3838.0000,3838.2000,3838.8000,3839.0000,3839.2000,5,1,3,1,1,1,2,6,2,2
SF,IF2003,2019-12-02 09:31:55.600,3838.0000,16034,0,245237100.000,0,-,-,-,-,3837.2000,3836.8000,3836.6000,3836.2000,3836.0000,3838.0000,3838.2000,3838.8000,3839.0000,3839.2000,1,3,1,1,3,1,2,6,2,2
SF,IF2003,2019-12-02 09:31:56.100,3838.0000,16034,0,245237100.000,0,-,-,-,-,3837.4000,3837.2000,3836.8000,3836.6000,3836.2000,3838.0000,3838.2000,3838.8000,3839.0000,3839.2000,1,1,3,1,1,1,3,8,2,2
SF,IF2003,2019-12-02 09:31:56.600,3838.0000,16034,0,245237100.000,0,-,-,-,-,3837.2000,3836.8000,3836.6000,3836.0000,3835.8000,3838.0000,3838.2000,3838.8000,3839.0000,3839.2000,1,3,1,3,1,1,3,8,2,2
SF,IF2003,2019-12-02 09:31:57.100,3838.0000,16034,0,246388500.000,1,0,1,多换,S,3838.0000,3837.4000,3837.2000,3836.8000,3836.6000,3838.2000,3838.8000,3839.0000,3839.2000,3839.4000,2,1,1,3,1,3,8,2,2,1
SF,IF2003,2019-12-02 09:31:57.600,3838.2000,16034,0,249842880.000,3,1,2,多换,S,3838.0000,3837.6000,3837.4000,3837.2000,3836.8000,3838.8000,3839.0000,3839.2000,3839.4000,3839.6000,3,6,1,1,3,8,2,2,1,5
SF,IF2003,2019-12-02 09:31:58.100,3838.0000,16034,0,252145680.000,2,1,1,多换,S,3838.0000,3837.4000,3837.2000,3836.8000,3836.6000,3838.8000,3839.0000,3839.2000,3839.4000,3839.6000,2,1,1,3,1,8,2,2,1,5
SF,IF2003,2019-12-02 09:31:58.600,3838.0000,16033,-1,253297080.000,1,0,1,双平,S,3838.0000,3837.4000,3837.2000,3836.8000,3836.6000,3838.8000,3839.0000,3839.2000,3839.4000,3839.6000,2,1,1,3,1,8,2,2,1,5
SF,IF2003,2019-12-02 09:31:59.100,3838.0000,16033,0,253297080.000,0,-,-,-,-,3838.0000,3837.4000,3836.8000,3836.6000,3836.0000,3838.6000,3838.8000,3839.0000,3839.2000,3839.4000,2,1,3,1,3,1,8,2,2,1
SF,IF2003,2019-12-02 09:31:59.600,3838.0000,16033,0,253297080.000,0,-,-,-,-,3838.0000,3837.4000,3836.8000,3836.6000,3836.0000,3838.8000,3839.0000,3839.2000,3839.4000,3839.6000,2,1,3,1,3,8,2,2,1,5
SF,IF2003,2019-12-02 09:32:00.100,3838.8000,16033,0,255600120.000,2,1,1,多换,S,3838.2000,3838.0000,3837.4000,3836.8000,3836.6000,3838.8000,3839.0000,3839.2000,3839.4000,3839.6000,1,2,1,3,1,7,2,2,1,5
SF,IF2003,2019-12-02 09:32:00.600,3838.8000,16033,0,256751760.000,1,0,1,多换,S,3838.2000,3838.0000,3837.4000,3836.8000,3836.6000,3838.8000,3839.0000,3839.2000,3839.4000,3839.6000,1,3,1,3,1,6,2,2,1,5
SF,IF2003,2019-12-02 09:32:01.100,3838.8000,16031,-2,260206680.000,3,0,3,多平,S,3838.2000,3838.0000,3837.4000,3836.8000,3836.6000,3838.8000,3839.0000,3839.2000,3839.6000,3839.8000,1,3,2,3,1,3,2,2,5,2
SF,IF2003,2019-12-02 09:32:01.600,3838.8000,16028,-3,263661600.000,3,0,3,双平,S,3838.8000,3838.2000,3838.0000,3837.4000,3836.8000,3839.0000,3839.2000,3839.6000,3839.8000,3840.0000,1,1,3,2,3,2,2,5,2,10
SF,IF2003,2019-12-02 09:32:02.100,3838.8000,16029,1,264813240.000,1,1,0,双开,S,3838.2000,3838.0000,3837.4000,3836.8000,3836.6000,3838.8000,3839.0000,3839.2000,3839.6000,3839.8000,1,3,1,3,1,5,2,2,5,2
SF,IF2003,2019-12-02 09:32:02.600,3838.8000,16028,-1,265964880.000,1,0,1,双平,S,3838.4000,3838.2000,3838.0000,3837.4000,3836.8000,3838.8000,3839.0000,3839.2000,3839.6000,3839.8000,4,1,3,1,3,4,2,2,4,2
SF,IF2003,2019-12-02 09:32:03.100,3838.8000,16028,0,265964880.000,0,-,-,-,-,3838.2000,3838.0000,3837.4000,3836.8000,3836.6000,3838.8000,3839.0000,3839.2000,3839.6000,3839.8000,1,3,1,3,1,5,2,2,4,2
SF,IF2003,2019-12-02 09:32:03.600,3838.8000,16027,-1,268268160.000,2,0,2,多平,S,3838.6000,3838.2000,3838.0000,3837.4000,3836.8000,3838.8000,3839.0000,3839.2000,3839.6000,3839.8000,1,1,3,1,3,3,2,2,2,2
SF,IF2003,2019-12-02 09:32:04.100,3838.8000,16025,-2,270571440.000,2,0,2,双平,S,3838.6000,3838.2000,3838.0000,3837.4000,3836.8000,3838.8000,3839.0000,3839.2000,3839.8000,3840.0000,1,1,3,1,3,1,2,2,2,10
SF,IF2003,2019-12-02 09:32:04.600,3839.0000,16023,-2,272874780.000,2,0,2,双平,S,3838.8000,3838.2000,3838.0000,3837.4000,3836.8000,3839.0000,3839.2000,3839.8000,3840.0000,3840.2000,1,1,3,1,2,1,2,2,10,1
SF,IF2003,2019-12-02 09:32:05.100,3839.0000,16022,-1,274026480.000,1,0,1,双平,S,3838.8000,3838.2000,3838.0000,3837.4000,3836.8000,3839.2000,3839.8000,3840.0000,3840.2000,3840.8000,1,1,3,1,2,2,2,10,1,3
SF,IF2003,2019-12-02 09:32:05.600,3839.0000,16022,0,274026480.000,0,-,-,-,-,3839.0000,3838.8000,3838.2000,3838.0000,3837.4000,3839.2000,3839.8000,3840.0000,3840.2000,3840.8000,2,1,1,3,1,2,2,10,1,3
SF,IF2003,2019-12-02 09:32:06.100,3839.2000,16021,-1,275178240.000,1,0,1,双平,S,3839.0000,3838.8000,3838.2000,3838.0000,3837.4000,3839.2000,3839.8000,3840.0000,3840.2000,3840.8000,1,1,2,2,1,1,2,10,1,3
SF,IF2003,2019-12-02 09:32:06.600,3839.2000,16020,-1,277481760.000,2,0,2,多平,S,3839.0000,3838.8000,3838.2000,3838.0000,3837.4000,3839.8000,3840.0000,3840.8000,3841.0000,3841.2000,1,1,2,2,1,2,9,3,2,1
SF,IF2003,2019-12-02 09:32:07.100,3839.2000,16020,0,277481760.000,0,-,-,-,-,3839.6000,3839.2000,3839.0000,3838.8000,3838.2000,3839.8000,3840.0000,3840.8000,3841.0000,3841.2000,1,1,1,1,2,2,9,3,2,1
SF,IF2003,2019-12-02 09:32:07.600,3839.0000,16020,0,280937100.000,3,1,2,多换,S,3838.8000,3838.2000,3838.0000,3837.4000,3836.8000,3839.4000,3839.6000,3839.8000,3840.0000,3840.8000,1,1,2,1,2,3,3,2,9,3
SF,IF2003,2019-12-02 09:32:08.100,3839.0000,16017,-3,284392200.000,3,0,3,双平,S,3838.8000,3838.2000,3838.0000,3837.4000,3836.8000,3839.0000,3839.6000,3839.8000,3840.0000,3840.8000,1,1,2,1,2,3,1,2,9,3
SF,IF2003,2019-12-02 09:32:08.600,3839.0000,16014,-3,287847300.000,3,0,3,双平,S,3839.0000,3838.8000,3838.2000,3838.0000,3837.4000,3839.8000,3840.0000,3840.8000,3841.0000,3841.2000,1,1,1,2,1,2,9,3,2,1
SF,IF2003,2019-12-02 09:32:09.100,3839.0000,16014,0,287847300.000,0,-,-,-,-,3838.8000,3838.2000,3838.0000,3837.4000,3836.8000,3839.8000,3840.0000,3840.8000,3841.0000,3841.2000,1,1,2,1,2,2,9,3,2,1
SF,IF2003,2019-12-02 09:32:09.600,3839.0000,16014,0,287847300.000,0,-,-,-,-,3838.8000,3838.2000,3838.0000,3837.4000,3836.8000,3839.8000,3840.0000,3840.8000,3841.0000,3841.2000,1,1,2,1,2,2,9,3,2,1
SF,IF2003,2019-12-02 09:32:10.100,3839.0000,16014,0,287847300.000,0,-,-,-,-,3839.0000,3838.8000,3838.2000,3838.0000,3837.4000,3839.8000,3840.0000,3840.8000,3841.0000,3841.2000,1,1,1,2,1,2,9,3,2,1
SF,IF2003,2019-12-02 09:32:11.100,3839.0000,16013,-1,288999000.000,1,0,1,双平,S,3838.8000,3838.2000,3838.0000,3837.4000,3836.8000,3839.8000,3840.0000,3840.8000,3841.0000,3841.2000,1,1,2,1,2,2,9,3,2,1
SF,IF2003,2019-12-02 09:32:11.600,3839.0000,16013,0,288999000.000,0,-,-,-,-,3838.8000,3838.2000,3838.0000,3837.4000,3836.8000,3839.6000,3839.8000,3840.0000,3840.8000,3841.0000,1,1,2,1,2,2,2,9,3,2
SF,IF2003,2019-12-02 09:32:12.100,3839.6000,16013,0,290150880.000,1,0,1,多换,S,3838.8000,3838.2000,3838.0000,3837.4000,3836.8000,3839.6000,3839.8000,3840.0000,3840.8000,3841.0000,1,1,2,1,2,1,2,9,3,2
SF,IF2003,2019-12-02 09:32:13.100,3838.8000,16012,-1,293606280.000,3,1,2,多平,S,3838.2000,3837.4000,3836.8000,3836.6000,3836.0000,3838.8000,3839.8000,3840.0000,3840.8000,3841.0000,1,1,2,2,4,1,2,9,3,2
SF,IF2003,2019-12-02 09:32:13.600,3838.8000,16012,0,295909560.000,2,1,1,多换,S,3838.4000,3838.2000,3837.4000,3836.8000,3836.6000,3838.8000,3839.4000,3839.8000,3840.0000,3840.8000,1,1,1,2,2,1,1,2,9,3
SF,IF2003,2019-12-02 09:32:14.100,3838.6000,16011,-1,297061140.000,1,0,1,双平,S,3838.2000,3837.4000,3836.8000,3836.6000,3836.0000,3838.8000,3839.8000,3840.0000,3840.8000,3841.0000,1,1,2,2,4,1,2,9,3,2
SF,IF2003,2019-12-02 09:32:15.100,3838.6000,16011,0,297061140.000,0,-,-,-,-,3837.4000,3836.8000,3836.6000,3836.0000,3835.8000,3838.6000,3838.8000,3839.8000,3840.0000,3840.8000,1,2,2,4,1,1,1,2,9,3
SF,IF2003,2019-12-02 09:32:15.600,3838.6000,16010,-1,298212720.000,1,0,1,双平,S,3837.8000,3837.6000,3837.4000,3836.6000,3836.0000,3838.8000,3839.8000,3840.0000,3840.2000,3840.8000,5,5,2,2,4,1,2,9,1,3
SF,IF2003,2019-12-02 09:32:16.100,3838.6000,16010,0,298212720.000,0,-,-,-,-,3838.0000,3837.8000,3837.6000,3837.4000,3836.6000,3838.8000,3839.8000,3840.0000,3840.2000,3840.8000,6,10,5,2,2,1,2,9,1,3
SF,IF2003,2019-12-02 09:32:16.600,3838.6000,16010,0,298212720.000,0,-,-,-,-,3838.2000,3838.0000,3837.8000,3837.6000,3837.4000,3838.8000,3839.8000,3840.0000,3840.2000,3840.8000,5,5,10,3,2,1,2,9,1,3
SF,IF2003,2019-12-02 09:32:17.100,3838.6000,16010,0,298212720.000,0,-,-,-,-,3838.4000,3838.2000,3838.0000,3837.8000,3837.6000,3838.8000,3839.0000,3839.8000,3840.0000,3840.2000,5,6,5,10,3,1,1,2,9,1
SF,IF2003,2019-12-02 09:32:17.600,3838.6000,16010,0,298212720.000,0,-,-,-,-,3838.4000,3838.2000,3838.0000,3837.8000,3837.6000,3838.8000,3839.0000,3839.6000,3839.8000,3840.0000,5,5,5,10,3,1,1,1,2,9
SF,IF2003,2019-12-02 09:32:18.100,3838.6000,16010,0,298212720.000,0,-,-,-,-,3838.0000,3837.8000,3837.6000,3837.4000,3836.6000,3838.8000,3839.0000,3839.6000,3839.8000,3840.0000,5,10,3,2,2,1,1,1,2,9
SF,IF2003,2019-12-02 09:32:18.600,3838.8000,16009,-1,299364360.000,1,0,1,双平,S,3838.4000,3838.2000,3838.0000,3837.8000,3837.6000,3839.0000,3839.6000,3839.8000,3840.0000,3840.2000,5,2,5,10,3,1,1,2,9,1
SF,IF2003,2019-12-02 09:32:19.100,3839.0000,16008,-1,300516060.000,1,0,1,双平,S,3838.6000,3838.4000,3838.2000,3838.0000,3837.8000,3839.6000,3839.8000,3840.0000,3840.2000,3840.8000,5,10,2,5,10,1,2,9,1,3
SF,IF2003,2019-12-02 09:32:19.600,3839.0000,16008,0,300516060.000,0,-,-,-,-,3838.8000,3838.6000,3838.4000,3838.2000,3838.0000,3839.6000,3839.8000,3840.0000,3840.2000,3840.8000,5,5,10,3,5,1,2,9,1,3
SF,IF2003,2019-12-02 09:32:20.100,3839.0000,16008,0,300516060.000,0,-,-,-,-,3838.8000,3838.6000,3838.4000,3838.2000,3838.0000,3839.6000,3839.8000,3840.0000,3840.2000,3840.8000,1,6,10,3,5,1,2,9,1,3
SF,IF2003,2019-12-02 09:32:20.600,3838.8000,16007,-1,301667700.000,1,0,1,双平,S,3838.6000,3838.4000,3838.2000,3838.0000,3837.8000,3839.6000,3839.8000,3840.0000,3840.2000,3840.8000,6,10,3,5,10,1,2,9,1,3
SF,IF2003,2019-12-02 09:32:21.100,3838.8000,16007,0,301667700.000,0,-,-,-,-,3839.0000,3838.8000,3838.6000,3838.4000,3838.2000,3839.6000,3839.8000,3840.0000,3840.8000,3841.0000,3,2,6,10,3,1,2,9,3,2
SF,IF2003,2019-12-02 09:32:21.600,3838.8000,16007,0,301667700.000,0,-,-,-,-,3839.0000,3838.8000,3838.6000,3838.4000,3838.2000,3839.6000,3839.8000,3840.0000,3840.8000,3841.0000,3,2,6,10,3,1,2,9,3,2
SF,IF2003,2019-12-02 09:32:22.100,3838.8000,16007,0,301667700.000,0,-,-,-,-,3838.8000,3838.6000,3838.4000,3838.2000,3838.0000,3839.6000,3839.8000,3840.0000,3840.8000,3841.0000,2,6,10,3,5,1,2,9,3,2
SF,IF2003,2019-12-02 09:32:22.600,3839.6000,16007,0,302819580.000,1,0,1,多换,S,3838.8000,3838.6000,3838.4000,3838.2000,3838.0000,3839.8000,3840.0000,3840.8000,3841.0000,3841.2000,2,6,10,3,5,3,9,3,2,1
SF,IF2003,2019-12-02 09:32:24.100,3839.6000,16007,0,302819580.000,0,-,-,-,-,3839.2000,3839.0000,3838.8000,3838.6000,3838.4000,3839.8000,3840.0000,3840.8000,3841.0000,3841.2000,5,1,2,6,10,2,9,3,2,1
SF,IF2003,2019-12-02 09:32:24.600,3839.6000,16007,0,302819580.000,0,-,-,-,-,3839.4000,3839.2000,3838.8000,3838.6000,3838.4000,3839.8000,3840.0000,3840.8000,3841.0000,3841.2000,1,5,2,6,10,2,9,3,2,1
SF,IF2003,2019-12-02 09:32:25.100,3839.8000,16006,-1,303971520.000,1,0,1,双平,S,3839.4000,3839.2000,3838.8000,3838.6000,3838.4000,3839.8000,3840.0000,3840.8000,3841.0000,3841.2000,1,5,2,6,10,1,9,3,2,1
SF,IF2003,2019-12-02 09:32:26.100,3839.8000,16006,0,303971520.000,0,-,-,-,-,3839.6000,3839.4000,3839.2000,3838.8000,3838.6000,3839.8000,3840.0000,3840.8000,3841.0000,3841.2000,1,1,5,2,6,2,9,3,2,1
SF,IF2003,2019-12-02 09:32:26.600,3839.6000,16005,-1,305123400.000,1,0,1,双平,S,3839.4000,3839.2000,3838.8000,3838.6000,3838.2000,3839.8000,3840.0000,3840.8000,3841.0000,3841.2000,1,5,2,6,2,2,9,3,2,1
SF,IF2003,2019-12-02 09:32:27.100,3839.8000,16004,-1,307427280.000,2,0,2,多平,S,3839.4000,3839.2000,3838.8000,3838.6000,3838.2000,3840.0000,3840.8000,3841.0000,3841.2000,3841.6000,1,5,2,6,2,9,3,2,1,1
SF,IF2003,2019-12-02 09:32:28.600,3839.8000,16004,0,307427280.000,0,-,-,-,-,3839.4000,3838.8000,3838.6000,3838.2000,3837.4000,3840.0000,3840.8000,3841.0000,3841.2000,3841.6000,1,2,6,1,2,9,3,2,1,1
SF,IF2003,2019-12-02 09:32:29.100,3839.8000,16004,0,307427280.000,0,-,-,-,-,3839.4000,3839.0000,3838.8000,3838.6000,3838.2000,3840.0000,3840.8000,3841.0000,3841.2000,3841.6000,1,1,2,6,1,9,3,1,1,1
SF,IF2003,2019-12-02 09:32:30.100,3840.0000,16003,-1,308579280.000,1,0,1,双平,S,3839.6000,3839.4000,3839.0000,3838.8000,3838.6000,3840.0000,3840.8000,3841.0000,3841.2000,3841.6000,1,1,1,2,6,8,3,1,1,1
SF,IF2003,2019-12-02 09:32:30.600,3840.0000,15998,-5,314339280.000,5,0,5,双平,S,3839.8000,3839.6000,3839.4000,3839.0000,3838.8000,3840.0000,3840.8000,3841.0000,3841.2000,3841.6000,5,1,1,1,2,3,3,1,1,1
SF,IF2003,2019-12-02 09:32:31.100,3840.0000,15995,-3,317795280.000,3,0,3,双平,S,3840.0000,3839.8000,3839.6000,3839.4000,3839.0000,3840.8000,3841.0000,3841.2000,3841.6000,3841.8000,5,5,1,1,1,3,1,1,1,4
SF,IF2003,2019-12-02 09:32:31.600,3840.0000,15995,0,317795280.000,0,-,-,-,-,3840.0000,3839.8000,3839.6000,3839.4000,3839.0000,3840.8000,3841.0000,3841.2000,3841.6000,3841.8000,6,5,1,1,1,3,1,1,1,4
SF,IF2003,2019-12-02 09:32:32.100,3840.0000,15995,0,317795280.000,0,-,-,-,-,3840.0000,3839.8000,3839.6000,3839.4000,3839.0000,3840.8000,3841.0000,3841.2000,3841.6000,3841.8000,1,5,1,1,1,3,1,1,1,4
SF,IF2003,2019-12-02 09:32:32.600,3840.0000,15995,0,317795280.000,0,-,-,-,-,3840.0000,3839.8000,3839.6000,3839.0000,3838.8000,3840.8000,3841.0000,3841.2000,3841.6000,3841.8000,1,5,1,1,2,3,1,1,1,4
SF,IF2003,2019-12-02 09:32:33.100,3840.0000,15995,0,317795280.000,0,-,-,-,-,3840.2000,3840.0000,3839.8000,3839.6000,3839.0000,3840.8000,3841.0000,3841.2000,3841.6000,3841.8000,1,1,5,1,1,3,1,1,1,4
SF,IF2003,2019-12-02 09:32:34.100,3840.0000,15995,0,317795280.000,0,-,-,-,-,3840.2000,3840.0000,3839.6000,3839.0000,3838.8000,3840.6000,3840.8000,3841.0000,3841.2000,3841.6000,1,1,1,1,2,1,3,1,1,1
SF,IF2003,2019-12-02 09:32:34.600,3840.0000,15995,0,317795280.000,0,-,-,-,-,3840.2000,3839.6000,3839.0000,3838.8000,3838.6000,3840.6000,3840.8000,3841.0000,3841.2000,3841.6000,1,1,1,2,1,1,3,1,1,1
SF,IF2003,2019-12-02 09:32:35.100,3840.0000,15995,0,317795280.000,0,-,-,-,-,3840.2000,3839.6000,3839.0000,3838.8000,3838.6000,3840.8000,3841.0000,3841.2000,3841.6000,3841.8000,1,1,1,2,1,3,1,1,1,4
SF,IF2003,2019-12-02 09:32:35.600,3840.8000,15994,-1,318947520.000,1,0,1,双平,S,3840.6000,3840.2000,3839.6000,3839.0000,3838.8000,3840.8000,3841.0000,3841.2000,3841.6000,3841.8000,5,1,1,1,2,2,1,1,1,4
SF,IF2003,2019-12-02 09:32:36.100,3840.8000,15994,0,318947520.000,0,-,-,-,-,3840.2000,3839.6000,3839.0000,3838.8000,3838.6000,3840.8000,3841.0000,3841.2000,3841.6000,3841.8000,1,1,1,2,1,2,1,1,1,4
SF,IF2003,2019-12-02 09:32:36.600,3840.8000,15994,0,318947520.000,0,-,-,-,-,3840.6000,3840.4000,3840.2000,3839.6000,3839.0000,3840.8000,3841.0000,3841.2000,3841.6000,3841.8000,5,1,1,1,1,2,1,1,1,4
SF,IF2003,2019-12-02 09:32:37.100,3840.8000,15992,-2,321252000.000,2,0,2,双平,S,3840.8000,3840.6000,3840.4000,3840.2000,3839.8000,3841.0000,3841.2000,3841.6000,3841.8000,3843.6000,5,10,1,1,1,1,1,1,2,1
SF,IF2003,2019-12-02 09:32:37.600,3841.0000,15992,0,322404300.000,1,0,1,多换,S,3840.8000,3840.6000,3840.4000,3840.2000,3839.8000,3841.2000,3841.6000,3841.8000,3843.6000,3843.8000,5,10,1,1,1,1,1,2,1,1
SF,IF2003,2019-12-02 09:32:39.100,3841.0000,15992,0,322404300.000,0,-,-,-,-,3840.6000,3840.4000,3840.2000,3839.8000,3839.6000,3841.2000,3841.6000,3841.8000,3843.6000,3843.8000,5,1,1,1,1,1,1,2,1,1
SF,IF2003,2019-12-02 09:32:39.600,3841.0000,15992,0,322404300.000,0,-,-,-,-,3840.6000,3840.2000,3839.8000,3839.6000,3839.0000,3841.0000,3841.2000,3841.6000,3841.8000,3843.6000,5,1,1,1,1,1,1,1,2,1
SF,IF2003,2019-12-02 09:32:40.100,3840.8000,15991,-1,323556540.000,1,0,1,双平,S,3840.2000,3839.8000,3839.0000,3838.8000,3838.6000,3840.6000,3841.2000,3841.6000,3841.8000,3843.6000,1,1,1,2,1,1,1,1,2,1
SF,IF2003,2019-12-02 09:32:40.600,3840.4000,15990,-1,324708660.000,1,0,1,双平,S,3840.2000,3839.8000,3839.0000,3838.8000,3838.6000,3841.2000,3841.6000,3841.8000,3843.6000,3843.8000,1,1,1,2,1,1,1,2,1,2
SF,IF2003,2019-12-02 09:32:41.100,3841.2000,15990,0,325861020.000,1,0,1,多换,S,3840.6000,3840.2000,3839.8000,3839.0000,3838.8000,3841.6000,3841.8000,3843.6000,3843.8000,3844.0000,5,1,1,1,2,1,2,1,2,3
SF,IF2003,2019-12-02 09:32:41.600,3841.2000,15990,0,325861020.000,0,-,-,-,-,3840.2000,3839.8000,3839.0000,3838.8000,3838.6000,3841.0000,3841.4000,3841.6000,3841.8000,3843.6000,1,1,1,2,1,1,2,1,2,1
SF,IF2003,2019-12-02 09:32:42.100,3841.2000,15990,0,325861020.000,0,-,-,-,-,3840.2000,3839.8000,3839.0000,3838.8000,3838.6000,3841.4000,3841.6000,3841.8000,3843.6000,3843.8000,1,1,1,2,1,2,1,2,1,2
SF,IF2003,2019-12-02 09:32:42.600,3841.2000,15990,0,325861020.000,0,-,-,-,-,3840.2000,3839.8000,3839.0000,3838.8000,3838.6000,3841.2000,3841.4000,3841.6000,3841.8000,3843.6000,1,1,1,2,1,3,2,1,2,1
SF,IF2003,2019-12-02 09:32:43.100,3841.2000,15983,-7,335079360.000,8,0,8,多平,S,3839.0000,3838.8000,3838.6000,3838.2000,3838.0000,3841.4000,3841.6000,3841.8000,3843.6000,3843.8000,1,2,1,1,1,2,1,2,1,2
SF,IF2003,2019-12-02 09:32:43.600,3841.2000,15983,0,335079360.000,0,-,-,-,-,3840.0000,3839.8000,3839.2000,3839.0000,3838.6000,3841.0000,3841.4000,3841.6000,3841.8000,3842.0000,5,5,15,2,1,1,2,1,2,1
SF,IF2003,2019-12-02 09:32:44.100,3841.2000,15982,-1,336231720.000,1,0,1,双平,S,3840.0000,3839.8000,3839.2000,3839.0000,3838.6000,3841.4000,3841.6000,3841.8000,3842.0000,3842.4000,5,5,12,2,1,2,1,2,1,2
SF,IF2003,2019-12-02 09:32:44.600,3841.2000,15982,0,336231720.000,0,-,-,-,-,3840.2000,3840.0000,3839.8000,3839.2000,3839.0000,3841.4000,3841.6000,3841.8000,3842.0000,3842.4000,2,5,5,9,2,2,1,2,1,2
SF,IF2003,2019-12-02 09:32:45.100,3841.2000,15982,0,336231720.000,0,-,-,-,-,3840.4000,3840.2000,3840.0000,3839.8000,3839.2000,3841.2000,3841.4000,3841.6000,3841.8000,3842.0000,1,2,8,5,8,1,3,1,2,1
SF,IF2003,2019-12-02 09:32:45.600,3841.2000,15982,0,336231720.000,0,-,-,-,-,3840.4000,3840.2000,3840.0000,3839.8000,3839.2000,3841.2000,3841.4000,3841.6000,3841.8000,3842.0000,1,1,8,5,8,1,3,1,2,1
SF,IF2003,2019-12-02 09:32:46.100,3841.2000,15983,1,337384080.000,1,1,0,双开,S,3840.6000,3840.4000,3840.2000,3840.0000,3839.8000,3841.4000,3841.6000,3841.8000,3842.0000,3842.4000,1,1,1,8,5,3,1,2,1,2
SF,IF2003,2019-12-02 09:32:46.600,3841.2000,15983,0,337384080.000,0,-,-,-,-,3840.6000,3840.4000,3840.2000,3840.0000,3839.8000,3841.4000,3841.6000,3841.8000,3842.0000,3842.4000,1,1,1,8,5,3,1,2,1,2
SF,IF2003,2019-12-02 09:32:47.100,3840.8000,15982,-1,338536320.000,1,0,1,双平,S,3840.6000,3840.4000,3840.2000,3840.0000,3839.8000,3841.4000,3841.6000,3841.8000,3842.0000,3842.4000,1,1,1,8,5,3,1,2,1,2
SF,IF2003,2019-12-02 09:32:48.100,3840.8000,15982,0,338536320.000,0,-,-,-,-,3840.4000,3840.2000,3840.0000,3839.8000,3839.2000,3841.4000,3841.6000,3841.8000,3842.0000,3842.4000,1,1,8,5,8,3,1,2,1,2
SF,IF2003,2019-12-02 09:32:48.600,3840.6000,15982,0,339688500.000,1,0,1,多换,S,3840.4000,3840.2000,3840.0000,3839.8000,3839.2000,3840.6000,3841.4000,3841.6000,3841.8000,3842.0000,1,1,8,5,8,2,3,1,2,1
SF,IF2003,2019-12-02 09:32:49.100,3840.6000,15982,0,339688500.000,0,-,-,-,-,3840.4000,3840.0000,3839.8000,3839.2000,3839.0000,3840.6000,3841.2000,3841.4000,3841.6000,3841.8000,1,8,5,7,2,2,1,3,1,2
SF,IF2003,2019-12-02 09:32:49.600,3840.6000,15982,0,339688500.000,0,-,-,-,-,3840.4000,3840.0000,3839.8000,3839.2000,3839.0000,3840.6000,3841.2000,3841.4000,3841.6000,3841.8000,1,8,5,7,2,2,1,3,1,3
SF,IF2003,2019-12-02 09:32:50.100,3840.4000,15980,-2,341992740.000,2,0,2,双平,S,3840.0000,3839.8000,3839.2000,3839.0000,3838.6000,3840.6000,3841.2000,3841.4000,3841.6000,3841.8000,8,5,7,2,1,2,1,3,1,3
SF,IF2003,2019-12-02 09:32:50.600,3840.4000,15980,0,341992740.000,0,-,-,-,-,3840.0000,3839.8000,3839.2000,3839.0000,3838.6000,3840.4000,3840.6000,3841.2000,3841.4000,3841.6000,8,5,7,2,1,1,2,1,3,1
SF,IF2003,2019-12-02 09:32:51.100,3840.4000,15979,-1,343144860.000,1,0,1,双平,S,3840.0000,3839.8000,3839.2000,3839.0000,3838.6000,3840.6000,3841.2000,3841.4000,3841.6000,3841.8000,8,5,7,2,1,2,1,3,1,3
SF,IF2003,2019-12-02 09:32:52.100,3840.6000,15977,-2,345449220.000,2,0,2,双平,S,3840.6000,3840.4000,3840.0000,3839.8000,3839.2000,3841.2000,3841.4000,3841.6000,3841.8000,3842.0000,5,5,8,5,7,1,3,1,3,1
SF,IF2003,2019-12-02 09:32:52.600,3840.6000,15976,-1,346601400.000,1,0,1,双平,S,3840.0000,3839.8000,3839.6000,3839.2000,3839.0000,3841.2000,3841.4000,3841.6000,3841.8000,3842.0000,8,5,1,7,2,1,3,1,3,1
SF,IF2003,2019-12-02 09:32:53.600,3840.6000,15976,0,346601400.000,0,-,-,-,-,3840.4000,3840.2000,3840.0000,3839.8000,3839.6000,3841.4000,3841.6000,3841.8000,3842.0000,3842.4000,5,6,8,5,1,3,1,3,1,2
SF,IF2003,2019-12-02 09:32:54.100,3841.0000,15976,0,347753700.000,1,0,1,多换,S,3840.4000,3840.2000,3840.0000,3839.8000,3839.6000,3841.0000,3841.4000,3841.6000,3841.8000,3842.0000,5,6,8,5,1,2,3,1,3,1
SF,IF2003,2019-12-02 09:32:54.600,3841.0000,15976,0,347753700.000,0,-,-,-,-,3840.6000,3840.4000,3840.2000,3840.0000,3839.8000,3841.0000,3841.2000,3841.4000,3841.6000,3841.8000,1,5,7,8,5,2,1,3,1,3
SF,IF2003,2019-12-02 09:32:55.100,3841.0000,15976,0,347753700.000,0,-,-,-,-,3840.4000,3840.2000,3840.0000,3839.8000,3839.6000,3840.8000,3841.0000,3841.2000,3841.4000,3841.6000,5,2,8,5,1,1,2,1,3,1
SF,IF2003,2019-12-02 09:32:55.600,3841.0000,15976,0,347753700.000,0,-,-,-,-,3840.4000,3840.2000,3840.0000,3839.8000,3839.6000,3841.0000,3841.2000,3841.4000,3841.6000,3841.8000,5,1,8,5,1,2,1,1,1,3
SF,IF2003,2019-12-02 09:32:56.100,3840.4000,15975,-1,348905820.000,1,0,1,双平,S,3840.4000,3840.2000,3840.0000,3839.8000,3839.6000,3841.0000,3841.2000,3841.4000,3841.6000,3841.8000,4,1,8,5,1,2,1,1,1,3
SF,IF2003,2019-12-02 09:32:56.600,3840.4000,15975,0,348905820.000,0,-,-,-,-,3840.2000,3840.0000,3839.8000,3839.6000,3839.2000,3841.0000,3841.2000,3841.4000,3841.6000,3841.8000,1,8,5,1,7,2,1,1,1,3
SF,IF2003,2019-12-02 09:32:57.100,3840.4000,15975,0,348905820.000,0,-,-,-,-,3840.0000,3839.8000,3839.6000,3839.2000,3839.0000,3841.0000,3841.2000,3841.4000,3841.6000,3841.8000,8,5,1,7,2,2,1,1,1,3
SF,IF2003,2019-12-02 09:32:57.600,3840.4000,15975,0,348905820.000,0,-,-,-,-,3840.0000,3839.6000,3839.2000,3839.0000,3838.6000,3840.8000,3841.0000,3841.2000,3841.4000,3841.6000,3,1,6,2,1,2,2,1,1,1
SF,IF2003,2019-12-02 09:32:58.100,3840.0000,15975,0,350057820.000,1,0,1,多换,S,3840.0000,3839.6000,3839.2000,3839.0000,3838.6000,3840.8000,3841.0000,3841.2000,3841.4000,3841.6000,2,1,6,2,1,1,2,1,1,1
SF,IF2003,2019-12-02 09:32:58.600,3840.0000,15975,0,350057820.000,0,-,-,-,-,3840.4000,3840.2000,3840.0000,3839.6000,3839.2000,3841.0000,3841.2000,3841.4000,3841.6000,3841.8000,5,1,2,1,6,2,1,1,1,3
SF,IF2003,2019-12-02 09:32:59.600,3840.0000,15975,0,350057820.000,0,-,-,-,-,3840.6000,3840.2000,3840.0000,3839.6000,3839.2000,3841.0000,3841.2000,3841.4000,3841.6000,3841.8000,1,1,2,1,6,2,1,1,1,3
SF,IF2003,2019-12-02 09:33:00.100,3840.4000,15974,-1,351209940.000,1,0,1,双平,S,3840.2000,3840.0000,3839.6000,3839.2000,3839.0000,3841.0000,3841.2000,3841.4000,3841.6000,3841.8000,1,2,1,6,2,2,1,1,1,3
SF,IF2003,2019-12-02 09:33:00.600,3840.4000,15974,0,351209940.000,0,-,-,-,-,3840.0000,3839.6000,3839.2000,3839.0000,3838.6000,3841.0000,3841.2000,3841.4000,3841.6000,3841.8000,2,1,6,2,1,2,1,1,1,3
SF,IF2003,2019-12-02 09:33:01.100,3840.4000,15974,0,351209940.000,0,-,-,-,-,3840.6000,3840.4000,3840.2000,3840.0000,3839.6000,3841.0000,3841.2000,3841.4000,3841.6000,3841.8000,5,6,3,3,1,2,1,1,1,3
SF,IF2003,2019-12-02 09:33:01.600,3840.4000,15974,0,351209940.000,0,-,-,-,-,3840.6000,3840.4000,3840.2000,3840.0000,3839.6000,3841.0000,3841.2000,3841.4000,3841.6000,3841.8000,6,5,2,3,1,2,1,1,1,3
SF,IF2003,2019-12-02 09:33:02.100,3840.4000,15974,0,351209940.000,0,-,-,-,-,3840.6000,3840.4000,3840.2000,3840.0000,3839.6000,3841.0000,3841.2000,3841.4000,3841.8000,3842.0000,5,6,2,3,1,3,1,1,3,1
SF,IF2003,2019-12-02 09:33:02.600,3840.4000,15974,0,351209940.000,0,-,-,-,-,3840.4000,3840.2000,3840.0000,3839.6000,3839.2000,3841.0000,3841.2000,3841.4000,3841.8000,3842.0000,1,2,3,1,4,3,1,1,3,1
SF,IF2003,2019-12-02 09:33:03.100,3840.4000,15974,0,352362060.000,1,0,1,多换,S,3840.2000,3840.0000,3839.6000,3839.2000,3839.0000,3841.0000,3841.2000,3841.4000,3841.8000,3842.0000,5,3,1,4,1,3,1,1,3,1
SF,IF2003,2019-12-02 09:33:03.600,3840.2000,15972,-2,355818240.000,3,0,3,多平,S,3840.2000,3840.0000,3839.6000,3839.2000,3839.0000,3840.8000,3841.0000,3841.2000,3841.4000,3841.8000,2,3,1,4,1,1,3,1,1,3
SF,IF2003,2019-12-02 09:33:04.100,3840.2000,15971,-1,358122360.000,2,0,2,多平,S,3840.0000,3839.6000,3839.2000,3839.0000,3838.6000,3840.8000,3841.0000,3841.2000,3841.4000,3841.8000,2,1,4,1,1,1,3,1,1,3
SF,IF2003,2019-12-02 09:33:04.600,3840.2000,15971,0,358122360.000,0,-,-,-,-,3840.0000,3839.6000,3839.2000,3839.0000,3838.6000,3840.2000,3840.8000,3841.0000,3841.2000,3841.4000,2,1,4,1,1,1,1,3,1,1
SF,IF2003,2019-12-02 09:33:05.600,3840.0000,15971,0,360426360.000,2,1,1,多换,S,3839.6000,3839.2000,3839.0000,3838.6000,3838.2000,3840.2000,3840.8000,3841.0000,3841.2000,3841.4000,1,2,1,1,1,1,1,4,1,1
SF,IF2003,2019-12-02 09:33:06.100,3840.0000,15971,0,360426360.000,0,-,-,-,-,3839.6000,3839.2000,3839.0000,3838.6000,3838.2000,3840.0000,3840.2000,3840.8000,3841.0000,3841.2000,1,2,1,1,1,1,1,1,4,1
SF,IF2003,2019-12-02 09:33:06.600,3839.6000,15971,0,361578240.000,1,0,1,多换,S,3839.2000,3839.0000,3838.6000,3838.2000,3838.0000,3840.0000,3840.2000,3840.8000,3841.0000,3841.2000,2,1,1,1,1,1,1,1,4,1
SF,IF2003,2019-12-02 09:33:07.100,3839.6000,15971,0,361578240.000,0,-,-,-,-,3839.4000,3839.2000,3839.0000,3838.6000,3838.2000,3840.0000,3840.2000,3840.8000,3841.0000,3841.2000,1,3,1,1,1,2,1,1,4,1
SF,IF2003,2019-12-02 09:33:07.600,3839.6000,15970,-1,362730120.000,1,0,1,双平,S,3839.2000,3839.0000,3838.6000,3838.2000,3838.0000,3839.6000,3839.8000,3840.0000,3840.2000,3840.8000,3,1,1,1,1,1,1,2,1,1
SF,IF2003,2019-12-02 09:33:08.100,3839.2000,15970,0,363881880.000,1,0,1,多换,S,3839.0000,3838.6000,3838.2000,3838.0000,3837.4000,3839.4000,3839.6000,3839.8000,3840.0000,3840.2000,1,1,1,1,1,2,1,1,2,1
SF,IF2003,2019-12-02 09:33:08.600,3839.2000,15970,0,363881880.000,0,-,-,-,-,3838.6000,3838.2000,3838.0000,3837.4000,3836.6000,3838.8000,3839.0000,3839.4000,3839.6000,3839.8000,1,1,1,1,1,2,1,1,1,1
SF,IF2003,2019-12-02 09:33:09.100,3838.6000,15970,0,365033460.000,1,0,1,多换,S,3837.4000,3836.6000,3836.0000,3835.0000,3834.4000,3838.8000,3839.4000,3839.6000,3840.0000,3840.2000,1,1,4,2,2,2,1,1,3,1
SF,IF2003,2019-12-02 09:33:09.600,3838.8000,15968,-2,368488380.000,3,0,3,多平,S,3838.8000,3838.6000,3838.2000,3837.6000,3837.4000,3839.4000,3839.6000,3840.0000,3840.2000,3841.0000,5,5,1,23,1,1,1,3,1,4
SF,IF2003,2019-12-02 09:33:10.100,3838.8000,15968,0,368488380.000,0,-,-,-,-,3838.8000,3838.6000,3837.6000,3837.4000,3836.6000,3839.4000,3839.6000,3840.0000,3840.2000,3841.0000,5,5,19,2,1,1,1,3,1,4
SF,IF2003,2019-12-02 09:33:11.100,3838.8000,15963,-5,374246580.000,5,0,5,双平,S,3837.6000,3836.6000,3836.0000,3835.0000,3834.4000,3839.2000,3839.4000,3839.6000,3840.0000,3840.2000,4,2,4,2,2,2,1,1,3,1
SF,IF2003,2019-12-02 09:33:11.600,3838.8000,15963,0,374246580.000,0,-,-,-,-,3838.4000,3838.2000,3837.8000,3837.6000,3837.4000,3839.4000,3839.6000,3840.0000,3840.2000,3841.0000,5,5,2,4,1,1,1,3,1,4
SF,IF2003,2019-12-02 09:33:12.100,3838.8000,15963,0,374246580.000,0,-,-,-,-,3838.6000,3838.4000,3838.2000,3837.8000,3837.6000,3838.8000,3839.2000,3839.4000,3839.6000,3840.0000,5,10,5,9,4,2,1,1,1,3
SF,IF2003,2019-12-02 09:33:12.600,3838.6000,15961,-2,376549740.000,2,0,2,双平,S,3838.6000,3838.4000,3838.2000,3837.8000,3837.6000,3838.8000,3839.2000,3839.4000,3839.6000,3840.0000,3,10,5,5,4,2,1,1,1,3
SF,IF2003,2019-12-02 09:33:13.100,3838.6000,15958,-3,382307580.000,5,1,4,多平,S,3837.8000,3837.6000,3837.4000,3836.6000,3836.0000,3838.6000,3838.8000,3839.2000,3839.4000,3839.6000,1,4,1,2,4,1,2,1,1,1
SF,IF2003,2019-12-02 09:33:13.600,3838.6000,15958,0,382307580.000,0,-,-,-,-,3836.6000,3836.0000,3835.0000,3834.4000,3834.0000,3838.4000,3838.6000,3838.8000,3839.2000,3839.4000,2,4,2,2,1,1,1,2,1,1
SF,IF2003,2019-12-02 09:33:14.100,3838.6000,15958,0,382307580.000,0,-,-,-,-,3837.2000,3836.8000,3836.6000,3836.0000,3835.0000,3838.2000,3838.4000,3838.6000,3838.8000,3839.0000,5,7,1,4,2,3,1,1,2,1
SF,IF2003,2019-12-02 09:33:14.600,3838.6000,15958,0,382307580.000,0,-,-,-,-,3837.4000,3837.2000,3836.8000,3836.6000,3836.0000,3838.0000,3838.2000,3838.4000,3838.6000,3838.8000,5,5,7,1,4,1,3,1,1,2
SF,IF2003,2019-12-02 09:33:15.100,3838.6000,15958,0,382307580.000,0,-,-,-,-,3836.8000,3836.0000,3835.8000,3835.0000,3834.4000,3837.8000,3838.0000,3838.2000,3838.4000,3838.6000,2,4,1,2,2,2,1,3,1,1
SF,IF2003,2019-12-02 09:33:15.600,3838.6000,15958,0,382307580.000,0,-,-,-,-,3836.0000,3835.8000,3835.0000,3834.4000,3834.0000,3836.8000,3837.8000,3838.0000,3838.2000,3838.4000,4,1,2,2,1,1,2,1,2,1
SF,IF2003,2019-12-02 09:33:16.100,3836.8000,15957,-1,383458620.000,1,0,1,双平,S,3837.0000,3836.8000,3836.6000,3836.2000,3836.0000,3837.8000,3838.2000,3838.8000,3839.0000,3839.6000,5,4,1,17,6,2,2,2,1,1
SF,IF2003,2019-12-02 09:33:16.600,3836.8000,15957,0,383458620.000,0,-,-,-,-,3837.2000,3837.0000,3836.8000,3836.2000,3836.0000,3837.8000,3838.2000,3838.8000,3839.0000,3839.6000,5,5,1,18,6,2,2,2,1,1
SF,IF2003,2019-12-02 09:33:17.100,3837.2000,15956,-1,385760820.000,2,0,2,多平,S,3837.4000,3837.2000,3837.0000,3836.8000,3836.2000,3837.8000,3838.2000,3838.8000,3839.0000,3839.6000,3,5,5,1,17,2,2,2,1,1
SF,IF2003,2019-12-02 09:33:17.600,3837.4000,15953,-3,389214420.000,3,0,3,双平,S,3837.6000,3836.8000,3836.2000,3836.0000,3835.8000,3837.8000,3838.2000,3838.8000,3839.0000,3839.6000,1,1,16,4,1,2,2,2,1,1
SF,IF2003,2019-12-02 09:33:18.100,3837.6000,15952,-1,390365700.000,1,0,1,双平,S,3836.2000,3836.0000,3835.8000,3835.0000,3834.4000,3837.4000,3837.6000,3837.8000,3838.2000,3838.8000,12,4,1,2,2,1,5,2,2,2
SF,IF2003,2019-12-02 09:33:18.600,3837.4000,15946,-6,397273080.000,6,0,6,双平,S,3837.6000,3837.4000,3836.4000,3836.2000,3836.0000,3837.8000,3838.2000,3838.8000,3839.0000,3839.6000,5,4,12,13,5,2,2,2,1,1
SF,IF2003,2019-12-02 09:33:19.100,3837.4000,15937,-9,407634360.000,9,0,9,双平,S,3836.4000,3836.2000,3836.0000,3835.8000,3835.0000,3837.6000,3837.8000,3838.2000,3838.8000,3839.0000,2,8,4,1,2,3,4,2,2,1
SF,IF2003,2019-12-02 09:33:19.600,3837.4000,15937,0,407634360.000,0,-,-,-,-,3836.6000,3836.4000,3836.2000,3836.0000,3835.8000,3837.6000,3837.8000,3838.2000,3838.8000,3839.0000,5,2,3,4,1,2,3,2,2,1
SF,IF2003,2019-12-02 09:33:20.100,3837.4000,15937,0,408785580.000,1,0,1,多换,S,3836.4000,3836.2000,3836.0000,3835.8000,3835.0000,3837.6000,3837.8000,3838.2000,3838.8000,3839.0000,2,3,4,1,2,2,3,2,2,1
SF,IF2003,2019-12-02 09:33:20.600,3837.4000,15937,0,408785580.000,0,-,-,-,-,3836.4000,3836.2000,3836.0000,3835.8000,3835.0000,3837.4000,3837.6000,3837.8000,3838.8000,3839.0000,2,1,4,1,2,3,2,3,2,1
SF,IF2003,2019-12-02 09:33:21.100,3837.4000,15937,0,408785580.000,0,-,-,-,-,3836.2000,3836.0000,3835.8000,3835.0000,3834.4000,3837.4000,3837.6000,3837.8000,3838.2000,3838.8000,1,4,1,2,2,3,2,3,1,2
SF,IF2003,2019-12-02 09:33:21.600,3837.4000,15937,0,408785580.000,0,-,-,-,-,3836.8000,3836.4000,3836.2000,3836.0000,3835.8000,3837.4000,3837.6000,3837.8000,3838.2000,3838.8000,1,10,1,4,1,3,2,3,1,2
SF,IF2003,2019-12-02 09:33:22.600,3837.4000,15936,-1,411087840.000,2,0,2,多平,S,3836.4000,3836.2000,3836.0000,3835.8000,3835.0000,3837.4000,3837.6000,3837.8000,3838.2000,3838.8000,3,1,4,1,2,2,2,3,1,2
SF,IF2003,2019-12-02 09:33:23.100,3837.4000,15936,0,411087840.000,0,-,-,-,-,3836.6000,3836.4000,3836.2000,3836.0000,3835.8000,3837.4000,3837.6000,3837.8000,3838.2000,3838.8000,1,3,1,4,1,2,2,3,1,2
SF,IF2003,2019-12-02 09:33:24.100,3836.6000,15936,0,412238820.000,1,0,1,多换,S,3836.4000,3836.2000,3836.0000,3835.8000,3835.0000,3837.4000,3837.6000,3837.8000,3838.2000,3839.0000,3,1,4,1,2,2,2,3,1,1
SF,IF2003,2019-12-02 09:33:24.600,3836.6000,15936,0,412238820.000,0,-,-,-,-,3836.2000,3836.0000,3835.8000,3835.0000,3834.4000,3837.4000,3837.8000,3838.2000,3839.0000,3840.0000,1,4,1,2,2,2,3,1,1,2
SF,IF2003,2019-12-02 09:33:25.100,3836.6000,15936,0,412238820.000,0,-,-,-,-,3836.4000,3836.2000,3836.0000,3835.8000,3835.0000,3837.4000,3837.8000,3838.2000,3839.0000,3840.0000,1,1,3,1,2,2,3,1,1,2
SF,IF2003,2019-12-02 09:33:25.600,3836.6000,15936,0,412238820.000,0,-,-,-,-,3836.4000,3836.2000,3836.0000,3835.8000,3835.0000,3837.2000,3837.4000,3837.8000,3838.2000,3839.0000,1,1,3,1,2,2,2,3,1,1
SF,IF2003,2019-12-02 09:33:26.100,3836.6000,15936,0,412238820.000,0,-,-,-,-,3836.6000,3836.4000,3836.2000,3836.0000,3835.8000,3837.2000,3837.4000,3837.8000,3838.2000,3839.0000,3,1,1,3,1,1,2,3,1,1
SF,IF2003,2019-12-02 09:33:26.600,3837.4000,15933,-3,415692420.000,3,0,3,双平,S,3837.4000,3837.2000,3837.0000,3836.8000,3836.6000,3837.8000,3838.2000,3839.0000,3840.0000,3841.0000,2,1,5,6,6,1,1,1,2,5
SF,IF2003,2019-12-02 09:33:27.100,3837.4000,15933,0,415692420.000,0,-,-,-,-,3837.0000,3836.8000,3836.6000,3836.0000,3835.8000,3837.8000,3838.2000,3839.0000,3840.0000,3841.0000,6,6,5,3,1,1,1,1,2,5
SF,IF2003,2019-12-02 09:33:27.600,3837.4000,15933,0,415692420.000,0,-,-,-,-,3837.0000,3836.8000,3836.6000,3836.0000,3835.8000,3837.8000,3838.2000,3839.0000,3840.0000,3841.0000,6,6,4,3,1,1,1,1,2,5
SF,IF2003,2019-12-02 09:33:28.100,3837.8000,15933,0,416843760.000,1,0,1,多换,S,3837.0000,3836.8000,3836.6000,3836.0000,3835.8000,3838.2000,3839.0000,3840.0000,3841.0000,3841.2000,6,6,4,3,1,1,1,2,5,1
SF,IF2003,2019-12-02 09:33:28.600,3837.8000,15933,0,416843760.000,0,-,-,-,-,3837.4000,3837.2000,3837.0000,3836.8000,3836.6000,3839.0000,3840.0000,3841.0000,3841.2000,3841.4000,5,4,6,6,4,1,2,5,1,1
SF,IF2003,2019-12-02 09:33:29.100,3837.8000,15933,0,416843760.000,0,-,-,-,-,3837.4000,3837.0000,3836.8000,3836.6000,3836.0000,3838.8000,3839.0000,3840.0000,3841.0000,3841.2000,5,6,6,4,3,4,2,2,5,1
SF,IF2003,2019-12-02 09:33:29.600,3837.8000,15933,0,416843760.000,0,-,-,-,-,3837.6000,3837.0000,3836.8000,3836.6000,3836.0000,3838.8000,3839.0000,3840.0000,3841.0000,3841.2000,1,6,6,4,3,4,2,2,5,1
SF,IF2003,2019-12-02 09:33:30.100,3838.8000,15932,-1,417995400.000,1,0,1,双平,S,3837.6000,3837.0000,3836.8000,3836.6000,3836.0000,3838.8000,3839.0000,3840.0000,3841.0000,3841.2000,1,6,6,4,3,3,2,2,5,1
SF,IF2003,2019-12-02 09:33:30.600,3838.8000,15932,0,417995400.000,0,-,-,-,-,3837.0000,3836.8000,3836.6000,3836.0000,3835.8000,3838.6000,3838.8000,3839.0000,3840.0000,3841.0000,6,6,4,3,1,1,3,2,2,5
SF,IF2003,2019-12-02 09:33:31.100,3838.8000,15932,0,417995400.000,0,-,-,-,-,3837.2000,3837.0000,3836.8000,3836.6000,3836.0000,3838.4000,3838.6000,3838.8000,3839.0000,3840.0000,3,6,6,2,3,3,2,1,2,2
SF,IF2003,2019-12-02 09:33:31.600,3838.8000,15932,0,417995400.000,0,-,-,-,-,3837.2000,3837.0000,3836.8000,3836.6000,3836.0000,3838.2000,3838.4000,3838.6000,3838.8000,3839.0000,2,6,6,2,3,1,3,2,2,2
SF,IF2003,2019-12-02 09:33:32.100,3838.8000,15932,0,417995400.000,0,-,-,-,-,3837.2000,3837.0000,3836.8000,3836.6000,3836.0000,3838.2000,3838.4000,3838.6000,3838.8000,3839.0000,2,6,6,2,3,2,3,2,1,2
SF,IF2003,2019-12-02 09:33:32.600,3838.8000,15932,0,417995400.000,0,-,-,-,-,3837.2000,3837.0000,3836.8000,3836.6000,3836.0000,3838.2000,3838.4000,3838.6000,3838.8000,3839.0000,2,6,6,2,3,2,3,1,2,2
SF,IF2003,2019-12-02 09:33:33.100,3838.8000,15932,0,417995400.000,0,-,-,-,-,3837.0000,3836.8000,3836.0000,3835.8000,3835.6000,3838.0000,3838.2000,3838.4000,3838.6000,3838.8000,1,1,3,1,1,3,2,1,1,2
SF,IF2003,2019-12-02 09:33:33.600,3838.8000,15932,0,417995400.000,0,-,-,-,-,3837.4000,3837.0000,3836.8000,3836.0000,3835.8000,3838.0000,3838.4000,3838.6000,3838.8000,3839.0000,1,1,1,3,1,4,1,1,2,2
SF,IF2003,2019-12-02 09:33:34.100,3837.4000,15931,-1,419146620.000,1,0,1,双平,S,3836.8000,3836.0000,3835.8000,3835.6000,3835.0000,3837.8000,3838.0000,3838.4000,3838.6000,3838.8000,1,3,1,1,2,1,3,1,1,2
SF,IF2003,2019-12-02 09:33:34.600,3837.4000,15931,0,419146620.000,0,-,-,-,-,3837.0000,3836.8000,3836.0000,3835.8000,3835.6000,3837.8000,3838.0000,3838.4000,3838.6000,3838.8000,2,1,3,1,1,1,2,1,1,2
SF,IF2003,2019-12-02 09:33:35.100,3837.4000,15931,0,419146620.000,0,-,-,-,-,3837.0000,3836.0000,3835.8000,3835.6000,3835.0000,3837.8000,3838.0000,3838.4000,3838.6000,3838.8000,2,3,1,1,2,1,2,1,1,2
SF,IF2003,2019-12-02 09:33:35.600,3837.4000,15931,0,419146620.000,0,-,-,-,-,3836.0000,3835.8000,3835.6000,3835.0000,3834.8000,3837.8000,3838.0000,3838.4000,3838.6000,3838.8000,3,1,1,2,1,1,2,1,1,2
SF,IF2003,2019-12-02 09:33:36.100,3837.4000,15931,0,419146620.000,0,-,-,-,-,3836.8000,3836.6000,3836.4000,3836.2000,3836.0000,3837.8000,3838.0000,3838.4000,3838.6000,3838.8000,5,5,5,8,4,1,2,1,1,2
SF,IF2003,2019-12-02 09:33:36.600,3837.4000,15931,0,419146620.000,0,-,-,-,-,3836.8000,3836.6000,3836.4000,3836.2000,3836.0000,3838.0000,3838.4000,3838.6000,3838.8000,3839.0000,5,5,5,8,4,2,1,1,1,3
SF,IF2003,2019-12-02 09:33:37.100,3838.0000,15929,-2,421449420.000,2,0,2,双平,S,3838.0000,3836.8000,3836.6000,3836.4000,3836.2000,3838.4000,3838.6000,3838.8000,3839.0000,3840.0000,18,5,5,5,7,1,1,1,3,2
SF,IF2003,2019-12-02 09:33:37.600,3838.4000,15916,-13,438720540.000,15,1,14,多平,S,3838.0000,3837.8000,3836.2000,3836.0000,3835.8000,3838.8000,3839.0000,3840.0000,3841.0000,3841.2000,4,3,5,4,1,2,3,2,4,1
SF,IF2003,2019-12-02 09:33:38.100,3838.0000,15912,-4,443326140.000,4,0,4,双平,S,3837.8000,3836.2000,3836.0000,3835.8000,3835.6000,3838.0000,3838.6000,3838.8000,3839.0000,3840.0000,3,5,4,1,1,2,9,2,3,2
SF,IF2003,2019-12-02 09:33:38.600,3837.8000,15913,1,444477480.000,1,1,0,双开,S,3837.8000,3836.2000,3836.0000,3835.8000,3835.6000,3838.6000,3838.8000,3839.0000,3839.6000,3840.0000,2,5,4,1,1,9,2,2,2,2
SF,IF2003,2019-12-02 09:33:39.100,3837.8000,15913,0,444477480.000,0,-,-,-,-,3837.8000,3836.8000,3836.2000,3836.0000,3835.8000,3838.4000,3838.6000,3838.8000,3839.0000,3839.6000,2,1,5,4,1,1,9,2,2,2
SF,IF2003,2019-12-02 09:33:39.600,3837.8000,15913,0,444477480.000,0,-,-,-,-,3837.8000,3836.8000,3836.2000,3836.0000,3835.8000,3838.2000,3838.6000,3838.8000,3839.0000,3839.6000,2,1,5,4,1,1,9,2,2,2
SF,IF2003,2019-12-02 09:33:40.100,3837.8000,15913,0,446780160.000,2,1,1,多换,S,3836.8000,3836.2000,3836.0000,3835.8000,3835.6000,3838.6000,3838.8000,3839.0000,3839.6000,3840.0000,1,5,4,1,1,9,2,2,2,2
SF,IF2003,2019-12-02 09:33:40.600,3837.8000,15913,0,446780160.000,0,-,-,-,-,3837.0000,3836.8000,3836.2000,3836.0000,3835.8000,3838.4000,3838.6000,3838.8000,3839.0000,3839.6000,6,1,1,4,1,1,7,2,2,2
SF,IF2003,2019-12-02 09:33:41.100,3837.8000,15913,0,446780160.000,0,-,-,-,-,3837.4000,3837.2000,3837.0000,3836.8000,3836.2000,3838.6000,3838.8000,3839.0000,3839.6000,3840.0000,5,7,6,1,1,1,2,2,2,2
SF,IF2003,2019-12-02 09:33:41.600,3837.8000,15913,0,446780160.000,0,-,-,-,-,3837.6000,3837.4000,3837.2000,3837.0000,3836.8000,3838.8000,3839.0000,3839.6000,3840.0000,3841.0000,8,5,5,1,1,2,2,2,2,2
SF,IF2003,2019-12-02 09:33:42.100,3837.8000,15913,0,446780160.000,0,-,-,-,-,3837.8000,3837.6000,3837.4000,3837.2000,3837.0000,3838.8000,3839.0000,3839.6000,3840.0000,3841.0000,4,4,5,5,1,2,2,2,2,2
SF,IF2003,2019-12-02 09:33:42.600,3837.8000,15913,0,446780160.000,0,-,-,-,-,3837.8000,3837.6000,3837.4000,3837.2000,3837.0000,3838.8000,3839.0000,3839.6000,3840.0000,3841.0000,4,5,5,5,1,2,1,2,2,2
SF,IF2003,2019-12-02 09:33:43.600,3837.8000,15913,0,446780160.000,0,-,-,-,-,3838.0000,3837.8000,3837.6000,3837.4000,3837.2000,3838.8000,3839.6000,3840.0000,3841.0000,3841.2000,2,4,4,5,5,2,2,2,2,1
SF,IF2003,2019-12-02 09:33:44.100,3837.8000,15913,0,446780160.000,0,-,-,-,-,3838.0000,3837.8000,3837.6000,3837.4000,3837.2000,3838.8000,3839.0000,3840.0000,3841.0000,3841.2000,1,4,3,5,5,2,1,2,2,1
SF,IF2003,2019-12-02 09:33:44.600,3839.0000,15911,-2,450235140.000,3,0,3,多平,S,3838.8000,3838.2000,3837.6000,3837.4000,3837.2000,3840.0000,3841.0000,3841.2000,3841.8000,3842.0000,2,2,1,5,5,2,2,1,3,2
SF,IF2003,2019-12-02 09:33:45.100,3839.0000,15911,0,450235140.000,0,-,-,-,-,3838.2000,3837.6000,3837.0000,3836.8000,3836.2000,3839.8000,3840.0000,3841.0000,3841.2000,3841.8000,2,1,1,1,1,4,3,2,1,3
SF,IF2003,2019-12-02 09:33:45.600,3839.8000,15910,-1,451387080.000,1,0,1,双平,S,3839.0000,3838.4000,3838.2000,3837.6000,3837.0000,3840.0000,3841.0000,3841.2000,3841.8000,3842.0000,3,5,2,1,1,3,2,1,3,2
SF,IF2003,2019-12-02 09:33:46.100,3839.8000,15910,0,451387080.000,0,-,-,-,-,3839.2000,3839.0000,3838.6000,3838.4000,3838.2000,3840.0000,3841.0000,3841.2000,3841.8000,3842.0000,1,3,5,2,2,2,2,1,3,2
SF,IF2003,2019-12-02 09:33:46.600,3839.8000,15910,0,451387080.000,0,-,-,-,-,3839.0000,3838.6000,3838.4000,3838.2000,3837.6000,3840.0000,3841.0000,3841.2000,3841.8000,3842.0000,3,5,2,2,1,2,2,1,3,2
SF,IF2003,2019-12-02 09:33:47.100,3839.8000,15910,0,451387080.000,0,-,-,-,-,3839.0000,3838.6000,3838.4000,3838.2000,3837.6000,3839.8000,3840.0000,3841.0000,3841.2000,3841.8000,1,5,2,2,1,1,2,2,1,3
SF,IF2003,2019-12-02 09:33:47.600,3839.8000,15910,0,451387080.000,0,-,-,-,-,3839.0000,3838.4000,3838.2000,3837.6000,3837.0000,3839.8000,3840.0000,3841.0000,3841.2000,3841.8000,1,2,2,1,4,2,2,2,1,3
SF,IF2003,2019-12-02 09:33:48.100,3839.8000,15910,0,451387080.000,0,-,-,-,-,3838.4000,3838.2000,3837.6000,3837.0000,3836.8000,3839.8000,3840.0000,3840.2000,3841.0000,3841.2000,2,2,1,4,1,4,2,1,2,1
SF,IF2003,2019-12-02 09:33:48.600,3839.8000,15911,1,452539020.000,1,1,0,双开,S,3838.6000,3838.4000,3838.2000,3837.6000,3837.0000,3839.8000,3840.0000,3840.2000,3841.0000,3841.2000,1,2,2,1,4,4,2,1,2,1
SF,IF2003,2019-12-02 09:33:49.100,3839.8000,15911,0,453690960.000,1,0,1,多换,S,3838.4000,3838.2000,3837.6000,3837.0000,3836.8000,3839.8000,3840.0000,3840.2000,3841.0000,3841.2000,2,2,1,4,1,3,2,1,2,1
SF,IF2003,2019-12-02 09:33:49.600,3839.8000,15911,0,453690960.000,0,-,-,-,-,3838.8000,3838.4000,3838.2000,3837.6000,3837.0000,3839.8000,3840.0000,3840.2000,3841.0000,3841.2000,2,2,2,1,4,3,2,1,2,1
SF,IF2003,2019-12-02 09:33:50.100,3839.8000,15911,0,453690960.000,0,-,-,-,-,3838.8000,3838.4000,3838.2000,3837.6000,3837.0000,3839.0000,3839.6000,3839.8000,3840.0000,3840.2000,2,2,2,1,4,1,8,3,2,1
SF,IF2003,2019-12-02 09:33:50.600,3839.0000,15911,0,454842660.000,1,0,1,多换,S,3838.8000,3838.4000,3838.2000,3837.6000,3837.0000,3839.6000,3839.8000,3840.0000,3840.2000,3841.0000,1,2,2,1,4,7,3,2,1,2
SF,IF2003,2019-12-02 09:33:51.100,3839.0000,15911,0,454842660.000,0,-,-,-,-,3838.8000,3838.4000,3838.2000,3837.6000,3837.0000,3839.6000,3839.8000,3840.0000,3840.2000,3841.0000,1,2,2,1,4,2,3,2,1,2
SF,IF2003,2019-12-02 09:33:52.100,3838.8000,15910,-1,455994300.000,1,0,1,双平,S,3838.4000,3838.2000,3837.6000,3837.0000,3836.8000,3839.4000,3839.6000,3839.8000,3840.0000,3840.2000,2,2,1,4,1,1,2,3,2,1
SF,IF2003,2019-12-02 09:33:52.600,3838.8000,15910,0,455994300.000,0,-,-,-,-,3838.4000,3838.2000,3837.6000,3837.0000,3836.8000,3839.4000,3839.6000,3839.8000,3840.0000,3840.2000,2,2,1,4,1,1,2,2,2,1
SF,IF2003,2019-12-02 09:33:53.100,3838.8000,15910,0,455994300.000,0,-,-,-,-,3838.2000,3837.0000,3836.8000,3836.2000,3836.0000,3839.2000,3839.4000,3839.6000,3839.8000,3840.0000,2,4,1,1,5,5,1,2,1,2
SF,IF2003,2019-12-02 09:33:53.600,3838.8000,15910,0,455994300.000,0,-,-,-,-,3838.4000,3838.2000,3837.6000,3837.0000,3836.8000,3839.4000,3839.6000,3839.8000,3840.0000,3840.2000,3,2,1,4,1,1,2,1,2,1
SF,IF2003,2019-12-02 09:33:54.100,3838.8000,15910,0,455994300.000,0,-,-,-,-,3838.4000,3838.2000,3837.6000,3837.0000,3836.8000,3839.4000,3839.6000,3839.8000,3840.0000,3840.2000,4,2,1,4,1,1,2,1,3,1
SF,IF2003,2019-12-02 09:33:54.600,3838.8000,15910,0,455994300.000,0,-,-,-,-,3838.2000,3837.6000,3837.0000,3836.8000,3836.2000,3839.2000,3839.4000,3839.6000,3839.8000,3840.0000,2,1,4,1,1,6,1,2,1,3
SF,IF2003,2019-12-02 09:33:55.100,3838.8000,15910,0,455994300.000,0,-,-,-,-,3838.6000,3838.2000,3837.0000,3836.8000,3836.2000,3839.0000,3839.2000,3839.4000,3839.6000,3840.0000,1,2,4,1,1,1,8,2,2,2
SF,IF2003,2019-12-02 09:33:55.600,3838.8000,15910,0,455994300.000,0,-,-,-,-,3838.2000,3837.0000,3836.8000,3836.2000,3836.0000,3839.0000,3839.2000,3839.4000,3839.6000,3840.0000,2,4,1,1,5,1,7,2,2,2
SF,IF2003,2019-12-02 09:33:56.100,3838.8000,15910,0,455994300.000,0,-,-,-,-,3838.2000,3837.0000,3836.8000,3836.2000,3836.0000,3838.8000,3839.0000,3839.2000,3839.4000,3839.6000,2,4,1,1,5,2,1,7,2,2
SF,IF2003,2019-12-02 09:33:58.100,3838.8000,15910,0,455994300.000,0,-,-,-,-,3838.2000,3837.0000,3836.8000,3836.2000,3836.0000,3838.8000,3839.0000,3839.2000,3839.4000,3839.6000,2,4,1,1,5,2,1,7,2,2
SF,IF2003,2019-12-02 09:33:59.100,3838.8000,15910,0,455994300.000,0,-,-,-,-,3838.2000,3837.0000,3836.8000,3836.2000,3836.0000,3838.8000,3839.0000,3839.2000,3839.4000,3839.6000,2,24,1,1,5,2,1,7,2,2
SF,IF2003,2019-12-02 09:34:00.100,3838.8000,15910,0,458297580.000,2,1,1,多换,S,3838.4000,3838.2000,3837.0000,3836.8000,3836.2000,3839.0000,3839.2000,3839.4000,3839.6000,3840.0000,1,2,24,1,1,1,7,2,2,2
SF,IF2003,2019-12-02 09:34:00.600,3839.0000,15909,-1,459449280.000,1,0,1,双平,S,3839.0000,3838.8000,3838.6000,3838.4000,3838.2000,3839.2000,3839.4000,3839.6000,3840.0000,3840.2000,3,2,1,2,2,1,2,2,2,1
SF,IF2003,2019-12-02 09:34:01.100,3839.0000,15907,-2,461752680.000,2,0,2,双平,S,3838.6000,3838.4000,3838.2000,3837.8000,3837.0000,3839.4000,3839.6000,3840.0000,3840.2000,3841.0000,1,2,2,1,24,1,2,2,1,2
SF,IF2003,2019-12-02 09:34:01.600,3839.0000,15907,0,461752680.000,0,-,-,-,-,3838.6000,3838.4000,3838.2000,3837.8000,3837.0000,3839.0000,3839.4000,3839.6000,3840.0000,3840.2000,1,2,2,1,24,3,1,2,2,1
SF,IF2003,2019-12-02 09:34:02.100,3838.4000,15904,-3,465207360.000,3,0,3,双平,S,3838.2000,3837.0000,3836.8000,3836.2000,3836.0000,3838.6000,3839.4000,3839.6000,3840.0000,3840.2000,2,24,1,1,5,2,1,2,2,1
SF,IF2003,2019-12-02 09:34:02.600,3838.4000,15904,0,465207360.000,0,-,-,-,-,3838.2000,3837.0000,3836.8000,3836.2000,3836.0000,3839.4000,3839.6000,3840.0000,3840.2000,3841.0000,2,24,1,1,5,1,2,2,1,2
SF,IF2003,2019-12-02 09:34:03.100,3839.4000,15905,1,467511000.000,2,1,1,空开,S,3838.2000,3837.0000,3836.8000,3836.2000,3836.0000,3839.6000,3840.0000,3840.2000,3841.0000,3841.2000,2,24,1,1,5,2,2,1,2,1
SF,IF2003,2019-12-02 09:34:03.600,3839.4000,15905,0,467511000.000,0,-,-,-,-,3838.2000,3837.0000,3836.8000,3836.2000,3836.0000,3838.6000,3839.4000,3839.6000,3840.0000,3840.2000,2,24,1,1,5,1,4,2,2,1
SF,IF2003,2019-12-02 09:34:04.100,3839.4000,15905,0,467511000.000,0,-,-,-,-,3838.2000,3837.0000,3836.8000,3836.2000,3836.0000,3838.6000,3839.0000,3839.2000,3839.4000,3839.6000,2,24,1,1,5,1,1,1,6,2
SF,IF2003,2019-12-02 09:34:04.600,3838.4000,15904,-1,468662520.000,1,0,1,双平,S,3838.2000,3837.0000,3836.8000,3836.2000,3836.0000,3838.6000,3839.2000,3839.4000,3839.6000,3840.0000,2,24,1,1,5,1,2,6,2,2
SF,IF2003,2019-12-02 09:34:05.600,3838.4000,15904,0,468662520.000,0,-,-,-,-,3838.4000,3838.2000,3837.0000,3836.8000,3836.2000,3838.6000,3839.2000,3839.4000,3839.6000,3840.0000,1,2,24,1,1,1,2,6,2,2
SF,IF2003,2019-12-02 09:34:06.100,3838.4000,15903,-1,469814040.000,1,0,1,双平,S,3838.2000,3837.0000,3836.8000,3836.2000,3836.0000,3838.6000,3839.2000,3839.4000,3839.6000,3840.0000,2,24,1,1,5,1,2,6,2,2
SF,IF2003,2019-12-02 09:34:07.100,3838.6000,15902,-1,470965620.000,1,0,1,双平,S,3838.4000,3838.2000,3837.6000,3837.0000,3836.8000,3839.2000,3839.4000,3839.6000,3840.0000,3840.2000,2,2,1,24,1,1,2,2,2,1
SF,IF2003,2019-12-02 09:34:07.600,3839.0000,15901,-1,477875460.000,6,2,4,多平,S,3838.2000,3837.0000,3836.8000,3836.2000,3836.0000,3839.0000,3839.2000,3839.4000,3839.6000,3840.0000,2,24,1,1,5,1,2,2,2,2
SF,IF2003,2019-12-02 09:34:08.100,3839.0000,15901,0,477875460.000,0,-,-,-,-,3838.2000,3837.0000,3836.8000,3836.2000,3836.0000,3839.2000,3839.4000,3839.6000,3840.0000,3840.2000,2,24,1,1,5,2,2,2,2,1
SF,IF2003,2019-12-02 09:34:08.600,3839.0000,15901,0,479027160.000,1,0,1,多换,S,3838.2000,3837.0000,3836.8000,3836.2000,3836.0000,3839.2000,3839.4000,3839.6000,3840.0000,3840.2000,2,24,1,1,5,2,2,2,2,1
SF,IF2003,2019-12-02 09:34:09.100,3839.0000,15901,0,479027160.000,0,-,-,-,-,3838.4000,3838.2000,3837.0000,3836.8000,3836.2000,3839.2000,3839.4000,3839.6000,3840.0000,3840.2000,1,2,24,1,1,2,2,2,2,1
SF,IF2003,2019-12-02 09:34:10.100,3839.0000,15901,0,479027160.000,0,-,-,-,-,3838.2000,3838.0000,3837.0000,3836.8000,3836.2000,3838.8000,3839.0000,3839.2000,3839.4000,3839.6000,2,1,24,1,1,1,5,1,1,2
SF,IF2003,2019-12-02 09:34:11.100,3839.0000,15901,0,479027160.000,0,-,-,-,-,3838.2000,3838.0000,3837.0000,3836.8000,3836.2000,3838.6000,3838.8000,3839.0000,3839.2000,3839.4000,2,1,24,1,1,1,1,4,1,1
SF,IF2003,2019-12-02 09:34:11.600,3838.2000,15901,0,481330080.000,2,1,1,多换,S,3838.0000,3837.0000,3836.8000,3836.2000,3836.0000,3838.2000,3838.6000,3838.8000,3839.0000,3839.2000,1,24,1,1,5,1,1,1,3,1
SF,IF2003,2019-12-02 09:34:12.100,3838.0000,15901,0,482481480.000,1,0,1,多换,S,3837.0000,3836.8000,3836.2000,3836.0000,3835.8000,3838.8000,3839.0000,3839.2000,3839.6000,3840.0000,24,1,1,5,1,1,3,1,2,2
SF,IF2003,2019-12-02 09:34:12.600,3838.0000,15901,0,482481480.000,0,-,-,-,-,3837.2000,3837.0000,3836.8000,3836.2000,3836.0000,3838.6000,3838.8000,3839.0000,3839.2000,3840.0000,1,25,1,1,5,4,1,3,1,2
SF,IF2003,2019-12-02 09:34:13.100,3837.2000,15901,0,484783800.000,2,1,1,多换,S,3837.0000,3836.0000,3835.8000,3835.6000,3835.0000,3838.4000,3838.6000,3838.8000,3839.0000,3839.2000,25,5,1,1,2,3,10,1,2,1
SF,IF2003,2019-12-02 09:34:13.600,3837.2000,15901,0,484783800.000,0,-,-,-,-,3837.0000,3836.0000,3835.8000,3835.6000,3835.0000,3838.2000,3838.4000,3838.6000,3838.8000,3839.0000,25,5,1,1,2,3,3,9,1,1
SF,IF2003,2019-12-02 09:34:14.100,3837.0000,15900,-1,487086000.000,2,0,2,多平,S,3837.0000,3836.0000,3835.8000,3835.6000,3835.0000,3838.0000,3838.2000,3838.4000,3838.6000,3838.8000,22,3,1,1,2,1,4,1,9,1
SF,IF2003,2019-12-02 09:34:14.600,3838.0000,15900,0,488237400.000,1,0,1,多换,S,3837.2000,3837.0000,3836.0000,3835.8000,3835.6000,3838.2000,3838.4000,3838.6000,3838.8000,3839.2000,8,22,3,1,1,3,1,2,1,1
SF,IF2003,2019-12-02 09:34:15.100,3838.0000,15900,0,488237400.000,0,-,-,-,-,3837.2000,3837.0000,3836.0000,3835.8000,3835.6000,3838.2000,3838.4000,3838.6000,3838.8000,3839.2000,8,22,3,1,1,1,1,2,1,1
SF,IF2003,2019-12-02 09:34:15.600,3838.0000,15900,0,488237400.000,0,-,-,-,-,3837.2000,3837.0000,3836.0000,3835.8000,3835.6000,3838.0000,3838.4000,3838.6000,3838.8000,3839.0000,7,22,3,1,1,1,1,2,1,1
SF,IF2003,2019-12-02 09:34:16.100,3838.0000,15900,0,489388800.000,1,0,1,多换,S,3837.2000,3837.0000,3836.0000,3835.8000,3835.6000,3838.4000,3838.6000,3838.8000,3839.0000,3839.2000,7,22,3,1,1,1,3,1,1,1
SF,IF2003,2019-12-02 09:34:16.600,3838.0000,15900,0,489388800.000,0,-,-,-,-,3838.4000,3837.4000,3837.2000,3837.0000,3836.8000,3838.6000,3838.8000,3839.0000,3839.2000,3839.8000,2,5,4,22,1,1,1,1,1,3
SF,IF2003,2019-12-02 09:34:17.100,3837.2000,15897,-3,492842700.000,3,0,3,双平,S,3837.2000,3837.0000,3836.8000,3836.0000,3835.8000,3838.8000,3839.0000,3839.2000,3839.8000,3840.0000,1,22,1,3,1,1,1,1,3,2
SF,IF2003,2019-12-02 09:34:17.600,3837.2000,15897,0,492842700.000,0,-,-,-,-,3837.4000,3837.2000,3837.0000,3836.8000,3836.0000,3838.8000,3839.0000,3839.2000,3839.8000,3840.0000,12,1,22,1,3,1,1,1,3,2
SF,IF2003,2019-12-02 09:34:18.100,3838.8000,15897,0,493994340.000,1,0,1,多换,S,3837.6000,3837.4000,3837.2000,3837.0000,3836.8000,3839.0000,3839.2000,3839.8000,3840.0000,3840.2000,1,12,1,22,1,1,1,3,2,1
SF,IF2003,2019-12-02 09:34:18.600,3838.8000,15897,0,493994340.000,0,-,-,-,-,3837.8000,3837.4000,3837.2000,3837.0000,3836.8000,3839.0000,3839.2000,3839.8000,3840.0000,3840.2000,3,11,1,22,1,1,1,3,2,1
SF,IF2003,2019-12-02 09:34:19.100,3838.8000,15897,0,493994340.000,0,-,-,-,-,3838.0000,3837.8000,3837.4000,3837.2000,3837.0000,3838.8000,3839.0000,3839.2000,3839.8000,3840.0000,4,3,7,1,22,3,1,1,3,2
SF,IF2003,2019-12-02 09:34:19.600,3838.0000,15896,-1,497449020.000,3,1,2,多平,S,3838.0000,3837.8000,3837.4000,3837.2000,3837.0000,3838.8000,3839.0000,3839.2000,3839.8000,3840.0000,3,1,7,1,22,1,1,1,3,2
SF,IF2003,2019-12-02 09:34:20.100,3839.0000,15897,1,499752360.000,2,1,1,空开,S,3838.2000,3838.0000,3837.8000,3837.4000,3837.2000,3839.2000,3839.8000,3840.0000,3840.2000,3840.6000,2,3,1,7,1,1,3,2,1,1
SF,IF2003,2019-12-02 09:34:20.600,3839.0000,15897,0,499752360.000,0,-,-,-,-,3839.0000,3838.4000,3838.2000,3838.0000,3837.8000,3839.8000,3840.0000,3840.2000,3841.0000,3841.2000,1,2,2,3,1,3,2,1,1,1
SF,IF2003,2019-12-02 09:34:21.100,3839.0000,15897,0,499752360.000,0,-,-,-,-,3838.4000,3838.2000,3837.4000,3837.2000,3837.0000,3838.8000,3839.6000,3839.8000,3840.0000,3840.2000,2,1,4,1,22,1,2,3,3,1
SF,IF2003,2019-12-02 09:34:21.600,3838.8000,15896,-1,500904000.000,1,0,1,双平,S,3839.0000,3838.8000,3838.6000,3838.4000,3838.2000,3839.6000,3839.8000,3840.0000,3840.2000,3841.0000,1,2,1,2,1,4,3,2,1,1
SF,IF2003,2019-12-02 09:34:22.100,3838.8000,15896,0,500904000.000,0,-,-,-,-,3839.2000,3838.8000,3838.6000,3838.4000,3838.2000,3839.6000,3839.8000,3840.0000,3840.2000,3841.0000,1,2,1,2,1,4,3,2,1,1
SF,IF2003,2019-12-02 09:34:22.600,3838.8000,15896,0,500904000.000,0,-,-,-,-,3838.8000,3838.6000,3838.4000,3837.6000,3837.4000,3839.6000,3839.8000,3840.0000,3840.2000,3841.0000,2,1,2,1,4,4,3,2,1,1
SF,IF2003,2019-12-02 09:34:23.100,3839.6000,15896,0,502055880.000,1,0,1,多换,S,3839.0000,3838.8000,3838.6000,3838.4000,3837.6000,3839.6000,3839.8000,3840.0000,3840.2000,3841.0000,1,1,1,2,1,2,3,2,1,1
SF,IF2003,2019-12-02 09:34:23.600,3839.6000,15895,-1,503207760.000,1,0,1,双平,S,3839.6000,3839.2000,3839.0000,3838.8000,3838.6000,3839.8000,3840.0000,3840.2000,3841.0000,3841.2000,1,2,1,6,1,3,2,1,1,1
SF,IF2003,2019-12-02 09:34:24.100,3839.8000,15897,2,506663580.000,3,2,1,空开,S,3839.8000,3839.2000,3839.0000,3838.8000,3837.6000,3840.0000,3840.2000,3841.0000,3841.2000,3841.8000,1,2,1,6,1,2,1,1,1,3
SF,IF2003,2019-12-02 09:34:24.600,3839.2000,15895,-2,508967340.000,2,0,2,双平,S,3839.2000,3839.0000,3838.8000,3837.6000,3837.4000,3840.0000,3840.2000,3841.0000,3841.2000,3841.8000,1,1,6,1,4,1,1,1,1,3
SF,IF2003,2019-12-02 09:34:25.100,3839.2000,15895,0,508967340.000,0,-,-,-,-,3839.4000,3839.2000,3839.0000,3838.8000,3837.6000,3840.0000,3840.2000,3841.0000,3841.2000,3841.8000,2,1,1,6,1,1,1,1,1,3
SF,IF2003,2019-12-02 09:34:26.100,3839.2000,15895,0,508967340.000,0,-,-,-,-,3839.4000,3839.2000,3839.0000,3838.8000,3838.6000,3840.0000,3841.0000,3841.2000,3841.8000,3842.0000,2,1,1,6,1,1,1,1,3,2
SF,IF2003,2019-12-02 09:34:26.600,3840.0000,15894,-1,510119340.000,1,0,1,双平,S,3839.4000,3839.2000,3839.0000,3838.8000,3838.6000,3841.0000,3841.2000,3841.8000,3842.0000,3842.4000,2,1,1,6,1,1,1,3,2,2
SF,IF2003,2019-12-02 09:34:27.100,3840.0000,15894,0,510119340.000,0,-,-,-,-,3839.4000,3839.2000,3839.0000,3838.8000,3838.6000,3840.8000,3841.0000,3841.2000,3841.8000,3842.0000,2,1,1,6,1,4,1,1,3,2
SF,IF2003,2019-12-02 09:34:27.600,3840.0000,15894,0,510119340.000,0,-,-,-,-,3839.4000,3839.0000,3838.8000,3838.6000,3837.6000,3840.4000,3840.8000,3841.0000,3841.2000,3841.8000,2,1,6,1,1,1,11,1,1,3
SF,IF2003,2019-12-02 09:34:28.100,3839.4000,15893,-1,512422980.000,2,0,2,多平,S,3839.0000,3838.8000,3838.6000,3837.6000,3837.4000,3840.2000,3840.4000,3840.8000,3841.0000,3841.2000,1,6,1,1,4,3,6,9,2,1
SF,IF2003,2019-12-02 09:34:28.600,3839.4000,15893,0,512422980.000,0,-,-,-,-,3839.0000,3838.8000,3838.6000,3837.6000,3837.4000,3840.0000,3840.2000,3840.4000,3840.6000,3840.8000,1,6,1,1,4,2,9,6,1,1
SF,IF2003,2019-12-02 09:34:29.100,3839.4000,15893,0,512422980.000,0,-,-,-,-,3838.8000,3837.6000,3837.4000,3837.2000,3837.0000,3839.8000,3840.0000,3840.2000,3840.4000,3840.8000,6,1,4,1,22,1,3,8,6,1
SF,IF2003,2019-12-02 09:34:29.600,3839.4000,15893,0,512422980.000,0,-,-,-,-,3839.0000,3838.8000,3837.6000,3837.4000,3837.2000,3839.8000,3840.0000,3840.2000,3840.4000,3841.0000,1,6,1,4,1,1,3,8,5,2
SF,IF2003,2019-12-02 09:34:30.100,3839.4000,15893,0,512422980.000,0,-,-,-,-,3839.0000,3838.8000,3837.6000,3837.4000,3837.2000,3840.0000,3840.2000,3840.4000,3841.0000,3841.2000,2,6,1,4,1,1,8,5,2,1
SF,IF2003,2019-12-02 09:34:30.600,3839.4000,15893,0,512422980.000,0,-,-,-,-,3839.0000,3838.8000,3837.6000,3837.4000,3837.2000,3840.2000,3840.4000,3841.0000,3841.2000,3841.8000,2,6,1,4,1,8,4,2,1,3
SF,IF2003,2019-12-02 09:34:31.100,3839.4000,15893,0,512422980.000,0,-,-,-,-,3839.0000,3838.8000,3837.6000,3837.4000,3837.2000,3840.2000,3840.4000,3841.0000,3841.2000,3841.8000,2,6,1,4,1,8,4,2,1,3
SF,IF2003,2019-12-02 09:34:31.600,3839.4000,15893,0,512422980.000,0,-,-,-,-,3839.0000,3838.8000,3837.6000,3837.4000,3837.2000,3840.0000,3840.2000,3840.4000,3841.0000,3841.2000,2,6,1,4,1,1,8,4,2,1
SF,IF2003,2019-12-02 09:34:32.100,3839.4000,15893,0,512422980.000,0,-,-,-,-,3839.2000,3839.0000,3838.8000,3838.4000,3837.6000,3840.2000,3840.4000,3841.0000,3841.2000,3841.8000,1,3,6,1,1,7,4,2,1,3
SF,IF2003,2019-12-02 09:34:32.600,3839.4000,15893,0,512422980.000,0,-,-,-,-,3839.2000,3839.0000,3838.8000,3838.4000,3837.6000,3840.0000,3840.2000,3840.4000,3841.0000,3841.2000,1,3,5,1,1,1,7,4,2,1
SF,IF2003,2019-12-02 09:34:33.100,3839.4000,15893,0,512422980.000,0,-,-,-,-,3839.2000,3839.0000,3838.8000,3838.4000,3837.6000,3841.0000,3841.2000,3841.8000,3842.0000,3842.4000,1,3,5,1,1,2,1,3,2,2
SF,IF2003,2019-12-02 09:34:33.600,3839.4000,15893,0,512422980.000,0,-,-,-,-,3839.0000,3838.8000,3838.4000,3837.6000,3837.4000,3840.6000,3840.8000,3841.0000,3841.2000,3841.8000,3,5,1,1,4,6,9,3,1,3
SF,IF2003,2019-12-02 09:34:34.100,3839.4000,15893,0,512422980.000,0,-,-,-,-,3839.2000,3839.0000,3838.8000,3838.4000,3837.6000,3840.0000,3840.4000,3840.8000,3841.0000,3841.2000,4,3,5,1,1,1,3,7,2,1
SF,IF2003,2019-12-02 09:34:34.600,3839.4000,15893,0,512422980.000,0,-,-,-,-,3839.0000,3838.8000,3838.4000,3837.6000,3837.4000,3839.8000,3840.0000,3840.4000,3840.8000,3841.0000,3,5,1,1,4,1,1,9,1,2
SF,IF2003,2019-12-02 09:34:35.100,3839.4000,15893,0,512422980.000,0,-,-,-,-,3839.0000,3838.8000,3838.4000,3837.6000,3837.4000,3839.8000,3840.0000,3840.4000,3840.8000,3841.0000,3,5,1,1,4,1,1,8,1,2
