市场代码,合约代码,时间,最新,持仓,增仓,成交额,成交量,开仓,平仓,成交类型,方向,买一价,买二价,买三价,买四价,买五价,卖一价,卖二价,卖三价,卖四价,卖五价,买一量,买二量,买三量,买四量,买五量,卖一量,卖二量,卖三量,卖四量,卖五量
SF,IF2012,2020-05-08 09:29:00.000,3791.8000,2596,0,2275080.000,2.000,-,-,-,-,3787.4000,3782.2000,3782.0000,3781.4000,3780.2000,3800.8000,3802.2000,3805.8000,3806.2000,3818.0000,1,1,1,1,1,1,1,1,3,3
SF,IF2012,2020-05-08 09:30:00.500,3791.8000,2596,0,2275080.000,0,-,-,-,-,3788.0000,3787.8000,3782.2000,3780.2000,3777.8000,3799.0000,3799.4000,3800.2000,3800.4000,3806.2000,1,1,1,1,1,1,2,1,8,3
SF,IF2012,2020-05-08 09:30:01.000,3791.8000,2596,0,2275080.000,0,-,-,-,-,3788.0000,3787.8000,3782.2000,3780.2000,3777.8000,3792.0000,3792.4000,3792.8000,3798.4000,3798.6000,1,1,1,1,1,1,1,1,1,8
SF,IF2012,2020-05-08 09:30:01.500,3791.8000,2596,0,2275080.000,0,-,-,-,-,3788.4000,3788.2000,3788.0000,3787.8000,3782.2000,3791.8000,3792.8000,3798.0000,3798.4000,3799.0000,7,1,1,1,1,1,1,1,1,1
SF,IF2012,2020-05-08 09:30:02.000,3791.8000,2596,0,3412620.000,1,0,1,多换,S,3791.6000,3788.4000,3788.0000,3787.8000,3782.2000,3797.0000,3798.0000,3799.0000,3800.0000,3800.2000,1,7,1,1,1,2,1,1,1,1
SF,IF2012,2020-05-08 09:30:02.500,3791.8000,2596,0,3412620.000,0,-,-,-,-,3791.8000,3791.6000,3788.4000,3788.0000,3787.8000,3795.8000,3797.0000,3798.0000,3799.0000,3800.0000,1,1,7,1,1,1,2,1,1,1
SF,IF2012,2020-05-08 09:30:03.000,3791.8000,2595,-1,4550160.000,1,0,1,双平,S,3792.4000,3788.4000,3788.0000,3787.8000,3783.0000,3796.4000,3799.0000,3800.0000,3800.2000,3811.6000,2,7,1,1,1,1,1,1,1,1
SF,IF2012,2020-05-08 09:30:03.500,3791.8000,2595,0,5687700.000,1,0,1,多换,S,3792.4000,3792.0000,3788.4000,3788.0000,3787.8000,3796.2000,3796.4000,3799.0000,3800.0000,3811.6000,1,1,7,1,1,1,1,1,1,1
SF,IF2012,2020-05-08 09:30:04.000,3791.8000,2595,0,5687700.000,0,-,-,-,-,3792.4000,3788.4000,3788.0000,3787.8000,3783.0000,3796.0000,3796.2000,3796.4000,3799.0000,3800.0000,1,7,1,1,1,1,1,1,1,1
SF,IF2012,2020-05-08 09:30:04.500,3791.8000,2595,0,5687700.000,0,-,-,-,-,3793.0000,3792.4000,3788.4000,3788.0000,3787.8000,3795.8000,3796.0000,3796.4000,3799.0000,3800.0000,1,1,7,1,1,1,1,1,1,1
SF,IF2012,2020-05-08 09:30:05.000,3793.0000,2595,0,6825600.000,1,0,1,多换,S,3792.8000,3792.4000,3788.0000,3787.8000,3783.0000,3795.8000,3796.4000,3799.0000,3800.0000,3811.6000,7,1,1,1,1,1,1,1,1,1
SF,IF2012,2020-05-08 09:30:05.500,3793.0000,2595,0,6825600.000,0,-,-,-,-,3788.0000,3787.8000,3783.0000,3782.2000,3781.0000,3795.8000,3796.4000,3800.0000,3811.6000,3818.0000,1,1,1,1,1,1,1,1,1,3
SF,IF2012,2020-05-08 09:30:06.000,3793.0000,2595,0,6825600.000,0,-,-,-,-,3793.0000,3788.4000,3788.2000,3788.0000,3787.8000,3796.4000,3800.0000,3811.6000,3818.0000,3829.0000,1,7,1,1,1,1,1,1,3,1
SF,IF2012,2020-05-08 09:30:06.500,3793.0000,2595,0,7963500.000,1,0,1,多换,S,3791.2000,3788.4000,3788.2000,3788.0000,3787.8000,3795.0000,3796.2000,3796.4000,3800.0000,3811.6000,2,7,1,1,1,1,1,1,1,1
SF,IF2012,2020-05-08 09:30:07.000,3793.0000,2595,0,7963500.000,0,-,-,-,-,3792.0000,3791.6000,3791.4000,3788.0000,3787.8000,3795.0000,3796.4000,3800.0000,3811.6000,3818.0000,2,7,1,1,1,1,1,1,1,3
SF,IF2012,2020-05-08 09:30:07.500,3793.0000,2595,0,7963500.000,0,-,-,-,-,3792.4000,3792.0000,3791.4000,3788.0000,3787.8000,3795.0000,3796.4000,3800.0000,3811.6000,3818.0000,7,3,1,1,1,1,1,1,1,3
SF,IF2012,2020-05-08 09:30:08.000,3793.0000,2595,0,7963500.000,0,-,-,-,-,3792.0000,3791.4000,3788.0000,3787.8000,3783.0000,3795.0000,3796.4000,3800.0000,3811.6000,3818.0000,3,1,1,1,1,1,1,1,1,3
SF,IF2012,2020-05-08 09:30:08.500,3793.0000,2595,0,7963500.000,0,-,-,-,-,3793.0000,3792.0000,3788.0000,3787.8000,3783.0000,3794.8000,3795.0000,3796.4000,3800.0000,3811.6000,1,2,1,1,1,1,1,1,1,1
SF,IF2012,2020-05-08 09:30:09.000,3793.0000,2595,0,7963500.000,0,-,-,-,-,3792.0000,3788.0000,3787.8000,3783.0000,3782.2000,3794.8000,3796.4000,3797.4000,3800.0000,3811.6000,2,1,1,1,1,1,1,2,1,1
SF,IF2012,2020-05-08 09:30:10.000,3794.8000,2594,-1,9101940.000,1,0,1,双平,S,3792.6000,3792.2000,3792.0000,3788.0000,3787.8000,3796.4000,3797.4000,3800.0000,3811.6000,3818.0000,1,7,2,1,1,1,2,1,1,3
SF,IF2012,2020-05-08 09:30:10.500,3794.8000,2594,0,9101940.000,0,-,-,-,-,3792.8000,3792.6000,3792.2000,3792.0000,3788.0000,3796.4000,3797.4000,3800.0000,3811.6000,3818.0000,2,1,7,2,1,1,2,1,1,3
SF,IF2012,2020-05-08 09:30:11.000,3794.8000,2594,0,9101940.000,0,-,-,-,-,3793.2000,3792.8000,3792.6000,3788.0000,3787.8000,3795.6000,3796.4000,3797.4000,3800.0000,3811.6000,1,11,1,1,1,1,1,2,1,1
SF,IF2012,2020-05-08 09:30:11.500,3795.6000,2594,0,10240620.000,1,0,1,多换,S,3793.4000,3793.2000,3792.8000,3792.6000,3788.0000,3796.4000,3797.4000,3800.0000,3811.6000,3818.0000,3,3,7,1,1,1,2,1,1,3
SF,IF2012,2020-05-08 09:30:12.000,3795.6000,2594,0,10240620.000,0,-,-,-,-,3793.6000,3793.4000,3793.2000,3788.0000,3787.8000,3797.4000,3800.0000,3811.6000,3818.0000,3829.0000,7,4,3,1,1,2,1,1,3,1
SF,IF2012,2020-05-08 09:30:12.500,3795.6000,2594,0,10240620.000,0,-,-,-,-,3793.6000,3793.4000,3793.2000,3788.0000,3787.8000,3796.6000,3797.2000,3800.0000,3811.6000,3818.0000,2,1,2,1,1,1,1,1,1,3
SF,IF2012,2020-05-08 09:30:13.000,3795.6000,2594,0,10240620.000,0,-,-,-,-,3794.0000,3793.8000,3793.2000,3787.8000,3783.0000,3796.6000,3800.0000,3811.6000,3818.0000,3829.0000,4,8,1,1,1,1,1,1,3,1
SF,IF2012,2020-05-08 09:30:13.500,3795.6000,2594,0,10240620.000,0,-,-,-,-,3797.4000,3794.4000,3794.2000,3794.0000,3793.0000,3800.0000,3811.6000,3818.0000,3829.0000,3844.0000,1,1,9,2,1,1,1,3,1,1
SF,IF2012,2020-05-08 09:30:14.000,3795.6000,2594,0,10240620.000,0,-,-,-,-,3797.4000,3794.4000,3794.2000,3794.0000,3793.0000,3798.6000,3799.4000,3799.8000,3800.0000,3811.6000,1,1,8,2,1,1,1,1,1,1
SF,IF2012,2020-05-08 09:30:14.500,3795.6000,2594,0,10240620.000,0,-,-,-,-,3797.4000,3794.4000,3794.2000,3794.0000,3793.0000,3798.4000,3798.6000,3799.4000,3800.0000,3811.6000,1,1,8,1,1,1,1,1,1,1
SF,IF2012,2020-05-08 09:30:15.000,3797.4000,2594,0,11379840.000,1,0,1,多换,S,3794.4000,3794.2000,3794.0000,3793.0000,3787.8000,3797.4000,3798.4000,3798.6000,3799.4000,3800.0000,1,8,1,1,1,2,1,1,1,1
SF,IF2012,2020-05-08 09:30:15.500,3797.4000,2594,0,12519060.000,1,0,1,多换,S,3794.8000,3794.6000,3794.4000,3794.2000,3794.0000,3797.4000,3798.6000,3799.4000,3800.0000,3811.6000,7,1,1,1,1,1,1,1,1,1
SF,IF2012,2020-05-08 09:30:16.000,3797.4000,2594,0,13658280.000,1,0,1,多换,S,3795.0000,3794.8000,3794.4000,3794.0000,3793.0000,3797.4000,3800.0000,3811.6000,3818.0000,3829.0000,1,7,1,1,1,1,1,1,3,1
SF,IF2012,2020-05-08 09:30:16.500,3797.4000,2594,0,13658280.000,0,-,-,-,-,3795.4000,3795.0000,3794.4000,3793.0000,3787.8000,3797.4000,3800.0000,3811.6000,3818.0000,3829.0000,8,1,1,1,1,1,1,1,3,1
SF,IF2012,2020-05-08 09:30:17.000,3797.4000,2594,0,13658280.000,0,-,-,-,-,3795.6000,3795.4000,3794.4000,3793.0000,3787.8000,3797.4000,3800.0000,3811.6000,3818.0000,3829.0000,1,8,1,1,1,1,1,1,3,1
SF,IF2012,2020-05-08 09:30:17.500,3797.4000,2594,0,14797500.000,1,0,1,多换,S,3796.0000,3795.6000,3795.4000,3794.4000,3793.0000,3800.0000,3811.6000,3818.0000,3829.0000,3844.0000,7,1,1,1,1,1,1,3,1,1
SF,IF2012,2020-05-08 09:30:18.000,3797.4000,2594,0,14797500.000,0,-,-,-,-,3796.0000,3795.6000,3795.4000,3794.4000,3793.0000,3799.8000,3800.0000,3811.6000,3818.0000,3829.0000,7,1,1,1,1,1,1,1,3,1
SF,IF2012,2020-05-08 09:30:18.500,3797.4000,2594,0,14797500.000,0,-,-,-,-,3796.0000,3795.2000,3794.4000,3793.0000,3787.8000,3799.8000,3800.0000,3811.6000,3818.0000,3829.0000,7,1,1,1,1,1,1,1,3,1
SF,IF2012,2020-05-08 09:30:19.000,3797.4000,2594,0,14797500.000,0,-,-,-,-,3796.2000,3796.0000,3795.2000,3793.0000,3787.8000,3799.8000,3800.0000,3811.6000,3818.0000,3829.0000,1,7,1,1,1,1,1,1,3,1
SF,IF2012,2020-05-08 09:30:19.500,3797.4000,2594,0,14797500.000,0,-,-,-,-,3796.6000,3796.2000,3793.0000,3787.8000,3783.0000,3799.8000,3800.0000,3811.6000,3818.0000,3829.0000,7,1,1,1,1,1,1,1,3,1
SF,IF2012,2020-05-08 09:30:20.000,3797.4000,2594,0,14797500.000,0,-,-,-,-,3796.0000,3787.8000,3783.0000,3782.2000,3781.0000,3799.2000,3799.6000,3799.8000,3800.0000,3811.6000,1,1,1,1,1,1,1,1,1,1
SF,IF2012,2020-05-08 09:30:20.500,3797.4000,2594,0,14797500.000,0,-,-,-,-,3796.8000,3796.0000,3787.8000,3783.0000,3782.2000,3799.6000,3799.8000,3800.0000,3811.6000,3818.0000,7,1,1,1,1,1,1,1,1,3
SF,IF2012,2020-05-08 09:30:21.000,3797.4000,2594,0,14797500.000,0,-,-,-,-,3796.0000,3787.8000,3783.0000,3782.2000,3781.0000,3799.4000,3799.6000,3800.0000,3811.6000,3818.0000,1,1,1,1,1,1,1,1,1,3
SF,IF2012,2020-05-08 09:30:21.500,3797.4000,2594,0,14797500.000,0,-,-,-,-,3796.4000,3796.0000,3787.8000,3783.0000,3782.2000,3799.4000,3799.6000,3800.0000,3811.6000,3818.0000,7,1,1,1,1,1,1,1,1,3
SF,IF2012,2020-05-08 09:30:22.000,3797.4000,2594,0,14797500.000,0,-,-,-,-,3796.8000,3796.4000,3796.0000,3787.8000,3783.0000,3799.4000,3799.6000,3800.0000,3811.6000,3818.0000,1,7,1,1,1,1,1,1,1,3
SF,IF2012,2020-05-08 09:30:23.000,3797.4000,2594,0,14797500.000,0,-,-,-,-,3796.8000,3796.4000,3796.0000,3787.8000,3783.0000,3799.4000,3800.0000,3811.6000,3818.0000,3829.0000,1,7,1,1,1,1,1,1,3,1
SF,IF2012,2020-05-08 09:30:23.500,3797.4000,2594,0,14797500.000,0,-,-,-,-,3796.4000,3796.0000,3787.8000,3783.0000,3782.2000,3799.2000,3799.4000,3800.0000,3811.6000,3818.0000,7,1,1,1,1,1,1,1,1,3
SF,IF2012,2020-05-08 09:30:24.000,3797.4000,2594,0,14797500.000,0,-,-,-,-,3797.0000,3796.0000,3787.8000,3783.0000,3782.2000,3799.0000,3799.2000,3800.0000,3811.6000,3818.0000,7,1,1,1,1,1,1,1,1,3
SF,IF2012,2020-05-08 09:30:25.000,3797.4000,2594,0,14797500.000,0,-,-,-,-,3796.0000,3787.8000,3783.0000,3782.2000,3781.0000,3799.0000,3799.2000,3800.0000,3811.6000,3818.0000,1,1,1,1,1,1,1,1,1,3
SF,IF2012,2020-05-08 09:30:25.500,3797.4000,2594,0,14797500.000,0,-,-,-,-,3796.4000,3796.0000,3787.8000,3783.0000,3782.2000,3799.0000,3799.2000,3800.0000,3811.6000,3818.0000,7,1,1,1,1,1,1,1,1,3
SF,IF2012,2020-05-08 09:30:26.000,3797.4000,2594,0,14797500.000,0,-,-,-,-,3796.0000,3787.8000,3783.0000,3782.2000,3781.0000,3799.0000,3800.0000,3811.6000,3818.0000,3829.0000,1,1,1,1,1,1,1,1,3,1
SF,IF2012,2020-05-08 09:30:26.500,3797.4000,2594,0,14797500.000,0,-,-,-,-,3796.8000,3796.0000,3787.8000,3783.0000,3782.2000,3798.8000,3799.0000,3800.0000,3811.6000,3818.0000,7,1,1,1,1,1,1,1,1,3
SF,IF2012,2020-05-08 09:30:27.000,3797.4000,2594,0,14797500.000,0,-,-,-,-,3796.0000,3787.8000,3783.0000,3782.2000,3781.0000,3798.6000,3798.8000,3800.0000,3811.6000,3818.0000,1,1,1,1,1,1,1,1,1,3
SF,IF2012,2020-05-08 09:30:27.500,3797.0000,2593,-1,15936600.000,1,0,1,双平,S,3797.0000,3796.0000,3787.8000,3783.0000,3782.2000,3798.6000,3798.8000,3800.0000,3811.6000,3818.0000,6,1,1,1,1,1,1,1,1,3
SF,IF2012,2020-05-08 09:30:29.000,3797.0000,2593,0,15936600.000,0,-,-,-,-,3796.0000,3787.8000,3783.0000,3782.2000,3781.0000,3798.6000,3798.8000,3800.0000,3811.6000,3818.0000,1,1,1,1,1,1,1,1,1,3
SF,IF2012,2020-05-08 09:30:29.500,3797.0000,2593,0,15936600.000,0,-,-,-,-,3796.4000,3796.0000,3787.8000,3783.0000,3782.2000,3798.6000,3798.8000,3800.0000,3811.6000,3818.0000,6,1,1,1,1,1,1,1,1,3
SF,IF2012,2020-05-08 09:30:30.000,3796.4000,2593,0,17075520.000,1,0,1,多换,S,3796.0000,3787.8000,3783.0000,3782.2000,3781.0000,3798.8000,3800.0000,3811.6000,3818.0000,3829.0000,1,1,1,1,1,1,1,1,3,1
SF,IF2012,2020-05-08 09:30:30.500,3796.0000,2593,0,18214320.000,1,0,1,多换,S,3787.8000,3783.0000,3782.2000,3781.0000,3777.8000,3798.4000,3798.8000,3800.0000,3811.6000,3818.0000,1,1,1,1,1,2,1,1,1,3
SF,IF2012,2020-05-08 09:30:31.000,3796.0000,2593,0,18214320.000,0,-,-,-,-,3788.2000,3788.0000,3783.0000,3782.2000,3781.0000,3798.4000,3798.8000,3800.0000,3811.6000,3818.0000,5,1,1,1,1,1,1,1,1,3
SF,IF2012,2020-05-08 09:30:31.500,3796.0000,2593,0,18214320.000,0,-,-,-,-,3796.4000,3788.4000,3788.2000,3783.0000,3782.2000,3797.8000,3800.0000,3811.6000,3818.0000,3829.0000,1,1,5,1,1,1,1,1,3,1
SF,IF2012,2020-05-08 09:30:32.000,3796.0000,2593,0,18214320.000,0,-,-,-,-,3796.4000,3792.2000,3788.4000,3788.2000,3783.0000,3797.6000,3797.8000,3798.0000,3800.0000,3811.6000,1,1,1,5,1,1,1,1,1,1
SF,IF2012,2020-05-08 09:30:32.500,3797.6000,2592,-1,19353600.000,1,0,1,双平,S,3796.4000,3793.2000,3792.6000,3792.2000,3788.4000,3797.8000,3798.0000,3800.0000,3811.6000,3818.0000,1,1,2,1,1,1,1,1,1,3
SF,IF2012,2020-05-08 09:30:33.000,3796.4000,2591,-1,20492520.000,1,0,1,双平,S,3793.2000,3792.6000,3792.2000,3788.4000,3788.2000,3797.6000,3798.0000,3800.0000,3811.6000,3829.0000,1,2,1,1,5,1,1,1,1,1
SF,IF2012,2020-05-08 09:30:33.500,3796.4000,2591,0,20492520.000,0,-,-,-,-,3793.6000,3793.4000,3793.2000,3792.6000,3792.2000,3798.0000,3800.0000,3811.6000,3829.0000,3844.0000,5,1,1,2,1,1,1,1,1,1
SF,IF2012,2020-05-08 09:30:34.000,3796.4000,2591,0,20492520.000,0,-,-,-,-,3793.8000,3793.6000,3793.2000,3792.6000,3792.2000,3797.4000,3798.0000,3800.0000,3811.6000,3829.0000,1,5,1,2,1,1,1,1,1,1
SF,IF2012,2020-05-08 09:30:34.500,3796.4000,2591,0,20492520.000,0,-,-,-,-,3794.4000,3794.2000,3793.8000,3792.6000,3792.2000,3797.4000,3798.0000,3800.0000,3811.6000,3829.0000,2,5,1,1,1,1,1,1,1,1
SF,IF2012,2020-05-08 09:30:35.000,3796.4000,2591,0,20492520.000,0,-,-,-,-,3794.8000,3794.4000,3792.6000,3792.2000,3783.0000,3797.2000,3797.4000,3798.0000,3800.0000,3811.6000,5,2,1,1,1,2,1,1,1,1
SF,IF2012,2020-05-08 09:30:35.500,3796.4000,2591,0,20492520.000,0,-,-,-,-,3794.4000,3792.6000,3792.2000,3783.0000,3782.2000,3797.2000,3798.0000,3800.0000,3811.6000,3829.0000,2,1,1,1,1,2,1,1,1,1
SF,IF2012,2020-05-08 09:30:36.000,3796.4000,2591,0,20492520.000,0,-,-,-,-,3794.4000,3792.6000,3792.2000,3783.0000,3782.2000,3796.8000,3797.2000,3798.0000,3800.0000,3811.6000,2,1,1,1,1,1,2,1,1,1
SF,IF2012,2020-05-08 09:30:36.500,3796.4000,2591,0,20492520.000,0,-,-,-,-,3794.4000,3792.6000,3792.2000,3783.0000,3782.2000,3796.6000,3796.8000,3797.2000,3798.0000,3800.0000,2,1,1,1,1,1,1,1,1,1
SF,IF2012,2020-05-08 09:30:37.000,3796.4000,2591,0,20492520.000,0,-,-,-,-,3792.6000,3792.2000,3783.0000,3782.2000,3781.0000,3796.6000,3796.8000,3797.2000,3798.0000,3800.0000,1,1,1,1,1,1,1,1,1,1
SF,IF2012,2020-05-08 09:30:37.500,3796.4000,2591,0,20492520.000,0,-,-,-,-,3793.0000,3792.8000,3792.6000,3783.0000,3782.2000,3796.4000,3798.0000,3800.0000,3811.6000,3829.0000,6,1,1,1,1,1,1,1,1,1
SF,IF2012,2020-05-08 09:30:38.000,3796.4000,2591,0,20492520.000,0,-,-,-,-,3793.2000,3793.0000,3792.6000,3783.0000,3782.2000,3796.4000,3798.0000,3800.0000,3811.6000,3829.0000,1,6,1,1,1,1,1,1,1,1
SF,IF2012,2020-05-08 09:30:38.500,3796.4000,2591,0,20492520.000,0,-,-,-,-,3793.6000,3793.2000,3792.6000,3783.0000,3782.2000,3796.4000,3798.0000,3800.0000,3811.6000,3829.0000,6,1,1,1,1,1,1,1,1,1
SF,IF2012,2020-05-08 09:30:39.000,3796.4000,2591,0,20492520.000,0,-,-,-,-,3793.8000,3793.6000,3792.6000,3783.0000,3782.2000,3796.4000,3798.0000,3800.0000,3811.6000,3829.0000,2,6,1,1,1,1,1,1,1,1
SF,IF2012,2020-05-08 09:30:39.500,3796.4000,2591,0,20492520.000,0,-,-,-,-,3794.0000,3793.8000,3792.6000,3783.0000,3782.2000,3796.4000,3798.0000,3800.0000,3811.6000,3829.0000,6,2,1,1,1,1,1,1,1,1
SF,IF2012,2020-05-08 09:30:40.000,3796.4000,2591,0,20492520.000,0,-,-,-,-,3794.0000,3793.8000,3792.6000,3783.0000,3782.2000,3798.0000,3800.0000,3811.6000,3829.0000,3844.0000,6,2,1,1,1,1,1,1,1,1
SF,IF2012,2020-05-08 09:30:40.500,3796.4000,2591,0,20492520.000,0,-,-,-,-,3794.2000,3794.0000,3793.8000,3792.6000,3783.0000,3797.0000,3797.8000,3798.0000,3800.0000,3811.6000,1,6,1,1,1,1,1,1,1,1
SF,IF2012,2020-05-08 09:30:41.000,3796.4000,2591,0,20492520.000,0,-,-,-,-,3794.2000,3794.0000,3793.8000,3792.6000,3783.0000,3797.0000,3797.8000,3798.0000,3800.0000,3811.6000,1,6,1,1,1,2,1,1,1,1
SF,IF2012,2020-05-08 09:30:41.500,3796.4000,2591,0,20492520.000,0,-,-,-,-,3794.4000,3794.2000,3794.0000,3792.6000,3783.0000,3797.0000,3797.8000,3798.0000,3800.0000,3811.6000,1,1,6,1,1,2,1,1,1,1
SF,IF2012,2020-05-08 09:30:42.000,3796.4000,2591,0,20492520.000,0,-,-,-,-,3794.4000,3794.0000,3792.6000,3783.0000,3782.2000,3796.6000,3796.8000,3797.0000,3798.0000,3800.0000,1,6,1,1,1,1,2,1,1,1
SF,IF2012,2020-05-08 09:30:42.500,3796.4000,2591,0,20492520.000,0,-,-,-,-,3794.0000,3792.6000,3783.0000,3782.2000,3781.0000,3796.4000,3796.6000,3796.8000,3797.0000,3798.0000,6,1,1,1,1,1,1,1,1,1
SF,IF2012,2020-05-08 09:30:43.000,3796.4000,2591,0,20492520.000,0,-,-,-,-,3794.0000,3792.6000,3783.0000,3782.2000,3781.0000,3796.4000,3796.6000,3796.8000,3797.0000,3798.0000,6,1,1,1,1,2,1,1,1,1
SF,IF2012,2020-05-08 09:30:43.500,3796.4000,2591,0,20492520.000,0,-,-,-,-,3794.0000,3792.6000,3783.0000,3782.2000,3781.0000,3796.2000,3796.4000,3796.8000,3797.0000,3798.0000,6,1,1,1,1,1,2,1,1,1
SF,IF2012,2020-05-08 09:30:44.000,3796.4000,2591,0,20492520.000,0,-,-,-,-,3792.6000,3783.0000,3782.2000,3781.0000,3777.8000,3796.0000,3796.2000,3796.4000,3796.8000,3797.0000,1,1,1,1,1,2,1,1,1,1
SF,IF2012,2020-05-08 09:30:44.500,3793.0000,2590,-1,21630420.000,1,0,1,双平,S,3793.0000,3792.6000,3783.0000,3782.2000,3781.0000,3796.0000,3796.2000,3796.4000,3796.8000,3797.0000,5,1,1,1,1,2,1,1,1,1
SF,IF2012,2020-05-08 09:30:45.000,3793.0000,2590,0,21630420.000,0,-,-,-,-,3793.0000,3783.0000,3782.2000,3781.0000,3777.8000,3796.0000,3796.4000,3797.0000,3798.0000,3800.0000,5,1,1,1,1,2,1,1,1,1
SF,IF2012,2020-05-08 09:30:45.500,3793.0000,2590,0,21630420.000,0,-,-,-,-,3793.0000,3783.0000,3782.2000,3781.0000,3777.8000,3795.4000,3796.0000,3796.4000,3797.0000,3798.0000,5,1,1,1,1,1,2,1,1,1
SF,IF2012,2020-05-08 09:30:46.500,3795.4000,2591,1,22769040.000,1,1,0,双开,S,3793.4000,3793.0000,3783.0000,3782.2000,3781.0000,3796.0000,3796.4000,3797.0000,3798.0000,3800.0000,1,6,1,1,1,2,1,1,1,1
SF,IF2012,2020-05-08 09:30:47.000,3795.4000,2591,0,22769040.000,0,-,-,-,-,3793.4000,3793.2000,3793.0000,3783.0000,3782.2000,3796.0000,3796.4000,3797.0000,3798.0000,3800.0000,1,1,5,1,1,2,1,1,1,1
SF,IF2012,2020-05-08 09:30:48.000,3795.4000,2591,0,22769040.000,0,-,-,-,-,3793.4000,3793.2000,3793.0000,3783.0000,3782.2000,3796.0000,3797.0000,3798.0000,3800.0000,3811.6000,1,1,5,1,1,2,1,1,1,1
SF,IF2012,2020-05-08 09:30:48.500,3795.4000,2591,0,22769040.000,0,-,-,-,-,3793.4000,3793.0000,3783.0000,3782.2000,3781.0000,3796.0000,3797.0000,3798.0000,3800.0000,3811.6000,1,5,1,1,1,1,1,1,1,1
SF,IF2012,2020-05-08 09:30:49.000,3795.4000,2591,0,22769040.000,0,-,-,-,-,3793.0000,3783.0000,3782.2000,3781.0000,3777.8000,3795.8000,3796.0000,3797.0000,3798.0000,3800.0000,5,1,1,1,1,1,1,1,1,1
SF,IF2012,2020-05-08 09:30:49.500,3795.4000,2591,0,22769040.000,0,-,-,-,-,3793.0000,3783.0000,3782.2000,3781.0000,3777.8000,3795.6000,3795.8000,3797.0000,3798.0000,3800.0000,5,1,1,1,1,1,1,1,1,1
SF,IF2012,2020-05-08 09:30:50.000,3795.4000,2591,0,22769040.000,0,-,-,-,-,3793.4000,3793.2000,3793.0000,3783.0000,3782.2000,3795.8000,3797.0000,3798.0000,3800.0000,3811.6000,1,1,5,1,1,1,1,1,1,1
SF,IF2012,2020-05-08 09:30:50.500,3795.4000,2591,0,22769040.000,0,-,-,-,-,3793.6000,3793.4000,3793.2000,3793.0000,3783.0000,3795.4000,3795.8000,3797.0000,3798.0000,3800.0000,1,1,1,5,1,1,1,1,1,1
SF,IF2012,2020-05-08 09:30:51.000,3795.4000,2591,0,22769040.000,0,-,-,-,-,3793.8000,3793.6000,3793.4000,3793.0000,3783.0000,3795.4000,3795.8000,3797.0000,3798.0000,3800.0000,1,1,1,5,1,1,1,1,1,1
SF,IF2012,2020-05-08 09:30:51.500,3795.4000,2591,0,22769040.000,0,-,-,-,-,3793.8000,3793.6000,3793.4000,3793.2000,3793.0000,3795.4000,3797.0000,3798.0000,3800.0000,3811.6000,1,1,1,1,5,1,1,1,1,1
SF,IF2012,2020-05-08 09:30:52.000,3795.4000,2591,0,23907660.000,1,0,1,多换,S,3793.8000,3793.6000,3793.4000,3793.2000,3793.0000,3797.0000,3798.0000,3800.0000,3811.6000,3829.0000,1,1,1,1,5,1,1,1,1,1
SF,IF2012,2020-05-08 09:30:52.500,3795.4000,2591,0,23907660.000,0,-,-,-,-,3793.6000,3793.2000,3793.0000,3792.8000,3783.0000,3796.6000,3796.8000,3797.0000,3798.0000,3800.0000,1,1,5,2,1,1,1,1,1,1
SF,IF2012,2020-05-08 09:30:53.000,3795.4000,2591,0,23907660.000,0,-,-,-,-,3795.4000,3793.6000,3793.2000,3793.0000,3792.8000,3796.4000,3796.6000,3797.0000,3798.0000,3800.0000,1,1,1,5,2,1,1,1,1,1
SF,IF2012,2020-05-08 09:30:53.500,3795.4000,2591,0,25046280.000,1,0,1,多换,S,3793.6000,3793.2000,3793.0000,3792.8000,3783.0000,3796.4000,3796.6000,3797.0000,3798.0000,3800.0000,1,1,5,2,1,1,1,1,1,1
SF,IF2012,2020-05-08 09:30:54.500,3795.4000,2591,0,25046280.000,0,-,-,-,-,3793.2000,3793.0000,3792.8000,3783.0000,3782.2000,3793.8000,3796.4000,3796.6000,3797.0000,3798.0000,1,5,2,1,1,1,1,1,1,1
SF,IF2012,2020-05-08 09:30:55.000,3794.0000,2590,-1,26184480.000,1,0,1,双平,S,3793.8000,3793.4000,3793.2000,3792.8000,3783.0000,3796.6000,3797.0000,3798.0000,3800.0000,3811.6000,1,6,1,2,1,1,1,1,1,1
SF,IF2012,2020-05-08 09:30:55.500,3794.0000,2590,0,26184480.000,0,-,-,-,-,3793.8000,3793.2000,3792.8000,3783.0000,3782.2000,3796.4000,3796.6000,3797.0000,3798.0000,3800.0000,1,1,2,1,1,1,1,1,1,1
SF,IF2012,2020-05-08 09:30:56.000,3794.0000,2590,0,26184480.000,0,-,-,-,-,3793.8000,3793.2000,3792.8000,3792.4000,3783.0000,3796.4000,3796.6000,3797.0000,3798.0000,3800.0000,1,1,2,1,1,1,1,1,1,1
SF,IF2012,2020-05-08 09:30:59.000,3794.0000,2590,0,26184480.000,0,-,-,-,-,3793.2000,3792.8000,3792.4000,3783.0000,3782.2000,3796.4000,3796.6000,3797.0000,3798.0000,3800.0000,1,2,1,1,1,1,1,1,1,1
SF,IF2012,2020-05-08 09:31:01.500,3794.0000,2590,0,26184480.000,0,-,-,-,-,3793.2000,3792.8000,3792.4000,3783.0000,3782.2000,3796.4000,3796.6000,3797.0000,3798.0000,3800.0000,2,2,1,1,1,1,1,1,1,1
SF,IF2012,2020-05-08 09:31:02.000,3794.0000,2590,0,26184480.000,0,-,-,-,-,3793.4000,3793.2000,3792.8000,3792.4000,3783.0000,3796.4000,3796.6000,3797.0000,3798.0000,3800.0000,1,1,2,1,1,1,1,1,1,1
SF,IF2012,2020-05-08 09:31:02.500,3794.0000,2590,0,26184480.000,0,-,-,-,-,3793.4000,3793.2000,3792.4000,3783.0000,3782.2000,3796.4000,3796.6000,3797.0000,3798.0000,3800.0000,1,1,1,1,1,1,1,1,1,1
SF,IF2012,2020-05-08 09:31:03.000,3794.0000,2590,0,26184480.000,0,-,-,-,-,3793.4000,3793.2000,3792.4000,3783.0000,3782.2000,3796.0000,3796.2000,3796.4000,3796.6000,3797.0000,1,1,1,1,1,1,2,1,1,1
SF,IF2012,2020-05-08 09:31:03.500,3794.0000,2590,0,26184480.000,0,-,-,-,-,3793.4000,3793.2000,3792.4000,3783.0000,3782.2000,3795.8000,3796.0000,3796.6000,3797.0000,3798.0000,1,1,1,1,1,1,1,1,1,1
SF,IF2012,2020-05-08 09:31:04.000,3794.0000,2590,0,26184480.000,0,-,-,-,-,3793.4000,3793.2000,3792.4000,3783.0000,3782.2000,3795.6000,3795.8000,3796.0000,3796.6000,3797.0000,1,1,1,1,1,1,2,1,1,1
SF,IF2012,2020-05-08 09:31:04.500,3794.0000,2590,0,26184480.000,0,-,-,-,-,3793.4000,3793.2000,3792.4000,3783.0000,3782.2000,3795.4000,3795.6000,3795.8000,3796.0000,3796.6000,1,1,1,1,1,1,1,1,1,1
SF,IF2012,2020-05-08 09:31:05.000,3794.0000,2590,0,26184480.000,0,-,-,-,-,3793.2000,3792.4000,3783.0000,3782.2000,3781.0000,3795.4000,3795.8000,3796.0000,3796.6000,3797.0000,1,1,1,1,1,1,1,1,1,1
SF,IF2012,2020-05-08 09:31:05.500,3794.0000,2590,0,26184480.000,0,-,-,-,-,3793.2000,3792.4000,3783.0000,3782.2000,3781.0000,3795.4000,3795.8000,3796.0000,3796.6000,3797.0000,1,1,1,1,1,2,1,1,1,1
SF,IF2012,2020-05-08 09:31:06.500,3794.0000,2590,0,26184480.000,0,-,-,-,-,3793.2000,3783.0000,3782.2000,3781.0000,3777.8000,3795.4000,3796.0000,3796.6000,3797.0000,3798.0000,1,1,1,1,1,1,1,1,1,1
SF,IF2012,2020-05-08 09:31:07.500,3794.0000,2590,0,26184480.000,0,-,-,-,-,3793.2000,3783.0000,3782.2000,3781.0000,3777.8000,3795.2000,3795.4000,3796.0000,3796.6000,3797.0000,1,1,1,1,1,1,1,1,1,1
SF,IF2012,2020-05-08 09:31:09.000,3794.0000,2590,0,26184480.000,0,-,-,-,-,3793.2000,3783.0000,3782.2000,3781.0000,3777.8000,3795.4000,3796.0000,3796.6000,3797.0000,3798.0000,1,1,1,1,1,1,1,1,1,1
SF,IF2012,2020-05-08 09:31:09.500,3794.0000,2590,0,26184480.000,0,-,-,-,-,3793.4000,3793.2000,3783.0000,3782.2000,3781.0000,3796.0000,3796.6000,3797.0000,3798.0000,3800.0000,1,1,1,1,1,1,1,1,1,1
SF,IF2012,2020-05-08 09:31:10.000,3794.0000,2590,0,26184480.000,0,-,-,-,-,3793.4000,3793.2000,3783.0000,3782.2000,3781.0000,3796.0000,3796.6000,3797.0000,3798.0000,3800.0000,1,2,1,1,1,1,1,1,1,1
SF,IF2012,2020-05-08 09:31:10.500,3794.0000,2590,0,26184480.000,0,-,-,-,-,3793.6000,3793.4000,3793.2000,3783.0000,3782.2000,3796.0000,3796.6000,3797.0000,3798.0000,3800.0000,3,1,1,1,1,1,1,1,1,1
SF,IF2012,2020-05-08 09:31:11.000,3794.0000,2590,0,26184480.000,0,-,-,-,-,3793.8000,3793.6000,3793.2000,3783.0000,3782.2000,3796.0000,3796.6000,3797.0000,3798.0000,3800.0000,1,8,1,1,1,1,1,1,1,1
SF,IF2012,2020-05-08 09:31:11.500,3794.0000,2590,0,26184480.000,0,-,-,-,-,3793.8000,3793.6000,3793.2000,3783.0000,3782.2000,3796.0000,3796.6000,3797.0000,3798.0000,3800.0000,1,7,1,1,1,1,1,1,1,1
SF,IF2012,2020-05-08 09:31:13.000,3794.0000,2590,0,26184480.000,0,-,-,-,-,3794.0000,3793.8000,3793.2000,3783.0000,3782.2000,3796.0000,3796.6000,3797.0000,3798.0000,3800.0000,7,1,1,1,1,1,1,1,1,1
SF,IF2012,2020-05-08 09:31:13.500,3796.0000,2591,1,27323280.000,1,1,0,双开,S,3794.2000,3794.0000,3793.2000,3783.0000,3782.2000,3796.6000,3797.0000,3798.0000,3800.0000,3811.6000,1,8,1,1,1,1,1,1,1,1
SF,IF2012,2020-05-08 09:31:14.500,3796.0000,2591,0,27323280.000,0,-,-,-,-,3794.4000,3794.2000,3793.2000,3783.0000,3782.2000,3796.6000,3797.0000,3798.0000,3800.0000,3811.6000,2,1,1,1,1,1,1,1,1,1
SF,IF2012,2020-05-08 09:31:15.500,3796.0000,2591,0,27323280.000,0,-,-,-,-,3794.4000,3794.2000,3782.2000,3781.0000,3777.8000,3797.0000,3798.0000,3800.0000,3811.6000,3829.0000,2,1,1,1,1,1,1,1,1,1
SF,IF2012,2020-05-08 09:31:16.000,3796.0000,2591,0,27323280.000,0,-,-,-,-,3794.4000,3782.2000,3781.0000,3777.8000,3775.2000,3796.8000,3797.0000,3798.0000,3800.0000,3811.6000,2,1,1,1,5,1,1,1,1,1
SF,IF2012,2020-05-08 09:31:17.000,3796.0000,2591,0,27323280.000,0,-,-,-,-,3782.2000,3781.0000,3777.8000,3775.2000,3773.8000,3796.8000,3797.0000,3798.0000,3800.0000,3811.6000,1,1,1,5,5,1,1,1,1,1
SF,IF2012,2020-05-08 09:31:17.500,3796.0000,2591,0,27323280.000,0,-,-,-,-,3782.6000,3782.4000,3782.2000,3781.0000,3777.8000,3797.0000,3798.0000,3800.0000,3811.6000,3829.0000,5,2,1,1,1,1,1,1,1,1
SF,IF2012,2020-05-08 09:31:18.000,3796.0000,2591,0,27323280.000,0,-,-,-,-,3782.8000,3782.6000,3782.4000,3782.2000,3781.0000,3797.0000,3798.0000,3800.0000,3811.6000,3829.0000,1,5,1,1,1,1,1,1,1,1
SF,IF2012,2020-05-08 09:31:18.500,3796.0000,2591,0,27323280.000,0,-,-,-,-,3786.8000,3783.2000,3782.8000,3782.4000,3782.2000,3797.0000,3798.0000,3800.0000,3811.6000,3829.0000,1,5,1,1,1,1,1,1,1,1
SF,IF2012,2020-05-08 09:31:19.000,3796.0000,2591,0,27323280.000,0,-,-,-,-,3789.2000,3788.2000,3787.2000,3787.0000,3786.8000,3796.6000,3797.0000,3798.0000,3800.0000,3811.6000,1,1,5,1,2,1,1,1,1,1
SF,IF2012,2020-05-08 09:31:19.500,3796.0000,2591,0,27323280.000,0,-,-,-,-,3789.6000,3789.4000,3789.2000,3789.0000,3788.8000,3796.6000,3797.0000,3798.0000,3800.0000,3811.6000,5,2,2,1,1,2,1,1,1,1
SF,IF2012,2020-05-08 09:31:20.000,3796.0000,2591,0,27323280.000,0,-,-,-,-,3792.0000,3790.8000,3790.4000,3789.8000,3789.6000,3796.6000,3797.0000,3798.0000,3800.0000,3811.6000,1,2,2,1,5,2,1,1,1,1
SF,IF2012,2020-05-08 09:31:20.500,3796.0000,2591,0,27323280.000,0,-,-,-,-,3792.4000,3792.0000,3791.0000,3790.8000,3790.6000,3796.2000,3796.4000,3796.6000,3797.0000,3798.0000,5,1,1,2,1,1,1,2,1,1
SF,IF2012,2020-05-08 09:31:21.000,3796.0000,2591,0,27323280.000,0,-,-,-,-,3792.4000,3792.0000,3791.0000,3790.8000,3790.6000,3796.0000,3796.2000,3796.6000,3797.0000,3798.0000,5,1,1,2,1,2,1,2,1,1
SF,IF2012,2020-05-08 09:31:21.500,3796.0000,2591,0,27323280.000,0,-,-,-,-,3792.4000,3792.0000,3791.0000,3790.8000,3790.6000,3796.0000,3796.2000,3796.6000,3797.0000,3798.0000,5,1,1,2,1,3,1,1,1,1
SF,IF2012,2020-05-08 09:31:22.000,3796.0000,2591,0,27323280.000,0,-,-,-,-,3792.6000,3792.4000,3792.0000,3791.0000,3790.8000,3795.6000,3795.8000,3796.0000,3796.6000,3797.0000,1,5,1,1,2,2,1,2,1,1
SF,IF2012,2020-05-08 09:31:22.500,3796.0000,2591,0,27323280.000,0,-,-,-,-,3792.6000,3791.0000,3790.8000,3790.6000,3790.4000,3795.4000,3795.6000,3795.8000,3796.6000,3797.0000,1,1,2,1,2,2,2,1,1,1
SF,IF2012,2020-05-08 09:31:23.000,3796.0000,2591,0,27323280.000,0,-,-,-,-,3791.0000,3790.8000,3790.6000,3790.4000,3789.4000,3795.4000,3795.6000,3795.8000,3796.6000,3797.0000,1,2,1,1,1,2,2,1,1,1
SF,IF2012,2020-05-08 09:31:23.500,3796.0000,2591,0,27323280.000,0,-,-,-,-,3791.4000,3791.2000,3791.0000,3790.8000,3790.6000,3795.4000,3795.6000,3795.8000,3796.6000,3797.0000,5,1,1,2,1,1,2,1,1,1
SF,IF2012,2020-05-08 09:31:24.000,3796.0000,2591,0,27323280.000,0,-,-,-,-,3791.6000,3791.4000,3791.0000,3790.8000,3790.6000,3795.4000,3795.6000,3795.8000,3796.6000,3797.0000,1,5,1,2,1,1,1,1,1,1
SF,IF2012,2020-05-08 09:31:24.500,3796.0000,2591,0,27323280.000,0,-,-,-,-,3791.4000,3791.0000,3790.8000,3790.6000,3790.4000,3794.8000,3795.2000,3795.4000,3795.6000,3795.8000,5,1,2,1,1,1,1,1,1,1
SF,IF2012,2020-05-08 09:31:25.000,3796.0000,2591,0,27323280.000,0,-,-,-,-,3791.0000,3790.8000,3790.6000,3790.4000,3788.8000,3794.6000,3794.8000,3795.2000,3795.6000,3795.8000,1,2,1,1,1,1,1,1,1,1
SF,IF2012,2020-05-08 09:31:25.500,3796.0000,2591,0,27323280.000,0,-,-,-,-,3791.0000,3790.8000,3790.4000,3788.8000,3788.2000,3794.6000,3794.8000,3795.8000,3796.6000,3797.0000,1,2,1,1,1,2,1,1,1,2
SF,IF2012,2020-05-08 09:31:26.000,3796.0000,2591,0,27323280.000,0,-,-,-,-,3790.8000,3790.4000,3788.8000,3788.2000,3786.8000,3794.6000,3794.8000,3795.8000,3796.6000,3797.0000,2,1,1,1,1,2,1,1,1,2
SF,IF2012,2020-05-08 09:31:26.500,3796.0000,2591,0,27323280.000,0,-,-,-,-,3790.4000,3788.8000,3788.2000,3786.8000,3782.2000,3794.2000,3794.6000,3794.8000,3795.8000,3796.6000,1,1,1,1,1,1,1,1,1,1
SF,IF2012,2020-05-08 09:31:27.000,3796.0000,2591,0,27323280.000,0,-,-,-,-,3790.6000,3790.4000,3788.8000,3788.2000,3786.8000,3794.2000,3794.8000,3795.8000,3796.6000,3797.0000,1,1,1,1,1,1,1,1,1,2
SF,IF2012,2020-05-08 09:31:27.500,3796.0000,2591,0,27323280.000,0,-,-,-,-,3788.8000,3788.2000,3786.8000,3782.2000,3781.0000,3794.0000,3794.2000,3794.8000,3795.8000,3796.6000,1,1,1,1,1,1,1,1,1,1
SF,IF2012,2020-05-08 09:31:28.000,3796.0000,2591,0,27323280.000,0,-,-,-,-,3789.2000,3789.0000,3788.8000,3788.2000,3786.8000,3794.2000,3794.8000,3795.8000,3796.6000,3797.0000,5,1,1,1,1,1,1,1,1,2
SF,IF2012,2020-05-08 09:31:28.500,3796.0000,2591,0,27323280.000,0,-,-,-,-,3789.6000,3789.4000,3789.2000,3788.8000,3788.2000,3794.2000,3794.8000,3795.8000,3796.6000,3797.0000,1,1,5,1,1,1,1,1,1,2
SF,IF2012,2020-05-08 09:31:29.000,3796.0000,2591,0,27323280.000,0,-,-,-,-,3790.0000,3789.8000,3789.6000,3788.8000,3788.2000,3794.2000,3795.8000,3796.6000,3797.0000,3798.0000,5,1,1,1,1,1,1,1,2,1
SF,IF2012,2020-05-08 09:31:29.500,3796.0000,2591,0,27323280.000,0,-,-,-,-,3790.4000,3790.2000,3790.0000,3788.2000,3786.8000,3794.0000,3794.2000,3796.6000,3797.0000,3798.0000,1,1,5,1,1,1,1,1,2,1
SF,IF2012,2020-05-08 09:31:30.000,3796.0000,2591,0,27323280.000,0,-,-,-,-,3790.6000,3790.4000,3790.0000,3788.2000,3786.8000,3793.8000,3794.0000,3794.2000,3796.6000,3797.0000,1,1,5,1,1,1,1,1,1,2
SF,IF2012,2020-05-08 09:31:30.500,3796.0000,2591,0,27323280.000,0,-,-,-,-,3790.4000,3790.0000,3788.2000,3786.8000,3782.2000,3793.6000,3793.8000,3794.0000,3794.2000,3796.6000,1,5,1,1,1,1,1,1,1,1
SF,IF2012,2020-05-08 09:31:31.000,3796.0000,2591,0,27323280.000,0,-,-,-,-,3788.2000,3786.8000,3782.2000,3781.0000,3777.8000,3793.6000,3793.8000,3794.0000,3794.2000,3796.6000,1,1,1,1,1,1,1,1,1,1
SF,IF2012,2020-05-08 09:31:31.500,3796.0000,2591,0,27323280.000,0,-,-,-,-,3788.6000,3788.4000,3788.2000,3786.8000,3782.2000,3794.0000,3794.2000,3796.6000,3797.0000,3798.0000,5,1,1,1,1,1,1,1,2,1
SF,IF2012,2020-05-08 09:31:32.000,3796.0000,2591,0,27323280.000,0,-,-,-,-,3790.0000,3788.8000,3788.6000,3788.2000,3786.8000,3793.6000,3794.0000,3796.6000,3797.0000,3798.0000,1,1,5,1,1,1,1,1,2,1
SF,IF2012,2020-05-08 09:31:32.500,3796.0000,2591,0,27323280.000,0,-,-,-,-,3790.4000,3790.2000,3790.0000,3789.2000,3788.2000,3793.6000,3794.0000,3796.6000,3797.0000,3798.0000,5,1,1,1,1,1,1,1,2,1
SF,IF2012,2020-05-08 09:31:33.000,3796.0000,2591,0,27323280.000,0,-,-,-,-,3790.4000,3790.0000,3788.2000,3786.8000,3782.2000,3793.4000,3793.6000,3794.0000,3796.6000,3797.0000,6,1,1,1,1,1,1,1,1,2
SF,IF2012,2020-05-08 09:31:33.500,3796.0000,2591,0,27323280.000,0,-,-,-,-,3790.6000,3790.4000,3790.0000,3788.2000,3786.8000,3794.0000,3796.6000,3797.0000,3798.0000,3800.0000,1,6,1,1,1,1,1,2,1,1
SF,IF2012,2020-05-08 09:31:34.000,3796.0000,2591,0,27323280.000,0,-,-,-,-,3790.4000,3790.0000,3788.2000,3786.8000,3782.2000,3793.8000,3794.0000,3796.6000,3797.0000,3798.0000,1,1,1,1,1,1,1,1,2,1
SF,IF2012,2020-05-08 09:31:34.500,3796.0000,2591,0,27323280.000,0,-,-,-,-,3790.4000,3790.0000,3788.2000,3786.8000,3782.2000,3793.6000,3793.8000,3794.0000,3796.6000,3797.0000,1,1,1,1,1,1,1,1,1,2
SF,IF2012,2020-05-08 09:31:35.000,3796.0000,2591,0,27323280.000,0,-,-,-,-,3790.6000,3790.0000,3788.2000,3786.8000,3782.2000,3793.4000,3793.6000,3794.0000,3796.6000,3797.0000,5,1,1,1,1,1,1,1,1,2
SF,IF2012,2020-05-08 09:31:35.500,3796.0000,2591,0,27323280.000,0,-,-,-,-,3790.0000,3788.2000,3786.8000,3782.2000,3781.0000,3793.4000,3793.6000,3794.0000,3796.6000,3797.0000,1,1,1,1,1,1,1,1,1,2
SF,IF2012,2020-05-08 09:31:36.000,3796.0000,2591,0,27323280.000,0,-,-,-,-,3790.2000,3790.0000,3788.2000,3786.8000,3782.2000,3793.2000,3793.4000,3794.0000,3796.6000,3797.0000,5,1,1,1,1,1,1,1,1,2
SF,IF2012,2020-05-08 09:31:36.500,3796.0000,2591,0,27323280.000,0,-,-,-,-,3790.6000,3790.2000,3790.0000,3788.2000,3786.8000,3793.4000,3794.0000,3796.6000,3797.0000,3798.0000,1,5,1,1,1,1,1,1,2,1
SF,IF2012,2020-05-08 09:31:37.000,3796.0000,2591,0,27323280.000,0,-,-,-,-,3790.6000,3790.0000,3786.8000,3782.2000,3781.0000,3793.4000,3794.0000,3796.6000,3797.0000,3798.0000,1,1,1,1,1,1,1,1,2,1
SF,IF2012,2020-05-08 09:31:37.500,3796.0000,2591,0,27323280.000,0,-,-,-,-,3790.6000,3790.0000,3786.8000,3782.2000,3781.0000,3793.4000,3794.0000,3796.6000,3797.0000,3798.0000,1,1,1,1,1,2,1,1,2,1
SF,IF2012,2020-05-08 09:31:38.000,3796.0000,2591,0,27323280.000,0,-,-,-,-,3790.6000,3790.0000,3786.8000,3782.2000,3781.0000,3793.4000,3794.0000,3796.6000,3797.0000,3798.0000,1,1,1,1,1,1,1,1,2,1
SF,IF2012,2020-05-08 09:31:38.500,3790.6000,2590,-1,28460460.000,1,0,1,双平,S,3790.0000,3786.8000,3782.2000,3781.0000,3777.8000,3793.2000,3793.4000,3794.0000,3796.6000,3797.0000,1,1,1,1,1,1,1,1,1,1
SF,IF2012,2020-05-08 09:31:39.000,3790.6000,2590,0,28460460.000,0,-,-,-,-,3790.0000,3786.8000,3782.2000,3781.0000,3777.8000,3793.0000,3794.0000,3796.6000,3797.0000,3798.0000,1,1,1,1,1,1,1,1,1,1
SF,IF2012,2020-05-08 09:31:39.500,3790.6000,2590,0,28460460.000,0,-,-,-,-,3790.0000,3786.8000,3782.2000,3781.0000,3777.8000,3792.8000,3793.0000,3794.0000,3796.6000,3797.0000,1,1,1,1,1,1,1,1,1,1
SF,IF2012,2020-05-08 09:31:40.000,3790.6000,2590,0,28460460.000,0,-,-,-,-,3790.0000,3786.8000,3781.0000,3777.8000,3777.4000,3792.8000,3793.0000,3794.0000,3796.6000,3797.0000,1,1,1,1,1,1,1,1,1,1
SF,IF2012,2020-05-08 09:31:40.500,3790.6000,2590,0,28460460.000,0,-,-,-,-,3790.0000,3786.8000,3781.0000,3777.8000,3777.4000,3792.6000,3792.8000,3793.0000,3794.0000,3796.6000,1,1,1,1,1,1,1,1,1,1
SF,IF2012,2020-05-08 09:31:41.000,3790.6000,2590,0,28460460.000,0,-,-,-,-,3790.0000,3786.8000,3781.0000,3777.8000,3777.4000,3792.8000,3793.0000,3794.0000,3796.6000,3797.0000,1,1,1,1,1,1,1,1,1,1
SF,IF2012,2020-05-08 09:31:41.500,3790.6000,2590,0,28460460.000,0,-,-,-,-,3790.0000,3786.8000,3781.0000,3777.8000,3777.4000,3793.0000,3794.0000,3796.6000,3797.0000,3798.0000,1,1,1,1,1,1,1,1,1,1
SF,IF2012,2020-05-08 09:31:42.000,3790.6000,2590,0,28460460.000,0,-,-,-,-,3790.0000,3786.8000,3781.0000,3777.8000,3777.4000,3792.6000,3793.0000,3794.0000,3796.6000,3797.0000,1,1,1,1,1,1,1,1,1,1
SF,IF2012,2020-05-08 09:31:42.500,3790.6000,2590,0,28460460.000,0,-,-,-,-,3790.4000,3790.0000,3786.8000,3781.0000,3777.8000,3792.4000,3794.0000,3796.6000,3797.0000,3798.0000,1,1,1,1,1,1,1,1,1,1
SF,IF2012,2020-05-08 09:31:43.000,3790.6000,2590,0,28460460.000,0,-,-,-,-,3790.4000,3790.0000,3786.8000,3781.0000,3777.8000,3792.4000,3792.6000,3794.0000,3796.6000,3797.0000,1,1,1,1,1,1,1,1,1,1
SF,IF2012,2020-05-08 09:31:43.500,3790.6000,2590,0,28460460.000,0,-,-,-,-,3790.0000,3786.8000,3781.0000,3777.8000,3777.4000,3792.4000,3794.0000,3796.6000,3797.0000,3798.0000,1,1,1,1,1,1,1,1,1,1
SF,IF2012,2020-05-08 09:31:44.000,3790.6000,2590,0,28460460.000,0,-,-,-,-,3790.2000,3790.0000,3786.8000,3781.0000,3777.8000,3792.6000,3794.0000,3796.6000,3797.0000,3798.0000,1,1,1,1,1,1,1,1,1,1
SF,IF2012,2020-05-08 09:31:44.500,3790.6000,2590,0,28460460.000,0,-,-,-,-,3790.2000,3790.0000,3786.8000,3781.0000,3777.8000,3792.0000,3794.0000,3796.6000,3797.0000,3798.0000,1,1,1,1,1,1,1,1,1,1
SF,IF2012,2020-05-08 09:31:45.000,3790.6000,2590,0,28460460.000,0,-,-,-,-,3790.2000,3790.0000,3786.8000,3781.0000,3777.8000,3794.0000,3796.6000,3797.0000,3798.0000,3800.0000,1,1,1,1,1,1,1,1,1,1
SF,IF2012,2020-05-08 09:31:45.500,3790.6000,2590,0,28460460.000,0,-,-,-,-,3790.0000,3786.8000,3781.0000,3777.8000,3777.4000,3792.4000,3793.8000,3794.0000,3796.6000,3797.0000,1,1,1,1,1,1,1,1,1,1
SF,IF2012,2020-05-08 09:31:46.000,3790.6000,2590,0,28460460.000,0,-,-,-,-,3790.0000,3786.8000,3781.0000,3777.8000,3777.4000,3793.8000,3794.0000,3796.6000,3797.0000,3798.0000,1,1,1,1,1,1,1,1,1,1
SF,IF2012,2020-05-08 09:31:47.000,3790.6000,2590,0,28460460.000,0,-,-,-,-,3790.4000,3790.0000,3786.8000,3781.0000,3777.8000,3793.0000,3793.8000,3794.0000,3796.6000,3797.0000,1,1,1,1,1,1,1,1,1,1
SF,IF2012,2020-05-08 09:31:47.500,3790.6000,2590,0,28460460.000,0,-,-,-,-,3790.4000,3790.0000,3786.8000,3781.0000,3777.8000,3793.8000,3794.0000,3796.6000,3797.0000,3798.0000,1,1,1,1,1,1,1,1,1,1
SF,IF2012,2020-05-08 09:31:49.500,3790.6000,2590,0,28460460.000,0,-,-,-,-,3790.4000,3790.0000,3788.2000,3786.8000,3781.0000,3793.8000,3794.0000,3796.6000,3797.0000,3798.0000,1,1,1,1,1,1,1,1,1,1
SF,IF2012,2020-05-08 09:31:50.000,3790.6000,2590,0,28460460.000,0,-,-,-,-,3790.0000,3788.2000,3786.8000,3781.0000,3777.8000,3793.8000,3794.0000,3796.6000,3797.0000,3798.0000,1,1,1,1,1,1,1,1,1,1
SF,IF2012,2020-05-08 09:31:50.500,3790.6000,2590,0,28460460.000,0,-,-,-,-,3790.0000,3788.2000,3786.8000,3781.0000,3777.8000,3793.2000,3793.8000,3794.0000,3796.6000,3797.0000,1,1,1,1,1,1,1,1,1,1
SF,IF2012,2020-05-08 09:31:51.000,3790.6000,2590,0,28460460.000,0,-,-,-,-,3790.0000,3788.2000,3786.8000,3781.0000,3777.8000,3793.0000,3793.2000,3794.0000,3796.6000,3797.0000,1,1,1,1,1,1,1,1,1,1
SF,IF2012,2020-05-08 09:31:51.500,3790.6000,2590,0,28460460.000,0,-,-,-,-,3790.4000,3790.0000,3788.2000,3786.8000,3781.0000,3793.0000,3793.2000,3794.0000,3796.6000,3797.0000,2,1,1,1,1,1,1,1,1,1
SF,IF2012,2020-05-08 09:31:52.000,3790.6000,2590,0,28460460.000,0,-,-,-,-,3790.0000,3788.2000,3786.8000,3781.0000,3777.8000,3793.0000,3794.0000,3796.6000,3797.0000,3798.0000,1,1,1,1,1,1,1,1,1,1
SF,IF2012,2020-05-08 09:31:53.000,3790.6000,2590,0,28460460.000,0,-,-,-,-,3790.0000,3788.2000,3786.8000,3781.0000,3777.8000,3792.4000,3793.0000,3794.0000,3796.6000,3797.0000,1,1,1,1,1,1,1,1,1,1
SF,IF2012,2020-05-08 09:31:53.500,3790.6000,2590,0,28460460.000,0,-,-,-,-,3790.4000,3790.0000,3788.2000,3786.8000,3781.0000,3792.4000,3793.0000,3794.0000,3796.6000,3797.0000,2,1,1,1,1,1,1,1,1,1
SF,IF2012,2020-05-08 09:31:54.000,3790.6000,2590,0,28460460.000,0,-,-,-,-,3790.4000,3790.0000,3788.2000,3786.8000,3781.0000,3792.2000,3792.4000,3794.0000,3796.6000,3797.0000,2,1,1,1,1,1,1,1,1,1
SF,IF2012,2020-05-08 09:31:54.500,3790.6000,2590,0,28460460.000,0,-,-,-,-,3790.0000,3788.2000,3786.8000,3781.0000,3777.8000,3792.2000,3792.4000,3794.0000,3796.6000,3797.0000,1,1,1,1,1,1,1,1,1,1
SF,IF2012,2020-05-08 09:31:55.000,3790.6000,2590,0,28460460.000,0,-,-,-,-,3790.0000,3788.2000,3786.8000,3781.0000,3777.8000,3792.2000,3794.0000,3796.6000,3797.0000,3798.0000,1,1,1,1,1,1,1,1,1,1
SF,IF2012,2020-05-08 09:31:55.500,3790.6000,2590,0,28460460.000,0,-,-,-,-,3790.0000,3788.6000,3788.2000,3786.8000,3781.0000,3792.2000,3794.0000,3796.6000,3797.0000,3798.0000,1,2,1,1,1,1,1,1,1,1
SF,IF2012,2020-05-08 09:31:56.000,3790.0000,2590,0,29597460.000,1,0,1,多换,S,3788.2000,3786.8000,3781.0000,3777.8000,3777.4000,3792.2000,3794.0000,3796.6000,3797.0000,3798.0000,1,1,1,1,1,1,1,1,1,1
SF,IF2012,2020-05-08 09:31:56.500,3790.0000,2590,0,29597460.000,0,-,-,-,-,3788.6000,3788.4000,3788.2000,3786.8000,3781.0000,3794.0000,3796.6000,3797.0000,3798.0000,3800.0000,5,1,1,1,1,1,1,1,1,1
SF,IF2012,2020-05-08 09:31:57.000,3790.0000,2590,0,29597460.000,0,-,-,-,-,3788.8000,3788.6000,3788.2000,3786.8000,3781.0000,3794.0000,3796.6000,3797.0000,3798.0000,3800.0000,1,5,1,1,1,1,1,1,1,1
SF,IF2012,2020-05-08 09:31:57.500,3790.0000,2590,0,29597460.000,0,-,-,-,-,3788.8000,3788.6000,3788.2000,3786.8000,3781.0000,3793.8000,3794.0000,3796.6000,3797.0000,3798.0000,1,5,1,1,1,1,1,1,1,1
SF,IF2012,2020-05-08 09:31:58.000,3790.0000,2590,0,29597460.000,0,-,-,-,-,3788.8000,3788.6000,3788.2000,3786.8000,3781.0000,3792.8000,3793.8000,3794.0000,3796.6000,3797.0000,1,5,1,1,1,1,2,1,1,1
SF,IF2012,2020-05-08 09:31:58.500,3790.0000,2590,0,29597460.000,0,-,-,-,-,3788.8000,3788.6000,3788.2000,3786.8000,3781.0000,3792.8000,3793.2000,3793.8000,3794.0000,3796.6000,1,5,1,1,1,1,1,2,1,1
SF,IF2012,2020-05-08 09:31:59.000,3790.0000,2590,0,29597460.000,0,-,-,-,-,3788.8000,3788.6000,3788.2000,3786.8000,3781.0000,3792.6000,3792.8000,3793.2000,3793.8000,3794.0000,1,5,1,1,1,1,1,1,1,1
SF,IF2012,2020-05-08 09:32:00.000,3790.0000,2590,0,29597460.000,0,-,-,-,-,3789.0000,3788.8000,3788.6000,3788.2000,3786.8000,3792.6000,3793.2000,3793.8000,3794.0000,3796.6000,1,1,5,1,1,1,1,1,1,1
SF,IF2012,2020-05-08 09:32:00.500,3790.0000,2590,0,29597460.000,0,-,-,-,-,3789.2000,3789.0000,3788.6000,3788.2000,3786.8000,3792.0000,3792.6000,3793.2000,3794.0000,3796.6000,1,1,5,1,1,1,1,1,1,1
SF,IF2012,2020-05-08 09:32:01.000,3790.0000,2590,0,29597460.000,0,-,-,-,-,3789.4000,3789.2000,3789.0000,3788.6000,3788.2000,3792.0000,3793.2000,3794.0000,3796.6000,3797.0000,1,1,1,5,1,1,1,1,1,1
SF,IF2012,2020-05-08 09:32:01.500,3790.0000,2590,0,29597460.000,0,-,-,-,-,3789.6000,3789.4000,3789.0000,3788.6000,3788.2000,3793.2000,3794.0000,3796.6000,3797.0000,3798.0000,1,1,1,5,1,1,1,1,1,1
SF,IF2012,2020-05-08 09:32:02.000,3790.0000,2590,0,29597460.000,0,-,-,-,-,3789.0000,3788.6000,3788.2000,3786.8000,3781.0000,3793.0000,3793.2000,3794.0000,3796.6000,3797.0000,1,5,1,1,1,1,1,1,1,1
SF,IF2012,2020-05-08 09:32:02.500,3790.0000,2590,0,29597460.000,0,-,-,-,-,3789.2000,3789.0000,3788.6000,3788.2000,3786.8000,3793.0000,3793.2000,3796.6000,3797.0000,3798.0000,1,1,5,1,1,1,1,1,1,1
SF,IF2012,2020-05-08 09:32:04.500,3790.0000,2590,0,29597460.000,0,-,-,-,-,3789.6000,3789.4000,3789.2000,3789.0000,3788.2000,3793.0000,3793.2000,3796.6000,3797.0000,3798.0000,2,5,1,1,1,1,1,1,1,1
SF,IF2012,2020-05-08 09:32:05.000,3790.0000,2590,0,29597460.000,0,-,-,-,-,3789.8000,3789.6000,3789.4000,3788.2000,3786.8000,3793.2000,3796.6000,3797.0000,3798.0000,3800.0000,1,3,5,1,1,1,1,1,1,1
SF,IF2012,2020-05-08 09:32:05.500,3790.0000,2590,0,29597460.000,0,-,-,-,-,3789.8000,3789.6000,3789.4000,3788.2000,3786.8000,3793.2000,3796.6000,3797.0000,3798.0000,3800.0000,2,3,5,1,1,1,1,1,1,1
SF,IF2012,2020-05-08 09:32:06.000,3790.0000,2590,0,29597460.000,0,-,-,-,-,3790.4000,3790.0000,3789.8000,3789.4000,3788.2000,3793.2000,3796.6000,3797.0000,3798.0000,3800.0000,1,3,2,5,1,1,1,1,1,1
SF,IF2012,2020-05-08 09:32:06.500,3790.0000,2590,0,29597460.000,0,-,-,-,-,3790.4000,3790.0000,3789.8000,3789.4000,3788.2000,3793.0000,3793.2000,3796.6000,3797.0000,3798.0000,1,3,2,5,1,1,1,1,1,1
SF,IF2012,2020-05-08 09:32:07.000,3790.0000,2590,0,29597460.000,0,-,-,-,-,3790.6000,3790.4000,3790.0000,3789.8000,3789.4000,3793.2000,3796.6000,3797.0000,3798.0000,3800.0000,1,1,2,1,5,1,1,1,1,1
SF,IF2012,2020-05-08 09:32:08.500,3790.0000,2590,0,29597460.000,0,-,-,-,-,3790.8000,3790.6000,3790.4000,3789.8000,3789.4000,3793.2000,3796.6000,3797.0000,3798.0000,3800.0000,2,1,1,1,5,1,1,1,1,1
SF,IF2012,2020-05-08 09:32:09.000,3790.0000,2590,0,29597460.000,0,-,-,-,-,3791.0000,3790.8000,3790.4000,3789.8000,3789.4000,3793.2000,3796.6000,3797.0000,3798.0000,3800.0000,2,2,1,1,5,1,1,1,1,1
SF,IF2012,2020-05-08 09:32:09.500,3790.0000,2590,0,29597460.000,0,-,-,-,-,3791.2000,3791.0000,3790.8000,3789.8000,3789.4000,3793.0000,3796.6000,3797.0000,3798.0000,3800.0000,1,1,2,1,5,1,1,1,1,1
SF,IF2012,2020-05-08 09:32:10.000,3790.0000,2590,0,29597460.000,0,-,-,-,-,3791.2000,3791.0000,3790.8000,3789.8000,3789.4000,3793.0000,3796.6000,3797.0000,3798.0000,3800.0000,2,1,2,1,5,1,1,1,1,1
SF,IF2012,2020-05-08 09:32:12.000,3790.0000,2590,0,29597460.000,0,-,-,-,-,3791.2000,3791.0000,3789.8000,3789.4000,3788.2000,3792.6000,3793.0000,3796.6000,3797.0000,3798.0000,1,1,1,5,1,1,1,1,1,1
SF,IF2012,2020-05-08 09:32:12.500,3790.0000,2590,0,29597460.000,0,-,-,-,-,3791.2000,3789.8000,3789.4000,3788.2000,3786.8000,3792.6000,3793.0000,3796.6000,3797.0000,3798.0000,1,1,5,1,1,1,1,1,1,1
SF,IF2012,2020-05-08 09:32:13.500,3790.0000,2590,0,29597460.000,0,-,-,-,-,3789.8000,3788.2000,3786.8000,3781.0000,3777.8000,3792.6000,3793.0000,3796.6000,3797.0000,3798.0000,1,1,1,1,1,1,1,1,1,1
SF,IF2012,2020-05-08 09:32:14.000,3790.0000,2590,0,29597460.000,0,-,-,-,-,3790.0000,3789.8000,3788.2000,3786.8000,3781.0000,3792.6000,3796.6000,3797.0000,3798.0000,3800.0000,2,1,1,1,1,1,1,1,1,1
SF,IF2012,2020-05-08 09:32:14.500,3790.0000,2590,0,29597460.000,0,-,-,-,-,3790.0000,3789.8000,3788.2000,3786.8000,3786.0000,3792.6000,3796.6000,3797.0000,3798.0000,3800.0000,2,1,1,1,1,1,1,1,1,1
SF,IF2012,2020-05-08 09:32:15.500,3790.0000,2590,0,29597460.000,0,-,-,-,-,3790.2000,3790.0000,3789.8000,3788.2000,3786.8000,3792.6000,3796.6000,3797.0000,3798.0000,3800.0000,2,2,1,1,1,1,1,1,1,1
SF,IF2012,2020-05-08 09:32:16.000,3790.0000,2590,0,29597460.000,0,-,-,-,-,3790.4000,3790.2000,3789.8000,3788.2000,3786.8000,3792.6000,3796.6000,3797.0000,3798.0000,3800.0000,2,2,1,1,1,1,1,1,1,1
SF,IF2012,2020-05-08 09:32:17.000,3790.0000,2590,0,29597460.000,0,-,-,-,-,3790.6000,3790.4000,3789.8000,3788.2000,3786.8000,3796.6000,3797.0000,3798.0000,3800.0000,3811.6000,3,2,1,1,1,1,1,1,1,1
SF,IF2012,2020-05-08 09:32:17.500,3790.0000,2590,0,29597460.000,0,-,-,-,-,3790.6000,3789.8000,3788.2000,3786.8000,3786.0000,3796.0000,3796.2000,3796.4000,3796.6000,3797.0000,3,1,1,1,1,1,3,1,1,1
SF,IF2012,2020-05-08 09:32:18.000,3790.0000,2590,0,29597460.000,0,-,-,-,-,3790.6000,3789.8000,3788.2000,3786.8000,3786.0000,3795.6000,3795.8000,3796.0000,3796.6000,3797.0000,2,1,1,1,1,1,3,1,1,1
SF,IF2012,2020-05-08 09:32:18.500,3790.0000,2590,0,29597460.000,0,-,-,-,-,3790.8000,3790.6000,3789.8000,3788.2000,3786.0000,3793.8000,3795.2000,3795.4000,3795.6000,3795.8000,1,2,1,1,1,1,1,1,1,2
SF,IF2012,2020-05-08 09:32:19.000,3790.0000,2590,0,29597460.000,0,-,-,-,-,3790.8000,3790.6000,3789.8000,3788.2000,3786.0000,3793.8000,3795.2000,3795.4000,3795.6000,3795.8000,1,3,1,1,1,1,1,1,1,2
SF,IF2012,2020-05-08 09:32:20.000,3790.0000,2590,0,29597460.000,0,-,-,-,-,3791.0000,3790.8000,3790.6000,3789.8000,3788.2000,3793.8000,3795.2000,3795.4000,3795.6000,3795.8000,1,1,3,1,1,1,1,1,1,2
SF,IF2012,2020-05-08 09:32:20.500,3790.0000,2590,0,29597460.000,0,-,-,-,-,3791.0000,3790.8000,3790.6000,3789.8000,3788.2000,3791.2000,3793.6000,3793.8000,3795.2000,3795.6000,1,1,3,1,1,1,2,1,1,1
SF,IF2012,2020-05-08 09:32:21.000,3791.2000,2589,-1,30734820.000,1,0,1,双平,S,3791.0000,3790.8000,3790.6000,3789.8000,3788.2000,3793.8000,3795.6000,3795.8000,3796.0000,3796.6000,1,1,3,1,1,1,1,2,1,1
SF,IF2012,2020-05-08 09:32:21.500,3791.2000,2589,0,30734820.000,0,-,-,-,-,3791.0000,3790.6000,3789.8000,3788.2000,3786.0000,3793.6000,3793.8000,3795.6000,3795.8000,3796.0000,1,3,1,1,1,1,1,1,2,1
SF,IF2012,2020-05-08 09:32:22.000,3791.2000,2589,0,30734820.000,0,-,-,-,-,3791.0000,3790.6000,3789.8000,3788.2000,3786.0000,3793.4000,3793.6000,3793.8000,3795.6000,3795.8000,1,3,1,1,1,1,1,1,1,2
SF,IF2012,2020-05-08 09:32:22.500,3791.2000,2589,0,30734820.000,0,-,-,-,-,3789.8000,3788.2000,3786.0000,3781.0000,3777.8000,3793.2000,3793.4000,3793.8000,3795.6000,3795.8000,1,1,1,1,1,1,2,1,1,2
SF,IF2012,2020-05-08 09:32:23.000,3791.2000,2589,0,30734820.000,0,-,-,-,-,3789.8000,3788.2000,3786.0000,3781.0000,3777.8000,3793.0000,3793.2000,3793.4000,3793.8000,3795.6000,1,1,1,1,1,2,1,1,1,1
SF,IF2012,2020-05-08 09:32:23.500,3791.2000,2589,0,30734820.000,0,-,-,-,-,3790.2000,3790.0000,3789.8000,3788.2000,3786.0000,3793.0000,3793.4000,3793.8000,3795.6000,3795.8000,1,1,1,1,1,3,1,1,1,2
SF,IF2012,2020-05-08 09:32:24.000,3791.2000,2589,0,30734820.000,0,-,-,-,-,3789.8000,3788.2000,3786.0000,3781.0000,3777.8000,3793.0000,3793.8000,3795.6000,3795.8000,3796.0000,1,1,1,1,1,2,1,1,2,1
SF,IF2012,2020-05-08 09:32:24.500,3791.2000,2589,0,30734820.000,0,-,-,-,-,3790.0000,3789.8000,3788.2000,3786.0000,3781.0000,3792.8000,3793.0000,3793.8000,3795.6000,3795.8000,1,1,1,1,1,2,2,1,1,2
SF,IF2012,2020-05-08 09:32:25.000,3791.2000,2589,0,30734820.000,0,-,-,-,-,3790.0000,3789.8000,3788.2000,3786.0000,3781.0000,3793.8000,3795.6000,3795.8000,3796.0000,3796.6000,1,1,1,1,1,1,1,2,1,1
SF,IF2012,2020-05-08 09:32:25.500,3791.2000,2589,0,30734820.000,0,-,-,-,-,3789.8000,3788.2000,3786.0000,3781.0000,3777.8000,3791.2000,3792.8000,3793.6000,3793.8000,3795.6000,1,1,1,1,1,1,1,1,1,1
SF,IF2012,2020-05-08 09:32:26.000,3791.2000,2588,-1,31872180.000,1,0,1,双平,S,3790.0000,3789.8000,3788.2000,3786.0000,3781.0000,3793.2000,3793.8000,3795.6000,3795.8000,3796.0000,2,1,1,1,1,1,1,1,2,1
SF,IF2012,2020-05-08 09:32:26.500,3791.2000,2588,0,31872180.000,0,-,-,-,-,3790.0000,3789.8000,3788.2000,3786.0000,3781.0000,3793.0000,3793.2000,3793.8000,3795.6000,3795.8000,1,1,1,1,1,2,1,1,1,2
SF,IF2012,2020-05-08 09:32:27.000,3791.2000,2588,0,31872180.000,0,-,-,-,-,3789.8000,3788.2000,3786.0000,3781.0000,3777.8000,3792.8000,3793.0000,3793.2000,3793.8000,3795.6000,1,1,1,1,1,2,2,1,1,1
SF,IF2012,2020-05-08 09:32:27.500,3791.2000,2588,0,31872180.000,0,-,-,-,-,3790.0000,3789.8000,3788.2000,3786.0000,3781.0000,3792.6000,3793.8000,3795.6000,3795.8000,3796.0000,1,1,1,1,1,2,1,1,2,1
SF,IF2012,2020-05-08 09:32:28.000,3791.2000,2588,0,31872180.000,0,-,-,-,-,3790.0000,3789.8000,3788.2000,3786.0000,3781.0000,3792.6000,3793.8000,3795.6000,3795.8000,3796.0000,1,1,1,1,1,1,1,1,2,1
SF,IF2012,2020-05-08 09:32:28.500,3791.2000,2588,0,31872180.000,0,-,-,-,-,3790.4000,3790.0000,3789.8000,3788.2000,3786.0000,3792.4000,3793.8000,3795.6000,3795.8000,3796.0000,1,1,1,1,1,1,1,1,2,1
SF,IF2012,2020-05-08 09:32:29.000,3791.2000,2588,0,31872180.000,0,-,-,-,-,3790.6000,3790.4000,3789.8000,3788.2000,3786.0000,3792.4000,3793.8000,3795.6000,3795.8000,3796.0000,2,1,1,1,1,1,1,1,2,1
SF,IF2012,2020-05-08 09:32:29.500,3791.2000,2588,0,31872180.000,0,-,-,-,-,3790.6000,3789.8000,3788.2000,3786.0000,3781.0000,3792.4000,3793.8000,3795.6000,3795.8000,3796.0000,2,1,1,1,1,1,1,1,2,1
SF,IF2012,2020-05-08 09:32:30.000,3791.2000,2588,0,31872180.000,0,-,-,-,-,3790.6000,3789.8000,3788.2000,3786.0000,3781.0000,3793.8000,3795.6000,3795.8000,3796.0000,3796.6000,2,1,1,1,1,1,1,2,1,1
SF,IF2012,2020-05-08 09:32:30.500,3791.2000,2588,0,31872180.000,0,-,-,-,-,3790.8000,3790.6000,3789.8000,3788.2000,3786.0000,3793.6000,3793.8000,3795.6000,3795.8000,3796.0000,1,2,1,1,1,1,1,1,2,1
SF,IF2012,2020-05-08 09:32:31.000,3791.2000,2588,0,31872180.000,0,-,-,-,-,3791.0000,3790.8000,3789.8000,3788.2000,3786.0000,3791.2000,3793.4000,3793.8000,3795.6000,3795.8000,3,1,1,1,1,1,1,1,1,2
SF,IF2012,2020-05-08 09:32:31.500,3791.2000,2587,-1,33009540.000,1,0,1,双平,S,3791.0000,3790.8000,3789.8000,3788.2000,3786.0000,3793.4000,3793.8000,3795.6000,3795.8000,3796.0000,2,1,1,1,1,2,1,1,2,1
SF,IF2012,2020-05-08 09:32:32.000,3791.2000,2587,0,33009540.000,0,-,-,-,-,3791.0000,3790.8000,3790.0000,3789.8000,3788.2000,3793.2000,3793.4000,3793.8000,3795.6000,3795.8000,1,1,1,1,1,2,1,1,1,2
SF,IF2012,2020-05-08 09:32:32.500,3791.2000,2587,0,33009540.000,0,-,-,-,-,3790.8000,3790.0000,3789.8000,3788.2000,3786.0000,3793.2000,3795.6000,3795.8000,3796.0000,3796.6000,1,1,1,1,1,3,1,2,1,1
SF,IF2012,2020-05-08 09:32:33.000,3791.2000,2587,0,33009540.000,0,-,-,-,-,3790.8000,3790.0000,3789.8000,3788.2000,3786.0000,3792.4000,3793.0000,3793.2000,3795.6000,3795.8000,1,1,1,1,1,1,1,2,1,2
SF,IF2012,2020-05-08 09:32:33.500,3791.2000,2587,0,33009540.000,0,-,-,-,-,3791.0000,3790.8000,3790.0000,3789.8000,3788.2000,3792.4000,3793.0000,3793.2000,3795.6000,3795.8000,1,1,1,1,1,1,1,1,1,2
SF,IF2012,2020-05-08 09:32:36.000,3791.2000,2587,0,33009540.000,0,-,-,-,-,3791.0000,3790.8000,3790.0000,3789.8000,3788.2000,3792.2000,3792.4000,3793.2000,3795.6000,3795.8000,1,1,1,1,1,1,1,1,1,2
SF,IF2012,2020-05-08 09:32:36.500,3791.2000,2587,0,33009540.000,0,-,-,-,-,3790.8000,3790.0000,3789.8000,3788.2000,3786.0000,3792.0000,3792.2000,3792.4000,3795.6000,3795.8000,1,1,1,1,1,1,1,1,1,2
SF,IF2012,2020-05-08 09:32:37.500,3790.8000,2586,-1,34146780.000,1,0,1,双平,S,3790.0000,3789.8000,3788.2000,3786.0000,3781.0000,3792.0000,3792.2000,3792.4000,3795.6000,3795.8000,1,1,1,1,1,1,1,1,1,2
SF,IF2012,2020-05-08 09:32:38.000,3790.8000,2586,0,34146780.000,0,-,-,-,-,3790.0000,3789.8000,3788.2000,3786.0000,3781.0000,3790.6000,3791.6000,3792.0000,3795.6000,3795.8000,1,1,1,1,1,1,1,1,1,2
SF,IF2012,2020-05-08 09:32:38.500,3790.8000,2585,-1,35284020.000,1,0,1,双平,S,3790.2000,3790.0000,3789.8000,3788.2000,3786.0000,3791.6000,3795.6000,3795.8000,3796.0000,3797.0000,2,1,1,1,1,1,1,2,1,1
SF,IF2012,2020-05-08 09:32:39.000,3790.8000,2585,0,35284020.000,0,-,-,-,-,3790.2000,3790.0000,3789.8000,3788.2000,3786.0000,3791.6000,3795.6000,3795.8000,3797.0000,3798.0000,2,1,1,1,1,1,1,2,1,1
SF,IF2012,2020-05-08 09:32:40.000,3791.6000,2585,0,36421500.000,1,0,1,多换,S,3790.2000,3790.0000,3789.8000,3788.2000,3786.0000,3795.6000,3795.8000,3797.0000,3798.0000,3800.0000,2,1,1,1,1,1,2,1,1,1
SF,IF2012,2020-05-08 09:32:40.500,3791.6000,2585,0,36421500.000,0,-,-,-,-,3790.4000,3790.0000,3789.8000,3789.6000,3788.2000,3795.2000,3795.4000,3795.6000,3797.0000,3798.0000,1,1,1,1,1,2,1,1,1,1
SF,IF2012,2020-05-08 09:32:41.000,3791.6000,2585,0,36421500.000,0,-,-,-,-,3790.4000,3790.0000,3789.8000,3789.6000,3788.2000,3794.8000,3795.0000,3795.2000,3797.0000,3798.0000,1,1,1,1,1,1,1,2,1,1
SF,IF2012,2020-05-08 09:32:41.500,3791.6000,2585,0,36421500.000,0,-,-,-,-,3790.4000,3790.0000,3789.8000,3789.6000,3788.2000,3794.6000,3794.8000,3797.0000,3798.0000,3800.0000,1,1,1,1,1,1,1,1,1,1
SF,IF2012,2020-05-08 09:32:42.000,3790.4000,2585,0,37558620.000,1,0,1,多换,S,3790.6000,3790.0000,3789.8000,3789.6000,3788.2000,3794.6000,3794.8000,3797.0000,3798.0000,3800.0000,1,1,1,1,1,1,1,1,1,1
SF,IF2012,2020-05-08 09:32:43.000,3790.4000,2585,0,37558620.000,0,-,-,-,-,3790.0000,3789.8000,3789.6000,3788.2000,3786.0000,3794.6000,3794.8000,3797.0000,3798.0000,3800.0000,1,1,1,1,1,1,1,1,1,1
SF,IF2012,2020-05-08 09:32:43.500,3790.4000,2585,0,37558620.000,0,-,-,-,-,3790.0000,3789.8000,3789.6000,3788.2000,3786.0000,3794.0000,3794.4000,3794.6000,3797.0000,3798.0000,1,1,1,1,1,1,2,1,1,1
SF,IF2012,2020-05-08 09:32:44.000,3790.4000,2585,0,37558620.000,0,-,-,-,-,3790.2000,3790.0000,3789.8000,3789.6000,3788.2000,3794.0000,3794.4000,3797.0000,3798.0000,3800.0000,1,1,1,1,1,1,1,1,1,1
SF,IF2012,2020-05-08 09:32:44.500,3790.4000,2585,0,37558620.000,0,-,-,-,-,3790.2000,3790.0000,3789.8000,3789.6000,3788.2000,3793.8000,3794.0000,3794.4000,3797.0000,3798.0000,1,1,1,1,1,1,1,1,1,1
SF,IF2012,2020-05-08 09:32:45.000,3790.4000,2585,0,37558620.000,0,-,-,-,-,3790.6000,3790.0000,3789.8000,3789.6000,3788.2000,3793.8000,3794.0000,3794.4000,3797.0000,3798.0000,1,1,1,1,1,1,1,1,1,1
SF,IF2012,2020-05-08 09:32:45.500,3790.4000,2585,0,38695740.000,1,0,1,多换,S,3790.0000,3789.8000,3789.6000,3788.2000,3786.0000,3793.4000,3793.6000,3793.8000,3794.4000,3797.0000,1,1,1,1,1,1,1,1,1,1
SF,IF2012,2020-05-08 09:32:46.000,3790.4000,2585,0,38695740.000,0,-,-,-,-,3790.2000,3790.0000,3789.8000,3789.6000,3788.2000,3791.2000,3793.4000,3793.6000,3793.8000,3797.0000,1,1,1,1,1,1,1,1,1,1
SF,IF2012,2020-05-08 09:32:46.500,3790.4000,2585,0,38695740.000,0,-,-,-,-,3790.2000,3790.0000,3789.8000,3789.6000,3788.2000,3791.2000,3793.6000,3797.0000,3798.0000,3800.0000,1,1,1,1,1,1,1,1,1,1
SF,IF2012,2020-05-08 09:32:52.000,3790.4000,2585,0,38695740.000,0,-,-,-,-,3790.2000,3790.0000,3789.6000,3788.2000,3786.0000,3791.2000,3793.6000,3797.0000,3798.0000,3800.0000,1,1,1,1,1,1,1,1,1,1
SF,IF2012,2020-05-08 09:32:52.500,3790.4000,2585,0,38695740.000,0,-,-,-,-,3790.0000,3789.6000,3788.2000,3786.0000,3781.0000,3791.2000,3793.6000,3797.0000,3798.0000,3800.0000,1,1,1,1,1,1,1,1,1,1
SF,IF2012,2020-05-08 09:32:54.500,3790.0000,2585,0,39832740.000,1,0,1,多换,S,3789.6000,3788.2000,3786.0000,3781.0000,3777.8000,3791.2000,3793.6000,3797.0000,3798.0000,3800.0000,1,1,1,1,1,1,1,1,1,1
SF,IF2012,2020-05-08 09:32:55.000,3790.0000,2585,0,39832740.000,0,-,-,-,-,3789.6000,3788.2000,3786.0000,3781.0000,3777.8000,3793.6000,3797.0000,3798.0000,3800.0000,3811.6000,1,1,1,1,1,1,1,1,1,1
SF,IF2012,2020-05-08 09:32:55.500,3790.0000,2585,0,39832740.000,0,-,-,-,-,3789.6000,3788.2000,3786.0000,3781.0000,3777.8000,3791.0000,3793.4000,3793.6000,3797.0000,3798.0000,1,1,1,1,1,1,2,1,1,1
SF,IF2012,2020-05-08 09:32:56.000,3790.0000,2585,0,39832740.000,0,-,-,-,-,3789.6000,3788.2000,3786.0000,3781.0000,3777.8000,3793.4000,3793.6000,3797.0000,3798.0000,3800.0000,1,1,1,1,1,2,1,1,1,1
SF,IF2012,2020-05-08 09:32:56.500,3790.0000,2585,0,39832740.000,0,-,-,-,-,3789.6000,3788.2000,3786.0000,3781.0000,3777.8000,3793.4000,3797.0000,3798.0000,3800.0000,3811.6000,1,1,1,1,1,2,1,1,1,1
SF,IF2012,2020-05-08 09:32:57.000,3790.0000,2585,0,39832740.000,0,-,-,-,-,3789.8000,3789.6000,3788.2000,3786.0000,3781.0000,3792.2000,3793.4000,3797.0000,3798.0000,3800.0000,1,1,1,1,1,1,2,1,1,1
SF,IF2012,2020-05-08 09:32:57.500,3789.8000,2584,-1,40969680.000,1,0,1,双平,S,3789.6000,3788.2000,3786.0000,3781.0000,3777.8000,3791.2000,3792.0000,3792.2000,3793.4000,3797.0000,1,1,1,1,1,1,2,1,1,1
SF,IF2012,2020-05-08 09:32:58.000,3789.8000,2584,0,40969680.000,0,-,-,-,-,3789.6000,3788.2000,3786.0000,3781.0000,3777.8000,3791.0000,3791.2000,3792.2000,3793.4000,3797.0000,1,1,1,1,1,1,1,1,1,1
SF,IF2012,2020-05-08 09:32:58.500,3789.6000,2584,0,42106560.000,1,0,1,多换,S,3788.2000,3786.0000,3781.0000,3777.8000,3777.4000,3791.0000,3791.2000,3792.2000,3793.4000,3797.0000,1,1,1,1,1,2,1,1,1,1
SF,IF2012,2020-05-08 09:32:59.000,3789.6000,2584,0,42106560.000,0,-,-,-,-,3790.4000,3788.4000,3788.2000,3786.0000,3781.0000,3791.0000,3791.2000,3792.2000,3793.4000,3797.0000,1,1,1,1,1,1,1,1,1,1
SF,IF2012,2020-05-08 09:32:59.500,3790.4000,2584,0,43243680.000,1,0,1,多换,S,3788.2000,3786.0000,3781.0000,3777.8000,3777.4000,3791.0000,3791.2000,3792.2000,3793.4000,3797.0000,1,1,1,1,1,1,1,1,1,1
SF,IF2012,2020-05-08 09:33:00.000,3790.4000,2584,0,43243680.000,0,-,-,-,-,3788.4000,3788.2000,3786.0000,3781.0000,3777.8000,3791.0000,3791.2000,3792.2000,3793.4000,3797.0000,1,1,1,1,1,1,1,1,1,1
SF,IF2012,2020-05-08 09:33:00.500,3790.4000,2584,0,43243680.000,0,-,-,-,-,3788.4000,3788.2000,3786.0000,3781.0000,3777.8000,3790.8000,3791.0000,3791.2000,3792.2000,3793.4000,1,1,1,1,1,1,1,1,1,1
SF,IF2012,2020-05-08 09:33:01.000,3790.4000,2584,0,43243680.000,0,-,-,-,-,3788.6000,3788.2000,3786.0000,3781.0000,3777.8000,3791.0000,3792.2000,3793.4000,3797.0000,3798.0000,1,1,1,1,1,1,1,1,1,1
SF,IF2012,2020-05-08 09:33:01.500,3790.4000,2584,0,43243680.000,0,-,-,-,-,3788.8000,3788.2000,3786.0000,3781.0000,3777.8000,3790.6000,3793.4000,3797.0000,3798.0000,3800.0000,1,1,1,1,1,2,1,1,1,1
SF,IF2012,2020-05-08 09:33:05.500,3790.4000,2584,0,43243680.000,0,-,-,-,-,3788.8000,3788.2000,3786.0000,3781.0000,3777.8000,3790.6000,3793.4000,3797.0000,3798.0000,3800.0000,1,1,1,1,1,1,1,1,1,1
SF,IF2012,2020-05-08 09:33:06.000,3790.4000,2584,0,43243680.000,0,-,-,-,-,3789.0000,3788.8000,3788.2000,3786.0000,3781.0000,3790.6000,3793.4000,3797.0000,3798.0000,3800.0000,1,1,1,1,1,1,1,1,1,1
SF,IF2012,2020-05-08 09:33:06.500,3790.6000,2583,-1,44380860.000,1,0,1,双平,S,3789.2000,3789.0000,3788.2000,3786.0000,3781.0000,3793.4000,3797.0000,3798.0000,3800.0000,3811.6000,1,1,1,1,1,1,1,1,1,1
SF,IF2012,2020-05-08 09:33:07.000,3790.6000,2583,0,44380860.000,0,-,-,-,-,3788.2000,3786.0000,3781.0000,3777.8000,3777.4000,3793.2000,3793.4000,3797.0000,3798.0000,3800.0000,1,1,1,1,1,1,1,1,1,1
SF,IF2012,2020-05-08 09:33:07.500,3790.6000,2583,0,44380860.000,0,-,-,-,-,3788.4000,3788.2000,3786.0000,3781.0000,3777.8000,3793.2000,3793.4000,3797.0000,3798.0000,3800.0000,1,1,1,1,1,1,1,1,1,1
SF,IF2012,2020-05-08 09:33:08.000,3790.6000,2583,0,44380860.000,0,-,-,-,-,3788.4000,3788.2000,3786.0000,3781.0000,3777.8000,3793.0000,3793.2000,3797.0000,3798.0000,3800.0000,1,1,1,1,1,1,1,1,1,1
SF,IF2012,2020-05-08 09:33:08.500,3790.6000,2583,0,44380860.000,0,-,-,-,-,3788.4000,3788.2000,3786.0000,3781.0000,3777.8000,3792.8000,3793.0000,3797.0000,3798.0000,3800.0000,1,1,1,1,1,1,1,1,1,1
SF,IF2012,2020-05-08 09:33:09.000,3790.6000,2583,0,44380860.000,0,-,-,-,-,3788.4000,3788.2000,3786.0000,3781.0000,3777.8000,3792.8000,3793.0000,3797.0000,3798.0000,3800.0000,1,1,1,1,1,2,1,1,1,1
SF,IF2012,2020-05-08 09:33:09.500,3790.6000,2583,0,44380860.000,0,-,-,-,-,3788.4000,3788.2000,3786.0000,3781.0000,3777.8000,3792.8000,3797.0000,3798.0000,3800.0000,3811.6000,1,1,1,1,1,2,1,1,1,1
SF,IF2012,2020-05-08 09:33:10.000,3790.6000,2583,0,44380860.000,0,-,-,-,-,3788.4000,3788.2000,3786.0000,3781.0000,3777.8000,3792.4000,3797.0000,3798.0000,3800.0000,3811.6000,1,1,1,1,1,1,1,1,1,1
SF,IF2012,2020-05-08 09:33:10.500,3790.6000,2583,0,44380860.000,0,-,-,-,-,3788.8000,3788.4000,3788.2000,3786.0000,3781.0000,3792.4000,3797.0000,3798.0000,3800.0000,3811.6000,5,1,1,1,1,1,1,1,1,1
SF,IF2012,2020-05-08 09:33:11.000,3790.6000,2583,0,44380860.000,0,-,-,-,-,3789.0000,3788.8000,3788.2000,3786.0000,3781.0000,3797.0000,3798.0000,3800.0000,3811.6000,3822.0000,1,1,1,1,1,1,1,1,1,1
SF,IF2012,2020-05-08 09:33:11.500,3790.6000,2583,0,44380860.000,0,-,-,-,-,3788.8000,3788.2000,3786.0000,3781.0000,3777.8000,3795.4000,3796.6000,3796.8000,3797.0000,3798.0000,1,1,1,1,1,1,3,1,1,1
SF,IF2012,2020-05-08 09:33:12.000,3790.6000,2583,0,44380860.000,0,-,-,-,-,3789.6000,3789.2000,3789.0000,3788.2000,3786.0000,3794.6000,3794.8000,3795.0000,3797.0000,3798.0000,1,1,6,1,1,1,1,3,1,1
SF,IF2012,2020-05-08 09:33:12.500,3790.6000,2583,0,44380860.000,0,-,-,-,-,3789.6000,3789.2000,3788.2000,3786.0000,3781.0000,3794.2000,3794.4000,3794.6000,3794.8000,3795.0000,1,1,1,1,1,1,1,1,1,2
SF,IF2012,2020-05-08 09:33:13.000,3790.6000,2583,0,44380860.000,0,-,-,-,-,3789.8000,3789.6000,3789.2000,3788.2000,3786.0000,3793.6000,3794.2000,3794.8000,3795.0000,3797.0000,1,1,1,1,1,1,1,1,2,1
SF,IF2012,2020-05-08 09:33:13.500,3790.6000,2583,0,44380860.000,0,-,-,-,-,3789.8000,3789.6000,3786.0000,3781.0000,3777.8000,3793.4000,3793.6000,3794.2000,3794.8000,3795.0000,1,1,1,1,1,1,1,1,1,2
SF,IF2012,2020-05-08 09:33:14.000,3790.6000,2583,0,44380860.000,0,-,-,-,-,3789.6000,3786.0000,3781.0000,3777.8000,3777.4000,3793.4000,3793.6000,3794.2000,3794.8000,3795.0000,1,1,1,1,1,1,1,1,1,2
SF,IF2012,2020-05-08 09:33:14.500,3790.6000,2583,0,44380860.000,0,-,-,-,-,3790.0000,3786.0000,3781.0000,3777.8000,3777.4000,3793.0000,3793.4000,3793.6000,3794.2000,3794.8000,2,1,1,1,1,1,1,1,1,1
SF,IF2012,2020-05-08 09:33:15.000,3790.6000,2583,0,44380860.000,0,-,-,-,-,3790.0000,3786.0000,3781.0000,3777.8000,3777.4000,3792.8000,3793.0000,3793.6000,3794.2000,3794.8000,2,1,1,1,1,1,1,1,1,1
SF,IF2012,2020-05-08 09:33:15.500,3790.6000,2583,0,44380860.000,0,-,-,-,-,3790.0000,3786.0000,3781.0000,3777.8000,3777.4000,3792.6000,3792.8000,3793.0000,3793.6000,3794.2000,2,1,1,1,1,1,1,1,1,1
SF,IF2012,2020-05-08 09:33:16.000,3790.6000,2583,0,44380860.000,0,-,-,-,-,3786.0000,3781.0000,3777.8000,3777.4000,3775.2000,3792.4000,3792.6000,3793.0000,3794.2000,3794.8000,1,1,1,1,5,1,2,1,1,1
SF,IF2012,2020-05-08 09:33:16.500,3790.6000,2583,0,44380860.000,0,-,-,-,-,3786.4000,3786.2000,3786.0000,3781.0000,3777.8000,3792.6000,3793.0000,3794.2000,3794.8000,3795.0000,5,1,1,1,1,1,1,1,1,2
SF,IF2012,2020-05-08 09:33:17.000,3790.6000,2583,0,44380860.000,0,-,-,-,-,3787.8000,3786.6000,3786.4000,3786.0000,3781.0000,3792.6000,3793.0000,3794.2000,3794.8000,3795.0000,1,1,5,1,1,1,1,1,1,2
SF,IF2012,2020-05-08 09:33:17.500,3790.6000,2583,0,44380860.000,0,-,-,-,-,3787.8000,3786.6000,3786.4000,3786.0000,3781.0000,3792.4000,3792.6000,3793.0000,3794.2000,3794.8000,1,1,5,1,1,1,1,1,1,1
SF,IF2012,2020-05-08 09:33:18.000,3790.6000,2583,0,44380860.000,0,-,-,-,-,3788.4000,3788.0000,3787.8000,3786.4000,3786.0000,3792.4000,3792.6000,3793.0000,3794.2000,3794.8000,1,2,1,5,1,1,1,1,1,1
SF,IF2012,2020-05-08 09:33:18.500,3790.6000,2583,0,44380860.000,0,-,-,-,-,3788.6000,3788.4000,3788.0000,3787.8000,3786.0000,3792.0000,3792.4000,3793.0000,3794.2000,3794.8000,1,1,6,1,1,1,1,1,1,1
SF,IF2012,2020-05-08 09:33:19.000,3790.6000,2583,0,44380860.000,0,-,-,-,-,3788.6000,3788.4000,3788.0000,3787.8000,3786.0000,3792.0000,3793.0000,3794.2000,3794.8000,3795.0000,1,1,5,1,1,1,1,1,1,2
SF,IF2012,2020-05-08 09:33:21.000,3790.6000,2583,0,44380860.000,0,-,-,-,-,3788.6000,3788.4000,3788.0000,3787.8000,3786.0000,3792.0000,3794.2000,3794.8000,3795.0000,3797.0000,1,1,5,1,1,1,1,1,2,1
SF,IF2012,2020-05-08 09:33:21.500,3790.6000,2583,0,44380860.000,0,-,-,-,-,3788.6000,3788.0000,3787.8000,3786.0000,3781.0000,3792.0000,3794.2000,3794.8000,3795.0000,3797.0000,1,5,1,1,1,1,1,1,2,1
SF,IF2012,2020-05-08 09:33:24.000,3790.6000,2583,0,44380860.000,0,-,-,-,-,3790.8000,3788.6000,3788.0000,3787.8000,3786.0000,3791.8000,3792.0000,3794.2000,3794.8000,3795.0000,1,1,5,1,1,1,1,1,1,2
SF,IF2012,2020-05-08 09:33:24.500,3790.6000,2583,0,44380860.000,0,-,-,-,-,3790.8000,3788.0000,3787.8000,3786.0000,3781.0000,3791.6000,3791.8000,3792.0000,3794.2000,3794.8000,1,5,1,1,1,1,1,1,1,1
SF,IF2012,2020-05-08 09:33:25.000,3790.8000,2582,-1,45518100.000,1,0,1,双平,S,3788.0000,3787.8000,3786.0000,3781.0000,3777.8000,3791.6000,3792.0000,3794.2000,3794.8000,3795.0000,5,1,1,1,1,1,1,1,1,2
SF,IF2012,2020-05-08 09:33:25.500,3790.8000,2582,0,45518100.000,0,-,-,-,-,3788.2000,3786.0000,3781.0000,3777.8000,3777.4000,3792.0000,3794.2000,3794.8000,3795.0000,3797.0000,1,1,1,1,1,1,1,1,2,1
SF,IF2012,2020-05-08 09:33:26.500,3790.8000,2582,0,45518100.000,0,-,-,-,-,3788.4000,3788.2000,3786.0000,3781.0000,3777.8000,3791.8000,3792.0000,3794.2000,3794.8000,3795.0000,1,1,1,1,1,1,1,1,1,2
SF,IF2012,2020-05-08 09:33:27.000,3790.8000,2582,0,45518100.000,0,-,-,-,-,3788.6000,3788.4000,3786.0000,3781.0000,3777.8000,3791.8000,3792.0000,3794.2000,3794.8000,3795.0000,1,1,1,1,1,1,1,1,1,2
SF,IF2012,2020-05-08 09:33:27.500,3790.8000,2582,0,45518100.000,0,-,-,-,-,3789.0000,3788.6000,3788.4000,3786.0000,3781.0000,3791.8000,3794.2000,3794.8000,3795.0000,3797.0000,1,1,1,1,1,1,1,1,2,1
SF,IF2012,2020-05-08 09:33:28.500,3790.8000,2582,0,45518100.000,0,-,-,-,-,3789.2000,3788.6000,3788.4000,3786.0000,3781.0000,3791.8000,3794.2000,3794.8000,3795.0000,3797.0000,1,1,1,1,1,1,1,1,2,1
SF,IF2012,2020-05-08 09:33:29.000,3790.8000,2582,0,45518100.000,0,-,-,-,-,3788.4000,3786.0000,3781.0000,3777.8000,3777.4000,3791.6000,3791.8000,3794.2000,3794.8000,3795.0000,1,1,1,1,1,2,1,1,1,2
SF,IF2012,2020-05-08 09:33:29.500,3790.8000,2582,0,45518100.000,0,-,-,-,-,3788.4000,3786.0000,3781.0000,3777.8000,3777.4000,3791.6000,3791.8000,3794.2000,3794.8000,3795.0000,1,1,1,1,1,1,1,1,1,2
SF,IF2012,2020-05-08 09:33:30.000,3790.8000,2582,0,45518100.000,0,-,-,-,-,3788.4000,3786.0000,3781.0000,3777.8000,3777.4000,3791.6000,3794.2000,3794.8000,3795.0000,3797.0000,1,1,1,1,1,1,1,1,2,1
SF,IF2012,2020-05-08 09:33:31.000,3790.8000,2582,0,45518100.000,0,-,-,-,-,3788.4000,3786.0000,3781.0000,3777.8000,3777.4000,3791.6000,3794.2000,3794.8000,3795.0000,3797.0000,1,1,1,1,1,1,1,1,2,1
SF,IF2012,2020-05-08 09:33:31.500,3790.8000,2582,0,45518100.000,0,-,-,-,-,3788.4000,3786.0000,3781.0000,3777.8000,3777.4000,3791.2000,3791.6000,3794.2000,3794.8000,3795.0000,1,1,1,1,1,1,1,1,1,2
SF,IF2012,2020-05-08 09:33:32.000,3790.8000,2582,0,45518100.000,0,-,-,-,-,3788.6000,3788.4000,3786.0000,3781.0000,3777.8000,3791.6000,3794.2000,3795.0000,3797.0000,3798.0000,1,1,1,1,1,1,1,2,1,1
SF,IF2012,2020-05-08 09:33:32.500,3790.8000,2582,0,45518100.000,0,-,-,-,-,3786.0000,3781.0000,3777.8000,3777.4000,3775.2000,3791.0000,3791.6000,3794.2000,3795.0000,3797.0000,1,1,1,1,5,1,1,1,2,1
SF,IF2012,2020-05-08 09:33:33.000,3790.8000,2582,0,45518100.000,0,-,-,-,-,3786.4000,3786.2000,3786.0000,3781.0000,3777.8000,3794.2000,3795.0000,3797.0000,3798.0000,3800.0000,5,1,1,1,1,1,2,1,1,1
SF,IF2012,2020-05-08 09:33:33.500,3790.8000,2582,0,45518100.000,0,-,-,-,-,3787.4000,3787.0000,3786.6000,3786.4000,3786.0000,3793.8000,3794.2000,3797.0000,3798.0000,3800.0000,1,1,1,5,1,2,2,1,1,1
SF,IF2012,2020-05-08 09:33:34.000,3790.8000,2582,0,45518100.000,0,-,-,-,-,3787.8000,3787.6000,3787.4000,3787.0000,3786.0000,3793.4000,3793.8000,3794.2000,3797.0000,3798.0000,5,1,1,1,1,1,2,1,1,1
SF,IF2012,2020-05-08 09:33:34.500,3790.8000,2582,0,45518100.000,0,-,-,-,-,3788.0000,3787.8000,3787.4000,3787.0000,3786.0000,3792.8000,3793.4000,3793.8000,3794.2000,3797.0000,1,5,1,1,1,1,1,2,1,1
SF,IF2012,2020-05-08 09:33:35.000,3790.8000,2582,0,45518100.000,0,-,-,-,-,3788.0000,3787.8000,3787.4000,3787.0000,3786.0000,3792.6000,3792.8000,3793.4000,3793.8000,3797.0000,1,5,1,1,1,1,1,1,2,1
SF,IF2012,2020-05-08 09:33:35.500,3790.8000,2582,0,45518100.000,0,-,-,-,-,3788.4000,3788.0000,3787.8000,3787.4000,3787.0000,3792.6000,3792.8000,3793.4000,3793.8000,3797.0000,1,1,5,1,1,1,1,1,2,1
SF,IF2012,2020-05-08 09:33:36.000,3790.8000,2582,0,45518100.000,0,-,-,-,-,3788.6000,3788.4000,3788.2000,3787.8000,3787.4000,3792.4000,3792.6000,3793.4000,3793.8000,3797.0000,1,1,1,5,1,1,1,1,2,1
SF,IF2012,2020-05-08 09:33:36.500,3790.8000,2582,0,45518100.000,0,-,-,-,-,3788.6000,3788.4000,3788.2000,3787.8000,3787.4000,3792.2000,3792.4000,3793.4000,3793.8000,3797.0000,1,1,1,5,1,2,1,1,2,1
SF,IF2012,2020-05-08 09:33:37.000,3790.8000,2582,0,45518100.000,0,-,-,-,-,3788.8000,3788.6000,3788.2000,3787.8000,3787.4000,3792.2000,3792.4000,3793.4000,3793.8000,3797.0000,1,1,1,5,1,3,1,1,2,1
SF,IF2012,2020-05-08 09:33:37.500,3790.8000,2582,0,45518100.000,0,-,-,-,-,3788.8000,3788.6000,3788.2000,3787.8000,3787.4000,3792.2000,3793.4000,3793.8000,3797.0000,3798.0000,1,1,1,5,1,3,1,2,1,1
SF,IF2012,2020-05-08 09:33:38.000,3790.8000,2582,0,45518100.000,0,-,-,-,-,3788.8000,3788.6000,3788.2000,3787.8000,3787.4000,3792.0000,3792.2000,3793.4000,3793.8000,3797.0000,1,1,1,5,1,1,2,1,2,1
SF,IF2012,2020-05-08 09:33:38.500,3790.8000,2582,0,45518100.000,0,-,-,-,-,3789.0000,3788.8000,3788.2000,3787.8000,3787.4000,3792.2000,3793.4000,3793.8000,3797.0000,3798.0000,1,1,1,5,1,2,1,2,1,1
SF,IF2012,2020-05-08 09:33:39.000,3790.8000,2582,0,45518100.000,0,-,-,-,-,3788.2000,3787.8000,3787.4000,3787.0000,3786.0000,3791.8000,3792.2000,3793.4000,3793.8000,3797.0000,1,5,1,1,1,2,2,1,2,1
SF,IF2012,2020-05-08 09:33:39.500,3790.8000,2582,0,45518100.000,0,-,-,-,-,3791.0000,3788.4000,3788.2000,3787.8000,3787.4000,3791.8000,3792.2000,3793.4000,3793.8000,3797.0000,2,1,1,5,1,1,1,1,2,1
SF,IF2012,2020-05-08 09:33:40.000,3791.0000,2582,0,47792700.000,2,1,1,多换,S,3788.4000,3788.2000,3787.0000,3786.0000,3781.0000,3791.6000,3792.2000,3793.4000,3793.8000,3797.0000,1,1,1,1,1,1,1,1,2,1
SF,IF2012,2020-05-08 09:33:40.500,3791.0000,2582,0,47792700.000,0,-,-,-,-,3788.6000,3788.4000,3788.2000,3787.0000,3786.0000,3791.6000,3792.2000,3793.4000,3793.8000,3797.0000,1,1,1,1,1,1,1,1,2,1
SF,IF2012,2020-05-08 09:33:41.500,3791.0000,2582,0,47792700.000,0,-,-,-,-,3788.6000,3788.4000,3788.2000,3787.0000,3786.0000,3791.6000,3793.4000,3793.8000,3797.0000,3798.0000,1,1,1,1,1,1,1,2,1,1
SF,IF2012,2020-05-08 09:33:42.000,3791.0000,2582,0,47792700.000,0,-,-,-,-,3788.6000,3788.4000,3788.2000,3787.0000,3786.0000,3793.4000,3793.8000,3797.0000,3798.0000,3800.0000,1,1,1,1,1,1,2,1,1,1
SF,IF2012,2020-05-08 09:33:42.500,3791.0000,2582,0,47792700.000,0,-,-,-,-,3788.4000,3788.2000,3787.0000,3786.0000,3781.0000,3793.2000,3793.4000,3793.8000,3797.0000,3798.0000,1,1,1,1,1,1,1,2,1,1
SF,IF2012,2020-05-08 09:33:43.000,3791.0000,2582,0,47792700.000,0,-,-,-,-,3788.4000,3788.2000,3787.0000,3786.0000,3781.0000,3792.0000,3792.8000,3793.2000,3793.8000,3797.0000,1,1,1,1,1,1,1,1,2,1
SF,IF2012,2020-05-08 09:33:43.500,3791.0000,2582,0,47792700.000,0,-,-,-,-,3788.6000,3788.4000,3787.0000,3786.0000,3781.0000,3792.0000,3792.8000,3793.2000,3793.8000,3797.0000,2,1,1,1,1,1,1,1,2,1
SF,IF2012,2020-05-08 09:33:45.500,3791.0000,2582,0,47792700.000,0,-,-,-,-,3788.6000,3788.4000,3787.0000,3786.0000,3781.0000,3791.8000,3792.0000,3792.8000,3793.2000,3793.8000,2,1,1,1,1,1,1,1,1,2
SF,IF2012,2020-05-08 09:33:46.000,3791.0000,2582,0,47792700.000,0,-,-,-,-,3788.6000,3788.4000,3787.0000,3786.0000,3781.0000,3791.4000,3791.6000,3791.8000,3792.0000,3792.8000,1,1,1,1,1,1,1,1,1,1
SF,IF2012,2020-05-08 09:33:46.500,3791.0000,2582,0,47792700.000,0,-,-,-,-,3787.0000,3786.0000,3781.0000,3777.8000,3777.4000,3791.2000,3791.8000,3792.0000,3792.8000,3793.8000,1,1,1,1,1,2,1,1,1,2
SF,IF2012,2020-05-08 09:33:47.000,3791.0000,2582,0,47792700.000,0,-,-,-,-,3787.2000,3787.0000,3786.0000,3781.0000,3777.8000,3791.0000,3791.2000,3791.8000,3792.8000,3793.8000,6,1,1,1,1,1,1,1,1,2
SF,IF2012,2020-05-08 09:33:47.500,3791.0000,2582,0,47792700.000,0,-,-,-,-,3787.2000,3787.0000,3786.0000,3781.0000,3777.8000,3791.0000,3791.2000,3791.8000,3792.8000,3793.8000,1,1,1,1,1,1,1,1,1,2
SF,IF2012,2020-05-08 09:33:48.000,3791.0000,2582,0,47792700.000,0,-,-,-,-,3787.0000,3786.0000,3781.0000,3777.8000,3777.4000,3790.8000,3791.0000,3791.8000,3792.8000,3793.8000,1,1,1,1,1,1,1,1,1,2
SF,IF2012,2020-05-08 09:33:48.500,3791.0000,2582,0,47792700.000,0,-,-,-,-,3787.0000,3786.0000,3781.0000,3777.8000,3777.4000,3790.8000,3791.0000,3793.8000,3797.0000,3798.0000,1,1,1,1,1,2,1,2,1,1
SF,IF2012,2020-05-08 09:33:49.000,3791.0000,2582,0,47792700.000,0,-,-,-,-,3787.0000,3786.0000,3781.0000,3777.8000,3777.4000,3789.8000,3790.8000,3791.0000,3793.8000,3797.0000,1,1,1,1,1,1,2,1,2,1
SF,IF2012,2020-05-08 09:33:49.500,3791.0000,2582,0,47792700.000,0,-,-,-,-,3786.0000,3781.0000,3777.8000,3777.4000,3775.2000,3789.8000,3790.4000,3790.8000,3791.0000,3793.8000,1,1,1,1,5,1,1,2,1,2
SF,IF2012,2020-05-08 09:33:50.000,3791.0000,2582,0,47792700.000,0,-,-,-,-,3787.2000,3786.2000,3786.0000,3781.0000,3777.8000,3789.8000,3790.4000,3790.8000,3791.0000,3793.8000,1,1,1,1,1,1,1,1,1,2
SF,IF2012,2020-05-08 09:33:50.500,3791.0000,2582,0,47792700.000,0,-,-,-,-,3787.4000,3787.2000,3786.0000,3781.0000,3777.8000,3790.4000,3791.0000,3793.8000,3797.0000,3798.0000,1,1,1,1,1,1,1,2,1,1
SF,IF2012,2020-05-08 09:33:51.000,3791.0000,2582,0,47792700.000,0,-,-,-,-,3787.4000,3787.2000,3786.0000,3781.0000,3777.8000,3790.4000,3793.8000,3797.0000,3798.0000,3800.0000,1,1,1,1,1,1,2,1,1,1
SF,IF2012,2020-05-08 09:33:51.500,3791.0000,2582,0,47792700.000,0,-,-,-,-,3787.6000,3787.4000,3787.2000,3786.0000,3781.0000,3790.4000,3793.8000,3797.0000,3798.0000,3800.0000,1,1,1,1,1,1,2,1,1,1
SF,IF2012,2020-05-08 09:33:52.000,3791.0000,2582,0,47792700.000,0,-,-,-,-,3787.8000,3787.6000,3786.0000,3781.0000,3777.8000,3790.4000,3793.8000,3797.0000,3798.0000,3800.0000,2,1,1,1,1,1,2,1,1,1
SF,IF2012,2020-05-08 09:33:52.500,3791.0000,2582,0,47792700.000,0,-,-,-,-,3787.8000,3787.6000,3786.0000,3781.0000,3777.8000,3790.2000,3793.8000,3797.0000,3798.0000,3800.0000,1,1,1,1,1,1,2,1,1,1
SF,IF2012,2020-05-08 09:33:53.000,3791.0000,2582,0,47792700.000,0,-,-,-,-,3786.0000,3781.0000,3777.8000,3777.4000,3775.2000,3790.0000,3790.2000,3791.6000,3793.8000,3797.0000,1,1,1,1,5,1,1,1,2,1
SF,IF2012,2020-05-08 09:33:53.500,3791.0000,2582,0,47792700.000,0,-,-,-,-,3786.2000,3786.0000,3781.0000,3777.8000,3777.4000,3791.6000,3793.8000,3797.0000,3798.0000,3800.0000,1,1,1,1,1,1,2,1,1,1
SF,IF2012,2020-05-08 09:33:54.000,3791.0000,2582,0,47792700.000,0,-,-,-,-,3786.0000,3781.0000,3777.8000,3777.4000,3775.2000,3791.2000,3791.4000,3791.6000,3797.0000,3798.0000,1,1,1,1,5,1,3,1,1,1
SF,IF2012,2020-05-08 09:33:54.500,3791.0000,2582,0,47792700.000,0,-,-,-,-,3786.2000,3786.0000,3781.0000,3777.8000,3777.4000,3791.2000,3791.4000,3791.6000,3797.0000,3798.0000,1,1,1,1,1,1,2,1,1,1
SF,IF2012,2020-05-08 09:33:55.000,3791.0000,2582,0,47792700.000,0,-,-,-,-,3786.0000,3781.0000,3777.8000,3777.4000,3775.2000,3790.6000,3790.8000,3791.0000,3791.2000,3791.4000,1,1,1,1,5,2,1,1,1,2
SF,IF2012,2020-05-08 09:33:55.500,3791.0000,2582,0,47792700.000,0,-,-,-,-,3786.2000,3786.0000,3781.0000,3777.8000,3777.4000,3790.6000,3790.8000,3791.2000,3791.4000,3791.6000,1,1,1,1,1,2,2,1,2,1
SF,IF2012,2020-05-08 09:33:56.000,3791.0000,2582,0,47792700.000,0,-,-,-,-,3786.0000,3781.0000,3777.8000,3777.4000,3775.2000,3790.0000,3790.2000,3790.4000,3790.6000,3791.4000,1,1,1,1,5,1,1,2,2,2
SF,IF2012,2020-05-08 09:33:56.500,3791.0000,2582,0,47792700.000,0,-,-,-,-,3786.2000,3786.0000,3781.0000,3777.8000,3777.4000,3790.0000,3790.2000,3790.4000,3790.6000,3791.4000,1,1,1,1,1,1,2,1,2,2
SF,IF2012,2020-05-08 09:33:57.000,3791.0000,2582,0,47792700.000,0,-,-,-,-,3786.2000,3786.0000,3781.0000,3777.8000,3777.4000,3790.0000,3790.2000,3790.6000,3791.6000,3797.0000,1,1,1,1,1,1,1,2,1,1
SF,IF2012,2020-05-08 09:33:58.000,3791.0000,2582,0,47792700.000,0,-,-,-,-,3786.2000,3786.0000,3781.0000,3777.8000,3775.2000,3790.0000,3790.6000,3791.6000,3797.0000,3798.0000,1,1,1,1,5,1,2,1,1,1
SF,IF2012,2020-05-08 09:34:01.000,3791.0000,2582,0,47792700.000,0,-,-,-,-,3786.2000,3786.0000,3781.0000,3777.8000,3775.2000,3789.6000,3790.6000,3791.6000,3797.0000,3798.0000,1,1,1,1,5,2,2,1,1,1
SF,IF2012,2020-05-08 09:34:01.500,3791.0000,2582,0,47792700.000,0,-,-,-,-,3786.0000,3781.0000,3777.8000,3775.2000,3773.8000,3789.4000,3789.6000,3790.6000,3791.6000,3797.0000,1,1,1,5,5,1,2,2,1,1
SF,IF2012,2020-05-08 09:34:02.000,3791.0000,2582,0,47792700.000,0,-,-,-,-,3786.0000,3781.0000,3777.8000,3775.2000,3773.8000,3789.4000,3789.6000,3790.6000,3791.6000,3797.0000,1,1,1,5,5,1,2,1,1,1
SF,IF2012,2020-05-08 09:34:02.500,3791.0000,2582,0,47792700.000,0,-,-,-,-,3786.2000,3786.0000,3781.0000,3777.8000,3775.2000,3789.6000,3790.6000,3791.6000,3797.0000,3798.0000,1,1,1,1,5,2,1,1,1,1
SF,IF2012,2020-05-08 09:34:04.000,3791.0000,2582,0,47792700.000,0,-,-,-,-,3786.2000,3786.0000,3781.0000,3777.8000,3775.2000,3790.6000,3791.6000,3797.0000,3798.0000,3800.0000,1,1,1,1,5,1,1,1,1,1
SF,IF2012,2020-05-08 09:34:04.500,3791.0000,2582,0,47792700.000,0,-,-,-,-,3786.2000,3786.0000,3781.0000,3777.8000,3775.2000,3790.4000,3790.6000,3791.6000,3797.0000,3798.0000,1,1,1,1,5,2,1,1,1,1
SF,IF2012,2020-05-08 09:34:05.000,3791.0000,2582,0,47792700.000,0,-,-,-,-,3786.0000,3781.0000,3777.8000,3775.2000,3773.8000,3790.2000,3790.4000,3790.6000,3791.6000,3797.0000,1,1,1,5,5,2,2,1,1,1
SF,IF2012,2020-05-08 09:34:05.500,3791.0000,2582,0,47792700.000,0,-,-,-,-,3786.0000,3781.0000,3777.8000,3775.2000,3773.8000,3790.0000,3790.2000,3790.4000,3790.6000,3791.6000,1,1,1,5,5,1,2,1,1,1
SF,IF2012,2020-05-08 09:34:06.000,3791.0000,2582,0,47792700.000,0,-,-,-,-,3786.0000,3781.0000,3777.8000,3775.2000,3773.8000,3790.0000,3790.2000,3790.4000,3790.6000,3791.6000,1,1,1,5,5,2,2,1,1,1
SF,IF2012,2020-05-08 09:34:06.500,3791.0000,2582,0,47792700.000,0,-,-,-,-,3786.0000,3781.0000,3777.8000,3775.2000,3773.8000,3789.8000,3790.0000,3790.2000,3790.4000,3790.6000,1,1,1,5,5,1,2,2,1,1
SF,IF2012,2020-05-08 09:34:07.000,3791.0000,2582,0,47792700.000,0,-,-,-,-,3786.0000,3781.0000,3777.8000,3775.2000,3773.8000,3789.6000,3789.8000,3790.0000,3790.2000,3790.6000,1,1,1,5,5,1,2,1,2,1
SF,IF2012,2020-05-08 09:34:07.500,3791.0000,2582,0,47792700.000,0,-,-,-,-,3786.0000,3781.0000,3777.8000,3775.2000,3773.8000,3789.6000,3789.8000,3790.0000,3790.6000,3791.6000,1,1,1,5,5,1,1,1,1,1
SF,IF2012,2020-05-08 09:34:08.000,3791.0000,2582,0,47792700.000,0,-,-,-,-,3786.0000,3781.0000,3777.8000,3775.2000,3773.8000,3789.2000,3789.6000,3790.0000,3790.6000,3791.6000,1,1,1,5,5,1,2,1,1,1
SF,IF2012,2020-05-08 09:34:08.500,3791.0000,2582,0,47792700.000,0,-,-,-,-,3786.2000,3786.0000,3781.0000,3777.8000,3775.2000,3789.0000,3789.2000,3789.4000,3789.6000,3790.0000,1,1,1,1,5,1,1,2,1,1
SF,IF2012,2020-05-08 09:34:09.000,3791.0000,2582,0,47792700.000,0,-,-,-,-,3786.2000,3786.0000,3781.0000,3777.8000,3775.2000,3788.8000,3789.0000,3789.2000,3789.6000,3789.8000,1,1,1,1,5,1,1,1,1,1
SF,IF2012,2020-05-08 09:34:09.500,3791.0000,2582,0,47792700.000,0,-,-,-,-,3786.0000,3781.0000,3777.8000,3775.2000,3773.8000,3788.6000,3788.8000,3789.8000,3790.0000,3790.6000,1,1,1,5,5,1,2,1,1,1
SF,IF2012,2020-05-08 09:34:10.000,3791.0000,2582,0,47792700.000,0,-,-,-,-,3786.0000,3781.0000,3777.8000,3775.2000,3773.8000,3788.6000,3789.8000,3790.0000,3790.6000,3791.6000,1,1,1,5,5,1,1,1,1,1
SF,IF2012,2020-05-08 09:34:11.000,3791.0000,2582,0,47792700.000,0,-,-,-,-,3786.0000,3781.0000,3777.8000,3775.2000,3773.8000,3788.4000,3788.6000,3789.8000,3790.0000,3790.6000,1,1,1,5,5,1,1,1,1,1
SF,IF2012,2020-05-08 09:34:11.500,3791.0000,2582,0,47792700.000,0,-,-,-,-,3786.2000,3786.0000,3781.0000,3777.8000,3775.2000,3788.2000,3789.8000,3790.0000,3790.6000,3791.6000,1,1,1,1,5,2,1,1,1,1
SF,IF2012,2020-05-08 09:34:12.000,3791.0000,2582,0,47792700.000,0,-,-,-,-,3786.0000,3781.0000,3777.8000,3775.2000,3773.8000,3788.0000,3788.2000,3789.8000,3790.0000,3790.6000,1,1,1,5,5,1,1,1,1,1
SF,IF2012,2020-05-08 09:34:12.500,3791.0000,2582,0,47792700.000,0,-,-,-,-,3786.0000,3781.0000,3777.8000,3775.2000,3773.8000,3787.8000,3789.8000,3790.0000,3790.6000,3791.6000,1,1,1,5,5,2,1,1,1,1
SF,IF2012,2020-05-08 09:34:14.500,3786.0000,2581,-1,48928500.000,1,0,1,双平,S,3781.0000,3777.8000,3775.2000,3773.8000,3773.4000,3787.6000,3787.8000,3789.8000,3790.0000,3790.6000,1,1,5,5,1,1,1,1,1,1
SF,IF2012,2020-05-08 09:34:15.000,3786.0000,2581,0,48928500.000,0,-,-,-,-,3781.4000,3781.2000,3781.0000,3777.8000,3775.2000,3789.8000,3790.0000,3791.6000,3797.0000,3798.0000,5,2,1,1,5,1,1,1,1,1
SF,IF2012,2020-05-08 09:34:15.500,3786.0000,2581,0,48928500.000,0,-,-,-,-,3782.6000,3781.6000,3781.4000,3781.2000,3781.0000,3789.4000,3789.8000,3790.0000,3791.6000,3795.0000,1,1,5,1,1,3,1,1,1,1
SF,IF2012,2020-05-08 09:34:16.000,3786.0000,2581,0,48928500.000,0,-,-,-,-,3783.0000,3782.8000,3782.6000,3781.2000,3781.0000,3789.4000,3789.8000,3790.0000,3791.6000,3795.0000,5,1,1,1,1,3,1,1,1,1
SF,IF2012,2020-05-08 09:34:16.500,3786.0000,2581,0,48928500.000,0,-,-,-,-,3783.2000,3783.0000,3782.6000,3781.0000,3777.8000,3789.4000,3789.8000,3790.0000,3791.6000,3795.0000,1,5,1,1,1,3,1,1,1,1
SF,IF2012,2020-05-08 09:34:17.000,3786.0000,2581,0,48928500.000,0,-,-,-,-,3783.8000,3783.6000,3783.4000,3783.2000,3781.0000,3789.2000,3789.4000,3789.8000,3790.0000,3791.6000,1,5,2,1,1,1,3,1,1,1
SF,IF2012,2020-05-08 09:34:17.500,3786.0000,2581,0,48928500.000,0,-,-,-,-,3784.0000,3783.8000,3783.6000,3783.4000,3781.0000,3788.6000,3788.8000,3789.2000,3789.4000,3789.8000,1,1,5,3,1,1,1,1,2,1
SF,IF2012,2020-05-08 09:34:18.000,3786.0000,2581,0,48928500.000,0,-,-,-,-,3784.6000,3784.2000,3784.0000,3783.8000,3783.6000,3788.6000,3788.8000,3789.0000,3789.2000,3789.4000,1,1,2,1,5,1,1,1,1,2
SF,IF2012,2020-05-08 09:34:18.500,3786.0000,2581,0,48928500.000,0,-,-,-,-,3784.8000,3784.6000,3784.2000,3784.0000,3783.8000,3788.6000,3788.8000,3789.0000,3789.4000,3789.8000,1,1,1,1,1,1,1,1,2,1
SF,IF2012,2020-05-08 09:34:19.000,3786.0000,2581,0,48928500.000,0,-,-,-,-,3784.8000,3784.6000,3784.2000,3784.0000,3783.8000,3788.4000,3788.6000,3788.8000,3789.0000,3789.4000,1,1,1,1,1,1,1,1,1,2
SF,IF2012,2020-05-08 09:34:19.500,3786.0000,2581,0,48928500.000,0,-,-,-,-,3784.8000,3784.6000,3784.2000,3783.8000,3783.6000,3788.4000,3788.6000,3788.8000,3789.0000,3789.4000,1,1,1,1,5,1,1,1,1,2
SF,IF2012,2020-05-08 09:34:20.000,3786.0000,2581,0,48928500.000,0,-,-,-,-,3784.8000,3784.6000,3784.2000,3783.6000,3781.0000,3788.4000,3788.6000,3788.8000,3789.0000,3789.4000,1,1,1,5,1,1,1,1,1,2
SF,IF2012,2020-05-08 09:34:20.500,3786.0000,2581,0,48928500.000,0,-,-,-,-,3784.8000,3784.6000,3784.2000,3783.6000,3781.0000,3788.2000,3789.0000,3789.8000,3791.6000,3791.8000,1,1,1,5,1,2,1,1,1,1
SF,IF2012,2020-05-08 09:34:21.000,3786.0000,2581,0,48928500.000,0,-,-,-,-,3785.0000,3784.8000,3784.6000,3783.6000,3781.0000,3788.2000,3789.8000,3791.6000,3791.8000,3795.0000,1,1,1,5,1,2,1,1,1,1
SF,IF2012,2020-05-08 09:34:21.500,3786.0000,2581,0,48928500.000,0,-,-,-,-,3785.0000,3784.8000,3784.6000,3783.6000,3781.0000,3787.8000,3788.2000,3789.8000,3791.6000,3791.8000,1,1,1,5,1,1,2,1,1,1
SF,IF2012,2020-05-08 09:34:22.000,3786.0000,2581,0,48928500.000,0,-,-,-,-,3785.2000,3784.6000,3783.6000,3781.0000,3777.8000,3787.8000,3788.0000,3788.2000,3789.8000,3791.6000,1,1,5,1,1,1,1,1,1,1
SF,IF2012,2020-05-08 09:34:22.500,3786.0000,2581,0,48928500.000,0,-,-,-,-,3785.2000,3783.6000,3781.0000,3777.8000,3775.2000,3787.8000,3788.0000,3788.2000,3789.8000,3791.6000,1,5,1,1,5,1,1,1,1,1
SF,IF2012,2020-05-08 09:34:23.000,3786.0000,2581,0,48928500.000,0,-,-,-,-,3783.6000,3781.0000,3777.8000,3775.2000,3773.8000,3787.6000,3787.8000,3788.0000,3788.2000,3789.8000,5,1,1,5,5,2,1,1,1,1
SF,IF2012,2020-05-08 09:34:23.500,3786.0000,2581,0,48928500.000,0,-,-,-,-,3783.8000,3783.6000,3781.0000,3777.8000,3775.2000,3787.6000,3788.0000,3788.2000,3789.8000,3791.6000,1,5,1,1,5,1,1,1,1,1
SF,IF2012,2020-05-08 09:34:24.000,3786.0000,2581,0,48928500.000,0,-,-,-,-,3783.8000,3781.0000,3777.8000,3775.2000,3773.8000,3787.4000,3787.6000,3788.2000,3791.6000,3791.8000,1,1,1,5,5,1,1,1,1,1
SF,IF2012,2020-05-08 09:34:24.500,3786.0000,2581,0,48928500.000,0,-,-,-,-,3783.8000,3781.0000,3777.8000,3775.2000,3773.8000,3788.2000,3791.6000,3791.8000,3795.0000,3797.0000,1,1,1,5,5,1,1,1,1,1
SF,IF2012,2020-05-08 09:34:25.000,3786.0000,2581,0,48928500.000,0,-,-,-,-,3783.8000,3781.0000,3777.8000,3775.2000,3773.8000,3788.0000,3791.6000,3791.8000,3795.0000,3797.0000,3,1,1,5,5,1,1,1,1,1
SF,IF2012,2020-05-08 09:34:25.500,3786.0000,2581,0,48928500.000,0,-,-,-,-,3784.0000,3783.8000,3781.0000,3777.8000,3775.2000,3791.6000,3791.8000,3795.0000,3797.0000,3798.0000,1,3,1,1,5,1,1,1,1,1
SF,IF2012,2020-05-08 09:34:26.000,3786.0000,2581,0,48928500.000,0,-,-,-,-,3784.0000,3781.0000,3777.8000,3775.2000,3773.8000,3790.2000,3791.2000,3791.4000,3791.6000,3791.8000,1,1,1,5,5,1,3,6,1,1
SF,IF2012,2020-05-08 09:34:26.500,3786.0000,2581,0,48928500.000,0,-,-,-,-,3781.0000,3777.8000,3775.2000,3773.8000,3773.4000,3789.8000,3790.0000,3790.2000,3791.6000,3791.8000,1,1,5,5,1,3,1,1,1,1
SF,IF2012,2020-05-08 09:34:27.000,3786.0000,2581,0,48928500.000,0,-,-,-,-,3781.4000,3781.2000,3781.0000,3777.8000,3775.2000,3789.2000,3789.8000,3790.2000,3791.6000,3791.8000,5,1,1,1,5,2,3,1,1,1
SF,IF2012,2020-05-08 09:34:27.500,3786.0000,2581,0,48928500.000,0,-,-,-,-,3781.6000,3781.4000,3781.2000,3781.0000,3777.8000,3788.8000,3789.2000,3789.8000,3790.2000,3791.6000,1,5,1,1,1,1,2,2,1,1
SF,IF2012,2020-05-08 09:34:28.000,3786.0000,2581,0,48928500.000,0,-,-,-,-,3783.2000,3782.2000,3782.0000,3781.6000,3781.2000,3788.4000,3788.8000,3789.8000,3790.2000,3791.6000,1,1,5,1,1,2,1,2,1,1
SF,IF2012,2020-05-08 09:34:28.500,3786.0000,2581,0,48928500.000,0,-,-,-,-,3783.6000,3783.4000,3783.2000,3782.4000,3782.2000,3788.4000,3788.8000,3789.8000,3790.2000,3791.6000,5,1,1,1,1,2,1,2,1,1
SF,IF2012,2020-05-08 09:34:29.000,3786.0000,2581,0,48928500.000,0,-,-,-,-,3783.8000,3783.6000,3783.2000,3782.4000,3782.2000,3788.8000,3789.8000,3791.6000,3791.8000,3795.0000,1,5,1,1,1,1,2,1,1,1
SF,IF2012,2020-05-08 09:34:29.500,3786.0000,2581,0,48928500.000,0,-,-,-,-,3784.0000,3783.8000,3783.6000,3783.2000,3782.4000,3788.6000,3788.8000,3789.8000,3791.6000,3791.8000,1,1,5,1,1,1,1,2,1,1
SF,IF2012,2020-05-08 09:34:30.000,3786.0000,2581,0,48928500.000,0,-,-,-,-,3784.2000,3784.0000,3783.6000,3782.4000,3782.2000,3788.6000,3788.8000,3789.8000,3791.6000,3791.8000,2,2,5,1,1,2,1,2,1,1
SF,IF2012,2020-05-08 09:34:30.500,3786.0000,2581,0,48928500.000,0,-,-,-,-,3784.2000,3784.0000,3783.6000,3782.2000,3781.0000,3788.6000,3789.8000,3791.6000,3791.8000,3795.0000,2,2,5,1,1,2,2,1,1,1
SF,IF2012,2020-05-08 09:34:31.000,3786.0000,2581,0,48928500.000,0,-,-,-,-,3784.6000,3784.2000,3784.0000,3783.6000,3782.2000,3788.6000,3789.8000,3791.6000,3791.8000,3795.0000,1,2,1,5,1,2,2,1,1,1
SF,IF2012,2020-05-08 09:34:31.500,3786.0000,2581,0,48928500.000,0,-,-,-,-,3784.8000,3784.6000,3784.2000,3783.6000,3782.2000,3789.8000,3791.6000,3791.8000,3795.0000,3797.0000,1,1,1,5,1,2,1,1,1,1
SF,IF2012,2020-05-08 09:34:32.000,3786.0000,2581,0,48928500.000,0,-,-,-,-,3784.8000,3784.6000,3783.6000,3782.2000,3781.0000,3789.4000,3789.6000,3791.6000,3791.8000,3795.0000,1,1,5,1,1,1,1,1,1,1
SF,IF2012,2020-05-08 09:34:32.500,3786.0000,2581,0,48928500.000,0,-,-,-,-,3784.8000,3783.6000,3782.2000,3781.0000,3777.8000,3789.2000,3789.4000,3789.6000,3791.6000,3791.8000,1,5,1,1,1,1,1,1,1,1
SF,IF2012,2020-05-08 09:34:34.000,3786.0000,2581,0,48928500.000,0,-,-,-,-,3784.8000,3783.6000,3782.2000,3781.0000,3777.8000,3789.2000,3791.6000,3791.8000,3795.0000,3797.0000,1,5,1,1,1,1,1,1,1,1
SF,IF2012,2020-05-08 09:34:34.500,3786.0000,2581,0,48928500.000,0,-,-,-,-,3784.8000,3783.6000,3782.2000,3781.0000,3777.8000,3788.8000,3791.6000,3791.8000,3795.0000,3797.0000,1,5,1,1,1,1,1,1,1,1
SF,IF2012,2020-05-08 09:34:35.000,3786.0000,2581,0,48928500.000,0,-,-,-,-,3785.0000,3784.8000,3783.6000,3782.2000,3781.0000,3788.8000,3791.6000,3791.8000,3795.0000,3797.0000,1,1,5,1,1,1,1,1,1,1
SF,IF2012,2020-05-08 09:34:35.500,3786.0000,2581,0,48928500.000,0,-,-,-,-,3785.2000,3785.0000,3783.6000,3782.2000,3781.0000,3788.8000,3791.6000,3791.8000,3795.0000,3797.0000,1,1,5,1,1,1,1,1,1,1
SF,IF2012,2020-05-08 09:34:36.000,3786.0000,2581,0,48928500.000,0,-,-,-,-,3785.2000,3783.6000,3782.2000,3781.0000,3777.8000,3788.8000,3791.6000,3791.8000,3795.0000,3797.0000,1,5,1,1,1,1,1,1,1,1
SF,IF2012,2020-05-08 09:34:37.500,3786.0000,2581,0,48928500.000,0,-,-,-,-,3785.4000,3785.2000,3783.6000,3782.2000,3781.0000,3788.8000,3791.6000,3791.8000,3795.0000,3797.0000,1,1,5,1,1,1,1,1,1,1
SF,IF2012,2020-05-08 09:34:38.000,3786.0000,2581,0,48928500.000,0,-,-,-,-,3785.6000,3785.4000,3783.6000,3781.0000,3777.8000,3788.8000,3791.6000,3791.8000,3795.0000,3797.0000,1,1,5,1,1,1,1,1,1,1
SF,IF2012,2020-05-08 09:34:38.500,3786.0000,2581,0,48928500.000,0,-,-,-,-,3785.6000,3783.6000,3781.0000,3777.8000,3775.2000,3788.4000,3788.8000,3791.6000,3791.8000,3795.0000,1,5,1,1,5,1,1,1,1,1
SF,IF2012,2020-05-08 09:34:39.000,3786.0000,2581,0,48928500.000,0,-,-,-,-,3785.6000,3783.6000,3781.0000,3777.8000,3775.2000,3788.8000,3791.6000,3791.8000,3795.0000,3797.0000,1,5,1,1,5,1,1,1,1,1
SF,IF2012,2020-05-08 09:34:39.500,3786.0000,2581,0,48928500.000,0,-,-,-,-,3785.8000,3785.6000,3783.6000,3781.0000,3777.8000,3788.2000,3788.8000,3791.6000,3791.8000,3795.0000,2,1,5,1,1,1,1,1,1,1
SF,IF2012,2020-05-08 09:34:40.000,3786.0000,2581,0,48928500.000,0,-,-,-,-,3786.0000,3785.8000,3783.6000,3781.0000,3777.8000,3788.8000,3791.6000,3791.8000,3795.0000,3797.0000,1,2,5,1,1,1,1,1,1,1
SF,IF2012,2020-05-08 09:34:40.500,3786.0000,2581,0,48928500.000,0,-,-,-,-,3786.2000,3786.0000,3785.8000,3783.6000,3781.0000,3791.6000,3791.8000,3795.0000,3797.0000,3798.0000,1,1,1,5,1,1,1,1,1,1
SF,IF2012,2020-05-08 09:34:41.000,3786.0000,2581,0,48928500.000,0,-,-,-,-,3783.6000,3781.0000,3777.8000,3775.2000,3773.8000,3791.2000,3791.4000,3791.6000,3791.8000,3795.0000,5,1,1,5,5,3,1,1,1,1
SF,IF2012,2020-05-08 09:34:41.500,3786.0000,2581,0,48928500.000,0,-,-,-,-,3783.8000,3783.6000,3781.0000,3777.8000,3775.2000,3790.6000,3791.2000,3791.4000,3791.6000,3791.8000,1,5,1,1,5,1,3,1,1,1
SF,IF2012,2020-05-08 09:34:42.000,3786.0000,2581,0,48928500.000,0,-,-,-,-,3784.2000,3783.8000,3781.0000,3777.8000,3775.2000,3790.6000,3791.2000,3791.4000,3791.6000,3791.8000,5,1,1,1,5,1,1,1,1,1
SF,IF2012,2020-05-08 09:34:42.500,3786.0000,2581,0,48928500.000,0,-,-,-,-,3785.4000,3785.0000,3784.8000,3784.4000,3784.2000,3790.6000,3791.2000,3791.6000,3791.8000,3795.0000,1,1,1,1,5,1,1,1,1,1
SF,IF2012,2020-05-08 09:34:43.000,3786.0000,2581,0,48928500.000,0,-,-,-,-,3785.8000,3785.6000,3785.4000,3785.0000,3784.8000,3790.6000,3791.2000,3791.6000,3791.8000,3795.0000,5,1,1,1,1,1,1,1,1,1
SF,IF2012,2020-05-08 09:34:43.500,3786.0000,2581,0,48928500.000,0,-,-,-,-,3786.0000,3785.8000,3785.6000,3785.4000,3785.0000,3790.6000,3791.6000,3791.8000,3795.0000,3797.0000,1,5,1,1,1,1,1,1,1,1
SF,IF2012,2020-05-08 09:34:44.000,3786.0000,2581,0,48928500.000,0,-,-,-,-,3786.4000,3786.0000,3785.6000,3785.0000,3784.8000,3790.6000,3791.6000,3791.8000,3795.0000,3797.0000,5,2,1,1,1,1,1,1,1,1
SF,IF2012,2020-05-08 09:34:44.500,3786.0000,2581,0,48928500.000,0,-,-,-,-,3786.0000,3785.0000,3784.8000,3781.0000,3777.8000,3790.2000,3790.4000,3790.6000,3791.6000,3791.8000,1,1,1,1,1,2,1,1,1,1
SF,IF2012,2020-05-08 09:34:45.000,3786.0000,2581,0,48928500.000,0,-,-,-,-,3786.2000,3786.0000,3785.0000,3784.8000,3781.0000,3790.2000,3790.6000,3791.6000,3791.8000,3795.0000,1,1,1,1,1,1,1,1,1,1
SF,IF2012,2020-05-08 09:34:45.500,3786.0000,2581,0,48928500.000,0,-,-,-,-,3786.2000,3786.0000,3785.0000,3784.8000,3781.0000,3790.0000,3790.2000,3790.6000,3791.6000,3791.8000,2,1,1,1,1,1,1,1,1,1
SF,IF2012,2020-05-08 09:34:46.000,3786.0000,2581,0,48928500.000,0,-,-,-,-,3786.2000,3786.0000,3785.0000,3784.8000,3781.0000,3789.8000,3790.0000,3790.2000,3790.6000,3791.6000,2,1,1,1,1,1,1,1,1,1
SF,IF2012,2020-05-08 09:34:46.500,3786.0000,2581,0,48928500.000,0,-,-,-,-,3786.6000,3786.2000,3786.0000,3785.0000,3784.8000,3789.8000,3790.0000,3790.6000,3791.6000,3791.8000,1,2,1,1,1,2,1,1,1,1
SF,IF2012,2020-05-08 09:34:47.000,3786.0000,2581,0,48928500.000,0,-,-,-,-,3785.0000,3784.8000,3781.0000,3777.8000,3775.2000,3789.4000,3789.6000,3789.8000,3790.6000,3791.6000,1,1,1,1,5,1,1,2,1,1
SF,IF2012,2020-05-08 09:34:47.500,3786.0000,2581,0,48928500.000,0,-,-,-,-,3785.4000,3785.2000,3784.8000,3781.0000,3777.8000,3789.8000,3790.6000,3791.6000,3791.8000,3795.0000,5,1,1,1,1,2,1,1,1,1
SF,IF2012,2020-05-08 09:34:48.000,3786.0000,2581,0,48928500.000,0,-,-,-,-,3785.8000,3785.6000,3785.2000,3784.8000,3781.0000,3789.2000,3789.8000,3790.6000,3791.6000,3791.8000,1,1,1,1,1,1,1,1,1,1
SF,IF2012,2020-05-08 09:34:48.500,3786.0000,2581,0,48928500.000,0,-,-,-,-,3786.0000,3785.8000,3785.2000,3781.0000,3777.8000,3789.2000,3789.8000,3790.6000,3791.6000,3791.8000,2,1,1,1,1,1,1,1,1,1
SF,IF2012,2020-05-08 09:34:49.000,3786.0000,2581,0,48928500.000,0,-,-,-,-,3786.4000,3786.0000,3785.8000,3781.0000,3777.8000,3789.2000,3789.8000,3790.6000,3791.6000,3791.8000,1,2,1,1,1,1,1,1,1,1
SF,IF2012,2020-05-08 09:34:49.500,3786.0000,2581,0,48928500.000,0,-,-,-,-,3786.6000,3786.2000,3786.0000,3785.8000,3781.0000,3789.0000,3789.2000,3789.8000,3790.6000,3791.6000,1,1,1,1,1,1,1,1,1,1
SF,IF2012,2020-05-08 09:34:50.000,3786.0000,2581,0,48928500.000,0,-,-,-,-,3786.8000,3786.2000,3786.0000,3785.8000,3781.0000,3789.0000,3789.2000,3789.8000,3790.6000,3791.6000,1,1,1,1,1,2,1,1,1,1
SF,IF2012,2020-05-08 09:34:50.500,3786.0000,2581,0,48928500.000,0,-,-,-,-,3786.8000,3786.2000,3786.0000,3785.8000,3781.0000,3789.2000,3789.8000,3790.6000,3791.6000,3791.8000,1,1,1,1,1,1,1,1,1,1
SF,IF2012,2020-05-08 09:34:51.000,3786.0000,2581,0,48928500.000,0,-,-,-,-,3787.0000,3786.8000,3786.0000,3785.8000,3781.0000,3789.2000,3790.6000,3791.6000,3791.8000,3795.0000,2,1,1,1,1,1,1,1,1,1
SF,IF2012,2020-05-08 09:34:51.500,3786.0000,2581,0,48928500.000,0,-,-,-,-,3787.0000,3786.8000,3786.0000,3785.8000,3781.0000,3790.6000,3791.6000,3791.8000,3795.0000,3797.0000,2,1,1,1,1,1,1,1,1,1
SF,IF2012,2020-05-08 09:34:52.000,3786.0000,2581,0,48928500.000,0,-,-,-,-,3786.0000,3785.8000,3781.0000,3777.8000,3775.2000,3790.4000,3790.6000,3791.6000,3791.8000,3795.0000,1,1,1,1,5,2,1,1,1,1
SF,IF2012,2020-05-08 09:34:52.500,3786.0000,2581,0,48928500.000,0,-,-,-,-,3787.2000,3786.2000,3786.0000,3785.8000,3781.0000,3790.2000,3790.4000,3790.6000,3791.6000,3791.8000,1,1,1,1,1,1,2,1,1,1
SF,IF2012,2020-05-08 09:34:54.000,3786.0000,2581,0,48928500.000,0,-,-,-,-,3786.2000,3786.0000,3785.8000,3781.0000,3777.8000,3790.2000,3790.4000,3790.6000,3791.6000,3791.8000,1,1,1,1,1,1,2,1,1,1
SF,IF2012,2020-05-08 09:34:54.500,3786.0000,2581,0,48928500.000,0,-,-,-,-,3785.8000,3781.0000,3777.8000,3775.2000,3773.8000,3789.8000,3790.0000,3790.2000,3790.6000,3791.6000,1,1,1,5,1,1,1,1,1,1
SF,IF2012,2020-05-08 09:34:55.000,3786.0000,2581,0,48928500.000,0,-,-,-,-,3786.4000,3786.0000,3785.8000,3781.0000,3777.8000,3790.0000,3790.2000,3790.6000,3791.6000,3791.8000,1,1,1,1,1,1,1,1,1,1
SF,IF2012,2020-05-08 09:34:55.500,3786.0000,2581,0,48928500.000,0,-,-,-,-,3786.4000,3786.0000,3785.8000,3781.0000,3777.8000,3789.8000,3790.0000,3790.2000,3790.6000,3791.6000,1,1,1,1,1,1,1,1,1,1
SF,IF2012,2020-05-08 09:34:56.000,3786.0000,2581,0,48928500.000,0,-,-,-,-,3786.6000,3786.4000,3785.8000,3781.0000,3777.8000,3789.8000,3790.0000,3790.2000,3790.6000,3791.6000,1,1,1,1,1,1,1,1,1,1
SF,IF2012,2020-05-08 09:34:56.500,3786.0000,2581,0,48928500.000,0,-,-,-,-,3786.6000,3786.4000,3785.8000,3784.4000,3781.0000,3789.4000,3789.8000,3790.6000,3791.6000,3791.8000,1,1,1,1,1,1,1,1,1,1
SF,IF2012,2020-05-08 09:34:57.000,3786.0000,2581,0,48928500.000,0,-,-,-,-,3786.6000,3785.8000,3784.4000,3781.0000,3777.8000,3789.4000,3789.8000,3790.6000,3791.6000,3791.8000,1,1,1,1,1,2,1,1,1,1
SF,IF2012,2020-05-08 09:34:57.500,3786.0000,2581,0,48928500.000,0,-,-,-,-,3786.8000,3786.6000,3785.8000,3784.4000,3781.0000,3789.2000,3789.4000,3789.8000,3790.6000,3791.6000,2,1,1,1,1,1,1,1,1,1
SF,IF2012,2020-05-08 09:34:58.000,3786.0000,2581,0,48928500.000,0,-,-,-,-,3786.8000,3786.6000,3785.8000,3784.4000,3781.0000,3789.4000,3789.8000,3791.6000,3791.8000,3797.0000,2,1,1,1,1,1,1,1,1,1
SF,IF2012,2020-05-08 09:34:58.500,3786.0000,2581,0,48928500.000,0,-,-,-,-,3787.0000,3786.8000,3786.6000,3785.8000,3784.4000,3789.8000,3791.6000,3791.8000,3797.0000,3798.0000,1,1,1,1,1,1,1,1,1,1
SF,IF2012,2020-05-08 09:34:59.000,3786.0000,2581,0,48928500.000,0,-,-,-,-,3787.2000,3787.0000,3786.8000,3785.8000,3784.4000,3789.8000,3791.6000,3791.8000,3797.0000,3798.0000,2,1,1,1,1,1,1,1,1,1
SF,IF2012,2020-05-08 09:35:00.000,3786.0000,2581,0,48928500.000,0,-,-,-,-,3787.6000,3787.2000,3787.0000,3786.8000,3785.8000,3789.8000,3791.6000,3791.8000,3797.0000,3798.0000,1,1,1,1,1,1,1,1,1,1
SF,IF2012,2020-05-08 09:35:00.500,3786.0000,2581,0,48928500.000,0,-,-,-,-,3787.8000,3787.6000,3787.0000,3786.8000,3785.8000,3789.8000,3791.6000,3791.8000,3797.0000,3798.0000,1,1,1,1,1,1,1,1,1,1
SF,IF2012,2020-05-08 09:35:01.000,3789.8000,2580,-1,50065440.000,1,0,1,双平,S,3788.0000,3787.8000,3787.0000,3786.8000,3785.8000,3791.6000,3791.8000,3797.0000,3798.0000,3798.8000,1,1,1,1,1,1,1,1,1,1
SF,IF2012,2020-05-08 09:35:01.500,3789.8000,2580,0,50065440.000,0,-,-,-,-,3788.2000,3787.0000,3786.8000,3785.8000,3784.4000,3791.6000,3791.8000,3797.0000,3798.0000,3798.8000,1,1,1,1,1,1,1,1,1,1
SF,IF2012,2020-05-08 09:35:03.000,3789.8000,2580,0,50065440.000,0,-,-,-,-,3788.2000,3788.0000,3787.0000,3786.8000,3785.8000,3791.6000,3791.8000,3797.0000,3798.0000,3798.8000,1,1,1,1,1,1,1,1,1,1
SF,IF2012,2020-05-08 09:35:03.500,3789.8000,2580,0,50065440.000,0,-,-,-,-,3788.0000,3787.0000,3785.8000,3784.4000,3781.0000,3791.4000,3791.6000,3791.8000,3797.0000,3798.0000,1,1,1,1,1,1,1,1,1,1
SF,IF2012,2020-05-08 09:35:04.000,3789.8000,2580,0,50065440.000,0,-,-,-,-,3788.0000,3787.0000,3785.8000,3784.4000,3781.0000,3791.4000,3791.6000,3791.8000,3797.0000,3798.0000,1,1,1,1,1,2,1,1,1,1
SF,IF2012,2020-05-08 09:35:05.000,3789.8000,2580,0,50065440.000,0,-,-,-,-,3788.0000,3787.0000,3785.8000,3784.4000,3781.0000,3791.0000,3791.4000,3791.6000,3791.8000,3797.0000,1,1,1,1,1,1,2,1,1,1
SF,IF2012,2020-05-08 09:35:05.500,3789.8000,2580,0,50065440.000,0,-,-,-,-,3788.0000,3787.0000,3785.8000,3784.4000,3781.0000,3790.8000,3791.0000,3791.2000,3791.4000,3791.6000,1,1,1,1,1,1,1,1,1,1
SF,IF2012,2020-05-08 09:35:06.000,3789.8000,2580,0,50065440.000,0,-,-,-,-,3788.0000,3785.8000,3784.4000,3781.0000,3777.8000,3790.6000,3790.8000,3791.2000,3791.4000,3791.6000,1,1,1,1,1,1,1,1,1,1
SF,IF2012,2020-05-08 09:35:06.500,3789.8000,2580,0,50065440.000,0,-,-,-,-,3788.0000,3785.8000,3784.4000,3781.0000,3777.8000,3790.4000,3790.6000,3791.4000,3791.6000,3791.8000,1,1,1,1,1,1,1,1,1,1
SF,IF2012,2020-05-08 09:35:07.000,3789.8000,2580,0,50065440.000,0,-,-,-,-,3788.0000,3785.8000,3784.4000,3781.0000,3777.8000,3790.2000,3790.4000,3791.4000,3791.6000,3791.8000,1,1,1,1,1,1,1,1,1,1
SF,IF2012,2020-05-08 09:35:07.500,3789.8000,2580,0,50065440.000,0,-,-,-,-,3788.0000,3785.8000,3784.4000,3781.0000,3777.8000,3790.2000,3790.4000,3791.6000,3791.8000,3797.0000,1,1,1,1,1,1,1,1,1,1
SF,IF2012,2020-05-08 09:35:08.000,3789.8000,2580,0,50065440.000,0,-,-,-,-,3788.2000,3788.0000,3784.4000,3781.0000,3777.8000,3791.6000,3791.8000,3797.0000,3798.0000,3798.8000,1,1,1,1,1,1,1,1,1,1
SF,IF2012,2020-05-08 09:35:08.500,3789.8000,2580,0,50065440.000,0,-,-,-,-,3788.2000,3788.0000,3784.4000,3781.0000,3777.8000,3791.4000,3791.6000,3791.8000,3797.0000,3798.0000,1,1,1,1,1,2,1,1,1,1
