市场代码,合约代码,时间,最新,持仓,增仓,成交额,成交量,开仓,平仓,成交类型,方向,买一价,买二价,买三价,买四价,买五价,卖一价,卖二价,卖三价,卖四价,卖五价,买一量,买二量,买三量,买四量,买五量,卖一量,卖二量,卖三量,卖四量,卖五量
SF,IF2003,2019-11-25 09:29:00.200,3842.2000,15111,0,5763300.000,5.000,-,-,-,-,3842.0000,3840.2000,3839.2000,3835.8000,3834.4000,3843.6000,3844.8000,3845.8000,3847.6000,3848.8000,1,2,1,2,2,1,1,1,1,3
SF,IF2003,2019-11-25 09:30:00.200,3843.6000,15110,-1,6916380.000,1,0,1,双平,S,3842.4000,3842.2000,3842.0000,3841.6000,3840.6000,3843.0000,3844.8000,3845.0000,3845.8000,3847.6000,1,1,3,1,2,1,1,2,1,1
SF,IF2003,2019-11-25 09:30:00.700,3845.0000,15105,-5,12683100.000,5,0,5,双平,S,3843.6000,3842.6000,3842.4000,3842.2000,3842.0000,3845.8000,3847.6000,3849.4000,3849.8000,3850.0000,1,8,1,7,3,1,1,1,2,1
SF,IF2003,2019-11-25 09:30:01.200,3845.6000,15102,-3,17297280.000,4,0,4,多平,S,3844.2000,3844.0000,3843.8000,3843.6000,3843.0000,3845.6000,3845.8000,3847.6000,3849.4000,3849.8000,1,2,3,1,1,2,2,1,1,2
SF,IF2003,2019-11-25 09:30:01.700,3844.2000,15100,-2,19603800.000,2,0,2,双平,S,3843.8000,3843.6000,3843.0000,3842.6000,3842.4000,3845.0000,3845.2000,3845.6000,3845.8000,3846.0000,1,1,3,4,1,1,1,4,2,1
SF,IF2003,2019-11-25 09:30:02.200,3845.6000,15097,-3,25371060.000,5,1,4,多平,S,3845.6000,3844.0000,3843.8000,3843.0000,3842.6000,3845.8000,3847.6000,3849.4000,3849.8000,3850.0000,2,2,2,1,2,2,1,1,2,1
SF,IF2003,2019-11-25 09:30:02.700,3845.6000,15094,-3,28832100.000,3,0,3,双平,S,3845.6000,3844.0000,3843.8000,3843.0000,3842.6000,3845.8000,3847.6000,3849.4000,3849.8000,3850.0000,3,4,2,1,2,2,1,1,2,1
SF,IF2003,2019-11-25 09:30:03.200,3845.6000,15094,0,29985780.000,1,0,1,多换,S,3845.6000,3844.0000,3843.8000,3843.0000,3842.6000,3845.8000,3847.0000,3847.6000,3849.4000,3849.8000,2,4,3,1,2,1,1,1,1,2
SF,IF2003,2019-11-25 09:30:03.700,3845.8000,15094,0,31139520.000,1,0,1,多换,S,3845.6000,3844.0000,3843.8000,3843.0000,3842.6000,3847.0000,3847.6000,3849.4000,3849.8000,3850.0000,2,4,3,1,2,1,2,1,2,1
SF,IF2003,2019-11-25 09:30:04.200,3845.8000,15094,0,31139520.000,0,-,-,-,-,3845.8000,3845.6000,3844.0000,3843.8000,3843.0000,3846.8000,3847.0000,3847.6000,3849.4000,3849.8000,2,2,4,3,1,1,1,2,1,2
SF,IF2003,2019-11-25 09:30:04.700,3845.8000,15093,-1,33447000.000,2,0,2,多平,S,3845.6000,3845.0000,3844.0000,3843.8000,3843.0000,3846.8000,3847.0000,3847.6000,3849.4000,3849.8000,2,1,4,3,1,1,1,2,1,2
SF,IF2003,2019-11-25 09:30:05.200,3845.8000,15093,0,33447000.000,0,-,-,-,-,3846.8000,3845.6000,3845.0000,3844.0000,3843.8000,3847.0000,3847.6000,3849.4000,3850.0000,3850.2000,2,2,1,4,3,1,2,1,1,1
SF,IF2003,2019-11-25 09:30:05.700,3845.6000,15090,-3,39216540.000,5,1,4,多平,S,3845.0000,3844.8000,3844.0000,3843.8000,3843.0000,3846.6000,3847.6000,3848.0000,3849.4000,3850.0000,1,1,4,3,1,1,2,1,1,1
SF,IF2003,2019-11-25 09:30:06.200,3846.6000,15089,-1,40370520.000,1,0,1,双平,S,3845.6000,3845.2000,3845.0000,3844.8000,3844.0000,3847.6000,3848.0000,3849.4000,3850.0000,3850.2000,1,8,1,1,4,1,1,2,1,1
SF,IF2003,2019-11-25 09:30:06.700,3846.6000,15089,0,40370520.000,0,-,-,-,-,3846.6000,3845.8000,3845.6000,3845.2000,3845.0000,3847.6000,3848.0000,3849.4000,3850.0000,3850.2000,1,1,1,6,1,1,1,2,1,1
SF,IF2003,2019-11-25 09:30:07.200,3846.6000,15089,0,40370520.000,0,-,-,-,-,3846.6000,3845.8000,3845.6000,3845.2000,3845.0000,3847.6000,3848.0000,3848.2000,3849.4000,3850.0000,1,1,1,4,1,1,1,1,2,1
SF,IF2003,2019-11-25 09:30:07.700,3847.6000,15089,0,41524800.000,1,0,1,多换,S,3846.6000,3845.8000,3845.6000,3845.2000,3845.0000,3847.0000,3848.0000,3848.2000,3849.4000,3850.0000,1,1,1,4,1,1,1,1,2,1
SF,IF2003,2019-11-25 09:30:08.200,3847.6000,15089,0,41524800.000,0,-,-,-,-,3846.6000,3845.6000,3845.2000,3845.0000,3844.8000,3847.0000,3847.4000,3848.0000,3848.2000,3849.4000,4,1,4,1,1,1,1,1,1,2
SF,IF2003,2019-11-25 09:30:08.700,3846.6000,15087,-2,44986980.000,3,0,3,多平,S,3846.6000,3845.6000,3845.2000,3845.0000,3844.8000,3848.0000,3848.2000,3849.4000,3850.0000,3850.2000,3,1,4,1,1,1,1,2,1,1
SF,IF2003,2019-11-25 09:30:09.200,3846.6000,15087,0,48448920.000,3,1,2,多换,S,3845.0000,3844.8000,3844.4000,3844.0000,3843.8000,3846.6000,3847.0000,3847.2000,3847.4000,3847.6000,1,1,1,4,3,1,3,1,1,1
SF,IF2003,2019-11-25 09:30:09.700,3846.6000,15087,0,49602900.000,1,0,1,多换,S,3845.2000,3845.0000,3844.8000,3844.0000,3843.8000,3847.0000,3847.2000,3847.8000,3848.0000,3848.2000,2,1,1,4,3,2,1,7,5,1
SF,IF2003,2019-11-25 09:30:10.200,3846.6000,15087,0,49602900.000,0,-,-,-,-,3845.6000,3845.2000,3845.0000,3844.8000,3844.0000,3846.8000,3847.2000,3847.8000,3848.0000,3848.2000,1,6,1,1,4,2,1,6,2,1
SF,IF2003,2019-11-25 09:30:10.700,3846.6000,15087,0,49602900.000,0,-,-,-,-,3845.6000,3845.2000,3845.0000,3844.8000,3844.0000,3846.6000,3846.8000,3847.2000,3847.8000,3848.0000,1,4,1,1,4,1,1,1,3,2
SF,IF2003,2019-11-25 09:30:11.200,3846.4000,15087,0,50756820.000,1,0,1,多换,S,3845.6000,3845.0000,3844.8000,3844.0000,3843.8000,3846.4000,3846.6000,3846.8000,3847.2000,3847.4000,1,1,1,4,3,1,1,1,1,1
SF,IF2003,2019-11-25 09:30:11.700,3846.4000,15087,0,50756820.000,0,-,-,-,-,3845.0000,3844.8000,3844.0000,3843.8000,3843.4000,3846.2000,3846.4000,3846.6000,3846.8000,3847.2000,1,1,4,3,1,1,1,1,1,1
SF,IF2003,2019-11-25 09:30:12.200,3846.4000,15087,0,51910740.000,1,0,1,多换,S,3845.0000,3844.8000,3844.0000,3843.8000,3843.4000,3846.0000,3846.4000,3846.6000,3846.8000,3847.2000,1,1,4,3,1,2,1,1,1,2
SF,IF2003,2019-11-25 09:30:12.700,3846.4000,15087,0,51910740.000,0,-,-,-,-,3845.0000,3844.8000,3844.0000,3843.8000,3843.4000,3846.0000,3846.4000,3846.6000,3846.8000,3847.2000,1,1,4,3,1,3,1,1,1,2
SF,IF2003,2019-11-25 09:30:13.200,3846.4000,15087,0,51910740.000,0,-,-,-,-,3845.0000,3844.8000,3844.0000,3843.8000,3843.4000,3845.8000,3846.0000,3846.2000,3846.4000,3846.6000,1,1,4,3,1,1,2,1,1,1
SF,IF2003,2019-11-25 09:30:13.700,3846.0000,15088,1,53064540.000,1,1,0,双开,S,3845.0000,3844.8000,3844.0000,3843.8000,3843.4000,3846.0000,3846.2000,3846.4000,3846.6000,3847.2000,1,1,4,3,1,1,1,1,1,2
SF,IF2003,2019-11-25 09:30:14.200,3845.0000,15086,-2,56525460.000,3,0,3,多平,S,3844.8000,3844.0000,3843.8000,3843.4000,3843.0000,3845.0000,3846.4000,3846.6000,3847.2000,3847.8000,5,4,3,1,1,3,1,1,2,3
SF,IF2003,2019-11-25 09:30:14.700,3845.0000,15083,-3,64599960.000,7,2,5,多平,S,3844.8000,3843.8000,3843.0000,3842.6000,3842.4000,3845.0000,3846.0000,3846.6000,3847.2000,3847.8000,5,3,1,2,2,1,3,1,2,3
SF,IF2003,2019-11-25 09:30:15.200,3845.8000,15082,-1,66907200.000,2,0,2,多平,S,3844.8000,3843.8000,3843.0000,3842.6000,3842.4000,3845.2000,3846.0000,3846.6000,3847.2000,3847.8000,5,3,1,2,2,1,3,1,2,3
SF,IF2003,2019-11-25 09:30:15.700,3845.4000,15081,-1,68060820.000,1,0,1,双平,S,3844.8000,3843.8000,3843.0000,3842.6000,3842.4000,3846.0000,3846.6000,3846.8000,3847.2000,3847.8000,5,3,1,2,2,1,1,1,2,3
SF,IF2003,2019-11-25 09:30:16.200,3845.4000,15081,0,68060820.000,0,-,-,-,-,3844.8000,3843.8000,3843.0000,3842.6000,3842.4000,3846.6000,3846.8000,3847.2000,3847.8000,3848.0000,5,3,1,1,2,1,1,2,3,3
SF,IF2003,2019-11-25 09:30:16.700,3845.4000,15081,0,68060820.000,0,-,-,-,-,3844.8000,3843.8000,3843.0000,3842.4000,3842.0000,3845.8000,3846.0000,3846.2000,3846.4000,3846.6000,5,3,1,2,1,7,1,5,5,1
SF,IF2003,2019-11-25 09:30:17.200,3845.4000,15081,0,68060820.000,0,-,-,-,-,3844.8000,3843.8000,3843.0000,3842.4000,3842.0000,3845.8000,3846.0000,3846.2000,3846.4000,3846.6000,5,3,1,2,1,6,1,5,5,1
SF,IF2003,2019-11-25 09:30:17.700,3845.4000,15081,0,68060820.000,0,-,-,-,-,3844.8000,3843.8000,3843.0000,3842.4000,3842.0000,3845.8000,3846.0000,3846.2000,3846.4000,3846.6000,5,3,1,2,1,6,1,5,4,1
SF,IF2003,2019-11-25 09:30:18.200,3845.4000,15081,0,68060820.000,0,-,-,-,-,3844.8000,3843.8000,3843.0000,3842.4000,3842.0000,3845.6000,3845.8000,3846.0000,3846.2000,3846.4000,5,3,1,2,1,1,5,1,5,3
SF,IF2003,2019-11-25 09:30:18.700,3844.8000,15080,-1,69214260.000,1,0,1,双平,S,3844.8000,3843.8000,3843.0000,3842.4000,3842.0000,3845.6000,3845.8000,3846.0000,3846.2000,3846.4000,4,3,1,1,1,3,4,1,5,3
SF,IF2003,2019-11-25 09:30:19.200,3844.8000,15076,-4,73828020.000,4,0,4,双平,S,3843.8000,3843.0000,3842.4000,3841.8000,3841.6000,3845.2000,3845.4000,3845.6000,3845.8000,3846.0000,3,1,1,5,1,3,2,3,1,1
SF,IF2003,2019-11-25 09:30:19.700,3844.8000,15076,0,73828020.000,0,-,-,-,-,3843.8000,3843.0000,3842.4000,3841.8000,3841.6000,3844.8000,3845.0000,3845.2000,3845.4000,3845.6000,3,1,1,5,1,1,1,6,2,1
SF,IF2003,2019-11-25 09:30:20.200,3844.8000,15076,0,73828020.000,0,-,-,-,-,3843.8000,3843.0000,3842.4000,3841.8000,3841.6000,3844.4000,3844.6000,3844.8000,3845.0000,3845.2000,2,1,1,5,1,3,1,7,2,3
SF,IF2003,2019-11-25 09:30:20.700,3844.8000,15076,0,73828020.000,0,-,-,-,-,3843.8000,3843.0000,3842.4000,3841.8000,3841.6000,3844.4000,3844.6000,3844.8000,3845.0000,3845.2000,2,1,1,5,1,3,1,7,2,2
SF,IF2003,2019-11-25 09:30:21.200,3843.8000,15075,-1,76134300.000,2,0,2,多平,S,3843.0000,3842.4000,3841.8000,3841.6000,3841.2000,3844.2000,3844.4000,3844.6000,3844.8000,3845.0000,1,1,5,1,2,2,3,1,4,2
SF,IF2003,2019-11-25 09:30:21.700,3843.8000,15075,0,76134300.000,0,-,-,-,-,3843.6000,3843.0000,3841.8000,3841.6000,3841.2000,3844.2000,3844.4000,3844.6000,3844.8000,3845.0000,2,1,5,1,3,1,3,1,4,2
SF,IF2003,2019-11-25 09:30:22.700,3843.8000,15075,0,76134300.000,0,-,-,-,-,3843.6000,3843.0000,3841.8000,3841.6000,3841.2000,3844.0000,3844.2000,3844.4000,3844.6000,3844.8000,2,1,5,1,3,1,1,3,1,4
SF,IF2003,2019-11-25 09:30:23.200,3843.8000,15075,0,76134300.000,0,-,-,-,-,3843.6000,3843.0000,3841.8000,3841.6000,3841.2000,3844.2000,3844.8000,3845.0000,3845.2000,3845.4000,2,1,5,1,3,1,4,1,2,2
SF,IF2003,2019-11-25 09:30:23.700,3844.2000,15074,-1,77287560.000,1,0,1,双平,S,3843.6000,3843.0000,3841.8000,3841.6000,3841.2000,3844.8000,3845.0000,3845.2000,3845.4000,3845.6000,2,1,5,1,3,4,1,2,2,1
SF,IF2003,2019-11-25 09:30:24.200,3844.2000,15074,0,77287560.000,0,-,-,-,-,3842.0000,3841.8000,3841.6000,3841.2000,3840.6000,3843.8000,3844.0000,3844.2000,3844.4000,3844.6000,1,5,1,3,2,7,1,1,7,4
SF,IF2003,2019-11-25 09:30:24.700,3843.8000,15071,-3,80746980.000,3,0,3,双平,S,3842.4000,3842.2000,3842.0000,3841.8000,3841.6000,3844.8000,3845.4000,3845.6000,3846.0000,3846.2000,5,6,1,5,1,5,2,1,1,2
SF,IF2003,2019-11-25 09:30:25.200,3843.8000,15071,0,80746980.000,0,-,-,-,-,3842.6000,3842.4000,3842.2000,3842.0000,3841.8000,3844.6000,3844.8000,3845.4000,3846.0000,3846.2000,6,5,4,1,5,3,5,2,1,2
SF,IF2003,2019-11-25 09:30:25.700,3843.8000,15071,0,80746980.000,0,-,-,-,-,3843.0000,3842.8000,3842.6000,3842.4000,3842.2000,3844.4000,3844.6000,3844.8000,3845.4000,3846.0000,6,1,6,5,4,1,1,4,1,1
SF,IF2003,2019-11-25 09:30:26.200,3843.8000,15071,0,80746980.000,0,-,-,-,-,3843.0000,3842.6000,3842.4000,3842.2000,3842.0000,3844.2000,3844.6000,3844.8000,3845.4000,3846.0000,1,6,5,4,1,1,3,5,1,1
SF,IF2003,2019-11-25 09:30:26.700,3843.8000,15071,0,80746980.000,0,-,-,-,-,3843.0000,3842.6000,3842.4000,3842.2000,3842.0000,3844.0000,3844.6000,3844.8000,3845.4000,3846.0000,1,1,5,4,1,1,3,5,1,1
SF,IF2003,2019-11-25 09:30:27.200,3844.0000,15070,-1,81900180.000,1,0,1,双平,S,3843.6000,3843.0000,3842.6000,3842.4000,3842.2000,3844.6000,3844.8000,3845.4000,3846.0000,3846.2000,1,2,1,5,4,3,5,1,1,2
SF,IF2003,2019-11-25 09:30:27.700,3844.0000,15070,0,81900180.000,0,-,-,-,-,3843.6000,3843.4000,3843.0000,3842.6000,3842.4000,3844.6000,3844.8000,3845.4000,3846.0000,3846.2000,1,3,2,1,1,1,3,1,1,2
SF,IF2003,2019-11-25 09:30:28.700,3844.0000,15070,0,81900180.000,0,-,-,-,-,3843.6000,3843.0000,3842.6000,3842.4000,3842.2000,3844.8000,3845.4000,3846.0000,3846.2000,3846.4000,1,2,1,1,4,3,1,1,2,2
SF,IF2003,2019-11-25 09:30:29.700,3844.8000,15069,-1,85360500.000,3,1,2,多平,S,3843.8000,3843.6000,3843.0000,3842.6000,3842.4000,3846.0000,3846.2000,3846.4000,3846.6000,3847.2000,2,1,2,1,1,1,2,2,1,1
SF,IF2003,2019-11-25 09:30:30.200,3844.8000,15069,0,85360500.000,0,-,-,-,-,3844.0000,3843.8000,3843.6000,3843.0000,3842.4000,3845.8000,3846.0000,3846.2000,3846.4000,3846.6000,6,1,1,2,1,3,2,2,2,1
SF,IF2003,2019-11-25 09:30:30.700,3844.8000,15069,0,85360500.000,0,-,-,-,-,3844.2000,3844.0000,3843.8000,3843.6000,3843.0000,3845.8000,3846.0000,3846.2000,3846.4000,3846.6000,1,1,1,1,2,5,1,2,2,1
SF,IF2003,2019-11-25 09:30:31.200,3844.8000,15069,0,85360500.000,0,-,-,-,-,3844.4000,3844.0000,3843.8000,3843.6000,3843.0000,3845.8000,3846.2000,3846.4000,3846.6000,3847.2000,2,1,1,1,2,1,2,2,1,1
SF,IF2003,2019-11-25 09:30:31.700,3844.8000,15069,0,85360500.000,0,-,-,-,-,3844.4000,3844.0000,3843.8000,3843.6000,3843.0000,3846.4000,3847.2000,3848.0000,3848.2000,3849.4000,3,1,1,1,2,2,1,2,1,2
SF,IF2003,2019-11-25 09:30:32.200,3844.8000,15069,0,85360500.000,0,-,-,-,-,3844.8000,3844.4000,3843.8000,3843.6000,3843.0000,3845.6000,3846.4000,3847.2000,3848.0000,3848.2000,6,3,1,1,2,1,1,1,2,1
SF,IF2003,2019-11-25 09:30:32.700,3845.6000,15068,-1,86514180.000,1,0,1,双平,S,3845.8000,3845.6000,3845.0000,3844.8000,3844.4000,3846.4000,3847.2000,3848.0000,3848.2000,3849.4000,1,1,1,1,1,1,1,2,1,2
SF,IF2003,2019-11-25 09:30:33.200,3846.4000,15067,-1,87668100.000,1,0,1,双平,S,3845.8000,3845.6000,3845.0000,3844.8000,3844.4000,3847.2000,3848.0000,3848.2000,3849.4000,3850.2000,1,1,1,1,1,1,2,1,2,1
SF,IF2003,2019-11-25 09:30:33.700,3846.4000,15066,-1,88822020.000,1,0,1,双平,S,3845.8000,3845.6000,3845.0000,3844.8000,3844.4000,3847.0000,3847.2000,3848.0000,3848.2000,3849.4000,1,1,1,1,1,3,2,1,1,2
SF,IF2003,2019-11-25 09:30:34.200,3846.4000,15066,0,88822020.000,0,-,-,-,-,3845.8000,3845.6000,3845.0000,3844.8000,3844.4000,3847.0000,3847.2000,3848.0000,3848.2000,3849.4000,1,1,1,1,1,5,1,1,1,2
SF,IF2003,2019-11-25 09:30:34.700,3846.4000,15066,0,88822020.000,0,-,-,-,-,3845.8000,3845.6000,3845.0000,3844.8000,3844.4000,3847.0000,3847.2000,3848.0000,3848.2000,3849.4000,1,1,1,1,1,5,1,1,1,2
SF,IF2003,2019-11-25 09:30:35.200,3846.4000,15066,0,88822020.000,0,-,-,-,-,3845.8000,3845.6000,3845.0000,3844.8000,3844.4000,3846.4000,3846.8000,3847.0000,3847.2000,3848.0000,1,1,1,1,1,2,3,3,2,1
SF,IF2003,2019-11-25 09:30:35.700,3846.4000,15066,0,88822020.000,0,-,-,-,-,3845.8000,3845.0000,3844.8000,3844.4000,3844.2000,3846.8000,3847.0000,3847.2000,3848.0000,3848.2000,1,1,1,1,5,3,3,2,1,1
SF,IF2003,2019-11-25 09:30:36.200,3846.4000,15066,0,88822020.000,0,-,-,-,-,3845.8000,3845.0000,3844.8000,3844.4000,3844.2000,3846.2000,3846.6000,3846.8000,3847.0000,3847.2000,1,1,1,1,5,1,4,2,3,2
SF,IF2003,2019-11-25 09:30:36.700,3846.4000,15066,0,88822020.000,0,-,-,-,-,3845.8000,3845.0000,3844.8000,3844.4000,3844.2000,3846.6000,3846.8000,3847.0000,3847.2000,3848.0000,1,1,1,1,5,4,1,3,2,1
SF,IF2003,2019-11-25 09:30:37.200,3846.4000,15066,0,88822020.000,0,-,-,-,-,3845.8000,3845.0000,3844.8000,3844.4000,3844.2000,3846.6000,3847.0000,3848.0000,3848.2000,3849.4000,1,1,1,1,5,2,3,2,1,2
SF,IF2003,2019-11-25 09:30:37.700,3846.4000,15064,-2,92283600.000,3,0,3,多平,S,3846.4000,3845.0000,3844.8000,3844.2000,3843.8000,3846.6000,3847.0000,3848.0000,3848.2000,3849.4000,10,1,1,5,1,3,4,2,1,2
SF,IF2003,2019-11-25 09:30:38.200,3846.4000,15054,-10,103822800.000,10,0,10,双平,S,3844.8000,3844.2000,3843.8000,3843.6000,3843.0000,3846.4000,3846.6000,3847.0000,3848.0000,3848.2000,1,5,1,2,3,5,2,4,2,1
SF,IF2003,2019-11-25 09:30:38.700,3846.4000,15054,0,103822800.000,0,-,-,-,-,3845.0000,3844.8000,3844.2000,3843.8000,3843.6000,3846.2000,3846.4000,3846.6000,3847.0000,3848.0000,3,1,5,1,2,3,5,2,4,2
SF,IF2003,2019-11-25 09:30:39.200,3846.4000,15054,0,103822800.000,0,-,-,-,-,3845.0000,3844.8000,3844.2000,3843.8000,3843.6000,3845.8000,3846.2000,3846.4000,3846.6000,3847.0000,1,1,5,1,2,1,4,6,2,4
SF,IF2003,2019-11-25 09:30:39.700,3846.4000,15054,0,103822800.000,0,-,-,-,-,3844.8000,3844.2000,3843.8000,3843.6000,3843.0000,3845.8000,3846.2000,3846.4000,3846.6000,3847.0000,1,5,1,2,3,1,1,5,2,3
SF,IF2003,2019-11-25 09:30:40.200,3846.4000,15054,0,103822800.000,0,-,-,-,-,3845.0000,3844.8000,3844.2000,3843.8000,3843.6000,3845.6000,3845.8000,3846.0000,3846.2000,3846.4000,1,1,5,1,2,1,1,1,2,5
SF,IF2003,2019-11-25 09:30:40.700,3845.6000,15053,-1,104976480.000,1,0,1,双平,S,3845.2000,3845.0000,3844.8000,3844.2000,3843.8000,3845.8000,3846.0000,3846.2000,3846.4000,3846.6000,1,1,1,5,1,1,1,2,5,2
SF,IF2003,2019-11-25 09:30:41.200,3845.6000,15053,0,104976480.000,0,-,-,-,-,3845.0000,3844.8000,3844.2000,3843.8000,3843.6000,3845.8000,3846.0000,3846.2000,3846.4000,3846.6000,1,1,5,1,2,1,1,2,5,2
SF,IF2003,2019-11-25 09:30:41.700,3845.6000,15053,0,104976480.000,0,-,-,-,-,3845.2000,3845.0000,3844.8000,3844.2000,3843.8000,3845.8000,3846.2000,3846.4000,3846.6000,3847.0000,1,1,1,5,1,1,1,5,2,3
SF,IF2003,2019-11-25 09:30:42.200,3845.8000,15053,0,106130220.000,1,0,1,多换,S,3845.4000,3845.0000,3844.8000,3844.2000,3843.8000,3846.2000,3846.4000,3846.6000,3847.0000,3847.4000,2,1,1,5,1,1,1,2,3,3
SF,IF2003,2019-11-25 09:30:42.700,3845.8000,15053,0,106130220.000,0,-,-,-,-,3845.8000,3845.4000,3845.0000,3844.8000,3844.2000,3846.4000,3846.6000,3847.0000,3847.4000,3848.0000,1,2,1,1,5,1,1,3,3,3
SF,IF2003,2019-11-25 09:30:43.200,3845.8000,15053,0,108437700.000,2,1,1,多换,S,3845.4000,3845.0000,3844.8000,3844.2000,3843.8000,3847.0000,3847.4000,3848.0000,3848.2000,3849.4000,1,1,1,5,1,2,1,3,1,2
SF,IF2003,2019-11-25 09:30:43.700,3845.8000,15053,0,108437700.000,0,-,-,-,-,3845.6000,3845.4000,3845.0000,3844.8000,3844.2000,3846.2000,3846.8000,3847.0000,3847.4000,3848.0000,1,1,1,1,5,1,1,2,1,3
SF,IF2003,2019-11-25 09:30:44.200,3845.8000,15053,0,108437700.000,0,-,-,-,-,3845.4000,3845.0000,3844.8000,3844.2000,3843.8000,3847.0000,3847.4000,3848.0000,3848.2000,3849.4000,1,1,1,5,1,2,1,3,1,2
SF,IF2003,2019-11-25 09:30:44.700,3845.8000,15053,0,108437700.000,0,-,-,-,-,3845.6000,3845.4000,3845.0000,3844.8000,3844.2000,3846.8000,3847.0000,3847.2000,3847.4000,3848.0000,1,1,1,1,5,2,2,1,1,3
SF,IF2003,2019-11-25 09:30:45.200,3845.8000,15053,0,108437700.000,0,-,-,-,-,3845.4000,3845.0000,3844.8000,3844.2000,3843.8000,3846.8000,3847.0000,3847.2000,3847.4000,3848.0000,1,1,1,5,1,3,2,2,3,3
SF,IF2003,2019-11-25 09:30:45.700,3845.8000,15053,0,108437700.000,0,-,-,-,-,3845.4000,3845.0000,3844.8000,3844.2000,3843.8000,3846.4000,3846.8000,3847.0000,3847.4000,3848.0000,1,1,1,5,1,1,2,2,3,4
SF,IF2003,2019-11-25 09:30:46.200,3845.8000,15053,0,108437700.000,0,-,-,-,-,3845.6000,3845.4000,3845.0000,3844.8000,3844.2000,3846.4000,3846.8000,3847.4000,3848.0000,3848.2000,1,2,1,1,5,1,1,3,4,1
SF,IF2003,2019-11-25 09:30:46.700,3846.4000,15052,-1,109591620.000,1,0,1,双平,S,3845.4000,3845.0000,3844.8000,3844.2000,3843.8000,3846.8000,3847.4000,3848.0000,3848.2000,3849.4000,2,1,1,5,1,1,3,4,1,2
SF,IF2003,2019-11-25 09:30:47.200,3846.4000,15052,0,109591620.000,0,-,-,-,-,3845.4000,3845.0000,3844.8000,3844.2000,3843.8000,3846.2000,3846.8000,3847.4000,3848.0000,3848.2000,2,1,1,5,1,1,1,3,4,1
SF,IF2003,2019-11-25 09:30:47.700,3845.6000,15050,-2,111898980.000,2,0,2,双平,S,3845.4000,3845.0000,3844.8000,3844.2000,3843.8000,3846.8000,3847.4000,3848.0000,3848.2000,3849.4000,2,1,1,5,1,1,3,4,1,2
SF,IF2003,2019-11-25 09:30:48.200,3846.8000,15049,-1,113053020.000,1,0,1,双平,S,3845.4000,3845.0000,3844.8000,3844.2000,3843.8000,3847.4000,3848.0000,3848.2000,3849.4000,3850.2000,2,1,1,5,1,3,4,1,2,1
SF,IF2003,2019-11-25 09:30:48.700,3846.8000,15049,0,113053020.000,0,-,-,-,-,3845.6000,3845.4000,3845.0000,3844.8000,3844.2000,3847.2000,3847.4000,3848.0000,3848.2000,3849.4000,2,2,1,1,5,2,3,3,1,2
SF,IF2003,2019-11-25 09:30:49.200,3845.6000,15048,-1,117667800.000,4,1,3,多平,S,3845.8000,3845.6000,3845.4000,3845.0000,3844.8000,3847.0000,3847.2000,3847.4000,3848.0000,3848.2000,1,1,2,1,1,3,2,3,4,1
SF,IF2003,2019-11-25 09:30:49.700,3845.6000,15048,0,117667800.000,0,-,-,-,-,3846.2000,3845.6000,3845.4000,3845.0000,3844.8000,3846.8000,3847.0000,3847.2000,3847.4000,3848.0000,2,1,2,1,1,1,3,1,3,4
SF,IF2003,2019-11-25 09:30:50.200,3846.2000,15048,0,119975520.000,2,1,1,多换,S,3845.4000,3844.8000,3844.2000,3843.8000,3843.6000,3846.0000,3846.2000,3846.6000,3847.0000,3847.2000,2,1,5,1,2,1,3,1,3,1
SF,IF2003,2019-11-25 09:30:50.700,3846.2000,15048,0,119975520.000,0,-,-,-,-,3845.4000,3845.2000,3844.8000,3844.2000,3843.8000,3846.2000,3847.0000,3847.2000,3847.4000,3848.0000,1,1,1,5,1,3,2,1,3,4
SF,IF2003,2019-11-25 09:30:51.200,3846.2000,15048,0,119975520.000,0,-,-,-,-,3845.4000,3845.2000,3844.8000,3844.2000,3843.8000,3846.2000,3847.0000,3847.2000,3847.4000,3848.0000,1,1,1,5,1,3,2,2,3,4
SF,IF2003,2019-11-25 09:30:51.700,3846.2000,15048,0,119975520.000,0,-,-,-,-,3845.4000,3845.2000,3844.8000,3844.2000,3843.8000,3846.0000,3846.2000,3847.0000,3847.2000,3847.4000,1,1,1,5,1,1,3,2,2,3
SF,IF2003,2019-11-25 09:30:52.200,3845.2000,15048,0,122282700.000,2,1,1,多换,S,3844.8000,3844.2000,3843.8000,3843.6000,3843.0000,3845.2000,3847.0000,3847.2000,3847.4000,3848.0000,1,5,1,2,2,2,2,2,3,4
SF,IF2003,2019-11-25 09:30:52.700,3845.2000,15048,0,122282700.000,0,-,-,-,-,3844.2000,3843.8000,3843.6000,3843.0000,3842.6000,3845.8000,3847.0000,3847.2000,3847.4000,3848.0000,5,1,1,2,1,1,2,2,3,4
SF,IF2003,2019-11-25 09:30:53.200,3845.2000,15048,0,122282700.000,0,-,-,-,-,3844.2000,3843.8000,3843.6000,3843.0000,3842.6000,3845.6000,3845.8000,3846.2000,3847.0000,3847.2000,5,1,1,2,1,1,1,1,2,2
SF,IF2003,2019-11-25 09:30:53.700,3845.2000,15048,0,122282700.000,0,-,-,-,-,3844.4000,3844.2000,3843.8000,3843.6000,3843.0000,3845.6000,3845.8000,3846.2000,3847.0000,3847.2000,1,5,1,1,2,1,1,1,1,2
SF,IF2003,2019-11-25 09:30:54.200,3845.2000,15048,0,122282700.000,0,-,-,-,-,3844.4000,3844.2000,3843.8000,3843.6000,3843.0000,3845.8000,3846.2000,3847.0000,3847.2000,3847.4000,7,5,1,1,2,1,1,1,2,3
SF,IF2003,2019-11-25 09:30:54.700,3844.6000,15046,-2,124589460.000,2,0,2,双平,S,3844.4000,3844.2000,3843.8000,3843.6000,3843.0000,3846.2000,3847.2000,3847.4000,3848.0000,3848.2000,6,5,1,1,2,1,2,3,4,2
SF,IF2003,2019-11-25 09:30:55.200,3844.6000,15046,0,124589460.000,0,-,-,-,-,3844.6000,3844.4000,3844.2000,3843.8000,3843.6000,3845.6000,3846.0000,3846.2000,3847.2000,3847.4000,1,6,5,1,1,1,1,1,2,3
SF,IF2003,2019-11-25 09:30:55.700,3844.6000,15046,0,124589460.000,0,-,-,-,-,3845.0000,3844.4000,3844.2000,3843.8000,3843.6000,3845.4000,3845.6000,3846.2000,3847.2000,3847.4000,1,1,5,1,1,1,1,1,2,3
SF,IF2003,2019-11-25 09:30:56.200,3845.0000,15046,0,125742960.000,1,0,1,多换,S,3844.8000,3844.4000,3844.2000,3843.8000,3843.6000,3846.2000,3847.2000,3847.4000,3848.0000,3848.2000,1,1,5,1,1,1,2,3,4,2
SF,IF2003,2019-11-25 09:30:56.700,3845.0000,15046,0,125742960.000,0,-,-,-,-,3844.8000,3844.4000,3844.2000,3843.8000,3843.6000,3846.0000,3846.2000,3847.2000,3847.4000,3848.0000,1,1,5,1,1,3,1,2,3,4
SF,IF2003,2019-11-25 09:30:57.200,3845.0000,15046,0,125742960.000,0,-,-,-,-,3844.8000,3844.4000,3844.2000,3843.8000,3843.6000,3846.0000,3846.2000,3847.2000,3847.4000,3848.0000,1,1,5,1,1,4,1,2,3,4
SF,IF2003,2019-11-25 09:30:57.700,3845.0000,15046,0,125742960.000,0,-,-,-,-,3844.8000,3844.4000,3844.2000,3843.8000,3843.6000,3846.0000,3846.2000,3847.2000,3847.4000,3848.0000,1,1,5,1,1,4,1,2,3,4
SF,IF2003,2019-11-25 09:30:58.200,3845.0000,15046,0,125742960.000,0,-,-,-,-,3844.8000,3844.4000,3844.2000,3843.8000,3843.6000,3846.0000,3846.2000,3847.2000,3847.4000,3848.0000,1,1,5,1,1,4,1,2,3,4
SF,IF2003,2019-11-25 09:30:58.700,3845.0000,15046,0,125742960.000,0,-,-,-,-,3844.4000,3844.2000,3843.8000,3843.6000,3843.0000,3845.8000,3846.0000,3846.2000,3847.2000,3847.4000,1,5,1,1,2,1,4,1,2,3
SF,IF2003,2019-11-25 09:30:59.200,3845.0000,15046,0,125742960.000,0,-,-,-,-,3844.4000,3844.2000,3843.8000,3843.6000,3843.0000,3844.8000,3845.6000,3845.8000,3846.0000,3846.2000,1,5,1,1,2,1,1,1,3,1
SF,IF2003,2019-11-25 09:30:59.700,3844.8000,15046,0,126896400.000,1,0,1,多换,S,3845.0000,3844.8000,3844.4000,3844.2000,3843.8000,3845.8000,3846.0000,3846.2000,3846.4000,3847.2000,1,2,1,5,1,1,2,1,1,2
SF,IF2003,2019-11-25 09:31:00.200,3844.8000,15046,0,126896400.000,0,-,-,-,-,3845.0000,3844.8000,3844.4000,3844.2000,3843.8000,3845.6000,3845.8000,3846.0000,3846.2000,3846.4000,1,1,1,5,1,1,1,2,1,1
SF,IF2003,2019-11-25 09:31:00.700,3844.8000,15046,0,126896400.000,0,-,-,-,-,3845.2000,3844.8000,3844.6000,3844.4000,3844.2000,3845.4000,3845.8000,3846.0000,3846.2000,3846.4000,2,1,1,1,5,1,1,2,1,1
SF,IF2003,2019-11-25 09:31:01.200,3845.8000,15045,-1,129203760.000,2,0,2,多平,S,3845.4000,3845.2000,3844.6000,3844.4000,3844.2000,3846.0000,3846.2000,3846.4000,3847.2000,3847.4000,1,2,1,1,5,2,1,1,2,3
SF,IF2003,2019-11-25 09:31:01.700,3845.6000,15045,0,130357440.000,1,0,1,多换,S,3845.6000,3844.6000,3844.2000,3843.8000,3843.6000,3846.0000,3846.2000,3846.4000,3847.2000,3847.4000,1,1,5,1,1,2,1,1,2,3
SF,IF2003,2019-11-25 09:31:02.700,3845.6000,15045,0,130357440.000,0,-,-,-,-,3845.6000,3844.6000,3844.2000,3843.8000,3843.6000,3846.0000,3846.2000,3847.2000,3847.4000,3848.0000,1,1,5,1,1,2,1,1,3,4
SF,IF2003,2019-11-25 09:31:03.700,3846.0000,15043,-2,132665040.000,2,0,2,双平,S,3845.6000,3844.6000,3844.2000,3843.8000,3843.6000,3846.2000,3847.2000,3847.4000,3848.0000,3848.2000,1,1,5,1,1,1,1,3,4,2
SF,IF2003,2019-11-25 09:31:04.700,3846.2000,15042,-1,133818900.000,1,0,1,双平,S,3846.0000,3845.6000,3844.6000,3844.2000,3843.8000,3847.2000,3847.4000,3848.0000,3848.2000,3848.4000,1,1,2,5,1,1,3,4,2,1
SF,IF2003,2019-11-25 09:31:05.200,3846.2000,15042,0,133818900.000,0,-,-,-,-,3846.2000,3846.0000,3844.6000,3844.2000,3843.8000,3846.8000,3847.0000,3847.2000,3847.4000,3848.0000,1,1,2,5,1,2,3,1,2,4
SF,IF2003,2019-11-25 09:31:05.700,3846.2000,15042,0,134972760.000,1,0,1,多换,S,3846.0000,3844.6000,3844.2000,3843.8000,3843.6000,3846.6000,3846.8000,3847.0000,3847.2000,3847.4000,1,1,5,1,1,3,2,4,2,2
SF,IF2003,2019-11-25 09:31:06.200,3846.0000,15042,0,136126560.000,1,0,1,多换,S,3844.6000,3844.2000,3843.8000,3843.6000,3843.0000,3846.0000,3846.6000,3846.8000,3847.0000,3847.2000,1,5,2,1,2,2,1,2,2,2
SF,IF2003,2019-11-25 09:31:06.700,3846.0000,15040,-2,138434160.000,2,0,2,双平,S,3846.0000,3845.2000,3845.0000,3844.8000,3844.6000,3847.2000,3847.4000,3848.0000,3848.2000,3848.4000,1,1,5,7,1,2,2,4,2,1
SF,IF2003,2019-11-25 09:31:07.200,3846.0000,15040,0,138434160.000,0,-,-,-,-,3845.0000,3844.8000,3844.6000,3844.2000,3843.8000,3846.0000,3846.8000,3847.0000,3847.2000,3847.4000,5,4,1,5,1,1,2,5,3,2
SF,IF2003,2019-11-25 09:31:07.700,3846.0000,15040,0,138434160.000,0,-,-,-,-,3845.2000,3845.0000,3844.8000,3844.6000,3844.2000,3846.0000,3846.8000,3847.0000,3847.2000,3847.4000,1,5,4,1,5,1,2,1,2,2
SF,IF2003,2019-11-25 09:31:08.200,3846.0000,15040,0,139587960.000,1,0,1,多换,S,3845.2000,3845.0000,3844.8000,3844.6000,3844.2000,3847.2000,3847.4000,3848.0000,3848.2000,3848.4000,1,5,4,1,5,2,2,4,2,1
SF,IF2003,2019-11-25 09:31:08.700,3846.0000,15040,0,139587960.000,0,-,-,-,-,3845.4000,3845.2000,3845.0000,3844.8000,3844.6000,3847.0000,3847.2000,3847.4000,3848.0000,3848.2000,1,1,5,4,2,4,2,2,4,2
SF,IF2003,2019-11-25 09:31:09.200,3846.0000,15040,0,139587960.000,0,-,-,-,-,3845.6000,3845.4000,3845.2000,3845.0000,3844.8000,3847.0000,3847.2000,3847.4000,3848.0000,3848.2000,1,1,1,5,4,5,3,2,4,2
SF,IF2003,2019-11-25 09:31:09.700,3846.0000,15040,0,139587960.000,0,-,-,-,-,3846.0000,3845.6000,3845.4000,3845.2000,3844.8000,3846.8000,3847.0000,3847.2000,3847.4000,3848.0000,1,1,1,1,2,2,4,2,2,4
SF,IF2003,2019-11-25 09:31:10.200,3846.0000,15040,0,140741760.000,1,0,1,多换,S,3845.6000,3845.4000,3845.2000,3844.8000,3844.6000,3846.0000,3846.6000,3846.8000,3847.2000,3847.4000,1,1,1,2,2,1,2,2,2,2
SF,IF2003,2019-11-25 09:31:10.700,3846.0000,15040,0,140741760.000,0,-,-,-,-,3846.0000,3845.6000,3845.2000,3844.8000,3844.6000,3846.6000,3846.8000,3847.2000,3847.4000,3848.0000,4,1,1,2,1,3,3,2,2,4
SF,IF2003,2019-11-25 09:31:11.200,3846.0000,15038,-2,143049360.000,2,0,2,双平,S,3846.0000,3845.2000,3844.6000,3844.2000,3843.8000,3846.4000,3846.6000,3846.8000,3847.2000,3847.4000,2,1,1,5,1,3,1,2,2,2
SF,IF2003,2019-11-25 09:31:11.700,3846.0000,15036,-2,145356960.000,2,0,2,双平,S,3845.2000,3844.6000,3844.2000,3843.8000,3843.6000,3845.8000,3846.0000,3846.2000,3846.4000,3846.6000,1,1,5,2,1,2,9,1,1,1
SF,IF2003,2019-11-25 09:31:12.200,3844.6000,15035,-1,147663900.000,2,0,2,多平,S,3844.2000,3843.8000,3843.6000,3843.0000,3842.6000,3845.2000,3845.6000,3845.8000,3846.0000,3846.2000,5,1,1,2,1,5,1,2,1,3
SF,IF2003,2019-11-25 09:31:12.700,3844.6000,15035,0,147663900.000,0,-,-,-,-,3844.4000,3844.2000,3843.6000,3843.0000,3842.6000,3845.2000,3846.0000,3846.2000,3846.6000,3846.8000,1,5,1,2,1,4,1,4,1,1
SF,IF2003,2019-11-25 09:31:13.200,3844.6000,15035,0,147663900.000,0,-,-,-,-,3844.2000,3843.8000,3843.6000,3843.0000,3842.6000,3845.0000,3845.2000,3846.0000,3846.2000,3846.6000,5,1,1,2,1,1,2,1,2,1
SF,IF2003,2019-11-25 09:31:15.200,3844.6000,15035,0,147663900.000,0,-,-,-,-,3844.2000,3843.6000,3843.0000,3842.6000,3842.2000,3845.0000,3845.2000,3845.4000,3846.0000,3846.2000,5,1,2,1,4,1,2,1,1,2
SF,IF2003,2019-11-25 09:31:15.700,3844.6000,15035,0,147663900.000,0,-,-,-,-,3844.2000,3843.6000,3843.0000,3842.6000,3842.2000,3845.0000,3845.2000,3845.4000,3846.0000,3846.2000,5,1,2,1,4,1,2,1,1,2
SF,IF2003,2019-11-25 09:31:16.700,3844.6000,15035,0,147663900.000,0,-,-,-,-,3844.6000,3844.2000,3843.6000,3843.0000,3842.6000,3844.8000,3845.0000,3845.2000,3845.4000,3846.0000,2,5,1,2,1,1,1,2,1,1
SF,IF2003,2019-11-25 09:31:17.200,3844.6000,15036,1,149970660.000,2,1,1,空开,S,3844.2000,3843.6000,3843.0000,3842.6000,3842.2000,3844.8000,3845.2000,3845.4000,3846.0000,3846.2000,5,1,2,1,4,2,2,1,1,2
SF,IF2003,2019-11-25 09:31:17.700,3844.4000,15035,-1,151123980.000,1,0,1,双平,S,3844.2000,3843.6000,3843.0000,3842.6000,3842.2000,3845.2000,3845.4000,3846.0000,3846.2000,3846.6000,5,1,2,1,4,2,1,1,2,1
SF,IF2003,2019-11-25 09:31:18.200,3845.2000,15033,-2,153431100.000,2,0,2,双平,S,3844.2000,3843.8000,3843.6000,3843.0000,3842.6000,3846.2000,3846.6000,3846.8000,3847.2000,3847.4000,5,1,1,2,1,2,1,1,2,2
SF,IF2003,2019-11-25 09:31:18.700,3845.2000,15033,0,153431100.000,0,-,-,-,-,3844.4000,3844.2000,3843.8000,3843.6000,3843.0000,3846.0000,3846.2000,3846.6000,3846.8000,3847.2000,4,5,1,1,2,3,2,1,1,2
SF,IF2003,2019-11-25 09:31:19.200,3845.2000,15033,0,153431100.000,0,-,-,-,-,3844.6000,3844.4000,3844.2000,3843.8000,3843.6000,3846.0000,3846.6000,3846.8000,3847.2000,3847.4000,6,3,5,1,1,1,1,1,2,2
SF,IF2003,2019-11-25 09:31:19.700,3845.2000,15033,0,153431100.000,0,-,-,-,-,3844.4000,3844.2000,3843.8000,3843.6000,3843.0000,3845.4000,3845.8000,3846.0000,3846.4000,3846.6000,2,5,1,1,2,2,3,2,1,1
SF,IF2003,2019-11-25 09:31:20.200,3845.2000,15033,0,153431100.000,0,-,-,-,-,3844.8000,3844.4000,3844.2000,3843.8000,3843.6000,3846.0000,3846.4000,3846.6000,3846.8000,3847.2000,1,1,5,1,1,2,1,1,1,2
SF,IF2003,2019-11-25 09:31:20.700,3845.2000,15033,0,153431100.000,0,-,-,-,-,3844.4000,3844.2000,3843.8000,3843.6000,3843.0000,3845.8000,3846.0000,3846.2000,3846.4000,3846.6000,1,5,1,1,2,2,2,1,1,1
SF,IF2003,2019-11-25 09:31:21.200,3845.2000,15033,0,153431100.000,0,-,-,-,-,3844.6000,3844.4000,3844.2000,3843.8000,3843.6000,3845.8000,3846.0000,3846.2000,3846.4000,3846.6000,1,1,5,1,1,1,1,1,1,1
SF,IF2003,2019-11-25 09:31:21.700,3845.2000,15033,0,153431100.000,0,-,-,-,-,3844.4000,3844.2000,3843.8000,3843.6000,3843.0000,3845.4000,3845.6000,3845.8000,3846.0000,3846.2000,1,5,1,1,2,1,1,1,2,1
SF,IF2003,2019-11-25 09:31:22.200,3845.2000,15033,0,153431100.000,0,-,-,-,-,3844.4000,3844.2000,3843.6000,3843.0000,3842.6000,3845.2000,3845.4000,3845.6000,3845.8000,3846.0000,1,5,1,2,1,2,1,2,1,2
SF,IF2003,2019-11-25 09:31:22.700,3845.2000,15032,-1,154584660.000,1,0,1,双平,S,3844.4000,3844.2000,3843.6000,3843.0000,3842.6000,3845.2000,3845.4000,3845.6000,3845.8000,3846.0000,1,5,1,2,1,2,1,2,1,2
SF,IF2003,2019-11-25 09:31:23.200,3845.2000,15032,0,154584660.000,0,-,-,-,-,3844.4000,3844.2000,3843.6000,3843.0000,3842.6000,3845.2000,3845.4000,3845.8000,3846.0000,3846.2000,1,5,1,2,1,2,1,1,2,1
SF,IF2003,2019-11-25 09:31:23.700,3845.2000,15032,0,155738220.000,1,0,1,多换,S,3844.4000,3844.2000,3843.6000,3843.0000,3842.6000,3845.8000,3846.0000,3846.2000,3846.4000,3846.6000,1,5,1,2,1,1,2,1,1,1
SF,IF2003,2019-11-25 09:31:24.200,3845.2000,15032,0,155738220.000,0,-,-,-,-,3844.4000,3844.2000,3843.8000,3843.6000,3843.0000,3845.6000,3845.8000,3846.0000,3846.2000,3846.4000,1,5,1,1,2,1,1,2,1,2
SF,IF2003,2019-11-25 09:31:24.700,3845.2000,15032,0,155738220.000,0,-,-,-,-,3844.4000,3844.2000,3843.8000,3843.6000,3843.0000,3845.4000,3845.6000,3845.8000,3846.0000,3846.2000,1,5,1,1,2,3,1,1,2,1
SF,IF2003,2019-11-25 09:31:25.200,3845.2000,15032,0,156891780.000,1,0,1,多换,S,3844.4000,3844.2000,3843.8000,3843.6000,3843.0000,3845.4000,3845.8000,3846.0000,3846.2000,3846.4000,1,5,1,1,2,3,1,2,1,2
SF,IF2003,2019-11-25 09:31:25.700,3844.4000,15031,-1,158045100.000,1,0,1,双平,S,3844.2000,3843.6000,3843.0000,3842.6000,3842.2000,3844.8000,3845.0000,3845.2000,3845.4000,3845.6000,5,1,2,1,4,2,1,3,6,1
SF,IF2003,2019-11-25 09:31:26.200,3844.8000,15029,-2,160351980.000,2,0,2,双平,S,3844.2000,3843.6000,3843.0000,3842.6000,3842.2000,3844.4000,3845.2000,3845.4000,3845.6000,3846.0000,5,1,2,1,4,1,3,1,1,2
SF,IF2003,2019-11-25 09:31:26.700,3844.4000,15026,-3,164965080.000,4,0,4,多平,S,3844.4000,3844.2000,3843.6000,3843.0000,3842.6000,3845.2000,3845.6000,3846.0000,3846.2000,3846.4000,1,2,1,2,1,3,1,2,1,2
SF,IF2003,2019-11-25 09:31:27.200,3844.2000,15025,-1,166118340.000,1,0,1,双平,S,3844.2000,3843.6000,3843.0000,3842.6000,3842.2000,3844.4000,3845.2000,3845.6000,3846.0000,3846.2000,1,1,2,1,4,1,3,1,2,1
SF,IF2003,2019-11-25 09:31:27.700,3844.2000,15025,0,166118340.000,0,-,-,-,-,3844.2000,3843.6000,3843.0000,3842.6000,3842.2000,3845.2000,3845.6000,3846.0000,3846.2000,3846.4000,1,1,2,1,4,3,1,2,1,2
SF,IF2003,2019-11-25 09:31:28.200,3844.2000,15024,-1,167271600.000,1,0,1,双平,S,3843.6000,3843.0000,3842.6000,3842.2000,3841.8000,3844.0000,3845.0000,3845.2000,3846.0000,3846.2000,1,2,1,4,5,1,2,2,2,1
SF,IF2003,2019-11-25 09:31:28.700,3844.2000,15024,0,167271600.000,0,-,-,-,-,3843.6000,3843.0000,3842.2000,3841.8000,3841.2000,3844.0000,3844.8000,3845.0000,3845.2000,3845.4000,1,2,4,5,3,1,1,1,2,1
SF,IF2003,2019-11-25 09:31:29.200,3844.2000,15024,0,167271600.000,0,-,-,-,-,3843.6000,3843.0000,3842.2000,3841.8000,3841.2000,3844.0000,3844.8000,3845.2000,3845.4000,3846.0000,1,2,4,5,3,1,1,2,1,2
SF,IF2003,2019-11-25 09:31:29.700,3844.2000,15024,0,167271600.000,0,-,-,-,-,3843.6000,3843.0000,3842.2000,3841.8000,3841.2000,3844.0000,3844.8000,3845.2000,3845.4000,3846.0000,1,2,4,5,3,1,1,2,1,2
SF,IF2003,2019-11-25 09:31:30.700,3844.2000,15024,0,167271600.000,0,-,-,-,-,3843.6000,3843.0000,3842.2000,3841.8000,3841.2000,3844.0000,3844.8000,3845.2000,3845.4000,3846.0000,1,2,4,5,3,1,1,2,1,3
SF,IF2003,2019-11-25 09:31:31.200,3843.6000,15024,0,168424680.000,1,0,1,多换,S,3843.0000,3842.2000,3841.8000,3841.2000,3840.6000,3844.0000,3844.8000,3845.2000,3845.4000,3846.0000,2,4,5,3,2,1,1,2,1,3
SF,IF2003,2019-11-25 09:31:31.700,3843.6000,15024,0,168424680.000,0,-,-,-,-,3843.0000,3842.2000,3841.8000,3841.2000,3840.6000,3844.0000,3844.8000,3845.2000,3845.4000,3846.0000,2,4,5,3,2,1,1,1,1,3
SF,IF2003,2019-11-25 09:31:32.200,3843.6000,15024,0,168424680.000,0,-,-,-,-,3843.0000,3842.2000,3841.8000,3841.2000,3840.6000,3844.0000,3844.8000,3845.4000,3846.0000,3846.2000,2,4,5,3,2,1,1,1,3,2
SF,IF2003,2019-11-25 09:31:33.200,3843.6000,15024,0,168424680.000,0,-,-,-,-,3843.0000,3842.2000,3841.8000,3841.2000,3840.6000,3843.8000,3844.0000,3844.8000,3845.4000,3846.0000,2,4,5,3,2,1,1,1,1,3
SF,IF2003,2019-11-25 09:31:33.700,3843.6000,15024,0,168424680.000,0,-,-,-,-,3843.2000,3843.0000,3842.2000,3841.8000,3841.2000,3844.0000,3844.8000,3845.4000,3846.0000,3846.2000,1,2,4,5,3,1,1,1,3,2
SF,IF2003,2019-11-25 09:31:35.200,3843.8000,15024,0,170730960.000,2,1,1,多换,S,3843.8000,3843.0000,3842.2000,3841.8000,3841.2000,3844.0000,3844.8000,3845.4000,3846.0000,3846.2000,3,2,4,5,3,1,1,1,3,2
SF,IF2003,2019-11-25 09:31:35.700,3843.8000,15024,0,171884100.000,1,0,1,多换,S,3843.8000,3843.0000,3842.2000,3841.8000,3841.2000,3844.0000,3844.8000,3845.4000,3846.0000,3846.2000,2,2,4,5,3,1,1,1,3,2
SF,IF2003,2019-11-25 09:31:36.200,3843.8000,15024,0,174190380.000,2,1,1,多换,S,3843.0000,3842.2000,3841.8000,3841.2000,3840.6000,3844.0000,3845.4000,3846.0000,3846.2000,3846.4000,1,5,5,3,2,1,1,3,2,2
SF,IF2003,2019-11-25 09:31:36.700,3844.0000,15025,1,176496480.000,2,1,1,空开,S,3842.2000,3841.8000,3841.2000,3840.6000,3835.0000,3844.6000,3845.4000,3846.0000,3846.2000,3846.4000,3,5,3,2,7,1,1,3,2,2
SF,IF2003,2019-11-25 09:31:37.200,3844.0000,15025,0,176496480.000,0,-,-,-,-,3842.4000,3842.2000,3841.8000,3841.2000,3840.6000,3843.8000,3844.2000,3844.4000,3844.6000,3844.8000,1,3,5,3,2,2,2,2,1,1
SF,IF2003,2019-11-25 09:31:37.700,3842.4000,15024,-1,177649200.000,1,0,1,双平,S,3842.2000,3841.8000,3841.2000,3840.6000,3835.0000,3843.8000,3844.2000,3844.4000,3844.6000,3844.8000,3,5,3,2,7,2,5,2,1,1
SF,IF2003,2019-11-25 09:31:38.200,3843.4000,15022,-2,179955240.000,2,0,2,双平,S,3842.2000,3841.8000,3841.2000,3840.6000,3835.0000,3843.6000,3843.8000,3844.2000,3844.4000,3844.6000,1,5,3,2,7,1,4,3,1,1
SF,IF2003,2019-11-25 09:31:38.700,3843.4000,15022,0,179955240.000,0,-,-,-,-,3842.2000,3841.8000,3841.2000,3840.6000,3835.0000,3843.4000,3843.6000,3843.8000,3844.2000,3844.4000,1,5,3,2,7,1,2,3,2,1
SF,IF2003,2019-11-25 09:31:39.200,3843.4000,15022,0,179955240.000,0,-,-,-,-,3841.8000,3841.4000,3841.2000,3840.6000,3835.0000,3843.2000,3843.4000,3843.6000,3843.8000,3844.2000,5,1,3,2,7,1,4,2,4,2
SF,IF2003,2019-11-25 09:31:39.700,3843.4000,15022,0,179955240.000,0,-,-,-,-,3843.2000,3842.4000,3842.0000,3841.8000,3841.4000,3843.4000,3843.6000,3843.8000,3844.2000,3844.4000,1,1,1,5,1,3,1,4,2,1
SF,IF2003,2019-11-25 09:31:40.200,3843.2000,15022,0,181108200.000,1,0,1,多换,S,3842.4000,3842.0000,3841.8000,3841.4000,3841.2000,3843.4000,3843.8000,3844.2000,3844.4000,3844.6000,1,2,5,1,2,3,4,2,1,1
SF,IF2003,2019-11-25 09:31:40.700,3842.4000,15021,-1,182260920.000,1,0,1,双平,S,3841.8000,3841.4000,3841.2000,3840.6000,3840.4000,3843.2000,3843.4000,3843.8000,3844.2000,3844.4000,5,1,2,2,1,2,3,5,2,1
SF,IF2003,2019-11-25 09:31:41.200,3843.0000,15020,-1,183413820.000,1,0,1,双平,S,3842.0000,3841.8000,3841.4000,3841.2000,3840.6000,3843.4000,3843.8000,3844.2000,3844.4000,3844.6000,1,5,1,2,2,3,5,2,1,1
SF,IF2003,2019-11-25 09:31:41.700,3843.0000,15020,0,183413820.000,0,-,-,-,-,3842.2000,3842.0000,3841.8000,3841.4000,3841.2000,3843.4000,3843.8000,3844.2000,3844.4000,3844.6000,2,1,7,1,2,3,4,2,1,1
SF,IF2003,2019-11-25 09:31:42.200,3843.0000,15020,0,183413820.000,0,-,-,-,-,3842.4000,3842.2000,3842.0000,3841.8000,3841.4000,3843.4000,3843.8000,3844.4000,3844.6000,3844.8000,1,2,1,5,1,2,4,1,1,1
SF,IF2003,2019-11-25 09:31:42.700,3843.0000,15020,0,183413820.000,0,-,-,-,-,3842.4000,3842.0000,3841.8000,3841.4000,3841.2000,3843.4000,3843.8000,3844.4000,3844.6000,3844.8000,1,1,5,1,2,2,4,1,1,1
SF,IF2003,2019-11-25 09:31:43.200,3843.0000,15020,0,183413820.000,0,-,-,-,-,3842.4000,3842.0000,3841.8000,3841.4000,3841.2000,3843.4000,3843.8000,3844.4000,3844.6000,3844.8000,1,1,5,1,2,1,4,1,1,1
SF,IF2003,2019-11-25 09:31:43.700,3843.0000,15020,0,183413820.000,0,-,-,-,-,3843.0000,3842.4000,3842.2000,3842.0000,3841.8000,3843.8000,3844.4000,3844.6000,3844.8000,3845.2000,1,1,1,1,5,4,1,1,1,1
SF,IF2003,2019-11-25 09:31:44.200,3842.4000,15019,-1,185719440.000,2,0,2,多平,S,3842.2000,3841.8000,3841.4000,3841.2000,3840.6000,3842.4000,3843.8000,3844.4000,3844.6000,3844.8000,1,5,1,2,2,3,4,1,1,1
SF,IF2003,2019-11-25 09:31:44.700,3842.4000,15016,-3,189177600.000,3,0,3,双平,S,3842.6000,3842.4000,3842.2000,3841.8000,3841.4000,3843.8000,3844.4000,3844.6000,3844.8000,3845.2000,4,7,2,5,1,3,1,1,1,1
SF,IF2003,2019-11-25 09:31:45.200,3843.6000,15015,-1,190330680.000,1,0,1,双平,S,3843.4000,3842.4000,3842.2000,3841.8000,3841.4000,3843.6000,3843.8000,3844.4000,3844.6000,3844.8000,1,5,1,5,1,1,3,1,1,1
SF,IF2003,2019-11-25 09:31:45.700,3843.4000,15014,-1,191483700.000,1,0,1,双平,S,3842.4000,3842.2000,3841.8000,3841.4000,3841.2000,3843.2000,3843.4000,3843.6000,3843.8000,3844.4000,4,1,5,1,2,6,8,2,3,1
SF,IF2003,2019-11-25 09:31:46.200,3842.4000,15013,-1,192636420.000,1,0,1,双平,S,3842.4000,3841.8000,3841.4000,3841.2000,3840.6000,3843.2000,3843.4000,3843.6000,3843.8000,3844.4000,1,5,1,2,2,1,5,2,3,1
SF,IF2003,2019-11-25 09:31:46.700,3842.4000,15012,-1,193789140.000,1,0,1,双平,S,3841.8000,3841.4000,3841.2000,3840.6000,3840.4000,3842.4000,3843.0000,3843.2000,3843.4000,3843.6000,5,1,2,2,1,1,1,1,5,2
SF,IF2003,2019-11-25 09:31:47.200,3841.8000,15011,-1,194941680.000,1,0,1,双平,S,3841.8000,3841.4000,3841.2000,3840.6000,3840.4000,3843.0000,3843.4000,3843.6000,3843.8000,3844.4000,4,1,2,2,1,3,3,2,3,1
SF,IF2003,2019-11-25 09:31:47.700,3841.8000,15010,-1,196094220.000,1,0,1,双平,S,3841.8000,3841.4000,3840.6000,3840.4000,3835.0000,3842.2000,3842.8000,3843.0000,3843.4000,3843.6000,3,1,2,1,7,1,2,3,3,2
SF,IF2003,2019-11-25 09:31:48.200,3841.8000,15010,0,196094220.000,0,-,-,-,-,3841.8000,3840.6000,3839.4000,3835.0000,3833.0000,3842.2000,3842.4000,3842.8000,3843.0000,3843.4000,3,3,1,7,1,1,1,2,3,3
SF,IF2003,2019-11-25 09:31:48.700,3841.8000,15009,-1,197246760.000,1,0,1,双平,S,3841.8000,3840.6000,3839.4000,3835.0000,3833.0000,3842.2000,3842.8000,3843.0000,3843.4000,3843.6000,2,3,1,7,1,1,1,3,3,2
SF,IF2003,2019-11-25 09:31:49.200,3841.8000,15008,-1,198399300.000,1,0,1,双平,S,3841.8000,3840.6000,3839.4000,3835.0000,3833.0000,3842.8000,3843.0000,3843.4000,3843.6000,3843.8000,1,3,1,7,1,1,3,3,2,3
SF,IF2003,2019-11-25 09:31:49.700,3841.8000,15008,0,198399300.000,0,-,-,-,-,3841.8000,3840.6000,3839.4000,3835.0000,3833.0000,3842.6000,3842.8000,3843.0000,3843.4000,3843.6000,1,3,1,7,1,1,1,2,3,2
SF,IF2003,2019-11-25 09:31:50.200,3841.8000,15008,0,198399300.000,0,-,-,-,-,3841.8000,3840.6000,3839.4000,3835.0000,3833.0000,3842.6000,3842.8000,3843.4000,3843.6000,3843.8000,1,3,1,7,1,1,2,3,1,3
SF,IF2003,2019-11-25 09:31:50.700,3841.8000,15008,0,198399300.000,0,-,-,-,-,3841.8000,3840.6000,3839.4000,3835.0000,3833.0000,3842.4000,3842.6000,3843.4000,3843.6000,3843.8000,1,3,1,7,1,2,1,3,1,3
SF,IF2003,2019-11-25 09:31:51.200,3841.8000,15008,0,198399300.000,0,-,-,-,-,3841.8000,3840.6000,3839.4000,3835.0000,3833.0000,3842.2000,3842.4000,3842.6000,3843.4000,3843.6000,1,3,1,7,1,1,2,1,3,1
SF,IF2003,2019-11-25 09:31:51.700,3842.2000,15007,-1,199551960.000,1,0,1,双平,S,3841.8000,3840.6000,3839.4000,3835.0000,3833.0000,3843.4000,3843.6000,3843.8000,3844.4000,3844.6000,1,3,1,7,1,3,1,3,1,1
SF,IF2003,2019-11-25 09:31:52.200,3842.2000,15007,0,199551960.000,0,-,-,-,-,3842.0000,3841.8000,3840.6000,3839.4000,3835.0000,3843.0000,3843.2000,3843.4000,3843.6000,3843.8000,1,1,3,1,7,1,6,3,1,3
SF,IF2003,2019-11-25 09:31:52.700,3842.2000,15007,0,199551960.000,0,-,-,-,-,3841.8000,3840.6000,3839.4000,3835.0000,3833.0000,3842.4000,3842.6000,3842.8000,3843.0000,3843.2000,1,3,1,7,1,1,5,2,6,4
SF,IF2003,2019-11-25 09:31:53.200,3842.2000,15007,0,199551960.000,0,-,-,-,-,3842.2000,3841.8000,3840.6000,3839.4000,3835.0000,3843.2000,3843.4000,3843.6000,3843.8000,3844.6000,1,2,3,1,7,2,3,1,3,1
SF,IF2003,2019-11-25 09:31:53.700,3842.2000,15007,0,199551960.000,0,-,-,-,-,3841.8000,3840.6000,3839.4000,3835.0000,3833.0000,3842.8000,3843.0000,3843.2000,3843.4000,3843.6000,2,3,1,7,1,6,4,3,3,1
SF,IF2003,2019-11-25 09:31:54.200,3842.4000,15006,-1,200704680.000,1,0,1,双平,S,3841.8000,3840.6000,3839.4000,3835.0000,3833.0000,3843.0000,3843.2000,3843.4000,3843.6000,3843.8000,2,3,1,7,1,1,1,3,1,3
SF,IF2003,2019-11-25 09:31:54.700,3842.4000,15006,0,200704680.000,0,-,-,-,-,3841.8000,3840.6000,3839.4000,3835.0000,3833.0000,3842.6000,3842.8000,3843.0000,3843.2000,3843.4000,2,3,1,7,1,1,3,1,1,3
SF,IF2003,2019-11-25 09:31:55.200,3842.4000,15006,0,200704680.000,0,-,-,-,-,3841.8000,3840.6000,3839.4000,3835.0000,3833.0000,3842.8000,3843.2000,3843.4000,3843.6000,3843.8000,2,3,1,7,1,1,1,3,1,3
SF,IF2003,2019-11-25 09:31:55.700,3842.4000,15006,0,200704680.000,0,-,-,-,-,3842.0000,3841.8000,3840.6000,3839.4000,3835.0000,3842.8000,3843.2000,3843.4000,3843.6000,3843.8000,1,2,3,1,7,1,1,3,1,3
SF,IF2003,2019-11-25 09:31:56.200,3843.4000,15001,-5,206469540.000,5,0,5,双平,S,3841.8000,3840.6000,3839.4000,3835.0000,3833.0000,3843.6000,3843.8000,3844.6000,3844.8000,3845.2000,2,3,1,7,1,1,3,1,1,1
SF,IF2003,2019-11-25 09:31:56.700,3843.4000,15001,0,206469540.000,0,-,-,-,-,3841.8000,3840.6000,3839.4000,3835.0000,3833.0000,3843.0000,3843.2000,3843.4000,3843.6000,3843.8000,2,3,1,7,1,1,4,9,2,3
SF,IF2003,2019-11-25 09:31:57.200,3843.4000,15001,0,206469540.000,0,-,-,-,-,3842.0000,3841.8000,3840.6000,3839.4000,3835.0000,3843.0000,3843.2000,3843.4000,3843.6000,3843.8000,1,2,3,1,7,1,4,9,2,3
SF,IF2003,2019-11-25 09:31:57.700,3843.4000,15001,0,206469540.000,0,-,-,-,-,3842.0000,3841.8000,3840.6000,3839.4000,3835.0000,3843.0000,3843.2000,3843.4000,3843.6000,3843.8000,1,2,3,1,7,1,2,7,2,3
SF,IF2003,2019-11-25 09:31:58.200,3843.0000,15000,-1,207622440.000,1,0,1,双平,S,3842.2000,3842.0000,3841.8000,3841.6000,3840.6000,3843.4000,3843.6000,3843.8000,3844.6000,3844.8000,1,1,2,1,3,5,1,3,1,1
SF,IF2003,2019-11-25 09:31:58.700,3842.4000,14998,-2,211081200.000,3,0,3,多平,S,3842.4000,3842.2000,3842.0000,3841.8000,3841.6000,3843.4000,3843.8000,3844.6000,3844.8000,3845.2000,4,1,3,2,1,3,3,1,1,1
SF,IF2003,2019-11-25 09:31:59.200,3843.4000,14995,-3,214540260.000,3,0,3,双平,S,3843.4000,3842.6000,3842.4000,3842.0000,3841.8000,3843.8000,3844.6000,3844.8000,3845.2000,3845.4000,3,2,6,1,2,3,1,1,1,1
SF,IF2003,2019-11-25 09:31:59.700,3843.8000,14995,0,216846540.000,2,1,1,多换,S,3842.8000,3842.6000,3842.4000,3841.8000,3841.6000,3843.8000,3844.6000,3845.2000,3845.4000,3846.0000,7,8,3,2,1,1,1,1,1,1
SF,IF2003,2019-11-25 09:32:00.200,3843.8000,14995,0,216846540.000,0,-,-,-,-,3843.2000,3843.0000,3842.6000,3842.4000,3841.8000,3843.8000,3844.6000,3845.2000,3845.4000,3846.0000,1,2,3,2,2,1,1,1,1,1
SF,IF2003,2019-11-25 09:32:00.700,3843.8000,14995,0,217999680.000,1,0,1,多换,S,3843.4000,3843.2000,3843.0000,3842.8000,3842.6000,3845.2000,3845.4000,3846.0000,3846.2000,3846.4000,1,3,5,2,1,1,1,2,1,2
SF,IF2003,2019-11-25 09:32:01.200,3843.8000,14995,0,217999680.000,0,-,-,-,-,3843.2000,3843.0000,3842.8000,3842.6000,3842.4000,3843.8000,3845.0000,3845.2000,3845.4000,3846.0000,3,3,2,1,2,1,3,1,1,2
SF,IF2003,2019-11-25 09:32:01.700,3843.8000,14994,-1,219152820.000,1,0,1,双平,S,3844.0000,3843.8000,3843.4000,3843.2000,3843.0000,3845.0000,3845.4000,3846.0000,3846.2000,3846.4000,2,2,1,1,1,1,2,2,1,2
SF,IF2003,2019-11-25 09:32:02.200,3843.8000,14994,0,219152820.000,0,-,-,-,-,3844.0000,3843.4000,3843.2000,3842.6000,3842.4000,3844.4000,3844.8000,3845.4000,3846.0000,3846.2000,2,6,1,1,2,1,4,2,2,1
SF,IF2003,2019-11-25 09:32:02.700,3844.0000,14992,-2,221459220.000,2,0,2,双平,S,3843.4000,3843.2000,3842.6000,3842.4000,3841.8000,3845.4000,3846.0000,3846.2000,3846.4000,3846.6000,6,1,1,2,2,1,2,1,2,1
SF,IF2003,2019-11-25 09:32:03.200,3844.0000,14992,0,221459220.000,0,-,-,-,-,3843.6000,3843.4000,3842.6000,3842.4000,3841.8000,3845.0000,3845.2000,3845.4000,3846.0000,3846.2000,1,6,1,2,3,10,11,3,2,1
SF,IF2003,2019-11-25 09:32:03.700,3844.0000,14992,0,221459220.000,0,-,-,-,-,3843.8000,3843.4000,3842.6000,3842.4000,3841.8000,3844.4000,3844.8000,3845.0000,3845.2000,3845.4000,1,6,1,2,3,1,7,11,8,3
SF,IF2003,2019-11-25 09:32:04.200,3843.8000,14991,-1,222612360.000,1,0,1,双平,S,3843.4000,3842.4000,3841.8000,3841.6000,3840.6000,3843.8000,3844.0000,3844.2000,3844.4000,3844.8000,6,2,3,1,3,1,5,2,2,6
SF,IF2003,2019-11-25 09:32:04.700,3843.8000,14990,-1,223765500.000,1,0,1,双平,S,3843.4000,3842.4000,3841.8000,3841.6000,3840.6000,3844.8000,3845.0000,3845.2000,3845.4000,3846.0000,6,3,3,1,3,5,2,5,2,1
SF,IF2003,2019-11-25 09:32:05.200,3843.8000,14990,0,223765500.000,0,-,-,-,-,3843.4000,3842.4000,3841.8000,3841.6000,3840.6000,3844.0000,3844.2000,3844.6000,3844.8000,3845.0000,6,1,3,1,3,1,7,6,7,2
SF,IF2003,2019-11-25 09:32:05.700,3843.8000,14990,0,223765500.000,0,-,-,-,-,3843.8000,3843.4000,3842.4000,3841.8000,3841.6000,3844.2000,3844.6000,3844.8000,3845.0000,3845.2000,1,6,1,3,1,1,2,5,1,5
SF,IF2003,2019-11-25 09:32:06.200,3844.6000,14988,-2,226072140.000,2,0,2,双平,S,3844.2000,3843.8000,3843.4000,3842.4000,3841.8000,3844.6000,3844.8000,3845.0000,3845.2000,3845.4000,1,1,6,1,3,1,5,1,5,2
SF,IF2003,2019-11-25 09:32:06.700,3844.6000,14988,0,226072140.000,0,-,-,-,-,3843.8000,3843.4000,3843.2000,3842.4000,3841.8000,3844.8000,3845.2000,3845.4000,3846.0000,3846.2000,1,6,1,1,3,1,3,2,1,1
SF,IF2003,2019-11-25 09:32:07.200,3844.6000,14988,0,226072140.000,0,-,-,-,-,3844.0000,3843.8000,3843.4000,3843.2000,3842.4000,3845.2000,3845.4000,3846.0000,3846.2000,3846.4000,1,1,6,1,1,3,1,1,1,2
SF,IF2003,2019-11-25 09:32:07.700,3844.6000,14988,0,226072140.000,0,-,-,-,-,3844.0000,3843.8000,3843.4000,3843.2000,3842.4000,3844.6000,3845.0000,3845.2000,3845.4000,3846.0000,1,1,6,1,1,1,3,4,1,1
SF,IF2003,2019-11-25 09:32:08.200,3844.6000,14988,0,226072140.000,0,-,-,-,-,3844.0000,3843.8000,3843.4000,3843.2000,3842.4000,3845.0000,3845.2000,3845.4000,3846.0000,3846.2000,1,1,6,1,1,3,3,1,1,1
SF,IF2003,2019-11-25 09:32:08.700,3844.6000,14988,0,226072140.000,0,-,-,-,-,3844.0000,3843.8000,3843.4000,3843.2000,3842.4000,3845.0000,3845.2000,3845.4000,3846.0000,3846.2000,1,1,6,1,1,3,3,1,1,1
SF,IF2003,2019-11-25 09:32:09.200,3844.6000,14988,0,226072140.000,0,-,-,-,-,3844.0000,3843.8000,3843.4000,3843.2000,3842.4000,3845.0000,3845.2000,3845.4000,3846.0000,3846.2000,1,1,6,1,1,2,3,1,1,1
SF,IF2003,2019-11-25 09:32:09.700,3844.6000,14988,0,226072140.000,0,-,-,-,-,3843.8000,3843.4000,3843.2000,3842.4000,3841.8000,3844.6000,3844.8000,3845.0000,3845.2000,3845.4000,1,6,1,1,3,1,3,2,3,1
SF,IF2003,2019-11-25 09:32:10.200,3844.6000,14988,0,226072140.000,0,-,-,-,-,3843.8000,3843.4000,3843.2000,3842.4000,3841.8000,3844.6000,3844.8000,3845.0000,3845.2000,3845.4000,1,6,1,1,3,4,3,1,3,1
SF,IF2003,2019-11-25 09:32:10.700,3844.6000,14988,0,226072140.000,0,-,-,-,-,3844.0000,3843.8000,3843.4000,3843.2000,3842.4000,3844.4000,3844.6000,3844.8000,3845.0000,3845.2000,1,1,6,1,1,1,4,2,1,3
SF,IF2003,2019-11-25 09:32:11.200,3844.6000,14988,0,226072140.000,0,-,-,-,-,3843.8000,3843.4000,3843.2000,3842.4000,3841.8000,3844.2000,3844.4000,3844.6000,3844.8000,3845.0000,1,6,1,1,3,1,1,4,2,1
SF,IF2003,2019-11-25 09:32:11.700,3845.0000,14985,-3,229532460.000,3,0,3,双平,S,3844.2000,3843.8000,3843.4000,3843.2000,3842.4000,3845.2000,3845.4000,3846.0000,3846.2000,3846.4000,2,1,6,1,1,3,1,1,1,2
SF,IF2003,2019-11-25 09:32:12.200,3845.0000,14985,0,229532460.000,0,-,-,-,-,3844.4000,3843.8000,3843.4000,3843.2000,3842.4000,3845.0000,3845.2000,3845.4000,3846.0000,3846.4000,1,1,6,1,1,1,3,2,1,2
SF,IF2003,2019-11-25 09:32:12.700,3844.4000,14984,-1,230685780.000,1,0,1,双平,S,3843.8000,3843.4000,3843.2000,3842.4000,3841.8000,3844.6000,3844.8000,3845.0000,3845.2000,3845.4000,1,5,1,1,3,1,7,2,3,2
SF,IF2003,2019-11-25 09:32:13.200,3844.4000,14984,0,230685780.000,0,-,-,-,-,3843.8000,3843.4000,3843.2000,3842.4000,3841.8000,3845.2000,3845.4000,3846.0000,3846.4000,3846.6000,1,5,1,1,3,3,1,1,2,1
SF,IF2003,2019-11-25 09:32:13.700,3844.4000,14984,0,230685780.000,0,-,-,-,-,3844.0000,3843.8000,3843.4000,3843.2000,3842.4000,3845.0000,3845.2000,3845.4000,3846.0000,3846.4000,1,1,5,1,1,1,3,1,1,2
SF,IF2003,2019-11-25 09:32:14.200,3844.4000,14984,0,230685780.000,0,-,-,-,-,3844.0000,3843.8000,3843.4000,3843.2000,3842.4000,3845.0000,3845.2000,3846.0000,3846.4000,3846.6000,1,1,5,1,1,1,2,1,2,1
SF,IF2003,2019-11-25 09:32:14.700,3844.4000,14984,0,230685780.000,0,-,-,-,-,3844.0000,3843.8000,3843.4000,3843.2000,3842.4000,3845.2000,3846.0000,3846.4000,3846.6000,3846.8000,1,1,5,1,1,2,1,2,1,1
SF,IF2003,2019-11-25 09:32:15.200,3844.4000,14984,0,230685780.000,0,-,-,-,-,3844.2000,3844.0000,3843.8000,3843.4000,3843.2000,3846.0000,3846.4000,3846.6000,3846.8000,3847.2000,3,1,1,5,1,1,2,1,1,1
SF,IF2003,2019-11-25 09:32:15.700,3844.4000,14984,0,230685780.000,0,-,-,-,-,3844.2000,3844.0000,3843.8000,3843.4000,3843.2000,3845.2000,3845.6000,3845.8000,3846.0000,3846.4000,3,1,1,5,1,1,10,5,3,2
SF,IF2003,2019-11-25 09:32:16.200,3844.4000,14984,0,230685780.000,0,-,-,-,-,3844.2000,3844.0000,3843.8000,3843.4000,3843.2000,3845.2000,3845.6000,3845.8000,3846.0000,3846.4000,1,1,1,5,1,3,8,4,3,2
SF,IF2003,2019-11-25 09:32:16.700,3844.4000,14984,0,230685780.000,0,-,-,-,-,3844.0000,3843.8000,3843.2000,3842.4000,3841.8000,3845.6000,3845.8000,3846.0000,3846.4000,3846.6000,1,1,1,1,3,8,3,3,2,1
SF,IF2003,2019-11-25 09:32:17.200,3844.4000,14984,0,230685780.000,0,-,-,-,-,3844.2000,3844.0000,3843.8000,3843.2000,3842.4000,3844.8000,3845.2000,3845.4000,3845.6000,3845.8000,1,1,1,1,1,1,5,7,8,1
SF,IF2003,2019-11-25 09:32:17.700,3844.4000,14984,0,230685780.000,0,-,-,-,-,3844.0000,3843.8000,3843.2000,3842.4000,3841.8000,3845.0000,3845.2000,3845.4000,3845.6000,3845.8000,1,1,1,1,3,7,5,6,8,1
SF,IF2003,2019-11-25 09:32:18.200,3845.0000,14984,0,231839280.000,1,0,1,多换,S,3843.8000,3843.2000,3842.4000,3841.8000,3841.6000,3844.0000,3845.0000,3845.2000,3845.4000,3845.6000,1,1,1,3,1,1,1,5,4,8
SF,IF2003,2019-11-25 09:32:18.700,3844.0000,14983,-1,232992480.000,1,0,1,双平,S,3844.2000,3844.0000,3843.8000,3843.2000,3842.4000,3845.0000,3845.2000,3845.4000,3845.6000,3845.8000,1,6,1,1,1,1,2,4,3,1
SF,IF2003,2019-11-25 09:32:19.200,3844.0000,14983,0,232992480.000,0,-,-,-,-,3844.0000,3843.8000,3843.2000,3842.4000,3841.8000,3844.6000,3844.8000,3845.0000,3845.4000,3845.6000,2,1,1,1,2,1,1,1,3,4
SF,IF2003,2019-11-25 09:32:19.700,3844.0000,14983,0,232992480.000,0,-,-,-,-,3844.0000,3843.8000,3843.2000,3842.4000,3841.8000,3844.8000,3845.0000,3845.4000,3845.6000,3845.8000,2,1,1,1,2,2,1,3,4,1
SF,IF2003,2019-11-25 09:32:20.200,3844.0000,14983,0,232992480.000,0,-,-,-,-,3844.2000,3844.0000,3843.8000,3843.2000,3842.4000,3844.8000,3845.0000,3845.4000,3845.6000,3845.8000,1,2,1,1,1,1,1,3,4,1
SF,IF2003,2019-11-25 09:32:20.700,3845.0000,14980,-3,236452800.000,3,0,3,双平,S,3845.0000,3844.2000,3844.0000,3843.8000,3843.2000,3845.4000,3845.6000,3845.8000,3846.0000,3846.4000,2,1,2,1,1,3,4,1,2,2
SF,IF2003,2019-11-25 09:32:21.200,3845.0000,14978,-2,238759800.000,2,0,2,双平,S,3844.2000,3844.0000,3843.8000,3843.2000,3842.4000,3845.4000,3845.6000,3845.8000,3846.0000,3846.4000,1,2,1,1,1,3,2,1,2,2
SF,IF2003,2019-11-25 09:32:21.700,3845.0000,14978,0,238759800.000,0,-,-,-,-,3844.4000,3844.2000,3844.0000,3843.8000,3843.2000,3845.8000,3846.0000,3846.4000,3846.6000,3846.8000,3,2,2,1,1,1,2,2,1,1
SF,IF2003,2019-11-25 09:32:22.200,3845.0000,14978,0,238759800.000,0,-,-,-,-,3844.6000,3844.4000,3844.2000,3844.0000,3843.8000,3845.6000,3845.8000,3846.0000,3846.4000,3846.6000,1,3,2,2,1,2,1,2,2,1
SF,IF2003,2019-11-25 09:32:22.700,3845.0000,14978,0,238759800.000,0,-,-,-,-,3844.6000,3844.4000,3844.2000,3844.0000,3843.8000,3846.0000,3846.4000,3846.6000,3846.8000,3847.0000,1,2,2,2,1,1,2,1,1,1
SF,IF2003,2019-11-25 09:32:23.200,3845.0000,14978,0,238759800.000,0,-,-,-,-,3844.8000,3844.6000,3844.4000,3844.2000,3844.0000,3846.0000,3846.4000,3846.6000,3846.8000,3847.0000,1,1,2,2,2,1,2,1,1,1
SF,IF2003,2019-11-25 09:32:23.700,3845.0000,14978,0,238759800.000,0,-,-,-,-,3845.0000,3844.6000,3844.4000,3844.2000,3844.0000,3845.6000,3845.8000,3846.0000,3846.4000,3846.6000,1,1,2,2,2,3,4,2,2,1
SF,IF2003,2019-11-25 09:32:24.200,3845.0000,14978,0,238759800.000,0,-,-,-,-,3845.0000,3844.6000,3844.2000,3844.0000,3843.8000,3845.8000,3846.0000,3846.4000,3846.6000,3846.8000,1,1,2,2,1,1,1,1,1,1
SF,IF2003,2019-11-25 09:32:24.700,3845.0000,14978,0,238759800.000,0,-,-,-,-,3844.6000,3844.2000,3844.0000,3843.8000,3843.2000,3845.8000,3846.0000,3846.4000,3846.6000,3846.8000,1,2,2,1,1,1,2,1,1,1
SF,IF2003,2019-11-25 09:32:25.200,3845.0000,14978,0,238759800.000,0,-,-,-,-,3845.2000,3845.0000,3844.8000,3844.6000,3844.2000,3845.8000,3846.0000,3846.4000,3846.6000,3846.8000,1,1,6,1,2,1,1,1,1,1
SF,IF2003,2019-11-25 09:32:25.700,3845.0000,14978,0,238759800.000,0,-,-,-,-,3845.4000,3845.0000,3844.8000,3844.6000,3844.2000,3845.8000,3846.0000,3846.4000,3846.6000,3846.8000,1,1,2,1,1,1,1,1,1,1
SF,IF2003,2019-11-25 09:32:26.200,3845.0000,14978,0,238759800.000,0,-,-,-,-,3845.0000,3844.6000,3844.2000,3843.8000,3843.2000,3845.4000,3845.8000,3846.0000,3846.4000,3846.6000,1,1,1,1,1,1,1,1,1,1
SF,IF2003,2019-11-25 09:32:26.700,3845.4000,14977,-1,239913420.000,1,0,1,双平,S,3845.0000,3844.6000,3844.2000,3843.8000,3843.2000,3845.8000,3846.0000,3846.4000,3846.6000,3846.8000,1,1,1,1,1,1,1,1,1,1
SF,IF2003,2019-11-25 09:32:27.200,3845.4000,14977,0,239913420.000,0,-,-,-,-,3845.4000,3845.0000,3844.6000,3844.2000,3843.8000,3845.8000,3846.0000,3846.4000,3846.6000,3846.8000,1,1,1,1,1,1,1,1,1,1
SF,IF2003,2019-11-25 09:32:27.700,3845.4000,14977,0,239913420.000,0,-,-,-,-,3844.6000,3844.2000,3843.8000,3843.2000,3842.8000,3845.8000,3846.0000,3846.4000,3846.6000,3846.8000,1,1,1,1,1,1,1,1,1,1
SF,IF2003,2019-11-25 09:32:28.200,3845.8000,14976,-1,241067160.000,1,0,1,双平,S,3845.8000,3844.6000,3844.2000,3843.8000,3843.2000,3846.0000,3846.4000,3846.6000,3846.8000,3847.0000,3,1,1,1,1,1,1,1,1,1
SF,IF2003,2019-11-25 09:32:28.700,3845.8000,14973,-3,244528380.000,3,0,3,双平,S,3844.8000,3844.2000,3843.8000,3843.2000,3842.8000,3845.6000,3845.8000,3846.0000,3846.4000,3846.6000,2,1,1,1,1,2,2,1,1,1
SF,IF2003,2019-11-25 09:32:29.200,3845.8000,14973,0,244528380.000,0,-,-,-,-,3845.0000,3844.2000,3843.8000,3843.2000,3842.8000,3845.6000,3845.8000,3846.0000,3846.4000,3846.6000,1,1,1,1,1,3,3,1,1,1
SF,IF2003,2019-11-25 09:32:29.700,3845.0000,14972,-1,245681880.000,1,0,1,双平,S,3844.2000,3843.8000,3843.2000,3842.8000,3842.4000,3844.8000,3845.6000,3845.8000,3846.0000,3846.4000,1,1,1,1,1,2,3,3,1,2
SF,IF2003,2019-11-25 09:32:30.200,3844.8000,14971,-1,247988760.000,2,0,2,多平,S,3845.0000,3844.4000,3844.2000,3843.8000,3843.2000,3845.4000,3845.8000,3846.0000,3846.4000,3846.6000,4,3,1,1,1,1,2,2,2,1
SF,IF2003,2019-11-25 09:32:30.700,3845.0000,14971,0,252602760.000,4,2,2,多换,S,3844.4000,3843.8000,3843.2000,3842.8000,3842.4000,3845.4000,3846.0000,3846.4000,3846.6000,3846.8000,1,1,1,1,1,1,2,2,1,1
SF,IF2003,2019-11-25 09:32:31.200,3845.0000,14971,0,252602760.000,0,-,-,-,-,3844.6000,3844.4000,3843.8000,3843.2000,3842.8000,3845.4000,3846.0000,3846.4000,3846.6000,3846.8000,1,1,1,1,1,1,2,2,1,1
SF,IF2003,2019-11-25 09:32:31.700,3845.0000,14971,0,252602760.000,0,-,-,-,-,3844.4000,3843.8000,3843.2000,3842.8000,3842.4000,3845.2000,3845.4000,3846.0000,3846.4000,3846.6000,1,1,1,1,1,1,1,2,2,1
SF,IF2003,2019-11-25 09:32:32.200,3845.0000,14971,0,252602760.000,0,-,-,-,-,3843.8000,3843.2000,3842.8000,3842.4000,3841.8000,3845.2000,3845.4000,3846.0000,3846.4000,3846.6000,1,1,1,1,2,1,1,2,2,1
SF,IF2003,2019-11-25 09:32:32.700,3845.0000,14971,0,252602760.000,0,-,-,-,-,3844.6000,3844.0000,3843.8000,3843.2000,3842.8000,3845.4000,3846.0000,3846.4000,3846.6000,3846.8000,1,5,1,1,1,1,2,2,1,1
SF,IF2003,2019-11-25 09:32:33.200,3845.0000,14971,0,252602760.000,0,-,-,-,-,3844.8000,3844.0000,3843.8000,3843.2000,3842.8000,3845.0000,3845.4000,3846.0000,3846.4000,3846.6000,1,3,1,1,1,1,1,2,2,1
SF,IF2003,2019-11-25 09:32:33.700,3844.8000,14970,-1,253756200.000,1,0,1,双平,S,3844.0000,3843.8000,3843.2000,3842.8000,3842.4000,3844.6000,3844.8000,3845.4000,3846.0000,3846.4000,1,1,1,1,1,1,1,1,2,2
SF,IF2003,2019-11-25 09:32:34.200,3844.8000,14970,0,253756200.000,0,-,-,-,-,3844.0000,3843.8000,3843.2000,3842.4000,3841.8000,3844.4000,3844.6000,3845.4000,3846.0000,3846.4000,1,1,1,1,2,1,1,1,2,2
SF,IF2003,2019-11-25 09:32:34.700,3844.8000,14970,0,253756200.000,0,-,-,-,-,3843.8000,3843.2000,3842.4000,3841.8000,3840.6000,3844.4000,3844.8000,3845.4000,3846.0000,3846.4000,1,1,1,2,2,1,1,1,1,2
SF,IF2003,2019-11-25 09:32:35.200,3844.4000,14969,-1,254909520.000,1,0,1,双平,S,3844.2000,3844.0000,3843.8000,3843.2000,3842.4000,3845.4000,3846.0000,3846.4000,3846.6000,3846.8000,2,4,1,1,1,1,1,2,1,1
SF,IF2003,2019-11-25 09:32:35.700,3844.2000,14968,-1,256062780.000,1,0,1,双平,S,3844.6000,3844.0000,3843.8000,3843.2000,3842.4000,3845.2000,3845.4000,3846.0000,3846.4000,3846.6000,1,1,1,1,1,4,1,1,2,1
SF,IF2003,2019-11-25 09:32:36.200,3844.4000,14967,-1,258369480.000,2,0,2,多平,S,3844.0000,3843.8000,3843.2000,3842.4000,3841.8000,3844.4000,3844.6000,3845.2000,3845.4000,3845.6000,1,1,1,1,2,1,1,8,1,1
SF,IF2003,2019-11-25 09:32:36.700,3844.4000,14967,0,258369480.000,0,-,-,-,-,3843.8000,3843.2000,3842.4000,3841.8000,3840.6000,3845.0000,3845.2000,3845.4000,3845.6000,3846.0000,1,1,1,2,2,1,3,1,1,1
SF,IF2003,2019-11-25 09:32:37.200,3844.4000,14967,0,258369480.000,0,-,-,-,-,3843.8000,3843.2000,3842.4000,3841.8000,3840.6000,3844.8000,3845.0000,3845.2000,3845.4000,3845.6000,1,1,1,2,2,2,1,3,1,1
SF,IF2003,2019-11-25 09:32:37.700,3844.4000,14967,0,258369480.000,0,-,-,-,-,3844.0000,3843.8000,3843.2000,3842.4000,3841.8000,3844.8000,3845.0000,3845.2000,3845.4000,3845.6000,1,1,1,1,2,2,1,3,1,1
SF,IF2003,2019-11-25 09:32:38.200,3844.4000,14967,0,258369480.000,0,-,-,-,-,3843.8000,3843.2000,3842.4000,3841.8000,3840.6000,3844.8000,3845.0000,3845.2000,3845.4000,3845.6000,1,1,1,2,2,1,1,3,1,1
SF,IF2003,2019-11-25 09:32:38.700,3844.4000,14967,0,258369480.000,0,-,-,-,-,3844.0000,3843.8000,3843.2000,3842.4000,3841.8000,3844.8000,3845.0000,3845.2000,3845.4000,3845.6000,1,1,1,1,2,1,1,3,1,1
SF,IF2003,2019-11-25 09:32:39.200,3844.6000,14967,0,259522860.000,1,0,1,多换,S,3844.0000,3843.8000,3842.4000,3841.8000,3840.6000,3844.6000,3844.8000,3845.0000,3845.4000,3845.6000,1,1,1,2,2,2,1,1,1,1
SF,IF2003,2019-11-25 09:32:39.700,3844.0000,14966,-1,260676060.000,1,0,1,双平,S,3843.8000,3842.4000,3841.8000,3840.6000,3840.4000,3844.0000,3844.4000,3844.6000,3844.8000,3845.0000,1,1,2,2,1,1,7,4,3,1
SF,IF2003,2019-11-25 09:32:40.200,3844.0000,14964,-2,262982460.000,2,0,2,双平,S,3843.8000,3842.4000,3841.8000,3840.6000,3840.4000,3844.6000,3845.0000,3845.4000,3845.6000,3845.8000,1,1,2,2,1,1,1,1,1,1
SF,IF2003,2019-11-25 09:32:40.700,3844.0000,14964,0,262982460.000,0,-,-,-,-,3843.8000,3842.4000,3841.8000,3840.6000,3840.4000,3844.4000,3844.6000,3844.8000,3845.0000,3845.4000,1,1,2,2,1,1,1,1,1,1
SF,IF2003,2019-11-25 09:32:41.200,3844.0000,14964,0,262982460.000,0,-,-,-,-,3843.8000,3842.4000,3841.8000,3840.6000,3840.4000,3844.4000,3845.6000,3845.8000,3846.0000,3846.4000,1,1,2,2,1,1,1,1,1,2
SF,IF2003,2019-11-25 09:32:41.700,3844.0000,14964,0,262982460.000,0,-,-,-,-,3843.8000,3842.4000,3841.8000,3840.6000,3840.4000,3844.0000,3845.6000,3845.8000,3846.0000,3846.4000,1,1,2,2,1,1,1,1,1,2
SF,IF2003,2019-11-25 09:32:42.200,3844.0000,14963,-1,264135660.000,1,0,1,双平,S,3844.2000,3844.0000,3843.8000,3842.4000,3841.8000,3845.6000,3845.8000,3846.0000,3846.4000,3846.6000,1,5,1,1,2,1,1,1,2,1
SF,IF2003,2019-11-25 09:32:42.700,3844.0000,14963,0,264135660.000,0,-,-,-,-,3844.4000,3844.2000,3844.0000,3843.8000,3842.4000,3845.6000,3845.8000,3846.0000,3846.4000,3846.6000,1,1,7,3,1,1,1,1,2,1
SF,IF2003,2019-11-25 09:32:43.200,3844.0000,14963,0,264135660.000,0,-,-,-,-,3844.4000,3844.2000,3844.0000,3843.8000,3843.6000,3845.6000,3845.8000,3846.0000,3846.4000,3846.6000,1,1,7,1,1,1,1,1,2,1
SF,IF2003,2019-11-25 09:32:43.700,3844.0000,14963,0,264135660.000,0,-,-,-,-,3844.6000,3844.4000,3844.0000,3843.8000,3843.6000,3845.6000,3845.8000,3846.0000,3846.4000,3846.6000,2,4,7,1,1,1,1,1,2,1
SF,IF2003,2019-11-25 09:32:44.200,3844.0000,14963,0,264135660.000,0,-,-,-,-,3844.6000,3844.4000,3844.0000,3843.8000,3843.6000,3845.8000,3846.0000,3846.4000,3846.6000,3846.8000,2,4,9,1,1,1,1,2,1,1
SF,IF2003,2019-11-25 09:32:44.700,3844.0000,14963,0,264135660.000,0,-,-,-,-,3844.4000,3844.0000,3843.8000,3843.6000,3842.4000,3845.4000,3845.6000,3845.8000,3846.0000,3846.4000,4,8,1,1,1,1,7,1,2,2
SF,IF2003,2019-11-25 09:32:45.200,3844.0000,14963,0,264135660.000,0,-,-,-,-,3844.8000,3844.4000,3844.0000,3843.8000,3843.6000,3845.6000,3845.8000,3846.0000,3846.4000,3846.6000,2,4,8,1,1,4,1,2,2,1
SF,IF2003,2019-11-25 09:32:45.700,3844.0000,14963,0,264135660.000,0,-,-,-,-,3844.4000,3844.0000,3843.8000,3843.6000,3842.4000,3845.6000,3845.8000,3846.0000,3846.4000,3846.6000,4,8,1,1,1,3,1,2,2,1
SF,IF2003,2019-11-25 09:32:46.200,3844.0000,14963,0,264135660.000,0,-,-,-,-,3844.6000,3844.4000,3844.0000,3843.8000,3843.6000,3845.8000,3846.0000,3846.4000,3846.6000,3846.8000,6,4,8,1,1,1,1,2,1,1
SF,IF2003,2019-11-25 09:32:46.700,3844.0000,14963,0,264135660.000,0,-,-,-,-,3844.8000,3844.6000,3844.4000,3844.0000,3843.8000,3845.4000,3845.8000,3846.0000,3846.4000,3846.6000,2,2,6,8,1,1,1,1,2,1
SF,IF2003,2019-11-25 09:32:47.200,3844.4000,14962,-1,265288980.000,1,0,1,双平,S,3844.8000,3844.6000,3844.4000,3844.0000,3843.8000,3845.8000,3846.0000,3846.4000,3846.6000,3846.8000,1,1,4,8,1,1,1,2,1,1
SF,IF2003,2019-11-25 09:32:48.200,3844.4000,14962,0,265288980.000,0,-,-,-,-,3844.6000,3844.4000,3844.0000,3843.8000,3843.6000,3845.6000,3845.8000,3846.0000,3846.4000,3846.6000,1,4,8,1,1,6,1,2,2,1
SF,IF2003,2019-11-25 09:32:48.700,3844.4000,14962,0,265288980.000,0,-,-,-,-,3844.4000,3844.0000,3843.8000,3843.6000,3842.4000,3845.8000,3846.0000,3846.4000,3846.6000,3846.8000,4,8,1,1,1,1,1,2,1,1
SF,IF2003,2019-11-25 09:32:49.200,3844.4000,14962,0,265288980.000,0,-,-,-,-,3844.6000,3844.4000,3844.0000,3843.8000,3843.6000,3845.6000,3845.8000,3846.0000,3846.4000,3846.6000,2,4,8,1,1,1,1,2,2,1
SF,IF2003,2019-11-25 09:32:49.700,3844.4000,14962,0,265288980.000,0,-,-,-,-,3844.8000,3844.6000,3844.4000,3844.0000,3843.8000,3845.8000,3846.0000,3846.4000,3846.6000,3846.8000,1,2,6,8,1,1,1,2,1,1
SF,IF2003,2019-11-25 09:32:50.200,3844.8000,14961,-1,266442420.000,1,0,1,双平,S,3844.6000,3844.4000,3844.0000,3843.8000,3843.6000,3845.8000,3846.0000,3846.4000,3846.6000,3846.8000,2,6,8,1,1,2,1,2,1,1
SF,IF2003,2019-11-25 09:32:50.700,3844.8000,14961,0,266442420.000,0,-,-,-,-,3844.6000,3844.4000,3844.0000,3843.8000,3843.6000,3845.6000,3845.8000,3846.0000,3846.4000,3846.6000,2,4,8,1,1,5,3,1,2,1
SF,IF2003,2019-11-25 09:32:51.200,3844.8000,14961,0,266442420.000,0,-,-,-,-,3845.0000,3844.6000,3844.4000,3844.0000,3843.8000,3845.6000,3845.8000,3846.0000,3846.4000,3846.6000,5,1,4,5,1,4,2,1,2,1
SF,IF2003,2019-11-25 09:32:51.700,3845.0000,14961,0,268749420.000,2,1,1,多换,S,3845.0000,3844.6000,3844.4000,3844.0000,3843.8000,3845.6000,3845.8000,3846.0000,3846.4000,3846.6000,3,1,4,4,1,5,2,1,2,1
SF,IF2003,2019-11-25 09:32:52.700,3845.0000,14961,0,272209920.000,3,1,2,多换,S,3844.6000,3844.4000,3844.0000,3843.8000,3843.6000,3844.8000,3845.6000,3845.8000,3846.0000,3846.4000,1,4,4,1,1,1,5,2,1,2
SF,IF2003,2019-11-25 09:32:53.200,3845.0000,14960,-1,273363420.000,1,0,1,双平,S,3845.0000,3844.6000,3844.4000,3844.0000,3843.8000,3845.4000,3845.6000,3845.8000,3846.0000,3846.4000,1,1,4,4,1,1,1,2,1,2
SF,IF2003,2019-11-25 09:32:53.700,3844.6000,14958,-2,275670300.000,2,0,2,双平,S,3844.4000,3844.0000,3843.8000,3843.6000,3842.8000,3844.8000,3845.0000,3845.2000,3845.4000,3845.6000,3,4,1,1,1,1,1,1,2,1
SF,IF2003,2019-11-25 09:32:54.200,3844.8000,14957,-1,276823740.000,1,0,1,双平,S,3844.4000,3844.0000,3843.8000,3843.6000,3842.8000,3845.2000,3845.4000,3845.6000,3845.8000,3846.0000,3,4,1,1,1,1,2,1,2,1
SF,IF2003,2019-11-25 09:32:54.700,3844.8000,14957,0,276823740.000,0,-,-,-,-,3844.8000,3844.4000,3844.0000,3843.8000,3843.6000,3845.2000,3845.4000,3845.6000,3845.8000,3846.0000,1,3,4,1,1,1,2,1,2,1
SF,IF2003,2019-11-25 09:32:55.700,3844.8000,14957,0,276823740.000,0,-,-,-,-,3844.4000,3844.0000,3843.8000,3843.6000,3842.8000,3845.4000,3845.6000,3845.8000,3846.0000,3846.4000,3,4,1,1,1,1,1,2,1,2
SF,IF2003,2019-11-25 09:32:56.200,3844.8000,14957,0,276823740.000,0,-,-,-,-,3844.4000,3844.0000,3843.8000,3843.6000,3842.8000,3845.2000,3845.4000,3845.6000,3845.8000,3846.0000,3,4,1,1,1,1,1,1,2,1
SF,IF2003,2019-11-25 09:32:56.700,3844.8000,14957,0,276823740.000,0,-,-,-,-,3844.6000,3844.4000,3844.0000,3843.8000,3843.6000,3845.4000,3845.6000,3845.8000,3846.0000,3846.4000,1,3,4,1,1,1,1,2,1,2
SF,IF2003,2019-11-25 09:32:57.700,3844.8000,14957,0,276823740.000,0,-,-,-,-,3844.4000,3844.0000,3843.8000,3843.6000,3842.8000,3845.2000,3845.4000,3845.6000,3845.8000,3846.0000,3,4,1,1,1,2,1,1,2,1
SF,IF2003,2019-11-25 09:32:58.200,3844.8000,14957,0,276823740.000,0,-,-,-,-,3844.6000,3844.0000,3843.8000,3843.6000,3842.8000,3845.4000,3845.6000,3845.8000,3846.0000,3846.4000,1,4,1,1,1,1,1,2,1,2
SF,IF2003,2019-11-25 09:32:58.700,3844.8000,14957,0,276823740.000,0,-,-,-,-,3845.4000,3844.6000,3844.0000,3843.8000,3843.6000,3845.8000,3846.0000,3846.4000,3846.6000,3846.8000,1,1,4,1,1,3,1,2,1,1
SF,IF2003,2019-11-25 09:32:59.200,3845.4000,14956,-1,277977360.000,1,0,1,双平,S,3844.6000,3844.0000,3843.8000,3843.6000,3842.8000,3845.2000,3845.4000,3845.6000,3845.8000,3846.0000,1,4,1,1,1,4,9,4,5,2
SF,IF2003,2019-11-25 09:32:59.700,3845.2000,14952,-4,282591600.000,4,0,4,双平,S,3844.0000,3843.8000,3843.6000,3842.8000,3842.4000,3845.6000,3845.8000,3846.0000,3846.4000,3846.6000,4,1,1,1,1,1,3,1,2,1
SF,IF2003,2019-11-25 09:33:00.200,3845.2000,14952,0,282591600.000,0,-,-,-,-,3844.2000,3844.0000,3843.8000,3843.6000,3842.8000,3845.0000,3845.6000,3845.8000,3846.0000,3846.4000,4,4,1,1,1,1,1,3,1,2
SF,IF2003,2019-11-25 09:33:00.700,3845.2000,14952,0,282591600.000,0,-,-,-,-,3845.0000,3844.4000,3844.2000,3844.0000,3843.8000,3845.6000,3845.8000,3846.0000,3846.4000,3846.6000,1,1,4,4,1,1,3,1,2,1
SF,IF2003,2019-11-25 09:33:01.200,3845.2000,14952,0,282591600.000,0,-,-,-,-,3844.4000,3844.2000,3844.0000,3843.8000,3843.6000,3845.6000,3845.8000,3846.0000,3846.4000,3846.6000,1,1,4,1,1,1,3,1,2,1
SF,IF2003,2019-11-25 09:33:01.700,3845.2000,14952,0,282591600.000,0,-,-,-,-,3844.6000,3844.4000,3844.2000,3844.0000,3843.8000,3845.6000,3845.8000,3846.0000,3846.4000,3846.6000,3,1,1,4,1,1,3,1,2,1
SF,IF2003,2019-11-25 09:33:02.200,3845.2000,14952,0,282591600.000,0,-,-,-,-,3844.6000,3844.4000,3844.2000,3844.0000,3843.8000,3845.4000,3845.6000,3845.8000,3846.0000,3846.4000,3,1,1,4,1,1,1,3,1,2
SF,IF2003,2019-11-25 09:33:02.700,3845.6000,14951,-1,283745280.000,1,0,1,双平,S,3844.8000,3844.6000,3844.4000,3844.0000,3843.8000,3845.8000,3846.0000,3846.4000,3846.6000,3846.8000,2,5,1,4,1,3,1,2,1,1
SF,IF2003,2019-11-25 09:33:03.200,3845.6000,14951,0,283745280.000,0,-,-,-,-,3845.0000,3844.8000,3844.6000,3844.4000,3844.0000,3845.8000,3846.0000,3846.4000,3846.6000,3846.8000,1,1,3,1,4,3,1,2,1,1
SF,IF2003,2019-11-25 09:33:03.700,3845.6000,14951,0,283745280.000,0,-,-,-,-,3845.0000,3844.8000,3844.4000,3844.0000,3843.8000,3845.8000,3846.0000,3846.4000,3846.6000,3846.8000,1,1,2,4,1,3,1,2,1,1
SF,IF2003,2019-11-25 09:33:04.200,3845.8000,14950,-1,284899020.000,1,0,1,双平,S,3845.2000,3845.0000,3844.8000,3844.4000,3844.0000,3845.8000,3846.0000,3846.4000,3846.6000,3846.8000,1,1,1,2,4,2,1,2,1,1
SF,IF2003,2019-11-25 09:33:04.700,3845.8000,14950,0,284899020.000,0,-,-,-,-,3845.6000,3845.4000,3845.2000,3845.0000,3844.4000,3845.8000,3846.0000,3846.4000,3846.6000,3846.8000,1,1,1,3,2,2,1,1,1,1
SF,IF2003,2019-11-25 09:33:05.200,3845.6000,14949,-1,286052700.000,1,0,1,双平,S,3845.2000,3844.4000,3844.0000,3843.8000,3843.6000,3845.6000,3845.8000,3846.0000,3846.4000,3846.6000,1,1,4,1,1,1,2,1,1,1
SF,IF2003,2019-11-25 09:33:05.700,3845.6000,14949,0,286052700.000,0,-,-,-,-,3845.2000,3844.4000,3844.0000,3843.8000,3843.6000,3845.6000,3845.8000,3846.0000,3846.4000,3846.6000,4,1,4,1,1,1,2,1,1,1
SF,IF2003,2019-11-25 09:33:06.200,3845.6000,14949,0,286052700.000,0,-,-,-,-,3845.2000,3844.4000,3844.0000,3843.8000,3843.6000,3845.6000,3845.8000,3846.0000,3846.4000,3846.6000,4,1,4,1,1,1,2,1,1,1
SF,IF2003,2019-11-25 09:33:07.700,3845.2000,14948,-1,287206260.000,1,0,1,双平,S,3845.2000,3844.4000,3844.0000,3843.8000,3843.6000,3845.6000,3845.8000,3846.0000,3846.4000,3846.6000,3,1,4,1,1,1,2,5,1,1
SF,IF2003,2019-11-25 09:33:08.200,3845.2000,14948,0,287206260.000,0,-,-,-,-,3845.2000,3844.0000,3843.8000,3843.6000,3842.8000,3845.6000,3845.8000,3846.0000,3846.4000,3846.6000,3,4,1,1,1,1,2,5,1,1
SF,IF2003,2019-11-25 09:33:08.700,3845.2000,14948,0,290666940.000,3,1,2,多换,S,3844.0000,3843.6000,3842.8000,3842.4000,3841.8000,3845.6000,3845.8000,3846.0000,3846.4000,3846.6000,4,1,1,1,2,1,2,5,1,1
SF,IF2003,2019-11-25 09:33:09.200,3845.2000,14948,0,290666940.000,0,-,-,-,-,3844.8000,3844.4000,3844.2000,3844.0000,3843.6000,3845.4000,3845.6000,3845.8000,3846.0000,3846.4000,1,5,8,4,1,1,1,2,5,1
SF,IF2003,2019-11-25 09:33:09.700,3845.2000,14948,0,290666940.000,0,-,-,-,-,3844.2000,3844.0000,3843.6000,3842.8000,3842.4000,3845.4000,3845.6000,3845.8000,3846.0000,3846.2000,1,6,1,1,1,1,1,2,5,1
SF,IF2003,2019-11-25 09:33:10.200,3845.2000,14948,0,290666940.000,0,-,-,-,-,3844.0000,3843.6000,3842.8000,3842.4000,3841.8000,3845.2000,3845.4000,3845.6000,3845.8000,3846.0000,4,1,1,1,2,3,1,1,2,5
SF,IF2003,2019-11-25 09:33:10.700,3845.2000,14948,0,290666940.000,0,-,-,-,-,3844.0000,3843.6000,3842.8000,3842.4000,3841.8000,3845.0000,3845.2000,3845.4000,3845.6000,3845.8000,3,1,1,1,2,5,4,1,1,2
SF,IF2003,2019-11-25 09:33:11.200,3845.2000,14948,0,290666940.000,0,-,-,-,-,3844.0000,3842.8000,3842.4000,3841.8000,3840.6000,3845.0000,3845.2000,3845.4000,3845.6000,3845.8000,3,1,1,2,2,5,3,3,1,2
SF,IF2003,2019-11-25 09:33:11.700,3845.2000,14948,0,290666940.000,0,-,-,-,-,3844.0000,3842.8000,3842.4000,3841.8000,3840.6000,3844.8000,3845.0000,3845.2000,3845.4000,3845.6000,3,1,1,2,2,1,5,3,2,1
SF,IF2003,2019-11-25 09:33:12.200,3845.2000,14948,0,290666940.000,0,-,-,-,-,3844.2000,3844.0000,3842.8000,3842.4000,3841.8000,3844.8000,3845.0000,3845.2000,3845.4000,3845.6000,1,3,1,1,2,1,1,3,2,1
SF,IF2003,2019-11-25 09:33:12.700,3845.2000,14948,0,290666940.000,0,-,-,-,-,3844.2000,3844.0000,3842.8000,3842.4000,3841.8000,3845.2000,3845.4000,3845.6000,3845.8000,3846.0000,1,3,1,1,2,3,2,1,2,5
SF,IF2003,2019-11-25 09:33:13.200,3845.2000,14948,0,290666940.000,0,-,-,-,-,3844.2000,3844.0000,3843.4000,3842.8000,3842.4000,3845.4000,3845.6000,3845.8000,3846.0000,3846.2000,1,3,1,1,1,1,1,2,5,1
SF,IF2003,2019-11-25 09:33:13.700,3845.2000,14948,0,290666940.000,0,-,-,-,-,3844.2000,3844.0000,3842.8000,3842.4000,3841.8000,3845.0000,3845.2000,3845.4000,3845.6000,3845.8000,1,3,1,1,2,8,6,3,1,2
SF,IF2003,2019-11-25 09:33:14.200,3845.2000,14948,0,290666940.000,0,-,-,-,-,3844.2000,3844.0000,3843.2000,3842.8000,3842.4000,3845.4000,3845.6000,3845.8000,3846.0000,3846.2000,1,3,1,1,1,2,1,2,5,1
SF,IF2003,2019-11-25 09:33:14.700,3845.2000,14948,0,290666940.000,0,-,-,-,-,3844.2000,3844.0000,3843.2000,3842.8000,3842.4000,3845.2000,3845.4000,3845.6000,3845.8000,3846.0000,1,3,1,1,1,9,2,1,2,5
SF,IF2003,2019-11-25 09:33:15.200,3845.2000,14948,0,290666940.000,0,-,-,-,-,3844.2000,3844.0000,3843.2000,3842.8000,3842.4000,3845.0000,3845.2000,3845.4000,3845.6000,3845.8000,1,3,1,1,1,5,11,3,1,2
SF,IF2003,2019-11-25 09:33:15.700,3845.0000,14948,0,291820440.000,1,0,1,多换,S,3844.0000,3843.2000,3842.8000,3842.4000,3841.8000,3844.8000,3845.0000,3845.2000,3845.4000,3845.6000,3,1,2,1,2,4,7,2,3,1
SF,IF2003,2019-11-25 09:33:16.200,3845.0000,14948,0,291820440.000,0,-,-,-,-,3844.0000,3843.2000,3842.8000,3842.4000,3841.8000,3844.8000,3845.0000,3845.2000,3845.4000,3845.6000,3,1,1,1,2,1,6,2,2,1
SF,IF2003,2019-11-25 09:33:16.700,3845.0000,14948,0,291820440.000,0,-,-,-,-,3844.2000,3844.0000,3843.2000,3842.8000,3842.4000,3844.8000,3845.0000,3845.2000,3845.4000,3845.6000,1,3,1,1,1,1,6,2,2,1
SF,IF2003,2019-11-25 09:33:17.200,3845.0000,14948,0,291820440.000,0,-,-,-,-,3844.2000,3844.0000,3843.2000,3842.8000,3842.4000,3844.8000,3845.0000,3845.2000,3845.4000,3845.6000,1,3,1,1,1,1,5,2,2,1
SF,IF2003,2019-11-25 09:33:17.700,3845.0000,14948,0,291820440.000,0,-,-,-,-,3844.8000,3844.2000,3844.0000,3843.2000,3842.8000,3845.2000,3845.4000,3845.6000,3845.8000,3846.0000,1,1,3,1,1,1,2,1,2,5
SF,IF2003,2019-11-25 09:33:18.200,3844.8000,14947,-1,292973880.000,1,0,1,双平,S,3844.0000,3843.2000,3842.8000,3842.4000,3841.8000,3845.4000,3845.6000,3845.8000,3846.0000,3846.2000,3,1,1,1,2,2,1,2,5,1
SF,IF2003,2019-11-25 09:33:18.700,3844.8000,14947,0,292973880.000,0,-,-,-,-,3844.2000,3844.0000,3843.2000,3842.8000,3842.4000,3844.6000,3845.2000,3845.4000,3845.6000,3845.8000,1,3,1,1,1,1,2,2,1,2
SF,IF2003,2019-11-25 09:33:19.200,3844.8000,14947,0,292973880.000,0,-,-,-,-,3844.2000,3844.0000,3843.2000,3842.8000,3842.4000,3844.6000,3845.2000,3845.4000,3845.6000,3845.8000,1,5,1,1,1,1,4,2,1,2
SF,IF2003,2019-11-25 09:33:19.700,3844.8000,14947,0,292973880.000,0,-,-,-,-,3844.0000,3843.2000,3842.8000,3842.4000,3841.8000,3844.6000,3845.2000,3845.4000,3845.6000,3845.8000,5,1,1,1,2,1,3,2,1,2
SF,IF2003,2019-11-25 09:33:20.200,3844.8000,14947,0,292973880.000,0,-,-,-,-,3844.0000,3843.2000,3842.4000,3841.8000,3840.6000,3844.6000,3845.2000,3845.4000,3845.6000,3845.8000,3,1,1,2,2,1,3,2,1,2
SF,IF2003,2019-11-25 09:33:21.700,3844.8000,14947,0,292973880.000,0,-,-,-,-,3844.0000,3843.2000,3842.4000,3841.8000,3840.6000,3844.6000,3845.0000,3845.2000,3845.4000,3845.6000,3,1,1,2,2,1,1,3,2,1
SF,IF2003,2019-11-25 09:33:22.200,3844.8000,14947,0,292973880.000,0,-,-,-,-,3844.0000,3843.2000,3842.4000,3841.8000,3840.6000,3844.6000,3845.0000,3845.2000,3845.4000,3845.6000,3,1,1,2,2,2,1,3,2,1
SF,IF2003,2019-11-25 09:33:22.700,3844.0000,14947,0,294127080.000,1,0,1,多换,S,3844.0000,3842.4000,3841.8000,3840.6000,3840.4000,3844.6000,3845.0000,3845.2000,3845.4000,3845.6000,2,1,2,2,1,1,1,3,2,1
SF,IF2003,2019-11-25 09:33:23.700,3844.0000,14946,-1,295280280.000,1,0,1,双平,S,3844.0000,3842.4000,3841.8000,3840.6000,3840.4000,3844.6000,3845.0000,3845.2000,3845.4000,3845.6000,3,1,2,2,1,1,1,3,2,1
SF,IF2003,2019-11-25 09:33:24.200,3844.0000,14946,0,295280280.000,0,-,-,-,-,3844.2000,3844.0000,3843.2000,3842.4000,3841.8000,3844.6000,3845.0000,3845.2000,3845.4000,3845.6000,1,1,1,1,2,1,1,3,2,1
SF,IF2003,2019-11-25 09:33:24.700,3844.0000,14946,0,295280280.000,0,-,-,-,-,3844.2000,3844.0000,3843.2000,3842.4000,3841.8000,3845.0000,3845.2000,3845.4000,3845.6000,3845.8000,1,3,1,1,2,1,3,2,1,2
SF,IF2003,2019-11-25 09:33:25.200,3844.0000,14946,0,295280280.000,0,-,-,-,-,3844.6000,3844.2000,3844.0000,3843.2000,3842.4000,3844.8000,3845.2000,3845.4000,3845.6000,3845.8000,1,1,3,1,1,1,3,2,1,2
SF,IF2003,2019-11-25 09:33:25.700,3844.6000,14946,0,296433660.000,1,0,1,多换,S,3844.0000,3843.2000,3842.4000,3841.8000,3840.6000,3844.6000,3845.2000,3845.4000,3845.6000,3845.8000,3,1,1,2,2,1,3,2,1,2
SF,IF2003,2019-11-25 09:33:26.200,3844.6000,14946,0,296433660.000,0,-,-,-,-,3844.0000,3843.2000,3842.4000,3841.8000,3840.6000,3845.2000,3845.4000,3845.6000,3845.8000,3846.0000,3,1,1,2,2,3,2,1,2,5
SF,IF2003,2019-11-25 09:33:26.700,3844.6000,14946,0,296433660.000,0,-,-,-,-,3844.0000,3843.2000,3842.4000,3841.8000,3840.6000,3844.4000,3844.8000,3845.0000,3845.2000,3845.4000,1,1,1,2,2,1,5,8,2,3
SF,IF2003,2019-11-25 09:33:27.200,3844.0000,14945,-1,297586860.000,1,0,1,双平,S,3842.4000,3841.8000,3840.6000,3840.4000,3840.2000,3844.4000,3844.6000,3844.8000,3845.0000,3845.2000,1,2,2,1,1,1,7,6,4,1
SF,IF2003,2019-11-25 09:33:27.700,3844.0000,14945,0,297586860.000,0,-,-,-,-,3842.8000,3842.6000,3842.4000,3841.8000,3840.6000,3844.2000,3844.6000,3844.8000,3845.0000,3845.2000,5,12,1,2,2,1,2,6,3,1
SF,IF2003,2019-11-25 09:33:28.200,3844.0000,14945,0,297586860.000,0,-,-,-,-,3843.2000,3843.0000,3842.6000,3842.4000,3841.8000,3844.0000,3844.2000,3844.6000,3844.8000,3845.0000,2,2,7,1,2,1,2,1,6,3
SF,IF2003,2019-11-25 09:33:28.700,3843.2000,14943,-2,299892780.000,2,0,2,双平,S,3842.6000,3842.4000,3841.8000,3840.6000,3840.4000,3844.0000,3844.2000,3844.6000,3844.8000,3845.0000,1,1,2,2,1,1,1,1,6,3
SF,IF2003,2019-11-25 09:33:29.200,3843.2000,14943,0,299892780.000,0,-,-,-,-,3842.8000,3842.6000,3841.8000,3841.6000,3840.6000,3843.8000,3844.0000,3844.2000,3844.6000,3844.8000,1,1,1,1,2,5,1,1,1,6
SF,IF2003,2019-11-25 09:33:29.700,3843.2000,14943,0,299892780.000,0,-,-,-,-,3842.8000,3842.6000,3841.8000,3841.6000,3840.6000,3843.6000,3843.8000,3844.0000,3844.6000,3844.8000,1,1,1,1,2,8,6,1,1,6
SF,IF2003,2019-11-25 09:33:30.200,3843.2000,14943,0,299892780.000,0,-,-,-,-,3842.8000,3841.8000,3841.6000,3840.6000,3840.4000,3843.6000,3843.8000,3844.0000,3844.6000,3844.8000,2,1,1,2,1,1,3,1,1,1
SF,IF2003,2019-11-25 09:33:30.700,3843.2000,14943,0,299892780.000,0,-,-,-,-,3842.8000,3841.8000,3841.6000,3840.6000,3840.4000,3843.6000,3843.8000,3844.0000,3844.6000,3844.8000,1,1,1,2,1,1,2,1,1,1
SF,IF2003,2019-11-25 09:33:31.200,3843.2000,14943,0,299892780.000,0,-,-,-,-,3842.8000,3841.8000,3841.6000,3840.6000,3840.4000,3843.4000,3843.6000,3843.8000,3844.0000,3844.6000,1,1,1,2,1,2,1,1,1,1
SF,IF2003,2019-11-25 09:33:31.700,3843.2000,14943,0,299892780.000,0,-,-,-,-,3843.0000,3842.8000,3841.8000,3841.6000,3840.6000,3843.4000,3843.8000,3844.0000,3844.6000,3844.8000,1,1,1,1,2,1,1,1,1,1
SF,IF2003,2019-11-25 09:33:32.200,3843.2000,14943,0,299892780.000,0,-,-,-,-,3842.8000,3841.8000,3841.6000,3840.6000,3840.4000,3843.2000,3843.4000,3843.8000,3844.0000,3844.6000,1,1,1,2,1,1,1,1,1,1
SF,IF2003,2019-11-25 09:33:32.700,3842.8000,14943,0,301045620.000,1,0,1,多换,S,3841.8000,3841.6000,3840.6000,3840.4000,3840.2000,3843.4000,3843.8000,3844.0000,3844.6000,3844.8000,1,1,2,1,1,1,1,1,1,1
SF,IF2003,2019-11-25 09:33:33.200,3842.8000,14943,0,301045620.000,0,-,-,-,-,3842.0000,3841.8000,3841.6000,3840.6000,3840.4000,3844.0000,3844.6000,3844.8000,3845.0000,3845.4000,8,1,1,2,1,1,1,1,3,2
SF,IF2003,2019-11-25 09:33:33.700,3842.8000,14943,0,301045620.000,0,-,-,-,-,3842.4000,3842.0000,3841.8000,3841.6000,3840.6000,3843.6000,3843.8000,3844.0000,3844.6000,3844.8000,1,5,1,1,2,7,3,2,1,1
SF,IF2003,2019-11-25 09:33:34.200,3842.8000,14943,0,301045620.000,0,-,-,-,-,3842.0000,3841.8000,3841.6000,3840.6000,3840.4000,3843.4000,3843.6000,3843.8000,3844.0000,3844.6000,1,1,1,2,1,1,7,6,2,1
SF,IF2003,2019-11-25 09:33:34.700,3842.8000,14943,0,301045620.000,0,-,-,-,-,3842.2000,3841.8000,3841.6000,3840.6000,3840.4000,3843.2000,3843.4000,3843.6000,3843.8000,3844.0000,1,1,1,2,1,1,2,7,5,2
SF,IF2003,2019-11-25 09:33:35.200,3842.8000,14943,0,301045620.000,0,-,-,-,-,3842.2000,3842.0000,3841.8000,3841.6000,3840.6000,3842.4000,3843.4000,3843.6000,3843.8000,3844.0000,1,1,1,1,2,1,2,7,5,2
SF,IF2003,2019-11-25 09:33:35.700,3842.4000,14944,1,302198340.000,1,1,0,双开,S,3842.8000,3842.6000,3842.4000,3842.2000,3841.8000,3843.8000,3844.6000,3844.8000,3845.0000,3845.4000,4,4,10,1,1,2,1,1,3,2
SF,IF2003,2019-11-25 09:33:36.200,3842.4000,14944,0,303351060.000,1,0,1,多换,S,3842.6000,3842.4000,3841.8000,3841.6000,3840.6000,3843.6000,3843.8000,3844.6000,3844.8000,3845.0000,2,10,1,1,2,2,2,1,1,3
SF,IF2003,2019-11-25 09:33:36.700,3842.4000,14944,0,303351060.000,0,-,-,-,-,3842.8000,3842.6000,3842.4000,3841.8000,3841.6000,3843.6000,3843.8000,3844.6000,3844.8000,3845.0000,1,2,9,1,1,2,2,1,1,3
SF,IF2003,2019-11-25 09:33:37.200,3842.4000,14944,0,303351060.000,0,-,-,-,-,3842.8000,3842.6000,3842.4000,3841.8000,3841.6000,3843.6000,3843.8000,3844.6000,3844.8000,3845.0000,1,3,9,1,1,2,2,1,1,3
SF,IF2003,2019-11-25 09:33:37.700,3842.4000,14944,0,303351060.000,0,-,-,-,-,3842.8000,3842.6000,3842.4000,3841.8000,3841.6000,3843.0000,3843.6000,3843.8000,3844.6000,3844.8000,1,2,9,1,1,1,1,2,1,1
SF,IF2003,2019-11-25 09:33:38.200,3843.8000,14944,0,305657100.000,2,1,1,多换,S,3843.0000,3842.8000,3842.6000,3842.4000,3841.8000,3843.8000,3844.6000,3844.8000,3845.0000,3845.4000,4,3,2,6,1,1,1,1,3,2
SF,IF2003,2019-11-25 09:33:38.700,3843.8000,14944,0,305657100.000,0,-,-,-,-,3843.2000,3842.6000,3842.4000,3841.8000,3841.6000,3843.8000,3844.6000,3844.8000,3845.0000,3845.4000,1,2,6,1,1,1,1,1,3,2
SF,IF2003,2019-11-25 09:33:39.200,3843.2000,14943,-1,306810060.000,1,0,1,双平,S,3842.6000,3842.4000,3841.8000,3841.6000,3840.6000,3843.6000,3843.8000,3844.6000,3844.8000,3845.0000,2,6,1,1,2,3,1,1,1,3
SF,IF2003,2019-11-25 09:33:39.700,3843.2000,14943,0,306810060.000,0,-,-,-,-,3842.8000,3842.6000,3842.4000,3841.8000,3841.6000,3843.6000,3843.8000,3844.6000,3844.8000,3845.0000,1,2,6,1,1,2,1,1,1,3
SF,IF2003,2019-11-25 09:33:40.200,3843.2000,14943,0,306810060.000,0,-,-,-,-,3842.8000,3842.6000,3842.4000,3842.2000,3841.8000,3843.4000,3843.6000,3843.8000,3844.6000,3844.8000,1,3,6,1,1,1,2,1,1,1
SF,IF2003,2019-11-25 09:33:40.700,3843.2000,14943,0,306810060.000,0,-,-,-,-,3842.8000,3842.6000,3842.4000,3842.2000,3841.8000,3843.2000,3843.4000,3843.6000,3843.8000,3844.6000,1,2,6,1,1,1,1,1,1,1
SF,IF2003,2019-11-25 09:33:41.200,3843.2000,14943,0,307963020.000,1,0,1,多换,S,3843.2000,3842.8000,3842.6000,3842.4000,3842.2000,3843.4000,3843.6000,3843.8000,3844.6000,3844.8000,1,1,2,6,1,1,1,1,1,1
SF,IF2003,2019-11-25 09:33:41.700,3843.6000,14943,0,309116100.000,1,0,1,多换,S,3843.0000,3842.8000,3842.6000,3842.4000,3842.2000,3843.8000,3844.6000,3844.8000,3845.0000,3845.4000,1,1,2,6,1,2,1,1,3,2
SF,IF2003,2019-11-25 09:33:42.200,3843.6000,14943,0,309116100.000,0,-,-,-,-,3843.0000,3842.6000,3842.4000,3842.2000,3841.8000,3843.8000,3844.6000,3844.8000,3845.0000,3845.4000,1,2,6,1,1,2,1,1,3,2
SF,IF2003,2019-11-25 09:33:42.700,3843.6000,14943,0,309116100.000,0,-,-,-,-,3842.6000,3842.4000,3842.2000,3841.8000,3841.6000,3843.6000,3843.8000,3844.6000,3844.8000,3845.0000,2,6,1,1,1,4,3,1,1,3
SF,IF2003,2019-11-25 09:33:43.200,3843.6000,14943,0,309116100.000,0,-,-,-,-,3842.8000,3842.6000,3842.4000,3842.2000,3841.8000,3843.2000,3843.6000,3843.8000,3844.6000,3844.8000,1,2,3,1,1,1,3,2,1,1
SF,IF2003,2019-11-25 09:33:43.700,3843.6000,14943,0,309116100.000,0,-,-,-,-,3842.8000,3842.6000,3842.4000,3842.2000,3841.8000,3843.0000,3843.2000,3843.6000,3843.8000,3844.6000,1,2,3,1,1,1,1,3,3,1
SF,IF2003,2019-11-25 09:33:44.200,3843.0000,14942,-1,310269000.000,1,0,1,双平,S,3843.0000,3842.8000,3842.6000,3842.4000,3842.2000,3843.2000,3843.6000,3843.8000,3844.6000,3844.8000,3,1,2,3,1,1,1,3,1,1
SF,IF2003,2019-11-25 09:33:44.700,3843.0000,14942,0,310269000.000,0,-,-,-,-,3842.6000,3842.4000,3842.2000,3841.8000,3841.6000,3843.2000,3843.6000,3843.8000,3844.6000,3844.8000,2,3,1,1,1,1,1,2,1,1
SF,IF2003,2019-11-25 09:33:45.200,3843.2000,14941,-1,311421960.000,1,0,1,双平,S,3842.8000,3842.6000,3842.4000,3842.2000,3841.8000,3843.6000,3843.8000,3844.6000,3844.8000,3845.0000,1,2,3,1,1,1,2,1,1,3
SF,IF2003,2019-11-25 09:33:45.700,3843.2000,14941,0,311421960.000,0,-,-,-,-,3842.8000,3842.6000,3842.4000,3842.2000,3841.8000,3843.6000,3843.8000,3844.6000,3844.8000,3845.0000,1,3,2,1,1,1,2,1,1,3
SF,IF2003,2019-11-25 09:33:46.200,3843.2000,14941,0,311421960.000,0,-,-,-,-,3842.8000,3842.6000,3842.4000,3842.2000,3841.8000,3843.6000,3843.8000,3844.6000,3844.8000,3845.0000,1,2,2,1,1,3,2,1,1,3
SF,IF2003,2019-11-25 09:33:46.700,3843.6000,14941,0,312575040.000,1,0,1,多换,S,3842.8000,3842.6000,3842.4000,3842.2000,3841.8000,3843.6000,3843.8000,3844.6000,3844.8000,3845.0000,1,2,2,1,1,2,2,1,1,3
SF,IF2003,2019-11-25 09:33:47.700,3843.6000,14941,0,312575040.000,0,-,-,-,-,3842.8000,3842.6000,3842.4000,3842.2000,3841.8000,3843.6000,3843.8000,3844.6000,3844.8000,3845.0000,1,2,2,1,1,2,2,1,1,3
SF,IF2003,2019-11-25 09:33:48.200,3842.8000,14940,-1,313727880.000,1,0,1,双平,S,3842.6000,3842.4000,3842.2000,3841.8000,3841.6000,3843.6000,3843.8000,3844.4000,3844.6000,3844.8000,2,2,1,1,1,2,2,1,1,1
SF,IF2003,2019-11-25 09:33:48.700,3842.8000,14940,0,313727880.000,0,-,-,-,-,3842.8000,3842.6000,3842.4000,3842.2000,3841.8000,3843.4000,3843.6000,3843.8000,3844.6000,3844.8000,1,2,2,1,1,1,2,2,1,1
SF,IF2003,2019-11-25 09:33:49.200,3843.4000,14939,-1,314880900.000,1,0,1,双平,S,3843.0000,3842.8000,3842.6000,3842.4000,3842.2000,3843.8000,3844.6000,3844.8000,3845.0000,3845.4000,2,1,2,3,1,2,1,1,3,2
SF,IF2003,2019-11-25 09:33:49.700,3843.0000,14938,-1,316033800.000,1,0,1,双平,S,3842.6000,3842.4000,3842.2000,3841.8000,3841.6000,3843.6000,3843.8000,3844.6000,3844.8000,3845.0000,2,2,1,1,1,4,3,1,1,3
SF,IF2003,2019-11-25 09:33:50.200,3843.0000,14938,0,316033800.000,0,-,-,-,-,3843.2000,3842.6000,3842.4000,3842.2000,3841.8000,3843.8000,3844.6000,3844.8000,3845.0000,3845.4000,1,2,2,1,1,2,1,1,3,2
SF,IF2003,2019-11-25 09:33:50.700,3843.0000,14938,0,316033800.000,0,-,-,-,-,3842.8000,3842.6000,3842.4000,3842.2000,3841.8000,3843.4000,3843.8000,3844.6000,3844.8000,3845.0000,1,2,2,1,1,1,2,1,1,3
SF,IF2003,2019-11-25 09:33:52.200,3843.0000,14938,0,316033800.000,0,-,-,-,-,3842.6000,3842.4000,3842.2000,3841.8000,3841.6000,3843.2000,3843.4000,3843.8000,3844.6000,3844.8000,2,2,1,1,1,2,1,2,1,1
SF,IF2003,2019-11-25 09:33:53.200,3843.2000,14938,0,317186760.000,1,0,1,多换,S,3842.8000,3842.6000,3842.4000,3842.2000,3841.8000,3843.2000,3843.8000,3844.6000,3844.8000,3845.0000,1,2,2,1,1,1,2,1,1,3
SF,IF2003,2019-11-25 09:33:53.700,3842.8000,14937,-1,318339600.000,1,0,1,双平,S,3842.6000,3842.4000,3842.2000,3841.8000,3841.6000,3842.8000,3843.2000,3843.8000,3844.6000,3844.8000,2,2,1,1,1,1,1,2,1,1
SF,IF2003,2019-11-25 09:33:54.200,3842.6000,14935,-2,320645160.000,2,0,2,双平,S,3842.4000,3842.2000,3841.8000,3841.6000,3840.6000,3842.8000,3843.2000,3843.8000,3844.6000,3844.8000,2,1,1,1,2,1,1,2,1,1
SF,IF2003,2019-11-25 09:33:54.700,3842.4000,14934,-1,321797880.000,1,0,1,双平,S,3842.4000,3842.2000,3841.8000,3841.6000,3840.6000,3842.8000,3843.2000,3843.8000,3844.6000,3844.8000,1,1,1,1,2,1,1,3,1,1
SF,IF2003,2019-11-25 09:33:55.200,3842.4000,14933,-1,322950600.000,1,0,1,双平,S,3842.2000,3841.8000,3841.6000,3840.6000,3840.4000,3842.4000,3842.8000,3843.2000,3843.8000,3844.6000,1,1,1,2,1,1,1,1,3,1
SF,IF2003,2019-11-25 09:33:56.200,3842.4000,14932,-1,324103320.000,1,0,1,双平,S,3842.4000,3842.2000,3841.8000,3841.6000,3840.6000,3842.8000,3843.2000,3843.8000,3844.6000,3844.8000,2,1,1,1,2,1,1,3,1,1
SF,IF2003,2019-11-25 09:33:56.700,3842.4000,14932,0,324103320.000,0,-,-,-,-,3842.4000,3842.2000,3841.8000,3841.6000,3840.6000,3842.8000,3843.8000,3844.6000,3844.8000,3845.0000,2,1,1,1,2,1,3,1,1,5
SF,IF2003,2019-11-25 09:33:57.700,3842.4000,14932,0,324103320.000,0,-,-,-,-,3842.2000,3841.8000,3840.8000,3840.6000,3840.4000,3842.8000,3843.8000,3844.6000,3844.8000,3845.0000,1,1,1,2,1,1,3,1,1,5
SF,IF2003,2019-11-25 09:33:58.200,3842.2000,14931,-1,325255980.000,1,0,1,双平,S,3841.8000,3840.8000,3840.6000,3840.4000,3840.2000,3842.8000,3843.8000,3844.6000,3844.8000,3845.0000,1,1,2,1,1,1,3,1,1,5
SF,IF2003,2019-11-25 09:33:59.200,3842.2000,14931,0,325255980.000,0,-,-,-,-,3842.0000,3841.8000,3840.8000,3840.6000,3840.4000,3842.8000,3843.8000,3844.6000,3844.8000,3845.0000,1,1,1,2,1,1,3,1,1,5
SF,IF2003,2019-11-25 09:33:59.700,3842.2000,14931,0,325255980.000,0,-,-,-,-,3841.8000,3840.8000,3840.6000,3840.4000,3840.2000,3842.8000,3843.8000,3844.6000,3844.8000,3845.0000,1,1,2,1,1,1,3,1,1,5
SF,IF2003,2019-11-25 09:34:00.200,3842.8000,14931,0,326408820.000,1,0,1,多换,S,3842.0000,3841.8000,3840.8000,3840.6000,3840.4000,3843.8000,3844.6000,3844.8000,3845.0000,3845.4000,1,1,1,2,1,3,1,1,5,2
SF,IF2003,2019-11-25 09:34:00.700,3842.8000,14931,0,326408820.000,0,-,-,-,-,3842.0000,3841.8000,3840.8000,3840.6000,3840.4000,3843.6000,3843.8000,3844.6000,3844.8000,3845.0000,1,1,1,2,1,5,3,1,1,5
SF,IF2003,2019-11-25 09:34:01.200,3842.8000,14931,0,326408820.000,0,-,-,-,-,3842.0000,3841.8000,3840.8000,3840.6000,3840.4000,3843.4000,3843.6000,3843.8000,3844.6000,3844.8000,1,1,1,2,1,1,5,3,1,1
SF,IF2003,2019-11-25 09:34:01.700,3842.8000,14931,0,326408820.000,0,-,-,-,-,3842.2000,3842.0000,3841.8000,3840.8000,3840.6000,3843.4000,3843.6000,3843.8000,3844.6000,3844.8000,1,1,1,1,2,1,2,3,1,1
SF,IF2003,2019-11-25 09:34:02.200,3842.8000,14931,0,326408820.000,0,-,-,-,-,3842.0000,3841.8000,3840.8000,3840.6000,3840.4000,3843.4000,3843.6000,3843.8000,3844.6000,3844.8000,1,1,1,2,1,1,1,3,1,1
SF,IF2003,2019-11-25 09:34:02.700,3842.2000,14931,0,327561480.000,1,0,1,多换,S,3842.0000,3841.8000,3841.6000,3840.8000,3840.6000,3843.2000,3843.4000,3843.6000,3843.8000,3844.6000,1,1,1,1,2,1,1,1,3,1
SF,IF2003,2019-11-25 09:34:03.200,3842.2000,14931,0,327561480.000,0,-,-,-,-,3842.2000,3842.0000,3841.8000,3841.6000,3840.8000,3843.0000,3843.4000,3843.8000,3844.6000,3844.8000,2,1,1,1,1,1,1,3,1,1
SF,IF2003,2019-11-25 09:34:03.700,3842.2000,14931,0,327561480.000,0,-,-,-,-,3842.2000,3842.0000,3841.8000,3841.6000,3840.8000,3843.4000,3843.8000,3844.6000,3844.8000,3845.0000,2,1,1,1,1,1,3,1,1,5
SF,IF2003,2019-11-25 09:34:04.200,3842.2000,14931,0,328714140.000,1,0,1,多换,S,3842.4000,3842.2000,3841.8000,3841.6000,3840.8000,3843.2000,3843.4000,3843.8000,3844.6000,3844.8000,2,1,1,1,1,1,1,3,1,1
SF,IF2003,2019-11-25 09:34:04.700,3842.2000,14931,0,328714140.000,0,-,-,-,-,3842.4000,3842.2000,3841.8000,3841.6000,3840.8000,3843.4000,3843.8000,3844.6000,3844.8000,3845.0000,2,1,1,1,1,1,3,1,1,5
SF,IF2003,2019-11-25 09:34:05.200,3842.2000,14931,0,328714140.000,0,-,-,-,-,3842.4000,3842.2000,3841.8000,3841.6000,3840.8000,3843.2000,3843.4000,3843.8000,3844.6000,3844.8000,2,1,1,1,1,1,1,2,1,1
SF,IF2003,2019-11-25 09:34:05.700,3842.2000,14931,0,328714140.000,0,-,-,-,-,3842.4000,3842.2000,3841.8000,3841.6000,3840.8000,3843.4000,3843.8000,3844.6000,3844.8000,3845.0000,2,1,1,1,1,1,2,1,1,5
SF,IF2003,2019-11-25 09:34:06.200,3842.2000,14931,0,328714140.000,0,-,-,-,-,3842.4000,3842.2000,3841.8000,3841.6000,3840.8000,3843.2000,3843.4000,3843.8000,3844.6000,3844.8000,1,1,1,1,1,1,1,2,1,1
SF,IF2003,2019-11-25 09:34:06.700,3842.2000,14931,0,328714140.000,0,-,-,-,-,3842.4000,3841.8000,3841.6000,3840.8000,3840.6000,3843.0000,3843.2000,3843.4000,3843.8000,3844.6000,1,1,1,1,2,1,1,1,2,1
SF,IF2003,2019-11-25 09:34:07.200,3843.2000,14931,0,329867100.000,1,0,1,多换,S,3842.0000,3841.8000,3841.6000,3840.8000,3840.6000,3843.2000,3843.4000,3843.8000,3844.6000,3844.8000,1,1,1,1,2,1,1,2,1,1
SF,IF2003,2019-11-25 09:34:07.700,3843.2000,14931,0,329867100.000,0,-,-,-,-,3842.0000,3841.8000,3841.6000,3840.8000,3840.6000,3843.2000,3843.4000,3843.8000,3844.6000,3844.8000,1,1,1,1,2,1,1,2,1,1
SF,IF2003,2019-11-25 09:34:08.200,3843.2000,14931,0,329867100.000,0,-,-,-,-,3842.2000,3842.0000,3841.8000,3841.6000,3840.8000,3843.2000,3843.4000,3843.8000,3844.6000,3844.8000,2,1,1,1,1,1,1,2,1,1
SF,IF2003,2019-11-25 09:34:08.700,3843.2000,14931,0,329867100.000,0,-,-,-,-,3842.2000,3842.0000,3841.8000,3841.6000,3840.8000,3843.2000,3843.4000,3843.8000,3844.6000,3844.8000,1,1,1,1,1,1,1,2,1,1
SF,IF2003,2019-11-25 09:34:09.200,3843.2000,14931,0,329867100.000,0,-,-,-,-,3842.4000,3842.2000,3842.0000,3841.8000,3841.6000,3843.2000,3843.4000,3843.8000,3844.6000,3844.8000,1,1,1,1,1,1,1,2,1,1
SF,IF2003,2019-11-25 09:34:09.700,3843.2000,14931,0,329867100.000,0,-,-,-,-,3842.0000,3841.8000,3841.6000,3840.8000,3840.6000,3843.0000,3843.2000,3843.4000,3843.8000,3844.6000,1,1,1,1,2,1,1,1,3,1
SF,IF2003,2019-11-25 09:34:10.200,3843.2000,14931,0,329867100.000,0,-,-,-,-,3842.0000,3841.8000,3841.6000,3840.8000,3840.6000,3843.2000,3843.4000,3843.8000,3844.6000,3844.8000,1,1,1,1,2,1,1,3,1,1
SF,IF2003,2019-11-25 09:34:10.700,3843.2000,14931,0,329867100.000,0,-,-,-,-,3842.2000,3842.0000,3841.8000,3841.6000,3840.8000,3843.0000,3843.2000,3843.4000,3843.8000,3844.6000,1,1,1,1,1,1,1,1,3,1
SF,IF2003,2019-11-25 09:34:11.200,3843.2000,14931,0,329867100.000,0,-,-,-,-,3842.2000,3842.0000,3841.8000,3841.6000,3840.8000,3843.0000,3843.2000,3843.4000,3843.8000,3844.6000,1,1,1,1,1,3,1,1,3,1
SF,IF2003,2019-11-25 09:34:11.700,3843.2000,14931,0,329867100.000,0,-,-,-,-,3842.0000,3841.8000,3841.6000,3840.8000,3840.6000,3842.8000,3843.0000,3843.2000,3843.4000,3843.8000,1,1,1,1,2,1,3,1,1,3
SF,IF2003,2019-11-25 09:34:12.200,3843.2000,14931,0,329867100.000,0,-,-,-,-,3842.0000,3841.8000,3841.6000,3840.8000,3840.6000,3842.8000,3843.2000,3843.4000,3843.8000,3844.6000,1,1,1,1,2,1,1,1,3,1
SF,IF2003,2019-11-25 09:34:12.700,3843.2000,14931,0,329867100.000,0,-,-,-,-,3842.0000,3841.8000,3841.6000,3840.8000,3840.6000,3842.8000,3843.2000,3843.4000,3843.8000,3844.6000,1,1,1,1,2,1,1,1,3,1
SF,IF2003,2019-11-25 09:34:13.200,3843.2000,14931,0,329867100.000,0,-,-,-,-,3842.0000,3841.8000,3840.8000,3840.6000,3840.4000,3842.6000,3842.8000,3843.2000,3843.4000,3843.8000,1,1,1,2,1,1,1,1,1,3
SF,IF2003,2019-11-25 09:34:13.700,3843.2000,14931,0,329867100.000,0,-,-,-,-,3842.0000,3841.8000,3840.8000,3840.6000,3840.4000,3842.8000,3843.2000,3843.4000,3843.8000,3844.6000,1,1,1,2,1,1,1,1,3,1
SF,IF2003,2019-11-25 09:34:14.200,3843.2000,14931,0,329867100.000,0,-,-,-,-,3842.0000,3841.8000,3840.8000,3840.6000,3840.4000,3843.2000,3843.4000,3843.8000,3844.6000,3844.8000,1,1,1,2,1,1,1,3,1,1
SF,IF2003,2019-11-25 09:34:14.700,3842.0000,14930,-1,331019700.000,1,0,1,双平,S,3841.8000,3840.8000,3840.6000,3840.4000,3840.2000,3843.0000,3843.2000,3843.4000,3843.8000,3844.6000,1,1,2,1,1,6,1,1,3,1
SF,IF2003,2019-11-25 09:34:15.200,3842.0000,14930,0,331019700.000,0,-,-,-,-,3842.2000,3841.8000,3840.8000,3840.6000,3840.4000,3842.8000,3843.0000,3843.2000,3843.4000,3843.8000,1,1,1,2,1,3,3,1,1,3
SF,IF2003,2019-11-25 09:34:15.700,3842.0000,14930,0,331019700.000,0,-,-,-,-,3841.8000,3840.8000,3840.6000,3840.4000,3840.2000,3842.0000,3842.2000,3842.6000,3842.8000,3843.0000,1,1,2,1,1,1,2,2,3,1
SF,IF2003,2019-11-25 09:34:16.200,3842.0000,14930,0,331019700.000,0,-,-,-,-,3841.8000,3840.8000,3840.6000,3840.2000,3840.0000,3842.2000,3842.6000,3843.0000,3843.2000,3843.4000,1,1,2,1,1,2,1,1,1,1
SF,IF2003,2019-11-25 09:34:16.700,3841.8000,14929,-1,332172240.000,1,0,1,双平,S,3840.8000,3840.6000,3840.2000,3840.0000,3839.4000,3842.0000,3842.2000,3842.6000,3843.0000,3843.2000,1,2,1,1,1,1,2,1,1,1
SF,IF2003,2019-11-25 09:34:17.200,3841.0000,14929,0,333324540.000,1,0,1,多换,S,3841.0000,3840.8000,3840.2000,3840.0000,3839.4000,3842.2000,3842.6000,3843.0000,3843.2000,3843.4000,4,1,1,1,1,2,1,1,1,1
SF,IF2003,2019-11-25 09:34:17.700,3841.0000,14929,0,333324540.000,0,-,-,-,-,3841.0000,3840.8000,3840.2000,3840.0000,3839.4000,3842.0000,3842.2000,3842.6000,3843.0000,3843.2000,4,1,1,1,1,3,2,1,1,1
SF,IF2003,2019-11-25 09:34:18.200,3841.0000,14929,0,333324540.000,0,-,-,-,-,3841.0000,3840.2000,3840.0000,3839.4000,3835.0000,3841.8000,3842.0000,3842.2000,3842.6000,3843.0000,2,1,2,1,7,1,5,2,1,2
SF,IF2003,2019-11-25 09:34:18.700,3841.0000,14929,0,333324540.000,0,-,-,-,-,3840.2000,3840.0000,3839.4000,3835.0000,3833.0000,3841.6000,3841.8000,3842.2000,3842.6000,3843.0000,1,2,1,7,1,1,1,2,1,2
SF,IF2003,2019-11-25 09:34:19.200,3841.0000,14929,0,333324540.000,0,-,-,-,-,3840.4000,3840.2000,3840.0000,3835.0000,3833.0000,3841.4000,3841.8000,3842.0000,3842.2000,3842.6000,1,1,2,7,1,1,1,1,2,1
SF,IF2003,2019-11-25 09:34:19.700,3841.0000,14929,0,333324540.000,0,-,-,-,-,3840.2000,3840.0000,3835.0000,3833.0000,3831.8000,3841.2000,3842.0000,3842.2000,3842.6000,3842.8000,1,2,7,1,3,1,1,2,1,1
SF,IF2003,2019-11-25 09:34:20.200,3841.0000,14929,0,333324540.000,0,-,-,-,-,3840.2000,3840.0000,3835.0000,3833.0000,3831.8000,3841.0000,3842.0000,3842.2000,3842.8000,3843.0000,1,2,7,1,3,1,1,2,1,2
SF,IF2003,2019-11-25 09:34:20.700,3841.0000,14929,0,333324540.000,0,-,-,-,-,3840.4000,3840.2000,3840.0000,3835.0000,3833.0000,3842.0000,3842.2000,3842.8000,3843.0000,3843.4000,1,1,2,7,1,1,2,1,2,1
SF,IF2003,2019-11-25 09:34:21.200,3840.0000,14928,-1,336780600.000,3,1,2,多平,S,3835.0000,3833.0000,3831.8000,3831.0000,3830.0000,3840.0000,3841.6000,3841.8000,3842.0000,3842.2000,7,1,3,5,2,17,4,6,2,2
SF,IF2003,2019-11-25 09:34:21.700,3840.0000,14911,-17,357516600.000,18,0,18,多平,S,3840.6000,3840.0000,3839.8000,3839.4000,3839.2000,3842.0000,3842.2000,3842.8000,3843.0000,3843.4000,1,1,5,3,4,2,2,1,2,1
SF,IF2003,2019-11-25 09:34:22.200,3840.6000,14910,-1,358668780.000,1,0,1,双平,S,3839.2000,3837.6000,3837.0000,3836.4000,3836.0000,3840.6000,3841.2000,3841.6000,3841.8000,3842.0000,1,2,1,1,1,4,1,3,6,2
SF,IF2003,2019-11-25 09:34:22.700,3840.6000,14910,0,358668780.000,0,-,-,-,-,3839.6000,3839.4000,3839.2000,3838.4000,3837.6000,3840.6000,3841.2000,3842.0000,3842.8000,3843.0000,8,7,1,2,2,3,1,2,1,2
SF,IF2003,2019-11-25 09:34:23.200,3840.6000,14910,0,358668780.000,0,-,-,-,-,3839.8000,3839.6000,3839.4000,3839.2000,3838.4000,3840.4000,3840.6000,3841.2000,3842.0000,3842.8000,2,5,6,1,2,1,3,1,2,1
SF,IF2003,2019-11-25 09:34:23.700,3840.6000,14910,0,358668780.000,0,-,-,-,-,3839.8000,3839.4000,3838.4000,3837.6000,3837.4000,3840.6000,3841.2000,3842.0000,3842.8000,3843.0000,2,6,3,2,1,3,1,2,1,2
SF,IF2003,2019-11-25 09:34:24.200,3840.6000,14910,0,358668780.000,0,-,-,-,-,3839.8000,3839.4000,3838.4000,3837.6000,3837.4000,3840.6000,3841.2000,3842.0000,3842.8000,3843.0000,2,6,3,2,2,3,1,2,1,2
SF,IF2003,2019-11-25 09:34:24.700,3840.6000,14908,-2,360973140.000,2,0,2,双平,S,3839.8000,3839.4000,3838.4000,3837.6000,3837.4000,3840.6000,3841.2000,3842.0000,3842.8000,3843.0000,2,6,3,2,2,1,1,2,1,2
SF,IF2003,2019-11-25 09:34:25.200,3840.6000,14907,-1,362125320.000,1,0,1,双平,S,3840.0000,3839.8000,3839.4000,3838.4000,3837.6000,3841.2000,3842.0000,3842.6000,3842.8000,3843.0000,3,2,6,3,2,1,2,1,1,2
SF,IF2003,2019-11-25 09:34:25.700,3840.6000,14907,0,362125320.000,0,-,-,-,-,3840.6000,3840.2000,3840.0000,3839.8000,3839.4000,3841.0000,3841.2000,3842.0000,3842.6000,3842.8000,1,2,3,2,3,2,1,1,1,1
SF,IF2003,2019-11-25 09:34:26.200,3841.0000,14906,-1,363277620.000,1,0,1,双平,S,3840.8000,3840.6000,3840.2000,3840.0000,3839.8000,3841.0000,3841.2000,3842.0000,3842.6000,3842.8000,1,1,2,3,2,1,1,1,1,1
SF,IF2003,2019-11-25 09:34:26.700,3841.2000,14904,-2,365582280.000,2,0,2,双平,S,3840.8000,3840.2000,3840.0000,3839.8000,3839.4000,3842.0000,3842.4000,3842.6000,3842.8000,3843.0000,1,2,3,2,5,1,1,1,1,2
