市场代码,合约代码,时间,最新,持仓,增仓,成交额,成交量,开仓,平仓,成交类型,方向,买一价,买二价,买三价,买四价,买五价,卖一价,卖二价,卖三价,卖四价,卖五价,买一量,买二量,买三量,买四量,买五量,卖一量,卖二量,卖三量,卖四量,卖五量
SF,IF2012,2020-06-22 09:29:00.400,3971.2000,12903,0,7148160.000,6.000,-,-,-,-,3971.0000,3967.0000,3966.6000,3962.4000,3960.0000,3976.0000,3977.8000,3984.0000,3986.0000,3990.2000,1,1,2,1,2,1,1,2,5,3
SF,IF2012,2020-06-22 09:30:00.400,3976.0000,12906,3,15493080.000,7,5,2,空开,S,3971.2000,3970.8000,3967.0000,3966.6000,3962.4000,3977.8000,3984.0000,3986.0000,3993.2000,3994.0000,1,2,1,2,1,1,2,5,1,2
SF,IF2012,2020-06-22 09:30:00.900,3971.2000,12906,0,16684440.000,1,0,1,多换,S,3970.8000,3968.2000,3966.6000,3962.4000,3960.0000,3974.6000,3975.0000,3975.4000,3976.0000,3976.8000,2,1,2,1,2,1,1,1,1,3
SF,IF2012,2020-06-22 09:30:01.400,3970.8000,12907,1,19066920.000,2,1,1,空开,S,3968.2000,3966.6000,3962.4000,3960.0000,3956.0000,3970.6000,3970.8000,3971.6000,3974.6000,3974.8000,1,2,1,2,2,3,1,5,1,1
SF,IF2012,2020-06-22 09:30:01.900,3970.6000,12907,0,23830980.000,4,2,2,多换,S,3970.6000,3968.4000,3968.2000,3966.6000,3962.4000,3971.6000,3973.4000,3974.6000,3975.0000,3975.4000,1,1,1,2,1,5,1,1,1,1
SF,IF2012,2020-06-22 09:30:02.400,3971.4000,12907,0,27404100.000,3,1,2,多换,S,3968.2000,3966.6000,3962.4000,3960.0000,3956.0000,3971.6000,3973.4000,3974.6000,3975.0000,3975.4000,1,2,1,2,2,5,1,1,1,1
SF,IF2012,2020-06-22 09:30:02.900,3971.4000,12907,0,27404100.000,0,-,-,-,-,3968.2000,3966.6000,3962.4000,3960.0000,3956.0000,3970.8000,3971.4000,3971.6000,3974.6000,3975.0000,1,2,1,2,2,1,1,5,1,1
SF,IF2012,2020-06-22 09:30:03.400,3970.6000,12906,-1,28595280.000,1,0,1,双平,S,3970.6000,3968.2000,3966.6000,3962.4000,3960.0000,3970.8000,3971.6000,3974.6000,3975.0000,3975.4000,2,1,2,1,2,1,5,1,1,1
SF,IF2012,2020-06-22 09:30:03.900,3970.8000,12905,-1,33359340.000,4,1,3,多平,S,3966.6000,3962.4000,3960.0000,3956.0000,3953.2000,3971.6000,3974.6000,3975.0000,3975.4000,3976.0000,2,1,2,2,1,5,1,1,1,1
SF,IF2012,2020-06-22 09:30:04.400,3970.8000,12905,0,33359340.000,0,-,-,-,-,3970.6000,3966.8000,3966.6000,3962.4000,3960.0000,3971.4000,3971.6000,3974.6000,3975.0000,3975.4000,1,1,2,1,2,1,5,1,1,1
SF,IF2012,2020-06-22 09:30:04.900,3975.0000,12905,0,55996380.000,19,9,10,多换,S,3975.2000,3972.0000,3966.6000,3962.4000,3960.0000,3975.4000,3976.0000,3976.8000,3977.8000,3978.0000,34,1,1,1,2,1,1,3,1,1
SF,IF2012,2020-06-22 09:30:05.400,3975.2000,12911,6,71499360.000,13,9,4,空开,S,3975.2000,3972.0000,3966.6000,3962.4000,3960.0000,3975.4000,3976.0000,3976.8000,3977.8000,3978.0000,21,1,1,1,2,1,1,3,1,1
SF,IF2012,2020-06-22 09:30:05.900,3975.2000,12912,1,79847340.000,7,4,3,空开,S,3975.2000,3972.0000,3971.6000,3966.6000,3962.4000,3976.0000,3976.8000,3977.8000,3978.0000,3984.0000,15,1,10,1,1,1,3,1,1,2
SF,IF2012,2020-06-22 09:30:06.400,3975.2000,12913,1,84617580.000,4,2,2,空开,S,3975.2000,3972.0000,3971.6000,3966.6000,3962.4000,3976.0000,3976.8000,3977.8000,3978.0000,3984.0000,11,1,10,1,1,1,3,1,1,2
SF,IF2012,2020-06-22 09:30:06.900,3975.2000,12914,1,87002700.000,2,1,1,空开,S,3975.2000,3972.0000,3971.6000,3968.0000,3966.6000,3976.0000,3976.8000,3977.8000,3984.0000,3985.0000,9,1,10,1,1,1,3,1,2,1
SF,IF2012,2020-06-22 09:30:07.400,3975.2000,12914,0,91773180.000,4,2,2,多换,S,3975.2000,3972.0000,3971.6000,3968.0000,3966.6000,3976.8000,3977.8000,3984.0000,3985.0000,3986.0000,6,1,10,1,1,3,1,2,1,5
SF,IF2012,2020-06-22 09:30:07.900,3975.2000,12914,0,95350860.000,3,1,2,多换,S,3975.2000,3972.0000,3971.6000,3968.0000,3967.8000,3976.8000,3977.8000,3984.0000,3985.0000,3986.0000,3,1,10,1,1,3,1,2,1,5
SF,IF2012,2020-06-22 09:30:08.400,3975.2000,12915,1,97735980.000,2,1,1,空开,S,3975.2000,3972.0000,3971.6000,3968.0000,3967.8000,3976.8000,3977.8000,3984.0000,3985.0000,3986.0000,1,1,10,1,1,3,1,2,1,5
SF,IF2012,2020-06-22 09:30:08.900,3976.8000,12918,3,101315100.000,3,3,0,双开,S,3976.8000,3975.2000,3972.0000,3971.6000,3968.0000,3977.8000,3984.0000,3985.0000,3986.0000,3993.2000,7,1,1,10,1,1,2,1,5,1
SF,IF2012,2020-06-22 09:30:09.400,3976.8000,12919,1,102508140.000,1,1,0,双开,S,3976.8000,3976.0000,3975.2000,3972.0000,3971.6000,3977.8000,3984.0000,3985.0000,3986.0000,3993.2000,6,2,1,1,10,1,2,1,5,1
SF,IF2012,2020-06-22 09:30:09.900,3977.8000,12918,-1,103701480.000,1,0,1,双平,S,3976.8000,3976.0000,3975.2000,3972.0000,3971.6000,3984.0000,3985.0000,3986.0000,3993.2000,3994.0000,7,2,1,1,10,2,1,5,1,2
SF,IF2012,2020-06-22 09:30:10.400,3977.0000,12918,0,104894580.000,1,0,1,多换,S,3977.0000,3976.8000,3976.0000,3975.2000,3972.0000,3981.0000,3981.6000,3983.8000,3984.0000,3985.0000,1,7,2,1,1,1,3,4,2,1
SF,IF2012,2020-06-22 09:30:10.900,3977.0000,12918,0,104894580.000,0,-,-,-,-,3977.0000,3976.8000,3976.0000,3975.2000,3972.0000,3980.2000,3980.8000,3981.0000,3981.6000,3983.8000,1,7,2,1,1,1,1,1,3,3
SF,IF2012,2020-06-22 09:30:11.400,3984.0000,12922,4,114450660.000,8,6,2,空开,S,3984.0000,3977.2000,3976.8000,3976.0000,3975.2000,3985.0000,3986.0000,3993.2000,3994.0000,3998.0000,3,1,7,2,1,1,5,1,2,5
SF,IF2012,2020-06-22 09:30:11.900,3984.0000,12923,1,119231460.000,4,2,2,空开,S,3977.2000,3976.8000,3976.0000,3975.2000,3972.0000,3983.2000,3984.0000,3984.2000,3985.0000,3986.0000,1,7,2,1,1,1,5,1,1,5
SF,IF2012,2020-06-22 09:30:12.400,3977.2000,12923,0,121617840.000,2,1,1,多换,S,3981.0000,3976.8000,3976.0000,3975.2000,3972.0000,3983.0000,3984.0000,3985.0000,3986.0000,3993.2000,2,7,2,1,1,2,3,1,5,1
SF,IF2012,2020-06-22 09:30:12.900,3981.0000,12921,-2,124006380.000,2,0,2,双平,S,3976.8000,3976.0000,3975.2000,3972.0000,3971.6000,3982.6000,3983.0000,3983.8000,3984.0000,3985.0000,7,2,1,1,10,1,3,3,4,1
SF,IF2012,2020-06-22 09:30:13.400,3983.0000,12923,2,132368340.000,7,4,3,空开,S,3983.2000,3977.0000,3976.8000,3976.0000,3975.2000,3983.8000,3984.0000,3985.0000,3986.0000,3993.2000,4,1,6,2,1,3,5,1,5,1
SF,IF2012,2020-06-22 09:30:13.900,3983.4000,12927,4,138343200.000,5,4,1,空开,S,3977.0000,3976.8000,3976.0000,3975.2000,3972.0000,3983.8000,3984.0000,3985.0000,3986.0000,3993.2000,1,6,2,1,1,3,5,1,5,1
SF,IF2012,2020-06-22 09:30:14.400,3977.2000,12927,0,139536360.000,1,0,1,多换,S,3976.8000,3976.0000,3975.2000,3972.0000,3971.6000,3982.8000,3983.2000,3983.6000,3983.8000,3984.0000,6,2,1,1,10,2,1,1,1,5
SF,IF2012,2020-06-22 09:30:14.900,3977.2000,12927,0,139536360.000,0,-,-,-,-,3976.8000,3976.0000,3975.2000,3972.0000,3971.6000,3982.6000,3982.8000,3983.2000,3983.8000,3984.0000,6,2,1,1,10,4,3,1,1,4
SF,IF2012,2020-06-22 09:30:15.400,3977.0000,12922,-5,146703420.000,6,0,6,多平,S,3977.0000,3976.8000,3976.0000,3975.2000,3972.0000,3982.8000,3983.2000,3983.8000,3984.0000,3985.0000,1,6,2,1,1,2,1,2,4,1
SF,IF2012,2020-06-22 09:30:15.900,3982.8000,12922,0,147898260.000,1,0,1,多换,S,3977.8000,3977.6000,3977.4000,3977.0000,3976.8000,3982.0000,3982.8000,3983.2000,3983.4000,3983.8000,1,2,1,1,6,1,1,1,1,2
SF,IF2012,2020-06-22 09:30:16.400,3982.6000,12924,2,152677380.000,4,3,1,空开,S,3982.6000,3978.4000,3978.0000,3977.8000,3977.6000,3982.8000,3983.4000,3983.8000,3984.0000,3985.0000,6,1,3,1,2,1,1,1,4,1
SF,IF2012,2020-06-22 09:30:16.900,3982.6000,12924,0,158651340.000,5,2,3,多换,S,3982.6000,3982.0000,3978.4000,3978.0000,3977.8000,3982.8000,3983.8000,3984.0000,3985.0000,3986.0000,2,1,3,3,1,1,1,4,1,5
SF,IF2012,2020-06-22 09:30:17.400,3982.6000,12925,1,161040900.000,2,1,1,空开,S,3982.0000,3980.8000,3979.6000,3978.4000,3978.0000,3982.2000,3982.6000,3982.8000,3984.0000,3985.0000,4,1,1,1,3,1,1,1,4,1
SF,IF2012,2020-06-22 09:30:17.900,3982.6000,12925,0,162235680.000,1,0,1,多换,S,3982.0000,3980.8000,3979.6000,3978.4000,3978.0000,3982.6000,3982.8000,3984.0000,3985.0000,3986.0000,4,1,1,1,3,1,1,4,1,5
SF,IF2012,2020-06-22 09:30:18.400,3982.0000,12926,1,164624880.000,2,1,1,空开,S,3982.0000,3980.8000,3979.6000,3979.2000,3978.8000,3982.6000,3984.0000,3985.0000,3986.0000,3988.8000,2,1,1,1,1,1,4,1,5,2
SF,IF2012,2020-06-22 09:30:19.400,3982.6000,12926,0,167014260.000,2,1,1,多换,S,3982.8000,3982.0000,3980.8000,3979.6000,3979.2000,3984.0000,3985.0000,3986.0000,3988.8000,3989.0000,1,1,1,1,1,4,1,5,2,1
SF,IF2012,2020-06-22 09:30:19.900,3982.6000,12926,0,168209040.000,1,0,1,多换,S,3982.4000,3982.0000,3980.8000,3979.2000,3978.8000,3984.0000,3985.0000,3986.0000,3988.8000,3989.0000,1,1,1,1,1,4,1,5,2,1
SF,IF2012,2020-06-22 09:30:20.400,3982.4000,12926,0,169403760.000,1,0,1,多换,S,3982.0000,3980.8000,3979.2000,3978.8000,3978.4000,3984.0000,3985.0000,3986.0000,3988.8000,3989.0000,1,1,1,1,2,4,1,5,1,1
SF,IF2012,2020-06-22 09:30:20.900,3982.4000,12926,0,169403760.000,0,-,-,-,-,3982.2000,3982.0000,3980.8000,3979.2000,3978.8000,3984.0000,3985.0000,3986.0000,3988.8000,3989.0000,1,1,1,1,1,4,1,5,1,1
SF,IF2012,2020-06-22 09:30:21.400,3982.2000,12926,0,170598420.000,1,0,1,多换,S,3982.0000,3979.2000,3978.8000,3978.4000,3978.2000,3982.4000,3984.0000,3984.8000,3985.0000,3986.0000,1,1,1,2,2,1,4,1,1,5
SF,IF2012,2020-06-22 09:30:21.900,3984.0000,12928,2,176573940.000,5,3,2,空开,S,3984.0000,3982.0000,3979.2000,3978.8000,3978.4000,3984.8000,3985.0000,3986.0000,3988.8000,3989.0000,7,1,1,1,2,1,1,5,1,1
SF,IF2012,2020-06-22 09:30:22.400,3984.0000,12929,1,177769140.000,1,1,0,双开,S,3984.0000,3982.0000,3979.2000,3978.8000,3978.4000,3984.6000,3984.8000,3985.0000,3986.0000,3988.8000,7,1,1,1,2,1,1,1,5,1
SF,IF2012,2020-06-22 09:30:22.900,3984.8000,12928,-1,180159960.000,2,0,2,多平,S,3984.0000,3982.4000,3982.0000,3979.2000,3978.8000,3985.0000,3986.0000,3989.0000,3989.2000,3993.2000,7,4,1,1,1,1,5,1,2,1
SF,IF2012,2020-06-22 09:30:23.400,3984.2000,12927,-1,182550480.000,2,0,2,多平,S,3984.4000,3984.0000,3982.6000,3982.4000,3982.0000,3985.0000,3986.0000,3987.6000,3989.0000,3989.2000,1,7,1,4,1,1,5,1,1,2
SF,IF2012,2020-06-22 09:30:23.900,3984.4000,12926,-1,183745800.000,1,0,1,双平,S,3984.0000,3982.6000,3982.4000,3982.0000,3978.8000,3985.0000,3986.0000,3987.6000,3989.2000,3993.2000,7,1,4,1,1,1,5,1,2,1
SF,IF2012,2020-06-22 09:30:24.400,3984.0000,12927,1,184941000.000,1,1,0,双开,S,3984.0000,3982.6000,3982.4000,3982.0000,3978.8000,3985.0000,3986.0000,3987.6000,3989.2000,3993.2000,6,1,4,1,1,1,5,1,2,1
SF,IF2012,2020-06-22 09:30:24.900,3985.0000,12926,-1,186136500.000,1,0,1,双平,S,3984.0000,3982.6000,3982.4000,3982.0000,3978.8000,3986.0000,3987.6000,3989.2000,3993.2000,3994.0000,6,1,4,1,1,5,1,1,1,2
SF,IF2012,2020-06-22 09:30:25.400,3984.0000,12925,-1,189722460.000,3,1,2,多平,S,3984.0000,3982.6000,3982.4000,3982.0000,3978.8000,3985.8000,3986.0000,3987.6000,3989.2000,3993.2000,5,1,4,1,1,1,5,1,1,1
SF,IF2012,2020-06-22 09:30:25.900,3984.0000,12925,0,189722460.000,0,-,-,-,-,3985.2000,3984.0000,3982.6000,3982.4000,3982.0000,3985.8000,3986.0000,3987.6000,3993.2000,3994.0000,1,5,1,4,1,1,5,1,1,2
SF,IF2012,2020-06-22 09:30:26.400,3985.0000,12925,0,190917960.000,1,0,1,多换,S,3984.0000,3982.6000,3982.4000,3982.0000,3978.4000,3984.8000,3986.0000,3987.6000,3993.2000,3994.0000,5,1,4,1,2,1,5,1,1,2
SF,IF2012,2020-06-22 09:30:26.900,3986.0000,12925,0,198092400.000,6,3,3,多换,S,3986.0000,3984.0000,3982.6000,3982.4000,3982.0000,3987.6000,3993.2000,3994.0000,3998.0000,3999.0000,5,5,1,4,1,1,1,2,5,1
SF,IF2012,2020-06-22 09:30:27.400,3986.0000,12927,2,204071400.000,5,3,2,空开,S,3985.8000,3984.0000,3982.6000,3982.4000,3978.0000,3993.2000,3994.0000,3998.0000,3999.0000,4004.0000,1,5,1,4,2,1,2,5,1,2
SF,IF2012,2020-06-22 09:30:27.900,3986.0000,12927,0,204071400.000,0,-,-,-,-,3986.0000,3985.8000,3984.0000,3982.6000,3982.4000,3989.6000,3991.2000,3993.0000,3993.2000,3994.0000,1,1,5,1,4,1,3,3,1,2
SF,IF2012,2020-06-22 09:30:28.400,3986.0000,12927,0,205267200.000,1,0,1,多换,S,3985.8000,3984.0000,3982.6000,3982.4000,3978.0000,3989.4000,3991.2000,3993.0000,3993.2000,3994.0000,1,5,1,4,1,1,3,2,1,2
SF,IF2012,2020-06-22 09:30:28.900,3986.0000,12927,0,205267200.000,0,-,-,-,-,3985.8000,3984.0000,3982.6000,3982.4000,3978.0000,3989.0000,3989.4000,3990.2000,3991.2000,3992.4000,1,5,1,4,1,1,1,1,3,1
SF,IF2012,2020-06-22 09:30:29.400,3985.8000,12928,1,206462940.000,1,1,0,双开,S,3984.0000,3982.6000,3982.4000,3978.0000,3977.0000,3988.8000,3989.0000,3991.2000,3991.6000,3992.4000,5,1,4,1,6,1,1,3,1,1
SF,IF2012,2020-06-22 09:30:29.900,3985.8000,12928,0,206462940.000,0,-,-,-,-,3984.0000,3982.6000,3982.4000,3978.0000,3977.0000,3988.8000,3989.0000,3991.2000,3991.6000,3992.4000,5,1,4,1,6,2,1,3,1,1
SF,IF2012,2020-06-22 09:30:30.400,3984.0000,12929,1,207658140.000,1,1,0,双开,S,3984.0000,3982.6000,3982.4000,3978.0000,3977.0000,3988.0000,3988.8000,3991.2000,3991.6000,3992.4000,4,1,4,1,6,1,2,3,1,1
SF,IF2012,2020-06-22 09:30:30.900,3988.8000,12929,0,211247520.000,3,1,2,多换,S,3988.8000,3984.0000,3982.6000,3982.4000,3978.0000,3991.2000,3991.6000,3992.4000,3993.0000,3993.2000,8,4,1,4,1,3,1,1,1,1
SF,IF2012,2020-06-22 09:30:31.400,3988.8000,12930,1,217230720.000,5,3,2,空开,S,3988.8000,3988.0000,3984.0000,3982.6000,3982.4000,3991.0000,3991.2000,3991.6000,3992.4000,3993.0000,3,1,4,1,4,1,3,1,1,1
SF,IF2012,2020-06-22 09:30:31.900,3988.8000,12930,0,217230720.000,0,-,-,-,-,3988.8000,3988.0000,3985.0000,3984.0000,3982.4000,3991.0000,3991.2000,3991.6000,3992.4000,3993.0000,3,1,1,4,4,1,3,1,1,1
SF,IF2012,2020-06-22 09:30:32.400,3989.8000,12932,2,220820940.000,3,2,1,空开,S,3988.8000,3988.0000,3985.6000,3985.0000,3984.0000,3990.8000,3991.0000,3991.2000,3992.4000,3993.0000,1,1,2,1,4,1,1,3,1,1
SF,IF2012,2020-06-22 09:30:32.900,3989.8000,12932,0,220820940.000,0,-,-,-,-,3989.8000,3988.8000,3988.0000,3985.6000,3984.0000,3990.6000,3990.8000,3991.2000,3993.0000,3993.2000,2,1,1,2,4,1,1,3,1,1
SF,IF2012,2020-06-22 09:30:33.400,3989.8000,12933,1,223214820.000,2,1,1,空开,S,3988.8000,3988.0000,3985.6000,3984.0000,3982.4000,3990.8000,3991.2000,3993.0000,3993.2000,3994.0000,1,1,2,4,4,1,3,1,1,2
SF,IF2012,2020-06-22 09:30:33.900,3989.8000,12933,0,223214820.000,0,-,-,-,-,3988.8000,3988.0000,3985.6000,3984.0000,3982.4000,3990.6000,3990.8000,3991.2000,3993.0000,3993.2000,1,1,2,4,4,1,1,3,1,1
SF,IF2012,2020-06-22 09:30:34.400,3988.8000,12934,1,224411460.000,1,1,0,双开,S,3988.0000,3985.6000,3984.0000,3982.4000,3977.0000,3990.0000,3990.4000,3990.6000,3990.8000,3991.2000,3,2,4,4,6,1,1,1,1,3
SF,IF2012,2020-06-22 09:30:34.900,3988.8000,12934,0,224411460.000,0,-,-,-,-,3988.0000,3985.6000,3984.0000,3982.4000,3977.0000,3989.8000,3990.0000,3990.8000,3991.2000,3993.0000,3,2,4,4,6,2,1,1,3,1
SF,IF2012,2020-06-22 09:30:35.400,3989.8000,12935,1,226804800.000,2,1,1,空开,S,3988.0000,3985.6000,3984.0000,3982.4000,3977.0000,3989.8000,3990.0000,3990.8000,3991.2000,3993.0000,2,2,4,4,6,1,1,1,3,1
SF,IF2012,2020-06-22 09:30:35.900,3989.8000,12936,1,228001740.000,1,1,0,双开,S,3988.0000,3985.6000,3984.0000,3982.4000,3977.0000,3989.0000,3989.2000,3991.2000,3993.0000,3993.2000,2,2,4,4,6,1,1,3,1,1
SF,IF2012,2020-06-22 09:30:36.400,3988.0000,12934,-2,231591600.000,3,0,3,多平,S,3988.0000,3985.6000,3984.0000,3982.4000,3977.0000,3991.2000,3993.0000,3993.2000,3994.0000,3996.2000,1,2,4,4,6,3,1,1,2,1
SF,IF2012,2020-06-22 09:30:36.900,3988.0000,12934,0,231591600.000,0,-,-,-,-,3988.2000,3988.0000,3984.0000,3982.4000,3977.0000,3991.2000,3993.0000,3993.2000,3994.0000,3996.2000,1,1,4,4,6,3,1,1,2,1
SF,IF2012,2020-06-22 09:30:37.400,3988.0000,12933,-1,233984400.000,2,0,2,多平,S,3984.0000,3982.4000,3980.2000,3977.0000,3976.8000,3988.0000,3991.0000,3991.2000,3993.0000,3993.2000,4,4,3,6,5,4,1,3,1,1
SF,IF2012,2020-06-22 09:30:37.900,3988.0000,12930,-3,237573600.000,3,0,3,双平,S,3984.0000,3982.4000,3980.2000,3980.0000,3977.0000,3987.8000,3988.0000,3991.0000,3991.2000,3993.0000,4,4,3,1,6,1,1,1,3,1
SF,IF2012,2020-06-22 09:30:38.400,3988.0000,12930,0,237573600.000,0,-,-,-,-,3984.0000,3982.4000,3980.2000,3980.0000,3979.8000,3987.8000,3988.0000,3991.0000,3991.2000,3993.0000,4,4,3,1,1,1,1,1,3,1
SF,IF2012,2020-06-22 09:30:38.900,3988.0000,12930,0,237573600.000,0,-,-,-,-,3984.0000,3982.4000,3980.2000,3980.0000,3979.8000,3987.8000,3988.0000,3989.0000,3989.2000,3991.2000,4,4,3,1,1,1,1,1,1,3
SF,IF2012,2020-06-22 09:30:39.400,3988.0000,12930,0,237573600.000,0,-,-,-,-,3984.0000,3982.4000,3980.2000,3980.0000,3979.8000,3987.2000,3987.8000,3988.0000,3989.0000,3989.2000,4,4,3,1,1,1,1,1,1,1
SF,IF2012,2020-06-22 09:30:39.900,3988.0000,12930,0,237573600.000,0,-,-,-,-,3984.0000,3982.4000,3980.2000,3980.0000,3979.8000,3987.0000,3987.2000,3988.0000,3989.0000,3989.2000,4,4,3,1,1,1,1,1,1,1
SF,IF2012,2020-06-22 09:30:40.400,3988.0000,12930,0,237573600.000,0,-,-,-,-,3984.0000,3982.4000,3980.2000,3980.0000,3979.8000,3986.6000,3987.0000,3988.0000,3989.0000,3989.2000,4,4,3,1,1,1,1,1,1,1
SF,IF2012,2020-06-22 09:30:40.900,3987.8000,12930,0,238769940.000,1,0,1,多换,S,3984.2000,3984.0000,3982.4000,3980.2000,3980.0000,3986.6000,3988.0000,3989.0000,3989.2000,3991.2000,1,4,4,3,1,1,1,1,1,3
SF,IF2012,2020-06-22 09:30:41.400,3984.4000,12931,1,239965260.000,1,1,0,双开,S,3984.2000,3984.0000,3982.4000,3980.2000,3980.0000,3986.6000,3987.4000,3988.0000,3989.0000,3989.2000,1,4,4,3,1,1,1,1,1,1
SF,IF2012,2020-06-22 09:30:41.900,3986.4000,12930,-1,242356440.000,2,0,2,多平,S,3984.4000,3984.0000,3982.4000,3980.2000,3980.0000,3986.6000,3987.4000,3988.0000,3989.0000,3989.2000,1,4,4,3,1,1,1,1,1,1
SF,IF2012,2020-06-22 09:30:42.400,3984.4000,12930,0,243551760.000,1,0,1,多换,S,3984.0000,3982.4000,3980.2000,3980.0000,3979.8000,3986.4000,3986.6000,3987.4000,3988.0000,3989.0000,4,4,3,1,1,1,1,1,1,1
SF,IF2012,2020-06-22 09:30:43.400,3984.4000,12930,0,243551760.000,0,-,-,-,-,3984.0000,3982.4000,3980.2000,3980.0000,3979.8000,3985.6000,3986.4000,3987.4000,3988.0000,3989.0000,4,4,3,1,1,1,1,1,1,1
SF,IF2012,2020-06-22 09:30:43.900,3984.2000,12931,1,244747020.000,1,1,0,双开,S,3984.0000,3982.4000,3980.2000,3980.0000,3979.8000,3985.6000,3986.4000,3987.4000,3988.0000,3989.0000,4,4,3,1,1,1,1,1,1,1
SF,IF2012,2020-06-22 09:30:44.400,3984.0000,12932,1,245942220.000,1,1,0,双开,S,3984.0000,3982.4000,3980.2000,3980.0000,3979.8000,3985.6000,3986.4000,3986.6000,3987.4000,3988.0000,3,4,3,1,1,1,1,2,1,1
SF,IF2012,2020-06-22 09:30:44.900,3985.6000,12933,1,247137900.000,1,1,0,双开,S,3984.0000,3982.4000,3980.2000,3980.0000,3979.8000,3986.4000,3986.6000,3987.4000,3988.0000,3989.0000,3,4,3,1,1,1,2,1,1,1
SF,IF2012,2020-06-22 09:30:45.400,3984.0000,12934,1,248333100.000,1,1,0,双开,S,3984.0000,3982.4000,3980.2000,3980.0000,3979.8000,3986.4000,3986.6000,3987.4000,3988.0000,3989.0000,2,4,3,1,1,1,2,1,1,1
SF,IF2012,2020-06-22 09:30:45.900,3984.0000,12934,0,248333100.000,0,-,-,-,-,3984.6000,3984.0000,3982.4000,3980.2000,3980.0000,3986.4000,3986.6000,3987.4000,3988.0000,3989.0000,1,2,4,3,1,1,2,1,1,1
SF,IF2012,2020-06-22 09:30:46.400,3984.2000,12935,1,249528360.000,1,1,0,双开,S,3984.0000,3982.4000,3980.2000,3980.0000,3979.8000,3986.4000,3986.6000,3988.0000,3989.0000,3989.2000,2,4,3,1,1,1,2,1,1,1
SF,IF2012,2020-06-22 09:30:46.900,3986.4000,12935,0,250724280.000,1,0,1,多换,S,3986.4000,3984.2000,3984.0000,3982.4000,3980.2000,3986.6000,3988.0000,3989.0000,3989.2000,3991.2000,9,1,2,4,3,2,1,1,1,3
SF,IF2012,2020-06-22 09:30:47.400,3986.4000,12938,3,261487560.000,9,6,3,空开,S,3984.2000,3984.0000,3982.4000,3980.2000,3980.0000,3986.6000,3988.0000,3989.0000,3989.2000,3991.2000,1,2,4,3,1,2,1,1,1,3
SF,IF2012,2020-06-22 09:30:47.900,3984.2000,12936,-2,263878140.000,2,0,2,双平,S,3984.0000,3982.4000,3980.2000,3980.0000,3979.8000,3986.4000,3986.6000,3988.0000,3989.0000,3989.2000,2,4,3,1,1,4,2,1,1,1
SF,IF2012,2020-06-22 09:30:48.400,3984.2000,12936,0,265073400.000,1,0,1,多换,S,3984.0000,3982.4000,3980.2000,3980.0000,3979.8000,3986.2000,3986.4000,3986.6000,3988.0000,3989.0000,2,4,3,1,1,1,4,2,1,1
SF,IF2012,2020-06-22 09:30:49.900,3984.2000,12936,0,265073400.000,0,-,-,-,-,3984.0000,3982.4000,3980.2000,3980.0000,3979.8000,3985.0000,3986.2000,3986.4000,3986.6000,3988.0000,2,4,3,1,1,11,1,4,2,1
SF,IF2012,2020-06-22 09:30:50.400,3985.0000,12925,-11,278223900.000,11,0,11,双平,S,3984.2000,3984.0000,3982.4000,3980.2000,3980.0000,3986.2000,3986.4000,3986.6000,3988.0000,3989.0000,4,2,4,3,1,1,4,2,1,1
SF,IF2012,2020-06-22 09:30:50.900,3985.0000,12925,0,278223900.000,0,-,-,-,-,3984.2000,3984.0000,3982.4000,3980.2000,3980.0000,3986.2000,3986.4000,3986.6000,3988.0000,3989.0000,4,2,4,3,1,1,4,2,1,1
SF,IF2012,2020-06-22 09:30:51.400,3986.4000,12929,4,284203440.000,5,4,1,空开,S,3984.4000,3984.2000,3984.0000,3982.4000,3980.2000,3986.6000,3988.0000,3989.0000,3989.2000,3991.2000,1,4,2,4,3,2,1,1,1,3
SF,IF2012,2020-06-22 09:30:51.900,3986.4000,12929,0,284203440.000,0,-,-,-,-,3984.4000,3984.2000,3984.0000,3982.4000,3980.2000,3986.6000,3988.0000,3989.0000,3989.2000,3991.2000,1,4,2,4,3,2,1,1,1,3
SF,IF2012,2020-06-22 09:30:52.400,3986.4000,12929,0,284203440.000,0,-,-,-,-,3984.6000,3984.4000,3984.2000,3984.0000,3982.4000,3986.6000,3988.0000,3989.0000,3989.2000,3990.8000,2,1,4,2,4,2,1,1,1,3
SF,IF2012,2020-06-22 09:30:52.900,3986.4000,12929,0,284203440.000,0,-,-,-,-,3984.8000,3984.6000,3984.2000,3984.0000,3982.4000,3986.6000,3988.0000,3989.0000,3989.2000,3990.8000,1,2,4,2,4,2,1,1,1,3
SF,IF2012,2020-06-22 09:30:53.400,3989.2000,12931,2,290185260.000,5,3,2,空开,S,3984.8000,3984.6000,3984.2000,3984.0000,3982.4000,3990.8000,3991.2000,3993.0000,3993.2000,3994.0000,1,2,4,2,4,3,3,1,1,2
SF,IF2012,2020-06-22 09:30:53.900,3990.8000,12931,0,293776980.000,3,1,2,多换,S,3990.8000,3985.2000,3984.8000,3984.6000,3984.2000,3991.2000,3993.0000,3993.2000,3994.0000,3998.0000,2,2,1,2,4,3,1,1,2,5
SF,IF2012,2020-06-22 09:30:54.400,3990.8000,12931,0,296171460.000,2,1,1,多换,S,3985.2000,3984.8000,3984.6000,3984.2000,3984.0000,3989.4000,3989.6000,3990.8000,3991.0000,3991.2000,2,1,1,1,2,1,1,1,1,3
SF,IF2012,2020-06-22 09:30:54.900,3985.4000,12931,0,297367080.000,1,0,1,多换,S,3986.6000,3986.4000,3985.2000,3984.2000,3984.0000,3989.2000,3989.6000,3990.2000,3991.2000,3993.2000,1,2,2,1,2,2,1,1,3,1
SF,IF2012,2020-06-22 09:30:55.400,3985.4000,12931,0,297367080.000,0,-,-,-,-,3986.8000,3986.6000,3986.4000,3985.4000,3985.2000,3989.2000,3990.2000,3991.0000,3991.2000,3993.2000,1,1,2,1,2,2,1,1,3,1
SF,IF2012,2020-06-22 09:30:55.900,3985.4000,12931,0,297367080.000,0,-,-,-,-,3986.8000,3986.6000,3986.4000,3985.4000,3985.2000,3989.2000,3990.2000,3990.4000,3991.0000,3991.2000,1,1,2,1,2,1,1,1,1,3
SF,IF2012,2020-06-22 09:30:56.400,3990.4000,12931,0,299761260.000,2,1,1,多换,S,3990.8000,3989.2000,3987.0000,3986.8000,3986.6000,3991.0000,3991.2000,3991.8000,3993.0000,3993.2000,3,2,2,1,1,1,3,1,1,1
SF,IF2012,2020-06-22 09:30:56.900,3990.8000,12931,0,303352980.000,3,1,2,多换,S,3989.2000,3987.0000,3986.6000,3986.4000,3985.8000,3990.4000,3991.0000,3991.2000,3991.8000,3993.0000,2,2,1,2,1,1,2,3,1,1
SF,IF2012,2020-06-22 09:30:57.400,3990.8000,12931,0,303352980.000,0,-,-,-,-,3989.2000,3987.6000,3987.0000,3986.6000,3986.4000,3990.4000,3991.0000,3991.2000,3991.8000,3993.0000,2,1,2,1,3,1,1,3,1,1
SF,IF2012,2020-06-22 09:30:57.900,3990.4000,12932,1,308141100.000,4,2,2,空开,S,3990.8000,3989.2000,3987.0000,3986.6000,3986.4000,3991.2000,3991.8000,3993.0000,3993.2000,3994.0000,2,2,2,1,3,3,2,1,1,2
SF,IF2012,2020-06-22 09:30:58.400,3990.8000,12932,0,310535580.000,2,1,1,多换,S,3990.4000,3989.6000,3989.2000,3987.0000,3986.6000,3991.2000,3991.8000,3993.0000,3993.2000,3994.0000,10,1,1,1,1,3,2,1,1,2
SF,IF2012,2020-06-22 09:30:58.900,3990.4000,12936,4,316521900.000,5,4,1,空开,S,3990.8000,3990.4000,3989.6000,3989.2000,3987.0000,3993.2000,3994.0000,3994.6000,3998.0000,3998.4000,5,9,1,1,1,1,2,2,5,1
SF,IF2012,2020-06-22 09:30:59.400,3990.4000,12936,0,316521900.000,0,-,-,-,-,3991.0000,3990.8000,3990.4000,3989.6000,3989.2000,3993.2000,3994.0000,3994.6000,3998.0000,3998.4000,1,5,9,1,1,1,2,2,5,1
SF,IF2012,2020-06-22 09:30:59.900,3993.2000,12937,1,318917040.000,2,1,1,空开,S,3991.0000,3990.8000,3990.4000,3989.6000,3989.2000,3994.0000,3994.6000,3995.0000,3995.6000,3998.0000,2,5,9,1,1,3,2,1,1,5
SF,IF2012,2020-06-22 09:31:00.400,3993.2000,12937,0,318917040.000,0,-,-,-,-,3991.2000,3991.0000,3990.8000,3990.4000,3989.6000,3993.8000,3994.0000,3994.6000,3994.8000,3995.0000,1,2,5,9,1,1,3,2,1,1
SF,IF2012,2020-06-22 09:31:00.900,3991.4000,12937,0,321311880.000,2,1,1,多换,S,3993.2000,3991.4000,3991.2000,3991.0000,3990.8000,3993.6000,3993.8000,3994.0000,3994.6000,3994.8000,9,1,1,1,5,2,1,3,2,1
SF,IF2012,2020-06-22 09:31:01.400,3993.2000,12937,0,332093520.000,9,4,5,多换,S,3991.4000,3991.2000,3991.0000,3990.8000,3990.4000,3993.2000,3993.6000,3993.8000,3994.0000,3994.6000,1,1,1,5,9,1,1,1,3,2
SF,IF2012,2020-06-22 09:31:01.900,3991.4000,12936,-1,334488900.000,2,0,2,多平,S,3991.2000,3991.0000,3990.8000,3990.4000,3989.2000,3993.6000,3994.0000,3998.0000,3998.2000,3998.4000,1,1,5,9,1,1,2,5,1,1
SF,IF2012,2020-06-22 09:31:02.400,3993.4000,12936,0,335686920.000,1,0,1,多换,S,3991.4000,3991.2000,3991.0000,3990.8000,3990.4000,3993.6000,3994.0000,3997.8000,3998.0000,3998.2000,2,1,1,5,9,1,2,2,5,1
SF,IF2012,2020-06-22 09:31:02.900,3993.4000,12936,0,335686920.000,0,-,-,-,-,3991.4000,3991.2000,3991.0000,3990.8000,3990.4000,3993.6000,3994.0000,3997.8000,3998.0000,3998.2000,1,1,1,5,9,1,2,2,5,1
SF,IF2012,2020-06-22 09:31:03.400,3991.6000,12936,0,336884400.000,1,0,1,多换,S,3993.4000,3991.6000,3991.4000,3991.2000,3990.8000,3993.6000,3994.0000,3997.8000,3998.0000,3998.2000,2,1,1,1,5,1,2,2,5,1
SF,IF2012,2020-06-22 09:31:03.900,3993.4000,12936,0,339280440.000,2,1,1,多换,S,3991.6000,3991.4000,3991.2000,3990.8000,3990.4000,3993.4000,3994.0000,3997.8000,3998.0000,3998.2000,1,1,1,5,9,1,2,2,5,1
SF,IF2012,2020-06-22 09:31:04.400,3991.6000,12936,0,340477920.000,1,0,1,多换,S,3991.4000,3991.2000,3990.4000,3990.0000,3989.4000,3993.4000,3994.0000,3997.8000,3998.0000,3998.2000,1,1,9,6,1,1,2,2,5,1
SF,IF2012,2020-06-22 09:31:04.900,3991.6000,12936,0,341675400.000,1,0,1,多换,S,3991.4000,3991.2000,3990.4000,3990.0000,3989.4000,3993.2000,3993.4000,3994.0000,3997.8000,3998.0000,1,1,9,6,1,1,1,2,2,5
SF,IF2012,2020-06-22 09:31:05.400,3993.2000,12935,-1,342873360.000,1,0,1,双平,S,3991.6000,3991.4000,3991.2000,3990.4000,3990.0000,3993.2000,3993.4000,3994.0000,3997.8000,3998.0000,2,1,1,9,6,1,1,2,2,5
SF,IF2012,2020-06-22 09:31:05.900,3993.2000,12935,0,342873360.000,0,-,-,-,-,3991.6000,3991.4000,3991.2000,3990.4000,3990.0000,3993.2000,3993.4000,3994.0000,3997.8000,3998.0000,2,1,1,9,6,1,1,2,2,5
SF,IF2012,2020-06-22 09:31:06.400,3993.2000,12934,-1,344071320.000,1,0,1,双平,S,3991.6000,3991.4000,3991.2000,3990.4000,3990.0000,3993.0000,3993.4000,3994.0000,3997.8000,3998.0000,1,1,1,9,6,1,1,2,2,5
SF,IF2012,2020-06-22 09:31:06.900,3993.4000,12933,-1,346467240.000,2,0,2,多平,S,3991.8000,3991.6000,3991.4000,3991.2000,3990.4000,3994.0000,3997.8000,3998.0000,3998.2000,3998.4000,1,1,1,1,9,2,2,5,1,1
SF,IF2012,2020-06-22 09:31:07.400,3991.6000,12934,1,351257820.000,4,2,2,空开,S,3993.0000,3991.2000,3990.4000,3990.0000,3989.4000,3993.8000,3994.0000,3997.8000,3998.0000,3998.2000,8,1,9,6,1,2,2,2,5,1
SF,IF2012,2020-06-22 09:31:07.900,3993.0000,12935,1,352455720.000,1,1,0,双开,S,3993.0000,3991.2000,3990.4000,3990.0000,3989.4000,3993.8000,3994.0000,3997.8000,3998.0000,3998.2000,18,1,9,6,1,1,2,2,5,1
SF,IF2012,2020-06-22 09:31:08.400,3993.8000,12934,-1,353653860.000,1,0,1,双平,S,3993.0000,3992.0000,3991.2000,3990.4000,3990.0000,3994.0000,3997.8000,3998.0000,3998.2000,3998.4000,18,1,1,9,6,2,2,5,1,1
SF,IF2012,2020-06-22 09:31:08.900,3993.0000,12933,-1,357248160.000,3,1,2,多平,S,3993.0000,3992.0000,3991.2000,3990.4000,3990.0000,3998.0000,3998.4000,3999.0000,4004.0000,4005.0000,17,1,1,9,6,5,1,1,2,1
SF,IF2012,2020-06-22 09:31:09.400,3993.0000,12933,0,357248160.000,0,-,-,-,-,3993.2000,3993.0000,3992.0000,3991.2000,3990.4000,3997.8000,3998.0000,3998.4000,3999.0000,4004.0000,2,17,1,1,9,4,5,1,1,2
SF,IF2012,2020-06-22 09:31:09.900,3993.0000,12933,0,357248160.000,0,-,-,-,-,3993.2000,3993.0000,3991.2000,3990.4000,3990.0000,3996.4000,3997.8000,3998.0000,3998.4000,3999.0000,3,17,1,9,6,2,4,5,1,1
SF,IF2012,2020-06-22 09:31:10.400,3993.0000,12933,0,357248160.000,0,-,-,-,-,3993.6000,3993.2000,3993.0000,3991.2000,3990.4000,3995.8000,3996.2000,3997.2000,3997.8000,3998.0000,1,2,17,1,9,3,2,2,2,5
SF,IF2012,2020-06-22 09:31:10.900,3993.2000,12933,0,358446120.000,1,0,1,多换,S,3993.2000,3993.0000,3991.2000,3990.4000,3990.0000,3995.6000,3995.8000,3997.2000,3998.0000,3998.4000,2,17,1,9,6,2,3,2,5,1
SF,IF2012,2020-06-22 09:31:11.400,3993.2000,12933,0,358446120.000,0,-,-,-,-,3993.8000,3993.4000,3993.2000,3993.0000,3991.2000,3995.2000,3995.6000,3995.8000,3997.2000,3997.6000,1,2,2,17,1,2,2,3,2,1
SF,IF2012,2020-06-22 09:31:11.900,3995.2000,12931,-2,362041260.000,3,0,3,多平,S,3993.4000,3993.2000,3993.0000,3991.2000,3990.4000,3995.6000,3995.8000,3997.2000,3997.6000,3998.0000,1,2,17,1,9,2,3,2,1,5
SF,IF2012,2020-06-22 09:31:12.400,3995.8000,12931,0,369233580.000,6,3,3,多换,S,3995.8000,3995.6000,3993.6000,3993.4000,3993.2000,3997.2000,3998.0000,3998.4000,3999.0000,4000.0000,4,1,2,1,1,2,5,1,1,1
SF,IF2012,2020-06-22 09:31:12.900,3995.6000,12931,0,375227220.000,5,2,3,多换,S,3993.6000,3993.0000,3991.6000,3991.2000,3990.4000,3995.4000,3997.2000,3998.0000,3998.4000,3999.0000,1,17,1,1,9,1,2,5,1,1
SF,IF2012,2020-06-22 09:31:13.400,3995.6000,12931,0,375227220.000,0,-,-,-,-,3993.8000,3993.6000,3993.0000,3991.6000,3991.2000,3995.4000,3997.2000,3998.0000,3998.4000,3999.0000,2,2,17,1,1,1,2,5,1,1
SF,IF2012,2020-06-22 09:31:13.900,3995.4000,12931,0,376425840.000,1,0,1,多换,S,3993.8000,3993.6000,3993.0000,3991.6000,3991.2000,3997.2000,3998.0000,3999.0000,4000.0000,4004.0000,2,3,17,1,1,2,5,1,1,2
SF,IF2012,2020-06-22 09:31:14.400,3995.4000,12931,0,376425840.000,0,-,-,-,-,3995.6000,3995.0000,3994.0000,3993.8000,3993.6000,3997.0000,3997.2000,3998.0000,3999.0000,4000.0000,1,1,1,1,2,1,2,5,1,1
SF,IF2012,2020-06-22 09:31:14.900,3995.4000,12931,0,376425840.000,0,-,-,-,-,3995.6000,3995.0000,3994.0000,3993.8000,3993.6000,3997.0000,3997.2000,3998.0000,3999.0000,4000.0000,1,1,1,1,1,1,2,5,1,1
SF,IF2012,2020-06-22 09:31:15.400,3995.4000,12933,2,378823080.000,2,2,0,双开,S,3995.0000,3994.0000,3993.8000,3993.6000,3993.0000,3997.0000,3998.0000,3999.0000,4000.0000,4002.4000,1,1,1,1,17,1,5,1,1,1
SF,IF2012,2020-06-22 09:31:15.900,3995.4000,12933,0,378823080.000,0,-,-,-,-,3995.2000,3995.0000,3993.8000,3993.6000,3993.4000,3997.0000,3998.0000,3999.0000,4000.0000,4002.4000,1,1,1,1,1,1,5,1,1,1
SF,IF2012,2020-06-22 09:31:16.400,3995.2000,12933,0,380021640.000,1,0,1,多换,S,3995.0000,3993.8000,3993.6000,3993.4000,3993.0000,3996.8000,3997.0000,3998.0000,3999.0000,4000.0000,1,1,1,1,17,1,1,5,1,1
SF,IF2012,2020-06-22 09:31:17.900,3995.2000,12933,0,380021640.000,0,-,-,-,-,3995.2000,3995.0000,3993.8000,3993.6000,3993.4000,3996.8000,3997.0000,3998.0000,3999.0000,4000.0000,5,1,1,1,1,1,1,5,1,1
SF,IF2012,2020-06-22 09:31:18.400,3995.2000,12933,0,380021640.000,0,-,-,-,-,3995.2000,3995.0000,3993.8000,3993.6000,3993.4000,3996.6000,3996.8000,3997.0000,3998.0000,3999.0000,5,1,1,1,1,1,1,1,5,1
SF,IF2012,2020-06-22 09:31:18.900,3995.2000,12933,0,380021640.000,0,-,-,-,-,3995.2000,3995.0000,3993.8000,3993.4000,3993.0000,3996.6000,3996.8000,3997.0000,3998.0000,3999.0000,5,1,1,1,7,1,1,1,5,1
SF,IF2012,2020-06-22 09:31:19.400,3995.2000,12934,1,381220200.000,1,1,0,双开,S,3995.2000,3995.0000,3993.8000,3993.4000,3993.0000,3996.2000,3996.6000,3996.8000,3997.0000,3998.0000,4,1,1,1,7,2,1,1,1,5
SF,IF2012,2020-06-22 09:31:19.900,3995.2000,12934,0,381220200.000,0,-,-,-,-,3995.4000,3995.2000,3995.0000,3993.8000,3993.4000,3996.6000,3996.8000,3997.0000,3998.0000,3999.0000,1,4,1,1,1,1,1,1,5,1
SF,IF2012,2020-06-22 09:31:20.400,3995.2000,12934,0,382418760.000,1,0,1,多换,S,3995.2000,3995.0000,3993.8000,3993.4000,3993.0000,3996.4000,3996.6000,3996.8000,3998.0000,3999.0000,4,1,1,1,7,2,1,1,5,1
SF,IF2012,2020-06-22 09:31:20.900,3995.2000,12934,0,382418760.000,0,-,-,-,-,3995.2000,3995.0000,3993.8000,3993.4000,3993.0000,3996.4000,3996.6000,3996.8000,3997.0000,3998.0000,4,1,1,1,7,1,1,1,1,5
SF,IF2012,2020-06-22 09:31:21.400,3995.2000,12935,1,383617320.000,1,1,0,双开,S,3995.2000,3995.0000,3993.8000,3993.4000,3993.0000,3996.0000,3996.4000,3996.6000,3996.8000,3997.0000,3,1,1,1,7,2,1,1,1,1
SF,IF2012,2020-06-22 09:31:21.900,3995.0000,12935,0,388411500.000,4,2,2,多换,S,3995.4000,3995.0000,3993.8000,3993.4000,3993.0000,3995.6000,3995.8000,3996.0000,3996.4000,3996.6000,1,1,1,1,7,1,2,2,1,1
SF,IF2012,2020-06-22 09:31:22.400,3995.0000,12935,0,390808620.000,2,1,1,多换,S,3993.4000,3993.0000,3991.2000,3990.4000,3990.0000,3995.0000,3995.2000,3995.6000,3995.8000,3996.0000,1,7,1,1,6,1,1,1,2,2
SF,IF2012,2020-06-22 09:31:22.900,3995.2000,12935,0,394404180.000,3,1,2,多换,S,3993.4000,3993.0000,3991.2000,3990.4000,3990.0000,3995.2000,3995.6000,3995.8000,3996.0000,3996.4000,1,7,1,1,6,1,1,2,2,1
SF,IF2012,2020-06-22 09:31:23.400,3995.2000,12935,0,395602740.000,1,0,1,多换,S,3993.4000,3993.0000,3991.2000,3990.4000,3990.0000,3995.0000,3995.2000,3995.6000,3995.8000,3996.0000,1,7,1,1,6,2,1,1,2,2
SF,IF2012,2020-06-22 09:31:23.900,3995.2000,12935,0,395602740.000,0,-,-,-,-,3993.6000,3993.4000,3993.0000,3991.2000,3990.4000,3994.6000,3995.0000,3995.2000,3995.6000,3995.8000,1,1,7,1,1,1,2,1,1,2
SF,IF2012,2020-06-22 09:31:24.400,3995.0000,12936,1,396801240.000,1,1,0,双开,S,3993.6000,3993.4000,3993.0000,3991.2000,3990.4000,3995.0000,3995.2000,3995.6000,3995.8000,3996.0000,1,1,7,1,1,3,1,1,2,2
SF,IF2012,2020-06-22 09:31:24.900,3995.8000,12937,1,402794460.000,5,3,2,空开,S,3993.6000,3993.4000,3993.0000,3991.2000,3990.4000,3996.4000,3996.6000,3996.8000,3997.0000,3998.0000,1,1,7,1,1,1,1,1,1,5
SF,IF2012,2020-06-22 09:31:25.400,3995.8000,12937,0,402794460.000,0,-,-,-,-,3993.6000,3993.4000,3993.0000,3991.2000,3990.4000,3996.2000,3996.4000,3996.6000,3996.8000,3997.0000,1,1,7,1,1,3,1,1,1,1
SF,IF2012,2020-06-22 09:31:25.900,3993.6000,12938,1,409986840.000,6,3,3,空开,S,3993.4000,3993.0000,3991.2000,3990.4000,3990.0000,3993.6000,3993.8000,3995.0000,3996.6000,3997.0000,1,7,1,1,6,1,1,1,1,1
SF,IF2012,2020-06-22 09:31:26.400,3993.8000,12938,0,412383060.000,2,1,1,多换,S,3993.4000,3993.0000,3991.2000,3990.4000,3990.0000,3995.0000,3996.6000,3997.0000,3998.0000,3999.0000,1,7,1,1,6,1,1,1,5,1
SF,IF2012,2020-06-22 09:31:26.900,3997.0000,12939,1,418377840.000,5,3,2,空开,S,3993.6000,3993.4000,3993.0000,3991.2000,3990.4000,3998.0000,3999.0000,3999.8000,4000.0000,4000.8000,1,1,7,1,1,5,1,3,1,1
SF,IF2012,2020-06-22 09:31:27.400,3997.8000,12940,1,423175200.000,4,2,2,空开,S,3997.8000,3993.8000,3993.4000,3993.0000,3991.2000,3998.0000,3999.0000,3999.8000,4000.0000,4000.8000,1,1,1,7,1,5,1,3,1,1
SF,IF2012,2020-06-22 09:31:27.900,3997.8000,12942,2,429171900.000,5,3,2,空开,S,3997.8000,3994.2000,3993.8000,3993.4000,3993.0000,3998.0000,3999.0000,3999.8000,4000.0000,4002.4000,1,1,1,1,7,5,1,3,1,1
SF,IF2012,2020-06-22 09:31:28.400,3997.8000,12942,0,430371240.000,1,0,1,多换,S,3995.0000,3994.2000,3993.8000,3993.4000,3993.0000,3997.0000,3997.2000,3997.4000,3997.8000,3998.0000,1,1,1,2,7,1,2,1,1,5
SF,IF2012,2020-06-22 09:31:28.900,3995.0000,12941,-1,432768300.000,2,0,2,多平,S,3994.2000,3993.4000,3993.0000,3991.2000,3990.4000,3994.6000,3995.2000,3996.8000,3997.0000,3997.2000,1,2,7,1,1,1,1,2,1,2
SF,IF2012,2020-06-22 09:31:29.400,3994.4000,12941,0,435165000.000,2,1,1,多换,S,3993.4000,3993.0000,3991.2000,3990.4000,3990.0000,3995.2000,3996.8000,3997.0000,3997.2000,3997.4000,2,7,1,1,6,1,2,1,2,1
SF,IF2012,2020-06-22 09:31:29.900,3994.4000,12941,0,435165000.000,0,-,-,-,-,3993.6000,3993.4000,3993.0000,3991.2000,3990.4000,3995.2000,3996.8000,3997.0000,3997.2000,3997.4000,1,2,7,1,1,1,1,2,2,1
SF,IF2012,2020-06-22 09:31:30.400,3994.4000,12941,0,435165000.000,0,-,-,-,-,3993.6000,3993.4000,3993.0000,3991.2000,3990.4000,3995.2000,3996.8000,3997.0000,3997.4000,3997.8000,1,2,7,1,1,1,2,2,2,1
SF,IF2012,2020-06-22 09:31:30.900,3994.4000,12941,0,435165000.000,0,-,-,-,-,3993.6000,3993.4000,3993.0000,3991.2000,3990.4000,3995.2000,3996.8000,3997.0000,3997.4000,3997.8000,1,2,7,1,1,1,2,2,3,1
SF,IF2012,2020-06-22 09:31:31.400,3997.0000,12943,2,441159840.000,5,3,2,空开,S,3993.6000,3993.4000,3993.0000,3991.2000,3990.4000,3997.4000,3997.8000,3998.0000,3999.0000,3999.8000,1,2,7,1,1,3,2,5,1,3
SF,IF2012,2020-06-22 09:31:31.900,3993.8000,12943,0,442357980.000,1,0,1,多换,S,3993.6000,3993.4000,3993.0000,3991.2000,3990.4000,3996.4000,3997.0000,3997.2000,3997.4000,3997.8000,1,2,7,1,1,1,1,3,2,2
SF,IF2012,2020-06-22 09:31:32.400,3993.8000,12942,-1,444754200.000,2,0,2,多平,S,3993.4000,3993.0000,3991.2000,3990.4000,3990.0000,3996.2000,3996.4000,3997.0000,3997.4000,3997.8000,2,7,1,1,6,2,1,1,1,1
SF,IF2012,2020-06-22 09:31:32.900,3993.8000,12942,0,444754200.000,0,-,-,-,-,3993.6000,3993.4000,3993.0000,3991.2000,3990.4000,3996.0000,3996.2000,3996.4000,3997.0000,3997.4000,1,2,7,1,1,1,2,1,2,1
SF,IF2012,2020-06-22 09:31:33.400,3993.8000,12942,0,444754200.000,0,-,-,-,-,3993.6000,3993.4000,3993.0000,3991.2000,3990.4000,3995.8000,3996.0000,3996.4000,3996.8000,3997.0000,1,2,7,1,1,2,1,1,1,3
SF,IF2012,2020-06-22 09:31:33.900,3996.8000,12943,1,450748680.000,5,3,2,空开,S,3993.8000,3993.6000,3993.4000,3993.0000,3991.2000,3997.0000,3997.2000,3997.4000,3997.8000,3998.0000,1,1,2,7,1,1,1,1,1,5
SF,IF2012,2020-06-22 09:31:34.400,3994.0000,12942,-1,451946880.000,1,0,1,双平,S,3993.8000,3993.4000,3993.0000,3991.2000,3990.4000,3996.8000,3997.2000,3997.6000,3997.8000,3998.0000,1,2,8,1,1,1,1,1,1,5
SF,IF2012,2020-06-22 09:31:34.900,3994.0000,12942,0,451946880.000,0,-,-,-,-,3994.4000,3994.0000,3993.8000,3993.4000,3993.0000,3996.8000,3997.2000,3997.6000,3997.8000,3998.0000,1,1,1,2,8,1,1,1,1,5
SF,IF2012,2020-06-22 09:31:35.400,3994.0000,12942,0,451946880.000,0,-,-,-,-,3994.6000,3994.4000,3994.2000,3993.4000,3993.0000,3996.6000,3996.8000,3997.2000,3997.6000,3997.8000,2,1,1,2,8,1,1,1,1,1
SF,IF2012,2020-06-22 09:31:35.900,3994.8000,12942,0,460338420.000,7,3,4,多换,S,3994.6000,3993.4000,3993.0000,3991.2000,3990.4000,3996.4000,3997.2000,3997.6000,3997.8000,3998.0000,1,2,8,1,1,1,1,1,1,5
SF,IF2012,2020-06-22 09:31:36.400,3994.6000,12939,-3,463933680.000,3,0,3,双平,S,3993.4000,3993.0000,3991.2000,3990.4000,3990.0000,3993.8000,3994.0000,3994.2000,3996.4000,3997.8000,2,8,1,1,6,1,2,1,2,1
SF,IF2012,2020-06-22 09:31:36.900,3994.2000,12935,-4,468726480.000,4,0,4,双平,S,3995.0000,3994.6000,3993.4000,3993.0000,3991.2000,3996.4000,3997.8000,3998.0000,3999.0000,3999.8000,1,1,2,8,1,2,3,5,1,3
SF,IF2012,2020-06-22 09:31:37.400,3997.4000,12938,3,477118260.000,7,5,2,空开,S,3993.4000,3993.0000,3991.2000,3990.4000,3990.0000,3997.8000,3998.0000,3999.0000,3999.8000,4000.0000,2,8,1,1,6,1,5,1,3,1
SF,IF2012,2020-06-22 09:31:37.900,3993.6000,12938,0,478316340.000,1,0,1,多换,S,3993.6000,3993.4000,3993.0000,3991.2000,3990.4000,3994.6000,3997.6000,3997.8000,3998.0000,3999.0000,1,2,8,1,1,1,1,3,5,1
SF,IF2012,2020-06-22 09:31:38.400,3994.6000,12937,-1,480713100.000,2,0,2,多平,S,3995.2000,3994.0000,3993.8000,3993.4000,3993.0000,3997.6000,3997.8000,3998.0000,3999.0000,3999.8000,1,1,1,2,8,1,2,5,1,3
SF,IF2012,2020-06-22 09:31:38.900,3995.0000,12937,0,483110100.000,2,1,1,多换,S,3994.0000,3993.4000,3993.0000,3991.2000,3990.4000,3994.8000,3995.0000,3997.4000,3997.6000,3997.8000,1,2,8,1,1,1,3,4,1,2
SF,IF2012,2020-06-22 09:31:39.400,3997.4000,12941,4,491501640.000,7,5,2,空开,S,3994.4000,3994.2000,3994.0000,3993.4000,3993.0000,3997.2000,3997.4000,3997.6000,3997.8000,3998.0000,1,1,1,2,8,1,3,1,2,5
SF,IF2012,2020-06-22 09:31:39.900,3997.4000,12938,-3,496298520.000,4,0,4,多平,S,3994.6000,3994.4000,3994.0000,3993.4000,3993.0000,3997.4000,3997.8000,3998.0000,3999.0000,3999.6000,2,1,1,2,8,2,2,5,1,1
SF,IF2012,2020-06-22 09:31:40.400,3997.4000,12938,0,496298520.000,0,-,-,-,-,3995.8000,3995.6000,3995.2000,3994.6000,3994.0000,3997.2000,3997.4000,3997.8000,3998.0000,3999.0000,1,1,1,2,1,1,2,2,5,1
SF,IF2012,2020-06-22 09:31:40.900,3996.0000,12937,-1,497497320.000,1,0,1,双平,S,3995.8000,3995.6000,3995.4000,3995.2000,3995.0000,3997.0000,3997.8000,3998.0000,3999.0000,3999.6000,1,1,1,1,1,1,2,5,1,1
SF,IF2012,2020-06-22 09:31:41.400,3996.0000,12937,0,497497320.000,0,-,-,-,-,3996.0000,3995.8000,3995.6000,3995.2000,3995.0000,3997.0000,3997.8000,3998.0000,3999.0000,3999.6000,1,1,1,1,2,1,3,5,1,1
SF,IF2012,2020-06-22 09:31:41.900,3996.0000,12936,-1,498696120.000,1,0,1,双平,S,3996.0000,3995.8000,3995.6000,3995.2000,3995.0000,3997.0000,3997.2000,3997.8000,3998.0000,3999.0000,1,1,1,1,2,1,1,3,5,1
SF,IF2012,2020-06-22 09:31:42.400,3997.8000,12937,1,504692400.000,5,3,2,空开,S,3996.2000,3996.0000,3995.8000,3995.6000,3995.2000,3998.0000,3999.0000,3999.6000,3999.8000,4000.0000,1,1,1,1,1,5,1,1,3,1
SF,IF2012,2020-06-22 09:31:42.900,3996.2000,12937,0,505891260.000,1,0,1,多换,S,3996.6000,3995.8000,3995.6000,3995.0000,3994.6000,3997.8000,3998.0000,3998.4000,3999.0000,3999.6000,1,1,1,2,1,1,5,2,1,1
SF,IF2012,2020-06-22 09:31:43.400,3996.6000,12936,-1,507090240.000,1,0,1,双平,S,3996.4000,3995.6000,3995.2000,3995.0000,3994.6000,3998.0000,3999.0000,3999.6000,3999.8000,4000.0000,1,1,1,2,1,5,1,1,3,1
SF,IF2012,2020-06-22 09:31:43.900,3996.6000,12936,0,507090240.000,0,-,-,-,-,3996.6000,3995.6000,3995.2000,3995.0000,3994.6000,3998.0000,3999.0000,3999.6000,3999.8000,4000.0000,1,1,1,2,1,5,1,1,3,1
SF,IF2012,2020-06-22 09:31:44.400,3998.0000,12936,0,509489040.000,2,1,1,多换,S,3996.6000,3995.6000,3995.2000,3995.0000,3994.6000,3998.0000,3999.0000,3999.6000,3999.8000,4000.0000,1,1,1,1,1,3,1,1,3,1
SF,IF2012,2020-06-22 09:31:44.900,3998.0000,12936,0,509489040.000,0,-,-,-,-,3996.6000,3995.6000,3995.2000,3995.0000,3994.6000,3998.0000,3999.0000,3999.6000,3999.8000,4000.0000,1,1,1,1,1,3,1,1,3,1
SF,IF2012,2020-06-22 09:31:45.400,3997.8000,12937,1,511887780.000,2,1,1,空开,S,3997.8000,3996.6000,3995.6000,3995.2000,3995.0000,3998.0000,3999.0000,3999.8000,4000.0000,4000.2000,4,1,1,1,1,2,1,3,1,3
SF,IF2012,2020-06-22 09:31:45.900,3997.8000,12938,1,517884540.000,5,3,2,空开,S,3996.6000,3995.6000,3995.2000,3995.0000,3994.6000,3998.0000,3999.0000,3999.8000,4000.0000,4000.2000,1,1,1,1,1,1,1,3,1,3
SF,IF2012,2020-06-22 09:31:46.400,3996.6000,12937,-1,521481900.000,3,1,2,多平,S,3997.8000,3996.4000,3995.6000,3995.2000,3995.0000,3999.0000,3999.8000,4000.0000,4000.2000,4004.0000,3,1,1,1,1,1,3,1,3,2
SF,IF2012,2020-06-22 09:31:46.900,3998.8000,12936,-1,525080220.000,3,1,2,多平,S,3997.8000,3996.8000,3996.4000,3995.6000,3995.2000,3999.0000,3999.8000,4000.0000,4000.2000,4004.0000,1,1,1,1,1,1,3,1,1,2
SF,IF2012,2020-06-22 09:31:47.400,3997.8000,12935,-1,526279560.000,1,0,1,双平,S,3998.0000,3996.8000,3996.6000,3996.4000,3995.6000,3999.0000,3999.8000,4000.0000,4000.2000,4004.0000,1,1,1,1,1,1,3,1,1,2
SF,IF2012,2020-06-22 09:31:47.900,3998.0000,12937,2,528678660.000,2,2,0,双开,S,3998.0000,3996.8000,3996.6000,3996.4000,3995.6000,3999.8000,4000.0000,4004.0000,4004.2000,4006.6000,1,1,1,1,1,3,1,2,1,2
SF,IF2012,2020-06-22 09:31:48.400,3998.0000,12937,0,528678660.000,0,-,-,-,-,3998.0000,3996.6000,3996.0000,3995.6000,3995.2000,3999.6000,3999.8000,4000.0000,4004.0000,4004.2000,1,1,1,1,1,1,3,1,2,1
SF,IF2012,2020-06-22 09:31:48.900,3998.0000,12938,1,529878060.000,1,1,0,双开,S,3996.8000,3996.6000,3996.0000,3995.6000,3995.2000,3999.6000,3999.8000,4000.0000,4004.0000,4004.2000,1,1,1,1,1,1,3,1,2,1
SF,IF2012,2020-06-22 09:31:49.400,3998.0000,12938,0,529878060.000,0,-,-,-,-,3997.0000,3996.8000,3996.6000,3996.0000,3995.6000,3999.4000,3999.6000,3999.8000,4000.0000,4004.0000,2,1,1,1,1,1,1,3,1,2
SF,IF2012,2020-06-22 09:31:49.900,3998.0000,12938,0,529878060.000,0,-,-,-,-,3997.4000,3997.0000,3996.8000,3996.6000,3996.0000,3999.2000,3999.4000,3999.8000,4000.0000,4001.8000,1,2,1,1,1,1,1,3,1,2
SF,IF2012,2020-06-22 09:31:50.400,3998.0000,12939,1,532276860.000,2,1,1,空开,S,3999.0000,3997.4000,3997.0000,3996.8000,3996.6000,3999.2000,3999.4000,3999.8000,4000.0000,4001.8000,1,1,2,1,1,1,1,3,1,2
SF,IF2012,2020-06-22 09:31:50.900,3999.0000,12939,0,533476560.000,1,0,1,多换,S,3997.0000,3996.8000,3996.6000,3996.0000,3995.6000,3999.2000,3999.4000,3999.8000,4000.0000,4001.8000,2,1,1,7,1,1,1,3,1,2
SF,IF2012,2020-06-22 09:31:51.400,3997.2000,12938,-1,535874880.000,2,0,2,多平,S,3997.0000,3996.8000,3996.6000,3996.0000,3995.6000,3999.2000,3999.4000,3999.8000,4000.0000,4001.8000,2,1,1,7,1,1,1,3,1,2
SF,IF2012,2020-06-22 09:31:51.900,3997.2000,12938,0,535874880.000,0,-,-,-,-,3997.0000,3996.8000,3996.6000,3996.0000,3995.6000,3999.4000,3999.8000,4000.0000,4001.8000,4004.0000,2,1,1,7,1,1,3,1,2,2
SF,IF2012,2020-06-22 09:31:52.400,3997.2000,12938,0,535874880.000,0,-,-,-,-,3998.6000,3997.0000,3996.8000,3996.6000,3996.4000,3999.2000,3999.4000,3999.6000,3999.8000,4000.0000,1,2,1,1,1,1,1,1,3,1
SF,IF2012,2020-06-22 09:31:52.900,3997.2000,12938,0,537074040.000,1,0,1,多换,S,3997.0000,3996.8000,3996.4000,3996.0000,3995.6000,3999.2000,3999.4000,3999.6000,3999.8000,4000.0000,2,1,1,7,1,1,1,1,3,1
SF,IF2012,2020-06-22 09:31:53.400,3997.2000,12938,0,537074040.000,0,-,-,-,-,3997.0000,3996.8000,3996.4000,3996.0000,3995.6000,3999.2000,3999.4000,3999.6000,3999.8000,4000.0000,2,1,1,7,1,1,1,1,3,1
SF,IF2012,2020-06-22 09:31:53.900,3997.2000,12938,0,537074040.000,0,-,-,-,-,3997.0000,3996.4000,3996.0000,3995.6000,3995.2000,3999.4000,3999.6000,3999.8000,4000.0000,4001.8000,2,1,7,1,1,1,1,3,1,2
SF,IF2012,2020-06-22 09:31:54.900,3997.2000,12938,0,537074040.000,0,-,-,-,-,3997.0000,3996.4000,3996.0000,3995.6000,3995.2000,3999.4000,3999.6000,3999.8000,4000.0000,4001.8000,2,1,7,1,1,1,1,3,1,2
SF,IF2012,2020-06-22 09:31:55.400,3997.2000,12938,0,537074040.000,0,-,-,-,-,3997.2000,3997.0000,3996.4000,3996.0000,3995.6000,3999.4000,3999.6000,3999.8000,4000.0000,4001.8000,1,2,1,7,1,1,1,3,1,2
SF,IF2012,2020-06-22 09:31:55.900,3997.2000,12938,0,537074040.000,0,-,-,-,-,3997.4000,3997.2000,3996.4000,3996.0000,3995.6000,3999.4000,3999.6000,3999.8000,4000.0000,4001.8000,2,1,1,7,1,1,1,3,1,2
SF,IF2012,2020-06-22 09:31:56.400,3997.4000,12937,-1,539473020.000,2,0,2,多平,S,3997.4000,3997.2000,3996.4000,3996.0000,3995.6000,3999.0000,3999.2000,3999.4000,3999.6000,3999.8000,1,1,1,7,1,1,1,1,1,3
SF,IF2012,2020-06-22 09:31:56.900,3997.4000,12937,0,539473020.000,0,-,-,-,-,3997.4000,3997.2000,3996.4000,3996.0000,3995.6000,3999.0000,3999.2000,3999.4000,3999.6000,3999.8000,1,1,1,7,1,1,1,1,1,3
SF,IF2012,2020-06-22 09:31:57.400,3997.4000,12936,-1,540672240.000,1,0,1,双平,S,3997.2000,3996.4000,3996.0000,3995.6000,3995.0000,3999.0000,3999.2000,3999.4000,3999.6000,3999.8000,1,1,9,1,1,1,1,1,1,4
SF,IF2012,2020-06-22 09:31:57.900,3999.8000,12936,0,546671340.000,5,2,3,多换,S,3997.4000,3997.2000,3996.4000,3996.0000,3995.6000,3998.8000,3999.8000,4000.0000,4001.8000,4004.0000,1,1,1,9,1,1,3,2,2,2
SF,IF2012,2020-06-22 09:31:58.400,3999.8000,12936,0,546671340.000,0,-,-,-,-,3997.6000,3997.2000,3996.4000,3996.0000,3995.6000,3998.8000,3999.8000,4000.0000,4001.8000,4004.0000,1,1,1,9,1,1,3,2,2,2
SF,IF2012,2020-06-22 09:31:58.900,3999.8000,12936,0,546671340.000,0,-,-,-,-,3997.6000,3997.2000,3996.4000,3996.0000,3995.6000,3998.0000,3998.8000,3999.8000,4000.0000,4004.0000,1,1,1,9,1,2,1,3,2,2
SF,IF2012,2020-06-22 09:31:59.400,3997.6000,12935,-1,547870620.000,1,0,1,双平,S,3997.2000,3996.4000,3996.0000,3995.6000,3995.0000,3998.0000,3998.8000,3999.8000,4000.0000,4004.0000,1,1,9,1,1,2,1,4,2,2
SF,IF2012,2020-06-22 09:31:59.900,3999.8000,12937,2,553868940.000,5,3,2,空开,S,3998.0000,3996.4000,3996.0000,3995.6000,3995.0000,3999.8000,4000.0000,4004.0000,4004.2000,4006.6000,2,1,9,1,1,2,2,2,1,2
SF,IF2012,2020-06-22 09:32:00.400,3998.0000,12938,1,556267740.000,2,1,1,空开,S,3996.4000,3996.0000,3995.6000,3995.0000,3994.0000,3997.6000,3999.4000,3999.6000,3999.8000,4000.0000,1,9,1,1,1,1,1,2,2,2
SF,IF2012,2020-06-22 09:32:00.900,3998.0000,12941,3,564666180.000,7,5,2,空开,S,3998.0000,3997.6000,3996.6000,3996.4000,3996.0000,4004.0000,4004.2000,4006.6000,4008.0000,4009.2000,1,1,2,1,9,2,1,2,1,1
SF,IF2012,2020-06-22 09:32:01.400,3998.0000,12940,-1,565865580.000,1,0,1,双平,S,3998.0000,3997.6000,3996.8000,3996.6000,3996.0000,3999.0000,4000.6000,4003.8000,4004.0000,4004.2000,1,1,1,1,9,1,1,5,2,1
SF,IF2012,2020-06-22 09:32:01.900,3999.0000,12940,0,568264680.000,2,1,1,多换,S,3998.6000,3998.2000,3997.6000,3996.8000,3996.0000,4000.6000,4003.8000,4004.0000,4004.2000,4006.6000,1,1,2,1,9,1,5,2,1,2
SF,IF2012,2020-06-22 09:32:02.400,3999.0000,12940,0,568264680.000,0,-,-,-,-,3998.6000,3997.6000,3996.8000,3996.0000,3995.6000,3999.0000,4000.4000,4002.4000,4002.8000,4003.4000,1,1,1,9,1,1,3,1,1,1
SF,IF2012,2020-06-22 09:32:02.900,3998.6000,12940,0,569464260.000,1,0,1,多换,S,3998.4000,3997.6000,3996.8000,3996.0000,3995.6000,3999.0000,4000.4000,4002.4000,4002.8000,4003.4000,1,1,1,9,1,1,2,1,1,1
SF,IF2012,2020-06-22 09:32:03.400,3999.0000,12941,1,573063180.000,3,2,1,空开,S,4000.2000,3997.6000,3996.8000,3996.0000,3995.6000,4000.4000,4002.4000,4002.8000,4003.4000,4003.8000,3,1,1,9,1,2,1,1,1,3
SF,IF2012,2020-06-22 09:32:03.900,4000.2000,12941,0,576663000.000,3,1,2,多换,S,3999.0000,3997.6000,3996.8000,3996.0000,3995.6000,3999.8000,4000.2000,4002.4000,4002.8000,4003.4000,4,1,3,9,1,1,1,1,1,2
SF,IF2012,2020-06-22 09:32:04.400,3999.0000,12942,1,581462040.000,4,2,2,空开,S,3999.0000,3997.6000,3996.8000,3996.0000,3995.6000,4000.0000,4000.2000,4002.4000,4002.8000,4003.4000,2,1,5,9,1,2,1,1,1,2
SF,IF2012,2020-06-22 09:32:04.900,4000.2000,12945,3,586261800.000,4,3,1,空开,S,4000.2000,3999.0000,3996.8000,3996.0000,3995.6000,4002.0000,4002.4000,4002.8000,4003.4000,4003.8000,2,2,7,9,1,2,1,1,2,3
SF,IF2012,2020-06-22 09:32:05.400,4000.2000,12945,0,586261800.000,0,-,-,-,-,4000.2000,3999.0000,3996.8000,3996.0000,3995.6000,4001.6000,4001.8000,4002.0000,4002.4000,4002.8000,2,2,7,9,1,1,1,2,1,1
SF,IF2012,2020-06-22 09:32:05.900,4001.2000,12946,1,588662220.000,2,1,1,空开,S,4000.2000,3999.0000,3996.8000,3996.0000,3995.6000,4001.4000,4002.0000,4002.8000,4003.4000,4003.8000,6,2,7,9,1,1,2,1,1,3
SF,IF2012,2020-06-22 09:32:06.400,4000.2000,12946,0,591062340.000,2,1,1,多换,S,4000.2000,3999.0000,3996.8000,3996.0000,3995.6000,4001.4000,4002.4000,4002.8000,4003.4000,4003.8000,4,4,7,9,1,1,1,1,3,4
SF,IF2012,2020-06-22 09:32:06.900,4001.4000,12947,1,594663120.000,3,2,1,空开,S,4001.4000,4000.2000,3999.0000,3996.8000,3996.0000,4002.8000,4003.4000,4003.8000,4004.0000,4005.2000,3,8,4,7,9,1,3,4,2,1
SF,IF2012,2020-06-22 09:32:07.400,4001.4000,12947,0,598264380.000,3,1,2,多换,S,4001.4000,4000.2000,3999.0000,3996.8000,3996.0000,4002.6000,4002.8000,4003.4000,4003.8000,4004.0000,1,8,4,7,9,1,1,3,4,2
SF,IF2012,2020-06-22 09:32:07.900,4001.4000,12948,1,599464800.000,1,1,0,双开,S,4000.2000,3999.0000,3996.8000,3996.0000,3995.6000,4001.0000,4002.6000,4002.8000,4003.8000,4004.0000,8,4,7,9,1,1,1,1,4,2
SF,IF2012,2020-06-22 09:32:08.400,4001.4000,12948,0,599464800.000,0,-,-,-,-,4000.2000,3999.0000,3996.0000,3995.6000,3994.0000,4001.0000,4002.6000,4002.8000,4003.8000,4004.0000,13,4,9,1,1,1,1,1,4,2
SF,IF2012,2020-06-22 09:32:08.900,4001.0000,12948,0,601865400.000,2,1,1,多换,S,4000.2000,3999.0000,3996.0000,3995.6000,3994.0000,4002.6000,4002.8000,4003.8000,4004.0000,4004.2000,13,4,9,1,1,1,1,4,2,2
SF,IF2012,2020-06-22 09:32:09.400,4001.0000,12948,0,601865400.000,0,-,-,-,-,4000.4000,4000.2000,3999.0000,3996.0000,3995.6000,4002.6000,4002.8000,4003.8000,4004.0000,4004.2000,2,18,4,9,1,1,1,4,2,2
SF,IF2012,2020-06-22 09:32:09.900,4000.4000,12948,0,603065520.000,1,0,1,多换,S,4000.4000,4000.2000,3999.0000,3996.0000,3995.6000,4002.6000,4002.8000,4003.8000,4004.0000,4004.2000,2,18,4,9,1,1,1,4,2,2
SF,IF2012,2020-06-22 09:32:10.400,4000.4000,12948,0,605465760.000,2,1,1,多换,S,4000.2000,3999.0000,3996.0000,3995.6000,3994.0000,4002.4000,4002.6000,4002.8000,4003.8000,4004.0000,23,4,9,1,1,1,1,1,4,2
SF,IF2012,2020-06-22 09:32:10.900,4000.4000,12948,0,606665880.000,1,0,1,多换,S,4000.2000,3999.0000,3996.0000,3995.6000,3994.0000,4002.2000,4002.4000,4002.6000,4003.8000,4004.0000,23,4,8,1,1,1,1,1,4,2
SF,IF2012,2020-06-22 09:32:11.400,4000.2000,12948,0,607865940.000,1,0,1,多换,S,4000.2000,3999.0000,3996.0000,3995.6000,3994.0000,4002.0000,4002.2000,4003.8000,4004.0000,4006.6000,22,4,8,1,1,2,1,4,2,2
SF,IF2012,2020-06-22 09:32:11.900,4000.2000,12949,1,610266060.000,2,1,1,空开,S,4000.2000,3999.0000,3996.0000,3995.6000,3994.0000,4002.0000,4002.2000,4003.8000,4004.0000,4006.6000,25,4,8,1,1,2,1,4,2,2
SF,IF2012,2020-06-22 09:32:12.400,4002.0000,12950,1,611466660.000,1,1,0,双开,S,4000.6000,4000.4000,4000.2000,3999.0000,3996.0000,4002.0000,4003.8000,4004.0000,4006.6000,4008.0000,1,1,25,4,8,1,4,2,2,1
SF,IF2012,2020-06-22 09:32:12.900,4000.6000,12951,1,612666840.000,1,1,0,双开,S,4000.4000,4000.2000,3999.0000,3996.0000,3995.6000,4002.0000,4003.6000,4003.8000,4004.0000,4006.6000,1,30,4,8,1,1,1,4,2,2
SF,IF2012,2020-06-22 09:32:13.400,4002.0000,12951,0,616267560.000,3,1,2,多换,S,4001.0000,4000.2000,3999.0000,3996.0000,3995.6000,4003.6000,4003.8000,4004.0000,4006.6000,4008.0000,1,28,4,8,1,1,4,2,2,1
SF,IF2012,2020-06-22 09:32:13.900,4001.0000,12953,2,618668220.000,2,2,0,双开,S,4000.2000,3999.0000,3996.0000,3995.6000,3994.0000,4003.4000,4003.6000,4003.8000,4004.0000,4006.6000,28,4,8,1,1,3,1,4,2,2
SF,IF2012,2020-06-22 09:32:14.400,4000.4000,12952,-1,619868340.000,1,0,1,双平,S,4000.2000,3999.0000,3996.0000,3995.6000,3994.0000,4001.2000,4003.0000,4003.4000,4003.6000,4003.8000,28,4,8,1,1,1,1,3,1,3
SF,IF2012,2020-06-22 09:32:14.900,4001.2000,12952,0,621068700.000,1,0,1,多换,S,4000.4000,4000.2000,3999.0000,3996.0000,3995.6000,4001.0000,4002.8000,4003.0000,4003.4000,4003.8000,1,28,4,8,1,1,1,1,2,3
SF,IF2012,2020-06-22 09:32:15.400,4000.2000,12952,0,624669180.000,3,1,2,多换,S,4000.2000,4000.0000,3999.0000,3996.0000,3995.6000,4000.4000,4001.0000,4002.2000,4002.8000,4003.0000,27,2,4,2,1,1,1,1,2,1
SF,IF2012,2020-06-22 09:32:15.900,4000.2000,12951,-1,630669540.000,5,2,3,多平,S,4000.2000,4000.0000,3999.0000,3996.0000,3995.6000,4002.2000,4002.8000,4003.0000,4003.4000,4003.8000,23,2,4,2,1,1,2,1,2,3
SF,IF2012,2020-06-22 09:32:16.400,4000.2000,12953,2,633069660.000,2,2,0,双开,S,4000.2000,4000.0000,3999.0000,3996.0000,3995.6000,4001.2000,4001.6000,4002.0000,4002.8000,4003.0000,21,2,4,2,1,1,1,2,2,1
SF,IF2012,2020-06-22 09:32:16.900,4000.2000,12953,0,633069660.000,0,-,-,-,-,4000.4000,4000.2000,4000.0000,3999.0000,3996.0000,4001.2000,4001.6000,4001.8000,4002.0000,4002.8000,1,21,3,4,2,1,1,1,2,2
SF,IF2012,2020-06-22 09:32:17.400,4000.2000,12954,1,636669840.000,3,2,1,空开,S,4000.2000,4000.0000,3999.0000,3996.0000,3995.6000,4000.6000,4001.2000,4001.6000,4001.8000,4002.0000,19,3,4,2,1,1,1,1,1,2
SF,IF2012,2020-06-22 09:32:17.900,4001.2000,12954,0,639070380.000,2,1,1,多换,S,4000.2000,4000.0000,3999.0000,3996.0000,3995.6000,4001.6000,4001.8000,4002.0000,4002.8000,4003.8000,19,3,4,2,1,1,1,2,1,3
SF,IF2012,2020-06-22 09:32:18.400,4000.2000,12955,1,641470500.000,2,1,1,空开,S,4000.2000,4000.0000,3999.0000,3996.0000,3995.6000,4001.6000,4001.8000,4002.0000,4002.8000,4003.8000,17,3,4,2,1,1,1,2,1,3
SF,IF2012,2020-06-22 09:32:18.900,4000.2000,12955,0,641470500.000,0,-,-,-,-,4000.2000,4000.0000,3999.0000,3996.0000,3995.6000,4001.0000,4001.6000,4001.8000,4002.0000,4002.8000,17,3,4,2,1,2,1,1,2,1
SF,IF2012,2020-06-22 09:32:19.400,4000.2000,12955,0,641470500.000,0,-,-,-,-,4000.2000,4000.0000,3999.0000,3996.0000,3995.6000,4001.0000,4001.6000,4001.8000,4002.0000,4002.8000,17,3,4,2,1,2,1,1,2,1
SF,IF2012,2020-06-22 09:32:20.400,4000.4000,12955,0,642670620.000,1,0,1,多换,S,4000.6000,4000.2000,4000.0000,3999.0000,3996.0000,4001.0000,4001.6000,4001.8000,4002.0000,4002.8000,1,17,3,4,2,2,1,1,2,1
SF,IF2012,2020-06-22 09:32:20.900,4000.6000,12953,-2,645070980.000,2,0,2,双平,S,4000.0000,3999.0000,3996.0000,3995.6000,3994.0000,4000.8000,4001.0000,4001.8000,4002.0000,4002.8000,3,4,2,1,1,2,2,1,1,1
SF,IF2012,2020-06-22 09:32:21.400,4001.0000,12953,0,649872060.000,4,2,2,多换,S,4000.0000,3999.0000,3996.0000,3995.6000,3994.0000,4000.2000,4001.8000,4002.0000,4002.8000,4003.8000,3,4,2,1,1,1,1,1,1,3
SF,IF2012,2020-06-22 09:32:21.900,4000.2000,12952,-1,651072120.000,1,0,1,双平,S,4000.0000,3999.0000,3996.0000,3995.6000,3994.0000,4000.2000,4001.8000,4002.0000,4002.8000,4003.8000,4,4,2,1,1,1,1,1,1,3
SF,IF2012,2020-06-22 09:32:22.400,4000.2000,12952,0,652272180.000,1,0,1,多换,S,4000.2000,4000.0000,3999.0000,3996.0000,3995.6000,4000.8000,4001.8000,4002.0000,4003.8000,4004.0000,1,4,4,2,1,1,1,1,3,2
SF,IF2012,2020-06-22 09:32:22.900,4000.2000,12952,0,653472240.000,1,0,1,多换,S,4000.0000,3999.0000,3996.0000,3995.6000,3994.0000,4000.8000,4001.8000,4002.0000,4003.8000,4004.0000,4,4,2,1,1,1,1,1,3,2
SF,IF2012,2020-06-22 09:32:23.400,4000.0000,12952,0,654672240.000,1,0,1,多换,S,4000.0000,3999.0000,3996.0000,3995.6000,3994.0000,4000.2000,4000.8000,4001.8000,4002.0000,4003.8000,3,4,2,1,1,1,2,1,1,3
SF,IF2012,2020-06-22 09:32:23.900,4000.2000,12953,1,655872300.000,1,1,0,双开,S,4000.0000,3999.0000,3996.0000,3995.6000,3994.0000,4000.8000,4001.8000,4002.0000,4003.8000,4004.0000,3,4,2,1,1,2,1,1,3,2
SF,IF2012,2020-06-22 09:32:24.400,4000.2000,12953,0,655872300.000,0,-,-,-,-,4000.0000,3999.0000,3996.0000,3995.6000,3994.0000,4000.8000,4001.0000,4001.8000,4002.0000,4003.8000,3,4,2,1,1,2,5,1,1,3
SF,IF2012,2020-06-22 09:32:24.900,4000.0000,12956,3,659472540.000,3,3,0,双开,S,4000.0000,3999.0000,3996.0000,3995.6000,3994.0000,4000.2000,4000.8000,4001.0000,4002.0000,4003.8000,7,4,2,1,1,1,1,5,1,3
SF,IF2012,2020-06-22 09:32:25.400,4000.2000,12955,-1,660672600.000,1,0,1,双平,S,4000.0000,3999.0000,3996.0000,3995.6000,3994.0000,4000.6000,4000.8000,4001.0000,4002.0000,4003.8000,7,4,2,1,1,1,1,5,1,3
SF,IF2012,2020-06-22 09:32:25.900,4000.0000,12956,1,661872600.000,1,1,0,双开,S,4000.0000,3999.0000,3996.0000,3995.6000,3994.0000,4000.6000,4000.8000,4001.0000,4002.0000,4003.8000,6,4,2,1,1,2,1,5,1,3
SF,IF2012,2020-06-22 09:32:26.900,4000.0000,12956,0,661872600.000,0,-,-,-,-,4000.0000,3999.0000,3996.0000,3995.6000,3994.0000,4000.6000,4000.8000,4001.0000,4002.0000,4002.2000,6,4,2,1,1,2,1,5,1,1
SF,IF2012,2020-06-22 09:32:27.400,4001.0000,12958,2,667873800.000,5,3,2,空开,S,4000.0000,3999.0000,3996.0000,3995.6000,3994.0000,4001.0000,4002.0000,4002.2000,4003.8000,4004.0000,6,4,2,1,1,3,1,1,3,2
SF,IF2012,2020-06-22 09:32:27.900,4001.0000,12958,0,667873800.000,0,-,-,-,-,4000.0000,3999.0000,3996.4000,3996.0000,3995.6000,4001.0000,4002.0000,4002.2000,4003.8000,4004.0000,6,4,1,2,1,5,1,1,3,2
SF,IF2012,2020-06-22 09:32:28.400,4001.0000,12958,0,667873800.000,0,-,-,-,-,4000.0000,3999.0000,3996.4000,3996.0000,3995.6000,4000.8000,4001.0000,4002.0000,4002.2000,4003.8000,6,4,1,2,1,1,4,1,1,3
SF,IF2012,2020-06-22 09:32:28.900,4001.0000,12958,0,667873800.000,0,-,-,-,-,4000.0000,3999.0000,3996.4000,3996.0000,3995.6000,4000.8000,4001.0000,4002.0000,4002.2000,4003.8000,6,4,1,2,1,1,4,1,1,3
SF,IF2012,2020-06-22 09:32:29.400,4001.0000,12959,1,673875300.000,5,3,2,空开,S,4000.0000,3999.0000,3996.4000,3996.0000,3995.6000,4001.0000,4002.0000,4002.2000,4003.8000,4004.0000,6,4,1,2,1,1,1,3,3,2
SF,IF2012,2020-06-22 09:32:29.900,4000.0000,12961,2,678675300.000,4,3,1,空开,S,4000.0000,3999.0000,3996.4000,3996.0000,3995.6000,4001.0000,4002.0000,4002.2000,4003.8000,4004.0000,2,4,1,2,1,1,1,1,3,2
SF,IF2012,2020-06-22 09:32:30.400,4000.0000,12961,0,678675300.000,0,-,-,-,-,4000.2000,4000.0000,3999.8000,3999.0000,3996.4000,4001.0000,4002.0000,4002.2000,4003.6000,4003.8000,1,2,1,4,1,1,1,1,2,3
SF,IF2012,2020-06-22 09:32:30.900,4002.0000,12961,0,679875900.000,1,0,1,多换,S,4002.2000,4000.2000,4000.0000,3999.8000,3999.0000,4003.6000,4003.8000,4004.0000,4005.8000,4008.0000,4,1,2,1,4,2,3,2,3,1
SF,IF2012,2020-06-22 09:32:31.400,4002.2000,12961,0,684678540.000,4,2,2,多换,S,4000.0000,3999.8000,3999.0000,3996.4000,3996.0000,4001.8000,4002.2000,4003.4000,4003.6000,4003.8000,2,1,4,1,2,1,4,1,2,3
SF,IF2012,2020-06-22 09:32:31.900,4000.2000,12961,0,685878600.000,1,0,1,多换,S,4000.0000,3999.8000,3999.0000,3996.4000,3996.0000,4001.8000,4003.4000,4003.6000,4003.8000,4004.0000,2,1,4,1,2,1,1,2,3,2
SF,IF2012,2020-06-22 09:32:32.400,4000.2000,12961,0,685878600.000,0,-,-,-,-,4000.4000,4000.2000,4000.0000,3999.8000,3999.0000,4001.8000,4002.2000,4003.4000,4003.6000,4003.8000,1,1,2,1,4,1,1,1,2,3
SF,IF2012,2020-06-22 09:32:32.900,4000.2000,12961,0,685878600.000,0,-,-,-,-,4000.4000,4000.2000,4000.0000,3999.8000,3999.0000,4001.8000,4002.2000,4003.4000,4003.6000,4003.8000,1,1,2,1,4,1,1,1,2,3
SF,IF2012,2020-06-22 09:32:33.900,4000.4000,12961,0,687078720.000,1,0,1,多换,S,4000.2000,4000.0000,3999.8000,3999.0000,3996.4000,4001.8000,4002.2000,4003.4000,4003.6000,4003.8000,1,2,1,4,1,1,1,1,2,3
SF,IF2012,2020-06-22 09:32:34.400,4000.4000,12961,0,687078720.000,0,-,-,-,-,4000.4000,4000.2000,4000.0000,3999.8000,3999.0000,4001.8000,4002.2000,4003.4000,4003.6000,4003.8000,2,1,2,1,4,1,1,1,2,3
SF,IF2012,2020-06-22 09:32:34.900,4000.4000,12961,0,687078720.000,0,-,-,-,-,4000.2000,4000.0000,3999.8000,3999.0000,3996.4000,4001.6000,4001.8000,4002.2000,4003.4000,4003.6000,1,2,1,4,1,1,1,1,1,2
SF,IF2012,2020-06-22 09:32:35.400,4002.2000,12962,1,691881060.000,4,2,2,空开,S,4002.2000,4000.2000,4000.0000,3999.8000,3999.0000,4003.4000,4003.6000,4003.8000,4004.0000,4005.8000,1,1,2,1,4,1,2,3,2,3
SF,IF2012,2020-06-22 09:32:35.900,4001.8000,12963,1,694282260.000,2,1,1,空开,S,4000.0000,3999.8000,3999.0000,3996.4000,3996.0000,4002.2000,4003.6000,4003.8000,4004.0000,4005.8000,2,1,4,1,2,2,2,3,2,3
SF,IF2012,2020-06-22 09:32:36.400,4001.8000,12963,0,694282260.000,0,-,-,-,-,4000.4000,4000.2000,4000.0000,3999.8000,3999.0000,4001.8000,4002.0000,4003.6000,4003.8000,4004.0000,1,1,2,1,4,1,1,2,3,2
SF,IF2012,2020-06-22 09:32:36.900,4001.8000,12963,0,694282260.000,0,-,-,-,-,4000.4000,4000.2000,4000.0000,3999.8000,3999.0000,4001.8000,4002.0000,4003.6000,4003.8000,4004.0000,2,1,2,1,4,1,2,2,3,2
SF,IF2012,2020-06-22 09:32:37.400,4001.8000,12963,0,694282260.000,0,-,-,-,-,4001.0000,4000.6000,4000.4000,4000.2000,4000.0000,4001.8000,4002.0000,4003.6000,4003.8000,4004.0000,4,1,1,1,2,1,2,2,3,2
SF,IF2012,2020-06-22 09:32:37.900,4001.0000,12963,0,696682860.000,2,1,1,多换,S,4001.0000,4000.6000,4000.2000,4000.0000,3999.8000,4001.8000,4002.0000,4003.6000,4003.8000,4004.0000,2,1,1,2,1,1,1,2,3,2
SF,IF2012,2020-06-22 09:32:38.400,4001.0000,12963,0,697883160.000,1,0,1,多换,S,4001.0000,4000.6000,4000.2000,4000.0000,3999.8000,4001.8000,4002.0000,4003.8000,4004.0000,4005.8000,1,1,1,2,1,1,1,3,2,3
SF,IF2012,2020-06-22 09:32:38.900,4001.0000,12963,0,697883160.000,0,-,-,-,-,4001.0000,4000.6000,4000.2000,4000.0000,3999.8000,4001.8000,4003.8000,4004.0000,4005.8000,4008.0000,1,1,1,2,1,1,3,2,3,1
SF,IF2012,2020-06-22 09:32:39.400,4001.0000,12963,0,699083460.000,1,0,1,多换,S,4000.6000,4000.2000,4000.0000,3999.8000,3999.0000,4001.0000,4001.6000,4001.8000,4003.8000,4004.0000,1,1,2,1,4,1,1,2,3,2
SF,IF2012,2020-06-22 09:32:39.900,4001.0000,12963,0,699083460.000,0,-,-,-,-,4000.6000,4000.2000,4000.0000,3999.8000,3999.0000,4001.6000,4001.8000,4003.8000,4004.0000,4005.8000,1,1,2,1,4,1,2,3,2,3
SF,IF2012,2020-06-22 09:32:40.400,4000.2000,12962,-1,700283520.000,1,0,1,双平,S,4000.0000,3999.8000,3999.0000,3996.4000,3996.0000,4001.6000,4001.8000,4003.8000,4004.0000,4005.8000,2,1,4,1,2,1,2,3,2,3
SF,IF2012,2020-06-22 09:32:40.900,4000.2000,12962,0,700283520.000,0,-,-,-,-,4000.4000,4000.2000,4000.0000,3999.8000,3999.0000,4001.6000,4001.8000,4003.8000,4004.0000,4005.8000,1,3,2,1,4,1,1,3,2,3
SF,IF2012,2020-06-22 09:32:41.400,4001.6000,12961,-1,701484000.000,1,0,1,双平,S,4000.6000,4000.4000,4000.2000,4000.0000,3999.8000,4001.4000,4001.6000,4001.8000,4003.8000,4004.0000,1,1,1,2,1,1,1,1,3,2
SF,IF2012,2020-06-22 09:32:41.900,4001.8000,12962,1,706286040.000,4,2,2,空开,S,4002.2000,4000.6000,4000.4000,4000.2000,4000.0000,4003.4000,4003.8000,4004.0000,4005.8000,4008.0000,2,1,1,1,2,2,3,2,3,1
SF,IF2012,2020-06-22 09:32:42.400,4002.2000,12964,2,708687360.000,2,2,0,双开,S,4000.4000,4000.0000,3999.8000,3999.0000,3996.4000,4002.2000,4003.4000,4003.8000,4004.0000,4005.8000,1,2,1,4,1,1,2,3,2,3
SF,IF2012,2020-06-22 09:32:42.900,4000.8000,12964,0,709887600.000,1,0,1,多换,S,4000.8000,4000.6000,4000.4000,4000.0000,3999.8000,4001.8000,4003.8000,4004.0000,4005.8000,4008.0000,1,1,1,2,1,1,3,2,3,1
SF,IF2012,2020-06-22 09:32:43.400,4001.8000,12964,0,711088140.000,1,0,1,多换,S,4001.8000,4000.8000,4000.6000,4000.4000,4000.0000,4002.0000,4003.8000,4004.0000,4005.8000,4006.0000,3,1,1,1,2,1,3,2,3,2
SF,IF2012,2020-06-22 09:32:43.900,4001.8000,12964,0,713489220.000,2,1,1,多换,S,4001.8000,4001.0000,4000.0000,3999.8000,3999.0000,4002.0000,4003.8000,4004.0000,4004.8000,4005.8000,1,1,12,1,4,1,3,2,2,3
SF,IF2012,2020-06-22 09:32:44.400,4002.0000,12964,0,719492220.000,5,2,3,多换,S,4001.8000,4001.0000,4000.0000,3999.8000,3999.0000,4002.0000,4003.8000,4004.0000,4004.8000,4005.8000,1,1,12,1,4,1,3,2,2,3
SF,IF2012,2020-06-22 09:32:44.900,4002.0000,12964,0,720692820.000,1,0,1,多换,S,4001.8000,4001.0000,4000.0000,3999.8000,3999.0000,4003.8000,4004.0000,4004.8000,4005.8000,4008.0000,1,1,12,1,4,3,2,2,3,1
SF,IF2012,2020-06-22 09:32:45.400,4002.0000,12964,0,720692820.000,0,-,-,-,-,4001.8000,4001.0000,4000.0000,3999.8000,3999.0000,4003.6000,4003.8000,4004.0000,4004.8000,4005.0000,1,1,12,1,4,3,3,2,2,1
SF,IF2012,2020-06-22 09:32:45.900,4001.8000,12963,-1,721893360.000,1,0,1,双平,S,4001.6000,4001.0000,4000.0000,3999.8000,3999.0000,4002.2000,4003.2000,4003.6000,4003.8000,4004.0000,1,1,12,1,4,1,1,2,3,2
SF,IF2012,2020-06-22 09:32:46.400,4001.6000,12964,1,723093840.000,1,1,0,双开,S,4001.0000,4000.0000,3999.8000,3999.0000,3998.6000,4001.2000,4002.2000,4003.6000,4003.8000,4004.0000,1,12,1,4,1,1,1,2,3,2
SF,IF2012,2020-06-22 09:32:46.900,4001.0000,12963,-1,726695160.000,3,1,2,多平,S,4000.0000,3999.8000,3999.0000,3998.6000,3996.4000,4003.6000,4003.8000,4004.0000,4004.8000,4005.0000,12,1,4,1,1,2,3,2,2,1
SF,IF2012,2020-06-22 09:32:47.400,4001.0000,12963,0,726695160.000,0,-,-,-,-,4002.2000,4000.2000,4000.0000,3999.8000,3999.0000,4003.6000,4003.8000,4004.0000,4004.8000,4005.0000,5,1,12,1,4,2,3,2,2,1
SF,IF2012,2020-06-22 09:32:47.900,4002.0000,12963,0,729096360.000,2,1,1,多换,S,4002.2000,4000.0000,3999.8000,3999.0000,3998.6000,4002.8000,4003.2000,4003.6000,4003.8000,4004.0000,3,12,1,4,1,1,1,1,3,2
SF,IF2012,2020-06-22 09:32:48.400,4002.0000,12964,1,730296960.000,1,1,0,双开,S,4002.2000,4000.0000,3999.8000,3999.0000,3998.6000,4003.6000,4003.8000,4004.0000,4004.8000,4005.0000,2,12,1,4,1,1,3,2,2,1
SF,IF2012,2020-06-22 09:32:48.900,4002.2000,12965,1,732698220.000,2,1,1,空开,S,4000.0000,3999.8000,3999.0000,3998.6000,3996.4000,4002.2000,4003.2000,4003.4000,4003.6000,4003.8000,12,1,4,1,1,4,1,1,1,3
SF,IF2012,2020-06-22 09:32:49.400,4002.2000,12969,4,738701520.000,5,4,1,空开,S,4000.4000,4000.2000,4000.0000,3999.8000,3999.0000,4002.2000,4003.4000,4003.8000,4004.0000,4004.8000,1,1,12,1,4,1,1,3,2,2
SF,IF2012,2020-06-22 09:32:49.900,4002.2000,12969,0,738701520.000,0,-,-,-,-,4000.6000,4000.0000,3999.8000,3999.0000,3998.6000,4002.2000,4003.4000,4003.8000,4004.0000,4004.8000,1,12,1,4,1,1,1,3,2,2
SF,IF2012,2020-06-22 09:32:50.400,4002.2000,12969,0,739902180.000,1,0,1,多换,S,4000.6000,4000.0000,3999.8000,3999.0000,3998.6000,4002.2000,4003.4000,4003.8000,4004.0000,4004.8000,1,12,1,4,1,1,1,3,2,2
SF,IF2012,2020-06-22 09:32:50.900,4002.2000,12969,0,739902180.000,0,-,-,-,-,4000.6000,4000.0000,3999.8000,3999.0000,3998.6000,4002.2000,4003.4000,4003.8000,4004.0000,4004.8000,1,12,1,4,1,2,1,3,2,2
SF,IF2012,2020-06-22 09:32:51.400,4002.2000,12968,-1,742303500.000,2,0,2,多平,S,4000.6000,4000.0000,3999.8000,3999.0000,3998.6000,4003.4000,4003.8000,4004.0000,4004.8000,4005.0000,1,12,1,4,1,1,3,2,2,1
SF,IF2012,2020-06-22 09:32:51.900,4002.2000,12968,0,743504160.000,1,0,1,多换,S,4002.8000,4001.6000,4000.8000,4000.6000,4000.0000,4003.2000,4003.8000,4004.0000,4004.8000,4005.0000,3,5,2,5,12,1,3,2,2,1
SF,IF2012,2020-06-22 09:32:52.400,4002.8000,12967,-1,747106680.000,3,1,2,多平,S,4001.6000,4000.8000,4000.6000,4000.0000,3999.8000,4002.4000,4002.6000,4003.2000,4003.8000,4004.0000,5,2,1,12,1,1,1,1,3,2
SF,IF2012,2020-06-22 09:32:52.900,4002.6000,12966,-1,750708960.000,3,1,2,多平,S,4001.6000,4001.0000,4000.8000,4000.0000,3999.8000,4003.8000,4004.0000,4004.8000,4005.0000,4005.6000,5,1,2,12,1,3,2,2,1,1
SF,IF2012,2020-06-22 09:32:53.400,4001.8000,12967,1,751909500.000,1,1,0,双开,S,4001.8000,4001.6000,4001.0000,4000.0000,3999.8000,4003.6000,4003.8000,4004.0000,4004.8000,4005.6000,1,5,1,12,1,1,3,2,2,1
SF,IF2012,2020-06-22 09:32:53.900,4001.8000,12967,0,751909500.000,0,-,-,-,-,4001.8000,4001.6000,4001.0000,4000.0000,3999.8000,4003.0000,4003.6000,4003.8000,4004.0000,4004.8000,1,5,1,12,1,1,1,3,2,2
SF,IF2012,2020-06-22 09:32:54.400,4001.8000,12967,0,751909500.000,0,-,-,-,-,4001.8000,4001.6000,4001.0000,4000.0000,3999.8000,4003.0000,4003.6000,4003.8000,4004.0000,4004.8000,1,5,1,12,1,1,1,3,2,2
SF,IF2012,2020-06-22 09:32:54.900,4001.8000,12965,-2,754310580.000,2,0,2,双平,S,4001.8000,4001.6000,4001.0000,4000.0000,3999.8000,4003.0000,4003.6000,4003.8000,4004.0000,4004.8000,1,5,1,12,1,1,1,3,2,2
SF,IF2012,2020-06-22 09:32:55.400,4001.8000,12965,0,754310580.000,0,-,-,-,-,4001.6000,4001.0000,4000.0000,3999.8000,3999.0000,4003.0000,4003.2000,4003.6000,4003.8000,4004.0000,5,1,12,1,4,1,1,1,3,2
SF,IF2012,2020-06-22 09:32:55.900,4003.8000,12969,4,761516340.000,6,5,1,空开,S,4002.0000,4001.6000,4001.0000,4000.0000,3999.8000,4003.8000,4004.0000,4004.8000,4005.6000,4005.8000,1,5,1,13,1,1,2,2,1,3
SF,IF2012,2020-06-22 09:32:56.400,4003.8000,12969,0,761516340.000,0,-,-,-,-,4002.2000,4002.0000,4001.6000,4001.0000,4000.0000,4003.8000,4004.0000,4004.8000,4005.8000,4008.0000,2,1,5,1,13,1,2,2,3,1
SF,IF2012,2020-06-22 09:32:56.900,4004.8000,12972,3,767522760.000,5,4,1,空开,S,4002.2000,4001.6000,4001.0000,4000.0000,3999.8000,4005.8000,4008.0000,4009.2000,4010.0000,4011.8000,2,5,1,13,1,3,1,1,1,2
SF,IF2012,2020-06-22 09:32:57.400,4003.6000,12971,-1,771125220.000,3,1,2,多平,S,4005.0000,4002.2000,4001.6000,4001.0000,4000.0000,4005.6000,4005.8000,4008.0000,4009.2000,4010.0000,4,1,5,1,13,2,3,1,1,1
SF,IF2012,2020-06-22 09:32:57.900,4002.2000,12971,0,777131700.000,5,2,3,多换,S,4001.6000,4001.0000,4000.0000,3999.8000,3999.0000,4003.0000,4005.0000,4005.8000,4008.0000,4009.2000,5,1,13,1,4,1,1,3,1,1
SF,IF2012,2020-06-22 09:32:58.400,4003.0000,12970,-1,778332600.000,1,0,1,双平,S,4003.0000,4002.0000,4001.8000,4001.6000,4001.0000,4005.8000,4008.0000,4009.2000,4010.0000,4011.8000,1,1,4,5,1,3,1,1,1,2
SF,IF2012,2020-06-22 09:32:58.900,4005.0000,12973,3,784337820.000,5,4,1,空开,S,4005.0000,4001.8000,4001.6000,4001.0000,4000.0000,4005.6000,4005.8000,4008.0000,4009.2000,4010.0000,2,4,5,1,13,4,3,1,1,1
SF,IF2012,2020-06-22 09:32:59.400,4005.0000,12973,0,786740820.000,2,1,1,多换,S,4003.0000,4001.8000,4001.6000,4001.0000,4000.0000,4005.6000,4005.8000,4008.0000,4010.0000,4011.8000,1,3,5,1,13,2,3,1,1,2
SF,IF2012,2020-06-22 09:32:59.900,4003.0000,12974,1,787941720.000,1,1,0,双开,S,4003.0000,4001.8000,4001.6000,4001.0000,4000.0000,4005.4000,4005.6000,4005.8000,4008.0000,4010.0000,2,3,5,1,13,4,2,3,1,1
SF,IF2012,2020-06-22 09:33:00.400,4005.0000,12976,2,791546340.000,3,2,1,空开,S,4005.0000,4003.4000,4001.8000,4001.6000,4001.0000,4005.4000,4005.6000,4005.8000,4008.0000,4010.0000,3,2,1,5,1,3,2,3,1,1
SF,IF2012,2020-06-22 09:33:00.900,4005.0000,12977,1,798754920.000,6,3,3,空开,S,4005.0000,4003.4000,4001.8000,4001.6000,4001.0000,4005.4000,4005.6000,4005.8000,4006.6000,4008.0000,4,1,1,5,1,2,2,3,2,1
SF,IF2012,2020-06-22 09:33:01.400,4005.0000,12979,2,803560920.000,4,3,1,空开,S,4003.4000,4001.8000,4001.6000,4001.0000,4000.0000,4005.4000,4005.6000,4005.8000,4008.0000,4010.0000,1,1,5,1,13,2,2,3,1,1
SF,IF2012,2020-06-22 09:33:01.900,4003.6000,12979,0,805963560.000,2,1,1,多换,S,4003.4000,4001.8000,4001.6000,4001.0000,4000.0000,4005.4000,4005.6000,4005.8000,4008.0000,4008.8000,1,1,5,1,13,2,2,3,1,2
SF,IF2012,2020-06-22 09:33:02.400,4005.4000,12977,-2,811971480.000,5,1,4,多平,S,4005.4000,4003.6000,4003.4000,4001.8000,4001.6000,4005.6000,4005.8000,4008.0000,4008.8000,4010.0000,6,1,1,1,5,2,3,1,2,1
SF,IF2012,2020-06-22 09:33:02.900,4003.6000,12974,-3,820382280.000,7,2,5,多平,S,4003.8000,4003.4000,4001.8000,4001.6000,4001.0000,4005.6000,4005.8000,4008.0000,4008.8000,4010.0000,1,1,1,5,1,2,3,1,2,1
SF,IF2012,2020-06-22 09:33:03.400,4003.6000,12974,0,821583360.000,1,0,1,多换,S,4003.8000,4003.4000,4001.8000,4001.6000,4001.0000,4005.6000,4005.8000,4008.0000,4008.8000,4010.0000,1,1,1,5,1,2,3,1,2,1
SF,IF2012,2020-06-22 09:33:03.900,4003.6000,12974,0,822784440.000,1,0,1,多换,S,4005.0000,4004.0000,4003.4000,4001.8000,4001.6000,4005.6000,4005.8000,4008.0000,4010.0000,4011.8000,5,1,1,1,5,2,3,1,1,2
SF,IF2012,2020-06-22 09:33:04.400,4005.0000,12973,-1,832397700.000,8,3,5,多平,S,4005.0000,4004.2000,4004.0000,4001.6000,4001.0000,4008.0000,4010.0000,4011.8000,4012.8000,4014.0000,3,1,2,5,1,1,1,2,1,2
SF,IF2012,2020-06-22 09:33:04.900,4005.0000,12974,1,833599200.000,1,1,0,双开,S,4005.2000,4005.0000,4004.0000,4003.6000,4001.6000,4007.8000,4008.0000,4010.0000,4011.8000,4012.8000,1,3,2,1,5,2,1,1,2,1
SF,IF2012,2020-06-22 09:33:05.400,4005.0000,12975,1,834800700.000,1,1,0,双开,S,4005.2000,4005.0000,4004.0000,4003.6000,4001.6000,4007.6000,4007.8000,4008.0000,4010.0000,4011.8000,1,3,1,1,5,1,2,1,1,2
SF,IF2012,2020-06-22 09:33:05.900,4005.0000,12975,0,834800700.000,0,-,-,-,-,4005.2000,4005.0000,4004.0000,4003.6000,4001.6000,4007.4000,4007.6000,4007.8000,4008.0000,4010.0000,1,3,1,1,5,2,3,1,1,1
SF,IF2012,2020-06-22 09:33:06.400,4005.2000,12977,2,837203820.000,2,2,0,双开,S,4005.0000,4004.0000,4003.6000,4001.6000,4001.0000,4007.2000,4007.4000,4007.6000,4007.8000,4008.0000,3,1,1,5,1,1,2,2,1,1
SF,IF2012,2020-06-22 09:33:06.900,4005.2000,12977,0,837203820.000,0,-,-,-,-,4005.0000,4004.0000,4003.6000,4001.6000,4001.0000,4007.0000,4007.2000,4007.4000,4007.6000,4008.0000,3,1,1,5,1,2,2,1,2,1
SF,IF2012,2020-06-22 09:33:07.400,4005.2000,12978,1,838405380.000,1,1,0,双开,S,4005.2000,4005.0000,4004.0000,4003.6000,4001.6000,4006.2000,4006.8000,4007.0000,4007.2000,4007.4000,1,3,1,1,5,1,1,2,1,1
SF,IF2012,2020-06-22 09:33:07.900,4005.2000,12978,0,838405380.000,0,-,-,-,-,4005.2000,4005.0000,4004.0000,4003.2000,4001.6000,4006.2000,4006.8000,4007.0000,4007.2000,4007.4000,1,3,1,1,5,1,1,2,1,1
SF,IF2012,2020-06-22 09:33:08.400,4005.0000,12979,1,839606880.000,1,1,0,双开,S,4005.0000,4003.2000,4001.6000,4001.0000,4000.0000,4006.2000,4006.8000,4007.0000,4007.4000,4007.6000,2,1,5,1,13,1,1,2,1,2
SF,IF2012,2020-06-22 09:33:08.900,4005.0000,12979,0,839606880.000,0,-,-,-,-,4005.0000,4003.2000,4001.6000,4001.0000,4000.0000,4006.0000,4006.2000,4006.8000,4007.0000,4007.4000,2,1,5,1,13,1,1,1,1,1
SF,IF2012,2020-06-22 09:33:09.400,4006.0000,12978,-1,840808680.000,1,0,1,双平,S,4005.2000,4005.0000,4003.2000,4001.6000,4001.0000,4006.2000,4006.8000,4007.0000,4007.4000,4007.6000,1,2,1,5,1,1,1,1,1,2
SF,IF2012,2020-06-22 09:33:09.900,4006.2000,12978,0,842010540.000,1,0,1,多换,S,4005.6000,4005.2000,4005.0000,4003.2000,4001.6000,4006.8000,4007.0000,4007.4000,4007.6000,4008.0000,1,1,2,1,5,1,1,1,2,1
SF,IF2012,2020-06-22 09:33:10.400,4006.2000,12978,0,842010540.000,0,-,-,-,-,4005.6000,4005.0000,4003.2000,4001.6000,4001.0000,4007.0000,4007.4000,4007.6000,4008.0000,4010.0000,1,2,1,5,1,1,1,2,1,1
SF,IF2012,2020-06-22 09:33:10.900,4006.2000,12978,0,842010540.000,0,-,-,-,-,4005.6000,4005.0000,4003.2000,4001.6000,4001.0000,4007.4000,4007.6000,4008.0000,4010.0000,4011.8000,1,2,1,5,1,1,2,1,1,2
SF,IF2012,2020-06-22 09:33:11.400,4005.6000,12979,1,843212220.000,1,1,0,双开,S,4005.0000,4003.2000,4001.6000,4001.0000,4000.0000,4005.8000,4007.2000,4007.4000,4007.6000,4008.0000,2,1,5,1,13,2,1,1,2,1
SF,IF2012,2020-06-22 09:33:11.900,4005.8000,12979,0,845615700.000,2,1,1,多换,S,4005.2000,4005.0000,4003.2000,4001.6000,4001.0000,4007.2000,4007.4000,4007.6000,4008.0000,4010.0000,3,2,1,5,1,1,1,2,1,1
SF,IF2012,2020-06-22 09:33:12.400,4005.8000,12979,0,845615700.000,0,-,-,-,-,4006.2000,4005.4000,4005.2000,4005.0000,4003.2000,4007.0000,4007.2000,4007.4000,4007.6000,4008.0000,1,1,3,2,1,1,1,1,2,1
SF,IF2012,2020-06-22 09:33:12.900,4005.8000,12979,0,845615700.000,0,-,-,-,-,4006.2000,4005.2000,4005.0000,4003.2000,4001.6000,4007.0000,4007.2000,4007.4000,4007.6000,4008.0000,1,1,2,1,5,1,1,1,2,1
SF,IF2012,2020-06-22 09:33:13.400,4006.2000,12979,0,846817560.000,1,0,1,多换,S,4005.2000,4005.0000,4003.2000,4001.6000,4001.0000,4005.8000,4007.0000,4007.2000,4007.4000,4007.6000,1,2,1,5,1,1,1,1,1,2
SF,IF2012,2020-06-22 09:33:13.900,4006.2000,12979,0,849221160.000,2,1,1,多换,S,4005.2000,4005.0000,4003.2000,4001.6000,4001.0000,4007.0000,4007.2000,4007.4000,4007.6000,4008.0000,1,2,1,5,1,1,1,1,2,1
SF,IF2012,2020-06-22 09:33:14.400,4006.2000,12979,0,849221160.000,0,-,-,-,-,4006.0000,4005.2000,4005.0000,4003.2000,4001.6000,4007.0000,4007.2000,4007.4000,4007.6000,4008.0000,1,1,2,1,5,1,1,1,2,1
SF,IF2012,2020-06-22 09:33:14.900,4006.2000,12979,0,849221160.000,0,-,-,-,-,4006.0000,4005.2000,4005.0000,4004.2000,4001.6000,4007.0000,4007.2000,4007.4000,4007.6000,4008.0000,1,1,2,1,5,1,1,1,2,1
SF,IF2012,2020-06-22 09:33:15.400,4006.0000,12978,-1,851624760.000,2,0,2,多平,S,4006.0000,4005.2000,4005.0000,4004.2000,4001.6000,4007.0000,4007.2000,4007.4000,4007.6000,4008.0000,4,1,2,1,5,1,1,1,2,1
SF,IF2012,2020-06-22 09:33:15.900,4006.0000,12978,0,851624760.000,0,-,-,-,-,4006.0000,4005.2000,4005.0000,4004.2000,4001.6000,4006.2000,4007.0000,4007.4000,4007.6000,4008.0000,4,1,2,1,5,2,1,1,2,1
SF,IF2012,2020-06-22 09:33:16.400,4006.2000,12976,-2,854028480.000,2,0,2,双平,S,4006.0000,4005.0000,4004.2000,4001.6000,4001.0000,4007.0000,4007.4000,4007.6000,4008.0000,4009.6000,4,2,1,5,1,1,1,2,1,2
SF,IF2012,2020-06-22 09:33:16.900,4006.2000,12976,0,854028480.000,0,-,-,-,-,4006.0000,4005.0000,4004.2000,4001.6000,4001.0000,4007.0000,4007.4000,4007.6000,4008.0000,4009.6000,5,2,1,5,1,1,1,2,1,2
SF,IF2012,2020-06-22 09:33:17.400,4007.0000,12976,0,855230580.000,1,0,1,多换,S,4006.0000,4005.0000,4004.2000,4001.6000,4001.0000,4007.4000,4007.6000,4008.0000,4009.6000,4010.0000,5,2,1,5,1,1,2,1,2,1
SF,IF2012,2020-06-22 09:33:17.900,4006.2000,12984,8,868451460.000,11,9,2,空开,S,4006.0000,4005.0000,4004.2000,4001.6000,4001.0000,4007.6000,4008.0000,4009.6000,4010.0000,4011.8000,5,2,1,5,1,2,1,2,1,2
SF,IF2012,2020-06-22 09:33:18.400,4006.2000,12984,0,868451460.000,0,-,-,-,-,4006.2000,4006.0000,4005.0000,4004.2000,4001.6000,4007.6000,4008.0000,4009.6000,4010.0000,4011.8000,4,5,2,1,5,2,1,2,1,2
SF,IF2012,2020-06-22 09:33:18.900,4006.2000,12984,0,868451460.000,0,-,-,-,-,4006.2000,4006.0000,4005.0000,4004.2000,4001.6000,4007.6000,4008.0000,4009.6000,4010.0000,4011.8000,8,2,2,1,5,2,1,2,1,2
SF,IF2012,2020-06-22 09:33:19.400,4006.2000,12984,0,868451460.000,0,-,-,-,-,4006.2000,4006.0000,4005.0000,4004.2000,4001.6000,4007.4000,4007.6000,4008.0000,4009.6000,4010.0000,4,2,2,1,5,1,2,1,2,1
SF,IF2012,2020-06-22 09:33:20.400,4006.2000,12984,0,868451460.000,0,-,-,-,-,4006.2000,4006.0000,4005.0000,4004.2000,4001.6000,4006.4000,4007.4000,4007.6000,4008.0000,4009.6000,4,2,2,1,5,1,1,2,1,2
SF,IF2012,2020-06-22 09:33:20.900,4008.0000,12987,3,874462560.000,5,4,1,空开,S,4008.6000,4006.2000,4006.0000,4005.0000,4004.2000,4009.6000,4010.0000,4011.8000,4012.0000,4014.0000,1,4,2,2,1,2,1,2,1,2
SF,IF2012,2020-06-22 09:33:21.400,4008.6000,12984,-3,880476180.000,5,1,4,多平,S,4008.6000,4006.0000,4005.0000,4004.2000,4001.6000,4009.6000,4010.0000,4011.8000,4012.0000,4014.0000,3,2,2,1,5,2,1,2,1,2
SF,IF2012,2020-06-22 09:33:21.900,4008.6000,12981,-3,884083920.000,3,0,3,双平,S,4006.0000,4005.0000,4004.2000,4001.6000,4000.0000,4008.4000,4008.8000,4010.0000,4011.8000,4012.0000,2,2,1,5,13,1,1,1,2,1
SF,IF2012,2020-06-22 09:33:22.400,4008.6000,12981,0,886489080.000,2,1,1,多换,S,4006.2000,4006.0000,4005.0000,4004.2000,4001.6000,4009.0000,4010.0000,4011.8000,4014.0000,4019.0000,2,2,2,1,5,1,1,4,2,1
SF,IF2012,2020-06-22 09:33:22.900,4008.6000,12981,0,886489080.000,0,-,-,-,-,4006.2000,4006.0000,4005.0000,4001.6000,4000.0000,4008.8000,4009.0000,4010.0000,4011.8000,4014.0000,2,3,2,5,13,1,2,1,4,2
SF,IF2012,2020-06-22 09:33:23.400,4006.2000,12981,0,887690940.000,1,0,1,多换,S,4008.4000,4006.6000,4006.2000,4006.0000,4005.0000,4008.8000,4009.0000,4010.0000,4011.8000,4014.0000,1,1,1,3,2,1,1,1,2,2
SF,IF2012,2020-06-22 09:33:23.900,4008.6000,12986,5,894906180.000,6,5,1,空开,S,4006.6000,4006.2000,4006.0000,4005.0000,4002.6000,4009.0000,4009.2000,4010.0000,4011.8000,4014.0000,1,1,3,2,1,1,1,1,2,2
SF,IF2012,2020-06-22 09:33:24.400,4008.6000,12986,0,894906180.000,0,-,-,-,-,4006.8000,4006.6000,4006.4000,4006.0000,4005.0000,4008.6000,4008.8000,4009.2000,4009.6000,4010.0000,1,1,1,3,2,3,1,1,1,1
SF,IF2012,2020-06-22 09:33:24.900,4008.8000,12987,1,902121840.000,6,3,3,空开,S,4006.8000,4006.6000,4006.4000,4006.0000,4005.0000,4009.2000,4009.6000,4010.0000,4011.8000,4014.0000,3,1,1,4,2,1,1,1,2,2
SF,IF2012,2020-06-22 09:33:25.400,4008.8000,12987,0,902121840.000,0,-,-,-,-,4006.8000,4006.4000,4006.2000,4006.0000,4005.0000,4009.0000,4009.2000,4009.6000,4010.0000,4014.0000,3,1,1,4,2,1,1,1,1,2
SF,IF2012,2020-06-22 09:33:25.900,4007.0000,12987,0,903323940.000,1,0,1,多换,S,4006.8000,4006.4000,4006.2000,4006.0000,4005.0000,4008.8000,4009.2000,4009.6000,4010.0000,4014.0000,6,1,1,4,2,1,1,1,1,2
SF,IF2012,2020-06-22 09:33:26.400,4007.0000,12988,1,904526040.000,1,1,0,双开,S,4007.0000,4006.8000,4006.4000,4006.2000,4006.0000,4008.6000,4008.8000,4009.0000,4009.2000,4010.0000,1,6,1,1,4,2,2,1,1,1
SF,IF2012,2020-06-22 09:33:26.900,4007.0000,12986,-2,908132760.000,3,0,3,多平,S,4006.8000,4006.4000,4006.0000,4005.0000,4002.6000,4008.4000,4008.6000,4008.8000,4009.0000,4009.2000,4,1,4,2,1,1,3,1,1,1
SF,IF2012,2020-06-22 09:33:27.400,4009.0000,12989,3,914145660.000,5,4,1,空开,S,4007.2000,4006.8000,4006.4000,4006.0000,4005.0000,4009.2000,4010.0000,4014.0000,4019.0000,4020.0000,5,4,1,4,2,1,1,2,1,1
SF,IF2012,2020-06-22 09:33:27.900,4009.0000,12989,0,914145660.000,0,-,-,-,-,4007.6000,4007.4000,4007.2000,4006.8000,4006.4000,4008.2000,4009.2000,4010.0000,4014.0000,4019.0000,1,2,5,3,1,2,1,1,2,1
SF,IF2012,2020-06-22 09:33:28.400,4007.8000,12988,-1,917752680.000,3,1,2,多平,S,4008.2000,4007.8000,4007.6000,4007.2000,4006.8000,4009.0000,4009.2000,4010.0000,4014.0000,4019.0000,1,1,1,5,3,1,1,1,2,1
SF,IF2012,2020-06-22 09:33:28.900,4008.2000,12988,0,918955140.000,1,0,1,多换,S,4008.2000,4007.8000,4007.6000,4007.2000,4006.8000,4009.0000,4009.2000,4010.0000,4014.0000,4019.0000,1,1,1,4,3,1,1,1,2,1
SF,IF2012,2020-06-22 09:33:29.400,4008.2000,12988,0,920157600.000,1,0,1,多换,S,4007.8000,4007.6000,4007.2000,4006.8000,4006.4000,4009.0000,4010.0000,4014.0000,4019.0000,4020.0000,1,1,4,4,1,1,1,2,1,1
SF,IF2012,2020-06-22 09:33:29.900,4008.2000,12988,0,920157600.000,0,-,-,-,-,4008.8000,4008.4000,4007.8000,4007.6000,4007.2000,4009.0000,4010.0000,4014.0000,4019.0000,4020.0000,1,1,1,1,4,1,1,2,1,1
SF,IF2012,2020-06-22 09:33:30.400,4008.4000,12990,2,922562760.000,2,2,0,双开,S,4008.0000,4007.8000,4007.2000,4006.8000,4006.4000,4009.0000,4010.0000,4014.0000,4019.0000,4020.0000,1,1,4,4,1,1,1,2,1,1
SF,IF2012,2020-06-22 09:33:30.900,4008.4000,12990,0,922562760.000,0,-,-,-,-,4008.2000,4008.0000,4007.2000,4006.8000,4006.4000,4009.0000,4010.0000,4014.0000,4019.0000,4020.0000,1,1,4,4,1,1,1,2,1,1
SF,IF2012,2020-06-22 09:33:31.400,4008.2000,12990,0,923765220.000,1,0,1,多换,S,4008.0000,4007.2000,4007.0000,4006.8000,4006.4000,4009.0000,4010.0000,4014.0000,4019.0000,4020.0000,1,4,1,4,1,1,1,2,1,1
SF,IF2012,2020-06-22 09:33:31.900,4008.0000,12990,0,924967620.000,1,0,1,多换,S,4007.2000,4007.0000,4006.8000,4006.4000,4006.0000,4009.0000,4010.0000,4010.4000,4014.0000,4019.0000,4,1,4,1,8,1,1,1,2,1
SF,IF2012,2020-06-22 09:33:32.400,4008.0000,12990,0,924967620.000,0,-,-,-,-,4007.2000,4007.0000,4006.8000,4006.4000,4006.0000,4008.8000,4009.0000,4009.6000,4010.0000,4010.4000,4,1,4,1,8,1,3,1,1,1
SF,IF2012,2020-06-22 09:33:32.900,4008.0000,12990,0,924967620.000,0,-,-,-,-,4007.2000,4007.0000,4006.8000,4006.4000,4006.0000,4008.6000,4008.8000,4009.0000,4009.6000,4009.8000,3,1,3,1,8,1,1,2,1,2
SF,IF2012,2020-06-22 09:33:33.400,4009.0000,12989,-1,930979860.000,5,2,3,多平,S,4009.0000,4008.8000,4007.2000,4007.0000,4006.8000,4009.6000,4009.8000,4010.0000,4014.0000,4019.0000,2,1,1,1,3,1,2,1,2,1
SF,IF2012,2020-06-22 09:33:33.900,4008.8000,12990,1,934587900.000,3,2,1,空开,S,4007.2000,4007.0000,4006.8000,4006.4000,4006.0000,4009.2000,4009.4000,4009.8000,4010.0000,4014.0000,1,1,3,1,7,2,1,2,1,2
SF,IF2012,2020-06-22 09:33:34.400,4007.4000,12991,1,935790120.000,1,1,0,双开,S,4007.4000,4007.2000,4007.0000,4006.8000,4006.4000,4008.8000,4009.0000,4009.2000,4010.0000,4011.6000,1,1,1,3,1,1,2,1,1,2
SF,IF2012,2020-06-22 09:33:34.900,4007.4000,12991,0,935790120.000,0,-,-,-,-,4007.6000,4007.2000,4007.0000,4006.8000,4006.4000,4008.8000,4009.0000,4009.2000,4010.0000,4011.6000,1,1,1,3,1,2,1,1,1,2
SF,IF2012,2020-06-22 09:33:35.400,4009.4000,12994,3,941803680.000,5,4,1,空开,S,4007.6000,4007.2000,4006.8000,4006.4000,4006.0000,4010.0000,4011.6000,4014.0000,4019.0000,4020.0000,1,1,3,1,7,1,2,2,1,1
SF,IF2012,2020-06-22 09:33:35.900,4007.8000,12993,-1,943006020.000,1,0,1,双平,S,4009.0000,4007.8000,4007.6000,4007.2000,4006.8000,4009.6000,4009.8000,4010.0000,4011.6000,4014.0000,2,1,1,1,3,1,1,1,2,2
SF,IF2012,2020-06-22 09:33:36.400,4007.8000,12993,0,943006020.000,0,-,-,-,-,4009.0000,4007.8000,4007.6000,4007.2000,4006.8000,4009.8000,4010.0000,4011.6000,4014.0000,4019.0000,2,1,1,1,3,1,1,2,2,1
SF,IF2012,2020-06-22 09:33:36.900,4008.6000,12993,0,944208600.000,1,0,1,多换,S,4009.0000,4007.8000,4007.6000,4007.2000,4006.8000,4009.6000,4009.8000,4010.0000,4011.6000,4014.0000,1,1,2,1,3,1,1,1,2,2
SF,IF2012,2020-06-22 09:33:37.400,4008.6000,12993,0,944208600.000,0,-,-,-,-,4009.0000,4007.8000,4007.6000,4007.2000,4006.8000,4009.6000,4010.0000,4011.6000,4014.0000,4019.0000,1,1,2,1,3,1,1,2,2,1
SF,IF2012,2020-06-22 09:33:37.900,4009.6000,12994,1,945411480.000,1,1,0,双开,S,4009.6000,4009.0000,4007.8000,4007.6000,4007.2000,4010.0000,4011.6000,4014.0000,4019.0000,4020.0000,4,1,1,2,1,1,2,2,1,1
SF,IF2012,2020-06-22 09:33:38.400,4009.6000,12995,1,947817240.000,2,1,1,空开,S,4009.6000,4009.0000,4007.8000,4007.6000,4007.2000,4010.0000,4011.6000,4014.0000,4019.0000,4020.0000,2,1,2,2,1,1,2,2,1,1
SF,IF2012,2020-06-22 09:33:38.900,4009.6000,12996,1,949020120.000,1,1,0,双开,S,4009.6000,4009.0000,4007.8000,4007.6000,4007.2000,4010.0000,4014.0000,4019.0000,4020.0000,4020.2000,1,1,2,2,1,1,2,1,1,2
SF,IF2012,2020-06-22 09:33:39.400,4010.0000,12995,-1,950223120.000,1,0,1,双平,S,4009.6000,4009.0000,4008.4000,4007.8000,4007.6000,4013.0000,4014.0000,4019.0000,4020.0000,4020.2000,1,1,1,2,1,2,2,1,1,2
SF,IF2012,2020-06-22 09:33:39.900,4010.0000,12995,0,950223120.000,0,-,-,-,-,4009.8000,4009.6000,4009.0000,4008.4000,4007.6000,4012.8000,4013.0000,4014.0000,4019.0000,4020.0000,1,1,1,1,1,1,2,2,1,1
SF,IF2012,2020-06-22 09:33:40.400,4010.0000,12995,0,950223120.000,0,-,-,-,-,4010.0000,4009.8000,4009.6000,4009.0000,4008.4000,4012.6000,4012.8000,4013.0000,4014.0000,4019.0000,6,1,1,1,1,1,1,2,2,1
SF,IF2012,2020-06-22 09:33:40.900,4010.0000,12995,0,950223120.000,0,-,-,-,-,4010.2000,4010.0000,4009.6000,4009.0000,4008.4000,4012.4000,4013.0000,4014.0000,4019.0000,4020.0000,1,6,1,1,1,1,2,2,1,1
SF,IF2012,2020-06-22 09:33:41.400,4010.0000,12995,0,950223120.000,0,-,-,-,-,4010.4000,4010.2000,4010.0000,4009.6000,4009.0000,4012.0000,4012.4000,4013.0000,4014.0000,4019.0000,1,1,6,1,1,2,1,2,2,1
SF,IF2012,2020-06-22 09:33:41.900,4010.0000,12996,1,951426120.000,1,1,0,双开,S,4010.0000,4009.6000,4009.0000,4008.4000,4007.2000,4011.8000,4014.0000,4019.0000,4020.0000,4020.2000,6,1,1,1,1,4,2,1,1,2
SF,IF2012,2020-06-22 09:33:42.400,4010.0000,12996,0,951426120.000,0,-,-,-,-,4010.2000,4010.0000,4009.6000,4009.0000,4008.4000,4011.4000,4011.8000,4013.8000,4014.0000,4019.0000,1,6,1,1,1,2,2,2,2,1
SF,IF2012,2020-06-22 09:33:42.900,4010.0000,12996,0,951426120.000,0,-,-,-,-,4010.2000,4010.0000,4009.6000,4009.0000,4008.4000,4011.2000,4011.8000,4013.8000,4014.0000,4019.0000,1,6,1,1,1,1,1,2,2,1
SF,IF2012,2020-06-22 09:33:43.400,4010.2000,12996,0,952629180.000,1,0,1,多换,S,4010.0000,4009.6000,4009.0000,4008.4000,4007.2000,4011.0000,4013.8000,4014.0000,4019.0000,4020.0000,6,1,1,1,1,1,2,2,1,1
SF,IF2012,2020-06-22 09:33:43.900,4010.2000,12996,0,953832240.000,1,0,1,多换,S,4010.2000,4010.0000,4009.6000,4009.0000,4008.4000,4011.0000,4013.8000,4014.0000,4019.0000,4020.0000,1,7,1,1,1,1,2,2,1,1
SF,IF2012,2020-06-22 09:33:44.400,4011.0000,12996,0,955035540.000,1,0,1,多换,S,4010.2000,4010.0000,4009.6000,4009.0000,4008.4000,4013.8000,4014.0000,4019.0000,4020.0000,4020.2000,1,7,1,1,1,2,2,1,1,2
SF,IF2012,2020-06-22 09:33:44.900,4011.0000,12996,0,955035540.000,0,-,-,-,-,4010.2000,4010.0000,4009.6000,4009.0000,4008.4000,4013.6000,4013.8000,4014.0000,4019.0000,4020.0000,1,7,1,1,1,2,2,2,1,1
SF,IF2012,2020-06-22 09:33:45.400,4011.0000,12996,0,955035540.000,0,-,-,-,-,4010.4000,4010.2000,4010.0000,4009.6000,4009.0000,4013.6000,4013.8000,4014.0000,4019.0000,4020.0000,1,1,7,1,1,2,2,2,1,1
SF,IF2012,2020-06-22 09:33:45.900,4011.4000,12997,1,956238960.000,1,1,0,双开,S,4010.6000,4010.4000,4010.2000,4010.0000,4009.6000,4013.6000,4013.8000,4014.0000,4019.0000,4020.0000,2,1,1,7,1,2,2,2,1,1
SF,IF2012,2020-06-22 09:33:46.400,4010.6000,12997,0,957442140.000,1,0,1,多换,S,4010.6000,4010.2000,4010.0000,4009.6000,4009.0000,4013.0000,4013.2000,4013.6000,4014.0000,4019.0000,1,1,7,1,1,1,1,2,2,1
SF,IF2012,2020-06-22 09:33:46.900,4010.6000,12997,0,958645320.000,1,0,1,多换,S,4010.8000,4010.2000,4010.0000,4009.6000,4009.0000,4012.6000,4012.8000,4013.0000,4013.2000,4014.0000,2,1,7,1,1,2,2,1,2,2
SF,IF2012,2020-06-22 09:33:47.400,4010.6000,12997,0,958645320.000,0,-,-,-,-,4010.8000,4010.2000,4010.0000,4009.6000,4009.0000,4012.2000,4012.4000,4012.8000,4013.0000,4013.2000,2,1,7,1,1,2,1,1,1,2
SF,IF2012,2020-06-22 09:33:47.900,4010.8000,12997,0,959848560.000,1,0,1,多换,S,4010.8000,4010.2000,4010.0000,4009.6000,4009.0000,4012.0000,4012.2000,4012.4000,4012.8000,4013.0000,1,1,7,1,1,1,2,1,1,1
SF,IF2012,2020-06-22 09:33:48.400,4010.8000,12997,0,959848560.000,0,-,-,-,-,4010.8000,4010.2000,4010.0000,4009.6000,4009.0000,4012.0000,4012.4000,4012.8000,4013.0000,4013.8000,1,1,7,1,1,1,1,1,1,1
SF,IF2012,2020-06-22 09:33:48.900,4012.0000,12997,0,961052160.000,1,0,1,多换,S,4012.2000,4010.8000,4010.2000,4010.0000,4009.6000,4012.4000,4012.8000,4013.0000,4013.8000,4014.0000,9,1,1,7,1,1,1,1,1,2
SF,IF2012,2020-06-22 09:33:49.400,4012.2000,12997,0,965866800.000,4,2,2,多换,S,4012.2000,4010.8000,4010.2000,4010.0000,4009.6000,4012.4000,4013.0000,4014.0000,4019.0000,4020.0000,5,1,1,7,1,1,1,2,1,1
SF,IF2012,2020-06-22 09:33:49.900,4012.2000,12998,1,967070460.000,1,1,0,双开,S,4012.2000,4011.0000,4010.8000,4010.2000,4010.0000,4012.4000,4013.0000,4014.0000,4019.0000,4020.0000,4,1,1,1,7,1,1,2,1,1
SF,IF2012,2020-06-22 09:33:50.400,4012.2000,12999,1,968274120.000,1,1,0,双开,S,4012.2000,4011.0000,4010.8000,4010.2000,4010.0000,4012.4000,4014.0000,4015.8000,4019.0000,4020.0000,3,1,1,1,8,1,2,2,1,1
SF,IF2012,2020-06-22 09:33:50.900,4012.2000,12999,0,971885100.000,3,1,2,多换,S,4011.0000,4010.8000,4010.2000,4010.0000,4009.6000,4012.4000,4014.0000,4015.8000,4019.0000,4020.0000,1,1,1,8,1,1,2,2,1,1
SF,IF2012,2020-06-22 09:33:51.400,4012.2000,12999,0,971885100.000,0,-,-,-,-,4011.2000,4011.0000,4010.8000,4010.2000,4010.0000,4012.0000,4014.0000,4015.8000,4019.0000,4020.0000,1,1,1,1,8,1,2,2,1,1
SF,IF2012,2020-06-22 09:33:51.900,4012.2000,12999,0,971885100.000,0,-,-,-,-,4011.2000,4011.0000,4010.2000,4010.0000,4009.6000,4012.2000,4014.0000,4015.8000,4019.0000,4020.0000,1,1,1,8,1,2,2,2,1,1
SF,IF2012,2020-06-22 09:33:52.400,4012.2000,12996,-3,976699440.000,4,0,4,多平,S,4011.0000,4010.2000,4010.0000,4009.6000,4009.0000,4014.0000,4015.8000,4019.0000,4020.0000,4020.2000,1,1,8,1,1,2,2,1,1,2
SF,IF2012,2020-06-22 09:33:52.900,4012.2000,12997,1,977903100.000,1,1,0,双开,S,4012.8000,4011.2000,4011.0000,4010.2000,4010.0000,4013.8000,4014.0000,4015.8000,4019.0000,4020.0000,4,3,1,1,8,2,2,2,1,1
SF,IF2012,2020-06-22 09:33:53.400,4012.8000,12998,1,980310780.000,2,1,1,空开,S,4012.8000,4011.2000,4011.0000,4010.2000,4010.0000,4013.6000,4013.8000,4014.0000,4015.8000,4019.0000,7,3,1,1,8,1,1,2,2,1
SF,IF2012,2020-06-22 09:33:53.900,4013.6000,12998,0,981514860.000,1,0,1,多换,S,4013.6000,4012.8000,4011.2000,4011.0000,4010.2000,4014.0000,4015.8000,4019.0000,4020.0000,4020.2000,3,12,3,1,1,2,2,1,1,2
SF,IF2012,2020-06-22 09:33:54.400,4013.6000,12998,0,983923140.000,2,1,1,多换,S,4013.6000,4012.8000,4011.2000,4011.0000,4010.2000,4014.0000,4015.8000,4019.0000,4020.0000,4020.2000,2,12,3,1,1,1,2,1,1,2
SF,IF2012,2020-06-22 09:33:54.900,4013.6000,12998,0,983923140.000,0,-,-,-,-,4013.6000,4012.8000,4011.2000,4011.0000,4010.2000,4014.0000,4019.0000,4020.0000,4020.2000,4020.6000,2,12,3,1,1,1,1,1,2,1
SF,IF2012,2020-06-22 09:33:55.400,4013.6000,12997,-1,986331300.000,2,0,2,多平,S,4012.8000,4011.2000,4011.0000,4010.2000,4010.0000,4014.0000,4019.0000,4020.0000,4020.2000,4020.6000,12,3,1,1,8,1,1,1,2,1
SF,IF2012,2020-06-22 09:33:55.900,4013.6000,12997,0,986331300.000,0,-,-,-,-,4013.0000,4012.8000,4011.2000,4011.0000,4010.2000,4014.0000,4019.0000,4020.0000,4020.2000,4020.6000,1,12,2,1,1,1,1,1,2,1
SF,IF2012,2020-06-22 09:33:56.400,4014.0000,12996,-1,987535500.000,1,0,1,双平,S,4013.0000,4011.2000,4011.0000,4010.2000,4010.0000,4013.8000,4014.2000,4019.0000,4020.0000,4020.2000,1,2,1,1,8,1,1,1,1,2
SF,IF2012,2020-06-22 09:33:56.900,4014.0000,12996,0,987535500.000,0,-,-,-,-,4013.0000,4011.2000,4011.0000,4010.2000,4010.0000,4013.8000,4014.2000,4019.0000,4020.0000,4020.2000,1,2,1,1,7,1,1,1,1,2
SF,IF2012,2020-06-22 09:33:57.400,4013.2000,12996,0,988739460.000,1,0,1,多换,S,4013.2000,4013.0000,4011.0000,4010.2000,4010.0000,4013.8000,4014.2000,4019.0000,4020.0000,4020.2000,2,1,1,1,7,1,1,1,1,2
SF,IF2012,2020-06-22 09:33:57.900,4013.8000,12995,-1,989943600.000,1,0,1,双平,S,4013.2000,4013.0000,4011.0000,4010.2000,4010.0000,4014.2000,4019.0000,4020.0000,4020.2000,4020.6000,2,1,1,1,7,1,1,1,2,1
SF,IF2012,2020-06-22 09:33:59.400,4013.2000,12996,1,991147560.000,1,1,0,双开,S,4013.0000,4011.0000,4010.2000,4010.0000,4009.6000,4014.0000,4014.2000,4019.0000,4020.0000,4020.2000,1,1,1,7,1,1,1,1,1,2
SF,IF2012,2020-06-22 09:33:59.900,4014.2000,12996,0,993556020.000,2,1,1,多换,S,4014.2000,4010.2000,4010.0000,4009.6000,4009.0000,4019.0000,4020.0000,4020.2000,4020.6000,4022.2000,3,1,7,1,1,1,1,2,1,2
SF,IF2012,2020-06-22 09:34:00.400,4014.2000,12996,0,993556020.000,0,-,-,-,-,4014.2000,4013.0000,4010.2000,4010.0000,4009.6000,4018.8000,4019.0000,4020.0000,4020.2000,4020.6000,3,2,1,8,1,2,1,1,2,1
SF,IF2012,2020-06-22 09:34:00.900,4014.2000,12996,0,993556020.000,0,-,-,-,-,4014.4000,4014.2000,4013.0000,4010.2000,4010.0000,4017.4000,4018.8000,4019.0000,4020.0000,4020.2000,2,3,2,1,8,2,2,1,1,2
SF,IF2012,2020-06-22 09:34:01.400,4014.2000,12997,1,994760280.000,1,1,0,双开,S,4014.2000,4013.0000,4010.2000,4010.0000,4009.6000,4017.2000,4017.4000,4019.0000,4020.0000,4020.2000,3,2,1,8,1,2,3,1,1,2
SF,IF2012,2020-06-22 09:34:01.900,4014.2000,12997,0,994760280.000,0,-,-,-,-,4014.2000,4013.0000,4010.2000,4010.0000,4009.6000,4016.8000,4017.2000,4017.4000,4018.0000,4019.0000,3,2,1,8,1,1,2,2,1,1
SF,IF2012,2020-06-22 09:34:02.400,4014.2000,13003,6,1004398260.000,8,7,1,空开,S,4014.2000,4013.0000,4010.2000,4010.0000,4009.6000,4016.6000,4017.4000,4018.0000,4019.0000,4020.0000,1,2,1,8,1,1,1,1,1,1
SF,IF2012,2020-06-22 09:34:02.900,4014.2000,13003,0,1004398260.000,0,-,-,-,-,4014.4000,4014.2000,4013.0000,4010.2000,4010.0000,4016.2000,4016.4000,4016.6000,4018.0000,4019.0000,1,1,2,1,8,2,1,1,1,1
SF,IF2012,2020-06-22 09:34:03.400,4016.6000,13005,2,1008013020.000,3,2,1,空开,S,4017.6000,4014.6000,4014.2000,4013.0000,4010.2000,4018.0000,4019.0000,4020.0000,4020.2000,4020.6000,12,2,1,2,1,1,1,1,2,1
SF,IF2012,2020-06-22 09:34:03.900,4014.6000,13007,2,1023680460.000,13,7,6,空开,S,4014.6000,4014.2000,4013.0000,4010.2000,4010.0000,4016.0000,4018.0000,4019.0000,4020.0000,4020.2000,1,1,2,1,8,1,1,1,1,2
SF,IF2012,2020-06-22 09:34:04.400,4017.6000,13008,1,1027295820.000,3,2,1,空开,S,4017.6000,4014.6000,4014.2000,4013.0000,4010.2000,4018.0000,4019.0000,4020.0000,4020.2000,4020.6000,3,1,1,2,1,1,1,1,2,1
SF,IF2012,2020-06-22 09:34:04.900,4017.6000,13010,2,1030911660.000,3,2,1,空开,S,4014.6000,4014.2000,4013.0000,4010.2000,4010.0000,4018.0000,4019.0000,4020.0000,4020.2000,4020.6000,2,1,2,1,8,1,1,1,2,1
SF,IF2012,2020-06-22 09:34:05.400,4016.2000,13011,1,1032116520.000,1,1,0,双开,S,4016.2000,4014.8000,4014.6000,4014.2000,4013.0000,4017.8000,4018.0000,4019.0000,4020.0000,4020.2000,2,2,2,2,2,3,1,1,1,2
SF,IF2012,2020-06-22 09:34:05.900,4016.2000,13011,0,1032116520.000,0,-,-,-,-,4016.2000,4014.8000,4014.6000,4014.2000,4013.0000,4017.6000,4017.8000,4018.0000,4019.0000,4020.0000,2,2,1,2,2,1,2,1,1,2
SF,IF2012,2020-06-22 09:34:06.400,4016.2000,13012,1,1033321380.000,1,1,0,双开,S,4017.6000,4016.2000,4015.0000,4014.8000,4014.6000,4017.8000,4018.0000,4019.0000,4020.0000,4020.2000,4,3,1,2,1,2,1,1,2,2
SF,IF2012,2020-06-22 09:34:06.900,4016.2000,13013,1,1034526240.000,1,1,0,双开,S,4017.6000,4016.2000,4015.0000,4014.8000,4014.6000,4017.8000,4018.0000,4019.0000,4020.0000,4020.2000,3,2,1,3,1,2,1,1,2,2
SF,IF2012,2020-06-22 09:34:07.400,4017.2000,13016,3,1038141720.000,3,3,0,双开,S,4016.2000,4015.0000,4014.8000,4014.6000,4014.2000,4017.8000,4018.0000,4019.0000,4020.0000,4020.2000,2,2,3,1,2,2,1,1,2,2
SF,IF2012,2020-06-22 09:34:07.900,4017.6000,13016,0,1039347000.000,1,0,1,多换,S,4016.6000,4016.2000,4015.0000,4014.8000,4014.6000,4017.8000,4018.0000,4019.0000,4020.0000,4020.2000,1,2,2,2,1,1,3,1,2,2
SF,IF2012,2020-06-22 09:34:08.400,4016.6000,13017,1,1040551980.000,1,1,0,双开,S,4017.0000,4016.2000,4015.0000,4014.8000,4014.6000,4017.6000,4017.8000,4018.0000,4019.0000,4020.0000,1,2,2,2,1,3,3,3,1,2
SF,IF2012,2020-06-22 09:34:08.900,4017.0000,13017,0,1041757080.000,1,0,1,多换,S,4016.2000,4015.0000,4014.8000,4014.6000,4014.2000,4017.6000,4017.8000,4018.0000,4019.0000,4020.0000,2,2,2,1,2,3,2,3,1,2
SF,IF2012,2020-06-22 09:34:09.400,4016.4000,13018,1,1042962000.000,1,1,0,双开,S,4016.4000,4016.2000,4015.0000,4014.8000,4014.6000,4016.8000,4017.6000,4017.8000,4018.0000,4019.0000,2,2,2,2,1,1,3,2,3,1
SF,IF2012,2020-06-22 09:34:09.900,4016.8000,13017,-1,1044167040.000,1,0,1,双平,S,4016.4000,4016.2000,4015.0000,4014.8000,4014.6000,4017.0000,4017.6000,4017.8000,4018.0000,4019.0000,2,2,2,2,1,1,4,2,3,1
SF,IF2012,2020-06-22 09:34:10.400,4016.2000,13016,-1,1048986840.000,4,1,3,多平,S,4016.2000,4015.0000,4014.8000,4014.6000,4014.2000,4017.6000,4017.8000,4018.0000,4019.0000,4020.0000,1,2,2,1,2,4,2,3,1,2
SF,IF2012,2020-06-22 09:34:10.900,4016.2000,13016,0,1048986840.000,0,-,-,-,-,4016.2000,4015.0000,4014.8000,4014.6000,4014.2000,4017.6000,4017.8000,4018.0000,4019.0000,4020.0000,1,2,2,1,2,4,2,3,1,2
SF,IF2012,2020-06-22 09:34:11.400,4017.6000,13018,2,1051396980.000,2,2,0,双开,S,4015.0000,4014.8000,4014.6000,4014.2000,4013.0000,4017.6000,4017.8000,4018.0000,4019.0000,4020.0000,2,2,1,2,1,3,2,3,1,2
SF,IF2012,2020-06-22 09:34:11.900,4017.6000,13018,0,1051396980.000,0,-,-,-,-,4015.2000,4015.0000,4014.6000,4014.2000,4013.0000,4016.2000,4017.4000,4017.6000,4017.8000,4018.0000,2,2,1,6,1,1,1,3,2,3
SF,IF2012,2020-06-22 09:34:12.400,4015.4000,13018,0,1053806460.000,2,1,1,多换,S,4016.0000,4015.0000,4014.6000,4014.2000,4013.0000,4017.4000,4017.6000,4017.8000,4018.0000,4019.0000,3,2,1,6,1,1,3,2,3,1
SF,IF2012,2020-06-22 09:34:12.900,4015.4000,13018,0,1053806460.000,0,-,-,-,-,4017.0000,4016.4000,4016.2000,4016.0000,4015.0000,4017.4000,4017.6000,4017.8000,4018.0000,4019.0000,4,1,1,3,2,1,3,2,3,1
SF,IF2012,2020-06-22 09:34:13.400,4017.6000,13018,0,1058627520.000,4,2,2,多换,S,4017.6000,4017.0000,4016.2000,4016.0000,4015.6000,4017.8000,4018.0000,4019.0000,4020.0000,4020.2000,1,4,1,3,1,2,3,1,2,2
SF,IF2012,2020-06-22 09:34:13.900,4017.0000,13019,1,1061037900.000,2,1,1,空开,S,4017.0000,4016.2000,4016.0000,4015.6000,4015.0000,4017.2000,4017.8000,4018.0000,4019.0000,4020.0000,3,1,3,1,2,1,2,3,1,2
SF,IF2012,2020-06-22 09:34:14.400,4017.0000,13019,0,1064653200.000,3,1,2,多换,S,4016.2000,4016.0000,4015.8000,4015.6000,4015.0000,4017.2000,4017.6000,4017.8000,4018.0000,4019.0000,1,2,1,1,2,2,1,2,3,1
SF,IF2012,2020-06-22 09:34:14.900,4017.0000,13019,0,1064653200.000,0,-,-,-,-,4016.2000,4016.0000,4015.6000,4015.0000,4014.2000,4017.2000,4017.4000,4017.6000,4017.8000,4018.0000,1,2,1,1,6,2,1,1,2,3
SF,IF2012,2020-06-22 09:34:15.400,4017.2000,13019,0,1069472820.000,4,2,2,多换,S,4015.6000,4015.0000,4014.2000,4013.4000,4013.0000,4017.2000,4017.4000,4017.6000,4017.8000,4018.0000,1,1,6,1,1,1,1,1,2,3
SF,IF2012,2020-06-22 09:34:15.900,4017.2000,13020,1,1070677980.000,1,1,0,双开,S,4015.6000,4015.0000,4014.2000,4013.4000,4013.0000,4017.0000,4017.2000,4017.4000,4017.8000,4018.0000,1,1,6,1,1,2,1,1,2,3
SF,IF2012,2020-06-22 09:34:16.400,4017.2000,13020,0,1070677980.000,0,-,-,-,-,4015.8000,4015.0000,4014.2000,4013.4000,4013.0000,4017.0000,4017.2000,4017.8000,4018.0000,4019.0000,2,1,6,1,1,2,1,2,6,1
SF,IF2012,2020-06-22 09:34:16.900,4017.2000,13020,0,1070677980.000,0,-,-,-,-,4015.0000,4014.2000,4013.0000,4010.2000,4010.0000,4016.8000,4017.0000,4017.8000,4018.0000,4019.0000,1,6,1,1,1,1,3,2,6,1
SF,IF2012,2020-06-22 09:34:17.400,4016.6000,13020,0,1073087580.000,2,1,1,多换,S,4015.4000,4015.2000,4015.0000,4014.2000,4013.0000,4016.8000,4017.0000,4017.8000,4018.0000,4019.0000,1,3,1,6,1,1,2,2,6,1
SF,IF2012,2020-06-22 09:34:17.900,4016.6000,13020,0,1073087580.000,0,-,-,-,-,4015.8000,4015.6000,4015.0000,4014.2000,4013.0000,4016.8000,4017.0000,4017.8000,4018.0000,4019.0000,1,3,1,6,1,1,2,2,6,1
