市场代码,合约代码,时间,最新,持仓,增仓,成交额,成交量,开仓,平仓,成交类型,方向,买一价,买二价,买三价,买四价,买五价,卖一价,卖二价,卖三价,卖四价,卖五价,买一量,买二量,买三量,买四量,买五量,卖一量,卖二量,卖三量,卖四量,卖五量
SF,IF2001,2019-12-16 09:29:00.000,3977.8000,14826,0,11933400.000,10.000,-,-,-,-,3975.0000,3972.2000,3971.6000,3970.0000,3969.8000,3978.0000,3980.0000,3981.8000,3982.0000,3984.0000,10,1,1,2,2,3,1,1,1,1
SF,IF2001,2019-12-16 09:30:00.500,3977.0000,14834,8,42935940.000,26,17,9,空开,S,3970.0000,3969.8000,3969.2000,3969.0000,3968.2000,3977.6000,3977.8000,3978.0000,3978.6000,3979.0000,3,2,1,1,2,3,6,4,2,1
SF,IF2001,2019-12-16 09:30:01.000,3977.4000,14837,3,70377960.000,23,13,10,空开,S,3971.2000,3970.4000,3970.2000,3970.0000,3969.8000,3977.4000,3977.6000,3977.8000,3978.0000,3978.6000,1,1,12,3,2,10,4,2,4,2
SF,IF2001,2019-12-16 09:30:01.500,3970.4000,14834,-3,76334700.000,5,1,4,多平,S,3970.2000,3970.0000,3969.8000,3969.2000,3969.0000,3971.8000,3972.4000,3972.8000,3976.0000,3977.0000,7,3,2,1,1,2,5,1,1,3
SF,IF2001,2019-12-16 09:30:02.000,3970.0000,14834,0,82290900.000,5,2,3,多换,S,3970.0000,3969.8000,3969.2000,3969.0000,3968.2000,3971.6000,3971.8000,3972.4000,3973.6000,3973.8000,1,2,1,1,2,1,8,5,1,1
SF,IF2001,2019-12-16 09:30:02.500,3971.4000,14832,-2,87056520.000,4,1,3,多平,S,3970.2000,3970.0000,3969.8000,3969.2000,3969.0000,3971.6000,3971.8000,3972.4000,3973.6000,3973.8000,1,1,2,1,1,1,8,5,1,1
SF,IF2001,2019-12-16 09:30:03.000,3971.6000,14830,-2,89439420.000,2,0,2,双平,S,3970.4000,3970.2000,3970.0000,3969.8000,3969.2000,3971.8000,3972.4000,3973.6000,3973.8000,3974.6000,4,2,1,2,1,3,5,1,1,10
SF,IF2001,2019-12-16 09:30:03.500,3971.6000,14830,0,90630900.000,1,0,1,多换,S,3970.6000,3970.4000,3970.2000,3970.0000,3969.8000,3971.6000,3971.8000,3972.4000,3973.6000,3973.8000,1,9,2,1,2,1,2,5,1,1
SF,IF2001,2019-12-16 09:30:04.000,3970.8000,14831,1,91822140.000,1,1,0,双开,S,3970.8000,3970.6000,3970.4000,3970.2000,3970.0000,3971.6000,3971.8000,3972.4000,3973.6000,3973.8000,3,1,6,2,1,1,2,5,1,1
SF,IF2001,2019-12-16 09:30:04.500,3971.8000,14829,-2,95396400.000,3,0,3,多平,S,3970.8000,3970.6000,3970.4000,3970.2000,3970.0000,3971.8000,3972.4000,3973.6000,3973.8000,3974.6000,7,1,1,2,1,1,5,1,1,10
SF,IF2001,2019-12-16 09:30:05.000,3971.8000,14829,0,96587940.000,1,0,1,多换,S,3971.2000,3971.0000,3970.8000,3970.4000,3970.2000,3972.8000,3974.6000,3977.0000,3977.2000,3977.4000,1,3,6,1,2,1,10,3,1,6
SF,IF2001,2019-12-16 09:30:05.500,3971.8000,14829,0,96587940.000,0,-,-,-,-,3971.4000,3971.0000,3970.8000,3970.4000,3970.2000,3972.4000,3972.6000,3972.8000,3974.6000,3977.0000,1,4,5,1,2,2,2,2,10,3
SF,IF2001,2019-12-16 09:30:06.000,3972.4000,14829,0,97779660.000,1,0,1,多换,S,3971.6000,3971.4000,3971.2000,3971.0000,3970.6000,3972.8000,3974.6000,3977.0000,3977.2000,3977.4000,1,9,2,4,1,1,10,4,1,6
SF,IF2001,2019-12-16 09:30:06.500,3972.8000,14828,-1,98971500.000,1,0,1,双平,S,3971.8000,3971.6000,3971.4000,3971.2000,3971.0000,3974.0000,3977.0000,3977.2000,3977.4000,3977.6000,6,2,3,2,3,1,4,1,6,1
SF,IF2001,2019-12-16 09:30:07.000,3972.8000,14828,0,98971500.000,0,-,-,-,-,3971.8000,3971.6000,3971.4000,3971.2000,3971.0000,3972.6000,3972.8000,3973.2000,3973.4000,3973.6000,1,2,4,2,2,1,1,6,1,1
SF,IF2001,2019-12-16 09:30:07.500,3972.0000,14826,-2,102546480.000,3,0,3,多平,S,3972.0000,3971.8000,3971.6000,3971.4000,3971.2000,3973.4000,3973.6000,3974.0000,3977.0000,3977.4000,5,1,2,4,2,1,1,2,4,6
SF,IF2001,2019-12-16 09:30:08.000,3973.2000,14826,0,104930040.000,2,1,1,多换,S,3972.2000,3972.0000,3971.6000,3971.4000,3971.2000,3973.4000,3973.6000,3974.0000,3977.0000,3977.4000,1,1,2,4,2,1,1,2,4,6
SF,IF2001,2019-12-16 09:30:08.500,3973.4000,14826,0,106122060.000,1,0,1,多换,S,3973.0000,3972.2000,3972.0000,3971.6000,3971.4000,3973.6000,3974.0000,3977.0000,3977.4000,3977.6000,1,1,1,2,3,1,2,4,6,1
SF,IF2001,2019-12-16 09:30:09.000,3974.0000,14824,-2,108506340.000,2,0,2,双平,S,3973.2000,3973.0000,3972.8000,3972.6000,3972.4000,3975.0000,3977.0000,3977.4000,3977.6000,3977.8000,1,1,1,2,2,1,4,6,1,1
SF,IF2001,2019-12-16 09:30:09.500,3974.0000,14824,0,112082520.000,3,1,2,多换,S,3973.0000,3972.8000,3972.6000,3972.4000,3971.6000,3974.0000,3974.2000,3974.4000,3974.8000,3975.0000,1,1,2,2,2,1,1,2,1,2
SF,IF2001,2019-12-16 09:30:10.000,3975.0000,14820,-4,116851800.000,4,0,4,双平,S,3974.4000,3973.4000,3973.2000,3973.0000,3972.8000,3975.8000,3977.0000,3977.4000,3977.6000,3977.8000,1,2,4,1,1,1,4,5,1,1
SF,IF2001,2019-12-16 09:30:10.500,3974.0000,14818,-2,119236320.000,2,0,2,双平,S,3973.2000,3973.0000,3972.8000,3972.6000,3972.4000,3974.4000,3974.6000,3975.6000,3975.8000,3977.0000,1,1,1,2,3,1,1,9,1,4
SF,IF2001,2019-12-16 09:30:11.000,3975.6000,14818,0,122814000.000,3,1,2,多换,S,3973.4000,3973.2000,3973.0000,3972.8000,3972.6000,3974.6000,3975.6000,3975.8000,3977.0000,3977.6000,3,1,1,1,2,1,7,1,4,1
SF,IF2001,2019-12-16 09:30:11.500,3974.6000,14817,-1,124006380.000,1,0,1,双平,S,3974.0000,3973.6000,3973.4000,3973.0000,3972.8000,3975.0000,3975.6000,3975.8000,3977.0000,3977.6000,4,1,1,1,1,1,7,1,4,1
SF,IF2001,2019-12-16 09:30:12.000,3975.6000,14817,0,125199060.000,1,0,1,多换,S,3974.2000,3974.0000,3973.6000,3973.4000,3973.0000,3975.6000,3975.8000,3977.0000,3977.6000,3977.8000,1,4,3,1,1,6,1,4,1,1
SF,IF2001,2019-12-16 09:30:12.500,3975.6000,14816,-1,126391740.000,1,0,1,双平,S,3974.2000,3974.0000,3973.6000,3973.4000,3973.0000,3975.6000,3975.8000,3977.0000,3977.6000,3977.8000,1,5,3,1,1,6,1,3,1,1
SF,IF2001,2019-12-16 09:30:13.000,3974.4000,14817,1,127584060.000,1,1,0,双开,S,3974.2000,3974.0000,3973.6000,3973.4000,3973.0000,3975.2000,3975.6000,3975.8000,3977.0000,3977.6000,1,5,3,1,1,1,6,1,3,1
SF,IF2001,2019-12-16 09:30:13.500,3974.4000,14817,0,127584060.000,0,-,-,-,-,3974.6000,3974.4000,3974.2000,3974.0000,3973.6000,3975.0000,3975.4000,3975.6000,3975.8000,3977.0000,1,4,1,5,3,2,2,4,1,3
SF,IF2001,2019-12-16 09:30:14.000,3974.6000,14816,-1,133545960.000,5,2,3,多平,S,3974.8000,3974.4000,3974.2000,3974.0000,3973.6000,3975.4000,3975.6000,3975.8000,3977.0000,3977.6000,1,4,1,5,1,2,4,1,3,1
SF,IF2001,2019-12-16 09:30:14.500,3974.8000,14816,0,134738400.000,1,0,1,多换,S,3975.2000,3974.8000,3974.4000,3974.2000,3974.0000,3975.6000,3975.8000,3977.0000,3977.6000,3977.8000,1,1,3,1,5,1,1,3,1,1
SF,IF2001,2019-12-16 09:30:15.000,3974.8000,14816,0,137123400.000,2,1,1,多换,S,3974.4000,3974.2000,3974.0000,3973.6000,3973.4000,3975.6000,3975.8000,3977.0000,3977.6000,3977.8000,3,1,5,1,1,1,1,3,1,1
SF,IF2001,2019-12-16 09:30:15.500,3974.8000,14816,0,137123400.000,0,-,-,-,-,3974.2000,3974.0000,3973.6000,3973.4000,3973.0000,3975.2000,3975.6000,3975.8000,3977.0000,3977.6000,1,5,1,1,1,1,1,1,3,1
SF,IF2001,2019-12-16 09:30:16.000,3975.2000,14814,-2,140700540.000,3,0,3,多平,S,3974.0000,3973.6000,3973.4000,3973.0000,3972.8000,3975.6000,3975.8000,3977.0000,3977.6000,3977.8000,5,1,1,1,1,1,1,3,1,1
SF,IF2001,2019-12-16 09:30:16.500,3975.2000,14814,0,140700540.000,0,-,-,-,-,3974.0000,3973.6000,3973.4000,3973.0000,3972.8000,3974.2000,3974.8000,3975.4000,3975.6000,3975.8000,5,1,1,1,1,1,1,2,1,1
SF,IF2001,2019-12-16 09:30:17.000,3974.8000,14813,-1,146661840.000,5,2,3,多平,S,3975.2000,3974.6000,3974.2000,3974.0000,3973.6000,3975.4000,3975.6000,3975.8000,3977.0000,3977.6000,1,1,3,2,1,2,1,1,3,1
SF,IF2001,2019-12-16 09:30:17.500,3974.2000,14813,0,150239040.000,3,1,2,多换,S,3974.2000,3974.0000,3973.6000,3973.4000,3972.8000,3975.2000,3975.4000,3975.6000,3975.8000,3977.0000,2,2,1,1,1,2,2,1,1,3
SF,IF2001,2019-12-16 09:30:18.000,3974.2000,14812,-1,156200220.000,5,2,3,多平,S,3973.6000,3973.4000,3972.8000,3972.6000,3972.4000,3974.2000,3975.2000,3975.4000,3975.6000,3975.8000,1,1,1,2,3,1,3,2,1,1
SF,IF2001,2019-12-16 09:30:18.500,3974.2000,14812,0,157392480.000,1,0,1,多换,S,3973.6000,3973.4000,3972.8000,3972.6000,3972.4000,3974.2000,3975.2000,3975.4000,3975.6000,3975.8000,1,1,1,2,3,1,3,2,1,1
SF,IF2001,2019-12-16 09:30:19.000,3974.0000,14813,1,159776940.000,2,1,1,空开,S,3974.0000,3973.4000,3972.8000,3972.6000,3972.4000,3975.0000,3975.2000,3975.4000,3975.8000,3977.0000,4,1,1,2,3,1,4,2,1,3
SF,IF2001,2019-12-16 09:30:19.500,3974.0000,14815,2,164545740.000,4,3,1,空开,S,3973.4000,3972.8000,3972.6000,3972.4000,3972.2000,3974.6000,3974.8000,3975.0000,3975.2000,3975.4000,1,1,2,3,1,5,1,1,3,1
SF,IF2001,2019-12-16 09:30:20.000,3974.0000,14815,0,164545740.000,0,-,-,-,-,3973.4000,3972.8000,3972.6000,3972.4000,3972.2000,3974.0000,3974.6000,3974.8000,3975.0000,3975.2000,1,1,2,3,1,1,5,1,3,3
SF,IF2001,2019-12-16 09:30:20.500,3974.0000,14815,0,164545740.000,0,-,-,-,-,3973.4000,3972.8000,3972.6000,3972.4000,3972.2000,3974.8000,3975.0000,3975.2000,3975.8000,3977.0000,1,1,2,3,1,1,3,3,1,3
SF,IF2001,2019-12-16 09:30:21.000,3973.4000,14815,0,166929600.000,2,1,1,多换,S,3972.6000,3972.4000,3972.2000,3972.0000,3971.6000,3974.4000,3974.6000,3974.8000,3975.0000,3975.2000,2,3,1,2,1,5,1,1,3,3
SF,IF2001,2019-12-16 09:30:21.500,3973.8000,14815,0,168121740.000,1,0,1,多换,S,3972.6000,3972.4000,3972.2000,3972.0000,3971.6000,3973.8000,3974.2000,3974.4000,3974.6000,3975.0000,3,3,1,2,1,4,6,5,3,3
SF,IF2001,2019-12-16 09:30:22.000,3973.4000,14813,-2,171697320.000,3,0,3,多平,S,3972.6000,3972.4000,3972.2000,3972.0000,3971.6000,3973.4000,3973.6000,3973.8000,3974.0000,3974.2000,1,2,1,2,1,3,2,5,2,4
SF,IF2001,2019-12-16 09:30:22.500,3973.4000,14813,0,171697320.000,0,-,-,-,-,3972.6000,3972.4000,3972.2000,3972.0000,3971.6000,3973.4000,3973.6000,3973.8000,3974.0000,3974.2000,1,1,1,2,1,3,9,5,2,2
SF,IF2001,2019-12-16 09:30:23.000,3973.4000,14813,0,171697320.000,0,-,-,-,-,3972.6000,3972.4000,3972.2000,3972.0000,3971.6000,3973.4000,3973.6000,3973.8000,3974.0000,3974.2000,1,1,1,2,1,3,8,5,2,2
SF,IF2001,2019-12-16 09:30:23.500,3973.4000,14811,-2,174081360.000,2,0,2,双平,S,3972.6000,3972.4000,3972.2000,3972.0000,3971.6000,3973.4000,3973.8000,3974.2000,3974.4000,3975.0000,2,1,1,2,1,1,5,2,5,5
SF,IF2001,2019-12-16 09:30:24.000,3973.4000,14811,0,175273380.000,1,0,1,多换,S,3973.4000,3972.6000,3972.4000,3972.2000,3972.0000,3973.8000,3974.2000,3974.4000,3975.0000,3975.2000,2,2,1,1,2,5,2,5,5,2
SF,IF2001,2019-12-16 09:30:24.500,3973.4000,14812,1,177657420.000,2,1,1,空开,S,3973.0000,3972.8000,3972.6000,3972.4000,3972.2000,3973.4000,3973.6000,3973.8000,3974.2000,3974.4000,1,1,2,1,1,1,9,5,2,5
SF,IF2001,2019-12-16 09:30:25.000,3973.0000,14814,2,180041340.000,2,2,0,双开,S,3972.8000,3972.6000,3972.4000,3972.2000,3972.0000,3973.6000,3973.8000,3974.2000,3974.4000,3975.0000,1,2,1,1,2,9,5,2,5,5
SF,IF2001,2019-12-16 09:30:25.500,3972.6000,14813,-1,182424960.000,2,0,2,多平,S,3972.6000,3972.4000,3972.2000,3972.0000,3971.6000,3973.6000,3973.8000,3974.2000,3974.4000,3975.0000,1,1,1,2,1,9,5,2,5,5
SF,IF2001,2019-12-16 09:30:26.000,3973.4000,14812,-1,183616980.000,1,0,1,双平,S,3972.8000,3972.2000,3972.0000,3971.6000,3971.2000,3973.6000,3973.8000,3974.2000,3974.4000,3975.0000,1,1,2,1,4,9,4,2,5,5
SF,IF2001,2019-12-16 09:30:26.500,3972.8000,14811,-1,186000660.000,2,0,2,多平,S,3972.2000,3972.0000,3971.6000,3971.2000,3970.6000,3973.4000,3973.6000,3973.8000,3974.2000,3974.4000,1,2,1,4,1,1,9,4,2,5
SF,IF2001,2019-12-16 09:30:27.000,3973.4000,14812,1,194344620.000,7,4,3,空开,S,3973.4000,3972.2000,3972.0000,3971.6000,3971.2000,3973.6000,3973.8000,3974.2000,3974.4000,3975.0000,4,1,2,1,4,8,4,2,5,5
SF,IF2001,2019-12-16 09:30:27.500,3972.2000,14812,0,200304360.000,5,2,3,多换,S,3972.6000,3972.0000,3971.6000,3971.2000,3970.6000,3973.0000,3973.2000,3973.4000,3973.6000,3973.8000,1,2,1,4,1,2,2,4,7,4
SF,IF2001,2019-12-16 09:30:28.000,3972.6000,14810,-2,205071780.000,4,1,3,多平,S,3972.4000,3972.0000,3971.6000,3971.2000,3970.6000,3973.4000,3973.6000,3973.8000,3974.2000,3975.0000,1,2,1,4,1,3,7,4,1,5
SF,IF2001,2019-12-16 09:30:28.500,3973.4000,14810,0,206263800.000,1,0,1,多换,S,3972.8000,3972.6000,3972.4000,3972.0000,3971.6000,3973.4000,3973.6000,3973.8000,3974.2000,3975.0000,1,1,1,2,1,2,7,4,1,5
SF,IF2001,2019-12-16 09:30:29.000,3972.8000,14810,0,207455640.000,1,0,1,多换,S,3972.6000,3972.4000,3972.0000,3971.6000,3971.2000,3972.8000,3973.4000,3973.6000,3973.8000,3974.2000,1,1,2,1,4,1,4,7,4,1
SF,IF2001,2019-12-16 09:30:29.500,3972.8000,14809,-1,213414660.000,5,2,3,多平,S,3972.0000,3971.6000,3971.2000,3970.6000,3970.0000,3972.8000,3973.2000,3973.4000,3973.6000,3973.8000,2,1,4,1,1,3,7,3,7,4
SF,IF2001,2019-12-16 09:30:30.000,3972.0000,14807,-2,215798100.000,2,0,2,双平,S,3972.0000,3971.6000,3971.2000,3970.6000,3970.0000,3973.2000,3973.4000,3973.6000,3973.8000,3974.2000,1,1,4,1,1,1,3,7,4,1
SF,IF2001,2019-12-16 09:30:30.500,3972.0000,14808,1,216989700.000,1,1,0,双开,S,3971.6000,3971.2000,3970.6000,3970.0000,3969.8000,3972.0000,3972.8000,3973.2000,3973.4000,3973.6000,1,4,1,1,2,1,5,2,4,7
SF,IF2001,2019-12-16 09:30:31.000,3972.8000,14808,0,220564620.000,3,1,2,多换,S,3971.2000,3970.6000,3970.0000,3969.8000,3969.2000,3972.8000,3973.0000,3973.2000,3973.4000,3974.2000,4,1,1,2,1,4,3,2,4,1
SF,IF2001,2019-12-16 09:30:31.500,3972.0000,14807,-1,224139900.000,3,1,2,多平,S,3971.2000,3970.6000,3970.0000,3969.8000,3969.2000,3972.6000,3972.8000,3973.0000,3973.2000,3973.4000,4,1,1,2,1,5,4,3,2,4
SF,IF2001,2019-12-16 09:30:32.000,3972.4000,14806,-1,228906780.000,4,1,3,多平,S,3971.2000,3970.6000,3970.0000,3969.8000,3969.2000,3972.6000,3972.8000,3973.0000,3973.2000,3973.4000,4,1,1,2,1,7,4,1,2,4
SF,IF2001,2019-12-16 09:30:32.500,3972.4000,14806,0,228906780.000,0,-,-,-,-,3971.4000,3971.2000,3970.6000,3970.0000,3969.8000,3972.6000,3972.8000,3973.0000,3973.2000,3973.4000,1,4,1,1,2,7,4,1,2,4
SF,IF2001,2019-12-16 09:30:33.000,3972.6000,14805,-1,230098560.000,1,0,1,双平,S,3971.4000,3971.2000,3970.6000,3970.0000,3969.8000,3972.6000,3972.8000,3973.0000,3973.2000,3973.4000,1,4,1,1,2,4,4,1,2,4
SF,IF2001,2019-12-16 09:30:33.500,3972.6000,14805,0,230098560.000,0,-,-,-,-,3971.4000,3971.2000,3970.6000,3970.0000,3969.8000,3972.8000,3973.2000,3973.4000,3974.2000,3975.0000,1,4,1,1,2,4,2,4,1,4
SF,IF2001,2019-12-16 09:30:34.000,3972.6000,14805,0,230098560.000,0,-,-,-,-,3972.6000,3971.6000,3971.4000,3971.2000,3970.6000,3973.2000,3973.4000,3974.2000,3975.0000,3975.2000,1,1,1,4,1,1,4,1,4,1
SF,IF2001,2019-12-16 09:30:34.500,3972.6000,14806,1,231290340.000,1,1,0,双开,S,3971.6000,3971.4000,3971.2000,3970.6000,3970.0000,3973.2000,3973.4000,3974.2000,3975.0000,3975.2000,2,1,4,1,1,1,4,1,4,1
SF,IF2001,2019-12-16 09:30:35.000,3973.2000,14806,0,232482300.000,1,0,1,多换,S,3971.8000,3971.2000,3970.6000,3970.0000,3969.8000,3973.4000,3974.2000,3975.0000,3975.2000,3975.8000,1,4,1,1,2,4,1,4,1,1
SF,IF2001,2019-12-16 09:30:35.500,3971.8000,14806,0,233673840.000,1,0,1,多换,S,3971.2000,3970.6000,3970.0000,3969.8000,3969.2000,3973.2000,3973.4000,3974.2000,3975.0000,3975.2000,4,1,1,2,1,2,4,1,4,1
SF,IF2001,2019-12-16 09:30:36.000,3973.2000,14804,-2,236057220.000,2,0,2,双平,S,3971.4000,3971.2000,3970.6000,3970.0000,3969.8000,3973.4000,3974.2000,3975.0000,3975.2000,3975.8000,5,5,1,1,2,4,1,4,1,1
SF,IF2001,2019-12-16 09:30:36.500,3973.2000,14804,0,236057220.000,0,-,-,-,-,3971.4000,3971.2000,3970.6000,3970.0000,3969.8000,3973.0000,3973.4000,3974.2000,3975.0000,3975.2000,5,5,1,1,2,1,5,1,4,1
SF,IF2001,2019-12-16 09:30:37.000,3973.2000,14804,0,238441140.000,2,1,1,多换,S,3971.8000,3971.6000,3971.4000,3971.2000,3970.6000,3973.2000,3973.4000,3974.2000,3975.0000,3975.2000,2,3,3,5,1,6,4,1,4,1
SF,IF2001,2019-12-16 09:30:37.500,3971.8000,14799,-5,245590680.000,6,0,6,多平,S,3971.8000,3971.6000,3971.4000,3971.2000,3970.6000,3973.4000,3974.2000,3975.0000,3975.2000,3975.8000,2,3,3,5,1,4,1,4,1,1
SF,IF2001,2019-12-16 09:30:38.000,3971.8000,14799,0,245590680.000,0,-,-,-,-,3973.2000,3972.0000,3971.8000,3971.6000,3971.4000,3973.4000,3974.2000,3975.0000,3975.2000,3975.8000,1,2,3,3,3,4,1,4,1,1
SF,IF2001,2019-12-16 09:30:38.500,3973.2000,14798,-1,247974600.000,2,0,2,多平,S,3972.0000,3971.8000,3971.6000,3971.4000,3971.2000,3973.2000,3973.4000,3974.2000,3975.0000,3975.2000,3,3,1,3,5,3,4,1,4,1
SF,IF2001,2019-12-16 09:30:39.000,3972.0000,14798,0,250358160.000,2,1,1,多换,S,3972.2000,3971.8000,3971.6000,3971.4000,3971.2000,3973.2000,3973.4000,3974.2000,3975.0000,3975.2000,2,3,1,3,5,6,4,1,4,1
SF,IF2001,2019-12-16 09:30:39.500,3972.2000,14798,0,252741480.000,2,1,1,多换,S,3971.8000,3971.6000,3971.4000,3971.2000,3971.0000,3973.0000,3973.2000,3973.4000,3974.2000,3975.0000,3,1,3,5,1,1,6,4,1,4
SF,IF2001,2019-12-16 09:30:40.000,3972.2000,14798,0,252741480.000,0,-,-,-,-,3971.8000,3971.6000,3971.4000,3971.2000,3971.0000,3973.2000,3973.4000,3974.2000,3975.0000,3975.2000,3,1,3,5,1,6,4,1,4,1
SF,IF2001,2019-12-16 09:30:40.500,3972.2000,14798,0,252741480.000,0,-,-,-,-,3972.0000,3971.8000,3971.6000,3971.4000,3971.2000,3973.2000,3973.4000,3974.2000,3975.0000,3975.2000,1,3,1,3,5,1,4,1,4,1
SF,IF2001,2019-12-16 09:30:41.000,3972.2000,14798,0,252741480.000,0,-,-,-,-,3971.8000,3971.6000,3971.4000,3971.2000,3971.0000,3973.2000,3973.4000,3974.2000,3975.0000,3975.2000,3,1,3,5,1,1,4,1,4,1
SF,IF2001,2019-12-16 09:30:41.500,3972.0000,14798,0,253933080.000,1,0,1,多换,S,3972.0000,3971.8000,3971.6000,3971.4000,3971.2000,3973.0000,3973.2000,3973.4000,3973.6000,3974.2000,1,3,1,2,5,2,1,4,1,1
SF,IF2001,2019-12-16 09:30:42.000,3972.0000,14798,0,255124680.000,1,0,1,多换,S,3971.8000,3971.6000,3971.4000,3971.2000,3971.0000,3972.8000,3973.0000,3973.2000,3973.4000,3973.6000,2,1,1,5,1,1,3,1,4,1
SF,IF2001,2019-12-16 09:30:42.500,3973.0000,14797,-1,256316580.000,1,0,1,双平,S,3972.8000,3972.0000,3971.8000,3971.6000,3971.4000,3973.0000,3973.2000,3973.4000,3973.6000,3974.2000,1,1,2,1,1,6,1,4,1,1
SF,IF2001,2019-12-16 09:30:43.000,3972.0000,14797,0,258700020.000,2,1,1,多换,S,3971.8000,3971.6000,3971.4000,3971.2000,3971.0000,3972.8000,3973.0000,3973.4000,3973.6000,3974.2000,2,1,1,5,1,2,6,3,1,1
SF,IF2001,2019-12-16 09:30:43.500,3971.8000,14799,2,261083100.000,2,2,0,双开,S,3971.6000,3971.2000,3971.0000,3970.6000,3970.0000,3972.6000,3972.8000,3973.0000,3973.4000,3973.6000,1,4,1,1,1,4,4,6,3,1
SF,IF2001,2019-12-16 09:30:44.000,3972.6000,14797,-2,263466600.000,2,0,2,双平,S,3971.6000,3971.2000,3971.0000,3970.6000,3970.0000,3972.6000,3972.8000,3973.0000,3973.4000,3973.6000,1,4,1,1,1,3,4,5,3,1
SF,IF2001,2019-12-16 09:30:44.500,3972.6000,14797,0,263466600.000,0,-,-,-,-,3971.6000,3971.2000,3971.0000,3970.6000,3970.0000,3972.8000,3973.0000,3973.4000,3973.6000,3974.2000,1,2,1,1,1,4,5,3,1,1
SF,IF2001,2019-12-16 09:30:45.000,3972.8000,14796,-1,264658440.000,1,0,1,双平,S,3971.6000,3971.2000,3971.0000,3970.6000,3970.0000,3972.8000,3973.0000,3973.4000,3973.6000,3974.2000,1,2,1,1,1,3,5,3,1,1
SF,IF2001,2019-12-16 09:30:45.500,3972.8000,14796,0,264658440.000,0,-,-,-,-,3971.6000,3971.2000,3971.0000,3970.6000,3970.0000,3972.6000,3972.8000,3973.0000,3973.4000,3973.6000,1,2,1,1,1,1,2,5,3,1
SF,IF2001,2019-12-16 09:30:46.000,3972.6000,14795,-1,265850220.000,1,0,1,双平,S,3972.0000,3971.6000,3971.2000,3971.0000,3970.6000,3972.6000,3972.8000,3973.0000,3973.4000,3973.6000,1,1,2,1,1,1,2,5,3,1
SF,IF2001,2019-12-16 09:30:46.500,3971.6000,14794,-1,268233300.000,2,0,2,多平,S,3971.2000,3971.0000,3970.6000,3970.0000,3969.8000,3971.6000,3972.0000,3972.4000,3972.6000,3972.8000,2,1,1,1,2,1,1,4,1,2
SF,IF2001,2019-12-16 09:30:47.000,3971.4000,14795,1,272999160.000,4,2,2,空开,S,3971.6000,3971.2000,3971.0000,3970.6000,3970.0000,3972.4000,3972.8000,3973.0000,3973.4000,3973.6000,6,1,1,1,1,9,2,5,3,1
SF,IF2001,2019-12-16 09:30:47.500,3971.4000,14798,3,276573420.000,3,3,0,双开,S,3971.6000,3971.2000,3971.0000,3970.6000,3970.2000,3972.4000,3972.8000,3973.0000,3973.4000,3973.6000,5,1,1,1,1,1,2,5,3,1
SF,IF2001,2019-12-16 09:30:48.000,3971.6000,14798,0,277764900.000,1,0,1,多换,S,3971.6000,3971.4000,3971.2000,3971.0000,3970.2000,3971.8000,3972.2000,3972.4000,3972.8000,3973.0000,2,1,1,1,1,4,5,1,2,5
SF,IF2001,2019-12-16 09:30:48.500,3971.6000,14794,-4,283722540.000,5,0,5,多平,S,3971.8000,3971.6000,3971.4000,3971.2000,3971.0000,3972.4000,3972.8000,3973.0000,3973.4000,3973.6000,1,1,1,1,1,1,2,5,3,1
SF,IF2001,2019-12-16 09:30:49.000,3972.4000,14794,0,284914260.000,1,0,1,多换,S,3971.8000,3971.6000,3971.4000,3971.2000,3971.0000,3973.0000,3973.4000,3973.6000,3974.2000,3975.0000,6,1,1,1,1,5,3,1,1,4
SF,IF2001,2019-12-16 09:30:49.500,3972.4000,14794,0,284914260.000,0,-,-,-,-,3971.8000,3971.6000,3971.4000,3971.2000,3971.0000,3973.4000,3973.6000,3974.2000,3975.0000,3975.2000,3,1,1,1,1,1,1,1,4,1
SF,IF2001,2019-12-16 09:30:50.000,3972.4000,14794,0,284914260.000,0,-,-,-,-,3972.0000,3971.8000,3971.6000,3971.4000,3971.2000,3973.2000,3973.4000,3973.6000,3974.2000,3975.0000,1,3,1,4,1,6,1,1,1,4
SF,IF2001,2019-12-16 09:30:50.500,3972.0000,14793,-1,287297460.000,2,0,2,多平,S,3971.4000,3971.2000,3971.0000,3970.4000,3970.2000,3971.8000,3973.0000,3973.2000,3973.4000,3973.6000,4,1,1,1,1,3,5,9,1,1
SF,IF2001,2019-12-16 09:30:51.000,3971.8000,14790,-3,290872080.000,3,0,3,双平,S,3972.0000,3971.8000,3971.4000,3971.2000,3971.0000,3973.2000,3973.4000,3973.6000,3974.2000,3975.0000,1,1,4,2,1,7,1,1,1,4
SF,IF2001,2019-12-16 09:30:51.500,3973.2000,14790,0,292064040.000,1,0,1,多换,S,3972.0000,3971.4000,3971.2000,3971.0000,3970.4000,3973.2000,3973.4000,3973.6000,3974.2000,3975.0000,1,4,1,1,1,6,1,1,1,4
SF,IF2001,2019-12-16 09:30:52.000,3972.0000,14791,1,293255640.000,1,1,0,双开,S,3971.4000,3971.2000,3971.0000,3970.6000,3970.4000,3972.0000,3973.2000,3973.4000,3973.6000,3974.2000,4,1,1,1,1,4,7,1,1,1
SF,IF2001,2019-12-16 09:30:52.500,3972.0000,14793,2,296830440.000,3,2,1,空开,S,3971.4000,3971.2000,3971.0000,3970.6000,3970.4000,3972.0000,3973.2000,3973.4000,3973.6000,3974.2000,4,2,1,1,1,1,7,1,1,1
SF,IF2001,2019-12-16 09:30:53.000,3972.0000,14793,0,298022040.000,1,0,1,多换,S,3972.2000,3972.0000,3971.8000,3971.6000,3971.4000,3973.2000,3973.4000,3973.6000,3974.2000,3975.0000,1,5,1,2,4,3,1,1,1,4
SF,IF2001,2019-12-16 09:30:53.500,3972.0000,14792,-1,299213640.000,1,0,1,双平,S,3972.0000,3971.8000,3971.4000,3971.2000,3971.0000,3972.6000,3973.2000,3973.4000,3973.6000,3974.2000,2,1,4,1,1,6,5,1,1,1
SF,IF2001,2019-12-16 09:30:54.000,3973.2000,14792,0,302789160.000,3,1,2,多换,S,3972.0000,3971.8000,3971.4000,3971.2000,3971.0000,3973.2000,3973.4000,3973.6000,3973.8000,3974.2000,2,1,4,1,1,1,1,1,1,1
SF,IF2001,2019-12-16 09:30:54.500,3973.2000,14792,0,302789160.000,0,-,-,-,-,3972.0000,3971.8000,3971.4000,3971.2000,3971.0000,3973.2000,3973.4000,3973.6000,3973.8000,3974.2000,2,1,4,2,1,4,1,1,1,1
SF,IF2001,2019-12-16 09:30:55.000,3973.2000,14792,0,302789160.000,0,-,-,-,-,3972.0000,3971.8000,3971.4000,3971.2000,3971.0000,3973.2000,3973.4000,3973.6000,3973.8000,3974.2000,3,1,4,2,1,3,1,1,1,1
SF,IF2001,2019-12-16 09:30:55.500,3973.2000,14792,0,303981120.000,1,0,1,多换,S,3972.0000,3971.8000,3971.4000,3971.2000,3971.0000,3973.2000,3973.4000,3973.6000,3973.8000,3974.2000,3,1,4,2,1,3,1,1,1,1
SF,IF2001,2019-12-16 09:30:56.000,3973.2000,14792,0,303981120.000,0,-,-,-,-,3972.0000,3971.8000,3971.4000,3971.2000,3971.0000,3973.2000,3973.4000,3973.6000,3973.8000,3974.2000,3,1,4,2,1,3,1,1,1,1
SF,IF2001,2019-12-16 09:30:56.500,3972.0000,14793,1,305172720.000,1,1,0,双开,S,3972.0000,3971.8000,3971.4000,3971.2000,3971.0000,3973.0000,3973.2000,3973.4000,3973.6000,3973.8000,1,1,4,2,1,1,3,1,1,1
SF,IF2001,2019-12-16 09:30:57.000,3973.0000,14792,-1,306364620.000,1,0,1,双平,S,3971.8000,3971.4000,3971.2000,3971.0000,3970.4000,3973.2000,3973.4000,3973.6000,3973.8000,3974.2000,1,4,2,1,1,3,1,1,1,1
SF,IF2001,2019-12-16 09:30:57.500,3973.0000,14792,0,306364620.000,0,-,-,-,-,3972.0000,3971.8000,3971.4000,3971.2000,3971.0000,3973.0000,3973.2000,3973.4000,3973.6000,3973.8000,2,1,4,2,1,5,3,1,1,1
SF,IF2001,2019-12-16 09:30:58.000,3973.2000,14792,0,307556580.000,1,0,1,多换,S,3972.0000,3971.8000,3971.4000,3971.2000,3971.0000,3973.2000,3973.4000,3973.6000,3973.8000,3974.2000,2,1,4,2,1,2,1,1,1,1
SF,IF2001,2019-12-16 09:30:59.000,3973.2000,14792,0,308748540.000,1,0,1,多换,S,3972.0000,3971.8000,3971.4000,3971.2000,3971.0000,3973.2000,3973.4000,3973.6000,3973.8000,3974.2000,2,1,4,2,1,1,1,1,1,1
SF,IF2001,2019-12-16 09:30:59.500,3973.2000,14793,1,309940500.000,1,1,0,双开,S,3972.0000,3971.8000,3971.4000,3971.2000,3971.0000,3973.4000,3973.6000,3973.8000,3974.2000,3975.0000,2,1,4,2,1,1,1,1,1,4
SF,IF2001,2019-12-16 09:31:00.000,3973.2000,14793,0,309940500.000,0,-,-,-,-,3972.2000,3972.0000,3971.8000,3971.4000,3971.2000,3973.0000,3973.4000,3973.6000,3973.8000,3974.2000,1,3,1,4,2,2,1,1,1,1
SF,IF2001,2019-12-16 09:31:00.500,3973.0000,14793,0,311132400.000,1,0,1,多换,S,3972.2000,3972.0000,3971.8000,3971.4000,3971.2000,3973.0000,3973.2000,3973.4000,3973.6000,3973.8000,1,3,1,4,2,1,4,1,1,1
SF,IF2001,2019-12-16 09:31:01.000,3972.0000,14794,1,314707260.000,3,2,1,空开,S,3972.0000,3971.8000,3971.4000,3971.2000,3971.0000,3972.8000,3973.0000,3973.2000,3973.4000,3973.6000,1,1,4,2,1,1,2,4,1,1
SF,IF2001,2019-12-16 09:31:01.500,3972.6000,14794,0,317090640.000,2,1,1,多换,S,3971.8000,3971.4000,3971.2000,3971.0000,3970.4000,3972.8000,3973.0000,3973.2000,3973.4000,3973.6000,1,4,2,1,1,1,2,4,1,1
SF,IF2001,2019-12-16 09:31:02.000,3971.8000,14795,1,318282180.000,1,1,0,双开,S,3971.4000,3971.2000,3971.0000,3970.4000,3970.2000,3972.6000,3972.8000,3973.0000,3973.2000,3973.4000,4,2,1,1,1,5,1,2,4,1
SF,IF2001,2019-12-16 09:31:02.500,3971.8000,14795,0,318282180.000,0,-,-,-,-,3972.6000,3971.6000,3971.4000,3971.2000,3971.0000,3972.8000,3973.0000,3973.2000,3973.4000,3973.6000,1,1,4,3,1,1,2,4,1,1
SF,IF2001,2019-12-16 09:31:03.000,3972.6000,14794,-1,319473960.000,1,0,1,双平,S,3971.6000,3971.4000,3971.2000,3971.0000,3970.4000,3971.8000,3972.0000,3972.4000,3972.6000,3973.0000,1,4,3,1,1,1,1,1,1,2
SF,IF2001,2019-12-16 09:31:03.500,3971.8000,14793,-1,321856980.000,2,0,2,多平,S,3971.4000,3971.2000,3971.0000,3970.4000,3970.2000,3972.0000,3972.4000,3972.6000,3973.0000,3973.4000,4,1,1,1,1,1,6,4,2,1
SF,IF2001,2019-12-16 09:31:04.000,3971.8000,14793,0,321856980.000,0,-,-,-,-,3971.8000,3971.4000,3971.2000,3971.0000,3970.4000,3972.6000,3973.0000,3973.4000,3973.6000,3973.8000,1,4,1,1,1,4,2,1,1,1
SF,IF2001,2019-12-16 09:31:04.500,3971.6000,14794,1,325431420.000,3,2,1,空开,S,3971.4000,3971.2000,3971.0000,3970.4000,3970.2000,3972.6000,3973.0000,3973.4000,3973.6000,3973.8000,3,1,1,1,1,4,2,1,1,1
SF,IF2001,2019-12-16 09:31:05.000,3971.6000,14794,0,325431420.000,0,-,-,-,-,3971.4000,3971.2000,3971.0000,3970.4000,3970.2000,3971.8000,3972.4000,3972.6000,3973.0000,3973.4000,3,1,1,1,1,1,1,3,2,1
SF,IF2001,2019-12-16 09:31:05.500,3971.8000,14795,1,327814500.000,2,1,1,空开,S,3971.4000,3971.2000,3971.0000,3970.4000,3970.2000,3972.4000,3972.6000,3973.0000,3973.4000,3973.6000,3,1,1,1,1,1,2,2,1,1
SF,IF2001,2019-12-16 09:31:06.000,3971.4000,14795,0,329005920.000,1,0,1,多换,S,3971.4000,3971.2000,3971.0000,3970.4000,3970.2000,3972.4000,3972.6000,3973.0000,3973.4000,3973.6000,2,1,1,1,1,1,2,2,1,1
SF,IF2001,2019-12-16 09:31:06.500,3972.4000,14795,0,330197640.000,1,0,1,多换,S,3971.4000,3971.2000,3971.0000,3970.4000,3970.2000,3972.6000,3973.0000,3973.4000,3973.6000,3973.8000,2,1,1,1,1,2,2,1,1,1
SF,IF2001,2019-12-16 09:31:07.000,3971.4000,14794,-1,331389060.000,1,0,1,双平,S,3971.4000,3971.2000,3971.0000,3970.4000,3970.2000,3972.6000,3973.0000,3973.2000,3973.4000,3973.6000,1,1,1,1,1,2,2,1,1,1
SF,IF2001,2019-12-16 09:31:07.500,3972.6000,14793,-1,333772620.000,2,0,2,多平,S,3971.4000,3971.2000,3971.0000,3970.4000,3970.2000,3972.6000,3973.0000,3973.2000,3973.4000,3973.6000,1,2,1,1,1,1,2,1,1,1
SF,IF2001,2019-12-16 09:31:08.000,3972.6000,14793,0,333772620.000,0,-,-,-,-,3971.4000,3971.2000,3971.0000,3970.4000,3970.2000,3972.6000,3973.0000,3973.2000,3973.4000,3973.6000,2,3,1,1,1,1,2,1,1,1
SF,IF2001,2019-12-16 09:31:08.500,3972.6000,14792,-1,334964400.000,1,0,1,双平,S,3972.6000,3971.6000,3971.4000,3971.2000,3971.0000,3973.0000,3973.2000,3973.4000,3973.6000,3973.8000,4,2,3,3,1,1,1,1,1,1
SF,IF2001,2019-12-16 09:31:09.000,3972.6000,14793,1,338539860.000,3,2,1,空开,S,3971.6000,3971.4000,3971.2000,3971.0000,3970.4000,3973.2000,3973.6000,3973.8000,3974.2000,3975.0000,10,3,3,1,1,1,1,1,1,3
SF,IF2001,2019-12-16 09:31:09.500,3973.2000,14792,-1,339731820.000,1,0,1,双平,S,3973.2000,3973.0000,3972.2000,3971.8000,3971.6000,3973.6000,3973.8000,3974.2000,3975.0000,3977.0000,2,2,1,1,11,1,1,1,3,1
SF,IF2001,2019-12-16 09:31:10.000,3973.2000,14790,-2,342115740.000,2,0,2,双平,S,3972.6000,3972.2000,3971.8000,3971.6000,3971.4000,3973.2000,3973.6000,3973.8000,3974.2000,3975.0000,1,1,1,11,2,2,1,1,1,3
SF,IF2001,2019-12-16 09:31:10.500,3973.2000,14790,0,343307700.000,1,0,1,多换,S,3972.6000,3972.2000,3971.8000,3971.6000,3971.4000,3973.2000,3973.6000,3973.8000,3974.2000,3975.0000,1,1,1,11,3,1,1,1,1,3
SF,IF2001,2019-12-16 09:31:11.000,3973.2000,14790,0,345691620.000,2,1,1,多换,S,3972.6000,3972.2000,3971.8000,3971.6000,3971.4000,3973.6000,3973.8000,3974.2000,3975.0000,3977.0000,1,1,1,11,3,1,1,1,3,1
SF,IF2001,2019-12-16 09:31:11.500,3972.6000,14791,1,346883400.000,1,1,0,双开,S,3972.2000,3971.8000,3971.6000,3971.4000,3971.2000,3972.6000,3973.6000,3973.8000,3974.2000,3975.0000,1,1,11,3,3,1,1,1,1,3
SF,IF2001,2019-12-16 09:31:12.000,3972.6000,14791,0,348075180.000,1,0,1,多换,S,3972.8000,3972.6000,3972.2000,3971.8000,3971.6000,3973.6000,3973.8000,3974.2000,3975.0000,3977.0000,2,6,1,1,11,1,1,1,3,1
SF,IF2001,2019-12-16 09:31:12.500,3973.6000,14790,-1,349267260.000,1,0,1,双平,S,3973.0000,3972.8000,3972.6000,3972.2000,3972.0000,3973.8000,3974.2000,3975.0000,3977.0000,3977.6000,1,1,6,1,1,1,1,3,1,1
SF,IF2001,2019-12-16 09:31:13.000,3973.8000,14789,-1,350459400.000,1,0,1,双平,S,3973.6000,3973.2000,3973.0000,3972.8000,3972.6000,3975.0000,3977.0000,3977.6000,3977.8000,3978.2000,3,2,11,1,3,3,1,1,1,2
SF,IF2001,2019-12-16 09:31:13.500,3973.8000,14789,0,350459400.000,0,-,-,-,-,3973.8000,3973.6000,3973.2000,3973.0000,3972.8000,3975.0000,3977.0000,3977.6000,3977.8000,3978.2000,1,3,2,11,1,2,1,1,1,2
SF,IF2001,2019-12-16 09:31:14.000,3973.6000,14790,1,354035640.000,3,2,1,空开,S,3973.2000,3973.0000,3972.8000,3972.6000,3972.2000,3973.8000,3974.6000,3974.8000,3975.0000,3975.2000,1,11,1,4,1,2,5,1,3,1
SF,IF2001,2019-12-16 09:31:14.500,3973.8000,14790,0,356419920.000,2,1,1,多换,S,3974.0000,3973.2000,3973.0000,3972.8000,3972.6000,3975.0000,3975.2000,3977.0000,3977.6000,3978.2000,1,2,4,1,4,3,1,1,1,2
SF,IF2001,2019-12-16 09:31:15.000,3974.0000,14789,-1,357612120.000,1,0,1,双平,S,3973.2000,3973.0000,3972.6000,3972.2000,3972.0000,3974.0000,3974.6000,3974.8000,3975.0000,3975.2000,1,1,4,1,1,2,5,8,3,1
SF,IF2001,2019-12-16 09:31:15.500,3974.0000,14790,1,358804320.000,1,1,0,双开,S,3973.2000,3972.6000,3972.2000,3972.0000,3971.6000,3974.0000,3974.6000,3974.8000,3975.0000,3975.2000,1,4,1,1,3,1,5,8,3,1
SF,IF2001,2019-12-16 09:31:16.000,3974.0000,14790,0,361188720.000,2,1,1,多换,S,3974.0000,3973.2000,3972.6000,3972.2000,3972.0000,3974.6000,3974.8000,3975.0000,3975.2000,3977.0000,1,2,4,1,1,5,5,3,1,1
SF,IF2001,2019-12-16 09:31:16.500,3974.0000,14790,0,362380920.000,1,0,1,多换,S,3973.2000,3972.6000,3972.2000,3972.0000,3971.6000,3974.6000,3974.8000,3975.0000,3975.2000,3977.0000,2,4,1,1,3,5,4,3,1,1
SF,IF2001,2019-12-16 09:31:17.000,3974.6000,14789,-1,363573300.000,1,0,1,双平,S,3973.4000,3973.2000,3972.6000,3972.2000,3972.0000,3975.0000,3975.2000,3977.0000,3977.6000,3978.2000,2,3,4,1,1,3,1,1,1,2
SF,IF2001,2019-12-16 09:31:17.500,3973.2000,14787,-2,368341320.000,4,1,3,多平,S,3973.2000,3972.6000,3972.2000,3972.0000,3971.6000,3975.0000,3975.2000,3977.0000,3977.6000,3978.2000,2,3,1,1,2,4,1,1,1,2
SF,IF2001,2019-12-16 09:31:18.000,3973.4000,14786,-1,369533340.000,1,0,1,双平,S,3973.4000,3973.2000,3972.6000,3972.2000,3972.0000,3975.0000,3975.2000,3977.0000,3977.6000,3978.2000,9,3,3,1,1,4,1,1,1,2
SF,IF2001,2019-12-16 09:31:18.500,3973.4000,14786,0,369533340.000,0,-,-,-,-,3973.4000,3973.2000,3972.6000,3972.2000,3972.0000,3975.0000,3975.2000,3977.0000,3977.6000,3978.2000,10,4,3,1,1,3,1,1,1,2
SF,IF2001,2019-12-16 09:31:19.500,3973.4000,14786,0,370725360.000,1,0,1,多换,S,3973.4000,3973.2000,3972.6000,3972.2000,3972.0000,3974.6000,3974.8000,3975.0000,3975.2000,3977.0000,2,4,4,1,1,1,8,3,1,1
SF,IF2001,2019-12-16 09:31:20.000,3973.4000,14786,0,373109400.000,2,1,1,多换,S,3973.2000,3972.6000,3972.2000,3972.0000,3971.6000,3974.6000,3974.8000,3975.0000,3975.2000,3977.0000,4,4,1,1,1,1,3,3,1,1
SF,IF2001,2019-12-16 09:31:20.500,3974.4000,14785,-1,375494040.000,2,0,2,多平,S,3973.2000,3972.6000,3972.2000,3972.0000,3971.6000,3974.6000,3974.8000,3975.0000,3975.2000,3977.0000,3,4,1,1,1,2,3,2,1,1
SF,IF2001,2019-12-16 09:31:21.000,3974.4000,14785,0,375494040.000,0,-,-,-,-,3972.6000,3972.2000,3972.0000,3971.6000,3971.4000,3973.0000,3974.4000,3974.6000,3974.8000,3975.0000,4,1,1,1,2,2,1,3,3,2
SF,IF2001,2019-12-16 09:31:21.500,3973.0000,14783,-2,377877840.000,2,0,2,双平,S,3973.0000,3972.8000,3972.6000,3972.2000,3972.0000,3974.4000,3974.6000,3974.8000,3975.0000,3975.2000,1,7,5,1,1,2,3,1,2,1
SF,IF2001,2019-12-16 09:31:22.500,3973.0000,14784,1,379069740.000,1,1,0,双开,S,3973.0000,3972.6000,3972.2000,3972.0000,3971.6000,3974.2000,3974.6000,3974.8000,3975.0000,3975.2000,1,5,1,1,1,1,2,1,2,1
SF,IF2001,2019-12-16 09:31:23.000,3973.2000,14782,-2,381453960.000,2,0,2,双平,S,3973.0000,3972.6000,3972.2000,3972.0000,3971.6000,3973.2000,3974.6000,3975.0000,3976.4000,3977.0000,2,5,1,1,2,1,2,2,1,1
SF,IF2001,2019-12-16 09:31:23.500,3973.2000,14781,-1,382645920.000,1,0,1,双平,S,3973.4000,3973.2000,3973.0000,3972.6000,3972.2000,3974.6000,3975.0000,3976.4000,3977.0000,3977.6000,2,4,3,2,2,1,2,1,1,1
SF,IF2001,2019-12-16 09:31:24.000,3973.2000,14781,0,383837880.000,1,0,1,多换,S,3973.6000,3973.4000,3973.2000,3973.0000,3972.6000,3974.6000,3975.0000,3976.4000,3977.0000,3977.6000,1,2,11,3,2,1,2,1,1,1
SF,IF2001,2019-12-16 09:31:24.500,3974.6000,14781,0,385030260.000,1,0,1,多换,S,3973.6000,3973.4000,3973.2000,3973.0000,3972.6000,3975.0000,3976.4000,3977.0000,3977.6000,3978.0000,8,2,4,3,2,2,1,1,1,5
SF,IF2001,2019-12-16 09:31:25.000,3974.6000,14781,0,385030260.000,0,-,-,-,-,3974.4000,3973.8000,3973.6000,3973.4000,3973.2000,3974.8000,3975.0000,3976.4000,3977.0000,3977.6000,1,1,7,2,4,1,3,1,1,1
SF,IF2001,2019-12-16 09:31:25.500,3974.4000,14781,0,386222580.000,1,0,1,多换,S,3973.8000,3973.6000,3973.4000,3973.2000,3973.0000,3974.8000,3975.0000,3976.4000,3977.0000,3977.6000,1,7,2,4,3,1,3,1,1,1
SF,IF2001,2019-12-16 09:31:26.000,3974.8000,14780,-1,387415020.000,1,0,1,双平,S,3974.6000,3974.4000,3974.0000,3973.8000,3973.6000,3975.0000,3976.4000,3977.0000,3977.6000,3978.0000,1,1,2,1,7,3,1,1,1,5
SF,IF2001,2019-12-16 09:31:26.500,3975.0000,14777,-3,390992520.000,3,0,3,双平,S,3974.6000,3974.4000,3974.2000,3974.0000,3973.8000,3976.4000,3977.6000,3978.0000,3978.2000,3979.0000,1,1,1,13,1,1,1,5,2,3
SF,IF2001,2019-12-16 09:31:27.000,3976.2000,14775,-2,393377880.000,2,0,2,双平,S,3974.8000,3974.6000,3974.4000,3974.2000,3974.0000,3976.4000,3977.0000,3977.6000,3978.0000,3978.2000,1,2,1,1,13,1,1,1,5,2
SF,IF2001,2019-12-16 09:31:27.500,3976.2000,14775,0,393377880.000,0,-,-,-,-,3976.2000,3974.8000,3974.6000,3974.4000,3974.2000,3976.4000,3977.0000,3977.6000,3978.0000,3978.2000,1,1,2,1,1,2,1,1,5,2
SF,IF2001,2019-12-16 09:31:28.000,3976.2000,14776,1,394570740.000,1,1,0,双开,S,3974.8000,3974.6000,3974.4000,3974.0000,3973.8000,3976.0000,3976.2000,3976.4000,3977.0000,3977.6000,3,2,1,13,1,1,4,2,1,1
SF,IF2001,2019-12-16 09:31:28.500,3976.2000,14776,0,394570740.000,0,-,-,-,-,3974.8000,3974.6000,3974.4000,3974.0000,3973.2000,3976.2000,3976.4000,3977.0000,3977.6000,3978.0000,3,2,1,13,2,5,2,1,1,5
SF,IF2001,2019-12-16 09:31:29.000,3976.2000,14776,0,394570740.000,0,-,-,-,-,3974.8000,3974.6000,3974.4000,3974.0000,3973.2000,3976.2000,3976.4000,3977.0000,3977.6000,3978.0000,2,2,1,13,2,5,2,1,1,5
SF,IF2001,2019-12-16 09:31:29.500,3976.2000,14776,0,394570740.000,0,-,-,-,-,3975.0000,3974.8000,3974.6000,3974.4000,3974.0000,3976.0000,3976.2000,3976.4000,3977.0000,3977.2000,1,2,2,1,13,1,5,1,1,1
SF,IF2001,2019-12-16 09:31:30.000,3976.2000,14776,0,395763600.000,1,0,1,多换,S,3975.0000,3974.8000,3974.6000,3974.4000,3974.0000,3976.0000,3976.2000,3976.4000,3977.0000,3977.2000,1,3,2,1,13,1,3,1,1,1
SF,IF2001,2019-12-16 09:31:30.500,3976.2000,14776,0,395763600.000,0,-,-,-,-,3975.0000,3974.8000,3974.6000,3974.4000,3974.0000,3976.0000,3976.2000,3976.4000,3977.0000,3977.2000,1,3,2,1,15,1,3,1,1,1
SF,IF2001,2019-12-16 09:31:31.000,3976.2000,14776,0,395763600.000,0,-,-,-,-,3974.8000,3974.6000,3974.4000,3974.0000,3973.2000,3976.0000,3976.2000,3976.4000,3977.0000,3977.2000,3,2,1,15,2,1,3,1,1,1
SF,IF2001,2019-12-16 09:31:31.500,3976.2000,14777,1,396956460.000,1,1,0,双开,S,3975.0000,3974.8000,3974.6000,3974.4000,3974.0000,3976.2000,3976.4000,3977.0000,3977.2000,3977.6000,1,3,2,1,15,3,1,1,1,1
SF,IF2001,2019-12-16 09:31:32.000,3976.2000,14777,0,398149320.000,1,0,1,多换,S,3974.8000,3974.6000,3974.4000,3974.0000,3973.2000,3976.2000,3976.4000,3977.0000,3977.2000,3977.6000,2,2,1,15,2,2,1,1,1,1
SF,IF2001,2019-12-16 09:31:32.500,3976.2000,14777,0,398149320.000,0,-,-,-,-,3975.0000,3974.8000,3974.6000,3974.4000,3974.0000,3976.2000,3976.4000,3977.0000,3977.2000,3977.6000,1,2,2,1,15,2,2,1,1,1
SF,IF2001,2019-12-16 09:31:33.000,3976.2000,14777,0,398149320.000,0,-,-,-,-,3975.0000,3974.8000,3974.6000,3974.4000,3974.0000,3976.2000,3976.4000,3977.0000,3977.2000,3977.6000,1,3,2,1,15,2,2,1,1,1
SF,IF2001,2019-12-16 09:31:33.500,3976.2000,14777,0,398149320.000,0,-,-,-,-,3975.0000,3974.8000,3974.6000,3974.4000,3974.0000,3976.2000,3976.4000,3977.0000,3977.2000,3977.6000,1,1,2,1,13,1,2,1,1,1
SF,IF2001,2019-12-16 09:31:34.000,3974.0000,14770,-7,407688180.000,8,0,8,多平,S,3974.0000,3973.2000,3973.0000,3972.6000,3972.2000,3976.2000,3976.4000,3977.0000,3977.2000,3977.6000,11,2,4,1,1,1,2,1,1,1
SF,IF2001,2019-12-16 09:31:34.500,3974.0000,14770,0,407688180.000,0,-,-,-,-,3974.4000,3974.2000,3974.0000,3973.4000,3973.2000,3975.8000,3976.0000,3976.2000,3976.4000,3977.0000,1,2,12,1,2,1,11,3,1,1
SF,IF2001,2019-12-16 09:31:35.000,3974.0000,14770,0,407688180.000,0,-,-,-,-,3974.4000,3974.2000,3974.0000,3973.4000,3973.2000,3976.0000,3976.2000,3976.4000,3977.0000,3977.2000,1,3,12,1,2,5,3,1,1,1
SF,IF2001,2019-12-16 09:31:35.500,3974.0000,14770,0,407688180.000,0,-,-,-,-,3974.4000,3974.2000,3974.0000,3973.4000,3973.2000,3975.6000,3976.0000,3976.2000,3976.4000,3977.0000,1,3,12,1,2,1,6,3,1,1
SF,IF2001,2019-12-16 09:31:36.000,3974.0000,14770,0,407688180.000,0,-,-,-,-,3975.0000,3974.4000,3974.2000,3974.0000,3973.4000,3975.6000,3976.0000,3976.2000,3976.4000,3977.0000,1,1,2,10,1,1,6,3,1,1
SF,IF2001,2019-12-16 09:31:36.500,3974.0000,14770,0,407688180.000,0,-,-,-,-,3975.8000,3975.0000,3974.4000,3974.2000,3974.0000,3976.0000,3976.2000,3976.4000,3977.0000,3977.2000,1,1,1,3,11,5,3,1,1,1
SF,IF2001,2019-12-16 09:31:37.000,3975.0000,14770,0,410073420.000,2,1,1,多换,S,3974.4000,3974.2000,3974.0000,3973.6000,3973.4000,3975.0000,3975.4000,3975.6000,3975.8000,3976.0000,1,2,1,2,1,1,6,1,3,4
SF,IF2001,2019-12-16 09:31:37.500,3975.0000,14770,0,411265920.000,1,0,1,多换,S,3974.2000,3974.0000,3973.6000,3973.4000,3973.2000,3975.4000,3975.8000,3976.0000,3976.2000,3976.4000,1,1,2,1,2,1,1,4,2,1
SF,IF2001,2019-12-16 09:31:38.000,3975.0000,14770,0,411265920.000,0,-,-,-,-,3974.4000,3974.2000,3974.0000,3973.6000,3973.4000,3975.4000,3975.8000,3976.0000,3976.2000,3976.4000,1,1,1,2,1,1,1,2,2,1
SF,IF2001,2019-12-16 09:31:38.500,3975.4000,14771,1,412458540.000,1,1,0,双开,S,3974.2000,3974.0000,3973.6000,3973.4000,3973.2000,3975.8000,3976.0000,3976.2000,3976.4000,3977.0000,1,1,2,1,2,1,1,2,1,1
SF,IF2001,2019-12-16 09:31:39.000,3975.4000,14771,0,412458540.000,0,-,-,-,-,3974.0000,3973.6000,3973.4000,3973.2000,3973.0000,3975.4000,3975.6000,3976.0000,3976.2000,3976.4000,1,2,1,2,2,4,3,1,2,1
SF,IF2001,2019-12-16 09:31:39.500,3975.4000,14771,0,412458540.000,0,-,-,-,-,3974.0000,3973.6000,3973.4000,3973.2000,3973.0000,3975.2000,3975.4000,3975.6000,3976.2000,3976.4000,1,2,1,2,2,7,4,4,2,1
SF,IF2001,2019-12-16 09:31:40.000,3975.0000,14770,-1,414843240.000,2,0,2,多平,S,3973.6000,3973.4000,3973.2000,3973.0000,3972.6000,3975.0000,3975.2000,3975.4000,3975.6000,3976.2000,2,1,2,2,1,6,10,4,3,2
SF,IF2001,2019-12-16 09:31:40.500,3975.0000,14770,0,414843240.000,0,-,-,-,-,3973.6000,3973.4000,3973.0000,3972.6000,3972.2000,3974.8000,3975.0000,3975.2000,3975.4000,3975.6000,2,1,2,1,1,5,6,10,5,3
SF,IF2001,2019-12-16 09:31:41.000,3975.0000,14770,0,419613240.000,4,2,2,多换,S,3973.4000,3973.0000,3972.6000,3972.2000,3972.0000,3974.8000,3975.0000,3975.2000,3975.4000,3975.6000,1,2,1,1,1,1,6,10,5,3
SF,IF2001,2019-12-16 09:31:41.500,3975.0000,14770,0,419613240.000,0,-,-,-,-,3973.6000,3973.4000,3973.0000,3972.6000,3972.2000,3975.0000,3975.2000,3975.4000,3975.6000,3976.2000,1,1,2,1,1,1,10,5,2,2
SF,IF2001,2019-12-16 09:31:42.000,3975.0000,14770,0,419613240.000,0,-,-,-,-,3973.6000,3973.0000,3972.6000,3972.2000,3972.0000,3975.0000,3975.2000,3975.4000,3975.6000,3976.2000,1,3,2,1,1,1,10,5,2,2
SF,IF2001,2019-12-16 09:31:43.000,3975.0000,14770,0,419613240.000,0,-,-,-,-,3973.6000,3973.2000,3973.0000,3972.6000,3972.2000,3975.0000,3975.2000,3975.4000,3975.6000,3976.2000,1,2,2,2,1,1,10,5,2,2
SF,IF2001,2019-12-16 09:31:43.500,3975.0000,14770,0,419613240.000,0,-,-,-,-,3973.8000,3973.2000,3973.0000,3972.6000,3972.2000,3974.8000,3975.0000,3975.2000,3975.4000,3975.6000,8,2,3,2,1,6,1,9,5,2
SF,IF2001,2019-12-16 09:31:44.000,3973.8000,14771,1,420805380.000,1,1,0,双开,S,3973.8000,3973.2000,3973.0000,3972.6000,3972.2000,3974.8000,3975.0000,3975.2000,3975.4000,3975.6000,7,2,3,2,1,1,1,9,5,2
SF,IF2001,2019-12-16 09:31:44.500,3973.8000,14771,0,420805380.000,0,-,-,-,-,3973.8000,3973.2000,3973.0000,3972.6000,3972.2000,3975.0000,3975.2000,3975.4000,3975.6000,3976.2000,7,2,3,2,1,1,3,5,2,2
SF,IF2001,2019-12-16 09:31:45.000,3973.8000,14771,0,423189660.000,2,1,1,多换,S,3973.8000,3973.4000,3973.2000,3973.0000,3972.6000,3975.0000,3975.2000,3975.4000,3975.6000,3976.2000,6,1,2,3,2,1,3,5,2,2
SF,IF2001,2019-12-16 09:31:45.500,3973.8000,14771,0,423189660.000,0,-,-,-,-,3973.8000,3973.4000,3973.2000,3973.0000,3972.6000,3975.2000,3975.4000,3975.6000,3976.2000,3976.4000,6,1,2,3,2,3,5,2,2,1
SF,IF2001,2019-12-16 09:31:46.500,3973.8000,14771,0,423189660.000,0,-,-,-,-,3973.8000,3973.4000,3973.2000,3973.0000,3972.6000,3975.0000,3975.2000,3975.4000,3975.6000,3976.2000,6,1,2,3,2,6,3,5,2,2
SF,IF2001,2019-12-16 09:31:47.000,3973.8000,14771,0,423189660.000,0,-,-,-,-,3973.8000,3973.4000,3973.2000,3973.0000,3972.6000,3975.0000,3975.2000,3975.4000,3975.6000,3976.2000,6,1,2,3,2,6,3,5,2,2
SF,IF2001,2019-12-16 09:31:47.500,3974.8000,14771,0,424382100.000,1,0,1,多换,S,3973.8000,3973.4000,3973.2000,3973.0000,3972.6000,3974.8000,3975.0000,3975.2000,3975.4000,3975.6000,6,1,2,3,2,4,6,3,5,2
SF,IF2001,2019-12-16 09:31:48.000,3974.8000,14771,0,424382100.000,0,-,-,-,-,3973.8000,3973.4000,3973.2000,3973.0000,3972.6000,3975.0000,3975.2000,3975.4000,3975.6000,3976.2000,6,1,2,3,2,1,3,5,2,2
SF,IF2001,2019-12-16 09:31:50.000,3974.8000,14771,0,424382100.000,0,-,-,-,-,3974.8000,3973.8000,3973.4000,3973.2000,3973.0000,3975.0000,3975.2000,3975.4000,3975.6000,3976.2000,1,6,1,2,3,1,3,5,2,2
SF,IF2001,2019-12-16 09:31:50.500,3974.8000,14772,1,425574540.000,1,1,0,双开,S,3973.8000,3973.4000,3973.2000,3973.0000,3972.6000,3974.8000,3975.0000,3975.2000,3975.4000,3975.6000,7,1,2,3,2,3,1,3,5,2
SF,IF2001,2019-12-16 09:31:51.000,3974.8000,14771,-1,426766980.000,1,0,1,双平,S,3973.8000,3973.4000,3973.2000,3973.0000,3972.6000,3974.8000,3975.0000,3975.2000,3975.4000,3975.6000,7,1,2,3,2,4,1,3,5,2
SF,IF2001,2019-12-16 09:31:51.500,3974.8000,14770,-1,427959420.000,1,0,1,双平,S,3973.8000,3973.4000,3973.2000,3973.0000,3972.6000,3974.8000,3975.0000,3975.2000,3975.4000,3975.6000,7,1,2,3,2,3,1,3,5,2
SF,IF2001,2019-12-16 09:31:52.000,3973.4000,14767,-3,438688440.000,9,3,6,多平,S,3973.2000,3973.0000,3972.6000,3972.2000,3972.0000,3973.4000,3974.6000,3974.8000,3975.0000,3975.2000,2,3,2,1,1,1,5,3,1,3
SF,IF2001,2019-12-16 09:31:52.500,3973.4000,14767,0,439880460.000,1,0,1,多换,S,3973.6000,3973.4000,3973.2000,3973.0000,3972.6000,3974.6000,3974.8000,3975.2000,3975.4000,3975.6000,1,6,2,3,2,1,2,3,1,2
SF,IF2001,2019-12-16 09:31:53.000,3973.4000,14767,0,439880460.000,0,-,-,-,-,3973.4000,3973.2000,3973.0000,3972.6000,3972.2000,3974.6000,3974.8000,3975.2000,3975.4000,3975.6000,5,2,3,2,1,1,2,1,1,2
SF,IF2001,2019-12-16 09:31:53.500,3973.4000,14767,0,439880460.000,0,-,-,-,-,3973.6000,3973.4000,3973.2000,3973.0000,3972.6000,3974.4000,3974.6000,3974.8000,3975.2000,3975.4000,2,5,2,3,2,1,1,2,1,1
SF,IF2001,2019-12-16 09:31:54.000,3973.6000,14766,-1,443457240.000,3,1,2,多平,S,3973.6000,3973.4000,3973.2000,3973.0000,3972.6000,3974.8000,3975.2000,3975.4000,3975.6000,3976.2000,1,5,2,3,2,3,1,1,2,2
SF,IF2001,2019-12-16 09:31:54.500,3973.6000,14766,0,443457240.000,0,-,-,-,-,3973.6000,3973.4000,3973.2000,3973.0000,3972.6000,3974.4000,3974.6000,3974.8000,3975.2000,3975.4000,2,5,2,3,2,5,1,3,1,1
SF,IF2001,2019-12-16 09:31:55.000,3974.4000,14763,-3,447034200.000,3,0,3,双平,S,3973.6000,3973.4000,3973.2000,3973.0000,3972.6000,3974.8000,3975.2000,3975.4000,3975.6000,3976.2000,2,2,2,3,2,3,1,1,2,2
SF,IF2001,2019-12-16 09:31:55.500,3974.4000,14763,0,447034200.000,0,-,-,-,-,3973.6000,3973.4000,3973.2000,3973.0000,3972.6000,3974.8000,3975.2000,3975.4000,3975.6000,3976.2000,2,2,2,4,2,3,1,1,2,2
SF,IF2001,2019-12-16 09:31:56.500,3974.4000,14763,0,447034200.000,0,-,-,-,-,3973.6000,3973.4000,3973.2000,3973.0000,3972.6000,3974.8000,3975.2000,3975.4000,3975.6000,3976.2000,2,2,2,4,2,3,1,1,2,2
SF,IF2001,2019-12-16 09:31:57.000,3974.4000,14763,0,447034200.000,0,-,-,-,-,3973.6000,3973.4000,3973.2000,3973.0000,3972.6000,3974.8000,3975.2000,3975.4000,3975.6000,3976.2000,2,2,2,4,2,3,1,1,2,2
SF,IF2001,2019-12-16 09:31:57.500,3973.6000,14763,0,448226280.000,1,0,1,多换,S,3973.4000,3973.2000,3973.0000,3972.6000,3972.2000,3974.8000,3975.2000,3975.4000,3975.6000,3976.2000,2,2,4,2,1,3,1,1,2,2
SF,IF2001,2019-12-16 09:31:58.000,3973.6000,14763,0,448226280.000,0,-,-,-,-,3973.2000,3973.0000,3972.6000,3972.2000,3972.0000,3974.6000,3974.8000,3975.2000,3975.4000,3975.6000,2,4,2,1,1,6,3,1,1,2
SF,IF2001,2019-12-16 09:31:58.500,3973.6000,14763,0,448226280.000,0,-,-,-,-,3973.2000,3973.0000,3972.6000,3972.2000,3972.0000,3974.4000,3974.6000,3974.8000,3975.2000,3975.4000,2,4,2,1,1,5,7,3,1,1
SF,IF2001,2019-12-16 09:31:59.000,3973.6000,14763,0,448226280.000,0,-,-,-,-,3973.2000,3973.0000,3972.6000,3972.2000,3972.0000,3974.2000,3974.4000,3974.6000,3974.8000,3975.4000,2,4,2,1,1,4,6,6,3,1
SF,IF2001,2019-12-16 09:31:59.500,3972.6000,14758,-5,457761360.000,8,1,7,多平,S,3972.2000,3972.0000,3971.6000,3971.2000,3971.0000,3972.6000,3974.2000,3974.4000,3974.6000,3974.8000,1,1,3,1,1,2,4,6,6,3
SF,IF2001,2019-12-16 09:32:00.000,3974.2000,14756,-2,461337180.000,3,0,3,多平,S,3972.6000,3972.4000,3972.2000,3972.0000,3971.8000,3974.2000,3974.4000,3974.6000,3974.8000,3975.4000,6,2,3,1,1,1,1,1,3,1
SF,IF2001,2019-12-16 09:32:00.500,3974.2000,14756,0,461337180.000,0,-,-,-,-,3972.6000,3972.4000,3972.2000,3972.0000,3971.8000,3974.0000,3974.2000,3974.4000,3974.6000,3974.8000,3,2,3,1,1,5,1,1,1,3
SF,IF2001,2019-12-16 09:32:01.000,3974.2000,14756,0,461337180.000,0,-,-,-,-,3972.6000,3972.2000,3972.0000,3971.8000,3971.6000,3973.8000,3974.0000,3974.4000,3974.6000,3974.8000,3,1,1,1,3,4,7,1,1,3
SF,IF2001,2019-12-16 09:32:02.000,3974.2000,14756,0,461337180.000,0,-,-,-,-,3972.6000,3972.2000,3972.0000,3971.8000,3971.6000,3973.8000,3974.0000,3974.4000,3974.6000,3974.8000,3,1,1,1,3,4,6,1,1,3
SF,IF2001,2019-12-16 09:32:02.500,3974.2000,14756,0,461337180.000,0,-,-,-,-,3972.6000,3972.2000,3972.0000,3971.8000,3971.6000,3973.8000,3974.0000,3974.4000,3974.6000,3974.8000,3,1,1,1,3,4,6,1,1,3
SF,IF2001,2019-12-16 09:32:03.000,3973.8000,14754,-2,463721460.000,2,0,2,双平,S,3972.8000,3972.6000,3972.2000,3972.0000,3971.8000,3974.0000,3974.4000,3974.6000,3974.8000,3975.4000,1,3,1,1,1,5,1,1,3,1
SF,IF2001,2019-12-16 09:32:03.500,3973.8000,14754,0,463721460.000,0,-,-,-,-,3973.0000,3972.8000,3972.6000,3972.2000,3972.0000,3974.4000,3974.6000,3974.8000,3975.4000,3975.6000,1,8,3,1,1,1,1,3,1,2
SF,IF2001,2019-12-16 09:32:04.000,3973.8000,14754,0,463721460.000,0,-,-,-,-,3973.2000,3973.0000,3972.8000,3972.6000,3972.2000,3974.4000,3974.6000,3974.8000,3975.4000,3975.6000,1,2,8,4,1,1,1,3,1,2
SF,IF2001,2019-12-16 09:32:04.500,3973.2000,14753,-1,464913420.000,1,0,1,双平,S,3972.6000,3972.2000,3972.0000,3971.8000,3971.6000,3972.8000,3973.0000,3974.4000,3974.6000,3974.8000,4,1,1,1,3,1,1,1,1,3
SF,IF2001,2019-12-16 09:32:05.000,3973.0000,14753,0,467297160.000,2,1,1,多换,S,3973.0000,3972.6000,3972.2000,3972.0000,3971.8000,3974.4000,3974.6000,3974.8000,3975.0000,3975.4000,3,2,1,1,1,1,1,3,1,1
SF,IF2001,2019-12-16 09:32:05.500,3973.0000,14753,0,467297160.000,0,-,-,-,-,3973.0000,3972.8000,3972.6000,3972.2000,3972.0000,3973.8000,3974.2000,3974.4000,3974.6000,3974.8000,3,2,2,1,1,1,4,1,1,3
SF,IF2001,2019-12-16 09:32:06.000,3974.0000,14752,-1,468489360.000,1,0,1,双平,S,3973.0000,3972.8000,3972.6000,3972.2000,3972.0000,3974.0000,3974.2000,3974.4000,3974.6000,3974.8000,1,2,2,1,1,4,4,1,1,3
SF,IF2001,2019-12-16 09:32:06.500,3973.0000,14752,0,469681260.000,1,0,1,多换,S,3972.6000,3972.2000,3972.0000,3971.8000,3971.6000,3973.0000,3973.8000,3974.0000,3974.2000,3974.4000,1,1,1,1,3,1,2,4,4,1
SF,IF2001,2019-12-16 09:32:07.000,3973.8000,14752,0,473257200.000,3,1,2,多换,S,3972.6000,3972.2000,3972.0000,3971.8000,3971.6000,3973.8000,3974.0000,3974.4000,3974.6000,3974.8000,1,1,1,1,3,2,4,1,1,3
SF,IF2001,2019-12-16 09:32:07.500,3973.8000,14752,0,474449340.000,1,0,1,多换,S,3972.6000,3972.2000,3972.0000,3971.8000,3971.6000,3973.8000,3974.0000,3974.4000,3974.6000,3974.8000,1,1,1,1,3,1,4,1,1,3
SF,IF2001,2019-12-16 09:32:08.000,3973.8000,14752,0,474449340.000,0,-,-,-,-,3972.8000,3972.6000,3972.2000,3972.0000,3971.8000,3973.8000,3974.0000,3974.4000,3974.6000,3974.8000,1,1,1,1,1,1,4,1,1,3
SF,IF2001,2019-12-16 09:32:08.500,3973.8000,14752,0,474449340.000,0,-,-,-,-,3973.0000,3972.8000,3972.6000,3972.2000,3972.0000,3973.8000,3974.0000,3974.4000,3974.6000,3974.8000,1,1,1,1,1,1,4,1,1,3
SF,IF2001,2019-12-16 09:32:09.000,3972.8000,14751,-1,476833080.000,2,0,2,多平,S,3972.6000,3972.2000,3972.0000,3971.8000,3971.6000,3973.8000,3974.4000,3974.6000,3974.8000,3975.0000,1,1,1,1,3,1,1,1,3,1
SF,IF2001,2019-12-16 09:32:12.000,3972.8000,14751,0,476833080.000,0,-,-,-,-,3973.0000,3972.6000,3972.2000,3972.0000,3971.8000,3973.8000,3974.4000,3974.6000,3974.8000,3975.0000,2,1,1,1,1,1,1,1,3,1
SF,IF2001,2019-12-16 09:32:12.500,3973.0000,14752,1,478024980.000,1,1,0,双开,S,3973.0000,3972.6000,3972.2000,3972.0000,3971.8000,3973.6000,3973.8000,3974.4000,3974.6000,3974.8000,1,1,1,1,1,4,1,1,1,3
SF,IF2001,2019-12-16 09:32:13.000,3973.0000,14752,0,478024980.000,0,-,-,-,-,3973.0000,3972.6000,3972.2000,3972.0000,3971.8000,3973.8000,3974.4000,3974.6000,3974.8000,3975.0000,1,1,1,1,2,2,1,1,3,1
SF,IF2001,2019-12-16 09:32:14.000,3973.0000,14753,1,479216880.000,1,1,0,双开,S,3972.6000,3972.2000,3972.0000,3971.8000,3971.6000,3973.0000,3973.6000,3973.8000,3974.4000,3974.6000,1,1,1,2,3,5,4,2,1,1
SF,IF2001,2019-12-16 09:32:14.500,3973.0000,14752,-1,480408780.000,1,0,1,双平,S,3972.6000,3972.2000,3972.0000,3971.8000,3971.6000,3973.0000,3973.8000,3974.4000,3974.6000,3974.8000,1,1,1,2,3,4,2,1,1,2
SF,IF2001,2019-12-16 09:32:16.500,3973.0000,14748,-4,485176380.000,4,0,4,双平,S,3972.6000,3972.2000,3972.0000,3971.8000,3971.6000,3973.8000,3974.4000,3974.6000,3974.8000,3975.0000,1,1,1,2,3,2,1,1,1,1
SF,IF2001,2019-12-16 09:32:17.000,3973.8000,14746,-2,488752500.000,3,0,3,多平,S,3972.6000,3972.2000,3972.0000,3971.8000,3971.6000,3974.4000,3974.6000,3974.8000,3975.0000,3975.4000,1,1,1,2,3,1,1,1,1,1
SF,IF2001,2019-12-16 09:32:17.500,3973.8000,14746,0,488752500.000,0,-,-,-,-,3972.8000,3972.6000,3972.2000,3972.0000,3971.8000,3974.2000,3974.4000,3974.6000,3974.8000,3975.0000,1,1,1,1,2,7,1,1,1,1
SF,IF2001,2019-12-16 09:32:18.000,3972.8000,14745,-1,489944340.000,1,0,1,双平,S,3972.6000,3972.2000,3972.0000,3971.8000,3971.6000,3974.0000,3974.2000,3974.4000,3974.6000,3974.8000,1,1,1,2,3,5,6,1,1,1
SF,IF2001,2019-12-16 09:32:18.500,3972.8000,14745,0,489944340.000,0,-,-,-,-,3972.8000,3972.6000,3972.2000,3972.0000,3971.8000,3973.8000,3974.0000,3974.2000,3974.4000,3974.6000,2,1,1,1,2,2,5,5,1,1
SF,IF2001,2019-12-16 09:32:19.000,3972.8000,14745,0,489944340.000,0,-,-,-,-,3972.6000,3972.2000,3972.0000,3971.8000,3971.6000,3973.6000,3973.8000,3974.0000,3974.2000,3974.4000,1,1,1,2,3,1,2,4,5,1
SF,IF2001,2019-12-16 09:32:20.000,3972.6000,14745,0,491136120.000,1,0,1,多换,S,3972.2000,3972.0000,3971.8000,3971.6000,3971.2000,3973.6000,3973.8000,3974.0000,3974.2000,3974.4000,1,1,2,3,1,1,2,4,5,1
SF,IF2001,2019-12-16 09:32:20.500,3972.6000,14745,0,491136120.000,0,-,-,-,-,3972.4000,3972.2000,3972.0000,3971.8000,3971.6000,3973.6000,3974.0000,3974.2000,3974.4000,3974.6000,10,3,1,2,3,1,4,5,1,1
SF,IF2001,2019-12-16 09:32:21.000,3972.6000,14745,0,491136120.000,0,-,-,-,-,3972.4000,3972.2000,3972.0000,3971.8000,3971.6000,3972.8000,3973.6000,3974.2000,3974.4000,3974.6000,11,3,1,2,3,1,1,5,1,1
SF,IF2001,2019-12-16 09:32:21.500,3972.8000,14745,0,492327960.000,1,0,1,多换,S,3973.0000,3972.8000,3972.4000,3972.2000,3972.0000,3973.6000,3974.2000,3974.4000,3974.6000,3974.8000,1,2,11,3,1,1,1,1,1,1
SF,IF2001,2019-12-16 09:32:22.000,3972.8000,14745,0,492327960.000,0,-,-,-,-,3972.8000,3972.6000,3972.4000,3972.2000,3972.0000,3973.6000,3974.2000,3974.4000,3974.6000,3974.8000,2,2,11,3,1,1,1,1,1,1
SF,IF2001,2019-12-16 09:32:22.500,3973.6000,14744,-1,493520040.000,1,0,1,双平,S,3973.0000,3972.8000,3972.6000,3972.4000,3972.2000,3974.4000,3974.6000,3974.8000,3975.0000,3975.4000,9,2,3,2,3,1,1,1,1,1
SF,IF2001,2019-12-16 09:32:23.000,3973.6000,14744,0,493520040.000,0,-,-,-,-,3973.2000,3973.0000,3972.8000,3972.6000,3972.4000,3974.0000,3974.4000,3974.8000,3975.0000,3975.4000,2,9,2,3,2,1,1,1,1,1
SF,IF2001,2019-12-16 09:32:23.500,3974.0000,14743,-1,494712240.000,1,0,1,双平,S,3973.4000,3973.2000,3973.0000,3972.8000,3972.6000,3974.8000,3975.0000,3975.4000,3975.6000,3976.2000,11,9,1,2,1,1,1,1,2,2
SF,IF2001,2019-12-16 09:32:24.000,3974.0000,14743,0,494712240.000,0,-,-,-,-,3973.6000,3973.4000,3973.2000,3973.0000,3972.8000,3974.8000,3975.0000,3975.4000,3976.2000,3976.4000,3,11,7,1,2,1,1,1,2,1
SF,IF2001,2019-12-16 09:32:24.500,3974.0000,14743,0,494712240.000,0,-,-,-,-,3974.4000,3974.0000,3973.6000,3973.4000,3973.2000,3974.8000,3975.0000,3975.4000,3976.2000,3976.4000,1,1,5,11,5,1,1,1,2,1
SF,IF2001,2019-12-16 09:32:25.000,3974.0000,14743,0,494712240.000,0,-,-,-,-,3974.4000,3974.0000,3973.6000,3973.4000,3973.2000,3974.6000,3974.8000,3975.0000,3975.4000,3976.2000,1,1,4,13,4,2,1,1,1,2
SF,IF2001,2019-12-16 09:32:25.500,3974.4000,14743,0,495904560.000,1,0,1,多换,S,3974.0000,3973.6000,3973.4000,3973.2000,3973.0000,3974.4000,3974.6000,3974.8000,3975.0000,3975.4000,1,4,13,4,1,2,2,1,1,1
SF,IF2001,2019-12-16 09:32:26.000,3974.4000,14743,0,495904560.000,0,-,-,-,-,3974.0000,3973.8000,3973.6000,3973.4000,3973.2000,3974.6000,3974.8000,3975.0000,3975.4000,3976.2000,1,1,4,12,4,2,1,1,1,2
SF,IF2001,2019-12-16 09:32:26.500,3973.8000,14743,0,498289080.000,2,1,1,多换,S,3973.6000,3973.4000,3973.2000,3973.0000,3972.8000,3974.6000,3974.8000,3975.0000,3975.4000,3976.2000,3,10,1,1,2,1,1,1,1,2
SF,IF2001,2019-12-16 09:32:27.000,3974.6000,14743,0,499481460.000,1,0,1,多换,S,3973.8000,3973.6000,3973.4000,3973.2000,3973.0000,3974.8000,3975.0000,3975.4000,3976.2000,3976.4000,2,3,10,2,1,1,1,1,2,1
SF,IF2001,2019-12-16 09:32:27.500,3974.6000,14743,0,499481460.000,0,-,-,-,-,3973.8000,3973.6000,3973.4000,3973.2000,3973.0000,3974.8000,3975.0000,3975.4000,3976.2000,3976.4000,1,3,10,2,1,1,1,1,2,1
SF,IF2001,2019-12-16 09:32:28.000,3974.6000,14743,0,499481460.000,0,-,-,-,-,3973.8000,3973.6000,3973.4000,3973.2000,3973.0000,3974.8000,3975.0000,3975.4000,3976.2000,3976.4000,1,3,10,2,1,3,1,1,2,1
SF,IF2001,2019-12-16 09:32:28.500,3974.6000,14743,0,499481460.000,0,-,-,-,-,3974.6000,3973.8000,3973.6000,3973.4000,3973.2000,3974.8000,3975.0000,3975.4000,3976.2000,3976.4000,1,1,3,10,2,3,1,1,2,1
SF,IF2001,2019-12-16 09:32:29.000,3974.8000,14743,0,501866280.000,2,1,1,多换,S,3973.8000,3973.6000,3973.4000,3973.2000,3973.0000,3974.8000,3975.0000,3975.4000,3976.2000,3976.4000,1,3,10,2,1,2,1,1,2,1
SF,IF2001,2019-12-16 09:32:29.500,3974.8000,14744,1,503058720.000,1,1,0,双开,S,3974.0000,3973.8000,3973.6000,3973.4000,3973.2000,3974.8000,3975.0000,3976.2000,3976.4000,3978.0000,1,1,3,10,2,1,1,2,1,7
SF,IF2001,2019-12-16 09:32:30.000,3974.8000,14744,0,503058720.000,0,-,-,-,-,3974.0000,3973.8000,3973.6000,3973.4000,3973.2000,3974.8000,3975.0000,3976.2000,3976.4000,3978.0000,2,1,3,10,2,1,1,2,1,7
SF,IF2001,2019-12-16 09:32:30.500,3974.8000,14744,0,504251160.000,1,0,1,多换,S,3974.8000,3974.0000,3973.6000,3973.4000,3973.2000,3975.0000,3976.2000,3976.4000,3978.0000,3979.0000,1,2,3,10,2,1,2,1,7,2
SF,IF2001,2019-12-16 09:32:31.000,3974.8000,14744,0,504251160.000,0,-,-,-,-,3974.0000,3973.6000,3973.4000,3973.2000,3972.6000,3975.0000,3976.2000,3976.4000,3978.0000,3979.0000,2,1,10,2,2,1,2,1,7,2
SF,IF2001,2019-12-16 09:32:31.500,3974.8000,14744,0,504251160.000,0,-,-,-,-,3974.2000,3974.0000,3973.6000,3973.4000,3973.2000,3975.0000,3976.2000,3976.4000,3978.0000,3979.0000,1,2,1,10,2,1,2,1,7,2
SF,IF2001,2019-12-16 09:32:32.000,3975.0000,14745,1,505443660.000,1,1,0,双开,S,3974.8000,3974.2000,3974.0000,3973.6000,3973.4000,3976.2000,3976.4000,3978.0000,3979.0000,3979.8000,2,1,1,1,10,2,1,7,2,1
SF,IF2001,2019-12-16 09:32:32.500,3975.0000,14745,0,505443660.000,0,-,-,-,-,3974.8000,3974.2000,3974.0000,3973.6000,3973.4000,3975.6000,3975.8000,3976.0000,3976.2000,3976.4000,2,1,1,1,10,1,1,3,2,1
SF,IF2001,2019-12-16 09:32:33.000,3975.0000,14745,0,505443660.000,0,-,-,-,-,3975.0000,3974.8000,3974.2000,3974.0000,3973.6000,3975.6000,3975.8000,3976.0000,3976.2000,3976.4000,1,2,1,1,1,1,1,3,2,1
SF,IF2001,2019-12-16 09:32:33.500,3975.0000,14745,0,506636160.000,1,0,1,多换,S,3974.8000,3974.2000,3974.0000,3973.6000,3973.4000,3975.8000,3976.0000,3976.2000,3976.4000,3978.0000,2,1,1,1,10,1,3,2,1,7
SF,IF2001,2019-12-16 09:32:34.500,3975.0000,14745,0,506636160.000,0,-,-,-,-,3974.8000,3974.2000,3974.0000,3973.6000,3973.4000,3975.8000,3976.0000,3976.2000,3976.4000,3978.0000,2,1,1,1,10,1,2,2,1,7
SF,IF2001,2019-12-16 09:32:35.000,3975.0000,14745,0,506636160.000,0,-,-,-,-,3975.6000,3974.8000,3974.2000,3974.0000,3973.6000,3975.8000,3976.0000,3976.2000,3976.4000,3978.0000,1,2,1,1,1,1,1,2,1,7
SF,IF2001,2019-12-16 09:32:35.500,3975.6000,14744,-1,509021520.000,2,0,2,多平,S,3974.8000,3974.2000,3974.0000,3973.6000,3973.4000,3975.6000,3975.8000,3976.2000,3976.4000,3978.0000,2,1,1,1,10,3,1,2,1,7
SF,IF2001,2019-12-16 09:32:36.500,3974.8000,14742,-2,511406400.000,2,0,2,双平,S,3974.2000,3974.0000,3973.6000,3973.4000,3973.2000,3974.8000,3975.8000,3976.2000,3976.4000,3978.0000,1,2,1,10,1,3,1,2,1,7
SF,IF2001,2019-12-16 09:32:37.000,3974.8000,14742,0,511406400.000,0,-,-,-,-,3974.8000,3974.0000,3973.6000,3973.4000,3973.2000,3975.8000,3976.2000,3976.4000,3978.0000,3979.0000,1,2,1,10,1,1,2,1,7,2
SF,IF2001,2019-12-16 09:32:37.500,3974.8000,14740,-2,514983720.000,3,0,3,多平,S,3974.0000,3973.6000,3973.4000,3973.2000,3973.0000,3975.4000,3975.6000,3975.8000,3976.2000,3976.4000,1,1,10,1,1,4,1,1,2,1
SF,IF2001,2019-12-16 09:32:38.000,3974.8000,14740,0,514983720.000,0,-,-,-,-,3974.6000,3974.2000,3974.0000,3973.6000,3973.4000,3975.2000,3975.4000,3975.8000,3976.2000,3976.4000,1,8,1,1,2,3,4,1,2,1
SF,IF2001,2019-12-16 09:32:38.500,3974.6000,14740,0,516176100.000,1,0,1,多换,S,3974.0000,3973.6000,3973.4000,3973.2000,3973.0000,3974.6000,3975.2000,3975.4000,3975.8000,3976.2000,1,1,2,1,1,6,3,1,1,2
SF,IF2001,2019-12-16 09:32:39.000,3974.6000,14740,0,516176100.000,0,-,-,-,-,3974.0000,3973.4000,3973.2000,3973.0000,3972.6000,3975.2000,3975.4000,3975.8000,3976.2000,3976.4000,2,2,1,1,2,1,1,1,2,1
SF,IF2001,2019-12-16 09:32:39.500,3974.6000,14740,0,516176100.000,0,-,-,-,-,3974.0000,3973.4000,3973.0000,3972.6000,3972.2000,3974.8000,3975.2000,3975.4000,3976.2000,3976.4000,2,1,1,2,1,5,2,1,2,1
SF,IF2001,2019-12-16 09:32:40.000,3974.6000,14740,0,516176100.000,0,-,-,-,-,3974.0000,3973.4000,3973.0000,3972.6000,3972.2000,3974.8000,3975.2000,3976.2000,3976.4000,3978.0000,2,1,1,2,1,1,3,2,1,7
SF,IF2001,2019-12-16 09:32:41.500,3974.8000,14740,0,517368540.000,1,0,1,多换,S,3974.0000,3973.4000,3973.0000,3972.6000,3972.2000,3975.2000,3976.2000,3976.4000,3978.0000,3979.0000,2,1,1,2,1,3,2,1,7,2
SF,IF2001,2019-12-16 09:32:42.000,3974.8000,14740,0,517368540.000,0,-,-,-,-,3974.0000,3973.4000,3973.0000,3972.6000,3972.2000,3975.0000,3975.2000,3976.2000,3976.4000,3978.0000,2,1,1,2,1,4,3,2,1,7
SF,IF2001,2019-12-16 09:32:42.500,3975.0000,14738,-2,523330380.000,5,1,4,多平,S,3973.0000,3972.6000,3972.2000,3972.0000,3971.8000,3975.0000,3975.2000,3976.2000,3976.4000,3978.0000,1,2,1,2,2,3,2,2,1,7
SF,IF2001,2019-12-16 09:32:43.000,3975.0000,14738,0,523330380.000,0,-,-,-,-,3973.4000,3973.2000,3973.0000,3972.6000,3972.2000,3974.8000,3975.0000,3975.2000,3976.2000,3976.4000,1,11,2,2,1,2,1,1,2,1
SF,IF2001,2019-12-16 09:32:43.500,3975.0000,14738,0,523330380.000,0,-,-,-,-,3973.6000,3973.4000,3973.2000,3973.0000,3972.6000,3974.8000,3975.0000,3975.2000,3976.2000,3976.4000,7,1,4,2,2,6,1,1,2,1
SF,IF2001,2019-12-16 09:32:44.000,3975.0000,14738,0,523330380.000,0,-,-,-,-,3973.4000,3973.2000,3973.0000,3972.6000,3972.2000,3974.8000,3975.2000,3976.2000,3976.4000,3978.0000,1,4,2,2,1,1,1,2,1,7
SF,IF2001,2019-12-16 09:32:44.500,3975.0000,14738,0,523330380.000,0,-,-,-,-,3973.6000,3973.4000,3973.2000,3973.0000,3972.6000,3974.8000,3975.2000,3976.2000,3976.4000,3978.0000,7,1,4,2,2,1,1,2,1,7
SF,IF2001,2019-12-16 09:32:45.000,3973.8000,14738,0,525714960.000,2,1,1,多换,S,3973.6000,3973.4000,3973.2000,3973.0000,3972.6000,3974.6000,3974.8000,3975.2000,3976.2000,3976.4000,10,1,2,2,2,1,1,1,2,1
SF,IF2001,2019-12-16 09:32:45.500,3973.8000,14738,0,525714960.000,0,-,-,-,-,3973.6000,3973.4000,3973.2000,3973.0000,3972.6000,3974.4000,3975.2000,3976.2000,3976.4000,3978.0000,10,1,2,2,2,1,1,2,1,7
SF,IF2001,2019-12-16 09:32:46.000,3973.8000,14738,0,525714960.000,0,-,-,-,-,3973.6000,3973.4000,3973.2000,3973.0000,3972.6000,3974.4000,3975.2000,3976.2000,3976.4000,3978.0000,10,1,1,3,2,1,1,2,1,7
SF,IF2001,2019-12-16 09:32:46.500,3974.4000,14737,-1,526907280.000,1,0,1,双平,S,3973.8000,3973.6000,3973.2000,3973.0000,3972.6000,3975.2000,3976.2000,3976.4000,3978.0000,3979.0000,1,10,1,3,2,1,2,1,7,2
SF,IF2001,2019-12-16 09:32:47.000,3974.4000,14737,0,526907280.000,0,-,-,-,-,3974.0000,3973.6000,3973.2000,3973.0000,3972.6000,3974.8000,3975.0000,3975.2000,3976.2000,3976.4000,1,10,1,3,2,1,4,2,2,1
SF,IF2001,2019-12-16 09:32:47.500,3974.0000,14737,0,528099480.000,1,0,1,多换,S,3973.6000,3973.2000,3973.0000,3972.6000,3972.2000,3974.8000,3975.2000,3976.2000,3976.4000,3978.0000,10,1,3,2,1,1,2,2,1,7
SF,IF2001,2019-12-16 09:32:48.000,3974.0000,14737,0,528099480.000,0,-,-,-,-,3974.4000,3973.6000,3973.2000,3973.0000,3972.6000,3974.8000,3975.2000,3976.2000,3976.4000,3978.0000,1,10,1,3,2,1,2,2,1,7
SF,IF2001,2019-12-16 09:32:48.500,3974.4000,14737,0,529291800.000,1,0,1,多换,S,3973.6000,3973.2000,3973.0000,3972.6000,3972.2000,3974.4000,3974.8000,3975.2000,3976.2000,3976.4000,10,1,3,2,1,1,1,2,2,1
SF,IF2001,2019-12-16 09:32:49.000,3974.4000,14737,0,529291800.000,0,-,-,-,-,3973.6000,3973.2000,3973.0000,3972.6000,3972.2000,3974.6000,3975.2000,3976.2000,3976.4000,3978.0000,10,1,3,2,1,1,2,2,1,7
SF,IF2001,2019-12-16 09:32:49.500,3974.4000,14737,0,529291800.000,0,-,-,-,-,3973.8000,3973.6000,3973.2000,3973.0000,3972.6000,3974.6000,3975.2000,3976.2000,3976.4000,3978.0000,1,10,1,3,2,1,2,2,1,7
SF,IF2001,2019-12-16 09:32:50.000,3973.8000,14736,-1,530483940.000,1,0,1,双平,S,3973.6000,3973.2000,3973.0000,3972.6000,3972.2000,3974.4000,3974.6000,3975.2000,3976.2000,3976.4000,3,1,4,2,1,1,1,2,2,1
SF,IF2001,2019-12-16 09:32:51.000,3974.4000,14735,-1,531676260.000,1,0,1,双平,S,3973.6000,3973.2000,3973.0000,3972.6000,3972.2000,3974.6000,3975.2000,3976.2000,3976.4000,3978.0000,3,1,4,2,1,1,2,2,1,7
SF,IF2001,2019-12-16 09:32:52.000,3974.4000,14735,0,531676260.000,0,-,-,-,-,3974.4000,3973.6000,3973.2000,3973.0000,3972.6000,3974.6000,3975.2000,3976.2000,3976.4000,3978.0000,1,3,1,4,2,1,2,2,1,7
SF,IF2001,2019-12-16 09:32:52.500,3973.6000,14734,-1,534060660.000,2,0,2,多平,S,3973.6000,3973.2000,3973.0000,3972.6000,3972.2000,3974.4000,3974.6000,3975.2000,3976.2000,3976.4000,2,1,4,2,1,2,1,2,2,1
SF,IF2001,2019-12-16 09:32:53.000,3973.6000,14734,0,534060660.000,0,-,-,-,-,3973.6000,3973.2000,3973.0000,3972.6000,3972.2000,3974.2000,3974.4000,3975.2000,3976.2000,3976.4000,2,1,4,2,1,1,3,2,2,1
SF,IF2001,2019-12-16 09:32:53.500,3974.2000,14733,-1,535252920.000,1,0,1,双平,S,3973.6000,3973.2000,3973.0000,3972.6000,3972.2000,3974.4000,3975.2000,3976.2000,3976.4000,3978.0000,2,1,4,2,1,3,2,2,1,7
SF,IF2001,2019-12-16 09:32:54.000,3974.4000,14732,-1,536445240.000,1,0,1,双平,S,3973.6000,3973.2000,3973.0000,3972.6000,3972.2000,3974.4000,3975.2000,3976.2000,3976.4000,3978.0000,2,1,4,2,1,2,2,2,1,7
SF,IF2001,2019-12-16 09:32:54.500,3974.4000,14732,0,536445240.000,0,-,-,-,-,3973.6000,3973.2000,3973.0000,3972.6000,3972.2000,3974.4000,3975.0000,3975.2000,3976.2000,3976.4000,2,1,4,2,1,2,2,2,2,1
SF,IF2001,2019-12-16 09:32:55.500,3974.4000,14733,1,537637560.000,1,1,0,双开,S,3973.6000,3973.2000,3973.0000,3972.6000,3972.2000,3974.4000,3975.0000,3975.2000,3976.2000,3976.4000,2,1,4,2,1,1,2,2,2,1
SF,IF2001,2019-12-16 09:32:56.000,3973.6000,14733,0,538829640.000,1,0,1,多换,S,3973.6000,3973.2000,3973.0000,3972.6000,3972.2000,3974.4000,3975.0000,3975.2000,3976.2000,3976.4000,1,1,4,2,1,2,2,2,2,1
SF,IF2001,2019-12-16 09:32:56.500,3973.6000,14733,0,538829640.000,0,-,-,-,-,3973.6000,3973.2000,3973.0000,3972.6000,3972.2000,3974.2000,3974.4000,3975.0000,3975.2000,3976.2000,1,1,4,2,1,1,2,2,2,2
SF,IF2001,2019-12-16 09:32:57.000,3974.2000,14734,1,540021900.000,1,1,0,双开,S,3973.6000,3973.2000,3973.0000,3972.6000,3972.2000,3974.4000,3975.0000,3975.2000,3976.2000,3976.4000,1,1,4,2,1,2,2,2,2,1
SF,IF2001,2019-12-16 09:32:58.500,3974.2000,14734,0,540021900.000,0,-,-,-,-,3974.0000,3973.6000,3973.2000,3973.0000,3972.6000,3974.4000,3975.0000,3975.2000,3976.2000,3976.4000,1,1,1,4,2,2,7,2,2,1
SF,IF2001,2019-12-16 09:32:59.000,3974.2000,14734,0,540021900.000,0,-,-,-,-,3974.0000,3973.6000,3973.2000,3973.0000,3972.6000,3974.4000,3975.0000,3975.2000,3976.2000,3976.4000,1,1,1,4,2,2,7,2,2,1
SF,IF2001,2019-12-16 09:32:59.500,3974.2000,14734,0,543598620.000,3,1,2,多换,S,3974.2000,3973.6000,3973.2000,3973.0000,3972.6000,3974.4000,3975.0000,3975.2000,3976.2000,3976.4000,1,1,1,4,2,1,7,2,2,1
SF,IF2001,2019-12-16 09:33:00.000,3974.2000,14735,1,545983200.000,2,1,1,空开,S,3973.6000,3973.2000,3973.0000,3972.6000,3972.2000,3975.0000,3975.2000,3976.2000,3976.4000,3978.0000,1,1,4,2,1,7,2,2,1,7
SF,IF2001,2019-12-16 09:33:00.500,3974.2000,14735,0,545983200.000,0,-,-,-,-,3973.8000,3973.6000,3973.2000,3973.0000,3972.6000,3974.2000,3974.8000,3975.0000,3975.2000,3976.2000,1,1,1,4,2,2,8,7,1,2
SF,IF2001,2019-12-16 09:33:01.000,3973.8000,14734,-1,547175340.000,1,0,1,双平,S,3973.6000,3973.2000,3973.0000,3972.6000,3972.2000,3973.8000,3974.6000,3974.8000,3975.0000,3975.2000,1,1,4,2,1,3,1,7,7,1
SF,IF2001,2019-12-16 09:33:01.500,3973.8000,14733,-1,548367480.000,1,0,1,双平,S,3973.6000,3973.2000,3973.0000,3972.6000,3972.2000,3974.6000,3974.8000,3975.0000,3975.2000,3976.2000,1,1,4,2,1,1,7,7,1,2
SF,IF2001,2019-12-16 09:33:02.000,3973.8000,14733,0,548367480.000,0,-,-,-,-,3973.6000,3973.2000,3973.0000,3972.6000,3972.2000,3974.6000,3974.8000,3975.0000,3975.2000,3976.2000,1,1,4,2,1,1,5,7,1,2
SF,IF2001,2019-12-16 09:33:02.500,3973.6000,14732,-1,549559560.000,1,0,1,双平,S,3974.0000,3973.2000,3973.0000,3972.6000,3972.2000,3974.6000,3974.8000,3975.0000,3975.2000,3976.2000,1,1,4,2,1,1,5,7,1,2
SF,IF2001,2019-12-16 09:33:03.000,3974.0000,14732,0,550751760.000,1,0,1,多换,S,3973.6000,3973.2000,3973.0000,3972.6000,3972.2000,3974.6000,3974.8000,3975.0000,3975.2000,3976.2000,1,1,4,2,1,1,5,7,1,2
SF,IF2001,2019-12-16 09:33:04.500,3974.0000,14732,0,550751760.000,0,-,-,-,-,3973.6000,3973.2000,3973.0000,3972.6000,3972.2000,3974.6000,3974.8000,3975.0000,3975.2000,3976.2000,3,1,4,2,1,1,5,7,1,2
SF,IF2001,2019-12-16 09:33:05.000,3974.0000,14732,0,550751760.000,0,-,-,-,-,3973.6000,3973.2000,3973.0000,3972.6000,3972.2000,3974.6000,3974.8000,3975.0000,3975.2000,3976.2000,3,1,4,2,1,1,5,7,1,2
SF,IF2001,2019-12-16 09:33:05.500,3974.0000,14732,0,550751760.000,0,-,-,-,-,3973.6000,3973.2000,3973.0000,3972.6000,3972.2000,3974.6000,3974.8000,3975.0000,3975.2000,3976.2000,3,1,4,2,1,2,5,7,1,2
SF,IF2001,2019-12-16 09:33:07.000,3974.0000,14732,0,550751760.000,0,-,-,-,-,3973.6000,3973.2000,3973.0000,3972.6000,3972.2000,3974.6000,3974.8000,3975.0000,3975.2000,3976.2000,3,1,4,2,1,2,5,7,1,2
SF,IF2001,2019-12-16 09:33:07.500,3973.6000,14732,0,551943840.000,1,0,1,多换,S,3974.0000,3973.6000,3973.0000,3972.6000,3972.2000,3974.4000,3974.6000,3974.8000,3975.0000,3975.2000,1,2,4,2,1,1,2,4,7,1
SF,IF2001,2019-12-16 09:33:08.000,3973.6000,14730,-2,555520200.000,3,0,3,多平,S,3973.0000,3972.6000,3972.2000,3972.0000,3971.8000,3973.8000,3974.2000,3974.4000,3974.6000,3974.8000,4,2,1,2,2,1,1,1,1,4
SF,IF2001,2019-12-16 09:33:08.500,3973.6000,14730,0,555520200.000,0,-,-,-,-,3973.0000,3972.6000,3972.2000,3972.0000,3971.8000,3973.6000,3974.0000,3974.4000,3974.6000,3974.8000,4,2,1,2,2,1,6,1,1,4
SF,IF2001,2019-12-16 09:33:09.000,3973.0000,14731,1,556712100.000,1,1,0,双开,S,3973.0000,3972.6000,3972.2000,3972.0000,3971.8000,3973.6000,3974.0000,3974.4000,3974.6000,3975.0000,2,1,1,2,2,1,6,2,1,7
SF,IF2001,2019-12-16 09:33:09.500,3973.0000,14732,1,559095900.000,2,1,1,空开,S,3972.6000,3972.2000,3972.0000,3971.8000,3971.6000,3973.6000,3974.0000,3974.4000,3974.6000,3975.0000,1,1,2,2,3,1,6,2,1,7
SF,IF2001,2019-12-16 09:33:10.000,3972.6000,14731,-1,560287680.000,1,0,1,双平,S,3972.2000,3972.0000,3971.8000,3971.6000,3971.2000,3973.4000,3973.6000,3974.0000,3974.2000,3974.4000,1,2,2,3,1,1,1,6,1,2
SF,IF2001,2019-12-16 09:33:10.500,3972.6000,14731,0,560287680.000,0,-,-,-,-,3972.2000,3972.0000,3971.8000,3971.6000,3971.2000,3973.2000,3973.4000,3973.8000,3974.0000,3974.2000,1,2,2,3,1,1,1,1,5,1
SF,IF2001,2019-12-16 09:33:11.000,3972.6000,14731,0,560287680.000,0,-,-,-,-,3972.2000,3972.0000,3971.8000,3971.6000,3971.2000,3973.2000,3973.4000,3973.8000,3974.0000,3974.2000,1,2,2,3,1,5,1,1,5,1
SF,IF2001,2019-12-16 09:33:11.500,3972.6000,14731,0,560287680.000,0,-,-,-,-,3972.6000,3972.4000,3972.2000,3972.0000,3971.8000,3973.2000,3973.4000,3973.8000,3974.0000,3974.2000,1,1,1,2,1,5,1,1,5,1
SF,IF2001,2019-12-16 09:33:12.000,3972.6000,14731,0,560287680.000,0,-,-,-,-,3972.6000,3972.4000,3972.2000,3972.0000,3971.8000,3973.2000,3973.4000,3973.6000,3973.8000,3974.0000,1,1,1,2,1,5,1,1,1,5
SF,IF2001,2019-12-16 09:33:12.500,3972.6000,14731,0,560287680.000,0,-,-,-,-,3972.6000,3972.2000,3972.0000,3971.8000,3971.6000,3973.2000,3973.4000,3973.6000,3973.8000,3974.0000,1,1,2,1,3,5,1,1,1,5
SF,IF2001,2019-12-16 09:33:13.000,3973.2000,14730,-1,561479640.000,1,0,1,双平,S,3972.6000,3972.2000,3972.0000,3971.8000,3971.6000,3973.6000,3973.8000,3974.0000,3974.2000,3974.4000,1,1,2,1,3,1,1,5,1,2
SF,IF2001,2019-12-16 09:33:14.500,3972.6000,14731,1,562671420.000,1,1,0,双开,S,3972.2000,3972.0000,3971.8000,3971.6000,3971.2000,3972.6000,3973.4000,3973.6000,3973.8000,3974.0000,1,2,1,3,1,1,1,1,1,5
SF,IF2001,2019-12-16 09:33:15.000,3972.6000,14731,0,563863200.000,1,0,1,多换,S,3972.6000,3972.2000,3972.0000,3971.8000,3971.6000,3973.6000,3973.8000,3974.2000,3974.4000,3975.0000,8,2,2,1,3,2,1,1,2,7
SF,IF2001,2019-12-16 09:33:15.500,3972.6000,14731,0,563863200.000,0,-,-,-,-,3972.6000,3972.2000,3972.0000,3971.8000,3971.6000,3973.2000,3973.4000,3973.6000,3973.8000,3974.2000,2,2,2,1,3,4,4,2,1,1
SF,IF2001,2019-12-16 09:33:16.000,3972.6000,14731,0,563863200.000,0,-,-,-,-,3972.6000,3972.2000,3972.0000,3971.8000,3971.6000,3973.6000,3973.8000,3974.2000,3974.4000,3975.0000,3,2,3,2,3,4,1,1,2,7
SF,IF2001,2019-12-16 09:33:17.000,3972.6000,14731,0,566246760.000,2,1,1,多换,S,3972.6000,3972.2000,3972.0000,3971.8000,3971.6000,3973.6000,3973.8000,3974.2000,3974.4000,3975.0000,1,2,3,2,3,4,1,1,2,7
SF,IF2001,2019-12-16 09:33:18.000,3972.6000,14731,0,566246760.000,0,-,-,-,-,3972.6000,3972.2000,3972.0000,3971.8000,3971.6000,3973.6000,3973.8000,3974.2000,3974.4000,3975.0000,1,2,3,2,3,3,1,1,2,7
SF,IF2001,2019-12-16 09:33:18.500,3972.6000,14731,0,566246760.000,0,-,-,-,-,3972.6000,3972.2000,3972.0000,3971.8000,3971.6000,3973.4000,3973.6000,3973.8000,3974.2000,3974.4000,1,2,3,2,3,1,3,1,1,2
SF,IF2001,2019-12-16 09:33:19.000,3972.6000,14731,0,566246760.000,0,-,-,-,-,3972.6000,3972.4000,3972.2000,3972.0000,3971.8000,3973.4000,3973.6000,3973.8000,3974.2000,3974.4000,1,1,2,2,2,1,3,1,1,2
SF,IF2001,2019-12-16 09:33:19.500,3972.6000,14731,0,566246760.000,0,-,-,-,-,3972.6000,3972.4000,3972.2000,3972.0000,3971.8000,3973.4000,3973.6000,3973.8000,3974.2000,3974.4000,2,1,2,2,2,1,2,1,1,2
SF,IF2001,2019-12-16 09:33:20.000,3972.6000,14731,0,566246760.000,0,-,-,-,-,3972.6000,3972.4000,3972.2000,3972.0000,3971.8000,3973.6000,3973.8000,3974.2000,3974.4000,3975.0000,2,1,2,2,2,2,1,1,2,7
SF,IF2001,2019-12-16 09:33:20.500,3972.6000,14731,0,566246760.000,0,-,-,-,-,3972.6000,3972.4000,3972.2000,3972.0000,3971.8000,3973.6000,3973.8000,3974.2000,3974.4000,3975.0000,2,1,2,2,2,2,1,1,2,7
SF,IF2001,2019-12-16 09:33:21.000,3972.6000,14731,0,568630320.000,2,1,1,多换,S,3972.4000,3972.2000,3972.0000,3971.8000,3971.6000,3973.6000,3973.8000,3974.2000,3974.4000,3975.0000,1,2,2,2,3,2,1,1,2,7
SF,IF2001,2019-12-16 09:33:21.500,3972.6000,14731,0,568630320.000,0,-,-,-,-,3972.6000,3972.4000,3972.2000,3972.0000,3971.8000,3973.4000,3973.6000,3973.8000,3974.2000,3974.4000,1,1,2,2,2,1,2,1,1,2
SF,IF2001,2019-12-16 09:33:22.000,3972.4000,14730,-1,571013820.000,2,0,2,多平,S,3972.2000,3972.0000,3971.8000,3971.6000,3971.2000,3973.2000,3973.4000,3973.6000,3973.8000,3974.2000,2,2,2,3,1,1,6,2,1,1
SF,IF2001,2019-12-16 09:33:22.500,3972.4000,14730,0,571013820.000,0,-,-,-,-,3972.2000,3972.0000,3971.8000,3971.6000,3971.2000,3973.0000,3973.2000,3973.4000,3973.6000,3973.8000,1,2,2,3,1,5,1,6,3,1
SF,IF2001,2019-12-16 09:33:23.000,3973.2000,14729,-1,572205780.000,1,0,1,双平,S,3972.2000,3972.0000,3971.8000,3971.6000,3971.2000,3972.8000,3973.4000,3973.6000,3973.8000,3974.2000,1,2,2,3,1,1,5,3,1,1
SF,IF2001,2019-12-16 09:33:23.500,3972.8000,14728,-1,573397620.000,1,0,1,双平,S,3972.2000,3972.0000,3971.8000,3971.6000,3971.2000,3973.2000,3973.6000,3973.8000,3974.2000,3974.4000,1,2,2,3,1,1,3,1,1,2
SF,IF2001,2019-12-16 09:33:24.000,3972.8000,14728,0,573397620.000,0,-,-,-,-,3972.8000,3972.2000,3972.0000,3971.8000,3971.6000,3973.2000,3973.4000,3973.6000,3974.2000,3974.4000,1,1,2,2,3,1,1,3,1,2
SF,IF2001,2019-12-16 09:33:24.500,3972.8000,14729,1,574589460.000,1,1,0,双开,S,3972.2000,3972.0000,3971.8000,3971.6000,3971.2000,3973.2000,3973.4000,3973.6000,3974.2000,3974.4000,1,2,2,3,1,1,1,3,1,2
SF,IF2001,2019-12-16 09:33:25.000,3973.2000,14728,-1,575781420.000,1,0,1,双平,S,3973.2000,3972.4000,3972.2000,3972.0000,3971.8000,3973.4000,3973.6000,3974.2000,3974.4000,3975.0000,1,9,2,2,2,1,3,1,2,7
SF,IF2001,2019-12-16 09:33:25.500,3973.4000,14728,0,576973440.000,1,0,1,多换,S,3972.4000,3972.2000,3972.0000,3971.8000,3971.6000,3973.6000,3974.2000,3974.4000,3975.0000,3975.2000,9,2,2,2,3,2,1,2,7,1
SF,IF2001,2019-12-16 09:33:26.000,3973.4000,14728,0,576973440.000,0,-,-,-,-,3972.6000,3972.4000,3972.2000,3972.0000,3971.8000,3973.4000,3973.6000,3974.2000,3974.4000,3975.0000,1,9,2,2,2,1,2,1,2,7
SF,IF2001,2019-12-16 09:33:26.500,3973.4000,14728,0,576973440.000,0,-,-,-,-,3972.4000,3972.2000,3972.0000,3971.8000,3971.6000,3973.6000,3974.2000,3974.4000,3975.0000,3975.2000,9,2,2,2,3,2,1,2,7,1
SF,IF2001,2019-12-16 09:33:27.000,3973.4000,14727,-1,578165460.000,1,0,1,双平,S,3973.4000,3972.6000,3972.4000,3972.2000,3972.0000,3973.6000,3974.2000,3974.4000,3975.0000,3975.2000,1,3,9,2,2,2,1,2,7,1
SF,IF2001,2019-12-16 09:33:27.500,3973.4000,14727,0,578165460.000,0,-,-,-,-,3973.4000,3972.6000,3972.4000,3972.2000,3972.0000,3973.6000,3974.2000,3974.4000,3975.0000,3975.2000,1,2,9,2,2,2,1,2,7,1
SF,IF2001,2019-12-16 09:33:28.000,3973.4000,14723,-4,586508160.000,7,1,6,多平,S,3972.4000,3972.2000,3972.0000,3971.8000,3971.6000,3973.4000,3973.6000,3974.2000,3974.4000,3975.0000,5,2,2,2,3,2,2,1,2,7
SF,IF2001,2019-12-16 09:33:28.500,3973.4000,14723,0,586508160.000,0,-,-,-,-,3972.4000,3972.2000,3972.0000,3971.8000,3971.6000,3973.6000,3974.2000,3974.4000,3975.0000,3975.2000,5,2,2,2,3,2,1,2,7,1
SF,IF2001,2019-12-16 09:33:29.000,3973.4000,14723,0,586508160.000,0,-,-,-,-,3972.6000,3972.4000,3972.2000,3972.0000,3971.8000,3973.4000,3973.6000,3974.2000,3974.4000,3975.0000,1,5,2,2,2,2,2,1,1,7
SF,IF2001,2019-12-16 09:33:29.500,3973.4000,14723,0,586508160.000,0,-,-,-,-,3972.6000,3972.4000,3972.2000,3972.0000,3971.8000,3973.4000,3973.6000,3974.2000,3974.4000,3975.0000,1,5,2,2,2,1,2,1,1,7
SF,IF2001,2019-12-16 09:33:30.000,3973.4000,14723,0,586508160.000,0,-,-,-,-,3972.4000,3972.2000,3972.0000,3971.8000,3971.6000,3973.4000,3973.6000,3974.2000,3974.4000,3975.0000,5,2,2,2,3,1,2,1,1,7
SF,IF2001,2019-12-16 09:33:30.500,3973.4000,14723,0,586508160.000,0,-,-,-,-,3972.2000,3972.0000,3971.8000,3971.6000,3971.2000,3973.4000,3973.6000,3974.2000,3974.4000,3975.0000,2,2,2,3,1,1,2,1,1,7
SF,IF2001,2019-12-16 09:33:31.000,3973.4000,14723,0,586508160.000,0,-,-,-,-,3972.4000,3972.2000,3972.0000,3971.8000,3971.6000,3973.4000,3973.6000,3974.2000,3974.4000,3975.0000,2,2,2,2,3,1,2,1,1,7
SF,IF2001,2019-12-16 09:33:31.500,3973.4000,14723,0,586508160.000,0,-,-,-,-,3972.4000,3972.2000,3972.0000,3971.8000,3971.6000,3973.4000,3973.6000,3974.2000,3974.4000,3975.0000,3,2,2,2,3,1,2,1,1,7
SF,IF2001,2019-12-16 09:33:32.000,3973.4000,14723,0,586508160.000,0,-,-,-,-,3972.4000,3972.2000,3972.0000,3971.8000,3971.6000,3973.6000,3974.2000,3974.4000,3975.0000,3975.2000,3,2,2,2,3,2,1,1,7,1
SF,IF2001,2019-12-16 09:33:32.500,3973.4000,14723,0,588892200.000,2,1,1,多换,S,3972.6000,3972.2000,3972.0000,3971.8000,3971.6000,3973.4000,3973.6000,3974.2000,3974.4000,3975.0000,1,2,2,2,3,4,2,1,1,7
SF,IF2001,2019-12-16 09:33:33.000,3973.4000,14723,0,588892200.000,0,-,-,-,-,3972.6000,3972.2000,3972.0000,3971.8000,3971.6000,3973.6000,3974.2000,3974.4000,3975.0000,3975.2000,1,2,2,2,3,2,1,1,7,1
SF,IF2001,2019-12-16 09:33:34.000,3973.4000,14723,0,588892200.000,0,-,-,-,-,3972.6000,3972.2000,3972.0000,3971.8000,3971.6000,3973.6000,3974.2000,3974.4000,3975.0000,3975.2000,1,3,2,2,3,2,1,1,7,1
SF,IF2001,2019-12-16 09:33:34.500,3973.4000,14723,0,588892200.000,0,-,-,-,-,3972.6000,3972.2000,3972.0000,3971.8000,3971.6000,3973.6000,3974.2000,3974.4000,3975.0000,3975.2000,1,2,2,2,3,2,1,1,7,1
SF,IF2001,2019-12-16 09:33:35.000,3973.4000,14723,0,588892200.000,0,-,-,-,-,3972.6000,3972.2000,3972.0000,3971.8000,3971.6000,3973.4000,3973.6000,3974.2000,3974.4000,3975.0000,1,2,2,2,3,1,2,1,1,7
SF,IF2001,2019-12-16 09:33:35.500,3973.4000,14723,0,588892200.000,0,-,-,-,-,3972.6000,3972.2000,3972.0000,3971.8000,3971.6000,3973.4000,3973.6000,3974.2000,3974.4000,3975.0000,1,2,2,2,3,6,2,1,1,7
SF,IF2001,2019-12-16 09:33:36.000,3972.6000,14722,-1,590083980.000,1,0,1,双平,S,3972.2000,3972.0000,3971.8000,3971.6000,3971.2000,3973.2000,3973.4000,3973.6000,3974.2000,3974.4000,2,2,2,3,1,4,6,2,1,1
SF,IF2001,2019-12-16 09:33:36.500,3972.6000,14722,0,590083980.000,0,-,-,-,-,3972.6000,3972.2000,3972.0000,3971.8000,3971.6000,3973.0000,3973.2000,3973.4000,3973.6000,3974.2000,1,2,2,2,3,2,8,5,3,1
SF,IF2001,2019-12-16 09:33:37.000,3972.6000,14722,0,591275760.000,1,0,1,多换,S,3972.2000,3972.0000,3971.8000,3971.6000,3971.2000,3972.4000,3972.6000,3973.0000,3973.2000,3973.4000,2,2,1,3,1,1,2,2,8,5
SF,IF2001,2019-12-16 09:33:37.500,3972.6000,14721,-1,596042820.000,4,1,3,多平,S,3972.4000,3972.2000,3972.0000,3971.8000,3971.6000,3973.0000,3973.2000,3973.4000,3973.6000,3974.2000,3,2,2,1,3,1,4,5,3,1
SF,IF2001,2019-12-16 09:33:38.000,3972.6000,14721,0,596042820.000,0,-,-,-,-,3972.2000,3972.0000,3971.8000,3971.6000,3971.2000,3973.0000,3973.4000,3973.6000,3974.2000,3974.4000,2,2,1,3,1,1,5,3,1,1
SF,IF2001,2019-12-16 09:33:38.500,3972.6000,14721,0,596042820.000,0,-,-,-,-,3972.2000,3972.0000,3971.8000,3971.6000,3971.2000,3973.0000,3973.4000,3973.6000,3974.2000,3974.4000,2,2,1,3,1,1,5,3,1,1
SF,IF2001,2019-12-16 09:33:39.000,3972.6000,14721,0,596042820.000,0,-,-,-,-,3972.4000,3972.2000,3972.0000,3971.8000,3971.6000,3973.0000,3973.4000,3973.6000,3974.2000,3974.4000,6,2,2,2,3,1,2,3,1,1
SF,IF2001,2019-12-16 09:33:39.500,3973.0000,14721,0,597234720.000,1,0,1,多换,S,3972.6000,3972.4000,3972.2000,3972.0000,3971.8000,3973.4000,3973.6000,3974.2000,3974.4000,3975.0000,1,8,2,2,2,2,2,1,1,7
SF,IF2001,2019-12-16 09:33:40.000,3973.0000,14721,0,597234720.000,0,-,-,-,-,3972.6000,3972.4000,3972.2000,3972.0000,3971.8000,3973.4000,3973.6000,3974.2000,3974.4000,3975.0000,1,2,2,2,2,2,2,1,1,5
SF,IF2001,2019-12-16 09:33:40.500,3973.0000,14721,0,597234720.000,0,-,-,-,-,3972.4000,3972.2000,3972.0000,3971.8000,3971.6000,3973.0000,3973.4000,3973.6000,3974.2000,3974.4000,1,2,2,2,3,1,2,2,1,1
SF,IF2001,2019-12-16 09:33:41.000,3973.0000,14721,0,597234720.000,0,-,-,-,-,3972.4000,3972.2000,3972.0000,3971.8000,3971.6000,3973.0000,3973.4000,3973.6000,3974.2000,3974.4000,1,2,2,2,3,1,2,2,1,1
SF,IF2001,2019-12-16 09:33:41.500,3973.0000,14721,0,597234720.000,0,-,-,-,-,3972.2000,3972.0000,3971.8000,3971.6000,3971.2000,3973.0000,3973.4000,3973.6000,3974.2000,3974.4000,2,2,2,3,1,1,2,2,1,1
SF,IF2001,2019-12-16 09:33:42.000,3972.2000,14721,0,599618040.000,2,1,1,多换,S,3972.0000,3971.8000,3971.6000,3971.2000,3971.0000,3973.0000,3973.4000,3973.6000,3974.2000,3974.4000,2,2,3,1,2,1,2,3,1,1
SF,IF2001,2019-12-16 09:33:42.500,3972.2000,14721,0,599618040.000,0,-,-,-,-,3972.0000,3971.8000,3971.6000,3971.2000,3971.0000,3973.0000,3973.4000,3973.6000,3974.2000,3974.4000,2,2,3,1,2,2,2,3,1,1
SF,IF2001,2019-12-16 09:33:43.000,3972.2000,14721,0,599618040.000,0,-,-,-,-,3972.0000,3971.8000,3971.6000,3971.2000,3971.0000,3972.2000,3973.0000,3973.4000,3973.6000,3974.4000,2,2,3,1,2,1,2,2,4,1
SF,IF2001,2019-12-16 09:33:43.500,3972.2000,14721,0,600809700.000,1,0,1,多换,S,3972.6000,3972.0000,3971.8000,3971.6000,3971.2000,3973.0000,3973.4000,3973.6000,3974.4000,3975.0000,1,2,1,3,1,12,2,4,1,5
SF,IF2001,2019-12-16 09:33:44.000,3972.6000,14721,0,602001480.000,1,0,1,多换,S,3972.0000,3971.8000,3971.6000,3971.2000,3971.0000,3972.4000,3972.6000,3973.0000,3973.4000,3973.6000,2,1,3,1,2,1,3,12,2,4
SF,IF2001,2019-12-16 09:33:44.500,3972.6000,14721,0,602001480.000,0,-,-,-,-,3972.0000,3971.8000,3971.6000,3971.2000,3971.0000,3972.6000,3972.8000,3973.0000,3973.4000,3973.6000,2,1,3,1,2,3,4,12,2,4
SF,IF2001,2019-12-16 09:33:45.000,3972.0000,14722,1,603193080.000,1,1,0,双开,S,3972.0000,3971.8000,3971.6000,3971.2000,3971.0000,3972.6000,3973.0000,3973.4000,3973.6000,3974.4000,1,1,3,1,2,3,12,2,4,1
SF,IF2001,2019-12-16 09:33:45.500,3972.0000,14722,0,603193080.000,0,-,-,-,-,3972.0000,3971.8000,3971.6000,3971.2000,3971.0000,3972.6000,3973.0000,3973.4000,3973.6000,3974.4000,1,1,3,1,2,3,12,2,4,1
SF,IF2001,2019-12-16 09:33:46.500,3972.0000,14722,0,603193080.000,0,-,-,-,-,3972.0000,3971.8000,3971.6000,3971.2000,3971.0000,3972.6000,3973.0000,3973.4000,3973.6000,3974.0000,1,1,3,1,2,3,12,2,4,1
SF,IF2001,2019-12-16 09:33:47.000,3972.6000,14722,0,604384860.000,1,0,1,多换,S,3972.0000,3971.8000,3971.6000,3971.2000,3971.0000,3972.6000,3973.0000,3973.4000,3973.6000,3974.0000,1,1,3,1,2,2,12,2,4,1
SF,IF2001,2019-12-16 09:33:49.000,3972.6000,14722,0,604384860.000,0,-,-,-,-,3972.0000,3971.8000,3971.6000,3971.2000,3971.0000,3972.4000,3972.6000,3973.0000,3973.4000,3973.6000,1,1,3,1,2,5,2,12,2,4
SF,IF2001,2019-12-16 09:33:49.500,3972.0000,14722,0,605576460.000,1,0,1,多换,S,3971.8000,3971.6000,3971.2000,3971.0000,3970.2000,3972.4000,3972.6000,3973.0000,3973.4000,3973.6000,1,3,1,2,1,5,2,12,2,4
SF,IF2001,2019-12-16 09:33:50.000,3972.0000,14722,0,605576460.000,0,-,-,-,-,3971.8000,3971.6000,3971.2000,3971.0000,3970.2000,3972.4000,3972.6000,3973.0000,3973.4000,3973.6000,1,3,1,2,1,5,2,11,2,4
SF,IF2001,2019-12-16 09:33:50.500,3972.0000,14722,0,605576460.000,0,-,-,-,-,3971.8000,3971.6000,3971.2000,3971.0000,3970.2000,3972.0000,3972.6000,3973.0000,3973.4000,3973.6000,1,3,1,1,2,1,2,11,2,2
SF,IF2001,2019-12-16 09:33:51.000,3972.0000,14721,-1,606768060.000,1,0,1,双平,S,3972.4000,3971.8000,3971.6000,3971.2000,3971.0000,3972.6000,3973.0000,3973.4000,3973.6000,3974.0000,1,1,3,1,1,2,11,2,2,1
SF,IF2001,2019-12-16 09:33:51.500,3971.8000,14721,0,609151320.000,2,1,1,多换,S,3971.6000,3971.2000,3971.0000,3970.2000,3970.0000,3972.2000,3972.4000,3972.8000,3973.0000,3973.4000,3,1,1,2,8,5,7,1,11,2
SF,IF2001,2019-12-16 09:33:52.000,3971.8000,14721,0,609151320.000,0,-,-,-,-,3972.0000,3971.6000,3971.2000,3971.0000,3970.2000,3972.2000,3972.4000,3972.8000,3973.0000,3973.4000,1,3,1,1,2,4,1,1,11,2
SF,IF2001,2019-12-16 09:33:52.500,3972.2000,14718,-3,612726300.000,3,0,3,双平,S,3972.0000,3971.6000,3971.2000,3971.0000,3970.2000,3972.4000,3972.8000,3973.0000,3973.4000,3973.6000,1,3,1,1,2,1,1,11,2,2
SF,IF2001,2019-12-16 09:33:53.000,3972.4000,14718,0,613918020.000,1,0,1,多换,S,3972.4000,3972.0000,3971.6000,3971.2000,3971.0000,3973.0000,3973.4000,3973.6000,3974.0000,3974.4000,4,1,3,1,2,11,2,2,1,1
SF,IF2001,2019-12-16 09:33:53.500,3972.4000,14719,1,615109740.000,1,1,0,双开,S,3972.4000,3972.0000,3971.6000,3971.2000,3971.0000,3973.0000,3973.4000,3973.6000,3974.0000,3974.4000,4,1,3,1,2,11,2,2,1,1
SF,IF2001,2019-12-16 09:33:54.000,3972.0000,14719,0,616301340.000,1,0,1,多换,S,3971.6000,3971.2000,3971.0000,3970.2000,3970.0000,3972.4000,3972.8000,3973.0000,3973.4000,3973.6000,3,1,2,2,8,2,5,11,2,2
SF,IF2001,2019-12-16 09:33:54.500,3972.0000,14719,0,616301340.000,0,-,-,-,-,3971.8000,3971.6000,3971.2000,3971.0000,3970.2000,3972.4000,3972.8000,3973.0000,3973.4000,3973.6000,6,4,1,2,2,1,1,11,2,2
SF,IF2001,2019-12-16 09:33:55.000,3972.4000,14719,0,617493060.000,1,0,1,多换,S,3972.4000,3971.6000,3971.2000,3971.0000,3970.2000,3973.0000,3973.4000,3973.6000,3974.0000,3974.4000,22,4,1,2,2,11,2,2,1,1
SF,IF2001,2019-12-16 09:33:56.000,3973.0000,14718,-1,619876680.000,2,0,2,多平,S,3972.4000,3971.6000,3971.2000,3971.0000,3970.2000,3973.0000,3973.4000,3973.6000,3974.0000,3974.4000,20,4,1,2,2,10,2,2,1,1
SF,IF2001,2019-12-16 09:33:57.500,3973.0000,14718,0,619876680.000,0,-,-,-,-,3972.4000,3971.6000,3971.2000,3971.0000,3970.2000,3973.4000,3973.6000,3974.0000,3974.4000,3975.0000,20,4,1,2,2,2,2,1,1,5
SF,IF2001,2019-12-16 09:33:58.000,3973.0000,14718,0,619876680.000,0,-,-,-,-,3972.4000,3971.6000,3971.2000,3971.0000,3970.2000,3972.8000,3973.2000,3973.4000,3973.6000,3974.0000,20,4,1,2,2,4,3,3,2,1
SF,IF2001,2019-12-16 09:33:58.500,3973.0000,14718,0,619876680.000,0,-,-,-,-,3972.4000,3971.6000,3971.2000,3971.0000,3970.2000,3973.2000,3973.4000,3973.6000,3974.0000,3974.4000,20,4,1,2,2,6,3,2,1,1
SF,IF2001,2019-12-16 09:33:59.000,3972.4000,14718,0,621068400.000,1,0,1,多换,S,3972.4000,3971.6000,3971.2000,3971.0000,3970.2000,3972.6000,3972.8000,3973.2000,3973.4000,3973.6000,19,3,1,2,2,1,4,6,3,2
SF,IF2001,2019-12-16 09:33:59.500,3972.6000,14717,-1,622260180.000,1,0,1,双平,S,3972.6000,3972.4000,3971.6000,3971.2000,3971.0000,3973.2000,3973.4000,3973.6000,3974.0000,3974.4000,2,19,3,1,2,6,3,2,1,1
SF,IF2001,2019-12-16 09:34:00.000,3972.6000,14717,0,622260180.000,0,-,-,-,-,3972.6000,3972.4000,3971.6000,3971.2000,3971.0000,3973.2000,3973.4000,3973.6000,3974.0000,3974.4000,2,17,3,1,2,6,3,2,1,1
SF,IF2001,2019-12-16 09:34:00.500,3972.6000,14717,0,622260180.000,0,-,-,-,-,3972.6000,3972.4000,3971.6000,3971.2000,3971.0000,3973.2000,3973.4000,3973.6000,3974.0000,3974.4000,2,17,3,1,2,6,3,1,1,1
SF,IF2001,2019-12-16 09:34:01.000,3973.2000,14715,-2,624644100.000,2,0,2,双平,S,3972.6000,3972.4000,3971.6000,3971.2000,3971.0000,3973.2000,3973.4000,3973.6000,3974.0000,3974.4000,2,17,3,1,2,4,3,1,1,1
SF,IF2001,2019-12-16 09:34:01.500,3973.2000,14713,-2,627028020.000,2,0,2,双平,S,3972.6000,3972.4000,3971.6000,3971.2000,3971.0000,3973.4000,3973.6000,3974.0000,3974.4000,3975.0000,2,17,3,1,2,3,1,1,1,6
SF,IF2001,2019-12-16 09:34:02.000,3973.2000,14713,0,627028020.000,0,-,-,-,-,3972.4000,3971.6000,3971.2000,3971.0000,3970.2000,3973.4000,3973.6000,3974.0000,3974.4000,3975.0000,17,3,1,2,2,2,1,1,1,6
SF,IF2001,2019-12-16 09:34:02.500,3973.4000,14713,0,629412060.000,2,1,1,多换,S,3972.6000,3972.4000,3971.8000,3971.6000,3971.2000,3973.6000,3974.0000,3974.4000,3975.0000,3975.2000,1,17,1,3,1,1,1,1,6,1
SF,IF2001,2019-12-16 09:34:03.000,3973.4000,14713,0,629412060.000,0,-,-,-,-,3973.4000,3972.6000,3972.4000,3971.8000,3971.6000,3974.0000,3974.4000,3975.0000,3975.2000,3976.2000,2,2,17,1,3,1,1,6,1,1
SF,IF2001,2019-12-16 09:34:03.500,3972.6000,14714,1,631795620.000,2,1,1,空开,S,3972.8000,3971.8000,3971.6000,3971.2000,3971.0000,3973.8000,3974.0000,3974.4000,3975.0000,3975.2000,17,1,3,1,2,2,1,1,6,1
SF,IF2001,2019-12-16 09:34:04.000,3972.6000,14714,0,631795620.000,0,-,-,-,-,3972.8000,3971.8000,3971.6000,3971.2000,3971.0000,3973.4000,3973.6000,3974.0000,3974.4000,3975.0000,17,1,3,1,2,3,4,1,1,6
SF,IF2001,2019-12-16 09:34:04.500,3972.6000,14714,0,631795620.000,0,-,-,-,-,3973.0000,3972.8000,3971.8000,3971.6000,3971.2000,3973.4000,3974.0000,3974.4000,3975.0000,3975.2000,1,17,1,3,1,1,1,1,6,1
SF,IF2001,2019-12-16 09:34:05.000,3973.4000,14715,1,632987640.000,1,1,0,双开,S,3973.0000,3972.8000,3971.8000,3971.6000,3971.2000,3974.0000,3974.4000,3975.0000,3975.2000,3976.2000,1,17,1,3,1,1,1,6,1,1
SF,IF2001,2019-12-16 09:34:05.500,3973.4000,14715,0,634179660.000,1,0,1,多换,S,3973.4000,3973.0000,3972.8000,3972.6000,3971.8000,3973.8000,3974.0000,3974.4000,3975.0000,3975.2000,1,1,17,1,1,2,1,1,6,1
SF,IF2001,2019-12-16 09:34:06.000,3973.6000,14712,-3,638948220.000,4,0,4,多平,S,3973.0000,3972.8000,3972.6000,3971.8000,3971.6000,3974.4000,3975.0000,3975.2000,3976.2000,3976.4000,1,17,1,1,3,1,6,1,1,1
SF,IF2001,2019-12-16 09:34:06.500,3973.2000,14711,-1,642524700.000,3,1,2,多平,S,3973.2000,3973.0000,3972.8000,3972.6000,3971.8000,3974.2000,3975.0000,3975.2000,3976.2000,3976.4000,1,1,17,2,1,1,6,1,1,1
SF,IF2001,2019-12-16 09:34:07.000,3973.4000,14710,-1,648484800.000,5,2,3,多平,S,3973.4000,3973.2000,3973.0000,3972.8000,3972.6000,3974.2000,3975.0000,3975.2000,3976.2000,3976.4000,2,8,1,17,2,1,6,1,1,1
SF,IF2001,2019-12-16 09:34:07.500,3974.2000,14710,0,649677060.000,1,0,1,多换,S,3973.6000,3973.4000,3973.2000,3972.8000,3972.6000,3975.0000,3976.2000,3976.4000,3978.0000,3979.0000,6,5,2,17,2,6,1,1,7,2
SF,IF2001,2019-12-16 09:34:08.000,3974.2000,14710,0,649677060.000,0,-,-,-,-,3973.6000,3973.4000,3973.2000,3972.6000,3971.8000,3974.8000,3975.0000,3976.2000,3976.4000,3978.0000,19,5,2,2,1,1,6,1,1,7
SF,IF2001,2019-12-16 09:34:08.500,3974.2000,14710,0,649677060.000,0,-,-,-,-,3973.6000,3973.4000,3973.2000,3972.6000,3971.8000,3974.2000,3974.8000,3975.0000,3975.6000,3976.2000,20,1,2,2,1,2,1,6,1,1
SF,IF2001,2019-12-16 09:34:09.000,3974.2000,14710,0,652061580.000,2,1,1,多换,S,3973.6000,3973.4000,3973.2000,3972.6000,3971.8000,3974.8000,3975.0000,3975.6000,3976.2000,3976.4000,19,1,2,2,1,1,6,1,1,1
SF,IF2001,2019-12-16 09:34:09.500,3974.2000,14710,0,652061580.000,0,-,-,-,-,3974.2000,3973.6000,3973.4000,3973.2000,3972.6000,3974.8000,3975.0000,3975.6000,3976.2000,3976.4000,1,19,1,2,2,1,6,1,1,1
SF,IF2001,2019-12-16 09:34:10.000,3974.2000,14710,0,652061580.000,0,-,-,-,-,3974.2000,3973.6000,3973.4000,3973.2000,3972.6000,3974.8000,3975.0000,3975.6000,3976.2000,3976.4000,1,19,2,2,2,1,6,1,1,1
SF,IF2001,2019-12-16 09:34:10.500,3974.2000,14710,0,654446100.000,2,1,1,多换,S,3973.6000,3973.4000,3973.2000,3972.6000,3971.8000,3974.8000,3975.0000,3975.6000,3976.2000,3976.4000,18,2,2,2,1,1,6,1,1,1
SF,IF2001,2019-12-16 09:34:11.000,3974.2000,14710,0,654446100.000,0,-,-,-,-,3973.6000,3973.4000,3973.2000,3972.6000,3971.8000,3974.8000,3975.0000,3975.6000,3976.2000,3976.4000,19,2,2,2,1,1,6,1,1,1
SF,IF2001,2019-12-16 09:34:11.500,3974.2000,14710,0,654446100.000,0,-,-,-,-,3973.6000,3973.4000,3973.2000,3972.8000,3972.6000,3974.8000,3975.0000,3975.6000,3976.2000,3976.4000,19,2,2,1,2,1,6,1,1,1
SF,IF2001,2019-12-16 09:34:12.000,3974.2000,14710,0,654446100.000,0,-,-,-,-,3973.8000,3973.6000,3973.4000,3973.2000,3972.8000,3975.0000,3975.6000,3976.2000,3976.4000,3977.0000,1,18,1,2,1,7,1,1,1,1
SF,IF2001,2019-12-16 09:34:12.500,3974.2000,14710,0,654446100.000,0,-,-,-,-,3973.6000,3973.4000,3973.2000,3972.8000,3972.6000,3974.8000,3975.0000,3975.6000,3976.2000,3976.4000,18,1,2,1,2,1,7,1,1,1
SF,IF2001,2019-12-16 09:34:13.000,3974.2000,14710,0,654446100.000,0,-,-,-,-,3974.2000,3973.6000,3973.4000,3973.2000,3972.8000,3974.8000,3975.0000,3975.6000,3976.2000,3976.4000,1,18,1,2,1,5,7,1,1,1
SF,IF2001,2019-12-16 09:34:13.500,3974.2000,14710,0,655638360.000,1,0,1,多换,S,3973.6000,3973.4000,3973.2000,3972.8000,3972.6000,3974.2000,3974.8000,3975.0000,3975.6000,3976.2000,18,1,1,1,2,3,5,7,1,1
SF,IF2001,2019-12-16 09:34:14.000,3973.6000,14707,-3,659214600.000,3,0,3,双平,S,3973.6000,3973.2000,3972.8000,3972.6000,3971.8000,3974.2000,3974.8000,3975.0000,3975.6000,3976.2000,1,1,1,2,1,1,5,7,1,1
SF,IF2001,2019-12-16 09:34:14.500,3973.6000,14706,-1,661598760.000,2,0,2,多平,S,3972.8000,3972.6000,3971.8000,3971.6000,3971.2000,3974.2000,3974.8000,3975.0000,3975.6000,3976.2000,1,2,1,3,1,1,5,7,1,1
SF,IF2001,2019-12-16 09:34:15.000,3973.6000,14706,0,661598760.000,0,-,-,-,-,3973.0000,3972.8000,3972.6000,3971.8000,3971.6000,3974.2000,3974.8000,3975.0000,3975.6000,3976.2000,1,1,2,1,3,1,6,7,1,1
SF,IF2001,2019-12-16 09:34:16.000,3973.6000,14706,0,661598760.000,0,-,-,-,-,3973.0000,3972.8000,3972.6000,3971.8000,3971.6000,3974.2000,3974.8000,3975.0000,3975.6000,3976.2000,1,1,1,1,3,1,6,2,1,1
SF,IF2001,2019-12-16 09:34:16.500,3973.6000,14706,0,661598760.000,0,-,-,-,-,3973.6000,3973.2000,3973.0000,3972.8000,3972.6000,3974.2000,3974.8000,3975.0000,3975.6000,3976.2000,2,1,1,1,1,1,6,2,1,1
SF,IF2001,2019-12-16 09:34:17.500,3973.6000,14707,1,662790840.000,1,1,0,双开,S,3973.6000,3973.2000,3973.0000,3972.8000,3972.6000,3974.8000,3975.0000,3975.6000,3976.2000,3976.4000,1,1,1,1,1,6,2,1,1,1
SF,IF2001,2019-12-16 09:34:18.000,3973.6000,14708,1,663982920.000,1,1,0,双开,S,3973.2000,3972.8000,3972.6000,3971.8000,3971.6000,3974.8000,3975.0000,3975.6000,3976.2000,3976.4000,1,1,1,1,3,7,2,1,1,1
SF,IF2001,2019-12-16 09:34:18.500,3973.6000,14708,0,663982920.000,0,-,-,-,-,3973.4000,3973.2000,3972.8000,3972.6000,3971.8000,3974.6000,3974.8000,3975.0000,3975.6000,3976.2000,1,1,1,1,1,6,7,2,1,1
SF,IF2001,2019-12-16 09:34:19.000,3973.4000,14709,1,665174940.000,1,1,0,双开,S,3972.8000,3972.6000,3971.8000,3971.6000,3971.2000,3974.4000,3974.6000,3974.8000,3975.0000,3975.6000,1,1,1,3,1,2,6,6,2,1
SF,IF2001,2019-12-16 09:34:20.000,3974.8000,14697,-12,681868320.000,14,1,13,多平,S,3972.8000,3972.6000,3971.8000,3971.6000,3971.2000,3974.8000,3975.0000,3975.6000,3976.2000,3976.4000,1,1,1,3,1,1,2,1,1,1
SF,IF2001,2019-12-16 09:34:20.500,3974.8000,14700,3,686638080.000,4,3,1,空开,S,3973.0000,3972.8000,3972.6000,3971.8000,3971.6000,3974.8000,3975.0000,3975.6000,3976.2000,3976.4000,3,1,1,1,3,1,2,1,1,1
SF,IF2001,2019-12-16 09:34:21.000,3974.8000,14700,0,687830520.000,1,0,1,多换,S,3973.0000,3972.8000,3972.6000,3971.8000,3971.6000,3974.8000,3975.0000,3975.6000,3976.2000,3976.4000,7,1,1,1,3,1,2,1,1,1
SF,IF2001,2019-12-16 09:34:21.500,3974.8000,14700,0,687830520.000,0,-,-,-,-,3973.0000,3972.8000,3972.6000,3971.8000,3971.6000,3974.6000,3974.8000,3975.0000,3975.6000,3976.2000,7,1,1,1,3,2,1,2,1,1
SF,IF2001,2019-12-16 09:34:22.000,3974.8000,14700,0,689022960.000,1,0,1,多换,S,3973.0000,3972.8000,3972.6000,3971.8000,3971.6000,3974.6000,3974.8000,3975.0000,3975.6000,3976.2000,7,1,1,1,3,1,1,2,1,1
SF,IF2001,2019-12-16 09:34:22.500,3974.8000,14700,0,689022960.000,0,-,-,-,-,3973.2000,3973.0000,3972.8000,3972.6000,3971.8000,3974.6000,3974.8000,3975.0000,3975.6000,3976.2000,3,7,1,1,1,1,1,2,1,1
SF,IF2001,2019-12-16 09:34:23.000,3973.4000,14700,0,690214980.000,1,0,1,多换,S,3973.2000,3973.0000,3972.8000,3972.6000,3971.8000,3974.6000,3974.8000,3975.0000,3975.6000,3976.2000,3,6,1,1,1,1,2,2,1,1
SF,IF2001,2019-12-16 09:34:23.500,3973.4000,14700,0,690214980.000,0,-,-,-,-,3973.4000,3973.0000,3972.8000,3972.6000,3971.8000,3974.6000,3974.8000,3975.0000,3975.6000,3976.2000,1,6,1,1,1,1,2,2,1,1
SF,IF2001,2019-12-16 09:34:24.000,3973.4000,14700,0,690214980.000,0,-,-,-,-,3973.6000,3973.0000,3972.8000,3972.6000,3971.8000,3974.4000,3974.6000,3974.8000,3975.0000,3975.6000,2,4,1,1,1,1,1,2,2,1
SF,IF2001,2019-12-16 09:34:24.500,3973.6000,14701,1,692599080.000,2,1,1,空开,S,3973.4000,3973.0000,3972.8000,3972.6000,3971.8000,3973.6000,3974.4000,3974.6000,3974.8000,3975.0000,1,4,1,1,1,1,1,1,2,2
SF,IF2001,2019-12-16 09:34:25.000,3973.6000,14703,2,694983180.000,2,2,0,双开,S,3973.6000,3973.0000,3972.8000,3972.6000,3971.8000,3974.6000,3974.8000,3975.0000,3975.6000,3976.2000,1,4,1,1,1,1,2,2,1,1
SF,IF2001,2019-12-16 09:34:25.500,3974.4000,14704,1,697367580.000,2,1,1,空开,S,3973.0000,3972.8000,3972.6000,3971.8000,3971.6000,3974.8000,3975.0000,3975.6000,3976.2000,3976.4000,5,1,1,1,3,2,2,1,1,1
SF,IF2001,2019-12-16 09:34:26.000,3974.6000,14705,1,698559960.000,1,1,0,双开,S,3973.8000,3973.2000,3973.0000,3972.8000,3972.6000,3974.8000,3975.0000,3975.6000,3976.2000,3976.4000,1,6,5,1,1,2,2,1,1,1
SF,IF2001,2019-12-16 09:34:26.500,3973.6000,14706,1,699752040.000,1,1,0,双开,S,3973.2000,3973.0000,3972.8000,3972.6000,3971.8000,3974.4000,3974.8000,3975.0000,3975.6000,3976.2000,4,5,1,1,1,2,2,2,1,1
SF,IF2001,2019-12-16 09:34:27.000,3973.6000,14706,0,699752040.000,0,-,-,-,-,3973.4000,3973.2000,3973.0000,3972.8000,3972.6000,3974.4000,3974.8000,3975.0000,3975.6000,3976.2000,1,4,5,2,1,2,2,2,1,1
SF,IF2001,2019-12-16 09:34:27.500,3973.6000,14706,0,699752040.000,0,-,-,-,-,3973.2000,3973.0000,3972.8000,3972.6000,3971.8000,3974.2000,3974.4000,3974.8000,3975.0000,3975.6000,1,3,2,1,1,5,2,2,2,1
SF,IF2001,2019-12-16 09:34:28.000,3973.6000,14706,0,699752040.000,0,-,-,-,-,3973.2000,3973.0000,3972.8000,3972.6000,3971.8000,3974.4000,3974.8000,3975.0000,3975.6000,3976.2000,1,3,2,1,1,2,2,2,1,1
SF,IF2001,2019-12-16 09:34:28.500,3973.6000,14706,0,699752040.000,0,-,-,-,-,3973.6000,3973.4000,3973.2000,3973.0000,3972.8000,3974.4000,3974.8000,3975.0000,3975.6000,3976.2000,1,2,1,3,2,2,2,2,1,1
SF,IF2001,2019-12-16 09:34:29.000,3973.6000,14706,0,700944120.000,1,0,1,多换,S,3973.4000,3973.2000,3973.0000,3972.8000,3972.6000,3974.4000,3974.8000,3975.0000,3975.6000,3976.2000,2,1,3,2,1,2,2,2,1,1
SF,IF2001,2019-12-16 09:34:29.500,3973.6000,14706,0,700944120.000,0,-,-,-,-,3973.2000,3973.0000,3972.8000,3972.6000,3971.8000,3974.4000,3974.8000,3975.0000,3975.6000,3976.2000,1,3,2,1,1,2,2,2,1,1
SF,IF2001,2019-12-16 09:34:30.000,3973.2000,14706,0,702136080.000,1,0,1,多换,S,3973.0000,3972.8000,3972.6000,3971.8000,3971.6000,3973.4000,3974.2000,3974.4000,3974.8000,3975.0000,2,2,1,1,3,2,5,2,2,2
SF,IF2001,2019-12-16 09:34:30.500,3973.0000,14706,0,703327980.000,1,0,1,多换,S,3973.0000,3972.8000,3972.6000,3971.8000,3971.6000,3973.4000,3974.2000,3974.4000,3974.8000,3975.0000,1,2,1,1,3,2,5,2,2,2
SF,IF2001,2019-12-16 09:34:31.000,3973.4000,14706,0,706904040.000,3,1,2,多换,S,3973.0000,3972.8000,3972.6000,3971.8000,3971.6000,3974.4000,3974.8000,3975.0000,3975.4000,3975.6000,1,2,1,1,3,2,2,2,1,1
SF,IF2001,2019-12-16 09:34:31.500,3973.4000,14706,0,706904040.000,0,-,-,-,-,3973.0000,3972.8000,3972.6000,3971.8000,3971.6000,3974.2000,3974.4000,3974.8000,3975.0000,3975.4000,1,2,1,1,3,1,2,2,2,1
SF,IF2001,2019-12-16 09:34:32.000,3973.0000,14706,0,708095940.000,1,0,1,多换,S,3972.8000,3972.6000,3971.8000,3971.6000,3971.0000,3974.2000,3974.4000,3974.8000,3975.0000,3975.4000,2,1,1,3,5,3,2,2,2,1
SF,IF2001,2019-12-16 09:34:32.500,3973.0000,14706,0,708095940.000,0,-,-,-,-,3973.2000,3973.0000,3972.8000,3972.6000,3971.8000,3974.4000,3974.8000,3975.0000,3975.4000,3975.6000,1,3,2,1,1,2,2,2,1,1
SF,IF2001,2019-12-16 09:34:33.500,3973.0000,14706,0,708095940.000,0,-,-,-,-,3973.0000,3972.8000,3972.6000,3971.8000,3971.6000,3974.4000,3974.8000,3975.0000,3975.4000,3975.6000,4,2,1,1,3,2,2,2,1,1
SF,IF2001,2019-12-16 09:34:34.000,3973.0000,14706,0,708095940.000,0,-,-,-,-,3973.0000,3972.8000,3972.6000,3971.8000,3971.6000,3974.2000,3974.4000,3974.8000,3975.0000,3975.4000,4,2,1,1,3,1,2,2,2,1
SF,IF2001,2019-12-16 09:34:34.500,3973.0000,14706,0,709287840.000,1,0,1,多换,S,3973.0000,3972.8000,3972.6000,3971.8000,3971.6000,3974.2000,3974.4000,3974.8000,3975.0000,3975.4000,1,2,1,1,4,7,2,2,2,1
SF,IF2001,2019-12-16 09:34:35.000,3974.0000,14708,2,711671940.000,2,2,0,双开,S,3972.8000,3972.6000,3971.8000,3971.6000,3971.0000,3974.2000,3974.4000,3974.8000,3975.0000,3975.4000,2,1,1,4,5,7,2,2,3,1
SF,IF2001,2019-12-16 09:34:35.500,3972.8000,14709,1,712863780.000,1,1,0,双开,S,3972.8000,3972.6000,3971.8000,3971.6000,3971.0000,3974.0000,3974.2000,3974.4000,3974.8000,3975.0000,1,2,1,4,5,1,7,2,2,3
SF,IF2001,2019-12-16 09:34:36.000,3972.8000,14710,1,714055620.000,1,1,0,双开,S,3972.6000,3971.8000,3971.6000,3971.0000,3970.2000,3974.0000,3974.2000,3974.4000,3974.8000,3975.0000,2,1,4,5,1,1,7,2,2,3
