市场代码,合约代码,时间,最新,持仓,增仓,成交额,成交量,开仓,平仓,成交类型,方向,买一价,买二价,买三价,买四价,买五价,卖一价,卖二价,卖三价,卖四价,卖五价,买一量,买二量,买三量,买四量,买五量,卖一量,卖二量,卖三量,卖四量,卖五量
SF,IF2006,2020-04-20 09:29:00.000,3760.2000,46517,0,13536720.000,12.000,-,-,-,-,3760.0000,3758.0000,3756.8000,3755.6000,3755.0000,3765.0000,3766.0000,3770.0000,3772.4000,3773.0000,2,1,1,1,1,39,2,1,1,1
SF,IF2006,2020-04-20 09:30:00.500,3764.8000,46517,0,19182000.000,5,2,3,多换,S,3761.2000,3761.0000,3760.4000,3760.2000,3760.0000,3764.8000,3765.0000,3766.0000,3770.0000,3772.4000,1,6,2,16,7,3,39,2,1,1
SF,IF2006,2020-04-20 09:30:01.000,3764.8000,46509,-8,30476280.000,10,1,9,多平,S,3764.0000,3763.8000,3763.6000,3763.2000,3762.8000,3765.0000,3766.0000,3770.0000,3772.4000,3774.0000,1,4,1,3,2,37,2,1,1,1
SF,IF2006,2020-04-20 09:30:01.500,3765.0000,46496,-13,46288560.000,14,0,14,多平,S,3764.8000,3764.2000,3764.0000,3763.8000,3763.2000,3765.0000,3766.0000,3770.0000,3774.0000,3775.0000,1,11,3,4,3,27,2,1,1,9
SF,IF2006,2020-04-20 09:30:02.000,3765.0000,46481,-15,70008000.000,21,3,18,多平,S,3764.8000,3764.2000,3764.0000,3763.8000,3763.2000,3765.0000,3766.0000,3770.0000,3774.0000,3775.0000,2,4,3,4,3,7,2,1,1,9
SF,IF2006,2020-04-20 09:30:02.500,3766.0000,46474,-7,80174100.000,9,1,8,多平,S,3765.6000,3765.4000,3765.2000,3765.0000,3764.8000,3766.6000,3767.0000,3770.0000,3774.0000,3775.0000,1,3,5,18,3,1,1,1,1,9
SF,IF2006,2020-04-20 09:30:03.000,3766.6000,46472,-2,83563800.000,3,0,3,多平,S,3765.8000,3765.6000,3765.2000,3765.0000,3764.4000,3766.6000,3767.0000,3770.0000,3774.0000,3775.0000,5,1,1,10,1,6,1,1,1,9
SF,IF2006,2020-04-20 09:30:03.500,3766.0000,46471,-1,86953560.000,3,1,2,多平,S,3766.0000,3765.8000,3765.6000,3765.2000,3765.0000,3766.6000,3767.0000,3770.0000,3774.0000,3775.0000,1,5,1,1,9,6,1,1,1,9
SF,IF2006,2020-04-20 09:30:04.000,3766.0000,46471,0,86953560.000,0,-,-,-,-,3766.2000,3766.0000,3765.8000,3765.6000,3765.2000,3766.4000,3766.6000,3767.0000,3770.0000,3774.0000,2,5,3,1,1,1,6,1,1,1
SF,IF2006,2020-04-20 09:30:04.500,3765.8000,46465,-6,99381720.000,11,2,9,多平,S,3765.2000,3765.0000,3763.8000,3763.2000,3762.8000,3766.6000,3767.0000,3767.4000,3770.0000,3774.0000,1,10,2,3,2,7,1,2,1,1
SF,IF2006,2020-04-20 09:30:05.000,3766.4000,46463,-2,101641560.000,2,0,2,双平,S,3765.8000,3765.4000,3765.0000,3763.8000,3763.2000,3766.4000,3766.6000,3767.0000,3767.4000,3770.0000,2,1,8,2,3,1,7,1,2,1
SF,IF2006,2020-04-20 09:30:05.500,3766.6000,46461,-2,108420900.000,6,2,4,多平,S,3766.4000,3765.0000,3763.8000,3763.2000,3762.8000,3766.6000,3767.0000,3767.4000,3770.0000,3775.0000,3,6,2,3,2,4,1,2,1,15
SF,IF2006,2020-04-20 09:30:06.000,3766.4000,46460,-1,114070500.000,5,2,3,多平,S,3765.0000,3763.8000,3763.2000,3762.8000,3762.6000,3766.4000,3766.6000,3767.0000,3767.4000,3770.0000,4,2,3,2,2,1,5,1,2,1
SF,IF2006,2020-04-20 09:30:06.500,3766.2000,46459,-1,118589460.000,4,1,3,多平,S,3765.0000,3763.8000,3763.2000,3762.8000,3762.6000,3765.2000,3766.2000,3766.4000,3766.6000,3767.0000,3,2,3,2,2,1,12,3,2,1
SF,IF2006,2020-04-20 09:30:07.000,3765.2000,46452,-7,132145800.000,12,2,10,多平,S,3762.8000,3762.2000,3762.0000,3761.2000,3761.0000,3765.0000,3766.2000,3766.4000,3766.6000,3767.0000,2,1,1,2,5,2,8,3,2,1
SF,IF2006,2020-04-20 09:30:07.500,3765.0000,46451,-1,136663800.000,4,1,3,多平,S,3764.0000,3763.6000,3763.2000,3763.0000,3762.8000,3765.0000,3765.8000,3766.2000,3766.4000,3766.6000,1,1,1,7,1,1,1,9,2,2
SF,IF2006,2020-04-20 09:30:08.000,3765.2000,46451,0,140052360.000,3,1,2,多换,S,3764.2000,3764.0000,3763.6000,3763.2000,3763.0000,3765.8000,3766.2000,3766.4000,3766.6000,3767.0000,2,1,1,1,6,1,8,2,2,1
SF,IF2006,2020-04-20 09:30:08.500,3765.2000,46451,0,140052360.000,0,-,-,-,-,3765.0000,3764.4000,3764.2000,3763.6000,3763.2000,3765.6000,3765.8000,3766.2000,3766.6000,3767.0000,3,1,3,1,1,3,1,6,2,1
SF,IF2006,2020-04-20 09:30:09.000,3765.2000,46450,-1,142311600.000,2,0,2,多平,S,3765.6000,3765.0000,3764.2000,3763.2000,3763.0000,3765.8000,3766.2000,3766.6000,3767.0000,3767.4000,1,5,3,1,5,1,6,2,1,2
SF,IF2006,2020-04-20 09:30:09.500,3765.6000,46448,-2,154737000.000,11,4,7,多平,S,3764.2000,3763.2000,3763.0000,3762.8000,3762.0000,3765.6000,3765.8000,3766.2000,3766.6000,3767.0000,3,1,5,1,1,2,1,6,2,1
SF,IF2006,2020-04-20 09:30:10.000,3764.2000,46447,-1,155866260.000,1,0,1,双平,S,3765.2000,3763.0000,3762.8000,3762.0000,3761.2000,3765.4000,3765.6000,3766.2000,3767.0000,3767.4000,3,5,1,1,2,4,1,5,1,2
SF,IF2006,2020-04-20 09:30:10.500,3765.2000,46445,-2,160384500.000,4,1,3,多平,S,3763.0000,3762.8000,3762.0000,3761.2000,3761.0000,3764.8000,3765.2000,3765.4000,3765.6000,3766.2000,5,1,1,2,5,1,3,5,1,5
SF,IF2006,2020-04-20 09:30:11.000,3765.2000,46445,0,161514060.000,1,0,1,多换,S,3763.2000,3763.0000,3762.8000,3762.0000,3761.2000,3764.8000,3765.2000,3765.4000,3766.2000,3767.0000,3,4,1,1,2,3,3,5,5,1
SF,IF2006,2020-04-20 09:30:11.500,3765.2000,46445,0,161514060.000,0,-,-,-,-,3763.2000,3763.0000,3762.8000,3762.0000,3761.2000,3764.6000,3764.8000,3765.0000,3765.2000,3765.4000,3,1,1,1,2,3,1,2,3,3
SF,IF2006,2020-04-20 09:30:12.000,3765.2000,46445,0,161514060.000,0,-,-,-,-,3763.2000,3763.0000,3762.8000,3761.2000,3761.0000,3764.4000,3764.6000,3765.0000,3765.2000,3765.4000,1,1,1,2,5,2,3,2,3,3
SF,IF2006,2020-04-20 09:30:12.500,3765.2000,46445,0,161514060.000,0,-,-,-,-,3762.8000,3761.2000,3761.0000,3760.4000,3760.2000,3763.2000,3764.2000,3764.4000,3764.6000,3765.0000,1,2,5,1,2,1,2,2,1,2
SF,IF2006,2020-04-20 09:30:13.000,3764.2000,46443,-2,166030020.000,4,1,3,多平,S,3763.2000,3761.4000,3761.2000,3761.0000,3760.4000,3764.2000,3764.4000,3764.6000,3765.0000,3765.4000,1,1,1,5,1,1,1,1,2,2
SF,IF2006,2020-04-20 09:30:13.500,3763.8000,46442,-1,168288120.000,2,0,2,多平,S,3761.4000,3761.2000,3761.0000,3760.2000,3760.0000,3763.8000,3764.0000,3764.2000,3764.4000,3765.0000,1,1,5,2,5,1,9,3,1,2
SF,IF2006,2020-04-20 09:30:14.000,3763.8000,46437,-5,175062960.000,6,0,6,多平,S,3761.6000,3761.4000,3761.2000,3761.0000,3760.2000,3763.6000,3763.8000,3764.0000,3764.4000,3765.0000,10,1,1,5,2,1,3,5,1,2
SF,IF2006,2020-04-20 09:30:14.500,3763.6000,46436,-1,176192040.000,1,0,1,双平,S,3761.6000,3761.2000,3761.0000,3760.2000,3760.0000,3763.6000,3764.0000,3764.4000,3765.0000,3765.4000,7,1,5,2,5,6,5,1,3,2
SF,IF2006,2020-04-20 09:30:15.000,3763.6000,46435,-1,184095600.000,7,3,4,多平,S,3761.6000,3761.2000,3761.0000,3760.2000,3760.0000,3763.4000,3763.6000,3763.8000,3764.0000,3765.0000,6,1,5,2,5,1,6,1,5,3
SF,IF2006,2020-04-20 09:30:15.500,3763.6000,46435,0,184095600.000,0,-,-,-,-,3762.4000,3761.8000,3761.6000,3761.2000,3761.0000,3763.0000,3763.4000,3763.6000,3764.0000,3765.0000,1,2,6,1,5,1,3,1,5,3
SF,IF2006,2020-04-20 09:30:16.000,3763.0000,46438,3,187482480.000,3,3,0,双开,S,3762.6000,3761.8000,3761.6000,3761.2000,3761.0000,3763.6000,3764.0000,3765.0000,3766.2000,3767.0000,3,2,2,1,5,1,1,3,1,1
SF,IF2006,2020-04-20 09:30:16.500,3763.0000,46438,0,187482480.000,0,-,-,-,-,3762.6000,3761.8000,3761.6000,3761.2000,3761.0000,3763.4000,3763.6000,3764.0000,3765.0000,3766.2000,3,1,1,1,5,1,2,1,3,1
SF,IF2006,2020-04-20 09:30:17.000,3763.0000,46436,-2,190869420.000,3,0,3,多平,S,3763.0000,3762.6000,3761.8000,3761.6000,3761.4000,3763.6000,3764.0000,3765.0000,3766.2000,3767.0000,1,3,1,1,1,2,1,3,1,1
SF,IF2006,2020-04-20 09:30:17.500,3763.6000,46435,-1,193127580.000,2,0,2,多平,S,3763.0000,3762.6000,3761.8000,3761.6000,3761.4000,3764.0000,3765.0000,3766.2000,3767.0000,3767.4000,3,3,1,1,1,1,3,1,1,2
SF,IF2006,2020-04-20 09:30:18.000,3763.2000,46434,-1,195385620.000,2,0,2,多平,S,3763.2000,3763.0000,3762.6000,3761.8000,3761.6000,3764.0000,3764.8000,3765.0000,3766.2000,3767.0000,1,1,3,1,1,1,1,3,1,1
SF,IF2006,2020-04-20 09:30:18.500,3763.2000,46434,0,195385620.000,0,-,-,-,-,3763.4000,3763.2000,3763.0000,3762.6000,3761.8000,3764.0000,3765.0000,3766.2000,3767.0000,3767.4000,1,1,1,2,1,1,3,1,1,2
SF,IF2006,2020-04-20 09:30:19.000,3763.4000,46433,-1,197643840.000,2,0,2,多平,S,3763.0000,3762.6000,3761.8000,3761.6000,3761.4000,3765.0000,3766.2000,3767.0000,3767.4000,3770.0000,1,2,1,1,1,3,1,1,2,2
SF,IF2006,2020-04-20 09:30:19.500,3763.4000,46433,0,197643840.000,0,-,-,-,-,3763.2000,3763.0000,3762.6000,3761.8000,3761.6000,3764.4000,3764.6000,3764.8000,3765.0000,3766.2000,3,1,1,1,1,5,1,6,4,1
SF,IF2006,2020-04-20 09:30:20.000,3763.4000,46433,0,198772860.000,1,0,1,多换,S,3763.4000,3763.2000,3763.0000,3762.6000,3761.8000,3764.6000,3764.8000,3765.0000,3766.2000,3767.0000,2,2,1,1,1,1,2,4,1,1
SF,IF2006,2020-04-20 09:30:20.500,3764.4000,46431,-2,202160400.000,3,0,3,多平,S,3763.2000,3763.0000,3762.6000,3761.8000,3761.6000,3764.4000,3764.6000,3764.8000,3765.0000,3766.2000,2,1,1,1,1,9,4,1,4,1
SF,IF2006,2020-04-20 09:30:21.000,3764.4000,46431,0,202160400.000,0,-,-,-,-,3763.2000,3763.0000,3762.6000,3761.8000,3761.6000,3764.4000,3764.6000,3765.0000,3766.2000,3767.0000,2,1,1,1,1,1,2,3,1,1
SF,IF2006,2020-04-20 09:30:21.500,3764.4000,46425,-6,208936320.000,6,0,6,双平,S,3763.0000,3762.6000,3761.8000,3761.6000,3761.4000,3764.2000,3764.4000,3764.6000,3765.0000,3766.2000,1,1,1,1,1,5,5,2,3,1
SF,IF2006,2020-04-20 09:30:22.000,3764.0000,46424,-1,212323800.000,3,1,2,多平,S,3764.4000,3763.0000,3762.6000,3761.8000,3761.4000,3764.6000,3765.0000,3766.2000,3767.0000,3767.4000,1,1,1,1,1,2,3,1,1,2
SF,IF2006,2020-04-20 09:30:22.500,3764.2000,46421,-3,220228980.000,7,2,5,多平,S,3764.2000,3763.0000,3762.6000,3761.8000,3761.4000,3764.6000,3765.0000,3766.2000,3767.0000,3767.4000,1,1,1,1,1,3,3,1,1,2
SF,IF2006,2020-04-20 09:30:23.000,3764.2000,46420,-1,221358240.000,1,0,1,双平,S,3763.0000,3762.6000,3761.8000,3761.4000,3761.2000,3764.2000,3764.4000,3764.6000,3765.0000,3766.2000,1,1,1,1,1,7,2,2,3,1
SF,IF2006,2020-04-20 09:30:23.500,3764.2000,46420,0,221358240.000,0,-,-,-,-,3763.2000,3763.0000,3761.8000,3761.4000,3761.2000,3764.0000,3764.2000,3764.4000,3764.6000,3765.0000,5,1,1,1,1,2,6,3,2,3
SF,IF2006,2020-04-20 09:30:24.000,3763.2000,46419,-1,222487200.000,1,0,1,双平,S,3763.0000,3761.8000,3761.4000,3761.2000,3761.0000,3763.2000,3764.0000,3764.2000,3764.4000,3764.6000,1,1,1,1,5,1,2,5,3,1
SF,IF2006,2020-04-20 09:30:24.500,3763.0000,46419,0,223616100.000,1,0,1,多换,S,3761.8000,3761.4000,3761.2000,3761.0000,3760.0000,3763.2000,3764.0000,3764.2000,3764.4000,3764.6000,1,1,1,5,5,1,2,5,2,1
SF,IF2006,2020-04-20 09:30:25.000,3762.0000,46416,-3,227001900.000,3,0,3,双平,S,3761.4000,3761.2000,3761.0000,3760.0000,3759.6000,3763.0000,3763.2000,3764.2000,3764.4000,3764.6000,1,1,5,5,1,1,2,3,2,1
SF,IF2006,2020-04-20 09:30:25.500,3762.0000,46416,0,227001900.000,0,-,-,-,-,3761.6000,3761.4000,3761.2000,3761.0000,3760.0000,3763.0000,3764.2000,3764.4000,3764.6000,3765.0000,3,1,1,5,4,2,3,2,1,3
SF,IF2006,2020-04-20 09:30:26.000,3762.8000,46414,-2,230387820.000,3,0,3,多平,S,3761.6000,3761.4000,3761.2000,3761.0000,3760.0000,3762.8000,3763.0000,3764.2000,3764.4000,3764.6000,1,1,1,5,4,2,2,3,1,1
SF,IF2006,2020-04-20 09:30:26.500,3761.6000,46412,-2,232644780.000,2,0,2,双平,S,3761.4000,3761.2000,3761.0000,3760.0000,3759.6000,3761.6000,3762.4000,3762.8000,3763.0000,3764.2000,1,1,5,4,1,1,1,1,1,3
SF,IF2006,2020-04-20 09:30:27.000,3762.4000,46409,-3,236030460.000,3,0,3,双平,S,3762.0000,3761.4000,3761.2000,3761.0000,3760.0000,3762.8000,3763.0000,3764.2000,3764.4000,3764.6000,1,3,1,5,4,1,1,1,1,1
SF,IF2006,2020-04-20 09:30:27.500,3762.4000,46409,0,236030460.000,0,-,-,-,-,3762.0000,3761.4000,3761.2000,3761.0000,3760.0000,3764.2000,3764.4000,3764.6000,3765.0000,3766.2000,2,1,1,5,4,1,1,1,3,1
SF,IF2006,2020-04-20 09:30:28.000,3762.2000,46409,0,237159120.000,1,0,1,多换,S,3762.2000,3762.0000,3761.4000,3761.2000,3761.0000,3763.8000,3764.0000,3764.2000,3764.4000,3764.6000,1,1,1,1,5,6,16,5,1,1
SF,IF2006,2020-04-20 09:30:28.500,3762.0000,46407,-2,239416380.000,2,0,2,双平,S,3762.2000,3761.4000,3761.2000,3761.0000,3760.0000,3763.4000,3763.6000,3763.8000,3764.0000,3764.2000,1,1,1,5,4,1,12,10,10,2
SF,IF2006,2020-04-20 09:30:29.000,3761.2000,46405,-2,241673160.000,2,0,2,双平,S,3761.0000,3760.0000,3759.6000,3758.6000,3758.0000,3763.2000,3763.4000,3763.6000,3763.8000,3764.0000,5,4,1,2,1,6,2,3,6,10
SF,IF2006,2020-04-20 09:30:29.500,3762.0000,46404,-1,242801760.000,1,0,1,双平,S,3761.2000,3761.0000,3760.0000,3759.6000,3758.6000,3763.2000,3763.4000,3763.6000,3763.8000,3764.0000,3,5,4,1,2,5,2,3,6,10
SF,IF2006,2020-04-20 09:30:30.000,3762.0000,46404,0,243930360.000,1,0,1,多换,S,3761.8000,3761.2000,3761.0000,3760.0000,3759.6000,3763.0000,3763.2000,3763.4000,3763.6000,3763.8000,1,3,5,4,1,7,8,1,2,6
SF,IF2006,2020-04-20 09:30:30.500,3762.8000,46401,-3,248445420.000,4,0,4,多平,S,3761.2000,3761.0000,3760.0000,3759.6000,3758.6000,3762.8000,3763.0000,3763.2000,3763.4000,3763.6000,3,5,4,1,2,2,7,2,1,2
SF,IF2006,2020-04-20 09:30:31.000,3762.8000,46401,0,248445420.000,0,-,-,-,-,3761.4000,3761.2000,3761.0000,3760.0000,3759.6000,3762.2000,3762.4000,3762.6000,3762.8000,3763.0000,3,1,5,4,1,1,1,1,2,1
SF,IF2006,2020-04-20 09:30:31.500,3762.8000,46401,0,248445420.000,0,-,-,-,-,3761.4000,3761.2000,3761.0000,3760.0000,3759.6000,3762.2000,3762.4000,3762.6000,3762.8000,3763.0000,3,1,5,4,1,3,1,1,2,1
SF,IF2006,2020-04-20 09:30:32.000,3761.2000,46401,0,250702620.000,2,1,1,多换,S,3761.0000,3760.0000,3759.6000,3758.6000,3758.0000,3762.2000,3762.4000,3762.6000,3762.8000,3763.0000,5,4,1,2,1,1,1,1,2,1
SF,IF2006,2020-04-20 09:30:32.500,3762.2000,46399,-2,252959880.000,2,0,2,双平,S,3761.0000,3760.0000,3759.6000,3758.6000,3758.0000,3762.2000,3762.4000,3762.6000,3762.8000,3763.0000,5,4,1,2,1,1,1,1,1,1
SF,IF2006,2020-04-20 09:30:33.000,3762.6000,46394,-5,258603360.000,5,0,5,双平,S,3762.6000,3762.2000,3761.0000,3760.8000,3760.0000,3763.0000,3763.2000,3764.0000,3764.2000,3764.6000,9,1,5,1,4,1,1,9,2,1
SF,IF2006,2020-04-20 09:30:33.500,3762.2000,46384,-10,269891040.000,10,0,10,双平,S,3761.0000,3760.8000,3760.0000,3759.6000,3758.6000,3762.0000,3762.2000,3762.6000,3762.8000,3764.0000,5,1,4,1,2,3,1,3,3,9
SF,IF2006,2020-04-20 09:30:34.000,3762.2000,46384,0,269891040.000,0,-,-,-,-,3761.2000,3761.0000,3760.8000,3760.0000,3759.6000,3761.8000,3762.0000,3762.8000,3763.4000,3764.0000,7,6,1,4,1,1,3,3,1,9
SF,IF2006,2020-04-20 09:30:34.500,3761.8000,46383,-1,271019580.000,1,0,1,双平,S,3761.4000,3761.2000,3761.0000,3760.8000,3760.0000,3762.0000,3762.6000,3762.8000,3763.4000,3764.0000,2,6,6,1,4,3,2,2,1,9
SF,IF2006,2020-04-20 09:30:35.000,3761.8000,46383,0,271019580.000,0,-,-,-,-,3761.6000,3761.4000,3761.2000,3761.0000,3760.8000,3762.0000,3762.6000,3762.8000,3764.0000,3764.2000,2,2,5,6,1,3,2,1,9,2
SF,IF2006,2020-04-20 09:30:35.500,3762.0000,46380,-3,274405380.000,3,0,3,双平,S,3761.6000,3761.4000,3761.2000,3761.0000,3760.8000,3762.6000,3762.8000,3764.0000,3764.2000,3764.6000,2,2,5,6,1,2,1,9,2,1
SF,IF2006,2020-04-20 09:30:36.000,3762.0000,46380,0,274405380.000,0,-,-,-,-,3761.8000,3761.6000,3761.2000,3761.0000,3760.8000,3762.0000,3762.6000,3764.0000,3764.2000,3764.6000,6,2,4,6,1,1,2,10,2,1
SF,IF2006,2020-04-20 09:30:36.500,3762.0000,46379,-1,275533980.000,1,0,1,双平,S,3762.0000,3761.8000,3761.2000,3761.0000,3760.8000,3762.6000,3764.0000,3764.2000,3764.6000,3765.0000,3,7,4,6,1,2,10,2,1,1
SF,IF2006,2020-04-20 09:30:37.000,3762.6000,46378,-1,276662760.000,1,0,1,双平,S,3762.0000,3761.8000,3761.2000,3761.0000,3760.8000,3762.6000,3764.0000,3764.2000,3764.6000,3765.0000,1,4,3,5,1,1,10,2,1,1
SF,IF2006,2020-04-20 09:30:37.500,3762.6000,46378,0,276662760.000,0,-,-,-,-,3762.0000,3761.8000,3761.2000,3761.0000,3760.8000,3762.6000,3763.8000,3764.0000,3764.2000,3764.6000,1,4,3,5,1,1,1,10,2,1
SF,IF2006,2020-04-20 09:30:38.000,3762.6000,46377,-1,277791540.000,1,0,1,双平,S,3762.0000,3761.8000,3761.2000,3761.0000,3760.8000,3762.4000,3763.8000,3764.0000,3764.2000,3764.6000,2,4,3,5,1,1,1,10,2,1
SF,IF2006,2020-04-20 09:30:38.500,3762.4000,46376,-1,278920260.000,1,0,1,双平,S,3762.0000,3761.8000,3761.2000,3761.0000,3760.8000,3763.8000,3764.0000,3764.2000,3764.6000,3765.0000,2,4,3,5,1,1,10,2,1,1
SF,IF2006,2020-04-20 09:30:39.000,3762.2000,46376,0,280048920.000,1,0,1,多换,S,3762.0000,3761.8000,3761.2000,3761.0000,3760.8000,3762.8000,3763.4000,3763.6000,3763.8000,3764.0000,4,4,3,5,1,4,1,8,6,3
SF,IF2006,2020-04-20 09:30:39.500,3762.2000,46376,0,280048920.000,0,-,-,-,-,3762.2000,3762.0000,3761.8000,3761.2000,3761.0000,3763.4000,3763.6000,3763.8000,3764.0000,3764.2000,4,3,4,3,5,1,4,1,3,2
SF,IF2006,2020-04-20 09:30:40.000,3762.2000,46376,0,282306240.000,2,1,1,多换,S,3762.4000,3762.2000,3762.0000,3761.8000,3761.2000,3763.4000,3763.6000,3763.8000,3764.0000,3764.2000,1,4,3,1,1,1,4,1,3,2
SF,IF2006,2020-04-20 09:30:40.500,3762.2000,46376,0,282306240.000,0,-,-,-,-,3762.6000,3762.4000,3762.2000,3762.0000,3761.8000,3763.6000,3764.0000,3764.2000,3764.6000,3765.0000,1,3,2,2,1,2,1,1,1,1
SF,IF2006,2020-04-20 09:30:41.000,3762.2000,46376,0,282306240.000,0,-,-,-,-,3763.4000,3762.8000,3762.6000,3762.2000,3762.0000,3763.6000,3764.0000,3764.2000,3764.6000,3765.0000,1,3,3,3,2,1,1,1,1,1
SF,IF2006,2020-04-20 09:30:41.500,3763.6000,46375,-1,283435320.000,1,0,1,双平,S,3763.6000,3763.4000,3762.8000,3762.6000,3762.2000,3764.0000,3764.2000,3764.6000,3765.0000,3767.0000,2,1,3,3,1,1,1,1,1,1
SF,IF2006,2020-04-20 09:30:42.000,3763.6000,46375,0,283435320.000,0,-,-,-,-,3763.4000,3762.8000,3762.6000,3762.2000,3762.0000,3763.8000,3764.0000,3764.2000,3764.6000,3765.0000,1,4,2,1,3,1,1,1,1,1
SF,IF2006,2020-04-20 09:30:42.500,3763.6000,46375,0,283435320.000,0,-,-,-,-,3763.4000,3762.8000,3762.6000,3762.2000,3762.0000,3763.8000,3764.0000,3764.2000,3764.6000,3765.0000,1,4,2,1,3,1,1,1,1,1
SF,IF2006,2020-04-20 09:30:43.000,3763.8000,46373,-2,286822320.000,3,0,3,多平,S,3762.8000,3762.6000,3762.2000,3762.0000,3761.8000,3764.0000,3764.2000,3764.6000,3765.0000,3767.0000,3,1,2,3,1,1,1,1,1,1
SF,IF2006,2020-04-20 09:30:43.500,3763.8000,46373,0,286822320.000,0,-,-,-,-,3762.8000,3762.6000,3762.2000,3762.0000,3761.8000,3763.8000,3764.0000,3764.2000,3764.6000,3765.0000,3,1,2,3,1,2,1,1,1,1
SF,IF2006,2020-04-20 09:30:44.000,3763.8000,46373,0,286822320.000,0,-,-,-,-,3763.0000,3762.8000,3762.2000,3762.0000,3761.8000,3763.8000,3764.0000,3764.2000,3764.6000,3765.0000,3,2,2,3,1,2,1,1,1,1
SF,IF2006,2020-04-20 09:30:44.500,3763.8000,46373,0,286822320.000,0,-,-,-,-,3763.0000,3762.8000,3762.2000,3762.0000,3761.8000,3763.8000,3764.0000,3764.2000,3764.6000,3765.0000,2,2,1,3,1,2,1,1,1,1
SF,IF2006,2020-04-20 09:30:45.000,3763.8000,46372,-1,287951460.000,1,0,1,双平,S,3763.2000,3763.0000,3762.8000,3762.2000,3762.0000,3764.0000,3764.2000,3764.6000,3765.0000,3767.0000,2,2,2,1,3,1,1,1,1,1
SF,IF2006,2020-04-20 09:30:45.500,3763.8000,46371,-1,289080600.000,1,0,1,双平,S,3763.4000,3763.2000,3762.8000,3762.2000,3762.0000,3763.8000,3764.0000,3764.2000,3764.6000,3765.0000,1,4,2,2,3,4,1,1,1,1
SF,IF2006,2020-04-20 09:30:46.000,3763.6000,46368,-3,293597100.000,4,0,4,多平,S,3763.4000,3763.2000,3762.8000,3762.2000,3762.0000,3763.8000,3764.0000,3764.2000,3764.6000,3765.0000,2,4,2,2,3,1,1,1,1,1
SF,IF2006,2020-04-20 09:30:46.500,3763.6000,46368,0,293597100.000,0,-,-,-,-,3763.4000,3763.2000,3763.0000,3762.8000,3762.2000,3763.8000,3764.0000,3764.2000,3764.6000,3765.0000,2,3,5,2,2,1,1,1,1,1
SF,IF2006,2020-04-20 09:30:47.000,3764.0000,46367,-1,295855440.000,2,0,2,多平,S,3763.4000,3763.2000,3763.0000,3762.8000,3762.2000,3764.2000,3764.6000,3765.0000,3767.0000,3767.4000,2,3,5,2,2,1,1,1,1,2
SF,IF2006,2020-04-20 09:30:47.500,3764.0000,46367,0,295855440.000,0,-,-,-,-,3763.6000,3763.4000,3763.2000,3763.0000,3762.8000,3764.2000,3764.6000,3765.0000,3767.0000,3767.4000,2,2,1,5,2,1,1,2,1,2
SF,IF2006,2020-04-20 09:30:48.000,3764.0000,46367,0,295855440.000,0,-,-,-,-,3763.6000,3763.4000,3763.2000,3763.0000,3762.8000,3764.2000,3764.6000,3765.0000,3767.0000,3767.4000,2,2,1,5,2,1,1,2,1,2
SF,IF2006,2020-04-20 09:30:48.500,3764.0000,46367,0,295855440.000,0,-,-,-,-,3763.6000,3763.4000,3763.2000,3763.0000,3762.8000,3764.2000,3764.6000,3765.0000,3766.2000,3767.0000,2,2,1,5,2,1,1,2,1,1
SF,IF2006,2020-04-20 09:30:49.000,3764.0000,46367,0,295855440.000,0,-,-,-,-,3763.8000,3763.6000,3763.4000,3763.2000,3763.0000,3764.2000,3764.6000,3765.0000,3766.2000,3767.0000,1,2,1,1,5,1,1,2,1,1
SF,IF2006,2020-04-20 09:30:49.500,3764.2000,46366,-1,296984700.000,1,0,1,双平,S,3764.0000,3763.8000,3763.6000,3763.4000,3763.2000,3764.6000,3765.0000,3766.2000,3767.0000,3767.4000,1,1,1,1,1,1,2,1,1,2
SF,IF2006,2020-04-20 09:30:50.000,3764.2000,46366,0,296984700.000,0,-,-,-,-,3764.0000,3763.8000,3763.6000,3763.4000,3763.2000,3764.6000,3765.0000,3766.2000,3767.0000,3767.4000,1,1,1,1,1,1,3,1,1,2
SF,IF2006,2020-04-20 09:30:50.500,3764.6000,46365,-1,298114080.000,1,0,1,双平,S,3764.0000,3763.8000,3763.6000,3763.4000,3763.2000,3765.0000,3766.2000,3767.0000,3767.4000,3767.6000,1,1,1,1,1,3,1,1,2,1
SF,IF2006,2020-04-20 09:30:51.000,3764.6000,46365,0,298114080.000,0,-,-,-,-,3764.2000,3764.0000,3763.8000,3763.4000,3763.2000,3765.0000,3766.2000,3767.0000,3767.4000,3767.6000,1,1,1,1,1,3,1,1,2,1
SF,IF2006,2020-04-20 09:30:51.500,3763.8000,46363,-2,300372660.000,2,0,2,双平,S,3763.4000,3763.2000,3763.0000,3762.8000,3762.2000,3763.6000,3765.0000,3766.2000,3767.0000,3767.4000,1,1,5,1,2,2,3,1,1,2
SF,IF2006,2020-04-20 09:30:52.000,3765.0000,46362,-1,303760320.000,3,1,2,多平,S,3763.6000,3763.4000,3763.2000,3763.0000,3762.8000,3765.0000,3766.2000,3767.0000,3767.4000,3767.6000,8,1,1,5,1,2,1,1,2,1
SF,IF2006,2020-04-20 09:30:52.500,3765.0000,46362,0,303760320.000,0,-,-,-,-,3763.8000,3763.6000,3763.4000,3763.2000,3763.0000,3764.8000,3765.0000,3766.2000,3767.0000,3767.4000,1,4,1,1,5,3,4,1,1,2
SF,IF2006,2020-04-20 09:30:53.000,3765.0000,46362,0,309407820.000,5,2,3,多换,S,3763.6000,3763.4000,3763.2000,3763.0000,3762.8000,3765.0000,3766.2000,3767.0000,3767.4000,3767.6000,4,1,1,5,1,4,1,1,2,1
SF,IF2006,2020-04-20 09:30:53.500,3765.0000,46362,0,309407820.000,0,-,-,-,-,3763.6000,3763.4000,3763.2000,3763.0000,3762.8000,3764.8000,3765.0000,3766.2000,3767.0000,3767.4000,4,1,1,5,1,1,3,1,1,2
SF,IF2006,2020-04-20 09:30:54.000,3765.0000,46362,0,310537320.000,1,0,1,多换,S,3763.6000,3763.4000,3763.2000,3763.0000,3762.8000,3764.8000,3765.0000,3766.2000,3767.0000,3767.4000,2,1,1,5,1,2,2,1,1,2
SF,IF2006,2020-04-20 09:30:54.500,3765.0000,46362,0,312796320.000,2,1,1,多换,S,3763.6000,3763.4000,3763.0000,3762.8000,3762.2000,3765.0000,3766.2000,3767.0000,3767.4000,3767.6000,2,1,5,1,2,2,1,1,2,1
SF,IF2006,2020-04-20 09:30:55.000,3763.8000,46361,-1,313925460.000,1,0,1,双平,S,3763.8000,3763.6000,3763.4000,3763.0000,3762.8000,3764.8000,3765.0000,3766.2000,3767.0000,3767.4000,1,3,1,5,1,8,4,1,1,2
SF,IF2006,2020-04-20 09:30:55.500,3763.8000,46361,0,313925460.000,0,-,-,-,-,3763.8000,3763.6000,3763.4000,3763.0000,3762.8000,3764.8000,3765.0000,3766.2000,3767.0000,3767.4000,1,3,1,5,1,10,2,1,1,2
SF,IF2006,2020-04-20 09:30:56.000,3763.8000,46361,0,313925460.000,0,-,-,-,-,3763.6000,3763.4000,3763.0000,3762.8000,3762.2000,3764.8000,3765.0000,3766.2000,3767.0000,3767.4000,3,1,5,1,2,10,2,1,1,2
SF,IF2006,2020-04-20 09:30:56.500,3763.8000,46361,0,313925460.000,0,-,-,-,-,3764.0000,3763.4000,3762.8000,3762.2000,3762.0000,3764.6000,3764.8000,3765.0000,3766.2000,3767.0000,5,1,1,2,4,2,9,2,1,1
SF,IF2006,2020-04-20 09:30:57.000,3763.8000,46360,-1,315054600.000,1,0,1,双平,S,3764.0000,3763.4000,3762.8000,3762.2000,3762.0000,3764.4000,3764.6000,3764.8000,3765.0000,3766.2000,4,1,1,2,3,2,4,7,2,1
SF,IF2006,2020-04-20 09:30:57.500,3764.2000,46353,-7,324088440.000,8,0,8,多平,S,3763.4000,3762.8000,3762.2000,3762.0000,3761.2000,3764.4000,3764.6000,3764.8000,3765.0000,3766.2000,1,1,2,3,1,2,5,7,2,1
SF,IF2006,2020-04-20 09:30:58.000,3764.2000,46353,0,324088440.000,0,-,-,-,-,3763.4000,3762.8000,3762.2000,3762.0000,3761.2000,3764.2000,3764.4000,3764.6000,3764.8000,3765.0000,1,1,2,3,1,1,3,4,7,2
SF,IF2006,2020-04-20 09:30:58.500,3764.2000,46353,0,324088440.000,0,-,-,-,-,3763.4000,3763.0000,3762.8000,3762.2000,3762.0000,3764.0000,3764.2000,3764.4000,3764.6000,3764.8000,1,1,1,2,3,1,2,2,4,7
SF,IF2006,2020-04-20 09:30:59.000,3764.2000,46353,0,324088440.000,0,-,-,-,-,3763.4000,3763.0000,3762.8000,3762.2000,3762.0000,3764.0000,3764.2000,3764.4000,3764.6000,3764.8000,1,1,1,2,3,5,2,2,4,7
SF,IF2006,2020-04-20 09:30:59.500,3764.2000,46353,0,324088440.000,0,-,-,-,-,3763.4000,3763.0000,3762.8000,3762.2000,3762.0000,3764.0000,3764.2000,3764.4000,3764.6000,3764.8000,1,1,1,2,3,5,1,2,4,7
SF,IF2006,2020-04-20 09:31:00.000,3764.2000,46350,-3,329734740.000,5,1,4,多平,S,3763.4000,3763.0000,3762.8000,3762.2000,3762.0000,3764.2000,3764.4000,3764.6000,3764.8000,3765.0000,1,1,1,2,3,1,1,4,7,2
SF,IF2006,2020-04-20 09:31:00.500,3764.2000,46350,0,329734740.000,0,-,-,-,-,3763.6000,3763.4000,3763.0000,3762.8000,3762.2000,3764.4000,3764.6000,3764.8000,3765.0000,3766.2000,1,3,1,1,2,1,2,7,2,1
SF,IF2006,2020-04-20 09:31:01.000,3763.8000,46349,-1,330863880.000,1,0,1,双平,S,3763.6000,3763.4000,3763.0000,3762.8000,3762.2000,3764.2000,3764.4000,3764.6000,3764.8000,3765.0000,1,1,1,1,2,7,7,2,7,2
SF,IF2006,2020-04-20 09:31:01.500,3762.2000,46349,0,337637580.000,6,3,3,多换,S,3762.2000,3762.0000,3761.2000,3761.0000,3760.8000,3764.0000,3764.2000,3764.4000,3764.6000,3764.8000,1,3,1,6,1,2,7,4,1,7
SF,IF2006,2020-04-20 09:31:02.000,3762.2000,46349,0,337637580.000,0,-,-,-,-,3762.4000,3762.2000,3762.0000,3761.2000,3761.0000,3763.4000,3763.6000,3763.8000,3764.0000,3764.2000,3,1,3,1,6,1,1,2,4,5
SF,IF2006,2020-04-20 09:31:02.500,3763.4000,46347,-2,339895620.000,2,0,2,双平,S,3762.4000,3762.2000,3762.0000,3761.2000,3761.0000,3763.8000,3764.0000,3764.4000,3764.8000,3765.0000,3,1,3,1,6,1,3,4,2,2
SF,IF2006,2020-04-20 09:31:03.000,3764.0000,46349,2,344412420.000,4,3,1,空开,S,3764.2000,3762.6000,3762.4000,3762.2000,3762.0000,3764.4000,3764.8000,3765.0000,3766.2000,3767.0000,1,5,3,1,3,4,2,2,1,1
SF,IF2006,2020-04-20 09:31:03.500,3764.2000,46349,0,346670940.000,2,1,1,多换,S,3764.0000,3762.6000,3762.4000,3762.2000,3762.0000,3764.4000,3764.8000,3765.0000,3766.2000,3767.0000,1,5,2,1,3,4,2,2,1,1
SF,IF2006,2020-04-20 09:31:04.000,3764.4000,46349,0,351188220.000,4,2,2,多换,S,3764.0000,3762.6000,3762.4000,3762.2000,3762.0000,3764.8000,3765.0000,3766.2000,3767.0000,3767.4000,2,4,2,1,3,2,2,1,1,3
SF,IF2006,2020-04-20 09:31:04.500,3764.4000,46349,0,351188220.000,0,-,-,-,-,3764.2000,3764.0000,3762.6000,3762.4000,3762.2000,3764.4000,3764.6000,3764.8000,3765.0000,3766.2000,4,3,3,2,1,5,4,5,2,1
SF,IF2006,2020-04-20 09:31:05.000,3764.2000,46341,-8,360222720.000,8,0,8,双平,S,3764.0000,3762.6000,3762.4000,3762.2000,3762.0000,3765.0000,3766.2000,3767.0000,3767.4000,3767.6000,3,2,2,1,3,2,1,1,3,1
SF,IF2006,2020-04-20 09:31:05.500,3764.2000,46341,0,360222720.000,0,-,-,-,-,3764.4000,3764.2000,3764.0000,3762.6000,3762.4000,3765.0000,3766.2000,3767.0000,3767.4000,3767.6000,2,1,2,2,2,2,1,1,3,1
SF,IF2006,2020-04-20 09:31:06.000,3764.2000,46341,0,360222720.000,0,-,-,-,-,3764.4000,3764.2000,3764.0000,3762.6000,3762.4000,3764.8000,3765.0000,3766.2000,3767.0000,3767.4000,2,1,2,2,2,1,2,1,1,3
SF,IF2006,2020-04-20 09:31:06.500,3764.4000,46340,-1,362481480.000,2,0,2,多平,S,3764.4000,3764.0000,3762.6000,3762.4000,3762.2000,3765.0000,3766.2000,3767.0000,3767.4000,3767.6000,2,1,2,2,1,2,1,1,3,1
SF,IF2006,2020-04-20 09:31:07.000,3764.4000,46341,1,363610800.000,1,1,0,双开,S,3764.4000,3764.0000,3762.6000,3762.4000,3762.2000,3764.6000,3764.8000,3765.0000,3766.2000,3767.0000,2,1,2,2,1,5,5,5,1,1
SF,IF2006,2020-04-20 09:31:07.500,3764.4000,46340,-1,365869440.000,2,0,2,多平,S,3764.0000,3762.6000,3762.4000,3762.2000,3762.0000,3764.8000,3765.0000,3766.2000,3767.0000,3767.4000,2,2,2,1,3,2,2,1,1,3
SF,IF2006,2020-04-20 09:31:08.000,3764.4000,46340,0,365869440.000,0,-,-,-,-,3764.6000,3764.0000,3762.6000,3762.4000,3762.2000,3764.8000,3765.0000,3766.2000,3767.0000,3767.4000,1,2,2,2,1,2,2,1,1,3
SF,IF2006,2020-04-20 09:31:08.500,3764.6000,46338,-2,368128200.000,2,0,2,双平,S,3764.0000,3762.6000,3762.4000,3762.2000,3762.0000,3764.4000,3764.6000,3764.8000,3765.0000,3766.2000,2,2,2,1,3,1,1,3,2,1
SF,IF2006,2020-04-20 09:31:09.000,3764.6000,46338,0,368128200.000,0,-,-,-,-,3764.0000,3762.6000,3762.4000,3762.2000,3762.0000,3764.6000,3764.8000,3765.0000,3766.2000,3767.0000,2,2,2,1,3,1,2,2,1,1
SF,IF2006,2020-04-20 09:31:09.500,3764.6000,46337,-1,370386780.000,2,0,2,多平,S,3764.0000,3762.6000,3762.4000,3762.2000,3762.0000,3764.8000,3765.0000,3766.2000,3767.0000,3767.4000,1,2,2,1,3,2,2,1,1,3
SF,IF2006,2020-04-20 09:31:10.000,3764.0000,46338,1,371515980.000,1,1,0,双开,S,3764.0000,3762.8000,3762.6000,3762.4000,3762.2000,3764.6000,3764.8000,3765.0000,3766.2000,3767.0000,2,1,2,2,1,6,4,2,1,1
SF,IF2006,2020-04-20 09:31:10.500,3764.0000,46338,0,372645180.000,1,0,1,多换,S,3764.0000,3762.6000,3762.4000,3762.2000,3762.0000,3764.6000,3765.0000,3766.2000,3767.0000,3767.4000,1,2,2,1,3,1,2,1,1,3
SF,IF2006,2020-04-20 09:31:11.000,3764.6000,46337,-1,373774560.000,1,0,1,双平,S,3764.2000,3762.8000,3762.6000,3762.4000,3762.2000,3765.0000,3766.2000,3767.0000,3767.4000,3767.6000,1,1,2,2,1,2,1,1,3,1
SF,IF2006,2020-04-20 09:31:11.500,3764.6000,46336,-1,376033200.000,2,0,2,多平,S,3762.8000,3762.6000,3762.4000,3762.2000,3762.0000,3764.2000,3765.0000,3766.2000,3767.0000,3767.4000,1,2,2,1,3,1,2,1,1,3
SF,IF2006,2020-04-20 09:31:12.000,3764.2000,46336,0,377162460.000,1,0,1,多换,S,3764.4000,3764.2000,3764.0000,3763.0000,3762.8000,3765.0000,3766.2000,3767.0000,3767.4000,3767.6000,1,1,1,7,2,2,1,1,3,1
SF,IF2006,2020-04-20 09:31:12.500,3764.2000,46336,0,378291720.000,1,0,1,多换,S,3764.6000,3764.0000,3763.0000,3762.2000,3762.0000,3764.8000,3765.0000,3766.2000,3767.0000,3767.4000,1,1,4,1,3,5,4,1,1,3
SF,IF2006,2020-04-20 09:31:13.000,3764.4000,46335,-1,379421040.000,1,0,1,双平,S,3764.0000,3763.0000,3762.2000,3762.0000,3761.2000,3764.4000,3764.8000,3765.0000,3766.2000,3767.0000,1,4,1,3,1,1,5,2,1,1
SF,IF2006,2020-04-20 09:31:13.500,3764.4000,46335,0,379421040.000,0,-,-,-,-,3764.0000,3763.0000,3762.2000,3762.0000,3761.2000,3765.0000,3766.2000,3767.0000,3767.4000,3767.6000,1,4,1,3,1,3,1,1,3,1
SF,IF2006,2020-04-20 09:31:14.000,3764.0000,46334,-1,383937000.000,4,1,3,多平,S,3763.0000,3762.2000,3762.0000,3761.2000,3761.0000,3764.6000,3764.8000,3765.0000,3766.2000,3767.0000,2,1,3,1,6,5,7,6,1,1
SF,IF2006,2020-04-20 09:31:14.500,3764.0000,46334,0,383937000.000,0,-,-,-,-,3763.2000,3763.0000,3762.2000,3762.0000,3761.2000,3764.4000,3764.6000,3764.8000,3765.0000,3766.0000,2,1,1,3,1,3,1,1,3,1
SF,IF2006,2020-04-20 09:31:15.000,3764.0000,46334,0,383937000.000,0,-,-,-,-,3763.0000,3762.2000,3762.0000,3761.2000,3761.0000,3764.2000,3764.4000,3764.6000,3765.0000,3766.0000,1,1,3,1,6,3,3,1,3,1
SF,IF2006,2020-04-20 09:31:15.500,3764.0000,46334,0,386195280.000,2,1,1,多换,S,3763.0000,3762.2000,3762.0000,3761.2000,3761.0000,3764.4000,3764.6000,3765.0000,3766.0000,3766.2000,1,1,3,1,1,2,3,3,1,1
SF,IF2006,2020-04-20 09:31:16.000,3764.0000,46334,0,386195280.000,0,-,-,-,-,3763.4000,3763.2000,3763.0000,3762.2000,3762.0000,3764.4000,3764.6000,3765.0000,3766.0000,3766.2000,1,1,1,1,3,4,3,3,1,1
SF,IF2006,2020-04-20 09:31:16.500,3764.4000,46333,-1,387324600.000,1,0,1,双平,S,3763.4000,3763.0000,3762.2000,3762.0000,3761.2000,3764.2000,3764.4000,3764.6000,3765.0000,3766.0000,1,1,1,3,1,4,1,4,3,1
SF,IF2006,2020-04-20 09:31:17.000,3764.4000,46333,0,389583240.000,2,1,1,多换,S,3763.0000,3762.2000,3762.0000,3761.2000,3761.0000,3763.4000,3764.0000,3764.2000,3764.6000,3764.8000,1,1,3,1,1,3,1,2,4,1
SF,IF2006,2020-04-20 09:31:17.500,3763.4000,46330,-3,394099260.000,4,0,4,多平,S,3763.2000,3763.0000,3762.2000,3762.0000,3761.2000,3764.0000,3764.2000,3764.6000,3764.8000,3765.0000,1,1,1,3,1,1,2,4,1,3
SF,IF2006,2020-04-20 09:31:18.000,3763.4000,46330,0,394099260.000,0,-,-,-,-,3763.2000,3763.0000,3762.2000,3762.0000,3761.2000,3764.0000,3764.2000,3764.4000,3764.6000,3764.8000,2,1,1,3,1,1,2,1,4,1
SF,IF2006,2020-04-20 09:31:18.500,3763.2000,46329,-1,395228220.000,1,0,1,双平,S,3763.0000,3762.2000,3762.0000,3761.2000,3761.0000,3763.2000,3764.0000,3764.2000,3764.4000,3764.6000,1,1,3,1,1,4,1,2,1,4
SF,IF2006,2020-04-20 09:31:19.000,3763.2000,46325,-4,400873020.000,5,0,5,多平,S,3763.2000,3762.2000,3762.0000,3761.2000,3761.0000,3764.0000,3764.2000,3764.6000,3764.8000,3765.0000,9,1,3,1,1,1,2,4,1,4
SF,IF2006,2020-04-20 09:31:19.500,3762.2000,46324,-1,404259600.000,3,1,2,多平,S,3762.0000,3761.2000,3761.0000,3760.8000,3760.0000,3764.0000,3764.2000,3764.6000,3764.8000,3765.0000,3,1,1,1,3,1,3,4,1,4
SF,IF2006,2020-04-20 09:31:20.000,3762.2000,46324,0,404259600.000,0,-,-,-,-,3762.4000,3762.2000,3762.0000,3761.2000,3761.0000,3763.8000,3764.0000,3764.2000,3764.6000,3764.8000,1,10,4,1,1,1,2,3,4,1
SF,IF2006,2020-04-20 09:31:20.500,3762.4000,46324,0,405388320.000,1,0,1,多换,S,3762.6000,3762.4000,3762.2000,3762.0000,3761.2000,3763.8000,3764.0000,3764.2000,3764.6000,3764.8000,4,1,3,3,1,2,1,3,4,1
SF,IF2006,2020-04-20 09:31:21.000,3762.4000,46324,0,405388320.000,0,-,-,-,-,3763.0000,3762.6000,3762.4000,3762.2000,3762.0000,3763.6000,3763.8000,3764.0000,3764.2000,3764.6000,1,3,1,3,3,1,2,1,3,4
SF,IF2006,2020-04-20 09:31:21.500,3762.6000,46322,-2,409903620.000,4,1,3,多平,S,3762.4000,3762.2000,3762.0000,3761.2000,3761.0000,3762.8000,3763.4000,3763.6000,3763.8000,3764.0000,1,3,3,1,1,1,1,1,3,1
SF,IF2006,2020-04-20 09:31:22.000,3762.6000,46322,0,409903620.000,0,-,-,-,-,3762.0000,3761.2000,3761.0000,3760.8000,3760.0000,3762.8000,3763.0000,3763.4000,3763.6000,3763.8000,3,1,1,1,3,1,1,1,1,3
SF,IF2006,2020-04-20 09:31:22.500,3762.0000,46323,1,411032220.000,1,1,0,双开,S,3762.0000,3761.2000,3761.0000,3760.8000,3760.0000,3762.8000,3763.0000,3763.4000,3763.6000,3763.8000,2,1,1,1,3,1,1,1,1,2
SF,IF2006,2020-04-20 09:31:23.000,3762.0000,46324,1,412160820.000,1,1,0,双开,S,3762.0000,3761.2000,3761.0000,3760.8000,3760.0000,3762.8000,3763.0000,3763.4000,3763.6000,3763.8000,1,1,1,1,3,3,2,1,1,1
SF,IF2006,2020-04-20 09:31:23.500,3762.0000,46323,-1,413289420.000,1,0,1,双平,S,3761.2000,3761.0000,3760.8000,3760.0000,3759.6000,3761.8000,3762.6000,3762.8000,3763.0000,3763.6000,1,1,1,3,1,2,3,3,3,1
SF,IF2006,2020-04-20 09:31:24.000,3761.8000,46323,0,414417960.000,1,0,1,多换,S,3761.8000,3761.0000,3760.8000,3760.0000,3759.6000,3762.0000,3762.6000,3762.8000,3763.0000,3763.8000,1,1,1,3,1,1,2,2,3,1
SF,IF2006,2020-04-20 09:31:24.500,3761.8000,46321,-2,416675100.000,2,0,2,双平,S,3761.0000,3760.8000,3760.0000,3759.6000,3758.6000,3762.2000,3762.6000,3762.8000,3763.0000,3763.8000,1,1,3,1,2,2,2,2,3,1
SF,IF2006,2020-04-20 09:31:25.000,3762.2000,46321,0,417803760.000,1,0,1,多换,S,3761.4000,3761.2000,3761.0000,3760.8000,3760.0000,3761.8000,3762.2000,3762.6000,3762.8000,3763.0000,1,11,3,1,3,2,1,2,1,3
SF,IF2006,2020-04-20 09:31:25.500,3761.8000,46316,-5,425703840.000,7,1,6,多平,S,3761.6000,3761.4000,3761.2000,3761.0000,3760.8000,3762.6000,3762.8000,3763.0000,3763.8000,3764.0000,1,1,9,3,1,2,1,3,1,2
SF,IF2006,2020-04-20 09:31:26.000,3761.8000,46316,0,425703840.000,0,-,-,-,-,3762.0000,3761.8000,3761.6000,3761.4000,3761.2000,3762.8000,3763.0000,3763.8000,3764.0000,3764.2000,2,5,1,1,8,1,3,1,2,4
SF,IF2006,2020-04-20 09:31:26.500,3761.8000,46315,-1,429089520.000,3,1,2,多平,S,3761.8000,3761.6000,3761.4000,3761.2000,3761.0000,3762.8000,3763.0000,3763.8000,3764.0000,3764.2000,2,1,1,8,1,1,4,1,2,4
SF,IF2006,2020-04-20 09:31:27.000,3761.8000,46316,1,432475140.000,3,2,1,空开,S,3761.4000,3761.2000,3761.0000,3760.8000,3760.0000,3762.6000,3762.8000,3763.0000,3763.8000,3764.0000,1,1,1,1,3,5,3,5,1,2
SF,IF2006,2020-04-20 09:31:27.500,3761.8000,46316,0,432475140.000,0,-,-,-,-,3761.6000,3761.4000,3761.2000,3761.0000,3760.8000,3762.4000,3762.6000,3762.8000,3763.0000,3763.8000,1,1,1,1,1,3,5,2,5,1
SF,IF2006,2020-04-20 09:31:28.000,3761.8000,46316,0,432475140.000,0,-,-,-,-,3761.6000,3761.4000,3761.2000,3760.8000,3760.0000,3762.2000,3762.4000,3762.6000,3762.8000,3763.0000,1,1,1,1,3,1,4,4,2,5
SF,IF2006,2020-04-20 09:31:28.500,3761.6000,46315,-1,433603620.000,1,0,1,双平,S,3761.4000,3761.2000,3760.8000,3760.0000,3759.6000,3762.2000,3762.4000,3762.6000,3762.8000,3763.0000,1,1,1,3,1,1,4,4,2,5
SF,IF2006,2020-04-20 09:31:29.000,3761.6000,46315,0,433603620.000,0,-,-,-,-,3761.4000,3761.2000,3760.8000,3760.0000,3759.6000,3762.2000,3762.4000,3762.6000,3762.8000,3763.0000,1,1,1,3,1,3,4,4,2,5
SF,IF2006,2020-04-20 09:31:29.500,3761.6000,46315,0,433603620.000,0,-,-,-,-,3761.4000,3761.2000,3760.8000,3760.0000,3759.6000,3762.2000,3762.4000,3762.6000,3762.8000,3763.0000,1,1,1,3,1,3,6,4,2,5
SF,IF2006,2020-04-20 09:31:30.000,3761.6000,46314,-1,434732100.000,1,0,1,双平,S,3761.4000,3761.2000,3760.8000,3760.0000,3759.6000,3762.2000,3762.4000,3762.6000,3762.8000,3763.0000,3,1,1,3,1,3,6,4,2,5
SF,IF2006,2020-04-20 09:31:30.500,3761.4000,46314,0,435860520.000,1,0,1,多换,S,3761.4000,3761.2000,3760.8000,3760.0000,3759.6000,3762.2000,3762.4000,3762.6000,3762.8000,3763.0000,1,1,1,3,1,3,8,4,2,5
SF,IF2006,2020-04-20 09:31:31.000,3762.2000,46313,-1,439246500.000,3,1,2,多平,S,3762.2000,3761.8000,3761.6000,3761.4000,3761.2000,3762.4000,3762.6000,3762.8000,3763.0000,3763.8000,1,2,9,2,2,8,3,2,5,1
SF,IF2006,2020-04-20 09:31:31.500,3762.2000,46314,1,440375160.000,1,1,0,双开,S,3761.8000,3761.6000,3761.4000,3761.2000,3760.8000,3762.4000,3762.6000,3762.8000,3763.0000,3763.8000,1,9,2,2,1,10,2,2,5,1
SF,IF2006,2020-04-20 09:31:32.000,3762.2000,46314,0,440375160.000,0,-,-,-,-,3761.8000,3761.6000,3761.2000,3760.8000,3760.0000,3762.0000,3762.4000,3762.6000,3762.8000,3763.0000,1,2,2,1,3,1,10,3,2,5
SF,IF2006,2020-04-20 09:31:32.500,3762.4000,46311,-3,453919560.000,12,4,8,多平,S,3762.0000,3761.8000,3761.6000,3761.2000,3760.8000,3762.4000,3762.6000,3762.8000,3763.0000,3763.8000,4,2,2,2,1,1,3,2,5,1
SF,IF2006,2020-04-20 09:31:33.000,3762.4000,46311,0,453919560.000,0,-,-,-,-,3762.2000,3762.0000,3761.8000,3761.6000,3761.2000,3762.4000,3762.6000,3762.8000,3763.0000,3763.8000,1,1,1,1,2,2,4,2,5,1
SF,IF2006,2020-04-20 09:31:33.500,3762.0000,46310,-1,456176820.000,2,0,2,多平,S,3761.8000,3761.6000,3761.2000,3760.8000,3760.0000,3762.2000,3762.4000,3762.6000,3762.8000,3763.0000,1,1,2,1,3,1,2,5,2,5
SF,IF2006,2020-04-20 09:31:34.000,3762.0000,46310,0,456176820.000,0,-,-,-,-,3761.8000,3761.6000,3761.2000,3760.8000,3760.0000,3762.2000,3762.4000,3762.6000,3762.8000,3763.0000,1,1,2,1,3,1,2,5,2,5
SF,IF2006,2020-04-20 09:31:34.500,3762.0000,46310,0,456176820.000,0,-,-,-,-,3761.8000,3761.6000,3761.2000,3760.8000,3760.0000,3762.4000,3762.6000,3762.8000,3763.0000,3763.8000,1,1,2,1,3,3,5,2,10,1
SF,IF2006,2020-04-20 09:31:35.000,3761.8000,46310,0,457305360.000,1,0,1,多换,S,3761.6000,3761.2000,3760.8000,3760.0000,3759.6000,3762.4000,3762.6000,3762.8000,3763.0000,3763.8000,1,2,1,3,1,2,8,2,10,1
SF,IF2006,2020-04-20 09:31:35.500,3761.8000,46310,0,457305360.000,0,-,-,-,-,3762.0000,3761.8000,3761.6000,3761.2000,3760.8000,3762.4000,3762.6000,3762.8000,3763.0000,3763.8000,1,1,1,2,1,2,10,2,10,1
SF,IF2006,2020-04-20 09:31:36.000,3762.0000,46309,-1,458433960.000,1,0,1,双平,S,3762.0000,3761.6000,3761.2000,3761.0000,3760.8000,3762.4000,3762.6000,3762.8000,3763.0000,3763.8000,1,1,2,1,1,2,11,2,10,1
SF,IF2006,2020-04-20 09:31:36.500,3762.4000,46309,0,459562680.000,1,0,1,多换,S,3762.0000,3761.6000,3761.2000,3761.0000,3760.8000,3762.2000,3762.4000,3762.6000,3762.8000,3763.0000,1,1,2,1,1,1,1,12,2,10
SF,IF2006,2020-04-20 09:31:37.000,3762.4000,46307,-2,461820060.000,2,0,2,双平,S,3762.0000,3761.6000,3761.2000,3761.0000,3760.8000,3762.4000,3762.6000,3762.8000,3763.0000,3763.8000,1,1,2,1,1,1,12,2,10,1
SF,IF2006,2020-04-20 09:31:37.500,3762.4000,46307,0,461820060.000,0,-,-,-,-,3762.0000,3761.6000,3761.2000,3761.0000,3760.8000,3762.4000,3762.6000,3762.8000,3763.0000,3763.8000,1,1,2,1,1,1,14,2,10,1
SF,IF2006,2020-04-20 09:31:38.000,3762.4000,46306,-1,462948780.000,1,0,1,双平,S,3762.0000,3761.6000,3761.2000,3761.0000,3760.8000,3762.6000,3762.8000,3763.0000,3763.8000,3764.0000,1,1,2,1,1,17,2,10,1,2
SF,IF2006,2020-04-20 09:31:38.500,3762.4000,46306,0,462948780.000,0,-,-,-,-,3762.0000,3761.6000,3761.2000,3761.0000,3760.8000,3762.6000,3762.8000,3763.0000,3763.8000,3764.0000,1,1,2,2,1,17,2,5,1,2
SF,IF2006,2020-04-20 09:31:39.000,3762.6000,46302,-4,467463600.000,4,0,4,双平,S,3762.0000,3761.6000,3761.2000,3761.0000,3760.8000,3762.6000,3762.8000,3763.0000,3763.8000,3764.0000,1,1,2,2,1,15,2,5,1,2
SF,IF2006,2020-04-20 09:31:39.500,3762.6000,46300,-2,469721160.000,2,0,2,双平,S,3761.6000,3761.2000,3761.0000,3760.8000,3760.0000,3762.0000,3762.6000,3762.8000,3763.0000,3763.8000,1,2,2,1,3,1,13,2,5,1
SF,IF2006,2020-04-20 09:31:40.000,3762.2000,46299,-1,474235860.000,4,1,3,多平,S,3761.8000,3761.6000,3761.2000,3761.0000,3760.8000,3762.2000,3762.6000,3762.8000,3763.0000,3763.8000,1,1,2,2,1,3,12,2,5,1
SF,IF2006,2020-04-20 09:31:40.500,3762.2000,46299,0,474235860.000,0,-,-,-,-,3761.6000,3761.2000,3761.0000,3760.8000,3760.0000,3762.2000,3762.4000,3762.6000,3762.8000,3763.0000,1,2,2,1,3,3,2,12,2,5
SF,IF2006,2020-04-20 09:31:41.000,3761.6000,46299,0,475364340.000,1,0,1,多换,S,3761.2000,3761.0000,3760.8000,3760.0000,3759.6000,3761.8000,3762.2000,3762.4000,3762.6000,3762.8000,2,2,1,3,1,1,3,3,12,2
SF,IF2006,2020-04-20 09:31:41.500,3762.2000,46298,-1,477621540.000,2,0,2,多平,S,3762.0000,3761.8000,3761.6000,3761.4000,3761.2000,3762.2000,3762.4000,3762.6000,3762.8000,3763.0000,3,4,5,14,2,2,3,12,2,5
SF,IF2006,2020-04-20 09:31:42.000,3762.0000,46297,-1,481007400.000,3,1,2,多平,S,3762.0000,3761.8000,3761.6000,3761.4000,3761.2000,3762.2000,3762.4000,3762.6000,3762.8000,3763.0000,1,1,1,10,2,1,4,12,2,5
SF,IF2006,2020-04-20 09:31:42.500,3762.0000,46295,-2,483264660.000,2,0,2,双平,S,3762.2000,3761.6000,3761.4000,3761.2000,3761.0000,3762.4000,3762.6000,3762.8000,3763.0000,3763.8000,1,1,3,2,2,6,12,2,5,1
SF,IF2006,2020-04-20 09:31:43.000,3762.2000,46294,-1,484393320.000,1,0,1,双平,S,3761.6000,3761.4000,3761.2000,3761.0000,3760.8000,3762.2000,3762.4000,3762.6000,3762.8000,3763.0000,2,3,2,2,1,2,6,15,2,5
SF,IF2006,2020-04-20 09:31:43.500,3761.6000,46293,-1,485521800.000,1,0,1,双平,S,3761.6000,3761.4000,3761.2000,3761.0000,3760.8000,3762.0000,3762.2000,3762.4000,3762.6000,3762.8000,1,2,2,2,1,1,1,6,15,2
SF,IF2006,2020-04-20 09:31:44.000,3761.6000,46293,0,486650280.000,1,0,1,多换,S,3761.4000,3761.2000,3761.0000,3760.8000,3760.0000,3762.0000,3762.2000,3762.4000,3762.6000,3762.8000,2,2,2,1,3,1,1,6,15,2
SF,IF2006,2020-04-20 09:31:44.500,3762.0000,46293,0,487778880.000,1,0,1,多换,S,3761.4000,3761.2000,3761.0000,3760.8000,3760.0000,3762.0000,3762.2000,3762.4000,3762.6000,3762.8000,2,2,3,1,3,5,1,6,15,2
SF,IF2006,2020-04-20 09:31:45.000,3762.0000,46293,0,487778880.000,0,-,-,-,-,3761.4000,3761.2000,3761.0000,3760.8000,3760.0000,3761.8000,3762.0000,3762.2000,3762.4000,3762.6000,1,2,3,1,3,1,5,4,6,15
SF,IF2006,2020-04-20 09:31:45.500,3762.0000,46289,-4,492293040.000,4,0,4,双平,S,3761.2000,3761.0000,3760.8000,3760.0000,3759.6000,3762.0000,3762.2000,3762.4000,3762.6000,3762.8000,2,3,1,3,1,5,4,6,15,2
SF,IF2006,2020-04-20 09:31:46.000,3761.4000,46284,-5,497935860.000,5,0,5,双平,S,3761.8000,3761.4000,3761.2000,3761.0000,3760.8000,3762.0000,3762.2000,3762.4000,3762.6000,3762.8000,1,3,3,3,1,1,4,6,15,2
SF,IF2006,2020-04-20 09:31:46.500,3762.0000,46284,0,499064460.000,1,0,1,多换,S,3761.8000,3761.4000,3761.2000,3761.0000,3760.8000,3762.0000,3762.2000,3762.4000,3762.6000,3762.8000,1,3,3,3,1,2,4,5,13,2
SF,IF2006,2020-04-20 09:31:47.000,3761.8000,46283,-1,500193000.000,1,0,1,双平,S,3761.4000,3761.2000,3761.0000,3760.8000,3760.0000,3762.0000,3762.2000,3762.4000,3762.6000,3762.8000,1,2,3,1,3,9,4,4,13,2
SF,IF2006,2020-04-20 09:31:47.500,3761.4000,46283,0,501321420.000,1,0,1,多换,S,3761.2000,3761.0000,3760.8000,3760.0000,3759.6000,3761.4000,3762.0000,3762.2000,3762.4000,3762.6000,2,3,1,3,1,3,9,4,2,11
SF,IF2006,2020-04-20 09:31:48.000,3761.4000,46284,1,504706680.000,3,2,1,空开,S,3761.2000,3761.0000,3760.8000,3760.0000,3759.6000,3761.8000,3762.0000,3762.2000,3762.4000,3762.6000,2,3,1,3,1,1,9,6,2,5
SF,IF2006,2020-04-20 09:31:48.500,3761.8000,46283,-1,505835220.000,1,0,1,双平,S,3761.2000,3761.0000,3760.8000,3760.0000,3759.6000,3762.0000,3762.2000,3762.4000,3762.6000,3762.8000,2,3,1,3,1,9,6,2,5,1
SF,IF2006,2020-04-20 09:31:49.000,3762.0000,46282,-1,508092180.000,2,0,2,多平,S,3761.2000,3761.0000,3760.8000,3760.0000,3759.6000,3762.0000,3762.2000,3762.4000,3762.6000,3762.8000,2,3,1,3,1,8,5,2,5,1
SF,IF2006,2020-04-20 09:31:49.500,3762.0000,46282,0,508092180.000,0,-,-,-,-,3761.4000,3761.2000,3761.0000,3760.8000,3760.0000,3762.0000,3762.2000,3762.4000,3762.6000,3762.8000,1,2,3,1,3,10,5,2,5,1
SF,IF2006,2020-04-20 09:31:50.000,3761.2000,46282,0,510348960.000,2,1,1,多换,S,3761.0000,3760.8000,3760.0000,3759.6000,3758.6000,3761.2000,3762.0000,3762.2000,3762.4000,3762.6000,3,1,3,1,2,1,10,2,2,2
SF,IF2006,2020-04-20 09:31:50.500,3761.2000,46280,-2,512605680.000,2,0,2,双平,S,3761.0000,3760.8000,3760.0000,3759.6000,3758.6000,3761.2000,3761.4000,3762.0000,3762.2000,3762.8000,3,1,3,1,2,4,1,10,2,1
SF,IF2006,2020-04-20 09:31:51.000,3761.4000,46278,-2,519375960.000,6,2,4,多平,S,3761.6000,3761.2000,3761.0000,3760.8000,3760.0000,3762.0000,3762.2000,3762.8000,3764.0000,3764.2000,1,8,7,1,3,10,2,1,7,1
SF,IF2006,2020-04-20 09:31:51.500,3761.6000,46277,-1,520504440.000,1,0,1,双平,S,3761.2000,3761.0000,3760.8000,3760.0000,3759.6000,3762.0000,3762.2000,3762.8000,3764.0000,3764.2000,1,4,1,3,1,8,2,1,7,1
SF,IF2006,2020-04-20 09:31:52.000,3761.6000,46277,0,520504440.000,0,-,-,-,-,3761.2000,3761.0000,3760.8000,3760.0000,3759.6000,3762.0000,3762.2000,3762.8000,3764.0000,3764.2000,1,4,1,3,1,3,2,1,7,1
SF,IF2006,2020-04-20 09:31:52.500,3762.0000,46276,-1,523890240.000,3,1,2,多平,S,3761.4000,3761.2000,3761.0000,3760.8000,3760.0000,3761.6000,3762.0000,3762.2000,3762.8000,3764.0000,7,5,4,1,3,1,10,2,1,7
SF,IF2006,2020-04-20 09:31:53.000,3761.6000,46272,-4,528404160.000,4,0,4,双平,S,3761.6000,3761.4000,3761.2000,3761.0000,3760.8000,3762.0000,3762.2000,3762.8000,3764.0000,3764.2000,3,8,6,5,1,10,2,1,7,1
SF,IF2006,2020-04-20 09:31:53.500,3762.0000,46271,-1,529532760.000,1,0,1,双平,S,3761.8000,3761.6000,3761.4000,3761.2000,3761.0000,3762.0000,3762.2000,3762.8000,3764.0000,3764.2000,1,2,7,6,5,15,2,1,7,1
SF,IF2006,2020-04-20 09:31:54.000,3762.0000,46271,0,529532760.000,0,-,-,-,-,3761.6000,3761.4000,3761.2000,3761.0000,3760.8000,3762.0000,3762.2000,3762.8000,3764.0000,3764.2000,1,7,6,5,1,21,2,1,7,1
SF,IF2006,2020-04-20 09:31:54.500,3761.6000,46271,0,530661240.000,1,0,1,多换,S,3761.4000,3761.2000,3761.0000,3760.8000,3760.0000,3762.0000,3762.2000,3762.8000,3764.0000,3764.2000,7,4,5,1,3,21,2,1,7,1
SF,IF2006,2020-04-20 09:31:55.000,3761.6000,46271,0,530661240.000,0,-,-,-,-,3761.6000,3761.4000,3761.2000,3761.0000,3760.8000,3762.0000,3762.2000,3762.8000,3764.0000,3764.2000,1,7,4,5,1,21,2,1,7,1
SF,IF2006,2020-04-20 09:31:55.500,3762.0000,46270,-1,532918440.000,2,0,2,多平,S,3761.4000,3761.2000,3761.0000,3760.8000,3760.0000,3762.0000,3762.2000,3762.8000,3764.0000,3764.2000,7,4,5,1,3,19,2,1,7,1
SF,IF2006,2020-04-20 09:31:56.000,3762.0000,46270,0,532918440.000,0,-,-,-,-,3761.4000,3761.2000,3761.0000,3760.8000,3760.0000,3762.0000,3762.2000,3762.8000,3764.0000,3764.2000,7,4,5,1,3,22,2,1,7,1
SF,IF2006,2020-04-20 09:31:56.500,3761.6000,46268,-2,537432720.000,4,1,3,多平,S,3761.4000,3761.2000,3761.0000,3760.8000,3760.0000,3762.0000,3762.2000,3762.8000,3764.0000,3764.2000,7,5,5,1,3,22,2,1,7,1
SF,IF2006,2020-04-20 09:31:57.000,3761.4000,46267,-1,538561140.000,1,0,1,双平,S,3761.4000,3761.2000,3761.0000,3760.8000,3760.0000,3762.0000,3762.2000,3762.8000,3764.0000,3764.2000,6,5,5,1,3,24,2,1,7,1
SF,IF2006,2020-04-20 09:31:57.500,3762.0000,46267,0,539689740.000,1,0,1,多换,S,3761.4000,3761.2000,3761.0000,3760.8000,3760.0000,3762.0000,3762.2000,3762.8000,3764.0000,3764.2000,5,5,5,1,3,20,2,1,7,1
SF,IF2006,2020-04-20 09:31:58.000,3761.4000,46267,0,540818160.000,1,0,1,多换,S,3761.4000,3761.2000,3761.0000,3760.8000,3760.0000,3762.0000,3762.2000,3762.8000,3764.0000,3764.2000,4,5,5,1,3,24,2,1,7,1
SF,IF2006,2020-04-20 09:31:58.500,3761.4000,46267,0,540818160.000,0,-,-,-,-,3761.2000,3761.0000,3760.8000,3760.0000,3759.6000,3762.0000,3762.2000,3762.8000,3764.0000,3764.2000,5,5,1,3,2,21,2,1,7,1
SF,IF2006,2020-04-20 09:31:59.000,3761.4000,46267,0,540818160.000,0,-,-,-,-,3761.2000,3761.0000,3760.8000,3760.0000,3759.6000,3762.0000,3762.2000,3762.8000,3764.0000,3764.2000,4,5,1,3,2,21,2,1,7,1
SF,IF2006,2020-04-20 09:31:59.500,3761.4000,46267,0,540818160.000,0,-,-,-,-,3761.8000,3761.4000,3761.2000,3761.0000,3760.8000,3762.0000,3762.2000,3762.8000,3764.0000,3764.2000,1,2,2,5,1,27,2,1,7,1
SF,IF2006,2020-04-20 09:32:00.000,3761.8000,46265,-2,544203660.000,3,0,3,多平,S,3761.4000,3761.2000,3761.0000,3760.8000,3760.0000,3761.8000,3762.0000,3762.2000,3762.8000,3764.0000,1,2,5,1,3,1,27,2,1,7
SF,IF2006,2020-04-20 09:32:00.500,3761.8000,46266,1,545332200.000,1,1,0,双开,S,3761.2000,3761.0000,3760.8000,3760.0000,3759.6000,3762.0000,3762.2000,3762.8000,3764.0000,3764.2000,2,5,1,3,2,27,2,1,7,1
SF,IF2006,2020-04-20 09:32:01.000,3761.8000,46266,0,545332200.000,0,-,-,-,-,3761.2000,3761.0000,3760.8000,3760.6000,3760.0000,3761.8000,3762.0000,3762.2000,3762.8000,3764.0000,4,5,1,1,3,2,24,2,1,7
SF,IF2006,2020-04-20 09:32:01.500,3761.8000,46265,-1,546460740.000,1,0,1,双平,S,3761.2000,3761.0000,3760.8000,3760.6000,3760.0000,3761.8000,3762.0000,3762.2000,3762.8000,3764.0000,2,5,1,1,3,5,19,2,1,7
SF,IF2006,2020-04-20 09:32:02.000,3761.2000,46265,0,547589100.000,1,0,1,多换,S,3761.2000,3761.0000,3760.8000,3760.6000,3760.0000,3761.8000,3762.0000,3762.2000,3762.8000,3764.0000,1,5,1,1,3,10,19,2,1,7
SF,IF2006,2020-04-20 09:32:02.500,3761.2000,46263,-2,550974180.000,3,0,3,多平,S,3761.0000,3760.8000,3760.6000,3760.0000,3759.6000,3761.2000,3761.6000,3761.8000,3762.0000,3762.2000,5,1,1,3,2,2,1,9,19,2
SF,IF2006,2020-04-20 09:32:03.000,3761.0000,46262,-1,556615680.000,5,2,3,多平,S,3760.8000,3760.6000,3760.0000,3759.6000,3758.6000,3761.0000,3761.2000,3761.6000,3761.8000,3762.0000,1,1,3,2,2,1,1,1,9,16
SF,IF2006,2020-04-20 09:32:03.500,3760.8000,46262,0,557743920.000,1,0,1,多换,S,3760.6000,3760.0000,3759.6000,3758.6000,3758.0000,3761.0000,3761.2000,3761.6000,3761.8000,3762.0000,1,3,2,2,3,4,1,1,9,13
SF,IF2006,2020-04-20 09:32:04.000,3760.8000,46259,-3,561128580.000,3,0,3,双平,S,3760.0000,3759.6000,3758.6000,3758.0000,3757.0000,3760.8000,3761.0000,3761.2000,3761.4000,3761.6000,3,2,2,3,1,1,7,1,3,1
SF,IF2006,2020-04-20 09:32:04.500,3760.8000,46259,0,562256820.000,1,0,1,多换,S,3760.2000,3760.0000,3759.8000,3759.6000,3758.6000,3760.8000,3761.0000,3761.2000,3761.4000,3761.8000,4,3,1,2,2,7,8,1,3,8
SF,IF2006,2020-04-20 09:32:05.000,3760.2000,46259,0,564512940.000,2,1,1,多换,S,3760.2000,3760.0000,3759.6000,3758.6000,3758.0000,3760.8000,3761.0000,3761.2000,3761.4000,3761.8000,2,3,2,2,3,12,8,1,3,8
SF,IF2006,2020-04-20 09:32:05.500,3760.2000,46259,0,565641000.000,1,0,1,多换,S,3760.2000,3760.0000,3759.6000,3758.6000,3758.0000,3760.8000,3761.0000,3761.2000,3761.4000,3761.8000,3,3,2,2,3,12,8,1,3,8
SF,IF2006,2020-04-20 09:32:06.000,3760.2000,46259,0,565641000.000,0,-,-,-,-,3760.2000,3760.0000,3759.6000,3758.6000,3758.0000,3760.8000,3761.0000,3761.2000,3761.4000,3761.8000,1,3,2,2,3,12,8,1,3,8
SF,IF2006,2020-04-20 09:32:06.500,3760.2000,46259,0,565641000.000,0,-,-,-,-,3760.2000,3760.0000,3759.6000,3758.6000,3758.0000,3760.6000,3760.8000,3761.0000,3761.2000,3761.4000,1,3,2,2,3,1,12,8,1,3
SF,IF2006,2020-04-20 09:32:07.000,3760.0000,46258,-1,567897060.000,2,0,2,多平,S,3760.0000,3759.6000,3758.6000,3758.0000,3757.0000,3760.2000,3760.6000,3760.8000,3761.0000,3761.2000,2,2,2,3,1,1,4,12,8,1
SF,IF2006,2020-04-20 09:32:07.500,3760.0000,46257,-1,570153060.000,2,0,2,多平,S,3759.6000,3758.6000,3758.0000,3757.0000,3756.8000,3760.0000,3760.2000,3760.6000,3760.8000,3761.0000,2,2,3,1,1,2,4,4,12,8
SF,IF2006,2020-04-20 09:32:08.000,3760.0000,46255,-2,574664820.000,4,1,3,多平,S,3758.6000,3758.0000,3757.0000,3756.8000,3756.2000,3760.0000,3760.2000,3760.6000,3760.8000,3761.0000,2,3,1,1,1,2,6,4,12,8
SF,IF2006,2020-04-20 09:32:08.500,3760.0000,46254,-1,576920820.000,2,0,2,多平,S,3759.2000,3759.0000,3758.8000,3758.6000,3758.4000,3760.0000,3760.2000,3760.6000,3760.8000,3761.0000,2,5,3,3,1,4,6,3,12,5
SF,IF2006,2020-04-20 09:32:09.000,3759.8000,46252,-2,581431980.000,4,1,3,多平,S,3759.0000,3758.8000,3758.6000,3758.4000,3758.0000,3759.6000,3759.8000,3760.0000,3760.2000,3760.6000,2,1,3,1,3,3,4,6,6,3
SF,IF2006,2020-04-20 09:32:09.500,3758.6000,46248,-4,587070180.000,5,0,5,多平,S,3758.6000,3758.0000,3757.0000,3756.8000,3756.2000,3759.4000,3759.6000,3759.8000,3760.0000,3760.2000,1,3,1,1,1,3,6,2,6,6
SF,IF2006,2020-04-20 09:32:10.000,3758.6000,46248,0,587070180.000,0,-,-,-,-,3758.0000,3757.0000,3756.8000,3756.2000,3756.0000,3759.2000,3759.4000,3759.6000,3759.8000,3760.0000,3,1,1,1,1,4,8,6,1,6
SF,IF2006,2020-04-20 09:32:10.500,3758.6000,46248,0,587070180.000,0,-,-,-,-,3758.2000,3758.0000,3757.0000,3756.8000,3756.2000,3759.0000,3759.2000,3759.4000,3759.6000,3759.8000,3,3,1,1,1,3,8,8,6,1
SF,IF2006,2020-04-20 09:32:11.000,3758.6000,46248,0,587070180.000,0,-,-,-,-,3758.2000,3758.0000,3757.0000,3756.8000,3756.2000,3759.0000,3759.2000,3759.4000,3759.6000,3759.8000,2,3,1,1,1,2,9,8,6,1
SF,IF2006,2020-04-20 09:32:11.500,3758.6000,46248,0,587070180.000,0,-,-,-,-,3758.2000,3758.0000,3757.0000,3756.8000,3756.2000,3759.0000,3759.2000,3759.4000,3759.6000,3759.8000,1,3,1,1,1,2,9,8,6,1
SF,IF2006,2020-04-20 09:32:12.000,3758.2000,46248,0,589325100.000,2,1,1,多换,S,3758.0000,3757.0000,3756.8000,3756.2000,3756.0000,3758.8000,3759.0000,3759.2000,3759.4000,3759.6000,3,1,1,1,1,1,1,9,7,6
SF,IF2006,2020-04-20 09:32:12.500,3758.2000,46248,0,589325100.000,0,-,-,-,-,3758.0000,3757.0000,3756.8000,3756.2000,3756.0000,3758.2000,3758.8000,3759.2000,3759.4000,3759.6000,3,1,1,1,1,1,5,9,7,7
SF,IF2006,2020-04-20 09:32:13.000,3758.0000,46244,-4,593834700.000,4,0,4,双平,S,3757.0000,3756.8000,3756.2000,3756.0000,3753.0000,3758.2000,3758.8000,3759.2000,3759.4000,3759.6000,1,1,1,1,5,4,5,8,7,7
SF,IF2006,2020-04-20 09:32:13.500,3758.0000,46244,0,593834700.000,0,-,-,-,-,3757.0000,3756.8000,3756.2000,3756.0000,3753.0000,3758.0000,3758.2000,3758.8000,3759.2000,3759.4000,1,1,1,1,5,4,4,3,8,7
SF,IF2006,2020-04-20 09:32:14.000,3757.0000,46243,-1,594961800.000,1,0,1,双平,S,3756.8000,3756.2000,3756.0000,3753.0000,3751.0000,3757.0000,3757.4000,3757.8000,3758.0000,3758.2000,1,1,1,5,4,1,1,4,3,4
SF,IF2006,2020-04-20 09:32:14.500,3753.0000,46240,-3,600594300.000,5,1,4,多平,S,3753.0000,3751.0000,3750.2000,3750.0000,3748.8000,3756.4000,3756.6000,3756.8000,3757.0000,3757.4000,3,4,1,2,1,3,1,10,7,1
SF,IF2006,2020-04-20 09:32:15.000,3753.0000,46238,-2,602846100.000,2,0,2,双平,S,3754.0000,3753.8000,3753.6000,3753.4000,3753.2000,3755.6000,3756.2000,3756.4000,3756.8000,3757.0000,3,1,5,2,12,1,7,5,1,3
SF,IF2006,2020-04-20 09:32:15.500,3754.2000,46237,-1,605098980.000,2,0,2,多平,S,3754.2000,3754.0000,3753.6000,3753.4000,3753.2000,3755.4000,3755.6000,3756.2000,3756.4000,3756.8000,1,1,2,1,7,1,9,6,5,1
SF,IF2006,2020-04-20 09:32:16.000,3754.2000,46236,-1,607351500.000,2,0,2,多平,S,3754.2000,3753.6000,3753.4000,3753.2000,3753.0000,3755.4000,3755.6000,3756.2000,3756.4000,3756.8000,1,2,2,5,7,6,6,6,6,1
SF,IF2006,2020-04-20 09:32:16.500,3754.2000,46236,0,608477760.000,1,0,1,多换,S,3754.2000,3753.6000,3753.4000,3753.2000,3753.0000,3755.2000,3755.4000,3755.6000,3756.2000,3756.4000,4,2,2,5,7,4,6,6,6,6
SF,IF2006,2020-04-20 09:32:17.000,3754.2000,46236,0,608477760.000,0,-,-,-,-,3754.6000,3754.4000,3754.2000,3753.6000,3753.4000,3755.0000,3755.2000,3755.4000,3755.6000,3756.2000,3,1,1,2,2,1,2,6,6,6
SF,IF2006,2020-04-20 09:32:17.500,3755.0000,46233,-3,612983280.000,4,0,4,多平,S,3753.6000,3753.4000,3753.2000,3753.0000,3751.0000,3755.2000,3755.4000,3755.6000,3756.2000,3756.4000,2,2,5,7,4,1,6,6,6,6
SF,IF2006,2020-04-20 09:32:18.000,3755.0000,46233,0,612983280.000,0,-,-,-,-,3754.0000,3753.8000,3753.6000,3753.4000,3753.2000,3755.0000,3755.2000,3755.4000,3755.6000,3756.2000,1,4,4,1,4,4,5,6,6,5
SF,IF2006,2020-04-20 09:32:18.500,3754.0000,46233,0,614109480.000,1,0,1,多换,S,3753.4000,3753.0000,3751.0000,3750.2000,3750.0000,3754.2000,3754.8000,3755.0000,3755.2000,3755.4000,1,3,4,1,2,1,3,6,3,6
SF,IF2006,2020-04-20 09:32:19.000,3754.0000,46231,-2,616361880.000,2,0,2,双平,S,3753.4000,3753.0000,3751.0000,3750.2000,3750.0000,3754.0000,3754.2000,3754.8000,3755.0000,3755.2000,1,3,4,1,2,1,5,1,4,3
SF,IF2006,2020-04-20 09:32:19.500,3754.0000,46230,-1,617488080.000,1,0,1,双平,S,3753.4000,3753.0000,3751.0000,3750.2000,3750.0000,3754.0000,3754.2000,3755.0000,3755.2000,3755.4000,1,3,4,1,2,2,4,4,3,6
SF,IF2006,2020-04-20 09:32:20.000,3753.4000,46229,-1,618614100.000,1,0,1,双平,S,3753.0000,3751.0000,3750.2000,3750.0000,3748.8000,3753.8000,3754.0000,3754.2000,3755.0000,3755.2000,3,4,1,2,1,2,7,4,5,3
SF,IF2006,2020-04-20 09:32:20.500,3753.0000,46226,-3,623117700.000,4,0,4,多平,S,3751.0000,3750.2000,3750.0000,3748.8000,3748.0000,3753.4000,3753.6000,3753.8000,3754.0000,3754.2000,4,1,2,1,1,2,1,6,6,3
SF,IF2006,2020-04-20 09:32:21.000,3751.0000,46222,-4,629869620.000,6,1,5,多平,S,3751.8000,3751.0000,3750.2000,3750.0000,3748.8000,3752.8000,3753.2000,3753.4000,3753.6000,3753.8000,1,2,1,2,1,1,13,4,2,3
SF,IF2006,2020-04-20 09:32:21.500,3751.6000,46222,0,632120580.000,2,1,1,多换,S,3750.2000,3750.0000,3748.8000,3748.0000,3746.4000,3751.6000,3751.8000,3752.6000,3752.8000,3753.4000,1,2,1,1,1,3,8,14,3,2
SF,IF2006,2020-04-20 09:32:22.000,3751.0000,46222,0,633245880.000,1,0,1,多换,S,3751.0000,3750.8000,3750.6000,3750.4000,3750.2000,3751.4000,3751.8000,3752.6000,3752.8000,3753.4000,1,2,2,7,2,1,7,12,2,2
SF,IF2006,2020-04-20 09:32:22.500,3751.0000,46221,-1,634371180.000,1,0,1,双平,S,3750.2000,3750.0000,3748.8000,3748.0000,3746.4000,3751.4000,3751.8000,3752.6000,3752.8000,3753.4000,1,1,1,1,1,1,8,12,2,2
SF,IF2006,2020-04-20 09:32:23.000,3750.2000,46220,-1,635496240.000,1,0,1,双平,S,3750.0000,3748.8000,3748.0000,3746.4000,3746.0000,3750.2000,3751.2000,3751.4000,3751.8000,3752.6000,1,1,1,1,3,2,1,3,7,11
SF,IF2006,2020-04-20 09:32:23.500,3750.0000,46216,-4,641121420.000,5,0,5,多平,S,3748.8000,3748.0000,3746.4000,3746.0000,3745.8000,3750.0000,3750.2000,3751.4000,3751.8000,3752.6000,1,1,1,3,1,1,1,2,7,11
SF,IF2006,2020-04-20 09:32:24.000,3750.2000,46208,-8,651244680.000,9,0,9,多平,S,3750.2000,3748.8000,3748.0000,3746.4000,3746.0000,3751.4000,3751.8000,3752.6000,3752.8000,3753.4000,2,1,1,1,3,1,7,11,1,2
SF,IF2006,2020-04-20 09:32:24.500,3750.2000,46206,-2,653494800.000,2,0,2,双平,S,3748.8000,3748.0000,3746.4000,3746.0000,3745.8000,3750.0000,3750.2000,3750.4000,3751.0000,3751.2000,1,1,1,3,1,1,1,1,1,17
SF,IF2006,2020-04-20 09:32:25.000,3749.8000,46205,-1,656869020.000,3,1,2,多平,S,3748.0000,3746.4000,3746.0000,3745.8000,3745.0000,3749.8000,3750.2000,3751.0000,3751.2000,3751.8000,1,1,3,1,1,2,2,1,13,7
SF,IF2006,2020-04-20 09:32:25.500,3749.4000,46200,-5,662491440.000,5,0,5,双平,S,3746.4000,3746.0000,3745.8000,3745.0000,3742.6000,3748.8000,3749.6000,3749.8000,3750.2000,3751.0000,1,3,1,1,1,1,9,5,2,1
SF,IF2006,2020-04-20 09:32:26.000,3747.6000,46201,1,668113200.000,5,3,2,空开,S,3747.6000,3747.2000,3747.0000,3746.8000,3746.6000,3748.6000,3748.8000,3749.4000,3749.8000,3750.2000,3,4,2,3,10,3,3,1,5,2
SF,IF2006,2020-04-20 09:32:26.500,3749.8000,46191,-10,686108760.000,16,3,13,多平,S,3749.2000,3749.0000,3748.8000,3747.8000,3747.6000,3749.8000,3750.2000,3751.0000,3751.2000,3751.6000,3,4,4,2,4,1,2,1,4,1
SF,IF2006,2020-04-20 09:32:27.000,3748.6000,46180,-11,701854260.000,14,1,13,多平,S,3748.6000,3748.4000,3748.2000,3748.0000,3747.8000,3748.8000,3749.0000,3749.2000,3749.4000,3749.6000,3,4,4,4,6,3,1,7,1,13
SF,IF2006,2020-04-20 09:32:27.500,3748.4000,46173,-7,710850660.000,8,0,8,多平,S,3748.2000,3748.0000,3747.8000,3747.6000,3746.4000,3748.6000,3748.8000,3749.2000,3749.6000,3749.8000,4,4,5,1,1,8,3,6,5,2
SF,IF2006,2020-04-20 09:32:28.000,3748.8000,46166,-7,718722720.000,7,0,7,双平,S,3748.2000,3748.0000,3747.8000,3747.6000,3746.4000,3749.2000,3749.6000,3749.8000,3750.2000,3750.6000,4,4,5,1,1,6,5,2,3,2
SF,IF2006,2020-04-20 09:32:28.500,3748.6000,46167,1,719847300.000,1,1,0,双开,S,3748.2000,3748.0000,3747.8000,3747.6000,3746.4000,3749.0000,3749.2000,3749.6000,3749.8000,3750.2000,4,4,5,1,1,6,6,5,2,3
SF,IF2006,2020-04-20 09:32:29.000,3748.4000,46163,-4,724345380.000,4,0,4,双平,S,3748.2000,3748.0000,3747.8000,3747.6000,3746.4000,3749.2000,3749.6000,3749.8000,3750.2000,3750.6000,4,4,5,1,1,6,5,2,3,2
SF,IF2006,2020-04-20 09:32:29.500,3748.2000,46160,-3,727718820.000,3,0,3,双平,S,3748.2000,3748.0000,3747.8000,3747.6000,3746.4000,3749.0000,3749.2000,3749.6000,3749.8000,3750.2000,2,4,5,1,1,3,6,5,1,3
SF,IF2006,2020-04-20 09:32:30.000,3748.2000,46158,-2,729967980.000,2,0,2,双平,S,3748.2000,3748.0000,3747.8000,3747.6000,3746.4000,3749.0000,3749.2000,3749.6000,3749.8000,3750.2000,1,4,5,1,1,1,6,5,1,3
SF,IF2006,2020-04-20 09:32:30.500,3748.4000,46155,-3,737840760.000,7,2,5,多平,S,3748.4000,3748.2000,3748.0000,3747.8000,3747.6000,3749.2000,3749.6000,3749.8000,3750.2000,3750.6000,5,3,4,5,1,2,5,1,2,2
SF,IF2006,2020-04-20 09:32:31.000,3749.2000,46153,-2,744589320.000,6,2,4,多平,S,3749.2000,3748.6000,3748.4000,3748.2000,3748.0000,3749.6000,3749.8000,3750.2000,3751.0000,3751.6000,9,10,1,1,4,5,1,2,1,1
SF,IF2006,2020-04-20 09:32:31.500,3749.6000,46151,-2,746839080.000,2,0,2,双平,S,3749.6000,3749.4000,3749.2000,3749.0000,3748.6000,3749.8000,3750.2000,3751.0000,3751.6000,3751.8000,1,1,9,1,9,1,2,1,1,3
SF,IF2006,2020-04-20 09:32:32.000,3749.8000,46148,-3,752463780.000,5,1,4,多平,S,3749.8000,3749.6000,3749.2000,3749.0000,3748.6000,3750.2000,3751.0000,3751.6000,3751.8000,3752.8000,1,1,9,1,9,2,1,1,3,1
SF,IF2006,2020-04-20 09:32:32.500,3750.0000,46139,-9,763713900.000,10,0,10,多平,S,3750.0000,3749.2000,3749.0000,3748.6000,3748.4000,3751.0000,3751.6000,3751.8000,3752.8000,3754.2000,2,9,1,9,1,1,1,3,1,1
SF,IF2006,2020-04-20 09:32:33.000,3750.0000,46137,-2,765963900.000,2,0,2,双平,S,3750.2000,3750.0000,3749.2000,3749.0000,3748.6000,3750.6000,3750.8000,3751.0000,3751.6000,3751.8000,1,2,12,1,7,1,7,1,1,3
SF,IF2006,2020-04-20 09:32:33.500,3750.4000,46134,-3,769339080.000,3,0,3,双平,S,3749.2000,3749.0000,3748.6000,3748.4000,3748.2000,3750.2000,3750.4000,3750.6000,3750.8000,3751.0000,12,1,6,1,1,1,1,1,4,1
SF,IF2006,2020-04-20 09:32:34.000,3750.2000,46134,0,770464140.000,1,0,1,多换,S,3750.0000,3749.4000,3749.2000,3749.0000,3748.6000,3750.2000,3750.4000,3750.6000,3750.8000,3751.0000,6,9,12,1,1,2,1,1,3,4
SF,IF2006,2020-04-20 09:32:34.500,3750.0000,46134,0,777214140.000,6,3,3,多换,S,3749.4000,3749.2000,3749.0000,3748.6000,3748.2000,3750.0000,3750.2000,3750.6000,3750.8000,3751.0000,7,12,1,1,1,3,2,1,3,4
SF,IF2006,2020-04-20 09:32:35.000,3749.8000,46131,-3,781713900.000,4,0,4,多平,S,3749.4000,3749.2000,3749.0000,3748.6000,3748.2000,3749.8000,3750.0000,3750.2000,3750.6000,3750.8000,2,12,1,1,1,7,2,1,1,3
SF,IF2006,2020-04-20 09:32:35.500,3749.4000,46130,-1,782838720.000,1,0,1,双平,S,3749.4000,3749.2000,3749.0000,3748.6000,3748.2000,3749.8000,3750.0000,3750.2000,3750.6000,3750.8000,1,12,1,1,1,7,2,1,1,3
SF,IF2006,2020-04-20 09:32:36.000,3749.4000,46129,-1,783963540.000,1,0,1,双平,S,3749.2000,3749.0000,3748.2000,3748.0000,3747.8000,3749.6000,3749.8000,3750.0000,3750.2000,3750.6000,12,1,1,5,5,2,7,2,1,2
SF,IF2006,2020-04-20 09:32:36.500,3749.2000,46131,2,790712100.000,6,4,2,空开,S,3749.2000,3749.0000,3748.2000,3748.0000,3747.8000,3749.4000,3749.6000,3749.8000,3750.0000,3750.2000,6,1,1,6,4,4,2,6,2,1
SF,IF2006,2020-04-20 09:32:37.000,3748.8000,46129,-2,803083860.000,11,4,7,多平,S,3748.0000,3747.8000,3747.6000,3746.4000,3746.0000,3749.2000,3749.4000,3749.6000,3749.8000,3750.0000,6,4,1,1,1,2,9,2,6,2
SF,IF2006,2020-04-20 09:32:37.500,3748.8000,46129,0,803083860.000,0,-,-,-,-,3748.2000,3748.0000,3747.8000,3747.6000,3746.4000,3748.6000,3749.0000,3749.2000,3749.6000,3749.8000,1,7,4,1,1,1,9,2,2,6
SF,IF2006,2020-04-20 09:32:38.000,3748.6000,46126,-3,807582300.000,4,0,4,多平,S,3748.0000,3747.8000,3747.6000,3746.4000,3746.0000,3748.2000,3749.0000,3749.2000,3749.8000,3750.0000,7,4,1,1,1,2,7,2,6,2
SF,IF2006,2020-04-20 09:32:38.500,3749.0000,46123,-3,812080620.000,4,0,4,多平,S,3748.2000,3748.0000,3747.8000,3747.6000,3746.4000,3749.2000,3749.8000,3750.0000,3750.2000,3751.0000,5,11,4,1,1,1,6,2,1,3
SF,IF2006,2020-04-20 09:32:39.000,3749.8000,46122,-1,814330320.000,2,0,2,多平,S,3748.4000,3748.2000,3748.0000,3747.8000,3747.6000,3749.8000,3750.0000,3750.2000,3751.0000,3751.6000,13,4,7,4,1,5,2,1,3,1
SF,IF2006,2020-04-20 09:32:39.500,3749.6000,46114,-8,824454960.000,9,0,9,多平,S,3748.8000,3748.6000,3748.4000,3748.2000,3748.0000,3751.0000,3751.6000,3751.8000,3752.0000,3752.8000,2,13,6,4,7,3,1,3,2,1
SF,IF2006,2020-04-20 09:32:40.000,3749.0000,46112,-2,827829300.000,3,0,3,多平,S,3749.0000,3748.8000,3748.6000,3748.4000,3748.2000,3750.2000,3750.8000,3751.0000,3751.6000,3751.8000,10,4,7,1,4,1,9,3,1,3
SF,IF2006,2020-04-20 09:32:40.500,3750.2000,46112,0,828954360.000,1,0,1,多换,S,3750.2000,3749.2000,3749.0000,3748.6000,3748.4000,3750.8000,3751.0000,3751.6000,3751.8000,3752.0000,1,7,5,7,1,4,3,1,3,2
SF,IF2006,2020-04-20 09:32:41.000,3750.2000,46112,0,830079420.000,1,0,1,多换,S,3749.2000,3749.0000,3748.6000,3748.4000,3748.2000,3750.4000,3750.6000,3750.8000,3751.0000,3751.6000,4,3,5,1,4,1,6,3,3,1
SF,IF2006,2020-04-20 09:32:41.500,3749.4000,46109,-3,833453880.000,3,0,3,双平,S,3749.4000,3749.0000,3748.8000,3748.6000,3748.4000,3750.0000,3750.8000,3751.0000,3751.6000,3751.8000,8,1,1,5,2,1,3,3,1,3
SF,IF2006,2020-04-20 09:32:42.000,3750.0000,46108,-1,835703880.000,2,0,2,多平,S,3749.4000,3749.0000,3748.8000,3748.6000,3748.4000,3750.8000,3751.0000,3751.6000,3751.8000,3752.0000,3,1,1,5,2,3,3,1,3,2
SF,IF2006,2020-04-20 09:32:42.500,3749.4000,46107,-1,836828700.000,1,0,1,双平,S,3749.0000,3748.8000,3748.6000,3748.4000,3748.2000,3750.2000,3750.6000,3750.8000,3751.0000,3751.6000,1,1,5,2,3,1,7,3,3,1
SF,IF2006,2020-04-20 09:32:43.000,3749.4000,46107,0,836828700.000,0,-,-,-,-,3749.2000,3749.0000,3748.8000,3748.6000,3748.4000,3749.4000,3750.0000,3750.2000,3750.6000,3750.8000,1,3,1,5,2,1,1,1,5,3
SF,IF2006,2020-04-20 09:32:43.500,3749.4000,46104,-3,841327980.000,4,0,4,多平,S,3749.2000,3749.0000,3748.8000,3748.6000,3748.4000,3750.2000,3750.6000,3750.8000,3751.0000,3751.6000,1,3,1,5,2,1,5,3,3,1
SF,IF2006,2020-04-20 09:32:44.000,3749.4000,46103,-1,843577620.000,2,0,2,多平,S,3749.4000,3749.2000,3749.0000,3748.8000,3748.6000,3750.2000,3750.6000,3750.8000,3751.0000,3751.6000,1,3,2,1,5,1,5,2,3,1
SF,IF2006,2020-04-20 09:32:44.500,3749.4000,46102,-1,844702440.000,1,0,1,双平,S,3749.6000,3749.4000,3749.2000,3749.0000,3748.8000,3750.2000,3750.6000,3750.8000,3751.0000,3751.6000,2,2,2,1,1,5,1,1,3,1
SF,IF2006,2020-04-20 09:32:45.000,3750.2000,46102,0,845827500.000,1,0,1,多换,S,3749.6000,3749.4000,3749.2000,3749.0000,3748.8000,3750.2000,3750.6000,3750.8000,3751.0000,3751.6000,1,2,2,1,1,5,1,1,3,1
SF,IF2006,2020-04-20 09:32:45.500,3749.6000,46100,-2,853702740.000,7,2,5,多平,S,3749.4000,3749.2000,3749.0000,3748.8000,3748.6000,3750.6000,3750.8000,3751.0000,3751.6000,3751.8000,2,2,1,1,5,1,1,3,1,3
SF,IF2006,2020-04-20 09:32:46.000,3749.6000,46099,-1,854827620.000,1,0,1,双平,S,3749.6000,3749.4000,3749.2000,3749.0000,3748.8000,3751.0000,3751.6000,3751.8000,3752.0000,3752.8000,7,2,2,1,1,3,1,3,2,1
SF,IF2006,2020-04-20 09:32:46.500,3751.0000,46099,0,855952920.000,1,0,1,多换,S,3750.0000,3749.8000,3749.6000,3749.2000,3749.0000,3751.0000,3751.6000,3751.8000,3752.8000,3753.8000,2,4,5,2,1,2,1,3,1,1
SF,IF2006,2020-04-20 09:32:47.000,3751.0000,46096,-3,860454120.000,4,0,4,多平,S,3751.0000,3750.2000,3750.0000,3749.6000,3749.2000,3751.6000,3751.8000,3752.8000,3753.8000,3755.0000,2,7,2,2,2,1,3,1,1,2
SF,IF2006,2020-04-20 09:32:47.500,3751.6000,46096,0,861579600.000,1,0,1,多换,S,3750.2000,3750.0000,3749.2000,3749.0000,3748.8000,3751.8000,3752.8000,3753.8000,3755.0000,3756.0000,5,2,2,1,1,3,1,1,2,1
SF,IF2006,2020-04-20 09:32:48.000,3750.4000,46095,-1,864955800.000,3,1,2,多平,S,3750.4000,3750.2000,3749.2000,3749.0000,3748.8000,3751.8000,3752.8000,3753.8000,3755.0000,3756.0000,9,5,2,1,1,1,1,1,2,1
SF,IF2006,2020-04-20 09:32:48.500,3751.8000,46095,0,866081340.000,1,0,1,多换,S,3750.8000,3750.6000,3750.4000,3750.2000,3749.2000,3752.8000,3753.8000,3755.0000,3756.0000,3757.4000,2,7,5,1,2,1,1,2,1,1
SF,IF2006,2020-04-20 09:32:49.000,3751.0000,46092,-3,869457240.000,3,0,3,双平,S,3751.8000,3751.0000,3750.8000,3750.6000,3750.4000,3752.6000,3752.8000,3753.8000,3755.0000,3756.0000,1,5,2,1,4,3,1,1,2,1
SF,IF2006,2020-04-20 09:32:49.500,3752.0000,46091,-1,871708620.000,2,0,2,多平,S,3751.8000,3751.6000,3751.0000,3750.4000,3749.2000,3753.8000,3755.0000,3756.0000,3757.4000,3759.2000,3,4,5,3,2,1,2,1,1,1
SF,IF2006,2020-04-20 09:32:50.000,3752.0000,46091,0,872834220.000,1,0,1,多换,S,3752.0000,3751.8000,3751.6000,3751.0000,3750.4000,3753.2000,3753.4000,3753.6000,3753.8000,3755.0000,5,1,4,5,3,1,2,13,6,2
SF,IF2006,2020-04-20 09:32:50.500,3752.0000,46091,0,872834220.000,0,-,-,-,-,3752.2000,3752.0000,3751.8000,3751.6000,3751.0000,3753.6000,3753.8000,3755.0000,3756.0000,3757.4000,7,4,1,4,2,4,2,2,1,1
SF,IF2006,2020-04-20 09:32:51.000,3752.0000,46090,-1,873959820.000,1,0,1,双平,S,3752.2000,3752.0000,3751.8000,3751.6000,3751.0000,3753.4000,3753.8000,3755.0000,3756.0000,3757.4000,2,2,1,4,2,4,2,2,1,1
SF,IF2006,2020-04-20 09:32:51.500,3752.0000,46088,-2,876211020.000,2,0,2,双平,S,3752.4000,3752.2000,3751.8000,3751.6000,3751.0000,3753.4000,3753.8000,3755.0000,3756.0000,3757.4000,2,4,1,4,2,1,1,2,1,1
SF,IF2006,2020-04-20 09:32:52.000,3752.4000,46088,0,877336740.000,1,0,1,多换,S,3752.4000,3752.2000,3751.8000,3751.6000,3751.0000,3753.4000,3753.8000,3755.0000,3756.0000,3757.4000,1,3,1,4,2,1,1,2,1,1
SF,IF2006,2020-04-20 09:32:52.500,3753.4000,46088,0,878462760.000,1,0,1,多换,S,3752.4000,3752.2000,3751.8000,3751.6000,3751.0000,3753.8000,3755.0000,3756.0000,3757.4000,3759.2000,1,3,1,4,2,1,2,1,1,1
SF,IF2006,2020-04-20 09:32:53.000,3753.4000,46088,0,878462760.000,0,-,-,-,-,3752.8000,3752.6000,3752.2000,3751.8000,3751.6000,3753.8000,3755.0000,3756.0000,3757.4000,3759.2000,1,4,3,1,4,3,2,1,1,1
SF,IF2006,2020-04-20 09:32:53.500,3753.4000,46088,0,878462760.000,0,-,-,-,-,3753.0000,3752.8000,3752.6000,3752.2000,3751.8000,3753.8000,3755.0000,3756.0000,3757.4000,3759.2000,4,1,2,2,1,3,2,1,1,1
SF,IF2006,2020-04-20 09:32:54.000,3753.8000,46087,-1,880715040.000,2,0,2,多平,S,3753.0000,3752.8000,3752.6000,3752.2000,3751.8000,3753.8000,3755.0000,3756.0000,3757.4000,3759.2000,2,1,2,2,1,1,2,1,1,1
SF,IF2006,2020-04-20 09:32:54.500,3753.2000,46086,-1,882967140.000,2,0,2,多平,S,3753.0000,3752.6000,3752.2000,3751.8000,3751.6000,3755.0000,3756.0000,3757.4000,3759.2000,3759.6000,4,2,2,1,4,2,1,1,1,1
SF,IF2006,2020-04-20 09:32:55.000,3753.2000,46086,0,884093100.000,1,0,1,多换,S,3753.2000,3753.0000,3752.6000,3752.2000,3751.8000,3753.4000,3754.8000,3755.0000,3756.0000,3757.4000,3,2,1,2,1,3,10,2,1,1
SF,IF2006,2020-04-20 09:32:55.500,3753.4000,46083,-3,887471160.000,3,0,3,双平,S,3753.4000,3753.2000,3753.0000,3752.6000,3751.8000,3754.8000,3755.0000,3756.0000,3757.4000,3759.2000,1,2,2,1,1,9,2,1,1,1
SF,IF2006,2020-04-20 09:32:56.000,3753.4000,46083,0,888597180.000,1,0,1,多换,S,3753.0000,3752.6000,3751.8000,3751.6000,3751.0000,3754.4000,3754.6000,3754.8000,3755.0000,3756.0000,1,1,1,4,2,1,3,9,2,1
SF,IF2006,2020-04-20 09:32:56.500,3753.8000,46082,-1,893100840.000,4,1,3,多平,S,3751.8000,3751.6000,3751.0000,3750.4000,3750.0000,3754.0000,3754.2000,3754.4000,3754.6000,3754.8000,1,4,2,3,1,1,13,4,2,1
SF,IF2006,2020-04-20 09:32:57.000,3753.8000,46082,0,893100840.000,0,-,-,-,-,3752.0000,3751.8000,3751.6000,3751.0000,3750.4000,3753.2000,3753.8000,3754.0000,3754.2000,3754.4000,4,1,4,2,3,1,12,2,3,2
SF,IF2006,2020-04-20 09:32:57.500,3753.8000,46082,0,893100840.000,0,-,-,-,-,3751.8000,3751.6000,3751.0000,3750.4000,3750.0000,3753.0000,3753.2000,3753.8000,3754.2000,3754.4000,1,4,2,3,1,3,3,10,1,2
SF,IF2006,2020-04-20 09:32:58.000,3751.8000,46081,-1,894226380.000,1,0,1,双平,S,3751.6000,3751.0000,3750.4000,3750.0000,3749.2000,3752.8000,3753.0000,3753.2000,3753.8000,3754.2000,4,2,3,1,1,8,2,1,8,1
SF,IF2006,2020-04-20 09:32:58.500,3751.8000,46081,0,894226380.000,0,-,-,-,-,3751.8000,3751.6000,3751.0000,3750.4000,3750.0000,3752.6000,3752.8000,3753.0000,3753.2000,3753.8000,2,4,2,3,1,1,2,1,1,6
SF,IF2006,2020-04-20 09:32:59.000,3751.8000,46081,0,894226380.000,0,-,-,-,-,3751.8000,3751.6000,3751.0000,3750.4000,3750.0000,3752.6000,3752.8000,3753.0000,3753.2000,3753.8000,2,4,2,3,1,1,1,1,1,6
SF,IF2006,2020-04-20 09:32:59.500,3751.8000,46081,0,895351920.000,1,0,1,多换,S,3751.8000,3751.6000,3751.0000,3750.4000,3750.0000,3752.8000,3753.0000,3753.2000,3753.8000,3754.2000,3,4,2,3,1,1,1,1,6,1
SF,IF2006,2020-04-20 09:33:00.000,3751.8000,46081,0,895351920.000,0,-,-,-,-,3752.0000,3751.8000,3751.6000,3751.0000,3750.4000,3753.0000,3753.8000,3754.2000,3754.4000,3754.8000,3,1,4,2,3,1,6,1,2,1
SF,IF2006,2020-04-20 09:33:00.500,3752.0000,46080,-1,898728600.000,3,1,2,多平,S,3751.8000,3751.6000,3751.0000,3750.4000,3750.0000,3752.0000,3752.8000,3753.8000,3754.2000,3754.8000,1,4,2,3,1,1,1,5,1,1
SF,IF2006,2020-04-20 09:33:01.000,3751.6000,46078,-2,904356420.000,5,1,4,多平,S,3751.6000,3751.0000,3750.4000,3750.0000,3749.2000,3751.8000,3752.0000,3753.8000,3754.2000,3754.8000,3,2,3,1,1,1,1,5,1,1
SF,IF2006,2020-04-20 09:33:01.500,3752.0000,46078,0,906607560.000,2,1,1,多换,S,3751.8000,3751.6000,3751.0000,3750.4000,3750.0000,3753.8000,3754.2000,3754.8000,3755.0000,3756.0000,4,3,2,3,1,5,1,1,2,1
SF,IF2006,2020-04-20 09:33:02.000,3752.0000,46078,0,907733160.000,1,0,1,多换,S,3752.0000,3751.6000,3751.0000,3750.4000,3750.0000,3753.0000,3753.6000,3753.8000,3754.2000,3754.8000,1,3,2,3,1,10,9,6,1,1
SF,IF2006,2020-04-20 09:33:02.500,3751.8000,46077,-1,912235740.000,4,1,3,多平,S,3751.6000,3751.0000,3750.4000,3750.0000,3749.2000,3752.8000,3753.0000,3753.6000,3753.8000,3754.2000,3,2,3,1,1,6,10,6,6,1
SF,IF2006,2020-04-20 09:33:03.000,3752.6000,46073,-4,916737960.000,4,0,4,双平,S,3751.0000,3750.4000,3750.0000,3749.2000,3749.0000,3752.6000,3752.8000,3753.0000,3753.6000,3753.8000,2,3,1,1,1,3,4,10,6,6
SF,IF2006,2020-04-20 09:33:03.500,3751.0000,46072,-1,917863260.000,1,0,1,双平,S,3751.8000,3751.2000,3751.0000,3750.4000,3750.0000,3752.4000,3752.6000,3752.8000,3753.0000,3753.6000,2,1,1,3,1,4,1,3,10,3
SF,IF2006,2020-04-20 09:33:04.000,3751.8000,46074,2,920114340.000,2,2,0,双开,S,3751.0000,3750.4000,3750.0000,3749.2000,3749.0000,3751.8000,3752.4000,3752.6000,3752.8000,3753.0000,1,3,1,1,1,1,3,1,3,10
SF,IF2006,2020-04-20 09:33:04.500,3750.4000,46072,-2,922364760.000,2,0,2,双平,S,3750.4000,3750.0000,3749.2000,3749.0000,3748.8000,3751.8000,3752.4000,3752.6000,3753.0000,3753.6000,2,1,1,1,1,1,3,1,10,3
SF,IF2006,2020-04-20 09:33:05.000,3750.4000,46072,0,922364760.000,0,-,-,-,-,3750.6000,3750.4000,3750.0000,3749.2000,3749.0000,3751.6000,3751.8000,3752.4000,3752.6000,3753.0000,2,7,2,1,1,3,3,2,1,10
SF,IF2006,2020-04-20 09:33:05.500,3750.4000,46073,1,925740240.000,3,2,1,空开,S,3750.4000,3750.0000,3749.2000,3749.0000,3748.8000,3751.4000,3751.6000,3751.8000,3752.4000,3753.0000,2,2,1,1,1,3,3,1,2,10
SF,IF2006,2020-04-20 09:33:06.000,3751.2000,46071,-2,932491920.000,6,2,4,多平,S,3750.0000,3749.2000,3749.0000,3748.8000,3748.6000,3751.2000,3751.6000,3751.8000,3753.0000,3753.6000,2,1,1,1,4,8,3,1,10,3
SF,IF2006,2020-04-20 09:33:06.500,3750.0000,46071,0,933616920.000,1,0,1,多换,S,3750.0000,3749.2000,3749.0000,3748.8000,3748.6000,3751.0000,3751.2000,3751.6000,3751.8000,3753.0000,2,1,1,1,4,2,4,3,1,10
SF,IF2006,2020-04-20 09:33:07.000,3751.0000,46069,-2,939243000.000,5,1,4,多平,S,3750.0000,3749.2000,3749.0000,3748.8000,3748.6000,3751.2000,3751.6000,3751.8000,3753.0000,3753.6000,1,1,1,1,4,4,3,1,10,3
SF,IF2006,2020-04-20 09:33:07.500,3750.8000,46066,-3,944869680.000,5,1,4,多平,S,3750.8000,3750.4000,3750.2000,3750.0000,3749.2000,3751.6000,3751.8000,3753.0000,3753.6000,3753.8000,2,3,6,5,1,3,1,10,2,6
SF,IF2006,2020-04-20 09:33:08.000,3751.6000,46065,-1,947120580.000,2,0,2,多平,S,3750.2000,3750.0000,3749.2000,3749.0000,3748.8000,3751.8000,3753.0000,3753.6000,3753.8000,3754.2000,1,1,1,1,1,1,10,2,4,1
SF,IF2006,2020-04-20 09:33:08.500,3750.2000,46066,1,952746120.000,5,3,2,空开,S,3750.0000,3749.2000,3749.0000,3748.8000,3748.6000,3750.8000,3751.6000,3751.8000,3753.0000,3753.6000,1,1,1,1,4,1,2,3,10,2
SF,IF2006,2020-04-20 09:33:09.000,3750.6000,46067,1,956121780.000,3,2,1,空开,S,3750.6000,3750.2000,3750.0000,3749.2000,3749.0000,3751.6000,3751.8000,3753.0000,3753.6000,3753.8000,2,3,4,1,1,2,3,10,2,4
SF,IF2006,2020-04-20 09:33:09.500,3751.6000,46067,0,958372740.000,2,1,1,多换,S,3750.8000,3750.6000,3750.2000,3750.0000,3749.2000,3751.8000,3753.0000,3753.6000,3753.8000,3754.2000,1,3,3,2,1,3,10,2,4,1
SF,IF2006,2020-04-20 09:33:10.000,3751.8000,46067,0,961749360.000,3,1,2,多换,S,3751.0000,3750.8000,3750.6000,3750.2000,3750.0000,3753.0000,3753.6000,3753.8000,3754.2000,3754.8000,3,2,1,2,2,10,2,4,1,1
SF,IF2006,2020-04-20 09:33:10.500,3751.8000,46067,0,961749360.000,0,-,-,-,-,3751.2000,3751.0000,3750.6000,3750.2000,3750.0000,3752.8000,3753.0000,3753.6000,3753.8000,3754.2000,4,3,1,2,2,2,10,1,4,1
SF,IF2006,2020-04-20 09:33:11.000,3751.4000,46067,0,964000200.000,2,1,1,多换,S,3751.4000,3751.2000,3751.0000,3750.6000,3750.2000,3752.8000,3753.0000,3753.6000,3753.8000,3754.2000,3,3,1,1,2,1,10,1,4,1
SF,IF2006,2020-04-20 09:33:11.500,3751.4000,46067,0,966251040.000,2,1,1,多换,S,3751.6000,3751.4000,3751.2000,3751.0000,3750.6000,3752.6000,3752.8000,3753.0000,3753.6000,3753.8000,5,1,3,1,1,1,1,10,1,4
SF,IF2006,2020-04-20 09:33:12.000,3751.6000,46066,-1,968502000.000,2,0,2,多平,S,3751.2000,3750.6000,3750.2000,3750.0000,3749.2000,3752.6000,3753.0000,3753.6000,3753.8000,3754.2000,2,1,2,2,1,1,10,1,4,1
SF,IF2006,2020-04-20 09:33:12.500,3751.8000,46065,-1,970753320.000,2,0,2,多平,S,3752.4000,3751.4000,3751.2000,3751.0000,3750.6000,3753.0000,3753.6000,3754.2000,3754.8000,3755.0000,1,5,4,2,1,10,1,1,1,2
SF,IF2006,2020-04-20 09:33:13.000,3752.8000,46064,-1,974130600.000,3,1,2,多平,S,3751.4000,3751.0000,3750.6000,3750.0000,3749.2000,3752.8000,3753.0000,3753.6000,3754.2000,3754.8000,3,2,1,2,1,1,10,1,1,1
SF,IF2006,2020-04-20 09:33:13.500,3752.8000,46065,1,975256440.000,1,1,0,双开,S,3752.6000,3751.6000,3751.4000,3751.0000,3750.6000,3753.0000,3753.6000,3754.2000,3754.8000,3755.0000,1,2,4,2,1,10,1,1,1,1
SF,IF2006,2020-04-20 09:33:14.000,3751.6000,46065,0,977507700.000,2,1,1,多换,S,3751.4000,3751.0000,3750.6000,3750.0000,3749.2000,3753.0000,3753.6000,3754.2000,3754.8000,3755.0000,4,2,1,2,1,10,1,1,1,1
SF,IF2006,2020-04-20 09:33:14.500,3752.8000,46065,0,978633540.000,1,0,1,多换,S,3751.6000,3751.4000,3751.0000,3750.6000,3750.0000,3752.8000,3753.0000,3753.6000,3754.2000,3754.8000,5,4,2,1,2,1,10,1,1,1
SF,IF2006,2020-04-20 09:33:15.000,3752.8000,46065,0,979759380.000,1,0,1,多换,S,3752.0000,3751.8000,3751.6000,3751.0000,3750.6000,3753.0000,3753.6000,3754.2000,3754.8000,3755.0000,1,5,6,2,1,10,1,1,1,1
SF,IF2006,2020-04-20 09:33:15.500,3753.0000,46064,-1,980885280.000,1,0,1,双平,S,3752.2000,3752.0000,3751.8000,3751.6000,3751.0000,3753.0000,3753.6000,3754.2000,3754.8000,3755.0000,5,1,1,4,3,9,1,1,1,1
SF,IF2006,2020-04-20 09:33:16.000,3752.4000,46062,-2,984262440.000,3,0,3,多平,S,3752.2000,3751.8000,3751.6000,3751.0000,3750.6000,3753.0000,3753.6000,3754.2000,3754.8000,3755.0000,6,1,4,3,1,9,1,1,1,1
SF,IF2006,2020-04-20 09:33:16.500,3753.0000,46054,-8,994395540.000,9,0,9,多平,S,3753.4000,3753.0000,3752.6000,3752.4000,3752.2000,3753.6000,3754.2000,3754.8000,3755.0000,3757.4000,1,3,2,2,5,1,1,1,1,1
SF,IF2006,2020-04-20 09:33:17.000,3753.0000,46054,0,997773540.000,3,1,2,多换,S,3754.0000,3753.0000,3752.6000,3752.4000,3752.2000,3754.8000,3755.0000,3755.8000,3757.4000,3759.6000,1,2,2,1,3,1,1,2,1,1
SF,IF2006,2020-04-20 09:33:17.500,3753.0000,46052,-2,1001151840.000,3,0,3,多平,S,3753.0000,3752.6000,3752.4000,3752.2000,3751.8000,3754.6000,3755.0000,3755.8000,3757.4000,3759.6000,2,2,1,3,2,1,1,2,1,1
SF,IF2006,2020-04-20 09:33:18.000,3753.0000,46052,0,1001151840.000,0,-,-,-,-,3753.2000,3753.0000,3751.8000,3751.0000,3750.6000,3754.6000,3755.8000,3757.4000,3759.6000,3760.0000,9,5,2,3,1,1,2,1,1,6
SF,IF2006,2020-04-20 09:33:18.500,3753.0000,46051,-1,1002277740.000,1,0,1,双平,S,3753.2000,3753.0000,3752.4000,3751.8000,3751.0000,3754.4000,3754.6000,3755.8000,3757.4000,3759.6000,8,3,1,2,4,1,1,2,1,1
SF,IF2006,2020-04-20 09:33:19.000,3753.0000,46051,0,1002277740.000,0,-,-,-,-,3753.4000,3753.2000,3753.0000,3752.4000,3751.8000,3754.2000,3754.4000,3755.8000,3757.4000,3759.6000,1,5,3,1,2,1,3,2,1,1
SF,IF2006,2020-04-20 09:33:19.500,3753.0000,46051,0,1002277740.000,0,-,-,-,-,3753.6000,3753.4000,3753.2000,3753.0000,3752.4000,3754.4000,3755.8000,3756.0000,3757.4000,3759.6000,4,3,2,1,1,2,2,1,1,1
SF,IF2006,2020-04-20 09:33:20.000,3753.0000,46051,0,1002277740.000,0,-,-,-,-,3753.6000,3753.4000,3753.2000,3753.0000,3752.4000,3754.4000,3755.8000,3756.0000,3757.4000,3759.6000,5,3,2,1,1,1,2,1,1,1
SF,IF2006,2020-04-20 09:33:20.500,3754.4000,46050,-1,1003404060.000,1,0,1,双平,S,3753.6000,3753.4000,3753.2000,3753.0000,3752.4000,3755.8000,3756.0000,3757.4000,3759.6000,3760.0000,5,3,2,1,1,2,1,1,1,6
SF,IF2006,2020-04-20 09:33:21.000,3754.4000,46050,0,1003404060.000,0,-,-,-,-,3754.4000,3753.8000,3753.6000,3753.4000,3753.2000,3755.6000,3755.8000,3756.0000,3757.4000,3759.6000,1,1,5,4,2,7,4,1,1,1
SF,IF2006,2020-04-20 09:33:21.500,3754.4000,46050,0,1004530380.000,1,0,1,多换,S,3753.6000,3753.4000,3753.2000,3753.0000,3752.4000,3754.4000,3755.4000,3755.6000,3755.8000,3756.0000,5,3,1,1,1,1,4,7,3,1
SF,IF2006,2020-04-20 09:33:22.000,3753.6000,46051,1,1007908620.000,3,2,1,空开,S,3753.4000,3753.2000,3753.0000,3752.4000,3751.8000,3754.4000,3755.4000,3755.6000,3755.8000,3756.0000,3,1,1,1,2,5,1,5,2,1
SF,IF2006,2020-04-20 09:33:22.500,3753.4000,46048,-3,1011286680.000,3,0,3,双平,S,3753.0000,3752.4000,3751.8000,3751.0000,3750.6000,3753.2000,3754.2000,3754.4000,3755.4000,3755.6000,2,1,2,2,1,1,4,2,1,3
SF,IF2006,2020-04-20 09:33:23.000,3752.4000,46046,-2,1018041960.000,6,2,4,多平,S,3751.8000,3751.0000,3750.6000,3750.0000,3749.2000,3753.0000,3754.2000,3754.4000,3755.6000,3755.8000,2,2,1,1,1,3,3,2,3,2
SF,IF2006,2020-04-20 09:33:23.500,3752.8000,46045,-1,1019167800.000,1,0,1,双平,S,3751.8000,3751.0000,3750.6000,3750.0000,3749.2000,3752.8000,3753.0000,3754.2000,3754.4000,3755.6000,3,2,1,1,1,7,5,1,2,3
SF,IF2006,2020-04-20 09:33:24.000,3752.8000,46045,0,1020293640.000,1,0,1,多换,S,3752.0000,3751.8000,3751.0000,3750.6000,3750.0000,3752.6000,3752.8000,3753.0000,3754.4000,3755.6000,1,2,2,1,1,3,4,5,2,3
SF,IF2006,2020-04-20 09:33:24.500,3752.8000,46045,0,1020293640.000,0,-,-,-,-,3752.0000,3751.8000,3751.0000,3750.6000,3750.0000,3752.4000,3752.6000,3752.8000,3753.0000,3754.4000,1,2,2,1,1,3,2,2,5,2
SF,IF2006,2020-04-20 09:33:25.000,3752.8000,46038,-7,1028174160.000,7,0,7,双平,S,3752.8000,3752.6000,3752.4000,3752.2000,3752.0000,3753.0000,3754.4000,3755.6000,3755.8000,3756.0000,3,2,4,6,1,5,2,3,2,1
SF,IF2006,2020-04-20 09:33:25.500,3753.0000,46033,-5,1036055460.000,7,1,6,多平,S,3753.0000,3752.8000,3752.6000,3752.4000,3752.2000,3754.4000,3755.6000,3755.8000,3756.0000,3757.4000,2,1,1,1,1,2,3,2,1,1
SF,IF2006,2020-04-20 09:33:26.000,3753.0000,46031,-2,1038307260.000,2,0,2,双平,S,3752.8000,3752.6000,3752.2000,3752.0000,3751.8000,3754.0000,3754.2000,3754.4000,3755.6000,3755.8000,1,1,1,1,2,3,3,2,3,2
SF,IF2006,2020-04-20 09:33:26.500,3753.0000,46031,0,1038307260.000,0,-,-,-,-,3753.4000,3753.2000,3753.0000,3752.8000,3752.6000,3753.8000,3754.2000,3754.4000,3755.6000,3755.8000,1,2,6,1,1,1,1,2,3,2
SF,IF2006,2020-04-20 09:33:27.000,3753.0000,46031,0,1038307260.000,0,-,-,-,-,3753.4000,3753.0000,3752.8000,3752.2000,3752.0000,3753.8000,3754.2000,3754.4000,3755.6000,3755.8000,1,4,1,1,1,1,1,2,3,2
SF,IF2006,2020-04-20 09:33:27.500,3753.8000,46030,-1,1040559420.000,2,0,2,多平,S,3752.8000,3752.2000,3752.0000,3751.8000,3751.0000,3754.2000,3755.6000,3755.8000,3757.4000,3759.6000,1,1,1,2,1,1,3,2,1,1
SF,IF2006,2020-04-20 09:33:28.000,3753.8000,46030,0,1040559420.000,0,-,-,-,-,3753.0000,3752.8000,3752.2000,3752.0000,3751.8000,3754.0000,3754.2000,3755.6000,3755.8000,3757.4000,4,2,1,1,2,4,1,3,2,1
SF,IF2006,2020-04-20 09:33:28.500,3753.8000,46030,0,1040559420.000,0,-,-,-,-,3753.2000,3753.0000,3752.8000,3752.2000,3752.0000,3753.4000,3754.0000,3754.2000,3755.6000,3755.8000,1,5,1,1,1,1,3,2,3,2
SF,IF2006,2020-04-20 09:33:29.000,3753.4000,46029,-1,1041685440.000,1,0,1,双平,S,3753.6000,3753.4000,3753.2000,3753.0000,3752.8000,3754.0000,3754.2000,3755.6000,3755.8000,3757.4000,1,5,3,1,1,3,2,3,2,1
SF,IF2006,2020-04-20 09:33:29.500,3754.2000,46029,0,1042811700.000,1,0,1,多换,S,3753.8000,3753.4000,3753.2000,3753.0000,3752.8000,3754.2000,3755.6000,3755.8000,3757.4000,3759.6000,2,2,3,1,1,1,3,2,1,1
SF,IF2006,2020-04-20 09:33:30.000,3754.2000,46030,1,1046190900.000,3,2,1,空开,S,3754.0000,3753.8000,3753.4000,3753.2000,3753.0000,3755.6000,3755.8000,3757.4000,3759.6000,3760.0000,2,2,1,3,1,2,2,1,1,6
SF,IF2006,2020-04-20 09:33:30.500,3754.2000,46030,0,1046190900.000,0,-,-,-,-,3754.2000,3754.0000,3753.8000,3753.4000,3753.2000,3755.4000,3755.8000,3757.4000,3759.6000,3760.0000,3,4,2,1,2,3,3,1,1,6
SF,IF2006,2020-04-20 09:33:31.000,3754.4000,46030,0,1048443840.000,2,1,1,多换,S,3754.4000,3754.2000,3754.0000,3753.8000,3753.4000,3755.4000,3755.6000,3755.8000,3757.4000,3759.6000,2,4,1,2,1,1,1,3,1,1
SF,IF2006,2020-04-20 09:33:31.500,3754.4000,46030,0,1048443840.000,0,-,-,-,-,3754.6000,3754.4000,3754.2000,3754.0000,3753.8000,3755.6000,3755.8000,3756.0000,3757.4000,3759.6000,1,2,3,1,2,1,3,10,1,1
SF,IF2006,2020-04-20 09:33:32.000,3755.4000,46028,-2,1050697080.000,2,0,2,双平,S,3754.6000,3754.2000,3754.0000,3753.8000,3753.4000,3755.4000,3755.6000,3755.8000,3756.0000,3757.4000,3,3,1,2,1,1,1,1,10,1
SF,IF2006,2020-04-20 09:33:32.500,3755.4000,46027,-1,1051823700.000,1,0,1,双平,S,3754.8000,3754.6000,3754.2000,3754.0000,3753.8000,3755.6000,3755.8000,3756.0000,3757.4000,3759.6000,2,1,3,1,2,1,1,10,1,1
SF,IF2006,2020-04-20 09:33:33.000,3755.4000,46027,0,1051823700.000,0,-,-,-,-,3754.8000,3754.6000,3754.2000,3754.0000,3753.8000,3755.6000,3755.8000,3756.0000,3757.4000,3759.6000,1,1,3,1,2,1,1,10,1,1
SF,IF2006,2020-04-20 09:33:33.500,3755.4000,46027,0,1051823700.000,0,-,-,-,-,3755.4000,3754.8000,3754.6000,3754.2000,3754.0000,3755.6000,3755.8000,3756.0000,3757.4000,3759.6000,1,2,1,3,1,1,1,10,1,1
SF,IF2006,2020-04-20 09:33:34.000,3755.4000,46027,0,1052950320.000,1,0,1,多换,S,3754.8000,3754.6000,3754.2000,3754.0000,3753.8000,3755.6000,3755.8000,3756.0000,3757.4000,3759.6000,2,1,1,1,2,1,1,10,1,1
SF,IF2006,2020-04-20 09:33:34.500,3755.4000,46027,0,1052950320.000,0,-,-,-,-,3754.8000,3754.6000,3754.2000,3754.0000,3753.8000,3755.6000,3755.8000,3756.0000,3757.4000,3759.6000,1,1,1,1,2,1,1,10,1,1
SF,IF2006,2020-04-20 09:33:35.000,3755.4000,46027,0,1052950320.000,0,-,-,-,-,3755.0000,3754.2000,3754.0000,3753.8000,3753.6000,3755.6000,3755.8000,3756.0000,3757.4000,3759.6000,1,1,1,2,1,2,1,10,1,1
SF,IF2006,2020-04-20 09:33:35.500,3755.0000,46026,-1,1054076820.000,1,0,1,双平,S,3754.2000,3754.0000,3753.8000,3753.6000,3753.4000,3755.0000,3755.4000,3755.6000,3755.8000,3756.0000,1,1,2,1,1,1,1,2,1,10
SF,IF2006,2020-04-20 09:33:36.000,3755.0000,46026,0,1055203320.000,1,0,1,多换,S,3754.4000,3754.2000,3754.0000,3753.6000,3753.4000,3755.4000,3755.6000,3755.8000,3756.0000,3757.4000,6,2,1,1,1,1,2,1,10,1
SF,IF2006,2020-04-20 09:33:36.500,3754.4000,46026,0,1056329640.000,1,0,1,多换,S,3754.4000,3754.2000,3754.0000,3753.6000,3753.4000,3755.4000,3755.6000,3755.8000,3756.0000,3757.4000,3,2,1,1,1,1,2,1,10,1
SF,IF2006,2020-04-20 09:33:37.000,3754.4000,46026,0,1056329640.000,0,-,-,-,-,3754.6000,3754.4000,3754.2000,3754.0000,3753.6000,3755.4000,3755.6000,3755.8000,3756.0000,3757.4000,2,3,2,1,1,1,1,1,10,1
SF,IF2006,2020-04-20 09:33:37.500,3754.4000,46025,-1,1058582280.000,2,0,2,多平,S,3754.4000,3754.2000,3754.0000,3753.6000,3753.4000,3755.4000,3755.6000,3755.8000,3756.0000,3757.4000,1,2,1,1,1,1,1,1,10,1
SF,IF2006,2020-04-20 09:33:38.000,3755.4000,46025,0,1059708900.000,1,0,1,多换,S,3754.4000,3754.2000,3754.0000,3753.6000,3753.4000,3755.6000,3755.8000,3756.0000,3757.4000,3759.6000,1,2,1,1,1,1,1,10,1,1
SF,IF2006,2020-04-20 09:33:38.500,3755.4000,46025,0,1060835520.000,1,0,1,多换,S,3754.6000,3754.4000,3754.2000,3754.0000,3753.6000,3755.6000,3755.8000,3756.0000,3757.4000,3759.6000,1,1,2,1,1,1,1,10,1,1
SF,IF2006,2020-04-20 09:33:39.000,3755.4000,46025,0,1060835520.000,0,-,-,-,-,3755.4000,3754.6000,3754.4000,3754.2000,3754.0000,3755.6000,3755.8000,3756.0000,3757.4000,3759.6000,1,3,1,2,1,1,1,10,1,1
SF,IF2006,2020-04-20 09:33:39.500,3755.6000,46025,0,1061962200.000,1,0,1,多换,S,3755.4000,3754.6000,3754.4000,3754.2000,3754.0000,3755.8000,3756.0000,3757.4000,3759.6000,3760.0000,1,3,2,2,1,1,10,1,1,1
SF,IF2006,2020-04-20 09:33:40.000,3756.0000,46024,-1,1064215740.000,2,0,2,多平,S,3755.4000,3754.6000,3754.4000,3754.2000,3754.0000,3756.0000,3757.4000,3759.6000,3760.0000,3760.2000,1,3,2,1,1,9,1,1,1,3
SF,IF2006,2020-04-20 09:33:40.500,3756.0000,46023,-1,1066469340.000,2,0,2,多平,S,3755.6000,3755.4000,3754.6000,3754.4000,3754.2000,3756.0000,3757.4000,3759.6000,3760.0000,3760.2000,2,2,1,1,1,7,1,1,1,3
SF,IF2006,2020-04-20 09:33:41.000,3756.0000,46023,0,1066469340.000,0,-,-,-,-,3755.6000,3755.4000,3754.6000,3754.4000,3754.2000,3756.0000,3757.4000,3759.6000,3760.0000,3760.2000,2,3,1,1,1,9,1,1,1,3
SF,IF2006,2020-04-20 09:33:41.500,3756.0000,46023,0,1066469340.000,0,-,-,-,-,3755.6000,3755.4000,3754.6000,3754.4000,3754.2000,3756.0000,3757.4000,3759.6000,3760.0000,3760.2000,1,2,1,1,1,9,1,1,1,3
SF,IF2006,2020-04-20 09:33:42.000,3755.6000,46022,-1,1067596020.000,1,0,1,双平,S,3755.4000,3755.0000,3754.4000,3754.2000,3754.0000,3756.0000,3757.4000,3759.6000,3760.0000,3760.2000,2,1,1,1,1,9,1,1,1,3
SF,IF2006,2020-04-20 09:33:42.500,3755.4000,46021,-1,1068722640.000,1,0,1,双平,S,3755.0000,3754.4000,3754.2000,3754.0000,3753.6000,3756.0000,3757.4000,3759.6000,3760.0000,3760.2000,1,1,1,1,1,9,1,1,1,3
SF,IF2006,2020-04-20 09:33:43.000,3755.0000,46020,-1,1070975640.000,2,0,2,多平,S,3754.4000,3754.2000,3754.0000,3753.6000,3752.0000,3755.8000,3756.0000,3757.4000,3759.6000,3760.0000,1,1,1,1,2,3,9,1,1,1
SF,IF2006,2020-04-20 09:33:43.500,3755.0000,46020,0,1070975640.000,0,-,-,-,-,3755.0000,3754.6000,3754.4000,3754.2000,3754.0000,3755.6000,3755.8000,3756.0000,3757.4000,3759.6000,1,1,1,1,1,4,2,9,1,1
SF,IF2006,2020-04-20 09:33:44.000,3755.0000,46020,0,1072102140.000,1,0,1,多换,S,3754.4000,3754.2000,3754.0000,3753.6000,3752.0000,3755.4000,3755.6000,3755.8000,3756.0000,3757.4000,1,1,1,1,2,1,4,1,9,1
SF,IF2006,2020-04-20 09:33:44.500,3755.0000,46020,0,1072102140.000,0,-,-,-,-,3754.4000,3754.0000,3753.6000,3752.0000,3751.8000,3755.4000,3755.6000,3755.8000,3756.0000,3757.4000,1,2,1,2,1,2,4,1,9,1
SF,IF2006,2020-04-20 09:33:45.000,3755.4000,46019,-1,1073228760.000,1,0,1,双平,S,3754.4000,3754.0000,3753.6000,3752.0000,3751.8000,3755.4000,3755.6000,3755.8000,3756.0000,3757.4000,2,2,1,2,1,1,3,1,9,1
SF,IF2006,2020-04-20 09:33:45.500,3755.4000,46020,1,1074355380.000,1,1,0,双开,S,3754.6000,3754.4000,3754.0000,3753.6000,3752.0000,3755.6000,3755.8000,3756.0000,3757.4000,3759.6000,1,4,2,1,2,3,1,9,1,1
SF,IF2006,2020-04-20 09:33:46.000,3755.4000,46020,0,1074355380.000,0,-,-,-,-,3754.6000,3754.4000,3754.0000,3753.6000,3752.0000,3755.6000,3755.8000,3756.0000,3757.4000,3759.6000,1,2,2,1,2,2,1,9,1,1
SF,IF2006,2020-04-20 09:33:46.500,3755.6000,46019,-1,1075482060.000,1,0,1,双平,S,3754.6000,3754.4000,3754.0000,3753.6000,3752.0000,3756.0000,3757.4000,3759.6000,3760.0000,3760.2000,3,1,2,1,2,9,1,1,1,3
SF,IF2006,2020-04-20 09:33:47.000,3755.6000,46019,0,1075482060.000,0,-,-,-,-,3755.4000,3754.8000,3754.6000,3754.4000,3754.0000,3755.8000,3756.0000,3757.4000,3759.6000,3760.0000,1,3,1,1,2,1,7,1,1,1
SF,IF2006,2020-04-20 09:33:47.500,3755.6000,46019,0,1075482060.000,0,-,-,-,-,3755.4000,3754.8000,3754.6000,3754.4000,3754.0000,3755.8000,3756.0000,3757.4000,3759.6000,3760.0000,1,3,1,1,2,2,7,1,1,1
SF,IF2006,2020-04-20 09:33:48.000,3755.8000,46019,0,1077735540.000,2,1,1,多换,S,3755.4000,3754.8000,3754.6000,3754.4000,3754.0000,3756.0000,3757.4000,3759.6000,3760.0000,3760.2000,1,3,1,1,2,7,1,1,1,3
SF,IF2006,2020-04-20 09:33:48.500,3755.8000,46019,0,1077735540.000,0,-,-,-,-,3755.6000,3755.4000,3754.8000,3754.4000,3754.0000,3756.0000,3757.4000,3759.6000,3760.0000,3760.2000,2,2,2,1,2,7,1,1,1,3
SF,IF2006,2020-04-20 09:33:49.000,3755.6000,46015,-4,1083369420.000,5,0,5,多平,S,3755.6000,3755.4000,3754.8000,3754.4000,3754.0000,3756.0000,3757.4000,3759.6000,3760.0000,3760.2000,3,3,2,1,2,3,1,1,1,3
SF,IF2006,2020-04-20 09:33:49.500,3756.0000,46014,-1,1084496220.000,1,0,1,双平,S,3755.6000,3755.4000,3754.8000,3754.0000,3753.6000,3756.0000,3757.4000,3759.6000,3760.0000,3760.2000,2,2,2,2,1,2,1,1,1,3
SF,IF2006,2020-04-20 09:33:50.000,3756.0000,46014,0,1085623020.000,1,0,1,多换,S,3755.8000,3755.6000,3755.4000,3754.8000,3754.0000,3756.0000,3757.4000,3759.6000,3760.0000,3760.2000,2,3,3,1,3,1,1,1,1,3
SF,IF2006,2020-04-20 09:33:50.500,3756.0000,46013,-1,1086749820.000,1,0,1,双平,S,3756.0000,3755.8000,3755.6000,3755.4000,3754.8000,3757.4000,3759.6000,3760.0000,3760.2000,3761.0000,1,2,3,2,1,1,1,1,3,3
SF,IF2006,2020-04-20 09:33:51.000,3757.2000,46008,-5,1094637780.000,7,1,6,多平,S,3755.6000,3755.4000,3754.8000,3754.0000,3753.6000,3755.8000,3757.4000,3759.6000,3760.0000,3760.2000,1,2,1,3,1,1,1,1,1,3
SF,IF2006,2020-04-20 09:33:51.500,3755.8000,46007,-1,1095764520.000,1,0,1,双平,S,3755.6000,3755.4000,3754.8000,3754.0000,3753.6000,3756.8000,3757.4000,3759.6000,3760.0000,3760.2000,1,2,1,3,1,1,1,1,1,3
SF,IF2006,2020-04-20 09:33:52.000,3755.8000,46007,0,1095764520.000,0,-,-,-,-,3755.8000,3755.6000,3755.4000,3754.8000,3754.0000,3756.6000,3757.4000,3759.6000,3760.0000,3760.2000,1,1,1,1,3,1,1,1,1,3
SF,IF2006,2020-04-20 09:33:52.500,3756.6000,46006,-1,1096891500.000,1,0,1,双平,S,3755.6000,3755.4000,3754.8000,3754.0000,3753.6000,3756.0000,3756.6000,3757.4000,3759.6000,3760.0000,1,1,1,3,1,1,1,1,1,1
SF,IF2006,2020-04-20 09:33:53.000,3756.0000,46006,0,1099144980.000,2,1,1,多换,S,3755.4000,3754.8000,3754.0000,3753.6000,3752.0000,3757.4000,3759.6000,3760.0000,3760.2000,3761.0000,1,1,3,1,1,1,1,1,3,3
SF,IF2006,2020-04-20 09:33:53.500,3757.2000,46006,0,1100272140.000,1,0,1,多换,S,3755.6000,3755.4000,3754.0000,3753.6000,3752.0000,3757.2000,3757.4000,3759.6000,3760.0000,3760.2000,1,1,3,1,1,4,2,1,1,3
SF,IF2006,2020-04-20 09:33:54.000,3757.2000,46006,0,1100272140.000,0,-,-,-,-,3755.4000,3754.0000,3753.6000,3752.0000,3751.8000,3757.0000,3757.2000,3757.4000,3759.6000,3760.0000,1,3,1,1,1,6,4,1,1,1
SF,IF2006,2020-04-20 09:33:54.500,3755.4000,46006,0,1101398760.000,1,0,1,多换,S,3754.0000,3753.6000,3752.0000,3751.8000,3751.6000,3756.8000,3757.0000,3757.2000,3757.4000,3759.6000,3,1,1,1,1,7,3,2,1,1
SF,IF2006,2020-04-20 09:33:55.000,3755.4000,46006,0,1101398760.000,0,-,-,-,-,3754.4000,3754.2000,3754.0000,3753.6000,3752.0000,3755.4000,3756.6000,3756.8000,3757.2000,3757.4000,3,5,4,1,1,1,5,4,2,1
SF,IF2006,2020-04-20 09:33:55.500,3755.4000,46006,0,1101398760.000,0,-,-,-,-,3754.6000,3754.2000,3754.0000,3753.6000,3752.0000,3755.4000,3756.6000,3756.8000,3757.4000,3759.6000,1,2,3,1,1,1,4,3,1,1
SF,IF2006,2020-04-20 09:33:56.000,3755.4000,46007,1,1102525380.000,1,1,0,双开,S,3754.2000,3754.0000,3753.6000,3752.0000,3751.8000,3755.2000,3755.4000,3756.6000,3756.8000,3757.4000,2,3,1,1,1,1,1,3,3,1
SF,IF2006,2020-04-20 09:33:56.500,3755.4000,46007,0,1102525380.000,0,-,-,-,-,3754.8000,3754.6000,3754.4000,3754.2000,3754.0000,3755.2000,3756.6000,3756.8000,3757.4000,3759.6000,4,2,2,3,3,1,3,3,1,1
SF,IF2006,2020-04-20 09:33:57.000,3754.8000,46003,-4,1107031140.000,4,0,4,双平,S,3754.4000,3754.2000,3754.0000,3753.6000,3752.0000,3756.6000,3756.8000,3757.4000,3759.6000,3760.2000,2,2,3,1,1,3,3,1,1,3
SF,IF2006,2020-04-20 09:33:57.500,3754.8000,46003,0,1107031140.000,0,-,-,-,-,3756.2000,3754.6000,3754.4000,3754.2000,3754.0000,3756.4000,3756.6000,3757.4000,3759.6000,3760.2000,1,2,4,1,3,7,3,1,1,3
SF,IF2006,2020-04-20 09:33:58.000,3756.2000,46003,0,1108158000.000,1,0,1,多换,S,3754.4000,3754.2000,3754.0000,3753.6000,3752.0000,3755.8000,3756.0000,3756.2000,3756.4000,3756.6000,4,1,3,1,1,4,2,14,2,3
SF,IF2006,2020-04-20 09:33:58.500,3754.6000,46003,0,1109284380.000,1,0,1,多换,S,3754.6000,3754.4000,3754.2000,3754.0000,3753.6000,3755.6000,3756.2000,3756.4000,3756.6000,3757.4000,3,2,1,3,1,1,8,1,3,1
SF,IF2006,2020-04-20 09:33:59.000,3754.6000,46003,0,1109284380.000,0,-,-,-,-,3754.8000,3754.6000,3754.2000,3754.0000,3753.6000,3755.6000,3756.2000,3756.4000,3756.6000,3757.4000,5,1,1,3,1,1,7,1,2,1
SF,IF2006,2020-04-20 09:33:59.500,3754.8000,46002,-1,1110410820.000,1,0,1,双平,S,3754.6000,3754.2000,3754.0000,3753.6000,3752.0000,3756.2000,3756.4000,3756.6000,3757.4000,3759.6000,1,1,3,1,1,7,1,2,1,1
SF,IF2006,2020-04-20 09:34:00.000,3754.8000,46002,0,1112663820.000,2,1,1,多换,S,3754.6000,3754.2000,3754.0000,3753.6000,3752.0000,3756.0000,3756.2000,3756.4000,3756.6000,3757.4000,1,1,3,1,1,3,7,1,1,1
SF,IF2006,2020-04-20 09:34:00.500,3754.6000,46001,-1,1113790200.000,1,0,1,双平,S,3754.2000,3754.0000,3753.6000,3752.0000,3751.8000,3755.6000,3755.8000,3756.0000,3756.2000,3756.4000,1,3,1,1,1,2,8,2,7,1
SF,IF2006,2020-04-20 09:34:01.000,3755.2000,45999,-2,1117169220.000,3,0,3,多平,S,3754.0000,3753.6000,3752.0000,3751.8000,3751.6000,3755.4000,3755.6000,3755.8000,3756.2000,3756.4000,2,1,1,1,1,4,5,6,7,1
SF,IF2006,2020-04-20 09:34:01.500,3755.2000,46000,1,1118295780.000,1,1,0,双开,S,3754.0000,3753.6000,3752.0000,3751.8000,3751.6000,3755.0000,3755.2000,3755.4000,3755.6000,3755.8000,2,1,1,1,1,1,2,6,2,6
SF,IF2006,2020-04-20 09:34:02.000,3754.0000,45998,-2,1120548180.000,2,0,2,双平,S,3753.6000,3752.0000,3751.8000,3751.6000,3751.0000,3754.8000,3755.0000,3755.4000,3755.6000,3755.8000,1,1,1,1,1,3,1,5,2,6
SF,IF2006,2020-04-20 09:34:02.500,3754.6000,45995,-3,1127306100.000,6,1,5,多平,S,3752.0000,3751.8000,3751.6000,3751.0000,3750.8000,3754.6000,3754.8000,3755.4000,3755.6000,3755.8000,1,1,1,1,1,4,2,5,2,4
SF,IF2006,2020-04-20 09:34:03.000,3754.6000,45996,1,1128432480.000,1,1,0,双开,S,3752.8000,3752.6000,3752.4000,3752.2000,3752.0000,3754.4000,3754.6000,3754.8000,3755.4000,3755.6000,1,1,3,13,2,1,3,1,5,2
SF,IF2006,2020-04-20 09:34:03.500,3754.6000,45995,-1,1129558860.000,1,0,1,双平,S,3753.0000,3752.8000,3752.6000,3752.2000,3752.0000,3754.2000,3754.4000,3754.8000,3755.4000,3755.6000,1,3,1,9,2,2,1,1,3,2
SF,IF2006,2020-04-20 09:34:04.000,3754.6000,45995,0,1129558860.000,0,-,-,-,-,3753.6000,3753.2000,3753.0000,3752.8000,3752.6000,3754.2000,3754.4000,3754.8000,3755.4000,3755.6000,1,3,3,1,1,1,1,1,3,2
SF,IF2006,2020-04-20 09:34:04.500,3754.4000,45994,-1,1131811440.000,2,0,2,多平,S,3753.6000,3753.2000,3753.0000,3752.6000,3752.2000,3754.8000,3755.4000,3755.6000,3755.8000,3756.2000,2,2,2,1,5,1,3,2,4,4
SF,IF2006,2020-04-20 09:34:05.000,3754.4000,45994,0,1131811440.000,0,-,-,-,-,3753.8000,3753.6000,3753.2000,3753.0000,3752.6000,3755.4000,3755.8000,3756.2000,3757.4000,3759.6000,4,3,2,1,1,3,4,4,1,1
SF,IF2006,2020-04-20 09:34:05.500,3754.4000,45994,0,1131811440.000,0,-,-,-,-,3754.0000,3753.8000,3753.6000,3753.2000,3752.6000,3755.2000,3755.4000,3755.8000,3756.2000,3757.4000,2,5,1,1,1,2,4,4,4,1
SF,IF2006,2020-04-20 09:34:06.000,3755.4000,45993,-1,1135191240.000,3,1,2,多平,S,3754.2000,3754.0000,3753.8000,3753.6000,3753.2000,3755.4000,3755.8000,3756.2000,3757.4000,3759.6000,5,3,2,1,1,2,4,4,1,1
SF,IF2006,2020-04-20 09:34:06.500,3755.8000,45993,0,1138571220.000,3,1,2,多换,S,3755.6000,3754.6000,3754.4000,3754.2000,3754.0000,3755.8000,3756.2000,3757.4000,3759.6000,3760.2000,1,2,7,5,1,3,4,1,1,3
SF,IF2006,2020-04-20 09:34:07.000,3755.8000,45989,-4,1143078180.000,4,0,4,双平,S,3755.6000,3754.6000,3754.4000,3754.2000,3753.6000,3756.2000,3757.4000,3759.6000,3760.2000,3761.0000,1,2,5,4,1,4,1,1,3,3
SF,IF2006,2020-04-20 09:34:07.500,3756.0000,45988,-1,1145331660.000,2,0,2,多平,S,3754.6000,3754.4000,3754.2000,3753.6000,3752.2000,3756.2000,3757.4000,3759.6000,3760.2000,3761.0000,2,4,4,1,3,4,1,1,3,3
SF,IF2006,2020-04-20 09:34:08.000,3754.8000,45987,-1,1146458100.000,1,0,1,双平,S,3754.8000,3754.6000,3754.4000,3754.2000,3753.6000,3756.0000,3756.2000,3757.4000,3759.6000,3760.2000,7,5,2,2,1,2,4,1,1,3
SF,IF2006,2020-04-20 09:34:08.500,3754.8000,45986,-1,1150964640.000,4,1,3,多平,S,3754.8000,3754.6000,3754.4000,3754.2000,3753.6000,3756.2000,3757.4000,3759.4000,3760.2000,3761.0000,5,4,2,2,1,4,1,1,3,3
SF,IF2006,2020-04-20 09:34:09.000,3756.2000,45981,-5,1156598940.000,5,0,5,双平,S,3756.2000,3755.0000,3754.8000,3754.6000,3754.4000,3757.4000,3759.4000,3760.2000,3761.0000,3762.0000,1,7,6,1,2,1,1,3,3,1
SF,IF2006,2020-04-20 09:34:09.500,3756.2000,45981,0,1156598940.000,0,-,-,-,-,3756.2000,3755.0000,3754.8000,3754.6000,3754.4000,3757.2000,3759.4000,3760.2000,3761.0000,3762.0000,3,3,6,1,1,3,1,3,3,1
SF,IF2006,2020-04-20 09:34:10.000,3760.2000,45979,-2,1159981980.000,3,0,3,多平,S,3756.4000,3756.2000,3755.0000,3754.8000,3754.6000,3760.2000,3761.0000,3762.0000,3764.0000,3764.4000,5,1,2,4,1,2,3,1,1,1
SF,IF2006,2020-04-20 09:34:10.500,3760.2000,45979,0,1159981980.000,0,-,-,-,-,3757.4000,3756.6000,3756.4000,3756.2000,3755.0000,3757.8000,3758.2000,3758.4000,3758.8000,3759.0000,1,7,4,1,1,2,1,2,8,1
