市场代码,合约代码,时间,最新,持仓,增仓,成交额,成交量,开仓,平仓,成交类型,方向,买一价,买二价,买三价,买四价,买五价,卖一价,卖二价,卖三价,卖四价,卖五价,买一量,买二量,买三量,买四量,买五量,卖一量,卖二量,卖三量,卖四量,卖五量
SF,IF2003,2019-11-27 09:29:00.100,3861.6000,13975,0,1158480.000,1.000,-,-,-,-,3861.2000,3860.2000,3856.6000,3854.2000,3853.6000,3862.8000,3866.6000,3868.6000,3870.0000,3870.6000,1,1,3,5,1,4,2,3,1,1
SF,IF2003,2019-11-27 09:30:00.100,3862.8000,13975,0,6952320.000,5,2,3,多换,S,3864.0000,3863.6000,3863.2000,3863.0000,3862.8000,3865.6000,3866.6000,3868.6000,3869.0000,3870.0000,2,2,1,6,6,2,2,5,1,1
SF,IF2003,2019-11-27 09:30:00.600,3865.6000,13974,-1,9271200.000,2,0,2,多平,S,3864.4000,3864.2000,3864.0000,3863.8000,3863.6000,3865.6000,3867.0000,3867.4000,3868.6000,3869.0000,3,1,1,1,1,2,2,1,2,1
SF,IF2003,2019-11-27 09:30:01.100,3865.6000,13974,0,9271200.000,0,-,-,-,-,3864.6000,3864.2000,3864.0000,3863.4000,3863.2000,3865.0000,3865.4000,3865.6000,3866.4000,3867.0000,1,1,1,1,1,1,1,2,2,2
SF,IF2003,2019-11-27 09:30:01.600,3865.6000,13974,0,9271200.000,0,-,-,-,-,3864.0000,3863.4000,3863.2000,3863.0000,3862.8000,3864.8000,3865.0000,3865.4000,3865.6000,3866.4000,1,1,1,2,4,1,1,1,2,2
SF,IF2003,2019-11-27 09:30:02.100,3865.0000,13974,0,11590140.000,2,1,1,多换,S,3865.2000,3865.0000,3864.8000,3864.4000,3864.2000,3865.4000,3865.6000,3866.4000,3866.6000,3867.0000,1,2,2,3,7,1,2,2,1,2
SF,IF2003,2019-11-27 09:30:02.600,3864.2000,13957,-17,35936400.000,21,2,19,多平,S,3864.2000,3864.0000,3863.4000,3863.0000,3862.8000,3865.6000,3866.4000,3866.6000,3867.0000,3867.4000,2,2,1,2,3,2,2,1,2,1
SF,IF2003,2019-11-27 09:30:03.100,3858.4000,13944,-13,59106600.000,20,3,17,多平,S,3862.0000,3856.8000,3855.0000,3853.6000,3852.6000,3864.6000,3865.4000,3865.6000,3865.8000,3866.4000,1,1,9,1,4,1,1,7,1,2
SF,IF2003,2019-11-27 09:30:03.600,3864.4000,13943,-1,60265920.000,1,0,1,双平,S,3864.2000,3863.8000,3863.6000,3863.4000,3863.2000,3864.6000,3865.4000,3865.6000,3865.8000,3866.4000,1,3,1,1,4,1,3,7,3,2
SF,IF2003,2019-11-27 09:30:04.100,3863.2000,13941,-2,62584140.000,2,0,2,双平,S,3863.2000,3862.6000,3862.4000,3862.2000,3862.0000,3864.6000,3865.4000,3865.6000,3865.8000,3866.4000,1,2,2,4,1,2,3,7,3,2
SF,IF2003,2019-11-27 09:30:04.600,3863.2000,13941,0,62584140.000,0,-,-,-,-,3863.8000,3863.6000,3863.4000,3863.2000,3862.4000,3864.6000,3865.4000,3865.6000,3865.8000,3866.4000,2,2,3,1,1,2,1,7,3,2
SF,IF2003,2019-11-27 09:30:05.100,3863.6000,13941,0,63743220.000,1,0,1,多换,S,3863.6000,3863.4000,3863.2000,3862.4000,3862.2000,3864.6000,3865.4000,3865.6000,3865.8000,3866.4000,2,1,1,1,3,2,1,7,3,2
SF,IF2003,2019-11-27 09:30:05.600,3863.6000,13940,-1,64902300.000,1,0,1,双平,S,3863.8000,3863.6000,3863.4000,3863.2000,3862.4000,3864.6000,3865.4000,3865.6000,3865.8000,3866.4000,1,1,1,1,1,1,1,7,3,2
SF,IF2003,2019-11-27 09:30:06.100,3863.6000,13940,0,64902300.000,0,-,-,-,-,3863.8000,3863.6000,3863.4000,3862.4000,3862.2000,3864.6000,3865.4000,3865.6000,3865.8000,3866.4000,1,1,1,1,3,1,1,7,3,2
SF,IF2003,2019-11-27 09:30:06.600,3863.6000,13940,0,64902300.000,0,-,-,-,-,3863.8000,3863.6000,3863.4000,3862.4000,3862.2000,3864.6000,3864.8000,3865.4000,3865.6000,3865.8000,1,1,1,1,3,1,1,1,7,3
SF,IF2003,2019-11-27 09:30:07.600,3863.6000,13940,0,64902300.000,0,-,-,-,-,3863.8000,3863.6000,3863.4000,3862.4000,3862.2000,3864.6000,3864.8000,3865.4000,3865.6000,3865.8000,1,1,1,1,3,1,1,1,7,3
SF,IF2003,2019-11-27 09:30:08.100,3864.6000,13941,1,66061680.000,1,1,0,双开,S,3863.8000,3863.6000,3863.4000,3862.4000,3862.2000,3864.8000,3865.4000,3865.6000,3865.8000,3866.4000,1,1,1,1,3,1,1,7,3,2
SF,IF2003,2019-11-27 09:30:08.600,3864.6000,13941,0,66061680.000,0,-,-,-,-,3864.0000,3863.8000,3863.6000,3863.4000,3862.4000,3864.8000,3865.4000,3865.6000,3865.8000,3866.4000,1,1,1,1,1,1,1,7,3,2
SF,IF2003,2019-11-27 09:30:09.100,3864.0000,13940,-1,67220880.000,1,0,1,双平,S,3863.8000,3863.6000,3863.4000,3862.4000,3862.2000,3864.8000,3865.4000,3865.6000,3865.8000,3866.4000,1,1,1,1,3,1,1,7,3,2
SF,IF2003,2019-11-27 09:30:09.600,3864.0000,13939,-1,68380080.000,1,0,1,双平,S,3863.6000,3863.4000,3862.4000,3862.2000,3862.0000,3864.6000,3864.8000,3865.4000,3865.6000,3865.8000,1,1,1,3,4,1,1,1,7,3
SF,IF2003,2019-11-27 09:30:10.100,3863.8000,13939,0,69539220.000,1,0,1,多换,S,3863.6000,3863.4000,3862.4000,3862.2000,3862.0000,3863.8000,3864.0000,3864.4000,3864.6000,3864.8000,1,1,1,3,4,12,3,1,1,1
SF,IF2003,2019-11-27 09:30:10.600,3863.8000,13938,-1,76494000.000,6,2,4,多平,S,3863.4000,3862.2000,3862.0000,3861.4000,3860.8000,3863.8000,3864.0000,3864.4000,3864.6000,3864.8000,1,3,3,1,1,7,3,1,1,1
SF,IF2003,2019-11-27 09:30:11.100,3863.8000,13938,0,77653140.000,1,0,1,多换,S,3862.2000,3862.0000,3861.4000,3860.8000,3860.6000,3863.8000,3864.0000,3864.4000,3864.6000,3864.8000,4,2,1,1,2,6,3,1,1,1
SF,IF2003,2019-11-27 09:30:11.600,3863.8000,13938,0,77653140.000,0,-,-,-,-,3863.0000,3862.8000,3862.4000,3862.2000,3862.0000,3863.8000,3864.0000,3864.4000,3864.6000,3864.8000,10,2,3,4,2,6,3,1,1,1
SF,IF2003,2019-11-27 09:30:12.100,3863.8000,13938,0,77653140.000,0,-,-,-,-,3863.0000,3862.8000,3862.4000,3862.2000,3862.0000,3863.8000,3864.0000,3864.4000,3864.6000,3864.8000,2,1,2,4,2,6,3,1,1,1
SF,IF2003,2019-11-27 09:30:12.600,3863.8000,13939,1,84607980.000,6,3,3,空开,S,3863.4000,3863.2000,3863.0000,3862.8000,3862.4000,3864.0000,3864.4000,3864.6000,3864.8000,3865.0000,5,1,2,1,2,3,1,1,1,1
SF,IF2003,2019-11-27 09:30:13.100,3863.8000,13939,0,84607980.000,0,-,-,-,-,3863.2000,3863.0000,3862.8000,3862.4000,3862.2000,3864.0000,3864.4000,3864.6000,3864.8000,3865.0000,1,2,1,1,4,3,1,1,1,1
SF,IF2003,2019-11-27 09:30:13.600,3863.8000,13939,0,84607980.000,0,-,-,-,-,3863.0000,3862.8000,3862.4000,3862.2000,3862.0000,3863.6000,3863.8000,3864.0000,3864.4000,3864.6000,2,1,1,4,2,1,1,3,1,1
SF,IF2003,2019-11-27 09:30:14.100,3863.6000,13938,-1,85767060.000,1,0,1,双平,S,3863.4000,3863.2000,3862.4000,3862.2000,3862.0000,3864.0000,3864.4000,3864.8000,3865.0000,3865.6000,3,1,1,4,2,3,1,1,1,7
SF,IF2003,2019-11-27 09:30:14.600,3863.6000,13938,0,85767060.000,0,-,-,-,-,3862.4000,3862.2000,3862.0000,3861.4000,3860.6000,3864.0000,3864.4000,3864.8000,3865.0000,3865.6000,1,4,2,1,2,4,1,1,1,7
SF,IF2003,2019-11-27 09:30:15.100,3863.6000,13938,0,85767060.000,0,-,-,-,-,3863.2000,3863.0000,3862.6000,3862.4000,3862.2000,3863.8000,3864.0000,3864.4000,3864.8000,3865.0000,7,2,4,1,4,2,4,1,1,1
SF,IF2003,2019-11-27 09:30:15.600,3863.6000,13935,-3,92721960.000,6,1,5,多平,S,3863.6000,3863.4000,3863.2000,3863.0000,3862.6000,3864.0000,3864.4000,3864.8000,3865.0000,3865.6000,7,1,5,3,2,2,1,1,1,7
SF,IF2003,2019-11-27 09:30:16.100,3864.0000,13934,-1,95040360.000,2,0,2,多平,S,3863.8000,3863.6000,3863.4000,3863.2000,3863.0000,3864.4000,3865.0000,3865.6000,3865.8000,3866.4000,7,5,1,5,2,1,1,7,3,2
SF,IF2003,2019-11-27 09:30:16.600,3864.0000,13934,0,95040360.000,0,-,-,-,-,3863.8000,3863.2000,3863.0000,3862.6000,3862.2000,3864.4000,3865.0000,3865.6000,3865.8000,3866.4000,1,5,2,1,3,1,1,7,3,2
SF,IF2003,2019-11-27 09:30:17.100,3864.0000,13934,0,95040360.000,0,-,-,-,-,3863.8000,3863.2000,3863.0000,3862.6000,3862.2000,3864.4000,3865.0000,3865.6000,3865.8000,3866.4000,1,5,2,1,3,1,1,7,3,2
SF,IF2003,2019-11-27 09:30:17.600,3864.4000,13934,0,96199680.000,1,0,1,多换,S,3863.8000,3863.2000,3863.0000,3862.6000,3862.2000,3865.0000,3865.6000,3865.8000,3866.4000,3866.6000,1,5,2,1,3,1,7,3,2,1
SF,IF2003,2019-11-27 09:30:18.100,3864.4000,13934,0,96199680.000,0,-,-,-,-,3863.8000,3863.2000,3863.0000,3862.6000,3862.2000,3864.8000,3865.0000,3865.6000,3865.8000,3866.4000,1,5,2,1,3,1,1,7,3,2
SF,IF2003,2019-11-27 09:30:18.600,3864.4000,13934,0,96199680.000,0,-,-,-,-,3863.8000,3863.6000,3863.2000,3863.0000,3862.6000,3865.0000,3865.6000,3865.8000,3866.4000,3866.6000,1,1,5,2,1,1,7,3,2,1
SF,IF2003,2019-11-27 09:30:19.100,3865.0000,13934,0,97359180.000,1,0,1,多换,S,3864.0000,3863.8000,3863.6000,3863.2000,3863.0000,3865.6000,3865.8000,3866.4000,3866.6000,3867.0000,2,1,1,5,2,7,3,2,1,2
SF,IF2003,2019-11-27 09:30:19.600,3865.0000,13934,0,97359180.000,0,-,-,-,-,3864.2000,3864.0000,3863.8000,3863.2000,3863.0000,3865.4000,3865.6000,3865.8000,3866.4000,3866.6000,2,2,1,5,2,3,7,3,2,1
SF,IF2003,2019-11-27 09:30:20.100,3865.0000,13934,0,97359180.000,0,-,-,-,-,3864.2000,3863.8000,3863.2000,3863.0000,3862.6000,3865.4000,3865.6000,3865.8000,3866.4000,3866.6000,1,1,5,2,1,1,7,3,2,1
SF,IF2003,2019-11-27 09:30:21.100,3865.0000,13934,0,97359180.000,0,-,-,-,-,3863.8000,3863.2000,3863.0000,3862.6000,3862.4000,3865.2000,3865.4000,3865.6000,3865.8000,3866.4000,1,5,2,1,1,1,1,7,3,2
SF,IF2003,2019-11-27 09:30:21.600,3865.0000,13934,0,97359180.000,0,-,-,-,-,3863.8000,3863.2000,3863.0000,3862.6000,3862.4000,3865.0000,3865.2000,3865.6000,3865.8000,3866.4000,1,5,2,1,1,2,5,7,3,2
SF,IF2003,2019-11-27 09:30:22.100,3865.0000,13934,0,97359180.000,0,-,-,-,-,3863.8000,3863.2000,3863.0000,3862.6000,3862.4000,3864.8000,3865.2000,3865.6000,3865.8000,3866.4000,1,5,2,1,1,1,1,7,3,2
SF,IF2003,2019-11-27 09:30:22.600,3865.0000,13934,0,97359180.000,0,-,-,-,-,3863.2000,3863.0000,3862.6000,3862.4000,3862.2000,3864.8000,3865.2000,3865.6000,3865.8000,3866.4000,5,2,1,1,3,1,1,7,3,2
SF,IF2003,2019-11-27 09:30:23.100,3865.0000,13934,0,97359180.000,0,-,-,-,-,3863.4000,3863.2000,3863.0000,3862.6000,3862.4000,3864.8000,3865.2000,3865.6000,3865.8000,3866.4000,2,5,2,1,1,1,1,7,3,2
SF,IF2003,2019-11-27 09:30:23.600,3865.0000,13934,0,97359180.000,0,-,-,-,-,3864.6000,3864.0000,3863.6000,3863.4000,3863.2000,3864.8000,3865.2000,3865.6000,3865.8000,3866.4000,1,7,3,3,5,1,1,7,3,2
SF,IF2003,2019-11-27 09:30:24.100,3864.8000,13933,-1,99678000.000,2,0,2,多平,S,3864.6000,3863.6000,3863.4000,3863.0000,3862.6000,3865.2000,3865.6000,3865.8000,3866.4000,3866.6000,1,1,3,2,1,1,7,3,2,1
SF,IF2003,2019-11-27 09:30:24.600,3864.6000,13932,-1,100837380.000,1,0,1,双平,S,3863.6000,3863.4000,3863.0000,3862.6000,3862.4000,3865.6000,3865.8000,3866.4000,3866.6000,3867.0000,1,3,2,1,1,7,3,2,1,2
SF,IF2003,2019-11-27 09:30:25.100,3864.6000,13932,0,100837380.000,0,-,-,-,-,3864.4000,3864.2000,3864.0000,3863.8000,3863.6000,3865.6000,3865.8000,3866.4000,3866.6000,3867.0000,7,1,1,4,3,7,2,2,1,2
SF,IF2003,2019-11-27 09:30:25.600,3864.6000,13932,0,100837380.000,0,-,-,-,-,3865.2000,3864.4000,3864.2000,3863.8000,3863.6000,3865.4000,3865.6000,3865.8000,3866.4000,3866.6000,1,2,1,5,3,2,7,2,2,1
SF,IF2003,2019-11-27 09:30:26.100,3865.2000,13931,-1,101996940.000,1,0,1,双平,S,3864.4000,3864.2000,3863.8000,3863.6000,3863.2000,3865.4000,3865.6000,3865.8000,3866.4000,3866.6000,2,1,4,3,1,2,7,2,2,1
SF,IF2003,2019-11-27 09:30:26.600,3865.2000,13931,0,101996940.000,0,-,-,-,-,3864.6000,3864.4000,3864.2000,3863.8000,3863.6000,3865.4000,3865.6000,3865.8000,3866.4000,3866.6000,1,2,1,4,3,1,7,2,2,1
SF,IF2003,2019-11-27 09:30:27.600,3863.8000,13926,-5,107793360.000,5,0,5,双平,S,3863.8000,3863.6000,3863.2000,3863.0000,3862.4000,3864.4000,3865.4000,3865.6000,3865.8000,3866.4000,3,3,1,1,1,11,1,6,2,2
SF,IF2003,2019-11-27 09:30:28.100,3864.4000,13917,-9,120545880.000,11,1,10,多平,S,3864.6000,3864.4000,3864.2000,3864.0000,3863.8000,3865.6000,3865.8000,3866.4000,3866.6000,3867.0000,3,3,1,5,2,6,2,2,1,2
SF,IF2003,2019-11-27 09:30:28.600,3864.4000,13917,0,120545880.000,0,-,-,-,-,3863.8000,3863.6000,3863.2000,3863.0000,3862.4000,3865.4000,3865.6000,3865.8000,3866.4000,3866.6000,2,2,1,1,1,1,6,3,2,1
SF,IF2003,2019-11-27 09:30:29.100,3864.4000,13917,0,120545880.000,0,-,-,-,-,3864.2000,3864.0000,3863.8000,3863.6000,3863.2000,3865.4000,3865.6000,3865.8000,3866.4000,3866.6000,7,2,2,2,1,1,6,3,2,1
SF,IF2003,2019-11-27 09:30:29.600,3864.4000,13917,0,120545880.000,0,-,-,-,-,3864.4000,3864.2000,3864.0000,3863.8000,3863.6000,3865.4000,3865.6000,3865.8000,3866.4000,3866.6000,1,7,4,2,2,1,6,3,2,1
SF,IF2003,2019-11-27 09:30:30.100,3864.4000,13917,0,120545880.000,0,-,-,-,-,3864.4000,3864.2000,3864.0000,3863.8000,3863.6000,3865.4000,3865.6000,3865.8000,3866.4000,3866.6000,1,2,4,2,2,1,5,3,2,1
SF,IF2003,2019-11-27 09:30:30.600,3864.4000,13917,0,120545880.000,0,-,-,-,-,3864.4000,3864.2000,3864.0000,3863.8000,3863.6000,3865.4000,3865.6000,3865.8000,3866.4000,3866.6000,1,2,4,2,2,2,5,3,2,1
SF,IF2003,2019-11-27 09:30:31.600,3864.4000,13917,0,120545880.000,0,-,-,-,-,3864.4000,3864.2000,3864.0000,3863.8000,3863.6000,3865.4000,3865.6000,3865.8000,3866.4000,3866.6000,1,2,4,2,2,1,5,3,2,1
SF,IF2003,2019-11-27 09:30:32.600,3864.4000,13917,0,120545880.000,0,-,-,-,-,3864.4000,3864.2000,3864.0000,3863.8000,3863.6000,3865.2000,3865.4000,3865.6000,3865.8000,3866.4000,1,2,4,2,2,1,1,5,3,2
SF,IF2003,2019-11-27 09:30:33.100,3864.4000,13917,0,120545880.000,0,-,-,-,-,3864.2000,3864.0000,3863.8000,3863.6000,3863.4000,3865.2000,3865.4000,3865.6000,3865.8000,3866.4000,2,4,2,2,2,1,1,5,3,2
SF,IF2003,2019-11-27 09:30:33.600,3864.4000,13917,0,120545880.000,0,-,-,-,-,3864.6000,3864.2000,3864.0000,3863.8000,3863.6000,3865.4000,3865.6000,3865.8000,3866.4000,3866.6000,1,2,4,2,2,1,5,3,2,1
SF,IF2003,2019-11-27 09:30:35.100,3865.4000,13917,0,121705500.000,1,0,1,多换,S,3864.8000,3864.6000,3864.2000,3864.0000,3863.8000,3865.6000,3865.8000,3866.4000,3866.6000,3867.0000,1,1,2,4,2,5,3,2,1,2
SF,IF2003,2019-11-27 09:30:36.100,3865.6000,13916,-1,122865180.000,1,0,1,双平,S,3864.8000,3864.6000,3864.2000,3864.0000,3863.8000,3865.6000,3865.8000,3866.4000,3866.6000,3867.0000,1,1,2,4,2,4,3,2,1,2
SF,IF2003,2019-11-27 09:30:36.600,3864.6000,13915,-1,125184000.000,2,0,2,多平,S,3864.2000,3864.0000,3863.8000,3863.6000,3863.4000,3865.6000,3865.8000,3866.4000,3866.6000,3867.0000,2,4,2,2,2,4,3,2,1,2
SF,IF2003,2019-11-27 09:30:37.100,3864.6000,13915,0,125184000.000,0,-,-,-,-,3864.4000,3864.0000,3863.8000,3863.6000,3863.4000,3865.4000,3865.6000,3865.8000,3866.4000,3866.6000,2,5,2,2,2,1,4,3,2,1
SF,IF2003,2019-11-27 09:30:37.600,3864.6000,13915,0,125184000.000,0,-,-,-,-,3864.4000,3864.0000,3863.8000,3863.6000,3863.4000,3865.4000,3865.6000,3865.8000,3866.4000,3866.6000,2,3,2,2,2,1,4,3,2,1
SF,IF2003,2019-11-27 09:30:38.600,3864.6000,13915,0,125184000.000,0,-,-,-,-,3864.0000,3863.4000,3863.2000,3863.0000,3862.4000,3865.4000,3865.6000,3865.8000,3866.4000,3866.6000,2,2,1,3,1,1,4,3,2,1
SF,IF2003,2019-11-27 09:30:39.100,3864.6000,13915,0,125184000.000,0,-,-,-,-,3864.0000,3863.4000,3863.2000,3863.0000,3862.4000,3865.4000,3865.6000,3865.8000,3866.4000,3866.6000,1,2,1,3,1,1,4,3,2,1
SF,IF2003,2019-11-27 09:30:39.600,3864.6000,13915,0,125184000.000,0,-,-,-,-,3864.2000,3864.0000,3863.4000,3863.2000,3863.0000,3865.4000,3865.6000,3865.8000,3866.4000,3866.6000,1,1,2,1,2,1,4,3,2,1
SF,IF2003,2019-11-27 09:30:40.100,3864.6000,13915,0,125184000.000,0,-,-,-,-,3864.2000,3864.0000,3863.4000,3863.2000,3863.0000,3865.4000,3865.6000,3865.8000,3866.4000,3866.6000,1,1,2,1,2,1,4,3,2,1
SF,IF2003,2019-11-27 09:30:40.600,3864.6000,13915,0,125184000.000,0,-,-,-,-,3864.2000,3864.0000,3863.4000,3863.2000,3863.0000,3865.4000,3865.6000,3865.8000,3866.4000,3866.6000,1,1,2,1,2,1,4,3,2,1
SF,IF2003,2019-11-27 09:30:41.100,3864.6000,13915,0,125184000.000,0,-,-,-,-,3864.4000,3864.2000,3864.0000,3863.4000,3863.2000,3865.4000,3865.6000,3865.8000,3866.4000,3866.6000,2,2,2,2,1,1,4,3,2,1
SF,IF2003,2019-11-27 09:30:41.600,3864.6000,13915,0,125184000.000,0,-,-,-,-,3864.2000,3864.0000,3863.4000,3863.2000,3863.0000,3865.4000,3865.6000,3865.8000,3866.4000,3866.6000,1,1,2,1,2,1,4,3,2,1
SF,IF2003,2019-11-27 09:30:42.100,3864.6000,13915,0,125184000.000,0,-,-,-,-,3864.4000,3864.2000,3864.0000,3863.4000,3863.2000,3865.4000,3865.6000,3865.8000,3866.4000,3866.6000,1,1,2,2,1,1,4,3,2,1
SF,IF2003,2019-11-27 09:30:43.100,3864.6000,13914,-1,126343380.000,1,0,1,双平,S,3864.6000,3864.2000,3864.0000,3863.4000,3863.2000,3865.4000,3865.6000,3865.8000,3866.4000,3866.6000,1,1,2,2,1,1,4,3,2,1
SF,IF2003,2019-11-27 09:30:43.600,3864.6000,13914,0,126343380.000,0,-,-,-,-,3864.2000,3864.0000,3863.4000,3863.2000,3863.0000,3865.4000,3865.6000,3865.8000,3866.4000,3866.6000,1,2,2,1,2,1,4,3,2,1
SF,IF2003,2019-11-27 09:30:44.100,3864.6000,13914,0,126343380.000,0,-,-,-,-,3864.0000,3863.4000,3863.2000,3863.0000,3862.4000,3865.4000,3865.6000,3865.8000,3866.4000,3866.6000,1,2,1,2,1,1,4,3,2,1
SF,IF2003,2019-11-27 09:30:44.600,3864.6000,13914,0,126343380.000,0,-,-,-,-,3864.6000,3864.4000,3864.2000,3864.0000,3863.4000,3865.4000,3865.6000,3865.8000,3866.4000,3866.6000,5,1,2,2,2,1,4,3,2,1
SF,IF2003,2019-11-27 09:30:45.100,3864.6000,13914,0,126343380.000,0,-,-,-,-,3864.2000,3864.0000,3863.4000,3863.2000,3863.0000,3865.4000,3865.6000,3865.8000,3866.4000,3866.6000,1,1,2,1,2,1,4,3,2,1
SF,IF2003,2019-11-27 09:30:45.600,3864.6000,13914,0,126343380.000,0,-,-,-,-,3864.4000,3864.2000,3864.0000,3863.4000,3863.2000,3865.4000,3865.6000,3865.8000,3866.4000,3866.6000,2,2,2,2,1,1,4,3,2,1
SF,IF2003,2019-11-27 09:30:46.100,3864.4000,13912,-2,128662020.000,2,0,2,双平,S,3864.2000,3864.0000,3863.4000,3863.2000,3863.0000,3864.4000,3865.4000,3865.6000,3865.8000,3866.4000,2,2,2,1,2,8,1,4,3,2
SF,IF2003,2019-11-27 09:30:46.600,3864.2000,13910,-2,132139920.000,3,0,3,多平,S,3864.2000,3864.0000,3863.4000,3863.2000,3863.0000,3864.4000,3865.6000,3865.8000,3866.4000,3866.6000,1,1,2,1,2,6,4,3,2,1
SF,IF2003,2019-11-27 09:30:47.100,3864.4000,13904,-6,139095780.000,6,0,6,双平,S,3864.2000,3863.4000,3863.2000,3863.0000,3862.4000,3864.4000,3865.6000,3865.8000,3866.4000,3866.6000,1,2,1,2,1,1,4,3,2,1
SF,IF2003,2019-11-27 09:30:47.600,3864.4000,13902,-2,141414360.000,2,0,2,双平,S,3864.4000,3864.2000,3863.4000,3863.2000,3863.0000,3865.6000,3865.8000,3866.4000,3866.6000,3867.0000,1,1,2,1,2,4,3,2,1,2
SF,IF2003,2019-11-27 09:30:48.100,3864.4000,13901,-1,142573680.000,1,0,1,双平,S,3863.4000,3863.2000,3863.0000,3862.4000,3862.2000,3864.4000,3865.4000,3865.6000,3865.8000,3866.4000,2,1,2,1,3,1,2,4,4,2
SF,IF2003,2019-11-27 09:30:48.600,3864.4000,13901,0,142573680.000,0,-,-,-,-,3863.6000,3863.4000,3863.2000,3863.0000,3862.4000,3865.6000,3865.8000,3866.4000,3866.6000,3867.0000,1,2,1,2,1,4,4,2,1,2
SF,IF2003,2019-11-27 09:30:49.100,3864.4000,13901,0,142573680.000,0,-,-,-,-,3863.8000,3863.6000,3863.4000,3863.2000,3863.0000,3865.4000,3865.6000,3865.8000,3866.4000,3866.6000,6,2,2,1,2,1,4,4,2,1
SF,IF2003,2019-11-27 09:30:49.600,3864.4000,13901,0,142573680.000,0,-,-,-,-,3863.8000,3863.6000,3863.4000,3863.2000,3863.0000,3865.2000,3865.4000,3865.6000,3865.8000,3866.4000,7,1,2,1,2,1,1,4,4,2
SF,IF2003,2019-11-27 09:30:50.100,3865.2000,13900,-1,143733240.000,1,0,1,双平,S,3863.8000,3863.4000,3863.2000,3863.0000,3862.4000,3865.6000,3865.8000,3866.4000,3866.6000,3867.0000,2,2,1,2,1,4,4,2,1,2
SF,IF2003,2019-11-27 09:30:50.600,3865.2000,13900,0,143733240.000,0,-,-,-,-,3863.8000,3863.4000,3863.2000,3863.0000,3862.4000,3865.0000,3865.4000,3865.6000,3865.8000,3866.4000,2,3,1,2,1,1,1,4,4,2
SF,IF2003,2019-11-27 09:30:51.100,3865.2000,13900,0,143733240.000,0,-,-,-,-,3863.8000,3863.4000,3863.2000,3863.0000,3862.2000,3865.6000,3865.8000,3866.4000,3866.6000,3867.0000,1,3,1,2,3,4,4,2,1,2
SF,IF2003,2019-11-27 09:30:51.600,3865.4000,13900,0,144892860.000,1,0,1,多换,S,3864.0000,3863.8000,3863.6000,3863.4000,3863.2000,3865.6000,3865.8000,3866.4000,3866.6000,3867.0000,1,1,1,3,1,4,4,2,2,2
SF,IF2003,2019-11-27 09:30:52.100,3865.4000,13900,0,144892860.000,0,-,-,-,-,3864.2000,3864.0000,3863.8000,3863.4000,3863.2000,3865.4000,3865.6000,3865.8000,3866.4000,3866.6000,1,1,1,3,1,1,4,4,2,1
SF,IF2003,2019-11-27 09:30:52.600,3865.4000,13900,0,144892860.000,0,-,-,-,-,3864.2000,3864.0000,3863.8000,3863.4000,3863.2000,3865.4000,3865.6000,3865.8000,3866.4000,3866.6000,1,1,1,3,1,2,4,4,2,1
SF,IF2003,2019-11-27 09:30:53.600,3865.4000,13900,0,144892860.000,0,-,-,-,-,3864.4000,3864.2000,3864.0000,3863.8000,3863.4000,3865.4000,3865.6000,3865.8000,3866.4000,3866.6000,1,1,1,1,3,1,4,4,2,1
SF,IF2003,2019-11-27 09:30:54.100,3865.4000,13900,0,144892860.000,0,-,-,-,-,3864.4000,3864.2000,3864.0000,3863.8000,3863.4000,3865.4000,3865.6000,3865.8000,3866.4000,3866.6000,1,1,1,1,3,1,4,4,2,1
SF,IF2003,2019-11-27 09:30:55.100,3865.4000,13900,0,144892860.000,0,-,-,-,-,3864.4000,3864.0000,3863.8000,3863.4000,3863.2000,3865.4000,3865.6000,3865.8000,3866.4000,3866.6000,1,1,1,3,1,1,4,4,2,1
SF,IF2003,2019-11-27 09:30:55.600,3865.4000,13900,0,144892860.000,0,-,-,-,-,3864.0000,3863.8000,3863.4000,3863.2000,3863.0000,3865.2000,3865.4000,3865.6000,3865.8000,3866.4000,1,1,3,1,2,1,1,4,4,2
SF,IF2003,2019-11-27 09:30:56.100,3865.4000,13900,0,144892860.000,0,-,-,-,-,3864.2000,3864.0000,3863.8000,3863.4000,3863.2000,3865.2000,3865.4000,3865.6000,3865.8000,3866.4000,1,1,1,3,1,1,1,4,4,2
SF,IF2003,2019-11-27 09:30:56.600,3865.4000,13900,0,144892860.000,0,-,-,-,-,3864.0000,3863.8000,3863.4000,3863.2000,3863.0000,3865.2000,3865.4000,3865.6000,3865.8000,3866.4000,1,1,3,1,2,1,1,4,4,2
SF,IF2003,2019-11-27 09:30:57.100,3865.4000,13900,0,144892860.000,0,-,-,-,-,3864.0000,3863.8000,3863.4000,3863.2000,3863.0000,3865.2000,3865.4000,3865.6000,3865.8000,3866.4000,1,1,3,1,2,1,1,4,4,2
SF,IF2003,2019-11-27 09:30:57.600,3865.4000,13900,0,146052480.000,1,0,1,多换,S,3865.2000,3864.0000,3863.8000,3863.4000,3863.2000,3865.6000,3865.8000,3866.4000,3866.6000,3867.0000,1,1,1,3,1,4,4,2,1,2
SF,IF2003,2019-11-27 09:30:58.100,3865.2000,13899,-1,147212040.000,1,0,1,双平,S,3864.0000,3863.4000,3863.2000,3863.0000,3862.2000,3865.0000,3865.2000,3865.4000,3865.6000,3865.8000,1,3,1,1,3,3,10,6,4,4
SF,IF2003,2019-11-27 09:30:58.600,3865.2000,13899,0,147212040.000,0,-,-,-,-,3864.2000,3864.0000,3863.4000,3863.2000,3863.0000,3865.0000,3865.2000,3865.4000,3865.6000,3865.8000,1,1,3,1,1,2,5,8,4,4
SF,IF2003,2019-11-27 09:30:59.100,3865.2000,13899,0,147212040.000,0,-,-,-,-,3864.0000,3863.4000,3863.2000,3863.0000,3862.2000,3865.0000,3865.2000,3865.4000,3865.6000,3865.8000,1,3,1,1,3,1,5,8,4,4
SF,IF2003,2019-11-27 09:30:59.600,3864.0000,13899,0,148371240.000,1,0,1,多换,S,3863.4000,3863.2000,3863.0000,3862.2000,3862.0000,3865.0000,3865.2000,3865.4000,3865.6000,3865.8000,2,1,1,3,2,1,2,8,4,4
SF,IF2003,2019-11-27 09:31:00.100,3864.0000,13899,0,148371240.000,0,-,-,-,-,3863.6000,3863.4000,3863.2000,3863.0000,3862.2000,3865.0000,3865.2000,3865.4000,3865.6000,3865.8000,1,2,1,1,3,1,2,8,4,4
SF,IF2003,2019-11-27 09:31:00.600,3864.0000,13899,0,148371240.000,0,-,-,-,-,3863.8000,3863.6000,3863.4000,3863.2000,3863.0000,3865.0000,3865.2000,3865.4000,3865.6000,3865.8000,2,1,2,1,1,1,2,8,4,4
SF,IF2003,2019-11-27 09:31:01.100,3863.8000,13899,0,150689520.000,2,1,1,多换,S,3863.4000,3863.2000,3863.0000,3862.2000,3862.0000,3863.8000,3864.8000,3865.0000,3865.2000,3865.4000,2,1,1,3,2,2,1,1,2,8
SF,IF2003,2019-11-27 09:31:01.600,3863.4000,13899,0,151848540.000,1,0,1,多换,S,3863.4000,3863.2000,3863.0000,3862.2000,3862.0000,3863.8000,3864.6000,3864.8000,3865.0000,3865.2000,1,1,1,2,2,1,1,11,1,2
SF,IF2003,2019-11-27 09:31:02.100,3863.2000,13899,0,154166520.000,2,1,1,多换,S,3863.0000,3862.2000,3862.0000,3861.4000,3861.2000,3863.8000,3864.6000,3864.8000,3865.0000,3865.2000,1,1,2,1,2,1,1,11,1,2
SF,IF2003,2019-11-27 09:31:02.600,3863.2000,13899,0,154166520.000,0,-,-,-,-,3863.0000,3862.2000,3862.0000,3861.4000,3861.2000,3863.8000,3864.6000,3864.8000,3865.0000,3865.2000,1,1,2,1,2,1,1,10,1,2
SF,IF2003,2019-11-27 09:31:03.100,3863.2000,13899,0,154166520.000,0,-,-,-,-,3863.0000,3862.2000,3862.0000,3861.4000,3861.2000,3863.8000,3864.0000,3864.2000,3864.8000,3865.0000,1,1,2,1,2,1,1,1,10,1
SF,IF2003,2019-11-27 09:31:03.600,3863.2000,13899,0,154166520.000,0,-,-,-,-,3863.0000,3862.2000,3862.0000,3861.4000,3861.2000,3863.8000,3864.2000,3864.8000,3865.0000,3865.2000,1,1,2,1,2,1,1,10,1,2
SF,IF2003,2019-11-27 09:31:04.100,3863.0000,13899,0,156484320.000,2,1,1,多换,S,3862.0000,3861.4000,3861.2000,3861.0000,3860.6000,3863.4000,3864.0000,3864.2000,3864.8000,3865.0000,2,1,2,1,2,2,1,1,10,1
SF,IF2003,2019-11-27 09:31:04.600,3863.0000,13899,0,156484320.000,0,-,-,-,-,3862.2000,3862.0000,3861.4000,3861.2000,3861.0000,3864.0000,3864.2000,3864.8000,3865.0000,3865.2000,1,2,1,2,1,1,1,10,1,2
SF,IF2003,2019-11-27 09:31:05.100,3863.0000,13899,0,156484320.000,0,-,-,-,-,3862.4000,3862.2000,3862.0000,3861.4000,3861.0000,3863.8000,3864.0000,3864.2000,3864.8000,3865.0000,1,1,2,1,1,4,1,1,10,1
SF,IF2003,2019-11-27 09:31:05.600,3862.6000,13898,-1,157643100.000,1,0,1,双平,S,3862.4000,3862.0000,3861.4000,3861.0000,3860.6000,3863.8000,3864.0000,3864.2000,3864.8000,3865.0000,1,2,1,1,2,4,1,1,10,1
SF,IF2003,2019-11-27 09:31:06.100,3862.0000,13897,-1,159960420.000,2,0,2,多平,S,3862.0000,3861.4000,3861.0000,3860.6000,3859.8000,3862.8000,3863.0000,3863.2000,3863.6000,3863.8000,1,1,1,2,2,1,2,2,2,4
SF,IF2003,2019-11-27 09:31:06.600,3862.0000,13897,0,161119020.000,1,0,1,多换,S,3861.0000,3860.6000,3860.4000,3859.8000,3859.6000,3862.8000,3863.2000,3863.6000,3863.8000,3864.0000,1,2,1,2,3,2,1,1,4,1
SF,IF2003,2019-11-27 09:31:07.100,3862.0000,13897,0,161119020.000,0,-,-,-,-,3861.2000,3860.6000,3860.4000,3859.8000,3859.4000,3862.6000,3862.8000,3863.2000,3863.6000,3863.8000,2,2,1,2,7,1,2,1,1,4
SF,IF2003,2019-11-27 09:31:07.600,3862.0000,13897,0,161119020.000,0,-,-,-,-,3861.2000,3860.6000,3860.4000,3859.8000,3859.4000,3862.6000,3862.8000,3863.2000,3863.8000,3864.0000,2,2,1,2,7,11,2,1,4,1
SF,IF2003,2019-11-27 09:31:08.100,3861.2000,13896,-1,162277380.000,1,0,1,双平,S,3860.6000,3859.8000,3859.6000,3859.4000,3857.6000,3862.2000,3862.4000,3862.6000,3862.8000,3863.2000,2,2,1,8,3,6,1,12,2,1
SF,IF2003,2019-11-27 09:31:08.600,3860.6000,13895,-1,163435560.000,1,0,1,双平,S,3860.6000,3859.8000,3859.4000,3857.6000,3856.0000,3862.0000,3862.2000,3862.4000,3862.6000,3862.8000,1,2,8,3,4,6,6,3,5,2
SF,IF2003,2019-11-27 09:31:09.100,3860.6000,13895,0,163435560.000,0,-,-,-,-,3860.6000,3859.8000,3859.4000,3858.6000,3857.6000,3861.4000,3861.6000,3861.8000,3862.0000,3862.2000,1,2,5,1,3,2,6,1,10,1
SF,IF2003,2019-11-27 09:31:09.600,3862.0000,13895,0,165752760.000,2,1,1,多换,S,3860.6000,3859.8000,3859.4000,3858.6000,3857.6000,3862.0000,3862.2000,3862.4000,3862.6000,3862.8000,1,2,5,1,3,8,1,1,5,2
SF,IF2003,2019-11-27 09:31:10.100,3862.0000,13895,0,165752760.000,0,-,-,-,-,3860.6000,3859.8000,3859.4000,3858.6000,3857.6000,3861.2000,3861.8000,3862.0000,3862.2000,3862.4000,1,2,5,1,3,1,1,8,1,1
SF,IF2003,2019-11-27 09:31:10.600,3860.6000,13894,-1,166910940.000,1,0,1,双平,S,3859.8000,3859.4000,3858.6000,3857.6000,3856.0000,3861.2000,3861.8000,3862.0000,3862.2000,3862.4000,2,5,1,3,4,1,7,8,1,1
SF,IF2003,2019-11-27 09:31:11.100,3861.2000,13894,0,168069300.000,1,0,1,多换,S,3859.8000,3859.4000,3858.6000,3857.6000,3856.0000,3861.4000,3861.8000,3862.0000,3862.2000,3862.4000,2,5,1,3,4,1,7,8,1,1
SF,IF2003,2019-11-27 09:31:11.600,3861.2000,13894,0,168069300.000,0,-,-,-,-,3859.8000,3859.4000,3858.6000,3857.6000,3856.0000,3861.2000,3861.4000,3861.8000,3862.0000,3862.2000,2,1,1,3,4,8,1,7,4,1
SF,IF2003,2019-11-27 09:31:12.100,3861.2000,13894,0,168069300.000,0,-,-,-,-,3859.8000,3859.4000,3858.6000,3857.6000,3856.0000,3861.0000,3861.2000,3861.4000,3861.8000,3862.0000,3,1,1,3,4,9,9,1,1,4
SF,IF2003,2019-11-27 09:31:12.600,3861.2000,13894,0,168069300.000,0,-,-,-,-,3860.0000,3859.8000,3859.4000,3858.6000,3856.0000,3861.2000,3861.4000,3861.8000,3862.0000,3862.2000,2,3,1,1,4,8,1,1,4,1
SF,IF2003,2019-11-27 09:31:13.100,3861.2000,13894,0,168069300.000,0,-,-,-,-,3860.0000,3859.8000,3859.4000,3858.6000,3856.0000,3861.0000,3861.2000,3861.4000,3861.8000,3862.0000,2,3,1,1,4,1,8,1,1,4
SF,IF2003,2019-11-27 09:31:13.600,3861.2000,13893,-1,169227660.000,1,0,1,双平,S,3860.0000,3859.8000,3859.4000,3858.6000,3856.0000,3861.4000,3861.8000,3862.0000,3862.2000,3862.4000,2,3,1,1,4,1,1,4,1,1
SF,IF2003,2019-11-27 09:31:14.100,3861.2000,13893,0,169227660.000,0,-,-,-,-,3861.0000,3860.0000,3859.8000,3859.4000,3858.6000,3861.4000,3861.8000,3862.0000,3862.2000,3862.4000,3,2,3,1,1,1,1,4,1,1
SF,IF2003,2019-11-27 09:31:14.600,3861.2000,13892,-1,170386020.000,1,0,1,双平,S,3861.4000,3860.4000,3859.8000,3859.4000,3858.6000,3862.0000,3862.2000,3862.4000,3862.8000,3863.2000,3,2,3,2,1,4,1,1,2,1
SF,IF2003,2019-11-27 09:31:15.100,3861.2000,13892,0,170386020.000,0,-,-,-,-,3860.4000,3859.8000,3859.4000,3858.6000,3856.0000,3862.2000,3862.4000,3862.8000,3863.2000,3864.0000,2,3,2,1,4,1,1,2,1,1
SF,IF2003,2019-11-27 09:31:15.600,3860.4000,13894,2,172702260.000,2,2,0,双开,S,3859.8000,3859.4000,3858.6000,3858.0000,3856.0000,3860.0000,3862.2000,3862.4000,3862.8000,3863.2000,3,2,1,1,4,12,1,1,2,1
SF,IF2003,2019-11-27 09:31:16.100,3860.0000,13896,2,186598260.000,12,7,5,空开,S,3860.2000,3860.0000,3859.8000,3859.4000,3858.6000,3862.0000,3862.2000,3862.4000,3862.8000,3863.2000,1,10,3,2,1,4,1,1,2,1
SF,IF2003,2019-11-27 09:31:16.600,3860.0000,13896,0,186598260.000,0,-,-,-,-,3860.6000,3860.4000,3860.2000,3860.0000,3859.8000,3861.2000,3862.2000,3862.4000,3862.8000,3863.2000,5,2,2,8,3,1,1,1,2,1
SF,IF2003,2019-11-27 09:31:17.100,3861.2000,13895,-1,187756620.000,1,0,1,双平,S,3861.2000,3860.8000,3860.6000,3860.4000,3860.2000,3862.2000,3862.4000,3862.8000,3863.2000,3864.0000,1,1,5,1,2,1,2,2,1,1
SF,IF2003,2019-11-27 09:31:17.600,3861.2000,13895,0,188914980.000,1,0,1,多换,S,3860.8000,3860.2000,3860.0000,3859.8000,3859.6000,3861.2000,3862.0000,3862.2000,3862.4000,3862.8000,1,1,4,4,1,1,2,1,3,2
SF,IF2003,2019-11-27 09:31:18.100,3861.2000,13895,0,188914980.000,0,-,-,-,-,3860.8000,3860.4000,3860.2000,3860.0000,3859.8000,3861.2000,3861.8000,3862.0000,3862.2000,3862.4000,1,2,1,4,3,1,2,2,1,3
SF,IF2003,2019-11-27 09:31:18.600,3861.2000,13894,-1,190073340.000,1,0,1,双平,S,3860.8000,3860.4000,3860.2000,3860.0000,3859.8000,3861.8000,3862.0000,3862.2000,3862.4000,3862.8000,1,1,1,4,3,2,2,1,3,2
SF,IF2003,2019-11-27 09:31:19.100,3861.2000,13894,0,190073340.000,0,-,-,-,-,3860.8000,3860.4000,3860.2000,3860.0000,3859.8000,3861.8000,3862.0000,3862.2000,3862.4000,3862.8000,1,1,1,4,1,2,2,1,2,2
SF,IF2003,2019-11-27 09:31:19.600,3861.2000,13894,0,190073340.000,0,-,-,-,-,3861.0000,3860.8000,3860.4000,3860.2000,3860.0000,3861.8000,3862.0000,3862.2000,3862.4000,3862.8000,1,1,1,1,4,2,2,1,2,2
SF,IF2003,2019-11-27 09:31:20.100,3861.2000,13894,0,190073340.000,0,-,-,-,-,3860.8000,3860.4000,3860.2000,3860.0000,3859.8000,3861.8000,3862.0000,3862.2000,3862.4000,3862.8000,1,1,1,4,1,2,2,1,2,2
SF,IF2003,2019-11-27 09:31:20.600,3861.2000,13894,0,190073340.000,0,-,-,-,-,3861.2000,3860.8000,3860.4000,3860.2000,3860.0000,3861.8000,3862.0000,3862.2000,3862.4000,3862.8000,1,1,1,1,4,2,2,1,2,2
SF,IF2003,2019-11-27 09:31:21.100,3861.2000,13894,0,190073340.000,0,-,-,-,-,3860.8000,3860.4000,3860.2000,3860.0000,3859.8000,3861.8000,3862.0000,3862.2000,3862.4000,3862.8000,1,1,2,4,1,2,2,1,2,2
SF,IF2003,2019-11-27 09:31:21.600,3861.2000,13894,0,190073340.000,0,-,-,-,-,3861.2000,3860.8000,3860.4000,3860.2000,3860.0000,3861.8000,3862.0000,3862.2000,3862.4000,3862.8000,1,1,1,3,4,2,2,1,2,2
SF,IF2003,2019-11-27 09:31:22.100,3860.8000,13892,-2,192389940.000,2,0,2,双平,S,3860.4000,3860.2000,3860.0000,3859.8000,3859.6000,3861.2000,3861.8000,3862.0000,3862.2000,3862.4000,1,2,4,1,1,1,2,2,1,2
SF,IF2003,2019-11-27 09:31:22.600,3860.8000,13892,0,192389940.000,0,-,-,-,-,3860.4000,3860.2000,3860.0000,3859.8000,3859.6000,3861.8000,3862.0000,3862.2000,3862.4000,3862.8000,1,1,4,1,1,2,2,1,2,2
SF,IF2003,2019-11-27 09:31:23.100,3860.8000,13892,0,192389940.000,0,-,-,-,-,3860.2000,3860.0000,3859.8000,3859.6000,3859.4000,3861.8000,3862.0000,3862.2000,3862.4000,3862.8000,1,4,1,1,2,2,2,1,2,2
SF,IF2003,2019-11-27 09:31:23.600,3860.8000,13892,0,192389940.000,0,-,-,-,-,3860.2000,3860.0000,3859.8000,3859.6000,3859.4000,3861.6000,3861.8000,3862.2000,3862.4000,3862.8000,2,4,1,1,2,2,2,1,2,2
SF,IF2003,2019-11-27 09:31:24.100,3860.8000,13892,0,192389940.000,0,-,-,-,-,3860.2000,3860.0000,3859.8000,3859.6000,3859.4000,3861.2000,3861.6000,3861.8000,3862.2000,3862.4000,2,4,1,1,2,1,3,2,1,2
SF,IF2003,2019-11-27 09:31:24.600,3860.8000,13892,0,192389940.000,0,-,-,-,-,3860.2000,3860.0000,3859.8000,3859.4000,3859.2000,3861.2000,3861.6000,3861.8000,3862.2000,3862.4000,2,4,1,2,3,1,2,2,1,2
SF,IF2003,2019-11-27 09:31:25.600,3860.8000,13892,0,192389940.000,0,-,-,-,-,3860.2000,3860.0000,3859.8000,3859.4000,3859.2000,3861.2000,3861.6000,3861.8000,3862.2000,3862.4000,2,4,1,2,3,1,2,2,1,2
SF,IF2003,2019-11-27 09:31:26.100,3860.8000,13892,0,192389940.000,0,-,-,-,-,3860.4000,3860.2000,3860.0000,3859.8000,3859.4000,3861.2000,3861.6000,3861.8000,3862.2000,3862.4000,1,2,4,1,2,1,2,2,1,2
SF,IF2003,2019-11-27 09:31:26.600,3860.8000,13892,0,192389940.000,0,-,-,-,-,3860.4000,3860.2000,3860.0000,3859.8000,3859.4000,3861.2000,3861.6000,3861.8000,3862.2000,3862.4000,1,2,3,1,2,1,2,2,1,2
SF,IF2003,2019-11-27 09:31:27.600,3860.8000,13892,0,192389940.000,0,-,-,-,-,3860.2000,3860.0000,3859.8000,3859.4000,3859.2000,3861.2000,3861.6000,3861.8000,3862.2000,3862.4000,2,3,1,2,2,4,2,2,1,2
SF,IF2003,2019-11-27 09:31:28.100,3860.8000,13892,0,192389940.000,0,-,-,-,-,3860.2000,3860.0000,3859.8000,3859.4000,3859.2000,3861.2000,3861.6000,3861.8000,3862.2000,3862.4000,1,2,1,2,2,5,2,2,1,2
SF,IF2003,2019-11-27 09:31:28.600,3861.2000,13891,-1,198180840.000,5,2,3,多平,S,3860.0000,3859.8000,3859.4000,3859.2000,3858.6000,3861.2000,3861.6000,3861.8000,3862.2000,3862.4000,2,1,2,2,1,3,2,2,1,2
SF,IF2003,2019-11-27 09:31:29.100,3861.2000,13889,-2,200497560.000,2,0,2,双平,S,3860.6000,3860.4000,3860.2000,3860.0000,3859.8000,3861.2000,3861.6000,3861.8000,3862.2000,3862.4000,6,1,2,2,1,1,2,2,1,2
SF,IF2003,2019-11-27 09:31:29.600,3861.2000,13888,-1,201655920.000,1,0,1,双平,S,3861.2000,3860.6000,3860.2000,3860.0000,3859.8000,3861.6000,3861.8000,3862.2000,3862.4000,3862.8000,1,1,2,2,1,2,2,1,2,2
SF,IF2003,2019-11-27 09:31:30.100,3861.2000,13888,0,201655920.000,0,-,-,-,-,3861.2000,3860.6000,3860.2000,3860.0000,3859.8000,3861.8000,3862.2000,3862.4000,3862.8000,3863.2000,2,1,1,2,1,2,1,2,2,1
SF,IF2003,2019-11-27 09:31:30.600,3861.8000,13888,0,202814460.000,1,0,1,多换,S,3861.2000,3860.6000,3860.2000,3860.0000,3859.8000,3861.8000,3862.2000,3862.4000,3862.8000,3863.2000,1,1,1,2,1,1,1,2,2,1
SF,IF2003,2019-11-27 09:31:31.100,3861.8000,13888,0,202814460.000,0,-,-,-,-,3862.0000,3860.6000,3860.2000,3860.0000,3859.8000,3862.2000,3862.4000,3862.8000,3863.2000,3864.0000,1,1,1,2,1,1,2,2,1,1
SF,IF2003,2019-11-27 09:31:31.600,3862.0000,13887,-1,203973060.000,1,0,1,双平,S,3860.6000,3860.2000,3860.0000,3859.8000,3859.4000,3862.0000,3862.2000,3862.4000,3862.8000,3863.2000,1,1,2,1,2,9,1,2,2,1
SF,IF2003,2019-11-27 09:31:32.100,3862.0000,13887,0,203973060.000,0,-,-,-,-,3860.8000,3860.6000,3860.2000,3860.0000,3859.8000,3862.0000,3862.2000,3862.4000,3862.8000,3863.2000,1,1,1,2,1,5,1,2,2,1
SF,IF2003,2019-11-27 09:31:32.600,3862.0000,13887,0,203973060.000,0,-,-,-,-,3860.2000,3860.0000,3859.8000,3859.4000,3859.2000,3862.0000,3862.2000,3862.4000,3862.8000,3863.2000,1,2,1,2,2,5,1,2,2,1
SF,IF2003,2019-11-27 09:31:33.100,3862.0000,13887,0,203973060.000,0,-,-,-,-,3861.0000,3860.8000,3860.6000,3860.4000,3860.2000,3862.0000,3862.2000,3862.4000,3862.8000,3863.2000,2,5,1,1,2,5,1,2,2,1
SF,IF2003,2019-11-27 09:31:33.600,3862.0000,13887,0,203973060.000,0,-,-,-,-,3861.2000,3861.0000,3860.8000,3860.6000,3860.4000,3862.0000,3862.4000,3862.8000,3863.2000,3864.0000,5,2,5,1,3,5,2,2,1,1
SF,IF2003,2019-11-27 09:31:34.100,3862.0000,13887,0,203973060.000,0,-,-,-,-,3861.0000,3860.8000,3860.6000,3860.4000,3860.2000,3862.0000,3862.4000,3862.8000,3863.2000,3864.0000,1,5,2,2,2,5,2,2,1,1
SF,IF2003,2019-11-27 09:31:34.600,3862.0000,13887,0,203973060.000,0,-,-,-,-,3861.0000,3860.8000,3860.6000,3860.4000,3860.2000,3862.0000,3862.4000,3862.8000,3863.2000,3864.0000,1,5,2,2,2,2,2,2,1,1
SF,IF2003,2019-11-27 09:31:35.100,3862.0000,13887,0,203973060.000,0,-,-,-,-,3861.0000,3860.6000,3860.4000,3860.2000,3860.0000,3861.8000,3862.0000,3862.4000,3862.8000,3863.2000,1,2,2,2,2,3,2,3,2,1
SF,IF2003,2019-11-27 09:31:35.600,3862.0000,13887,0,203973060.000,0,-,-,-,-,3861.0000,3860.6000,3860.4000,3860.2000,3860.0000,3861.8000,3862.0000,3862.4000,3862.8000,3863.2000,1,2,2,2,2,1,2,3,2,1
SF,IF2003,2019-11-27 09:31:36.100,3862.0000,13887,0,203973060.000,0,-,-,-,-,3861.2000,3861.0000,3860.6000,3860.4000,3860.2000,3862.0000,3862.4000,3862.8000,3863.2000,3864.0000,1,1,2,2,2,2,3,2,1,1
SF,IF2003,2019-11-27 09:31:37.100,3862.0000,13887,0,203973060.000,0,-,-,-,-,3861.0000,3860.6000,3860.4000,3860.2000,3860.0000,3861.8000,3862.0000,3862.4000,3862.8000,3863.2000,1,1,1,1,2,2,2,3,2,1
SF,IF2003,2019-11-27 09:31:37.600,3862.0000,13887,0,203973060.000,0,-,-,-,-,3861.0000,3860.6000,3860.4000,3860.2000,3860.0000,3862.0000,3862.4000,3862.8000,3863.2000,3864.0000,1,1,1,1,2,2,3,2,1,1
SF,IF2003,2019-11-27 09:31:38.600,3862.0000,13887,0,203973060.000,0,-,-,-,-,3861.0000,3860.6000,3860.4000,3860.2000,3860.0000,3862.0000,3862.4000,3862.8000,3863.2000,3864.0000,1,1,1,1,2,2,2,2,1,1
SF,IF2003,2019-11-27 09:31:39.100,3862.0000,13887,0,203973060.000,0,-,-,-,-,3861.2000,3861.0000,3860.6000,3860.4000,3860.2000,3862.0000,3862.4000,3862.8000,3863.2000,3864.0000,2,1,1,1,2,2,2,2,1,1
SF,IF2003,2019-11-27 09:31:39.600,3862.0000,13887,0,203973060.000,0,-,-,-,-,3861.2000,3861.0000,3860.6000,3860.4000,3860.2000,3862.0000,3862.4000,3862.8000,3863.2000,3864.0000,2,2,1,1,2,2,2,2,1,1
SF,IF2003,2019-11-27 09:31:40.100,3861.0000,13887,0,207448020.000,3,1,2,多换,S,3860.6000,3860.4000,3860.2000,3860.0000,3859.8000,3861.0000,3862.0000,3862.4000,3862.8000,3863.2000,1,1,2,2,1,7,2,2,2,1
SF,IF2003,2019-11-27 09:31:40.600,3861.0000,13887,0,215556120.000,7,3,4,多换,S,3860.6000,3860.4000,3860.2000,3860.0000,3859.8000,3862.0000,3862.4000,3862.8000,3863.2000,3864.0000,1,1,2,2,1,2,2,2,1,1
SF,IF2003,2019-11-27 09:31:41.100,3861.0000,13887,0,215556120.000,0,-,-,-,-,3861.0000,3860.4000,3860.2000,3860.0000,3859.8000,3861.8000,3862.0000,3862.4000,3862.8000,3863.2000,1,1,2,2,1,3,2,2,2,1
SF,IF2003,2019-11-27 09:31:42.600,3861.0000,13887,0,215556120.000,0,-,-,-,-,3860.4000,3860.2000,3860.0000,3859.8000,3859.4000,3861.8000,3862.0000,3862.4000,3862.8000,3863.2000,1,2,2,1,2,3,2,2,2,1
SF,IF2003,2019-11-27 09:31:43.100,3861.0000,13887,0,215556120.000,0,-,-,-,-,3860.6000,3860.4000,3860.2000,3860.0000,3859.8000,3861.8000,3862.0000,3862.4000,3862.8000,3863.2000,1,1,2,2,1,3,2,3,2,1
SF,IF2003,2019-11-27 09:31:43.600,3861.0000,13887,0,215556120.000,0,-,-,-,-,3860.6000,3860.4000,3860.2000,3860.0000,3859.8000,3861.6000,3861.8000,3862.0000,3862.4000,3862.8000,1,1,2,2,1,2,1,2,3,2
SF,IF2003,2019-11-27 09:31:44.100,3861.0000,13887,0,215556120.000,0,-,-,-,-,3860.6000,3860.4000,3860.2000,3860.0000,3859.8000,3862.0000,3862.4000,3862.8000,3863.2000,3864.0000,1,1,2,2,1,1,3,2,1,1
SF,IF2003,2019-11-27 09:31:44.600,3861.0000,13887,0,215556120.000,0,-,-,-,-,3860.6000,3860.4000,3860.2000,3860.0000,3859.8000,3861.8000,3862.0000,3862.4000,3862.8000,3863.2000,1,1,2,2,1,2,1,3,2,1
SF,IF2003,2019-11-27 09:31:45.100,3861.0000,13887,0,215556120.000,0,-,-,-,-,3860.6000,3860.4000,3860.2000,3860.0000,3859.8000,3861.8000,3862.0000,3862.4000,3862.8000,3863.2000,1,1,2,2,1,2,1,3,2,1
SF,IF2003,2019-11-27 09:31:45.600,3861.0000,13887,0,215556120.000,0,-,-,-,-,3860.6000,3860.4000,3860.2000,3860.0000,3859.8000,3862.0000,3862.4000,3862.8000,3863.2000,3864.0000,1,1,2,2,1,1,3,2,1,1
SF,IF2003,2019-11-27 09:31:46.600,3862.0000,13886,-1,216714720.000,1,0,1,双平,S,3861.2000,3861.0000,3860.8000,3860.6000,3860.4000,3861.8000,3862.4000,3862.8000,3863.2000,3864.0000,5,1,1,1,1,1,3,2,1,1
SF,IF2003,2019-11-27 09:31:47.100,3861.8000,13885,-1,217873260.000,1,0,1,双平,S,3861.0000,3860.8000,3860.6000,3860.4000,3860.2000,3862.4000,3862.8000,3863.2000,3864.0000,3864.2000,2,2,1,1,1,3,2,1,1,1
SF,IF2003,2019-11-27 09:31:47.600,3861.8000,13885,0,217873260.000,0,-,-,-,-,3861.2000,3861.0000,3860.8000,3860.6000,3860.4000,3862.4000,3862.8000,3863.2000,3864.0000,3864.2000,1,2,2,1,1,2,2,1,1,1
SF,IF2003,2019-11-27 09:31:48.100,3861.8000,13885,0,217873260.000,0,-,-,-,-,3861.2000,3861.0000,3860.8000,3860.6000,3860.4000,3862.2000,3862.4000,3862.8000,3863.2000,3864.0000,1,2,2,1,1,2,2,2,1,1
SF,IF2003,2019-11-27 09:31:49.100,3861.8000,13885,0,217873260.000,0,-,-,-,-,3861.0000,3860.8000,3860.6000,3860.4000,3860.2000,3862.2000,3862.4000,3862.8000,3863.2000,3864.0000,2,2,1,1,1,2,2,2,1,1
SF,IF2003,2019-11-27 09:31:49.600,3861.8000,13885,0,217873260.000,0,-,-,-,-,3861.0000,3860.8000,3860.6000,3860.4000,3860.2000,3862.0000,3862.2000,3862.4000,3862.8000,3863.2000,2,2,1,1,1,1,2,2,2,1
SF,IF2003,2019-11-27 09:31:50.100,3861.8000,13885,0,217873260.000,0,-,-,-,-,3861.0000,3860.8000,3860.6000,3860.4000,3860.2000,3862.0000,3862.2000,3862.4000,3862.8000,3863.2000,1,1,1,1,1,1,2,2,2,1
SF,IF2003,2019-11-27 09:31:50.600,3861.8000,13885,0,217873260.000,0,-,-,-,-,3861.4000,3861.2000,3861.0000,3860.6000,3860.4000,3862.0000,3862.2000,3862.4000,3863.2000,3864.0000,5,1,3,1,1,1,2,2,1,1
SF,IF2003,2019-11-27 09:31:51.100,3861.2000,13879,-6,224823720.000,6,0,6,双平,S,3861.0000,3860.6000,3860.4000,3860.2000,3860.0000,3861.2000,3862.0000,3862.2000,3862.4000,3863.2000,1,1,1,1,2,1,1,2,2,1
SF,IF2003,2019-11-27 09:31:51.600,3861.2000,13879,0,228298740.000,3,1,2,多换,S,3861.2000,3860.6000,3860.4000,3860.2000,3860.0000,3862.0000,3862.2000,3862.4000,3863.2000,3864.0000,2,1,1,2,2,1,2,2,1,1
SF,IF2003,2019-11-27 09:31:52.100,3861.2000,13878,-1,230615460.000,2,0,2,多平,S,3860.6000,3860.4000,3860.2000,3860.0000,3859.8000,3861.8000,3862.0000,3862.2000,3862.4000,3863.2000,1,1,1,2,1,1,1,2,3,1
SF,IF2003,2019-11-27 09:31:52.600,3861.2000,13878,0,230615460.000,0,-,-,-,-,3860.4000,3860.2000,3860.0000,3859.8000,3859.4000,3861.8000,3862.0000,3862.2000,3862.4000,3863.2000,1,1,2,1,2,1,1,2,3,1
SF,IF2003,2019-11-27 09:31:53.100,3860.4000,13878,0,231773580.000,1,0,1,多换,S,3860.2000,3860.0000,3859.8000,3859.4000,3859.2000,3861.8000,3862.0000,3862.2000,3862.4000,3863.2000,1,2,1,2,2,1,1,2,3,1
SF,IF2003,2019-11-27 09:31:53.600,3860.4000,13878,0,231773580.000,0,-,-,-,-,3860.6000,3860.2000,3860.0000,3859.8000,3859.4000,3861.8000,3862.0000,3862.2000,3862.4000,3863.2000,1,1,2,1,2,1,1,2,3,1
SF,IF2003,2019-11-27 09:31:54.600,3860.4000,13878,0,232931700.000,1,0,1,多换,S,3860.2000,3860.0000,3859.8000,3859.4000,3859.2000,3861.6000,3861.8000,3862.0000,3862.2000,3862.4000,1,2,1,2,2,1,1,1,2,3
SF,IF2003,2019-11-27 09:31:55.100,3860.4000,13878,0,232931700.000,0,-,-,-,-,3860.4000,3860.2000,3860.0000,3859.8000,3859.4000,3862.0000,3862.2000,3862.4000,3863.2000,3864.0000,1,1,2,1,2,1,2,3,1,1
SF,IF2003,2019-11-27 09:31:55.600,3860.4000,13878,0,232931700.000,0,-,-,-,-,3860.4000,3860.2000,3860.0000,3859.8000,3859.4000,3861.4000,3861.8000,3862.0000,3862.2000,3862.4000,1,1,2,1,2,1,2,1,2,3
SF,IF2003,2019-11-27 09:31:56.100,3860.4000,13878,0,234089820.000,1,0,1,多换,S,3860.2000,3860.0000,3859.8000,3859.4000,3859.2000,3861.4000,3862.0000,3862.2000,3862.4000,3863.2000,1,2,1,2,2,1,1,2,3,1
SF,IF2003,2019-11-27 09:31:57.100,3860.4000,13878,0,234089820.000,0,-,-,-,-,3860.2000,3860.0000,3859.8000,3859.4000,3859.2000,3861.2000,3861.4000,3862.0000,3862.2000,3862.4000,1,2,1,2,2,1,1,1,2,3
SF,IF2003,2019-11-27 09:31:57.600,3860.4000,13878,0,234089820.000,0,-,-,-,-,3860.4000,3860.0000,3859.8000,3859.4000,3859.2000,3861.4000,3862.0000,3862.2000,3862.4000,3863.2000,1,2,1,2,2,1,1,2,3,1
SF,IF2003,2019-11-27 09:31:58.100,3861.0000,13878,0,235248120.000,1,0,1,多换,S,3860.4000,3860.0000,3859.8000,3859.4000,3859.2000,3861.2000,3861.4000,3862.0000,3862.2000,3862.4000,1,3,1,2,2,1,1,1,2,3
SF,IF2003,2019-11-27 09:31:58.600,3860.4000,13877,-1,236406240.000,1,0,1,双平,S,3860.0000,3859.8000,3859.4000,3859.2000,3859.0000,3860.2000,3861.0000,3861.4000,3862.0000,3862.2000,3,1,2,2,1,1,1,1,1,2
SF,IF2003,2019-11-27 09:31:59.100,3860.2000,13877,0,237564300.000,1,0,1,多换,S,3860.0000,3859.8000,3859.4000,3859.2000,3859.0000,3860.4000,3861.6000,3862.0000,3862.2000,3862.4000,1,1,2,2,1,1,1,1,2,3
SF,IF2003,2019-11-27 09:31:59.600,3860.0000,13876,-1,239880360.000,2,0,2,多平,S,3859.8000,3859.4000,3859.2000,3859.0000,3858.6000,3861.6000,3862.0000,3862.2000,3862.4000,3863.2000,2,1,2,1,1,1,1,2,3,1
SF,IF2003,2019-11-27 09:32:00.100,3859.8000,13875,-1,241038300.000,1,0,1,双平,S,3859.8000,3859.4000,3859.2000,3859.0000,3858.6000,3861.0000,3861.4000,3861.6000,3862.0000,3862.2000,1,1,2,1,1,1,9,1,1,2
SF,IF2003,2019-11-27 09:32:00.600,3859.8000,13876,1,243354180.000,2,1,1,空开,S,3859.4000,3859.0000,3858.6000,3858.0000,3857.6000,3859.8000,3860.8000,3861.0000,3861.2000,3861.4000,1,1,1,1,5,1,13,1,7,8
SF,IF2003,2019-11-27 09:32:01.100,3859.0000,13876,0,246827400.000,3,1,2,多换,S,3858.0000,3857.6000,3857.0000,3856.8000,3856.0000,3859.0000,3859.4000,3859.6000,3860.2000,3860.6000,1,5,1,4,4,1,1,1,1,6
SF,IF2003,2019-11-27 09:32:01.600,3859.0000,13876,0,246827400.000,0,-,-,-,-,3858.0000,3857.6000,3857.0000,3856.8000,3855.0000,3859.0000,3859.4000,3860.2000,3860.6000,3860.8000,1,5,1,4,9,1,1,1,6,12
SF,IF2003,2019-11-27 09:32:02.100,3859.0000,13876,0,246827400.000,0,-,-,-,-,3858.0000,3857.6000,3857.0000,3856.8000,3855.0000,3858.8000,3859.0000,3859.4000,3859.6000,3860.6000,1,3,2,4,9,1,1,1,1,6
SF,IF2003,2019-11-27 09:32:02.600,3859.0000,13876,0,246827400.000,0,-,-,-,-,3858.2000,3858.0000,3857.6000,3857.0000,3856.0000,3858.6000,3859.0000,3859.4000,3859.6000,3860.6000,1,1,3,2,2,1,1,1,1,6
SF,IF2003,2019-11-27 09:32:03.100,3858.2000,13875,-1,247984860.000,1,0,1,双平,S,3858.0000,3857.6000,3857.0000,3856.0000,3855.0000,3859.0000,3859.4000,3859.6000,3860.6000,3860.8000,1,3,2,2,9,1,1,1,6,12
SF,IF2003,2019-11-27 09:32:03.600,3858.2000,13875,0,247984860.000,0,-,-,-,-,3859.0000,3858.0000,3857.6000,3857.0000,3856.0000,3859.4000,3859.6000,3860.6000,3860.8000,3861.0000,2,1,3,2,2,1,1,6,12,1
SF,IF2003,2019-11-27 09:32:04.100,3859.0000,13873,-2,250300200.000,2,0,2,双平,S,3858.0000,3857.6000,3857.0000,3856.0000,3855.0000,3858.8000,3859.0000,3859.2000,3859.4000,3859.6000,1,3,2,2,9,1,3,3,1,1
SF,IF2003,2019-11-27 09:32:04.600,3859.0000,13873,0,250300200.000,0,-,-,-,-,3858.0000,3857.6000,3857.0000,3856.0000,3855.0000,3858.8000,3859.4000,3859.6000,3860.6000,3860.8000,1,3,2,2,9,1,1,1,6,12
SF,IF2003,2019-11-27 09:32:05.100,3858.8000,13873,0,251457840.000,1,0,1,多换,S,3858.2000,3858.0000,3857.6000,3857.0000,3856.0000,3859.4000,3859.6000,3860.6000,3860.8000,3861.0000,1,1,3,2,2,1,1,6,12,1
SF,IF2003,2019-11-27 09:32:05.600,3859.2000,13873,0,252615600.000,1,0,1,多换,S,3858.8000,3858.4000,3858.2000,3858.0000,3857.6000,3859.4000,3859.6000,3860.6000,3860.8000,3861.0000,2,2,1,2,3,1,1,6,12,1
SF,IF2003,2019-11-27 09:32:06.100,3859.4000,13872,-1,253773420.000,1,0,1,双平,S,3858.8000,3858.4000,3858.2000,3858.0000,3857.6000,3859.6000,3860.6000,3860.8000,3861.0000,3861.4000,2,2,1,2,3,1,6,12,1,5
SF,IF2003,2019-11-27 09:32:06.600,3859.6000,13871,-1,254931300.000,1,0,1,双平,S,3859.6000,3859.0000,3858.4000,3858.2000,3858.0000,3860.6000,3860.8000,3861.0000,3861.4000,3861.6000,2,1,2,1,2,6,12,1,5,1
SF,IF2003,2019-11-27 09:32:07.100,3859.6000,13870,-1,256089180.000,1,0,1,双平,S,3859.0000,3858.0000,3857.6000,3857.0000,3856.0000,3860.0000,3860.2000,3860.4000,3860.6000,3860.8000,1,3,3,2,2,2,1,11,6,7
SF,IF2003,2019-11-27 09:32:07.600,3859.6000,13870,0,256089180.000,0,-,-,-,-,3859.8000,3859.2000,3859.0000,3858.0000,3857.6000,3860.4000,3860.8000,3861.0000,3861.4000,3861.6000,1,1,1,3,3,4,6,1,1,1
SF,IF2003,2019-11-27 09:32:08.100,3859.6000,13870,0,256089180.000,0,-,-,-,-,3859.0000,3858.4000,3858.0000,3857.6000,3857.0000,3860.4000,3860.8000,3861.0000,3861.4000,3861.6000,1,1,3,3,2,4,6,1,1,1
SF,IF2003,2019-11-27 09:32:08.600,3859.6000,13870,0,256089180.000,0,-,-,-,-,3859.0000,3858.4000,3858.0000,3857.6000,3857.0000,3860.2000,3860.4000,3860.8000,3861.0000,3861.4000,1,1,3,3,2,1,4,6,2,1
SF,IF2003,2019-11-27 09:32:09.100,3859.6000,13870,0,256089180.000,0,-,-,-,-,3859.2000,3859.0000,3858.4000,3858.0000,3857.6000,3860.8000,3861.0000,3861.4000,3861.6000,3861.8000,3,1,1,3,3,4,2,1,1,1
SF,IF2003,2019-11-27 09:32:09.600,3859.6000,13870,0,256089180.000,0,-,-,-,-,3859.4000,3859.2000,3859.0000,3858.4000,3858.0000,3860.6000,3860.8000,3861.0000,3861.4000,3861.6000,1,1,1,1,3,3,4,2,1,1
SF,IF2003,2019-11-27 09:32:10.100,3859.6000,13870,0,256089180.000,0,-,-,-,-,3859.4000,3859.0000,3858.4000,3858.0000,3857.6000,3860.4000,3860.6000,3860.8000,3861.0000,3861.4000,1,1,1,3,3,2,1,4,1,1
SF,IF2003,2019-11-27 09:32:10.600,3859.6000,13870,0,256089180.000,0,-,-,-,-,3859.0000,3858.4000,3858.0000,3857.6000,3857.0000,3860.0000,3860.2000,3860.4000,3860.6000,3860.8000,1,1,3,3,3,2,1,8,1,4
SF,IF2003,2019-11-27 09:32:11.100,3859.6000,13870,0,256089180.000,0,-,-,-,-,3859.2000,3859.0000,3858.4000,3858.0000,3857.6000,3860.4000,3860.8000,3861.0000,3861.4000,3861.6000,1,1,1,3,3,7,4,1,1,1
SF,IF2003,2019-11-27 09:32:11.600,3859.6000,13869,-1,257247060.000,1,0,1,双平,S,3858.4000,3858.0000,3857.6000,3857.0000,3856.0000,3860.2000,3860.4000,3860.8000,3861.0000,3861.4000,1,3,3,3,2,3,5,4,1,1
SF,IF2003,2019-11-27 09:32:12.100,3859.6000,13869,0,257247060.000,0,-,-,-,-,3858.6000,3858.4000,3858.0000,3857.6000,3857.0000,3860.0000,3860.2000,3860.4000,3860.6000,3860.8000,1,1,3,3,3,2,4,5,1,2
SF,IF2003,2019-11-27 09:32:12.600,3859.6000,13869,0,257247060.000,0,-,-,-,-,3858.6000,3858.0000,3857.6000,3857.0000,3856.0000,3859.8000,3860.0000,3860.2000,3860.4000,3860.6000,1,3,3,3,2,1,4,3,5,1
SF,IF2003,2019-11-27 09:32:13.100,3859.6000,13869,0,257247060.000,0,-,-,-,-,3858.6000,3858.0000,3857.6000,3857.0000,3856.0000,3859.6000,3859.8000,3860.0000,3860.2000,3860.4000,1,3,3,3,2,2,1,4,1,5
SF,IF2003,2019-11-27 09:32:13.600,3859.6000,13869,0,257247060.000,0,-,-,-,-,3858.6000,3858.0000,3857.6000,3857.0000,3856.0000,3859.6000,3860.0000,3860.2000,3860.4000,3860.6000,1,3,3,3,2,2,4,1,5,1
SF,IF2003,2019-11-27 09:32:14.100,3858.6000,13868,-1,258404640.000,1,0,1,双平,S,3858.0000,3857.6000,3857.0000,3856.0000,3855.0000,3859.6000,3860.0000,3860.2000,3860.4000,3860.6000,3,3,3,2,9,2,4,1,5,1
SF,IF2003,2019-11-27 09:32:14.600,3858.6000,13868,0,258404640.000,0,-,-,-,-,3858.2000,3858.0000,3857.6000,3857.0000,3856.0000,3860.0000,3860.2000,3860.4000,3860.6000,3861.0000,4,3,3,3,2,4,1,5,1,1
SF,IF2003,2019-11-27 09:32:15.100,3858.6000,13868,0,258404640.000,0,-,-,-,-,3858.4000,3858.2000,3858.0000,3857.6000,3857.0000,3859.8000,3860.0000,3860.2000,3860.4000,3860.6000,5,5,4,3,3,1,7,1,5,1
SF,IF2003,2019-11-27 09:32:15.600,3858.6000,13868,0,258404640.000,0,-,-,-,-,3858.2000,3858.0000,3857.6000,3857.0000,3856.0000,3859.8000,3860.0000,3860.2000,3860.4000,3860.6000,3,3,3,3,2,2,7,1,5,1
SF,IF2003,2019-11-27 09:32:16.100,3858.6000,13867,-1,259562220.000,1,0,1,双平,S,3858.6000,3858.4000,3858.2000,3858.0000,3857.6000,3859.8000,3860.0000,3860.2000,3860.4000,3860.6000,5,4,1,4,3,2,5,1,5,1
SF,IF2003,2019-11-27 09:32:16.600,3858.6000,13867,0,259562220.000,0,-,-,-,-,3858.8000,3858.2000,3858.0000,3857.6000,3857.0000,3859.8000,3860.0000,3860.2000,3860.4000,3860.6000,3,1,4,3,3,1,5,1,5,1
SF,IF2003,2019-11-27 09:32:17.100,3858.6000,13867,0,259562220.000,0,-,-,-,-,3859.8000,3858.8000,3858.2000,3858.0000,3857.6000,3860.0000,3860.4000,3860.6000,3861.0000,3861.4000,1,3,1,4,3,3,5,1,1,1
SF,IF2003,2019-11-27 09:32:17.600,3859.8000,13867,0,260720160.000,1,0,1,多换,S,3858.0000,3857.6000,3857.0000,3856.0000,3855.0000,3859.8000,3860.0000,3860.4000,3860.6000,3861.0000,4,3,3,2,9,3,3,5,1,1
SF,IF2003,2019-11-27 09:32:18.100,3859.8000,13867,0,260720160.000,0,-,-,-,-,3858.6000,3858.4000,3858.2000,3858.0000,3857.6000,3859.6000,3859.8000,3860.0000,3860.4000,3860.6000,5,5,3,4,3,2,2,3,5,1
SF,IF2003,2019-11-27 09:32:18.600,3859.8000,13867,0,260720160.000,0,-,-,-,-,3858.8000,3858.2000,3858.0000,3857.6000,3857.0000,3859.6000,3859.8000,3860.0000,3860.4000,3860.6000,1,3,4,3,3,1,2,3,5,1
SF,IF2003,2019-11-27 09:32:19.100,3859.8000,13867,0,260720160.000,0,-,-,-,-,3858.2000,3858.0000,3857.6000,3857.0000,3856.0000,3859.6000,3859.8000,3860.0000,3860.4000,3860.6000,3,4,3,3,2,1,2,3,5,1
SF,IF2003,2019-11-27 09:32:19.600,3859.8000,13867,0,260720160.000,0,-,-,-,-,3858.4000,3858.2000,3858.0000,3857.6000,3857.0000,3859.6000,3859.8000,3860.0000,3860.4000,3860.6000,1,2,3,3,3,2,2,3,5,1
SF,IF2003,2019-11-27 09:32:20.100,3859.8000,13867,0,260720160.000,0,-,-,-,-,3858.2000,3858.0000,3857.6000,3857.0000,3856.0000,3859.4000,3859.6000,3859.8000,3860.0000,3860.4000,1,3,3,3,2,2,2,2,3,5
SF,IF2003,2019-11-27 09:32:20.600,3859.8000,13867,0,260720160.000,0,-,-,-,-,3858.4000,3858.2000,3858.0000,3857.6000,3857.0000,3859.2000,3859.6000,3859.8000,3860.0000,3860.4000,1,1,3,3,3,2,1,2,3,4
SF,IF2003,2019-11-27 09:32:21.100,3859.8000,13867,0,260720160.000,0,-,-,-,-,3858.2000,3858.0000,3857.6000,3857.0000,3856.0000,3859.2000,3859.6000,3859.8000,3860.0000,3860.4000,1,3,3,3,2,4,1,2,3,4
SF,IF2003,2019-11-27 09:32:21.600,3859.8000,13867,0,260720160.000,0,-,-,-,-,3858.4000,3858.2000,3858.0000,3857.6000,3857.0000,3859.6000,3859.8000,3860.0000,3860.4000,3860.6000,1,1,4,3,3,2,2,3,4,1
SF,IF2003,2019-11-27 09:32:22.100,3859.8000,13867,0,260720160.000,0,-,-,-,-,3858.4000,3858.0000,3857.6000,3857.0000,3856.0000,3859.0000,3859.4000,3859.6000,3859.8000,3860.0000,1,3,3,3,2,1,2,2,2,3
SF,IF2003,2019-11-27 09:32:22.600,3858.4000,13866,-1,261877680.000,1,0,1,双平,S,3858.0000,3857.6000,3857.0000,3856.0000,3855.0000,3858.2000,3859.4000,3859.6000,3859.8000,3860.0000,3,3,3,2,9,1,2,2,2,3
SF,IF2003,2019-11-27 09:32:23.100,3858.2000,13865,-1,263035140.000,1,0,1,双平,S,3858.4000,3858.2000,3858.0000,3857.6000,3857.0000,3859.6000,3859.8000,3860.0000,3860.4000,3860.6000,7,12,4,3,3,1,1,3,4,1
SF,IF2003,2019-11-27 09:32:23.600,3858.2000,13865,0,263035140.000,0,-,-,-,-,3858.6000,3858.4000,3858.2000,3858.0000,3857.6000,3859.6000,3859.8000,3860.0000,3860.4000,3860.6000,1,3,10,3,3,1,1,3,4,1
SF,IF2003,2019-11-27 09:32:24.100,3858.2000,13865,0,263035140.000,0,-,-,-,-,3858.8000,3858.6000,3858.4000,3858.2000,3858.0000,3859.6000,3859.8000,3860.0000,3860.4000,3860.6000,1,2,2,10,3,1,1,3,4,1
SF,IF2003,2019-11-27 09:32:24.600,3858.2000,13865,0,263035140.000,0,-,-,-,-,3858.6000,3858.4000,3858.2000,3858.0000,3857.6000,3859.6000,3859.8000,3860.0000,3860.4000,3860.6000,2,2,8,3,3,1,1,3,4,1
SF,IF2003,2019-11-27 09:32:25.100,3858.2000,13865,0,263035140.000,0,-,-,-,-,3858.4000,3858.2000,3858.0000,3857.6000,3857.0000,3859.6000,3859.8000,3860.0000,3860.4000,3860.6000,2,8,3,3,3,1,1,3,4,1
SF,IF2003,2019-11-27 09:32:25.600,3858.2000,13865,0,263035140.000,0,-,-,-,-,3858.6000,3858.4000,3858.2000,3858.0000,3857.6000,3859.6000,3859.8000,3860.0000,3860.4000,3860.6000,4,2,8,3,3,1,1,3,4,1
SF,IF2003,2019-11-27 09:32:26.100,3859.6000,13865,0,264193020.000,1,0,1,多换,S,3858.8000,3858.6000,3858.4000,3858.2000,3858.0000,3859.8000,3860.0000,3860.4000,3860.6000,3861.0000,5,4,2,8,3,1,3,4,1,1
SF,IF2003,2019-11-27 09:32:26.600,3859.6000,13865,0,264193020.000,0,-,-,-,-,3859.0000,3858.6000,3858.4000,3858.2000,3858.0000,3859.8000,3860.0000,3860.4000,3860.6000,3861.0000,1,2,2,8,3,1,3,4,1,1
SF,IF2003,2019-11-27 09:32:27.100,3859.6000,13865,0,264193020.000,0,-,-,-,-,3859.2000,3858.4000,3858.2000,3858.0000,3857.6000,3859.8000,3860.0000,3860.4000,3860.6000,3861.0000,1,2,8,3,3,1,3,4,1,1
SF,IF2003,2019-11-27 09:32:27.600,3859.6000,13865,0,264193020.000,0,-,-,-,-,3858.4000,3858.2000,3858.0000,3857.6000,3857.0000,3859.8000,3860.0000,3860.4000,3860.6000,3861.0000,2,7,4,3,3,1,3,4,1,1
SF,IF2003,2019-11-27 09:32:28.100,3859.8000,13865,0,265350960.000,1,0,1,多换,S,3859.8000,3859.2000,3859.0000,3858.6000,3858.4000,3860.0000,3861.0000,3861.4000,3861.6000,3862.2000,1,5,7,3,3,3,1,1,1,2
SF,IF2003,2019-11-27 09:32:28.600,3859.8000,13865,0,265350960.000,0,-,-,-,-,3859.8000,3859.2000,3859.0000,3858.6000,3858.4000,3860.0000,3861.0000,3861.4000,3861.6000,3862.2000,1,5,6,2,3,3,1,1,1,2
SF,IF2003,2019-11-27 09:32:29.100,3859.8000,13865,0,266508900.000,1,0,1,多换,S,3859.2000,3859.0000,3858.6000,3858.4000,3858.2000,3860.0000,3861.0000,3861.4000,3861.6000,3862.2000,5,6,2,3,4,3,1,1,1,2
SF,IF2003,2019-11-27 09:32:29.600,3860.0000,13862,-3,269982900.000,3,0,3,双平,S,3859.4000,3859.2000,3859.0000,3858.6000,3858.4000,3861.0000,3861.4000,3861.6000,3862.2000,3862.4000,2,5,6,2,3,1,1,1,2,3
SF,IF2003,2019-11-27 09:32:30.100,3860.0000,13862,0,269982900.000,0,-,-,-,-,3859.4000,3859.2000,3859.0000,3858.6000,3858.4000,3860.8000,3861.0000,3861.4000,3861.6000,3862.2000,2,5,6,2,3,3,1,1,1,2
SF,IF2003,2019-11-27 09:32:30.600,3859.4000,13861,-1,271140720.000,1,0,1,双平,S,3859.6000,3859.4000,3859.2000,3859.0000,3858.6000,3860.8000,3861.0000,3861.4000,3861.6000,3862.2000,1,1,5,6,2,2,1,1,1,2
SF,IF2003,2019-11-27 09:32:31.100,3859.4000,13861,0,271140720.000,0,-,-,-,-,3859.4000,3859.2000,3859.0000,3858.6000,3858.4000,3860.8000,3861.0000,3861.4000,3861.6000,3862.2000,1,5,6,2,3,2,1,1,1,2
SF,IF2003,2019-11-27 09:32:31.600,3859.4000,13861,0,271140720.000,0,-,-,-,-,3859.4000,3859.2000,3859.0000,3858.6000,3858.4000,3861.0000,3861.4000,3861.6000,3862.2000,3862.4000,1,5,6,2,3,1,1,1,2,3
SF,IF2003,2019-11-27 09:32:32.100,3859.4000,13861,0,271140720.000,0,-,-,-,-,3859.4000,3859.2000,3859.0000,3858.6000,3858.4000,3860.8000,3861.0000,3861.4000,3861.6000,3862.2000,1,5,6,2,3,2,1,1,1,2
SF,IF2003,2019-11-27 09:32:32.600,3859.4000,13861,0,271140720.000,0,-,-,-,-,3859.4000,3859.2000,3859.0000,3858.6000,3858.4000,3860.8000,3861.0000,3861.4000,3861.6000,3862.2000,1,5,6,2,3,4,1,1,1,2
SF,IF2003,2019-11-27 09:32:34.100,3860.8000,13861,0,272298960.000,1,0,1,多换,S,3859.2000,3859.0000,3858.6000,3858.4000,3858.2000,3860.8000,3861.0000,3861.4000,3861.6000,3862.2000,5,6,2,3,4,3,1,1,1,2
SF,IF2003,2019-11-27 09:32:34.600,3860.8000,13861,0,272298960.000,0,-,-,-,-,3859.0000,3858.6000,3858.4000,3858.2000,3858.0000,3860.6000,3860.8000,3861.0000,3861.4000,3861.6000,1,2,2,4,4,9,2,1,1,1
SF,IF2003,2019-11-27 09:32:35.100,3860.8000,13861,0,272298960.000,0,-,-,-,-,3859.2000,3859.0000,3858.6000,3858.4000,3858.2000,3860.4000,3860.6000,3860.8000,3861.0000,3861.4000,1,1,1,2,4,4,13,2,1,1
SF,IF2003,2019-11-27 09:32:35.600,3860.8000,13861,0,272298960.000,0,-,-,-,-,3859.2000,3858.6000,3858.4000,3858.2000,3858.0000,3860.2000,3860.4000,3860.6000,3860.8000,3861.0000,3,1,2,4,4,9,2,12,2,1
SF,IF2003,2019-11-27 09:32:36.100,3860.8000,13861,0,272298960.000,0,-,-,-,-,3859.2000,3858.6000,3858.4000,3858.2000,3858.0000,3860.2000,3860.4000,3860.6000,3860.8000,3861.0000,2,1,2,4,4,9,1,6,2,1
SF,IF2003,2019-11-27 09:32:36.600,3860.8000,13861,0,272298960.000,0,-,-,-,-,3859.2000,3858.6000,3858.4000,3858.2000,3858.0000,3860.2000,3860.4000,3860.6000,3860.8000,3861.0000,2,1,2,4,4,8,1,6,2,1
SF,IF2003,2019-11-27 09:32:37.100,3860.8000,13861,0,272298960.000,0,-,-,-,-,3859.4000,3859.2000,3859.0000,3858.6000,3858.4000,3860.2000,3860.6000,3860.8000,3861.0000,3861.4000,2,2,1,1,2,2,3,2,1,1
SF,IF2003,2019-11-27 09:32:37.600,3860.8000,13861,0,272298960.000,0,-,-,-,-,3859.4000,3859.2000,3859.0000,3858.6000,3858.4000,3860.8000,3861.0000,3861.4000,3861.6000,3862.2000,2,2,1,1,2,1,1,1,1,2
SF,IF2003,2019-11-27 09:32:38.600,3860.8000,13861,0,272298960.000,0,-,-,-,-,3859.4000,3859.2000,3859.0000,3858.6000,3858.4000,3860.8000,3861.0000,3861.4000,3861.6000,3862.2000,1,2,1,1,2,1,1,1,1,2
SF,IF2003,2019-11-27 09:32:39.100,3859.2000,13859,-2,275772300.000,3,0,3,多平,S,3859.0000,3858.6000,3858.4000,3858.2000,3858.0000,3860.6000,3860.8000,3861.0000,3861.4000,3861.6000,1,1,2,4,4,13,2,1,1,1
SF,IF2003,2019-11-27 09:32:39.600,3859.2000,13859,0,275772300.000,0,-,-,-,-,3858.4000,3858.2000,3858.0000,3857.6000,3857.0000,3859.4000,3860.2000,3860.4000,3860.6000,3860.8000,2,4,4,3,3,1,1,6,17,2
SF,IF2003,2019-11-27 09:32:40.100,3860.6000,13855,-4,282721260.000,6,1,5,多平,S,3858.6000,3858.4000,3858.2000,3858.0000,3857.6000,3860.6000,3860.8000,3861.0000,3861.4000,3861.6000,3,2,4,4,3,6,1,1,1,1
SF,IF2003,2019-11-27 09:32:40.600,3860.6000,13855,0,282721260.000,0,-,-,-,-,3858.8000,3858.6000,3858.4000,3858.2000,3858.0000,3860.4000,3860.6000,3860.8000,3861.0000,3861.4000,1,3,2,4,4,4,6,1,1,1
SF,IF2003,2019-11-27 09:32:41.100,3860.6000,13855,0,282721260.000,0,-,-,-,-,3858.6000,3858.4000,3858.2000,3858.0000,3857.6000,3860.2000,3860.4000,3860.6000,3860.8000,3861.0000,3,2,4,4,3,2,2,6,1,1
SF,IF2003,2019-11-27 09:32:41.600,3860.6000,13855,0,282721260.000,0,-,-,-,-,3858.6000,3858.4000,3858.2000,3858.0000,3857.6000,3860.0000,3860.2000,3860.4000,3860.6000,3860.8000,3,2,4,4,3,2,4,1,6,1
SF,IF2003,2019-11-27 09:32:42.100,3860.6000,13855,0,282721260.000,0,-,-,-,-,3858.8000,3858.6000,3858.4000,3858.2000,3858.0000,3860.0000,3860.2000,3860.4000,3860.6000,3860.8000,4,3,2,4,4,1,2,1,6,1
SF,IF2003,2019-11-27 09:32:42.600,3860.6000,13855,0,282721260.000,0,-,-,-,-,3859.0000,3858.8000,3858.6000,3858.4000,3858.2000,3860.0000,3860.4000,3860.6000,3860.8000,3861.0000,2,2,3,2,4,1,1,6,1,1
SF,IF2003,2019-11-27 09:32:43.100,3860.6000,13855,0,282721260.000,0,-,-,-,-,3858.8000,3858.6000,3858.4000,3858.2000,3858.0000,3860.0000,3860.4000,3860.6000,3860.8000,3861.0000,1,3,2,4,4,1,1,6,1,1
SF,IF2003,2019-11-27 09:32:43.600,3860.6000,13855,0,282721260.000,0,-,-,-,-,3859.0000,3858.8000,3858.6000,3858.4000,3858.2000,3860.4000,3860.6000,3860.8000,3861.0000,3861.4000,3,1,3,2,4,1,6,1,1,1
SF,IF2003,2019-11-27 09:32:44.100,3860.6000,13855,0,282721260.000,0,-,-,-,-,3859.0000,3858.8000,3858.6000,3858.4000,3858.2000,3860.2000,3860.4000,3860.6000,3860.8000,3861.0000,3,1,3,2,4,1,1,6,1,1
SF,IF2003,2019-11-27 09:32:44.600,3860.6000,13855,0,282721260.000,0,-,-,-,-,3859.2000,3859.0000,3858.8000,3858.6000,3858.4000,3860.4000,3860.6000,3860.8000,3861.0000,3861.4000,2,2,1,3,2,1,2,2,1,1
SF,IF2003,2019-11-27 09:32:45.100,3860.6000,13853,-2,285037560.000,2,0,2,双平,S,3860.6000,3859.4000,3859.2000,3859.0000,3858.8000,3861.0000,3861.4000,3861.6000,3862.2000,3862.4000,2,9,4,1,1,1,1,1,2,3
SF,IF2003,2019-11-27 09:32:45.600,3861.0000,13852,-1,286195860.000,1,0,1,双平,S,3859.8000,3859.6000,3859.4000,3859.2000,3859.0000,3861.4000,3861.6000,3862.2000,3862.4000,3863.2000,5,2,4,4,1,1,1,2,3,1
SF,IF2003,2019-11-27 09:32:46.100,3861.0000,13852,0,286195860.000,0,-,-,-,-,3860.2000,3860.0000,3859.8000,3859.6000,3859.4000,3861.6000,3862.2000,3862.4000,3863.2000,3864.0000,1,7,6,2,4,1,2,3,1,1
SF,IF2003,2019-11-27 09:32:46.600,3861.0000,13852,0,286195860.000,0,-,-,-,-,3860.4000,3860.2000,3860.0000,3859.8000,3859.6000,3862.2000,3862.4000,3863.2000,3864.0000,3865.4000,6,2,7,6,2,2,3,1,1,3
SF,IF2003,2019-11-27 09:32:47.100,3861.0000,13852,0,286195860.000,0,-,-,-,-,3860.4000,3860.2000,3860.0000,3859.8000,3859.6000,3862.0000,3862.4000,3863.2000,3864.0000,3865.4000,6,2,7,6,2,3,4,1,1,3
SF,IF2003,2019-11-27 09:32:47.600,3861.0000,13852,0,286195860.000,0,-,-,-,-,3860.2000,3860.0000,3859.8000,3859.6000,3859.4000,3861.8000,3862.0000,3862.4000,3863.2000,3864.0000,1,5,6,2,4,2,8,4,1,1
SF,IF2003,2019-11-27 09:32:48.100,3861.0000,13852,0,286195860.000,0,-,-,-,-,3860.6000,3860.2000,3860.0000,3859.8000,3859.6000,3861.6000,3862.0000,3862.4000,3863.2000,3864.0000,2,1,5,6,2,5,6,4,1,1
SF,IF2003,2019-11-27 09:32:48.600,3861.0000,13852,0,286195860.000,0,-,-,-,-,3860.2000,3860.0000,3859.8000,3859.6000,3859.4000,3861.6000,3862.0000,3862.4000,3863.2000,3864.0000,1,5,6,2,4,7,6,4,1,1
SF,IF2003,2019-11-27 09:32:50.600,3861.0000,13852,0,286195860.000,0,-,-,-,-,3860.4000,3860.2000,3860.0000,3859.8000,3859.6000,3861.6000,3862.0000,3862.4000,3863.2000,3864.0000,1,1,5,6,2,2,6,4,1,1
SF,IF2003,2019-11-27 09:32:51.100,3861.0000,13852,0,286195860.000,0,-,-,-,-,3860.6000,3860.2000,3860.0000,3859.8000,3859.6000,3861.6000,3862.0000,3862.4000,3863.2000,3864.0000,2,1,5,6,2,1,6,4,1,1
SF,IF2003,2019-11-27 09:32:52.600,3861.0000,13852,0,286195860.000,0,-,-,-,-,3860.6000,3860.2000,3860.0000,3859.8000,3859.6000,3861.6000,3862.0000,3862.4000,3863.2000,3864.0000,2,1,5,6,2,1,6,4,1,1
SF,IF2003,2019-11-27 09:32:53.600,3861.0000,13852,0,286195860.000,0,-,-,-,-,3860.6000,3860.2000,3860.0000,3859.8000,3859.6000,3862.0000,3862.4000,3863.2000,3864.0000,3865.4000,2,1,6,6,2,2,4,1,1,3
SF,IF2003,2019-11-27 09:32:54.100,3861.0000,13852,0,286195860.000,0,-,-,-,-,3860.6000,3860.2000,3860.0000,3859.8000,3859.6000,3862.0000,3862.4000,3863.2000,3864.0000,3865.4000,2,1,6,6,2,2,4,1,1,3
SF,IF2003,2019-11-27 09:32:54.600,3861.0000,13852,0,286195860.000,0,-,-,-,-,3860.6000,3860.2000,3860.0000,3859.8000,3859.6000,3861.8000,3862.0000,3862.4000,3863.2000,3864.0000,2,1,6,6,2,1,2,4,1,1
SF,IF2003,2019-11-27 09:32:55.100,3861.0000,13852,0,286195860.000,0,-,-,-,-,3860.6000,3860.2000,3860.0000,3859.8000,3859.6000,3861.6000,3862.0000,3862.4000,3863.2000,3864.0000,2,1,6,6,2,1,2,4,1,1
SF,IF2003,2019-11-27 09:32:55.600,3861.0000,13852,0,286195860.000,0,-,-,-,-,3860.2000,3860.0000,3859.8000,3859.6000,3859.4000,3861.6000,3862.0000,3862.4000,3863.2000,3864.0000,1,6,6,2,4,2,2,4,1,1
SF,IF2003,2019-11-27 09:32:56.100,3861.0000,13852,0,286195860.000,0,-,-,-,-,3860.2000,3860.0000,3859.8000,3859.6000,3859.4000,3861.4000,3861.6000,3862.0000,3862.4000,3863.2000,1,6,6,2,4,1,2,2,4,1
SF,IF2003,2019-11-27 09:32:56.600,3861.0000,13852,0,286195860.000,0,-,-,-,-,3860.2000,3860.0000,3859.8000,3859.6000,3859.4000,3861.2000,3861.4000,3862.0000,3862.4000,3863.2000,1,4,6,2,4,3,2,2,4,1
SF,IF2003,2019-11-27 09:32:57.100,3861.0000,13852,0,286195860.000,0,-,-,-,-,3860.0000,3859.8000,3859.4000,3859.2000,3859.0000,3861.2000,3861.4000,3862.0000,3862.4000,3863.2000,1,1,4,4,1,4,2,2,4,1
SF,IF2003,2019-11-27 09:32:57.600,3861.0000,13852,0,286195860.000,0,-,-,-,-,3860.0000,3859.8000,3859.4000,3859.2000,3859.0000,3861.0000,3861.2000,3861.4000,3861.6000,3862.0000,1,1,3,2,1,3,2,2,1,1
SF,IF2003,2019-11-27 09:32:58.100,3860.0000,13852,0,287353860.000,1,0,1,多换,S,3859.4000,3859.2000,3859.0000,3858.4000,3858.0000,3860.8000,3861.0000,3861.2000,3861.4000,3861.6000,1,2,1,2,4,7,3,1,2,1
SF,IF2003,2019-11-27 09:32:58.600,3860.0000,13852,0,287353860.000,0,-,-,-,-,3859.0000,3858.4000,3858.0000,3857.6000,3857.0000,3860.6000,3860.8000,3861.0000,3861.2000,3861.6000,1,2,4,3,3,8,7,3,1,1
SF,IF2003,2019-11-27 09:32:59.100,3860.0000,13852,0,287353860.000,0,-,-,-,-,3859.0000,3858.4000,3858.0000,3857.6000,3857.0000,3860.4000,3860.6000,3860.8000,3861.0000,3861.2000,1,2,4,3,3,2,2,5,3,1
SF,IF2003,2019-11-27 09:32:59.600,3860.0000,13852,0,287353860.000,0,-,-,-,-,3859.0000,3858.4000,3858.0000,3857.6000,3857.0000,3860.4000,3860.6000,3860.8000,3861.0000,3861.2000,1,2,4,3,3,7,2,1,1,1
SF,IF2003,2019-11-27 09:33:00.100,3860.0000,13852,0,287353860.000,0,-,-,-,-,3859.0000,3858.4000,3858.0000,3857.6000,3857.0000,3860.2000,3860.4000,3860.6000,3860.8000,3861.2000,1,2,4,3,3,1,7,2,1,1
SF,IF2003,2019-11-27 09:33:00.600,3860.0000,13852,0,287353860.000,0,-,-,-,-,3859.0000,3858.4000,3858.0000,3857.6000,3857.0000,3860.0000,3860.2000,3860.4000,3860.6000,3860.8000,1,2,4,3,3,3,1,5,2,1
SF,IF2003,2019-11-27 09:33:01.100,3860.0000,13852,0,287353860.000,0,-,-,-,-,3858.4000,3858.0000,3857.6000,3857.0000,3856.0000,3859.8000,3860.0000,3860.2000,3860.4000,3860.6000,2,4,3,3,3,2,5,1,5,1
SF,IF2003,2019-11-27 09:33:01.600,3860.0000,13852,0,287353860.000,0,-,-,-,-,3859.0000,3858.4000,3858.0000,3857.6000,3857.0000,3859.6000,3859.8000,3860.0000,3860.2000,3860.4000,1,2,4,3,3,1,2,4,1,5
SF,IF2003,2019-11-27 09:33:02.100,3860.0000,13852,0,287353860.000,0,-,-,-,-,3859.0000,3858.4000,3858.0000,3857.6000,3857.0000,3859.6000,3859.8000,3860.0000,3860.2000,3860.4000,1,2,4,3,3,1,2,4,1,5
SF,IF2003,2019-11-27 09:33:02.600,3859.4000,13852,0,289669380.000,2,1,1,多换,S,3858.4000,3858.0000,3857.6000,3857.0000,3856.0000,3859.6000,3859.8000,3860.0000,3860.2000,3860.4000,2,4,3,3,3,1,2,4,1,5
SF,IF2003,2019-11-27 09:33:03.100,3858.6000,13851,-1,290826960.000,1,0,1,双平,S,3858.4000,3858.0000,3857.6000,3857.0000,3856.0000,3859.8000,3860.0000,3860.2000,3860.4000,3860.6000,2,4,3,3,3,2,2,1,5,1
SF,IF2003,2019-11-27 09:33:03.600,3858.6000,13851,0,290826960.000,0,-,-,-,-,3858.6000,3858.4000,3858.0000,3857.6000,3857.0000,3859.6000,3859.8000,3860.0000,3860.2000,3860.4000,2,2,4,3,3,1,2,1,1,5
SF,IF2003,2019-11-27 09:33:04.100,3858.6000,13851,0,290826960.000,0,-,-,-,-,3858.6000,3858.4000,3858.0000,3857.6000,3857.0000,3859.8000,3860.0000,3860.2000,3860.4000,3860.6000,2,2,4,3,3,2,1,1,5,1
SF,IF2003,2019-11-27 09:33:04.600,3859.4000,13851,0,291984780.000,1,0,1,多换,S,3858.4000,3858.0000,3857.6000,3857.0000,3856.0000,3859.8000,3860.0000,3860.2000,3860.4000,3860.6000,2,4,3,3,3,2,1,1,5,1
SF,IF2003,2019-11-27 09:33:05.100,3859.4000,13851,0,291984780.000,0,-,-,-,-,3858.4000,3858.0000,3857.6000,3857.0000,3856.0000,3859.6000,3859.8000,3860.0000,3860.2000,3860.4000,2,4,3,3,3,1,2,1,1,5
SF,IF2003,2019-11-27 09:33:05.600,3859.4000,13851,0,291984780.000,0,-,-,-,-,3858.6000,3858.4000,3858.0000,3857.6000,3857.0000,3859.6000,3859.8000,3860.0000,3860.2000,3860.4000,5,2,5,3,3,1,2,1,1,1
SF,IF2003,2019-11-27 09:33:06.100,3859.4000,13851,0,291984780.000,0,-,-,-,-,3858.6000,3858.4000,3858.0000,3857.6000,3857.0000,3859.6000,3860.0000,3860.2000,3860.4000,3860.6000,4,2,5,3,3,1,1,1,1,1
SF,IF2003,2019-11-27 09:33:07.600,3859.4000,13851,0,291984780.000,0,-,-,-,-,3858.6000,3858.4000,3858.0000,3857.6000,3857.0000,3859.6000,3860.0000,3860.2000,3860.4000,3860.6000,3,2,5,3,3,1,1,1,1,1
SF,IF2003,2019-11-27 09:33:08.100,3859.4000,13851,0,291984780.000,0,-,-,-,-,3858.8000,3858.6000,3858.4000,3858.0000,3857.6000,3860.0000,3860.2000,3860.4000,3860.6000,3861.6000,1,2,2,5,3,1,1,1,1,3
SF,IF2003,2019-11-27 09:33:08.600,3859.4000,13851,0,291984780.000,0,-,-,-,-,3858.4000,3858.0000,3857.6000,3857.0000,3856.0000,3859.8000,3860.0000,3860.2000,3860.4000,3860.6000,2,5,3,3,3,3,1,1,1,1
SF,IF2003,2019-11-27 09:33:09.100,3859.4000,13851,0,291984780.000,0,-,-,-,-,3858.4000,3858.0000,3857.6000,3857.0000,3856.0000,3859.6000,3859.8000,3860.0000,3860.2000,3860.4000,2,5,3,3,3,1,3,1,1,1
SF,IF2003,2019-11-27 09:33:09.600,3858.4000,13850,-1,293142300.000,1,0,1,双平,S,3858.4000,3858.0000,3857.6000,3857.0000,3856.0000,3859.4000,3859.6000,3860.0000,3860.2000,3860.4000,1,5,3,3,3,4,3,1,1,1
SF,IF2003,2019-11-27 09:33:10.100,3858.4000,13850,0,293142300.000,0,-,-,-,-,3858.0000,3857.6000,3857.0000,3856.0000,3855.0000,3859.2000,3859.4000,3859.6000,3860.0000,3860.6000,4,3,3,3,16,1,4,3,1,1
SF,IF2003,2019-11-27 09:33:10.600,3858.4000,13850,0,293142300.000,0,-,-,-,-,3858.0000,3857.6000,3857.0000,3856.0000,3855.0000,3859.0000,3859.2000,3859.6000,3860.0000,3860.6000,4,3,3,3,16,4,2,4,1,1
SF,IF2003,2019-11-27 09:33:11.100,3858.4000,13850,0,293142300.000,0,-,-,-,-,3858.0000,3857.6000,3857.0000,3856.0000,3855.0000,3859.0000,3859.2000,3859.6000,3860.6000,3861.6000,4,3,3,3,16,4,2,4,1,3
SF,IF2003,2019-11-27 09:33:11.600,3858.4000,13850,0,293142300.000,0,-,-,-,-,3858.2000,3858.0000,3857.6000,3857.0000,3856.0000,3858.8000,3859.0000,3859.2000,3859.6000,3860.6000,1,4,3,3,3,2,4,2,2,1
SF,IF2003,2019-11-27 09:33:12.100,3858.2000,13849,-1,294299760.000,1,0,1,双平,S,3858.0000,3857.6000,3857.0000,3856.0000,3855.0000,3858.8000,3859.0000,3859.2000,3859.6000,3860.6000,4,3,3,3,16,2,3,2,2,1
SF,IF2003,2019-11-27 09:33:12.600,3858.2000,13849,0,294299760.000,0,-,-,-,-,3858.0000,3857.6000,3857.0000,3856.0000,3855.0000,3859.2000,3859.6000,3860.6000,3861.6000,3862.4000,4,3,3,3,16,2,2,1,3,3
SF,IF2003,2019-11-27 09:33:13.100,3859.0000,13849,0,295457460.000,1,0,1,多换,S,3858.0000,3857.6000,3857.0000,3856.0000,3855.0000,3859.0000,3859.2000,3859.6000,3860.6000,3861.6000,4,3,3,3,16,3,2,2,1,3
SF,IF2003,2019-11-27 09:33:14.100,3859.0000,13849,0,295457460.000,0,-,-,-,-,3858.0000,3857.6000,3857.0000,3856.0000,3855.0000,3859.0000,3859.2000,3859.6000,3860.6000,3861.6000,4,3,3,1,16,3,2,2,1,3
SF,IF2003,2019-11-27 09:33:14.600,3859.0000,13849,0,295457460.000,0,-,-,-,-,3858.0000,3857.6000,3857.0000,3856.0000,3855.0000,3858.6000,3858.8000,3859.0000,3859.2000,3859.6000,4,3,3,1,16,3,4,4,2,2
SF,IF2003,2019-11-27 09:33:15.100,3858.0000,13848,-1,296614860.000,1,0,1,双平,S,3858.0000,3857.6000,3857.0000,3856.0000,3855.0000,3858.4000,3858.8000,3859.0000,3859.2000,3859.6000,3,3,3,1,16,2,4,4,1,1
SF,IF2003,2019-11-27 09:33:15.600,3858.8000,13848,0,305875140.000,8,4,4,多换,S,3857.6000,3857.0000,3856.0000,3855.0000,3854.0000,3859.0000,3859.2000,3859.6000,3860.6000,3861.6000,3,3,1,16,1,2,1,1,1,3
SF,IF2003,2019-11-27 09:33:16.100,3858.8000,13848,0,305875140.000,0,-,-,-,-,3857.6000,3857.0000,3856.0000,3855.0000,3854.0000,3858.8000,3859.0000,3859.2000,3859.6000,3860.6000,3,3,1,16,1,2,2,1,1,1
SF,IF2003,2019-11-27 09:33:16.600,3858.8000,13848,0,305875140.000,0,-,-,-,-,3857.6000,3857.0000,3856.0000,3855.0000,3854.0000,3858.2000,3858.4000,3858.6000,3858.8000,3859.0000,3,3,1,16,1,3,4,2,13,2
SF,IF2003,2019-11-27 09:33:17.100,3858.8000,13848,0,305875140.000,0,-,-,-,-,3857.6000,3857.0000,3856.0000,3855.0000,3854.0000,3858.4000,3858.6000,3858.8000,3859.0000,3859.6000,3,3,1,16,1,4,2,12,2,1
SF,IF2003,2019-11-27 09:33:17.600,3858.8000,13848,0,305875140.000,0,-,-,-,-,3857.6000,3857.0000,3856.0000,3855.0000,3854.0000,3858.4000,3858.8000,3859.0000,3859.6000,3860.6000,3,3,1,16,1,4,12,2,1,1
SF,IF2003,2019-11-27 09:33:18.100,3857.6000,13846,-2,308189700.000,2,0,2,双平,S,3857.6000,3857.0000,3856.0000,3855.0000,3854.0000,3858.4000,3858.8000,3859.0000,3859.6000,3860.6000,1,3,1,16,1,4,12,1,1,1
SF,IF2003,2019-11-27 09:33:18.600,3857.6000,13846,0,308189700.000,0,-,-,-,-,3857.6000,3857.0000,3856.0000,3855.0000,3854.0000,3858.4000,3858.8000,3859.0000,3859.6000,3860.6000,1,3,1,16,1,3,3,1,1,1
SF,IF2003,2019-11-27 09:33:19.600,3857.6000,13846,0,308189700.000,0,-,-,-,-,3857.6000,3857.0000,3856.0000,3855.0000,3854.0000,3858.0000,3858.4000,3858.8000,3859.0000,3859.6000,1,3,1,16,1,1,3,3,1,1
SF,IF2003,2019-11-27 09:33:20.100,3858.0000,13845,-1,309347100.000,1,0,1,双平,S,3858.0000,3857.6000,3857.0000,3856.0000,3855.0000,3858.4000,3858.8000,3859.0000,3859.6000,3860.6000,1,1,3,1,16,2,3,1,1,1
SF,IF2003,2019-11-27 09:33:20.600,3858.0000,13845,0,309347100.000,0,-,-,-,-,3857.6000,3857.0000,3856.0000,3855.0000,3854.0000,3858.0000,3858.4000,3858.8000,3859.0000,3859.6000,1,3,1,16,1,1,2,3,1,1
SF,IF2003,2019-11-27 09:33:21.600,3858.0000,13845,0,309347100.000,0,-,-,-,-,3857.6000,3857.0000,3856.0000,3855.0000,3854.0000,3858.0000,3858.4000,3858.8000,3859.0000,3859.6000,1,3,1,16,1,2,2,3,1,1
SF,IF2003,2019-11-27 09:33:22.100,3857.6000,13844,-1,310504380.000,1,0,1,双平,S,3857.0000,3856.0000,3855.0000,3854.0000,3853.6000,3857.6000,3858.0000,3858.4000,3858.8000,3859.0000,3,1,16,1,1,1,2,2,3,1
SF,IF2003,2019-11-27 09:33:22.600,3857.6000,13844,0,310504380.000,0,-,-,-,-,3857.4000,3857.2000,3857.0000,3856.0000,3855.0000,3858.0000,3858.4000,3858.8000,3859.0000,3859.6000,1,3,3,1,13,2,2,2,1,1
SF,IF2003,2019-11-27 09:33:23.100,3857.6000,13844,0,310504380.000,0,-,-,-,-,3857.4000,3857.2000,3857.0000,3856.0000,3855.0000,3858.0000,3858.4000,3858.8000,3859.0000,3859.6000,1,2,3,1,13,2,2,2,1,1
SF,IF2003,2019-11-27 09:33:23.600,3857.6000,13844,0,310504380.000,0,-,-,-,-,3857.2000,3857.0000,3856.0000,3855.0000,3854.0000,3858.0000,3858.4000,3858.8000,3859.0000,3859.6000,2,3,1,13,1,2,2,2,1,1
SF,IF2003,2019-11-27 09:33:24.100,3857.6000,13844,0,310504380.000,0,-,-,-,-,3857.2000,3857.0000,3856.0000,3855.0000,3854.0000,3858.0000,3858.4000,3858.8000,3859.0000,3859.6000,2,3,1,13,1,2,2,2,1,1
SF,IF2003,2019-11-27 09:33:24.600,3857.6000,13844,0,310504380.000,0,-,-,-,-,3857.4000,3857.2000,3857.0000,3856.0000,3855.0000,3857.8000,3858.0000,3858.4000,3858.8000,3859.0000,1,2,3,1,13,1,2,2,2,1
SF,IF2003,2019-11-27 09:33:25.100,3857.6000,13844,0,310504380.000,0,-,-,-,-,3857.2000,3857.0000,3856.2000,3856.0000,3855.0000,3857.4000,3857.8000,3858.0000,3858.4000,3858.8000,2,2,1,1,13,1,1,2,2,2
SF,IF2003,2019-11-27 09:33:25.600,3857.6000,13844,0,310504380.000,0,-,-,-,-,3857.0000,3856.2000,3856.0000,3855.0000,3854.0000,3857.4000,3858.0000,3858.4000,3858.8000,3859.0000,2,1,1,13,1,1,1,2,2,1
SF,IF2003,2019-11-27 09:33:26.100,3857.0000,13844,0,311661480.000,1,0,1,多换,S,3857.0000,3856.2000,3856.0000,3855.0000,3854.0000,3857.4000,3858.0000,3858.4000,3858.8000,3859.0000,1,1,1,13,1,1,1,2,2,1
SF,IF2003,2019-11-27 09:33:26.600,3857.0000,13844,0,311661480.000,0,-,-,-,-,3857.2000,3857.0000,3856.2000,3856.0000,3855.0000,3858.0000,3858.4000,3858.8000,3859.0000,3859.6000,2,1,1,1,13,1,2,2,1,1
SF,IF2003,2019-11-27 09:33:27.100,3857.0000,13844,0,311661480.000,0,-,-,-,-,3857.0000,3856.2000,3856.0000,3855.0000,3854.0000,3857.2000,3858.0000,3858.4000,3858.8000,3859.0000,1,1,1,13,1,2,1,2,2,1
SF,IF2003,2019-11-27 09:33:27.600,3857.0000,13843,-1,312818580.000,1,0,1,双平,S,3856.2000,3856.0000,3855.0000,3854.0000,3853.6000,3857.0000,3857.8000,3858.0000,3858.4000,3858.8000,1,1,13,1,1,4,1,1,2,2
SF,IF2003,2019-11-27 09:33:28.100,3857.0000,13843,0,312818580.000,0,-,-,-,-,3856.4000,3856.2000,3856.0000,3855.0000,3854.0000,3856.8000,3857.0000,3857.8000,3858.0000,3858.4000,4,1,1,13,1,1,5,1,1,2
SF,IF2003,2019-11-27 09:33:28.600,3857.0000,13843,0,312818580.000,0,-,-,-,-,3856.4000,3856.2000,3856.0000,3855.0000,3854.0000,3856.8000,3857.0000,3858.0000,3858.4000,3858.8000,3,1,1,13,1,1,5,1,2,2
SF,IF2003,2019-11-27 09:33:29.100,3857.0000,13843,0,312818580.000,0,-,-,-,-,3856.4000,3856.2000,3856.0000,3855.0000,3854.0000,3856.8000,3857.0000,3858.0000,3858.4000,3858.8000,2,1,1,13,4,1,2,1,2,2
SF,IF2003,2019-11-27 09:33:29.600,3857.0000,13843,0,315132720.000,2,1,1,多换,S,3856.6000,3856.4000,3856.2000,3856.0000,3855.0000,3857.0000,3858.0000,3858.4000,3858.8000,3859.0000,1,2,1,1,13,1,1,2,2,1
SF,IF2003,2019-11-27 09:33:30.100,3857.0000,13843,0,315132720.000,0,-,-,-,-,3856.4000,3856.2000,3856.0000,3855.0000,3854.0000,3857.0000,3858.0000,3858.4000,3858.8000,3859.0000,2,1,1,13,4,1,1,2,2,1
SF,IF2003,2019-11-27 09:33:30.600,3857.0000,13843,0,315132720.000,0,-,-,-,-,3856.6000,3856.4000,3856.2000,3856.0000,3855.0000,3857.0000,3858.0000,3858.4000,3858.8000,3859.0000,1,2,1,1,13,1,1,2,2,1
SF,IF2003,2019-11-27 09:33:31.100,3857.0000,13843,0,315132720.000,0,-,-,-,-,3856.4000,3856.2000,3856.0000,3855.0000,3854.0000,3857.0000,3858.0000,3858.4000,3858.8000,3859.0000,2,1,1,13,4,1,1,2,2,1
SF,IF2003,2019-11-27 09:33:31.600,3857.0000,13843,0,315132720.000,0,-,-,-,-,3856.6000,3856.4000,3856.2000,3856.0000,3855.0000,3857.0000,3858.0000,3858.4000,3858.8000,3859.0000,2,2,1,1,13,1,1,2,2,1
SF,IF2003,2019-11-27 09:33:32.100,3857.0000,13843,0,315132720.000,0,-,-,-,-,3856.8000,3856.6000,3856.4000,3856.2000,3856.0000,3857.0000,3858.0000,3858.4000,3858.8000,3859.0000,2,1,2,1,1,1,1,2,2,1
SF,IF2003,2019-11-27 09:33:32.600,3856.8000,13841,-2,317446800.000,2,0,2,双平,S,3856.2000,3856.0000,3855.0000,3854.0000,3853.8000,3856.8000,3858.0000,3858.4000,3858.8000,3859.0000,1,1,13,4,3,3,1,2,2,1
SF,IF2003,2019-11-27 09:33:33.100,3856.2000,13836,-5,325545360.000,7,1,6,多平,S,3856.2000,3856.0000,3855.0000,3854.0000,3853.8000,3856.8000,3858.0000,3858.4000,3858.8000,3859.0000,1,1,13,4,3,1,1,2,2,1
SF,IF2003,2019-11-27 09:33:33.600,3856.2000,13836,0,325545360.000,0,-,-,-,-,3856.0000,3855.0000,3854.6000,3854.0000,3853.8000,3856.2000,3856.6000,3856.8000,3857.2000,3858.0000,1,13,1,4,3,5,1,1,1,1
SF,IF2003,2019-11-27 09:33:34.100,3856.2000,13826,-10,337113960.000,10,0,10,双平,S,3856.2000,3856.0000,3855.0000,3854.6000,3854.0000,3856.8000,3857.2000,3858.0000,3858.4000,3858.8000,1,1,13,1,4,1,1,1,2,2
SF,IF2003,2019-11-27 09:33:34.600,3856.6000,13821,-5,344056020.000,6,0,6,多平,S,3856.6000,3856.4000,3856.2000,3856.0000,3855.4000,3857.2000,3858.0000,3858.4000,3858.8000,3859.0000,2,6,9,1,1,1,1,2,2,1
SF,IF2003,2019-11-27 09:33:35.100,3857.2000,13821,0,345213180.000,1,0,1,多换,S,3856.2000,3856.0000,3855.0000,3854.6000,3854.0000,3856.6000,3857.8000,3858.0000,3858.4000,3858.8000,7,1,13,1,4,5,2,1,2,2
SF,IF2003,2019-11-27 09:33:35.600,3856.6000,13816,-5,352155060.000,6,0,6,多平,S,3856.6000,3856.2000,3856.0000,3855.0000,3854.6000,3857.8000,3858.0000,3858.4000,3858.8000,3859.0000,1,3,1,13,1,2,2,2,2,1
SF,IF2003,2019-11-27 09:33:36.100,3856.6000,13814,-2,354469020.000,2,0,2,双平,S,3856.2000,3856.0000,3855.6000,3855.0000,3854.6000,3856.6000,3857.6000,3857.8000,3858.0000,3858.4000,3,1,1,13,1,3,3,2,2,2
SF,IF2003,2019-11-27 09:33:36.600,3856.2000,13808,-6,363724440.000,8,1,7,多平,S,3856.0000,3855.6000,3855.0000,3854.6000,3854.0000,3857.8000,3858.0000,3858.4000,3858.8000,3859.0000,1,1,12,1,4,2,2,2,2,1
SF,IF2003,2019-11-27 09:33:37.100,3856.0000,13807,-1,366038100.000,2,0,2,多平,S,3855.6000,3855.0000,3854.6000,3854.0000,3853.8000,3856.0000,3857.6000,3857.8000,3858.0000,3858.4000,1,12,1,4,3,3,4,2,2,2
SF,IF2003,2019-11-27 09:33:37.600,3856.0000,13804,-3,369508500.000,3,0,3,双平,S,3856.0000,3855.8000,3855.6000,3855.0000,3854.6000,3857.6000,3857.8000,3858.0000,3858.4000,3858.8000,5,5,2,12,1,2,2,2,2,2
SF,IF2003,2019-11-27 09:33:38.100,3856.0000,13801,-3,372978900.000,3,0,3,双平,S,3855.8000,3855.6000,3855.0000,3854.6000,3854.0000,3856.0000,3857.2000,3857.4000,3857.6000,3857.8000,4,2,12,1,4,2,1,5,2,2
SF,IF2003,2019-11-27 09:33:38.600,3856.0000,13799,-2,375292500.000,2,0,2,双平,S,3856.2000,3856.0000,3855.8000,3855.6000,3855.0000,3857.6000,3857.8000,3858.0000,3858.4000,3858.8000,6,9,5,3,12,2,2,2,2,2
SF,IF2003,2019-11-27 09:33:39.100,3856.0000,13799,0,375292500.000,0,-,-,-,-,3856.2000,3856.0000,3855.8000,3855.6000,3855.0000,3857.4000,3857.6000,3857.8000,3858.0000,3858.4000,6,7,4,3,12,1,2,2,2,2
SF,IF2003,2019-11-27 09:33:39.600,3856.0000,13799,0,375292500.000,0,-,-,-,-,3856.4000,3856.2000,3856.0000,3855.8000,3855.6000,3857.8000,3858.0000,3858.4000,3858.8000,3859.0000,3,5,6,4,3,2,2,2,2,1
SF,IF2003,2019-11-27 09:33:40.100,3856.4000,13797,-2,377606340.000,2,0,2,双平,S,3856.4000,3856.2000,3856.0000,3855.8000,3855.6000,3857.8000,3858.0000,3858.4000,3858.8000,3859.0000,3,6,7,4,3,2,3,2,2,1
SF,IF2003,2019-11-27 09:33:40.600,3856.4000,13797,0,377606340.000,0,-,-,-,-,3856.4000,3856.2000,3856.0000,3855.8000,3855.6000,3857.6000,3857.8000,3858.0000,3858.4000,3858.8000,1,6,4,4,3,4,2,2,2,2
SF,IF2003,2019-11-27 09:33:41.100,3856.4000,13797,0,377606340.000,0,-,-,-,-,3856.6000,3856.4000,3856.2000,3856.0000,3855.8000,3857.6000,3857.8000,3858.0000,3858.4000,3858.8000,2,1,6,4,4,3,2,2,2,2
SF,IF2003,2019-11-27 09:33:41.600,3856.4000,13797,0,377606340.000,0,-,-,-,-,3856.6000,3856.4000,3856.2000,3856.0000,3855.8000,3857.6000,3857.8000,3858.0000,3858.4000,3858.8000,2,1,5,4,4,3,2,2,2,2
SF,IF2003,2019-11-27 09:33:42.100,3856.4000,13793,-4,382234020.000,4,0,4,双平,S,3856.2000,3856.0000,3855.8000,3855.6000,3855.0000,3857.6000,3857.8000,3858.0000,3858.4000,3858.8000,5,4,4,3,12,1,2,2,2,2
SF,IF2003,2019-11-27 09:33:42.600,3856.4000,13793,0,382234020.000,0,-,-,-,-,3856.0000,3855.8000,3855.6000,3855.0000,3854.6000,3857.4000,3857.6000,3857.8000,3858.0000,3858.4000,4,4,3,12,1,2,1,2,2,2
SF,IF2003,2019-11-27 09:33:43.100,3856.4000,13793,0,382234020.000,0,-,-,-,-,3856.4000,3856.2000,3856.0000,3855.8000,3855.6000,3857.8000,3858.0000,3858.4000,3858.8000,3859.0000,5,5,4,5,3,2,2,2,2,1
SF,IF2003,2019-11-27 09:33:43.600,3856.4000,13793,0,382234020.000,0,-,-,-,-,3856.4000,3856.2000,3856.0000,3855.8000,3855.6000,3857.6000,3857.8000,3858.0000,3858.4000,3858.8000,5,2,4,5,3,3,2,2,2,2
SF,IF2003,2019-11-27 09:33:44.100,3856.4000,13793,0,382234020.000,0,-,-,-,-,3856.4000,3856.2000,3856.0000,3855.8000,3855.6000,3857.4000,3857.6000,3857.8000,3858.0000,3858.4000,5,2,3,5,3,2,3,2,2,2
SF,IF2003,2019-11-27 09:33:44.600,3856.4000,13793,0,382234020.000,0,-,-,-,-,3856.4000,3856.2000,3856.0000,3855.8000,3855.6000,3857.2000,3857.6000,3857.8000,3858.0000,3858.4000,5,2,3,5,3,1,1,2,2,2
SF,IF2003,2019-11-27 09:33:45.100,3856.4000,13793,0,382234020.000,0,-,-,-,-,3856.4000,3856.2000,3856.0000,3855.8000,3855.6000,3857.2000,3857.6000,3857.8000,3858.0000,3858.4000,5,2,3,5,3,3,1,2,2,2
SF,IF2003,2019-11-27 09:33:45.600,3856.4000,13793,0,382234020.000,0,-,-,-,-,3856.4000,3856.2000,3856.0000,3855.8000,3855.6000,3857.2000,3857.6000,3857.8000,3858.0000,3858.4000,5,2,2,5,3,3,1,2,2,2
SF,IF2003,2019-11-27 09:33:46.100,3856.4000,13793,0,382234020.000,0,-,-,-,-,3856.4000,3856.2000,3856.0000,3855.8000,3855.6000,3857.2000,3857.6000,3857.8000,3858.0000,3858.4000,5,2,2,5,3,2,1,2,2,2
SF,IF2003,2019-11-27 09:33:46.600,3857.2000,13792,-1,384548340.000,2,0,2,多平,S,3857.0000,3856.8000,3856.6000,3856.4000,3856.2000,3857.8000,3858.0000,3858.4000,3858.8000,3859.0000,5,5,4,5,2,2,1,2,2,1
SF,IF2003,2019-11-27 09:33:47.100,3857.2000,13792,0,384548340.000,0,-,-,-,-,3857.2000,3856.6000,3856.4000,3856.2000,3856.0000,3857.8000,3858.0000,3858.4000,3858.8000,3859.0000,3,4,5,2,4,2,1,2,2,1
SF,IF2003,2019-11-27 09:33:47.600,3857.2000,13792,0,385705500.000,1,0,1,多换,S,3857.2000,3856.6000,3856.4000,3856.2000,3856.0000,3857.6000,3857.8000,3858.0000,3858.4000,3858.8000,2,4,5,2,4,1,2,1,2,2
SF,IF2003,2019-11-27 09:33:48.100,3857.2000,13792,0,388019820.000,2,1,1,多换,S,3856.6000,3856.4000,3856.2000,3856.0000,3855.8000,3857.6000,3857.8000,3858.0000,3858.4000,3858.8000,4,7,2,4,2,1,2,1,2,2
SF,IF2003,2019-11-27 09:33:48.600,3857.2000,13792,0,388019820.000,0,-,-,-,-,3856.6000,3856.4000,3856.2000,3856.0000,3855.8000,3857.4000,3857.6000,3857.8000,3858.0000,3858.4000,4,7,2,3,2,1,1,2,1,2
SF,IF2003,2019-11-27 09:33:49.100,3857.2000,13792,0,388019820.000,0,-,-,-,-,3856.4000,3856.2000,3856.0000,3855.8000,3855.6000,3857.2000,3857.4000,3857.8000,3858.0000,3858.4000,5,2,3,2,3,1,1,2,1,2
SF,IF2003,2019-11-27 09:33:50.100,3857.2000,13792,0,388019820.000,0,-,-,-,-,3856.4000,3856.2000,3856.0000,3855.8000,3855.6000,3857.2000,3857.4000,3857.8000,3858.0000,3858.4000,5,2,3,2,3,1,1,2,1,2
SF,IF2003,2019-11-27 09:33:50.600,3857.2000,13792,0,388019820.000,0,-,-,-,-,3856.4000,3856.2000,3856.0000,3855.8000,3855.6000,3857.0000,3857.2000,3857.4000,3857.8000,3858.0000,5,2,3,2,3,1,1,1,2,1
SF,IF2003,2019-11-27 09:33:51.100,3857.2000,13792,0,388019820.000,0,-,-,-,-,3856.2000,3856.0000,3855.8000,3855.6000,3855.0000,3857.0000,3857.4000,3857.8000,3858.0000,3858.4000,2,3,1,3,12,1,1,2,2,2
SF,IF2003,2019-11-27 09:33:51.600,3857.2000,13792,0,388019820.000,0,-,-,-,-,3856.6000,3856.2000,3856.0000,3855.8000,3855.6000,3857.4000,3857.8000,3858.0000,3858.4000,3858.8000,1,2,3,1,3,1,2,2,2,2
SF,IF2003,2019-11-27 09:33:52.100,3857.2000,13792,0,388019820.000,0,-,-,-,-,3856.6000,3856.2000,3856.0000,3855.8000,3855.6000,3857.2000,3857.8000,3858.0000,3858.4000,3858.8000,1,2,4,1,3,1,2,2,2,2
SF,IF2003,2019-11-27 09:33:52.600,3857.2000,13792,0,388019820.000,0,-,-,-,-,3856.2000,3856.0000,3855.8000,3855.6000,3855.0000,3857.2000,3857.8000,3858.0000,3858.4000,3858.8000,2,4,1,3,12,2,2,2,2,2
SF,IF2003,2019-11-27 09:33:53.100,3857.2000,13792,0,388019820.000,0,-,-,-,-,3856.4000,3856.2000,3856.0000,3855.8000,3855.6000,3857.2000,3857.8000,3858.0000,3858.4000,3858.8000,1,2,4,1,3,1,2,2,2,2
SF,IF2003,2019-11-27 09:33:53.600,3857.2000,13791,-1,389176980.000,1,0,1,双平,S,3856.4000,3856.2000,3856.0000,3855.8000,3855.6000,3857.8000,3858.0000,3858.4000,3858.8000,3859.0000,1,2,5,1,4,2,2,3,2,1
SF,IF2003,2019-11-27 09:33:54.100,3857.2000,13791,0,389176980.000,0,-,-,-,-,3856.2000,3856.0000,3855.8000,3855.6000,3855.0000,3857.0000,3857.8000,3858.0000,3858.4000,3858.8000,2,5,1,3,12,1,2,2,2,2
SF,IF2003,2019-11-27 09:33:54.600,3857.2000,13791,0,389176980.000,0,-,-,-,-,3856.2000,3856.0000,3855.8000,3855.6000,3855.0000,3857.8000,3858.0000,3858.4000,3858.8000,3859.0000,2,5,1,3,12,2,2,2,2,1
SF,IF2003,2019-11-27 09:33:55.100,3857.2000,13791,0,389176980.000,0,-,-,-,-,3856.6000,3856.4000,3856.2000,3856.0000,3855.8000,3857.8000,3858.0000,3858.4000,3858.8000,3859.0000,5,3,2,5,1,2,2,2,2,1
SF,IF2003,2019-11-27 09:33:55.600,3857.2000,13791,0,389176980.000,0,-,-,-,-,3856.6000,3856.4000,3856.2000,3856.0000,3855.8000,3857.6000,3857.8000,3858.0000,3858.4000,3858.8000,5,2,2,5,1,4,2,2,2,2
SF,IF2003,2019-11-27 09:33:56.100,3857.2000,13791,0,389176980.000,0,-,-,-,-,3856.6000,3856.4000,3856.2000,3856.0000,3855.8000,3857.8000,3858.0000,3858.4000,3858.8000,3859.0000,5,2,2,5,1,2,2,2,2,1
SF,IF2003,2019-11-27 09:33:56.600,3857.2000,13791,0,389176980.000,0,-,-,-,-,3856.6000,3856.4000,3856.2000,3856.0000,3855.8000,3857.4000,3857.8000,3858.0000,3858.4000,3858.8000,5,2,2,5,1,1,2,2,2,2
SF,IF2003,2019-11-27 09:33:57.100,3857.2000,13791,0,389176980.000,0,-,-,-,-,3856.4000,3856.2000,3856.0000,3855.8000,3855.6000,3857.4000,3857.6000,3857.8000,3858.0000,3858.4000,2,2,5,1,3,1,4,2,2,2
SF,IF2003,2019-11-27 09:33:57.600,3857.2000,13791,0,389176980.000,0,-,-,-,-,3856.4000,3856.2000,3856.0000,3855.8000,3855.6000,3857.4000,3857.8000,3858.0000,3858.4000,3858.8000,2,2,5,1,3,1,2,2,2,2
SF,IF2003,2019-11-27 09:33:58.100,3857.2000,13791,0,389176980.000,0,-,-,-,-,3856.4000,3856.2000,3856.0000,3855.8000,3855.6000,3857.8000,3858.0000,3858.4000,3858.8000,3859.0000,2,2,5,1,3,2,2,2,2,1
SF,IF2003,2019-11-27 09:33:58.600,3857.2000,13791,0,389176980.000,0,-,-,-,-,3856.4000,3856.2000,3856.0000,3855.8000,3855.6000,3857.2000,3857.8000,3858.0000,3858.4000,3858.8000,2,2,5,1,3,1,2,2,2,2
SF,IF2003,2019-11-27 09:33:59.100,3857.2000,13791,0,389176980.000,0,-,-,-,-,3856.2000,3856.0000,3855.8000,3855.6000,3855.0000,3857.2000,3857.6000,3857.8000,3858.0000,3858.4000,2,5,1,3,12,1,2,2,2,2
SF,IF2003,2019-11-27 09:33:59.600,3857.2000,13791,0,389176980.000,0,-,-,-,-,3856.2000,3856.0000,3855.8000,3855.6000,3855.0000,3857.2000,3857.8000,3858.0000,3858.4000,3858.8000,2,5,1,3,12,1,2,2,2,2
SF,IF2003,2019-11-27 09:34:00.100,3857.2000,13791,0,389176980.000,0,-,-,-,-,3856.6000,3856.2000,3856.0000,3855.8000,3855.6000,3857.0000,3857.2000,3857.8000,3858.0000,3858.4000,1,2,5,1,3,1,1,2,2,2
SF,IF2003,2019-11-27 09:34:00.600,3856.6000,13790,-1,390333960.000,1,0,1,双平,S,3856.0000,3855.8000,3855.6000,3855.0000,3854.6000,3857.0000,3857.2000,3857.8000,3858.0000,3858.4000,5,1,3,12,1,1,1,2,2,2
SF,IF2003,2019-11-27 09:34:01.100,3856.6000,13790,0,391490940.000,1,0,1,多换,S,3856.0000,3855.8000,3855.6000,3855.0000,3854.6000,3857.0000,3857.2000,3857.8000,3858.0000,3858.4000,5,1,3,12,1,1,1,2,2,2
SF,IF2003,2019-11-27 09:34:01.600,3856.6000,13790,0,391490940.000,0,-,-,-,-,3856.0000,3855.8000,3855.6000,3855.0000,3854.6000,3856.8000,3857.0000,3857.2000,3857.8000,3858.0000,4,1,2,12,1,1,1,1,2,2
SF,IF2003,2019-11-27 09:34:02.100,3856.6000,13790,0,391490940.000,0,-,-,-,-,3856.2000,3856.0000,3855.8000,3855.6000,3855.0000,3857.0000,3857.2000,3857.8000,3858.0000,3858.4000,1,4,1,2,12,1,1,2,2,2
SF,IF2003,2019-11-27 09:34:02.600,3856.6000,13790,0,391490940.000,0,-,-,-,-,3856.2000,3856.0000,3855.8000,3855.6000,3855.0000,3857.0000,3857.2000,3857.8000,3858.0000,3858.4000,1,4,1,2,12,1,1,2,2,2
SF,IF2003,2019-11-27 09:34:03.600,3856.6000,13790,0,391490940.000,0,-,-,-,-,3856.2000,3856.0000,3855.8000,3855.6000,3855.0000,3857.0000,3857.8000,3858.0000,3858.4000,3858.8000,1,4,1,2,12,1,2,2,2,2
SF,IF2003,2019-11-27 09:34:04.100,3856.6000,13790,0,391490940.000,0,-,-,-,-,3856.2000,3856.0000,3855.8000,3855.6000,3855.0000,3857.6000,3857.8000,3858.0000,3858.4000,3858.8000,1,4,1,2,12,1,2,2,2,2
SF,IF2003,2019-11-27 09:34:04.600,3856.6000,13790,0,391490940.000,0,-,-,-,-,3856.4000,3856.2000,3856.0000,3855.8000,3855.6000,3857.6000,3857.8000,3858.0000,3858.4000,3858.8000,1,1,4,1,2,1,2,2,2,2
SF,IF2003,2019-11-27 09:34:05.100,3856.6000,13790,0,391490940.000,0,-,-,-,-,3856.6000,3856.4000,3856.2000,3856.0000,3855.8000,3857.6000,3857.8000,3858.0000,3858.4000,3858.8000,6,4,1,4,1,1,2,1,2,2
SF,IF2003,2019-11-27 09:34:05.600,3856.6000,13790,0,391490940.000,0,-,-,-,-,3856.8000,3856.6000,3856.4000,3856.2000,3856.0000,3857.6000,3857.8000,3858.0000,3858.4000,3858.8000,5,6,3,1,4,1,2,1,2,2
SF,IF2003,2019-11-27 09:34:06.100,3856.6000,13790,0,391490940.000,0,-,-,-,-,3857.0000,3856.8000,3856.6000,3856.4000,3856.2000,3857.6000,3857.8000,3858.0000,3858.4000,3858.8000,4,6,6,3,1,1,2,1,2,2
SF,IF2003,2019-11-27 09:34:06.600,3856.6000,13790,0,391490940.000,0,-,-,-,-,3856.6000,3856.4000,3856.2000,3856.0000,3855.8000,3857.6000,3857.8000,3858.0000,3858.4000,3858.8000,1,2,1,4,1,1,2,1,2,2
SF,IF2003,2019-11-27 09:34:07.100,3856.6000,13790,0,391490940.000,0,-,-,-,-,3856.6000,3856.4000,3856.2000,3856.0000,3855.8000,3857.6000,3857.8000,3858.0000,3858.4000,3858.8000,1,2,1,4,1,1,2,1,2,2
SF,IF2003,2019-11-27 09:34:07.600,3856.6000,13790,0,391490940.000,0,-,-,-,-,3857.0000,3856.8000,3856.6000,3856.4000,3856.2000,3857.6000,3857.8000,3858.0000,3858.4000,3858.8000,5,4,2,2,1,1,2,1,2,2
SF,IF2003,2019-11-27 09:34:08.100,3856.6000,13790,0,391490940.000,0,-,-,-,-,3857.0000,3856.8000,3856.6000,3856.4000,3856.2000,3857.4000,3857.6000,3857.8000,3858.0000,3858.4000,5,3,2,2,1,1,1,2,1,2
SF,IF2003,2019-11-27 09:34:08.600,3857.0000,13788,-2,393805140.000,2,0,2,双平,S,3856.6000,3856.4000,3856.2000,3856.0000,3855.8000,3857.4000,3857.6000,3857.8000,3858.0000,3858.4000,1,2,1,4,1,1,1,2,1,2
SF,IF2003,2019-11-27 09:34:09.100,3857.0000,13788,0,393805140.000,0,-,-,-,-,3856.6000,3856.4000,3856.2000,3856.0000,3855.8000,3857.4000,3857.6000,3857.8000,3858.0000,3858.4000,1,2,1,4,1,1,1,2,1,2
SF,IF2003,2019-11-27 09:34:09.600,3857.0000,13788,0,393805140.000,0,-,-,-,-,3856.6000,3856.2000,3856.0000,3855.8000,3855.6000,3857.2000,3857.4000,3857.8000,3858.0000,3858.4000,1,1,4,1,1,1,1,2,1,2
SF,IF2003,2019-11-27 09:34:10.100,3857.0000,13788,0,394962240.000,1,0,1,多换,S,3856.6000,3856.0000,3855.8000,3855.6000,3855.0000,3857.2000,3857.4000,3857.8000,3858.0000,3858.4000,1,4,1,1,12,1,1,3,1,2
SF,IF2003,2019-11-27 09:34:10.600,3856.6000,13788,0,396119220.000,1,0,1,多换,S,3856.0000,3855.8000,3855.6000,3855.0000,3854.6000,3857.0000,3857.2000,3857.4000,3857.8000,3858.0000,4,1,1,12,1,2,1,1,3,1
SF,IF2003,2019-11-27 09:34:11.100,3856.0000,13787,-1,397276020.000,1,0,1,双平,S,3856.0000,3855.0000,3854.6000,3854.0000,3853.8000,3856.6000,3857.0000,3857.2000,3857.4000,3857.8000,3,12,1,4,3,1,2,1,1,3
SF,IF2003,2019-11-27 09:34:11.600,3856.0000,13786,-1,398432820.000,1,0,1,双平,S,3856.0000,3855.0000,3854.6000,3854.0000,3853.8000,3856.6000,3857.0000,3857.2000,3857.4000,3857.8000,2,12,1,4,3,1,1,1,1,3
SF,IF2003,2019-11-27 09:34:12.100,3856.0000,13784,-2,400746420.000,2,0,2,双平,S,3855.0000,3854.6000,3854.0000,3853.8000,3853.6000,3856.4000,3856.6000,3857.0000,3857.2000,3857.4000,12,1,4,3,4,1,1,2,1,1
SF,IF2003,2019-11-27 09:34:12.600,3856.6000,13784,0,401903400.000,1,0,1,多换,S,3855.4000,3855.0000,3854.6000,3854.0000,3853.8000,3857.0000,3857.2000,3857.8000,3858.0000,3858.4000,2,12,1,4,3,2,1,3,1,2
SF,IF2003,2019-11-27 09:34:13.100,3856.6000,13784,0,401903400.000,0,-,-,-,-,3855.6000,3855.4000,3855.2000,3855.0000,3854.6000,3856.8000,3857.0000,3857.2000,3857.8000,3858.0000,2,5,3,12,1,2,1,1,3,1
SF,IF2003,2019-11-27 09:34:13.600,3856.6000,13784,0,401903400.000,0,-,-,-,-,3855.6000,3855.4000,3855.2000,3855.0000,3854.6000,3856.8000,3857.0000,3857.2000,3857.8000,3858.0000,1,5,3,12,1,6,1,1,3,1
SF,IF2003,2019-11-27 09:34:14.100,3856.6000,13784,0,401903400.000,0,-,-,-,-,3855.6000,3855.0000,3854.6000,3854.0000,3853.8000,3856.6000,3856.8000,3857.0000,3857.2000,3857.8000,1,12,1,4,3,7,2,1,1,3
SF,IF2003,2019-11-27 09:34:14.600,3856.6000,13784,0,401903400.000,0,-,-,-,-,3855.6000,3855.0000,3854.6000,3854.0000,3853.8000,3856.6000,3856.8000,3857.0000,3857.2000,3857.8000,1,12,1,4,3,4,1,1,1,3
SF,IF2003,2019-11-27 09:34:15.100,3856.6000,13784,0,401903400.000,0,-,-,-,-,3855.6000,3855.0000,3854.6000,3854.0000,3853.8000,3856.6000,3856.8000,3857.0000,3857.8000,3858.0000,1,12,1,4,3,4,1,1,3,1
SF,IF2003,2019-11-27 09:34:16.600,3855.6000,13783,-1,403060080.000,1,0,1,双平,S,3855.0000,3854.6000,3854.0000,3853.8000,3853.6000,3856.4000,3856.6000,3856.8000,3857.0000,3857.8000,12,1,4,3,4,3,4,2,1,3
SF,IF2003,2019-11-27 09:34:17.100,3855.6000,13783,0,403060080.000,0,-,-,-,-,3855.0000,3854.0000,3853.8000,3853.6000,3853.4000,3855.6000,3856.2000,3856.4000,3856.6000,3856.8000,12,4,4,4,3,1,1,3,4,2
SF,IF2003,2019-11-27 09:34:17.600,3855.6000,13782,-1,404216760.000,1,0,1,双平,S,3855.8000,3855.6000,3855.2000,3855.0000,3854.0000,3856.4000,3856.8000,3857.8000,3858.0000,3858.4000,1,3,3,12,4,2,2,3,1,2
SF,IF2003,2019-11-27 09:34:18.100,3856.4000,13782,0,405373680.000,1,0,1,多换,S,3855.8000,3855.6000,3855.4000,3855.2000,3855.0000,3856.8000,3857.8000,3858.0000,3858.4000,3858.8000,1,4,5,6,12,2,3,1,2,2
SF,IF2003,2019-11-27 09:34:18.600,3856.4000,13782,0,405373680.000,0,-,-,-,-,3855.8000,3855.6000,3855.4000,3855.2000,3855.0000,3857.8000,3858.0000,3858.4000,3858.8000,3859.0000,1,3,5,6,12,3,1,2,2,1
SF,IF2003,2019-11-27 09:34:19.100,3856.4000,13782,0,405373680.000,0,-,-,-,-,3855.8000,3855.6000,3855.4000,3855.2000,3855.0000,3857.4000,3857.6000,3857.8000,3858.0000,3858.4000,1,3,5,6,12,1,9,3,1,2
SF,IF2003,2019-11-27 09:34:19.600,3856.4000,13782,0,405373680.000,0,-,-,-,-,3856.0000,3855.8000,3855.6000,3855.4000,3855.2000,3857.2000,3857.4000,3857.6000,3857.8000,3858.0000,1,1,3,5,6,1,1,1,3,1
SF,IF2003,2019-11-27 09:34:20.100,3856.4000,13782,0,405373680.000,0,-,-,-,-,3856.2000,3856.0000,3855.8000,3855.6000,3855.4000,3857.6000,3857.8000,3858.0000,3858.4000,3858.8000,1,5,1,3,5,1,3,1,2,2
SF,IF2003,2019-11-27 09:34:20.600,3856.4000,13782,0,405373680.000,0,-,-,-,-,3856.4000,3856.0000,3855.8000,3855.6000,3855.4000,3857.6000,3857.8000,3858.0000,3858.4000,3858.8000,1,5,1,3,6,1,3,1,2,2
SF,IF2003,2019-11-27 09:34:21.100,3856.4000,13782,0,405373680.000,0,-,-,-,-,3856.4000,3856.2000,3856.0000,3855.8000,3855.6000,3857.4000,3857.8000,3858.0000,3858.4000,3858.8000,1,1,4,1,3,1,3,1,2,2
SF,IF2003,2019-11-27 09:34:21.600,3856.4000,13782,0,405373680.000,0,-,-,-,-,3856.6000,3856.4000,3856.2000,3856.0000,3855.8000,3857.8000,3858.0000,3858.4000,3858.8000,3859.0000,1,1,1,4,1,3,1,2,2,1
SF,IF2003,2019-11-27 09:34:22.100,3856.4000,13782,0,405373680.000,0,-,-,-,-,3856.8000,3856.6000,3856.4000,3856.2000,3856.0000,3857.8000,3858.0000,3858.4000,3858.8000,3859.0000,5,5,1,1,4,2,1,2,2,1
SF,IF2003,2019-11-27 09:34:22.600,3856.4000,13782,0,406530600.000,1,0,1,多换,S,3856.6000,3856.4000,3856.2000,3856.0000,3855.6000,3857.8000,3858.0000,3858.4000,3858.8000,3859.0000,3,2,1,4,3,2,1,2,2,1
SF,IF2003,2019-11-27 09:34:23.100,3856.4000,13782,0,406530600.000,0,-,-,-,-,3856.6000,3856.4000,3856.2000,3856.0000,3855.6000,3857.6000,3857.8000,3858.0000,3858.4000,3858.8000,2,2,1,4,3,5,2,1,2,2
SF,IF2003,2019-11-27 09:34:23.600,3856.4000,13782,0,406530600.000,0,-,-,-,-,3856.4000,3856.2000,3856.0000,3855.6000,3855.4000,3857.6000,3857.8000,3858.0000,3858.4000,3858.8000,1,1,4,3,1,5,2,1,2,2
SF,IF2003,2019-11-27 09:34:24.600,3856.4000,13782,0,406530600.000,0,-,-,-,-,3856.4000,3856.2000,3856.0000,3855.4000,3855.2000,3857.4000,3857.6000,3857.8000,3858.0000,3858.4000,1,1,4,1,5,4,1,2,2,2
SF,IF2003,2019-11-27 09:34:25.100,3856.4000,13782,0,406530600.000,0,-,-,-,-,3856.0000,3855.4000,3855.2000,3855.0000,3854.6000,3857.2000,3857.4000,3857.6000,3857.8000,3858.0000,4,1,5,12,2,1,5,1,2,2
SF,IF2003,2019-11-27 09:34:25.600,3856.4000,13782,0,406530600.000,0,-,-,-,-,3855.4000,3855.2000,3855.0000,3854.6000,3854.0000,3856.2000,3857.0000,3857.2000,3857.6000,3857.8000,1,5,12,2,4,2,4,1,1,2
SF,IF2003,2019-11-27 09:34:26.100,3856.4000,13782,0,406530600.000,0,-,-,-,-,3855.2000,3855.0000,3854.6000,3854.0000,3853.8000,3857.0000,3857.8000,3858.0000,3858.4000,3858.8000,3,12,2,4,4,1,2,2,2,2
SF,IF2003,2019-11-27 09:34:26.600,3856.4000,13782,0,406530600.000,0,-,-,-,-,3855.6000,3855.4000,3855.2000,3855.0000,3854.6000,3856.8000,3857.0000,3857.8000,3858.0000,3858.4000,5,5,4,13,2,2,1,2,2,2
SF,IF2003,2019-11-27 09:34:27.100,3856.4000,13782,0,406530600.000,0,-,-,-,-,3855.0000,3854.6000,3854.0000,3853.8000,3853.6000,3856.6000,3856.8000,3857.0000,3857.2000,3857.8000,12,2,4,4,4,2,4,1,1,2
SF,IF2003,2019-11-27 09:34:27.600,3856.4000,13782,0,406530600.000,0,-,-,-,-,3855.2000,3855.0000,3854.6000,3854.0000,3853.8000,3856.4000,3856.6000,3856.8000,3857.0000,3857.2000,1,13,2,4,4,1,2,1,1,1
SF,IF2003,2019-11-27 09:34:28.100,3856.4000,13782,0,406530600.000,0,-,-,-,-,3855.0000,3854.6000,3854.0000,3853.8000,3853.6000,3856.6000,3856.8000,3857.0000,3857.2000,3857.8000,13,2,4,4,4,2,1,1,1,2
SF,IF2003,2019-11-27 09:34:28.600,3856.4000,13782,0,406530600.000,0,-,-,-,-,3855.6000,3855.4000,3855.2000,3855.0000,3854.6000,3856.2000,3856.8000,3857.0000,3857.2000,3857.8000,5,8,3,14,2,1,1,1,1,2
SF,IF2003,2019-11-27 09:34:29.100,3856.4000,13782,0,406530600.000,0,-,-,-,-,3855.0000,3854.6000,3854.0000,3853.8000,3853.6000,3856.4000,3856.8000,3857.0000,3857.2000,3857.8000,12,2,4,4,4,2,1,1,1,2
SF,IF2003,2019-11-27 09:34:29.600,3856.4000,13782,0,406530600.000,0,-,-,-,-,3855.2000,3855.0000,3854.6000,3854.0000,3853.8000,3856.8000,3857.0000,3857.2000,3857.8000,3858.0000,2,12,2,4,4,1,1,1,2,2
SF,IF2003,2019-11-27 09:34:30.100,3856.4000,13782,0,406530600.000,0,-,-,-,-,3855.2000,3855.0000,3854.6000,3854.0000,3853.8000,3856.6000,3856.8000,3857.0000,3857.2000,3857.8000,2,12,2,4,4,1,1,1,1,2
SF,IF2003,2019-11-27 09:34:30.600,3855.0000,13784,2,410000220.000,3,2,1,空开,S,3855.0000,3854.6000,3854.0000,3853.8000,3853.6000,3856.4000,3856.6000,3856.8000,3857.0000,3857.2000,11,2,4,5,4,1,4,2,1,1
SF,IF2003,2019-11-27 09:34:31.100,3855.0000,13784,0,410000220.000,0,-,-,-,-,3855.0000,3854.8000,3854.6000,3854.0000,3853.8000,3856.2000,3856.4000,3856.6000,3856.8000,3857.0000,11,6,2,4,4,2,2,4,1,1
SF,IF2003,2019-11-27 09:34:31.600,3855.0000,13784,0,410000220.000,0,-,-,-,-,3855.0000,3854.8000,3854.6000,3854.0000,3853.8000,3856.2000,3856.8000,3857.0000,3857.2000,3857.8000,12,6,2,4,4,2,1,1,1,2
SF,IF2003,2019-11-27 09:34:32.100,3855.0000,13784,0,410000220.000,0,-,-,-,-,3855.4000,3855.2000,3855.0000,3854.8000,3854.6000,3856.2000,3856.8000,3857.0000,3857.2000,3857.8000,5,3,12,6,2,2,1,1,1,2
