市场代码,合约代码,时间,最新,持仓,增仓,成交额,成交量,开仓,平仓,成交类型,方向,买一价,买二价,买三价,买四价,买五价,卖一价,卖二价,卖三价,卖四价,卖五价,买一量,买二量,买三量,买四量,买五量,卖一量,卖二量,卖三量,卖四量,卖五量
SF,IF2012,2020-04-27 09:29:00.000,3633.2000,1953,0,2179920.000,2.000,-,-,-,-,3633.0000,3628.2000,3627.2000,3621.2000,3620.8000,3646.0000,3649.0000,3649.6000,3653.4000,3658.0000,1,1,2,1,2,1,1,1,1,1
SF,IF2012,2020-04-27 09:30:00.500,3633.2000,1953,0,2179920.000,0,-,-,-,-,3633.4000,3633.0000,3628.2000,3627.2000,3620.8000,3644.8000,3645.4000,3645.6000,3645.8000,3646.0000,1,1,1,1,1,1,1,2,1,1
SF,IF2012,2020-04-27 09:30:01.000,3633.2000,1953,0,2179920.000,0,-,-,-,-,3633.6000,3633.4000,3633.0000,3628.2000,3612.0000,3644.4000,3644.8000,3645.4000,3645.8000,3646.0000,1,1,1,1,1,2,1,1,1,1
SF,IF2012,2020-04-27 09:30:01.500,3633.2000,1953,0,2179920.000,0,-,-,-,-,3634.0000,3633.6000,3633.0000,3628.2000,3612.0000,3644.4000,3644.8000,3645.4000,3645.8000,3646.0000,1,1,1,1,1,1,1,1,1,1
SF,IF2012,2020-04-27 09:30:02.000,3633.2000,1953,0,2179920.000,0,-,-,-,-,3634.2000,3634.0000,3633.8000,3633.0000,3628.2000,3643.6000,3644.4000,3644.8000,3645.4000,3645.8000,2,1,1,1,1,3,1,1,1,1
SF,IF2012,2020-04-27 09:30:02.500,3633.2000,1953,0,2179920.000,0,-,-,-,-,3635.2000,3634.6000,3634.2000,3633.0000,3628.2000,3643.6000,3644.4000,3644.8000,3645.4000,3645.8000,1,1,2,1,1,3,1,1,1,1
SF,IF2012,2020-04-27 09:30:03.000,3633.2000,1953,0,2179920.000,0,-,-,-,-,3635.6000,3635.4000,3635.2000,3633.0000,3628.2000,3643.6000,3644.4000,3644.8000,3645.4000,3645.8000,1,2,1,1,1,3,1,1,1,1
SF,IF2012,2020-04-27 09:30:03.500,3633.2000,1953,0,2179920.000,0,-,-,-,-,3635.8000,3635.6000,3635.2000,3633.0000,3628.2000,3643.4000,3644.8000,3645.4000,3645.8000,3646.0000,1,1,1,1,1,2,1,1,1,1
SF,IF2012,2020-04-27 09:30:04.000,3633.2000,1953,0,2179920.000,0,-,-,-,-,3636.2000,3635.8000,3635.2000,3633.0000,3628.2000,3642.8000,3643.4000,3644.8000,3645.4000,3645.8000,1,1,1,1,1,3,1,1,1,1
SF,IF2012,2020-04-27 09:30:04.500,3635.6000,1952,-1,3270600.000,1,0,1,双平,S,3636.4000,3636.2000,3635.2000,3633.0000,3628.2000,3642.8000,3645.4000,3645.8000,3646.0000,3658.0000,1,1,1,1,1,3,1,1,1,1
SF,IF2012,2020-04-27 09:30:05.000,3635.6000,1952,0,3270600.000,0,-,-,-,-,3636.8000,3636.4000,3635.2000,3633.0000,3628.2000,3642.8000,3645.4000,3645.8000,3646.0000,3658.0000,1,1,1,1,1,3,1,1,1,1
SF,IF2012,2020-04-27 09:30:05.500,3635.6000,1952,0,3270600.000,0,-,-,-,-,3637.0000,3636.8000,3635.2000,3633.0000,3628.2000,3642.8000,3645.4000,3645.8000,3646.0000,3658.0000,2,1,1,1,1,3,1,1,1,1
SF,IF2012,2020-04-27 09:30:06.000,3635.6000,1952,0,3270600.000,0,-,-,-,-,3637.4000,3637.0000,3635.2000,3633.0000,3628.2000,3642.8000,3645.4000,3645.8000,3646.0000,3658.0000,1,2,1,1,1,3,1,1,1,1
SF,IF2012,2020-04-27 09:30:06.500,3635.6000,1952,0,3270600.000,0,-,-,-,-,3637.6000,3637.4000,3637.0000,3633.0000,3628.2000,3642.8000,3645.8000,3646.0000,3649.6000,3658.0000,1,1,1,1,1,3,1,1,1,1
SF,IF2012,2020-04-27 09:30:07.000,3635.6000,1952,0,3270600.000,0,-,-,-,-,3638.0000,3637.6000,3637.0000,3633.0000,3628.2000,3642.8000,3645.8000,3646.0000,3649.6000,3658.0000,1,1,1,1,1,3,1,1,1,1
SF,IF2012,2020-04-27 09:30:07.500,3635.6000,1952,0,3270600.000,0,-,-,-,-,3638.2000,3637.0000,3633.0000,3628.2000,3612.0000,3642.8000,3645.8000,3646.0000,3649.6000,3658.0000,1,1,1,1,1,3,1,1,1,1
SF,IF2012,2020-04-27 09:30:09.000,3635.6000,1952,0,3270600.000,0,-,-,-,-,3638.2000,3633.0000,3628.2000,3612.0000,3606.2000,3642.4000,3642.8000,3645.8000,3646.0000,3649.6000,1,1,1,1,1,1,3,1,1,1
SF,IF2012,2020-04-27 09:30:09.500,3635.6000,1952,0,3270600.000,0,-,-,-,-,3638.2000,3633.0000,3628.2000,3612.0000,3606.2000,3642.8000,3645.8000,3646.0000,3648.0000,3649.6000,1,1,1,1,1,3,1,1,1,1
SF,IF2012,2020-04-27 09:30:10.000,3635.6000,1952,0,3270600.000,0,-,-,-,-,3638.2000,3633.0000,3628.2000,3612.0000,3606.2000,3642.0000,3642.6000,3645.8000,3646.0000,3648.0000,1,1,1,1,1,1,2,1,1,1
SF,IF2012,2020-04-27 09:30:11.000,3635.6000,1952,0,3270600.000,0,-,-,-,-,3638.2000,3633.0000,3628.2000,3612.0000,3606.2000,3642.0000,3642.6000,3645.8000,3646.0000,3648.0000,1,1,1,1,1,1,1,1,1,1
SF,IF2012,2020-04-27 09:30:11.500,3635.6000,1952,0,3270600.000,0,-,-,-,-,3638.2000,3633.0000,3628.2000,3612.0000,3606.2000,3642.0000,3642.6000,3645.8000,3646.0000,3648.0000,1,1,1,1,1,1,1,1,1,1
SF,IF2012,2020-04-27 09:30:12.000,3635.6000,1952,0,3270600.000,0,-,-,-,-,3638.4000,3638.2000,3633.0000,3628.2000,3612.0000,3642.0000,3642.6000,3645.8000,3646.0000,3648.0000,1,1,1,1,1,1,1,1,1,1
SF,IF2012,2020-04-27 09:30:12.500,3635.6000,1952,0,4361280.000,1,0,1,多换,S,3638.4000,3633.0000,3628.2000,3612.0000,3606.2000,3641.8000,3642.0000,3642.6000,3645.8000,3646.0000,1,1,1,1,1,1,1,1,1,1
SF,IF2012,2020-04-27 09:30:14.000,3635.6000,1952,0,4361280.000,0,-,-,-,-,3638.8000,3638.4000,3633.0000,3628.2000,3612.0000,3641.8000,3642.6000,3645.8000,3646.0000,3648.0000,1,1,1,1,1,1,1,1,1,1
SF,IF2012,2020-04-27 09:30:14.500,3635.6000,1952,0,4361280.000,0,-,-,-,-,3638.8000,3633.0000,3628.2000,3612.0000,3606.2000,3641.8000,3642.6000,3645.8000,3646.0000,3648.0000,1,1,1,1,1,1,1,1,1,1
SF,IF2012,2020-04-27 09:30:15.000,3635.6000,1952,0,4361280.000,0,-,-,-,-,3638.8000,3633.0000,3628.2000,3612.0000,3606.2000,3641.6000,3641.8000,3642.6000,3645.8000,3646.0000,1,1,1,1,1,1,1,1,1,1
SF,IF2012,2020-04-27 09:30:15.500,3635.6000,1952,0,4361280.000,0,-,-,-,-,3638.8000,3633.0000,3628.2000,3612.0000,3606.2000,3641.6000,3641.8000,3645.8000,3646.0000,3648.0000,1,1,1,1,1,1,1,1,1,1
SF,IF2012,2020-04-27 09:30:16.000,3635.6000,1952,0,4361280.000,0,-,-,-,-,3638.8000,3633.0000,3628.2000,3612.0000,3606.2000,3641.4000,3641.6000,3641.8000,3645.8000,3646.0000,1,1,1,1,1,1,2,1,1,1
SF,IF2012,2020-04-27 09:30:16.500,3635.6000,1952,0,4361280.000,0,-,-,-,-,3638.8000,3633.0000,3628.2000,3612.0000,3606.2000,3641.4000,3641.6000,3641.8000,3645.8000,3646.0000,1,1,1,1,1,2,1,1,1,1
SF,IF2012,2020-04-27 09:30:17.000,3635.6000,1952,0,4361280.000,0,-,-,-,-,3633.0000,3628.2000,3612.0000,3606.2000,3587.0000,3641.4000,3641.8000,3645.8000,3646.0000,3648.0000,1,1,1,1,1,1,1,1,1,1
SF,IF2012,2020-04-27 09:30:17.500,3635.6000,1952,0,4361280.000,0,-,-,-,-,3633.4000,3633.0000,3628.2000,3612.0000,3606.2000,3641.2000,3641.4000,3645.8000,3646.0000,3648.0000,1,1,1,1,1,1,1,1,1,1
SF,IF2012,2020-04-27 09:30:18.000,3635.6000,1952,0,4361280.000,0,-,-,-,-,3636.0000,3633.6000,3633.4000,3633.0000,3628.2000,3641.2000,3645.8000,3646.0000,3648.0000,3663.4000,1,1,1,1,1,2,1,1,1,4
SF,IF2012,2020-04-27 09:30:18.500,3635.6000,1952,0,4361280.000,0,-,-,-,-,3636.4000,3636.0000,3633.6000,3633.0000,3628.2000,3641.2000,3645.8000,3646.0000,3648.0000,3663.4000,1,1,1,1,1,2,1,1,1,4
SF,IF2012,2020-04-27 09:30:19.000,3635.6000,1952,0,4361280.000,0,-,-,-,-,3636.4000,3636.0000,3633.6000,3633.0000,3628.2000,3641.2000,3645.8000,3646.0000,3648.0000,3663.4000,2,1,1,1,1,2,1,1,1,4
SF,IF2012,2020-04-27 09:30:19.500,3635.6000,1952,0,4361280.000,0,-,-,-,-,3637.0000,3636.8000,3636.4000,3633.6000,3633.0000,3641.2000,3645.8000,3646.0000,3648.0000,3663.4000,1,1,1,1,1,2,1,1,1,4
SF,IF2012,2020-04-27 09:30:20.000,3635.6000,1952,0,4361280.000,0,-,-,-,-,3637.4000,3637.0000,3636.8000,3633.6000,3633.0000,3640.8000,3641.2000,3645.8000,3646.0000,3648.0000,1,1,1,1,1,6,2,1,1,1
SF,IF2012,2020-04-27 09:30:20.500,3635.6000,1952,0,4361280.000,0,-,-,-,-,3637.4000,3635.4000,3633.6000,3633.0000,3628.2000,3640.6000,3640.8000,3645.8000,3646.0000,3648.0000,1,1,1,1,1,1,7,1,1,1
SF,IF2012,2020-04-27 09:30:21.000,3635.6000,1952,0,4361280.000,0,-,-,-,-,3637.8000,3635.4000,3633.6000,3633.0000,3628.2000,3640.6000,3640.8000,3645.8000,3646.0000,3648.0000,1,1,1,1,1,2,6,1,1,1
SF,IF2012,2020-04-27 09:30:21.500,3635.6000,1952,0,4361280.000,0,-,-,-,-,3635.4000,3633.6000,3633.0000,3628.2000,3612.0000,3640.6000,3640.8000,3645.8000,3646.0000,3648.0000,1,1,1,1,1,2,6,1,1,1
SF,IF2012,2020-04-27 09:30:22.000,3635.6000,1952,0,4361280.000,0,-,-,-,-,3635.8000,3635.4000,3633.6000,3633.0000,3628.2000,3640.6000,3640.8000,3645.8000,3646.0000,3648.0000,1,1,1,1,1,2,6,1,1,1
SF,IF2012,2020-04-27 09:30:23.000,3635.6000,1952,0,4361280.000,0,-,-,-,-,3636.4000,3636.2000,3635.8000,3635.4000,3633.6000,3640.6000,3640.8000,3645.8000,3646.0000,3648.0000,1,1,1,1,1,2,6,1,1,1
SF,IF2012,2020-04-27 09:30:23.500,3635.6000,1952,0,4361280.000,0,-,-,-,-,3636.8000,3636.4000,3636.2000,3635.4000,3633.6000,3640.6000,3640.8000,3645.8000,3646.0000,3648.0000,1,1,1,1,1,2,6,1,1,1
SF,IF2012,2020-04-27 09:30:24.500,3635.6000,1952,0,4361280.000,0,-,-,-,-,3636.8000,3636.2000,3635.4000,3633.6000,3633.0000,3640.6000,3640.8000,3645.8000,3646.0000,3648.0000,1,1,1,1,1,2,6,1,1,1
SF,IF2012,2020-04-27 09:30:25.500,3635.6000,1952,0,4361280.000,0,-,-,-,-,3636.8000,3635.4000,3633.6000,3633.0000,3628.2000,3640.6000,3640.8000,3645.8000,3646.0000,3648.0000,1,1,1,1,1,2,6,1,1,1
SF,IF2012,2020-04-27 09:30:26.000,3635.6000,1952,0,4361280.000,0,-,-,-,-,3636.8000,3635.4000,3633.6000,3633.0000,3628.2000,3640.6000,3640.8000,3645.8000,3646.0000,3648.0000,1,1,1,1,1,2,6,1,1,1
SF,IF2012,2020-04-27 09:30:27.500,3636.0000,1951,-1,5452080.000,1,0,1,双平,S,3635.4000,3633.6000,3633.0000,3628.2000,3612.0000,3640.6000,3640.8000,3645.8000,3646.0000,3648.0000,1,1,1,1,1,2,6,1,1,1
SF,IF2012,2020-04-27 09:30:28.000,3636.0000,1951,0,5452080.000,0,-,-,-,-,3635.4000,3633.6000,3633.0000,3628.2000,3612.0000,3640.4000,3640.6000,3640.8000,3645.8000,3646.0000,1,1,1,1,1,1,2,6,1,1
SF,IF2012,2020-04-27 09:30:28.500,3636.0000,1951,0,5452080.000,0,-,-,-,-,3635.4000,3633.0000,3628.2000,3612.0000,3606.2000,3640.2000,3640.4000,3640.8000,3645.8000,3646.0000,1,1,1,1,1,1,2,6,1,1
SF,IF2012,2020-04-27 09:30:29.000,3636.0000,1951,0,5452080.000,0,-,-,-,-,3636.4000,3635.4000,3633.0000,3628.2000,3612.0000,3640.2000,3640.4000,3640.8000,3645.8000,3646.0000,1,1,1,1,1,2,1,6,1,1
SF,IF2012,2020-04-27 09:30:29.500,3636.0000,1951,0,5452080.000,0,-,-,-,-,3636.4000,3635.4000,3633.0000,3628.2000,3612.0000,3640.0000,3640.2000,3640.4000,3640.8000,3645.8000,1,1,1,1,1,1,2,1,6,1
SF,IF2012,2020-04-27 09:30:30.000,3636.0000,1951,0,5452080.000,0,-,-,-,-,3636.6000,3636.4000,3635.4000,3633.0000,3628.2000,3639.8000,3640.0000,3640.4000,3640.8000,3645.8000,1,1,1,1,1,1,2,1,6,1
SF,IF2012,2020-04-27 09:30:30.500,3636.0000,1951,0,5452080.000,0,-,-,-,-,3636.6000,3636.4000,3635.4000,3633.0000,3628.2000,3639.8000,3640.4000,3640.8000,3645.8000,3646.0000,1,1,1,1,1,2,1,6,1,1
SF,IF2012,2020-04-27 09:30:31.000,3636.0000,1951,0,5452080.000,0,-,-,-,-,3636.6000,3635.4000,3633.0000,3628.2000,3612.0000,3639.8000,3640.4000,3640.8000,3645.8000,3646.0000,1,1,1,1,1,2,1,6,1,1
SF,IF2012,2020-04-27 09:30:31.500,3636.0000,1951,0,5452080.000,0,-,-,-,-,3636.8000,3636.6000,3635.4000,3633.0000,3628.2000,3639.8000,3640.4000,3640.8000,3645.8000,3646.0000,1,1,1,1,1,2,1,6,1,1
SF,IF2012,2020-04-27 09:30:32.500,3636.0000,1951,0,5452080.000,0,-,-,-,-,3636.8000,3635.4000,3633.0000,3628.2000,3612.0000,3639.8000,3640.4000,3640.8000,3645.8000,3646.0000,1,1,1,1,1,2,1,6,1,1
SF,IF2012,2020-04-27 09:30:38.500,3636.0000,1951,0,5452080.000,0,-,-,-,-,3636.8000,3635.4000,3633.0000,3628.2000,3612.0000,3639.8000,3640.8000,3645.8000,3646.0000,3648.0000,1,1,1,1,1,2,6,1,1,1
SF,IF2012,2020-04-27 09:30:42.500,3636.8000,1950,-1,6543120.000,1,0,1,双平,S,3635.4000,3633.0000,3628.2000,3612.0000,3606.2000,3639.8000,3640.8000,3645.8000,3646.0000,3648.0000,1,1,1,1,1,2,6,1,1,1
SF,IF2012,2020-04-27 09:30:43.000,3636.8000,1950,0,6543120.000,0,-,-,-,-,3635.4000,3633.0000,3628.2000,3612.0000,3606.2000,3639.6000,3639.8000,3640.8000,3645.8000,3646.0000,1,1,1,1,1,1,2,6,1,1
SF,IF2012,2020-04-27 09:30:43.500,3636.8000,1950,0,6543120.000,0,-,-,-,-,3635.4000,3633.0000,3628.2000,3612.0000,3606.2000,3639.4000,3639.6000,3640.8000,3645.8000,3646.0000,1,1,1,1,1,1,2,6,1,1
SF,IF2012,2020-04-27 09:30:44.000,3636.8000,1950,0,6543120.000,0,-,-,-,-,3635.4000,3633.0000,3628.2000,3612.0000,3606.2000,3639.2000,3639.4000,3639.6000,3640.8000,3645.8000,1,1,1,1,1,1,2,1,6,1
SF,IF2012,2020-04-27 09:30:44.500,3636.8000,1950,0,6543120.000,0,-,-,-,-,3635.4000,3633.0000,3628.2000,3612.0000,3606.2000,3639.0000,3639.2000,3639.6000,3640.8000,3645.8000,1,1,1,1,1,1,2,1,6,1
SF,IF2012,2020-04-27 09:30:45.000,3636.8000,1950,0,6543120.000,0,-,-,-,-,3635.4000,3633.0000,3628.2000,3612.0000,3606.2000,3639.0000,3639.2000,3640.8000,3645.8000,3646.0000,1,1,1,1,1,3,1,6,1,1
SF,IF2012,2020-04-27 09:30:45.500,3636.8000,1950,0,6543120.000,0,-,-,-,-,3635.4000,3633.0000,3628.2000,3612.0000,3606.2000,3639.0000,3640.8000,3645.8000,3646.0000,3648.0000,1,1,1,1,1,3,6,1,1,1
SF,IF2012,2020-04-27 09:30:51.000,3636.8000,1950,0,6543120.000,0,-,-,-,-,3635.4000,3633.0000,3628.2000,3612.0000,3606.2000,3638.8000,3639.0000,3640.8000,3645.8000,3646.0000,1,1,1,1,1,1,3,6,1,1
SF,IF2012,2020-04-27 09:30:51.500,3636.8000,1950,0,6543120.000,0,-,-,-,-,3635.4000,3633.0000,3628.2000,3612.0000,3606.2000,3638.6000,3638.8000,3639.0000,3640.8000,3645.8000,1,1,1,1,1,2,2,1,6,1
SF,IF2012,2020-04-27 09:30:52.000,3636.8000,1950,0,6543120.000,0,-,-,-,-,3635.4000,3633.0000,3628.2000,3612.0000,3606.2000,3638.6000,3638.8000,3639.0000,3640.8000,3645.8000,1,1,1,1,1,3,1,1,6,1
SF,IF2012,2020-04-27 09:30:52.500,3636.8000,1950,0,6543120.000,0,-,-,-,-,3635.4000,3633.0000,3628.2000,3613.0000,3612.0000,3638.6000,3638.8000,3639.0000,3640.8000,3645.8000,1,1,1,1,1,2,1,1,6,1
SF,IF2012,2020-04-27 09:30:53.000,3636.8000,1950,0,6543120.000,0,-,-,-,-,3635.4000,3633.0000,3628.2000,3613.0000,3612.0000,3638.6000,3639.0000,3640.8000,3645.8000,3646.0000,1,1,1,1,1,2,1,6,1,1
SF,IF2012,2020-04-27 09:30:53.500,3636.8000,1950,0,6543120.000,0,-,-,-,-,3635.4000,3633.0000,3628.2000,3613.0000,3612.0000,3638.4000,3638.6000,3639.0000,3640.8000,3645.8000,1,1,1,1,1,1,2,1,6,1
SF,IF2012,2020-04-27 09:30:54.000,3636.8000,1950,0,6543120.000,0,-,-,-,-,3635.4000,3633.0000,3628.2000,3613.0000,3612.0000,3638.2000,3638.4000,3639.0000,3640.8000,3645.8000,1,1,1,1,1,1,2,1,6,1
SF,IF2012,2020-04-27 09:30:54.500,3636.8000,1950,0,6543120.000,0,-,-,-,-,3635.4000,3633.0000,3628.2000,3613.0000,3612.0000,3638.2000,3639.0000,3640.8000,3645.8000,3646.0000,1,1,1,1,1,2,1,6,1,1
SF,IF2012,2020-04-27 09:30:55.500,3636.8000,1950,0,6543120.000,0,-,-,-,-,3633.0000,3628.2000,3613.0000,3612.0000,3606.2000,3638.2000,3639.0000,3640.8000,3645.8000,3646.0000,1,1,1,1,1,2,1,6,1,1
SF,IF2012,2020-04-27 09:30:56.500,3636.8000,1950,0,6543120.000,0,-,-,-,-,3633.4000,3633.0000,3628.2000,3613.0000,3612.0000,3638.2000,3639.0000,3640.8000,3645.8000,3646.0000,1,1,1,1,1,2,1,6,1,1
SF,IF2012,2020-04-27 09:30:57.000,3636.8000,1950,0,6543120.000,0,-,-,-,-,3633.4000,3633.0000,3628.2000,3613.0000,3612.0000,3638.0000,3638.2000,3639.0000,3640.8000,3645.8000,1,1,1,1,1,1,2,1,6,1
SF,IF2012,2020-04-27 09:30:57.500,3636.8000,1950,0,6543120.000,0,-,-,-,-,3633.4000,3633.0000,3628.2000,3613.0000,3612.0000,3637.8000,3638.0000,3639.0000,3640.8000,3645.8000,1,1,1,1,1,1,2,1,6,1
SF,IF2012,2020-04-27 09:30:58.000,3636.8000,1950,0,6543120.000,0,-,-,-,-,3633.4000,3633.0000,3628.2000,3613.0000,3612.0000,3637.8000,3639.0000,3640.8000,3645.8000,3646.0000,1,1,1,1,1,2,1,6,1,1
SF,IF2012,2020-04-27 09:30:58.500,3636.8000,1950,0,6543120.000,0,-,-,-,-,3633.6000,3633.4000,3633.0000,3628.2000,3613.0000,3637.8000,3639.0000,3640.8000,3645.8000,3646.0000,1,1,1,1,1,2,1,6,1,1
SF,IF2012,2020-04-27 09:31:00.000,3636.8000,1950,0,6543120.000,0,-,-,-,-,3633.6000,3633.4000,3633.0000,3628.2000,3613.0000,3637.8000,3639.0000,3640.8000,3645.8000,3646.0000,1,1,1,1,1,2,1,6,1,1
SF,IF2012,2020-04-27 09:31:00.500,3636.8000,1950,0,6543120.000,0,-,-,-,-,3633.8000,3633.6000,3633.4000,3633.0000,3628.2000,3637.6000,3637.8000,3639.0000,3640.8000,3645.8000,1,1,1,1,1,1,2,1,6,1
SF,IF2012,2020-04-27 09:31:01.000,3636.8000,1950,0,6543120.000,0,-,-,-,-,3633.8000,3633.6000,3633.4000,3633.0000,3628.2000,3637.4000,3637.6000,3639.0000,3640.8000,3645.8000,1,1,1,1,1,2,2,1,6,1
SF,IF2012,2020-04-27 09:31:01.500,3636.8000,1950,0,6543120.000,0,-,-,-,-,3633.8000,3633.6000,3633.4000,3633.0000,3628.2000,3637.2000,3637.4000,3639.0000,3640.8000,3645.8000,1,1,1,1,1,1,3,1,6,1
SF,IF2012,2020-04-27 09:31:02.000,3636.8000,1950,0,6543120.000,0,-,-,-,-,3634.2000,3633.8000,3633.4000,3633.0000,3628.2000,3637.0000,3637.2000,3639.0000,3640.8000,3645.8000,1,1,1,1,1,1,2,1,6,1
SF,IF2012,2020-04-27 09:31:02.500,3637.0000,1949,-1,7634220.000,1,0,1,双平,S,3634.4000,3634.2000,3633.4000,3633.0000,3628.2000,3637.0000,3639.0000,3640.8000,3645.8000,3646.0000,1,1,1,1,1,1,1,6,1,1
SF,IF2012,2020-04-27 09:31:03.000,3637.0000,1948,-1,8725320.000,1,0,1,双平,S,3634.4000,3634.2000,3633.4000,3633.0000,3628.2000,3639.0000,3640.8000,3645.8000,3646.0000,3648.0000,1,1,1,1,1,1,6,1,1,1
SF,IF2012,2020-04-27 09:31:03.500,3637.0000,1948,0,8725320.000,0,-,-,-,-,3634.6000,3634.4000,3633.4000,3633.0000,3628.2000,3638.8000,3639.0000,3640.8000,3645.8000,3646.0000,1,1,1,1,1,1,1,6,1,1
SF,IF2012,2020-04-27 09:31:04.000,3637.0000,1948,0,8725320.000,0,-,-,-,-,3634.8000,3634.6000,3633.4000,3633.0000,3628.2000,3638.8000,3639.0000,3640.8000,3645.8000,3646.0000,1,1,1,1,1,1,1,6,1,1
SF,IF2012,2020-04-27 09:31:04.500,3637.0000,1948,0,8725320.000,0,-,-,-,-,3635.0000,3634.8000,3633.0000,3628.2000,3613.0000,3638.8000,3639.0000,3640.8000,3645.8000,3646.0000,2,1,1,1,1,1,1,6,1,1
SF,IF2012,2020-04-27 09:31:05.000,3637.0000,1948,0,8725320.000,0,-,-,-,-,3635.2000,3635.0000,3633.0000,3628.2000,3613.0000,3638.6000,3638.8000,3639.0000,3640.8000,3645.8000,1,2,1,1,1,1,1,1,6,1
SF,IF2012,2020-04-27 09:31:05.500,3637.0000,1948,0,8725320.000,0,-,-,-,-,3635.4000,3635.2000,3635.0000,3633.0000,3628.2000,3638.4000,3638.6000,3639.0000,3640.8000,3645.8000,1,1,1,1,1,2,1,1,6,1
SF,IF2012,2020-04-27 09:31:06.500,3637.0000,1948,0,8725320.000,0,-,-,-,-,3635.4000,3635.2000,3633.0000,3628.2000,3613.0000,3638.4000,3638.6000,3639.0000,3640.8000,3645.8000,1,1,1,1,1,2,1,1,6,1
SF,IF2012,2020-04-27 09:31:07.000,3637.0000,1948,0,8725320.000,0,-,-,-,-,3633.0000,3628.2000,3613.0000,3612.0000,3606.2000,3638.4000,3638.6000,3639.0000,3640.8000,3645.8000,1,1,1,1,1,2,1,1,6,1
SF,IF2012,2020-04-27 09:31:07.500,3637.0000,1948,0,8725320.000,0,-,-,-,-,3633.2000,3633.0000,3628.2000,3613.0000,3612.0000,3638.4000,3638.6000,3639.0000,3640.8000,3645.8000,1,1,1,1,1,1,1,1,6,1
SF,IF2012,2020-04-27 09:31:08.000,3637.0000,1948,0,8725320.000,0,-,-,-,-,3633.2000,3633.0000,3628.2000,3613.0000,3612.0000,3638.4000,3639.0000,3640.8000,3645.8000,3646.0000,1,1,1,1,1,1,1,6,1,1
SF,IF2012,2020-04-27 09:31:08.500,3637.0000,1948,0,8725320.000,0,-,-,-,-,3633.2000,3633.0000,3628.2000,3613.0000,3612.0000,3638.0000,3638.4000,3639.0000,3640.8000,3645.8000,1,1,1,1,1,1,1,1,6,1
SF,IF2012,2020-04-27 09:31:09.000,3637.0000,1948,0,8725320.000,0,-,-,-,-,3634.2000,3633.2000,3633.0000,3628.2000,3613.0000,3637.8000,3638.0000,3639.0000,3640.8000,3645.8000,1,1,1,1,1,1,1,1,6,1
SF,IF2012,2020-04-27 09:31:09.500,3637.0000,1948,0,8725320.000,0,-,-,-,-,3634.4000,3634.2000,3633.6000,3633.0000,3628.2000,3637.8000,3638.0000,3639.0000,3640.8000,3645.8000,1,1,1,1,1,1,1,1,6,1
SF,IF2012,2020-04-27 09:31:10.000,3637.0000,1948,0,8725320.000,0,-,-,-,-,3634.4000,3634.2000,3633.0000,3628.2000,3613.0000,3637.8000,3638.0000,3639.0000,3640.8000,3645.8000,1,1,1,1,1,1,1,1,6,1
SF,IF2012,2020-04-27 09:31:11.500,3637.0000,1948,0,8725320.000,0,-,-,-,-,3634.4000,3634.2000,3633.0000,3628.2000,3613.0000,3637.6000,3637.8000,3639.0000,3640.8000,3645.8000,1,1,1,1,1,1,1,1,6,1
SF,IF2012,2020-04-27 09:31:12.000,3637.0000,1948,0,8725320.000,0,-,-,-,-,3634.6000,3634.4000,3634.2000,3633.0000,3628.2000,3637.4000,3637.6000,3639.0000,3640.8000,3645.8000,1,1,1,1,1,2,1,1,6,1
SF,IF2012,2020-04-27 09:31:13.000,3637.0000,1948,0,8725320.000,0,-,-,-,-,3634.6000,3634.4000,3634.2000,3633.0000,3628.2000,3637.4000,3639.0000,3640.8000,3645.8000,3646.0000,1,1,1,1,1,2,1,6,1,1
SF,IF2012,2020-04-27 09:31:13.500,3637.0000,1948,0,8725320.000,0,-,-,-,-,3634.4000,3634.2000,3633.0000,3628.2000,3613.0000,3637.0000,3637.4000,3639.0000,3645.8000,3646.0000,1,1,1,1,1,1,2,1,1,1
SF,IF2012,2020-04-27 09:31:14.000,3637.0000,1948,0,8725320.000,0,-,-,-,-,3634.4000,3634.2000,3633.0000,3628.2000,3613.0000,3636.8000,3637.0000,3637.4000,3639.0000,3645.8000,1,1,1,1,1,1,1,1,1,1
SF,IF2012,2020-04-27 09:31:14.500,3637.0000,1948,0,8725320.000,0,-,-,-,-,3634.2000,3633.0000,3628.2000,3613.0000,3612.0000,3636.6000,3636.8000,3637.4000,3639.0000,3645.8000,1,1,1,1,1,1,1,1,1,1
SF,IF2012,2020-04-27 09:31:15.000,3637.0000,1948,0,8725320.000,0,-,-,-,-,3634.2000,3633.0000,3628.2000,3613.0000,3612.0000,3636.4000,3636.6000,3637.4000,3639.0000,3645.8000,1,1,1,1,1,1,1,1,1,1
SF,IF2012,2020-04-27 09:31:15.500,3637.0000,1948,0,8725320.000,0,-,-,-,-,3633.0000,3628.2000,3613.0000,3612.0000,3606.2000,3636.4000,3636.6000,3637.4000,3639.0000,3645.8000,1,1,1,1,1,1,1,1,1,1
SF,IF2012,2020-04-27 09:31:16.000,3637.0000,1948,0,8725320.000,0,-,-,-,-,3633.2000,3633.0000,3628.2000,3613.0000,3612.0000,3636.4000,3639.0000,3645.8000,3646.0000,3648.0000,1,1,1,1,1,1,1,1,1,1
SF,IF2012,2020-04-27 09:31:16.500,3637.0000,1948,0,8725320.000,0,-,-,-,-,3633.6000,3633.2000,3633.0000,3628.2000,3613.0000,3636.4000,3639.0000,3645.8000,3646.0000,3648.0000,1,1,1,1,1,2,1,1,1,1
SF,IF2012,2020-04-27 09:31:17.000,3637.0000,1948,0,8725320.000,0,-,-,-,-,3633.8000,3633.6000,3633.0000,3628.2000,3613.0000,3636.4000,3639.0000,3645.8000,3646.0000,3648.0000,1,1,1,1,1,2,1,1,1,1
SF,IF2012,2020-04-27 09:31:17.500,3637.0000,1948,0,8725320.000,0,-,-,-,-,3633.8000,3633.6000,3633.0000,3628.2000,3613.0000,3636.4000,3639.0000,3645.8000,3646.0000,3648.0000,1,1,1,1,1,1,1,1,1,1
SF,IF2012,2020-04-27 09:31:18.500,3637.0000,1948,0,8725320.000,0,-,-,-,-,3633.8000,3633.0000,3628.2000,3613.0000,3612.0000,3636.4000,3639.0000,3645.8000,3646.0000,3648.0000,1,1,1,1,1,1,1,1,1,1
SF,IF2012,2020-04-27 09:31:19.500,3637.0000,1948,0,8725320.000,0,-,-,-,-,3633.8000,3633.0000,3628.2000,3613.0000,3612.0000,3635.8000,3636.2000,3636.4000,3639.0000,3645.8000,1,1,1,1,1,6,1,1,1,1
SF,IF2012,2020-04-27 09:31:20.000,3637.0000,1948,0,8725320.000,0,-,-,-,-,3633.0000,3628.2000,3613.0000,3612.0000,3606.2000,3635.6000,3635.8000,3636.2000,3639.0000,3645.8000,1,1,1,1,1,1,6,1,1,1
SF,IF2012,2020-04-27 09:31:25.000,3637.0000,1948,0,8725320.000,0,-,-,-,-,3633.2000,3633.0000,3628.2000,3613.0000,3612.0000,3635.6000,3635.8000,3636.2000,3639.0000,3645.8000,1,1,1,1,1,1,6,1,1,1
SF,IF2012,2020-04-27 09:31:26.500,3637.0000,1948,0,8725320.000,0,-,-,-,-,3633.2000,3633.0000,3628.2000,3613.0000,3612.0000,3635.4000,3635.6000,3635.8000,3636.2000,3639.0000,1,1,1,1,1,1,1,6,1,1
SF,IF2012,2020-04-27 09:31:27.000,3637.0000,1948,0,8725320.000,0,-,-,-,-,3633.2000,3633.0000,3628.2000,3613.0000,3612.0000,3635.2000,3635.4000,3635.8000,3636.2000,3639.0000,1,1,1,1,1,1,1,6,1,1
SF,IF2012,2020-04-27 09:31:30.000,3637.0000,1948,0,8725320.000,0,-,-,-,-,3633.2000,3633.0000,3628.2000,3613.0000,3612.0000,3635.0000,3635.2000,3635.4000,3635.8000,3636.2000,1,1,1,1,1,1,1,1,6,1
SF,IF2012,2020-04-27 09:31:30.500,3637.0000,1948,0,8725320.000,0,-,-,-,-,3633.2000,3633.0000,3628.2000,3613.0000,3612.0000,3634.8000,3635.0000,3635.4000,3635.8000,3639.0000,1,1,1,1,1,1,1,1,6,1
SF,IF2012,2020-04-27 09:31:31.000,3635.0000,1947,-1,9815820.000,1,0,1,双平,S,3633.4000,3633.2000,3633.0000,3628.2000,3613.0000,3635.8000,3639.0000,3645.8000,3646.0000,3648.0000,1,1,1,1,1,6,1,1,1,1
SF,IF2012,2020-04-27 09:31:33.500,3635.0000,1947,0,9815820.000,0,-,-,-,-,3633.4000,3633.2000,3633.0000,3628.2000,3613.0000,3635.8000,3639.0000,3645.8000,3646.0000,3648.0000,1,1,1,1,1,6,1,1,1,1
SF,IF2012,2020-04-27 09:31:36.500,3635.0000,1947,0,9815820.000,0,-,-,-,-,3633.6000,3633.4000,3633.0000,3628.2000,3613.0000,3635.8000,3639.0000,3645.8000,3646.0000,3648.0000,1,1,1,1,1,6,1,1,1,1
SF,IF2012,2020-04-27 09:31:37.000,3635.0000,1947,0,9815820.000,0,-,-,-,-,3633.8000,3633.6000,3633.0000,3628.2000,3613.0000,3635.8000,3639.0000,3645.8000,3646.0000,3648.0000,1,1,1,1,1,6,1,1,1,1
SF,IF2012,2020-04-27 09:31:38.000,3635.0000,1947,0,9815820.000,0,-,-,-,-,3633.8000,3633.6000,3633.0000,3628.2000,3613.0000,3635.8000,3639.0000,3645.8000,3646.0000,3648.0000,1,1,1,1,1,6,1,1,1,1
SF,IF2012,2020-04-27 09:31:39.500,3635.0000,1947,0,9815820.000,0,-,-,-,-,3633.8000,3633.0000,3628.2000,3613.0000,3612.0000,3635.8000,3639.0000,3645.8000,3646.0000,3648.0000,1,1,1,1,1,6,1,1,1,1
SF,IF2012,2020-04-27 09:31:40.000,3635.0000,1947,0,9815820.000,0,-,-,-,-,3633.8000,3633.0000,3628.2000,3613.0000,3612.0000,3635.6000,3635.8000,3639.0000,3645.8000,3646.0000,1,1,1,1,1,1,6,1,1,1
SF,IF2012,2020-04-27 09:31:40.500,3635.0000,1947,0,9815820.000,0,-,-,-,-,3633.0000,3628.2000,3613.0000,3612.0000,3603.0000,3635.6000,3635.8000,3639.0000,3645.8000,3646.0000,1,1,1,1,1,1,6,1,1,1
SF,IF2012,2020-04-27 09:31:41.000,3635.0000,1947,0,9815820.000,0,-,-,-,-,3633.2000,3633.0000,3628.2000,3613.0000,3612.0000,3635.6000,3635.8000,3639.0000,3645.8000,3646.0000,1,1,1,1,1,1,6,1,1,1
SF,IF2012,2020-04-27 09:31:45.500,3635.0000,1947,0,9815820.000,0,-,-,-,-,3634.2000,3633.2000,3633.0000,3628.2000,3613.0000,3635.6000,3635.8000,3639.0000,3645.8000,3646.0000,1,1,1,1,1,1,6,1,1,1
SF,IF2012,2020-04-27 09:31:46.000,3635.0000,1947,0,9815820.000,0,-,-,-,-,3634.4000,3634.2000,3633.0000,3628.2000,3613.0000,3635.8000,3639.0000,3645.8000,3646.0000,3648.0000,1,1,1,1,1,6,1,1,1,1
SF,IF2012,2020-04-27 09:31:48.000,3635.8000,1943,-4,14178780.000,4,0,4,双平,S,3634.4000,3633.0000,3628.2000,3613.0000,3612.0000,3635.8000,3639.0000,3645.8000,3646.0000,3648.0000,1,1,1,1,1,2,1,1,1,1
SF,IF2012,2020-04-27 09:31:50.000,3635.8000,1943,0,14178780.000,0,-,-,-,-,3634.4000,3633.0000,3628.2000,3613.0000,3612.0000,3635.8000,3639.0000,3645.8000,3646.0000,3663.4000,1,1,1,1,1,2,1,1,1,4
SF,IF2012,2020-04-27 09:31:50.500,3635.8000,1942,-1,15269520.000,1,0,1,双平,S,3634.4000,3633.0000,3628.2000,3613.0000,3612.0000,3635.8000,3639.0000,3645.8000,3646.0000,3663.4000,1,1,1,1,1,1,1,1,1,4
SF,IF2012,2020-04-27 09:31:52.000,3635.8000,1942,0,15269520.000,0,-,-,-,-,3634.4000,3633.0000,3628.2000,3613.0000,3603.0000,3635.8000,3639.0000,3645.8000,3646.0000,3663.4000,1,1,1,1,1,1,1,1,1,4
SF,IF2012,2020-04-27 09:31:52.500,3635.8000,1942,0,15269520.000,0,-,-,-,-,3633.0000,3628.2000,3613.0000,3603.0000,3600.0000,3635.6000,3635.8000,3639.0000,3645.8000,3646.0000,1,1,1,1,1,1,1,1,1,1
SF,IF2012,2020-04-27 09:31:53.000,3635.8000,1942,0,15269520.000,0,-,-,-,-,3633.2000,3633.0000,3628.2000,3613.0000,3603.0000,3635.8000,3639.0000,3645.8000,3646.0000,3663.4000,2,1,1,1,1,1,1,1,1,4
SF,IF2012,2020-04-27 09:31:53.500,3635.8000,1942,0,15269520.000,0,-,-,-,-,3633.2000,3633.0000,3628.2000,3613.0000,3603.0000,3635.6000,3635.8000,3639.0000,3645.8000,3646.0000,1,1,1,1,1,1,1,1,1,1
SF,IF2012,2020-04-27 09:31:56.000,3635.8000,1942,0,15269520.000,0,-,-,-,-,3633.4000,3633.2000,3633.0000,3628.2000,3613.0000,3635.6000,3635.8000,3639.0000,3645.8000,3646.0000,1,1,1,1,1,1,1,1,1,1
SF,IF2012,2020-04-27 09:31:56.500,3635.8000,1942,0,15269520.000,0,-,-,-,-,3633.6000,3633.4000,3633.0000,3628.2000,3613.0000,3635.8000,3639.0000,3645.8000,3646.0000,3663.4000,1,1,1,1,1,1,1,1,1,4
SF,IF2012,2020-04-27 09:31:58.000,3635.8000,1942,0,15269520.000,0,-,-,-,-,3633.6000,3633.0000,3628.2000,3613.0000,3603.0000,3635.8000,3639.0000,3645.8000,3646.0000,3663.4000,1,1,1,1,1,1,1,1,1,4
SF,IF2012,2020-04-27 09:31:58.500,3635.8000,1942,0,15269520.000,0,-,-,-,-,3633.6000,3633.0000,3613.0000,3603.0000,3600.0000,3635.6000,3635.8000,3639.0000,3645.8000,3646.0000,1,1,1,1,1,1,1,1,1,1
SF,IF2012,2020-04-27 09:31:59.000,3635.8000,1942,0,15269520.000,0,-,-,-,-,3633.8000,3633.6000,3633.0000,3613.0000,3603.0000,3635.6000,3635.8000,3639.0000,3645.8000,3646.0000,2,1,1,1,1,1,1,1,1,1
SF,IF2012,2020-04-27 09:31:59.500,3635.6000,1941,-1,16360200.000,1,0,1,双平,S,3633.8000,3633.6000,3633.0000,3613.0000,3603.0000,3635.8000,3639.0000,3645.8000,3646.0000,3663.4000,2,1,1,1,1,1,1,1,1,4
SF,IF2012,2020-04-27 09:32:00.000,3635.6000,1941,0,16360200.000,0,-,-,-,-,3633.8000,3633.6000,3633.0000,3613.0000,3603.0000,3635.6000,3635.8000,3639.0000,3645.8000,3646.0000,1,1,1,1,1,1,1,1,1,1
SF,IF2012,2020-04-27 09:32:00.500,3635.6000,1940,-1,17450880.000,1,0,1,双平,S,3633.8000,3633.0000,3613.0000,3603.0000,3600.0000,3635.8000,3639.0000,3645.8000,3646.0000,3663.4000,1,1,1,1,1,1,1,1,1,4
SF,IF2012,2020-04-27 09:32:01.000,3635.6000,1939,-1,18541560.000,1,0,1,双平,S,3633.0000,3613.0000,3603.0000,3600.0000,3538.0000,3635.8000,3639.0000,3645.8000,3646.0000,3663.4000,1,1,1,1,1,1,1,1,1,4
SF,IF2012,2020-04-27 09:32:01.500,3635.8000,1938,-1,19632300.000,1,0,1,双平,S,3633.2000,3633.0000,3613.0000,3603.0000,3600.0000,3639.0000,3645.8000,3646.0000,3663.4000,3700.0000,2,1,1,1,1,1,1,1,4,5
SF,IF2012,2020-04-27 09:32:02.000,3635.8000,1938,0,19632300.000,0,-,-,-,-,3633.2000,3633.0000,3613.0000,3603.0000,3600.0000,3639.0000,3645.8000,3646.0000,3663.4000,3700.0000,3,1,1,1,1,1,1,1,4,5
SF,IF2012,2020-04-27 09:32:02.500,3635.8000,1938,0,19632300.000,0,-,-,-,-,3633.2000,3633.0000,3613.0000,3603.0000,3600.0000,3638.8000,3639.0000,3645.8000,3646.0000,3663.4000,3,1,1,1,1,1,1,1,1,4
SF,IF2012,2020-04-27 09:32:03.000,3635.8000,1938,0,19632300.000,0,-,-,-,-,3633.4000,3633.2000,3633.0000,3632.6000,3613.0000,3638.8000,3639.0000,3645.8000,3646.0000,3663.4000,1,2,1,1,1,1,1,1,1,4
SF,IF2012,2020-04-27 09:32:03.500,3635.8000,1938,0,19632300.000,0,-,-,-,-,3633.6000,3633.4000,3633.2000,3633.0000,3632.6000,3638.8000,3639.0000,3645.8000,3646.0000,3663.4000,1,1,1,1,1,1,1,1,1,4
SF,IF2012,2020-04-27 09:32:05.000,3635.8000,1938,0,19632300.000,0,-,-,-,-,3633.8000,3633.6000,3633.2000,3633.0000,3632.6000,3638.8000,3639.0000,3645.8000,3646.0000,3663.4000,1,1,1,1,1,1,1,1,1,4
SF,IF2012,2020-04-27 09:32:05.500,3635.8000,1938,0,19632300.000,0,-,-,-,-,3634.0000,3633.8000,3633.2000,3633.0000,3632.6000,3638.8000,3639.0000,3645.8000,3646.0000,3663.4000,1,1,1,1,1,1,1,1,1,4
SF,IF2012,2020-04-27 09:32:06.000,3635.8000,1938,0,19632300.000,0,-,-,-,-,3634.0000,3633.8000,3633.0000,3632.6000,3613.0000,3638.8000,3639.0000,3645.8000,3646.0000,3663.4000,1,1,1,1,1,1,1,1,1,4
SF,IF2012,2020-04-27 09:32:06.500,3635.8000,1938,0,19632300.000,0,-,-,-,-,3634.2000,3634.0000,3633.8000,3633.0000,3632.6000,3638.8000,3639.0000,3645.8000,3646.0000,3663.4000,1,1,1,1,1,1,1,1,1,4
SF,IF2012,2020-04-27 09:32:07.000,3635.8000,1938,0,19632300.000,0,-,-,-,-,3634.4000,3634.2000,3633.0000,3632.6000,3613.0000,3638.8000,3639.0000,3645.8000,3646.0000,3663.4000,1,1,1,1,1,1,1,1,1,4
SF,IF2012,2020-04-27 09:32:07.500,3635.8000,1938,0,19632300.000,0,-,-,-,-,3634.6000,3634.4000,3633.0000,3632.6000,3613.0000,3638.8000,3639.0000,3645.8000,3646.0000,3663.4000,1,1,1,1,1,1,1,1,1,4
SF,IF2012,2020-04-27 09:32:08.000,3635.8000,1938,0,19632300.000,0,-,-,-,-,3634.8000,3634.6000,3633.0000,3632.6000,3613.0000,3638.8000,3639.0000,3645.8000,3646.0000,3663.4000,1,1,1,1,1,1,1,1,1,4
SF,IF2012,2020-04-27 09:32:08.500,3635.8000,1938,0,19632300.000,0,-,-,-,-,3633.0000,3632.6000,3613.0000,3603.0000,3600.0000,3638.8000,3639.0000,3645.8000,3646.0000,3663.4000,1,1,1,1,1,1,1,1,1,4
SF,IF2012,2020-04-27 09:32:09.000,3635.8000,1938,0,19632300.000,0,-,-,-,-,3633.2000,3633.0000,3632.6000,3613.0000,3603.0000,3638.8000,3639.0000,3645.8000,3646.0000,3663.4000,1,1,1,1,1,1,1,1,1,4
SF,IF2012,2020-04-27 09:32:09.500,3635.8000,1938,0,19632300.000,0,-,-,-,-,3633.4000,3633.2000,3633.0000,3632.6000,3613.0000,3638.8000,3639.0000,3645.8000,3646.0000,3663.4000,1,1,1,1,1,1,1,1,1,4
SF,IF2012,2020-04-27 09:32:10.000,3635.8000,1938,0,19632300.000,0,-,-,-,-,3633.6000,3633.4000,3633.0000,3632.6000,3613.0000,3638.8000,3639.0000,3645.8000,3646.0000,3663.4000,1,1,1,1,1,1,1,1,1,4
SF,IF2012,2020-04-27 09:32:11.000,3635.8000,1938,0,19632300.000,0,-,-,-,-,3633.6000,3633.0000,3632.6000,3613.0000,3603.0000,3638.8000,3639.0000,3645.8000,3646.0000,3663.4000,1,1,1,1,1,1,1,1,1,4
SF,IF2012,2020-04-27 09:32:12.500,3635.8000,1938,0,19632300.000,0,-,-,-,-,3633.6000,3633.0000,3632.6000,3613.0000,3603.0000,3638.6000,3638.8000,3639.0000,3645.8000,3646.0000,1,1,1,1,1,1,1,1,1,1
SF,IF2012,2020-04-27 09:32:13.000,3635.8000,1938,0,19632300.000,0,-,-,-,-,3633.6000,3633.0000,3632.6000,3613.0000,3603.0000,3638.4000,3638.6000,3638.8000,3639.0000,3645.8000,1,1,1,1,1,1,1,1,1,1
SF,IF2012,2020-04-27 09:32:14.500,3635.8000,1938,0,19632300.000,0,-,-,-,-,3633.6000,3633.0000,3632.6000,3613.0000,3603.0000,3638.0000,3638.4000,3638.6000,3638.8000,3639.0000,1,1,1,1,1,1,1,1,1,1
SF,IF2012,2020-04-27 09:32:15.000,3635.8000,1938,0,19632300.000,0,-,-,-,-,3633.6000,3633.0000,3632.6000,3613.0000,3603.0000,3637.8000,3638.0000,3638.4000,3638.6000,3638.8000,1,1,1,1,1,1,1,1,2,1
SF,IF2012,2020-04-27 09:32:16.000,3635.8000,1938,0,19632300.000,0,-,-,-,-,3633.6000,3633.0000,3632.6000,3613.0000,3603.0000,3637.8000,3638.4000,3638.6000,3638.8000,3639.0000,1,1,1,1,1,1,1,2,1,1
SF,IF2012,2020-04-27 09:32:16.500,3635.8000,1938,0,19632300.000,0,-,-,-,-,3633.6000,3633.0000,3632.6000,3613.0000,3603.0000,3637.8000,3638.4000,3638.6000,3638.8000,3639.0000,1,1,1,1,1,1,1,1,1,1
SF,IF2012,2020-04-27 09:32:18.000,3635.8000,1938,0,19632300.000,0,-,-,-,-,3633.8000,3633.6000,3633.0000,3632.6000,3613.0000,3637.8000,3638.4000,3638.6000,3639.0000,3645.8000,1,1,1,1,1,1,1,1,1,1
SF,IF2012,2020-04-27 09:32:18.500,3635.8000,1938,0,19632300.000,0,-,-,-,-,3634.0000,3633.8000,3633.0000,3632.6000,3613.0000,3637.8000,3638.4000,3638.6000,3639.0000,3645.8000,1,1,1,1,1,1,1,1,1,1
SF,IF2012,2020-04-27 09:32:19.000,3635.8000,1938,0,19632300.000,0,-,-,-,-,3634.0000,3633.8000,3633.0000,3632.6000,3613.0000,3637.6000,3637.8000,3638.4000,3638.6000,3639.0000,1,1,1,1,1,1,1,1,1,1
SF,IF2012,2020-04-27 09:32:19.500,3635.8000,1938,0,19632300.000,0,-,-,-,-,3634.0000,3633.8000,3633.0000,3632.6000,3613.0000,3637.4000,3637.6000,3637.8000,3638.4000,3638.6000,1,1,1,1,1,1,1,1,1,1
SF,IF2012,2020-04-27 09:32:20.000,3635.8000,1938,0,19632300.000,0,-,-,-,-,3634.0000,3633.0000,3632.6000,3613.0000,3603.0000,3637.2000,3637.4000,3637.8000,3638.4000,3638.6000,1,1,1,1,1,1,1,1,1,1
SF,IF2012,2020-04-27 09:32:22.000,3635.8000,1938,0,19632300.000,0,-,-,-,-,3634.2000,3634.0000,3633.0000,3632.6000,3613.0000,3637.2000,3637.4000,3637.8000,3638.4000,3638.6000,1,1,1,1,1,1,1,1,1,1
SF,IF2012,2020-04-27 09:32:22.500,3635.8000,1938,0,19632300.000,0,-,-,-,-,3634.4000,3634.2000,3634.0000,3633.0000,3632.6000,3637.8000,3638.4000,3638.6000,3639.0000,3645.8000,1,1,1,1,1,1,1,1,1,1
SF,IF2012,2020-04-27 09:32:23.000,3635.8000,1938,0,19632300.000,0,-,-,-,-,3634.4000,3634.2000,3634.0000,3633.0000,3632.6000,3637.6000,3637.8000,3638.6000,3639.0000,3645.8000,1,1,1,1,1,1,1,1,1,1
SF,IF2012,2020-04-27 09:32:23.500,3635.8000,1938,0,19632300.000,0,-,-,-,-,3634.4000,3634.2000,3634.0000,3633.0000,3632.6000,3637.6000,3638.6000,3639.0000,3645.8000,3646.0000,1,1,1,1,1,1,1,1,1,1
SF,IF2012,2020-04-27 09:32:25.500,3635.8000,1938,0,19632300.000,0,-,-,-,-,3634.4000,3634.0000,3633.0000,3632.6000,3613.0000,3637.6000,3638.6000,3639.0000,3645.8000,3646.0000,1,1,1,1,1,1,1,1,1,1
SF,IF2012,2020-04-27 09:32:26.000,3635.8000,1938,0,19632300.000,0,-,-,-,-,3634.4000,3634.0000,3633.0000,3632.6000,3613.0000,3637.4000,3637.6000,3638.6000,3639.0000,3645.8000,1,1,1,1,1,1,1,1,1,1
SF,IF2012,2020-04-27 09:32:26.500,3635.8000,1938,0,19632300.000,0,-,-,-,-,3634.4000,3634.0000,3633.0000,3632.6000,3613.0000,3637.2000,3637.4000,3638.6000,3639.0000,3645.8000,1,1,1,1,1,1,1,1,1,1
SF,IF2012,2020-04-27 09:32:27.000,3635.8000,1938,0,19632300.000,0,-,-,-,-,3634.4000,3634.0000,3633.0000,3632.6000,3613.0000,3637.0000,3638.6000,3639.0000,3645.8000,3646.0000,1,1,1,1,1,1,1,1,1,1
SF,IF2012,2020-04-27 09:32:31.000,3635.8000,1938,0,19632300.000,0,-,-,-,-,3634.4000,3634.0000,3633.0000,3632.6000,3613.0000,3637.0000,3638.6000,3639.0000,3645.8000,3646.0000,1,1,1,1,1,2,1,1,1,1
SF,IF2012,2020-04-27 09:32:31.500,3635.8000,1938,0,19632300.000,0,-,-,-,-,3634.4000,3634.0000,3633.0000,3632.6000,3613.0000,3636.8000,3637.0000,3638.6000,3639.0000,3645.8000,1,1,1,1,1,2,1,1,1,1
SF,IF2012,2020-04-27 09:32:32.500,3635.8000,1938,0,19632300.000,0,-,-,-,-,3634.4000,3634.0000,3633.0000,3632.6000,3613.0000,3636.8000,3637.0000,3638.6000,3639.0000,3645.8000,1,1,1,1,1,1,1,1,1,1
SF,IF2012,2020-04-27 09:32:33.000,3635.8000,1938,0,19632300.000,0,-,-,-,-,3634.4000,3634.0000,3633.0000,3632.6000,3613.0000,3637.0000,3638.6000,3639.0000,3645.8000,3646.0000,1,1,1,1,1,1,1,1,1,1
SF,IF2012,2020-04-27 09:32:35.500,3635.8000,1938,0,19632300.000,0,-,-,-,-,3634.4000,3634.0000,3633.0000,3632.6000,3613.0000,3637.0000,3638.2000,3638.6000,3639.0000,3645.8000,1,1,1,1,1,3,2,1,1,1
SF,IF2012,2020-04-27 09:32:36.000,3635.8000,1938,0,19632300.000,0,-,-,-,-,3634.4000,3634.0000,3633.0000,3632.6000,3613.0000,3636.8000,3637.0000,3638.2000,3638.6000,3639.0000,1,1,1,1,1,2,3,2,1,1
SF,IF2012,2020-04-27 09:32:36.500,3635.8000,1938,0,19632300.000,0,-,-,-,-,3634.0000,3633.0000,3632.6000,3613.0000,3605.8000,3636.8000,3637.0000,3638.2000,3638.6000,3639.0000,1,1,1,1,1,2,3,2,1,1
SF,IF2012,2020-04-27 09:32:37.000,3635.8000,1938,0,19632300.000,0,-,-,-,-,3634.2000,3634.0000,3633.0000,3632.6000,3613.0000,3636.8000,3637.0000,3638.2000,3638.6000,3639.0000,1,1,1,1,1,2,3,2,1,1
SF,IF2012,2020-04-27 09:32:41.000,3635.8000,1938,0,19632300.000,0,-,-,-,-,3634.2000,3634.0000,3633.0000,3632.6000,3613.0000,3636.8000,3637.0000,3637.4000,3638.2000,3638.6000,1,1,1,1,1,2,3,1,2,1
SF,IF2012,2020-04-27 09:32:41.500,3635.8000,1938,0,19632300.000,0,-,-,-,-,3634.0000,3633.0000,3632.6000,3613.0000,3605.8000,3636.8000,3637.0000,3637.4000,3638.2000,3638.6000,1,1,1,1,1,2,3,1,2,1
SF,IF2012,2020-04-27 09:32:57.000,3634.0000,1937,-1,20722500.000,1,0,1,双平,S,3633.0000,3632.6000,3613.0000,3605.8000,3603.0000,3636.8000,3637.0000,3637.4000,3638.2000,3638.6000,1,1,1,1,1,2,3,1,2,1
SF,IF2012,2020-04-27 09:32:57.500,3634.0000,1937,0,20722500.000,0,-,-,-,-,3633.2000,3633.0000,3632.6000,3613.0000,3605.8000,3636.8000,3637.0000,3637.4000,3638.2000,3638.6000,1,1,1,1,1,1,3,1,2,1
SF,IF2012,2020-04-27 09:33:02.500,3634.0000,1937,0,20722500.000,0,-,-,-,-,3633.2000,3633.0000,3632.6000,3613.0000,3605.8000,3636.6000,3636.8000,3637.0000,3637.4000,3638.2000,1,1,1,1,1,1,1,3,1,2
SF,IF2012,2020-04-27 09:33:03.000,3634.0000,1937,0,20722500.000,0,-,-,-,-,3633.2000,3633.0000,3632.6000,3613.0000,3605.8000,3636.4000,3636.6000,3637.0000,3637.4000,3638.2000,1,1,1,1,1,2,1,3,1,2
SF,IF2012,2020-04-27 09:33:04.000,3634.0000,1937,0,20722500.000,0,-,-,-,-,3633.2000,3633.0000,3632.6000,3613.0000,3605.8000,3636.4000,3636.6000,3637.0000,3637.4000,3638.2000,1,1,1,1,1,1,1,3,1,2
SF,IF2012,2020-04-27 09:33:04.500,3634.0000,1937,0,20722500.000,0,-,-,-,-,3633.2000,3633.0000,3632.6000,3613.0000,3605.8000,3636.4000,3637.0000,3637.4000,3638.2000,3638.6000,1,1,1,1,1,1,3,1,2,1
SF,IF2012,2020-04-27 09:33:10.500,3634.0000,1937,0,20722500.000,0,-,-,-,-,3633.4000,3633.2000,3633.0000,3632.6000,3613.0000,3636.4000,3637.0000,3637.4000,3638.2000,3638.6000,1,1,1,1,1,1,3,1,2,1
SF,IF2012,2020-04-27 09:33:11.000,3634.0000,1937,0,20722500.000,0,-,-,-,-,3633.6000,3633.4000,3633.0000,3632.6000,3613.0000,3636.4000,3637.0000,3637.4000,3638.2000,3638.6000,1,1,1,1,1,1,3,1,2,1
SF,IF2012,2020-04-27 09:33:13.500,3634.0000,1937,0,20722500.000,0,-,-,-,-,3633.6000,3633.4000,3633.0000,3632.6000,3629.0000,3636.4000,3637.0000,3637.4000,3638.2000,3638.6000,1,1,1,1,1,1,3,1,2,1
SF,IF2012,2020-04-27 09:33:15.000,3634.0000,1937,0,20722500.000,0,-,-,-,-,3633.6000,3633.4000,3633.0000,3632.6000,3629.0000,3636.2000,3636.4000,3637.0000,3637.4000,3638.2000,1,1,1,1,1,1,1,3,1,2
SF,IF2012,2020-04-27 09:33:15.500,3634.0000,1937,0,20722500.000,0,-,-,-,-,3633.6000,3633.4000,3633.0000,3632.6000,3629.0000,3636.0000,3636.2000,3637.0000,3637.4000,3638.2000,1,1,1,1,1,1,1,3,1,2
SF,IF2012,2020-04-27 09:33:16.500,3634.0000,1937,0,20722500.000,0,-,-,-,-,3633.6000,3633.4000,3633.0000,3632.6000,3629.0000,3636.0000,3637.0000,3637.4000,3638.2000,3638.6000,1,1,1,1,1,2,3,1,2,1
SF,IF2012,2020-04-27 09:33:40.000,3634.0000,1937,0,20722500.000,0,-,-,-,-,3634.0000,3633.6000,3633.4000,3633.0000,3632.6000,3636.0000,3637.0000,3637.4000,3638.2000,3638.6000,5,1,1,1,1,2,3,1,2,1
SF,IF2012,2020-04-27 09:33:40.500,3634.0000,1937,0,26173500.000,5,2,3,多换,S,3633.6000,3633.4000,3633.0000,3632.6000,3629.0000,3635.8000,3636.0000,3637.0000,3637.4000,3638.2000,1,1,1,1,1,1,2,3,1,2
SF,IF2012,2020-04-27 09:33:41.000,3634.0000,1937,0,26173500.000,0,-,-,-,-,3633.4000,3633.0000,3632.6000,3629.0000,3613.0000,3635.6000,3635.8000,3636.0000,3637.0000,3637.4000,1,1,1,1,1,1,1,1,3,1
SF,IF2012,2020-04-27 09:33:41.500,3634.0000,1937,0,26173500.000,0,-,-,-,-,3633.6000,3633.4000,3633.0000,3632.6000,3629.0000,3635.4000,3635.6000,3635.8000,3636.0000,3637.0000,1,1,1,1,1,1,1,1,1,3
SF,IF2012,2020-04-27 09:33:42.000,3634.0000,1937,0,26173500.000,0,-,-,-,-,3633.4000,3633.0000,3632.6000,3629.0000,3613.0000,3635.2000,3635.4000,3635.8000,3636.0000,3637.0000,1,1,1,1,1,1,1,1,1,3
SF,IF2012,2020-04-27 09:33:42.500,3635.2000,1937,0,28354080.000,2,1,1,多换,S,3633.0000,3632.6000,3629.0000,3613.0000,3605.8000,3635.4000,3635.8000,3636.0000,3637.0000,3637.4000,1,1,1,1,1,1,1,1,3,1
SF,IF2012,2020-04-27 09:33:43.000,3635.2000,1937,0,28354080.000,0,-,-,-,-,3633.0000,3632.6000,3629.0000,3613.0000,3605.8000,3635.2000,3635.4000,3635.8000,3636.0000,3637.0000,1,1,1,1,1,1,1,1,1,3
SF,IF2012,2020-04-27 09:33:43.500,3635.2000,1937,0,28354080.000,0,-,-,-,-,3633.0000,3632.6000,3629.0000,3613.0000,3605.8000,3635.0000,3635.2000,3635.4000,3635.8000,3636.0000,1,1,1,1,1,1,1,1,1,1
SF,IF2012,2020-04-27 09:33:44.000,3633.0000,1937,0,29443980.000,1,0,1,多换,S,3632.6000,3629.0000,3613.0000,3605.8000,3603.0000,3634.8000,3635.0000,3635.2000,3635.4000,3635.8000,1,1,1,1,1,1,1,1,1,1
SF,IF2012,2020-04-27 09:33:45.500,3633.0000,1937,0,29443980.000,0,-,-,-,-,3632.6000,3629.0000,3613.0000,3605.8000,3603.0000,3634.6000,3634.8000,3635.0000,3635.4000,3635.8000,1,1,1,1,1,1,1,1,1,1
SF,IF2012,2020-04-27 09:33:46.000,3633.0000,1937,0,29443980.000,0,-,-,-,-,3632.6000,3629.0000,3613.0000,3605.8000,3603.0000,3634.4000,3634.6000,3635.0000,3636.0000,3637.0000,1,1,1,1,1,1,1,1,1,3
SF,IF2012,2020-04-27 09:33:46.500,3633.0000,1937,0,29443980.000,0,-,-,-,-,3632.6000,3629.0000,3613.0000,3605.8000,3603.0000,3634.4000,3636.0000,3637.0000,3637.4000,3638.2000,1,1,1,1,1,1,1,3,1,2
SF,IF2012,2020-04-27 09:33:47.000,3633.0000,1937,0,29443980.000,0,-,-,-,-,3632.8000,3632.6000,3629.0000,3613.0000,3605.8000,3636.0000,3637.0000,3637.4000,3638.2000,3638.6000,1,1,1,1,1,1,3,1,2,1
SF,IF2012,2020-04-27 09:33:47.500,3635.8000,1937,0,30534720.000,1,0,1,多换,S,3633.0000,3632.8000,3632.6000,3629.0000,3613.0000,3636.0000,3637.0000,3637.4000,3638.2000,3638.6000,1,1,1,1,1,1,3,1,2,1
SF,IF2012,2020-04-27 09:33:48.000,3635.8000,1937,0,30534720.000,0,-,-,-,-,3633.2000,3633.0000,3632.6000,3629.0000,3613.0000,3635.4000,3636.0000,3637.0000,3637.4000,3638.2000,1,1,1,1,1,1,1,3,1,2
SF,IF2012,2020-04-27 09:33:48.500,3635.8000,1937,0,30534720.000,0,-,-,-,-,3633.2000,3632.6000,3629.0000,3613.0000,3605.8000,3635.2000,3635.4000,3636.0000,3637.0000,3637.4000,1,1,1,1,1,1,1,1,3,1
SF,IF2012,2020-04-27 09:33:49.500,3635.8000,1937,0,30534720.000,0,-,-,-,-,3633.2000,3632.6000,3629.0000,3613.0000,3605.8000,3635.0000,3635.2000,3635.4000,3636.0000,3637.0000,1,1,1,1,1,1,1,1,1,3
SF,IF2012,2020-04-27 09:33:50.000,3635.8000,1937,0,31625460.000,1,0,1,多换,S,3633.2000,3632.6000,3629.0000,3613.0000,3605.8000,3635.0000,3635.2000,3635.4000,3636.0000,3637.0000,1,1,1,1,1,1,1,1,1,3
SF,IF2012,2020-04-27 09:33:51.500,3635.8000,1937,0,31625460.000,0,-,-,-,-,3633.2000,3632.6000,3629.0000,3613.0000,3605.8000,3635.2000,3635.4000,3636.0000,3637.0000,3637.4000,1,1,1,1,1,1,2,1,3,1
SF,IF2012,2020-04-27 09:33:52.000,3635.8000,1937,0,31625460.000,0,-,-,-,-,3633.2000,3632.6000,3629.0000,3613.0000,3605.8000,3634.8000,3635.2000,3635.4000,3636.0000,3637.0000,1,1,1,1,1,1,1,1,1,3
SF,IF2012,2020-04-27 09:33:53.000,3633.2000,1936,-1,32715420.000,1,0,1,双平,S,3632.6000,3629.0000,3613.0000,3605.8000,3603.0000,3634.8000,3635.2000,3635.4000,3636.0000,3637.0000,1,1,1,1,1,1,1,1,1,3
SF,IF2012,2020-04-27 09:33:53.500,3633.2000,1936,0,32715420.000,0,-,-,-,-,3632.6000,3629.0000,3613.0000,3605.8000,3603.0000,3634.6000,3634.8000,3635.2000,3635.4000,3636.0000,1,1,1,1,1,1,1,1,1,1
SF,IF2012,2020-04-27 09:33:54.000,3633.2000,1936,0,32715420.000,0,-,-,-,-,3632.6000,3629.0000,3613.0000,3605.8000,3603.0000,3634.6000,3634.8000,3635.2000,3635.4000,3636.0000,1,1,1,1,1,2,1,1,1,1
SF,IF2012,2020-04-27 09:33:56.000,3633.2000,1936,0,32715420.000,0,-,-,-,-,3632.6000,3629.0000,3613.0000,3605.8000,3603.0000,3634.6000,3635.2000,3635.4000,3636.0000,3637.0000,1,1,1,1,1,2,1,1,1,3
SF,IF2012,2020-04-27 09:33:56.500,3633.2000,1936,0,32715420.000,0,-,-,-,-,3632.6000,3629.0000,3613.0000,3605.8000,3603.0000,3634.6000,3635.4000,3636.0000,3637.0000,3637.4000,1,1,1,1,1,2,1,1,3,1
SF,IF2012,2020-04-27 09:33:59.000,3633.2000,1936,0,32715420.000,0,-,-,-,-,3632.6000,3629.0000,3613.0000,3605.8000,3603.0000,3634.4000,3634.6000,3635.4000,3636.0000,3637.0000,1,1,1,1,1,1,1,1,1,3
SF,IF2012,2020-04-27 09:33:59.500,3633.2000,1936,0,32715420.000,0,-,-,-,-,3632.6000,3629.0000,3613.0000,3605.8000,3603.0000,3634.2000,3634.4000,3635.4000,3636.0000,3637.0000,1,1,1,1,1,1,1,1,1,3
SF,IF2012,2020-04-27 09:34:00.000,3633.2000,1936,0,32715420.000,0,-,-,-,-,3632.8000,3632.6000,3629.0000,3613.0000,3605.8000,3634.2000,3634.4000,3635.4000,3636.0000,3637.0000,1,1,1,1,1,1,1,1,1,3
SF,IF2012,2020-04-27 09:34:00.500,3632.8000,1935,-1,33805260.000,1,0,1,双平,S,3632.6000,3629.0000,3613.0000,3605.8000,3603.0000,3634.2000,3634.4000,3635.4000,3636.0000,3637.0000,1,1,1,1,1,1,1,1,1,3
SF,IF2012,2020-04-27 09:34:01.000,3632.8000,1935,0,33805260.000,0,-,-,-,-,3632.6000,3629.0000,3613.0000,3605.8000,3603.0000,3634.2000,3635.4000,3636.0000,3637.0000,3637.4000,1,1,1,1,1,1,1,1,3,1
SF,IF2012,2020-04-27 09:34:01.500,3632.8000,1935,0,33805260.000,0,-,-,-,-,3632.8000,3632.6000,3629.0000,3613.0000,3605.8000,3634.2000,3635.4000,3636.0000,3637.0000,3637.4000,1,1,1,1,1,1,1,1,3,1
SF,IF2012,2020-04-27 09:34:02.000,3632.8000,1935,0,33805260.000,0,-,-,-,-,3632.8000,3632.6000,3629.0000,3613.0000,3605.8000,3635.4000,3636.0000,3637.0000,3637.4000,3638.2000,1,1,1,1,1,1,1,3,1,2
SF,IF2012,2020-04-27 09:34:02.500,3632.8000,1935,0,33805260.000,0,-,-,-,-,3633.0000,3632.8000,3632.6000,3629.0000,3613.0000,3635.2000,3635.4000,3636.0000,3637.0000,3637.4000,1,1,1,1,1,3,1,1,3,1
SF,IF2012,2020-04-27 09:34:03.000,3632.8000,1935,0,33805260.000,0,-,-,-,-,3633.0000,3632.8000,3632.6000,3629.0000,3613.0000,3635.0000,3635.2000,3635.4000,3636.0000,3637.0000,1,1,1,1,1,1,2,1,1,3
SF,IF2012,2020-04-27 09:34:03.500,3632.8000,1935,0,33805260.000,0,-,-,-,-,3633.0000,3632.6000,3629.0000,3613.0000,3605.8000,3635.0000,3635.2000,3635.4000,3636.0000,3637.0000,1,1,1,1,1,1,2,1,1,3
SF,IF2012,2020-04-27 09:34:04.000,3632.8000,1935,0,33805260.000,0,-,-,-,-,3633.0000,3632.6000,3629.0000,3613.0000,3605.8000,3634.8000,3635.0000,3635.2000,3635.4000,3636.0000,1,1,1,1,1,1,1,2,1,1
SF,IF2012,2020-04-27 09:34:06.000,3633.0000,1934,-1,34895160.000,1,0,1,双平,S,3632.6000,3629.0000,3613.0000,3605.8000,3603.0000,3634.8000,3635.0000,3635.2000,3635.4000,3636.0000,1,1,1,1,1,1,1,2,1,1
SF,IF2012,2020-04-27 09:34:08.000,3633.0000,1934,0,34895160.000,0,-,-,-,-,3632.6000,3629.0000,3613.0000,3605.8000,3603.0000,3634.8000,3635.0000,3635.2000,3636.0000,3637.0000,1,1,1,1,1,1,1,2,1,3
SF,IF2012,2020-04-27 09:34:08.500,3633.0000,1934,0,34895160.000,0,-,-,-,-,3632.8000,3632.6000,3629.0000,3613.0000,3605.8000,3636.0000,3637.0000,3637.4000,3638.2000,3638.6000,1,1,1,1,1,1,3,1,2,1
SF,IF2012,2020-04-27 09:34:09.000,3633.0000,1934,0,34895160.000,0,-,-,-,-,3632.8000,3632.6000,3629.0000,3613.0000,3605.8000,3635.8000,3636.0000,3637.0000,3637.4000,3638.2000,1,1,1,1,1,1,1,3,1,2
SF,IF2012,2020-04-27 09:34:09.500,3633.0000,1934,0,34895160.000,0,-,-,-,-,3632.8000,3632.6000,3629.0000,3613.0000,3605.8000,3636.0000,3637.0000,3637.4000,3638.2000,3638.6000,1,1,1,1,1,1,3,1,2,1
SF,IF2012,2020-04-27 09:34:10.000,3633.0000,1934,0,34895160.000,0,-,-,-,-,3633.0000,3632.8000,3632.6000,3629.0000,3613.0000,3635.8000,3636.0000,3637.0000,3637.4000,3638.2000,2,1,1,1,1,1,1,3,1,2
SF,IF2012,2020-04-27 09:34:10.500,3633.0000,1934,0,34895160.000,0,-,-,-,-,3633.2000,3633.0000,3632.6000,3629.0000,3613.0000,3635.8000,3636.0000,3637.0000,3637.4000,3638.2000,1,2,1,1,1,1,1,3,1,2
SF,IF2012,2020-04-27 09:34:12.500,3633.0000,1934,0,34895160.000,0,-,-,-,-,3633.2000,3633.0000,3632.6000,3629.0000,3613.0000,3636.0000,3637.0000,3637.4000,3638.2000,3638.6000,1,2,1,1,1,1,3,1,2,1
SF,IF2012,2020-04-27 09:34:16.000,3633.0000,1934,0,34895160.000,0,-,-,-,-,3633.2000,3633.0000,3632.6000,3629.0000,3613.0000,3635.8000,3636.0000,3637.0000,3637.4000,3638.2000,1,2,1,1,1,1,1,3,1,2
SF,IF2012,2020-04-27 09:34:16.500,3633.2000,1934,0,35985120.000,1,0,1,多换,S,3633.0000,3632.6000,3629.0000,3613.0000,3605.8000,3635.8000,3636.0000,3637.0000,3637.4000,3638.2000,2,1,1,1,1,1,1,3,1,2
SF,IF2012,2020-04-27 09:34:17.000,3633.2000,1934,0,35985120.000,0,-,-,-,-,3633.2000,3633.0000,3632.6000,3629.0000,3613.0000,3635.6000,3635.8000,3636.0000,3637.0000,3637.4000,1,2,1,1,1,1,1,1,3,1
SF,IF2012,2020-04-27 09:34:18.500,3633.2000,1934,0,35985120.000,0,-,-,-,-,3633.2000,3633.0000,3632.6000,3629.0000,3613.0000,3635.6000,3636.0000,3637.0000,3637.4000,3638.2000,1,2,1,1,1,1,1,3,1,2
SF,IF2012,2020-04-27 09:34:20.000,3633.2000,1934,0,35985120.000,0,-,-,-,-,3633.2000,3633.0000,3632.6000,3629.0000,3613.0000,3635.4000,3635.6000,3636.0000,3637.0000,3637.4000,1,2,1,1,1,1,1,1,3,1
SF,IF2012,2020-04-27 09:34:20.500,3633.2000,1934,0,35985120.000,0,-,-,-,-,3633.2000,3633.0000,3632.6000,3629.0000,3613.0000,3635.4000,3636.0000,3637.0000,3637.4000,3638.2000,1,1,1,1,1,1,1,3,1,2
SF,IF2012,2020-04-27 09:34:21.500,3633.2000,1934,0,35985120.000,0,-,-,-,-,3633.2000,3633.0000,3632.6000,3629.0000,3613.0000,3636.0000,3637.0000,3637.4000,3638.2000,3638.6000,1,1,1,1,1,1,3,1,2,1
SF,IF2012,2020-04-27 09:34:22.000,3633.2000,1934,0,35985120.000,0,-,-,-,-,3633.2000,3633.0000,3632.6000,3629.0000,3613.0000,3635.8000,3636.0000,3637.0000,3637.4000,3638.2000,1,1,1,1,1,1,1,3,1,2
SF,IF2012,2020-04-27 09:34:22.500,3633.2000,1934,0,35985120.000,0,-,-,-,-,3633.2000,3632.6000,3629.0000,3613.0000,3605.8000,3635.8000,3636.0000,3637.0000,3637.4000,3638.2000,1,1,1,1,1,1,1,3,1,2
SF,IF2012,2020-04-27 09:34:23.000,3633.2000,1934,0,35985120.000,0,-,-,-,-,3633.2000,3632.6000,3629.0000,3613.0000,3605.8000,3636.0000,3637.0000,3637.4000,3638.2000,3638.6000,1,1,1,1,1,1,3,1,2,1
SF,IF2012,2020-04-27 09:34:32.000,3633.2000,1934,0,35985120.000,0,-,-,-,-,3633.2000,3632.6000,3629.0000,3613.0000,3605.8000,3635.8000,3636.0000,3637.0000,3637.4000,3638.2000,1,1,1,1,1,1,1,3,1,2
SF,IF2012,2020-04-27 09:34:32.500,3633.2000,1934,0,35985120.000,0,-,-,-,-,3633.2000,3632.6000,3629.0000,3613.0000,3605.8000,3635.6000,3635.8000,3636.0000,3637.0000,3637.4000,1,1,1,1,1,1,1,1,3,1
SF,IF2012,2020-04-27 09:34:33.500,3633.2000,1934,0,35985120.000,0,-,-,-,-,3633.2000,3632.6000,3629.0000,3613.0000,3605.8000,3635.6000,3636.0000,3637.0000,3637.4000,3638.2000,1,1,1,1,1,1,1,3,1,2
SF,IF2012,2020-04-27 09:34:34.000,3633.2000,1934,0,35985120.000,0,-,-,-,-,3632.6000,3629.0000,3613.0000,3605.8000,3603.0000,3635.6000,3636.0000,3637.0000,3637.4000,3638.2000,1,1,1,1,1,1,1,3,1,2
SF,IF2012,2020-04-27 09:34:34.500,3633.2000,1934,0,35985120.000,0,-,-,-,-,3632.8000,3632.6000,3629.0000,3613.0000,3605.8000,3635.6000,3636.0000,3637.0000,3637.4000,3638.2000,2,1,1,1,1,1,1,3,1,2
SF,IF2012,2020-04-27 09:34:37.000,3633.2000,1934,0,35985120.000,0,-,-,-,-,3632.8000,3632.6000,3629.0000,3613.0000,3605.8000,3635.4000,3635.6000,3636.0000,3637.0000,3637.4000,2,1,1,1,1,1,1,1,3,1
SF,IF2012,2020-04-27 09:34:37.500,3633.2000,1934,0,35985120.000,0,-,-,-,-,3632.8000,3632.6000,3629.0000,3613.0000,3605.8000,3635.2000,3635.4000,3636.0000,3637.0000,3637.4000,2,1,1,1,1,1,1,1,3,1
SF,IF2012,2020-04-27 09:34:38.000,3633.2000,1934,0,35985120.000,0,-,-,-,-,3632.8000,3632.6000,3629.0000,3613.0000,3605.8000,3635.2000,3636.0000,3637.0000,3637.4000,3638.2000,1,1,1,1,1,1,1,3,1,2
SF,IF2012,2020-04-27 09:34:42.000,3633.2000,1934,0,35985120.000,0,-,-,-,-,3632.8000,3632.6000,3629.0000,3613.0000,3605.8000,3635.0000,3635.2000,3636.0000,3637.0000,3637.4000,1,1,1,1,1,1,1,1,3,1
SF,IF2012,2020-04-27 09:34:42.500,3633.2000,1934,0,35985120.000,0,-,-,-,-,3632.6000,3629.0000,3613.0000,3605.8000,3603.0000,3634.8000,3635.0000,3636.0000,3637.0000,3637.4000,1,1,1,1,1,1,1,1,3,1
SF,IF2012,2020-04-27 09:34:43.500,3633.2000,1934,0,35985120.000,0,-,-,-,-,3632.6000,3629.0000,3613.0000,3605.8000,3603.0000,3634.8000,3636.0000,3637.0000,3637.4000,3638.2000,1,1,1,1,1,1,1,3,1,2
SF,IF2012,2020-04-27 09:34:54.000,3633.2000,1934,0,35985120.000,0,-,-,-,-,3632.6000,3629.0000,3613.0000,3605.8000,3603.0000,3634.8000,3636.0000,3637.0000,3637.4000,3638.2000,1,1,1,1,1,1,1,2,1,2
SF,IF2012,2020-04-27 09:34:54.500,3633.2000,1934,0,35985120.000,0,-,-,-,-,3632.8000,3632.6000,3629.0000,3613.0000,3605.8000,3634.8000,3636.0000,3637.0000,3637.4000,3638.2000,1,1,1,1,1,1,1,2,1,2
SF,IF2012,2020-04-27 09:34:58.000,3633.2000,1934,0,35985120.000,0,-,-,-,-,3632.8000,3632.6000,3629.0000,3613.0000,3605.8000,3634.6000,3634.8000,3636.0000,3637.0000,3637.4000,1,1,1,1,1,1,1,1,2,1
SF,IF2012,2020-04-27 09:34:58.500,3633.2000,1934,0,35985120.000,0,-,-,-,-,3632.8000,3632.6000,3629.0000,3613.0000,3605.8000,3634.6000,3636.0000,3637.0000,3637.4000,3638.2000,1,1,1,1,1,1,1,2,1,2
SF,IF2012,2020-04-27 09:35:04.500,3633.2000,1934,0,35985120.000,0,-,-,-,-,3632.8000,3632.6000,3629.0000,3613.0000,3605.8000,3634.4000,3634.6000,3636.0000,3637.0000,3637.4000,1,1,1,1,1,2,1,1,2,1
SF,IF2012,2020-04-27 09:35:05.000,3633.2000,1934,0,35985120.000,0,-,-,-,-,3632.6000,3629.0000,3613.0000,3605.8000,3603.0000,3634.2000,3634.4000,3634.6000,3636.0000,3637.0000,1,1,1,1,1,1,2,1,1,2
SF,IF2012,2020-04-27 09:35:06.000,3633.2000,1934,0,35985120.000,0,-,-,-,-,3632.6000,3629.0000,3613.0000,3605.8000,3603.0000,3634.2000,3634.4000,3634.6000,3636.0000,3637.0000,1,1,1,1,1,2,2,1,1,2
SF,IF2012,2020-04-27 09:35:09.500,3632.6000,1933,-1,37074900.000,1,0,1,双平,S,3629.0000,3613.0000,3605.8000,3603.0000,3600.0000,3633.8000,3634.2000,3634.6000,3636.0000,3637.0000,1,1,1,1,1,2,2,1,1,2
SF,IF2012,2020-04-27 09:35:10.000,3632.6000,1933,0,37074900.000,0,-,-,-,-,3629.2000,3629.0000,3613.0000,3605.8000,3603.0000,3633.6000,3633.8000,3634.2000,3634.6000,3636.0000,1,1,1,1,1,1,2,1,1,1
SF,IF2012,2020-04-27 09:35:11.500,3632.6000,1933,0,37074900.000,0,-,-,-,-,3629.2000,3629.0000,3613.0000,3605.8000,3603.0000,3633.4000,3633.6000,3633.8000,3634.2000,3634.6000,1,1,1,1,1,1,1,2,1,1
SF,IF2012,2020-04-27 09:35:12.000,3632.6000,1933,0,37074900.000,0,-,-,-,-,3629.4000,3629.2000,3629.0000,3613.0000,3605.8000,3633.2000,3633.4000,3633.8000,3634.2000,3634.6000,1,1,1,1,1,1,1,2,1,1
SF,IF2012,2020-04-27 09:35:12.500,3632.6000,1933,0,37074900.000,0,-,-,-,-,3629.6000,3629.4000,3629.0000,3613.0000,3605.8000,3633.2000,3633.4000,3633.8000,3634.2000,3634.6000,1,1,1,1,1,1,1,2,1,1
SF,IF2012,2020-04-27 09:35:13.000,3632.6000,1933,0,37074900.000,0,-,-,-,-,3629.8000,3629.6000,3629.0000,3613.0000,3605.8000,3633.4000,3633.8000,3634.2000,3634.6000,3636.0000,1,1,1,1,1,1,2,1,1,1
SF,IF2012,2020-04-27 09:35:13.500,3632.6000,1933,0,37074900.000,0,-,-,-,-,3630.0000,3629.8000,3629.0000,3613.0000,3605.8000,3633.2000,3633.4000,3633.8000,3634.2000,3634.6000,1,1,1,1,1,1,1,2,1,1
SF,IF2012,2020-04-27 09:35:14.000,3632.6000,1933,0,37074900.000,0,-,-,-,-,3630.2000,3630.0000,3629.0000,3613.0000,3605.8000,3633.4000,3633.8000,3634.2000,3634.6000,3636.0000,1,1,1,1,1,1,2,1,1,1
SF,IF2012,2020-04-27 09:35:14.500,3632.6000,1933,0,37074900.000,0,-,-,-,-,3630.4000,3630.2000,3629.0000,3613.0000,3605.8000,3633.2000,3633.8000,3634.2000,3634.6000,3636.0000,1,1,1,1,1,1,2,1,1,1
SF,IF2012,2020-04-27 09:35:16.000,3632.6000,1933,0,37074900.000,0,-,-,-,-,3630.4000,3630.2000,3629.0000,3613.0000,3605.8000,3633.2000,3634.2000,3634.6000,3636.0000,3637.0000,1,1,1,1,1,1,1,1,1,2
SF,IF2012,2020-04-27 09:35:16.500,3632.6000,1933,0,37074900.000,0,-,-,-,-,3630.4000,3629.0000,3613.0000,3605.8000,3603.0000,3633.2000,3634.2000,3636.0000,3637.0000,3637.4000,1,1,1,1,1,1,1,1,2,1
SF,IF2012,2020-04-27 09:35:29.500,3632.6000,1933,0,37074900.000,0,-,-,-,-,3630.4000,3629.0000,3628.8000,3613.0000,3605.8000,3633.2000,3634.2000,3636.0000,3637.0000,3637.4000,1,1,1,1,1,1,1,1,2,1
SF,IF2012,2020-04-27 09:35:30.000,3632.6000,1933,0,37074900.000,0,-,-,-,-,3630.4000,3629.0000,3628.8000,3613.0000,3605.8000,3634.2000,3636.0000,3637.0000,3637.4000,3638.2000,1,1,1,1,1,1,1,2,1,2
SF,IF2012,2020-04-27 09:35:30.500,3632.6000,1933,0,37074900.000,0,-,-,-,-,3630.6000,3630.4000,3629.0000,3628.8000,3613.0000,3634.0000,3634.2000,3636.0000,3637.0000,3637.4000,1,1,1,1,1,1,1,1,2,1
SF,IF2012,2020-04-27 09:35:31.000,3632.6000,1933,0,37074900.000,0,-,-,-,-,3630.8000,3630.6000,3629.0000,3628.8000,3613.0000,3634.2000,3636.0000,3637.0000,3637.4000,3638.2000,1,1,1,1,1,1,1,2,1,2
SF,IF2012,2020-04-27 09:35:31.500,3632.6000,1933,0,37074900.000,0,-,-,-,-,3631.0000,3630.8000,3629.0000,3628.8000,3613.0000,3633.8000,3634.2000,3637.0000,3637.4000,3638.2000,1,1,1,1,1,1,1,2,1,2
SF,IF2012,2020-04-27 09:35:32.000,3632.6000,1933,0,37074900.000,0,-,-,-,-,3631.2000,3631.0000,3629.0000,3628.8000,3613.0000,3633.8000,3634.2000,3637.0000,3637.4000,3638.2000,1,1,1,1,1,1,1,2,1,2
SF,IF2012,2020-04-27 09:35:41.500,3632.6000,1933,0,37074900.000,0,-,-,-,-,3631.2000,3631.0000,3630.4000,3629.0000,3628.8000,3633.8000,3634.2000,3637.0000,3637.4000,3638.2000,1,1,1,1,1,1,1,2,1,2
SF,IF2012,2020-04-27 09:35:42.000,3632.6000,1933,0,37074900.000,0,-,-,-,-,3631.2000,3630.4000,3629.0000,3628.8000,3613.0000,3633.8000,3634.2000,3637.0000,3637.4000,3638.2000,1,1,1,1,1,1,1,2,1,2
SF,IF2012,2020-04-27 09:35:43.000,3632.6000,1933,0,37074900.000,0,-,-,-,-,3631.2000,3630.4000,3629.0000,3628.8000,3621.0000,3633.8000,3634.2000,3637.0000,3637.4000,3638.2000,1,1,1,1,1,1,1,2,1,2
SF,IF2012,2020-04-27 09:36:03.500,3632.6000,1933,0,37074900.000,0,-,-,-,-,3631.4000,3631.2000,3630.4000,3629.0000,3628.8000,3633.8000,3634.2000,3637.0000,3637.4000,3638.2000,1,1,1,1,1,1,1,2,1,2
SF,IF2012,2020-04-27 09:36:04.000,3632.6000,1933,0,37074900.000,0,-,-,-,-,3631.6000,3631.4000,3630.4000,3629.0000,3628.8000,3633.8000,3634.2000,3637.0000,3637.4000,3638.2000,1,1,1,1,1,1,1,2,1,2
SF,IF2012,2020-04-27 09:36:04.500,3632.6000,1933,0,37074900.000,0,-,-,-,-,3631.6000,3630.4000,3629.0000,3628.8000,3621.0000,3633.8000,3634.2000,3637.0000,3637.4000,3638.2000,1,1,1,1,1,1,1,2,1,2
SF,IF2012,2020-04-27 09:36:06.000,3633.8000,1932,-1,38165040.000,1,0,1,双平,S,3631.6000,3630.4000,3629.0000,3628.8000,3621.0000,3634.2000,3637.0000,3637.4000,3638.2000,3638.6000,1,1,1,1,1,1,2,1,2,1
SF,IF2012,2020-04-27 09:36:06.500,3634.2000,1932,0,39255300.000,1,0,1,多换,S,3631.6000,3630.4000,3629.0000,3628.8000,3621.0000,3637.0000,3637.4000,3638.2000,3638.6000,3639.0000,1,1,1,1,1,2,1,2,1,1
SF,IF2012,2020-04-27 09:36:07.000,3634.2000,1932,0,39255300.000,0,-,-,-,-,3631.6000,3630.4000,3629.0000,3628.8000,3621.0000,3636.6000,3637.0000,3637.4000,3638.2000,3638.6000,1,1,1,1,1,2,2,1,2,1
SF,IF2012,2020-04-27 09:36:09.000,3634.2000,1932,0,39255300.000,0,-,-,-,-,3631.6000,3630.4000,3628.8000,3621.0000,3613.0000,3636.2000,3636.6000,3637.0000,3637.4000,3638.2000,1,1,1,1,1,1,2,2,1,2
SF,IF2012,2020-04-27 09:36:09.500,3634.2000,1932,0,39255300.000,0,-,-,-,-,3632.6000,3631.8000,3631.6000,3630.4000,3628.8000,3636.2000,3636.6000,3637.0000,3637.4000,3638.2000,1,1,1,1,1,1,2,2,1,2
SF,IF2012,2020-04-27 09:36:10.000,3634.2000,1932,0,39255300.000,0,-,-,-,-,3632.8000,3632.6000,3630.4000,3628.8000,3621.0000,3636.2000,3637.0000,3637.4000,3638.2000,3638.6000,2,1,1,1,1,1,2,1,2,1
SF,IF2012,2020-04-27 09:36:10.500,3634.2000,1932,0,39255300.000,0,-,-,-,-,3632.8000,3632.6000,3630.4000,3628.8000,3621.0000,3637.0000,3637.4000,3638.2000,3638.6000,3639.0000,2,1,1,1,1,2,1,2,1,1
SF,IF2012,2020-04-27 09:36:12.500,3634.2000,1932,0,39255300.000,0,-,-,-,-,3633.2000,3633.0000,3632.8000,3630.4000,3628.8000,3637.0000,3637.4000,3638.2000,3638.6000,3639.0000,2,1,2,1,1,2,1,2,1,1
SF,IF2012,2020-04-27 09:36:13.000,3634.2000,1932,0,39255300.000,0,-,-,-,-,3633.4000,3633.2000,3633.0000,3630.4000,3628.8000,3637.0000,3637.4000,3638.2000,3638.6000,3639.0000,2,2,1,1,1,2,1,2,1,1
SF,IF2012,2020-04-27 09:36:14.000,3634.2000,1932,0,39255300.000,0,-,-,-,-,3633.4000,3633.2000,3633.0000,3630.4000,3628.8000,3636.8000,3637.0000,3637.4000,3638.2000,3638.6000,2,2,1,1,1,2,2,1,2,1
SF,IF2012,2020-04-27 09:36:14.500,3634.2000,1932,0,39255300.000,0,-,-,-,-,3633.4000,3633.2000,3630.4000,3628.8000,3621.0000,3636.8000,3637.0000,3637.4000,3638.2000,3638.6000,1,2,1,1,1,2,2,1,2,1
SF,IF2012,2020-04-27 09:36:15.000,3634.2000,1932,0,39255300.000,0,-,-,-,-,3630.4000,3628.8000,3621.0000,3613.0000,3605.8000,3636.8000,3637.0000,3637.4000,3638.2000,3638.6000,1,1,1,1,1,2,2,1,2,1
SF,IF2012,2020-04-27 09:36:15.500,3634.2000,1932,0,39255300.000,0,-,-,-,-,3630.6000,3630.4000,3628.8000,3621.0000,3613.0000,3636.8000,3637.0000,3637.4000,3638.2000,3638.6000,1,1,1,1,1,2,2,1,2,1
SF,IF2012,2020-04-27 09:36:16.500,3634.2000,1932,0,39255300.000,0,-,-,-,-,3630.6000,3630.4000,3628.8000,3621.0000,3613.0000,3636.2000,3636.8000,3637.0000,3637.4000,3638.2000,1,1,1,1,1,1,2,2,1,2
SF,IF2012,2020-04-27 09:36:17.500,3634.2000,1932,0,39255300.000,0,-,-,-,-,3630.6000,3630.4000,3628.8000,3621.0000,3613.0000,3636.8000,3637.0000,3637.4000,3638.2000,3638.6000,1,1,1,1,1,2,2,1,2,1
SF,IF2012,2020-04-27 09:36:18.000,3634.2000,1932,0,39255300.000,0,-,-,-,-,3630.8000,3630.6000,3630.4000,3628.8000,3621.0000,3636.8000,3637.0000,3637.4000,3638.2000,3638.6000,1,1,1,1,1,2,2,1,2,1
SF,IF2012,2020-04-27 09:36:18.500,3634.2000,1932,0,39255300.000,0,-,-,-,-,3631.0000,3630.8000,3630.4000,3628.8000,3621.0000,3637.0000,3637.4000,3638.2000,3638.6000,3639.0000,1,1,1,1,1,2,1,2,1,1
SF,IF2012,2020-04-27 09:36:19.000,3634.2000,1932,0,39255300.000,0,-,-,-,-,3631.2000,3631.0000,3630.4000,3628.8000,3621.0000,3637.0000,3637.4000,3638.2000,3638.6000,3639.0000,1,2,1,1,1,2,1,2,1,1
SF,IF2012,2020-04-27 09:36:19.500,3634.2000,1932,0,39255300.000,0,-,-,-,-,3631.4000,3631.2000,3631.0000,3630.4000,3628.8000,3637.0000,3637.4000,3638.2000,3638.6000,3639.0000,1,1,1,1,1,2,1,2,1,1
SF,IF2012,2020-04-27 09:36:20.000,3634.2000,1932,0,39255300.000,0,-,-,-,-,3631.6000,3631.4000,3630.4000,3628.8000,3621.0000,3636.8000,3637.0000,3637.4000,3638.2000,3638.6000,1,1,1,1,1,1,2,1,2,1
SF,IF2012,2020-04-27 09:36:20.500,3634.2000,1932,0,39255300.000,0,-,-,-,-,3631.8000,3631.6000,3630.4000,3628.8000,3621.0000,3636.8000,3637.0000,3637.4000,3638.2000,3638.6000,1,1,1,1,1,1,2,1,2,1
SF,IF2012,2020-04-27 09:36:21.000,3634.2000,1932,0,39255300.000,0,-,-,-,-,3632.0000,3631.8000,3630.4000,3628.8000,3621.0000,3636.8000,3637.0000,3637.4000,3638.2000,3638.6000,1,1,1,1,1,1,2,1,2,1
SF,IF2012,2020-04-27 09:36:21.500,3634.2000,1932,0,39255300.000,0,-,-,-,-,3632.2000,3632.0000,3630.4000,3628.8000,3621.0000,3636.8000,3637.0000,3637.4000,3638.2000,3638.6000,1,1,1,1,1,1,2,1,2,1
SF,IF2012,2020-04-27 09:36:22.000,3634.2000,1932,0,39255300.000,0,-,-,-,-,3632.8000,3632.4000,3632.2000,3630.4000,3628.8000,3636.8000,3637.0000,3637.4000,3638.2000,3638.6000,2,1,1,1,1,1,2,1,2,1
SF,IF2012,2020-04-27 09:36:22.500,3634.2000,1932,0,39255300.000,0,-,-,-,-,3633.0000,3632.8000,3630.4000,3628.8000,3621.0000,3637.0000,3637.4000,3638.2000,3638.6000,3639.0000,2,2,1,1,1,2,1,2,1,1
SF,IF2012,2020-04-27 09:36:24.000,3634.2000,1932,0,39255300.000,0,-,-,-,-,3633.6000,3633.0000,3630.4000,3628.8000,3621.0000,3637.0000,3637.4000,3638.2000,3638.6000,3639.0000,2,2,1,1,1,2,1,2,1,1
SF,IF2012,2020-04-27 09:36:24.500,3634.2000,1932,0,39255300.000,0,-,-,-,-,3633.8000,3633.6000,3630.4000,3628.8000,3621.0000,3637.0000,3637.4000,3638.2000,3638.6000,3639.0000,2,2,1,1,1,2,1,2,1,1
SF,IF2012,2020-04-27 09:36:25.000,3634.2000,1932,0,39255300.000,0,-,-,-,-,3633.8000,3630.4000,3628.8000,3621.0000,3613.0000,3636.6000,3637.0000,3637.4000,3638.2000,3638.6000,1,1,1,1,1,2,2,1,2,1
SF,IF2012,2020-04-27 09:36:25.500,3634.2000,1932,0,39255300.000,0,-,-,-,-,3630.4000,3628.8000,3621.0000,3613.0000,3605.8000,3636.6000,3637.0000,3637.4000,3638.2000,3638.6000,1,1,1,1,1,2,2,1,2,1
SF,IF2012,2020-04-27 09:36:26.000,3634.2000,1932,0,39255300.000,0,-,-,-,-,3630.6000,3630.4000,3628.8000,3621.0000,3613.0000,3637.0000,3637.4000,3638.2000,3638.6000,3639.0000,2,1,1,1,1,2,1,2,1,1
SF,IF2012,2020-04-27 09:36:26.500,3634.2000,1932,0,39255300.000,0,-,-,-,-,3630.6000,3630.4000,3628.8000,3621.0000,3613.0000,3636.8000,3637.0000,3637.4000,3638.2000,3638.6000,2,1,1,1,1,2,2,1,2,1
SF,IF2012,2020-04-27 09:36:27.000,3634.2000,1932,0,39255300.000,0,-,-,-,-,3631.0000,3630.6000,3630.4000,3628.8000,3621.0000,3637.0000,3637.4000,3638.2000,3638.6000,3639.0000,1,2,1,1,1,2,1,2,1,1
SF,IF2012,2020-04-27 09:36:27.500,3634.2000,1932,0,39255300.000,0,-,-,-,-,3631.2000,3631.0000,3630.6000,3630.4000,3628.8000,3637.0000,3637.4000,3638.2000,3638.6000,3639.0000,1,1,1,1,1,2,1,2,1,1
SF,IF2012,2020-04-27 09:36:28.000,3634.2000,1932,0,39255300.000,0,-,-,-,-,3632.0000,3631.4000,3631.2000,3631.0000,3630.6000,3637.0000,3637.4000,3638.2000,3638.6000,3639.0000,2,1,1,1,1,2,1,2,1,1
SF,IF2012,2020-04-27 09:36:28.500,3634.2000,1932,0,39255300.000,0,-,-,-,-,3632.2000,3632.0000,3631.6000,3630.6000,3630.4000,3637.0000,3637.4000,3638.2000,3638.6000,3639.0000,2,2,1,1,1,2,1,2,1,1
SF,IF2012,2020-04-27 09:36:29.500,3634.2000,1932,0,39255300.000,0,-,-,-,-,3632.8000,3632.2000,3630.6000,3630.4000,3628.8000,3637.0000,3637.4000,3638.2000,3638.6000,3639.0000,3,2,1,1,1,2,1,2,1,1
SF,IF2012,2020-04-27 09:36:30.000,3634.2000,1932,0,39255300.000,0,-,-,-,-,3633.0000,3632.8000,3630.6000,3630.4000,3628.8000,3637.0000,3637.4000,3638.2000,3638.6000,3639.0000,2,3,1,1,1,2,1,2,1,1
SF,IF2012,2020-04-27 09:36:32.000,3634.2000,1932,0,39255300.000,0,-,-,-,-,3633.0000,3632.8000,3630.6000,3630.4000,3628.8000,3637.0000,3637.4000,3638.2000,3638.6000,3639.0000,2,1,1,1,1,2,1,2,1,1
SF,IF2012,2020-04-27 09:36:33.500,3634.2000,1932,0,39255300.000,0,-,-,-,-,3633.0000,3630.4000,3628.8000,3621.0000,3613.0000,3636.6000,3637.0000,3637.4000,3638.2000,3638.6000,2,1,1,1,1,2,2,1,2,1
SF,IF2012,2020-04-27 09:36:34.000,3634.2000,1932,0,39255300.000,0,-,-,-,-,3633.0000,3630.4000,3628.8000,3621.0000,3613.0000,3637.0000,3637.4000,3638.2000,3638.6000,3639.0000,1,1,1,1,1,2,1,2,1,1
SF,IF2012,2020-04-27 09:36:36.500,3634.2000,1932,0,39255300.000,0,-,-,-,-,3633.4000,3633.0000,3630.4000,3628.8000,3621.0000,3637.0000,3637.4000,3638.2000,3638.6000,3639.0000,2,1,1,1,1,2,1,2,1,1
SF,IF2012,2020-04-27 09:36:37.000,3634.2000,1932,0,39255300.000,0,-,-,-,-,3633.6000,3633.4000,3630.4000,3628.8000,3621.0000,3637.0000,3637.4000,3638.2000,3638.6000,3639.0000,1,2,1,1,1,2,1,2,1,1
SF,IF2012,2020-04-27 09:36:38.000,3634.2000,1932,0,39255300.000,0,-,-,-,-,3633.6000,3633.4000,3630.4000,3628.8000,3621.0000,3636.6000,3637.0000,3637.4000,3638.2000,3638.6000,1,2,1,1,1,2,2,1,2,1
SF,IF2012,2020-04-27 09:36:38.500,3634.2000,1932,0,39255300.000,0,-,-,-,-,3630.4000,3628.8000,3621.0000,3613.0000,3605.8000,3636.6000,3637.0000,3637.4000,3638.2000,3638.6000,1,1,1,1,1,2,2,1,2,1
SF,IF2012,2020-04-27 09:36:39.000,3634.2000,1932,0,39255300.000,0,-,-,-,-,3630.6000,3630.4000,3628.8000,3621.0000,3613.0000,3636.6000,3637.0000,3637.4000,3638.2000,3638.6000,1,1,1,1,1,2,2,1,2,1
SF,IF2012,2020-04-27 09:36:41.000,3634.2000,1932,0,39255300.000,0,-,-,-,-,3631.4000,3630.6000,3630.4000,3628.8000,3621.0000,3637.0000,3637.4000,3638.2000,3638.6000,3639.0000,2,1,1,1,1,2,1,2,1,1
SF,IF2012,2020-04-27 09:36:41.500,3634.2000,1932,0,39255300.000,0,-,-,-,-,3631.6000,3631.4000,3630.4000,3628.8000,3621.0000,3637.0000,3637.4000,3638.2000,3638.6000,3639.0000,1,2,1,1,1,2,1,2,1,1
SF,IF2012,2020-04-27 09:36:42.000,3634.2000,1932,0,39255300.000,0,-,-,-,-,3631.6000,3631.4000,3630.4000,3628.8000,3621.0000,3636.8000,3637.0000,3637.4000,3638.2000,3638.6000,1,2,1,1,1,2,2,1,2,1
SF,IF2012,2020-04-27 09:36:42.500,3634.2000,1932,0,39255300.000,0,-,-,-,-,3631.6000,3631.4000,3630.4000,3628.8000,3621.0000,3636.6000,3637.0000,3637.4000,3638.2000,3638.6000,1,2,1,1,1,1,2,1,2,1
SF,IF2012,2020-04-27 09:36:44.500,3634.2000,1932,0,39255300.000,0,-,-,-,-,3632.2000,3631.6000,3630.4000,3628.8000,3621.0000,3636.4000,3636.6000,3637.0000,3637.4000,3638.2000,2,1,1,1,1,2,1,2,1,2
SF,IF2012,2020-04-27 09:36:45.000,3634.2000,1932,0,39255300.000,0,-,-,-,-,3632.4000,3632.2000,3630.4000,3628.8000,3621.0000,3636.6000,3637.0000,3637.4000,3638.2000,3638.6000,1,2,1,1,1,1,2,1,2,1
SF,IF2012,2020-04-27 09:36:46.000,3634.2000,1932,0,39255300.000,0,-,-,-,-,3632.4000,3630.4000,3628.8000,3621.0000,3613.0000,3636.6000,3637.0000,3637.4000,3638.2000,3638.6000,1,1,1,1,1,1,2,1,2,1
SF,IF2012,2020-04-27 09:36:46.500,3634.2000,1932,0,39255300.000,0,-,-,-,-,3632.4000,3630.4000,3628.8000,3621.0000,3613.0000,3637.0000,3637.4000,3638.2000,3638.6000,3639.0000,1,1,1,1,1,2,1,2,1,1
SF,IF2012,2020-04-27 09:36:47.000,3634.2000,1932,0,39255300.000,0,-,-,-,-,3632.4000,3630.4000,3629.0000,3628.8000,3621.0000,3637.0000,3637.4000,3638.2000,3638.6000,3639.0000,1,1,1,1,1,2,1,2,1,1
SF,IF2012,2020-04-27 09:36:47.500,3634.2000,1932,0,39255300.000,0,-,-,-,-,3632.8000,3632.6000,3632.4000,3630.4000,3629.0000,3636.8000,3637.0000,3637.4000,3638.2000,3638.6000,2,1,1,1,1,2,2,1,2,1
SF,IF2012,2020-04-27 09:36:48.000,3634.2000,1932,0,39255300.000,0,-,-,-,-,3633.0000,3632.8000,3632.6000,3630.4000,3629.0000,3636.8000,3637.0000,3637.4000,3638.2000,3638.6000,2,2,1,1,1,2,2,1,2,1
SF,IF2012,2020-04-27 09:36:49.000,3634.2000,1932,0,39255300.000,0,-,-,-,-,3633.0000,3632.8000,3632.6000,3630.4000,3629.0000,3637.0000,3637.4000,3638.2000,3638.6000,3639.0000,2,2,1,1,1,2,1,2,1,1
SF,IF2012,2020-04-27 09:36:50.500,3634.2000,1932,0,39255300.000,0,-,-,-,-,3633.4000,3633.0000,3632.6000,3630.4000,3629.0000,3637.0000,3637.4000,3638.2000,3638.6000,3639.0000,2,2,1,1,1,2,1,2,1,1
SF,IF2012,2020-04-27 09:36:51.000,3634.2000,1932,0,39255300.000,0,-,-,-,-,3633.6000,3633.4000,3632.6000,3630.4000,3629.0000,3636.6000,3637.0000,3637.4000,3638.2000,3638.6000,2,2,1,1,1,2,2,1,2,1
SF,IF2012,2020-04-27 09:36:51.500,3634.2000,1932,0,39255300.000,0,-,-,-,-,3633.6000,3633.4000,3632.6000,3630.4000,3629.0000,3636.8000,3637.0000,3637.4000,3638.2000,3638.6000,2,2,1,1,1,1,2,1,2,1
SF,IF2012,2020-04-27 09:36:53.000,3634.2000,1932,0,39255300.000,0,-,-,-,-,3633.6000,3633.4000,3632.6000,3630.4000,3629.0000,3636.6000,3636.8000,3637.0000,3637.4000,3638.2000,2,2,1,1,1,1,1,2,1,2
SF,IF2012,2020-04-27 09:36:55.500,3634.2000,1932,0,39255300.000,0,-,-,-,-,3633.6000,3633.4000,3632.6000,3630.4000,3629.0000,3636.6000,3637.0000,3637.4000,3638.2000,3638.6000,2,2,1,1,1,1,2,1,2,1
SF,IF2012,2020-04-27 09:36:56.000,3634.2000,1932,0,39255300.000,0,-,-,-,-,3633.6000,3633.4000,3632.6000,3630.4000,3629.0000,3636.4000,3636.6000,3637.0000,3637.4000,3638.2000,2,2,1,1,1,1,1,2,1,2
SF,IF2012,2020-04-27 09:36:57.000,3634.2000,1932,0,39255300.000,0,-,-,-,-,3633.6000,3632.6000,3630.4000,3629.0000,3628.8000,3636.4000,3636.6000,3637.0000,3637.4000,3638.2000,2,1,1,1,1,1,1,2,1,2
SF,IF2012,2020-04-27 09:37:00.500,3634.2000,1932,0,39255300.000,0,-,-,-,-,3633.6000,3632.6000,3630.4000,3629.0000,3628.8000,3636.6000,3637.0000,3637.4000,3638.2000,3638.6000,2,1,1,1,1,1,2,1,2,1
SF,IF2012,2020-04-27 09:37:05.000,3634.2000,1932,0,39255300.000,0,-,-,-,-,3633.6000,3632.6000,3630.4000,3629.0000,3628.8000,3637.0000,3637.4000,3638.2000,3638.6000,3639.0000,2,1,1,1,1,2,1,2,1,1
SF,IF2012,2020-04-27 09:37:08.000,3634.2000,1932,0,39255300.000,0,-,-,-,-,3633.8000,3633.6000,3632.6000,3630.4000,3629.0000,3637.0000,3637.4000,3638.2000,3638.6000,3639.0000,2,2,1,1,1,2,1,2,1,1
SF,IF2012,2020-04-27 09:37:08.500,3634.2000,1932,0,39255300.000,0,-,-,-,-,3634.0000,3633.8000,3632.6000,3630.4000,3629.0000,3637.0000,3637.4000,3638.2000,3638.6000,3639.0000,2,2,1,1,1,2,1,2,1,1
SF,IF2012,2020-04-27 09:37:09.500,3634.2000,1932,0,39255300.000,0,-,-,-,-,3634.4000,3634.0000,3632.6000,3630.4000,3629.0000,3637.0000,3637.4000,3638.2000,3638.6000,3639.0000,2,2,1,1,1,2,1,2,1,1
SF,IF2012,2020-04-27 09:37:10.000,3634.2000,1932,0,39255300.000,0,-,-,-,-,3634.6000,3634.4000,3634.0000,3632.6000,3630.4000,3637.0000,3637.4000,3638.2000,3638.6000,3639.0000,1,2,1,1,1,2,1,2,1,1
SF,IF2012,2020-04-27 09:37:11.000,3634.2000,1932,0,39255300.000,0,-,-,-,-,3634.6000,3634.0000,3632.6000,3630.4000,3629.0000,3637.0000,3637.4000,3638.2000,3638.6000,3639.0000,1,1,1,1,1,2,1,2,1,1
SF,IF2012,2020-04-27 09:37:13.500,3634.2000,1932,0,39255300.000,0,-,-,-,-,3635.0000,3634.6000,3634.0000,3632.6000,3630.4000,3637.0000,3637.4000,3638.2000,3638.6000,3639.0000,2,1,1,1,1,2,1,2,1,1
SF,IF2012,2020-04-27 09:37:14.000,3634.2000,1932,0,39255300.000,0,-,-,-,-,3635.2000,3635.0000,3634.0000,3632.6000,3630.4000,3637.0000,3637.4000,3638.2000,3638.6000,3639.0000,1,2,1,1,1,2,1,2,1,1
SF,IF2012,2020-04-27 09:37:15.000,3634.2000,1932,0,39255300.000,0,-,-,-,-,3635.2000,3634.0000,3632.6000,3630.4000,3629.0000,3637.0000,3637.4000,3638.2000,3638.6000,3639.0000,1,1,1,1,1,2,1,2,1,1
SF,IF2012,2020-04-27 09:37:18.000,3635.2000,1931,-1,40345860.000,1,0,1,双平,S,3634.0000,3632.6000,3630.4000,3629.0000,3628.8000,3637.0000,3637.4000,3638.2000,3638.6000,3639.0000,1,1,1,1,1,2,1,2,1,1
SF,IF2012,2020-04-27 09:37:18.500,3635.2000,1931,0,40345860.000,0,-,-,-,-,3634.2000,3634.0000,3632.6000,3630.4000,3629.0000,3636.8000,3637.0000,3637.4000,3638.2000,3638.6000,1,1,1,1,1,1,2,1,2,1
SF,IF2012,2020-04-27 09:37:26.500,3635.2000,1931,0,40345860.000,0,-,-,-,-,3634.2000,3634.0000,3633.2000,3632.6000,3630.4000,3636.8000,3637.0000,3637.4000,3638.2000,3638.6000,1,1,2,1,1,1,2,1,2,1
SF,IF2012,2020-04-27 09:37:29.500,3635.2000,1931,0,40345860.000,0,-,-,-,-,3634.4000,3634.2000,3634.0000,3632.6000,3630.4000,3636.8000,3637.0000,3637.4000,3638.2000,3638.6000,2,1,1,1,1,1,2,1,2,1
SF,IF2012,2020-04-27 09:37:30.000,3635.2000,1931,0,40345860.000,0,-,-,-,-,3634.6000,3634.4000,3634.0000,3632.6000,3630.4000,3636.8000,3637.0000,3637.4000,3638.2000,3638.6000,1,2,1,1,1,1,2,1,2,1
SF,IF2012,2020-04-27 09:37:31.500,3635.2000,1931,0,40345860.000,0,-,-,-,-,3634.6000,3634.0000,3632.6000,3630.4000,3629.0000,3636.8000,3637.0000,3637.4000,3638.2000,3638.6000,1,1,1,1,1,1,2,1,2,1
SF,IF2012,2020-04-27 09:37:41.000,3635.2000,1931,0,40345860.000,0,-,-,-,-,3634.8000,3634.6000,3634.0000,3632.6000,3630.4000,3636.8000,3637.0000,3637.4000,3638.2000,3638.6000,2,1,1,1,1,1,2,1,2,1
SF,IF2012,2020-04-27 09:37:41.500,3635.2000,1931,0,40345860.000,0,-,-,-,-,3635.0000,3634.8000,3634.0000,3632.6000,3630.4000,3636.8000,3637.0000,3637.4000,3638.2000,3638.6000,1,2,1,1,1,1,2,1,2,1
SF,IF2012,2020-04-27 09:37:42.000,3635.2000,1931,0,40345860.000,0,-,-,-,-,3634.8000,3634.0000,3632.6000,3630.4000,3629.0000,3636.8000,3637.0000,3637.4000,3638.2000,3638.6000,2,1,1,1,1,1,2,1,2,1
SF,IF2012,2020-04-27 09:37:46.500,3635.2000,1931,0,40345860.000,0,-,-,-,-,3634.0000,3632.6000,3630.4000,3629.0000,3628.8000,3636.8000,3637.0000,3637.4000,3638.2000,3638.6000,1,1,1,1,1,1,2,1,2,1
SF,IF2012,2020-04-27 09:37:47.000,3635.2000,1931,0,40345860.000,0,-,-,-,-,3634.2000,3634.0000,3632.6000,3630.4000,3629.0000,3636.8000,3637.0000,3637.4000,3638.2000,3638.6000,1,1,1,1,1,1,2,1,2,1
SF,IF2012,2020-04-27 09:37:57.500,3635.2000,1931,0,40345860.000,0,-,-,-,-,3634.4000,3634.2000,3634.0000,3632.6000,3630.4000,3636.8000,3637.0000,3637.4000,3638.2000,3638.6000,2,1,1,1,1,1,2,1,2,1
SF,IF2012,2020-04-27 09:37:58.000,3635.2000,1931,0,40345860.000,0,-,-,-,-,3634.4000,3634.2000,3632.6000,3630.4000,3629.0000,3636.8000,3637.0000,3637.4000,3638.2000,3638.6000,2,1,1,1,1,1,2,1,2,1
SF,IF2012,2020-04-27 09:38:16.500,3636.8000,1930,-1,41436900.000,1,0,1,双平,S,3634.4000,3634.2000,3632.6000,3630.4000,3629.0000,3637.0000,3637.4000,3638.2000,3638.6000,3639.0000,2,1,1,1,1,2,1,2,1,1
SF,IF2012,2020-04-27 09:38:17.000,3636.8000,1930,0,41436900.000,0,-,-,-,-,3634.6000,3634.4000,3632.6000,3630.4000,3629.0000,3636.8000,3637.0000,3637.4000,3638.2000,3638.6000,1,2,1,1,1,1,2,1,2,1
SF,IF2012,2020-04-27 09:38:17.500,3636.8000,1930,0,41436900.000,0,-,-,-,-,3634.6000,3634.4000,3632.6000,3630.4000,3629.0000,3637.0000,3637.4000,3638.2000,3638.6000,3639.0000,1,2,1,1,1,2,1,2,1,1
SF,IF2012,2020-04-27 09:38:18.000,3636.8000,1930,0,41436900.000,0,-,-,-,-,3634.6000,3634.4000,3632.6000,3630.4000,3629.0000,3636.8000,3637.0000,3637.4000,3638.2000,3638.6000,1,2,1,1,1,1,2,1,2,1
SF,IF2012,2020-04-27 09:38:20.500,3636.8000,1930,0,41436900.000,0,-,-,-,-,3634.6000,3632.6000,3630.4000,3629.0000,3628.8000,3636.8000,3637.0000,3637.4000,3638.2000,3638.6000,1,1,1,1,1,1,2,1,2,1
SF,IF2012,2020-04-27 09:38:22.500,3636.8000,1930,0,41436900.000,0,-,-,-,-,3635.0000,3634.6000,3632.6000,3630.4000,3629.0000,3636.8000,3637.0000,3637.4000,3638.2000,3638.6000,2,1,1,1,1,1,2,1,2,1
SF,IF2012,2020-04-27 09:38:24.000,3636.8000,1930,0,41436900.000,0,-,-,-,-,3634.6000,3632.6000,3630.4000,3629.0000,3628.8000,3636.8000,3637.0000,3637.4000,3638.2000,3638.6000,1,1,1,1,1,1,2,1,2,1
SF,IF2012,2020-04-27 09:38:33.500,3636.8000,1930,0,41436900.000,0,-,-,-,-,3634.6000,3632.6000,3630.4000,3629.0000,3628.8000,3636.6000,3636.8000,3637.0000,3637.4000,3638.2000,1,1,1,1,1,2,1,2,1,2
SF,IF2012,2020-04-27 09:38:34.000,3636.8000,1930,0,41436900.000,0,-,-,-,-,3632.6000,3630.4000,3629.0000,3628.8000,3621.0000,3636.4000,3636.6000,3637.0000,3637.4000,3638.2000,1,1,1,1,1,1,2,2,1,2
SF,IF2012,2020-04-27 09:38:34.500,3636.8000,1930,0,41436900.000,0,-,-,-,-,3632.8000,3632.6000,3630.4000,3629.0000,3628.8000,3636.0000,3636.4000,3637.0000,3637.4000,3638.2000,1,1,1,1,1,2,1,2,1,2
SF,IF2012,2020-04-27 09:38:35.000,3636.8000,1930,0,41436900.000,0,-,-,-,-,3632.8000,3632.6000,3630.4000,3629.0000,3628.8000,3635.8000,3636.0000,3637.0000,3637.4000,3638.2000,1,1,1,1,1,1,2,2,1,2
SF,IF2012,2020-04-27 09:38:38.500,3636.8000,1930,0,41436900.000,0,-,-,-,-,3633.0000,3632.8000,3632.6000,3630.4000,3629.0000,3635.8000,3636.0000,3637.0000,3637.4000,3638.2000,2,1,1,1,1,1,2,2,1,2
SF,IF2012,2020-04-27 09:38:39.000,3636.8000,1930,0,41436900.000,0,-,-,-,-,3633.2000,3633.0000,3632.6000,3630.4000,3629.0000,3635.8000,3636.0000,3637.0000,3637.4000,3638.2000,1,2,1,1,1,1,2,2,1,2
SF,IF2012,2020-04-27 09:38:39.500,3636.8000,1930,0,41436900.000,0,-,-,-,-,3633.0000,3632.6000,3630.4000,3629.0000,3628.8000,3635.4000,3635.8000,3637.0000,3637.4000,3638.2000,2,1,1,1,1,2,1,2,1,2
SF,IF2012,2020-04-27 09:38:40.000,3636.8000,1930,0,41436900.000,0,-,-,-,-,3633.0000,3632.6000,3630.4000,3629.0000,3628.8000,3635.2000,3635.4000,3637.0000,3637.4000,3638.2000,2,1,1,1,1,1,2,2,1,2
SF,IF2012,2020-04-27 09:38:40.500,3636.8000,1930,0,41436900.000,0,-,-,-,-,3633.2000,3633.0000,3632.6000,3630.4000,3629.0000,3635.2000,3635.4000,3637.0000,3637.4000,3638.2000,1,2,1,1,1,1,2,2,1,2
SF,IF2012,2020-04-27 09:38:41.500,3636.8000,1930,0,41436900.000,0,-,-,-,-,3633.2000,3633.0000,3632.6000,3630.4000,3629.0000,3635.2000,3637.0000,3637.4000,3638.2000,3638.6000,1,2,1,1,1,1,2,1,2,1
SF,IF2012,2020-04-27 09:38:42.000,3636.8000,1930,0,41436900.000,0,-,-,-,-,3633.4000,3633.2000,3632.6000,3630.4000,3629.0000,3637.0000,3637.4000,3638.2000,3638.6000,3639.0000,2,1,1,1,1,2,1,2,1,1
SF,IF2012,2020-04-27 09:38:42.500,3636.8000,1930,0,41436900.000,0,-,-,-,-,3633.6000,3633.4000,3632.6000,3630.4000,3629.0000,3636.6000,3636.8000,3637.0000,3637.4000,3638.2000,1,2,1,1,1,2,1,2,1,2
SF,IF2012,2020-04-27 09:38:43.000,3636.8000,1930,0,41436900.000,0,-,-,-,-,3633.6000,3633.4000,3632.6000,3630.4000,3629.0000,3636.4000,3636.6000,3637.0000,3637.4000,3638.2000,1,2,1,1,1,1,2,2,1,2
SF,IF2012,2020-04-27 09:38:43.500,3636.8000,1930,0,41436900.000,0,-,-,-,-,3634.0000,3632.6000,3630.4000,3629.0000,3628.8000,3636.0000,3636.4000,3637.0000,3637.4000,3638.2000,2,1,1,1,1,2,1,2,1,2
SF,IF2012,2020-04-27 09:38:44.000,3636.8000,1930,0,41436900.000,0,-,-,-,-,3634.0000,3632.6000,3630.4000,3629.0000,3628.8000,3635.8000,3636.0000,3637.0000,3637.4000,3638.2000,2,1,1,1,1,1,2,2,1,2
SF,IF2012,2020-04-27 09:38:47.000,3636.8000,1930,0,41436900.000,0,-,-,-,-,3634.0000,3632.6000,3630.4000,3629.0000,3628.8000,3635.4000,3635.8000,3637.0000,3637.4000,3638.2000,2,1,1,1,1,2,1,2,1,2
SF,IF2012,2020-04-27 09:38:49.000,3636.8000,1930,0,41436900.000,0,-,-,-,-,3632.8000,3632.6000,3630.4000,3629.0000,3628.8000,3635.4000,3635.8000,3637.0000,3637.4000,3638.2000,2,1,1,1,1,2,1,2,1,2
SF,IF2012,2020-04-27 09:38:49.500,3636.8000,1930,0,41436900.000,0,-,-,-,-,3633.0000,3632.8000,3632.6000,3630.4000,3629.0000,3635.4000,3635.8000,3637.0000,3637.4000,3638.2000,1,2,1,1,1,2,1,2,1,2
SF,IF2012,2020-04-27 09:38:50.500,3636.8000,1930,0,41436900.000,0,-,-,-,-,3633.0000,3632.8000,3632.6000,3630.4000,3629.0000,3635.8000,3637.0000,3637.4000,3638.2000,3638.6000,1,2,1,1,1,1,2,1,2,1
SF,IF2012,2020-04-27 09:38:51.000,3636.8000,1930,0,41436900.000,0,-,-,-,-,3633.0000,3632.8000,3632.6000,3630.4000,3629.0000,3635.6000,3635.8000,3637.0000,3637.4000,3638.2000,1,2,1,1,1,2,1,2,1,2
SF,IF2012,2020-04-27 09:38:51.500,3636.8000,1930,0,41436900.000,0,-,-,-,-,3633.0000,3632.8000,3632.6000,3630.4000,3629.0000,3635.8000,3637.0000,3637.4000,3638.2000,3638.6000,1,2,1,1,1,1,2,1,2,1
SF,IF2012,2020-04-27 09:38:58.500,3636.8000,1930,0,41436900.000,0,-,-,-,-,3633.2000,3633.0000,3632.6000,3630.4000,3629.0000,3635.8000,3637.0000,3637.4000,3638.2000,3638.6000,2,1,1,1,1,1,2,1,2,1
SF,IF2012,2020-04-27 09:38:59.000,3636.8000,1930,0,41436900.000,0,-,-,-,-,3633.4000,3633.2000,3632.6000,3630.4000,3629.0000,3637.0000,3637.4000,3638.2000,3638.6000,3639.0000,1,2,1,1,1,2,1,2,1,1
SF,IF2012,2020-04-27 09:38:59.500,3636.8000,1930,0,41436900.000,0,-,-,-,-,3633.6000,3633.4000,3633.2000,3632.6000,3630.4000,3636.6000,3636.8000,3637.0000,3637.4000,3638.2000,1,1,2,1,1,2,1,2,1,2
SF,IF2012,2020-04-27 09:39:00.000,3636.8000,1930,0,41436900.000,0,-,-,-,-,3633.8000,3633.6000,3632.6000,3630.4000,3629.0000,3636.4000,3636.6000,3637.0000,3637.4000,3638.2000,3,1,1,1,1,1,3,2,1,2
SF,IF2012,2020-04-27 09:39:00.500,3636.8000,1930,0,41436900.000,0,-,-,-,-,3633.8000,3633.6000,3632.6000,3630.4000,3629.0000,3636.0000,3636.4000,3636.6000,3637.0000,3637.4000,3,1,1,1,1,2,1,1,2,1
SF,IF2012,2020-04-27 09:39:01.000,3636.8000,1930,0,41436900.000,0,-,-,-,-,3633.8000,3632.6000,3630.4000,3629.0000,3628.8000,3636.6000,3637.0000,3637.4000,3638.2000,3638.6000,3,1,1,1,1,1,2,1,2,1
SF,IF2012,2020-04-27 09:39:02.000,3636.8000,1930,0,41436900.000,0,-,-,-,-,3633.8000,3632.6000,3630.4000,3629.0000,3628.8000,3637.0000,3637.4000,3638.2000,3638.6000,3639.0000,3,1,1,1,1,2,1,2,1,1
SF,IF2012,2020-04-27 09:39:02.500,3636.8000,1930,0,41436900.000,0,-,-,-,-,3634.0000,3633.8000,3632.6000,3630.4000,3629.0000,3636.8000,3637.0000,3637.4000,3638.2000,3638.6000,1,3,1,1,1,3,2,1,2,1
SF,IF2012,2020-04-27 09:39:03.000,3636.8000,1930,0,41436900.000,0,-,-,-,-,3634.2000,3634.0000,3633.8000,3632.6000,3630.4000,3636.8000,3637.0000,3637.4000,3638.2000,3638.6000,1,1,2,1,1,3,2,1,2,1
SF,IF2012,2020-04-27 09:39:04.000,3636.8000,1930,0,41436900.000,0,-,-,-,-,3634.2000,3634.0000,3632.6000,3630.4000,3629.0000,3636.8000,3637.0000,3637.4000,3638.2000,3638.6000,1,1,1,1,1,3,2,1,2,1
SF,IF2012,2020-04-27 09:39:08.000,3636.8000,1930,0,41436900.000,0,-,-,-,-,3634.2000,3634.0000,3632.6000,3630.4000,3629.0000,3636.6000,3636.8000,3637.0000,3637.4000,3638.2000,1,1,1,1,1,1,3,2,1,2
SF,IF2012,2020-04-27 09:39:08.500,3636.8000,1930,0,41436900.000,0,-,-,-,-,3634.2000,3632.6000,3630.4000,3629.0000,3628.8000,3636.6000,3636.8000,3637.0000,3637.4000,3638.2000,1,1,1,1,1,1,3,2,1,2
SF,IF2012,2020-04-27 09:39:09.000,3636.8000,1930,0,41436900.000,0,-,-,-,-,3634.2000,3632.6000,3630.4000,3629.0000,3628.8000,3636.4000,3636.6000,3636.8000,3637.0000,3637.4000,1,1,1,1,1,1,1,2,2,1
SF,IF2012,2020-04-27 09:39:09.500,3636.8000,1930,0,41436900.000,0,-,-,-,-,3634.2000,3632.6000,3630.4000,3629.0000,3628.8000,3636.6000,3636.8000,3637.0000,3637.4000,3638.2000,1,1,1,1,1,1,2,2,1,2
SF,IF2012,2020-04-27 09:39:10.000,3636.8000,1930,0,41436900.000,0,-,-,-,-,3634.2000,3632.6000,3630.4000,3629.0000,3628.8000,3636.4000,3636.8000,3637.0000,3637.4000,3638.2000,1,1,1,1,1,1,2,2,1,2
SF,IF2012,2020-04-27 09:39:11.500,3636.8000,1930,0,41436900.000,0,-,-,-,-,3634.2000,3632.6000,3630.4000,3629.0000,3628.8000,3636.2000,3636.4000,3637.0000,3637.4000,3638.2000,1,1,1,1,1,2,1,2,1,2
SF,IF2012,2020-04-27 09:39:12.000,3636.8000,1930,0,41436900.000,0,-,-,-,-,3634.2000,3632.6000,3630.4000,3629.0000,3628.8000,3636.0000,3637.0000,3637.4000,3638.2000,3638.6000,1,1,1,1,1,1,2,1,2,1
SF,IF2012,2020-04-27 09:39:22.500,3636.8000,1930,0,41436900.000,0,-,-,-,-,3634.2000,3632.6000,3630.4000,3629.0000,3628.8000,3635.8000,3636.0000,3637.0000,3637.4000,3638.2000,1,1,1,1,1,2,1,2,1,2
SF,IF2012,2020-04-27 09:39:23.000,3636.8000,1930,0,41436900.000,0,-,-,-,-,3632.6000,3630.4000,3629.0000,3628.8000,3621.0000,3635.6000,3635.8000,3637.0000,3637.4000,3638.2000,1,1,1,1,1,1,2,2,1,2
SF,IF2012,2020-04-27 09:39:23.500,3636.8000,1930,0,41436900.000,0,-,-,-,-,3632.8000,3632.6000,3630.4000,3629.0000,3628.8000,3635.6000,3637.0000,3637.4000,3638.2000,3638.6000,1,1,1,1,1,1,2,1,2,1
SF,IF2012,2020-04-27 09:39:25.500,3636.8000,1930,0,41436900.000,0,-,-,-,-,3632.8000,3632.6000,3630.4000,3629.0000,3628.8000,3635.6000,3636.6000,3637.0000,3637.4000,3638.2000,1,1,1,1,1,1,1,2,1,2
SF,IF2012,2020-04-27 09:39:31.000,3636.8000,1930,0,41436900.000,0,-,-,-,-,3633.0000,3632.8000,3632.6000,3630.4000,3629.0000,3635.6000,3636.6000,3637.0000,3637.4000,3638.2000,2,1,1,1,1,1,1,2,1,2
SF,IF2012,2020-04-27 09:39:31.500,3636.8000,1930,0,41436900.000,0,-,-,-,-,3633.2000,3633.0000,3632.6000,3630.4000,3629.0000,3636.6000,3637.0000,3637.4000,3638.2000,3638.6000,1,2,1,1,1,1,2,1,2,1
SF,IF2012,2020-04-27 09:39:32.000,3636.8000,1930,0,41436900.000,0,-,-,-,-,3633.4000,3633.2000,3633.0000,3632.6000,3630.4000,3636.4000,3636.6000,3637.0000,3637.4000,3638.2000,1,1,2,1,1,1,1,2,1,2
SF,IF2012,2020-04-27 09:39:32.500,3636.8000,1930,0,41436900.000,0,-,-,-,-,3633.6000,3633.4000,3633.0000,3632.6000,3630.4000,3636.4000,3636.6000,3637.0000,3637.4000,3638.2000,1,1,2,1,1,1,1,2,1,2
SF,IF2012,2020-04-27 09:39:33.500,3636.8000,1930,0,41436900.000,0,-,-,-,-,3633.6000,3633.4000,3632.6000,3630.4000,3629.0000,3636.2000,3636.4000,3636.6000,3637.0000,3637.4000,1,1,1,1,1,1,1,1,2,1
SF,IF2012,2020-04-27 09:39:42.000,3636.8000,1930,0,41436900.000,0,-,-,-,-,3633.6000,3633.4000,3632.6000,3630.4000,3629.0000,3636.4000,3636.6000,3637.0000,3637.4000,3638.2000,1,1,1,1,1,1,1,2,1,2
SF,IF2012,2020-04-27 09:39:42.500,3636.8000,1930,0,41436900.000,0,-,-,-,-,3633.6000,3633.4000,3632.6000,3630.4000,3629.0000,3636.6000,3637.0000,3637.4000,3638.2000,3638.6000,1,1,1,1,1,1,2,1,2,1
SF,IF2012,2020-04-27 09:39:43.000,3636.8000,1930,0,41436900.000,0,-,-,-,-,3633.8000,3633.6000,3632.6000,3630.4000,3629.0000,3637.0000,3637.4000,3638.2000,3638.6000,3639.0000,1,1,1,1,1,2,1,2,1,1
SF,IF2012,2020-04-27 09:39:43.500,3636.8000,1930,0,41436900.000,0,-,-,-,-,3634.0000,3633.8000,3632.6000,3630.4000,3629.0000,3636.8000,3637.0000,3637.4000,3638.2000,3638.6000,1,1,1,1,1,1,2,1,2,1
SF,IF2012,2020-04-27 09:39:44.000,3636.8000,1930,0,41436900.000,0,-,-,-,-,3634.0000,3633.8000,3632.6000,3630.4000,3629.0000,3637.0000,3637.4000,3638.2000,3638.6000,3639.0000,1,1,1,1,1,2,1,2,1,1
SF,IF2012,2020-04-27 09:39:44.500,3636.8000,1930,0,41436900.000,0,-,-,-,-,3634.2000,3634.0000,3632.6000,3630.4000,3629.0000,3637.0000,3637.4000,3638.2000,3638.6000,3639.0000,1,1,1,1,1,2,1,2,1,1
SF,IF2012,2020-04-27 09:39:45.000,3636.8000,1930,0,41436900.000,0,-,-,-,-,3634.4000,3634.2000,3632.6000,3630.4000,3629.0000,3637.0000,3637.4000,3638.2000,3638.6000,3639.0000,1,1,1,1,1,2,1,2,1,1
SF,IF2012,2020-04-27 09:39:45.500,3636.8000,1930,0,41436900.000,0,-,-,-,-,3634.4000,3634.2000,3632.6000,3630.4000,3629.0000,3636.8000,3637.0000,3637.4000,3638.2000,3638.6000,1,1,1,1,1,1,2,1,2,1
SF,IF2012,2020-04-27 09:40:05.500,3636.8000,1930,0,41436900.000,0,-,-,-,-,3634.4000,3634.2000,3632.6000,3630.4000,3629.0000,3636.8000,3637.0000,3637.4000,3638.2000,3638.6000,1,1,1,1,1,1,2,1,2,1
SF,IF2012,2020-04-27 09:40:06.000,3636.8000,1930,0,41436900.000,0,-,-,-,-,3634.4000,3634.2000,3632.6000,3630.4000,3629.0000,3637.0000,3637.4000,3638.2000,3638.6000,3639.0000,1,1,1,1,1,2,1,2,1,1
SF,IF2012,2020-04-27 09:40:15.000,3636.8000,1930,0,41436900.000,0,-,-,-,-,3634.4000,3634.2000,3632.6000,3630.4000,3629.0000,3636.6000,3637.0000,3637.4000,3638.2000,3638.6000,1,1,1,1,1,2,2,1,2,1
SF,IF2012,2020-04-27 09:40:15.500,3636.8000,1930,0,41436900.000,0,-,-,-,-,3634.4000,3632.6000,3630.4000,3629.0000,3628.8000,3636.4000,3637.0000,3637.4000,3638.2000,3638.6000,1,1,1,1,1,1,2,1,2,1
SF,IF2012,2020-04-27 09:40:18.000,3636.8000,1930,0,41436900.000,0,-,-,-,-,3634.4000,3632.6000,3630.4000,3629.0000,3628.8000,3636.0000,3636.4000,3637.0000,3637.4000,3638.2000,1,1,1,1,1,2,1,2,1,2
SF,IF2012,2020-04-27 09:40:18.500,3636.8000,1930,0,41436900.000,0,-,-,-,-,3632.6000,3630.4000,3629.0000,3628.8000,3621.0000,3635.6000,3635.8000,3636.0000,3637.0000,3637.4000,1,1,1,1,1,1,1,2,2,1
SF,IF2012,2020-04-27 09:40:19.000,3636.8000,1930,0,41436900.000,0,-,-,-,-,3633.0000,3632.8000,3632.6000,3630.4000,3629.0000,3635.6000,3636.0000,3637.0000,3637.4000,3638.2000,1,1,1,1,1,1,2,2,1,2
SF,IF2012,2020-04-27 09:40:19.500,3636.8000,1930,0,41436900.000,0,-,-,-,-,3633.2000,3633.0000,3632.6000,3630.4000,3629.0000,3635.6000,3636.0000,3637.0000,3637.4000,3638.2000,1,1,1,1,1,1,2,2,1,2
SF,IF2012,2020-04-27 09:40:20.000,3636.8000,1930,0,41436900.000,0,-,-,-,-,3633.2000,3632.6000,3630.4000,3629.0000,3628.8000,3635.6000,3636.0000,3637.0000,3637.4000,3638.2000,1,1,1,1,1,1,2,2,1,2
SF,IF2012,2020-04-27 09:40:21.500,3636.8000,1930,0,41436900.000,0,-,-,-,-,3633.2000,3632.6000,3630.4000,3629.0000,3628.8000,3635.6000,3637.0000,3637.4000,3638.2000,3638.6000,1,1,1,1,1,1,2,1,2,1
SF,IF2012,2020-04-27 09:40:22.000,3636.8000,1930,0,41436900.000,0,-,-,-,-,3633.6000,3633.2000,3632.6000,3630.4000,3629.0000,3637.0000,3637.4000,3638.2000,3638.6000,3639.0000,1,1,1,1,1,2,1,2,1,1
SF,IF2012,2020-04-27 09:40:22.500,3636.8000,1930,0,41436900.000,0,-,-,-,-,3633.8000,3632.6000,3630.4000,3629.0000,3628.8000,3636.6000,3636.8000,3637.0000,3637.4000,3638.2000,1,1,1,1,1,3,1,2,1,2
SF,IF2012,2020-04-27 09:40:23.000,3636.8000,1930,0,41436900.000,0,-,-,-,-,3633.8000,3632.6000,3630.4000,3629.0000,3628.8000,3636.4000,3636.6000,3637.0000,3637.4000,3638.2000,1,1,1,1,1,1,3,2,1,2
SF,IF2012,2020-04-27 09:40:23.500,3636.8000,1930,0,41436900.000,0,-,-,-,-,3633.8000,3632.6000,3630.4000,3629.0000,3628.8000,3636.2000,3636.4000,3637.0000,3637.4000,3638.2000,1,1,1,1,1,2,1,2,1,2
SF,IF2012,2020-04-27 09:40:24.000,3636.8000,1930,0,41436900.000,0,-,-,-,-,3634.0000,3633.8000,3632.6000,3630.4000,3629.0000,3635.8000,3636.0000,3636.2000,3637.0000,3637.4000,2,1,1,1,1,1,1,2,2,1
SF,IF2012,2020-04-27 09:40:24.500,3636.8000,1930,0,41436900.000,0,-,-,-,-,3634.2000,3634.0000,3632.6000,3630.4000,3629.0000,3636.0000,3636.2000,3637.0000,3637.4000,3638.2000,1,2,1,1,1,1,2,2,1,2
SF,IF2012,2020-04-27 09:40:25.000,3636.8000,1930,0,41436900.000,0,-,-,-,-,3634.2000,3634.0000,3632.6000,3630.4000,3629.0000,3636.2000,3637.0000,3637.4000,3638.2000,3638.6000,1,2,1,1,1,2,2,1,2,1
SF,IF2012,2020-04-27 09:40:25.500,3636.8000,1930,0,41436900.000,0,-,-,-,-,3634.6000,3634.2000,3632.6000,3630.4000,3629.0000,3637.0000,3637.4000,3638.2000,3638.6000,3639.0000,1,1,1,1,1,2,1,2,1,1
SF,IF2012,2020-04-27 09:40:26.000,3636.8000,1930,0,41436900.000,0,-,-,-,-,3634.8000,3632.6000,3630.4000,3629.0000,3628.8000,3636.6000,3636.8000,3637.0000,3637.4000,3638.2000,1,1,1,1,1,1,1,2,1,2
SF,IF2012,2020-04-27 09:40:26.500,3636.8000,1930,0,41436900.000,0,-,-,-,-,3634.8000,3632.6000,3630.4000,3629.0000,3628.8000,3636.4000,3637.0000,3637.4000,3638.2000,3638.6000,1,1,1,1,1,1,2,1,2,1
SF,IF2012,2020-04-27 09:40:27.000,3636.8000,1930,0,41436900.000,0,-,-,-,-,3632.6000,3630.4000,3629.0000,3628.8000,3621.0000,3636.4000,3637.0000,3637.4000,3638.2000,3638.6000,1,1,1,1,1,1,2,1,2,1
SF,IF2012,2020-04-27 09:40:27.500,3636.8000,1930,0,41436900.000,0,-,-,-,-,3633.0000,3632.8000,3632.6000,3630.4000,3629.0000,3637.0000,3637.4000,3638.2000,3638.6000,3639.0000,1,1,1,1,1,2,1,2,1,1
SF,IF2012,2020-04-27 09:40:28.000,3636.8000,1930,0,41436900.000,0,-,-,-,-,3633.2000,3633.0000,3632.6000,3630.4000,3629.0000,3636.6000,3636.8000,3637.0000,3637.4000,3638.2000,1,1,1,1,1,1,1,2,1,2
SF,IF2012,2020-04-27 09:40:28.500,3636.8000,1930,0,41436900.000,0,-,-,-,-,3633.2000,3632.6000,3630.4000,3629.0000,3628.8000,3636.4000,3636.6000,3637.0000,3637.4000,3638.2000,1,1,1,1,1,1,1,2,1,2
SF,IF2012,2020-04-27 09:40:29.000,3636.8000,1930,0,41436900.000,0,-,-,-,-,3633.6000,3633.2000,3632.6000,3630.4000,3629.0000,3636.4000,3637.0000,3637.4000,3638.2000,3638.6000,1,1,1,1,1,1,2,1,2,1
SF,IF2012,2020-04-27 09:40:29.500,3636.8000,1930,0,41436900.000,0,-,-,-,-,3633.8000,3633.6000,3632.6000,3630.4000,3629.0000,3636.0000,3636.4000,3637.0000,3637.4000,3638.2000,1,1,1,1,1,1,1,2,1,2
SF,IF2012,2020-04-27 09:40:30.000,3636.8000,1930,0,41436900.000,0,-,-,-,-,3633.8000,3632.6000,3630.4000,3629.0000,3628.8000,3635.8000,3636.0000,3637.0000,3637.4000,3638.2000,1,1,1,1,1,1,1,2,1,2
SF,IF2012,2020-04-27 09:40:38.500,3636.8000,1930,0,41436900.000,0,-,-,-,-,3633.8000,3632.6000,3630.4000,3629.0000,3628.8000,3635.8000,3636.0000,3637.0000,3637.4000,3638.2000,2,1,1,1,1,1,1,2,1,2
SF,IF2012,2020-04-27 09:40:39.000,3636.8000,1930,0,41436900.000,0,-,-,-,-,3633.8000,3632.6000,3630.4000,3629.0000,3628.8000,3635.8000,3637.0000,3637.4000,3638.2000,3638.6000,2,1,1,1,1,1,2,1,2,1
SF,IF2012,2020-04-27 09:40:39.500,3636.8000,1930,0,41436900.000,0,-,-,-,-,3633.8000,3632.6000,3630.4000,3629.0000,3628.8000,3635.4000,3635.8000,3637.0000,3637.4000,3638.2000,1,1,1,1,1,1,1,2,1,2
SF,IF2012,2020-04-27 09:40:40.000,3636.8000,1930,0,41436900.000,0,-,-,-,-,3633.8000,3632.6000,3630.4000,3629.0000,3628.8000,3635.8000,3637.0000,3637.4000,3638.2000,3638.6000,1,1,1,1,1,1,2,1,2,1
SF,IF2012,2020-04-27 09:40:40.500,3636.8000,1930,0,41436900.000,0,-,-,-,-,3633.8000,3632.6000,3630.4000,3629.0000,3628.8000,3635.4000,3635.8000,3637.0000,3637.4000,3638.2000,1,1,1,1,1,1,1,2,1,2
SF,IF2012,2020-04-27 09:40:42.500,3636.8000,1930,0,41436900.000,0,-,-,-,-,3633.8000,3632.6000,3630.4000,3629.0000,3628.8000,3635.0000,3635.4000,3635.8000,3637.0000,3637.4000,1,1,1,1,1,2,1,1,2,1
SF,IF2012,2020-04-27 09:40:45.500,3633.8000,1930,0,42527040.000,1,0,1,多换,S,3632.6000,3630.4000,3629.0000,3628.8000,3621.0000,3635.0000,3635.4000,3635.8000,3637.0000,3637.4000,1,1,1,1,1,2,1,1,2,1
SF,IF2012,2020-04-27 09:40:46.000,3633.8000,1930,0,42527040.000,0,-,-,-,-,3632.6000,3630.4000,3629.0000,3628.8000,3621.0000,3634.8000,3635.0000,3637.0000,3637.4000,3638.2000,1,1,1,1,1,1,2,2,1,2
SF,IF2012,2020-04-27 09:40:46.500,3633.8000,1930,0,42527040.000,0,-,-,-,-,3632.6000,3630.4000,3629.0000,3628.8000,3621.0000,3634.4000,3634.8000,3637.0000,3637.4000,3638.2000,1,1,1,1,1,3,1,2,1,2
SF,IF2012,2020-04-27 09:40:47.000,3633.8000,1930,0,42527040.000,0,-,-,-,-,3632.6000,3630.4000,3629.0000,3628.8000,3621.0000,3634.2000,3634.4000,3637.0000,3637.4000,3638.2000,1,1,1,1,1,1,3,2,1,2
SF,IF2012,2020-04-27 09:40:47.500,3633.8000,1930,0,42527040.000,0,-,-,-,-,3632.6000,3630.4000,3629.0000,3628.8000,3621.0000,3633.8000,3634.2000,3637.0000,3637.4000,3638.2000,1,1,1,1,1,2,1,2,1,2
SF,IF2012,2020-04-27 09:40:48.000,3633.8000,1930,0,42527040.000,0,-,-,-,-,3632.6000,3630.4000,3629.0000,3628.8000,3621.0000,3633.6000,3633.8000,3637.0000,3637.4000,3638.2000,1,1,1,1,1,1,2,2,1,2
SF,IF2012,2020-04-27 09:40:48.500,3633.8000,1930,0,42527040.000,0,-,-,-,-,3632.6000,3630.4000,3629.0000,3628.8000,3621.0000,3633.2000,3633.6000,3637.0000,3637.4000,3638.2000,1,1,1,1,1,2,1,2,1,2
SF,IF2012,2020-04-27 09:40:49.500,3633.8000,1930,0,42527040.000,0,-,-,-,-,3632.6000,3630.4000,3629.0000,3628.8000,3621.0000,3633.6000,3637.0000,3637.4000,3638.2000,3638.6000,1,1,1,1,1,1,2,1,2,1
SF,IF2012,2020-04-27 09:40:50.000,3633.8000,1930,0,42527040.000,0,-,-,-,-,3632.6000,3630.4000,3629.0000,3628.8000,3621.0000,3633.4000,3633.6000,3637.0000,3637.4000,3638.2000,1,1,1,1,1,2,1,2,1,2
SF,IF2012,2020-04-27 09:40:57.500,3632.6000,1930,0,43616820.000,1,0,1,多换,S,3630.4000,3629.0000,3628.8000,3621.0000,3613.0000,3633.4000,3633.6000,3637.0000,3637.4000,3638.2000,1,1,1,1,1,2,1,2,1,2
SF,IF2012,2020-04-27 09:40:58.000,3632.6000,1930,0,43616820.000,0,-,-,-,-,3630.8000,3630.6000,3630.4000,3629.0000,3628.8000,3633.0000,3633.2000,3633.4000,3637.0000,3637.4000,1,2,1,1,1,1,1,2,2,1
SF,IF2012,2020-04-27 09:40:58.500,3632.6000,1930,0,43616820.000,0,-,-,-,-,3631.0000,3630.8000,3630.4000,3629.0000,3628.8000,3632.6000,3632.8000,3637.0000,3637.4000,3638.2000,1,1,1,1,1,2,1,2,1,2
SF,IF2012,2020-04-27 09:40:59.000,3632.6000,1930,0,43616820.000,0,-,-,-,-,3631.0000,3630.8000,3630.4000,3629.0000,3628.8000,3632.6000,3637.0000,3637.4000,3638.2000,3638.6000,1,1,1,1,1,2,2,1,2,1
SF,IF2012,2020-04-27 09:41:10.500,3631.0000,1929,-1,44706120.000,1,0,1,双平,S,3630.8000,3630.4000,3629.0000,3628.8000,3621.0000,3632.6000,3637.0000,3637.4000,3638.2000,3638.6000,1,1,1,1,1,2,2,1,2,1
SF,IF2012,2020-04-27 09:41:11.000,3631.0000,1929,0,44706120.000,0,-,-,-,-,3630.4000,3629.0000,3628.8000,3621.0000,3613.0000,3632.2000,3632.4000,3632.6000,3637.0000,3637.4000,1,1,1,1,1,1,1,2,2,1
SF,IF2012,2020-04-27 09:41:11.500,3631.0000,1929,0,44706120.000,0,-,-,-,-,3630.4000,3629.0000,3628.8000,3621.0000,3613.0000,3631.8000,3632.0000,3632.2000,3637.0000,3637.4000,1,1,1,1,1,2,1,1,2,1
SF,IF2012,2020-04-27 09:41:12.000,3631.0000,1929,0,44706120.000,0,-,-,-,-,3630.4000,3629.0000,3628.8000,3621.0000,3613.0000,3631.6000,3631.8000,3637.0000,3637.4000,3638.2000,1,1,1,1,1,1,2,2,1,2
SF,IF2012,2020-04-27 09:41:12.500,3631.0000,1929,0,44706120.000,0,-,-,-,-,3630.4000,3629.0000,3628.8000,3621.0000,3613.0000,3631.2000,3631.6000,3637.0000,3637.4000,3638.2000,1,1,1,1,1,2,1,2,1,2
SF,IF2012,2020-04-27 09:41:13.000,3631.0000,1929,0,44706120.000,0,-,-,-,-,3630.4000,3629.0000,3628.8000,3621.0000,3613.0000,3631.0000,3631.2000,3637.0000,3637.4000,3638.2000,1,1,1,1,1,1,2,2,1,2
SF,IF2012,2020-04-27 09:41:13.500,3631.0000,1929,0,44706120.000,0,-,-,-,-,3630.4000,3629.0000,3628.8000,3621.0000,3613.0000,3630.6000,3631.0000,3637.0000,3637.4000,3638.2000,1,1,1,1,1,2,1,2,1,2
SF,IF2012,2020-04-27 09:41:14.000,3630.6000,1927,-2,47973600.000,3,0,3,多平,S,3629.0000,3628.8000,3621.0000,3613.0000,3605.8000,3631.0000,3637.0000,3637.4000,3638.2000,3638.6000,1,1,1,1,1,1,2,1,2,1
SF,IF2012,2020-04-27 09:41:14.500,3630.6000,1927,0,47973600.000,0,-,-,-,-,3629.4000,3629.2000,3629.0000,3628.8000,3621.0000,3631.0000,3637.0000,3637.4000,3638.2000,3638.6000,1,2,1,1,1,1,2,1,2,1
SF,IF2012,2020-04-27 09:41:15.500,3630.6000,1927,0,47973600.000,0,-,-,-,-,3629.4000,3629.2000,3629.0000,3628.8000,3621.0000,3631.0000,3637.0000,3637.4000,3638.2000,3638.6000,1,1,1,1,1,1,2,1,2,1
SF,IF2012,2020-04-27 09:41:16.000,3630.6000,1927,0,47973600.000,0,-,-,-,-,3629.6000,3629.4000,3629.0000,3628.8000,3621.0000,3637.0000,3637.4000,3638.2000,3638.6000,3639.0000,2,1,1,1,1,2,1,2,1,1
SF,IF2012,2020-04-27 09:41:16.500,3630.6000,1927,0,47973600.000,0,-,-,-,-,3629.6000,3629.0000,3628.8000,3621.0000,3613.0000,3636.6000,3636.8000,3637.0000,3637.4000,3638.6000,1,1,1,1,1,1,1,2,1,1
SF,IF2012,2020-04-27 09:41:17.000,3630.6000,1927,0,47973600.000,0,-,-,-,-,3630.0000,3629.8000,3629.0000,3628.8000,3621.0000,3636.4000,3636.6000,3637.0000,3637.4000,3638.6000,1,1,1,1,1,1,1,2,1,1
SF,IF2012,2020-04-27 09:41:17.500,3630.6000,1927,0,47973600.000,0,-,-,-,-,3630.2000,3630.0000,3629.0000,3628.8000,3621.0000,3636.4000,3637.0000,3637.4000,3638.6000,3639.0000,1,1,1,1,1,1,2,1,1,1
SF,IF2012,2020-04-27 09:41:18.000,3630.6000,1927,0,47973600.000,0,-,-,-,-,3630.4000,3630.2000,3629.0000,3628.8000,3621.0000,3636.0000,3636.2000,3636.4000,3637.0000,3637.4000,1,1,1,1,1,1,1,1,2,1
SF,IF2012,2020-04-27 09:41:18.500,3630.6000,1927,0,47973600.000,0,-,-,-,-,3630.8000,3630.6000,3630.4000,3629.0000,3628.8000,3635.8000,3636.0000,3636.2000,3637.0000,3637.4000,1,1,1,1,1,1,1,1,2,1
SF,IF2012,2020-04-27 09:41:19.000,3630.6000,1927,0,47973600.000,0,-,-,-,-,3631.0000,3630.8000,3629.0000,3628.8000,3621.0000,3635.8000,3636.2000,3637.0000,3637.4000,3638.6000,2,1,1,1,1,1,1,2,1,1
SF,IF2012,2020-04-27 09:41:19.500,3630.6000,1927,0,47973600.000,0,-,-,-,-,3631.0000,3629.0000,3628.8000,3621.0000,3613.0000,3635.4000,3635.8000,3636.2000,3637.0000,3637.4000,2,1,1,1,1,1,1,1,2,1
SF,IF2012,2020-04-27 09:41:20.000,3630.6000,1927,0,47973600.000,0,-,-,-,-,3631.4000,3631.0000,3629.0000,3628.8000,3621.0000,3635.2000,3635.4000,3636.2000,3637.0000,3637.4000,1,2,1,1,1,1,1,1,2,1
SF,IF2012,2020-04-27 09:41:20.500,3631.4000,1927,0,49063020.000,1,0,1,多换,S,3629.0000,3628.8000,3621.0000,3613.0000,3605.8000,3635.0000,3635.2000,3636.2000,3637.0000,3637.4000,1,1,1,1,1,1,1,1,2,1
