市场代码,合约代码,时间,最新,持仓,增仓,成交额,成交量,开仓,平仓,成交类型,方向,买一价,买二价,买三价,买四价,买五价,卖一价,卖二价,卖三价,卖四价,卖五价,买一量,买二量,买三量,买四量,买五量,卖一量,卖二量,卖三量,卖四量,卖五量
SF,IF2012,2020-04-22 09:29:00.300,3625.6000,1226,0,0.000,0.000,-,-,-,-,3605.0000,3602.4000,3599.6000,3598.8000,3598.0000,3619.8000,3622.6000,3624.2000,3626.0000,3626.2000,1,1,1,1,2,1,1,1,2,1
SF,IF2012,2020-04-22 09:30:00.300,3625.6000,1226,0,0.000,0,-,-,-,-,3605.4000,3605.0000,3602.4000,3581.8000,3574.2000,3613.2000,3615.0000,3616.6000,3618.2000,3619.2000,2,1,1,1,1,1,1,1,1,2
SF,IF2012,2020-04-22 09:30:00.800,3625.6000,1226,0,0.000,0,-,-,-,-,3605.6000,3605.4000,3605.0000,3602.4000,3581.8000,3613.0000,3613.2000,3615.0000,3616.6000,3618.2000,2,2,1,1,1,3,1,1,1,1
SF,IF2012,2020-04-22 09:30:01.300,3625.6000,1226,0,0.000,0,-,-,-,-,3606.0000,3605.6000,3605.0000,3581.8000,3574.2000,3611.2000,3613.0000,3615.0000,3616.6000,3618.2000,1,2,1,1,1,1,4,1,1,1
SF,IF2012,2020-04-22 09:30:01.800,3625.6000,1226,0,0.000,0,-,-,-,-,3606.2000,3606.0000,3605.0000,3581.8000,3574.2000,3611.0000,3611.2000,3613.0000,3615.0000,3618.2000,3,2,1,1,1,1,1,3,1,1
SF,IF2012,2020-04-22 09:30:02.300,3625.6000,1226,0,0.000,0,-,-,-,-,3606.6000,3606.2000,3605.0000,3581.8000,3574.2000,3613.0000,3615.0000,3618.2000,3619.4000,3619.6000,2,3,1,1,1,2,1,1,2,1
SF,IF2012,2020-04-22 09:30:02.800,3606.8000,1226,0,1082040.000,1,0,1,多换,S,3606.8000,3606.6000,3605.0000,3581.8000,3574.2000,3612.8000,3613.0000,3615.0000,3618.2000,3619.4000,2,2,1,1,1,3,2,1,1,2
SF,IF2012,2020-04-22 09:30:03.300,3606.8000,1226,0,1082040.000,0,-,-,-,-,3607.2000,3607.0000,3606.8000,3605.0000,3581.8000,3612.8000,3613.0000,3615.0000,3618.2000,3619.4000,2,1,2,1,1,2,1,1,1,2
SF,IF2012,2020-04-22 09:30:03.800,3606.8000,1226,0,1082040.000,0,-,-,-,-,3607.4000,3607.2000,3605.0000,3581.8000,3574.2000,3612.6000,3612.8000,3613.0000,3615.0000,3619.4000,3,2,1,1,1,1,2,1,1,2
SF,IF2012,2020-04-22 09:30:04.300,3606.8000,1226,0,1082040.000,0,-,-,-,-,3607.8000,3607.6000,3607.4000,3605.0000,3581.8000,3612.4000,3612.8000,3615.0000,3619.4000,3624.2000,2,1,3,1,1,1,1,1,2,1
SF,IF2012,2020-04-22 09:30:04.800,3606.8000,1226,0,1082040.000,0,-,-,-,-,3608.2000,3608.0000,3607.8000,3605.0000,3581.8000,3612.4000,3612.8000,3615.0000,3619.4000,3624.2000,1,3,2,1,1,1,1,1,2,1
SF,IF2012,2020-04-22 09:30:05.300,3606.8000,1226,0,1082040.000,0,-,-,-,-,3608.6000,3608.4000,3608.2000,3605.0000,3581.8000,3612.2000,3612.4000,3612.8000,3615.0000,3619.4000,2,2,1,1,1,1,1,1,1,2
SF,IF2012,2020-04-22 09:30:05.800,3606.8000,1226,0,1082040.000,0,-,-,-,-,3608.8000,3608.6000,3608.2000,3605.0000,3581.8000,3612.0000,3612.8000,3615.0000,3619.4000,3624.2000,3,2,1,1,1,2,1,1,2,1
SF,IF2012,2020-04-22 09:30:06.300,3606.8000,1226,0,1082040.000,0,-,-,-,-,3608.6000,3608.2000,3605.0000,3581.8000,3574.2000,3611.8000,3612.0000,3615.0000,3619.4000,3624.2000,2,1,1,1,1,1,1,1,2,1
SF,IF2012,2020-04-22 09:30:06.800,3606.8000,1226,0,1082040.000,0,-,-,-,-,3605.0000,3581.8000,3574.2000,3527.4000,3509.2000,3611.6000,3611.8000,3615.0000,3619.4000,3624.2000,1,1,1,1,1,1,2,1,2,1
SF,IF2012,2020-04-22 09:30:07.300,3606.8000,1226,0,1082040.000,0,-,-,-,-,3605.4000,3605.2000,3605.0000,3581.8000,3574.2000,3610.8000,3611.4000,3611.6000,3615.0000,3619.4000,2,2,1,1,1,1,3,1,1,2
SF,IF2012,2020-04-22 09:30:07.800,3606.8000,1226,0,1082040.000,0,-,-,-,-,3605.6000,3605.4000,3605.0000,3581.8000,3574.2000,3610.6000,3610.8000,3611.4000,3615.0000,3619.4000,2,2,1,1,1,2,1,1,1,2
SF,IF2012,2020-04-22 09:30:08.300,3606.8000,1226,0,1082040.000,0,-,-,-,-,3606.2000,3606.0000,3605.6000,3605.0000,3581.8000,3608.2000,3610.6000,3611.4000,3615.0000,3619.4000,1,2,2,1,1,1,2,1,1,2
SF,IF2012,2020-04-22 09:30:08.800,3608.2000,1227,1,2164500.000,1,1,0,双开,S,3606.6000,3606.4000,3606.2000,3605.0000,3581.8000,3610.4000,3610.6000,3615.0000,3624.2000,3626.2000,2,2,1,1,1,1,2,1,1,2
SF,IF2012,2020-04-22 09:30:09.300,3608.2000,1227,0,2164500.000,0,-,-,-,-,3606.8000,3606.6000,3605.0000,3581.8000,3574.2000,3610.2000,3615.0000,3624.2000,3626.2000,3629.0000,2,2,1,1,1,2,1,1,2,1
SF,IF2012,2020-04-22 09:30:09.800,3608.2000,1227,0,2164500.000,0,-,-,-,-,3607.2000,3606.8000,3605.0000,3581.8000,3574.2000,3610.2000,3615.0000,3624.2000,3626.2000,3629.0000,2,2,1,1,1,2,1,1,2,1
SF,IF2012,2020-04-22 09:30:10.300,3608.2000,1227,0,2164500.000,0,-,-,-,-,3607.4000,3607.2000,3607.0000,3605.0000,3581.8000,3610.2000,3615.0000,3624.2000,3626.2000,3629.0000,2,2,1,1,1,1,1,1,2,1
SF,IF2012,2020-04-22 09:30:10.800,3608.2000,1227,0,2164500.000,0,-,-,-,-,3607.8000,3607.4000,3605.0000,3581.8000,3574.2000,3610.0000,3610.2000,3615.0000,3624.2000,3626.2000,2,2,1,1,1,1,1,1,1,2
SF,IF2012,2020-04-22 09:30:11.300,3608.2000,1227,0,2164500.000,0,-,-,-,-,3608.0000,3607.8000,3607.4000,3605.0000,3581.8000,3610.0000,3610.2000,3615.0000,3624.2000,3626.2000,1,2,1,1,1,1,1,1,1,2
SF,IF2012,2020-04-22 09:30:11.800,3608.2000,1227,0,2164500.000,0,-,-,-,-,3607.8000,3607.4000,3605.0000,3581.8000,3574.2000,3610.0000,3610.2000,3615.0000,3624.2000,3626.2000,2,1,1,1,1,1,1,1,1,2
SF,IF2012,2020-04-22 09:30:13.800,3608.2000,1227,0,2164500.000,0,-,-,-,-,3607.8000,3607.4000,3605.0000,3581.8000,3527.4000,3610.0000,3610.2000,3615.0000,3624.2000,3626.2000,2,1,1,1,1,1,1,1,1,2
SF,IF2012,2020-04-22 09:30:14.300,3608.2000,1227,0,2164500.000,0,-,-,-,-,3608.0000,3607.8000,3605.0000,3581.8000,3527.4000,3615.0000,3626.2000,3629.0000,3659.0000,3708.0000,2,2,1,1,1,1,2,1,1,1
SF,IF2012,2020-04-22 09:30:14.800,3608.2000,1227,0,2164500.000,0,-,-,-,-,3608.4000,3608.2000,3608.0000,3605.0000,3581.8000,3614.8000,3615.0000,3619.0000,3626.2000,3629.0000,2,2,2,1,1,2,1,1,2,1
SF,IF2012,2020-04-22 09:30:15.300,3608.2000,1227,0,2164500.000,0,-,-,-,-,3608.6000,3608.4000,3608.2000,3608.0000,3605.0000,3614.8000,3615.0000,3619.0000,3626.2000,3629.0000,2,2,1,1,1,2,1,1,2,1
SF,IF2012,2020-04-22 09:30:15.800,3608.2000,1227,0,2164500.000,0,-,-,-,-,3609.0000,3608.6000,3608.0000,3605.0000,3581.8000,3614.8000,3615.0000,3619.0000,3626.2000,3629.0000,2,2,1,1,1,2,1,1,2,1
SF,IF2012,2020-04-22 09:30:16.300,3608.2000,1227,0,2164500.000,0,-,-,-,-,3609.2000,3609.0000,3608.6000,3608.0000,3605.0000,3614.8000,3615.0000,3619.0000,3626.2000,3629.0000,1,2,1,1,1,2,1,1,2,1
SF,IF2012,2020-04-22 09:30:16.800,3608.2000,1227,0,2164500.000,0,-,-,-,-,3609.4000,3609.2000,3608.0000,3605.0000,3581.8000,3613.6000,3614.6000,3614.8000,3615.0000,3619.0000,3,1,1,1,1,1,1,2,1,1
SF,IF2012,2020-04-22 09:30:17.300,3608.2000,1227,0,2164500.000,0,-,-,-,-,3609.6000,3608.0000,3605.0000,3581.8000,3527.4000,3613.4000,3613.6000,3614.6000,3615.0000,3619.0000,1,1,1,1,1,2,1,1,1,1
SF,IF2012,2020-04-22 09:30:18.300,3608.2000,1227,0,2164500.000,0,-,-,-,-,3609.6000,3608.0000,3605.0000,3581.8000,3527.4000,3613.0000,3613.4000,3614.6000,3615.0000,3619.0000,1,1,1,1,1,1,2,1,1,1
SF,IF2012,2020-04-22 09:30:18.800,3608.2000,1227,0,2164500.000,0,-,-,-,-,3609.6000,3608.0000,3605.0000,3581.8000,3527.4000,3610.4000,3612.8000,3613.0000,3614.6000,3615.0000,1,1,1,1,1,3,2,1,1,1
SF,IF2012,2020-04-22 09:30:19.300,3610.4000,1229,2,6496740.000,4,3,1,空开,S,3608.0000,3605.0000,3581.8000,3527.4000,3509.2000,3612.8000,3613.0000,3615.0000,3619.0000,3626.2000,1,1,1,1,1,2,1,1,1,2
SF,IF2012,2020-04-22 09:30:19.800,3610.4000,1229,0,6496740.000,0,-,-,-,-,3608.4000,3608.2000,3608.0000,3605.0000,3581.8000,3612.6000,3612.8000,3613.0000,3615.0000,3619.0000,2,1,1,1,1,1,2,1,1,1
SF,IF2012,2020-04-22 09:30:20.300,3610.4000,1229,0,6496740.000,0,-,-,-,-,3608.6000,3608.4000,3608.0000,3605.0000,3581.8000,3612.4000,3612.6000,3613.0000,3615.0000,3619.0000,1,2,1,1,1,2,1,1,1,1
SF,IF2012,2020-04-22 09:30:20.800,3610.4000,1229,0,6496740.000,0,-,-,-,-,3609.0000,3608.6000,3608.0000,3605.0000,3581.8000,3612.2000,3612.4000,3613.0000,3619.0000,3626.2000,2,1,1,1,1,1,2,1,1,2
SF,IF2012,2020-04-22 09:30:21.300,3610.4000,1229,0,6496740.000,0,-,-,-,-,3609.2000,3609.0000,3608.0000,3605.0000,3581.8000,3612.0000,3612.2000,3613.0000,3619.0000,3626.2000,1,2,1,1,1,1,1,1,1,2
SF,IF2012,2020-04-22 09:30:21.800,3611.8000,1230,1,7580280.000,1,1,0,双开,S,3609.6000,3609.4000,3609.2000,3608.0000,3605.0000,3612.0000,3619.0000,3626.2000,3629.0000,3659.0000,2,1,1,1,1,1,1,2,1,1
SF,IF2012,2020-04-22 09:30:22.300,3611.8000,1230,0,7580280.000,0,-,-,-,-,3609.8000,3609.6000,3608.0000,3605.0000,3581.8000,3613.0000,3619.0000,3626.2000,3629.0000,3659.0000,2,2,1,1,1,1,1,2,1,1
SF,IF2012,2020-04-22 09:30:22.800,3611.8000,1230,0,7580280.000,0,-,-,-,-,3610.2000,3609.8000,3608.0000,3605.0000,3581.8000,3612.8000,3613.0000,3619.0000,3626.2000,3629.0000,2,1,1,1,1,1,1,1,2,1
SF,IF2012,2020-04-22 09:30:23.300,3610.4000,1230,0,8663400.000,1,0,1,多换,S,3610.2000,3608.0000,3605.0000,3581.8000,3527.4000,3612.0000,3612.6000,3612.8000,3613.0000,3619.0000,2,1,1,1,1,1,1,1,1,1
SF,IF2012,2020-04-22 09:30:23.800,3612.0000,1230,0,9747000.000,1,0,1,多换,S,3610.2000,3605.0000,3581.8000,3527.4000,3509.2000,3612.6000,3613.0000,3619.0000,3626.2000,3629.0000,2,1,1,1,1,1,1,1,2,1
SF,IF2012,2020-04-22 09:30:24.300,3612.0000,1230,0,9747000.000,0,-,-,-,-,3605.0000,3581.8000,3527.4000,3509.2000,3507.2000,3612.6000,3613.0000,3619.0000,3626.2000,3629.0000,1,1,1,1,1,1,1,1,2,1
SF,IF2012,2020-04-22 09:30:24.800,3612.0000,1230,0,9747000.000,0,-,-,-,-,3605.4000,3605.2000,3605.0000,3581.8000,3527.4000,3612.4000,3612.6000,3613.0000,3619.0000,3626.2000,2,1,1,1,1,1,1,1,1,2
SF,IF2012,2020-04-22 09:30:25.300,3612.0000,1230,0,9747000.000,0,-,-,-,-,3605.6000,3605.4000,3605.0000,3581.8000,3527.4000,3612.2000,3612.4000,3613.0000,3619.0000,3626.2000,1,2,1,1,1,2,1,1,1,2
SF,IF2012,2020-04-22 09:30:25.800,3612.0000,1230,0,9747000.000,0,-,-,-,-,3607.4000,3606.0000,3605.6000,3605.0000,3581.8000,3612.2000,3613.0000,3619.0000,3626.2000,3629.0000,1,2,1,1,1,2,1,1,2,1
SF,IF2012,2020-04-22 09:30:26.300,3612.0000,1230,0,9747000.000,0,-,-,-,-,3607.8000,3607.6000,3607.4000,3605.0000,3581.8000,3611.4000,3612.0000,3612.2000,3613.0000,3619.0000,2,2,1,1,1,1,1,1,1,1
SF,IF2012,2020-04-22 09:30:26.800,3612.0000,1230,0,9747000.000,0,-,-,-,-,3608.0000,3607.8000,3607.4000,3605.0000,3581.8000,3611.2000,3611.4000,3613.0000,3619.0000,3626.2000,2,2,1,1,1,1,1,1,1,2
SF,IF2012,2020-04-22 09:30:27.300,3612.0000,1230,0,9747000.000,0,-,-,-,-,3608.4000,3608.0000,3607.4000,3605.0000,3581.8000,3611.2000,3611.4000,3613.0000,3619.0000,3626.2000,2,2,1,1,1,1,1,1,1,2
SF,IF2012,2020-04-22 09:30:27.800,3612.0000,1230,0,9747000.000,0,-,-,-,-,3608.6000,3608.4000,3607.4000,3605.0000,3581.8000,3611.0000,3611.2000,3611.4000,3613.0000,3619.0000,2,2,1,1,1,1,1,1,1,1
SF,IF2012,2020-04-22 09:30:28.300,3612.0000,1230,0,9747000.000,0,-,-,-,-,3609.0000,3608.6000,3607.4000,3605.0000,3581.8000,3610.8000,3611.0000,3613.0000,3626.2000,3629.0000,2,2,1,1,1,1,1,1,2,1
SF,IF2012,2020-04-22 09:30:28.800,3612.0000,1230,0,9747000.000,0,-,-,-,-,3607.4000,3605.0000,3581.8000,3527.4000,3509.2000,3610.6000,3613.0000,3626.2000,3629.0000,3659.0000,1,1,1,1,1,1,1,2,1,1
SF,IF2012,2020-04-22 09:30:29.300,3612.0000,1230,0,9747000.000,0,-,-,-,-,3607.8000,3607.6000,3607.4000,3605.0000,3581.8000,3610.4000,3610.6000,3613.0000,3626.2000,3629.0000,2,2,1,1,1,1,1,1,2,1
SF,IF2012,2020-04-22 09:30:29.800,3612.0000,1230,0,9747000.000,0,-,-,-,-,3608.0000,3607.8000,3607.4000,3605.0000,3581.8000,3610.2000,3610.4000,3613.0000,3626.2000,3629.0000,2,2,1,1,1,1,1,1,2,1
SF,IF2012,2020-04-22 09:30:30.300,3612.0000,1230,0,9747000.000,0,-,-,-,-,3608.0000,3607.8000,3605.0000,3581.8000,3527.4000,3610.2000,3610.4000,3613.0000,3626.2000,3629.0000,1,2,1,1,1,1,1,1,2,1
SF,IF2012,2020-04-22 09:30:31.300,3612.0000,1230,0,9747000.000,0,-,-,-,-,3608.0000,3605.0000,3581.8000,3527.4000,3509.2000,3610.2000,3610.4000,3613.0000,3626.2000,3629.0000,1,1,1,1,1,1,1,1,2,1
SF,IF2012,2020-04-22 09:30:31.800,3612.0000,1230,0,9747000.000,0,-,-,-,-,3605.0000,3581.8000,3527.4000,3509.2000,3507.2000,3610.2000,3610.4000,3613.0000,3626.2000,3629.0000,1,1,1,1,1,1,1,1,2,1
SF,IF2012,2020-04-22 09:30:32.300,3612.0000,1230,0,9747000.000,0,-,-,-,-,3605.4000,3605.2000,3605.0000,3581.8000,3527.4000,3610.0000,3610.2000,3613.0000,3626.2000,3629.0000,2,2,1,1,1,1,1,1,2,1
SF,IF2012,2020-04-22 09:30:32.800,3612.0000,1230,0,9747000.000,0,-,-,-,-,3605.6000,3605.4000,3605.0000,3581.8000,3527.4000,3609.8000,3610.0000,3613.0000,3626.2000,3629.0000,2,2,1,1,1,1,1,1,2,1
SF,IF2012,2020-04-22 09:30:33.300,3612.0000,1230,0,9747000.000,0,-,-,-,-,3605.8000,3605.6000,3605.0000,3581.8000,3527.4000,3609.6000,3609.8000,3613.0000,3626.2000,3629.0000,2,2,1,1,1,2,1,1,2,1
SF,IF2012,2020-04-22 09:30:33.800,3612.0000,1230,0,9747000.000,0,-,-,-,-,3606.0000,3605.8000,3605.0000,3581.8000,3527.4000,3609.4000,3609.6000,3613.0000,3626.2000,3629.0000,2,2,1,1,1,1,2,1,2,1
SF,IF2012,2020-04-22 09:30:34.300,3612.0000,1230,0,9747000.000,0,-,-,-,-,3605.8000,3605.0000,3581.8000,3527.4000,3509.2000,3609.2000,3609.4000,3609.6000,3611.2000,3613.0000,2,1,1,1,1,1,2,1,1,1
SF,IF2012,2020-04-22 09:30:34.800,3612.0000,1230,0,9747000.000,0,-,-,-,-,3606.2000,3606.0000,3605.0000,3581.8000,3527.4000,3609.0000,3609.2000,3611.2000,3613.0000,3626.2000,2,1,1,1,1,3,1,1,1,2
SF,IF2012,2020-04-22 09:30:35.300,3612.0000,1230,0,9747000.000,0,-,-,-,-,3606.4000,3606.2000,3605.0000,3581.8000,3527.4000,3608.8000,3609.0000,3611.2000,3613.0000,3626.2000,1,2,1,1,1,1,3,1,1,2
SF,IF2012,2020-04-22 09:30:35.800,3612.0000,1230,0,9747000.000,0,-,-,-,-,3606.6000,3606.4000,3605.0000,3581.8000,3527.4000,3608.6000,3608.8000,3609.0000,3611.2000,3613.0000,2,1,1,1,1,1,1,2,1,1
SF,IF2012,2020-04-22 09:30:36.300,3612.0000,1230,0,9747000.000,0,-,-,-,-,3605.0000,3581.8000,3527.4000,3509.2000,3507.2000,3608.6000,3608.8000,3611.2000,3613.0000,3626.2000,1,1,1,1,1,1,1,1,1,2
SF,IF2012,2020-04-22 09:30:36.800,3612.0000,1230,0,9747000.000,0,-,-,-,-,3605.4000,3605.0000,3581.8000,3527.4000,3509.2000,3608.4000,3608.6000,3611.2000,3613.0000,3626.2000,2,1,1,1,1,1,1,1,1,2
SF,IF2012,2020-04-22 09:30:37.300,3612.0000,1230,0,9747000.000,0,-,-,-,-,3605.4000,3605.0000,3581.8000,3527.4000,3509.2000,3608.2000,3608.4000,3611.2000,3613.0000,3626.2000,2,1,1,1,1,1,1,1,1,2
SF,IF2012,2020-04-22 09:30:37.800,3612.0000,1230,0,9747000.000,0,-,-,-,-,3605.6000,3605.4000,3605.0000,3581.8000,3527.4000,3608.0000,3608.2000,3611.2000,3613.0000,3626.2000,1,2,1,1,1,1,1,1,1,2
SF,IF2012,2020-04-22 09:30:38.300,3612.0000,1230,0,9747000.000,0,-,-,-,-,3605.6000,3605.4000,3605.0000,3581.8000,3527.4000,3607.8000,3608.0000,3611.2000,3613.0000,3626.2000,1,2,1,1,1,1,1,1,1,2
SF,IF2012,2020-04-22 09:30:38.800,3612.0000,1230,0,9747000.000,0,-,-,-,-,3606.0000,3605.6000,3605.0000,3581.8000,3527.4000,3607.8000,3608.0000,3611.2000,3613.0000,3626.2000,2,1,1,1,1,1,1,1,1,2
SF,IF2012,2020-04-22 09:30:39.300,3612.0000,1230,0,9747000.000,0,-,-,-,-,3605.6000,3605.0000,3581.8000,3527.4000,3509.2000,3607.8000,3608.0000,3611.2000,3613.0000,3618.0000,1,1,1,1,1,1,1,1,1,1
SF,IF2012,2020-04-22 09:30:39.800,3612.0000,1230,0,9747000.000,0,-,-,-,-,3606.2000,3605.6000,3605.0000,3581.8000,3527.4000,3608.0000,3611.2000,3613.0000,3618.0000,3626.2000,2,1,1,1,1,1,1,1,1,2
SF,IF2012,2020-04-22 09:30:40.300,3612.0000,1230,0,9747000.000,0,-,-,-,-,3606.4000,3605.0000,3581.8000,3527.4000,3509.2000,3611.2000,3613.0000,3618.0000,3626.2000,3629.0000,1,1,1,1,1,1,1,1,2,1
SF,IF2012,2020-04-22 09:30:40.800,3612.0000,1230,0,9747000.000,0,-,-,-,-,3605.0000,3581.8000,3527.4000,3509.2000,3507.2000,3611.0000,3611.2000,3613.0000,3618.0000,3626.2000,1,1,1,1,1,3,2,1,1,2
SF,IF2012,2020-04-22 09:30:41.300,3612.0000,1230,0,9747000.000,0,-,-,-,-,3605.4000,3605.2000,3605.0000,3581.8000,3527.4000,3611.0000,3611.2000,3613.0000,3618.0000,3626.2000,2,2,1,1,1,3,2,1,1,2
SF,IF2012,2020-04-22 09:30:41.800,3612.0000,1230,0,9747000.000,0,-,-,-,-,3605.6000,3605.4000,3605.0000,3581.8000,3527.4000,3610.2000,3610.6000,3611.0000,3611.2000,3613.0000,2,2,1,1,1,1,1,3,2,1
SF,IF2012,2020-04-22 09:30:42.300,3610.2000,1230,0,10830060.000,1,0,1,多换,S,3605.6000,3605.4000,3605.0000,3581.8000,3527.4000,3610.0000,3610.2000,3610.6000,3611.2000,3613.0000,2,2,1,1,1,2,1,1,2,1
SF,IF2012,2020-04-22 09:30:42.800,3610.2000,1230,0,10830060.000,0,-,-,-,-,3605.8000,3605.6000,3605.4000,3605.0000,3581.8000,3609.8000,3610.0000,3610.2000,3610.6000,3611.2000,1,2,2,1,1,1,2,1,1,2
SF,IF2012,2020-04-22 09:30:43.300,3610.2000,1230,0,10830060.000,0,-,-,-,-,3606.0000,3605.8000,3605.0000,3581.8000,3527.4000,3609.4000,3609.6000,3609.8000,3611.2000,3613.0000,2,1,1,1,1,1,2,1,2,1
SF,IF2012,2020-04-22 09:30:43.800,3610.2000,1230,0,10830060.000,0,-,-,-,-,3606.0000,3605.8000,3605.0000,3581.8000,3527.4000,3609.2000,3609.4000,3609.6000,3613.0000,3618.0000,1,1,1,1,1,4,1,2,1,1
SF,IF2012,2020-04-22 09:30:44.300,3610.2000,1230,0,10830060.000,0,-,-,-,-,3605.0000,3581.8000,3527.4000,3509.2000,3507.2000,3609.2000,3609.4000,3609.6000,3613.0000,3618.0000,1,1,1,1,1,5,1,2,1,1
SF,IF2012,2020-04-22 09:30:44.800,3610.2000,1230,0,10830060.000,0,-,-,-,-,3605.2000,3605.0000,3581.8000,3527.4000,3509.2000,3609.2000,3609.4000,3609.6000,3613.0000,3618.0000,1,1,1,1,1,5,1,2,1,1
SF,IF2012,2020-04-22 09:30:45.300,3610.2000,1230,0,10830060.000,0,-,-,-,-,3605.4000,3605.2000,3605.0000,3581.8000,3527.4000,3608.8000,3609.2000,3609.6000,3613.0000,3618.0000,1,1,1,1,1,1,4,1,1,1
SF,IF2012,2020-04-22 09:30:45.800,3610.2000,1230,0,10830060.000,0,-,-,-,-,3605.6000,3605.4000,3605.0000,3581.8000,3527.4000,3608.6000,3608.8000,3609.2000,3609.6000,3613.0000,1,1,1,1,1,3,1,1,1,1
SF,IF2012,2020-04-22 09:30:46.300,3610.2000,1230,0,10830060.000,0,-,-,-,-,3605.6000,3605.4000,3605.0000,3581.8000,3527.4000,3608.6000,3608.8000,3609.2000,3609.6000,3613.0000,2,1,1,1,1,1,1,1,1,1
SF,IF2012,2020-04-22 09:30:46.800,3610.2000,1230,0,10830060.000,0,-,-,-,-,3605.6000,3605.0000,3581.8000,3527.4000,3509.2000,3608.6000,3608.8000,3609.6000,3613.0000,3618.0000,2,1,1,1,1,1,1,1,1,1
SF,IF2012,2020-04-22 09:30:47.300,3610.2000,1230,0,10830060.000,0,-,-,-,-,3605.6000,3605.0000,3581.8000,3527.4000,3509.2000,3608.4000,3608.6000,3609.6000,3613.0000,3618.0000,1,1,1,1,1,2,1,1,1,1
SF,IF2012,2020-04-22 09:30:47.800,3610.2000,1230,0,10830060.000,0,-,-,-,-,3605.6000,3605.0000,3581.8000,3527.4000,3509.2000,3608.2000,3608.4000,3609.6000,3613.0000,3618.0000,1,1,1,1,1,1,3,1,1,1
SF,IF2012,2020-04-22 09:30:48.300,3610.2000,1230,0,10830060.000,0,-,-,-,-,3605.6000,3605.0000,3581.8000,3527.4000,3509.2000,3608.0000,3608.2000,3608.4000,3609.6000,3613.0000,1,1,1,1,1,1,1,2,1,1
SF,IF2012,2020-04-22 09:30:48.800,3610.2000,1230,0,10830060.000,0,-,-,-,-,3605.8000,3605.0000,3581.8000,3527.4000,3509.2000,3607.8000,3608.0000,3608.4000,3609.6000,3613.0000,1,1,1,1,1,1,1,1,1,1
SF,IF2012,2020-04-22 09:30:49.300,3610.2000,1230,0,10830060.000,0,-,-,-,-,3605.8000,3605.0000,3581.8000,3527.4000,3509.2000,3607.6000,3607.8000,3608.4000,3609.6000,3613.0000,1,1,1,1,1,1,1,1,1,1
SF,IF2012,2020-04-22 09:30:49.800,3610.2000,1230,0,10830060.000,0,-,-,-,-,3605.0000,3581.8000,3527.4000,3509.2000,3507.2000,3607.6000,3607.8000,3608.4000,3609.6000,3613.0000,1,1,1,1,1,1,1,1,1,1
SF,IF2012,2020-04-22 09:30:50.300,3610.2000,1230,0,10830060.000,0,-,-,-,-,3605.2000,3605.0000,3581.8000,3527.4000,3509.2000,3607.4000,3608.4000,3609.6000,3613.0000,3618.0000,1,1,1,1,1,1,1,1,1,1
SF,IF2012,2020-04-22 09:30:50.800,3610.2000,1230,0,10830060.000,0,-,-,-,-,3605.0000,3581.8000,3527.4000,3509.2000,3507.2000,3607.2000,3607.4000,3608.4000,3609.6000,3613.0000,1,1,1,1,1,1,1,1,1,1
SF,IF2012,2020-04-22 09:30:54.300,3610.2000,1230,0,10830060.000,0,-,-,-,-,3605.0000,3581.8000,3527.4000,3509.2000,3507.2000,3607.2000,3607.4000,3608.4000,3613.0000,3618.0000,1,1,1,1,1,1,1,1,1,1
SF,IF2012,2020-04-22 09:30:54.800,3610.2000,1230,0,10830060.000,0,-,-,-,-,3605.2000,3605.0000,3581.8000,3527.4000,3509.2000,3607.2000,3607.4000,3608.4000,3613.0000,3618.0000,1,1,1,1,1,1,1,1,1,1
SF,IF2012,2020-04-22 09:30:55.300,3610.2000,1230,0,10830060.000,0,-,-,-,-,3605.2000,3605.0000,3581.8000,3527.4000,3509.2000,3607.2000,3607.4000,3613.0000,3618.0000,3626.2000,1,1,1,1,1,1,1,1,1,2
SF,IF2012,2020-04-22 09:30:55.800,3610.2000,1230,0,10830060.000,0,-,-,-,-,3605.2000,3605.0000,3581.8000,3527.4000,3509.2000,3607.4000,3613.0000,3618.0000,3626.2000,3629.0000,1,1,1,1,1,1,1,1,2,1
SF,IF2012,2020-04-22 09:30:57.800,3610.2000,1230,0,10830060.000,0,-,-,-,-,3605.2000,3605.0000,3581.8000,3527.4000,3509.2000,3607.4000,3613.0000,3618.0000,3626.2000,3629.0000,1,1,1,1,1,1,1,1,2,1
SF,IF2012,2020-04-22 09:30:58.300,3610.2000,1230,0,10830060.000,0,-,-,-,-,3605.4000,3605.2000,3605.0000,3581.8000,3527.4000,3607.4000,3613.0000,3618.0000,3626.2000,3629.0000,1,1,1,1,1,1,1,1,2,1
SF,IF2012,2020-04-22 09:30:58.800,3607.4000,1231,1,11912280.000,1,1,0,双开,S,3605.6000,3605.4000,3605.0000,3581.8000,3576.4000,3613.0000,3618.0000,3626.2000,3629.0000,3636.4000,1,1,1,1,1,1,1,2,1,1
SF,IF2012,2020-04-22 09:30:59.300,3607.4000,1231,0,11912280.000,0,-,-,-,-,3605.8000,3605.6000,3605.4000,3605.0000,3581.8000,3612.8000,3613.0000,3618.0000,3626.2000,3629.0000,1,2,1,1,1,2,1,1,2,1
SF,IF2012,2020-04-22 09:30:59.800,3607.4000,1231,0,11912280.000,0,-,-,-,-,3606.0000,3605.8000,3605.4000,3605.0000,3581.8000,3612.8000,3613.0000,3618.0000,3626.2000,3629.0000,2,1,1,1,1,2,1,1,2,1
SF,IF2012,2020-04-22 09:31:00.300,3607.4000,1231,0,11912280.000,0,-,-,-,-,3606.2000,3606.0000,3605.4000,3605.0000,3581.8000,3611.0000,3612.8000,3613.0000,3618.0000,3626.2000,1,2,1,1,1,1,2,1,1,2
SF,IF2012,2020-04-22 09:31:00.800,3607.4000,1231,0,11912280.000,0,-,-,-,-,3606.4000,3606.2000,3605.4000,3605.0000,3581.8000,3610.8000,3611.0000,3613.0000,3618.0000,3626.2000,2,1,1,1,1,2,1,1,1,2
SF,IF2012,2020-04-22 09:31:01.300,3607.4000,1231,0,11912280.000,0,-,-,-,-,3606.6000,3606.4000,3605.4000,3605.0000,3581.8000,3610.8000,3611.0000,3613.0000,3618.0000,3626.2000,1,2,1,1,1,2,1,1,1,2
SF,IF2012,2020-04-22 09:31:01.800,3607.4000,1231,0,11912280.000,0,-,-,-,-,3606.8000,3606.6000,3605.4000,3605.0000,3581.8000,3610.6000,3610.8000,3613.0000,3618.0000,3626.2000,2,1,1,1,1,2,1,1,1,2
SF,IF2012,2020-04-22 09:31:02.300,3607.4000,1231,0,11912280.000,0,-,-,-,-,3607.0000,3606.8000,3605.4000,3605.0000,3581.8000,3610.6000,3613.0000,3618.0000,3626.2000,3629.0000,1,4,1,1,1,2,1,1,2,1
SF,IF2012,2020-04-22 09:31:02.800,3607.4000,1231,0,11912280.000,0,-,-,-,-,3607.4000,3607.2000,3607.0000,3606.8000,3605.4000,3613.0000,3618.0000,3626.2000,3629.0000,3636.4000,1,2,1,2,1,1,1,2,1,1
SF,IF2012,2020-04-22 09:31:03.300,3607.4000,1231,0,11912280.000,0,-,-,-,-,3607.6000,3607.4000,3606.8000,3605.4000,3605.0000,3612.8000,3613.0000,3618.0000,3626.2000,3629.0000,3,1,2,1,1,2,1,1,2,1
SF,IF2012,2020-04-22 09:31:03.800,3607.4000,1231,0,11912280.000,0,-,-,-,-,3607.6000,3607.4000,3606.8000,3605.0000,3581.8000,3612.2000,3612.8000,3613.0000,3618.0000,3626.2000,2,1,2,1,1,1,2,1,1,2
SF,IF2012,2020-04-22 09:31:04.300,3607.4000,1231,0,11912280.000,0,-,-,-,-,3607.8000,3607.6000,3607.4000,3606.8000,3605.0000,3611.4000,3612.0000,3612.2000,3613.0000,3618.0000,2,2,1,2,1,1,2,1,1,1
SF,IF2012,2020-04-22 09:31:04.800,3607.4000,1231,0,11912280.000,0,-,-,-,-,3608.0000,3607.8000,3607.4000,3605.0000,3581.8000,3611.2000,3611.4000,3612.2000,3613.0000,3618.0000,3,1,1,1,1,2,1,1,1,1
SF,IF2012,2020-04-22 09:31:05.300,3607.4000,1231,0,11912280.000,0,-,-,-,-,3608.0000,3607.8000,3605.0000,3581.8000,3576.4000,3611.2000,3611.4000,3612.2000,3613.0000,3618.0000,3,1,1,1,1,2,1,1,1,1
SF,IF2012,2020-04-22 09:31:05.800,3607.4000,1231,0,11912280.000,0,-,-,-,-,3608.0000,3607.8000,3605.0000,3581.8000,3576.4000,3611.0000,3611.2000,3613.0000,3618.0000,3626.2000,3,1,1,1,1,1,2,1,1,2
SF,IF2012,2020-04-22 09:31:06.300,3607.4000,1231,0,11912280.000,0,-,-,-,-,3608.0000,3605.0000,3581.8000,3576.4000,3527.4000,3610.8000,3611.0000,3613.0000,3618.0000,3626.2000,2,1,1,1,1,2,1,1,1,2
SF,IF2012,2020-04-22 09:31:06.800,3607.4000,1231,0,11912280.000,0,-,-,-,-,3608.0000,3605.0000,3581.8000,3576.4000,3527.4000,3610.8000,3611.0000,3613.0000,3618.0000,3626.2000,1,1,1,1,1,2,1,1,1,2
SF,IF2012,2020-04-22 09:31:08.300,3607.4000,1231,0,11912280.000,0,-,-,-,-,3608.0000,3605.0000,3581.8000,3576.4000,3527.4000,3610.8000,3613.0000,3618.0000,3626.2000,3629.0000,1,1,1,1,1,1,1,1,2,1
SF,IF2012,2020-04-22 09:31:08.800,3607.4000,1231,0,11912280.000,0,-,-,-,-,3608.0000,3605.0000,3581.8000,3576.4000,3527.4000,3610.8000,3613.0000,3618.0000,3626.2000,3629.0000,1,1,1,1,1,1,1,1,2,1
SF,IF2012,2020-04-22 09:31:09.300,3607.4000,1231,0,11912280.000,0,-,-,-,-,3608.2000,3608.0000,3605.0000,3581.8000,3576.4000,3610.8000,3613.0000,3618.0000,3626.2000,3629.0000,1,1,1,1,1,1,1,1,2,1
SF,IF2012,2020-04-22 09:31:09.800,3607.4000,1231,0,11912280.000,0,-,-,-,-,3608.4000,3605.0000,3581.8000,3576.4000,3527.4000,3610.8000,3613.0000,3618.0000,3626.2000,3629.0000,1,1,1,1,1,1,1,1,2,1
SF,IF2012,2020-04-22 09:31:10.300,3607.4000,1231,0,11912280.000,0,-,-,-,-,3608.4000,3605.0000,3581.8000,3576.4000,3527.4000,3610.6000,3610.8000,3613.0000,3618.0000,3626.2000,1,1,1,1,1,1,1,1,1,2
SF,IF2012,2020-04-22 09:31:10.800,3607.4000,1231,0,11912280.000,0,-,-,-,-,3608.4000,3605.0000,3581.8000,3576.4000,3527.4000,3610.4000,3610.6000,3613.0000,3618.0000,3626.2000,1,1,1,1,1,2,1,1,1,2
SF,IF2012,2020-04-22 09:31:11.300,3607.4000,1231,0,11912280.000,0,-,-,-,-,3608.4000,3605.0000,3581.8000,3576.4000,3527.4000,3610.2000,3610.4000,3610.6000,3613.0000,3618.0000,1,1,1,1,1,1,1,1,1,1
SF,IF2012,2020-04-22 09:31:11.800,3607.4000,1231,0,11912280.000,0,-,-,-,-,3605.0000,3581.8000,3576.4000,3527.4000,3509.2000,3610.0000,3610.2000,3610.6000,3613.0000,3618.0000,1,1,1,1,1,1,1,1,1,1
SF,IF2012,2020-04-22 09:31:12.300,3607.4000,1231,0,11912280.000,0,-,-,-,-,3605.4000,3605.2000,3605.0000,3581.8000,3576.4000,3610.0000,3610.2000,3610.6000,3613.0000,3618.0000,2,4,1,1,1,1,1,1,1,1
SF,IF2012,2020-04-22 09:31:12.800,3607.4000,1231,0,11912280.000,0,-,-,-,-,3605.6000,3605.4000,3605.2000,3605.0000,3581.8000,3610.0000,3610.2000,3610.6000,3613.0000,3618.0000,3,2,1,1,1,1,1,1,1,1
SF,IF2012,2020-04-22 09:31:13.300,3607.4000,1231,0,11912280.000,0,-,-,-,-,3606.2000,3606.0000,3605.6000,3605.2000,3605.0000,3608.8000,3610.0000,3610.2000,3610.6000,3613.0000,1,2,3,1,1,1,1,1,1,1
SF,IF2012,2020-04-22 09:31:13.800,3607.4000,1231,0,11912280.000,0,-,-,-,-,3606.8000,3606.4000,3606.0000,3605.2000,3605.0000,3608.8000,3610.2000,3610.6000,3613.0000,3618.0000,1,3,2,1,1,1,1,1,1,1
SF,IF2012,2020-04-22 09:31:14.300,3607.4000,1231,0,11912280.000,0,-,-,-,-,3607.0000,3606.8000,3606.4000,3606.0000,3605.2000,3608.8000,3610.2000,3610.6000,3613.0000,3618.0000,2,1,1,2,1,1,1,1,1,1
SF,IF2012,2020-04-22 09:31:15.300,3607.4000,1231,0,11912280.000,0,-,-,-,-,3607.0000,3606.8000,3606.4000,3606.0000,3605.2000,3608.8000,3610.2000,3613.0000,3618.0000,3626.2000,1,1,1,2,1,1,1,1,1,2
SF,IF2012,2020-04-22 09:31:15.800,3608.8000,1230,-1,12994920.000,1,0,1,双平,S,3607.2000,3606.8000,3606.4000,3606.0000,3605.2000,3610.2000,3613.0000,3618.0000,3626.2000,3629.0000,1,1,1,2,1,1,1,1,2,1
SF,IF2012,2020-04-22 09:31:16.300,3608.8000,1230,0,12994920.000,0,-,-,-,-,3607.4000,3607.2000,3606.8000,3606.0000,3605.2000,3610.0000,3613.0000,3618.0000,3626.2000,3629.0000,2,1,1,2,1,1,1,1,2,1
SF,IF2012,2020-04-22 09:31:16.800,3608.8000,1230,0,12994920.000,0,-,-,-,-,3607.4000,3607.2000,3606.8000,3606.0000,3605.0000,3610.0000,3613.0000,3618.0000,3626.2000,3629.0000,2,1,1,2,1,1,1,1,2,1
SF,IF2012,2020-04-22 09:31:17.300,3607.4000,1229,-1,14077140.000,1,0,1,双平,S,3607.4000,3607.2000,3606.8000,3606.0000,3605.0000,3610.0000,3613.0000,3618.0000,3626.2000,3629.0000,1,1,1,2,1,1,1,1,2,1
SF,IF2012,2020-04-22 09:31:17.800,3607.4000,1229,0,14077140.000,0,-,-,-,-,3607.6000,3607.4000,3606.0000,3605.0000,3581.8000,3613.0000,3618.0000,3626.2000,3629.0000,3636.4000,2,1,2,1,1,1,1,2,1,1
SF,IF2012,2020-04-22 09:31:18.300,3607.4000,1229,0,14077140.000,0,-,-,-,-,3607.8000,3607.6000,3606.0000,3605.0000,3581.8000,3610.6000,3612.8000,3613.0000,3618.0000,3626.2000,1,2,2,1,1,1,2,1,1,2
SF,IF2012,2020-04-22 09:31:18.800,3607.4000,1229,0,14077140.000,0,-,-,-,-,3608.0000,3607.8000,3606.0000,3605.0000,3581.8000,3610.4000,3610.6000,3612.8000,3613.0000,3618.0000,1,3,2,1,1,1,1,1,1,1
SF,IF2012,2020-04-22 09:31:19.300,3607.4000,1229,0,14077140.000,0,-,-,-,-,3608.2000,3608.0000,3607.8000,3606.0000,3605.0000,3610.4000,3610.6000,3612.8000,3613.0000,3618.0000,1,1,2,2,1,1,1,1,1,1
SF,IF2012,2020-04-22 09:31:19.800,3607.4000,1229,0,14077140.000,0,-,-,-,-,3608.4000,3608.2000,3607.8000,3606.0000,3605.0000,3610.4000,3610.6000,3612.8000,3613.0000,3618.0000,1,1,2,2,1,1,1,1,1,1
SF,IF2012,2020-04-22 09:31:20.300,3607.4000,1229,0,14077140.000,0,-,-,-,-,3608.4000,3608.2000,3607.8000,3606.0000,3605.0000,3610.4000,3610.6000,3612.8000,3613.0000,3618.0000,1,1,1,2,1,1,1,1,1,1
SF,IF2012,2020-04-22 09:31:21.800,3607.4000,1229,0,14077140.000,0,-,-,-,-,3608.4000,3608.2000,3607.8000,3606.0000,3605.0000,3610.4000,3612.8000,3613.0000,3618.0000,3626.2000,1,1,1,2,1,1,1,1,1,2
SF,IF2012,2020-04-22 09:31:22.300,3607.4000,1229,0,14077140.000,0,-,-,-,-,3608.4000,3608.2000,3606.0000,3605.0000,3581.8000,3612.8000,3613.0000,3618.0000,3626.2000,3629.0000,1,1,2,1,1,1,1,1,2,1
SF,IF2012,2020-04-22 09:31:22.800,3607.4000,1229,0,14077140.000,0,-,-,-,-,3608.4000,3606.0000,3605.0000,3581.8000,3576.4000,3611.2000,3612.6000,3612.8000,3613.0000,3618.0000,1,2,1,1,1,1,1,1,1,1
SF,IF2012,2020-04-22 09:31:23.300,3607.4000,1229,0,14077140.000,0,-,-,-,-,3608.4000,3606.0000,3581.8000,3576.4000,3527.4000,3611.0000,3611.2000,3612.8000,3613.0000,3618.0000,1,2,1,1,1,1,1,1,1,1
SF,IF2012,2020-04-22 09:31:23.800,3607.4000,1229,0,14077140.000,0,-,-,-,-,3608.6000,3606.0000,3581.8000,3576.4000,3527.4000,3611.0000,3611.2000,3612.8000,3613.0000,3618.0000,1,2,1,1,1,1,1,1,1,1
SF,IF2012,2020-04-22 09:31:25.800,3607.4000,1229,0,14077140.000,0,-,-,-,-,3606.0000,3581.8000,3576.4000,3527.4000,3509.2000,3610.8000,3611.0000,3611.2000,3612.8000,3613.0000,2,1,1,1,1,1,1,1,1,1
SF,IF2012,2020-04-22 09:31:26.300,3607.4000,1229,0,14077140.000,0,-,-,-,-,3607.4000,3606.2000,3606.0000,3581.8000,3576.4000,3610.8000,3612.8000,3613.0000,3618.0000,3626.2000,1,4,2,1,1,1,1,1,1,2
SF,IF2012,2020-04-22 09:31:26.800,3607.4000,1229,0,14077140.000,0,-,-,-,-,3607.6000,3607.4000,3606.2000,3581.8000,3576.4000,3610.6000,3610.8000,3612.8000,3613.0000,3618.0000,5,1,1,1,1,1,1,1,1,1
SF,IF2012,2020-04-22 09:31:27.800,3607.4000,1229,0,14077140.000,0,-,-,-,-,3607.8000,3607.6000,3607.4000,3606.2000,3581.8000,3610.4000,3610.6000,3612.8000,3613.0000,3618.0000,1,5,1,1,1,1,1,1,1,1
SF,IF2012,2020-04-22 09:31:28.300,3607.4000,1229,0,14077140.000,0,-,-,-,-,3608.0000,3607.8000,3607.6000,3607.4000,3606.2000,3610.4000,3612.8000,3613.0000,3618.0000,3626.2000,3,1,2,1,1,1,1,1,1,2
SF,IF2012,2020-04-22 09:31:28.800,3607.4000,1229,0,14077140.000,0,-,-,-,-,3608.0000,3607.8000,3607.6000,3607.4000,3581.8000,3612.8000,3613.0000,3618.0000,3626.2000,3629.0000,3,1,2,1,1,1,1,1,2,1
SF,IF2012,2020-04-22 09:31:29.300,3607.4000,1229,0,14077140.000,0,-,-,-,-,3608.0000,3607.8000,3607.6000,3607.4000,3581.8000,3612.0000,3612.6000,3612.8000,3613.0000,3618.0000,3,1,2,1,1,1,1,1,1,1
SF,IF2012,2020-04-22 09:31:29.800,3607.4000,1229,0,14077140.000,0,-,-,-,-,3608.0000,3607.8000,3607.6000,3607.4000,3581.8000,3611.8000,3612.0000,3612.8000,3613.0000,3618.0000,3,1,2,1,1,1,1,1,1,1
SF,IF2012,2020-04-22 09:31:30.300,3607.4000,1229,0,14077140.000,0,-,-,-,-,3608.2000,3608.0000,3607.4000,3581.8000,3576.4000,3611.4000,3611.6000,3611.8000,3612.8000,3613.0000,1,3,1,1,1,1,1,1,1,1
SF,IF2012,2020-04-22 09:31:30.800,3607.4000,1229,0,14077140.000,0,-,-,-,-,3608.4000,3608.2000,3581.8000,3576.4000,3527.4000,3611.0000,3611.2000,3611.4000,3611.6000,3613.0000,2,1,1,1,1,1,1,1,2,1
SF,IF2012,2020-04-22 09:31:31.300,3607.4000,1229,0,14077140.000,0,-,-,-,-,3608.4000,3608.2000,3581.8000,3576.4000,3527.4000,3610.8000,3611.0000,3611.4000,3611.6000,3613.0000,2,1,1,1,1,1,1,1,2,1
SF,IF2012,2020-04-22 09:31:31.800,3607.4000,1229,0,14077140.000,0,-,-,-,-,3608.4000,3581.8000,3576.4000,3527.4000,3509.2000,3610.6000,3610.8000,3611.0000,3613.0000,3618.0000,2,1,1,1,1,2,2,1,1,1
SF,IF2012,2020-04-22 09:31:32.300,3607.4000,1229,0,14077140.000,0,-,-,-,-,3608.4000,3581.8000,3576.4000,3527.4000,3509.2000,3610.4000,3610.6000,3610.8000,3611.0000,3613.0000,1,1,1,1,1,1,3,1,1,1
SF,IF2012,2020-04-22 09:31:32.800,3607.4000,1229,0,14077140.000,0,-,-,-,-,3608.4000,3581.8000,3576.4000,3527.4000,3509.2000,3610.4000,3610.6000,3611.0000,3613.0000,3618.0000,1,1,1,1,1,1,3,1,1,1
SF,IF2012,2020-04-22 09:31:33.300,3607.4000,1229,0,14077140.000,0,-,-,-,-,3608.4000,3581.8000,3576.4000,3527.4000,3509.2000,3610.2000,3610.4000,3611.0000,3613.0000,3618.0000,1,1,1,1,1,1,1,1,1,1
SF,IF2012,2020-04-22 09:31:33.800,3607.4000,1229,0,14077140.000,0,-,-,-,-,3581.8000,3576.4000,3527.4000,3509.2000,3507.2000,3610.2000,3610.4000,3611.0000,3613.0000,3618.0000,1,1,1,1,1,1,1,1,1,1
SF,IF2012,2020-04-22 09:31:34.300,3607.4000,1229,0,14077140.000,0,-,-,-,-,3606.4000,3589.8000,3582.2000,3582.0000,3581.8000,3610.0000,3611.0000,3613.0000,3618.0000,3626.2000,1,3,4,6,1,1,1,1,1,2
SF,IF2012,2020-04-22 09:31:34.800,3607.4000,1229,0,14077140.000,0,-,-,-,-,3606.8000,3606.6000,3606.4000,3582.2000,3582.0000,3610.0000,3611.0000,3613.0000,3618.0000,3626.2000,2,3,1,2,3,1,1,1,1,2
SF,IF2012,2020-04-22 09:31:35.300,3607.4000,1229,0,14077140.000,0,-,-,-,-,3607.0000,3606.8000,3582.2000,3582.0000,3581.8000,3613.0000,3618.0000,3626.2000,3629.0000,3636.4000,3,2,2,2,1,1,1,2,1,1
SF,IF2012,2020-04-22 09:31:35.800,3607.4000,1229,0,14077140.000,0,-,-,-,-,3607.4000,3607.0000,3582.2000,3582.0000,3581.8000,3611.6000,3612.8000,3613.0000,3618.0000,3626.2000,2,4,2,2,1,1,2,1,1,2
SF,IF2012,2020-04-22 09:31:36.300,3607.4000,1229,0,14077140.000,0,-,-,-,-,3609.0000,3607.6000,3607.4000,3607.2000,3607.0000,3611.4000,3611.6000,3612.8000,3613.0000,3618.0000,1,4,3,1,1,1,2,1,1,1
SF,IF2012,2020-04-22 09:31:36.800,3609.0000,1230,1,17325180.000,3,2,1,空开,S,3607.6000,3607.4000,3607.0000,3582.2000,3582.0000,3611.2000,3611.4000,3611.6000,3612.8000,3613.0000,2,3,1,2,2,1,1,2,1,1
SF,IF2012,2020-04-22 09:31:37.300,3609.0000,1230,0,17325180.000,0,-,-,-,-,3607.8000,3607.6000,3607.4000,3607.0000,3582.2000,3611.0000,3611.2000,3611.6000,3612.8000,3613.0000,1,2,3,1,2,1,2,1,1,1
SF,IF2012,2020-04-22 09:31:37.800,3609.0000,1230,0,17325180.000,0,-,-,-,-,3608.0000,3607.8000,3607.6000,3607.0000,3582.2000,3610.8000,3611.0000,3611.2000,3612.8000,3613.0000,2,3,1,1,2,1,1,1,1,1
SF,IF2012,2020-04-22 09:31:38.300,3609.0000,1230,0,17325180.000,0,-,-,-,-,3608.2000,3608.0000,3607.6000,3607.0000,3582.2000,3610.6000,3610.8000,3611.2000,3612.8000,3613.0000,1,2,1,1,2,1,1,1,1,1
SF,IF2012,2020-04-22 09:31:38.800,3609.0000,1230,0,17325180.000,0,-,-,-,-,3608.4000,3607.6000,3607.2000,3607.0000,3604.6000,3610.4000,3610.6000,3611.2000,3612.8000,3613.0000,1,1,1,1,1,1,1,1,1,1
SF,IF2012,2020-04-22 09:31:39.300,3609.0000,1230,0,17325180.000,0,-,-,-,-,3607.6000,3607.2000,3607.0000,3604.6000,3582.2000,3610.2000,3610.4000,3611.2000,3612.8000,3613.0000,1,1,1,1,2,1,1,1,1,1
SF,IF2012,2020-04-22 09:31:39.800,3609.0000,1230,0,17325180.000,0,-,-,-,-,3607.8000,3607.6000,3607.2000,3607.0000,3604.6000,3610.0000,3610.2000,3611.2000,3612.8000,3613.0000,1,1,1,1,1,1,1,1,1,1
SF,IF2012,2020-04-22 09:31:40.300,3609.0000,1230,0,17325180.000,0,-,-,-,-,3607.8000,3607.2000,3607.0000,3604.6000,3582.2000,3609.8000,3610.0000,3611.2000,3612.8000,3613.0000,1,1,1,1,2,1,1,1,1,1
SF,IF2012,2020-04-22 09:31:40.800,3609.0000,1230,0,17325180.000,0,-,-,-,-,3607.2000,3604.6000,3582.0000,3581.8000,3576.4000,3609.8000,3610.0000,3611.2000,3612.8000,3613.0000,1,1,2,1,1,1,1,1,1,1
SF,IF2012,2020-04-22 09:31:41.300,3609.0000,1230,0,17325180.000,0,-,-,-,-,3607.4000,3607.2000,3604.6000,3582.0000,3581.8000,3609.6000,3609.8000,3611.2000,3612.8000,3613.0000,1,1,1,2,1,1,1,1,1,1
SF,IF2012,2020-04-22 09:31:41.800,3609.0000,1230,0,17325180.000,0,-,-,-,-,3607.4000,3607.2000,3604.6000,3582.0000,3581.8000,3609.4000,3609.6000,3611.2000,3612.8000,3613.0000,1,1,1,2,1,1,1,1,1,1
SF,IF2012,2020-04-22 09:31:42.300,3609.0000,1230,0,17325180.000,0,-,-,-,-,3607.2000,3604.6000,3582.0000,3581.8000,3576.4000,3609.4000,3609.6000,3611.2000,3612.8000,3613.0000,1,1,2,1,1,1,1,1,1,1
SF,IF2012,2020-04-22 09:31:43.800,3609.0000,1230,0,17325180.000,0,-,-,-,-,3607.4000,3607.2000,3604.6000,3582.0000,3581.8000,3609.4000,3609.6000,3611.2000,3612.8000,3613.0000,1,1,1,2,1,1,1,1,1,1
SF,IF2012,2020-04-22 09:31:44.300,3609.0000,1230,0,17325180.000,0,-,-,-,-,3607.4000,3607.2000,3606.8000,3604.6000,3600.0000,3609.4000,3609.6000,3611.2000,3612.8000,3613.0000,1,1,1,1,1,1,1,1,1,1
SF,IF2012,2020-04-22 09:31:44.800,3609.0000,1230,0,17325180.000,0,-,-,-,-,3607.4000,3607.2000,3606.8000,3604.6000,3600.0000,3609.4000,3609.6000,3612.8000,3613.0000,3618.0000,1,1,1,1,1,1,1,1,1,1
SF,IF2012,2020-04-22 09:31:45.300,3609.0000,1230,0,17325180.000,0,-,-,-,-,3607.4000,3607.2000,3606.8000,3606.6000,3604.6000,3609.4000,3609.6000,3612.8000,3613.0000,3618.0000,1,1,1,1,1,1,1,1,1,1
SF,IF2012,2020-04-22 09:31:45.800,3609.0000,1230,0,17325180.000,0,-,-,-,-,3607.4000,3607.2000,3606.8000,3606.6000,3604.6000,3609.0000,3609.4000,3609.6000,3612.8000,3613.0000,1,1,1,1,1,1,1,1,1,1
SF,IF2012,2020-04-22 09:31:46.300,3609.0000,1230,0,17325180.000,0,-,-,-,-,3607.4000,3607.2000,3606.8000,3606.6000,3604.6000,3608.8000,3609.0000,3609.6000,3612.8000,3613.0000,1,1,1,1,1,1,1,1,1,1
SF,IF2012,2020-04-22 09:31:46.800,3609.0000,1230,0,17325180.000,0,-,-,-,-,3607.4000,3607.2000,3606.8000,3606.6000,3606.4000,3608.8000,3609.0000,3609.6000,3612.8000,3613.0000,1,1,1,1,1,1,1,1,1,1
SF,IF2012,2020-04-22 09:31:47.800,3608.8000,1230,0,18407820.000,1,0,1,多换,S,3607.6000,3607.4000,3607.2000,3606.8000,3606.6000,3609.6000,3612.8000,3613.0000,3618.0000,3626.2000,1,1,1,1,1,1,1,1,1,2
SF,IF2012,2020-04-22 09:31:48.300,3608.8000,1230,0,18407820.000,0,-,-,-,-,3607.8000,3607.6000,3607.4000,3607.2000,3606.8000,3609.6000,3612.8000,3613.0000,3618.0000,3626.2000,1,1,1,1,1,1,1,1,1,2
SF,IF2012,2020-04-22 09:31:48.800,3608.8000,1230,0,18407820.000,0,-,-,-,-,3608.0000,3607.8000,3607.4000,3607.2000,3606.8000,3612.8000,3613.0000,3618.0000,3626.2000,3629.0000,1,1,1,1,1,1,1,1,2,1
SF,IF2012,2020-04-22 09:31:49.300,3608.8000,1230,0,18407820.000,0,-,-,-,-,3608.2000,3608.0000,3607.4000,3607.2000,3606.8000,3611.4000,3612.6000,3612.8000,3613.0000,3618.0000,1,1,1,1,1,1,2,1,1,1
SF,IF2012,2020-04-22 09:31:49.800,3608.8000,1230,0,18407820.000,0,-,-,-,-,3608.4000,3607.4000,3607.2000,3606.8000,3606.6000,3610.8000,3611.2000,3611.4000,3612.8000,3613.0000,1,1,1,1,1,1,2,1,1,1
SF,IF2012,2020-04-22 09:31:50.300,3608.8000,1230,0,18407820.000,0,-,-,-,-,3607.4000,3607.2000,3606.8000,3606.6000,3606.4000,3610.6000,3610.8000,3611.4000,3612.8000,3613.0000,1,1,1,1,1,2,1,1,1,1
SF,IF2012,2020-04-22 09:31:50.800,3608.8000,1230,0,18407820.000,0,-,-,-,-,3607.6000,3607.4000,3607.2000,3606.8000,3606.6000,3610.6000,3610.8000,3611.4000,3612.8000,3613.0000,2,1,1,1,1,2,1,1,1,1
SF,IF2012,2020-04-22 09:31:51.300,3608.8000,1230,0,18407820.000,0,-,-,-,-,3607.6000,3607.4000,3607.2000,3606.8000,3606.6000,3610.0000,3610.6000,3611.4000,3612.8000,3613.0000,2,1,1,1,1,1,2,1,1,1
SF,IF2012,2020-04-22 09:31:51.800,3608.8000,1230,0,18407820.000,0,-,-,-,-,3607.6000,3607.4000,3607.2000,3606.8000,3606.6000,3609.8000,3610.0000,3611.4000,3612.8000,3613.0000,2,1,1,1,1,2,1,1,1,1
SF,IF2012,2020-04-22 09:31:53.800,3608.8000,1230,0,18407820.000,0,-,-,-,-,3607.6000,3607.4000,3607.2000,3606.8000,3606.6000,3609.8000,3610.0000,3611.4000,3612.8000,3613.0000,2,1,1,1,1,2,1,1,1,1
SF,IF2012,2020-04-22 09:31:54.300,3608.8000,1230,0,18407820.000,0,-,-,-,-,3607.6000,3607.4000,3607.2000,3606.8000,3606.6000,3609.8000,3610.0000,3611.4000,3612.8000,3613.0000,1,1,1,1,1,2,1,1,1,1
SF,IF2012,2020-04-22 09:31:55.300,3608.8000,1230,0,18407820.000,0,-,-,-,-,3607.6000,3607.4000,3607.2000,3606.8000,3606.6000,3609.6000,3609.8000,3611.4000,3612.8000,3613.0000,1,1,1,1,1,1,2,1,1,1
SF,IF2012,2020-04-22 09:31:55.800,3608.8000,1230,0,18407820.000,0,-,-,-,-,3607.6000,3607.4000,3607.2000,3606.8000,3606.6000,3609.4000,3609.6000,3609.8000,3611.4000,3612.8000,1,1,1,1,1,1,1,1,1,1
SF,IF2012,2020-04-22 09:31:58.300,3608.8000,1230,0,18407820.000,0,-,-,-,-,3607.4000,3607.2000,3606.8000,3606.6000,3606.4000,3609.4000,3609.6000,3609.8000,3611.4000,3612.8000,1,1,1,1,1,1,1,1,1,1
SF,IF2012,2020-04-22 09:31:58.800,3608.8000,1230,0,18407820.000,0,-,-,-,-,3607.4000,3607.2000,3606.8000,3606.6000,3606.4000,3609.4000,3609.8000,3611.4000,3612.8000,3613.0000,1,1,1,1,1,1,1,1,1,1
SF,IF2012,2020-04-22 09:31:59.800,3608.8000,1230,0,18407820.000,0,-,-,-,-,3607.6000,3607.4000,3607.2000,3606.8000,3606.6000,3609.2000,3609.4000,3609.8000,3611.4000,3612.8000,1,1,1,1,1,1,1,1,1,1
SF,IF2012,2020-04-22 09:32:00.300,3608.8000,1230,0,18407820.000,0,-,-,-,-,3607.6000,3607.4000,3607.2000,3606.8000,3606.6000,3609.2000,3609.4000,3609.8000,3611.4000,3612.8000,1,1,1,1,1,2,1,1,1,1
SF,IF2012,2020-04-22 09:32:00.800,3608.8000,1230,0,18407820.000,0,-,-,-,-,3607.4000,3607.2000,3606.8000,3606.6000,3606.4000,3609.0000,3609.2000,3609.8000,3611.4000,3612.8000,1,1,1,1,1,2,1,1,1,1
SF,IF2012,2020-04-22 09:32:01.300,3608.8000,1230,0,18407820.000,0,-,-,-,-,3607.4000,3607.2000,3606.8000,3606.6000,3606.4000,3608.8000,3609.0000,3609.2000,3609.8000,3611.4000,1,1,1,1,1,1,1,1,1,1
SF,IF2012,2020-04-22 09:32:01.800,3607.4000,1231,1,19490040.000,1,1,0,双开,S,3607.2000,3606.8000,3606.6000,3606.4000,3606.2000,3608.6000,3609.2000,3609.8000,3611.4000,3612.8000,1,1,1,1,1,2,1,1,1,1
SF,IF2012,2020-04-22 09:32:02.300,3607.2000,1232,1,20572200.000,1,1,0,双开,S,3606.8000,3606.6000,3606.4000,3606.2000,3604.6000,3608.4000,3608.6000,3609.8000,3612.8000,3613.0000,1,1,1,1,1,1,1,1,1,1
SF,IF2012,2020-04-22 09:32:02.800,3607.2000,1232,0,20572200.000,0,-,-,-,-,3606.8000,3606.6000,3606.4000,3606.2000,3604.6000,3608.2000,3608.6000,3609.8000,3612.8000,3613.0000,1,1,1,1,1,2,1,1,1,1
SF,IF2012,2020-04-22 09:32:03.300,3607.2000,1232,0,20572200.000,0,-,-,-,-,3606.8000,3606.6000,3606.4000,3606.2000,3604.6000,3608.2000,3608.6000,3609.8000,3612.8000,3613.0000,1,1,1,1,1,1,1,1,1,1
SF,IF2012,2020-04-22 09:32:04.300,3607.2000,1232,0,20572200.000,0,-,-,-,-,3606.8000,3606.6000,3606.4000,3606.2000,3604.6000,3608.2000,3608.6000,3609.8000,3612.8000,3613.0000,1,1,1,1,1,1,1,1,1,1
SF,IF2012,2020-04-22 09:32:04.800,3607.2000,1232,0,20572200.000,0,-,-,-,-,3606.8000,3606.6000,3606.4000,3606.2000,3604.6000,3608.2000,3608.6000,3609.8000,3612.8000,3613.0000,1,1,1,1,1,1,1,1,1,1
SF,IF2012,2020-04-22 09:32:05.300,3606.8000,1233,1,21654240.000,1,1,0,双开,S,3606.6000,3606.4000,3606.2000,3604.6000,3600.0000,3608.0000,3608.6000,3609.8000,3612.8000,3613.0000,1,1,1,1,1,1,1,1,1,1
SF,IF2012,2020-04-22 09:32:07.800,3606.6000,1234,1,22736220.000,1,1,0,双开,S,3606.4000,3606.2000,3604.6000,3600.0000,3582.0000,3608.0000,3608.6000,3609.8000,3612.8000,3613.0000,1,1,1,1,2,1,1,1,1,1
SF,IF2012,2020-04-22 09:32:08.300,3606.6000,1234,0,22736220.000,0,-,-,-,-,3606.4000,3606.2000,3604.6000,3600.0000,3582.0000,3607.8000,3608.6000,3609.8000,3612.8000,3613.0000,1,1,1,1,2,3,1,1,1,1
SF,IF2012,2020-04-22 09:32:08.800,3606.6000,1234,0,22736220.000,0,-,-,-,-,3606.4000,3606.2000,3600.0000,3582.0000,3576.4000,3607.8000,3608.6000,3609.8000,3612.8000,3613.0000,1,1,1,2,1,3,1,1,1,1
SF,IF2012,2020-04-22 09:32:09.800,3606.4000,1235,1,23818140.000,1,1,0,双开,S,3606.2000,3600.0000,3582.0000,3576.4000,3527.4000,3607.6000,3607.8000,3608.6000,3609.8000,3612.8000,1,1,2,1,1,1,1,1,1,1
SF,IF2012,2020-04-22 09:32:10.300,3606.2000,1235,0,24900000.000,1,0,1,多换,S,3600.0000,3582.0000,3576.4000,3527.4000,3509.2000,3606.2000,3607.6000,3608.6000,3609.8000,3612.8000,1,2,1,1,1,1,1,1,1,1
SF,IF2012,2020-04-22 09:32:10.800,3606.2000,1235,0,24900000.000,0,-,-,-,-,3603.6000,3600.4000,3600.2000,3600.0000,3582.0000,3606.0000,3606.2000,3608.6000,3612.8000,3613.0000,1,2,2,1,2,1,1,1,1,1
SF,IF2012,2020-04-22 09:32:11.300,3606.2000,1235,0,24900000.000,0,-,-,-,-,3603.8000,3603.6000,3600.4000,3600.0000,3582.0000,3606.0000,3608.6000,3612.8000,3613.0000,3618.0000,3,1,2,1,2,1,1,1,1,1
SF,IF2012,2020-04-22 09:32:11.800,3606.2000,1235,0,24900000.000,0,-,-,-,-,3604.2000,3603.8000,3600.4000,3600.0000,3582.0000,3606.0000,3608.6000,3612.8000,3613.0000,3618.0000,1,2,2,1,2,1,1,1,1,1
SF,IF2012,2020-04-22 09:32:12.300,3606.2000,1235,0,24900000.000,0,-,-,-,-,3604.4000,3604.2000,3600.4000,3600.0000,3582.0000,3608.6000,3612.8000,3613.0000,3618.0000,3618.4000,2,1,2,1,2,1,1,1,1,1
SF,IF2012,2020-04-22 09:32:12.800,3606.2000,1235,0,24900000.000,0,-,-,-,-,3604.4000,3600.4000,3600.0000,3582.0000,3576.4000,3608.4000,3608.6000,3612.8000,3613.0000,3618.0000,2,2,1,2,1,2,1,1,1,1
SF,IF2012,2020-04-22 09:32:13.300,3606.2000,1235,0,24900000.000,0,-,-,-,-,3604.4000,3600.4000,3600.0000,3582.0000,3576.4000,3608.4000,3612.8000,3613.0000,3618.0000,3618.4000,1,2,1,2,1,2,1,1,1,1
SF,IF2012,2020-04-22 09:32:13.800,3606.2000,1235,0,24900000.000,0,-,-,-,-,3604.4000,3600.4000,3600.0000,3582.0000,3576.4000,3607.6000,3608.0000,3608.4000,3612.8000,3613.0000,1,2,1,2,1,1,1,2,1,1
SF,IF2012,2020-04-22 09:32:14.300,3606.2000,1235,0,24900000.000,0,-,-,-,-,3600.4000,3600.0000,3582.0000,3576.4000,3527.4000,3607.2000,3607.4000,3607.6000,3608.0000,3612.8000,2,1,2,1,1,1,2,1,1,1
SF,IF2012,2020-04-22 09:32:14.800,3606.2000,1235,0,24900000.000,0,-,-,-,-,3603.2000,3600.6000,3600.4000,3600.0000,3582.0000,3607.0000,3607.6000,3608.0000,3612.8000,3613.0000,1,2,2,1,2,2,1,1,1,1
SF,IF2012,2020-04-22 09:32:15.300,3606.2000,1235,0,24900000.000,0,-,-,-,-,3603.4000,3603.2000,3600.6000,3600.0000,3582.0000,3607.0000,3607.6000,3608.0000,3612.8000,3613.0000,4,1,1,1,2,2,1,1,1,1
SF,IF2012,2020-04-22 09:32:16.300,3606.2000,1235,0,24900000.000,0,-,-,-,-,3603.6000,3603.4000,3603.2000,3600.6000,3600.0000,3607.0000,3607.6000,3608.0000,3612.8000,3613.0000,1,4,1,1,1,2,1,1,1,1
SF,IF2012,2020-04-22 09:32:16.800,3606.2000,1235,0,24900000.000,0,-,-,-,-,3603.8000,3603.6000,3603.2000,3600.6000,3600.0000,3607.0000,3607.6000,3608.0000,3612.8000,3613.0000,4,1,1,1,1,2,1,1,1,1
SF,IF2012,2020-04-22 09:32:17.300,3606.2000,1235,0,24900000.000,0,-,-,-,-,3604.2000,3603.8000,3603.6000,3603.2000,3600.6000,3607.0000,3607.6000,3608.0000,3612.8000,3613.0000,1,2,1,1,1,2,1,1,1,1
SF,IF2012,2020-04-22 09:32:17.800,3606.2000,1235,0,24900000.000,0,-,-,-,-,3604.4000,3604.2000,3603.6000,3603.2000,3600.6000,3607.0000,3607.6000,3608.0000,3612.8000,3613.0000,2,1,1,1,1,2,1,1,1,1
SF,IF2012,2020-04-22 09:32:18.300,3606.2000,1235,0,24900000.000,0,-,-,-,-,3604.4000,3603.6000,3603.2000,3600.6000,3600.0000,3607.0000,3607.6000,3608.0000,3612.8000,3613.0000,2,1,1,1,1,2,1,1,1,1
SF,IF2012,2020-04-22 09:32:18.800,3606.2000,1235,0,24900000.000,0,-,-,-,-,3603.6000,3603.2000,3600.6000,3600.0000,3582.0000,3607.0000,3607.6000,3608.0000,3612.8000,3613.0000,1,1,1,1,2,2,1,1,1,1
SF,IF2012,2020-04-22 09:32:19.300,3606.2000,1235,0,24900000.000,0,-,-,-,-,3603.8000,3603.6000,3603.2000,3600.6000,3600.0000,3607.0000,3607.6000,3608.0000,3612.8000,3613.0000,1,1,1,1,1,2,1,1,1,1
SF,IF2012,2020-04-22 09:32:19.800,3606.2000,1235,0,24900000.000,0,-,-,-,-,3604.2000,3603.8000,3603.6000,3603.2000,3600.6000,3607.0000,3607.6000,3608.0000,3612.8000,3613.0000,1,1,1,1,1,2,1,1,1,1
SF,IF2012,2020-04-22 09:32:20.300,3606.2000,1235,0,24900000.000,0,-,-,-,-,3604.4000,3603.6000,3600.6000,3600.0000,3582.0000,3606.6000,3607.0000,3607.6000,3608.0000,3612.8000,1,1,1,1,2,3,2,1,1,1
SF,IF2012,2020-04-22 09:32:20.800,3606.2000,1235,0,24900000.000,0,-,-,-,-,3603.6000,3600.6000,3600.0000,3582.0000,3576.4000,3606.4000,3606.6000,3606.8000,3607.0000,3608.0000,1,1,1,2,1,1,3,1,1,1
SF,IF2012,2020-04-22 09:32:21.300,3606.2000,1235,0,24900000.000,0,-,-,-,-,3603.8000,3603.6000,3600.6000,3600.0000,3582.0000,3606.2000,3606.4000,3606.6000,3606.8000,3608.0000,1,1,1,1,2,1,1,2,1,1
SF,IF2012,2020-04-22 09:32:21.800,3606.2000,1235,0,24900000.000,0,-,-,-,-,3604.0000,3603.6000,3600.6000,3600.0000,3582.0000,3606.0000,3606.2000,3608.0000,3612.8000,3613.0000,1,1,1,1,2,3,2,1,1,1
SF,IF2012,2020-04-22 09:32:22.300,3606.2000,1235,0,24900000.000,0,-,-,-,-,3604.2000,3603.6000,3600.6000,3600.0000,3582.0000,3606.0000,3606.2000,3608.0000,3612.8000,3613.0000,1,1,1,1,2,3,2,1,1,1
SF,IF2012,2020-04-22 09:32:22.800,3606.2000,1235,0,24900000.000,0,-,-,-,-,3604.2000,3603.6000,3600.6000,3600.0000,3582.0000,3606.0000,3606.2000,3608.0000,3612.8000,3613.0000,1,1,1,1,2,2,2,1,1,1
SF,IF2012,2020-04-22 09:32:23.300,3606.2000,1235,0,24900000.000,0,-,-,-,-,3603.6000,3600.6000,3600.0000,3582.0000,3576.4000,3606.0000,3606.2000,3608.0000,3612.8000,3613.0000,1,1,1,2,1,2,2,1,1,1
SF,IF2012,2020-04-22 09:32:23.800,3606.2000,1235,0,24900000.000,0,-,-,-,-,3603.6000,3600.6000,3600.0000,3582.0000,3576.4000,3605.8000,3606.0000,3606.2000,3608.0000,3612.8000,1,1,1,2,1,1,2,1,1,1
SF,IF2012,2020-04-22 09:32:24.300,3603.8000,1236,1,25981140.000,1,1,0,双开,S,3603.6000,3600.6000,3600.0000,3582.0000,3576.4000,3603.8000,3605.6000,3605.8000,3606.0000,3606.2000,1,1,1,2,1,2,1,1,1,1
SF,IF2012,2020-04-22 09:32:24.800,3603.8000,1235,-1,28143420.000,2,0,2,多平,S,3603.6000,3600.6000,3600.0000,3582.0000,3576.4000,3605.6000,3605.8000,3606.0000,3608.0000,3612.8000,1,1,1,2,1,1,1,1,1,1
SF,IF2012,2020-04-22 09:32:25.300,3603.8000,1235,0,28143420.000,0,-,-,-,-,3603.6000,3600.6000,3600.0000,3582.0000,3576.4000,3605.6000,3605.8000,3608.0000,3612.8000,3613.0000,1,1,1,2,1,1,1,1,1,1
SF,IF2012,2020-04-22 09:32:26.800,3603.8000,1235,0,28143420.000,0,-,-,-,-,3603.8000,3603.6000,3600.6000,3600.0000,3582.0000,3605.6000,3605.8000,3608.0000,3612.8000,3613.0000,1,1,1,1,2,1,1,1,1,1
SF,IF2012,2020-04-22 09:32:27.300,3603.8000,1235,0,28143420.000,0,-,-,-,-,3603.8000,3603.6000,3600.6000,3600.0000,3582.0000,3605.4000,3605.6000,3605.8000,3608.0000,3612.8000,1,1,1,1,2,2,1,1,1,1
SF,IF2012,2020-04-22 09:32:27.800,3603.8000,1235,0,28143420.000,0,-,-,-,-,3603.8000,3603.6000,3600.6000,3600.0000,3582.0000,3605.2000,3605.4000,3605.8000,3608.0000,3612.8000,1,1,1,1,2,1,2,1,1,1
SF,IF2012,2020-04-22 09:32:28.800,3603.8000,1235,0,28143420.000,0,-,-,-,-,3603.8000,3603.6000,3600.6000,3600.0000,3582.0000,3605.2000,3605.8000,3608.0000,3612.8000,3613.0000,1,1,1,1,2,1,1,1,1,1
SF,IF2012,2020-04-22 09:32:29.300,3603.8000,1235,0,28143420.000,0,-,-,-,-,3603.6000,3600.6000,3600.0000,3582.0000,3576.4000,3605.0000,3605.2000,3605.8000,3608.0000,3612.8000,1,1,1,2,1,1,1,1,1,1
SF,IF2012,2020-04-22 09:32:29.800,3603.8000,1235,0,28143420.000,0,-,-,-,-,3603.6000,3600.6000,3600.0000,3582.0000,3576.4000,3603.8000,3605.2000,3605.8000,3608.0000,3612.8000,1,1,1,2,1,1,1,1,1,1
SF,IF2012,2020-04-22 09:32:30.800,3603.8000,1235,0,29224560.000,1,0,1,多换,S,3603.6000,3600.6000,3600.0000,3582.0000,3576.4000,3605.2000,3605.8000,3608.0000,3612.8000,3613.0000,1,1,1,2,1,1,1,1,1,1
SF,IF2012,2020-04-22 09:32:34.300,3603.8000,1235,0,29224560.000,0,-,-,-,-,3603.6000,3603.0000,3600.6000,3600.0000,3582.0000,3605.2000,3605.8000,3608.0000,3612.8000,3613.0000,1,1,1,1,1,1,1,1,1,1
SF,IF2012,2020-04-22 09:32:34.800,3603.8000,1235,0,29224560.000,0,-,-,-,-,3603.8000,3603.6000,3603.0000,3600.0000,3582.0000,3605.8000,3608.0000,3612.8000,3613.0000,3618.0000,1,1,1,1,1,1,1,1,1,1
SF,IF2012,2020-04-22 09:32:35.800,3603.8000,1235,0,29224560.000,0,-,-,-,-,3604.0000,3603.8000,3603.6000,3603.0000,3600.0000,3605.8000,3608.0000,3612.8000,3613.0000,3618.0000,1,1,1,1,1,1,1,1,1,1
SF,IF2012,2020-04-22 09:32:36.300,3603.8000,1235,0,29224560.000,0,-,-,-,-,3604.2000,3604.0000,3603.6000,3603.0000,3600.0000,3608.0000,3612.8000,3613.0000,3618.0000,3618.4000,1,1,1,1,1,1,1,1,1,1
SF,IF2012,2020-04-22 09:32:36.800,3603.8000,1235,0,29224560.000,0,-,-,-,-,3604.2000,3604.0000,3603.6000,3603.0000,3600.0000,3607.8000,3608.0000,3612.8000,3613.0000,3618.0000,1,1,1,1,1,2,1,1,1,1
SF,IF2012,2020-04-22 09:32:37.300,3603.8000,1235,0,29224560.000,0,-,-,-,-,3604.2000,3604.0000,3603.6000,3603.0000,3600.0000,3607.8000,3612.8000,3613.0000,3618.0000,3618.4000,1,1,1,1,1,2,1,1,1,1
SF,IF2012,2020-04-22 09:32:37.800,3603.8000,1235,0,29224560.000,0,-,-,-,-,3604.4000,3604.2000,3604.0000,3603.6000,3603.0000,3607.0000,3607.4000,3607.8000,3612.8000,3613.0000,1,1,1,1,1,1,1,2,1,1
SF,IF2012,2020-04-22 09:32:38.300,3603.8000,1235,0,29224560.000,0,-,-,-,-,3604.6000,3604.4000,3604.0000,3603.6000,3603.0000,3606.8000,3607.0000,3607.4000,3612.8000,3613.0000,1,1,1,1,1,2,1,1,1,1
SF,IF2012,2020-04-22 09:32:39.300,3603.8000,1235,0,29224560.000,0,-,-,-,-,3604.6000,3604.0000,3603.6000,3603.0000,3600.0000,3606.4000,3606.8000,3607.4000,3612.8000,3613.0000,1,1,1,1,1,1,2,1,1,1
SF,IF2012,2020-04-22 09:32:39.800,3603.8000,1235,0,29224560.000,0,-,-,-,-,3604.6000,3604.0000,3603.6000,3603.0000,3600.0000,3606.8000,3607.4000,3612.8000,3613.0000,3618.0000,1,1,1,1,1,2,1,1,1,1
SF,IF2012,2020-04-22 09:32:40.300,3603.8000,1235,0,29224560.000,0,-,-,-,-,3604.6000,3604.0000,3603.6000,3603.0000,3600.0000,3606.8000,3612.8000,3613.0000,3618.0000,3618.4000,1,1,1,1,1,1,1,1,1,1
SF,IF2012,2020-04-22 09:32:41.800,3603.8000,1235,0,29224560.000,0,-,-,-,-,3604.8000,3604.6000,3604.0000,3603.6000,3603.0000,3606.8000,3612.8000,3613.0000,3618.0000,3618.4000,1,1,1,1,1,1,1,1,1,1
SF,IF2012,2020-04-22 09:32:42.300,3603.8000,1235,0,29224560.000,0,-,-,-,-,3605.0000,3604.8000,3604.0000,3603.6000,3603.0000,3606.8000,3612.8000,3613.0000,3618.0000,3618.4000,1,1,1,1,1,1,1,1,1,1
SF,IF2012,2020-04-22 09:32:42.800,3603.8000,1235,0,29224560.000,0,-,-,-,-,3605.0000,3604.8000,3604.0000,3603.6000,3603.0000,3612.8000,3613.0000,3618.0000,3618.4000,3626.2000,1,1,1,1,1,1,1,1,1,1
SF,IF2012,2020-04-22 09:32:43.300,3603.8000,1235,0,29224560.000,0,-,-,-,-,3605.0000,3604.0000,3603.6000,3603.0000,3600.0000,3606.6000,3607.4000,3612.4000,3612.6000,3612.8000,1,1,1,1,1,1,1,2,3,1
SF,IF2012,2020-04-22 09:32:43.800,3603.8000,1235,0,29224560.000,0,-,-,-,-,3604.0000,3603.6000,3603.0000,3600.0000,3582.0000,3612.4000,3612.6000,3612.8000,3613.0000,3618.0000,1,1,1,1,1,2,3,1,1,1
SF,IF2012,2020-04-22 09:32:44.300,3603.8000,1235,0,29224560.000,0,-,-,-,-,3604.2000,3604.0000,3603.6000,3603.0000,3600.0000,3607.8000,3612.2000,3612.4000,3613.0000,3618.0000,1,1,1,1,1,2,3,2,1,1
SF,IF2012,2020-04-22 09:32:44.800,3603.8000,1235,0,29224560.000,0,-,-,-,-,3604.4000,3604.2000,3603.6000,3603.0000,3600.0000,3607.6000,3607.8000,3612.2000,3612.4000,3613.0000,1,1,1,1,1,3,2,1,2,1
SF,IF2012,2020-04-22 09:32:45.300,3603.8000,1235,0,29224560.000,0,-,-,-,-,3604.6000,3604.4000,3603.6000,3603.0000,3600.0000,3607.6000,3607.8000,3612.2000,3612.4000,3613.0000,1,1,1,1,1,3,2,1,2,1
SF,IF2012,2020-04-22 09:32:46.300,3603.8000,1235,0,29224560.000,0,-,-,-,-,3604.8000,3604.6000,3604.4000,3604.2000,3603.6000,3607.4000,3607.6000,3607.8000,3612.2000,3612.4000,1,1,1,1,1,1,3,1,1,2
SF,IF2012,2020-04-22 09:32:46.800,3603.8000,1235,0,29224560.000,0,-,-,-,-,3605.0000,3604.8000,3604.2000,3604.0000,3603.6000,3607.2000,3607.4000,3607.8000,3612.2000,3612.4000,1,2,1,1,1,2,1,1,1,2
SF,IF2012,2020-04-22 09:32:47.300,3603.8000,1235,0,29224560.000,0,-,-,-,-,3605.0000,3604.8000,3604.2000,3604.0000,3603.6000,3607.0000,3607.2000,3607.4000,3612.2000,3612.4000,1,1,1,2,1,1,2,1,1,2
SF,IF2012,2020-04-22 09:32:47.800,3603.8000,1235,0,29224560.000,0,-,-,-,-,3605.0000,3604.2000,3604.0000,3603.6000,3603.0000,3606.8000,3607.2000,3607.4000,3612.2000,3612.4000,1,1,1,1,1,4,1,1,1,2
SF,IF2012,2020-04-22 09:32:48.300,3603.8000,1235,0,29224560.000,0,-,-,-,-,3604.2000,3603.6000,3603.0000,3600.0000,3582.0000,3606.8000,3607.2000,3607.4000,3612.2000,3612.4000,1,1,1,1,1,4,1,1,1,2
SF,IF2012,2020-04-22 09:32:48.800,3603.8000,1235,0,29224560.000,0,-,-,-,-,3604.4000,3604.2000,3603.6000,3603.0000,3600.0000,3606.6000,3606.8000,3607.4000,3612.2000,3612.4000,1,1,1,1,1,1,4,1,1,2
SF,IF2012,2020-04-22 09:32:49.300,3603.8000,1235,0,29224560.000,0,-,-,-,-,3604.4000,3603.6000,3603.0000,3600.0000,3582.0000,3606.4000,3606.6000,3606.8000,3607.4000,3612.2000,1,1,1,1,1,1,1,2,1,1
SF,IF2012,2020-04-22 09:32:49.800,3603.8000,1235,0,29224560.000,0,-,-,-,-,3603.6000,3603.0000,3600.0000,3582.0000,3576.4000,3606.4000,3606.6000,3606.8000,3607.4000,3612.2000,1,1,1,1,1,1,1,2,1,1
SF,IF2012,2020-04-22 09:32:50.300,3603.8000,1235,0,29224560.000,0,-,-,-,-,3603.8000,3603.6000,3603.0000,3600.0000,3582.0000,3606.2000,3606.4000,3607.4000,3612.2000,3612.4000,1,1,1,1,1,1,1,1,1,2
SF,IF2012,2020-04-22 09:32:50.800,3603.8000,1235,0,29224560.000,0,-,-,-,-,3603.8000,3603.6000,3603.0000,3600.0000,3582.0000,3606.0000,3606.2000,3607.4000,3612.2000,3612.4000,1,1,1,1,1,1,1,1,1,2
SF,IF2012,2020-04-22 09:32:55.300,3603.8000,1235,0,29224560.000,0,-,-,-,-,3604.0000,3603.8000,3603.6000,3603.0000,3600.0000,3605.8000,3606.0000,3606.2000,3612.2000,3612.4000,1,1,1,1,1,1,1,1,1,2
SF,IF2012,2020-04-22 09:32:55.800,3603.8000,1235,0,29224560.000,0,-,-,-,-,3604.2000,3604.0000,3603.6000,3603.0000,3600.0000,3605.8000,3606.2000,3612.2000,3612.4000,3613.0000,1,1,1,1,1,1,1,1,2,1
SF,IF2012,2020-04-22 09:32:56.300,3605.8000,1235,0,30306300.000,1,0,1,多换,S,3604.2000,3604.0000,3603.6000,3603.0000,3600.0000,3606.2000,3612.2000,3612.4000,3613.0000,3618.0000,1,1,1,1,1,1,1,2,1,1
SF,IF2012,2020-04-22 09:32:56.800,3605.8000,1235,0,30306300.000,0,-,-,-,-,3604.4000,3604.2000,3604.0000,3603.6000,3603.0000,3606.2000,3612.2000,3612.4000,3613.0000,3618.0000,1,1,1,1,1,1,1,2,1,1
SF,IF2012,2020-04-22 09:32:57.300,3605.8000,1235,0,30306300.000,0,-,-,-,-,3604.6000,3604.4000,3604.0000,3603.6000,3603.0000,3612.2000,3612.4000,3613.0000,3618.0000,3618.4000,1,1,1,1,1,1,2,1,1,1
SF,IF2012,2020-04-22 09:32:57.800,3605.8000,1235,0,30306300.000,0,-,-,-,-,3604.6000,3604.4000,3604.0000,3603.6000,3603.0000,3608.0000,3612.0000,3612.2000,3612.4000,3613.0000,1,1,1,1,1,1,2,1,2,1
SF,IF2012,2020-04-22 09:32:58.300,3605.8000,1235,0,30306300.000,0,-,-,-,-,3604.6000,3604.4000,3604.0000,3603.6000,3603.0000,3607.8000,3608.0000,3612.2000,3612.4000,3613.0000,1,1,1,1,1,2,1,1,2,1
SF,IF2012,2020-04-22 09:32:58.800,3605.8000,1235,0,30306300.000,0,-,-,-,-,3604.8000,3604.6000,3604.4000,3604.0000,3603.6000,3607.8000,3608.0000,3612.2000,3612.4000,3613.0000,1,1,1,1,1,2,1,1,2,1
SF,IF2012,2020-04-22 09:32:59.300,3605.8000,1235,0,30306300.000,0,-,-,-,-,3605.0000,3604.8000,3604.4000,3604.0000,3603.6000,3607.8000,3612.2000,3612.4000,3613.0000,3618.0000,1,1,1,1,1,2,1,2,1,1
SF,IF2012,2020-04-22 09:32:59.800,3605.8000,1235,0,30306300.000,0,-,-,-,-,3605.0000,3604.8000,3604.4000,3604.0000,3603.6000,3607.4000,3607.6000,3607.8000,3612.2000,3612.4000,1,1,1,1,1,1,1,3,1,2
SF,IF2012,2020-04-22 09:33:00.300,3605.8000,1235,0,30306300.000,0,-,-,-,-,3605.0000,3604.8000,3604.4000,3604.0000,3603.6000,3607.2000,3607.6000,3612.2000,3612.4000,3613.0000,1,1,1,1,1,2,1,1,2,1
SF,IF2012,2020-04-22 09:33:00.800,3605.8000,1235,0,30306300.000,0,-,-,-,-,3605.0000,3604.8000,3604.4000,3603.6000,3603.0000,3607.2000,3612.2000,3613.0000,3618.0000,3618.4000,1,1,1,1,1,1,1,1,1,1
SF,IF2012,2020-04-22 09:33:01.300,3605.8000,1235,0,30306300.000,0,-,-,-,-,3605.2000,3605.0000,3604.8000,3604.4000,3603.6000,3607.2000,3612.2000,3613.0000,3618.0000,3618.4000,1,1,1,1,1,1,1,1,1,1
SF,IF2012,2020-04-22 09:33:01.800,3605.8000,1235,0,30306300.000,0,-,-,-,-,3605.4000,3605.2000,3604.8000,3604.4000,3603.6000,3607.2000,3612.2000,3613.0000,3618.0000,3618.4000,1,1,1,1,1,1,1,1,1,1
SF,IF2012,2020-04-22 09:33:02.300,3605.8000,1235,0,30306300.000,0,-,-,-,-,3605.6000,3605.4000,3605.2000,3604.8000,3604.4000,3612.2000,3613.0000,3618.0000,3618.4000,3626.2000,2,3,1,1,1,1,1,1,1,1
SF,IF2012,2020-04-22 09:33:02.800,3605.8000,1235,0,30306300.000,0,-,-,-,-,3605.8000,3605.6000,3605.2000,3604.8000,3604.4000,3609.2000,3612.0000,3612.2000,3613.0000,3618.0000,1,2,1,1,1,1,2,1,1,1
SF,IF2012,2020-04-22 09:33:03.300,3605.8000,1235,0,30306300.000,0,-,-,-,-,3605.8000,3605.6000,3605.2000,3604.8000,3603.6000,3609.0000,3609.2000,3612.2000,3613.0000,3618.0000,1,2,1,1,1,2,1,1,1,1
SF,IF2012,2020-04-22 09:33:03.800,3605.8000,1235,0,30306300.000,0,-,-,-,-,3605.8000,3605.6000,3605.2000,3604.8000,3603.6000,3609.0000,3609.2000,3612.2000,3613.0000,3618.0000,1,1,1,1,1,2,1,1,1,1
SF,IF2012,2020-04-22 09:33:04.300,3605.8000,1235,0,30306300.000,0,-,-,-,-,3605.8000,3605.6000,3605.2000,3604.8000,3603.6000,3609.0000,3612.2000,3613.0000,3618.0000,3618.4000,1,1,1,1,1,2,1,1,1,1
SF,IF2012,2020-04-22 09:33:04.800,3605.8000,1235,0,30306300.000,0,-,-,-,-,3605.8000,3605.6000,3605.2000,3604.8000,3603.6000,3609.0000,3612.2000,3613.0000,3618.0000,3618.4000,1,1,1,1,1,3,1,1,1,1
SF,IF2012,2020-04-22 09:33:06.300,3605.8000,1235,0,30306300.000,0,-,-,-,-,3606.0000,3605.8000,3605.6000,3605.2000,3604.8000,3609.0000,3612.2000,3613.0000,3618.0000,3618.4000,1,1,1,1,1,3,1,1,1,1
SF,IF2012,2020-04-22 09:33:06.800,3605.8000,1235,0,30306300.000,0,-,-,-,-,3606.2000,3606.0000,3605.6000,3605.2000,3604.8000,3608.6000,3609.0000,3612.2000,3613.0000,3618.0000,1,1,1,1,1,2,2,1,1,1
SF,IF2012,2020-04-22 09:33:07.300,3605.8000,1235,0,30306300.000,0,-,-,-,-,3606.2000,3606.0000,3605.6000,3605.2000,3604.8000,3608.4000,3612.2000,3613.0000,3618.0000,3618.4000,1,1,1,1,1,2,1,1,1,1
SF,IF2012,2020-04-22 09:33:15.800,3605.8000,1235,0,30306300.000,0,-,-,-,-,3606.4000,3606.2000,3605.6000,3605.2000,3604.8000,3608.4000,3612.2000,3613.0000,3618.0000,3618.4000,1,1,1,1,1,2,1,1,1,1
SF,IF2012,2020-04-22 09:33:16.300,3605.8000,1235,0,30306300.000,0,-,-,-,-,3606.6000,3606.4000,3605.6000,3605.2000,3604.8000,3608.4000,3612.2000,3613.0000,3618.0000,3618.4000,1,1,1,1,1,1,1,1,1,1
SF,IF2012,2020-04-22 09:33:16.800,3605.8000,1235,0,30306300.000,0,-,-,-,-,3606.6000,3606.4000,3605.6000,3605.2000,3604.8000,3612.2000,3613.0000,3618.0000,3618.4000,3626.2000,1,1,1,1,1,1,1,1,1,1
SF,IF2012,2020-04-22 09:33:17.300,3605.8000,1235,0,30306300.000,0,-,-,-,-,3606.6000,3606.4000,3605.6000,3605.2000,3603.0000,3609.6000,3612.0000,3612.2000,3613.0000,3618.0000,1,1,1,1,1,1,2,1,1,1
SF,IF2012,2020-04-22 09:33:17.800,3605.8000,1235,0,30306300.000,0,-,-,-,-,3606.6000,3606.4000,3605.6000,3605.2000,3603.0000,3609.4000,3609.6000,3612.2000,3613.0000,3618.0000,1,1,1,1,1,2,1,1,1,1
SF,IF2012,2020-04-22 09:33:19.300,3605.8000,1235,0,30306300.000,0,-,-,-,-,3606.6000,3606.4000,3605.6000,3605.2000,3603.0000,3609.4000,3612.2000,3613.0000,3618.0000,3618.4000,1,1,1,1,1,2,1,1,1,1
SF,IF2012,2020-04-22 09:33:20.800,3605.8000,1235,0,30306300.000,0,-,-,-,-,3606.6000,3606.4000,3605.6000,3605.2000,3603.0000,3609.4000,3612.2000,3613.0000,3618.0000,3618.4000,1,1,1,1,1,2,1,1,1,1
SF,IF2012,2020-04-22 09:33:21.800,3605.8000,1235,0,30306300.000,0,-,-,-,-,3606.8000,3606.6000,3606.4000,3605.6000,3605.2000,3609.4000,3612.2000,3613.0000,3618.0000,3618.4000,1,1,1,1,1,2,1,1,1,1
SF,IF2012,2020-04-22 09:33:22.300,3605.8000,1235,0,30306300.000,0,-,-,-,-,3607.0000,3606.8000,3606.4000,3605.6000,3605.2000,3609.4000,3612.2000,3613.0000,3618.0000,3618.4000,1,1,1,1,1,2,1,1,1,1
SF,IF2012,2020-04-22 09:33:22.800,3605.8000,1235,0,30306300.000,0,-,-,-,-,3607.0000,3606.4000,3605.6000,3605.2000,3603.0000,3609.4000,3612.2000,3613.0000,3618.0000,3618.4000,1,1,1,1,1,2,1,1,1,1
SF,IF2012,2020-04-22 09:33:23.800,3605.8000,1235,0,30306300.000,0,-,-,-,-,3607.0000,3606.4000,3605.6000,3603.0000,3600.0000,3609.2000,3609.4000,3612.2000,3613.0000,3618.0000,1,1,1,1,1,3,2,1,1,1
SF,IF2012,2020-04-22 09:33:24.300,3605.8000,1235,0,30306300.000,0,-,-,-,-,3606.4000,3603.0000,3600.0000,3582.0000,3580.0000,3609.0000,3609.2000,3609.4000,3612.2000,3613.0000,1,1,1,1,1,1,3,1,1,1
SF,IF2012,2020-04-22 09:33:24.800,3605.8000,1235,0,30306300.000,0,-,-,-,-,3606.4000,3603.0000,3600.0000,3582.0000,3580.0000,3608.8000,3609.0000,3609.2000,3612.2000,3613.0000,1,1,1,1,1,1,3,2,1,1
SF,IF2012,2020-04-22 09:33:25.300,3605.8000,1235,0,30306300.000,0,-,-,-,-,3606.4000,3603.0000,3600.0000,3582.0000,3580.0000,3608.6000,3608.8000,3609.0000,3612.2000,3613.0000,1,1,1,1,1,1,2,2,1,1
SF,IF2012,2020-04-22 09:33:25.800,3605.8000,1235,0,30306300.000,0,-,-,-,-,3606.6000,3606.4000,3603.0000,3600.0000,3582.0000,3608.6000,3608.8000,3609.0000,3612.2000,3613.0000,1,1,1,1,1,1,2,2,1,1
SF,IF2012,2020-04-22 09:33:26.300,3605.8000,1235,0,30306300.000,0,-,-,-,-,3606.8000,3606.4000,3603.0000,3600.0000,3582.0000,3608.6000,3608.8000,3612.2000,3613.0000,3618.0000,1,1,1,1,1,1,1,1,1,1
SF,IF2012,2020-04-22 09:33:27.300,3605.8000,1235,0,30306300.000,0,-,-,-,-,3606.4000,3603.0000,3600.0000,3582.0000,3580.0000,3608.6000,3608.8000,3612.2000,3613.0000,3618.0000,1,1,1,1,1,1,1,1,1,1
SF,IF2012,2020-04-22 09:33:27.800,3605.8000,1235,0,30306300.000,0,-,-,-,-,3606.4000,3603.0000,3600.0000,3582.0000,3580.0000,3608.4000,3608.6000,3608.8000,3612.2000,3613.0000,1,1,1,1,1,1,1,1,1,1
SF,IF2012,2020-04-22 09:33:28.300,3605.8000,1235,0,30306300.000,0,-,-,-,-,3606.4000,3603.0000,3600.0000,3582.0000,3580.0000,3608.2000,3608.4000,3608.8000,3612.2000,3613.0000,1,1,1,1,1,1,1,1,1,1
SF,IF2012,2020-04-22 09:33:28.800,3605.8000,1235,0,30306300.000,0,-,-,-,-,3606.4000,3603.0000,3600.0000,3582.0000,3580.0000,3608.2000,3608.8000,3612.2000,3613.0000,3618.0000,1,1,1,1,1,1,1,1,1,1
SF,IF2012,2020-04-22 09:33:30.800,3605.8000,1235,0,30306300.000,0,-,-,-,-,3606.6000,3606.4000,3603.0000,3600.0000,3582.0000,3608.2000,3608.8000,3612.2000,3613.0000,3618.0000,1,1,1,1,1,1,1,1,1,1
SF,IF2012,2020-04-22 09:33:31.300,3605.8000,1235,0,30306300.000,0,-,-,-,-,3606.8000,3606.4000,3603.0000,3600.0000,3582.0000,3608.2000,3608.8000,3612.2000,3613.0000,3618.0000,1,1,1,1,1,1,1,1,1,1
SF,IF2012,2020-04-22 09:33:31.800,3605.8000,1235,0,30306300.000,0,-,-,-,-,3606.4000,3603.0000,3600.0000,3582.0000,3580.0000,3608.2000,3608.8000,3612.2000,3613.0000,3618.0000,1,1,1,1,1,1,1,1,1,1
SF,IF2012,2020-04-22 09:33:36.300,3605.8000,1235,0,30306300.000,0,-,-,-,-,3606.4000,3603.0000,3600.0000,3582.0000,3580.0000,3608.0000,3608.2000,3608.8000,3612.2000,3613.0000,1,1,1,1,1,1,1,1,1,1
SF,IF2012,2020-04-22 09:33:36.800,3605.8000,1235,0,30306300.000,0,-,-,-,-,3603.0000,3600.0000,3582.0000,3580.0000,3576.4000,3607.8000,3608.8000,3612.2000,3613.0000,3618.0000,1,1,1,1,1,3,1,1,1,1
SF,IF2012,2020-04-22 09:33:37.300,3605.8000,1235,0,30306300.000,0,-,-,-,-,3603.6000,3603.4000,3603.2000,3603.0000,3600.0000,3607.6000,3607.8000,3612.2000,3613.0000,3618.0000,1,2,1,1,1,1,1,1,1,1
SF,IF2012,2020-04-22 09:33:37.800,3605.8000,1235,0,30306300.000,0,-,-,-,-,3604.0000,3603.8000,3603.6000,3603.0000,3600.0000,3607.4000,3607.6000,3612.2000,3613.0000,3618.0000,2,1,1,1,1,1,1,1,1,1
SF,IF2012,2020-04-22 09:33:38.300,3605.8000,1235,0,30306300.000,0,-,-,-,-,3604.2000,3604.0000,3603.6000,3603.0000,3600.0000,3607.2000,3607.4000,3612.2000,3613.0000,3618.0000,1,2,1,1,1,1,1,1,1,1
SF,IF2012,2020-04-22 09:33:38.800,3605.8000,1235,0,30306300.000,0,-,-,-,-,3604.4000,3604.2000,3603.6000,3603.0000,3600.0000,3607.0000,3607.2000,3612.2000,3613.0000,3618.0000,3,1,1,1,1,1,1,1,1,1
SF,IF2012,2020-04-22 09:33:39.300,3605.8000,1235,0,30306300.000,0,-,-,-,-,3604.6000,3604.4000,3603.6000,3603.0000,3600.0000,3606.8000,3607.0000,3612.2000,3613.0000,3618.0000,1,1,1,1,1,1,1,1,1,1
SF,IF2012,2020-04-22 09:33:39.800,3605.8000,1235,0,30306300.000,0,-,-,-,-,3604.6000,3604.4000,3603.6000,3603.0000,3600.0000,3606.8000,3612.2000,3613.0000,3618.0000,3618.4000,1,1,1,1,1,1,1,1,1,1
SF,IF2012,2020-04-22 09:33:40.800,3605.8000,1235,0,30306300.000,0,-,-,-,-,3604.6000,3603.6000,3603.0000,3600.0000,3582.0000,3606.8000,3612.2000,3613.0000,3618.0000,3618.4000,1,1,1,1,1,1,1,1,1,1
SF,IF2012,2020-04-22 09:33:41.300,3605.8000,1235,0,30306300.000,0,-,-,-,-,3604.8000,3604.6000,3603.6000,3603.0000,3600.0000,3606.6000,3606.8000,3612.2000,3613.0000,3618.0000,1,1,1,1,1,1,1,1,1,1
SF,IF2012,2020-04-22 09:33:41.800,3605.8000,1235,0,30306300.000,0,-,-,-,-,3605.0000,3604.8000,3603.6000,3603.0000,3600.0000,3606.8000,3612.2000,3613.0000,3618.0000,3618.4000,1,1,1,1,1,1,1,1,1,1
SF,IF2012,2020-04-22 09:33:42.300,3605.8000,1235,0,30306300.000,0,-,-,-,-,3605.0000,3604.8000,3603.6000,3603.0000,3600.0000,3612.2000,3613.0000,3618.0000,3618.4000,3626.2000,1,1,1,1,1,1,1,1,1,1
SF,IF2012,2020-04-22 09:33:42.800,3605.8000,1235,0,30306300.000,0,-,-,-,-,3605.0000,3604.8000,3603.6000,3603.0000,3600.0000,3608.4000,3612.0000,3612.2000,3613.0000,3618.0000,1,1,1,1,1,1,2,1,1,1
SF,IF2012,2020-04-22 09:33:43.300,3605.8000,1235,0,30306300.000,0,-,-,-,-,3605.0000,3604.8000,3603.6000,3603.0000,3600.0000,3608.0000,3608.2000,3608.4000,3612.2000,3613.0000,1,1,1,1,1,1,2,1,1,1
SF,IF2012,2020-04-22 09:33:43.800,3605.8000,1235,0,30306300.000,0,-,-,-,-,3605.0000,3603.6000,3603.0000,3600.0000,3582.0000,3607.8000,3608.4000,3612.2000,3613.0000,3618.0000,1,1,1,1,1,2,1,1,1,1
SF,IF2012,2020-04-22 09:33:44.300,3605.8000,1235,0,30306300.000,0,-,-,-,-,3605.2000,3605.0000,3603.6000,3603.0000,3600.0000,3607.8000,3608.4000,3612.2000,3613.0000,3618.0000,1,1,1,1,1,2,1,1,1,1
SF,IF2012,2020-04-22 09:33:44.800,3605.8000,1235,0,30306300.000,0,-,-,-,-,3605.4000,3605.2000,3603.6000,3603.0000,3600.0000,3607.8000,3608.4000,3612.2000,3613.0000,3618.0000,1,1,1,1,1,2,1,1,1,1
SF,IF2012,2020-04-22 09:33:45.300,3605.8000,1235,0,30306300.000,0,-,-,-,-,3605.4000,3605.2000,3603.6000,3603.0000,3600.0000,3607.8000,3612.2000,3613.0000,3618.0000,3618.4000,1,1,1,1,1,2,1,1,1,1
SF,IF2012,2020-04-22 09:33:49.300,3605.8000,1235,0,30306300.000,0,-,-,-,-,3605.6000,3605.4000,3603.6000,3603.0000,3600.0000,3607.8000,3610.0000,3612.2000,3613.0000,3618.0000,1,1,1,1,1,2,1,1,1,1
SF,IF2012,2020-04-22 09:33:49.800,3605.8000,1235,0,30306300.000,0,-,-,-,-,3605.8000,3605.6000,3603.6000,3603.0000,3600.0000,3607.8000,3610.0000,3612.2000,3613.0000,3618.0000,1,1,1,1,1,2,1,1,1,1
SF,IF2012,2020-04-22 09:33:50.300,3605.8000,1235,0,30306300.000,0,-,-,-,-,3605.8000,3605.6000,3603.6000,3603.0000,3600.0000,3607.6000,3607.8000,3610.0000,3612.2000,3613.0000,1,1,1,1,1,2,2,1,1,1
SF,IF2012,2020-04-22 09:33:50.800,3605.8000,1235,0,30306300.000,0,-,-,-,-,3605.8000,3605.6000,3603.6000,3603.0000,3600.0000,3607.4000,3607.6000,3607.8000,3610.0000,3612.2000,1,1,1,1,1,1,2,1,1,1
SF,IF2012,2020-04-22 09:33:51.300,3605.8000,1235,0,30306300.000,0,-,-,-,-,3606.0000,3605.8000,3605.6000,3603.6000,3603.0000,3607.4000,3607.6000,3607.8000,3610.0000,3612.2000,1,1,1,1,1,1,2,1,1,1
SF,IF2012,2020-04-22 09:33:51.800,3605.8000,1235,0,30306300.000,0,-,-,-,-,3606.2000,3606.0000,3605.6000,3603.6000,3603.0000,3607.4000,3610.0000,3612.2000,3613.0000,3618.0000,1,1,1,1,1,1,1,1,1,1
SF,IF2012,2020-04-22 09:33:52.300,3605.8000,1235,0,30306300.000,0,-,-,-,-,3606.2000,3606.0000,3605.6000,3603.6000,3603.0000,3610.0000,3612.2000,3613.0000,3618.0000,3618.4000,1,1,1,1,1,1,1,1,1,1
SF,IF2012,2020-04-22 09:33:52.800,3605.8000,1235,0,30306300.000,0,-,-,-,-,3606.2000,3605.6000,3603.6000,3603.0000,3600.0000,3608.6000,3609.8000,3610.0000,3612.2000,3613.0000,1,1,1,1,1,1,2,1,1,1
SF,IF2012,2020-04-22 09:33:53.300,3605.8000,1235,0,30306300.000,0,-,-,-,-,3606.4000,3606.2000,3605.6000,3603.6000,3603.0000,3608.4000,3608.6000,3610.0000,3612.2000,3613.0000,1,1,1,1,1,4,1,1,1,1
SF,IF2012,2020-04-22 09:33:53.800,3605.8000,1235,0,30306300.000,0,-,-,-,-,3606.6000,3606.4000,3605.6000,3603.6000,3603.0000,3608.2000,3608.4000,3608.6000,3610.0000,3612.2000,1,1,1,1,1,2,2,1,1,1
SF,IF2012,2020-04-22 09:33:54.300,3605.8000,1235,0,30306300.000,0,-,-,-,-,3606.4000,3605.6000,3603.6000,3603.0000,3600.0000,3608.0000,3608.6000,3610.0000,3612.2000,3613.0000,1,1,1,1,1,3,1,1,1,1
SF,IF2012,2020-04-22 09:33:54.800,3605.8000,1235,0,30306300.000,0,-,-,-,-,3606.4000,3605.6000,3603.6000,3603.0000,3600.0000,3608.0000,3608.6000,3610.0000,3612.2000,3613.0000,1,1,1,1,1,1,1,1,1,1
SF,IF2012,2020-04-22 09:33:55.300,3605.8000,1235,0,30306300.000,0,-,-,-,-,3606.4000,3605.6000,3603.6000,3603.0000,3600.0000,3607.8000,3608.0000,3608.6000,3610.0000,3612.2000,1,1,1,1,1,2,1,1,1,1
SF,IF2012,2020-04-22 09:33:57.800,3605.8000,1235,0,30306300.000,0,-,-,-,-,3605.6000,3603.6000,3603.0000,3600.0000,3582.0000,3607.8000,3608.0000,3608.6000,3610.0000,3612.2000,1,1,1,1,1,2,1,1,1,1
SF,IF2012,2020-04-22 09:33:58.300,3605.8000,1235,0,30306300.000,0,-,-,-,-,3605.8000,3605.6000,3603.6000,3603.0000,3600.0000,3607.6000,3610.0000,3612.2000,3613.0000,3618.0000,1,1,1,1,1,1,1,1,1,1
SF,IF2012,2020-04-22 09:33:58.800,3605.8000,1235,0,30306300.000,0,-,-,-,-,3605.8000,3605.6000,3603.6000,3603.0000,3600.0000,3610.0000,3612.2000,3613.0000,3618.0000,3618.4000,1,1,1,1,1,1,1,1,1,1
SF,IF2012,2020-04-22 09:33:59.300,3605.8000,1235,0,30306300.000,0,-,-,-,-,3605.8000,3605.6000,3603.6000,3603.0000,3600.0000,3609.2000,3609.8000,3610.0000,3612.2000,3613.0000,1,1,1,1,1,1,2,1,1,1
SF,IF2012,2020-04-22 09:33:59.800,3605.8000,1235,0,30306300.000,0,-,-,-,-,3605.8000,3605.6000,3603.6000,3603.0000,3600.0000,3608.8000,3609.0000,3609.2000,3610.0000,3612.2000,1,1,1,1,1,1,2,1,1,1
SF,IF2012,2020-04-22 09:34:00.300,3605.8000,1235,0,30306300.000,0,-,-,-,-,3606.0000,3605.8000,3605.6000,3603.6000,3603.0000,3608.6000,3608.8000,3609.2000,3610.0000,3612.2000,1,1,1,1,1,2,1,1,1,1
SF,IF2012,2020-04-22 09:34:00.800,3605.8000,1235,0,30306300.000,0,-,-,-,-,3606.2000,3606.0000,3605.6000,3603.6000,3603.0000,3608.6000,3609.2000,3610.0000,3612.2000,3613.0000,1,1,1,1,1,2,1,1,1,1
SF,IF2012,2020-04-22 09:34:01.800,3605.8000,1235,0,30306300.000,0,-,-,-,-,3606.2000,3606.0000,3605.6000,3603.6000,3603.0000,3608.4000,3608.6000,3609.2000,3610.0000,3612.2000,1,1,1,1,1,2,2,1,1,1
SF,IF2012,2020-04-22 09:34:02.300,3605.8000,1235,0,30306300.000,0,-,-,-,-,3606.4000,3606.2000,3605.6000,3603.6000,3603.0000,3608.2000,3608.4000,3608.6000,3610.0000,3612.2000,1,1,1,1,1,1,2,1,1,1
SF,IF2012,2020-04-22 09:34:02.800,3605.8000,1235,0,30306300.000,0,-,-,-,-,3606.6000,3606.4000,3605.6000,3603.6000,3603.0000,3608.2000,3608.4000,3608.6000,3610.0000,3612.2000,1,1,1,1,1,1,2,1,1,1
SF,IF2012,2020-04-22 09:34:03.300,3605.8000,1235,0,30306300.000,0,-,-,-,-,3606.4000,3605.6000,3603.6000,3603.0000,3600.0000,3608.0000,3608.2000,3608.6000,3610.0000,3612.2000,1,1,1,1,1,2,1,1,1,1
SF,IF2012,2020-04-22 09:34:03.800,3605.8000,1235,0,30306300.000,0,-,-,-,-,3605.8000,3605.6000,3603.6000,3603.0000,3600.0000,3607.8000,3608.6000,3610.0000,3612.2000,3613.0000,1,1,1,1,1,1,1,1,1,1
SF,IF2012,2020-04-22 09:34:04.300,3607.8000,1235,0,31388640.000,1,0,1,多换,S,3606.0000,3605.8000,3605.6000,3603.6000,3603.0000,3607.8000,3608.6000,3610.0000,3612.2000,3613.0000,1,1,1,1,1,1,1,1,1,1
SF,IF2012,2020-04-22 09:34:04.800,3607.8000,1235,0,31388640.000,0,-,-,-,-,3606.0000,3605.8000,3605.6000,3603.6000,3603.0000,3608.6000,3610.0000,3612.2000,3613.0000,3618.0000,2,1,1,1,1,1,1,1,1,1
SF,IF2012,2020-04-22 09:34:05.300,3607.8000,1235,0,31388640.000,0,-,-,-,-,3606.4000,3606.0000,3605.8000,3605.6000,3603.6000,3608.6000,3610.0000,3612.2000,3613.0000,3618.0000,1,1,1,1,1,1,1,1,1,1
SF,IF2012,2020-04-22 09:34:05.800,3607.8000,1235,0,31388640.000,0,-,-,-,-,3606.6000,3606.4000,3605.8000,3605.6000,3603.6000,3608.6000,3610.0000,3612.2000,3613.0000,3618.0000,1,1,1,1,1,1,1,1,1,1
SF,IF2012,2020-04-22 09:34:06.300,3607.8000,1235,0,31388640.000,0,-,-,-,-,3606.8000,3606.6000,3605.8000,3605.6000,3603.6000,3608.6000,3610.0000,3612.2000,3613.0000,3618.0000,1,1,1,1,1,1,1,1,1,1
SF,IF2012,2020-04-22 09:34:06.800,3607.8000,1235,0,31388640.000,0,-,-,-,-,3607.0000,3606.8000,3605.8000,3605.6000,3603.6000,3608.4000,3610.0000,3612.2000,3613.0000,3618.0000,1,1,1,1,1,1,1,1,1,1
SF,IF2012,2020-04-22 09:34:07.300,3607.8000,1235,0,31388640.000,0,-,-,-,-,3607.0000,3606.8000,3605.6000,3603.6000,3603.0000,3610.0000,3612.2000,3613.0000,3618.0000,3618.4000,1,1,1,1,1,1,1,1,1,1
SF,IF2012,2020-04-22 09:34:07.800,3607.8000,1235,0,31388640.000,0,-,-,-,-,3607.0000,3605.6000,3603.6000,3603.0000,3600.0000,3609.8000,3610.0000,3612.2000,3613.0000,3618.0000,1,1,1,1,1,2,2,1,1,1
SF,IF2012,2020-04-22 09:34:08.800,3607.8000,1235,0,31388640.000,0,-,-,-,-,3607.0000,3605.6000,3603.6000,3603.0000,3600.0000,3609.6000,3609.8000,3610.0000,3612.2000,3613.0000,1,1,1,1,1,1,2,2,1,1
SF,IF2012,2020-04-22 09:34:09.300,3607.8000,1235,0,31388640.000,0,-,-,-,-,3607.2000,3607.0000,3605.6000,3603.6000,3603.0000,3609.4000,3610.0000,3612.2000,3613.0000,3618.0000,1,1,1,1,1,2,2,1,1,1
SF,IF2012,2020-04-22 09:34:09.800,3607.8000,1235,0,31388640.000,0,-,-,-,-,3607.4000,3607.2000,3605.6000,3603.6000,3603.0000,3609.4000,3610.0000,3612.2000,3613.0000,3618.0000,1,1,1,1,1,2,2,1,1,1
SF,IF2012,2020-04-22 09:34:10.300,3607.8000,1235,0,31388640.000,0,-,-,-,-,3607.6000,3607.4000,3605.6000,3603.6000,3603.0000,3609.4000,3610.0000,3612.2000,3613.0000,3618.0000,1,1,1,1,1,2,2,1,1,1
SF,IF2012,2020-04-22 09:34:10.800,3607.8000,1235,0,31388640.000,0,-,-,-,-,3607.8000,3607.6000,3605.6000,3603.6000,3603.0000,3610.0000,3612.2000,3613.0000,3618.0000,3618.4000,1,1,1,1,1,1,1,1,1,1
SF,IF2012,2020-04-22 09:34:11.300,3607.8000,1235,0,31388640.000,0,-,-,-,-,3607.8000,3605.6000,3603.6000,3603.0000,3600.0000,3609.8000,3610.0000,3612.2000,3613.0000,3618.0000,1,1,1,1,1,1,1,1,1,1
SF,IF2012,2020-04-22 09:34:11.800,3607.8000,1235,0,31388640.000,0,-,-,-,-,3608.0000,3607.8000,3605.6000,3603.6000,3603.0000,3609.8000,3610.0000,3612.2000,3613.0000,3618.0000,1,1,1,1,1,1,1,1,1,1
SF,IF2012,2020-04-22 09:34:12.300,3607.8000,1235,0,31388640.000,0,-,-,-,-,3608.2000,3608.0000,3605.6000,3603.6000,3603.0000,3609.8000,3610.0000,3612.2000,3613.0000,3618.0000,1,1,1,1,1,1,1,1,1,1
SF,IF2012,2020-04-22 09:34:12.800,3607.8000,1235,0,31388640.000,0,-,-,-,-,3605.6000,3603.6000,3603.0000,3600.0000,3582.0000,3609.6000,3609.8000,3610.0000,3612.2000,3613.0000,1,1,1,1,1,1,1,1,1,1
SF,IF2012,2020-04-22 09:34:13.300,3607.8000,1235,0,31388640.000,0,-,-,-,-,3608.4000,3606.0000,3605.8000,3605.6000,3603.0000,3609.4000,3610.0000,3612.2000,3613.0000,3618.0000,1,2,1,1,1,2,1,1,1,1
SF,IF2012,2020-04-22 09:34:13.800,3607.8000,1235,0,31388640.000,0,-,-,-,-,3608.4000,3606.2000,3606.0000,3605.8000,3605.6000,3609.4000,3610.0000,3612.2000,3613.0000,3618.0000,1,1,2,1,1,1,1,1,1,1
SF,IF2012,2020-04-22 09:34:19.800,3607.8000,1235,0,31388640.000,0,-,-,-,-,3606.2000,3606.0000,3605.8000,3605.6000,3603.0000,3609.4000,3610.0000,3612.2000,3613.0000,3618.0000,1,2,1,1,1,1,1,1,1,1
SF,IF2012,2020-04-22 09:34:20.300,3607.8000,1235,0,31388640.000,0,-,-,-,-,3606.6000,3606.4000,3606.2000,3605.6000,3603.0000,3609.2000,3610.0000,3612.2000,3613.0000,3618.0000,3,1,1,1,1,1,1,1,1,1
SF,IF2012,2020-04-22 09:34:20.800,3607.8000,1235,0,31388640.000,0,-,-,-,-,3607.0000,3606.8000,3606.6000,3606.2000,3605.6000,3609.2000,3610.0000,3612.2000,3613.0000,3618.0000,1,1,2,1,1,1,1,1,1,1
SF,IF2012,2020-04-22 09:34:21.300,3607.8000,1235,0,31388640.000,0,-,-,-,-,3607.2000,3607.0000,3606.2000,3605.6000,3603.0000,3609.2000,3610.0000,3612.2000,3613.0000,3618.0000,3,1,1,1,1,1,1,1,1,1
SF,IF2012,2020-04-22 09:34:21.800,3607.8000,1235,0,31388640.000,0,-,-,-,-,3607.4000,3607.2000,3606.2000,3605.6000,3603.0000,3609.0000,3609.2000,3610.0000,3612.2000,3613.0000,1,1,1,1,1,1,1,1,1,1
SF,IF2012,2020-04-22 09:34:22.300,3607.8000,1235,0,31388640.000,0,-,-,-,-,3607.6000,3606.2000,3605.6000,3603.0000,3600.0000,3609.0000,3610.0000,3612.2000,3613.0000,3618.0000,2,1,1,1,1,1,1,1,1,1
SF,IF2012,2020-04-22 09:34:22.800,3607.8000,1235,0,31388640.000,0,-,-,-,-,3607.8000,3605.6000,3603.0000,3600.0000,3582.0000,3608.8000,3609.0000,3610.0000,3612.2000,3613.0000,1,1,1,1,1,1,1,1,1,1
SF,IF2012,2020-04-22 09:34:23.300,3607.8000,1235,0,31388640.000,0,-,-,-,-,3605.6000,3603.0000,3600.0000,3582.0000,3580.0000,3608.6000,3608.8000,3610.0000,3612.2000,3613.0000,1,1,1,1,1,1,1,1,1,1
SF,IF2012,2020-04-22 09:34:23.800,3607.8000,1235,0,31388640.000,0,-,-,-,-,3606.0000,3605.8000,3605.6000,3603.0000,3600.0000,3608.4000,3610.0000,3612.2000,3613.0000,3618.0000,3,1,2,1,1,1,1,1,1,1
SF,IF2012,2020-04-22 09:34:24.300,3607.8000,1235,0,31388640.000,0,-,-,-,-,3606.2000,3606.0000,3605.6000,3603.0000,3600.0000,3608.4000,3610.0000,3612.2000,3613.0000,3618.0000,2,2,2,1,1,2,1,1,1,1
SF,IF2012,2020-04-22 09:34:24.800,3607.8000,1235,0,31388640.000,0,-,-,-,-,3606.6000,3606.4000,3606.2000,3605.6000,3603.0000,3608.4000,3610.0000,3612.2000,3613.0000,3618.0000,1,2,1,2,1,2,1,1,1,1
SF,IF2012,2020-04-22 09:34:25.300,3607.8000,1235,0,31388640.000,0,-,-,-,-,3606.8000,3606.6000,3606.4000,3605.6000,3603.0000,3608.4000,3610.0000,3612.2000,3613.0000,3618.0000,1,1,2,2,1,1,1,1,1,1
SF,IF2012,2020-04-22 09:34:25.800,3607.8000,1235,0,31388640.000,0,-,-,-,-,3607.0000,3606.8000,3606.4000,3605.6000,3603.0000,3608.4000,3610.0000,3612.2000,3613.0000,3618.0000,1,1,2,2,1,1,1,1,1,1
SF,IF2012,2020-04-22 09:34:26.300,3607.8000,1235,0,31388640.000,0,-,-,-,-,3607.2000,3607.0000,3606.4000,3605.6000,3603.0000,3608.4000,3610.0000,3612.2000,3613.0000,3618.0000,1,1,2,2,1,1,1,1,1,1
SF,IF2012,2020-04-22 09:34:26.800,3607.8000,1235,0,31388640.000,0,-,-,-,-,3607.2000,3606.4000,3605.6000,3603.0000,3600.0000,3610.0000,3612.2000,3613.0000,3618.0000,3618.4000,1,2,2,1,1,1,1,1,1,1
SF,IF2012,2020-04-22 09:34:27.300,3607.8000,1235,0,31388640.000,0,-,-,-,-,3607.2000,3606.4000,3605.6000,3603.0000,3600.0000,3609.8000,3610.0000,3612.2000,3613.0000,3618.0000,1,2,2,1,1,3,1,1,1,1
SF,IF2012,2020-04-22 09:34:27.800,3607.8000,1235,0,31388640.000,0,-,-,-,-,3607.2000,3605.6000,3603.0000,3600.0000,3582.0000,3608.8000,3609.4000,3609.6000,3609.8000,3610.0000,1,1,1,1,1,1,1,1,2,1
SF,IF2012,2020-04-22 09:34:28.300,3607.8000,1235,0,31388640.000,0,-,-,-,-,3607.4000,3605.6000,3603.0000,3600.0000,3582.0000,3608.6000,3608.8000,3609.6000,3609.8000,3610.0000,1,1,1,1,1,1,1,1,1,1
SF,IF2012,2020-04-22 09:34:28.800,3607.8000,1235,0,31388640.000,0,-,-,-,-,3605.6000,3603.0000,3600.0000,3582.0000,3580.0000,3608.6000,3608.8000,3609.6000,3609.8000,3610.0000,1,1,1,1,1,2,1,1,1,1
SF,IF2012,2020-04-22 09:34:29.300,3607.8000,1235,0,31388640.000,0,-,-,-,-,3606.0000,3605.8000,3605.6000,3603.0000,3600.0000,3608.4000,3608.6000,3608.8000,3610.0000,3612.2000,2,1,1,1,1,1,1,1,1,1
SF,IF2012,2020-04-22 09:34:29.800,3607.8000,1235,0,31388640.000,0,-,-,-,-,3606.2000,3606.0000,3605.6000,3603.0000,3600.0000,3608.4000,3608.6000,3610.0000,3612.2000,3613.0000,1,3,1,1,1,2,1,1,1,1
SF,IF2012,2020-04-22 09:34:30.300,3607.8000,1235,0,31388640.000,0,-,-,-,-,3606.6000,3606.4000,3606.2000,3605.6000,3603.0000,3608.4000,3612.2000,3613.0000,3618.0000,3618.4000,1,2,1,1,1,2,1,1,1,1
SF,IF2012,2020-04-22 09:34:30.800,3607.8000,1235,0,31388640.000,0,-,-,-,-,3606.8000,3606.4000,3605.6000,3603.0000,3600.0000,3612.2000,3613.0000,3618.0000,3618.4000,3626.2000,2,2,1,1,1,1,1,1,1,1
SF,IF2012,2020-04-22 09:34:31.300,3607.8000,1235,0,31388640.000,0,-,-,-,-,3606.8000,3606.4000,3605.6000,3603.0000,3600.0000,3610.0000,3612.0000,3613.0000,3618.0000,3618.4000,1,2,1,1,1,1,2,1,1,1
SF,IF2012,2020-04-22 09:34:31.800,3607.8000,1235,0,31388640.000,0,-,-,-,-,3606.8000,3606.4000,3605.6000,3603.0000,3600.0000,3609.6000,3609.8000,3610.0000,3612.0000,3613.0000,1,2,1,1,1,1,2,1,1,1
SF,IF2012,2020-04-22 09:34:32.300,3607.8000,1235,0,31388640.000,0,-,-,-,-,3606.8000,3605.6000,3603.0000,3600.0000,3582.0000,3609.4000,3610.0000,3612.0000,3613.0000,3618.0000,1,1,1,1,1,3,1,1,1,1
SF,IF2012,2020-04-22 09:34:33.800,3607.8000,1235,0,31388640.000,0,-,-,-,-,3607.0000,3606.8000,3603.0000,3600.0000,3582.0000,3609.4000,3610.0000,3612.0000,3613.0000,3618.0000,1,1,1,1,1,3,1,1,1,1
SF,IF2012,2020-04-22 09:34:34.300,3607.8000,1235,0,31388640.000,0,-,-,-,-,3607.2000,3607.0000,3603.0000,3600.0000,3582.0000,3609.4000,3610.0000,3612.0000,3613.0000,3618.0000,2,1,1,1,1,2,1,1,1,1
SF,IF2012,2020-04-22 09:34:34.800,3607.8000,1235,0,31388640.000,0,-,-,-,-,3607.2000,3607.0000,3603.0000,3600.0000,3582.0000,3609.4000,3610.0000,3612.0000,3613.0000,3618.0000,3,1,1,1,1,2,1,1,1,1
SF,IF2012,2020-04-22 09:34:35.800,3607.8000,1235,0,31388640.000,0,-,-,-,-,3607.6000,3607.4000,3607.2000,3607.0000,3603.0000,3609.4000,3612.0000,3613.0000,3618.0000,3618.4000,1,1,1,1,1,2,1,1,1,1
SF,IF2012,2020-04-22 09:34:36.300,3607.8000,1235,0,31388640.000,0,-,-,-,-,3607.8000,3607.6000,3607.4000,3607.0000,3603.0000,3609.4000,3612.0000,3613.0000,3618.0000,3618.4000,1,1,1,1,1,1,1,1,1,1
SF,IF2012,2020-04-22 09:34:36.800,3607.8000,1235,0,31388640.000,0,-,-,-,-,3608.0000,3607.8000,3607.4000,3607.0000,3603.0000,3609.4000,3612.0000,3613.0000,3618.0000,3618.4000,1,1,1,1,1,1,1,1,1,1
SF,IF2012,2020-04-22 09:34:37.300,3607.8000,1235,0,31388640.000,0,-,-,-,-,3608.2000,3608.0000,3607.4000,3607.0000,3603.0000,3612.0000,3613.0000,3618.0000,3618.4000,3626.2000,1,1,1,1,1,1,1,1,1,1
SF,IF2012,2020-04-22 09:34:37.800,3607.8000,1235,0,31388640.000,0,-,-,-,-,3608.2000,3607.4000,3607.0000,3603.0000,3600.0000,3610.6000,3611.8000,3613.0000,3618.0000,3618.4000,1,1,1,1,1,1,2,1,1,1
SF,IF2012,2020-04-22 09:34:38.300,3607.8000,1235,0,31388640.000,0,-,-,-,-,3608.2000,3607.4000,3607.0000,3603.0000,3600.0000,3610.4000,3610.6000,3613.0000,3618.0000,3618.4000,1,1,1,1,1,3,1,1,1,1
SF,IF2012,2020-04-22 09:34:38.800,3607.8000,1235,0,31388640.000,0,-,-,-,-,3608.2000,3607.0000,3603.0000,3600.0000,3582.0000,3610.4000,3610.6000,3613.0000,3618.0000,3618.4000,1,1,1,1,1,3,1,1,1,1
SF,IF2012,2020-04-22 09:34:41.300,3607.8000,1235,0,31388640.000,0,-,-,-,-,3608.2000,3607.0000,3603.0000,3600.0000,3582.0000,3610.4000,3610.6000,3613.0000,3618.0000,3618.4000,1,1,1,1,1,2,1,1,1,1
SF,IF2012,2020-04-22 09:34:42.300,3607.8000,1235,0,31388640.000,0,-,-,-,-,3608.2000,3607.0000,3603.0000,3600.0000,3582.0000,3610.4000,3613.0000,3618.0000,3618.4000,3626.2000,1,1,1,1,1,2,1,1,1,1
SF,IF2012,2020-04-22 09:34:42.800,3607.8000,1235,0,31388640.000,0,-,-,-,-,3608.2000,3607.0000,3603.0000,3600.0000,3582.0000,3610.4000,3613.0000,3618.0000,3618.4000,3626.2000,1,1,1,1,1,1,1,1,1,1
SF,IF2012,2020-04-22 09:34:43.300,3607.8000,1235,0,31388640.000,0,-,-,-,-,3608.6000,3608.2000,3607.0000,3603.0000,3600.0000,3610.4000,3613.0000,3618.0000,3618.4000,3626.2000,1,1,1,1,1,1,1,1,1,1
SF,IF2012,2020-04-22 09:34:43.800,3607.8000,1235,0,31388640.000,0,-,-,-,-,3608.8000,3608.6000,3607.0000,3603.0000,3600.0000,3613.0000,3618.0000,3618.4000,3626.2000,3629.0000,1,1,1,1,1,1,1,1,1,1
SF,IF2012,2020-04-22 09:34:44.300,3607.8000,1235,0,31388640.000,0,-,-,-,-,3608.8000,3607.0000,3603.0000,3600.0000,3582.0000,3611.4000,3612.8000,3613.0000,3618.0000,3618.4000,1,1,1,1,1,1,2,1,1,1
SF,IF2012,2020-04-22 09:34:44.800,3607.8000,1235,0,31388640.000,0,-,-,-,-,3608.8000,3607.0000,3603.0000,3600.0000,3582.0000,3611.2000,3611.4000,3613.0000,3618.0000,3618.4000,1,1,1,1,1,2,1,1,1,1
SF,IF2012,2020-04-22 09:34:45.300,3607.8000,1235,0,31388640.000,0,-,-,-,-,3607.0000,3603.0000,3600.0000,3582.0000,3580.0000,3611.0000,3611.2000,3611.4000,3613.0000,3618.0000,1,1,1,1,1,1,2,1,1,1
SF,IF2012,2020-04-22 09:34:45.800,3607.8000,1235,0,31388640.000,0,-,-,-,-,3609.0000,3607.4000,3607.2000,3607.0000,3603.0000,3610.8000,3613.0000,3618.0000,3618.4000,3626.2000,1,3,1,1,1,2,1,1,1,1
SF,IF2012,2020-04-22 09:34:46.300,3607.8000,1235,0,31388640.000,0,-,-,-,-,3609.2000,3607.4000,3607.0000,3603.0000,3600.0000,3610.8000,3613.0000,3618.0000,3618.4000,3626.2000,1,3,1,1,1,1,1,1,1,1
SF,IF2012,2020-04-22 09:34:46.800,3607.8000,1235,0,31388640.000,0,-,-,-,-,3609.2000,3607.4000,3607.0000,3603.0000,3600.0000,3610.6000,3613.0000,3618.0000,3618.4000,3626.2000,1,3,1,1,1,1,1,1,1,1
SF,IF2012,2020-04-22 09:34:48.300,3607.8000,1235,0,31388640.000,0,-,-,-,-,3609.2000,3607.4000,3607.0000,3603.0000,3600.0000,3613.0000,3618.0000,3618.4000,3626.2000,3629.0000,1,3,1,1,1,1,1,1,1,1
SF,IF2012,2020-04-22 09:34:48.800,3607.8000,1235,0,31388640.000,0,-,-,-,-,3609.2000,3607.4000,3607.0000,3603.0000,3600.0000,3612.4000,3612.8000,3613.0000,3618.0000,3618.4000,1,3,1,1,1,1,2,1,1,1
SF,IF2012,2020-04-22 09:34:49.300,3607.8000,1235,0,31388640.000,0,-,-,-,-,3609.2000,3607.4000,3607.0000,3603.0000,3600.0000,3612.0000,3612.2000,3612.4000,3613.0000,3618.0000,1,3,1,1,1,1,2,1,1,1
SF,IF2012,2020-04-22 09:34:49.800,3607.8000,1235,0,31388640.000,0,-,-,-,-,3609.2000,3607.4000,3607.0000,3603.0000,3600.0000,3611.8000,3612.4000,3613.0000,3618.0000,3618.4000,1,3,1,1,1,3,1,1,1,1
SF,IF2012,2020-04-22 09:34:50.800,3607.8000,1235,0,31388640.000,0,-,-,-,-,3609.2000,3607.4000,3607.0000,3603.0000,3600.0000,3611.8000,3612.4000,3613.0000,3618.0000,3618.4000,1,3,1,1,1,2,1,1,1,1
SF,IF2012,2020-04-22 09:34:53.300,3607.8000,1235,0,31388640.000,0,-,-,-,-,3609.6000,3609.2000,3607.4000,3607.0000,3603.0000,3611.8000,3612.4000,3613.0000,3618.0000,3618.4000,1,1,3,1,1,2,1,1,1,1
SF,IF2012,2020-04-22 09:34:53.800,3607.8000,1235,0,31388640.000,0,-,-,-,-,3609.8000,3609.6000,3607.4000,3607.0000,3603.0000,3611.8000,3613.0000,3618.0000,3618.4000,3626.2000,1,1,3,1,1,1,1,1,1,1
SF,IF2012,2020-04-22 09:34:54.300,3607.8000,1235,0,31388640.000,0,-,-,-,-,3610.0000,3609.8000,3607.4000,3607.0000,3603.0000,3611.8000,3613.0000,3618.0000,3618.4000,3626.2000,1,1,3,1,1,1,1,1,1,1
SF,IF2012,2020-04-22 09:34:54.800,3607.8000,1235,0,31388640.000,0,-,-,-,-,3610.2000,3610.0000,3607.4000,3607.0000,3603.0000,3613.0000,3618.0000,3618.4000,3626.2000,3629.0000,1,1,3,1,1,1,1,1,1,1
SF,IF2012,2020-04-22 09:34:55.300,3607.8000,1235,0,31388640.000,0,-,-,-,-,3610.2000,3607.4000,3607.0000,3603.0000,3600.0000,3612.8000,3613.0000,3618.0000,3618.4000,3626.2000,1,3,1,1,1,4,1,1,1,1
SF,IF2012,2020-04-22 09:34:56.300,3607.8000,1235,0,31388640.000,0,-,-,-,-,3607.4000,3607.0000,3603.0000,3600.0000,3580.0000,3612.8000,3613.0000,3618.0000,3618.4000,3626.2000,3,1,1,1,1,4,1,1,1,1
SF,IF2012,2020-04-22 09:34:56.800,3607.8000,1235,0,31388640.000,0,-,-,-,-,3607.6000,3607.4000,3607.0000,3603.0000,3600.0000,3612.8000,3613.0000,3618.0000,3618.4000,3626.2000,1,3,1,1,1,3,1,1,1,1
SF,IF2012,2020-04-22 09:34:57.300,3607.8000,1235,0,31388640.000,0,-,-,-,-,3608.0000,3607.6000,3607.0000,3603.0000,3600.0000,3612.8000,3613.0000,3618.0000,3618.4000,3626.2000,2,1,1,1,1,3,1,1,1,1
SF,IF2012,2020-04-22 09:34:57.800,3607.8000,1235,0,31388640.000,0,-,-,-,-,3608.2000,3608.0000,3607.0000,3603.0000,3600.0000,3612.8000,3613.0000,3618.0000,3618.4000,3626.2000,2,2,1,1,1,3,1,1,1,1
SF,IF2012,2020-04-22 09:34:58.300,3607.8000,1235,0,31388640.000,0,-,-,-,-,3608.6000,3608.4000,3608.2000,3607.0000,3603.0000,3612.8000,3613.0000,3618.0000,3618.4000,3626.2000,2,1,2,1,1,3,1,1,1,1
SF,IF2012,2020-04-22 09:34:58.800,3607.8000,1235,0,31388640.000,0,-,-,-,-,3608.8000,3608.6000,3608.4000,3608.2000,3607.0000,3612.8000,3613.0000,3618.0000,3618.4000,3626.2000,1,2,1,1,1,3,1,1,1,1
SF,IF2012,2020-04-22 09:34:59.300,3607.8000,1235,0,31388640.000,0,-,-,-,-,3608.8000,3608.6000,3608.4000,3608.0000,3607.0000,3612.8000,3613.0000,3618.0000,3618.4000,3626.2000,1,2,1,1,1,3,1,1,1,1
SF,IF2012,2020-04-22 09:34:59.800,3607.8000,1235,0,31388640.000,0,-,-,-,-,3608.8000,3608.6000,3607.0000,3603.0000,3600.0000,3612.8000,3613.0000,3618.0000,3618.4000,3626.2000,1,2,1,1,1,3,1,1,1,1
SF,IF2012,2020-04-22 09:35:00.300,3607.8000,1235,0,31388640.000,0,-,-,-,-,3609.0000,3608.8000,3607.0000,3603.0000,3600.0000,3612.8000,3613.0000,3618.0000,3618.4000,3626.2000,2,1,1,1,1,3,1,1,1,1
SF,IF2012,2020-04-22 09:35:00.800,3607.8000,1235,0,31388640.000,0,-,-,-,-,3609.2000,3609.0000,3607.0000,3603.0000,3600.0000,3612.8000,3613.0000,3618.0000,3618.4000,3626.2000,1,2,1,1,1,3,1,1,1,1
SF,IF2012,2020-04-22 09:35:03.800,3607.8000,1235,0,31388640.000,0,-,-,-,-,3609.2000,3607.0000,3603.0000,3600.0000,3580.0000,3612.8000,3613.0000,3618.0000,3618.4000,3626.2000,1,1,1,1,1,3,1,1,1,1
SF,IF2012,2020-04-22 09:35:04.800,3609.2000,1235,0,32471400.000,1,0,1,多换,S,3607.0000,3603.0000,3600.0000,3580.0000,3576.4000,3612.6000,3612.8000,3613.0000,3618.0000,3618.4000,1,1,1,1,1,1,3,1,1,1
SF,IF2012,2020-04-22 09:35:05.300,3609.2000,1235,0,32471400.000,0,-,-,-,-,3607.0000,3603.0000,3600.0000,3580.0000,3576.4000,3612.4000,3612.6000,3613.0000,3618.0000,3618.4000,1,1,1,1,1,2,1,1,1,1
SF,IF2012,2020-04-22 09:35:05.800,3609.2000,1235,0,32471400.000,0,-,-,-,-,3607.0000,3603.0000,3600.0000,3580.0000,3576.4000,3610.4000,3612.2000,3612.4000,3613.0000,3618.0000,1,1,1,1,1,1,1,2,1,1
SF,IF2012,2020-04-22 09:35:06.300,3609.2000,1235,0,32471400.000,0,-,-,-,-,3607.0000,3603.0000,3600.0000,3580.0000,3576.4000,3610.2000,3610.4000,3612.2000,3613.0000,3618.0000,1,1,1,1,1,2,1,1,1,1
SF,IF2012,2020-04-22 09:35:06.800,3609.2000,1235,0,32471400.000,0,-,-,-,-,3607.0000,3603.0000,3600.0000,3580.0000,3576.4000,3610.2000,3612.2000,3613.0000,3618.0000,3618.4000,1,1,1,1,1,2,1,1,1,1
SF,IF2012,2020-04-22 09:35:07.300,3609.2000,1235,0,32471400.000,0,-,-,-,-,3607.0000,3603.0000,3600.0000,3580.0000,3576.4000,3609.8000,3610.2000,3612.2000,3613.0000,3618.0000,1,1,1,1,1,1,3,1,1,1
SF,IF2012,2020-04-22 09:35:07.800,3609.2000,1235,0,32471400.000,0,-,-,-,-,3608.0000,3607.0000,3603.0000,3600.0000,3580.0000,3609.6000,3612.2000,3613.0000,3618.0000,3618.4000,2,1,1,1,1,3,1,1,1,1
SF,IF2012,2020-04-22 09:35:08.300,3609.2000,1235,0,32471400.000,0,-,-,-,-,3608.0000,3607.0000,3603.0000,3600.0000,3580.0000,3609.4000,3609.6000,3612.2000,3613.0000,3618.0000,2,1,1,1,1,2,1,1,1,1
SF,IF2012,2020-04-22 09:35:08.800,3609.2000,1235,0,32471400.000,0,-,-,-,-,3608.0000,3607.0000,3603.0000,3600.0000,3580.0000,3609.2000,3609.4000,3612.2000,3613.0000,3618.0000,2,1,1,1,1,1,2,1,1,1
SF,IF2012,2020-04-22 09:35:09.300,3609.2000,1235,0,32471400.000,0,-,-,-,-,3608.0000,3607.0000,3603.0000,3600.0000,3580.0000,3609.2000,3609.4000,3612.2000,3613.0000,3618.0000,2,1,1,1,1,1,1,1,1,1
SF,IF2012,2020-04-22 09:35:09.800,3609.2000,1235,0,32471400.000,0,-,-,-,-,3608.0000,3607.0000,3603.0000,3600.0000,3580.0000,3609.2000,3612.2000,3613.0000,3618.0000,3618.4000,2,1,1,1,1,1,1,1,1,1
SF,IF2012,2020-04-22 09:35:12.300,3609.2000,1235,0,32471400.000,0,-,-,-,-,3608.0000,3607.0000,3603.0000,3600.0000,3580.0000,3609.2000,3612.2000,3613.0000,3618.0000,3618.4000,3,1,1,1,1,1,1,1,1,1
SF,IF2012,2020-04-22 09:35:12.800,3609.2000,1235,0,32471400.000,0,-,-,-,-,3608.2000,3608.0000,3607.0000,3603.0000,3600.0000,3612.2000,3613.0000,3618.0000,3618.4000,3626.2000,1,3,1,1,1,1,1,1,1,1
SF,IF2012,2020-04-22 09:35:13.300,3609.2000,1235,0,32471400.000,0,-,-,-,-,3608.2000,3608.0000,3607.0000,3603.0000,3600.0000,3611.0000,3612.0000,3613.0000,3618.0000,3618.4000,1,3,1,1,1,1,2,1,1,1
SF,IF2012,2020-04-22 09:35:13.800,3609.2000,1235,0,32471400.000,0,-,-,-,-,3608.0000,3607.0000,3603.0000,3600.0000,3580.0000,3610.8000,3611.0000,3613.0000,3618.0000,3618.4000,3,1,1,1,1,3,1,1,1,1
SF,IF2012,2020-04-22 09:35:14.300,3609.2000,1235,0,32471400.000,0,-,-,-,-,3608.0000,3607.0000,3603.0000,3600.0000,3580.0000,3610.6000,3610.8000,3613.0000,3618.0000,3618.4000,3,1,1,1,1,1,2,1,1,1
SF,IF2012,2020-04-22 09:35:14.800,3609.2000,1235,0,32471400.000,0,-,-,-,-,3608.0000,3607.0000,3603.0000,3600.0000,3580.0000,3610.4000,3610.6000,3610.8000,3613.0000,3618.0000,3,1,1,1,1,2,1,1,1,1
SF,IF2012,2020-04-22 09:35:15.300,3609.2000,1235,0,32471400.000,0,-,-,-,-,3608.2000,3608.0000,3607.0000,3603.0000,3600.0000,3610.4000,3610.8000,3613.0000,3618.0000,3618.4000,1,3,1,1,1,2,1,1,1,1
SF,IF2012,2020-04-22 09:35:16.300,3609.2000,1235,0,32471400.000,0,-,-,-,-,3608.0000,3607.0000,3603.0000,3600.0000,3580.0000,3610.4000,3610.8000,3613.0000,3618.0000,3618.4000,3,1,1,1,1,2,1,1,1,1
SF,IF2012,2020-04-22 09:35:17.300,3609.2000,1235,0,32471400.000,0,-,-,-,-,3608.0000,3607.0000,3603.0000,3600.0000,3580.0000,3610.2000,3610.4000,3610.8000,3613.0000,3618.0000,3,1,1,1,1,1,2,1,1,1
SF,IF2012,2020-04-22 09:35:17.800,3609.2000,1235,0,32471400.000,0,-,-,-,-,3608.0000,3607.0000,3603.0000,3600.0000,3580.0000,3610.0000,3610.2000,3610.4000,3610.8000,3613.0000,3,1,1,1,1,1,2,1,1,1
SF,IF2012,2020-04-22 09:35:18.300,3609.2000,1235,0,32471400.000,0,-,-,-,-,3608.0000,3607.0000,3603.0000,3600.0000,3580.0000,3609.8000,3610.0000,3610.2000,3610.4000,3610.8000,3,1,1,1,1,1,1,1,1,1
SF,IF2012,2020-04-22 09:35:18.800,3609.2000,1235,0,32471400.000,0,-,-,-,-,3608.0000,3607.0000,3603.0000,3600.0000,3580.0000,3609.6000,3609.8000,3610.4000,3610.8000,3613.0000,3,1,1,1,1,2,1,1,1,1
SF,IF2012,2020-04-22 09:35:19.300,3609.2000,1235,0,32471400.000,0,-,-,-,-,3608.0000,3607.0000,3603.0000,3600.0000,3580.0000,3609.4000,3609.6000,3610.4000,3610.8000,3613.0000,3,1,1,1,1,1,2,1,1,1
SF,IF2012,2020-04-22 09:35:19.800,3609.2000,1235,0,32471400.000,0,-,-,-,-,3608.0000,3607.0000,3603.0000,3600.0000,3580.0000,3609.2000,3609.4000,3609.6000,3610.4000,3610.8000,3,1,1,1,1,1,1,1,1,1
SF,IF2012,2020-04-22 09:35:20.300,3609.2000,1235,0,32471400.000,0,-,-,-,-,3608.0000,3607.0000,3603.0000,3600.0000,3580.0000,3609.2000,3610.4000,3610.8000,3613.0000,3618.0000,3,1,1,1,1,1,1,1,1,1
SF,IF2012,2020-04-22 09:35:23.300,3609.2000,1235,0,33554160.000,1,0,1,多换,S,3609.4000,3608.0000,3607.0000,3603.0000,3600.0000,3610.4000,3610.8000,3613.0000,3618.0000,3618.4000,1,3,1,1,1,1,1,1,1,1
SF,IF2012,2020-04-22 09:35:23.800,3609.2000,1235,0,33554160.000,0,-,-,-,-,3609.4000,3608.0000,3607.0000,3603.0000,3600.0000,3613.0000,3618.0000,3618.4000,3621.0000,3626.2000,1,3,1,1,1,1,1,1,7,1
SF,IF2012,2020-04-22 09:35:24.300,3609.2000,1235,0,33554160.000,0,-,-,-,-,3609.4000,3608.0000,3607.0000,3603.0000,3600.0000,3610.4000,3612.8000,3613.0000,3618.0000,3618.4000,1,3,1,1,1,1,2,1,1,1
SF,IF2012,2020-04-22 09:35:31.300,3609.2000,1235,0,33554160.000,0,-,-,-,-,3609.4000,3608.0000,3607.0000,3603.0000,3600.0000,3610.4000,3612.8000,3613.0000,3618.0000,3618.4000,1,3,1,1,1,1,2,1,1,1
SF,IF2012,2020-04-22 09:35:40.800,3609.4000,1236,1,34636980.000,1,1,0,双开,S,3608.0000,3607.0000,3603.0000,3600.0000,3598.0000,3610.4000,3612.8000,3613.0000,3618.0000,3618.4000,3,1,1,1,7,1,2,1,1,1
SF,IF2012,2020-04-22 09:35:41.300,3609.4000,1236,0,34636980.000,0,-,-,-,-,3608.2000,3608.0000,3607.0000,3603.0000,3600.0000,3610.2000,3610.4000,3612.8000,3613.0000,3618.0000,1,3,1,1,1,1,1,1,1,1
SF,IF2012,2020-04-22 09:35:41.800,3609.4000,1236,0,34636980.000,0,-,-,-,-,3608.4000,3608.0000,3607.0000,3603.0000,3600.0000,3610.2000,3610.4000,3612.8000,3613.0000,3618.0000,1,3,1,1,1,1,1,1,1,1
SF,IF2012,2020-04-22 09:35:42.300,3609.4000,1236,0,34636980.000,0,-,-,-,-,3608.4000,3608.0000,3607.0000,3603.0000,3600.0000,3610.4000,3612.8000,3613.0000,3618.0000,3618.4000,1,3,1,1,1,1,1,1,1,1
SF,IF2012,2020-04-22 09:35:44.800,3609.4000,1236,0,34636980.000,0,-,-,-,-,3608.6000,3608.0000,3607.0000,3603.0000,3600.0000,3610.4000,3612.8000,3613.0000,3618.0000,3618.4000,1,3,1,1,1,1,1,1,1,1
SF,IF2012,2020-04-22 09:35:45.300,3609.4000,1236,0,34636980.000,0,-,-,-,-,3608.8000,3608.6000,3608.0000,3607.0000,3603.0000,3610.4000,3612.8000,3613.0000,3618.0000,3618.4000,1,1,3,1,1,1,1,1,1,1
SF,IF2012,2020-04-22 09:35:45.800,3609.4000,1236,0,34636980.000,0,-,-,-,-,3609.0000,3608.8000,3608.0000,3607.0000,3603.0000,3612.8000,3613.0000,3618.0000,3618.4000,3621.0000,1,1,3,1,1,1,1,1,1,7
SF,IF2012,2020-04-22 09:35:46.300,3609.4000,1236,0,34636980.000,0,-,-,-,-,3609.2000,3608.0000,3607.0000,3603.0000,3600.0000,3611.2000,3612.6000,3612.8000,3613.0000,3618.0000,1,3,1,1,1,1,1,1,1,1
SF,IF2012,2020-04-22 09:35:46.800,3609.4000,1236,0,34636980.000,0,-,-,-,-,3609.2000,3608.0000,3607.0000,3603.0000,3600.0000,3611.0000,3611.2000,3612.6000,3612.8000,3613.0000,1,3,1,1,1,1,1,1,1,1
SF,IF2012,2020-04-22 09:35:47.300,3609.4000,1236,0,34636980.000,0,-,-,-,-,3608.0000,3607.0000,3603.0000,3600.0000,3598.0000,3611.0000,3612.6000,3612.8000,3613.0000,3618.0000,3,1,1,1,7,1,1,1,1,1
SF,IF2012,2020-04-22 09:35:47.800,3609.4000,1236,0,34636980.000,0,-,-,-,-,3608.2000,3608.0000,3607.0000,3603.0000,3600.0000,3610.8000,3612.8000,3613.0000,3618.0000,3618.4000,1,3,1,1,1,2,1,1,1,1
SF,IF2012,2020-04-22 09:35:48.300,3609.4000,1236,0,34636980.000,0,-,-,-,-,3608.2000,3608.0000,3607.0000,3603.0000,3600.0000,3610.8000,3612.8000,3613.0000,3618.0000,3618.4000,1,3,1,1,2,2,1,1,1,1
SF,IF2012,2020-04-22 09:35:48.800,3609.4000,1236,0,34636980.000,0,-,-,-,-,3608.2000,3608.0000,3607.0000,3603.0000,3600.0000,3610.8000,3612.8000,3613.0000,3618.0000,3618.4000,1,3,1,1,2,2,1,1,1,1
SF,IF2012,2020-04-22 09:35:49.300,3609.4000,1236,0,34636980.000,0,-,-,-,-,3608.4000,3608.2000,3608.0000,3607.0000,3603.0000,3610.8000,3612.8000,3613.0000,3618.0000,3618.4000,1,1,3,1,1,2,1,1,1,1
SF,IF2012,2020-04-22 09:35:49.800,3609.4000,1236,0,34636980.000,0,-,-,-,-,3608.6000,3608.4000,3608.0000,3607.0000,3603.0000,3610.8000,3612.8000,3613.0000,3618.0000,3618.4000,2,1,3,1,1,2,1,1,1,1
SF,IF2012,2020-04-22 09:35:51.300,3609.4000,1236,0,34636980.000,0,-,-,-,-,3608.6000,3608.0000,3607.0000,3603.0000,3600.0000,3610.8000,3612.8000,3613.0000,3618.0000,3618.4000,2,3,1,1,2,2,1,1,1,1
SF,IF2012,2020-04-22 09:35:52.300,3609.4000,1236,0,34636980.000,0,-,-,-,-,3609.0000,3608.6000,3608.0000,3607.0000,3603.0000,3610.8000,3612.8000,3613.0000,3618.0000,3618.4000,1,1,3,1,1,2,1,1,1,1
SF,IF2012,2020-04-22 09:35:52.800,3609.4000,1236,0,34636980.000,0,-,-,-,-,3609.2000,3609.0000,3608.0000,3607.0000,3603.0000,3610.8000,3612.8000,3613.0000,3618.0000,3618.4000,1,1,3,1,1,1,1,1,1,1
SF,IF2012,2020-04-22 09:35:53.300,3609.4000,1236,0,34636980.000,0,-,-,-,-,3609.4000,3609.2000,3608.0000,3607.0000,3603.0000,3610.8000,3612.8000,3613.0000,3618.0000,3618.4000,1,1,3,1,1,1,1,1,1,1
SF,IF2012,2020-04-22 09:35:53.800,3609.4000,1236,0,34636980.000,0,-,-,-,-,3609.6000,3609.4000,3608.0000,3607.0000,3603.0000,3612.8000,3613.0000,3618.0000,3618.4000,3621.0000,1,1,3,1,1,1,1,1,1,7
