市场代码,合约代码,时间,最新,持仓,增仓,成交额,成交量,开仓,平仓,成交类型,方向,买一价,买二价,买三价,买四价,买五价,卖一价,卖二价,卖三价,卖四价,卖五价,买一量,买二量,买三量,买四量,买五量,卖一量,卖二量,卖三量,卖四量,卖五量
SF,IF2009,2020-02-28 09:29:00.100,3976.0000,8805,0,10735200.000,9.000,-,-,-,-,3970.2000,3970.0000,3960.2000,3958.0000,3950.2000,3976.0000,3988.0000,3988.8000,3990.0000,4000.0000,1,1,1,1,1,3,2,1,1,3
SF,IF2009,2020-02-28 09:30:00.100,3958.0000,8808,3,16683360.000,5,4,1,空开,S,3950.2000,3940.2000,3940.0000,3937.4000,3932.0000,3954.6000,3965.0000,3966.4000,3967.0000,3968.0000,1,1,1,1,2,1,1,1,5,1
SF,IF2009,2020-02-28 09:30:00.600,3958.2000,8806,-2,30899040.000,12,5,7,多平,S,3924.6000,3909.0000,3906.4000,3905.6000,3904.4000,3957.6000,3958.6000,3964.2000,3965.0000,3966.4000,2,1,1,1,2,1,1,1,1,1
SF,IF2009,2020-02-28 09:30:01.100,3938.0000,8803,-3,35634480.000,4,0,4,多平,S,3944.4000,3942.4000,3925.8000,3925.0000,3924.8000,3946.8000,3951.2000,3954.2000,3956.6000,3957.4000,2,1,2,2,5,1,1,2,2,1
SF,IF2009,2020-02-28 09:30:01.600,3950.8000,8801,-2,40379280.000,4,1,3,多平,S,3950.8000,3947.4000,3946.8000,3945.0000,3944.8000,3957.2000,3957.6000,3958.6000,3964.2000,3965.0000,1,1,3,5,2,1,1,1,1,1
SF,IF2009,2020-02-28 09:30:02.100,3950.8000,8800,-1,41564520.000,1,0,1,双平,S,3952.0000,3951.0000,3950.8000,3947.4000,3946.8000,3957.2000,3957.6000,3958.6000,3965.0000,3966.4000,2,3,1,1,2,1,1,1,1,1
SF,IF2009,2020-02-28 09:30:02.600,3955.6000,8800,0,43936440.000,2,1,1,多换,S,3952.0000,3947.4000,3946.8000,3944.8000,3944.6000,3955.6000,3957.0000,3957.2000,3957.6000,3958.6000,2,1,2,2,1,1,2,1,1,1
SF,IF2009,2020-02-28 09:30:03.100,3952.2000,8797,-3,49865760.000,5,1,4,多平,S,3952.2000,3952.0000,3947.4000,3946.8000,3944.8000,3957.2000,3957.6000,3958.6000,3967.4000,3969.0000,1,2,1,2,2,1,1,1,1,1
SF,IF2009,2020-02-28 09:30:03.600,3952.2000,8797,0,49865760.000,0,-,-,-,-,3952.8000,3952.4000,3952.2000,3952.0000,3947.4000,3957.0000,3957.2000,3957.6000,3958.6000,3967.4000,1,1,4,2,1,1,1,1,1,1
SF,IF2009,2020-02-28 09:30:04.100,3955.6000,8797,0,51052440.000,1,0,1,多换,S,3953.6000,3952.8000,3950.0000,3947.4000,3946.8000,3957.0000,3957.2000,3957.6000,3958.6000,3960.0000,1,1,1,1,2,3,1,1,1,5
SF,IF2009,2020-02-28 09:30:04.600,3957.6000,8797,0,54613980.000,3,1,2,多换,S,3955.8000,3953.8000,3953.6000,3953.0000,3952.8000,3958.6000,3965.0000,3967.4000,3969.0000,3970.2000,2,1,1,1,1,1,5,1,1,10
SF,IF2009,2020-02-28 09:30:05.100,3955.8000,8797,0,56987520.000,2,1,1,多换,S,3955.8000,3953.8000,3953.6000,3953.0000,3952.8000,3958.6000,3965.0000,3967.4000,3969.0000,3970.2000,1,1,1,1,1,1,5,1,1,10
SF,IF2009,2020-02-28 09:30:05.600,3955.8000,8797,0,56987520.000,0,-,-,-,-,3957.0000,3956.0000,3955.8000,3953.8000,3953.6000,3958.6000,3967.4000,3969.0000,3970.0000,3970.2000,1,2,1,1,1,1,1,1,5,10
SF,IF2009,2020-02-28 09:30:06.100,3958.6000,8798,1,59362680.000,2,1,1,空开,S,3959.6000,3958.6000,3957.2000,3957.0000,3956.0000,3967.4000,3969.0000,3970.0000,3970.2000,3976.0000,1,1,3,1,1,1,1,5,10,3
SF,IF2009,2020-02-28 09:30:06.600,3957.2000,8796,-2,64112760.000,4,1,3,多平,S,3957.2000,3957.0000,3956.0000,3953.8000,3953.6000,3962.4000,3963.0000,3963.4000,3964.4000,3964.8000,1,1,1,1,1,1,1,2,4,1
SF,IF2009,2020-02-28 09:30:07.100,3957.0000,8796,0,65299860.000,1,0,1,多换,S,3956.0000,3953.8000,3953.0000,3950.0000,3946.8000,3958.6000,3960.0000,3960.6000,3961.0000,3962.2000,1,1,1,6,1,1,1,1,1,2
SF,IF2009,2020-02-28 09:30:07.600,3957.0000,8796,0,65299860.000,0,-,-,-,-,3956.2000,3956.0000,3953.8000,3953.0000,3950.0000,3960.0000,3960.6000,3961.0000,3962.2000,3964.4000,3,1,1,1,6,1,1,1,1,3
SF,IF2009,2020-02-28 09:30:08.100,3960.0000,8794,-2,68863860.000,3,0,3,多平,S,3958.6000,3957.6000,3956.4000,3956.2000,3956.0000,3960.6000,3961.0000,3964.4000,3967.2000,3967.4000,1,1,3,3,1,1,1,3,2,1
SF,IF2009,2020-02-28 09:30:08.600,3960.0000,8794,0,68863860.000,0,-,-,-,-,3960.4000,3960.0000,3958.8000,3958.6000,3957.6000,3964.4000,3967.2000,3967.4000,3969.0000,3970.0000,1,1,1,2,1,3,2,1,1,5
SF,IF2009,2020-02-28 09:30:09.100,3960.0000,8794,0,70051860.000,1,0,1,多换,S,3958.8000,3958.6000,3957.6000,3956.4000,3956.2000,3961.0000,3963.0000,3964.2000,3967.2000,3967.4000,1,2,1,2,3,1,1,2,2,1
SF,IF2009,2020-02-28 09:30:09.600,3961.0000,8793,-1,71240160.000,1,0,1,双平,S,3961.6000,3961.0000,3960.6000,3959.0000,3958.8000,3964.2000,3967.2000,3967.4000,3969.0000,3970.0000,1,2,2,2,2,1,2,1,1,5
SF,IF2009,2020-02-28 09:30:10.100,3961.0000,8793,0,71240160.000,0,-,-,-,-,3962.0000,3961.8000,3961.6000,3961.0000,3960.6000,3964.2000,3967.2000,3967.4000,3969.0000,3970.0000,1,3,1,3,2,1,2,1,1,5
SF,IF2009,2020-02-28 09:30:10.600,3961.0000,8793,0,71240160.000,0,-,-,-,-,3962.2000,3962.0000,3961.8000,3961.6000,3961.0000,3967.4000,3969.0000,3970.2000,3975.0000,3976.0000,3,1,2,1,3,1,1,10,5,3
SF,IF2009,2020-02-28 09:30:11.100,3961.0000,8793,0,71240160.000,0,-,-,-,-,3962.4000,3962.2000,3961.8000,3961.6000,3961.0000,3967.2000,3967.4000,3969.0000,3970.2000,3975.0000,2,4,1,1,3,2,1,1,10,5
SF,IF2009,2020-02-28 09:30:11.600,3961.0000,8793,0,71240160.000,0,-,-,-,-,3962.4000,3962.2000,3961.8000,3961.6000,3961.0000,3967.2000,3967.4000,3969.0000,3970.2000,3975.0000,2,1,1,1,3,5,1,1,10,5
SF,IF2009,2020-02-28 09:30:12.100,3961.0000,8793,0,71240160.000,0,-,-,-,-,3964.2000,3962.4000,3961.8000,3961.6000,3961.0000,3964.4000,3964.8000,3966.2000,3967.2000,3967.4000,1,2,1,1,2,1,1,1,5,1
SF,IF2009,2020-02-28 09:30:12.600,3967.2000,8791,-2,75998340.000,4,1,3,多平,S,3967.2000,3962.6000,3962.4000,3961.8000,3961.6000,3967.4000,3969.0000,3970.2000,3975.0000,3976.0000,1,2,2,1,1,1,1,10,5,3
SF,IF2009,2020-02-28 09:30:13.100,3967.4000,8789,-2,78378720.000,2,0,2,双平,S,3962.6000,3961.8000,3961.6000,3961.0000,3960.6000,3969.0000,3970.2000,3975.0000,3976.0000,3988.8000,2,1,1,2,2,1,10,5,3,1
SF,IF2009,2020-02-28 09:30:13.600,3962.8000,8786,-3,83135400.000,4,0,4,多平,S,3962.6000,3961.8000,3961.6000,3961.0000,3960.6000,3968.6000,3968.8000,3969.0000,3970.2000,3975.0000,2,1,1,2,2,1,7,2,10,5
SF,IF2009,2020-02-28 09:30:14.100,3962.8000,8786,0,83135400.000,0,-,-,-,-,3962.8000,3962.6000,3961.8000,3961.6000,3961.0000,3967.0000,3968.4000,3968.8000,3969.0000,3970.2000,1,2,1,1,2,1,1,1,2,10
SF,IF2009,2020-02-28 09:30:14.600,3962.6000,8788,2,87890700.000,4,3,1,空开,S,3962.4000,3961.6000,3961.0000,3960.0000,3959.6000,3966.6000,3966.8000,3967.8000,3969.0000,3970.2000,1,1,1,2,1,1,1,1,2,10
SF,IF2009,2020-02-28 09:30:15.100,3966.4000,8788,0,89080620.000,1,0,1,多换,S,3967.4000,3963.0000,3961.6000,3961.0000,3960.0000,3969.0000,3970.2000,3975.0000,3976.0000,3988.8000,2,1,1,1,2,2,10,5,3,1
SF,IF2009,2020-02-28 09:30:15.600,3967.4000,8788,0,91461060.000,2,1,1,多换,S,3961.6000,3961.0000,3960.0000,3959.6000,3958.8000,3968.8000,3969.0000,3970.2000,3975.0000,3976.0000,1,1,2,1,1,5,2,10,5,3
SF,IF2009,2020-02-28 09:30:16.100,3967.4000,8788,0,91461060.000,0,-,-,-,-,3962.6000,3961.8000,3961.6000,3961.0000,3960.0000,3962.8000,3965.0000,3968.2000,3968.6000,3968.8000,1,3,1,1,2,1,1,1,1,4
SF,IF2009,2020-02-28 09:30:16.600,3962.8000,8787,-1,92649900.000,1,0,1,双平,S,3962.8000,3962.6000,3961.8000,3961.6000,3961.0000,3965.0000,3967.6000,3968.8000,3969.0000,3970.2000,3,1,2,1,1,1,1,4,2,10
SF,IF2009,2020-02-28 09:30:17.100,3965.0000,8786,-1,93839400.000,1,0,1,双平,S,3967.0000,3963.0000,3962.8000,3962.6000,3961.8000,3969.0000,3970.2000,3975.0000,3976.0000,3988.8000,1,1,2,1,2,2,10,5,3,1
SF,IF2009,2020-02-28 09:30:17.600,3967.0000,8785,-1,95029500.000,1,0,1,双平,S,3962.6000,3961.6000,3961.0000,3960.0000,3959.6000,3968.4000,3968.8000,3969.0000,3970.2000,3975.0000,1,1,1,2,1,1,4,2,10,5
SF,IF2009,2020-02-28 09:30:18.100,3967.0000,8785,0,95029500.000,0,-,-,-,-,3962.6000,3961.6000,3961.0000,3960.0000,3959.6000,3968.0000,3968.2000,3968.8000,3969.0000,3970.2000,1,1,1,2,1,1,3,4,2,10
SF,IF2009,2020-02-28 09:30:18.600,3967.0000,8785,0,95029500.000,0,-,-,-,-,3962.8000,3961.6000,3961.0000,3960.0000,3959.6000,3967.6000,3967.8000,3968.2000,3968.8000,3969.0000,1,1,1,2,1,1,3,2,4,2
SF,IF2009,2020-02-28 09:30:19.100,3967.0000,8785,0,95029500.000,0,-,-,-,-,3963.0000,3962.8000,3961.6000,3961.0000,3960.0000,3967.0000,3967.4000,3967.8000,3968.2000,3968.8000,1,1,1,1,2,1,1,2,1,4
SF,IF2009,2020-02-28 09:30:19.600,3967.0000,8785,0,95029500.000,0,-,-,-,-,3963.2000,3963.0000,3961.6000,3961.0000,3960.0000,3967.0000,3967.4000,3967.8000,3968.2000,3968.8000,1,1,1,1,2,1,2,2,1,4
SF,IF2009,2020-02-28 09:30:20.100,3963.0000,8783,-2,97407360.000,2,0,2,双平,S,3961.6000,3961.0000,3960.0000,3959.6000,3958.8000,3966.8000,3967.2000,3967.8000,3968.2000,3968.8000,1,1,2,1,1,4,1,2,1,4
SF,IF2009,2020-02-28 09:30:20.600,3963.0000,8783,0,97407360.000,0,-,-,-,-,3963.4000,3961.8000,3961.6000,3961.0000,3960.0000,3966.4000,3966.8000,3968.2000,3968.8000,3969.0000,1,2,1,1,2,1,1,1,4,2
SF,IF2009,2020-02-28 09:30:21.100,3963.0000,8783,0,97407360.000,0,-,-,-,-,3963.4000,3961.8000,3961.6000,3961.0000,3960.0000,3966.2000,3968.2000,3968.8000,3969.0000,3970.2000,1,1,1,1,2,1,1,4,2,10
SF,IF2009,2020-02-28 09:30:21.600,3963.4000,8782,-1,98596380.000,1,0,1,双平,S,3961.8000,3961.6000,3961.0000,3960.0000,3959.6000,3966.2000,3968.2000,3968.8000,3969.0000,3970.2000,1,1,1,2,1,1,1,4,2,10
SF,IF2009,2020-02-28 09:30:22.100,3966.2000,8781,-1,99786240.000,1,0,1,双平,S,3962.0000,3961.8000,3961.6000,3961.0000,3960.0000,3968.8000,3969.0000,3970.2000,3975.0000,3976.0000,1,1,1,1,2,2,2,10,5,5
SF,IF2009,2020-02-28 09:30:22.600,3966.2000,8781,0,99786240.000,0,-,-,-,-,3962.0000,3961.6000,3961.0000,3960.0000,3959.6000,3966.8000,3967.8000,3968.6000,3968.8000,3969.0000,2,1,1,2,1,1,1,1,2,2
SF,IF2009,2020-02-28 09:30:23.100,3966.2000,8781,0,99786240.000,0,-,-,-,-,3962.0000,3961.6000,3961.0000,3960.0000,3959.6000,3966.6000,3967.4000,3968.8000,3969.0000,3970.2000,3,1,1,2,1,1,1,2,2,10
SF,IF2009,2020-02-28 09:30:23.600,3966.2000,8781,0,99786240.000,0,-,-,-,-,3962.2000,3962.0000,3961.6000,3961.0000,3960.0000,3968.8000,3969.0000,3970.2000,3975.0000,3976.0000,1,2,1,1,2,2,2,10,5,5
SF,IF2009,2020-02-28 09:30:24.100,3966.2000,8781,0,99786240.000,0,-,-,-,-,3963.0000,3962.8000,3962.4000,3962.0000,3961.6000,3967.6000,3968.6000,3968.8000,3969.0000,3970.2000,1,1,2,1,1,1,4,2,2,10
SF,IF2009,2020-02-28 09:30:24.600,3966.6000,8781,0,103354140.000,3,1,2,多换,S,3963.2000,3962.8000,3962.4000,3962.0000,3961.6000,3968.6000,3969.0000,3970.2000,3975.0000,3976.0000,1,1,1,1,1,1,2,10,5,5
SF,IF2009,2020-02-28 09:30:25.100,3963.4000,8780,-1,104543160.000,1,0,1,双平,S,3963.2000,3962.8000,3962.4000,3962.0000,3961.6000,3968.4000,3969.0000,3970.2000,3975.0000,3976.0000,3,1,1,1,1,1,2,10,5,5
SF,IF2009,2020-02-28 09:30:25.600,3963.4000,8780,0,104543160.000,0,-,-,-,-,3963.4000,3963.2000,3962.4000,3962.0000,3961.6000,3968.4000,3969.0000,3970.2000,3975.0000,3976.0000,1,3,1,1,1,1,2,10,5,5
SF,IF2009,2020-02-28 09:30:26.100,3963.4000,8779,-1,105732180.000,1,0,1,双平,S,3963.6000,3963.2000,3963.0000,3962.4000,3962.0000,3968.2000,3968.4000,3969.0000,3970.2000,3975.0000,1,2,1,1,1,2,1,2,10,5
SF,IF2009,2020-02-28 09:30:26.600,3963.4000,8779,0,105732180.000,0,-,-,-,-,3964.2000,3963.4000,3963.2000,3963.0000,3962.4000,3968.0000,3968.2000,3969.0000,3970.2000,3975.0000,1,1,2,1,1,1,2,2,10,5
SF,IF2009,2020-02-28 09:30:27.100,3963.4000,8779,0,105732180.000,0,-,-,-,-,3964.0000,3963.2000,3963.0000,3962.0000,3961.6000,3967.4000,3967.8000,3968.0000,3969.0000,3970.2000,1,2,1,1,1,1,1,1,2,10
SF,IF2009,2020-02-28 09:30:27.600,3963.4000,8779,0,105732180.000,0,-,-,-,-,3964.2000,3963.2000,3963.0000,3962.0000,3961.6000,3967.2000,3967.4000,3967.8000,3969.0000,3970.2000,1,2,1,1,1,1,1,1,2,10
SF,IF2009,2020-02-28 09:30:28.100,3963.4000,8779,0,105732180.000,0,-,-,-,-,3964.2000,3963.8000,3963.2000,3963.0000,3962.0000,3967.2000,3967.4000,3967.8000,3969.0000,3970.2000,1,1,2,1,1,1,1,1,1,10
SF,IF2009,2020-02-28 09:30:28.600,3963.4000,8778,-1,106921200.000,1,0,1,双平,S,3964.2000,3963.8000,3963.2000,3963.0000,3962.0000,3967.2000,3967.4000,3969.0000,3970.2000,3975.0000,1,1,2,1,1,1,1,1,10,5
SF,IF2009,2020-02-28 09:30:29.100,3967.4000,8776,-2,109301580.000,2,0,2,双平,S,3964.2000,3963.8000,3963.2000,3963.0000,3962.0000,3969.0000,3970.2000,3975.0000,3976.0000,3987.0000,1,1,2,1,1,1,10,5,5,1
SF,IF2009,2020-02-28 09:30:29.600,3967.4000,8776,0,109301580.000,0,-,-,-,-,3967.2000,3964.4000,3964.2000,3963.2000,3963.0000,3968.8000,3969.0000,3970.2000,3975.0000,3976.0000,1,1,1,2,1,1,1,10,5,5
SF,IF2009,2020-02-28 09:30:30.100,3967.2000,8776,0,110491740.000,1,0,1,多换,S,3964.4000,3964.2000,3963.2000,3963.0000,3962.0000,3968.8000,3969.0000,3969.2000,3970.2000,3975.0000,1,1,2,1,1,1,1,1,10,5
SF,IF2009,2020-02-28 09:30:30.600,3967.2000,8776,0,110491740.000,0,-,-,-,-,3964.8000,3964.6000,3963.2000,3963.0000,3962.0000,3968.6000,3968.8000,3969.0000,3970.2000,3975.0000,2,1,2,1,1,1,1,1,10,5
SF,IF2009,2020-02-28 09:30:31.100,3967.2000,8776,0,110491740.000,0,-,-,-,-,3965.0000,3964.0000,3963.2000,3963.0000,3962.0000,3968.4000,3968.6000,3968.8000,3969.0000,3970.2000,1,1,2,1,1,1,1,2,1,10
SF,IF2009,2020-02-28 09:30:31.600,3967.2000,8776,0,110491740.000,0,-,-,-,-,3965.0000,3964.0000,3963.2000,3963.0000,3962.0000,3968.2000,3968.4000,3969.0000,3970.2000,3975.0000,1,1,2,1,1,2,1,1,10,5
SF,IF2009,2020-02-28 09:30:32.100,3967.2000,8776,0,110491740.000,0,-,-,-,-,3965.0000,3964.0000,3963.2000,3963.0000,3962.0000,3968.2000,3969.0000,3970.2000,3975.0000,3976.0000,1,1,2,1,1,2,1,10,5,3
SF,IF2009,2020-02-28 09:30:32.600,3967.2000,8776,0,110491740.000,0,-,-,-,-,3965.0000,3964.8000,3964.0000,3963.2000,3963.0000,3968.2000,3969.0000,3970.2000,3975.0000,3976.0000,1,1,1,2,1,1,1,10,5,3
SF,IF2009,2020-02-28 09:30:33.100,3968.2000,8775,-1,111682200.000,1,0,1,双平,S,3965.6000,3965.0000,3964.0000,3963.2000,3963.0000,3966.0000,3969.0000,3970.2000,3975.0000,3976.0000,1,2,1,2,1,1,1,10,5,3
SF,IF2009,2020-02-28 09:30:33.600,3966.0000,8774,-1,112872000.000,1,0,1,双平,S,3966.0000,3965.6000,3965.0000,3964.0000,3963.2000,3968.0000,3969.0000,3970.2000,3975.0000,3976.0000,3,1,1,1,2,1,1,10,5,3
SF,IF2009,2020-02-28 09:30:34.100,3966.0000,8774,0,112872000.000,0,-,-,-,-,3966.2000,3966.0000,3965.6000,3965.0000,3964.0000,3968.0000,3969.0000,3970.2000,3975.0000,3976.0000,1,2,1,1,3,1,1,10,5,3
SF,IF2009,2020-02-28 09:30:34.600,3968.0000,8773,-1,114062400.000,1,0,1,双平,S,3966.2000,3966.0000,3965.6000,3965.0000,3964.0000,3969.0000,3970.2000,3975.0000,3976.0000,3987.0000,1,2,1,1,3,1,10,5,3,1
SF,IF2009,2020-02-28 09:30:35.100,3966.4000,8771,-2,116443020.000,2,0,2,双平,S,3966.4000,3966.0000,3965.0000,3964.0000,3963.2000,3970.2000,3976.0000,3980.0000,3987.0000,3988.8000,1,2,1,3,2,10,3,5,1,1
SF,IF2009,2020-02-28 09:30:35.600,3966.4000,8771,0,116443020.000,0,-,-,-,-,3968.2000,3966.6000,3966.4000,3966.0000,3965.0000,3970.0000,3970.2000,3976.0000,3980.0000,3987.0000,1,2,1,2,1,1,10,3,5,1
SF,IF2009,2020-02-28 09:30:36.100,3968.2000,8770,-1,118823940.000,2,0,2,多平,S,3966.4000,3965.2000,3965.0000,3964.0000,3963.2000,3970.0000,3970.2000,3976.0000,3980.0000,3987.0000,1,1,1,3,2,3,10,3,5,1
SF,IF2009,2020-02-28 09:30:36.600,3968.2000,8770,0,118823940.000,0,-,-,-,-,3966.8000,3966.6000,3966.4000,3965.2000,3965.0000,3968.0000,3969.8000,3970.0000,3970.2000,3976.0000,1,1,1,1,1,2,1,3,10,3
SF,IF2009,2020-02-28 09:30:37.100,3968.0000,8768,-2,121204740.000,2,0,2,双平,S,3969.0000,3967.0000,3966.8000,3965.2000,3965.0000,3970.0000,3970.2000,3976.0000,3980.0000,3987.0000,1,1,1,1,6,1,10,3,5,1
SF,IF2009,2020-02-28 09:30:37.600,3969.0000,8768,0,122395440.000,1,0,1,多换,S,3965.2000,3965.0000,3964.0000,3963.2000,3963.0000,3970.0000,3970.2000,3976.0000,3980.0000,3987.0000,1,1,3,2,2,1,10,3,5,1
SF,IF2009,2020-02-28 09:30:38.100,3969.0000,8768,0,122395440.000,0,-,-,-,-,3967.0000,3965.4000,3965.2000,3965.0000,3964.0000,3970.0000,3970.2000,3976.0000,3980.0000,3987.0000,1,2,1,1,3,1,10,3,5,1
SF,IF2009,2020-02-28 09:30:38.600,3969.0000,8768,0,122395440.000,0,-,-,-,-,3967.2000,3967.0000,3965.4000,3965.2000,3965.0000,3970.0000,3970.2000,3976.0000,3980.0000,3987.0000,2,1,1,1,1,1,10,3,5,1
SF,IF2009,2020-02-28 09:30:39.100,3969.0000,8768,0,122395440.000,0,-,-,-,-,3967.8000,3967.2000,3965.4000,3965.2000,3965.0000,3969.8000,3970.0000,3970.2000,3976.0000,3980.0000,1,1,1,1,1,2,1,10,3,5
SF,IF2009,2020-02-28 09:30:39.600,3969.0000,8768,0,122395440.000,0,-,-,-,-,3967.6000,3967.2000,3965.4000,3965.2000,3965.0000,3969.8000,3970.0000,3970.2000,3976.0000,3980.0000,1,2,1,1,1,2,1,10,3,5
SF,IF2009,2020-02-28 09:30:40.100,3969.0000,8768,0,122395440.000,0,-,-,-,-,3967.8000,3965.4000,3965.2000,3965.0000,3964.0000,3969.8000,3970.0000,3970.2000,3976.0000,3980.0000,1,1,1,1,3,1,1,10,3,5
SF,IF2009,2020-02-28 09:30:40.600,3970.0000,8767,-1,124777380.000,2,0,2,多平,S,3967.6000,3965.4000,3965.2000,3965.0000,3964.0000,3970.2000,3976.0000,3980.0000,3987.0000,3988.8000,1,1,1,1,1,10,3,5,1,1
SF,IF2009,2020-02-28 09:30:41.100,3970.0000,8767,0,124777380.000,0,-,-,-,-,3967.6000,3965.2000,3965.0000,3964.0000,3963.2000,3970.0000,3970.2000,3976.0000,3980.0000,3987.0000,1,1,1,1,2,4,10,3,5,1
SF,IF2009,2020-02-28 09:30:41.600,3970.0000,8767,0,124777380.000,0,-,-,-,-,3965.2000,3965.0000,3964.0000,3963.0000,3962.0000,3970.0000,3970.2000,3976.0000,3980.0000,3987.0000,1,1,1,2,1,4,10,3,5,1
SF,IF2009,2020-02-28 09:30:42.100,3970.0000,8767,0,124777380.000,0,-,-,-,-,3966.8000,3966.0000,3965.4000,3965.2000,3965.0000,3969.8000,3970.0000,3970.2000,3976.0000,3980.0000,1,1,1,1,1,1,1,10,3,5
SF,IF2009,2020-02-28 09:30:42.600,3966.4000,8767,0,125967300.000,1,0,1,多换,S,3968.6000,3966.0000,3965.2000,3965.0000,3964.0000,3969.6000,3969.8000,3970.2000,3976.0000,3980.0000,1,1,1,1,1,1,3,10,3,5
SF,IF2009,2020-02-28 09:30:43.100,3969.4000,8762,-5,133111980.000,6,0,6,多平,S,3966.0000,3965.2000,3965.0000,3964.0000,3963.0000,3969.8000,3970.2000,3976.0000,3980.0000,3987.0000,1,1,1,1,1,3,8,3,5,1
SF,IF2009,2020-02-28 09:30:43.600,3969.4000,8762,0,133111980.000,0,-,-,-,-,3966.2000,3966.0000,3965.2000,3965.0000,3964.0000,3969.2000,3969.6000,3969.8000,3970.2000,3976.0000,1,2,1,1,1,1,1,1,8,3
SF,IF2009,2020-02-28 09:30:44.100,3970.0000,8764,2,136684800.000,3,2,1,空开,S,3970.0000,3966.2000,3966.0000,3965.2000,3965.0000,3970.2000,3976.0000,3980.0000,3987.0000,3988.8000,2,1,2,1,1,8,3,5,1,1
SF,IF2009,2020-02-28 09:30:44.600,3970.0000,8764,0,139066800.000,2,1,1,多换,S,3967.6000,3966.6000,3966.0000,3965.2000,3965.0000,3970.2000,3976.0000,3980.0000,3987.0000,3988.8000,1,1,2,1,1,8,3,5,1,1
SF,IF2009,2020-02-28 09:30:45.100,3970.0000,8764,0,139066800.000,0,-,-,-,-,3967.8000,3967.6000,3966.0000,3965.2000,3965.0000,3970.2000,3976.0000,3980.0000,3987.0000,3988.8000,1,1,2,1,1,8,3,5,1,1
SF,IF2009,2020-02-28 09:30:45.600,3970.0000,8764,0,139066800.000,0,-,-,-,-,3969.2000,3967.8000,3967.6000,3966.0000,3965.2000,3970.0000,3970.2000,3976.0000,3980.0000,3987.0000,1,1,1,2,1,1,8,3,5,1
SF,IF2009,2020-02-28 09:30:46.100,3969.8000,8764,0,141448500.000,2,1,1,多换,S,3967.8000,3966.0000,3965.2000,3965.0000,3964.0000,3970.0000,3970.2000,3976.0000,3980.0000,3987.0000,1,2,1,1,1,2,8,3,5,1
SF,IF2009,2020-02-28 09:30:46.600,3969.8000,8764,0,141448500.000,0,-,-,-,-,3968.8000,3967.8000,3966.0000,3965.2000,3965.0000,3970.0000,3970.2000,3976.0000,3980.0000,3987.0000,1,1,2,1,1,2,9,3,5,1
SF,IF2009,2020-02-28 09:30:47.100,3969.8000,8764,0,141448500.000,0,-,-,-,-,3969.0000,3968.8000,3966.0000,3965.2000,3965.0000,3970.2000,3976.0000,3980.0000,3987.0000,3988.8000,1,1,2,1,1,8,3,5,1,1
SF,IF2009,2020-02-28 09:30:47.600,3969.8000,8764,0,141448500.000,0,-,-,-,-,3969.0000,3968.8000,3966.0000,3965.2000,3965.0000,3970.2000,3976.0000,3980.0000,3987.0000,3988.8000,1,1,1,1,1,8,3,5,1,1
SF,IF2009,2020-02-28 09:30:48.100,3969.8000,8764,0,141448500.000,0,-,-,-,-,3970.0000,3969.0000,3968.8000,3966.0000,3965.2000,3970.2000,3976.0000,3980.0000,3987.0000,3988.8000,3,1,1,1,1,8,3,5,1,1
SF,IF2009,2020-02-28 09:30:48.600,3970.0000,8760,-4,147403620.000,5,0,5,多平,S,3968.8000,3966.0000,3965.2000,3965.0000,3964.0000,3970.2000,3976.0000,3980.0000,3987.0000,3988.8000,1,1,1,1,1,6,3,5,1,1
SF,IF2009,2020-02-28 09:30:49.100,3970.2000,8759,-1,148594680.000,1,0,1,双平,S,3969.8000,3966.0000,3965.2000,3965.0000,3964.0000,3970.2000,3976.0000,3980.0000,3987.0000,3988.8000,1,1,1,1,1,5,3,5,1,1
SF,IF2009,2020-02-28 09:30:50.600,3969.8000,8759,0,149785620.000,1,0,1,多换,S,3966.0000,3965.2000,3965.0000,3964.0000,3963.0000,3970.2000,3976.0000,3980.0000,3987.0000,3988.8000,1,1,1,1,2,5,3,5,1,1
SF,IF2009,2020-02-28 09:30:51.100,3969.8000,8759,0,149785620.000,0,-,-,-,-,3967.0000,3966.2000,3966.0000,3965.2000,3965.0000,3970.2000,3976.0000,3980.0000,3987.0000,3988.8000,1,2,1,1,1,5,3,5,1,1
SF,IF2009,2020-02-28 09:30:51.600,3969.8000,8759,0,149785620.000,0,-,-,-,-,3970.0000,3967.2000,3967.0000,3966.0000,3965.2000,3970.2000,3976.0000,3980.0000,3987.0000,3988.8000,1,2,1,1,1,5,3,5,1,1
SF,IF2009,2020-02-28 09:30:52.100,3970.0000,8759,0,150976620.000,1,0,1,多换,S,3967.8000,3967.2000,3966.0000,3965.2000,3965.0000,3970.2000,3976.0000,3980.0000,3987.0000,3988.8000,1,2,1,1,1,5,3,5,1,1
SF,IF2009,2020-02-28 09:30:52.600,3970.0000,8759,0,150976620.000,0,-,-,-,-,3968.0000,3967.8000,3967.2000,3966.0000,3965.2000,3970.2000,3976.0000,3980.0000,3987.0000,3988.8000,1,1,1,1,1,5,3,5,1,1
SF,IF2009,2020-02-28 09:30:53.100,3970.2000,8759,0,152167680.000,1,0,1,多换,S,3968.0000,3967.8000,3966.0000,3965.2000,3965.0000,3970.2000,3976.0000,3980.0000,3987.0000,3988.8000,1,1,1,1,1,4,3,5,1,1
SF,IF2009,2020-02-28 09:30:53.600,3970.2000,8759,0,152167680.000,0,-,-,-,-,3968.0000,3966.0000,3965.2000,3965.0000,3964.0000,3970.2000,3976.0000,3980.0000,3987.0000,3988.8000,1,1,1,1,1,4,3,5,1,1
SF,IF2009,2020-02-28 09:30:54.100,3970.2000,8759,0,152167680.000,0,-,-,-,-,3968.0000,3966.0000,3965.2000,3965.0000,3964.0000,3970.2000,3976.0000,3980.0000,3987.0000,3988.8000,2,1,1,1,1,4,3,5,1,1
SF,IF2009,2020-02-28 09:30:54.600,3970.2000,8759,0,152167680.000,0,-,-,-,-,3970.0000,3968.0000,3966.0000,3965.2000,3965.0000,3970.2000,3976.0000,3980.0000,3987.0000,3988.8000,1,1,1,1,1,4,3,5,1,1
SF,IF2009,2020-02-28 09:30:55.100,3970.0000,8759,0,153358680.000,1,0,1,多换,S,3966.0000,3965.2000,3965.0000,3964.0000,3963.0000,3970.2000,3976.0000,3980.0000,3987.0000,3988.8000,1,1,1,1,1,4,3,5,1,1
SF,IF2009,2020-02-28 09:30:55.600,3970.0000,8759,0,153358680.000,0,-,-,-,-,3967.2000,3966.2000,3966.0000,3965.2000,3965.0000,3970.0000,3970.2000,3976.0000,3980.0000,3987.0000,1,1,1,1,1,1,4,3,5,1
SF,IF2009,2020-02-28 09:30:56.100,3970.0000,8759,0,153358680.000,0,-,-,-,-,3967.0000,3966.2000,3966.0000,3965.2000,3965.0000,3970.0000,3970.2000,3976.0000,3980.0000,3987.0000,1,1,1,1,1,3,4,3,5,1
SF,IF2009,2020-02-28 09:30:56.600,3970.0000,8759,0,153358680.000,0,-,-,-,-,3966.2000,3966.0000,3965.2000,3965.0000,3964.0000,3970.0000,3970.2000,3976.0000,3980.0000,3987.0000,1,1,1,1,1,3,4,3,5,1
SF,IF2009,2020-02-28 09:30:57.100,3970.0000,8759,0,153358680.000,0,-,-,-,-,3966.2000,3966.0000,3965.2000,3965.0000,3964.0000,3970.0000,3970.2000,3976.0000,3980.0000,3987.0000,1,1,1,1,1,1,4,3,5,1
SF,IF2009,2020-02-28 09:30:58.100,3970.0000,8759,0,153358680.000,0,-,-,-,-,3966.4000,3966.2000,3966.0000,3965.2000,3965.0000,3969.8000,3970.0000,3970.2000,3976.0000,3980.0000,1,1,1,1,1,1,1,4,3,5
SF,IF2009,2020-02-28 09:30:58.600,3970.0000,8759,0,153358680.000,0,-,-,-,-,3966.0000,3965.2000,3965.0000,3964.0000,3963.0000,3969.6000,3969.8000,3970.2000,3976.0000,3980.0000,1,1,1,1,1,1,1,4,3,5
SF,IF2009,2020-02-28 09:30:59.100,3970.0000,8759,0,153358680.000,0,-,-,-,-,3966.0000,3965.8000,3965.2000,3965.0000,3964.0000,3969.4000,3969.6000,3969.8000,3970.2000,3976.0000,1,1,1,1,1,1,1,2,4,3
SF,IF2009,2020-02-28 09:30:59.600,3969.8000,8759,0,154549620.000,1,0,1,多换,S,3966.0000,3965.8000,3965.2000,3965.0000,3964.0000,3969.4000,3969.8000,3970.2000,3976.0000,3980.0000,1,1,1,1,1,1,1,4,3,5
SF,IF2009,2020-02-28 09:31:00.100,3969.8000,8759,0,155740560.000,1,0,1,多换,S,3966.2000,3966.0000,3965.8000,3965.2000,3965.0000,3969.8000,3970.2000,3973.8000,3976.0000,3980.0000,2,1,1,1,1,1,4,1,3,5
SF,IF2009,2020-02-28 09:31:00.600,3969.4000,8758,-1,156931380.000,1,0,1,双平,S,3966.2000,3966.0000,3965.8000,3965.2000,3965.0000,3969.6000,3969.8000,3970.2000,3973.8000,3976.0000,2,1,1,1,1,1,1,4,1,3
SF,IF2009,2020-02-28 09:31:01.100,3969.4000,8758,0,156931380.000,0,-,-,-,-,3966.2000,3966.0000,3965.2000,3965.0000,3964.0000,3970.2000,3973.8000,3976.0000,3980.0000,3987.0000,2,1,1,1,1,4,1,3,5,1
SF,IF2009,2020-02-28 09:31:01.600,3969.4000,8758,0,156931380.000,0,-,-,-,-,3966.2000,3966.0000,3965.2000,3965.0000,3964.0000,3970.0000,3970.2000,3970.4000,3973.8000,3976.0000,2,1,1,1,1,1,4,1,1,3
SF,IF2009,2020-02-28 09:31:02.100,3969.4000,8758,0,156931380.000,0,-,-,-,-,3966.2000,3966.0000,3965.2000,3964.0000,3963.0000,3969.8000,3970.0000,3970.2000,3970.4000,3973.8000,2,1,2,1,1,1,2,5,1,1
SF,IF2009,2020-02-28 09:31:02.600,3969.4000,8758,0,156931380.000,0,-,-,-,-,3966.2000,3966.0000,3965.2000,3964.0000,3963.0000,3969.6000,3969.8000,3970.0000,3970.2000,3973.8000,2,1,2,1,1,1,2,1,5,1
SF,IF2009,2020-02-28 09:31:03.100,3969.4000,8758,0,156931380.000,0,-,-,-,-,3966.2000,3966.0000,3965.2000,3964.0000,3963.0000,3969.4000,3969.6000,3969.8000,3970.0000,3970.2000,2,1,2,1,1,1,1,1,2,5
SF,IF2009,2020-02-28 09:31:03.600,3969.4000,8758,0,156931380.000,0,-,-,-,-,3966.4000,3966.2000,3966.0000,3965.2000,3964.0000,3969.2000,3969.4000,3969.6000,3970.0000,3970.2000,1,1,1,2,1,2,1,2,2,5
SF,IF2009,2020-02-28 09:31:04.100,3966.4000,8758,0,158121300.000,1,0,1,多换,S,3966.0000,3965.2000,3964.0000,3963.0000,3961.2000,3969.0000,3969.2000,3969.6000,3970.0000,3970.2000,1,2,1,1,1,1,3,2,2,5
SF,IF2009,2020-02-28 09:31:04.600,3966.4000,8758,0,158121300.000,0,-,-,-,-,3966.0000,3965.2000,3964.0000,3963.0000,3961.2000,3969.0000,3969.2000,3969.6000,3970.0000,3970.2000,1,2,1,1,1,2,3,1,2,5
SF,IF2009,2020-02-28 09:31:05.100,3968.6000,8759,1,159311880.000,1,1,0,双开,S,3966.0000,3965.2000,3964.0000,3963.0000,3961.2000,3968.8000,3969.0000,3969.2000,3969.6000,3970.0000,1,2,1,1,1,7,2,3,1,2
SF,IF2009,2020-02-28 09:31:05.600,3968.6000,8759,0,159311880.000,0,-,-,-,-,3966.2000,3966.0000,3965.2000,3964.0000,3963.0000,3968.8000,3969.0000,3969.2000,3969.6000,3970.0000,2,1,2,1,1,6,1,3,1,2
SF,IF2009,2020-02-28 09:31:06.100,3968.6000,8759,0,159311880.000,0,-,-,-,-,3966.2000,3966.0000,3965.2000,3964.0000,3963.0000,3968.8000,3969.2000,3969.6000,3970.0000,3970.2000,1,1,2,1,1,1,3,1,2,5
SF,IF2009,2020-02-28 09:31:06.600,3968.6000,8759,0,159311880.000,0,-,-,-,-,3966.2000,3966.0000,3965.2000,3964.0000,3963.0000,3968.8000,3969.6000,3970.0000,3970.2000,3973.8000,1,1,2,1,1,1,1,2,5,1
SF,IF2009,2020-02-28 09:31:07.100,3968.6000,8759,0,159311880.000,0,-,-,-,-,3966.2000,3966.0000,3965.2000,3964.0000,3963.0000,3968.8000,3969.6000,3970.0000,3970.2000,3973.8000,1,2,2,1,1,2,1,2,5,1
SF,IF2009,2020-02-28 09:31:07.600,3968.6000,8759,0,159311880.000,0,-,-,-,-,3966.2000,3966.0000,3965.2000,3964.0000,3963.0000,3968.8000,3969.6000,3970.0000,3970.2000,3973.8000,1,2,2,1,1,2,1,2,5,1
SF,IF2009,2020-02-28 09:31:08.600,3968.8000,8759,0,160502520.000,1,0,1,多换,S,3966.2000,3966.0000,3965.2000,3964.0000,3963.0000,3968.8000,3969.6000,3970.0000,3970.2000,3973.8000,1,2,2,1,1,1,1,2,5,1
SF,IF2009,2020-02-28 09:31:09.600,3966.2000,8758,-1,161692380.000,1,0,1,双平,S,3968.0000,3966.0000,3965.2000,3964.0000,3963.0000,3968.8000,3969.6000,3970.0000,3970.2000,3973.8000,1,2,2,1,1,1,1,2,5,1
SF,IF2009,2020-02-28 09:31:10.100,3966.0000,8757,-1,165261840.000,3,1,2,多平,S,3965.2000,3964.0000,3963.0000,3961.2000,3961.0000,3968.0000,3968.6000,3968.8000,3969.6000,3970.0000,2,1,1,1,1,1,3,3,1,2
SF,IF2009,2020-02-28 09:31:10.600,3966.0000,8757,0,165261840.000,0,-,-,-,-,3965.2000,3964.0000,3963.0000,3961.2000,3961.0000,3967.8000,3968.0000,3968.6000,3968.8000,3969.6000,2,1,1,1,1,1,1,3,3,1
SF,IF2009,2020-02-28 09:31:11.100,3966.0000,8756,-1,166451640.000,1,0,1,双平,S,3965.2000,3964.0000,3963.0000,3961.2000,3961.0000,3967.6000,3967.8000,3968.0000,3968.6000,3968.8000,2,1,1,1,1,2,2,1,3,4
SF,IF2009,2020-02-28 09:31:11.600,3965.2000,8756,0,168830760.000,2,1,1,多换,S,3964.0000,3963.0000,3961.2000,3961.0000,3960.0000,3967.4000,3967.6000,3967.8000,3968.0000,3968.6000,1,1,1,1,7,1,2,1,1,3
SF,IF2009,2020-02-28 09:31:12.100,3965.2000,8756,0,168830760.000,0,-,-,-,-,3964.6000,3964.0000,3963.0000,3961.2000,3961.0000,3967.2000,3967.4000,3967.6000,3967.8000,3968.0000,1,1,1,1,1,2,2,2,1,1
SF,IF2009,2020-02-28 09:31:12.600,3965.2000,8756,0,168830760.000,0,-,-,-,-,3964.0000,3963.0000,3961.2000,3961.0000,3960.0000,3966.2000,3967.0000,3967.2000,3967.4000,3967.6000,1,1,1,1,2,3,2,2,1,2
SF,IF2009,2020-02-28 09:31:13.100,3965.2000,8756,0,168830760.000,0,-,-,-,-,3964.0000,3963.0000,3961.2000,3961.0000,3960.0000,3966.0000,3966.2000,3967.0000,3967.2000,3967.4000,1,1,1,1,2,2,3,1,2,1
SF,IF2009,2020-02-28 09:31:13.600,3965.2000,8756,0,168830760.000,0,-,-,-,-,3964.0000,3963.0000,3961.2000,3961.0000,3960.0000,3966.0000,3966.2000,3967.0000,3967.2000,3967.4000,1,1,1,1,2,1,3,1,2,1
SF,IF2009,2020-02-28 09:31:14.100,3965.2000,8756,0,168830760.000,0,-,-,-,-,3964.0000,3963.0000,3961.2000,3961.0000,3960.0000,3966.0000,3966.2000,3967.0000,3967.2000,3967.4000,1,1,1,1,2,1,3,1,2,1
SF,IF2009,2020-02-28 09:31:15.100,3965.2000,8756,0,168830760.000,0,-,-,-,-,3964.0000,3963.0000,3961.2000,3961.0000,3960.0000,3966.0000,3966.2000,3967.0000,3967.2000,3967.4000,1,1,1,1,2,2,3,1,2,1
SF,IF2009,2020-02-28 09:31:15.600,3965.2000,8756,0,168830760.000,0,-,-,-,-,3964.0000,3963.0000,3961.2000,3961.0000,3960.0000,3966.0000,3966.2000,3967.0000,3967.2000,3967.4000,1,1,1,1,2,1,3,1,2,1
SF,IF2009,2020-02-28 09:31:17.100,3966.0000,8757,1,170020560.000,1,1,0,双开,S,3966.0000,3964.0000,3963.0000,3961.2000,3961.0000,3966.2000,3967.0000,3967.2000,3967.4000,3967.6000,2,1,1,1,1,3,1,2,1,2
SF,IF2009,2020-02-28 09:31:17.600,3966.0000,8757,0,172400160.000,2,1,1,多换,S,3964.0000,3963.0000,3961.2000,3961.0000,3960.0000,3966.2000,3967.0000,3967.2000,3967.4000,3967.6000,1,1,1,1,2,3,1,2,1,2
SF,IF2009,2020-02-28 09:31:18.100,3966.2000,8757,0,175969740.000,3,1,2,多换,S,3966.2000,3964.6000,3964.0000,3963.0000,3961.2000,3967.0000,3967.2000,3967.4000,3967.6000,3967.8000,1,1,1,1,1,1,2,1,2,1
SF,IF2009,2020-02-28 09:31:18.600,3966.2000,8757,0,177159600.000,1,0,1,多换,S,3964.0000,3963.0000,3961.2000,3961.0000,3960.0000,3965.0000,3966.8000,3967.0000,3967.2000,3967.4000,1,1,1,1,2,1,3,1,2,1
SF,IF2009,2020-02-28 09:31:19.100,3965.0000,8756,-1,178349100.000,1,0,1,双平,S,3964.2000,3964.0000,3963.0000,3961.2000,3961.0000,3966.8000,3967.0000,3967.2000,3967.4000,3967.6000,1,1,1,1,1,2,1,2,1,2
SF,IF2009,2020-02-28 09:31:19.600,3965.0000,8756,0,178349100.000,0,-,-,-,-,3964.0000,3963.0000,3961.6000,3961.2000,3961.0000,3966.6000,3966.8000,3967.0000,3967.2000,3967.4000,1,1,1,1,1,2,2,1,2,1
SF,IF2009,2020-02-28 09:31:20.100,3965.0000,8756,0,178349100.000,0,-,-,-,-,3964.0000,3963.0000,3961.6000,3961.2000,3961.0000,3966.4000,3966.6000,3966.8000,3967.0000,3967.2000,1,1,1,1,1,2,2,3,1,2
SF,IF2009,2020-02-28 09:31:20.600,3965.0000,8756,0,178349100.000,0,-,-,-,-,3965.0000,3964.0000,3963.0000,3961.6000,3961.2000,3966.0000,3966.2000,3966.4000,3966.6000,3966.8000,1,1,1,1,1,1,1,2,2,3
SF,IF2009,2020-02-28 09:31:21.100,3965.0000,8756,0,178349100.000,0,-,-,-,-,3965.0000,3964.0000,3963.0000,3961.6000,3961.2000,3965.8000,3966.0000,3966.2000,3966.4000,3966.6000,1,1,1,1,1,4,1,1,2,2
SF,IF2009,2020-02-28 09:31:21.600,3965.0000,8756,0,179538600.000,1,0,1,多换,S,3964.0000,3963.0000,3961.6000,3961.2000,3961.0000,3965.8000,3966.0000,3966.2000,3966.4000,3966.6000,1,1,1,1,1,4,1,1,2,2
SF,IF2009,2020-02-28 09:31:22.100,3965.0000,8756,0,179538600.000,0,-,-,-,-,3964.0000,3963.0000,3961.6000,3961.2000,3960.0000,3964.4000,3965.0000,3965.6000,3965.8000,3966.0000,1,1,1,1,3,1,1,1,4,1
SF,IF2009,2020-02-28 09:31:22.600,3964.0000,8757,1,180727800.000,1,1,0,双开,S,3963.0000,3961.6000,3961.2000,3960.0000,3958.8000,3964.2000,3964.4000,3964.8000,3965.0000,3965.6000,1,1,1,3,1,1,3,1,2,1
SF,IF2009,2020-02-28 09:31:23.100,3964.0000,8757,0,180727800.000,0,-,-,-,-,3963.0000,3961.6000,3961.2000,3960.0000,3958.8000,3965.0000,3965.6000,3965.8000,3966.2000,3966.4000,1,1,1,3,1,1,1,4,1,2
SF,IF2009,2020-02-28 09:31:23.600,3964.0000,8757,0,180727800.000,0,-,-,-,-,3963.0000,3961.6000,3961.2000,3960.0000,3958.8000,3965.0000,3965.6000,3965.8000,3966.2000,3966.4000,2,1,1,3,1,1,1,4,1,2
SF,IF2009,2020-02-28 09:31:24.100,3964.0000,8757,0,180727800.000,0,-,-,-,-,3964.4000,3963.2000,3963.0000,3961.6000,3961.2000,3964.8000,3965.0000,3965.8000,3966.2000,3966.4000,2,1,1,1,1,1,2,4,1,2
SF,IF2009,2020-02-28 09:31:24.600,3964.0000,8757,0,180727800.000,0,-,-,-,-,3964.4000,3963.2000,3963.0000,3961.6000,3961.2000,3965.8000,3966.2000,3966.4000,3966.6000,3966.8000,2,1,1,1,1,4,1,2,1,1
SF,IF2009,2020-02-28 09:31:25.100,3964.0000,8757,0,180727800.000,0,-,-,-,-,3964.4000,3963.2000,3963.0000,3961.6000,3961.2000,3965.8000,3966.2000,3966.4000,3966.6000,3966.8000,2,1,1,1,1,4,1,2,1,1
SF,IF2009,2020-02-28 09:31:25.600,3964.0000,8757,0,180727800.000,0,-,-,-,-,3964.4000,3963.2000,3963.0000,3961.6000,3961.2000,3965.8000,3966.2000,3966.4000,3966.6000,3966.8000,2,1,1,1,1,4,1,2,1,1
SF,IF2009,2020-02-28 09:31:26.100,3964.4000,8756,-1,181917120.000,1,0,1,双平,S,3964.4000,3963.2000,3963.0000,3961.6000,3961.2000,3965.8000,3966.2000,3966.4000,3966.6000,3966.8000,1,1,1,1,1,4,1,2,1,1
SF,IF2009,2020-02-28 09:31:26.600,3964.4000,8756,0,181917120.000,0,-,-,-,-,3964.4000,3963.2000,3963.0000,3961.6000,3961.2000,3965.8000,3966.2000,3966.4000,3966.6000,3966.8000,1,1,1,1,1,4,1,2,1,1
SF,IF2009,2020-02-28 09:31:27.100,3964.4000,8755,-1,183106440.000,1,0,1,双平,S,3963.2000,3963.0000,3961.6000,3961.2000,3960.0000,3964.4000,3964.8000,3965.0000,3965.8000,3966.2000,1,1,1,1,3,1,1,1,4,1
SF,IF2009,2020-02-28 09:31:27.600,3964.4000,8755,0,183106440.000,0,-,-,-,-,3963.0000,3961.6000,3961.2000,3960.0000,3958.8000,3965.8000,3966.2000,3966.6000,3966.8000,3967.0000,1,1,1,3,1,4,1,1,1,1
SF,IF2009,2020-02-28 09:31:28.100,3964.4000,8755,0,183106440.000,0,-,-,-,-,3963.0000,3962.8000,3961.6000,3961.2000,3960.0000,3965.6000,3965.8000,3966.2000,3966.6000,3966.8000,1,1,1,1,3,4,4,1,1,1
SF,IF2009,2020-02-28 09:31:28.600,3964.4000,8755,0,183106440.000,0,-,-,-,-,3963.2000,3963.0000,3961.6000,3961.2000,3960.0000,3963.8000,3964.2000,3965.4000,3965.6000,3965.8000,1,1,1,1,3,1,1,1,3,4
SF,IF2009,2020-02-28 09:31:29.100,3963.8000,8754,-1,184295580.000,1,0,1,双平,S,3963.2000,3963.0000,3961.6000,3961.2000,3960.0000,3964.2000,3965.4000,3965.6000,3965.8000,3966.2000,1,1,1,1,3,1,1,3,5,1
SF,IF2009,2020-02-28 09:31:30.100,3963.8000,8754,0,184295580.000,0,-,-,-,-,3963.2000,3963.0000,3961.6000,3961.2000,3960.0000,3965.4000,3965.6000,3965.8000,3966.2000,3966.6000,1,1,1,1,3,1,3,5,1,1
SF,IF2009,2020-02-28 09:31:30.600,3965.2000,8754,0,187864260.000,3,1,2,多换,S,3963.0000,3961.6000,3961.2000,3960.0000,3958.8000,3965.2000,3965.4000,3965.6000,3965.8000,3966.2000,1,1,1,3,1,1,1,3,5,1
SF,IF2009,2020-02-28 09:31:31.100,3965.2000,8754,0,187864260.000,0,-,-,-,-,3963.0000,3961.6000,3961.2000,3960.0000,3958.8000,3965.0000,3965.2000,3965.4000,3965.6000,3965.8000,1,1,1,3,1,1,1,1,3,5
SF,IF2009,2020-02-28 09:31:31.600,3965.2000,8754,0,187864260.000,0,-,-,-,-,3963.0000,3961.6000,3961.2000,3960.0000,3958.8000,3964.4000,3964.8000,3965.0000,3965.4000,3965.6000,1,1,1,3,1,1,2,2,1,3
SF,IF2009,2020-02-28 09:31:32.100,3965.2000,8754,0,187864260.000,0,-,-,-,-,3963.0000,3961.6000,3961.2000,3960.0000,3958.8000,3965.0000,3965.4000,3965.6000,3965.8000,3966.2000,1,1,1,3,1,1,1,3,5,1
SF,IF2009,2020-02-28 09:31:32.600,3965.2000,8754,0,187864260.000,0,-,-,-,-,3963.2000,3963.0000,3961.6000,3961.2000,3960.0000,3964.8000,3965.4000,3965.6000,3965.8000,3966.2000,1,1,1,1,3,1,1,3,5,1
SF,IF2009,2020-02-28 09:31:33.100,3965.0000,8753,-1,189053760.000,1,0,1,双平,S,3963.2000,3963.0000,3961.6000,3961.2000,3960.0000,3965.8000,3966.2000,3966.6000,3966.8000,3967.2000,1,1,1,1,3,2,1,1,1,2
SF,IF2009,2020-02-28 09:31:33.600,3965.0000,8753,0,189053760.000,0,-,-,-,-,3963.4000,3963.2000,3963.0000,3961.6000,3961.2000,3965.8000,3966.6000,3966.8000,3967.2000,3968.8000,2,1,2,1,1,1,1,1,2,2
SF,IF2009,2020-02-28 09:31:34.100,3965.0000,8753,0,189053760.000,0,-,-,-,-,3963.6000,3963.4000,3963.0000,3961.6000,3961.2000,3965.8000,3966.8000,3968.8000,3970.0000,3970.2000,2,2,1,1,1,1,1,2,6,5
SF,IF2009,2020-02-28 09:31:34.600,3965.0000,8753,0,189053760.000,0,-,-,-,-,3963.6000,3963.4000,3963.0000,3961.6000,3961.2000,3965.8000,3966.8000,3968.8000,3970.0000,3970.2000,2,2,1,1,1,1,1,2,6,5
SF,IF2009,2020-02-28 09:31:35.100,3965.0000,8753,0,189053760.000,0,-,-,-,-,3963.8000,3963.6000,3963.4000,3963.0000,3961.6000,3965.8000,3966.8000,3968.8000,3970.0000,3970.2000,1,1,2,1,1,1,1,2,6,5
SF,IF2009,2020-02-28 09:31:35.600,3965.0000,8753,0,189053760.000,0,-,-,-,-,3963.8000,3963.6000,3963.4000,3963.0000,3961.6000,3965.8000,3966.8000,3968.8000,3970.0000,3970.2000,1,1,2,1,1,1,1,2,6,5
SF,IF2009,2020-02-28 09:31:36.100,3965.0000,8753,0,189053760.000,0,-,-,-,-,3963.6000,3963.4000,3963.0000,3961.6000,3961.2000,3965.8000,3966.8000,3968.8000,3970.0000,3970.2000,1,1,1,1,1,1,1,2,6,5
SF,IF2009,2020-02-28 09:31:36.600,3965.0000,8753,0,189053760.000,0,-,-,-,-,3963.6000,3963.4000,3963.0000,3961.6000,3961.2000,3965.8000,3966.8000,3968.8000,3970.0000,3970.2000,1,1,1,1,1,1,1,2,6,5
SF,IF2009,2020-02-28 09:31:37.100,3965.8000,8753,0,190243500.000,1,0,1,多换,S,3963.6000,3963.4000,3963.0000,3961.6000,3961.2000,3966.8000,3968.8000,3970.0000,3970.2000,3976.0000,1,1,1,1,1,1,2,6,5,3
SF,IF2009,2020-02-28 09:31:37.600,3965.8000,8753,0,190243500.000,0,-,-,-,-,3963.8000,3963.6000,3963.4000,3963.0000,3961.6000,3966.6000,3966.8000,3968.8000,3970.0000,3970.2000,1,1,1,1,1,1,1,2,6,5
SF,IF2009,2020-02-28 09:31:39.600,3965.8000,8753,0,190243500.000,0,-,-,-,-,3963.8000,3963.6000,3963.4000,3963.0000,3961.6000,3966.6000,3966.8000,3968.8000,3970.0000,3970.2000,1,2,1,1,1,1,1,2,6,5
SF,IF2009,2020-02-28 09:31:40.100,3965.8000,8753,0,190243500.000,0,-,-,-,-,3964.0000,3963.8000,3963.6000,3963.4000,3963.0000,3966.8000,3968.8000,3970.0000,3970.2000,3976.0000,1,1,1,1,1,1,2,6,5,3
SF,IF2009,2020-02-28 09:31:40.600,3965.8000,8753,0,190243500.000,0,-,-,-,-,3964.6000,3964.2000,3964.0000,3963.4000,3963.0000,3966.8000,3968.8000,3970.0000,3970.2000,3976.0000,1,1,1,1,1,1,2,6,5,3
SF,IF2009,2020-02-28 09:31:41.100,3965.8000,8753,0,190243500.000,0,-,-,-,-,3966.6000,3964.6000,3964.2000,3964.0000,3963.4000,3966.8000,3968.8000,3970.0000,3970.2000,3976.0000,1,1,1,1,1,1,2,6,5,3
SF,IF2009,2020-02-28 09:31:41.600,3966.0000,8754,1,191433300.000,1,1,0,双开,S,3964.6000,3964.2000,3964.0000,3963.0000,3961.6000,3966.8000,3968.8000,3970.0000,3970.2000,3976.0000,1,1,1,1,1,1,2,6,5,3
SF,IF2009,2020-02-28 09:31:42.100,3966.8000,8755,1,192623340.000,1,1,0,双开,S,3966.8000,3965.0000,3964.8000,3964.2000,3963.0000,3968.8000,3970.0000,3970.2000,3975.0000,3976.0000,2,1,2,1,1,2,1,5,5,3
SF,IF2009,2020-02-28 09:31:42.600,3966.8000,8755,0,192623340.000,0,-,-,-,-,3966.8000,3964.8000,3964.2000,3963.0000,3961.6000,3968.6000,3968.8000,3970.0000,3970.2000,3975.0000,2,1,1,1,1,5,4,1,5,5
SF,IF2009,2020-02-28 09:31:43.100,3966.8000,8755,0,192623340.000,0,-,-,-,-,3966.8000,3964.8000,3964.2000,3963.6000,3963.0000,3968.8000,3970.0000,3970.2000,3975.0000,3976.0000,2,1,1,1,1,2,1,5,5,3
SF,IF2009,2020-02-28 09:31:43.600,3966.8000,8755,0,193813380.000,1,0,1,多换,S,3966.8000,3964.8000,3964.2000,3963.6000,3963.0000,3968.8000,3970.0000,3970.2000,3975.0000,3976.0000,1,1,1,1,1,2,1,5,5,3
SF,IF2009,2020-02-28 09:31:46.100,3966.8000,8755,0,193813380.000,0,-,-,-,-,3967.0000,3966.8000,3964.8000,3964.2000,3963.6000,3968.8000,3970.0000,3970.2000,3975.0000,3976.0000,1,1,1,1,1,2,1,5,5,3
SF,IF2009,2020-02-28 09:31:47.100,3966.8000,8755,0,193813380.000,0,-,-,-,-,3967.0000,3966.8000,3966.6000,3964.8000,3964.2000,3968.8000,3970.0000,3970.2000,3975.0000,3976.0000,1,1,1,1,1,2,1,5,5,3
SF,IF2009,2020-02-28 09:31:47.600,3968.8000,8756,1,195004020.000,1,1,0,双开,S,3967.0000,3966.8000,3966.6000,3964.8000,3964.2000,3968.8000,3970.0000,3970.2000,3975.0000,3976.0000,1,1,1,1,1,1,1,5,5,3
SF,IF2009,2020-02-28 09:31:48.100,3968.8000,8757,1,196194660.000,1,1,0,双开,S,3967.0000,3966.8000,3966.6000,3964.8000,3964.2000,3970.0000,3970.2000,3975.0000,3976.0000,3987.0000,1,1,1,1,1,1,5,5,3,1
SF,IF2009,2020-02-28 09:31:48.600,3968.8000,8757,0,196194660.000,0,-,-,-,-,3967.4000,3967.2000,3967.0000,3966.8000,3966.6000,3969.8000,3970.0000,3970.2000,3975.0000,3976.0000,1,1,1,1,1,3,2,5,5,3
SF,IF2009,2020-02-28 09:31:49.100,3968.8000,8757,0,196194660.000,0,-,-,-,-,3967.2000,3967.0000,3966.8000,3966.6000,3964.8000,3969.8000,3970.0000,3970.2000,3975.0000,3976.0000,1,1,1,1,1,3,2,5,5,3
SF,IF2009,2020-02-28 09:31:49.600,3968.8000,8757,0,196194660.000,0,-,-,-,-,3967.4000,3967.2000,3967.0000,3966.8000,3966.6000,3969.8000,3970.0000,3970.2000,3975.0000,3976.0000,1,1,1,1,1,3,1,5,5,3
SF,IF2009,2020-02-28 09:31:50.100,3968.8000,8757,0,196194660.000,0,-,-,-,-,3967.4000,3967.2000,3967.0000,3966.8000,3966.6000,3970.0000,3970.2000,3975.0000,3976.0000,3987.0000,1,1,1,1,1,1,4,5,3,1
SF,IF2009,2020-02-28 09:31:50.600,3969.8000,8758,1,197385600.000,1,1,0,双开,S,3967.4000,3967.2000,3967.0000,3966.8000,3966.6000,3970.0000,3970.2000,3975.0000,3976.0000,3987.0000,1,1,1,1,1,1,5,5,3,1
SF,IF2009,2020-02-28 09:31:51.100,3969.8000,8758,0,197385600.000,0,-,-,-,-,3967.4000,3967.2000,3967.0000,3966.8000,3966.6000,3969.8000,3970.0000,3970.2000,3975.0000,3976.0000,1,1,1,1,1,3,1,5,5,3
SF,IF2009,2020-02-28 09:31:51.600,3969.8000,8758,0,197385600.000,0,-,-,-,-,3967.6000,3967.4000,3967.2000,3967.0000,3966.8000,3970.0000,3970.2000,3975.0000,3976.0000,3987.0000,1,1,1,1,1,1,4,5,3,1
SF,IF2009,2020-02-28 09:31:52.100,3969.8000,8758,0,197385600.000,0,-,-,-,-,3967.8000,3967.6000,3967.2000,3967.0000,3966.8000,3970.0000,3970.2000,3975.0000,3976.0000,3987.0000,1,1,2,1,1,1,4,5,3,1
SF,IF2009,2020-02-28 09:31:52.600,3969.8000,8758,0,197385600.000,0,-,-,-,-,3967.8000,3967.6000,3967.2000,3967.0000,3966.8000,3970.0000,3970.2000,3975.0000,3976.0000,3987.0000,1,1,1,1,1,1,4,5,3,1
SF,IF2009,2020-02-28 09:31:53.100,3969.8000,8758,0,197385600.000,0,-,-,-,-,3967.8000,3967.6000,3967.0000,3966.8000,3966.6000,3970.0000,3970.2000,3975.0000,3976.0000,3987.0000,2,1,1,1,1,1,4,5,3,1
SF,IF2009,2020-02-28 09:31:53.600,3970.2000,8762,4,203340840.000,5,4,1,空开,S,3967.8000,3967.6000,3967.0000,3966.8000,3966.6000,3975.0000,3976.0000,3987.0000,3988.8000,4011.0000,2,1,1,1,1,5,3,1,1,1
SF,IF2009,2020-02-28 09:31:54.100,3970.2000,8762,0,203340840.000,0,-,-,-,-,3968.4000,3968.0000,3967.8000,3967.6000,3967.0000,3973.2000,3974.6000,3974.8000,3975.0000,3976.0000,1,2,1,1,1,2,3,7,6,3
SF,IF2009,2020-02-28 09:31:54.600,3970.2000,8762,0,203340840.000,0,-,-,-,-,3968.4000,3968.0000,3967.8000,3967.6000,3967.0000,3971.2000,3973.0000,3973.2000,3974.6000,3974.8000,1,2,1,1,1,1,5,2,3,6
SF,IF2009,2020-02-28 09:31:55.100,3970.2000,8762,0,203340840.000,0,-,-,-,-,3968.4000,3968.0000,3967.8000,3967.6000,3967.0000,3971.0000,3971.2000,3973.0000,3973.2000,3974.6000,1,2,1,1,1,1,1,4,2,3
SF,IF2009,2020-02-28 09:31:55.600,3970.2000,8762,0,203340840.000,0,-,-,-,-,3968.6000,3968.0000,3967.8000,3967.6000,3967.0000,3971.0000,3971.2000,3973.0000,3973.2000,3974.6000,1,2,1,1,1,1,1,4,2,3
SF,IF2009,2020-02-28 09:31:56.100,3970.2000,8762,0,203340840.000,0,-,-,-,-,3968.6000,3968.0000,3967.8000,3967.6000,3967.0000,3971.0000,3971.2000,3973.0000,3973.2000,3974.6000,1,2,1,1,1,1,1,4,2,3
SF,IF2009,2020-02-28 09:31:56.600,3970.2000,8762,0,203340840.000,0,-,-,-,-,3968.6000,3968.0000,3967.8000,3967.6000,3967.0000,3971.0000,3973.0000,3973.2000,3974.6000,3974.8000,1,2,1,1,1,1,4,2,3,6
SF,IF2009,2020-02-28 09:31:57.100,3970.2000,8762,0,203340840.000,0,-,-,-,-,3969.4000,3969.0000,3968.0000,3967.8000,3967.6000,3971.0000,3973.0000,3973.2000,3974.6000,3974.8000,1,1,2,1,1,1,4,2,3,6
SF,IF2009,2020-02-28 09:31:57.600,3970.2000,8762,0,203340840.000,0,-,-,-,-,3969.4000,3969.0000,3967.8000,3967.0000,3966.8000,3971.0000,3971.2000,3973.0000,3973.2000,3974.6000,1,1,1,1,1,1,1,4,2,3
SF,IF2009,2020-02-28 09:31:58.100,3970.2000,8762,0,203340840.000,0,-,-,-,-,3969.0000,3967.0000,3966.8000,3966.6000,3966.0000,3971.0000,3971.2000,3973.0000,3973.2000,3974.6000,1,1,1,1,1,1,1,1,2,3
SF,IF2009,2020-02-28 09:31:58.600,3970.2000,8762,0,203340840.000,0,-,-,-,-,3969.0000,3967.0000,3966.8000,3966.6000,3966.0000,3970.8000,3971.0000,3971.2000,3973.0000,3973.2000,2,1,1,1,1,1,3,1,1,2
SF,IF2009,2020-02-28 09:31:59.100,3970.2000,8762,0,203340840.000,0,-,-,-,-,3969.0000,3967.0000,3966.8000,3966.6000,3966.0000,3970.6000,3970.8000,3971.0000,3971.2000,3973.0000,2,1,1,1,1,1,1,2,1,1
SF,IF2009,2020-02-28 09:31:59.600,3970.6000,8761,-1,204532020.000,1,0,1,双平,S,3967.0000,3966.8000,3966.6000,3966.0000,3963.6000,3973.0000,3973.2000,3974.6000,3974.8000,3975.0000,1,1,1,1,1,1,2,3,1,6
SF,IF2009,2020-02-28 09:32:00.100,3970.6000,8761,0,204532020.000,0,-,-,-,-,3969.2000,3968.6000,3967.2000,3967.0000,3966.8000,3972.8000,3973.0000,3973.2000,3974.6000,3974.8000,1,1,2,1,1,2,1,2,3,1
SF,IF2009,2020-02-28 09:32:00.600,3970.6000,8761,0,204532020.000,0,-,-,-,-,3969.4000,3968.6000,3967.2000,3967.0000,3966.8000,3971.2000,3972.6000,3972.8000,3973.0000,3973.2000,1,1,1,1,1,1,1,2,1,2
SF,IF2009,2020-02-28 09:32:01.100,3970.6000,8761,0,204532020.000,0,-,-,-,-,3968.6000,3967.2000,3967.0000,3966.8000,3966.6000,3971.0000,3971.2000,3972.6000,3972.8000,3973.0000,1,1,1,1,1,1,1,1,2,1
SF,IF2009,2020-02-28 09:32:01.600,3970.6000,8761,0,204532020.000,0,-,-,-,-,3967.2000,3967.0000,3966.8000,3966.6000,3966.0000,3970.2000,3971.0000,3971.2000,3972.6000,3972.8000,1,1,1,1,1,1,4,1,1,1
SF,IF2009,2020-02-28 09:32:02.100,3970.2000,8761,0,205723080.000,1,0,1,多换,S,3967.8000,3967.2000,3967.0000,3966.8000,3966.6000,3970.0000,3970.2000,3971.0000,3971.2000,3972.6000,1,1,1,1,1,1,1,3,1,1
SF,IF2009,2020-02-28 09:32:02.600,3969.2000,8761,0,206913840.000,1,0,1,多换,S,3968.0000,3967.2000,3967.0000,3966.8000,3966.6000,3968.8000,3969.8000,3970.0000,3970.2000,3971.0000,1,1,2,1,1,1,1,2,4,3
SF,IF2009,2020-02-28 09:32:03.100,3968.0000,8761,0,208104240.000,1,0,1,多换,S,3967.2000,3967.0000,3966.8000,3966.6000,3966.0000,3968.6000,3968.8000,3969.6000,3970.0000,3970.2000,1,1,1,1,1,1,1,1,2,4
SF,IF2009,2020-02-28 09:32:03.600,3967.0000,8762,1,210484500.000,2,1,1,空开,S,3966.8000,3966.6000,3966.0000,3965.8000,3963.6000,3968.4000,3968.6000,3968.8000,3970.0000,3970.2000,1,1,1,1,1,1,1,1,2,4
SF,IF2009,2020-02-28 09:32:04.100,3966.6000,8764,2,212864520.000,2,2,0,双开,S,3966.0000,3965.8000,3963.6000,3963.0000,3961.6000,3967.2000,3968.2000,3968.4000,3968.6000,3968.8000,1,1,1,1,1,1,1,5,1,1
SF,IF2009,2020-02-28 09:32:04.600,3966.6000,8764,0,212864520.000,0,-,-,-,-,3966.0000,3965.8000,3963.6000,3963.0000,3961.6000,3967.0000,3967.2000,3968.2000,3968.4000,3968.6000,1,1,1,1,1,1,1,2,3,1
SF,IF2009,2020-02-28 09:32:05.100,3966.6000,8764,0,212864520.000,0,-,-,-,-,3966.0000,3965.8000,3963.6000,3963.0000,3961.6000,3967.0000,3967.2000,3968.2000,3968.4000,3968.6000,1,1,1,1,1,5,1,1,3,1
SF,IF2009,2020-02-28 09:32:05.600,3966.6000,8764,0,212864520.000,0,-,-,-,-,3966.0000,3965.8000,3963.6000,3963.0000,3961.6000,3967.0000,3967.2000,3968.2000,3968.4000,3968.6000,1,1,1,1,1,5,1,1,3,1
SF,IF2009,2020-02-28 09:32:06.100,3965.8000,8765,1,215244060.000,2,1,1,空开,S,3963.6000,3963.0000,3961.6000,3961.2000,3960.0000,3967.0000,3967.2000,3968.2000,3968.4000,3968.6000,1,1,1,2,3,5,1,1,3,1
SF,IF2009,2020-02-28 09:32:06.600,3965.8000,8765,0,215244060.000,0,-,-,-,-,3963.8000,3963.6000,3963.0000,3961.6000,3961.2000,3966.0000,3967.0000,3967.2000,3968.2000,3968.4000,1,1,1,1,2,1,5,1,1,3
SF,IF2009,2020-02-28 09:32:07.100,3965.8000,8765,0,216433800.000,1,0,1,多换,S,3963.6000,3963.0000,3961.6000,3961.2000,3960.0000,3965.8000,3967.0000,3967.2000,3968.2000,3968.6000,1,1,1,2,3,1,5,1,1,1
SF,IF2009,2020-02-28 09:32:07.600,3965.8000,8765,0,216433800.000,0,-,-,-,-,3963.6000,3963.0000,3961.6000,3961.2000,3960.0000,3965.6000,3965.8000,3967.0000,3967.2000,3968.2000,1,1,1,2,3,1,1,4,1,1
SF,IF2009,2020-02-28 09:32:08.100,3965.8000,8765,0,216433800.000,0,-,-,-,-,3963.8000,3963.6000,3963.0000,3961.6000,3961.2000,3965.4000,3965.6000,3965.8000,3967.0000,3967.2000,1,1,1,1,2,1,1,1,4,1
SF,IF2009,2020-02-28 09:32:08.600,3965.8000,8765,0,216433800.000,0,-,-,-,-,3963.6000,3963.0000,3961.6000,3961.2000,3960.0000,3965.4000,3965.6000,3965.8000,3967.0000,3967.2000,1,1,1,2,3,2,1,1,4,1
SF,IF2009,2020-02-28 09:32:09.100,3965.8000,8765,0,216433800.000,0,-,-,-,-,3963.6000,3963.0000,3961.6000,3961.2000,3960.0000,3965.4000,3965.6000,3965.8000,3967.0000,3967.2000,1,1,1,2,3,1,1,1,4,1
SF,IF2009,2020-02-28 09:32:09.600,3965.8000,8765,0,216433800.000,0,-,-,-,-,3963.6000,3963.0000,3961.6000,3961.2000,3960.0000,3965.2000,3965.4000,3965.8000,3967.0000,3967.2000,1,1,1,2,3,1,1,1,4,1
SF,IF2009,2020-02-28 09:32:10.100,3965.8000,8765,0,216433800.000,0,-,-,-,-,3963.8000,3963.6000,3963.0000,3961.6000,3961.2000,3965.0000,3965.4000,3965.8000,3967.0000,3967.2000,1,1,1,1,2,1,1,1,4,1
SF,IF2009,2020-02-28 09:32:10.600,3965.8000,8765,0,216433800.000,0,-,-,-,-,3963.6000,3963.0000,3961.6000,3961.2000,3960.0000,3965.8000,3967.0000,3967.2000,3968.2000,3968.8000,1,1,1,2,3,1,1,1,1,1
SF,IF2009,2020-02-28 09:32:11.100,3965.8000,8765,0,216433800.000,0,-,-,-,-,3964.0000,3963.6000,3963.0000,3961.6000,3961.2000,3965.8000,3967.0000,3967.2000,3968.2000,3968.8000,1,1,1,1,2,1,1,1,1,1
SF,IF2009,2020-02-28 09:32:11.600,3965.8000,8765,0,216433800.000,0,-,-,-,-,3963.8000,3963.6000,3963.0000,3961.6000,3961.2000,3964.0000,3965.8000,3967.0000,3967.2000,3968.2000,1,1,1,1,2,1,1,1,1,1
SF,IF2009,2020-02-28 09:32:12.100,3965.8000,8765,0,216433800.000,0,-,-,-,-,3963.6000,3963.0000,3961.6000,3961.2000,3960.0000,3965.6000,3965.8000,3967.0000,3967.2000,3968.2000,1,1,1,2,3,4,1,1,1,1
SF,IF2009,2020-02-28 09:32:12.600,3963.6000,8765,0,217622880.000,1,0,1,多换,S,3963.0000,3961.6000,3961.2000,3960.0000,3958.8000,3963.6000,3965.4000,3965.6000,3965.8000,3967.0000,1,1,2,3,1,1,2,3,1,1
SF,IF2009,2020-02-28 09:32:13.100,3963.6000,8765,0,218811960.000,1,0,1,多换,S,3963.0000,3961.6000,3961.2000,3960.0000,3958.8000,3964.4000,3965.4000,3965.6000,3965.8000,3967.0000,1,1,2,4,1,1,1,3,1,1
SF,IF2009,2020-02-28 09:32:13.600,3963.6000,8765,0,218811960.000,0,-,-,-,-,3963.0000,3961.6000,3961.2000,3960.0000,3958.8000,3965.4000,3965.6000,3965.8000,3967.0000,3967.2000,1,1,2,4,1,1,3,1,1,1
SF,IF2009,2020-02-28 09:32:14.100,3963.6000,8765,0,218811960.000,0,-,-,-,-,3963.2000,3963.0000,3961.6000,3961.2000,3960.0000,3964.8000,3965.2000,3965.6000,3965.8000,3967.0000,1,1,1,2,4,1,2,3,1,1
SF,IF2009,2020-02-28 09:32:14.600,3963.6000,8765,0,218811960.000,0,-,-,-,-,3963.4000,3963.0000,3961.6000,3961.2000,3960.0000,3964.8000,3965.2000,3965.6000,3965.8000,3967.0000,1,1,1,2,4,1,2,3,1,1
SF,IF2009,2020-02-28 09:32:15.600,3963.4000,8764,-1,220000980.000,1,0,1,双平,S,3963.0000,3961.6000,3961.2000,3960.0000,3958.8000,3963.4000,3964.8000,3965.2000,3965.6000,3965.8000,1,1,2,4,1,1,1,2,3,1
SF,IF2009,2020-02-28 09:32:16.100,3963.4000,8764,0,221190000.000,1,0,1,多换,S,3963.0000,3961.6000,3961.2000,3960.0000,3958.8000,3964.4000,3964.6000,3964.8000,3965.2000,3965.8000,1,1,2,4,1,1,2,1,2,1
SF,IF2009,2020-02-28 09:32:16.600,3963.4000,8764,0,221190000.000,0,-,-,-,-,3963.0000,3961.6000,3961.2000,3960.0000,3958.8000,3964.2000,3964.4000,3964.6000,3965.2000,3965.8000,1,1,2,4,1,1,1,1,1,1
SF,IF2009,2020-02-28 09:32:17.100,3963.4000,8764,0,221190000.000,0,-,-,-,-,3963.0000,3961.6000,3961.2000,3960.0000,3958.8000,3964.0000,3964.2000,3964.4000,3964.6000,3965.2000,1,1,2,4,1,1,3,2,1,1
SF,IF2009,2020-02-28 09:32:17.600,3963.0000,8765,1,222378900.000,1,1,0,双开,S,3961.6000,3961.2000,3960.0000,3958.8000,3958.6000,3964.0000,3964.2000,3964.4000,3964.6000,3965.2000,1,2,4,1,1,1,2,2,1,1
SF,IF2009,2020-02-28 09:32:18.100,3963.0000,8765,0,222378900.000,0,-,-,-,-,3961.6000,3961.2000,3960.0000,3958.8000,3958.6000,3963.0000,3963.8000,3964.0000,3964.2000,3964.4000,1,2,4,1,1,1,5,1,1,2
SF,IF2009,2020-02-28 09:32:18.600,3961.6000,8765,0,223567380.000,1,0,1,多换,S,3961.2000,3960.0000,3958.8000,3958.6000,3956.8000,3962.8000,3963.4000,3963.8000,3964.2000,3964.4000,2,4,1,1,1,7,1,2,1,2
SF,IF2009,2020-02-28 09:32:19.100,3961.2000,8765,0,227132460.000,3,1,2,多换,S,3960.0000,3958.8000,3958.6000,3956.8000,3956.2000,3961.2000,3961.6000,3962.4000,3962.6000,3962.8000,4,1,1,1,1,1,2,2,2,8
SF,IF2009,2020-02-28 09:32:19.600,3960.0000,8765,0,230696460.000,3,1,2,多换,S,3960.0000,3958.8000,3958.6000,3956.8000,3956.2000,3961.2000,3961.6000,3962.4000,3962.6000,3962.8000,1,1,1,1,1,3,1,1,1,8
SF,IF2009,2020-02-28 09:32:20.100,3960.0000,8765,0,233072460.000,2,1,1,多换,S,3958.8000,3958.6000,3956.8000,3956.2000,3955.0000,3959.6000,3960.0000,3960.2000,3961.2000,3961.6000,1,1,1,1,1,1,3,1,3,1
SF,IF2009,2020-02-28 09:32:20.600,3958.8000,8765,0,234260100.000,1,0,1,多换,S,3958.6000,3956.8000,3956.2000,3955.0000,3952.0000,3959.4000,3959.6000,3960.0000,3961.2000,3961.6000,1,1,1,1,1,1,1,2,9,1
SF,IF2009,2020-02-28 09:32:21.100,3958.6000,8765,0,235447680.000,1,0,1,多换,S,3956.8000,3956.2000,3955.0000,3952.0000,3951.8000,3958.8000,3959.2000,3959.4000,3959.6000,3960.0000,1,1,1,1,1,1,1,1,1,2
SF,IF2009,2020-02-28 09:32:21.600,3958.6000,8765,0,235447680.000,0,-,-,-,-,3957.8000,3957.0000,3956.8000,3956.2000,3955.0000,3958.6000,3959.2000,3959.4000,3959.6000,3960.0000,1,1,1,1,1,1,2,1,1,2
SF,IF2009,2020-02-28 09:32:22.100,3958.6000,8765,0,235447680.000,0,-,-,-,-,3957.0000,3956.8000,3956.2000,3955.0000,3952.0000,3957.6000,3957.8000,3958.6000,3959.2000,3959.4000,1,1,1,1,1,1,1,1,1,1
SF,IF2009,2020-02-28 09:32:22.600,3957.8000,8765,0,237822300.000,2,1,1,多换,S,3957.6000,3956.8000,3956.2000,3955.0000,3952.0000,3958.6000,3959.2000,3959.4000,3960.0000,3961.2000,1,1,1,1,1,1,1,1,1,7
SF,IF2009,2020-02-28 09:32:23.100,3958.6000,8764,-1,239009880.000,1,0,1,双平,S,3957.6000,3956.8000,3956.2000,3955.0000,3952.0000,3959.2000,3959.4000,3961.2000,3962.4000,3962.8000,2,1,1,1,1,1,1,7,1,2
SF,IF2009,2020-02-28 09:32:23.600,3959.2000,8763,-1,240197640.000,1,0,1,双平,S,3957.6000,3956.8000,3956.2000,3955.0000,3952.0000,3961.2000,3962.4000,3964.4000,3965.0000,3969.0000,3,1,1,1,1,7,1,1,5,5
SF,IF2009,2020-02-28 09:32:24.100,3959.2000,8763,0,240197640.000,0,-,-,-,-,3958.0000,3957.8000,3957.6000,3956.8000,3956.2000,3961.0000,3961.2000,3962.4000,3964.4000,3965.0000,1,2,2,1,1,7,7,1,1,5
SF,IF2009,2020-02-28 09:32:24.600,3959.2000,8763,0,240197640.000,0,-,-,-,-,3958.2000,3958.0000,3957.6000,3956.8000,3956.2000,3961.0000,3961.2000,3962.4000,3964.4000,3965.0000,2,1,2,1,1,7,7,1,1,5
SF,IF2009,2020-02-28 09:32:25.100,3959.2000,8763,0,240197640.000,0,-,-,-,-,3958.2000,3958.0000,3957.6000,3956.8000,3956.2000,3960.6000,3960.8000,3961.0000,3961.2000,3962.4000,2,1,2,1,1,1,1,4,7,1
SF,IF2009,2020-02-28 09:32:25.600,3959.2000,8763,0,240197640.000,0,-,-,-,-,3958.2000,3958.0000,3957.6000,3957.0000,3956.8000,3960.4000,3960.8000,3961.0000,3961.2000,3962.4000,2,1,2,1,1,3,2,4,7,1
SF,IF2009,2020-02-28 09:32:26.100,3959.2000,8763,0,240197640.000,0,-,-,-,-,3958.2000,3957.6000,3957.0000,3956.8000,3956.2000,3960.4000,3960.8000,3961.0000,3961.2000,3962.4000,1,2,1,1,1,1,2,4,7,1
SF,IF2009,2020-02-28 09:32:26.600,3960.4000,8763,0,241385760.000,1,0,1,多换,S,3958.6000,3958.4000,3957.6000,3957.0000,3956.8000,3960.0000,3960.8000,3961.0000,3961.2000,3962.4000,1,1,2,1,1,1,2,4,7,1
SF,IF2009,2020-02-28 09:32:27.100,3961.0000,8766,3,249703560.000,7,5,2,空开,S,3958.8000,3958.6000,3958.4000,3957.6000,3957.0000,3961.2000,3964.4000,3969.0000,3970.0000,3976.0000,1,2,1,2,1,7,1,5,5,3
SF,IF2009,2020-02-28 09:32:27.600,3961.2000,8764,-2,253268640.000,3,0,3,多平,S,3960.0000,3959.6000,3958.8000,3958.6000,3958.4000,3961.2000,3964.4000,3969.0000,3970.0000,3976.0000,2,1,1,1,1,4,1,5,5,3
SF,IF2009,2020-02-28 09:32:28.100,3961.2000,8764,0,253268640.000,0,-,-,-,-,3959.2000,3958.8000,3958.4000,3957.6000,3957.0000,3961.2000,3964.4000,3969.0000,3970.0000,3976.0000,1,1,1,1,1,4,1,5,5,3
SF,IF2009,2020-02-28 09:32:28.600,3961.2000,8768,4,259210440.000,5,4,1,空开,S,3960.0000,3958.8000,3958.4000,3957.6000,3957.0000,3961.2000,3964.4000,3969.0000,3970.0000,3976.0000,1,1,1,1,1,1,1,5,5,3
SF,IF2009,2020-02-28 09:32:29.100,3961.2000,8768,0,259210440.000,0,-,-,-,-,3958.8000,3958.4000,3957.6000,3957.0000,3956.8000,3961.2000,3964.4000,3969.0000,3970.0000,3976.0000,1,1,1,1,1,1,1,5,5,3
SF,IF2009,2020-02-28 09:32:29.600,3961.2000,8769,1,260398800.000,1,1,0,双开,S,3959.6000,3959.0000,3958.8000,3958.4000,3957.6000,3964.4000,3969.0000,3970.0000,3976.0000,3987.0000,1,1,1,1,1,1,5,5,3,1
SF,IF2009,2020-02-28 09:32:30.100,3961.2000,8769,0,260398800.000,0,-,-,-,-,3959.8000,3959.6000,3958.8000,3958.4000,3957.6000,3963.4000,3964.2000,3964.4000,3969.0000,3970.0000,2,1,1,1,1,1,2,3,5,5
SF,IF2009,2020-02-28 09:32:30.600,3959.8000,8768,-1,261586740.000,1,0,1,双平,S,3959.8000,3959.6000,3958.8000,3958.4000,3957.6000,3962.4000,3963.2000,3963.4000,3964.0000,3964.2000,1,1,1,1,1,1,3,1,2,1
SF,IF2009,2020-02-28 09:32:31.100,3959.8000,8767,-1,262774680.000,1,0,1,双平,S,3958.8000,3958.4000,3957.6000,3957.0000,3956.8000,3962.2000,3962.4000,3963.2000,3963.4000,3964.0000,1,1,1,1,1,1,1,2,1,2
SF,IF2009,2020-02-28 09:32:31.600,3959.8000,8767,0,262774680.000,0,-,-,-,-,3958.4000,3957.6000,3957.0000,3956.8000,3956.2000,3962.0000,3962.2000,3962.4000,3963.2000,3963.4000,1,1,1,2,1,2,1,1,1,1
SF,IF2009,2020-02-28 09:32:32.100,3959.8000,8767,0,262774680.000,0,-,-,-,-,3957.6000,3957.0000,3956.8000,3956.2000,3956.0000,3961.8000,3962.0000,3962.2000,3962.4000,3963.2000,1,1,2,1,1,1,2,1,1,1
SF,IF2009,2020-02-28 09:32:32.600,3959.8000,8767,0,262774680.000,0,-,-,-,-,3957.0000,3956.8000,3956.2000,3956.0000,3955.0000,3960.0000,3961.6000,3961.8000,3962.2000,3962.4000,1,2,1,1,1,1,2,1,1,1
SF,IF2009,2020-02-28 09:32:33.100,3959.8000,8767,0,262774680.000,0,-,-,-,-,3957.2000,3957.0000,3956.8000,3956.2000,3956.0000,3959.8000,3960.0000,3961.0000,3961.8000,3962.2000,1,1,2,1,1,2,1,1,1,1
SF,IF2009,2020-02-28 09:32:33.600,3959.8000,8767,0,262774680.000,0,-,-,-,-,3957.4000,3957.2000,3957.0000,3956.8000,3956.2000,3959.8000,3961.0000,3961.8000,3962.2000,3962.4000,1,1,1,2,1,1,1,1,1,1
SF,IF2009,2020-02-28 09:32:34.100,3959.8000,8767,0,262774680.000,0,-,-,-,-,3957.6000,3957.4000,3957.0000,3956.8000,3956.2000,3959.8000,3960.0000,3961.0000,3962.4000,3963.4000,1,1,1,2,1,1,1,1,1,1
SF,IF2009,2020-02-28 09:32:34.600,3959.8000,8767,0,262774680.000,0,-,-,-,-,3957.6000,3957.4000,3957.0000,3956.8000,3956.2000,3961.0000,3962.4000,3963.4000,3964.0000,3964.4000,1,1,1,2,1,1,1,1,2,1
SF,IF2009,2020-02-28 09:32:35.100,3959.8000,8767,0,262774680.000,0,-,-,-,-,3957.8000,3957.6000,3957.4000,3957.0000,3956.8000,3960.0000,3960.8000,3961.0000,3962.4000,3963.4000,1,1,1,1,2,1,1,1,1,1
SF,IF2009,2020-02-28 09:32:35.600,3959.8000,8767,0,262774680.000,0,-,-,-,-,3957.8000,3957.6000,3957.4000,3957.0000,3956.8000,3960.0000,3960.8000,3961.0000,3962.4000,3963.4000,1,1,1,1,2,1,1,1,1,1
SF,IF2009,2020-02-28 09:32:36.100,3959.8000,8767,0,262774680.000,0,-,-,-,-,3958.0000,3957.8000,3957.4000,3957.0000,3956.8000,3960.8000,3961.0000,3962.4000,3963.4000,3964.0000,1,1,1,1,2,1,1,1,1,2
SF,IF2009,2020-02-28 09:32:36.600,3959.8000,8767,0,262774680.000,0,-,-,-,-,3958.2000,3958.0000,3957.8000,3957.4000,3957.0000,3960.6000,3960.8000,3962.4000,3963.4000,3964.0000,1,1,1,1,1,1,1,1,1,2
SF,IF2009,2020-02-28 09:32:37.100,3959.8000,8767,0,262774680.000,0,-,-,-,-,3959.8000,3958.2000,3958.0000,3957.8000,3957.0000,3960.6000,3960.8000,3962.4000,3963.4000,3964.0000,1,1,1,1,1,1,1,1,1,2
SF,IF2009,2020-02-28 09:32:37.600,3959.8000,8767,0,263962620.000,1,0,1,多换,S,3958.2000,3957.8000,3957.0000,3956.8000,3956.2000,3959.6000,3959.8000,3960.0000,3960.4000,3960.6000,1,1,1,2,1,1,2,1,2,1
SF,IF2009,2020-02-28 09:32:38.100,3959.8000,8767,0,265150560.000,1,0,1,多换,S,3958.4000,3958.2000,3957.0000,3956.8000,3956.2000,3960.6000,3962.4000,3964.0000,3964.4000,3969.0000,2,1,1,2,1,1,1,2,1,5
SF,IF2009,2020-02-28 09:32:38.600,3959.8000,8767,0,265150560.000,0,-,-,-,-,3958.4000,3958.2000,3957.0000,3956.8000,3956.2000,3960.6000,3962.4000,3964.0000,3964.4000,3969.0000,1,1,1,2,1,1,1,2,1,5
SF,IF2009,2020-02-28 09:32:39.100,3959.8000,8767,0,265150560.000,0,-,-,-,-,3958.4000,3957.0000,3956.8000,3956.2000,3956.0000,3962.4000,3964.0000,3964.4000,3969.0000,3970.0000,1,1,2,1,1,1,2,1,5,5
SF,IF2009,2020-02-28 09:32:39.600,3959.8000,8767,0,265150560.000,0,-,-,-,-,3957.0000,3956.8000,3956.2000,3956.0000,3955.0000,3960.0000,3961.0000,3962.0000,3962.2000,3962.4000,1,2,1,1,1,1,1,2,3,1
SF,IF2009,2020-02-28 09:32:40.100,3959.8000,8767,0,265150560.000,0,-,-,-,-,3957.4000,3957.2000,3957.0000,3956.8000,3956.2000,3959.8000,3960.0000,3961.0000,3962.2000,3962.4000,1,1,1,2,1,1,1,1,1,1
SF,IF2009,2020-02-28 09:32:40.600,3959.8000,8767,0,265150560.000,0,-,-,-,-,3957.6000,3957.4000,3957.0000,3956.8000,3956.2000,3959.8000,3960.0000,3961.0000,3962.2000,3962.4000,1,1,1,2,1,1,1,1,1,1
SF,IF2009,2020-02-28 09:32:41.100,3957.4000,8767,0,267525060.000,2,1,1,多换,S,3957.0000,3956.8000,3956.2000,3956.0000,3955.0000,3957.4000,3960.0000,3961.0000,3962.2000,3962.4000,1,2,1,1,1,4,1,1,1,1
SF,IF2009,2020-02-28 09:32:41.600,3957.4000,8767,0,272273940.000,4,2,2,多换,S,3957.4000,3957.2000,3957.0000,3956.8000,3956.2000,3960.0000,3961.0000,3962.2000,3962.4000,3964.4000,2,1,1,2,1,1,1,1,1,1
SF,IF2009,2020-02-28 09:32:42.100,3957.4000,8767,0,272273940.000,0,-,-,-,-,3957.4000,3957.0000,3956.8000,3956.2000,3956.0000,3959.8000,3960.0000,3961.0000,3962.4000,3964.4000,1,1,2,1,1,4,2,1,1,1
SF,IF2009,2020-02-28 09:32:42.600,3957.4000,8767,0,272273940.000,0,-,-,-,-,3957.0000,3956.8000,3956.2000,3956.0000,3955.0000,3959.6000,3959.8000,3960.0000,3961.0000,3962.4000,1,2,1,1,1,1,3,2,1,1
SF,IF2009,2020-02-28 09:32:43.100,3957.4000,8767,0,272273940.000,0,-,-,-,-,3957.0000,3956.8000,3956.2000,3956.0000,3955.0000,3959.4000,3959.6000,3959.8000,3960.0000,3961.0000,1,2,1,1,1,2,2,3,2,1
SF,IF2009,2020-02-28 09:32:43.600,3957.0000,8767,0,273461040.000,1,0,1,多换,S,3956.8000,3956.2000,3956.0000,3955.0000,3952.0000,3959.4000,3959.6000,3959.8000,3960.0000,3961.0000,2,1,1,1,1,1,2,2,2,1
SF,IF2009,2020-02-28 09:32:44.100,3957.0000,8767,0,273461040.000,0,-,-,-,-,3956.8000,3956.2000,3956.0000,3955.0000,3952.0000,3959.0000,3959.2000,3959.4000,3959.6000,3959.8000,2,1,1,1,1,1,2,1,2,2
SF,IF2009,2020-02-28 09:32:44.600,3959.0000,8767,0,274648740.000,1,0,1,多换,S,3956.8000,3956.2000,3956.0000,3955.0000,3952.0000,3958.8000,3959.2000,3959.4000,3959.6000,3959.8000,2,1,1,1,1,2,1,1,2,2
SF,IF2009,2020-02-28 09:32:45.100,3959.0000,8767,0,274648740.000,0,-,-,-,-,3957.0000,3956.8000,3956.2000,3956.0000,3955.0000,3958.6000,3958.8000,3959.4000,3959.6000,3959.8000,1,2,1,1,1,1,2,1,2,2
SF,IF2009,2020-02-28 09:32:45.600,3959.0000,8767,0,274648740.000,0,-,-,-,-,3957.0000,3956.8000,3956.2000,3956.0000,3955.0000,3958.4000,3958.8000,3959.4000,3959.6000,3959.8000,1,2,1,1,1,1,2,1,2,2
SF,IF2009,2020-02-28 09:32:46.100,3959.0000,8767,0,274648740.000,0,-,-,-,-,3957.0000,3956.8000,3956.2000,3956.0000,3955.0000,3958.2000,3958.8000,3959.4000,3959.6000,3959.8000,1,2,1,1,1,2,1,1,1,2
SF,IF2009,2020-02-28 09:32:46.600,3958.2000,8766,-1,275836200.000,1,0,1,双平,S,3957.0000,3956.8000,3956.2000,3956.0000,3955.0000,3958.8000,3959.4000,3959.6000,3959.8000,3960.0000,1,2,1,1,1,1,1,1,2,2
SF,IF2009,2020-02-28 09:32:47.100,3958.2000,8766,0,275836200.000,0,-,-,-,-,3957.0000,3956.8000,3956.2000,3956.0000,3955.0000,3959.4000,3959.6000,3959.8000,3960.0000,3961.0000,1,2,1,1,1,1,1,2,2,1
SF,IF2009,2020-02-28 09:32:47.600,3958.2000,8766,0,275836200.000,0,-,-,-,-,3958.8000,3957.0000,3956.8000,3956.2000,3956.0000,3959.2000,3959.4000,3959.6000,3959.8000,3960.0000,1,1,2,1,1,1,1,1,2,2
SF,IF2009,2020-02-28 09:32:48.100,3957.0000,8765,-1,279398580.000,3,1,2,多平,S,3956.8000,3956.2000,3956.0000,3955.0000,3952.0000,3957.0000,3958.8000,3959.2000,3959.4000,3959.6000,2,1,1,1,1,1,1,1,1,1
SF,IF2009,2020-02-28 09:32:48.600,3957.0000,8764,-1,280585680.000,1,0,1,双平,S,3956.8000,3956.2000,3956.0000,3955.0000,3952.0000,3959.6000,3959.8000,3960.0000,3961.0000,3962.4000,2,1,1,1,1,1,1,2,1,1
SF,IF2009,2020-02-28 09:32:49.100,3957.0000,8764,0,280585680.000,0,-,-,-,-,3956.8000,3956.2000,3956.0000,3955.0000,3952.0000,3959.4000,3959.6000,3959.8000,3960.0000,3961.0000,2,1,1,1,1,4,1,1,2,1
SF,IF2009,2020-02-28 09:32:50.100,3957.0000,8764,0,280585680.000,0,-,-,-,-,3956.8000,3956.2000,3956.0000,3955.0000,3952.0000,3957.0000,3959.4000,3959.6000,3959.8000,3960.0000,2,1,1,1,1,5,4,1,1,2
SF,IF2009,2020-02-28 09:32:50.600,3957.0000,8764,0,286521180.000,5,2,3,多换,S,3957.0000,3956.8000,3956.2000,3956.0000,3955.0000,3959.4000,3959.6000,3959.8000,3960.0000,3961.0000,1,2,1,1,1,2,1,1,2,1
SF,IF2009,2020-02-28 09:32:51.100,3959.4000,8764,0,287709000.000,1,0,1,多换,S,3957.0000,3956.8000,3956.2000,3956.0000,3955.0000,3959.4000,3959.6000,3959.8000,3960.0000,3961.0000,1,2,1,1,1,1,1,1,2,1
SF,IF2009,2020-02-28 09:32:51.600,3959.4000,8764,0,287709000.000,0,-,-,-,-,3957.2000,3957.0000,3956.8000,3956.2000,3956.0000,3959.4000,3959.6000,3959.8000,3960.0000,3961.0000,2,1,2,1,1,1,1,1,2,1
SF,IF2009,2020-02-28 09:32:52.100,3959.4000,8764,0,287709000.000,0,-,-,-,-,3957.2000,3957.0000,3956.8000,3956.2000,3956.0000,3959.4000,3959.8000,3960.0000,3961.0000,3962.4000,2,2,2,1,1,1,1,2,1,1
SF,IF2009,2020-02-28 09:32:52.600,3957.4000,8763,-1,288896220.000,1,0,1,双平,S,3957.4000,3957.2000,3957.0000,3956.8000,3956.2000,3959.4000,3959.8000,3960.0000,3961.0000,3962.4000,1,2,2,2,1,1,1,2,1,1
SF,IF2009,2020-02-28 09:32:53.100,3957.4000,8763,0,288896220.000,0,-,-,-,-,3957.6000,3957.4000,3957.2000,3957.0000,3956.8000,3959.4000,3959.8000,3960.0000,3961.0000,3962.4000,2,1,1,2,2,1,1,2,1,1
SF,IF2009,2020-02-28 09:32:53.600,3957.4000,8763,0,288896220.000,0,-,-,-,-,3957.6000,3957.4000,3957.0000,3956.8000,3956.2000,3959.4000,3959.8000,3960.0000,3961.0000,3962.4000,2,1,2,2,1,1,1,2,1,1
SF,IF2009,2020-02-28 09:32:54.100,3957.4000,8763,0,288896220.000,0,-,-,-,-,3958.0000,3957.8000,3957.6000,3957.0000,3956.8000,3959.8000,3960.0000,3961.0000,3962.4000,3964.4000,3,2,1,2,2,1,1,1,1,1
SF,IF2009,2020-02-28 09:32:54.600,3957.4000,8763,0,288896220.000,0,-,-,-,-,3958.2000,3958.0000,3957.8000,3957.0000,3956.8000,3959.8000,3960.0000,3961.0000,3962.4000,3964.4000,1,1,2,2,2,1,1,1,1,1
SF,IF2009,2020-02-28 09:32:55.100,3959.8000,8763,0,290084160.000,1,0,1,多换,S,3958.4000,3958.0000,3957.8000,3957.0000,3956.8000,3959.0000,3960.0000,3961.0000,3962.4000,3964.4000,3,1,1,2,2,2,1,1,1,1
SF,IF2009,2020-02-28 09:32:55.600,3959.0000,8761,-2,292459560.000,2,0,2,双平,S,3958.4000,3957.8000,3957.0000,3956.8000,3956.2000,3961.0000,3962.4000,3964.4000,3969.0000,3970.0000,2,1,2,2,1,1,1,1,5,5
SF,IF2009,2020-02-28 09:32:56.100,3959.0000,8761,0,292459560.000,0,-,-,-,-,3959.2000,3959.0000,3957.0000,3956.8000,3956.2000,3960.8000,3962.4000,3964.4000,3969.0000,3970.0000,1,1,2,2,1,1,1,1,5,5
SF,IF2009,2020-02-28 09:32:56.600,3959.0000,8761,0,292459560.000,0,-,-,-,-,3959.4000,3959.2000,3959.0000,3958.6000,3957.0000,3960.8000,3962.4000,3964.4000,3969.0000,3970.0000,1,1,1,1,1,1,1,1,5,5
SF,IF2009,2020-02-28 09:32:57.100,3959.0000,8761,0,292459560.000,0,-,-,-,-,3959.2000,3959.0000,3957.6000,3957.0000,3956.8000,3960.6000,3960.8000,3962.4000,3964.4000,3969.0000,1,1,1,1,2,1,1,1,1,5
SF,IF2009,2020-02-28 09:32:57.600,3959.2000,8760,-1,293647320.000,1,0,1,双平,S,3959.0000,3957.6000,3957.0000,3956.8000,3956.2000,3960.4000,3960.6000,3962.4000,3964.4000,3969.0000,1,1,1,2,1,1,1,1,1,5
SF,IF2009,2020-02-28 09:32:58.100,3959.2000,8760,0,293647320.000,0,-,-,-,-,3959.0000,3957.6000,3957.0000,3956.8000,3956.2000,3960.0000,3960.4000,3960.6000,3962.4000,3964.4000,1,1,2,2,1,1,1,1,1,1
SF,IF2009,2020-02-28 09:32:58.600,3959.0000,8760,0,294835020.000,1,0,1,多换,S,3957.6000,3957.0000,3956.8000,3956.2000,3955.0000,3960.0000,3960.4000,3962.4000,3964.4000,3969.0000,1,2,2,1,1,1,1,1,1,5
SF,IF2009,2020-02-28 09:32:59.100,3959.0000,8760,0,294835020.000,0,-,-,-,-,3957.6000,3957.0000,3956.8000,3956.2000,3955.0000,3960.4000,3962.4000,3964.4000,3969.0000,3970.0000,1,2,2,1,1,1,1,1,5,5
SF,IF2009,2020-02-28 09:32:59.600,3959.0000,8760,0,294835020.000,0,-,-,-,-,3957.8000,3957.6000,3957.0000,3956.8000,3956.2000,3959.8000,3960.2000,3960.4000,3962.4000,3964.4000,2,1,2,2,1,1,1,1,1,1
SF,IF2009,2020-02-28 09:33:00.100,3959.0000,8760,0,294835020.000,0,-,-,-,-,3958.8000,3957.6000,3957.0000,3956.8000,3956.2000,3960.2000,3960.4000,3962.4000,3964.4000,3969.0000,1,1,2,2,1,2,1,1,1,5
SF,IF2009,2020-02-28 09:33:00.600,3959.0000,8760,0,294835020.000,0,-,-,-,-,3959.0000,3958.8000,3958.0000,3957.6000,3957.0000,3960.0000,3962.4000,3964.4000,3969.0000,3970.0000,1,1,2,2,2,1,1,1,5,5
SF,IF2009,2020-02-28 09:33:01.100,3958.8000,8760,0,296022660.000,1,0,1,多换,S,3957.6000,3957.0000,3956.8000,3956.2000,3955.0000,3960.0000,3962.4000,3964.4000,3969.0000,3970.0000,1,2,2,1,1,2,1,1,5,5
SF,IF2009,2020-02-28 09:33:01.600,3958.8000,8760,0,296022660.000,0,-,-,-,-,3957.6000,3957.0000,3956.8000,3956.2000,3955.0000,3959.0000,3959.8000,3960.0000,3962.4000,3964.4000,1,2,2,1,1,1,3,2,1,1
SF,IF2009,2020-02-28 09:33:02.100,3957.6000,8759,-1,297209940.000,1,0,1,双平,S,3957.0000,3956.8000,3956.2000,3955.0000,3952.0000,3958.8000,3959.0000,3959.6000,3959.8000,3960.0000,2,2,1,1,1,2,1,1,1,3
SF,IF2009,2020-02-28 09:33:02.600,3957.0000,8758,-1,299584140.000,2,0,2,多平,S,3956.8000,3956.2000,3955.0000,3952.0000,3951.8000,3957.6000,3958.8000,3959.0000,3959.6000,3960.0000,2,1,1,1,1,1,3,1,1,3
SF,IF2009,2020-02-28 09:33:03.100,3956.8000,8758,0,300771180.000,1,0,1,多换,S,3956.8000,3956.2000,3955.0000,3952.0000,3951.8000,3957.6000,3958.8000,3959.0000,3959.6000,3960.0000,1,1,1,1,1,1,1,1,1,3
SF,IF2009,2020-02-28 09:33:03.600,3956.8000,8758,0,300771180.000,0,-,-,-,-,3956.8000,3956.2000,3955.0000,3952.0000,3951.8000,3957.6000,3958.8000,3959.0000,3959.6000,3960.0000,2,1,1,1,1,1,1,1,1,3
SF,IF2009,2020-02-28 09:33:04.100,3956.8000,8758,0,303145260.000,2,1,1,多换,S,3956.2000,3955.0000,3952.0000,3951.8000,3951.0000,3957.6000,3958.8000,3959.0000,3959.6000,3960.0000,1,1,1,1,1,1,1,1,1,3
SF,IF2009,2020-02-28 09:33:04.600,3956.8000,8758,0,303145260.000,0,-,-,-,-,3956.2000,3955.0000,3952.0000,3951.8000,3951.0000,3958.8000,3959.0000,3959.6000,3960.0000,3962.4000,1,1,1,1,1,1,1,1,3,1
SF,IF2009,2020-02-28 09:33:05.100,3956.8000,8758,0,303145260.000,0,-,-,-,-,3957.2000,3956.2000,3955.0000,3952.0000,3951.8000,3958.4000,3958.6000,3958.8000,3959.0000,3959.6000,1,1,1,1,1,1,3,1,1,1
SF,IF2009,2020-02-28 09:33:05.600,3957.2000,8758,0,304332420.000,1,0,1,多换,S,3956.2000,3955.0000,3952.0000,3951.8000,3951.0000,3958.2000,3958.6000,3958.8000,3959.0000,3959.6000,1,1,1,1,1,1,3,1,1,1
SF,IF2009,2020-02-28 09:33:06.100,3957.2000,8758,0,304332420.000,0,-,-,-,-,3956.2000,3955.0000,3952.0000,3951.8000,3951.0000,3958.0000,3958.2000,3958.6000,3958.8000,3959.0000,1,1,1,1,1,2,1,2,1,1
SF,IF2009,2020-02-28 09:33:06.600,3957.2000,8758,0,304332420.000,0,-,-,-,-,3956.4000,3956.2000,3955.0000,3952.0000,3951.8000,3958.0000,3958.2000,3958.8000,3959.0000,3959.6000,1,1,1,1,1,2,1,1,1,1
SF,IF2009,2020-02-28 09:33:07.100,3956.2000,8758,0,305519280.000,1,0,1,多换,S,3955.0000,3952.0000,3951.8000,3951.0000,3950.6000,3957.8000,3958.0000,3958.2000,3958.8000,3959.0000,1,1,1,1,1,2,1,1,1,1
SF,IF2009,2020-02-28 09:33:07.600,3956.2000,8758,0,305519280.000,0,-,-,-,-,3955.0000,3952.0000,3951.8000,3951.0000,3950.6000,3957.6000,3957.8000,3958.2000,3958.8000,3959.0000,1,1,1,1,1,2,2,1,1,1
SF,IF2009,2020-02-28 09:33:08.100,3956.2000,8758,0,305519280.000,0,-,-,-,-,3955.0000,3952.0000,3951.8000,3951.0000,3950.6000,3957.6000,3958.2000,3958.8000,3959.0000,3959.6000,1,1,1,1,1,3,1,1,1,1
SF,IF2009,2020-02-28 09:33:08.600,3956.2000,8758,0,305519280.000,0,-,-,-,-,3955.0000,3952.0000,3951.8000,3951.0000,3950.6000,3957.4000,3957.6000,3958.2000,3958.8000,3959.0000,1,1,1,1,1,1,1,1,1,1
SF,IF2009,2020-02-28 09:33:09.100,3956.2000,8758,0,305519280.000,0,-,-,-,-,3955.2000,3955.0000,3952.0000,3951.8000,3951.0000,3957.4000,3957.6000,3958.2000,3958.8000,3959.0000,1,1,1,1,1,1,1,1,1,1
SF,IF2009,2020-02-28 09:33:09.600,3956.2000,8758,0,305519280.000,0,-,-,-,-,3955.2000,3955.0000,3952.0000,3951.8000,3951.0000,3957.4000,3958.2000,3958.8000,3959.0000,3959.6000,1,1,1,1,1,1,1,1,1,1
SF,IF2009,2020-02-28 09:33:10.600,3956.2000,8758,0,305519280.000,0,-,-,-,-,3955.6000,3955.4000,3955.0000,3952.0000,3951.8000,3957.4000,3958.2000,3958.8000,3959.0000,3959.6000,1,1,1,1,1,1,1,1,1,1
SF,IF2009,2020-02-28 09:33:11.100,3955.8000,8757,-1,307893240.000,2,0,2,多平,S,3955.8000,3955.6000,3955.4000,3955.0000,3952.0000,3958.8000,3959.0000,3959.6000,3960.0000,3962.4000,4,1,1,1,1,1,1,1,2,1
SF,IF2009,2020-02-28 09:33:11.600,3955.8000,8757,0,307893240.000,0,-,-,-,-,3956.6000,3956.0000,3955.8000,3955.6000,3955.4000,3958.8000,3959.0000,3959.6000,3960.0000,3962.4000,2,3,3,1,1,1,1,1,2,1
SF,IF2009,2020-02-28 09:33:12.100,3955.8000,8757,0,310266720.000,2,1,1,多换,S,3956.8000,3956.6000,3956.0000,3955.8000,3955.6000,3959.0000,3960.0000,3962.4000,3964.4000,3965.0000,1,2,3,2,1,1,2,1,1,5
SF,IF2009,2020-02-28 09:33:12.600,3955.8000,8757,0,310266720.000,0,-,-,-,-,3957.0000,3956.8000,3956.6000,3956.0000,3955.8000,3959.0000,3960.0000,3962.4000,3964.4000,3965.0000,1,1,2,3,2,1,1,1,1,5
SF,IF2009,2020-02-28 09:33:13.100,3955.8000,8757,0,310266720.000,0,-,-,-,-,3957.2000,3957.0000,3956.6000,3956.0000,3955.8000,3959.0000,3960.0000,3962.4000,3964.4000,3965.0000,2,1,1,3,2,1,1,1,1,5
SF,IF2009,2020-02-28 09:33:13.600,3955.8000,8757,0,310266720.000,0,-,-,-,-,3958.2000,3957.2000,3957.0000,3956.6000,3956.0000,3959.0000,3960.0000,3962.4000,3964.4000,3965.0000,1,2,1,1,3,1,1,1,1,5
SF,IF2009,2020-02-28 09:33:14.100,3955.8000,8757,0,310266720.000,0,-,-,-,-,3958.4000,3958.2000,3957.2000,3957.0000,3956.6000,3959.0000,3960.0000,3962.4000,3964.4000,3965.0000,1,1,1,1,3,1,1,1,1,5
SF,IF2009,2020-02-28 09:33:14.600,3955.8000,8757,0,310266720.000,0,-,-,-,-,3958.2000,3957.2000,3957.0000,3956.6000,3956.2000,3959.0000,3960.0000,3962.4000,3964.4000,3965.0000,1,1,1,3,2,1,1,1,1,5
SF,IF2009,2020-02-28 09:33:15.100,3958.4000,8755,-2,312641760.000,2,0,2,双平,S,3958.4000,3958.2000,3957.2000,3957.0000,3956.6000,3959.0000,3960.0000,3962.4000,3964.4000,3965.0000,1,1,1,1,3,1,1,1,1,5
SF,IF2009,2020-02-28 09:33:15.600,3958.4000,8755,0,312641760.000,0,-,-,-,-,3958.6000,3958.2000,3957.2000,3957.0000,3956.6000,3959.0000,3962.4000,3964.4000,3965.0000,3969.0000,1,1,1,1,3,1,1,1,5,5
SF,IF2009,2020-02-28 09:33:16.100,3959.0000,8754,-1,313829460.000,1,0,1,双平,S,3958.8000,3958.2000,3957.2000,3957.0000,3956.6000,3962.4000,3964.4000,3965.0000,3969.0000,3976.0000,1,1,1,1,3,1,1,5,5,3
SF,IF2009,2020-02-28 09:33:16.600,3959.0000,8754,0,313829460.000,0,-,-,-,-,3959.0000,3958.8000,3958.2000,3957.0000,3956.6000,3962.2000,3962.4000,3964.4000,3965.0000,3969.0000,1,1,1,1,3,3,1,1,5,5
SF,IF2009,2020-02-28 09:33:17.100,3959.0000,8754,0,313829460.000,0,-,-,-,-,3959.0000,3958.8000,3958.2000,3957.0000,3956.6000,3961.0000,3961.8000,3962.2000,3962.4000,3964.4000,1,1,1,1,3,1,2,3,1,1
SF,IF2009,2020-02-28 09:33:17.600,3959.0000,8754,0,313829460.000,0,-,-,-,-,3959.2000,3958.8000,3958.2000,3957.0000,3956.6000,3960.8000,3961.0000,3962.2000,3962.4000,3964.4000,1,1,1,1,3,5,1,1,1,1
SF,IF2009,2020-02-28 09:33:18.100,3959.0000,8753,-1,315017160.000,1,0,1,双平,S,3958.8000,3958.2000,3957.0000,3956.6000,3955.8000,3960.0000,3960.6000,3960.8000,3961.0000,3962.2000,1,1,1,3,3,1,2,3,1,1
SF,IF2009,2020-02-28 09:33:18.600,3959.0000,8753,0,315017160.000,0,-,-,-,-,3958.8000,3958.2000,3957.0000,3956.6000,3955.8000,3960.0000,3960.8000,3961.0000,3962.2000,3962.4000,1,1,1,3,3,1,3,1,1,1
SF,IF2009,2020-02-28 09:33:19.100,3958.8000,8753,0,316204800.000,1,0,1,多换,S,3958.2000,3957.0000,3956.6000,3955.8000,3955.6000,3960.0000,3960.8000,3961.0000,3962.2000,3962.4000,1,1,3,2,1,1,4,1,1,1
SF,IF2009,2020-02-28 09:33:20.600,3958.8000,8753,0,316204800.000,0,-,-,-,-,3958.2000,3957.0000,3956.6000,3955.8000,3955.6000,3959.6000,3959.8000,3960.0000,3960.8000,3962.2000,1,1,3,2,1,1,3,1,3,1
SF,IF2009,2020-02-28 09:33:21.100,3958.8000,8753,0,316204800.000,0,-,-,-,-,3957.0000,3956.6000,3955.8000,3955.6000,3955.4000,3959.8000,3960.0000,3960.8000,3962.2000,3962.4000,1,3,2,1,1,2,1,3,1,1
SF,IF2009,2020-02-28 09:33:21.600,3958.8000,8753,0,316204800.000,0,-,-,-,-,3957.4000,3957.2000,3957.0000,3956.6000,3955.8000,3959.8000,3960.8000,3962.2000,3962.4000,3964.4000,1,2,1,3,2,1,3,1,1,1
SF,IF2009,2020-02-28 09:33:22.100,3958.8000,8753,0,316204800.000,0,-,-,-,-,3957.4000,3957.2000,3957.0000,3956.6000,3955.8000,3959.6000,3959.8000,3960.0000,3960.8000,3962.4000,1,2,1,3,2,3,1,1,3,1
SF,IF2009,2020-02-28 09:33:22.600,3958.8000,8753,0,316204800.000,0,-,-,-,-,3957.4000,3957.2000,3957.0000,3956.6000,3955.8000,3959.4000,3959.6000,3960.0000,3960.8000,3962.4000,1,2,1,3,2,1,3,1,3,1
SF,IF2009,2020-02-28 09:33:23.100,3958.8000,8753,0,316204800.000,0,-,-,-,-,3957.2000,3957.0000,3956.6000,3955.8000,3955.6000,3959.4000,3959.6000,3960.0000,3960.8000,3962.4000,2,1,3,2,1,1,2,1,3,1
SF,IF2009,2020-02-28 09:33:23.600,3958.8000,8753,0,316204800.000,0,-,-,-,-,3957.6000,3957.2000,3957.0000,3956.6000,3955.8000,3960.8000,3962.4000,3964.4000,3965.0000,3969.0000,1,2,1,3,2,3,1,1,5,5
SF,IF2009,2020-02-28 09:33:24.100,3958.8000,8753,0,316204800.000,0,-,-,-,-,3957.8000,3957.6000,3957.2000,3957.0000,3956.6000,3959.0000,3959.2000,3959.6000,3960.0000,3960.4000,1,1,1,1,3,1,1,1,2,1
SF,IF2009,2020-02-28 09:33:24.600,3958.8000,8753,0,316204800.000,0,-,-,-,-,3957.2000,3957.0000,3956.6000,3955.8000,3955.6000,3960.0000,3960.8000,3962.4000,3964.4000,3965.0000,1,1,3,2,1,1,3,1,1,5
SF,IF2009,2020-02-28 09:33:25.100,3958.8000,8753,0,316204800.000,0,-,-,-,-,3957.6000,3957.4000,3957.2000,3957.0000,3956.6000,3960.0000,3960.8000,3962.4000,3964.4000,3965.0000,1,2,1,1,3,1,2,1,1,5
SF,IF2009,2020-02-28 09:33:25.600,3959.8000,8754,1,317392740.000,1,1,0,双开,S,3957.8000,3957.6000,3957.4000,3957.0000,3956.6000,3960.0000,3960.8000,3962.4000,3964.4000,3965.0000,1,1,2,1,3,2,1,1,1,5
SF,IF2009,2020-02-28 09:33:26.100,3959.8000,8754,0,317392740.000,0,-,-,-,-,3957.8000,3957.6000,3957.4000,3957.0000,3956.6000,3960.8000,3962.4000,3964.4000,3965.0000,3969.0000,1,1,2,1,4,1,1,1,5,5
SF,IF2009,2020-02-28 09:33:26.600,3959.8000,8754,0,317392740.000,0,-,-,-,-,3958.0000,3957.8000,3957.6000,3957.4000,3957.0000,3960.8000,3962.4000,3964.4000,3965.0000,3969.0000,1,1,2,1,1,1,1,1,5,5
SF,IF2009,2020-02-28 09:33:27.100,3959.8000,8754,0,317392740.000,0,-,-,-,-,3958.2000,3958.0000,3957.6000,3957.4000,3957.0000,3960.8000,3962.4000,3964.4000,3965.0000,3969.0000,1,1,1,1,1,1,1,1,5,5
SF,IF2009,2020-02-28 09:33:27.600,3959.8000,8754,0,317392740.000,0,-,-,-,-,3959.0000,3958.2000,3958.0000,3957.6000,3957.4000,3960.8000,3962.4000,3964.4000,3965.0000,3969.0000,1,2,1,1,1,1,1,1,5,5
SF,IF2009,2020-02-28 09:33:28.100,3960.0000,8754,0,319768980.000,2,1,1,多换,S,3959.0000,3958.2000,3958.0000,3957.6000,3957.4000,3962.4000,3964.4000,3965.0000,3969.0000,3976.0000,1,1,1,1,1,1,1,5,5,3
SF,IF2009,2020-02-28 09:33:28.600,3960.0000,8754,0,319768980.000,0,-,-,-,-,3959.2000,3959.0000,3958.2000,3957.6000,3957.4000,3962.2000,3962.4000,3964.4000,3965.0000,3969.0000,1,1,1,1,1,1,1,1,5,5
SF,IF2009,2020-02-28 09:33:29.100,3960.0000,8754,0,319768980.000,0,-,-,-,-,3959.4000,3959.2000,3959.0000,3958.2000,3957.6000,3962.0000,3962.2000,3964.4000,3969.0000,3970.0000,1,2,1,1,1,1,1,1,5,5
SF,IF2009,2020-02-28 09:33:29.600,3960.0000,8754,0,319768980.000,0,-,-,-,-,3960.0000,3959.6000,3959.4000,3959.2000,3958.2000,3964.4000,3969.0000,3970.0000,3976.0000,3987.0000,1,2,1,2,1,1,5,5,3,1
SF,IF2009,2020-02-28 09:33:30.100,3960.0000,8754,0,319768980.000,0,-,-,-,-,3960.8000,3960.2000,3959.4000,3959.2000,3958.2000,3963.4000,3964.2000,3964.4000,3969.0000,3970.0000,1,1,1,1,1,1,1,3,5,5
SF,IF2009,2020-02-28 09:33:30.600,3960.0000,8754,0,319768980.000,0,-,-,-,-,3960.8000,3960.2000,3960.0000,3959.4000,3959.2000,3964.2000,3964.4000,3969.0000,3970.0000,3976.0000,1,1,1,1,1,1,3,5,5,3
SF,IF2009,2020-02-28 09:33:31.100,3960.0000,8754,0,319768980.000,0,-,-,-,-,3961.0000,3960.8000,3960.0000,3959.4000,3959.2000,3964.2000,3964.4000,3969.0000,3970.0000,3976.0000,1,1,1,1,1,1,2,5,5,3
SF,IF2009,2020-02-28 09:33:31.600,3960.0000,8754,0,319768980.000,0,-,-,-,-,3961.0000,3960.8000,3960.0000,3959.4000,3959.2000,3963.4000,3964.2000,3964.4000,3969.0000,3970.0000,1,1,1,1,1,1,1,2,5,5
SF,IF2009,2020-02-28 09:33:32.100,3960.0000,8754,0,319768980.000,0,-,-,-,-,3961.0000,3960.8000,3960.0000,3959.4000,3959.2000,3963.4000,3964.0000,3964.2000,3964.4000,3969.0000,1,1,1,1,1,1,1,1,3,5
SF,IF2009,2020-02-28 09:33:32.600,3960.0000,8754,0,319768980.000,0,-,-,-,-,3961.2000,3961.0000,3960.8000,3960.0000,3959.4000,3963.4000,3964.2000,3964.4000,3969.0000,3970.0000,1,1,1,1,1,1,1,2,5,5
SF,IF2009,2020-02-28 09:33:33.100,3963.4000,8755,1,320958000.000,1,1,0,双开,S,3961.0000,3960.0000,3959.4000,3959.2000,3958.2000,3964.2000,3964.4000,3969.0000,3970.0000,3976.0000,1,1,1,1,1,1,1,5,5,3
SF,IF2009,2020-02-28 09:33:33.600,3963.4000,8755,0,320958000.000,0,-,-,-,-,3962.0000,3961.0000,3960.0000,3959.4000,3959.2000,3964.0000,3964.2000,3964.4000,3969.0000,3970.0000,1,1,1,1,1,2,1,2,5,5
SF,IF2009,2020-02-28 09:33:34.100,3962.0000,8754,-1,322146600.000,1,0,1,双平,S,3960.0000,3959.2000,3958.2000,3957.6000,3957.0000,3963.8000,3964.0000,3964.4000,3969.0000,3970.0000,1,1,1,1,1,2,2,2,5,5
SF,IF2009,2020-02-28 09:33:34.600,3962.0000,8754,0,322146600.000,0,-,-,-,-,3960.8000,3960.2000,3960.0000,3959.2000,3958.2000,3963.6000,3964.0000,3964.4000,3969.0000,3970.0000,1,2,1,1,1,2,1,2,5,5
SF,IF2009,2020-02-28 09:33:35.100,3962.0000,8754,0,322146600.000,0,-,-,-,-,3960.8000,3960.0000,3959.2000,3958.2000,3957.6000,3963.4000,3963.6000,3964.4000,3969.0000,3970.0000,1,1,1,1,1,3,3,2,5,5
SF,IF2009,2020-02-28 09:33:35.600,3962.0000,8754,0,322146600.000,0,-,-,-,-,3960.8000,3960.0000,3959.2000,3958.2000,3957.6000,3963.2000,3963.4000,3963.6000,3964.4000,3969.0000,1,1,1,1,1,3,2,2,2,5
SF,IF2009,2020-02-28 09:33:36.100,3962.0000,8754,0,322146600.000,0,-,-,-,-,3960.8000,3960.0000,3959.2000,3958.2000,3957.6000,3963.0000,3963.2000,3963.4000,3963.6000,3964.4000,1,1,1,1,1,2,3,1,1,2
SF,IF2009,2020-02-28 09:33:36.600,3962.0000,8754,0,322146600.000,0,-,-,-,-,3960.0000,3959.2000,3958.2000,3957.6000,3957.0000,3962.8000,3963.0000,3963.4000,3963.6000,3964.4000,1,1,1,1,1,1,2,1,1,2
SF,IF2009,2020-02-28 09:33:37.100,3962.0000,8754,0,322146600.000,0,-,-,-,-,3959.2000,3958.2000,3957.6000,3957.0000,3956.6000,3962.6000,3962.8000,3963.4000,3964.4000,3969.0000,1,1,1,1,4,3,2,1,2,5
SF,IF2009,2020-02-28 09:33:37.600,3962.0000,8754,0,322146600.000,0,-,-,-,-,3961.0000,3959.2000,3958.2000,3957.6000,3957.0000,3962.4000,3962.6000,3963.4000,3964.4000,3969.0000,1,1,1,1,1,3,3,1,2,5
SF,IF2009,2020-02-28 09:33:38.100,3961.0000,8754,0,323334900.000,1,0,1,多换,S,3959.6000,3959.4000,3959.2000,3958.2000,3957.6000,3962.4000,3963.4000,3964.4000,3969.0000,3970.0000,1,2,1,1,1,1,1,2,5,5
SF,IF2009,2020-02-28 09:33:38.600,3961.0000,8754,0,323334900.000,0,-,-,-,-,3960.0000,3959.8000,3959.6000,3959.4000,3959.2000,3962.2000,3963.4000,3964.4000,3969.0000,3970.0000,2,2,1,2,1,1,1,2,5,5
SF,IF2009,2020-02-28 09:33:39.100,3961.0000,8754,0,323334900.000,0,-,-,-,-,3960.0000,3959.8000,3959.6000,3959.4000,3959.2000,3962.4000,3963.4000,3964.4000,3970.0000,3976.0000,1,2,1,2,1,1,1,2,5,3
SF,IF2009,2020-02-28 09:33:39.600,3961.0000,8754,0,323334900.000,0,-,-,-,-,3960.2000,3960.0000,3959.8000,3959.6000,3959.4000,3962.4000,3963.4000,3964.4000,3970.0000,3976.0000,3,2,1,1,2,1,1,2,5,3
SF,IF2009,2020-02-28 09:33:40.100,3961.0000,8754,0,323334900.000,0,-,-,-,-,3960.2000,3960.0000,3959.8000,3959.6000,3959.4000,3962.4000,3963.4000,3964.4000,3970.0000,3976.0000,3,1,1,1,2,1,1,2,5,3
SF,IF2009,2020-02-28 09:33:40.600,3961.0000,8754,0,323334900.000,0,-,-,-,-,3960.8000,3960.2000,3960.0000,3959.8000,3959.6000,3962.4000,3963.4000,3964.4000,3970.0000,3976.0000,1,3,1,1,1,1,1,2,5,3
SF,IF2009,2020-02-28 09:33:43.100,3961.0000,8754,0,323334900.000,0,-,-,-,-,3960.8000,3960.2000,3960.0000,3959.8000,3959.6000,3962.4000,3963.4000,3964.4000,3970.0000,3976.0000,1,2,1,1,1,1,1,2,5,3
SF,IF2009,2020-02-28 09:33:43.600,3961.0000,8754,0,323334900.000,0,-,-,-,-,3960.2000,3960.0000,3959.6000,3959.2000,3958.2000,3962.2000,3962.4000,3963.4000,3964.4000,3970.0000,1,1,1,1,1,2,1,1,2,5
SF,IF2009,2020-02-28 09:33:44.100,3961.0000,8754,0,323334900.000,0,-,-,-,-,3960.2000,3959.2000,3958.2000,3957.6000,3956.6000,3962.0000,3962.4000,3963.4000,3964.4000,3970.0000,1,1,1,1,4,2,1,1,2,5
SF,IF2009,2020-02-28 09:33:44.600,3961.0000,8754,0,323334900.000,0,-,-,-,-,3960.4000,3960.2000,3960.0000,3959.2000,3958.2000,3962.4000,3963.4000,3964.4000,3970.0000,3976.0000,2,1,1,1,1,1,1,2,5,3
SF,IF2009,2020-02-28 09:33:45.600,3961.0000,8754,0,323334900.000,0,-,-,-,-,3960.4000,3960.2000,3960.0000,3959.2000,3958.2000,3962.4000,3963.4000,3964.4000,3970.0000,3976.0000,1,1,1,1,1,1,1,2,5,3
SF,IF2009,2020-02-28 09:33:46.100,3961.0000,8754,0,323334900.000,0,-,-,-,-,3960.6000,3960.4000,3960.0000,3959.2000,3958.2000,3962.4000,3963.4000,3964.4000,3970.0000,3976.0000,1,1,1,1,1,1,1,2,5,3
SF,IF2009,2020-02-28 09:33:46.600,3961.0000,8754,0,323334900.000,0,-,-,-,-,3960.6000,3960.4000,3960.0000,3959.2000,3958.2000,3962.4000,3963.4000,3964.4000,3970.0000,3976.0000,1,1,1,1,1,2,1,2,5,3
SF,IF2009,2020-02-28 09:33:47.100,3961.0000,8754,0,323334900.000,0,-,-,-,-,3960.8000,3960.6000,3960.4000,3960.0000,3959.2000,3962.2000,3962.4000,3963.4000,3964.4000,3970.0000,1,1,1,1,1,1,2,1,2,5
SF,IF2009,2020-02-28 09:33:47.600,3961.0000,8754,0,323334900.000,0,-,-,-,-,3960.6000,3960.4000,3960.0000,3959.2000,3958.2000,3962.4000,3963.4000,3964.4000,3970.0000,3976.0000,1,1,1,1,1,2,1,2,5,3
SF,IF2009,2020-02-28 09:33:48.100,3961.0000,8754,0,323334900.000,0,-,-,-,-,3960.6000,3960.4000,3960.0000,3959.2000,3958.2000,3962.4000,3963.4000,3964.4000,3970.0000,3976.0000,1,1,1,1,1,2,1,2,5,3
SF,IF2009,2020-02-28 09:33:48.600,3961.0000,8754,0,323334900.000,0,-,-,-,-,3960.6000,3960.4000,3960.0000,3959.2000,3958.2000,3962.4000,3963.4000,3964.4000,3970.0000,3976.0000,1,1,1,1,1,2,1,2,5,3
SF,IF2009,2020-02-28 09:33:49.100,3961.0000,8754,0,323334900.000,0,-,-,-,-,3960.8000,3960.6000,3960.4000,3960.0000,3959.2000,3962.4000,3963.4000,3964.4000,3970.0000,3976.0000,2,1,1,1,1,2,1,2,5,3
SF,IF2009,2020-02-28 09:33:49.600,3961.0000,8754,0,323334900.000,0,-,-,-,-,3960.6000,3960.0000,3959.2000,3958.2000,3957.6000,3962.4000,3963.4000,3964.4000,3970.0000,3976.0000,1,2,1,1,1,2,1,2,5,3
SF,IF2009,2020-02-28 09:33:50.100,3961.0000,8754,0,323334900.000,0,-,-,-,-,3960.8000,3960.0000,3959.2000,3958.2000,3957.6000,3962.4000,3963.4000,3964.4000,3970.0000,3976.0000,1,2,1,1,1,2,1,2,5,3
SF,IF2009,2020-02-28 09:33:51.600,3961.0000,8754,0,323334900.000,0,-,-,-,-,3960.8000,3960.0000,3959.2000,3958.2000,3957.6000,3962.4000,3963.4000,3964.4000,3970.0000,3976.0000,2,2,1,1,1,2,1,2,5,3
SF,IF2009,2020-02-28 09:33:55.600,3961.0000,8754,0,323334900.000,0,-,-,-,-,3961.0000,3960.8000,3960.0000,3959.2000,3958.2000,3962.4000,3963.4000,3964.4000,3970.0000,3976.0000,1,2,2,1,1,2,1,2,5,3
SF,IF2009,2020-02-28 09:33:56.600,3962.4000,8754,0,325712340.000,2,1,1,多换,S,3961.2000,3961.0000,3960.8000,3960.0000,3959.2000,3963.4000,3964.4000,3970.0000,3976.0000,3979.8000,1,1,2,2,1,1,1,5,3,1
SF,IF2009,2020-02-28 09:33:57.100,3962.4000,8754,0,325712340.000,0,-,-,-,-,3961.4000,3961.2000,3961.0000,3960.8000,3960.0000,3963.4000,3964.4000,3970.0000,3976.0000,3979.8000,1,1,1,1,2,1,1,5,3,1
SF,IF2009,2020-02-28 09:33:57.600,3962.4000,8754,0,325712340.000,0,-,-,-,-,3961.6000,3961.4000,3961.2000,3961.0000,3960.8000,3963.4000,3964.4000,3970.0000,3976.0000,3979.8000,1,1,1,1,1,1,1,5,3,1
SF,IF2009,2020-02-28 09:33:58.100,3962.4000,8754,0,325712340.000,0,-,-,-,-,3961.6000,3961.4000,3961.2000,3961.0000,3960.8000,3963.4000,3964.4000,3970.0000,3976.0000,3979.8000,1,1,1,2,1,1,1,5,3,1
SF,IF2009,2020-02-28 09:33:58.600,3962.4000,8754,0,325712340.000,0,-,-,-,-,3961.6000,3961.4000,3961.0000,3960.8000,3960.0000,3963.4000,3964.4000,3970.0000,3976.0000,3979.8000,1,1,2,1,2,1,1,5,3,1
SF,IF2009,2020-02-28 09:33:59.100,3962.4000,8754,0,325712340.000,0,-,-,-,-,3961.8000,3961.6000,3961.0000,3960.8000,3960.0000,3963.4000,3964.4000,3970.0000,3976.0000,3979.8000,1,1,2,1,2,1,1,5,3,1
SF,IF2009,2020-02-28 09:34:00.100,3962.4000,8754,0,325712340.000,0,-,-,-,-,3961.8000,3961.6000,3961.0000,3960.8000,3960.0000,3963.4000,3964.4000,3970.0000,3976.0000,3979.8000,1,1,2,1,2,2,1,5,3,1
SF,IF2009,2020-02-28 09:34:00.600,3962.4000,8754,0,325712340.000,0,-,-,-,-,3961.6000,3961.0000,3960.8000,3960.0000,3959.2000,3963.2000,3963.4000,3964.4000,3970.0000,3976.0000,1,2,1,2,1,2,2,1,5,3
SF,IF2009,2020-02-28 09:34:01.100,3962.4000,8754,0,325712340.000,0,-,-,-,-,3961.6000,3961.0000,3960.8000,3960.0000,3959.2000,3963.4000,3964.4000,3970.0000,3976.0000,3979.8000,1,2,1,2,1,2,1,5,3,1
SF,IF2009,2020-02-28 09:34:01.600,3962.4000,8754,0,325712340.000,0,-,-,-,-,3961.6000,3961.0000,3960.8000,3960.0000,3959.2000,3963.0000,3963.4000,3964.4000,3970.0000,3976.0000,1,2,1,2,1,2,2,1,5,3
SF,IF2009,2020-02-28 09:34:02.100,3961.6000,8754,0,326900820.000,1,0,1,多换,S,3961.0000,3960.8000,3960.0000,3959.2000,3957.6000,3963.0000,3963.4000,3964.4000,3970.0000,3976.0000,2,1,2,1,1,2,2,1,5,3
SF,IF2009,2020-02-28 09:34:02.600,3961.6000,8754,0,326900820.000,0,-,-,-,-,3961.0000,3960.8000,3960.0000,3959.2000,3957.6000,3962.8000,3963.4000,3964.4000,3970.0000,3976.0000,2,1,2,1,1,3,2,1,5,3
SF,IF2009,2020-02-28 09:34:03.100,3960.8000,8756,2,330465660.000,3,2,1,空开,S,3961.8000,3960.0000,3959.2000,3957.6000,3956.6000,3962.4000,3962.6000,3962.8000,3963.4000,3964.4000,1,2,1,1,4,1,2,1,2,1
SF,IF2009,2020-02-28 09:34:03.600,3961.8000,8756,0,331654200.000,1,0,1,多换,S,3962.0000,3960.0000,3959.2000,3957.6000,3956.6000,3962.4000,3963.4000,3964.4000,3970.0000,3976.0000,1,1,1,1,4,1,2,1,5,3
SF,IF2009,2020-02-28 09:34:04.100,3962.0000,8756,0,332842800.000,1,0,1,多换,S,3960.0000,3959.2000,3957.6000,3956.6000,3955.0000,3961.8000,3962.4000,3963.4000,3964.4000,3970.0000,1,1,1,4,2,1,1,2,1,5
SF,IF2009,2020-02-28 09:34:04.600,3962.0000,8756,0,332842800.000,0,-,-,-,-,3960.0000,3959.2000,3957.6000,3956.6000,3955.0000,3961.8000,3962.4000,3963.4000,3964.4000,3970.0000,1,1,1,4,2,1,1,2,1,5
SF,IF2009,2020-02-28 09:34:05.100,3962.0000,8756,0,332842800.000,0,-,-,-,-,3960.0000,3959.2000,3957.6000,3956.6000,3955.0000,3961.6000,3962.4000,3963.4000,3964.4000,3970.0000,1,1,1,4,2,1,1,2,1,5
SF,IF2009,2020-02-28 09:34:05.600,3960.0000,8756,0,334030800.000,1,0,1,多换,S,3957.6000,3956.6000,3955.0000,3952.0000,3951.8000,3961.6000,3962.4000,3963.4000,3964.4000,3970.0000,1,4,2,1,1,4,1,2,1,5
SF,IF2009,2020-02-28 09:34:06.100,3961.4000,8755,-1,335219220.000,1,0,1,双平,S,3957.8000,3957.6000,3956.6000,3955.0000,3952.0000,3961.4000,3961.6000,3963.4000,3964.4000,3970.0000,4,1,4,2,1,1,2,2,1,5
SF,IF2009,2020-02-28 09:34:06.600,3961.4000,8755,0,335219220.000,0,-,-,-,-,3957.8000,3957.6000,3956.6000,3955.0000,3952.0000,3960.8000,3961.6000,3963.4000,3964.4000,3970.0000,4,1,4,2,1,1,2,2,1,5
SF,IF2009,2020-02-28 09:34:07.100,3961.4000,8755,0,335219220.000,0,-,-,-,-,3957.8000,3957.6000,3956.6000,3955.0000,3952.0000,3960.8000,3961.6000,3963.4000,3964.4000,3970.0000,4,1,4,2,1,1,2,2,1,5
SF,IF2009,2020-02-28 09:34:07.600,3961.4000,8755,0,335219220.000,0,-,-,-,-,3957.6000,3956.6000,3955.0000,3952.0000,3951.8000,3960.6000,3960.8000,3961.6000,3963.4000,3964.4000,1,4,2,1,1,1,1,1,2,1
SF,IF2009,2020-02-28 09:34:08.100,3961.4000,8755,0,335219220.000,0,-,-,-,-,3956.6000,3955.0000,3952.0000,3951.8000,3951.0000,3960.0000,3960.6000,3960.8000,3963.4000,3964.4000,4,2,1,1,1,1,2,1,2,1
SF,IF2009,2020-02-28 09:34:08.600,3961.4000,8755,0,335219220.000,0,-,-,-,-,3956.6000,3955.0000,3952.0000,3951.8000,3951.0000,3959.8000,3960.0000,3960.2000,3960.4000,3960.6000,4,2,1,1,1,1,1,1,1,1
SF,IF2009,2020-02-28 09:34:09.100,3961.4000,8755,0,335219220.000,0,-,-,-,-,3956.6000,3955.0000,3952.0000,3951.8000,3951.0000,3959.0000,3959.8000,3960.0000,3960.4000,3963.4000,4,2,1,1,1,1,2,2,1,2
SF,IF2009,2020-02-28 09:34:09.600,3961.4000,8755,0,335219220.000,0,-,-,-,-,3956.6000,3955.0000,3952.0000,3951.8000,3951.0000,3959.0000,3959.4000,3959.6000,3959.8000,3960.0000,4,2,1,1,1,1,1,3,2,2
SF,IF2009,2020-02-28 09:34:10.100,3961.4000,8755,0,335219220.000,0,-,-,-,-,3956.6000,3955.0000,3952.0000,3951.8000,3951.0000,3958.8000,3959.0000,3959.6000,3959.8000,3960.0000,4,2,1,1,1,1,1,2,1,2
SF,IF2009,2020-02-28 09:34:10.600,3961.4000,8755,0,335219220.000,0,-,-,-,-,3956.8000,3956.6000,3955.0000,3952.0000,3951.8000,3958.8000,3959.0000,3959.6000,3959.8000,3960.0000,1,4,2,1,1,2,1,2,1,2
SF,IF2009,2020-02-28 09:34:11.100,3957.0000,8755,0,336406320.000,1,0,1,多换,S,3956.8000,3956.6000,3955.0000,3952.0000,3951.8000,3958.8000,3959.6000,3959.8000,3960.0000,3963.4000,1,4,2,1,1,1,2,1,2,2
SF,IF2009,2020-02-28 09:34:11.600,3957.0000,8755,0,336406320.000,0,-,-,-,-,3957.0000,3956.6000,3955.0000,3952.0000,3951.8000,3958.6000,3959.8000,3960.0000,3963.4000,3964.4000,2,4,2,1,1,1,1,1,2,1
SF,IF2009,2020-02-28 09:34:12.100,3958.6000,8754,-1,337593900.000,1,0,1,双平,S,3957.2000,3957.0000,3956.6000,3955.0000,3952.0000,3960.0000,3963.4000,3964.4000,3970.0000,3976.0000,1,1,4,2,1,1,2,1,5,3
SF,IF2009,2020-02-28 09:34:12.600,3958.6000,8754,0,337593900.000,0,-,-,-,-,3957.4000,3957.0000,3956.6000,3955.0000,3952.0000,3960.0000,3963.4000,3964.4000,3970.0000,3976.0000,3,1,4,2,1,1,2,1,5,3
SF,IF2009,2020-02-28 09:34:13.100,3958.6000,8754,0,337593900.000,0,-,-,-,-,3957.8000,3957.6000,3957.4000,3956.6000,3955.0000,3960.0000,3963.4000,3964.4000,3970.0000,3976.0000,1,1,3,4,2,1,2,1,5,3
SF,IF2009,2020-02-28 09:34:13.600,3958.6000,8754,0,337593900.000,0,-,-,-,-,3957.6000,3957.4000,3956.6000,3955.0000,3952.0000,3960.0000,3963.4000,3964.4000,3970.0000,3976.0000,1,3,4,2,1,1,2,1,5,3
SF,IF2009,2020-02-28 09:34:14.100,3958.6000,8754,0,337593900.000,0,-,-,-,-,3957.8000,3957.6000,3957.4000,3956.6000,3955.0000,3960.0000,3963.4000,3964.4000,3970.0000,3976.0000,3,2,2,4,2,1,2,1,5,3
SF,IF2009,2020-02-28 09:34:14.600,3960.0000,8753,-1,338781900.000,1,0,1,双平,S,3958.2000,3958.0000,3957.8000,3957.6000,3957.4000,3963.4000,3964.4000,3970.0000,3976.0000,3979.8000,1,1,2,1,2,2,1,5,3,1
SF,IF2009,2020-02-28 09:34:15.100,3960.0000,8753,0,338781900.000,0,-,-,-,-,3958.4000,3957.8000,3956.6000,3955.0000,3952.0000,3961.8000,3962.4000,3963.0000,3963.2000,3963.4000,1,1,4,2,1,1,1,2,3,3
SF,IF2009,2020-02-28 09:34:15.600,3960.0000,8753,0,338781900.000,0,-,-,-,-,3960.0000,3958.4000,3957.8000,3956.6000,3955.0000,3961.6000,3962.4000,3963.2000,3963.4000,3964.4000,1,1,1,4,2,1,1,2,3,1
SF,IF2009,2020-02-28 09:34:16.100,3960.0000,8753,0,338781900.000,0,-,-,-,-,3960.0000,3958.6000,3958.4000,3958.0000,3957.8000,3961.4000,3962.4000,3963.2000,3963.4000,3964.4000,1,2,1,1,1,1,1,1,3,1
SF,IF2009,2020-02-28 09:34:16.600,3960.0000,8753,0,338781900.000,0,-,-,-,-,3960.2000,3960.0000,3958.6000,3958.4000,3958.0000,3963.2000,3963.4000,3964.4000,3970.0000,3976.0000,1,1,2,1,1,1,3,1,5,3
SF,IF2009,2020-02-28 09:34:17.100,3960.0000,8753,0,338781900.000,0,-,-,-,-,3960.4000,3960.0000,3958.6000,3958.0000,3957.8000,3962.4000,3963.0000,3963.2000,3963.4000,3964.4000,2,1,2,1,1,1,1,1,3,1
SF,IF2009,2020-02-28 09:34:17.600,3960.0000,8753,0,338781900.000,0,-,-,-,-,3960.6000,3960.4000,3960.0000,3958.6000,3958.0000,3961.4000,3962.2000,3963.2000,3963.4000,3964.4000,1,1,1,2,1,1,1,1,3,1
SF,IF2009,2020-02-28 09:34:18.100,3961.4000,8753,0,339970320.000,1,0,1,多换,S,3960.6000,3960.4000,3960.0000,3958.6000,3958.0000,3963.2000,3963.4000,3964.4000,3970.0000,3976.0000,1,1,1,2,1,1,2,1,5,3
SF,IF2009,2020-02-28 09:34:18.600,3961.4000,8753,0,339970320.000,0,-,-,-,-,3960.6000,3960.4000,3960.0000,3958.6000,3958.0000,3963.0000,3963.2000,3963.4000,3964.4000,3970.0000,1,1,1,2,1,1,1,2,1,5
SF,IF2009,2020-02-28 09:34:19.100,3961.4000,8753,0,339970320.000,0,-,-,-,-,3960.8000,3960.4000,3960.0000,3958.6000,3958.0000,3963.0000,3963.2000,3963.4000,3964.4000,3970.0000,1,1,1,2,1,1,1,2,1,5
SF,IF2009,2020-02-28 09:34:20.100,3961.4000,8753,0,339970320.000,0,-,-,-,-,3960.8000,3960.4000,3960.0000,3958.6000,3958.0000,3963.0000,3963.4000,3964.4000,3970.0000,3976.0000,1,1,1,2,1,1,2,1,5,3
SF,IF2009,2020-02-28 09:34:20.600,3961.4000,8753,0,339970320.000,0,-,-,-,-,3960.4000,3960.0000,3958.6000,3958.0000,3956.6000,3963.4000,3964.4000,3970.0000,3976.0000,3979.8000,1,1,1,1,4,2,1,5,3,1
SF,IF2009,2020-02-28 09:34:21.100,3961.4000,8753,0,339970320.000,0,-,-,-,-,3961.2000,3960.8000,3960.6000,3960.4000,3960.0000,3963.2000,3963.4000,3964.4000,3970.0000,3976.0000,1,1,1,1,1,1,2,1,5,3
SF,IF2009,2020-02-28 09:34:21.600,3961.4000,8753,0,339970320.000,0,-,-,-,-,3960.8000,3960.6000,3960.4000,3960.0000,3958.6000,3963.0000,3963.2000,3963.4000,3964.4000,3970.0000,1,1,1,1,1,1,1,3,1,5
SF,IF2009,2020-02-28 09:34:22.100,3961.4000,8753,0,339970320.000,0,-,-,-,-,3960.8000,3960.0000,3958.6000,3958.0000,3956.6000,3962.8000,3963.0000,3963.2000,3963.4000,3964.4000,1,1,1,1,4,1,1,1,3,1
SF,IF2009,2020-02-28 09:34:22.600,3961.4000,8753,0,339970320.000,0,-,-,-,-,3960.0000,3958.6000,3958.0000,3956.6000,3955.0000,3962.6000,3962.8000,3963.4000,3964.4000,3970.0000,1,1,1,4,2,1,2,3,1,5
SF,IF2009,2020-02-28 09:34:23.100,3961.4000,8753,0,339970320.000,0,-,-,-,-,3960.2000,3960.0000,3958.6000,3958.0000,3956.6000,3962.4000,3963.4000,3964.4000,3970.0000,3976.0000,2,1,1,1,4,1,3,1,5,3
SF,IF2009,2020-02-28 09:34:26.100,3961.4000,8753,0,339970320.000,0,-,-,-,-,3960.6000,3960.2000,3960.0000,3958.6000,3958.0000,3962.4000,3963.4000,3964.4000,3970.0000,3976.0000,1,2,2,1,1,1,3,1,5,3
SF,IF2009,2020-02-28 09:34:26.600,3962.4000,8752,-1,341159040.000,1,0,1,双平,S,3962.4000,3960.8000,3960.4000,3960.2000,3960.0000,3963.4000,3964.4000,3970.0000,3976.0000,3979.8000,1,2,1,2,2,3,1,5,3,1
SF,IF2009,2020-02-28 09:34:27.100,3962.4000,8751,-1,343536540.000,2,0,2,多平,S,3960.8000,3960.4000,3960.2000,3960.0000,3958.6000,3962.6000,3963.4000,3964.4000,3970.0000,3976.0000,1,1,2,2,1,1,3,1,5,3
SF,IF2009,2020-02-28 09:34:27.600,3962.4000,8751,0,343536540.000,0,-,-,-,-,3962.4000,3961.0000,3960.8000,3960.4000,3960.2000,3963.4000,3964.4000,3970.0000,3976.0000,3979.8000,1,1,1,1,1,3,1,5,3,1
SF,IF2009,2020-02-28 09:34:28.100,3962.4000,8751,0,344725260.000,1,0,1,多换,S,3960.8000,3960.4000,3960.2000,3960.0000,3958.6000,3962.2000,3963.4000,3964.4000,3970.0000,3976.0000,1,1,1,2,1,1,3,1,5,3
SF,IF2009,2020-02-28 09:34:28.600,3962.4000,8751,0,344725260.000,0,-,-,-,-,3961.0000,3960.4000,3960.0000,3958.6000,3958.0000,3963.4000,3964.4000,3970.0000,3976.0000,3979.8000,2,1,2,1,1,3,1,5,3,1
SF,IF2009,2020-02-28 09:34:29.100,3962.4000,8751,0,344725260.000,0,-,-,-,-,3961.0000,3960.4000,3960.0000,3958.6000,3958.0000,3962.8000,3963.4000,3964.4000,3970.0000,3976.0000,3,1,2,1,1,1,3,1,5,3
SF,IF2009,2020-02-28 09:34:29.600,3962.4000,8751,0,344725260.000,0,-,-,-,-,3961.2000,3961.0000,3960.4000,3960.0000,3958.6000,3962.6000,3963.4000,3964.4000,3970.0000,3976.0000,2,2,1,2,1,1,3,1,5,3
SF,IF2009,2020-02-28 09:34:30.100,3962.6000,8750,-1,345914040.000,1,0,1,双平,S,3961.4000,3961.2000,3960.4000,3960.0000,3958.6000,3963.4000,3964.4000,3970.0000,3976.0000,3979.8000,1,2,1,2,1,3,1,5,3,1
SF,IF2009,2020-02-28 09:34:30.600,3962.6000,8750,0,345914040.000,0,-,-,-,-,3961.8000,3961.6000,3961.4000,3961.2000,3960.4000,3963.4000,3964.4000,3970.0000,3976.0000,3979.8000,1,2,1,1,1,3,1,5,3,1
SF,IF2009,2020-02-28 09:34:31.100,3962.6000,8750,0,345914040.000,0,-,-,-,-,3962.0000,3961.8000,3961.6000,3961.2000,3960.4000,3963.4000,3964.4000,3970.0000,3976.0000,3979.8000,2,1,1,1,1,3,1,5,3,1
SF,IF2009,2020-02-28 09:34:31.600,3963.4000,8752,2,349481100.000,3,2,1,空开,S,3962.2000,3962.0000,3961.6000,3961.2000,3960.4000,3964.4000,3970.0000,3976.0000,3979.8000,3987.0000,1,2,1,1,1,1,5,3,1,1
SF,IF2009,2020-02-28 09:34:32.100,3964.4000,8753,1,350670420.000,1,1,0,双开,S,3962.6000,3962.4000,3962.2000,3962.0000,3961.6000,3970.0000,3976.0000,3979.8000,3987.0000,3988.4000,1,1,1,1,1,5,3,1,1,1
SF,IF2009,2020-02-28 09:34:32.600,3964.4000,8753,0,350670420.000,0,-,-,-,-,3962.8000,3962.6000,3962.4000,3962.0000,3961.6000,3967.0000,3967.2000,3967.8000,3968.8000,3969.6000,5,1,1,1,1,1,1,1,1,2
SF,IF2009,2020-02-28 09:34:33.100,3964.4000,8753,0,350670420.000,0,-,-,-,-,3963.4000,3962.8000,3962.4000,3962.0000,3961.6000,3966.8000,3967.8000,3968.8000,3969.6000,3969.8000,1,5,1,1,1,1,1,1,2,1
SF,IF2009,2020-02-28 09:34:33.600,3964.4000,8753,0,350670420.000,0,-,-,-,-,3964.4000,3963.8000,3963.6000,3963.4000,3962.8000,3966.8000,3967.8000,3968.8000,3969.8000,3970.0000,2,1,3,1,3,1,1,1,1,5
SF,IF2009,2020-02-28 09:34:34.100,3964.4000,8753,0,350670420.000,0,-,-,-,-,3963.8000,3963.6000,3963.4000,3962.8000,3962.4000,3966.6000,3966.8000,3967.8000,3968.8000,3969.8000,1,4,1,1,1,1,1,1,1,1
SF,IF2009,2020-02-28 09:34:34.600,3964.4000,8753,0,350670420.000,0,-,-,-,-,3964.6000,3964.4000,3964.0000,3963.8000,3963.6000,3967.8000,3968.8000,3969.8000,3970.2000,3975.0000,1,2,3,1,2,1,1,1,1,5
SF,IF2009,2020-02-28 09:34:35.100,3964.4000,8753,0,350670420.000,0,-,-,-,-,3964.8000,3964.4000,3964.0000,3963.8000,3963.6000,3967.4000,3967.6000,3967.8000,3968.8000,3969.8000,1,2,3,1,2,1,1,1,1,1
